{"id":"gen9nationaldexubers-1989863214","p1":"kokontaka","p2":"fros45","format":"[Gen 9] National Dex Ubers","log":"|j|\u2606kokontaka\n|j|\u2606fros45\n|t:|1699902016\n|gametype|singles\n|player|p1|kokontaka|hop|\n|player|p2|fros45|cyclistf-gen4|\n|teamsize|p1|6\n|teamsize|p2|6\n|gen|9\n|tier|[Gen 9] National Dex Ubers\n|rule|HP Percentage Mod: HP is shown in percentages\n|rule|Endless Battle Clause: Forcing endless battles is banned\n|rule|OHKO Clause: OHKO moves are banned\n|rule|Evasion Moves Clause: Evasion moves are banned\n|rule|Evasion Items Clause: Evasion items are banned\n|rule|Species Clause: Limit one of each Pok\u00e9mon\n|rule|Sleep Clause Mod: Limit one foe put to sleep\n|rule|Mega Rayquaza Clause: You cannot mega evolve Rayquaza\n|clearpoke\n|poke|p1|Torkoal, M|\n|poke|p1|Typhlosion-Hisui, M|\n|poke|p1|Lopunny, M|\n|poke|p1|Sneasler, F|\n|poke|p1|Skeledirge, M|\n|poke|p1|Baxcalibur, M|\n|poke|p2|Great Tusk|\n|poke|p2|Dracozolt|\n|poke|p2|Tyranitar, M|\n|poke|p2|Toxtricity, F|\n|poke|p2|Celesteela|\n|poke|p2|Tapu Fini|\n|teampreview\n|inactive|Battle timer is ON: inactive players will automatically lose when time's up. (requested by fros45)\n|j| Sleens\n|inactiveoff|Battle timer is now OFF.\n|\n|t:|1699902034\n|start\n|switch|p1a: Oyunda G\u00fc\u00e7|Baxcalibur, M|100\/100\n|switch|p2a: Tapu Fini|Tapu Fini|100\/100\n|turn|1\n|c|\u2606kokontaka|Ne?\n|c|\u2606kokontaka|Pardon?\n|c|\u2606fros45|ne oldu\n|c|\u2606kokontaka|Misty terrain yok\n|c|\u2606fros45|evet\n|c|\u2606kokontaka|Niye telepahty ald\u0131n\n|c|\u2606fros45|bilmem\n|c|\u2606fros45|i\u015fe yaram\u0131yo mu\n|c|\u2606fros45|!data telephaty\nNo Pok\u00e9mon, item, move, ability or nature named 'telephaty' was found. Showing the data of 'Telepathy' instead.\n|raw|<ul class=\"utilichart\"><li class=\"result\"><span class=\"col namecol\"><a href=\"https:\/\/dex.pokemonshowdown.com\/abilities\/telepathy\">Telepathy<\/a><\/span> <span class=\"col abilitydesccol\">This Pokemon does not take damage from attacks made by its allies.<\/span> <\/li><li style=\"clear:both\"><\/li><\/ul>\n\n|\n|t:|1699902134\n|-terastallize|p1a: Oyunda G\u00fc\u00e7|Poison\n|move|p1a: Oyunda G\u00fc\u00e7|Dragon Dance|p1a: Oyunda G\u00fc\u00e7\n|-boost|p1a: Oyunda G\u00fc\u00e7|atk|1\n|-boost|p1a: Oyunda G\u00fc\u00e7|spe|1\n|move|p2a: Tapu Fini|Moonblast|p1a: Oyunda G\u00fc\u00e7\n|-resisted|p1a: Oyunda G\u00fc\u00e7\n|-damage|p1a: Oyunda G\u00fc\u00e7|76\/100\n|\n|upkeep\n|turn|2\n|\n|t:|1699902146\n|switch|p2a: Celesteela|Celesteela|100\/100\n|move|p1a: Oyunda G\u00fc\u00e7|Dragon Dance|p1a: Oyunda G\u00fc\u00e7\n|-boost|p1a: Oyunda G\u00fc\u00e7|atk|1\n|-boost|p1a: Oyunda G\u00fc\u00e7|spe|1\n|\n|upkeep\n|turn|3\n|\n|t:|1699902155\n|move|p1a: Oyunda G\u00fc\u00e7|Icicle Spear|p2a: Celesteela\n|-damage|p2a: Celesteela|82\/100\n|-damage|p2a: Celesteela|63\/100\n|-damage|p2a: Celesteela|47\/100\n|-damage|p2a: Celesteela|29\/100\n|-hitcount|p2a: Celesteela|4\n|move|p2a: Celesteela|Leech Seed|p1a: Oyunda G\u00fc\u00e7|[miss]\n|-miss|p2a: Celesteela|p1a: Oyunda G\u00fc\u00e7\n|\n|-heal|p2a: Celesteela|35\/100|[from] item: Leftovers\n|upkeep\n|turn|4\n|\n|t:|1699902164\n|move|p1a: Oyunda G\u00fc\u00e7|Icicle Spear|p2a: Celesteela\n|-damage|p2a: Celesteela|19\/100\n|-damage|p2a: Celesteela|1\/100\n|-damage|p2a: Celesteela|0 fnt\n|faint|p2a: Celesteela\n|-hitcount|p2: Celesteela|3\n|\n|upkeep\n|\n|t:|1699902169\n|switch|p2a: Great Tusk|Great Tusk|100\/100\n|turn|5\n|\n|t:|1699902194\n|-terastallize|p2a: Great Tusk|Steel\n|move|p1a: Oyunda G\u00fc\u00e7|Icicle Spear|p2a: Great Tusk\n|-resisted|p2a: Great Tusk\n|-damage|p2a: Great Tusk|94\/100\n|-resisted|p2a: Great Tusk\n|-damage|p2a: Great Tusk|86\/100\n|-resisted|p2a: Great Tusk\n|-damage|p2a: Great Tusk|80\/100\n|-resisted|p2a: Great Tusk\n|-damage|p2a: Great Tusk|73\/100\n|-hitcount|p2a: Great Tusk|4\n|move|p2a: Great Tusk|Earthquake|p1a: Oyunda G\u00fc\u00e7\n|-supereffective|p1a: Oyunda G\u00fc\u00e7\n|-damage|p1a: Oyunda G\u00fc\u00e7|0 fnt\n|faint|p1a: Oyunda G\u00fc\u00e7\n|\n|upkeep\n|\n|t:|1699902228\n|switch|p1a: High on eruptions|Typhlosion-Hisui, M|100\/100\n|turn|6\n|\n|t:|1699902234\n|-end|p2a: Great Tusk|Protosynthesis|[silent]\n|switch|p2a: Tapu Fini|Tapu Fini|100\/100\n|move|p1a: High on eruptions|Focus Blast|p2a: Tapu Fini\n|-resisted|p2a: Tapu Fini\n|-damage|p2a: Tapu Fini|86\/100\n|\n|upkeep\n|turn|7\n|\n|t:|1699902250\n|switch|p1a: Fuegatora|Skeledirge, M|100\/100\n|move|p2a: Tapu Fini|Scald|p1a: Fuegatora\n|-supereffective|p1a: Fuegatora\n|-damage|p1a: Fuegatora|50\/100\n|\n|-heal|p1a: Fuegatora|57\/100|[from] item: Leftovers\n|upkeep\n|turn|8\n|\n|t:|1699902260\n|move|p2a: Tapu Fini|Scald|p1a: Fuegatora\n|-supereffective|p1a: Fuegatora\n|-damage|p1a: Fuegatora|1\/100\n|move|p1a: Fuegatora|Yawn|p2a: Tapu Fini\n|-start|p2a: Tapu Fini|move: Yawn|[of] p1a: Fuegatora\n|\n|-heal|p1a: Fuegatora|7\/100|[from] item: Leftovers\n|upkeep\n|turn|9\n|\n|t:|1699902270\n|switch|p2a: Tyranitar|Tyranitar, M|100\/100\n|-weather|Sandstorm|[from] ability: Sand Stream|[of] p2a: Tyranitar\n|move|p1a: Fuegatora|Slack Off|p1a: Fuegatora\n|-heal|p1a: Fuegatora|57\/100\n|\n|-weather|Sandstorm|[upkeep]\n|-damage|p1a: Fuegatora|51\/100|[from] Sandstorm\n|-heal|p1a: Fuegatora|57\/100|[from] item: Leftovers\n|upkeep\n|turn|10\n|\n|t:|1699902279\n|move|p1a: Fuegatora|Yawn|p2a: Tyranitar\n|-start|p2a: Tyranitar|move: Yawn|[of] p1a: Fuegatora\n|move|p2a: Tyranitar|Stone Edge|p1a: Fuegatora\n|-supereffective|p1a: Fuegatora\n|-damage|p1a: Fuegatora|0 fnt\n|faint|p1a: Fuegatora\n|\n|-weather|Sandstorm|[upkeep]\n|upkeep\n|\n|t:|1699902289\n|switch|p1a: Smoker|Torkoal, M|100\/100\n|-weather|SunnyDay|[from] ability: Drought|[of] p1a: Smoker\n|turn|11\n|\n|t:|1699902297\n|switch|p2a: Tapu Fini|Tapu Fini|86\/100\n|move|p1a: Smoker|Stealth Rock|p2a: Tapu Fini\n|-sidestart|p2: fros45|move: Stealth Rock\n|\n|-weather|SunnyDay|[upkeep]\n|upkeep\n|turn|12\n|\n|t:|1699902304\n|move|p2a: Tapu Fini|Scald|p1a: Smoker\n|-supereffective|p1a: Smoker\n|-damage|p1a: Smoker|51\/100\n|move|p1a: Smoker|Yawn|p2a: Tapu Fini\n|-start|p2a: Tapu Fini|move: Yawn|[of] p1a: Smoker\n|\n|-weather|SunnyDay|[upkeep]\n|upkeep\n|turn|13\n|\n|t:|1699902313\n|switch|p2a: Tyranitar|Tyranitar, M|100\/100\n|-damage|p2a: Tyranitar|88\/100|[from] Stealth Rock\n|-weather|Sandstorm|[from] ability: Sand Stream|[of] p2a: Tyranitar\n|switch|p1a: ULTIMATE GIGA CHAD|Lopunny, M|100\/100\n|\n|-weather|Sandstorm|[upkeep]\n|-damage|p1a: ULTIMATE GIGA CHAD|94\/100|[from] Sandstorm\n|upkeep\n|turn|14\n|\n|t:|1699902322\n|switch|p2a: Tapu Fini|Tapu Fini|86\/100\n|-damage|p2a: Tapu Fini|74\/100|[from] Stealth Rock\n|detailschange|p1a: ULTIMATE GIGA CHAD|Lopunny-Mega, M\n|-mega|p1a: ULTIMATE GIGA CHAD|Lopunny|Lopunnite\n|move|p1a: ULTIMATE GIGA CHAD|Fake Out|p2a: Tapu Fini\n|-damage|p2a: Tapu Fini|55\/100\n|\n|-weather|Sandstorm|[upkeep]\n|-damage|p1a: ULTIMATE GIGA CHAD|88\/100|[from] Sandstorm\n|-damage|p2a: Tapu Fini|48\/100|[from] Sandstorm\n|upkeep\n|turn|15\n|\n|t:|1699902337\n|move|p1a: ULTIMATE GIGA CHAD|U-turn|p2a: Tapu Fini\n|-resisted|p2a: Tapu Fini\n|-damage|p2a: Tapu Fini|37\/100\n|\n|t:|1699902340\n|switch|p1a: Smoker|Torkoal, M|51\/100|[from] U-turn\n|-weather|SunnyDay|[from] ability: Drought|[of] p1a: Smoker\n|move|p2a: Tapu Fini|Moonblast|p1a: Smoker\n|-resisted|p1a: Smoker\n|-damage|p1a: Smoker|24\/100\n|\n|-weather|SunnyDay|[upkeep]\n|upkeep\n|turn|16\n|\n|t:|1699902347\n|move|p2a: Tapu Fini|Scald|p1a: Smoker\n|-supereffective|p1a: Smoker\n|-damage|p1a: Smoker|0 fnt\n|faint|p1a: Smoker\n|\n|-weather|SunnyDay|[upkeep]\n|upkeep\n|\n|t:|1699902357\n|switch|p1a: High on eruptions|Typhlosion-Hisui, M|100\/100\n|turn|17\n|\n|t:|1699902396\n|switch|p2a: Tyranitar|Tyranitar, M|88\/100\n|-damage|p2a: Tyranitar|76\/100|[from] Stealth Rock\n|-weather|Sandstorm|[from] ability: Sand Stream|[of] p2a: Tyranitar\n|move|p1a: High on eruptions|Focus Blast|p2a: Tyranitar|[miss]\n|-miss|p1a: High on eruptions|p2a: Tyranitar\n|\n|-weather|Sandstorm|[upkeep]\n|-damage|p1a: High on eruptions|94\/100|[from] Sandstorm\n|upkeep\n|turn|18\n|\n|t:|1699902406\n|switch|p2a: Tapu Fini|Tapu Fini|37\/100\n|-damage|p2a: Tapu Fini|25\/100|[from] Stealth Rock\n|move|p1a: High on eruptions|Focus Blast|p2a: Tapu Fini\n|-resisted|p2a: Tapu Fini\n|-damage|p2a: Tapu Fini|10\/100\n|\n|-weather|Sandstorm|[upkeep]\n|-damage|p1a: High on eruptions|88\/100|[from] Sandstorm\n|-damage|p2a: Tapu Fini|4\/100|[from] Sandstorm\n|upkeep\n|turn|19\n|\n|t:|1699902410\n|move|p1a: High on eruptions|Focus Blast|p2a: Tapu Fini|[miss]\n|-miss|p1a: High on eruptions|p2a: Tapu Fini\n|move|p2a: Tapu Fini|Scald|p1a: High on eruptions\n|-supereffective|p1a: High on eruptions\n|-damage|p1a: High on eruptions|0 fnt\n|faint|p1a: High on eruptions\n|\n|-weather|Sandstorm|[upkeep]\n|-damage|p2a: Tapu Fini|0 fnt|[from] Sandstorm\n|faint|p2a: Tapu Fini\n|upkeep\n|c|\u2606fros45|kb\n|\n|t:|1699902420\n|switch|p1a: ULTIMATE GIGA CHAD|Lopunny-Mega, M|88\/100\n|switch|p2a: Dracozolt|Dracozolt|100\/100\n|-damage|p2a: Dracozolt|88\/100|[from] Stealth Rock\n|turn|20\n|\n|t:|1699902425\n|move|p1a: ULTIMATE GIGA CHAD|Fake Out|p2a: Dracozolt\n|-damage|p2a: Dracozolt|62\/100\n|cant|p2a: Dracozolt|flinch\n|\n|-weather|Sandstorm|[upkeep]\n|-damage|p1a: ULTIMATE GIGA CHAD|82\/100|[from] Sandstorm\n|upkeep\n|turn|21\n|\n|t:|1699902433\n|move|p2a: Dracozolt|Bolt Beak|p1a: ULTIMATE GIGA CHAD\n|-damage|p1a: ULTIMATE GIGA CHAD|0 fnt\n|faint|p1a: ULTIMATE GIGA CHAD\n|\n|-weather|Sandstorm|[upkeep]\n|upkeep\n|\n|t:|1699902439\n|switch|p1a: Blaze The Cat|Sneasler, F|100\/100\n|turn|22\n|\n|t:|1699902460\n|move|p2a: Dracozolt|Bolt Beak|p1a: Blaze The Cat\n|-enditem|p1a: Blaze The Cat|Focus Sash\n|-damage|p1a: Blaze The Cat|1\/100\n|move|p1a: Blaze The Cat|Swords Dance|p1a: Blaze The Cat\n|-boost|p1a: Blaze The Cat|atk|2\n|\n|-weather|Sandstorm|[upkeep]\n|-damage|p1a: Blaze The Cat|0 fnt|[from] Sandstorm\n|faint|p1a: Blaze The Cat\n|\n|win|fros45\n|upkeep\n|c|\u2606kokontaka|Gg\n|c|\u2606fros45|gg\n|l| Sleens\n","uploadtime":1699902468,"views":9,"p1id":"kokontaka","p2id":"fros45","formatid":"gen9nationaldexubers","rating":0,"private":0,"password":""}