{"id":"gen9nationaldexubers-1987199087","p1":"alcatel999","p2":"Elohim yt 08\u00b3","format":"[Gen 9] National Dex Ubers","log":"|j|\u2606alcatel999\n|j|\u2606Elohim yt 08\u00b3\n|t:|1699564541\n|gametype|singles\n|player|p1|alcatel999|rocketgrunt|\n|player|p2|Elohim yt 08\u00b3|hilbert|\n|teamsize|p1|6\n|teamsize|p2|6\n|gen|9\n|tier|[Gen 9] National Dex Ubers\n|rule|HP Percentage Mod: HP is shown in percentages\n|rule|Endless Battle Clause: Forcing endless battles is banned\n|rule|OHKO Clause: OHKO moves are banned\n|rule|Evasion Moves Clause: Evasion moves are banned\n|rule|Evasion Items Clause: Evasion items are banned\n|rule|Species Clause: Limit one of each Pok\u00e9mon\n|rule|Sleep Clause Mod: Limit one foe put to sleep\n|rule|Mega Rayquaza Clause: You cannot mega evolve Rayquaza\n|clearpoke\n|poke|p1|Diancie|\n|poke|p1|Klefki, F|\n|poke|p1|Mimikyu, M|\n|poke|p1|Tapu Fini|\n|poke|p1|Tapu Bulu|\n|poke|p1|Tapu Lele|\n|poke|p2|Alakazam, F|\n|poke|p2|Manectric, F|\n|poke|p2|Scizor, F|\n|poke|p2|Quagsire, M|\n|poke|p2|Crobat, F|\n|poke|p2|Farfetch\u2019d, M|\n|teampreview\n|\n|t:|1699564549\n|start\n|switch|p1a: Di-Vi-Na|Diancie|100\/100\n|switch|p2a: Scizor|Scizor, F|100\/100\n|turn|1\n|\n|t:|1699564553\n|detailschange|p1a: Di-Vi-Na|Diancie-Mega\n|-mega|p1a: Di-Vi-Na|Diancie|Diancite\n|move|p1a: Di-Vi-Na|Mystical Fire|p2a: Scizor\n|-supereffective|p2a: Scizor\n|-damage|p2a: Scizor|0 fnt\n|faint|p2a: Scizor\n|\n|upkeep\n|\n|t:|1699564559\n|switch|p2a: Quagsire|Quagsire, M|100\/100\n|turn|2\n|\n|t:|1699564569\n|-terastallize|p2a: Quagsire|Water\n|move|p1a: Di-Vi-Na|Stealth Rock|p2a: Quagsire\n|-sidestart|p2: Elohim yt 08\u00b3|move: Stealth Rock\n|move|p2a: Quagsire|Scald|p1a: Di-Vi-Na\n|-supereffective|p1a: Di-Vi-Na\n|-damage|p1a: Di-Vi-Na|31\/100\n|\n|upkeep\n|turn|3\n|\n|t:|1699564583\n|switch|p1a: FinoSe\u00f1ores|Tapu Fini|100\/100\n|-fieldstart|move: Misty Terrain|[from] ability: Misty Surge|[of] p1a: FinoSe\u00f1ores\n|move|p2a: Quagsire|Scald|p1a: FinoSe\u00f1ores\n|-resisted|p1a: FinoSe\u00f1ores\n|-damage|p1a: FinoSe\u00f1ores|92\/100\n|\n|-heal|p1a: FinoSe\u00f1ores|98\/100|[from] item: Leftovers\n|upkeep\n|turn|4\n|\n|t:|1699564594\n|move|p1a: FinoSe\u00f1ores|Taunt|p2a: Quagsire\n|-start|p2a: Quagsire|move: Taunt\n|move|p2a: Quagsire|Earthquake|p1a: FinoSe\u00f1ores\n|-damage|p1a: FinoSe\u00f1ores|71\/100\n|\n|-heal|p1a: FinoSe\u00f1ores|77\/100|[from] item: Leftovers\n|upkeep\n|turn|5\n|\n|t:|1699564602\n|switch|p2a: Crobat|Crobat, F|100\/100\n|-damage|p2a: Crobat|76\/100|[from] Stealth Rock\n|move|p1a: FinoSe\u00f1ores|Calm Mind|p1a: FinoSe\u00f1ores\n|-boost|p1a: FinoSe\u00f1ores|spa|1\n|-boost|p1a: FinoSe\u00f1ores|spd|1\n|\n|-heal|p1a: FinoSe\u00f1ores|83\/100|[from] item: Leftovers\n|upkeep\n|turn|6\n|\n|t:|1699564608\n|move|p2a: Crobat|Cross Poison|p1a: FinoSe\u00f1ores\n|-supereffective|p1a: FinoSe\u00f1ores\n|-damage|p1a: FinoSe\u00f1ores|28\/100\n|move|p1a: FinoSe\u00f1ores|Scald|p2a: Crobat\n|-damage|p2a: Crobat|23\/100\n|\n|-heal|p1a: FinoSe\u00f1ores|34\/100|[from] item: Leftovers\n|upkeep\n|turn|7\n|\n|t:|1699564614\n|switch|p1a: LaLlaveDeTuCorazon|Klefki, F|100\/100\n|move|p2a: Crobat|Cross Poison|p1a: LaLlaveDeTuCorazon\n|-immune|p1a: LaLlaveDeTuCorazon\n|\n|-fieldend|Misty Terrain\n|upkeep\n|turn|8\n|\n|t:|1699564624\n|switch|p2a: Farfetch\u2019d|Farfetch\u2019d, M|100\/100\n|-damage|p2a: Farfetch\u2019d|76\/100|[from] Stealth Rock\n|move|p1a: LaLlaveDeTuCorazon|Spikes|p2a: Farfetch\u2019d\n|-sidestart|p2: Elohim yt 08\u00b3|Spikes\n|\n|upkeep\n|turn|9\n|\n|t:|1699564630\n|move|p1a: LaLlaveDeTuCorazon|Toxic|p2a: Farfetch\u2019d\n|-status|p2a: Farfetch\u2019d|tox\n|move|p2a: Farfetch\u2019d|Knock Off|p1a: LaLlaveDeTuCorazon\n|-resisted|p1a: LaLlaveDeTuCorazon\n|-damage|p1a: LaLlaveDeTuCorazon|89\/100\n|-enditem|p1a: LaLlaveDeTuCorazon|Light Clay|[from] move: Knock Off|[of] p2a: Farfetch\u2019d\n|\n|-damage|p2a: Farfetch\u2019d|69\/100 tox|[from] psn\n|upkeep\n|turn|10\n|\n|t:|1699564637\n|move|p1a: LaLlaveDeTuCorazon|Reflect|p1a: LaLlaveDeTuCorazon\n|-sidestart|p1: alcatel999|Reflect\n|move|p2a: Farfetch\u2019d|Brave Bird|p1a: LaLlaveDeTuCorazon\n|-resisted|p1a: LaLlaveDeTuCorazon\n|-crit|p1a: LaLlaveDeTuCorazon\n|-damage|p1a: LaLlaveDeTuCorazon|56\/100\n|-damage|p2a: Farfetch\u2019d|55\/100 tox|[from] Recoil\n|\n|-damage|p2a: Farfetch\u2019d|43\/100 tox|[from] psn\n|upkeep\n|turn|11\n|\n|t:|1699564643\n|move|p1a: LaLlaveDeTuCorazon|Spikes|p2a: Farfetch\u2019d\n|-sidestart|p2: Elohim yt 08\u00b3|Spikes\n|move|p2a: Farfetch\u2019d|Leaf Blade|p1a: LaLlaveDeTuCorazon\n|-resisted|p1a: LaLlaveDeTuCorazon\n|-crit|p1a: LaLlaveDeTuCorazon\n|-damage|p1a: LaLlaveDeTuCorazon|40\/100\n|\n|-damage|p2a: Farfetch\u2019d|25\/100 tox|[from] psn\n|upkeep\n|turn|12\n|\n|t:|1699564646\n|move|p2a: Farfetch\u2019d|First Impression||[still]\n|-hint|First Impression only works on your first turn out.\n|-fail|p2a: Farfetch\u2019d\n|move|p1a: LaLlaveDeTuCorazon|Spikes|p2a: Farfetch\u2019d\n|-sidestart|p2: Elohim yt 08\u00b3|Spikes\n|\n|-damage|p2a: Farfetch\u2019d|0 fnt|[from] psn\n|faint|p2a: Farfetch\u2019d\n|upkeep\n|\n|t:|1699564650\n|switch|p2a: Quagsire|Quagsire, M, tera:Water|100\/100\n|-damage|p2a: Quagsire|88\/100|[from] Stealth Rock\n|-damage|p2a: Quagsire|63\/100|[from] Spikes\n|turn|13\n|\n|t:|1699564654\n|move|p1a: LaLlaveDeTuCorazon|Toxic|p2a: Quagsire\n|-status|p2a: Quagsire|tox\n|move|p2a: Quagsire|Earthquake|p1a: LaLlaveDeTuCorazon\n|-supereffective|p1a: LaLlaveDeTuCorazon\n|-damage|p1a: LaLlaveDeTuCorazon|16\/100\n|\n|-heal|p2a: Quagsire|69\/100 tox|[from] item: Leftovers\n|-damage|p2a: Quagsire|63\/100 tox|[from] psn\n|upkeep\n|turn|14\n|\n|t:|1699564662\n|move|p1a: LaLlaveDeTuCorazon|Light Screen|p1a: LaLlaveDeTuCorazon\n|-sidestart|p1: alcatel999|move: Light Screen\n|move|p2a: Quagsire|Recover|p2a: Quagsire\n|-heal|p2a: Quagsire|100\/100 tox\n|\n|-damage|p2a: Quagsire|88\/100 tox|[from] psn\n|-sideend|p1: alcatel999|Reflect\n|upkeep\n|turn|15\n|\n|t:|1699564667\n|move|p1a: LaLlaveDeTuCorazon|Reflect|p1a: LaLlaveDeTuCorazon\n|-sidestart|p1: alcatel999|Reflect\n|move|p2a: Quagsire|Earthquake|p1a: LaLlaveDeTuCorazon\n|-supereffective|p1a: LaLlaveDeTuCorazon\n|-damage|p1a: LaLlaveDeTuCorazon|0 fnt\n|faint|p1a: LaLlaveDeTuCorazon\n|\n|-heal|p2a: Quagsire|94\/100 tox|[from] item: Leftovers\n|-damage|p2a: Quagsire|76\/100 tox|[from] psn\n|upkeep\n|\n|t:|1699564678\n|switch|p1a: FinoSe\u00f1ores|Tapu Fini|34\/100\n|-fieldstart|move: Misty Terrain|[from] ability: Misty Surge|[of] p1a: FinoSe\u00f1ores\n|turn|16\n|\n|t:|1699564684\n|move|p1a: FinoSe\u00f1ores|Taunt|p2a: Quagsire\n|-start|p2a: Quagsire|move: Taunt\n|cant|p2a: Quagsire|move: Taunt|Toxic\n|\n|-heal|p1a: FinoSe\u00f1ores|40\/100|[from] item: Leftovers\n|-heal|p2a: Quagsire|82\/100 tox|[from] item: Leftovers\n|-damage|p2a: Quagsire|58\/100 tox|[from] psn\n|upkeep\n|turn|17\n|\n|t:|1699564691\n|move|p1a: FinoSe\u00f1ores|Calm Mind|p1a: FinoSe\u00f1ores\n|-boost|p1a: FinoSe\u00f1ores|spa|1\n|-boost|p1a: FinoSe\u00f1ores|spd|1\n|move|p2a: Quagsire|Scald|p1a: FinoSe\u00f1ores\n|-resisted|p1a: FinoSe\u00f1ores\n|-crit|p1a: FinoSe\u00f1ores\n|-damage|p1a: FinoSe\u00f1ores|27\/100\n|\n|-heal|p1a: FinoSe\u00f1ores|33\/100|[from] item: Leftovers\n|-heal|p2a: Quagsire|64\/100 tox|[from] item: Leftovers\n|-damage|p2a: Quagsire|33\/100 tox|[from] psn\n|upkeep\n|turn|18\n|\n|t:|1699564703\n|switch|p2a: Alakazam|Alakazam, F|100\/100\n|move|p1a: FinoSe\u00f1ores|Draining Kiss|p2a: Alakazam\n|-damage|p2a: Alakazam|67\/100\n|-heal|p1a: FinoSe\u00f1ores|52\/100|[from] drain|[of] p2a: Alakazam\n|\n|-heal|p1a: FinoSe\u00f1ores|58\/100|[from] item: Leftovers\n|-sideend|p1: alcatel999|move: Light Screen\n|upkeep\n|turn|19\n|\n|t:|1699564712\n|move|p2a: Alakazam|Psychic|p1a: FinoSe\u00f1ores\n|-damage|p1a: FinoSe\u00f1ores|32\/100\n|move|p1a: FinoSe\u00f1ores|Calm Mind|p1a: FinoSe\u00f1ores\n|-boost|p1a: FinoSe\u00f1ores|spa|1\n|-boost|p1a: FinoSe\u00f1ores|spd|1\n|\n|-heal|p1a: FinoSe\u00f1ores|38\/100|[from] item: Leftovers\n|-sideend|p1: alcatel999|Reflect\n|upkeep\n|turn|20\n|\n|t:|1699564720\n|move|p2a: Alakazam|Shadow Ball|p1a: FinoSe\u00f1ores\n|-damage|p1a: FinoSe\u00f1ores|27\/100\n|-unboost|p1a: FinoSe\u00f1ores|spd|1\n|move|p1a: FinoSe\u00f1ores|Draining Kiss|p2a: Alakazam\n|-damage|p2a: Alakazam|23\/100\n|-heal|p1a: FinoSe\u00f1ores|51\/100|[from] drain|[of] p2a: Alakazam\n|\n|-heal|p1a: FinoSe\u00f1ores|57\/100|[from] item: Leftovers\n|-fieldend|Misty Terrain\n|upkeep\n|turn|21\n|\n|t:|1699564724\n|move|p2a: Alakazam|Shadow Ball|p1a: FinoSe\u00f1ores\n|-damage|p1a: FinoSe\u00f1ores|41\/100\n|move|p1a: FinoSe\u00f1ores|Draining Kiss|p2a: Alakazam\n|-crit|p2a: Alakazam\n|-damage|p2a: Alakazam|0 fnt\n|-heal|p1a: FinoSe\u00f1ores|53\/100|[from] drain|[of] p2a: Alakazam\n|faint|p2a: Alakazam\n|\n|-heal|p1a: FinoSe\u00f1ores|60\/100|[from] item: Leftovers\n|upkeep\n|\n|t:|1699564728\n|switch|p2a: Crobat|Crobat, F|23\/100\n|-damage|p2a: Crobat|0 fnt|[from] Stealth Rock\n|faint|p2a: Crobat\n|\n|t:|1699564730\n|switch|p2a: Quagsire|Quagsire, M, tera:Water|33\/100 tox\n|-damage|p2a: Quagsire|21\/100 tox|[from] Stealth Rock\n|-damage|p2a: Quagsire|0 fnt|[from] Spikes\n|faint|p2a: Quagsire\n|\n|t:|1699564731\n|switch|p2a: Manectric|Manectric, F|100\/100\n|-damage|p2a: Manectric|88\/100|[from] Stealth Rock\n|-damage|p2a: Manectric|63\/100|[from] Spikes\n|turn|22\n|\n|t:|1699564739\n|-terastallize|p1a: FinoSe\u00f1ores|Ground\n|move|p2a: Manectric|Volt Switch|p1a: FinoSe\u00f1ores\n|-immune|p1a: FinoSe\u00f1ores\n|move|p1a: FinoSe\u00f1ores|Draining Kiss|p2a: Manectric\n|-damage|p2a: Manectric|2\/100\n|-heal|p1a: FinoSe\u00f1ores|97\/100|[from] drain|[of] p2a: Manectric\n|\n|-heal|p1a: FinoSe\u00f1ores|100\/100|[from] item: Leftovers\n|upkeep\n|turn|23\n|\n|t:|1699564744\n|move|p2a: Manectric|Overheat|p1a: FinoSe\u00f1ores\n|-damage|p1a: FinoSe\u00f1ores|86\/100\n|-unboost|p2a: Manectric|spa|2\n|move|p1a: FinoSe\u00f1ores|Draining Kiss|p2a: Manectric\n|-damage|p2a: Manectric|0 fnt\n|-heal|p1a: FinoSe\u00f1ores|87\/100|[from] drain|[of] p2a: Manectric\n|faint|p2a: Manectric\n|\n|win|alcatel999\n","uploadtime":1699564748,"views":7,"p1id":"alcatel999","p2id":"elohimyt08","formatid":"gen9nationaldexubers","rating":0,"private":0,"password":""}