{"id":"gen9nationaldexubers-1998584712","p1":"CRYO-M0DE\u2744\ufe0f","p2":"gabigol1","format":"[Gen 9] National Dex Ubers","log":"|j|\u2606CRYO-M0DE\u2744\ufe0f\n|j|\u2606gabigol1\n|t:|1700959449\n|gametype|singles\n|player|p1|CRYO-M0DE\u2744\ufe0f|melony|1000\n|player|p2|gabigol1|hilbert-wonderlauncher|1001\n|teamsize|p1|6\n|teamsize|p2|6\n|gen|9\n|tier|[Gen 9] National Dex Ubers\n|rated|\n|rule|HP Percentage Mod: HP is shown in percentages\n|rule|Endless Battle Clause: Forcing endless battles is banned\n|rule|OHKO Clause: OHKO moves are banned\n|rule|Evasion Moves Clause: Evasion moves are banned\n|rule|Evasion Items Clause: Evasion items are banned\n|rule|Species Clause: Limit one of each Pok\u00e9mon\n|rule|Sleep Clause Mod: Limit one foe put to sleep\n|rule|Mega Rayquaza Clause: You cannot mega evolve Rayquaza\n|clearpoke\n|poke|p1|Crabominable, M|\n|poke|p1|Mr. Mime-Galar, M|\n|poke|p1|Dewgong, F|\n|poke|p1|Delibird, F|\n|poke|p1|Cetitan, F|\n|poke|p1|Kyurem|\n|poke|p2|Sneasler, M|\n|poke|p2|Snorlax, M|\n|poke|p2|Flutter Mane|\n|poke|p2|Kleavor, M|\n|poke|p2|Milotic, F|\n|poke|p2|Ferrothorn, F|\n|teampreview\n|\n|t:|1700959458\n|start\n|switch|p1a: \u2744\ufe0fDELIBIRD\u2744\ufe0f\ud83e\uddca|Delibird, F, shiny|100\/100\n|switch|p2a: Sneasler|Sneasler, M|100\/100\n|turn|1\n|\n|t:|1700959465\n|move|p2a: Sneasler|U-turn|p1a: \u2744\ufe0fDELIBIRD\u2744\ufe0f\ud83e\uddca\n|-resisted|p1a: \u2744\ufe0fDELIBIRD\u2744\ufe0f\ud83e\uddca\n|-damage|p1a: \u2744\ufe0fDELIBIRD\u2744\ufe0f\ud83e\uddca|64\/100\n|\n|t:|1700959475\n|switch|p2a: Snorlax|Snorlax, M|100\/100|[from] U-turn\n|move|p1a: \u2744\ufe0fDELIBIRD\u2744\ufe0f\ud83e\uddca|Icy Wind|p2a: Snorlax\n|-damage|p2a: Snorlax|94\/100\n|-unboost|p2a: Snorlax|spe|1\n|\n|upkeep\n|turn|2\n|\n|t:|1700959484\n|move|p1a: \u2744\ufe0fDELIBIRD\u2744\ufe0f\ud83e\uddca|Hail|p1a: \u2744\ufe0fDELIBIRD\u2744\ufe0f\ud83e\uddca\n|-weather|Hail\n|move|p2a: Snorlax|Fire Punch|p1a: \u2744\ufe0fDELIBIRD\u2744\ufe0f\ud83e\uddca\n|-supereffective|p1a: \u2744\ufe0fDELIBIRD\u2744\ufe0f\ud83e\uddca\n|-damage|p1a: \u2744\ufe0fDELIBIRD\u2744\ufe0f\ud83e\uddca|0 fnt\n|faint|p1a: \u2744\ufe0fDELIBIRD\u2744\ufe0f\ud83e\uddca\n|\n|-weather|Hail|[upkeep]\n|-damage|p2a: Snorlax|88\/100|[from] Hail\n|upkeep\n|\n|t:|1700959503\n|switch|p1a: \ud83e\uddca\u2744\ufe0fCETITAN\u2744\ufe0f\ud83e\uddca|Cetitan, F, shiny|100\/100\n|turn|3\n|\n|t:|1700959509\n|move|p1a: \ud83e\uddca\u2744\ufe0fCETITAN\u2744\ufe0f\ud83e\uddca|Belly Drum|p1a: \ud83e\uddca\u2744\ufe0fCETITAN\u2744\ufe0f\ud83e\uddca\n|-damage|p1a: \ud83e\uddca\u2744\ufe0fCETITAN\u2744\ufe0f\ud83e\uddca|50\/100\n|-setboost|p1a: \ud83e\uddca\u2744\ufe0fCETITAN\u2744\ufe0f\ud83e\uddca|atk|6|[from] move: Belly Drum\n|move|p2a: Snorlax|Fire Punch|p1a: \ud83e\uddca\u2744\ufe0fCETITAN\u2744\ufe0f\ud83e\uddca\n|-supereffective|p1a: \ud83e\uddca\u2744\ufe0fCETITAN\u2744\ufe0f\ud83e\uddca\n|-damage|p1a: \ud83e\uddca\u2744\ufe0fCETITAN\u2744\ufe0f\ud83e\uddca|3\/100\n|\n|-weather|Hail|[upkeep]\n|-damage|p2a: Snorlax|82\/100|[from] Hail\n|upkeep\n|turn|4\n|\n|t:|1700959521\n|move|p1a: \ud83e\uddca\u2744\ufe0fCETITAN\u2744\ufe0f\ud83e\uddca|Ice Spinner|p2a: Snorlax\n|-damage|p2a: Snorlax|0 fnt\n|faint|p2a: Snorlax\n|\n|-weather|Hail|[upkeep]\n|upkeep\n|\n|t:|1700959526\n|switch|p2a: Sneasler|Sneasler, M|100\/100\n|turn|5\n|\n|t:|1700959533\n|move|p1a: \ud83e\uddca\u2744\ufe0fCETITAN\u2744\ufe0f\ud83e\uddca|Ice Shard|p2a: Sneasler\n|-damage|p2a: Sneasler|0 fnt\n|faint|p2a: Sneasler\n|\n|-weather|Hail|[upkeep]\n|upkeep\n|\n|t:|1700959538\n|switch|p2a: Milotic|Milotic, F|100\/100\n|turn|6\n|\n|t:|1700959562\n|move|p1a: \ud83e\uddca\u2744\ufe0fCETITAN\u2744\ufe0f\ud83e\uddca|Ice Punch|p2a: Milotic\n|-resisted|p2a: Milotic\n|-damage|p2a: Milotic|31\/100\n|move|p2a: Milotic|Recover|p2a: Milotic\n|-heal|p2a: Milotic|81\/100\n|\n|-weather|Hail|[upkeep]\n|-damage|p2a: Milotic|75\/100|[from] Hail\n|-status|p2a: Milotic|brn|[from] item: Flame Orb\n|upkeep\n|turn|7\n|inactive|Battle timer is ON: inactive players will automatically lose when time's up. (requested by CRYO-M0DE\u2744\ufe0f)\n|inactive|gabigol1 has 120 seconds left.\n|c|\u2606CRYO-M0DE\u2744\ufe0f|Come on\n|inactive|gabigol1 has 90 seconds left.\n|inactive|gabigol1 has 60 seconds left.\n|inactive|gabigol1 has 30 seconds left.\n|inactive|gabigol1 has 20 seconds left.\n|c|\u2606CRYO-M0DE\u2744\ufe0f|Oh you smogon tards are fucking pathetic !!\n|inactive|gabigol1 has 15 seconds left.\n|inactive|gabigol1 has 10 seconds left.\n|inactive|gabigol1 has 5 seconds left.\n|-message|gabigol1 lost due to inactivity.\n|\n|win|CRYO-M0DE\u2744\ufe0f\n|raw|CRYO-M0DE\u2744\ufe0f's rating: 1000 &rarr; <strong>1040<\/strong><br \/>(+40 for winning)\n|raw|gabigol1's rating: 1001 &rarr; <strong>1000<\/strong><br \/>(-1 for losing)\n","uploadtime":1700959766,"views":2,"p1id":"cryom0de","p2id":"gabigol1","formatid":"gen9nationaldexubers","rating":1000,"private":0,"password":""}