{"id":"gen9nationaldexubers-1977805211","p1":"LUWITE","p2":"OneRandomMawile","format":"[Gen 9] National Dex Ubers","log":"|j|\u2606LUWITE\n|j|\u2606OneRandomMawile\n|t:|1698451754\n|gametype|singles\n|player|p1|LUWITE|supernerd|\n|player|p2|OneRandomMawile|birdkeeper-gen4dp|\n|teamsize|p1|6\n|teamsize|p2|6\n|gen|9\n|tier|[Gen 9] National Dex Ubers\n|rule|HP Percentage Mod: HP is shown in percentages\n|rule|Endless Battle Clause: Forcing endless battles is banned\n|rule|OHKO Clause: OHKO moves are banned\n|rule|Evasion Moves Clause: Evasion moves are banned\n|rule|Evasion Items Clause: Evasion items are banned\n|rule|Species Clause: Limit one of each Pok\u00e9mon\n|rule|Sleep Clause Mod: Limit one foe put to sleep\n|rule|Mega Rayquaza Clause: You cannot mega evolve Rayquaza\n|clearpoke\n|poke|p1|Giratina|\n|poke|p1|Zoroark-Hisui, M|\n|poke|p1|Galvantula, F|\n|poke|p1|Annihilape, F|\n|poke|p1|Alakazam, F|\n|poke|p1|Weavile, M|\n|poke|p2|Tyranitar, F|\n|poke|p2|Lokix, M|\n|poke|p2|Sableye, F|\n|poke|p2|Oricorio-Pom-Pom, M|\n|poke|p2|Jellicent, M|\n|poke|p2|Decidueye, F|\n|teampreview\n|c|\u2606OneRandomMawile|Yo\n|c|\u2606LUWITE|yo\n|c|\u2606LUWITE|glhf\n|c|\u2606LUWITE|fr\n|c|\u2606LUWITE|where are the people\n|\n|t:|1698451811\n|start\n|switch|p1a: Galvantula|Galvantula, F|100\/100\n|switch|p2a: El Goblino|Sableye, F|100\/100\n|turn|1\n|c|\u2606OneRandomMawile|Good question\n|\n|t:|1698451824\n|detailschange|p2a: El Goblino|Sableye-Mega, F\n|-mega|p2a: El Goblino|Sableye|Sablenite\n|move|p1a: Galvantula|Sticky Web|p2a: El Goblino\n|move|p2a: El Goblino|Sticky Web|p1a: Galvantula|[from]ability: Magic Bounce\n|-sidestart|p1: LUWITE|move: Sticky Web\n|move|p2a: El Goblino|Knock Off|p1a: Galvantula\n|-damage|p1a: Galvantula|46\/100\n|-enditem|p1a: Galvantula|Heavy-Duty Boots|[from] move: Knock Off|[of] p2a: El Goblino\n|\n|upkeep\n|turn|2\n|c|\u2606LUWITE|bro was mega\n|c|\u2606LUWITE|bruh\n|\n|t:|1698451837\n|move|p1a: Galvantula|Leech Life|p2a: El Goblino\n|-damage|p2a: El Goblino|71\/100\n|-heal|p1a: Galvantula|62\/100|[from] drain|[of] p2a: El Goblino\n|move|p2a: El Goblino|Will-O-Wisp|p1a: Galvantula\n|-status|p1a: Galvantula|brn\n|\n|-damage|p1a: Galvantula|56\/100 brn|[from] brn\n|upkeep\n|turn|3\n|\n|t:|1698451843\n|move|p1a: Galvantula|Volt Switch|p2a: El Goblino\n|-damage|p2a: El Goblino|56\/100\n|\n|t:|1698451848\n|switch|p1a: Giratina|Giratina|100\/100|[from] Volt Switch\n|-activate|p1a: Giratina|move: Sticky Web\n|-unboost|p1a: Giratina|spe|1\n|-ability|p1a: Giratina|Pressure\n|move|p2a: El Goblino|Knock Off|p1a: Giratina\n|-supereffective|p1a: Giratina\n|-damage|p1a: Giratina|66\/100\n|-enditem|p1a: Giratina|Leftovers|[from] move: Knock Off|[of] p2a: El Goblino\n|\n|upkeep\n|turn|4\n|\n|t:|1698451861\n|move|p1a: Giratina|Defog|p2a: El Goblino\n|move|p2a: El Goblino|Defog|p1a: Giratina|[from]ability: Magic Bounce\n|-unboost|p1a: Giratina|evasion|1\n|-sideend|p1: LUWITE|Sticky Web|[from] move: Defog|[of] p2a: El Goblino\n|move|p2a: El Goblino|Will-O-Wisp|p1a: Giratina\n|-status|p1a: Giratina|brn\n|\n|-damage|p1a: Giratina|60\/100 brn|[from] brn\n|upkeep\n|turn|5\n|\n|t:|1698451873\n|move|p1a: Giratina|Hex|p2a: El Goblino\n|-damage|p2a: El Goblino|35\/100\n|move|p2a: El Goblino|Recover|p2a: El Goblino\n|-heal|p2a: El Goblino|85\/100\n|\n|-damage|p1a: Giratina|53\/100 brn|[from] brn\n|upkeep\n|turn|6\n|\n|t:|1698451890\n|switch|p1a: Galvantula|Galvantula, F|56\/100 brn\n|switch|p2a: The Tyranireturn|Tyranitar, F, shiny|100\/100\n|-weather|Sandstorm|[from] ability: Sand Stream|[of] p2a: The Tyranireturn\n|\n|-weather|Sandstorm|[upkeep]\n|-damage|p1a: Galvantula|50\/100 brn|[from] Sandstorm\n|-damage|p1a: Galvantula|44\/100 brn|[from] brn\n|upkeep\n|turn|7\n|j| Zzalen\n|\n|t:|1698451904\n|move|p1a: Galvantula|Sticky Web|p2a: The Tyranireturn\n|-sidestart|p2: OneRandomMawile|move: Sticky Web\n|move|p2a: The Tyranireturn|Pursuit|p1a: Galvantula\n|-crit|p1a: Galvantula\n|-damage|p1a: Galvantula|0 fnt\n|faint|p1a: Galvantula\n|\n|-weather|Sandstorm|[upkeep]\n|upkeep\n|c|\u2606LUWITE|bru crit\n|\n|t:|1698451916\n|switch|p1a: Annihilape|Annihilape, F|100\/100\n|turn|8\n|\n|t:|1698451934\n|switch|p2a: McYeehaw|Jellicent, M|100\/100\n|-activate|p2a: McYeehaw|move: Sticky Web\n|-unboost|p2a: McYeehaw|spe|1\n|move|p1a: Annihilape|Bulk Up|p1a: Annihilape\n|-boost|p1a: Annihilape|atk|1\n|-boost|p1a: Annihilape|def|1\n|\n|-weather|Sandstorm|[upkeep]\n|-damage|p1a: Annihilape|94\/100|[from] Sandstorm\n|-damage|p2a: McYeehaw|94\/100|[from] Sandstorm\n|-heal|p2a: McYeehaw|100\/100|[from] item: Leftovers\n|upkeep\n|turn|9\n|\n|t:|1698451946\n|move|p1a: Annihilape|Bulk Up|p1a: Annihilape\n|-boost|p1a: Annihilape|atk|1\n|-boost|p1a: Annihilape|def|1\n|move|p2a: McYeehaw|Will-O-Wisp|p1a: Annihilape\n|-status|p1a: Annihilape|brn\n|\n|-weather|Sandstorm|[upkeep]\n|-damage|p1a: Annihilape|88\/100 brn|[from] Sandstorm\n|-damage|p2a: McYeehaw|94\/100|[from] Sandstorm\n|-heal|p2a: McYeehaw|100\/100|[from] item: Leftovers\n|-damage|p1a: Annihilape|82\/100 brn|[from] brn\n|upkeep\n|turn|10\n|c| Zzalen|where is latios's giratina\n|\n|t:|1698451951\n|move|p1a: Annihilape|Bulk Up|p1a: Annihilape\n|-boost|p1a: Annihilape|atk|1\n|-boost|p1a: Annihilape|def|1\n|move|p2a: McYeehaw|Hex|p1a: Annihilape\n|-supereffective|p1a: Annihilape\n|-damage|p1a: Annihilape|33\/100 brn\n|\n|-weather|none\n|-damage|p1a: Annihilape|27\/100 brn|[from] brn\n|upkeep\n|turn|11\n|\n|t:|1698451959\n|move|p1a: Annihilape|Rest|p1a: Annihilape\n|-status|p1a: Annihilape|slp|[from] move: Rest\n|-heal|p1a: Annihilape|100\/100 slp|[silent]\n|-enditem|p1a: Annihilape|Chesto Berry|[eat]\n|-curestatus|p1a: Annihilape|slp|[msg]\n|move|p2a: McYeehaw|Hex|p1a: Annihilape\n|-supereffective|p1a: Annihilape\n|-damage|p1a: Annihilape|77\/100\n|\n|upkeep\n|turn|12\n|c|\u2606OneRandomMawile|I see now\n|\n|t:|1698451972\n|move|p1a: Annihilape|Rage Fist|p2a: McYeehaw\n|-supereffective|p2a: McYeehaw\n|-damage|p2a: McYeehaw|0 fnt\n|faint|p2a: McYeehaw\n|\n|upkeep\n|\n|t:|1698451978\n|switch|p2a: Kick Back|Lokix, M|100\/100\n|-activate|p2a: Kick Back|move: Sticky Web\n|-unboost|p2a: Kick Back|spe|1\n|turn|13\n|c|\u2606LUWITE|dies\n|j| Neonecrozma504\n|c|\u2606OneRandomMawile|Whelp uh\n|c|\u2606OneRandomMawile|hello chat\n|\n|t:|1698452035\n|move|p1a: Annihilape|Drain Punch|p2a: Kick Back\n|-damage|p2a: Kick Back|0 fnt\n|-heal|p1a: Annihilape|100\/100|[from] drain|[of] p2a: Kick Back\n|faint|p2a: Kick Back\n|\n|upkeep\n|c|\u2606OneRandomMawile|Oh right takes into account min speed\n|c|\u2606OneRandomMawile|im dumb\n|\n|t:|1698452065\n|switch|p2a: El Goblino|Sableye-Mega, F|85\/100\n|-activate|p2a: El Goblino|move: Sticky Web\n|-unboost|p2a: El Goblino|spe|1\n|turn|14\n|\n|t:|1698452074\n|move|p1a: Annihilape|Rage Fist|p2a: El Goblino\n|-damage|p2a: El Goblino|0 fnt\n|faint|p2a: El Goblino\n|\n|upkeep\n|\n|t:|1698452083\n|switch|p2a: Energizer|Oricorio-Pom-Pom, M, shiny|100\/100\n|turn|15\n|c|\u2606LUWITE|Annilation\n|\n|t:|1698452091\n|move|p2a: Energizer|Revelation Dance|p1a: Annihilape\n|-damage|p1a: Annihilape|83\/100\n|move|p1a: Annihilape|Rage Fist|p2a: Energizer\n|-damage|p2a: Energizer|0 fnt\n|faint|p2a: Energizer\n|\n|upkeep\n|\n|t:|1698452095\n|switch|p2a: The Tyranireturn|Tyranitar, F, shiny|100\/100\n|-activate|p2a: The Tyranireturn|move: Sticky Web\n|-unboost|p2a: The Tyranireturn|spe|1\n|-weather|Sandstorm|[from] ability: Sand Stream|[of] p2a: The Tyranireturn\n|turn|16\n|c|\u2606OneRandomMawile|Yeah nah ggs\n|\n|t:|1698452105\n|move|p1a: Annihilape|Drain Punch|p2a: The Tyranireturn\n|-supereffective|p2a: The Tyranireturn\n|-damage|p2a: The Tyranireturn|0 fnt\n|-heal|p1a: Annihilape|100\/100|[from] drain|[of] p2a: The Tyranireturn\n|faint|p2a: The Tyranireturn\n|\n|-weather|Sandstorm|[upkeep]\n|-damage|p1a: Annihilape|94\/100|[from] Sandstorm\n|upkeep\n|\n|t:|1698452107\n|switch|p2a: Echo|Decidueye, F, shiny|100\/100\n|turn|17\n|\n|t:|1698452111\n|move|p1a: Annihilape|Rage Fist|p2a: Echo\n|-supereffective|p2a: Echo\n|-damage|p2a: Echo|0 fnt\n|faint|p2a: Echo\n|\n|win|LUWITE\n|c|\u2606LUWITE|ye ggs\n","uploadtime":1698452118,"views":7,"p1id":"luwite","p2id":"onerandommawile","formatid":"gen9nationaldexubers","rating":0,"private":0,"password":""}