{"id":"gen9nationaldexubers-1983562536","p1":"nnnbit7","p2":"KurumiTokisakilove","format":"[Gen 9] National Dex Ubers","log":"|j|\u2606nnnbit7\n|j|\u2606KurumiTokisakilove\n|t:|1699143713\n|gametype|singles\n|player|p1|nnnbit7|n|1676\n|player|p2|KurumiTokisakilove|sabrina-gen2|1950\n|teamsize|p1|6\n|teamsize|p2|6\n|gen|9\n|tier|[Gen 9] National Dex Ubers\n|rated|\n|rule|HP Percentage Mod: HP is shown in percentages\n|rule|Endless Battle Clause: Forcing endless battles is banned\n|rule|OHKO Clause: OHKO moves are banned\n|rule|Evasion Moves Clause: Evasion moves are banned\n|rule|Evasion Items Clause: Evasion items are banned\n|rule|Species Clause: Limit one of each Pok\u00e9mon\n|rule|Sleep Clause Mod: Limit one foe put to sleep\n|rule|Mega Rayquaza Clause: You cannot mega evolve Rayquaza\n|clearpoke\n|poke|p1|Xerneas-*|\n|poke|p1|Eternatus|\n|poke|p1|Groudon|\n|poke|p1|Arceus-Dark|\n|poke|p1|Ho-Oh|\n|poke|p1|Necrozma-Dusk-Mane|\n|poke|p2|Zygarde|\n|poke|p2|Magearna|\n|poke|p2|Ditto|\n|poke|p2|Rayquaza|\n|poke|p2|Arceus-Water|\n|poke|p2|Necrozma-Dusk-Mane|\n|teampreview\n|inactive|Battle timer is ON: inactive players will automatically lose when time's up. (requested by KurumiTokisakilove)\n|\n|t:|1699143731\n|start\n|switch|p1a: Arceus|Arceus-Dark|100\/100\n|switch|p2a: Rayquaza|Rayquaza|100\/100\n|-ability|p2a: Rayquaza|Air Lock\n|turn|1\n|\n|t:|1699143741\n|switch|p2a: Magearna|Magearna|100\/100\n|move|p1a: Arceus|Foul Play|p2a: Magearna\n|-resisted|p2a: Magearna\n|-damage|p2a: Magearna|88\/100\n|\n|upkeep\n|turn|2\n|\n|t:|1699143747\n|switch|p1a: Groudon|Groudon|100\/100\n|detailschange|p1a: Groudon|Groudon-Primal\n|-primal|p1a: Groudon|Red Orb\n|-weather|DesolateLand|[from] ability: Desolate Land|[of] p1a: Groudon\n|switch|p2a: Necrozma|Necrozma-Dusk-Mane|100\/100\n|\n|-weather|DesolateLand|[upkeep]\n|upkeep\n|turn|3\n|\n|t:|1699143750\n|detailschange|p2a: Necrozma|Necrozma-Ultra\n|-burst|p2a: Necrozma|Necrozma|Ultranecrozium Z\n|move|p2a: Necrozma|Earth Power|p1a: Groudon\n|-supereffective|p1a: Groudon\n|-damage|p1a: Groudon|6\/100\n|move|p1a: Groudon|Stealth Rock|p2a: Necrozma\n|-sidestart|p2: KurumiTokisakilove|move: Stealth Rock\n|\n|-weather|DesolateLand|[upkeep]\n|upkeep\n|turn|4\n|\n|t:|1699143759\n|-weather|none\n|switch|p1a: Arceus|Arceus-Dark|100\/100\n|move|p2a: Necrozma|Dragon Pulse|p1a: Arceus\n|-damage|p1a: Arceus|65\/100\n|\n|upkeep\n|turn|5\n|\n|t:|1699143767\n|switch|p2a: Magearna|Magearna|88\/100\n|-damage|p2a: Magearna|82\/100|[from] Stealth Rock\n|move|p1a: Arceus|Recover|p1a: Arceus\n|-heal|p1a: Arceus|100\/100\n|\n|upkeep\n|turn|6\n|\n|t:|1699143772\n|switch|p1a: Ho-Oh|Ho-Oh|100\/100\n|switch|p2a: Arceus|Arceus-Water|100\/100\n|-damage|p2a: Arceus|88\/100|[from] Stealth Rock\n|\n|upkeep\n|turn|7\n|\n|t:|1699143777\n|move|p2a: Arceus|Toxic|p1a: Ho-Oh\n|-status|p1a: Ho-Oh|tox\n|move|p1a: Ho-Oh|Toxic|p2a: Arceus|[miss]\n|-miss|p1a: Ho-Oh|p2a: Arceus\n|\n|-damage|p1a: Ho-Oh|94\/100 tox|[from] psn\n|upkeep\n|turn|8\n|\n|t:|1699143781\n|move|p2a: Arceus|Taunt|p1a: Ho-Oh\n|-start|p1a: Ho-Oh|move: Taunt\n|cant|p1a: Ho-Oh|move: Taunt|Toxic\n|\n|-damage|p1a: Ho-Oh|82\/100 tox|[from] psn\n|upkeep\n|turn|9\n|\n|t:|1699143789\n|switch|p1a: Eternatus|Eternatus|100\/100\n|-ability|p1a: Eternatus|Pressure\n|move|p2a: Arceus|Judgment|p1a: Eternatus\n|-resisted|p1a: Eternatus\n|-damage|p1a: Eternatus|81\/100\n|\n|upkeep\n|turn|10\n|\n|t:|1699143805\n|switch|p2a: Rayquaza|Rayquaza|100\/100\n|-damage|p2a: Rayquaza|76\/100|[from] Stealth Rock\n|-ability|p2a: Rayquaza|Air Lock\n|move|p1a: Eternatus|Fire Blast|p2a: Rayquaza\n|-resisted|p2a: Rayquaza\n|-damage|p2a: Rayquaza|55\/100\n|\n|upkeep\n|turn|11\n|\n|t:|1699143814\n|move|p2a: Rayquaza|Extreme Speed|p1a: Eternatus\n|-damage|p1a: Eternatus|54\/100\n|move|p1a: Eternatus|Dynamax Cannon|p2a: Rayquaza\n|-supereffective|p2a: Rayquaza\n|-damage|p2a: Rayquaza|0 fnt\n|faint|p2a: Rayquaza\n|\n|upkeep\n|\n|t:|1699143824\n|switch|p2a: Ditto|Ditto, shiny|100\/100\n|-damage|p2a: Ditto|88\/100|[from] Stealth Rock\n|-transform|p2a: Ditto|p1a: Eternatus|[from] ability: Imposter\n|-ability|p2a: Ditto|Pressure\n|turn|12\n|\n|t:|1699143830\n|switch|p1a: Necrozma|Necrozma-Dusk-Mane|100\/100\n|move|p2a: Ditto|Dynamax Cannon|p1a: Necrozma\n|-resisted|p1a: Necrozma\n|-damage|p1a: Necrozma|83\/100\n|\n|-heal|p1a: Necrozma|89\/100|[from] item: Leftovers\n|upkeep\n|turn|13\n|\n|t:|1699143842\n|switch|p2a: Necrozma|Necrozma-Ultra|100\/100\n|-damage|p2a: Necrozma|88\/100|[from] Stealth Rock\n|move|p1a: Necrozma|Knock Off|p2a: Necrozma\n|-supereffective|p2a: Necrozma\n|-damage|p2a: Necrozma|45\/100\n|\n|-heal|p1a: Necrozma|95\/100|[from] item: Leftovers\n|upkeep\n|turn|14\n|\n|t:|1699143847\n|move|p2a: Necrozma|Stealth Rock|p1a: Necrozma\n|-sidestart|p1: nnnbit7|move: Stealth Rock\n|move|p1a: Necrozma|Sunsteel Strike|p2a: Necrozma\n|-damage|p2a: Necrozma|0 fnt\n|faint|p2a: Necrozma\n|\n|-heal|p1a: Necrozma|100\/100|[from] item: Leftovers\n|upkeep\n|\n|t:|1699143864\n|switch|p2a: Zygarde|Zygarde, shiny|100\/100\n|-damage|p2a: Zygarde|94\/100|[from] Stealth Rock\n|turn|15\n|\n|t:|1699143867\n|switch|p1a: Ho-Oh|Ho-Oh|100\/100 tox\n|move|p2a: Zygarde|Substitute|p2a: Zygarde\n|-start|p2a: Zygarde|Substitute\n|-damage|p2a: Zygarde|69\/100\n|\n|-heal|p2a: Zygarde|76\/100|[from] item: Leftovers\n|-damage|p1a: Ho-Oh|94\/100 tox|[from] psn\n|upkeep\n|turn|16\n|\n|t:|1699143870\n|move|p2a: Zygarde|Thousand Arrows|p1a: Ho-Oh\n|-damage|p1a: Ho-Oh|70\/100 tox\n|-start|p1a: Ho-Oh|Smack Down\n|move|p1a: Ho-Oh|Defog|p2a: Zygarde\n|-sideend|p2: KurumiTokisakilove|Stealth Rock|[from] move: Defog|[of] p1a: Ho-Oh\n|-sideend|p1: nnnbit7|Stealth Rock|[from] move: Defog|[of] p1a: Ho-Oh\n|\n|-heal|p2a: Zygarde|82\/100|[from] item: Leftovers\n|-damage|p1a: Ho-Oh|58\/100 tox|[from] psn\n|upkeep\n|turn|17\n|\n|t:|1699143880\n|switch|p1a: Groudon|Groudon-Primal|6\/100\n|-weather|DesolateLand|[from] ability: Desolate Land|[of] p1a: Groudon\n|move|p2a: Zygarde|Thousand Arrows|p1a: Groudon\n|-supereffective|p1a: Groudon\n|-damage|p1a: Groudon|0 fnt\n|faint|p1a: Groudon\n|-weather|none\n|\n|-heal|p2a: Zygarde|88\/100|[from] item: Leftovers\n|upkeep\n|\n|t:|1699143884\n|switch|p1a: Ho-Oh|Ho-Oh|92\/100 tox\n|turn|18\n|\n|t:|1699143887\n|move|p2a: Zygarde|Thousand Arrows|p1a: Ho-Oh\n|-damage|p1a: Ho-Oh|65\/100 tox\n|-start|p1a: Ho-Oh|Smack Down\n|move|p1a: Ho-Oh|Whirlwind|p2a: Zygarde\n|drag|p2a: Magearna|Magearna|82\/100\n|\n|-damage|p1a: Ho-Oh|59\/100 tox|[from] psn\n|upkeep\n|turn|19\n|\n|t:|1699143895\n|switch|p2a: Arceus|Arceus-Water|88\/100\n|move|p1a: Ho-Oh|Sacred Fire|p2a: Arceus\n|-resisted|p2a: Arceus\n|-damage|p2a: Arceus|73\/100\n|-status|p2a: Arceus|brn\n|\n|-damage|p1a: Ho-Oh|47\/100 tox|[from] psn\n|-damage|p2a: Arceus|67\/100 brn|[from] brn\n|upkeep\n|turn|20\n|\n|t:|1699143902\n|switch|p2a: Zygarde|Zygarde, shiny|88\/100\n|switch|p1a: Eternatus|Eternatus|54\/100\n|-ability|p1a: Eternatus|Pressure\n|\n|-heal|p2a: Zygarde|94\/100|[from] item: Leftovers\n|upkeep\n|turn|21\n|\n|t:|1699143908\n|-terastallize|p2a: Zygarde|Normal\n|move|p1a: Eternatus|Dynamax Cannon|p2a: Zygarde\n|-damage|p2a: Zygarde|34\/100\n|move|p2a: Zygarde|Thousand Arrows|p1a: Eternatus\n|-supereffective|p1a: Eternatus\n|-damage|p1a: Eternatus|0 fnt\n|faint|p1a: Eternatus\n|\n|-heal|p2a: Zygarde|41\/100|[from] item: Leftovers\n|-activate|p2a: Zygarde|ability: Power Construct\n|detailschange|p2a: Zygarde|Zygarde-Complete, shiny, tera:Normal\n|-heal|p2a: Zygarde|63\/100|[silent]\n|upkeep\n|\n|t:|1699143913\n|switch|p1a: Arceus|Arceus-Dark|100\/100\n|turn|22\n|\n|t:|1699143921\n|switch|p1a: Ho-Oh|Ho-Oh|80\/100 tox\n|switch|p2a: Magearna|Magearna|82\/100\n|\n|-damage|p1a: Ho-Oh|74\/100 tox|[from] psn\n|upkeep\n|turn|23\n|\n|t:|1699143935\n|switch|p1a: Arceus|Arceus-Dark|100\/100\n|switch|p2a: Arceus|Arceus-Water|67\/100 brn\n|\n|-damage|p2a: Arceus|61\/100 brn|[from] brn\n|upkeep\n|turn|24\n|\n|t:|1699143940\n|move|p2a: Arceus|Toxic|p1a: Arceus\n|-status|p1a: Arceus|tox\n|move|p1a: Arceus|Taunt|p2a: Arceus\n|-start|p2a: Arceus|move: Taunt\n|\n|-damage|p1a: Arceus|94\/100 tox|[from] psn\n|-damage|p2a: Arceus|55\/100 brn|[from] brn\n|upkeep\n|turn|25\n|\n|t:|1699143947\n|switch|p2a: Magearna|Magearna|82\/100\n|switch|p1a: Necrozma|Necrozma-Dusk-Mane|100\/100\n|\n|upkeep\n|turn|26\n|\n|t:|1699143957\n|move|p1a: Necrozma|Knock Off|p2a: Magearna\n|-resisted|p2a: Magearna\n|-damage|p2a: Magearna|73\/100\n|move|p2a: Magearna|Heal Bell|p2a: Magearna\n|-activate|p2a: Magearna|move: Heal Bell\n|-curestatus|p2: Arceus|brn|[msg]\n|\n|upkeep\n|turn|27\n|\n|t:|1699143965\n|switch|p1a: Arceus|Arceus-Dark|94\/100 tox\n|switch|p2a: Arceus|Arceus-Water|55\/100\n|\n|-damage|p1a: Arceus|88\/100 tox|[from] psn\n|upkeep\n|turn|28\n|\n|t:|1699143968\n|move|p2a: Arceus|Taunt|p1a: Arceus\n|-start|p1a: Arceus|move: Taunt\n|move|p1a: Arceus|Foul Play|p2a: Arceus\n|-damage|p2a: Arceus|32\/100\n|\n|-damage|p1a: Arceus|76\/100 tox|[from] psn\n|upkeep\n|turn|29\n|\n|t:|1699143973\n|switch|p1a: Ho-Oh|Ho-Oh|100\/100 tox\n|move|p2a: Arceus|Recover|p2a: Arceus\n|-heal|p2a: Arceus|82\/100\n|\n|-damage|p1a: Ho-Oh|94\/100 tox|[from] psn\n|upkeep\n|turn|30\n|\n|t:|1699143978\n|move|p2a: Arceus|Judgment|p1a: Ho-Oh\n|-supereffective|p1a: Ho-Oh\n|-damage|p1a: Ho-Oh|40\/100 tox\n|move|p1a: Ho-Oh|Sacred Fire|p2a: Arceus\n|-resisted|p2a: Arceus\n|-damage|p2a: Arceus|67\/100\n|\n|-damage|p1a: Ho-Oh|28\/100 tox|[from] psn\n|upkeep\n|turn|31\n|\n|t:|1699143982\n|switch|p1a: Necrozma|Necrozma-Dusk-Mane|100\/100\n|move|p2a: Arceus|Judgment|p1a: Necrozma\n|-damage|p1a: Necrozma|70\/100\n|\n|-heal|p1a: Necrozma|76\/100|[from] item: Leftovers\n|upkeep\n|turn|32\n|\n|t:|1699143986\n|move|p2a: Arceus|Taunt|p1a: Necrozma\n|-start|p1a: Necrozma|move: Taunt\n|move|p1a: Necrozma|Knock Off|p2a: Arceus\n|-damage|p2a: Arceus|54\/100\n|\n|-heal|p1a: Necrozma|82\/100|[from] item: Leftovers\n|upkeep\n|turn|33\n|\n|t:|1699143989\n|move|p2a: Arceus|Judgment|p1a: Necrozma\n|-damage|p1a: Necrozma|47\/100\n|move|p1a: Necrozma|Earthquake|p2a: Arceus\n|-damage|p2a: Arceus|29\/100\n|\n|-heal|p1a: Necrozma|53\/100|[from] item: Leftovers\n|upkeep\n|turn|34\n|\n|t:|1699143993\n|switch|p1a: Xerneas|Xerneas|100\/100\n|-ability|p1a: Xerneas|Fairy Aura\n|move|p2a: Arceus|Recover|p2a: Arceus\n|-heal|p2a: Arceus|79\/100\n|\n|upkeep\n|turn|35\n|\n|t:|1699144000\n|move|p2a: Arceus|Toxic|p1a: Xerneas|[miss]\n|-miss|p2a: Arceus|p1a: Xerneas\n|move|p1a: Xerneas|Moonblast|p2a: Arceus\n|-damage|p2a: Arceus|31\/100\n|-unboost|p2a: Arceus|spa|1\n|\n|upkeep\n|turn|36\n|\n|t:|1699144005\n|switch|p2a: Magearna|Magearna|73\/100\n|move|p1a: Xerneas|Moonblast|p2a: Magearna\n|-resisted|p2a: Magearna\n|-damage|p2a: Magearna|50\/100\n|\n|upkeep\n|turn|37\n|\n|t:|1699144008\n|switch|p1a: Ho-Oh|Ho-Oh|62\/100 tox\n|move|p2a: Magearna|Pain Split|p1a: Ho-Oh\n|-sethp|p1a: Ho-Oh|53\/100 tox|[from] move: Pain Split|[silent]\n|-sethp|p2a: Magearna|60\/100|[from] move: Pain Split\n|\n|-damage|p1a: Ho-Oh|47\/100 tox|[from] psn\n|upkeep\n|turn|38\n|\n|t:|1699144013\n|switch|p2a: Arceus|Arceus-Water|31\/100\n|move|p1a: Ho-Oh|Sacred Fire|p2a: Arceus\n|-resisted|p2a: Arceus\n|-damage|p2a: Arceus|15\/100\n|\n|-damage|p1a: Ho-Oh|34\/100 tox|[from] psn\n|upkeep\n|turn|39\n|\n|t:|1699144020\n|move|p2a: Arceus|Recover|p2a: Arceus\n|-heal|p2a: Arceus|65\/100\n|move|p1a: Ho-Oh|Toxic|p2a: Arceus\n|-status|p2a: Arceus|tox\n|\n|-damage|p2a: Arceus|59\/100 tox|[from] psn\n|-damage|p1a: Ho-Oh|16\/100 tox|[from] psn\n|upkeep\n|turn|40\n|\n|t:|1699144025\n|switch|p2a: Magearna|Magearna|60\/100\n|switch|p1a: Arceus|Arceus-Dark|76\/100 tox\n|\n|-damage|p1a: Arceus|70\/100 tox|[from] psn\n|upkeep\n|turn|41\n|\n|t:|1699144030\n|move|p1a: Arceus|Taunt|p2a: Magearna\n|-start|p2a: Magearna|move: Taunt\n|move|p2a: Magearna|Fleur Cannon|p1a: Arceus\n|-supereffective|p1a: Arceus\n|-damage|p1a: Arceus|0 fnt\n|-unboost|p2a: Magearna|spa|2\n|faint|p1a: Arceus\n|-ability|p2a: Magearna|Soul-Heart|boost\n|-boost|p2a: Magearna|spa|1\n|\n|upkeep\n|\n|t:|1699144032\n|switch|p1a: Ho-Oh|Ho-Oh|50\/100 tox\n|turn|42\n|\n|t:|1699144041\n|switch|p1a: Necrozma|Necrozma-Dusk-Mane|53\/100\n|switch|p2a: Ditto|Ditto, shiny|88\/100\n|-transform|p2a: Ditto|p1a: Necrozma|[from] ability: Imposter\n|\n|-heal|p1a: Necrozma|59\/100|[from] item: Leftovers\n|upkeep\n|turn|43\n|\n|t:|1699144046\n|move|p2a: Ditto|Knock Off|p1a: Necrozma\n|-supereffective|p1a: Necrozma\n|-damage|p1a: Necrozma|27\/100\n|-enditem|p1a: Necrozma|Leftovers|[from] move: Knock Off|[of] p2a: Ditto\n|move|p1a: Necrozma|Morning Sun|p1a: Necrozma\n|-heal|p1a: Necrozma|77\/100\n|\n|upkeep\n|turn|44\n|\n|t:|1699144051\n|move|p2a: Ditto|Knock Off|p1a: Necrozma\n|-supereffective|p1a: Necrozma\n|-damage|p1a: Necrozma|58\/100\n|move|p1a: Necrozma|Knock Off|p2a: Ditto\n|-supereffective|p2a: Ditto\n|-damage|p2a: Ditto|51\/100\n|-enditem|p2a: Ditto|Choice Scarf|[from] move: Knock Off|[of] p1a: Necrozma\n|\n|upkeep\n|turn|45\n|\n|t:|1699144061\n|move|p1a: Necrozma|Earthquake|p2a: Ditto\n|-supereffective|p2a: Ditto\n|-damage|p2a: Ditto|8\/100\n|move|p2a: Ditto|Morning Sun|p2a: Ditto\n|-heal|p2a: Ditto|58\/100\n|\n|upkeep\n|turn|46\n|\n|t:|1699144065\n|move|p2a: Ditto|Morning Sun|p2a: Ditto\n|-heal|p2a: Ditto|100\/100\n|move|p1a: Necrozma|Morning Sun|p1a: Necrozma\n|-heal|p1a: Necrozma|100\/100\n|\n|upkeep\n|turn|47\n|\n|t:|1699144069\n|switch|p2a: Zygarde|Zygarde-Complete, shiny, tera:Normal|63\/100\n|switch|p1a: Ho-Oh|Ho-Oh|83\/100 tox\n|\n|-heal|p2a: Zygarde|69\/100|[from] item: Leftovers\n|-damage|p1a: Ho-Oh|77\/100 tox|[from] psn\n|upkeep\n|turn|48\n|\n|t:|1699144076\n|move|p2a: Zygarde|Substitute|p2a: Zygarde\n|-start|p2a: Zygarde|Substitute\n|-damage|p2a: Zygarde|44\/100\n|move|p1a: Ho-Oh|Sacred Fire|p2a: Zygarde\n|-crit|p2a: Zygarde\n|-end|p2a: Zygarde|Substitute\n|\n|-heal|p2a: Zygarde|50\/100|[from] item: Leftovers\n|-damage|p1a: Ho-Oh|65\/100 tox|[from] psn\n|upkeep\n|turn|49\n|\n|t:|1699144081\n|move|p2a: Zygarde|Thousand Arrows|p1a: Ho-Oh\n|-crit|p1a: Ho-Oh\n|-damage|p1a: Ho-Oh|25\/100 tox\n|-start|p1a: Ho-Oh|Smack Down\n|move|p1a: Ho-Oh|Sacred Fire|p2a: Zygarde\n|-damage|p2a: Zygarde|29\/100\n|-status|p2a: Zygarde|brn\n|\n|-heal|p2a: Zygarde|35\/100 brn|[from] item: Leftovers\n|-damage|p1a: Ho-Oh|7\/100 tox|[from] psn\n|-damage|p2a: Zygarde|29\/100 brn|[from] brn\n|upkeep\n|turn|50\n|\n|t:|1699144091\n|switch|p2a: Magearna|Magearna|60\/100\n|switch|p1a: Xerneas|Xerneas|100\/100\n|-ability|p1a: Xerneas|Fairy Aura\n|\n|upkeep\n|turn|51\n|\n|t:|1699144101\n|switch|p1a: Ho-Oh|Ho-Oh|40\/100 tox\n|-zpower|p2a: Magearna\n|move|p2a: Magearna|Z-Heal Bell|p2a: Magearna|[anim]Heal Bell\n|-heal|p2a: Magearna|100\/100|[zeffect]\n|-activate|p2a: Magearna|move: Heal Bell\n|-curestatus|p2: Arceus|tox|[msg]\n|-curestatus|p2: Zygarde|brn|[msg]\n|\n|-damage|p1a: Ho-Oh|34\/100 tox|[from] psn\n|upkeep\n|turn|52\n|\n|t:|1699144108\n|switch|p2a: Ditto|Ditto, shiny|100\/100\n|-transform|p2a: Ditto|p1a: Ho-Oh|[from] ability: Imposter\n|move|p1a: Ho-Oh|Toxic|p2a: Ditto\n|-status|p2a: Ditto|tox\n|\n|-damage|p1a: Ho-Oh|22\/100 tox|[from] psn\n|-damage|p2a: Ditto|94\/100 tox|[from] psn\n|upkeep\n|turn|53\n|\n|t:|1699144113\n|switch|p1a: Necrozma|Necrozma-Dusk-Mane|100\/100\n|move|p2a: Ditto|Sacred Fire|p1a: Necrozma\n|-supereffective|p1a: Necrozma\n|-damage|p1a: Necrozma|61\/100\n|-status|p1a: Necrozma|brn\n|\n|-damage|p2a: Ditto|82\/100 tox|[from] psn\n|-damage|p1a: Necrozma|55\/100 brn|[from] brn\n|upkeep\n|turn|54\n|\n|t:|1699144119\n|switch|p2a: Arceus|Arceus-Water|59\/100\n|switch|p1a: Ho-Oh|Ho-Oh|55\/100 tox\n|\n|-damage|p1a: Ho-Oh|49\/100 tox|[from] psn\n|upkeep\n|turn|55\n|\n|t:|1699144123\n|move|p2a: Arceus|Judgment|p1a: Ho-Oh\n|-supereffective|p1a: Ho-Oh\n|-damage|p1a: Ho-Oh|0 fnt\n|faint|p1a: Ho-Oh\n|\n|upkeep\n|\n|t:|1699144125\n|switch|p1a: Xerneas|Xerneas|100\/100\n|-ability|p1a: Xerneas|Fairy Aura\n|turn|56\n|\n|t:|1699144128\n|switch|p2a: Magearna|Magearna|100\/100\n|move|p1a: Xerneas|Moonblast|p2a: Magearna\n|-resisted|p2a: Magearna\n|-damage|p2a: Magearna|80\/100\n|-unboost|p2a: Magearna|spa|1\n|\n|upkeep\n|turn|57\n|\n|t:|1699144131\n|move|p1a: Xerneas|Moonblast|p2a: Magearna\n|-resisted|p2a: Magearna\n|-damage|p2a: Magearna|59\/100\n|move|p2a: Magearna|Heal Bell|p2a: Magearna\n|-activate|p2a: Magearna|move: Heal Bell\n|-curestatus|p2: Ditto|tox|[msg]\n|\n|upkeep\n|turn|58\n|\n|t:|1699144136\n|switch|p1a: Necrozma|Necrozma-Dusk-Mane|55\/100 brn\n|move|p2a: Magearna|Heart Swap|p1a: Necrozma\n|-swapboost|p2a: Magearna|p1a: Necrozma|[from] move: Heart Swap\n|\n|-damage|p1a: Necrozma|49\/100 brn|[from] brn\n|upkeep\n|turn|59\n|\n|t:|1699144139\n|switch|p2a: Arceus|Arceus-Water|59\/100\n|move|p1a: Necrozma|Morning Sun|p1a: Necrozma\n|-heal|p1a: Necrozma|99\/100 brn\n|\n|-damage|p1a: Necrozma|93\/100 brn|[from] brn\n|upkeep\n|turn|60\n|\n|t:|1699144143\n|move|p2a: Arceus|Recover|p2a: Arceus\n|-heal|p2a: Arceus|100\/100\n|move|p1a: Necrozma|Earthquake|p2a: Arceus\n|-damage|p2a: Arceus|89\/100\n|\n|-damage|p1a: Necrozma|87\/100 brn|[from] brn\n|upkeep\n|turn|61\n|\n|t:|1699144148\n|move|p2a: Arceus|Judgment|p1a: Necrozma\n|-damage|p1a: Necrozma|52\/100 brn\n|move|p1a: Necrozma|Earthquake|p2a: Arceus\n|-damage|p2a: Arceus|78\/100\n|\n|-damage|p1a: Necrozma|45\/100 brn|[from] brn\n|upkeep\n|turn|62\n|\n|t:|1699144156\n|switch|p1a: Xerneas|Xerneas|100\/100\n|-ability|p1a: Xerneas|Fairy Aura\n|move|p2a: Arceus|Taunt|p1a: Xerneas\n|-start|p1a: Xerneas|move: Taunt\n|\n|upkeep\n|turn|63\n|\n|t:|1699144158\n|move|p2a: Arceus|Toxic|p1a: Xerneas\n|-status|p1a: Xerneas|tox\n|move|p1a: Xerneas|Moonblast|p2a: Arceus\n|-damage|p2a: Arceus|30\/100\n|\n|-damage|p1a: Xerneas|94\/100 tox|[from] psn\n|upkeep\n|turn|64\n|\n|t:|1699144162\n|switch|p2a: Magearna|Magearna|59\/100\n|move|p1a: Xerneas|Moonblast|p2a: Magearna\n|-resisted|p2a: Magearna\n|-damage|p2a: Magearna|36\/100\n|\n|-damage|p1a: Xerneas|82\/100 tox|[from] psn\n|-end|p1a: Xerneas|move: Taunt\n|upkeep\n|turn|65\n|\n|t:|1699144164\n|switch|p1a: Necrozma|Necrozma-Dusk-Mane|45\/100 brn\n|move|p2a: Magearna|Pain Split|p1a: Necrozma\n|-sethp|p1a: Necrozma|39\/100 brn|[from] move: Pain Split|[silent]\n|-sethp|p2a: Magearna|43\/100|[from] move: Pain Split\n|\n|-damage|p1a: Necrozma|33\/100 brn|[from] brn\n|upkeep\n|turn|66\n|\n|t:|1699144169\n|switch|p2a: Zygarde|Zygarde-Complete, shiny, tera:Normal|29\/100\n|move|p1a: Necrozma|Morning Sun|p1a: Necrozma\n|-heal|p1a: Necrozma|83\/100 brn\n|\n|-heal|p2a: Zygarde|35\/100|[from] item: Leftovers\n|-damage|p1a: Necrozma|77\/100 brn|[from] brn\n|upkeep\n|turn|67\n|\n|t:|1699144175\n|switch|p1a: Xerneas|Xerneas|82\/100 tox\n|-ability|p1a: Xerneas|Fairy Aura\n|move|p2a: Zygarde|Thousand Arrows|p1a: Xerneas\n|-damage|p1a: Xerneas|51\/100 tox\n|\n|-heal|p2a: Zygarde|41\/100|[from] item: Leftovers\n|-damage|p1a: Xerneas|45\/100 tox|[from] psn\n|upkeep\n|turn|68\n|\n|t:|1699144178\n|move|p2a: Zygarde|Extreme Speed|p1a: Xerneas\n|-damage|p1a: Xerneas|16\/100 tox\n|move|p1a: Xerneas|Moonblast|p2a: Zygarde\n|-damage|p2a: Zygarde|0 fnt\n|faint|p2a: Zygarde\n|\n|-damage|p1a: Xerneas|4\/100 tox|[from] psn\n|upkeep\n|\n|t:|1699144181\n|switch|p2a: Arceus|Arceus-Water|30\/100\n|turn|69\n|\n|t:|1699144184\n|switch|p1a: Necrozma|Necrozma-Dusk-Mane|77\/100 brn\n|move|p2a: Arceus|Judgment|p1a: Necrozma\n|-damage|p1a: Necrozma|47\/100 brn\n|\n|-damage|p1a: Necrozma|41\/100 brn|[from] brn\n|upkeep\n|turn|70\n|\n|t:|1699144187\n|move|p2a: Arceus|Recover|p2a: Arceus\n|-heal|p2a: Arceus|80\/100\n|move|p1a: Necrozma|Morning Sun|p1a: Necrozma\n|-heal|p1a: Necrozma|91\/100 brn\n|\n|-damage|p1a: Necrozma|85\/100 brn|[from] brn\n|upkeep\n|turn|71\n|\n|t:|1699144190\n|move|p2a: Arceus|Judgment|p1a: Necrozma\n|-damage|p1a: Necrozma|49\/100 brn\n|move|p1a: Necrozma|Earthquake|p2a: Arceus\n|-damage|p2a: Arceus|68\/100\n|\n|-damage|p1a: Necrozma|43\/100 brn|[from] brn\n|upkeep\n|turn|72\n|\n|t:|1699144192\n|move|p2a: Arceus|Taunt|p1a: Necrozma\n|-start|p1a: Necrozma|move: Taunt\n|cant|p1a: Necrozma|move: Taunt|Morning Sun\n|\n|-damage|p1a: Necrozma|37\/100 brn|[from] brn\n|upkeep\n|turn|73\n|-message|nnnbit7 forfeited.\n|\n|win|KurumiTokisakilove\n|raw|nnnbit7's rating: 1676 &rarr; <strong>1669<\/strong><br \/>(-7 for losing)\n|raw|KurumiTokisakilove's rating: 1950 &rarr; <strong>1957<\/strong><br \/>(+7 for winning)\n|l|\u2606nnnbit7\n|l|\u2606KurumiTokisakilove\n","uploadtime":1699144219,"views":27,"p1id":"nnnbit7","p2id":"kurumitokisakilove","formatid":"gen9nationaldexubers","rating":1669,"private":0,"password":""}