{"id":"gen9nationaldexubers-1991790537","p1":"Fazy1","p2":"Fazykins","format":"[Gen 9] National Dex Ubers","log":"|j|\u2606Fazy1\n|j|\u2606Fazykins\n|t:|1700117880\n|gametype|singles\n|player|p1|Fazy1|2|\n|player|p2|Fazykins|2|\n|teamsize|p1|1\n|teamsize|p2|1\n|gen|9\n|tier|[Gen 9] National Dex Ubers\n|rule|HP Percentage Mod: HP is shown in percentages\n|rule|Endless Battle Clause: Forcing endless battles is banned\n|rule|OHKO Clause: OHKO moves are banned\n|rule|Evasion Moves Clause: Evasion moves are banned\n|rule|Evasion Items Clause: Evasion items are banned\n|rule|Species Clause: Limit one of each Pok\u00e9mon\n|rule|Sleep Clause Mod: Limit one foe put to sleep\n|rule|Mega Rayquaza Clause: You cannot mega evolve Rayquaza\n|clearpoke\n|poke|p1|Quaquaval, F|\n|poke|p2|Grimer, F|\n|teampreview\n|\n|t:|1700117886\n|start\n|switch|p1a: Quaquaval|Quaquaval, F|100\/100\n|switch|p2a: Grimer|Grimer, F|100\/100\n|turn|1\n|\n|t:|1700117892\n|move|p1a: Quaquaval|Aqua Step|p2a: Grimer\n|-damage|p2a: Grimer|76\/100\n|-boost|p1a: Quaquaval|spe|1\n|move|p2a: Grimer|Acid Armor|p2a: Grimer\n|-boost|p2a: Grimer|def|2\n|\n|upkeep\n|turn|2\n|\n|t:|1700117898\n|move|p1a: Quaquaval|Aqua Step|p2a: Grimer\n|-damage|p2a: Grimer|63\/100\n|-boost|p1a: Quaquaval|spe|1\n|move|p2a: Grimer|Acid Armor|p2a: Grimer\n|-boost|p2a: Grimer|def|2\n|\n|upkeep\n|turn|3\n|\n|t:|1700117904\n|move|p1a: Quaquaval|Aqua Step|p2a: Grimer\n|-damage|p2a: Grimer|54\/100\n|-boost|p1a: Quaquaval|spe|1\n|move|p2a: Grimer|Acid Armor|p2a: Grimer\n|-boost|p2a: Grimer|def|2\n|\n|upkeep\n|turn|4\n|\n|t:|1700117910\n|move|p1a: Quaquaval|Aqua Step|p2a: Grimer\n|-crit|p2a: Grimer\n|-damage|p2a: Grimer|15\/100\n|-boost|p1a: Quaquaval|spe|1\n|move|p2a: Grimer|Rest|p2a: Grimer\n|-status|p2a: Grimer|slp|[from] move: Rest\n|-heal|p2a: Grimer|100\/100 slp|[silent]\n|\n|upkeep\n|turn|5\n|\n|t:|1700117916\n|move|p1a: Quaquaval|Aqua Step|p2a: Grimer\n|-damage|p2a: Grimer|94\/100 slp\n|-boost|p1a: Quaquaval|spe|1\n|cant|p2a: Grimer|slp\n|\n|upkeep\n|turn|6\n|\n|t:|1700117925\n|move|p1a: Quaquaval|Aqua Step|p2a: Grimer\n|-damage|p2a: Grimer|87\/100 slp\n|-boost|p1a: Quaquaval|spe|1\n|cant|p2a: Grimer|slp\n|\n|upkeep\n|turn|7\n|\n|t:|1700117931\n|move|p1a: Quaquaval|Aqua Step|p2a: Grimer\n|-damage|p2a: Grimer|80\/100 slp\n|-curestatus|p2a: Grimer|slp|[msg]\n|move|p2a: Grimer|Acid Spray|p1a: Quaquaval\n|-damage|p1a: Quaquaval|91\/100\n|-unboost|p1a: Quaquaval|spd|2\n|\n|upkeep\n|turn|8\n|\n|t:|1700117939\n|move|p1a: Quaquaval|Aqua Step|p2a: Grimer\n|-damage|p2a: Grimer|73\/100\n|move|p2a: Grimer|Acid Spray|p1a: Quaquaval\n|-damage|p1a: Quaquaval|73\/100\n|-unboost|p1a: Quaquaval|spd|2\n|\n|upkeep\n|turn|9\n|\n|t:|1700117946\n|move|p1a: Quaquaval|Aqua Step|p2a: Grimer\n|-damage|p2a: Grimer|66\/100\n|move|p2a: Grimer|Acid Spray|p1a: Quaquaval\n|-damage|p1a: Quaquaval|46\/100\n|-unboost|p1a: Quaquaval|spd|2\n|\n|upkeep\n|turn|10\n|\n|t:|1700117956\n|move|p1a: Quaquaval|Aqua Step|p2a: Grimer\n|-damage|p2a: Grimer|58\/100\n|move|p2a: Grimer|Giga Drain|p1a: Quaquaval\n|-supereffective|p1a: Quaquaval\n|-damage|p1a: Quaquaval|0 fnt\n|-heal|p2a: Grimer|77\/100|[from] drain|[of] p1a: Quaquaval\n|faint|p1a: Quaquaval\n|\n|win|Fazykins\n","uploadtime":1700117967,"views":10,"p1id":"fazy1","p2id":"fazykins","formatid":"gen9nationaldexubers","rating":0,"private":0,"password":""}