{"id":"gen9nationaldexubers-1985788855","p1":"Wedo11","p2":"Sc4rletQu33n","format":"[Gen 9] National Dex Ubers","log":"|j|\u2606Wedo11\n|j|\u2606Sc4rletQu33n\n|t:|1699406277\n|gametype|singles\n|player|p1|Wedo11|scientist-gen4|\n|player|p2|Sc4rletQu33n|cynthia-gen4|\n|teamsize|p1|6\n|teamsize|p2|6\n|gen|9\n|tier|[Gen 9] National Dex Ubers\n|rule|HP Percentage Mod: HP is shown in percentages\n|rule|Endless Battle Clause: Forcing endless battles is banned\n|rule|OHKO Clause: OHKO moves are banned\n|rule|Evasion Moves Clause: Evasion moves are banned\n|rule|Evasion Items Clause: Evasion items are banned\n|rule|Species Clause: Limit one of each Pok\u00e9mon\n|rule|Sleep Clause Mod: Limit one foe put to sleep\n|rule|Mega Rayquaza Clause: You cannot mega evolve Rayquaza\n|clearpoke\n|poke|p1|Durant, L26, F|\n|poke|p1|Volcarona, L26, F|\n|poke|p1|Kleavor, L26, M|\n|poke|p1|Buzzwole, L26|\n|poke|p1|Scizor, L26, M|\n|poke|p1|Golisopod, L28, M|\n|poke|p2|Yanma, L26, M|\n|poke|p2|Combusken, L26, F|\n|poke|p2|Sneasel, L26, M|\n|poke|p2|Gligar, L26, F|\n|poke|p2|Ferroseed, L26, F|\n|poke|p2|Gimmighoul, L26|\n|teampreview\n|inactive|Battle timer is ON: inactive players will automatically lose when time's up. (requested by Wedo11)\n|\n|t:|1699406294\n|start\n|switch|p1a: Volcarona|Volcarona, L26, F|100\/100\n|switch|p2a: Yanma|Yanma, L26, M|100\/100\n|turn|1\n|\n|t:|1699406303\n|move|p1a: Volcarona|Quiver Dance|p1a: Volcarona\n|-boost|p1a: Volcarona|spa|1\n|-boost|p1a: Volcarona|spd|1\n|-boost|p1a: Volcarona|spe|1\n|move|p2a: Yanma|Ancient Power|p1a: Volcarona\n|-supereffective|p1a: Volcarona\n|-damage|p1a: Volcarona|56\/100\n|\n|-ability|p2a: Yanma|Speed Boost|boost\n|-boost|p2a: Yanma|spe|1\n|upkeep\n|turn|2\n|\n|t:|1699406315\n|move|p2a: Yanma|Protect|p2a: Yanma\n|-singleturn|p2a: Yanma|Protect\n|move|p1a: Volcarona|Hurricane|p2a: Yanma\n|-activate|p2a: Yanma|move: Protect\n|\n|-ability|p2a: Yanma|Speed Boost|boost\n|-boost|p2a: Yanma|spe|1\n|upkeep\n|turn|3\n|\n|t:|1699406318\n|move|p2a: Yanma|Ancient Power|p1a: Volcarona\n|-supereffective|p1a: Volcarona\n|-damage|p1a: Volcarona|11\/100\n|move|p1a: Volcarona|Fiery Dance|p2a: Yanma\n|-supereffective|p2a: Yanma\n|-enditem|p2a: Yanma|Focus Sash\n|-damage|p2a: Yanma|2\/100\n|-boost|p1a: Volcarona|spa|1\n|\n|-ability|p2a: Yanma|Speed Boost|boost\n|-boost|p2a: Yanma|spe|1\n|upkeep\n|turn|4\n|\n|t:|1699406330\n|switch|p1a: Durant|Durant, L26, F|100\/100\n|move|p2a: Yanma|Ancient Power|p1a: Durant\n|-damage|p1a: Durant|64\/100\n|\n|-ability|p2a: Yanma|Speed Boost|boost\n|-boost|p2a: Yanma|spe|1\n|upkeep\n|turn|5\n|\n|t:|1699406335\n|move|p2a: Yanma|Protect|p2a: Yanma\n|-singleturn|p2a: Yanma|Protect\n|move|p1a: Durant|First Impression|p2a: Yanma\n|-activate|p2a: Yanma|move: Protect\n|\n|-ability|p2a: Yanma|Speed Boost|boost\n|-boost|p2a: Yanma|spe|1\n|upkeep\n|turn|6\n|\n|t:|1699406341\n|move|p2a: Yanma|Air Slash|p1a: Durant\n|-damage|p1a: Durant|0 fnt\n|faint|p1a: Durant\n|\n|-ability|p2a: Yanma|Speed Boost|boost\n|-boost|p2a: Yanma|spe|1\n|upkeep\n|\n|t:|1699406347\n|switch|p1a: Scizor|Scizor, L26, M|100\/100\n|turn|7\n|\n|t:|1699406353\n|move|p2a: Yanma|Protect|p2a: Yanma\n|-singleturn|p2a: Yanma|Protect\n|move|p1a: Scizor|Bullet Punch|p2a: Yanma\n|-activate|p2a: Yanma|move: Protect\n|\n|upkeep\n|turn|8\n|\n|t:|1699406356\n|move|p1a: Scizor|Bullet Punch|p2a: Yanma\n|-damage|p2a: Yanma|0 fnt\n|faint|p2a: Yanma\n|\n|upkeep\n|\n|t:|1699406360\n|switch|p2a: Combusken|Combusken, L26, F|100\/100\n|turn|9\n|\n|t:|1699406366\n|move|p2a: Combusken|Flame Charge|p1a: Scizor\n|-supereffective|p1a: Scizor\n|-damage|p1a: Scizor|12\/100\n|-boost|p2a: Combusken|spe|1\n|move|p1a: Scizor|Aerial Ace|p2a: Combusken\n|-supereffective|p2a: Combusken\n|-crit|p2a: Combusken\n|-enditem|p2a: Combusken|Focus Sash\n|-damage|p2a: Combusken|2\/100\n|\n|-ability|p2a: Combusken|Speed Boost|boost\n|-boost|p2a: Combusken|spe|1\n|upkeep\n|turn|10\n|\n|t:|1699406380\n|move|p1a: Scizor|Bullet Punch|p2a: Combusken\n|-resisted|p2a: Combusken\n|-damage|p2a: Combusken|0 fnt\n|faint|p2a: Combusken\n|\n|upkeep\n|\n|t:|1699406386\n|switch|p2a: Sneasel|Sneasel, L26, M|100\/100\n|turn|11\n|\n|t:|1699406389\n|move|p2a: Sneasel|Fake Out|p1a: Scizor\n|-resisted|p1a: Scizor\n|-damage|p1a: Scizor|6\/100\n|cant|p1a: Scizor|flinch\n|\n|upkeep\n|turn|12\n|\n|t:|1699406394\n|move|p2a: Sneasel|Ice Shard|p1a: Scizor\n|-resisted|p1a: Scizor\n|-damage|p1a: Scizor|0 fnt\n|faint|p1a: Scizor\n|\n|upkeep\n|\n|t:|1699406402\n|switch|p1a: Golisopod|Golisopod, L28, M|100\/100\n|turn|13\n|\n|t:|1699406410\n|switch|p2a: Gligar|Gligar, L26, F|100\/100\n|move|p1a: Golisopod|First Impression|p2a: Gligar\n|-resisted|p2a: Gligar\n|-damage|p2a: Gligar|61\/100\n|\n|-heal|p2a: Gligar|66\/100|[from] item: Leftovers\n|upkeep\n|turn|14\n|\n|t:|1699406425\n|switch|p1a: Volcarona|Volcarona, L26, F|11\/100\n|-terastallize|p2a: Gligar|Steel\n|move|p2a: Gligar|Dual Wingbeat|p1a: Volcarona\n|-supereffective|p1a: Volcarona\n|-damage|p1a: Volcarona|0 fnt\n|faint|p1a: Volcarona\n|-hitcount|p1: Volcarona|1\n|\n|-heal|p2a: Gligar|72\/100|[from] item: Leftovers\n|upkeep\n|\n|t:|1699406444\n|switch|p1a: Buzzwole|Buzzwole, L26|100\/100\n|turn|15\n|\n|t:|1699406451\n|move|p2a: Gligar|Dual Wingbeat|p1a: Buzzwole\n|-supereffective|p1a: Buzzwole\n|-damage|p1a: Buzzwole|49\/100\n|-supereffective|p1a: Buzzwole\n|-damage|p1a: Buzzwole|0 fnt\n|faint|p1a: Buzzwole\n|-hitcount|p1: Buzzwole|2\n|\n|-heal|p2a: Gligar|77\/100|[from] item: Leftovers\n|upkeep\n|\n|t:|1699406460\n|switch|p1a: Golisopod|Golisopod, L28, M|100\/100\n|turn|16\n|\n|t:|1699406463\n|move|p2a: Gligar|Roost|p2a: Gligar\n|-heal|p2a: Gligar|100\/100\n|move|p1a: Golisopod|Liquidation|p2a: Gligar\n|-damage|p2a: Gligar|24\/100\n|-unboost|p2a: Gligar|def|1\n|\n|-heal|p2a: Gligar|29\/100|[from] item: Leftovers\n|upkeep\n|turn|17\n|\n|t:|1699406469\n|move|p2a: Gligar|Dual Wingbeat|p1a: Golisopod|[miss]\n|-miss|p2a: Gligar|p1a: Golisopod\n|move|p1a: Golisopod|Liquidation|p2a: Gligar\n|-damage|p2a: Gligar|0 fnt\n|faint|p2a: Gligar\n|\n|upkeep\n|\n|t:|1699406475\n|switch|p2a: Gimmighoul|Gimmighoul, L26|100\/100\n|turn|18\n|\n|t:|1699406477\n|move|p2a: Gimmighoul|Nasty Plot|p2a: Gimmighoul\n|-boost|p2a: Gimmighoul|spa|2\n|move|p1a: Golisopod|Liquidation|p2a: Gimmighoul\n|-enditem|p2a: Gimmighoul|Focus Sash\n|-damage|p2a: Gimmighoul|2\/100\n|\n|upkeep\n|turn|19\n|\n|t:|1699406505\n|switch|p1a: Kleavor|Kleavor, L26, M|100\/100\n|move|p2a: Gimmighoul|Power Gem|p1a: Kleavor\n|-supereffective|p1a: Kleavor\n|-damage|p1a: Kleavor|0 fnt\n|faint|p1a: Kleavor\n|\n|upkeep\n|\n|t:|1699406511\n|switch|p1a: Golisopod|Golisopod, L28, M|100\/100\n|turn|20\n|inactive|Wedo11 has 270 seconds left.\n|inactive|Wedo11 has 240 seconds left.\n|\n|t:|1699406557\n|move|p1a: Golisopod|Sucker Punch|p2a: Gimmighoul\n|-supereffective|p2a: Gimmighoul\n|-damage|p2a: Gimmighoul|0 fnt\n|faint|p2a: Gimmighoul\n|\n|upkeep\n|\n|t:|1699406561\n|switch|p2a: Ferroseed|Ferroseed, L26, F|100\/100\n|turn|21\n|\n|t:|1699406575\n|move|p1a: Golisopod|Sucker Punch||[still]\n|-fail|p1a: Golisopod\n|move|p2a: Ferroseed|Iron Defense|p2a: Ferroseed\n|-boost|p2a: Ferroseed|def|2\n|\n|upkeep\n|turn|22\n|\n|t:|1699406582\n|-terastallize|p1a: Golisopod|Bug\n|move|p1a: Golisopod|Sucker Punch||[still]\n|-fail|p1a: Golisopod\n|move|p2a: Ferroseed|Iron Defense|p2a: Ferroseed\n|-boost|p2a: Ferroseed|def|2\n|\n|upkeep\n|turn|23\n|\n|t:|1699406588\n|move|p1a: Golisopod|Sucker Punch||[still]\n|-fail|p1a: Golisopod\n|move|p2a: Ferroseed|Iron Defense|p2a: Ferroseed\n|-boost|p2a: Ferroseed|def|2\n|\n|upkeep\n|turn|24\n|\n|t:|1699406593\n|move|p1a: Golisopod|Sucker Punch||[still]\n|-fail|p1a: Golisopod\n|move|p2a: Ferroseed|Iron Defense|p2a: Ferroseed\n|-boost|p2a: Ferroseed|def|0\n|\n|upkeep\n|turn|25\n|\n|t:|1699406597\n|move|p1a: Golisopod|Sucker Punch||[still]\n|-fail|p1a: Golisopod\n|move|p2a: Ferroseed|Leech Seed|p1a: Golisopod\n|-start|p1a: Golisopod|move: Leech Seed\n|\n|-damage|p1a: Golisopod|88\/100|[from] Leech Seed|[of] p2a: Ferroseed\n|upkeep\n|turn|26\n|\n|t:|1699406602\n|move|p1a: Golisopod|Sucker Punch||[still]\n|-fail|p1a: Golisopod\n|move|p2a: Ferroseed|Iron Defense|p2a: Ferroseed\n|-boost|p2a: Ferroseed|def|0\n|\n|-damage|p1a: Golisopod|76\/100|[from] Leech Seed|[of] p2a: Ferroseed\n|upkeep\n|turn|27\n|\n|t:|1699406606\n|move|p1a: Golisopod|Sucker Punch||[still]\n|-fail|p1a: Golisopod\n|move|p2a: Ferroseed|Iron Defense|p2a: Ferroseed\n|-boost|p2a: Ferroseed|def|0\n|\n|-damage|p1a: Golisopod|64\/100|[from] Leech Seed|[of] p2a: Ferroseed\n|upkeep\n|turn|28\n|\n|t:|1699406610\n|-activate|p1a: Golisopod|move: Struggle\n|move|p1a: Golisopod|Struggle|p2a: Ferroseed\n|-damage|p2a: Ferroseed|89\/100\n|-damage|p1a: Golisopod|51\/100|[from] ability: Iron Barbs|[of] p2a: Ferroseed\n|-damage|p1a: Golisopod|35\/100|[from] item: Rocky Helmet|[of] p2a: Ferroseed\n|-damage|p1a: Golisopod|10\/100|[from] recoil\n|move|p2a: Ferroseed|Iron Defense|p2a: Ferroseed\n|-boost|p2a: Ferroseed|def|0\n|\n|-damage|p1a: Golisopod|0 fnt|[from] Leech Seed|[of] p2a: Ferroseed\n|-heal|p2a: Ferroseed|100\/100|[silent]\n|faint|p1a: Golisopod\n|\n|win|Sc4rletQu33n\n|upkeep\n|l|\u2606Wedo11\n","uploadtime":1699406641,"views":5,"p1id":"wedo11","p2id":"sc4rletqu33n","formatid":"gen9nationaldexubers","rating":0,"private":0,"password":""}