{"id":"gen9nationaldexubers-1995890912","p1":"Angel Karma","p2":"Aurastorm58","format":"[Gen 9] National Dex Ubers","log":"|j|\u2606Angel Karma\n|j|\u2606Aurastorm58\n|t:|1700614149\n|gametype|singles\n|player|p1|Angel Karma|unknown|1374\n|player|p2|Aurastorm58|pokemaniac|1277\n|teamsize|p1|6\n|teamsize|p2|6\n|gen|9\n|tier|[Gen 9] National Dex Ubers\n|rated|\n|rule|HP Percentage Mod: HP is shown in percentages\n|rule|Endless Battle Clause: Forcing endless battles is banned\n|rule|OHKO Clause: OHKO moves are banned\n|rule|Evasion Moves Clause: Evasion moves are banned\n|rule|Evasion Items Clause: Evasion items are banned\n|rule|Species Clause: Limit one of each Pok\u00e9mon\n|rule|Sleep Clause Mod: Limit one foe put to sleep\n|rule|Mega Rayquaza Clause: You cannot mega evolve Rayquaza\n|clearpoke\n|poke|p1|Haxorus, F|\n|poke|p1|Groudon|\n|poke|p1|Basculegion, M|\n|poke|p1|Yveltal|\n|poke|p1|Flutter Mane|\n|poke|p1|Lucario, M|\n|poke|p2|Gliscor, F|\n|poke|p2|Magearna|\n|poke|p2|Zekrom|\n|poke|p2|Maushold-Four|\n|poke|p2|Charizard, M|\n|poke|p2|Marshadow|\n|teampreview\n|\n|t:|1700614161\n|start\n|switch|p1a: Haxorus|Haxorus, F|100\/100\n|switch|p2a: Charizard|Charizard, M, shiny|100\/100\n|-ability|p1a: Haxorus|Mold Breaker\n|turn|1\n|\n|t:|1700614171\n|detailschange|p2a: Charizard|Charizard-Mega-Y, M, shiny\n|-mega|p2a: Charizard|Charizard|Charizardite Y\n|-weather|SunnyDay|[from] ability: Drought|[of] p2a: Charizard\n|-terastallize|p1a: Haxorus|Steel\n|move|p2a: Charizard|Scorching Sands|p1a: Haxorus\n|-supereffective|p1a: Haxorus\n|-damage|p1a: Haxorus|15\/100\n|move|p1a: Haxorus|Dragon Dance|p1a: Haxorus\n|-boost|p1a: Haxorus|atk|1\n|-boost|p1a: Haxorus|spe|1\n|\n|-weather|SunnyDay|[upkeep]\n|upkeep\n|turn|2\n|\n|t:|1700614187\n|move|p1a: Haxorus|Outrage|p2a: Charizard\n|-damage|p2a: Charizard|0 fnt\n|faint|p2a: Charizard\n|\n|-weather|SunnyDay|[upkeep]\n|upkeep\n|\n|t:|1700614192\n|switch|p2a: Marshadow|Marshadow|100\/100\n|turn|3\n|\n|t:|1700614196\n|-terastallize|p2a: Marshadow|Steel\n|move|p1a: Haxorus|Outrage|p2a: Marshadow|[from]lockedmove\n|-resisted|p2a: Marshadow\n|-damage|p2a: Marshadow|38\/100\n|-start|p1a: Haxorus|confusion|[fatigue]\n|move|p2a: Marshadow|Spectral Thief||[still]\n|-clearpositiveboost|p1a: Haxorus|p2a: Marshadow|move: Spectral Thief\n|-boost|p2a: Marshadow|atk|1\n|-boost|p2a: Marshadow|spe|1\n|-enditem|p1a: Haxorus|Mirror Herb\n|-boost|p1a: Haxorus|atk|1|[from] item: Mirror Herb\n|-boost|p1a: Haxorus|spe|1|[from] item: Mirror Herb\n|-anim|p2a: Marshadow|Spectral Thief|p1a: Haxorus\n|-damage|p1a: Haxorus|0 fnt\n|faint|p1a: Haxorus\n|-damage|p2a: Marshadow|28\/100|[from] item: Life Orb\n|\n|-weather|SunnyDay|[upkeep]\n|upkeep\n|\n|t:|1700614222\n|switch|p1a: Groudon|Groudon, shiny|100\/100\n|detailschange|p1a: Groudon|Groudon-Primal, shiny\n|-primal|p1a: Groudon|Red Orb\n|-weather|DesolateLand|[from] ability: Desolate Land|[of] p1a: Groudon\n|turn|4\n|\n|t:|1700614228\n|move|p2a: Marshadow|Drain Punch|p1a: Groudon\n|-damage|p1a: Groudon|53\/100\n|-heal|p2a: Marshadow|53\/100|[from] drain|[of] p1a: Groudon\n|-damage|p2a: Marshadow|43\/100|[from] item: Life Orb\n|move|p1a: Groudon|Heat Crash|p2a: Marshadow\n|-supereffective|p2a: Marshadow\n|-damage|p2a: Marshadow|0 fnt\n|faint|p2a: Marshadow\n|\n|-weather|DesolateLand|[upkeep]\n|upkeep\n|\n|t:|1700614238\n|switch|p2a: Gliscor|Gliscor, F|100\/100\n|turn|5\n|\n|t:|1700614245\n|-weather|none\n|switch|p1a: Lucario|Lucario, M, shiny|100\/100\n|move|p2a: Gliscor|Earthquake|p1a: Lucario\n|-supereffective|p1a: Lucario\n|-damage|p1a: Lucario|0 fnt\n|faint|p1a: Lucario\n|\n|-status|p2a: Gliscor|tox|[from] item: Toxic Orb\n|upkeep\n|\n|t:|1700614260\n|switch|p1a: Flutter Mane|Flutter Mane|100\/100\n|turn|6\n|\n|t:|1700614264\n|move|p1a: Flutter Mane|Hex|p2a: Gliscor\n|-damage|p2a: Gliscor|5\/100 tox\n|move|p2a: Gliscor|Toxic|p1a: Flutter Mane\n|-status|p1a: Flutter Mane|tox\n|\n|-damage|p1a: Flutter Mane|95\/100 tox|[from] psn\n|-heal|p2a: Gliscor|17\/100 tox|[from] ability: Poison Heal\n|upkeep\n|turn|7\n|\n|t:|1700614275\n|move|p1a: Flutter Mane|Moonblast|p2a: Gliscor\n|-damage|p2a: Gliscor|0 fnt\n|faint|p2a: Gliscor\n|\n|-damage|p1a: Flutter Mane|83\/100 tox|[from] psn\n|upkeep\n|\n|t:|1700614281\n|switch|p2a: Magearna|Magearna|100\/100\n|turn|8\n|\n|t:|1700614285\n|move|p1a: Flutter Mane|Thunder Wave|p2a: Magearna|[miss]\n|-miss|p1a: Flutter Mane|p2a: Magearna\n|move|p2a: Magearna|Flash Cannon|p1a: Flutter Mane\n|-supereffective|p1a: Flutter Mane\n|-damage|p1a: Flutter Mane|0 fnt\n|faint|p1a: Flutter Mane\n|-ability|p2a: Magearna|Soul-Heart|boost\n|-boost|p2a: Magearna|spa|1\n|-end|p1a: Flutter Mane|Protosynthesis|[silent]\n|\n|upkeep\n|\n|t:|1700614299\n|switch|p1a: Groudon|Groudon-Primal, shiny|53\/100\n|-weather|DesolateLand|[from] ability: Desolate Land|[of] p1a: Groudon\n|turn|9\n|\n|t:|1700614304\n|move|p1a: Groudon|Precipice Blades|p2a: Magearna|[miss]\n|-miss|p1a: Groudon|p2a: Magearna\n|move|p2a: Magearna|Fleur Cannon|p1a: Groudon|[miss]\n|-miss|p2a: Magearna|p1a: Groudon\n|\n|-weather|DesolateLand|[upkeep]\n|upkeep\n|turn|10\n|\n|t:|1700614312\n|move|p1a: Groudon|Heat Crash|p2a: Magearna\n|-supereffective|p2a: Magearna\n|-damage|p2a: Magearna|0 fnt\n|faint|p2a: Magearna\n|\n|-weather|DesolateLand|[upkeep]\n|upkeep\n|\n|t:|1700614317\n|switch|p2a: Zekrom|Zekrom|100\/100\n|-ability|p2a: Zekrom|Teravolt\n|turn|11\n|\n|t:|1700614322\n|move|p2a: Zekrom|Outrage|p1a: Groudon\n|-damage|p1a: Groudon|6\/100\n|move|p1a: Groudon|Rock Polish|p1a: Groudon\n|-boost|p1a: Groudon|spe|2\n|\n|-weather|DesolateLand|[upkeep]\n|upkeep\n|turn|12\n|\n|t:|1700614329\n|move|p1a: Groudon|Precipice Blades|p2a: Zekrom\n|-supereffective|p2a: Zekrom\n|-damage|p2a: Zekrom|0 fnt\n|faint|p2a: Zekrom\n|\n|-weather|DesolateLand|[upkeep]\n|upkeep\n|\n|t:|1700614336\n|switch|p2a: Maushold|Maushold-Four|100\/100\n|turn|13\n|\n|t:|1700614341\n|move|p1a: Groudon|Heat Crash|p2a: Maushold\n|-damage|p2a: Maushold|0 fnt\n|faint|p2a: Maushold\n|\n|win|Angel Karma\n|raw|Angel Karma's rating: 1374 &rarr; <strong>1389<\/strong><br \/>(+15 for winning)\n|raw|Aurastorm58's rating: 1277 &rarr; <strong>1259<\/strong><br \/>(-18 for losing)\n|l|\u2606Aurastorm58\n","uploadtime":1700614366,"views":1,"p1id":"angelkarma","p2id":"aurastorm58","formatid":"gen9nationaldexubers","rating":1259,"private":0,"password":""}