{"id":"gen9nationaldexubers-1995835656","p1":"Snorkle Porkle","p2":"Bladiator","format":"[Gen 9] National Dex Ubers","log":"|j|\u2606Snorkle Porkle\n|j|\u2606Bladiator\n|t:|1700607947\n|gametype|singles\n|player|p1|Snorkle Porkle|266|1081\n|player|p2|Bladiator|265|1001\n|teamsize|p1|6\n|teamsize|p2|6\n|gen|9\n|tier|[Gen 9] National Dex Ubers\n|rated|\n|rule|HP Percentage Mod: HP is shown in percentages\n|rule|Endless Battle Clause: Forcing endless battles is banned\n|rule|OHKO Clause: OHKO moves are banned\n|rule|Evasion Moves Clause: Evasion moves are banned\n|rule|Evasion Items Clause: Evasion items are banned\n|rule|Species Clause: Limit one of each Pok\u00e9mon\n|rule|Sleep Clause Mod: Limit one foe put to sleep\n|rule|Mega Rayquaza Clause: You cannot mega evolve Rayquaza\n|clearpoke\n|poke|p1|Drapion, M|\n|poke|p1|Talonflame, F|\n|poke|p1|Basculegion-F, F|\n|poke|p1|Garchomp, F|\n|poke|p1|Tapu Koko|\n|poke|p1|Metagross|\n|poke|p2|Gallade, M|\n|poke|p2|Octillery, M|\n|poke|p2|Ninjask, F|\n|poke|p2|Hitmonchan, M|\n|poke|p2|Xatu, M|\n|poke|p2|Yveltal|\n|teampreview\n|inactive|Battle timer is ON: inactive players will automatically lose when time's up. (requested by Bladiator)\n|c|\u2606Snorkle Porkle|hi\n|\n|t:|1700607959\n|start\n|switch|p1a: 4 And 10|Tapu Koko, shiny|100\/100\n|switch|p2a: Yveltal|Yveltal, shiny|100\/100\n|-fieldstart|move: Electric Terrain|[from] ability: Electric Surge|[of] p1a: 4 And 10\n|-ability|p2a: Yveltal|Dark Aura\n|turn|1\n|c|\u2606Snorkle Porkle|we meet again\n|c|\u2606Bladiator|yep\n|\n|t:|1700607980\n|move|p1a: 4 And 10|Thunderbolt|p2a: Yveltal\n|-supereffective|p2a: Yveltal\n|-damage|p2a: Yveltal|31\/100\n|move|p2a: Yveltal|Dark Pulse|p1a: 4 And 10\n|-resisted|p1a: 4 And 10\n|-damage|p1a: 4 And 10|50\/100\n|\n|upkeep\n|turn|2\n|\n|t:|1700607995\n|switch|p2a: Hitmonchan|Hitmonchan, M|100\/100\n|move|p1a: 4 And 10|Thunderbolt|p2a: Hitmonchan\n|-damage|p2a: Hitmonchan|49\/100\n|\n|upkeep\n|turn|3\n|\n|t:|1700608002\n|move|p2a: Hitmonchan|Endure|p2a: Hitmonchan\n|-singleturn|p2a: Hitmonchan|move: Endure\n|move|p1a: 4 And 10|Thunderbolt|p2a: Hitmonchan\n|-activate|p2a: Hitmonchan|move: Endure\n|-damage|p2a: Hitmonchan|1\/100\n|\n|upkeep\n|turn|4\n|\n|t:|1700608009\n|move|p2a: Hitmonchan|Mach Punch|p1a: 4 And 10\n|-resisted|p1a: 4 And 10\n|-damage|p1a: 4 And 10|35\/100\n|move|p1a: 4 And 10|U-turn|p2a: Hitmonchan\n|-resisted|p2a: Hitmonchan\n|-damage|p2a: Hitmonchan|0 fnt\n|faint|p2a: Hitmonchan\n|\n|t:|1700608026\n|switch|p1a: Just A Dolphin|Garchomp, F|100\/100|[from] U-turn\n|\n|upkeep\n|\n|t:|1700608033\n|switch|p2a: Ninjask|Ninjask, F, shiny|100\/100\n|turn|5\n|\n|t:|1700608037\n|move|p2a: Ninjask|Swords Dance|p2a: Ninjask\n|-boost|p2a: Ninjask|atk|2\n|move|p1a: Just A Dolphin|Rock Slide|p2a: Ninjask\n|-supereffective|p2a: Ninjask\n|-damage|p2a: Ninjask|0 fnt\n|faint|p2a: Ninjask\n|-damage|p1a: Just A Dolphin|90\/100|[from] item: Life Orb\n|\n|-fieldend|move: Electric Terrain\n|upkeep\n|\n|t:|1700608042\n|switch|p2a: Octillery|Octillery, M, shiny|100\/100\n|turn|6\n|\n|t:|1700608050\n|switch|p1a: AQUA...Woman?|Basculegion-F, F, shiny|100\/100\n|move|p2a: Octillery|Scald|p1a: AQUA...Woman?\n|-resisted|p1a: AQUA...Woman?\n|-crit|p1a: AQUA...Woman?\n|-damage|p1a: AQUA...Woman?|82\/100\n|\n|-ability|p2a: Octillery|Moody|boost\n|-boost|p2a: Octillery|spe|2\n|-unboost|p2a: Octillery|def|1\n|upkeep\n|turn|7\n|\n|t:|1700608060\n|move|p2a: Octillery|Energy Ball|p1a: AQUA...Woman?\n|-supereffective|p1a: AQUA...Woman?\n|-damage|p1a: AQUA...Woman?|44\/100\n|move|p1a: AQUA...Woman?|Shadow Ball|p2a: Octillery\n|-damage|p2a: Octillery|51\/100\n|\n|-heal|p2a: Octillery|58\/100|[from] item: Leftovers\n|-ability|p2a: Octillery|Moody|boost\n|-boost|p2a: Octillery|def|2\n|-unboost|p2a: Octillery|atk|1\n|upkeep\n|turn|8\n|\n|t:|1700608070\n|move|p2a: Octillery|Energy Ball|p1a: AQUA...Woman?\n|-supereffective|p1a: AQUA...Woman?\n|-damage|p1a: AQUA...Woman?|11\/100\n|move|p1a: AQUA...Woman?|Shadow Ball|p2a: Octillery\n|-damage|p2a: Octillery|10\/100\n|-unboost|p2a: Octillery|spd|1\n|\n|-heal|p2a: Octillery|16\/100|[from] item: Leftovers\n|-ability|p2a: Octillery|Moody|boost\n|-boost|p2a: Octillery|spa|2\n|-unboost|p2a: Octillery|def|1\n|upkeep\n|turn|9\n|\n|t:|1700608082\n|move|p1a: AQUA...Woman?|Aqua Jet|p2a: Octillery\n|-resisted|p2a: Octillery\n|-damage|p2a: Octillery|6\/100\n|move|p2a: Octillery|Energy Ball|p1a: AQUA...Woman?\n|-supereffective|p1a: AQUA...Woman?\n|-damage|p1a: AQUA...Woman?|0 fnt\n|faint|p1a: AQUA...Woman?\n|\n|-heal|p2a: Octillery|13\/100|[from] item: Leftovers\n|-ability|p2a: Octillery|Moody|boost\n|-boost|p2a: Octillery|spa|2\n|-unboost|p2a: Octillery|spe|1\n|upkeep\n|\n|t:|1700608093\n|switch|p1a: Buried Treasure|Metagross, shiny|100\/100\n|turn|10\n|\n|t:|1700608097\n|move|p1a: Buried Treasure|Bullet Punch|p2a: Octillery\n|-resisted|p2a: Octillery\n|-damage|p2a: Octillery|2\/100\n|move|p2a: Octillery|Rest|p2a: Octillery\n|-status|p2a: Octillery|slp|[from] move: Rest\n|-heal|p2a: Octillery|100\/100 slp|[silent]\n|\n|-ability|p2a: Octillery|Moody|boost\n|-boost|p2a: Octillery|atk|2\n|-unboost|p2a: Octillery|def|1\n|upkeep\n|turn|11\n|\n|t:|1700608114\n|switch|p1a: 4 And 10|Tapu Koko, shiny|35\/100\n|-fieldstart|move: Electric Terrain|[from] ability: Electric Surge|[of] p1a: 4 And 10\n|cant|p2a: Octillery|slp\n|\n|-ability|p2a: Octillery|Moody|boost\n|-boost|p2a: Octillery|def|2\n|-unboost|p2a: Octillery|spa|1\n|upkeep\n|turn|12\n|\n|t:|1700608124\n|-terastallize|p2a: Octillery|Ground\n|move|p1a: 4 And 10|Thunderbolt|p2a: Octillery\n|-immune|p2a: Octillery\n|cant|p2a: Octillery|slp\n|\n|-ability|p2a: Octillery|Moody|boost\n|-boost|p2a: Octillery|atk|2\n|-unboost|p2a: Octillery|spe|1\n|upkeep\n|turn|13\n|\n|t:|1700608151\n|switch|p1a: Just A Dolphin|Garchomp, F|90\/100\n|-curestatus|p2a: Octillery|slp|[msg]\n|move|p2a: Octillery|Energy Ball|p1a: Just A Dolphin\n|-damage|p1a: Just A Dolphin|21\/100\n|\n|-ability|p2a: Octillery|Moody|boost\n|-boost|p2a: Octillery|spa|2\n|-unboost|p2a: Octillery|spe|1\n|upkeep\n|turn|14\n|\n|t:|1700608162\n|move|p1a: Just A Dolphin|Rock Slide|p2a: Octillery\n|-resisted|p2a: Octillery\n|-damage|p2a: Octillery|88\/100\n|-damage|p1a: Just A Dolphin|11\/100|[from] item: Life Orb\n|cant|p2a: Octillery|flinch\n|\n|-heal|p2a: Octillery|94\/100|[from] item: Leftovers\n|-ability|p2a: Octillery|Moody|boost\n|-boost|p2a: Octillery|spa|1\n|-unboost|p2a: Octillery|atk|1\n|upkeep\n|turn|15\n|\n|t:|1700608177\n|move|p1a: Just A Dolphin|Earthquake|p2a: Octillery\n|-damage|p2a: Octillery|34\/100\n|-damage|p1a: Just A Dolphin|1\/100|[from] item: Life Orb\n|move|p2a: Octillery|Scald|p1a: Just A Dolphin\n|-damage|p1a: Just A Dolphin|0 fnt\n|faint|p1a: Just A Dolphin\n|\n|-heal|p2a: Octillery|41\/100|[from] item: Leftovers\n|-fieldend|move: Electric Terrain\n|-ability|p2a: Octillery|Moody|boost\n|-boost|p2a: Octillery|spd|2\n|-unboost|p2a: Octillery|def|1\n|upkeep\n|inactive|Snorkle Porkle has 120 seconds left.\n|\n|t:|1700608194\n|switch|p1a: 4 And 10|Tapu Koko, shiny|35\/100\n|-fieldstart|move: Electric Terrain|[from] ability: Electric Surge|[of] p1a: 4 And 10\n|turn|16\n|inactive|Snorkle Porkle has 120 seconds left.\n|\n|t:|1700608202\n|move|p1a: 4 And 10|Dazzling Gleam|p2a: Octillery\n|-damage|p2a: Octillery|13\/100\n|move|p2a: Octillery|Rest||[still]\n|-activate|p2a: Octillery|move: Electric Terrain\n|-fail|p2a: Octillery\n|\n|-heal|p2a: Octillery|19\/100|[from] item: Leftovers\n|-ability|p2a: Octillery|Moody|boost\n|-boost|p2a: Octillery|atk|2\n|-unboost|p2a: Octillery|def|1\n|upkeep\n|turn|17\n|-message|Bladiator forfeited.\n|\n|win|Snorkle Porkle\n|raw|Snorkle Porkle's rating: 1081 &rarr; <strong>1103<\/strong><br \/>(+22 for winning)\n|raw|Bladiator's rating: 1001 &rarr; <strong>1000<\/strong><br \/>(-1 for losing)\n|l|\u2606Bladiator\n","uploadtime":1700608216,"views":2,"p1id":"snorkleporkle","p2id":"bladiator","formatid":"gen9nationaldexubers","rating":1000,"private":0,"password":""}