{"id":"gen9nationaldexubers-1992462785","p1":"Harmony6","p2":"vespyyy","format":"[Gen 9] National Dex Ubers","log":"|j|\u2606Harmony6\n|j|\u2606vespyyy\n|t:|1700190582\n|gametype|singles\n|player|p1|Harmony6|lady-gen4|\n|player|p2|vespyyy|juggler|\n|teamsize|p1|6\n|teamsize|p2|6\n|gen|9\n|tier|[Gen 9] National Dex Ubers\n|rule|HP Percentage Mod: HP is shown in percentages\n|rule|Endless Battle Clause: Forcing endless battles is banned\n|rule|OHKO Clause: OHKO moves are banned\n|rule|Evasion Moves Clause: Evasion moves are banned\n|rule|Evasion Items Clause: Evasion items are banned\n|rule|Species Clause: Limit one of each Pok\u00e9mon\n|rule|Sleep Clause Mod: Limit one foe put to sleep\n|rule|Mega Rayquaza Clause: You cannot mega evolve Rayquaza\n|clearpoke\n|poke|p1|Gastrodon, M|\n|poke|p1|Ferrothorn, M|\n|poke|p1|Skeledirge, M|\n|poke|p1|Meowscarada, M|\n|poke|p1|Muk-Alola, M|\n|poke|p1|Hatterene, F|\n|poke|p2|Mew|\n|poke|p2|Scream Tail|\n|poke|p2|Medicham, M|\n|poke|p2|Slowbro, M|\n|poke|p2|Latias, F|\n|poke|p2|Victini|\n|teampreview\n|\n|t:|1700190629\n|start\n|switch|p1a: Hatterene|Hatterene, F|100\/100\n|switch|p2a: Fusilli|Mew, shiny|100\/100\n|turn|1\n|\n|t:|1700190638\n|switch|p2a: Rigatini|Victini|100\/100\n|move|p1a: Hatterene|Calm Mind|p1a: Hatterene\n|-boost|p1a: Hatterene|spa|1\n|-boost|p1a: Hatterene|spd|1\n|\n|upkeep\n|turn|2\n|\n|t:|1700190648\n|switch|p1a: Skeledirge|Skeledirge, M|100\/100\n|move|p2a: Rigatini|Trick|p1a: Skeledirge\n|-activate|p2a: Rigatini|move: Trick|[of] p1a: Skeledirge\n|-item|p1a: Skeledirge|Choice Band|[from] move: Trick\n|-item|p2a: Rigatini|Heavy-Duty Boots|[from] move: Trick\n|\n|upkeep\n|turn|3\n|c|\u2606vespyyy|Cb skeledirge sweep\n|c|\u2606Harmony6|Huge\n|\n|t:|1700190670\n|move|p2a: Rigatini|U-turn|p1a: Skeledirge\n|-resisted|p1a: Skeledirge\n|-damage|p1a: Skeledirge|97\/100\n|\n|t:|1700190675\n|switch|p2a: Campanelle|Latias, F, shiny|100\/100|[from] U-turn\n|move|p1a: Skeledirge|Earth Power|p2a: Campanelle\n|-immune|p2a: Campanelle|[from] ability: Levitate\n|\n|upkeep\n|turn|4\n|\n|t:|1700190683\n|move|p2a: Campanelle|Trick|p1a: Skeledirge\n|-activate|p2a: Campanelle|move: Trick|[of] p1a: Skeledirge\n|-item|p1a: Skeledirge|Choice Scarf|[from] move: Trick\n|-item|p2a: Campanelle|Choice Band|[from] move: Trick\n|move|p1a: Skeledirge|Earth Power|p2a: Campanelle\n|-immune|p2a: Campanelle|[from] ability: Levitate\n|\n|upkeep\n|turn|5\n|c|\u2606Harmony6|L\n|\n|t:|1700190697\n|switch|p1a: Meowscarada|Meowscarada, M|100\/100\n|move|p2a: Campanelle|Trick|p1a: Meowscarada\n|-activate|p2a: Campanelle|move: Trick|[of] p1a: Meowscarada\n|-item|p1a: Meowscarada|Choice Band|[from] move: Trick\n|-item|p2a: Campanelle|Choice Band|[from] move: Trick\n|\n|upkeep\n|turn|6\n|c|\u2606vespyyy|Haha i gave u a cb\n|\n|t:|1700190714\n|switch|p2a: Angel Hair|Scream Tail|100\/100\n|move|p1a: Meowscarada|U-turn|p2a: Angel Hair\n|-start|p1a: Meowscarada|typechange|Bug|[from] ability: Protean\n|-damage|p2a: Angel Hair|71\/100\n|c|\u2606Harmony6|This is so cursed\n|c|\u2606vespyyy|Huge\n|\n|t:|1700190730\n|switch|p1a: Muk|Muk-Alola, M|100\/100|[from] U-turn\n|\n|-heal|p2a: Angel Hair|77\/100|[from] item: Leftovers\n|upkeep\n|turn|7\n|\n|t:|1700190733\n|move|p2a: Angel Hair|Protect|p2a: Angel Hair\n|-singleturn|p2a: Angel Hair|Protect\n|move|p1a: Muk|Poison Jab|p2a: Angel Hair\n|-activate|p2a: Angel Hair|move: Protect\n|\n|-heal|p2a: Angel Hair|83\/100|[from] item: Leftovers\n|upkeep\n|turn|8\n|\n|t:|1700190744\n|-end|p2a: Angel Hair|Protosynthesis|[silent]\n|switch|p2a: Bucatini|Slowbro, M|100\/100\n|move|p1a: Muk|Poison Jab|p2a: Bucatini\n|-damage|p2a: Bucatini|85\/100\n|-status|p2a: Bucatini|psn|[from] ability: Poison Touch|[of] p1a: Muk\n|\n|-damage|p2a: Bucatini|72\/100 psn|[from] psn\n|upkeep\n|turn|9\n|\n|t:|1700190759\n|switch|p1a: Gastrodon|Gastrodon, M|100\/100\n|move|p2a: Bucatini|Teleport|p2a: Bucatini\n|\n|t:|1700190762\n|switch|p2a: Fuckin Pasta idfk|Medicham, M|100\/100|[from] Teleport\n|\n|upkeep\n|turn|10\n|\n|t:|1700190767\n|switch|p1a: Skeledirge|Skeledirge, M|97\/100\n|detailschange|p2a: Fuckin Pasta idfk|Medicham-Mega, M\n|-mega|p2a: Fuckin Pasta idfk|Medicham|Medichamite\n|move|p2a: Fuckin Pasta idfk|Psycho Cut|p1a: Skeledirge\n|-damage|p1a: Skeledirge|60\/100\n|\n|upkeep\n|turn|11\n|\n|t:|1700190776\n|switch|p2a: Rigatini|Victini|100\/100\n|move|p1a: Skeledirge|Torch Song|p2a: Rigatini\n|-resisted|p2a: Rigatini\n|-damage|p2a: Rigatini|86\/100\n|-boost|p1a: Skeledirge|spa|1\n|\n|upkeep\n|turn|12\n|\n|t:|1700190780\n|move|p2a: Rigatini|Bolt Strike|p1a: Skeledirge\n|-damage|p1a: Skeledirge|36\/100\n|-status|p1a: Skeledirge|par\n|move|p1a: Skeledirge|Torch Song|p2a: Rigatini\n|-resisted|p2a: Rigatini\n|-crit|p2a: Rigatini\n|-damage|p2a: Rigatini|53\/100\n|-boost|p1a: Skeledirge|spa|1\n|\n|upkeep\n|turn|13\n|\n|t:|1700190783\n|move|p2a: Rigatini|Bolt Strike|p1a: Skeledirge|[miss]\n|-miss|p2a: Rigatini|p1a: Skeledirge\n|move|p1a: Skeledirge|Torch Song|p2a: Rigatini\n|-resisted|p2a: Rigatini\n|-damage|p2a: Rigatini|25\/100\n|-boost|p1a: Skeledirge|spa|1\n|\n|upkeep\n|turn|14\n|\n|t:|1700190786\n|move|p2a: Rigatini|Bolt Strike|p1a: Skeledirge\n|-damage|p1a: Skeledirge|14\/100 par\n|move|p1a: Skeledirge|Torch Song|p2a: Rigatini\n|-resisted|p2a: Rigatini\n|-damage|p2a: Rigatini|0 fnt\n|-boost|p1a: Skeledirge|spa|1\n|faint|p2a: Rigatini\n|\n|upkeep\n|\n|t:|1700190789\n|switch|p2a: Fuckin Pasta idfk|Medicham-Mega, M|100\/100\n|turn|15\n|\n|t:|1700190791\n|move|p2a: Fuckin Pasta idfk|Psycho Cut|p1a: Skeledirge\n|-damage|p1a: Skeledirge|0 fnt\n|faint|p1a: Skeledirge\n|\n|upkeep\n|\n|t:|1700190798\n|switch|p1a: Meowscarada|Meowscarada, M|100\/100\n|turn|16\n|\n|t:|1700190804\n|switch|p2a: Campanelle|Latias, F, shiny|100\/100\n|move|p1a: Meowscarada|Play Rough|p2a: Campanelle\n|-start|p1a: Meowscarada|typechange|Fairy|[from] ability: Protean\n|-supereffective|p2a: Campanelle\n|-crit|p2a: Campanelle\n|-damage|p2a: Campanelle|0 fnt\n|faint|p2a: Campanelle\n|\n|upkeep\n|\n|t:|1700190808\n|switch|p2a: Angel Hair|Scream Tail|83\/100\n|turn|17\n|\n|t:|1700190812\n|switch|p1a: Muk|Muk-Alola, M|100\/100\n|move|p2a: Angel Hair|Wish|p2a: Angel Hair\n|\n|-heal|p2a: Angel Hair|89\/100|[from] item: Leftovers\n|upkeep\n|turn|18\n|\n|t:|1700190819\n|-end|p2a: Angel Hair|Protosynthesis|[silent]\n|switch|p2a: Fuckin Pasta idfk|Medicham-Mega, M|100\/100\n|move|p1a: Muk|Poison Jab|p2a: Fuckin Pasta idfk\n|-damage|p2a: Fuckin Pasta idfk|57\/100\n|-status|p2a: Fuckin Pasta idfk|psn\n|\n|-heal|p2a: Fuckin Pasta idfk|100\/100 psn|[from] move: Wish|[wisher] Angel Hair\n|-damage|p2a: Fuckin Pasta idfk|88\/100 psn|[from] psn\n|upkeep\n|turn|19\n|\n|t:|1700190829\n|switch|p1a: Hatterene|Hatterene, F|100\/100\n|move|p2a: Fuckin Pasta idfk|Close Combat|p1a: Hatterene\n|-resisted|p1a: Hatterene\n|-damage|p1a: Hatterene|78\/100\n|-unboost|p2a: Fuckin Pasta idfk|def|1\n|-unboost|p2a: Fuckin Pasta idfk|spd|1\n|\n|-heal|p1a: Hatterene|84\/100|[from] item: Leftovers\n|-damage|p2a: Fuckin Pasta idfk|76\/100 psn|[from] psn\n|upkeep\n|turn|20\n|\n|t:|1700190834\n|move|p2a: Fuckin Pasta idfk|Bullet Punch|p1a: Hatterene\n|-supereffective|p1a: Hatterene\n|-damage|p1a: Hatterene|47\/100\n|move|p1a: Hatterene|Draining Kiss|p2a: Fuckin Pasta idfk\n|-supereffective|p2a: Fuckin Pasta idfk\n|-damage|p2a: Fuckin Pasta idfk|0 fnt\n|-heal|p1a: Hatterene|94\/100|[from] drain|[of] p2a: Fuckin Pasta idfk\n|faint|p2a: Fuckin Pasta idfk\n|\n|-heal|p1a: Hatterene|99\/100|[from] item: Leftovers\n|upkeep\n|-message|vespyyy forfeited.\n|\n|win|Harmony6\n|c|\u2606Harmony6|Ggs\n","uploadtime":1700190853,"views":25,"p1id":"harmony6","p2id":"vespyyy","formatid":"gen9nationaldexubers","rating":0,"private":0,"password":""}