{"id":"gen9nationaldexubers-1988466970","p1":"SkechiArt","p2":"Viviexists","format":"[Gen 9] National Dex Ubers","log":"|j|\u2606SkechiArt\n|j|\u2606Viviexists\n|t:|1699726017\n|gametype|singles\n|player|p1|SkechiArt|acetrainerf|\n|player|p2|Viviexists|mela|\n|teamsize|p1|6\n|teamsize|p2|6\n|gen|9\n|tier|[Gen 9] National Dex Ubers\n|rule|HP Percentage Mod: HP is shown in percentages\n|rule|Endless Battle Clause: Forcing endless battles is banned\n|rule|OHKO Clause: OHKO moves are banned\n|rule|Evasion Moves Clause: Evasion moves are banned\n|rule|Evasion Items Clause: Evasion items are banned\n|rule|Species Clause: Limit one of each Pok\u00e9mon\n|rule|Sleep Clause Mod: Limit one foe put to sleep\n|rule|Mega Rayquaza Clause: You cannot mega evolve Rayquaza\n|clearpoke\n|poke|p1|Melmetal|\n|poke|p1|Corviknight, M|\n|poke|p1|Ferrothorn, M|\n|poke|p1|Gholdengo|\n|poke|p1|Heatran, M|\n|poke|p1|Scizor, F|\n|poke|p2|Landorus-Therian, M|\n|poke|p2|Gyarados, F|\n|poke|p2|Tauros-Paldea-Blaze, M|\n|poke|p2|Manectric, M|\n|poke|p2|Salamence, M|\n|poke|p2|Qwilfish-Hisui, F|\n|teampreview\n|c|\u2606SkechiArt|eviolite qwilfish is so hype\n|c|\u2606Viviexists|Are you intimidated?\n|c|\u2606SkechiArt|proud\n|c|\u2606SkechiArt|not intimidated\n|\n|t:|1699726066\n|start\n|switch|p1a: 02|Ferrothorn, M|100\/100\n|switch|p2a: Tauros|Tauros-Paldea-Blaze, M|100\/100\n|-ability|p2a: Tauros|Intimidate|boost\n|-unboost|p1a: 02|atk|1\n|turn|1\n|\n|t:|1699726082\n|switch|p1a: Pyribbit|Heatran, M|100\/100\n|move|p2a: Tauros|Bulk Up|p2a: Tauros\n|-boost|p2a: Tauros|atk|1\n|-boost|p2a: Tauros|def|1\n|\n|upkeep\n|turn|2\n|\n|t:|1699726090\n|move|p1a: Pyribbit|Earth Power|p2a: Tauros\n|-supereffective|p2a: Tauros\n|-damage|p2a: Tauros|21\/100\n|-unboost|p2a: Tauros|spd|1\n|move|p2a: Tauros|Body Press|p1a: Pyribbit\n|-supereffective|p1a: Pyribbit\n|-damage|p1a: Pyribbit|14\/100\n|\n|-heal|p2a: Tauros|27\/100|[from] item: Leftovers\n|upkeep\n|turn|3\n|\n|t:|1699726099\n|switch|p2a: Salamence|Salamence, M|100\/100\n|-ability|p2a: Salamence|Intimidate|boost\n|-unboost|p1a: Pyribbit|atk|1\n|move|p1a: Pyribbit|Earth Power|p2a: Salamence\n|-immune|p2a: Salamence\n|\n|upkeep\n|turn|4\n|\n|t:|1699726108\n|switch|p1a: 02|Ferrothorn, M|100\/100\n|move|p2a: Salamence|Earthquake|p1a: 02\n|-damage|p1a: 02|80\/100\n|\n|-heal|p1a: 02|86\/100|[from] item: Leftovers\n|upkeep\n|turn|5\n|\n|t:|1699726122\n|switch|p2a: Qwilfish|Qwilfish-Hisui, F|100\/100\n|-ability|p2a: Qwilfish|Intimidate|boost\n|-unboost|p1a: 02|atk|1\n|move|p1a: 02|Leech Seed|p2a: Qwilfish\n|-start|p2a: Qwilfish|move: Leech Seed\n|\n|-heal|p1a: 02|93\/100|[from] item: Leftovers\n|-damage|p2a: Qwilfish|88\/100|[from] Leech Seed|[of] p1a: 02\n|-heal|p1a: 02|100\/100|[silent]\n|upkeep\n|turn|6\n|\n|t:|1699726130\n|move|p2a: Qwilfish|Taunt|p1a: 02\n|-start|p1a: 02|move: Taunt\n|cant|p1a: 02|move: Taunt|Spikes\n|\n|-damage|p2a: Qwilfish|76\/100|[from] Leech Seed|[of] p1a: 02\n|upkeep\n|turn|7\n|\n|t:|1699726136\n|switch|p2a: Tauros|Tauros-Paldea-Blaze, M|27\/100\n|-ability|p2a: Tauros|Intimidate|boost\n|-unboost|p1a: 02|atk|1\n|move|p1a: 02|Seed Bomb|p2a: Tauros\n|-resisted|p2a: Tauros\n|-damage|p2a: Tauros|21\/100\n|\n|-heal|p2a: Tauros|27\/100|[from] item: Leftovers\n|upkeep\n|turn|8\n|\n|t:|1699726160\n|switch|p1a: Void Termina|Melmetal|100\/100\n|move|p2a: Tauros|Body Press|p1a: Void Termina\n|-supereffective|p1a: Void Termina\n|-damage|p1a: Void Termina|70\/100\n|\n|-heal|p2a: Tauros|33\/100|[from] item: Leftovers\n|upkeep\n|turn|9\n|\n|t:|1699726170\n|move|p2a: Tauros|Raging Bull|p1a: Void Termina\n|-supereffective|p1a: Void Termina\n|-damage|p1a: Void Termina|18\/100\n|move|p1a: Void Termina|Double Iron Bash|p2a: Tauros\n|-resisted|p2a: Tauros\n|-damage|p2a: Tauros|13\/100\n|-resisted|p2a: Tauros\n|-damage|p2a: Tauros|0 fnt\n|faint|p2a: Tauros\n|-hitcount|p2: Tauros|2\n|\n|upkeep\n|\n|t:|1699726180\n|switch|p2a: Landorus|Landorus-Therian, M|100\/100\n|-ability|p2a: Landorus|Intimidate|boost\n|-unboost|p1a: Void Termina|atk|1\n|turn|10\n|\n|t:|1699726184\n|move|p2a: Landorus|Knock Off|p1a: Void Termina\n|-damage|p1a: Void Termina|0 fnt\n|-enditem|p1a: Void Termina|Assault Vest|[from] move: Knock Off|[of] p2a: Landorus\n|faint|p1a: Void Termina\n|\n|upkeep\n|\n|t:|1699726195\n|switch|p1a: Meta Knight|Scizor, F|100\/100\n|turn|11\n|\n|t:|1699726199\n|detailschange|p1a: Meta Knight|Scizor-Mega, F\n|-mega|p1a: Meta Knight|Scizor|Scizorite\n|move|p2a: Landorus|U-turn|p1a: Meta Knight\n|-resisted|p1a: Meta Knight\n|-crit|p1a: Meta Knight\n|-damage|p1a: Meta Knight|87\/100\n|\n|t:|1699726203\n|switch|p2a: Qwilfish|Qwilfish-Hisui, F|76\/100|[from] U-turn\n|-ability|p2a: Qwilfish|Intimidate|boost\n|-unboost|p1a: Meta Knight|atk|1\n|move|p1a: Meta Knight|Swords Dance|p1a: Meta Knight\n|-boost|p1a: Meta Knight|atk|2\n|\n|upkeep\n|turn|12\n|\n|t:|1699726213\n|switch|p2a: Gyarados|Gyarados, F|100\/100\n|-ability|p2a: Gyarados|Intimidate|boost\n|-unboost|p1a: Meta Knight|atk|1\n|move|p1a: Meta Knight|Bug Bite|p2a: Gyarados\n|-resisted|p2a: Gyarados\n|-damage|p2a: Gyarados|62\/100\n|\n|upkeep\n|turn|13\n|\n|t:|1699726219\n|move|p2a: Gyarados|Waterfall|p1a: Meta Knight\n|-damage|p1a: Meta Knight|54\/100\n|move|p1a: Meta Knight|Swords Dance|p1a: Meta Knight\n|-boost|p1a: Meta Knight|atk|2\n|\n|upkeep\n|turn|14\n|\n|t:|1699726225\n|switch|p2a: Qwilfish|Qwilfish-Hisui, F|76\/100\n|-ability|p2a: Qwilfish|Intimidate|boost\n|-unboost|p1a: Meta Knight|atk|1\n|move|p1a: Meta Knight|Trailblaze|p2a: Qwilfish\n|-resisted|p2a: Qwilfish\n|-damage|p2a: Qwilfish|63\/100\n|-boost|p1a: Meta Knight|spe|1\n|\n|upkeep\n|turn|15\n|\n|t:|1699726230\n|switch|p2a: Gyarados|Gyarados, F|62\/100\n|-ability|p2a: Gyarados|Intimidate|boost\n|-unboost|p1a: Meta Knight|atk|1\n|move|p1a: Meta Knight|Swords Dance|p1a: Meta Knight\n|-boost|p1a: Meta Knight|atk|2\n|\n|upkeep\n|turn|16\n|\n|t:|1699726240\n|move|p2a: Gyarados|Dragon Dance|p2a: Gyarados\n|-boost|p2a: Gyarados|atk|1\n|-boost|p2a: Gyarados|spe|1\n|move|p1a: Meta Knight|Trailblaze|p2a: Gyarados\n|-damage|p2a: Gyarados|0 fnt\n|-boost|p1a: Meta Knight|spe|1\n|faint|p2a: Gyarados\n|\n|upkeep\n|\n|t:|1699726244\n|switch|p2a: Manectric|Manectric, M|100\/100\n|turn|17\n|\n|t:|1699726252\n|detailschange|p2a: Manectric|Manectric-Mega, M\n|-mega|p2a: Manectric|Manectric|Manectite\n|-ability|p2a: Manectric|Intimidate|boost\n|-unboost|p1a: Meta Knight|atk|1\n|move|p2a: Manectric|Flamethrower|p1a: Meta Knight\n|-supereffective|p1a: Meta Knight\n|-damage|p1a: Meta Knight|0 fnt\n|faint|p1a: Meta Knight\n|\n|upkeep\n|\n|t:|1699726261\n|switch|p1a: Pyribbit|Heatran, M|14\/100\n|turn|18\n|\n|t:|1699726266\n|move|p1a: Pyribbit|Earth Power|p2a: Manectric\n|-supereffective|p2a: Manectric\n|-damage|p2a: Manectric|5\/100\n|move|p2a: Manectric|Volt Switch|p1a: Pyribbit\n|-damage|p1a: Pyribbit|0 fnt\n|faint|p1a: Pyribbit\n|\n|t:|1699726271\n|switch|p2a: Qwilfish|Qwilfish-Hisui, F|63\/100|[from] Volt Switch\n|\n|upkeep\n|c|\u2606SkechiArt|why is scizor so damn slow ;-;\n|\n|t:|1699726280\n|switch|p1a: Magolor|Gholdengo|100\/100\n|turn|19\n|\n|t:|1699726289\n|move|p2a: Qwilfish|Destiny Bond|p2a: Qwilfish\n|-singlemove|p2a: Qwilfish|Destiny Bond\n|move|p1a: Magolor|Nasty Plot|p1a: Magolor\n|-boost|p1a: Magolor|spa|2\n|\n|upkeep\n|turn|20\n|\n|t:|1699726302\n|switch|p2a: Landorus|Landorus-Therian, M|100\/100\n|-ability|p2a: Landorus|Intimidate|boost\n|-unboost|p1a: Magolor|atk|1\n|move|p1a: Magolor|Shadow Ball|p2a: Landorus\n|-damage|p2a: Landorus|0 fnt\n|faint|p2a: Landorus\n|\n|upkeep\n|\n|t:|1699726312\n|switch|p2a: Manectric|Manectric-Mega, M|5\/100\n|-ability|p2a: Manectric|Intimidate|boost\n|-unboost|p1a: Magolor|atk|1\n|turn|21\n|\n|t:|1699726320\n|move|p2a: Manectric|Volt Switch|p1a: Magolor\n|-damage|p1a: Magolor|67\/100\n|\n|t:|1699726323\n|switch|p2a: Qwilfish|Qwilfish-Hisui, F|63\/100|[from] Volt Switch\n|-ability|p2a: Qwilfish|Intimidate|boost\n|-unboost|p1a: Magolor|atk|1\n|move|p1a: Magolor|Shadow Ball|p2a: Qwilfish\n|-resisted|p2a: Qwilfish\n|-damage|p2a: Qwilfish|14\/100\n|-unboost|p2a: Qwilfish|spd|1\n|\n|-heal|p1a: Magolor|73\/100|[from] item: Leftovers\n|upkeep\n|turn|22\n|\n|t:|1699726334\n|-terastallize|p1a: Magolor|Ghost\n|move|p2a: Qwilfish|Destiny Bond|p2a: Qwilfish\n|-singlemove|p2a: Qwilfish|Destiny Bond\n|move|p1a: Magolor|Shadow Ball|p2a: Qwilfish\n|-resisted|p2a: Qwilfish\n|-damage|p2a: Qwilfish|0 fnt\n|faint|p2a: Qwilfish\n|-activate|p2a: Qwilfish|move: Destiny Bond\n|faint|p1a: Magolor\n|\n|upkeep\n|\n|t:|1699726350\n|switch|p2a: Manectric|Manectric-Mega, M|5\/100\n|switch|p1a: Dynablade|Corviknight, M|100\/100\n|-ability|p2a: Manectric|Intimidate|boost\n|-ability|p1a: Dynablade|Mirror Armor\n|-unboost|p2a: Manectric|atk|1\n|turn|23\n|\n|t:|1699726357\n|move|p2a: Manectric|Volt Switch|p1a: Dynablade\n|-supereffective|p1a: Dynablade\n|-damage|p1a: Dynablade|23\/100\n|\n|t:|1699726360\n|switch|p2a: Salamence|Salamence, M|100\/100|[from] Volt Switch\n|-ability|p2a: Salamence|Intimidate|boost\n|-ability|p1a: Dynablade|Mirror Armor\n|-unboost|p2a: Salamence|atk|1\n|move|p1a: Dynablade|Body Press|p2a: Salamence\n|-resisted|p2a: Salamence\n|-damage|p2a: Salamence|84\/100\n|\n|-heal|p1a: Dynablade|30\/100|[from] item: Leftovers\n|upkeep\n|turn|24\n|\n|t:|1699726372\n|move|p2a: Salamence|Dragon Dance|p2a: Salamence\n|-boost|p2a: Salamence|atk|1\n|-boost|p2a: Salamence|spe|1\n|move|p1a: Dynablade|Roost|p1a: Dynablade\n|-heal|p1a: Dynablade|80\/100\n|-singleturn|p1a: Dynablade|move: Roost\n|\n|-heal|p1a: Dynablade|86\/100|[from] item: Leftovers\n|upkeep\n|turn|25\n|\n|t:|1699726382\n|move|p2a: Salamence|Dragon Dance|p2a: Salamence\n|-boost|p2a: Salamence|atk|1\n|-boost|p2a: Salamence|spe|1\n|move|p1a: Dynablade|Taunt|p2a: Salamence\n|-start|p2a: Salamence|move: Taunt\n|\n|-heal|p1a: Dynablade|92\/100|[from] item: Leftovers\n|upkeep\n|turn|26\n|\n|t:|1699726386\n|move|p2a: Salamence|Outrage|p1a: Dynablade\n|-resisted|p1a: Dynablade\n|-damage|p1a: Dynablade|62\/100\n|move|p1a: Dynablade|Body Press|p2a: Salamence\n|-resisted|p2a: Salamence\n|-damage|p2a: Salamence|69\/100\n|\n|-heal|p1a: Dynablade|69\/100|[from] item: Leftovers\n|upkeep\n|turn|27\n|\n|t:|1699726390\n|move|p2a: Salamence|Outrage|p1a: Dynablade|[from]lockedmove\n|-resisted|p1a: Dynablade\n|-damage|p1a: Dynablade|39\/100\n|move|p1a: Dynablade|Body Press|p2a: Salamence\n|-resisted|p2a: Salamence\n|-damage|p2a: Salamence|53\/100\n|\n|-heal|p1a: Dynablade|46\/100|[from] item: Leftovers\n|upkeep\n|turn|28\n|\n|t:|1699726396\n|move|p2a: Salamence|Outrage|p1a: Dynablade|[from]lockedmove\n|-resisted|p1a: Dynablade\n|-damage|p1a: Dynablade|16\/100\n|-start|p2a: Salamence|confusion|[fatigue]\n|move|p1a: Dynablade|Roost|p1a: Dynablade\n|-heal|p1a: Dynablade|66\/100\n|-singleturn|p1a: Dynablade|move: Roost\n|\n|-heal|p1a: Dynablade|73\/100|[from] item: Leftovers\n|-end|p2a: Salamence|move: Taunt\n|upkeep\n|turn|29\n|\n|t:|1699726407\n|-activate|p2a: Salamence|confusion\n|move|p2a: Salamence|Outrage|p1a: Dynablade\n|-resisted|p1a: Dynablade\n|-damage|p1a: Dynablade|45\/100\n|move|p1a: Dynablade|Taunt|p2a: Salamence\n|-start|p2a: Salamence|move: Taunt\n|\n|-heal|p1a: Dynablade|52\/100|[from] item: Leftovers\n|upkeep\n|turn|30\n|\n|t:|1699726413\n|-activate|p2a: Salamence|confusion\n|move|p2a: Salamence|Outrage|p1a: Dynablade|[from]lockedmove\n|-resisted|p1a: Dynablade\n|-damage|p1a: Dynablade|22\/100\n|move|p1a: Dynablade|Roost|p1a: Dynablade\n|-heal|p1a: Dynablade|72\/100\n|-singleturn|p1a: Dynablade|move: Roost\n|\n|-heal|p1a: Dynablade|78\/100|[from] item: Leftovers\n|upkeep\n|turn|31\n|\n|t:|1699726421\n|-end|p2a: Salamence|confusion\n|move|p2a: Salamence|Outrage|p1a: Dynablade\n|-resisted|p1a: Dynablade\n|-damage|p1a: Dynablade|49\/100\n|move|p1a: Dynablade|Body Press|p2a: Salamence\n|-resisted|p2a: Salamence\n|-damage|p2a: Salamence|35\/100\n|\n|-heal|p1a: Dynablade|55\/100|[from] item: Leftovers\n|upkeep\n|turn|32\n|\n|t:|1699726429\n|move|p2a: Salamence|Outrage|p1a: Dynablade|[from]lockedmove\n|-resisted|p1a: Dynablade\n|-damage|p1a: Dynablade|24\/100\n|move|p1a: Dynablade|Roost|p1a: Dynablade\n|-heal|p1a: Dynablade|74\/100\n|-singleturn|p1a: Dynablade|move: Roost\n|\n|-heal|p1a: Dynablade|80\/100|[from] item: Leftovers\n|-end|p2a: Salamence|move: Taunt\n|upkeep\n|turn|33\n|\n|t:|1699726434\n|move|p2a: Salamence|Outrage|p1a: Dynablade|[from]lockedmove\n|-resisted|p1a: Dynablade\n|-damage|p1a: Dynablade|50\/100\n|-start|p2a: Salamence|confusion|[fatigue]\n|move|p1a: Dynablade|Body Press|p2a: Salamence\n|-resisted|p2a: Salamence\n|-damage|p2a: Salamence|18\/100\n|\n|-heal|p1a: Dynablade|57\/100|[from] item: Leftovers\n|upkeep\n|turn|34\n|\n|t:|1699726444\n|-activate|p2a: Salamence|confusion\n|move|p2a: Salamence|Outrage|p1a: Dynablade\n|-resisted|p1a: Dynablade\n|-damage|p1a: Dynablade|28\/100\n|move|p1a: Dynablade|Roost|p1a: Dynablade\n|-heal|p1a: Dynablade|78\/100\n|-singleturn|p1a: Dynablade|move: Roost\n|\n|-heal|p1a: Dynablade|84\/100|[from] item: Leftovers\n|upkeep\n|turn|35\n|\n|t:|1699726450\n|-activate|p2a: Salamence|confusion\n|move|p2a: Salamence|Outrage|p1a: Dynablade|[from]lockedmove\n|-resisted|p1a: Dynablade\n|-damage|p1a: Dynablade|58\/100\n|move|p1a: Dynablade|Body Press|p2a: Salamence\n|-resisted|p2a: Salamence\n|-damage|p2a: Salamence|1\/100\n|\n|-heal|p1a: Dynablade|64\/100|[from] item: Leftovers\n|upkeep\n|turn|36\n|\n|t:|1699726457\n|-end|p2a: Salamence|confusion\n|move|p2a: Salamence|Outrage|p1a: Dynablade|[from]lockedmove\n|-resisted|p1a: Dynablade\n|-damage|p1a: Dynablade|34\/100\n|-start|p2a: Salamence|confusion|[fatigue]\n|move|p1a: Dynablade|Roost|p1a: Dynablade\n|-heal|p1a: Dynablade|84\/100\n|-singleturn|p1a: Dynablade|move: Roost\n|\n|-heal|p1a: Dynablade|90\/100|[from] item: Leftovers\n|upkeep\n|turn|37\n|\n|t:|1699726467\n|-activate|p2a: Salamence|confusion\n|move|p2a: Salamence|Outrage|p1a: Dynablade\n|-resisted|p1a: Dynablade\n|-damage|p1a: Dynablade|61\/100\n|move|p1a: Dynablade|Roost|p1a: Dynablade\n|-heal|p1a: Dynablade|100\/100\n|-singleturn|p1a: Dynablade|move: Roost\n|\n|upkeep\n|turn|38\n|\n|t:|1699726472\n|-activate|p2a: Salamence|confusion\n|-damage|p2a: Salamence|0 fnt|[from] confusion\n|faint|p2a: Salamence\n|move|p1a: Dynablade|Roost||[still]\n|-fail|p1a: Dynablade|heal\n|\n|upkeep\n|\n|t:|1699726474\n|switch|p2a: Manectric|Manectric-Mega, M|5\/100\n|-ability|p2a: Manectric|Intimidate|boost\n|-ability|p1a: Dynablade|Mirror Armor\n|-unboost|p2a: Manectric|atk|1\n|turn|39\n|\n|t:|1699726479\n|move|p2a: Manectric|Thunderbolt|p1a: Dynablade\n|-supereffective|p1a: Dynablade\n|-damage|p1a: Dynablade|0 fnt\n|faint|p1a: Dynablade\n|\n|upkeep\n|\n|t:|1699726485\n|switch|p1a: 02|Ferrothorn, M|100\/100\n|turn|40\n|\n|t:|1699726487\n|move|p2a: Manectric|Flamethrower|p1a: 02\n|-supereffective|p1a: 02\n|-damage|p1a: 02|0 fnt\n|faint|p1a: 02\n|\n|win|Viviexists\n|c|\u2606SkechiArt|gg\n|c|\u2606Viviexists|Gg lol\n","uploadtime":1699726508,"views":17,"p1id":"skechiart","p2id":"viviexists","formatid":"gen9nationaldexubers","rating":0,"private":0,"password":""}