{"id":"gen9nationaldexubers-1988651963","p1":"Brittain1998","p2":"Sussymatd","format":"[Gen 9] National Dex Ubers","log":"|j|\u2606Brittain1998\n|j|\u2606Sussymatd\n|t:|1699746442\n|gametype|singles\n|player|p1|Brittain1998|101|\n|player|p2|Sussymatd|steven|\n|teamsize|p1|4\n|teamsize|p2|4\n|gen|9\n|tier|[Gen 9] National Dex Ubers\n|rule|HP Percentage Mod: HP is shown in percentages\n|rule|Endless Battle Clause: Forcing endless battles is banned\n|rule|OHKO Clause: OHKO moves are banned\n|rule|Evasion Moves Clause: Evasion moves are banned\n|rule|Evasion Items Clause: Evasion items are banned\n|rule|Species Clause: Limit one of each Pok\u00e9mon\n|rule|Sleep Clause Mod: Limit one foe put to sleep\n|rule|Mega Rayquaza Clause: You cannot mega evolve Rayquaza\n|clearpoke\n|poke|p1|Chandelure, F|\n|poke|p1|Mimikyu, F|\n|poke|p1|Aegislash, M|\n|poke|p1|Dragapult, M|\n|poke|p2|Kingambit, M|\n|poke|p2|Blacephalon|\n|poke|p2|Annihilape, F|\n|poke|p2|Lopunny, F|\n|teampreview\n|c|\u2606Sussymatd|Im gonna start with blacephalon\n|\n|t:|1699746476\n|start\n|switch|p1a: Mimikyu|Mimikyu, F, shiny|100\/100\n|switch|p2a: Blacephalon|Blacephalon|100\/100\n|turn|1\n|\n|t:|1699746493\n|move|p2a: Blacephalon|Shadow Ball|p1a: Mimikyu\n|-activate|p1a: Mimikyu|ability: Disguise\n|-damage|p1a: Mimikyu|100\/100\n|detailschange|p1a: Mimikyu|Mimikyu-Busted, F, shiny\n|-damage|p1a: Mimikyu|88\/100|[from] pokemon: Mimikyu-Busted\n|move|p1a: Mimikyu|Swords Dance|p1a: Mimikyu\n|-boost|p1a: Mimikyu|atk|2\n|\n|upkeep\n|turn|2\n|\n|t:|1699746504\n|move|p1a: Mimikyu|Shadow Sneak|p2a: Blacephalon\n|-supereffective|p2a: Blacephalon\n|-damage|p2a: Blacephalon|0 fnt\n|faint|p2a: Blacephalon\n|-damage|p1a: Mimikyu|78\/100|[from] item: Life Orb\n|\n|upkeep\n|\n|t:|1699746521\n|switch|p2a: Annihilape|Annihilape, F|100\/100\n|turn|3\n|\n|t:|1699746540\n|switch|p1a: Aegislash|Aegislash, M, shiny|100\/100\n|move|p2a: Annihilape|Rage Fist|p1a: Aegislash\n|-supereffective|p1a: Aegislash\n|-damage|p1a: Aegislash|61\/100\n|\n|upkeep\n|turn|4\n|\n|t:|1699746551\n|switch|p2a: Kingambit|Kingambit, M|100\/100\n|-activate|p2a: Kingambit|ability: Supreme Overlord\n|-start|p2a: Kingambit|fallen1|[silent]\n|move|p1a: Aegislash|King's Shield||[still]\n|-fail|p1a: Aegislash\n|\n|upkeep\n|turn|5\n|\n|t:|1699746567\n|switch|p1a: Chandelure|Chandelure, F, shiny|100\/100\n|move|p2a: Kingambit|Swords Dance|p2a: Kingambit\n|-boost|p2a: Kingambit|atk|2\n|\n|upkeep\n|turn|6\n|\n|t:|1699746586\n|move|p1a: Chandelure|Flamethrower|p2a: Kingambit\n|-supereffective|p2a: Kingambit\n|-damage|p2a: Kingambit|10\/100\n|move|p2a: Kingambit|Zen Headbutt|p1a: Chandelure\n|-damage|p1a: Chandelure|0 fnt\n|faint|p1a: Chandelure\n|-damage|p2a: Kingambit|0 fnt|[from] item: Life Orb\n|faint|p2a: Kingambit\n|-end|p2a: Kingambit|fallen1|[silent]\n|\n|upkeep\n|\n|t:|1699746600\n|switch|p1a: Aegislash|Aegislash, M, shiny|61\/100\n|switch|p2a: Lopunny|Lopunny, F|100\/100\n|turn|7\n|\n|t:|1699746621\n|detailschange|p2a: Lopunny|Lopunny-Mega, F\n|-mega|p2a: Lopunny|Lopunny|Lopunnite\n|move|p2a: Lopunny|Fake Out|p1a: Aegislash\n|-resisted|p1a: Aegislash\n|-damage|p1a: Aegislash|53\/100\n|cant|p1a: Aegislash|flinch\n|\n|upkeep\n|turn|8\n|\n|t:|1699746627\n|move|p2a: Lopunny|Drain Punch|p1a: Aegislash\n|-supereffective|p1a: Aegislash\n|-damage|p1a: Aegislash|0 fnt\n|faint|p1a: Aegislash\n|\n|upkeep\n|\n|t:|1699746632\n|switch|p1a: Mimikyu|Mimikyu-Busted, F, shiny|78\/100\n|turn|9\n|\n|t:|1699746637\n|move|p2a: Lopunny|Return|p1a: Mimikyu\n|-crit|p1a: Mimikyu\n|-damage|p1a: Mimikyu|0 fnt\n|faint|p1a: Mimikyu\n|\n|upkeep\n|\n|t:|1699746641\n|switch|p1a: Dragapult|Dragapult, M, shiny|100\/100\n|turn|10\n|\n|t:|1699746653\n|move|p2a: Lopunny|Return|p1a: Dragapult\n|-damage|p1a: Dragapult|22\/100\n|move|p1a: Dragapult|Dragon Dance|p1a: Dragapult\n|-boost|p1a: Dragapult|atk|1\n|-boost|p1a: Dragapult|spe|1\n|\n|upkeep\n|turn|11\n|\n|t:|1699746665\n|move|p1a: Dragapult|Dragon Darts|p2a: Lopunny\n|-damage|p2a: Lopunny|51\/100\n|-anim|p1a: Dragapult|Dragon Darts|p2a: Lopunny\n|-damage|p2a: Lopunny|0 fnt\n|faint|p2a: Lopunny\n|\n|upkeep\n|\n|t:|1699746669\n|switch|p2a: Annihilape|Annihilape, F|100\/100\n|turn|12\n|\n|t:|1699746674\n|move|p1a: Dragapult|Phantom Force||[still]\n|-prepare|p1a: Dragapult|Phantom Force\n|move|p2a: Annihilape|Rage Fist|p1a: Dragapult|[miss]\n|-miss|p2a: Annihilape|p1a: Dragapult\n|\n|upkeep\n|turn|13\n|\n|t:|1699746678\n|move|p1a: Dragapult|Phantom Force|p2a: Annihilape|[from]lockedmove\n|-supereffective|p2a: Annihilape\n|-damage|p2a: Annihilape|0 fnt\n|faint|p2a: Annihilape\n|\n|win|Brittain1998\n","uploadtime":1699746685,"views":19,"p1id":"brittain1998","p2id":"sussymatd","formatid":"gen9nationaldexubers","rating":0,"private":0,"password":""}