{"id":"gen9nationaldexubers-1998574868","p1":"MunchingPatato","p2":"ArcQuestions","format":"[Gen 9] National Dex Ubers","log":"|j|\u2606MunchingPatato\n|j|\u2606ArcQuestions\n|t:|1700958223\n|gametype|singles\n|player|p1|MunchingPatato|preschooler|\n|player|p2|ArcQuestions|ruinmaniac|\n|teamsize|p1|6\n|teamsize|p2|6\n|gen|9\n|tier|[Gen 9] National Dex Ubers\n|rule|HP Percentage Mod: HP is shown in percentages\n|rule|Endless Battle Clause: Forcing endless battles is banned\n|rule|OHKO Clause: OHKO moves are banned\n|rule|Evasion Moves Clause: Evasion moves are banned\n|rule|Evasion Items Clause: Evasion items are banned\n|rule|Species Clause: Limit one of each Pok\u00e9mon\n|rule|Sleep Clause Mod: Limit one foe put to sleep\n|rule|Mega Rayquaza Clause: You cannot mega evolve Rayquaza\n|clearpoke\n|poke|p1|Torkoal, M|\n|poke|p1|Charizard, M|\n|poke|p1|Leafeon, M|\n|poke|p1|Garganacl, F|\n|poke|p1|Raichu, M|\n|poke|p1|Lucario, M|\n|poke|p2|Gliscor, F|\n|poke|p2|Clodsire, M|\n|poke|p2|Excadrill, M|\n|poke|p2|Garchomp, M|\n|poke|p2|Swampert, M|\n|poke|p2|Mamoswine, F|\n|teampreview\n|\n|t:|1700958234\n|start\n|switch|p1a: Torkoal|Torkoal, M|100\/100\n|switch|p2a: Clodsire|Clodsire, M|100\/100\n|-weather|SunnyDay|[from] ability: Drought|[of] p1a: Torkoal\n|turn|1\n|\n|t:|1700958246\n|move|p2a: Clodsire|Toxic Spikes|p1a: Torkoal\n|-sidestart|p1: MunchingPatato|move: Toxic Spikes\n|move|p1a: Torkoal|Stealth Rock|p2a: Clodsire\n|-sidestart|p2: ArcQuestions|move: Stealth Rock\n|\n|-weather|SunnyDay|[upkeep]\n|upkeep\n|turn|2\n|\n|t:|1700958254\n|move|p1a: Torkoal|Rapid Spin|p2a: Clodsire\n|-damage|p2a: Clodsire|90\/100\n|-boost|p1a: Torkoal|spe|1\n|-sideend|p1: MunchingPatato|Toxic Spikes|[from] move: Rapid Spin|[of] p1a: Torkoal\n|move|p2a: Clodsire|Liquidation|p1a: Torkoal\n|-supereffective|p1a: Torkoal\n|-damage|p1a: Torkoal|92\/100\n|\n|-weather|SunnyDay|[upkeep]\n|-heal|p1a: Torkoal|98\/100|[from] item: Leftovers\n|upkeep\n|turn|3\n|\n|t:|1700958265\n|move|p1a: Torkoal|Lava Plume|p2a: Clodsire\n|-damage|p2a: Clodsire|72\/100\n|move|p2a: Clodsire|Toxic Spikes|p1a: Torkoal\n|-sidestart|p1: MunchingPatato|move: Toxic Spikes\n|\n|-weather|SunnyDay|[upkeep]\n|-heal|p1a: Torkoal|100\/100|[from] item: Leftovers\n|upkeep\n|turn|4\n|\n|t:|1700958286\n|move|p1a: Torkoal|Rapid Spin|p2a: Clodsire\n|-damage|p2a: Clodsire|62\/100\n|-boost|p1a: Torkoal|spe|1\n|-sideend|p1: MunchingPatato|Toxic Spikes|[from] move: Rapid Spin|[of] p1a: Torkoal\n|move|p2a: Clodsire|Counter|p1a: Torkoal\n|-damage|p1a: Torkoal|74\/100\n|\n|-weather|SunnyDay|[upkeep]\n|-heal|p1a: Torkoal|80\/100|[from] item: Leftovers\n|upkeep\n|turn|5\n|\n|t:|1700958300\n|move|p1a: Torkoal|Lava Plume|p2a: Clodsire\n|-damage|p2a: Clodsire|43\/100\n|-status|p2a: Clodsire|brn\n|-enditem|p2a: Clodsire|Lum Berry|[eat]\n|-curestatus|p2a: Clodsire|brn|[msg]\n|move|p2a: Clodsire|Toxic Spikes|p1a: Torkoal\n|-sidestart|p1: MunchingPatato|move: Toxic Spikes\n|\n|-weather|none\n|-heal|p1a: Torkoal|87\/100|[from] item: Leftovers\n|upkeep\n|turn|6\n|\n|t:|1700958325\n|move|p1a: Torkoal|Rapid Spin|p2a: Clodsire\n|-damage|p2a: Clodsire|32\/100\n|-boost|p1a: Torkoal|spe|1\n|-sideend|p1: MunchingPatato|Toxic Spikes|[from] move: Rapid Spin|[of] p1a: Torkoal\n|move|p2a: Clodsire|Liquidation|p1a: Torkoal\n|-supereffective|p1a: Torkoal\n|-damage|p1a: Torkoal|69\/100\n|\n|-heal|p1a: Torkoal|75\/100|[from] item: Leftovers\n|upkeep\n|turn|7\n|\n|t:|1700958337\n|move|p1a: Torkoal|Lava Plume|p2a: Clodsire\n|-damage|p2a: Clodsire|19\/100\n|move|p2a: Clodsire|Recover|p2a: Clodsire\n|-heal|p2a: Clodsire|69\/100\n|\n|-heal|p1a: Torkoal|81\/100|[from] item: Leftovers\n|upkeep\n|turn|8\n|\n|t:|1700958362\n|switch|p1a: Garganacl|Garganacl, F|100\/100\n|move|p2a: Clodsire|Toxic Spikes|p1a: Garganacl\n|-sidestart|p1: MunchingPatato|move: Toxic Spikes\n|\n|upkeep\n|turn|9\n|\n|t:|1700958369\n|move|p1a: Garganacl|Salt Cure|p2a: Clodsire\n|-resisted|p2a: Clodsire\n|-damage|p2a: Clodsire|62\/100\n|-start|p2a: Clodsire|Salt Cure\n|move|p2a: Clodsire|Liquidation|p1a: Garganacl\n|-supereffective|p1a: Garganacl\n|-damage|p1a: Garganacl|80\/100\n|\n|-heal|p1a: Garganacl|86\/100|[from] item: Leftovers\n|-damage|p2a: Clodsire|50\/100|[from] Salt Cure\n|upkeep\n|turn|10\n|\n|t:|1700958381\n|move|p1a: Garganacl|Recover|p1a: Garganacl\n|-heal|p1a: Garganacl|100\/100\n|move|p2a: Clodsire|Counter||[still]\n|-fail|p2a: Clodsire\n|\n|-damage|p2a: Clodsire|38\/100|[from] Salt Cure\n|upkeep\n|turn|11\n|\n|t:|1700958402\n|switch|p1a: Torkoal|Torkoal, M|81\/100\n|-status|p1a: Torkoal|psn\n|-weather|SunnyDay|[from] ability: Drought|[of] p1a: Torkoal\n|move|p2a: Clodsire|Liquidation|p1a: Torkoal\n|-supereffective|p1a: Torkoal\n|-damage|p1a: Torkoal|71\/100 psn\n|-unboost|p1a: Torkoal|def|1\n|\n|-weather|SunnyDay|[upkeep]\n|-heal|p1a: Torkoal|78\/100 psn|[from] item: Leftovers\n|-damage|p1a: Torkoal|65\/100 psn|[from] psn\n|-damage|p2a: Clodsire|25\/100|[from] Salt Cure\n|upkeep\n|turn|12\n|\n|t:|1700958448\n|move|p1a: Torkoal|Rapid Spin|p2a: Clodsire\n|-damage|p2a: Clodsire|16\/100\n|-boost|p1a: Torkoal|spe|1\n|-sideend|p1: MunchingPatato|Toxic Spikes|[from] move: Rapid Spin|[of] p1a: Torkoal\n|move|p2a: Clodsire|Liquidation|p1a: Torkoal\n|-supereffective|p1a: Torkoal\n|-damage|p1a: Torkoal|53\/100 psn\n|\n|-weather|SunnyDay|[upkeep]\n|-heal|p1a: Torkoal|59\/100 psn|[from] item: Leftovers\n|-damage|p1a: Torkoal|46\/100 psn|[from] psn\n|-damage|p2a: Clodsire|3\/100|[from] Salt Cure\n|upkeep\n|turn|13\n|\n|t:|1700958472\n|switch|p1a: Charizard|Charizard, M|100\/100\n|move|p2a: Clodsire|Toxic Spikes|p1a: Charizard\n|-sidestart|p1: MunchingPatato|move: Toxic Spikes\n|\n|-weather|SunnyDay|[upkeep]\n|-damage|p1a: Charizard|88\/100|[from] ability: Solar Power|[of] p1a: Charizard\n|-damage|p2a: Clodsire|0 fnt|[from] Salt Cure\n|faint|p2a: Clodsire\n|upkeep\n|\n|t:|1700958484\n|switch|p2a: Swampert|Swampert, M|100\/100\n|-damage|p2a: Swampert|94\/100|[from] Stealth Rock\n|turn|14\n|\n|t:|1700958492\n|move|p1a: Charizard|Solar Beam||[still]\n|-prepare|p1a: Charizard|Solar Beam\n|-anim|p1a: Charizard|Solar Beam|p2a: Swampert\n|-supereffective|p2a: Swampert\n|-damage|p2a: Swampert|0 fnt\n|faint|p2a: Swampert\n|\n|-weather|SunnyDay|[upkeep]\n|-damage|p1a: Charizard|76\/100|[from] ability: Solar Power|[of] p1a: Charizard\n|upkeep\n|\n|t:|1700958517\n|switch|p2a: Excadrill|Excadrill, M|100\/100\n|-damage|p2a: Excadrill|97\/100|[from] Stealth Rock\n|-ability|p2a: Excadrill|Mold Breaker\n|turn|15\n|\n|t:|1700958524\n|move|p1a: Charizard|Flamethrower|p2a: Excadrill\n|-supereffective|p2a: Excadrill\n|-damage|p2a: Excadrill|0 fnt\n|faint|p2a: Excadrill\n|\n|-weather|none\n|upkeep\n|\n|t:|1700958541\n|switch|p2a: Gliscor|Gliscor, F|100\/100\n|-damage|p2a: Gliscor|88\/100|[from] Stealth Rock\n|turn|16\n|\n|t:|1700958557\n|switch|p1a: Raichu|Raichu, M|100\/100\n|move|p2a: Gliscor|Sandstorm|p2a: Gliscor\n|-weather|Sandstorm\n|\n|-weather|Sandstorm|[upkeep]\n|-damage|p1a: Raichu|94\/100|[from] Sandstorm\n|upkeep\n|turn|17\n|\n|t:|1700958579\n|switch|p2a: Garchomp|Garchomp, M|100\/100\n|-damage|p2a: Garchomp|94\/100|[from] Stealth Rock\n|move|p1a: Raichu|Surf|p2a: Garchomp\n|-damage|p2a: Garchomp|65\/100\n|\n|-weather|Sandstorm|[upkeep]\n|-damage|p1a: Raichu|88\/100|[from] Sandstorm\n|-heal|p2a: Garchomp|71\/100|[from] item: Leftovers\n|upkeep\n|turn|18\n|\n|t:|1700958592\n|switch|p1a: Torkoal|Torkoal, M|46\/100 psn\n|-weather|SunnyDay|[from] ability: Drought|[of] p1a: Torkoal\n|move|p2a: Garchomp|Spikes|p1a: Torkoal\n|-sidestart|p1: MunchingPatato|Spikes\n|\n|-weather|SunnyDay|[upkeep]\n|-heal|p2a: Garchomp|77\/100|[from] item: Leftovers\n|-heal|p1a: Torkoal|53\/100 psn|[from] item: Leftovers\n|-damage|p1a: Torkoal|40\/100 psn|[from] psn\n|upkeep\n|turn|19\n|\n|t:|1700958604\n|move|p2a: Garchomp|Earthquake|p1a: Torkoal\n|-supereffective|p1a: Torkoal\n|-damage|p1a: Torkoal|0 fnt\n|faint|p1a: Torkoal\n|\n|-weather|SunnyDay|[upkeep]\n|-heal|p2a: Garchomp|83\/100|[from] item: Leftovers\n|upkeep\n|\n|t:|1700958618\n|switch|p1a: Leafeon|Leafeon, M|100\/100\n|turn|20\n|\n|t:|1700958622\n|move|p1a: Leafeon|Solar Blade||[still]\n|-prepare|p1a: Leafeon|Solar Blade\n|-anim|p1a: Leafeon|Solar Blade|p2a: Garchomp\n|-damage|p2a: Garchomp|20\/100\n|-damage|p1a: Leafeon|88\/100|[from] ability: Rough Skin|[of] p2a: Garchomp\n|move|p2a: Garchomp|Flamethrower|p1a: Leafeon\n|-supereffective|p1a: Leafeon\n|-damage|p1a: Leafeon|0 fnt\n|faint|p1a: Leafeon\n|\n|-weather|SunnyDay|[upkeep]\n|-heal|p2a: Garchomp|26\/100|[from] item: Leftovers\n|upkeep\n|\n|t:|1700958634\n|switch|p1a: Charizard|Charizard, M|76\/100\n|turn|21\n|\n|t:|1700958642\n|move|p2a: Garchomp|Dragon Pulse|p1a: Charizard\n|-damage|p1a: Charizard|31\/100\n|move|p1a: Charizard|Solar Beam||[still]\n|-prepare|p1a: Charizard|Solar Beam\n|-anim|p1a: Charizard|Solar Beam|p2a: Garchomp\n|-crit|p2a: Garchomp\n|-damage|p2a: Garchomp|0 fnt\n|faint|p2a: Garchomp\n|\n|-weather|SunnyDay|[upkeep]\n|-damage|p1a: Charizard|18\/100|[from] ability: Solar Power|[of] p1a: Charizard\n|upkeep\n|\n|t:|1700958654\n|switch|p2a: Gliscor|Gliscor, F|88\/100\n|-damage|p2a: Gliscor|76\/100|[from] Stealth Rock\n|turn|22\n|\n|t:|1700958663\n|move|p2a: Gliscor|Aerial Ace|p1a: Charizard\n|-damage|p1a: Charizard|0 fnt\n|faint|p1a: Charizard\n|\n|-weather|none\n|upkeep\n|\n|t:|1700958686\n|switch|p1a: Raichu|Raichu, M|88\/100\n|turn|23\n|\n|t:|1700958690\n|move|p2a: Gliscor|Aerial Ace|p1a: Raichu\n|-resisted|p1a: Raichu\n|-damage|p1a: Raichu|63\/100\n|move|p1a: Raichu|Surf|p2a: Gliscor\n|-supereffective|p2a: Gliscor\n|-damage|p2a: Gliscor|2\/100\n|\n|upkeep\n|turn|24\n|\n|t:|1700958704\n|move|p2a: Gliscor|Aerial Ace|p1a: Raichu\n|-resisted|p1a: Raichu\n|-damage|p1a: Raichu|38\/100\n|move|p1a: Raichu|Surf|p2a: Gliscor\n|-supereffective|p2a: Gliscor\n|-damage|p2a: Gliscor|0 fnt\n|faint|p2a: Gliscor\n|\n|upkeep\n|\n|t:|1700958713\n|switch|p2a: Mamoswine|Mamoswine, F|100\/100\n|-damage|p2a: Mamoswine|88\/100|[from] Stealth Rock\n|turn|25\n|\n|t:|1700958720\n|move|p1a: Raichu|Grass Knot|p2a: Mamoswine\n|-supereffective|p2a: Mamoswine\n|-damage|p2a: Mamoswine|0 fnt\n|faint|p2a: Mamoswine\n|\n|win|MunchingPatato\n","uploadtime":1700958727,"views":8,"p1id":"munchingpatato","p2id":"arcquestions","formatid":"gen9nationaldexubers","rating":0,"private":0,"password":""}