{"id":"gen9nationaldexubers-1997866854","p1":"Zake202012","p2":"Bruhpogo","format":"[Gen 9] National Dex Ubers","log":"|j|\u2606Zake202012\n|j|\u2606Bruhpogo\n|t:|1700861477\n|gametype|singles\n|player|p1|Zake202012|n|1194\n|player|p2|Bruhpogo|yellow|1304\n|teamsize|p1|6\n|teamsize|p2|6\n|gen|9\n|tier|[Gen 9] National Dex Ubers\n|rated|\n|rule|HP Percentage Mod: HP is shown in percentages\n|rule|Endless Battle Clause: Forcing endless battles is banned\n|rule|OHKO Clause: OHKO moves are banned\n|rule|Evasion Moves Clause: Evasion moves are banned\n|rule|Evasion Items Clause: Evasion items are banned\n|rule|Species Clause: Limit one of each Pok\u00e9mon\n|rule|Sleep Clause Mod: Limit one foe put to sleep\n|rule|Mega Rayquaza Clause: You cannot mega evolve Rayquaza\n|clearpoke\n|poke|p1|Zoroark-Hisui, F|\n|poke|p1|Klefki, M|\n|poke|p1|Aegislash, F|\n|poke|p1|Feraligatr, M|\n|poke|p1|Victini|\n|poke|p1|Lycanroc-Dusk, F|\n|poke|p2|Chien-Pao|\n|poke|p2|Ting-Lu|\n|poke|p2|Great Tusk|\n|poke|p2|Skeledirge, M|\n|poke|p2|Zapdos|\n|poke|p2|Pyukumuku, M|\n|teampreview\n|inactive|Battle timer is ON: inactive players will automatically lose when time's up. (requested by Zake202012)\n|\n|t:|1700861499\n|start\n|switch|p1a: Klefki|Klefki, M|100\/100\n|switch|p2a: Ting-Lu|Ting-Lu|100\/100\n|-ability|p2a: Ting-Lu|Vessel of Ruin\n|turn|1\n|\n|t:|1700861507\n|move|p1a: Klefki|Toxic|p2a: Ting-Lu\n|-hint|Since gen 7, Dark is immune to Prankster moves.\n|-immune|p2a: Ting-Lu\n|move|p2a: Ting-Lu|Spikes|p1a: Klefki\n|-sidestart|p1: Zake202012|Spikes\n|\n|upkeep\n|turn|2\n|\n|t:|1700861513\n|move|p1a: Klefki|Defog|p2a: Ting-Lu\n|-hint|Since gen 7, Dark is immune to Prankster moves.\n|-immune|p2a: Ting-Lu\n|move|p2a: Ting-Lu|Spikes|p1a: Klefki\n|-sidestart|p1: Zake202012|Spikes\n|\n|upkeep\n|turn|3\n|\n|t:|1700861518\n|switch|p1a: Feraligatr|Feraligatr, M|100\/100\n|-damage|p1a: Feraligatr|84\/100|[from] Spikes\n|move|p2a: Ting-Lu|Whirlwind|p1a: Feraligatr\n|drag|p1a: Lycanroc|Lycanroc-Dusk, F|100\/100\n|-damage|p1a: Lycanroc|84\/100|[from] Spikes\n|\n|upkeep\n|turn|4\n|\n|t:|1700861527\n|move|p1a: Lycanroc|Close Combat|p2a: Ting-Lu\n|-supereffective|p2a: Ting-Lu\n|-damage|p2a: Ting-Lu|45\/100\n|-unboost|p1a: Lycanroc|def|1\n|-unboost|p1a: Lycanroc|spd|1\n|move|p2a: Ting-Lu|Spikes|p1a: Lycanroc\n|-sidestart|p1: Zake202012|Spikes\n|\n|-heal|p2a: Ting-Lu|51\/100|[from] item: Leftovers\n|upkeep\n|turn|5\n|\n|t:|1700861540\n|-terastallize|p2a: Ting-Lu|Poison\n|move|p1a: Lycanroc|Close Combat|p2a: Ting-Lu\n|-resisted|p2a: Ting-Lu\n|-damage|p2a: Ting-Lu|38\/100\n|-unboost|p1a: Lycanroc|def|1\n|-unboost|p1a: Lycanroc|spd|1\n|move|p2a: Ting-Lu|Earthquake|p1a: Lycanroc\n|-supereffective|p1a: Lycanroc\n|-damage|p1a: Lycanroc|0 fnt\n|faint|p1a: Lycanroc\n|\n|-heal|p2a: Ting-Lu|44\/100|[from] item: Leftovers\n|upkeep\n|\n|t:|1700861548\n|switch|p1a: Klefki|Klefki, M|100\/100\n|-damage|p1a: Klefki|76\/100|[from] Spikes\n|turn|6\n|\n|t:|1700861552\n|switch|p2a: Chien-Pao|Chien-Pao|100\/100\n|-ability|p2a: Chien-Pao|Sword of Ruin\n|move|p1a: Klefki|Defog|p2a: Chien-Pao\n|-hint|Since gen 7, Dark is immune to Prankster moves.\n|-immune|p2a: Chien-Pao\n|\n|-heal|p1a: Klefki|82\/100|[from] item: Leftovers\n|upkeep\n|turn|7\n|\n|t:|1700861562\n|switch|p1a: Aegislash|Aegislash, F|100\/100\n|-damage|p1a: Aegislash|76\/100|[from] Spikes\n|move|p2a: Chien-Pao|Sacred Sword|p1a: Aegislash\n|-immune|p1a: Aegislash\n|\n|-heal|p1a: Aegislash|82\/100|[from] item: Leftovers\n|upkeep\n|turn|8\n|\n|t:|1700861571\n|-terastallize|p1a: Aegislash|Steel\n|move|p2a: Chien-Pao|Icicle Crash|p1a: Aegislash|[miss]\n|-miss|p2a: Chien-Pao|p1a: Aegislash\n|-formechange|p1a: Aegislash|Aegislash-Blade||[from] ability: Stance Change\n|move|p1a: Aegislash|Flash Cannon|p2a: Chien-Pao\n|-supereffective|p2a: Chien-Pao\n|-damage|p2a: Chien-Pao|0 fnt\n|faint|p2a: Chien-Pao\n|\n|-heal|p1a: Aegislash|88\/100|[from] item: Leftovers\n|upkeep\n|\n|t:|1700861586\n|switch|p2a: Zapdos|Zapdos|100\/100\n|turn|9\n|\n|t:|1700861594\n|switch|p1a: Klefki|Klefki, M|82\/100\n|-damage|p1a: Klefki|57\/100|[from] Spikes\n|move|p2a: Zapdos|Volt Switch|p1a: Klefki\n|-damage|p1a: Klefki|13\/100\n|\n|t:|1700861605\n|switch|p2a: Ting-Lu|Ting-Lu, tera:Poison|44\/100|[from] Volt Switch\n|-ability|p2a: Ting-Lu|Vessel of Ruin\n|\n|-heal|p1a: Klefki|19\/100|[from] item: Leftovers\n|-heal|p2a: Ting-Lu|50\/100|[from] item: Leftovers\n|upkeep\n|turn|10\n|\n|t:|1700861612\n|move|p1a: Klefki|Defog|p2a: Ting-Lu\n|-unboost|p2a: Ting-Lu|evasion|1\n|-sideend|p1: Zake202012|Spikes|[from] move: Defog|[of] p1a: Klefki\n|move|p2a: Ting-Lu|Whirlwind|p1a: Klefki\n|drag|p1a: Victini|Victini|100\/100\n|\n|-heal|p2a: Ting-Lu|56\/100|[from] item: Leftovers\n|upkeep\n|turn|11\n|\n|t:|1700861628\n|move|p1a: Victini|V-create|p2a: Ting-Lu\n|-damage|p2a: Ting-Lu|11\/100\n|-unboost|p1a: Victini|spe|1\n|-unboost|p1a: Victini|def|1\n|-unboost|p1a: Victini|spd|1\n|move|p2a: Ting-Lu|Spikes|p1a: Victini\n|-sidestart|p1: Zake202012|Spikes\n|\n|-heal|p2a: Ting-Lu|17\/100|[from] item: Leftovers\n|upkeep\n|turn|12\n|\n|t:|1700861638\n|switch|p2a: Skeledirge|Skeledirge, M|100\/100\n|move|p1a: Victini|V-create|p2a: Skeledirge\n|-resisted|p2a: Skeledirge\n|-damage|p2a: Skeledirge|74\/100\n|-unboost|p1a: Victini|spe|1\n|-unboost|p1a: Victini|def|1\n|-unboost|p1a: Victini|spd|1\n|\n|upkeep\n|turn|13\n|\n|t:|1700861652\n|switch|p1a: Klefki|Klefki, M|100\/100\n|-damage|p1a: Klefki|88\/100|[from] Spikes\n|move|p2a: Skeledirge|Earth Power|p1a: Klefki\n|-damage|p1a: Klefki|41\/100\n|replace|p1a: Zoroark|Zoroark-Hisui, F\n|-end|p1a: Zoroark|Illusion\n|\n|upkeep\n|turn|14\n|\n|t:|1700861660\n|switch|p2a: Pyukumuku|Pyukumuku, M|100\/100\n|move|p1a: Zoroark|Shadow Ball|p2a: Pyukumuku\n|-damage|p2a: Pyukumuku|75\/100\n|\n|-heal|p2a: Pyukumuku|81\/100|[from] item: Leftovers\n|upkeep\n|turn|15\n|\n|t:|1700861668\n|switch|p1a: Klefki|Klefki, M|19\/100\n|-damage|p1a: Klefki|7\/100|[from] Spikes\n|move|p2a: Pyukumuku|Mirror Coat||[still]\n|-fail|p2a: Pyukumuku\n|\n|-heal|p1a: Klefki|13\/100|[from] item: Leftovers\n|-heal|p2a: Pyukumuku|87\/100|[from] item: Leftovers\n|upkeep\n|turn|16\n|\n|t:|1700861674\n|switch|p2a: Great Tusk|Great Tusk|100\/100\n|move|p1a: Klefki|Defog|p2a: Great Tusk\n|-unboost|p2a: Great Tusk|evasion|1\n|-sideend|p1: Zake202012|Spikes|[from] move: Defog|[of] p1a: Klefki\n|\n|-heal|p1a: Klefki|19\/100|[from] item: Leftovers\n|upkeep\n|turn|17\n|\n|t:|1700861677\n|move|p1a: Klefki|Toxic|p2a: Great Tusk\n|-status|p2a: Great Tusk|tox\n|move|p2a: Great Tusk|Earthquake|p1a: Klefki\n|-supereffective|p1a: Klefki\n|-damage|p1a: Klefki|0 fnt\n|faint|p1a: Klefki\n|\n|-damage|p2a: Great Tusk|94\/100 tox|[from] psn\n|upkeep\n|\n|t:|1700861683\n|switch|p1a: Feraligatr|Feraligatr, M|84\/100\n|turn|18\n|\n|t:|1700861688\n|move|p1a: Feraligatr|Liquidation|p2a: Great Tusk\n|-supereffective|p2a: Great Tusk\n|-damage|p2a: Great Tusk|25\/100 tox\n|-damage|p1a: Feraligatr|68\/100|[from] item: Rocky Helmet|[of] p2a: Great Tusk\n|move|p2a: Great Tusk|Stealth Rock|p1a: Feraligatr\n|-sidestart|p1: Zake202012|move: Stealth Rock\n|\n|-damage|p2a: Great Tusk|13\/100 tox|[from] psn\n|upkeep\n|turn|19\n|\n|t:|1700861697\n|-end|p2a: Great Tusk|Protosynthesis|[silent]\n|switch|p2a: Pyukumuku|Pyukumuku, M|87\/100\n|move|p1a: Feraligatr|Liquidation|p2a: Pyukumuku\n|-resisted|p2a: Pyukumuku\n|-damage|p2a: Pyukumuku|57\/100\n|\n|-heal|p2a: Pyukumuku|63\/100|[from] item: Leftovers\n|upkeep\n|turn|20\n|\n|t:|1700861703\n|switch|p1a: Aegislash|Aegislash, F, tera:Steel|88\/100\n|-damage|p1a: Aegislash|82\/100|[from] Stealth Rock\n|move|p2a: Pyukumuku|Soak|p1a: Aegislash\n|-fail|p1a: Aegislash\n|\n|-heal|p1a: Aegislash|88\/100|[from] item: Leftovers\n|-heal|p2a: Pyukumuku|69\/100|[from] item: Leftovers\n|upkeep\n|turn|21\n|\n|t:|1700861714\n|switch|p2a: Great Tusk|Great Tusk|13\/100 tox\n|move|p1a: Aegislash|Toxic|p2a: Great Tusk\n|-fail|p2a: Great Tusk|tox\n|\n|-heal|p1a: Aegislash|94\/100|[from] item: Leftovers\n|-damage|p2a: Great Tusk|7\/100 tox|[from] psn\n|upkeep\n|turn|22\n|\n|t:|1700861730\n|move|p1a: Aegislash|King's Shield|p1a: Aegislash\n|-singleturn|p1a: Aegislash|Protect\n|move|p2a: Great Tusk|Earthquake|p1a: Aegislash\n|-activate|p1a: Aegislash|move: Protect\n|\n|-heal|p1a: Aegislash|99\/100|[from] item: Leftovers\n|-damage|p2a: Great Tusk|0 fnt|[from] psn\n|faint|p2a: Great Tusk\n|-end|p2a: Great Tusk|Protosynthesis|[silent]\n|upkeep\n|\n|t:|1700861733\n|switch|p2a: Ting-Lu|Ting-Lu, tera:Poison|17\/100\n|-ability|p2a: Ting-Lu|Vessel of Ruin\n|turn|23\n|\n|t:|1700861739\n|-formechange|p1a: Aegislash|Aegislash-Blade||[from] ability: Stance Change\n|move|p1a: Aegislash|Flash Cannon|p2a: Ting-Lu\n|-damage|p2a: Ting-Lu|0 fnt\n|faint|p2a: Ting-Lu\n|\n|-heal|p1a: Aegislash|100\/100|[from] item: Leftovers\n|upkeep\n|\n|t:|1700861745\n|switch|p2a: Skeledirge|Skeledirge, M|74\/100\n|turn|24\n|\n|t:|1700861751\n|switch|p1a: Feraligatr|Feraligatr, M|68\/100\n|-damage|p1a: Feraligatr|55\/100|[from] Stealth Rock\n|switch|p2a: Pyukumuku|Pyukumuku, M|69\/100\n|\n|-heal|p2a: Pyukumuku|75\/100|[from] item: Leftovers\n|upkeep\n|turn|25\n|\n|t:|1700861757\n|switch|p1a: Aegislash|Aegislash, F, tera:Steel|100\/100\n|-damage|p1a: Aegislash|94\/100|[from] Stealth Rock\n|move|p2a: Pyukumuku|Recover|p2a: Pyukumuku\n|-heal|p2a: Pyukumuku|100\/100\n|\n|-heal|p1a: Aegislash|100\/100|[from] item: Leftovers\n|upkeep\n|turn|26\n|\n|t:|1700861761\n|move|p1a: Aegislash|Toxic|p2a: Pyukumuku\n|-status|p2a: Pyukumuku|tox\n|move|p2a: Pyukumuku|Mirror Coat||[still]\n|-fail|p2a: Pyukumuku\n|\n|-damage|p2a: Pyukumuku|94\/100 tox|[from] psn\n|upkeep\n|turn|27\n|\n|t:|1700861769\n|switch|p1a: Aegislash|Aegislash, F|41\/100\n|-damage|p1a: Aegislash|28\/100|[from] Stealth Rock\n|move|p2a: Pyukumuku|Mirror Coat||[still]\n|-fail|p2a: Pyukumuku\n|\n|-heal|p2a: Pyukumuku|100\/100 tox|[from] item: Leftovers\n|-damage|p2a: Pyukumuku|88\/100 tox|[from] psn\n|upkeep\n|-start|p1a: Aegislash|typechange|Steel|[silent]\n|turn|28\n|\n|t:|1700861774\n|move|p1a: Aegislash|Nasty Plot|p1a: Aegislash\n|-boost|p1a: Aegislash|spa|2\n|move|p2a: Pyukumuku|Mirror Coat||[still]\n|-fail|p2a: Pyukumuku\n|\n|-heal|p2a: Pyukumuku|94\/100 tox|[from] item: Leftovers\n|-damage|p2a: Pyukumuku|76\/100 tox|[from] psn\n|upkeep\n|turn|29\n|\n|t:|1700861776\n|move|p1a: Aegislash|Nasty Plot|p1a: Aegislash\n|-boost|p1a: Aegislash|spa|2\n|move|p2a: Pyukumuku|Mirror Coat||[still]\n|-fail|p2a: Pyukumuku\n|\n|-heal|p2a: Pyukumuku|82\/100 tox|[from] item: Leftovers\n|-damage|p2a: Pyukumuku|58\/100 tox|[from] psn\n|upkeep\n|turn|30\n|\n|t:|1700861782\n|move|p1a: Aegislash|Nasty Plot|p1a: Aegislash\n|-boost|p1a: Aegislash|spa|2\n|move|p2a: Pyukumuku|Mirror Coat||[still]\n|-fail|p2a: Pyukumuku\n|\n|-heal|p2a: Pyukumuku|64\/100 tox|[from] item: Leftovers\n|-damage|p2a: Pyukumuku|34\/100 tox|[from] psn\n|upkeep\n|turn|31\n|\n|t:|1700861791\n|move|p1a: Aegislash|Nasty Plot|p1a: Aegislash\n|-boost|p1a: Aegislash|spa|0\n|move|p2a: Pyukumuku|Mirror Coat||[still]\n|-fail|p2a: Pyukumuku\n|\n|-heal|p2a: Pyukumuku|40\/100 tox|[from] item: Leftovers\n|-damage|p2a: Pyukumuku|4\/100 tox|[from] psn\n|upkeep\n|turn|32\n|\n|t:|1700861802\n|move|p1a: Aegislash|Shadow Ball|p2a: Pyukumuku\n|-damage|p2a: Pyukumuku|0 fnt\n|faint|p2a: Pyukumuku\n|\n|upkeep\n|-message|Bruhpogo forfeited.\n|\n|win|Zake202012\n|raw|Zake202012's rating: 1194 &rarr; <strong>1227<\/strong><br \/>(+33 for winning)\n|raw|Bruhpogo's rating: 1304 &rarr; <strong>1278<\/strong><br \/>(-26 for losing)\n|l|\u2606Bruhpogo\n|l|\u2606Zake202012\n|j|\u2606Zake202012\n|player|p1|Zake202012|n\n","uploadtime":1700861814,"views":9,"p1id":"zake202012","p2id":"bruhpogo","formatid":"gen9nationaldexubers","rating":1227,"private":0,"password":""}