{"id":"gen9nationaldexubers-1998836868","p1":"kadudomingues","p2":"yoimiya277","format":"[Gen 9] National Dex Ubers","log":"|j|\u2606kadudomingues\n|j|\u2606yoimiya277\n|t:|1701000614\n|gametype|singles\n|player|p1|kadudomingues|clerk-boss|1130\n|player|p2|yoimiya277|lady-gen4|1044\n|teamsize|p1|6\n|teamsize|p2|6\n|gen|9\n|tier|[Gen 9] National Dex Ubers\n|rated|\n|rule|HP Percentage Mod: HP is shown in percentages\n|rule|Endless Battle Clause: Forcing endless battles is banned\n|rule|OHKO Clause: OHKO moves are banned\n|rule|Evasion Moves Clause: Evasion moves are banned\n|rule|Evasion Items Clause: Evasion items are banned\n|rule|Species Clause: Limit one of each Pok\u00e9mon\n|rule|Sleep Clause Mod: Limit one foe put to sleep\n|rule|Mega Rayquaza Clause: You cannot mega evolve Rayquaza\n|clearpoke\n|poke|p1|Tapu Koko|\n|poke|p1|Magearna|\n|poke|p1|Rayquaza|\n|poke|p1|Landorus-Therian, M|\n|poke|p1|Kyogre|\n|poke|p1|Grimmsnarl, M|\n|poke|p2|Landorus, M|\n|poke|p2|Naganadel|\n|poke|p2|Scizor, M|\n|poke|p2|Ferrothorn, M|\n|poke|p2|Clefable, M|\n|poke|p2|Gastrodon, F|\n|teampreview\n|\n|t:|1701000628\n|start\n|switch|p1a: Grimmsnarl|Grimmsnarl, M|100\/100\n|switch|p2a: Landorus|Landorus, M|100\/100\n|turn|1\n|\n|t:|1701000634\n|move|p1a: Grimmsnarl|Parting Shot|p2a: Landorus\n|-unboost|p2a: Landorus|atk|1\n|-unboost|p2a: Landorus|spa|1\n|\n|t:|1701000639\n|switch|p1a: Landorus|Landorus-Therian, M|100\/100|[from] Parting Shot\n|-ability|p1a: Landorus|Intimidate|boost\n|-unboost|p2a: Landorus|atk|1\n|move|p2a: Landorus|Sludge Wave|p1a: Landorus\n|-resisted|p1a: Landorus\n|-damage|p1a: Landorus|77\/100\n|\n|upkeep\n|turn|2\n|\n|t:|1701000655\n|move|p1a: Landorus|U-turn|p2a: Landorus\n|-resisted|p2a: Landorus\n|-damage|p2a: Landorus|86\/100\n|\n|t:|1701000664\n|switch|p1a: Grimmsnarl|Grimmsnarl, M|100\/100|[from] U-turn\n|move|p2a: Landorus|Psychic|p1a: Grimmsnarl\n|-immune|p1a: Grimmsnarl\n|\n|upkeep\n|turn|3\n|\n|t:|1701000670\n|switch|p2a: Ferrothorn|Ferrothorn, M|100\/100\n|move|p1a: Grimmsnarl|Light Screen|p1a: Grimmsnarl\n|-sidestart|p1: kadudomingues|move: Light Screen\n|\n|upkeep\n|turn|4\n|\n|t:|1701000674\n|move|p1a: Grimmsnarl|Taunt|p2a: Ferrothorn\n|-start|p2a: Ferrothorn|move: Taunt\n|move|p2a: Ferrothorn|Gyro Ball|p1a: Grimmsnarl\n|-supereffective|p1a: Grimmsnarl\n|-damage|p1a: Grimmsnarl|19\/100\n|\n|upkeep\n|turn|5\n|\n|t:|1701000685\n|move|p1a: Grimmsnarl|Parting Shot|p2a: Ferrothorn\n|-unboost|p2a: Ferrothorn|atk|1\n|-unboost|p2a: Ferrothorn|spa|1\n|\n|t:|1701000689\n|switch|p1a: Magearna|Magearna|100\/100|[from] Parting Shot\n|move|p2a: Ferrothorn|Gyro Ball|p1a: Magearna\n|-damage|p1a: Magearna|82\/100\n|\n|-heal|p1a: Magearna|88\/100|[from] item: Leftovers\n|upkeep\n|turn|6\n|\n|t:|1701000698\n|switch|p2a: Scizor|Scizor, M|100\/100\n|move|p1a: Magearna|Shift Gear|p1a: Magearna\n|-boost|p1a: Magearna|spe|2\n|-boost|p1a: Magearna|atk|1\n|\n|-heal|p1a: Magearna|94\/100|[from] item: Leftovers\n|upkeep\n|turn|7\n|inactive|Battle timer is ON: inactive players will automatically lose when time's up. (requested by kadudomingues)\n|\n|t:|1701000731\n|switch|p1a: Landorus|Landorus-Therian, M|77\/100\n|-ability|p1a: Landorus|Intimidate|boost\n|-unboost|p2a: Scizor|atk|1\n|detailschange|p2a: Scizor|Scizor-Mega, M\n|-mega|p2a: Scizor|Scizor|Scizorite\n|move|p2a: Scizor|Close Combat|p1a: Landorus\n|-resisted|p1a: Landorus\n|-damage|p1a: Landorus|57\/100\n|-unboost|p2a: Scizor|def|1\n|-unboost|p2a: Scizor|spd|1\n|\n|upkeep\n|turn|8\n|\n|t:|1701000746\n|switch|p2a: Landorus|Landorus, M|86\/100\n|move|p1a: Landorus|U-turn|p2a: Landorus\n|-resisted|p2a: Landorus\n|-damage|p2a: Landorus|72\/100\n|\n|t:|1701000754\n|switch|p1a: Rayquaza|Rayquaza|100\/100|[from] U-turn\n|-ability|p1a: Rayquaza|Air Lock\n|\n|upkeep\n|turn|9\n|\n|t:|1701000761\n|move|p2a: Landorus|Stone Edge|p1a: Rayquaza\n|-supereffective|p1a: Rayquaza\n|-damage|p1a: Rayquaza|29\/100\n|-damage|p2a: Landorus|62\/100|[from] item: Life Orb\n|move|p1a: Rayquaza|Dragon Dance|p1a: Rayquaza\n|-boost|p1a: Rayquaza|atk|1\n|-boost|p1a: Rayquaza|spe|1\n|\n|-heal|p1a: Rayquaza|35\/100|[from] item: Leftovers\n|upkeep\n|turn|10\n|\n|t:|1701000787\n|switch|p2a: Clefable|Clefable, M|100\/100\n|move|p1a: Rayquaza|Dragon Ascent|p2a: Clefable\n|-damage|p2a: Clefable|13\/100\n|-unboost|p1a: Rayquaza|def|1\n|-unboost|p1a: Rayquaza|spd|1\n|\n|-heal|p1a: Rayquaza|41\/100|[from] item: Leftovers\n|-sideend|p1: kadudomingues|move: Light Screen\n|upkeep\n|turn|11\n|\n|t:|1701000797\n|move|p1a: Rayquaza|Extreme Speed|p2a: Clefable\n|-crit|p2a: Clefable\n|-damage|p2a: Clefable|0 fnt\n|faint|p2a: Clefable\n|\n|-heal|p1a: Rayquaza|47\/100|[from] item: Leftovers\n|upkeep\n|\n|t:|1701000803\n|switch|p2a: Scizor|Scizor-Mega, M|100\/100\n|turn|12\n|\n|t:|1701000811\n|switch|p1a: Landorus|Landorus-Therian, M|57\/100\n|-ability|p1a: Landorus|Intimidate|boost\n|-unboost|p2a: Scizor|atk|1\n|move|p2a: Scizor|Bullet Punch|p1a: Landorus\n|-damage|p1a: Landorus|24\/100\n|\n|upkeep\n|turn|13\n|inactive|kadudomingues has 120 seconds left.\n|\n|t:|1701000843\n|move|p2a: Scizor|Bullet Punch|p1a: Landorus\n|-damage|p1a: Landorus|0 fnt\n|faint|p1a: Landorus\n|\n|upkeep\n|inactive|kadudomingues has 120 seconds left.\n|\n|t:|1701000848\n|switch|p1a: Tapu Koko|Tapu Koko|100\/100\n|-fieldstart|move: Electric Terrain|[from] ability: Electric Surge|[of] p1a: Tapu Koko\n|turn|14\n|\n|t:|1701000856\n|switch|p1a: Kyogre|Kyogre|100\/100\n|detailschange|p1a: Kyogre|Kyogre-Primal\n|-primal|p1a: Kyogre|Blue Orb\n|-weather|PrimordialSea|[from] ability: Primordial Sea|[of] p1a: Kyogre\n|move|p2a: Scizor|Bullet Punch|p1a: Kyogre\n|-resisted|p1a: Kyogre\n|-damage|p1a: Kyogre|89\/100\n|\n|-weather|PrimordialSea|[upkeep]\n|upkeep\n|turn|15\n|\n|t:|1701000862\n|switch|p2a: Gastrodon|Gastrodon, F|100\/100\n|move|p1a: Kyogre|Origin Pulse|p2a: Gastrodon\n|-ability|p2a: Gastrodon|Storm Drain|boost\n|-boost|p2a: Gastrodon|spa|1\n|\n|-weather|PrimordialSea|[upkeep]\n|upkeep\n|turn|16\n|\n|t:|1701000877\n|-weather|none\n|switch|p1a: Grimmsnarl|Grimmsnarl, M|19\/100\n|move|p2a: Gastrodon|Ice Beam|p1a: Grimmsnarl\n|-crit|p1a: Grimmsnarl\n|-damage|p1a: Grimmsnarl|0 fnt\n|faint|p1a: Grimmsnarl\n|\n|upkeep\n|\n|t:|1701000889\n|switch|p1a: Tapu Koko|Tapu Koko|100\/100\n|turn|17\n|\n|t:|1701000901\n|switch|p2a: Ferrothorn|Ferrothorn, M|100\/100\n|move|p1a: Tapu Koko|Grass Knot|p2a: Ferrothorn\n|-resisted|p2a: Ferrothorn\n|-damage|p2a: Ferrothorn|91\/100\n|-damage|p1a: Tapu Koko|88\/100|[from] ability: Iron Barbs|[of] p2a: Ferrothorn\n|-damage|p1a: Tapu Koko|72\/100|[from] item: Rocky Helmet|[of] p2a: Ferrothorn\n|\n|upkeep\n|turn|18\n|\n|t:|1701000909\n|switch|p1a: Magearna|Magearna|94\/100\n|move|p2a: Ferrothorn|Stealth Rock|p1a: Magearna\n|-sidestart|p1: kadudomingues|move: Stealth Rock\n|\n|-heal|p1a: Magearna|100\/100|[from] item: Leftovers\n|-fieldend|move: Electric Terrain\n|upkeep\n|turn|19\n|\n|t:|1701000917\n|switch|p1a: Kyogre|Kyogre-Primal|89\/100\n|-damage|p1a: Kyogre|76\/100|[from] Stealth Rock\n|-weather|PrimordialSea|[from] ability: Primordial Sea|[of] p1a: Kyogre\n|move|p2a: Ferrothorn|Leech Seed|p1a: Kyogre\n|-start|p1a: Kyogre|move: Leech Seed\n|\n|-weather|PrimordialSea|[upkeep]\n|-damage|p1a: Kyogre|64\/100|[from] Leech Seed|[of] p2a: Ferrothorn\n|-heal|p2a: Ferrothorn|100\/100|[silent]\n|upkeep\n|turn|20\n|\n|t:|1701000926\n|move|p2a: Ferrothorn|Protect|p2a: Ferrothorn\n|-singleturn|p2a: Ferrothorn|Protect\n|move|p1a: Kyogre|Origin Pulse|p2a: Ferrothorn\n|-activate|p2a: Ferrothorn|move: Protect\n|\n|-weather|PrimordialSea|[upkeep]\n|-damage|p1a: Kyogre|52\/100|[from] Leech Seed|[of] p2a: Ferrothorn\n|upkeep\n|turn|21\n|\n|t:|1701000934\n|switch|p2a: Gastrodon|Gastrodon, F|100\/100\n|move|p1a: Kyogre|Origin Pulse|p2a: Gastrodon\n|-ability|p2a: Gastrodon|Storm Drain|boost\n|-boost|p2a: Gastrodon|spa|1\n|\n|-weather|PrimordialSea|[upkeep]\n|-damage|p1a: Kyogre|39\/100|[from] Leech Seed|[of] p2a: Gastrodon\n|upkeep\n|turn|22\n|\n|t:|1701000940\n|move|p1a: Kyogre|Ice Beam|p2a: Gastrodon\n|-damage|p2a: Gastrodon|74\/100\n|move|p2a: Gastrodon|Earth Power|p1a: Kyogre\n|-damage|p1a: Kyogre|15\/100\n|\n|-weather|PrimordialSea|[upkeep]\n|-heal|p2a: Gastrodon|80\/100|[from] item: Leftovers\n|-damage|p1a: Kyogre|2\/100|[from] Leech Seed|[of] p2a: Gastrodon\n|-heal|p2a: Gastrodon|92\/100|[silent]\n|upkeep\n|turn|23\n|\n|t:|1701000946\n|move|p1a: Kyogre|Ice Beam|p2a: Gastrodon\n|-damage|p2a: Gastrodon|61\/100\n|move|p2a: Gastrodon|Recover|p2a: Gastrodon\n|-heal|p2a: Gastrodon|100\/100\n|\n|-weather|PrimordialSea|[upkeep]\n|-damage|p1a: Kyogre|0 fnt|[from] Leech Seed|[of] p2a: Gastrodon\n|faint|p1a: Kyogre\n|-weather|none\n|upkeep\n|\n|t:|1701000953\n|switch|p1a: Magearna|Magearna|100\/100\n|-damage|p1a: Magearna|94\/100|[from] Stealth Rock\n|turn|24\n|\n|t:|1701000958\n|switch|p1a: Tapu Koko|Tapu Koko|72\/100\n|-damage|p1a: Tapu Koko|59\/100|[from] Stealth Rock\n|-fieldstart|move: Electric Terrain|[from] ability: Electric Surge|[of] p1a: Tapu Koko\n|move|p2a: Gastrodon|Earth Power|p1a: Tapu Koko\n|-supereffective|p1a: Tapu Koko\n|-damage|p1a: Tapu Koko|0 fnt\n|faint|p1a: Tapu Koko\n|\n|upkeep\n|\n|t:|1701000965\n|switch|p1a: Rayquaza|Rayquaza|47\/100\n|-damage|p1a: Rayquaza|22\/100|[from] Stealth Rock\n|-ability|p1a: Rayquaza|Air Lock\n|turn|25\n|\n|t:|1701000970\n|switch|p2a: Ferrothorn|Ferrothorn, M|100\/100\n|move|p1a: Rayquaza|Dragon Ascent|p2a: Ferrothorn\n|-damage|p2a: Ferrothorn|57\/100\n|-unboost|p1a: Rayquaza|def|1\n|-unboost|p1a: Rayquaza|spd|1\n|-damage|p1a: Rayquaza|10\/100|[from] ability: Iron Barbs|[of] p2a: Ferrothorn\n|-damage|p1a: Rayquaza|0 fnt|[from] item: Rocky Helmet|[of] p2a: Ferrothorn\n|faint|p1a: Rayquaza\n|\n|upkeep\n|-message|kadudomingues forfeited.\n|\n|win|yoimiya277\n|raw|kadudomingues's rating: 1149 &rarr; <strong>1117<\/strong><br \/>(-32 for losing)\n|raw|yoimiya277's rating: 1044 &rarr; <strong>1087<\/strong><br \/>(+43 for winning)\n|l|\u2606kadudomingues\n","uploadtime":1701000983,"views":7,"p1id":"kadudomingues","p2id":"yoimiya277","formatid":"gen9nationaldexubers","rating":1087,"private":0,"password":""}