{"id":"gen9nationaldexubers-1994786679","p1":"DRAGON-M0DE\u2695\ufe0f","p2":"Mmdm275","format":"[Gen 9] National Dex Ubers","log":"|j|\u2606DRAGON-M0DE\u2695\ufe0f\n|j|\u2606Mmdm275\n|t:|1700492675\n|gametype|singles\n|player|p1|DRAGON-M0DE\u2695\ufe0f|clair|1196\n|player|p2|Mmdm275|gambler|1073\n|teamsize|p1|6\n|teamsize|p2|6\n|gen|9\n|tier|[Gen 9] National Dex Ubers\n|rated|\n|rule|HP Percentage Mod: HP is shown in percentages\n|rule|Endless Battle Clause: Forcing endless battles is banned\n|rule|OHKO Clause: OHKO moves are banned\n|rule|Evasion Moves Clause: Evasion moves are banned\n|rule|Evasion Items Clause: Evasion items are banned\n|rule|Species Clause: Limit one of each Pok\u00e9mon\n|rule|Sleep Clause Mod: Limit one foe put to sleep\n|rule|Mega Rayquaza Clause: You cannot mega evolve Rayquaza\n|clearpoke\n|poke|p1|Roaring Moon|\n|poke|p1|Baxcalibur, M|\n|poke|p1|Palkia|\n|poke|p1|Hydreigon, M|\n|poke|p1|Latias, F|\n|poke|p1|Altaria, F|\n|poke|p2|Typhlosion, M|\n|poke|p2|Banette, M|\n|poke|p2|Darmanitan-Galar, M|\n|poke|p2|Dondozo, F|\n|poke|p2|Grimmsnarl, M|\n|poke|p2|Breloom, F|\n|teampreview\n|\n|t:|1700492725\n|start\n|switch|p1a: \u2695\ufe0fROARING\ud83d\udc09MOON\u2695\ufe0f|Roaring Moon|100\/100\n|switch|p2a: Breloom|Breloom, F|100\/100\n|-enditem|p1a: \u2695\ufe0fROARING\ud83d\udc09MOON\u2695\ufe0f|Booster Energy\n|-activate|p1a: \u2695\ufe0fROARING\ud83d\udc09MOON\u2695\ufe0f|ability: Protosynthesis|[fromitem]\n|-start|p1a: \u2695\ufe0fROARING\ud83d\udc09MOON\u2695\ufe0f|protosynthesisatk\n|turn|1\n|\n|t:|1700492740\n|move|p1a: \u2695\ufe0fROARING\ud83d\udc09MOON\u2695\ufe0f|Dragon Claw|p2a: Breloom\n|-damage|p2a: Breloom|28\/100\n|move|p2a: Breloom|Substitute|p2a: Breloom\n|-start|p2a: Breloom|Substitute\n|-damage|p2a: Breloom|3\/100\n|\n|-status|p2a: Breloom|tox|[from] item: Toxic Orb\n|upkeep\n|turn|2\n|\n|t:|1700492751\n|move|p1a: \u2695\ufe0fROARING\ud83d\udc09MOON\u2695\ufe0f|Dragon Dance|p1a: \u2695\ufe0fROARING\ud83d\udc09MOON\u2695\ufe0f\n|-boost|p1a: \u2695\ufe0fROARING\ud83d\udc09MOON\u2695\ufe0f|atk|1\n|-boost|p1a: \u2695\ufe0fROARING\ud83d\udc09MOON\u2695\ufe0f|spe|1\n|move|p2a: Breloom|Spore|p1a: \u2695\ufe0fROARING\ud83d\udc09MOON\u2695\ufe0f\n|-status|p1a: \u2695\ufe0fROARING\ud83d\udc09MOON\u2695\ufe0f|slp|[from] move: Spore\n|\n|-heal|p2a: Breloom|15\/100 tox|[from] ability: Poison Heal\n|upkeep\n|turn|3\n|\n|t:|1700492766\n|cant|p1a: \u2695\ufe0fROARING\ud83d\udc09MOON\u2695\ufe0f|slp\n|move|p2a: Breloom|Focus Blast|p1a: \u2695\ufe0fROARING\ud83d\udc09MOON\u2695\ufe0f\n|-supereffective|p1a: \u2695\ufe0fROARING\ud83d\udc09MOON\u2695\ufe0f\n|-damage|p1a: \u2695\ufe0fROARING\ud83d\udc09MOON\u2695\ufe0f|53\/100 slp\n|\n|-heal|p2a: Breloom|28\/100 tox|[from] ability: Poison Heal\n|upkeep\n|turn|4\n|\n|t:|1700492777\n|cant|p1a: \u2695\ufe0fROARING\ud83d\udc09MOON\u2695\ufe0f|slp\n|move|p2a: Breloom|Leech Seed|p1a: \u2695\ufe0fROARING\ud83d\udc09MOON\u2695\ufe0f|[miss]\n|-miss|p2a: Breloom|p1a: \u2695\ufe0fROARING\ud83d\udc09MOON\u2695\ufe0f\n|\n|-heal|p2a: Breloom|40\/100 tox|[from] ability: Poison Heal\n|upkeep\n|turn|5\n|\n|t:|1700492786\n|cant|p1a: \u2695\ufe0fROARING\ud83d\udc09MOON\u2695\ufe0f|slp\n|move|p2a: Breloom|Leech Seed|p1a: \u2695\ufe0fROARING\ud83d\udc09MOON\u2695\ufe0f\n|-start|p1a: \u2695\ufe0fROARING\ud83d\udc09MOON\u2695\ufe0f|move: Leech Seed\n|\n|-damage|p1a: \u2695\ufe0fROARING\ud83d\udc09MOON\u2695\ufe0f|40\/100 slp|[from] Leech Seed|[of] p2a: Breloom\n|-heal|p2a: Breloom|54\/100 tox|[silent]\n|-heal|p2a: Breloom|66\/100 tox|[from] ability: Poison Heal\n|upkeep\n|turn|6\n|\n|t:|1700492797\n|-curestatus|p1a: \u2695\ufe0fROARING\ud83d\udc09MOON\u2695\ufe0f|slp|[msg]\n|move|p1a: \u2695\ufe0fROARING\ud83d\udc09MOON\u2695\ufe0f|Dragon Claw|p2a: Breloom\n|-end|p2a: Breloom|Substitute\n|move|p2a: Breloom|Spore|p1a: \u2695\ufe0fROARING\ud83d\udc09MOON\u2695\ufe0f\n|-status|p1a: \u2695\ufe0fROARING\ud83d\udc09MOON\u2695\ufe0f|slp|[from] move: Spore\n|\n|-damage|p1a: \u2695\ufe0fROARING\ud83d\udc09MOON\u2695\ufe0f|28\/100 slp|[from] Leech Seed|[of] p2a: Breloom\n|-heal|p2a: Breloom|80\/100 tox|[silent]\n|-heal|p2a: Breloom|92\/100 tox|[from] ability: Poison Heal\n|upkeep\n|turn|7\n|\n|t:|1700492811\n|cant|p1a: \u2695\ufe0fROARING\ud83d\udc09MOON\u2695\ufe0f|slp\n|move|p2a: Breloom|Substitute|p2a: Breloom\n|-start|p2a: Breloom|Substitute\n|-damage|p2a: Breloom|67\/100 tox\n|\n|-damage|p1a: \u2695\ufe0fROARING\ud83d\udc09MOON\u2695\ufe0f|15\/100 slp|[from] Leech Seed|[of] p2a: Breloom\n|-heal|p2a: Breloom|80\/100 tox|[silent]\n|-heal|p2a: Breloom|93\/100 tox|[from] ability: Poison Heal\n|upkeep\n|turn|8\n|\n|t:|1700492832\n|-end|p1a: \u2695\ufe0fROARING\ud83d\udc09MOON\u2695\ufe0f|Protosynthesis|[silent]\n|switch|p1a: \u2695\ufe0f\ud83d\udc09BAXCLIBUR\ud83d\udc09\u2695\ufe0f|Baxcalibur, M, shiny|100\/100\n|move|p2a: Breloom|Focus Blast|p1a: \u2695\ufe0f\ud83d\udc09BAXCLIBUR\ud83d\udc09\u2695\ufe0f\n|-supereffective|p1a: \u2695\ufe0f\ud83d\udc09BAXCLIBUR\ud83d\udc09\u2695\ufe0f\n|-damage|p1a: \u2695\ufe0f\ud83d\udc09BAXCLIBUR\ud83d\udc09\u2695\ufe0f|47\/100\n|\n|-heal|p2a: Breloom|100\/100 tox|[from] ability: Poison Heal\n|upkeep\n|turn|9\n|\n|t:|1700492843\n|move|p1a: \u2695\ufe0f\ud83d\udc09BAXCLIBUR\ud83d\udc09\u2695\ufe0f|Freeze-Dry|p2a: Breloom\n|-supereffective|p2a: Breloom\n|-end|p2a: Breloom|Substitute\n|move|p2a: Breloom|Spore|p1a: \u2695\ufe0f\ud83d\udc09BAXCLIBUR\ud83d\udc09\u2695\ufe0f\n|-message|Sleep Clause Mod activated.\n|-hint|Sleep Clause Mod prevents players from putting more than one of their opponent's Pok\u00e9mon to sleep at a time\n|\n|upkeep\n|turn|10\n|\n|t:|1700492874\n|switch|p2a: Typhlosion|Typhlosion, M|100\/100\n|move|p1a: \u2695\ufe0f\ud83d\udc09BAXCLIBUR\ud83d\udc09\u2695\ufe0f|Dragon Dance|p1a: \u2695\ufe0f\ud83d\udc09BAXCLIBUR\ud83d\udc09\u2695\ufe0f\n|-boost|p1a: \u2695\ufe0f\ud83d\udc09BAXCLIBUR\ud83d\udc09\u2695\ufe0f|atk|1\n|-boost|p1a: \u2695\ufe0f\ud83d\udc09BAXCLIBUR\ud83d\udc09\u2695\ufe0f|spe|1\n|\n|upkeep\n|turn|11\n|\n|t:|1700492886\n|move|p1a: \u2695\ufe0f\ud83d\udc09BAXCLIBUR\ud83d\udc09\u2695\ufe0f|Glaive Rush|p2a: Typhlosion\n|-damage|p2a: Typhlosion|0 fnt\n|-singlemove|p1a: \u2695\ufe0f\ud83d\udc09BAXCLIBUR\ud83d\udc09\u2695\ufe0f|Glaive Rush|[silent]\n|faint|p2a: Typhlosion\n|\n|upkeep\n|\n|t:|1700492898\n|switch|p2a: Darmanitan|Darmanitan-Galar, M|100\/100\n|turn|12\n|\n|t:|1700492912\n|move|p1a: \u2695\ufe0f\ud83d\udc09BAXCLIBUR\ud83d\udc09\u2695\ufe0f|Glaive Rush|p2a: Darmanitan\n|-damage|p2a: Darmanitan|0 fnt\n|-singlemove|p1a: \u2695\ufe0f\ud83d\udc09BAXCLIBUR\ud83d\udc09\u2695\ufe0f|Glaive Rush|[silent]\n|faint|p2a: Darmanitan\n|\n|upkeep\n|\n|t:|1700492917\n|switch|p2a: Grimmsnarl|Grimmsnarl, M|100\/100\n|turn|13\n|\n|t:|1700492926\n|move|p1a: \u2695\ufe0f\ud83d\udc09BAXCLIBUR\ud83d\udc09\u2695\ufe0f|Freeze-Dry|p2a: Grimmsnarl\n|-damage|p2a: Grimmsnarl|83\/100\n|move|p2a: Grimmsnarl|Play Rough|p1a: \u2695\ufe0f\ud83d\udc09BAXCLIBUR\ud83d\udc09\u2695\ufe0f\n|-supereffective|p1a: \u2695\ufe0f\ud83d\udc09BAXCLIBUR\ud83d\udc09\u2695\ufe0f\n|-damage|p1a: \u2695\ufe0f\ud83d\udc09BAXCLIBUR\ud83d\udc09\u2695\ufe0f|0 fnt\n|faint|p1a: \u2695\ufe0f\ud83d\udc09BAXCLIBUR\ud83d\udc09\u2695\ufe0f\n|\n|-heal|p2a: Grimmsnarl|89\/100|[from] item: Leftovers\n|upkeep\n|\n|t:|1700492940\n|switch|p1a: \u2695\ufe0fROARING\ud83d\udc09MOON\u2695\ufe0f|Roaring Moon|15\/100 slp\n|turn|14\n|\n|t:|1700492954\n|-curestatus|p1a: \u2695\ufe0fROARING\ud83d\udc09MOON\u2695\ufe0f|slp|[msg]\n|move|p1a: \u2695\ufe0fROARING\ud83d\udc09MOON\u2695\ufe0f|Outrage|p2a: Grimmsnarl\n|-immune|p2a: Grimmsnarl\n|move|p2a: Grimmsnarl|Play Rough|p1a: \u2695\ufe0fROARING\ud83d\udc09MOON\u2695\ufe0f\n|-supereffective|p1a: \u2695\ufe0fROARING\ud83d\udc09MOON\u2695\ufe0f\n|-damage|p1a: \u2695\ufe0fROARING\ud83d\udc09MOON\u2695\ufe0f|0 fnt\n|faint|p1a: \u2695\ufe0fROARING\ud83d\udc09MOON\u2695\ufe0f\n|-end|p1a: \u2695\ufe0fROARING\ud83d\udc09MOON\u2695\ufe0f|Protosynthesis|[silent]\n|\n|-heal|p2a: Grimmsnarl|95\/100|[from] item: Leftovers\n|upkeep\n|\n|t:|1700492971\n|switch|p1a: \u2601\ufe0f\u2695\ufe0fALTARIA\u2695\ufe0f\u2601\ufe0f|Altaria, F, shiny|100\/100\n|-ability|p1a: \u2601\ufe0f\u2695\ufe0fALTARIA\u2695\ufe0f\u2601\ufe0f|Cloud Nine\n|turn|15\n|\n|t:|1700492984\n|detailschange|p1a: \u2601\ufe0f\u2695\ufe0fALTARIA\u2695\ufe0f\u2601\ufe0f|Altaria-Mega, F, shiny\n|-mega|p1a: \u2601\ufe0f\u2695\ufe0fALTARIA\u2695\ufe0f\u2601\ufe0f|Altaria|Altarianite\n|move|p1a: \u2601\ufe0f\u2695\ufe0fALTARIA\u2695\ufe0f\u2601\ufe0f|Moonblast|p2a: Grimmsnarl\n|-supereffective|p2a: Grimmsnarl\n|-damage|p2a: Grimmsnarl|0 fnt\n|faint|p2a: Grimmsnarl\n|\n|upkeep\n|\n|t:|1700492993\n|switch|p2a: Banette|Banette, M|100\/100\n|turn|16\n|\n|t:|1700493002\n|switch|p1a: \u2695\ufe0f\ud83d\udc09LATAIS\ud83d\udc09\u2695\ufe0f|Latias, F|100\/100\n|detailschange|p2a: Banette|Banette-Mega, M\n|-mega|p2a: Banette|Banette|Banettite\n|move|p2a: Banette|Knock Off|p1a: \u2695\ufe0f\ud83d\udc09LATAIS\ud83d\udc09\u2695\ufe0f\n|-supereffective|p1a: \u2695\ufe0f\ud83d\udc09LATAIS\ud83d\udc09\u2695\ufe0f\n|-damage|p1a: \u2695\ufe0f\ud83d\udc09LATAIS\ud83d\udc09\u2695\ufe0f|19\/100\n|\n|upkeep\n|turn|17\n|\n|t:|1700493012\n|move|p2a: Banette|Shadow Sneak|p1a: \u2695\ufe0f\ud83d\udc09LATAIS\ud83d\udc09\u2695\ufe0f\n|-supereffective|p1a: \u2695\ufe0f\ud83d\udc09LATAIS\ud83d\udc09\u2695\ufe0f\n|-damage|p1a: \u2695\ufe0f\ud83d\udc09LATAIS\ud83d\udc09\u2695\ufe0f|0 fnt\n|faint|p1a: \u2695\ufe0f\ud83d\udc09LATAIS\ud83d\udc09\u2695\ufe0f\n|\n|upkeep\n|\n|t:|1700493017\n|switch|p1a: \u2695\ufe0f\ud83d\udc09HYDREIGON\ud83d\udc09\u2695\ufe0f|Hydreigon, M, shiny|100\/100\n|turn|18\n|\n|t:|1700493032\n|move|p2a: Banette|Destiny Bond|p2a: Banette\n|-singlemove|p2a: Banette|Destiny Bond\n|-zpower|p1a: \u2695\ufe0f\ud83d\udc09HYDREIGON\ud83d\udc09\u2695\ufe0f\n|move|p1a: \u2695\ufe0f\ud83d\udc09HYDREIGON\ud83d\udc09\u2695\ufe0f|Devastating Drake|p2a: Banette|[zeffect]\n|-damage|p2a: Banette|0 fnt\n|faint|p2a: Banette\n|-activate|p2a: Banette|move: Destiny Bond\n|faint|p1a: \u2695\ufe0f\ud83d\udc09HYDREIGON\ud83d\udc09\u2695\ufe0f\n|\n|upkeep\n|\n|t:|1700493044\n|switch|p1a: \u2695\ufe0f\ud83d\udc09PALKIA\ud83d\udc09\u2695\ufe0f|Palkia|100\/100\n|switch|p2a: Breloom|Breloom, F|100\/100 tox\n|-ability|p1a: \u2695\ufe0f\ud83d\udc09PALKIA\ud83d\udc09\u2695\ufe0f|Pressure\n|turn|19\n|\n|t:|1700493055\n|-terastallize|p1a: \u2695\ufe0f\ud83d\udc09PALKIA\ud83d\udc09\u2695\ufe0f|Dragon\n|move|p1a: \u2695\ufe0f\ud83d\udc09PALKIA\ud83d\udc09\u2695\ufe0f|Spacial Rend|p2a: Breloom\n|-damage|p2a: Breloom|0 fnt\n|faint|p2a: Breloom\n|\n|upkeep\n|\n|t:|1700493062\n|switch|p2a: Dondozo|Dondozo, F, shiny|100\/100\n|turn|20\n|\n|t:|1700493069\n|move|p1a: \u2695\ufe0f\ud83d\udc09PALKIA\ud83d\udc09\u2695\ufe0f|Spacial Rend|p2a: Dondozo|[miss]\n|-miss|p1a: \u2695\ufe0f\ud83d\udc09PALKIA\ud83d\udc09\u2695\ufe0f|p2a: Dondozo\n|move|p2a: Dondozo|Curse|p2a: Dondozo\n|-unboost|p2a: Dondozo|spe|1\n|-boost|p2a: Dondozo|atk|1\n|-boost|p2a: Dondozo|def|1\n|\n|upkeep\n|turn|21\n|\n|t:|1700493081\n|move|p2a: Dondozo|Protect|p2a: Dondozo\n|-singleturn|p2a: Dondozo|Protect\n|move|p1a: \u2695\ufe0f\ud83d\udc09PALKIA\ud83d\udc09\u2695\ufe0f|Spacial Rend|p2a: Dondozo\n|-activate|p2a: Dondozo|move: Protect\n|\n|upkeep\n|turn|22\n|\n|t:|1700493093\n|move|p1a: \u2695\ufe0f\ud83d\udc09PALKIA\ud83d\udc09\u2695\ufe0f|Spacial Rend|p2a: Dondozo\n|-damage|p2a: Dondozo|37\/100\n|move|p2a: Dondozo|Body Press|p1a: \u2695\ufe0f\ud83d\udc09PALKIA\ud83d\udc09\u2695\ufe0f\n|-crit|p1a: \u2695\ufe0f\ud83d\udc09PALKIA\ud83d\udc09\u2695\ufe0f\n|-damage|p1a: \u2695\ufe0f\ud83d\udc09PALKIA\ud83d\udc09\u2695\ufe0f|49\/100\n|\n|-heal|p2a: Dondozo|44\/100|[from] item: Leftovers\n|upkeep\n|turn|23\n|\n|t:|1700493104\n|move|p2a: Dondozo|Protect|p2a: Dondozo\n|-singleturn|p2a: Dondozo|Protect\n|move|p1a: \u2695\ufe0f\ud83d\udc09PALKIA\ud83d\udc09\u2695\ufe0f|Draco Meteor|p2a: Dondozo\n|-activate|p2a: Dondozo|move: Protect\n|\n|-heal|p2a: Dondozo|50\/100|[from] item: Leftovers\n|upkeep\n|turn|24\n|\n|t:|1700493117\n|move|p1a: \u2695\ufe0f\ud83d\udc09PALKIA\ud83d\udc09\u2695\ufe0f|Draco Meteor|p2a: Dondozo\n|-damage|p2a: Dondozo|0 fnt\n|-unboost|p1a: \u2695\ufe0f\ud83d\udc09PALKIA\ud83d\udc09\u2695\ufe0f|spa|2\n|faint|p2a: Dondozo\n|\n|win|DRAGON-M0DE\u2695\ufe0f\n|raw|DRAGON-M0DE\u2695\ufe0f's rating: 1196 &rarr; <strong>1213<\/strong><br \/>(+17 for winning)\n|raw|Mmdm275's rating: 1073 &rarr; <strong>1059<\/strong><br \/>(-14 for losing)\n","uploadtime":1700493150,"views":1,"p1id":"dragonm0de","p2id":"mmdm275","formatid":"gen9nationaldexubers","rating":1059,"private":0,"password":""}