{"id":"gen9nationaldexubers-1980798562","p1":"yanngeek","p2":"allmightandekufann","format":"[Gen 9] National Dex Ubers","log":"|j|\u2606yanngeek\n|j|\u2606allmightandekufann\n|t:|1698835012\n|gametype|singles\n|player|p1|yanngeek|lance|1391\n|player|p2|allmightandekufann|lucas|1366\n|teamsize|p1|6\n|teamsize|p2|6\n|gen|9\n|tier|[Gen 9] National Dex Ubers\n|rated|\n|rule|HP Percentage Mod: HP is shown in percentages\n|rule|Endless Battle Clause: Forcing endless battles is banned\n|rule|OHKO Clause: OHKO moves are banned\n|rule|Evasion Moves Clause: Evasion moves are banned\n|rule|Evasion Items Clause: Evasion items are banned\n|rule|Species Clause: Limit one of each Pok\u00e9mon\n|rule|Sleep Clause Mod: Limit one foe put to sleep\n|rule|Mega Rayquaza Clause: You cannot mega evolve Rayquaza\n|clearpoke\n|poke|p1|Roaring Moon|\n|poke|p1|Zacian-*|\n|poke|p1|Groudon|\n|poke|p1|Ho-Oh|\n|poke|p1|Marshadow|\n|poke|p1|Necrozma-Dusk-Mane|\n|poke|p2|Hatterene, F|\n|poke|p2|Melmetal|\n|poke|p2|Dracovish|\n|poke|p2|Arceus|\n|poke|p2|Calyrex-Ice|\n|poke|p2|Deoxys-Defense|\n|teampreview\n|inactive|Battle timer is ON: inactive players will automatically lose when time's up. (requested by allmightandekufann)\n|\n|t:|1698835024\n|start\n|switch|p1a: Necrozma|Necrozma-Dusk-Mane|100\/100\n|switch|p2a: Hatterene|Hatterene, F|100\/100\n|turn|1\n|\n|t:|1698835030\n|move|p1a: Necrozma|Sunsteel Strike|p2a: Hatterene\n|-supereffective|p2a: Hatterene\n|-enditem|p2a: Hatterene|Focus Sash\n|-damage|p2a: Hatterene|1\/100\n|move|p2a: Hatterene|Trick Room|p2a: Hatterene\n|-fieldstart|move: Trick Room|[of] p2a: Hatterene\n|\n|upkeep\n|turn|2\n|\n|t:|1698835042\n|move|p2a: Hatterene|Healing Wish|p2a: Hatterene\n|faint|p2a: Hatterene\n|move|p1a: Necrozma|Dragon Dance|p1a: Necrozma\n|-boost|p1a: Necrozma|atk|1\n|-boost|p1a: Necrozma|spe|1\n|\n|upkeep\n|\n|t:|1698835053\n|switch|p2a: Dracovish|Dracovish|100\/100\n|turn|3\n|\n|t:|1698835058\n|switch|p1a: Ho-Oh|Ho-Oh|100\/100\n|-terastallize|p2a: Dracovish|Water\n|move|p2a: Dracovish|Fishious Rend|p1a: Ho-Oh\n|-supereffective|p1a: Ho-Oh\n|-damage|p1a: Ho-Oh|0 fnt\n|faint|p1a: Ho-Oh\n|\n|upkeep\n|\n|t:|1698835076\n|switch|p1a: Groudon|Groudon|100\/100\n|detailschange|p1a: Groudon|Groudon-Primal\n|-primal|p1a: Groudon|Red Orb\n|-weather|DesolateLand|[from] ability: Desolate Land|[of] p1a: Groudon\n|turn|4\n|\n|t:|1698835084\n|switch|p2a: Deoxys|Deoxys-Defense|100\/100\n|-ability|p2a: Deoxys|Pressure\n|move|p1a: Groudon|Precipice Blades|p2a: Deoxys|[miss]\n|-miss|p1a: Groudon|p2a: Deoxys\n|\n|-weather|DesolateLand|[upkeep]\n|upkeep\n|turn|5\n|\n|t:|1698835092\n|move|p2a: Deoxys|Stealth Rock|p1a: Groudon\n|-sidestart|p1: yanngeek|move: Stealth Rock\n|move|p1a: Groudon|Fire Punch|p2a: Deoxys\n|-damage|p2a: Deoxys|43\/100\n|\n|-weather|DesolateLand|[upkeep]\n|-heal|p2a: Deoxys|50\/100|[from] item: Leftovers\n|-fieldend|move: Trick Room\n|upkeep\n|turn|6\n|\n|t:|1698835105\n|move|p1a: Groudon|Fire Punch|p2a: Deoxys\n|-damage|p2a: Deoxys|0 fnt\n|faint|p2a: Deoxys\n|\n|-weather|DesolateLand|[upkeep]\n|upkeep\n|\n|t:|1698835110\n|switch|p2a: Arceus|Arceus|100\/100\n|turn|7\n|\n|t:|1698835116\n|move|p1a: Groudon|Fire Punch|p2a: Arceus\n|-damage|p2a: Arceus|51\/100\n|move|p2a: Arceus|Trick Room|p2a: Arceus\n|-fieldstart|move: Trick Room|[of] p2a: Arceus\n|\n|-weather|DesolateLand|[upkeep]\n|upkeep\n|turn|8\n|\n|t:|1698835129\n|switch|p2a: Melmetal|Melmetal|100\/100\n|move|p1a: Groudon|Fire Punch|p2a: Melmetal\n|-supereffective|p2a: Melmetal\n|-damage|p2a: Melmetal|19\/100\n|\n|-weather|DesolateLand|[upkeep]\n|upkeep\n|turn|9\n|\n|t:|1698835136\n|move|p2a: Melmetal|Earthquake|p1a: Groudon\n|-supereffective|p1a: Groudon\n|-damage|p1a: Groudon|16\/100\n|move|p1a: Groudon|Fire Punch|p2a: Melmetal\n|-supereffective|p2a: Melmetal\n|-damage|p2a: Melmetal|0 fnt\n|faint|p2a: Melmetal\n|\n|-weather|DesolateLand|[upkeep]\n|upkeep\n|-message|allmightandekufann forfeited.\n|\n|win|yanngeek\n|raw|yanngeek's rating: 1391 &rarr; <strong>1410<\/strong><br \/>(+19 for winning)\n|raw|allmightandekufann's rating: 1366 &rarr; <strong>1347<\/strong><br \/>(-19 for losing)\n|l|\u2606allmightandekufann\n","uploadtime":1698835157,"views":11,"p1id":"yanngeek","p2id":"allmightandekufann","formatid":"gen9nationaldexubers","rating":1347,"private":0,"password":""}