{"id":"gen9nationaldexubers-1992650022","p1":"Luffyone_piece1232","p2":"Mudseph03","format":"[Gen 9] National Dex Ubers","log":"|j|\u2606Luffyone_piece1232\n|j|\u2606Mudseph03\n|t:|1700220367\n|gametype|singles\n|player|p1|Luffyone_piece1232|101|1049\n|player|p2|Mudseph03|red|1189\n|teamsize|p1|6\n|teamsize|p2|6\n|gen|9\n|tier|[Gen 9] National Dex Ubers\n|rated|\n|rule|HP Percentage Mod: HP is shown in percentages\n|rule|Endless Battle Clause: Forcing endless battles is banned\n|rule|OHKO Clause: OHKO moves are banned\n|rule|Evasion Moves Clause: Evasion moves are banned\n|rule|Evasion Items Clause: Evasion items are banned\n|rule|Species Clause: Limit one of each Pok\u00e9mon\n|rule|Sleep Clause Mod: Limit one foe put to sleep\n|rule|Mega Rayquaza Clause: You cannot mega evolve Rayquaza\n|clearpoke\n|poke|p1|Marshadow|\n|poke|p1|Gholdengo|\n|poke|p1|Calyrex-Ice|\n|poke|p1|Genesect-Shock|\n|poke|p1|Zacian-*|\n|poke|p1|Blaziken, M|\n|poke|p2|Dragapult, M|\n|poke|p2|Kartana|\n|poke|p2|Aegislash, M|\n|poke|p2|Quagsire, M|\n|poke|p2|Heatran, M|\n|poke|p2|Togekiss, M|\n|teampreview\n|c|\u2606Mudseph03|gl hf\n|\n|t:|1700220384\n|start\n|switch|p1a: LeDog|Zacian-Crowned|100\/100\n|switch|p2a: Puyolsire|Quagsire, M|100\/100\n|-ability|p1a: LeDog|Intrepid Sword|boost\n|-boost|p1a: LeDog|atk|1\n|turn|1\n|\n|t:|1700220396\n|-terastallize|p1a: LeDog|Fairy\n|move|p1a: LeDog|Flash Cannon|p2a: Puyolsire\n|-resisted|p2a: Puyolsire\n|-damage|p2a: Puyolsire|86\/100\n|move|p2a: Puyolsire|Spikes|p1a: LeDog\n|-sidestart|p1: Luffyone_piece1232|Spikes\n|\n|-heal|p2a: Puyolsire|92\/100|[from] item: Leftovers\n|upkeep\n|turn|2\n|\n|t:|1700220409\n|switch|p1a: Neigh|Calyrex-Ice|100\/100\n|-ability|p1a: Neigh|As One\n|-ability|p1a: Neigh|Unnerve\n|-damage|p1a: Neigh|88\/100|[from] Spikes\n|move|p2a: Puyolsire|Toxic|p1a: Neigh\n|-status|p1a: Neigh|tox\n|\n|-heal|p1a: Neigh|94\/100 tox|[from] item: Leftovers\n|-heal|p2a: Puyolsire|98\/100|[from] item: Leftovers\n|-damage|p1a: Neigh|88\/100 tox|[from] psn\n|upkeep\n|turn|3\n|\n|t:|1700220425\n|switch|p2a: Christran|Heatran, M|100\/100\n|move|p1a: Neigh|Ice Beam|p2a: Christran\n|-resisted|p2a: Christran\n|-damage|p2a: Christran|96\/100\n|\n|-heal|p1a: Neigh|94\/100 tox|[from] item: Leftovers\n|-damage|p1a: Neigh|82\/100 tox|[from] psn\n|upkeep\n|turn|4\n|\n|t:|1700220437\n|move|p2a: Christran|Magma Storm|p1a: Neigh\n|-supereffective|p1a: Neigh\n|-damage|p1a: Neigh|12\/100 tox\n|-activate|p1a: Neigh|move: Magma Storm|[of] p2a: Christran\n|move|p1a: Neigh|High Horsepower|p2a: Christran\n|-supereffective|p2a: Christran\n|-damage|p2a: Christran|0 fnt\n|faint|p2a: Christran\n|-ability|p1a: Neigh|Chilling Neigh|boost\n|-boost|p1a: Neigh|atk|1\n|\n|-heal|p1a: Neigh|18\/100 tox|[from] item: Leftovers\n|-damage|p1a: Neigh|0 fnt|[from] psn\n|faint|p1a: Neigh\n|upkeep\n|\n|t:|1700220452\n|switch|p2a: Puyolsire|Quagsire, M|98\/100\n|switch|p1a: LeNugget|Blaziken, M, shiny|100\/100\n|-damage|p1a: LeNugget|88\/100|[from] Spikes\n|turn|5\n|\n|t:|1700220462\n|detailschange|p1a: LeNugget|Blaziken-Mega, M, shiny\n|-mega|p1a: LeNugget|Blaziken|Blazikenite\n|move|p1a: LeNugget|Aura Sphere|p2a: Puyolsire\n|-damage|p2a: Puyolsire|56\/100\n|move|p2a: Puyolsire|Toxic|p1a: LeNugget\n|-status|p1a: LeNugget|tox\n|\n|-heal|p2a: Puyolsire|62\/100|[from] item: Leftovers\n|-damage|p1a: LeNugget|82\/100 tox|[from] psn\n|-ability|p1a: LeNugget|Speed Boost|boost\n|-boost|p1a: LeNugget|spe|1\n|upkeep\n|turn|6\n|\n|t:|1700220476\n|move|p1a: LeNugget|Aura Sphere|p2a: Puyolsire\n|-damage|p2a: Puyolsire|21\/100\n|move|p2a: Puyolsire|Recover|p2a: Puyolsire\n|-heal|p2a: Puyolsire|71\/100\n|\n|-heal|p2a: Puyolsire|77\/100|[from] item: Leftovers\n|-damage|p1a: LeNugget|70\/100 tox|[from] psn\n|-ability|p1a: LeNugget|Speed Boost|boost\n|-boost|p1a: LeNugget|spe|1\n|upkeep\n|turn|7\n|\n|t:|1700220491\n|move|p1a: LeNugget|Aura Sphere|p2a: Puyolsire\n|-damage|p2a: Puyolsire|38\/100\n|move|p2a: Puyolsire|Recover|p2a: Puyolsire\n|-heal|p2a: Puyolsire|88\/100\n|\n|-heal|p2a: Puyolsire|94\/100|[from] item: Leftovers\n|-damage|p1a: LeNugget|52\/100 tox|[from] psn\n|-ability|p1a: LeNugget|Speed Boost|boost\n|-boost|p1a: LeNugget|spe|1\n|upkeep\n|turn|8\n|\n|t:|1700220503\n|switch|p2a: Saiko no Hero|Aegislash, M|100\/100\n|move|p1a: LeNugget|Earthquake|p2a: Saiko no Hero\n|-supereffective|p2a: Saiko no Hero\n|-damage|p2a: Saiko no Hero|30\/100\n|\n|-damage|p1a: LeNugget|28\/100 tox|[from] psn\n|-ability|p1a: LeNugget|Speed Boost|boost\n|-boost|p1a: LeNugget|spe|1\n|upkeep\n|turn|9\n|\n|t:|1700220513\n|move|p2a: Saiko no Hero|King's Shield|p2a: Saiko no Hero\n|-singleturn|p2a: Saiko no Hero|Protect\n|move|p1a: LeNugget|Earthquake|p2a: Saiko no Hero\n|-activate|p2a: Saiko no Hero|move: Protect\n|\n|-damage|p1a: LeNugget|0 fnt|[from] psn\n|faint|p1a: LeNugget\n|upkeep\n|\n|t:|1700220524\n|switch|p1a: Henlo|Genesect-Shock|100\/100\n|-damage|p1a: Henlo|88\/100|[from] Spikes\n|-ability|p1a: Henlo|Download|boost\n|-boost|p1a: Henlo|spa|1\n|turn|10\n|\n|t:|1700220531\n|move|p1a: Henlo|Flamethrower|p2a: Saiko no Hero\n|-supereffective|p2a: Saiko no Hero\n|-damage|p2a: Saiko no Hero|0 fnt\n|faint|p2a: Saiko no Hero\n|\n|upkeep\n|\n|t:|1700220537\n|switch|p2a: Togefeits|Togekiss, M|100\/100\n|turn|11\n|\n|t:|1700220543\n|move|p1a: Henlo|Techno Blast|p2a: Togefeits\n|-supereffective|p2a: Togefeits\n|-damage|p2a: Togefeits|0 fnt\n|faint|p2a: Togefeits\n|\n|upkeep\n|\n|t:|1700220549\n|switch|p2a: Draga-sama|Dragapult, M|100\/100\n|turn|12\n|\n|t:|1700220554\n|move|p2a: Draga-sama|Will-O-Wisp|p1a: Henlo\n|-status|p1a: Henlo|brn\n|move|p1a: Henlo|Ice Beam|p2a: Draga-sama\n|-supereffective|p2a: Draga-sama\n|-damage|p2a: Draga-sama|0 fnt\n|faint|p2a: Draga-sama\n|\n|-damage|p1a: Henlo|82\/100 brn|[from] brn\n|upkeep\n|\n|t:|1700220565\n|switch|p2a: Godtana|Kartana|100\/100\n|turn|13\n|\n|t:|1700220572\n|move|p2a: Godtana|Sacred Sword|p1a: Henlo\n|-damage|p1a: Henlo|29\/100 brn\n|move|p1a: Henlo|Flamethrower|p2a: Godtana\n|-supereffective|p2a: Godtana\n|-crit|p2a: Godtana\n|-damage|p2a: Godtana|0 fnt\n|faint|p2a: Godtana\n|\n|-damage|p1a: Henlo|23\/100 brn|[from] brn\n|upkeep\n|\n|t:|1700220583\n|switch|p2a: Puyolsire|Quagsire, M|94\/100\n|turn|14\n|\n|t:|1700220595\n|move|p1a: Henlo|Ice Beam|p2a: Puyolsire\n|-damage|p2a: Puyolsire|59\/100\n|move|p2a: Puyolsire|Recover|p2a: Puyolsire\n|-heal|p2a: Puyolsire|100\/100\n|\n|-damage|p1a: Henlo|17\/100 brn|[from] brn\n|upkeep\n|turn|15\n|\n|t:|1700220603\n|move|p1a: Henlo|Ice Beam|p2a: Puyolsire\n|-damage|p2a: Puyolsire|62\/100\n|move|p2a: Puyolsire|Earthquake|p1a: Henlo\n|-damage|p1a: Henlo|0 fnt\n|faint|p1a: Henlo\n|\n|-heal|p2a: Puyolsire|69\/100|[from] item: Leftovers\n|upkeep\n|\n|t:|1700220614\n|switch|p1a: SubwaySurfer|Gholdengo|100\/100\n|-damage|p1a: SubwaySurfer|88\/100|[from] Spikes\n|turn|16\n|\n|t:|1700220624\n|-terastallize|p2a: Puyolsire|Steel\n|move|p1a: SubwaySurfer|Power Gem|p2a: Puyolsire\n|-resisted|p2a: Puyolsire\n|-damage|p2a: Puyolsire|50\/100\n|move|p2a: Puyolsire|Earthquake|p1a: SubwaySurfer\n|-supereffective|p1a: SubwaySurfer\n|-damage|p1a: SubwaySurfer|20\/100\n|\n|-heal|p1a: SubwaySurfer|26\/100|[from] item: Leftovers\n|-heal|p2a: Puyolsire|56\/100|[from] item: Leftovers\n|upkeep\n|turn|17\n|\n|t:|1700220637\n|move|p1a: SubwaySurfer|Flash Cannon|p2a: Puyolsire\n|-resisted|p2a: Puyolsire\n|-damage|p2a: Puyolsire|29\/100\n|move|p2a: Puyolsire|Recover|p2a: Puyolsire\n|-heal|p2a: Puyolsire|79\/100\n|\n|-heal|p1a: SubwaySurfer|32\/100|[from] item: Leftovers\n|-heal|p2a: Puyolsire|85\/100|[from] item: Leftovers\n|upkeep\n|turn|18\n|\n|t:|1700220648\n|move|p1a: SubwaySurfer|Flash Cannon|p2a: Puyolsire\n|-resisted|p2a: Puyolsire\n|-damage|p2a: Puyolsire|60\/100\n|move|p2a: Puyolsire|Spikes|p1a: SubwaySurfer\n|-sidestart|p1: Luffyone_piece1232|Spikes\n|\n|-heal|p1a: SubwaySurfer|38\/100|[from] item: Leftovers\n|-heal|p2a: Puyolsire|66\/100|[from] item: Leftovers\n|upkeep\n|turn|19\n|\n|t:|1700220658\n|move|p1a: SubwaySurfer|Flash Cannon|p2a: Puyolsire\n|-resisted|p2a: Puyolsire\n|-damage|p2a: Puyolsire|38\/100\n|move|p2a: Puyolsire|Spikes|p1a: SubwaySurfer\n|-sidestart|p1: Luffyone_piece1232|Spikes\n|\n|-heal|p1a: SubwaySurfer|44\/100|[from] item: Leftovers\n|-heal|p2a: Puyolsire|45\/100|[from] item: Leftovers\n|upkeep\n|turn|20\n|\n|t:|1700220667\n|move|p1a: SubwaySurfer|Dazzling Gleam|p2a: Puyolsire\n|-resisted|p2a: Puyolsire\n|-damage|p2a: Puyolsire|25\/100\n|move|p2a: Puyolsire|Recover|p2a: Puyolsire\n|-heal|p2a: Puyolsire|75\/100\n|\n|-heal|p1a: SubwaySurfer|50\/100|[from] item: Leftovers\n|-heal|p2a: Puyolsire|81\/100|[from] item: Leftovers\n|upkeep\n|turn|21\n|\n|t:|1700220680\n|move|p1a: SubwaySurfer|Power Gem|p2a: Puyolsire\n|-resisted|p2a: Puyolsire\n|-damage|p2a: Puyolsire|64\/100\n|move|p2a: Puyolsire|Recover|p2a: Puyolsire\n|-heal|p2a: Puyolsire|100\/100\n|\n|-heal|p1a: SubwaySurfer|56\/100|[from] item: Leftovers\n|upkeep\n|turn|22\n|\n|t:|1700220689\n|move|p1a: SubwaySurfer|Power Gem|p2a: Puyolsire\n|-resisted|p2a: Puyolsire\n|-damage|p2a: Puyolsire|83\/100\n|move|p2a: Puyolsire|Earthquake|p1a: SubwaySurfer\n|-supereffective|p1a: SubwaySurfer\n|-damage|p1a: SubwaySurfer|0 fnt\n|faint|p1a: SubwaySurfer\n|\n|-heal|p2a: Puyolsire|90\/100|[from] item: Leftovers\n|upkeep\n|\n|t:|1700220700\n|switch|p1a: LeDog|Zacian-Crowned, tera:Fairy|100\/100\n|-damage|p1a: LeDog|76\/100|[from] Spikes\n|turn|23\n|\n|t:|1700220707\n|move|p1a: LeDog|Behemoth Blade|p2a: Puyolsire\n|-resisted|p2a: Puyolsire\n|-damage|p2a: Puyolsire|68\/100\n|move|p2a: Puyolsire|Toxic|p1a: LeDog\n|-status|p1a: LeDog|tox\n|\n|-heal|p2a: Puyolsire|74\/100|[from] item: Leftovers\n|-damage|p1a: LeDog|69\/100 tox|[from] psn\n|upkeep\n|turn|24\n|\n|t:|1700220718\n|move|p1a: LeDog|Behemoth Blade|p2a: Puyolsire\n|-resisted|p2a: Puyolsire\n|-damage|p2a: Puyolsire|53\/100\n|move|p2a: Puyolsire|Earthquake|p1a: LeDog\n|-damage|p1a: LeDog|39\/100 tox\n|\n|-heal|p2a: Puyolsire|59\/100|[from] item: Leftovers\n|-damage|p1a: LeDog|27\/100 tox|[from] psn\n|upkeep\n|turn|25\n|\n|t:|1700220729\n|move|p1a: LeDog|Behemoth Blade|p2a: Puyolsire\n|-resisted|p2a: Puyolsire\n|-damage|p2a: Puyolsire|40\/100\n|move|p2a: Puyolsire|Recover|p2a: Puyolsire\n|-heal|p2a: Puyolsire|90\/100\n|\n|-heal|p2a: Puyolsire|96\/100|[from] item: Leftovers\n|-damage|p1a: LeDog|8\/100 tox|[from] psn\n|upkeep\n|turn|26\n|\n|t:|1700220740\n|move|p1a: LeDog|Behemoth Blade|p2a: Puyolsire\n|-resisted|p2a: Puyolsire\n|-damage|p2a: Puyolsire|76\/100\n|move|p2a: Puyolsire|Earthquake|p1a: LeDog\n|-damage|p1a: LeDog|0 fnt\n|faint|p1a: LeDog\n|\n|-heal|p2a: Puyolsire|82\/100|[from] item: Leftovers\n|upkeep\n|\n|t:|1700220750\n|switch|p1a: LeSteal|Marshadow|100\/100\n|-damage|p1a: LeSteal|76\/100|[from] Spikes\n|turn|27\n|\n|t:|1700220762\n|move|p1a: LeSteal|Spectral Thief|p2a: Puyolsire\n|-damage|p2a: Puyolsire|47\/100\n|move|p2a: Puyolsire|Toxic|p1a: LeSteal\n|-status|p1a: LeSteal|tox\n|\n|-heal|p2a: Puyolsire|53\/100|[from] item: Leftovers\n|-damage|p1a: LeSteal|69\/100 tox|[from] psn\n|upkeep\n|turn|28\n|\n|t:|1700220774\n|move|p1a: LeSteal|Spectral Thief|p2a: Puyolsire\n|-damage|p2a: Puyolsire|22\/100\n|move|p2a: Puyolsire|Recover|p2a: Puyolsire\n|-heal|p2a: Puyolsire|72\/100\n|\n|-heal|p2a: Puyolsire|78\/100|[from] item: Leftovers\n|-damage|p1a: LeSteal|57\/100 tox|[from] psn\n|upkeep\n|turn|29\n|\n|t:|1700220786\n|move|p1a: LeSteal|Spectral Thief|p2a: Puyolsire\n|-damage|p2a: Puyolsire|45\/100\n|move|p2a: Puyolsire|Earthquake|p1a: LeSteal\n|-damage|p1a: LeSteal|15\/100 tox\n|\n|-heal|p2a: Puyolsire|51\/100|[from] item: Leftovers\n|-damage|p1a: LeSteal|0 fnt|[from] psn\n|faint|p1a: LeSteal\n|\n|win|Mudseph03\n|upkeep\n|raw|Luffyone_piece1232's rating: 1049 &rarr; <strong>1038<\/strong><br \/>(-11 for losing)\n|raw|Mudseph03's rating: 1189 &rarr; <strong>1204<\/strong><br \/>(+15 for winning)\n|c|\u2606Mudseph03|gg\n|l|\u2606Luffyone_piece1232\n","uploadtime":1700220804,"views":12,"p1id":"luffyonepiece1232","p2id":"mudseph03","formatid":"gen9nationaldexubers","rating":1038,"private":0,"password":""}