{"id":"gen9nationaldexubers-1996959964","p1":"Willisafatlucario","p2":"aquiles meo","format":"[Gen 9] National Dex Ubers","log":"|j|\u2606Willisafatlucario\n|j|\u2606aquiles meo\n|t:|1700749829\n|gametype|singles\n|player|p1|Willisafatlucario|hilbert-wonderlauncher|1105\n|player|p2|aquiles meo|ethan|1102\n|teamsize|p1|6\n|teamsize|p2|6\n|gen|9\n|tier|[Gen 9] National Dex Ubers\n|rated|\n|rule|HP Percentage Mod: HP is shown in percentages\n|rule|Endless Battle Clause: Forcing endless battles is banned\n|rule|OHKO Clause: OHKO moves are banned\n|rule|Evasion Moves Clause: Evasion moves are banned\n|rule|Evasion Items Clause: Evasion items are banned\n|rule|Species Clause: Limit one of each Pok\u00e9mon\n|rule|Sleep Clause Mod: Limit one foe put to sleep\n|rule|Mega Rayquaza Clause: You cannot mega evolve Rayquaza\n|clearpoke\n|poke|p1|Mewtwo|\n|poke|p1|Kingambit, F|\n|poke|p1|Kyogre|\n|poke|p1|Groudon|\n|poke|p1|Volcarona, M|\n|poke|p1|Iron Valiant|\n|poke|p2|Jirachi|\n|poke|p2|Ho-Oh|\n|poke|p2|Rayquaza|\n|poke|p2|Pidgeot, M|\n|poke|p2|Lucario, M|\n|poke|p2|Luxray, M|\n|teampreview\n|\n|t:|1700749836\n|start\n|switch|p1a: Kyogre|Kyogre|100\/100\n|switch|p2a: Jirachi|Jirachi|100\/100\n|detailschange|p1a: Kyogre|Kyogre-Primal\n|-primal|p1a: Kyogre|Blue Orb\n|-weather|PrimordialSea|[from] ability: Primordial Sea|[of] p1a: Kyogre\n|turn|1\n|\n|t:|1700749845\n|move|p2a: Jirachi|Iron Head|p1a: Kyogre\n|-resisted|p1a: Kyogre\n|-damage|p1a: Kyogre|88\/100\n|cant|p1a: Kyogre|flinch\n|\n|-weather|PrimordialSea|[upkeep]\n|upkeep\n|turn|2\n|\n|t:|1700749851\n|move|p2a: Jirachi|Iron Head|p1a: Kyogre\n|-resisted|p1a: Kyogre\n|-damage|p1a: Kyogre|74\/100\n|move|p1a: Kyogre|Calm Mind|p1a: Kyogre\n|-boost|p1a: Kyogre|spa|1\n|-boost|p1a: Kyogre|spd|1\n|\n|-weather|PrimordialSea|[upkeep]\n|upkeep\n|turn|3\n|\n|t:|1700749857\n|move|p2a: Jirachi|Iron Head|p1a: Kyogre\n|-resisted|p1a: Kyogre\n|-crit|p1a: Kyogre\n|-damage|p1a: Kyogre|47\/100\n|cant|p1a: Kyogre|flinch\n|\n|-weather|PrimordialSea|[upkeep]\n|upkeep\n|turn|4\n|\n|t:|1700749864\n|move|p2a: Jirachi|Iron Head|p1a: Kyogre\n|-resisted|p1a: Kyogre\n|-damage|p1a: Kyogre|26\/100\n|cant|p1a: Kyogre|flinch\n|\n|-weather|PrimordialSea|[upkeep]\n|upkeep\n|turn|5\n|\n|t:|1700749871\n|move|p2a: Jirachi|Iron Head|p1a: Kyogre\n|-resisted|p1a: Kyogre\n|-damage|p1a: Kyogre|2\/100\n|move|p1a: Kyogre|Water Spout|p2a: Jirachi\n|-damage|p2a: Jirachi|97\/100\n|\n|-weather|PrimordialSea|[upkeep]\n|upkeep\n|turn|6\n|\n|t:|1700749878\n|move|p2a: Jirachi|Ancient Power|p1a: Kyogre\n|-damage|p1a: Kyogre|0 fnt\n|faint|p1a: Kyogre\n|-weather|none\n|\n|upkeep\n|\n|t:|1700749883\n|switch|p1a: Volcarona|Volcarona, M|100\/100\n|turn|7\n|\n|t:|1700749899\n|move|p2a: Jirachi|Iron Head|p1a: Volcarona\n|-resisted|p1a: Volcarona\n|-damage|p1a: Volcarona|80\/100\n|-status|p2a: Jirachi|brn|[from] ability: Flame Body|[of] p1a: Volcarona\n|cant|p1a: Volcarona|flinch\n|\n|-heal|p1a: Volcarona|86\/100|[from] item: Leftovers\n|-damage|p2a: Jirachi|91\/100 brn|[from] brn\n|upkeep\n|turn|8\n|\n|t:|1700749909\n|move|p2a: Jirachi|Ancient Power|p1a: Volcarona\n|-supereffective|p1a: Volcarona\n|-damage|p1a: Volcarona|29\/100\n|move|p1a: Volcarona|Bug Buzz|p2a: Jirachi\n|-damage|p2a: Jirachi|42\/100 brn\n|-unboost|p2a: Jirachi|spd|1\n|\n|-heal|p1a: Volcarona|36\/100|[from] item: Leftovers\n|-damage|p2a: Jirachi|36\/100 brn|[from] brn\n|upkeep\n|turn|9\n|\n|t:|1700749933\n|move|p2a: Jirachi|Wish|p2a: Jirachi\n|move|p1a: Volcarona|Substitute|p1a: Volcarona\n|-start|p1a: Volcarona|Substitute\n|-damage|p1a: Volcarona|11\/100\n|\n|-heal|p1a: Volcarona|17\/100|[from] item: Leftovers\n|-damage|p2a: Jirachi|30\/100 brn|[from] brn\n|upkeep\n|turn|10\n|\n|t:|1700749951\n|move|p2a: Jirachi|Ancient Power|p1a: Volcarona\n|-supereffective|p1a: Volcarona\n|-end|p1a: Volcarona|Substitute\n|-boost|p2a: Jirachi|atk|1\n|-boost|p2a: Jirachi|def|1\n|-boost|p2a: Jirachi|spa|1\n|-boost|p2a: Jirachi|spd|1\n|-boost|p2a: Jirachi|spe|1\n|move|p1a: Volcarona|Quiver Dance|p1a: Volcarona\n|-boost|p1a: Volcarona|spa|1\n|-boost|p1a: Volcarona|spd|1\n|-boost|p1a: Volcarona|spe|1\n|\n|-heal|p2a: Jirachi|80\/100 brn|[from] move: Wish|[wisher] Jirachi\n|-heal|p1a: Volcarona|23\/100|[from] item: Leftovers\n|-damage|p2a: Jirachi|74\/100 brn|[from] brn\n|upkeep\n|turn|11\n|\n|t:|1700749966\n|move|p2a: Jirachi|Ancient Power|p1a: Volcarona\n|-supereffective|p1a: Volcarona\n|-damage|p1a: Volcarona|0 fnt\n|faint|p1a: Volcarona\n|\n|-damage|p2a: Jirachi|68\/100 brn|[from] brn\n|upkeep\n|\n|t:|1700749973\n|switch|p1a: Groudon|Groudon|100\/100\n|detailschange|p1a: Groudon|Groudon-Primal\n|-primal|p1a: Groudon|Red Orb\n|-weather|DesolateLand|[from] ability: Desolate Land|[of] p1a: Groudon\n|turn|12\n|\n|t:|1700749981\n|move|p2a: Jirachi|Iron Head|p1a: Groudon\n|-resisted|p1a: Groudon\n|-damage|p1a: Groudon|93\/100\n|cant|p1a: Groudon|flinch\n|\n|-weather|DesolateLand|[upkeep]\n|-damage|p2a: Jirachi|62\/100 brn|[from] brn\n|upkeep\n|turn|13\n|\n|t:|1700749989\n|move|p2a: Jirachi|Iron Head|p1a: Groudon\n|-resisted|p1a: Groudon\n|-damage|p1a: Groudon|85\/100\n|cant|p1a: Groudon|flinch\n|\n|-weather|DesolateLand|[upkeep]\n|-damage|p2a: Jirachi|56\/100 brn|[from] brn\n|upkeep\n|turn|14\n|\n|t:|1700750004\n|switch|p2a: Ho-Oh|Ho-Oh|100\/100\n|move|p1a: Groudon|Swords Dance|p1a: Groudon\n|-boost|p1a: Groudon|atk|2\n|\n|-weather|DesolateLand|[upkeep]\n|upkeep\n|turn|15\n|\n|t:|1700750019\n|move|p1a: Groudon|Swords Dance|p1a: Groudon\n|-boost|p1a: Groudon|atk|2\n|move|p2a: Ho-Oh|Earthquake|p1a: Groudon\n|-supereffective|p1a: Groudon\n|-damage|p1a: Groudon|47\/100\n|\n|-weather|DesolateLand|[upkeep]\n|upkeep\n|turn|16\n|\n|t:|1700750031\n|move|p1a: Groudon|Fire Punch|p2a: Ho-Oh\n|-resisted|p2a: Ho-Oh\n|-damage|p2a: Ho-Oh|0 fnt\n|faint|p2a: Ho-Oh\n|\n|-weather|DesolateLand|[upkeep]\n|upkeep\n|\n|t:|1700750053\n|switch|p2a: Jirachi|Jirachi|56\/100 brn\n|turn|17\n|\n|t:|1700750057\n|move|p2a: Jirachi|Iron Head|p1a: Groudon\n|-resisted|p1a: Groudon\n|-damage|p1a: Groudon|43\/100\n|move|p1a: Groudon|Fire Punch|p2a: Jirachi\n|-supereffective|p2a: Jirachi\n|-damage|p2a: Jirachi|0 fnt\n|faint|p2a: Jirachi\n|\n|-weather|DesolateLand|[upkeep]\n|upkeep\n|\n|t:|1700750082\n|switch|p2a: Rayquaza|Rayquaza|100\/100\n|-ability|p2a: Rayquaza|Air Lock\n|turn|18\n|\n|t:|1700750097\n|-terastallize|p2a: Rayquaza|Flying\n|move|p1a: Groudon|Fire Punch|p2a: Rayquaza\n|-damage|p2a: Rayquaza|0 fnt\n|faint|p2a: Rayquaza\n|\n|-weather|DesolateLand|[upkeep]\n|upkeep\n|\n|t:|1700750107\n|switch|p2a: Lucario|Lucario, M, shiny|100\/100\n|turn|19\n|\n|t:|1700750111\n|switch|p2a: Luxray|Luxray, M, shiny|100\/100\n|move|p1a: Groudon|Fire Punch|p2a: Luxray\n|-damage|p2a: Luxray|0 fnt\n|faint|p2a: Luxray\n|\n|-weather|DesolateLand|[upkeep]\n|upkeep\n|\n|t:|1700750123\n|switch|p2a: Pidgeot|Pidgeot, M|100\/100\n|turn|20\n|\n|t:|1700750128\n|switch|p2a: Lucario|Lucario, M, shiny|100\/100\n|move|p1a: Groudon|Fire Punch|p2a: Lucario\n|-supereffective|p2a: Lucario\n|-damage|p2a: Lucario|0 fnt\n|faint|p2a: Lucario\n|\n|-weather|DesolateLand|[upkeep]\n|upkeep\n|\n|t:|1700750134\n|switch|p2a: Pidgeot|Pidgeot, M|100\/100\n|turn|21\n|\n|t:|1700750140\n|detailschange|p2a: Pidgeot|Pidgeot-Mega, M\n|-mega|p2a: Pidgeot|Pidgeot|Pidgeotite\n|move|p2a: Pidgeot|Hurricane|p1a: Groudon\n|-damage|p1a: Groudon|0 fnt\n|faint|p1a: Groudon\n|-weather|none\n|\n|upkeep\n|\n|t:|1700750148\n|switch|p1a: Mewtwo|Mewtwo|100\/100\n|-ability|p1a: Mewtwo|Unnerve\n|turn|22\n|\n|t:|1700750160\n|detailschange|p1a: Mewtwo|Mewtwo-Mega-Y\n|-mega|p1a: Mewtwo|Mewtwo|Mewtwonite Y\n|move|p1a: Mewtwo|Thunder Punch|p2a: Pidgeot\n|-supereffective|p2a: Pidgeot\n|-damage|p2a: Pidgeot|31\/100\n|move|p2a: Pidgeot|Ominous Wind|p1a: Mewtwo\n|-supereffective|p1a: Mewtwo\n|-damage|p1a: Mewtwo|65\/100\n|\n|upkeep\n|turn|23\n|\n|t:|1700750173\n|move|p1a: Mewtwo|Thunder Punch|p2a: Pidgeot\n|-supereffective|p2a: Pidgeot\n|-crit|p2a: Pidgeot\n|-damage|p2a: Pidgeot|0 fnt\n|faint|p2a: Pidgeot\n|\n|win|Willisafatlucario\n|raw|Willisafatlucario's rating: 1105 &rarr; <strong>1130<\/strong><br \/>(+25 for winning)\n|raw|aquiles meo's rating: 1102 &rarr; <strong>1077<\/strong><br \/>(-25 for losing)\n|l|\u2606Willisafatlucario\n","uploadtime":1700750184,"views":1,"p1id":"willisafatlucario","p2id":"aquilesmeo","formatid":"gen9nationaldexubers","rating":1077,"private":0,"password":""}