{"id":"gen9nationaldexubers-1985129416","p1":"BlodiaMan","p2":"KarmaNightraide","format":"[Gen 9] National Dex Ubers","log":"|j|\u2606BlodiaMan\n|j|\u2606KarmaNightraide\n|t:|1699335165\n|gametype|singles\n|player|p1|BlodiaMan|silver|1246\n|player|p2|KarmaNightraide|unknown|1169\n|teamsize|p1|6\n|teamsize|p2|6\n|gen|9\n|tier|[Gen 9] National Dex Ubers\n|rated|\n|rule|HP Percentage Mod: HP is shown in percentages\n|rule|Endless Battle Clause: Forcing endless battles is banned\n|rule|OHKO Clause: OHKO moves are banned\n|rule|Evasion Moves Clause: Evasion moves are banned\n|rule|Evasion Items Clause: Evasion items are banned\n|rule|Species Clause: Limit one of each Pok\u00e9mon\n|rule|Sleep Clause Mod: Limit one foe put to sleep\n|rule|Mega Rayquaza Clause: You cannot mega evolve Rayquaza\n|clearpoke\n|poke|p1|Golduck, M|\n|poke|p1|Vaporeon, F|\n|poke|p1|Charizard, F|\n|poke|p1|Pikachu, F|\n|poke|p1|Volcarona, F|\n|poke|p1|Ariados, F|\n|poke|p2|Aegislash, F|\n|poke|p2|Ceruledge, F|\n|poke|p2|Basculegion, M|\n|poke|p2|Mimikyu, M|\n|poke|p2|Gourgeist-*, F|\n|poke|p2|Banette, F|\n|teampreview\n|inactive|Battle timer is ON: inactive players will automatically lose when time's up. (requested by KarmaNightraide)\n|\n|t:|1699335176\n|start\n|switch|p1a: Ariados|Ariados, F|100\/100\n|switch|p2a: Go to sleep...|Banette, F|100\/100\n|turn|1\n|\n|t:|1699335185\n|detailschange|p2a: Go to sleep...|Banette-Mega, F\n|-mega|p2a: Go to sleep...|Banette|Banettite\n|move|p2a: Go to sleep...|Encore||[still]\n|-fail|p2a: Go to sleep...\n|move|p1a: Ariados|Toxic Thread|p2a: Go to sleep...\n|-unboost|p2a: Go to sleep...|spe|1\n|-status|p2a: Go to sleep...|psn\n|\n|-damage|p2a: Go to sleep...|88\/100 psn|[from] psn\n|upkeep\n|turn|2\n|\n|t:|1699335201\n|move|p2a: Go to sleep...|Encore|p1a: Ariados\n|-start|p1a: Ariados|Encore\n|move|p1a: Ariados|Toxic Thread|p2a: Go to sleep...\n|-unboost|p2a: Go to sleep...|spe|1\n|-fail|p2a: Go to sleep...|psn\n|\n|-damage|p2a: Go to sleep...|76\/100 psn|[from] psn\n|upkeep\n|turn|3\n|\n|t:|1699335211\n|switch|p1a: Volcarona|Volcarona, F|100\/100\n|move|p2a: Go to sleep...|Swords Dance|p2a: Go to sleep...\n|-boost|p2a: Go to sleep...|atk|2\n|\n|-damage|p2a: Go to sleep...|64\/100 psn|[from] psn\n|upkeep\n|turn|4\n|\n|t:|1699335220\n|move|p2a: Go to sleep...|Sucker Punch|p1a: Volcarona\n|-damage|p1a: Volcarona|8\/100\n|move|p1a: Volcarona|Fiery Dance|p2a: Go to sleep...\n|-damage|p2a: Go to sleep...|0 fnt\n|-boost|p1a: Volcarona|spa|1\n|faint|p2a: Go to sleep...\n|\n|upkeep\n|\n|t:|1699335230\n|switch|p2a: Excalasey|Aegislash, F|100\/100\n|turn|5\n|\n|t:|1699335234\n|-formechange|p2a: Excalasey|Aegislash-Blade||[from] ability: Stance Change\n|move|p2a: Excalasey|Shadow Sneak|p1a: Volcarona\n|-damage|p1a: Volcarona|0 fnt\n|faint|p1a: Volcarona\n|\n|upkeep\n|\n|t:|1699335247\n|switch|p1a: Ariados|Ariados, F|100\/100\n|turn|6\n|\n|t:|1699335275\n|switch|p2a: Widowmaker|Ceruledge, F|100\/100\n|move|p1a: Ariados|Knock Off|p2a: Widowmaker\n|-supereffective|p2a: Widowmaker\n|-damage|p2a: Widowmaker|21\/100\n|-ability|p2a: Widowmaker|Weak Armor|boost\n|-unboost|p2a: Widowmaker|def|1\n|-boost|p2a: Widowmaker|spe|2\n|-enditem|p2a: Widowmaker|Focus Sash|[from] move: Knock Off|[of] p1a: Ariados\n|\n|upkeep\n|turn|7\n|\n|t:|1699335287\n|move|p2a: Widowmaker|Bitter Blade|p1a: Ariados\n|-supereffective|p1a: Ariados\n|-damage|p1a: Ariados|0 fnt\n|-heal|p2a: Widowmaker|80\/100|[from] drain|[of] p1a: Ariados\n|faint|p1a: Ariados\n|\n|upkeep\n|\n|t:|1699335306\n|switch|p1a: Vaporeon|Vaporeon, F|100\/100\n|turn|8\n|\n|t:|1699335318\n|move|p2a: Widowmaker|Bitter Blade|p1a: Vaporeon\n|-resisted|p1a: Vaporeon\n|-damage|p1a: Vaporeon|76\/100\n|-heal|p2a: Widowmaker|99\/100|[from] drain|[of] p1a: Vaporeon\n|move|p1a: Vaporeon|Scald|p2a: Widowmaker\n|-supereffective|p2a: Widowmaker\n|-damage|p2a: Widowmaker|0 fnt\n|faint|p2a: Widowmaker\n|\n|-heal|p1a: Vaporeon|83\/100|[from] item: Leftovers\n|upkeep\n|inactive|KarmaNightraide has 120 seconds left.\n|inactive|KarmaNightraide has 90 seconds left.\n|\n|t:|1699335367\n|switch|p2a: Pumpin|Gourgeist-Small, F|100\/100\n|-item|p1a: Vaporeon|Leftovers|[from] ability: Frisk|[of] p2a: Pumpin|[identify]\n|turn|9\n|\n|t:|1699335374\n|switch|p1a: Charizard|Charizard, F|100\/100\n|-zpower|p2a: Pumpin\n|move|p2a: Pumpin|Z-Trick-or-Treat|p1a: Charizard|[anim]Trick-or-Treat\n|-boost|p2a: Pumpin|atk|1|[zeffect]\n|-boost|p2a: Pumpin|def|1|[zeffect]\n|-boost|p2a: Pumpin|spa|1|[zeffect]\n|-boost|p2a: Pumpin|spd|1|[zeffect]\n|-boost|p2a: Pumpin|spe|1|[zeffect]\n|-start|p1a: Charizard|typeadd|Ghost|[from] move: Trick-or-Treat\n|\n|upkeep\n|turn|10\n|inactive|KarmaNightraide has 90 seconds left.\n|\n|t:|1699335398\n|detailschange|p1a: Charizard|Charizard-Mega-X, F\n|-mega|p1a: Charizard|Charizard|Charizardite X\n|move|p2a: Pumpin|Poltergeist|p1a: Charizard\n|-activate|p1a: Charizard|move: Poltergeist|Charizardite X\n|-damage|p1a: Charizard|29\/100\n|move|p1a: Charizard|Fire Punch|p2a: Pumpin\n|-supereffective|p2a: Pumpin\n|-damage|p2a: Pumpin|12\/100\n|\n|upkeep\n|turn|11\n|inactive|KarmaNightraide has 90 seconds left.\n|\n|t:|1699335411\n|move|p2a: Pumpin|Poltergeist|p1a: Charizard\n|-activate|p1a: Charizard|move: Poltergeist|Charizardite X\n|-damage|p1a: Charizard|0 fnt\n|faint|p1a: Charizard\n|\n|upkeep\n|\n|t:|1699335421\n|switch|p1a: Golduck|Golduck, M|100\/100\n|-ability|p1a: Golduck|Cloud Nine\n|turn|12\n|inactive|KarmaNightraide has 90 seconds left.\n|\n|t:|1699335439\n|move|p2a: Pumpin|Power Whip|p1a: Golduck\n|-supereffective|p1a: Golduck\n|-crit|p1a: Golduck\n|-enditem|p1a: Golduck|Focus Sash\n|-damage|p1a: Golduck|1\/100\n|move|p1a: Golduck|Ice Beam|p2a: Pumpin\n|-supereffective|p2a: Pumpin\n|-damage|p2a: Pumpin|0 fnt\n|faint|p2a: Pumpin\n|\n|upkeep\n|inactive|KarmaNightraide has 90 seconds left.\n|\n|t:|1699335450\n|switch|p2a: Lil guy my man|Mimikyu, M|100\/100\n|turn|13\n|\n|t:|1699335454\n|move|p2a: Lil guy my man|Shadow Sneak|p1a: Golduck\n|-damage|p1a: Golduck|0 fnt\n|faint|p1a: Golduck\n|-damage|p2a: Lil guy my man|91\/100|[from] item: Life Orb\n|\n|upkeep\n|\n|t:|1699335460\n|switch|p1a: Pikachu|Pikachu, F|100\/100\n|turn|14\n|\n|t:|1699335465\n|move|p2a: Lil guy my man|Swords Dance|p2a: Lil guy my man\n|-boost|p2a: Lil guy my man|atk|2\n|move|p1a: Pikachu|Trailblaze|p2a: Lil guy my man\n|-activate|p2a: Lil guy my man|ability: Disguise\n|-damage|p2a: Lil guy my man|91\/100\n|-boost|p1a: Pikachu|spe|1\n|detailschange|p2a: Lil guy my man|Mimikyu-Busted, M\n|-damage|p2a: Lil guy my man|78\/100|[from] pokemon: Mimikyu-Busted\n|\n|upkeep\n|turn|15\n|\n|t:|1699335477\n|move|p2a: Lil guy my man|Shadow Sneak|p1a: Pikachu\n|-damage|p1a: Pikachu|0 fnt\n|faint|p1a: Pikachu\n|-damage|p2a: Lil guy my man|68\/100|[from] item: Life Orb\n|\n|upkeep\n|\n|t:|1699335481\n|switch|p1a: Vaporeon|Vaporeon, F|83\/100\n|turn|16\n|inactive|KarmaNightraide has 120 seconds left.\n|\n|t:|1699335488\n|-terastallize|p2a: Lil guy my man|Fighting\n|-terastallize|p1a: Vaporeon|Ground\n|move|p2a: Lil guy my man|Drain Punch|p1a: Vaporeon\n|-damage|p1a: Vaporeon|0 fnt\n|-heal|p2a: Lil guy my man|100\/100|[from] drain|[of] p1a: Vaporeon\n|faint|p1a: Vaporeon\n|-damage|p2a: Lil guy my man|91\/100|[from] item: Life Orb\n|\n|win|KarmaNightraide\n|raw|BlodiaMan's rating: 1246 &rarr; <strong>1216<\/strong><br \/>(-30 for losing)\n|raw|KarmaNightraide's rating: 1169 &rarr; <strong>1199<\/strong><br \/>(+30 for winning)\n|l|\u2606BlodiaMan\n","uploadtime":1699335499,"views":5,"p1id":"blodiaman","p2id":"karmanightraide","formatid":"gen9nationaldexubers","rating":1199,"private":0,"password":""}