{"id":"gen9nationaldexubers-1998505201","p1":"Aroma blade","p2":"Pawelko","format":"[Gen 9] National Dex Ubers","log":"|j|\u2606Aroma blade\n|j|\u2606Pawelko\n|t:|1700949928\n|gametype|singles\n|player|p1|Aroma blade|170|1216\n|player|p2|Pawelko|brawly|1120\n|teamsize|p1|6\n|teamsize|p2|6\n|gen|9\n|tier|[Gen 9] National Dex Ubers\n|rated|\n|rule|HP Percentage Mod: HP is shown in percentages\n|rule|Endless Battle Clause: Forcing endless battles is banned\n|rule|OHKO Clause: OHKO moves are banned\n|rule|Evasion Moves Clause: Evasion moves are banned\n|rule|Evasion Items Clause: Evasion items are banned\n|rule|Species Clause: Limit one of each Pok\u00e9mon\n|rule|Sleep Clause Mod: Limit one foe put to sleep\n|rule|Mega Rayquaza Clause: You cannot mega evolve Rayquaza\n|clearpoke\n|poke|p1|Kingambit, F|\n|poke|p1|Mandibuzz, F|\n|poke|p1|Incineroar, M|\n|poke|p1|Roaring Moon|\n|poke|p1|Greninja-*, M|\n|poke|p1|Iron Jugulis|\n|poke|p2|Darmanitan-Galar, F|\n|poke|p2|Blastoise, F|\n|poke|p2|Deoxys-Attack|\n|poke|p2|Palafin, M|\n|poke|p2|Lugia|\n|poke|p2|Zacian-*|\n|teampreview\n|c|\u2606Aroma blade|glhf\n|c|\u2606Aroma blade|sry if my decisions are a little slowly computer is laggy today\n|\n|t:|1700949963\n|start\n|switch|p1a: SPEED|Greninja, M|100\/100\n|switch|p2a: Darmanitan|Darmanitan-Galar, F|100\/100\n|turn|1\n|\n|t:|1700949969\n|move|p2a: Darmanitan|U-turn|p1a: SPEED\n|-supereffective|p1a: SPEED\n|-damage|p1a: SPEED|0 fnt\n|faint|p1a: SPEED\n|c|\u2606Pawelko|mono dark team\n|c|\u2606Aroma blade|yup\n|\n|t:|1700949979\n|switch|p2a: Zacian|Zacian-Crowned|100\/100|[from] U-turn\n|-ability|p2a: Zacian|Intrepid Sword|boost\n|-boost|p2a: Zacian|atk|1\n|\n|upkeep\n|c|\u2606Aroma blade|testing it for a server\n|c|\u2606Aroma blade|im a dark leader\n|\n|t:|1700950001\n|switch|p1a: Wrestler cat|Incineroar, M|100\/100\n|-ability|p1a: Wrestler cat|Intimidate|boost\n|-unboost|p2a: Zacian|atk|1\n|turn|2\n|\n|t:|1700950005\n|move|p2a: Zacian|Close Combat|p1a: Wrestler cat\n|-supereffective|p1a: Wrestler cat\n|-damage|p1a: Wrestler cat|39\/100\n|-unboost|p2a: Zacian|def|1\n|-unboost|p2a: Zacian|spd|1\n|move|p1a: Wrestler cat|Parting Shot|p2a: Zacian\n|-unboost|p2a: Zacian|atk|1\n|-unboost|p2a: Zacian|spa|1\n|\n|t:|1700950012\n|switch|p1a: Robot Hydra|Iron Jugulis|100\/100|[from] Parting Shot\n|-enditem|p1a: Robot Hydra|Booster Energy\n|-activate|p1a: Robot Hydra|ability: Quark Drive|[fromitem]\n|-start|p1a: Robot Hydra|quarkdrivespe\n|\n|upkeep\n|turn|3\n|c|\u2606Pawelko|this mundibuz\n|c|\u2606Pawelko|he's some kind of steeler\n|\n|t:|1700950044\n|move|p1a: Robot Hydra|Earth Power|p2a: Zacian\n|-supereffective|p2a: Zacian\n|-damage|p2a: Zacian|11\/100\n|move|p2a: Zacian|Play Rough|p1a: Robot Hydra\n|-supereffective|p1a: Robot Hydra\n|-damage|p1a: Robot Hydra|15\/100\n|\n|upkeep\n|turn|4\n|c|\u2606Aroma blade|damn didt kill\n|\n|t:|1700950053\n|switch|p2a: Palafin|Palafin, M|100\/100\n|move|p1a: Robot Hydra|Flamethrower|p2a: Palafin\n|-resisted|p2a: Palafin\n|-damage|p2a: Palafin|80\/100\n|\n|upkeep\n|turn|5\n|\n|t:|1700950058\n|move|p2a: Palafin|Jet Punch|p1a: Robot Hydra\n|-damage|p1a: Robot Hydra|0 fnt\n|faint|p1a: Robot Hydra\n|-end|p1a: Robot Hydra|Quark Drive|[silent]\n|\n|upkeep\n|c|\u2606Aroma blade|ow\n|\n|t:|1700950065\n|switch|p1a: Rawr|Roaring Moon|100\/100\n|-enditem|p1a: Rawr|Booster Energy\n|-activate|p1a: Rawr|ability: Protosynthesis|[fromitem]\n|-start|p1a: Rawr|protosynthesisatk\n|turn|6\n|\n|t:|1700950071\n|detailschange|p2a: Palafin|Palafin-Hero, M\n|switch|p2a: Zacian|Zacian-Crowned|11\/100\n|move|p1a: Rawr|Dragon Dance|p1a: Rawr\n|-boost|p1a: Rawr|atk|1\n|-boost|p1a: Rawr|spe|1\n|\n|upkeep\n|turn|7\n|c|\u2606Aroma blade|second paradox go\n|\n|t:|1700950083\n|move|p1a: Rawr|Earthquake|p2a: Zacian\n|-supereffective|p2a: Zacian\n|-damage|p2a: Zacian|0 fnt\n|faint|p2a: Zacian\n|\n|upkeep\n|c|\u2606Pawelko|!data roaring moon\n|raw|<div class=\"message\"><ul class=\"utilichart\"><li class=\"result\"><span class=\"col numcol\">Uber<\/span> <span class=\"col iconcol\"><psicon pokemon=\"roaringmoon\"\/><\/span> <span class=\"col pokemonnamecol\" style=\"white-space:nowrap\"><a href=\"https:\/\/dex.pokemonshowdown.com\/pokemon\/roaringmoon\" target=\"_blank\">Roaring Moon<\/a><\/span> <span class=\"col typecol\"><img src=\"https:\/\/play.pokemonshowdown.com\/sprites\/types\/Dragon.png\" alt=\"Dragon\" height=\"14\" width=\"32\"><img src=\"https:\/\/play.pokemonshowdown.com\/sprites\/types\/Dark.png\" alt=\"Dark\" height=\"14\" width=\"32\"><\/span> <span style=\"float:left;min-height:26px\"><span class=\"col abilitycol\">Protosynthesis<\/span><span class=\"col abilitycol\"><\/span><\/span><span style=\"float:left;min-height:26px\"><span class=\"col statcol\"><em>HP<\/em><br \/>105<\/span> <span class=\"col statcol\"><em>Atk<\/em><br \/>139<\/span> <span class=\"col statcol\"><em>Def<\/em><br \/>71<\/span> <span class=\"col statcol\"><em>SpA<\/em><br \/>55<\/span> <span class=\"col statcol\"><em>SpD<\/em><br \/>101<\/span> <span class=\"col statcol\"><em>Spe<\/em><br \/>119<\/span> <span class=\"col bstcol\"><em>BST<br \/>590<\/em><\/span> <\/span><\/li><li style=\"clear:both\"><\/li><\/ul><\/div>\n\n|\n|t:|1700950102\n|switch|p2a: Deoxys|Deoxys-Attack|100\/100\n|-ability|p2a: Deoxys|Pressure\n|turn|8\n|\n|t:|1700950107\n|move|p1a: Rawr|Crunch|p2a: Deoxys\n|-supereffective|p2a: Deoxys\n|-enditem|p2a: Deoxys|Focus Sash\n|-damage|p2a: Deoxys|1\/100\n|move|p2a: Deoxys|Superpower|p1a: Rawr\n|-supereffective|p1a: Rawr\n|-damage|p1a: Rawr|0 fnt\n|-unboost|p2a: Deoxys|atk|1\n|-unboost|p2a: Deoxys|def|1\n|faint|p1a: Rawr\n|-end|p1a: Rawr|Protosynthesis|[silent]\n|\n|upkeep\n|c|\u2606Aroma blade|damn sash\n|\n|t:|1700950118\n|switch|p1a: Wrestler cat|Incineroar, M|39\/100\n|-ability|p1a: Wrestler cat|Intimidate|boost\n|-unboost|p2a: Deoxys|atk|1\n|turn|9\n|\n|t:|1700950122\n|move|p1a: Wrestler cat|Fake Out|p2a: Deoxys\n|-damage|p2a: Deoxys|0 fnt\n|faint|p2a: Deoxys\n|\n|-heal|p1a: Wrestler cat|45\/100|[from] item: Leftovers\n|upkeep\n|\n|t:|1700950125\n|switch|p2a: Blastoise|Blastoise, F|100\/100\n|turn|10\n|c|\u2606Pawelko|this time\n|\n|t:|1700950136\n|detailschange|p2a: Blastoise|Blastoise-Mega, F\n|-mega|p2a: Blastoise|Blastoise|Blastoisinite\n|move|p2a: Blastoise|Shell Smash|p2a: Blastoise\n|-unboost|p2a: Blastoise|def|1\n|-unboost|p2a: Blastoise|spd|1\n|-boost|p2a: Blastoise|atk|2\n|-boost|p2a: Blastoise|spa|2\n|-boost|p2a: Blastoise|spe|2\n|move|p1a: Wrestler cat|Parting Shot|p2a: Blastoise\n|-unboost|p2a: Blastoise|atk|1\n|-unboost|p2a: Blastoise|spa|1\n|\n|t:|1700950140\n|switch|p1a: Caw Caw|Mandibuzz, F|100\/100|[from] Parting Shot\n|\n|upkeep\n|turn|11\n|\n|t:|1700950145\n|move|p2a: Blastoise|Water Pulse|p1a: Caw Caw\n|-damage|p1a: Caw Caw|30\/100\n|-start|p1a: Caw Caw|confusion\n|-activate|p1a: Caw Caw|confusion\n|move|p1a: Caw Caw|Knock Off|p2a: Blastoise\n|-damage|p2a: Blastoise|78\/100\n|\n|upkeep\n|turn|12\n|\n|t:|1700950151\n|move|p2a: Blastoise|Shell Smash|p2a: Blastoise\n|-unboost|p2a: Blastoise|def|1\n|-unboost|p2a: Blastoise|spd|1\n|-boost|p2a: Blastoise|atk|2\n|-boost|p2a: Blastoise|spa|2\n|-boost|p2a: Blastoise|spe|2\n|-activate|p1a: Caw Caw|confusion\n|-damage|p1a: Caw Caw|26\/100|[from] confusion\n|\n|upkeep\n|turn|13\n|\n|t:|1700950159\n|move|p2a: Blastoise|Water Pulse|p1a: Caw Caw\n|-damage|p1a: Caw Caw|0 fnt\n|faint|p1a: Caw Caw\n|\n|upkeep\n|\n|t:|1700950162\n|switch|p1a: Wrestler cat|Incineroar, M|45\/100\n|-ability|p1a: Wrestler cat|Intimidate|boost\n|-unboost|p2a: Blastoise|atk|1\n|turn|14\n|\n|t:|1700950164\n|move|p1a: Wrestler cat|Fake Out|p2a: Blastoise\n|-damage|p2a: Blastoise|59\/100\n|cant|p2a: Blastoise|flinch\n|\n|-heal|p1a: Wrestler cat|51\/100|[from] item: Leftovers\n|upkeep\n|turn|15\n|\n|t:|1700950169\n|move|p2a: Blastoise|Aura Sphere|p1a: Wrestler cat\n|-supereffective|p1a: Wrestler cat\n|-crit|p1a: Wrestler cat\n|-damage|p1a: Wrestler cat|0 fnt\n|faint|p1a: Wrestler cat\n|\n|upkeep\n|\n|t:|1700950172\n|switch|p1a: Mustache Man|Kingambit, F, shiny|100\/100\n|-activate|p1a: Mustache Man|ability: Supreme Overlord\n|-start|p1a: Mustache Man|fallen5|[silent]\n|turn|16\n|\n|t:|1700950174\n|-terastallize|p1a: Mustache Man|Dark\n|move|p1a: Mustache Man|Sucker Punch|p2a: Blastoise\n|-crit|p2a: Blastoise\n|-damage|p2a: Blastoise|0 fnt\n|faint|p2a: Blastoise\n|\n|upkeep\n|\n|t:|1700950179\n|switch|p2a: Palafin|Palafin-Hero, M|80\/100\n|-activate|p2a: Palafin|ability: Zero to Hero\n|turn|17\n|\n|t:|1700950181\n|move|p1a: Mustache Man|Sucker Punch|p2a: Palafin\n|-damage|p2a: Palafin|0 fnt\n|faint|p2a: Palafin\n|\n|upkeep\n|c|\u2606Aroma blade|Boom\n|\n|t:|1700950185\n|switch|p2a: Lugia|Lugia|100\/100\n|turn|18\n|\n|t:|1700950188\n|move|p2a: Lugia|Toxic|p1a: Mustache Man\n|-status|p1a: Mustache Man|tox\n|-enditem|p1a: Mustache Man|Lum Berry|[eat]\n|-curestatus|p1a: Mustache Man|tox|[msg]\n|move|p1a: Mustache Man|Kowtow Cleave|p2a: Lugia\n|-supereffective|p2a: Lugia\n|-damage|p2a: Lugia|34\/100\n|-damage|p1a: Mustache Man|84\/100|[from] item: Rocky Helmet|[of] p2a: Lugia\n|\n|upkeep\n|turn|19\n|\n|t:|1700950194\n|move|p1a: Mustache Man|Sucker Punch||[still]\n|-fail|p1a: Mustache Man\n|move|p2a: Lugia|Roost|p2a: Lugia\n|-heal|p2a: Lugia|84\/100\n|-singleturn|p2a: Lugia|move: Roost\n|\n|upkeep\n|turn|20\n|\n|t:|1700950200\n|move|p2a: Lugia|Roost|p2a: Lugia\n|-heal|p2a: Lugia|100\/100\n|-singleturn|p2a: Lugia|move: Roost\n|move|p1a: Mustache Man|Kowtow Cleave|p2a: Lugia\n|-supereffective|p2a: Lugia\n|-damage|p2a: Lugia|38\/100\n|-damage|p1a: Mustache Man|67\/100|[from] item: Rocky Helmet|[of] p2a: Lugia\n|\n|upkeep\n|turn|21\n|\n|t:|1700950206\n|move|p2a: Lugia|Toxic|p1a: Mustache Man\n|-status|p1a: Mustache Man|tox\n|move|p1a: Mustache Man|Kowtow Cleave|p2a: Lugia\n|-supereffective|p2a: Lugia\n|-damage|p2a: Lugia|0 fnt\n|-damage|p1a: Mustache Man|51\/100 tox|[from] item: Rocky Helmet|[of] p2a: Lugia\n|faint|p2a: Lugia\n|\n|-damage|p1a: Mustache Man|45\/100 tox|[from] psn\n|upkeep\n|\n|t:|1700950210\n|switch|p2a: Darmanitan|Darmanitan-Galar, F|100\/100\n|turn|22\n|\n|t:|1700950213\n|-terastallize|p2a: Darmanitan|Ice\n|move|p1a: Mustache Man|Sucker Punch|p2a: Darmanitan\n|-damage|p2a: Darmanitan|0 fnt\n|faint|p2a: Darmanitan\n|\n|win|Aroma blade\n|raw|Aroma blade's rating: 1216 &rarr; <strong>1234<\/strong><br \/>(+18 for winning)\n|raw|Pawelko's rating: 1120 &rarr; <strong>1102<\/strong><br \/>(-18 for losing)\n|c|\u2606Aroma blade|gg\n|l|\u2606Pawelko\n|c|\u2606Aroma blade|Kinggambit op\n","uploadtime":1700950255,"views":2,"p1id":"aromablade","p2id":"pawelko","formatid":"gen9nationaldexubers","rating":1102,"private":0,"password":""}