{"id":"gen9nationaldexubers-1989922434","p1":"aquiles meo","p2":"jojo_J0P3","format":"[Gen 9] National Dex Ubers","log":"|j|\u2606aquiles meo\n|j|\u2606jojo_J0P3\n|t:|1699907005\n|gametype|singles\n|player|p1|aquiles meo|ethan|1173\n|player|p2|jojo_J0P3|steven|1010\n|teamsize|p1|6\n|teamsize|p2|6\n|gen|9\n|tier|[Gen 9] National Dex Ubers\n|rated|\n|rule|HP Percentage Mod: HP is shown in percentages\n|rule|Endless Battle Clause: Forcing endless battles is banned\n|rule|OHKO Clause: OHKO moves are banned\n|rule|Evasion Moves Clause: Evasion moves are banned\n|rule|Evasion Items Clause: Evasion items are banned\n|rule|Species Clause: Limit one of each Pok\u00e9mon\n|rule|Sleep Clause Mod: Limit one foe put to sleep\n|rule|Mega Rayquaza Clause: You cannot mega evolve Rayquaza\n|clearpoke\n|poke|p1|Jirachi|\n|poke|p1|Ho-Oh|\n|poke|p1|Rayquaza|\n|poke|p1|Pidgeot, M|\n|poke|p1|Lucario, M|\n|poke|p1|Luxray, M|\n|poke|p2|Venusaur, M|\n|poke|p2|Urshifu-*, M|\n|poke|p2|Solgaleo|\n|poke|p2|Talonflame, F|\n|poke|p2|Tyrantrum, F|\n|poke|p2|Golisopod, M|\n|teampreview\n|\n|t:|1699907022\n|start\n|switch|p1a: Jirachi|Jirachi|100\/100\n|switch|p2a: King|Tyrantrum, F, shiny|100\/100\n|turn|1\n|\n|t:|1699907038\n|move|p1a: Jirachi|Doom Desire|p2a: King\n|-start|p1a: Jirachi|Doom Desire\n|move|p2a: King|Earthquake|p1a: Jirachi\n|-supereffective|p1a: Jirachi\n|-damage|p1a: Jirachi|29\/100\n|\n|upkeep\n|turn|2\n|\n|t:|1699907045\n|move|p1a: Jirachi|Iron Head|p2a: King\n|-supereffective|p2a: King\n|-damage|p2a: King|56\/100\n|cant|p2a: King|flinch\n|\n|upkeep\n|turn|3\n|\n|t:|1699907051\n|move|p1a: Jirachi|Iron Head|p2a: King\n|-supereffective|p2a: King\n|-damage|p2a: King|0 fnt\n|faint|p2a: King\n|\n|-hint|Doom Desire did not hit because the target is fainted.\n|upkeep\n|\n|t:|1699907058\n|switch|p2a: Talonflame|Talonflame, F|100\/100\n|turn|4\n|\n|t:|1699907069\n|switch|p1a: Ho-Oh|Ho-Oh|100\/100\n|move|p2a: Talonflame|Steel Wing|p1a: Ho-Oh\n|-resisted|p1a: Ho-Oh\n|-damage|p1a: Ho-Oh|93\/100\n|\n|upkeep\n|turn|5\n|\n|t:|1699907102\n|move|p2a: Talonflame|Aerial Ace|p1a: Ho-Oh\n|-damage|p1a: Ho-Oh|71\/100\n|move|p1a: Ho-Oh|Ancient Power|p2a: Talonflame\n|-supereffective|p2a: Talonflame\n|-damage|p2a: Talonflame|0 fnt\n|faint|p2a: Talonflame\n|\n|upkeep\n|\n|t:|1699907108\n|switch|p2a: Golisopod|Golisopod, M, shiny|100\/100\n|turn|6\n|\n|t:|1699907118\n|move|p1a: Ho-Oh|Ancient Power|p2a: Golisopod\n|-supereffective|p2a: Golisopod\n|-damage|p2a: Golisopod|64\/100\n|move|p2a: Golisopod|Liquidation|p1a: Ho-Oh\n|-supereffective|p1a: Ho-Oh\n|-damage|p1a: Ho-Oh|0 fnt\n|faint|p1a: Ho-Oh\n|\n|-heal|p2a: Golisopod|70\/100|[from] item: Leftovers\n|upkeep\n|\n|t:|1699907129\n|switch|p1a: Jirachi|Jirachi|29\/100\n|turn|7\n|\n|t:|1699907137\n|move|p1a: Jirachi|Iron Head|p2a: Golisopod\n|-resisted|p2a: Golisopod\n|-damage|p2a: Golisopod|60\/100\n|move|p2a: Golisopod|X-Scissor|p1a: Jirachi\n|-damage|p1a: Jirachi|0 fnt\n|faint|p1a: Jirachi\n|\n|-heal|p2a: Golisopod|66\/100|[from] item: Leftovers\n|upkeep\n|\n|t:|1699907152\n|switch|p1a: Pidgeot|Pidgeot, M|100\/100\n|turn|8\n|\n|t:|1699907159\n|move|p1a: Pidgeot|Tailwind|p1a: Pidgeot\n|-sidestart|p1: aquiles meo|move: Tailwind\n|move|p2a: Golisopod|Swords Dance|p2a: Golisopod\n|-boost|p2a: Golisopod|atk|2\n|\n|-heal|p2a: Golisopod|72\/100|[from] item: Leftovers\n|upkeep\n|turn|9\n|\n|t:|1699907174\n|switch|p1a: Luxray|Luxray, M, shiny|100\/100\n|move|p2a: Golisopod|Razor Shell|p1a: Luxray\n|-damage|p1a: Luxray|9\/100\n|\n|-heal|p2a: Golisopod|78\/100|[from] item: Leftovers\n|upkeep\n|turn|10\n|\n|t:|1699907185\n|-zpower|p1a: Luxray\n|move|p1a: Luxray|Gigavolt Havoc|p2a: Golisopod|[zeffect]\n|-supereffective|p2a: Golisopod\n|-damage|p2a: Golisopod|0 fnt\n|faint|p2a: Golisopod\n|\n|upkeep\n|\n|t:|1699907198\n|switch|p2a: Vine|Venusaur, M|100\/100\n|turn|11\n|\n|t:|1699907214\n|move|p1a: Luxray|Ice Fang|p2a: Vine\n|-supereffective|p2a: Vine\n|-damage|p2a: Vine|45\/100\n|move|p2a: Vine|Petal Blizzard|p1a: Luxray\n|-damage|p1a: Luxray|0 fnt\n|faint|p1a: Luxray\n|\n|-sideend|p1: aquiles meo|move: Tailwind\n|upkeep\n|\n|t:|1699907226\n|switch|p1a: Rayquaza|Rayquaza|100\/100\n|-ability|p1a: Rayquaza|Air Lock\n|turn|12\n|\n|t:|1699907230\n|move|p2a: Vine|Protect|p2a: Vine\n|-singleturn|p2a: Vine|Protect\n|move|p1a: Rayquaza|Dragon Ascent|p2a: Vine\n|-activate|p2a: Vine|move: Protect\n|\n|upkeep\n|turn|13\n|\n|t:|1699907238\n|move|p1a: Rayquaza|Extreme Speed|p2a: Vine\n|-damage|p2a: Vine|7\/100\n|move|p2a: Vine|Sludge Bomb|p1a: Rayquaza\n|-damage|p1a: Rayquaza|57\/100\n|-status|p1a: Rayquaza|psn\n|\n|-heal|p1a: Rayquaza|63\/100 psn|[from] item: Leftovers\n|-damage|p1a: Rayquaza|50\/100 psn|[from] psn\n|upkeep\n|turn|14\n|\n|t:|1699907249\n|move|p2a: Vine|Protect|p2a: Vine\n|-singleturn|p2a: Vine|Protect\n|move|p1a: Rayquaza|Extreme Speed|p2a: Vine\n|-activate|p2a: Vine|move: Protect\n|\n|-heal|p1a: Rayquaza|57\/100 psn|[from] item: Leftovers\n|-damage|p1a: Rayquaza|44\/100 psn|[from] psn\n|upkeep\n|turn|15\n|\n|t:|1699907262\n|move|p1a: Rayquaza|Extreme Speed|p2a: Vine\n|-damage|p2a: Vine|0 fnt\n|faint|p2a: Vine\n|\n|-heal|p1a: Rayquaza|50\/100 psn|[from] item: Leftovers\n|-damage|p1a: Rayquaza|38\/100 psn|[from] psn\n|upkeep\n|\n|t:|1699907270\n|switch|p2a: Leonidas|Solgaleo|100\/100\n|turn|16\n|c|\u2606aquiles meo|why leonidas\n|\n|t:|1699907291\n|switch|p1a: Pidgeot|Pidgeot, M|100\/100\n|move|p2a: Leonidas|Zen Headbutt|p1a: Pidgeot\n|-damage|p1a: Pidgeot|40\/100\n|\n|upkeep\n|turn|17\n|c|\u2606jojo_J0P3|he's a lion\n|c|\u2606aquiles meo|Yes\n|c|\u2606jojo_J0P3|leo\n|c|\u2606aquiles meo|but what does leonidas mean\n|c|\u2606aquiles meo|is it from greek mythology\n|c|\u2606jojo_J0P3|yes\n|\n|t:|1699907317\n|move|p2a: Leonidas|Sunsteel Strike|p1a: Pidgeot\n|-damage|p1a: Pidgeot|0 fnt\n|faint|p1a: Pidgeot\n|\n|upkeep\n|\n|t:|1699907322\n|switch|p1a: Lucario|Lucario, M, shiny|100\/100\n|turn|18\n|\n|t:|1699907329\n|detailschange|p1a: Lucario|Lucario-Mega, M, shiny\n|-mega|p1a: Lucario|Lucario|Lucarionite\n|move|p1a: Lucario|Bone Rush|p2a: Leonidas\n|-supereffective|p2a: Leonidas\n|-damage|p2a: Leonidas|85\/100\n|-supereffective|p2a: Leonidas\n|-damage|p2a: Leonidas|70\/100\n|-supereffective|p2a: Leonidas\n|-damage|p2a: Leonidas|55\/100\n|-hitcount|p2a: Leonidas|3\n|-zpower|p2a: Leonidas\n|move|p2a: Leonidas|Searing Sunraze Smash|p1a: Lucario|[zeffect]\n|-resisted|p1a: Lucario\n|-damage|p1a: Lucario|26\/100\n|\n|upkeep\n|turn|19\n|\n|t:|1699907356\n|move|p1a: Lucario|Bone Rush|p2a: Leonidas\n|-supereffective|p2a: Leonidas\n|-damage|p2a: Leonidas|39\/100\n|-supereffective|p2a: Leonidas\n|-damage|p2a: Leonidas|25\/100\n|-hitcount|p2a: Leonidas|2\n|move|p2a: Leonidas|Zen Headbutt|p1a: Lucario\n|-damage|p1a: Lucario|0 fnt\n|faint|p1a: Lucario\n|\n|upkeep\n|\n|t:|1699907363\n|switch|p1a: Rayquaza|Rayquaza|38\/100 psn\n|-ability|p1a: Rayquaza|Air Lock\n|turn|20\n|\n|t:|1699907368\n|-terastallize|p1a: Rayquaza|Flying\n|move|p2a: Leonidas|Sunsteel Strike|p1a: Rayquaza\n|-damage|p1a: Rayquaza|0 fnt\n|faint|p1a: Rayquaza\n|\n|win|jojo_J0P3\n|raw|aquiles meo's rating: 1173 &rarr; <strong>1137<\/strong><br \/>(-36 for losing)\n|raw|jojo_J0P3's rating: 1010 &rarr; <strong>1065<\/strong><br \/>(+55 for winning)\n|l|\u2606jojo_J0P3\n","uploadtime":1699907397,"views":6,"p1id":"aquilesmeo","p2id":"jojoj0p3","formatid":"gen9nationaldexubers","rating":1065,"private":0,"password":""}