{"id":"gen9nationaldexubers-1987173974","p1":"Blake-Mamba","p2":"Miguel8000","format":"[Gen 9] National Dex Ubers","log":"|j|\u2606Blake-Mamba\n|j|\u2606Miguel8000\n|t:|1699562301\n|gametype|singles\n|player|p1|Blake-Mamba|juan|1282\n|player|p2|Miguel8000|ltsurge|1343\n|teamsize|p1|6\n|teamsize|p2|6\n|gen|9\n|tier|[Gen 9] National Dex Ubers\n|rated|\n|rule|HP Percentage Mod: HP is shown in percentages\n|rule|Endless Battle Clause: Forcing endless battles is banned\n|rule|OHKO Clause: OHKO moves are banned\n|rule|Evasion Moves Clause: Evasion moves are banned\n|rule|Evasion Items Clause: Evasion items are banned\n|rule|Species Clause: Limit one of each Pok\u00e9mon\n|rule|Sleep Clause Mod: Limit one foe put to sleep\n|rule|Mega Rayquaza Clause: You cannot mega evolve Rayquaza\n|clearpoke\n|poke|p1|Regieleki|\n|poke|p1|Regidrago|\n|poke|p1|Regigigas|\n|poke|p1|Regirock|\n|poke|p1|Regice|\n|poke|p1|Registeel|\n|poke|p2|Necrozma-Dusk-Mane|\n|poke|p2|Zamazenta-*|\n|poke|p2|Kyogre|\n|poke|p2|Salamence, F|\n|poke|p2|Annihilape, M|\n|poke|p2|Mewtwo|\n|teampreview\n|inactive|Battle timer is ON: inactive players will automatically lose when time's up. (requested by Miguel8000)\n|c|\u2606Blake-Mamba|Glhf\n|c|\u2606Miguel8000|tks\n|\n|t:|1699562329\n|start\n|switch|p1a: Regieleki|Regieleki|100\/100\n|switch|p2a: Mewtwo|Mewtwo, shiny|100\/100\n|-ability|p2a: Mewtwo|Pressure\n|turn|1\n|\n|t:|1699562339\n|move|p1a: Regieleki|Volt Switch|p2a: Mewtwo\n|-damage|p2a: Mewtwo|34\/100\n|\n|t:|1699562344\n|switch|p1a: Regigigas|Regigigas|100\/100|[from] Volt Switch\n|-start|p1a: Regigigas|ability: Slow Start\n|move|p2a: Mewtwo|Will-O-Wisp|p1a: Regigigas\n|-status|p1a: Regigigas|brn\n|\n|-damage|p1a: Regigigas|94\/100 brn|[from] brn\n|upkeep\n|turn|2\n|\n|t:|1699562355\n|move|p2a: Mewtwo|Psychic|p1a: Regigigas\n|-damage|p1a: Regigigas|53\/100 brn\n|move|p1a: Regigigas|Facade|p2a: Mewtwo\n|-damage|p2a: Mewtwo|0 fnt\n|faint|p2a: Mewtwo\n|\n|-heal|p1a: Regigigas|59\/100 brn|[from] item: Leftovers\n|-damage|p1a: Regigigas|53\/100 brn|[from] brn\n|upkeep\n|\n|t:|1699562364\n|switch|p2a: Annihilape|Annihilape, M|100\/100\n|turn|3\n|\n|t:|1699562371\n|-end|p1a: Regigigas|Slow Start|[silent]\n|switch|p1a: Registeel|Registeel|100\/100\n|move|p2a: Annihilape|Bulk Up|p2a: Annihilape\n|-boost|p2a: Annihilape|atk|1\n|-boost|p2a: Annihilape|def|1\n|\n|upkeep\n|turn|4\n|\n|t:|1699562378\n|move|p2a: Annihilape|Drain Punch|p1a: Registeel\n|-supereffective|p1a: Registeel\n|-damage|p1a: Registeel|14\/100\n|-damage|p2a: Annihilape|91\/100|[from] item: Life Orb\n|move|p1a: Registeel|Stealth Rock|p2a: Annihilape\n|-sidestart|p2: Miguel8000|move: Stealth Rock\n|\n|upkeep\n|turn|5\n|\n|t:|1699562386\n|move|p2a: Annihilape|Drain Punch|p1a: Registeel\n|-supereffective|p1a: Registeel\n|-damage|p1a: Registeel|0 fnt\n|-heal|p2a: Annihilape|97\/100|[from] drain|[of] p1a: Registeel\n|faint|p1a: Registeel\n|-damage|p2a: Annihilape|87\/100|[from] item: Life Orb\n|\n|upkeep\n|\n|t:|1699562403\n|switch|p1a: Regidrago|Regidrago|100\/100\n|turn|6\n|\n|t:|1699562409\n|move|p1a: Regidrago|Dragon Energy|p2a: Annihilape\n|-damage|p2a: Annihilape|0 fnt\n|faint|p2a: Annihilape\n|\n|upkeep\n|c|\u2606Miguel8000|!dex dragon energy\n|raw|<ul class=\"utilichart\"><li class=\"result\"><span class=\"col movenamecol\"><a href=\"https:\/\/dex.pokemonshowdown.com\/moves\/dragonenergy\">Dragon Energy<\/a><\/span> <span class=\"col typecol\"><img src=\"\/\/play.pokemonshowdown.com\/sprites\/types\/Dragon.png\" alt=\"Dragon\" width=\"32\" height=\"14\"><img src=\"\/\/play.pokemonshowdown.com\/sprites\/categories\/Special.png\" alt=\"Special\" width=\"32\" height=\"14\"><\/span> <span class=\"col labelcol\"><em>Power<\/em><br>150<\/span> <span class=\"col widelabelcol\"><em>Accuracy<\/em><br>100%<\/span> <span class=\"col pplabelcol\"><em>PP<\/em><br>8<\/span> <span class=\"col movedesccol\">Less power as user's HP decreases. Hits foe(s).<\/span> <\/li><li style=\"clear:both\"><\/li><\/ul>\n\n|\n|t:|1699562437\n|switch|p2a: Zamazenta|Zamazenta-Crowned|100\/100\n|-damage|p2a: Zamazenta|97\/100|[from] Stealth Rock\n|-ability|p2a: Zamazenta|Dauntless Shield|boost\n|-boost|p2a: Zamazenta|def|1\n|turn|7\n|\n|t:|1699562444\n|switch|p1a: Regigigas|Regigigas|53\/100 brn\n|-start|p1a: Regigigas|ability: Slow Start\n|move|p2a: Zamazenta|Play Rough|p1a: Regigigas\n|-damage|p1a: Regigigas|30\/100 brn\n|\n|-heal|p1a: Regigigas|36\/100 brn|[from] item: Leftovers\n|-damage|p1a: Regigigas|30\/100 brn|[from] brn\n|upkeep\n|turn|8\n|\n|t:|1699562455\n|move|p2a: Zamazenta|Close Combat|p1a: Regigigas\n|-supereffective|p1a: Regigigas\n|-damage|p1a: Regigigas|0 fnt\n|-unboost|p2a: Zamazenta|def|1\n|-unboost|p2a: Zamazenta|spd|1\n|faint|p1a: Regigigas\n|-end|p1a: Regigigas|Slow Start|[silent]\n|\n|upkeep\n|\n|t:|1699562462\n|switch|p1a: Regirock|Regirock|100\/100\n|turn|9\n|\n|t:|1699562466\n|-terastallize|p1a: Regirock|Fighting\n|move|p2a: Zamazenta|Behemoth Bash|p1a: Regirock\n|-damage|p1a: Regirock|82\/100\n|-damage|p2a: Zamazenta|81\/100|[from] item: Rocky Helmet|[of] p1a: Regirock\n|move|p1a: Regirock|Iron Defense|p1a: Regirock\n|-boost|p1a: Regirock|def|2\n|\n|upkeep\n|turn|10\n|\n|t:|1699562476\n|move|p2a: Zamazenta|Play Rough|p1a: Regirock\n|-supereffective|p1a: Regirock\n|-damage|p1a: Regirock|71\/100\n|-damage|p2a: Zamazenta|64\/100|[from] item: Rocky Helmet|[of] p1a: Regirock\n|move|p1a: Regirock|Body Press|p2a: Zamazenta\n|-supereffective|p2a: Zamazenta\n|-damage|p2a: Zamazenta|0 fnt\n|faint|p2a: Zamazenta\n|\n|upkeep\n|\n|t:|1699562487\n|switch|p2a: Kyogre|Kyogre|100\/100\n|-damage|p2a: Kyogre|88\/100|[from] Stealth Rock\n|-weather|RainDance|[from] ability: Drizzle|[of] p2a: Kyogre\n|turn|11\n|\n|t:|1699562494\n|switch|p1a: Regice|Regice|100\/100\n|move|p2a: Kyogre|Water Spout|p1a: Regice\n|-damage|p1a: Regice|61\/100\n|\n|-weather|RainDance|[upkeep]\n|upkeep\n|turn|12\n|\n|t:|1699562502\n|switch|p2a: Necrozma|Necrozma-Dusk-Mane|100\/100\n|-damage|p2a: Necrozma|94\/100|[from] Stealth Rock\n|move|p1a: Regice|Thunderbolt|p2a: Necrozma\n|-damage|p2a: Necrozma|70\/100\n|\n|-weather|RainDance|[upkeep]\n|upkeep\n|turn|13\n|\n|t:|1699562513\n|move|p2a: Necrozma|Dragon Dance|p2a: Necrozma\n|-boost|p2a: Necrozma|atk|1\n|-boost|p2a: Necrozma|spe|1\n|move|p1a: Regice|Ice Beam|p2a: Necrozma\n|-resisted|p2a: Necrozma\n|-damage|p2a: Necrozma|53\/100\n|\n|-weather|RainDance|[upkeep]\n|upkeep\n|turn|14\n|\n|t:|1699562521\n|switch|p1a: Regirock|Regirock, tera:Fighting|71\/100\n|move|p2a: Necrozma|Sunsteel Strike|p1a: Regirock\n|-damage|p1a: Regirock|33\/100\n|-damage|p2a: Necrozma|36\/100|[from] item: Rocky Helmet|[of] p1a: Regirock\n|\n|-weather|RainDance|[upkeep]\n|upkeep\n|turn|15\n|\n|t:|1699562532\n|move|p2a: Necrozma|Photon Geyser|p1a: Regirock\n|-supereffective|p1a: Regirock\n|-damage|p1a: Regirock|0 fnt\n|faint|p1a: Regirock\n|\n|-weather|none\n|upkeep\n|\n|t:|1699562542\n|switch|p1a: Regieleki|Regieleki|100\/100\n|turn|16\n|\n|t:|1699562545\n|move|p1a: Regieleki|Volt Switch|p2a: Necrozma\n|-damage|p2a: Necrozma|0 fnt\n|faint|p2a: Necrozma\n|\n|t:|1699562549\n|switch|p1a: Regice|Regice|61\/100|[from] Volt Switch\n|\n|upkeep\n|\n|t:|1699562553\n|switch|p2a: Kyogre|Kyogre|88\/100\n|-damage|p2a: Kyogre|76\/100|[from] Stealth Rock\n|-weather|RainDance|[from] ability: Drizzle|[of] p2a: Kyogre\n|turn|17\n|\n|t:|1699562559\n|move|p2a: Kyogre|Ancient Power|p1a: Regice\n|-supereffective|p1a: Regice\n|-damage|p1a: Regice|47\/100\n|move|p1a: Regice|Thunderbolt|p2a: Kyogre\n|-supereffective|p2a: Kyogre\n|-damage|p2a: Kyogre|32\/100\n|\n|-weather|RainDance|[upkeep]\n|upkeep\n|turn|18\n|\n|t:|1699562567\n|move|p2a: Kyogre|Ancient Power|p1a: Regice\n|-supereffective|p1a: Regice\n|-damage|p1a: Regice|29\/100\n|-boost|p2a: Kyogre|atk|1\n|-boost|p2a: Kyogre|def|1\n|-boost|p2a: Kyogre|spa|1\n|-boost|p2a: Kyogre|spd|1\n|-boost|p2a: Kyogre|spe|1\n|move|p1a: Regice|Thunderbolt|p2a: Kyogre\n|-supereffective|p2a: Kyogre\n|-damage|p2a: Kyogre|2\/100\n|\n|-weather|RainDance|[upkeep]\n|upkeep\n|turn|19\n|\n|t:|1699562577\n|move|p2a: Kyogre|Ancient Power|p1a: Regice\n|-supereffective|p1a: Regice\n|-damage|p1a: Regice|5\/100\n|move|p1a: Regice|Ancient Power|p2a: Kyogre\n|-damage|p2a: Kyogre|0 fnt\n|faint|p2a: Kyogre\n|\n|-weather|RainDance|[upkeep]\n|upkeep\n|\n|t:|1699562585\n|switch|p2a: Salamence|Salamence, F|100\/100\n|-damage|p2a: Salamence|76\/100|[from] Stealth Rock\n|-ability|p2a: Salamence|Intimidate|boost\n|-fail|p1a: Regice|unboost|[from] ability: Clear Body|[of] p1a: Regice\n|turn|20\n|\n|t:|1699562594\n|detailschange|p2a: Salamence|Salamence-Mega, F\n|-mega|p2a: Salamence|Salamence|Salamencite\n|move|p2a: Salamence|Dragon Claw|p1a: Regice\n|-damage|p1a: Regice|0 fnt\n|faint|p1a: Regice\n|\n|-weather|RainDance|[upkeep]\n|upkeep\n|\n|t:|1699562603\n|switch|p1a: Regidrago|Regidrago|100\/100\n|turn|21\n|c|\u2606Blake-Mamba|Gg\n|\n|t:|1699562610\n|move|p1a: Regidrago|Dragon Energy|p2a: Salamence\n|-supereffective|p2a: Salamence\n|-damage|p2a: Salamence|0 fnt\n|faint|p2a: Salamence\n|\n|win|Blake-Mamba\n|raw|Blake-Mamba's rating: 1282 &rarr; <strong>1311<\/strong><br \/>(+29 for winning)\n|raw|Miguel8000's rating: 1343 &rarr; <strong>1320<\/strong><br \/>(-23 for losing)\n|l|\u2606Miguel8000\n","uploadtime":1699562635,"views":4,"p1id":"blakemamba","p2id":"miguel8000","formatid":"gen9nationaldexubers","rating":1311,"private":0,"password":""}