{"id":"gen9nationaldexubers-1985068108","p1":"Soup56168","p2":"tyhanssb","format":"[Gen 9] National Dex Ubers","log":"|j|\u2606Soup56168\n|j|\u2606tyhanssb\n|t:|1699326802\n|gametype|singles\n|player|p1|Soup56168|fisherman-gen4|\n|player|p2|tyhanssb|doubleteam|\n|teamsize|p1|6\n|teamsize|p2|6\n|gen|9\n|tier|[Gen 9] National Dex Ubers\n|rule|HP Percentage Mod: HP is shown in percentages\n|rule|Endless Battle Clause: Forcing endless battles is banned\n|rule|OHKO Clause: OHKO moves are banned\n|rule|Evasion Moves Clause: Evasion moves are banned\n|rule|Evasion Items Clause: Evasion items are banned\n|rule|Species Clause: Limit one of each Pok\u00e9mon\n|rule|Sleep Clause Mod: Limit one foe put to sleep\n|rule|Mega Rayquaza Clause: You cannot mega evolve Rayquaza\n|clearpoke\n|poke|p1|Dragapult, F|\n|poke|p1|Gholdengo|\n|poke|p1|Blissey, F|\n|poke|p1|Annihilape, M|\n|poke|p1|Eternatus|\n|poke|p1|Dragalge, F|\n|poke|p2|Groudon|\n|poke|p2|Heatran, M|\n|poke|p2|Lugia|\n|poke|p2|Gholdengo|\n|poke|p2|Rayquaza|\n|poke|p2|Kyogre|\n|teampreview\n|\n|t:|1699326808\n|start\n|switch|p1a: sus|Blissey, F|100\/100\n|switch|p2a: Kyogre|Kyogre, shiny|100\/100\n|detailschange|p2a: Kyogre|Kyogre-Primal, shiny\n|-primal|p2a: Kyogre|Blue Orb\n|-weather|PrimordialSea|[from] ability: Primordial Sea|[of] p2a: Kyogre\n|turn|1\n|\n|t:|1699326817\n|move|p2a: Kyogre|Hydro Pump|p1a: sus\n|-damage|p1a: sus|70\/100\n|move|p1a: sus|Toxic|p2a: Kyogre|[miss]\n|-miss|p1a: sus|p2a: Kyogre\n|\n|-weather|PrimordialSea|[upkeep]\n|-heal|p1a: sus|76\/100|[from] item: Leftovers\n|upkeep\n|turn|2\n|\n|t:|1699326824\n|move|p2a: Kyogre|Hydro Pump|p1a: sus\n|-damage|p1a: sus|45\/100\n|move|p1a: sus|Toxic|p2a: Kyogre\n|-status|p2a: Kyogre|tox\n|\n|-weather|PrimordialSea|[upkeep]\n|-heal|p1a: sus|51\/100|[from] item: Leftovers\n|-damage|p2a: Kyogre|94\/100 tox|[from] psn\n|upkeep\n|turn|3\n|\n|t:|1699326832\n|move|p2a: Kyogre|Hydro Pump|p1a: sus\n|-damage|p1a: sus|17\/100\n|move|p1a: sus|Soft-Boiled|p1a: sus\n|-heal|p1a: sus|67\/100\n|\n|-weather|PrimordialSea|[upkeep]\n|-heal|p1a: sus|73\/100|[from] item: Leftovers\n|-damage|p2a: Kyogre|82\/100 tox|[from] psn\n|upkeep\n|turn|4\n|\n|t:|1699326841\n|-weather|none\n|switch|p2a: Gholdengo|Gholdengo, shiny|100\/100\n|move|p1a: sus|Dazzling Gleam|p2a: Gholdengo\n|-resisted|p2a: Gholdengo\n|-damage|p2a: Gholdengo|92\/100\n|\n|-heal|p1a: sus|79\/100|[from] item: Leftovers\n|upkeep\n|turn|5\n|\n|t:|1699326852\n|switch|p1a: angrey munkey|Annihilape, M|100\/100\n|move|p2a: Gholdengo|Nasty Plot|p2a: Gholdengo\n|-boost|p2a: Gholdengo|spa|2\n|\n|upkeep\n|turn|6\n|\n|t:|1699326862\n|-terastallize|p1a: angrey munkey|Fighting\n|move|p2a: Gholdengo|Shadow Ball|p1a: angrey munkey\n|-damage|p1a: angrey munkey|7\/100\n|-damage|p2a: Gholdengo|82\/100|[from] item: Life Orb\n|move|p1a: angrey munkey|Fire Punch|p2a: Gholdengo\n|-supereffective|p2a: Gholdengo\n|-damage|p2a: Gholdengo|32\/100\n|\n|-heal|p1a: angrey munkey|13\/100|[from] item: Leftovers\n|upkeep\n|turn|7\n|\n|t:|1699326872\n|move|p2a: Gholdengo|Shadow Ball|p1a: angrey munkey\n|-damage|p1a: angrey munkey|0 fnt\n|faint|p1a: angrey munkey\n|-damage|p2a: Gholdengo|22\/100|[from] item: Life Orb\n|\n|upkeep\n|\n|t:|1699326880\n|switch|p1a: coin|Gholdengo|100\/100\n|turn|8\n|\n|t:|1699326889\n|move|p2a: Gholdengo|Shadow Ball|p1a: coin\n|-supereffective|p1a: coin\n|-damage|p1a: coin|0 fnt\n|faint|p1a: coin\n|-damage|p2a: Gholdengo|12\/100|[from] item: Life Orb\n|\n|upkeep\n|\n|t:|1699326895\n|switch|p1a: GOD|Dragalge, F|100\/100\n|turn|9\n|\n|t:|1699326908\n|move|p2a: Gholdengo|Dazzling Gleam|p1a: GOD\n|-damage|p1a: GOD|43\/100\n|-damage|p2a: Gholdengo|2\/100|[from] item: Life Orb\n|move|p1a: GOD|Focus Blast|p2a: Gholdengo\n|-immune|p2a: Gholdengo\n|\n|upkeep\n|turn|10\n|\n|t:|1699326917\n|move|p2a: Gholdengo|Dazzling Gleam|p1a: GOD\n|-damage|p1a: GOD|0 fnt\n|faint|p1a: GOD\n|-damage|p2a: Gholdengo|0 fnt|[from] item: Life Orb\n|faint|p2a: Gholdengo\n|\n|upkeep\n|\n|t:|1699326928\n|switch|p2a: Heatran|Heatran, M|100\/100\n|switch|p1a: feesh|Eternatus|100\/100\n|-ability|p1a: feesh|Pressure\n|turn|11\n|\n|t:|1699326935\n|move|p1a: feesh|Meteor Beam||[still]\n|-prepare|p1a: feesh|Meteor Beam\n|-boost|p1a: feesh|spa|1\n|move|p2a: Heatran|Roar|p1a: feesh\n|drag|p1a: sus|Blissey, F|79\/100\n|\n|-heal|p1a: sus|85\/100|[from] item: Leftovers\n|upkeep\n|turn|12\n|\n|t:|1699326946\n|switch|p1a: slow|Dragapult, F|100\/100\n|move|p2a: Heatran|Eruption|p1a: slow\n|-resisted|p1a: slow\n|-damage|p1a: slow|46\/100\n|\n|upkeep\n|turn|13\n|\n|t:|1699326953\n|move|p1a: slow|Draco Meteor|p2a: Heatran\n|-resisted|p2a: Heatran\n|-damage|p2a: Heatran|75\/100\n|-unboost|p1a: slow|spa|2\n|move|p2a: Heatran|Eruption|p1a: slow\n|-resisted|p1a: slow\n|-damage|p1a: slow|1\/100\n|\n|upkeep\n|turn|14\n|\n|t:|1699326963\n|move|p1a: slow|Draco Meteor|p2a: Heatran\n|-resisted|p2a: Heatran\n|-damage|p2a: Heatran|63\/100\n|-unboost|p1a: slow|spa|2\n|move|p2a: Heatran|Eruption|p1a: slow\n|-resisted|p1a: slow\n|-damage|p1a: slow|0 fnt\n|faint|p1a: slow\n|\n|upkeep\n|\n|t:|1699326972\n|switch|p1a: feesh|Eternatus|100\/100\n|-ability|p1a: feesh|Pressure\n|turn|15\n|\n|t:|1699326975\n|move|p1a: feesh|Dynamax Cannon|p2a: Heatran\n|-resisted|p2a: Heatran\n|-damage|p2a: Heatran|42\/100\n|move|p2a: Heatran|Roar|p1a: feesh\n|drag|p1a: sus|Blissey, F|85\/100\n|\n|-heal|p1a: sus|91\/100|[from] item: Leftovers\n|upkeep\n|turn|16\n|\n|t:|1699326984\n|move|p2a: Heatran|Eruption|p1a: sus\n|-damage|p1a: sus|82\/100\n|move|p1a: sus|Soft-Boiled|p1a: sus\n|-heal|p1a: sus|100\/100\n|\n|upkeep\n|turn|17\n|\n|t:|1699326993\n|switch|p2a: Rayquaza|Rayquaza|100\/100\n|-ability|p2a: Rayquaza|Air Lock\n|move|p1a: sus|Dazzling Gleam|p2a: Rayquaza\n|-supereffective|p2a: Rayquaza\n|-crit|p2a: Rayquaza\n|-damage|p2a: Rayquaza|54\/100\n|\n|upkeep\n|turn|18\n|\n|t:|1699327002\n|-terastallize|p2a: Rayquaza|Dragon\n|move|p2a: Rayquaza|Dragon Dance|p2a: Rayquaza\n|-boost|p2a: Rayquaza|atk|1\n|-boost|p2a: Rayquaza|spe|1\n|move|p1a: sus|Dazzling Gleam|p2a: Rayquaza\n|-supereffective|p2a: Rayquaza\n|-damage|p2a: Rayquaza|20\/100\n|\n|upkeep\n|turn|19\n|\n|t:|1699327010\n|move|p2a: Rayquaza|Extreme Speed|p1a: sus\n|-damage|p1a: sus|0 fnt\n|faint|p1a: sus\n|-damage|p2a: Rayquaza|10\/100|[from] item: Life Orb\n|\n|upkeep\n|\n|t:|1699327016\n|switch|p1a: feesh|Eternatus|100\/100\n|-ability|p1a: feesh|Pressure\n|turn|20\n|\n|t:|1699327022\n|move|p2a: Rayquaza|Dragon Ascent|p1a: feesh\n|-damage|p1a: feesh|4\/100\n|-unboost|p2a: Rayquaza|def|1\n|-unboost|p2a: Rayquaza|spd|1\n|-damage|p2a: Rayquaza|0 fnt|[from] item: Life Orb\n|faint|p2a: Rayquaza\n|move|p1a: feesh|Dynamax Cannon|p2: Rayquaza|[notarget]\n|-fail|p1a: feesh\n|\n|upkeep\n|\n|t:|1699327031\n|switch|p2a: Lugia|Lugia|100\/100\n|-ability|p2a: Lugia|Pressure\n|turn|21\n|\n|t:|1699327036\n|move|p1a: feesh|Meteor Beam||[still]\n|-prepare|p1a: feesh|Meteor Beam\n|-boost|p1a: feesh|spa|1\n|move|p2a: Lugia|Thunderbolt|p1a: feesh\n|-resisted|p1a: feesh\n|-damage|p1a: feesh|0 fnt\n|faint|p1a: feesh\n|\n|win|tyhanssb\n|l|\u2606Soup56168\n","uploadtime":1699327047,"views":6,"p1id":"soup56168","p2id":"tyhanssb","formatid":"gen9nationaldexubers","rating":0,"private":0,"password":""}