{"id":"gen9nationaldexubers-1987699608","p1":"NormalU?","p2":"olivia rodrig","format":"[Gen 9] National Dex Ubers","log":"|j|\u2606NormalU?\n|j|\u2606olivia rodrig\n|t:|1699628876\n|gametype|singles\n|player|p1|NormalU?|courtney|1310\n|player|p2|olivia rodrig|backersf|1261\n|teamsize|p1|6\n|teamsize|p2|6\n|gen|9\n|tier|[Gen 9] National Dex Ubers\n|rated|\n|rule|HP Percentage Mod: HP is shown in percentages\n|rule|Endless Battle Clause: Forcing endless battles is banned\n|rule|OHKO Clause: OHKO moves are banned\n|rule|Evasion Moves Clause: Evasion moves are banned\n|rule|Evasion Items Clause: Evasion items are banned\n|rule|Species Clause: Limit one of each Pok\u00e9mon\n|rule|Sleep Clause Mod: Limit one foe put to sleep\n|rule|Mega Rayquaza Clause: You cannot mega evolve Rayquaza\n|clearpoke\n|poke|p1|Bastiodon, M|\n|poke|p1|Groudon|\n|poke|p1|Kyurem-Black|\n|poke|p1|Torterra, M|\n|poke|p1|Deoxys-Attack|\n|poke|p1|Genesect|\n|poke|p2|Charizard, M|\n|poke|p2|Cinderace, F|\n|poke|p2|Cloyster, F|\n|poke|p2|Palafin, F|\n|poke|p2|Arceus-Steel|\n|poke|p2|Shaymin-Sky|\n|teampreview\n|inactive|Battle timer is ON: inactive players will automatically lose when time's up. (requested by NormalU?)\n|\n|t:|1699628885\n|start\n|switch|p1a: Deoxys|Deoxys-Attack|100\/100\n|switch|p2a: Charizard|Charizard, M, shiny|100\/100\n|-ability|p1a: Deoxys|Pressure\n|turn|1\n|\n|t:|1699628890\n|move|p1a: Deoxys|Zen Headbutt|p2a: Charizard\n|-damage|p2a: Charizard|29\/100\n|move|p2a: Charizard|Substitute|p2a: Charizard\n|-start|p2a: Charizard|Substitute\n|-damage|p2a: Charizard|3\/100\n|-enditem|p2a: Charizard|Salac Berry|[eat]\n|-boost|p2a: Charizard|spe|1|[from] item: Salac Berry\n|\n|upkeep\n|turn|2\n|\n|t:|1699628900\n|move|p2a: Charizard|Acrobatics|p1a: Deoxys\n|-enditem|p1a: Deoxys|Focus Sash\n|-damage|p1a: Deoxys|1\/100\n|move|p1a: Deoxys|Knock Off|p2a: Charizard\n|-end|p2a: Charizard|Substitute\n|\n|upkeep\n|turn|3\n|\n|t:|1699628906\n|move|p1a: Deoxys|Extreme Speed|p2a: Charizard\n|-damage|p2a: Charizard|0 fnt\n|faint|p2a: Charizard\n|\n|upkeep\n|\n|t:|1699628913\n|switch|p2a: Cloyster|Cloyster, F, shiny|100\/100\n|turn|4\n|\n|t:|1699628917\n|move|p1a: Deoxys|Knock Off|p2a: Cloyster\n|-damage|p2a: Cloyster|65\/100\n|-enditem|p2a: Cloyster|Focus Sash|[from] move: Knock Off|[of] p1a: Deoxys\n|move|p2a: Cloyster|Icicle Spear|p1a: Deoxys\n|-damage|p1a: Deoxys|0 fnt\n|faint|p1a: Deoxys\n|-hitcount|p1: Deoxys|1\n|\n|upkeep\n|\n|t:|1699628923\n|switch|p1a: Genesect|Genesect, shiny|100\/100\n|-ability|p1a: Genesect|Download|boost\n|-boost|p1a: Genesect|spa|1\n|turn|5\n|\n|t:|1699628930\n|move|p1a: Genesect|Shift Gear|p1a: Genesect\n|-boost|p1a: Genesect|spe|2\n|-boost|p1a: Genesect|atk|1\n|move|p2a: Cloyster|Rock Blast|p1a: Genesect\n|-damage|p1a: Genesect|90\/100\n|-crit|p1a: Genesect\n|-damage|p1a: Genesect|76\/100\n|-damage|p1a: Genesect|65\/100\n|-damage|p1a: Genesect|56\/100\n|-damage|p1a: Genesect|45\/100\n|-hitcount|p1a: Genesect|5\n|\n|-heal|p1a: Genesect|51\/100|[from] item: Leftovers\n|upkeep\n|turn|6\n|\n|t:|1699628941\n|move|p1a: Genesect|Iron Head|p2a: Cloyster\n|-damage|p2a: Cloyster|18\/100\n|cant|p2a: Cloyster|flinch\n|\n|-heal|p1a: Genesect|57\/100|[from] item: Leftovers\n|upkeep\n|turn|7\n|\n|t:|1699628947\n|move|p1a: Genesect|Fell Stinger|p2a: Cloyster\n|-damage|p2a: Cloyster|0 fnt\n|faint|p2a: Cloyster\n|-boost|p1a: Genesect|atk|3\n|\n|-heal|p1a: Genesect|63\/100|[from] item: Leftovers\n|upkeep\n|\n|t:|1699628955\n|switch|p2a: Arceus|Arceus-Steel, shiny|100\/100\n|turn|8\n|\n|t:|1699628961\n|move|p1a: Genesect|Iron Head|p2a: Arceus\n|-resisted|p2a: Arceus\n|-damage|p2a: Arceus|63\/100\n|move|p2a: Arceus|Iron Defense|p2a: Arceus\n|-boost|p2a: Arceus|def|2\n|\n|-heal|p1a: Genesect|69\/100|[from] item: Leftovers\n|upkeep\n|turn|9\n|\n|t:|1699628970\n|switch|p1a: \ud83d\udc49\ud83d\udc48|Groudon|100\/100\n|detailschange|p1a: \ud83d\udc49\ud83d\udc48|Groudon-Primal\n|-primal|p1a: \ud83d\udc49\ud83d\udc48|Red Orb\n|-weather|DesolateLand|[from] ability: Desolate Land|[of] p1a: \ud83d\udc49\ud83d\udc48\n|move|p2a: Arceus|Recover|p2a: Arceus\n|-heal|p2a: Arceus|100\/100\n|\n|-weather|DesolateLand|[upkeep]\n|upkeep\n|turn|10\n|\n|t:|1699628975\n|-terastallize|p2a: Arceus|Ghost\n|move|p1a: \ud83d\udc49\ud83d\udc48|Flamethrower|p2a: Arceus\n|-damage|p2a: Arceus|53\/100\n|move|p2a: Arceus|Iron Defense|p2a: Arceus\n|-boost|p2a: Arceus|def|2\n|\n|-weather|DesolateLand|[upkeep]\n|upkeep\n|turn|11\n|\n|t:|1699628982\n|move|p1a: \ud83d\udc49\ud83d\udc48|Flamethrower|p2a: Arceus\n|-damage|p2a: Arceus|4\/100\n|move|p2a: Arceus|Recover|p2a: Arceus\n|-heal|p2a: Arceus|54\/100\n|\n|-weather|DesolateLand|[upkeep]\n|upkeep\n|turn|12\n|\n|t:|1699628987\n|move|p1a: \ud83d\udc49\ud83d\udc48|Flamethrower|p2a: Arceus\n|-damage|p2a: Arceus|7\/100\n|move|p2a: Arceus|Recover|p2a: Arceus\n|-heal|p2a: Arceus|57\/100\n|\n|-weather|DesolateLand|[upkeep]\n|upkeep\n|turn|13\n|\n|t:|1699628994\n|move|p1a: \ud83d\udc49\ud83d\udc48|Flamethrower|p2a: Arceus\n|-crit|p2a: Arceus\n|-damage|p2a: Arceus|0 fnt\n|faint|p2a: Arceus\n|\n|-weather|DesolateLand|[upkeep]\n|upkeep\n|\n|t:|1699628998\n|switch|p2a: Palafin|Palafin, F|100\/100\n|turn|14\n|\n|t:|1699629001\n|detailschange|p2a: Palafin|Palafin-Hero, F\n|switch|p2a: Shaymin|Shaymin-Sky|100\/100\n|move|p1a: \ud83d\udc49\ud83d\udc48|Rock Polish|p1a: \ud83d\udc49\ud83d\udc48\n|-boost|p1a: \ud83d\udc49\ud83d\udc48|spe|2\n|\n|-weather|DesolateLand|[upkeep]\n|upkeep\n|turn|15\n|\n|t:|1699629008\n|move|p1a: \ud83d\udc49\ud83d\udc48|Flamethrower|p2a: Shaymin\n|-supereffective|p2a: Shaymin\n|-damage|p2a: Shaymin|0 fnt\n|faint|p2a: Shaymin\n|\n|-weather|DesolateLand|[upkeep]\n|upkeep\n|\n|t:|1699629012\n|switch|p2a: Palafin|Palafin-Hero, F|100\/100\n|-activate|p2a: Palafin|ability: Zero to Hero\n|turn|16\n|\n|t:|1699629018\n|move|p1a: \ud83d\udc49\ud83d\udc48|Thunder|p2a: Palafin\n|-supereffective|p2a: Palafin\n|-damage|p2a: Palafin|10\/100\n|-status|p2a: Palafin|par\n|move|p2a: Palafin|Outrage|p1a: \ud83d\udc49\ud83d\udc48\n|-damage|p1a: \ud83d\udc49\ud83d\udc48|60\/100\n|-damage|p2a: Palafin|0 fnt|[from] item: Life Orb\n|faint|p2a: Palafin\n|\n|-weather|DesolateLand|[upkeep]\n|upkeep\n|\n|t:|1699629021\n|switch|p2a: Cinderace|Cinderace, F|100\/100\n|turn|17\n|\n|t:|1699629024\n|move|p1a: \ud83d\udc49\ud83d\udc48|Earth Power|p2a: Cinderace\n|-supereffective|p2a: Cinderace\n|-damage|p2a: Cinderace|0 fnt\n|faint|p2a: Cinderace\n|\n|win|NormalU?\n|raw|NormalU?'s rating: 1310 &rarr; <strong>1327<\/strong><br \/>(+17 for winning)\n|raw|olivia rodrig's rating: 1261 &rarr; <strong>1240<\/strong><br \/>(-21 for losing)\n","uploadtime":1699629028,"views":15,"p1id":"normalu","p2id":"oliviarodrig","formatid":"gen9nationaldexubers","rating":1240,"private":0,"password":""}