{"id":"gen9nationaldexubers-1997686546","p1":"INFERNO-M0DE\u2668\ufe0f","p2":"LegendarySpamernob","format":"[Gen 9] National Dex Ubers","log":"|j|\u2606INFERNO-M0DE\u2668\ufe0f\n|j|\u2606LegendarySpamernob\n|t:|1700841746\n|gametype|singles\n|player|p1|INFERNO-M0DE\u2668\ufe0f|flannery|1068\n|player|p2|LegendarySpamernob|preschooler|1027\n|teamsize|p1|6\n|teamsize|p2|6\n|gen|9\n|tier|[Gen 9] National Dex Ubers\n|rated|\n|rule|HP Percentage Mod: HP is shown in percentages\n|rule|Endless Battle Clause: Forcing endless battles is banned\n|rule|OHKO Clause: OHKO moves are banned\n|rule|Evasion Moves Clause: Evasion moves are banned\n|rule|Evasion Items Clause: Evasion items are banned\n|rule|Species Clause: Limit one of each Pok\u00e9mon\n|rule|Sleep Clause Mod: Limit one foe put to sleep\n|rule|Mega Rayquaza Clause: You cannot mega evolve Rayquaza\n|clearpoke\n|poke|p1|Ceruledge, M|\n|poke|p1|Cinderace, M|\n|poke|p1|Delphox, F|\n|poke|p1|Volcarona, F|\n|poke|p1|Magcargo, M|\n|poke|p1|Pyroar, F|\n|poke|p2|Arceus|\n|poke|p2|Zacian-*|\n|poke|p2|Deoxys-Defense|\n|poke|p2|Necrozma-Dusk-Mane|\n|poke|p2|Zygarde|\n|poke|p2|Eternatus|\n|teampreview\n|inactive|Battle timer is ON: inactive players will automatically lose when time's up. (requested by LegendarySpamernob)\n|\n|t:|1700841768\n|start\n|switch|p1a: \ud83d\udd25\ud83d\udd25PYROAR!!\ud83d\udd25\u2600\ufe0f|Pyroar, F, shiny|100\/100\n|switch|p2a: Deoxys|Deoxys-Defense|100\/100\n|-ability|p1a: \ud83d\udd25\ud83d\udd25PYROAR!!\ud83d\udd25\u2600\ufe0f|Unnerve\n|-ability|p2a: Deoxys|Pressure\n|turn|1\n|\n|t:|1700841780\n|move|p1a: \ud83d\udd25\ud83d\udd25PYROAR!!\ud83d\udd25\u2600\ufe0f|Sunny Day|p1a: \ud83d\udd25\ud83d\udd25PYROAR!!\ud83d\udd25\u2600\ufe0f\n|-weather|SunnyDay\n|move|p2a: Deoxys|Spikes|p1a: \ud83d\udd25\ud83d\udd25PYROAR!!\ud83d\udd25\u2600\ufe0f\n|-sidestart|p1: INFERNO-M0DE\u2668\ufe0f|Spikes\n|\n|-weather|SunnyDay|[upkeep]\n|upkeep\n|turn|2\n|\n|t:|1700841787\n|switch|p1a: WHAT'S\ud83d\udd25UP\ud83d\udd25DOC?\ud83e\udd55|Cinderace, M, shiny|100\/100\n|-damage|p1a: WHAT'S\ud83d\udd25UP\ud83d\udd25DOC?\ud83e\udd55|88\/100|[from] Spikes\n|move|p2a: Deoxys|Spikes|p1a: WHAT'S\ud83d\udd25UP\ud83d\udd25DOC?\ud83e\udd55\n|-sidestart|p1: INFERNO-M0DE\u2668\ufe0f|Spikes\n|\n|-weather|SunnyDay|[upkeep]\n|upkeep\n|turn|3\n|\n|t:|1700841799\n|move|p1a: WHAT'S\ud83d\udd25UP\ud83d\udd25DOC?\ud83e\udd55|Swords Dance|p1a: WHAT'S\ud83d\udd25UP\ud83d\udd25DOC?\ud83e\udd55\n|-boost|p1a: WHAT'S\ud83d\udd25UP\ud83d\udd25DOC?\ud83e\udd55|atk|2\n|move|p2a: Deoxys|Recover||[still]\n|-fail|p2a: Deoxys|heal\n|\n|-weather|SunnyDay|[upkeep]\n|upkeep\n|turn|4\n|\n|t:|1700841806\n|move|p1a: WHAT'S\ud83d\udd25UP\ud83d\udd25DOC?\ud83e\udd55|Court Change|p1a: WHAT'S\ud83d\udd25UP\ud83d\udd25DOC?\ud83e\udd55\n|-swapsideconditions\n|-activate|p1a: WHAT'S\ud83d\udd25UP\ud83d\udd25DOC?\ud83e\udd55|move: Court Change\n|move|p2a: Deoxys|Psycho Boost|p1a: WHAT'S\ud83d\udd25UP\ud83d\udd25DOC?\ud83e\udd55\n|-damage|p1a: WHAT'S\ud83d\udd25UP\ud83d\udd25DOC?\ud83e\udd55|34\/100\n|-unboost|p2a: Deoxys|spa|2\n|\n|-weather|SunnyDay|[upkeep]\n|upkeep\n|turn|5\n|\n|t:|1700841817\n|move|p1a: WHAT'S\ud83d\udd25UP\ud83d\udd25DOC?\ud83e\udd55|Pyro Ball|p2a: Deoxys\n|-damage|p2a: Deoxys|0 fnt\n|faint|p2a: Deoxys\n|\n|-weather|SunnyDay|[upkeep]\n|upkeep\n|\n|t:|1700841830\n|switch|p2a: Zygarde|Zygarde|100\/100\n|-damage|p2a: Zygarde|84\/100|[from] Spikes\n|turn|6\n|\n|t:|1700841836\n|-terastallize|p1a: WHAT'S\ud83d\udd25UP\ud83d\udd25DOC?\ud83e\udd55|Fire\n|move|p1a: WHAT'S\ud83d\udd25UP\ud83d\udd25DOC?\ud83e\udd55|Pyro Ball|p2a: Zygarde\n|-resisted|p2a: Zygarde\n|-damage|p2a: Zygarde|0 fnt\n|faint|p2a: Zygarde\n|\n|-weather|SunnyDay|[upkeep]\n|upkeep\n|\n|t:|1700841840\n|switch|p2a: Necrozma|Necrozma-Dusk-Mane|100\/100\n|-damage|p2a: Necrozma|84\/100|[from] Spikes\n|turn|7\n|\n|t:|1700841849\n|move|p1a: WHAT'S\ud83d\udd25UP\ud83d\udd25DOC?\ud83e\udd55|Pyro Ball|p2a: Necrozma\n|-supereffective|p2a: Necrozma\n|-damage|p2a: Necrozma|0 fnt\n|faint|p2a: Necrozma\n|\n|-weather|SunnyDay|[upkeep]\n|upkeep\n|\n|t:|1700841854\n|switch|p2a: Eternatus|Eternatus|100\/100\n|-damage|p2a: Eternatus|84\/100|[from] Spikes\n|-ability|p2a: Eternatus|Pressure\n|turn|8\n|\n|t:|1700841860\n|move|p1a: WHAT'S\ud83d\udd25UP\ud83d\udd25DOC?\ud83e\udd55|Pyro Ball|p2a: Eternatus\n|-resisted|p2a: Eternatus\n|-damage|p2a: Eternatus|0 fnt\n|faint|p2a: Eternatus\n|\n|-weather|none\n|upkeep\n|\n|t:|1700841863\n|switch|p2a: Arceus|Arceus|100\/100\n|-damage|p2a: Arceus|84\/100|[from] Spikes\n|turn|9\n|\n|t:|1700841870\n|move|p2a: Arceus|Extreme Speed|p1a: WHAT'S\ud83d\udd25UP\ud83d\udd25DOC?\ud83e\udd55\n|-damage|p1a: WHAT'S\ud83d\udd25UP\ud83d\udd25DOC?\ud83e\udd55|0 fnt\n|faint|p1a: WHAT'S\ud83d\udd25UP\ud83d\udd25DOC?\ud83e\udd55\n|\n|upkeep\n|\n|t:|1700841899\n|switch|p1a: \ud83d\udd25DELPHOX\ud83d\udd25|Delphox, F, shiny|100\/100\n|turn|10\n|\n|t:|1700841905\n|move|p2a: Arceus|Judgment|p1a: \ud83d\udd25DELPHOX\ud83d\udd25\n|-damage|p1a: \ud83d\udd25DELPHOX\ud83d\udd25|39\/100\n|move|p1a: \ud83d\udd25DELPHOX\ud83d\udd25|Fire Blast|p2a: Arceus\n|-damage|p2a: Arceus|38\/100\n|\n|upkeep\n|turn|11\n|\n|t:|1700841912\n|move|p2a: Arceus|Judgment|p1a: \ud83d\udd25DELPHOX\ud83d\udd25\n|-damage|p1a: \ud83d\udd25DELPHOX\ud83d\udd25|0 fnt\n|faint|p1a: \ud83d\udd25DELPHOX\ud83d\udd25\n|\n|upkeep\n|\n|t:|1700841917\n|switch|p1a: \ud83d\udd25CERULEDGE\ud83d\udd25|Ceruledge, M, shiny|100\/100\n|turn|12\n|\n|t:|1700841922\n|move|p2a: Arceus|Ice Beam|p1a: \ud83d\udd25CERULEDGE\ud83d\udd25\n|-resisted|p1a: \ud83d\udd25CERULEDGE\ud83d\udd25\n|-damage|p1a: \ud83d\udd25CERULEDGE\ud83d\udd25|82\/100\n|move|p1a: \ud83d\udd25CERULEDGE\ud83d\udd25|Bitter Blade|p2a: Arceus\n|-damage|p2a: Arceus|0 fnt\n|-heal|p1a: \ud83d\udd25CERULEDGE\ud83d\udd25|100\/100|[from] drain|[of] p2a: Arceus\n|faint|p2a: Arceus\n|\n|upkeep\n|\n|t:|1700841931\n|switch|p2a: Zacian|Zacian-Crowned|100\/100\n|-damage|p2a: Zacian|84\/100|[from] Spikes\n|-ability|p2a: Zacian|Intrepid Sword|boost\n|-boost|p2a: Zacian|atk|1\n|turn|13\n|\n|t:|1700841940\n|-terastallize|p2a: Zacian|Fighting\n|move|p2a: Zacian|Psycho Cut|p1a: \ud83d\udd25CERULEDGE\ud83d\udd25\n|-damage|p1a: \ud83d\udd25CERULEDGE\ud83d\udd25|36\/100\n|-ability|p1a: \ud83d\udd25CERULEDGE\ud83d\udd25|Weak Armor|boost\n|-unboost|p1a: \ud83d\udd25CERULEDGE\ud83d\udd25|def|1\n|-boost|p1a: \ud83d\udd25CERULEDGE\ud83d\udd25|spe|2\n|move|p1a: \ud83d\udd25CERULEDGE\ud83d\udd25|Bitter Blade|p2a: Zacian\n|-damage|p2a: Zacian|32\/100\n|-heal|p1a: \ud83d\udd25CERULEDGE\ud83d\udd25|64\/100|[from] drain|[of] p2a: Zacian\n|\n|upkeep\n|turn|14\n|\n|t:|1700841957\n|move|p1a: \ud83d\udd25CERULEDGE\ud83d\udd25|Bitter Blade|p2a: Zacian\n|-damage|p2a: Zacian|0 fnt\n|-heal|p1a: \ud83d\udd25CERULEDGE\ud83d\udd25|82\/100|[from] drain|[of] p2a: Zacian\n|faint|p2a: Zacian\n|\n|win|INFERNO-M0DE\u2668\ufe0f\n|raw|INFERNO-M0DE\u2668\ufe0f's rating: 1068 &rarr; <strong>1094<\/strong><br \/>(+26 for winning)\n|raw|LegendarySpamernob's rating: 1027 &rarr; <strong>1015<\/strong><br \/>(-12 for losing)\n|l|\u2606LegendarySpamernob\n|c|\u2606INFERNO-M0DE\u2668\ufe0f|Noob\n","uploadtime":1700841978,"views":12,"p1id":"infernom0de","p2id":"legendaryspamernob","formatid":"gen9nationaldexubers","rating":1015,"private":0,"password":""}