{"id":"gen9nationaldexubers-1997801640","p1":"HereticalJ","p2":"Bear_in_DISTRESS","format":"[Gen 9] National Dex Ubers","log":"|j|\u2606HereticalJ\n|j|\u203dBear_in_DISTRESS\n|t:|1700854207\n|gametype|singles\n|player|p1|HereticalJ|marshal|\n|player|p2|Bear_in_DISTRESS|li|\n|teamsize|p1|6\n|teamsize|p2|6\n|gen|9\n|tier|[Gen 9] National Dex Ubers\n|rule|HP Percentage Mod: HP is shown in percentages\n|rule|Endless Battle Clause: Forcing endless battles is banned\n|rule|OHKO Clause: OHKO moves are banned\n|rule|Evasion Moves Clause: Evasion moves are banned\n|rule|Evasion Items Clause: Evasion items are banned\n|rule|Species Clause: Limit one of each Pok\u00e9mon\n|rule|Sleep Clause Mod: Limit one foe put to sleep\n|rule|Mega Rayquaza Clause: You cannot mega evolve Rayquaza\n|clearpoke\n|poke|p1|Weavile, F|\n|poke|p1|Tyranitar, M|\n|poke|p1|Kingambit, M|\n|poke|p1|Hydreigon, F|\n|poke|p1|Krookodile, F|\n|poke|p1|Meowscarada, F|\n|poke|p2|Corviknight, M|\n|poke|p2|Iron Jugulis|\n|poke|p2|Altaria, M|\n|poke|p2|Pelipper, F|\n|poke|p2|Charizard, M|\n|poke|p2|Hawlucha, F|\n|teampreview\n|j| Triggerhappy50\n|\n|t:|1700854224\n|start\n|switch|p1a: Meowscarada|Meowscarada, F|100\/100\n|switch|p2a: Pelipper|Pelipper, F, shiny|100\/100\n|-weather|RainDance|[from] ability: Drizzle|[of] p2a: Pelipper\n|turn|1\n|\n|t:|1700854238\n|move|p1a: Meowscarada|Thunder Punch|p2a: Pelipper\n|-start|p1a: Meowscarada|typechange|Electric|[from] ability: Protean\n|-supereffective|p2a: Pelipper\n|-damage|p2a: Pelipper|0 fnt\n|faint|p2a: Pelipper\n|\n|-weather|RainDance|[upkeep]\n|upkeep\n|\n|t:|1700854247\n|switch|p2a: Iron Jugulis|Iron Jugulis, shiny|100\/100\n|-enditem|p2a: Iron Jugulis|Booster Energy\n|-activate|p2a: Iron Jugulis|ability: Quark Drive|[fromitem]\n|-start|p2a: Iron Jugulis|quarkdrivespe\n|turn|2\n|\n|t:|1700854274\n|switch|p1a: Kingambit|Kingambit, M|100\/100\n|-item|p1a: Kingambit|Air Balloon\n|move|p2a: Iron Jugulis|Earth Power|p1a: Kingambit\n|-immune|p1a: Kingambit\n|\n|-weather|RainDance|[upkeep]\n|upkeep\n|turn|3\n|\n|t:|1700854286\n|move|p2a: Iron Jugulis|Flamethrower|p1a: Kingambit\n|-supereffective|p1a: Kingambit\n|-damage|p1a: Kingambit|71\/100\n|-enditem|p1a: Kingambit|Air Balloon\n|move|p1a: Kingambit|Stone Edge|p2a: Iron Jugulis\n|-supereffective|p2a: Iron Jugulis\n|-damage|p2a: Iron Jugulis|7\/100\n|\n|-weather|RainDance|[upkeep]\n|upkeep\n|turn|4\n|\n|t:|1700854300\n|move|p1a: Kingambit|Sucker Punch|p2a: Iron Jugulis\n|-resisted|p2a: Iron Jugulis\n|-damage|p2a: Iron Jugulis|0 fnt\n|faint|p2a: Iron Jugulis\n|-end|p2a: Iron Jugulis|Quark Drive|[silent]\n|\n|-weather|RainDance|[upkeep]\n|upkeep\n|\n|t:|1700854316\n|switch|p2a: Hawlucha|Hawlucha, F, shiny|100\/100\n|turn|5\n|\n|t:|1700854346\n|move|p1a: Kingambit|Sucker Punch||[still]\n|-fail|p1a: Kingambit\n|move|p2a: Hawlucha|Substitute|p2a: Hawlucha\n|-start|p2a: Hawlucha|Substitute\n|-damage|p2a: Hawlucha|76\/100\n|\n|-weather|RainDance|[upkeep]\n|upkeep\n|turn|6\n|\n|t:|1700854372\n|move|p2a: Hawlucha|Swords Dance|p2a: Hawlucha\n|-boost|p2a: Hawlucha|atk|2\n|move|p1a: Kingambit|Iron Head|p2a: Hawlucha\n|-end|p2a: Hawlucha|Substitute\n|\n|-weather|RainDance|[upkeep]\n|upkeep\n|turn|7\n|\n|t:|1700854389\n|move|p2a: Hawlucha|Drain Punch|p1a: Kingambit\n|-supereffective|p1a: Kingambit\n|-damage|p1a: Kingambit|0 fnt\n|-heal|p2a: Hawlucha|100\/100|[from] drain|[of] p1a: Kingambit\n|faint|p1a: Kingambit\n|-end|p1a: Kingambit|fallenundefined|[silent]\n|\n|-weather|RainDance|[upkeep]\n|upkeep\n|\n|t:|1700854411\n|switch|p1a: Weavile|Weavile, F|100\/100\n|-ability|p1a: Weavile|Pressure\n|turn|8\n|\n|t:|1700854417\n|move|p1a: Weavile|Triple Axel|p2a: Hawlucha\n|-supereffective|p2a: Hawlucha\n|-damage|p2a: Hawlucha|60\/100\n|-supereffective|p2a: Hawlucha\n|-crit|p2a: Hawlucha\n|-damage|p2a: Hawlucha|0 fnt\n|faint|p2a: Hawlucha\n|-hitcount|p2: Hawlucha|2\n|\n|-weather|none\n|upkeep\n|\n|t:|1700854433\n|switch|p2a: Charizard|Charizard, M, shiny|100\/100\n|turn|9\n|\n|t:|1700854448\n|switch|p1a: Tyranitar|Tyranitar, M|100\/100\n|-weather|Sandstorm|[from] ability: Sand Stream|[of] p1a: Tyranitar\n|move|p2a: Charizard|Flamethrower|p1a: Tyranitar\n|-resisted|p1a: Tyranitar\n|-damage|p1a: Tyranitar|89\/100\n|\n|-weather|Sandstorm|[upkeep]\n|-damage|p2a: Charizard|94\/100|[from] Sandstorm\n|upkeep\n|turn|10\n|\n|t:|1700854473\n|switch|p2a: Corviknight|Corviknight, M, shiny|100\/100\n|-ability|p2a: Corviknight|Pressure\n|detailschange|p1a: Tyranitar|Tyranitar-Mega, M\n|-mega|p1a: Tyranitar|Tyranitar|Tyranitarite\n|move|p1a: Tyranitar|Rock Slide|p2a: Corviknight\n|-damage|p2a: Corviknight|72\/100\n|\n|-weather|Sandstorm|[upkeep]\n|-heal|p2a: Corviknight|78\/100|[from] item: Leftovers\n|upkeep\n|turn|11\n|\n|t:|1700854503\n|move|p1a: Tyranitar|Thunder Punch|p2a: Corviknight\n|-supereffective|p2a: Corviknight\n|-damage|p2a: Corviknight|36\/100\n|move|p2a: Corviknight|U-turn|p1a: Tyranitar\n|-supereffective|p1a: Tyranitar\n|-damage|p1a: Tyranitar|73\/100\n|\n|t:|1700854509\n|switch|p2a: Altaria|Altaria, M, shiny|100\/100|[from] U-turn\n|\n|-weather|Sandstorm|[upkeep]\n|-damage|p2a: Altaria|94\/100|[from] Sandstorm\n|upkeep\n|turn|12\n|\n|t:|1700854520\n|-terastallize|p2a: Altaria|Rock\n|move|p2a: Altaria|Moonblast|p1a: Tyranitar\n|-supereffective|p1a: Tyranitar\n|-damage|p1a: Tyranitar|58\/100\n|move|p1a: Tyranitar|Stone Edge|p2a: Altaria\n|-crit|p2a: Altaria\n|-damage|p2a: Altaria|12\/100\n|\n|-weather|Sandstorm|[upkeep]\n|upkeep\n|turn|13\n|\n|t:|1700854532\n|move|p2a: Altaria|Roost|p2a: Altaria\n|-heal|p2a: Altaria|62\/100\n|move|p1a: Tyranitar|Thunder Punch|p2a: Altaria\n|-damage|p2a: Altaria|32\/100\n|\n|-weather|none\n|upkeep\n|turn|14\n|\n|t:|1700854540\n|move|p2a: Altaria|Roost|p2a: Altaria\n|-heal|p2a: Altaria|82\/100\n|move|p1a: Tyranitar|Rock Slide|p2a: Altaria\n|-damage|p2a: Altaria|42\/100\n|\n|upkeep\n|turn|15\n|\n|t:|1700854547\n|move|p2a: Altaria|Roost|p2a: Altaria\n|-heal|p2a: Altaria|92\/100\n|move|p1a: Tyranitar|Stealth Rock|p2a: Altaria\n|-sidestart|p2: Bear_in_DISTRESS|move: Stealth Rock\n|\n|upkeep\n|turn|16\n|\n|t:|1700854576\n|move|p2a: Altaria|Moonblast|p1a: Tyranitar\n|-supereffective|p1a: Tyranitar\n|-damage|p1a: Tyranitar|37\/100\n|move|p1a: Tyranitar|Stone Edge|p2a: Altaria\n|-damage|p2a: Altaria|36\/100\n|\n|upkeep\n|turn|17\n|\n|t:|1700854583\n|move|p2a: Altaria|Roost|p2a: Altaria\n|-heal|p2a: Altaria|86\/100\n|move|p1a: Tyranitar|Stone Edge|p2a: Altaria\n|-damage|p2a: Altaria|28\/100\n|\n|upkeep\n|turn|18\n|\n|t:|1700854601\n|switch|p1a: Hydreigon|Hydreigon, F|100\/100\n|move|p2a: Altaria|Roost|p2a: Altaria\n|-heal|p2a: Altaria|78\/100\n|\n|upkeep\n|turn|19\n|\n|t:|1700854617\n|move|p1a: Hydreigon|Draco Meteor|p2a: Altaria\n|-damage|p2a: Altaria|18\/100\n|-unboost|p1a: Hydreigon|spa|2\n|move|p2a: Altaria|Moonblast|p1a: Hydreigon\n|-supereffective|p1a: Hydreigon\n|-damage|p1a: Hydreigon|33\/100\n|\n|upkeep\n|turn|20\n|\n|t:|1700854625\n|move|p1a: Hydreigon|Draco Meteor|p2a: Altaria\n|-damage|p2a: Altaria|0 fnt\n|-unboost|p1a: Hydreigon|spa|2\n|faint|p2a: Altaria\n|\n|upkeep\n|\n|t:|1700854641\n|switch|p2a: Charizard|Charizard, M, shiny|94\/100\n|-damage|p2a: Charizard|45\/100|[from] Stealth Rock\n|turn|21\n|\n|t:|1700854652\n|move|p1a: Hydreigon|Draco Meteor|p2a: Charizard\n|-damage|p2a: Charizard|15\/100\n|-unboost|p1a: Hydreigon|spa|2\n|move|p2a: Charizard|Roost|p2a: Charizard\n|-heal|p2a: Charizard|65\/100\n|-singleturn|p2a: Charizard|move: Roost\n|\n|upkeep\n|turn|22\n|\n|t:|1700854673\n|switch|p1a: Tyranitar|Tyranitar-Mega, M|37\/100\n|-weather|Sandstorm|[from] ability: Sand Stream|[of] p1a: Tyranitar\n|move|p2a: Charizard|Flamethrower|p1a: Tyranitar\n|-resisted|p1a: Tyranitar\n|-damage|p1a: Tyranitar|27\/100\n|\n|-weather|Sandstorm|[upkeep]\n|-damage|p2a: Charizard|59\/100|[from] Sandstorm\n|upkeep\n|turn|23\n|\n|t:|1700854688\n|move|p2a: Charizard|Earthquake|p1a: Tyranitar\n|-supereffective|p1a: Tyranitar\n|-damage|p1a: Tyranitar|3\/100\n|move|p1a: Tyranitar|Thunder Punch|p2a: Charizard\n|-supereffective|p2a: Charizard\n|-damage|p2a: Charizard|0 fnt\n|faint|p2a: Charizard\n|\n|-weather|Sandstorm|[upkeep]\n|upkeep\n|\n|t:|1700854698\n|switch|p2a: Corviknight|Corviknight, M, shiny|36\/100\n|-damage|p2a: Corviknight|24\/100|[from] Stealth Rock\n|-ability|p2a: Corviknight|Pressure\n|turn|24\n|\n|t:|1700854708\n|move|p1a: Tyranitar|Thunder Punch|p2a: Corviknight\n|-supereffective|p2a: Corviknight\n|-damage|p2a: Corviknight|0 fnt\n|faint|p2a: Corviknight\n|\n|win|HereticalJ\n|c| Triggerhappy50|ggs\n|c|\u2606HereticalJ|gg\n|l|\u203dBear_in_DISTRESS\n","uploadtime":1700854721,"views":13,"p1id":"hereticalj","p2id":"bearindistress","formatid":"gen9nationaldexubers","rating":0,"private":0,"password":""}