{"id":"gen9nationaldexubers-1990539932","p1":"Zake202012","p2":"12345Carter","format":"[Gen 9] National Dex Ubers","log":"|j|\u2606Zake202012\n|j|\u260612345Carter\n|t:|1699979827\n|gametype|singles\n|player|p1|Zake202012|n|1388\n|player|p2|12345Carter|169|1277\n|teamsize|p1|6\n|teamsize|p2|6\n|gen|9\n|tier|[Gen 9] National Dex Ubers\n|rated|\n|rule|HP Percentage Mod: HP is shown in percentages\n|rule|Endless Battle Clause: Forcing endless battles is banned\n|rule|OHKO Clause: OHKO moves are banned\n|rule|Evasion Moves Clause: Evasion moves are banned\n|rule|Evasion Items Clause: Evasion items are banned\n|rule|Species Clause: Limit one of each Pok\u00e9mon\n|rule|Sleep Clause Mod: Limit one foe put to sleep\n|rule|Mega Rayquaza Clause: You cannot mega evolve Rayquaza\n|clearpoke\n|poke|p1|Zoroark-Hisui, M|\n|poke|p1|Garganacl, F|\n|poke|p1|Magearna|\n|poke|p1|Arcanine-Hisui, M|\n|poke|p1|Thundurus, M|\n|poke|p1|Serperior, M|\n|poke|p2|Melmetal|\n|poke|p2|Marshadow|\n|poke|p2|Groudon|\n|poke|p2|Naganadel|\n|poke|p2|Tapu Koko|\n|poke|p2|Yveltal|\n|teampreview\n|inactive|Battle timer is ON: inactive players will automatically lose when time's up. (requested by Zake202012)\n|\n|t:|1699979854\n|start\n|switch|p1a: Thundurus|Thundurus, M|100\/100\n|switch|p2a: Melmetal|Melmetal|100\/100\n|turn|1\n|\n|t:|1699979862\n|move|p1a: Thundurus|Shadow Ball|p2a: Melmetal\n|-damage|p2a: Melmetal|59\/100\n|move|p2a: Melmetal|Double Iron Bash|p1a: Thundurus\n|-enditem|p1a: Thundurus|Focus Sash\n|-damage|p1a: Thundurus|1\/100\n|replace|p1a: Zoroark|Zoroark-Hisui, M\n|-end|p1a: Zoroark|Illusion\n|-damage|p1a: Zoroark|0 fnt\n|faint|p1a: Zoroark\n|-hitcount|p1: Zoroark|2\n|\n|upkeep\n|\n|t:|1699979869\n|switch|p1a: Garganacl|Garganacl, F|100\/100\n|turn|2\n|\n|t:|1699979898\n|move|p1a: Garganacl|Iron Defense|p1a: Garganacl\n|-boost|p1a: Garganacl|def|2\n|move|p2a: Melmetal|Double Iron Bash|p1a: Garganacl\n|-supereffective|p1a: Garganacl\n|-damage|p1a: Garganacl|61\/100\n|-supereffective|p1a: Garganacl\n|-damage|p1a: Garganacl|24\/100\n|-hitcount|p1a: Garganacl|2\n|\n|-heal|p1a: Garganacl|30\/100|[from] item: Leftovers\n|upkeep\n|turn|3\n|\n|t:|1699979905\n|-terastallize|p1a: Garganacl|Ghost\n|move|p1a: Garganacl|Recover|p1a: Garganacl\n|-heal|p1a: Garganacl|80\/100\n|move|p2a: Melmetal|Double Iron Bash|p1a: Garganacl\n|-damage|p1a: Garganacl|60\/100\n|-damage|p1a: Garganacl|39\/100\n|-hitcount|p1a: Garganacl|2\n|\n|-heal|p1a: Garganacl|46\/100|[from] item: Leftovers\n|upkeep\n|turn|4\n|\n|t:|1699979909\n|move|p1a: Garganacl|Recover|p1a: Garganacl\n|-heal|p1a: Garganacl|96\/100\n|move|p2a: Melmetal|Double Iron Bash|p1a: Garganacl\n|-damage|p1a: Garganacl|75\/100\n|-damage|p1a: Garganacl|57\/100\n|-hitcount|p1a: Garganacl|2\n|\n|-heal|p1a: Garganacl|63\/100|[from] item: Leftovers\n|upkeep\n|turn|5\n|\n|t:|1699979911\n|move|p1a: Garganacl|Iron Defense|p1a: Garganacl\n|-boost|p1a: Garganacl|def|2\n|move|p2a: Melmetal|Double Iron Bash|p1a: Garganacl\n|-damage|p1a: Garganacl|50\/100\n|-damage|p1a: Garganacl|38\/100\n|-hitcount|p1a: Garganacl|2\n|\n|-heal|p1a: Garganacl|44\/100|[from] item: Leftovers\n|upkeep\n|turn|6\n|\n|t:|1699979914\n|move|p1a: Garganacl|Recover|p1a: Garganacl\n|-heal|p1a: Garganacl|94\/100\n|move|p2a: Melmetal|Double Iron Bash|p1a: Garganacl\n|-damage|p1a: Garganacl|79\/100\n|-damage|p1a: Garganacl|65\/100\n|-hitcount|p1a: Garganacl|2\n|\n|-heal|p1a: Garganacl|72\/100|[from] item: Leftovers\n|upkeep\n|turn|7\n|\n|t:|1699979929\n|move|p1a: Garganacl|Iron Defense|p1a: Garganacl\n|-boost|p1a: Garganacl|def|2\n|move|p2a: Melmetal|Double Iron Bash|p1a: Garganacl\n|-crit|p1a: Garganacl\n|-damage|p1a: Garganacl|15\/100\n|-damage|p1a: Garganacl|5\/100\n|-hitcount|p1a: Garganacl|2\n|\n|-heal|p1a: Garganacl|11\/100|[from] item: Leftovers\n|upkeep\n|turn|8\n|\n|t:|1699979936\n|move|p1a: Garganacl|Recover|p1a: Garganacl\n|-heal|p1a: Garganacl|61\/100\n|move|p2a: Melmetal|Double Iron Bash|p1a: Garganacl\n|-damage|p1a: Garganacl|51\/100\n|-damage|p1a: Garganacl|41\/100\n|-hitcount|p1a: Garganacl|2\n|\n|-heal|p1a: Garganacl|48\/100|[from] item: Leftovers\n|upkeep\n|turn|9\n|\n|t:|1699979942\n|move|p1a: Garganacl|Recover|p1a: Garganacl\n|-heal|p1a: Garganacl|98\/100\n|-activate|p2a: Melmetal|move: Struggle\n|move|p2a: Melmetal|Struggle|p1a: Garganacl\n|-damage|p1a: Garganacl|93\/100\n|-damage|p2a: Melmetal|34\/100|[from] recoil\n|\n|-heal|p1a: Garganacl|99\/100|[from] item: Leftovers\n|upkeep\n|turn|10\n|\n|t:|1699979948\n|move|p1a: Garganacl|Body Press|p2a: Melmetal\n|-supereffective|p2a: Melmetal\n|-damage|p2a: Melmetal|0 fnt\n|faint|p2a: Melmetal\n|\n|-heal|p1a: Garganacl|100\/100|[from] item: Leftovers\n|upkeep\n|\n|t:|1699979961\n|switch|p2a: Yveltal|Yveltal|100\/100\n|-ability|p2a: Yveltal|Dark Aura\n|turn|11\n|\n|t:|1699979965\n|move|p2a: Yveltal|Dark Pulse|p1a: Garganacl\n|-supereffective|p1a: Garganacl\n|-damage|p1a: Garganacl|0 fnt\n|faint|p1a: Garganacl\n|\n|upkeep\n|\n|t:|1699979973\n|switch|p1a: Magearna|Magearna|100\/100\n|turn|12\n|\n|t:|1699979975\n|move|p2a: Yveltal|Shadow Ball|p1a: Magearna\n|-damage|p1a: Magearna|78\/100\n|move|p1a: Magearna|Shift Gear|p1a: Magearna\n|-boost|p1a: Magearna|spe|2\n|-boost|p1a: Magearna|atk|1\n|\n|-heal|p1a: Magearna|84\/100|[from] item: Leftovers\n|upkeep\n|turn|13\n|\n|t:|1699979981\n|move|p1a: Magearna|Calm Mind|p1a: Magearna\n|-boost|p1a: Magearna|spa|1\n|-boost|p1a: Magearna|spd|1\n|move|p2a: Yveltal|Shadow Ball|p1a: Magearna\n|-damage|p1a: Magearna|68\/100\n|\n|-heal|p1a: Magearna|74\/100|[from] item: Leftovers\n|upkeep\n|turn|14\n|\n|t:|1699979988\n|move|p1a: Magearna|Shift Gear|p1a: Magearna\n|-boost|p1a: Magearna|spe|2\n|-boost|p1a: Magearna|atk|1\n|move|p2a: Yveltal|Dark Pulse|p1a: Magearna\n|-resisted|p1a: Magearna\n|-damage|p1a: Magearna|55\/100\n|\n|-heal|p1a: Magearna|61\/100|[from] item: Leftovers\n|upkeep\n|turn|15\n|\n|t:|1699979994\n|move|p1a: Magearna|Calm Mind|p1a: Magearna\n|-boost|p1a: Magearna|spa|1\n|-boost|p1a: Magearna|spd|1\n|move|p2a: Yveltal|Shadow Ball|p1a: Magearna\n|-damage|p1a: Magearna|50\/100\n|\n|-heal|p1a: Magearna|56\/100|[from] item: Leftovers\n|upkeep\n|turn|16\n|\n|t:|1699980002\n|move|p1a: Magearna|Shift Gear|p1a: Magearna\n|-boost|p1a: Magearna|spe|2\n|-boost|p1a: Magearna|atk|1\n|move|p2a: Yveltal|Shadow Ball|p1a: Magearna\n|-damage|p1a: Magearna|44\/100\n|\n|-heal|p1a: Magearna|50\/100|[from] item: Leftovers\n|upkeep\n|turn|17\n|\n|t:|1699980006\n|move|p1a: Magearna|Calm Mind|p1a: Magearna\n|-boost|p1a: Magearna|spa|1\n|-boost|p1a: Magearna|spd|1\n|move|p2a: Yveltal|Shadow Ball|p1a: Magearna\n|-damage|p1a: Magearna|41\/100\n|\n|-heal|p1a: Magearna|47\/100|[from] item: Leftovers\n|upkeep\n|turn|18\n|\n|t:|1699980014\n|move|p1a: Magearna|Flash Cannon|p2a: Yveltal\n|-damage|p2a: Yveltal|14\/100\n|move|p2a: Yveltal|Shadow Ball|p1a: Magearna\n|-damage|p1a: Magearna|37\/100\n|-unboost|p1a: Magearna|spd|1\n|\n|-heal|p1a: Magearna|43\/100|[from] item: Leftovers\n|upkeep\n|turn|19\n|\n|t:|1699980018\n|move|p1a: Magearna|Flash Cannon|p2a: Yveltal\n|-damage|p2a: Yveltal|0 fnt\n|faint|p2a: Yveltal\n|-ability|p1a: Magearna|Soul-Heart|boost\n|-boost|p1a: Magearna|spa|1\n|\n|-heal|p1a: Magearna|49\/100|[from] item: Leftovers\n|upkeep\n|\n|t:|1699980025\n|switch|p2a: Marshadow|Marshadow|100\/100\n|turn|20\n|\n|t:|1699980028\n|move|p1a: Magearna|Stored Power|p2a: Marshadow\n|-supereffective|p2a: Marshadow\n|-damage|p2a: Marshadow|0 fnt\n|faint|p2a: Marshadow\n|-ability|p1a: Magearna|Soul-Heart|boost\n|-boost|p1a: Magearna|spa|1\n|\n|-heal|p1a: Magearna|55\/100|[from] item: Leftovers\n|upkeep\n|\n|t:|1699980030\n|switch|p2a: Groudon|Groudon|100\/100\n|detailschange|p2a: Groudon|Groudon-Primal\n|-primal|p2a: Groudon|Red Orb\n|-weather|DesolateLand|[from] ability: Desolate Land|[of] p2a: Groudon\n|turn|21\n|\n|t:|1699980035\n|move|p1a: Magearna|Stored Power|p2a: Groudon\n|-damage|p2a: Groudon|0 fnt\n|faint|p2a: Groudon\n|-ability|p1a: Magearna|Soul-Heart|boost\n|-boost|p1a: Magearna|spa|1\n|-weather|none\n|\n|-heal|p1a: Magearna|61\/100|[from] item: Leftovers\n|upkeep\n|\n|t:|1699980038\n|switch|p2a: Naganadel|Naganadel|100\/100\n|turn|22\n|\n|t:|1699980040\n|move|p1a: Magearna|Stored Power|p2a: Naganadel\n|-supereffective|p2a: Naganadel\n|-damage|p2a: Naganadel|0 fnt\n|faint|p2a: Naganadel\n|\n|-heal|p1a: Magearna|67\/100|[from] item: Leftovers\n|upkeep\n|\n|t:|1699980042\n|switch|p2a: Tapu Koko|Tapu Koko|100\/100\n|-fieldstart|move: Electric Terrain|[from] ability: Electric Surge|[of] p2a: Tapu Koko\n|turn|23\n|\n|t:|1699980047\n|move|p1a: Magearna|Stored Power|p2a: Tapu Koko\n|-damage|p2a: Tapu Koko|0 fnt\n|faint|p2a: Tapu Koko\n|\n|win|Zake202012\n|raw|Zake202012's rating: 1388 &rarr; <strong>1402<\/strong><br \/>(+14 for winning)\n|raw|12345Carter's rating: 1277 &rarr; <strong>1260<\/strong><br \/>(-17 for losing)\n|l|\u260612345Carter\n","uploadtime":1699980061,"views":5,"p1id":"zake202012","p2id":"12345carter","formatid":"gen9nationaldexubers","rating":1260,"private":0,"password":""}