{"id":"gen9nationaldexubers-1985573667","p1":"VerduOsane","p2":"TheThanatos","format":"[Gen 9] National Dex Ubers","log":"|j|\u2606VerduOsane\n|j|\u2606TheThanatos\n|t:|1699385748\n|gametype|singles\n|player|p1|VerduOsane|170|1265\n|player|p2|TheThanatos|red|1349\n|teamsize|p1|6\n|teamsize|p2|6\n|gen|9\n|tier|[Gen 9] National Dex Ubers\n|rated|\n|rule|HP Percentage Mod: HP is shown in percentages\n|rule|Endless Battle Clause: Forcing endless battles is banned\n|rule|OHKO Clause: OHKO moves are banned\n|rule|Evasion Moves Clause: Evasion moves are banned\n|rule|Evasion Items Clause: Evasion items are banned\n|rule|Species Clause: Limit one of each Pok\u00e9mon\n|rule|Sleep Clause Mod: Limit one foe put to sleep\n|rule|Mega Rayquaza Clause: You cannot mega evolve Rayquaza\n|clearpoke\n|poke|p1|Ninetales-Alola, M|\n|poke|p1|Meowscarada, M|\n|poke|p1|Iron Moth|\n|poke|p1|Hoopa|\n|poke|p1|Gliscor, F|\n|poke|p1|Kommo-o, M|\n|poke|p2|Tapu Lele|\n|poke|p2|Kyurem-Black|\n|poke|p2|Deoxys-Attack|\n|poke|p2|Pyukumuku, F|\n|poke|p2|Rillaboom, F|\n|poke|p2|Aggron, M|\n|teampreview\n|\n|t:|1699385769\n|start\n|switch|p1a: Meowscarada|Meowscarada, M|100\/100\n|switch|p2a: Deoxys|Deoxys-Attack|100\/100\n|-ability|p2a: Deoxys|Pressure\n|turn|1\n|\n|t:|1699385777\n|move|p2a: Deoxys|Superpower|p1a: Meowscarada\n|-supereffective|p1a: Meowscarada\n|-enditem|p1a: Meowscarada|Focus Sash\n|-damage|p1a: Meowscarada|1\/100\n|-unboost|p2a: Deoxys|atk|1\n|-unboost|p2a: Deoxys|def|1\n|-damage|p2a: Deoxys|91\/100|[from] item: Life Orb\n|move|p1a: Meowscarada|Knock Off|p2a: Deoxys\n|-start|p1a: Meowscarada|typechange|Dark|[from] ability: Protean\n|-supereffective|p2a: Deoxys\n|-damage|p2a: Deoxys|0 fnt\n|-enditem|p2a: Deoxys|Life Orb|[from] move: Knock Off|[of] p1a: Meowscarada\n|faint|p2a: Deoxys\n|\n|upkeep\n|\n|t:|1699385796\n|switch|p2a: Kyurem|Kyurem-Black|100\/100\n|-ability|p2a: Kyurem|Teravolt\n|turn|2\n|\n|t:|1699385803\n|move|p1a: Meowscarada|Knock Off|p2a: Kyurem\n|-damage|p2a: Kyurem|60\/100\n|-enditem|p2a: Kyurem|Loaded Dice|[from] move: Knock Off|[of] p1a: Meowscarada\n|move|p2a: Kyurem|Dragon Dance|p2a: Kyurem\n|-boost|p2a: Kyurem|atk|1\n|-boost|p2a: Kyurem|spe|1\n|\n|upkeep\n|turn|3\n|\n|t:|1699385809\n|move|p2a: Kyurem|Scale Shot|p1a: Meowscarada\n|-damage|p1a: Meowscarada|0 fnt\n|faint|p1a: Meowscarada\n|-hitcount|p1: Meowscarada|1\n|-unboost|p2a: Kyurem|def|1\n|-boost|p2a: Kyurem|spe|1\n|\n|upkeep\n|\n|t:|1699385824\n|switch|p1a: Ninetales|Ninetales-Alola, M|100\/100\n|-weather|Snow|[from] ability: Snow Warning|[of] p1a: Ninetales\n|turn|4\n|\n|t:|1699385828\n|-terastallize|p2a: Kyurem|Water\n|move|p2a: Kyurem|Fusion Bolt|p1a: Ninetales\n|-damage|p1a: Ninetales|42\/100\n|move|p1a: Ninetales|Aurora Veil|p1a: Ninetales\n|-sidestart|p1: VerduOsane|move: Aurora Veil\n|\n|-weather|Snow|[upkeep]\n|upkeep\n|turn|5\n|\n|t:|1699385838\n|move|p2a: Kyurem|Fusion Bolt|p1a: Ninetales\n|-damage|p1a: Ninetales|12\/100\n|move|p1a: Ninetales|Foul Play|p2a: Kyurem\n|-damage|p2a: Kyurem|0 fnt\n|faint|p2a: Kyurem\n|\n|-weather|Snow|[upkeep]\n|upkeep\n|\n|t:|1699385847\n|switch|p2a: Rillaboom|Rillaboom, F|100\/100\n|-fieldstart|move: Grassy Terrain|[from] ability: Grassy Surge|[of] p2a: Rillaboom\n|turn|6\n|\n|t:|1699385860\n|switch|p1a: Iron Moth|Iron Moth|100\/100\n|-enditem|p1a: Iron Moth|Booster Energy\n|-activate|p1a: Iron Moth|ability: Quark Drive|[fromitem]\n|-start|p1a: Iron Moth|quarkdrivespe\n|move|p2a: Rillaboom|Grassy Glide|p1a: Iron Moth\n|-resisted|p1a: Iron Moth\n|-damage|p1a: Iron Moth|93\/100\n|-damage|p2a: Rillaboom|91\/100|[from] item: Life Orb\n|\n|-weather|Snow|[upkeep]\n|-heal|p1a: Iron Moth|99\/100|[from] Grassy Terrain\n|-heal|p2a: Rillaboom|97\/100|[from] Grassy Terrain\n|upkeep\n|turn|7\n|\n|t:|1699385872\n|switch|p2a: Aggron|Aggron, M|100\/100\n|move|p1a: Iron Moth|Fiery Dance|p2a: Aggron\n|-damage|p2a: Aggron|64\/100\n|-boost|p1a: Iron Moth|spa|1\n|\n|-weather|Snow|[upkeep]\n|-heal|p1a: Iron Moth|100\/100|[from] Grassy Terrain\n|-heal|p2a: Aggron|70\/100|[from] Grassy Terrain\n|upkeep\n|turn|8\n|\n|t:|1699385887\n|move|p1a: Iron Moth|Fiery Dance|p2a: Aggron\n|-damage|p2a: Aggron|14\/100\n|-boost|p1a: Iron Moth|spa|1\n|move|p2a: Aggron|Metal Burst|p1a: Iron Moth\n|-damage|p1a: Iron Moth|6\/100\n|\n|-weather|none\n|-heal|p1a: Iron Moth|12\/100|[from] Grassy Terrain\n|-heal|p2a: Aggron|21\/100|[from] Grassy Terrain\n|upkeep\n|turn|9\n|\n|t:|1699385901\n|detailschange|p2a: Aggron|Aggron-Mega, M\n|-mega|p2a: Aggron|Aggron|Aggronite\n|move|p1a: Iron Moth|Fiery Dance|p2a: Aggron\n|-supereffective|p2a: Aggron\n|-damage|p2a: Aggron|0 fnt\n|-boost|p1a: Iron Moth|spa|1\n|faint|p2a: Aggron\n|\n|-heal|p1a: Iron Moth|18\/100|[from] Grassy Terrain\n|upkeep\n|\n|t:|1699385914\n|switch|p2a: Rillaboom|Rillaboom, F|97\/100\n|turn|10\n|\n|t:|1699385919\n|move|p2a: Rillaboom|Grassy Glide|p1a: Iron Moth\n|-resisted|p1a: Iron Moth\n|-damage|p1a: Iron Moth|9\/100\n|-damage|p2a: Rillaboom|87\/100|[from] item: Life Orb\n|move|p1a: Iron Moth|Sludge Wave|p2a: Rillaboom\n|-supereffective|p2a: Rillaboom\n|-damage|p2a: Rillaboom|0 fnt\n|faint|p2a: Rillaboom\n|\n|-heal|p1a: Iron Moth|15\/100|[from] Grassy Terrain\n|-fieldend|move: Grassy Terrain\n|upkeep\n|\n|t:|1699385924\n|switch|p2a: Pyukumuku|Pyukumuku, F|100\/100\n|turn|11\n|\n|t:|1699385937\n|move|p1a: Iron Moth|Energy Ball|p2a: Pyukumuku\n|-supereffective|p2a: Pyukumuku\n|-damage|p2a: Pyukumuku|62\/100\n|move|p2a: Pyukumuku|Mirror Coat|p1a: Iron Moth\n|-damage|p1a: Iron Moth|0 fnt\n|faint|p1a: Iron Moth\n|-end|p1a: Iron Moth|Quark Drive|[silent]\n|\n|-heal|p2a: Pyukumuku|68\/100|[from] item: Leftovers\n|-sideend|p1: VerduOsane|move: Aurora Veil\n|upkeep\n|\n|t:|1699385943\n|switch|p1a: Gliscor|Gliscor, F|100\/100\n|turn|12\n|\n|t:|1699385955\n|move|p1a: Gliscor|Toxic|p2a: Pyukumuku\n|-status|p2a: Pyukumuku|tox\n|move|p2a: Pyukumuku|Taunt|p1a: Gliscor\n|-start|p1a: Gliscor|move: Taunt\n|\n|-heal|p2a: Pyukumuku|74\/100 tox|[from] item: Leftovers\n|-damage|p2a: Pyukumuku|68\/100 tox|[from] psn\n|-status|p1a: Gliscor|tox|[from] item: Toxic Orb\n|upkeep\n|turn|13\n|\n|t:|1699385972\n|move|p1a: Gliscor|Earthquake|p2a: Pyukumuku\n|-damage|p2a: Pyukumuku|41\/100 tox\n|move|p2a: Pyukumuku|Soak|p1a: Gliscor\n|-start|p1a: Gliscor|typechange|Water\n|\n|-heal|p2a: Pyukumuku|47\/100 tox|[from] item: Leftovers\n|-damage|p2a: Pyukumuku|35\/100 tox|[from] psn\n|upkeep\n|turn|14\n|\n|t:|1699385984\n|move|p1a: Gliscor|Earthquake|p2a: Pyukumuku\n|-crit|p2a: Pyukumuku\n|-damage|p2a: Pyukumuku|4\/100 tox\n|move|p2a: Pyukumuku|Counter|p1a: Gliscor\n|-damage|p1a: Gliscor|46\/100 tox\n|\n|-heal|p2a: Pyukumuku|10\/100 tox|[from] item: Leftovers\n|-heal|p1a: Gliscor|59\/100 tox|[from] ability: Poison Heal\n|-damage|p2a: Pyukumuku|0 fnt|[from] psn\n|faint|p2a: Pyukumuku\n|upkeep\n|\n|t:|1699385990\n|switch|p2a: Tapu Lele|Tapu Lele|100\/100\n|-fieldstart|move: Psychic Terrain|[from] ability: Psychic Surge|[of] p2a: Tapu Lele\n|turn|15\n|\n|t:|1699386001\n|move|p2a: Tapu Lele|Psychic|p1a: Gliscor\n|-damage|p1a: Gliscor|0 fnt\n|faint|p1a: Gliscor\n|\n|upkeep\n|\n|t:|1699386006\n|switch|p1a: Ninetales|Ninetales-Alola, M|12\/100\n|-weather|Snow|[from] ability: Snow Warning|[of] p1a: Ninetales\n|turn|16\n|\n|t:|1699386012\n|move|p2a: Tapu Lele|Psychic|p1a: Ninetales\n|-damage|p1a: Ninetales|0 fnt\n|faint|p1a: Ninetales\n|\n|-weather|Snow|[upkeep]\n|upkeep\n|\n|t:|1699386022\n|switch|p1a: Hoopa|Hoopa|100\/100\n|turn|17\n|\n|t:|1699386026\n|-terastallize|p1a: Hoopa|Dark\n|move|p2a: Tapu Lele|Psychic|p1a: Hoopa\n|-immune|p1a: Hoopa\n|move|p1a: Hoopa|Calm Mind|p1a: Hoopa\n|-boost|p1a: Hoopa|spa|1\n|-boost|p1a: Hoopa|spd|1\n|\n|-weather|Snow|[upkeep]\n|upkeep\n|turn|18\n|-message|TheThanatos forfeited.\n|\n|win|VerduOsane\n|raw|VerduOsane's rating: 1265 &rarr; <strong>1296<\/strong><br \/>(+31 for winning)\n|raw|TheThanatos's rating: 1349 &rarr; <strong>1324<\/strong><br \/>(-25 for losing)\n|l|\u2606TheThanatos\n","uploadtime":1699386038,"views":10,"p1id":"verduosane","p2id":"thethanatos","formatid":"gen9nationaldexubers","rating":1296,"private":0,"password":""}