{"id":"gen9nationaldexubers-1979291764","p1":"cocakk","p2":"Go Birds EAGLES","format":"[Gen 9] National Dex Ubers","log":"|j|\u2606cocakk\n|j|\u2606Go Birds EAGLES\n|t:|1698667312\n|gametype|singles\n|player|p1|cocakk|iris-gen5bw2|1473\n|player|p2|Go Birds EAGLES|hanbei-conquest|1363\n|teamsize|p1|6\n|teamsize|p2|6\n|gen|9\n|tier|[Gen 9] National Dex Ubers\n|rated|\n|rule|HP Percentage Mod: HP is shown in percentages\n|rule|Endless Battle Clause: Forcing endless battles is banned\n|rule|OHKO Clause: OHKO moves are banned\n|rule|Evasion Moves Clause: Evasion moves are banned\n|rule|Evasion Items Clause: Evasion items are banned\n|rule|Species Clause: Limit one of each Pok\u00e9mon\n|rule|Sleep Clause Mod: Limit one foe put to sleep\n|rule|Mega Rayquaza Clause: You cannot mega evolve Rayquaza\n|clearpoke\n|poke|p1|Kingambit, M|\n|poke|p1|Zacian-*|\n|poke|p1|Xerneas-*|\n|poke|p1|Deoxys-Speed|\n|poke|p1|Ditto|\n|poke|p1|Landorus-Therian, M|\n|poke|p2|Groudon|\n|poke|p2|Marshadow|\n|poke|p2|Necrozma-Dusk-Mane|\n|poke|p2|Deoxys-Speed|\n|poke|p2|Yveltal|\n|poke|p2|Xerneas-*|\n|teampreview\n|inactive|Battle timer is ON: inactive players will automatically lose when time's up. (requested by Go Birds EAGLES)\n|inactive|cocakk also wants the timer to be on.\n|\n|t:|1698667323\n|start\n|switch|p1a: Ditto|Ditto|100\/100\n|switch|p2a: CRUSHER!|Deoxys-Speed|100\/100\n|-ability|p2a: CRUSHER!|Pressure\n|-transform|p1a: Ditto|p2a: CRUSHER!|[from] ability: Imposter\n|-ability|p1a: Ditto|Pressure\n|turn|1\n|\n|t:|1698667332\n|move|p1a: Ditto|Taunt|p2a: CRUSHER!\n|-start|p2a: CRUSHER!|move: Taunt\n|cant|p2a: CRUSHER!|move: Taunt|Taunt\n|\n|upkeep\n|turn|2\n|\n|t:|1698667341\n|switch|p1a: Zacian|Zacian-Crowned|100\/100\n|-ability|p1a: Zacian|Intrepid Sword|boost\n|-boost|p1a: Zacian|atk|1\n|switch|p2a: 10 Calories|Xerneas|100\/100\n|-ability|p2a: 10 Calories|Fairy Aura\n|\n|upkeep\n|turn|3\n|\n|t:|1698667346\n|move|p2a: 10 Calories|Moonblast|p1a: Zacian\n|-resisted|p1a: Zacian\n|-damage|p1a: Zacian|71\/100\n|move|p1a: Zacian|Swords Dance|p1a: Zacian\n|-boost|p1a: Zacian|atk|2\n|\n|upkeep\n|turn|4\n|\n|t:|1698667355\n|move|p2a: 10 Calories|Moonblast|p1a: Zacian\n|-resisted|p1a: Zacian\n|-damage|p1a: Zacian|43\/100\n|move|p1a: Zacian|Behemoth Blade|p2a: 10 Calories\n|-supereffective|p2a: 10 Calories\n|-damage|p2a: 10 Calories|0 fnt\n|faint|p2a: 10 Calories\n|\n|upkeep\n|\n|t:|1698667367\n|switch|p2a: CRUSHER!|Deoxys-Speed|100\/100\n|-ability|p2a: CRUSHER!|Pressure\n|turn|5\n|\n|t:|1698667373\n|move|p2a: CRUSHER!|Stealth Rock|p1a: Zacian\n|-sidestart|p1: cocakk|move: Stealth Rock\n|move|p1a: Zacian|Behemoth Blade|p2a: CRUSHER!\n|-enditem|p2a: CRUSHER!|Focus Sash\n|-damage|p2a: CRUSHER!|1\/100\n|\n|upkeep\n|turn|6\n|\n|t:|1698667375\n|move|p2a: CRUSHER!|Psychic|p1a: Zacian\n|-resisted|p1a: Zacian\n|-damage|p1a: Zacian|30\/100\n|move|p1a: Zacian|Behemoth Blade|p2a: CRUSHER!\n|-damage|p2a: CRUSHER!|0 fnt\n|faint|p2a: CRUSHER!\n|\n|upkeep\n|j| hbgzd\u5408\u91d1\u5341\u5b57\n|\n|t:|1698667384\n|switch|p2a: Logan Paul|Marshadow|100\/100\n|turn|7\n|l| hbgzd\u5408\u91d1\u5341\u5b57\n|\n|t:|1698667391\n|move|p2a: Logan Paul|Shadow Sneak|p1a: Zacian\n|-damage|p1a: Zacian|0 fnt\n|faint|p1a: Zacian\n|\n|upkeep\n|\n|t:|1698667398\n|switch|p1a: Ditto|Ditto|100\/100\n|-damage|p1a: Ditto|88\/100|[from] Stealth Rock\n|-transform|p1a: Ditto|p2a: Logan Paul|[from] ability: Imposter\n|turn|8\n|\n|t:|1698667408\n|switch|p2a: Sneaky Surprise|Yveltal|100\/100\n|-ability|p2a: Sneaky Surprise|Dark Aura\n|move|p1a: Ditto|Close Combat|p2a: Sneaky Surprise\n|-damage|p2a: Sneaky Surprise|40\/100\n|-unboost|p1a: Ditto|def|1\n|-unboost|p1a: Ditto|spd|1\n|\n|upkeep\n|turn|9\n|\n|t:|1698667416\n|switch|p1a: Landorus|Landorus-Therian, M|100\/100\n|-damage|p1a: Landorus|88\/100|[from] Stealth Rock\n|-ability|p1a: Landorus|Intimidate|boost\n|-unboost|p2a: Sneaky Surprise|atk|1\n|move|p2a: Sneaky Surprise|Oblivion Wing|p1a: Landorus\n|-damage|p1a: Landorus|20\/100\n|-heal|p2a: Sneaky Surprise|90\/100|[from] drain|[of] p1a: Landorus\n|-damage|p2a: Sneaky Surprise|80\/100|[from] item: Life Orb\n|\n|-heal|p1a: Landorus|26\/100|[from] item: Leftovers\n|upkeep\n|turn|10\n|\n|t:|1698667422\n|move|p2a: Sneaky Surprise|Oblivion Wing|p1a: Landorus\n|-damage|p1a: Landorus|0 fnt\n|-heal|p2a: Sneaky Surprise|98\/100|[from] drain|[of] p1a: Landorus\n|faint|p1a: Landorus\n|-damage|p2a: Sneaky Surprise|89\/100|[from] item: Life Orb\n|\n|upkeep\n|\n|t:|1698667425\n|switch|p1a: Xerneas|Xerneas|100\/100\n|-damage|p1a: Xerneas|88\/100|[from] Stealth Rock\n|-ability|p1a: Xerneas|Fairy Aura\n|turn|11\n|\n|t:|1698667429\n|switch|p2a: SPACE DARGON|Necrozma-Dusk-Mane|100\/100\n|move|p1a: Xerneas|Geomancy||[still]\n|-prepare|p1a: Xerneas|Geomancy\n|-enditem|p1a: Xerneas|Power Herb\n|-anim|p1a: Xerneas|Geomancy|p1a: Xerneas\n|-boost|p1a: Xerneas|spa|2\n|-boost|p1a: Xerneas|spd|2\n|-boost|p1a: Xerneas|spe|2\n|\n|upkeep\n|turn|12\n|\n|t:|1698667435\n|-terastallize|p1a: Xerneas|Electric\n|move|p1a: Xerneas|Thunderbolt|p2a: SPACE DARGON\n|-damage|p2a: SPACE DARGON|7\/100\n|move|p2a: SPACE DARGON|Sunsteel Strike|p1a: Xerneas\n|-resisted|p1a: Xerneas\n|-damage|p1a: Xerneas|62\/100\n|\n|upkeep\n|turn|13\n|\n|t:|1698667441\n|move|p1a: Xerneas|Thunderbolt|p2a: SPACE DARGON\n|-damage|p2a: SPACE DARGON|0 fnt\n|faint|p2a: SPACE DARGON\n|\n|upkeep\n|\n|t:|1698667443\n|switch|p2a: Big Red Fred|Groudon|100\/100\n|detailschange|p2a: Big Red Fred|Groudon-Primal\n|-primal|p2a: Big Red Fred|Red Orb\n|-weather|DesolateLand|[from] ability: Desolate Land|[of] p2a: Big Red Fred\n|turn|14\n|\n|t:|1698667446\n|move|p1a: Xerneas|Focus Blast|p2a: Big Red Fred|[miss]\n|-miss|p1a: Xerneas|p2a: Big Red Fred\n|move|p2a: Big Red Fred|Precipice Blades|p1a: Xerneas\n|-supereffective|p1a: Xerneas\n|-damage|p1a: Xerneas|0 fnt\n|faint|p1a: Xerneas\n|\n|-weather|DesolateLand|[upkeep]\n|upkeep\n|\n|t:|1698667450\n|switch|p1a: Ditto|Ditto|88\/100\n|-damage|p1a: Ditto|76\/100|[from] Stealth Rock\n|-transform|p1a: Ditto|p2a: Big Red Fred|[from] ability: Imposter\n|turn|15\n|\n|t:|1698667454\n|move|p1a: Ditto|Stone Edge|p2a: Big Red Fred\n|-damage|p2a: Big Red Fred|71\/100\n|move|p2a: Big Red Fred|Precipice Blades|p1a: Ditto\n|-supereffective|p1a: Ditto\n|-damage|p1a: Ditto|0 fnt\n|faint|p1a: Ditto\n|\n|-weather|DesolateLand|[upkeep]\n|upkeep\n|\n|t:|1698667458\n|switch|p1a: Kingambit|Kingambit, M|100\/100\n|-damage|p1a: Kingambit|94\/100|[from] Stealth Rock\n|-activate|p1a: Kingambit|ability: Supreme Overlord\n|-start|p1a: Kingambit|fallen4|[silent]\n|turn|16\n|\n|t:|1698667463\n|move|p2a: Big Red Fred|Precipice Blades|p1a: Kingambit\n|-supereffective|p1a: Kingambit\n|-damage|p1a: Kingambit|0 fnt\n|faint|p1a: Kingambit\n|-end|p1a: Kingambit|fallen4|[silent]\n|\n|-weather|DesolateLand|[upkeep]\n|upkeep\n|-message|cocakk forfeited.\n|\n|win|Go Birds EAGLES\n|raw|cocakk's rating: 1473 &rarr; <strong>1447<\/strong><br \/>(-26 for losing)\n|raw|Go Birds EAGLES's rating: 1363 &rarr; <strong>1389<\/strong><br \/>(+26 for winning)\n|l|\u2606cocakk\n","uploadtime":1698667496,"views":14,"p1id":"cocakk","p2id":"gobirdseagles","formatid":"gen9nationaldexubers","rating":1389,"private":0,"password":""}