{"id":"gen9nationaldexubers-1999649577","p1":"hightopfade69","p2":"Figid","format":"[Gen 9] National Dex Ubers","log":"|j|\u203dhightopfade69\n|j|\u2606Figid\n|t:|1701104520\n|gametype|singles\n|player|p1|hightopfade69|1|1224\n|player|p2|Figid|170|1242\n|teamsize|p1|6\n|teamsize|p2|6\n|gen|9\n|tier|[Gen 9] National Dex Ubers\n|rated|\n|rule|HP Percentage Mod: HP is shown in percentages\n|rule|Endless Battle Clause: Forcing endless battles is banned\n|rule|OHKO Clause: OHKO moves are banned\n|rule|Evasion Moves Clause: Evasion moves are banned\n|rule|Evasion Items Clause: Evasion items are banned\n|rule|Species Clause: Limit one of each Pok\u00e9mon\n|rule|Sleep Clause Mod: Limit one foe put to sleep\n|rule|Mega Rayquaza Clause: You cannot mega evolve Rayquaza\n|clearpoke\n|poke|p1|Palafin, M|\n|poke|p1|Mewtwo|\n|poke|p1|Annihilape, M|\n|poke|p1|Gholdengo|\n|poke|p1|Ninetales-Alola, F|\n|poke|p1|Kyurem-Black|\n|poke|p2|Mewtwo|\n|poke|p2|Grimmsnarl, M|\n|poke|p2|Blaziken, M|\n|poke|p2|Gliscor, F|\n|poke|p2|Great Tusk|\n|poke|p2|Volcarona, M|\n|teampreview\n|\n|t:|1701104526\n|start\n|switch|p1a: Ninetales|Ninetales-Alola, F|100\/100\n|switch|p2a: Grimmsnarl|Grimmsnarl, M|100\/100\n|-weather|Snow|[from] ability: Snow Warning|[of] p1a: Ninetales\n|turn|1\n|\n|t:|1701104536\n|move|p2a: Grimmsnarl|Taunt|p1a: Ninetales\n|-start|p1a: Ninetales|move: Taunt\n|cant|p1a: Ninetales|move: Taunt|Aurora Veil\n|\n|-weather|Snow|[upkeep]\n|upkeep\n|turn|2\n|\n|t:|1701104551\n|move|p2a: Grimmsnarl|Light Screen|p2a: Grimmsnarl\n|-sidestart|p2: Figid|move: Light Screen\n|move|p1a: Ninetales|Moonblast|p2a: Grimmsnarl\n|-supereffective|p2a: Grimmsnarl\n|-damage|p2a: Grimmsnarl|71\/100\n|-unboost|p2a: Grimmsnarl|spa|1\n|\n|-weather|Snow|[upkeep]\n|upkeep\n|turn|3\n|\n|t:|1701104560\n|move|p2a: Grimmsnarl|Parting Shot|p1a: Ninetales\n|-unboost|p1a: Ninetales|atk|1\n|-unboost|p1a: Ninetales|spa|1\n|\n|t:|1701104565\n|switch|p2a: Gliscor|Gliscor, F|100\/100|[from] Parting Shot\n|move|p1a: Ninetales|Moonblast|p2a: Gliscor\n|-damage|p2a: Gliscor|86\/100\n|\n|-weather|Snow|[upkeep]\n|-end|p1a: Ninetales|move: Taunt\n|-status|p2a: Gliscor|tox|[from] item: Toxic Orb\n|upkeep\n|turn|4\n|\n|t:|1701104596\n|move|p1a: Ninetales|Blizzard|p2a: Gliscor\n|-supereffective|p2a: Gliscor\n|-damage|p2a: Gliscor|23\/100 tox\n|move|p2a: Gliscor|Toxic|p1a: Ninetales\n|-status|p1a: Ninetales|tox\n|\n|-weather|Snow|[upkeep]\n|-damage|p1a: Ninetales|95\/100 tox|[from] psn\n|-heal|p2a: Gliscor|36\/100 tox|[from] ability: Poison Heal\n|upkeep\n|turn|5\n|\n|t:|1701104613\n|switch|p2a: Blaziken|Blaziken, M|100\/100\n|move|p1a: Ninetales|Aurora Veil|p1a: Ninetales\n|-sidestart|p1: hightopfade69|move: Aurora Veil\n|\n|-weather|none\n|-damage|p1a: Ninetales|83\/100 tox|[from] psn\n|upkeep\n|turn|6\n|\n|t:|1701104628\n|switch|p1a: Palafin|Palafin, M|100\/100\n|move|p2a: Blaziken|Swords Dance|p2a: Blaziken\n|-boost|p2a: Blaziken|atk|2\n|\n|-ability|p2a: Blaziken|Speed Boost|boost\n|-boost|p2a: Blaziken|spe|1\n|upkeep\n|turn|7\n|inactive|Battle timer is ON: inactive players will automatically lose when time's up. (requested by hightopfade69)\n|inactive|Figid has 120 seconds left.\n|inactive|Figid has 90 seconds left.\n|inactive|Figid has 60 seconds left.\n|\n|t:|1701104791\n|move|p2a: Blaziken|Protect|p2a: Blaziken\n|-singleturn|p2a: Blaziken|Protect\n|move|p1a: Palafin|Bulk Up|p1a: Palafin\n|-boost|p1a: Palafin|atk|1\n|-boost|p1a: Palafin|def|1\n|\n|-ability|p2a: Blaziken|Speed Boost|boost\n|-boost|p2a: Blaziken|spe|1\n|upkeep\n|turn|8\n|inactive|Figid has 120 seconds left.\n|inactive|Figid has 90 seconds left.\n|\n|t:|1701104835\n|move|p1a: Palafin|Jet Punch|p2a: Blaziken\n|-supereffective|p2a: Blaziken\n|-damage|p2a: Blaziken|3\/100\n|move|p2a: Blaziken|Swords Dance|p2a: Blaziken\n|-boost|p2a: Blaziken|atk|2\n|\n|-ability|p2a: Blaziken|Speed Boost|boost\n|-boost|p2a: Blaziken|spe|1\n|upkeep\n|turn|9\n|inactive|Figid has 90 seconds left.\n|\n|t:|1701104844\n|move|p2a: Blaziken|Protect|p2a: Blaziken\n|-singleturn|p2a: Blaziken|Protect\n|move|p1a: Palafin|Jet Punch|p2a: Blaziken\n|-activate|p2a: Blaziken|move: Protect\n|\n|-sideend|p2: Figid|move: Light Screen\n|-ability|p2a: Blaziken|Speed Boost|boost\n|-boost|p2a: Blaziken|spe|1\n|upkeep\n|turn|10\n|\n|t:|1701104852\n|move|p1a: Palafin|Jet Punch|p2a: Blaziken\n|-supereffective|p2a: Blaziken\n|-damage|p2a: Blaziken|0 fnt\n|faint|p2a: Blaziken\n|\n|upkeep\n|\n|t:|1701104859\n|switch|p2a: Grimmsnarl|Grimmsnarl, M|71\/100\n|turn|11\n|\n|t:|1701104864\n|move|p2a: Grimmsnarl|Reflect|p2a: Grimmsnarl\n|-sidestart|p2: Figid|Reflect\n|move|p1a: Palafin|Bulk Up|p1a: Palafin\n|-boost|p1a: Palafin|atk|1\n|-boost|p1a: Palafin|def|1\n|\n|upkeep\n|turn|12\n|\n|t:|1701104873\n|move|p2a: Grimmsnarl|Parting Shot|p1a: Palafin\n|-unboost|p1a: Palafin|atk|1\n|-unboost|p1a: Palafin|spa|1\n|\n|t:|1701104878\n|switch|p2a: Mewtwo|Mewtwo|100\/100|[from] Parting Shot\n|-ability|p2a: Mewtwo|Pressure\n|move|p1a: Palafin|Wave Crash|p2a: Mewtwo\n|-damage|p2a: Mewtwo|67\/100\n|-damage|p1a: Palafin|91\/100|[from] Recoil\n|\n|-sideend|p1: hightopfade69|move: Aurora Veil\n|upkeep\n|turn|13\n|\n|t:|1701104892\n|detailschange|p2a: Mewtwo|Mewtwo-Mega-X\n|-mega|p2a: Mewtwo|Mewtwo|Mewtwonite X\n|move|p1a: Palafin|Jet Punch|p2a: Mewtwo\n|-damage|p2a: Mewtwo|52\/100\n|move|p2a: Mewtwo|Bulk Up|p2a: Mewtwo\n|-boost|p2a: Mewtwo|atk|1\n|-boost|p2a: Mewtwo|def|1\n|\n|upkeep\n|turn|14\n|\n|t:|1701104901\n|move|p2a: Mewtwo|Bulk Up|p2a: Mewtwo\n|-boost|p2a: Mewtwo|atk|1\n|-boost|p2a: Mewtwo|def|1\n|move|p1a: Palafin|Bulk Up|p1a: Palafin\n|-boost|p1a: Palafin|atk|1\n|-boost|p1a: Palafin|def|1\n|\n|upkeep\n|turn|15\n|inactive|Figid has 120 seconds left.\n|\n|t:|1701104909\n|move|p2a: Mewtwo|Bulk Up|p2a: Mewtwo\n|-boost|p2a: Mewtwo|atk|1\n|-boost|p2a: Mewtwo|def|1\n|move|p1a: Palafin|Bulk Up|p1a: Palafin\n|-boost|p1a: Palafin|atk|1\n|-boost|p1a: Palafin|def|1\n|\n|upkeep\n|turn|16\n|\n|t:|1701104918\n|move|p2a: Mewtwo|Trailblaze|p1a: Palafin\n|-supereffective|p1a: Palafin\n|-damage|p1a: Palafin|44\/100\n|-boost|p2a: Mewtwo|spe|1\n|-enditem|p1a: Palafin|Eject Button\n|\n|t:|1701104932\n|detailschange|p1a: Palafin|Palafin-Hero, M\n|switch|p1a: Gholdengo|Gholdengo|100\/100\n|\n|upkeep\n|turn|17\n|\n|t:|1701104938\n|move|p2a: Mewtwo|Zen Headbutt|p1a: Gholdengo\n|-resisted|p1a: Gholdengo\n|-damage|p1a: Gholdengo|38\/100\n|move|p1a: Gholdengo|Thunder Wave|p2a: Mewtwo\n|-status|p2a: Mewtwo|par\n|\n|-heal|p1a: Gholdengo|44\/100|[from] item: Leftovers\n|upkeep\n|turn|18\n|\n|t:|1701104948\n|move|p2a: Mewtwo|Trailblaze|p1a: Gholdengo\n|-resisted|p1a: Gholdengo\n|-damage|p1a: Gholdengo|19\/100\n|-boost|p2a: Mewtwo|spe|1\n|move|p1a: Gholdengo|Hex|p2a: Mewtwo\n|-supereffective|p2a: Mewtwo\n|-damage|p2a: Mewtwo|0 fnt\n|faint|p2a: Mewtwo\n|\n|-heal|p1a: Gholdengo|25\/100|[from] item: Leftovers\n|-sideend|p2: Figid|Reflect\n|upkeep\n|-message|Figid forfeited.\n|\n|win|hightopfade69\n|raw|hightopfade69's rating: 1224 &rarr; <strong>1250<\/strong><br \/>(+26 for winning)\n|raw|Figid's rating: 1242 &rarr; <strong>1216<\/strong><br \/>(-26 for losing)\n|l|\u2606Figid\n","uploadtime":1701104964,"views":1,"p1id":"hightopfade69","p2id":"figid","formatid":"gen9nationaldexubers","rating":1216,"private":0,"password":""}