{"id":"gen9nationaldexubers-1981915663","p1":"Alilulu","p2":"Dashu16","format":"[Gen 9] National Dex Ubers","log":"|j|\u2606Alilulu\n|j|\u203dDashu16\n|t:|1698951389\n|gametype|singles\n|player|p1|Alilulu|valerie|1160\n|player|p2|Dashu16|red|1222\n|teamsize|p1|6\n|teamsize|p2|6\n|gen|9\n|tier|[Gen 9] National Dex Ubers\n|rated|\n|rule|HP Percentage Mod: HP is shown in percentages\n|rule|Endless Battle Clause: Forcing endless battles is banned\n|rule|OHKO Clause: OHKO moves are banned\n|rule|Evasion Moves Clause: Evasion moves are banned\n|rule|Evasion Items Clause: Evasion items are banned\n|rule|Species Clause: Limit one of each Pok\u00e9mon\n|rule|Sleep Clause Mod: Limit one foe put to sleep\n|rule|Mega Rayquaza Clause: You cannot mega evolve Rayquaza\n|clearpoke\n|poke|p1|Marshadow|\n|poke|p1|Forretress, M|\n|poke|p1|Zacian-*|\n|poke|p1|Ditto|\n|poke|p1|Deoxys-Attack|\n|poke|p1|Chi-Yu|\n|poke|p2|Xerneas-*|\n|poke|p2|Zygarde|\n|poke|p2|Arceus-Ground|\n|poke|p2|Necrozma-Dusk-Mane|\n|poke|p2|Ditto|\n|poke|p2|Marshadow|\n|teampreview\n|inactive|Battle timer is ON: inactive players will automatically lose when time's up. (requested by Alilulu)\n|\n|t:|1698951396\n|start\n|switch|p1a: Forretress|Forretress, M|100\/100\n|switch|p2a: Xerneas|Xerneas, shiny|100\/100\n|-ability|p2a: Xerneas|Fairy Aura\n|turn|1\n|\n|t:|1698951403\n|-terastallize|p2a: Xerneas|Electric\n|move|p2a: Xerneas|Geomancy||[still]\n|-prepare|p2a: Xerneas|Geomancy\n|-enditem|p2a: Xerneas|Power Herb\n|-anim|p2a: Xerneas|Geomancy|p2a: Xerneas\n|-boost|p2a: Xerneas|spa|2\n|-boost|p2a: Xerneas|spd|2\n|-boost|p2a: Xerneas|spe|2\n|move|p1a: Forretress|Stealth Rock|p2a: Xerneas\n|-sidestart|p2: Dashu16|move: Stealth Rock\n|\n|upkeep\n|turn|2\n|\n|t:|1698951412\n|move|p2a: Xerneas|Moonblast|p1a: Forretress\n|-resisted|p1a: Forretress\n|-ability|p1a: Forretress|Sturdy\n|-damage|p1a: Forretress|1\/100\n|move|p1a: Forretress|Rapid Spin|p2a: Xerneas\n|-damage|p2a: Xerneas|87\/100\n|-boost|p1a: Forretress|spe|1\n|\n|upkeep\n|turn|3\n|-enditem|p1a: Forretress|Custap Berry|[eat]\n|-activate|p1a: Forretress|item: Custap Berry|[consumed]\n|\n|t:|1698951420\n|move|p1a: Forretress|Explosion|p2a: Xerneas\n|-damage|p2a: Xerneas|24\/100\n|faint|p1a: Forretress\n|move|p2a: Xerneas|Moonblast|p1: Forretress|[notarget]\n|-fail|p2a: Xerneas\n|\n|upkeep\n|\n|t:|1698951431\n|switch|p1a: Ditto|Ditto|100\/100\n|-transform|p1a: Ditto|p2a: Xerneas|[from] ability: Imposter\n|-ability|p1a: Ditto|Fairy Aura\n|-start|p1a: Ditto|typechange|Fairy|[silent]\n|turn|4\n|\n|t:|1698951438\n|move|p1a: Ditto|Moonblast|p2a: Xerneas\n|-damage|p2a: Xerneas|0 fnt\n|faint|p2a: Xerneas\n|\n|upkeep\n|\n|t:|1698951444\n|switch|p2a: Ditto|Ditto, shiny|100\/100\n|-damage|p2a: Ditto|88\/100|[from] Stealth Rock\n|turn|5\n|\n|t:|1698951448\n|move|p1a: Ditto|Moonblast|p2a: Ditto\n|-damage|p2a: Ditto|0 fnt\n|faint|p2a: Ditto\n|\n|upkeep\n|\n|t:|1698951456\n|switch|p2a: Necrozma|Necrozma-Dusk-Mane, shiny|100\/100\n|-damage|p2a: Necrozma|95\/100|[from] Stealth Rock\n|turn|6\n|c|\u2606Alilulu|oh no bro forgot to give it imposter\n|\n|t:|1698951465\n|detailschange|p2a: Necrozma|Necrozma-Ultra, shiny\n|-burst|p2a: Necrozma|Necrozma|Ultranecrozium Z\n|move|p1a: Ditto|Moonblast|p2a: Necrozma\n|-supereffective|p2a: Necrozma\n|-damage|p2a: Necrozma|0 fnt\n|faint|p2a: Necrozma\n|\n|upkeep\n|\n|t:|1698951475\n|switch|p2a: Marshadow|Marshadow|100\/100\n|-damage|p2a: Marshadow|94\/100|[from] Stealth Rock\n|turn|7\n|\n|t:|1698951480\n|move|p1a: Ditto|Moonblast|p2a: Marshadow\n|-supereffective|p2a: Marshadow\n|-damage|p2a: Marshadow|0 fnt\n|faint|p2a: Marshadow\n|\n|upkeep\n|-message|Dashu16 forfeited.\n|\n|win|Alilulu\n|raw|Alilulu's rating: 1160 &rarr; <strong>1189<\/strong><br \/>(+29 for winning)\n|raw|Dashu16's rating: 1222 &rarr; <strong>1193<\/strong><br \/>(-29 for losing)\n|l|\u203dDashu16\n","uploadtime":1698951502,"views":10,"p1id":"alilulu","p2id":"dashu16","formatid":"gen9nationaldexubers","rating":1189,"private":0,"password":""}