{"id":"gen9nationaldexubers-1996045636","p1":"XX_1nfinity_XX","p2":"Just B3A$T","format":"[Gen 9] National Dex Ubers","log":"|j|\u2606XX_1nfinity_XX\n|j|\u2606Just B3A$T\n|t:|1700634710\n|gametype|singles\n|player|p1|XX_1nfinity_XX|steven|\n|player|p2|Just B3A$T|noland|\n|teamsize|p1|6\n|teamsize|p2|6\n|gen|9\n|tier|[Gen 9] National Dex Ubers\n|rule|HP Percentage Mod: HP is shown in percentages\n|rule|Endless Battle Clause: Forcing endless battles is banned\n|rule|OHKO Clause: OHKO moves are banned\n|rule|Evasion Moves Clause: Evasion moves are banned\n|rule|Evasion Items Clause: Evasion items are banned\n|rule|Species Clause: Limit one of each Pok\u00e9mon\n|rule|Sleep Clause Mod: Limit one foe put to sleep\n|rule|Mega Rayquaza Clause: You cannot mega evolve Rayquaza\n|clearpoke\n|poke|p1|Lopunny, F|\n|poke|p1|Ursaluna-Bloodmoon, M|\n|poke|p1|Ambipom, F|\n|poke|p1|Cyclizar, F|\n|poke|p1|Zoroark-Hisui, F|\n|poke|p1|Slowking-Galar, M|\n|poke|p2|Rillaboom, M|\n|poke|p2|Samurott-Hisui, M|\n|poke|p2|Diancie|\n|poke|p2|Gholdengo|\n|poke|p2|Alomomola, F|\n|poke|p2|Moltres|\n|teampreview\n|inactive|Battle timer is ON: inactive players will automatically lose when time's up. (requested by XX_1nfinity_XX)\n|inactive|Just B3A$T also wants the timer to be on.\n|c|\u2606XX_1nfinity_XX|glhf\n|c|\u2606Just B3A$T|u2\n|\n|t:|1700634739\n|start\n|switch|p1a: Ambipom|Ambipom, F|100\/100\n|switch|p2a: FEESH|Alomomola, F, shiny|100\/100\n|turn|1\n|\n|t:|1700634747\n|replace|p1a: Zoroark|Zoroark-Hisui, F\n|-end|p1a: Zoroark|Illusion\n|-zpower|p1a: Zoroark\n|move|p1a: Zoroark|Z-Happy Hour|p1a: Zoroark|[anim]Happy Hour\n|-boost|p1a: Zoroark|atk|1|[zeffect]\n|-boost|p1a: Zoroark|def|1|[zeffect]\n|-boost|p1a: Zoroark|spa|1|[zeffect]\n|-boost|p1a: Zoroark|spd|1|[zeffect]\n|-boost|p1a: Zoroark|spe|1|[zeffect]\n|move|p2a: FEESH|Flip Turn|p1a: Zoroark\n|-damage|p1a: Zoroark|80\/100\n|c|\u2606XX_1nfinity_XX|hehe\n|c|\u2606Just B3A$T|interesting\n|\n|t:|1700634769\n|switch|p2a: budget Ho-oh|Moltres|100\/100|[from] Flip Turn\n|\n|upkeep\n|turn|2\n|\n|t:|1700634773\n|move|p1a: Zoroark|Shadow Ball|p2a: budget Ho-oh\n|-damage|p2a: budget Ho-oh|53\/100\n|-unboost|p2a: budget Ho-oh|spd|1\n|move|p2a: budget Ho-oh|Hurricane|p1a: Zoroark\n|-damage|p1a: Zoroark|15\/100\n|\n|upkeep\n|turn|3\n|\n|t:|1700634780\n|switch|p2a: edge pro max|Samurott-Hisui, M, shiny|100\/100\n|move|p1a: Zoroark|Shadow Ball|p2a: edge pro max\n|-resisted|p2a: edge pro max\n|-damage|p2a: edge pro max|52\/100\n|\n|upkeep\n|turn|4\n|\n|t:|1700634790\n|move|p2a: edge pro max|Sucker Punch|p1a: Zoroark\n|-supereffective|p1a: Zoroark\n|-damage|p1a: Zoroark|0 fnt\n|faint|p1a: Zoroark\n|\n|upkeep\n|\n|t:|1700634795\n|switch|p1a: Ambipom|Ambipom, F|100\/100\n|turn|5\n|\n|t:|1700634801\n|switch|p2a: budget Ho-oh|Moltres|53\/100\n|move|p1a: Ambipom|Fake Out|p2a: budget Ho-oh\n|-damage|p2a: budget Ho-oh|20\/100\n|-status|p1a: Ambipom|brn|[from] ability: Flame Body|[of] p2a: budget Ho-oh\n|-damage|p1a: Ambipom|91\/100 brn|[from] item: Life Orb\n|\n|-damage|p1a: Ambipom|84\/100 brn|[from] brn\n|upkeep\n|turn|6\n|c|\u2606XX_1nfinity_XX|rude\n|c|\u2606Just B3A$T|noe\n|\n|t:|1700634813\n|-terastallize|p1a: Ambipom|Flying\n|move|p1a: Ambipom|Aerial Ace|p2a: budget Ho-oh\n|-damage|p2a: budget Ho-oh|0 fnt\n|faint|p2a: budget Ho-oh\n|-damage|p1a: Ambipom|74\/100 brn|[from] item: Life Orb\n|\n|-damage|p1a: Ambipom|68\/100 brn|[from] brn\n|upkeep\n|\n|t:|1700634819\n|switch|p2a: FEESH|Alomomola, F, shiny|100\/100\n|turn|7\n|c|\u2606XX_1nfinity_XX|anything to get molt out\n|\n|t:|1700634831\n|move|p1a: Ambipom|Power-Up Punch|p2a: FEESH\n|-damage|p2a: FEESH|95\/100\n|-boost|p1a: Ambipom|atk|1\n|-damage|p1a: Ambipom|52\/100 brn|[from] item: Rocky Helmet|[of] p2a: FEESH\n|-damage|p1a: Ambipom|42\/100 brn|[from] item: Life Orb\n|move|p2a: FEESH|Flip Turn|p1a: Ambipom\n|-damage|p1a: Ambipom|19\/100 brn\n|\n|t:|1700634838\n|switch|p2a: MONKE|Rillaboom, M|100\/100|[from] Flip Turn\n|-fieldstart|move: Grassy Terrain|[from] ability: Grassy Surge|[of] p2a: MONKE\n|\n|-damage|p1a: Ambipom|13\/100 brn|[from] brn\n|upkeep\n|turn|8\n|\n|t:|1700634841\n|move|p2a: MONKE|Grassy Glide|p1a: Ambipom\n|-resisted|p1a: Ambipom\n|-damage|p1a: Ambipom|0 fnt\n|faint|p1a: Ambipom\n|-damage|p2a: MONKE|91\/100|[from] item: Life Orb\n|\n|-heal|p2a: MONKE|97\/100|[from] Grassy Terrain\n|upkeep\n|c|\u2606XX_1nfinity_XX|LO?\n|\n|t:|1700634857\n|switch|p1a: Slowking|Slowking-Galar, M|100\/100\n|turn|9\n|c|\u2606XX_1nfinity_XX|no defog\n|\n|t:|1700634864\n|switch|p2a: FEESH|Alomomola, F, shiny|100\/100\n|move|p1a: Slowking|Toxic Spikes|p2a: FEESH\n|-sidestart|p2: Just B3A$T|move: Toxic Spikes\n|\n|upkeep\n|turn|10\n|\n|t:|1700634869\n|move|p2a: FEESH|Flip Turn|p1a: Slowking\n|-damage|p1a: Slowking|84\/100\n|\n|t:|1700634871\n|switch|p2a: Profit!|Gholdengo|100\/100|[from] Flip Turn\n|-item|p2a: Profit!|Air Balloon\n|move|p1a: Slowking|Toxic Spikes|p2a: Profit!\n|-sidestart|p2: Just B3A$T|move: Toxic Spikes\n|\n|-heal|p1a: Slowking|90\/100|[from] Grassy Terrain\n|-heal|p1a: Slowking|96\/100|[from] item: Black Sludge\n|upkeep\n|turn|11\n|\n|t:|1700634875\n|move|p2a: Profit!|Nasty Plot|p2a: Profit!\n|-boost|p2a: Profit!|spa|2\n|move|p1a: Slowking|Chilly Reception|p1a: Slowking\n|-weather|Snow\n|\n|t:|1700634878\n|switch|p1a: Lopunny|Lopunny, F|100\/100|[from] Chilly Reception\n|\n|-weather|Snow|[upkeep]\n|-fieldend|move: Grassy Terrain\n|upkeep\n|turn|12\n|\n|t:|1700634892\n|switch|p2a: FEESH|Alomomola, F, shiny|100\/100\n|-status|p2a: FEESH|tox\n|detailschange|p1a: Lopunny|Lopunny-Mega, F\n|-mega|p1a: Lopunny|Lopunny|Lopunnite\n|move|p1a: Lopunny|Fake Out|p2a: FEESH\n|-damage|p2a: FEESH|89\/100 tox\n|-damage|p1a: Lopunny|84\/100|[from] item: Rocky Helmet|[of] p2a: FEESH\n|\n|-weather|Snow|[upkeep]\n|-damage|p2a: FEESH|83\/100 tox|[from] psn\n|upkeep\n|turn|13\n|\n|t:|1700634896\n|move|p1a: Lopunny|U-turn|p2a: FEESH\n|-damage|p2a: FEESH|70\/100 tox\n|-damage|p1a: Lopunny|67\/100|[from] item: Rocky Helmet|[of] p2a: FEESH\n|\n|t:|1700634899\n|switch|p1a: Cyclizar|Cyclizar, F|100\/100|[from] U-turn\n|move|p2a: FEESH|Scald|p1a: Cyclizar\n|-resisted|p1a: Cyclizar\n|-crit|p1a: Cyclizar\n|-damage|p1a: Cyclizar|88\/100\n|-status|p1a: Cyclizar|brn\n|\n|-weather|Snow|[upkeep]\n|-damage|p2a: FEESH|57\/100 tox|[from] psn\n|-damage|p1a: Cyclizar|82\/100 brn|[from] brn\n|upkeep\n|turn|14\n|\n|t:|1700634903\n|move|p1a: Cyclizar|Draco Meteor|p2a: FEESH|[miss]\n|-miss|p1a: Cyclizar|p2a: FEESH\n|move|p2a: FEESH|Flip Turn|p1a: Cyclizar\n|-resisted|p1a: Cyclizar\n|-damage|p1a: Cyclizar|70\/100 brn\n|\n|t:|1700634910\n|switch|p2a: Stone Ocean|Diancie, shiny|100\/100|[from] Flip Turn\n|-status|p2a: Stone Ocean|tox\n|\n|-weather|Snow|[upkeep]\n|-damage|p2a: Stone Ocean|94\/100 tox|[from] psn\n|-damage|p1a: Cyclizar|63\/100 brn|[from] brn\n|upkeep\n|turn|15\n|\n|t:|1700634915\n|detailschange|p2a: Stone Ocean|Diancie-Mega, shiny\n|-mega|p2a: Stone Ocean|Diancie|Diancite\n|move|p1a: Cyclizar|U-turn|p2a: Stone Ocean\n|-resisted|p2a: Stone Ocean\n|-damage|p2a: Stone Ocean|90\/100 tox\n|\n|t:|1700634918\n|switch|p1a: Slowking|Slowking-Galar, M|100\/100|[from] U-turn\n|move|p2a: Stone Ocean|Moonblast|p1a: Slowking\n|-resisted|p1a: Slowking\n|-damage|p1a: Slowking|82\/100\n|\n|-weather|none\n|-heal|p1a: Slowking|88\/100|[from] item: Black Sludge\n|-damage|p2a: Stone Ocean|77\/100 tox|[from] psn\n|upkeep\n|turn|16\n|\n|t:|1700634923\n|move|p2a: Stone Ocean|Earth Power|p1a: Slowking\n|-supereffective|p1a: Slowking\n|-damage|p1a: Slowking|48\/100\n|-unboost|p1a: Slowking|spd|1\n|move|p1a: Slowking|Chilly Reception|p1a: Slowking\n|-weather|Snow\n|\n|t:|1700634927\n|switch|p1a: Lopunny|Lopunny-Mega, F|67\/100|[from] Chilly Reception\n|\n|-weather|Snow|[upkeep]\n|-damage|p2a: Stone Ocean|59\/100 tox|[from] psn\n|upkeep\n|turn|17\n|\n|t:|1700634933\n|switch|p2a: FEESH|Alomomola, F, shiny|91\/100 tox\n|move|p1a: Lopunny|Close Combat|p2a: FEESH\n|-damage|p2a: FEESH|56\/100 tox\n|-unboost|p1a: Lopunny|def|1\n|-unboost|p1a: Lopunny|spd|1\n|-damage|p1a: Lopunny|51\/100|[from] item: Rocky Helmet|[of] p2a: FEESH\n|\n|-weather|Snow|[upkeep]\n|-damage|p2a: FEESH|50\/100 tox|[from] psn\n|upkeep\n|turn|18\n|\n|t:|1700634939\n|switch|p1a: Cyclizar|Cyclizar, F|97\/100 brn\n|move|p2a: FEESH|Flip Turn|p1a: Cyclizar\n|-resisted|p1a: Cyclizar\n|-damage|p1a: Cyclizar|83\/100 brn\n|\n|t:|1700634943\n|switch|p2a: Stone Ocean|Diancie-Mega, shiny|59\/100 tox|[from] Flip Turn\n|\n|-weather|Snow|[upkeep]\n|-damage|p2a: Stone Ocean|52\/100 tox|[from] psn\n|-damage|p1a: Cyclizar|77\/100 brn|[from] brn\n|upkeep\n|turn|19\n|\n|t:|1700634948\n|move|p1a: Cyclizar|Knock Off|p2a: Stone Ocean\n|-resisted|p2a: Stone Ocean\n|-crit|p2a: Stone Ocean\n|-damage|p2a: Stone Ocean|46\/100 tox\n|move|p2a: Stone Ocean|Diamond Storm|p1a: Cyclizar\n|-damage|p1a: Cyclizar|0 fnt\n|-boost|p2a: Stone Ocean|def|2\n|faint|p1a: Cyclizar\n|\n|-weather|Snow|[upkeep]\n|-damage|p2a: Stone Ocean|34\/100 tox|[from] psn\n|upkeep\n|\n|t:|1700634959\n|switch|p1a: Lopunny|Lopunny-Mega, F|51\/100\n|turn|20\n|\n|t:|1700634962\n|move|p1a: Lopunny|Close Combat|p2a: Stone Ocean\n|-crit|p2a: Stone Ocean\n|-damage|p2a: Stone Ocean|0 fnt\n|-unboost|p1a: Lopunny|def|1\n|-unboost|p1a: Lopunny|spd|1\n|faint|p2a: Stone Ocean\n|\n|-weather|none\n|upkeep\n|c|\u2606Just B3A$T|man\n|c|\u2606XX_1nfinity_XX|didnt matter\n|c|\u2606XX_1nfinity_XX|it was calculated\n|c|\u2606Just B3A$T|right\n|\n|t:|1700634983\n|switch|p2a: edge pro max|Samurott-Hisui, M, shiny|52\/100\n|-status|p2a: edge pro max|tox\n|turn|21\n|\n|t:|1700634989\n|move|p2a: edge pro max|Flip Turn|p1a: Lopunny\n|-damage|p1a: Lopunny|0 fnt\n|faint|p1a: Lopunny\n|\n|t:|1700634992\n|switch|p2a: FEESH|Alomomola, F, shiny|83\/100 tox|[from] Flip Turn\n|\n|-damage|p2a: FEESH|77\/100 tox|[from] psn\n|upkeep\n|\n|t:|1700635004\n|switch|p1a: Ursaluna|Ursaluna-Bloodmoon, M|100\/100\n|turn|22\n|\n|t:|1700635007\n|move|p2a: FEESH|Toxic|p1a: Ursaluna\n|-status|p1a: Ursaluna|tox\n|move|p1a: Ursaluna|Calm Mind|p1a: Ursaluna\n|-boost|p1a: Ursaluna|spa|1\n|-boost|p1a: Ursaluna|spd|1\n|\n|-damage|p2a: FEESH|65\/100 tox|[from] psn\n|-damage|p1a: Ursaluna|94\/100 tox|[from] psn\n|upkeep\n|turn|23\n|\n|t:|1700635011\n|move|p2a: FEESH|Scald|p1a: Ursaluna\n|-supereffective|p1a: Ursaluna\n|-damage|p1a: Ursaluna|73\/100 tox\n|move|p1a: Ursaluna|Blood Moon|p2a: FEESH\n|-damage|p2a: FEESH|0 fnt\n|faint|p2a: FEESH\n|\n|-heal|p1a: Ursaluna|79\/100 tox|[from] item: Leftovers\n|-damage|p1a: Ursaluna|67\/100 tox|[from] psn\n|upkeep\n|\n|t:|1700635019\n|switch|p2a: Profit!|Gholdengo|100\/100\n|-item|p2a: Profit!|Air Balloon\n|turn|24\n|\n|t:|1700635025\n|move|p2a: Profit!|Focus Blast|p1a: Ursaluna\n|-supereffective|p1a: Ursaluna\n|-crit|p1a: Ursaluna\n|-damage|p1a: Ursaluna|0 fnt\n|faint|p1a: Ursaluna\n|\n|upkeep\n|\n|t:|1700635028\n|switch|p1a: Slowking|Slowking-Galar, M|81\/100\n|turn|25\n|c|\u2606Just B3A$T|kaboom\n|\n|t:|1700635032\n|move|p2a: Profit!|Nasty Plot|p2a: Profit!\n|-boost|p2a: Profit!|spa|2\n|move|p1a: Slowking|Future Sight|p2a: Profit!\n|-start|p1a: Slowking|move: Future Sight\n|\n|-heal|p1a: Slowking|87\/100|[from] item: Black Sludge\n|upkeep\n|turn|26\n|\n|t:|1700635036\n|move|p2a: Profit!|Make It Rain|p1a: Slowking\n|-damage|p1a: Slowking|9\/100\n|-unboost|p2a: Profit!|spa|1\n|move|p1a: Slowking|Chilly Reception|p1a: Slowking\n|-weather|Snow\n|\n|-weather|Snow|[upkeep]\n|-heal|p1a: Slowking|15\/100|[from] item: Black Sludge\n|upkeep\n|turn|27\n|c|\u2606Just B3A$T|gg\n|c|\u2606XX_1nfinity_XX|ggs\n|\n|t:|1700635045\n|move|p2a: Profit!|Make It Rain|p1a: Slowking\n|-damage|p1a: Slowking|0 fnt\n|-unboost|p2a: Profit!|spa|1\n|faint|p1a: Slowking\n|\n|win|Just B3A$T\n","uploadtime":1700635049,"views":1,"p1id":"xx1nfinityxx","p2id":"justb3at","formatid":"gen9nationaldexubers","rating":0,"private":0,"password":""}