{"id":"gen9nationaldexubers-1983772477","p1":"andlikethat216","p2":"nashuishui","format":"[Gen 9] National Dex Ubers","log":"|j|\u2606andlikethat216\n|j|\u2606nashuishui\n|t:|1699178089\n|gametype|singles\n|player|p1|andlikethat216|carmine|1133\n|player|p2|nashuishui|nate|1000\n|teamsize|p1|6\n|teamsize|p2|6\n|gen|9\n|tier|[Gen 9] National Dex Ubers\n|rated|\n|rule|HP Percentage Mod: HP is shown in percentages\n|rule|Endless Battle Clause: Forcing endless battles is banned\n|rule|OHKO Clause: OHKO moves are banned\n|rule|Evasion Moves Clause: Evasion moves are banned\n|rule|Evasion Items Clause: Evasion items are banned\n|rule|Species Clause: Limit one of each Pok\u00e9mon\n|rule|Sleep Clause Mod: Limit one foe put to sleep\n|rule|Mega Rayquaza Clause: You cannot mega evolve Rayquaza\n|clearpoke\n|poke|p1|Groudon|\n|poke|p1|Mewtwo|\n|poke|p1|Marshadow|\n|poke|p1|Ribombee, F|\n|poke|p1|Kyogre|\n|poke|p1|Yveltal|\n|poke|p2|Regieleki|\n|poke|p2|Metagross|\n|poke|p2|Regidrago|\n|poke|p2|Mewtwo|\n|poke|p2|Magearna|\n|poke|p2|Xerneas-*|\n|teampreview\n|\n|t:|1699178107\n|start\n|switch|p1a: Never Give Up|Ribombee, F, shiny|100\/100\n|switch|p2a: Xerneas|Xerneas|100\/100\n|-ability|p2a: Xerneas|Fairy Aura\n|turn|1\n|\n|t:|1699178123\n|-terastallize|p2a: Xerneas|Fairy\n|move|p2a: Xerneas|Misty Explosion|p1a: Never Give Up\n|-damage|p1a: Never Give Up|9\/100\n|faint|p2a: Xerneas\n|move|p1a: Never Give Up|Sticky Web|p2: Xerneas\n|-sidestart|p2: nashuishui|move: Sticky Web\n|\n|upkeep\n|\n|t:|1699178130\n|switch|p2a: Regieleki|Regieleki|100\/100\n|-activate|p2a: Regieleki|move: Sticky Web\n|-unboost|p2a: Regieleki|spe|1\n|turn|2\n|\n|t:|1699178138\n|switch|p1a: melo|Marshadow|100\/100\n|move|p2a: Regieleki|Explosion|p1a: melo\n|-immune|p1a: melo\n|faint|p2a: Regieleki\n|\n|upkeep\n|\n|t:|1699178140\n|switch|p2a: Magearna|Magearna|100\/100\n|-activate|p2a: Magearna|move: Sticky Web\n|-unboost|p2a: Magearna|spe|1\n|turn|3\n|\n|t:|1699178153\n|move|p1a: melo|Spectral Thief|p2a: Magearna\n|-damage|p2a: Magearna|45\/100\n|-damage|p1a: melo|91\/100|[from] item: Life Orb\n|move|p2a: Magearna|Explosion|p1a: melo\n|-immune|p1a: melo\n|faint|p2a: Magearna\n|\n|upkeep\n|\n|t:|1699178156\n|switch|p2a: Mewtwo|Mewtwo|100\/100\n|-activate|p2a: Mewtwo|move: Sticky Web\n|-unboost|p2a: Mewtwo|spe|1\n|-ability|p2a: Mewtwo|Pressure\n|turn|4\n|\n|t:|1699178159\n|move|p2a: Mewtwo|Self-Destruct|p1a: melo\n|-immune|p1a: melo\n|faint|p2a: Mewtwo\n|move|p1a: melo|Spectral Thief|p2: Mewtwo|[notarget]\n|-fail|p1a: melo\n|\n|upkeep\n|\n|t:|1699178161\n|switch|p2a: Regidrago|Regidrago|100\/100\n|-activate|p2a: Regidrago|move: Sticky Web\n|-unboost|p2a: Regidrago|spe|1\n|turn|5\n|c|\u2606andlikethat216|i like the team idea\n|c|\u2606andlikethat216|needs a mega glalie imo\n|\n|t:|1699178184\n|move|p1a: melo|Spectral Thief|p2a: Regidrago\n|-damage|p2a: Regidrago|39\/100\n|-damage|p1a: melo|81\/100|[from] item: Life Orb\n|move|p2a: Regidrago|Explosion|p1a: melo\n|-immune|p1a: melo\n|faint|p2a: Regidrago\n|\n|upkeep\n|c|\u2606nashuishui|I hope it's scary\n|\n|t:|1699178209\n|switch|p2a: Metagross|Metagross|100\/100\n|-activate|p2a: Metagross|move: Sticky Web\n|-fail|p2a: Metagross|unboost|[from] ability: Clear Body|[of] p2a: Metagross\n|turn|6\n|\n|t:|1699178231\n|detailschange|p2a: Metagross|Metagross-Mega\n|-mega|p2a: Metagross|Metagross|Metagrossite\n|move|p1a: melo|Spectral Thief|p2a: Metagross\n|-supereffective|p2a: Metagross\n|-damage|p2a: Metagross|2\/100\n|-damage|p1a: melo|71\/100|[from] item: Life Orb\n|move|p2a: Metagross|Explosion|p1a: melo\n|-immune|p1a: melo\n|faint|p2a: Metagross\n|\n|win|andlikethat216\n|raw|andlikethat216's rating: 1133 &rarr; <strong>1149<\/strong><br \/>(+16 for winning)\n|raw|nashuishui's rating: 1000 &rarr; <strong>1000<\/strong><br \/>(+0 for losing)\n|c|\u2606andlikethat216|i shat myself\n|l|\u2606andlikethat216\n","uploadtime":1699178258,"views":5,"p1id":"andlikethat216","p2id":"nashuishui","formatid":"gen9nationaldexubers","rating":1000,"private":0,"password":""}