{"id":"gen9nationaldexubers-1981455005","p1":"Jali1234567","p2":"pikakip379","format":"[Gen 9] National Dex Ubers","log":"|j|\u2606Jali1234567\n|j|\u2606pikakip379\n|t:|1698898210\n|gametype|singles\n|player|p1|Jali1234567|ghetsis-gen5bw|1141\n|player|p2|pikakip379|ninjaboy-gen3|1425\n|teamsize|p1|6\n|teamsize|p2|6\n|gen|9\n|tier|[Gen 9] National Dex Ubers\n|rated|\n|rule|HP Percentage Mod: HP is shown in percentages\n|rule|Endless Battle Clause: Forcing endless battles is banned\n|rule|OHKO Clause: OHKO moves are banned\n|rule|Evasion Moves Clause: Evasion moves are banned\n|rule|Evasion Items Clause: Evasion items are banned\n|rule|Species Clause: Limit one of each Pok\u00e9mon\n|rule|Sleep Clause Mod: Limit one foe put to sleep\n|rule|Mega Rayquaza Clause: You cannot mega evolve Rayquaza\n|clearpoke\n|poke|p1|Gholdengo|\n|poke|p1|Meowscarada, F|\n|poke|p1|Blaziken, M|\n|poke|p1|Samurott-Hisui, M|\n|poke|p1|Braviary-Hisui, M|\n|poke|p1|Kilowattrel, M|\n|poke|p2|Sandy Shocks|\n|poke|p2|Groudon|\n|poke|p2|Gholdengo|\n|poke|p2|Ho-Oh|\n|poke|p2|Marshadow|\n|poke|p2|Eternatus|\n|teampreview\n|inactive|Battle timer is ON: inactive players will automatically lose when time's up. (requested by Jali1234567)\n|j| Incredible Gassy\n|c|\u2606pikakip379|bro has one uber\n|c|\u2606Jali1234567|ok\n|c|\u2606Jali1234567|lol\n|inactive|Jali1234567 has 120 seconds left.\n|\n|t:|1698898243\n|start\n|switch|p1a: Meowscarada|Meowscarada, F|100\/100\n|switch|p2a: bowser fart gif|Sandy Shocks|100\/100\n|turn|1\n|c|\u2606pikakip379|this is gonna be rly easy\n|\n|t:|1698898267\n|move|p1a: Meowscarada|Flower Trick|p2a: bowser fart gif\n|-start|p1a: Meowscarada|typechange|Grass|[from] ability: Protean\n|-supereffective|p2a: bowser fart gif\n|-crit|p2a: bowser fart gif\n|-enditem|p2a: bowser fart gif|Focus Sash\n|-damage|p2a: bowser fart gif|1\/100\n|move|p2a: bowser fart gif|Thunder Wave|p1a: Meowscarada\n|-status|p1a: Meowscarada|par\n|\n|upkeep\n|turn|2\n|\n|t:|1698898281\n|move|p2a: bowser fart gif|Stealth Rock|p1a: Meowscarada\n|-sidestart|p1: Jali1234567|move: Stealth Rock\n|move|p1a: Meowscarada|Flower Trick|p2a: bowser fart gif\n|-supereffective|p2a: bowser fart gif\n|-crit|p2a: bowser fart gif\n|-damage|p2a: bowser fart gif|0 fnt\n|faint|p2a: bowser fart gif\n|-end|p2a: bowser fart gif|Protosynthesis|[silent]\n|\n|upkeep\n|\n|t:|1698898290\n|switch|p2a: hoe ass|Ho-Oh|100\/100\n|turn|3\n|\n|t:|1698898306\n|move|p2a: hoe ass|Sacred Fire|p1a: Meowscarada\n|-supereffective|p1a: Meowscarada\n|-damage|p1a: Meowscarada|0 fnt\n|faint|p1a: Meowscarada\n|\n|upkeep\n|\n|t:|1698898311\n|switch|p1a: Samurott|Samurott-Hisui, M, shiny|100\/100\n|turn|4\n|\n|t:|1698898337\n|switch|p2a: el perro|Eternatus|100\/100\n|-ability|p2a: el perro|Pressure\n|move|p1a: Samurott|Aqua Cutter|p2a: el perro\n|-resisted|p2a: el perro\n|-damage|p2a: el perro|82\/100\n|\n|upkeep\n|turn|5\n|\n|t:|1698898346\n|move|p2a: el perro|Meteor Beam||[still]\n|-prepare|p2a: el perro|Meteor Beam\n|-boost|p2a: el perro|spa|1\n|-enditem|p2a: el perro|Power Herb\n|-anim|p2a: el perro|Meteor Beam|p1a: Samurott\n|-damage|p1a: Samurott|0 fnt\n|faint|p1a: Samurott\n|\n|upkeep\n|\n|t:|1698898353\n|switch|p1a: Braviary|Braviary-Hisui, M, shiny|100\/100\n|-damage|p1a: Braviary|75\/100|[from] Stealth Rock\n|turn|6\n|c|\u2606pikakip379|im feeling meteor\n|\n|t:|1698898367\n|-terastallize|p1a: Braviary|Fairy\n|move|p2a: el perro|Flamethrower|p1a: Braviary\n|-damage|p1a: Braviary|38\/100\n|move|p1a: Braviary|Esper Wing|p2a: el perro\n|-supereffective|p2a: el perro\n|-damage|p2a: el perro|15\/100\n|-boost|p1a: Braviary|spe|1\n|\n|upkeep\n|turn|7\n|\n|t:|1698898380\n|move|p2a: el perro|Flamethrower|p1a: Braviary\n|-damage|p1a: Braviary|0 fnt\n|faint|p1a: Braviary\n|\n|upkeep\n|c|\u2606pikakip379|lol\n|\n|t:|1698898384\n|switch|p1a: Blaziken|Blaziken, M, shiny|100\/100\n|-damage|p1a: Blaziken|88\/100|[from] Stealth Rock\n|turn|8\n|\n|t:|1698898392\n|detailschange|p1a: Blaziken|Blaziken-Mega, M, shiny\n|-mega|p1a: Blaziken|Blaziken|Blazikenite\n|move|p1a: Blaziken|Protect|p1a: Blaziken\n|-singleturn|p1a: Blaziken|Protect\n|move|p2a: el perro|Meteor Beam||[still]\n|-prepare|p2a: el perro|Meteor Beam\n|-boost|p2a: el perro|spa|1\n|\n|-ability|p1a: Blaziken|Speed Boost|boost\n|-boost|p1a: Blaziken|spe|1\n|upkeep\n|turn|9\n|\n|t:|1698898406\n|move|p1a: Blaziken|Knock Off|p2a: el perro\n|-damage|p2a: el perro|0 fnt\n|faint|p2a: el perro\n|\n|-ability|p1a: Blaziken|Speed Boost|boost\n|-boost|p1a: Blaziken|spe|1\n|upkeep\n|\n|t:|1698898434\n|switch|p2a: coffee beans|Groudon, shiny|100\/100\n|detailschange|p2a: coffee beans|Groudon-Primal, shiny\n|-primal|p2a: coffee beans|Red Orb\n|-weather|DesolateLand|[from] ability: Desolate Land|[of] p2a: coffee beans\n|turn|10\n|\n|t:|1698898445\n|move|p1a: Blaziken|High Jump Kick|p2a: coffee beans\n|-damage|p2a: coffee beans|68\/100\n|move|p2a: coffee beans|Lava Plume|p1a: Blaziken\n|-resisted|p1a: Blaziken\n|-damage|p1a: Blaziken|47\/100\n|\n|-weather|DesolateLand|[upkeep]\n|-ability|p1a: Blaziken|Speed Boost|boost\n|-boost|p1a: Blaziken|spe|1\n|upkeep\n|turn|11\n|c|\u2606pikakip379|lol high jump kick\n|inactive|pikakip379 has 120 seconds left.\n|c| Incredible Gassy|lol high jump kick\n|\n|t:|1698898462\n|move|p1a: Blaziken|Blaze Kick|p2a: coffee beans|[miss]\n|-miss|p1a: Blaziken|p2a: coffee beans\n|move|p2a: coffee beans|Earthquake|p1a: Blaziken\n|-supereffective|p1a: Blaziken\n|-damage|p1a: Blaziken|0 fnt\n|faint|p1a: Blaziken\n|\n|-weather|DesolateLand|[upkeep]\n|upkeep\n|c| Incredible Gassy|lol blaze kick\n|c|\u2606pikakip379|im feeling earthquake\n|\n|t:|1698898477\n|switch|p1a: Kilowattrel|Kilowattrel, M|100\/100\n|-damage|p1a: Kilowattrel|76\/100|[from] Stealth Rock\n|turn|12\n|c|\u2606Jali1234567|wow your so good\n|c|\u2606pikakip379|yes\n|c|\u2606pikakip379|I am\n|c|\u2606Jali1234567|puss\n|c|\u2606pikakip379|thank you\n|inactive|pikakip379 has 120 seconds left.\n|c| Incredible Gassy|he is tho\n|c|\u2606Jali1234567|your ass\n|c| Incredible Gassy|hes great\n|\n|t:|1698898496\n|move|p1a: Kilowattrel|Air Slash|p2a: coffee beans\n|-damage|p2a: coffee beans|37\/100\n|move|p2a: coffee beans|Rock Tomb|p1a: Kilowattrel\n|-supereffective|p1a: Kilowattrel\n|-damage|p1a: Kilowattrel|0 fnt\n|faint|p1a: Kilowattrel\n|\n|-weather|DesolateLand|[upkeep]\n|upkeep\n|c|\u2606pikakip379|im winning tho\n|\n|t:|1698898502\n|switch|p1a: Gholdengo|Gholdengo|100\/100\n|-damage|p1a: Gholdengo|94\/100|[from] Stealth Rock\n|turn|13\n|c|\u2606Jali1234567|yes a team of legendaries\n|c|\u2606Jali1234567|wow your so good\n|c| Incredible Gassy|ok Jali1234567 riddle me this\n|inactive|pikakip379 has 120 seconds left.\n|c| Incredible Gassy|why, in ubers, are you not running ubers pokemon\n|\n|t:|1698898527\n|move|p1a: Gholdengo|Shadow Ball|p2a: coffee beans\n|-damage|p2a: coffee beans|0 fnt\n|faint|p2a: coffee beans\n|-weather|none\n|\n|upkeep\n|c| Incredible Gassy|are you losing on purpose\n|\n|t:|1698898541\n|switch|p2a: GOOBED!|Marshadow|100\/100\n|turn|14\n|c|\u2606pikakip379|yeah\n|\n|t:|1698898547\n|-terastallize|p2a: GOOBED!|Ghost\n|move|p2a: GOOBED!|Shadow Sneak|p1a: Gholdengo\n|-supereffective|p1a: Gholdengo\n|-damage|p1a: Gholdengo|0 fnt\n|faint|p1a: Gholdengo\n|\n|win|pikakip379\n|raw|Jali1234567's rating: 1141 &rarr; <strong>1133<\/strong><br \/>(-8 for losing)\n|raw|pikakip379's rating: 1425 &rarr; <strong>1432<\/strong><br \/>(+7 for winning)\n|c|\u2606pikakip379|ggs\n|c| Incredible Gassy|ez #tbh\n|c| Incredible Gassy|make real teams\n|c|\u2606pikakip379|true\n|c|\u2606pikakip379|so true\n|c|\u2606Jali1234567|your ass anyway\n|c| Incredible Gassy|you're*\n|c|\u2606pikakip379|nah\n|c|\u2606pikakip379|you're the one bringing not ubers to ubesr\n|c| Incredible Gassy|you wanna fight me instead jali?\n|c|\u2606pikakip379|*ubers\n|c|\u2606Jali1234567|catch me when u make a real team\n|c|\u2606pikakip379|I did\n|c| Incredible Gassy|ill run a fake team just for u\n|c|\u2606pikakip379|this team is realer than yours\n|c|\u2606Jali1234567|yall are weird asf\n|l|\u2606Jali1234567\n|c|\u2606pikakip379|no actual ubers mon in the ubers tier headass\n","uploadtime":1698898660,"views":7,"p1id":"jali1234567","p2id":"pikakip379","formatid":"gen9nationaldexubers","rating":1133,"private":0,"password":""}