{"id":"gen9nationaldexubers-1995179532","p1":"olivia rodrig","p2":"saifu.mp4","format":"[Gen 9] National Dex Ubers","log":"|j|\u2606olivia rodrig\n|j|\u2606saifu.mp4\n|t:|1700531500\n|gametype|singles\n|player|p1|olivia rodrig|lady|1196\n|player|p2|saifu.mp4|hugh|1312\n|teamsize|p1|6\n|teamsize|p2|6\n|gen|9\n|tier|[Gen 9] National Dex Ubers\n|rated|\n|rule|HP Percentage Mod: HP is shown in percentages\n|rule|Endless Battle Clause: Forcing endless battles is banned\n|rule|OHKO Clause: OHKO moves are banned\n|rule|Evasion Moves Clause: Evasion moves are banned\n|rule|Evasion Items Clause: Evasion items are banned\n|rule|Species Clause: Limit one of each Pok\u00e9mon\n|rule|Sleep Clause Mod: Limit one foe put to sleep\n|rule|Mega Rayquaza Clause: You cannot mega evolve Rayquaza\n|clearpoke\n|poke|p1|Murkrow, M|\n|poke|p1|Gothorita, F|\n|poke|p1|Zamazenta-*|\n|poke|p1|Alcremie-Ruby-Swirl, F|\n|poke|p1|Palkia-Origin|\n|poke|p1|Giratina-Origin|\n|poke|p2|Bisharp, F|\n|poke|p2|Hatterene, F|\n|poke|p2|Galvantula, M|\n|poke|p2|Iron Valiant|\n|poke|p2|Excadrill, M|\n|poke|p2|Dondozo, M|\n|teampreview\n|\n|t:|1700531522\n|start\n|switch|p1a: Zamazenta|Zamazenta, shiny|100\/100\n|switch|p2a: 36 Chrome Tabs|Galvantula, M, shiny|100\/100\n|-ability|p1a: Zamazenta|Dauntless Shield|boost\n|-boost|p1a: Zamazenta|def|1\n|turn|1\n|\n|t:|1700531538\n|move|p1a: Zamazenta|Substitute|p1a: Zamazenta\n|-start|p1a: Zamazenta|Substitute\n|-damage|p1a: Zamazenta|76\/100\n|move|p2a: 36 Chrome Tabs|Thunder Wave||[still]\n|-fail|p2a: 36 Chrome Tabs\n|\n|-heal|p1a: Zamazenta|82\/100|[from] item: Leftovers\n|upkeep\n|turn|2\n|\n|t:|1700531544\n|move|p1a: Zamazenta|Iron Defense|p1a: Zamazenta\n|-boost|p1a: Zamazenta|def|2\n|move|p2a: 36 Chrome Tabs|Thunder|p1a: Zamazenta\n|-end|p1a: Zamazenta|Substitute\n|\n|-heal|p1a: Zamazenta|88\/100|[from] item: Leftovers\n|upkeep\n|turn|3\n|\n|t:|1700531563\n|move|p1a: Zamazenta|Body Press|p2a: 36 Chrome Tabs\n|-resisted|p2a: 36 Chrome Tabs\n|-damage|p2a: 36 Chrome Tabs|19\/100\n|move|p2a: 36 Chrome Tabs|Thunder|p1a: Zamazenta\n|-damage|p1a: Zamazenta|48\/100\n|-status|p1a: Zamazenta|par\n|\n|-heal|p1a: Zamazenta|54\/100 par|[from] item: Leftovers\n|upkeep\n|turn|4\n|c|\u2606olivia rodrig|no set up webs? ok\n|c|\u2606olivia rodrig|no\n|c|\u2606olivia rodrig|way\n|c|\u2606saifu.mp4|huh... now that you mention it\n|\n|t:|1700531580\n|move|p2a: 36 Chrome Tabs|Sticky Web|p1a: Zamazenta\n|-sidestart|p1: olivia rodrig|move: Sticky Web\n|move|p1a: Zamazenta|Body Press|p2a: 36 Chrome Tabs\n|-resisted|p2a: 36 Chrome Tabs\n|-damage|p2a: 36 Chrome Tabs|0 fnt\n|faint|p2a: 36 Chrome Tabs\n|\n|-heal|p1a: Zamazenta|60\/100 par|[from] item: Leftovers\n|upkeep\n|\n|t:|1700531589\n|switch|p2a: SanDiego|Dondozo, M, shiny|100\/100\n|turn|5\n|c|\u2606olivia rodrig|lucky paralyze lmao\n|\n|t:|1700531600\n|switch|p1a: Murkrow|Murkrow, M|100\/100\n|move|p2a: SanDiego|Curse|p2a: SanDiego\n|-unboost|p2a: SanDiego|spe|1\n|-boost|p2a: SanDiego|atk|1\n|-boost|p2a: SanDiego|def|1\n|\n|upkeep\n|turn|6\n|\n|t:|1700531607\n|move|p1a: Murkrow|Perish Song|p1a: Murkrow\n|-start|p1a: Murkrow|perish3|[silent]\n|-start|p2a: SanDiego|perish3|[silent]\n|-fieldactivate|move: Perish Song\n|move|p2a: SanDiego|Wave Crash|p1a: Murkrow\n|-damage|p1a: Murkrow|18\/100\n|-damage|p2a: SanDiego|83\/100|[from] Recoil\n|\n|-heal|p2a: SanDiego|89\/100|[from] item: Leftovers\n|-start|p1a: Murkrow|perish3\n|-start|p2a: SanDiego|perish3\n|upkeep\n|turn|7\n|c|\u2606olivia rodrig|lmao need to switch\n|\n|t:|1700531621\n|switch|p1a: Gothorita|Gothorita, F|100\/100\n|-activate|p1a: Gothorita|move: Sticky Web\n|-unboost|p1a: Gothorita|spe|1\n|switch|p2a: Izayoi|Bisharp, F, shiny|100\/100\n|\n|upkeep\n|turn|8\n|c|\u2606saifu.mp4|same\n|\n|t:|1700531629\n|move|p2a: Izayoi|Swords Dance|p2a: Izayoi\n|-boost|p2a: Izayoi|atk|2\n|move|p1a: Gothorita|Swagger|p2a: Izayoi\n|-boost|p2a: Izayoi|atk|2\n|-start|p2a: Izayoi|confusion\n|\n|upkeep\n|turn|9\n|c|\u2606olivia rodrig|i talking about u\n|c|\u2606olivia rodrig|not me\n|c|\u2606olivia rodrig|i have shadow tag\n|c|\u2606olivia rodrig|if u doont wsitch u die\n|c|\u2606olivia rodrig|!dt shadow tag\n|raw|<ul class=\"utilichart\"><li class=\"result\"><span class=\"col namecol\"><a href=\"https:\/\/dex.pokemonshowdown.com\/abilities\/shadowtag\">Shadow Tag<\/a><\/span> <span class=\"col abilitydesccol\">Prevents foes from choosing to switch unless they also have this Ability.<\/span> <\/li><li style=\"clear:both\"><\/li><\/ul>\n|raw|<font size=\"1\"><font color=\"#686868\">Gen:<\/font> 3<\/font>\n\n|c|\u2606saifu.mp4|yeah\n|c|\u2606saifu.mp4|i am aware\n|c|\u2606olivia rodrig|unaware*\n|\n|t:|1700531677\n|switch|p1a: Zamazenta|Zamazenta, shiny|60\/100 par\n|-activate|p1a: Zamazenta|move: Sticky Web\n|-unboost|p1a: Zamazenta|spe|1\n|-activate|p2a: Izayoi|confusion\n|move|p2a: Izayoi|Night Slash|p1a: Zamazenta\n|-resisted|p1a: Zamazenta\n|-damage|p1a: Zamazenta|18\/100 par\n|\n|-heal|p1a: Zamazenta|24\/100 par|[from] item: Leftovers\n|upkeep\n|turn|10\n|\n|t:|1700531689\n|-activate|p2a: Izayoi|confusion\n|-damage|p2a: Izayoi|48\/100|[from] confusion\n|cant|p1a: Zamazenta|par\n|\n|-heal|p1a: Zamazenta|31\/100 par|[from] item: Leftovers\n|upkeep\n|turn|11\n|c|\u2606olivia rodrig|OH\n|c|\u2606saifu.mp4|oh ok\n|c|\u2606olivia rodrig|u r hitting hard lmao\n|\n|t:|1700531710\n|-activate|p2a: Izayoi|confusion\n|-damage|p2a: Izayoi|0 fnt|[from] confusion\n|faint|p2a: Izayoi\n|cant|p1a: Zamazenta|par\n|\n|-heal|p1a: Zamazenta|37\/100 par|[from] item: Leftovers\n|upkeep\n|c|\u2606saifu.mp4|fuck ok\n|\n|t:|1700531717\n|switch|p2a: 2001 Acura Integra|Iron Valiant, shiny|100\/100\n|-enditem|p2a: 2001 Acura Integra|Booster Energy\n|-activate|p2a: 2001 Acura Integra|ability: Quark Drive|[fromitem]\n|-start|p2a: 2001 Acura Integra|quarkdrivespe\n|turn|12\n|c|\u2606olivia rodrig|finally u got normal and i got lucky\n|\n|t:|1700531728\n|-terastallize|p2a: 2001 Acura Integra|Fairy\n|move|p2a: 2001 Acura Integra|Tera Blast|p1a: Zamazenta|[anim] Tera Blast Fairy\n|-supereffective|p1a: Zamazenta\n|-damage|p1a: Zamazenta|0 fnt\n|faint|p1a: Zamazenta\n|\n|upkeep\n|\n|t:|1700531734\n|switch|p1a: Murkrow|Murkrow, M|18\/100\n|turn|13\n|c|\u2606olivia rodrig|lets test my lucky again\n|\n|t:|1700531753\n|move|p1a: Murkrow|Thunder Wave|p2a: 2001 Acura Integra|[miss]\n|-miss|p1a: Murkrow|p2a: 2001 Acura Integra\n|move|p2a: 2001 Acura Integra|Tera Blast|p1a: Murkrow|[anim] Tera Blast Fairy\n|-supereffective|p1a: Murkrow\n|-damage|p1a: Murkrow|0 fnt\n|faint|p1a: Murkrow\n|\n|upkeep\n|c|\u2606saifu.mp4|no.\n|c|\u2606olivia rodrig|lmao\n|\n|t:|1700531762\n|switch|p1a: Giratina|Giratina-Origin, shiny|100\/100\n|turn|14\n|\n|t:|1700531766\n|-terastallize|p1a: Giratina|Fairy\n|move|p2a: 2001 Acura Integra|Tera Blast|p1a: Giratina|[anim] Tera Blast Fairy\n|-damage|p1a: Giratina|53\/100\n|move|p1a: Giratina|Thunder Wave|p2a: 2001 Acura Integra\n|-status|p2a: 2001 Acura Integra|par\n|\n|upkeep\n|turn|15\n|\n|t:|1700531781\n|switch|p1a: Alcremie|Alcremie-Ruby-Swirl, F|100\/100\n|-activate|p1a: Alcremie|move: Sticky Web\n|-unboost|p1a: Alcremie|spe|1\n|-end|p2a: 2001 Acura Integra|Quark Drive|[silent]\n|switch|p2a: Dai-Gurren|Excadrill, M, shiny|100\/100\n|-ability|p2a: Dai-Gurren|Mold Breaker\n|\n|upkeep\n|turn|16\n|\n|t:|1700531786\n|move|p2a: Dai-Gurren|Stealth Rock|p1a: Alcremie\n|-sidestart|p1: olivia rodrig|move: Stealth Rock\n|-zpower|p1a: Alcremie\n|move|p1a: Alcremie|Z-Celebrate|p1a: Alcremie|[anim]Celebrate\n|-boost|p1a: Alcremie|atk|1|[zeffect]\n|-boost|p1a: Alcremie|def|1|[zeffect]\n|-boost|p1a: Alcremie|spa|1|[zeffect]\n|-boost|p1a: Alcremie|spd|1|[zeffect]\n|-boost|p1a: Alcremie|spe|1|[zeffect]\n|-activate|p1a: Alcremie|move: Celebrate\n|\n|upkeep\n|turn|17\n|\n|t:|1700531790\n|switch|p2a: SanDiego|Dondozo, M, shiny|89\/100\n|move|p1a: Alcremie|Sweet Kiss|p2a: SanDiego\n|-start|p2a: SanDiego|confusion\n|\n|-heal|p2a: SanDiego|95\/100|[from] item: Leftovers\n|upkeep\n|turn|18\n|\n|t:|1700531799\n|switch|p2a: nuh uh|Hatterene, F, shiny|100\/100\n|move|p1a: Alcremie|Draining Kiss|p2a: nuh uh\n|-damage|p2a: nuh uh|58\/100\n|\n|-heal|p2a: nuh uh|64\/100|[from] item: Leftovers\n|upkeep\n|turn|19\n|\n|t:|1700531811\n|switch|p2a: SanDiego|Dondozo, M, shiny|95\/100\n|move|p1a: Alcremie|Draining Kiss|p2a: SanDiego\n|-damage|p2a: SanDiego|71\/100\n|\n|-heal|p2a: SanDiego|77\/100|[from] item: Leftovers\n|upkeep\n|turn|20\n|c|\u2606olivia rodrig|magic bouce lmao\n|\n|t:|1700531818\n|switch|p2a: nuh uh|Hatterene, F, shiny|64\/100\n|move|p1a: Alcremie|Psychic|p2a: nuh uh\n|-resisted|p2a: nuh uh\n|-damage|p2a: nuh uh|40\/100\n|\n|-heal|p2a: nuh uh|46\/100|[from] item: Leftovers\n|upkeep\n|turn|21\n|c|\u2606olivia rodrig|bounce*\n|c|\u2606saifu.mp4|true...\n|\n|t:|1700531836\n|move|p1a: Alcremie|Draining Kiss|p2a: nuh uh\n|-damage|p2a: nuh uh|4\/100\n|move|p2a: nuh uh|Calm Mind|p2a: nuh uh\n|-boost|p2a: nuh uh|spa|1\n|-boost|p2a: nuh uh|spd|1\n|\n|-heal|p2a: nuh uh|10\/100|[from] item: Leftovers\n|upkeep\n|turn|22\n|c|\u2606olivia rodrig|why the switch?\n|c|\u2606saifu.mp4|honestly idk\n|\n|t:|1700531849\n|move|p1a: Alcremie|Psychic|p2a: nuh uh\n|-resisted|p2a: nuh uh\n|-damage|p2a: nuh uh|0 fnt\n|faint|p2a: nuh uh\n|\n|upkeep\n|\n|t:|1700531851\n|switch|p2a: SanDiego|Dondozo, M, shiny|77\/100\n|turn|23\n|\n|t:|1700531857\n|move|p1a: Alcremie|Sweet Kiss|p2a: SanDiego\n|-start|p2a: SanDiego|confusion\n|-activate|p2a: SanDiego|confusion\n|-damage|p2a: SanDiego|73\/100|[from] confusion\n|\n|-heal|p2a: SanDiego|79\/100|[from] item: Leftovers\n|upkeep\n|turn|24\n|\n|t:|1700531863\n|move|p1a: Alcremie|Psychic|p2a: SanDiego\n|-damage|p2a: SanDiego|52\/100\n|-activate|p2a: SanDiego|confusion\n|move|p2a: SanDiego|Curse|p2a: SanDiego\n|-unboost|p2a: SanDiego|spe|1\n|-boost|p2a: SanDiego|atk|1\n|-boost|p2a: SanDiego|def|1\n|\n|-heal|p2a: SanDiego|58\/100|[from] item: Leftovers\n|upkeep\n|turn|25\n|\n|t:|1700531874\n|move|p1a: Alcremie|Psychic|p2a: SanDiego\n|-damage|p2a: SanDiego|30\/100\n|-activate|p2a: SanDiego|confusion\n|move|p2a: SanDiego|Wave Crash|p1a: Alcremie\n|-damage|p1a: Alcremie|17\/100\n|-damage|p2a: SanDiego|12\/100|[from] Recoil\n|\n|-heal|p2a: SanDiego|18\/100|[from] item: Leftovers\n|upkeep\n|turn|26\n|\n|t:|1700531882\n|move|p1a: Alcremie|Sweet Kiss||[still]\n|-fail|p1a: Alcremie\n|-activate|p2a: SanDiego|confusion\n|-damage|p2a: SanDiego|14\/100|[from] confusion\n|\n|-heal|p2a: SanDiego|20\/100|[from] item: Leftovers\n|upkeep\n|turn|27\n|c|\u2606olivia rodrig|oh got\n|c|\u2606olivia rodrig|god*\n|c|\u2606saifu.mp4|bruh\n|\n|t:|1700531893\n|move|p1a: Alcremie|Draining Kiss|p2a: SanDiego\n|-damage|p2a: SanDiego|0 fnt\n|-heal|p1a: Alcremie|39\/100|[from] drain|[of] p2a: SanDiego\n|faint|p2a: SanDiego\n|\n|upkeep\n|\n|t:|1700531897\n|switch|p2a: Dai-Gurren|Excadrill, M, shiny|100\/100\n|-ability|p2a: Dai-Gurren|Mold Breaker\n|turn|28\n|c|\u2606olivia rodrig|why no switch\n|c|\u2606olivia rodrig|im faster\n|c|\u2606olivia rodrig|u could dont lost ur dondozo\n|\n|t:|1700531914\n|move|p2a: Dai-Gurren|Earthquake|p1a: Alcremie\n|-damage|p1a: Alcremie|0 fnt\n|faint|p1a: Alcremie\n|\n|upkeep\n|l|\u2606olivia rodrig\n|player|p1|\n|c|\u2606saifu.mp4|oh shit i could've just\n|c|\u2606saifu.mp4|earthquaked it the whole time\n|inactive|Battle timer is ON: inactive players will automatically lose when time's up. (requested by saifu.mp4)\n|inactive|olivia rodrig has 30 seconds to reconnect!\n|inactive|olivia rodrig has 20 seconds to reconnect!\n|inactive|olivia rodrig has 15 seconds to reconnect!\n|inactive|olivia rodrig has 10 seconds to reconnect!\n|inactive|olivia rodrig has 5 seconds to reconnect!\n|-message|olivia rodrig lost due to inactivity.\n|\n|win|saifu.mp4\n|raw|olivia rodrig's rating: 1196 &rarr; <strong>1179<\/strong><br \/>(-17 for losing)\n|raw|saifu.mp4's rating: 1312 &rarr; <strong>1326<\/strong><br \/>(+14 for winning)\n","uploadtime":1700531654,"views":2,"p1id":"oliviarodrig","p2id":"saifump4","formatid":"gen9nationaldexubers","rating":1179,"private":0,"password":""}