{"id":"gen9nationaldexubers-1986608976","p1":"chikinwang","p2":"cincinnaticynda","format":"[Gen 9] National Dex Ubers","log":"|j|\u2606chikinwang\n|j|\u2606cincinnaticynda\n|t:|1699497455\n|gametype|singles\n|player|p1|chikinwang|steven|\n|player|p2|cincinnaticynda|2|\n|teamsize|p1|6\n|teamsize|p2|6\n|gen|9\n|tier|[Gen 9] National Dex Ubers\n|rule|HP Percentage Mod: HP is shown in percentages\n|rule|Endless Battle Clause: Forcing endless battles is banned\n|rule|OHKO Clause: OHKO moves are banned\n|rule|Evasion Moves Clause: Evasion moves are banned\n|rule|Evasion Items Clause: Evasion items are banned\n|rule|Species Clause: Limit one of each Pok\u00e9mon\n|rule|Sleep Clause Mod: Limit one foe put to sleep\n|rule|Mega Rayquaza Clause: You cannot mega evolve Rayquaza\n|clearpoke\n|poke|p1|Melmetal|\n|poke|p1|Xurkitree|\n|poke|p1|Dragonite, M|\n|poke|p1|Heracross, M|\n|poke|p1|Blastoise, M|\n|poke|p1|Obstagoon, F|\n|poke|p2|Kyogre|\n|poke|p2|Rotom-Wash|\n|poke|p2|Goodra-Hisui, M|\n|poke|p2|Hippowdon, F|\n|poke|p2|Incineroar, F|\n|poke|p2|Tapu Lele|\n|teampreview\n|j| Waikiki Woopers\n|\n|t:|1699497483\n|start\n|switch|p1a: Melmetal|Melmetal|100\/100\n|switch|p2a: hungry hungry|Hippowdon, F|100\/100\n|-weather|Sandstorm|[from] ability: Sand Stream|[of] p2a: hungry hungry\n|turn|1\n|\n|t:|1699497503\n|move|p2a: hungry hungry|Stealth Rock|p1a: Melmetal\n|-sidestart|p1: chikinwang|move: Stealth Rock\n|move|p1a: Melmetal|Double Iron Bash|p2a: hungry hungry\n|-damage|p2a: hungry hungry|82\/100\n|-damage|p1a: Melmetal|84\/100|[from] item: Rocky Helmet|[of] p2a: hungry hungry\n|-damage|p2a: hungry hungry|62\/100\n|-damage|p1a: Melmetal|67\/100|[from] item: Rocky Helmet|[of] p2a: hungry hungry\n|-hitcount|p2a: hungry hungry|2\n|\n|-weather|Sandstorm|[upkeep]\n|upkeep\n|turn|2\n|j| medi34\n|\n|t:|1699497539\n|switch|p1a: Troll-time|Obstagoon, F|100\/100\n|-damage|p1a: Troll-time|88\/100|[from] Stealth Rock\n|move|p2a: hungry hungry|Slack Off|p2a: hungry hungry\n|-heal|p2a: hungry hungry|100\/100\n|\n|-weather|Sandstorm|[upkeep]\n|-damage|p1a: Troll-time|82\/100|[from] Sandstorm\n|upkeep\n|turn|3\n|j| BoyzArbokInTown03\n|\n|t:|1699497561\n|move|p1a: Troll-time|Switcheroo|p2a: hungry hungry\n|-activate|p1a: Troll-time|move: Trick|[of] p2a: hungry hungry\n|-item|p2a: hungry hungry|Focus Sash|[from] move: Switcheroo\n|-item|p1a: Troll-time|Rocky Helmet|[from] move: Switcheroo\n|move|p2a: hungry hungry|Earthquake|p1a: Troll-time\n|-damage|p1a: Troll-time|53\/100\n|\n|-weather|Sandstorm|[upkeep]\n|-damage|p1a: Troll-time|47\/100|[from] Sandstorm\n|upkeep\n|turn|4\n|\n|t:|1699497582\n|move|p1a: Troll-time|Obstruct|p1a: Troll-time\n|-singleturn|p1a: Troll-time|Protect\n|move|p2a: hungry hungry|Earthquake|p1a: Troll-time\n|-activate|p1a: Troll-time|move: Protect\n|\n|-weather|Sandstorm|[upkeep]\n|-damage|p1a: Troll-time|40\/100|[from] Sandstorm\n|upkeep\n|turn|5\n|c| medi34|troll time lol\n|\n|t:|1699497628\n|move|p1a: Troll-time|Parting Shot|p2a: hungry hungry\n|-unboost|p2a: hungry hungry|atk|1\n|-unboost|p2a: hungry hungry|spa|1\n|\n|t:|1699497636\n|switch|p1a: Darius|Dragonite, M|100\/100|[from] Parting Shot\n|-damage|p1a: Darius|75\/100|[from] Stealth Rock\n|move|p2a: hungry hungry|Earthquake|p1a: Darius\n|-immune|p1a: Darius\n|\n|-weather|none\n|-heal|p1a: Darius|82\/100|[from] item: Leftovers\n|upkeep\n|turn|6\n|\n|t:|1699497666\n|switch|p2a: Hell Tigre|Incineroar, F|100\/100\n|-ability|p2a: Hell Tigre|Intimidate|boost\n|-unboost|p1a: Darius|atk|1\n|move|p1a: Darius|Dragon Claw|p2a: Hell Tigre\n|-damage|p2a: Hell Tigre|75\/100\n|\n|-heal|p1a: Darius|88\/100|[from] item: Leftovers\n|upkeep\n|turn|7\n|\n|t:|1699497700\n|switch|p1a: Melmetal|Melmetal|67\/100\n|-damage|p1a: Melmetal|61\/100|[from] Stealth Rock\n|move|p2a: Hell Tigre|Fake Out|p1a: Melmetal\n|-resisted|p1a: Melmetal\n|-damage|p1a: Melmetal|58\/100\n|\n|upkeep\n|turn|8\n|\n|t:|1699497712\n|move|p2a: Hell Tigre|Flare Blitz|p1a: Melmetal\n|-supereffective|p1a: Melmetal\n|-damage|p1a: Melmetal|0 fnt\n|faint|p1a: Melmetal\n|-damage|p2a: Hell Tigre|55\/100|[from] Recoil\n|\n|upkeep\n|\n|t:|1699497725\n|switch|p1a: Livewire|Xurkitree|100\/100\n|-damage|p1a: Livewire|88\/100|[from] Stealth Rock\n|turn|9\n|\n|t:|1699497759\n|move|p1a: Livewire|Thunderbolt|p2a: Hell Tigre\n|-damage|p2a: Hell Tigre|4\/100\n|move|p2a: Hell Tigre|Parting Shot|p1a: Livewire\n|-unboost|p1a: Livewire|atk|1\n|-unboost|p1a: Livewire|spa|1\n|\n|t:|1699497790\n|switch|p2a: hungry hungry|Hippowdon, F|100\/100|[from] Parting Shot\n|-weather|Sandstorm|[from] ability: Sand Stream|[of] p2a: hungry hungry\n|\n|-weather|Sandstorm|[upkeep]\n|-damage|p1a: Livewire|82\/100|[from] Sandstorm\n|upkeep\n|turn|10\n|\n|t:|1699497811\n|switch|p1a: Hercules|Heracross, M|100\/100\n|-damage|p1a: Hercules|88\/100|[from] Stealth Rock\n|move|p2a: hungry hungry|Earthquake|p1a: Hercules\n|-resisted|p1a: Hercules\n|-damage|p1a: Hercules|66\/100\n|\n|-weather|Sandstorm|[upkeep]\n|-damage|p1a: Hercules|60\/100|[from] Sandstorm\n|upkeep\n|turn|11\n|\n|t:|1699497844\n|detailschange|p1a: Hercules|Heracross-Mega, M\n|-mega|p1a: Hercules|Heracross|Heracronite\n|move|p1a: Hercules|Bullet Seed|p2a: hungry hungry\n|-supereffective|p2a: hungry hungry\n|-damage|p2a: hungry hungry|89\/100\n|-supereffective|p2a: hungry hungry\n|-damage|p2a: hungry hungry|78\/100\n|-supereffective|p2a: hungry hungry\n|-damage|p2a: hungry hungry|66\/100\n|-supereffective|p2a: hungry hungry\n|-damage|p2a: hungry hungry|54\/100\n|-supereffective|p2a: hungry hungry\n|-damage|p2a: hungry hungry|42\/100\n|-hitcount|p2a: hungry hungry|5\n|move|p2a: hungry hungry|Body Slam|p1a: Hercules\n|-damage|p1a: Hercules|40\/100\n|-status|p1a: Hercules|par\n|\n|-weather|Sandstorm|[upkeep]\n|-damage|p1a: Hercules|34\/100 par|[from] Sandstorm\n|upkeep\n|turn|12\n|\n|t:|1699497864\n|move|p2a: hungry hungry|Slack Off|p2a: hungry hungry\n|-heal|p2a: hungry hungry|92\/100\n|move|p1a: Hercules|Bullet Seed|p2a: hungry hungry\n|-supereffective|p2a: hungry hungry\n|-damage|p2a: hungry hungry|81\/100\n|-supereffective|p2a: hungry hungry\n|-damage|p2a: hungry hungry|69\/100\n|-supereffective|p2a: hungry hungry\n|-damage|p2a: hungry hungry|57\/100\n|-supereffective|p2a: hungry hungry\n|-damage|p2a: hungry hungry|45\/100\n|-supereffective|p2a: hungry hungry\n|-damage|p2a: hungry hungry|32\/100\n|-hitcount|p2a: hungry hungry|5\n|\n|-weather|Sandstorm|[upkeep]\n|-damage|p1a: Hercules|28\/100 par|[from] Sandstorm\n|upkeep\n|turn|13\n|c|\u2606chikinwang|Well darn\n|c|\u2606cincinnaticynda|I did not think Hippowdon was gonna eat that bullet seed\n|c|\u2606cincinnaticynda|I guess sunflower seeds are his favorite snack\n|\n|t:|1699497891\n|move|p2a: hungry hungry|Slack Off|p2a: hungry hungry\n|-heal|p2a: hungry hungry|82\/100\n|cant|p1a: Hercules|par\n|\n|-weather|none\n|upkeep\n|turn|14\n|\n|t:|1699497900\n|move|p2a: hungry hungry|Body Slam|p1a: Hercules\n|-damage|p1a: Hercules|11\/100 par\n|move|p1a: Hercules|Bullet Seed|p2a: hungry hungry\n|-supereffective|p2a: hungry hungry\n|-damage|p2a: hungry hungry|70\/100\n|-supereffective|p2a: hungry hungry\n|-damage|p2a: hungry hungry|58\/100\n|-supereffective|p2a: hungry hungry\n|-damage|p2a: hungry hungry|47\/100\n|-supereffective|p2a: hungry hungry\n|-damage|p2a: hungry hungry|35\/100\n|-supereffective|p2a: hungry hungry\n|-damage|p2a: hungry hungry|23\/100\n|-hitcount|p2a: hungry hungry|5\n|\n|upkeep\n|turn|15\n|\n|t:|1699497913\n|move|p2a: hungry hungry|Slack Off|p2a: hungry hungry\n|-heal|p2a: hungry hungry|73\/100\n|move|p1a: Hercules|Bullet Seed|p2a: hungry hungry\n|-supereffective|p2a: hungry hungry\n|-damage|p2a: hungry hungry|60\/100\n|-supereffective|p2a: hungry hungry\n|-damage|p2a: hungry hungry|49\/100\n|-supereffective|p2a: hungry hungry\n|-damage|p2a: hungry hungry|37\/100\n|-supereffective|p2a: hungry hungry\n|-damage|p2a: hungry hungry|25\/100\n|-supereffective|p2a: hungry hungry\n|-damage|p2a: hungry hungry|12\/100\n|-hitcount|p2a: hungry hungry|5\n|\n|upkeep\n|turn|16\n|c| medi34|imagine if you had to roll for para on every individual bullet seed hit\n|c| medi34|that would suck\n|\n|t:|1699497939\n|move|p2a: hungry hungry|Slack Off|p2a: hungry hungry\n|-heal|p2a: hungry hungry|62\/100\n|move|p1a: Hercules|Bullet Seed|p2a: hungry hungry\n|-supereffective|p2a: hungry hungry\n|-crit|p2a: hungry hungry\n|-damage|p2a: hungry hungry|44\/100\n|-supereffective|p2a: hungry hungry\n|-damage|p2a: hungry hungry|31\/100\n|-supereffective|p2a: hungry hungry\n|-damage|p2a: hungry hungry|19\/100\n|-supereffective|p2a: hungry hungry\n|-damage|p2a: hungry hungry|7\/100\n|-supereffective|p2a: hungry hungry\n|-damage|p2a: hungry hungry|0 fnt\n|faint|p2a: hungry hungry\n|-hitcount|p2: hungry hungry|5\n|\n|upkeep\n|\n|t:|1699497972\n|switch|p2a: Bruce|Tapu Lele|100\/100\n|-fieldstart|move: Psychic Terrain|[from] ability: Psychic Surge|[of] p2a: Bruce\n|turn|17\n|\n|t:|1699497979\n|move|p2a: Bruce|Moonblast|p1a: Hercules\n|-supereffective|p1a: Hercules\n|-damage|p1a: Hercules|0 fnt\n|faint|p1a: Hercules\n|-damage|p2a: Bruce|91\/100|[from] item: Life Orb\n|\n|upkeep\n|\n|t:|1699498003\n|switch|p1a: Troll-time|Obstagoon, F|40\/100\n|-damage|p1a: Troll-time|28\/100|[from] Stealth Rock\n|turn|18\n|\n|t:|1699498019\n|move|p1a: Troll-time|Obstruct|p1a: Troll-time\n|-singleturn|p1a: Troll-time|Protect\n|move|p2a: Bruce|Moonblast|p1a: Troll-time\n|-activate|p1a: Troll-time|move: Protect\n|\n|upkeep\n|turn|19\n|l| BoyzArbokInTown03\n|\n|t:|1699498034\n|move|p2a: Bruce|Moonblast|p1a: Troll-time\n|-supereffective|p1a: Troll-time\n|-damage|p1a: Troll-time|0 fnt\n|faint|p1a: Troll-time\n|-damage|p2a: Bruce|81\/100|[from] item: Life Orb\n|\n|upkeep\n|\n|t:|1699498046\n|switch|p1a: Livewire|Xurkitree|82\/100\n|-damage|p1a: Livewire|70\/100|[from] Stealth Rock\n|turn|20\n|\n|t:|1699498059\n|move|p1a: Livewire|Thunderbolt|p2a: Bruce\n|-damage|p2a: Bruce|19\/100\n|-status|p2a: Bruce|par\n|cant|p2a: Bruce|par\n|\n|upkeep\n|turn|21\n|c|\u2606cincinnaticynda|nice\n|c| Waikiki Woopers|revenge of the para\n|\n|t:|1699498076\n|move|p1a: Livewire|Thunderbolt|p2a: Bruce\n|-damage|p2a: Bruce|0 fnt\n|faint|p2a: Bruce\n|-ability|p1a: Livewire|Beast Boost|boost\n|-boost|p1a: Livewire|spa|1\n|\n|-fieldend|move: Psychic Terrain\n|upkeep\n|\n|t:|1699498092\n|switch|p2a: Free Willy|Kyogre, shiny|100\/100\n|-weather|RainDance|[from] ability: Drizzle|[of] p2a: Free Willy\n|turn|22\n|\n|t:|1699498120\n|switch|p1a: FatherAquarius|Blastoise, M|100\/100\n|-damage|p1a: FatherAquarius|88\/100|[from] Stealth Rock\n|-terastallize|p2a: Free Willy|Ground\n|move|p2a: Free Willy|Water Spout|p1a: FatherAquarius\n|-resisted|p1a: FatherAquarius\n|-damage|p1a: FatherAquarius|0 fnt\n|faint|p1a: FatherAquarius\n|\n|-weather|RainDance|[upkeep]\n|upkeep\n|c| Waikiki Woopers|kyogre is insane\n|c|\u2606chikinwang|Darnit\n|\n|t:|1699498144\n|switch|p1a: Livewire|Xurkitree|70\/100\n|-damage|p1a: Livewire|57\/100|[from] Stealth Rock\n|turn|23\n|c| medi34|water spout is one of the moves of all time\n|\n|t:|1699498166\n|switch|p2a: Hubba Bubba|Goodra-Hisui, M|100\/100\n|move|p1a: Livewire|Energy Ball|p2a: Hubba Bubba\n|-resisted|p2a: Hubba Bubba\n|-damage|p2a: Hubba Bubba|96\/100\n|\n|-weather|RainDance|[upkeep]\n|-heal|p2a: Hubba Bubba|100\/100|[from] item: Leftovers\n|upkeep\n|turn|24\n|\n|t:|1699498177\n|switch|p1a: Darius|Dragonite, M|88\/100\n|-damage|p1a: Darius|63\/100|[from] Stealth Rock\n|move|p2a: Hubba Bubba|Acid Armor|p2a: Hubba Bubba\n|-boost|p2a: Hubba Bubba|def|2\n|\n|-weather|RainDance|[upkeep]\n|-heal|p1a: Darius|69\/100|[from] item: Leftovers\n|upkeep\n|turn|25\n|\n|t:|1699498215\n|move|p1a: Darius|Dragon Claw|p2a: Hubba Bubba\n|-damage|p2a: Hubba Bubba|80\/100\n|move|p2a: Hubba Bubba|Dragon Tail|p1a: Darius\n|-supereffective|p1a: Darius\n|-damage|p1a: Darius|22\/100\n|drag|p1a: Livewire|Xurkitree|57\/100\n|-damage|p1a: Livewire|45\/100|[from] Stealth Rock\n|\n|-weather|RainDance|[upkeep]\n|-heal|p2a: Hubba Bubba|86\/100|[from] item: Leftovers\n|upkeep\n|turn|26\n|\n|t:|1699498238\n|-terastallize|p1a: Livewire|Electric\n|move|p1a: Livewire|Thunderbolt|p2a: Hubba Bubba\n|-resisted|p2a: Hubba Bubba\n|-damage|p2a: Hubba Bubba|68\/100\n|move|p2a: Hubba Bubba|Body Press|p1a: Livewire\n|-damage|p1a: Livewire|0 fnt\n|faint|p1a: Livewire\n|\n|-weather|none\n|-heal|p2a: Hubba Bubba|74\/100|[from] item: Leftovers\n|upkeep\n|\n|t:|1699498249\n|switch|p1a: Darius|Dragonite, M|22\/100\n|-damage|p1a: Darius|0 fnt|[from] Stealth Rock\n|faint|p1a: Darius\n|\n|win|cincinnaticynda\n|c|\u2606cincinnaticynda|ggs dude!\n|c| Waikiki Woopers|ggs!\n|c|\u2606chikinwang|Gg\n|c| medi34|ggs\n","uploadtime":1699498258,"views":6,"p1id":"chikinwang","p2id":"cincinnaticynda","formatid":"gen9nationaldexubers","rating":0,"private":0,"password":""}