{"id":"gen9nationaldexubers-1986437427","p1":"techninja850","p2":"IDKwhattocallme25","format":"[Gen 9] National Dex Ubers","log":"|j|\u2606techninja850\n|j|\u2606IDKwhattocallme25\n|t:|1699479127\n|gametype|singles\n|player|p1|techninja850|266|1177\n|player|p2|IDKwhattocallme25|crasherwake|1263\n|teamsize|p1|6\n|teamsize|p2|6\n|gen|9\n|tier|[Gen 9] National Dex Ubers\n|rated|\n|rule|HP Percentage Mod: HP is shown in percentages\n|rule|Endless Battle Clause: Forcing endless battles is banned\n|rule|OHKO Clause: OHKO moves are banned\n|rule|Evasion Moves Clause: Evasion moves are banned\n|rule|Evasion Items Clause: Evasion items are banned\n|rule|Species Clause: Limit one of each Pok\u00e9mon\n|rule|Sleep Clause Mod: Limit one foe put to sleep\n|rule|Mega Rayquaza Clause: You cannot mega evolve Rayquaza\n|clearpoke\n|poke|p1|Oshawott, M|\n|poke|p1|Greninja-*, M|\n|poke|p1|Cyclizar, F|\n|poke|p1|Grimmsnarl, M|\n|poke|p1|Banette, F|\n|poke|p1|Kingambit, M|\n|poke|p2|Dracovish|\n|poke|p2|Mewtwo|\n|poke|p2|Zygarde|\n|poke|p2|Xerneas-*|\n|poke|p2|Blaziken, M|\n|poke|p2|Shuckle, F|\n|teampreview\n|inactive|Battle timer is ON: inactive players will automatically lose when time's up. (requested by IDKwhattocallme25)\n|\n|t:|1699479137\n|start\n|switch|p1a: Mr.Beast|Grimmsnarl, M, shiny|100\/100\n|switch|p2a: Shuckle|Shuckle, F|100\/100\n|turn|1\n|\n|t:|1699479143\n|move|p1a: Mr.Beast|Fake Out|p2a: Shuckle\n|-resisted|p2a: Shuckle\n|-damage|p2a: Shuckle|96\/100\n|cant|p2a: Shuckle|flinch\n|\n|-heal|p2a: Shuckle|100\/100|[from] item: Leftovers\n|upkeep\n|turn|2\n|\n|t:|1699479147\n|move|p1a: Mr.Beast|Taunt|p2a: Shuckle\n|-start|p2a: Shuckle|move: Taunt\n|move|p2a: Shuckle|Knock Off|p1a: Mr.Beast\n|-resisted|p1a: Mr.Beast\n|-damage|p1a: Mr.Beast|99\/100\n|-enditem|p1a: Mr.Beast|Leftovers|[from] move: Knock Off|[of] p2a: Shuckle\n|\n|upkeep\n|turn|3\n|\n|t:|1699479159\n|move|p1a: Mr.Beast|Spirit Break|p2a: Shuckle\n|-damage|p2a: Shuckle|72\/100\n|-unboost|p2a: Shuckle|spa|1\n|move|p2a: Shuckle|Knock Off|p1a: Mr.Beast\n|-resisted|p1a: Mr.Beast\n|-damage|p1a: Mr.Beast|98\/100\n|\n|-heal|p2a: Shuckle|78\/100|[from] item: Leftovers\n|upkeep\n|turn|4\n|\n|t:|1699479169\n|switch|p2a: Xerneas|Xerneas, shiny|100\/100\n|-ability|p2a: Xerneas|Fairy Aura\n|move|p1a: Mr.Beast|Spirit Break|p2a: Xerneas\n|-damage|p2a: Xerneas|57\/100\n|-unboost|p2a: Xerneas|spa|1\n|\n|upkeep\n|turn|5\n|\n|t:|1699479179\n|move|p1a: Mr.Beast|Parting Shot|p2a: Xerneas\n|-unboost|p2a: Xerneas|atk|1\n|-unboost|p2a: Xerneas|spa|1\n|\n|t:|1699479185\n|switch|p1a: Dattebayo|Greninja, M, shiny|100\/100|[from] Parting Shot\n|move|p2a: Xerneas|Geomancy||[still]\n|-prepare|p2a: Xerneas|Geomancy\n|-enditem|p2a: Xerneas|Power Herb\n|-anim|p2a: Xerneas|Geomancy|p2a: Xerneas\n|-boost|p2a: Xerneas|spa|2\n|-boost|p2a: Xerneas|spd|2\n|-boost|p2a: Xerneas|spe|2\n|\n|upkeep\n|turn|6\n|\n|t:|1699479193\n|move|p2a: Xerneas|Moonblast|p1a: Dattebayo\n|-supereffective|p1a: Dattebayo\n|-damage|p1a: Dattebayo|0 fnt\n|faint|p1a: Dattebayo\n|\n|upkeep\n|\n|t:|1699479213\n|switch|p1a: Masterbaiter|Banette, F|100\/100\n|turn|7\n|inactive|IDKwhattocallme25 has 120 seconds left.\n|\n|t:|1699479245\n|detailschange|p1a: Masterbaiter|Banette-Mega, F\n|-mega|p1a: Masterbaiter|Banette|Banettite\n|move|p2a: Xerneas|Moonblast|p1a: Masterbaiter\n|-damage|p1a: Masterbaiter|17\/100\n|move|p1a: Masterbaiter|Gunk Shot|p2a: Xerneas|[miss]\n|-miss|p1a: Masterbaiter|p2a: Xerneas\n|\n|upkeep\n|turn|8\n|\n|t:|1699479253\n|move|p1a: Masterbaiter|Destiny Bond|p1a: Masterbaiter\n|-singlemove|p1a: Masterbaiter|Destiny Bond\n|move|p2a: Xerneas|Moonblast|p1a: Masterbaiter\n|-damage|p1a: Masterbaiter|0 fnt\n|faint|p1a: Masterbaiter\n|-activate|p1a: Masterbaiter|move: Destiny Bond\n|faint|p2a: Xerneas\n|\n|upkeep\n|\n|t:|1699479259\n|switch|p2a: Shuckle|Shuckle, F|78\/100\n|switch|p1a: Zoomer|Cyclizar, F|100\/100\n|turn|9\n|\n|t:|1699479267\n|move|p1a: Zoomer|Draco Meteor|p2a: Shuckle|[miss]\n|-miss|p1a: Zoomer|p2a: Shuckle\n|move|p2a: Shuckle|Sticky Web|p1a: Zoomer\n|-sidestart|p1: techninja850|move: Sticky Web\n|\n|-heal|p2a: Shuckle|85\/100|[from] item: Leftovers\n|upkeep\n|turn|10\n|\n|t:|1699479271\n|move|p1a: Zoomer|Draco Meteor|p2a: Shuckle\n|-damage|p2a: Shuckle|60\/100\n|-unboost|p1a: Zoomer|spa|2\n|move|p2a: Shuckle|Knock Off|p1a: Zoomer\n|-damage|p1a: Zoomer|91\/100\n|-enditem|p1a: Zoomer|Leftovers|[from] move: Knock Off|[of] p2a: Shuckle\n|\n|-heal|p2a: Shuckle|66\/100|[from] item: Leftovers\n|upkeep\n|turn|11\n|\n|t:|1699479279\n|move|p1a: Zoomer|Rapid Spin|p2a: Shuckle\n|-resisted|p2a: Shuckle\n|-damage|p2a: Shuckle|61\/100\n|-boost|p1a: Zoomer|spe|1\n|-sideend|p1: techninja850|Sticky Web|[from] move: Rapid Spin|[of] p1a: Zoomer\n|move|p2a: Shuckle|Toxic|p1a: Zoomer|[miss]\n|-miss|p2a: Shuckle|p1a: Zoomer\n|\n|-heal|p2a: Shuckle|67\/100|[from] item: Leftovers\n|upkeep\n|turn|12\n|\n|t:|1699479283\n|move|p1a: Zoomer|Shed Tail|p1a: Zoomer\n|-start|p1a: Zoomer|Substitute|[from] move: Shed Tail\n|-damage|p1a: Zoomer|40\/100\n|\n|t:|1699479290\n|switch|p1a: Iguodala|Kingambit, M|100\/100|[from] Shed Tail\n|-activate|p1a: Iguodala|ability: Supreme Overlord\n|-start|p1a: Iguodala|fallen2|[silent]\n|-item|p1a: Iguodala|Air Balloon\n|move|p2a: Shuckle|Toxic||[still]\n|-fail|p2a: Shuckle\n|\n|-heal|p2a: Shuckle|73\/100|[from] item: Leftovers\n|upkeep\n|turn|13\n|\n|t:|1699479295\n|switch|p2a: Mewtwo|Mewtwo, shiny|100\/100\n|-ability|p2a: Mewtwo|Unnerve\n|move|p1a: Iguodala|Swords Dance|p1a: Iguodala\n|-boost|p1a: Iguodala|atk|2\n|\n|upkeep\n|turn|14\n|\n|t:|1699479303\n|move|p2a: Mewtwo|Aura Sphere|p1a: Iguodala\n|-supereffective|p1a: Iguodala\n|-end|p1a: Iguodala|Substitute\n|-enditem|p1a: Iguodala|Air Balloon\n|move|p1a: Iguodala|Kowtow Cleave|p2a: Mewtwo\n|-supereffective|p2a: Mewtwo\n|-damage|p2a: Mewtwo|0 fnt\n|faint|p2a: Mewtwo\n|\n|upkeep\n|\n|t:|1699479318\n|switch|p2a: Dracovish|Dracovish|100\/100\n|turn|15\n|\n|t:|1699479334\n|move|p2a: Dracovish|Fishious Rend|p1a: Iguodala\n|-damage|p1a: Iguodala|22\/100\n|move|p1a: Iguodala|Kowtow Cleave|p2a: Dracovish\n|-damage|p2a: Dracovish|0 fnt\n|faint|p2a: Dracovish\n|\n|upkeep\n|\n|t:|1699479342\n|switch|p2a: Blaziken|Blaziken, M|100\/100\n|turn|16\n|\n|t:|1699479346\n|move|p1a: Iguodala|Sucker Punch|p2a: Blaziken\n|-resisted|p2a: Blaziken\n|-damage|p2a: Blaziken|29\/100\n|move|p2a: Blaziken|Flare Blitz|p1a: Iguodala\n|-supereffective|p1a: Iguodala\n|-damage|p1a: Iguodala|0 fnt\n|faint|p1a: Iguodala\n|-end|p1a: Iguodala|fallen2|[silent]\n|-damage|p2a: Blaziken|20\/100|[from] Recoil\n|\n|-heal|p2a: Blaziken|26\/100|[from] item: Leftovers\n|-ability|p2a: Blaziken|Speed Boost|boost\n|-boost|p2a: Blaziken|spe|1\n|upkeep\n|\n|t:|1699479349\n|switch|p1a: Oshiwashi :3|Oshawott, M|100\/100\n|turn|17\n|\n|t:|1699479354\n|move|p2a: Blaziken|Protect|p2a: Blaziken\n|-singleturn|p2a: Blaziken|Protect\n|move|p1a: Oshiwashi :3|Aqua Jet|p2a: Blaziken\n|-activate|p2a: Blaziken|move: Protect\n|\n|-heal|p2a: Blaziken|32\/100|[from] item: Leftovers\n|-ability|p2a: Blaziken|Speed Boost|boost\n|-boost|p2a: Blaziken|spe|1\n|upkeep\n|turn|18\n|\n|t:|1699479363\n|move|p1a: Oshiwashi :3|Aqua Jet|p2a: Blaziken\n|-supereffective|p2a: Blaziken\n|-damage|p2a: Blaziken|0 fnt\n|faint|p2a: Blaziken\n|\n|upkeep\n|\n|t:|1699479378\n|switch|p2a: Zygarde|Zygarde|100\/100\n|turn|19\n|\n|t:|1699479381\n|move|p2a: Zygarde|Dragon Dance|p2a: Zygarde\n|-boost|p2a: Zygarde|atk|1\n|-boost|p2a: Zygarde|spe|1\n|move|p1a: Oshiwashi :3|Avalanche|p2a: Zygarde\n|-supereffective|p2a: Zygarde\n|-damage|p2a: Zygarde|56\/100\n|\n|upkeep\n|turn|20\n|\n|t:|1699479387\n|move|p2a: Zygarde|Dragon Dance|p2a: Zygarde\n|-boost|p2a: Zygarde|atk|1\n|-boost|p2a: Zygarde|spe|1\n|move|p1a: Oshiwashi :3|Avalanche|p2a: Zygarde\n|-supereffective|p2a: Zygarde\n|-damage|p2a: Zygarde|9\/100\n|\n|-activate|p2a: Zygarde|ability: Power Construct\n|detailschange|p2a: Zygarde|Zygarde-Complete\n|-heal|p2a: Zygarde|43\/100|[silent]\n|upkeep\n|turn|21\n|c|\u2606techninja850|dude\n|\n|t:|1699479401\n|move|p2a: Zygarde|Thousand Arrows|p1a: Oshiwashi :3\n|-enditem|p1a: Oshiwashi :3|Focus Sash\n|-damage|p1a: Oshiwashi :3|1\/100\n|move|p1a: Oshiwashi :3|Avalanche|p2a: Zygarde\n|-supereffective|p2a: Zygarde\n|-damage|p2a: Zygarde|0 fnt\n|faint|p2a: Zygarde\n|\n|upkeep\n|\n|t:|1699479408\n|switch|p2a: Shuckle|Shuckle, F|73\/100\n|turn|22\n|c|\u2606techninja850|u really gon let oshawott take down both ur mons\n|c|\u2606techninja850|oshawott bro\n|\n|t:|1699479416\n|move|p1a: Oshiwashi :3|Aqua Jet|p2a: Shuckle\n|-supereffective|p2a: Shuckle\n|-damage|p2a: Shuckle|55\/100\n|move|p2a: Shuckle|Knock Off|p1a: Oshiwashi :3\n|-damage|p1a: Oshiwashi :3|0 fnt\n|faint|p1a: Oshiwashi :3\n|\n|-heal|p2a: Shuckle|61\/100|[from] item: Leftovers\n|upkeep\n|-message|IDKwhattocallme25 forfeited.\n|\n|win|techninja850\n|raw|techninja850's rating: 1177 &rarr; <strong>1208<\/strong><br \/>(+31 for winning)\n|raw|IDKwhattocallme25's rating: 1263 &rarr; <strong>1232<\/strong><br \/>(-31 for losing)\n|l|\u2606IDKwhattocallme25\n","uploadtime":1699479434,"views":7,"p1id":"techninja850","p2id":"idkwhattocallme25","formatid":"gen9nationaldexubers","rating":1208,"private":0,"password":""}