{"id":"gen9nationaldexubers-1985726633","p1":"vic_ketchum","p2":"aywhatupbro","format":"[Gen 9] National Dex Ubers","log":"|j|\u2606vic_ketchum\n|j|\u2606aywhatupbro\n|t:|1699399771\n|gametype|singles\n|player|p1|vic_ketchum|ash-kalos|1057\n|player|p2|aywhatupbro|2|1024\n|teamsize|p1|6\n|teamsize|p2|6\n|gen|9\n|tier|[Gen 9] National Dex Ubers\n|rated|\n|rule|HP Percentage Mod: HP is shown in percentages\n|rule|Endless Battle Clause: Forcing endless battles is banned\n|rule|OHKO Clause: OHKO moves are banned\n|rule|Evasion Moves Clause: Evasion moves are banned\n|rule|Evasion Items Clause: Evasion items are banned\n|rule|Species Clause: Limit one of each Pok\u00e9mon\n|rule|Sleep Clause Mod: Limit one foe put to sleep\n|rule|Mega Rayquaza Clause: You cannot mega evolve Rayquaza\n|clearpoke\n|poke|p1|Mewtwo|\n|poke|p1|Pheromosa|\n|poke|p1|Deoxys|\n|poke|p1|Buzzwole|\n|poke|p1|Zoroark, M|\n|poke|p1|Scizor, M|\n|poke|p2|Roggenrola, M|\n|poke|p2|Bonsly, F|\n|poke|p2|Pineco, M|\n|poke|p2|Geodude-Alola, F|\n|poke|p2|Magnemite|\n|poke|p2|Kingambit, F|\n|teampreview\n|inactive|Battle timer is ON: inactive players will automatically lose when time's up. (requested by vic_ketchum)\n|\n|t:|1699399784\n|start\n|switch|p1a: CELL|Pheromosa|100\/100\n|switch|p2a: Roggenrola|Roggenrola, M|100\/100\n|turn|1\n|\n|t:|1699399790\n|move|p1a: CELL|Ice Beam|p2a: Roggenrola\n|-damage|p2a: Roggenrola|4\/100\n|-status|p2a: Roggenrola|frz\n|cant|p2a: Roggenrola|frz\n|\n|upkeep\n|turn|2\n|\n|t:|1699399798\n|move|p1a: CELL|Bug Buzz|p2a: Roggenrola\n|-damage|p2a: Roggenrola|0 fnt\n|faint|p2a: Roggenrola\n|-ability|p1a: CELL|Beast Boost|boost\n|-boost|p1a: CELL|atk|1\n|\n|upkeep\n|\n|t:|1699399803\n|switch|p2a: Bonsly|Bonsly, F|100\/100\n|turn|3\n|\n|t:|1699399807\n|move|p1a: CELL|Ice Beam|p2a: Bonsly\n|-damage|p2a: Bonsly|31\/100\n|move|p2a: Bonsly|Explosion|p1a: CELL\n|-enditem|p1a: CELL|Focus Sash\n|-damage|p1a: CELL|1\/100\n|faint|p2a: Bonsly\n|\n|upkeep\n|\n|t:|1699399814\n|switch|p2a: Pineco|Pineco, M|100\/100\n|turn|4\n|\n|t:|1699399818\n|move|p1a: CELL|Poison Jab|p2a: Pineco\n|-damage|p2a: Pineco|35\/100\n|-status|p2a: Pineco|psn\n|move|p2a: Pineco|Explosion|p1a: CELL\n|-damage|p1a: CELL|0 fnt\n|faint|p2a: Pineco\n|faint|p1a: CELL\n|\n|upkeep\n|\n|t:|1699399827\n|switch|p1a: XICOR|Scizor, M, shiny|100\/100\n|switch|p2a: Geodude|Geodude-Alola, F|100\/100\n|turn|5\n|\n|t:|1699399833\n|-terastallize|p1a: XICOR|Ghost\n|move|p1a: XICOR|Dark Pulse|p2a: Geodude\n|-ability|p2a: Geodude|Sturdy\n|-damage|p2a: Geodude|1\/100\n|move|p2a: Geodude|Explosion|p1a: XICOR\n|-immune|p1a: XICOR\n|faint|p2a: Geodude\n|\n|upkeep\n|\n|t:|1699399842\n|switch|p2a: Magnemite|Magnemite|100\/100\n|turn|6\n|\n|t:|1699399846\n|move|p1a: XICOR|Flamethrower|p2a: Magnemite\n|-supereffective|p2a: Magnemite\n|-ability|p2a: Magnemite|Sturdy\n|-damage|p2a: Magnemite|1\/100\n|-status|p2a: Magnemite|brn\n|move|p2a: Magnemite|Explosion|p1a: XICOR\n|-immune|p1a: XICOR\n|faint|p2a: Magnemite\n|\n|upkeep\n|\n|t:|1699399855\n|switch|p2a: Kingambit|Kingambit, F|100\/100\n|-activate|p2a: Kingambit|ability: Supreme Overlord\n|-start|p2a: Kingambit|fallen5|[silent]\n|turn|7\n|\n|t:|1699399859\n|move|p2a: Kingambit|Sucker Punch|p1a: XICOR\n|-supereffective|p1a: XICOR\n|-enditem|p1a: XICOR|Focus Sash\n|-damage|p1a: XICOR|1\/100\n|replace|p1a: ZAMAS|Zoroark, M\n|-end|p1a: ZAMAS|Illusion\n|move|p1a: ZAMAS|Brick Break|p2a: Kingambit\n|-supereffective|p2a: Kingambit\n|-damage|p2a: Kingambit|53\/100\n|\n|upkeep\n|turn|8\n|\n|t:|1699399867\n|move|p2a: Kingambit|Sucker Punch|p1a: ZAMAS\n|-supereffective|p1a: ZAMAS\n|-damage|p1a: ZAMAS|0 fnt\n|faint|p1a: ZAMAS\n|\n|upkeep\n|\n|t:|1699399876\n|switch|p1a: MAJIN BUU|Deoxys|100\/100\n|-ability|p1a: MAJIN BUU|Pressure\n|turn|9\n|\n|t:|1699399884\n|-terastallize|p2a: Kingambit|Dark\n|move|p2a: Kingambit|Sucker Punch|p1a: MAJIN BUU\n|-supereffective|p1a: MAJIN BUU\n|-enditem|p1a: MAJIN BUU|Focus Sash\n|-damage|p1a: MAJIN BUU|1\/100\n|move|p1a: MAJIN BUU|Fire Punch|p2a: Kingambit\n|-damage|p2a: Kingambit|34\/100\n|\n|upkeep\n|turn|10\n|\n|t:|1699399894\n|move|p2a: Kingambit|Sucker Punch|p1a: MAJIN BUU\n|-supereffective|p1a: MAJIN BUU\n|-damage|p1a: MAJIN BUU|0 fnt\n|faint|p1a: MAJIN BUU\n|\n|upkeep\n|\n|t:|1699399898\n|switch|p1a: XICOR|Scizor, M, shiny|100\/100\n|turn|11\n|\n|t:|1699399901\n|move|p2a: Kingambit|Sucker Punch||[still]\n|-fail|p2a: Kingambit\n|move|p1a: XICOR|Swords Dance|p1a: XICOR\n|-boost|p1a: XICOR|atk|2\n|\n|upkeep\n|turn|12\n|\n|t:|1699399907\n|move|p2a: Kingambit|Sucker Punch||[still]\n|-fail|p2a: Kingambit\n|move|p1a: XICOR|Swords Dance|p1a: XICOR\n|-boost|p1a: XICOR|atk|2\n|\n|upkeep\n|turn|13\n|\n|t:|1699399914\n|move|p1a: XICOR|Swords Dance|p1a: XICOR\n|-boost|p1a: XICOR|atk|2\n|move|p2a: Kingambit|Poison Jab|p1a: XICOR\n|-immune|p1a: XICOR\n|\n|upkeep\n|turn|14\n|\n|t:|1699399939\n|move|p1a: XICOR|Bullet Punch|p2a: Kingambit\n|-damage|p2a: Kingambit|0 fnt\n|faint|p2a: Kingambit\n|-end|p2a: Kingambit|fallen5|[silent]\n|\n|win|vic_ketchum\n|raw|vic_ketchum's rating: 1057 &rarr; <strong>1085<\/strong><br \/>(+28 for winning)\n|raw|aywhatupbro's rating: 1024 &rarr; <strong>1012<\/strong><br \/>(-12 for losing)\n|l|\u2606aywhatupbro\n","uploadtime":1699399945,"views":4,"p1id":"vicketchum","p2id":"aywhatupbro","formatid":"gen9nationaldexubers","rating":1012,"private":0,"password":""}