{"id":"gen9nationaldexubers-1990448657","p1":"jzhuc1841","p2":"C0ld as Ice","format":"[Gen 9] National Dex Ubers","log":"|j|\u2606jzhuc1841\n|j|\u2606C0ld as Ice\n|t:|1699971975\n|gametype|singles\n|player|p1|jzhuc1841|hilbert-wonderlauncher|1516\n|player|p2|C0ld as Ice|1|1845\n|teamsize|p1|6\n|teamsize|p2|6\n|gen|9\n|tier|[Gen 9] National Dex Ubers\n|rated|\n|rule|HP Percentage Mod: HP is shown in percentages\n|rule|Endless Battle Clause: Forcing endless battles is banned\n|rule|OHKO Clause: OHKO moves are banned\n|rule|Evasion Moves Clause: Evasion moves are banned\n|rule|Evasion Items Clause: Evasion items are banned\n|rule|Species Clause: Limit one of each Pok\u00e9mon\n|rule|Sleep Clause Mod: Limit one foe put to sleep\n|rule|Mega Rayquaza Clause: You cannot mega evolve Rayquaza\n|clearpoke\n|poke|p1|Kyurem-Black|\n|poke|p1|Salamence, M|\n|poke|p1|Groudon|\n|poke|p1|Yveltal|\n|poke|p1|Arceus|\n|poke|p1|Zacian-*|\n|poke|p2|Chien-Pao|\n|poke|p2|Necrozma-Dusk-Mane|\n|poke|p2|Ho-Oh|\n|poke|p2|Groudon, L99|\n|poke|p2|Arceus-Water|\n|poke|p2|Yveltal|\n|teampreview\n|inactive|Battle timer is ON: inactive players will automatically lose when time's up. (requested by C0ld as Ice)\n|\n|t:|1699971984\n|start\n|switch|p1a: Groudon|Groudon|100\/100\n|switch|p2a: Groudon|Groudon, L99, shiny|100\/100\n|detailschange|p1a: Groudon|Groudon-Primal\n|-primal|p1a: Groudon|Red Orb\n|-weather|DesolateLand|[from] ability: Desolate Land|[of] p1a: Groudon\n|detailschange|p2a: Groudon|Groudon-Primal, L99, shiny\n|-primal|p2a: Groudon|Red Orb\n|turn|1\n|\n|t:|1699971994\n|switch|p1a: Salamence|Salamence, M|100\/100\n|-ability|p1a: Salamence|Intimidate|boost\n|-unboost|p2a: Groudon|atk|1\n|-weather|none\n|switch|p2a: Yveltal|Yveltal, shiny|100\/100\n|-ability|p2a: Yveltal|Dark Aura\n|\n|upkeep\n|turn|2\n|j| EpicGamer069420\n|\n|t:|1699972003\n|detailschange|p1a: Salamence|Salamence-Mega, M\n|-mega|p1a: Salamence|Salamence|Salamencite\n|move|p2a: Yveltal|Foul Play|p1a: Salamence\n|-damage|p1a: Salamence|69\/100\n|move|p1a: Salamence|Dragon Dance|p1a: Salamence\n|-boost|p1a: Salamence|atk|1\n|-boost|p1a: Salamence|spe|1\n|\n|upkeep\n|turn|3\n|\n|t:|1699972010\n|move|p1a: Salamence|Return|p2a: Yveltal\n|-damage|p2a: Yveltal|38\/100\n|move|p2a: Yveltal|Foul Play|p1a: Salamence\n|-damage|p1a: Salamence|25\/100\n|\n|upkeep\n|turn|4\n|\n|t:|1699972025\n|switch|p2a: Necrozma|Necrozma-Dusk-Mane, shiny|100\/100\n|move|p1a: Salamence|Roost|p1a: Salamence\n|-heal|p1a: Salamence|75\/100\n|-singleturn|p1a: Salamence|move: Roost\n|\n|upkeep\n|turn|5\n|\n|t:|1699972032\n|move|p1a: Salamence|Earthquake|p2a: Necrozma\n|-supereffective|p2a: Necrozma\n|-damage|p2a: Necrozma|47\/100\n|move|p2a: Necrozma|Moonlight|p2a: Necrozma\n|-heal|p2a: Necrozma|97\/100\n|\n|upkeep\n|turn|6\n|\n|t:|1699972040\n|move|p1a: Salamence|Dragon Dance|p1a: Salamence\n|-boost|p1a: Salamence|atk|1\n|-boost|p1a: Salamence|spe|1\n|-zpower|p2a: Necrozma\n|move|p2a: Necrozma|Searing Sunraze Smash|p1a: Salamence|[zeffect]\n|-damage|p1a: Salamence|18\/100\n|\n|upkeep\n|turn|7\n|\n|t:|1699972050\n|move|p1a: Salamence|Roost|p1a: Salamence\n|-heal|p1a: Salamence|68\/100\n|-singleturn|p1a: Salamence|move: Roost\n|move|p2a: Necrozma|Dragon Dance|p2a: Necrozma\n|-boost|p2a: Necrozma|atk|1\n|-boost|p2a: Necrozma|spe|1\n|\n|upkeep\n|turn|8\n|\n|t:|1699972057\n|move|p1a: Salamence|Earthquake|p2a: Necrozma\n|-supereffective|p2a: Necrozma\n|-crit|p2a: Necrozma\n|-damage|p2a: Necrozma|0 fnt\n|faint|p2a: Necrozma\n|\n|upkeep\n|\n|t:|1699972060\n|switch|p2a: Chien-Pao|Chien-Pao|100\/100\n|-ability|p2a: Chien-Pao|Sword of Ruin\n|turn|9\n|\n|t:|1699972064\n|move|p2a: Chien-Pao|Ice Shard|p1a: Salamence\n|-supereffective|p1a: Salamence\n|-damage|p1a: Salamence|0 fnt\n|faint|p1a: Salamence\n|\n|upkeep\n|\n|t:|1699972072\n|switch|p1a: Zacian|Zacian-Crowned|100\/100\n|-ability|p1a: Zacian|Intrepid Sword|boost\n|-boost|p1a: Zacian|atk|1\n|turn|10\n|\n|t:|1699972077\n|switch|p2a: Ho-Oh|Ho-Oh, shiny|100\/100\n|move|p1a: Zacian|Close Combat|p2a: Ho-Oh\n|-resisted|p2a: Ho-Oh\n|-damage|p2a: Ho-Oh|73\/100\n|-unboost|p1a: Zacian|def|1\n|-unboost|p1a: Zacian|spd|1\n|\n|upkeep\n|turn|11\n|\n|t:|1699972083\n|switch|p1a: Yveltal|Yveltal|100\/100\n|-ability|p1a: Yveltal|Dark Aura\n|switch|p2a: Groudon|Groudon-Primal, L99, shiny|100\/100\n|-weather|DesolateLand|[from] ability: Desolate Land|[of] p2a: Groudon\n|\n|-weather|DesolateLand|[upkeep]\n|upkeep\n|turn|12\n|\n|t:|1699972089\n|-weather|none\n|switch|p2a: Arceus|Arceus-Water|100\/100\n|move|p1a: Yveltal|Dark Pulse|p2a: Arceus\n|-damage|p2a: Arceus|57\/100\n|\n|upkeep\n|turn|13\n|\n|t:|1699972095\n|move|p2a: Arceus|Recover|p2a: Arceus\n|-heal|p2a: Arceus|100\/100\n|move|p1a: Yveltal|Dark Pulse|p2a: Arceus\n|-damage|p2a: Arceus|58\/100\n|\n|upkeep\n|turn|14\n|\n|t:|1699972101\n|move|p2a: Arceus|Toxic|p1a: Yveltal\n|-status|p1a: Yveltal|tox\n|move|p1a: Yveltal|Dark Pulse|p2a: Arceus\n|-damage|p2a: Arceus|16\/100\n|\n|-damage|p1a: Yveltal|94\/100 tox|[from] psn\n|upkeep\n|turn|15\n|\n|t:|1699972107\n|move|p2a: Arceus|Recover|p2a: Arceus\n|-heal|p2a: Arceus|66\/100\n|move|p1a: Yveltal|U-turn|p2a: Arceus\n|-damage|p2a: Arceus|54\/100\n|\n|t:|1699972118\n|switch|p1a: Arceus|Arceus|100\/100|[from] U-turn\n|\n|upkeep\n|turn|16\n|\n|t:|1699972121\n|move|p2a: Arceus|Taunt|p1a: Arceus\n|-start|p1a: Arceus|move: Taunt\n|cant|p1a: Arceus|move: Taunt|Swords Dance\n|\n|upkeep\n|turn|17\n|\n|t:|1699972127\n|switch|p1a: Zacian|Zacian-Crowned|100\/100\n|move|p2a: Arceus|Recover|p2a: Arceus\n|-heal|p2a: Arceus|100\/100\n|\n|upkeep\n|turn|18\n|\n|t:|1699972132\n|switch|p2a: Ho-Oh|Ho-Oh, shiny|100\/100\n|move|p1a: Zacian|Swords Dance|p1a: Zacian\n|-boost|p1a: Zacian|atk|2\n|\n|upkeep\n|turn|19\n|\n|t:|1699972139\n|switch|p1a: Yveltal|Yveltal|94\/100 tox\n|-ability|p1a: Yveltal|Dark Aura\n|-terastallize|p2a: Ho-Oh|Grass\n|move|p2a: Ho-Oh|Sacred Fire|p1a: Yveltal\n|-damage|p1a: Yveltal|29\/100 tox\n|\n|-damage|p1a: Yveltal|23\/100 tox|[from] psn\n|upkeep\n|turn|20\n|\n|t:|1699972147\n|switch|p2a: Arceus|Arceus-Water|100\/100\n|move|p1a: Yveltal|Oblivion Wing|p2a: Arceus\n|-damage|p2a: Arceus|71\/100\n|-heal|p1a: Yveltal|46\/100 tox|[from] drain|[of] p2a: Arceus\n|\n|-damage|p1a: Yveltal|34\/100 tox|[from] psn\n|upkeep\n|turn|21\n|\n|t:|1699972152\n|move|p2a: Arceus|Ice Beam|p1a: Yveltal\n|-supereffective|p1a: Yveltal\n|-damage|p1a: Yveltal|0 fnt\n|faint|p1a: Yveltal\n|\n|upkeep\n|\n|t:|1699972158\n|switch|p1a: Kyurem|Kyurem-Black|100\/100\n|-ability|p1a: Kyurem|Teravolt\n|turn|22\n|\n|t:|1699972163\n|move|p2a: Arceus|Taunt|p1a: Kyurem\n|-start|p1a: Kyurem|move: Taunt\n|move|p1a: Kyurem|Fusion Bolt|p2a: Arceus\n|-supereffective|p2a: Arceus\n|-damage|p2a: Arceus|16\/100\n|\n|upkeep\n|turn|23\n|\n|t:|1699972171\n|switch|p1a: Zacian|Zacian-Crowned|100\/100\n|move|p2a: Arceus|Recover|p2a: Arceus\n|-heal|p2a: Arceus|66\/100\n|\n|upkeep\n|turn|24\n|l| EpicGamer069420\n|inactive|C0ld as Ice has 120 seconds left.\n|\n|t:|1699972212\n|switch|p1a: Kyurem|Kyurem-Black|100\/100\n|-ability|p1a: Kyurem|Teravolt\n|switch|p2a: Ho-Oh|Ho-Oh, shiny, tera:Grass|100\/100\n|\n|upkeep\n|turn|25\n|inactive|C0ld as Ice has 120 seconds left.\n|\n|t:|1699972225\n|switch|p2a: Chien-Pao|Chien-Pao|100\/100\n|-ability|p2a: Chien-Pao|Sword of Ruin\n|move|p1a: Kyurem|Icicle Spear|p2a: Chien-Pao\n|-resisted|p2a: Chien-Pao\n|-damage|p2a: Chien-Pao|89\/100\n|-resisted|p2a: Chien-Pao\n|-damage|p2a: Chien-Pao|77\/100\n|-resisted|p2a: Chien-Pao\n|-damage|p2a: Chien-Pao|66\/100\n|-resisted|p2a: Chien-Pao\n|-damage|p2a: Chien-Pao|55\/100\n|-hitcount|p2a: Chien-Pao|4\n|\n|upkeep\n|turn|26\n|j| EpicGamer069420\n|inactive|C0ld as Ice has 120 seconds left.\n|\n|t:|1699972248\n|-terastallize|p1a: Kyurem|Electric\n|move|p2a: Chien-Pao|Crunch|p1a: Kyurem\n|-damage|p1a: Kyurem|35\/100\n|move|p1a: Kyurem|Dragon Dance|p1a: Kyurem\n|-boost|p1a: Kyurem|atk|1\n|-boost|p1a: Kyurem|spe|1\n|\n|upkeep\n|turn|27\n|inactive|C0ld as Ice has 120 seconds left.\n|\n|t:|1699972254\n|move|p1a: Kyurem|Fusion Bolt|p2a: Chien-Pao\n|-damage|p2a: Chien-Pao|0 fnt\n|faint|p2a: Chien-Pao\n|\n|upkeep\n|\n|t:|1699972257\n|switch|p2a: Groudon|Groudon-Primal, L99, shiny|100\/100\n|-weather|DesolateLand|[from] ability: Desolate Land|[of] p2a: Groudon\n|turn|28\n|\n|t:|1699972260\n|move|p1a: Kyurem|Icicle Spear|p2a: Groudon\n|-damage|p2a: Groudon|90\/100\n|-damage|p2a: Groudon|79\/100\n|-damage|p2a: Groudon|67\/100\n|-crit|p2a: Groudon\n|-damage|p2a: Groudon|50\/100\n|-damage|p2a: Groudon|38\/100\n|-hitcount|p2a: Groudon|5\n|move|p2a: Groudon|Precipice Blades|p1a: Kyurem\n|-supereffective|p1a: Kyurem\n|-damage|p1a: Kyurem|0 fnt\n|faint|p1a: Kyurem\n|\n|-weather|DesolateLand|[upkeep]\n|upkeep\n|\n|t:|1699972271\n|switch|p1a: Arceus|Arceus|100\/100\n|turn|29\n|\n|t:|1699972290\n|move|p1a: Arceus|Swords Dance|p1a: Arceus\n|-boost|p1a: Arceus|atk|2\n|move|p2a: Groudon|Dragon Tail|p1a: Arceus\n|-damage|p1a: Arceus|89\/100\n|drag|p1a: Zacian|Zacian-Crowned|100\/100\n|\n|-weather|DesolateLand|[upkeep]\n|upkeep\n|turn|30\n|\n|t:|1699972297\n|move|p1a: Zacian|Close Combat|p2a: Groudon\n|-damage|p2a: Groudon|16\/100\n|-unboost|p1a: Zacian|def|1\n|-unboost|p1a: Zacian|spd|1\n|move|p2a: Groudon|Precipice Blades|p1a: Zacian|[miss]\n|-miss|p2a: Groudon|p1a: Zacian\n|\n|-weather|DesolateLand|[upkeep]\n|upkeep\n|turn|31\n|\n|t:|1699972304\n|move|p1a: Zacian|Close Combat|p2a: Groudon\n|-damage|p2a: Groudon|0 fnt\n|-unboost|p1a: Zacian|def|1\n|-unboost|p1a: Zacian|spd|1\n|faint|p2a: Groudon\n|-weather|none\n|\n|upkeep\n|\n|t:|1699972307\n|switch|p2a: Ho-Oh|Ho-Oh, shiny, tera:Grass|100\/100\n|turn|32\n|\n|t:|1699972313\n|switch|p1a: Groudon|Groudon-Primal|100\/100\n|-weather|DesolateLand|[from] ability: Desolate Land|[of] p1a: Groudon\n|move|p2a: Ho-Oh|Sacred Fire|p1a: Groudon\n|-resisted|p1a: Groudon\n|-damage|p1a: Groudon|66\/100\n|\n|-weather|DesolateLand|[upkeep]\n|upkeep\n|turn|33\n|\n|t:|1699972320\n|switch|p2a: Arceus|Arceus-Water|66\/100\n|move|p1a: Groudon|Rock Polish|p1a: Groudon\n|-boost|p1a: Groudon|spe|2\n|\n|-weather|DesolateLand|[upkeep]\n|upkeep\n|turn|34\n|l|\u2606C0ld as Ice\n|inactive|C0ld as Ice disconnected and has a minute to reconnect!\n|player|p2|\n|inactive|C0ld as Ice has 30 seconds to reconnect!\n|inactive|C0ld as Ice has 20 seconds to reconnect!\n|inactive|C0ld as Ice has 15 seconds to reconnect!\n|inactive|C0ld as Ice has 10 seconds to reconnect!\n|inactive|C0ld as Ice has 5 seconds to reconnect!\n|-message|C0ld as Ice lost due to inactivity.\n|\n|win|jzhuc1841\n|raw|jzhuc1841's rating: 1516 &rarr; <strong>1550<\/strong><br \/>(+34 for winning)\n|raw|C0ld as Ice's rating: 1820 &rarr; <strong>1786<\/strong><br \/>(-34 for losing)\n|l| EpicGamer069420\n|j| qingche\n|j| qhjm1\n|l|\u2606jzhuc1841\n","uploadtime":1699972403,"views":7,"p1id":"jzhuc1841","p2id":"c0ldasice","formatid":"gen9nationaldexubers","rating":1550,"private":0,"password":""}