{"id":"gen9nationaldexubers-1983062983","p1":"3q5f","p2":"gigathad","format":"[Gen 9] National Dex Ubers","log":"|j|\u26063q5f\n|j|\u2606gigathad\n|t:|1699077903\n|gametype|singles\n|player|p1|3q5f|pokemaniac|1117\n|player|p2|gigathad|pokekid|1049\n|teamsize|p1|6\n|teamsize|p2|6\n|gen|9\n|tier|[Gen 9] National Dex Ubers\n|rated|\n|rule|HP Percentage Mod: HP is shown in percentages\n|rule|Endless Battle Clause: Forcing endless battles is banned\n|rule|OHKO Clause: OHKO moves are banned\n|rule|Evasion Moves Clause: Evasion moves are banned\n|rule|Evasion Items Clause: Evasion items are banned\n|rule|Species Clause: Limit one of each Pok\u00e9mon\n|rule|Sleep Clause Mod: Limit one foe put to sleep\n|rule|Mega Rayquaza Clause: You cannot mega evolve Rayquaza\n|clearpoke\n|poke|p1|Medicham, M|\n|poke|p1|Mewtwo|\n|poke|p1|Gliscor, F|\n|poke|p1|Iron Valiant|\n|poke|p1|Annihilape, F|\n|poke|p1|Baxcalibur, M|\n|poke|p2|Zygarde|\n|poke|p2|Groudon|\n|poke|p2|Xerneas-*|\n|poke|p2|Zacian-*|\n|poke|p2|Ho-Oh|\n|poke|p2|Palkia-Origin|\n|teampreview\n|inactive|Battle timer is ON: inactive players will automatically lose when time's up. (requested by gigathad)\n|\n|t:|1699077915\n|start\n|switch|p1a: Medicham|Medicham, M|100\/100\n|switch|p2a: Palkia|Palkia-Origin|100\/100\n|-ability|p2a: Palkia|Pressure\n|turn|1\n|\n|t:|1699077926\n|move|p2a: Palkia|Spacial Rend|p1a: Medicham\n|-enditem|p1a: Medicham|Focus Sash\n|-damage|p1a: Medicham|1\/100\n|move|p1a: Medicham|Skill Swap|p2a: Palkia\n|-activate|p1a: Medicham|move: Skill Swap|Pressure|Pure Power|[of] p2a: Palkia\n|-ability|p1a: Medicham|Pressure\n|\n|upkeep\n|turn|2\n|\n|t:|1699077936\n|move|p1a: Medicham|Bullet Punch|p2a: Palkia\n|-resisted|p2a: Palkia\n|-damage|p2a: Palkia|96\/100\n|move|p2a: Palkia|Spacial Rend|p1a: Medicham\n|-damage|p1a: Medicham|0 fnt\n|faint|p1a: Medicham\n|\n|upkeep\n|\n|t:|1699077941\n|switch|p1a: Mewtwo|Mewtwo|100\/100\n|-ability|p1a: Mewtwo|Pressure\n|turn|3\n|\n|t:|1699077947\n|switch|p2a: Groudon|Groudon|100\/100\n|detailschange|p2a: Groudon|Groudon-Primal\n|-primal|p2a: Groudon|Red Orb\n|-weather|DesolateLand|[from] ability: Desolate Land|[of] p2a: Groudon\n|detailschange|p1a: Mewtwo|Mewtwo-Mega-X\n|-mega|p1a: Mewtwo|Mewtwo|Mewtwonite X\n|move|p1a: Mewtwo|Skill Swap|p2a: Groudon\n|-activate|p1a: Mewtwo|move: Skill Swap|Desolate Land|Steadfast|[of] p2a: Groudon\n|-weather|none\n|-weather|DesolateLand|[from] ability: Desolate Land|[of] p1a: Mewtwo\n|\n|-weather|DesolateLand|[upkeep]\n|upkeep\n|turn|4\n|\n|t:|1699077960\n|-weather|none\n|switch|p1a: Gliscor|Gliscor, F|100\/100\n|move|p2a: Groudon|Spikes|p1a: Gliscor\n|-sidestart|p1: 3q5f|Spikes\n|\n|-status|p1a: Gliscor|tox|[from] item: Toxic Orb\n|upkeep\n|turn|5\n|\n|t:|1699077967\n|move|p1a: Gliscor|Facade|p2a: Groudon\n|-damage|p2a: Groudon|80\/100\n|move|p2a: Groudon|Spikes|p1a: Gliscor\n|-sidestart|p1: 3q5f|Spikes\n|\n|upkeep\n|turn|6\n|\n|t:|1699077976\n|move|p1a: Gliscor|Crabhammer|p2a: Groudon\n|-supereffective|p2a: Groudon\n|-damage|p2a: Groudon|20\/100\n|move|p2a: Groudon|Spikes|p1a: Gliscor\n|-sidestart|p1: 3q5f|Spikes\n|\n|upkeep\n|turn|7\n|\n|t:|1699077984\n|switch|p2a: Palkia|Palkia-Origin|96\/100\n|-ability|p2a: Palkia|Pressure\n|move|p1a: Gliscor|Crabhammer|p2a: Palkia\n|-resisted|p2a: Palkia\n|-damage|p2a: Palkia|89\/100\n|\n|upkeep\n|turn|8\n|\n|t:|1699077993\n|move|p2a: Palkia|Hydro Pump|p1a: Gliscor\n|-supereffective|p1a: Gliscor\n|-damage|p1a: Gliscor|0 fnt\n|faint|p1a: Gliscor\n|\n|upkeep\n|\n|t:|1699077997\n|switch|p1a: Mewtwo|Mewtwo-Mega-X|100\/100\n|-damage|p1a: Mewtwo|76\/100|[from] Spikes\n|turn|9\n|\n|t:|1699078005\n|move|p2a: Palkia|Spacial Rend|p1a: Mewtwo|[miss]\n|-miss|p2a: Palkia|p1a: Mewtwo\n|move|p1a: Mewtwo|Skill Swap|p2a: Palkia\n|-activate|p1a: Mewtwo|move: Skill Swap|Pressure|Steadfast|[of] p2a: Palkia\n|-ability|p1a: Mewtwo|Pressure\n|\n|upkeep\n|turn|10\n|\n|t:|1699078022\n|move|p2a: Palkia|Hydro Pump|p1a: Mewtwo\n|-damage|p1a: Mewtwo|8\/100\n|move|p1a: Mewtwo|Knock Off|p2a: Palkia\n|-damage|p2a: Palkia|56\/100\n|\n|upkeep\n|turn|11\n|c|\u2606gigathad|why do u want to skill swap me so bad\n|\n|t:|1699078032\n|move|p2a: Palkia|Hydro Pump|p1a: Mewtwo\n|-damage|p1a: Mewtwo|0 fnt\n|faint|p1a: Mewtwo\n|\n|upkeep\n|\n|t:|1699078037\n|switch|p1a: Baxcalibur|Baxcalibur, M|100\/100\n|-damage|p1a: Baxcalibur|76\/100|[from] Spikes\n|turn|12\n|\n|t:|1699078041\n|-terastallize|p1a: Baxcalibur|Fairy\n|move|p2a: Palkia|Spacial Rend|p1a: Baxcalibur\n|-immune|p1a: Baxcalibur\n|move|p1a: Baxcalibur|Swords Dance|p1a: Baxcalibur\n|-boost|p1a: Baxcalibur|atk|2\n|\n|upkeep\n|turn|13\n|\n|t:|1699078048\n|move|p2a: Palkia|Hydro Pump|p1a: Baxcalibur\n|-damage|p1a: Baxcalibur|0 fnt\n|faint|p1a: Baxcalibur\n|\n|upkeep\n|c|\u2606gigathad|answer me\n|-message|3q5f forfeited.\n|\n|win|gigathad\n|raw|3q5f's rating: 1117 &rarr; <strong>1087<\/strong><br \/>(-30 for losing)\n|raw|gigathad's rating: 1049 &rarr; <strong>1088<\/strong><br \/>(+39 for winning)\n|l|\u26063q5f\n|c|\u2606gigathad|bro\n","uploadtime":1699078860,"views":10,"p1id":"3q5f","p2id":"gigathad","formatid":"gen9nationaldexubers","rating":1087,"private":0,"password":""}