{"id":"gen9nationaldexubers-1986641766","p1":"Cadusat","p2":"Sol Lugia2","format":"[Gen 9] National Dex Ubers","log":"|j|\u2606Cadusat\n|j|\u2606Sol Lugia2\n|t:|1699501384\n|gametype|singles\n|player|p1|Cadusat|saturn|1031\n|player|p2|Sol Lugia2|unknown|1089\n|teamsize|p1|6\n|teamsize|p2|6\n|gen|9\n|tier|[Gen 9] National Dex Ubers\n|rated|\n|rule|HP Percentage Mod: HP is shown in percentages\n|rule|Endless Battle Clause: Forcing endless battles is banned\n|rule|OHKO Clause: OHKO moves are banned\n|rule|Evasion Moves Clause: Evasion moves are banned\n|rule|Evasion Items Clause: Evasion items are banned\n|rule|Species Clause: Limit one of each Pok\u00e9mon\n|rule|Sleep Clause Mod: Limit one foe put to sleep\n|rule|Mega Rayquaza Clause: You cannot mega evolve Rayquaza\n|clearpoke\n|poke|p1|Charizard, M|\n|poke|p1|Wishiwashi, F|\n|poke|p1|Togekiss, M|\n|poke|p1|Ursaluna, M|\n|poke|p1|Dragapult, F|\n|poke|p1|Gogoat, M|\n|poke|p2|Galvantula, M|\n|poke|p2|Marshadow|\n|poke|p2|Smeargle, M|\n|poke|p2|Necrozma-Dusk-Mane|\n|poke|p2|Zacian-*|\n|poke|p2|Shaymin-Sky|\n|teampreview\n|inactive|Battle timer is ON: inactive players will automatically lose when time's up. (requested by Cadusat)\n|\n|t:|1699501388\n|start\n|switch|p1a: Charizard|Charizard, M|100\/100\n|switch|p2a: gohma|Galvantula, M, shiny|100\/100\n|turn|1\n|\n|t:|1699501393\n|move|p2a: gohma|Thunder Wave|p1a: Charizard\n|-status|p1a: Charizard|par\n|move|p1a: Charizard|Flamethrower|p2a: gohma\n|-supereffective|p2a: gohma\n|-enditem|p2a: gohma|Focus Sash\n|-damage|p2a: gohma|1\/100\n|\n|upkeep\n|turn|2\n|c|\u2606Sol Lugia2|glhf\n|\n|t:|1699501401\n|move|p2a: gohma|Sticky Web|p1a: Charizard\n|-sidestart|p1: Cadusat|move: Sticky Web\n|move|p1a: Charizard|Dragon Pulse|p2a: gohma\n|-damage|p2a: gohma|0 fnt\n|faint|p2a: gohma\n|\n|upkeep\n|\n|t:|1699501404\n|switch|p2a: korok|Smeargle, M|100\/100\n|turn|3\n|\n|t:|1699501407\n|move|p2a: korok|Substitute|p2a: korok\n|-start|p2a: korok|Substitute\n|-damage|p2a: korok|76\/100\n|cant|p1a: Charizard|par\n|\n|-heal|p2a: korok|82\/100|[from] item: Leftovers\n|-ability|p2a: korok|Moody|boost\n|-boost|p2a: korok|def|2\n|-unboost|p2a: korok|atk|1\n|upkeep\n|turn|4\n|\n|t:|1699501413\n|move|p2a: korok|Spiky Shield|p2a: korok\n|-singleturn|p2a: korok|move: Protect\n|move|p1a: Charizard|Dragon Pulse|p2a: korok\n|-activate|p2a: korok|move: Protect\n|\n|-heal|p2a: korok|88\/100|[from] item: Leftovers\n|-ability|p2a: korok|Moody|boost\n|-boost|p2a: korok|spd|2\n|-unboost|p2a: korok|def|1\n|upkeep\n|turn|5\n|\n|t:|1699501417\n|move|p2a: korok|Substitute|p2a: korok\n|-fail|p2a: korok|move: Substitute\n|move|p1a: Charizard|Flamethrower|p2a: korok\n|-end|p2a: korok|Substitute\n|\n|-heal|p2a: korok|94\/100|[from] item: Leftovers\n|-ability|p2a: korok|Moody|boost\n|-boost|p2a: korok|spa|2\n|-unboost|p2a: korok|spd|1\n|upkeep\n|turn|6\n|\n|t:|1699501436\n|move|p2a: korok|Spiky Shield|p2a: korok\n|-singleturn|p2a: korok|move: Protect\n|move|p1a: Charizard|Scorching Sands|p2a: korok\n|-activate|p2a: korok|move: Protect\n|\n|-heal|p2a: korok|99\/100|[from] item: Leftovers\n|-ability|p2a: korok|Moody|boost\n|-boost|p2a: korok|spd|2\n|-unboost|p2a: korok|spe|1\n|upkeep\n|turn|7\n|\n|t:|1699501442\n|move|p2a: korok|Substitute|p2a: korok\n|-start|p2a: korok|Substitute\n|-damage|p2a: korok|75\/100\n|move|p1a: Charizard|Scorching Sands|p2a: korok\n|-activate|p2a: korok|move: Substitute|[damage]\n|\n|-heal|p2a: korok|81\/100|[from] item: Leftovers\n|-ability|p2a: korok|Moody|boost\n|-boost|p2a: korok|atk|2\n|-unboost|p2a: korok|spa|1\n|upkeep\n|turn|8\n|\n|t:|1699501448\n|move|p2a: korok|Spiky Shield|p2a: korok\n|-singleturn|p2a: korok|move: Protect\n|move|p1a: Charizard|Flamethrower|p2a: korok\n|-activate|p2a: korok|move: Protect\n|\n|-heal|p2a: korok|87\/100|[from] item: Leftovers\n|-ability|p2a: korok|Moody|boost\n|-boost|p2a: korok|spd|2\n|-unboost|p2a: korok|spe|1\n|upkeep\n|turn|9\n|\n|t:|1699501451\n|move|p2a: korok|Substitute|p2a: korok\n|-fail|p2a: korok|move: Substitute\n|move|p1a: Charizard|Flamethrower|p2a: korok\n|-end|p2a: korok|Substitute\n|\n|-heal|p2a: korok|93\/100|[from] item: Leftovers\n|-ability|p2a: korok|Moody|boost\n|-boost|p2a: korok|spd|1\n|-unboost|p2a: korok|atk|1\n|upkeep\n|turn|10\n|\n|t:|1699501457\n|move|p2a: korok|Spiky Shield|p2a: korok\n|-singleturn|p2a: korok|move: Protect\n|cant|p1a: Charizard|par\n|\n|-heal|p2a: korok|99\/100|[from] item: Leftovers\n|-ability|p2a: korok|Moody|boost\n|-boost|p2a: korok|atk|2\n|-unboost|p2a: korok|spa|1\n|upkeep\n|turn|11\n|\n|t:|1699501462\n|move|p2a: korok|Substitute|p2a: korok\n|-start|p2a: korok|Substitute\n|-damage|p2a: korok|74\/100\n|move|p1a: Charizard|Flamethrower|p2a: korok\n|-end|p2a: korok|Substitute\n|\n|-heal|p2a: korok|80\/100|[from] item: Leftovers\n|-ability|p2a: korok|Moody|boost\n|-boost|p2a: korok|atk|2\n|-unboost|p2a: korok|spd|1\n|upkeep\n|turn|12\n|\n|t:|1699501469\n|move|p2a: korok|Spiky Shield|p2a: korok\n|-singleturn|p2a: korok|move: Protect\n|move|p1a: Charizard|Flamethrower|p2a: korok\n|-activate|p2a: korok|move: Protect\n|\n|-heal|p2a: korok|86\/100|[from] item: Leftovers\n|-ability|p2a: korok|Moody|boost\n|-boost|p2a: korok|spd|1\n|-unboost|p2a: korok|spa|1\n|upkeep\n|turn|13\n|\n|t:|1699501472\n|move|p2a: korok|Substitute|p2a: korok\n|-start|p2a: korok|Substitute\n|-damage|p2a: korok|61\/100\n|move|p1a: Charizard|Flamethrower|p2a: korok\n|-end|p2a: korok|Substitute\n|\n|-heal|p2a: korok|67\/100|[from] item: Leftovers\n|-ability|p2a: korok|Moody|boost\n|-boost|p2a: korok|def|2\n|-unboost|p2a: korok|spa|1\n|upkeep\n|turn|14\n|\n|t:|1699501482\n|move|p2a: korok|Spiky Shield|p2a: korok\n|-singleturn|p2a: korok|move: Protect\n|move|p1a: Charizard|Flamethrower|p2a: korok\n|-activate|p2a: korok|move: Protect\n|\n|-heal|p2a: korok|73\/100|[from] item: Leftovers\n|-ability|p2a: korok|Moody|boost\n|-boost|p2a: korok|spe|2\n|-unboost|p2a: korok|atk|1\n|upkeep\n|turn|15\n|\n|t:|1699501486\n|move|p2a: korok|Substitute|p2a: korok\n|-start|p2a: korok|Substitute\n|-damage|p2a: korok|49\/100\n|move|p1a: Charizard|Flamethrower|p2a: korok\n|-end|p2a: korok|Substitute\n|\n|-heal|p2a: korok|55\/100|[from] item: Leftovers\n|-ability|p2a: korok|Moody|boost\n|-boost|p2a: korok|atk|2\n|-unboost|p2a: korok|def|1\n|upkeep\n|turn|16\n|\n|t:|1699501491\n|move|p2a: korok|Spiky Shield|p2a: korok\n|-singleturn|p2a: korok|move: Protect\n|move|p1a: Charizard|Flamethrower|p2a: korok\n|-activate|p2a: korok|move: Protect\n|\n|-heal|p2a: korok|61\/100|[from] item: Leftovers\n|-ability|p2a: korok|Moody|boost\n|-boost|p2a: korok|def|2\n|-unboost|p2a: korok|spa|1\n|upkeep\n|turn|17\n|\n|t:|1699501494\n|move|p2a: korok|Substitute|p2a: korok\n|-start|p2a: korok|Substitute\n|-damage|p2a: korok|36\/100\n|move|p1a: Charizard|Flamethrower|p2a: korok\n|-end|p2a: korok|Substitute\n|\n|-heal|p2a: korok|42\/100|[from] item: Leftovers\n|-ability|p2a: korok|Moody|boost\n|-boost|p2a: korok|atk|1\n|-unboost|p2a: korok|def|1\n|upkeep\n|turn|18\n|\n|t:|1699501504\n|move|p2a: korok|Spiky Shield|p2a: korok\n|-singleturn|p2a: korok|move: Protect\n|move|p1a: Charizard|Flamethrower|p2a: korok\n|-activate|p2a: korok|move: Protect\n|\n|-heal|p2a: korok|48\/100|[from] item: Leftovers\n|-ability|p2a: korok|Moody|boost\n|-boost|p2a: korok|def|2\n|-unboost|p2a: korok|spe|1\n|upkeep\n|turn|19\n|\n|t:|1699501507\n|move|p2a: korok|Substitute|p2a: korok\n|-start|p2a: korok|Substitute\n|-damage|p2a: korok|23\/100\n|move|p1a: Charizard|Flamethrower|p2a: korok\n|-end|p2a: korok|Substitute\n|\n|-heal|p2a: korok|29\/100|[from] item: Leftovers\n|-ability|p2a: korok|Moody|boost\n|-boost|p2a: korok|spe|2\n|-unboost|p2a: korok|spa|1\n|upkeep\n|turn|20\n|\n|t:|1699501512\n|move|p2a: korok|Spiky Shield|p2a: korok\n|-singleturn|p2a: korok|move: Protect\n|move|p1a: Charizard|Dragon Pulse|p2a: korok\n|-activate|p2a: korok|move: Protect\n|\n|-heal|p2a: korok|35\/100|[from] item: Leftovers\n|-ability|p2a: korok|Moody|boost\n|-boost|p2a: korok|spa|2\n|-unboost|p2a: korok|spe|1\n|upkeep\n|turn|21\n|\n|t:|1699501518\n|move|p2a: korok|Substitute|p2a: korok\n|-start|p2a: korok|Substitute\n|-damage|p2a: korok|10\/100\n|move|p1a: Charizard|Flamethrower|p2a: korok\n|-end|p2a: korok|Substitute\n|\n|-heal|p2a: korok|16\/100|[from] item: Leftovers\n|-ability|p2a: korok|Moody|boost\n|-boost|p2a: korok|spa|2\n|-unboost|p2a: korok|spd|1\n|upkeep\n|turn|22\n|\n|t:|1699501522\n|-terastallize|p2a: korok|Dark\n|move|p2a: korok|Power Trip|p1a: Charizard\n|-damage|p1a: Charizard|0 fnt\n|faint|p1a: Charizard\n|\n|-heal|p2a: korok|22\/100|[from] item: Leftovers\n|-ability|p2a: korok|Moody|boost\n|-boost|p2a: korok|spa|2\n|-unboost|p2a: korok|spd|1\n|upkeep\n|\n|t:|1699501529\n|switch|p1a: Dragapult|Dragapult, F|100\/100\n|-activate|p1a: Dragapult|move: Sticky Web\n|-unboost|p1a: Dragapult|spe|1\n|turn|23\n|\n|t:|1699501538\n|move|p2a: korok|Power Trip|p1a: Dragapult\n|-supereffective|p1a: Dragapult\n|-damage|p1a: Dragapult|0 fnt\n|faint|p1a: Dragapult\n|\n|-heal|p2a: korok|28\/100|[from] item: Leftovers\n|-ability|p2a: korok|Moody|boost\n|-boost|p2a: korok|def|1\n|-unboost|p2a: korok|atk|1\n|upkeep\n|\n|t:|1699501541\n|switch|p1a: Togekiss|Togekiss, M|100\/100\n|turn|24\n|\n|t:|1699501545\n|move|p2a: korok|Power Trip|p1a: Togekiss\n|-resisted|p1a: Togekiss\n|-damage|p1a: Togekiss|0 fnt\n|faint|p1a: Togekiss\n|\n|-heal|p2a: korok|34\/100|[from] item: Leftovers\n|-ability|p2a: korok|Moody|boost\n|-boost|p2a: korok|spd|2\n|-unboost|p2a: korok|def|1\n|upkeep\n|c|\u2606Cadusat|what a cward way to battle\n|-message|Cadusat forfeited.\n|\n|win|Sol Lugia2\n|raw|Cadusat's rating: 1031 &rarr; <strong>1019<\/strong><br \/>(-12 for losing)\n|raw|Sol Lugia2's rating: 1089 &rarr; <strong>1111<\/strong><br \/>(+22 for winning)\n|l|\u2606Cadusat\n|l|\u2606Sol Lugia2\n|j|\u2606Sol Lugia2\n|player|p2|Sol Lugia2|unknown\n|l|\u2606Sol Lugia2\n|player|p2|\n|j| Sol Lugia3\n","uploadtime":1699501564,"views":25,"p1id":"cadusat","p2id":"sollugia2","formatid":"gen9nationaldexubers","rating":1019,"private":0,"password":""}