{"id":"gen9nationaldexubers-1996663916","p1":"SWT_Octo","p2":"Ash Ketchum344","format":"[Gen 9] National Dex Ubers","log":"|j|\u2606SWT_Octo\n|j|\u2606Ash Ketchum344\n|t:|1700706839\n|gametype|singles\n|player|p1|SWT_Octo|waiter-gen4dp|1107\n|player|p2|Ash Ketchum344|lucas-gen4pt|1084\n|teamsize|p1|6\n|teamsize|p2|6\n|gen|9\n|tier|[Gen 9] National Dex Ubers\n|rated|\n|rule|HP Percentage Mod: HP is shown in percentages\n|rule|Endless Battle Clause: Forcing endless battles is banned\n|rule|OHKO Clause: OHKO moves are banned\n|rule|Evasion Moves Clause: Evasion moves are banned\n|rule|Evasion Items Clause: Evasion items are banned\n|rule|Species Clause: Limit one of each Pok\u00e9mon\n|rule|Sleep Clause Mod: Limit one foe put to sleep\n|rule|Mega Rayquaza Clause: You cannot mega evolve Rayquaza\n|clearpoke\n|poke|p1|Absol, M|\n|poke|p1|Infernape, M|\n|poke|p1|Necrozma|\n|poke|p1|Scyther, M|\n|poke|p1|Runerigus, F|\n|poke|p1|Eiscue, F|\n|poke|p2|Dracovish|\n|poke|p2|Gengar, M|\n|poke|p2|Dragonite, F|\n|poke|p2|Sirfetch\u2019d, M|\n|poke|p2|Lucario, M|\n|poke|p2|Pikachu, F|\n|teampreview\n|\n|t:|1700706847\n|start\n|switch|p1a: Infernape|Infernape, M|100\/100\n|switch|p2a: Pikachu|Pikachu, F|100\/100\n|turn|1\n|\n|t:|1700706852\n|move|p2a: Pikachu|Fake Out|p1a: Infernape\n|-damage|p1a: Infernape|73\/100\n|cant|p1a: Infernape|flinch\n|\n|upkeep\n|turn|2\n|\n|t:|1700706856\n|move|p2a: Pikachu|Extreme Speed|p1a: Infernape\n|-damage|p1a: Infernape|16\/100\n|move|p1a: Infernape|Stealth Rock|p2a: Pikachu\n|-sidestart|p2: Ash Ketchum344|move: Stealth Rock\n|\n|upkeep\n|turn|3\n|\n|t:|1700706860\n|move|p2a: Pikachu|Extreme Speed|p1a: Infernape\n|-damage|p1a: Infernape|0 fnt\n|faint|p1a: Infernape\n|\n|upkeep\n|\n|t:|1700706865\n|switch|p1a: Eiscue|Eiscue, F|100\/100\n|turn|4\n|\n|t:|1700706873\n|switch|p1a: Runerigus|Runerigus, F|100\/100\n|move|p2a: Pikachu|Nuzzle|p1a: Runerigus\n|-immune|p1a: Runerigus\n|\n|upkeep\n|turn|5\n|\n|t:|1700706882\n|switch|p2a: Sirfetch\u2019d|Sirfetch\u2019d, M|100\/100\n|-damage|p2a: Sirfetch\u2019d|94\/100|[from] Stealth Rock\n|move|p1a: Runerigus|Trick Room|p1a: Runerigus\n|-fieldstart|move: Trick Room|[of] p1a: Runerigus\n|\n|upkeep\n|turn|6\n|\n|t:|1700706888\n|move|p1a: Runerigus|Poltergeist|p2a: Sirfetch\u2019d\n|-activate|p2a: Sirfetch\u2019d|move: Poltergeist|Choice Band\n|-damage|p2a: Sirfetch\u2019d|34\/100\n|move|p2a: Sirfetch\u2019d|Close Combat|p1a: Runerigus\n|-damage|p1a: Runerigus|24\/100\n|-unboost|p2a: Sirfetch\u2019d|def|1\n|-unboost|p2a: Sirfetch\u2019d|spd|1\n|-activate|p1a: Runerigus|ability: Wandering Spirit|Scrappy|Wandering Spirit|[of] p2a: Sirfetch\u2019d\n|\n|upkeep\n|turn|7\n|inactive|Battle timer is ON: inactive players will automatically lose when time's up. (requested by Ash Ketchum344)\n|\n|t:|1700706902\n|move|p1a: Runerigus|Poltergeist|p2a: Sirfetch\u2019d\n|-activate|p2a: Sirfetch\u2019d|move: Poltergeist|Choice Band\n|-damage|p2a: Sirfetch\u2019d|0 fnt\n|faint|p2a: Sirfetch\u2019d\n|\n|upkeep\n|\n|t:|1700706912\n|switch|p2a: Lucario|Lucario, M|100\/100\n|-damage|p2a: Lucario|98\/100|[from] Stealth Rock\n|turn|8\n|\n|t:|1700706918\n|move|p2a: Lucario|Bullet Punch|p1a: Runerigus\n|-damage|p1a: Runerigus|10\/100\n|move|p1a: Runerigus|Body Press|p2a: Lucario\n|-supereffective|p2a: Lucario\n|-damage|p2a: Lucario|14\/100\n|\n|upkeep\n|turn|9\n|\n|t:|1700706925\n|detailschange|p2a: Lucario|Lucario-Mega, M\n|-mega|p2a: Lucario|Lucario|Lucarionite\n|move|p2a: Lucario|Bullet Punch|p1a: Runerigus\n|-damage|p1a: Runerigus|0 fnt\n|faint|p1a: Runerigus\n|\n|-fieldend|move: Trick Room\n|upkeep\n|\n|t:|1700706936\n|switch|p1a: Necrozma|Necrozma|100\/100\n|turn|10\n|\n|t:|1700706947\n|move|p2a: Lucario|Bullet Punch|p1a: Necrozma\n|-damage|p1a: Necrozma|69\/100\n|move|p1a: Necrozma|Earthquake|p2a: Lucario\n|-supereffective|p2a: Lucario\n|-damage|p2a: Lucario|0 fnt\n|faint|p2a: Lucario\n|\n|upkeep\n|\n|t:|1700706952\n|switch|p2a: Pikachu|Pikachu, F|100\/100\n|-damage|p2a: Pikachu|88\/100|[from] Stealth Rock\n|turn|11\n|\n|t:|1700706957\n|move|p2a: Pikachu|Fake Out|p1a: Necrozma\n|-damage|p1a: Necrozma|50\/100\n|cant|p1a: Necrozma|flinch\n|\n|upkeep\n|turn|12\n|\n|t:|1700706963\n|move|p2a: Pikachu|Extreme Speed|p1a: Necrozma\n|-damage|p1a: Necrozma|16\/100\n|move|p1a: Necrozma|Earthquake|p2a: Pikachu\n|-supereffective|p2a: Pikachu\n|-damage|p2a: Pikachu|0 fnt\n|faint|p2a: Pikachu\n|\n|upkeep\n|\n|t:|1700706976\n|switch|p2a: Gengar|Gengar, M|100\/100\n|-damage|p2a: Gengar|88\/100|[from] Stealth Rock\n|turn|13\n|\n|t:|1700706982\n|move|p2a: Gengar|Shadow Ball|p1a: Necrozma\n|-supereffective|p1a: Necrozma\n|-damage|p1a: Necrozma|0 fnt\n|faint|p1a: Necrozma\n|\n|upkeep\n|\n|t:|1700706988\n|switch|p1a: Absol|Absol, M|100\/100\n|-ability|p1a: Absol|Pressure\n|turn|14\n|\n|t:|1700706996\n|detailschange|p1a: Absol|Absol-Mega, M\n|-mega|p1a: Absol|Absol|Absolite\n|-terastallize|p2a: Gengar|Fairy\n|move|p1a: Absol|Knock Off|p2a: Gengar\n|-resisted|p2a: Gengar\n|-damage|p2a: Gengar|35\/100\n|-enditem|p2a: Gengar|Assault Vest|[from] move: Knock Off|[of] p1a: Absol\n|move|p2a: Gengar|Dazzling Gleam|p1a: Absol\n|-supereffective|p1a: Absol\n|-damage|p1a: Absol|0 fnt\n|faint|p1a: Absol\n|\n|upkeep\n|\n|t:|1700707006\n|switch|p1a: Scyther|Scyther, M|100\/100\n|turn|15\n|\n|t:|1700707015\n|move|p2a: Gengar|Dazzling Gleam|p1a: Scyther\n|-damage|p1a: Scyther|57\/100\n|move|p1a: Scyther|Swords Dance|p1a: Scyther\n|-boost|p1a: Scyther|atk|2\n|\n|upkeep\n|turn|16\n|\n|t:|1700707021\n|move|p1a: Scyther|Quick Attack|p2a: Gengar\n|-damage|p2a: Gengar|0 fnt\n|-start|p1a: Scyther|Disable|Quick Attack|[from] ability: Cursed Body|[of] p2a: Gengar\n|faint|p2a: Gengar\n|\n|upkeep\n|\n|t:|1700707027\n|switch|p2a: Dracovish|Dracovish|100\/100\n|-damage|p2a: Dracovish|88\/100|[from] Stealth Rock\n|turn|17\n|\n|t:|1700707031\n|move|p2a: Dracovish|Fishious Rend|p1a: Scyther\n|-damage|p1a: Scyther|0 fnt\n|faint|p1a: Scyther\n|\n|upkeep\n|\n|t:|1700707035\n|switch|p1a: Eiscue|Eiscue, F|100\/100\n|turn|18\n|\n|t:|1700707037\n|move|p2a: Dracovish|Fishious Rend|p1a: Eiscue\n|-activate|p1a: Eiscue|ability: Ice Face\n|-damage|p1a: Eiscue|100\/100\n|detailschange|p1a: Eiscue|Eiscue-Noice, F\n|move|p1a: Eiscue|Substitute|p1a: Eiscue\n|-start|p1a: Eiscue|Substitute\n|-damage|p1a: Eiscue|75\/100\n|\n|upkeep\n|turn|19\n|\n|t:|1700707045\n|move|p2a: Dracovish|Fishious Rend|p1a: Eiscue\n|-end|p1a: Eiscue|Substitute\n|move|p1a: Eiscue|Belly Drum|p1a: Eiscue\n|-damage|p1a: Eiscue|25\/100\n|-setboost|p1a: Eiscue|atk|6|[from] move: Belly Drum\n|-enditem|p1a: Eiscue|Salac Berry|[eat]\n|-boost|p1a: Eiscue|spe|1|[from] item: Salac Berry\n|\n|upkeep\n|turn|20\n|\n|t:|1700707053\n|move|p1a: Eiscue|Ice Spinner|p2a: Dracovish\n|-damage|p2a: Dracovish|0 fnt\n|faint|p2a: Dracovish\n|\n|upkeep\n|\n|t:|1700707056\n|switch|p2a: Dragonite|Dragonite, F|100\/100\n|-damage|p2a: Dragonite|76\/100|[from] Stealth Rock\n|turn|21\n|\n|t:|1700707060\n|-terastallize|p1a: Eiscue|Ice\n|move|p2a: Dragonite|Extreme Speed|p1a: Eiscue\n|-damage|p1a: Eiscue|0 fnt\n|faint|p1a: Eiscue\n|\n|win|Ash Ketchum344\n|raw|SWT_Octo's rating: 1107 &rarr; <strong>1080<\/strong><br \/>(-27 for losing)\n|raw|Ash Ketchum344's rating: 1084 &rarr; <strong>1113<\/strong><br \/>(+29 for winning)\n|l|\u2606SWT_Octo\n","uploadtime":1700707233,"views":1,"p1id":"swtocto","p2id":"ashketchum344","formatid":"gen9nationaldexubers","rating":1080,"private":0,"password":""}