{"id":"gen9nationaldexubers-1981986390","p1":"aquiles meo","p2":"chi0909","format":"[Gen 9] National Dex Ubers","log":"|j|\u2606aquiles meo\n|j|\u2606chi0909\n|t:|1698957273\n|gametype|singles\n|player|p1|aquiles meo|ethan|1103\n|player|p2|chi0909|1|1000\n|teamsize|p1|6\n|teamsize|p2|6\n|gen|9\n|tier|[Gen 9] National Dex Ubers\n|rated|\n|rule|HP Percentage Mod: HP is shown in percentages\n|rule|Endless Battle Clause: Forcing endless battles is banned\n|rule|OHKO Clause: OHKO moves are banned\n|rule|Evasion Moves Clause: Evasion moves are banned\n|rule|Evasion Items Clause: Evasion items are banned\n|rule|Species Clause: Limit one of each Pok\u00e9mon\n|rule|Sleep Clause Mod: Limit one foe put to sleep\n|rule|Mega Rayquaza Clause: You cannot mega evolve Rayquaza\n|clearpoke\n|poke|p1|Jirachi|\n|poke|p1|Ho-Oh|\n|poke|p1|Rayquaza|\n|poke|p1|Pidgeot, M|\n|poke|p1|Lucario, M|\n|poke|p1|Luxray, M|\n|poke|p2|Serperior, M|\n|poke|p2|Groudon|\n|poke|p2|Necrozma-Dusk-Mane|\n|poke|p2|Xerneas-*|\n|poke|p2|Arceus-Ground|\n|poke|p2|Blaziken, F|\n|teampreview\n|\n|t:|1698957281\n|start\n|switch|p1a: Jirachi|Jirachi, shiny|100\/100\n|switch|p2a: Serperior|Serperior, M|100\/100\n|turn|1\n|\n|t:|1698957288\n|move|p2a: Serperior|Leaf Storm|p1a: Jirachi\n|-resisted|p1a: Jirachi\n|-damage|p1a: Jirachi|80\/100\n|-boost|p2a: Serperior|spa|2\n|move|p1a: Jirachi|Iron Head|p2a: Serperior\n|-damage|p2a: Serperior|66\/100\n|\n|-heal|p2a: Serperior|72\/100|[from] item: Leftovers\n|-heal|p1a: Jirachi|86\/100|[from] item: Leftovers\n|upkeep\n|turn|2\n|\n|t:|1698957310\n|switch|p1a: Ho-Oh|Ho-Oh, shiny|100\/100\n|move|p2a: Serperior|Leaf Storm|p1a: Ho-Oh\n|-resisted|p1a: Ho-Oh\n|-damage|p1a: Ho-Oh|87\/100\n|-boost|p2a: Serperior|spa|2\n|\n|-heal|p2a: Serperior|79\/100|[from] item: Leftovers\n|upkeep\n|turn|3\n|\n|t:|1698957330\n|switch|p2a: Groudon|Groudon|100\/100\n|detailschange|p2a: Groudon|Groudon-Primal\n|-primal|p2a: Groudon|Red Orb\n|-weather|DesolateLand|[from] ability: Desolate Land|[of] p2a: Groudon\n|move|p1a: Ho-Oh|Burn Up|p2a: Groudon\n|-resisted|p2a: Groudon\n|-damage|p2a: Groudon|48\/100\n|-start|p1a: Ho-Oh|typechange|???\/Flying|[from] move: Burn Up\n|\n|-weather|DesolateLand|[upkeep]\n|upkeep\n|turn|4\n|inactive|Battle timer is ON: inactive players will automatically lose when time's up. (requested by chi0909)\n|\n|t:|1698957364\n|-terastallize|p1a: Ho-Oh|Poison\n|move|p2a: Groudon|Swords Dance|p2a: Groudon\n|-boost|p2a: Groudon|atk|2\n|move|p1a: Ho-Oh|Ancient Power|p2a: Groudon\n|-damage|p2a: Groudon|26\/100\n|\n|-weather|DesolateLand|[upkeep]\n|upkeep\n|turn|5\n|\n|t:|1698957376\n|move|p2a: Groudon|Precipice Blades|p1a: Ho-Oh|[miss]\n|-miss|p2a: Groudon|p1a: Ho-Oh\n|move|p1a: Ho-Oh|Ancient Power|p2a: Groudon\n|-damage|p2a: Groudon|5\/100\n|\n|-weather|DesolateLand|[upkeep]\n|upkeep\n|turn|6\n|\n|t:|1698957393\n|move|p2a: Groudon|Stone Edge|p1a: Ho-Oh\n|-damage|p1a: Ho-Oh|11\/100\n|move|p1a: Ho-Oh|Sacred Fire|p2a: Groudon\n|-resisted|p2a: Groudon\n|-crit|p2a: Groudon\n|-damage|p2a: Groudon|0 fnt\n|faint|p2a: Groudon\n|-weather|none\n|\n|upkeep\n|\n|t:|1698957406\n|switch|p2a: Blaziken|Blaziken, F|100\/100\n|turn|7\n|inactiveoff|Battle timer is now OFF.\n|\n|t:|1698957431\n|switch|p1a: Jirachi|Jirachi, shiny|86\/100\n|move|p2a: Blaziken|Close Combat|p1a: Jirachi\n|-damage|p1a: Jirachi|31\/100\n|-unboost|p2a: Blaziken|def|1\n|-unboost|p2a: Blaziken|spd|1\n|\n|-heal|p1a: Jirachi|37\/100|[from] item: Leftovers\n|-ability|p2a: Blaziken|Speed Boost|boost\n|-boost|p2a: Blaziken|spe|1\n|upkeep\n|turn|8\n|\n|t:|1698957444\n|move|p2a: Blaziken|Close Combat|p1a: Jirachi\n|-damage|p1a: Jirachi|0 fnt\n|-unboost|p2a: Blaziken|def|1\n|-unboost|p2a: Blaziken|spd|1\n|faint|p1a: Jirachi\n|\n|-ability|p2a: Blaziken|Speed Boost|boost\n|-boost|p2a: Blaziken|spe|1\n|upkeep\n|\n|t:|1698957453\n|switch|p1a: Lucario|Lucario, M, shiny|100\/100\n|turn|9\n|\n|t:|1698957460\n|detailschange|p1a: Lucario|Lucario-Mega, M, shiny\n|-mega|p1a: Lucario|Lucario|Lucarionite\n|move|p2a: Blaziken|Blaze Kick|p1a: Lucario\n|-supereffective|p1a: Lucario\n|-damage|p1a: Lucario|0 fnt\n|faint|p1a: Lucario\n|\n|-ability|p2a: Blaziken|Speed Boost|boost\n|-boost|p2a: Blaziken|spe|1\n|upkeep\n|\n|t:|1698957477\n|switch|p1a: Luxray|Luxray, M, shiny|100\/100\n|turn|10\n|\n|t:|1698957485\n|detailschange|p2a: Blaziken|Blaziken-Mega, F\n|-mega|p2a: Blaziken|Blaziken|Blazikenite\n|move|p2a: Blaziken|Blaze Kick|p1a: Luxray\n|-damage|p1a: Luxray|37\/100\n|move|p1a: Luxray|Psychic Fangs|p2a: Blaziken\n|-supereffective|p2a: Blaziken\n|-damage|p2a: Blaziken|0 fnt\n|faint|p2a: Blaziken\n|\n|upkeep\n|\n|t:|1698957498\n|switch|p2a: Arceus|Arceus-Ground|100\/100\n|turn|11\n|\n|t:|1698957511\n|switch|p1a: Ho-Oh|Ho-Oh, shiny, tera:Poison|44\/100\n|move|p2a: Arceus|Judgment|p1a: Ho-Oh\n|-supereffective|p1a: Ho-Oh\n|-crit|p1a: Ho-Oh\n|-damage|p1a: Ho-Oh|0 fnt\n|faint|p1a: Ho-Oh\n|\n|upkeep\n|\n|t:|1698957522\n|switch|p1a: Rayquaza|Rayquaza, shiny|100\/100\n|-ability|p1a: Rayquaza|Air Lock\n|turn|12\n|\n|t:|1698957533\n|move|p2a: Arceus|Judgment|p1a: Rayquaza\n|-immune|p1a: Rayquaza\n|move|p1a: Rayquaza|Dragon Ascent|p2a: Arceus\n|-damage|p2a: Arceus|55\/100\n|-unboost|p1a: Rayquaza|def|1\n|-unboost|p1a: Rayquaza|spd|1\n|\n|upkeep\n|turn|13\n|\n|t:|1698957549\n|move|p2a: Arceus|Recover|p2a: Arceus\n|-heal|p2a: Arceus|100\/100\n|move|p1a: Rayquaza|Dragon Dance|p1a: Rayquaza\n|-boost|p1a: Rayquaza|atk|1\n|-boost|p1a: Rayquaza|spe|1\n|\n|upkeep\n|turn|14\n|\n|t:|1698957589\n|switch|p2a: Necrozma|Necrozma-Dusk-Mane|100\/100\n|move|p1a: Rayquaza|Dragon Dance|p1a: Rayquaza\n|-boost|p1a: Rayquaza|atk|1\n|-boost|p1a: Rayquaza|spe|1\n|\n|upkeep\n|turn|15\n|\n|t:|1698957616\n|move|p1a: Rayquaza|Dragon Ascent|p2a: Necrozma\n|-resisted|p2a: Necrozma\n|-crit|p2a: Necrozma\n|-damage|p2a: Necrozma|19\/100\n|-unboost|p1a: Rayquaza|def|1\n|-unboost|p1a: Rayquaza|spd|1\n|move|p2a: Necrozma|Photon Geyser|p1a: Rayquaza\n|-damage|p1a: Rayquaza|0 fnt\n|faint|p1a: Rayquaza\n|\n|upkeep\n|\n|t:|1698957629\n|switch|p1a: Luxray|Luxray, M, shiny|37\/100\n|turn|16\n|\n|t:|1698957641\n|switch|p2a: Arceus|Arceus-Ground|100\/100\n|move|p1a: Luxray|Crunch|p2a: Arceus\n|-damage|p2a: Arceus|84\/100\n|\n|upkeep\n|turn|17\n|\n|t:|1698957649\n|switch|p1a: Pidgeot|Pidgeot, M, shiny|100\/100\n|move|p2a: Arceus|Judgment|p1a: Pidgeot\n|-immune|p1a: Pidgeot\n|\n|upkeep\n|turn|18\n|\n|t:|1698957672\n|move|p2a: Arceus|Judgment|p1a: Pidgeot\n|-immune|p1a: Pidgeot\n|move|p1a: Pidgeot|Tailwind|p1a: Pidgeot\n|-sidestart|p1: aquiles meo|move: Tailwind\n|\n|upkeep\n|turn|19\n|\n|t:|1698957684\n|switch|p2a: Serperior|Serperior, M|79\/100\n|move|p1a: Pidgeot|Ominous Wind|p2a: Serperior\n|-damage|p2a: Serperior|63\/100\n|\n|-heal|p2a: Serperior|70\/100|[from] item: Leftovers\n|upkeep\n|turn|20\n|\n|t:|1698957695\n|move|p1a: Pidgeot|Hurricane|p2a: Serperior\n|-supereffective|p2a: Serperior\n|-damage|p2a: Serperior|0 fnt\n|faint|p2a: Serperior\n|\n|upkeep\n|\n|t:|1698957700\n|switch|p2a: Xerneas|Xerneas, shiny|100\/100\n|-ability|p2a: Xerneas|Fairy Aura\n|turn|21\n|\n|t:|1698957722\n|move|p1a: Pidgeot|Hurricane|p2a: Xerneas\n|-damage|p2a: Xerneas|68\/100\n|-start|p2a: Xerneas|confusion\n|-activate|p2a: Xerneas|confusion\n|move|p2a: Xerneas|Thunder|p1a: Pidgeot\n|-supereffective|p1a: Pidgeot\n|-damage|p1a: Pidgeot|0 fnt\n|faint|p1a: Pidgeot\n|\n|-sideend|p1: aquiles meo|move: Tailwind\n|upkeep\n|\n|t:|1698957731\n|switch|p1a: Luxray|Luxray, M, shiny|37\/100\n|turn|22\n|\n|t:|1698957763\n|-end|p2a: Xerneas|confusion\n|move|p2a: Xerneas|Geomancy||[still]\n|-prepare|p2a: Xerneas|Geomancy\n|-enditem|p2a: Xerneas|Power Herb\n|-anim|p2a: Xerneas|Geomancy|p2a: Xerneas\n|-boost|p2a: Xerneas|spa|2\n|-boost|p2a: Xerneas|spd|2\n|-boost|p2a: Xerneas|spe|2\n|move|p1a: Luxray|Psychic Fangs|p2a: Xerneas\n|-damage|p2a: Xerneas|47\/100\n|\n|upkeep\n|turn|23\n|\n|t:|1698957775\n|move|p2a: Xerneas|Thunder|p1a: Luxray\n|-resisted|p1a: Luxray\n|-damage|p1a: Luxray|0 fnt\n|faint|p1a: Luxray\n|\n|win|chi0909\n|raw|aquiles meo's rating: 1103 &rarr; <strong>1071<\/strong><br \/>(-32 for losing)\n|raw|chi0909's rating: 1000 &rarr; <strong>1052<\/strong><br \/>(+52 for winning)\n|c|\u2606aquiles meo|gg\n|c|\u2606aquiles meo|wp\n|l|\u2606chi0909\n","uploadtime":1698957796,"views":6,"p1id":"aquilesmeo","p2id":"chi0909","formatid":"gen9nationaldexubers","rating":1052,"private":0,"password":""}