{"id":"gen9nationaldexubers-1986471534","p1":"Malice Incarnate","p2":"Jack0lantern89","format":"[Gen 9] National Dex Ubers","log":"|j|\u2606Malice Incarnate\n|j|\u2606Jack0lantern89\n|t:|1699482457\n|gametype|singles\n|player|p1|Malice Incarnate|palmer|\n|player|p2|Jack0lantern89|brawly|\n|teamsize|p1|6\n|teamsize|p2|6\n|gen|9\n|tier|[Gen 9] National Dex Ubers\n|rule|HP Percentage Mod: HP is shown in percentages\n|rule|Endless Battle Clause: Forcing endless battles is banned\n|rule|OHKO Clause: OHKO moves are banned\n|rule|Evasion Moves Clause: Evasion moves are banned\n|rule|Evasion Items Clause: Evasion items are banned\n|rule|Species Clause: Limit one of each Pok\u00e9mon\n|rule|Sleep Clause Mod: Limit one foe put to sleep\n|rule|Mega Rayquaza Clause: You cannot mega evolve Rayquaza\n|clearpoke\n|poke|p1|Scizor, F|\n|poke|p1|Landorus-Therian, M|\n|poke|p1|Greninja-*, M|\n|poke|p1|Corviknight, M|\n|poke|p1|Blissey, F|\n|poke|p1|Conkeldurr, M|\n|poke|p2|Marshadow|\n|poke|p2|Iron Valiant|\n|poke|p2|Iron Hands|\n|poke|p2|Great Tusk|\n|poke|p2|Zamazenta-*|\n|poke|p2|Gallade, M|\n|teampreview\n|inactive|Battle timer is ON: inactive players will automatically lose when time's up. (requested by Malice Incarnate)\n|inactive|Jack0lantern89 also wants the timer to be on.\n|c|\u2606Jack0lantern89|glhf\n|c|\u2606Malice Incarnate|u2\n|\n|t:|1699482467\n|start\n|switch|p1a: Greninja|Greninja, M|100\/100\n|switch|p2a: Rifk's favourite|Gallade, M|100\/100\n|turn|1\n|\n|t:|1699482471\n|detailschange|p2a: Rifk's favourite|Gallade-Mega, M\n|-mega|p2a: Rifk's favourite|Gallade|Galladite\n|move|p1a: Greninja|U-turn|p2a: Rifk's favourite\n|-start|p1a: Greninja|typechange|Bug|[from] ability: Protean\n|-damage|p2a: Rifk's favourite|62\/100\n|\n|t:|1699482477\n|switch|p1a: Corviknight|Corviknight, M|100\/100|[from] U-turn\n|-ability|p1a: Corviknight|Pressure\n|move|p2a: Rifk's favourite|Close Combat|p1a: Corviknight\n|-damage|p1a: Corviknight|52\/100\n|-unboost|p2a: Rifk's favourite|def|1\n|-unboost|p2a: Rifk's favourite|spd|1\n|\n|-heal|p1a: Corviknight|58\/100|[from] item: Leftovers\n|upkeep\n|turn|2\n|c|\u2606Jack0lantern89|wait are u banned\n|c|\u2606Malice Incarnate|huh\n|c|\u2606Malice Incarnate|wdym\n|c|\u2606Malice Incarnate|like banded\n|inactive|Jack0lantern89 has 270 seconds left.\n|c|\u2606Malice Incarnate|choice\n|c|\u2606Jack0lantern89|yeah\n|c|\u2606Jack0lantern89|and nvm ur not\n|c|\u2606Malice Incarnate|you will find out\n|\n|t:|1699482517\n|switch|p2a: The best boi|Zamazenta-Crowned|100\/100\n|-ability|p2a: The best boi|Dauntless Shield|boost\n|-boost|p2a: The best boi|def|1\n|move|p1a: Corviknight|Roost|p1a: Corviknight\n|-heal|p1a: Corviknight|100\/100\n|-singleturn|p1a: Corviknight|move: Roost\n|\n|upkeep\n|turn|3\n|\n|t:|1699482520\n|move|p2a: The best boi|Iron Defense|p2a: The best boi\n|-boost|p2a: The best boi|def|2\n|move|p1a: Corviknight|Bulk Up|p1a: Corviknight\n|-boost|p1a: Corviknight|atk|1\n|-boost|p1a: Corviknight|def|1\n|\n|upkeep\n|turn|4\n|\n|t:|1699482522\n|move|p2a: The best boi|Iron Defense|p2a: The best boi\n|-boost|p2a: The best boi|def|2\n|move|p1a: Corviknight|Bulk Up|p1a: Corviknight\n|-boost|p1a: Corviknight|atk|1\n|-boost|p1a: Corviknight|def|1\n|\n|upkeep\n|turn|5\n|c|\u2606Malice Incarnate|i have no shame\n|\n|t:|1699482539\n|-terastallize|p2a: The best boi|Fighting\n|move|p2a: The best boi|Body Press|p1a: Corviknight\n|-damage|p1a: Corviknight|47\/100\n|move|p1a: Corviknight|Bulk Up|p1a: Corviknight\n|-boost|p1a: Corviknight|atk|1\n|-boost|p1a: Corviknight|def|1\n|\n|-heal|p1a: Corviknight|54\/100|[from] item: Leftovers\n|upkeep\n|turn|6\n|\n|t:|1699482544\n|move|p2a: The best boi|Body Press|p1a: Corviknight\n|-damage|p1a: Corviknight|10\/100\n|move|p1a: Corviknight|Roost|p1a: Corviknight\n|-heal|p1a: Corviknight|60\/100\n|-singleturn|p1a: Corviknight|move: Roost\n|\n|-heal|p1a: Corviknight|66\/100|[from] item: Leftovers\n|upkeep\n|turn|7\n|\n|t:|1699482552\n|move|p2a: The best boi|Body Press|p1a: Corviknight\n|-damage|p1a: Corviknight|24\/100\n|move|p1a: Corviknight|Roost|p1a: Corviknight\n|-heal|p1a: Corviknight|74\/100\n|-singleturn|p1a: Corviknight|move: Roost\n|\n|-heal|p1a: Corviknight|80\/100|[from] item: Leftovers\n|upkeep\n|turn|8\n|\n|t:|1699482563\n|move|p2a: The best boi|Body Press|p1a: Corviknight\n|-damage|p1a: Corviknight|42\/100\n|move|p1a: Corviknight|Bulk Up|p1a: Corviknight\n|-boost|p1a: Corviknight|atk|1\n|-boost|p1a: Corviknight|def|1\n|\n|-heal|p1a: Corviknight|48\/100|[from] item: Leftovers\n|upkeep\n|turn|9\n|\n|t:|1699482566\n|move|p2a: The best boi|Body Press|p1a: Corviknight\n|-damage|p1a: Corviknight|11\/100\n|move|p1a: Corviknight|Roost|p1a: Corviknight\n|-heal|p1a: Corviknight|61\/100\n|-singleturn|p1a: Corviknight|move: Roost\n|\n|-heal|p1a: Corviknight|68\/100|[from] item: Leftovers\n|upkeep\n|turn|10\n|\n|t:|1699482569\n|move|p2a: The best boi|Body Press|p1a: Corviknight\n|-damage|p1a: Corviknight|32\/100\n|move|p1a: Corviknight|Roost|p1a: Corviknight\n|-heal|p1a: Corviknight|82\/100\n|-singleturn|p1a: Corviknight|move: Roost\n|\n|-heal|p1a: Corviknight|88\/100|[from] item: Leftovers\n|upkeep\n|turn|11\n|\n|t:|1699482572\n|move|p2a: The best boi|Body Press|p1a: Corviknight\n|-damage|p1a: Corviknight|54\/100\n|move|p1a: Corviknight|Bulk Up|p1a: Corviknight\n|-boost|p1a: Corviknight|atk|1\n|-boost|p1a: Corviknight|def|1\n|\n|-heal|p1a: Corviknight|61\/100|[from] item: Leftovers\n|upkeep\n|turn|12\n|\n|t:|1699482575\n|move|p2a: The best boi|Behemoth Bash|p1a: Corviknight\n|-resisted|p1a: Corviknight\n|-damage|p1a: Corviknight|57\/100\n|move|p1a: Corviknight|Bulk Up|p1a: Corviknight\n|-boost|p1a: Corviknight|atk|1\n|-boost|p1a: Corviknight|def|1\n|\n|-heal|p1a: Corviknight|63\/100|[from] item: Leftovers\n|upkeep\n|turn|13\n|\n|t:|1699482579\n|move|p2a: The best boi|Behemoth Bash|p1a: Corviknight\n|-resisted|p1a: Corviknight\n|-damage|p1a: Corviknight|60\/100\n|move|p1a: Corviknight|Roost|p1a: Corviknight\n|-heal|p1a: Corviknight|100\/100\n|-singleturn|p1a: Corviknight|move: Roost\n|\n|upkeep\n|turn|14\n|\n|t:|1699482584\n|move|p2a: The best boi|Behemoth Bash|p1a: Corviknight\n|-resisted|p1a: Corviknight\n|-damage|p1a: Corviknight|97\/100\n|move|p1a: Corviknight|Power Trip|p2a: The best boi\n|-resisted|p2a: The best boi\n|-damage|p2a: The best boi|81\/100\n|\n|-heal|p1a: Corviknight|100\/100|[from] item: Leftovers\n|upkeep\n|turn|15\n|c|\u2606Malice Incarnate|lmao\n|\n|t:|1699482593\n|move|p2a: The best boi|Iron Defense|p2a: The best boi\n|-boost|p2a: The best boi|def|1\n|move|p1a: Corviknight|Brave Bird|p2a: The best boi\n|-supereffective|p2a: The best boi\n|-damage|p2a: The best boi|31\/100\n|-damage|p1a: Corviknight|85\/100|[from] Recoil\n|\n|-heal|p1a: Corviknight|91\/100|[from] item: Leftovers\n|upkeep\n|turn|16\n|c|\u2606Jack0lantern89|yeah gg\n|c|\u2606Jack0lantern89|i threw\n|\n|t:|1699482604\n|move|p2a: The best boi|Body Press|p1a: Corviknight\n|-damage|p1a: Corviknight|61\/100\n|move|p1a: Corviknight|Brave Bird|p2a: The best boi\n|-supereffective|p2a: The best boi\n|-damage|p2a: The best boi|0 fnt\n|faint|p2a: The best boi\n|-damage|p1a: Corviknight|52\/100|[from] Recoil\n|\n|-heal|p1a: Corviknight|58\/100|[from] item: Leftovers\n|upkeep\n|c|\u2606Malice Incarnate|no\n|\n|t:|1699482612\n|switch|p2a: SPECS B*TCH|Iron Valiant|100\/100\n|turn|17\n|\n|t:|1699482619\n|-terastallize|p1a: Corviknight|Dragon\n|move|p2a: SPECS B*TCH|Thunderbolt|p1a: Corviknight\n|-resisted|p1a: Corviknight\n|-crit|p1a: Corviknight\n|-damage|p1a: Corviknight|25\/100\n|move|p1a: Corviknight|Brave Bird|p2a: SPECS B*TCH\n|-supereffective|p2a: SPECS B*TCH\n|-damage|p2a: SPECS B*TCH|0 fnt\n|faint|p2a: SPECS B*TCH\n|-end|p2a: SPECS B*TCH|Quark Drive|[silent]\n|-damage|p1a: Corviknight|1\/100|[from] Recoil\n|\n|-heal|p1a: Corviknight|8\/100|[from] item: Leftovers\n|upkeep\n|c|\u2606Jack0lantern89|forgot to announce tera\n|c|\u2606Jack0lantern89|:(\n|\n|t:|1699482638\n|switch|p2a: Marshmellow|Marshadow|100\/100\n|turn|18\n|c|\u2606Malice Incarnate|bruh i have like 6 times now\n|\n|t:|1699482641\n|switch|p1a: Landorus|Landorus-Therian, M|100\/100\n|-ability|p1a: Landorus|Intimidate|boost\n|-unboost|p2a: Marshmellow|atk|1\n|move|p2a: Marshmellow|Spectral Thief|p1a: Landorus\n|-damage|p1a: Landorus|54\/100\n|-damage|p2a: Marshmellow|91\/100|[from] item: Life Orb\n|\n|upkeep\n|turn|19\n|c|\u2606Malice Incarnate|and it aint like i can change it\n|\n|t:|1699482652\n|switch|p2a: >lando|Great Tusk|100\/100\n|move|p1a: Landorus|Earthquake|p2a: >lando\n|-damage|p2a: >lando|73\/100\n|\n|-heal|p2a: >lando|79\/100|[from] item: Leftovers\n|upkeep\n|turn|20\n|c|\u2606Jack0lantern89|ik but i forget\n|c|\u2606Malice Incarnate|sorry\n|c|\u2606Jack0lantern89|i wouldve gone for aura shpere\n|\n|t:|1699482669\n|move|p1a: Landorus|Swords Dance|p1a: Landorus\n|-boost|p1a: Landorus|atk|2\n|move|p2a: >lando|Stealth Rock|p1a: Landorus\n|-sidestart|p1: Malice Incarnate|move: Stealth Rock\n|\n|-heal|p2a: >lando|85\/100|[from] item: Leftovers\n|upkeep\n|turn|21\n|\n|t:|1699482673\n|move|p1a: Landorus|Earthquake|p2a: >lando\n|-damage|p2a: >lando|29\/100\n|move|p2a: >lando|Knock Off|p1a: Landorus\n|-damage|p1a: Landorus|31\/100\n|\n|-heal|p2a: >lando|36\/100|[from] item: Leftovers\n|upkeep\n|turn|22\n|\n|t:|1699482676\n|move|p1a: Landorus|Earthquake|p2a: >lando\n|-crit|p2a: >lando\n|-damage|p2a: >lando|0 fnt\n|faint|p2a: >lando\n|-end|p2a: >lando|Protosynthesis|[silent]\n|\n|upkeep\n|\n|t:|1699482678\n|switch|p2a: Marshmellow|Marshadow|91\/100\n|turn|23\n|\n|t:|1699482684\n|switch|p1a: Corviknight|Corviknight, M, tera:Dragon|8\/100\n|-damage|p1a: Corviknight|0 fnt|[from] Stealth Rock\n|faint|p1a: Corviknight\n|move|p2a: Marshmellow|Close Combat|p1: Corviknight|[notarget]\n|-fail|p2a: Marshmellow\n|\n|upkeep\n|\n|t:|1699482698\n|switch|p1a: Conkeldurr|Conkeldurr, M|100\/100\n|-damage|p1a: Conkeldurr|94\/100|[from] Stealth Rock\n|turn|24\n|\n|t:|1699482705\n|switch|p2a: Rifk's favourite|Gallade-Mega, M|62\/100\n|move|p1a: Conkeldurr|Knock Off|p2a: Rifk's favourite\n|-damage|p2a: Rifk's favourite|28\/100\n|\n|-status|p1a: Conkeldurr|brn|[from] item: Flame Orb\n|upkeep\n|turn|25\n|\n|t:|1699482714\n|switch|p1a: Blissey|Blissey, F|100\/100\n|-damage|p1a: Blissey|88\/100|[from] Stealth Rock\n|move|p2a: Rifk's favourite|Zen Headbutt|p1a: Blissey\n|-damage|p1a: Blissey|44\/100\n|\n|-status|p1a: Blissey|brn|[from] item: Flame Orb\n|upkeep\n|turn|26\n|\n|t:|1699482719\n|move|p2a: Rifk's favourite|Close Combat|p1a: Blissey\n|-supereffective|p1a: Blissey\n|-damage|p1a: Blissey|0 fnt\n|-unboost|p2a: Rifk's favourite|def|1\n|-unboost|p2a: Rifk's favourite|spd|1\n|faint|p1a: Blissey\n|\n|upkeep\n|\n|t:|1699482722\n|switch|p1a: Scizor|Scizor, F|100\/100\n|-damage|p1a: Scizor|88\/100|[from] Stealth Rock\n|turn|27\n|\n|t:|1699482728\n|switch|p2a: Brian Hands|Iron Hands|100\/100\n|detailschange|p1a: Scizor|Scizor-Mega, F\n|-mega|p1a: Scizor|Scizor|Scizorite\n|move|p1a: Scizor|U-turn|p2a: Brian Hands\n|-resisted|p2a: Brian Hands\n|-damage|p2a: Brian Hands|90\/100\n|\n|t:|1699482734\n|switch|p1a: Conkeldurr|Conkeldurr, M|94\/100 brn|[from] U-turn\n|-damage|p1a: Conkeldurr|88\/100 brn|[from] Stealth Rock\n|\n|-damage|p1a: Conkeldurr|82\/100 brn|[from] brn\n|upkeep\n|turn|28\n|\n|t:|1699482737\n|move|p2a: Brian Hands|Drain Punch|p1a: Conkeldurr\n|-damage|p1a: Conkeldurr|50\/100 brn\n|-heal|p2a: Brian Hands|100\/100|[from] drain|[of] p1a: Conkeldurr\n|move|p1a: Conkeldurr|Earthquake|p2a: Brian Hands\n|-supereffective|p2a: Brian Hands\n|-damage|p2a: Brian Hands|21\/100\n|\n|-damage|p1a: Conkeldurr|44\/100 brn|[from] brn\n|upkeep\n|turn|29\n|\n|t:|1699482742\n|move|p2a: Brian Hands|Drain Punch|p1a: Conkeldurr\n|-damage|p1a: Conkeldurr|15\/100 brn\n|-heal|p2a: Brian Hands|33\/100|[from] drain|[of] p1a: Conkeldurr\n|move|p1a: Conkeldurr|Earthquake|p2a: Brian Hands\n|-supereffective|p2a: Brian Hands\n|-damage|p2a: Brian Hands|0 fnt\n|faint|p2a: Brian Hands\n|-end|p2a: Brian Hands|Quark Drive|[silent]\n|\n|-damage|p1a: Conkeldurr|9\/100 brn|[from] brn\n|upkeep\n|\n|t:|1699482745\n|switch|p2a: Marshmellow|Marshadow|91\/100\n|turn|30\n|\n|t:|1699482749\n|move|p2a: Marshmellow|Rock Tomb|p1a: Conkeldurr\n|-resisted|p1a: Conkeldurr\n|-damage|p1a: Conkeldurr|0 fnt\n|faint|p1a: Conkeldurr\n|-damage|p2a: Marshmellow|81\/100|[from] item: Life Orb\n|\n|upkeep\n|\n|t:|1699482752\n|switch|p1a: Greninja|Greninja, M|100\/100\n|-damage|p1a: Greninja|88\/100|[from] Stealth Rock\n|turn|31\n|\n|t:|1699482755\n|switch|p2a: Rifk's favourite|Gallade-Mega, M|28\/100\n|move|p1a: Greninja|Extrasensory|p2a: Rifk's favourite\n|-start|p1a: Greninja|typechange|Psychic|[from] ability: Protean\n|-damage|p2a: Rifk's favourite|0 fnt\n|faint|p2a: Rifk's favourite\n|\n|upkeep\n|\n|t:|1699482758\n|switch|p2a: Marshmellow|Marshadow|81\/100\n|turn|32\n|\n|t:|1699482762\n|switch|p1a: Landorus|Landorus-Therian, M|31\/100\n|-damage|p1a: Landorus|19\/100|[from] Stealth Rock\n|-ability|p1a: Landorus|Intimidate|boost\n|-unboost|p2a: Marshmellow|atk|1\n|move|p2a: Marshmellow|Shadow Sneak|p1a: Landorus\n|-damage|p1a: Landorus|0 fnt\n|faint|p1a: Landorus\n|-damage|p2a: Marshmellow|71\/100|[from] item: Life Orb\n|\n|upkeep\n|\n|t:|1699482766\n|switch|p1a: Greninja|Greninja, M|88\/100\n|-damage|p1a: Greninja|76\/100|[from] Stealth Rock\n|turn|33\n|c|\u2606Malice Incarnate|gg\n|\n|t:|1699482769\n|move|p1a: Greninja|Extrasensory|p2a: Marshmellow\n|-start|p1a: Greninja|typechange|Psychic|[from] ability: Protean\n|-supereffective|p2a: Marshmellow\n|-damage|p2a: Marshmellow|11\/100\n|move|p2a: Marshmellow|Close Combat|p1a: Greninja\n|-resisted|p1a: Greninja\n|-damage|p1a: Greninja|35\/100\n|-unboost|p2a: Marshmellow|def|1\n|-unboost|p2a: Marshmellow|spd|1\n|-damage|p2a: Marshmellow|1\/100|[from] item: Life Orb\n|\n|upkeep\n|turn|34\n|\n|t:|1699482775\n|move|p2a: Marshmellow|Shadow Sneak|p1a: Greninja\n|-supereffective|p1a: Greninja\n|-damage|p1a: Greninja|0 fnt\n|faint|p1a: Greninja\n|-damage|p2a: Marshmellow|0 fnt|[from] item: Life Orb\n|faint|p2a: Marshmellow\n|\n|win|Malice Incarnate\n|l|\u2606Jack0lantern89\n","uploadtime":1699482783,"views":5,"p1id":"maliceincarnate","p2id":"jack0lantern89","formatid":"gen9nationaldexubers","rating":0,"private":0,"password":""}