{"id":"gen9nationaldexubers-1981326868","p1":"godiamsosorry","p2":"fried mochi","format":"[Gen 9] National Dex Ubers","log":"|j|\u2606godiamsosorry\n|j|\u2606fried mochi\n|t:|1698883963\n|gametype|singles\n|player|p1|godiamsosorry|scientistf|\n|player|p2|fried mochi|roxie|\n|teamsize|p1|6\n|teamsize|p2|6\n|gen|9\n|tier|[Gen 9] National Dex Ubers\n|rule|HP Percentage Mod: HP is shown in percentages\n|rule|Endless Battle Clause: Forcing endless battles is banned\n|rule|OHKO Clause: OHKO moves are banned\n|rule|Evasion Moves Clause: Evasion moves are banned\n|rule|Evasion Items Clause: Evasion items are banned\n|rule|Species Clause: Limit one of each Pok\u00e9mon\n|rule|Sleep Clause Mod: Limit one foe put to sleep\n|rule|Mega Rayquaza Clause: You cannot mega evolve Rayquaza\n|clearpoke\n|poke|p1|Eternatus|\n|poke|p1|Urshifu-*, F|\n|poke|p1|Scizor, M|\n|poke|p1|Deoxys-Attack|\n|poke|p1|Flutter Mane|\n|poke|p1|Arceus-Ground|\n|poke|p2|Tyranitar, M|\n|poke|p2|Dragapult, F|\n|poke|p2|Clefable, F|\n|poke|p2|Excadrill, M|\n|poke|p2|Xerneas-*|\n|poke|p2|Magearna|\n|teampreview\n|\n|t:|1698884011\n|start\n|switch|p1a: Silhouetto|Deoxys-Attack|100\/100\n|switch|p2a: lebron james|Xerneas|100\/100\n|-ability|p2a: lebron james|Fairy Aura\n|-ability|p1a: Silhouetto|Pressure\n|turn|1\n|\n|t:|1698884019\n|move|p2a: lebron james|Moonblast|p1a: Silhouetto\n|-enditem|p1a: Silhouetto|Focus Sash\n|-damage|p1a: Silhouetto|1\/100\n|-unboost|p1a: Silhouetto|spa|1\n|move|p1a: Silhouetto|Psycho Boost|p2a: lebron james\n|-damage|p2a: lebron james|45\/100\n|-unboost|p1a: Silhouetto|spa|2\n|\n|upkeep\n|turn|2\n|\n|t:|1698884029\n|move|p1a: Silhouetto|Extreme Speed|p2a: lebron james\n|-damage|p2a: lebron james|15\/100\n|move|p2a: lebron james|Moonblast|p1a: Silhouetto\n|-damage|p1a: Silhouetto|0 fnt\n|faint|p1a: Silhouetto\n|\n|upkeep\n|\n|t:|1698884036\n|switch|p1a: Iron Man|Scizor, M|100\/100\n|turn|3\n|c|\u2606fried mochi|almost\n|c|\u2606godiamsosorry|Anticipated a different lead there LOL\n|\n|t:|1698884108\n|switch|p2a: mother of two|Dragapult, F|100\/100\n|detailschange|p1a: Iron Man|Scizor-Mega, M\n|-mega|p1a: Iron Man|Scizor|Scizorite\n|move|p1a: Iron Man|Bullet Punch|p2a: mother of two\n|-crit|p2a: mother of two\n|-damage|p2a: mother of two|19\/100\n|\n|upkeep\n|turn|4\n|\n|t:|1698884131\n|switch|p2a: miss magic|Magearna|100\/100\n|move|p1a: Iron Man|Bullet Punch|p2a: miss magic\n|-damage|p2a: miss magic|69\/100\n|\n|-heal|p2a: miss magic|75\/100|[from] item: Leftovers\n|upkeep\n|turn|5\n|\n|t:|1698884144\n|move|p1a: Iron Man|Close Combat|p2a: miss magic\n|-damage|p2a: miss magic|36\/100\n|-unboost|p1a: Iron Man|def|1\n|-unboost|p1a: Iron Man|spd|1\n|move|p2a: miss magic|Iron Defense|p2a: miss magic\n|-boost|p2a: miss magic|def|2\n|\n|-heal|p2a: miss magic|42\/100|[from] item: Leftovers\n|upkeep\n|turn|6\n|j| curbsidepickup\n|j| Tumbledown\n|\n|t:|1698884172\n|switch|p1a: Yahweh|Arceus-Ground|100\/100\n|move|p2a: miss magic|Iron Defense|p2a: miss magic\n|-boost|p2a: miss magic|def|2\n|\n|-heal|p2a: miss magic|48\/100|[from] item: Leftovers\n|upkeep\n|turn|7\n|c|\u2606fried mochi|time for chocolate number 2\n|c| Tumbledown|KISS HIM\n|\n|t:|1698884242\n|switch|p2a: General Fable|Clefable, F|100\/100\n|move|p1a: Yahweh|Earthquake|p2a: General Fable\n|-damage|p2a: General Fable|48\/100\n|\n|-heal|p2a: General Fable|54\/100|[from] item: Leftovers\n|upkeep\n|turn|8\n|\n|t:|1698884254\n|move|p1a: Yahweh|Dragon Dance|p1a: Yahweh\n|-boost|p1a: Yahweh|atk|1\n|-boost|p1a: Yahweh|spe|1\n|move|p2a: General Fable|Wish|p2a: General Fable\n|\n|-heal|p2a: General Fable|60\/100|[from] item: Leftovers\n|upkeep\n|turn|9\n|\n|t:|1698884266\n|move|p1a: Yahweh|Dragon Dance|p1a: Yahweh\n|-boost|p1a: Yahweh|atk|1\n|-boost|p1a: Yahweh|spe|1\n|move|p2a: General Fable|Moonblast|p1a: Yahweh\n|-damage|p1a: Yahweh|80\/100\n|-unboost|p1a: Yahweh|spa|1\n|\n|-heal|p2a: General Fable|100\/100|[from] move: Wish|[wisher] General Fable\n|upkeep\n|turn|10\n|\n|t:|1698884276\n|move|p1a: Yahweh|Earthquake|p2a: General Fable\n|-crit|p2a: General Fable\n|-damage|p2a: General Fable|32\/100\n|move|p2a: General Fable|Moonblast|p1a: Yahweh\n|-damage|p1a: Yahweh|57\/100\n|\n|-heal|p2a: General Fable|39\/100|[from] item: Leftovers\n|upkeep\n|turn|11\n|\n|t:|1698884284\n|move|p2a: General Fable|Protect|p2a: General Fable\n|-singleturn|p2a: General Fable|Protect\n|move|p1a: Yahweh|Earthquake|p2a: General Fable\n|-activate|p2a: General Fable|move: Protect\n|\n|-heal|p2a: General Fable|45\/100|[from] item: Leftovers\n|upkeep\n|turn|12\n|\n|t:|1698884291\n|move|p1a: Yahweh|Earthquake|p2a: General Fable\n|-damage|p2a: General Fable|0 fnt\n|faint|p2a: General Fable\n|\n|upkeep\n|\n|t:|1698884328\n|switch|p2a: mother of two|Dragapult, F|19\/100\n|turn|13\n|\n|t:|1698884336\n|move|p1a: Yahweh|Earthquake|p2a: mother of two\n|-damage|p2a: mother of two|0 fnt\n|faint|p2a: mother of two\n|\n|upkeep\n|\n|t:|1698884422\n|switch|p2a: THE GOAT|Tyranitar, M|100\/100\n|-weather|Sandstorm|[from] ability: Sand Stream|[of] p2a: THE GOAT\n|turn|14\n|c|\u2606godiamsosorry|BREAKING NEWS: Mother of 2 smited by Literal God\n|\n|t:|1698884436\n|detailschange|p2a: THE GOAT|Tyranitar-Mega, M\n|-mega|p2a: THE GOAT|Tyranitar|Tyranitarite\n|move|p1a: Yahweh|Recover|p1a: Yahweh\n|-heal|p1a: Yahweh|100\/100\n|move|p2a: THE GOAT|Knock Off|p1a: Yahweh\n|-damage|p1a: Yahweh|68\/100\n|\n|-weather|Sandstorm|[upkeep]\n|upkeep\n|turn|15\n|\n|t:|1698884450\n|move|p1a: Yahweh|Dragon Dance|p1a: Yahweh\n|-boost|p1a: Yahweh|atk|1\n|-boost|p1a: Yahweh|spe|1\n|move|p2a: THE GOAT|Stone Edge|p1a: Yahweh\n|-resisted|p1a: Yahweh\n|-damage|p1a: Yahweh|45\/100\n|\n|-weather|Sandstorm|[upkeep]\n|upkeep\n|turn|16\n|\n|t:|1698884479\n|switch|p2a: lebron james|Xerneas|15\/100\n|-ability|p2a: lebron james|Fairy Aura\n|move|p1a: Yahweh|Recover|p1a: Yahweh\n|-heal|p1a: Yahweh|95\/100\n|\n|-weather|Sandstorm|[upkeep]\n|-damage|p2a: lebron james|9\/100|[from] Sandstorm\n|upkeep\n|turn|17\n|c| Tumbledown|breaking news: you are so fucked holy shit\n|\n|t:|1698884498\n|move|p1a: Yahweh|X-Scissor|p2a: lebron james\n|-resisted|p2a: lebron james\n|-damage|p2a: lebron james|0 fnt\n|faint|p2a: lebron james\n|\n|-weather|Sandstorm|[upkeep]\n|upkeep\n|\n|t:|1698884505\n|switch|p2a: the loyal steed|Excadrill, M|100\/100\n|turn|18\n|c| Tumbledown|X SCISSOR?\n|c|\u2606godiamsosorry|Yeah.\n|c|\u2606godiamsosorry|Hits Serperior.\n|c|\u2606godiamsosorry|Serperior was 100% the thing I was most afraid of when building.\n|\n|t:|1698884526\n|-terastallize|p2a: the loyal steed|Ground\n|move|p1a: Yahweh|Earthquake|p2a: the loyal steed\n|-damage|p2a: the loyal steed|0 fnt\n|faint|p2a: the loyal steed\n|\n|-weather|none\n|upkeep\n|c| Tumbledown|cooked\n|c|\u2606godiamsosorry|The cheating didn\u00b4t even matter.......\n|c|\u2606fried mochi|what\n|c|\u2606godiamsosorry|Did you misclick or smth?\n|c|\u2606fried mochi|i didnt notice it was checked\n|c|\u2606godiamsosorry|LOL you\u00b4re fine it did not make a difference...\n|c|\u2606fried mochi|\u00af\\_(\u30c4)_\/\u00af\n|\n|t:|1698884600\n|switch|p2a: THE GOAT|Tyranitar-Mega, M|100\/100\n|-weather|Sandstorm|[from] ability: Sand Stream|[of] p2a: THE GOAT\n|turn|19\n|\n|t:|1698884642\n|move|p1a: Yahweh|Earthquake|p2a: THE GOAT\n|-supereffective|p2a: THE GOAT\n|-damage|p2a: THE GOAT|0 fnt\n|faint|p2a: THE GOAT\n|\n|-weather|Sandstorm|[upkeep]\n|upkeep\n|\n|t:|1698884647\n|switch|p2a: miss magic|Magearna|48\/100\n|turn|20\n|c|\u2606godiamsosorry|Gg!\n|\n|t:|1698884652\n|move|p1a: Yahweh|Earthquake|p2a: miss magic\n|-supereffective|p2a: miss magic\n|-damage|p2a: miss magic|0 fnt\n|faint|p2a: miss magic\n|\n|win|godiamsosorry\n","uploadtime":1698884656,"views":13,"p1id":"godiamsosorry","p2id":"friedmochi","formatid":"gen9nationaldexubers","rating":0,"private":0,"password":""}