{"id":"gen9nationaldexubers-1993580102","p1":"LeftyAnt682","p2":"real_anik","format":"[Gen 9] National Dex Ubers","log":"|j|\u2606LeftyAnt682\n|j|\u2606real_anik\n|t:|1700333959\n|gametype|singles\n|player|p1|LeftyAnt682|fisherman-gen4|1101\n|player|p2|real_anik|acetrainer|1117\n|teamsize|p1|6\n|teamsize|p2|6\n|gen|9\n|tier|[Gen 9] National Dex Ubers\n|rated|\n|rule|HP Percentage Mod: HP is shown in percentages\n|rule|Endless Battle Clause: Forcing endless battles is banned\n|rule|OHKO Clause: OHKO moves are banned\n|rule|Evasion Moves Clause: Evasion moves are banned\n|rule|Evasion Items Clause: Evasion items are banned\n|rule|Species Clause: Limit one of each Pok\u00e9mon\n|rule|Sleep Clause Mod: Limit one foe put to sleep\n|rule|Mega Rayquaza Clause: You cannot mega evolve Rayquaza\n|clearpoke\n|poke|p1|Metagross|\n|poke|p1|Gengar, F|\n|poke|p1|Cinderace, F|\n|poke|p1|Toxapex, F|\n|poke|p1|Gyarados, M|\n|poke|p1|Salamence, M|\n|poke|p2|Groudon|\n|poke|p2|Eternatus|\n|poke|p2|Zacian-*|\n|poke|p2|Zygarde|\n|poke|p2|Kyurem-Black|\n|poke|p2|Iron Valiant|\n|teampreview\n|inactive|Battle timer is ON: inactive players will automatically lose when time's up. (requested by LeftyAnt682)\n|j| execfist2\n|\n|t:|1700333984\n|start\n|switch|p1a: Cinderace|Cinderace, F, shiny|100\/100\n|switch|p2a: Groudon|Groudon|100\/100\n|detailschange|p2a: Groudon|Groudon-Primal\n|-primal|p2a: Groudon|Red Orb\n|-weather|DesolateLand|[from] ability: Desolate Land|[of] p2a: Groudon\n|turn|1\n|\n|t:|1700333996\n|move|p1a: Cinderace|U-turn|p2a: Groudon\n|-start|p1a: Cinderace|typechange|Bug|[from] ability: Libero\n|-resisted|p2a: Groudon\n|-damage|p2a: Groudon|86\/100\n|-damage|p1a: Cinderace|91\/100|[from] item: Life Orb\n|\n|t:|1700334008\n|switch|p1a: Gyarados|Gyarados, M, shiny|100\/100|[from] U-turn\n|move|p2a: Groudon|Rock Polish|p2a: Groudon\n|-boost|p2a: Groudon|spe|2\n|\n|-weather|DesolateLand|[upkeep]\n|upkeep\n|turn|2\n|\n|t:|1700334020\n|-weather|none\n|switch|p2a: Eternatus|Eternatus|100\/100\n|-ability|p2a: Eternatus|Pressure\n|-item|p2a: Eternatus|Air Balloon\n|move|p1a: Gyarados|Earthquake|p2a: Eternatus\n|-immune|p2a: Eternatus\n|\n|upkeep\n|turn|3\n|\n|t:|1700334031\n|move|p2a: Eternatus|Toxic|p1a: Gyarados\n|-status|p1a: Gyarados|tox\n|-enditem|p1a: Gyarados|Lum Berry|[eat]\n|-curestatus|p1a: Gyarados|tox|[msg]\n|move|p1a: Gyarados|Taunt|p2a: Eternatus\n|-start|p2a: Eternatus|move: Taunt\n|\n|upkeep\n|turn|4\n|\n|t:|1700334043\n|move|p2a: Eternatus|Dynamax Cannon|p1a: Gyarados\n|-crit|p1a: Gyarados\n|-damage|p1a: Gyarados|20\/100\n|move|p1a: Gyarados|Dragon Dance|p1a: Gyarados\n|-boost|p1a: Gyarados|atk|1\n|-boost|p1a: Gyarados|spe|1\n|\n|upkeep\n|turn|5\n|\n|t:|1700334058\n|move|p1a: Gyarados|Waterfall|p2a: Eternatus\n|-resisted|p2a: Eternatus\n|-damage|p2a: Eternatus|76\/100\n|-enditem|p2a: Eternatus|Air Balloon\n|move|p2a: Eternatus|Dynamax Cannon|p1a: Gyarados\n|-damage|p1a: Gyarados|0 fnt\n|faint|p1a: Gyarados\n|\n|upkeep\n|\n|t:|1700334067\n|switch|p1a: Desolator|Salamence, M|100\/100\n|-ability|p1a: Desolator|Intimidate|boost\n|-unboost|p2a: Eternatus|atk|1\n|turn|6\n|\n|t:|1700334077\n|detailschange|p1a: Desolator|Salamence-Mega, M\n|-mega|p1a: Desolator|Salamence|Salamencite\n|move|p2a: Eternatus|Dynamax Cannon|p1a: Desolator\n|-supereffective|p1a: Desolator\n|-damage|p1a: Desolator|0 fnt\n|faint|p1a: Desolator\n|\n|-end|p2a: Eternatus|move: Taunt\n|upkeep\n|\n|t:|1700334083\n|switch|p1a: Metagross|Metagross, shiny|100\/100\n|turn|7\n|\n|t:|1700334099\n|move|p2a: Eternatus|Toxic|p1a: Metagross\n|-immune|p1a: Metagross\n|move|p1a: Metagross|Agility|p1a: Metagross\n|-boost|p1a: Metagross|spe|2\n|\n|upkeep\n|turn|8\n|\n|t:|1700334110\n|move|p1a: Metagross|Earthquake|p2a: Eternatus\n|-supereffective|p2a: Eternatus\n|-damage|p2a: Eternatus|12\/100\n|move|p2a: Eternatus|Dynamax Cannon|p1a: Metagross\n|-resisted|p1a: Metagross\n|-damage|p1a: Metagross|69\/100\n|\n|upkeep\n|turn|9\n|\n|t:|1700334125\n|switch|p2a: Zacian|Zacian-Crowned|100\/100\n|-ability|p2a: Zacian|Intrepid Sword|boost\n|-boost|p2a: Zacian|atk|1\n|move|p1a: Metagross|Meteor Mash|p2a: Zacian|[miss]\n|-miss|p1a: Metagross|p2a: Zacian\n|\n|upkeep\n|turn|10\n|\n|t:|1700334133\n|move|p1a: Metagross|Earthquake|p2a: Zacian\n|-supereffective|p2a: Zacian\n|-damage|p2a: Zacian|24\/100\n|move|p2a: Zacian|Behemoth Blade|p1a: Metagross\n|-resisted|p1a: Metagross\n|-crit|p1a: Metagross\n|-damage|p1a: Metagross|9\/100\n|\n|upkeep\n|turn|11\n|\n|t:|1700334144\n|switch|p2a: Groudon|Groudon-Primal|86\/100\n|-weather|DesolateLand|[from] ability: Desolate Land|[of] p2a: Groudon\n|move|p1a: Metagross|Earthquake|p2a: Groudon\n|-supereffective|p2a: Groudon\n|-damage|p2a: Groudon|36\/100\n|\n|-weather|DesolateLand|[upkeep]\n|upkeep\n|turn|12\n|\n|t:|1700334154\n|move|p1a: Metagross|Earthquake|p2a: Groudon\n|-supereffective|p2a: Groudon\n|-damage|p2a: Groudon|0 fnt\n|faint|p2a: Groudon\n|-weather|none\n|\n|upkeep\n|\n|t:|1700334162\n|switch|p2a: Zygarde|Zygarde|100\/100\n|turn|13\n|\n|t:|1700334171\n|move|p1a: Metagross|Meteor Mash|p2a: Zygarde\n|-damage|p2a: Zygarde|60\/100\n|-boost|p1a: Metagross|atk|1\n|move|p2a: Zygarde|Thousand Arrows|p1a: Metagross\n|-supereffective|p1a: Metagross\n|-damage|p1a: Metagross|0 fnt\n|faint|p1a: Metagross\n|\n|upkeep\n|\n|t:|1700334181\n|switch|p1a: Gengar|Gengar, F|100\/100\n|turn|14\n|\n|t:|1700334188\n|move|p1a: Gengar|Dazzling Gleam|p2a: Zygarde\n|-supereffective|p2a: Zygarde\n|-damage|p2a: Zygarde|1\/100\n|move|p2a: Zygarde|Core Enforcer|p1a: Gengar\n|-damage|p1a: Gengar|55\/100\n|-endability|p1a: Gengar\n|\n|-activate|p2a: Zygarde|ability: Power Construct\n|detailschange|p2a: Zygarde|Zygarde-Complete\n|-heal|p2a: Zygarde|38\/100|[silent]\n|upkeep\n|turn|15\n|\n|t:|1700334202\n|move|p1a: Gengar|Dazzling Gleam|p2a: Zygarde\n|-supereffective|p2a: Zygarde\n|-damage|p2a: Zygarde|0 fnt\n|faint|p2a: Zygarde\n|\n|upkeep\n|\n|t:|1700334212\n|switch|p2a: Eternatus|Eternatus|12\/100\n|-ability|p2a: Eternatus|Pressure\n|turn|16\n|\n|t:|1700334219\n|move|p2a: Eternatus|Recover|p2a: Eternatus\n|-heal|p2a: Eternatus|62\/100\n|move|p1a: Gengar|Dazzling Gleam|p2a: Eternatus\n|-damage|p2a: Eternatus|29\/100\n|\n|upkeep\n|turn|17\n|\n|t:|1700334227\n|switch|p1a: Cinderace|Cinderace, F, shiny|91\/100\n|move|p2a: Eternatus|Dynamax Cannon|p1a: Cinderace\n|-damage|p1a: Cinderace|14\/100\n|\n|upkeep\n|turn|18\n|\n|t:|1700334234\n|move|p1a: Cinderace|Sucker Punch||[still]\n|-fail|p1a: Cinderace\n|move|p2a: Eternatus|Recover|p2a: Eternatus\n|-heal|p2a: Eternatus|79\/100\n|\n|upkeep\n|turn|19\n|\n|t:|1700334241\n|move|p2a: Eternatus|Toxic|p1a: Cinderace\n|-status|p1a: Cinderace|tox\n|move|p1a: Cinderace|Pyro Ball|p2a: Eternatus\n|-resisted|p2a: Eternatus\n|-damage|p2a: Eternatus|48\/100\n|-status|p2a: Eternatus|brn\n|-damage|p1a: Cinderace|4\/100 tox|[from] item: Life Orb\n|\n|-damage|p1a: Cinderace|0 fnt|[from] psn\n|faint|p1a: Cinderace\n|-damage|p2a: Eternatus|42\/100 brn|[from] brn\n|upkeep\n|\n|t:|1700334246\n|switch|p1a: Gengar|Gengar, F|55\/100\n|turn|20\n|\n|t:|1700334260\n|move|p2a: Eternatus|Recover|p2a: Eternatus\n|-heal|p2a: Eternatus|92\/100 brn\n|move|p1a: Gengar|Shadow Ball|p2a: Eternatus\n|-damage|p2a: Eternatus|39\/100 brn\n|\n|-damage|p2a: Eternatus|33\/100 brn|[from] brn\n|upkeep\n|turn|21\n|\n|t:|1700334269\n|-terastallize|p1a: Gengar|Ghost\n|move|p2a: Eternatus|Recover|p2a: Eternatus\n|-heal|p2a: Eternatus|83\/100 brn\n|move|p1a: Gengar|Shadow Ball|p2a: Eternatus\n|-damage|p2a: Eternatus|10\/100 brn\n|\n|-damage|p2a: Eternatus|4\/100 brn|[from] brn\n|upkeep\n|turn|22\n|\n|t:|1700334281\n|move|p2a: Eternatus|Dynamax Cannon|p1a: Gengar\n|-crit|p1a: Gengar\n|-damage|p1a: Gengar|0 fnt\n|faint|p1a: Gengar\n|\n|-damage|p2a: Eternatus|0 fnt|[from] brn\n|faint|p2a: Eternatus\n|upkeep\n|\n|t:|1700334290\n|switch|p2a: Iron Valiant|Iron Valiant|100\/100\n|switch|p1a: Toxapex|Toxapex, F, shiny|100\/100\n|-enditem|p2a: Iron Valiant|Booster Energy\n|-activate|p2a: Iron Valiant|ability: Quark Drive|[fromitem]\n|-start|p2a: Iron Valiant|quarkdrivespe\n|turn|23\n|\n|t:|1700334299\n|move|p2a: Iron Valiant|Destiny Bond|p2a: Iron Valiant\n|-singlemove|p2a: Iron Valiant|Destiny Bond\n|move|p1a: Toxapex|Scald|p2a: Iron Valiant\n|-damage|p2a: Iron Valiant|69\/100\n|\n|upkeep\n|turn|24\n|\n|t:|1700334309\n|move|p2a: Iron Valiant|Destiny Bond||[still]\n|-fail|p2a: Iron Valiant\n|move|p1a: Toxapex|Scald|p2a: Iron Valiant\n|-damage|p2a: Iron Valiant|35\/100\n|\n|upkeep\n|turn|25\n|\n|t:|1700334317\n|move|p2a: Iron Valiant|Destiny Bond|p2a: Iron Valiant\n|-singlemove|p2a: Iron Valiant|Destiny Bond\n|move|p1a: Toxapex|Toxic Spikes|p2a: Iron Valiant\n|-sidestart|p2: real_anik|move: Toxic Spikes\n|\n|upkeep\n|turn|26\n|\n|t:|1700334326\n|move|p2a: Iron Valiant|Destiny Bond||[still]\n|-fail|p2a: Iron Valiant\n|move|p1a: Toxapex|Scald|p2a: Iron Valiant\n|-damage|p2a: Iron Valiant|4\/100\n|\n|upkeep\n|turn|27\n|\n|t:|1700334333\n|move|p2a: Iron Valiant|Destiny Bond|p2a: Iron Valiant\n|-singlemove|p2a: Iron Valiant|Destiny Bond\n|move|p1a: Toxapex|Toxic Spikes|p2a: Iron Valiant\n|-sidestart|p2: real_anik|move: Toxic Spikes\n|\n|upkeep\n|turn|28\n|\n|t:|1700334341\n|move|p2a: Iron Valiant|Close Combat|p1a: Toxapex\n|-resisted|p1a: Toxapex\n|-crit|p1a: Toxapex\n|-damage|p1a: Toxapex|67\/100\n|-unboost|p2a: Iron Valiant|def|1\n|-unboost|p2a: Iron Valiant|spd|1\n|move|p1a: Toxapex|Toxic Spikes||[still]\n|-fail|p1a: Toxapex\n|\n|-heal|p1a: Toxapex|74\/100|[from] item: Black Sludge\n|upkeep\n|turn|29\n|c| execfist2|is this what it's like to do drugs?\n|\n|t:|1700334352\n|move|p2a: Iron Valiant|Destiny Bond|p2a: Iron Valiant\n|-singlemove|p2a: Iron Valiant|Destiny Bond\n|move|p1a: Toxapex|Recover|p1a: Toxapex\n|-heal|p1a: Toxapex|100\/100\n|\n|upkeep\n|turn|30\n|c|\u2606LeftyAnt682|probably\n|\n|t:|1700334362\n|-end|p2a: Iron Valiant|Quark Drive|[silent]\n|switch|p2a: Kyurem|Kyurem-Black|100\/100\n|-status|p2a: Kyurem|tox\n|-ability|p2a: Kyurem|Teravolt\n|move|p1a: Toxapex|Scald|p2a: Kyurem\n|-resisted|p2a: Kyurem\n|-damage|p2a: Kyurem|92\/100 tox\n|\n|-damage|p2a: Kyurem|86\/100 tox|[from] psn\n|upkeep\n|turn|31\n|\n|t:|1700334376\n|move|p2a: Kyurem|Dragon Dance|p2a: Kyurem\n|-boost|p2a: Kyurem|atk|1\n|-boost|p2a: Kyurem|spe|1\n|move|p1a: Toxapex|Scald|p2a: Kyurem\n|-resisted|p2a: Kyurem\n|-damage|p2a: Kyurem|77\/100 tox\n|\n|-damage|p2a: Kyurem|65\/100 tox|[from] psn\n|upkeep\n|turn|32\n|c| execfist2|I mean, he tried to toxic your metagross\n|\n|t:|1700334387\n|move|p2a: Kyurem|Dragon Dance|p2a: Kyurem\n|-boost|p2a: Kyurem|atk|1\n|-boost|p2a: Kyurem|spe|1\n|move|p1a: Toxapex|Haze|p1a: Toxapex\n|-clearallboost\n|\n|-damage|p2a: Kyurem|46\/100 tox|[from] psn\n|upkeep\n|turn|33\n|c| execfist2|sac'd eterna for no reason\n|\n|t:|1700334402\n|move|p2a: Kyurem|Draco Meteor|p1a: Toxapex\n|-damage|p1a: Toxapex|44\/100\n|-unboost|p2a: Kyurem|spa|2\n|-damage|p2a: Kyurem|36\/100 tox|[from] item: Life Orb\n|move|p1a: Toxapex|Scald|p2a: Kyurem\n|-resisted|p2a: Kyurem\n|-damage|p2a: Kyurem|27\/100 tox\n|\n|-heal|p1a: Toxapex|50\/100|[from] item: Black Sludge\n|-damage|p2a: Kyurem|2\/100 tox|[from] psn\n|upkeep\n|turn|34\n|c| execfist2|is he an AI flailing at the controls?\n|\n|t:|1700334417\n|move|p2a: Kyurem|Freeze Shock||[still]\n|-prepare|p2a: Kyurem|Freeze Shock\n|move|p1a: Toxapex|Recover|p1a: Toxapex\n|-heal|p1a: Toxapex|100\/100\n|\n|-damage|p2a: Kyurem|0 fnt|[from] psn\n|faint|p2a: Kyurem\n|upkeep\n|c|\u2606LeftyAnt682|\ud83d\udc80\ud83d\udc80\ud83d\udc80\ud83d\udc80\n|\n|t:|1700334428\n|switch|p2a: Zacian|Zacian-Crowned|24\/100\n|turn|35\n|\n|t:|1700334433\n|move|p2a: Zacian|Behemoth Blade|p1a: Toxapex\n|-resisted|p1a: Toxapex\n|-damage|p1a: Toxapex|74\/100\n|move|p1a: Toxapex|Scald|p2a: Zacian\n|-damage|p2a: Zacian|8\/100\n|\n|-heal|p1a: Toxapex|81\/100|[from] item: Black Sludge\n|upkeep\n|turn|36\n|\n|t:|1700334444\n|move|p2a: Zacian|Close Combat|p1a: Toxapex\n|-resisted|p1a: Toxapex\n|-damage|p1a: Toxapex|62\/100\n|-unboost|p2a: Zacian|def|1\n|-unboost|p2a: Zacian|spd|1\n|move|p1a: Toxapex|Scald|p2a: Zacian\n|-damage|p2a: Zacian|0 fnt\n|faint|p2a: Zacian\n|\n|-heal|p1a: Toxapex|68\/100|[from] item: Black Sludge\n|upkeep\n|c|\u2606LeftyAnt682|theres no way\n|\n|t:|1700334456\n|switch|p2a: Iron Valiant|Iron Valiant|4\/100\n|-status|p2a: Iron Valiant|tox\n|turn|37\n|c| execfist2|imagine\n|\n|t:|1700334461\n|move|p2a: Iron Valiant|Destiny Bond|p2a: Iron Valiant\n|-singlemove|p2a: Iron Valiant|Destiny Bond\n|move|p1a: Toxapex|Recover|p1a: Toxapex\n|-heal|p1a: Toxapex|100\/100\n|\n|-damage|p2a: Iron Valiant|0 fnt|[from] psn\n|faint|p2a: Iron Valiant\n|-end|p2a: Iron Valiant|Quark Drive|[silent]\n|\n|win|LeftyAnt682\n|upkeep\n|raw|LeftyAnt682's rating: 1101 &rarr; <strong>1127<\/strong><br \/>(+26 for winning)\n|raw|real_anik's rating: 1117 &rarr; <strong>1091<\/strong><br \/>(-26 for losing)\n|c|\u2606LeftyAnt682|what did i just experience\n|l|\u2606real_anik\n|c| execfist2|he could not have been worse at this\n|c| execfist2|I feel like I've had an out of body experience\n|c|\u2606LeftyAnt682|theres no way hes a real person\n|l|\u2606LeftyAnt682\n|c| execfist2|i know, gotta be ai\n","uploadtime":1700334524,"views":8,"p1id":"leftyant682","p2id":"realanik","formatid":"gen9nationaldexubers","rating":1091,"private":0,"password":""}