{"id":"gen9nationaldexubers-1985721594","p1":"bruised thighs\u2661","p2":"Hyjinks","format":"[Gen 9] National Dex Ubers","log":"|j|\u2606bruised thighs\u2661\n|j|\u2606Hyjinks\n|inactive|Battle timer is ON: inactive players will automatically lose when time's up.\n|t:|1699399248\n|gametype|singles\n|player|p1|bruised thighs\u2661|cynthia-masters|\n|player|p2|Hyjinks|proton|\n|teamsize|p1|6\n|teamsize|p2|6\n|gen|9\n|tier|[Gen 9] National Dex Ubers\n|rated|Tournament battle\n|rule|HP Percentage Mod: HP is shown in percentages\n|rule|Endless Battle Clause: Forcing endless battles is banned\n|rule|OHKO Clause: OHKO moves are banned\n|rule|Evasion Moves Clause: Evasion moves are banned\n|rule|Evasion Items Clause: Evasion items are banned\n|rule|Species Clause: Limit one of each Pok\u00e9mon\n|rule|Sleep Clause Mod: Limit one foe put to sleep\n|rule|Mega Rayquaza Clause: You cannot mega evolve Rayquaza\n|rule|Dynamax Clause: You cannot dynamax\n|rule|Terastal Clause: You cannot Terastallize\n|rule|Same Type Clause: Pok\u00e9mon in a team must share a type\n|clearpoke\n|poke|p1|Xerneas-*|\n|poke|p1|Klefki, M|\n|poke|p1|Magearna|\n|poke|p1|Iron Valiant|\n|poke|p1|Flutter Mane|\n|poke|p1|Arceus-Fairy|\n|poke|p2|Xerneas-*|\n|poke|p2|Magearna-Original|\n|poke|p2|Flutter Mane|\n|poke|p2|Grimmsnarl, M|\n|poke|p2|Iron Valiant|\n|poke|p2|Tapu Fini|\n|teampreview\n|\n|t:|1699399261\n|start\n|switch|p1a: Magearna|Magearna|100\/100\n|switch|p2a: Grimmsnarl|Grimmsnarl, M|100\/100\n|turn|1\n|\n|t:|1699399265\n|move|p2a: Grimmsnarl|Taunt|p1a: Magearna\n|-start|p1a: Magearna|move: Taunt\n|cant|p1a: Magearna|move: Taunt|Iron Defense\n|\n|upkeep\n|turn|2\n|\n|t:|1699399270\n|switch|p1a: Xerneas|Xerneas|100\/100\n|-ability|p1a: Xerneas|Fairy Aura\n|move|p2a: Grimmsnarl|Light Screen|p2a: Grimmsnarl\n|-sidestart|p2: Hyjinks|move: Light Screen\n|\n|upkeep\n|turn|3\n|\n|t:|1699399273\n|move|p2a: Grimmsnarl|Taunt|p1a: Xerneas\n|-start|p1a: Xerneas|move: Taunt\n|-zpower|p1a: Xerneas\n|move|p1a: Xerneas|Z-Geomancy||[anim]Geomancy|[still]\n|-boost|p1a: Xerneas|atk|1|[zeffect]\n|-boost|p1a: Xerneas|def|1|[zeffect]\n|-boost|p1a: Xerneas|spa|1|[zeffect]\n|-boost|p1a: Xerneas|spd|1|[zeffect]\n|-boost|p1a: Xerneas|spe|1|[zeffect]\n|-prepare|p1a: Xerneas|Geomancy\n|\n|upkeep\n|turn|4\n|\n|t:|1699399275\n|move|p2a: Grimmsnarl|Parting Shot|p1a: Xerneas\n|-unboost|p1a: Xerneas|atk|1\n|-unboost|p1a: Xerneas|spa|1\n|\n|t:|1699399278\n|switch|p2a: Magearna|Magearna-Original|100\/100|[from] Parting Shot\n|cant|p1a: Xerneas|move: Taunt|Geomancy\n|\n|upkeep\n|turn|5\n|\n|t:|1699399281\n|move|p1a: Xerneas|Moonblast|p2a: Magearna\n|-resisted|p2a: Magearna\n|-damage|p2a: Magearna|93\/100\n|move|p2a: Magearna|Calm Mind|p2a: Magearna\n|-boost|p2a: Magearna|spa|1\n|-boost|p2a: Magearna|spd|1\n|\n|-heal|p2a: Magearna|99\/100|[from] item: Leftovers\n|-end|p1a: Xerneas|move: Taunt\n|upkeep\n|turn|6\n|\n|t:|1699399286\n|switch|p1a: Klefki|Klefki, M|100\/100\n|move|p2a: Magearna|Calm Mind|p2a: Magearna\n|-boost|p2a: Magearna|spa|1\n|-boost|p2a: Magearna|spd|1\n|\n|-heal|p2a: Magearna|100\/100|[from] item: Leftovers\n|upkeep\n|turn|7\n|\n|t:|1699399288\n|move|p1a: Klefki|Light Screen|p1a: Klefki\n|-sidestart|p1: bruised thighs\u2661|move: Light Screen\n|move|p2a: Magearna|Iron Defense|p2a: Magearna\n|-boost|p2a: Magearna|def|2\n|\n|upkeep\n|turn|8\n|\n|t:|1699399298\n|switch|p1a: Magearna|Magearna|100\/100\n|move|p2a: Magearna|Calm Mind|p2a: Magearna\n|-boost|p2a: Magearna|spa|1\n|-boost|p2a: Magearna|spd|1\n|\n|upkeep\n|turn|9\n|\n|t:|1699399300\n|move|p2a: Magearna|Flash Cannon|p1a: Magearna\n|-damage|p1a: Magearna|70\/100\n|move|p1a: Magearna|Calm Mind|p1a: Magearna\n|-boost|p1a: Magearna|spa|1\n|-boost|p1a: Magearna|spd|1\n|\n|-heal|p1a: Magearna|76\/100|[from] item: Leftovers\n|-sideend|p2: Hyjinks|move: Light Screen\n|upkeep\n|turn|10\n|\n|t:|1699399302\n|move|p2a: Magearna|Flash Cannon|p1a: Magearna\n|-damage|p1a: Magearna|58\/100\n|move|p1a: Magearna|Calm Mind|p1a: Magearna\n|-boost|p1a: Magearna|spa|1\n|-boost|p1a: Magearna|spd|1\n|\n|-heal|p1a: Magearna|64\/100|[from] item: Leftovers\n|upkeep\n|turn|11\n|\n|t:|1699399303\n|move|p2a: Magearna|Flash Cannon|p1a: Magearna\n|-damage|p1a: Magearna|50\/100\n|move|p1a: Magearna|Calm Mind|p1a: Magearna\n|-boost|p1a: Magearna|spa|1\n|-boost|p1a: Magearna|spd|1\n|\n|-heal|p1a: Magearna|56\/100|[from] item: Leftovers\n|upkeep\n|turn|12\n|\n|t:|1699399305\n|move|p2a: Magearna|Flash Cannon|p1a: Magearna\n|-damage|p1a: Magearna|44\/100\n|move|p1a: Magearna|Calm Mind|p1a: Magearna\n|-boost|p1a: Magearna|spa|1\n|-boost|p1a: Magearna|spd|1\n|\n|-heal|p1a: Magearna|50\/100|[from] item: Leftovers\n|upkeep\n|turn|13\n|\n|t:|1699399308\n|move|p2a: Magearna|Calm Mind|p2a: Magearna\n|-boost|p2a: Magearna|spa|1\n|-boost|p2a: Magearna|spd|1\n|move|p1a: Magearna|Calm Mind|p1a: Magearna\n|-boost|p1a: Magearna|spa|1\n|-boost|p1a: Magearna|spd|1\n|\n|-heal|p1a: Magearna|56\/100|[from] item: Leftovers\n|upkeep\n|turn|14\n|\n|t:|1699399310\n|move|p2a: Magearna|Calm Mind|p2a: Magearna\n|-boost|p2a: Magearna|spa|1\n|-boost|p2a: Magearna|spd|1\n|move|p1a: Magearna|Pain Split|p2a: Magearna\n|-sethp|p2a: Magearna|78\/100|[from] move: Pain Split|[silent]\n|-sethp|p1a: Magearna|78\/100|[from] move: Pain Split\n|\n|-heal|p2a: Magearna|84\/100|[from] item: Leftovers\n|-heal|p1a: Magearna|84\/100|[from] item: Leftovers\n|-sideend|p1: bruised thighs\u2661|move: Light Screen\n|upkeep\n|turn|15\n|\n|t:|1699399311\n|move|p2a: Magearna|Calm Mind|p2a: Magearna\n|-boost|p2a: Magearna|spa|1\n|-boost|p2a: Magearna|spd|1\n|move|p1a: Magearna|Iron Defense|p1a: Magearna\n|-boost|p1a: Magearna|def|2\n|\n|-heal|p2a: Magearna|90\/100|[from] item: Leftovers\n|-heal|p1a: Magearna|90\/100|[from] item: Leftovers\n|upkeep\n|turn|16\n|\n|t:|1699399313\n|move|p2a: Magearna|Iron Defense|p2a: Magearna\n|-boost|p2a: Magearna|def|2\n|move|p1a: Magearna|Calm Mind|p1a: Magearna\n|-boost|p1a: Magearna|spa|1\n|-boost|p1a: Magearna|spd|1\n|\n|-heal|p2a: Magearna|96\/100|[from] item: Leftovers\n|-heal|p1a: Magearna|96\/100|[from] item: Leftovers\n|upkeep\n|turn|17\n|\n|t:|1699399315\n|move|p2a: Magearna|Iron Defense|p2a: Magearna\n|-boost|p2a: Magearna|def|2\n|move|p1a: Magearna|Iron Defense|p1a: Magearna\n|-boost|p1a: Magearna|def|2\n|\n|-heal|p2a: Magearna|100\/100|[from] item: Leftovers\n|-heal|p1a: Magearna|100\/100|[from] item: Leftovers\n|upkeep\n|turn|18\n|\n|t:|1699399317\n|move|p2a: Magearna|Stored Power|p1a: Magearna\n|-resisted|p1a: Magearna\n|-damage|p1a: Magearna|65\/100\n|move|p1a: Magearna|Flash Cannon|p2a: Magearna\n|-damage|p2a: Magearna|79\/100\n|-unboost|p2a: Magearna|spd|1\n|\n|-heal|p2a: Magearna|85\/100|[from] item: Leftovers\n|-heal|p1a: Magearna|71\/100|[from] item: Leftovers\n|upkeep\n|turn|19\n|j| Fixzation\n|\n|t:|1699399320\n|move|p2a: Magearna|Stored Power|p1a: Magearna\n|-resisted|p1a: Magearna\n|-damage|p1a: Magearna|38\/100\n|move|p1a: Magearna|Pain Split|p2a: Magearna\n|-sethp|p2a: Magearna|61\/100|[from] move: Pain Split|[silent]\n|-sethp|p1a: Magearna|61\/100|[from] move: Pain Split\n|\n|-heal|p2a: Magearna|67\/100|[from] item: Leftovers\n|-heal|p1a: Magearna|67\/100|[from] item: Leftovers\n|upkeep\n|turn|20\n|\n|t:|1699399323\n|move|p2a: Magearna|Stored Power|p1a: Magearna\n|-resisted|p1a: Magearna\n|-damage|p1a: Magearna|32\/100\n|move|p1a: Magearna|Pain Split|p2a: Magearna\n|-sethp|p2a: Magearna|50\/100|[from] move: Pain Split|[silent]\n|-sethp|p1a: Magearna|50\/100|[from] move: Pain Split\n|\n|-heal|p2a: Magearna|56\/100|[from] item: Leftovers\n|-heal|p1a: Magearna|56\/100|[from] item: Leftovers\n|upkeep\n|turn|21\n|\n|t:|1699399326\n|move|p2a: Magearna|Stored Power|p1a: Magearna\n|-resisted|p1a: Magearna\n|-damage|p1a: Magearna|21\/100\n|move|p1a: Magearna|Pain Split|p2a: Magearna\n|-sethp|p2a: Magearna|38\/100|[from] move: Pain Split|[silent]\n|-sethp|p1a: Magearna|38\/100|[from] move: Pain Split\n|\n|-heal|p2a: Magearna|44\/100|[from] item: Leftovers\n|-heal|p1a: Magearna|44\/100|[from] item: Leftovers\n|upkeep\n|turn|22\n|\n|t:|1699399331\n|move|p2a: Magearna|Stored Power|p1a: Magearna\n|-resisted|p1a: Magearna\n|-damage|p1a: Magearna|8\/100\n|move|p1a: Magearna|Pain Split|p2a: Magearna\n|-sethp|p2a: Magearna|26\/100|[from] move: Pain Split|[silent]\n|-sethp|p1a: Magearna|26\/100|[from] move: Pain Split\n|\n|-heal|p2a: Magearna|32\/100|[from] item: Leftovers\n|-heal|p1a: Magearna|32\/100|[from] item: Leftovers\n|upkeep\n|turn|23\n|\n|t:|1699399335\n|move|p2a: Magearna|Stored Power|p1a: Magearna\n|-resisted|p1a: Magearna\n|-damage|p1a: Magearna|0 fnt\n|faint|p1a: Magearna\n|\n|-heal|p2a: Magearna|38\/100|[from] item: Leftovers\n|upkeep\n|\n|t:|1699399340\n|switch|p1a: Iron Valiant|Iron Valiant|100\/100\n|turn|24\n|\n|t:|1699399342\n|move|p1a: Iron Valiant|Close Combat|p2a: Magearna\n|-damage|p2a: Magearna|25\/100\n|-unboost|p1a: Iron Valiant|def|1\n|-unboost|p1a: Iron Valiant|spd|1\n|move|p2a: Magearna|Flash Cannon|p1a: Iron Valiant\n|-supereffective|p1a: Iron Valiant\n|-damage|p1a: Iron Valiant|0 fnt\n|faint|p1a: Iron Valiant\n|-end|p1a: Iron Valiant|Quark Drive|[silent]\n|\n|-heal|p2a: Magearna|31\/100|[from] item: Leftovers\n|upkeep\n|\n|t:|1699399347\n|switch|p1a: Klefki|Klefki, M|100\/100\n|turn|25\n|\n|t:|1699399348\n|move|p1a: Klefki|Light Screen|p1a: Klefki\n|-sidestart|p1: bruised thighs\u2661|move: Light Screen\n|move|p2a: Magearna|Flash Cannon|p1a: Klefki\n|-damage|p1a: Klefki|24\/100\n|\n|-heal|p2a: Magearna|37\/100|[from] item: Leftovers\n|upkeep\n|turn|26\n|\n|t:|1699399351\n|move|p1a: Klefki|Reflect|p1a: Klefki\n|-sidestart|p1: bruised thighs\u2661|Reflect\n|move|p2a: Magearna|Flash Cannon|p1a: Klefki\n|-damage|p1a: Klefki|0 fnt\n|faint|p1a: Klefki\n|\n|-heal|p2a: Magearna|43\/100|[from] item: Leftovers\n|upkeep\n|\n|t:|1699399354\n|switch|p1a: Flutter Mane|Flutter Mane|100\/100\n|turn|27\n|\n|t:|1699399356\n|move|p1a: Flutter Mane|Shadow Ball|p2a: Magearna\n|-crit|p2a: Magearna\n|-damage|p2a: Magearna|0 fnt\n|faint|p2a: Magearna\n|\n|upkeep\n|\n|t:|1699399362\n|switch|p2a: Grimmsnarl|Grimmsnarl, M|100\/100\n|turn|28\n|\n|t:|1699399367\n|-end|p1a: Flutter Mane|Protosynthesis|[silent]\n|switch|p1a: Xerneas|Xerneas|100\/100\n|-ability|p1a: Xerneas|Fairy Aura\n|move|p2a: Grimmsnarl|Light Screen|p2a: Grimmsnarl\n|-sidestart|p2: Hyjinks|move: Light Screen\n|\n|upkeep\n|turn|29\n|\n|t:|1699399372\n|move|p2a: Grimmsnarl|Taunt|p1a: Xerneas\n|-start|p1a: Xerneas|move: Taunt\n|move|p1a: Xerneas|Moonblast|p2a: Grimmsnarl\n|-supereffective|p2a: Grimmsnarl\n|-damage|p2a: Grimmsnarl|58\/100\n|\n|upkeep\n|turn|30\n|\n|t:|1699399377\n|switch|p1a: Arceus|Arceus-Fairy|100\/100\n|move|p2a: Grimmsnarl|Parting Shot|p1a: Arceus\n|-unboost|p1a: Arceus|atk|1\n|-unboost|p1a: Arceus|spa|1\n|\n|t:|1699399379\n|switch|p2a: Xerneas|Xerneas|100\/100|[from] Parting Shot\n|-ability|p2a: Xerneas|Fairy Aura\n|\n|upkeep\n|turn|31\n|\n|t:|1699399381\n|move|p1a: Arceus|Calm Mind|p1a: Arceus\n|-boost|p1a: Arceus|spa|1\n|-boost|p1a: Arceus|spd|1\n|-zpower|p2a: Xerneas\n|move|p2a: Xerneas|Z-Geomancy||[anim]Geomancy|[still]\n|-boost|p2a: Xerneas|atk|1|[zeffect]\n|-boost|p2a: Xerneas|def|1|[zeffect]\n|-boost|p2a: Xerneas|spa|1|[zeffect]\n|-boost|p2a: Xerneas|spd|1|[zeffect]\n|-boost|p2a: Xerneas|spe|1|[zeffect]\n|-prepare|p2a: Xerneas|Geomancy\n|\n|upkeep\n|turn|32\n|\n|t:|1699399383\n|move|p1a: Arceus|Calm Mind|p1a: Arceus\n|-boost|p1a: Arceus|spa|1\n|-boost|p1a: Arceus|spd|1\n|move|p2a: Xerneas|Geomancy|p2a: Xerneas|[from]lockedmove\n|-boost|p2a: Xerneas|spa|2\n|-boost|p2a: Xerneas|spd|2\n|-boost|p2a: Xerneas|spe|2\n|\n|-sideend|p1: bruised thighs\u2661|move: Light Screen\n|upkeep\n|turn|33\n|\n|t:|1699399387\n|move|p2a: Xerneas|Moonblast|p1a: Arceus\n|-damage|p1a: Arceus|37\/100\n|move|p1a: Arceus|Calm Mind|p1a: Arceus\n|-boost|p1a: Arceus|spa|1\n|-boost|p1a: Arceus|spd|1\n|\n|-sideend|p1: bruised thighs\u2661|Reflect\n|upkeep\n|turn|34\n|\n|t:|1699399390\n|move|p2a: Xerneas|Moonblast|p1a: Arceus\n|-damage|p1a: Arceus|0 fnt\n|faint|p1a: Arceus\n|\n|upkeep\n|\n|t:|1699399394\n|switch|p1a: Flutter Mane|Flutter Mane|100\/100\n|turn|35\n|\n|t:|1699399397\n|move|p2a: Xerneas|Moonblast|p1a: Flutter Mane\n|-damage|p1a: Flutter Mane|0 fnt\n|faint|p1a: Flutter Mane\n|-end|p1a: Flutter Mane|Protosynthesis|[silent]\n|\n|-sideend|p2: Hyjinks|move: Light Screen\n|upkeep\n|-message|bruised thighs\u2661 forfeited.\n|\n|win|Hyjinks\n|n|\u2606bruised thighs\u2661|bruisedthighs\n|n|\u2606Hyjinks|hyjinks\n|n| Fixzation|fixzation\n|l|\u2606bruised thighs\u2661\n|l|\u2606Hyjinks\n","uploadtime":1699399401,"views":5,"p1id":"bruisedthighs","p2id":"hyjinks","formatid":"gen9nationaldexubers","rating":0,"private":0,"password":""}