{"id":"gen9nationaldexubers-1983603504","p1":"Bad Opinions","p2":"clockrens","format":"[Gen 9] National Dex Ubers","log":"|j|\u2606Bad Opinions\n|j|\u2606clockrens\n|t:|1699148364\n|gametype|singles\n|player|p1|Bad Opinions|cynthia-masters|\n|player|p2|clockrens|265|\n|teamsize|p1|6\n|teamsize|p2|6\n|gen|9\n|tier|[Gen 9] National Dex Ubers\n|rule|HP Percentage Mod: HP is shown in percentages\n|rule|Endless Battle Clause: Forcing endless battles is banned\n|rule|OHKO Clause: OHKO moves are banned\n|rule|Evasion Moves Clause: Evasion moves are banned\n|rule|Evasion Items Clause: Evasion items are banned\n|rule|Species Clause: Limit one of each Pok\u00e9mon\n|rule|Sleep Clause Mod: Limit one foe put to sleep\n|rule|Mega Rayquaza Clause: You cannot mega evolve Rayquaza\n|clearpoke\n|poke|p1|Torterra, F|\n|poke|p1|Mr. Mime, F|\n|poke|p1|Ursaring, M|\n|poke|p1|Forretress, M|\n|poke|p1|Arctovish|\n|poke|p1|Sandy Shocks|\n|poke|p2|Sharpedo, M|\n|poke|p2|Delphox, F|\n|poke|p2|Machamp, M|\n|poke|p2|Golurk|\n|poke|p2|Silvally-*|\n|poke|p2|Camerupt, F|\n|teampreview\n|\n|t:|1699148488\n|start\n|switch|p1a: Mr. Mime|Mr. Mime, F|100\/100\n|switch|p2a: Silvally|Silvally-Grass|100\/100\n|turn|1\n|j| Vaeternum\n|\n|t:|1699148504\n|move|p1a: Mr. Mime|Thunder Wave|p2a: Silvally\n|-status|p2a: Silvally|par\n|move|p2a: Silvally|Grass Pledge|p1a: Mr. Mime\n|-damage|p1a: Mr. Mime|67\/100\n|\n|-damage|p1a: Mr. Mime|54\/100|[from] item: Black Sludge\n|upkeep\n|turn|2\n|\n|t:|1699148522\n|switch|p1a: Forretress|Forretress, M|100\/100\n|switch|p2a: Golurk|Golurk|100\/100\n|\n|upkeep\n|turn|3\n|\n|t:|1699148534\n|move|p2a: Golurk|Trick|p1a: Forretress\n|-activate|p2a: Golurk|move: Trick|[of] p1a: Forretress\n|-item|p1a: Forretress|Choice Scarf|[from] move: Trick\n|-item|p2a: Golurk|Normal Gem|[from] move: Trick\n|move|p1a: Forretress|Spikes|p2a: Golurk\n|-sidestart|p2: clockrens|Spikes\n|\n|upkeep\n|turn|4\n|j| dogkin4\n|\n|t:|1699148547\n|switch|p2a: Camerupt|Camerupt, F|100\/100\n|-damage|p2a: Camerupt|88\/100|[from] Spikes\n|move|p1a: Forretress|Spikes|p2a: Camerupt\n|-sidestart|p2: clockrens|Spikes\n|\n|-heal|p2a: Camerupt|94\/100|[from] item: Leftovers\n|upkeep\n|turn|5\n|\n|t:|1699148559\n|switch|p1a: Mr. Mime|Mr. Mime, F|54\/100\n|move|p2a: Camerupt|Yawn|p1a: Mr. Mime\n|-start|p1a: Mr. Mime|move: Yawn|[of] p2a: Camerupt\n|\n|-damage|p1a: Mr. Mime|42\/100|[from] item: Black Sludge\n|-heal|p2a: Camerupt|99\/100|[from] item: Leftovers\n|upkeep\n|turn|6\n|c| dogkin4|using \/afd for this one\n|\n|t:|1699148570\n|move|p1a: Mr. Mime|Trick|p2a: Camerupt\n|-activate|p1a: Mr. Mime|move: Trick|[of] p2a: Camerupt\n|-item|p2a: Camerupt|Black Sludge|[from] move: Trick\n|-item|p1a: Mr. Mime|Leftovers|[from] move: Trick\n|move|p2a: Camerupt|Stealth Rock|p1a: Mr. Mime\n|-sidestart|p1: Bad Opinions|move: Stealth Rock\n|\n|-heal|p1a: Mr. Mime|48\/100|[from] item: Leftovers\n|-damage|p2a: Camerupt|88\/100|[from] item: Black Sludge\n|-end|p1a: Mr. Mime|move: Yawn|[silent]\n|-status|p1a: Mr. Mime|slp\n|upkeep\n|turn|7\n|\n|t:|1699148594\n|switch|p2a: Machamp|Machamp, M|100\/100\n|-damage|p2a: Machamp|84\/100|[from] Spikes\n|cant|p1a: Mr. Mime|slp\n|\n|-heal|p1a: Mr. Mime|54\/100 slp|[from] item: Leftovers\n|upkeep\n|turn|8\n|\n|t:|1699148609\n|move|p2a: Machamp|Knock Off|p1a: Mr. Mime\n|-damage|p1a: Mr. Mime|0 fnt\n|-enditem|p1a: Mr. Mime|Leftovers|[from] move: Knock Off|[of] p2a: Machamp\n|faint|p1a: Mr. Mime\n|\n|upkeep\n|\n|t:|1699148624\n|switch|p1a: Forretress|Forretress, M|100\/100\n|-damage|p1a: Forretress|88\/100|[from] Stealth Rock\n|turn|9\n|\n|t:|1699148636\n|switch|p2a: Silvally|Silvally-Grass|100\/100 par\n|-damage|p2a: Silvally|84\/100 par|[from] Spikes\n|move|p1a: Forretress|Explosion|p2a: Silvally\n|-damage|p2a: Silvally|28\/100 par\n|faint|p1a: Forretress\n|\n|upkeep\n|\n|t:|1699148653\n|switch|p1a: Torterra|Torterra, F|100\/100\n|-damage|p1a: Torterra|94\/100|[from] Stealth Rock\n|turn|10\n|\n|t:|1699148670\n|move|p1a: Torterra|Shell Smash|p1a: Torterra\n|-unboost|p1a: Torterra|def|1\n|-unboost|p1a: Torterra|spd|1\n|-boost|p1a: Torterra|atk|2\n|-boost|p1a: Torterra|spa|2\n|-boost|p1a: Torterra|spe|2\n|-enditem|p1a: Torterra|White Herb\n|-clearnegativeboost|p1a: Torterra|[silent]\n|cant|p2a: Silvally|par\n|\n|upkeep\n|turn|11\n|\n|t:|1699148684\n|move|p1a: Torterra|Shell Smash|p1a: Torterra\n|-unboost|p1a: Torterra|def|1\n|-unboost|p1a: Torterra|spd|1\n|-boost|p1a: Torterra|atk|2\n|-boost|p1a: Torterra|spa|2\n|-boost|p1a: Torterra|spe|2\n|move|p2a: Silvally|Flamethrower|p1a: Torterra\n|-supereffective|p1a: Torterra\n|-damage|p1a: Torterra|18\/100\n|\n|upkeep\n|turn|12\n|\n|t:|1699148698\n|move|p1a: Torterra|Giga Drain|p2a: Silvally\n|-resisted|p2a: Silvally\n|-damage|p2a: Silvally|0 fnt\n|-heal|p1a: Torterra|29\/100|[from] drain|[of] p2a: Silvally\n|faint|p2a: Silvally\n|\n|upkeep\n|\n|t:|1699148717\n|switch|p2a: Machamp|Machamp, M|84\/100\n|-damage|p2a: Machamp|68\/100|[from] Spikes\n|turn|13\n|\n|t:|1699148723\n|move|p1a: Torterra|Headlong Rush|p2a: Machamp\n|-damage|p2a: Machamp|0 fnt\n|-unboost|p1a: Torterra|def|1\n|-unboost|p1a: Torterra|spd|1\n|faint|p2a: Machamp\n|\n|upkeep\n|\n|t:|1699148727\n|switch|p2a: Sharpedo|Sharpedo, M|100\/100\n|-damage|p2a: Sharpedo|84\/100|[from] Spikes\n|turn|14\n|\n|t:|1699148731\n|move|p2a: Sharpedo|Protect|p2a: Sharpedo\n|-singleturn|p2a: Sharpedo|Protect\n|move|p1a: Torterra|Giga Drain|p2a: Sharpedo\n|-activate|p2a: Sharpedo|move: Protect\n|\n|-ability|p2a: Sharpedo|Speed Boost|boost\n|-boost|p2a: Sharpedo|spe|1\n|upkeep\n|turn|15\n|\n|t:|1699148739\n|move|p2a: Sharpedo|Protect||[still]\n|-fail|p2a: Sharpedo\n|move|p1a: Torterra|Giga Drain|p2a: Sharpedo\n|-supereffective|p2a: Sharpedo\n|-damage|p2a: Sharpedo|0 fnt\n|-heal|p1a: Torterra|60\/100|[from] drain|[of] p2a: Sharpedo\n|faint|p2a: Sharpedo\n|\n|upkeep\n|\n|t:|1699148742\n|switch|p2a: Delphox|Delphox, F|100\/100\n|turn|16\n|\n|t:|1699148748\n|move|p1a: Torterra|Headlong Rush|p2a: Delphox\n|-supereffective|p2a: Delphox\n|-damage|p2a: Delphox|0 fnt\n|-unboost|p1a: Torterra|def|1\n|-unboost|p1a: Torterra|spd|1\n|faint|p2a: Delphox\n|\n|upkeep\n|\n|t:|1699148750\n|switch|p2a: Camerupt|Camerupt, F|88\/100\n|-damage|p2a: Camerupt|71\/100|[from] Spikes\n|turn|17\n|\n|t:|1699148761\n|move|p1a: Torterra|Headlong Rush|p2a: Camerupt\n|-supereffective|p2a: Camerupt\n|-damage|p2a: Camerupt|0 fnt\n|-unboost|p1a: Torterra|def|1\n|-unboost|p1a: Torterra|spd|1\n|faint|p2a: Camerupt\n|\n|upkeep\n|\n|t:|1699148768\n|switch|p2a: Golurk|Golurk|100\/100\n|-damage|p2a: Golurk|84\/100|[from] Spikes\n|turn|18\n|\n|t:|1699148771\n|move|p1a: Torterra|Giga Drain|p2a: Golurk\n|-supereffective|p2a: Golurk\n|-damage|p2a: Golurk|0 fnt\n|-heal|p1a: Torterra|95\/100|[from] drain|[of] p2a: Golurk\n|faint|p2a: Golurk\n|\n|win|Bad Opinions\n|l|\u2606clockrens\n|l|\u2606Bad Opinions\n|l| dogkin4\n","uploadtime":1699148829,"views":19,"p1id":"badopinions","p2id":"clockrens","formatid":"gen9nationaldexubers","rating":0,"private":0,"password":""}