{"id":"gen9nationaldexubers-1979799490","p1":"Aroma Nobody","p2":"XX_1nfinity_XX","format":"[Gen 9] National Dex Ubers","log":"|j|\u2606Aroma Nobody\n|j|\u2606XX_1nfinity_XX\n|t:|1698714461\n|gametype|singles\n|player|p1|Aroma Nobody|266|\n|player|p2|XX_1nfinity_XX|lucas|\n|teamsize|p1|6\n|teamsize|p2|6\n|gen|9\n|tier|[Gen 9] National Dex Ubers\n|rule|HP Percentage Mod: HP is shown in percentages\n|rule|Endless Battle Clause: Forcing endless battles is banned\n|rule|OHKO Clause: OHKO moves are banned\n|rule|Evasion Moves Clause: Evasion moves are banned\n|rule|Evasion Items Clause: Evasion items are banned\n|rule|Species Clause: Limit one of each Pok\u00e9mon\n|rule|Sleep Clause Mod: Limit one foe put to sleep\n|rule|Mega Rayquaza Clause: You cannot mega evolve Rayquaza\n|clearpoke\n|poke|p1|Blacephalon|\n|poke|p1|Celesteela|\n|poke|p1|Buzzwole|\n|poke|p1|Nihilego|\n|poke|p1|Xurkitree|\n|poke|p1|Kartana|\n|poke|p2|Magearna|\n|poke|p2|Mawile, F|\n|poke|p2|Hatterene, F|\n|poke|p2|Diancie|\n|poke|p2|Cresselia, F|\n|poke|p2|Mimikyu, F|\n|teampreview\n|inactive|Battle timer is ON: inactive players will automatically lose when time's up. (requested by XX_1nfinity_XX)\n|c|\u2606Aroma Nobody|glhf\n|c|\u2606XX_1nfinity_XX|u2\n|\n|t:|1698714490\n|start\n|switch|p1a: Celesteela|Celesteela|100\/100\n|switch|p2a: Mimikyu|Mimikyu, F|100\/100\n|turn|1\n|\n|t:|1698714495\n|move|p1a: Celesteela|Leech Seed|p2a: Mimikyu\n|-start|p2a: Mimikyu|move: Leech Seed\n|move|p2a: Mimikyu|Trick Room|p2a: Mimikyu\n|-fieldstart|move: Trick Room|[of] p2a: Mimikyu\n|\n|-damage|p2a: Mimikyu|88\/100|[from] Leech Seed|[of] p1a: Celesteela\n|upkeep\n|turn|2\n|\n|t:|1698714502\n|switch|p2a: Magearna|Magearna|100\/100\n|move|p1a: Celesteela|Heavy Slam|p2a: Magearna\n|-damage|p2a: Magearna|66\/100\n|\n|-heal|p2a: Magearna|72\/100|[from] item: Leftovers\n|upkeep\n|turn|3\n|\n|t:|1698714512\n|move|p2a: Magearna|Volt Switch|p1a: Celesteela\n|-supereffective|p1a: Celesteela\n|-damage|p1a: Celesteela|66\/100\n|\n|t:|1698714517\n|switch|p2a: Mawile|Mawile, F|100\/100|[from] Volt Switch\n|move|p1a: Celesteela|Leech Seed|p2a: Mawile\n|-start|p2a: Mawile|move: Leech Seed\n|\n|-heal|p1a: Celesteela|72\/100|[from] item: Leftovers\n|-damage|p2a: Mawile|88\/100|[from] Leech Seed|[of] p1a: Celesteela\n|-heal|p1a: Celesteela|82\/100|[silent]\n|upkeep\n|turn|4\n|c|\u2606Aroma Nobody|sip sip sip\n|c|\u2606XX_1nfinity_XX|angy\n|\n|t:|1698714528\n|detailschange|p2a: Mawile|Mawile-Mega, F\n|-mega|p2a: Mawile|Mawile|Mawilite\n|move|p2a: Mawile|Thunder Punch|p1a: Celesteela\n|-supereffective|p1a: Celesteela\n|-damage|p1a: Celesteela|0 fnt\n|faint|p1a: Celesteela\n|\n|upkeep\n|c|\u2606Aroma Nobody|D:\n|\n|t:|1698714542\n|switch|p1a: Nihilego|Nihilego|100\/100\n|turn|5\n|\n|t:|1698714554\n|switch|p2a: Magearna|Magearna|72\/100\n|move|p1a: Nihilego|Meteor Beam||[still]\n|-prepare|p1a: Nihilego|Meteor Beam\n|-boost|p1a: Nihilego|spa|1\n|-enditem|p1a: Nihilego|Power Herb\n|-anim|p1a: Nihilego|Meteor Beam|p2a: Magearna\n|-resisted|p2a: Magearna\n|-damage|p2a: Magearna|35\/100\n|\n|-heal|p2a: Magearna|41\/100|[from] item: Leftovers\n|-fieldend|move: Trick Room\n|upkeep\n|turn|6\n|\n|t:|1698714559\n|move|p1a: Nihilego|Hidden Power|p2a: Magearna\n|-supereffective|p2a: Magearna\n|-damage|p2a: Magearna|0 fnt\n|faint|p2a: Magearna\n|-ability|p1a: Nihilego|Beast Boost|boost\n|-boost|p1a: Nihilego|spe|1\n|\n|upkeep\n|c|\u2606Aroma Nobody|burn burn burn\n|\n|t:|1698714562\n|switch|p2a: Mimikyu|Mimikyu, F|88\/100\n|turn|7\n|\n|t:|1698714567\n|move|p1a: Nihilego|Sludge Wave|p2a: Mimikyu\n|-activate|p2a: Mimikyu|ability: Disguise\n|-damage|p2a: Mimikyu|88\/100\n|detailschange|p2a: Mimikyu|Mimikyu-Busted, F\n|-damage|p2a: Mimikyu|76\/100|[from] pokemon: Mimikyu-Busted\n|move|p2a: Mimikyu|Trick Room|p2a: Mimikyu\n|-fieldstart|move: Trick Room|[of] p2a: Mimikyu\n|\n|upkeep\n|turn|8\n|\n|t:|1698714572\n|-zpower|p2a: Mimikyu\n|move|p2a: Mimikyu|Let's Snuggle Forever|p1a: Nihilego|[zeffect]\n|-resisted|p1a: Nihilego\n|-damage|p1a: Nihilego|39\/100\n|move|p1a: Nihilego|Sludge Wave|p2a: Mimikyu\n|-damage|p2a: Mimikyu|5\/100\n|\n|upkeep\n|turn|9\n|c|\u2606Aroma Nobody|<.< i live\n|\n|t:|1698714582\n|move|p2a: Mimikyu|Shadow Sneak|p1a: Nihilego\n|-damage|p1a: Nihilego|12\/100\n|move|p1a: Nihilego|Sludge Wave|p2a: Mimikyu\n|-damage|p2a: Mimikyu|0 fnt\n|faint|p2a: Mimikyu\n|-ability|p1a: Nihilego|Beast Boost|boost\n|-boost|p1a: Nihilego|spe|1\n|\n|upkeep\n|\n|t:|1698714589\n|switch|p2a: Diancie|Diancie|100\/100\n|turn|10\n|c|\u2606XX_1nfinity_XX|do not miss\n|c|\u2606Aroma Nobody|ok ngl I looked at your team and said \"Huh, full fairy\"\n|c|\u2606Aroma Nobody|just noticed the cresselia\n|\n|t:|1698714611\n|move|p2a: Diancie|Body Press|p1a: Nihilego\n|-damage|p1a: Nihilego|0 fnt\n|faint|p1a: Nihilego\n|\n|upkeep\n|c|\u2606XX_1nfinity_XX|changed my mind\n|\n|t:|1698714624\n|switch|p1a: Xurkitree|Xurkitree|100\/100\n|turn|11\n|\n|t:|1698714628\n|move|p2a: Diancie|Explosion|p1a: Xurkitree\n|-enditem|p2a: Diancie|Normal Gem|[from] gem\n|-damage|p1a: Xurkitree|0 fnt\n|faint|p2a: Diancie\n|faint|p1a: Xurkitree\n|\n|-fieldend|move: Trick Room\n|upkeep\n|c|\u2606XX_1nfinity_XX|get wrecked\n|\n|t:|1698714635\n|switch|p1a: Blacephalon|Blacephalon|100\/100\n|switch|p2a: Cresselia|Cresselia, F|100\/100\n|turn|12\n|c|\u2606Aroma Nobody|ok you first\n|\n|t:|1698714640\n|move|p1a: Blacephalon|Trick|p2a: Cresselia\n|-activate|p1a: Blacephalon|move: Trick|[of] p2a: Cresselia\n|-item|p2a: Cresselia|Choice Scarf|[from] move: Trick\n|-item|p1a: Blacephalon|Mental Herb|[from] move: Trick\n|move|p2a: Cresselia|Trick Room|p2a: Cresselia\n|-fieldstart|move: Trick Room|[of] p2a: Cresselia\n|\n|upkeep\n|turn|13\n|c|\u2606XX_1nfinity_XX|rude\n|\n|t:|1698714654\n|switch|p2a: Hatterene|Hatterene, F|100\/100\n|move|p1a: Blacephalon|Shadow Ball|p2a: Hatterene\n|-supereffective|p2a: Hatterene\n|-damage|p2a: Hatterene|4\/100\n|\n|-heal|p2a: Hatterene|10\/100|[from] item: Leftovers\n|upkeep\n|turn|14\n|\n|t:|1698714664\n|move|p2a: Hatterene|Healing Wish|p2a: Hatterene\n|faint|p2a: Hatterene\n|move|p1a: Blacephalon|Shadow Ball|p2: Hatterene|[notarget]\n|-fail|p1a: Blacephalon\n|\n|upkeep\n|\n|t:|1698714665\n|switch|p2a: Mawile|Mawile-Mega, F|88\/100\n|-heal|p2a: Mawile|100\/100|[from] move: Healing Wish\n|turn|15\n|\n|t:|1698714677\n|switch|p1a: Buzzwole|Buzzwole|100\/100\n|move|p2a: Mawile|Sucker Punch||[still]\n|-fail|p2a: Mawile\n|\n|upkeep\n|turn|16\n|c|\u2606Aroma Nobody|I feel bulky\n|\n|t:|1698714685\n|move|p2a: Mawile|Thunder Punch|p1a: Buzzwole\n|-damage|p1a: Buzzwole|68\/100\n|move|p1a: Buzzwole|Close Combat|p2a: Mawile\n|-damage|p2a: Mawile|0 fnt\n|-unboost|p1a: Buzzwole|def|1\n|-unboost|p1a: Buzzwole|spd|1\n|faint|p2a: Mawile\n|-ability|p1a: Buzzwole|Beast Boost|boost\n|-boost|p1a: Buzzwole|atk|1\n|\n|-fieldend|move: Trick Room\n|upkeep\n|\n|t:|1698714689\n|switch|p2a: Cresselia|Cresselia, F|100\/100\n|turn|17\n|c|\u2606Aroma Nobody|some might say too bulky\n|c|\u2606XX_1nfinity_XX|man\n|\n|t:|1698714705\n|switch|p1a: Blacephalon|Blacephalon|100\/100\n|-terastallize|p2a: Cresselia|Ghost\n|move|p2a: Cresselia|Future Sight|p1a: Blacephalon\n|-start|p2a: Cresselia|move: Future Sight\n|\n|upkeep\n|turn|18\n|\n|t:|1698714712\n|move|p1a: Blacephalon|Shadow Ball|p2a: Cresselia\n|-supereffective|p2a: Cresselia\n|-damage|p2a: Cresselia|52\/100\n|move|p2a: Cresselia|Future Sight||[still]\n|-fail|p2a: Cresselia\n|\n|upkeep\n|turn|19\n|\n|t:|1698714715\n|move|p1a: Blacephalon|Shadow Ball|p2a: Cresselia\n|-supereffective|p2a: Cresselia\n|-damage|p2a: Cresselia|10\/100\n|-unboost|p2a: Cresselia|spd|1\n|move|p2a: Cresselia|Future Sight||[still]\n|-fail|p2a: Cresselia\n|\n|-end|p1a: Blacephalon|move: Future Sight\n|-damage|p1a: Blacephalon|48\/100\n|upkeep\n|turn|20\n|\n|t:|1698714718\n|move|p1a: Blacephalon|Shadow Ball|p2a: Cresselia\n|-supereffective|p2a: Cresselia\n|-damage|p2a: Cresselia|0 fnt\n|faint|p2a: Cresselia\n|\n|win|Aroma Nobody\n|c|\u2606Aroma Nobody|gg\n|c|\u2606XX_1nfinity_XX|i wish we could stack future sight\n","uploadtime":1698714734,"views":6,"p1id":"aromanobody","p2id":"xx1nfinityxx","formatid":"gen9nationaldexubers","rating":0,"private":0,"password":""}