{"id":"gen9nationaldexubers-2000538828","p1":"T3KMolotov","p2":"Pocketpeet","format":"[Gen 9] National Dex Ubers","log":"|j|\u2606T3KMolotov\n|j|\u2606Pocketpeet\n|t:|1701203442\n|gametype|singles\n|player|p1|T3KMolotov|petrel|1116\n|player|p2|Pocketpeet|102|1092\n|teamsize|p1|6\n|teamsize|p2|6\n|gen|9\n|tier|[Gen 9] National Dex Ubers\n|rated|\n|rule|HP Percentage Mod: HP is shown in percentages\n|rule|Endless Battle Clause: Forcing endless battles is banned\n|rule|OHKO Clause: OHKO moves are banned\n|rule|Evasion Moves Clause: Evasion moves are banned\n|rule|Evasion Items Clause: Evasion items are banned\n|rule|Species Clause: Limit one of each Pok\u00e9mon\n|rule|Sleep Clause Mod: Limit one foe put to sleep\n|rule|Mega Rayquaza Clause: You cannot mega evolve Rayquaza\n|clearpoke\n|poke|p1|Deoxys-Defense|\n|poke|p1|Wobbuffet, M|\n|poke|p1|Rayquaza|\n|poke|p1|Lugia|\n|poke|p1|Kyogre|\n|poke|p1|Groudon|\n|poke|p2|Houndstone, M|\n|poke|p2|Dugtrio, M|\n|poke|p2|Annihilape, F|\n|poke|p2|Lucario, M|\n|poke|p2|Staraptor, M|\n|poke|p2|Mismagius, M|\n|teampreview\n|inactive|Battle timer is ON: inactive players will automatically lose when time's up. (requested by Pocketpeet)\n|\n|t:|1701203450\n|start\n|switch|p1a: Wobbuffet|Wobbuffet, M, shiny|100\/100\n|switch|p2a: Staraptor|Staraptor, M|100\/100\n|-ability|p2a: Staraptor|Intimidate|boost\n|-unboost|p1a: Wobbuffet|atk|1\n|turn|1\n|\n|t:|1701203468\n|move|p2a: Staraptor|Final Gambit|p1a: Wobbuffet\n|-damage|p1a: Wobbuffet|29\/100\n|faint|p2a: Staraptor\n|move|p1a: Wobbuffet|Encore|p2: Staraptor|[notarget]\n|-fail|p1a: Wobbuffet\n|\n|upkeep\n|\n|t:|1701203476\n|switch|p2a: Lucario|Lucario, M|100\/100\n|turn|2\n|\n|t:|1701203490\n|move|p2a: Lucario|Final Gambit|p1a: Wobbuffet\n|-damage|p1a: Wobbuffet|0 fnt\n|faint|p2a: Lucario\n|faint|p1a: Wobbuffet\n|\n|upkeep\n|\n|t:|1701203499\n|switch|p2a: Annihilape|Annihilape, F|100\/100\n|switch|p1a: Deoxys|Deoxys-Defense, shiny|100\/100\n|-ability|p1a: Deoxys|Pressure\n|turn|3\n|\n|t:|1701203507\n|-terastallize|p1a: Deoxys|Psychic\n|move|p2a: Annihilape|Final Gambit|p1a: Deoxys\n|-damage|p1a: Deoxys|0 fnt\n|faint|p2a: Annihilape\n|faint|p1a: Deoxys\n|\n|upkeep\n|c|\u2606T3KMolotov|bro\n|\n|t:|1701203517\n|switch|p2a: Dugtrio|Dugtrio, M|100\/100\n|switch|p1a: Lugia|Lugia, shiny|100\/100\n|-ability|p1a: Lugia|Pressure\n|turn|4\n|\n|t:|1701203529\n|move|p2a: Dugtrio|Final Gambit|p1a: Lugia\n|-damage|p1a: Lugia|35\/100\n|faint|p2a: Dugtrio\n|move|p1a: Lugia|Whirlwind|p2: Dugtrio|[notarget]\n|-fail|p1a: Lugia\n|\n|-heal|p1a: Lugia|41\/100|[from] item: Leftovers\n|upkeep\n|\n|t:|1701203532\n|switch|p2a: Mismagius|Mismagius, M|100\/100\n|turn|5\n|\n|t:|1701203538\n|move|p2a: Mismagius|Memento|p1a: Lugia\n|-unboost|p1a: Lugia|atk|2\n|-unboost|p1a: Lugia|spa|2\n|faint|p2a: Mismagius\n|move|p1a: Lugia|Recover|p1a: Lugia\n|-heal|p1a: Lugia|91\/100\n|\n|-heal|p1a: Lugia|97\/100|[from] item: Leftovers\n|upkeep\n|\n|t:|1701203541\n|switch|p2a: Houndstone|Houndstone, M|100\/100\n|turn|6\n|\n|t:|1701203550\n|move|p2a: Houndstone|Last Respects|p1a: Lugia\n|-supereffective|p1a: Lugia\n|-damage|p1a: Lugia|0 fnt\n|faint|p1a: Lugia\n|\n|upkeep\n|\n|t:|1701203556\n|switch|p1a: Rayquaza|Rayquaza, shiny|100\/100\n|-ability|p1a: Rayquaza|Air Lock\n|turn|7\n|\n|t:|1701203563\n|move|p2a: Houndstone|Last Respects|p1a: Rayquaza\n|-damage|p1a: Rayquaza|0 fnt\n|faint|p1a: Rayquaza\n|\n|upkeep\n|c|\u2606T3KMolotov|you have literally no fucking life\n|\n|t:|1701203577\n|switch|p1a: Groudon|Groudon, shiny|100\/100\n|-weather|SunnyDay|[from] ability: Drought|[of] p1a: Groudon\n|turn|8\n|\n|t:|1701203583\n|-terastallize|p2a: Houndstone|Ghost\n|move|p2a: Houndstone|Last Respects|p1a: Groudon\n|-damage|p1a: Groudon|0 fnt\n|faint|p1a: Groudon\n|\n|-weather|SunnyDay|[upkeep]\n|upkeep\n|c|\u2606T3KMolotov|look at you oml\n|\n|t:|1701203595\n|switch|p1a: Kyogre|Kyogre, shiny|100\/100\n|-weather|RainDance|[from] ability: Drizzle|[of] p1a: Kyogre\n|turn|9\n|c|\u2606Pocketpeet|okay\n|\n|t:|1701203598\n|move|p2a: Houndstone|Last Respects|p1a: Kyogre\n|-damage|p1a: Kyogre|0 fnt\n|faint|p1a: Kyogre\n|\n|win|Pocketpeet\n|raw|T3KMolotov's rating: 1116 &rarr; <strong>1089<\/strong><br \/>(-27 for losing)\n|raw|Pocketpeet's rating: 1092 &rarr; <strong>1120<\/strong><br \/>(+28 for winning)\n","uploadtime":1701203578,"views":0,"p1id":"t3kmolotov","p2id":"pocketpeet","formatid":"gen9nationaldexubers","rating":1089,"private":0,"password":""}