{"id":"gen9nationaldexubers-1993071204","p1":"Zeno6969","p2":"its_notacewastaken","format":"[Gen 9] National Dex Ubers","log":"|j|\u2606Zeno6969\n|j|\u2606its_notacewastaken\n|t:|1700261471\n|gametype|singles\n|player|p1|Zeno6969|ltsurge|\n|player|p2|its_notacewastaken|hilda|\n|teamsize|p1|6\n|teamsize|p2|6\n|gen|9\n|tier|[Gen 9] National Dex Ubers\n|rule|HP Percentage Mod: HP is shown in percentages\n|rule|Endless Battle Clause: Forcing endless battles is banned\n|rule|OHKO Clause: OHKO moves are banned\n|rule|Evasion Moves Clause: Evasion moves are banned\n|rule|Evasion Items Clause: Evasion items are banned\n|rule|Species Clause: Limit one of each Pok\u00e9mon\n|rule|Sleep Clause Mod: Limit one foe put to sleep\n|rule|Mega Rayquaza Clause: You cannot mega evolve Rayquaza\n|clearpoke\n|poke|p1|Venusaur, M|\n|poke|p1|Nidoking, M|\n|poke|p1|Slowbro, F|\n|poke|p1|Dragapult, F|\n|poke|p1|Skarmory, F|\n|poke|p1|Houndoom, F|\n|poke|p2|Garganacl, F|\n|poke|p2|Kingambit, M|\n|poke|p2|Great Tusk|\n|poke|p2|Thundurus-Therian, M|\n|poke|p2|Ting-Lu|\n|poke|p2|Flutter Mane|\n|teampreview\n|\n|t:|1700261476\n|start\n|switch|p1a: birb|Skarmory, F, shiny|100\/100\n|switch|p2a: Da Ting goes MADDD|Ting-Lu|100\/100\n|-ability|p2a: Da Ting goes MADDD|Vessel of Ruin\n|turn|1\n|c|\u2606its_notacewastaken|funi\n|\n|t:|1700261507\n|move|p1a: birb|Stealth Rock|p2a: Da Ting goes MADDD\n|-sidestart|p2: its_notacewastaken|move: Stealth Rock\n|move|p2a: Da Ting goes MADDD|Whirlwind|p1a: birb\n|drag|p1a: CHOP|Houndoom, F|100\/100\n|\n|upkeep\n|turn|2\n|\n|t:|1700261516\n|move|p1a: CHOP|Dark Pulse|p2a: Da Ting goes MADDD\n|-resisted|p2a: Da Ting goes MADDD\n|-damage|p2a: Da Ting goes MADDD|93\/100\n|cant|p2a: Da Ting goes MADDD|flinch\n|\n|-heal|p2a: Da Ting goes MADDD|99\/100|[from] item: Leftovers\n|upkeep\n|turn|3\n|c|\u2606its_notacewastaken|crazy\n|\n|t:|1700261527\n|switch|p1a: birb|Skarmory, F, shiny|100\/100\n|move|p2a: Da Ting goes MADDD|Stealth Rock|p1a: birb\n|-sidestart|p1: Zeno6969|move: Stealth Rock\n|\n|-heal|p2a: Da Ting goes MADDD|100\/100|[from] item: Leftovers\n|upkeep\n|turn|4\n|\n|t:|1700261533\n|move|p1a: birb|Brave Bird|p2a: Da Ting goes MADDD\n|-damage|p2a: Da Ting goes MADDD|81\/100\n|-damage|p1a: birb|91\/100|[from] Recoil\n|move|p2a: Da Ting goes MADDD|Whirlwind|p1a: birb\n|drag|p1a: Jade|Venusaur, M|100\/100\n|-damage|p1a: Jade|88\/100|[from] Stealth Rock\n|\n|-heal|p2a: Da Ting goes MADDD|87\/100|[from] item: Leftovers\n|upkeep\n|turn|5\n|c|\u2606its_notacewastaken|eh\n|c|\u2606Zeno6969|huh\n|\n|t:|1700261548\n|-terastallize|p2a: Da Ting goes MADDD|Fairy\n|move|p1a: Jade|Sleep Powder|p2a: Da Ting goes MADDD\n|-status|p2a: Da Ting goes MADDD|slp|[from] move: Sleep Powder\n|cant|p2a: Da Ting goes MADDD|slp\n|\n|-heal|p2a: Da Ting goes MADDD|93\/100 slp|[from] item: Leftovers\n|upkeep\n|turn|6\n|\n|t:|1700261565\n|detailschange|p1a: Jade|Venusaur-Mega, M\n|-mega|p1a: Jade|Venusaur|Venusaurite\n|move|p1a: Jade|Sludge Bomb|p2a: Da Ting goes MADDD\n|-supereffective|p2a: Da Ting goes MADDD\n|-damage|p2a: Da Ting goes MADDD|63\/100 slp\n|-curestatus|p2a: Da Ting goes MADDD|slp|[msg]\n|move|p2a: Da Ting goes MADDD|Ruination|p1a: Jade\n|-damage|p1a: Jade|44\/100\n|\n|-heal|p2a: Da Ting goes MADDD|69\/100|[from] item: Leftovers\n|upkeep\n|turn|7\n|\n|t:|1700261576\n|move|p1a: Jade|Synthesis|p1a: Jade\n|-heal|p1a: Jade|94\/100\n|move|p2a: Da Ting goes MADDD|Whirlwind|p1a: Jade\n|drag|p1a: IWillPissUOff|Dragapult, F|100\/100\n|-damage|p1a: IWillPissUOff|88\/100|[from] Stealth Rock\n|\n|-heal|p2a: Da Ting goes MADDD|75\/100|[from] item: Leftovers\n|upkeep\n|turn|8\n|\n|t:|1700261584\n|move|p1a: IWillPissUOff|Dragon Darts|p2a: Da Ting goes MADDD\n|-immune|p2a: Da Ting goes MADDD\n|move|p2a: Da Ting goes MADDD|Ruination|p1a: IWillPissUOff|[miss]\n|-miss|p2a: Da Ting goes MADDD|p1a: IWillPissUOff\n|\n|-heal|p2a: Da Ting goes MADDD|81\/100|[from] item: Leftovers\n|upkeep\n|turn|9\n|\n|t:|1700261595\n|switch|p1a: bro|Slowbro, F|100\/100\n|-damage|p1a: bro|88\/100|[from] Stealth Rock\n|move|p2a: Da Ting goes MADDD|Earthquake|p1a: bro\n|-damage|p1a: bro|65\/100\n|\n|-heal|p2a: Da Ting goes MADDD|88\/100|[from] item: Leftovers\n|-heal|p1a: bro|71\/100|[from] item: Leftovers\n|upkeep\n|turn|10\n|\n|t:|1700261605\n|move|p1a: bro|Thunder Wave|p2a: Da Ting goes MADDD\n|-status|p2a: Da Ting goes MADDD|par\n|cant|p2a: Da Ting goes MADDD|par\n|\n|-heal|p1a: bro|77\/100|[from] item: Leftovers\n|-heal|p2a: Da Ting goes MADDD|94\/100 par|[from] item: Leftovers\n|upkeep\n|turn|11\n|c|\u2606its_notacewastaken|how tf are u faster\n|c|\u2606its_notacewastaken|oh yeah\n|\n|t:|1700261620\n|move|p1a: bro|Scald|p2a: Da Ting goes MADDD\n|-damage|p2a: Da Ting goes MADDD|82\/100 par\n|move|p2a: Da Ting goes MADDD|Whirlwind|p1a: bro\n|drag|p1a: CHOP|Houndoom, F|100\/100\n|\n|-heal|p2a: Da Ting goes MADDD|88\/100 par|[from] item: Leftovers\n|upkeep\n|turn|12\n|c|\u2606its_notacewastaken|ting-lu slow af\n|c|\u2606its_notacewastaken|welp\n|\n|t:|1700261629\n|move|p1a: CHOP|Fire Blast|p2a: Da Ting goes MADDD\n|-damage|p2a: Da Ting goes MADDD|68\/100 par\n|move|p2a: Da Ting goes MADDD|Earthquake|p1a: CHOP\n|-supereffective|p1a: CHOP\n|-damage|p1a: CHOP|0 fnt\n|faint|p1a: CHOP\n|\n|-heal|p2a: Da Ting goes MADDD|74\/100 par|[from] item: Leftovers\n|upkeep\n|c|\u2606its_notacewastaken|poor lad\n|\n|t:|1700261642\n|switch|p1a: Jade|Venusaur-Mega, M|94\/100\n|-damage|p1a: Jade|82\/100|[from] Stealth Rock\n|turn|13\n|\n|t:|1700261648\n|move|p1a: Jade|Sludge Bomb|p2a: Da Ting goes MADDD\n|-supereffective|p2a: Da Ting goes MADDD\n|-damage|p2a: Da Ting goes MADDD|46\/100 par\n|move|p2a: Da Ting goes MADDD|Ruination|p1a: Jade\n|-damage|p1a: Jade|41\/100\n|\n|-heal|p2a: Da Ting goes MADDD|52\/100 par|[from] item: Leftovers\n|upkeep\n|turn|14\n|\n|t:|1700261656\n|move|p1a: Jade|Synthesis|p1a: Jade\n|-heal|p1a: Jade|91\/100\n|cant|p2a: Da Ting goes MADDD|par\n|\n|-heal|p2a: Da Ting goes MADDD|58\/100 par|[from] item: Leftovers\n|upkeep\n|turn|15\n|\n|t:|1700261662\n|move|p1a: Jade|Sludge Bomb|p2a: Da Ting goes MADDD\n|-supereffective|p2a: Da Ting goes MADDD\n|-damage|p2a: Da Ting goes MADDD|29\/100 par\n|move|p2a: Da Ting goes MADDD|Ruination|p1a: Jade\n|-damage|p1a: Jade|46\/100\n|\n|-heal|p2a: Da Ting goes MADDD|35\/100 par|[from] item: Leftovers\n|upkeep\n|turn|16\n|\n|t:|1700261669\n|move|p1a: Jade|Synthesis|p1a: Jade\n|-heal|p1a: Jade|96\/100\n|cant|p2a: Da Ting goes MADDD|par\n|\n|-heal|p2a: Da Ting goes MADDD|41\/100 par|[from] item: Leftovers\n|upkeep\n|turn|17\n|\n|t:|1700261675\n|move|p1a: Jade|Sludge Bomb|p2a: Da Ting goes MADDD\n|-supereffective|p2a: Da Ting goes MADDD\n|-damage|p2a: Da Ting goes MADDD|13\/100 par\n|cant|p2a: Da Ting goes MADDD|par\n|\n|-heal|p2a: Da Ting goes MADDD|19\/100 par|[from] item: Leftovers\n|upkeep\n|turn|18\n|c|\u2606its_notacewastaken|fuck the\n|c|\u2606its_notacewastaken|paralyze\n|c|\u2606its_notacewastaken|that's pissing me off\n|\n|t:|1700261682\n|move|p1a: Jade|Sludge Bomb|p2a: Da Ting goes MADDD\n|-supereffective|p2a: Da Ting goes MADDD\n|-damage|p2a: Da Ting goes MADDD|0 fnt\n|faint|p2a: Da Ting goes MADDD\n|\n|upkeep\n|c|\u2606Zeno6969|ya\n|\n|t:|1700261696\n|switch|p2a: Thor|Thundurus-Therian, M|100\/100\n|turn|19\n|\n|t:|1700261701\n|move|p2a: Thor|Psychic|p1a: Jade\n|-supereffective|p1a: Jade\n|-damage|p1a: Jade|46\/100\n|move|p1a: Jade|Sleep Powder|p2a: Thor|[miss]\n|-miss|p1a: Jade|p2a: Thor\n|\n|upkeep\n|turn|20\n|c|\u2606its_notacewastaken|nuh uh\n|c|\u2606its_notacewastaken|fuck your sleep powder!\n|\n|t:|1700261713\n|switch|p1a: DA K1NG|Nidoking, M|100\/100\n|-damage|p1a: DA K1NG|95\/100|[from] Stealth Rock\n|move|p2a: Thor|Psychic|p1a: DA K1NG\n|-supereffective|p1a: DA K1NG\n|-damage|p1a: DA K1NG|5\/100\n|\n|upkeep\n|turn|21\n|\n|t:|1700261723\n|move|p2a: Thor|Psychic|p1a: DA K1NG\n|-supereffective|p1a: DA K1NG\n|-damage|p1a: DA K1NG|0 fnt\n|faint|p1a: DA K1NG\n|\n|upkeep\n|\n|t:|1700261728\n|switch|p1a: IWillPissUOff|Dragapult, F|88\/100\n|-damage|p1a: IWillPissUOff|76\/100|[from] Stealth Rock\n|turn|22\n|\n|t:|1700261739\n|move|p1a: IWillPissUOff|Dragon Darts|p2a: Thor\n|-damage|p2a: Thor|67\/100\n|-anim|p1a: IWillPissUOff|Dragon Darts|p2a: Thor\n|-damage|p2a: Thor|33\/100\n|move|p2a: Thor|Volt Switch|p1a: IWillPissUOff\n|-resisted|p1a: IWillPissUOff\n|-damage|p1a: IWillPissUOff|49\/100\n|\n|t:|1700261746\n|switch|p2a: Nebula|Flutter Mane|100\/100|[from] Volt Switch\n|-damage|p2a: Nebula|88\/100|[from] Stealth Rock\n|\n|upkeep\n|turn|23\n|\n|t:|1700261755\n|switch|p1a: bro|Slowbro, F|77\/100\n|-damage|p1a: bro|65\/100|[from] Stealth Rock\n|move|p2a: Nebula|Mystical Fire|p1a: bro\n|-resisted|p1a: bro\n|-damage|p1a: bro|47\/100\n|-unboost|p1a: bro|spa|1\n|\n|-heal|p1a: bro|53\/100|[from] item: Leftovers\n|upkeep\n|turn|24\n|\n|t:|1700261769\n|-end|p2a: Nebula|Protosynthesis|[silent]\n|switch|p2a: Supreme Overlord|Kingambit, M|100\/100\n|-damage|p2a: Supreme Overlord|94\/100|[from] Stealth Rock\n|-activate|p2a: Supreme Overlord|ability: Supreme Overlord\n|-start|p2a: Supreme Overlord|fallen1|[silent]\n|-item|p2a: Supreme Overlord|Air Balloon\n|move|p1a: bro|Slack Off|p1a: bro\n|-heal|p1a: bro|100\/100\n|\n|upkeep\n|turn|25\n|\n|t:|1700261778\n|move|p2a: Supreme Overlord|Swords Dance|p2a: Supreme Overlord\n|-boost|p2a: Supreme Overlord|atk|2\n|move|p1a: bro|Thunder Wave|p2a: Supreme Overlord\n|-status|p2a: Supreme Overlord|par\n|\n|upkeep\n|turn|26\n|\n|t:|1700261788\n|move|p1a: bro|Scald|p2a: Supreme Overlord\n|-damage|p2a: Supreme Overlord|78\/100 par\n|-enditem|p2a: Supreme Overlord|Air Balloon\n|move|p2a: Supreme Overlord|Swords Dance|p2a: Supreme Overlord\n|-boost|p2a: Supreme Overlord|atk|2\n|\n|upkeep\n|turn|27\n|\n|t:|1700261797\n|switch|p1a: IWillPissUOff|Dragapult, F|49\/100\n|-damage|p1a: IWillPissUOff|37\/100|[from] Stealth Rock\n|move|p2a: Supreme Overlord|Sucker Punch||[still]\n|-fail|p2a: Supreme Overlord\n|\n|upkeep\n|turn|28\n|\n|t:|1700261808\n|move|p2a: Supreme Overlord|Sucker Punch|p1a: IWillPissUOff\n|-supereffective|p1a: IWillPissUOff\n|-damage|p1a: IWillPissUOff|0 fnt\n|faint|p1a: IWillPissUOff\n|\n|upkeep\n|\n|t:|1700261813\n|switch|p1a: Jade|Venusaur-Mega, M|46\/100\n|-damage|p1a: Jade|33\/100|[from] Stealth Rock\n|turn|29\n|\n|t:|1700261819\n|move|p2a: Supreme Overlord|Sucker Punch||[still]\n|-fail|p2a: Supreme Overlord\n|move|p1a: Jade|Synthesis|p1a: Jade\n|-heal|p1a: Jade|83\/100\n|\n|upkeep\n|turn|30\n|\n|t:|1700261825\n|cant|p2a: Supreme Overlord|par\n|move|p1a: Jade|Sludge Bomb|p2a: Supreme Overlord\n|-immune|p2a: Supreme Overlord\n|\n|upkeep\n|turn|31\n|c|\u2606its_notacewastaken|LOL\n|c|\u2606Zeno6969|broo\n|c|\u2606Zeno6969|i keep forgetting steel and dark weaknesses\n|c|\u2606its_notacewastaken|you shalt not!\n|\n|t:|1700261848\n|move|p2a: Supreme Overlord|Sucker Punch|p1a: Jade\n|-crit|p1a: Jade\n|-damage|p1a: Jade|0 fnt\n|faint|p1a: Jade\n|\n|upkeep\n|c|\u2606its_notacewastaken|you have none\n|\n|t:|1700261854\n|switch|p1a: birb|Skarmory, F, shiny|91\/100\n|-damage|p1a: birb|78\/100|[from] Stealth Rock\n|turn|32\n|c|\u2606its_notacewastaken|woo critical\n|\n|t:|1700261860\n|cant|p2a: Supreme Overlord|par\n|move|p1a: birb|Whirlwind|p2a: Supreme Overlord\n|-end|p2a: Supreme Overlord|fallen1|[silent]\n|drag|p2a: Thor|Thundurus-Therian, M|33\/100\n|\n|upkeep\n|turn|33\n|c|\u2606its_notacewastaken|interesting play\n|\n|t:|1700261869\n|move|p2a: Thor|Volt Switch|p1a: birb\n|-supereffective|p1a: birb\n|-damage|p1a: birb|0 fnt\n|faint|p1a: birb\n|c|\u2606Zeno6969|;(\n|\n|t:|1700261879\n|switch|p2a: Basalt|Garganacl, F|100\/100|[from] Volt Switch\n|-damage|p2a: Basalt|88\/100|[from] Stealth Rock\n|\n|-heal|p2a: Basalt|94\/100|[from] item: Leftovers\n|upkeep\n|c|\u2606Zeno6969|PLS\n|c|\u2606Zeno6969|NOO\n|c|\u2606Zeno6969|JUST END IT\n|c|\u2606Zeno6969|PLS\n|c|\u2606Zeno6969|PMPNSFIASJBDKJIA\n|c|\u2606its_notacewastaken|get him basalt!\n|\n|t:|1700261892\n|switch|p1a: bro|Slowbro, F|100\/100\n|-damage|p1a: bro|88\/100|[from] Stealth Rock\n|turn|34\n|\n|t:|1700261897\n|move|p2a: Basalt|Salt Cure|p1a: bro\n|-damage|p1a: bro|79\/100\n|-start|p1a: bro|Salt Cure\n|move|p1a: bro|Rain Dance|p1a: bro\n|-weather|RainDance\n|\n|-weather|RainDance|[upkeep]\n|-heal|p2a: Basalt|100\/100|[from] item: Leftovers\n|-heal|p1a: bro|85\/100|[from] item: Leftovers\n|-damage|p1a: bro|60\/100|[from] Salt Cure\n|upkeep\n|turn|35\n|c|\u2606its_notacewastaken|did you know\n|c|\u2606its_notacewastaken|salt cure does 1\/8 of your hp each turn\n|c|\u2606its_notacewastaken|however\n|c|\u2606its_notacewastaken|if your pokemon is water or steel type it does 1\/4 of your hp each turn?\n|\n|t:|1700261931\n|-terastallize|p1a: bro|Water\n|move|p2a: Basalt|Earthquake|p1a: bro\n|-damage|p1a: bro|46\/100\n|move|p1a: bro|Slack Off|p1a: bro\n|-heal|p1a: bro|96\/100\n|\n|-weather|RainDance|[upkeep]\n|-heal|p1a: bro|100\/100|[from] item: Leftovers\n|-damage|p1a: bro|76\/100|[from] Salt Cure\n|upkeep\n|turn|36\n|c|\u2606its_notacewastaken|that's why it hits hard\n|\n|t:|1700261942\n|move|p2a: Basalt|Salt Cure|p1a: bro\n|-damage|p1a: bro|67\/100\n|move|p1a: bro|Scald|p2a: Basalt\n|-supereffective|p2a: Basalt\n|-damage|p2a: Basalt|24\/100\n|\n|-weather|RainDance|[upkeep]\n|-heal|p2a: Basalt|30\/100|[from] item: Leftovers\n|-heal|p1a: bro|73\/100|[from] item: Leftovers\n|-damage|p1a: bro|48\/100|[from] Salt Cure\n|upkeep\n|turn|37\n|c|\u2606its_notacewastaken|finally\n|c|\u2606its_notacewastaken|you've used your head\n|\n|t:|1700261954\n|move|p2a: Basalt|Earthquake|p1a: bro\n|-damage|p1a: bro|34\/100\n|move|p1a: bro|Scald|p2a: Basalt\n|-supereffective|p2a: Basalt\n|-damage|p2a: Basalt|0 fnt\n|faint|p2a: Basalt\n|\n|-weather|RainDance|[upkeep]\n|-heal|p1a: bro|40\/100|[from] item: Leftovers\n|-damage|p1a: bro|15\/100|[from] Salt Cure\n|upkeep\n|c|\u2606its_notacewastaken|too late however\n|\n|t:|1700261964\n|switch|p2a: Thor|Thundurus-Therian, M|33\/100\n|turn|38\n|c|\u2606its_notacewastaken|Do it, hor.\n|c|\u2606its_notacewastaken|thor.\n|c|\u2606its_notacewastaken|GG\n|\n|t:|1700261978\n|move|p2a: Thor|Grass Knot|p1a: bro\n|-supereffective|p1a: bro\n|-damage|p1a: bro|0 fnt\n|faint|p1a: bro\n|\n|win|its_notacewastaken\n|c|\u2606Zeno6969|FUCKCKSADBJKJHDA\n","uploadtime":1700261984,"views":10,"p1id":"zeno6969","p2id":"itsnotacewastaken","formatid":"gen9nationaldexubers","rating":0,"private":0,"password":""}