{"id":"gen9nationaldexubers-1992628887","p1":"KarmaNightraide","p2":"Notakk","format":"[Gen 9] National Dex Ubers","log":"|j|\u2606KarmaNightraide\n|j|\u2606Notakk\n|t:|1700217260\n|gametype|singles\n|player|p1|KarmaNightraide|unknown|1208\n|player|p2|Notakk|fantina|1110\n|teamsize|p1|6\n|teamsize|p2|6\n|gen|9\n|tier|[Gen 9] National Dex Ubers\n|rated|\n|rule|HP Percentage Mod: HP is shown in percentages\n|rule|Endless Battle Clause: Forcing endless battles is banned\n|rule|OHKO Clause: OHKO moves are banned\n|rule|Evasion Moves Clause: Evasion moves are banned\n|rule|Evasion Items Clause: Evasion items are banned\n|rule|Species Clause: Limit one of each Pok\u00e9mon\n|rule|Sleep Clause Mod: Limit one foe put to sleep\n|rule|Mega Rayquaza Clause: You cannot mega evolve Rayquaza\n|clearpoke\n|poke|p1|Mimikyu, M|\n|poke|p1|Banette, F|\n|poke|p1|Polteageist-Antique|\n|poke|p1|Skeledirge, M|\n|poke|p1|Gourgeist-*, F|\n|poke|p1|Basculegion, M|\n|poke|p2|Grimmsnarl, M|\n|poke|p2|Banette, M|\n|poke|p2|Magearna|\n|poke|p2|Ditto|\n|poke|p2|Ursaluna-Bloodmoon, M|\n|poke|p2|Kyurem-Black|\n|teampreview\n|inactive|Battle timer is ON: inactive players will automatically lose when time's up. (requested by Notakk)\n|\n|t:|1700217268\n|start\n|switch|p1a: Go to sleep...|Banette, F|100\/100\n|switch|p2a: Grimmsnarl|Grimmsnarl, M|100\/100\n|turn|1\n|\n|t:|1700217274\n|detailschange|p1a: Go to sleep...|Banette-Mega, F\n|-mega|p1a: Go to sleep...|Banette|Banettite\n|move|p2a: Grimmsnarl|Taunt|p1a: Go to sleep...\n|-start|p1a: Go to sleep...|move: Taunt\n|move|p1a: Go to sleep...|Gunk Shot|p2a: Grimmsnarl\n|-supereffective|p2a: Grimmsnarl\n|-damage|p2a: Grimmsnarl|18\/100\n|-status|p2a: Grimmsnarl|psn\n|\n|-damage|p2a: Grimmsnarl|6\/100 psn|[from] psn\n|upkeep\n|turn|2\n|\n|t:|1700217288\n|move|p2a: Grimmsnarl|Reflect|p2a: Grimmsnarl\n|-sidestart|p2: Notakk|Reflect\n|move|p1a: Go to sleep...|Poltergeist|p2a: Grimmsnarl\n|-activate|p2a: Grimmsnarl|move: Poltergeist|Light Clay\n|-resisted|p2a: Grimmsnarl\n|-damage|p2a: Grimmsnarl|0 fnt\n|faint|p2a: Grimmsnarl\n|\n|upkeep\n|\n|t:|1700217303\n|switch|p2a: Magearna|Magearna|100\/100\n|turn|3\n|\n|t:|1700217315\n|switch|p1a: Dundy|Skeledirge, M|100\/100\n|move|p2a: Magearna|Iron Defense|p2a: Magearna\n|-boost|p2a: Magearna|def|2\n|\n|upkeep\n|turn|4\n|\n|t:|1700217332\n|-terastallize|p1a: Dundy|Fire\n|move|p1a: Dundy|Torch Song|p2a: Magearna\n|-supereffective|p2a: Magearna\n|-damage|p2a: Magearna|38\/100\n|-boost|p1a: Dundy|spa|1\n|move|p2a: Magearna|Calm Mind|p2a: Magearna\n|-boost|p2a: Magearna|spa|1\n|-boost|p2a: Magearna|spd|1\n|\n|-heal|p2a: Magearna|44\/100|[from] item: Leftovers\n|upkeep\n|turn|5\n|\n|t:|1700217345\n|-terastallize|p2a: Magearna|Water\n|move|p1a: Dundy|Torch Song|p2a: Magearna\n|-resisted|p2a: Magearna\n|-damage|p2a: Magearna|17\/100\n|-boost|p1a: Dundy|spa|1\n|move|p2a: Magearna|Calm Mind|p2a: Magearna\n|-boost|p2a: Magearna|spa|1\n|-boost|p2a: Magearna|spd|1\n|\n|-heal|p2a: Magearna|23\/100|[from] item: Leftovers\n|upkeep\n|turn|6\n|\n|t:|1700217358\n|move|p1a: Dundy|Earth Power|p2a: Magearna\n|-damage|p2a: Magearna|0 fnt\n|faint|p2a: Magearna\n|\n|upkeep\n|\n|t:|1700217363\n|switch|p2a: Ursaluna|Ursaluna-Bloodmoon, M|100\/100\n|turn|7\n|\n|t:|1700217385\n|move|p1a: Dundy|Torch Song|p2a: Ursaluna\n|-damage|p2a: Ursaluna|0 fnt\n|-boost|p1a: Dundy|spa|1\n|faint|p2a: Ursaluna\n|\n|upkeep\n|\n|t:|1700217394\n|switch|p2a: Banette|Banette, M|100\/100\n|-item|p1a: Dundy|Leftovers|[from] ability: Frisk|[of] p2a: Banette|[identify]\n|turn|8\n|\n|t:|1700217404\n|detailschange|p2a: Banette|Banette-Mega, M\n|-mega|p2a: Banette|Banette|Banettite\n|move|p2a: Banette|Destiny Bond|p2a: Banette\n|-singlemove|p2a: Banette|Destiny Bond\n|move|p1a: Dundy|Will-O-Wisp|p2a: Banette\n|-status|p2a: Banette|brn\n|\n|-damage|p2a: Banette|95\/100 brn|[from] brn\n|upkeep\n|turn|9\n|c|\u2606KarmaNightraide|How dare you use my spells against me, potter?\n|inactive|KarmaNightraide has 120 seconds left.\n|\n|t:|1700217443\n|move|p1a: Dundy|Torch Song|p2a: Banette\n|-damage|p2a: Banette|0 fnt\n|-boost|p1a: Dundy|spa|1\n|faint|p2a: Banette\n|-activate|p2a: Banette|move: Destiny Bond\n|faint|p1a: Dundy\n|\n|-sideend|p2: Notakk|Reflect\n|upkeep\n|inactive|KarmaNightraide has 120 seconds left.\n|\n|t:|1700217455\n|switch|p1a: Wanna sip?|Polteageist-Antique|100\/100\n|switch|p2a: Kyurem|Kyurem-Black|100\/100\n|-ability|p2a: Kyurem|Teravolt\n|turn|10\n|inactive|KarmaNightraide has 120 seconds left.\n|\n|t:|1700217463\n|move|p2a: Kyurem|Icicle Spear|p1a: Wanna sip?\n|-damage|p1a: Wanna sip?|70\/100\n|-ability|p1a: Wanna sip?|Weak Armor|boost\n|-unboost|p1a: Wanna sip?|def|1\n|-boost|p1a: Wanna sip?|spe|2\n|-damage|p1a: Wanna sip?|28\/100\n|-ability|p1a: Wanna sip?|Weak Armor|boost\n|-unboost|p1a: Wanna sip?|def|1\n|-boost|p1a: Wanna sip?|spe|2\n|-damage|p1a: Wanna sip?|0 fnt\n|faint|p1a: Wanna sip?\n|-hitcount|p1: Wanna sip?|3\n|\n|upkeep\n|inactive|KarmaNightraide has 120 seconds left.\n|\n|t:|1700217474\n|switch|p1a: Go to sleep...|Banette-Mega, F|100\/100\n|turn|11\n|inactive|KarmaNightraide has 120 seconds left.\n|\n|t:|1700217481\n|move|p1a: Go to sleep...|Destiny Bond|p1a: Go to sleep...\n|-singlemove|p1a: Go to sleep...|Destiny Bond\n|move|p2a: Kyurem|Icicle Spear|p1a: Go to sleep...\n|-damage|p1a: Go to sleep...|76\/100\n|-damage|p1a: Go to sleep...|52\/100\n|-damage|p1a: Go to sleep...|27\/100\n|-damage|p1a: Go to sleep...|2\/100\n|-crit|p1a: Go to sleep...\n|-damage|p1a: Go to sleep...|0 fnt\n|faint|p1a: Go to sleep...\n|-activate|p1a: Go to sleep...|move: Destiny Bond\n|faint|p2a: Kyurem\n|-hitcount|p1: Go to sleep...|5\n|\n|upkeep\n|inactive|KarmaNightraide has 120 seconds left.\n|inactive|Notakk has 120 seconds left.\n|l|\u2606Notakk\n|inactive|Notakk disconnected and has a minute to reconnect!\n|player|p2|\n|inactive|Notakk has 30 seconds to reconnect!\n|inactive|Notakk has 20 seconds to reconnect!\n|inactive|Notakk has 15 seconds to reconnect!\n|inactive|Notakk has 10 seconds to reconnect!\n|inactive|Notakk has 5 seconds to reconnect!\n|-message|Notakk lost due to inactivity.\n|\n|win|KarmaNightraide\n|raw|KarmaNightraide's rating: 1208 &rarr; <strong>1226<\/strong><br \/>(+18 for winning)\n|raw|Notakk's rating: 1110 &rarr; <strong>1092<\/strong><br \/>(-18 for losing)\n","uploadtime":1700217585,"views":9,"p1id":"karmanightraide","p2id":"notakk","formatid":"gen9nationaldexubers","rating":1092,"private":0,"password":""}