{"id":"gen9nationaldexubers-1978838338","p1":"zacdog2006","p2":"kaikalos","format":"[Gen 9] National Dex Ubers","log":"|j|\u2606zacdog2006\n|j|\u2606kaikalos\n|t:|1698601206\n|gametype|singles\n|player|p1|zacdog2006|nate|1124\n|player|p2|kaikalos|schoolkid|1135\n|teamsize|p1|6\n|teamsize|p2|6\n|gen|9\n|tier|[Gen 9] National Dex Ubers\n|rated|\n|rule|HP Percentage Mod: HP is shown in percentages\n|rule|Endless Battle Clause: Forcing endless battles is banned\n|rule|OHKO Clause: OHKO moves are banned\n|rule|Evasion Moves Clause: Evasion moves are banned\n|rule|Evasion Items Clause: Evasion items are banned\n|rule|Species Clause: Limit one of each Pok\u00e9mon\n|rule|Sleep Clause Mod: Limit one foe put to sleep\n|rule|Mega Rayquaza Clause: You cannot mega evolve Rayquaza\n|clearpoke\n|poke|p1|Pidgeot, M|\n|poke|p1|Kyogre|\n|poke|p1|Cinderace, M|\n|poke|p1|Diancie|\n|poke|p1|Alakazam, M|\n|poke|p1|Kartana|\n|poke|p2|Ogerpon, F|\n|poke|p2|Ceruledge, F|\n|poke|p2|Azumarill, F|\n|poke|p2|Lopunny, F|\n|poke|p2|Necrozma-Dawn-Wings|\n|poke|p2|Togedemaru, L1, F|\n|teampreview\n|inactive|Battle timer is ON: inactive players will automatically lose when time's up. (requested by zacdog2006)\n|\n|t:|1698601218\n|start\n|switch|p1a: Kartana|Kartana|100\/100\n|switch|p2a: Ratoelho|Azumarill, F, shiny|100\/100\n|turn|1\n|\n|t:|1698601224\n|move|p1a: Kartana|Leaf Blade|p2a: Ratoelho\n|-supereffective|p2a: Ratoelho\n|-damage|p2a: Ratoelho|0 fnt\n|faint|p2a: Ratoelho\n|-ability|p1a: Kartana|Beast Boost|boost\n|-boost|p1a: Kartana|atk|1\n|\n|upkeep\n|\n|t:|1698601230\n|switch|p2a: G\u00f3tica|Ceruledge, F|100\/100\n|turn|2\n|\n|t:|1698601235\n|move|p2a: G\u00f3tica|Endure|p2a: G\u00f3tica\n|-singleturn|p2a: G\u00f3tica|move: Endure\n|move|p1a: Kartana|Knock Off|p2a: G\u00f3tica\n|-supereffective|p2a: G\u00f3tica\n|-activate|p2a: G\u00f3tica|move: Endure\n|-damage|p2a: G\u00f3tica|1\/100\n|-ability|p2a: G\u00f3tica|Weak Armor|boost\n|-unboost|p2a: G\u00f3tica|def|1\n|-boost|p2a: G\u00f3tica|spe|2\n|-enditem|p2a: G\u00f3tica|Weakness Policy\n|-boost|p2a: G\u00f3tica|atk|2|[from] item: Weakness Policy\n|-boost|p2a: G\u00f3tica|spa|2|[from] item: Weakness Policy\n|\n|upkeep\n|turn|3\n|\n|t:|1698601249\n|move|p2a: G\u00f3tica|Bitter Blade|p1a: Kartana\n|-supereffective|p1a: Kartana\n|-enditem|p1a: Kartana|Focus Sash\n|-damage|p1a: Kartana|1\/100\n|-heal|p2a: G\u00f3tica|45\/100|[from] drain|[of] p1a: Kartana\n|move|p1a: Kartana|Knock Off|p2a: G\u00f3tica\n|-supereffective|p2a: G\u00f3tica\n|-damage|p2a: G\u00f3tica|0 fnt\n|faint|p2a: G\u00f3tica\n|-ability|p1a: Kartana|Beast Boost|boost\n|-boost|p1a: Kartana|atk|1\n|\n|upkeep\n|\n|t:|1698601255\n|switch|p2a: Cueia|Lopunny, F|100\/100\n|turn|4\n|\n|t:|1698601263\n|detailschange|p2a: Cueia|Lopunny-Mega, F\n|-mega|p2a: Cueia|Lopunny|Lopunnite\n|move|p2a: Cueia|Fake Out|p1a: Kartana\n|-resisted|p1a: Kartana\n|-damage|p1a: Kartana|0 fnt\n|faint|p1a: Kartana\n|\n|upkeep\n|\n|t:|1698601275\n|switch|p1a: Pidgeot|Pidgeot, M|100\/100\n|turn|5\n|\n|t:|1698601281\n|detailschange|p1a: Pidgeot|Pidgeot-Mega, M\n|-mega|p1a: Pidgeot|Pidgeot|Pidgeotite\n|move|p1a: Pidgeot|Hurricane|p2a: Cueia\n|-supereffective|p2a: Cueia\n|-damage|p2a: Cueia|0 fnt\n|faint|p2a: Cueia\n|\n|upkeep\n|\n|t:|1698601290\n|switch|p2a: Togedemaru|Togedemaru, L1, F|100\/100\n|turn|6\n|\n|t:|1698601304\n|move|p1a: Pidgeot|Heat Wave|p2a: Togedemaru\n|-supereffective|p2a: Togedemaru\n|-ability|p2a: Togedemaru|Sturdy\n|-damage|p2a: Togedemaru|9\/100\n|move|p2a: Togedemaru|Endeavor|p1a: Pidgeot\n|-damage|p1a: Pidgeot|1\/100\n|-heal|p2a: Togedemaru|100\/100|[from] item: Shell Bell|[of] p1a: Pidgeot\n|\n|upkeep\n|turn|7\n|\n|t:|1698601314\n|switch|p2a: Necrozma|Necrozma-Dawn-Wings|100\/100\n|move|p1a: Pidgeot|Heat Wave|p2a: Necrozma\n|-damage|p2a: Necrozma|70\/100\n|\n|upkeep\n|turn|8\n|\n|t:|1698601327\n|detailschange|p2a: Necrozma|Necrozma-Ultra\n|-burst|p2a: Necrozma|Necrozma|Ultranecrozium Z\n|move|p2a: Necrozma|Dragon Pulse|p1a: Pidgeot\n|-damage|p1a: Pidgeot|0 fnt\n|faint|p1a: Pidgeot\n|\n|upkeep\n|\n|t:|1698601348\n|switch|p1a: Diancie|Diancie|100\/100\n|turn|9\n|\n|t:|1698601354\n|-zpower|p2a: Necrozma\n|move|p2a: Necrozma|Light That Burns the Sky|p1a: Diancie|[zeffect]\n|-damage|p1a: Diancie|3\/100\n|move|p1a: Diancie|Diamond Storm|p2a: Necrozma\n|-damage|p2a: Necrozma|29\/100\n|-boost|p1a: Diancie|def|2\n|\n|-heal|p1a: Diancie|10\/100|[from] item: Leftovers\n|upkeep\n|turn|10\n|\n|t:|1698601365\n|move|p2a: Necrozma|Photon Geyser|p1a: Diancie\n|-damage|p1a: Diancie|0 fnt\n|faint|p1a: Diancie\n|\n|upkeep\n|\n|t:|1698601372\n|switch|p1a: Cinderace|Cinderace, M|100\/100\n|turn|11\n|\n|t:|1698601376\n|move|p1a: Cinderace|Sucker Punch|p2a: Necrozma\n|-start|p1a: Cinderace|typechange|Dark|[from] ability: Libero\n|-supereffective|p2a: Necrozma\n|-damage|p2a: Necrozma|0 fnt\n|faint|p2a: Necrozma\n|\n|upkeep\n|\n|t:|1698601380\n|switch|p2a: Fiona|Ogerpon, F|100\/100\n|turn|12\n|\n|t:|1698601386\n|-terastallize|p2a: Fiona|Grass\n|detailschange|p2a: Fiona|Ogerpon-Teal-Tera, F, tera:Grass\n|-ability|p2a: Fiona|Embody Aspect (Teal)|boost\n|-boost|p2a: Fiona|spe|1\n|move|p2a: Fiona|Ivy Cudgel|p1a: Cinderace\n|-damage|p1a: Cinderace|0 fnt\n|faint|p1a: Cinderace\n|\n|upkeep\n|\n|t:|1698601395\n|switch|p1a: Alakazam|Alakazam, M|100\/100\n|turn|13\n|\n|t:|1698601404\n|-terastallize|p1a: Alakazam|Fire\n|move|p2a: Fiona|Spiky Shield|p2a: Fiona\n|-singleturn|p2a: Fiona|move: Protect\n|move|p1a: Alakazam|Hidden Power|p2a: Fiona\n|-activate|p2a: Fiona|move: Protect\n|\n|upkeep\n|turn|14\n|\n|t:|1698601414\n|move|p2a: Fiona|Ivy Cudgel|p1a: Alakazam\n|-resisted|p1a: Alakazam\n|-damage|p1a: Alakazam|12\/100\n|move|p1a: Alakazam|Hidden Power|p2a: Fiona\n|-supereffective|p2a: Fiona\n|-damage|p2a: Fiona|21\/100\n|\n|-heal|p2a: Fiona|27\/100|[from] item: Leftovers\n|upkeep\n|turn|15\n|\n|t:|1698601422\n|move|p2a: Fiona|Ivy Cudgel|p1a: Alakazam\n|-resisted|p1a: Alakazam\n|-damage|p1a: Alakazam|0 fnt\n|faint|p1a: Alakazam\n|\n|-heal|p2a: Fiona|33\/100|[from] item: Leftovers\n|upkeep\n|\n|t:|1698601428\n|switch|p1a: Kyogre|Kyogre|100\/100\n|detailschange|p1a: Kyogre|Kyogre-Primal\n|-primal|p1a: Kyogre|Blue Orb\n|-weather|PrimordialSea|[from] ability: Primordial Sea|[of] p1a: Kyogre\n|turn|16\n|\n|t:|1698601433\n|move|p2a: Fiona|Ivy Cudgel|p1a: Kyogre\n|-supereffective|p1a: Kyogre\n|-damage|p1a: Kyogre|0 fnt\n|faint|p1a: Kyogre\n|-weather|none\n|\n|win|kaikalos\n|raw|zacdog2006's rating: 1124 &rarr; <strong>1100<\/strong><br \/>(-24 for losing)\n|raw|kaikalos's rating: 1135 &rarr; <strong>1159<\/strong><br \/>(+24 for winning)\n|l|\u2606zacdog2006\n","uploadtime":1698601450,"views":6,"p1id":"zacdog2006","p2id":"kaikalos","formatid":"gen9nationaldexubers","rating":1100,"private":0,"password":""}