{"id":"gen9nationaldexubers-1989119327","p1":"PhobosYeah","p2":"TaTrey","format":"[Gen 9] National Dex Ubers","log":"|j|\u2606PhobosYeah\n|j|\u2606TaTrey\n|t:|1699814305\n|gametype|singles\n|player|p1|PhobosYeah|roughneck|1372\n|player|p2|TaTrey|giovanni|1318\n|teamsize|p1|6\n|teamsize|p2|6\n|gen|9\n|tier|[Gen 9] National Dex Ubers\n|rated|\n|rule|HP Percentage Mod: HP is shown in percentages\n|rule|Endless Battle Clause: Forcing endless battles is banned\n|rule|OHKO Clause: OHKO moves are banned\n|rule|Evasion Moves Clause: Evasion moves are banned\n|rule|Evasion Items Clause: Evasion items are banned\n|rule|Species Clause: Limit one of each Pok\u00e9mon\n|rule|Sleep Clause Mod: Limit one foe put to sleep\n|rule|Mega Rayquaza Clause: You cannot mega evolve Rayquaza\n|clearpoke\n|poke|p1|Ditto|\n|poke|p1|Smeargle, F|\n|poke|p1|Kangaskhan, F|\n|poke|p1|Zoroark-Hisui, F|\n|poke|p1|Ursaluna-Bloodmoon, M|\n|poke|p1|Arceus|\n|poke|p2|Dracovish|\n|poke|p2|Urshifu-*, M|\n|poke|p2|Palafin, M|\n|poke|p2|Pelipper, F|\n|poke|p2|Araquanid, M|\n|poke|p2|Basculegion, M|\n|teampreview\n|c|\u2606PhobosYeah|GLHF\n|inactive|Battle timer is ON: inactive players will automatically lose when time's up. (requested by PhobosYeah)\n|\n|t:|1699814332\n|start\n|switch|p1a: Smeargle|Smeargle, F|100\/100\n|switch|p2a: Pelipper|Pelipper, F|100\/100\n|-weather|RainDance|[from] ability: Drizzle|[of] p2a: Pelipper\n|turn|1\n|\n|t:|1699814340\n|move|p1a: Smeargle|Spore|p2a: Pelipper\n|-status|p2a: Pelipper|slp|[from] move: Spore\n|cant|p2a: Pelipper|slp\n|\n|-weather|RainDance|[upkeep]\n|-ability|p1a: Smeargle|Moody|boost\n|-boost|p1a: Smeargle|spa|2\n|-unboost|p1a: Smeargle|spe|1\n|upkeep\n|turn|2\n|\n|t:|1699814349\n|switch|p2a: Palafin|Palafin, M|100\/100\n|move|p1a: Smeargle|Sticky Web|p2a: Palafin\n|-sidestart|p2: TaTrey|move: Sticky Web\n|\n|-weather|RainDance|[upkeep]\n|-ability|p1a: Smeargle|Moody|boost\n|-boost|p1a: Smeargle|def|2\n|-unboost|p1a: Smeargle|spa|1\n|upkeep\n|turn|3\n|\n|t:|1699814359\n|move|p2a: Palafin|Flip Turn|p1a: Smeargle\n|-damage|p1a: Smeargle|60\/100\n|\n|t:|1699814362\n|detailschange|p2a: Palafin|Palafin-Hero, M\n|switch|p2a: Araquanid|Araquanid, M|100\/100|[from] Flip Turn\n|-activate|p2a: Araquanid|move: Sticky Web\n|-unboost|p2a: Araquanid|spe|1\n|move|p1a: Smeargle|Seismic Toss|p2a: Araquanid\n|-damage|p2a: Araquanid|69\/100\n|\n|-weather|RainDance|[upkeep]\n|-heal|p2a: Araquanid|75\/100|[from] item: Leftovers\n|-ability|p1a: Smeargle|Moody|boost\n|-boost|p1a: Smeargle|def|2\n|-unboost|p1a: Smeargle|atk|1\n|upkeep\n|turn|4\n|\n|t:|1699814376\n|move|p1a: Smeargle|Seismic Toss|p2a: Araquanid\n|-damage|p2a: Araquanid|43\/100\n|move|p2a: Araquanid|Sticky Web|p1a: Smeargle\n|-sidestart|p1: PhobosYeah|move: Sticky Web\n|\n|-weather|RainDance|[upkeep]\n|-heal|p2a: Araquanid|49\/100|[from] item: Leftovers\n|-ability|p1a: Smeargle|Moody|boost\n|-boost|p1a: Smeargle|spa|2\n|-unboost|p1a: Smeargle|spe|1\n|upkeep\n|turn|5\n|\n|t:|1699814386\n|move|p1a: Smeargle|Seismic Toss|p2a: Araquanid\n|-damage|p2a: Araquanid|17\/100\n|move|p2a: Araquanid|Liquidation|p1a: Smeargle\n|-damage|p1a: Smeargle|12\/100\n|\n|-weather|RainDance|[upkeep]\n|-heal|p2a: Araquanid|23\/100|[from] item: Leftovers\n|-ability|p1a: Smeargle|Moody|boost\n|-boost|p1a: Smeargle|spa|2\n|-unboost|p1a: Smeargle|def|1\n|upkeep\n|turn|6\n|\n|t:|1699814397\n|move|p2a: Araquanid|Protect|p2a: Araquanid\n|-singleturn|p2a: Araquanid|Protect\n|move|p1a: Smeargle|Seismic Toss|p2a: Araquanid\n|-activate|p2a: Araquanid|move: Protect\n|\n|-weather|RainDance|[upkeep]\n|-heal|p2a: Araquanid|29\/100|[from] item: Leftovers\n|-ability|p1a: Smeargle|Moody|boost\n|-boost|p1a: Smeargle|spa|1\n|-unboost|p1a: Smeargle|spe|1\n|upkeep\n|turn|7\n|\n|t:|1699814412\n|switch|p2a: Basculegion|Basculegion, M|100\/100\n|-activate|p2a: Basculegion|move: Sticky Web\n|-unboost|p2a: Basculegion|spe|1\n|move|p1a: Smeargle|Seismic Toss|p2a: Basculegion\n|-immune|p2a: Basculegion\n|\n|-weather|RainDance|[upkeep]\n|-ability|p1a: Smeargle|Moody|boost\n|-boost|p1a: Smeargle|atk|2\n|-unboost|p1a: Smeargle|spd|1\n|upkeep\n|turn|8\n|\n|t:|1699814424\n|switch|p1a: Arceus|Arceus|100\/100\n|-activate|p1a: Arceus|move: Sticky Web\n|-unboost|p1a: Arceus|spe|1\n|move|p2a: Basculegion|Zen Headbutt|p1a: Arceus\n|-damage|p1a: Arceus|52\/100\n|replace|p1a: Zoroark|Zoroark-Hisui, F\n|-end|p1a: Zoroark|Illusion\n|\n|-weather|none\n|upkeep\n|turn|9\n|\n|t:|1699814436\n|switch|p2a: Araquanid|Araquanid, M|29\/100\n|-activate|p2a: Araquanid|move: Sticky Web\n|-unboost|p2a: Araquanid|spe|1\n|move|p1a: Zoroark|Shadow Ball|p2a: Araquanid\n|-crit|p2a: Araquanid\n|-damage|p2a: Araquanid|0 fnt\n|faint|p2a: Araquanid\n|\n|upkeep\n|\n|t:|1699814447\n|switch|p2a: Pelipper|Pelipper, F|100\/100 slp\n|-weather|RainDance|[from] ability: Drizzle|[of] p2a: Pelipper\n|turn|10\n|\n|t:|1699814455\n|switch|p1a: Arceus|Arceus|100\/100\n|-activate|p1a: Arceus|move: Sticky Web\n|-unboost|p1a: Arceus|spe|1\n|cant|p2a: Pelipper|slp\n|\n|-weather|RainDance|[upkeep]\n|upkeep\n|turn|11\n|\n|t:|1699814463\n|switch|p2a: Dracovish|Dracovish|100\/100\n|-activate|p2a: Dracovish|move: Sticky Web\n|-unboost|p2a: Dracovish|spe|1\n|move|p1a: Arceus|Swords Dance|p1a: Arceus\n|-boost|p1a: Arceus|atk|2\n|\n|-weather|RainDance|[upkeep]\n|upkeep\n|turn|12\n|\n|t:|1699814473\n|-terastallize|p1a: Arceus|Normal\n|move|p1a: Arceus|Extreme Speed|p2a: Dracovish\n|-damage|p2a: Dracovish|0 fnt\n|faint|p2a: Dracovish\n|\n|-weather|RainDance|[upkeep]\n|upkeep\n|\n|t:|1699814481\n|switch|p2a: Basculegion|Basculegion, M|100\/100\n|-activate|p2a: Basculegion|move: Sticky Web\n|-unboost|p2a: Basculegion|spe|1\n|turn|13\n|\n|t:|1699814489\n|move|p2a: Basculegion|Wave Crash|p1a: Arceus\n|-damage|p1a: Arceus|12\/100\n|-damage|p2a: Basculegion|72\/100|[from] Recoil\n|move|p1a: Arceus|Shadow Claw|p2a: Basculegion\n|-supereffective|p2a: Basculegion\n|-damage|p2a: Basculegion|0 fnt\n|faint|p2a: Basculegion\n|\n|-weather|RainDance|[upkeep]\n|upkeep\n|\n|t:|1699814500\n|switch|p2a: Palafin|Palafin-Hero, M|100\/100\n|-activate|p2a: Palafin|move: Sticky Web\n|-unboost|p2a: Palafin|spe|1\n|-activate|p2a: Palafin|ability: Zero to Hero\n|turn|14\n|\n|t:|1699814507\n|move|p1a: Arceus|Extreme Speed|p2a: Palafin\n|-damage|p2a: Palafin|0 fnt\n|faint|p2a: Palafin\n|\n|-weather|RainDance|[upkeep]\n|upkeep\n|-message|TaTrey forfeited.\n|\n|win|PhobosYeah\n|raw|PhobosYeah's rating: 1372 &rarr; <strong>1389<\/strong><br \/>(+17 for winning)\n|raw|TaTrey's rating: 1318 &rarr; <strong>1301<\/strong><br \/>(-17 for losing)\n|l|\u2606TaTrey\n|c|\u2606PhobosYeah|GG\n","uploadtime":1699814521,"views":10,"p1id":"phobosyeah","p2id":"tatrey","formatid":"gen9nationaldexubers","rating":1301,"private":0,"password":""}