{"id":"gen9nationaldexubers-1981318619","p1":"maushauser","p2":"TheOncelerKinnie","format":"[Gen 9] National Dex Ubers","log":"|j|\u2606maushauser\n|j|\u2606TheOncelerKinnie\n|t:|1698883123\n|gametype|singles\n|player|p1|maushauser|1|\n|player|p2|TheOncelerKinnie|colress|\n|teamsize|p1|6\n|teamsize|p2|6\n|gen|9\n|tier|[Gen 9] National Dex Ubers\n|rule|HP Percentage Mod: HP is shown in percentages\n|rule|Endless Battle Clause: Forcing endless battles is banned\n|rule|OHKO Clause: OHKO moves are banned\n|rule|Evasion Moves Clause: Evasion moves are banned\n|rule|Evasion Items Clause: Evasion items are banned\n|rule|Species Clause: Limit one of each Pok\u00e9mon\n|rule|Sleep Clause Mod: Limit one foe put to sleep\n|rule|Mega Rayquaza Clause: You cannot mega evolve Rayquaza\n|clearpoke\n|poke|p1|Blaziken, F|\n|poke|p1|Polteageist-Antique|\n|poke|p1|Sinistcha-Masterpiece|\n|poke|p1|Maushold-Four|\n|poke|p1|Dragapult, M|\n|poke|p1|Gholdengo|\n|poke|p2|Venomoth, M|\n|poke|p2|Gliscor, M|\n|poke|p2|Sandy Shocks|\n|poke|p2|Trevenant, M|\n|poke|p2|Beheeyem, M|\n|poke|p2|Hitmontop, M|\n|teampreview\n|\n|t:|1698883133\n|start\n|switch|p1a: Maus|Maushold-Four|100\/100\n|switch|p2a: Erin|Venomoth, M|100\/100\n|turn|1\n|\n|t:|1698883146\n|move|p1a: Maus|Tidy Up|p1a: Maus\n|-boost|p1a: Maus|atk|1\n|-boost|p1a: Maus|spe|1\n|move|p2a: Erin|Sleep Powder|p1a: Maus|[miss]\n|-miss|p2a: Erin|p1a: Maus\n|\n|upkeep\n|turn|2\n|\n|t:|1698883150\n|move|p1a: Maus|Population Bomb|p2a: Erin\n|-damage|p2a: Erin|71\/100\n|-damage|p2a: Erin|43\/100\n|-damage|p2a: Erin|13\/100\n|-damage|p2a: Erin|0 fnt\n|faint|p2a: Erin\n|-hitcount|p2: Erin|4\n|\n|upkeep\n|\n|t:|1698883155\n|switch|p2a: Kashy|Trevenant, M|100\/100\n|turn|3\n|\n|t:|1698883162\n|move|p1a: Maus|Tidy Up|p1a: Maus\n|-boost|p1a: Maus|atk|1\n|-boost|p1a: Maus|spe|1\n|move|p2a: Kashy|Substitute|p2a: Kashy\n|-start|p2a: Kashy|Substitute\n|-damage|p2a: Kashy|76\/100\n|\n|upkeep\n|turn|4\n|\n|t:|1698883167\n|move|p1a: Maus|Bite|p2a: Kashy\n|-supereffective|p2a: Kashy\n|-end|p2a: Kashy|Substitute\n|move|p2a: Kashy|Sunny Day|p2a: Kashy\n|-weather|SunnyDay\n|\n|-weather|SunnyDay|[upkeep]\n|upkeep\n|turn|5\n|\n|t:|1698883170\n|move|p1a: Maus|Bite|p2a: Kashy\n|-supereffective|p2a: Kashy\n|-damage|p2a: Kashy|0 fnt\n|faint|p2a: Kashy\n|\n|-weather|SunnyDay|[upkeep]\n|upkeep\n|\n|t:|1698883173\n|switch|p2a: Lonk|Hitmontop, M|100\/100\n|-ability|p2a: Lonk|Intimidate|boost\n|-unboost|p1a: Maus|atk|1\n|turn|6\n|\n|t:|1698883177\n|move|p1a: Maus|Population Bomb|p2a: Lonk\n|-damage|p2a: Lonk|82\/100\n|-damage|p2a: Lonk|63\/100\n|-damage|p2a: Lonk|42\/100\n|-damage|p2a: Lonk|23\/100\n|-damage|p2a: Lonk|3\/100\n|-damage|p2a: Lonk|0 fnt\n|faint|p2a: Lonk\n|-hitcount|p2: Lonk|6\n|\n|-weather|SunnyDay|[upkeep]\n|upkeep\n|\n|t:|1698883179\n|switch|p2a: Laffy|Sandy Shocks|100\/100\n|-activate|p2a: Laffy|ability: Protosynthesis\n|-start|p2a: Laffy|protosynthesisspe\n|turn|7\n|\n|t:|1698883186\n|-terastallize|p2a: Laffy|Electric\n|move|p1a: Maus|Population Bomb|p2a: Laffy\n|-damage|p2a: Laffy|84\/100\n|-damage|p2a: Laffy|65\/100\n|-damage|p2a: Laffy|48\/100\n|-damage|p2a: Laffy|29\/100\n|-damage|p2a: Laffy|11\/100\n|-damage|p2a: Laffy|0 fnt\n|faint|p2a: Laffy\n|-end|p2a: Laffy|Protosynthesis|[silent]\n|-hitcount|p2: Laffy|6\n|\n|-weather|SunnyDay|[upkeep]\n|upkeep\n|\n|t:|1698883192\n|switch|p2a: Josue|Gliscor, M|100\/100\n|turn|8\n|\n|t:|1698883195\n|move|p1a: Maus|Population Bomb|p2a: Josue\n|-damage|p2a: Josue|85\/100\n|-damage|p2a: Josue|70\/100\n|-damage|p2a: Josue|53\/100\n|-damage|p2a: Josue|37\/100\n|-damage|p2a: Josue|21\/100\n|-damage|p2a: Josue|6\/100\n|-damage|p2a: Josue|0 fnt\n|faint|p2a: Josue\n|-hitcount|p2: Josue|7\n|\n|-weather|none\n|upkeep\n|\n|t:|1698883197\n|switch|p2a: Tea|Beheeyem, M|100\/100\n|turn|9\n|\n|t:|1698883200\n|move|p1a: Maus|Population Bomb|p2a: Tea\n|-damage|p2a: Tea|80\/100\n|-damage|p2a: Tea|60\/100\n|-damage|p2a: Tea|39\/100\n|-damage|p2a: Tea|20\/100\n|-damage|p2a: Tea|0 fnt\n|faint|p2a: Tea\n|-hitcount|p2: Tea|5\n|\n|win|maushauser\n|c|\u2606TheOncelerKinnie|ow\n|c|\u2606TheOncelerKinnie|gg\n|c|\u2606maushauser|gg\n|l|\u2606TheOncelerKinnie\n|c|\u2606maushauser|thats why im maushauser\n","uploadtime":1698883224,"views":8,"p1id":"maushauser","p2id":"theoncelerkinnie","formatid":"gen9nationaldexubers","rating":0,"private":0,"password":""}