{"id":"gen9nationaldexubers-1988451298","p1":"Hugomez14","p2":"Agent Ruby","format":"[Gen 9] National Dex Ubers","log":"|j|\u2606Hugomez14\n|j|\u2606Agent Ruby\n|t:|1699724353\n|gametype|singles\n|player|p1|Hugomez14|pryce|1163\n|player|p2|Agent Ruby|clerkf|1069\n|teamsize|p1|6\n|teamsize|p2|6\n|gen|9\n|tier|[Gen 9] National Dex Ubers\n|rated|\n|rule|HP Percentage Mod: HP is shown in percentages\n|rule|Endless Battle Clause: Forcing endless battles is banned\n|rule|OHKO Clause: OHKO moves are banned\n|rule|Evasion Moves Clause: Evasion moves are banned\n|rule|Evasion Items Clause: Evasion items are banned\n|rule|Species Clause: Limit one of each Pok\u00e9mon\n|rule|Sleep Clause Mod: Limit one foe put to sleep\n|rule|Mega Rayquaza Clause: You cannot mega evolve Rayquaza\n|clearpoke\n|poke|p1|Staraptor, M|\n|poke|p1|Dubwool, M|\n|poke|p1|Porygon2|\n|poke|p1|Smeargle, F|\n|poke|p1|Zoroark-Hisui, F|\n|poke|p1|Ursaluna, M|\n|poke|p2|Miltank, F|\n|poke|p2|Walrein, F|\n|poke|p2|Arbok, F|\n|poke|p2|Rampardos, M|\n|poke|p2|Roserade, F|\n|poke|p2|Onix, F|\n|teampreview\n|inactive|Battle timer is ON: inactive players will automatically lose when time's up. (requested by Hugomez14)\n|\n|t:|1699724368\n|start\n|switch|p1a: Chorilla|Smeargle, F, shiny|100\/100\n|switch|p2a: Roserade|Roserade, F|100\/100\n|turn|1\n|\n|t:|1699724375\n|move|p2a: Roserade|Bullet Seed|p1a: Chorilla\n|-damage|p1a: Chorilla|73\/100\n|-damage|p1a: Chorilla|47\/100\n|-damage|p1a: Chorilla|20\/100\n|-damage|p1a: Chorilla|0 fnt\n|faint|p1a: Chorilla\n|-hitcount|p1: Chorilla|4\n|\n|upkeep\n|\n|t:|1699724381\n|switch|p1a: Sanji|Staraptor, M, shiny|100\/100\n|turn|2\n|\n|t:|1699724384\n|switch|p2a: Onix|Onix, F|100\/100\n|move|p1a: Sanji|Brave Bird|p2a: Onix\n|-resisted|p2a: Onix\n|-damage|p2a: Onix|72\/100\n|-damage|p1a: Sanji|94\/100|[from] Recoil\n|\n|upkeep\n|turn|3\n|\n|t:|1699724391\n|switch|p1a: Bepo|Ursaluna, M|100\/100\n|move|p2a: Onix|Dragon Dance|p2a: Onix\n|-boost|p2a: Onix|atk|1\n|-boost|p2a: Onix|spe|1\n|\n|-status|p1a: Bepo|brn|[from] item: Flame Orb\n|upkeep\n|turn|4\n|\n|t:|1699724398\n|move|p2a: Onix|Earthquake|p1a: Bepo\n|-crit|p1a: Bepo\n|-damage|p1a: Bepo|64\/100 brn\n|move|p1a: Bepo|Swords Dance|p1a: Bepo\n|-boost|p1a: Bepo|atk|2\n|\n|-damage|p1a: Bepo|58\/100 brn|[from] brn\n|upkeep\n|turn|5\n|\n|t:|1699724404\n|move|p2a: Onix|Earthquake|p1a: Bepo\n|-damage|p1a: Bepo|36\/100 brn\n|move|p1a: Bepo|Drain Punch|p2a: Onix\n|-supereffective|p2a: Onix\n|-damage|p2a: Onix|0 fnt\n|-heal|p1a: Bepo|52\/100 brn|[from] drain|[of] p2a: Onix\n|faint|p2a: Onix\n|\n|-damage|p1a: Bepo|46\/100 brn|[from] brn\n|upkeep\n|\n|t:|1699724413\n|switch|p2a: Arbok|Arbok, F|100\/100\n|-ability|p2a: Arbok|Intimidate|boost\n|-unboost|p1a: Bepo|atk|1\n|turn|6\n|\n|t:|1699724422\n|switch|p2a: Rampardos|Rampardos, M|100\/100\n|move|p1a: Bepo|Earthquake|p2a: Rampardos\n|-supereffective|p2a: Rampardos\n|-damage|p2a: Rampardos|0 fnt\n|faint|p2a: Rampardos\n|\n|-damage|p1a: Bepo|40\/100 brn|[from] brn\n|upkeep\n|\n|t:|1699724424\n|switch|p2a: Arbok|Arbok, F|100\/100\n|-ability|p2a: Arbok|Intimidate|boost\n|-unboost|p1a: Bepo|atk|1\n|turn|7\n|\n|t:|1699724435\n|switch|p2a: Roserade|Roserade, F|100\/100\n|move|p1a: Bepo|Earthquake|p2a: Roserade\n|-damage|p2a: Roserade|0 fnt\n|faint|p2a: Roserade\n|\n|-damage|p1a: Bepo|34\/100 brn|[from] brn\n|upkeep\n|\n|t:|1699724437\n|switch|p2a: Arbok|Arbok, F|100\/100\n|-ability|p2a: Arbok|Intimidate|boost\n|-unboost|p1a: Bepo|atk|1\n|turn|8\n|\n|t:|1699724445\n|switch|p1a: Pocoyo|Porygon2, shiny|100\/100\n|move|p2a: Arbok|Coil|p2a: Arbok\n|-boost|p2a: Arbok|atk|1\n|-boost|p2a: Arbok|def|1\n|-boost|p2a: Arbok|accuracy|1\n|\n|upkeep\n|turn|9\n|\n|t:|1699724450\n|move|p2a: Arbok|Glare|p1a: Pocoyo\n|-status|p1a: Pocoyo|par\n|cant|p1a: Pocoyo|par\n|\n|upkeep\n|turn|10\n|\n|t:|1699724461\n|move|p2a: Arbok|Coil|p2a: Arbok\n|-boost|p2a: Arbok|atk|1\n|-boost|p2a: Arbok|def|1\n|-boost|p2a: Arbok|accuracy|1\n|move|p1a: Pocoyo|Tri Attack|p2a: Arbok\n|-crit|p2a: Arbok\n|-damage|p2a: Arbok|35\/100\n|-status|p2a: Arbok|frz\n|\n|-heal|p2a: Arbok|41\/100 frz|[from] item: Leftovers\n|upkeep\n|turn|11\n|\n|t:|1699724468\n|switch|p1a: Bepo|Ursaluna, M|34\/100 brn\n|cant|p2a: Arbok|frz\n|\n|-heal|p2a: Arbok|47\/100 frz|[from] item: Leftovers\n|-damage|p1a: Bepo|28\/100 brn|[from] brn\n|upkeep\n|turn|12\n|\n|t:|1699724474\n|cant|p2a: Arbok|frz\n|move|p1a: Bepo|Swords Dance|p1a: Bepo\n|-boost|p1a: Bepo|atk|2\n|\n|-heal|p2a: Arbok|53\/100 frz|[from] item: Leftovers\n|-damage|p1a: Bepo|22\/100 brn|[from] brn\n|upkeep\n|turn|13\n|\n|t:|1699724476\n|cant|p2a: Arbok|frz\n|move|p1a: Bepo|Earthquake|p2a: Arbok\n|-supereffective|p2a: Arbok\n|-damage|p2a: Arbok|0 fnt\n|faint|p2a: Arbok\n|\n|-damage|p1a: Bepo|16\/100 brn|[from] brn\n|upkeep\n|\n|t:|1699724479\n|switch|p2a: Miltank|Miltank, F|100\/100\n|turn|14\n|\n|t:|1699724482\n|move|p2a: Miltank|Seismic Toss|p1a: Bepo\n|-damage|p1a: Bepo|0 fnt\n|faint|p1a: Bepo\n|\n|upkeep\n|\n|t:|1699724489\n|switch|p1a: Sanji|Staraptor, M, shiny|94\/100\n|turn|15\n|\n|t:|1699724494\n|move|p1a: Sanji|Close Combat|p2a: Miltank\n|-supereffective|p2a: Miltank\n|-damage|p2a: Miltank|16\/100\n|-unboost|p1a: Sanji|def|1\n|-unboost|p1a: Sanji|spd|1\n|move|p2a: Miltank|Milk Drink|p2a: Miltank\n|-heal|p2a: Miltank|66\/100\n|\n|upkeep\n|turn|16\n|\n|t:|1699724503\n|move|p1a: Sanji|Close Combat|p2a: Miltank\n|-supereffective|p2a: Miltank\n|-damage|p2a: Miltank|0 fnt\n|-unboost|p1a: Sanji|def|1\n|-unboost|p1a: Sanji|spd|1\n|faint|p2a: Miltank\n|\n|upkeep\n|\n|t:|1699724505\n|switch|p2a: Walrein|Walrein, F|100\/100\n|turn|17\n|l|\u2606Hugomez14\n|inactive|Hugomez14 disconnected and has a minute to reconnect!\n|player|p1|\n|j|\u2606Hugomez14\n|inactive|Hugomez14 reconnected and has 140 seconds left.\n|player|p1|Hugomez14|pryce\n|\n|t:|1699724520\n|-terastallize|p2a: Walrein|Ice\n|move|p1a: Sanji|Close Combat|p2a: Walrein\n|-supereffective|p2a: Walrein\n|-damage|p2a: Walrein|21\/100\n|-unboost|p1a: Sanji|def|1\n|-unboost|p1a: Sanji|spd|1\n|move|p2a: Walrein|Ice Ball|p1a: Sanji\n|-supereffective|p1a: Sanji\n|-damage|p1a: Sanji|0 fnt\n|faint|p1a: Sanji\n|\n|upkeep\n|\n|t:|1699724529\n|switch|p1a: Barbabegra|Dubwool, M, shiny|100\/100\n|turn|18\n|\n|t:|1699724534\n|move|p1a: Barbabegra|Hyper Voice|p2a: Walrein\n|-damage|p2a: Walrein|0 fnt\n|faint|p2a: Walrein\n|\n|win|Hugomez14\n|raw|Hugomez14's rating: 1163 &rarr; <strong>1181<\/strong><br \/>(+18 for winning)\n|raw|Agent Ruby's rating: 1069 &rarr; <strong>1054<\/strong><br \/>(-15 for losing)\n|l|\u2606Agent Ruby\n","uploadtime":1699724543,"views":10,"p1id":"hugomez14","p2id":"agentruby","formatid":"gen9nationaldexubers","rating":1054,"private":0,"password":""}