{"id":"gen9nationaldexubers-1984156083","p1":"PSYKEYstr","p2":"aguinaldo124","format":"[Gen 9] National Dex Ubers","log":"|j|\u2606PSYKEYstr\n|j|\u2606aguinaldo124\n|t:|1699224546\n|gametype|singles\n|player|p1|PSYKEYstr|tulip|1108\n|player|p2|aguinaldo124|bruno|1188\n|teamsize|p1|6\n|teamsize|p2|6\n|gen|9\n|tier|[Gen 9] National Dex Ubers\n|rated|\n|rule|HP Percentage Mod: HP is shown in percentages\n|rule|Endless Battle Clause: Forcing endless battles is banned\n|rule|OHKO Clause: OHKO moves are banned\n|rule|Evasion Moves Clause: Evasion moves are banned\n|rule|Evasion Items Clause: Evasion items are banned\n|rule|Species Clause: Limit one of each Pok\u00e9mon\n|rule|Sleep Clause Mod: Limit one foe put to sleep\n|rule|Mega Rayquaza Clause: You cannot mega evolve Rayquaza\n|clearpoke\n|poke|p1|Yanmega, F|\n|poke|p1|Espathra, F|\n|poke|p1|Sharpedo, F|\n|poke|p1|Scolipede, F|\n|poke|p1|Blaziken, F|\n|poke|p1|Ninjask, F|\n|poke|p2|Dondozo, M|\n|poke|p2|Clefable, M|\n|poke|p2|Quagsire, F|\n|poke|p2|Pyukumuku, M|\n|poke|p2|Skeledirge, M|\n|poke|p2|Clodsire, F|\n|teampreview\n|inactive|Battle timer is ON: inactive players will automatically lose when time's up. (requested by aguinaldo124)\n|\n|t:|1699224557\n|start\n|switch|p1a: Espathra|Espathra, F|100\/100\n|switch|p2a: Clodsire|Clodsire, F|100\/100\n|turn|1\n|\n|t:|1699224565\n|move|p1a: Espathra|Protect|p1a: Espathra\n|-singleturn|p1a: Espathra|Protect\n|move|p2a: Clodsire|Stealth Rock|p1a: Espathra\n|-sidestart|p1: PSYKEYstr|move: Stealth Rock\n|\n|-ability|p1a: Espathra|Speed Boost|boost\n|-boost|p1a: Espathra|spe|1\n|upkeep\n|turn|2\n|\n|t:|1699224572\n|move|p1a: Espathra|Calm Mind|p1a: Espathra\n|-boost|p1a: Espathra|spa|1\n|-boost|p1a: Espathra|spd|1\n|move|p2a: Clodsire|Toxic|p1a: Espathra\n|-status|p1a: Espathra|tox\n|\n|-damage|p1a: Espathra|94\/100 tox|[from] psn\n|-ability|p1a: Espathra|Speed Boost|boost\n|-boost|p1a: Espathra|spe|1\n|upkeep\n|turn|3\n|\n|t:|1699224585\n|move|p1a: Espathra|Stored Power|p2a: Clodsire\n|-supereffective|p2a: Clodsire\n|-damage|p2a: Clodsire|52\/100\n|move|p2a: Clodsire|Earthquake|p1a: Espathra\n|-damage|p1a: Espathra|56\/100 tox\n|\n|-heal|p2a: Clodsire|58\/100|[from] item: Leftovers\n|-damage|p1a: Espathra|44\/100 tox|[from] psn\n|-ability|p1a: Espathra|Speed Boost|boost\n|-boost|p1a: Espathra|spe|1\n|upkeep\n|turn|4\n|\n|t:|1699224597\n|move|p1a: Espathra|Stored Power|p2a: Clodsire\n|-supereffective|p2a: Clodsire\n|-damage|p2a: Clodsire|0 fnt\n|faint|p2a: Clodsire\n|\n|-damage|p1a: Espathra|25\/100 tox|[from] psn\n|-ability|p1a: Espathra|Speed Boost|boost\n|-boost|p1a: Espathra|spe|1\n|upkeep\n|\n|t:|1699224615\n|switch|p2a: Clefable|Clefable, M|100\/100\n|turn|5\n|\n|t:|1699224623\n|-terastallize|p2a: Clefable|Psychic\n|move|p1a: Espathra|Stored Power|p2a: Clefable\n|-resisted|p2a: Clefable\n|-damage|p2a: Clefable|70\/100\n|move|p2a: Clefable|Calm Mind|p2a: Clefable\n|-boost|p2a: Clefable|spa|1\n|-boost|p2a: Clefable|spd|1\n|\n|-heal|p2a: Clefable|76\/100|[from] item: Leftovers\n|-damage|p1a: Espathra|1\/100 tox|[from] psn\n|-ability|p1a: Espathra|Speed Boost|boost\n|-boost|p1a: Espathra|spe|1\n|upkeep\n|turn|6\n|\n|t:|1699224636\n|move|p1a: Espathra|Stored Power|p2a: Clefable\n|-resisted|p2a: Clefable\n|-damage|p2a: Clefable|52\/100\n|move|p2a: Clefable|Calm Mind|p2a: Clefable\n|-boost|p2a: Clefable|spa|1\n|-boost|p2a: Clefable|spd|1\n|\n|-heal|p2a: Clefable|58\/100|[from] item: Leftovers\n|-damage|p1a: Espathra|0 fnt|[from] psn\n|faint|p1a: Espathra\n|upkeep\n|\n|t:|1699224644\n|switch|p1a: Sharpedo|Sharpedo, F, shiny|100\/100\n|-damage|p1a: Sharpedo|88\/100|[from] Stealth Rock\n|turn|7\n|\n|t:|1699224654\n|move|p1a: Sharpedo|Protect|p1a: Sharpedo\n|-singleturn|p1a: Sharpedo|Protect\n|move|p2a: Clefable|Moonblast|p1a: Sharpedo\n|-activate|p1a: Sharpedo|move: Protect\n|\n|-heal|p2a: Clefable|64\/100|[from] item: Leftovers\n|-ability|p1a: Sharpedo|Speed Boost|boost\n|-boost|p1a: Sharpedo|spe|1\n|upkeep\n|turn|8\n|\n|t:|1699224669\n|move|p1a: Sharpedo|Crunch|p2a: Clefable\n|-supereffective|p2a: Clefable\n|-damage|p2a: Clefable|0 fnt\n|faint|p2a: Clefable\n|-damage|p1a: Sharpedo|78\/100|[from] item: Life Orb\n|\n|-ability|p1a: Sharpedo|Speed Boost|boost\n|-boost|p1a: Sharpedo|spe|1\n|upkeep\n|\n|t:|1699224678\n|switch|p2a: Dondozo|Dondozo, M|100\/100\n|turn|9\n|\n|t:|1699224688\n|switch|p1a: Yanmega|Yanmega, F, shiny|100\/100\n|move|p2a: Dondozo|Curse|p2a: Dondozo\n|-unboost|p2a: Dondozo|spe|1\n|-boost|p2a: Dondozo|atk|1\n|-boost|p2a: Dondozo|def|1\n|\n|upkeep\n|turn|10\n|\n|t:|1699224696\n|move|p1a: Yanmega|Defog|p2a: Dondozo\n|-unboost|p2a: Dondozo|evasion|1\n|-sideend|p1: PSYKEYstr|Stealth Rock|[from] move: Defog|[of] p1a: Yanmega\n|move|p2a: Dondozo|Curse|p2a: Dondozo\n|-unboost|p2a: Dondozo|spe|1\n|-boost|p2a: Dondozo|atk|1\n|-boost|p2a: Dondozo|def|1\n|\n|-ability|p1a: Yanmega|Speed Boost|boost\n|-boost|p1a: Yanmega|spe|1\n|upkeep\n|turn|11\n|\n|t:|1699224707\n|move|p1a: Yanmega|Giga Drain|p2a: Dondozo\n|-supereffective|p2a: Dondozo\n|-damage|p2a: Dondozo|76\/100\n|move|p2a: Dondozo|Avalanche|p1a: Yanmega\n|-supereffective|p1a: Yanmega\n|-damage|p1a: Yanmega|2\/100\n|\n|-heal|p2a: Dondozo|82\/100|[from] item: Leftovers\n|-ability|p1a: Yanmega|Speed Boost|boost\n|-boost|p1a: Yanmega|spe|1\n|upkeep\n|turn|12\n|\n|t:|1699224718\n|move|p1a: Yanmega|Giga Drain|p2a: Dondozo\n|-supereffective|p2a: Dondozo\n|-damage|p2a: Dondozo|57\/100\n|-heal|p1a: Yanmega|20\/100|[from] drain|[of] p2a: Dondozo\n|move|p2a: Dondozo|Liquidation|p1a: Yanmega\n|-damage|p1a: Yanmega|0 fnt\n|faint|p1a: Yanmega\n|\n|-heal|p2a: Dondozo|63\/100|[from] item: Leftovers\n|upkeep\n|\n|t:|1699224727\n|switch|p1a: Scolipede|Scolipede, F, shiny|100\/100\n|turn|13\n|\n|t:|1699224732\n|move|p1a: Scolipede|Protect|p1a: Scolipede\n|-singleturn|p1a: Scolipede|Protect\n|move|p2a: Dondozo|Curse|p2a: Dondozo\n|-unboost|p2a: Dondozo|spe|1\n|-boost|p2a: Dondozo|atk|1\n|-boost|p2a: Dondozo|def|1\n|\n|-heal|p2a: Dondozo|69\/100|[from] item: Leftovers\n|-ability|p1a: Scolipede|Speed Boost|boost\n|-boost|p1a: Scolipede|spe|1\n|upkeep\n|turn|14\n|\n|t:|1699224743\n|move|p1a: Scolipede|Toxic|p2a: Dondozo\n|-status|p2a: Dondozo|tox\n|move|p2a: Dondozo|Liquidation|p1a: Scolipede\n|-damage|p1a: Scolipede|30\/100\n|\n|-heal|p1a: Scolipede|36\/100|[from] item: Black Sludge\n|-heal|p2a: Dondozo|75\/100 tox|[from] item: Leftovers\n|-damage|p2a: Dondozo|69\/100 tox|[from] psn\n|-ability|p1a: Scolipede|Speed Boost|boost\n|-boost|p1a: Scolipede|spe|1\n|upkeep\n|turn|15\n|\n|t:|1699224763\n|move|p1a: Scolipede|Protect|p1a: Scolipede\n|-singleturn|p1a: Scolipede|Protect\n|move|p2a: Dondozo|Curse|p2a: Dondozo\n|-unboost|p2a: Dondozo|spe|1\n|-boost|p2a: Dondozo|atk|1\n|-boost|p2a: Dondozo|def|1\n|\n|-heal|p1a: Scolipede|42\/100|[from] item: Black Sludge\n|-heal|p2a: Dondozo|75\/100 tox|[from] item: Leftovers\n|-damage|p2a: Dondozo|63\/100 tox|[from] psn\n|-ability|p1a: Scolipede|Speed Boost|boost\n|-boost|p1a: Scolipede|spe|1\n|upkeep\n|turn|16\n|inactive|PSYKEYstr has 120 seconds left.\n|\n|t:|1699224798\n|switch|p1a: Sharpedo|Sharpedo, F, shiny|78\/100\n|move|p2a: Dondozo|Rest|p2a: Dondozo\n|-status|p2a: Dondozo|slp|[from] move: Rest\n|-heal|p2a: Dondozo|100\/100 slp|[silent]\n|\n|upkeep\n|turn|17\n|inactive|PSYKEYstr has 120 seconds left.\n|inactive|PSYKEYstr has 90 seconds left.\n|c|\u2606aguinaldo124|:]\n|\n|t:|1699224849\n|move|p1a: Sharpedo|Protect|p1a: Sharpedo\n|-singleturn|p1a: Sharpedo|Protect\n|cant|p2a: Dondozo|slp\n|\n|-ability|p1a: Sharpedo|Speed Boost|boost\n|-boost|p1a: Sharpedo|spe|1\n|upkeep\n|turn|18\n|\n|t:|1699224857\n|move|p1a: Sharpedo|Ice Fang|p2a: Dondozo\n|-resisted|p2a: Dondozo\n|-damage|p2a: Dondozo|97\/100 slp\n|-damage|p1a: Sharpedo|68\/100|[from] item: Life Orb\n|cant|p2a: Dondozo|slp\n|\n|-heal|p2a: Dondozo|100\/100 slp|[from] item: Leftovers\n|-ability|p1a: Sharpedo|Speed Boost|boost\n|-boost|p1a: Sharpedo|spe|1\n|upkeep\n|turn|19\n|c|\u2606PSYKEYstr|what\n|inactive|PSYKEYstr has 90 seconds left.\n|\n|t:|1699224870\n|move|p1a: Sharpedo|Ice Fang|p2a: Dondozo\n|-resisted|p2a: Dondozo\n|-crit|p2a: Dondozo\n|-damage|p2a: Dondozo|88\/100 slp\n|-damage|p1a: Sharpedo|58\/100|[from] item: Life Orb\n|-curestatus|p2a: Dondozo|slp|[msg]\n|move|p2a: Dondozo|Curse|p2a: Dondozo\n|-unboost|p2a: Dondozo|spe|1\n|-boost|p2a: Dondozo|atk|1\n|-boost|p2a: Dondozo|def|1\n|\n|-heal|p2a: Dondozo|94\/100|[from] item: Leftovers\n|-ability|p1a: Sharpedo|Speed Boost|boost\n|-boost|p1a: Sharpedo|spe|1\n|upkeep\n|turn|20\n|inactive|PSYKEYstr has 90 seconds left.\n|\n|t:|1699224885\n|move|p1a: Sharpedo|Ice Fang|p2a: Dondozo\n|-resisted|p2a: Dondozo\n|-damage|p2a: Dondozo|91\/100\n|-damage|p1a: Sharpedo|48\/100|[from] item: Life Orb\n|move|p2a: Dondozo|Curse|p2a: Dondozo\n|-unboost|p2a: Dondozo|spe|1\n|-boost|p2a: Dondozo|atk|1\n|-boost|p2a: Dondozo|def|1\n|\n|-heal|p2a: Dondozo|97\/100|[from] item: Leftovers\n|-ability|p1a: Sharpedo|Speed Boost|boost\n|-boost|p1a: Sharpedo|spe|1\n|upkeep\n|turn|21\n|\n|t:|1699224900\n|move|p1a: Sharpedo|Ice Fang|p2a: Dondozo\n|-resisted|p2a: Dondozo\n|-damage|p2a: Dondozo|95\/100\n|-damage|p1a: Sharpedo|39\/100|[from] item: Life Orb\n|move|p2a: Dondozo|Avalanche|p1a: Sharpedo\n|-resisted|p1a: Sharpedo\n|-damage|p1a: Sharpedo|0 fnt\n|faint|p1a: Sharpedo\n|\n|-heal|p2a: Dondozo|100\/100|[from] item: Leftovers\n|upkeep\n|c|\u2606PSYKEYstr|what's the smiley for\n|\n|t:|1699224910\n|switch|p1a: Scolipede|Scolipede, F, shiny|42\/100\n|turn|22\n|c|\u2606aguinaldo124|?\n|c|\u2606PSYKEYstr|you sent a smiley\n|c|\u2606aguinaldo124|Its just a smile :]\n|c|\u2606PSYKEYstr|why tho\n|\n|t:|1699224924\n|move|p1a: Scolipede|Protect|p1a: Scolipede\n|-singleturn|p1a: Scolipede|Protect\n|move|p2a: Dondozo|Liquidation|p1a: Scolipede\n|-activate|p1a: Scolipede|move: Protect\n|\n|-heal|p1a: Scolipede|48\/100|[from] item: Black Sludge\n|-ability|p1a: Scolipede|Speed Boost|boost\n|-boost|p1a: Scolipede|spe|1\n|upkeep\n|turn|23\n|c|\u2606aguinaldo124|Idk\n|c|\u2606PSYKEYstr|?? ok\n|c|\u2606aguinaldo124|:]\n|\n|t:|1699224946\n|move|p1a: Scolipede|Toxic|p2a: Dondozo\n|-status|p2a: Dondozo|tox\n|move|p2a: Dondozo|Liquidation|p1a: Scolipede\n|-damage|p1a: Scolipede|0 fnt\n|faint|p1a: Scolipede\n|\n|-damage|p2a: Dondozo|94\/100 tox|[from] psn\n|upkeep\n|c|\u2606PSYKEYstr|odd\n|\n|t:|1699224959\n|switch|p1a: Blaziken|Blaziken, F, shiny|100\/100\n|turn|24\n|\n|t:|1699224964\n|move|p1a: Blaziken|Protect|p1a: Blaziken\n|-singleturn|p1a: Blaziken|Protect\n|move|p2a: Dondozo|Avalanche|p1a: Blaziken\n|-activate|p1a: Blaziken|move: Protect\n|\n|-heal|p2a: Dondozo|100\/100 tox|[from] item: Leftovers\n|-damage|p2a: Dondozo|88\/100 tox|[from] psn\n|-ability|p1a: Blaziken|Speed Boost|boost\n|-boost|p1a: Blaziken|spe|1\n|upkeep\n|turn|25\n|\n|t:|1699224976\n|detailschange|p1a: Blaziken|Blaziken-Mega, F, shiny\n|-mega|p1a: Blaziken|Blaziken|Blazikenite\n|move|p1a: Blaziken|Close Combat|p2a: Dondozo\n|-damage|p2a: Dondozo|77\/100 tox\n|-unboost|p1a: Blaziken|def|1\n|-unboost|p1a: Blaziken|spd|1\n|move|p2a: Dondozo|Liquidation|p1a: Blaziken\n|-supereffective|p1a: Blaziken\n|-damage|p1a: Blaziken|0 fnt\n|faint|p1a: Blaziken\n|\n|-heal|p2a: Dondozo|83\/100 tox|[from] item: Leftovers\n|-damage|p2a: Dondozo|65\/100 tox|[from] psn\n|upkeep\n|\n|t:|1699224984\n|switch|p1a: Ninjask|Ninjask, F, shiny|100\/100\n|turn|26\n|c|\u2606aguinaldo124|Gg\n|\n|t:|1699224994\n|move|p1a: Ninjask|Swords Dance|p1a: Ninjask\n|-boost|p1a: Ninjask|atk|2\n|move|p2a: Dondozo|Rest|p2a: Dondozo\n|-status|p2a: Dondozo|slp|[from] move: Rest\n|-heal|p2a: Dondozo|100\/100 slp|[silent]\n|\n|-ability|p1a: Ninjask|Speed Boost|boost\n|-boost|p1a: Ninjask|spe|1\n|upkeep\n|turn|27\n|c|\u2606aguinaldo124|Uh\n|c|\u2606aguinaldo124|Swords dance?\n|c|\u2606aguinaldo124|Ok\n|\n|t:|1699225011\n|-terastallize|p1a: Ninjask|Flying\n|move|p1a: Ninjask|Acrobatics|p2a: Dondozo\n|-damage|p2a: Dondozo|95\/100 slp\n|cant|p2a: Dondozo|slp\n|\n|-heal|p2a: Dondozo|100\/100 slp|[from] item: Leftovers\n|-ability|p1a: Ninjask|Speed Boost|boost\n|-boost|p1a: Ninjask|spe|1\n|upkeep\n|turn|28\n|c|\u2606PSYKEYstr|bruh I forgot you're cheesy\n|\n|t:|1699225023\n|move|p1a: Ninjask|Acrobatics|p2a: Dondozo\n|-damage|p2a: Dondozo|94\/100 slp\n|cant|p2a: Dondozo|slp\n|\n|-heal|p2a: Dondozo|99\/100 slp|[from] item: Leftovers\n|-ability|p1a: Ninjask|Speed Boost|boost\n|-boost|p1a: Ninjask|spe|1\n|upkeep\n|turn|29\n|c|\u2606aguinaldo124|We both have a theme team\n|inactive|aguinaldo124 has 120 seconds left.\n|c|\u2606aguinaldo124|Im unaware and you are speed boost\n|\n|t:|1699225054\n|move|p1a: Ninjask|Acrobatics|p2a: Dondozo\n|-damage|p2a: Dondozo|95\/100 slp\n|-curestatus|p2a: Dondozo|slp|[msg]\n|move|p2a: Dondozo|Avalanche|p1a: Ninjask\n|-supereffective|p1a: Ninjask\n|-enditem|p1a: Ninjask|Focus Sash\n|-damage|p1a: Ninjask|1\/100\n|\n|-heal|p2a: Dondozo|100\/100|[from] item: Leftovers\n|-ability|p1a: Ninjask|Speed Boost|boost\n|-boost|p1a: Ninjask|spe|1\n|upkeep\n|turn|30\n|c|\u2606PSYKEYstr|yours is boring tho\n|inactive|aguinaldo124 has 120 seconds left.\n|c|\u2606aguinaldo124|Ye\n|\n|t:|1699225070\n|move|p1a: Ninjask|Leech Life|p2a: Dondozo\n|-damage|p2a: Dondozo|95\/100\n|-heal|p1a: Ninjask|6\/100|[from] drain|[of] p2a: Dondozo\n|move|p2a: Dondozo|Liquidation|p1a: Ninjask\n|-damage|p1a: Ninjask|0 fnt\n|faint|p1a: Ninjask\n|\n|win|aguinaldo124\n|raw|PSYKEYstr's rating: 1137 &rarr; <strong>1116<\/strong><br \/>(-21 for losing)\n|raw|aguinaldo124's rating: 1188 &rarr; <strong>1209<\/strong><br \/>(+21 for winning)\n|c|\u2606aguinaldo124|Gg\n|l|\u2606PSYKEYstr\n","uploadtime":1699225092,"views":4,"p1id":"psykeystr","p2id":"aguinaldo124","formatid":"gen9nationaldexubers","rating":1116,"private":0,"password":""}