{"id":"gen9nationaldexubers-1994718878","p1":"Reality_Check56","p2":"DRAGON-M0DE\u2695\ufe0f","format":"[Gen 9] National Dex Ubers","log":"|j|\u2606Reality_Check56\n|j|\u2606DRAGON-M0DE\u2695\ufe0f\n|t:|1700485317\n|gametype|singles\n|player|p1|Reality_Check56|gloria-dojo|1108\n|player|p2|DRAGON-M0DE\u2695\ufe0f|clair|1173\n|teamsize|p1|6\n|teamsize|p2|6\n|gen|9\n|tier|[Gen 9] National Dex Ubers\n|rated|\n|rule|HP Percentage Mod: HP is shown in percentages\n|rule|Endless Battle Clause: Forcing endless battles is banned\n|rule|OHKO Clause: OHKO moves are banned\n|rule|Evasion Moves Clause: Evasion moves are banned\n|rule|Evasion Items Clause: Evasion items are banned\n|rule|Species Clause: Limit one of each Pok\u00e9mon\n|rule|Sleep Clause Mod: Limit one foe put to sleep\n|rule|Mega Rayquaza Clause: You cannot mega evolve Rayquaza\n|clearpoke\n|poke|p1|Arceus-Dark|\n|poke|p1|Yveltal|\n|poke|p1|Tyranitar, F|\n|poke|p1|Ho-Oh|\n|poke|p1|Rayquaza|\n|poke|p1|Necrozma-Dusk-Mane|\n|poke|p2|Silvally-*|\n|poke|p2|Dragonite, M|\n|poke|p2|Goodra, F|\n|poke|p2|Haxorus, M|\n|poke|p2|Dialga|\n|poke|p2|Eternatus|\n|teampreview\n|\n|t:|1700485322\n|start\n|switch|p1a: Tyranitar|Tyranitar, F|100\/100\n|switch|p2a: \u2695\ufe0f\ud83d\udc09ETERNATUS\ud83d\udc09\u2695\ufe0f|Eternatus, shiny|100\/100\n|-ability|p2a: \u2695\ufe0f\ud83d\udc09ETERNATUS\ud83d\udc09\u2695\ufe0f|Pressure\n|-weather|Sandstorm|[from] ability: Sand Stream|[of] p1a: Tyranitar\n|turn|1\n|c|\u2606Reality_Check56|glhf\n|\n|t:|1700485341\n|detailschange|p1a: Tyranitar|Tyranitar-Mega, F\n|-mega|p1a: Tyranitar|Tyranitar|Tyranitarite\n|-terastallize|p2a: \u2695\ufe0f\ud83d\udc09ETERNATUS\ud83d\udc09\u2695\ufe0f|Dragon\n|move|p2a: \u2695\ufe0f\ud83d\udc09ETERNATUS\ud83d\udc09\u2695\ufe0f|Draco Meteor|p1a: Tyranitar|[miss]\n|-miss|p2a: \u2695\ufe0f\ud83d\udc09ETERNATUS\ud83d\udc09\u2695\ufe0f|p1a: Tyranitar\n|move|p1a: Tyranitar|Stealth Rock|p2a: \u2695\ufe0f\ud83d\udc09ETERNATUS\ud83d\udc09\u2695\ufe0f\n|-sidestart|p2: DRAGON-M0DE\u2695\ufe0f|move: Stealth Rock\n|\n|-weather|Sandstorm|[upkeep]\n|-damage|p2a: \u2695\ufe0f\ud83d\udc09ETERNATUS\ud83d\udc09\u2695\ufe0f|94\/100|[from] Sandstorm\n|upkeep\n|turn|2\n|\n|t:|1700485358\n|move|p2a: \u2695\ufe0f\ud83d\udc09ETERNATUS\ud83d\udc09\u2695\ufe0f|Eternabeam|p1a: Tyranitar\n|-damage|p1a: Tyranitar|46\/100\n|-mustrecharge|p2a: \u2695\ufe0f\ud83d\udc09ETERNATUS\ud83d\udc09\u2695\ufe0f\n|move|p1a: Tyranitar|Toxic|p2a: \u2695\ufe0f\ud83d\udc09ETERNATUS\ud83d\udc09\u2695\ufe0f|[miss]\n|-miss|p1a: Tyranitar|p2a: \u2695\ufe0f\ud83d\udc09ETERNATUS\ud83d\udc09\u2695\ufe0f\n|\n|-weather|Sandstorm|[upkeep]\n|-damage|p2a: \u2695\ufe0f\ud83d\udc09ETERNATUS\ud83d\udc09\u2695\ufe0f|88\/100|[from] Sandstorm\n|upkeep\n|turn|3\n|c|\u2606Reality_Check56|welp\n|\n|t:|1700485371\n|cant|p2a: \u2695\ufe0f\ud83d\udc09ETERNATUS\ud83d\udc09\u2695\ufe0f|recharge\n|move|p1a: Tyranitar|Knock Off|p2a: \u2695\ufe0f\ud83d\udc09ETERNATUS\ud83d\udc09\u2695\ufe0f\n|-damage|p2a: \u2695\ufe0f\ud83d\udc09ETERNATUS\ud83d\udc09\u2695\ufe0f|39\/100\n|-enditem|p2a: \u2695\ufe0f\ud83d\udc09ETERNATUS\ud83d\udc09\u2695\ufe0f|Draco Plate|[from] move: Knock Off|[of] p1a: Tyranitar\n|\n|-weather|Sandstorm|[upkeep]\n|-damage|p2a: \u2695\ufe0f\ud83d\udc09ETERNATUS\ud83d\udc09\u2695\ufe0f|33\/100|[from] Sandstorm\n|upkeep\n|turn|4\n|\n|t:|1700485430\n|move|p2a: \u2695\ufe0f\ud83d\udc09ETERNATUS\ud83d\udc09\u2695\ufe0f|Eternabeam|p1a: Tyranitar\n|-damage|p1a: Tyranitar|0 fnt\n|-mustrecharge|p2a: \u2695\ufe0f\ud83d\udc09ETERNATUS\ud83d\udc09\u2695\ufe0f\n|faint|p1a: Tyranitar\n|\n|-weather|Sandstorm|[upkeep]\n|-damage|p2a: \u2695\ufe0f\ud83d\udc09ETERNATUS\ud83d\udc09\u2695\ufe0f|27\/100|[from] Sandstorm\n|upkeep\n|\n|t:|1700485458\n|switch|p1a: Rayquaza|Rayquaza|100\/100\n|-ability|p1a: Rayquaza|Air Lock\n|turn|5\n|\n|t:|1700485492\n|cant|p2a: \u2695\ufe0f\ud83d\udc09ETERNATUS\ud83d\udc09\u2695\ufe0f|recharge\n|move|p1a: Rayquaza|Draco Meteor|p2a: \u2695\ufe0f\ud83d\udc09ETERNATUS\ud83d\udc09\u2695\ufe0f\n|-supereffective|p2a: \u2695\ufe0f\ud83d\udc09ETERNATUS\ud83d\udc09\u2695\ufe0f\n|-damage|p2a: \u2695\ufe0f\ud83d\udc09ETERNATUS\ud83d\udc09\u2695\ufe0f|0 fnt\n|-unboost|p1a: Rayquaza|spa|2\n|faint|p2a: \u2695\ufe0f\ud83d\udc09ETERNATUS\ud83d\udc09\u2695\ufe0f\n|-damage|p1a: Rayquaza|91\/100|[from] item: Life Orb\n|\n|-weather|none\n|upkeep\n|\n|t:|1700485523\n|switch|p2a: SILVALLY\ud83d\udc09DRAGON\u2695\ufe0f|Silvally-Dragon|100\/100\n|-damage|p2a: SILVALLY\ud83d\udc09DRAGON\u2695\ufe0f|88\/100|[from] Stealth Rock\n|turn|6\n|\n|t:|1700485530\n|move|p1a: Rayquaza|Draco Meteor|p2a: SILVALLY\ud83d\udc09DRAGON\u2695\ufe0f\n|-supereffective|p2a: SILVALLY\ud83d\udc09DRAGON\u2695\ufe0f\n|-damage|p2a: SILVALLY\ud83d\udc09DRAGON\u2695\ufe0f|0 fnt\n|-unboost|p1a: Rayquaza|spa|2\n|faint|p2a: SILVALLY\ud83d\udc09DRAGON\u2695\ufe0f\n|-damage|p1a: Rayquaza|81\/100|[from] item: Life Orb\n|\n|upkeep\n|\n|t:|1700485538\n|switch|p2a: \u2695\ufe0f\ud83d\udc09DRAGONITE\ud83d\udc09\u2695\ufe0f|Dragonite, M, shiny|100\/100\n|-damage|p2a: \u2695\ufe0f\ud83d\udc09DRAGONITE\ud83d\udc09\u2695\ufe0f|76\/100|[from] Stealth Rock\n|turn|7\n|\n|t:|1700485554\n|move|p1a: Rayquaza|Draco Meteor|p2a: \u2695\ufe0f\ud83d\udc09DRAGONITE\ud83d\udc09\u2695\ufe0f\n|-supereffective|p2a: \u2695\ufe0f\ud83d\udc09DRAGONITE\ud83d\udc09\u2695\ufe0f\n|-damage|p2a: \u2695\ufe0f\ud83d\udc09DRAGONITE\ud83d\udc09\u2695\ufe0f|10\/100\n|-unboost|p1a: Rayquaza|spa|2\n|-damage|p1a: Rayquaza|71\/100|[from] item: Life Orb\n|move|p2a: \u2695\ufe0f\ud83d\udc09DRAGONITE\ud83d\udc09\u2695\ufe0f|Dragon Dance|p2a: \u2695\ufe0f\ud83d\udc09DRAGONITE\ud83d\udc09\u2695\ufe0f\n|-boost|p2a: \u2695\ufe0f\ud83d\udc09DRAGONITE\ud83d\udc09\u2695\ufe0f|atk|1\n|-boost|p2a: \u2695\ufe0f\ud83d\udc09DRAGONITE\ud83d\udc09\u2695\ufe0f|spe|1\n|\n|upkeep\n|turn|8\n|\n|t:|1700485567\n|move|p2a: \u2695\ufe0f\ud83d\udc09DRAGONITE\ud83d\udc09\u2695\ufe0f|Outrage|p1a: Rayquaza\n|-supereffective|p1a: Rayquaza\n|-damage|p1a: Rayquaza|0 fnt\n|faint|p1a: Rayquaza\n|\n|upkeep\n|\n|t:|1700485572\n|switch|p1a: Necrozma|Necrozma-Dusk-Mane|100\/100\n|turn|9\n|\n|t:|1700485576\n|detailschange|p1a: Necrozma|Necrozma-Ultra\n|-burst|p1a: Necrozma|Necrozma|Ultranecrozium Z\n|move|p2a: \u2695\ufe0f\ud83d\udc09DRAGONITE\ud83d\udc09\u2695\ufe0f|Outrage|p1a: Necrozma|[from]lockedmove\n|-supereffective|p1a: Necrozma\n|-damage|p1a: Necrozma|0 fnt\n|faint|p1a: Necrozma\n|-start|p2a: \u2695\ufe0f\ud83d\udc09DRAGONITE\ud83d\udc09\u2695\ufe0f|confusion|[fatigue]\n|\n|upkeep\n|\n|t:|1700485585\n|switch|p1a: Arceus|Arceus-Dark|100\/100\n|turn|10\n|\n|t:|1700485602\n|move|p1a: Arceus|Foul Play|p2a: \u2695\ufe0f\ud83d\udc09DRAGONITE\ud83d\udc09\u2695\ufe0f\n|-damage|p2a: \u2695\ufe0f\ud83d\udc09DRAGONITE\ud83d\udc09\u2695\ufe0f|0 fnt\n|faint|p2a: \u2695\ufe0f\ud83d\udc09DRAGONITE\ud83d\udc09\u2695\ufe0f\n|\n|upkeep\n|\n|t:|1700485619\n|switch|p2a: \u2695\ufe0f\ud83d\udc09DIALGA\ud83d\udc09\u2695\ufe0f|Dialga|100\/100\n|-damage|p2a: \u2695\ufe0f\ud83d\udc09DIALGA\ud83d\udc09\u2695\ufe0f|94\/100|[from] Stealth Rock\n|-ability|p2a: \u2695\ufe0f\ud83d\udc09DIALGA\ud83d\udc09\u2695\ufe0f|Pressure\n|turn|11\n|\n|t:|1700485629\n|move|p1a: Arceus|Will-O-Wisp|p2a: \u2695\ufe0f\ud83d\udc09DIALGA\ud83d\udc09\u2695\ufe0f\n|-status|p2a: \u2695\ufe0f\ud83d\udc09DIALGA\ud83d\udc09\u2695\ufe0f|brn\n|move|p2a: \u2695\ufe0f\ud83d\udc09DIALGA\ud83d\udc09\u2695\ufe0f|Roar of Time|p1a: Arceus\n|-crit|p1a: Arceus\n|-damage|p1a: Arceus|0 fnt\n|-mustrecharge|p2a: \u2695\ufe0f\ud83d\udc09DIALGA\ud83d\udc09\u2695\ufe0f\n|faint|p1a: Arceus\n|\n|-damage|p2a: \u2695\ufe0f\ud83d\udc09DIALGA\ud83d\udc09\u2695\ufe0f|88\/100 brn|[from] brn\n|upkeep\n|inactive|Battle timer is ON: inactive players will automatically lose when time's up. (requested by DRAGON-M0DE\u2695\ufe0f)\n|j| Truth N Ideals\n|\n|t:|1700485738\n|switch|p1a: Ho-Oh|Ho-Oh|100\/100\n|turn|12\n|\n|t:|1700485744\n|cant|p2a: \u2695\ufe0f\ud83d\udc09DIALGA\ud83d\udc09\u2695\ufe0f|recharge\n|move|p1a: Ho-Oh|Sacred Fire|p2a: \u2695\ufe0f\ud83d\udc09DIALGA\ud83d\udc09\u2695\ufe0f\n|-damage|p2a: \u2695\ufe0f\ud83d\udc09DIALGA\ud83d\udc09\u2695\ufe0f|50\/100 brn\n|\n|-damage|p2a: \u2695\ufe0f\ud83d\udc09DIALGA\ud83d\udc09\u2695\ufe0f|44\/100 brn|[from] brn\n|upkeep\n|turn|13\n|\n|t:|1700485754\n|move|p2a: \u2695\ufe0f\ud83d\udc09DIALGA\ud83d\udc09\u2695\ufe0f|Roar of Time|p1a: Ho-Oh\n|-damage|p1a: Ho-Oh|35\/100\n|-mustrecharge|p2a: \u2695\ufe0f\ud83d\udc09DIALGA\ud83d\udc09\u2695\ufe0f\n|move|p1a: Ho-Oh|Sacred Fire|p2a: \u2695\ufe0f\ud83d\udc09DIALGA\ud83d\udc09\u2695\ufe0f\n|-damage|p2a: \u2695\ufe0f\ud83d\udc09DIALGA\ud83d\udc09\u2695\ufe0f|8\/100 brn\n|\n|-damage|p2a: \u2695\ufe0f\ud83d\udc09DIALGA\ud83d\udc09\u2695\ufe0f|2\/100 brn|[from] brn\n|upkeep\n|turn|14\n|\n|t:|1700485769\n|cant|p2a: \u2695\ufe0f\ud83d\udc09DIALGA\ud83d\udc09\u2695\ufe0f|recharge\n|move|p1a: Ho-Oh|Sacred Fire|p2a: \u2695\ufe0f\ud83d\udc09DIALGA\ud83d\udc09\u2695\ufe0f\n|-damage|p2a: \u2695\ufe0f\ud83d\udc09DIALGA\ud83d\udc09\u2695\ufe0f|0 fnt\n|faint|p2a: \u2695\ufe0f\ud83d\udc09DIALGA\ud83d\udc09\u2695\ufe0f\n|\n|upkeep\n|\n|t:|1700485777\n|switch|p2a: \u2695\ufe0f\ud83d\udc09HAXORUS\ud83d\udc09\u2695\ufe0f|Haxorus, M, shiny|100\/100\n|-damage|p2a: \u2695\ufe0f\ud83d\udc09HAXORUS\ud83d\udc09\u2695\ufe0f|88\/100|[from] Stealth Rock\n|-ability|p2a: \u2695\ufe0f\ud83d\udc09HAXORUS\ud83d\udc09\u2695\ufe0f|Mold Breaker\n|turn|15\n|\n|t:|1700485790\n|move|p2a: \u2695\ufe0f\ud83d\udc09HAXORUS\ud83d\udc09\u2695\ufe0f|Outrage|p1a: Ho-Oh\n|-damage|p1a: Ho-Oh|0 fnt\n|faint|p1a: Ho-Oh\n|\n|upkeep\n|\n|t:|1700485797\n|switch|p1a: Yveltal|Yveltal|100\/100\n|-ability|p1a: Yveltal|Dark Aura\n|turn|16\n|\n|t:|1700485807\n|-terastallize|p1a: Yveltal|Poison\n|move|p2a: \u2695\ufe0f\ud83d\udc09HAXORUS\ud83d\udc09\u2695\ufe0f|Outrage|p1a: Yveltal|[from]lockedmove\n|-damage|p1a: Yveltal|25\/100\n|move|p1a: Yveltal|Toxic|p2a: \u2695\ufe0f\ud83d\udc09HAXORUS\ud83d\udc09\u2695\ufe0f\n|-status|p2a: \u2695\ufe0f\ud83d\udc09HAXORUS\ud83d\udc09\u2695\ufe0f|tox\n|\n|-damage|p2a: \u2695\ufe0f\ud83d\udc09HAXORUS\ud83d\udc09\u2695\ufe0f|82\/100 tox|[from] psn\n|upkeep\n|turn|17\n|c|\u2606Reality_Check56|Gg\n|l|\u2606Reality_Check56\n|inactive|Reality_Check56 disconnected and has a minute to reconnect!\n|player|p1|\n|c|\u2606DRAGON-M0DE\u2695\ufe0f|Stupid idiot\n|j|\u2606Reality_Check56\n|inactive|Reality_Check56 reconnected and has 105 seconds left.\n|player|p1|Reality_Check56|gloria-dojo\n|\n|t:|1700485858\n|move|p2a: \u2695\ufe0f\ud83d\udc09HAXORUS\ud83d\udc09\u2695\ufe0f|Outrage|p1a: Yveltal|[from]lockedmove\n|-damage|p1a: Yveltal|0 fnt\n|faint|p1a: Yveltal\n|-start|p2a: \u2695\ufe0f\ud83d\udc09HAXORUS\ud83d\udc09\u2695\ufe0f|confusion|[fatigue]\n|\n|win|DRAGON-M0DE\u2695\ufe0f\n|raw|Reality_Check56's rating: 1132 &rarr; <strong>1110<\/strong><br \/>(-22 for losing)\n|raw|DRAGON-M0DE\u2695\ufe0f's rating: 1173 &rarr; <strong>1195<\/strong><br \/>(+22 for winning)\n|l|\u2606Reality_Check56\n","uploadtime":1700485881,"views":1,"p1id":"realitycheck56","p2id":"dragonm0de","formatid":"gen9nationaldexubers","rating":1110,"private":0,"password":""}