{"id":"gen9nationaldexubers-1985555121","p1":"TYchoboi31","p2":"JjjjjjjjFd","format":"[Gen 9] National Dex Ubers","log":"|j|\u2606TYchoboi31\n|j|\u2606JjjjjjjjFd\n|t:|1699384232\n|gametype|singles\n|player|p1|TYchoboi31|hilbert|1082\n|player|p2|JjjjjjjjFd|1|1092\n|teamsize|p1|6\n|teamsize|p2|6\n|gen|9\n|tier|[Gen 9] National Dex Ubers\n|rated|\n|rule|HP Percentage Mod: HP is shown in percentages\n|rule|Endless Battle Clause: Forcing endless battles is banned\n|rule|OHKO Clause: OHKO moves are banned\n|rule|Evasion Moves Clause: Evasion moves are banned\n|rule|Evasion Items Clause: Evasion items are banned\n|rule|Species Clause: Limit one of each Pok\u00e9mon\n|rule|Sleep Clause Mod: Limit one foe put to sleep\n|rule|Mega Rayquaza Clause: You cannot mega evolve Rayquaza\n|clearpoke\n|poke|p1|Golem, M|\n|poke|p1|Aerodactyl, M|\n|poke|p1|Chansey, F|\n|poke|p1|Exeggutor, M|\n|poke|p1|Poliwrath, M|\n|poke|p1|Alakazam, F|\n|poke|p2|Zygarde-10%|\n|poke|p2|Marshadow|\n|poke|p2|Garchomp, M|\n|poke|p2|Armarouge, M|\n|poke|p2|Scizor, M|\n|poke|p2|Dipplin, M|\n|teampreview\n|\n|t:|1699384238\n|start\n|switch|p1a: Golem|Golem, M|100\/100\n|switch|p2a: Scizor|Scizor, M|100\/100\n|turn|1\n|\n|t:|1699384245\n|move|p2a: Scizor|Close Combat|p1a: Golem\n|-supereffective|p1a: Golem\n|-crit|p1a: Golem\n|-damage|p1a: Golem|3\/100\n|-unboost|p2a: Scizor|def|1\n|-unboost|p2a: Scizor|spd|1\n|-damage|p2a: Scizor|84\/100|[from] item: Rocky Helmet|[of] p1a: Golem\n|move|p1a: Golem|Stealth Rock|p2a: Scizor\n|-sidestart|p2: JjjjjjjjFd|move: Stealth Rock\n|\n|upkeep\n|turn|2\n|inactive|Battle timer is ON: inactive players will automatically lose when time's up. (requested by JjjjjjjjFd)\n|\n|t:|1699384264\n|move|p2a: Scizor|Bullet Punch|p1a: Golem\n|-supereffective|p1a: Golem\n|-damage|p1a: Golem|0 fnt\n|-damage|p2a: Scizor|68\/100|[from] item: Rocky Helmet|[of] p1a: Golem\n|faint|p1a: Golem\n|\n|upkeep\n|\n|t:|1699384273\n|switch|p1a: Aerodactyl|Aerodactyl, M|100\/100\n|turn|3\n|\n|t:|1699384281\n|switch|p2a: Marshadow|Marshadow|100\/100\n|-damage|p2a: Marshadow|94\/100|[from] Stealth Rock\n|move|p1a: Aerodactyl|Earthquake|p2a: Marshadow\n|-damage|p2a: Marshadow|52\/100\n|-damage|p1a: Aerodactyl|91\/100|[from] item: Life Orb\n|\n|upkeep\n|turn|4\n|\n|t:|1699384292\n|move|p1a: Aerodactyl|Dual Wingbeat|p2a: Marshadow\n|-supereffective|p2a: Marshadow\n|-damage|p2a: Marshadow|0 fnt\n|faint|p2a: Marshadow\n|-hitcount|p2: Marshadow|1\n|-damage|p1a: Aerodactyl|81\/100|[from] item: Life Orb\n|\n|upkeep\n|\n|t:|1699384303\n|switch|p2a: Garchomp|Garchomp, M|100\/100\n|-damage|p2a: Garchomp|94\/100|[from] Stealth Rock\n|turn|5\n|\n|t:|1699384308\n|detailschange|p2a: Garchomp|Garchomp-Mega, M\n|-mega|p2a: Garchomp|Garchomp|Garchompite\n|move|p1a: Aerodactyl|Dual Wingbeat|p2a: Garchomp\n|-damage|p2a: Garchomp|74\/100\n|-damage|p2a: Garchomp|54\/100\n|-hitcount|p2a: Garchomp|2\n|-damage|p1a: Aerodactyl|71\/100|[from] item: Life Orb\n|move|p2a: Garchomp|Liquidation|p1a: Aerodactyl\n|-supereffective|p1a: Aerodactyl\n|-damage|p1a: Aerodactyl|0 fnt\n|faint|p1a: Aerodactyl\n|\n|upkeep\n|\n|t:|1699384318\n|switch|p1a: Alakazam|Alakazam, F|100\/100\n|turn|6\n|\n|t:|1699384322\n|detailschange|p1a: Alakazam|Alakazam-Mega, F\n|-mega|p1a: Alakazam|Alakazam|Alakazite\n|-ability|p1a: Alakazam|Sand Force|[from] ability: Trace|[of] p2a: Garchomp\n|move|p1a: Alakazam|Dazzling Gleam|p2a: Garchomp\n|-supereffective|p2a: Garchomp\n|-damage|p2a: Garchomp|0 fnt\n|faint|p2a: Garchomp\n|\n|upkeep\n|\n|t:|1699384332\n|switch|p2a: Dipplin|Dipplin, M|100\/100\n|-damage|p2a: Dipplin|88\/100|[from] Stealth Rock\n|-ability|p2a: Dipplin|Supersweet Syrup\n|-ability|p2a: Dipplin|Supersweet Syrup|boost\n|-unboost|p1a: Alakazam|evasion|1\n|turn|7\n|\n|t:|1699384341\n|-terastallize|p2a: Dipplin|Bug\n|move|p1a: Alakazam|Dazzling Gleam|p2a: Dipplin\n|-crit|p2a: Dipplin\n|-damage|p2a: Dipplin|20\/100\n|move|p2a: Dipplin|Pollen Puff|p1a: Alakazam\n|-supereffective|p1a: Alakazam\n|-damage|p1a: Alakazam|0 fnt\n|faint|p1a: Alakazam\n|\n|upkeep\n|\n|t:|1699384352\n|switch|p1a: Poliwrath|Poliwrath, M|100\/100\n|turn|8\n|\n|t:|1699384358\n|switch|p1a: Chansey|Chansey, F|100\/100\n|move|p2a: Dipplin|Energy Ball|p1a: Chansey\n|-damage|p1a: Chansey|88\/100\n|\n|upkeep\n|turn|9\n|\n|t:|1699384367\n|move|p1a: Chansey|Flamethrower|p2a: Dipplin\n|-supereffective|p2a: Dipplin\n|-damage|p2a: Dipplin|0 fnt\n|faint|p2a: Dipplin\n|\n|upkeep\n|\n|t:|1699384373\n|switch|p2a: Scizor|Scizor, M|68\/100\n|-damage|p2a: Scizor|55\/100|[from] Stealth Rock\n|turn|10\n|\n|t:|1699384379\n|move|p2a: Scizor|Close Combat|p1a: Chansey\n|-supereffective|p1a: Chansey\n|-damage|p1a: Chansey|0 fnt\n|-unboost|p2a: Scizor|def|1\n|-unboost|p2a: Scizor|spd|1\n|faint|p1a: Chansey\n|\n|upkeep\n|\n|t:|1699384385\n|switch|p1a: Poliwrath|Poliwrath, M|100\/100\n|turn|11\n|\n|t:|1699384396\n|move|p1a: Poliwrath|Liquidation|p2a: Scizor\n|-damage|p2a: Scizor|1\/100\n|move|p2a: Scizor|Dual Wingbeat|p1a: Poliwrath\n|-supereffective|p1a: Poliwrath\n|-damage|p1a: Poliwrath|47\/100\n|-supereffective|p1a: Poliwrath\n|-damage|p1a: Poliwrath|0 fnt\n|faint|p1a: Poliwrath\n|-hitcount|p1: Poliwrath|2\n|\n|upkeep\n|\n|t:|1699384405\n|switch|p1a: Exeggutor|Exeggutor, M|100\/100\n|turn|12\n|\n|t:|1699384410\n|switch|p2a: Armarouge|Armarouge, M, shiny|100\/100\n|-damage|p2a: Armarouge|76\/100|[from] Stealth Rock\n|-terastallize|p1a: Exeggutor|Grass\n|move|p1a: Exeggutor|Psychic|p2a: Armarouge\n|-resisted|p2a: Armarouge\n|-damage|p2a: Armarouge|59\/100\n|\n|upkeep\n|turn|13\n|\n|t:|1699384419\n|move|p2a: Armarouge|Armor Cannon|p1a: Exeggutor\n|-supereffective|p1a: Exeggutor\n|-damage|p1a: Exeggutor|0 fnt\n|-unboost|p2a: Armarouge|def|1\n|-unboost|p2a: Armarouge|spd|1\n|faint|p1a: Exeggutor\n|\n|win|JjjjjjjjFd\n|raw|TYchoboi31's rating: 1082 &rarr; <strong>1060<\/strong><br \/>(-22 for losing)\n|raw|JjjjjjjjFd's rating: 1092 &rarr; <strong>1117<\/strong><br \/>(+25 for winning)\n|l|\u2606TYchoboi31\n","uploadtime":1699384428,"views":5,"p1id":"tychoboi31","p2id":"jjjjjjjjfd","formatid":"gen9nationaldexubers","rating":1060,"private":0,"password":""}