{"id":"gen9nationaldexubers-1994828000","p1":"700club","p2":"stuffandwhatnot","format":"[Gen 9] National Dex Ubers","log":"|j|\u2606700club\n|j|\u2606stuffandwhatnot\n|t:|1700496532\n|gametype|singles\n|player|p1|700club|shadowtriad|1355\n|player|p2|stuffandwhatnot|n|1454\n|teamsize|p1|6\n|teamsize|p2|6\n|gen|9\n|tier|[Gen 9] National Dex Ubers\n|rated|\n|rule|HP Percentage Mod: HP is shown in percentages\n|rule|Endless Battle Clause: Forcing endless battles is banned\n|rule|OHKO Clause: OHKO moves are banned\n|rule|Evasion Moves Clause: Evasion moves are banned\n|rule|Evasion Items Clause: Evasion items are banned\n|rule|Species Clause: Limit one of each Pok\u00e9mon\n|rule|Sleep Clause Mod: Limit one foe put to sleep\n|rule|Mega Rayquaza Clause: You cannot mega evolve Rayquaza\n|clearpoke\n|poke|p1|Ogerpon-Hearthflame, F|\n|poke|p1|Ditto|\n|poke|p1|Deoxys-Speed|\n|poke|p1|Mewtwo|\n|poke|p1|Necrozma-Dusk-Mane|\n|poke|p1|Groudon|\n|poke|p2|Eternatus|\n|poke|p2|Kyogre|\n|poke|p2|Arceus-Ground|\n|poke|p2|Groudon|\n|poke|p2|Zacian-*|\n|poke|p2|Lugia|\n|teampreview\n|inactive|Battle timer is ON: inactive players will automatically lose when time's up. (requested by stuffandwhatnot)\n|c|\u2606700club|hi\n|\n|t:|1700496560\n|start\n|switch|p1a: Deoxys|Deoxys-Speed|100\/100\n|switch|p2a: god|Arceus-Ground|100\/100\n|-ability|p1a: Deoxys|Pressure\n|turn|1\n|\n|t:|1700496571\n|move|p1a: Deoxys|Stealth Rock|p2a: god\n|-sidestart|p2: stuffandwhatnot|move: Stealth Rock\n|move|p2a: god|Earthquake|p1a: Deoxys\n|-damage|p1a: Deoxys|32\/100\n|\n|upkeep\n|turn|2\n|\n|t:|1700496579\n|move|p1a: Deoxys|Reflect|p1a: Deoxys\n|-sidestart|p1: 700club|Reflect\n|move|p2a: god|Earthquake|p1a: Deoxys\n|-damage|p1a: Deoxys|0 fnt\n|faint|p1a: Deoxys\n|\n|upkeep\n|\n|t:|1700496591\n|switch|p1a: Ogerpon|Ogerpon-Hearthflame, F|100\/100\n|-ability|p1a: Ogerpon|Mold Breaker\n|turn|3\n|\n|t:|1700496598\n|move|p2a: god|Dragon Dance|p2a: god\n|-boost|p2a: god|atk|1\n|-boost|p2a: god|spe|1\n|move|p1a: Ogerpon|Horn Leech|p2a: god\n|-supereffective|p2a: god\n|-damage|p2a: god|44\/100\n|\n|upkeep\n|turn|4\n|\n|t:|1700496607\n|-terastallize|p2a: god|Ground\n|move|p2a: god|Earthquake|p1a: Ogerpon\n|-damage|p1a: Ogerpon|39\/100\n|move|p1a: Ogerpon|Horn Leech|p2a: god\n|-supereffective|p2a: god\n|-damage|p2a: god|0 fnt\n|-heal|p1a: Ogerpon|61\/100|[from] drain|[of] p2a: god\n|faint|p2a: god\n|\n|upkeep\n|\n|t:|1700496631\n|switch|p2a: ET|Eternatus|100\/100\n|-damage|p2a: ET|88\/100|[from] Stealth Rock\n|-ability|p2a: ET|Pressure\n|turn|5\n|\n|t:|1700496646\n|move|p2a: ET|Dynamax Cannon|p1a: Ogerpon\n|-damage|p1a: Ogerpon|2\/100\n|move|p1a: Ogerpon|Leech Seed|p2a: ET\n|-start|p2a: ET|move: Leech Seed\n|\n|-damage|p2a: ET|76\/100|[from] Leech Seed|[of] p1a: Ogerpon\n|-heal|p1a: Ogerpon|16\/100|[silent]\n|upkeep\n|turn|6\n|\n|t:|1700496655\n|move|p2a: ET|Dynamax Cannon|p1a: Ogerpon\n|-damage|p1a: Ogerpon|0 fnt\n|faint|p1a: Ogerpon\n|\n|-sideend|p1: 700club|Reflect\n|upkeep\n|\n|t:|1700496662\n|switch|p1a: Mewtwo|Mewtwo|100\/100\n|-ability|p1a: Mewtwo|Unnerve\n|turn|7\n|\n|t:|1700496671\n|switch|p2a: ho oh|Lugia|100\/100\n|-damage|p2a: ho oh|75\/100|[from] Stealth Rock\n|detailschange|p1a: Mewtwo|Mewtwo-Mega-Y\n|-mega|p1a: Mewtwo|Mewtwo|Mewtwonite Y\n|move|p1a: Mewtwo|Psystrike|p2a: ho oh\n|-resisted|p2a: ho oh\n|-damage|p2a: ho oh|56\/100\n|\n|-heal|p2a: ho oh|62\/100|[from] item: Leftovers\n|upkeep\n|turn|8\n|\n|t:|1700496682\n|move|p1a: Mewtwo|Ice Beam|p2a: ho oh\n|-supereffective|p2a: ho oh\n|-damage|p2a: ho oh|19\/100\n|move|p2a: ho oh|Defog|p1a: Mewtwo\n|-unboost|p1a: Mewtwo|evasion|1\n|-sideend|p2: stuffandwhatnot|Stealth Rock|[from] move: Defog|[of] p2a: ho oh\n|\n|-heal|p2a: ho oh|25\/100|[from] item: Leftovers\n|upkeep\n|turn|9\n|\n|t:|1700496690\n|move|p1a: Mewtwo|Ice Beam|p2a: ho oh\n|-supereffective|p2a: ho oh\n|-damage|p2a: ho oh|0 fnt\n|faint|p2a: ho oh\n|\n|upkeep\n|\n|t:|1700496717\n|switch|p2a: whale|Kyogre|100\/100\n|-weather|RainDance|[from] ability: Drizzle|[of] p2a: whale\n|turn|10\n|\n|t:|1700496723\n|move|p2a: whale|Water Spout|p1a: Mewtwo\n|-damage|p1a: Mewtwo|0 fnt\n|faint|p1a: Mewtwo\n|\n|-weather|RainDance|[upkeep]\n|upkeep\n|\n|t:|1700496729\n|switch|p1a: Groudon|Groudon|100\/100\n|detailschange|p1a: Groudon|Groudon-Primal\n|-primal|p1a: Groudon|Red Orb\n|-weather|DesolateLand|[from] ability: Desolate Land|[of] p1a: Groudon\n|turn|11\n|\n|t:|1700496739\n|switch|p2a: ET|Eternatus|76\/100\n|-ability|p2a: ET|Pressure\n|move|p1a: Groudon|Rock Polish|p1a: Groudon\n|-boost|p1a: Groudon|spe|2\n|\n|-weather|DesolateLand|[upkeep]\n|upkeep\n|turn|12\n|\n|t:|1700496751\n|move|p1a: Groudon|Swords Dance|p1a: Groudon\n|-boost|p1a: Groudon|atk|2\n|move|p2a: ET|Dynamax Cannon|p1a: Groudon\n|-damage|p1a: Groudon|40\/100\n|\n|-weather|DesolateLand|[upkeep]\n|upkeep\n|turn|13\n|c|\u2606700club|that's strong\n|\n|t:|1700496766\n|move|p1a: Groudon|Precipice Blades|p2a: ET\n|-supereffective|p2a: ET\n|-damage|p2a: ET|0 fnt\n|faint|p2a: ET\n|\n|-weather|DesolateLand|[upkeep]\n|upkeep\n|\n|t:|1700496771\n|switch|p2a: whale|Kyogre|100\/100\n|-ability|p2a: whale|Drizzle|[from] desolateland|[fail]\n|turn|14\n|\n|t:|1700496777\n|move|p1a: Groudon|Precipice Blades|p2a: whale|[miss]\n|-miss|p1a: Groudon|p2a: whale\n|move|p2a: whale|Hidden Power|p1a: Groudon\n|-supereffective|p1a: Groudon\n|-damage|p1a: Groudon|0 fnt\n|faint|p1a: Groudon\n|-weather|none\n|\n|upkeep\n|\n|t:|1700496785\n|switch|p1a: Necrozma|Necrozma-Dusk-Mane|100\/100\n|turn|15\n|\n|t:|1700496792\n|move|p2a: whale|Hidden Power|p1a: Necrozma\n|-supereffective|p1a: Necrozma\n|-damage|p1a: Necrozma|65\/100\n|move|p1a: Necrozma|Dragon Dance|p1a: Necrozma\n|-boost|p1a: Necrozma|atk|1\n|-boost|p1a: Necrozma|spe|1\n|\n|upkeep\n|turn|16\n|\n|t:|1700496801\n|switch|p2a: land man|Groudon|100\/100\n|detailschange|p2a: land man|Groudon-Primal\n|-primal|p2a: land man|Red Orb\n|-weather|DesolateLand|[from] ability: Desolate Land|[of] p2a: land man\n|detailschange|p1a: Necrozma|Necrozma-Ultra\n|-burst|p1a: Necrozma|Necrozma|Ultranecrozium Z\n|move|p1a: Necrozma|Photon Geyser|p2a: land man\n|-damage|p2a: land man|45\/100\n|\n|-weather|DesolateLand|[upkeep]\n|upkeep\n|turn|17\n|\n|t:|1700496820\n|move|p1a: Necrozma|Earthquake|p2a: land man\n|-supereffective|p2a: land man\n|-damage|p2a: land man|0 fnt\n|faint|p2a: land man\n|-weather|none\n|\n|upkeep\n|\n|t:|1700496828\n|switch|p2a: whale|Kyogre|100\/100\n|-weather|RainDance|[from] ability: Drizzle|[of] p2a: whale\n|turn|18\n|\n|t:|1700496835\n|-zpower|p1a: Necrozma\n|move|p1a: Necrozma|Light That Burns the Sky|p2a: whale|[zeffect]\n|-damage|p2a: whale|0 fnt\n|faint|p2a: whale\n|\n|-weather|RainDance|[upkeep]\n|upkeep\n|\n|t:|1700496843\n|switch|p2a: medieval furry|Zacian-Crowned|100\/100\n|-ability|p2a: medieval furry|Intrepid Sword|boost\n|-boost|p2a: medieval furry|atk|1\n|turn|19\n|\n|t:|1700496848\n|move|p1a: Necrozma|Earthquake|p2a: medieval furry\n|-supereffective|p2a: medieval furry\n|-damage|p2a: medieval furry|0 fnt\n|faint|p2a: medieval furry\n|\n|win|700club\n|raw|700club's rating: 1355 &rarr; <strong>1381<\/strong><br \/>(+26 for winning)\n|raw|stuffandwhatnot's rating: 1454 &rarr; <strong>1428<\/strong><br \/>(-26 for losing)\n|c|\u2606700club|gg\n","uploadtime":1700496857,"views":3,"p1id":"700club","p2id":"stuffandwhatnot","formatid":"gen9nationaldexubers","rating":1381,"private":0,"password":""}