{"id":"gen9nationaldexubers-1988966515","p1":"Pikachu2107","p2":"Shadow Mewtwo 1234","format":"[Gen 9] National Dex Ubers","log":"|j|\u2606Pikachu2107\n|j|\u2606Shadow Mewtwo 1234\n|t:|1699795802\n|gametype|singles\n|player|p1|Pikachu2107|waiter-gen4|1223\n|player|p2|Shadow Mewtwo 1234|cynthia-gen4|1327\n|teamsize|p1|6\n|teamsize|p2|6\n|gen|9\n|tier|[Gen 9] National Dex Ubers\n|rated|\n|rule|HP Percentage Mod: HP is shown in percentages\n|rule|Endless Battle Clause: Forcing endless battles is banned\n|rule|OHKO Clause: OHKO moves are banned\n|rule|Evasion Moves Clause: Evasion moves are banned\n|rule|Evasion Items Clause: Evasion items are banned\n|rule|Species Clause: Limit one of each Pok\u00e9mon\n|rule|Sleep Clause Mod: Limit one foe put to sleep\n|rule|Mega Rayquaza Clause: You cannot mega evolve Rayquaza\n|clearpoke\n|poke|p1|Raichu, F|\n|poke|p1|Walrein, M|\n|poke|p1|Ribombee, F|\n|poke|p1|Gholdengo|\n|poke|p1|Iron Treads|\n|poke|p1|Grimmsnarl, M|\n|poke|p2|Mewtwo|\n|poke|p2|Groudon|\n|poke|p2|Breloom, F|\n|poke|p2|Yveltal|\n|poke|p2|Maushold-Four|\n|poke|p2|Excadrill, F|\n|teampreview\n|\n|t:|1699795813\n|start\n|switch|p1a: Ribombee|Ribombee, F|100\/100\n|switch|p2a: Excadrill|Excadrill, F|100\/100\n|-ability|p2a: Excadrill|Mold Breaker\n|turn|1\n|\n|t:|1699795820\n|move|p1a: Ribombee|Stun Spore|p2a: Excadrill\n|-status|p2a: Excadrill|par\n|move|p2a: Excadrill|Rapid Spin|p1a: Ribombee\n|-damage|p1a: Ribombee|64\/100\n|-boost|p2a: Excadrill|spe|1\n|\n|upkeep\n|turn|2\n|\n|t:|1699795828\n|switch|p1a: Gholdengo|Gholdengo|100\/100\n|move|p2a: Excadrill|Iron Head|p1a: Gholdengo\n|-resisted|p1a: Gholdengo\n|-damage|p1a: Gholdengo|76\/100\n|\n|upkeep\n|turn|3\n|\n|t:|1699795834\n|move|p1a: Gholdengo|Shadow Ball|p2a: Excadrill\n|-damage|p2a: Excadrill|42\/100 par\n|move|p2a: Excadrill|Earthquake|p1a: Gholdengo\n|-supereffective|p1a: Gholdengo\n|-damage|p1a: Gholdengo|0 fnt\n|faint|p1a: Gholdengo\n|\n|upkeep\n|\n|t:|1699795843\n|switch|p1a: Iron Treads|Iron Treads|100\/100\n|turn|4\n|\n|t:|1699795850\n|move|p1a: Iron Treads|Earthquake|p2a: Excadrill\n|-supereffective|p2a: Excadrill\n|-damage|p2a: Excadrill|0 fnt\n|faint|p2a: Excadrill\n|\n|upkeep\n|\n|t:|1699795854\n|switch|p2a: Breloom|Breloom, F|100\/100\n|turn|5\n|\n|t:|1699795879\n|move|p1a: Iron Treads|Knock Off|p2a: Breloom\n|-resisted|p2a: Breloom\n|-damage|p2a: Breloom|77\/100\n|-status|p1a: Iron Treads|slp|[from] ability: Effect Spore|[of] p2a: Breloom\n|-enditem|p2a: Breloom|Focus Sash|[from] move: Knock Off|[of] p1a: Iron Treads\n|move|p2a: Breloom|Spore|p1a: Iron Treads\n|-fail|p1a: Iron Treads|slp\n|\n|upkeep\n|turn|6\n|\n|t:|1699795890\n|-end|p1a: Iron Treads|Quark Drive|[silent]\n|switch|p1a: Ribombee|Ribombee, F|64\/100\n|move|p2a: Breloom|Seed Bomb|p1a: Ribombee\n|-resisted|p1a: Ribombee\n|-damage|p1a: Ribombee|20\/100\n|\n|upkeep\n|turn|7\n|\n|t:|1699795910\n|-terastallize|p1a: Ribombee|Ghost\n|move|p1a: Ribombee|Sticky Web|p2a: Breloom\n|-sidestart|p2: Shadow Mewtwo 1234|move: Sticky Web\n|move|p2a: Breloom|Seed Bomb|p1a: Ribombee\n|-damage|p1a: Ribombee|0 fnt\n|faint|p1a: Ribombee\n|\n|upkeep\n|\n|t:|1699795921\n|switch|p1a: Grimmsnarl|Grimmsnarl, M|100\/100\n|turn|8\n|\n|t:|1699795924\n|move|p1a: Grimmsnarl|Reflect|p1a: Grimmsnarl\n|-sidestart|p1: Pikachu2107|Reflect\n|move|p2a: Breloom|Spore|p1a: Grimmsnarl\n|-message|Sleep Clause Mod activated.\n|-hint|Sleep Clause Mod prevents players from putting more than one of their opponent's Pok\u00e9mon to sleep at a time\n|\n|upkeep\n|turn|9\n|\n|t:|1699795929\n|move|p2a: Breloom|Close Combat|p1a: Grimmsnarl\n|-damage|p1a: Grimmsnarl|76\/100\n|-unboost|p2a: Breloom|def|1\n|-unboost|p2a: Breloom|spd|1\n|move|p1a: Grimmsnarl|Spirit Break|p2a: Breloom\n|-supereffective|p2a: Breloom\n|-crit|p2a: Breloom\n|-damage|p2a: Breloom|0 fnt\n|faint|p2a: Breloom\n|\n|upkeep\n|\n|t:|1699795932\n|switch|p2a: Maushold|Maushold-Four|100\/100\n|-activate|p2a: Maushold|move: Sticky Web\n|-unboost|p2a: Maushold|spe|1\n|turn|10\n|\n|t:|1699795940\n|move|p1a: Grimmsnarl|Taunt|p2a: Maushold\n|-start|p2a: Maushold|move: Taunt\n|cant|p2a: Maushold|move: Taunt|Tidy Up\n|\n|upkeep\n|turn|11\n|\n|t:|1699795958\n|switch|p2a: Groudon|Groudon|100\/100\n|-activate|p2a: Groudon|move: Sticky Web\n|-unboost|p2a: Groudon|spe|1\n|detailschange|p2a: Groudon|Groudon-Primal\n|-primal|p2a: Groudon|Red Orb\n|-weather|DesolateLand|[from] ability: Desolate Land|[of] p2a: Groudon\n|move|p1a: Grimmsnarl|Spirit Break|p2a: Groudon\n|-resisted|p2a: Groudon\n|-damage|p2a: Groudon|92\/100\n|-unboost|p2a: Groudon|spa|1\n|\n|-weather|DesolateLand|[upkeep]\n|upkeep\n|turn|12\n|\n|t:|1699795988\n|switch|p1a: Iron Treads|Iron Treads|100\/100 slp\n|move|p2a: Groudon|Heat Crash|p1a: Iron Treads\n|-supereffective|p1a: Iron Treads\n|-damage|p1a: Iron Treads|0 fnt\n|faint|p1a: Iron Treads\n|-end|p1a: Iron Treads|Quark Drive|[silent]\n|\n|-weather|DesolateLand|[upkeep]\n|upkeep\n|\n|t:|1699795996\n|switch|p1a: Walrein|Walrein, M|100\/100\n|turn|13\n|\n|t:|1699796003\n|move|p1a: Walrein|Belly Drum|p1a: Walrein\n|-damage|p1a: Walrein|51\/100\n|-setboost|p1a: Walrein|atk|6|[from] move: Belly Drum\n|move|p2a: Groudon|Heat Crash|p1a: Walrein\n|-damage|p1a: Walrein|19\/100\n|\n|-weather|DesolateLand|[upkeep]\n|upkeep\n|turn|14\n|\n|t:|1699796011\n|move|p1a: Walrein|Earthquake|p2a: Groudon\n|-supereffective|p2a: Groudon\n|-damage|p2a: Groudon|0 fnt\n|faint|p2a: Groudon\n|-weather|none\n|\n|upkeep\n|\n|t:|1699796016\n|switch|p2a: Yveltal|Yveltal|100\/100\n|-ability|p2a: Yveltal|Dark Aura\n|turn|15\n|\n|t:|1699796020\n|move|p2a: Yveltal|Sucker Punch|p1a: Walrein\n|-damage|p1a: Walrein|0 fnt\n|faint|p1a: Walrein\n|\n|-sideend|p1: Pikachu2107|Reflect\n|upkeep\n|\n|t:|1699796024\n|switch|p1a: Raichu|Raichu, F|100\/100\n|-item|p1a: Raichu|Air Balloon\n|turn|16\n|\n|t:|1699796032\n|move|p1a: Raichu|Encore|p2a: Yveltal\n|-start|p2a: Yveltal|Encore\n|move|p2a: Yveltal|Sucker Punch||[still]\n|-fail|p2a: Yveltal\n|\n|upkeep\n|turn|17\n|\n|t:|1699796049\n|switch|p2a: Mewtwo|Mewtwo|100\/100\n|-activate|p2a: Mewtwo|move: Sticky Web\n|-unboost|p2a: Mewtwo|spe|1\n|-ability|p2a: Mewtwo|Pressure\n|move|p1a: Raichu|Nasty Plot|p1a: Raichu\n|-boost|p1a: Raichu|spa|2\n|\n|upkeep\n|turn|18\n|\n|t:|1699796063\n|switch|p1a: Grimmsnarl|Grimmsnarl, M|76\/100\n|detailschange|p2a: Mewtwo|Mewtwo-Mega-Y\n|-mega|p2a: Mewtwo|Mewtwo|Mewtwonite Y\n|move|p2a: Mewtwo|Psystrike|p1a: Grimmsnarl\n|-immune|p1a: Grimmsnarl\n|\n|upkeep\n|turn|19\n|\n|t:|1699796076\n|switch|p2a: Yveltal|Yveltal|100\/100\n|-ability|p2a: Yveltal|Dark Aura\n|move|p1a: Grimmsnarl|Light Screen|p1a: Grimmsnarl\n|-sidestart|p1: Pikachu2107|move: Light Screen\n|\n|upkeep\n|turn|20\n|\n|t:|1699796082\n|move|p1a: Grimmsnarl|Taunt|p2a: Yveltal\n|-hint|Since gen 7, Dark is immune to Prankster moves.\n|-immune|p2a: Yveltal\n|move|p2a: Yveltal|Defog|p1a: Grimmsnarl\n|-unboost|p1a: Grimmsnarl|evasion|1\n|-sideend|p1: Pikachu2107|move: Light Screen\n|-sideend|p2: Shadow Mewtwo 1234|Sticky Web|[from] move: Defog|[of] p2a: Yveltal\n|\n|upkeep\n|turn|21\n|\n|t:|1699796089\n|move|p2a: Yveltal|Oblivion Wing|p1a: Grimmsnarl\n|-crit|p1a: Grimmsnarl\n|-damage|p1a: Grimmsnarl|27\/100\n|move|p1a: Grimmsnarl|Spirit Break|p2a: Yveltal\n|-supereffective|p2a: Yveltal\n|-damage|p2a: Yveltal|46\/100\n|-unboost|p2a: Yveltal|spa|1\n|\n|upkeep\n|turn|22\n|\n|t:|1699796097\n|move|p2a: Yveltal|Oblivion Wing|p1a: Grimmsnarl\n|-damage|p1a: Grimmsnarl|4\/100\n|-heal|p2a: Yveltal|64\/100|[from] drain|[of] p1a: Grimmsnarl\n|move|p1a: Grimmsnarl|Spirit Break|p2a: Yveltal\n|-supereffective|p2a: Yveltal\n|-damage|p2a: Yveltal|11\/100\n|-unboost|p2a: Yveltal|spa|1\n|\n|upkeep\n|turn|23\n|\n|t:|1699796106\n|move|p1a: Grimmsnarl|Light Screen|p1a: Grimmsnarl\n|-sidestart|p1: Pikachu2107|move: Light Screen\n|move|p2a: Yveltal|Oblivion Wing|p1a: Grimmsnarl\n|-damage|p1a: Grimmsnarl|0 fnt\n|-heal|p2a: Yveltal|13\/100|[from] drain|[of] p1a: Grimmsnarl\n|faint|p1a: Grimmsnarl\n|\n|upkeep\n|\n|t:|1699796112\n|switch|p1a: Raichu|Raichu, F|100\/100\n|-item|p1a: Raichu|Air Balloon\n|turn|24\n|\n|t:|1699796123\n|move|p1a: Raichu|Encore|p2a: Yveltal\n|-start|p2a: Yveltal|Encore\n|move|p2a: Yveltal|Oblivion Wing|p1a: Raichu\n|-resisted|p1a: Raichu\n|-damage|p1a: Raichu|94\/100\n|-heal|p2a: Yveltal|16\/100|[from] drain|[of] p1a: Raichu\n|-enditem|p1a: Raichu|Air Balloon\n|\n|upkeep\n|turn|25\n|\n|t:|1699796141\n|switch|p2a: Mewtwo|Mewtwo-Mega-Y|100\/100\n|move|p1a: Raichu|Nasty Plot|p1a: Raichu\n|-boost|p1a: Raichu|spa|2\n|\n|upkeep\n|turn|26\n|\n|t:|1699796146\n|move|p2a: Mewtwo|Earth Power|p1a: Raichu\n|-supereffective|p1a: Raichu\n|-damage|p1a: Raichu|15\/100\n|move|p1a: Raichu|Thunderbolt|p2a: Mewtwo\n|-damage|p2a: Mewtwo|45\/100\n|-status|p2a: Mewtwo|par\n|\n|upkeep\n|turn|27\n|\n|t:|1699796155\n|move|p1a: Raichu|Thunderbolt|p2a: Mewtwo\n|-damage|p2a: Mewtwo|0 fnt\n|faint|p2a: Mewtwo\n|\n|upkeep\n|\n|t:|1699796157\n|switch|p2a: Maushold|Maushold-Four|100\/100\n|turn|28\n|\n|t:|1699796160\n|move|p1a: Raichu|Thunderbolt|p2a: Maushold\n|-damage|p2a: Maushold|0 fnt\n|faint|p2a: Maushold\n|\n|upkeep\n|\n|t:|1699796163\n|switch|p2a: Yveltal|Yveltal|16\/100\n|-ability|p2a: Yveltal|Dark Aura\n|turn|29\n|\n|t:|1699796169\n|move|p2a: Yveltal|Sucker Punch||[still]\n|-fail|p2a: Yveltal\n|move|p1a: Raichu|Nasty Plot|p1a: Raichu\n|-boost|p1a: Raichu|spa|2\n|\n|upkeep\n|turn|30\n|\n|t:|1699796174\n|move|p2a: Yveltal|Sucker Punch||[still]\n|-fail|p2a: Yveltal\n|move|p1a: Raichu|Encore|p2a: Yveltal\n|-start|p2a: Yveltal|Encore\n|\n|-sideend|p1: Pikachu2107|move: Light Screen\n|upkeep\n|turn|31\n|\n|t:|1699796179\n|move|p2a: Yveltal|Sucker Punch||[still]\n|-fail|p2a: Yveltal\n|move|p1a: Raichu|Nasty Plot|p1a: Raichu\n|-boost|p1a: Raichu|spa|2\n|\n|upkeep\n|turn|32\n|\n|t:|1699796184\n|move|p2a: Yveltal|Sucker Punch||[still]\n|-fail|p2a: Yveltal\n|move|p1a: Raichu|Nasty Plot|p1a: Raichu\n|-boost|p1a: Raichu|spa|0\n|\n|upkeep\n|turn|33\n|\n|t:|1699796190\n|move|p2a: Yveltal|Sucker Punch||[still]\n|-fail|p2a: Yveltal\n|move|p1a: Raichu|Nasty Plot|p1a: Raichu\n|-boost|p1a: Raichu|spa|0\n|\n|-end|p2a: Yveltal|Encore\n|upkeep\n|turn|34\n|\n|t:|1699796197\n|move|p1a: Raichu|Encore|p2a: Yveltal\n|-start|p2a: Yveltal|Encore\n|move|p2a: Yveltal|Sucker Punch||[still]\n|-fail|p2a: Yveltal\n|\n|-end|p2a: Yveltal|Encore\n|upkeep\n|turn|35\n|\n|t:|1699796214\n|move|p1a: Raichu|Thunderbolt|p2a: Yveltal\n|-supereffective|p2a: Yveltal\n|-damage|p2a: Yveltal|0 fnt\n|faint|p2a: Yveltal\n|\n|win|Pikachu2107\n|raw|Pikachu2107's rating: 1223 &rarr; <strong>1255<\/strong><br \/>(+32 for winning)\n|raw|Shadow Mewtwo 1234's rating: 1327 &rarr; <strong>1301<\/strong><br \/>(-26 for losing)\n|l|\u2606Shadow Mewtwo 1234\n","uploadtime":1699796226,"views":6,"p1id":"pikachu2107","p2id":"shadowmewtwo1234","formatid":"gen9nationaldexubers","rating":1255,"private":0,"password":""}