{"id":"gen9nationaldexubers-1990887275","p1":"cincinnaticynda","p2":"PokeHaint","format":"[Gen 9] National Dex Ubers","log":"|j|\u2606cincinnaticynda\n|j|\u2606PokeHaint\n|t:|1700011534\n|gametype|singles\n|player|p1|cincinnaticynda|266|\n|player|p2|PokeHaint|ninjaboy|\n|teamsize|p1|6\n|teamsize|p2|6\n|gen|9\n|tier|[Gen 9] National Dex Ubers\n|rule|HP Percentage Mod: HP is shown in percentages\n|rule|Endless Battle Clause: Forcing endless battles is banned\n|rule|OHKO Clause: OHKO moves are banned\n|rule|Evasion Moves Clause: Evasion moves are banned\n|rule|Evasion Items Clause: Evasion items are banned\n|rule|Species Clause: Limit one of each Pok\u00e9mon\n|rule|Sleep Clause Mod: Limit one foe put to sleep\n|rule|Mega Rayquaza Clause: You cannot mega evolve Rayquaza\n|clearpoke\n|poke|p1|Tapu Lele|\n|poke|p1|Incineroar, F|\n|poke|p1|Goodra-Hisui, F|\n|poke|p1|Celesteela|\n|poke|p1|Medicham, F|\n|poke|p1|Kyogre|\n|poke|p2|Xerneas-*|\n|poke|p2|Great Tusk|\n|poke|p2|Skarmory, M|\n|poke|p2|Pinsir, F|\n|poke|p2|Kleavor, M|\n|poke|p2|Magnezone|\n|teampreview\n|c|\u2606PokeHaint|i actually need a sec\n|j| BoyzArbokInTown03\n|c|\u2606cincinnaticynda|okay\n|j| medi34\n|c|\u2606PokeHaint|grabbing something\n|c|\u2606cincinnaticynda|lmk when you're ready\n|j| lelza\n|c|\u2606PokeHaint|ok im back sorry\n|\n|t:|1700011608\n|start\n|switch|p1a: Medicham|Medicham, F|100\/100\n|switch|p2a: Pinsir|Pinsir, F|100\/100\n|turn|1\n|\n|t:|1700011624\n|switch|p1a: Celesteela|Celesteela|100\/100\n|detailschange|p2a: Pinsir|Pinsir-Mega, F\n|-mega|p2a: Pinsir|Pinsir|Pinsirite\n|move|p2a: Pinsir|Return|p1a: Celesteela\n|-resisted|p1a: Celesteela\n|-damage|p1a: Celesteela|77\/100\n|-damage|p2a: Pinsir|84\/100|[from] item: Rocky Helmet|[of] p1a: Celesteela\n|\n|upkeep\n|turn|2\n|\n|t:|1700011639\n|switch|p2a: Magnezone|Magnezone|100\/100\n|move|p1a: Celesteela|Leech Seed|p2a: Magnezone\n|-start|p2a: Magnezone|move: Leech Seed\n|\n|-damage|p2a: Magnezone|88\/100|[from] Leech Seed|[of] p1a: Celesteela\n|-heal|p1a: Celesteela|86\/100|[silent]\n|upkeep\n|turn|3\n|\n|t:|1700011674\n|switch|p2a: Xerneas|Xerneas|100\/100\n|-ability|p2a: Xerneas|Fairy Aura\n|move|p1a: Celesteela|Protect||[still]\n|-fail|p1a: Celesteela\n|\n|upkeep\n|turn|4\n|\n|t:|1700011685\n|move|p2a: Xerneas|Geomancy||[still]\n|-prepare|p2a: Xerneas|Geomancy\n|-enditem|p2a: Xerneas|Power Herb\n|-anim|p2a: Xerneas|Geomancy|p2a: Xerneas\n|-boost|p2a: Xerneas|spa|2\n|-boost|p2a: Xerneas|spd|2\n|-boost|p2a: Xerneas|spe|2\n|move|p1a: Celesteela|Leech Seed|p2a: Xerneas\n|-start|p2a: Xerneas|move: Leech Seed\n|\n|-damage|p2a: Xerneas|88\/100|[from] Leech Seed|[of] p1a: Celesteela\n|-heal|p1a: Celesteela|99\/100|[silent]\n|upkeep\n|turn|5\n|l| lelza\n|\n|t:|1700011720\n|move|p1a: Celesteela|Protect|p1a: Celesteela\n|-singleturn|p1a: Celesteela|Protect\n|move|p2a: Xerneas|Thunder|p1a: Celesteela\n|-activate|p1a: Celesteela|move: Protect\n|\n|-damage|p2a: Xerneas|76\/100|[from] Leech Seed|[of] p1a: Celesteela\n|-heal|p1a: Celesteela|100\/100|[silent]\n|upkeep\n|turn|6\n|\n|t:|1700011766\n|switch|p1a: Incineroar|Incineroar, F|100\/100\n|-ability|p1a: Incineroar|Intimidate|boost\n|-unboost|p2a: Xerneas|atk|1\n|move|p2a: Xerneas|Thunder|p1a: Incineroar\n|-damage|p1a: Incineroar|42\/100\n|\n|-damage|p2a: Xerneas|64\/100|[from] Leech Seed|[of] p1a: Incineroar\n|-heal|p1a: Incineroar|56\/100|[silent]\n|upkeep\n|turn|7\n|\n|t:|1700011790\n|move|p2a: Xerneas|Moonblast|p1a: Incineroar\n|-damage|p1a: Incineroar|0 fnt\n|faint|p1a: Incineroar\n|\n|upkeep\n|\n|t:|1700011797\n|switch|p1a: Goodra|Goodra-Hisui, F|100\/100\n|turn|8\n|\n|t:|1700011815\n|switch|p2a: Great Tusk|Great Tusk|100\/100\n|move|p1a: Goodra|Toxic|p2a: Great Tusk\n|-status|p2a: Great Tusk|tox\n|\n|-damage|p2a: Great Tusk|94\/100 tox|[from] psn\n|upkeep\n|turn|9\n|j| lelza\n|\n|t:|1700011848\n|-end|p2a: Great Tusk|Protosynthesis|[silent]\n|switch|p2a: Magnezone|Magnezone|88\/100\n|switch|p1a: Celesteela|Celesteela|100\/100\n|\n|upkeep\n|turn|10\n|\n|t:|1700011864\n|move|p2a: Magnezone|Thunder|p1a: Celesteela\n|-supereffective|p1a: Celesteela\n|-crit|p1a: Celesteela\n|-damage|p1a: Celesteela|0 fnt\n|faint|p1a: Celesteela\n|\n|upkeep\n|\n|t:|1700011891\n|switch|p1a: Kyogre|Kyogre|100\/100\n|-weather|RainDance|[from] ability: Drizzle|[of] p1a: Kyogre\n|turn|11\n|l| lelza\n|j| lelza\n|\n|t:|1700011961\n|switch|p2a: Xerneas|Xerneas|64\/100\n|-ability|p2a: Xerneas|Fairy Aura\n|-terastallize|p1a: Kyogre|Ground\n|move|p1a: Kyogre|Water Spout|p2a: Xerneas\n|-damage|p2a: Xerneas|0 fnt\n|faint|p2a: Xerneas\n|\n|-weather|RainDance|[upkeep]\n|upkeep\n|\n|t:|1700011973\n|switch|p2a: Kleavor|Kleavor, M|100\/100\n|turn|12\n|\n|t:|1700012026\n|switch|p1a: Tapu Lele|Tapu Lele|100\/100\n|-fieldstart|move: Psychic Terrain|[from] ability: Psychic Surge|[of] p1a: Tapu Lele\n|move|p2a: Kleavor|X-Scissor|p1a: Tapu Lele\n|-damage|p1a: Tapu Lele|0 fnt\n|faint|p1a: Tapu Lele\n|\n|-weather|RainDance|[upkeep]\n|upkeep\n|c| BoyzArbokInTown03|Kills???\n|c| medi34|that's crazy actually\n|c|\u2606PokeHaint|sharpness is crazy\n|\n|t:|1700012061\n|switch|p1a: Goodra|Goodra-Hisui, F|100\/100\n|turn|13\n|c| medi34|power herb xerneas is actually\n|\n|t:|1700012083\n|move|p2a: Kleavor|Close Combat|p1a: Goodra\n|-supereffective|p1a: Goodra\n|-damage|p1a: Goodra|15\/100\n|-unboost|p2a: Kleavor|def|1\n|-unboost|p2a: Kleavor|spd|1\n|move|p1a: Goodra|Flash Cannon|p2a: Kleavor\n|-supereffective|p2a: Kleavor\n|-enditem|p2a: Kleavor|Focus Sash\n|-damage|p2a: Kleavor|1\/100\n|\n|-weather|RainDance|[upkeep]\n|-heal|p1a: Goodra|21\/100|[from] item: Leftovers\n|upkeep\n|turn|14\n|\n|t:|1700012113\n|move|p2a: Kleavor|X-Scissor|p1a: Goodra\n|-resisted|p1a: Goodra\n|-damage|p1a: Goodra|0 fnt\n|faint|p1a: Goodra\n|\n|-weather|RainDance|[upkeep]\n|upkeep\n|\n|t:|1700012122\n|switch|p1a: Kyogre|Kyogre, tera:Ground|100\/100\n|turn|15\n|\n|t:|1700012135\n|move|p1a: Kyogre|Surf|p2a: Kleavor\n|-supereffective|p2a: Kleavor\n|-damage|p2a: Kleavor|0 fnt\n|faint|p2a: Kleavor\n|\n|-weather|none\n|upkeep\n|\n|t:|1700012147\n|switch|p2a: Magnezone|Magnezone|88\/100\n|turn|16\n|\n|t:|1700012181\n|switch|p1a: Medicham|Medicham, F|100\/100\n|-terastallize|p2a: Magnezone|Grass\n|move|p2a: Magnezone|Tera Blast|p1a: Medicham|[anim] Tera Blast Grass\n|-damage|p1a: Medicham|31\/100\n|\n|-fieldend|move: Psychic Terrain\n|upkeep\n|turn|17\n|\n|t:|1700012194\n|detailschange|p1a: Medicham|Medicham-Mega, F\n|-mega|p1a: Medicham|Medicham|Medichamite\n|move|p1a: Medicham|Fake Out|p2a: Magnezone\n|-damage|p2a: Magnezone|63\/100\n|cant|p2a: Magnezone|flinch\n|\n|upkeep\n|turn|18\n|\n|t:|1700012200\n|move|p1a: Medicham|Bullet Punch|p2a: Magnezone\n|-damage|p2a: Magnezone|35\/100\n|move|p2a: Magnezone|Tera Blast|p1a: Medicham|[anim] Tera Blast Grass\n|-damage|p1a: Medicham|0 fnt\n|faint|p1a: Medicham\n|\n|upkeep\n|\n|t:|1700012217\n|switch|p1a: Kyogre|Kyogre, tera:Ground|100\/100\n|-weather|RainDance|[from] ability: Drizzle|[of] p1a: Kyogre\n|turn|19\n|\n|t:|1700012230\n|move|p2a: Magnezone|Tera Blast|p1a: Kyogre|[anim] Tera Blast Grass\n|-supereffective|p1a: Kyogre\n|-damage|p1a: Kyogre|32\/100\n|move|p1a: Kyogre|Surf|p2a: Magnezone\n|-resisted|p2a: Magnezone\n|-damage|p2a: Magnezone|0 fnt\n|faint|p2a: Magnezone\n|\n|-weather|RainDance|[upkeep]\n|upkeep\n|\n|t:|1700012244\n|switch|p2a: Pinsir|Pinsir-Mega, F|84\/100\n|turn|20\n|\n|t:|1700012256\n|move|p2a: Pinsir|Return|p1a: Kyogre\n|-damage|p1a: Kyogre|0 fnt\n|faint|p1a: Kyogre\n|\n|win|PokeHaint\n|c|\u2606PokeHaint|gg\n|c|\u2606cincinnaticynda|ggs!\n|c| medi34|gg\n|c| BoyzArbokInTown03|GGs\n","uploadtime":1700012261,"views":7,"p1id":"cincinnaticynda","p2id":"pokehaint","formatid":"gen9nationaldexubers","rating":0,"private":0,"password":""}