{"id":"gen9nationaldexubers-1993677668","p1":"TTeTyLLloK","p2":"szymszym134","format":"[Gen 9] National Dex Ubers","log":"|j|\u2606TTeTyLLloK\n|j|\u2606szymszym134\n|t:|1700344548\n|gametype|singles\n|player|p1|TTeTyLLloK|bruno|1426\n|player|p2|szymszym134|doubleteam|1633\n|teamsize|p1|6\n|teamsize|p2|6\n|gen|9\n|tier|[Gen 9] National Dex Ubers\n|rated|\n|rule|HP Percentage Mod: HP is shown in percentages\n|rule|Endless Battle Clause: Forcing endless battles is banned\n|rule|OHKO Clause: OHKO moves are banned\n|rule|Evasion Moves Clause: Evasion moves are banned\n|rule|Evasion Items Clause: Evasion items are banned\n|rule|Species Clause: Limit one of each Pok\u00e9mon\n|rule|Sleep Clause Mod: Limit one foe put to sleep\n|rule|Mega Rayquaza Clause: You cannot mega evolve Rayquaza\n|clearpoke\n|poke|p1|Chesnaught, M|\n|poke|p1|Dugtrio, M|\n|poke|p1|Deoxys-Speed|\n|poke|p1|Slaking, M|\n|poke|p1|Mewtwo|\n|poke|p1|Ribombee, F|\n|poke|p2|Magearna|\n|poke|p2|Arceus-Dark|\n|poke|p2|Ho-Oh|\n|poke|p2|Ditto|\n|poke|p2|Garganacl, M|\n|poke|p2|Zygarde|\n|teampreview\n|inactive|Battle timer is ON: inactive players will automatically lose when time's up. (requested by TTeTyLLloK)\n|\n|t:|1700344554\n|start\n|switch|p1a: Deoxys|Deoxys-Speed|100\/100\n|switch|p2a: Arceus|Arceus-Dark|100\/100\n|-ability|p1a: Deoxys|Pressure\n|turn|1\n|\n|t:|1700344559\n|move|p1a: Deoxys|Stealth Rock|p2a: Arceus\n|-sidestart|p2: szymszym134|move: Stealth Rock\n|move|p2a: Arceus|Foul Play|p1a: Deoxys\n|-supereffective|p1a: Deoxys\n|-damage|p1a: Deoxys|25\/100\n|-damage|p2a: Arceus|84\/100|[from] item: Rocky Helmet|[of] p1a: Deoxys\n|\n|upkeep\n|turn|2\n|j| AGKilled\n|\n|t:|1700344563\n|move|p1a: Deoxys|Spikes|p2a: Arceus\n|-sidestart|p2: szymszym134|Spikes\n|move|p2a: Arceus|Foul Play|p1a: Deoxys\n|-supereffective|p1a: Deoxys\n|-damage|p1a: Deoxys|0 fnt\n|-damage|p2a: Arceus|67\/100|[from] item: Rocky Helmet|[of] p1a: Deoxys\n|faint|p1a: Deoxys\n|\n|upkeep\n|\n|t:|1700344569\n|switch|p1a: Chesnaught|Chesnaught, M|100\/100\n|turn|3\n|\n|t:|1700344574\n|switch|p2a: Ho-Oh|Ho-Oh|100\/100\n|move|p1a: Chesnaught|Belly Drum|p1a: Chesnaught\n|-damage|p1a: Chesnaught|50\/100\n|-setboost|p1a: Chesnaught|atk|6|[from] move: Belly Drum\n|-enditem|p1a: Chesnaught|Sitrus Berry|[eat]\n|-heal|p1a: Chesnaught|75\/100|[from] item: Sitrus Berry\n|\n|upkeep\n|turn|4\n|\n|t:|1700344587\n|move|p1a: Chesnaught|Rock Slide|p2a: Ho-Oh\n|-supereffective|p2a: Ho-Oh\n|-damage|p2a: Ho-Oh|0 fnt\n|faint|p2a: Ho-Oh\n|\n|upkeep\n|\n|t:|1700344593\n|switch|p2a: Ditto|Ditto|100\/100\n|-damage|p2a: Ditto|88\/100|[from] Stealth Rock\n|-damage|p2a: Ditto|76\/100|[from] Spikes\n|-transform|p2a: Ditto|p1a: Chesnaught|[from] ability: Imposter\n|turn|5\n|\n|t:|1700344602\n|-terastallize|p2a: Ditto|Ghost\n|move|p2a: Ditto|Drain Punch|p1a: Chesnaught\n|-damage|p1a: Chesnaught|0 fnt\n|-heal|p2a: Ditto|100\/100|[from] drain|[of] p1a: Chesnaught\n|faint|p1a: Chesnaught\n|\n|upkeep\n|\n|t:|1700344611\n|switch|p1a: Ribombee|Ribombee, F|100\/100\n|turn|6\n|\n|t:|1700344614\n|move|p1a: Ribombee|Stun Spore|p2a: Ditto\n|-status|p2a: Ditto|par\n|move|p2a: Ditto|Drain Punch|p1a: Ribombee\n|-resisted|p1a: Ribombee\n|-damage|p1a: Ribombee|23\/100\n|\n|upkeep\n|turn|7\n|\n|t:|1700344620\n|move|p1a: Ribombee|Moonblast|p2a: Ditto\n|-damage|p2a: Ditto|41\/100 par\n|cant|p2a: Ditto|par\n|\n|upkeep\n|turn|8\n|\n|t:|1700344627\n|switch|p2a: Garganacl|Garganacl, M|100\/100\n|-damage|p2a: Garganacl|88\/100|[from] Stealth Rock\n|-damage|p2a: Garganacl|76\/100|[from] Spikes\n|move|p1a: Ribombee|Sticky Web|p2a: Garganacl\n|-sidestart|p2: szymszym134|move: Sticky Web\n|\n|-heal|p2a: Garganacl|82\/100|[from] item: Leftovers\n|upkeep\n|turn|9\n|\n|t:|1700344630\n|move|p1a: Ribombee|Moonblast|p2a: Garganacl\n|-damage|p2a: Garganacl|48\/100\n|move|p2a: Garganacl|Salt Cure|p1a: Ribombee\n|-supereffective|p1a: Ribombee\n|-damage|p1a: Ribombee|0 fnt\n|faint|p1a: Ribombee\n|\n|-heal|p2a: Garganacl|54\/100|[from] item: Leftovers\n|upkeep\n|\n|t:|1700344636\n|switch|p1a: Mewtwo|Mewtwo|100\/100\n|-ability|p1a: Mewtwo|Unnerve\n|turn|10\n|\n|t:|1700344640\n|move|p2a: Garganacl|Protect|p2a: Garganacl\n|-singleturn|p2a: Garganacl|Protect\n|move|p1a: Mewtwo|Nasty Plot|p1a: Mewtwo\n|-boost|p1a: Mewtwo|spa|2\n|\n|-heal|p2a: Garganacl|60\/100|[from] item: Leftovers\n|upkeep\n|turn|11\n|\n|t:|1700344647\n|move|p1a: Mewtwo|Thunderbolt|p2a: Garganacl\n|-damage|p2a: Garganacl|0 fnt\n|faint|p2a: Garganacl\n|\n|upkeep\n|\n|t:|1700344655\n|switch|p2a: Magearna|Magearna|100\/100\n|-damage|p2a: Magearna|94\/100|[from] Stealth Rock\n|-damage|p2a: Magearna|82\/100|[from] Spikes\n|-activate|p2a: Magearna|move: Sticky Web\n|-unboost|p2a: Magearna|spe|1\n|turn|12\n|\n|t:|1700344658\n|move|p1a: Mewtwo|Flamethrower|p2a: Magearna\n|-supereffective|p2a: Magearna\n|-damage|p2a: Magearna|0 fnt\n|faint|p2a: Magearna\n|\n|upkeep\n|\n|t:|1700344664\n|switch|p2a: Ditto|Ditto, tera:Ghost|41\/100 par\n|-damage|p2a: Ditto|29\/100 par|[from] Stealth Rock\n|-damage|p2a: Ditto|17\/100 par|[from] Spikes\n|-activate|p2a: Ditto|move: Sticky Web\n|-unboost|p2a: Ditto|spe|1\n|-transform|p2a: Ditto|p1a: Mewtwo|[from] ability: Imposter\n|-ability|p2a: Ditto|Unnerve\n|turn|13\n|\n|t:|1700344669\n|move|p1a: Mewtwo|Flamethrower|p2a: Ditto\n|-damage|p2a: Ditto|0 fnt\n|faint|p2a: Ditto\n|\n|upkeep\n|-message|szymszym134 forfeited.\n|\n|win|TTeTyLLloK\n|raw|TTeTyLLloK's rating: 1426 &rarr; <strong>1457<\/strong><br \/>(+31 for winning)\n|raw|szymszym134's rating: 1633 &rarr; <strong>1602<\/strong><br \/>(-31 for losing)\n|l|\u2606szymszym134\n","uploadtime":1700344674,"views":7,"p1id":"ttetylllok","p2id":"szymszym134","formatid":"gen9nationaldexubers","rating":1457,"private":0,"password":""}