{"id":"gen9nationaldexubers-1994582742","p1":"m444rf","p2":"Smackey_5","format":"[Gen 9] National Dex Ubers","log":"|j|\u2606m444rf\n|j|\u2606Smackey_5\n|t:|1700463994\n|gametype|singles\n|player|p1|m444rf|101|\n|player|p2|Smackey_5|silver|\n|teamsize|p1|6\n|teamsize|p2|6\n|gen|9\n|tier|[Gen 9] National Dex Ubers\n|rule|HP Percentage Mod: HP is shown in percentages\n|rule|Endless Battle Clause: Forcing endless battles is banned\n|rule|OHKO Clause: OHKO moves are banned\n|rule|Evasion Moves Clause: Evasion moves are banned\n|rule|Evasion Items Clause: Evasion items are banned\n|rule|Species Clause: Limit one of each Pok\u00e9mon\n|rule|Sleep Clause Mod: Limit one foe put to sleep\n|rule|Mega Rayquaza Clause: You cannot mega evolve Rayquaza\n|clearpoke\n|poke|p1|Ogerpon-Wellspring, F|\n|poke|p1|Tyranitar, M|\n|poke|p1|Excadrill, F|\n|poke|p1|Toxapex, M|\n|poke|p1|Scizor, F|\n|poke|p1|Rotom-Heat|\n|poke|p2|Kingambit, M|\n|poke|p2|Charizard, M|\n|poke|p2|Cresselia, F|\n|poke|p2|Kommo-o, M|\n|poke|p2|Umbreon, M|\n|poke|p2|Rotom-Wash|\n|teampreview\n|\n|t:|1700463999\n|start\n|switch|p1a: Tyranitar|Tyranitar, M|100\/100\n|switch|p2a: Rotom|Rotom-Wash|100\/100\n|-weather|Sandstorm|[from] ability: Sand Stream|[of] p1a: Tyranitar\n|turn|1\n|\n|t:|1700464009\n|switch|p1a: Excadrill|Excadrill, F|100\/100\n|-ability|p1a: Excadrill|Mold Breaker\n|move|p2a: Rotom|Will-O-Wisp|p1a: Excadrill\n|-status|p1a: Excadrill|brn\n|\n|-weather|Sandstorm|[upkeep]\n|-damage|p2a: Rotom|94\/100|[from] Sandstorm\n|-heal|p2a: Rotom|100\/100|[from] item: Leftovers\n|-damage|p1a: Excadrill|94\/100 brn|[from] brn\n|upkeep\n|turn|2\n|\n|t:|1700464021\n|switch|p2a: Umbreon|Umbreon, M|100\/100\n|move|p1a: Excadrill|Earthquake|p2a: Umbreon\n|-damage|p2a: Umbreon|74\/100\n|-damage|p1a: Excadrill|84\/100 brn|[from] item: Life Orb\n|\n|-weather|Sandstorm|[upkeep]\n|-damage|p2a: Umbreon|68\/100|[from] Sandstorm\n|-damage|p1a: Excadrill|78\/100 brn|[from] brn\n|upkeep\n|turn|3\n|\n|t:|1700464032\n|switch|p1a: Tyranitar|Tyranitar, M|100\/100\n|move|p2a: Umbreon|Reflect|p2a: Umbreon\n|-sidestart|p2: Smackey_5|Reflect\n|\n|-weather|Sandstorm|[upkeep]\n|-damage|p2a: Umbreon|62\/100|[from] Sandstorm\n|upkeep\n|turn|4\n|\n|t:|1700464039\n|switch|p2a: Charizard|Charizard, M|100\/100\n|move|p1a: Tyranitar|Stealth Rock|p2a: Charizard\n|-sidestart|p2: Smackey_5|move: Stealth Rock\n|\n|-weather|Sandstorm|[upkeep]\n|-damage|p2a: Charizard|94\/100|[from] Sandstorm\n|upkeep\n|turn|5\n|\n|t:|1700464055\n|switch|p1a: Toxapex|Toxapex, M|100\/100\n|detailschange|p2a: Charizard|Charizard-Mega-Y, M\n|-mega|p2a: Charizard|Charizard|Charizardite Y\n|-weather|SunnyDay|[from] ability: Drought|[of] p2a: Charizard\n|move|p2a: Charizard|Weather Ball|p1a: Toxapex\n|-resisted|p1a: Toxapex\n|-damage|p1a: Toxapex|62\/100\n|\n|-weather|SunnyDay|[upkeep]\n|-heal|p1a: Toxapex|69\/100|[from] item: Leftovers\n|upkeep\n|turn|6\n|j| Lunar Sloth\n|\n|t:|1700464065\n|move|p2a: Charizard|Weather Ball|p1a: Toxapex\n|-resisted|p1a: Toxapex\n|-damage|p1a: Toxapex|25\/100\n|move|p1a: Toxapex|Recover|p1a: Toxapex\n|-heal|p1a: Toxapex|75\/100\n|\n|-weather|SunnyDay|[upkeep]\n|-heal|p1a: Toxapex|81\/100|[from] item: Leftovers\n|upkeep\n|turn|7\n|\n|t:|1700464075\n|switch|p2a: Rotom|Rotom-Wash|100\/100\n|-damage|p2a: Rotom|88\/100|[from] Stealth Rock\n|move|p1a: Toxapex|Toxic|p2a: Rotom\n|-status|p2a: Rotom|tox\n|\n|-weather|SunnyDay|[upkeep]\n|-heal|p2a: Rotom|94\/100 tox|[from] item: Leftovers\n|-heal|p1a: Toxapex|88\/100|[from] item: Leftovers\n|-damage|p2a: Rotom|88\/100 tox|[from] psn\n|upkeep\n|turn|8\n|\n|t:|1700464084\n|move|p2a: Rotom|Defog|p1a: Toxapex\n|-unboost|p1a: Toxapex|evasion|1\n|-sideend|p2: Smackey_5|Stealth Rock|[from] move: Defog|[of] p2a: Rotom\n|move|p1a: Toxapex|Knock Off|p2a: Rotom\n|-damage|p2a: Rotom|81\/100 tox\n|-enditem|p2a: Rotom|Leftovers|[from] move: Knock Off|[of] p1a: Toxapex\n|\n|-weather|SunnyDay|[upkeep]\n|-heal|p1a: Toxapex|94\/100|[from] item: Leftovers\n|-damage|p2a: Rotom|68\/100 tox|[from] psn\n|upkeep\n|turn|9\n|\n|t:|1700464103\n|move|p2a: Rotom|Will-O-Wisp|p1a: Toxapex\n|-status|p1a: Toxapex|brn\n|move|p1a: Toxapex|Toxic|p2a: Rotom\n|-fail|p2a: Rotom|tox\n|\n|-weather|none\n|-heal|p1a: Toxapex|99\/100 brn|[from] item: Leftovers\n|-damage|p2a: Rotom|49\/100 tox|[from] psn\n|-damage|p1a: Toxapex|94\/100 brn|[from] brn\n|upkeep\n|turn|10\n|\n|t:|1700464113\n|switch|p2a: Umbreon|Umbreon, M|62\/100\n|move|p1a: Toxapex|Toxic||[still]\n|-status|p2a: Umbreon|tox\n|-activate|p2a: Umbreon|ability: Synchronize\n|-fail|p2a: Umbreon\n|\n|-heal|p1a: Toxapex|99\/100 brn|[from] item: Leftovers\n|-damage|p2a: Umbreon|56\/100 tox|[from] psn\n|-damage|p1a: Toxapex|94\/100 brn|[from] brn\n|-sideend|p2: Smackey_5|Reflect\n|upkeep\n|turn|11\n|\n|t:|1700464124\n|switch|p1a: Tyranitar|Tyranitar, M|100\/100\n|-weather|Sandstorm|[from] ability: Sand Stream|[of] p1a: Tyranitar\n|move|p2a: Umbreon|Wish|p2a: Umbreon\n|\n|-weather|Sandstorm|[upkeep]\n|-damage|p2a: Umbreon|50\/100 tox|[from] Sandstorm\n|-damage|p2a: Umbreon|38\/100 tox|[from] psn\n|upkeep\n|turn|12\n|\n|t:|1700464133\n|move|p1a: Tyranitar|Stealth Rock|p2a: Umbreon\n|-sidestart|p2: Smackey_5|move: Stealth Rock\n|move|p2a: Umbreon|Heal Bell|p2a: Umbreon\n|-activate|p2a: Umbreon|move: Heal Bell\n|-curestatus|p2a: Umbreon|tox|[msg]\n|-curestatus|p2: Rotom|tox|[msg]\n|\n|-weather|Sandstorm|[upkeep]\n|-damage|p2a: Umbreon|32\/100|[from] Sandstorm\n|-heal|p2a: Umbreon|82\/100|[from] move: Wish|[wisher] Umbreon\n|upkeep\n|turn|13\n|\n|t:|1700464145\n|move|p1a: Tyranitar|Knock Off|p2a: Umbreon\n|-resisted|p2a: Umbreon\n|-damage|p2a: Umbreon|64\/100\n|-enditem|p2a: Umbreon|Light Clay|[from] move: Knock Off|[of] p1a: Tyranitar\n|move|p2a: Umbreon|Reflect|p2a: Umbreon\n|-sidestart|p2: Smackey_5|Reflect\n|\n|-weather|Sandstorm|[upkeep]\n|-damage|p2a: Umbreon|58\/100|[from] Sandstorm\n|upkeep\n|turn|14\n|\n|t:|1700464152\n|switch|p1a: Scizor|Scizor, F|100\/100\n|move|p2a: Umbreon|Wish|p2a: Umbreon\n|\n|-weather|Sandstorm|[upkeep]\n|-damage|p2a: Umbreon|52\/100|[from] Sandstorm\n|upkeep\n|turn|15\n|\n|t:|1700464159\n|switch|p2a: Rotom|Rotom-Wash|49\/100\n|-damage|p2a: Rotom|37\/100|[from] Stealth Rock\n|move|p1a: Scizor|U-turn|p2a: Rotom\n|-damage|p2a: Rotom|6\/100\n|\n|t:|1700464163\n|switch|p1a: Excadrill|Excadrill, F|78\/100 brn|[from] U-turn\n|-ability|p1a: Excadrill|Mold Breaker\n|\n|-weather|none\n|-heal|p2a: Rotom|88\/100|[from] move: Wish|[wisher] Umbreon\n|-damage|p1a: Excadrill|72\/100 brn|[from] brn\n|upkeep\n|turn|16\n|\n|t:|1700464174\n|switch|p1a: Toxapex|Toxapex, M|100\/100 brn\n|move|p2a: Rotom|Defog|p1a: Toxapex\n|-unboost|p1a: Toxapex|evasion|1\n|-sideend|p2: Smackey_5|Stealth Rock|[from] move: Defog|[of] p2a: Rotom\n|\n|-damage|p1a: Toxapex|94\/100 brn|[from] brn\n|upkeep\n|turn|17\n|\n|t:|1700464182\n|move|p2a: Rotom|Volt Switch|p1a: Toxapex\n|-supereffective|p1a: Toxapex\n|-damage|p1a: Toxapex|45\/100 brn\n|\n|t:|1700464191\n|switch|p2a: Charizard|Charizard-Mega-Y, M|94\/100|[from] Volt Switch\n|-weather|SunnyDay|[from] ability: Drought|[of] p2a: Charizard\n|move|p1a: Toxapex|Toxic|p2a: Charizard\n|-status|p2a: Charizard|tox\n|\n|-weather|SunnyDay|[upkeep]\n|-heal|p1a: Toxapex|51\/100 brn|[from] item: Leftovers\n|-damage|p2a: Charizard|88\/100 tox|[from] psn\n|-damage|p1a: Toxapex|45\/100 brn|[from] brn\n|-sideend|p2: Smackey_5|Reflect\n|upkeep\n|turn|18\n|\n|t:|1700464202\n|switch|p1a: Tyranitar|Tyranitar, M|100\/100\n|-weather|Sandstorm|[from] ability: Sand Stream|[of] p1a: Tyranitar\n|move|p2a: Charizard|Weather Ball|p1a: Tyranitar\n|-damage|p1a: Tyranitar|74\/100\n|\n|-weather|Sandstorm|[upkeep]\n|-damage|p2a: Charizard|82\/100 tox|[from] Sandstorm\n|-heal|p1a: Tyranitar|80\/100|[from] item: Leftovers\n|-damage|p2a: Charizard|70\/100 tox|[from] psn\n|upkeep\n|turn|19\n|\n|t:|1700464213\n|switch|p2a: Umbreon|Umbreon, M|52\/100\n|switch|p1a: Toxapex|Toxapex, M|78\/100 brn\n|\n|-weather|Sandstorm|[upkeep]\n|-damage|p2a: Umbreon|45\/100|[from] Sandstorm\n|-damage|p1a: Toxapex|72\/100 brn|[from] Sandstorm\n|-heal|p1a: Toxapex|78\/100 brn|[from] item: Leftovers\n|-damage|p1a: Toxapex|72\/100 brn|[from] brn\n|upkeep\n|turn|20\n|\n|t:|1700464225\n|switch|p1a: Scizor|Scizor, F|100\/100\n|move|p2a: Umbreon|Wish|p2a: Umbreon\n|\n|-weather|Sandstorm|[upkeep]\n|-damage|p2a: Umbreon|39\/100|[from] Sandstorm\n|upkeep\n|turn|21\n|\n|t:|1700464233\n|switch|p2a: Charizard|Charizard-Mega-Y, M|70\/100 tox\n|-weather|SunnyDay|[from] ability: Drought|[of] p2a: Charizard\n|move|p1a: Scizor|U-turn|p2a: Charizard\n|-resisted|p2a: Charizard\n|-damage|p2a: Charizard|52\/100 tox\n|\n|t:|1700464235\n|switch|p1a: Tyranitar|Tyranitar, M|80\/100|[from] U-turn\n|-weather|Sandstorm|[from] ability: Sand Stream|[of] p1a: Tyranitar\n|\n|-weather|Sandstorm|[upkeep]\n|-damage|p2a: Charizard|46\/100 tox|[from] Sandstorm\n|-heal|p2a: Charizard|100\/100 tox|[from] move: Wish|[wisher] Umbreon\n|-heal|p1a: Tyranitar|87\/100|[from] item: Leftovers\n|-damage|p2a: Charizard|94\/100 tox|[from] psn\n|upkeep\n|turn|22\n|\n|t:|1700464248\n|switch|p2a: Umbreon|Umbreon, M|39\/100\n|switch|p1a: Toxapex|Toxapex, M|100\/100 brn\n|\n|-weather|Sandstorm|[upkeep]\n|-damage|p2a: Umbreon|33\/100|[from] Sandstorm\n|-damage|p1a: Toxapex|94\/100 brn|[from] Sandstorm\n|-heal|p1a: Toxapex|100\/100 brn|[from] item: Leftovers\n|-damage|p1a: Toxapex|94\/100 brn|[from] brn\n|upkeep\n|turn|23\n|\n|t:|1700464258\n|switch|p1a: Ogerpon|Ogerpon-Wellspring, F|100\/100\n|move|p2a: Umbreon|Foul Play|p1a: Ogerpon\n|-damage|p1a: Ogerpon|41\/100\n|\n|-weather|Sandstorm|[upkeep]\n|-damage|p1a: Ogerpon|35\/100|[from] Sandstorm\n|-damage|p2a: Umbreon|27\/100|[from] Sandstorm\n|upkeep\n|turn|24\n|\n|t:|1700464266\n|move|p1a: Ogerpon|Horn Leech|p2a: Umbreon\n|-damage|p2a: Umbreon|0 fnt\n|-heal|p1a: Ogerpon|53\/100|[from] drain|[of] p2a: Umbreon\n|faint|p2a: Umbreon\n|\n|-weather|Sandstorm|[upkeep]\n|-damage|p1a: Ogerpon|47\/100|[from] Sandstorm\n|upkeep\n|\n|t:|1700464276\n|switch|p2a: Charizard|Charizard-Mega-Y, M|94\/100 tox\n|-weather|SunnyDay|[from] ability: Drought|[of] p2a: Charizard\n|turn|25\n|\n|t:|1700464290\n|switch|p1a: Toxapex|Toxapex, M|100\/100 brn\n|move|p2a: Charizard|Focus Blast|p1a: Toxapex\n|-resisted|p1a: Toxapex\n|-damage|p1a: Toxapex|80\/100 brn\n|\n|-weather|SunnyDay|[upkeep]\n|-heal|p1a: Toxapex|86\/100 brn|[from] item: Leftovers\n|-damage|p2a: Charizard|88\/100 tox|[from] psn\n|-damage|p1a: Toxapex|80\/100 brn|[from] brn\n|upkeep\n|turn|26\n|\n|t:|1700464300\n|move|p2a: Charizard|Weather Ball|p1a: Toxapex\n|-resisted|p1a: Toxapex\n|-damage|p1a: Toxapex|36\/100 brn\n|move|p1a: Toxapex|Recover|p1a: Toxapex\n|-heal|p1a: Toxapex|86\/100 brn\n|\n|-weather|SunnyDay|[upkeep]\n|-heal|p1a: Toxapex|93\/100 brn|[from] item: Leftovers\n|-damage|p2a: Charizard|76\/100 tox|[from] psn\n|-damage|p1a: Toxapex|86\/100 brn|[from] brn\n|upkeep\n|turn|27\n|\n|t:|1700464310\n|switch|p2a: Rotom|Rotom-Wash|88\/100\n|move|p1a: Toxapex|Knock Off|p2a: Rotom\n|-damage|p2a: Rotom|83\/100\n|\n|-weather|SunnyDay|[upkeep]\n|-heal|p1a: Toxapex|93\/100 brn|[from] item: Leftovers\n|-damage|p1a: Toxapex|86\/100 brn|[from] brn\n|upkeep\n|turn|28\n|\n|t:|1700464320\n|move|p2a: Rotom|Volt Switch|p1a: Toxapex\n|-supereffective|p1a: Toxapex\n|-damage|p1a: Toxapex|42\/100 brn\n|\n|t:|1700464324\n|switch|p2a: Charizard|Charizard-Mega-Y, M|76\/100 tox|[from] Volt Switch\n|move|p1a: Toxapex|Toxic|p2a: Charizard\n|-fail|p2a: Charizard|tox\n|\n|-weather|SunnyDay|[upkeep]\n|-heal|p1a: Toxapex|49\/100 brn|[from] item: Leftovers\n|-damage|p2a: Charizard|70\/100 tox|[from] psn\n|-damage|p1a: Toxapex|42\/100 brn|[from] brn\n|upkeep\n|turn|29\n|\n|t:|1700464343\n|switch|p1a: Excadrill|Excadrill, F|72\/100 brn\n|-ability|p1a: Excadrill|Mold Breaker\n|move|p2a: Charizard|Weather Ball|p1a: Excadrill\n|-supereffective|p1a: Excadrill\n|-damage|p1a: Excadrill|0 fnt\n|faint|p1a: Excadrill\n|\n|-weather|none\n|-damage|p2a: Charizard|58\/100 tox|[from] psn\n|upkeep\n|\n|t:|1700464350\n|switch|p1a: Tyranitar|Tyranitar, M|87\/100\n|-weather|Sandstorm|[from] ability: Sand Stream|[of] p1a: Tyranitar\n|turn|30\n|\n|t:|1700464357\n|move|p2a: Charizard|Roost|p2a: Charizard\n|-heal|p2a: Charizard|100\/100 tox\n|-singleturn|p2a: Charizard|move: Roost\n|move|p1a: Tyranitar|Stealth Rock|p2a: Charizard\n|-sidestart|p2: Smackey_5|move: Stealth Rock\n|\n|-weather|Sandstorm|[upkeep]\n|-damage|p2a: Charizard|94\/100 tox|[from] Sandstorm\n|-heal|p1a: Tyranitar|93\/100|[from] item: Leftovers\n|-damage|p2a: Charizard|76\/100 tox|[from] psn\n|upkeep\n|turn|31\n|\n|t:|1700464367\n|switch|p2a: Rotom|Rotom-Wash|83\/100\n|-damage|p2a: Rotom|70\/100|[from] Stealth Rock\n|switch|p1a: Toxapex|Toxapex, M|75\/100 brn\n|\n|-weather|Sandstorm|[upkeep]\n|-damage|p2a: Rotom|64\/100|[from] Sandstorm\n|-damage|p1a: Toxapex|69\/100 brn|[from] Sandstorm\n|-heal|p1a: Toxapex|75\/100 brn|[from] item: Leftovers\n|-damage|p1a: Toxapex|69\/100 brn|[from] brn\n|upkeep\n|turn|32\n|\n|t:|1700464386\n|switch|p1a: Rotom|Rotom-Heat|100\/100\n|move|p2a: Rotom|Defog|p1a: Rotom\n|-unboost|p1a: Rotom|evasion|1\n|-sideend|p2: Smackey_5|Stealth Rock|[from] move: Defog|[of] p2a: Rotom\n|\n|-weather|Sandstorm|[upkeep]\n|-damage|p1a: Rotom|95\/100|[from] Sandstorm\n|-damage|p2a: Rotom|58\/100|[from] Sandstorm\n|upkeep\n|turn|33\n|\n|t:|1700464401\n|switch|p2a: Kommo-o|Kommo-o, M|100\/100\n|move|p1a: Rotom|Volt Switch|p2a: Kommo-o\n|-resisted|p2a: Kommo-o\n|-damage|p2a: Kommo-o|79\/100\n|\n|t:|1700464403\n|switch|p1a: Toxapex|Toxapex, M|100\/100 brn|[from] Volt Switch\n|\n|-weather|Sandstorm|[upkeep]\n|-damage|p1a: Toxapex|94\/100 brn|[from] Sandstorm\n|-heal|p1a: Toxapex|100\/100 brn|[from] item: Leftovers\n|-damage|p1a: Toxapex|94\/100 brn|[from] brn\n|upkeep\n|turn|34\n|\n|t:|1700464420\n|switch|p2a: Charizard|Charizard-Mega-Y, M|76\/100 tox\n|-weather|SunnyDay|[from] ability: Drought|[of] p2a: Charizard\n|move|p1a: Toxapex|Toxic|p2a: Charizard\n|-fail|p2a: Charizard|tox\n|\n|-weather|SunnyDay|[upkeep]\n|-heal|p1a: Toxapex|100\/100 brn|[from] item: Leftovers\n|-damage|p2a: Charizard|70\/100 tox|[from] psn\n|-damage|p1a: Toxapex|94\/100 brn|[from] brn\n|upkeep\n|turn|35\n|\n|t:|1700464443\n|move|p2a: Charizard|Weather Ball|p1a: Toxapex\n|-resisted|p1a: Toxapex\n|-damage|p1a: Toxapex|54\/100 brn\n|move|p1a: Toxapex|Recover|p1a: Toxapex\n|-heal|p1a: Toxapex|100\/100 brn\n|\n|-weather|SunnyDay|[upkeep]\n|-damage|p2a: Charizard|58\/100 tox|[from] psn\n|-damage|p1a: Toxapex|94\/100 brn|[from] brn\n|upkeep\n|turn|36\n|\n|t:|1700464452\n|move|p2a: Charizard|Roost|p2a: Charizard\n|-heal|p2a: Charizard|100\/100 tox\n|-singleturn|p2a: Charizard|move: Roost\n|move|p1a: Toxapex|Knock Off|p2a: Charizard\n|-damage|p2a: Charizard|94\/100 tox\n|\n|-weather|SunnyDay|[upkeep]\n|-heal|p1a: Toxapex|100\/100 brn|[from] item: Leftovers\n|-damage|p2a: Charizard|76\/100 tox|[from] psn\n|-damage|p1a: Toxapex|94\/100 brn|[from] brn\n|upkeep\n|turn|37\n|\n|t:|1700464463\n|switch|p2a: Rotom|Rotom-Wash|58\/100\n|move|p1a: Toxapex|Recover|p1a: Toxapex\n|-heal|p1a: Toxapex|100\/100 brn\n|\n|-weather|SunnyDay|[upkeep]\n|-damage|p1a: Toxapex|94\/100 brn|[from] brn\n|upkeep\n|turn|38\n|\n|t:|1700464472\n|switch|p1a: Rotom|Rotom-Heat|95\/100\n|move|p2a: Rotom|Volt Switch|p1a: Rotom\n|-resisted|p1a: Rotom\n|-damage|p1a: Rotom|78\/100\n|\n|t:|1700464504\n|switch|p2a: Cresselia|Cresselia, F|100\/100|[from] Volt Switch\n|\n|-weather|none\n|upkeep\n|turn|39\n|\n|t:|1700464511\n|move|p1a: Rotom|Volt Switch|p2a: Cresselia\n|-damage|p2a: Cresselia|77\/100\n|\n|t:|1700464514\n|switch|p1a: Toxapex|Toxapex, M|100\/100 brn|[from] Volt Switch\n|move|p2a: Cresselia|Calm Mind|p2a: Cresselia\n|-boost|p2a: Cresselia|spa|1\n|-boost|p2a: Cresselia|spd|1\n|\n|-heal|p2a: Cresselia|83\/100|[from] item: Leftovers\n|-damage|p1a: Toxapex|94\/100 brn|[from] brn\n|upkeep\n|turn|40\n|\n|t:|1700464522\n|move|p2a: Cresselia|Substitute|p2a: Cresselia\n|-start|p2a: Cresselia|Substitute\n|-damage|p2a: Cresselia|58\/100\n|move|p1a: Toxapex|Toxic||[still]\n|-fail|p1a: Toxapex\n|\n|-heal|p2a: Cresselia|64\/100|[from] item: Leftovers\n|-heal|p1a: Toxapex|100\/100 brn|[from] item: Leftovers\n|-damage|p1a: Toxapex|94\/100 brn|[from] brn\n|upkeep\n|turn|41\n|\n|t:|1700464530\n|move|p2a: Cresselia|Stored Power|p1a: Toxapex\n|-supereffective|p1a: Toxapex\n|-damage|p1a: Toxapex|55\/100 brn\n|move|p1a: Toxapex|Haze|p1a: Toxapex\n|-clearallboost\n|\n|-heal|p2a: Cresselia|70\/100|[from] item: Leftovers\n|-heal|p1a: Toxapex|61\/100 brn|[from] item: Leftovers\n|-damage|p1a: Toxapex|55\/100 brn|[from] brn\n|upkeep\n|turn|42\n|\n|t:|1700464540\n|move|p2a: Cresselia|Calm Mind|p2a: Cresselia\n|-boost|p2a: Cresselia|spa|1\n|-boost|p2a: Cresselia|spd|1\n|move|p1a: Toxapex|Recover|p1a: Toxapex\n|-heal|p1a: Toxapex|100\/100 brn\n|\n|-heal|p2a: Cresselia|76\/100|[from] item: Leftovers\n|-damage|p1a: Toxapex|94\/100 brn|[from] brn\n|upkeep\n|turn|43\n|\n|t:|1700464548\n|move|p2a: Cresselia|Stored Power|p1a: Toxapex\n|-supereffective|p1a: Toxapex\n|-damage|p1a: Toxapex|54\/100 brn\n|move|p1a: Toxapex|Haze|p1a: Toxapex\n|-clearallboost\n|\n|-heal|p2a: Cresselia|82\/100|[from] item: Leftovers\n|-heal|p1a: Toxapex|60\/100 brn|[from] item: Leftovers\n|-damage|p1a: Toxapex|54\/100 brn|[from] brn\n|upkeep\n|turn|44\n|\n|t:|1700464560\n|-terastallize|p1a: Toxapex|Flying\n|move|p2a: Cresselia|Calm Mind|p2a: Cresselia\n|-boost|p2a: Cresselia|spa|1\n|-boost|p2a: Cresselia|spd|1\n|move|p1a: Toxapex|Recover|p1a: Toxapex\n|-heal|p1a: Toxapex|100\/100 brn\n|\n|-heal|p2a: Cresselia|88\/100|[from] item: Leftovers\n|-damage|p1a: Toxapex|94\/100 brn|[from] brn\n|upkeep\n|turn|45\n|\n|t:|1700464571\n|move|p2a: Cresselia|Stored Power|p1a: Toxapex\n|-crit|p1a: Toxapex\n|-damage|p1a: Toxapex|65\/100 brn\n|move|p1a: Toxapex|Haze|p1a: Toxapex\n|-clearallboost\n|\n|-heal|p2a: Cresselia|94\/100|[from] item: Leftovers\n|-heal|p1a: Toxapex|71\/100 brn|[from] item: Leftovers\n|-damage|p1a: Toxapex|65\/100 brn|[from] brn\n|upkeep\n|turn|46\n|\n|t:|1700464580\n|move|p2a: Cresselia|Calm Mind|p2a: Cresselia\n|-boost|p2a: Cresselia|spa|1\n|-boost|p2a: Cresselia|spd|1\n|move|p1a: Toxapex|Knock Off|p2a: Cresselia\n|-supereffective|p2a: Cresselia\n|-activate|p2a: Cresselia|move: Substitute|[damage]\n|\n|-heal|p2a: Cresselia|100\/100|[from] item: Leftovers\n|-heal|p1a: Toxapex|71\/100 brn|[from] item: Leftovers\n|-damage|p1a: Toxapex|65\/100 brn|[from] brn\n|upkeep\n|turn|47\n|\n|t:|1700464591\n|move|p2a: Cresselia|Stored Power|p1a: Toxapex\n|-damage|p1a: Toxapex|46\/100 brn\n|move|p1a: Toxapex|Haze|p1a: Toxapex\n|-clearallboost\n|\n|-heal|p1a: Toxapex|52\/100 brn|[from] item: Leftovers\n|-damage|p1a: Toxapex|46\/100 brn|[from] brn\n|upkeep\n|turn|48\n|\n|t:|1700464599\n|move|p2a: Cresselia|Calm Mind|p2a: Cresselia\n|-boost|p2a: Cresselia|spa|1\n|-boost|p2a: Cresselia|spd|1\n|move|p1a: Toxapex|Recover|p1a: Toxapex\n|-heal|p1a: Toxapex|96\/100 brn\n|\n|-heal|p1a: Toxapex|100\/100 brn|[from] item: Leftovers\n|-damage|p1a: Toxapex|94\/100 brn|[from] brn\n|upkeep\n|turn|49\n|\n|t:|1700464609\n|move|p2a: Cresselia|Stored Power|p1a: Toxapex\n|-damage|p1a: Toxapex|75\/100 brn\n|move|p1a: Toxapex|Haze|p1a: Toxapex\n|-clearallboost\n|\n|-heal|p1a: Toxapex|81\/100 brn|[from] item: Leftovers\n|-damage|p1a: Toxapex|75\/100 brn|[from] brn\n|upkeep\n|turn|50\n|\n|t:|1700464618\n|move|p2a: Cresselia|Calm Mind|p2a: Cresselia\n|-boost|p2a: Cresselia|spa|1\n|-boost|p2a: Cresselia|spd|1\n|move|p1a: Toxapex|Knock Off|p2a: Cresselia\n|-supereffective|p2a: Cresselia\n|-activate|p2a: Cresselia|move: Substitute|[damage]\n|\n|-heal|p1a: Toxapex|81\/100 brn|[from] item: Leftovers\n|-damage|p1a: Toxapex|75\/100 brn|[from] brn\n|upkeep\n|turn|51\n|\n|t:|1700464627\n|move|p2a: Cresselia|Stored Power|p1a: Toxapex\n|-damage|p1a: Toxapex|54\/100 brn\n|move|p1a: Toxapex|Haze|p1a: Toxapex\n|-clearallboost\n|\n|-heal|p1a: Toxapex|60\/100 brn|[from] item: Leftovers\n|-damage|p1a: Toxapex|54\/100 brn|[from] brn\n|upkeep\n|turn|52\n|\n|t:|1700464635\n|move|p2a: Cresselia|Calm Mind|p2a: Cresselia\n|-boost|p2a: Cresselia|spa|1\n|-boost|p2a: Cresselia|spd|1\n|move|p1a: Toxapex|Knock Off|p2a: Cresselia\n|-supereffective|p2a: Cresselia\n|-activate|p2a: Cresselia|move: Substitute|[damage]\n|\n|-heal|p1a: Toxapex|60\/100 brn|[from] item: Leftovers\n|-damage|p1a: Toxapex|54\/100 brn|[from] brn\n|upkeep\n|turn|53\n|\n|t:|1700464644\n|move|p2a: Cresselia|Stored Power|p1a: Toxapex\n|-damage|p1a: Toxapex|33\/100 brn\n|move|p1a: Toxapex|Haze|p1a: Toxapex\n|-clearallboost\n|\n|-heal|p1a: Toxapex|39\/100 brn|[from] item: Leftovers\n|-damage|p1a: Toxapex|33\/100 brn|[from] brn\n|upkeep\n|turn|54\n|\n|t:|1700464655\n|switch|p1a: Rotom|Rotom-Heat|78\/100\n|move|p2a: Cresselia|Calm Mind|p2a: Cresselia\n|-boost|p2a: Cresselia|spa|1\n|-boost|p2a: Cresselia|spd|1\n|\n|upkeep\n|turn|55\n|\n|t:|1700464662\n|move|p1a: Rotom|Volt Switch|p2a: Cresselia\n|-end|p2a: Cresselia|Substitute\n|\n|t:|1700464664\n|switch|p1a: Toxapex|Toxapex, M, tera:Flying|66\/100 brn|[from] Volt Switch\n|move|p2a: Cresselia|Substitute|p2a: Cresselia\n|-start|p2a: Cresselia|Substitute\n|-damage|p2a: Cresselia|75\/100\n|\n|-heal|p2a: Cresselia|82\/100|[from] item: Leftovers\n|-heal|p1a: Toxapex|72\/100 brn|[from] item: Leftovers\n|-damage|p1a: Toxapex|66\/100 brn|[from] brn\n|upkeep\n|turn|56\n|\n|t:|1700464674\n|move|p2a: Cresselia|Stored Power|p1a: Toxapex\n|-damage|p1a: Toxapex|45\/100 brn\n|move|p1a: Toxapex|Haze|p1a: Toxapex\n|-clearallboost\n|\n|-heal|p2a: Cresselia|88\/100|[from] item: Leftovers\n|-heal|p1a: Toxapex|51\/100 brn|[from] item: Leftovers\n|-damage|p1a: Toxapex|45\/100 brn|[from] brn\n|upkeep\n|turn|57\n|\n|t:|1700464685\n|switch|p1a: Rotom|Rotom-Heat|78\/100\n|move|p2a: Cresselia|Calm Mind|p2a: Cresselia\n|-boost|p2a: Cresselia|spa|1\n|-boost|p2a: Cresselia|spd|1\n|\n|-heal|p2a: Cresselia|94\/100|[from] item: Leftovers\n|upkeep\n|turn|58\n|\n|t:|1700464692\n|move|p1a: Rotom|Volt Switch|p2a: Cresselia\n|-activate|p2a: Cresselia|move: Substitute|[damage]\n|\n|t:|1700464695\n|switch|p1a: Toxapex|Toxapex, M, tera:Flying|78\/100 brn|[from] Volt Switch\n|move|p2a: Cresselia|Calm Mind|p2a: Cresselia\n|-boost|p2a: Cresselia|spa|1\n|-boost|p2a: Cresselia|spd|1\n|\n|-heal|p2a: Cresselia|99\/100|[from] item: Leftovers\n|-heal|p1a: Toxapex|85\/100 brn|[from] item: Leftovers\n|-damage|p1a: Toxapex|78\/100 brn|[from] brn\n|upkeep\n|turn|59\n|\n|t:|1700464704\n|move|p2a: Cresselia|Stored Power|p1a: Toxapex\n|-damage|p1a: Toxapex|34\/100 brn\n|move|p1a: Toxapex|Haze|p1a: Toxapex\n|-clearallboost\n|\n|-heal|p2a: Cresselia|100\/100|[from] item: Leftovers\n|-heal|p1a: Toxapex|40\/100 brn|[from] item: Leftovers\n|-damage|p1a: Toxapex|34\/100 brn|[from] brn\n|upkeep\n|turn|60\n|\n|t:|1700464715\n|switch|p1a: Rotom|Rotom-Heat|78\/100\n|move|p2a: Cresselia|Calm Mind|p2a: Cresselia\n|-boost|p2a: Cresselia|spa|1\n|-boost|p2a: Cresselia|spd|1\n|\n|upkeep\n|turn|61\n|l| Lunar Sloth\n|\n|t:|1700464731\n|move|p1a: Rotom|Volt Switch|p2a: Cresselia\n|-end|p2a: Cresselia|Substitute\n|\n|t:|1700464735\n|switch|p1a: Toxapex|Toxapex, M, tera:Flying|67\/100 brn|[from] Volt Switch\n|move|p2a: Cresselia|Stored Power|p1a: Toxapex\n|-damage|p1a: Toxapex|46\/100 brn\n|\n|-heal|p1a: Toxapex|52\/100 brn|[from] item: Leftovers\n|-damage|p1a: Toxapex|46\/100 brn|[from] brn\n|upkeep\n|turn|62\n|\n|t:|1700464742\n|move|p2a: Cresselia|Substitute|p2a: Cresselia\n|-start|p2a: Cresselia|Substitute\n|-damage|p2a: Cresselia|75\/100\n|move|p1a: Toxapex|Haze|p1a: Toxapex\n|-clearallboost\n|\n|-heal|p2a: Cresselia|82\/100|[from] item: Leftovers\n|-heal|p1a: Toxapex|52\/100 brn|[from] item: Leftovers\n|-damage|p1a: Toxapex|46\/100 brn|[from] brn\n|upkeep\n|turn|63\n|\n|t:|1700464751\n|switch|p1a: Rotom|Rotom-Heat|78\/100\n|move|p2a: Cresselia|Calm Mind|p2a: Cresselia\n|-boost|p2a: Cresselia|spa|1\n|-boost|p2a: Cresselia|spd|1\n|\n|-heal|p2a: Cresselia|88\/100|[from] item: Leftovers\n|upkeep\n|turn|64\n|\n|t:|1700464768\n|move|p1a: Rotom|Volt Switch|p2a: Cresselia\n|-activate|p2a: Cresselia|move: Substitute|[damage]\n|\n|t:|1700464771\n|switch|p1a: Toxapex|Toxapex, M, tera:Flying|79\/100 brn|[from] Volt Switch\n|move|p2a: Cresselia|Calm Mind|p2a: Cresselia\n|-boost|p2a: Cresselia|spa|1\n|-boost|p2a: Cresselia|spd|1\n|\n|-heal|p2a: Cresselia|94\/100|[from] item: Leftovers\n|-heal|p1a: Toxapex|86\/100 brn|[from] item: Leftovers\n|-damage|p1a: Toxapex|79\/100 brn|[from] brn\n|upkeep\n|turn|65\n|\n|t:|1700464780\n|move|p2a: Cresselia|Stored Power|p1a: Toxapex\n|-damage|p1a: Toxapex|36\/100 brn\n|move|p1a: Toxapex|Haze|p1a: Toxapex\n|-clearallboost\n|\n|-heal|p2a: Cresselia|99\/100|[from] item: Leftovers\n|-heal|p1a: Toxapex|42\/100 brn|[from] item: Leftovers\n|-damage|p1a: Toxapex|36\/100 brn|[from] brn\n|upkeep\n|turn|66\n|\n|t:|1700464795\n|switch|p1a: Rotom|Rotom-Heat|78\/100\n|move|p2a: Cresselia|Calm Mind|p2a: Cresselia\n|-boost|p2a: Cresselia|spa|1\n|-boost|p2a: Cresselia|spd|1\n|\n|-heal|p2a: Cresselia|100\/100|[from] item: Leftovers\n|upkeep\n|turn|67\n|\n|t:|1700464803\n|move|p1a: Rotom|Volt Switch|p2a: Cresselia\n|-end|p2a: Cresselia|Substitute\n|\n|t:|1700464807\n|switch|p1a: Toxapex|Toxapex, M, tera:Flying|69\/100 brn|[from] Volt Switch\n|move|p2a: Cresselia|Calm Mind|p2a: Cresselia\n|-boost|p2a: Cresselia|spa|1\n|-boost|p2a: Cresselia|spd|1\n|\n|-heal|p1a: Toxapex|75\/100 brn|[from] item: Leftovers\n|-damage|p1a: Toxapex|69\/100 brn|[from] brn\n|upkeep\n|turn|68\n|\n|t:|1700464815\n|move|p2a: Cresselia|Stored Power|p1a: Toxapex\n|-damage|p1a: Toxapex|24\/100 brn\n|move|p1a: Toxapex|Haze|p1a: Toxapex\n|-clearallboost\n|\n|-heal|p1a: Toxapex|30\/100 brn|[from] item: Leftovers\n|-damage|p1a: Toxapex|24\/100 brn|[from] brn\n|upkeep\n|turn|69\n|\n|t:|1700464826\n|switch|p2a: Charizard|Charizard-Mega-Y, M|76\/100 tox\n|-weather|SunnyDay|[from] ability: Drought|[of] p2a: Charizard\n|move|p1a: Toxapex|Toxic|p2a: Charizard\n|-fail|p2a: Charizard|tox\n|\n|-weather|SunnyDay|[upkeep]\n|-heal|p1a: Toxapex|30\/100 brn|[from] item: Leftovers\n|-damage|p2a: Charizard|70\/100 tox|[from] psn\n|-damage|p1a: Toxapex|24\/100 brn|[from] brn\n|upkeep\n|turn|70\n|\n|t:|1700464845\n|switch|p1a: Scizor|Scizor, F|100\/100\n|move|p2a: Charizard|Weather Ball|p1a: Scizor\n|-supereffective|p1a: Scizor\n|-damage|p1a: Scizor|0 fnt\n|faint|p1a: Scizor\n|\n|-weather|SunnyDay|[upkeep]\n|-damage|p2a: Charizard|58\/100 tox|[from] psn\n|upkeep\n|\n|t:|1700464848\n|switch|p1a: Tyranitar|Tyranitar, M|93\/100\n|-weather|Sandstorm|[from] ability: Sand Stream|[of] p1a: Tyranitar\n|turn|71\n|\n|t:|1700464866\n|move|p2a: Charizard|Focus Blast|p1a: Tyranitar\n|-supereffective|p1a: Tyranitar\n|-damage|p1a: Tyranitar|0 fnt\n|faint|p1a: Tyranitar\n|\n|-weather|Sandstorm|[upkeep]\n|-damage|p2a: Charizard|51\/100 tox|[from] Sandstorm\n|-damage|p2a: Charizard|33\/100 tox|[from] psn\n|upkeep\n|\n|t:|1700464869\n|switch|p1a: Rotom|Rotom-Heat|78\/100\n|turn|72\n|\n|t:|1700464879\n|move|p1a: Rotom|Volt Switch|p2a: Charizard\n|-supereffective|p2a: Charizard\n|-damage|p2a: Charizard|0 fnt\n|faint|p2a: Charizard\n|\n|t:|1700464883\n|switch|p1a: Toxapex|Toxapex, M, tera:Flying|57\/100 brn|[from] Volt Switch\n|\n|-weather|Sandstorm|[upkeep]\n|-damage|p1a: Toxapex|51\/100 brn|[from] Sandstorm\n|-heal|p1a: Toxapex|57\/100 brn|[from] item: Leftovers\n|-damage|p1a: Toxapex|51\/100 brn|[from] brn\n|upkeep\n|\n|t:|1700464892\n|switch|p2a: Kommo-o|Kommo-o, M|79\/100\n|turn|73\n|\n|t:|1700464897\n|-zpower|p2a: Kommo-o\n|move|p2a: Kommo-o|Clangorous Soulblaze|p1a: Toxapex|[zeffect]\n|-damage|p1a: Toxapex|0 fnt\n|faint|p1a: Toxapex\n|-boost|p2a: Kommo-o|atk|1\n|-boost|p2a: Kommo-o|def|1\n|-boost|p2a: Kommo-o|spa|1\n|-boost|p2a: Kommo-o|spd|1\n|-boost|p2a: Kommo-o|spe|1\n|\n|-weather|Sandstorm|[upkeep]\n|upkeep\n|\n|t:|1700464912\n|switch|p1a: Rotom|Rotom-Heat|78\/100\n|turn|74\n|\n|t:|1700464917\n|move|p2a: Kommo-o|Drain Punch|p1a: Rotom\n|-damage|p1a: Rotom|21\/100\n|-heal|p2a: Kommo-o|100\/100|[from] drain|[of] p1a: Rotom\n|move|p1a: Rotom|Will-O-Wisp|p2a: Kommo-o\n|-status|p2a: Kommo-o|brn\n|\n|-weather|Sandstorm|[upkeep]\n|-damage|p1a: Rotom|15\/100|[from] Sandstorm\n|-damage|p2a: Kommo-o|94\/100 brn|[from] brn\n|upkeep\n|turn|75\n|\n|t:|1700464925\n|move|p2a: Kommo-o|Drain Punch|p1a: Rotom\n|-damage|p1a: Rotom|0 fnt\n|-heal|p2a: Kommo-o|100\/100 brn|[from] drain|[of] p1a: Rotom\n|faint|p1a: Rotom\n|\n|-weather|none\n|-damage|p2a: Kommo-o|94\/100 brn|[from] brn\n|upkeep\n|\n|t:|1700464926\n|switch|p1a: Ogerpon|Ogerpon-Wellspring, F|47\/100\n|turn|76\n|\n|t:|1700464934\n|move|p2a: Kommo-o|Drain Punch|p1a: Ogerpon\n|-damage|p1a: Ogerpon|12\/100\n|-heal|p2a: Kommo-o|100\/100 brn|[from] drain|[of] p1a: Ogerpon\n|move|p1a: Ogerpon|Horn Leech|p2a: Kommo-o\n|-resisted|p2a: Kommo-o\n|-damage|p2a: Kommo-o|86\/100 brn\n|-heal|p1a: Ogerpon|19\/100|[from] drain|[of] p2a: Kommo-o\n|\n|-damage|p2a: Kommo-o|80\/100 brn|[from] brn\n|upkeep\n|turn|77\n|\n|t:|1700464943\n|move|p2a: Kommo-o|Drain Punch|p1a: Ogerpon\n|-damage|p1a: Ogerpon|0 fnt\n|-heal|p2a: Kommo-o|90\/100 brn|[from] drain|[of] p1a: Ogerpon\n|faint|p1a: Ogerpon\n|\n|win|Smackey_5\n","uploadtime":1700464962,"views":4,"p1id":"m444rf","p2id":"smackey5","formatid":"gen9nationaldexubers","rating":0,"private":0,"password":""}