{"id":"gen9nationaldexubers-1983864873","p1":"Inky-S","p2":"VVolfa","format":"[Gen 9] National Dex Ubers","log":"|j|\u2606Inky-S\n|j|\u2606VVolfa\n|t:|1699193533\n|gametype|singles\n|player|p1|Inky-S|hilda-wonderlauncher|1000\n|player|p2|VVolfa|cheren-gen5bw2|1000\n|teamsize|p1|6\n|teamsize|p2|6\n|gen|9\n|tier|[Gen 9] National Dex Ubers\n|rated|\n|rule|HP Percentage Mod: HP is shown in percentages\n|rule|Endless Battle Clause: Forcing endless battles is banned\n|rule|OHKO Clause: OHKO moves are banned\n|rule|Evasion Moves Clause: Evasion moves are banned\n|rule|Evasion Items Clause: Evasion items are banned\n|rule|Species Clause: Limit one of each Pok\u00e9mon\n|rule|Sleep Clause Mod: Limit one foe put to sleep\n|rule|Mega Rayquaza Clause: You cannot mega evolve Rayquaza\n|clearpoke\n|poke|p1|Azumarill, F|\n|poke|p1|Maractus, M|\n|poke|p1|Chandelure, M|\n|poke|p1|Galvantula, M|\n|poke|p1|Espeon, M|\n|poke|p1|Hydreigon, M|\n|poke|p2|Stoutland, M|\n|poke|p2|Cinccino, M|\n|poke|p2|Porygon-Z|\n|poke|p2|Bouffalant, M|\n|poke|p2|Unfezant, M|\n|poke|p2|Kangaskhan, F|\n|teampreview\n|\n|t:|1699193543\n|start\n|switch|p1a: Pudding|Espeon, M|100\/100\n|switch|p2a: Unfezant|Unfezant, M|100\/100\n|turn|1\n|\n|t:|1699193556\n|move|p1a: Pudding|Light Screen|p1a: Pudding\n|-sidestart|p1: Inky-S|move: Light Screen\n|move|p2a: Unfezant|U-turn|p1a: Pudding\n|-supereffective|p1a: Pudding\n|-damage|p1a: Pudding|36\/100\n|\n|t:|1699193563\n|switch|p2a: Cinccino|Cinccino, M|100\/100|[from] U-turn\n|\n|upkeep\n|turn|2\n|\n|t:|1699193568\n|move|p2a: Cinccino|Knock Off|p1a: Pudding\n|-supereffective|p1a: Pudding\n|-damage|p1a: Pudding|0 fnt\n|-enditem|p1a: Pudding|Twisted Spoon|[from] move: Knock Off|[of] p2a: Cinccino\n|faint|p1a: Pudding\n|\n|upkeep\n|\n|t:|1699193578\n|switch|p1a: Suri|Azumarill, F|100\/100\n|turn|3\n|\n|t:|1699193589\n|move|p2a: Cinccino|Knock Off|p1a: Suri\n|-resisted|p1a: Suri\n|-damage|p1a: Suri|79\/100\n|-enditem|p1a: Suri|Leftovers|[from] move: Knock Off|[of] p2a: Cinccino\n|move|p1a: Suri|Belly Drum|p1a: Suri\n|-damage|p1a: Suri|29\/100\n|-setboost|p1a: Suri|atk|6|[from] move: Belly Drum\n|\n|upkeep\n|turn|4\n|\n|t:|1699193602\n|move|p2a: Cinccino|Knock Off|p1a: Suri\n|-resisted|p1a: Suri\n|-damage|p1a: Suri|16\/100\n|move|p1a: Suri|Aqua Tail|p2a: Cinccino\n|-damage|p2a: Cinccino|0 fnt\n|faint|p2a: Cinccino\n|\n|upkeep\n|\n|t:|1699193624\n|switch|p2a: Kangaskhan|Kangaskhan, F|100\/100\n|turn|5\n|\n|t:|1699193630\n|move|p2a: Kangaskhan|Fake Out|p1a: Suri\n|-damage|p1a: Suri|0 fnt\n|faint|p1a: Suri\n|\n|-sideend|p1: Inky-S|move: Light Screen\n|upkeep\n|\n|t:|1699193648\n|switch|p1a: Dennis|Hydreigon, M|100\/100\n|turn|6\n|\n|t:|1699193668\n|detailschange|p2a: Kangaskhan|Kangaskhan-Mega, F\n|-mega|p2a: Kangaskhan|Kangaskhan|Kangaskhanite\n|move|p2a: Kangaskhan|Seismic Toss|p1a: Dennis\n|-damage|p1a: Dennis|70\/100\n|-damage|p1a: Dennis|39\/100\n|-hitcount|p1a: Dennis|2\n|move|p1a: Dennis|Dragon Tail|p2a: Kangaskhan\n|-damage|p2a: Kangaskhan|76\/100\n|drag|p2a: Porygon-Z|Porygon-Z|100\/100\n|\n|-heal|p1a: Dennis|45\/100|[from] item: Leftovers\n|upkeep\n|turn|7\n|\n|t:|1699193686\n|switch|p2a: Unfezant|Unfezant, M|100\/100\n|move|p1a: Dennis|Return|p2a: Unfezant\n|-damage|p2a: Unfezant|60\/100\n|\n|-heal|p1a: Dennis|51\/100|[from] item: Leftovers\n|upkeep\n|turn|8\n|\n|t:|1699193700\n|move|p1a: Dennis|Fire Fang|p2a: Unfezant\n|-crit|p2a: Unfezant\n|-damage|p2a: Unfezant|22\/100\n|move|p2a: Unfezant|U-turn|p1a: Dennis\n|-supereffective|p1a: Dennis\n|-damage|p1a: Dennis|0 fnt\n|faint|p1a: Dennis\n|\n|t:|1699193708\n|switch|p2a: Porygon-Z|Porygon-Z|100\/100|[from] U-turn\n|\n|upkeep\n|\n|t:|1699193721\n|switch|p1a: Lamp|Chandelure, M|100\/100\n|-item|p1a: Lamp|Air Balloon\n|turn|9\n|\n|t:|1699193732\n|-zpower|p2a: Porygon-Z\n|move|p2a: Porygon-Z|Z-Conversion|p2a: Porygon-Z|[anim]Conversion\n|-boost|p2a: Porygon-Z|atk|1|[zeffect]\n|-boost|p2a: Porygon-Z|def|1|[zeffect]\n|-boost|p2a: Porygon-Z|spa|1|[zeffect]\n|-boost|p2a: Porygon-Z|spd|1|[zeffect]\n|-boost|p2a: Porygon-Z|spe|1|[zeffect]\n|-start|p2a: Porygon-Z|typechange|Ghost\n|move|p1a: Lamp|Toxic|p2a: Porygon-Z\n|-status|p2a: Porygon-Z|tox\n|\n|-damage|p2a: Porygon-Z|94\/100 tox|[from] psn\n|upkeep\n|turn|10\n|\n|t:|1699193743\n|move|p2a: Porygon-Z|Shadow Ball|p1a: Lamp\n|-supereffective|p1a: Lamp\n|-crit|p1a: Lamp\n|-damage|p1a: Lamp|0 fnt\n|-enditem|p1a: Lamp|Air Balloon\n|faint|p1a: Lamp\n|\n|-damage|p2a: Porygon-Z|82\/100 tox|[from] psn\n|upkeep\n|\n|t:|1699193753\n|switch|p1a: Maki|Maractus, M|100\/100\n|turn|11\n|\n|t:|1699193760\n|move|p2a: Porygon-Z|Shadow Ball|p1a: Maki\n|-damage|p1a: Maki|30\/100\n|move|p1a: Maki|Leech Seed|p2a: Porygon-Z\n|-start|p2a: Porygon-Z|move: Leech Seed\n|\n|-damage|p2a: Porygon-Z|70\/100 tox|[from] Leech Seed|[of] p1a: Maki\n|-heal|p1a: Maki|41\/100|[silent]\n|-damage|p2a: Porygon-Z|52\/100 tox|[from] psn\n|upkeep\n|turn|12\n|\n|t:|1699193782\n|move|p1a: Maki|Spiky Shield|p1a: Maki\n|-singleturn|p1a: Maki|move: Protect\n|move|p2a: Porygon-Z|Shadow Ball|p1a: Maki\n|-activate|p1a: Maki|move: Protect\n|\n|-damage|p2a: Porygon-Z|39\/100 tox|[from] Leech Seed|[of] p1a: Maki\n|-heal|p1a: Maki|52\/100|[silent]\n|-damage|p2a: Porygon-Z|15\/100 tox|[from] psn\n|upkeep\n|turn|13\n|\n|t:|1699193797\n|switch|p1a: Volt|Galvantula, M|100\/100\n|move|p2a: Porygon-Z|Shadow Ball|p1a: Volt\n|-damage|p1a: Volt|0 fnt\n|faint|p1a: Volt\n|\n|-damage|p2a: Porygon-Z|0 fnt|[from] psn\n|faint|p2a: Porygon-Z\n|upkeep\n|\n|t:|1699193824\n|switch|p1a: Maki|Maractus, M|52\/100\n|switch|p2a: Kangaskhan|Kangaskhan-Mega, F|76\/100\n|turn|14\n|\n|t:|1699193832\n|move|p1a: Maki|Spiky Shield|p1a: Maki\n|-singleturn|p1a: Maki|move: Protect\n|move|p2a: Kangaskhan|Seismic Toss|p1a: Maki\n|-activate|p1a: Maki|move: Protect\n|-damage|p2a: Kangaskhan|63\/100|[from] Spiky Shield|[of] p1a: Maki\n|\n|upkeep\n|turn|15\n|\n|t:|1699193841\n|move|p2a: Kangaskhan|Seismic Toss|p1a: Maki\n|-damage|p1a: Maki|24\/100\n|-damage|p2a: Kangaskhan|47\/100|[from] item: Rocky Helmet|[of] p1a: Maki\n|-damage|p1a: Maki|0 fnt\n|-damage|p2a: Kangaskhan|30\/100|[from] item: Rocky Helmet|[of] p1a: Maki\n|faint|p1a: Maki\n|-hitcount|p1: Maki|2\n|\n|win|VVolfa\n|raw|Inky-S's rating: 1000 &rarr; <strong>1000<\/strong><br \/>(+0 for losing)\n|raw|VVolfa's rating: 1000 &rarr; <strong>1040<\/strong><br \/>(+40 for winning)\n|l|\u2606Inky-S\n|c|\u2606VVolfa|gwp\n","uploadtime":1699193858,"views":3,"p1id":"inkys","p2id":"vvolfa","formatid":"gen9nationaldexubers","rating":1000,"private":0,"password":""}