{"id":"gen9nationaldexubers-1981234108","p1":"DaPU 1AVE","p2":"Pokesaretta","format":"[Gen 9] National Dex Ubers","log":"|j|\u2606DaPU 1AVE\n|j|\u2606Pokesaretta\n|t:|1698874872\n|gametype|singles\n|player|p1|DaPU 1AVE|will|1000\n|player|p2|Pokesaretta|101|1000\n|teamsize|p1|6\n|teamsize|p2|6\n|gen|9\n|tier|[Gen 9] National Dex Ubers\n|rated|\n|rule|HP Percentage Mod: HP is shown in percentages\n|rule|Endless Battle Clause: Forcing endless battles is banned\n|rule|OHKO Clause: OHKO moves are banned\n|rule|Evasion Moves Clause: Evasion moves are banned\n|rule|Evasion Items Clause: Evasion items are banned\n|rule|Species Clause: Limit one of each Pok\u00e9mon\n|rule|Sleep Clause Mod: Limit one foe put to sleep\n|rule|Mega Rayquaza Clause: You cannot mega evolve Rayquaza\n|clearpoke\n|poke|p1|Baxcalibur, M|\n|poke|p1|Emolga, M|\n|poke|p1|Greninja-*, M|\n|poke|p1|Rampardos, F|\n|poke|p1|Rillaboom, F|\n|poke|p1|Reshiram|\n|poke|p2|Charizard, F|\n|poke|p2|Dragonite, F|\n|poke|p2|Kommo-o, F|\n|poke|p2|Okidogi, M|\n|poke|p2|Mewtwo|\n|poke|p2|Walking Wake|\n|teampreview\n|j| Vahetechniciensup\n|\n|t:|1698874887\n|start\n|switch|p1a: Rampardos|Rampardos, F|100\/100\n|switch|p2a: Okidogi|Okidogi, M|100\/100\n|-ability|p1a: Rampardos|Mold Breaker\n|turn|1\n|c| Vahetechniciensup|hello friend\n|c| Vahetechniciensup|i'm happy to see you Pokesaretta\n|c|\u2606Pokesaretta|!weaknesses rampardos\n|c| Pokesaretta|\/raw <div class=\"infobox\">Rampardos (ignoring abilities):<br \/><span class=\"message-effect-weak\">Weaknesses<\/span>: Fighting, Grass, Ground, Steel, Water<br \/><span class=\"message-effect-resist\">Resistances<\/span>: Fire, Flying, Normal, Poison<br \/><span class=\"message-effect-immune\">Immunities<\/span>: Sandstorm damage<\/div>\n|c| Vahetechniciensup|be careful\n|c| Vahetechniciensup|it is a stealth rock rampardos\n|\n|t:|1698874976\n|move|p2a: Okidogi|Gunk Shot|p1a: Rampardos|[miss]\n|-miss|p2a: Okidogi|p1a: Rampardos\n|move|p1a: Rampardos|Stealth Rock|p2a: Okidogi\n|-sidestart|p2: Pokesaretta|move: Stealth Rock\n|\n|upkeep\n|turn|2\n|c| Vahetechniciensup|I told ypu !\n|\n|t:|1698874990\n|move|p2a: Okidogi|High Horsepower|p1a: Rampardos\n|-supereffective|p1a: Rampardos\n|-crit|p1a: Rampardos\n|-enditem|p1a: Rampardos|Focus Sash\n|-damage|p1a: Rampardos|1\/100\n|move|p1a: Rampardos|Earthquake|p2a: Okidogi\n|-supereffective|p2a: Okidogi\n|-damage|p2a: Okidogi|16\/100\n|\n|upkeep\n|turn|3\n|\n|t:|1698875007\n|move|p2a: Okidogi|High Horsepower|p1a: Rampardos\n|-supereffective|p1a: Rampardos\n|-damage|p1a: Rampardos|0 fnt\n|faint|p1a: Rampardos\n|\n|upkeep\n|c| Vahetechniciensup|gg man !\n|\n|t:|1698875044\n|switch|p1a: Baxcalibur|Baxcalibur, M|100\/100\n|turn|4\n|\n|t:|1698875065\n|move|p1a: Baxcalibur|Earthquake|p2a: Okidogi\n|-supereffective|p2a: Okidogi\n|-damage|p2a: Okidogi|0 fnt\n|faint|p2a: Okidogi\n|\n|upkeep\n|\n|t:|1698875076\n|switch|p2a: Charizard|Charizard, F, shiny|100\/100\n|-damage|p2a: Charizard|51\/100|[from] Stealth Rock\n|turn|5\n|c| Vahetechniciensup|CHARIZARD IS THE BEST POKEMON EVER\n|c| Vahetechniciensup|I LOVE IT\n|\n|t:|1698875120\n|switch|p1a: Emolga|Emolga, M|100\/100\n|-terastallize|p2a: Charizard|Fire\n|move|p2a: Charizard|Flare Blitz|p1a: Emolga\n|-damage|p1a: Emolga|0 fnt\n|faint|p1a: Emolga\n|-damage|p2a: Charizard|23\/100|[from] Recoil\n|-damage|p2a: Charizard|13\/100|[from] item: Life Orb\n|\n|upkeep\n|c| Vahetechniciensup|GOOOO POKESARETTA !!!\n|\n|t:|1698875144\n|switch|p1a: Baxcalibur|Baxcalibur, M|100\/100\n|turn|6\n|c| Vahetechniciensup|BAH REPOND MOI FDP DE TES MORTS JE T'ENCOURAGE ALORS QUE TU PUEEES LA MERDE\n|\n|t:|1698875176\n|move|p1a: Baxcalibur|Ice Shard|p2a: Charizard\n|-resisted|p2a: Charizard\n|-damage|p2a: Charizard|0 fnt\n|faint|p2a: Charizard\n|\n|upkeep\n|\n|t:|1698875204\n|switch|p2a: Mewtwo|Mewtwo|100\/100\n|-damage|p2a: Mewtwo|88\/100|[from] Stealth Rock\n|-ability|p2a: Mewtwo|Pressure\n|turn|7\n|c| Vahetechniciensup|MEWTWO\n|c| Vahetechniciensup|How a powerfull pok\u00e9mon\n|c| Vahetechniciensup|one of my favorite\n|\n|t:|1698875229\n|switch|p1a: Greninja|Greninja, M|100\/100\n|detailschange|p2a: Mewtwo|Mewtwo-Mega-Y\n|-mega|p2a: Mewtwo|Mewtwo|Mewtwonite Y\n|move|p2a: Mewtwo|Psystrike|p1a: Greninja\n|-immune|p1a: Greninja\n|\n|upkeep\n|turn|8\n|c| Vahetechniciensup|that tail is so... hmmmm\n|c| Vahetechniciensup|Sexy...\n|inactive|Battle timer is ON: inactive players will automatically lose when time's up. (requested by Pokesaretta)\n|\n|t:|1698875248\n|move|p2a: Mewtwo|Energy Ball|p1a: Greninja\n|-supereffective|p1a: Greninja\n|-damage|p1a: Greninja|0 fnt\n|faint|p1a: Greninja\n|\n|upkeep\n|inactive|DaPU 1AVE has 120 seconds left.\n|\n|t:|1698875284\n|switch|p1a: Reshiram|Reshiram|100\/100\n|-ability|p1a: Reshiram|Turboblaze\n|turn|9\n|inactive|DaPU 1AVE has 120 seconds left.\n|\n|t:|1698875313\n|move|p2a: Mewtwo|Psystrike|p1a: Reshiram\n|-damage|p1a: Reshiram|34\/100\n|move|p1a: Reshiram|Draco Meteor|p2a: Mewtwo\n|-damage|p2a: Mewtwo|0 fnt\n|-unboost|p1a: Reshiram|spa|2\n|faint|p2a: Mewtwo\n|\n|upkeep\n|inactive|Pokesaretta has 120 seconds left.\n|\n|t:|1698875330\n|switch|p2a: Walking Wake|Walking Wake|100\/100\n|-damage|p2a: Walking Wake|88\/100|[from] Stealth Rock\n|turn|10\n|inactive|Pokesaretta has 120 seconds left.\n|inactive|DaPU 1AVE has 120 seconds left.\n|\n|t:|1698875354\n|move|p2a: Walking Wake|Dragon Claw|p1a: Reshiram\n|-supereffective|p1a: Reshiram\n|-damage|p1a: Reshiram|0 fnt\n|faint|p1a: Reshiram\n|\n|upkeep\n|\n|t:|1698875381\n|switch|p1a: Baxcalibur|Baxcalibur, M|100\/100\n|turn|11\n|\n|t:|1698875390\n|-terastallize|p1a: Baxcalibur|Poison\n|move|p2a: Walking Wake|Fire Fang|p1a: Baxcalibur\n|-damage|p1a: Baxcalibur|83\/100\n|-ability|p1a: Baxcalibur|Thermal Exchange|boost\n|-boost|p1a: Baxcalibur|atk|1\n|move|p1a: Baxcalibur|Glaive Rush|p2a: Walking Wake\n|-supereffective|p2a: Walking Wake\n|-damage|p2a: Walking Wake|0 fnt\n|-singlemove|p1a: Baxcalibur|Glaive Rush|[silent]\n|faint|p2a: Walking Wake\n|-end|p2a: Walking Wake|Protosynthesis|[silent]\n|\n|upkeep\n|inactive|Pokesaretta has 120 seconds left.\n|\n|t:|1698875411\n|switch|p2a: Kommo-o|Kommo-o, F|100\/100\n|-damage|p2a: Kommo-o|94\/100|[from] Stealth Rock\n|turn|12\n|inactive|Pokesaretta has 120 seconds left.\n|\n|t:|1698875418\n|move|p1a: Baxcalibur|Glaive Rush|p2a: Kommo-o\n|-supereffective|p2a: Kommo-o\n|-damage|p2a: Kommo-o|0 fnt\n|-singlemove|p1a: Baxcalibur|Glaive Rush|[silent]\n|faint|p2a: Kommo-o\n|\n|upkeep\n|inactive|Pokesaretta has 120 seconds left.\n|\n|t:|1698875433\n|switch|p2a: Dragonite|Dragonite, F|100\/100\n|-damage|p2a: Dragonite|76\/100|[from] Stealth Rock\n|turn|13\n|\n|t:|1698875440\n|move|p1a: Baxcalibur|Glaive Rush|p2a: Dragonite\n|-supereffective|p2a: Dragonite\n|-damage|p2a: Dragonite|0 fnt\n|-singlemove|p1a: Baxcalibur|Glaive Rush|[silent]\n|faint|p2a: Dragonite\n|\n|win|DaPU 1AVE\n|raw|DaPU 1AVE's rating: 1000 &rarr; <strong>1040<\/strong><br \/>(+40 for winning)\n|raw|Pokesaretta's rating: 1000 &rarr; <strong>1000<\/strong><br \/>(+0 for losing)\n","uploadtime":1698875172,"views":4,"p1id":"dapu1ave","p2id":"pokesaretta","formatid":"gen9nationaldexubers","rating":1000,"private":0,"password":""}