{"id":"gen9nationaldexubers-1987389376","p1":"85792195wwww","p2":"Sakuta24","format":"[Gen 9] National Dex Ubers","log":"|j|\u260685792195wwww\n|j|\u2606Sakuta24\n|t:|1699585120\n|gametype|singles\n|player|p1|85792195wwww|mira|1456\n|player|p2|Sakuta24|miriam|1381\n|teamsize|p1|6\n|teamsize|p2|6\n|gen|9\n|tier|[Gen 9] National Dex Ubers\n|rated|\n|rule|HP Percentage Mod: HP is shown in percentages\n|rule|Endless Battle Clause: Forcing endless battles is banned\n|rule|OHKO Clause: OHKO moves are banned\n|rule|Evasion Moves Clause: Evasion moves are banned\n|rule|Evasion Items Clause: Evasion items are banned\n|rule|Species Clause: Limit one of each Pok\u00e9mon\n|rule|Sleep Clause Mod: Limit one foe put to sleep\n|rule|Mega Rayquaza Clause: You cannot mega evolve Rayquaza\n|clearpoke\n|poke|p1|Kyurem-Black|\n|poke|p1|Samurott-Hisui, F|\n|poke|p1|Gholdengo|\n|poke|p1|Groudon|\n|poke|p1|Arceus-Ground|\n|poke|p1|Ribombee, F|\n|poke|p2|Lopunny, M|\n|poke|p2|Marshadow|\n|poke|p2|Calyrex-Ice|\n|poke|p2|Cresselia, F|\n|poke|p2|Arceus-Steel|\n|poke|p2|Smeargle, F|\n|teampreview\n|inactive|Battle timer is ON: inactive players will automatically lose when time's up. (requested by Sakuta24)\n|\n|t:|1699585131\n|start\n|switch|p1a: Kyurem|Kyurem-Black|100\/100\n|switch|p2a: Smeargle|Smeargle, F|100\/100\n|-ability|p1a: Kyurem|Teravolt\n|turn|1\n|\n|t:|1699585141\n|move|p1a: Kyurem|Icicle Spear|p2a: Smeargle\n|-damage|p2a: Smeargle|57\/100\n|-damage|p2a: Smeargle|18\/100\n|-damage|p2a: Smeargle|0 fnt\n|faint|p2a: Smeargle\n|-hitcount|p2: Smeargle|3\n|\n|upkeep\n|\n|t:|1699585151\n|switch|p2a: Lopunny|Lopunny, M|100\/100\n|turn|2\n|\n|t:|1699585158\n|switch|p1a: Gholdengo|Gholdengo|100\/100\n|-item|p1a: Gholdengo|Air Balloon\n|detailschange|p2a: Lopunny|Lopunny-Mega, M\n|-mega|p2a: Lopunny|Lopunny|Lopunnite\n|move|p2a: Lopunny|High Jump Kick|p1a: Gholdengo\n|-supereffective|p1a: Gholdengo\n|-damage|p1a: Gholdengo|0 fnt\n|-enditem|p1a: Gholdengo|Air Balloon\n|faint|p1a: Gholdengo\n|\n|upkeep\n|\n|t:|1699585170\n|switch|p1a: Ribombee|Ribombee, F|100\/100\n|turn|3\n|\n|t:|1699585175\n|move|p2a: Lopunny|U-turn|p1a: Ribombee\n|-resisted|p1a: Ribombee\n|-damage|p1a: Ribombee|75\/100\n|\n|t:|1699585184\n|switch|p2a: Arceus-Normal|Arceus-Steel|100\/100|[from] U-turn\n|move|p1a: Ribombee|Stun Spore|p2a: Arceus-Normal\n|-status|p2a: Arceus-Normal|par\n|\n|upkeep\n|turn|4\n|\n|t:|1699585192\n|move|p1a: Ribombee|Sticky Web|p2a: Arceus-Normal\n|-sidestart|p2: Sakuta24|move: Sticky Web\n|move|p2a: Arceus-Normal|Judgment|p1a: Ribombee\n|-supereffective|p1a: Ribombee\n|-damage|p1a: Ribombee|0 fnt\n|faint|p1a: Ribombee\n|\n|upkeep\n|\n|t:|1699585200\n|switch|p1a: Samurott|Samurott-Hisui, F|100\/100\n|turn|5\n|\n|t:|1699585205\n|move|p1a: Samurott|Taunt|p2a: Arceus-Normal\n|-start|p2a: Arceus-Normal|move: Taunt\n|cant|p2a: Arceus-Normal|move: Taunt|Defog\n|\n|upkeep\n|turn|6\n|\n|t:|1699585211\n|switch|p2a: Lopunny|Lopunny-Mega, M|100\/100\n|-activate|p2a: Lopunny|move: Sticky Web\n|-unboost|p2a: Lopunny|spe|1\n|move|p1a: Samurott|Ceaseless Edge|p2a: Lopunny|[miss]\n|-miss|p1a: Samurott|p2a: Lopunny\n|\n|upkeep\n|turn|7\n|\n|t:|1699585220\n|move|p2a: Lopunny|Fake Out|p1a: Samurott\n|-damage|p1a: Samurott|73\/100\n|cant|p1a: Samurott|flinch\n|\n|upkeep\n|turn|8\n|\n|t:|1699585226\n|move|p2a: Lopunny|High Jump Kick|p1a: Samurott\n|-supereffective|p1a: Samurott\n|-damage|p1a: Samurott|0 fnt\n|faint|p1a: Samurott\n|\n|upkeep\n|\n|t:|1699585240\n|switch|p1a: Arceus|Arceus-Ground|100\/100\n|turn|9\n|\n|t:|1699585246\n|move|p1a: Arceus|Swords Dance|p1a: Arceus\n|-boost|p1a: Arceus|atk|2\n|move|p2a: Lopunny|U-turn|p1a: Arceus\n|-damage|p1a: Arceus|82\/100\n|\n|t:|1699585252\n|switch|p2a: Arceus-Normal|Arceus-Steel|100\/100 par|[from] U-turn\n|-activate|p2a: Arceus-Normal|move: Sticky Web\n|-unboost|p2a: Arceus-Normal|spe|1\n|\n|upkeep\n|turn|10\n|\n|t:|1699585258\n|move|p1a: Arceus|Taunt|p2a: Arceus-Normal\n|-start|p2a: Arceus-Normal|move: Taunt\n|cant|p2a: Arceus-Normal|move: Taunt|Defog\n|\n|upkeep\n|turn|11\n|\n|t:|1699585264\n|switch|p2a: Cresselia|Cresselia, F|100\/100\n|move|p1a: Arceus|Earthquake|p2a: Cresselia\n|-immune|p2a: Cresselia|[from] ability: Levitate\n|\n|upkeep\n|turn|12\n|j| Baemaxx3\n|\n|t:|1699585272\n|move|p1a: Arceus|Taunt|p2a: Cresselia\n|-start|p2a: Cresselia|move: Taunt\n|-zpower|p2a: Cresselia\n|move|p2a: Cresselia|Shattered Psyche|p1a: Arceus|[zeffect]\n|-damage|p1a: Arceus|46\/100\n|\n|upkeep\n|turn|13\n|\n|t:|1699585282\n|move|p1a: Arceus|Stone Edge|p2a: Cresselia\n|-damage|p2a: Cresselia|63\/100\n|move|p2a: Cresselia|Psychic|p1a: Arceus\n|-damage|p1a: Arceus|28\/100\n|\n|upkeep\n|turn|14\n|\n|t:|1699585290\n|move|p1a: Arceus|Stone Edge|p2a: Cresselia\n|-damage|p2a: Cresselia|23\/100\n|move|p2a: Cresselia|Psychic|p1a: Arceus\n|-crit|p1a: Arceus\n|-damage|p1a: Arceus|3\/100\n|\n|-end|p2a: Cresselia|move: Taunt\n|upkeep\n|turn|15\n|\n|t:|1699585299\n|move|p1a: Arceus|Stone Edge|p2a: Cresselia\n|-damage|p2a: Cresselia|0 fnt\n|faint|p2a: Cresselia\n|\n|upkeep\n|\n|t:|1699585305\n|switch|p2a: Arceus-Normal|Arceus-Steel|100\/100 par\n|-activate|p2a: Arceus-Normal|move: Sticky Web\n|-unboost|p2a: Arceus-Normal|spe|1\n|turn|16\n|\n|t:|1699585312\n|switch|p2a: Marshadow|Marshadow|100\/100\n|-activate|p2a: Marshadow|move: Sticky Web\n|-unboost|p2a: Marshadow|spe|1\n|-zpower|p1a: Arceus\n|move|p1a: Arceus|Tectonic Rage|p2a: Marshadow|[zeffect]\n|-enditem|p2a: Marshadow|Focus Sash\n|-damage|p2a: Marshadow|1\/100\n|\n|upkeep\n|turn|17\n|\n|t:|1699585324\n|move|p2a: Marshadow|Shadow Sneak|p1a: Arceus\n|-damage|p1a: Arceus|0 fnt\n|faint|p1a: Arceus\n|\n|upkeep\n|\n|t:|1699585329\n|switch|p1a: Groudon|Groudon|100\/100\n|detailschange|p1a: Groudon|Groudon-Primal\n|-primal|p1a: Groudon|Red Orb\n|-weather|DesolateLand|[from] ability: Desolate Land|[of] p1a: Groudon\n|turn|18\n|\n|t:|1699585339\n|move|p2a: Marshadow|Shadow Sneak|p1a: Groudon\n|-damage|p1a: Groudon|80\/100\n|move|p1a: Groudon|Ancient Power|p2a: Marshadow\n|-resisted|p2a: Marshadow\n|-damage|p2a: Marshadow|0 fnt\n|faint|p2a: Marshadow\n|\n|-weather|DesolateLand|[upkeep]\n|upkeep\n|\n|t:|1699585344\n|switch|p2a: Arceus-Normal|Arceus-Steel|100\/100 par\n|-activate|p2a: Arceus-Normal|move: Sticky Web\n|-unboost|p2a: Arceus-Normal|spe|1\n|turn|19\n|\n|t:|1699585350\n|move|p1a: Groudon|Eruption|p2a: Arceus-Normal\n|-supereffective|p2a: Arceus-Normal\n|-damage|p2a: Arceus-Normal|0 fnt\n|faint|p2a: Arceus-Normal\n|\n|-weather|DesolateLand|[upkeep]\n|upkeep\n|\n|t:|1699585358\n|switch|p2a: Lopunny|Lopunny-Mega, M|100\/100\n|-activate|p2a: Lopunny|move: Sticky Web\n|-unboost|p2a: Lopunny|spe|1\n|turn|20\n|\n|t:|1699585363\n|-weather|none\n|switch|p1a: Kyurem|Kyurem-Black|100\/100\n|-ability|p1a: Kyurem|Teravolt\n|move|p2a: Lopunny|Fake Out|p1a: Kyurem\n|-damage|p1a: Kyurem|83\/100\n|\n|upkeep\n|turn|21\n|\n|t:|1699585373\n|move|p1a: Kyurem|Substitute|p1a: Kyurem\n|-start|p1a: Kyurem|Substitute\n|-damage|p1a: Kyurem|58\/100\n|move|p2a: Lopunny|High Jump Kick|p1a: Kyurem|[miss]\n|-miss|p2a: Lopunny|p1a: Kyurem\n|-damage|p2a: Lopunny|50\/100|[from] highjumpkick\n|\n|upkeep\n|turn|22\n|\n|t:|1699585382\n|move|p1a: Kyurem|Icicle Spear|p2a: Lopunny\n|-damage|p2a: Lopunny|29\/100\n|-damage|p2a: Lopunny|5\/100\n|-crit|p2a: Lopunny\n|-damage|p2a: Lopunny|0 fnt\n|faint|p2a: Lopunny\n|-hitcount|p2: Lopunny|3\n|\n|upkeep\n|\n|t:|1699585386\n|switch|p2a: Calyrex|Calyrex-Ice|100\/100\n|-ability|p2a: Calyrex|As One\n|-ability|p2a: Calyrex|Unnerve\n|-activate|p2a: Calyrex|move: Sticky Web\n|-unboost|p2a: Calyrex|spe|1\n|turn|23\n|\n|t:|1699585396\n|-terastallize|p2a: Calyrex|Ice\n|move|p1a: Kyurem|Dragon Dance|p1a: Kyurem\n|-boost|p1a: Kyurem|atk|1\n|-boost|p1a: Kyurem|spe|1\n|move|p2a: Calyrex|Glacial Lance|p1a: Kyurem\n|-end|p1a: Kyurem|Substitute\n|\n|upkeep\n|turn|24\n|\n|t:|1699585413\n|move|p1a: Kyurem|Substitute|p1a: Kyurem\n|-start|p1a: Kyurem|Substitute\n|-damage|p1a: Kyurem|33\/100\n|move|p2a: Calyrex|Glacial Lance|p1a: Kyurem\n|-end|p1a: Kyurem|Substitute\n|\n|upkeep\n|turn|25\n|\n|t:|1699585421\n|-terastallize|p1a: Kyurem|Electric\n|move|p1a: Kyurem|Fusion Bolt|p2a: Calyrex\n|-damage|p2a: Calyrex|41\/100\n|move|p2a: Calyrex|Glacial Lance|p1a: Kyurem\n|-damage|p1a: Kyurem|0 fnt\n|faint|p1a: Kyurem\n|-ability|p2a: Calyrex|Chilling Neigh|boost\n|-boost|p2a: Calyrex|atk|1\n|\n|upkeep\n|\n|t:|1699585433\n|switch|p1a: Groudon|Groudon-Primal|80\/100\n|-weather|DesolateLand|[from] ability: Desolate Land|[of] p1a: Groudon\n|turn|26\n|c|\u2606Sakuta24|Kaboom\n|\n|t:|1699585441\n|move|p1a: Groudon|Eruption|p2a: Calyrex\n|-supereffective|p2a: Calyrex\n|-damage|p2a: Calyrex|0 fnt\n|faint|p2a: Calyrex\n|\n|win|85792195wwww\n|raw|85792195wwww's rating: 1456 &rarr; <strong>1472<\/strong><br \/>(+16 for winning)\n|raw|Sakuta24's rating: 1381 &rarr; <strong>1365<\/strong><br \/>(-16 for losing)\n|l| Baemaxx3\n","uploadtime":1699585449,"views":5,"p1id":"85792195wwww","p2id":"sakuta24","formatid":"gen9nationaldexubers","rating":1365,"private":0,"password":""}