{"id":"gen9nationaldexubers-1989997412","p1":"AdrianGarcia1604","p2":"Yoswuert8808","format":"[Gen 9] National Dex Ubers","log":"|j|\u2606AdrianGarcia1604\n|j|\u2606Yoswuert8808\n|t:|1699913816\n|gametype|singles\n|player|p1|AdrianGarcia1604|ethan|\n|player|p2|Yoswuert8808|bugcatcher-gen4dp|\n|teamsize|p1|6\n|teamsize|p2|6\n|gen|9\n|tier|[Gen 9] National Dex Ubers\n|rule|HP Percentage Mod: HP is shown in percentages\n|rule|Endless Battle Clause: Forcing endless battles is banned\n|rule|OHKO Clause: OHKO moves are banned\n|rule|Evasion Moves Clause: Evasion moves are banned\n|rule|Evasion Items Clause: Evasion items are banned\n|rule|Species Clause: Limit one of each Pok\u00e9mon\n|rule|Sleep Clause Mod: Limit one foe put to sleep\n|rule|Mega Rayquaza Clause: You cannot mega evolve Rayquaza\n|clearpoke\n|poke|p1|Marshadow|\n|poke|p1|Zoroark-Hisui, M|\n|poke|p1|Gholdengo|\n|poke|p1|Annihilape, M|\n|poke|p1|Basculegion, M|\n|poke|p1|Dragapult, M|\n|poke|p2|Golisopod, F|\n|poke|p2|Centiskorch, M|\n|poke|p2|Scizor, M|\n|poke|p2|Kleavor, F|\n|poke|p2|Pheromosa|\n|poke|p2|Vikavolt, F|\n|teampreview\n|\n|t:|1699913829\n|start\n|switch|p1a: Dragapult|Dragapult, M, shiny|100\/100\n|switch|p2a: Kleavor|Kleavor, F, shiny|100\/100\n|turn|1\n|\n|t:|1699913839\n|move|p1a: Dragapult|Shadow Ball|p2a: Kleavor\n|-damage|p2a: Kleavor|9\/100\n|-damage|p1a: Dragapult|91\/100|[from] item: Life Orb\n|move|p2a: Kleavor|Sunny Day|p2a: Kleavor\n|-weather|SunnyDay\n|\n|-weather|SunnyDay|[upkeep]\n|upkeep\n|turn|2\n|\n|t:|1699913850\n|move|p1a: Dragapult|Flamethrower|p2a: Kleavor\n|-damage|p2a: Kleavor|0 fnt\n|faint|p2a: Kleavor\n|-damage|p1a: Dragapult|81\/100|[from] item: Life Orb\n|\n|-weather|SunnyDay|[upkeep]\n|upkeep\n|\n|t:|1699913861\n|switch|p2a: Centiskorch|Centiskorch, M|100\/100\n|turn|3\n|\n|t:|1699913878\n|move|p1a: Dragapult|Calm Mind|p1a: Dragapult\n|-boost|p1a: Dragapult|spa|1\n|-boost|p1a: Dragapult|spd|1\n|move|p2a: Centiskorch|Flare Blitz|p1a: Dragapult\n|-damage|p1a: Dragapult|0 fnt\n|replace|p1a: Zoroark|Zoroark-Hisui, M, shiny\n|-end|p1a: Zoroark|Illusion\n|faint|p1a: Zoroark\n|-damage|p2a: Centiskorch|81\/100|[from] Recoil\n|\n|-weather|SunnyDay|[upkeep]\n|upkeep\n|\n|t:|1699913891\n|switch|p1a: Dragapult|Dragapult, M, shiny|100\/100\n|turn|4\n|\n|t:|1699913898\n|move|p1a: Dragapult|Phantom Force||[still]\n|-prepare|p1a: Dragapult|Phantom Force\n|move|p2a: Centiskorch|Flare Blitz|p1a: Dragapult|[miss]\n|-miss|p2a: Centiskorch|p1a: Dragapult\n|\n|-weather|SunnyDay|[upkeep]\n|upkeep\n|turn|5\n|\n|t:|1699913905\n|move|p1a: Dragapult|Phantom Force|p2a: Centiskorch|[from]lockedmove\n|-damage|p2a: Centiskorch|0 fnt\n|faint|p2a: Centiskorch\n|-damage|p1a: Dragapult|91\/100|[from] item: Life Orb\n|\n|-weather|none\n|upkeep\n|\n|t:|1699913920\n|switch|p2a: Pheromosa|Pheromosa|100\/100\n|turn|6\n|\n|t:|1699913928\n|move|p2a: Pheromosa|Triple Axel|p1a: Dragapult\n|-supereffective|p1a: Dragapult\n|-damage|p1a: Dragapult|63\/100\n|-supereffective|p1a: Dragapult\n|-damage|p1a: Dragapult|8\/100\n|-supereffective|p1a: Dragapult\n|-damage|p1a: Dragapult|0 fnt\n|faint|p1a: Dragapult\n|-ability|p2a: Pheromosa|Beast Boost|boost\n|-boost|p2a: Pheromosa|spe|1\n|-hitcount|p1: Dragapult|3\n|-damage|p2a: Pheromosa|91\/100|[from] item: Life Orb\n|\n|upkeep\n|\n|t:|1699913937\n|switch|p1a: Marshadow|Marshadow|100\/100\n|turn|7\n|\n|t:|1699913957\n|move|p2a: Pheromosa|Triple Axel|p1a: Marshadow\n|-damage|p1a: Marshadow|89\/100\n|-damage|p1a: Marshadow|66\/100\n|-damage|p1a: Marshadow|28\/100\n|-hitcount|p1a: Marshadow|3\n|-damage|p2a: Pheromosa|81\/100|[from] item: Life Orb\n|move|p1a: Marshadow|Spectral Thief||[still]\n|-clearpositiveboost|p2a: Pheromosa|p1a: Marshadow|move: Spectral Thief\n|-boost|p1a: Marshadow|spe|1\n|-anim|p1a: Marshadow|Spectral Thief|p2a: Pheromosa\n|-damage|p2a: Pheromosa|0 fnt\n|faint|p2a: Pheromosa\n|-damage|p1a: Marshadow|18\/100|[from] item: Life Orb\n|\n|upkeep\n|\n|t:|1699913969\n|switch|p2a: Vikavolt|Vikavolt, F, shiny|100\/100\n|turn|8\n|\n|t:|1699913980\n|move|p1a: Marshadow|Spectral Thief|p2a: Vikavolt\n|-damage|p2a: Vikavolt|28\/100\n|-damage|p1a: Marshadow|8\/100|[from] item: Life Orb\n|move|p2a: Vikavolt|Bug Buzz|p1a: Marshadow\n|-resisted|p1a: Marshadow\n|-damage|p1a: Marshadow|0 fnt\n|faint|p1a: Marshadow\n|-damage|p2a: Vikavolt|18\/100|[from] item: Life Orb\n|\n|upkeep\n|\n|t:|1699913990\n|switch|p1a: Basculegion|Basculegion, M, shiny|100\/100\n|-ability|p1a: Basculegion|Mold Breaker\n|turn|9\n|\n|t:|1699914004\n|move|p1a: Basculegion|Zen Headbutt|p2a: Vikavolt\n|-damage|p2a: Vikavolt|0 fnt\n|faint|p2a: Vikavolt\n|\n|upkeep\n|\n|t:|1699914010\n|switch|p2a: Golisopod|Golisopod, F, shiny|100\/100\n|turn|10\n|\n|t:|1699914015\n|move|p2a: Golisopod|First Impression|p1a: Basculegion\n|-resisted|p1a: Basculegion\n|-damage|p1a: Basculegion|72\/100\n|move|p1a: Basculegion|Zen Headbutt|p2a: Golisopod|[miss]\n|-miss|p1a: Basculegion|p2a: Golisopod\n|\n|upkeep\n|turn|11\n|\n|t:|1699914026\n|move|p2a: Golisopod|First Impression||[still]\n|-hint|First Impression only works on your first turn out.\n|-fail|p2a: Golisopod\n|move|p1a: Basculegion|Zen Headbutt|p2a: Golisopod\n|-damage|p2a: Golisopod|75\/100\n|\n|-heal|p2a: Golisopod|81\/100|[from] item: Leftovers\n|upkeep\n|turn|12\n|\n|t:|1699914041\n|move|p1a: Basculegion|Zen Headbutt|p2a: Golisopod\n|-damage|p2a: Golisopod|56\/100\n|move|p2a: Golisopod|Bulk Up|p2a: Golisopod\n|-boost|p2a: Golisopod|atk|1\n|-boost|p2a: Golisopod|def|1\n|\n|-heal|p2a: Golisopod|62\/100|[from] item: Leftovers\n|upkeep\n|turn|13\n|\n|t:|1699914050\n|move|p1a: Basculegion|Zen Headbutt|p2a: Golisopod|[miss]\n|-miss|p1a: Basculegion|p2a: Golisopod\n|move|p2a: Golisopod|Poison Jab|p1a: Basculegion\n|-resisted|p1a: Basculegion\n|-damage|p1a: Basculegion|48\/100\n|\n|-heal|p2a: Golisopod|69\/100|[from] item: Leftovers\n|upkeep\n|turn|14\n|\n|t:|1699914065\n|switch|p1a: Gholdengo|Gholdengo, shiny|100\/100\n|move|p2a: Golisopod|Poison Jab|p1a: Gholdengo\n|-immune|p1a: Gholdengo\n|\n|-heal|p2a: Golisopod|75\/100|[from] item: Leftovers\n|upkeep\n|turn|15\n|\n|t:|1699914073\n|move|p2a: Golisopod|Aqua Jet|p1a: Gholdengo\n|-damage|p1a: Gholdengo|66\/100\n|move|p1a: Gholdengo|Shadow Ball|p2a: Golisopod\n|-damage|p2a: Golisopod|27\/100\n|-unboost|p2a: Golisopod|spd|1\n|-activate|p2a: Golisopod|ability: Emergency Exit\n|\n|t:|1699914084\n|switch|p2a: Scizor|Scizor, M, shiny|100\/100\n|\n|upkeep\n|turn|16\n|\n|t:|1699914093\n|detailschange|p2a: Scizor|Scizor-Mega, M, shiny\n|-mega|p2a: Scizor|Scizor|Scizorite\n|move|p1a: Gholdengo|Shadow Ball|p2a: Scizor\n|-damage|p2a: Scizor|53\/100\n|move|p2a: Scizor|Knock Off|p1a: Gholdengo\n|-supereffective|p1a: Gholdengo\n|-damage|p1a: Gholdengo|0 fnt\n|-enditem|p1a: Gholdengo|Covert Cloak|[from] move: Knock Off|[of] p2a: Scizor\n|faint|p1a: Gholdengo\n|\n|upkeep\n|\n|t:|1699914102\n|switch|p1a: Annihilape|Annihilape, M, shiny|100\/100\n|turn|17\n|\n|t:|1699914115\n|-terastallize|p1a: Annihilape|Fairy\n|move|p1a: Annihilape|Drain Punch|p2a: Scizor\n|-damage|p2a: Scizor|23\/100\n|move|p2a: Scizor|Knock Off|p1a: Annihilape\n|-resisted|p1a: Annihilape\n|-damage|p1a: Annihilape|83\/100\n|-enditem|p1a: Annihilape|Leftovers|[from] move: Knock Off|[of] p2a: Scizor\n|\n|upkeep\n|turn|18\n|\n|t:|1699914140\n|move|p2a: Scizor|Bullet Punch|p1a: Annihilape\n|-supereffective|p1a: Annihilape\n|-damage|p1a: Annihilape|20\/100\n|move|p1a: Annihilape|Drain Punch|p2a: Scizor\n|-damage|p2a: Scizor|0 fnt\n|-heal|p1a: Annihilape|28\/100|[from] drain|[of] p2a: Scizor\n|faint|p2a: Scizor\n|\n|upkeep\n|\n|t:|1699914149\n|switch|p2a: Golisopod|Golisopod, F, shiny|27\/100\n|turn|19\n|\n|t:|1699914159\n|move|p2a: Golisopod|Aqua Jet|p1a: Annihilape\n|-damage|p1a: Annihilape|9\/100\n|move|p1a: Annihilape|Rest|p1a: Annihilape\n|-status|p1a: Annihilape|slp|[from] move: Rest\n|-heal|p1a: Annihilape|100\/100 slp|[silent]\n|\n|-heal|p2a: Golisopod|33\/100|[from] item: Leftovers\n|upkeep\n|turn|20\n|\n|t:|1699914172\n|cant|p1a: Annihilape|slp\n|move|p2a: Golisopod|Bulk Up|p2a: Golisopod\n|-boost|p2a: Golisopod|atk|1\n|-boost|p2a: Golisopod|def|1\n|\n|-heal|p2a: Golisopod|39\/100|[from] item: Leftovers\n|upkeep\n|turn|21\n|\n|t:|1699914181\n|move|p2a: Golisopod|First Impression||[still]\n|-hint|First Impression only works on your first turn out.\n|-fail|p2a: Golisopod\n|cant|p1a: Annihilape|slp\n|\n|-heal|p2a: Golisopod|46\/100|[from] item: Leftovers\n|upkeep\n|turn|22\n|\n|t:|1699914191\n|move|p2a: Golisopod|First Impression||[still]\n|-hint|First Impression only works on your first turn out.\n|-fail|p2a: Golisopod\n|-curestatus|p1a: Annihilape|slp|[msg]\n|move|p1a: Annihilape|Bulk Up|p1a: Annihilape\n|-boost|p1a: Annihilape|atk|1\n|-boost|p1a: Annihilape|def|1\n|\n|-heal|p2a: Golisopod|52\/100|[from] item: Leftovers\n|upkeep\n|turn|23\n|\n|t:|1699914202\n|move|p1a: Annihilape|Drain Punch|p2a: Golisopod\n|-resisted|p2a: Golisopod\n|-damage|p2a: Golisopod|39\/100\n|move|p2a: Golisopod|Poison Jab|p1a: Annihilape\n|-supereffective|p1a: Annihilape\n|-crit|p1a: Annihilape\n|-damage|p1a: Annihilape|0 fnt\n|faint|p1a: Annihilape\n|\n|-heal|p2a: Golisopod|45\/100|[from] item: Leftovers\n|upkeep\n|\n|t:|1699914218\n|switch|p1a: Basculegion|Basculegion, M, shiny|48\/100\n|-ability|p1a: Basculegion|Mold Breaker\n|turn|24\n|\n|t:|1699914230\n|move|p1a: Basculegion|Phantom Force||[still]\n|-prepare|p1a: Basculegion|Phantom Force\n|move|p2a: Golisopod|Poison Jab|p1a: Basculegion|[miss]\n|-miss|p2a: Golisopod|p1a: Basculegion\n|\n|-heal|p2a: Golisopod|51\/100|[from] item: Leftovers\n|upkeep\n|turn|25\n|\n|t:|1699914246\n|move|p1a: Basculegion|Phantom Force|p2a: Golisopod|[from]lockedmove\n|-damage|p2a: Golisopod|21\/100\n|move|p2a: Golisopod|Poison Jab|p1a: Basculegion\n|-resisted|p1a: Basculegion\n|-damage|p1a: Basculegion|25\/100\n|-status|p1a: Basculegion|psn\n|\n|-heal|p2a: Golisopod|28\/100|[from] item: Leftovers\n|-damage|p1a: Basculegion|12\/100 psn|[from] psn\n|upkeep\n|turn|26\n|\n|t:|1699914258\n|move|p1a: Basculegion|Phantom Force||[still]\n|-prepare|p1a: Basculegion|Phantom Force\n|move|p2a: Golisopod|Poison Jab|p1a: Basculegion|[miss]\n|-miss|p2a: Golisopod|p1a: Basculegion\n|\n|-heal|p2a: Golisopod|34\/100|[from] item: Leftovers\n|-damage|p1a: Basculegion|0 fnt|[from] psn\n|faint|p1a: Basculegion\n|\n|win|Yoswuert8808\n|upkeep\n|l|\u2606AdrianGarcia1604\n","uploadtime":1699914356,"views":7,"p1id":"adriangarcia1604","p2id":"yoswuert8808","formatid":"gen9nationaldexubers","rating":0,"private":0,"password":""}