{"id":"gen9nationaldexubers-1983938193","p1":"xinnobu","p2":"nfyhsueryfgius","format":"[Gen 9] National Dex Ubers","log":"|j|\u2606xinnobu\n|j|\u2606nfyhsueryfgius\n|t:|1699202012\n|gametype|singles\n|player|p1|xinnobu|elesa-gen5bw2|1713\n|player|p2|nfyhsueryfgius|ghetsis|1777\n|teamsize|p1|6\n|teamsize|p2|6\n|gen|9\n|tier|[Gen 9] National Dex Ubers\n|rated|\n|rule|HP Percentage Mod: HP is shown in percentages\n|rule|Endless Battle Clause: Forcing endless battles is banned\n|rule|OHKO Clause: OHKO moves are banned\n|rule|Evasion Moves Clause: Evasion moves are banned\n|rule|Evasion Items Clause: Evasion items are banned\n|rule|Species Clause: Limit one of each Pok\u00e9mon\n|rule|Sleep Clause Mod: Limit one foe put to sleep\n|rule|Mega Rayquaza Clause: You cannot mega evolve Rayquaza\n|clearpoke\n|poke|p1|Arceus-Ground|\n|poke|p1|Xerneas-*|\n|poke|p1|Groudon|\n|poke|p1|Yveltal|\n|poke|p1|Kyogre|\n|poke|p1|Zacian-*|\n|poke|p2|Eternatus|\n|poke|p2|Arceus-Ground|\n|poke|p2|Ho-Oh|\n|poke|p2|Groudon|\n|poke|p2|Yveltal|\n|poke|p2|Xerneas-*|\n|teampreview\n|inactive|Battle timer is ON: inactive players will automatically lose when time's up. (requested by xinnobu)\n|\n|t:|1699202023\n|start\n|switch|p1a: Arceus|Arceus-Ground|100\/100\n|switch|p2a: Arceus|Arceus-Ground|100\/100\n|turn|1\n|\n|t:|1699202027\n|move|p1a: Arceus|Judgment|p2a: Arceus\n|-damage|p2a: Arceus|52\/100\n|move|p2a: Arceus|Swords Dance|p2a: Arceus\n|-boost|p2a: Arceus|atk|2\n|\n|upkeep\n|turn|2\n|\n|t:|1699202033\n|move|p2a: Arceus|Recover|p2a: Arceus\n|-heal|p2a: Arceus|100\/100\n|move|p1a: Arceus|Judgment|p2a: Arceus\n|-damage|p2a: Arceus|52\/100\n|\n|upkeep\n|turn|3\n|\n|t:|1699202039\n|move|p1a: Arceus|Taunt|p2a: Arceus\n|-start|p2a: Arceus|move: Taunt\n|move|p2a: Arceus|Earthquake|p1a: Arceus\n|-damage|p1a: Arceus|9\/100\n|\n|upkeep\n|turn|4\n|\n|t:|1699202044\n|move|p1a: Arceus|Judgment|p2a: Arceus\n|-damage|p2a: Arceus|9\/100\n|move|p2a: Arceus|Earthquake|p1a: Arceus\n|-damage|p1a: Arceus|0 fnt\n|faint|p1a: Arceus\n|\n|upkeep\n|\n|t:|1699202051\n|switch|p1a: Zacian|Zacian-Crowned|100\/100\n|-ability|p1a: Zacian|Intrepid Sword|boost\n|-boost|p1a: Zacian|atk|1\n|turn|5\n|\n|t:|1699202058\n|switch|p2a: Ho-Oh|Ho-Oh|100\/100\n|move|p1a: Zacian|Behemoth Blade|p2a: Ho-Oh\n|-resisted|p2a: Ho-Oh\n|-damage|p2a: Ho-Oh|73\/100\n|\n|upkeep\n|turn|6\n|\n|t:|1699202064\n|move|p1a: Zacian|Wild Charge|p2a: Ho-Oh\n|-supereffective|p2a: Ho-Oh\n|-damage|p2a: Ho-Oh|0 fnt\n|faint|p2a: Ho-Oh\n|-damage|p1a: Zacian|77\/100|[from] Recoil\n|\n|upkeep\n|\n|t:|1699202067\n|switch|p2a: Groudon|Groudon|100\/100\n|detailschange|p2a: Groudon|Groudon-Primal\n|-primal|p2a: Groudon|Red Orb\n|-weather|DesolateLand|[from] ability: Desolate Land|[of] p2a: Groudon\n|turn|7\n|\n|t:|1699202079\n|switch|p1a: Yveltal|Yveltal|100\/100\n|-ability|p1a: Yveltal|Dark Aura\n|move|p2a: Groudon|Overheat|p1a: Yveltal\n|-damage|p1a: Yveltal|12\/100\n|-unboost|p2a: Groudon|spa|2\n|\n|-weather|DesolateLand|[upkeep]\n|upkeep\n|turn|8\n|\n|t:|1699202088\n|-weather|none\n|switch|p2a: Eternatus|Eternatus|100\/100\n|-ability|p2a: Eternatus|Pressure\n|move|p1a: Yveltal|Oblivion Wing|p2a: Eternatus\n|-damage|p2a: Eternatus|58\/100\n|-heal|p1a: Yveltal|46\/100|[from] drain|[of] p2a: Eternatus\n|-damage|p1a: Yveltal|36\/100|[from] item: Life Orb\n|\n|upkeep\n|turn|9\n|\n|t:|1699202098\n|move|p2a: Eternatus|Fire Blast|p1a: Yveltal\n|-damage|p1a: Yveltal|0 fnt\n|faint|p1a: Yveltal\n|\n|upkeep\n|\n|t:|1699202109\n|switch|p1a: Zacian|Zacian-Crowned|77\/100\n|turn|10\n|\n|t:|1699202113\n|switch|p2a: Groudon|Groudon-Primal|100\/100\n|-weather|DesolateLand|[from] ability: Desolate Land|[of] p2a: Groudon\n|move|p1a: Zacian|Behemoth Blade|p2a: Groudon\n|-resisted|p2a: Groudon\n|-damage|p2a: Groudon|86\/100\n|\n|-weather|DesolateLand|[upkeep]\n|upkeep\n|turn|11\n|\n|t:|1699202120\n|switch|p1a: Kyogre|Kyogre|100\/100\n|detailschange|p1a: Kyogre|Kyogre-Primal\n|-primal|p1a: Kyogre|Blue Orb\n|-weather|PrimordialSea|[from] ability: Primordial Sea|[of] p1a: Kyogre\n|move|p2a: Groudon|Precipice Blades|p1a: Kyogre|[miss]\n|-miss|p2a: Groudon|p1a: Kyogre\n|\n|-weather|PrimordialSea|[upkeep]\n|upkeep\n|turn|12\n|\n|t:|1699202128\n|switch|p2a: Eternatus|Eternatus|58\/100\n|-ability|p2a: Eternatus|Pressure\n|move|p1a: Kyogre|Water Spout|p2a: Eternatus\n|-resisted|p2a: Eternatus\n|-damage|p2a: Eternatus|0 fnt\n|faint|p2a: Eternatus\n|\n|-weather|PrimordialSea|[upkeep]\n|upkeep\n|\n|t:|1699202129\n|switch|p2a: Groudon|Groudon-Primal|86\/100\n|-weather|DesolateLand|[from] ability: Desolate Land|[of] p2a: Groudon\n|turn|13\n|\n|t:|1699202140\n|move|p1a: Kyogre|Ice Beam|p2a: Groudon\n|-damage|p2a: Groudon|53\/100\n|move|p2a: Groudon|Precipice Blades|p1a: Kyogre\n|-damage|p1a: Kyogre|27\/100\n|\n|-weather|DesolateLand|[upkeep]\n|upkeep\n|turn|14\n|\n|t:|1699202149\n|-weather|none\n|switch|p2a: Arceus|Arceus-Ground|9\/100\n|move|p1a: Kyogre|Ice Beam|p2a: Arceus\n|-supereffective|p2a: Arceus\n|-damage|p2a: Arceus|0 fnt\n|faint|p2a: Arceus\n|\n|upkeep\n|\n|t:|1699202151\n|switch|p2a: Yveltal|Yveltal|100\/100\n|-ability|p2a: Yveltal|Dark Aura\n|turn|15\n|\n|t:|1699202160\n|switch|p1a: Groudon|Groudon|100\/100\n|detailschange|p1a: Groudon|Groudon-Primal\n|-primal|p1a: Groudon|Red Orb\n|-weather|DesolateLand|[from] ability: Desolate Land|[of] p1a: Groudon\n|move|p2a: Yveltal|Foul Play|p1a: Groudon\n|-damage|p1a: Groudon|49\/100\n|\n|-weather|DesolateLand|[upkeep]\n|upkeep\n|turn|16\n|\n|t:|1699202167\n|move|p2a: Yveltal|Foul Play|p1a: Groudon\n|-damage|p1a: Groudon|0 fnt\n|faint|p1a: Groudon\n|-weather|none\n|\n|upkeep\n|\n|t:|1699202172\n|switch|p1a: Xerneas|Xerneas|100\/100\n|-ability|p1a: Xerneas|Fairy Aura\n|turn|17\n|\n|t:|1699202176\n|-terastallize|p2a: Yveltal|Ghost\n|move|p1a: Xerneas|Substitute|p1a: Xerneas\n|-start|p1a: Xerneas|Substitute\n|-damage|p1a: Xerneas|76\/100\n|move|p2a: Yveltal|Taunt|p1a: Xerneas\n|-start|p1a: Xerneas|move: Taunt\n|\n|upkeep\n|turn|18\n|\n|t:|1699202183\n|move|p1a: Xerneas|Moonblast|p2a: Yveltal\n|-damage|p2a: Yveltal|49\/100\n|move|p2a: Yveltal|Foul Play|p1a: Xerneas\n|-resisted|p1a: Xerneas\n|-activate|p1a: Xerneas|move: Substitute|[damage]\n|\n|upkeep\n|turn|19\n|-message|nfyhsueryfgius forfeited.\n|\n|win|xinnobu\n|raw|xinnobu's rating: 1713 &rarr; <strong>1737<\/strong><br \/>(+24 for winning)\n|raw|nfyhsueryfgius's rating: 1777 &rarr; <strong>1753<\/strong><br \/>(-24 for losing)\n|l|\u2606nfyhsueryfgius\n|l|\u2606xinnobu\n","uploadtime":1699202333,"views":5,"p1id":"xinnobu","p2id":"nfyhsueryfgius","formatid":"gen9nationaldexubers","rating":1737,"private":0,"password":""}