{"id":"gen9nationaldexubers-1994159691","p1":"Ooniex","p2":"VerduOsane","format":"[Gen 9] National Dex Ubers","log":"|j|\u2606Ooniex\n|j|\u2606VerduOsane\n|t:|1700413796\n|gametype|singles\n|player|p1|Ooniex|elesa|1105\n|player|p2|VerduOsane|2|1207\n|teamsize|p1|6\n|teamsize|p2|6\n|gen|9\n|tier|[Gen 9] National Dex Ubers\n|rated|\n|rule|HP Percentage Mod: HP is shown in percentages\n|rule|Endless Battle Clause: Forcing endless battles is banned\n|rule|OHKO Clause: OHKO moves are banned\n|rule|Evasion Moves Clause: Evasion moves are banned\n|rule|Evasion Items Clause: Evasion items are banned\n|rule|Species Clause: Limit one of each Pok\u00e9mon\n|rule|Sleep Clause Mod: Limit one foe put to sleep\n|rule|Mega Rayquaza Clause: You cannot mega evolve Rayquaza\n|clearpoke\n|poke|p1|Lopunny, M|\n|poke|p1|Primarina, M|\n|poke|p1|Tsareena, F|\n|poke|p1|Magearna|\n|poke|p1|Indeedee, M|\n|poke|p1|Oricorio, F|\n|poke|p2|Kleavor, F|\n|poke|p2|Enamorus-Therian, F|\n|poke|p2|Sneasler, M|\n|poke|p2|Ursaluna, M|\n|poke|p2|Samurott-Hisui, F|\n|poke|p2|Goodra-Hisui, M|\n|teampreview\n|c|\u2606VerduOsane|hm..\n|c|\u2606Ooniex|Wsg\n|\n|t:|1700413825\n|start\n|switch|p1a: Lola|Lopunny, M, shiny|100\/100\n|switch|p2a: Kleavor|Kleavor, F|100\/100\n|turn|1\n|\n|t:|1700413831\n|switch|p2a: Goodra|Goodra-Hisui, M|100\/100\n|detailschange|p1a: Lola|Lopunny-Mega, M, shiny\n|-mega|p1a: Lola|Lopunny|Lopunnite\n|move|p1a: Lola|Fake Out|p2a: Goodra\n|-resisted|p2a: Goodra\n|-damage|p2a: Goodra|90\/100\n|-damage|p1a: Lola|84\/100|[from] item: Rocky Helmet|[of] p2a: Goodra\n|-ability|p2a: Goodra|Gooey\n|-unboost|p1a: Lola|spe|1\n|\n|upkeep\n|turn|2\n|\n|t:|1700413852\n|switch|p1a: Indeedee|Indeedee, M|100\/100\n|-fieldstart|move: Psychic Terrain|[from] ability: Psychic Surge|[of] p1a: Indeedee\n|switch|p2a: Kleavor|Kleavor, F|100\/100\n|\n|upkeep\n|turn|3\n|\n|t:|1700413860\n|-terastallize|p1a: Indeedee|Psychic\n|move|p1a: Indeedee|Expanding Force|p2a: Kleavor\n|-damage|p2a: Kleavor|0 fnt\n|faint|p2a: Kleavor\n|\n|upkeep\n|\n|t:|1700413868\n|switch|p2a: Samurott|Samurott-Hisui, F|100\/100\n|turn|4\n|\n|t:|1700413873\n|switch|p1a: Ballora|Magearna|100\/100\n|move|p2a: Samurott|Ceaseless Edge|p1a: Ballora|[miss]\n|-miss|p2a: Samurott|p1a: Ballora\n|\n|upkeep\n|turn|5\n|c|\u2606VerduOsane|of course I fucking miss..\n|\n|t:|1700413897\n|-terastallize|p2a: Samurott|Water\n|move|p2a: Samurott|Aqua Cutter|p1a: Ballora\n|-damage|p1a: Ballora|46\/100\n|move|p1a: Ballora|Fleur Cannon|p2a: Samurott\n|-damage|p2a: Samurott|0 fnt\n|-unboost|p1a: Ballora|spa|2\n|faint|p2a: Samurott\n|-ability|p1a: Ballora|Soul-Heart|boost\n|-boost|p1a: Ballora|spa|1\n|\n|upkeep\n|\n|t:|1700413908\n|switch|p2a: Goodra|Goodra-Hisui, M|90\/100\n|turn|6\n|\n|t:|1700413917\n|switch|p1a: Ferenna|Oricorio, F, shiny|100\/100\n|move|p2a: Goodra|Body Press|p1a: Ferenna\n|-resisted|p1a: Ferenna\n|-damage|p1a: Ferenna|86\/100\n|\n|-fieldend|move: Psychic Terrain\n|upkeep\n|turn|7\n|\n|t:|1700413923\n|move|p1a: Ferenna|Quiver Dance|p1a: Ferenna\n|-boost|p1a: Ferenna|spa|1\n|-boost|p1a: Ferenna|spd|1\n|-boost|p1a: Ferenna|spe|1\n|move|p2a: Goodra|Dragon Tail|p1a: Ferenna\n|-damage|p1a: Ferenna|42\/100\n|drag|p1a: Couture|Tsareena, F, shiny|100\/100\n|\n|upkeep\n|turn|8\n|\n|t:|1700413933\n|move|p1a: Couture|Trailblaze|p2a: Goodra\n|-resisted|p2a: Goodra\n|-damage|p2a: Goodra|85\/100\n|-boost|p1a: Couture|spe|1\n|-damage|p1a: Couture|84\/100|[from] item: Rocky Helmet|[of] p2a: Goodra\n|-ability|p2a: Goodra|Gooey\n|-unboost|p1a: Couture|spe|1\n|move|p2a: Goodra|Acid Armor|p2a: Goodra\n|-boost|p2a: Goodra|def|2\n|\n|upkeep\n|turn|9\n|c|\u2606Ooniex|Well\n|\n|t:|1700413945\n|move|p1a: Couture|Triple Axel|p2a: Goodra\n|-damage|p2a: Goodra|82\/100\n|-damage|p1a: Couture|68\/100|[from] item: Rocky Helmet|[of] p2a: Goodra\n|-ability|p2a: Goodra|Gooey\n|-unboost|p1a: Couture|spe|1\n|-hitcount|p2a: Goodra|1\n|move|p2a: Goodra|Acid Armor|p2a: Goodra\n|-boost|p2a: Goodra|def|2\n|\n|upkeep\n|turn|10\n|c|\u2606Ooniex|Uh oh\n|\n|t:|1700413958\n|move|p1a: Couture|Teeter Dance|p2a: Goodra\n|-start|p2a: Goodra|confusion\n|-activate|p2a: Goodra|confusion\n|move|p2a: Goodra|Body Press|p1a: Couture\n|-damage|p1a: Couture|4\/100\n|\n|upkeep\n|turn|11\n|\n|t:|1700413989\n|move|p1a: Couture|Power Whip|p2a: Goodra\n|-resisted|p2a: Goodra\n|-damage|p2a: Goodra|77\/100\n|-damage|p1a: Couture|0 fnt|[from] item: Rocky Helmet|[of] p2a: Goodra\n|-ability|p2a: Goodra|Gooey\n|faint|p1a: Couture\n|cant|p2a: Goodra|flinch\n|\n|upkeep\n|c|\u2606Ooniex|Hmm\n|\n|t:|1700414021\n|switch|p1a: Indeedee|Indeedee, M, tera:Psychic|100\/100\n|-fieldstart|move: Psychic Terrain|[from] ability: Psychic Surge|[of] p1a: Indeedee\n|turn|12\n|c|\u2606Ooniex|Beefy ass goodra\n|c|\u2606VerduOsane|wait.. what??\n|c|\u2606VerduOsane|Kings Rock???\n|\n|t:|1700414041\n|move|p1a: Indeedee|Expanding Force|p2a: Goodra\n|-resisted|p2a: Goodra\n|-damage|p2a: Goodra|44\/100\n|-activate|p2a: Goodra|confusion\n|-damage|p2a: Goodra|40\/100|[from] confusion\n|\n|upkeep\n|turn|13\n|c|\u2606VerduOsane|I\u2019m offing myself..\n|c|\u2606Ooniex|Howd u know\n|c|\u2606Ooniex|kings rock\n|c|\u2606VerduOsane|the flinch..\n|c|\u2606Ooniex|Ohh\n|\n|t:|1700414077\n|move|p1a: Indeedee|Expanding Force|p2a: Goodra\n|-resisted|p2a: Goodra\n|-damage|p2a: Goodra|5\/100\n|-activate|p2a: Goodra|confusion\n|-damage|p2a: Goodra|2\/100|[from] confusion\n|\n|upkeep\n|turn|14\n|c|\u2606Ooniex|Yikes\n|c|\u2606VerduOsane|I\u2019m gonna fucking off myself..\n|\n|t:|1700414092\n|move|p1a: Indeedee|Expanding Force|p2a: Goodra\n|-resisted|p2a: Goodra\n|-damage|p2a: Goodra|0 fnt\n|faint|p2a: Goodra\n|\n|upkeep\n|\n|t:|1700414099\n|switch|p2a: Enamorus|Enamorus-Therian, F|100\/100\n|turn|15\n|\n|t:|1700414104\n|switch|p1a: Ballora|Magearna|46\/100\n|move|p2a: Enamorus|Mystical Fire|p1a: Ballora\n|-supereffective|p1a: Ballora\n|-damage|p1a: Ballora|0 fnt\n|faint|p1a: Ballora\n|\n|upkeep\n|c|\u2606Ooniex|Oh damn\n|\n|t:|1700414112\n|switch|p1a: Furina|Primarina, M|100\/100\n|turn|16\n|\n|t:|1700414116\n|move|p1a: Furina|Perish Song|p1a: Furina\n|-start|p1a: Furina|perish3|[silent]\n|-start|p2a: Enamorus|perish3|[silent]\n|-fieldactivate|move: Perish Song\n|-enditem|p1a: Furina|Throat Spray\n|-boost|p1a: Furina|spa|1|[from] item: Throat Spray\n|move|p2a: Enamorus|Calm Mind|p2a: Enamorus\n|-boost|p2a: Enamorus|spa|1\n|-boost|p2a: Enamorus|spd|1\n|\n|-start|p1a: Furina|perish3\n|-start|p2a: Enamorus|perish3\n|-fieldend|move: Psychic Terrain\n|upkeep\n|turn|17\n|\n|t:|1700414126\n|move|p1a: Furina|Echoed Voice|p2a: Enamorus\n|-damage|p2a: Enamorus|79\/100\n|move|p2a: Enamorus|Moonblast|p1a: Furina\n|-damage|p1a: Furina|25\/100\n|\n|-heal|p2a: Enamorus|85\/100|[from] item: Leftovers\n|-start|p1a: Furina|perish2\n|-start|p2a: Enamorus|perish2\n|upkeep\n|turn|18\n|\n|t:|1700414134\n|move|p1a: Furina|Echoed Voice|p2a: Enamorus\n|-damage|p2a: Enamorus|40\/100\n|move|p2a: Enamorus|Moonblast|p1a: Furina\n|-damage|p1a: Furina|0 fnt\n|faint|p1a: Furina\n|\n|-heal|p2a: Enamorus|46\/100|[from] item: Leftovers\n|-start|p2a: Enamorus|perish1\n|upkeep\n|\n|t:|1700414138\n|switch|p1a: Indeedee|Indeedee, M, tera:Psychic|100\/100\n|-fieldstart|move: Psychic Terrain|[from] ability: Psychic Surge|[of] p1a: Indeedee\n|turn|19\n|\n|t:|1700414143\n|move|p1a: Indeedee|Expanding Force|p2a: Enamorus\n|-damage|p2a: Enamorus|0 fnt\n|faint|p2a: Enamorus\n|\n|upkeep\n|\n|t:|1700414154\n|switch|p2a: Ursaluna|Ursaluna, M|100\/100\n|turn|20\n|\n|t:|1700414160\n|move|p1a: Indeedee|Expanding Force|p2a: Ursaluna\n|-damage|p2a: Ursaluna|3\/100\n|move|p2a: Ursaluna|Earthquake|p1a: Indeedee\n|-damage|p1a: Indeedee|0 fnt\n|faint|p1a: Indeedee\n|\n|-status|p2a: Ursaluna|brn|[from] item: Flame Orb\n|upkeep\n|\n|t:|1700414166\n|switch|p1a: Ferenna|Oricorio, F, shiny|42\/100\n|turn|21\n|\n|t:|1700414170\n|move|p1a: Ferenna|Tailwind|p1a: Ferenna\n|-sidestart|p1: Ooniex|move: Tailwind\n|move|p2a: Ursaluna|Facade|p1a: Ferenna\n|-damage|p1a: Ferenna|0 fnt\n|faint|p1a: Ferenna\n|\n|-damage|p2a: Ursaluna|0 fnt|[from] brn\n|faint|p2a: Ursaluna\n|upkeep\n|\n|t:|1700414182\n|switch|p1a: Lola|Lopunny-Mega, M, shiny|84\/100\n|switch|p2a: Sneasler|Sneasler, M|100\/100\n|turn|22\n|\n|t:|1700414189\n|move|p1a: Lola|Acrobatics|p2a: Sneasler\n|-supereffective|p2a: Sneasler\n|-damage|p2a: Sneasler|31\/100\n|move|p2a: Sneasler|Close Combat|p1a: Lola\n|-supereffective|p1a: Lola\n|-damage|p1a: Lola|0 fnt\n|-unboost|p2a: Sneasler|def|1\n|-unboost|p2a: Sneasler|spd|1\n|-enditem|p2a: Sneasler|White Herb\n|-clearnegativeboost|p2a: Sneasler|[silent]\n|faint|p1a: Lola\n|\n|win|VerduOsane\n|raw|Ooniex's rating: 1130 &rarr; <strong>1110<\/strong><br \/>(-20 for losing)\n|raw|VerduOsane's rating: 1207 &rarr; <strong>1227<\/strong><br \/>(+20 for winning)\n|c|\u2606Ooniex|Gg\n|c|\u2606VerduOsane|gg..\n|l|\u2606Ooniex\n","uploadtime":1700414204,"views":26,"p1id":"ooniex","p2id":"verduosane","formatid":"gen9nationaldexubers","rating":1110,"private":0,"password":""}