{"id":"gen9nationaldexubers-1978939713","p1":"NIGHTMARE387","p2":"mrpiko96","format":"[Gen 9] National Dex Ubers","log":"|j|\u2606NIGHTMARE387\n|j|\u2606mrpiko96\n|t:|1698612539\n|gametype|singles\n|player|p1|NIGHTMARE387|266|1057\n|player|p2|mrpiko96|volo|1018\n|teamsize|p1|3\n|teamsize|p2|2\n|gen|9\n|tier|[Gen 9] National Dex Ubers\n|rated|\n|rule|HP Percentage Mod: HP is shown in percentages\n|rule|Endless Battle Clause: Forcing endless battles is banned\n|rule|OHKO Clause: OHKO moves are banned\n|rule|Evasion Moves Clause: Evasion moves are banned\n|rule|Evasion Items Clause: Evasion items are banned\n|rule|Species Clause: Limit one of each Pok\u00e9mon\n|rule|Sleep Clause Mod: Limit one foe put to sleep\n|rule|Mega Rayquaza Clause: You cannot mega evolve Rayquaza\n|clearpoke\n|poke|p1|Aron, L1, M|\n|poke|p1|Hippopotas, M|\n|poke|p1|Tyranitar, F|\n|poke|p2|Azumarill, F|\n|poke|p2|Mimikyu, M|\n|teampreview\n|c|\u2606mrpiko96|heh\n|c|\u2606mrpiko96|WE BOTH HAVE DUPE TEAMS\n|c|\u2606NIGHTMARE387|This ruins my strat conpletely\n|c|\u2606mrpiko96|lmao\n|c|\u2606NIGHTMARE387|Lmao\n|\n|t:|1698612562\n|start\n|switch|p1a: Hippopotas|Hippopotas, M|100\/100\n|switch|p2a: Azumarill|Azumarill, F|100\/100\n|-weather|Sandstorm|[from] ability: Sand Stream|[of] p1a: Hippopotas\n|turn|1\n|\n|t:|1698612595\n|move|p1a: Hippopotas|Earthquake|p2a: Azumarill\n|-damage|p2a: Azumarill|64\/100\n|move|p2a: Azumarill|Whirlpool|p1a: Hippopotas\n|-supereffective|p1a: Hippopotas\n|-damage|p1a: Hippopotas|62\/100\n|-activate|p1a: Hippopotas|move: Whirlpool|[of] p2a: Azumarill\n|\n|-weather|Sandstorm|[upkeep]\n|-damage|p2a: Azumarill|58\/100|[from] Sandstorm\n|-damage|p1a: Hippopotas|49\/100|[from] move: Whirlpool|[partiallytrapped]\n|upkeep\n|turn|2\n|\n|t:|1698612603\n|move|p1a: Hippopotas|Earthquake|p2a: Azumarill\n|-damage|p2a: Azumarill|24\/100\n|-enditem|p2a: Azumarill|Sitrus Berry|[eat]\n|-heal|p2a: Azumarill|49\/100|[from] item: Sitrus Berry\n|move|p2a: Azumarill|Perish Song|p2a: Azumarill\n|-start|p1a: Hippopotas|perish3|[silent]\n|-start|p2a: Azumarill|perish3|[silent]\n|-fieldactivate|move: Perish Song\n|\n|-weather|Sandstorm|[upkeep]\n|-damage|p2a: Azumarill|42\/100|[from] Sandstorm\n|-damage|p1a: Hippopotas|37\/100|[from] move: Whirlpool|[partiallytrapped]\n|-start|p1a: Hippopotas|perish3\n|-start|p2a: Azumarill|perish3\n|upkeep\n|turn|3\n|\n|t:|1698612609\n|move|p1a: Hippopotas|Earthquake|p2a: Azumarill\n|-damage|p2a: Azumarill|7\/100\n|move|p2a: Azumarill|Belly Drum||[still]\n|-fail|p2a: Azumarill\n|\n|-weather|Sandstorm|[upkeep]\n|-damage|p2a: Azumarill|1\/100|[from] Sandstorm\n|-damage|p1a: Hippopotas|25\/100|[from] move: Whirlpool|[partiallytrapped]\n|-start|p1a: Hippopotas|perish2\n|-start|p2a: Azumarill|perish2\n|upkeep\n|turn|4\n|\n|t:|1698612617\n|move|p1a: Hippopotas|Earthquake|p2a: Azumarill\n|-damage|p2a: Azumarill|0 fnt\n|faint|p2a: Azumarill\n|\n|-weather|Sandstorm|[upkeep]\n|-end|p1a: Hippopotas|Whirlpool|[partiallytrapped]|[silent]\n|-start|p1a: Hippopotas|perish1\n|upkeep\n|\n|t:|1698612622\n|switch|p2a: Heartless|Mimikyu, M, shiny|100\/100\n|turn|5\n|c|\u2606NIGHTMARE387|This mimikyu ruins my entire plan\n|\n|t:|1698612632\n|move|p2a: Heartless|Copycat|p2a: Heartless\n|move|p2a: Heartless|Earthquake|p1a: Hippopotas|[from]move: Copycat\n|-damage|p1a: Hippopotas|0 fnt\n|faint|p1a: Hippopotas\n|\n|-weather|none\n|upkeep\n|\n|t:|1698612636\n|switch|p1a: Tyranitar|Tyranitar, F|100\/100\n|-weather|Sandstorm|[from] ability: Sand Stream|[of] p1a: Tyranitar\n|turn|6\n|c|\u2606mrpiko96|lol\n|\n|t:|1698612642\n|move|p1a: Tyranitar|Crunch|p2a: Heartless\n|-activate|p2a: Heartless|ability: Disguise\n|-damage|p2a: Heartless|100\/100\n|detailschange|p2a: Heartless|Mimikyu-Busted, M, shiny\n|-damage|p2a: Heartless|88\/100|[from] pokemon: Mimikyu-Busted\n|move|p2a: Heartless|Drain Punch|p1a: Tyranitar\n|-supereffective|p1a: Tyranitar\n|-damage|p1a: Tyranitar|24\/100\n|-heal|p2a: Heartless|100\/100|[from] drain|[of] p1a: Tyranitar\n|\n|-weather|Sandstorm|[upkeep]\n|-damage|p2a: Heartless|95\/100|[from] Sandstorm\n|upkeep\n|turn|7\n|\n|t:|1698612654\n|move|p1a: Tyranitar|Crunch|p2a: Heartless\n|-damage|p2a: Heartless|26\/100\n|-enditem|p2a: Heartless|Sitrus Berry|[eat]\n|-heal|p2a: Heartless|51\/100|[from] item: Sitrus Berry\n|move|p2a: Heartless|Drain Punch|p1a: Tyranitar\n|-supereffective|p1a: Tyranitar\n|-damage|p1a: Tyranitar|0 fnt\n|-heal|p2a: Heartless|67\/100|[from] drain|[of] p1a: Tyranitar\n|faint|p1a: Tyranitar\n|\n|-weather|Sandstorm|[upkeep]\n|-damage|p2a: Heartless|61\/100|[from] Sandstorm\n|upkeep\n|\n|t:|1698612658\n|switch|p1a: Aron|Aron, L1, M|100\/100\n|turn|8\n|\n|t:|1698612666\n|-terastallize|p1a: Aron|Steel\n|move|p2a: Heartless|Drain Punch|p1a: Aron\n|-supereffective|p1a: Aron\n|-ability|p1a: Aron|Sturdy\n|-damage|p1a: Aron|9\/100\n|-heal|p2a: Heartless|63\/100|[from] drain|[of] p1a: Aron\n|move|p1a: Aron|Earthquake|p2a: Heartless\n|-damage|p2a: Heartless|63\/100\n|-heal|p1a: Aron|17\/100|[from] item: Shell Bell|[of] p2a: Heartless\n|\n|-weather|Sandstorm|[upkeep]\n|-damage|p2a: Heartless|57\/100|[from] Sandstorm\n|upkeep\n|turn|9\n|\n|t:|1698612680\n|move|p2a: Heartless|Drain Punch|p1a: Aron\n|-supereffective|p1a: Aron\n|-damage|p1a: Aron|0 fnt\n|-heal|p2a: Heartless|57\/100|[from] drain|[of] p1a: Aron\n|faint|p1a: Aron\n|\n|win|mrpiko96\n|raw|NIGHTMARE387's rating: 1057 &rarr; <strong>1036<\/strong><br \/>(-21 for losing)\n|raw|mrpiko96's rating: 1018 &rarr; <strong>1059<\/strong><br \/>(+41 for winning)\n|c|\u2606NIGHTMARE387|Gg\n|l|\u2606NIGHTMARE387\n","uploadtime":1698612694,"views":18,"p1id":"nightmare387","p2id":"mrpiko96","formatid":"gen9nationaldexubers","rating":1036,"private":0,"password":""}