{"id":"gen9nationaldexubers-1999423224","p1":"harvedru19","p2":"Th3Soci3ty","format":"[Gen 9] National Dex Ubers","log":"|j|\u2606harvedru19\n|j|\u2606Th3Soci3ty\n|t:|1701078062\n|gametype|singles\n|player|p1|harvedru19|tate|1108\n|player|p2|Th3Soci3ty|zinzolin|1048\n|teamsize|p1|6\n|teamsize|p2|6\n|gen|9\n|tier|[Gen 9] National Dex Ubers\n|rated|\n|rule|HP Percentage Mod: HP is shown in percentages\n|rule|Endless Battle Clause: Forcing endless battles is banned\n|rule|OHKO Clause: OHKO moves are banned\n|rule|Evasion Moves Clause: Evasion moves are banned\n|rule|Evasion Items Clause: Evasion items are banned\n|rule|Species Clause: Limit one of each Pok\u00e9mon\n|rule|Sleep Clause Mod: Limit one foe put to sleep\n|rule|Mega Rayquaza Clause: You cannot mega evolve Rayquaza\n|clearpoke\n|poke|p1|Sableye, M|\n|poke|p1|Klefki, F|\n|poke|p1|Araquanid, F|\n|poke|p1|Minior-Indigo|\n|poke|p1|Flutter Mane|\n|poke|p1|Serperior, M|\n|poke|p2|Shuckle, M|\n|poke|p2|Gliscor, M|\n|poke|p2|Florges, F|\n|poke|p2|Goodra, F|\n|poke|p2|Probopass, M|\n|poke|p2|Metagross|\n|teampreview\n|\n|t:|1701078068\n|start\n|switch|p1a: Araquanid|Araquanid, F|100\/100\n|switch|p2a: Shuckle|Shuckle, M|100\/100\n|turn|1\n|\n|t:|1701078072\n|move|p1a: Araquanid|Sticky Web|p2a: Shuckle\n|-sidestart|p2: Th3Soci3ty|move: Sticky Web\n|move|p2a: Shuckle|Toxic|p1a: Araquanid\n|-status|p1a: Araquanid|tox\n|\n|-damage|p1a: Araquanid|94\/100 tox|[from] psn\n|upkeep\n|turn|2\n|\n|t:|1701078076\n|move|p1a: Araquanid|Liquidation|p2a: Shuckle\n|-supereffective|p2a: Shuckle\n|-damage|p2a: Shuckle|24\/100\n|move|p2a: Shuckle|Infestation|p1a: Araquanid\n|-damage|p1a: Araquanid|93\/100 tox\n|-activate|p1a: Araquanid|move: Infestation|[of] p2a: Shuckle\n|\n|-heal|p1a: Araquanid|99\/100 tox|[from] item: Leftovers\n|-damage|p1a: Araquanid|87\/100 tox|[from] psn\n|-damage|p1a: Araquanid|75\/100 tox|[from] move: Infestation|[partiallytrapped]\n|upkeep\n|turn|3\n|\n|t:|1701078085\n|move|p1a: Araquanid|Liquidation|p2a: Shuckle\n|-supereffective|p2a: Shuckle\n|-damage|p2a: Shuckle|0 fnt\n|faint|p2a: Shuckle\n|\n|-heal|p1a: Araquanid|81\/100 tox|[from] item: Leftovers\n|-damage|p1a: Araquanid|63\/100 tox|[from] psn\n|-end|p1a: Araquanid|Infestation|[partiallytrapped]|[silent]\n|upkeep\n|\n|t:|1701078092\n|switch|p2a: Goodra|Goodra, F|100\/100\n|-activate|p2a: Goodra|move: Sticky Web\n|-unboost|p2a: Goodra|spe|1\n|turn|4\n|\n|t:|1701078098\n|move|p2a: Goodra|Acid Spray|p1a: Araquanid\n|-damage|p1a: Araquanid|55\/100 tox\n|-unboost|p1a: Araquanid|spd|2\n|move|p1a: Araquanid|Leech Life|p2a: Goodra\n|-damage|p2a: Goodra|76\/100\n|-heal|p1a: Araquanid|67\/100 tox|[from] drain|[of] p2a: Goodra\n|\n|-heal|p1a: Araquanid|73\/100 tox|[from] item: Leftovers\n|-damage|p1a: Araquanid|49\/100 tox|[from] psn\n|upkeep\n|turn|5\n|\n|t:|1701078105\n|move|p2a: Goodra|Flamethrower|p1a: Araquanid\n|-damage|p1a: Araquanid|32\/100 tox\n|move|p1a: Araquanid|Leech Life|p2a: Goodra\n|-damage|p2a: Goodra|50\/100\n|-heal|p1a: Araquanid|45\/100 tox|[from] drain|[of] p2a: Goodra\n|\n|-heal|p1a: Araquanid|51\/100 tox|[from] item: Leftovers\n|-damage|p1a: Araquanid|20\/100 tox|[from] psn\n|upkeep\n|turn|6\n|\n|t:|1701078109\n|move|p2a: Goodra|Acid Spray|p1a: Araquanid\n|-damage|p1a: Araquanid|4\/100 tox\n|-unboost|p1a: Araquanid|spd|2\n|move|p1a: Araquanid|Leech Life|p2a: Goodra\n|-damage|p2a: Goodra|25\/100\n|-heal|p1a: Araquanid|17\/100 tox|[from] drain|[of] p2a: Goodra\n|\n|-heal|p1a: Araquanid|23\/100 tox|[from] item: Leftovers\n|-damage|p1a: Araquanid|0 fnt|[from] psn\n|faint|p1a: Araquanid\n|upkeep\n|\n|t:|1701078114\n|switch|p1a: Minior|Minior-Indigo|100\/100\n|-formechange|p1a: Minior|Minior-Meteor||[from] ability: Shields Down\n|turn|7\n|\n|t:|1701078119\n|move|p1a: Minior|Shell Smash|p1a: Minior\n|-unboost|p1a: Minior|def|1\n|-unboost|p1a: Minior|spd|1\n|-boost|p1a: Minior|atk|2\n|-boost|p1a: Minior|spa|2\n|-boost|p1a: Minior|spe|2\n|-enditem|p1a: Minior|White Herb\n|-clearnegativeboost|p1a: Minior|[silent]\n|move|p2a: Goodra|Acid Spray|p1a: Minior\n|-resisted|p1a: Minior\n|-damage|p1a: Minior|94\/100\n|-unboost|p1a: Minior|spd|2\n|\n|upkeep\n|turn|8\n|\n|t:|1701078124\n|move|p1a: Minior|Acrobatics|p2a: Goodra\n|-damage|p2a: Goodra|0 fnt\n|faint|p2a: Goodra\n|\n|upkeep\n|\n|t:|1701078127\n|switch|p2a: Probopass|Probopass, M|100\/100\n|-activate|p2a: Probopass|move: Sticky Web\n|-unboost|p2a: Probopass|spe|1\n|turn|9\n|\n|t:|1701078132\n|move|p1a: Minior|Earthquake|p2a: Probopass\n|-supereffective|p2a: Probopass\n|-ability|p2a: Probopass|Sturdy\n|-damage|p2a: Probopass|1\/100\n|move|p2a: Probopass|Power Gem|p1a: Minior\n|-supereffective|p1a: Minior\n|-damage|p1a: Minior|0 fnt\n|faint|p1a: Minior\n|\n|upkeep\n|\n|t:|1701078141\n|switch|p1a: Serperior|Serperior, M|100\/100\n|turn|10\n|\n|t:|1701078145\n|move|p1a: Serperior|Leaf Storm|p2a: Probopass\n|-damage|p2a: Probopass|0 fnt\n|-boost|p1a: Serperior|spa|2\n|faint|p2a: Probopass\n|\n|upkeep\n|\n|t:|1701078149\n|switch|p2a: Florges|Florges, F|100\/100\n|-activate|p2a: Florges|move: Sticky Web\n|-unboost|p2a: Florges|spe|1\n|turn|11\n|\n|t:|1701078152\n|move|p1a: Serperior|Leaf Storm|p2a: Florges\n|-damage|p2a: Florges|38\/100\n|-boost|p1a: Serperior|spa|2\n|move|p2a: Florges|Calm Mind|p2a: Florges\n|-boost|p2a: Florges|spa|1\n|-boost|p2a: Florges|spd|1\n|\n|-heal|p2a: Florges|44\/100|[from] item: Leftovers\n|upkeep\n|turn|12\n|\n|t:|1701078155\n|move|p1a: Serperior|Leaf Storm|p2a: Florges|[miss]\n|-miss|p1a: Serperior|p2a: Florges\n|move|p2a: Florges|Synthesis|p2a: Florges\n|-heal|p2a: Florges|94\/100\n|\n|-heal|p2a: Florges|99\/100|[from] item: Leftovers\n|upkeep\n|turn|13\n|\n|t:|1701078158\n|move|p1a: Serperior|Leaf Storm|p2a: Florges\n|-damage|p2a: Florges|40\/100\n|-boost|p1a: Serperior|spa|2\n|move|p2a: Florges|Calm Mind|p2a: Florges\n|-boost|p2a: Florges|spa|1\n|-boost|p2a: Florges|spd|1\n|\n|-heal|p2a: Florges|46\/100|[from] item: Leftovers\n|upkeep\n|turn|14\n|\n|t:|1701078162\n|move|p1a: Serperior|Leaf Storm|p2a: Florges\n|-damage|p2a: Florges|0 fnt\n|faint|p2a: Florges\n|\n|upkeep\n|\n|t:|1701078165\n|switch|p2a: Gliscor|Gliscor, M|100\/100\n|turn|15\n|\n|t:|1701078171\n|move|p1a: Serperior|Protect|p1a: Serperior\n|-singleturn|p1a: Serperior|Protect\n|move|p2a: Gliscor|Roost||[still]\n|-fail|p2a: Gliscor|heal\n|\n|-status|p2a: Gliscor|tox|[from] item: Toxic Orb\n|upkeep\n|turn|16\n|\n|t:|1701078176\n|move|p1a: Serperior|Leaf Storm|p2a: Gliscor\n|-damage|p2a: Gliscor|0 fnt\n|faint|p2a: Gliscor\n|\n|upkeep\n|\n|t:|1701078178\n|switch|p2a: Metagross|Metagross|100\/100\n|-activate|p2a: Metagross|move: Sticky Web\n|-fail|p2a: Metagross|unboost|[from] ability: Clear Body|[of] p2a: Metagross\n|turn|17\n|\n|t:|1701078184\n|detailschange|p2a: Metagross|Metagross-Mega\n|-mega|p2a: Metagross|Metagross|Metagrossite\n|-terastallize|p1a: Serperior|Electric\n|move|p1a: Serperior|Hidden Power|p2a: Metagross\n|-damage|p2a: Metagross|2\/100\n|move|p2a: Metagross|Meteor Mash|p1a: Serperior\n|-resisted|p1a: Serperior\n|-damage|p1a: Serperior|58\/100\n|-boost|p2a: Metagross|atk|1\n|\n|-heal|p1a: Serperior|64\/100|[from] item: Leftovers\n|upkeep\n|turn|18\n|\n|t:|1701078188\n|move|p1a: Serperior|Hidden Power|p2a: Metagross\n|-damage|p2a: Metagross|0 fnt\n|faint|p2a: Metagross\n|\n|win|harvedru19\n|raw|harvedru19's rating: 1108 &rarr; <strong>1129<\/strong><br \/>(+21 for winning)\n|raw|Th3Soci3ty's rating: 1048 &rarr; <strong>1034<\/strong><br \/>(-14 for losing)\n|l|\u2606harvedru19\n","uploadtime":1701078193,"views":5,"p1id":"harvedru19","p2id":"th3soci3ty","formatid":"gen9nationaldexubers","rating":1034,"private":0,"password":""}