{"id":"gen9nationaldexubers-1985750213","p1":"FLOWER-M0DE\u267b\ufe0f","p2":"Nightmarelife45","format":"[Gen 9] National Dex Ubers","log":"|j|\u2606FLOWER-M0DE\u267b\ufe0f\n|j|\u2606Nightmarelife45\n|t:|1699402269\n|gametype|singles\n|player|p1|FLOWER-M0DE\u267b\ufe0f|erika-masters|1062\n|player|p2|Nightmarelife45|fisherman-gen4|1066\n|teamsize|p1|6\n|teamsize|p2|6\n|gen|9\n|tier|[Gen 9] National Dex Ubers\n|rated|\n|rule|HP Percentage Mod: HP is shown in percentages\n|rule|Endless Battle Clause: Forcing endless battles is banned\n|rule|OHKO Clause: OHKO moves are banned\n|rule|Evasion Moves Clause: Evasion moves are banned\n|rule|Evasion Items Clause: Evasion items are banned\n|rule|Species Clause: Limit one of each Pok\u00e9mon\n|rule|Sleep Clause Mod: Limit one foe put to sleep\n|rule|Mega Rayquaza Clause: You cannot mega evolve Rayquaza\n|clearpoke\n|poke|p1|Ferrothorn, M|\n|poke|p1|Chesnaught, M|\n|poke|p1|Electrode-Hisui|\n|poke|p1|Roserade, F|\n|poke|p1|Lurantis, F|\n|poke|p1|Leavanny, F|\n|poke|p2|Togekiss, M|\n|poke|p2|Mamoswine, F|\n|poke|p2|Togedemaru, M|\n|poke|p2|Breloom, F|\n|poke|p2|Uxie|\n|poke|p2|Clodsire, M|\n|teampreview\n|\n|t:|1699402282\n|start\n|switch|p1a: \ud83c\udf31\ud83c\udf43LEAVANNY\ud83c\udf43\u2618\ufe0f|Leavanny, F|100\/100\n|switch|p2a: Togekiss|Togekiss, M|100\/100\n|turn|1\n|\n|t:|1699402290\n|move|p1a: \ud83c\udf31\ud83c\udf43LEAVANNY\ud83c\udf43\u2618\ufe0f|String Shot|p2a: Togekiss\n|-unboost|p2a: Togekiss|spe|2\n|move|p2a: Togekiss|Air Slash|p1a: \ud83c\udf31\ud83c\udf43LEAVANNY\ud83c\udf43\u2618\ufe0f\n|-supereffective|p1a: \ud83c\udf31\ud83c\udf43LEAVANNY\ud83c\udf43\u2618\ufe0f\n|-enditem|p1a: \ud83c\udf31\ud83c\udf43LEAVANNY\ud83c\udf43\u2618\ufe0f|Focus Sash\n|-damage|p1a: \ud83c\udf31\ud83c\udf43LEAVANNY\ud83c\udf43\u2618\ufe0f|1\/100\n|\n|upkeep\n|turn|2\n|\n|t:|1699402301\n|move|p1a: \ud83c\udf31\ud83c\udf43LEAVANNY\ud83c\udf43\u2618\ufe0f|Sticky Web|p2a: Togekiss\n|-sidestart|p2: Nightmarelife45|move: Sticky Web\n|move|p2a: Togekiss|Air Slash|p1a: \ud83c\udf31\ud83c\udf43LEAVANNY\ud83c\udf43\u2618\ufe0f\n|-supereffective|p1a: \ud83c\udf31\ud83c\udf43LEAVANNY\ud83c\udf43\u2618\ufe0f\n|-damage|p1a: \ud83c\udf31\ud83c\udf43LEAVANNY\ud83c\udf43\u2618\ufe0f|0 fnt\n|faint|p1a: \ud83c\udf31\ud83c\udf43LEAVANNY\ud83c\udf43\u2618\ufe0f\n|\n|upkeep\n|\n|t:|1699402313\n|switch|p1a: \ud83c\udf3fELECTRODE\ud83e\udeb4\ud83c\udf31|Electrode-Hisui|100\/100\n|turn|3\n|\n|t:|1699402317\n|move|p1a: \ud83c\udf3fELECTRODE\ud83e\udeb4\ud83c\udf31|Thunderbolt|p2a: Togekiss\n|-supereffective|p2a: Togekiss\n|-damage|p2a: Togekiss|45\/100\n|move|p2a: Togekiss|Air Slash|p1a: \ud83c\udf3fELECTRODE\ud83e\udeb4\ud83c\udf31\n|-damage|p1a: \ud83c\udf3fELECTRODE\ud83e\udeb4\ud83c\udf31|51\/100\n|\n|upkeep\n|turn|4\n|\n|t:|1699402327\n|move|p1a: \ud83c\udf3fELECTRODE\ud83e\udeb4\ud83c\udf31|Thunderbolt|p2a: Togekiss\n|-supereffective|p2a: Togekiss\n|-damage|p2a: Togekiss|0 fnt\n|faint|p2a: Togekiss\n|\n|upkeep\n|\n|t:|1699402331\n|switch|p2a: Clodsire|Clodsire, M|100\/100\n|turn|5\n|\n|t:|1699402336\n|move|p1a: \ud83c\udf3fELECTRODE\ud83e\udeb4\ud83c\udf31|Grassy Terrain|p1a: \ud83c\udf3fELECTRODE\ud83e\udeb4\ud83c\udf31\n|-fieldstart|move: Grassy Terrain\n|move|p2a: Clodsire|Poison Jab|p1a: \ud83c\udf3fELECTRODE\ud83e\udeb4\ud83c\udf31\n|-supereffective|p1a: \ud83c\udf3fELECTRODE\ud83e\udeb4\ud83c\udf31\n|-damage|p1a: \ud83c\udf3fELECTRODE\ud83e\udeb4\ud83c\udf31|0 fnt\n|faint|p1a: \ud83c\udf3fELECTRODE\ud83e\udeb4\ud83c\udf31\n|\n|upkeep\n|\n|t:|1699402345\n|switch|p1a: \ud83d\udc90\ud83c\udf37LURANTIS\ud83c\udf37\ud83d\udc90|Lurantis, F, shiny|100\/100\n|turn|6\n|\n|t:|1699402351\n|-terastallize|p1a: \ud83d\udc90\ud83c\udf37LURANTIS\ud83c\udf37\ud83d\udc90|Grass\n|move|p1a: \ud83d\udc90\ud83c\udf37LURANTIS\ud83c\udf37\ud83d\udc90|Leaf Storm|p2a: Clodsire\n|-damage|p2a: Clodsire|38\/100\n|-boost|p1a: \ud83d\udc90\ud83c\udf37LURANTIS\ud83c\udf37\ud83d\udc90|spa|2\n|move|p2a: Clodsire|Poison Jab|p1a: \ud83d\udc90\ud83c\udf37LURANTIS\ud83c\udf37\ud83d\udc90\n|-supereffective|p1a: \ud83d\udc90\ud83c\udf37LURANTIS\ud83c\udf37\ud83d\udc90\n|-damage|p1a: \ud83d\udc90\ud83c\udf37LURANTIS\ud83c\udf37\ud83d\udc90|41\/100\n|\n|-heal|p1a: \ud83d\udc90\ud83c\udf37LURANTIS\ud83c\udf37\ud83d\udc90|47\/100|[from] Grassy Terrain\n|-heal|p2a: Clodsire|44\/100|[from] Grassy Terrain\n|upkeep\n|turn|7\n|\n|t:|1699402366\n|move|p1a: \ud83d\udc90\ud83c\udf37LURANTIS\ud83c\udf37\ud83d\udc90|Leaf Storm|p2a: Clodsire\n|-damage|p2a: Clodsire|0 fnt\n|-boost|p1a: \ud83d\udc90\ud83c\udf37LURANTIS\ud83c\udf37\ud83d\udc90|spa|2\n|faint|p2a: Clodsire\n|\n|-heal|p1a: \ud83d\udc90\ud83c\udf37LURANTIS\ud83c\udf37\ud83d\udc90|53\/100|[from] Grassy Terrain\n|upkeep\n|\n|t:|1699402373\n|switch|p2a: Togedemaru|Togedemaru, M|100\/100\n|-activate|p2a: Togedemaru|move: Sticky Web\n|-unboost|p2a: Togedemaru|spe|1\n|turn|8\n|\n|t:|1699402378\n|move|p2a: Togedemaru|Fake Out|p1a: \ud83d\udc90\ud83c\udf37LURANTIS\ud83c\udf37\ud83d\udc90\n|-damage|p1a: \ud83d\udc90\ud83c\udf37LURANTIS\ud83c\udf37\ud83d\udc90|40\/100\n|cant|p1a: \ud83d\udc90\ud83c\udf37LURANTIS\ud83c\udf37\ud83d\udc90|flinch\n|\n|-heal|p1a: \ud83d\udc90\ud83c\udf37LURANTIS\ud83c\udf37\ud83d\udc90|46\/100|[from] Grassy Terrain\n|upkeep\n|turn|9\n|\n|t:|1699402386\n|move|p1a: \ud83d\udc90\ud83c\udf37LURANTIS\ud83c\udf37\ud83d\udc90|Leaf Storm|p2a: Togedemaru\n|-resisted|p2a: Togedemaru\n|-damage|p2a: Togedemaru|0 fnt\n|-boost|p1a: \ud83d\udc90\ud83c\udf37LURANTIS\ud83c\udf37\ud83d\udc90|spa|2\n|faint|p2a: Togedemaru\n|\n|-heal|p1a: \ud83d\udc90\ud83c\udf37LURANTIS\ud83c\udf37\ud83d\udc90|52\/100|[from] Grassy Terrain\n|upkeep\n|\n|t:|1699402394\n|switch|p2a: Mamoswine|Mamoswine, F|100\/100\n|-activate|p2a: Mamoswine|move: Sticky Web\n|-unboost|p2a: Mamoswine|spe|1\n|turn|10\n|\n|t:|1699402399\n|move|p2a: Mamoswine|Detect|p2a: Mamoswine\n|-singleturn|p2a: Mamoswine|Protect\n|move|p1a: \ud83d\udc90\ud83c\udf37LURANTIS\ud83c\udf37\ud83d\udc90|Leaf Storm|p2a: Mamoswine\n|-activate|p2a: Mamoswine|move: Protect\n|\n|-heal|p1a: \ud83d\udc90\ud83c\udf37LURANTIS\ud83c\udf37\ud83d\udc90|59\/100|[from] Grassy Terrain\n|upkeep\n|turn|11\n|\n|t:|1699402408\n|move|p1a: \ud83d\udc90\ud83c\udf37LURANTIS\ud83c\udf37\ud83d\udc90|Giga Drain|p2a: Mamoswine\n|-supereffective|p2a: Mamoswine\n|-damage|p2a: Mamoswine|0 fnt\n|-heal|p1a: \ud83d\udc90\ud83c\udf37LURANTIS\ud83c\udf37\ud83d\udc90|100\/100|[from] drain|[of] p2a: Mamoswine\n|faint|p2a: Mamoswine\n|\n|upkeep\n|\n|t:|1699402413\n|switch|p2a: Uxie|Uxie|100\/100\n|turn|12\n|\n|t:|1699402417\n|move|p2a: Uxie|Extrasensory|p1a: \ud83d\udc90\ud83c\udf37LURANTIS\ud83c\udf37\ud83d\udc90\n|-damage|p1a: \ud83d\udc90\ud83c\udf37LURANTIS\ud83c\udf37\ud83d\udc90|60\/100\n|move|p1a: \ud83d\udc90\ud83c\udf37LURANTIS\ud83c\udf37\ud83d\udc90|Leaf Storm|p2a: Uxie\n|-damage|p2a: Uxie|0 fnt\n|faint|p2a: Uxie\n|\n|-heal|p1a: \ud83d\udc90\ud83c\udf37LURANTIS\ud83c\udf37\ud83d\udc90|66\/100|[from] Grassy Terrain\n|-fieldend|move: Grassy Terrain\n|upkeep\n|\n|t:|1699402425\n|switch|p2a: Breloom|Breloom, F|100\/100\n|-activate|p2a: Breloom|move: Sticky Web\n|-unboost|p2a: Breloom|spe|1\n|turn|13\n|\n|t:|1699402430\n|move|p1a: \ud83d\udc90\ud83c\udf37LURANTIS\ud83c\udf37\ud83d\udc90|Grassy Terrain|p1a: \ud83d\udc90\ud83c\udf37LURANTIS\ud83c\udf37\ud83d\udc90\n|-fieldstart|move: Grassy Terrain\n|move|p2a: Breloom|Drain Punch|p1a: \ud83d\udc90\ud83c\udf37LURANTIS\ud83c\udf37\ud83d\udc90\n|-damage|p1a: \ud83d\udc90\ud83c\udf37LURANTIS\ud83c\udf37\ud83d\udc90|22\/100\n|\n|-heal|p1a: \ud83d\udc90\ud83c\udf37LURANTIS\ud83c\udf37\ud83d\udc90|28\/100|[from] Grassy Terrain\n|-status|p2a: Breloom|tox|[from] item: Toxic Orb\n|upkeep\n|turn|14\n|\n|t:|1699402439\n|move|p1a: \ud83d\udc90\ud83c\udf37LURANTIS\ud83c\udf37\ud83d\udc90|Leaf Storm|p2a: Breloom\n|-resisted|p2a: Breloom\n|-damage|p2a: Breloom|0 fnt\n|faint|p2a: Breloom\n|\n|win|FLOWER-M0DE\u267b\ufe0f\n|raw|FLOWER-M0DE\u267b\ufe0f's rating: 1062 &rarr; <strong>1093<\/strong><br \/>(+31 for winning)\n|raw|Nightmarelife45's rating: 1066 &rarr; <strong>1046<\/strong><br \/>(-20 for losing)\n|c|\u2606Nightmarelife45|gg\n|l|\u2606Nightmarelife45\n","uploadtime":1699402451,"views":6,"p1id":"flowerm0de","p2id":"nightmarelife45","formatid":"gen9nationaldexubers","rating":1046,"private":0,"password":""}