{"id":"gen9nationaldexubers-1985746181","p1":"cjyjgvyki","p2":"VagnerLove4469","format":"[Gen 9] National Dex Ubers","log":"|j|\u2606cjyjgvyki\n|j|\u2606VagnerLove4469\n|t:|1699401837\n|gametype|singles\n|player|p1|cjyjgvyki|265|1131\n|player|p2|VagnerLove4469|102|1074\n|teamsize|p1|6\n|teamsize|p2|6\n|gen|9\n|tier|[Gen 9] National Dex Ubers\n|rated|\n|rule|HP Percentage Mod: HP is shown in percentages\n|rule|Endless Battle Clause: Forcing endless battles is banned\n|rule|OHKO Clause: OHKO moves are banned\n|rule|Evasion Moves Clause: Evasion moves are banned\n|rule|Evasion Items Clause: Evasion items are banned\n|rule|Species Clause: Limit one of each Pok\u00e9mon\n|rule|Sleep Clause Mod: Limit one foe put to sleep\n|rule|Mega Rayquaza Clause: You cannot mega evolve Rayquaza\n|clearpoke\n|poke|p1|Kyurem-White|\n|poke|p1|Groudon|\n|poke|p1|Darmanitan-Galar, M|\n|poke|p1|Necrozma-Dawn-Wings|\n|poke|p1|Tapu Lele|\n|poke|p1|Lilligant-Hisui, F|\n|poke|p2|Salamence, F|\n|poke|p2|Cinderace, F|\n|poke|p2|Probopass, M|\n|poke|p2|Gliscor, M|\n|poke|p2|Mantine, F|\n|poke|p2|Tyranitar, F|\n|teampreview\n|inactive|Battle timer is ON: inactive players will automatically lose when time's up. (requested by cjyjgvyki)\n|\n|t:|1699401852\n|start\n|switch|p1a: Groudon|Groudon|100\/100\n|switch|p2a: Tyranitar|Tyranitar, F|100\/100\n|-weather|SunnyDay|[from] ability: Drought|[of] p1a: Groudon\n|-weather|Sandstorm|[from] ability: Sand Stream|[of] p2a: Tyranitar\n|turn|1\n|\n|t:|1699401867\n|move|p1a: Groudon|Precipice Blades|p2a: Tyranitar\n|-supereffective|p2a: Tyranitar\n|-damage|p2a: Tyranitar|0 fnt\n|faint|p2a: Tyranitar\n|\n|-weather|Sandstorm|[upkeep]\n|upkeep\n|\n|t:|1699401877\n|switch|p2a: Mantine|Mantine, F|100\/100\n|turn|2\n|\n|t:|1699401882\n|switch|p1a: Tapu Lele|Tapu Lele|100\/100\n|-fieldstart|move: Psychic Terrain|[from] ability: Psychic Surge|[of] p1a: Tapu Lele\n|move|p2a: Mantine|Toxic|p1a: Tapu Lele\n|-status|p1a: Tapu Lele|tox\n|\n|-weather|Sandstorm|[upkeep]\n|-damage|p1a: Tapu Lele|94\/100 tox|[from] Sandstorm\n|-damage|p2a: Mantine|94\/100|[from] Sandstorm\n|-heal|p1a: Tapu Lele|100\/100 tox|[from] item: Leftovers\n|-damage|p1a: Tapu Lele|94\/100 tox|[from] psn\n|upkeep\n|turn|3\n|\n|t:|1699401901\n|move|p1a: Tapu Lele|Gravity|p1a: Tapu Lele\n|-fieldstart|move: Gravity\n|move|p2a: Mantine|Defog|p1a: Tapu Lele\n|-unboost|p1a: Tapu Lele|evasion|1\n|-fieldend|move: Psychic Terrain\n|\n|-weather|Sandstorm|[upkeep]\n|-damage|p1a: Tapu Lele|88\/100 tox|[from] Sandstorm\n|-damage|p2a: Mantine|88\/100|[from] Sandstorm\n|-heal|p1a: Tapu Lele|94\/100 tox|[from] item: Leftovers\n|-damage|p1a: Tapu Lele|82\/100 tox|[from] psn\n|upkeep\n|turn|4\n|\n|t:|1699401926\n|switch|p1a: Groudon|Groudon|100\/100\n|-weather|SunnyDay|[from] ability: Drought|[of] p1a: Groudon\n|move|p2a: Mantine|Scald|p1a: Groudon\n|-supereffective|p1a: Groudon\n|-damage|p1a: Groudon|75\/100\n|-status|p1a: Groudon|brn\n|\n|-weather|SunnyDay|[upkeep]\n|-damage|p1a: Groudon|69\/100 brn|[from] brn\n|upkeep\n|turn|5\n|inactive|VagnerLove4469 has 120 seconds left.\n|\n|t:|1699401942\n|move|p1a: Groudon|Precipice Blades|p2a: Mantine\n|-damage|p2a: Mantine|46\/100\n|move|p2a: Mantine|Defog|p1a: Groudon\n|-unboost|p1a: Groudon|evasion|1\n|\n|-weather|SunnyDay|[upkeep]\n|-damage|p1a: Groudon|63\/100 brn|[from] brn\n|upkeep\n|turn|6\n|inactive|VagnerLove4469 has 120 seconds left.\n|\n|t:|1699401959\n|switch|p1a: Lilligant|Lilligant-Hisui, F|100\/100\n|switch|p2a: Probopass|Probopass, M|100\/100\n|\n|-weather|SunnyDay|[upkeep]\n|upkeep\n|turn|7\n|\n|t:|1699401972\n|move|p1a: Lilligant|Victory Dance|p1a: Lilligant\n|-boost|p1a: Lilligant|atk|1\n|-boost|p1a: Lilligant|def|1\n|-boost|p1a: Lilligant|spe|1\n|move|p2a: Probopass|Toxic|p1a: Lilligant\n|-status|p1a: Lilligant|tox\n|\n|-weather|SunnyDay|[upkeep]\n|-damage|p1a: Lilligant|94\/100 tox|[from] psn\n|-fieldend|move: Gravity\n|upkeep\n|turn|8\n|\n|t:|1699401981\n|move|p2a: Probopass|Protect|p2a: Probopass\n|-singleturn|p2a: Probopass|Protect\n|move|p1a: Lilligant|Solar Blade||[still]\n|-prepare|p1a: Lilligant|Solar Blade\n|-anim|p1a: Lilligant|Solar Blade|p2a: Probopass\n|-activate|p2a: Probopass|move: Protect\n|\n|-weather|SunnyDay|[upkeep]\n|-damage|p1a: Lilligant|82\/100 tox|[from] psn\n|upkeep\n|turn|9\n|inactive|VagnerLove4469 has 120 seconds left.\n|\n|t:|1699402001\n|move|p1a: Lilligant|Solar Blade||[still]\n|-prepare|p1a: Lilligant|Solar Blade\n|-anim|p1a: Lilligant|Solar Blade|p2a: Probopass\n|-damage|p2a: Probopass|49\/100\n|move|p2a: Probopass|Volt Switch|p1a: Lilligant\n|-resisted|p1a: Lilligant\n|-damage|p1a: Lilligant|73\/100 tox\n|inactive|VagnerLove4469 has 120 seconds left.\n|\n|t:|1699402008\n|switch|p2a: Cinderace|Cinderace, F|100\/100|[from] Volt Switch\n|\n|-weather|SunnyDay|[upkeep]\n|-damage|p1a: Lilligant|55\/100 tox|[from] psn\n|upkeep\n|turn|10\n|\n|t:|1699402015\n|move|p1a: Lilligant|Axe Kick|p2a: Cinderace\n|-damage|p2a: Cinderace|0 fnt\n|faint|p2a: Cinderace\n|\n|-weather|SunnyDay|[upkeep]\n|-damage|p1a: Lilligant|31\/100 tox|[from] psn\n|upkeep\n|\n|t:|1699402020\n|switch|p2a: Probopass|Probopass, M|49\/100\n|turn|11\n|\n|t:|1699402023\n|move|p2a: Probopass|Protect|p2a: Probopass\n|-singleturn|p2a: Probopass|Protect\n|move|p1a: Lilligant|Axe Kick|p2a: Probopass\n|-activate|p2a: Probopass|move: Protect\n|-damage|p1a: Lilligant|0 fnt|[from] highjumpkick\n|faint|p1a: Lilligant\n|\n|-weather|none\n|upkeep\n|\n|t:|1699402035\n|switch|p1a: Groudon|Groudon|63\/100 brn\n|-weather|SunnyDay|[from] ability: Drought|[of] p1a: Groudon\n|turn|12\n|\n|t:|1699402046\n|move|p2a: Probopass|Protect|p2a: Probopass\n|-singleturn|p2a: Probopass|Protect\n|move|p1a: Groudon|Precipice Blades|p2a: Probopass\n|-activate|p2a: Probopass|move: Protect\n|\n|-weather|SunnyDay|[upkeep]\n|-damage|p1a: Groudon|57\/100 brn|[from] brn\n|upkeep\n|turn|13\n|\n|t:|1699402071\n|switch|p2a: Salamence|Salamence, F|100\/100\n|-ability|p2a: Salamence|Intimidate|boost\n|-unboost|p1a: Groudon|atk|1\n|move|p1a: Groudon|Eruption|p2a: Salamence\n|-resisted|p2a: Salamence\n|-damage|p2a: Salamence|81\/100\n|\n|-weather|SunnyDay|[upkeep]\n|-damage|p1a: Groudon|51\/100 brn|[from] brn\n|upkeep\n|turn|14\n|\n|t:|1699402082\n|switch|p1a: Tapu Lele|Tapu Lele|82\/100 tox\n|-fieldstart|move: Psychic Terrain|[from] ability: Psychic Surge|[of] p1a: Tapu Lele\n|detailschange|p2a: Salamence|Salamence-Mega, F\n|-mega|p2a: Salamence|Salamence|Salamencite\n|move|p2a: Salamence|Dragon Dance|p2a: Salamence\n|-boost|p2a: Salamence|atk|1\n|-boost|p2a: Salamence|spe|1\n|\n|-weather|SunnyDay|[upkeep]\n|-heal|p1a: Tapu Lele|88\/100 tox|[from] item: Leftovers\n|-damage|p1a: Tapu Lele|82\/100 tox|[from] psn\n|upkeep\n|turn|15\n|inactive|VagnerLove4469 has 120 seconds left.\n|\n|t:|1699402107\n|move|p2a: Salamence|Return|p1a: Tapu Lele\n|-damage|p1a: Tapu Lele|0 fnt\n|faint|p1a: Tapu Lele\n|\n|-weather|SunnyDay|[upkeep]\n|upkeep\n|\n|t:|1699402124\n|switch|p1a: Darmanitan|Darmanitan-Galar, M|100\/100\n|turn|16\n|\n|t:|1699402131\n|move|p2a: Salamence|Return|p1a: Darmanitan\n|-damage|p1a: Darmanitan|0 fnt\n|faint|p1a: Darmanitan\n|\n|-weather|SunnyDay|[upkeep]\n|upkeep\n|\n|t:|1699402135\n|switch|p1a: Necrozma|Necrozma-Dawn-Wings|100\/100\n|turn|17\n|\n|t:|1699402142\n|detailschange|p1a: Necrozma|Necrozma-Ultra\n|-burst|p1a: Necrozma|Necrozma|Ultranecrozium Z\n|move|p2a: Salamence|Earthquake|p1a: Necrozma\n|-damage|p1a: Necrozma|38\/100\n|move|p1a: Necrozma|Autotomize|p1a: Necrozma\n|-boost|p1a: Necrozma|spe|2\n|-start|p1a: Necrozma|Autotomize\n|\n|-weather|SunnyDay|[upkeep]\n|upkeep\n|turn|18\n|\n|t:|1699402158\n|switch|p2a: Probopass|Probopass, M|49\/100\n|move|p1a: Necrozma|Expanding Force|p2a: Probopass\n|-resisted|p2a: Probopass\n|-damage|p2a: Probopass|20\/100\n|\n|-weather|SunnyDay|[upkeep]\n|-fieldend|move: Psychic Terrain\n|upkeep\n|turn|19\n|\n|t:|1699402171\n|move|p1a: Necrozma|Photon Geyser|p2a: Probopass\n|-resisted|p2a: Probopass\n|-damage|p2a: Probopass|2\/100\n|move|p2a: Probopass|Toxic|p1a: Necrozma\n|-status|p1a: Necrozma|tox\n|\n|-weather|none\n|-damage|p1a: Necrozma|32\/100 tox|[from] psn\n|upkeep\n|turn|20\n|\n|t:|1699402180\n|move|p2a: Probopass|Protect|p2a: Probopass\n|-singleturn|p2a: Probopass|Protect\n|move|p1a: Necrozma|Photon Geyser|p2a: Probopass\n|-activate|p2a: Probopass|move: Protect\n|\n|-damage|p1a: Necrozma|20\/100 tox|[from] psn\n|upkeep\n|turn|21\n|\n|t:|1699402190\n|switch|p2a: Mantine|Mantine, F|46\/100\n|move|p1a: Necrozma|Photon Geyser|p2a: Mantine\n|-damage|p2a: Mantine|16\/100\n|\n|-damage|p1a: Necrozma|2\/100 tox|[from] psn\n|upkeep\n|turn|22\n|\n|t:|1699402211\n|-zpower|p1a: Necrozma\n|move|p1a: Necrozma|Light That Burns the Sky|p2a: Mantine|[zeffect]\n|-damage|p2a: Mantine|0 fnt\n|faint|p2a: Mantine\n|\n|-damage|p1a: Necrozma|0 fnt|[from] psn\n|faint|p1a: Necrozma\n|upkeep\n|\n|t:|1699402221\n|switch|p1a: Groudon|Groudon|51\/100 brn\n|switch|p2a: Probopass|Probopass, M|2\/100\n|-weather|SunnyDay|[from] ability: Drought|[of] p1a: Groudon\n|turn|23\n|\n|t:|1699402232\n|move|p2a: Probopass|Protect|p2a: Probopass\n|-singleturn|p2a: Probopass|Protect\n|move|p1a: Groudon|Eruption|p2a: Probopass\n|-activate|p2a: Probopass|move: Protect\n|\n|-weather|SunnyDay|[upkeep]\n|-damage|p1a: Groudon|44\/100 brn|[from] brn\n|upkeep\n|turn|24\n|\n|t:|1699402242\n|move|p1a: Groudon|Eruption|p2a: Probopass\n|-damage|p2a: Probopass|0 fnt\n|faint|p2a: Probopass\n|\n|-weather|SunnyDay|[upkeep]\n|-damage|p1a: Groudon|38\/100 brn|[from] brn\n|upkeep\n|\n|t:|1699402249\n|switch|p2a: Salamence|Salamence-Mega, F|81\/100\n|turn|25\n|\n|t:|1699402256\n|move|p2a: Salamence|Return|p1a: Groudon\n|-damage|p1a: Groudon|0 fnt\n|faint|p1a: Groudon\n|\n|-weather|SunnyDay|[upkeep]\n|upkeep\n|\n|t:|1699402260\n|switch|p1a: Kyurem|Kyurem-White|100\/100\n|-ability|p1a: Kyurem|Turboblaze\n|turn|26\n|\n|t:|1699402274\n|-terastallize|p1a: Kyurem|Dragon\n|move|p2a: Salamence|Return|p1a: Kyurem\n|-damage|p1a: Kyurem|28\/100\n|move|p1a: Kyurem|Ice Beam|p2a: Salamence\n|-supereffective|p2a: Salamence\n|-damage|p2a: Salamence|0 fnt\n|faint|p2a: Salamence\n|-damage|p1a: Kyurem|18\/100|[from] item: Life Orb\n|\n|-weather|SunnyDay|[upkeep]\n|upkeep\n|\n|t:|1699402284\n|switch|p2a: Gliscor|Gliscor, M|100\/100\n|turn|27\n|inactive|VagnerLove4469 has 120 seconds left.\n|n|!cjyjgvyki|cjyjgvyki\n|inactive|VagnerLove4469 has 90 seconds left.\n|\n|t:|1699402361\n|move|p1a: Kyurem|Ice Beam|p2a: Gliscor\n|-supereffective|p2a: Gliscor\n|-damage|p2a: Gliscor|0 fnt\n|faint|p2a: Gliscor\n|-damage|p1a: Kyurem|8\/100|[from] item: Life Orb\n|\n|win|cjyjgvyki\n|raw|cjyjgvyki's rating: 1131 &rarr; <strong>1152<\/strong><br \/>(+21 for winning)\n|raw|VagnerLove4469's rating: 1074 &rarr; <strong>1056<\/strong><br \/>(-18 for losing)\n","uploadtime":1699402328,"views":4,"p1id":"cjyjgvyki","p2id":"vagnerlove4469","formatid":"gen9nationaldexubers","rating":1056,"private":0,"password":""}