{"id":"gen9nationaldexubers-1978833519","p1":"noobashell","p2":"Sagnik_Red_Mewtwo","format":"[Gen 9] National Dex Ubers","log":"|j|\u2606noobashell\n|j|\u2606Sagnik_Red_Mewtwo\n|t:|1698600660\n|gametype|singles\n|player|p1|noobashell|266|\n|player|p2|Sagnik_Red_Mewtwo|red|\n|teamsize|p1|6\n|teamsize|p2|6\n|gen|9\n|tier|[Gen 9] National Dex Ubers\n|rule|HP Percentage Mod: HP is shown in percentages\n|rule|Endless Battle Clause: Forcing endless battles is banned\n|rule|OHKO Clause: OHKO moves are banned\n|rule|Evasion Moves Clause: Evasion moves are banned\n|rule|Evasion Items Clause: Evasion items are banned\n|rule|Species Clause: Limit one of each Pok\u00e9mon\n|rule|Sleep Clause Mod: Limit one foe put to sleep\n|rule|Mega Rayquaza Clause: You cannot mega evolve Rayquaza\n|clearpoke\n|poke|p1|Eternatus|\n|poke|p1|Salamence, F|\n|poke|p1|Necrozma-Dusk-Mane|\n|poke|p1|Dragapult, F|\n|poke|p1|Zacian-*|\n|poke|p1|Groudon|\n|poke|p2|Marshadow|\n|poke|p2|Dragapult, F|\n|poke|p2|Zacian-*|\n|poke|p2|Groudon|\n|poke|p2|Tyranitar, F|\n|poke|p2|Zygarde|\n|teampreview\n|\n|t:|1698600674\n|start\n|switch|p1a: Zacian|Zacian-Crowned|100\/100\n|switch|p2a: Tyranitar|Tyranitar, F|100\/100\n|-ability|p1a: Zacian|Intrepid Sword|boost\n|-boost|p1a: Zacian|atk|1\n|-weather|Sandstorm|[from] ability: Sand Stream|[of] p2a: Tyranitar\n|turn|1\n|\n|t:|1698600689\n|switch|p2a: Groudon|Groudon, shiny|100\/100\n|detailschange|p2a: Groudon|Groudon-Primal, shiny\n|-primal|p2a: Groudon|Red Orb\n|-weather|DesolateLand|[from] ability: Desolate Land|[of] p2a: Groudon\n|move|p1a: Zacian|Close Combat|p2a: Groudon\n|-damage|p2a: Groudon|64\/100\n|-unboost|p1a: Zacian|def|1\n|-unboost|p1a: Zacian|spd|1\n|\n|-weather|DesolateLand|[upkeep]\n|upkeep\n|turn|2\n|\n|t:|1698600717\n|switch|p1a: Groudon|Groudon|100\/100\n|detailschange|p1a: Groudon|Groudon-Primal\n|-primal|p1a: Groudon|Red Orb\n|move|p2a: Groudon|Earthquake|p1a: Groudon\n|-supereffective|p1a: Groudon\n|-damage|p1a: Groudon|35\/100\n|\n|-weather|DesolateLand|[upkeep]\n|upkeep\n|turn|3\n|\n|t:|1698600725\n|move|p1a: Groudon|Earthquake|p2a: Groudon\n|-supereffective|p2a: Groudon\n|-damage|p2a: Groudon|0 fnt\n|faint|p2a: Groudon\n|\n|-weather|DesolateLand|[upkeep]\n|upkeep\n|\n|t:|1698600734\n|switch|p2a: Zacian|Zacian-Crowned, shiny|100\/100\n|-ability|p2a: Zacian|Intrepid Sword|boost\n|-boost|p2a: Zacian|atk|1\n|turn|4\n|\n|t:|1698600747\n|-terastallize|p2a: Zacian|Fairy\n|move|p2a: Zacian|Behemoth Blade|p1a: Groudon\n|-resisted|p1a: Groudon\n|-damage|p1a: Groudon|5\/100\n|move|p1a: Groudon|Earthquake|p2a: Zacian\n|-damage|p2a: Zacian|43\/100\n|\n|-weather|DesolateLand|[upkeep]\n|upkeep\n|turn|5\n|\n|t:|1698600770\n|-weather|none\n|switch|p1a: Necrozma|Necrozma-Dusk-Mane|100\/100\n|move|p2a: Zacian|Moonblast|p1a: Necrozma\n|-resisted|p1a: Necrozma\n|-damage|p1a: Necrozma|86\/100\n|\n|upkeep\n|turn|6\n|\n|t:|1698600785\n|move|p2a: Zacian|Close Combat|p1a: Necrozma\n|-damage|p1a: Necrozma|35\/100\n|-unboost|p2a: Zacian|def|1\n|-unboost|p2a: Zacian|spd|1\n|move|p1a: Necrozma|Photon Geyser|p2a: Zacian\n|-damage|p2a: Zacian|0 fnt\n|faint|p2a: Zacian\n|\n|upkeep\n|\n|t:|1698600798\n|switch|p2a: Dragapult|Dragapult, F, shiny|100\/100\n|turn|7\n|\n|t:|1698600808\n|detailschange|p1a: Necrozma|Necrozma-Ultra\n|-burst|p1a: Necrozma|Necrozma|Ultranecrozium Z\n|move|p2a: Dragapult|Phantom Force||[still]\n|-prepare|p2a: Dragapult|Phantom Force\n|move|p1a: Necrozma|Photon Geyser|p2a: Dragapult|[miss]\n|-miss|p1a: Necrozma|p2a: Dragapult\n|\n|upkeep\n|turn|8\n|\n|t:|1698600829\n|switch|p1a: Zacian|Zacian-Crowned|100\/100\n|move|p2a: Dragapult|Phantom Force|p1a: Zacian|[from]lockedmove\n|-damage|p1a: Zacian|65\/100\n|\n|upkeep\n|turn|9\n|\n|t:|1698600838\n|move|p2a: Dragapult|Flamethrower|p1a: Zacian\n|-supereffective|p1a: Zacian\n|-damage|p1a: Zacian|33\/100\n|move|p1a: Zacian|Play Rough|p2a: Dragapult\n|-supereffective|p2a: Dragapult\n|-enditem|p2a: Dragapult|Focus Sash\n|-damage|p2a: Dragapult|1\/100\n|\n|upkeep\n|turn|10\n|\n|t:|1698600858\n|move|p2a: Dragapult|Phantom Force||[still]\n|-prepare|p2a: Dragapult|Phantom Force\n|move|p1a: Zacian|Behemoth Blade|p2a: Dragapult|[miss]\n|-miss|p1a: Zacian|p2a: Dragapult\n|\n|upkeep\n|turn|11\n|\n|t:|1698600870\n|move|p2a: Dragapult|Phantom Force|p1a: Zacian|[from]lockedmove\n|-damage|p1a: Zacian|0 fnt\n|faint|p1a: Zacian\n|\n|upkeep\n|\n|t:|1698600877\n|switch|p1a: Eternatus|Eternatus|100\/100\n|-ability|p1a: Eternatus|Pressure\n|turn|12\n|\n|t:|1698600887\n|move|p2a: Dragapult|Phantom Force||[still]\n|-prepare|p2a: Dragapult|Phantom Force\n|move|p1a: Eternatus|Dynamax Cannon|p2a: Dragapult|[miss]\n|-miss|p1a: Eternatus|p2a: Dragapult\n|\n|upkeep\n|turn|13\n|\n|t:|1698600893\n|move|p2a: Dragapult|Phantom Force|p1a: Eternatus|[from]lockedmove\n|-damage|p1a: Eternatus|66\/100\n|move|p1a: Eternatus|Dynamax Cannon|p2a: Dragapult\n|-supereffective|p2a: Dragapult\n|-damage|p2a: Dragapult|0 fnt\n|faint|p2a: Dragapult\n|\n|-heal|p1a: Eternatus|72\/100|[from] item: Leftovers\n|upkeep\n|\n|t:|1698600905\n|switch|p2a: Tyranitar|Tyranitar, F|100\/100\n|-weather|Sandstorm|[from] ability: Sand Stream|[of] p2a: Tyranitar\n|turn|14\n|\n|t:|1698600912\n|move|p1a: Eternatus|Toxic|p2a: Tyranitar\n|-status|p2a: Tyranitar|tox\n|move|p2a: Tyranitar|Earthquake|p1a: Eternatus\n|-supereffective|p1a: Eternatus\n|-damage|p1a: Eternatus|18\/100\n|\n|-weather|Sandstorm|[upkeep]\n|-damage|p1a: Eternatus|11\/100|[from] Sandstorm\n|-heal|p1a: Eternatus|18\/100|[from] item: Leftovers\n|-damage|p2a: Tyranitar|94\/100 tox|[from] psn\n|upkeep\n|turn|15\n|\n|t:|1698600927\n|move|p1a: Eternatus|Recover|p1a: Eternatus\n|-heal|p1a: Eternatus|68\/100\n|move|p2a: Tyranitar|Earthquake|p1a: Eternatus\n|-supereffective|p1a: Eternatus\n|-crit|p1a: Eternatus\n|-damage|p1a: Eternatus|0 fnt\n|faint|p1a: Eternatus\n|\n|-weather|Sandstorm|[upkeep]\n|-damage|p2a: Tyranitar|82\/100 tox|[from] psn\n|upkeep\n|\n|t:|1698600940\n|switch|p1a: Groudon|Groudon-Primal|5\/100\n|-weather|DesolateLand|[from] ability: Desolate Land|[of] p1a: Groudon\n|turn|16\n|\n|t:|1698600954\n|switch|p2a: Zygarde|Zygarde|100\/100\n|move|p1a: Groudon|Earthquake|p2a: Zygarde\n|-damage|p2a: Zygarde|68\/100\n|\n|-weather|DesolateLand|[upkeep]\n|upkeep\n|turn|17\n|\n|t:|1698600974\n|move|p1a: Groudon|Heavy Slam|p2a: Zygarde\n|-damage|p2a: Zygarde|50\/100\n|move|p2a: Zygarde|Thousand Arrows|p1a: Groudon\n|-supereffective|p1a: Groudon\n|-damage|p1a: Groudon|0 fnt\n|faint|p1a: Groudon\n|-weather|none\n|\n|-activate|p2a: Zygarde|ability: Power Construct\n|detailschange|p2a: Zygarde|Zygarde-Complete\n|-heal|p2a: Zygarde|67\/100|[silent]\n|upkeep\n|\n|t:|1698600979\n|switch|p1a: Dragapult|Dragapult, F|100\/100\n|turn|18\n|\n|t:|1698600996\n|-terastallize|p1a: Dragapult|Fairy\n|move|p1a: Dragapult|Dragon Dance|p1a: Dragapult\n|-boost|p1a: Dragapult|atk|1\n|-boost|p1a: Dragapult|spe|1\n|move|p2a: Zygarde|Core Enforcer|p1a: Dragapult\n|-immune|p1a: Dragapult\n|\n|upkeep\n|turn|19\n|\n|t:|1698601016\n|move|p1a: Dragapult|Dragon Darts|p2a: Zygarde\n|-supereffective|p2a: Zygarde\n|-damage|p2a: Zygarde|46\/100\n|-anim|p1a: Dragapult|Dragon Darts|p2a: Zygarde\n|-supereffective|p2a: Zygarde\n|-damage|p2a: Zygarde|23\/100\n|move|p2a: Zygarde|Thousand Arrows|p1a: Dragapult\n|-damage|p1a: Dragapult|55\/100\n|\n|upkeep\n|turn|20\n|\n|t:|1698601031\n|switch|p2a: Tyranitar|Tyranitar, F|82\/100 tox\n|-weather|Sandstorm|[from] ability: Sand Stream|[of] p2a: Tyranitar\n|move|p1a: Dragapult|Dragon Darts|p2a: Tyranitar\n|-damage|p2a: Tyranitar|57\/100 tox\n|-anim|p1a: Dragapult|Dragon Darts|p2a: Tyranitar\n|-damage|p2a: Tyranitar|30\/100 tox\n|\n|-weather|Sandstorm|[upkeep]\n|-damage|p1a: Dragapult|49\/100|[from] Sandstorm\n|-damage|p2a: Tyranitar|24\/100 tox|[from] psn\n|upkeep\n|turn|21\n|\n|t:|1698601053\n|detailschange|p2a: Tyranitar|Tyranitar-Mega, F\n|-mega|p2a: Tyranitar|Tyranitar|Tyranitarite\n|move|p1a: Dragapult|Steel Wing|p2a: Tyranitar\n|-supereffective|p2a: Tyranitar\n|-damage|p2a: Tyranitar|0 fnt\n|faint|p2a: Tyranitar\n|\n|-weather|Sandstorm|[upkeep]\n|-damage|p1a: Dragapult|43\/100|[from] Sandstorm\n|upkeep\n|\n|t:|1698601064\n|switch|p2a: Zygarde|Zygarde-Complete|23\/100\n|turn|22\n|\n|t:|1698601070\n|move|p1a: Dragapult|Dragon Darts|p2a: Zygarde\n|-supereffective|p2a: Zygarde\n|-damage|p2a: Zygarde|0 fnt\n|faint|p2a: Zygarde\n|\n|-weather|Sandstorm|[upkeep]\n|-damage|p1a: Dragapult|37\/100|[from] Sandstorm\n|upkeep\n|\n|t:|1698601078\n|switch|p2a: Marshadow|Marshadow|100\/100\n|turn|23\n|\n|t:|1698601086\n|move|p2a: Marshadow|Shadow Sneak|p1a: Dragapult\n|-damage|p1a: Dragapult|0 fnt\n|faint|p1a: Dragapult\n|\n|-weather|Sandstorm|[upkeep]\n|-damage|p2a: Marshadow|94\/100|[from] Sandstorm\n|upkeep\n|\n|t:|1698601089\n|switch|p1a: Salamence|Salamence, F|100\/100\n|-ability|p1a: Salamence|Intimidate|boost\n|-unboost|p2a: Marshadow|atk|1\n|turn|24\n|\n|t:|1698601101\n|detailschange|p1a: Salamence|Salamence-Mega, F\n|-mega|p1a: Salamence|Salamence|Salamencite\n|-zpower|p2a: Marshadow\n|move|p2a: Marshadow|Soul-Stealing 7-Star Strike|p1a: Salamence|[zeffect]\n|-damage|p1a: Salamence|47\/100\n|move|p1a: Salamence|Dragon Dance|p1a: Salamence\n|-boost|p1a: Salamence|atk|1\n|-boost|p1a: Salamence|spe|1\n|\n|-weather|none\n|upkeep\n|turn|25\n|\n|t:|1698601122\n|move|p1a: Salamence|Dragon Claw|p2a: Marshadow\n|-damage|p2a: Marshadow|7\/100\n|move|p2a: Marshadow|Spectral Thief||[still]\n|-clearpositiveboost|p1a: Salamence|p2a: Marshadow|move: Spectral Thief\n|-boost|p2a: Marshadow|atk|1\n|-boost|p2a: Marshadow|spe|1\n|-anim|p2a: Marshadow|Spectral Thief|p1a: Salamence\n|-damage|p1a: Salamence|12\/100\n|\n|upkeep\n|turn|26\n|\n|t:|1698601139\n|move|p2a: Marshadow|Shadow Sneak|p1a: Salamence\n|-damage|p1a: Salamence|0 fnt\n|faint|p1a: Salamence\n|\n|upkeep\n|\n|t:|1698601143\n|switch|p1a: Necrozma|Necrozma-Ultra|35\/100\n|turn|27\n|\n|t:|1698601149\n|move|p2a: Marshadow|Shadow Sneak|p1a: Necrozma\n|-supereffective|p1a: Necrozma\n|-damage|p1a: Necrozma|0 fnt\n|faint|p1a: Necrozma\n|\n|win|Sagnik_Red_Mewtwo\n","uploadtime":1698601160,"views":6,"p1id":"noobashell","p2id":"sagnikredmewtwo","formatid":"gen9nationaldexubers","rating":0,"private":0,"password":""}