{"id":"gen9nationaldexubers-1987380058","p1":"AdrianGarcia1604","p2":"Black_Man9905","format":"[Gen 9] National Dex Ubers","log":"|j|\u2606AdrianGarcia1604\n|j|\u2606Black_Man9905\n|t:|1699584002\n|gametype|singles\n|player|p1|AdrianGarcia1604|ethan|\n|player|p2|Black_Man9905|veteran|\n|teamsize|p1|6\n|teamsize|p2|6\n|gen|9\n|tier|[Gen 9] National Dex Ubers\n|rule|HP Percentage Mod: HP is shown in percentages\n|rule|Endless Battle Clause: Forcing endless battles is banned\n|rule|OHKO Clause: OHKO moves are banned\n|rule|Evasion Moves Clause: Evasion moves are banned\n|rule|Evasion Items Clause: Evasion items are banned\n|rule|Species Clause: Limit one of each Pok\u00e9mon\n|rule|Sleep Clause Mod: Limit one foe put to sleep\n|rule|Mega Rayquaza Clause: You cannot mega evolve Rayquaza\n|clearpoke\n|poke|p1|Charizard, F|\n|poke|p1|Breloom, F|\n|poke|p1|Bisharp, F|\n|poke|p1|Talonflame, F|\n|poke|p1|Staraptor, F|\n|poke|p1|Barraskewda, F|\n|poke|p2|Ludicolo, F|\n|poke|p2|Salamence, F|\n|poke|p2|Annihilape, F|\n|poke|p2|Gardevoir, F|\n|poke|p2|Cinderace, F|\n|poke|p2|Vaporeon, F|\n|teampreview\n|\n|t:|1699584008\n|start\n|switch|p1a: Breloom|Breloom, F, shiny|100\/100\n|switch|p2a: Mexicano|Ludicolo, F, shiny|100\/100\n|turn|1\n|\n|t:|1699584033\n|move|p1a: Breloom|Swords Dance|p1a: Breloom\n|-boost|p1a: Breloom|atk|2\n|move|p2a: Mexicano|Rain Dance|p2a: Mexicano\n|-weather|RainDance\n|\n|-weather|RainDance|[upkeep]\n|-status|p1a: Breloom|tox|[from] item: Toxic Orb\n|upkeep\n|turn|2\n|\n|t:|1699584042\n|move|p2a: Mexicano|Scald|p1a: Breloom\n|-resisted|p1a: Breloom\n|-damage|p1a: Breloom|51\/100 tox\n|move|p1a: Breloom|Facade|p2a: Mexicano\n|-damage|p2a: Mexicano|0 fnt\n|faint|p2a: Mexicano\n|\n|-weather|RainDance|[upkeep]\n|-heal|p1a: Breloom|63\/100 tox|[from] ability: Poison Heal\n|upkeep\n|\n|t:|1699584066\n|switch|p2a: La quincea\u00f1era|Gardevoir, F, shiny|100\/100\n|-ability|p2a: La quincea\u00f1era|Poison Heal|[from] ability: Trace|[of] p1a: Breloom\n|turn|3\n|\n|t:|1699584086\n|move|p2a: La quincea\u00f1era|Moonblast|p1a: Breloom\n|-supereffective|p1a: Breloom\n|-damage|p1a: Breloom|0 fnt\n|faint|p1a: Breloom\n|-damage|p2a: La quincea\u00f1era|91\/100|[from] item: Life Orb\n|\n|-weather|RainDance|[upkeep]\n|upkeep\n|\n|t:|1699584106\n|switch|p1a: Staraptor|Staraptor, F, shiny|100\/100\n|turn|4\n|\n|t:|1699584118\n|move|p1a: Staraptor|Double-Edge|p2a: La quincea\u00f1era\n|-damage|p2a: La quincea\u00f1era|0 fnt\n|faint|p2a: La quincea\u00f1era\n|-damage|p1a: Staraptor|74\/100|[from] Recoil\n|-damage|p1a: Staraptor|64\/100|[from] item: Life Orb\n|\n|-weather|RainDance|[upkeep]\n|upkeep\n|\n|t:|1699584138\n|switch|p2a: En t\u00e9rminos de...|Vaporeon, F, shiny|100\/100\n|turn|5\n|\n|t:|1699584150\n|move|p1a: Staraptor|Roost|p1a: Staraptor\n|-heal|p1a: Staraptor|100\/100\n|-singleturn|p1a: Staraptor|move: Roost\n|move|p2a: En t\u00e9rminos de...|Hydro Pump|p1a: Staraptor\n|-damage|p1a: Staraptor|0 fnt\n|faint|p1a: Staraptor\n|\n|-weather|none\n|upkeep\n|j| Yoswuert88088\n|\n|t:|1699584213\n|switch|p1a: Talonflame|Talonflame, F, shiny|100\/100\n|turn|6\n|\n|t:|1699584227\n|move|p1a: Talonflame|Brave Bird|p2a: En t\u00e9rminos de...\n|-damage|p2a: En t\u00e9rminos de...|29\/100\n|-damage|p1a: Talonflame|69\/100|[from] Recoil\n|-damage|p1a: Talonflame|59\/100|[from] item: Life Orb\n|move|p2a: En t\u00e9rminos de...|Hydro Pump|p1a: Talonflame\n|-supereffective|p1a: Talonflame\n|-damage|p1a: Talonflame|0 fnt\n|faint|p1a: Talonflame\n|\n|-heal|p2a: En t\u00e9rminos de...|35\/100|[from] item: Leftovers\n|upkeep\n|\n|t:|1699584236\n|switch|p1a: Charizard|Charizard, F, shiny|100\/100\n|turn|7\n|\n|t:|1699584242\n|detailschange|p1a: Charizard|Charizard-Mega-Y, F, shiny\n|-mega|p1a: Charizard|Charizard|Charizardite Y\n|-weather|SunnyDay|[from] ability: Drought|[of] p1a: Charizard\n|move|p1a: Charizard|Solar Beam||[still]\n|-prepare|p1a: Charizard|Solar Beam\n|-anim|p1a: Charizard|Solar Beam|p2a: En t\u00e9rminos de...\n|-supereffective|p2a: En t\u00e9rminos de...\n|-damage|p2a: En t\u00e9rminos de...|0 fnt\n|faint|p2a: En t\u00e9rminos de...\n|\n|-weather|SunnyDay|[upkeep]\n|upkeep\n|\n|t:|1699584269\n|switch|p2a: La iguana|Salamence, F|100\/100\n|-ability|p2a: La iguana|Intimidate|boost\n|-unboost|p1a: Charizard|atk|1\n|turn|8\n|\n|t:|1699584285\n|detailschange|p2a: La iguana|Salamence-Mega, F\n|-mega|p2a: La iguana|Salamence|Salamencite\n|move|p2a: La iguana|Dragon Claw|p1a: Charizard\n|-damage|p1a: Charizard|42\/100\n|move|p1a: Charizard|Dragon Breath|p2a: La iguana\n|-supereffective|p2a: La iguana\n|-damage|p2a: La iguana|43\/100\n|\n|-weather|SunnyDay|[upkeep]\n|upkeep\n|turn|9\n|\n|t:|1699584297\n|move|p2a: La iguana|Dragon Claw|p1a: Charizard\n|-damage|p1a: Charizard|0 fnt\n|faint|p1a: Charizard\n|\n|-weather|SunnyDay|[upkeep]\n|upkeep\n|\n|t:|1699584300\n|switch|p1a: Barraskewda|Barraskewda, F, shiny|100\/100\n|turn|10\n|\n|t:|1699584319\n|move|p1a: Barraskewda|Ice Fang|p2a: La iguana\n|-supereffective|p2a: La iguana\n|-damage|p2a: La iguana|0 fnt\n|faint|p2a: La iguana\n|-damage|p1a: Barraskewda|91\/100|[from] item: Life Orb\n|\n|-weather|SunnyDay|[upkeep]\n|upkeep\n|\n|t:|1699584329\n|switch|p2a: El rabioso|Annihilape, F, shiny|100\/100\n|turn|11\n|\n|t:|1699584345\n|move|p1a: Barraskewda|Ice Fang|p2a: El rabioso\n|-damage|p2a: El rabioso|74\/100\n|-damage|p1a: Barraskewda|81\/100|[from] item: Life Orb\n|move|p2a: El rabioso|Drain Punch|p1a: Barraskewda\n|-damage|p1a: Barraskewda|8\/100\n|-heal|p2a: El rabioso|100\/100|[from] drain|[of] p1a: Barraskewda\n|\n|-weather|none\n|upkeep\n|turn|12\n|\n|t:|1699584357\n|move|p1a: Barraskewda|Aqua Jet|p2a: El rabioso\n|-crit|p2a: El rabioso\n|-damage|p2a: El rabioso|66\/100\n|-damage|p1a: Barraskewda|0 fnt|[from] item: Life Orb\n|faint|p1a: Barraskewda\n|move|p2a: El rabioso|Drain Punch|p1: Barraskewda|[notarget]\n|-fail|p2a: El rabioso\n|\n|-heal|p2a: El rabioso|72\/100|[from] item: Leftovers\n|upkeep\n|\n|t:|1699584366\n|switch|p1a: Bisharp|Bisharp, F, shiny|100\/100\n|turn|13\n|\n|t:|1699584378\n|move|p1a: Bisharp|Iron Head|p2a: El rabioso\n|-damage|p2a: El rabioso|35\/100\n|move|p2a: El rabioso|Drain Punch|p1a: Bisharp\n|-supereffective|p1a: Bisharp\n|-damage|p1a: Bisharp|0 fnt\n|-heal|p2a: El rabioso|73\/100|[from] drain|[of] p1a: Bisharp\n|faint|p1a: Bisharp\n|\n|win|Black_Man9905\n|l|\u2606AdrianGarcia1604\n|l|\u2606Black_Man9905\n|j|\u2606Black_Man9905\n|player|p2|Black_Man9905|veteran\n","uploadtime":1699584422,"views":7,"p1id":"adriangarcia1604","p2id":"blackman9905","formatid":"gen9nationaldexubers","rating":0,"private":0,"password":""}