{"id":"gen9nationaldexubers-1982134807","p1":"Epic99","p2":"Overlord Veilmor","format":"[Gen 9] National Dex Ubers","log":"|j|\u2606Epic99\n|j|\u2606Overlord Veilmor\n|t:|1698971436\n|gametype|singles\n|player|p1|Epic99|benga|1103\n|player|p2|Overlord Veilmor|colress|1040\n|teamsize|p1|6\n|teamsize|p2|6\n|gen|9\n|tier|[Gen 9] National Dex Ubers\n|rated|\n|rule|HP Percentage Mod: HP is shown in percentages\n|rule|Endless Battle Clause: Forcing endless battles is banned\n|rule|OHKO Clause: OHKO moves are banned\n|rule|Evasion Moves Clause: Evasion moves are banned\n|rule|Evasion Items Clause: Evasion items are banned\n|rule|Species Clause: Limit one of each Pok\u00e9mon\n|rule|Sleep Clause Mod: Limit one foe put to sleep\n|rule|Mega Rayquaza Clause: You cannot mega evolve Rayquaza\n|clearpoke\n|poke|p1|Naganadel|\n|poke|p1|Pheromosa|\n|poke|p1|Xurkitree|\n|poke|p1|Blacephalon|\n|poke|p1|Celesteela|\n|poke|p1|Kartana|\n|poke|p2|Gallade, M|\n|poke|p2|Rabsca, F|\n|poke|p2|Blissey, F|\n|poke|p2|Weavile, M|\n|poke|p2|Annihilape, M|\n|poke|p2|Wishiwashi, F|\n|teampreview\n|inactive|Battle timer is ON: inactive players will automatically lose when time's up. (requested by Epic99)\n|inactive|Overlord Veilmor also wants the timer to be on.\n|\n|t:|1698971455\n|start\n|switch|p1a: Kartana|Kartana|100\/100\n|switch|p2a: Wishiwashi|Wishiwashi, F|100\/100\n|-formechange|p2a: Wishiwashi|Wishiwashi-School||[from] ability: Schooling\n|turn|1\n|\n|t:|1698971466\n|move|p1a: Kartana|Calm Mind|p1a: Kartana\n|-boost|p1a: Kartana|spa|1\n|-boost|p1a: Kartana|spd|1\n|move|p2a: Wishiwashi|Aqua Ring|p2a: Wishiwashi\n|-start|p2a: Wishiwashi|Aqua Ring\n|\n|upkeep\n|turn|2\n|\n|t:|1698971477\n|move|p1a: Kartana|Air Slash|p2a: Wishiwashi\n|-damage|p2a: Wishiwashi|89\/100\n|move|p2a: Wishiwashi|Earthquake|p1a: Kartana\n|-damage|p1a: Kartana|73\/100\n|\n|-heal|p2a: Wishiwashi|95\/100|[from] item: Leftovers\n|-heal|p2a: Wishiwashi|100\/100|[from] Aqua Ring\n|upkeep\n|turn|3\n|\n|t:|1698971489\n|move|p1a: Kartana|Leaf Blade|p2a: Wishiwashi\n|-supereffective|p2a: Wishiwashi\n|-damage|p2a: Wishiwashi|0 fnt\n|faint|p2a: Wishiwashi\n|-ability|p1a: Kartana|Beast Boost|boost\n|-boost|p1a: Kartana|atk|1\n|\n|upkeep\n|\n|t:|1698971509\n|switch|p2a: Rabsca|Rabsca, F|100\/100\n|turn|4\n|\n|t:|1698971519\n|move|p1a: Kartana|Air Slash|p2a: Rabsca|[miss]\n|-miss|p1a: Kartana|p2a: Rabsca\n|move|p2a: Rabsca|Revival Blessing|p2a: Rabsca\n|\n|t:|1698971523\n|-heal|p2: Wishiwashi|50\/100|[from] move: Revival Blessing\n|\n|upkeep\n|turn|5\n|\n|t:|1698971531\n|switch|p2a: Blissey|Blissey, F|100\/100\n|move|p1a: Kartana|Air Slash|p2a: Blissey\n|-damage|p2a: Blissey|94\/100\n|\n|-heal|p2a: Blissey|99\/100|[from] item: Leftovers\n|upkeep\n|turn|6\n|\n|t:|1698971542\n|move|p1a: Kartana|Toxic|p2a: Blissey\n|-status|p2a: Blissey|tox\n|move|p2a: Blissey|Tri Attack|p1a: Kartana\n|-resisted|p1a: Kartana\n|-crit|p1a: Kartana\n|-damage|p1a: Kartana|32\/100\n|-status|p1a: Kartana|brn\n|\n|-heal|p2a: Blissey|100\/100 tox|[from] item: Leftovers\n|-damage|p2a: Blissey|94\/100 tox|[from] psn\n|-damage|p1a: Kartana|26\/100 brn|[from] brn\n|upkeep\n|turn|7\n|\n|t:|1698971555\n|move|p1a: Kartana|Leaf Blade|p2a: Blissey\n|-damage|p2a: Blissey|56\/100 tox\n|move|p2a: Blissey|Aromatherapy|p2a: Blissey\n|-activate|p2a: Blissey|move: Aromatherapy\n|-curestatus|p2a: Blissey|tox|[msg]\n|\n|-heal|p2a: Blissey|62\/100|[from] item: Leftovers\n|-damage|p1a: Kartana|20\/100 brn|[from] brn\n|upkeep\n|turn|8\n|\n|t:|1698971567\n|move|p1a: Kartana|Leaf Blade|p2a: Blissey\n|-damage|p2a: Blissey|21\/100\n|move|p2a: Blissey|Soft-Boiled|p2a: Blissey\n|-heal|p2a: Blissey|71\/100\n|\n|-heal|p2a: Blissey|77\/100|[from] item: Leftovers\n|-damage|p1a: Kartana|14\/100 brn|[from] brn\n|upkeep\n|turn|9\n|\n|t:|1698971578\n|move|p1a: Kartana|Leaf Blade|p2a: Blissey\n|-damage|p2a: Blissey|39\/100\n|move|p2a: Blissey|Tri Attack|p1a: Kartana\n|-resisted|p1a: Kartana\n|-damage|p1a: Kartana|0 fnt\n|faint|p1a: Kartana\n|\n|-heal|p2a: Blissey|45\/100|[from] item: Leftovers\n|upkeep\n|\n|t:|1698971585\n|switch|p1a: Blacephalon|Blacephalon|100\/100\n|turn|10\n|\n|t:|1698971594\n|move|p1a: Blacephalon|Calm Mind|p1a: Blacephalon\n|-boost|p1a: Blacephalon|spa|1\n|-boost|p1a: Blacephalon|spd|1\n|move|p2a: Blissey|Soft-Boiled|p2a: Blissey\n|-heal|p2a: Blissey|95\/100\n|\n|-heal|p2a: Blissey|100\/100|[from] item: Leftovers\n|upkeep\n|turn|11\n|\n|t:|1698971604\n|switch|p2a: Wishiwashi|Wishiwashi, F|50\/100\n|-formechange|p2a: Wishiwashi|Wishiwashi-School||[from] ability: Schooling\n|move|p1a: Blacephalon|Dark Pulse|p2a: Wishiwashi\n|-damage|p2a: Wishiwashi|25\/100\n|\n|-heal|p2a: Wishiwashi|31\/100|[from] item: Leftovers\n|upkeep\n|turn|12\n|\n|t:|1698971620\n|move|p2a: Wishiwashi|Protect|p2a: Wishiwashi\n|-singleturn|p2a: Wishiwashi|Protect\n|move|p1a: Blacephalon|Flame Charge|p2a: Wishiwashi\n|-activate|p2a: Wishiwashi|move: Protect\n|\n|-heal|p2a: Wishiwashi|38\/100|[from] item: Leftovers\n|upkeep\n|turn|13\n|\n|t:|1698971629\n|move|p1a: Blacephalon|Flame Charge|p2a: Wishiwashi\n|-resisted|p2a: Wishiwashi\n|-damage|p2a: Wishiwashi|25\/100\n|-boost|p1a: Blacephalon|spe|1\n|move|p2a: Wishiwashi|Liquidation|p1a: Blacephalon\n|-supereffective|p1a: Blacephalon\n|-damage|p1a: Blacephalon|0 fnt\n|faint|p1a: Blacephalon\n|\n|-heal|p2a: Wishiwashi|31\/100|[from] item: Leftovers\n|upkeep\n|\n|t:|1698971635\n|switch|p1a: Celesteela|Celesteela|100\/100\n|turn|14\n|\n|t:|1698971645\n|move|p2a: Wishiwashi|Protect|p2a: Wishiwashi\n|-singleturn|p2a: Wishiwashi|Protect\n|move|p1a: Celesteela|Giga Drain|p2a: Wishiwashi\n|-activate|p2a: Wishiwashi|move: Protect\n|\n|-heal|p2a: Wishiwashi|38\/100|[from] item: Leftovers\n|upkeep\n|turn|15\n|\n|t:|1698971657\n|move|p2a: Wishiwashi|Protect||[still]\n|-fail|p2a: Wishiwashi\n|move|p1a: Celesteela|Giga Drain|p2a: Wishiwashi\n|-supereffective|p2a: Wishiwashi\n|-damage|p2a: Wishiwashi|14\/100\n|\n|-heal|p2a: Wishiwashi|21\/100|[from] item: Leftovers\n|-formechange|p2a: Wishiwashi|Wishiwashi||[from] ability: Schooling\n|upkeep\n|turn|16\n|\n|t:|1698971666\n|move|p2a: Wishiwashi|Protect|p2a: Wishiwashi\n|-singleturn|p2a: Wishiwashi|Protect\n|move|p1a: Celesteela|Giga Drain|p2a: Wishiwashi\n|-activate|p2a: Wishiwashi|move: Protect\n|\n|-heal|p2a: Wishiwashi|27\/100|[from] item: Leftovers\n|-formechange|p2a: Wishiwashi|Wishiwashi-School||[from] ability: Schooling\n|upkeep\n|turn|17\n|\n|t:|1698971676\n|move|p1a: Celesteela|Zen Headbutt|p2a: Wishiwashi\n|-damage|p2a: Wishiwashi|5\/100\n|cant|p2a: Wishiwashi|flinch\n|\n|-heal|p2a: Wishiwashi|11\/100|[from] item: Leftovers\n|-formechange|p2a: Wishiwashi|Wishiwashi||[from] ability: Schooling\n|upkeep\n|turn|18\n|\n|t:|1698971685\n|move|p2a: Wishiwashi|Protect|p2a: Wishiwashi\n|-singleturn|p2a: Wishiwashi|Protect\n|move|p1a: Celesteela|Toxic|p2a: Wishiwashi\n|-activate|p2a: Wishiwashi|move: Protect\n|\n|-heal|p2a: Wishiwashi|17\/100|[from] item: Leftovers\n|upkeep\n|turn|19\n|\n|t:|1698971694\n|move|p1a: Celesteela|Zen Headbutt|p2a: Wishiwashi|[miss]\n|-miss|p1a: Celesteela|p2a: Wishiwashi\n|move|p2a: Wishiwashi|Aqua Ring|p2a: Wishiwashi\n|-start|p2a: Wishiwashi|Aqua Ring\n|\n|-heal|p2a: Wishiwashi|23\/100|[from] item: Leftovers\n|-heal|p2a: Wishiwashi|29\/100|[from] Aqua Ring\n|-formechange|p2a: Wishiwashi|Wishiwashi-School||[from] ability: Schooling\n|upkeep\n|turn|20\n|\n|t:|1698971704\n|move|p2a: Wishiwashi|Protect|p2a: Wishiwashi\n|-singleturn|p2a: Wishiwashi|Protect\n|move|p1a: Celesteela|Zen Headbutt|p2a: Wishiwashi\n|-activate|p2a: Wishiwashi|move: Protect\n|\n|-heal|p2a: Wishiwashi|35\/100|[from] item: Leftovers\n|-heal|p2a: Wishiwashi|41\/100|[from] Aqua Ring\n|upkeep\n|turn|21\n|\n|t:|1698971719\n|move|p1a: Celesteela|Zen Headbutt|p2a: Wishiwashi\n|-damage|p2a: Wishiwashi|18\/100\n|move|p2a: Wishiwashi|Liquidation|p1a: Celesteela\n|-damage|p1a: Celesteela|65\/100\n|\n|-heal|p2a: Wishiwashi|24\/100|[from] item: Leftovers\n|-heal|p2a: Wishiwashi|30\/100|[from] Aqua Ring\n|upkeep\n|turn|22\n|\n|t:|1698971729\n|move|p2a: Wishiwashi|Protect|p2a: Wishiwashi\n|-singleturn|p2a: Wishiwashi|Protect\n|move|p1a: Celesteela|Giga Drain|p2a: Wishiwashi\n|-activate|p2a: Wishiwashi|move: Protect\n|\n|-heal|p2a: Wishiwashi|37\/100|[from] item: Leftovers\n|-heal|p2a: Wishiwashi|43\/100|[from] Aqua Ring\n|upkeep\n|turn|23\n|\n|t:|1698971739\n|move|p1a: Celesteela|Toxic|p2a: Wishiwashi\n|-status|p2a: Wishiwashi|tox\n|move|p2a: Wishiwashi|Liquidation|p1a: Celesteela\n|-damage|p1a: Celesteela|31\/100\n|-unboost|p1a: Celesteela|def|1\n|\n|-heal|p2a: Wishiwashi|49\/100 tox|[from] item: Leftovers\n|-heal|p2a: Wishiwashi|55\/100 tox|[from] Aqua Ring\n|-damage|p2a: Wishiwashi|49\/100 tox|[from] psn\n|upkeep\n|turn|24\n|\n|t:|1698971750\n|move|p2a: Wishiwashi|Protect|p2a: Wishiwashi\n|-singleturn|p2a: Wishiwashi|Protect\n|move|p1a: Celesteela|Zen Headbutt|p2a: Wishiwashi\n|-activate|p2a: Wishiwashi|move: Protect\n|\n|-heal|p2a: Wishiwashi|55\/100 tox|[from] item: Leftovers\n|-heal|p2a: Wishiwashi|61\/100 tox|[from] Aqua Ring\n|-damage|p2a: Wishiwashi|49\/100 tox|[from] psn\n|upkeep\n|turn|25\n|\n|t:|1698971762\n|switch|p2a: Blissey|Blissey, F|100\/100\n|move|p1a: Celesteela|Giga Drain|p2a: Blissey\n|-damage|p2a: Blissey|94\/100\n|-heal|p1a: Celesteela|37\/100|[from] drain|[of] p2a: Blissey\n|\n|-heal|p2a: Blissey|99\/100|[from] item: Leftovers\n|upkeep\n|turn|26\n|\n|t:|1698971772\n|switch|p1a: Xurkitree|Xurkitree|100\/100\n|move|p2a: Blissey|Aromatherapy|p2a: Blissey\n|-activate|p2a: Blissey|move: Aromatherapy\n|-curestatus|p2: Wishiwashi|tox|[msg]\n|\n|-heal|p2a: Blissey|100\/100|[from] item: Leftovers\n|upkeep\n|turn|27\n|\n|t:|1698971782\n|move|p1a: Xurkitree|Calm Mind|p1a: Xurkitree\n|-boost|p1a: Xurkitree|spa|1\n|-boost|p1a: Xurkitree|spd|1\n|move|p2a: Blissey|Tri Attack|p1a: Xurkitree\n|-damage|p1a: Xurkitree|81\/100\n|\n|upkeep\n|turn|28\n|\n|t:|1698971793\n|move|p1a: Xurkitree|Calm Mind|p1a: Xurkitree\n|-boost|p1a: Xurkitree|spa|1\n|-boost|p1a: Xurkitree|spd|1\n|move|p2a: Blissey|Tri Attack|p1a: Xurkitree\n|-damage|p1a: Xurkitree|69\/100\n|-status|p1a: Xurkitree|frz\n|\n|upkeep\n|turn|29\n|\n|t:|1698971808\n|switch|p2a: Wishiwashi|Wishiwashi, F|49\/100\n|-formechange|p2a: Wishiwashi|Wishiwashi-School||[from] ability: Schooling\n|cant|p1a: Xurkitree|frz\n|\n|-heal|p2a: Wishiwashi|55\/100|[from] item: Leftovers\n|upkeep\n|turn|30\n|\n|t:|1698971810\n|cant|p1a: Xurkitree|frz\n|move|p2a: Wishiwashi|Earthquake|p1a: Xurkitree\n|-supereffective|p1a: Xurkitree\n|-damage|p1a: Xurkitree|0 fnt\n|faint|p1a: Xurkitree\n|\n|-heal|p2a: Wishiwashi|61\/100|[from] item: Leftovers\n|upkeep\n|\n|t:|1698971812\n|switch|p1a: Naganadel|Naganadel|100\/100\n|turn|31\n|\n|t:|1698971823\n|move|p2a: Wishiwashi|Protect|p2a: Wishiwashi\n|-singleturn|p2a: Wishiwashi|Protect\n|move|p1a: Naganadel|Nasty Plot|p1a: Naganadel\n|-boost|p1a: Naganadel|spa|2\n|\n|-heal|p2a: Wishiwashi|67\/100|[from] item: Leftovers\n|upkeep\n|turn|32\n|\n|t:|1698971836\n|move|p1a: Naganadel|Fell Stinger|p2a: Wishiwashi\n|-damage|p2a: Wishiwashi|56\/100\n|move|p2a: Wishiwashi|Earthquake|p1a: Naganadel\n|-supereffective|p1a: Naganadel\n|-damage|p1a: Naganadel|24\/100\n|\n|-heal|p2a: Wishiwashi|62\/100|[from] item: Leftovers\n|upkeep\n|turn|33\n|\n|t:|1698971844\n|move|p1a: Naganadel|Leech Life|p2a: Wishiwashi\n|-damage|p2a: Wishiwashi|45\/100\n|-heal|p1a: Naganadel|32\/100|[from] drain|[of] p2a: Wishiwashi\n|move|p2a: Wishiwashi|Aqua Ring|p2a: Wishiwashi\n|-start|p2a: Wishiwashi|Aqua Ring\n|\n|-heal|p2a: Wishiwashi|52\/100|[from] item: Leftovers\n|-heal|p2a: Wishiwashi|58\/100|[from] Aqua Ring\n|upkeep\n|turn|34\n|\n|t:|1698971856\n|move|p2a: Wishiwashi|Protect|p2a: Wishiwashi\n|-singleturn|p2a: Wishiwashi|Protect\n|move|p1a: Naganadel|Leech Life|p2a: Wishiwashi\n|-activate|p2a: Wishiwashi|move: Protect\n|\n|-heal|p2a: Wishiwashi|64\/100|[from] item: Leftovers\n|-heal|p2a: Wishiwashi|70\/100|[from] Aqua Ring\n|upkeep\n|turn|35\n|\n|t:|1698971868\n|move|p1a: Naganadel|Leech Life|p2a: Wishiwashi\n|-damage|p2a: Wishiwashi|52\/100\n|-heal|p1a: Naganadel|39\/100|[from] drain|[of] p2a: Wishiwashi\n|move|p2a: Wishiwashi|Earthquake|p1a: Naganadel\n|-supereffective|p1a: Naganadel\n|-damage|p1a: Naganadel|0 fnt\n|faint|p1a: Naganadel\n|\n|-heal|p2a: Wishiwashi|58\/100|[from] item: Leftovers\n|-heal|p2a: Wishiwashi|64\/100|[from] Aqua Ring\n|upkeep\n|\n|t:|1698971873\n|switch|p1a: Pheromosa|Pheromosa|100\/100\n|turn|36\n|\n|t:|1698971882\n|move|p2a: Wishiwashi|Protect|p2a: Wishiwashi\n|-singleturn|p2a: Wishiwashi|Protect\n|move|p1a: Pheromosa|Quiver Dance|p1a: Pheromosa\n|-boost|p1a: Pheromosa|spa|1\n|-boost|p1a: Pheromosa|spd|1\n|-boost|p1a: Pheromosa|spe|1\n|\n|-heal|p2a: Wishiwashi|70\/100|[from] item: Leftovers\n|-heal|p2a: Wishiwashi|76\/100|[from] Aqua Ring\n|upkeep\n|turn|37\n|\n|t:|1698971893\n|move|p1a: Pheromosa|Toxic|p2a: Wishiwashi\n|-status|p2a: Wishiwashi|tox\n|move|p2a: Wishiwashi|Liquidation|p1a: Pheromosa\n|-damage|p1a: Pheromosa|16\/100\n|\n|-heal|p2a: Wishiwashi|82\/100 tox|[from] item: Leftovers\n|-heal|p2a: Wishiwashi|89\/100 tox|[from] Aqua Ring\n|-damage|p2a: Wishiwashi|82\/100 tox|[from] psn\n|upkeep\n|turn|38\n|\n|t:|1698971906\n|move|p1a: Pheromosa|Brick Break|p2a: Wishiwashi\n|-damage|p2a: Wishiwashi|45\/100 tox\n|move|p2a: Wishiwashi|Liquidation|p1a: Pheromosa\n|-damage|p1a: Pheromosa|0 fnt\n|faint|p1a: Pheromosa\n|\n|-heal|p2a: Wishiwashi|51\/100 tox|[from] item: Leftovers\n|-heal|p2a: Wishiwashi|57\/100 tox|[from] Aqua Ring\n|-damage|p2a: Wishiwashi|45\/100 tox|[from] psn\n|upkeep\n|\n|t:|1698971910\n|switch|p1a: Celesteela|Celesteela|37\/100\n|turn|39\n|\n|t:|1698971922\n|switch|p2a: Blissey|Blissey, F|100\/100\n|move|p1a: Celesteela|Giga Drain|p2a: Blissey\n|-damage|p2a: Blissey|93\/100\n|-heal|p1a: Celesteela|43\/100|[from] drain|[of] p2a: Blissey\n|\n|-heal|p2a: Blissey|99\/100|[from] item: Leftovers\n|upkeep\n|turn|40\n|-message|Epic99 forfeited.\n|\n|win|Overlord Veilmor\n|raw|Epic99's rating: 1103 &rarr; <strong>1074<\/strong><br \/>(-29 for losing)\n|raw|Overlord Veilmor's rating: 1040 &rarr; <strong>1080<\/strong><br \/>(+40 for winning)\n|l|\u2606Epic99\n","uploadtime":1698971942,"views":9,"p1id":"epic99","p2id":"overlordveilmor","formatid":"gen9nationaldexubers","rating":1074,"private":0,"password":""}