{"id":"gen9nationaldexubers-1982840861","p1":"SkillzBP","p2":"IncandescentCandle","format":"[Gen 9] National Dex Ubers","log":"|j|\u2606SkillzBP\n|j|\u2606IncandescentCandle\n|t:|1699050162\n|gametype|singles\n|player|p1|SkillzBP|hau|\n|player|p2|IncandescentCandle|iono|\n|teamsize|p1|6\n|teamsize|p2|6\n|gen|9\n|tier|[Gen 9] National Dex Ubers\n|rule|HP Percentage Mod: HP is shown in percentages\n|rule|Endless Battle Clause: Forcing endless battles is banned\n|rule|OHKO Clause: OHKO moves are banned\n|rule|Evasion Moves Clause: Evasion moves are banned\n|rule|Evasion Items Clause: Evasion items are banned\n|rule|Species Clause: Limit one of each Pok\u00e9mon\n|rule|Sleep Clause Mod: Limit one foe put to sleep\n|rule|Mega Rayquaza Clause: You cannot mega evolve Rayquaza\n|clearpoke\n|poke|p1|Pelipper, M|\n|poke|p1|Slowbro, M|\n|poke|p1|Urshifu-*, M|\n|poke|p1|Walking Wake|\n|poke|p1|Crawdaunt, M|\n|poke|p1|Swampert, M|\n|poke|p2|Ursaluna-Bloodmoon, M|\n|poke|p2|Tapu Koko|\n|poke|p2|Sneasler, M|\n|poke|p2|Raichu-Alola, F|\n|poke|p2|Aerodactyl, M|\n|poke|p2|Baxcalibur, F|\n|teampreview\n|inactive|Battle timer is ON: inactive players will automatically lose when time's up. (requested by SkillzBP)\n|c|\u2606IncandescentCandle|hf\n|c|\u2606IncandescentCandle|poison bm\n|j| Moonz_e\n|j| SkechiArt\n|c|\u2606SkillzBP|glhf!\n|j| Destinum\n|j| Astro Rifk\n|j| Bug Maniac Swaggy\n|inactive|SkillzBP has 270 seconds left.\n|c| Moonz_e|You can do it Athy, i believe\n|c| Moonz_e|Believe in the Bear\n|\n|t:|1699050204\n|start\n|switch|p1a: Divorced Father|Pelipper, M|100\/100\n|switch|p2a: New Sky|Aerodactyl, M|100\/100\n|-weather|RainDance|[from] ability: Drizzle|[of] p1a: Divorced Father\n|turn|1\n|c| Moonz_e|You know it's powerful\n|\n|t:|1699050209\n|switch|p2a: Stay|Tapu Koko|100\/100\n|-fieldstart|move: Electric Terrain|[from] ability: Electric Surge|[of] p2a: Stay\n|switch|p1a: Single mother of 2|Slowbro, M|100\/100\n|\n|-weather|RainDance|[upkeep]\n|upkeep\n|turn|2\n|c| Moonz_e|In Bear we trust\n|\n|t:|1699050215\n|move|p2a: Stay|Taunt|p1a: Single mother of 2\n|-start|p1a: Single mother of 2|move: Taunt\n|move|p1a: Single mother of 2|Future Sight|p2a: Stay\n|-start|p1a: Single mother of 2|move: Future Sight\n|\n|-weather|RainDance|[upkeep]\n|upkeep\n|turn|3\n|j| ArcticIzagi\n|\n|t:|1699050219\n|move|p2a: Stay|Light Screen|p2a: Stay\n|-sidestart|p2: IncandescentCandle|move: Light Screen\n|move|p1a: Single mother of 2|Scald|p2a: Stay\n|-damage|p2a: Stay|76\/100\n|\n|-weather|RainDance|[upkeep]\n|upkeep\n|turn|4\n|\n|t:|1699050223\n|switch|p1a: Divorced Father|Pelipper, M|100\/100\n|move|p2a: Stay|Reflect|p2a: Stay\n|-sidestart|p2: IncandescentCandle|Reflect\n|\n|-weather|RainDance|[upkeep]\n|-end|p2a: Stay|move: Future Sight\n|-damage|p2a: Stay|52\/100\n|upkeep\n|turn|5\n|c| Astro Rifk|stay \ud83d\udc10\ud83d\udc10\n|j| Jack0lantern89\n|\n|t:|1699050231\n|move|p2a: Stay|U-turn|p1a: Divorced Father\n|-resisted|p1a: Divorced Father\n|-damage|p1a: Divorced Father|91\/100\n|\n|t:|1699050232\n|switch|p2a: New Sky|Aerodactyl, M|100\/100|[from] U-turn\n|move|p1a: Divorced Father|Defog|p2a: New Sky\n|-unboost|p2a: New Sky|evasion|1\n|-sideend|p2: IncandescentCandle|Reflect\n|-sideend|p2: IncandescentCandle|move: Light Screen\n|-fieldend|move: Electric Terrain\n|\n|-weather|none\n|upkeep\n|turn|6\n|c| SkechiArt|pelliper really said nuh uh\n|inactive|SkillzBP has 270 seconds left.\n|inactiveoff|Battle timer is now OFF.\n|\n|t:|1699050275\n|switch|p1a: Single mother of 2|Slowbro, M|100\/100\n|detailschange|p2a: New Sky|Aerodactyl-Mega, M\n|-mega|p2a: New Sky|Aerodactyl|Aerodactylite\n|move|p2a: New Sky|Stone Edge|p1a: Single mother of 2|[miss]\n|-miss|p2a: New Sky|p1a: Single mother of 2\n|\n|upkeep\n|turn|7\n|\n|t:|1699050286\n|switch|p2a: Under|Ursaluna-Bloodmoon, M|100\/100\n|move|p1a: Single mother of 2|Scald|p2a: Under\n|-supereffective|p2a: Under\n|-damage|p2a: Under|34\/100\n|\n|-heal|p2a: Under|40\/100|[from] item: Leftovers\n|upkeep\n|turn|8\n|\n|t:|1699050292\n|-terastallize|p2a: Under|Poison\n|move|p2a: Under|Moonlight|p2a: Under\n|-heal|p2a: Under|90\/100\n|move|p1a: Single mother of 2|Future Sight|p2a: Under\n|-start|p1a: Single mother of 2|move: Future Sight\n|\n|-heal|p2a: Under|97\/100|[from] item: Leftovers\n|upkeep\n|turn|9\n|c| Moonz_e|Noooo, Aero, you can't miss those;-;\n|c|\u2606IncandescentCandle|did like 30 max\n|c|\u2606IncandescentCandle|didnt matter\n|\n|t:|1699050314\n|move|p2a: Under|Calm Mind|p2a: Under\n|-boost|p2a: Under|spa|1\n|-boost|p2a: Under|spd|1\n|move|p1a: Single mother of 2|Teleport|p1a: Single mother of 2\n|c| Astro Rifk|speaking of \ud83d\udc10\n|c| Moonz_e|Bear <3\n|c| Destinum|Can the bear do bear things?\n|l| Destinum\n|j| Destinum\n|\n|t:|1699050451\n|switch|p1a: Dwayne Johnson|Swampert, M|100\/100|[from] Teleport\n|\n|-heal|p2a: Under|100\/100|[from] item: Leftovers\n|upkeep\n|turn|10\n|\n|t:|1699050456\n|detailschange|p1a: Dwayne Johnson|Swampert-Mega, M\n|-mega|p1a: Dwayne Johnson|Swampert|Swampertite\n|move|p1a: Dwayne Johnson|Flip Turn|p2a: Under\n|-damage|p2a: Under|80\/100\n|\n|t:|1699050464\n|switch|p1a: Single mother of 2|Slowbro, M|100\/100|[from] Flip Turn\n|move|p2a: Under|Blood Moon|p1a: Single mother of 2\n|-damage|p1a: Single mother of 2|0 fnt\n|faint|p1a: Single mother of 2\n|\n|-end|p2a: Under|move: Future Sight\n|-supereffective|p2a: Under\n|-crit|p2a: Under\n|-damage|p2a: Under|0 fnt\n|faint|p2a: Under\n|upkeep\n|c| Moonz_e|Bonk\n|c|\u2606IncandescentCandle|ftr\n|c|\u2606IncandescentCandle|crit mattered\n|c| Moonz_e|Ah shit\n|c| Astro Rifk|not under\n|c| SkechiArt|tragic\n|c|\u2606IncandescentCandle|fucking hell\n|c| Astro Rifk|\ud83d\ude2d\n|c| Moonz_e|Of course it did you're+1\n|c| Destinum|Big oof.\n|c| Moonz_e|I know the bear mental calcs\n|c|\u2606IncandescentCandle|gonna like lose this game now\n|\n|t:|1699050508\n|switch|p2a: Almost Home|Baxcalibur, F|100\/100\n|switch|p1a: Divorced Father|Pelipper, M|91\/100\n|-weather|RainDance|[from] ability: Drizzle|[of] p1a: Divorced Father\n|turn|11\n|c| Astro Rifk|nah the goat clutches up\n|\n|t:|1699050550\n|move|p2a: Almost Home|Scale Shot|p1a: Divorced Father\n|-damage|p1a: Divorced Father|76\/100\n|-damage|p1a: Divorced Father|61\/100\n|-damage|p1a: Divorced Father|44\/100\n|-damage|p1a: Divorced Father|28\/100\n|-hitcount|p1a: Divorced Father|4\n|-unboost|p2a: Almost Home|def|1\n|-boost|p2a: Almost Home|spe|1\n|move|p1a: Divorced Father|U-turn|p2a: Almost Home\n|-damage|p2a: Almost Home|89\/100\n|\n|t:|1699050573\n|switch|p1a: Dwayne Johnson|Swampert-Mega, M|100\/100|[from] U-turn\n|\n|-weather|RainDance|[upkeep]\n|upkeep\n|turn|12\n|\n|t:|1699050577\n|switch|p2a: Pickled Ginger|Sneasler, M|100\/100\n|move|p1a: Dwayne Johnson|Earthquake|p2a: Pickled Ginger\n|-supereffective|p2a: Pickled Ginger\n|-damage|p2a: Pickled Ginger|0 fnt\n|faint|p2a: Pickled Ginger\n|\n|-weather|RainDance|[upkeep]\n|upkeep\n|\n|t:|1699050580\n|switch|p2a: Stay|Tapu Koko|52\/100\n|-fieldstart|move: Electric Terrain|[from] ability: Electric Surge|[of] p2a: Stay\n|turn|13\n|\n|t:|1699050588\n|switch|p2a: New Sky|Aerodactyl-Mega, M|100\/100\n|move|p1a: Dwayne Johnson|Liquidation|p2a: New Sky\n|-supereffective|p2a: New Sky\n|-damage|p2a: New Sky|0 fnt\n|faint|p2a: New Sky\n|\n|-weather|RainDance|[upkeep]\n|upkeep\n|\n|t:|1699050590\n|switch|p2a: Something To Feel|Raichu-Alola, F|100\/100\n|turn|14\n|\n|t:|1699050595\n|move|p2a: Something To Feel|Grass Knot|p1a: Dwayne Johnson\n|-supereffective|p1a: Dwayne Johnson\n|-damage|p1a: Dwayne Johnson|0 fnt\n|faint|p1a: Dwayne Johnson\n|\n|-weather|RainDance|[upkeep]\n|upkeep\n|c|\u2606IncandescentCandle|phew\n|c|\u2606IncandescentCandle|didnt miss roll\n|c| Destinum|This rrat has to carry the whole team on its back now.\n|c| Moonz_e|You and Rat can do it Athy!\n|c| Moonz_e|I believe!\n|\n|t:|1699050627\n|switch|p1a: That crab I hate|Crawdaunt, M|100\/100\n|turn|15\n|\n|t:|1699050633\n|switch|p2a: Almost Home|Baxcalibur, F|89\/100\n|move|p1a: That crab I hate|Knock Off|p2a: Almost Home\n|-damage|p2a: Almost Home|6\/100\n|-enditem|p2a: Almost Home|Loaded Dice|[from] move: Knock Off|[of] p1a: That crab I hate\n|-damage|p1a: That crab I hate|91\/100|[from] item: Life Orb\n|\n|-weather|none\n|upkeep\n|turn|16\n|\n|t:|1699050636\n|move|p2a: Almost Home|Ice Shard|p1a: That crab I hate\n|-resisted|p1a: That crab I hate\n|-damage|p1a: That crab I hate|74\/100\n|move|p1a: That crab I hate|Aqua Jet|p2a: Almost Home\n|-resisted|p2a: Almost Home\n|-damage|p2a: Almost Home|0 fnt\n|faint|p2a: Almost Home\n|-damage|p1a: That crab I hate|65\/100|[from] item: Life Orb\n|\n|upkeep\n|\n|t:|1699050643\n|switch|p2a: Something To Feel|Raichu-Alola, F|100\/100\n|turn|17\n|\n|t:|1699050661\n|switch|p1a: Divorced Father|Pelipper, M|28\/100\n|-weather|RainDance|[from] ability: Drizzle|[of] p1a: Divorced Father\n|move|p2a: Something To Feel|Rising Voltage|p1a: Divorced Father\n|-supereffective|p1a: Divorced Father\n|-damage|p1a: Divorced Father|0 fnt\n|faint|p1a: Divorced Father\n|\n|-weather|RainDance|[upkeep]\n|-fieldend|move: Electric Terrain\n|upkeep\n|\n|t:|1699050665\n|switch|p1a: That crab I hate|Crawdaunt, M|65\/100\n|turn|18\n|c|\u2606IncandescentCandle|ah gg\n|\n|t:|1699050671\n|move|p1a: That crab I hate|Aqua Jet|p2a: Something To Feel\n|-damage|p2a: Something To Feel|0 fnt\n|faint|p2a: Something To Feel\n|-damage|p1a: That crab I hate|55\/100|[from] item: Life Orb\n|\n|-weather|RainDance|[upkeep]\n|upkeep\n|\n|t:|1699050673\n|switch|p2a: Stay|Tapu Koko|52\/100\n|-fieldstart|move: Electric Terrain|[from] ability: Electric Surge|[of] p2a: Stay\n|turn|19\n|c|\u2606IncandescentCandle|if i didn't get crit on bm i won this\n|c|\u2606IncandescentCandle|for sure\n|c| Moonz_e|Was thu\n|\n|t:|1699050685\n|move|p1a: That crab I hate|Aqua Jet|p2a: Stay\n|-damage|p2a: Stay|0 fnt\n|faint|p2a: Stay\n|-damage|p1a: That crab I hate|45\/100|[from] item: Life Orb\n|\n|win|SkillzBP\n|c| Moonz_e|Was the roll\n|c|\u2606SkillzBP|gg\n|l| Astro Rifk\n|c|\u2606SkillzBP|that was probably the unluckiest crit of all time i'm so sorry about that\n","uploadtime":1699050692,"views":21,"p1id":"skillzbp","p2id":"incandescentcandle","formatid":"gen9nationaldexubers","rating":0,"private":0,"password":""}