{"id":"gen9nationaldexubers-1984094006","p1":"M3wL0v3r","p2":"sx_maxios","format":"[Gen 9] National Dex Ubers","log":"|j|\u2606M3wL0v3r\n|j|\u2606sx_maxios\n|t:|1699218031\n|gametype|singles\n|player|p1|M3wL0v3r|170|1108\n|player|p2|sx_maxios|102|1000\n|teamsize|p1|6\n|teamsize|p2|6\n|gen|9\n|tier|[Gen 9] National Dex Ubers\n|rated|\n|rule|HP Percentage Mod: HP is shown in percentages\n|rule|Endless Battle Clause: Forcing endless battles is banned\n|rule|OHKO Clause: OHKO moves are banned\n|rule|Evasion Moves Clause: Evasion moves are banned\n|rule|Evasion Items Clause: Evasion items are banned\n|rule|Species Clause: Limit one of each Pok\u00e9mon\n|rule|Sleep Clause Mod: Limit one foe put to sleep\n|rule|Mega Rayquaza Clause: You cannot mega evolve Rayquaza\n|clearpoke\n|poke|p1|Marshadow|\n|poke|p1|Marowak, F|\n|poke|p1|Miltank, F|\n|poke|p1|Quagsire, M|\n|poke|p1|Amoonguss, F|\n|poke|p1|Raichu, F|\n|poke|p2|Blissey, F|\n|poke|p2|Muk-Alola, F|\n|poke|p2|Moltres|\n|poke|p2|Dondozo, M|\n|poke|p2|Clodsire, F|\n|poke|p2|Toxapex, M|\n|teampreview\n|\n|t:|1699218058\n|start\n|switch|p1a: Marowak|Marowak, F|100\/100\n|switch|p2a: Clodsire|Clodsire, F|100\/100\n|turn|1\n|\n|t:|1699218069\n|switch|p2a: Moltres|Moltres|100\/100\n|move|p1a: Marowak|Swords Dance|p1a: Marowak\n|-boost|p1a: Marowak|atk|2\n|\n|upkeep\n|turn|2\n|\n|t:|1699218076\n|move|p2a: Moltres|Flamethrower|p1a: Marowak\n|-damage|p1a: Marowak|53\/100\n|move|p1a: Marowak|Smack Down|p2a: Moltres\n|-supereffective|p2a: Moltres\n|-damage|p2a: Moltres|0 fnt\n|faint|p2a: Moltres\n|\n|upkeep\n|\n|t:|1699218087\n|switch|p2a: Dondozo|Dondozo, M|100\/100\n|turn|3\n|\n|t:|1699218094\n|move|p1a: Marowak|Bonemerang|p2a: Dondozo\n|-damage|p2a: Dondozo|82\/100\n|-damage|p2a: Dondozo|65\/100\n|-hitcount|p2a: Dondozo|2\n|move|p2a: Dondozo|Curse|p2a: Dondozo\n|-unboost|p2a: Dondozo|spe|1\n|-boost|p2a: Dondozo|atk|1\n|-boost|p2a: Dondozo|def|1\n|\n|upkeep\n|turn|4\n|\n|t:|1699218107\n|switch|p1a: Raichu|Raichu, F|100\/100\n|move|p2a: Dondozo|Avalanche|p1a: Raichu\n|-damage|p1a: Raichu|57\/100\n|\n|upkeep\n|turn|5\n|\n|t:|1699218115\n|switch|p2a: Clodsire|Clodsire, F|100\/100\n|-terastallize|p1a: Raichu|Electric\n|move|p1a: Raichu|Thunderbolt|p2a: Clodsire\n|-immune|p2a: Clodsire\n|\n|upkeep\n|turn|6\n|\n|t:|1699218132\n|move|p1a: Raichu|Surf|p2a: Clodsire\n|-supereffective|p2a: Clodsire\n|-damage|p2a: Clodsire|76\/100\n|move|p2a: Clodsire|Spikes|p1a: Raichu\n|-sidestart|p1: M3wL0v3r|Spikes\n|\n|upkeep\n|turn|7\n|\n|t:|1699218140\n|switch|p1a: Marowak|Marowak, F|53\/100\n|-damage|p1a: Marowak|40\/100|[from] Spikes\n|move|p2a: Clodsire|Spikes|p1a: Marowak\n|-sidestart|p1: M3wL0v3r|Spikes\n|\n|upkeep\n|turn|8\n|\n|t:|1699218151\n|switch|p2a: Toxapex|Toxapex, M|100\/100\n|move|p1a: Marowak|Swords Dance|p1a: Marowak\n|-boost|p1a: Marowak|atk|2\n|\n|upkeep\n|turn|9\n|\n|t:|1699218160\n|move|p1a: Marowak|Bonemerang|p2a: Toxapex\n|-supereffective|p2a: Toxapex\n|-damage|p2a: Toxapex|0 fnt\n|faint|p2a: Toxapex\n|-hitcount|p2: Toxapex|1\n|\n|upkeep\n|\n|t:|1699218167\n|switch|p2a: Dondozo|Dondozo, M|65\/100\n|turn|10\n|\n|t:|1699218171\n|move|p1a: Marowak|Swords Dance|p1a: Marowak\n|-boost|p1a: Marowak|atk|2\n|move|p2a: Dondozo|Avalanche|p1a: Marowak\n|-supereffective|p1a: Marowak\n|-damage|p1a: Marowak|11\/100\n|\n|upkeep\n|turn|11\n|\n|t:|1699218178\n|move|p1a: Marowak|Bonemerang|p2a: Dondozo\n|-damage|p2a: Dondozo|46\/100\n|-damage|p2a: Dondozo|28\/100\n|-hitcount|p2a: Dondozo|2\n|move|p2a: Dondozo|Avalanche|p1a: Marowak\n|-supereffective|p1a: Marowak\n|-damage|p1a: Marowak|0 fnt\n|faint|p1a: Marowak\n|\n|upkeep\n|\n|t:|1699218191\n|switch|p1a: Raichu|Raichu, F, tera:Electric|57\/100\n|-damage|p1a: Raichu|40\/100|[from] Spikes\n|turn|12\n|\n|t:|1699218198\n|move|p1a: Raichu|Nasty Plot|p1a: Raichu\n|-boost|p1a: Raichu|spa|2\n|move|p2a: Dondozo|Rest|p2a: Dondozo\n|-status|p2a: Dondozo|slp|[from] move: Rest\n|-heal|p2a: Dondozo|100\/100 slp|[silent]\n|\n|upkeep\n|turn|13\n|\n|t:|1699218205\n|switch|p2a: Clodsire|Clodsire, F|76\/100\n|move|p1a: Raichu|Nasty Plot|p1a: Raichu\n|-boost|p1a: Raichu|spa|2\n|\n|upkeep\n|turn|14\n|\n|t:|1699218213\n|move|p1a: Raichu|Surf|p2a: Clodsire\n|-supereffective|p2a: Clodsire\n|-damage|p2a: Clodsire|52\/100\n|move|p2a: Clodsire|Earthquake|p1a: Raichu\n|-supereffective|p1a: Raichu\n|-damage|p1a: Raichu|0 fnt\n|faint|p1a: Raichu\n|\n|upkeep\n|\n|t:|1699218222\n|switch|p1a: Zacian Slaughterer|Quagsire, M|100\/100\n|-damage|p1a: Zacian Slaughterer|84\/100|[from] Spikes\n|turn|15\n|\n|t:|1699218227\n|move|p1a: Zacian Slaughterer|Earthquake|p2a: Clodsire\n|-supereffective|p2a: Clodsire\n|-damage|p2a: Clodsire|0 fnt\n|faint|p2a: Clodsire\n|\n|upkeep\n|\n|t:|1699218234\n|switch|p2a: Muk|Muk-Alola, F|100\/100\n|turn|16\n|\n|t:|1699218242\n|switch|p2a: Dondozo|Dondozo, M|100\/100 slp\n|move|p1a: Zacian Slaughterer|Earthquake|p2a: Dondozo\n|-damage|p2a: Dondozo|88\/100 slp\n|\n|upkeep\n|turn|17\n|\n|t:|1699218249\n|switch|p1a: Amoonguss|Amoonguss, F|100\/100\n|-damage|p1a: Amoonguss|84\/100|[from] Spikes\n|cant|p2a: Dondozo|slp\n|move|p2a: Dondozo|Sleep Talk|p2a: Dondozo\n|move|p2a: Dondozo|Rest||[from]move: Sleep Talk|[still]\n|-fail|p2a: Dondozo\n|\n|upkeep\n|turn|18\n|\n|t:|1699218261\n|switch|p2a: Blissey|Blissey, F|100\/100\n|move|p1a: Amoonguss|Giga Drain|p2a: Blissey\n|-damage|p2a: Blissey|92\/100\n|-heal|p1a: Amoonguss|91\/100|[from] drain|[of] p2a: Blissey\n|\n|upkeep\n|turn|19\n|\n|t:|1699218270\n|move|p2a: Blissey|Seismic Toss|p1a: Amoonguss\n|-damage|p1a: Amoonguss|68\/100\n|move|p1a: Amoonguss|Sludge Bomb|p2a: Blissey\n|-damage|p2a: Blissey|79\/100\n|-status|p2a: Blissey|psn\n|\n|-damage|p2a: Blissey|67\/100 psn|[from] psn\n|upkeep\n|turn|20\n|\n|t:|1699218282\n|switch|p1a: Steak|Miltank, F|100\/100\n|-damage|p1a: Steak|84\/100|[from] Spikes\n|move|p2a: Blissey|Heal Bell|p2a: Blissey\n|-activate|p2a: Blissey|move: Heal Bell\n|-curestatus|p2a: Blissey|psn|[msg]\n|-curestatus|p2: Dondozo|slp|[msg]\n|\n|upkeep\n|turn|21\n|\n|t:|1699218292\n|switch|p2a: Dondozo|Dondozo, M|88\/100\n|move|p1a: Steak|Milk Drink|p1a: Steak\n|-heal|p1a: Steak|100\/100\n|\n|upkeep\n|turn|22\n|\n|t:|1699218298\n|move|p1a: Steak|Earthquake|p2a: Dondozo\n|-damage|p2a: Dondozo|75\/100\n|move|p2a: Dondozo|Curse|p2a: Dondozo\n|-unboost|p2a: Dondozo|spe|1\n|-boost|p2a: Dondozo|atk|1\n|-boost|p2a: Dondozo|def|1\n|\n|upkeep\n|turn|23\n|\n|t:|1699218305\n|move|p1a: Steak|Earthquake|p2a: Dondozo\n|-damage|p2a: Dondozo|67\/100\n|move|p2a: Dondozo|Curse|p2a: Dondozo\n|-unboost|p2a: Dondozo|spe|1\n|-boost|p2a: Dondozo|atk|1\n|-boost|p2a: Dondozo|def|1\n|\n|upkeep\n|turn|24\n|\n|t:|1699218313\n|switch|p1a: Thief|Marshadow|100\/100\n|-damage|p1a: Thief|84\/100|[from] Spikes\n|move|p2a: Dondozo|Curse|p2a: Dondozo\n|-unboost|p2a: Dondozo|spe|1\n|-boost|p2a: Dondozo|atk|1\n|-boost|p2a: Dondozo|def|1\n|\n|upkeep\n|turn|25\n|\n|t:|1699218323\n|move|p1a: Thief|Spectral Thief||[still]\n|-clearpositiveboost|p2a: Dondozo|p1a: Thief|move: Spectral Thief\n|-boost|p1a: Thief|atk|3\n|-boost|p1a: Thief|def|3\n|-anim|p1a: Thief|Spectral Thief|p2a: Dondozo\n|-damage|p2a: Dondozo|48\/100\n|move|p2a: Dondozo|Avalanche|p1a: Thief\n|-crit|p1a: Thief\n|-damage|p1a: Thief|33\/100\n|\n|upkeep\n|turn|26\n|\n|t:|1699218340\n|move|p1a: Thief|Knock Off|p2a: Dondozo\n|-damage|p2a: Dondozo|32\/100\n|-enditem|p2a: Dondozo|Heavy-Duty Boots|[from] move: Knock Off|[of] p1a: Thief\n|move|p2a: Dondozo|Rest|p2a: Dondozo\n|-status|p2a: Dondozo|slp|[from] move: Rest\n|-heal|p2a: Dondozo|100\/100 slp|[silent]\n|\n|upkeep\n|turn|27\n|\n|t:|1699218354\n|switch|p1a: Amoonguss|Amoonguss, F|68\/100\n|-damage|p1a: Amoonguss|51\/100|[from] Spikes\n|cant|p2a: Dondozo|slp\n|\n|upkeep\n|turn|28\n|\n|t:|1699218362\n|move|p1a: Amoonguss|Giga Drain|p2a: Dondozo\n|-supereffective|p2a: Dondozo\n|-damage|p2a: Dondozo|38\/100 slp\n|-heal|p1a: Amoonguss|88\/100|[from] drain|[of] p2a: Dondozo\n|cant|p2a: Dondozo|slp\n|move|p2a: Dondozo|Sleep Talk|p2a: Dondozo\n|move|p2a: Dondozo|Avalanche|p1a: Amoonguss|[from]move: Sleep Talk\n|-supereffective|p1a: Amoonguss\n|-crit|p1a: Amoonguss\n|-damage|p1a: Amoonguss|4\/100\n|-enditem|p1a: Amoonguss|Aguav Berry|[eat]\n|-heal|p1a: Amoonguss|37\/100|[from] item: Aguav Berry\n|\n|upkeep\n|turn|29\n|\n|t:|1699218375\n|switch|p2a: Blissey|Blissey, F|67\/100\n|move|p1a: Amoonguss|Giga Drain|p2a: Blissey\n|-damage|p2a: Blissey|57\/100\n|-heal|p1a: Amoonguss|45\/100|[from] drain|[of] p2a: Blissey\n|\n|upkeep\n|turn|30\n|\n|t:|1699218382\n|switch|p1a: Steak|Miltank, F|100\/100\n|-damage|p1a: Steak|84\/100|[from] Spikes\n|move|p2a: Blissey|Soft-Boiled|p2a: Blissey\n|-heal|p2a: Blissey|100\/100\n|\n|upkeep\n|turn|31\n|\n|t:|1699218394\n|move|p1a: Steak|Ice Punch|p2a: Blissey\n|-damage|p2a: Blissey|80\/100\n|-status|p2a: Blissey|frz\n|cant|p2a: Blissey|frz\n|\n|upkeep\n|turn|32\n|\n|t:|1699218405\n|switch|p1a: Thief|Marshadow|33\/100\n|-damage|p1a: Thief|17\/100|[from] Spikes\n|-curestatus|p2a: Blissey|frz|[from] ability: Natural Cure\n|switch|p2a: Dondozo|Dondozo, M|38\/100 slp\n|\n|upkeep\n|turn|33\n|\n|t:|1699218428\n|switch|p1a: Amoonguss|Amoonguss, F|45\/100\n|-damage|p1a: Amoonguss|28\/100|[from] Spikes\n|switch|p2a: Blissey|Blissey, F|80\/100\n|\n|upkeep\n|turn|34\n|\n|t:|1699218439\n|switch|p1a: Steak|Miltank, F|84\/100\n|-damage|p1a: Steak|68\/100|[from] Spikes\n|move|p2a: Blissey|Heal Bell|p2a: Blissey\n|-activate|p2a: Blissey|move: Heal Bell\n|-curestatus|p2: Dondozo|slp|[msg]\n|\n|upkeep\n|turn|35\n|\n|t:|1699218451\n|switch|p2a: Dondozo|Dondozo, M|38\/100\n|move|p1a: Steak|Earthquake|p2a: Dondozo\n|-damage|p2a: Dondozo|25\/100\n|\n|upkeep\n|turn|36\n|\n|t:|1699218457\n|move|p1a: Steak|Milk Drink|p1a: Steak\n|-heal|p1a: Steak|100\/100\n|move|p2a: Dondozo|Rest|p2a: Dondozo\n|-status|p2a: Dondozo|slp|[from] move: Rest\n|-heal|p2a: Dondozo|100\/100 slp|[silent]\n|\n|upkeep\n|turn|37\n|\n|t:|1699218465\n|move|p1a: Steak|Ice Punch|p2a: Dondozo\n|-resisted|p2a: Dondozo\n|-damage|p2a: Dondozo|96\/100 slp\n|cant|p2a: Dondozo|slp\n|move|p2a: Dondozo|Sleep Talk|p2a: Dondozo\n|move|p2a: Dondozo|Curse|p2a: Dondozo|[from]move: Sleep Talk\n|-unboost|p2a: Dondozo|spe|1\n|-boost|p2a: Dondozo|atk|1\n|-boost|p2a: Dondozo|def|1\n|\n|upkeep\n|turn|38\n|\n|t:|1699218476\n|switch|p1a: Zacian Slaughterer|Quagsire, M|84\/100\n|-damage|p1a: Zacian Slaughterer|68\/100|[from] Spikes\n|cant|p2a: Dondozo|slp\n|move|p2a: Dondozo|Sleep Talk|p2a: Dondozo\n|move|p2a: Dondozo|Rest||[from]move: Sleep Talk|[still]\n|-fail|p2a: Dondozo\n|\n|upkeep\n|turn|39\n|\n|t:|1699218485\n|move|p1a: Zacian Slaughterer|Earthquake|p2a: Dondozo\n|-damage|p2a: Dondozo|82\/100 slp\n|-curestatus|p2a: Dondozo|slp|[msg]\n|move|p2a: Dondozo|Sleep Talk||[still]\n|-fail|p2a: Dondozo\n|\n|upkeep\n|turn|40\n|\n|t:|1699218491\n|move|p1a: Zacian Slaughterer|Toxic|p2a: Dondozo\n|-status|p2a: Dondozo|tox\n|move|p2a: Dondozo|Sleep Talk||[still]\n|-fail|p2a: Dondozo\n|\n|-damage|p2a: Dondozo|76\/100 tox|[from] psn\n|upkeep\n|turn|41\n|\n|t:|1699218500\n|move|p1a: Zacian Slaughterer|Recover|p1a: Zacian Slaughterer\n|-heal|p1a: Zacian Slaughterer|100\/100\n|move|p2a: Dondozo|Curse|p2a: Dondozo\n|-unboost|p2a: Dondozo|spe|1\n|-boost|p2a: Dondozo|atk|1\n|-boost|p2a: Dondozo|def|1\n|\n|-damage|p2a: Dondozo|63\/100 tox|[from] psn\n|upkeep\n|turn|42\n|\n|t:|1699218512\n|move|p1a: Zacian Slaughterer|Earthquake|p2a: Dondozo\n|-damage|p2a: Dondozo|50\/100 tox\n|move|p2a: Dondozo|Curse|p2a: Dondozo\n|-unboost|p2a: Dondozo|spe|1\n|-boost|p2a: Dondozo|atk|1\n|-boost|p2a: Dondozo|def|1\n|\n|-damage|p2a: Dondozo|32\/100 tox|[from] psn\n|upkeep\n|turn|43\n|\n|t:|1699218520\n|move|p1a: Zacian Slaughterer|Earthquake|p2a: Dondozo\n|-damage|p2a: Dondozo|17\/100 tox\n|move|p2a: Dondozo|Rest|p2a: Dondozo\n|-status|p2a: Dondozo|slp|[from] move: Rest\n|-heal|p2a: Dondozo|100\/100 slp|[silent]\n|\n|upkeep\n|turn|44\n|\n|t:|1699218527\n|switch|p1a: Amoonguss|Amoonguss, F|28\/100\n|-damage|p1a: Amoonguss|12\/100|[from] Spikes\n|cant|p2a: Dondozo|slp\n|move|p2a: Dondozo|Sleep Talk|p2a: Dondozo\n|move|p2a: Dondozo|Rest||[from]move: Sleep Talk|[still]\n|-fail|p2a: Dondozo\n|\n|upkeep\n|turn|45\n|\n|t:|1699218537\n|switch|p2a: Blissey|Blissey, F|80\/100\n|move|p1a: Amoonguss|Giga Drain|p2a: Blissey\n|-crit|p2a: Blissey\n|-damage|p2a: Blissey|66\/100\n|-heal|p1a: Amoonguss|22\/100|[from] drain|[of] p2a: Blissey\n|\n|upkeep\n|turn|46\n|\n|t:|1699218556\n|switch|p1a: Zacian Slaughterer|Quagsire, M|100\/100\n|-damage|p1a: Zacian Slaughterer|84\/100|[from] Spikes\n|move|p2a: Blissey|Seismic Toss|p1a: Zacian Slaughterer\n|-damage|p1a: Zacian Slaughterer|59\/100\n|\n|upkeep\n|turn|47\n|\n|t:|1699218566\n|switch|p2a: Dondozo|Dondozo, M|100\/100 slp\n|move|p1a: Zacian Slaughterer|Toxic||[still]\n|-fail|p1a: Zacian Slaughterer\n|\n|upkeep\n|turn|48\n|\n|t:|1699218580\n|move|p1a: Zacian Slaughterer|Recover|p1a: Zacian Slaughterer\n|-heal|p1a: Zacian Slaughterer|100\/100\n|cant|p2a: Dondozo|slp\n|move|p2a: Dondozo|Sleep Talk|p2a: Dondozo\n|move|p2a: Dondozo|Rest||[from]move: Sleep Talk|[still]\n|-fail|p2a: Dondozo\n|\n|upkeep\n|turn|49\n|\n|t:|1699218592\n|switch|p1a: Thief|Marshadow|17\/100\n|-damage|p1a: Thief|0 fnt|[from] Spikes\n|faint|p1a: Thief\n|-curestatus|p2a: Dondozo|slp|[msg]\n|move|p2a: Dondozo|Sleep Talk||[still]\n|-fail|p2a: Dondozo\n|\n|upkeep\n|\n|t:|1699218598\n|switch|p1a: Amoonguss|Amoonguss, F|22\/100\n|-damage|p1a: Amoonguss|6\/100|[from] Spikes\n|turn|50\n|\n|t:|1699218604\n|switch|p2a: Blissey|Blissey, F|66\/100\n|move|p1a: Amoonguss|Spore|p2a: Blissey\n|-status|p2a: Blissey|slp|[from] move: Spore\n|\n|upkeep\n|turn|51\n|\n|t:|1699218611\n|cant|p2a: Blissey|slp\n|move|p1a: Amoonguss|Giga Drain|p2a: Blissey\n|-damage|p2a: Blissey|57\/100 slp\n|-heal|p1a: Amoonguss|13\/100|[from] drain|[of] p2a: Blissey\n|\n|upkeep\n|turn|52\n|\n|t:|1699218618\n|cant|p2a: Blissey|slp\n|move|p1a: Amoonguss|Sludge Bomb|p2a: Blissey\n|-damage|p2a: Blissey|45\/100 slp\n|\n|upkeep\n|turn|53\n|\n|t:|1699218623\n|cant|p2a: Blissey|slp\n|move|p1a: Amoonguss|Giga Drain|p2a: Blissey\n|-damage|p2a: Blissey|35\/100 slp\n|-heal|p1a: Amoonguss|20\/100|[from] drain|[of] p2a: Blissey\n|\n|upkeep\n|turn|54\n|\n|t:|1699218629\n|-curestatus|p2a: Blissey|slp|[msg]\n|move|p2a: Blissey|Soft-Boiled|p2a: Blissey\n|-heal|p2a: Blissey|85\/100\n|move|p1a: Amoonguss|Giga Drain|p2a: Blissey\n|-damage|p2a: Blissey|75\/100\n|-heal|p1a: Amoonguss|28\/100|[from] drain|[of] p2a: Blissey\n|\n|upkeep\n|turn|55\n|\n|t:|1699218639\n|switch|p1a: Steak|Miltank, F|100\/100\n|-damage|p1a: Steak|84\/100|[from] Spikes\n|move|p2a: Blissey|Seismic Toss|p1a: Steak\n|-damage|p1a: Steak|59\/100\n|\n|upkeep\n|turn|56\n|\n|t:|1699218648\n|switch|p2a: Dondozo|Dondozo, M|100\/100\n|move|p1a: Steak|Ice Punch|p2a: Dondozo\n|-resisted|p2a: Dondozo\n|-damage|p2a: Dondozo|96\/100\n|\n|upkeep\n|turn|57\n|\n|t:|1699218658\n|switch|p2a: Muk|Muk-Alola, F|100\/100\n|move|p1a: Steak|Milk Drink|p1a: Steak\n|-heal|p1a: Steak|100\/100\n|\n|upkeep\n|turn|58\n|\n|t:|1699218665\n|switch|p2a: Dondozo|Dondozo, M|96\/100\n|move|p1a: Steak|Earthquake|p2a: Dondozo\n|-damage|p2a: Dondozo|82\/100\n|\n|upkeep\n|turn|59\n|\n|t:|1699218674\n|move|p1a: Steak|Ice Punch|p2a: Dondozo\n|-resisted|p2a: Dondozo\n|-damage|p2a: Dondozo|77\/100\n|move|p2a: Dondozo|Curse|p2a: Dondozo\n|-unboost|p2a: Dondozo|spe|1\n|-boost|p2a: Dondozo|atk|1\n|-boost|p2a: Dondozo|def|1\n|\n|upkeep\n|turn|60\n|\n|t:|1699218681\n|switch|p1a: Zacian Slaughterer|Quagsire, M|100\/100\n|-damage|p1a: Zacian Slaughterer|84\/100|[from] Spikes\n|move|p2a: Dondozo|Curse|p2a: Dondozo\n|-unboost|p2a: Dondozo|spe|1\n|-boost|p2a: Dondozo|atk|1\n|-boost|p2a: Dondozo|def|1\n|\n|upkeep\n|turn|61\n|\n|t:|1699218688\n|move|p1a: Zacian Slaughterer|Toxic|p2a: Dondozo\n|-status|p2a: Dondozo|tox\n|move|p2a: Dondozo|Avalanche|p1a: Zacian Slaughterer\n|-damage|p1a: Zacian Slaughterer|75\/100\n|\n|-damage|p2a: Dondozo|71\/100 tox|[from] psn\n|upkeep\n|turn|62\n|\n|t:|1699218717\n|switch|p2a: Muk|Muk-Alola, F|100\/100\n|move|p1a: Zacian Slaughterer|Earthquake|p2a: Muk\n|-supereffective|p2a: Muk\n|-damage|p2a: Muk|38\/100\n|\n|upkeep\n|turn|63\n|\n|t:|1699218725\n|switch|p2a: Blissey|Blissey, F|75\/100\n|move|p1a: Zacian Slaughterer|Earthquake|p2a: Blissey\n|-crit|p2a: Blissey\n|-damage|p2a: Blissey|28\/100\n|\n|upkeep\n|turn|64\n|\n|t:|1699218733\n|switch|p2a: Dondozo|Dondozo, M|71\/100 tox\n|move|p1a: Zacian Slaughterer|Earthquake|p2a: Dondozo\n|-damage|p2a: Dondozo|56\/100 tox\n|\n|-damage|p2a: Dondozo|50\/100 tox|[from] psn\n|upkeep\n|turn|65\n|\n|t:|1699218743\n|move|p1a: Zacian Slaughterer|Earthquake|p2a: Dondozo\n|-damage|p2a: Dondozo|37\/100 tox\n|move|p2a: Dondozo|Rest|p2a: Dondozo\n|-status|p2a: Dondozo|slp|[from] move: Rest\n|-heal|p2a: Dondozo|100\/100 slp|[silent]\n|\n|upkeep\n|turn|66\n|\n|t:|1699218752\n|switch|p1a: Amoonguss|Amoonguss, F|28\/100\n|-damage|p1a: Amoonguss|12\/100|[from] Spikes\n|cant|p2a: Dondozo|slp\n|move|p2a: Dondozo|Sleep Talk|p2a: Dondozo\n|move|p2a: Dondozo|Rest||[from]move: Sleep Talk|[still]\n|-fail|p2a: Dondozo\n|\n|upkeep\n|turn|67\n|\n|t:|1699218760\n|cant|p2a: Dondozo|slp\n|move|p2a: Dondozo|Sleep Talk|p2a: Dondozo\n|move|p2a: Dondozo|Rest||[from]move: Sleep Talk|[still]\n|-fail|p2a: Dondozo\n|move|p1a: Amoonguss|Giga Drain|p2a: Dondozo\n|-supereffective|p2a: Dondozo\n|-crit|p2a: Dondozo\n|-damage|p2a: Dondozo|5\/100 slp\n|-heal|p1a: Amoonguss|67\/100|[from] drain|[of] p2a: Dondozo\n|\n|upkeep\n|turn|68\n|\n|t:|1699218770\n|switch|p2a: Blissey|Blissey, F|28\/100\n|move|p1a: Amoonguss|Giga Drain|p2a: Blissey\n|-damage|p2a: Blissey|18\/100\n|-heal|p1a: Amoonguss|75\/100|[from] drain|[of] p2a: Blissey\n|\n|upkeep\n|turn|69\n|\n|t:|1699218777\n|switch|p1a: Steak|Miltank, F|100\/100\n|-damage|p1a: Steak|84\/100|[from] Spikes\n|move|p2a: Blissey|Soft-Boiled|p2a: Blissey\n|-heal|p2a: Blissey|68\/100\n|\n|upkeep\n|turn|70\n|\n|t:|1699218786\n|switch|p2a: Muk|Muk-Alola, F|38\/100\n|move|p1a: Steak|Earthquake|p2a: Muk\n|-supereffective|p2a: Muk\n|-damage|p2a: Muk|0 fnt\n|faint|p2a: Muk\n|\n|upkeep\n|\n|t:|1699218793\n|switch|p2a: Blissey|Blissey, F|68\/100\n|turn|71\n|\n|t:|1699218796\n|move|p1a: Steak|Ice Punch|p2a: Blissey\n|-damage|p2a: Blissey|47\/100\n|move|p2a: Blissey|Soft-Boiled|p2a: Blissey\n|-heal|p2a: Blissey|97\/100\n|\n|upkeep\n|turn|72\n|\n|t:|1699218802\n|move|p1a: Steak|Ice Punch|p2a: Blissey\n|-damage|p2a: Blissey|74\/100\n|move|p2a: Blissey|Heal Bell|p2a: Blissey\n|-activate|p2a: Blissey|move: Heal Bell\n|-curestatus|p2: Dondozo|slp|[msg]\n|\n|upkeep\n|turn|73\n|\n|t:|1699218809\n|switch|p2a: Dondozo|Dondozo, M|5\/100\n|move|p1a: Steak|Ice Punch|p2a: Dondozo\n|-resisted|p2a: Dondozo\n|-damage|p2a: Dondozo|1\/100\n|\n|upkeep\n|turn|74\n|\n|t:|1699218815\n|move|p1a: Steak|Ice Punch|p2a: Dondozo\n|-resisted|p2a: Dondozo\n|-damage|p2a: Dondozo|0 fnt\n|faint|p2a: Dondozo\n|\n|upkeep\n|-message|sx_maxios forfeited.\n|\n|win|M3wL0v3r\n|raw|M3wL0v3r's rating: 1108 &rarr; <strong>1125<\/strong><br \/>(+17 for winning)\n|raw|sx_maxios's rating: 1000 &rarr; <strong>1000<\/strong><br \/>(+0 for losing)\n|l|\u2606sx_maxios\n|c|\u2606M3wL0v3r|Ggwp\n","uploadtime":1699218830,"views":6,"p1id":"m3wl0v3r","p2id":"sxmaxios","formatid":"gen9nationaldexubers","rating":1000,"private":0,"password":""}