{"id":"gen9nationaldexubers-1979739029","p1":"ANinjaDude","p2":"XX_1nfinity_XX","format":"[Gen 9] National Dex Ubers","log":"|j|\u2606ANinjaDude\n|j|\u2606XX_1nfinity_XX\n|t:|1698708243\n|gametype|singles\n|player|p1|ANinjaDude|volkner|\n|player|p2|XX_1nfinity_XX|lucas|\n|teamsize|p1|6\n|teamsize|p2|6\n|gen|9\n|tier|[Gen 9] National Dex Ubers\n|rule|HP Percentage Mod: HP is shown in percentages\n|rule|Endless Battle Clause: Forcing endless battles is banned\n|rule|OHKO Clause: OHKO moves are banned\n|rule|Evasion Moves Clause: Evasion moves are banned\n|rule|Evasion Items Clause: Evasion items are banned\n|rule|Species Clause: Limit one of each Pok\u00e9mon\n|rule|Sleep Clause Mod: Limit one foe put to sleep\n|rule|Mega Rayquaza Clause: You cannot mega evolve Rayquaza\n|clearpoke\n|poke|p1|Landorus-Therian, M|\n|poke|p1|Celesteela|\n|poke|p1|Thundurus-Therian, M|\n|poke|p1|Dragonite, M|\n|poke|p1|Rayquaza|\n|poke|p1|Scizor, M|\n|poke|p2|Medicham, M|\n|poke|p2|Ogerpon-Wellspring, F|\n|poke|p2|Alomomola, M|\n|poke|p2|Chansey, F|\n|poke|p2|Blacephalon|\n|poke|p2|Cinderace, F|\n|teampreview\n|inactive|Battle timer is ON: inactive players will automatically lose when time's up. (requested by ANinjaDude)\n|inactive|XX_1nfinity_XX also wants the timer to be on.\n|\n|t:|1698708258\n|start\n|switch|p1a: Landorus|Landorus-Therian, M|100\/100\n|switch|p2a: Party|Blacephalon|100\/100\n|-ability|p1a: Landorus|Intimidate|boost\n|-unboost|p2a: Party|atk|1\n|turn|1\n|\n|t:|1698708265\n|move|p2a: Party|Hidden Power|p1a: Landorus\n|-supereffective|p1a: Landorus\n|-enditem|p1a: Landorus|Focus Sash\n|-damage|p1a: Landorus|1\/100\n|move|p1a: Landorus|Stealth Rock|p2a: Party\n|-sidestart|p2: XX_1nfinity_XX|move: Stealth Rock\n|\n|upkeep\n|turn|2\n|c|\u2606ANinjaDude|rude\n|c|\u2606XX_1nfinity_XX|true\n|\n|t:|1698708275\n|move|p2a: Party|Hidden Power|p1a: Landorus\n|-supereffective|p1a: Landorus\n|-damage|p1a: Landorus|0 fnt\n|faint|p1a: Landorus\n|-ability|p2a: Party|Beast Boost|boost\n|-boost|p2a: Party|spa|1\n|\n|upkeep\n|\n|t:|1698708280\n|switch|p1a: Rayquaza|Rayquaza|100\/100\n|-ability|p1a: Rayquaza|Air Lock\n|turn|3\n|\n|t:|1698708283\n|-terastallize|p1a: Rayquaza|Steel\n|move|p2a: Party|Hidden Power|p1a: Rayquaza\n|-resisted|p1a: Rayquaza\n|-damage|p1a: Rayquaza|83\/100\n|move|p1a: Rayquaza|Scale Shot|p2a: Party\n|-damage|p2a: Party|60\/100\n|-damage|p2a: Party|24\/100\n|-damage|p2a: Party|0 fnt\n|faint|p2a: Party\n|-hitcount|p2: Party|3\n|-unboost|p1a: Rayquaza|def|1\n|-boost|p1a: Rayquaza|spe|1\n|\n|upkeep\n|c|\u2606XX_1nfinity_XX|rude\n|c|\u2606ANinjaDude|lol\n|\n|t:|1698708296\n|switch|p2a: GOAT|Medicham, M|100\/100\n|-damage|p2a: GOAT|94\/100|[from] Stealth Rock\n|turn|4\n|\n|t:|1698708299\n|detailschange|p2a: GOAT|Medicham-Mega, M\n|-mega|p2a: GOAT|Medicham|Medichamite\n|move|p2a: GOAT|Fake Out|p1a: Rayquaza\n|-resisted|p1a: Rayquaza\n|-damage|p1a: Rayquaza|65\/100\n|cant|p1a: Rayquaza|flinch\n|\n|upkeep\n|turn|5\n|\n|t:|1698708303\n|switch|p2a: Big Fesh|Alomomola, M|100\/100\n|-damage|p2a: Big Fesh|88\/100|[from] Stealth Rock\n|move|p1a: Rayquaza|Swords Dance|p1a: Rayquaza\n|-boost|p1a: Rayquaza|atk|2\n|\n|-heal|p2a: Big Fesh|94\/100|[from] item: Leftovers\n|upkeep\n|turn|6\n|\n|t:|1698708307\n|move|p1a: Rayquaza|Dragon Ascent|p2a: Big Fesh\n|-damage|p2a: Big Fesh|15\/100\n|-unboost|p1a: Rayquaza|def|1\n|-unboost|p1a: Rayquaza|spd|1\n|move|p2a: Big Fesh|Flip Turn|p1a: Rayquaza\n|-damage|p1a: Rayquaza|28\/100\n|c|\u2606XX_1nfinity_XX|wtf\n|c|\u2606ANinjaDude|what\n|\n|t:|1698708314\n|switch|p2a: GOAT|Medicham-Mega, M|94\/100|[from] Flip Turn\n|-damage|p2a: GOAT|88\/100|[from] Stealth Rock\n|\n|upkeep\n|turn|7\n|\n|t:|1698708317\n|move|p2a: GOAT|Fake Out|p1a: Rayquaza\n|-resisted|p1a: Rayquaza\n|-damage|p1a: Rayquaza|1\/100\n|cant|p1a: Rayquaza|flinch\n|\n|upkeep\n|turn|8\n|\n|t:|1698708320\n|move|p2a: GOAT|Bullet Punch|p1a: Rayquaza\n|-resisted|p1a: Rayquaza\n|-damage|p1a: Rayquaza|0 fnt\n|faint|p1a: Rayquaza\n|\n|upkeep\n|c|\u2606ANinjaDude|never seen sd scale shot?\n|\n|t:|1698708331\n|switch|p1a: Thundurus|Thundurus-Therian, M|100\/100\n|turn|9\n|\n|t:|1698708335\n|move|p1a: Thundurus|Substitute|p1a: Thundurus\n|-start|p1a: Thundurus|Substitute\n|-damage|p1a: Thundurus|76\/100\n|move|p2a: GOAT|Ice Punch|p1a: Thundurus\n|-supereffective|p1a: Thundurus\n|-end|p1a: Thundurus|Substitute\n|\n|upkeep\n|turn|10\n|\n|t:|1698708340\n|switch|p2a: Ball|Chansey, F|100\/100\n|-damage|p2a: Ball|88\/100|[from] Stealth Rock\n|move|p1a: Thundurus|Thunderbolt|p2a: Ball\n|-damage|p2a: Ball|77\/100\n|\n|upkeep\n|turn|11\n|\n|t:|1698708342\n|move|p1a: Thundurus|Substitute|p1a: Thundurus\n|-start|p1a: Thundurus|Substitute\n|-damage|p1a: Thundurus|51\/100\n|move|p2a: Ball|Seismic Toss|p1a: Thundurus\n|-end|p1a: Thundurus|Substitute\n|\n|upkeep\n|turn|12\n|\n|t:|1698708346\n|move|p1a: Thundurus|Nasty Plot|p1a: Thundurus\n|-boost|p1a: Thundurus|spa|2\n|move|p2a: Ball|Seismic Toss|p1a: Thundurus\n|-damage|p1a: Thundurus|18\/100\n|\n|upkeep\n|turn|13\n|\n|t:|1698708348\n|move|p1a: Thundurus|Thunderbolt|p2a: Ball\n|-damage|p2a: Ball|54\/100\n|move|p2a: Ball|Seismic Toss|p1a: Thundurus\n|-damage|p1a: Thundurus|0 fnt\n|faint|p1a: Thundurus\n|\n|upkeep\n|\n|t:|1698708352\n|switch|p1a: Scizor|Scizor, M|100\/100\n|turn|14\n|\n|t:|1698708356\n|switch|p2a: Big Fesh|Alomomola, M|48\/100\n|-damage|p2a: Big Fesh|36\/100|[from] Stealth Rock\n|detailschange|p1a: Scizor|Scizor-Mega, M\n|-mega|p1a: Scizor|Scizor|Scizorite\n|move|p1a: Scizor|Swords Dance|p1a: Scizor\n|-boost|p1a: Scizor|atk|2\n|\n|-heal|p2a: Big Fesh|42\/100|[from] item: Leftovers\n|upkeep\n|turn|15\n|\n|t:|1698708361\n|move|p1a: Scizor|Knock Off|p2a: Big Fesh\n|-damage|p2a: Big Fesh|4\/100\n|-enditem|p2a: Big Fesh|Leftovers|[from] move: Knock Off|[of] p1a: Scizor\n|move|p2a: Big Fesh|Flip Turn|p1a: Scizor\n|-damage|p1a: Scizor|84\/100\n|\n|t:|1698708365\n|switch|p2a: Ace from OP|Cinderace, F|100\/100|[from] Flip Turn\n|\n|upkeep\n|turn|16\n|\n|t:|1698708372\n|move|p2a: Ace from OP|Sucker Punch|p1a: Scizor\n|-start|p2a: Ace from OP|typechange|Dark|[from] ability: Libero\n|-damage|p1a: Scizor|55\/100\n|move|p1a: Scizor|Bullet Punch|p2a: Ace from OP\n|-damage|p2a: Ace from OP|0 fnt\n|faint|p2a: Ace from OP\n|\n|upkeep\n|\n|t:|1698708381\n|switch|p2a: Zoa's Daughter|Ogerpon-Wellspring, F|100\/100\n|-damage|p2a: Zoa's Daughter|88\/100|[from] Stealth Rock\n|turn|17\n|c|\u2606ANinjaDude|predict a knock?\n|c|\u2606XX_1nfinity_XX|wait why did i sucker\n|c|\u2606ANinjaDude|lol\n|\n|t:|1698708397\n|move|p2a: Zoa's Daughter|Ivy Cudgel|p1a: Scizor\n|-damage|p1a: Scizor|0 fnt\n|faint|p1a: Scizor\n|\n|upkeep\n|\n|t:|1698708404\n|switch|p1a: Dragonite|Dragonite, M|100\/100\n|turn|18\n|\n|t:|1698708408\n|switch|p2a: Big Fesh|Alomomola, M|37\/100\n|-damage|p2a: Big Fesh|25\/100|[from] Stealth Rock\n|move|p1a: Dragonite|Dragon Dance|p1a: Dragonite\n|-boost|p1a: Dragonite|atk|1\n|-boost|p1a: Dragonite|spe|1\n|\n|upkeep\n|turn|19\n|\n|t:|1698708412\n|move|p1a: Dragonite|Earthquake|p2a: Big Fesh\n|-damage|p2a: Big Fesh|0 fnt\n|faint|p2a: Big Fesh\n|\n|upkeep\n|\n|t:|1698708414\n|switch|p2a: GOAT|Medicham-Mega, M|88\/100\n|-damage|p2a: GOAT|82\/100|[from] Stealth Rock\n|turn|20\n|\n|t:|1698708419\n|move|p2a: GOAT|Fake Out|p1a: Dragonite\n|-damage|p1a: Dragonite|87\/100\n|cant|p1a: Dragonite|flinch\n|\n|upkeep\n|turn|21\n|\n|t:|1698708423\n|switch|p2a: Zoa's Daughter|Ogerpon-Wellspring, F|88\/100\n|-damage|p2a: Zoa's Daughter|76\/100|[from] Stealth Rock\n|move|p1a: Dragonite|Earthquake|p2a: Zoa's Daughter\n|-resisted|p2a: Zoa's Daughter\n|-damage|p2a: Zoa's Daughter|40\/100\n|\n|upkeep\n|turn|22\n|\n|t:|1698708428\n|move|p1a: Dragonite|Dragon Dance|p1a: Dragonite\n|-boost|p1a: Dragonite|atk|1\n|-boost|p1a: Dragonite|spe|1\n|move|p2a: Zoa's Daughter|Ivy Cudgel|p1a: Dragonite\n|-resisted|p1a: Dragonite\n|-damage|p1a: Dragonite|55\/100\n|\n|upkeep\n|turn|23\n|\n|t:|1698708431\n|move|p1a: Dragonite|Roost|p1a: Dragonite\n|-heal|p1a: Dragonite|100\/100\n|-singleturn|p1a: Dragonite|move: Roost\n|move|p2a: Zoa's Daughter|Ivy Cudgel|p1a: Dragonite\n|-resisted|p1a: Dragonite\n|-damage|p1a: Dragonite|85\/100\n|\n|upkeep\n|turn|24\n|c|\u2606XX_1nfinity_XX|nooo\n|\n|t:|1698708436\n|move|p1a: Dragonite|Dragon Dance|p1a: Dragonite\n|-boost|p1a: Dragonite|atk|1\n|-boost|p1a: Dragonite|spe|1\n|move|p2a: Zoa's Daughter|Ivy Cudgel|p1a: Dragonite\n|-resisted|p1a: Dragonite\n|-damage|p1a: Dragonite|50\/100\n|\n|upkeep\n|turn|25\n|c|\u2606XX_1nfinity_XX|dont roost\n|\n|t:|1698708448\n|move|p1a: Dragonite|Extreme Speed|p2a: Zoa's Daughter\n|-damage|p2a: Zoa's Daughter|0 fnt\n|faint|p2a: Zoa's Daughter\n|\n|upkeep\n|\n|t:|1698708450\n|switch|p2a: GOAT|Medicham-Mega, M|82\/100\n|-damage|p2a: GOAT|76\/100|[from] Stealth Rock\n|turn|26\n|\n|t:|1698708453\n|move|p2a: GOAT|Fake Out|p1a: Dragonite\n|-damage|p1a: Dragonite|23\/100\n|cant|p1a: Dragonite|flinch\n|\n|upkeep\n|turn|27\n|\n|t:|1698708460\n|switch|p2a: Ball|Chansey, F|54\/100\n|-damage|p2a: Ball|41\/100|[from] Stealth Rock\n|move|p1a: Dragonite|Extreme Speed|p2a: Ball\n|-damage|p2a: Ball|0 fnt\n|faint|p2a: Ball\n|\n|upkeep\n|\n|t:|1698708462\n|switch|p2a: GOAT|Medicham-Mega, M|76\/100\n|-damage|p2a: GOAT|70\/100|[from] Stealth Rock\n|turn|28\n|c|\u2606XX_1nfinity_XX|ahh saved\n|\n|t:|1698708468\n|switch|p1a: Celesteela|Celesteela|100\/100\n|move|p2a: GOAT|Fake Out|p1a: Celesteela\n|-resisted|p1a: Celesteela\n|-damage|p1a: Celesteela|89\/100\n|\n|upkeep\n|turn|29\n|c|\u2606XX_1nfinity_XX|frick\n|\n|t:|1698708475\n|move|p2a: GOAT|Ice Punch|p1a: Celesteela\n|-crit|p1a: Celesteela\n|-damage|p1a: Celesteela|23\/100\n|move|p1a: Celesteela|Air Slash|p2a: GOAT\n|-supereffective|p2a: GOAT\n|-damage|p2a: GOAT|0 fnt\n|faint|p2a: GOAT\n|\n|win|ANinjaDude\n|c|\u2606ANinjaDude|lol\n|c|\u2606ANinjaDude|ggs\n|c|\u2606XX_1nfinity_XX|i forgot cc\n","uploadtime":1698708483,"views":10,"p1id":"aninjadude","p2id":"xx1nfinityxx","formatid":"gen9nationaldexubers","rating":0,"private":0,"password":""}