{"id":"gen9nationaldexubers-1999072372","p1":"Emi_Tristoun","p2":"85792195wwww","format":"[Gen 9] National Dex Ubers","log":"|j|\u2606Emi_Tristoun\n|j|\u260685792195wwww\n|t:|1701030191\n|gametype|singles\n|player|p1|Emi_Tristoun|siebold|1586\n|player|p2|85792195wwww|mira|1722\n|teamsize|p1|6\n|teamsize|p2|6\n|gen|9\n|tier|[Gen 9] National Dex Ubers\n|rated|\n|rule|HP Percentage Mod: HP is shown in percentages\n|rule|Endless Battle Clause: Forcing endless battles is banned\n|rule|OHKO Clause: OHKO moves are banned\n|rule|Evasion Moves Clause: Evasion moves are banned\n|rule|Evasion Items Clause: Evasion items are banned\n|rule|Species Clause: Limit one of each Pok\u00e9mon\n|rule|Sleep Clause Mod: Limit one foe put to sleep\n|rule|Mega Rayquaza Clause: You cannot mega evolve Rayquaza\n|clearpoke\n|poke|p1|Marshadow|\n|poke|p1|Groudon|\n|poke|p1|Zacian-*|\n|poke|p1|Zygarde|\n|poke|p1|Eternatus|\n|poke|p1|Xerneas-*|\n|poke|p2|Arceus|\n|poke|p2|Zacian-*|\n|poke|p2|Xerneas-*|\n|poke|p2|Kyogre|\n|poke|p2|Groudon|\n|poke|p2|Deoxys-Speed|\n|teampreview\n|inactive|Battle timer is ON: inactive players will automatically lose when time's up. (requested by Emi_Tristoun)\n|\n|t:|1701030205\n|start\n|switch|p1a: Zacian|Zacian-Crowned|100\/100\n|switch|p2a: Deoxys|Deoxys-Speed|100\/100\n|-ability|p2a: Deoxys|Pressure\n|-ability|p1a: Zacian|Intrepid Sword|boost\n|-boost|p1a: Zacian|atk|1\n|turn|1\n|\n|t:|1701030216\n|move|p2a: Deoxys|Thunder Wave|p1a: Zacian\n|-status|p1a: Zacian|par\n|move|p1a: Zacian|Trailblaze|p2a: Deoxys\n|-damage|p2a: Deoxys|65\/100\n|-boost|p1a: Zacian|spe|1\n|\n|upkeep\n|turn|2\n|\n|t:|1701030234\n|switch|p2a: Groudon|Groudon|100\/100\n|detailschange|p2a: Groudon|Groudon-Primal\n|-primal|p2a: Groudon|Red Orb\n|-weather|DesolateLand|[from] ability: Desolate Land|[of] p2a: Groudon\n|cant|p1a: Zacian|par\n|\n|-weather|DesolateLand|[upkeep]\n|upkeep\n|turn|3\n|\n|t:|1701030245\n|switch|p1a: Zygarde|Zygarde|100\/100\n|-weather|none\n|switch|p2a: Deoxys|Deoxys-Speed|65\/100\n|-ability|p2a: Deoxys|Pressure\n|\n|upkeep\n|turn|4\n|\n|t:|1701030258\n|move|p2a: Deoxys|Trick|p1a: Zygarde\n|-activate|p2a: Deoxys|move: Trick|[of] p1a: Zygarde\n|-item|p1a: Zygarde|Choice Scarf|[from] move: Trick\n|-item|p2a: Deoxys|Leftovers|[from] move: Trick\n|move|p1a: Zygarde|Glare|p2a: Deoxys\n|-status|p2a: Deoxys|par\n|\n|-heal|p2a: Deoxys|71\/100 par|[from] item: Leftovers\n|upkeep\n|turn|5\n|\n|t:|1701030274\n|switch|p1a: Marshadow|Marshadow|100\/100\n|move|p2a: Deoxys|Stealth Rock|p1a: Marshadow\n|-sidestart|p1: Emi_Tristoun|move: Stealth Rock\n|\n|-heal|p2a: Deoxys|77\/100 par|[from] item: Leftovers\n|upkeep\n|turn|6\n|\n|t:|1701030285\n|move|p1a: Marshadow|Shadow Sneak|p2a: Deoxys\n|-supereffective|p2a: Deoxys\n|-damage|p2a: Deoxys|0 fnt\n|faint|p2a: Deoxys\n|\n|upkeep\n|\n|t:|1701030295\n|switch|p2a: Xerneas|Xerneas|100\/100\n|-ability|p2a: Xerneas|Fairy Aura\n|turn|7\n|\n|t:|1701030311\n|move|p1a: Marshadow|Spectral Thief|p2a: Xerneas\n|-damage|p2a: Xerneas|69\/100\n|move|p2a: Xerneas|Moonblast|p1a: Marshadow\n|-supereffective|p1a: Marshadow\n|-enditem|p1a: Marshadow|Focus Sash\n|-damage|p1a: Marshadow|1\/100\n|\n|upkeep\n|turn|8\n|\n|t:|1701030323\n|move|p1a: Marshadow|Spectral Thief|p2a: Xerneas\n|-damage|p2a: Xerneas|39\/100\n|move|p2a: Xerneas|Geomancy||[still]\n|-prepare|p2a: Xerneas|Geomancy\n|-enditem|p2a: Xerneas|Power Herb\n|-anim|p2a: Xerneas|Geomancy|p2a: Xerneas\n|-boost|p2a: Xerneas|spa|2\n|-boost|p2a: Xerneas|spd|2\n|-boost|p2a: Xerneas|spe|2\n|\n|upkeep\n|turn|9\n|\n|t:|1701030333\n|move|p1a: Marshadow|Shadow Sneak|p2a: Xerneas\n|-damage|p2a: Xerneas|18\/100\n|move|p2a: Xerneas|Moonblast|p1a: Marshadow\n|-supereffective|p1a: Marshadow\n|-damage|p1a: Marshadow|0 fnt\n|faint|p1a: Marshadow\n|\n|upkeep\n|\n|t:|1701030340\n|switch|p1a: Eternatus|Eternatus, shiny|100\/100\n|-damage|p1a: Eternatus|88\/100|[from] Stealth Rock\n|-ability|p1a: Eternatus|Pressure\n|turn|10\n|\n|t:|1701030369\n|move|p2a: Xerneas|Moonblast|p1a: Eternatus\n|-damage|p1a: Eternatus|0 fnt\n|faint|p1a: Eternatus\n|\n|upkeep\n|\n|t:|1701030376\n|switch|p1a: Zacian|Zacian-Crowned|100\/100 par\n|-damage|p1a: Zacian|94\/100 par|[from] Stealth Rock\n|turn|11\n|\n|t:|1701030381\n|move|p2a: Xerneas|Moonblast|p1a: Zacian\n|-resisted|p1a: Zacian\n|-damage|p1a: Zacian|28\/100 par\n|-unboost|p1a: Zacian|spa|1\n|cant|p1a: Zacian|par\n|\n|upkeep\n|turn|12\n|\n|t:|1701030389\n|move|p2a: Xerneas|Moonblast|p1a: Zacian\n|-resisted|p1a: Zacian\n|-damage|p1a: Zacian|0 fnt\n|faint|p1a: Zacian\n|\n|upkeep\n|\n|t:|1701030394\n|switch|p1a: Groudon|Groudon, shiny|100\/100\n|-damage|p1a: Groudon|94\/100|[from] Stealth Rock\n|detailschange|p1a: Groudon|Groudon-Primal, shiny\n|-primal|p1a: Groudon|Red Orb\n|-weather|DesolateLand|[from] ability: Desolate Land|[of] p1a: Groudon\n|turn|13\n|\n|t:|1701030401\n|move|p2a: Xerneas|Moonblast|p1a: Groudon\n|-resisted|p1a: Groudon\n|-damage|p1a: Groudon|0 fnt\n|faint|p1a: Groudon\n|-weather|none\n|\n|upkeep\n|inactive|Emi_Tristoun has 120 seconds left.\n|\n|t:|1701030437\n|switch|p1a: Xerneas|Xerneas, shiny|100\/100\n|-damage|p1a: Xerneas|88\/100|[from] Stealth Rock\n|-ability|p1a: Xerneas|Fairy Aura\n|turn|14\n|inactive|Emi_Tristoun has 120 seconds left.\n|\n|t:|1701030444\n|move|p2a: Xerneas|Moonblast|p1a: Xerneas\n|-damage|p1a: Xerneas|0 fnt\n|faint|p1a: Xerneas\n|\n|upkeep\n|inactive|Emi_Tristoun has 120 seconds left.\n|\n|t:|1701030449\n|switch|p1a: Zygarde|Zygarde|100\/100\n|-damage|p1a: Zygarde|94\/100|[from] Stealth Rock\n|turn|15\n|\n|t:|1701030456\n|-terastallize|p2a: Xerneas|Fairy\n|-terastallize|p1a: Zygarde|Fairy\n|move|p2a: Xerneas|Moonblast|p1a: Zygarde\n|-damage|p1a: Zygarde|0 fnt\n|faint|p1a: Zygarde\n|\n|win|85792195wwww\n|raw|Emi_Tristoun's rating: 1586 &rarr; <strong>1573<\/strong><br \/>(-13 for losing)\n|raw|85792195wwww's rating: 1722 &rarr; <strong>1735<\/strong><br \/>(+13 for winning)\n|c|\u2606Emi_Tristoun|gg\n|l|\u2606Emi_Tristoun\n","uploadtime":1701030466,"views":1,"p1id":"emitristoun","p2id":"85792195wwww","formatid":"gen9nationaldexubers","rating":1573,"private":0,"password":""}