{"id":"gen9nationaldexubers-1984244611","p1":"cinderace 88","p2":"pokegirl457","format":"[Gen 9] National Dex Ubers","log":"|j|\u2606cinderace 88\n|j|\u2606pokegirl457\n|t:|1699234367\n|gametype|singles\n|player|p1|cinderace 88|hop-masters|1079\n|player|p2|pokegirl457|iris-gen5bw2|1186\n|teamsize|p1|6\n|teamsize|p2|6\n|gen|9\n|tier|[Gen 9] National Dex Ubers\n|rated|\n|rule|HP Percentage Mod: HP is shown in percentages\n|rule|Endless Battle Clause: Forcing endless battles is banned\n|rule|OHKO Clause: OHKO moves are banned\n|rule|Evasion Moves Clause: Evasion moves are banned\n|rule|Evasion Items Clause: Evasion items are banned\n|rule|Species Clause: Limit one of each Pok\u00e9mon\n|rule|Sleep Clause Mod: Limit one foe put to sleep\n|rule|Mega Rayquaza Clause: You cannot mega evolve Rayquaza\n|clearpoke\n|poke|p1|Flygon, M|\n|poke|p1|Sandslash, M|\n|poke|p1|Probopass, M|\n|poke|p1|Braviary, M|\n|poke|p1|Cradily, F|\n|poke|p1|Armaldo, M|\n|poke|p2|Necrozma-Dusk-Mane|\n|poke|p2|Dracovish|\n|poke|p2|Groudon|\n|poke|p2|Xerneas-*|\n|poke|p2|Zacian-*|\n|poke|p2|Kyurem-Black|\n|teampreview\n|inactive|Battle timer is ON: inactive players will automatically lose when time's up. (requested by cinderace 88)\n|inactive|pokegirl457 also wants the timer to be on.\n|\n|t:|1699234391\n|start\n|switch|p1a: Probopass|Probopass, M|100\/100\n|switch|p2a: XerneSWEEPER|Xerneas|100\/100\n|-ability|p2a: XerneSWEEPER|Fairy Aura\n|turn|1\n|\n|t:|1699234402\n|move|p2a: XerneSWEEPER|Geomancy||[still]\n|-prepare|p2a: XerneSWEEPER|Geomancy\n|-enditem|p2a: XerneSWEEPER|Power Herb\n|-anim|p2a: XerneSWEEPER|Geomancy|p2a: XerneSWEEPER\n|-boost|p2a: XerneSWEEPER|spa|2\n|-boost|p2a: XerneSWEEPER|spd|2\n|-boost|p2a: XerneSWEEPER|spe|2\n|move|p1a: Probopass|Toxic|p2a: XerneSWEEPER|[miss]\n|-miss|p1a: Probopass|p2a: XerneSWEEPER\n|\n|upkeep\n|turn|2\n|\n|t:|1699234418\n|-terastallize|p2a: XerneSWEEPER|Fairy\n|move|p2a: XerneSWEEPER|Hidden Power|p1a: Probopass\n|-supereffective|p1a: Probopass\n|-ability|p1a: Probopass|Sturdy\n|-damage|p1a: Probopass|1\/100\n|move|p1a: Probopass|Pain Split|p2a: XerneSWEEPER\n|-sethp|p2a: XerneSWEEPER|51\/100|[from] move: Pain Split|[silent]\n|-sethp|p1a: Probopass|88\/100|[from] move: Pain Split\n|\n|-heal|p1a: Probopass|94\/100|[from] item: Leftovers\n|upkeep\n|turn|3\n|inactive|pokegirl457 has 120 seconds left.\n|inactive|pokegirl457 has 90 seconds left.\n|\n|t:|1699234478\n|move|p2a: XerneSWEEPER|Hidden Power|p1a: Probopass\n|-supereffective|p1a: Probopass\n|-damage|p1a: Probopass|0 fnt\n|faint|p1a: Probopass\n|\n|upkeep\n|\n|t:|1699234489\n|switch|p1a: Cradily|Cradily, F|100\/100\n|turn|4\n|c|\u2606pokegirl457|Sweep prevented\n|inactive|pokegirl457 has 90 seconds left.\n|\n|t:|1699234507\n|move|p2a: XerneSWEEPER|Hidden Power|p1a: Cradily\n|-damage|p1a: Cradily|66\/100\n|move|p1a: Cradily|Sludge Bomb|p2a: XerneSWEEPER\n|-supereffective|p2a: XerneSWEEPER\n|-damage|p2a: XerneSWEEPER|33\/100\n|\n|-heal|p1a: Cradily|72\/100|[from] item: Leftovers\n|upkeep\n|turn|5\n|\n|t:|1699234525\n|move|p2a: XerneSWEEPER|Hidden Power|p1a: Cradily\n|-damage|p1a: Cradily|40\/100\n|move|p1a: Cradily|Giga Drain|p2a: XerneSWEEPER\n|-damage|p2a: XerneSWEEPER|22\/100\n|-heal|p1a: Cradily|47\/100|[from] drain|[of] p2a: XerneSWEEPER\n|\n|-heal|p1a: Cradily|53\/100|[from] item: Leftovers\n|upkeep\n|turn|6\n|inactive|pokegirl457 has 90 seconds left.\n|\n|t:|1699234551\n|switch|p2a: Necrozma|Necrozma-Dusk-Mane, shiny|100\/100\n|move|p1a: Cradily|Recover|p1a: Cradily\n|-heal|p1a: Cradily|100\/100\n|\n|upkeep\n|turn|7\n|\n|t:|1699234559\n|move|p2a: Necrozma|Morning Sun|p2a: Necrozma\n|-fail|p2a: Necrozma|heal\n|move|p1a: Cradily|Leech Seed|p2a: Necrozma\n|-start|p2a: Necrozma|move: Leech Seed\n|\n|-damage|p2a: Necrozma|88\/100|[from] Leech Seed|[of] p1a: Cradily\n|upkeep\n|turn|8\n|inactive|pokegirl457 has 90 seconds left.\n|\n|t:|1699234578\n|move|p2a: Necrozma|Morning Sun|p2a: Necrozma\n|-heal|p2a: Necrozma|100\/100\n|move|p1a: Cradily|Giga Drain|p2a: Necrozma\n|-resisted|p2a: Necrozma\n|-damage|p2a: Necrozma|85\/100\n|\n|-damage|p2a: Necrozma|73\/100|[from] Leech Seed|[of] p1a: Cradily\n|upkeep\n|turn|9\n|\n|t:|1699234592\n|switch|p1a: Armaldo|Armaldo, M|100\/100\n|move|p2a: Necrozma|Dragon Dance|p2a: Necrozma\n|-boost|p2a: Necrozma|atk|1\n|-boost|p2a: Necrozma|spe|1\n|\n|-damage|p2a: Necrozma|61\/100|[from] Leech Seed|[of] p1a: Armaldo\n|upkeep\n|turn|10\n|\n|t:|1699234602\n|move|p2a: Necrozma|Morning Sun|p2a: Necrozma\n|-heal|p2a: Necrozma|100\/100\n|move|p1a: Armaldo|Knock Off|p2a: Necrozma\n|-supereffective|p2a: Necrozma\n|-damage|p2a: Necrozma|63\/100\n|-damage|p1a: Armaldo|91\/100|[from] item: Life Orb\n|\n|-damage|p2a: Necrozma|50\/100|[from] Leech Seed|[of] p1a: Armaldo\n|-heal|p1a: Armaldo|100\/100|[silent]\n|upkeep\n|turn|11\n|\n|t:|1699234614\n|move|p2a: Necrozma|Sunsteel Strike|p1a: Armaldo\n|-supereffective|p1a: Armaldo\n|-damage|p1a: Armaldo|0 fnt\n|faint|p1a: Armaldo\n|\n|upkeep\n|\n|t:|1699234624\n|switch|p1a: Flygon|Flygon, M|100\/100\n|turn|12\n|inactive|pokegirl457 has 120 seconds left.\n|\n|t:|1699234650\n|move|p1a: Flygon|First Impression|p2a: Necrozma\n|-damage|p2a: Necrozma|22\/100\n|-damage|p1a: Flygon|91\/100|[from] item: Life Orb\n|move|p2a: Necrozma|Sunsteel Strike|p1a: Flygon\n|-damage|p1a: Flygon|0 fnt\n|faint|p1a: Flygon\n|\n|upkeep\n|\n|t:|1699234671\n|switch|p1a: Sandslash|Sandslash, M|100\/100\n|turn|13\n|\n|t:|1699234675\n|move|p2a: Necrozma|Morning Sun|p2a: Necrozma\n|-heal|p2a: Necrozma|72\/100\n|move|p1a: Sandslash|Earthquake|p2a: Necrozma\n|-supereffective|p2a: Necrozma\n|-damage|p2a: Necrozma|7\/100\n|\n|-damage|p2a: Necrozma|0 fnt|[from] Leech Seed|[of] p1a: Sandslash\n|faint|p2a: Necrozma\n|upkeep\n|\n|t:|1699234680\n|switch|p2a: Dracovish|Dracovish|100\/100\n|turn|14\n|\n|t:|1699234686\n|switch|p1a: Cradily|Cradily, F|100\/100\n|move|p2a: Dracovish|Fishious Rend|p1a: Cradily\n|-ability|p1a: Cradily|Storm Drain|boost\n|-boost|p1a: Cradily|spa|1\n|\n|upkeep\n|turn|15\n|\n|t:|1699234698\n|switch|p2a: Kyurem|Kyurem-Black, shiny|100\/100\n|-ability|p2a: Kyurem|Teravolt\n|move|p1a: Cradily|Leech Seed|p2a: Kyurem\n|-start|p2a: Kyurem|move: Leech Seed\n|\n|-damage|p2a: Kyurem|88\/100|[from] Leech Seed|[of] p1a: Cradily\n|upkeep\n|turn|16\n|\n|t:|1699234709\n|move|p2a: Kyurem|Draco Meteor|p1a: Cradily\n|-damage|p1a: Cradily|57\/100\n|-unboost|p2a: Kyurem|spa|2\n|move|p1a: Cradily|Sludge Bomb|p2a: Kyurem\n|-damage|p2a: Kyurem|51\/100\n|-status|p2a: Kyurem|psn\n|\n|-heal|p1a: Cradily|63\/100|[from] item: Leftovers\n|-damage|p2a: Kyurem|39\/100 psn|[from] Leech Seed|[of] p1a: Cradily\n|-heal|p1a: Cradily|76\/100|[silent]\n|-damage|p2a: Kyurem|27\/100 psn|[from] psn\n|upkeep\n|turn|17\n|\n|t:|1699234721\n|move|p2a: Kyurem|Hyper Voice|p1a: Cradily\n|-resisted|p1a: Cradily\n|-damage|p1a: Cradily|71\/100\n|-enditem|p2a: Kyurem|Throat Spray\n|-boost|p2a: Kyurem|spa|1|[from] item: Throat Spray\n|move|p1a: Cradily|Recover|p1a: Cradily\n|-heal|p1a: Cradily|100\/100\n|\n|-damage|p2a: Kyurem|15\/100 psn|[from] Leech Seed|[of] p1a: Cradily\n|-damage|p2a: Kyurem|2\/100 psn|[from] psn\n|upkeep\n|turn|18\n|inactive|pokegirl457 has 120 seconds left.\n|\n|t:|1699234764\n|switch|p2a: Blue Bark|Zacian-Crowned, shiny|100\/100\n|-ability|p2a: Blue Bark|Intrepid Sword|boost\n|-boost|p2a: Blue Bark|atk|1\n|move|p1a: Cradily|Recover||[still]\n|-fail|p1a: Cradily|heal\n|\n|upkeep\n|turn|19\n|\n|t:|1699234791\n|move|p2a: Blue Bark|Close Combat|p1a: Cradily\n|-supereffective|p1a: Cradily\n|-damage|p1a: Cradily|0 fnt\n|-unboost|p2a: Blue Bark|def|1\n|-unboost|p2a: Blue Bark|spd|1\n|faint|p1a: Cradily\n|\n|upkeep\n|\n|t:|1699234799\n|switch|p1a: Sandslash|Sandslash, M|100\/100\n|turn|20\n|inactive|pokegirl457 has 120 seconds left.\n|inactive|pokegirl457 has 90 seconds left.\n|\n|t:|1699234846\n|move|p2a: Blue Bark|Close Combat|p1a: Sandslash\n|-damage|p1a: Sandslash|20\/100\n|-unboost|p2a: Blue Bark|def|1\n|-unboost|p2a: Blue Bark|spd|1\n|move|p1a: Sandslash|Earthquake|p2a: Blue Bark\n|-supereffective|p2a: Blue Bark\n|-damage|p2a: Blue Bark|0 fnt\n|faint|p2a: Blue Bark\n|\n|-heal|p1a: Sandslash|27\/100|[from] item: Leftovers\n|upkeep\n|\n|t:|1699234860\n|switch|p2a: Dracovish|Dracovish|100\/100\n|turn|21\n|\n|t:|1699234867\n|move|p1a: Sandslash|Body Slam|p2a: Dracovish\n|-damage|p2a: Dracovish|78\/100\n|move|p2a: Dracovish|Fishious Rend|p1a: Sandslash\n|-supereffective|p1a: Sandslash\n|-damage|p1a: Sandslash|0 fnt\n|faint|p1a: Sandslash\n|-damage|p2a: Dracovish|68\/100|[from] item: Life Orb\n|\n|upkeep\n|\n|t:|1699234877\n|switch|p1a: Braviary|Braviary, M|100\/100\n|turn|22\n|\n|t:|1699234891\n|switch|p2a: Groudon|Groudon|100\/100\n|detailschange|p2a: Groudon|Groudon-Primal\n|-primal|p2a: Groudon|Red Orb\n|-weather|DesolateLand|[from] ability: Desolate Land|[of] p2a: Groudon\n|move|p1a: Braviary|Bulk Up|p1a: Braviary\n|-boost|p1a: Braviary|atk|1\n|-boost|p1a: Braviary|def|1\n|\n|-weather|DesolateLand|[upkeep]\n|upkeep\n|turn|23\n|\n|t:|1699234907\n|move|p1a: Braviary|Iron Head|p2a: Groudon\n|-resisted|p2a: Groudon\n|-damage|p2a: Groudon|90\/100\n|move|p2a: Groudon|Overheat|p1a: Braviary\n|-damage|p1a: Braviary|0 fnt\n|-unboost|p2a: Groudon|spa|2\n|faint|p1a: Braviary\n|\n|win|pokegirl457\n|raw|cinderace 88's rating: 1079 &rarr; <strong>1064<\/strong><br \/>(-15 for losing)\n|raw|pokegirl457's rating: 1186 &rarr; <strong>1204<\/strong><br \/>(+18 for winning)\n|l|\u2606cinderace 88\n|c|\u2606pokegirl457|Gg\n","uploadtime":1699234923,"views":4,"p1id":"cinderace88","p2id":"pokegirl457","formatid":"gen9nationaldexubers","rating":1064,"private":0,"password":""}