{"id":"gen9nationaldexubers-1980126329","p1":"The Secret Keeper","p2":"Certified E Kitten","format":"[Gen 9] National Dex Ubers","log":"|j|\u2606The Secret Keeper\n|j|\u2606Certified E Kitten\n|t:|1698759653\n|gametype|singles\n|player|p1|The Secret Keeper|zinnia|1492\n|player|p2|Certified E Kitten|wallace|1445\n|teamsize|p1|6\n|teamsize|p2|6\n|gen|9\n|tier|[Gen 9] National Dex Ubers\n|rated|\n|rule|HP Percentage Mod: HP is shown in percentages\n|rule|Endless Battle Clause: Forcing endless battles is banned\n|rule|OHKO Clause: OHKO moves are banned\n|rule|Evasion Moves Clause: Evasion moves are banned\n|rule|Evasion Items Clause: Evasion items are banned\n|rule|Species Clause: Limit one of each Pok\u00e9mon\n|rule|Sleep Clause Mod: Limit one foe put to sleep\n|rule|Mega Rayquaza Clause: You cannot mega evolve Rayquaza\n|clearpoke\n|poke|p1|Deoxys-Speed|\n|poke|p1|Xerneas-*|\n|poke|p1|Necrozma-Dusk-Mane|\n|poke|p1|Zacian-*|\n|poke|p1|Ditto|\n|poke|p1|Kyurem-Black|\n|poke|p2|Yveltal|\n|poke|p2|Kingambit, M|\n|poke|p2|Greninja-*, M|\n|poke|p2|Urshifu-*, M|\n|poke|p2|Chien-Pao|\n|poke|p2|Chi-Yu|\n|teampreview\n|inactive|Battle timer is ON: inactive players will automatically lose when time's up. (requested by Certified E Kitten)\n|inactive|The Secret Keeper also wants the timer to be on.\n|inactive|Certified E Kitten has 120 seconds left.\n|c|\u2606The Secret Keeper|chi yu and chien pao dont even hav bw sprites yet\n|\n|t:|1698759699\n|start\n|switch|p1a: Deoxys|Deoxys-Speed|100\/100\n|switch|p2a: Hell Fire|Chi-Yu|100\/100\n|-ability|p1a: Deoxys|Pressure\n|-ability|p2a: Hell Fire|Beads of Ruin\n|turn|1\n|\n|t:|1698759707\n|move|p1a: Deoxys|Stealth Rock|p2a: Hell Fire\n|-sidestart|p2: Certified E Kitten|move: Stealth Rock\n|move|p2a: Hell Fire|Dark Pulse|p1a: Deoxys\n|-supereffective|p1a: Deoxys\n|-enditem|p1a: Deoxys|Focus Sash\n|-damage|p1a: Deoxys|1\/100\n|\n|upkeep\n|turn|2\n|\n|t:|1698759713\n|switch|p2a: Chilly Demise|Chien-Pao|100\/100\n|-damage|p2a: Chilly Demise|76\/100|[from] Stealth Rock\n|-ability|p2a: Chilly Demise|Sword of Ruin\n|move|p1a: Deoxys|Knock Off|p2a: Chilly Demise\n|-resisted|p2a: Chilly Demise\n|-damage|p2a: Chilly Demise|61\/100\n|-enditem|p2a: Chilly Demise|Focus Sash|[from] move: Knock Off|[of] p1a: Deoxys\n|\n|upkeep\n|turn|3\n|\n|t:|1698759721\n|move|p1a: Deoxys|Spikes|p2a: Chilly Demise\n|-sidestart|p2: Certified E Kitten|Spikes\n|move|p2a: Chilly Demise|Swords Dance|p2a: Chilly Demise\n|-boost|p2a: Chilly Demise|atk|2\n|\n|upkeep\n|turn|4\n|\n|t:|1698759727\n|move|p2a: Chilly Demise|Ice Shard|p1a: Deoxys\n|-damage|p1a: Deoxys|0 fnt\n|faint|p1a: Deoxys\n|\n|upkeep\n|\n|t:|1698759731\n|switch|p1a: Ditto|Ditto|100\/100\n|-transform|p1a: Ditto|p2a: Chilly Demise|[from] ability: Imposter\n|-ability|p1a: Ditto|Sword of Ruin\n|turn|5\n|\n|t:|1698759739\n|move|p1a: Ditto|Crunch|p2a: Chilly Demise\n|-resisted|p2a: Chilly Demise\n|-damage|p2a: Chilly Demise|10\/100\n|move|p2a: Chilly Demise|Crunch|p1a: Ditto\n|-resisted|p1a: Ditto\n|-damage|p1a: Ditto|50\/100\n|\n|upkeep\n|turn|6\n|\n|t:|1698759741\n|move|p2a: Chilly Demise|Ice Shard|p1a: Ditto\n|-resisted|p1a: Ditto\n|-damage|p1a: Ditto|23\/100\n|move|p1a: Ditto|Crunch|p2a: Chilly Demise\n|-resisted|p2a: Chilly Demise\n|-damage|p2a: Chilly Demise|0 fnt\n|faint|p2a: Chilly Demise\n|\n|upkeep\n|\n|t:|1698759743\n|switch|p2a: The Ronin|Greninja, M|100\/100\n|-damage|p2a: The Ronin|88\/100|[from] Stealth Rock\n|-damage|p2a: The Ronin|76\/100|[from] Spikes\n|turn|7\n|\n|t:|1698759747\n|move|p2a: The Ronin|Water Shuriken|p1a: Ditto\n|-damage|p1a: Ditto|8\/100\n|-damage|p1a: Ditto|0 fnt\n|faint|p1a: Ditto\n|-ability|p2a: The Ronin|Battle Bond|boost\n|-boost|p2a: The Ronin|atk|1\n|-boost|p2a: The Ronin|spa|1\n|-boost|p2a: The Ronin|spe|1\n|-activate|p2a: The Ronin|ability: Battle Bond\n|-hitcount|p1: Ditto|2\n|-damage|p2a: The Ronin|66\/100|[from] item: Life Orb\n|\n|upkeep\n|\n|t:|1698759752\n|switch|p1a: Xerneas|Xerneas, shiny|100\/100\n|-ability|p1a: Xerneas|Fairy Aura\n|turn|8\n|\n|t:|1698759755\n|-terastallize|p1a: Xerneas|Steel\n|move|p2a: The Ronin|Hydro Pump|p1a: Xerneas\n|-damage|p1a: Xerneas|21\/100\n|-damage|p2a: The Ronin|56\/100|[from] item: Life Orb\n|move|p1a: Xerneas|Geomancy||[still]\n|-prepare|p1a: Xerneas|Geomancy\n|-enditem|p1a: Xerneas|Power Herb\n|-anim|p1a: Xerneas|Geomancy|p1a: Xerneas\n|-boost|p1a: Xerneas|spa|2\n|-boost|p1a: Xerneas|spd|2\n|-boost|p1a: Xerneas|spe|2\n|\n|upkeep\n|turn|9\n|\n|t:|1698759761\n|move|p2a: The Ronin|Water Shuriken|p1a: Xerneas\n|-damage|p1a: Xerneas|16\/100\n|-damage|p1a: Xerneas|10\/100\n|-hitcount|p1a: Xerneas|2\n|-damage|p2a: The Ronin|46\/100|[from] item: Life Orb\n|move|p1a: Xerneas|Moonblast|p2a: The Ronin\n|-supereffective|p2a: The Ronin\n|-damage|p2a: The Ronin|0 fnt\n|faint|p2a: The Ronin\n|\n|upkeep\n|\n|t:|1698759766\n|switch|p2a: Reaper Bird|Yveltal|100\/100\n|-ability|p2a: Reaper Bird|Dark Aura\n|turn|10\n|\n|t:|1698759770\n|move|p2a: Reaper Bird|Sucker Punch|p1a: Xerneas\n|-damage|p1a: Xerneas|0 fnt\n|faint|p1a: Xerneas\n|\n|upkeep\n|\n|t:|1698759778\n|switch|p1a: Kyurem|Kyurem-Black|100\/100\n|-ability|p1a: Kyurem|Teravolt\n|turn|11\n|\n|t:|1698759782\n|switch|p2a: Bloody Shadow|Urshifu, M|100\/100\n|-damage|p2a: Bloody Shadow|94\/100|[from] Stealth Rock\n|-damage|p2a: Bloody Shadow|82\/100|[from] Spikes\n|move|p1a: Kyurem|Dragon Dance|p1a: Kyurem\n|-boost|p1a: Kyurem|atk|1\n|-boost|p1a: Kyurem|spe|1\n|\n|upkeep\n|turn|12\n|\n|t:|1698759787\n|move|p1a: Kyurem|Fusion Bolt|p2a: Bloody Shadow\n|-damage|p2a: Bloody Shadow|0 fnt\n|faint|p2a: Bloody Shadow\n|-damage|p1a: Kyurem|91\/100|[from] item: Life Orb\n|\n|upkeep\n|\n|t:|1698759791\n|switch|p2a: Reaper Bird|Yveltal|100\/100\n|-ability|p2a: Reaper Bird|Dark Aura\n|turn|13\n|\n|t:|1698759793\n|move|p1a: Kyurem|Fusion Bolt|p2a: Reaper Bird\n|-supereffective|p2a: Reaper Bird\n|-damage|p2a: Reaper Bird|0 fnt\n|faint|p2a: Reaper Bird\n|-damage|p1a: Kyurem|81\/100|[from] item: Life Orb\n|\n|upkeep\n|\n|t:|1698759797\n|switch|p2a: Bushido|Kingambit, M|100\/100\n|-damage|p2a: Bushido|94\/100|[from] Stealth Rock\n|-damage|p2a: Bushido|82\/100|[from] Spikes\n|-activate|p2a: Bushido|ability: Supreme Overlord\n|-start|p2a: Bushido|fallen4|[silent]\n|turn|14\n|\n|t:|1698759800\n|-terastallize|p2a: Bushido|Dark\n|move|p2a: Bushido|Sucker Punch|p1a: Kyurem\n|-damage|p1a: Kyurem|19\/100\n|move|p1a: Kyurem|Fusion Bolt|p2a: Bushido\n|-damage|p2a: Bushido|13\/100\n|-damage|p1a: Kyurem|9\/100|[from] item: Life Orb\n|\n|-heal|p2a: Bushido|19\/100|[from] item: Leftovers\n|upkeep\n|turn|15\n|\n|t:|1698759806\n|move|p1a: Kyurem|Fusion Bolt|p2a: Bushido\n|-damage|p2a: Bushido|0 fnt\n|faint|p2a: Bushido\n|-end|p2a: Bushido|fallen4|[silent]\n|-damage|p1a: Kyurem|0 fnt|[from] item: Life Orb\n|faint|p1a: Kyurem\n|\n|upkeep\n|c|\u2606The Secret Keeper|we aint playing mind games here today\n|\n|t:|1698759817\n|switch|p1a: Necrozma|Necrozma-Dusk-Mane|100\/100\n|switch|p2a: Hell Fire|Chi-Yu|100\/100\n|-damage|p2a: Hell Fire|76\/100|[from] Stealth Rock\n|-damage|p2a: Hell Fire|63\/100|[from] Spikes\n|-ability|p2a: Hell Fire|Beads of Ruin\n|turn|16\n|\n|t:|1698759822\n|detailschange|p1a: Necrozma|Necrozma-Ultra\n|-burst|p1a: Necrozma|Necrozma|Ultranecrozium Z\n|move|p2a: Hell Fire|Flamethrower|p1a: Necrozma\n|-resisted|p1a: Necrozma\n|-damage|p1a: Necrozma|66\/100\n|move|p1a: Necrozma|Earthquake|p2a: Hell Fire\n|-supereffective|p2a: Hell Fire\n|-damage|p2a: Hell Fire|0 fnt\n|faint|p2a: Hell Fire\n|\n|win|The Secret Keeper\n|raw|The Secret Keeper's rating: 1492 &rarr; <strong>1509<\/strong><br \/>(+17 for winning)\n|raw|Certified E Kitten's rating: 1445 &rarr; <strong>1428<\/strong><br \/>(-17 for losing)\n|l|\u2606Certified E Kitten\n|c|\u2606The Secret Keeper|1509\n|c|\u2606The Secret Keeper|we've hit the 1500s\n","uploadtime":1698759907,"views":10,"p1id":"thesecretkeeper","p2id":"certifiedekitten","formatid":"gen9nationaldexubers","rating":1428,"private":0,"password":""}