{"id":"gen9nationaldexubers-1985699557","p1":"Edras16","p2":"Yuinna.","format":"[Gen 9] National Dex Ubers","log":"|j|\u2606Edras16\n|j|\u2606Yuinna.\n|t:|1699397003\n|gametype|singles\n|player|p1|Edras16|steven|\n|player|p2|Yuinna.|serena-masters|\n|teamsize|p1|6\n|teamsize|p2|6\n|gen|9\n|tier|[Gen 9] National Dex Ubers\n|rule|HP Percentage Mod: HP is shown in percentages\n|rule|Endless Battle Clause: Forcing endless battles is banned\n|rule|OHKO Clause: OHKO moves are banned\n|rule|Evasion Moves Clause: Evasion moves are banned\n|rule|Evasion Items Clause: Evasion items are banned\n|rule|Species Clause: Limit one of each Pok\u00e9mon\n|rule|Sleep Clause Mod: Limit one foe put to sleep\n|rule|Mega Rayquaza Clause: You cannot mega evolve Rayquaza\n|clearpoke\n|poke|p1|Deoxys-Speed|\n|poke|p1|Tapu Lele|\n|poke|p1|Gallade, M|\n|poke|p1|Polteageist|\n|poke|p1|Victini|\n|poke|p1|Hoopa|\n|poke|p2|Blissey, F|\n|poke|p2|Dondozo, M|\n|poke|p2|Clefable, M|\n|poke|p2|Ting-Lu|\n|poke|p2|Sableye, M|\n|poke|p2|Skarmory, M|\n|teampreview\n|inactive|Battle timer is ON: inactive players will automatically lose when time's up. (requested by Edras16)\n|inactive|Yuinna. also wants the timer to be on.\n|c|\u2606Yuinna.|hf\n|c|\u2606Edras16|Glhf\n|\n|t:|1699397029\n|start\n|switch|p1a: Deoxys|Deoxys-Speed|100\/100\n|switch|p2a: Clefable|Clefable, M|100\/100\n|-ability|p1a: Deoxys|Pressure\n|turn|1\n|\n|t:|1699397052\n|move|p1a: Deoxys|Spikes|p2a: Clefable\n|-sidestart|p2: Yuinna.|Spikes\n|move|p2a: Clefable|Knock Off|p1a: Deoxys\n|-supereffective|p1a: Deoxys\n|-damage|p1a: Deoxys|62\/100\n|-enditem|p1a: Deoxys|Focus Sash|[from] move: Knock Off|[of] p2a: Clefable\n|\n|upkeep\n|turn|2\n|\n|t:|1699397062\n|move|p1a: Deoxys|Spikes|p2a: Clefable\n|-sidestart|p2: Yuinna.|Spikes\n|move|p2a: Clefable|Knock Off|p1a: Deoxys\n|-supereffective|p1a: Deoxys\n|-damage|p1a: Deoxys|35\/100\n|\n|upkeep\n|turn|3\n|\n|t:|1699397069\n|move|p1a: Deoxys|Stealth Rock|p2a: Clefable\n|-sidestart|p2: Yuinna.|move: Stealth Rock\n|move|p2a: Clefable|Encore|p1a: Deoxys\n|-start|p1a: Deoxys|Encore\n|\n|upkeep\n|turn|4\n|\n|t:|1699397083\n|switch|p1a: Hoopa|Hoopa|100\/100\n|move|p2a: Clefable|Knock Off|p1a: Hoopa\n|-supereffective|p1a: Hoopa\n|-damage|p1a: Hoopa|0 fnt\n|-enditem|p1a: Hoopa|Choice Scarf|[from] move: Knock Off|[of] p2a: Clefable\n|faint|p1a: Hoopa\n|\n|upkeep\n|\n|t:|1699397087\n|switch|p1a: Victini|Victini|100\/100\n|turn|5\n|\n|t:|1699397092\n|-zpower|p1a: Victini\n|move|p1a: Victini|Z-Celebrate|p1a: Victini|[anim]Celebrate\n|-boost|p1a: Victini|atk|1|[zeffect]\n|-boost|p1a: Victini|def|1|[zeffect]\n|-boost|p1a: Victini|spa|1|[zeffect]\n|-boost|p1a: Victini|spd|1|[zeffect]\n|-boost|p1a: Victini|spe|1|[zeffect]\n|-activate|p1a: Victini|move: Celebrate\n|move|p2a: Clefable|Knock Off|p1a: Victini\n|-supereffective|p1a: Victini\n|-damage|p1a: Victini|84\/100\n|\n|upkeep\n|turn|6\n|\n|t:|1699397116\n|move|p1a: Victini|Stored Power|p2a: Clefable\n|-damage|p2a: Clefable|45\/100\n|move|p2a: Clefable|Encore|p1a: Victini\n|-start|p1a: Victini|Encore\n|\n|-heal|p2a: Clefable|51\/100|[from] item: Leftovers\n|upkeep\n|turn|7\n|\n|t:|1699397122\n|switch|p2a: Skarmory|Skarmory, M|100\/100\n|-damage|p2a: Skarmory|88\/100|[from] Stealth Rock\n|move|p1a: Victini|Stored Power|p2a: Skarmory\n|-resisted|p2a: Skarmory\n|-damage|p2a: Skarmory|35\/100\n|\n|upkeep\n|turn|8\n|\n|t:|1699397138\n|switch|p2a: Ting-Lu|Ting-Lu|100\/100\n|-damage|p2a: Ting-Lu|84\/100|[from] Spikes\n|-damage|p2a: Ting-Lu|78\/100|[from] Stealth Rock\n|-ability|p2a: Ting-Lu|Vessel of Ruin\n|move|p1a: Victini|Stored Power|p2a: Ting-Lu\n|-immune|p2a: Ting-Lu\n|\n|-heal|p2a: Ting-Lu|84\/100|[from] item: Leftovers\n|upkeep\n|turn|9\n|\n|t:|1699397146\n|move|p1a: Victini|Stored Power|p2a: Ting-Lu\n|-immune|p2a: Ting-Lu\n|move|p2a: Ting-Lu|Whirlwind|p1a: Victini\n|drag|p1a: Tapu Lele|Tapu Lele|100\/100\n|-fieldstart|move: Psychic Terrain|[from] ability: Psychic Surge|[of] p1a: Tapu Lele\n|\n|-heal|p2a: Ting-Lu|90\/100|[from] item: Leftovers\n|upkeep\n|turn|10\n|\n|t:|1699397158\n|move|p1a: Tapu Lele|Moonblast|p2a: Ting-Lu\n|-supereffective|p2a: Ting-Lu\n|-damage|p2a: Ting-Lu|31\/100\n|move|p2a: Ting-Lu|Spikes|p1a: Tapu Lele\n|-sidestart|p1: Edras16|Spikes\n|\n|-heal|p2a: Ting-Lu|37\/100|[from] item: Leftovers\n|upkeep\n|turn|11\n|\n|t:|1699397168\n|switch|p2a: Blissey|Blissey, F|100\/100\n|move|p1a: Tapu Lele|Moonblast|p2a: Blissey\n|-damage|p2a: Blissey|81\/100\n|\n|upkeep\n|turn|12\n|\n|t:|1699397184\n|switch|p1a: Deoxys|Deoxys-Speed|35\/100\n|-damage|p1a: Deoxys|23\/100|[from] Spikes\n|-ability|p1a: Deoxys|Pressure\n|move|p2a: Blissey|Thunder Wave|p1a: Deoxys\n|-status|p1a: Deoxys|par\n|\n|upkeep\n|turn|13\n|\n|t:|1699397192\n|move|p1a: Deoxys|Spikes|p2a: Blissey\n|-sidestart|p2: Yuinna.|Spikes\n|move|p2a: Blissey|Wish|p2a: Blissey\n|\n|-fieldend|move: Psychic Terrain\n|upkeep\n|turn|14\n|\n|t:|1699397197\n|switch|p2a: Skarmory|Skarmory, M|35\/100\n|-damage|p2a: Skarmory|23\/100|[from] Stealth Rock\n|move|p1a: Deoxys|Taunt|p2a: Skarmory\n|-start|p2a: Skarmory|move: Taunt\n|\n|-heal|p2a: Skarmory|100\/100|[from] move: Wish|[wisher] Blissey\n|upkeep\n|turn|15\n|\n|t:|1699397226\n|switch|p2a: Sableye|Sableye, M|100\/100\n|-damage|p2a: Sableye|76\/100|[from] Spikes\n|-damage|p2a: Sableye|64\/100|[from] Stealth Rock\n|move|p1a: Deoxys|Skill Swap|p2a: Sableye\n|-activate|p1a: Deoxys|move: Skill Swap|Prankster|Pressure|[of] p2a: Sableye\n|-ability|p2a: Sableye|Pressure\n|\n|upkeep\n|turn|16\n|\n|t:|1699397235\n|detailschange|p2a: Sableye|Sableye-Mega, M\n|-mega|p2a: Sableye|Sableye|Sablenite\n|move|p1a: Deoxys|Taunt|p2a: Sableye\n|move|p2a: Sableye|Taunt|p1a: Deoxys|[from]ability: Magic Bounce\n|-start|p1a: Deoxys|move: Taunt\n|move|p2a: Sableye|Knock Off|p1a: Deoxys\n|-supereffective|p1a: Deoxys\n|-damage|p1a: Deoxys|0 fnt\n|faint|p1a: Deoxys\n|\n|upkeep\n|\n|t:|1699397244\n|switch|p1a: Tapu Lele|Tapu Lele|100\/100\n|-damage|p1a: Tapu Lele|88\/100|[from] Spikes\n|-fieldstart|move: Psychic Terrain|[from] ability: Psychic Surge|[of] p1a: Tapu Lele\n|turn|17\n|\n|t:|1699397249\n|switch|p1a: Victini|Victini|84\/100\n|-damage|p1a: Victini|72\/100|[from] Spikes\n|move|p2a: Sableye|Recover|p2a: Sableye\n|-heal|p2a: Sableye|100\/100\n|\n|upkeep\n|turn|18\n|\n|t:|1699397253\n|move|p1a: Victini|Searing Shot|p2a: Sableye\n|-damage|p2a: Sableye|70\/100\n|-status|p2a: Sableye|brn\n|move|p2a: Sableye|Knock Off|p1a: Victini\n|-supereffective|p1a: Victini\n|-damage|p1a: Victini|50\/100\n|\n|-damage|p2a: Sableye|65\/100 brn|[from] brn\n|upkeep\n|turn|19\n|\n|t:|1699397261\n|move|p1a: Victini|Focus Blast|p2a: Sableye\n|-immune|p2a: Sableye\n|move|p2a: Sableye|Knock Off|p1a: Victini\n|-supereffective|p1a: Victini\n|-damage|p1a: Victini|31\/100\n|\n|-damage|p2a: Sableye|59\/100 brn|[from] brn\n|upkeep\n|turn|20\n|\n|t:|1699397265\n|move|p1a: Victini|Searing Shot|p2a: Sableye\n|-crit|p2a: Sableye\n|-damage|p2a: Sableye|8\/100 brn\n|move|p2a: Sableye|Recover|p2a: Sableye\n|-heal|p2a: Sableye|58\/100 brn\n|\n|-damage|p2a: Sableye|52\/100 brn|[from] brn\n|upkeep\n|turn|21\n|\n|t:|1699397268\n|move|p1a: Victini|Searing Shot|p2a: Sableye\n|-damage|p2a: Sableye|18\/100 brn\n|move|p2a: Sableye|Recover|p2a: Sableye\n|-heal|p2a: Sableye|68\/100 brn\n|\n|-damage|p2a: Sableye|63\/100 brn|[from] brn\n|-fieldend|move: Psychic Terrain\n|upkeep\n|turn|22\n|\n|t:|1699397272\n|move|p1a: Victini|Searing Shot|p2a: Sableye\n|-damage|p2a: Sableye|28\/100 brn\n|move|p2a: Sableye|Recover|p2a: Sableye\n|-heal|p2a: Sableye|78\/100 brn\n|\n|-damage|p2a: Sableye|72\/100 brn|[from] brn\n|upkeep\n|turn|23\n|\n|t:|1699397274\n|move|p1a: Victini|Searing Shot|p2a: Sableye\n|-damage|p2a: Sableye|38\/100 brn\n|move|p2a: Sableye|Recover|p2a: Sableye\n|-heal|p2a: Sableye|88\/100 brn\n|\n|-damage|p2a: Sableye|82\/100 brn|[from] brn\n|upkeep\n|turn|24\n|\n|t:|1699397278\n|move|p1a: Victini|Searing Shot|p2a: Sableye\n|-damage|p2a: Sableye|49\/100 brn\n|move|p2a: Sableye|Knock Off|p1a: Victini\n|-supereffective|p1a: Victini\n|-damage|p1a: Victini|12\/100\n|\n|-damage|p2a: Sableye|43\/100 brn|[from] brn\n|upkeep\n|turn|25\n|\n|t:|1699397283\n|move|p1a: Victini|Searing Shot|p2a: Sableye\n|-damage|p2a: Sableye|10\/100 brn\n|move|p2a: Sableye|Recover|p2a: Sableye\n|-heal|p2a: Sableye|60\/100 brn\n|\n|-damage|p2a: Sableye|54\/100 brn|[from] brn\n|upkeep\n|turn|26\n|\n|t:|1699397288\n|move|p1a: Victini|Searing Shot|p2a: Sableye\n|-damage|p2a: Sableye|21\/100 brn\n|move|p2a: Sableye|Knock Off|p1a: Victini\n|-supereffective|p1a: Victini\n|-damage|p1a: Victini|0 fnt\n|faint|p1a: Victini\n|\n|-damage|p2a: Sableye|15\/100 brn|[from] brn\n|upkeep\n|\n|t:|1699397292\n|switch|p1a: Polteageist|Polteageist|100\/100\n|-damage|p1a: Polteageist|88\/100|[from] Spikes\n|turn|27\n|\n|t:|1699397297\n|move|p1a: Polteageist|Giga Drain|p2a: Sableye\n|-damage|p2a: Sableye|0 fnt\n|-heal|p1a: Polteageist|97\/100|[from] drain|[of] p2a: Sableye\n|faint|p2a: Sableye\n|\n|upkeep\n|\n|t:|1699397305\n|switch|p2a: Blissey|Blissey, F|81\/100\n|turn|28\n|\n|t:|1699397309\n|move|p1a: Polteageist|Shell Smash|p1a: Polteageist\n|-unboost|p1a: Polteageist|def|1\n|-unboost|p1a: Polteageist|spd|1\n|-boost|p1a: Polteageist|atk|2\n|-boost|p1a: Polteageist|spa|2\n|-boost|p1a: Polteageist|spe|2\n|move|p2a: Blissey|Thunder Wave|p1a: Polteageist|[miss]\n|-miss|p2a: Blissey|p1a: Polteageist\n|\n|upkeep\n|turn|29\n|\n|t:|1699397317\n|move|p1a: Polteageist|Shell Smash|p1a: Polteageist\n|-unboost|p1a: Polteageist|def|1\n|-unboost|p1a: Polteageist|spd|1\n|-boost|p1a: Polteageist|atk|2\n|-boost|p1a: Polteageist|spa|2\n|-boost|p1a: Polteageist|spe|2\n|move|p2a: Blissey|Thunder Wave|p1a: Polteageist\n|-status|p1a: Polteageist|par\n|\n|upkeep\n|turn|30\n|\n|t:|1699397326\n|move|p1a: Polteageist|Shell Smash|p1a: Polteageist\n|-unboost|p1a: Polteageist|def|1\n|-unboost|p1a: Polteageist|spd|1\n|-boost|p1a: Polteageist|atk|2\n|-boost|p1a: Polteageist|spa|2\n|-boost|p1a: Polteageist|spe|2\n|move|p2a: Blissey|Wish|p2a: Blissey\n|\n|upkeep\n|turn|31\n|\n|t:|1699397329\n|switch|p2a: Ting-Lu|Ting-Lu|37\/100\n|-damage|p2a: Ting-Lu|12\/100|[from] Spikes\n|-damage|p2a: Ting-Lu|6\/100|[from] Stealth Rock\n|-ability|p2a: Ting-Lu|Vessel of Ruin\n|move|p1a: Polteageist|Stored Power|p2a: Ting-Lu\n|-immune|p2a: Ting-Lu\n|\n|-heal|p2a: Ting-Lu|75\/100|[from] move: Wish|[wisher] Blissey\n|-heal|p2a: Ting-Lu|81\/100|[from] item: Leftovers\n|upkeep\n|turn|32\n|\n|t:|1699397342\n|move|p1a: Polteageist|Giga Drain|p2a: Ting-Lu\n|-supereffective|p2a: Ting-Lu\n|-damage|p2a: Ting-Lu|0 fnt\n|-heal|p1a: Polteageist|100\/100 par|[from] drain|[of] p2a: Ting-Lu\n|faint|p2a: Ting-Lu\n|\n|upkeep\n|\n|t:|1699397350\n|switch|p2a: Skarmory|Skarmory, M|100\/100\n|-damage|p2a: Skarmory|88\/100|[from] Stealth Rock\n|turn|33\n|\n|t:|1699397353\n|move|p1a: Polteageist|Shadow Ball|p2a: Skarmory\n|-crit|p2a: Skarmory\n|-damage|p2a: Skarmory|0 fnt\n|faint|p2a: Skarmory\n|\n|upkeep\n|\n|t:|1699397371\n|switch|p2a: Dondozo|Dondozo, M|100\/100\n|turn|34\n|\n|t:|1699397374\n|cant|p1a: Polteageist|par\n|move|p2a: Dondozo|Curse|p2a: Dondozo\n|-unboost|p2a: Dondozo|spe|1\n|-boost|p2a: Dondozo|atk|1\n|-boost|p2a: Dondozo|def|1\n|\n|upkeep\n|turn|35\n|\n|t:|1699397380\n|cant|p1a: Polteageist|par\n|move|p2a: Dondozo|Wave Crash|p1a: Polteageist\n|-enditem|p1a: Polteageist|Focus Sash\n|-damage|p1a: Polteageist|1\/100 par\n|-ability|p1a: Polteageist|Weak Armor|boost\n|-unboost|p1a: Polteageist|def|1\n|-damage|p2a: Dondozo|83\/100|[from] Recoil\n|\n|upkeep\n|turn|36\n|\n|t:|1699397394\n|move|p1a: Polteageist|Stored Power|p2a: Dondozo\n|-crit|p2a: Dondozo\n|-damage|p2a: Dondozo|0 fnt\n|faint|p2a: Dondozo\n|\n|upkeep\n|\n|t:|1699397398\n|switch|p2a: Clefable|Clefable, M|51\/100\n|turn|37\n|c|\u2606Yuinna.|wtf\n|\n|t:|1699397405\n|move|p1a: Polteageist|Stored Power|p2a: Clefable\n|-damage|p2a: Clefable|0 fnt\n|faint|p2a: Clefable\n|\n|upkeep\n|\n|t:|1699397407\n|switch|p2a: Blissey|Blissey, F|81\/100\n|turn|38\n|c|\u2606Yuinna.|2 crits\n|\n|t:|1699397431\n|move|p1a: Polteageist|Stored Power|p2a: Blissey\n|-damage|p2a: Blissey|0 fnt\n|faint|p2a: Blissey\n|\n|win|Edras16\n|c|\u2606Edras16|Didn't matter tho\n|c|\u2606Yuinna.|tf\n|c|\u2606Yuinna.|gg\n|c|\u2606Edras16|Gg\n|c|\u2606Yuinna.|unaware\n|c|\u2606Yuinna.|dozo\n|c|\u2606Edras16|I was 380 base power\n|c|\u2606Edras16|You were not living\n","uploadtime":1699397484,"views":9,"p1id":"edras16","p2id":"yuinna","formatid":"gen9nationaldexubers","rating":0,"private":0,"password":""}