{"id":"gen9nationaldexubers-1989868656","p1":"PSYKEYstr","p2":"GoianoReidoKuduro","format":"[Gen 9] National Dex Ubers","log":"|j|\u2606PSYKEYstr\n|j|\u2606GoianoReidoKuduro\n|t:|1699902468\n|gametype|singles\n|player|p1|PSYKEYstr|tulip|1112\n|player|p2|GoianoReidoKuduro|170|1198\n|teamsize|p1|6\n|teamsize|p2|6\n|gen|9\n|tier|[Gen 9] National Dex Ubers\n|rated|\n|rule|HP Percentage Mod: HP is shown in percentages\n|rule|Endless Battle Clause: Forcing endless battles is banned\n|rule|OHKO Clause: OHKO moves are banned\n|rule|Evasion Moves Clause: Evasion moves are banned\n|rule|Evasion Items Clause: Evasion items are banned\n|rule|Species Clause: Limit one of each Pok\u00e9mon\n|rule|Sleep Clause Mod: Limit one foe put to sleep\n|rule|Mega Rayquaza Clause: You cannot mega evolve Rayquaza\n|clearpoke\n|poke|p1|Yanmega, F|\n|poke|p1|Espathra, F|\n|poke|p1|Sharpedo, F|\n|poke|p1|Scolipede, F|\n|poke|p1|Blaziken, F|\n|poke|p1|Ninjask, F|\n|poke|p2|Arceus-Steel|\n|poke|p2|Whimsicott, M|\n|poke|p2|Toxapex, M|\n|poke|p2|Suicune|\n|poke|p2|Gliscor, M|\n|poke|p2|Garganacl, M|\n|teampreview\n|\n|t:|1699902482\n|start\n|switch|p1a: Espathra|Espathra, F|100\/100\n|switch|p2a: Toxapex|Toxapex, M|100\/100\n|turn|1\n|\n|t:|1699902488\n|move|p1a: Espathra|Calm Mind|p1a: Espathra\n|-boost|p1a: Espathra|spa|1\n|-boost|p1a: Espathra|spd|1\n|move|p2a: Toxapex|Toxic Spikes|p1a: Espathra\n|-sidestart|p1: PSYKEYstr|move: Toxic Spikes\n|\n|-ability|p1a: Espathra|Speed Boost|boost\n|-boost|p1a: Espathra|spe|1\n|upkeep\n|turn|2\n|\n|t:|1699902496\n|move|p1a: Espathra|Calm Mind|p1a: Espathra\n|-boost|p1a: Espathra|spa|1\n|-boost|p1a: Espathra|spd|1\n|move|p2a: Toxapex|Toxic Spikes|p1a: Espathra\n|-sidestart|p1: PSYKEYstr|move: Toxic Spikes\n|\n|-ability|p1a: Espathra|Speed Boost|boost\n|-boost|p1a: Espathra|spe|1\n|upkeep\n|turn|3\n|\n|t:|1699902504\n|move|p1a: Espathra|Protect|p1a: Espathra\n|-singleturn|p1a: Espathra|Protect\n|move|p2a: Toxapex|Baneful Bunker||[still]\n|-fail|p2a: Toxapex\n|\n|-ability|p1a: Espathra|Speed Boost|boost\n|-boost|p1a: Espathra|spe|1\n|upkeep\n|turn|4\n|\n|t:|1699902508\n|move|p1a: Espathra|Stored Power|p2a: Toxapex\n|-supereffective|p2a: Toxapex\n|-damage|p2a: Toxapex|0 fnt\n|faint|p2a: Toxapex\n|\n|-ability|p1a: Espathra|Speed Boost|boost\n|-boost|p1a: Espathra|spe|1\n|upkeep\n|\n|t:|1699902514\n|switch|p2a: Suicune|Suicune, shiny|100\/100\n|-ability|p2a: Suicune|Pressure\n|turn|5\n|\n|t:|1699902518\n|move|p1a: Espathra|Protect|p1a: Espathra\n|-singleturn|p1a: Espathra|Protect\n|move|p2a: Suicune|Roar|p1a: Espathra\n|drag|p1a: Blaziken|Blaziken, F, shiny|100\/100\n|-status|p1a: Blaziken|tox\n|\n|-damage|p1a: Blaziken|94\/100 tox|[from] psn\n|upkeep\n|turn|6\n|\n|t:|1699902524\n|detailschange|p1a: Blaziken|Blaziken-Mega, F, shiny\n|-mega|p1a: Blaziken|Blaziken|Blazikenite\n|move|p1a: Blaziken|Close Combat|p2a: Suicune\n|-damage|p2a: Suicune|49\/100\n|-unboost|p1a: Blaziken|def|1\n|-unboost|p1a: Blaziken|spd|1\n|move|p2a: Suicune|Roar|p1a: Blaziken\n|drag|p1a: Sharpedo|Sharpedo, F, shiny|100\/100\n|-status|p1a: Sharpedo|tox\n|\n|-heal|p2a: Suicune|55\/100|[from] item: Leftovers\n|-damage|p1a: Sharpedo|94\/100 tox|[from] psn\n|upkeep\n|turn|7\n|\n|t:|1699902535\n|move|p1a: Sharpedo|Crunch|p2a: Suicune\n|-damage|p2a: Suicune|24\/100\n|move|p2a: Suicune|Rest|p2a: Suicune\n|-status|p2a: Suicune|slp|[from] move: Rest\n|-heal|p2a: Suicune|100\/100 slp|[silent]\n|\n|-damage|p1a: Sharpedo|82\/100 tox|[from] psn\n|-ability|p1a: Sharpedo|Speed Boost|boost\n|-boost|p1a: Sharpedo|spe|1\n|upkeep\n|turn|8\n|\n|t:|1699902543\n|switch|p1a: Scolipede|Scolipede, F, shiny|100\/100\n|-sideend|p1: PSYKEYstr|move: Toxic Spikes|[of] p1a: Scolipede\n|cant|p2a: Suicune|slp\n|move|p2a: Suicune|Sleep Talk|p2a: Suicune\n|move|p2a: Suicune|Scald|p1a: Scolipede|[from]move: Sleep Talk\n|-damage|p1a: Scolipede|73\/100\n|\n|-heal|p1a: Scolipede|79\/100|[from] item: Leftovers\n|upkeep\n|turn|9\n|\n|t:|1699902550\n|move|p1a: Scolipede|Protect|p1a: Scolipede\n|-singleturn|p1a: Scolipede|Protect\n|cant|p2a: Suicune|slp\n|move|p2a: Suicune|Sleep Talk|p2a: Suicune\n|move|p2a: Suicune|Scald|p1a: Scolipede|[from]move: Sleep Talk\n|-activate|p1a: Scolipede|move: Protect\n|\n|-heal|p1a: Scolipede|85\/100|[from] item: Leftovers\n|-ability|p1a: Scolipede|Speed Boost|boost\n|-boost|p1a: Scolipede|spe|1\n|upkeep\n|turn|10\n|\n|t:|1699902566\n|switch|p2a: Garganacl|Garganacl, M|100\/100\n|move|p1a: Scolipede|Toxic Spikes|p2a: Garganacl\n|-sidestart|p2: GoianoReidoKuduro|move: Toxic Spikes\n|\n|-heal|p1a: Scolipede|91\/100|[from] item: Leftovers\n|-ability|p1a: Scolipede|Speed Boost|boost\n|-boost|p1a: Scolipede|spe|1\n|upkeep\n|turn|11\n|\n|t:|1699902572\n|move|p1a: Scolipede|Toxic|p2a: Garganacl\n|-immune|p2a: Garganacl|[from] ability: Purifying Salt\n|move|p2a: Garganacl|Salt Cure|p1a: Scolipede\n|-supereffective|p1a: Scolipede\n|-damage|p1a: Scolipede|63\/100\n|-start|p1a: Scolipede|Salt Cure\n|\n|-heal|p1a: Scolipede|70\/100|[from] item: Leftovers\n|-damage|p1a: Scolipede|57\/100|[from] Salt Cure\n|-ability|p1a: Scolipede|Speed Boost|boost\n|-boost|p1a: Scolipede|spe|1\n|upkeep\n|turn|12\n|\n|t:|1699902578\n|switch|p1a: Sharpedo|Sharpedo, F, shiny|82\/100 tox\n|move|p2a: Garganacl|Iron Defense|p2a: Garganacl\n|-boost|p2a: Garganacl|def|2\n|\n|-damage|p1a: Sharpedo|76\/100 tox|[from] psn\n|upkeep\n|turn|13\n|\n|t:|1699902583\n|move|p1a: Sharpedo|Protect|p1a: Sharpedo\n|-singleturn|p1a: Sharpedo|Protect\n|move|p2a: Garganacl|Salt Cure|p1a: Sharpedo\n|-activate|p1a: Sharpedo|move: Protect\n|\n|-damage|p1a: Sharpedo|64\/100 tox|[from] psn\n|-ability|p1a: Sharpedo|Speed Boost|boost\n|-boost|p1a: Sharpedo|spe|1\n|upkeep\n|turn|14\n|\n|t:|1699902589\n|-zpower|p1a: Sharpedo\n|move|p1a: Sharpedo|Hydro Vortex|p2a: Garganacl|[zeffect]\n|-supereffective|p2a: Garganacl\n|-damage|p2a: Garganacl|74\/100\n|move|p2a: Garganacl|Iron Defense|p2a: Garganacl\n|-boost|p2a: Garganacl|def|2\n|\n|-heal|p2a: Garganacl|80\/100|[from] item: Leftovers\n|-damage|p1a: Sharpedo|46\/100 tox|[from] psn\n|-ability|p1a: Sharpedo|Speed Boost|boost\n|-boost|p1a: Sharpedo|spe|1\n|upkeep\n|turn|15\n|\n|t:|1699902596\n|switch|p1a: Yanmega|Yanmega, F, shiny|100\/100\n|move|p2a: Garganacl|Iron Defense|p2a: Garganacl\n|-boost|p2a: Garganacl|def|2\n|\n|-heal|p2a: Garganacl|86\/100|[from] item: Leftovers\n|upkeep\n|turn|16\n|\n|t:|1699902600\n|move|p1a: Yanmega|Protect|p1a: Yanmega\n|-singleturn|p1a: Yanmega|Protect\n|move|p2a: Garganacl|Salt Cure|p1a: Yanmega\n|-activate|p1a: Yanmega|move: Protect\n|\n|-heal|p2a: Garganacl|92\/100|[from] item: Leftovers\n|-ability|p1a: Yanmega|Speed Boost|boost\n|-boost|p1a: Yanmega|spe|1\n|upkeep\n|turn|17\n|\n|t:|1699902604\n|move|p1a: Yanmega|Giga Drain|p2a: Garganacl\n|-supereffective|p2a: Garganacl\n|-damage|p2a: Garganacl|57\/100\n|move|p2a: Garganacl|Salt Cure|p1a: Yanmega\n|-supereffective|p1a: Yanmega\n|-damage|p1a: Yanmega|52\/100\n|-start|p1a: Yanmega|Salt Cure\n|\n|-heal|p2a: Garganacl|63\/100|[from] item: Leftovers\n|-damage|p1a: Yanmega|40\/100|[from] Salt Cure\n|-ability|p1a: Yanmega|Speed Boost|boost\n|-boost|p1a: Yanmega|spe|1\n|upkeep\n|turn|18\n|c|\u2606GoianoReidoKuduro|full speed boost realy?\n|\n|t:|1699902618\n|move|p1a: Yanmega|Giga Drain|p2a: Garganacl\n|-supereffective|p2a: Garganacl\n|-damage|p2a: Garganacl|25\/100\n|-heal|p1a: Yanmega|61\/100|[from] drain|[of] p2a: Garganacl\n|move|p2a: Garganacl|Recover|p2a: Garganacl\n|-heal|p2a: Garganacl|75\/100\n|\n|-heal|p2a: Garganacl|81\/100|[from] item: Leftovers\n|-damage|p1a: Yanmega|49\/100|[from] Salt Cure\n|-ability|p1a: Yanmega|Speed Boost|boost\n|-boost|p1a: Yanmega|spe|1\n|upkeep\n|turn|19\n|c|\u2606PSYKEYstr|yuhh\n|\n|t:|1699902629\n|move|p1a: Yanmega|Giga Drain|p2a: Garganacl\n|-supereffective|p2a: Garganacl\n|-damage|p2a: Garganacl|48\/100\n|-heal|p1a: Yanmega|68\/100|[from] drain|[of] p2a: Garganacl\n|move|p2a: Garganacl|Recover|p2a: Garganacl\n|-heal|p2a: Garganacl|98\/100\n|\n|-heal|p2a: Garganacl|100\/100|[from] item: Leftovers\n|-damage|p1a: Yanmega|55\/100|[from] Salt Cure\n|-ability|p1a: Yanmega|Speed Boost|boost\n|-boost|p1a: Yanmega|spe|1\n|upkeep\n|turn|20\n|\n|t:|1699902643\n|move|p1a: Yanmega|Giga Drain|p2a: Garganacl\n|-supereffective|p2a: Garganacl\n|-damage|p2a: Garganacl|63\/100\n|-heal|p1a: Yanmega|77\/100|[from] drain|[of] p2a: Garganacl\n|move|p2a: Garganacl|Salt Cure|p1a: Yanmega\n|-supereffective|p1a: Yanmega\n|-damage|p1a: Yanmega|23\/100\n|\n|-heal|p2a: Garganacl|69\/100|[from] item: Leftovers\n|-damage|p1a: Yanmega|10\/100|[from] Salt Cure\n|-ability|p1a: Yanmega|Speed Boost|boost\n|-boost|p1a: Yanmega|spe|1\n|upkeep\n|turn|21\n|\n|t:|1699902650\n|switch|p1a: Espathra|Espathra, F|100\/100\n|move|p2a: Garganacl|Salt Cure|p1a: Espathra\n|-damage|p1a: Espathra|79\/100\n|-start|p1a: Espathra|Salt Cure\n|\n|-heal|p1a: Espathra|85\/100|[from] item: Leftovers\n|-heal|p2a: Garganacl|75\/100|[from] item: Leftovers\n|-damage|p1a: Espathra|72\/100|[from] Salt Cure\n|upkeep\n|turn|22\n|\n|t:|1699902656\n|move|p1a: Espathra|Protect|p1a: Espathra\n|-singleturn|p1a: Espathra|Protect\n|move|p2a: Garganacl|Recover|p2a: Garganacl\n|-heal|p2a: Garganacl|100\/100\n|\n|-heal|p1a: Espathra|79\/100|[from] item: Leftovers\n|-damage|p1a: Espathra|66\/100|[from] Salt Cure\n|-ability|p1a: Espathra|Speed Boost|boost\n|-boost|p1a: Espathra|spe|1\n|upkeep\n|turn|23\n|\n|t:|1699902664\n|move|p1a: Espathra|Calm Mind|p1a: Espathra\n|-boost|p1a: Espathra|spa|1\n|-boost|p1a: Espathra|spd|1\n|move|p2a: Garganacl|Salt Cure|p1a: Espathra\n|-damage|p1a: Espathra|43\/100\n|\n|-heal|p1a: Espathra|49\/100|[from] item: Leftovers\n|-damage|p1a: Espathra|37\/100|[from] Salt Cure\n|-ability|p1a: Espathra|Speed Boost|boost\n|-boost|p1a: Espathra|spe|1\n|upkeep\n|turn|24\n|\n|t:|1699902670\n|move|p1a: Espathra|Stored Power|p2a: Garganacl\n|-damage|p2a: Garganacl|29\/100\n|move|p2a: Garganacl|Salt Cure|p1a: Espathra\n|-damage|p1a: Espathra|15\/100\n|\n|-heal|p1a: Espathra|21\/100|[from] item: Leftovers\n|-heal|p2a: Garganacl|35\/100|[from] item: Leftovers\n|-damage|p1a: Espathra|9\/100|[from] Salt Cure\n|-ability|p1a: Espathra|Speed Boost|boost\n|-boost|p1a: Espathra|spe|1\n|upkeep\n|turn|25\n|\n|t:|1699902681\n|move|p1a: Espathra|Stored Power|p2a: Garganacl\n|-damage|p2a: Garganacl|0 fnt\n|faint|p2a: Garganacl\n|\n|-heal|p1a: Espathra|15\/100|[from] item: Leftovers\n|-damage|p1a: Espathra|2\/100|[from] Salt Cure\n|-ability|p1a: Espathra|Speed Boost|boost\n|-boost|p1a: Espathra|spe|1\n|upkeep\n|\n|t:|1699902686\n|switch|p2a: Gliscor|Gliscor, M|100\/100\n|turn|26\n|\n|t:|1699902690\n|move|p1a: Espathra|Stored Power|p2a: Gliscor\n|-damage|p2a: Gliscor|0 fnt\n|faint|p2a: Gliscor\n|\n|-heal|p1a: Espathra|8\/100|[from] item: Leftovers\n|-damage|p1a: Espathra|0 fnt|[from] Salt Cure\n|faint|p1a: Espathra\n|upkeep\n|\n|t:|1699902695\n|switch|p1a: Scolipede|Scolipede, F, shiny|57\/100\n|switch|p2a: Arceus|Arceus-Steel|100\/100\n|turn|27\n|\n|t:|1699902699\n|move|p1a: Scolipede|Protect|p1a: Scolipede\n|-singleturn|p1a: Scolipede|Protect\n|move|p2a: Arceus|Whirlpool|p1a: Scolipede\n|-activate|p1a: Scolipede|move: Protect\n|\n|-heal|p1a: Scolipede|63\/100|[from] item: Leftovers\n|-ability|p1a: Scolipede|Speed Boost|boost\n|-boost|p1a: Scolipede|spe|1\n|upkeep\n|turn|28\n|inactive|Battle timer is ON: inactive players will automatically lose when time's up. (requested by GoianoReidoKuduro)\n|\n|t:|1699902703\n|move|p1a: Scolipede|Earthquake|p2a: Arceus\n|-supereffective|p2a: Arceus\n|-damage|p2a: Arceus|74\/100\n|move|p2a: Arceus|Whirlpool|p1a: Scolipede\n|-damage|p1a: Scolipede|53\/100\n|-activate|p1a: Scolipede|move: Whirlpool|[of] p2a: Arceus\n|\n|-heal|p1a: Scolipede|59\/100|[from] item: Leftovers\n|-damage|p1a: Scolipede|46\/100|[from] move: Whirlpool|[partiallytrapped]\n|-ability|p1a: Scolipede|Speed Boost|boost\n|-boost|p1a: Scolipede|spe|1\n|upkeep\n|turn|29\n|\n|t:|1699902709\n|move|p1a: Scolipede|Earthquake|p2a: Arceus\n|-supereffective|p2a: Arceus\n|-damage|p2a: Arceus|47\/100\n|move|p2a: Arceus|Perish Song|p2a: Arceus\n|-start|p1a: Scolipede|perish3|[silent]\n|-start|p2a: Arceus|perish3|[silent]\n|-fieldactivate|move: Perish Song\n|\n|-heal|p1a: Scolipede|53\/100|[from] item: Leftovers\n|-damage|p1a: Scolipede|40\/100|[from] move: Whirlpool|[partiallytrapped]\n|-start|p1a: Scolipede|perish3\n|-start|p2a: Arceus|perish3\n|-ability|p1a: Scolipede|Speed Boost|boost\n|-boost|p1a: Scolipede|spe|1\n|upkeep\n|turn|30\n|\n|t:|1699902714\n|move|p1a: Scolipede|Earthquake|p2a: Arceus\n|-supereffective|p2a: Arceus\n|-damage|p2a: Arceus|19\/100\n|move|p2a: Arceus|Recover|p2a: Arceus\n|-heal|p2a: Arceus|69\/100\n|\n|-heal|p1a: Scolipede|46\/100|[from] item: Leftovers\n|-damage|p1a: Scolipede|34\/100|[from] move: Whirlpool|[partiallytrapped]\n|-start|p1a: Scolipede|perish2\n|-start|p2a: Arceus|perish2\n|-ability|p1a: Scolipede|Speed Boost|boost\n|-boost|p1a: Scolipede|spe|1\n|upkeep\n|turn|31\n|\n|t:|1699902719\n|move|p1a: Scolipede|Earthquake|p2a: Arceus\n|-supereffective|p2a: Arceus\n|-damage|p2a: Arceus|40\/100\n|move|p2a: Arceus|Recover|p2a: Arceus\n|-heal|p2a: Arceus|90\/100\n|\n|-heal|p1a: Scolipede|40\/100|[from] item: Leftovers\n|-damage|p1a: Scolipede|28\/100|[from] move: Whirlpool|[partiallytrapped]\n|-start|p1a: Scolipede|perish1\n|-start|p2a: Arceus|perish1\n|-ability|p1a: Scolipede|Speed Boost|boost\n|-boost|p1a: Scolipede|spe|1\n|upkeep\n|turn|32\n|\n|t:|1699902726\n|switch|p2a: Suicune|Suicune, shiny|100\/100 slp\n|-ability|p2a: Suicune|Pressure\n|move|p1a: Scolipede|Toxic Spikes|p2a: Suicune\n|-sidestart|p2: GoianoReidoKuduro|move: Toxic Spikes\n|\n|-heal|p1a: Scolipede|34\/100|[from] item: Leftovers\n|-end|p1a: Scolipede|Whirlpool|[partiallytrapped]\n|-start|p1a: Scolipede|perish0\n|faint|p1a: Scolipede\n|upkeep\n|\n|t:|1699902729\n|switch|p1a: Yanmega|Yanmega, F, shiny|10\/100\n|turn|33\n|j| Corn.exe\n|\n|t:|1699902733\n|move|p1a: Yanmega|Protect|p1a: Yanmega\n|-singleturn|p1a: Yanmega|Protect\n|-curestatus|p2a: Suicune|slp|[msg]\n|move|p2a: Suicune|Sleep Talk||[still]\n|-fail|p2a: Suicune\n|\n|-ability|p1a: Yanmega|Speed Boost|boost\n|-boost|p1a: Yanmega|spe|1\n|upkeep\n|turn|34\n|\n|t:|1699902739\n|move|p1a: Yanmega|Giga Drain|p2a: Suicune\n|-supereffective|p2a: Suicune\n|-damage|p2a: Suicune|76\/100\n|-heal|p1a: Yanmega|24\/100|[from] drain|[of] p2a: Suicune\n|move|p2a: Suicune|Scald|p1a: Yanmega\n|-damage|p1a: Yanmega|0 fnt\n|faint|p1a: Yanmega\n|\n|-heal|p2a: Suicune|82\/100|[from] item: Leftovers\n|upkeep\n|\n|t:|1699902745\n|switch|p1a: Ninjask|Ninjask, F, shiny|100\/100\n|turn|35\n|\n|t:|1699902748\n|switch|p2a: Arceus|Arceus-Steel|90\/100\n|move|p1a: Ninjask|Protect||[still]\n|-fail|p1a: Ninjask\n|\n|-ability|p1a: Ninjask|Speed Boost|boost\n|-boost|p1a: Ninjask|spe|1\n|upkeep\n|turn|36\n|\n|t:|1699902753\n|switch|p1a: Blaziken|Blaziken-Mega, F, shiny|94\/100 tox\n|move|p2a: Arceus|Whirlpool|p1a: Blaziken\n|-supereffective|p1a: Blaziken\n|-damage|p1a: Blaziken|71\/100 tox\n|-activate|p1a: Blaziken|move: Whirlpool|[of] p2a: Arceus\n|\n|-damage|p1a: Blaziken|65\/100 tox|[from] psn\n|-damage|p1a: Blaziken|53\/100 tox|[from] move: Whirlpool|[partiallytrapped]\n|upkeep\n|turn|37\n|\n|t:|1699902759\n|move|p1a: Blaziken|Flare Blitz|p2a: Arceus\n|-supereffective|p2a: Arceus\n|-damage|p2a: Arceus|9\/100\n|-damage|p1a: Blaziken|23\/100 tox|[from] Recoil\n|move|p2a: Arceus|Perish Song|p2a: Arceus\n|-start|p1a: Blaziken|perish3|[silent]\n|-start|p2a: Arceus|perish3|[silent]\n|-fieldactivate|move: Perish Song\n|\n|-damage|p1a: Blaziken|11\/100 tox|[from] psn\n|-damage|p1a: Blaziken|0 fnt|[from] move: Whirlpool|[partiallytrapped]\n|faint|p1a: Blaziken\n|-start|p2a: Arceus|perish3\n|upkeep\n|\n|t:|1699902762\n|switch|p1a: Sharpedo|Sharpedo, F, shiny|46\/100 tox\n|turn|38\n|\n|t:|1699902773\n|move|p1a: Sharpedo|Aqua Jet|p2a: Arceus\n|-damage|p2a: Arceus|0 fnt\n|faint|p2a: Arceus\n|\n|-damage|p1a: Sharpedo|39\/100 tox|[from] psn\n|-ability|p1a: Sharpedo|Speed Boost|boost\n|-boost|p1a: Sharpedo|spe|1\n|upkeep\n|\n|t:|1699902776\n|switch|p2a: Suicune|Suicune, shiny|82\/100\n|-status|p2a: Suicune|tox\n|-ability|p2a: Suicune|Pressure\n|turn|39\n|\n|t:|1699902780\n|move|p1a: Sharpedo|Crunch|p2a: Suicune\n|-damage|p2a: Suicune|55\/100 tox\n|-unboost|p2a: Suicune|def|1\n|move|p2a: Suicune|Rest|p2a: Suicune\n|-status|p2a: Suicune|slp|[from] move: Rest\n|-heal|p2a: Suicune|100\/100 slp|[silent]\n|\n|-damage|p1a: Sharpedo|27\/100 tox|[from] psn\n|-ability|p1a: Sharpedo|Speed Boost|boost\n|-boost|p1a: Sharpedo|spe|1\n|upkeep\n|turn|40\n|\n|t:|1699902794\n|move|p1a: Sharpedo|Crunch|p2a: Suicune\n|-damage|p2a: Suicune|57\/100 slp\n|cant|p2a: Suicune|slp\n|move|p2a: Suicune|Sleep Talk|p2a: Suicune\n|move|p2a: Suicune|Roar|p1a: Sharpedo|[from]move: Sleep Talk\n|drag|p1a: Ninjask|Ninjask, F, shiny|100\/100\n|\n|-heal|p2a: Suicune|63\/100 slp|[from] item: Leftovers\n|upkeep\n|turn|41\n|\n|t:|1699902804\n|move|p1a: Ninjask|Swords Dance|p1a: Ninjask\n|-boost|p1a: Ninjask|atk|2\n|cant|p2a: Suicune|slp\n|move|p2a: Suicune|Sleep Talk|p2a: Suicune\n|move|p2a: Suicune|Scald|p1a: Ninjask|[from]move: Sleep Talk\n|-damage|p1a: Ninjask|43\/100\n|\n|-heal|p2a: Suicune|70\/100 slp|[from] item: Leftovers\n|-ability|p1a: Ninjask|Speed Boost|boost\n|-boost|p1a: Ninjask|spe|1\n|upkeep\n|turn|42\n|\n|t:|1699902812\n|-terastallize|p1a: Ninjask|Flying\n|move|p1a: Ninjask|Acrobatics|p2a: Suicune\n|-damage|p2a: Suicune|0 fnt\n|faint|p2a: Suicune\n|\n|-ability|p1a: Ninjask|Speed Boost|boost\n|-boost|p1a: Ninjask|spe|1\n|upkeep\n|\n|t:|1699902817\n|switch|p2a: Whimsicott|Whimsicott, M|100\/100\n|-status|p2a: Whimsicott|tox\n|turn|43\n|c| Corn.exe|go psy:D\n|\n|t:|1699902823\n|move|p2a: Whimsicott|Leech Seed|p1a: Ninjask\n|-start|p1a: Ninjask|move: Leech Seed\n|move|p1a: Ninjask|Acrobatics|p2a: Whimsicott\n|-supereffective|p2a: Whimsicott\n|-enditem|p2a: Whimsicott|Focus Sash\n|-damage|p2a: Whimsicott|1\/100 tox\n|\n|-damage|p1a: Ninjask|31\/100|[from] Leech Seed|[of] p2a: Whimsicott\n|-heal|p2a: Whimsicott|11\/100 tox|[silent]\n|-damage|p2a: Whimsicott|5\/100 tox|[from] psn\n|-ability|p1a: Ninjask|Speed Boost|boost\n|-boost|p1a: Ninjask|spe|1\n|upkeep\n|turn|44\n|\n|t:|1699902829\n|move|p2a: Whimsicott|Protect|p2a: Whimsicott\n|-singleturn|p2a: Whimsicott|Protect\n|move|p1a: Ninjask|Acrobatics|p2a: Whimsicott\n|-activate|p2a: Whimsicott|move: Protect\n|\n|-damage|p1a: Ninjask|18\/100|[from] Leech Seed|[of] p2a: Whimsicott\n|-heal|p2a: Whimsicott|15\/100 tox|[silent]\n|-damage|p2a: Whimsicott|3\/100 tox|[from] psn\n|-ability|p1a: Ninjask|Speed Boost|boost\n|-boost|p1a: Ninjask|spe|1\n|upkeep\n|turn|45\n|\n|t:|1699902838\n|move|p2a: Whimsicott|Protect|p2a: Whimsicott\n|-singleturn|p2a: Whimsicott|Protect\n|move|p1a: Ninjask|Acrobatics|p2a: Whimsicott\n|-activate|p2a: Whimsicott|move: Protect\n|\n|-damage|p1a: Ninjask|6\/100|[from] Leech Seed|[of] p2a: Whimsicott\n|-heal|p2a: Whimsicott|13\/100 tox|[silent]\n|-damage|p2a: Whimsicott|0 fnt|[from] psn\n|faint|p2a: Whimsicott\n|\n|win|PSYKEYstr\n|upkeep\n|raw|PSYKEYstr's rating: 1112 &rarr; <strong>1143<\/strong><br \/>(+31 for winning)\n|raw|GoianoReidoKuduro's rating: 1198 &rarr; <strong>1167<\/strong><br \/>(-31 for losing)\n|c|\u2606PSYKEYstr|ggs\n|l|\u2606GoianoReidoKuduro\n|c| Corn.exe|yay\n|c| Corn.exe|gj\n|l| Corn.exe\n","uploadtime":1699902880,"views":7,"p1id":"psykeystr","p2id":"goianoreidokuduro","formatid":"gen9nationaldexubers","rating":1143,"private":0,"password":""}