{"id":"gen9nationaldexubers-1978880416","p1":"linc11de7","p2":"Hadesofender","format":"[Gen 9] National Dex Ubers","log":"|j|\u2606linc11de7\n|j|\u2606Hadesofender\n|t:|1698605903\n|gametype|singles\n|player|p1|linc11de7|giovanni|\n|player|p2|Hadesofender|nanu|\n|teamsize|p1|6\n|teamsize|p2|6\n|gen|9\n|tier|[Gen 9] National Dex Ubers\n|rule|HP Percentage Mod: HP is shown in percentages\n|rule|Endless Battle Clause: Forcing endless battles is banned\n|rule|OHKO Clause: OHKO moves are banned\n|rule|Evasion Moves Clause: Evasion moves are banned\n|rule|Evasion Items Clause: Evasion items are banned\n|rule|Species Clause: Limit one of each Pok\u00e9mon\n|rule|Sleep Clause Mod: Limit one foe put to sleep\n|rule|Mega Rayquaza Clause: You cannot mega evolve Rayquaza\n|clearpoke\n|poke|p1|Volcanion|\n|poke|p1|Aegislash, F|\n|poke|p1|Absol, F|\n|poke|p1|Enamorus, F|\n|poke|p1|Electrode-Hisui|\n|poke|p1|Meowscarada, M|\n|poke|p2|Mandibuzz, F|\n|poke|p2|Aggron, F|\n|poke|p2|Jolteon, M|\n|poke|p2|Sylveon, F|\n|poke|p2|Weezing, M|\n|poke|p2|Mamoswine, F|\n|teampreview\n|inactive|Battle timer is ON: inactive players will automatically lose when time's up. (requested by linc11de7)\n|c|\u2606Hadesofender|hf\n|\n|t:|1698605909\n|start\n|switch|p1a: Volcanion|Volcanion|100\/100\n|switch|p2a: Mamoswine|Mamoswine, F|100\/100\n|turn|1\n|c|\u2606linc11de7|u2\n|inactive|linc11de7 has 270 seconds left.\n|inactive|Hadesofender has 270 seconds left.\n|inactive|linc11de7 has 240 seconds left.\n|inactive|linc11de7 has 210 seconds left.\n|\n|t:|1698606002\n|move|p2a: Mamoswine|Earthquake|p1a: Volcanion\n|-supereffective|p1a: Volcanion\n|-damage|p1a: Volcanion|0 fnt\n|faint|p1a: Volcanion\n|\n|upkeep\n|\n|t:|1698606005\n|switch|p1a: Enamorus|Enamorus, F|100\/100\n|turn|2\n|inactive|Hadesofender has 270 seconds left.\n|\n|t:|1698606029\n|switch|p2a: Weezing|Weezing, M|100\/100\n|move|p1a: Enamorus|Superpower|p2a: Weezing\n|-resisted|p2a: Weezing\n|-damage|p2a: Weezing|83\/100\n|-boost|p1a: Enamorus|atk|1\n|-boost|p1a: Enamorus|def|1\n|\n|-heal|p2a: Weezing|89\/100|[from] item: Black Sludge\n|upkeep\n|turn|3\n|\n|t:|1698606037\n|move|p1a: Enamorus|Protect|p1a: Enamorus\n|-singleturn|p1a: Enamorus|Protect\n|move|p2a: Weezing|Gunk Shot|p1a: Enamorus\n|-activate|p1a: Enamorus|move: Protect\n|\n|-heal|p2a: Weezing|95\/100|[from] item: Black Sludge\n|upkeep\n|turn|4\n|inactive|Hadesofender has 270 seconds left.\n|\n|t:|1698606048\n|switch|p1a: Aegislash|Aegislash, F|100\/100\n|move|p2a: Weezing|Toxic|p1a: Aegislash\n|-immune|p1a: Aegislash\n|\n|-heal|p2a: Weezing|100\/100|[from] item: Black Sludge\n|upkeep\n|turn|5\n|\n|t:|1698606055\n|-formechange|p1a: Aegislash|Aegislash-Blade||[from] ability: Stance Change\n|move|p1a: Aegislash|Shadow Ball|p2a: Weezing\n|-damage|p2a: Weezing|56\/100\n|move|p2a: Weezing|Flamethrower|p1a: Aegislash\n|-supereffective|p1a: Aegislash\n|-damage|p1a: Aegislash|39\/100\n|\n|-heal|p1a: Aegislash|45\/100|[from] item: Leftovers\n|-heal|p2a: Weezing|62\/100|[from] item: Black Sludge\n|upkeep\n|turn|6\n|inactive|linc11de7 has 240 seconds left.\n|\n|t:|1698606062\n|-formechange|p1a: Aegislash|Aegislash||[from] ability: Stance Change\n|move|p1a: Aegislash|King's Shield|p1a: Aegislash\n|-singleturn|p1a: Aegislash|Protect\n|move|p2a: Weezing|Flamethrower|p1a: Aegislash\n|-activate|p1a: Aegislash|move: Protect\n|\n|-heal|p1a: Aegislash|51\/100|[from] item: Leftovers\n|-heal|p2a: Weezing|68\/100|[from] item: Black Sludge\n|upkeep\n|turn|7\n|inactive|linc11de7 has 240 seconds left.\n|j| CHARIZARDREALHITTA\n|j| Cuddersoup\n|\n|t:|1698606100\n|switch|p1a: Electrode|Electrode-Hisui|100\/100\n|move|p2a: Weezing|Flamethrower|p1a: Electrode\n|-supereffective|p1a: Electrode\n|-damage|p1a: Electrode|44\/100\n|\n|-heal|p2a: Weezing|74\/100|[from] item: Black Sludge\n|upkeep\n|turn|8\n|j| Xoviet Yunion\n|\n|t:|1698606110\n|move|p1a: Electrode|Volt Switch|p2a: Weezing\n|-damage|p2a: Weezing|31\/100\n|\n|t:|1698606114\n|switch|p1a: Aegislash|Aegislash, F|51\/100|[from] Volt Switch\n|move|p2a: Weezing|Flamethrower|p1a: Aegislash\n|-supereffective|p1a: Aegislash\n|-damage|p1a: Aegislash|23\/100\n|\n|-heal|p1a: Aegislash|29\/100|[from] item: Leftovers\n|-heal|p2a: Weezing|37\/100|[from] item: Black Sludge\n|upkeep\n|turn|9\n|\n|t:|1698606120\n|switch|p2a: Mandibuzz|Mandibuzz, F|100\/100\n|-formechange|p1a: Aegislash|Aegislash-Blade||[from] ability: Stance Change\n|move|p1a: Aegislash|Shadow Ball|p2a: Mandibuzz\n|-resisted|p2a: Mandibuzz\n|-damage|p2a: Mandibuzz|79\/100\n|\n|-heal|p1a: Aegislash|35\/100|[from] item: Leftovers\n|upkeep\n|turn|10\n|inactive|linc11de7 has 240 seconds left.\n|j| golden snub nose\n|\n|t:|1698606129\n|-formechange|p1a: Aegislash|Aegislash||[from] ability: Stance Change\n|move|p1a: Aegislash|King's Shield|p1a: Aegislash\n|-singleturn|p1a: Aegislash|Protect\n|move|p2a: Mandibuzz|Roost|p2a: Mandibuzz\n|-heal|p2a: Mandibuzz|100\/100\n|-singleturn|p2a: Mandibuzz|move: Roost\n|\n|-heal|p1a: Aegislash|41\/100|[from] item: Leftovers\n|upkeep\n|turn|11\n|inactive|linc11de7 has 240 seconds left.\n|\n|t:|1698606145\n|move|p2a: Mandibuzz|U-turn|p1a: Aegislash\n|-resisted|p1a: Aegislash\n|-damage|p1a: Aegislash|39\/100\n|\n|t:|1698606152\n|switch|p2a: Sylveon|Sylveon, F|100\/100|[from] U-turn\n|-formechange|p1a: Aegislash|Aegislash-Blade||[from] ability: Stance Change\n|move|p1a: Aegislash|Flash Cannon|p2a: Sylveon\n|-supereffective|p2a: Sylveon\n|-damage|p2a: Sylveon|33\/100\n|\n|-heal|p2a: Sylveon|39\/100|[from] item: Leftovers\n|-heal|p1a: Aegislash|45\/100|[from] item: Leftovers\n|upkeep\n|turn|12\n|\n|t:|1698606160\n|move|p1a: Aegislash|Flash Cannon|p2a: Sylveon\n|-supereffective|p2a: Sylveon\n|-damage|p2a: Sylveon|0 fnt\n|faint|p2a: Sylveon\n|\n|-heal|p1a: Aegislash|51\/100|[from] item: Leftovers\n|upkeep\n|\n|t:|1698606162\n|switch|p2a: Mamoswine|Mamoswine, F|100\/100\n|turn|13\n|l| CHARIZARDREALHITTA\n|\n|t:|1698606167\n|-formechange|p1a: Aegislash|Aegislash||[from] ability: Stance Change\n|move|p1a: Aegislash|King's Shield|p1a: Aegislash\n|-singleturn|p1a: Aegislash|Protect\n|move|p2a: Mamoswine|Earthquake|p1a: Aegislash\n|-activate|p1a: Aegislash|move: Protect\n|\n|-heal|p1a: Aegislash|58\/100|[from] item: Leftovers\n|upkeep\n|turn|14\n|\n|t:|1698606176\n|move|p2a: Mamoswine|Trailblaze|p1a: Aegislash\n|-resisted|p1a: Aegislash\n|-damage|p1a: Aegislash|50\/100\n|-boost|p2a: Mamoswine|spe|1\n|-formechange|p1a: Aegislash|Aegislash-Blade||[from] ability: Stance Change\n|move|p1a: Aegislash|Flash Cannon|p2a: Mamoswine\n|-supereffective|p2a: Mamoswine\n|-damage|p2a: Mamoswine|0 fnt\n|faint|p2a: Mamoswine\n|\n|-heal|p1a: Aegislash|57\/100|[from] item: Leftovers\n|upkeep\n|\n|t:|1698606182\n|switch|p2a: Aggron|Aggron, F|100\/100\n|turn|15\n|\n|t:|1698606184\n|detailschange|p2a: Aggron|Aggron-Mega, F\n|-mega|p2a: Aggron|Aggron|Aggronite\n|move|p1a: Aegislash|Steel Beam|p2a: Aggron\n|-resisted|p2a: Aggron\n|-damage|p2a: Aggron|68\/100\n|-damage|p1a: Aegislash|7\/100|[from] steelbeam\n|move|p2a: Aggron|Stealth Rock|p1a: Aegislash\n|-sidestart|p1: linc11de7|move: Stealth Rock\n|\n|-heal|p1a: Aegislash|13\/100|[from] item: Leftovers\n|upkeep\n|turn|16\n|\n|t:|1698606190\n|move|p1a: Aegislash|Shadow Ball|p2a: Aggron\n|-damage|p2a: Aggron|27\/100\n|move|p2a: Aggron|Earthquake|p1a: Aegislash\n|-supereffective|p1a: Aegislash\n|-damage|p1a: Aegislash|0 fnt\n|faint|p1a: Aegislash\n|\n|upkeep\n|\n|t:|1698606200\n|switch|p1a: Meowscarada|Meowscarada, M|100\/100\n|-damage|p1a: Meowscarada|88\/100|[from] Stealth Rock\n|turn|17\n|\n|t:|1698606204\n|move|p1a: Meowscarada|Aura Sphere|p2a: Aggron\n|-start|p1a: Meowscarada|typechange|Fighting|[from] ability: Protean\n|-supereffective|p2a: Aggron\n|-damage|p2a: Aggron|0 fnt\n|faint|p2a: Aggron\n|-damage|p1a: Meowscarada|78\/100|[from] item: Life Orb\n|\n|upkeep\n|c| golden snub nose|Oh great heavens\n|j| Woomy N\n|inactive|Hadesofender has 270 seconds left.\n|c| Woomy N|I think I just joined to hades getting cooked by special meow\n|\n|t:|1698606264\n|switch|p2a: Jolteon|Jolteon, M|100\/100\n|turn|18\n|\n|t:|1698606286\n|switch|p1a: Absol|Absol, F|100\/100\n|-damage|p1a: Absol|88\/100|[from] Stealth Rock\n|-ability|p1a: Absol|Pressure\n|move|p2a: Jolteon|Calm Mind|p2a: Jolteon\n|-boost|p2a: Jolteon|spa|1\n|-boost|p2a: Jolteon|spd|1\n|\n|upkeep\n|turn|19\n|inactive|Hadesofender has 240 seconds left.\n|\n|t:|1698606318\n|detailschange|p1a: Absol|Absol-Mega, F\n|-mega|p1a: Absol|Absol|Absolite\n|move|p2a: Jolteon|Thunderbolt|p1a: Absol\n|-damage|p1a: Absol|0 fnt\n|faint|p1a: Absol\n|\n|upkeep\n|\n|t:|1698606323\n|switch|p1a: Electrode|Electrode-Hisui|44\/100\n|-damage|p1a: Electrode|32\/100|[from] Stealth Rock\n|turn|20\n|inactive|Hadesofender has 240 seconds left.\n|\n|t:|1698606334\n|-terastallize|p1a: Electrode|Ground\n|-terastallize|p2a: Jolteon|Ice\n|move|p1a: Electrode|Tera Blast|p2a: Jolteon|[anim] Tera Blast Ground\n|-damage|p2a: Jolteon|56\/100\n|move|p2a: Jolteon|Tera Blast|p1a: Electrode|[anim] Tera Blast Ice\n|-supereffective|p1a: Electrode\n|-damage|p1a: Electrode|0 fnt\n|faint|p1a: Electrode\n|\n|-heal|p2a: Jolteon|62\/100|[from] item: Leftovers\n|upkeep\n|\n|t:|1698606343\n|switch|p1a: Meowscarada|Meowscarada, M|78\/100\n|-damage|p1a: Meowscarada|66\/100|[from] Stealth Rock\n|turn|21\n|c|\u2606linc11de7|gg\n|c| Woomy N|The reverse cooking\n|inactive|Hadesofender has 240 seconds left.\n|\n|t:|1698606366\n|move|p2a: Jolteon|Tera Blast|p1a: Meowscarada|[anim] Tera Blast Ice\n|-supereffective|p1a: Meowscarada\n|-damage|p1a: Meowscarada|0 fnt\n|faint|p1a: Meowscarada\n|\n|-heal|p2a: Jolteon|68\/100|[from] item: Leftovers\n|upkeep\n|\n|t:|1698606368\n|switch|p1a: Enamorus|Enamorus, F|100\/100\n|-damage|p1a: Enamorus|76\/100|[from] Stealth Rock\n|turn|22\n|\n|t:|1698606371\n|move|p1a: Enamorus|Protect|p1a: Enamorus\n|-singleturn|p1a: Enamorus|Protect\n|move|p2a: Jolteon|Thunderbolt|p1a: Enamorus\n|-activate|p1a: Enamorus|move: Protect\n|\n|-heal|p2a: Jolteon|74\/100|[from] item: Leftovers\n|-heal|p1a: Enamorus|82\/100|[from] item: Leftovers\n|upkeep\n|turn|23\n|\n|t:|1698606375\n|move|p2a: Jolteon|Thunderbolt|p1a: Enamorus\n|-supereffective|p1a: Enamorus\n|-damage|p1a: Enamorus|0 fnt\n|faint|p1a: Enamorus\n|\n|win|Hadesofender\n|c|\u2606Hadesofender|gg\n|l| golden snub nose\n|l|\u2606linc11de7\n|l| Woomy N\n|l| Cuddersoup\n","uploadtime":1698606381,"views":34,"p1id":"linc11de7","p2id":"hadesofender","formatid":"gen9nationaldexubers","rating":0,"private":0,"password":""}