{"id":"gen9nationaldexubers-2000400118","p1":"MrLukis","p2":"Torrente777","format":"[Gen 9] National Dex Ubers","log":"|j|\u2606MrLukis\n|j|\u2606Torrente777\n|t:|1701191622\n|gametype|singles\n|player|p1|MrLukis|hugh|\n|player|p2|Torrente777|biker-gen4|\n|teamsize|p1|6\n|teamsize|p2|6\n|gen|9\n|tier|[Gen 9] National Dex Ubers\n|rule|HP Percentage Mod: HP is shown in percentages\n|rule|Endless Battle Clause: Forcing endless battles is banned\n|rule|OHKO Clause: OHKO moves are banned\n|rule|Evasion Moves Clause: Evasion moves are banned\n|rule|Evasion Items Clause: Evasion items are banned\n|rule|Species Clause: Limit one of each Pok\u00e9mon\n|rule|Sleep Clause Mod: Limit one foe put to sleep\n|rule|Mega Rayquaza Clause: You cannot mega evolve Rayquaza\n|clearpoke\n|poke|p1|Rotom-Wash|\n|poke|p1|Glimmora, M|\n|poke|p1|Landorus-Therian, M|\n|poke|p1|Heatran, M|\n|poke|p1|Gholdengo|\n|poke|p1|Salamence, M|\n|poke|p2|Gogoat, F|\n|poke|p2|Blaziken, F|\n|poke|p2|Slaking, M|\n|poke|p2|Honchkrow, M|\n|poke|p2|Vespiquen, F|\n|poke|p2|Entei|\n|teampreview\n|inactive|Battle timer is ON: inactive players will automatically lose when time's up. (requested by MrLukis)\n|c|\u2606MrLukis|cabri\u00f1a\n|c|\u2606Torrente777|q\n|c|\u2606Torrente777|me puso este equipo as\u00ed de random\n|c|\u2606MrLukis|yo no me quejaria\n|inactive|Torrente777 has 270 seconds left.\n|c|\u2606MrLukis|hay una cabri\u00f1a\n|\n|t:|1701191660\n|start\n|switch|p1a: Glimmora|Glimmora, M|100\/100\n|switch|p2a: Barriga cervezera|Slaking, M|100\/100\n|turn|1\n|\n|t:|1701191667\n|move|p1a: Glimmora|Spiky Shield|p1a: Glimmora\n|-singleturn|p1a: Glimmora|move: Protect\n|move|p2a: Barriga cervezera|Earthquake|p1a: Glimmora\n|-activate|p1a: Glimmora|move: Protect\n|\n|upkeep\n|turn|2\n|\n|t:|1701191681\n|cant|p2a: Barriga cervezera|ability: Truant\n|move|p1a: Glimmora|Spikes|p2a: Barriga cervezera\n|-sidestart|p2: Torrente777|Spikes\n|\n|upkeep\n|turn|3\n|inactive|Torrente777 has 270 seconds left.\n|\n|t:|1701191720\n|switch|p2a: Espa\u00f1ol|Entei|100\/100\n|move|p1a: Glimmora|Spiky Shield||[still]\n|-fail|p1a: Glimmora\n|\n|upkeep\n|turn|4\n|inactive|Torrente777 has 270 seconds left.\n|c|\u2606MrLukis|llevas botas\n|\n|t:|1701191735\n|move|p1a: Glimmora|Earth Power|p2a: Espa\u00f1ol\n|-supereffective|p2a: Espa\u00f1ol\n|-damage|p2a: Espa\u00f1ol|41\/100\n|move|p2a: Espa\u00f1ol|Curse|p2a: Espa\u00f1ol\n|-unboost|p2a: Espa\u00f1ol|spe|1\n|-boost|p2a: Espa\u00f1ol|atk|1\n|-boost|p2a: Espa\u00f1ol|def|1\n|\n|upkeep\n|turn|5\n|c|\u2606Torrente777|drip entei\n|inactive|Torrente777 has 270 seconds left.\n|\n|t:|1701191746\n|move|p1a: Glimmora|Earth Power|p2a: Espa\u00f1ol\n|-supereffective|p2a: Espa\u00f1ol\n|-damage|p2a: Espa\u00f1ol|0 fnt\n|faint|p2a: Espa\u00f1ol\n|\n|upkeep\n|c|\u2606MrLukis|rip* entei\n|inactive|Torrente777 has 270 seconds left.\n|c|\u2606MrLukis|perdon chiste malo\n|\n|t:|1701191757\n|switch|p2a: Despertador|Blaziken, F|100\/100\n|-damage|p2a: Despertador|88\/100|[from] Spikes\n|turn|6\n|c|\u2606MrLukis|tenia que decirlo\n|\n|t:|1701191761\n|move|p1a: Glimmora|Spikes|p2a: Despertador\n|-sidestart|p2: Torrente777|Spikes\n|move|p2a: Despertador|Swords Dance|p2a: Despertador\n|-boost|p2a: Despertador|atk|2\n|\n|-ability|p2a: Despertador|Speed Boost|boost\n|-boost|p2a: Despertador|spe|1\n|upkeep\n|turn|7\n|\n|t:|1701191770\n|move|p2a: Despertador|Low Kick|p1a: Glimmora\n|-damage|p1a: Glimmora|28\/100\n|-activate|p1a: Glimmora|ability: Toxic Debris\n|-sidestart|p2: Torrente777|move: Toxic Spikes\n|move|p1a: Glimmora|Earth Power|p2a: Despertador\n|-supereffective|p2a: Despertador\n|-damage|p2a: Despertador|0 fnt\n|faint|p2a: Despertador\n|\n|upkeep\n|c|\u2606MrLukis|mi m\u00e1s honesta reacci\u00f3n\n|inactive|Torrente777 has 270 seconds left.\n|\n|t:|1701191786\n|switch|p2a: Edgy|Honchkrow, M|100\/100\n|turn|8\n|\n|t:|1701191802\n|move|p1a: Glimmora|Spiky Shield|p1a: Glimmora\n|-singleturn|p1a: Glimmora|move: Protect\n|move|p2a: Edgy|Defog|p1a: Glimmora\n|-activate|p1a: Glimmora|move: Protect\n|\n|upkeep\n|turn|9\n|\n|t:|1701191816\n|move|p2a: Edgy|Sucker Punch|p1a: Glimmora\n|-damage|p1a: Glimmora|0 fnt\n|-activate|p1a: Glimmora|ability: Toxic Debris\n|-sidestart|p2: Torrente777|move: Toxic Spikes\n|faint|p1a: Glimmora\n|-ability|p2a: Edgy|Moxie|boost\n|-boost|p2a: Edgy|atk|1\n|\n|upkeep\n|\n|t:|1701191821\n|switch|p1a: Rotom|Rotom-Wash|100\/100\n|turn|10\n|\n|t:|1701191826\n|move|p1a: Rotom|Will-O-Wisp|p2a: Edgy\n|-status|p2a: Edgy|brn\n|move|p2a: Edgy|Drill Peck|p1a: Rotom\n|-resisted|p1a: Rotom\n|-damage|p1a: Rotom|81\/100\n|\n|-heal|p1a: Rotom|87\/100|[from] item: Leftovers\n|-damage|p2a: Edgy|94\/100 brn|[from] brn\n|upkeep\n|turn|11\n|\n|t:|1701191835\n|move|p2a: Edgy|Sucker Punch|p1a: Rotom\n|-damage|p1a: Rotom|49\/100\n|move|p1a: Rotom|Volt Switch|p2a: Edgy\n|-supereffective|p2a: Edgy\n|-damage|p2a: Edgy|0 fnt\n|faint|p2a: Edgy\n|\n|t:|1701191841\n|switch|p1a: Landorus|Landorus-Therian, M|100\/100|[from] Volt Switch\n|\n|upkeep\n|\n|t:|1701191846\n|switch|p2a: Barriga cervezera|Slaking, M|100\/100\n|-damage|p2a: Barriga cervezera|84\/100|[from] Spikes\n|-status|p2a: Barriga cervezera|tox\n|turn|12\n|c|\u2606Torrente777|hice defog\n|c|\u2606Torrente777|pero bueno\n|\n|t:|1701191857\n|move|p2a: Barriga cervezera|Ice Punch|p1a: Landorus\n|-supereffective|p1a: Landorus\n|-damage|p1a: Landorus|9\/100\n|-damage|p2a: Barriga cervezera|67\/100 tox|[from] item: Rocky Helmet|[of] p1a: Landorus\n|move|p1a: Landorus|U-turn|p2a: Barriga cervezera\n|-damage|p2a: Barriga cervezera|50\/100 tox\n|-enditem|p2a: Barriga cervezera|Eject Button\n|\n|t:|1701191865\n|switch|p2a: Abeja|Vespiquen, F|100\/100\n|-ability|p2a: Abeja|Pressure\n|\n|upkeep\n|turn|13\n|c|\u2606MrLukis|cuando me mataste libere todas las psikes\n|c|\u2606MrLukis|spikes\n|\n|t:|1701191885\n|move|p1a: Landorus|Stealth Rock|p2a: Abeja\n|-sidestart|p2: Torrente777|move: Stealth Rock\n|move|p2a: Abeja|Bug Buzz|p1a: Landorus\n|-resisted|p1a: Landorus\n|-damage|p1a: Landorus|0 fnt\n|faint|p1a: Landorus\n|\n|upkeep\n|\n|t:|1701191890\n|switch|p1a: Rotom|Rotom-Wash|49\/100\n|turn|14\n|\n|t:|1701191894\n|move|p1a: Rotom|Volt Switch|p2a: Abeja\n|-supereffective|p2a: Abeja\n|-damage|p2a: Abeja|33\/100\n|\n|t:|1701191897\n|switch|p1a: Heatran|Heatran, M|100\/100|[from] Volt Switch\n|move|p2a: Abeja|Toxic|p1a: Heatran\n|-immune|p1a: Heatran\n|\n|-heal|p2a: Abeja|40\/100|[from] item: Leftovers\n|upkeep\n|turn|15\n|\n|t:|1701191906\n|move|p1a: Heatran|Eruption|p2a: Abeja\n|-supereffective|p2a: Abeja\n|-damage|p2a: Abeja|0 fnt\n|faint|p2a: Abeja\n|\n|upkeep\n|\n|t:|1701191913\n|switch|p2a: Barriga cervezera|Slaking, M|50\/100 tox\n|-damage|p2a: Barriga cervezera|34\/100 tox|[from] Spikes\n|-damage|p2a: Barriga cervezera|21\/100 tox|[from] Stealth Rock\n|turn|16\n|\n|t:|1701191919\n|move|p1a: Heatran|Protect|p1a: Heatran\n|-singleturn|p1a: Heatran|Protect\n|move|p2a: Barriga cervezera|Earthquake|p1a: Heatran\n|-activate|p1a: Heatran|move: Protect\n|\n|-damage|p2a: Barriga cervezera|15\/100 tox|[from] psn\n|upkeep\n|turn|17\n|\n|t:|1701191928\n|cant|p2a: Barriga cervezera|ability: Truant\n|move|p1a: Heatran|Eruption|p2a: Barriga cervezera\n|-damage|p2a: Barriga cervezera|0 fnt\n|faint|p2a: Barriga cervezera\n|\n|upkeep\n|\n|t:|1701191933\n|switch|p2a: Cabri\u00f1a|Gogoat, F, shiny|100\/100\n|-damage|p2a: Cabri\u00f1a|84\/100|[from] Spikes\n|-status|p2a: Cabri\u00f1a|tox\n|-damage|p2a: Cabri\u00f1a|72\/100 tox|[from] Stealth Rock\n|turn|18\n|c|\u2606Torrente777|aunque pierda\n|c|\u2606MrLukis|y ahora mismo podria usar erupcion con heatran y acabar el combate\n|c|\u2606MrLukis|pero\n|c|\u2606Torrente777|no me amtes\n|c|\u2606MrLukis|como no me dio risa los mierdi pokemon del monotype electrico\n|c|\u2606Torrente777|mates\n|inactive|MrLukis has 270 seconds left.\n|c|\u2606Torrente777|contempla algo\n|\n|t:|1701191966\n|switch|p1a: Salamence|Salamence, M|100\/100\n|-ability|p1a: Salamence|Intimidate|boost\n|-unboost|p2a: Cabri\u00f1a|atk|1\n|move|p2a: Cabri\u00f1a|Surf|p1a: Salamence\n|-resisted|p1a: Salamence\n|-damage|p1a: Salamence|89\/100\n|\n|-heal|p2a: Cabri\u00f1a|78\/100 tox|[from] item: Leftovers\n|-damage|p2a: Cabri\u00f1a|72\/100 tox|[from] psn\n|upkeep\n|turn|19\n|c|\u2606Torrente777|solo quiero ver a la cabri\u00f1a surfeadora\n|c|\u2606Torrente777|listo\n|c|\u2606Torrente777|ya puedo morir tranquilo\n|c|\u2606MrLukis|voy a darte\n|\n|t:|1701191981\n|detailschange|p1a: Salamence|Salamence-Mega, M\n|-mega|p1a: Salamence|Salamence|Salamencite\n|move|p1a: Salamence|Dragon Dance|p1a: Salamence\n|-boost|p1a: Salamence|atk|1\n|-boost|p1a: Salamence|spe|1\n|move|p2a: Cabri\u00f1a|Surf|p1a: Salamence\n|-resisted|p1a: Salamence\n|-damage|p1a: Salamence|78\/100\n|\n|-heal|p2a: Cabri\u00f1a|78\/100 tox|[from] item: Leftovers\n|-damage|p2a: Cabri\u00f1a|65\/100 tox|[from] psn\n|upkeep\n|turn|20\n|c|\u2606MrLukis|el mega salamence treatment\n|c|\u2606Torrente777|solo quiero ver a la cabri\u00f1a surfeadora x2\n|\n|t:|1701191991\n|move|p1a: Salamence|Roost|p1a: Salamence\n|-heal|p1a: Salamence|100\/100\n|-singleturn|p1a: Salamence|move: Roost\n|move|p2a: Cabri\u00f1a|Surf|p1a: Salamence\n|-resisted|p1a: Salamence\n|-damage|p1a: Salamence|90\/100\n|\n|-heal|p2a: Cabri\u00f1a|72\/100 tox|[from] item: Leftovers\n|-damage|p2a: Cabri\u00f1a|53\/100 tox|[from] psn\n|upkeep\n|turn|21\n|c|\u2606Torrente777|solo quiero ver a la cabri\u00f1a surfeadora x3\n|\n|t:|1701192005\n|move|p1a: Salamence|Double-Edge|p2a: Cabri\u00f1a\n|-supereffective|p2a: Cabri\u00f1a\n|-damage|p2a: Cabri\u00f1a|0 fnt\n|faint|p2a: Cabri\u00f1a\n|-damage|p1a: Salamence|70\/100|[from] Recoil\n|\n|win|MrLukis\n|c|\u2606Torrente777|\u00e9pico\n|c|\u2606MrLukis|mega pinsir es como un mega salamence en miniatura\n|c|\u2606Torrente777|true\n|c|\u2606Torrente777|y q a nadie le gusta\n|l|\u2606Torrente777\n|c|\u2606MrLukis|a mi s\u00ed\n","uploadtime":1701192032,"views":2,"p1id":"mrlukis","p2id":"torrente777","formatid":"gen9nationaldexubers","rating":0,"private":0,"password":""}