{"id":"gen9nationaldexubers-1982032228","p1":"NaoSouORavi","p2":"FabioGames69","format":"[Gen 9] National Dex Ubers","log":"|j|\u2606NaoSouORavi\n|j|\u2606FabioGames69\n|t:|1698961295\n|gametype|singles\n|player|p1|NaoSouORavi|roxie|\n|player|p2|FabioGames69|biker|\n|teamsize|p1|6\n|teamsize|p2|6\n|gen|9\n|tier|[Gen 9] National Dex Ubers\n|rule|HP Percentage Mod: HP is shown in percentages\n|rule|Endless Battle Clause: Forcing endless battles is banned\n|rule|OHKO Clause: OHKO moves are banned\n|rule|Evasion Moves Clause: Evasion moves are banned\n|rule|Evasion Items Clause: Evasion items are banned\n|rule|Species Clause: Limit one of each Pok\u00e9mon\n|rule|Sleep Clause Mod: Limit one foe put to sleep\n|rule|Mega Rayquaza Clause: You cannot mega evolve Rayquaza\n|clearpoke\n|poke|p1|Oricorio-Pom-Pom, F|\n|poke|p1|Frosmoth, F|\n|poke|p1|Roserade, F|\n|poke|p1|Leavanny, F|\n|poke|p1|Mienshao, M|\n|poke|p1|Mawile, F|\n|poke|p2|Alakazam, M|\n|poke|p2|Lapras, M|\n|poke|p2|Smeargle, M|\n|poke|p2|Palossand, M|\n|poke|p2|Falinks|\n|poke|p2|Xatu, F|\n|teampreview\n|\n|t:|1698961307\n|start\n|switch|p1a: Roserade|Roserade, F, shiny|100\/100\n|switch|p2a: D. Pedro II|Alakazam, M|100\/100\n|turn|1\n|\n|t:|1698961322\n|detailschange|p2a: D. Pedro II|Alakazam-Mega, M\n|-mega|p2a: D. Pedro II|Alakazam|Alakazite\n|-ability|p2a: D. Pedro II|Poison Point|[from] ability: Trace|[of] p1a: Roserade\n|move|p2a: D. Pedro II|Calm Mind|p2a: D. Pedro II\n|-boost|p2a: D. Pedro II|spa|1\n|-boost|p2a: D. Pedro II|spd|1\n|move|p1a: Roserade|Power Whip|p2a: D. Pedro II\n|-damage|p2a: D. Pedro II|52\/100\n|\n|upkeep\n|turn|2\n|\n|t:|1698961338\n|move|p2a: D. Pedro II|Light Screen|p2a: D. Pedro II\n|-sidestart|p2: FabioGames69|move: Light Screen\n|move|p1a: Roserade|Power Whip|p2a: D. Pedro II\n|-damage|p2a: D. Pedro II|4\/100\n|\n|upkeep\n|turn|3\n|\n|t:|1698961347\n|move|p2a: D. Pedro II|Recover|p2a: D. Pedro II\n|-heal|p2a: D. Pedro II|54\/100\n|move|p1a: Roserade|Aromatherapy||[still]\n|-activate|p1a: Roserade|move: Aromatherapy\n|-fail|p1a: Roserade\n|\n|upkeep\n|turn|4\n|\n|t:|1698961360\n|move|p2a: D. Pedro II|Psychic|p1a: Roserade\n|-supereffective|p1a: Roserade\n|-damage|p1a: Roserade|0 fnt\n|faint|p1a: Roserade\n|\n|upkeep\n|c|\u2606NaoSouORavi|NAOOOAOAOA\n|c|\u2606NaoSouORavi|Agora voc\u00ea vai perder \ud83d\ude21\ud83d\ude21\ud83d\ude21\ud83d\ude21\ud83d\ude08\ud83d\ude08\ud83d\ude08\ud83d\ude08\n|c|\u2606FabioGames69|hhahaha nubi\n|\n|t:|1698961399\n|switch|p1a: Mawile|Mawile, F, shiny|100\/100\n|-ability|p1a: Mawile|Intimidate|boost\n|-unboost|p2a: D. Pedro II|atk|1\n|turn|5\n|\n|t:|1698961413\n|detailschange|p1a: Mawile|Mawile-Mega, F, shiny\n|-mega|p1a: Mawile|Mawile|Mawilite\n|move|p2a: D. Pedro II|Psychic|p1a: Mawile\n|-resisted|p1a: Mawile\n|-damage|p1a: Mawile|53\/100\n|move|p1a: Mawile|Stone Edge|p2a: D. Pedro II\n|-damage|p2a: D. Pedro II|0 fnt\n|faint|p2a: D. Pedro II\n|\n|upkeep\n|\n|t:|1698961426\n|switch|p2a: Os Portugueses|Falinks, shiny|100\/100\n|turn|6\n|\n|t:|1698961437\n|move|p2a: Os Portugueses|First Impression|p1a: Mawile\n|-resisted|p1a: Mawile\n|-damage|p1a: Mawile|47\/100\n|move|p1a: Mawile|Iron Defense|p1a: Mawile\n|-boost|p1a: Mawile|def|2\n|\n|-sideend|p2: FabioGames69|move: Light Screen\n|upkeep\n|turn|7\n|\n|t:|1698961459\n|move|p2a: Os Portugueses|Reversal|p1a: Mawile\n|-damage|p1a: Mawile|42\/100\n|move|p1a: Mawile|Play Rough|p2a: Os Portugueses\n|-supereffective|p2a: Os Portugueses\n|-enditem|p2a: Os Portugueses|Focus Sash\n|-damage|p2a: Os Portugueses|1\/100\n|\n|upkeep\n|turn|8\n|\n|t:|1698961473\n|move|p2a: Os Portugueses|Reversal|p1a: Mawile\n|-damage|p1a: Mawile|0 fnt\n|faint|p1a: Mawile\n|\n|upkeep\n|\n|t:|1698961480\n|switch|p1a: Leavanny|Leavanny, F|100\/100\n|turn|9\n|\n|t:|1698961487\n|move|p2a: Os Portugueses|First Impression||[still]\n|-hint|First Impression only works on your first turn out.\n|-fail|p2a: Os Portugueses\n|move|p1a: Leavanny|Lunge|p2a: Os Portugueses\n|-resisted|p2a: Os Portugueses\n|-damage|p2a: Os Portugueses|0 fnt\n|faint|p2a: Os Portugueses\n|\n|upkeep\n|\n|t:|1698961502\n|switch|p2a: indio|Xatu, F|100\/100\n|turn|10\n|\n|t:|1698961510\n|move|p1a: Leavanny|Lunge|p2a: indio\n|-damage|p2a: indio|62\/100\n|-unboost|p2a: indio|atk|1\n|move|p2a: indio|Calm Mind|p2a: indio\n|-boost|p2a: indio|spa|1\n|-boost|p2a: indio|spd|1\n|\n|upkeep\n|turn|11\n|\n|t:|1698961521\n|move|p1a: Leavanny|Leaf Blade|p2a: indio\n|-resisted|p2a: indio\n|-damage|p2a: indio|37\/100\n|move|p2a: indio|Drill Peck|p1a: Leavanny\n|-supereffective|p1a: Leavanny\n|-damage|p1a: Leavanny|30\/100\n|\n|upkeep\n|turn|12\n|\n|t:|1698961530\n|move|p1a: Leavanny|Lunge|p2a: indio\n|-damage|p2a: indio|0 fnt\n|faint|p2a: indio\n|\n|upkeep\n|\n|t:|1698961538\n|switch|p2a: Castelo Branco|Palossand, M|100\/100\n|turn|13\n|\n|t:|1698961557\n|move|p1a: Leavanny|Poison Jab|p2a: Castelo Branco\n|-resisted|p2a: Castelo Branco\n|-damage|p2a: Castelo Branco|97\/100\n|-status|p2a: Castelo Branco|psn\n|move|p2a: Castelo Branco|Flash Cannon|p1a: Leavanny\n|-damage|p1a: Leavanny|1\/100\n|-enditem|p1a: Leavanny|Aguav Berry|[eat]\n|-heal|p1a: Leavanny|34\/100|[from] item: Aguav Berry\n|\n|-heal|p2a: Castelo Branco|100\/100 psn|[from] item: Leftovers\n|-damage|p2a: Castelo Branco|88\/100 psn|[from] psn\n|upkeep\n|turn|14\n|\n|t:|1698961574\n|move|p1a: Leavanny|Poison Jab|p2a: Castelo Branco\n|-resisted|p2a: Castelo Branco\n|-damage|p2a: Castelo Branco|84\/100 psn\n|move|p2a: Castelo Branco|Night Shade|p1a: Leavanny\n|-damage|p1a: Leavanny|2\/100\n|\n|-heal|p2a: Castelo Branco|90\/100 psn|[from] item: Leftovers\n|-damage|p2a: Castelo Branco|78\/100 psn|[from] psn\n|upkeep\n|turn|15\n|\n|t:|1698961585\n|move|p1a: Leavanny|Poison Jab|p2a: Castelo Branco\n|-resisted|p2a: Castelo Branco\n|-damage|p2a: Castelo Branco|74\/100 psn\n|move|p2a: Castelo Branco|Flash Cannon|p1a: Leavanny\n|-damage|p1a: Leavanny|0 fnt\n|faint|p1a: Leavanny\n|\n|-heal|p2a: Castelo Branco|80\/100 psn|[from] item: Leftovers\n|-damage|p2a: Castelo Branco|68\/100 psn|[from] psn\n|upkeep\n|\n|t:|1698961603\n|switch|p1a: Frosmoth|Frosmoth, F|100\/100\n|turn|16\n|\n|t:|1698961614\n|move|p1a: Frosmoth|Quiver Dance|p1a: Frosmoth\n|-boost|p1a: Frosmoth|spa|1\n|-boost|p1a: Frosmoth|spd|1\n|-boost|p1a: Frosmoth|spe|1\n|move|p2a: Castelo Branco|Flash Cannon|p1a: Frosmoth\n|-supereffective|p1a: Frosmoth\n|-damage|p1a: Frosmoth|84\/100\n|\n|-heal|p2a: Castelo Branco|74\/100 psn|[from] item: Leftovers\n|-damage|p2a: Castelo Branco|61\/100 psn|[from] psn\n|upkeep\n|turn|17\n|\n|t:|1698961626\n|move|p1a: Frosmoth|Ice Beam|p2a: Castelo Branco\n|-supereffective|p2a: Castelo Branco\n|-damage|p2a: Castelo Branco|0 fnt\n|faint|p2a: Castelo Branco\n|\n|upkeep\n|\n|t:|1698961635\n|switch|p2a: leonardo da vinci|Smeargle, M|100\/100\n|turn|18\n|\n|t:|1698961643\n|move|p1a: Frosmoth|Light Screen|p1a: Frosmoth\n|-sidestart|p1: NaoSouORavi|move: Light Screen\n|move|p2a: leonardo da vinci|Spore|p1a: Frosmoth\n|-status|p1a: Frosmoth|slp|[from] move: Spore\n|\n|upkeep\n|turn|19\n|\n|t:|1698961656\n|cant|p1a: Frosmoth|slp\n|move|p2a: leonardo da vinci|Belly Drum|p2a: leonardo da vinci\n|-damage|p2a: leonardo da vinci|50\/100\n|-setboost|p2a: leonardo da vinci|atk|6|[from] move: Belly Drum\n|\n|upkeep\n|turn|20\n|\n|t:|1698961668\n|-curestatus|p1a: Frosmoth|slp|[msg]\n|move|p1a: Frosmoth|Light Screen||[still]\n|-fail|p1a: Frosmoth\n|move|p2a: leonardo da vinci|Drain Punch|p1a: Frosmoth\n|-damage|p1a: Frosmoth|35\/100\n|-heal|p2a: leonardo da vinci|78\/100|[from] drain|[of] p1a: Frosmoth\n|\n|upkeep\n|turn|21\n|\n|t:|1698961686\n|move|p1a: Frosmoth|Light Screen||[still]\n|-fail|p1a: Frosmoth\n|move|p2a: leonardo da vinci|Drain Punch|p1a: Frosmoth\n|-damage|p1a: Frosmoth|0 fnt\n|-heal|p2a: leonardo da vinci|96\/100|[from] drain|[of] p1a: Frosmoth\n|faint|p1a: Frosmoth\n|\n|upkeep\n|\n|t:|1698961694\n|switch|p1a: Mienshao|Mienshao, M|100\/100\n|turn|22\n|\n|t:|1698961703\n|move|p1a: Mienshao|High Jump Kick|p2a: leonardo da vinci\n|-supereffective|p2a: leonardo da vinci\n|-damage|p2a: leonardo da vinci|0 fnt\n|faint|p2a: leonardo da vinci\n|\n|-sideend|p1: NaoSouORavi|move: Light Screen\n|upkeep\n|\n|t:|1698961711\n|switch|p2a: Caravela|Lapras, M|100\/100\n|turn|23\n|\n|t:|1698961726\n|move|p1a: Mienshao|Power-Up Punch|p2a: Caravela\n|-supereffective|p2a: Caravela\n|-damage|p2a: Caravela|65\/100\n|-boost|p1a: Mienshao|atk|1\n|move|p2a: Caravela|Body Press|p1a: Mienshao\n|-damage|p1a: Mienshao|73\/100\n|\n|-heal|p2a: Caravela|71\/100|[from] item: Leftovers\n|upkeep\n|turn|24\n|\n|t:|1698961739\n|move|p1a: Mienshao|Fake Out||[still]\n|-hint|Fake Out only works on your first turn out.\n|-fail|p1a: Mienshao\n|move|p2a: Caravela|Megahorn|p1a: Mienshao\n|-resisted|p1a: Mienshao\n|-damage|p1a: Mienshao|51\/100\n|\n|-heal|p2a: Caravela|77\/100|[from] item: Leftovers\n|upkeep\n|turn|25\n|\n|t:|1698961753\n|move|p1a: Mienshao|Reversal|p2a: Caravela\n|-supereffective|p2a: Caravela\n|-damage|p2a: Caravela|25\/100\n|move|p2a: Caravela|Liquidation|p1a: Mienshao\n|-damage|p1a: Mienshao|5\/100\n|\n|-heal|p2a: Caravela|31\/100|[from] item: Leftovers\n|upkeep\n|turn|26\n|\n|t:|1698961763\n|move|p1a: Mienshao|Fake Out||[still]\n|-hint|Fake Out only works on your first turn out.\n|-fail|p1a: Mienshao\n|move|p2a: Caravela|Body Press|p1a: Mienshao\n|-damage|p1a: Mienshao|0 fnt\n|faint|p1a: Mienshao\n|\n|-heal|p2a: Caravela|37\/100|[from] item: Leftovers\n|upkeep\n|\n|t:|1698961774\n|switch|p1a: Oricorio|Oricorio-Pom-Pom, F|100\/100\n|turn|27\n|\n|t:|1698961785\n|move|p1a: Oricorio|Quiver Dance|p1a: Oricorio\n|-boost|p1a: Oricorio|spa|1\n|-boost|p1a: Oricorio|spd|1\n|-boost|p1a: Oricorio|spe|1\n|move|p2a: Caravela|Dragon Dance|p2a: Caravela\n|-boost|p2a: Caravela|atk|1\n|-boost|p2a: Caravela|spe|1\n|-activate|p1a: Oricorio|ability: Dancer\n|move|p1a: Oricorio|Dragon Dance|p1a: Oricorio|[from]ability: Dancer\n|-boost|p1a: Oricorio|atk|1\n|-boost|p1a: Oricorio|spe|1\n|\n|-heal|p2a: Caravela|43\/100|[from] item: Leftovers\n|upkeep\n|turn|28\n|\n|t:|1698961804\n|move|p1a: Oricorio|Roost||[still]\n|-fail|p1a: Oricorio|heal\n|move|p2a: Caravela|Liquidation|p1a: Oricorio\n|-damage|p1a: Oricorio|42\/100\n|\n|-heal|p1a: Oricorio|48\/100|[from] item: Leftovers\n|-heal|p2a: Caravela|50\/100|[from] item: Leftovers\n|upkeep\n|turn|29\n|\n|t:|1698961823\n|move|p1a: Oricorio|Quiver Dance|p1a: Oricorio\n|-boost|p1a: Oricorio|spa|1\n|-boost|p1a: Oricorio|spd|1\n|-boost|p1a: Oricorio|spe|1\n|move|p2a: Caravela|Liquidation|p1a: Oricorio\n|-damage|p1a: Oricorio|0 fnt\n|faint|p1a: Oricorio\n|\n|win|FabioGames69\n|l|\u2606FabioGames69\n|j|\u2606FabioGames69\n|player|p2|FabioGames69|biker\n","uploadtime":1698962095,"views":8,"p1id":"naosouoravi","p2id":"fabiogames69","formatid":"gen9nationaldexubers","rating":0,"private":0,"password":""}