{"id":"gen9nationaldexubers-1983639965","p1":"herobrinennn","p2":"HelhiemFiend","format":"[Gen 9] National Dex Ubers","log":"|j|\u2606herobrinennn\n|j|\u2606HelhiemFiend\n|t:|1699152676\n|gametype|singles\n|player|p1|herobrinennn|swimmer-gen4dp|1197\n|player|p2|HelhiemFiend|169|1243\n|teamsize|p1|6\n|teamsize|p2|6\n|gen|9\n|tier|[Gen 9] National Dex Ubers\n|rated|\n|rule|HP Percentage Mod: HP is shown in percentages\n|rule|Endless Battle Clause: Forcing endless battles is banned\n|rule|OHKO Clause: OHKO moves are banned\n|rule|Evasion Moves Clause: Evasion moves are banned\n|rule|Evasion Items Clause: Evasion items are banned\n|rule|Species Clause: Limit one of each Pok\u00e9mon\n|rule|Sleep Clause Mod: Limit one foe put to sleep\n|rule|Mega Rayquaza Clause: You cannot mega evolve Rayquaza\n|clearpoke\n|poke|p1|Landorus-Therian, M|\n|poke|p1|Toxapex, M|\n|poke|p1|Lucario, F|\n|poke|p1|Greninja-*, F|\n|poke|p1|Ferrothorn, F|\n|poke|p1|Dragapult, M|\n|poke|p2|Zacian-*|\n|poke|p2|Galvantula, F|\n|poke|p2|Ninetales-Alola, F|\n|poke|p2|Dracovish|\n|poke|p2|Toxapex, M|\n|poke|p2|Cinderace, M|\n|teampreview\n|inactive|Battle timer is ON: inactive players will automatically lose when time's up. (requested by HelhiemFiend)\n|\n|t:|1699152685\n|start\n|switch|p1a: Lucario|Lucario, F|100\/100\n|switch|p2a: Spyder|Galvantula, F|100\/100\n|turn|1\n|\n|t:|1699152693\n|detailschange|p1a: Lucario|Lucario-Mega, F\n|-mega|p1a: Lucario|Lucario|Lucarionite\n|move|p1a: Lucario|Swords Dance|p1a: Lucario\n|-boost|p1a: Lucario|atk|2\n|move|p2a: Spyder|Thunder Wave|p1a: Lucario\n|-status|p1a: Lucario|par\n|\n|upkeep\n|turn|2\n|\n|t:|1699152702\n|move|p2a: Spyder|Sticky Web|p1a: Lucario\n|-sidestart|p1: herobrinennn|move: Sticky Web\n|move|p1a: Lucario|Swords Dance|p1a: Lucario\n|-boost|p1a: Lucario|atk|2\n|\n|upkeep\n|turn|3\n|\n|t:|1699152708\n|move|p2a: Spyder|Thunder|p1a: Lucario\n|-damage|p1a: Lucario|20\/100 par\n|move|p1a: Lucario|Swords Dance|p1a: Lucario\n|-boost|p1a: Lucario|atk|2\n|\n|upkeep\n|turn|4\n|\n|t:|1699152717\n|move|p1a: Lucario|Extreme Speed|p2a: Spyder\n|-enditem|p2a: Spyder|Focus Sash\n|-damage|p2a: Spyder|1\/100\n|move|p2a: Spyder|Thunder|p1a: Lucario\n|-damage|p1a: Lucario|0 fnt\n|faint|p1a: Lucario\n|\n|upkeep\n|\n|t:|1699152729\n|switch|p1a: Ferrothorn|Ferrothorn, F|100\/100\n|-activate|p1a: Ferrothorn|move: Sticky Web\n|-unboost|p1a: Ferrothorn|spe|1\n|turn|5\n|\n|t:|1699152736\n|move|p2a: Spyder|Thunder|p1a: Ferrothorn\n|-resisted|p1a: Ferrothorn\n|-damage|p1a: Ferrothorn|87\/100\n|move|p1a: Ferrothorn|Stealth Rock|p2a: Spyder\n|-sidestart|p2: HelhiemFiend|move: Stealth Rock\n|\n|-heal|p1a: Ferrothorn|93\/100|[from] item: Leftovers\n|upkeep\n|turn|6\n|\n|t:|1699152745\n|move|p2a: Spyder|Thunder Wave|p1a: Ferrothorn\n|-status|p1a: Ferrothorn|par\n|move|p1a: Ferrothorn|Leech Seed|p2a: Spyder\n|-start|p2a: Spyder|move: Leech Seed\n|\n|-heal|p1a: Ferrothorn|99\/100 par|[from] item: Leftovers\n|-damage|p2a: Spyder|0 fnt|[from] Leech Seed|[of] p1a: Ferrothorn\n|-heal|p1a: Ferrothorn|99\/100 par|[silent]\n|faint|p2a: Spyder\n|upkeep\n|\n|t:|1699152751\n|switch|p2a: Based|Cinderace, M|100\/100\n|-damage|p2a: Based|76\/100|[from] Stealth Rock\n|turn|7\n|\n|t:|1699152763\n|switch|p1a: Landorus|Landorus-Therian, M|100\/100\n|-ability|p1a: Landorus|Intimidate|boost\n|-unboost|p2a: Based|atk|1\n|move|p2a: Based|Pyro Ball|p1a: Landorus\n|-damage|p1a: Landorus|53\/100\n|\n|upkeep\n|turn|8\n|\n|t:|1699152773\n|switch|p2a: Cringe|Toxapex, M|100\/100\n|-damage|p2a: Cringe|88\/100|[from] Stealth Rock\n|move|p1a: Landorus|Earthquake|p2a: Cringe\n|-supereffective|p2a: Cringe\n|-damage|p2a: Cringe|17\/100\n|\n|upkeep\n|turn|9\n|\n|t:|1699152783\n|move|p2a: Cringe|Baneful Bunker|p2a: Cringe\n|-singleturn|p2a: Cringe|move: Protect\n|move|p1a: Landorus|Earthquake|p2a: Cringe\n|-activate|p2a: Cringe|move: Protect\n|\n|upkeep\n|turn|10\n|\n|t:|1699152790\n|move|p1a: Landorus|Earthquake|p2a: Cringe\n|-supereffective|p2a: Cringe\n|-crit|p2a: Cringe\n|-damage|p2a: Cringe|0 fnt\n|faint|p2a: Cringe\n|\n|upkeep\n|\n|t:|1699152795\n|switch|p2a: Furry|Ninetales-Alola, F|100\/100\n|-damage|p2a: Furry|76\/100|[from] Stealth Rock\n|-weather|Snow|[from] ability: Snow Warning|[of] p2a: Furry\n|turn|11\n|\n|t:|1699152805\n|switch|p1a: Ferrothorn|Ferrothorn, F|99\/100 par\n|-activate|p1a: Ferrothorn|move: Sticky Web\n|-unboost|p1a: Ferrothorn|spe|1\n|move|p2a: Furry|Aurora Veil|p2a: Furry\n|-sidestart|p2: HelhiemFiend|move: Aurora Veil\n|\n|-weather|Snow|[upkeep]\n|-heal|p1a: Ferrothorn|100\/100 par|[from] item: Leftovers\n|upkeep\n|turn|12\n|\n|t:|1699152816\n|switch|p2a: Based|Cinderace, M|76\/100\n|-damage|p2a: Based|51\/100|[from] Stealth Rock\n|cant|p1a: Ferrothorn|par\n|\n|-weather|Snow|[upkeep]\n|upkeep\n|turn|13\n|\n|t:|1699152825\n|switch|p1a: Toxapex|Toxapex, M|100\/100\n|-activate|p1a: Toxapex|move: Sticky Web\n|-unboost|p1a: Toxapex|spe|1\n|move|p2a: Based|Pyro Ball|p1a: Toxapex\n|-resisted|p1a: Toxapex\n|-damage|p1a: Toxapex|84\/100\n|-status|p1a: Toxapex|brn\n|\n|-weather|Snow|[upkeep]\n|-heal|p1a: Toxapex|91\/100 brn|[from] item: Black Sludge\n|-damage|p1a: Toxapex|84\/100 brn|[from] brn\n|upkeep\n|turn|14\n|\n|t:|1699152839\n|switch|p2a: Furry|Ninetales-Alola, F|76\/100\n|-damage|p2a: Furry|51\/100|[from] Stealth Rock\n|move|p1a: Toxapex|Scald|p2a: Furry\n|-damage|p2a: Furry|41\/100\n|-status|p2a: Furry|brn\n|\n|-weather|Snow|[upkeep]\n|-heal|p1a: Toxapex|91\/100 brn|[from] item: Black Sludge\n|-damage|p2a: Furry|35\/100 brn|[from] brn\n|-damage|p1a: Toxapex|84\/100 brn|[from] brn\n|upkeep\n|turn|15\n|\n|t:|1699152852\n|move|p2a: Furry|Moonblast|p1a: Toxapex\n|-resisted|p1a: Toxapex\n|-damage|p1a: Toxapex|69\/100 brn\n|move|p1a: Toxapex|Toxic||[still]\n|-fail|p1a: Toxapex\n|\n|-weather|none\n|-heal|p1a: Toxapex|75\/100 brn|[from] item: Black Sludge\n|-damage|p2a: Furry|29\/100 brn|[from] brn\n|-damage|p1a: Toxapex|69\/100 brn|[from] brn\n|upkeep\n|turn|16\n|\n|t:|1699152863\n|move|p2a: Furry|Encore|p1a: Toxapex\n|-start|p1a: Toxapex|Encore\n|move|p1a: Toxapex|Toxic||[still]\n|-fail|p1a: Toxapex\n|\n|-heal|p1a: Toxapex|75\/100 brn|[from] item: Black Sludge\n|-damage|p2a: Furry|23\/100 brn|[from] brn\n|-damage|p1a: Toxapex|69\/100 brn|[from] brn\n|upkeep\n|turn|17\n|\n|t:|1699152876\n|switch|p2a: He Attac|Zacian-Crowned|100\/100\n|-damage|p2a: He Attac|94\/100|[from] Stealth Rock\n|-ability|p2a: He Attac|Intrepid Sword|boost\n|-boost|p2a: He Attac|atk|1\n|switch|p1a: Ferrothorn|Ferrothorn, F|100\/100 par\n|-activate|p1a: Ferrothorn|move: Sticky Web\n|-unboost|p1a: Ferrothorn|spe|1\n|\n|upkeep\n|turn|18\n|\n|t:|1699152889\n|move|p1a: Ferrothorn|Protect|p1a: Ferrothorn\n|-singleturn|p1a: Ferrothorn|Protect\n|move|p2a: He Attac|Sacred Sword|p1a: Ferrothorn\n|-activate|p1a: Ferrothorn|move: Protect\n|\n|-sideend|p2: HelhiemFiend|move: Aurora Veil\n|upkeep\n|turn|19\n|\n|t:|1699152901\n|switch|p1a: Toxapex|Toxapex, M|100\/100 brn\n|-activate|p1a: Toxapex|move: Sticky Web\n|-unboost|p1a: Toxapex|spe|1\n|move|p2a: He Attac|Sacred Sword|p1a: Toxapex\n|-resisted|p1a: Toxapex\n|-damage|p1a: Toxapex|84\/100 brn\n|\n|-heal|p1a: Toxapex|91\/100 brn|[from] item: Black Sludge\n|-damage|p1a: Toxapex|84\/100 brn|[from] brn\n|upkeep\n|turn|20\n|\n|t:|1699152915\n|move|p2a: He Attac|Wild Charge|p1a: Toxapex\n|-supereffective|p1a: Toxapex\n|-damage|p1a: Toxapex|24\/100 brn\n|-damage|p2a: He Attac|80\/100|[from] Recoil\n|move|p1a: Toxapex|Scald|p2a: He Attac\n|-damage|p2a: He Attac|65\/100\n|\n|-heal|p1a: Toxapex|30\/100 brn|[from] item: Black Sludge\n|-damage|p1a: Toxapex|24\/100 brn|[from] brn\n|upkeep\n|turn|21\n|\n|t:|1699152927\n|switch|p2a: Furry|Ninetales-Alola, F|23\/100 brn\n|-damage|p2a: Furry|0 fnt|[from] Stealth Rock\n|faint|p2a: Furry\n|switch|p1a: Landorus|Landorus-Therian, M|53\/100\n|\n|upkeep\n|\n|t:|1699152932\n|switch|p2a: Spain without S|Dracovish|100\/100\n|-damage|p2a: Spain without S|88\/100|[from] Stealth Rock\n|turn|22\n|\n|t:|1699152945\n|switch|p1a: Toxapex|Toxapex, M|57\/100 brn\n|-activate|p1a: Toxapex|move: Sticky Web\n|-unboost|p1a: Toxapex|spe|1\n|move|p2a: Spain without S|Fishious Rend|p1a: Toxapex\n|-resisted|p1a: Toxapex\n|-damage|p1a: Toxapex|26\/100 brn\n|\n|-heal|p1a: Toxapex|32\/100 brn|[from] item: Black Sludge\n|-damage|p1a: Toxapex|26\/100 brn|[from] brn\n|upkeep\n|turn|23\n|\n|t:|1699152959\n|move|p2a: Spain without S|Fishious Rend|p1a: Toxapex\n|-resisted|p1a: Toxapex\n|-damage|p1a: Toxapex|0 fnt\n|faint|p1a: Toxapex\n|\n|upkeep\n|\n|t:|1699152969\n|switch|p1a: Dragapult|Dragapult, M|100\/100\n|-activate|p1a: Dragapult|move: Sticky Web\n|-unboost|p1a: Dragapult|spe|1\n|turn|24\n|\n|t:|1699152981\n|switch|p1a: Ferrothorn|Ferrothorn, F|100\/100 par\n|-activate|p1a: Ferrothorn|move: Sticky Web\n|-unboost|p1a: Ferrothorn|spe|1\n|move|p2a: Spain without S|Fishious Rend|p1a: Ferrothorn\n|-resisted|p1a: Ferrothorn\n|-damage|p1a: Ferrothorn|64\/100 par\n|-damage|p2a: Spain without S|76\/100|[from] ability: Iron Barbs|[of] p1a: Ferrothorn\n|\n|-heal|p1a: Ferrothorn|71\/100 par|[from] item: Leftovers\n|upkeep\n|turn|25\n|\n|t:|1699152993\n|move|p2a: Spain without S|Fishious Rend|p1a: Ferrothorn\n|-resisted|p1a: Ferrothorn\n|-damage|p1a: Ferrothorn|30\/100 par\n|-damage|p2a: Spain without S|63\/100|[from] ability: Iron Barbs|[of] p1a: Ferrothorn\n|move|p1a: Ferrothorn|Leech Seed|p2a: Spain without S\n|-start|p2a: Spain without S|move: Leech Seed\n|\n|-heal|p1a: Ferrothorn|36\/100 par|[from] item: Leftovers\n|-damage|p2a: Spain without S|51\/100|[from] Leech Seed|[of] p1a: Ferrothorn\n|-heal|p1a: Ferrothorn|47\/100 par|[silent]\n|upkeep\n|turn|26\n|\n|t:|1699153005\n|move|p1a: Ferrothorn|Protect|p1a: Ferrothorn\n|-singleturn|p1a: Ferrothorn|Protect\n|move|p2a: Spain without S|Fishious Rend|p1a: Ferrothorn\n|-activate|p1a: Ferrothorn|move: Protect\n|\n|-heal|p1a: Ferrothorn|54\/100 par|[from] item: Leftovers\n|-damage|p2a: Spain without S|38\/100|[from] Leech Seed|[of] p1a: Ferrothorn\n|-heal|p1a: Ferrothorn|65\/100 par|[silent]\n|upkeep\n|turn|27\n|\n|t:|1699153016\n|move|p2a: Spain without S|Fishious Rend|p1a: Ferrothorn\n|-resisted|p1a: Ferrothorn\n|-crit|p1a: Ferrothorn\n|-damage|p1a: Ferrothorn|4\/100 par\n|-damage|p2a: Spain without S|26\/100|[from] ability: Iron Barbs|[of] p1a: Ferrothorn\n|move|p1a: Ferrothorn|Power Whip|p2a: Spain without S\n|-damage|p2a: Spain without S|0 fnt\n|faint|p2a: Spain without S\n|\n|-heal|p1a: Ferrothorn|10\/100 par|[from] item: Leftovers\n|upkeep\n|\n|t:|1699153023\n|switch|p2a: Based|Cinderace, M|51\/100\n|-damage|p2a: Based|26\/100|[from] Stealth Rock\n|turn|28\n|\n|t:|1699153042\n|switch|p1a: Greninja|Greninja, F|100\/100\n|-activate|p1a: Greninja|move: Sticky Web\n|-unboost|p1a: Greninja|spe|1\n|move|p2a: Based|Pyro Ball|p1a: Greninja\n|-resisted|p1a: Greninja\n|-damage|p1a: Greninja|52\/100\n|\n|upkeep\n|turn|29\n|\n|t:|1699153052\n|move|p2a: Based|High Jump Kick|p1a: Greninja\n|-start|p2a: Based|typechange|Fighting|[from] ability: Libero\n|-supereffective|p1a: Greninja\n|-damage|p1a: Greninja|0 fnt\n|faint|p1a: Greninja\n|\n|upkeep\n|\n|t:|1699153066\n|switch|p1a: Landorus|Landorus-Therian, M|53\/100\n|-ability|p1a: Landorus|Intimidate|boost\n|-unboost|p2a: Based|atk|1\n|turn|30\n|\n|t:|1699153076\n|move|p1a: Landorus|Earthquake|p2a: Based\n|-damage|p2a: Based|0 fnt\n|faint|p2a: Based\n|\n|upkeep\n|\n|t:|1699153079\n|switch|p2a: He Attac|Zacian-Crowned|65\/100\n|-damage|p2a: He Attac|59\/100|[from] Stealth Rock\n|turn|31\n|\n|t:|1699153086\n|switch|p1a: Ferrothorn|Ferrothorn, F|10\/100 par\n|-activate|p1a: Ferrothorn|move: Sticky Web\n|-unboost|p1a: Ferrothorn|spe|1\n|move|p2a: He Attac|Play Rough|p1a: Ferrothorn\n|-resisted|p1a: Ferrothorn\n|-damage|p1a: Ferrothorn|0 fnt\n|-damage|p2a: He Attac|47\/100|[from] ability: Iron Barbs|[of] p1a: Ferrothorn\n|faint|p1a: Ferrothorn\n|\n|upkeep\n|\n|t:|1699153102\n|switch|p1a: Dragapult|Dragapult, M|100\/100\n|-activate|p1a: Dragapult|move: Sticky Web\n|-unboost|p1a: Dragapult|spe|1\n|turn|32\n|\n|t:|1699153108\n|-terastallize|p1a: Dragapult|Fairy\n|move|p2a: He Attac|Play Rough|p1a: Dragapult|[miss]\n|-miss|p2a: He Attac|p1a: Dragapult\n|move|p1a: Dragapult|Fire Blast|p2a: He Attac\n|-supereffective|p2a: He Attac\n|-crit|p2a: He Attac\n|-damage|p2a: He Attac|0 fnt\n|faint|p2a: He Attac\n|\n|win|herobrinennn\n|raw|herobrinennn's rating: 1197 &rarr; <strong>1225<\/strong><br \/>(+28 for winning)\n|raw|HelhiemFiend's rating: 1243 &rarr; <strong>1215<\/strong><br \/>(-28 for losing)\n|l|\u2606HelhiemFiend\n","uploadtime":1699153125,"views":4,"p1id":"herobrinennn","p2id":"helhiemfiend","formatid":"gen9nationaldexubers","rating":1215,"private":0,"password":""}