{"id":"gen9nationaldexubers-1992873438","p1":"Pohja","p2":"st.john52","format":"[Gen 9] National Dex Ubers","log":"|j|\u2606Pohja\n|j|\u2606st.john52\n|t:|1700242841\n|gametype|singles\n|player|p1|Pohja|liza|1101\n|player|p2|st.john52|clay|1112\n|teamsize|p1|6\n|teamsize|p2|6\n|gen|9\n|tier|[Gen 9] National Dex Ubers\n|rated|\n|rule|HP Percentage Mod: HP is shown in percentages\n|rule|Endless Battle Clause: Forcing endless battles is banned\n|rule|OHKO Clause: OHKO moves are banned\n|rule|Evasion Moves Clause: Evasion moves are banned\n|rule|Evasion Items Clause: Evasion items are banned\n|rule|Species Clause: Limit one of each Pok\u00e9mon\n|rule|Sleep Clause Mod: Limit one foe put to sleep\n|rule|Mega Rayquaza Clause: You cannot mega evolve Rayquaza\n|clearpoke\n|poke|p1|Mimikyu, M|\n|poke|p1|Banette, M|\n|poke|p1|Necrozma-Dawn-Wings|\n|poke|p1|Tyranitar, M|\n|poke|p1|Ho-Oh|\n|poke|p1|Darmanitan-Galar, M|\n|poke|p2|Krookodile, M|\n|poke|p2|Dragapult, M|\n|poke|p2|Mimikyu, M|\n|poke|p2|Raichu-Alola, M|\n|poke|p2|Charizard, M|\n|poke|p2|Great Tusk|\n|teampreview\n|inactive|Battle timer is ON: inactive players will automatically lose when time's up. (requested by Pohja)\n|\n|t:|1700242860\n|start\n|switch|p1a: Necrozma|Necrozma-Dawn-Wings|100\/100\n|switch|p2a: Dragapult|Dragapult, M, shiny|100\/100\n|turn|1\n|\n|t:|1700242868\n|move|p2a: Dragapult|Phantom Force||[still]\n|-prepare|p2a: Dragapult|Phantom Force\n|move|p1a: Necrozma|Moongeist Beam|p2a: Dragapult|[miss]\n|-miss|p1a: Necrozma|p2a: Dragapult\n|\n|upkeep\n|turn|2\n|\n|t:|1700242876\n|switch|p1a: Tyranitar|Tyranitar, M|100\/100\n|-weather|Sandstorm|[from] ability: Sand Stream|[of] p1a: Tyranitar\n|move|p2a: Dragapult|Phantom Force|p1a: Tyranitar|[from]lockedmove\n|-resisted|p1a: Tyranitar\n|-damage|p1a: Tyranitar|82\/100\n|\n|-weather|Sandstorm|[upkeep]\n|-damage|p2a: Dragapult|95\/100|[from] Sandstorm\n|-heal|p2a: Dragapult|100\/100|[from] item: Leftovers\n|upkeep\n|turn|3\n|\n|t:|1700242890\n|move|p2a: Dragapult|U-turn|p1a: Tyranitar\n|-supereffective|p1a: Tyranitar\n|-damage|p1a: Tyranitar|47\/100\n|\n|t:|1700242896\n|switch|p2a: Raichu|Raichu-Alola, M|100\/100|[from] U-turn\n|move|p1a: Tyranitar|Dark Pulse|p2a: Raichu\n|-supereffective|p2a: Raichu\n|-damage|p2a: Raichu|23\/100\n|\n|-weather|Sandstorm|[upkeep]\n|-damage|p2a: Raichu|17\/100|[from] Sandstorm\n|upkeep\n|turn|4\n|\n|t:|1700242909\n|move|p2a: Raichu|Focus Blast|p1a: Tyranitar\n|-supereffective|p1a: Tyranitar\n|-damage|p1a: Tyranitar|0 fnt\n|faint|p1a: Tyranitar\n|\n|-weather|Sandstorm|[upkeep]\n|-damage|p2a: Raichu|10\/100|[from] Sandstorm\n|upkeep\n|\n|t:|1700242928\n|switch|p1a: Bananette|Banette, M|100\/100\n|-item|p2a: Raichu|Aloraichium Z|[from] ability: Frisk|[of] p1a: Bananette|[identify]\n|turn|5\n|\n|t:|1700242957\n|detailschange|p1a: Bananette|Banette-Mega, M\n|-mega|p1a: Bananette|Banette|Banettite\n|-zpower|p2a: Raichu\n|move|p2a: Raichu|Stoked Sparksurfer|p1a: Bananette|[zeffect]\n|-damage|p1a: Bananette|16\/100\n|-status|p1a: Bananette|par\n|move|p1a: Bananette|Poltergeist|p2a: Raichu|[miss]\n|-miss|p1a: Bananette|p2a: Raichu\n|\n|-weather|Sandstorm|[upkeep]\n|-damage|p2a: Raichu|4\/100|[from] Sandstorm\n|-damage|p1a: Bananette|10\/100 par|[from] Sandstorm\n|upkeep\n|turn|6\n|inactive|st.john52 has 120 seconds left.\n|\n|t:|1700242973\n|move|p1a: Bananette|Destiny Bond|p1a: Bananette\n|-singlemove|p1a: Bananette|Destiny Bond\n|move|p2a: Raichu|Psychic|p1a: Bananette\n|-damage|p1a: Bananette|0 fnt\n|faint|p1a: Bananette\n|-activate|p1a: Bananette|move: Destiny Bond\n|faint|p2a: Raichu\n|\n|-weather|none\n|upkeep\n|inactive|st.john52 has 120 seconds left.\n|\n|t:|1700242986\n|switch|p2a: Dragapult|Dragapult, M, shiny|100\/100\n|switch|p1a: Mimikyu|Mimikyu, M|100\/100\n|turn|7\n|inactive|st.john52 has 120 seconds left.\n|\n|t:|1700243000\n|move|p2a: Dragapult|Phantom Force||[still]\n|-prepare|p2a: Dragapult|Phantom Force\n|move|p1a: Mimikyu|Shadow Claw|p2a: Dragapult|[miss]\n|-miss|p1a: Mimikyu|p2a: Dragapult\n|\n|upkeep\n|turn|8\n|\n|t:|1700243006\n|move|p2a: Dragapult|Phantom Force|p1a: Mimikyu|[from]lockedmove\n|-activate|p1a: Mimikyu|ability: Disguise\n|-damage|p1a: Mimikyu|100\/100\n|detailschange|p1a: Mimikyu|Mimikyu-Busted, M\n|-damage|p1a: Mimikyu|88\/100|[from] pokemon: Mimikyu-Busted\n|move|p1a: Mimikyu|Destiny Bond|p1a: Mimikyu\n|-singlemove|p1a: Mimikyu|Destiny Bond\n|\n|upkeep\n|turn|9\n|\n|t:|1700243015\n|move|p2a: Dragapult|Phantom Force||[still]\n|-prepare|p2a: Dragapult|Phantom Force\n|move|p1a: Mimikyu|Shadow Claw|p2a: Dragapult|[miss]\n|-miss|p1a: Mimikyu|p2a: Dragapult\n|\n|upkeep\n|turn|10\n|\n|t:|1700243022\n|switch|p1a: Ho-Oh|Ho-Oh, shiny|100\/100\n|move|p2a: Dragapult|Phantom Force|p1a: Ho-Oh|[from]lockedmove\n|-damage|p1a: Ho-Oh|53\/100\n|\n|-heal|p1a: Ho-Oh|59\/100|[from] item: Leftovers\n|upkeep\n|turn|11\n|\n|t:|1700243033\n|move|p2a: Dragapult|Dragon Darts|p1a: Ho-Oh\n|-damage|p1a: Ho-Oh|32\/100\n|-anim|p2a: Dragapult|Dragon Darts|p1a: Ho-Oh\n|-damage|p1a: Ho-Oh|9\/100\n|move|p1a: Ho-Oh|Sacred Fire|p2a: Dragapult\n|-resisted|p2a: Dragapult\n|-damage|p2a: Dragapult|64\/100\n|-status|p2a: Dragapult|brn\n|\n|-heal|p2a: Dragapult|70\/100 brn|[from] item: Leftovers\n|-heal|p1a: Ho-Oh|15\/100|[from] item: Leftovers\n|-damage|p2a: Dragapult|64\/100 brn|[from] brn\n|upkeep\n|turn|12\n|\n|t:|1700243053\n|move|p2a: Dragapult|U-turn|p1a: Ho-Oh\n|-resisted|p1a: Ho-Oh\n|-damage|p1a: Ho-Oh|13\/100\n|\n|t:|1700243059\n|switch|p2a: Mimikyu|Mimikyu, M, shiny|100\/100|[from] U-turn\n|move|p1a: Ho-Oh|Brave Bird|p2a: Mimikyu\n|-activate|p2a: Mimikyu|ability: Disguise\n|-damage|p2a: Mimikyu|100\/100\n|detailschange|p2a: Mimikyu|Mimikyu-Busted, M, shiny\n|-damage|p2a: Mimikyu|88\/100|[from] pokemon: Mimikyu-Busted\n|\n|-heal|p2a: Mimikyu|94\/100|[from] item: Leftovers\n|-heal|p1a: Ho-Oh|19\/100|[from] item: Leftovers\n|upkeep\n|turn|13\n|\n|t:|1700243071\n|move|p2a: Mimikyu|Leech Life|p1a: Ho-Oh\n|-resisted|p1a: Ho-Oh\n|-crit|p1a: Ho-Oh\n|-damage|p1a: Ho-Oh|10\/100\n|-heal|p2a: Mimikyu|100\/100|[from] drain|[of] p1a: Ho-Oh\n|move|p1a: Ho-Oh|Sacred Fire|p2a: Mimikyu\n|-damage|p2a: Mimikyu|0 fnt\n|faint|p2a: Mimikyu\n|\n|-heal|p1a: Ho-Oh|16\/100|[from] item: Leftovers\n|upkeep\n|\n|t:|1700243091\n|switch|p2a: Great Tusk|Great Tusk, shiny|100\/100\n|-enditem|p2a: Great Tusk|Booster Energy\n|-activate|p2a: Great Tusk|ability: Protosynthesis|[fromitem]\n|-start|p2a: Great Tusk|protosynthesisatk\n|turn|14\n|\n|t:|1700243097\n|move|p2a: Great Tusk|Ice Spinner|p1a: Ho-Oh\n|-damage|p1a: Ho-Oh|0 fnt\n|faint|p1a: Ho-Oh\n|\n|upkeep\n|\n|t:|1700243103\n|switch|p1a: Mimikyu|Mimikyu-Busted, M|88\/100\n|turn|15\n|\n|t:|1700243114\n|move|p1a: Mimikyu|Play Rough|p2a: Great Tusk|[miss]\n|-miss|p1a: Mimikyu|p2a: Great Tusk\n|move|p2a: Great Tusk|Headlong Rush|p1a: Mimikyu\n|-damage|p1a: Mimikyu|0 fnt\n|-unboost|p2a: Great Tusk|def|1\n|-unboost|p2a: Great Tusk|spd|1\n|faint|p1a: Mimikyu\n|\n|upkeep\n|\n|t:|1700243122\n|switch|p1a: Necrozma|Necrozma-Dawn-Wings|100\/100\n|turn|16\n|\n|t:|1700243131\n|move|p2a: Great Tusk|Headlong Rush|p1a: Necrozma\n|-damage|p1a: Necrozma|22\/100\n|-unboost|p2a: Great Tusk|def|1\n|-unboost|p2a: Great Tusk|spd|1\n|move|p1a: Necrozma|Photon Geyser|p2a: Great Tusk\n|-supereffective|p2a: Great Tusk\n|-damage|p2a: Great Tusk|0 fnt\n|faint|p2a: Great Tusk\n|-end|p2a: Great Tusk|Protosynthesis|[silent]\n|\n|upkeep\n|\n|t:|1700243136\n|switch|p2a: Dragapult|Dragapult, M, shiny|64\/100 brn\n|turn|17\n|\n|t:|1700243147\n|move|p2a: Dragapult|Phantom Force||[still]\n|-prepare|p2a: Dragapult|Phantom Force\n|-zpower|p1a: Necrozma\n|move|p1a: Necrozma|Menacing Moonraze Maelstrom|p2a: Dragapult|[zeffect]|[miss]\n|-miss|p1a: Necrozma|p2a: Dragapult\n|\n|-heal|p2a: Dragapult|70\/100 brn|[from] item: Leftovers\n|-damage|p2a: Dragapult|64\/100 brn|[from] brn\n|upkeep\n|turn|18\n|\n|t:|1700243164\n|move|p2a: Dragapult|Phantom Force|p1a: Necrozma|[from]lockedmove\n|-supereffective|p1a: Necrozma\n|-damage|p1a: Necrozma|0 fnt\n|faint|p1a: Necrozma\n|\n|-heal|p2a: Dragapult|70\/100 brn|[from] item: Leftovers\n|-damage|p2a: Dragapult|64\/100 brn|[from] brn\n|upkeep\n|\n|t:|1700243168\n|switch|p1a: Darmanitan|Darmanitan-Galar, M|100\/100\n|turn|19\n|\n|t:|1700243180\n|move|p2a: Dragapult|Dragon Darts|p1a: Darmanitan\n|-damage|p1a: Darmanitan|83\/100\n|-anim|p2a: Dragapult|Dragon Darts|p1a: Darmanitan\n|-damage|p1a: Darmanitan|62\/100\n|move|p1a: Darmanitan|Icicle Crash|p2a: Dragapult\n|-supereffective|p2a: Dragapult\n|-damage|p2a: Dragapult|0 fnt\n|faint|p2a: Dragapult\n|-damage|p1a: Darmanitan|52\/100|[from] item: Life Orb\n|\n|upkeep\n|\n|t:|1700243184\n|switch|p2a: Charizard|Charizard, M|100\/100\n|turn|20\n|\n|t:|1700243194\n|detailschange|p2a: Charizard|Charizard-Mega-Y, M\n|-mega|p2a: Charizard|Charizard|Charizardite Y\n|-weather|SunnyDay|[from] ability: Drought|[of] p2a: Charizard\n|move|p2a: Charizard|Weather Ball|p1a: Darmanitan\n|-supereffective|p1a: Darmanitan\n|-damage|p1a: Darmanitan|0 fnt\n|faint|p1a: Darmanitan\n|\n|win|st.john52\n|raw|Pohja's rating: 1101 &rarr; <strong>1077<\/strong><br \/>(-24 for losing)\n|raw|st.john52's rating: 1112 &rarr; <strong>1136<\/strong><br \/>(+24 for winning)\n","uploadtime":1700243208,"views":8,"p1id":"pohja","p2id":"stjohn52","formatid":"gen9nationaldexubers","rating":1077,"private":0,"password":""}