{"id":"gen9nationaldexubers-1997324081","p1":"VerduOsane","p2":"DPPtBro","format":"[Gen 9] National Dex Ubers","log":"|j|\u2606VerduOsane\n|j|\u2606DPPtBro\n|t:|1700789477\n|gametype|singles\n|player|p1|VerduOsane|1|1290\n|player|p2|DPPtBro|ghetsis|1305\n|teamsize|p1|6\n|teamsize|p2|6\n|gen|9\n|tier|[Gen 9] National Dex Ubers\n|rated|\n|rule|HP Percentage Mod: HP is shown in percentages\n|rule|Endless Battle Clause: Forcing endless battles is banned\n|rule|OHKO Clause: OHKO moves are banned\n|rule|Evasion Moves Clause: Evasion moves are banned\n|rule|Evasion Items Clause: Evasion items are banned\n|rule|Species Clause: Limit one of each Pok\u00e9mon\n|rule|Sleep Clause Mod: Limit one foe put to sleep\n|rule|Mega Rayquaza Clause: You cannot mega evolve Rayquaza\n|clearpoke\n|poke|p1|Weavile, M|\n|poke|p1|Sneasler, F|\n|poke|p1|Scizor, F|\n|poke|p1|Iron Thorns|\n|poke|p1|Gastrodon-East, F|\n|poke|p1|Iron Leaves|\n|poke|p2|Steelix, M|\n|poke|p2|Hatterene, F|\n|poke|p2|Calyrex-Ice|\n|poke|p2|Ursaluna-Bloodmoon, M|\n|poke|p2|Garganacl, F|\n|poke|p2|Kingambit, M|\n|teampreview\n|c|\u2606VerduOsane|guess you\u2019ll get rewarded for losing this one..\n|inactive|Battle timer is ON: inactive players will automatically lose when time's up. (requested by VerduOsane)\n|c|\u2606DPPtBro|fym\n|\n|t:|1700789526\n|start\n|switch|p1a: Scizor|Scizor, F|100\/100\n|switch|p2a: Steelix|Steelix, M|100\/100\n|turn|1\n|c|\u2606VerduOsane|Kingambit..\n|\n|t:|1700789535\n|detailschange|p1a: Scizor|Scizor-Mega, F\n|-mega|p1a: Scizor|Scizor|Scizorite\n|detailschange|p2a: Steelix|Steelix-Mega, M\n|-mega|p2a: Steelix|Steelix|Steelixite\n|move|p1a: Scizor|Swords Dance|p1a: Scizor\n|-boost|p1a: Scizor|atk|2\n|move|p2a: Steelix|Roar|p1a: Scizor\n|drag|p1a: Weavile|Weavile, M|100\/100\n|-ability|p1a: Weavile|Pressure\n|\n|upkeep\n|turn|2\n|\n|t:|1700789546\n|move|p1a: Weavile|Fake Out|p2a: Steelix\n|-resisted|p2a: Steelix\n|-crit|p2a: Steelix\n|-damage|p2a: Steelix|96\/100\n|cant|p2a: Steelix|flinch\n|\n|upkeep\n|turn|3\n|\n|t:|1700789554\n|switch|p1a: Gastrodon|Gastrodon-East, F, shiny|100\/100\n|move|p2a: Steelix|Iron Defense|p2a: Steelix\n|-boost|p2a: Steelix|def|2\n|\n|upkeep\n|turn|4\n|\n|t:|1700789565\n|move|p1a: Gastrodon|Earth Power|p2a: Steelix\n|-supereffective|p2a: Steelix\n|-damage|p2a: Steelix|38\/100\n|move|p2a: Steelix|Body Press|p1a: Gastrodon\n|-crit|p1a: Gastrodon\n|-damage|p1a: Gastrodon|20\/100\n|\n|-heal|p1a: Gastrodon|26\/100|[from] item: Leftovers\n|upkeep\n|turn|5\n|\n|t:|1700789577\n|switch|p2a: Kingambit|Kingambit, M|100\/100\n|-item|p2a: Kingambit|Air Balloon\n|move|p1a: Gastrodon|Earth Power|p2a: Kingambit\n|-immune|p2a: Kingambit\n|\n|-heal|p1a: Gastrodon|32\/100|[from] item: Leftovers\n|upkeep\n|turn|6\n|\n|t:|1700789585\n|move|p2a: Kingambit|Pursuit|p1a: Gastrodon\n|-damage|p1a: Gastrodon|16\/100\n|move|p1a: Gastrodon|Recover|p1a: Gastrodon\n|-heal|p1a: Gastrodon|66\/100\n|\n|-heal|p1a: Gastrodon|72\/100|[from] item: Leftovers\n|upkeep\n|turn|7\n|\n|t:|1700789592\n|move|p2a: Kingambit|Knock Off|p1a: Gastrodon\n|-damage|p1a: Gastrodon|31\/100\n|-enditem|p1a: Gastrodon|Leftovers|[from] move: Knock Off|[of] p2a: Kingambit\n|move|p1a: Gastrodon|Scald|p2a: Kingambit\n|-damage|p2a: Kingambit|71\/100\n|-enditem|p2a: Kingambit|Air Balloon\n|\n|upkeep\n|turn|8\n|\n|t:|1700789607\n|move|p2a: Kingambit|Power-Up Punch|p1a: Gastrodon\n|-damage|p1a: Gastrodon|19\/100\n|-boost|p2a: Kingambit|atk|1\n|move|p1a: Gastrodon|Recover|p1a: Gastrodon\n|-heal|p1a: Gastrodon|69\/100\n|\n|upkeep\n|turn|9\n|\n|t:|1700789612\n|move|p2a: Kingambit|Knock Off|p1a: Gastrodon\n|-damage|p1a: Gastrodon|29\/100\n|move|p1a: Gastrodon|Earth Power|p2a: Kingambit\n|-supereffective|p2a: Kingambit\n|-damage|p2a: Kingambit|6\/100\n|\n|upkeep\n|turn|10\n|\n|t:|1700789626\n|move|p2a: Kingambit|Knock Off|p1a: Gastrodon\n|-damage|p1a: Gastrodon|0 fnt\n|faint|p1a: Gastrodon\n|\n|upkeep\n|\n|t:|1700789630\n|switch|p1a: Weavile|Weavile, M|100\/100\n|-ability|p1a: Weavile|Pressure\n|turn|11\n|\n|t:|1700789634\n|move|p1a: Weavile|Fake Out|p2a: Kingambit\n|-resisted|p2a: Kingambit\n|-damage|p2a: Kingambit|1\/100\n|cant|p2a: Kingambit|flinch\n|\n|upkeep\n|turn|12\n|\n|t:|1700789637\n|move|p1a: Weavile|Ice Shard|p2a: Kingambit\n|-resisted|p2a: Kingambit\n|-damage|p2a: Kingambit|0 fnt\n|faint|p2a: Kingambit\n|-end|p2a: Kingambit|fallenundefined|[silent]\n|\n|upkeep\n|\n|t:|1700789645\n|switch|p2a: Hatterene|Hatterene, F|100\/100\n|turn|13\n|\n|t:|1700789648\n|move|p1a: Weavile|Knock Off|p2a: Hatterene\n|-damage|p2a: Hatterene|45\/100\n|-enditem|p2a: Hatterene|Focus Sash|[from] move: Knock Off|[of] p1a: Weavile\n|move|p2a: Hatterene|Trick Room|p2a: Hatterene\n|-fieldstart|move: Trick Room|[of] p2a: Hatterene\n|\n|upkeep\n|turn|14\n|\n|t:|1700789653\n|switch|p1a: Scizor|Scizor-Mega, F|100\/100\n|move|p2a: Hatterene|Healing Wish|p2a: Hatterene\n|faint|p2a: Hatterene\n|\n|upkeep\n|\n|t:|1700789656\n|switch|p2a: Steelix|Steelix-Mega, M|38\/100\n|-heal|p2a: Steelix|100\/100|[from] move: Healing Wish\n|turn|15\n|\n|t:|1700789672\n|move|p2a: Steelix|Iron Defense|p2a: Steelix\n|-boost|p2a: Steelix|def|2\n|move|p1a: Scizor|Swords Dance|p1a: Scizor\n|-boost|p1a: Scizor|atk|2\n|\n|upkeep\n|turn|16\n|\n|t:|1700789676\n|move|p2a: Steelix|Body Press|p1a: Scizor\n|-damage|p1a: Scizor|36\/100\n|move|p1a: Scizor|Close Combat|p2a: Steelix\n|-supereffective|p2a: Steelix\n|-damage|p2a: Steelix|53\/100\n|-unboost|p1a: Scizor|def|1\n|-unboost|p1a: Scizor|spd|1\n|\n|upkeep\n|turn|17\n|\n|t:|1700789683\n|move|p1a: Scizor|Bullet Punch|p2a: Steelix\n|-resisted|p2a: Steelix\n|-damage|p2a: Steelix|44\/100\n|move|p2a: Steelix|Body Press|p1a: Scizor\n|-damage|p1a: Scizor|0 fnt\n|faint|p1a: Scizor\n|\n|-fieldend|move: Trick Room\n|upkeep\n|\n|t:|1700789688\n|switch|p1a: Sneasler|Sneasler, F, shiny|100\/100\n|turn|18\n|\n|t:|1700789694\n|move|p1a: Sneasler|Close Combat|p2a: Steelix\n|-supereffective|p2a: Steelix\n|-damage|p2a: Steelix|15\/100\n|-unboost|p1a: Sneasler|def|1\n|-unboost|p1a: Sneasler|spd|1\n|-enditem|p1a: Sneasler|White Herb\n|-clearnegativeboost|p1a: Sneasler|[silent]\n|move|p2a: Steelix|Roar|p1a: Sneasler\n|drag|p1a: Iron Thorns|Iron Thorns|100\/100\n|\n|upkeep\n|turn|19\n|c|\u2606VerduOsane|god fucking dammit\n|\n|t:|1700789708\n|move|p1a: Iron Thorns|Earthquake|p2a: Steelix\n|-supereffective|p2a: Steelix\n|-damage|p2a: Steelix|0 fnt\n|faint|p2a: Steelix\n|\n|upkeep\n|\n|t:|1700789713\n|switch|p2a: Ursaluna|Ursaluna-Bloodmoon, M|100\/100\n|turn|20\n|\n|t:|1700789721\n|-terastallize|p1a: Iron Thorns|Bug\n|move|p1a: Iron Thorns|Dragon Dance|p1a: Iron Thorns\n|-boost|p1a: Iron Thorns|atk|1\n|-boost|p1a: Iron Thorns|spe|1\n|move|p2a: Ursaluna|Calm Mind|p2a: Ursaluna\n|-boost|p2a: Ursaluna|spa|1\n|-boost|p2a: Ursaluna|spd|1\n|\n|upkeep\n|turn|21\n|\n|t:|1700789726\n|move|p1a: Iron Thorns|Pin Missile|p2a: Ursaluna\n|-damage|p2a: Ursaluna|87\/100\n|-damage|p2a: Ursaluna|73\/100\n|-damage|p2a: Ursaluna|61\/100\n|-damage|p2a: Ursaluna|47\/100\n|-damage|p2a: Ursaluna|33\/100\n|-hitcount|p2a: Ursaluna|5\n|move|p2a: Ursaluna|Blood Moon|p1a: Iron Thorns\n|-damage|p1a: Iron Thorns|0 fnt\n|faint|p1a: Iron Thorns\n|-end|p1a: Iron Thorns|Quark Drive|[silent]\n|\n|-heal|p2a: Ursaluna|39\/100|[from] item: Leftovers\n|upkeep\n|\n|t:|1700789730\n|switch|p1a: Sneasler|Sneasler, F, shiny|100\/100\n|turn|22\n|\n|t:|1700789735\n|-terastallize|p2a: Ursaluna|Poison\n|move|p1a: Sneasler|Close Combat|p2a: Ursaluna\n|-resisted|p2a: Ursaluna\n|-damage|p2a: Ursaluna|18\/100\n|-unboost|p1a: Sneasler|def|1\n|-unboost|p1a: Sneasler|spd|1\n|move|p2a: Ursaluna|Moonlight|p2a: Ursaluna\n|-heal|p2a: Ursaluna|68\/100\n|\n|-heal|p2a: Ursaluna|74\/100|[from] item: Leftovers\n|upkeep\n|turn|23\n|\n|t:|1700789748\n|move|p1a: Sneasler|Acrobatics|p2a: Ursaluna\n|-damage|p2a: Ursaluna|48\/100\n|move|p2a: Ursaluna|Earth Power|p1a: Sneasler\n|-supereffective|p1a: Sneasler\n|-damage|p1a: Sneasler|0 fnt\n|faint|p1a: Sneasler\n|\n|-heal|p2a: Ursaluna|54\/100|[from] item: Leftovers\n|upkeep\n|\n|t:|1700789752\n|switch|p1a: Iron Leaves|Iron Leaves|100\/100\n|-enditem|p1a: Iron Leaves|Booster Energy\n|-activate|p1a: Iron Leaves|ability: Quark Drive|[fromitem]\n|-start|p1a: Iron Leaves|quarkdrivespe\n|turn|24\n|\n|t:|1700789762\n|switch|p2a: Calyrex|Calyrex-Ice|100\/100\n|-ability|p2a: Calyrex|As One\n|-ability|p2a: Calyrex|Unnerve\n|move|p1a: Iron Leaves|Swords Dance|p1a: Iron Leaves\n|-boost|p1a: Iron Leaves|atk|2\n|\n|upkeep\n|turn|25\n|\n|t:|1700789774\n|move|p1a: Iron Leaves|Leaf Blade|p2a: Calyrex\n|-damage|p2a: Calyrex|45\/100\n|move|p2a: Calyrex|Heavy Slam|p1a: Iron Leaves\n|-damage|p1a: Iron Leaves|39\/100\n|\n|upkeep\n|turn|26\n|\n|t:|1700789778\n|move|p1a: Iron Leaves|Leaf Blade|p2a: Calyrex\n|-crit|p2a: Calyrex\n|-damage|p2a: Calyrex|0 fnt\n|faint|p2a: Calyrex\n|\n|upkeep\n|\n|t:|1700789783\n|switch|p2a: Ursaluna|Ursaluna-Bloodmoon, M, tera:Poison|54\/100\n|turn|27\n|\n|t:|1700789786\n|move|p1a: Iron Leaves|Psyblade|p2a: Ursaluna\n|-supereffective|p2a: Ursaluna\n|-damage|p2a: Ursaluna|0 fnt\n|faint|p2a: Ursaluna\n|\n|upkeep\n|\n|t:|1700789789\n|switch|p2a: Garganacl|Garganacl, F|100\/100\n|turn|28\n|c|\u2606DPPtBro|gg\n|\n|t:|1700789797\n|move|p1a: Iron Leaves|Leaf Blade|p2a: Garganacl\n|-supereffective|p2a: Garganacl\n|-damage|p2a: Garganacl|0 fnt\n|faint|p2a: Garganacl\n|\n|win|VerduOsane\n|raw|VerduOsane's rating: 1290 &rarr; <strong>1316<\/strong><br \/>(+26 for winning)\n|raw|DPPtBro's rating: 1305 &rarr; <strong>1284<\/strong><br \/>(-21 for losing)\n|c|\u2606VerduOsane|gg\n|l|\u2606DPPtBro\n","uploadtime":1700789705,"views":14,"p1id":"verduosane","p2id":"dpptbro","formatid":"gen9nationaldexubers","rating":1284,"private":0,"password":""}