{"id":"gen9nationaldexubers-1986136997","p1":"haii x3","p2":"xinnobu","format":"[Gen 9] National Dex Ubers","log":"|j|\u2606haii x3\n|j|\u2606xinnobu\n|t:|1699453741\n|gametype|singles\n|player|p1|haii x3|rosa-masters|1499\n|player|p2|xinnobu|elesa-gen5bw2|1738\n|teamsize|p1|6\n|teamsize|p2|6\n|gen|9\n|tier|[Gen 9] National Dex Ubers\n|rated|\n|rule|HP Percentage Mod: HP is shown in percentages\n|rule|Endless Battle Clause: Forcing endless battles is banned\n|rule|OHKO Clause: OHKO moves are banned\n|rule|Evasion Moves Clause: Evasion moves are banned\n|rule|Evasion Items Clause: Evasion items are banned\n|rule|Species Clause: Limit one of each Pok\u00e9mon\n|rule|Sleep Clause Mod: Limit one foe put to sleep\n|rule|Mega Rayquaza Clause: You cannot mega evolve Rayquaza\n|clearpoke\n|poke|p1|Ditto|\n|poke|p1|Kyurem-Black|\n|poke|p1|Kyogre|\n|poke|p1|Ho-Oh|\n|poke|p1|Marshadow|\n|poke|p1|Yveltal|\n|poke|p2|Glimmora, M|\n|poke|p2|Xerneas-*|\n|poke|p2|Groudon|\n|poke|p2|Yveltal|\n|poke|p2|Kyogre|\n|poke|p2|Zacian-*|\n|teampreview\n|inactive|Battle timer is ON: inactive players will automatically lose when time's up. (requested by haii x3)\n|\n|t:|1699453751\n|start\n|switch|p1a: Ho-Oh|Ho-Oh, shiny|100\/100\n|switch|p2a: Glimmora|Glimmora, M|100\/100\n|turn|1\n|inactive|haii x3 has 120 seconds left.\n|\n|t:|1699453783\n|switch|p1a: Kyogre|Kyogre, shiny|100\/100\n|detailschange|p1a: Kyogre|Kyogre-Primal, shiny\n|-primal|p1a: Kyogre|Blue Orb\n|-weather|PrimordialSea|[from] ability: Primordial Sea|[of] p1a: Kyogre\n|move|p2a: Glimmora|Power Gem|p1a: Kyogre\n|-damage|p1a: Kyogre|73\/100\n|\n|-weather|PrimordialSea|[upkeep]\n|upkeep\n|turn|2\n|\n|t:|1699453791\n|move|p1a: Kyogre|Origin Pulse|p2a: Glimmora\n|-supereffective|p2a: Glimmora\n|-enditem|p2a: Glimmora|Focus Sash\n|-damage|p2a: Glimmora|1\/100\n|move|p2a: Glimmora|Stealth Rock|p1a: Kyogre\n|-sidestart|p1: haii x3|move: Stealth Rock\n|\n|-weather|PrimordialSea|[upkeep]\n|upkeep\n|turn|3\n|\n|t:|1699453802\n|move|p1a: Kyogre|Ice Beam|p2a: Glimmora\n|-damage|p2a: Glimmora|0 fnt\n|faint|p2a: Glimmora\n|\n|-weather|PrimordialSea|[upkeep]\n|upkeep\n|\n|t:|1699453809\n|switch|p2a: Groudon|Groudon|100\/100\n|detailschange|p2a: Groudon|Groudon-Primal\n|-primal|p2a: Groudon|Red Orb\n|-weather|DesolateLand|[from] ability: Desolate Land|[of] p2a: Groudon\n|turn|4\n|\n|t:|1699453827\n|switch|p1a: Ditto|Ditto|100\/100\n|-damage|p1a: Ditto|88\/100|[from] Stealth Rock\n|-transform|p1a: Ditto|p2a: Groudon|[from] ability: Imposter\n|move|p2a: Groudon|Stone Edge|p1a: Ditto\n|-damage|p1a: Ditto|51\/100\n|\n|-weather|DesolateLand|[upkeep]\n|upkeep\n|turn|5\n|inactive|haii x3 has 120 seconds left.\n|\n|t:|1699453850\n|switch|p2a: Yveltal|Yveltal|100\/100\n|-ability|p2a: Yveltal|Dark Aura\n|move|p1a: Ditto|Precipice Blades|p2a: Yveltal\n|-immune|p2a: Yveltal\n|\n|-weather|DesolateLand|[upkeep]\n|upkeep\n|turn|6\n|\n|t:|1699453857\n|-weather|none\n|switch|p1a: Ho-Oh|Ho-Oh, shiny|100\/100\n|move|p2a: Yveltal|Knock Off|p1a: Ho-Oh\n|-crit|p1a: Ho-Oh\n|-damage|p1a: Ho-Oh|7\/100\n|-enditem|p1a: Ho-Oh|Heavy-Duty Boots|[from] move: Knock Off|[of] p2a: Yveltal\n|-damage|p2a: Yveltal|91\/100|[from] item: Life Orb\n|\n|upkeep\n|turn|7\n|\n|t:|1699453877\n|move|p2a: Yveltal|Oblivion Wing|p1a: Ho-Oh\n|-damage|p1a: Ho-Oh|0 fnt\n|-heal|p2a: Yveltal|96\/100|[from] drain|[of] p1a: Ho-Oh\n|faint|p1a: Ho-Oh\n|-damage|p2a: Yveltal|86\/100|[from] item: Life Orb\n|\n|upkeep\n|inactive|haii x3 has 120 seconds left.\n|\n|t:|1699453889\n|switch|p1a: Kyurem|Kyurem-Black, shiny|100\/100\n|-damage|p1a: Kyurem|76\/100|[from] Stealth Rock\n|-ability|p1a: Kyurem|Teravolt\n|turn|8\n|\n|t:|1699453894\n|move|p1a: Kyurem|Icicle Spear|p2a: Yveltal\n|-supereffective|p2a: Yveltal\n|-damage|p2a: Yveltal|51\/100\n|-supereffective|p2a: Yveltal\n|-damage|p2a: Yveltal|12\/100\n|-supereffective|p2a: Yveltal\n|-damage|p2a: Yveltal|0 fnt\n|faint|p2a: Yveltal\n|-hitcount|p2: Yveltal|3\n|-damage|p1a: Kyurem|66\/100|[from] item: Life Orb\n|\n|upkeep\n|\n|t:|1699453902\n|switch|p2a: Zacian|Zacian-Crowned|100\/100\n|-ability|p2a: Zacian|Intrepid Sword|boost\n|-boost|p2a: Zacian|atk|1\n|turn|9\n|inactive|haii x3 has 120 seconds left.\n|\n|t:|1699453925\n|move|p2a: Zacian|Behemoth Blade|p1a: Kyurem\n|-supereffective|p1a: Kyurem\n|-damage|p1a: Kyurem|0 fnt\n|faint|p1a: Kyurem\n|\n|upkeep\n|inactive|haii x3 has 120 seconds left.\n|\n|t:|1699453938\n|switch|p1a: Marshadow|Marshadow|100\/100\n|-damage|p1a: Marshadow|94\/100|[from] Stealth Rock\n|turn|10\n|\n|t:|1699453941\n|move|p2a: Zacian|Behemoth Blade|p1a: Marshadow\n|-damage|p1a: Marshadow|0 fnt\n|faint|p1a: Marshadow\n|\n|upkeep\n|\n|t:|1699453948\n|switch|p1a: Ditto|Ditto|51\/100\n|-damage|p1a: Ditto|38\/100|[from] Stealth Rock\n|-transform|p1a: Ditto|p2a: Zacian|[from] ability: Imposter\n|-ability|p1a: Ditto|Intrepid Sword|boost\n|-boost|p1a: Ditto|atk|1\n|turn|11\n|\n|t:|1699453960\n|switch|p2a: Kyogre|Kyogre|100\/100\n|detailschange|p2a: Kyogre|Kyogre-Primal\n|-primal|p2a: Kyogre|Blue Orb\n|-weather|PrimordialSea|[from] ability: Primordial Sea|[of] p2a: Kyogre\n|move|p1a: Ditto|Behemoth Blade|p2a: Kyogre\n|-resisted|p2a: Kyogre\n|-damage|p2a: Kyogre|38\/100\n|\n|-weather|PrimordialSea|[upkeep]\n|upkeep\n|turn|12\n|\n|t:|1699453969\n|move|p1a: Ditto|Behemoth Blade|p2a: Kyogre\n|-resisted|p2a: Kyogre\n|-damage|p2a: Kyogre|0 fnt\n|faint|p2a: Kyogre\n|-weather|none\n|\n|upkeep\n|\n|t:|1699453974\n|switch|p2a: Groudon|Groudon-Primal|100\/100\n|-weather|DesolateLand|[from] ability: Desolate Land|[of] p2a: Groudon\n|turn|13\n|\n|t:|1699453979\n|switch|p1a: Kyogre|Kyogre-Primal, shiny|73\/100\n|-damage|p1a: Kyogre|61\/100|[from] Stealth Rock\n|-weather|PrimordialSea|[from] ability: Primordial Sea|[of] p1a: Kyogre\n|move|p2a: Groudon|Precipice Blades|p1a: Kyogre\n|-damage|p1a: Kyogre|0 fnt\n|faint|p1a: Kyogre\n|-weather|none\n|\n|upkeep\n|\n|t:|1699453988\n|switch|p1a: Ditto|Ditto|38\/100\n|-damage|p1a: Ditto|26\/100|[from] Stealth Rock\n|-transform|p1a: Ditto|p2a: Groudon|[from] ability: Imposter\n|-weather|DesolateLand|[from] ability: Desolate Land|[of] p1a: Ditto\n|turn|14\n|\n|t:|1699453995\n|move|p1a: Ditto|Precipice Blades|p2a: Groudon\n|-supereffective|p2a: Groudon\n|-damage|p2a: Groudon|8\/100\n|move|p2a: Groudon|Precipice Blades|p1a: Ditto\n|-supereffective|p1a: Ditto\n|-damage|p1a: Ditto|0 fnt\n|faint|p1a: Ditto\n|\n|-weather|DesolateLand|[upkeep]\n|upkeep\n|\n|t:|1699454001\n|switch|p1a: Yveltal|Yveltal|100\/100\n|-damage|p1a: Yveltal|76\/100|[from] Stealth Rock\n|-ability|p1a: Yveltal|Dark Aura\n|turn|15\n|\n|t:|1699454007\n|move|p1a: Yveltal|Sucker Punch|p2a: Groudon\n|-damage|p2a: Groudon|0 fnt\n|faint|p2a: Groudon\n|-weather|none\n|\n|upkeep\n|\n|t:|1699454011\n|switch|p2a: Xerneas|Xerneas|100\/100\n|-ability|p2a: Xerneas|Fairy Aura\n|turn|16\n|\n|t:|1699454015\n|-terastallize|p1a: Yveltal|Dark\n|move|p2a: Xerneas|Moonblast|p1a: Yveltal\n|-supereffective|p1a: Yveltal\n|-damage|p1a: Yveltal|0 fnt\n|faint|p1a: Yveltal\n|\n|win|xinnobu\n|raw|haii x3's rating: 1499 &rarr; <strong>1491<\/strong><br \/>(-8 for losing)\n|raw|xinnobu's rating: 1738 &rarr; <strong>1746<\/strong><br \/>(+8 for winning)\n|l|\u2606xinnobu\n","uploadtime":1699454039,"views":6,"p1id":"haiix3","p2id":"xinnobu","formatid":"gen9nationaldexubers","rating":1491,"private":0,"password":""}