{"id":"gen9nationaldexubers-1989760998","p1":"Zake202012","p2":"DarkSummoner93","format":"[Gen 9] National Dex Ubers","log":"|j|\u2606Zake202012\n|j|\u2606DarkSummoner93\n|t:|1699893477\n|gametype|singles\n|player|p1|Zake202012|n|1255\n|player|p2|DarkSummoner93|alder|1197\n|teamsize|p1|6\n|teamsize|p2|6\n|gen|9\n|tier|[Gen 9] National Dex Ubers\n|rated|\n|rule|HP Percentage Mod: HP is shown in percentages\n|rule|Endless Battle Clause: Forcing endless battles is banned\n|rule|OHKO Clause: OHKO moves are banned\n|rule|Evasion Moves Clause: Evasion moves are banned\n|rule|Evasion Items Clause: Evasion items are banned\n|rule|Species Clause: Limit one of each Pok\u00e9mon\n|rule|Sleep Clause Mod: Limit one foe put to sleep\n|rule|Mega Rayquaza Clause: You cannot mega evolve Rayquaza\n|clearpoke\n|poke|p1|Salamence, M|\n|poke|p1|Sylveon, F|\n|poke|p1|Kingambit, M|\n|poke|p1|Serperior, M|\n|poke|p1|Magearna|\n|poke|p1|Arcanine-Hisui, M|\n|poke|p2|Deoxys-Defense|\n|poke|p2|Arceus|\n|poke|p2|Groudon|\n|poke|p2|Regieleki|\n|poke|p2|Lugia|\n|poke|p2|Necrozma-Dusk-Mane|\n|teampreview\n|inactive|Battle timer is ON: inactive players will automatically lose when time's up. (requested by DarkSummoner93)\n|\n|t:|1699893494\n|start\n|switch|p1a: Arcanine|Arcanine-Hisui, M|100\/100\n|switch|p2a: Deoxys|Deoxys-Defense, shiny|100\/100\n|-ability|p2a: Deoxys|Pressure\n|turn|1\n|\n|t:|1699893502\n|move|p1a: Arcanine|Head Smash|p2a: Deoxys|[miss]\n|-miss|p1a: Arcanine|p2a: Deoxys\n|move|p2a: Deoxys|Stealth Rock|p1a: Arcanine\n|-sidestart|p1: Zake202012|move: Stealth Rock\n|\n|upkeep\n|turn|2\n|\n|t:|1699893510\n|move|p1a: Arcanine|Head Smash|p2a: Deoxys\n|-damage|p2a: Deoxys|42\/100\n|move|p2a: Deoxys|Toxic|p1a: Arcanine\n|-status|p1a: Arcanine|tox\n|\n|-heal|p2a: Deoxys|49\/100|[from] item: Leftovers\n|-damage|p1a: Arcanine|94\/100 tox|[from] psn\n|upkeep\n|turn|3\n|\n|t:|1699893519\n|move|p1a: Arcanine|Head Smash|p2a: Deoxys\n|-damage|p2a: Deoxys|0 fnt\n|faint|p2a: Deoxys\n|\n|-damage|p1a: Arcanine|82\/100 tox|[from] psn\n|upkeep\n|\n|t:|1699893530\n|switch|p2a: Groudon|Groudon, shiny|100\/100\n|detailschange|p2a: Groudon|Groudon-Primal, shiny\n|-primal|p2a: Groudon|Red Orb\n|-weather|DesolateLand|[from] ability: Desolate Land|[of] p2a: Groudon\n|turn|4\n|\n|t:|1699893539\n|move|p1a: Arcanine|Head Smash|p2a: Groudon\n|-damage|p2a: Groudon|60\/100\n|move|p2a: Groudon|Bulk Up|p2a: Groudon\n|-boost|p2a: Groudon|atk|1\n|-boost|p2a: Groudon|def|1\n|\n|-weather|DesolateLand|[upkeep]\n|-damage|p1a: Arcanine|64\/100 tox|[from] psn\n|upkeep\n|turn|5\n|\n|t:|1699893548\n|move|p1a: Arcanine|Head Smash|p2a: Groudon\n|-damage|p2a: Groudon|33\/100\n|move|p2a: Groudon|Precipice Blades|p1a: Arcanine\n|-supereffective|p1a: Arcanine\n|-damage|p1a: Arcanine|0 fnt\n|faint|p1a: Arcanine\n|\n|-weather|DesolateLand|[upkeep]\n|upkeep\n|\n|t:|1699893564\n|switch|p1a: Serperior|Serperior, M|100\/100\n|-damage|p1a: Serperior|88\/100|[from] Stealth Rock\n|turn|6\n|\n|t:|1699893571\n|move|p1a: Serperior|Substitute|p1a: Serperior\n|-start|p1a: Serperior|Substitute\n|-damage|p1a: Serperior|63\/100\n|move|p2a: Groudon|Eruption|p1a: Serperior\n|-supereffective|p1a: Serperior\n|-end|p1a: Serperior|Substitute\n|\n|-weather|DesolateLand|[upkeep]\n|-heal|p1a: Serperior|70\/100|[from] item: Leftovers\n|upkeep\n|turn|7\n|\n|t:|1699893579\n|move|p1a: Serperior|Leaf Storm|p2a: Groudon\n|-damage|p2a: Groudon|0 fnt\n|-boost|p1a: Serperior|spa|2\n|faint|p2a: Groudon\n|-weather|none\n|\n|-heal|p1a: Serperior|76\/100|[from] item: Leftovers\n|upkeep\n|\n|t:|1699893586\n|switch|p2a: Lugia|Lugia, shiny|100\/100\n|turn|8\n|\n|t:|1699893592\n|move|p1a: Serperior|Substitute|p1a: Serperior\n|-start|p1a: Serperior|Substitute\n|-damage|p1a: Serperior|51\/100\n|move|p2a: Lugia|Aeroblast|p1a: Serperior\n|-supereffective|p1a: Serperior\n|-end|p1a: Serperior|Substitute\n|\n|-heal|p1a: Serperior|57\/100|[from] item: Leftovers\n|upkeep\n|turn|9\n|\n|t:|1699893598\n|move|p1a: Serperior|Glare|p2a: Lugia\n|-status|p2a: Lugia|par\n|cant|p2a: Lugia|par\n|\n|-heal|p1a: Serperior|63\/100|[from] item: Leftovers\n|upkeep\n|turn|10\n|\n|t:|1699893604\n|move|p1a: Serperior|Substitute|p1a: Serperior\n|-start|p1a: Serperior|Substitute\n|-damage|p1a: Serperior|39\/100\n|move|p2a: Lugia|Aeroblast|p1a: Serperior\n|-supereffective|p1a: Serperior\n|-end|p1a: Serperior|Substitute\n|\n|-heal|p1a: Serperior|45\/100|[from] item: Leftovers\n|upkeep\n|turn|11\n|\n|t:|1699893611\n|move|p1a: Serperior|Substitute|p1a: Serperior\n|-start|p1a: Serperior|Substitute\n|-damage|p1a: Serperior|20\/100\n|move|p2a: Lugia|Aeroblast|p1a: Serperior\n|-supereffective|p1a: Serperior\n|-crit|p1a: Serperior\n|-end|p1a: Serperior|Substitute\n|\n|-heal|p1a: Serperior|26\/100|[from] item: Leftovers\n|upkeep\n|turn|12\n|\n|t:|1699893619\n|move|p1a: Serperior|Substitute|p1a: Serperior\n|-start|p1a: Serperior|Substitute\n|-damage|p1a: Serperior|2\/100\n|move|p2a: Lugia|Aeroblast|p1a: Serperior|[miss]\n|-miss|p2a: Lugia|p1a: Serperior\n|\n|-heal|p1a: Serperior|8\/100|[from] item: Leftovers\n|upkeep\n|turn|13\n|\n|t:|1699893624\n|move|p1a: Serperior|Leech Seed|p2a: Lugia\n|-start|p2a: Lugia|move: Leech Seed\n|cant|p2a: Lugia|par\n|\n|-heal|p1a: Serperior|14\/100|[from] item: Leftovers\n|-damage|p2a: Lugia|88\/100 par|[from] Leech Seed|[of] p1a: Serperior\n|-heal|p1a: Serperior|32\/100|[silent]\n|upkeep\n|turn|14\n|\n|t:|1699893633\n|move|p1a: Serperior|Leaf Storm|p2a: Lugia\n|-resisted|p2a: Lugia\n|-damage|p2a: Lugia|61\/100 par\n|-boost|p1a: Serperior|spa|2\n|move|p2a: Lugia|Aeroblast|p1a: Serperior\n|-supereffective|p1a: Serperior\n|-end|p1a: Serperior|Substitute\n|\n|-heal|p1a: Serperior|38\/100|[from] item: Leftovers\n|-heal|p2a: Lugia|67\/100 par|[from] item: Leftovers\n|-damage|p2a: Lugia|54\/100 par|[from] Leech Seed|[of] p1a: Serperior\n|-heal|p1a: Serperior|56\/100|[silent]\n|upkeep\n|turn|15\n|\n|t:|1699893647\n|move|p1a: Serperior|Substitute|p1a: Serperior\n|-start|p1a: Serperior|Substitute\n|-damage|p1a: Serperior|31\/100\n|move|p2a: Lugia|Aeroblast|p1a: Serperior\n|-supereffective|p1a: Serperior\n|-end|p1a: Serperior|Substitute\n|\n|-heal|p1a: Serperior|37\/100|[from] item: Leftovers\n|-heal|p2a: Lugia|61\/100 par|[from] item: Leftovers\n|-damage|p2a: Lugia|48\/100 par|[from] Leech Seed|[of] p1a: Serperior\n|-heal|p1a: Serperior|55\/100|[silent]\n|upkeep\n|turn|16\n|\n|t:|1699893658\n|switch|p2a: Necrozma|Necrozma-Dusk-Mane|100\/100\n|move|p1a: Serperior|Substitute|p1a: Serperior\n|-start|p1a: Serperior|Substitute\n|-damage|p1a: Serperior|30\/100\n|\n|-heal|p1a: Serperior|37\/100|[from] item: Leftovers\n|upkeep\n|turn|17\n|\n|t:|1699893671\n|detailschange|p2a: Necrozma|Necrozma-Ultra\n|-burst|p2a: Necrozma|Necrozma|Ultranecrozium Z\n|move|p1a: Serperior|Leech Seed|p2a: Necrozma\n|-start|p2a: Necrozma|move: Leech Seed\n|move|p2a: Necrozma|Swords Dance|p2a: Necrozma\n|-boost|p2a: Necrozma|atk|2\n|\n|-heal|p1a: Serperior|43\/100|[from] item: Leftovers\n|-damage|p2a: Necrozma|88\/100|[from] Leech Seed|[of] p1a: Serperior\n|-heal|p1a: Serperior|60\/100|[silent]\n|upkeep\n|turn|18\n|\n|t:|1699893686\n|move|p1a: Serperior|Glare|p2a: Necrozma\n|-status|p2a: Necrozma|par\n|move|p2a: Necrozma|Photon Geyser|p1a: Serperior\n|-end|p1a: Serperior|Substitute\n|\n|-heal|p1a: Serperior|66\/100|[from] item: Leftovers\n|-damage|p2a: Necrozma|76\/100 par|[from] Leech Seed|[of] p1a: Serperior\n|-heal|p1a: Serperior|83\/100|[silent]\n|upkeep\n|turn|19\n|\n|t:|1699893696\n|move|p1a: Serperior|Substitute|p1a: Serperior\n|-start|p1a: Serperior|Substitute\n|-damage|p1a: Serperior|58\/100\n|move|p2a: Necrozma|Photon Geyser|p1a: Serperior\n|-end|p1a: Serperior|Substitute\n|\n|-heal|p1a: Serperior|64\/100|[from] item: Leftovers\n|-damage|p2a: Necrozma|64\/100 par|[from] Leech Seed|[of] p1a: Serperior\n|-heal|p1a: Serperior|81\/100|[silent]\n|upkeep\n|turn|20\n|\n|t:|1699893700\n|move|p1a: Serperior|Substitute|p1a: Serperior\n|-start|p1a: Serperior|Substitute\n|-damage|p1a: Serperior|56\/100\n|cant|p2a: Necrozma|par\n|\n|-heal|p1a: Serperior|62\/100|[from] item: Leftovers\n|-damage|p2a: Necrozma|51\/100 par|[from] Leech Seed|[of] p1a: Serperior\n|-heal|p1a: Serperior|79\/100|[silent]\n|upkeep\n|turn|21\n|\n|t:|1699893712\n|move|p1a: Serperior|Leaf Storm|p2a: Necrozma\n|-resisted|p2a: Necrozma\n|-damage|p2a: Necrozma|0 fnt\n|-boost|p1a: Serperior|spa|2\n|faint|p2a: Necrozma\n|\n|-heal|p1a: Serperior|85\/100|[from] item: Leftovers\n|upkeep\n|\n|t:|1699893715\n|switch|p2a: Regieleki|Regieleki|100\/100\n|turn|22\n|\n|t:|1699893725\n|move|p2a: Regieleki|Ancient Power|p1a: Serperior\n|-activate|p1a: Serperior|move: Substitute|[damage]\n|move|p1a: Serperior|Leaf Storm|p2a: Regieleki\n|-damage|p2a: Regieleki|0 fnt\n|faint|p2a: Regieleki\n|\n|-heal|p1a: Serperior|92\/100|[from] item: Leftovers\n|upkeep\n|\n|t:|1699893733\n|switch|p2a: Arceus|Arceus|100\/100\n|turn|23\n|\n|t:|1699893739\n|move|p2a: Arceus|Extreme Speed|p1a: Serperior\n|-crit|p1a: Serperior\n|-end|p1a: Serperior|Substitute\n|move|p1a: Serperior|Leaf Storm|p2a: Arceus\n|-damage|p2a: Arceus|0 fnt\n|faint|p2a: Arceus\n|\n|-heal|p1a: Serperior|98\/100|[from] item: Leftovers\n|upkeep\n|\n|t:|1699893745\n|switch|p2a: Lugia|Lugia, shiny|48\/100 par\n|turn|24\n|\n|t:|1699893755\n|move|p1a: Serperior|Leaf Storm|p2a: Lugia|[miss]\n|-miss|p1a: Serperior|p2a: Lugia\n|move|p2a: Lugia|Aeroblast|p1a: Serperior\n|-supereffective|p1a: Serperior\n|-damage|p1a: Serperior|15\/100\n|\n|-heal|p1a: Serperior|21\/100|[from] item: Leftovers\n|-heal|p2a: Lugia|54\/100 par|[from] item: Leftovers\n|upkeep\n|turn|25\n|\n|t:|1699893764\n|move|p1a: Serperior|Leaf Storm|p2a: Lugia\n|-resisted|p2a: Lugia\n|-damage|p2a: Lugia|1\/100 par\n|move|p2a: Lugia|Aeroblast|p1a: Serperior\n|-supereffective|p1a: Serperior\n|-damage|p1a: Serperior|0 fnt\n|faint|p1a: Serperior\n|\n|-heal|p2a: Lugia|7\/100 par|[from] item: Leftovers\n|upkeep\n|\n|t:|1699893771\n|switch|p1a: Salamence|Salamence, M|100\/100\n|-damage|p1a: Salamence|76\/100|[from] Stealth Rock\n|-ability|p1a: Salamence|Intimidate|boost\n|-unboost|p2a: Lugia|atk|1\n|turn|26\n|\n|t:|1699893781\n|detailschange|p1a: Salamence|Salamence-Mega, M\n|-mega|p1a: Salamence|Salamence|Salamencite\n|move|p1a: Salamence|Return|p2a: Lugia\n|-damage|p2a: Lugia|0 fnt\n|faint|p2a: Lugia\n|\n|win|Zake202012\n|raw|Zake202012's rating: 1255 &rarr; <strong>1276<\/strong><br \/>(+21 for winning)\n|raw|DarkSummoner93's rating: 1197 &rarr; <strong>1176<\/strong><br \/>(-21 for losing)\n|l|\u2606DarkSummoner93\n","uploadtime":1699893788,"views":4,"p1id":"zake202012","p2id":"darksummoner93","formatid":"gen9nationaldexubers","rating":1176,"private":0,"password":""}