{"id":"gen9nationaldexubers-1980211207","p1":"Ginesect","p2":"JensPass","format":"[Gen 9] National Dex Ubers","log":"|j|\u2606Ginesect\n|j|\u2606JensPass\n|t:|1698766619\n|gametype|singles\n|player|p1|Ginesect|artist-gen4|\n|player|p2|JensPass|2|\n|teamsize|p1|6\n|teamsize|p2|6\n|gen|9\n|tier|[Gen 9] National Dex Ubers\n|rule|HP Percentage Mod: HP is shown in percentages\n|rule|Endless Battle Clause: Forcing endless battles is banned\n|rule|OHKO Clause: OHKO moves are banned\n|rule|Evasion Moves Clause: Evasion moves are banned\n|rule|Evasion Items Clause: Evasion items are banned\n|rule|Species Clause: Limit one of each Pok\u00e9mon\n|rule|Sleep Clause Mod: Limit one foe put to sleep\n|rule|Mega Rayquaza Clause: You cannot mega evolve Rayquaza\n|clearpoke\n|poke|p1|Chien-Pao|\n|poke|p1|Mandibuzz, F|\n|poke|p1|Mawile, M|\n|poke|p1|Grimmsnarl, M|\n|poke|p1|Greninja-*, M|\n|poke|p1|Ting-Lu|\n|poke|p2|Greninja-*, M|\n|poke|p2|Dragapult, M|\n|poke|p2|Iron Treads|\n|poke|p2|Medicham, F|\n|poke|p2|Ninetales-Alola, F|\n|poke|p2|Iron Moth|\n|teampreview\n|c|\u2606JensPass|glhf\n|c|\u2606Ginesect|glhf\n|\n|t:|1698766674\n|start\n|switch|p1a: Mawile|Mawile, M|100\/100\n|switch|p2a: Ninetales|Ninetales-Alola, F, shiny|100\/100\n|-weather|Snow|[from] ability: Snow Warning|[of] p2a: Ninetales\n|-ability|p1a: Mawile|Intimidate|boost\n|-unboost|p2a: Ninetales|atk|1\n|turn|1\n|\n|t:|1698766695\n|detailschange|p1a: Mawile|Mawile-Mega, M\n|-mega|p1a: Mawile|Mawile|Mawilite\n|move|p2a: Ninetales|Aurora Veil|p2a: Ninetales\n|-sidestart|p2: JensPass|move: Aurora Veil\n|move|p1a: Mawile|Swords Dance|p1a: Mawile\n|-boost|p1a: Mawile|atk|2\n|\n|-weather|Snow|[upkeep]\n|upkeep\n|turn|2\n|\n|t:|1698766699\n|move|p2a: Ninetales|Encore|p1a: Mawile\n|-start|p1a: Mawile|Encore\n|move|p1a: Mawile|Swords Dance|p1a: Mawile\n|-boost|p1a: Mawile|atk|2\n|\n|-weather|Snow|[upkeep]\n|upkeep\n|turn|3\n|\n|t:|1698766703\n|switch|p2a: Medicham|Medicham, F, shiny|100\/100\n|move|p1a: Mawile|Swords Dance|p1a: Mawile\n|-boost|p1a: Mawile|atk|2\n|\n|-weather|Snow|[upkeep]\n|upkeep\n|turn|4\n|\n|t:|1698766705\n|detailschange|p2a: Medicham|Medicham-Mega, F, shiny\n|-mega|p2a: Medicham|Medicham|Medichamite\n|move|p2a: Medicham|Bulk Up|p2a: Medicham\n|-boost|p2a: Medicham|atk|1\n|-boost|p2a: Medicham|def|1\n|move|p1a: Mawile|Swords Dance|p1a: Mawile\n|-boost|p1a: Mawile|atk|0\n|\n|-weather|Snow|[upkeep]\n|-end|p1a: Mawile|Encore\n|upkeep\n|turn|5\n|\n|t:|1698766708\n|move|p1a: Mawile|Sucker Punch|p2a: Medicham\n|-damage|p2a: Medicham|7\/100\n|move|p2a: Medicham|Drain Punch|p1a: Mawile\n|-damage|p1a: Mawile|2\/100\n|-heal|p2a: Medicham|53\/100|[from] drain|[of] p1a: Mawile\n|\n|-weather|none\n|upkeep\n|turn|6\n|\n|t:|1698766716\n|switch|p2a: Greninja|Greninja, M|100\/100\n|move|p1a: Mawile|Sucker Punch||[still]\n|-fail|p1a: Mawile\n|\n|upkeep\n|turn|7\n|\n|t:|1698766732\n|switch|p1a: Grimmsnarl|Grimmsnarl, M|100\/100\n|move|p2a: Greninja|Liquidation|p1a: Grimmsnarl\n|-damage|p1a: Grimmsnarl|54\/100\n|\n|upkeep\n|turn|8\n|\n|t:|1698766748\n|move|p1a: Grimmsnarl|Light Screen|p1a: Grimmsnarl\n|-sidestart|p1: Ginesect|move: Light Screen\n|move|p2a: Greninja|Gunk Shot|p1a: Grimmsnarl\n|-supereffective|p1a: Grimmsnarl\n|-damage|p1a: Grimmsnarl|0 fnt\n|faint|p1a: Grimmsnarl\n|-ability|p2a: Greninja|Battle Bond|boost\n|-boost|p2a: Greninja|atk|1\n|-boost|p2a: Greninja|spa|1\n|-boost|p2a: Greninja|spe|1\n|-activate|p2a: Greninja|ability: Battle Bond\n|\n|-sideend|p2: JensPass|move: Aurora Veil\n|upkeep\n|c|\u2606Ginesect|damn liquidation ninja\n|\n|t:|1698766765\n|switch|p1a: Mawile|Mawile-Mega, M|2\/100\n|turn|9\n|\n|t:|1698766767\n|move|p1a: Mawile|Sucker Punch|p2a: Greninja\n|-resisted|p2a: Greninja\n|-damage|p2a: Greninja|60\/100\n|move|p2a: Greninja|Liquidation|p1a: Mawile\n|-damage|p1a: Mawile|0 fnt\n|faint|p1a: Mawile\n|\n|upkeep\n|\n|t:|1698766777\n|switch|p1a: Chien-Pao|Chien-Pao|100\/100\n|-ability|p1a: Chien-Pao|Sword of Ruin\n|turn|10\n|\n|t:|1698766780\n|-terastallize|p1a: Chien-Pao|Dark\n|move|p1a: Chien-Pao|Sucker Punch|p2a: Greninja\n|-resisted|p2a: Greninja\n|-damage|p2a: Greninja|0 fnt\n|faint|p2a: Greninja\n|\n|upkeep\n|\n|t:|1698766785\n|switch|p2a: Ninetales|Ninetales-Alola, F, shiny|100\/100\n|-weather|Snow|[from] ability: Snow Warning|[of] p2a: Ninetales\n|turn|11\n|\n|t:|1698766790\n|switch|p1a: Ting-Lu|Ting-Lu|100\/100\n|-ability|p1a: Ting-Lu|Vessel of Ruin\n|move|p2a: Ninetales|Aurora Veil|p2a: Ninetales\n|-sidestart|p2: JensPass|move: Aurora Veil\n|\n|-weather|Snow|[upkeep]\n|upkeep\n|turn|12\n|\n|t:|1698766792\n|move|p2a: Ninetales|Freeze-Dry|p1a: Ting-Lu\n|-supereffective|p1a: Ting-Lu\n|-damage|p1a: Ting-Lu|87\/100\n|move|p1a: Ting-Lu|Stealth Rock|p2a: Ninetales\n|-sidestart|p2: JensPass|move: Stealth Rock\n|\n|-weather|Snow|[upkeep]\n|-heal|p1a: Ting-Lu|93\/100|[from] item: Leftovers\n|upkeep\n|turn|13\n|\n|t:|1698766797\n|switch|p2a: Iron Treads|Iron Treads, shiny|100\/100\n|-damage|p2a: Iron Treads|97\/100|[from] Stealth Rock\n|-enditem|p2a: Iron Treads|Booster Energy\n|-activate|p2a: Iron Treads|ability: Quark Drive|[fromitem]\n|-start|p2a: Iron Treads|quarkdrivespe\n|move|p1a: Ting-Lu|Whirlwind|p2a: Iron Treads\n|-end|p2a: Iron Treads|Quark Drive|[silent]\n|drag|p2a: Ninetales|Ninetales-Alola, F, shiny|100\/100\n|-damage|p2a: Ninetales|76\/100|[from] Stealth Rock\n|\n|-weather|Snow|[upkeep]\n|-heal|p1a: Ting-Lu|99\/100|[from] item: Leftovers\n|upkeep\n|turn|14\n|\n|t:|1698766801\n|move|p2a: Ninetales|Moonblast|p1a: Ting-Lu\n|-supereffective|p1a: Ting-Lu\n|-damage|p1a: Ting-Lu|80\/100\n|move|p1a: Ting-Lu|Whirlwind|p2a: Ninetales\n|drag|p2a: Dragapult|Dragapult, M, shiny|100\/100\n|-damage|p2a: Dragapult|88\/100|[from] Stealth Rock\n|\n|-weather|Snow|[upkeep]\n|-heal|p2a: Dragapult|94\/100|[from] item: Leftovers\n|-heal|p1a: Ting-Lu|87\/100|[from] item: Leftovers\n|upkeep\n|turn|15\n|\n|t:|1698766807\n|move|p2a: Dragapult|Substitute|p2a: Dragapult\n|-start|p2a: Dragapult|Substitute\n|-damage|p2a: Dragapult|69\/100\n|move|p1a: Ting-Lu|Whirlwind|p2a: Dragapult\n|drag|p2a: Iron Moth|Iron Moth|100\/100\n|-damage|p2a: Iron Moth|76\/100|[from] Stealth Rock\n|-enditem|p2a: Iron Moth|Booster Energy\n|-activate|p2a: Iron Moth|ability: Quark Drive|[fromitem]\n|-start|p2a: Iron Moth|quarkdrivespe\n|\n|-weather|none\n|-heal|p1a: Ting-Lu|93\/100|[from] item: Leftovers\n|-sideend|p1: Ginesect|move: Light Screen\n|upkeep\n|turn|16\n|\n|t:|1698766811\n|move|p2a: Iron Moth|Fiery Dance|p1a: Ting-Lu\n|-damage|p1a: Ting-Lu|71\/100\n|-boost|p2a: Iron Moth|spa|1\n|move|p1a: Ting-Lu|Whirlwind|p2a: Iron Moth\n|-end|p2a: Iron Moth|Quark Drive|[silent]\n|drag|p2a: Iron Treads|Iron Treads, shiny|97\/100\n|-damage|p2a: Iron Treads|94\/100|[from] Stealth Rock\n|\n|-heal|p1a: Ting-Lu|77\/100|[from] item: Leftovers\n|upkeep\n|turn|17\n|\n|t:|1698766816\n|move|p2a: Iron Treads|Rapid Spin|p1a: Ting-Lu\n|-damage|p1a: Ting-Lu|71\/100\n|-boost|p2a: Iron Treads|spe|1\n|-sideend|p2: JensPass|Stealth Rock|[from] move: Rapid Spin|[of] p2a: Iron Treads\n|move|p1a: Ting-Lu|Whirlwind|p2a: Iron Treads\n|-end|p2a: Iron Treads|Quark Drive|[silent]\n|drag|p2a: Iron Moth|Iron Moth|76\/100\n|\n|-heal|p1a: Ting-Lu|77\/100|[from] item: Leftovers\n|upkeep\n|turn|18\n|\n|t:|1698766819\n|move|p2a: Iron Moth|Energy Ball|p1a: Ting-Lu\n|-supereffective|p1a: Ting-Lu\n|-damage|p1a: Ting-Lu|48\/100\n|move|p1a: Ting-Lu|Earthquake|p2a: Iron Moth\n|-supereffective|p2a: Iron Moth\n|-damage|p2a: Iron Moth|0 fnt\n|faint|p2a: Iron Moth\n|-end|p2a: Iron Moth|Quark Drive|[silent]\n|\n|-heal|p1a: Ting-Lu|54\/100|[from] item: Leftovers\n|-sideend|p2: JensPass|move: Aurora Veil\n|upkeep\n|\n|t:|1698766828\n|switch|p2a: Iron Treads|Iron Treads, shiny|94\/100\n|turn|19\n|\n|t:|1698766830\n|-terastallize|p2a: Iron Treads|Ghost\n|move|p2a: Iron Treads|Knock Off|p1a: Ting-Lu\n|-resisted|p1a: Ting-Lu\n|-damage|p1a: Ting-Lu|47\/100\n|-enditem|p1a: Ting-Lu|Leftovers|[from] move: Knock Off|[of] p2a: Iron Treads\n|move|p1a: Ting-Lu|Earthquake|p2a: Iron Treads\n|-damage|p2a: Iron Treads|61\/100\n|\n|upkeep\n|turn|20\n|\n|t:|1698766837\n|move|p2a: Iron Treads|Stealth Rock|p1a: Ting-Lu\n|-sidestart|p1: Ginesect|move: Stealth Rock\n|move|p1a: Ting-Lu|Stealth Rock|p2a: Iron Treads\n|-sidestart|p2: JensPass|move: Stealth Rock\n|\n|upkeep\n|turn|21\n|\n|t:|1698766840\n|move|p2a: Iron Treads|Rapid Spin|p1a: Ting-Lu\n|-damage|p1a: Ting-Lu|39\/100\n|-boost|p2a: Iron Treads|spe|1\n|-sideend|p2: JensPass|Stealth Rock|[from] move: Rapid Spin|[of] p2a: Iron Treads\n|move|p1a: Ting-Lu|Whirlwind|p2a: Iron Treads\n|-end|p2a: Iron Treads|Quark Drive|[silent]\n|drag|p2a: Dragapult|Dragapult, M, shiny|69\/100\n|\n|-heal|p2a: Dragapult|75\/100|[from] item: Leftovers\n|upkeep\n|turn|22\n|\n|t:|1698766844\n|move|p2a: Dragapult|Will-O-Wisp|p1a: Ting-Lu\n|-status|p1a: Ting-Lu|brn\n|move|p1a: Ting-Lu|Stealth Rock|p2a: Dragapult\n|-sidestart|p2: JensPass|move: Stealth Rock\n|\n|-heal|p2a: Dragapult|82\/100|[from] item: Leftovers\n|-damage|p1a: Ting-Lu|33\/100 brn|[from] brn\n|upkeep\n|turn|23\n|\n|t:|1698766846\n|move|p2a: Dragapult|U-turn|p1a: Ting-Lu\n|-supereffective|p1a: Ting-Lu\n|-damage|p1a: Ting-Lu|18\/100 brn\n|\n|t:|1698766849\n|switch|p2a: Ninetales|Ninetales-Alola, F, shiny|76\/100|[from] U-turn\n|-damage|p2a: Ninetales|51\/100|[from] Stealth Rock\n|-weather|Snow|[from] ability: Snow Warning|[of] p2a: Ninetales\n|move|p1a: Ting-Lu|Whirlwind|p2a: Ninetales\n|drag|p2a: Dragapult|Dragapult, M, shiny|82\/100\n|-damage|p2a: Dragapult|69\/100|[from] Stealth Rock\n|\n|-weather|Snow|[upkeep]\n|-heal|p2a: Dragapult|75\/100|[from] item: Leftovers\n|-damage|p1a: Ting-Lu|12\/100 brn|[from] brn\n|upkeep\n|turn|24\n|\n|t:|1698766859\n|switch|p1a: Mandibuzz|Mandibuzz, F|100\/100\n|move|p2a: Dragapult|U-turn|p1a: Mandibuzz\n|-damage|p1a: Mandibuzz|91\/100\n|\n|t:|1698766861\n|switch|p2a: Iron Treads|Iron Treads, shiny, tera:Ghost|61\/100|[from] U-turn\n|-damage|p2a: Iron Treads|48\/100|[from] Stealth Rock\n|\n|-weather|Snow|[upkeep]\n|upkeep\n|turn|25\n|\n|t:|1698766866\n|move|p2a: Iron Treads|Rapid Spin|p1a: Mandibuzz\n|-damage|p1a: Mandibuzz|82\/100\n|-boost|p2a: Iron Treads|spe|1\n|-sideend|p2: JensPass|Stealth Rock|[from] move: Rapid Spin|[of] p2a: Iron Treads\n|move|p1a: Mandibuzz|Foul Play|p2a: Iron Treads\n|-supereffective|p2a: Iron Treads\n|-damage|p2a: Iron Treads|0 fnt\n|faint|p2a: Iron Treads\n|-end|p2a: Iron Treads|Quark Drive|[silent]\n|\n|-weather|Snow|[upkeep]\n|upkeep\n|\n|t:|1698766872\n|switch|p2a: Ninetales|Ninetales-Alola, F, shiny|51\/100\n|turn|26\n|\n|t:|1698766875\n|move|p2a: Ninetales|Aurora Veil|p2a: Ninetales\n|-sidestart|p2: JensPass|move: Aurora Veil\n|move|p1a: Mandibuzz|U-turn|p2a: Ninetales\n|-resisted|p2a: Ninetales\n|-damage|p2a: Ninetales|49\/100\n|\n|t:|1698766890\n|switch|p1a: Ting-Lu|Ting-Lu|12\/100 brn|[from] U-turn\n|-damage|p1a: Ting-Lu|6\/100 brn|[from] Stealth Rock\n|-ability|p1a: Ting-Lu|Vessel of Ruin\n|\n|-weather|Snow|[upkeep]\n|-damage|p1a: Ting-Lu|0 fnt|[from] brn\n|faint|p1a: Ting-Lu\n|upkeep\n|\n|t:|1698766896\n|switch|p1a: Greninja|Greninja, M|100\/100\n|-damage|p1a: Greninja|88\/100|[from] Stealth Rock\n|turn|27\n|\n|t:|1698766903\n|move|p1a: Greninja|Hydro Pump|p2a: Ninetales\n|-damage|p2a: Ninetales|22\/100\n|move|p2a: Ninetales|Moonblast|p1a: Greninja\n|-supereffective|p1a: Greninja\n|-damage|p1a: Greninja|0 fnt\n|faint|p1a: Greninja\n|\n|-weather|none\n|upkeep\n|\n|t:|1698766907\n|switch|p1a: Mandibuzz|Mandibuzz, F|82\/100\n|turn|28\n|\n|t:|1698766912\n|move|p2a: Ninetales|Moonblast|p1a: Mandibuzz\n|-supereffective|p1a: Mandibuzz\n|-damage|p1a: Mandibuzz|22\/100\n|move|p1a: Mandibuzz|Roost|p1a: Mandibuzz\n|-heal|p1a: Mandibuzz|72\/100\n|-singleturn|p1a: Mandibuzz|move: Roost\n|\n|upkeep\n|turn|29\n|\n|t:|1698766918\n|move|p2a: Ninetales|Moonblast|p1a: Mandibuzz\n|-supereffective|p1a: Mandibuzz\n|-damage|p1a: Mandibuzz|13\/100\n|move|p1a: Mandibuzz|Roost|p1a: Mandibuzz\n|-heal|p1a: Mandibuzz|63\/100\n|-singleturn|p1a: Mandibuzz|move: Roost\n|\n|upkeep\n|turn|30\n|\n|t:|1698766921\n|move|p2a: Ninetales|Moonblast|p1a: Mandibuzz\n|-supereffective|p1a: Mandibuzz\n|-damage|p1a: Mandibuzz|0 fnt\n|faint|p1a: Mandibuzz\n|\n|upkeep\n|\n|t:|1698766924\n|switch|p1a: Chien-Pao|Chien-Pao, tera:Dark|100\/100\n|-damage|p1a: Chien-Pao|88\/100|[from] Stealth Rock\n|-ability|p1a: Chien-Pao|Sword of Ruin\n|turn|31\n|\n|t:|1698766940\n|switch|p2a: Dragapult|Dragapult, M, shiny|75\/100\n|move|p1a: Chien-Pao|Crunch|p2a: Dragapult\n|-supereffective|p2a: Dragapult\n|-damage|p2a: Dragapult|0 fnt\n|faint|p2a: Dragapult\n|\n|upkeep\n|\n|t:|1698766942\n|switch|p2a: Ninetales|Ninetales-Alola, F, shiny|22\/100\n|-weather|Snow|[from] ability: Snow Warning|[of] p2a: Ninetales\n|turn|32\n|\n|t:|1698766944\n|move|p1a: Chien-Pao|Crunch|p2a: Ninetales\n|-resisted|p2a: Ninetales\n|-damage|p2a: Ninetales|0 fnt\n|faint|p2a: Ninetales\n|\n|-weather|Snow|[upkeep]\n|upkeep\n|\n|t:|1698766946\n|switch|p2a: Medicham|Medicham-Mega, F, shiny|53\/100\n|turn|33\n|\n|t:|1698766948\n|move|p1a: Chien-Pao|Crunch|p2a: Medicham\n|-damage|p2a: Medicham|0 fnt\n|faint|p2a: Medicham\n|\n|win|Ginesect\n|c|\u2606JensPass|ggs\n|c|\u2606Ginesect|gg\n|j| D. Lawrenzz\n|c|\u2606Ginesect|Really close\n|l|\u2606JensPass\n","uploadtime":1698766961,"views":9,"p1id":"ginesect","p2id":"jenspass","formatid":"gen9nationaldexubers","rating":0,"private":0,"password":""}