{"id":"gen9nationaldexubers-1988912145","p1":"bobchickenstein","p2":"OinkDragon","format":"[Gen 9] National Dex Ubers","log":"|j|\u2606bobchickenstein\n|j|\u2606OinkDragon\n|t:|1699786381\n|gametype|singles\n|player|p1|bobchickenstein|flannery|\n|player|p2|OinkDragon|fisherman-gen4|\n|teamsize|p1|6\n|teamsize|p2|6\n|gen|9\n|tier|[Gen 9] National Dex Ubers\n|rule|HP Percentage Mod: HP is shown in percentages\n|rule|Endless Battle Clause: Forcing endless battles is banned\n|rule|OHKO Clause: OHKO moves are banned\n|rule|Evasion Moves Clause: Evasion moves are banned\n|rule|Evasion Items Clause: Evasion items are banned\n|rule|Species Clause: Limit one of each Pok\u00e9mon\n|rule|Sleep Clause Mod: Limit one foe put to sleep\n|rule|Mega Rayquaza Clause: You cannot mega evolve Rayquaza\n|clearpoke\n|poke|p1|Greninja-*, M|\n|poke|p1|Crawdaunt, M|\n|poke|p1|Kyogre|\n|poke|p1|Dracovish|\n|poke|p1|Wobbuffet, F|\n|poke|p1|Rayquaza|\n|poke|p2|Cresselia, F|\n|poke|p2|Calyrex-Ice|\n|poke|p2|Victini|\n|poke|p2|Magearna|\n|poke|p2|Ursaluna-Bloodmoon, M|\n|poke|p2|Clodsire, M|\n|teampreview\n|inactive|Battle timer is ON: inactive players will automatically lose when time's up. (requested by bobchickenstein)\n|\n|t:|1699786400\n|start\n|switch|p1a: Mr Craw|Crawdaunt, M|100\/100\n|switch|p2a: Magearna|Magearna|100\/100\n|turn|1\n|\n|t:|1699786410\n|move|p2a: Magearna|Spikes|p1a: Mr Craw\n|-sidestart|p1: bobchickenstein|Spikes\n|move|p1a: Mr Craw|Swords Dance|p1a: Mr Craw\n|-boost|p1a: Mr Craw|atk|2\n|\n|upkeep\n|turn|2\n|\n|t:|1699786416\n|move|p1a: Mr Craw|Crabhammer|p2a: Magearna\n|-crit|p2a: Magearna\n|-damage|p2a: Magearna|0 fnt\n|faint|p2a: Magearna\n|\n|upkeep\n|\n|t:|1699786430\n|switch|p2a: Cresselia|Cresselia, F|100\/100\n|turn|3\n|\n|t:|1699786438\n|move|p1a: Mr Craw|Knock Off|p2a: Cresselia\n|-supereffective|p2a: Cresselia\n|-damage|p2a: Cresselia|0 fnt\n|-enditem|p2a: Cresselia|Leftovers|[from] move: Knock Off|[of] p1a: Mr Craw\n|faint|p2a: Cresselia\n|\n|upkeep\n|\n|t:|1699786446\n|switch|p2a: Calyrex|Calyrex-Ice|100\/100\n|-ability|p2a: Calyrex|As One\n|-ability|p2a: Calyrex|Unnerve\n|turn|4\n|\n|t:|1699786464\n|move|p1a: Mr Craw|Knock Off|p2a: Calyrex\n|-supereffective|p2a: Calyrex\n|-damage|p2a: Calyrex|0 fnt\n|-enditem|p2a: Calyrex|Heavy-Duty Boots|[from] move: Knock Off|[of] p1a: Mr Craw\n|faint|p2a: Calyrex\n|\n|upkeep\n|\n|t:|1699786468\n|switch|p2a: Clodsire|Clodsire, M|100\/100\n|turn|5\n|\n|t:|1699786484\n|-terastallize|p2a: Clodsire|Steel\n|move|p1a: Mr Craw|Crabhammer|p2a: Clodsire\n|-immune|p2a: Clodsire|[from] ability: Water Absorb\n|move|p2a: Clodsire|Toxic|p1a: Mr Craw\n|-status|p1a: Mr Craw|tox\n|\n|-damage|p1a: Mr Craw|95\/100 tox|[from] psn\n|upkeep\n|turn|6\n|\n|t:|1699786494\n|move|p1a: Mr Craw|Knock Off|p2a: Clodsire\n|-damage|p2a: Clodsire|0 fnt\n|-enditem|p2a: Clodsire|Leftovers|[from] move: Knock Off|[of] p1a: Mr Craw\n|faint|p2a: Clodsire\n|\n|-damage|p1a: Mr Craw|83\/100 tox|[from] psn\n|upkeep\n|\n|t:|1699786500\n|switch|p2a: Ursaluna|Ursaluna-Bloodmoon, M|100\/100\n|turn|7\n|\n|t:|1699786504\n|-terastallize|p1a: Mr Craw|Water\n|move|p1a: Mr Craw|Aqua Jet|p2a: Ursaluna\n|-supereffective|p2a: Ursaluna\n|-damage|p2a: Ursaluna|17\/100\n|move|p2a: Ursaluna|Vacuum Wave|p1a: Mr Craw\n|-damage|p1a: Mr Craw|50\/100 tox\n|-damage|p2a: Ursaluna|7\/100|[from] item: Life Orb\n|\n|-damage|p1a: Mr Craw|32\/100 tox|[from] psn\n|upkeep\n|turn|8\n|\n|t:|1699786517\n|move|p1a: Mr Craw|Aqua Jet|p2a: Ursaluna\n|-supereffective|p2a: Ursaluna\n|-damage|p2a: Ursaluna|0 fnt\n|faint|p2a: Ursaluna\n|\n|-damage|p1a: Mr Craw|8\/100 tox|[from] psn\n|upkeep\n|\n|t:|1699786522\n|switch|p2a: Victini|Victini|100\/100\n|turn|9\n|\n|t:|1699786526\n|move|p1a: Mr Craw|Aqua Jet|p2a: Victini\n|-supereffective|p2a: Victini\n|-crit|p2a: Victini\n|-damage|p2a: Victini|0 fnt\n|faint|p2a: Victini\n|\n|win|bobchickenstein\n","uploadtime":1699786533,"views":6,"p1id":"bobchickenstein","p2id":"oinkdragon","formatid":"gen9nationaldexubers","rating":0,"private":0,"password":""}