{"id":"gen9nationaldexubers-1981752730","p1":"Smolflip","p2":"EpicMaw","format":"[Gen 9] National Dex Ubers","log":"|j|\u2606Smolflip\n|j|\u2606EpicMaw\n|t:|1698938986\n|gametype|singles\n|player|p1|Smolflip|riley|1062\n|player|p2|EpicMaw|265|1018\n|teamsize|p1|6\n|teamsize|p2|6\n|gen|9\n|tier|[Gen 9] National Dex Ubers\n|rated|\n|rule|HP Percentage Mod: HP is shown in percentages\n|rule|Endless Battle Clause: Forcing endless battles is banned\n|rule|OHKO Clause: OHKO moves are banned\n|rule|Evasion Moves Clause: Evasion moves are banned\n|rule|Evasion Items Clause: Evasion items are banned\n|rule|Species Clause: Limit one of each Pok\u00e9mon\n|rule|Sleep Clause Mod: Limit one foe put to sleep\n|rule|Mega Rayquaza Clause: You cannot mega evolve Rayquaza\n|clearpoke\n|poke|p1|Infernape, F|\n|poke|p1|Bombirdier, M|\n|poke|p1|Guzzlord|\n|poke|p1|Orbeetle, F|\n|poke|p1|Dedenne, M|\n|poke|p1|Jellicent, M|\n|poke|p2|Arceus-Ghost|\n|poke|p2|Smeargle, M|\n|poke|p2|Kyogre|\n|poke|p2|Necrozma-Dusk-Mane|\n|poke|p2|Dracovish|\n|poke|p2|Xerneas-*|\n|teampreview\n|\n|t:|1698938991\n|start\n|switch|p1a: Guzzlord|Guzzlord|100\/100\n|switch|p2a: Smeargle|Smeargle, M|100\/100\n|turn|1\n|\n|t:|1698938997\n|move|p2a: Smeargle|Spore|p1a: Guzzlord\n|-status|p1a: Guzzlord|slp|[from] move: Spore\n|cant|p1a: Guzzlord|slp\n|\n|-ability|p2a: Smeargle|Moody|boost\n|-boost|p2a: Smeargle|spe|2\n|-unboost|p2a: Smeargle|atk|1\n|upkeep\n|turn|2\n|\n|t:|1698939005\n|switch|p1a: Bombirdier|Bombirdier, M|100\/100\n|move|p2a: Smeargle|Substitute|p2a: Smeargle\n|-start|p2a: Smeargle|Substitute\n|-damage|p2a: Smeargle|76\/100\n|\n|-ability|p2a: Smeargle|Moody|boost\n|-boost|p2a: Smeargle|spa|2\n|-unboost|p2a: Smeargle|spd|1\n|upkeep\n|turn|3\n|\n|t:|1698939009\n|move|p2a: Smeargle|Acupressure|p2a: Smeargle\n|-boost|p2a: Smeargle|spd|2\n|move|p1a: Bombirdier|Dual Wingbeat|p2a: Smeargle\n|-end|p2a: Smeargle|Substitute\n|-damage|p2a: Smeargle|29\/100\n|-hitcount|p2a: Smeargle|2\n|\n|-ability|p2a: Smeargle|Moody|boost\n|-boost|p2a: Smeargle|spd|2\n|-unboost|p2a: Smeargle|spa|1\n|upkeep\n|turn|4\n|\n|t:|1698939017\n|move|p2a: Smeargle|Ingrain|p2a: Smeargle\n|-start|p2a: Smeargle|move: Ingrain\n|move|p1a: Bombirdier|Dual Wingbeat|p2a: Smeargle\n|-damage|p2a: Smeargle|0 fnt\n|faint|p2a: Smeargle\n|-hitcount|p2: Smeargle|1\n|\n|upkeep\n|\n|t:|1698939022\n|switch|p2a: Kyogre|Kyogre|100\/100\n|-weather|RainDance|[from] ability: Drizzle|[of] p2a: Kyogre\n|turn|5\n|\n|t:|1698939025\n|move|p2a: Kyogre|Water Spout|p1a: Bombirdier\n|-damage|p1a: Bombirdier|0 fnt\n|faint|p1a: Bombirdier\n|\n|-weather|RainDance|[upkeep]\n|upkeep\n|\n|t:|1698939029\n|switch|p1a: Guzzlord|Guzzlord|100\/100 slp\n|turn|6\n|\n|t:|1698939032\n|move|p2a: Kyogre|Water Spout|p1a: Guzzlord\n|-resisted|p1a: Guzzlord\n|-damage|p1a: Guzzlord|48\/100 slp\n|-curestatus|p1a: Guzzlord|slp|[msg]\n|move|p1a: Guzzlord|Corrosive Gas|p2a: Kyogre\n|-enditem|p2a: Kyogre|Damp Rock|[from] move: Corrosive Gas|[of] p1a: Guzzlord\n|\n|-weather|RainDance|[upkeep]\n|-heal|p1a: Guzzlord|54\/100|[from] item: Leftovers\n|upkeep\n|turn|7\n|\n|t:|1698939040\n|move|p2a: Kyogre|Water Spout|p1a: Guzzlord\n|-resisted|p1a: Guzzlord\n|-damage|p1a: Guzzlord|1\/100\n|move|p1a: Guzzlord|Crunch|p2a: Kyogre\n|-damage|p2a: Kyogre|55\/100\n|\n|-weather|RainDance|[upkeep]\n|-heal|p1a: Guzzlord|7\/100|[from] item: Leftovers\n|upkeep\n|turn|8\n|c|\u2606EpicMaw|my rockkk\n|n|!EpicMaw|epicmaw\n|\n|t:|1698939055\n|move|p2a: Kyogre|Blizzard|p1a: Guzzlord|[miss]\n|-miss|p2a: Kyogre|p1a: Guzzlord\n|move|p1a: Guzzlord|Crunch|p2a: Kyogre\n|-damage|p2a: Kyogre|10\/100\n|\n|-weather|RainDance|[upkeep]\n|-heal|p1a: Guzzlord|14\/100|[from] item: Leftovers\n|upkeep\n|turn|9\n|-message|EpicMaw forfeited.\n|\n|win|Smolflip\n|raw|Smolflip's rating: 1062 &rarr; <strong>1089<\/strong><br \/>(+27 for winning)\n|raw|EpicMaw's rating: 1018 &rarr; <strong>1007<\/strong><br \/>(-11 for losing)\n|l|!EpicMaw\n","uploadtime":1698939045,"views":5,"p1id":"smolflip","p2id":"epicmaw","formatid":"gen9nationaldexubers","rating":1007,"private":0,"password":""}