{"id":"gen9nationaldexubers-1989646996","p1":"SalaflyXD","p2":"Levelup_yaman","format":"[Gen 9] National Dex Ubers","log":"|j|\u2606SalaflyXD\n|j|\u2606Levelup_yaman\n|t:|1699882847\n|gametype|singles\n|player|p1|SalaflyXD|whitney|1100\n|player|p2|Levelup_yaman|picnicker|1055\n|teamsize|p1|6\n|teamsize|p2|6\n|gen|9\n|tier|[Gen 9] National Dex Ubers\n|rated|\n|rule|HP Percentage Mod: HP is shown in percentages\n|rule|Endless Battle Clause: Forcing endless battles is banned\n|rule|OHKO Clause: OHKO moves are banned\n|rule|Evasion Moves Clause: Evasion moves are banned\n|rule|Evasion Items Clause: Evasion items are banned\n|rule|Species Clause: Limit one of each Pok\u00e9mon\n|rule|Sleep Clause Mod: Limit one foe put to sleep\n|rule|Mega Rayquaza Clause: You cannot mega evolve Rayquaza\n|clearpoke\n|poke|p1|Baxcalibur, F|\n|poke|p1|Galvantula, M|\n|poke|p1|Corviknight, M|\n|poke|p1|Dragapult, M|\n|poke|p1|Weavile, F|\n|poke|p1|Volcarona, F|\n|poke|p2|Gholdengo|\n|poke|p2|Aegislash, F|\n|poke|p2|Tinkaton, F|\n|poke|p2|Gallade, M|\n|poke|p2|Scream Tail|\n|poke|p2|Revavroom, F|\n|teampreview\n|inactive|Battle timer is ON: inactive players will automatically lose when time's up. (requested by SalaflyXD)\n|\n|t:|1699882859\n|start\n|switch|p1a: Volcarona|Volcarona, F|100\/100\n|switch|p2a: Tinkaton|Tinkaton, F|100\/100\n|turn|1\n|inactiveoff|Battle timer is now OFF.\n|\n|t:|1699882867\n|move|p2a: Tinkaton|Knock Off|p1a: Volcarona\n|-crit|p1a: Volcarona\n|-damage|p1a: Volcarona|49\/100\n|-enditem|p1a: Volcarona|Heavy-Duty Boots|[from] move: Knock Off|[of] p2a: Tinkaton\n|move|p1a: Volcarona|Quiver Dance|p1a: Volcarona\n|-boost|p1a: Volcarona|spa|1\n|-boost|p1a: Volcarona|spd|1\n|-boost|p1a: Volcarona|spe|1\n|\n|upkeep\n|turn|2\n|\n|t:|1699882875\n|move|p1a: Volcarona|Fiery Dance|p2a: Tinkaton\n|-supereffective|p2a: Tinkaton\n|-damage|p2a: Tinkaton|9\/100\n|move|p2a: Tinkaton|Gigaton Hammer|p1a: Volcarona\n|-resisted|p1a: Volcarona\n|-damage|p1a: Volcarona|8\/100\n|\n|upkeep\n|turn|3\n|\n|t:|1699882883\n|move|p1a: Volcarona|Fiery Dance|p2a: Tinkaton\n|-supereffective|p2a: Tinkaton\n|-damage|p2a: Tinkaton|0 fnt\n|-boost|p1a: Volcarona|spa|1\n|faint|p2a: Tinkaton\n|\n|upkeep\n|\n|t:|1699882888\n|switch|p2a: Scream Tail|Scream Tail|100\/100\n|turn|4\n|\n|t:|1699882896\n|move|p1a: Volcarona|Bug Buzz|p2a: Scream Tail\n|-damage|p2a: Scream Tail|29\/100\n|move|p2a: Scream Tail|Drain Punch|p1a: Volcarona\n|-resisted|p1a: Volcarona\n|-damage|p1a: Volcarona|0 fnt\n|-heal|p2a: Scream Tail|32\/100|[from] drain|[of] p1a: Volcarona\n|-status|p2a: Scream Tail|brn|[from] ability: Flame Body|[of] p1a: Volcarona\n|faint|p1a: Volcarona\n|\n|-damage|p2a: Scream Tail|26\/100 brn|[from] brn\n|upkeep\n|\n|t:|1699882915\n|switch|p1a: Galvantula|Galvantula, M|100\/100\n|turn|5\n|\n|t:|1699882919\n|-terastallize|p2a: Scream Tail|Fire\n|move|p1a: Galvantula|Sticky Web|p2a: Scream Tail\n|-sidestart|p2: Levelup_yaman|move: Sticky Web\n|move|p2a: Scream Tail|Fire Blast|p1a: Galvantula\n|-supereffective|p1a: Galvantula\n|-enditem|p1a: Galvantula|Focus Sash\n|-damage|p1a: Galvantula|1\/100\n|-status|p1a: Galvantula|brn\n|\n|-damage|p1a: Galvantula|0 fnt|[from] brn\n|faint|p1a: Galvantula\n|-damage|p2a: Scream Tail|20\/100 brn|[from] brn\n|upkeep\n|\n|t:|1699882935\n|switch|p1a: Corviknight|Corviknight, M|100\/100\n|turn|6\n|\n|t:|1699882939\n|move|p2a: Scream Tail|Fire Blast|p1a: Corviknight\n|-supereffective|p1a: Corviknight\n|-damage|p1a: Corviknight|13\/100\n|move|p1a: Corviknight|Bulk Up|p1a: Corviknight\n|-boost|p1a: Corviknight|atk|1\n|-boost|p1a: Corviknight|def|1\n|\n|-damage|p2a: Scream Tail|13\/100 brn|[from] brn\n|upkeep\n|turn|7\n|\n|t:|1699882951\n|move|p2a: Scream Tail|Drain Punch|p1a: Corviknight\n|-damage|p1a: Corviknight|9\/100\n|-heal|p2a: Scream Tail|15\/100 brn|[from] drain|[of] p1a: Corviknight\n|move|p1a: Corviknight|Agility|p1a: Corviknight\n|-boost|p1a: Corviknight|spe|2\n|\n|-damage|p2a: Scream Tail|9\/100 brn|[from] brn\n|upkeep\n|turn|8\n|\n|t:|1699882965\n|move|p1a: Corviknight|Bulk Up|p1a: Corviknight\n|-boost|p1a: Corviknight|atk|1\n|-boost|p1a: Corviknight|def|1\n|move|p2a: Scream Tail|Fire Blast|p1a: Corviknight\n|-supereffective|p1a: Corviknight\n|-damage|p1a: Corviknight|0 fnt\n|faint|p1a: Corviknight\n|\n|-damage|p2a: Scream Tail|3\/100 brn|[from] brn\n|upkeep\n|\n|t:|1699882977\n|switch|p1a: Weavile|Weavile, F|100\/100\n|turn|9\n|\n|t:|1699882983\n|move|p1a: Weavile|Ice Shard|p2a: Scream Tail\n|-resisted|p2a: Scream Tail\n|-damage|p2a: Scream Tail|0 fnt\n|faint|p2a: Scream Tail\n|-end|p2a: Scream Tail|Protosynthesis|[silent]\n|\n|upkeep\n|\n|t:|1699882988\n|switch|p2a: Revavroom|Revavroom, F|100\/100\n|-activate|p2a: Revavroom|move: Sticky Web\n|-unboost|p2a: Revavroom|spe|1\n|turn|10\n|\n|t:|1699882993\n|move|p1a: Weavile|Swords Dance|p1a: Weavile\n|-boost|p1a: Weavile|atk|2\n|move|p2a: Revavroom|High Horsepower|p1a: Weavile\n|-crit|p1a: Weavile\n|-damage|p1a: Weavile|0 fnt\n|faint|p1a: Weavile\n|-damage|p2a: Revavroom|91\/100|[from] item: Life Orb\n|\n|upkeep\n|\n|t:|1699883006\n|switch|p1a: Baxcalibur|Baxcalibur, F|100\/100\n|turn|11\n|\n|t:|1699883011\n|move|p1a: Baxcalibur|Dragon Dance|p1a: Baxcalibur\n|-boost|p1a: Baxcalibur|atk|1\n|-boost|p1a: Baxcalibur|spe|1\n|move|p2a: Revavroom|Gunk Shot|p1a: Baxcalibur\n|-damage|p1a: Baxcalibur|23\/100\n|-damage|p2a: Revavroom|81\/100|[from] item: Life Orb\n|\n|upkeep\n|turn|12\n|\n|t:|1699883019\n|move|p1a: Baxcalibur|Scale Shot|p2a: Revavroom\n|-resisted|p2a: Revavroom\n|-damage|p2a: Revavroom|62\/100\n|-resisted|p2a: Revavroom\n|-damage|p2a: Revavroom|46\/100\n|-resisted|p2a: Revavroom\n|-damage|p2a: Revavroom|28\/100\n|-hitcount|p2a: Revavroom|3\n|-unboost|p1a: Baxcalibur|def|1\n|-boost|p1a: Baxcalibur|spe|1\n|move|p2a: Revavroom|High Horsepower|p1a: Baxcalibur\n|-damage|p1a: Baxcalibur|0 fnt\n|faint|p1a: Baxcalibur\n|-damage|p2a: Revavroom|18\/100|[from] item: Life Orb\n|\n|upkeep\n|\n|t:|1699883036\n|switch|p1a: Dragapult|Dragapult, M|100\/100\n|turn|13\n|\n|t:|1699883041\n|move|p1a: Dragapult|Dragon Dance|p1a: Dragapult\n|-boost|p1a: Dragapult|atk|1\n|-boost|p1a: Dragapult|spe|1\n|move|p2a: Revavroom|High Horsepower|p1a: Dragapult\n|-damage|p1a: Dragapult|36\/100\n|-damage|p2a: Revavroom|8\/100|[from] item: Life Orb\n|\n|upkeep\n|turn|14\n|\n|t:|1699883049\n|move|p1a: Dragapult|Dragon Darts|p2a: Revavroom\n|-resisted|p2a: Revavroom\n|-damage|p2a: Revavroom|0 fnt\n|faint|p2a: Revavroom\n|\n|upkeep\n|\n|t:|1699883052\n|switch|p2a: Gholdengo|Gholdengo|100\/100\n|-activate|p2a: Gholdengo|move: Sticky Web\n|-unboost|p2a: Gholdengo|spe|1\n|turn|15\n|\n|t:|1699883061\n|move|p1a: Dragapult|Shadow Ball|p2a: Gholdengo\n|-supereffective|p2a: Gholdengo\n|-damage|p2a: Gholdengo|32\/100\n|move|p2a: Gholdengo|Make It Rain|p1a: Dragapult\n|-damage|p1a: Dragapult|0 fnt\n|-unboost|p2a: Gholdengo|spa|1\n|faint|p1a: Dragapult\n|\n|win|Levelup_yaman\n|raw|SalaflyXD's rating: 1100 &rarr; <strong>1072<\/strong><br \/>(-28 for losing)\n|raw|Levelup_yaman's rating: 1055 &rarr; <strong>1091<\/strong><br \/>(+36 for winning)\n|l|\u2606SalaflyXD\n","uploadtime":1699883152,"views":4,"p1id":"salaflyxd","p2id":"levelupyaman","formatid":"gen9nationaldexubers","rating":1072,"private":0,"password":""}