{"id":"gen9nationaldexubers-1984513372","p1":"priestmajor","p2":"85792195wwww","format":"[Gen 9] National Dex Ubers","log":"|j|\u2606priestmajor\n|j|\u260685792195wwww\n|t:|1699274751\n|gametype|singles\n|player|p1|priestmajor|101|1681\n|player|p2|85792195wwww|mira|1830\n|teamsize|p1|6\n|teamsize|p2|6\n|gen|9\n|tier|[Gen 9] National Dex Ubers\n|rated|\n|rule|HP Percentage Mod: HP is shown in percentages\n|rule|Endless Battle Clause: Forcing endless battles is banned\n|rule|OHKO Clause: OHKO moves are banned\n|rule|Evasion Moves Clause: Evasion moves are banned\n|rule|Evasion Items Clause: Evasion items are banned\n|rule|Species Clause: Limit one of each Pok\u00e9mon\n|rule|Sleep Clause Mod: Limit one foe put to sleep\n|rule|Mega Rayquaza Clause: You cannot mega evolve Rayquaza\n|clearpoke\n|poke|p1|Groudon|\n|poke|p1|Ho-Oh|\n|poke|p1|Zygarde|\n|poke|p1|Arceus-Ground|\n|poke|p1|Yveltal|\n|poke|p1|Eternatus|\n|poke|p2|Arceus|\n|poke|p2|Xerneas-*|\n|poke|p2|Groudon|\n|poke|p2|Zacian-*|\n|poke|p2|Krookodile, F|\n|poke|p2|Yveltal|\n|teampreview\n|\n|t:|1699274764\n|start\n|switch|p1a: Ho-Oh|Ho-Oh|100\/100\n|switch|p2a: Xerneas|Xerneas|100\/100\n|-ability|p2a: Xerneas|Fairy Aura\n|turn|1\n|j| breezai\n|\n|t:|1699274772\n|switch|p2a: Krookodile|Krookodile, F|100\/100\n|-ability|p2a: Krookodile|Intimidate|boost\n|-unboost|p1a: Ho-Oh|atk|1\n|move|p1a: Ho-Oh|Toxic|p2a: Krookodile\n|-status|p2a: Krookodile|tox\n|\n|-damage|p2a: Krookodile|94\/100 tox|[from] psn\n|upkeep\n|turn|2\n|\n|t:|1699274782\n|switch|p1a: Zygarde|Zygarde|100\/100\n|move|p2a: Krookodile|Stealth Rock|p1a: Zygarde\n|-sidestart|p1: priestmajor|move: Stealth Rock\n|\n|-damage|p2a: Krookodile|82\/100 tox|[from] psn\n|upkeep\n|turn|3\n|\n|t:|1699274789\n|move|p2a: Krookodile|Knock Off|p1a: Zygarde\n|-damage|p1a: Zygarde|77\/100\n|-enditem|p1a: Zygarde|Leftovers|[from] move: Knock Off|[of] p2a: Krookodile\n|move|p1a: Zygarde|Thousand Arrows|p2a: Krookodile\n|-damage|p2a: Krookodile|41\/100 tox\n|\n|-damage|p2a: Krookodile|23\/100 tox|[from] psn\n|upkeep\n|turn|4\n|\n|t:|1699274804\n|switch|p2a: Yveltal|Yveltal|100\/100\n|-ability|p2a: Yveltal|Dark Aura\n|move|p1a: Zygarde|Thousand Arrows|p2a: Yveltal\n|-damage|p2a: Yveltal|74\/100\n|-start|p2a: Yveltal|Smack Down\n|\n|upkeep\n|turn|5\n|\n|t:|1699274816\n|switch|p1a: Yveltal|Yveltal|100\/100\n|-ability|p1a: Yveltal|Dark Aura\n|move|p2a: Yveltal|Dark Pulse|p1a: Yveltal\n|-resisted|p1a: Yveltal\n|-damage|p1a: Yveltal|66\/100\n|\n|upkeep\n|turn|6\n|\n|t:|1699274825\n|move|p1a: Yveltal|Knock Off|p2a: Yveltal\n|-resisted|p2a: Yveltal\n|-damage|p2a: Yveltal|50\/100\n|-enditem|p2a: Yveltal|Choice Specs|[from] move: Knock Off|[of] p1a: Yveltal\n|move|p2a: Yveltal|Dark Pulse|p1a: Yveltal\n|-resisted|p1a: Yveltal\n|-damage|p1a: Yveltal|43\/100\n|\n|upkeep\n|turn|7\n|\n|t:|1699274835\n|switch|p2a: Zacian|Zacian-Crowned|100\/100\n|-ability|p2a: Zacian|Intrepid Sword|boost\n|-boost|p2a: Zacian|atk|1\n|move|p1a: Yveltal|Toxic|p2a: Zacian\n|-immune|p2a: Zacian\n|\n|upkeep\n|turn|8\n|\n|t:|1699274843\n|switch|p1a: Ho-Oh|Ho-Oh|100\/100\n|move|p2a: Zacian|Swords Dance|p2a: Zacian\n|-boost|p2a: Zacian|atk|2\n|\n|upkeep\n|turn|9\n|\n|t:|1699274850\n|-terastallize|p2a: Zacian|Rock\n|-terastallize|p1a: Ho-Oh|Grass\n|move|p2a: Zacian|Tera Blast|p1a: Ho-Oh|[anim] Tera Blast Rock\n|-damage|p1a: Ho-Oh|22\/100\n|move|p1a: Ho-Oh|Sacred Fire|p2a: Zacian\n|-resisted|p2a: Zacian\n|-damage|p2a: Zacian|81\/100\n|-status|p2a: Zacian|brn\n|\n|-damage|p2a: Zacian|75\/100 brn|[from] brn\n|upkeep\n|turn|10\n|\n|t:|1699274864\n|switch|p1a: Groudon|Groudon|100\/100\n|-damage|p1a: Groudon|94\/100|[from] Stealth Rock\n|detailschange|p1a: Groudon|Groudon-Primal\n|-primal|p1a: Groudon|Red Orb\n|-weather|DesolateLand|[from] ability: Desolate Land|[of] p1a: Groudon\n|move|p2a: Zacian|Swords Dance|p2a: Zacian\n|-boost|p2a: Zacian|atk|2\n|\n|-weather|DesolateLand|[upkeep]\n|-damage|p2a: Zacian|69\/100 brn|[from] brn\n|upkeep\n|turn|11\n|\n|t:|1699274876\n|move|p2a: Zacian|Close Combat|p1a: Groudon\n|-damage|p1a: Groudon|42\/100\n|-unboost|p2a: Zacian|def|1\n|-unboost|p2a: Zacian|spd|1\n|move|p1a: Groudon|Earthquake|p2a: Zacian\n|-supereffective|p2a: Zacian\n|-damage|p2a: Zacian|0 fnt\n|faint|p2a: Zacian\n|\n|-weather|DesolateLand|[upkeep]\n|upkeep\n|\n|t:|1699274887\n|switch|p2a: Xerneas|Xerneas|100\/100\n|-ability|p2a: Xerneas|Fairy Aura\n|turn|12\n|\n|t:|1699274899\n|move|p2a: Xerneas|Geomancy||[still]\n|-prepare|p2a: Xerneas|Geomancy\n|-enditem|p2a: Xerneas|Power Herb\n|-anim|p2a: Xerneas|Geomancy|p2a: Xerneas\n|-boost|p2a: Xerneas|spa|2\n|-boost|p2a: Xerneas|spd|2\n|-boost|p2a: Xerneas|spe|2\n|move|p1a: Groudon|Earthquake|p2a: Xerneas\n|-damage|p2a: Xerneas|61\/100\n|\n|-weather|DesolateLand|[upkeep]\n|upkeep\n|turn|13\n|\n|t:|1699274908\n|move|p2a: Xerneas|Moonblast|p1a: Groudon\n|-resisted|p1a: Groudon\n|-damage|p1a: Groudon|0 fnt\n|faint|p1a: Groudon\n|-weather|none\n|\n|upkeep\n|\n|t:|1699274914\n|switch|p1a: Eternatus|Eternatus|100\/100\n|-damage|p1a: Eternatus|88\/100|[from] Stealth Rock\n|-ability|p1a: Eternatus|Pressure\n|turn|14\n|\n|t:|1699274951\n|switch|p1a: Yveltal|Yveltal|43\/100\n|-ability|p1a: Yveltal|Dark Aura\n|move|p2a: Xerneas|Moonblast|p1a: Yveltal\n|-supereffective|p1a: Yveltal\n|-damage|p1a: Yveltal|0 fnt\n|faint|p1a: Yveltal\n|\n|upkeep\n|\n|t:|1699274954\n|switch|p1a: Ho-Oh|Ho-Oh, tera:Grass|56\/100\n|turn|15\n|\n|t:|1699274964\n|switch|p1a: Eternatus|Eternatus|88\/100\n|-damage|p1a: Eternatus|76\/100|[from] Stealth Rock\n|-ability|p1a: Eternatus|Pressure\n|move|p2a: Xerneas|Moonblast|p1a: Eternatus\n|-damage|p1a: Eternatus|0 fnt\n|faint|p1a: Eternatus\n|\n|upkeep\n|\n|t:|1699274966\n|switch|p1a: Ho-Oh|Ho-Oh, tera:Grass|89\/100\n|turn|16\n|\n|t:|1699274976\n|move|p2a: Xerneas|Moonblast|p1a: Ho-Oh\n|-damage|p1a: Ho-Oh|12\/100\n|move|p1a: Ho-Oh|Whirlwind|p2a: Xerneas\n|drag|p2a: Arceus|Arceus|100\/100\n|\n|upkeep\n|turn|17\n|\n|t:|1699274984\n|switch|p1a: Zygarde|Zygarde|77\/100\n|-damage|p1a: Zygarde|70\/100|[from] Stealth Rock\n|move|p2a: Arceus|Extreme Speed|p1a: Zygarde\n|-damage|p1a: Zygarde|42\/100\n|-damage|p2a: Arceus|91\/100|[from] item: Life Orb\n|\n|-activate|p1a: Zygarde|ability: Power Construct\n|detailschange|p1a: Zygarde|Zygarde-Complete\n|-heal|p1a: Zygarde|62\/100|[silent]\n|upkeep\n|turn|18\n|\n|t:|1699275001\n|switch|p2a: Yveltal|Yveltal|50\/100\n|-ability|p2a: Yveltal|Dark Aura\n|move|p1a: Zygarde|Coil|p1a: Zygarde\n|-boost|p1a: Zygarde|atk|1\n|-boost|p1a: Zygarde|def|1\n|-boost|p1a: Zygarde|accuracy|1\n|\n|upkeep\n|turn|19\n|\n|t:|1699275011\n|move|p2a: Yveltal|Dark Pulse|p1a: Zygarde\n|-damage|p1a: Zygarde|29\/100\n|move|p1a: Zygarde|Thousand Arrows|p2a: Yveltal\n|-damage|p2a: Yveltal|7\/100\n|-start|p2a: Yveltal|Smack Down\n|\n|upkeep\n|turn|20\n|\n|t:|1699275020\n|move|p2a: Yveltal|Dark Pulse|p1a: Zygarde\n|-damage|p1a: Zygarde|0 fnt\n|faint|p1a: Zygarde\n|\n|upkeep\n|\n|t:|1699275021\n|switch|p1a: Arceus|Arceus-Ground|100\/100\n|-damage|p1a: Arceus|94\/100|[from] Stealth Rock\n|turn|21\n|\n|t:|1699275030\n|move|p1a: Arceus|Earthquake|p2a: Yveltal\n|-damage|p2a: Yveltal|0 fnt\n|faint|p2a: Yveltal\n|\n|upkeep\n|\n|t:|1699275038\n|switch|p2a: Krookodile|Krookodile, F|23\/100 tox\n|-ability|p2a: Krookodile|Intimidate|boost\n|-unboost|p1a: Arceus|atk|1\n|turn|22\n|\n|t:|1699275045\n|move|p1a: Arceus|Dragon Dance|p1a: Arceus\n|-boost|p1a: Arceus|atk|1\n|-boost|p1a: Arceus|spe|1\n|move|p2a: Krookodile|Bulldoze|p1a: Arceus\n|-damage|p1a: Arceus|73\/100\n|-unboost|p1a: Arceus|spe|1\n|\n|-damage|p2a: Krookodile|17\/100 tox|[from] psn\n|upkeep\n|turn|23\n|\n|t:|1699275054\n|move|p1a: Arceus|Dragon Dance|p1a: Arceus\n|-boost|p1a: Arceus|atk|1\n|-boost|p1a: Arceus|spe|1\n|move|p2a: Krookodile|Bulldoze|p1a: Arceus\n|-damage|p1a: Arceus|49\/100\n|-unboost|p1a: Arceus|spe|1\n|\n|-damage|p2a: Krookodile|4\/100 tox|[from] psn\n|upkeep\n|turn|24\n|\n|t:|1699275064\n|move|p1a: Arceus|Recover|p1a: Arceus\n|-heal|p1a: Arceus|99\/100\n|move|p2a: Krookodile|Bulldoze|p1a: Arceus\n|-damage|p1a: Arceus|75\/100\n|-unboost|p1a: Arceus|spe|1\n|\n|-damage|p2a: Krookodile|0 fnt|[from] psn\n|faint|p2a: Krookodile\n|upkeep\n|\n|t:|1699275074\n|switch|p2a: Arceus|Arceus|91\/100\n|turn|25\n|\n|t:|1699275078\n|move|p2a: Arceus|Swords Dance|p2a: Arceus\n|-boost|p2a: Arceus|atk|2\n|move|p1a: Arceus|Earthquake|p2a: Arceus\n|-damage|p2a: Arceus|23\/100\n|\n|upkeep\n|turn|26\n|\n|t:|1699275085\n|move|p2a: Arceus|Extreme Speed|p1a: Arceus\n|-crit|p1a: Arceus\n|-damage|p1a: Arceus|0 fnt\n|faint|p1a: Arceus\n|-damage|p2a: Arceus|14\/100|[from] item: Life Orb\n|\n|upkeep\n|-message|priestmajor forfeited.\n|\n|win|85792195wwww\n|raw|priestmajor's rating: 1681 &rarr; <strong>1669<\/strong><br \/>(-12 for losing)\n|raw|85792195wwww's rating: 1830 &rarr; <strong>1842<\/strong><br \/>(+12 for winning)\n|l|\u2606priestmajor\n","uploadtime":1699275095,"views":4,"p1id":"priestmajor","p2id":"85792195wwww","formatid":"gen9nationaldexubers","rating":1669,"private":0,"password":""}