{"id":"gen9nationaldexubers-1996580189","p1":"KINGKRICH","p2":"Kenidur1561","format":"[Gen 9] National Dex Ubers","log":"|j|\u2606KINGKRICH\n|j|\u2606Kenidur1561\n|t:|1700696658\n|gametype|singles\n|player|p1|KINGKRICH|buck|1037\n|player|p2|Kenidur1561|265|1072\n|teamsize|p1|6\n|teamsize|p2|6\n|gen|9\n|tier|[Gen 9] National Dex Ubers\n|rated|\n|rule|HP Percentage Mod: HP is shown in percentages\n|rule|Endless Battle Clause: Forcing endless battles is banned\n|rule|OHKO Clause: OHKO moves are banned\n|rule|Evasion Moves Clause: Evasion moves are banned\n|rule|Evasion Items Clause: Evasion items are banned\n|rule|Species Clause: Limit one of each Pok\u00e9mon\n|rule|Sleep Clause Mod: Limit one foe put to sleep\n|rule|Mega Rayquaza Clause: You cannot mega evolve Rayquaza\n|clearpoke\n|poke|p1|Charizard, M|\n|poke|p1|Chandelure, F|\n|poke|p1|Talonflame, M|\n|poke|p1|Greninja-*, M|\n|poke|p1|Rapidash, M|\n|poke|p1|Incineroar, M|\n|poke|p2|Naganadel|\n|poke|p2|Deoxys-Defense|\n|poke|p2|Necrozma-Dawn-Wings|\n|poke|p2|Zygarde|\n|poke|p2|Espathra, M|\n|poke|p2|Aron, L1, M|\n|teampreview\n|\n|t:|1700696670\n|start\n|switch|p1a: Greninja|Greninja, M|100\/100\n|switch|p2a: THE MOON|Necrozma-Dawn-Wings|100\/100\n|turn|1\n|\n|t:|1700696679\n|move|p1a: Greninja|Dark Pulse|p2a: THE MOON\n|-start|p1a: Greninja|typechange|Dark|[from] ability: Protean\n|-supereffective|p2a: THE MOON\n|-damage|p2a: THE MOON|18\/100\n|move|p2a: THE MOON|Dragon Pulse|p1a: Greninja\n|-damage|p1a: Greninja|37\/100\n|\n|upkeep\n|turn|2\n|\n|t:|1700696689\n|move|p1a: Greninja|Dark Pulse|p2a: THE MOON\n|-supereffective|p2a: THE MOON\n|-damage|p2a: THE MOON|0 fnt\n|faint|p2a: THE MOON\n|\n|upkeep\n|\n|t:|1700696697\n|switch|p2a: BULK CITY|Deoxys-Defense, shiny|100\/100\n|-ability|p2a: BULK CITY|Pressure\n|turn|3\n|\n|t:|1700696702\n|move|p1a: Greninja|Dark Pulse|p2a: BULK CITY\n|-supereffective|p2a: BULK CITY\n|-damage|p2a: BULK CITY|30\/100\n|move|p2a: BULK CITY|Fire Punch|p1a: Greninja\n|-damage|p1a: Greninja|4\/100\n|\n|upkeep\n|turn|4\n|\n|t:|1700696709\n|move|p1a: Greninja|Dark Pulse|p2a: BULK CITY\n|-supereffective|p2a: BULK CITY\n|-damage|p2a: BULK CITY|0 fnt\n|faint|p2a: BULK CITY\n|\n|upkeep\n|\n|t:|1700696716\n|switch|p2a: Shining Snake|Zygarde, shiny|100\/100\n|turn|5\n|\n|t:|1700696739\n|move|p1a: Greninja|Water Shuriken|p2a: Shining Snake\n|-damage|p2a: Shining Snake|95\/100\n|-damage|p2a: Shining Snake|90\/100\n|-damage|p2a: Shining Snake|84\/100\n|-hitcount|p2a: Shining Snake|3\n|move|p2a: Shining Snake|Outrage|p1a: Greninja\n|-damage|p1a: Greninja|0 fnt\n|faint|p1a: Greninja\n|-damage|p2a: Shining Snake|74\/100|[from] item: Life Orb\n|\n|upkeep\n|\n|t:|1700696753\n|switch|p1a: Rapidash|Rapidash, M|100\/100\n|turn|6\n|\n|t:|1700696757\n|-terastallize|p1a: Rapidash|Fairy\n|move|p1a: Rapidash|Play Rough|p2a: Shining Snake\n|-supereffective|p2a: Shining Snake\n|-damage|p2a: Shining Snake|10\/100\n|move|p2a: Shining Snake|Outrage|p1a: Rapidash|[from]lockedmove\n|-immune|p1a: Rapidash\n|\n|-activate|p2a: Shining Snake|ability: Power Construct\n|detailschange|p2a: Shining Snake|Zygarde-Complete, shiny\n|-heal|p2a: Shining Snake|44\/100|[silent]\n|upkeep\n|turn|7\n|\n|t:|1700696771\n|move|p1a: Rapidash|Play Rough|p2a: Shining Snake\n|-supereffective|p2a: Shining Snake\n|-damage|p2a: Shining Snake|7\/100\n|move|p2a: Shining Snake|Thousand Waves|p1a: Rapidash\n|-damage|p1a: Rapidash|14\/100\n|-activate|p1a: Rapidash|trapped\n|-damage|p2a: Shining Snake|0 fnt|[from] item: Life Orb\n|faint|p2a: Shining Snake\n|\n|upkeep\n|\n|t:|1700696781\n|switch|p2a: Espathra|Espathra, M|100\/100\n|turn|8\n|\n|t:|1700696804\n|move|p1a: Rapidash|Flare Blitz|p2a: Espathra\n|-damage|p2a: Espathra|22\/100\n|-damage|p1a: Rapidash|0 fnt|[from] Recoil\n|faint|p1a: Rapidash\n|move|p2a: Espathra|Calm Mind|p2a: Espathra\n|-boost|p2a: Espathra|spa|1\n|-boost|p2a: Espathra|spd|1\n|\n|-ability|p2a: Espathra|Speed Boost|boost\n|-boost|p2a: Espathra|spe|1\n|upkeep\n|\n|t:|1700696813\n|switch|p1a: Incineroar|Incineroar, M|100\/100\n|-ability|p1a: Incineroar|Intimidate|boost\n|-unboost|p2a: Espathra|atk|1\n|turn|9\n|\n|t:|1700696818\n|-terastallize|p2a: Espathra|Fairy\n|move|p1a: Incineroar|Fake Out|p2a: Espathra\n|-damage|p2a: Espathra|4\/100\n|cant|p2a: Espathra|flinch\n|\n|-ability|p2a: Espathra|Speed Boost|boost\n|-boost|p2a: Espathra|spe|1\n|upkeep\n|turn|10\n|\n|t:|1700696826\n|move|p2a: Espathra|Tera Blast|p1a: Incineroar|[anim] Tera Blast Fairy\n|-damage|p1a: Incineroar|44\/100\n|move|p1a: Incineroar|Darkest Lariat|p2a: Espathra\n|-resisted|p2a: Espathra\n|-damage|p2a: Espathra|0 fnt\n|faint|p2a: Espathra\n|\n|upkeep\n|\n|t:|1700696832\n|switch|p2a: Naganada|Naganadel|100\/100\n|turn|11\n|\n|t:|1700696836\n|move|p2a: Naganada|Draco Meteor|p1a: Incineroar\n|-damage|p1a: Incineroar|0 fnt\n|-unboost|p2a: Naganada|spa|2\n|faint|p1a: Incineroar\n|-ability|p2a: Naganada|Beast Boost|boost\n|-boost|p2a: Naganada|spe|1\n|\n|upkeep\n|\n|t:|1700696844\n|switch|p1a: Charizard|Charizard, M|100\/100\n|turn|12\n|\n|t:|1700696849\n|move|p2a: Naganada|Draco Meteor|p1a: Charizard\n|-damage|p1a: Charizard|54\/100\n|-unboost|p2a: Naganada|spa|2\n|move|p1a: Charizard|Dragon Pulse|p2a: Naganada\n|-supereffective|p2a: Naganada\n|-crit|p2a: Naganada\n|-damage|p2a: Naganada|0 fnt\n|faint|p2a: Naganada\n|\n|upkeep\n|\n|t:|1700696857\n|switch|p2a: F.E.A.R. ME|Aron, L1, M, shiny|100\/100\n|turn|13\n|\n|t:|1700696860\n|move|p1a: Charizard|Fire Blast|p2a: F.E.A.R. ME\n|-ability|p2a: F.E.A.R. ME|Sturdy\n|-damage|p2a: F.E.A.R. ME|9\/100\n|move|p2a: F.E.A.R. ME|Endeavor|p1a: Charizard\n|-damage|p1a: Charizard|1\/100\n|-heal|p2a: F.E.A.R. ME|100\/100|[from] item: Shell Bell|[of] p1a: Charizard\n|\n|upkeep\n|turn|14\n|\n|t:|1700696872\n|move|p1a: Charizard|Air Slash|p2a: F.E.A.R. ME\n|-resisted|p2a: F.E.A.R. ME\n|-ability|p2a: F.E.A.R. ME|Sturdy\n|-damage|p2a: F.E.A.R. ME|9\/100\n|move|p2a: F.E.A.R. ME|Reversal|p1a: Charizard\n|-resisted|p1a: Charizard\n|-damage|p1a: Charizard|0 fnt\n|faint|p1a: Charizard\n|-heal|p2a: F.E.A.R. ME|17\/100|[from] item: Shell Bell|[of] p1: Charizard\n|\n|upkeep\n|\n|t:|1700696881\n|switch|p1a: Talonflame|Talonflame, M|100\/100\n|turn|15\n|\n|t:|1700696885\n|move|p1a: Talonflame|Brave Bird|p2a: F.E.A.R. ME\n|-resisted|p2a: F.E.A.R. ME\n|-crit|p2a: F.E.A.R. ME\n|-damage|p2a: F.E.A.R. ME|0 fnt\n|faint|p2a: F.E.A.R. ME\n|-damage|p1a: Talonflame|99\/100|[from] Recoil\n|\n|win|KINGKRICH\n|raw|KINGKRICH's rating: 1037 &rarr; <strong>1075<\/strong><br \/>(+38 for winning)\n|raw|Kenidur1561's rating: 1072 &rarr; <strong>1049<\/strong><br \/>(-23 for losing)\n|c|\u2606Kenidur1561|GGs\n|l|\u2606Kenidur1561\n","uploadtime":1700696898,"views":1,"p1id":"kingkrich","p2id":"kenidur1561","formatid":"gen9nationaldexubers","rating":1049,"private":0,"password":""}