{"id":"gen9nationaldexubers-1989877069","p1":"Sammmmmmmmmmmmm","p2":"Malice Incarnate","format":"[Gen 9] National Dex Ubers","log":"|j|\u2606Sammmmmmmmmmmmm\n|j|\u2606Malice Incarnate\n|t:|1699903164\n|gametype|singles\n|player|p1|Sammmmmmmmmmmmm|bede-masters|\n|player|p2|Malice Incarnate|palmer|\n|teamsize|p1|6\n|teamsize|p2|6\n|gen|9\n|tier|[Gen 9] National Dex Ubers\n|rule|HP Percentage Mod: HP is shown in percentages\n|rule|Endless Battle Clause: Forcing endless battles is banned\n|rule|OHKO Clause: OHKO moves are banned\n|rule|Evasion Moves Clause: Evasion moves are banned\n|rule|Evasion Items Clause: Evasion items are banned\n|rule|Species Clause: Limit one of each Pok\u00e9mon\n|rule|Sleep Clause Mod: Limit one foe put to sleep\n|rule|Mega Rayquaza Clause: You cannot mega evolve Rayquaza\n|clearpoke\n|poke|p1|Necrozma-Dawn-Wings|\n|poke|p1|Hatterene, F|\n|poke|p1|Victini|\n|poke|p1|Tapu Lele|\n|poke|p1|Slowbro, F|\n|poke|p1|Mewtwo|\n|poke|p2|Scizor, M|\n|poke|p2|Landorus-Therian, M|\n|poke|p2|Greninja-*, M|\n|poke|p2|Corviknight, F|\n|poke|p2|Blissey, F|\n|poke|p2|Conkeldurr, F|\n|teampreview\n|inactive|Battle timer is ON: inactive players will automatically lose when time's up. (requested by Malice Incarnate)\n|c|\u2606Malice Incarnate|les do dis\n|\n|t:|1699903179\n|start\n|switch|p1a: Godseeker|Hatterene, F, shiny|100\/100\n|switch|p2a: Amphinobi|Greninja, M|100\/100\n|turn|1\n|\n|t:|1699903205\n|move|p2a: Amphinobi|Gunk Shot|p1a: Godseeker\n|-supereffective|p1a: Godseeker\n|-damage|p1a: Godseeker|37\/100\n|-damage|p2a: Amphinobi|91\/100|[from] item: Life Orb\n|move|p1a: Godseeker|Draining Kiss|p2a: Amphinobi\n|-supereffective|p2a: Amphinobi\n|-damage|p2a: Amphinobi|13\/100\n|-heal|p1a: Godseeker|89\/100|[from] drain|[of] p2a: Amphinobi\n|\n|-heal|p1a: Godseeker|95\/100|[from] item: Leftovers\n|upkeep\n|turn|2\n|\n|t:|1699903213\n|move|p2a: Amphinobi|Gunk Shot|p1a: Godseeker\n|-supereffective|p1a: Godseeker\n|-damage|p1a: Godseeker|24\/100\n|-damage|p2a: Amphinobi|3\/100|[from] item: Life Orb\n|move|p1a: Godseeker|Draining Kiss|p2a: Amphinobi\n|-supereffective|p2a: Amphinobi\n|-damage|p2a: Amphinobi|0 fnt\n|-heal|p1a: Godseeker|26\/100|[from] drain|[of] p2a: Amphinobi\n|faint|p2a: Amphinobi\n|\n|-heal|p1a: Godseeker|32\/100|[from] item: Leftovers\n|upkeep\n|c|\u2606Malice Incarnate|i really thougt that would go\n|\n|t:|1699903220\n|switch|p2a: UUBL|Landorus-Therian, M|100\/100\n|-ability|p2a: UUBL|Intimidate|boost\n|-unboost|p1a: Godseeker|atk|1\n|turn|3\n|c|\u2606Malice Incarnate|i already lost so *shrug*\n|\n|t:|1699903249\n|move|p2a: UUBL|Knock Off|p1a: Godseeker\n|-damage|p1a: Godseeker|0 fnt\n|-enditem|p1a: Godseeker|Leftovers|[from] move: Knock Off|[of] p2a: UUBL\n|faint|p1a: Godseeker\n|\n|upkeep\n|\n|t:|1699903252\n|switch|p1a: Shakra|Mewtwo|100\/100\n|-ability|p1a: Shakra|Pressure\n|turn|4\n|\n|t:|1699903267\n|detailschange|p1a: Shakra|Mewtwo-Mega-X\n|-mega|p1a: Shakra|Mewtwo|Mewtwonite X\n|move|p2a: UUBL|Knock Off|p1a: Shakra\n|-damage|p1a: Shakra|76\/100\n|move|p1a: Shakra|Ice Punch|p2a: UUBL\n|-supereffective|p2a: UUBL\n|-damage|p2a: UUBL|0 fnt\n|faint|p2a: UUBL\n|\n|upkeep\n|\n|t:|1699903270\n|switch|p2a: Faberge|Scizor, M|100\/100\n|turn|5\n|\n|t:|1699903279\n|switch|p1a: Millibelle|Slowbro, F|100\/100\n|detailschange|p2a: Faberge|Scizor-Mega, M\n|-mega|p2a: Faberge|Scizor|Scizorite\n|move|p2a: Faberge|Counter||[still]\n|-fail|p2a: Faberge\n|\n|upkeep\n|turn|6\n|c|\u2606Malice Incarnate|oh come on\n|\n|t:|1699903289\n|move|p2a: Faberge|Knock Off|p1a: Millibelle\n|-supereffective|p1a: Millibelle\n|-crit|p1a: Millibelle\n|-damage|p1a: Millibelle|41\/100\n|-damage|p2a: Faberge|84\/100|[from] item: Rocky Helmet|[of] p1a: Millibelle\n|-enditem|p1a: Millibelle|Rocky Helmet|[from] move: Knock Off|[of] p2a: Faberge\n|move|p1a: Millibelle|Scald|p2a: Faberge\n|-damage|p2a: Faberge|54\/100\n|\n|upkeep\n|turn|7\n|\n|t:|1699903298\n|move|p2a: Faberge|Roost|p2a: Faberge\n|-heal|p2a: Faberge|100\/100\n|-singleturn|p2a: Faberge|move: Roost\n|move|p1a: Millibelle|Teleport|p1a: Millibelle\n|c|\u2606Malice Incarnate|you could have gave me that oen\n|\n|t:|1699903300\n|switch|p1a: Sly|Victini|100\/100|[from] Teleport\n|\n|upkeep\n|turn|8\n|\n|t:|1699903304\n|move|p1a: Sly|V-create|p2a: Faberge\n|-supereffective|p2a: Faberge\n|-damage|p2a: Faberge|0 fnt\n|-unboost|p1a: Sly|spe|1\n|-unboost|p1a: Sly|def|1\n|-unboost|p1a: Sly|spd|1\n|faint|p2a: Faberge\n|\n|upkeep\n|\n|t:|1699903307\n|switch|p2a: Honkeldurr|Conkeldurr, F|100\/100\n|turn|9\n|\n|t:|1699903311\n|-terastallize|p1a: Sly|Fire\n|move|p1a: Sly|V-create|p2a: Honkeldurr\n|-damage|p2a: Honkeldurr|0 fnt\n|-unboost|p1a: Sly|spe|1\n|-unboost|p1a: Sly|def|1\n|-unboost|p1a: Sly|spd|1\n|faint|p2a: Honkeldurr\n|\n|upkeep\n|\n|t:|1699903319\n|switch|p2a: Tinkatrouble|Corviknight, F|100\/100\n|-ability|p2a: Tinkatrouble|Pressure\n|turn|10\n|\n|t:|1699903321\n|-terastallize|p2a: Tinkatrouble|Dragon\n|move|p2a: Tinkatrouble|Brave Bird|p1a: Sly\n|-damage|p1a: Sly|21\/100\n|-damage|p2a: Tinkatrouble|78\/100|[from] Recoil\n|move|p1a: Sly|V-create|p2a: Tinkatrouble\n|-resisted|p2a: Tinkatrouble\n|-damage|p2a: Tinkatrouble|25\/100\n|-unboost|p1a: Sly|spe|1\n|-unboost|p1a: Sly|def|1\n|-unboost|p1a: Sly|spd|1\n|\n|-heal|p2a: Tinkatrouble|31\/100|[from] item: Leftovers\n|upkeep\n|turn|11\n|inactive|Malice Incarnate has 270 seconds left.\n|inactive|Malice Incarnate has 240 seconds left.\n|\n|t:|1699903384\n|move|p2a: Tinkatrouble|Brave Bird|p1a: Sly\n|-damage|p1a: Sly|0 fnt\n|faint|p1a: Sly\n|-damage|p2a: Tinkatrouble|25\/100|[from] Recoil\n|\n|-heal|p2a: Tinkatrouble|32\/100|[from] item: Leftovers\n|upkeep\n|\n|t:|1699903388\n|switch|p1a: Shakra|Mewtwo-Mega-X|76\/100\n|turn|12\n|\n|t:|1699903391\n|move|p1a: Shakra|Ice Punch|p2a: Tinkatrouble\n|-supereffective|p2a: Tinkatrouble\n|-damage|p2a: Tinkatrouble|0 fnt\n|faint|p2a: Tinkatrouble\n|\n|upkeep\n|\n|t:|1699903393\n|switch|p2a: Fat Fuck Friday|Blissey, F|100\/100\n|turn|13\n|\n|t:|1699903395\n|move|p1a: Shakra|Zen Headbutt|p2a: Fat Fuck Friday\n|-damage|p2a: Fat Fuck Friday|0 fnt\n|faint|p2a: Fat Fuck Friday\n|\n|win|Sammmmmmmmmmmmm\n","uploadtime":1699903398,"views":20,"p1id":"sammmmmmmmmmmmm","p2id":"maliceincarnate","formatid":"gen9nationaldexubers","rating":0,"private":0,"password":""}