{"id":"gen9nationaldexubers-1994372480","p1":"ShriveledMonkey","p2":"Replica1","format":"[Gen 9] National Dex Ubers","log":"|j|\u2606ShriveledMonkey\n|j|\u2606Replica1\n|t:|1700436422\n|gametype|singles\n|player|p1|ShriveledMonkey|170|1058\n|player|p2|Replica1|1|1000\n|teamsize|p1|6\n|teamsize|p2|6\n|gen|9\n|tier|[Gen 9] National Dex Ubers\n|rated|\n|rule|HP Percentage Mod: HP is shown in percentages\n|rule|Endless Battle Clause: Forcing endless battles is banned\n|rule|OHKO Clause: OHKO moves are banned\n|rule|Evasion Moves Clause: Evasion moves are banned\n|rule|Evasion Items Clause: Evasion items are banned\n|rule|Species Clause: Limit one of each Pok\u00e9mon\n|rule|Sleep Clause Mod: Limit one foe put to sleep\n|rule|Mega Rayquaza Clause: You cannot mega evolve Rayquaza\n|clearpoke\n|poke|p1|Orbeetle, F|\n|poke|p1|Articuno-Galar|\n|poke|p1|Golduck, F|\n|poke|p1|Skeledirge, F|\n|poke|p1|Xatu, F|\n|poke|p1|Annihilape, F|\n|poke|p2|Deoxys-Defense|\n|poke|p2|Slowbro-Galar, F|\n|poke|p2|Chansey, F|\n|poke|p2|Pyukumuku, M|\n|poke|p2|Sableye, F|\n|poke|p2|Gastrodon, F|\n|teampreview\n|inactive|Battle timer is ON: inactive players will automatically lose when time's up. (requested by Replica1)\n|\n|t:|1700436426\n|start\n|switch|p1a: Articuno|Articuno-Galar|100\/100\n|switch|p2a: Deoxys|Deoxys-Defense|100\/100\n|-ability|p2a: Deoxys|Pressure\n|turn|1\n|\n|t:|1700436435\n|move|p1a: Articuno|Calm Mind|p1a: Articuno\n|-boost|p1a: Articuno|spa|1\n|-boost|p1a: Articuno|spd|1\n|move|p2a: Deoxys|Stealth Rock|p1a: Articuno\n|-sidestart|p1: ShriveledMonkey|move: Stealth Rock\n|\n|upkeep\n|turn|2\n|\n|t:|1700436440\n|move|p1a: Articuno|Shadow Ball|p2a: Deoxys\n|-supereffective|p2a: Deoxys\n|-damage|p2a: Deoxys|3\/100\n|-damage|p1a: Articuno|91\/100|[from] item: Life Orb\n|move|p2a: Deoxys|Spikes|p1a: Articuno\n|-sidestart|p1: ShriveledMonkey|Spikes\n|\n|upkeep\n|turn|3\n|\n|t:|1700436446\n|move|p1a: Articuno|Shadow Ball|p2a: Deoxys\n|-supereffective|p2a: Deoxys\n|-damage|p2a: Deoxys|0 fnt\n|faint|p2a: Deoxys\n|-damage|p1a: Articuno|81\/100|[from] item: Life Orb\n|\n|upkeep\n|\n|t:|1700436449\n|switch|p2a: Pyukumuku|Pyukumuku, M|100\/100\n|turn|4\n|\n|t:|1700436459\n|move|p1a: Articuno|Freezing Glare|p2a: Pyukumuku\n|-damage|p2a: Pyukumuku|45\/100\n|-damage|p1a: Articuno|71\/100|[from] item: Life Orb\n|move|p2a: Pyukumuku|Light Screen|p2a: Pyukumuku\n|-sidestart|p2: Replica1|move: Light Screen\n|\n|upkeep\n|turn|5\n|\n|t:|1700436466\n|move|p1a: Articuno|Freezing Glare|p2a: Pyukumuku\n|-damage|p2a: Pyukumuku|17\/100\n|-damage|p1a: Articuno|61\/100|[from] item: Life Orb\n|move|p2a: Pyukumuku|Reflect|p2a: Pyukumuku\n|-sidestart|p2: Replica1|Reflect\n|\n|upkeep\n|turn|6\n|\n|t:|1700436472\n|move|p1a: Articuno|Freezing Glare|p2a: Pyukumuku\n|-damage|p2a: Pyukumuku|0 fnt\n|-damage|p1a: Articuno|45\/100|[from] ability: Innards Out|[of] p2a: Pyukumuku\n|faint|p2a: Pyukumuku\n|-damage|p1a: Articuno|35\/100|[from] item: Life Orb\n|\n|upkeep\n|\n|t:|1700436480\n|switch|p2a: Slowbro|Slowbro-Galar, F|100\/100\n|turn|7\n|-activate|p2a: Slowbro|ability: Quick Draw\n|\n|t:|1700436491\n|move|p2a: Slowbro|Sludge Wave|p1a: Articuno\n|-damage|p1a: Articuno|0 fnt\n|faint|p1a: Articuno\n|\n|upkeep\n|\n|t:|1700436503\n|switch|p1a: Skeledirge|Skeledirge, F|100\/100\n|-damage|p1a: Skeledirge|75\/100|[from] Stealth Rock\n|-damage|p1a: Skeledirge|63\/100|[from] Spikes\n|turn|8\n|-activate|p2a: Slowbro|ability: Quick Draw\n|\n|t:|1700436514\n|move|p2a: Slowbro|Sludge Wave|p1a: Skeledirge\n|-resisted|p1a: Skeledirge\n|-damage|p1a: Skeledirge|41\/100\n|move|p1a: Skeledirge|Will-O-Wisp|p2a: Slowbro\n|-status|p2a: Slowbro|brn\n|\n|-damage|p2a: Slowbro|94\/100 brn|[from] brn\n|upkeep\n|turn|9\n|\n|t:|1700436523\n|move|p1a: Skeledirge|Protect|p1a: Skeledirge\n|-singleturn|p1a: Skeledirge|Protect\n|move|p2a: Slowbro|Psychic|p1a: Skeledirge\n|-activate|p1a: Skeledirge|move: Protect\n|\n|-damage|p2a: Slowbro|88\/100 brn|[from] brn\n|upkeep\n|turn|10\n|\n|t:|1700436531\n|move|p1a: Skeledirge|Torch Song|p2a: Slowbro\n|-damage|p2a: Slowbro|63\/100 brn\n|-boost|p1a: Skeledirge|spa|1\n|-enditem|p1a: Skeledirge|Throat Spray\n|-boost|p1a: Skeledirge|spa|1|[from] item: Throat Spray\n|move|p2a: Slowbro|Psychic|p1a: Skeledirge\n|-damage|p1a: Skeledirge|0 fnt\n|faint|p1a: Skeledirge\n|\n|-damage|p2a: Slowbro|57\/100 brn|[from] brn\n|upkeep\n|\n|t:|1700436545\n|switch|p1a: Annihilape|Annihilape, F|100\/100\n|-damage|p1a: Annihilape|94\/100|[from] Stealth Rock\n|-damage|p1a: Annihilape|82\/100|[from] Spikes\n|turn|11\n|\n|t:|1700436552\n|move|p1a: Annihilape|Bulk Up|p1a: Annihilape\n|-boost|p1a: Annihilape|atk|1\n|-boost|p1a: Annihilape|def|1\n|move|p2a: Slowbro|Psychic|p1a: Annihilape\n|-supereffective|p1a: Annihilape\n|-damage|p1a: Annihilape|23\/100\n|\n|-heal|p1a: Annihilape|29\/100|[from] item: Leftovers\n|-damage|p2a: Slowbro|51\/100 brn|[from] brn\n|-sideend|p2: Replica1|move: Light Screen\n|upkeep\n|turn|12\n|-activate|p2a: Slowbro|item: Quick Claw\n|\n|t:|1700436563\n|move|p2a: Slowbro|Psychic|p1a: Annihilape\n|-supereffective|p1a: Annihilape\n|-damage|p1a: Annihilape|0 fnt\n|faint|p1a: Annihilape\n|\n|-damage|p2a: Slowbro|45\/100 brn|[from] brn\n|-sideend|p2: Replica1|Reflect\n|upkeep\n|\n|t:|1700436572\n|switch|p1a: Orbeetle|Orbeetle, F|100\/100\n|-damage|p1a: Orbeetle|75\/100|[from] Stealth Rock\n|-damage|p1a: Orbeetle|63\/100|[from] Spikes\n|-item|p2a: Slowbro|Quick Claw|[from] ability: Frisk|[of] p1a: Orbeetle|[identify]\n|turn|13\n|-activate|p2a: Slowbro|ability: Quick Draw\n|\n|t:|1700436582\n|move|p2a: Slowbro|Sludge Wave|p1a: Orbeetle\n|-crit|p1a: Orbeetle\n|-damage|p1a: Orbeetle|3\/100\n|move|p1a: Orbeetle|Calm Mind|p1a: Orbeetle\n|-boost|p1a: Orbeetle|spa|1\n|-boost|p1a: Orbeetle|spd|1\n|\n|-heal|p1a: Orbeetle|9\/100|[from] item: Leftovers\n|-damage|p2a: Slowbro|39\/100 brn|[from] brn\n|upkeep\n|turn|14\n|\n|t:|1700436599\n|move|p1a: Orbeetle|Recover|p1a: Orbeetle\n|-heal|p1a: Orbeetle|59\/100\n|move|p2a: Slowbro|Sludge Wave|p1a: Orbeetle\n|-damage|p1a: Orbeetle|29\/100\n|\n|-heal|p1a: Orbeetle|35\/100|[from] item: Leftovers\n|-damage|p2a: Slowbro|33\/100 brn|[from] brn\n|upkeep\n|turn|15\n|-activate|p2a: Slowbro|ability: Quick Draw\n|\n|t:|1700436606\n|move|p2a: Slowbro|Sludge Wave|p1a: Orbeetle\n|-damage|p1a: Orbeetle|9\/100\n|move|p1a: Orbeetle|Recover|p1a: Orbeetle\n|-heal|p1a: Orbeetle|59\/100\n|\n|-heal|p1a: Orbeetle|65\/100|[from] item: Leftovers\n|-damage|p2a: Slowbro|27\/100 brn|[from] brn\n|upkeep\n|turn|16\n|\n|t:|1700436616\n|switch|p2a: Chansey|Chansey, F|100\/100\n|move|p1a: Orbeetle|Bug Buzz|p2a: Chansey\n|-damage|p2a: Chansey|81\/100\n|\n|-heal|p1a: Orbeetle|71\/100|[from] item: Leftovers\n|upkeep\n|turn|17\n|\n|t:|1700436628\n|move|p1a: Orbeetle|Calm Mind|p1a: Orbeetle\n|-boost|p1a: Orbeetle|spa|1\n|-boost|p1a: Orbeetle|spd|1\n|move|p2a: Chansey|Ice Punch|p1a: Orbeetle\n|-damage|p1a: Orbeetle|64\/100\n|\n|-heal|p1a: Orbeetle|71\/100|[from] item: Leftovers\n|upkeep\n|turn|18\n|\n|t:|1700436644\n|move|p1a: Orbeetle|Calm Mind|p1a: Orbeetle\n|-boost|p1a: Orbeetle|spa|1\n|-boost|p1a: Orbeetle|spd|1\n|move|p2a: Chansey|Power-Up Punch|p1a: Orbeetle\n|-resisted|p1a: Orbeetle\n|-damage|p1a: Orbeetle|70\/100\n|-boost|p2a: Chansey|atk|1\n|\n|-heal|p1a: Orbeetle|76\/100|[from] item: Leftovers\n|upkeep\n|turn|19\n|\n|t:|1700436653\n|move|p1a: Orbeetle|Calm Mind|p1a: Orbeetle\n|-boost|p1a: Orbeetle|spa|1\n|-boost|p1a: Orbeetle|spd|1\n|move|p2a: Chansey|Power-Up Punch|p1a: Orbeetle\n|-resisted|p1a: Orbeetle\n|-crit|p1a: Orbeetle\n|-damage|p1a: Orbeetle|74\/100\n|-boost|p2a: Chansey|atk|1\n|\n|-heal|p1a: Orbeetle|80\/100|[from] item: Leftovers\n|upkeep\n|turn|20\n|\n|t:|1700436661\n|move|p1a: Orbeetle|Calm Mind|p1a: Orbeetle\n|-boost|p1a: Orbeetle|spa|1\n|-boost|p1a: Orbeetle|spd|1\n|move|p2a: Chansey|Power-Up Punch|p1a: Orbeetle\n|-resisted|p1a: Orbeetle\n|-crit|p1a: Orbeetle\n|-damage|p1a: Orbeetle|78\/100\n|-boost|p2a: Chansey|atk|1\n|\n|-heal|p1a: Orbeetle|84\/100|[from] item: Leftovers\n|upkeep\n|turn|21\n|\n|t:|1700436673\n|move|p1a: Orbeetle|Calm Mind|p1a: Orbeetle\n|-boost|p1a: Orbeetle|spa|1\n|-boost|p1a: Orbeetle|spd|1\n|move|p2a: Chansey|Power-Up Punch|p1a: Orbeetle\n|-resisted|p1a: Orbeetle\n|-crit|p1a: Orbeetle\n|-damage|p1a: Orbeetle|81\/100\n|-boost|p2a: Chansey|atk|1\n|\n|-heal|p1a: Orbeetle|88\/100|[from] item: Leftovers\n|upkeep\n|turn|22\n|\n|t:|1700436684\n|move|p1a: Orbeetle|Stored Power|p2a: Chansey\n|-damage|p2a: Chansey|0 fnt\n|faint|p2a: Chansey\n|\n|-heal|p1a: Orbeetle|94\/100|[from] item: Leftovers\n|upkeep\n|\n|t:|1700436690\n|switch|p2a: Gastrodon|Gastrodon, F|100\/100\n|turn|23\n|\n|t:|1700436697\n|move|p1a: Orbeetle|Stored Power|p2a: Gastrodon\n|-damage|p2a: Gastrodon|0 fnt\n|faint|p2a: Gastrodon\n|\n|-heal|p1a: Orbeetle|99\/100|[from] item: Leftovers\n|upkeep\n|-message|Replica1 forfeited.\n|\n|win|ShriveledMonkey\n|raw|ShriveledMonkey's rating: 1058 &rarr; <strong>1084<\/strong><br \/>(+26 for winning)\n|raw|Replica1's rating: 1000 &rarr; <strong>1000<\/strong><br \/>(+0 for losing)\n|l|\u2606Replica1\n","uploadtime":1700436707,"views":4,"p1id":"shriveledmonkey","p2id":"replica1","formatid":"gen9nationaldexubers","rating":1000,"private":0,"password":""}