{"id":"gen9nationaldexubers-1991921639","p1":"C0ld as Ice","p2":"MommyMikuNakano","format":"[Gen 9] National Dex Ubers","log":"|j|\u2606C0ld as Ice\n|j|\u2606MommyMikuNakano\n|t:|1700138452\n|gametype|singles\n|player|p1|C0ld as Ice|170|1819\n|player|p2|MommyMikuNakano|erika-gen1|1894\n|teamsize|p1|6\n|teamsize|p2|6\n|gen|9\n|tier|[Gen 9] National Dex Ubers\n|rated|\n|rule|HP Percentage Mod: HP is shown in percentages\n|rule|Endless Battle Clause: Forcing endless battles is banned\n|rule|OHKO Clause: OHKO moves are banned\n|rule|Evasion Moves Clause: Evasion moves are banned\n|rule|Evasion Items Clause: Evasion items are banned\n|rule|Species Clause: Limit one of each Pok\u00e9mon\n|rule|Sleep Clause Mod: Limit one foe put to sleep\n|rule|Mega Rayquaza Clause: You cannot mega evolve Rayquaza\n|clearpoke\n|poke|p1|Marshadow|\n|poke|p1|Ho-Oh|\n|poke|p1|Necrozma-Dusk-Mane|\n|poke|p1|Groudon, L99|\n|poke|p1|Arceus-Ground|\n|poke|p1|Yveltal|\n|poke|p2|Ditto|\n|poke|p2|Necrozma-Dusk-Mane|\n|poke|p2|Magearna|\n|poke|p2|Dondozo, F|\n|poke|p2|Kingambit, M|\n|poke|p2|Arceus-Ground|\n|teampreview\n|inactive|Battle timer is ON: inactive players will automatically lose when time's up. (requested by C0ld as Ice)\n|inactive|MommyMikuNakano also wants the timer to be on.\n|\n|t:|1700138467\n|start\n|switch|p1a: Yveltal|Yveltal, shiny|100\/100\n|switch|p2a: Arceus|Arceus-Ground|100\/100\n|-ability|p1a: Yveltal|Dark Aura\n|turn|1\n|j| cheese miestro\n|\n|t:|1700138470\n|switch|p1a: Necrozma|Necrozma-Dusk-Mane, shiny|100\/100\n|move|p2a: Arceus|Toxic|p1a: Necrozma\n|-immune|p1a: Necrozma\n|\n|upkeep\n|turn|2\n|\n|t:|1700138474\n|switch|p1a: Ho-Oh|Ho-Oh, shiny|100\/100\n|move|p2a: Arceus|Toxic|p1a: Ho-Oh\n|-status|p1a: Ho-Oh|tox\n|\n|-damage|p1a: Ho-Oh|94\/100 tox|[from] psn\n|upkeep\n|turn|3\n|\n|t:|1700138477\n|switch|p2a: Dondozo|Dondozo, F|100\/100\n|move|p1a: Ho-Oh|Sacred Fire|p2a: Dondozo\n|-resisted|p2a: Dondozo\n|-damage|p2a: Dondozo|85\/100\n|-status|p2a: Dondozo|brn\n|\n|-heal|p2a: Dondozo|91\/100 brn|[from] item: Leftovers\n|-damage|p1a: Ho-Oh|82\/100 tox|[from] psn\n|-damage|p2a: Dondozo|85\/100 brn|[from] brn\n|upkeep\n|turn|4\n|\n|t:|1700138489\n|switch|p1a: Groudon|Groudon, L99, shiny|100\/100\n|detailschange|p1a: Groudon|Groudon-Primal, L99, shiny\n|-primal|p1a: Groudon|Red Orb\n|-weather|DesolateLand|[from] ability: Desolate Land|[of] p1a: Groudon\n|switch|p2a: Arceus|Arceus-Ground|100\/100\n|\n|-weather|DesolateLand|[upkeep]\n|upkeep\n|turn|5\n|\n|t:|1700138508\n|-weather|none\n|switch|p1a: Ho-Oh|Ho-Oh, shiny|100\/100 tox\n|move|p2a: Arceus|Judgment|p1a: Ho-Oh\n|-immune|p1a: Ho-Oh\n|\n|-damage|p1a: Ho-Oh|94\/100 tox|[from] psn\n|upkeep\n|turn|6\n|\n|t:|1700138512\n|move|p2a: Arceus|Judgment|p1a: Ho-Oh\n|-immune|p1a: Ho-Oh\n|move|p1a: Ho-Oh|Sacred Fire|p2a: Arceus\n|-damage|p2a: Arceus|53\/100\n|-status|p2a: Arceus|brn\n|\n|-damage|p1a: Ho-Oh|82\/100 tox|[from] psn\n|-damage|p2a: Arceus|47\/100 brn|[from] brn\n|upkeep\n|turn|7\n|\n|t:|1700138519\n|move|p2a: Arceus|Recover|p2a: Arceus\n|-heal|p2a: Arceus|97\/100 brn\n|move|p1a: Ho-Oh|Sacred Fire|p2a: Arceus\n|-damage|p2a: Arceus|45\/100 brn\n|\n|-damage|p1a: Ho-Oh|64\/100 tox|[from] psn\n|-damage|p2a: Arceus|39\/100 brn|[from] brn\n|upkeep\n|turn|8\n|\n|t:|1700138524\n|switch|p1a: Marshadow|Marshadow|100\/100\n|move|p2a: Arceus|Recover|p2a: Arceus\n|-heal|p2a: Arceus|89\/100 brn\n|\n|-damage|p2a: Arceus|83\/100 brn|[from] brn\n|upkeep\n|turn|9\n|\n|t:|1700138544\n|switch|p2a: Kingambit|Kingambit, M, shiny|100\/100\n|switch|p1a: Ho-Oh|Ho-Oh, shiny|98\/100 tox\n|\n|-damage|p1a: Ho-Oh|92\/100 tox|[from] psn\n|upkeep\n|turn|10\n|\n|t:|1700138552\n|switch|p1a: Groudon|Groudon-Primal, L99, shiny|100\/100\n|-weather|DesolateLand|[from] ability: Desolate Land|[of] p1a: Groudon\n|-end|p2a: Kingambit|fallenundefined|[silent]\n|switch|p2a: Dondozo|Dondozo, F|85\/100 brn\n|\n|-weather|DesolateLand|[upkeep]\n|-heal|p2a: Dondozo|91\/100 brn|[from] item: Leftovers\n|-damage|p2a: Dondozo|85\/100 brn|[from] brn\n|upkeep\n|turn|11\n|\n|t:|1700138556\n|switch|p2a: Arceus|Arceus-Ground|83\/100 brn\n|move|p1a: Groudon|Spikes|p2a: Arceus\n|-sidestart|p2: MommyMikuNakano|Spikes\n|\n|-weather|DesolateLand|[upkeep]\n|-damage|p2a: Arceus|77\/100 brn|[from] brn\n|upkeep\n|turn|12\n|\n|t:|1700138561\n|switch|p2a: Necrozma|Necrozma-Dusk-Mane|100\/100\n|-damage|p2a: Necrozma|88\/100|[from] Spikes\n|-weather|none\n|switch|p1a: Ho-Oh|Ho-Oh, shiny|100\/100 tox\n|\n|-damage|p1a: Ho-Oh|94\/100 tox|[from] psn\n|upkeep\n|turn|13\n|\n|t:|1700138565\n|switch|p1a: Marshadow|Marshadow|100\/100\n|detailschange|p2a: Necrozma|Necrozma-Ultra\n|-burst|p2a: Necrozma|Necrozma|Ultranecrozium Z\n|move|p2a: Necrozma|Stealth Rock|p1a: Marshadow\n|-sidestart|p1: C0ld as Ice|move: Stealth Rock\n|\n|upkeep\n|turn|14\n|\n|t:|1700138569\n|-activate|p2a: Necrozma|move: Pursuit\n|move|p1a: Marshadow|Pursuit|p2a: Necrozma|[from]Pursuit\n|-supereffective|p2a: Necrozma\n|-damage|p2a: Necrozma|0 fnt\n|faint|p2a: Necrozma\n|-hint|A Pokemon can't switch between when it runs out of HP and when it faints\n|\n|upkeep\n|\n|t:|1700138573\n|switch|p2a: Kingambit|Kingambit, M, shiny|100\/100\n|-damage|p2a: Kingambit|88\/100|[from] Spikes\n|-activate|p2a: Kingambit|ability: Supreme Overlord\n|-start|p2a: Kingambit|fallen1|[silent]\n|turn|15\n|\n|t:|1700138576\n|switch|p1a: Yveltal|Yveltal, shiny|100\/100\n|-ability|p1a: Yveltal|Dark Aura\n|move|p2a: Kingambit|Knock Off|p1a: Yveltal\n|-resisted|p1a: Yveltal\n|-damage|p1a: Yveltal|64\/100\n|-enditem|p1a: Yveltal|Heavy-Duty Boots|[from] move: Knock Off|[of] p2a: Kingambit\n|\n|upkeep\n|turn|16\n|\n|t:|1700138579\n|move|p1a: Yveltal|Defog|p2a: Kingambit\n|-unboost|p2a: Kingambit|evasion|1\n|-sideend|p2: MommyMikuNakano|Spikes|[from] move: Defog|[of] p1a: Yveltal\n|-sideend|p1: C0ld as Ice|Stealth Rock|[from] move: Defog|[of] p1a: Yveltal\n|move|p2a: Kingambit|Swords Dance|p2a: Kingambit\n|-boost|p2a: Kingambit|atk|2\n|\n|upkeep\n|turn|17\n|\n|t:|1700138584\n|move|p1a: Yveltal|Foul Play|p2a: Kingambit\n|-resisted|p2a: Kingambit\n|-damage|p2a: Kingambit|33\/100\n|move|p2a: Kingambit|Knock Off|p1a: Yveltal\n|-resisted|p1a: Yveltal\n|-damage|p1a: Yveltal|17\/100\n|\n|upkeep\n|turn|18\n|\n|t:|1700138589\n|move|p1a: Yveltal|Roost|p1a: Yveltal\n|-heal|p1a: Yveltal|67\/100\n|-singleturn|p1a: Yveltal|move: Roost\n|move|p2a: Kingambit|Iron Head|p1a: Yveltal\n|-damage|p1a: Yveltal|1\/100\n|\n|upkeep\n|turn|19\n|\n|t:|1700138597\n|-end|p2a: Kingambit|fallen1|[silent]\n|switch|p2a: Magearna|Magearna|100\/100\n|move|p1a: Yveltal|Foul Play|p2a: Magearna\n|-resisted|p2a: Magearna\n|-damage|p2a: Magearna|86\/100\n|\n|upkeep\n|turn|20\n|\n|t:|1700138601\n|move|p1a: Yveltal|Roost|p1a: Yveltal\n|-heal|p1a: Yveltal|51\/100\n|-singleturn|p1a: Yveltal|move: Roost\n|move|p2a: Magearna|Heal Bell|p2a: Magearna\n|-activate|p2a: Magearna|move: Heal Bell\n|-curestatus|p2: Arceus|brn|[msg]\n|-curestatus|p2: Dondozo|brn|[msg]\n|\n|upkeep\n|turn|21\n|\n|t:|1700138604\n|switch|p2a: Arceus|Arceus-Ground|77\/100\n|move|p1a: Yveltal|U-turn|p2a: Arceus\n|-damage|p2a: Arceus|65\/100\n|\n|t:|1700138607\n|switch|p1a: Ho-Oh|Ho-Oh, shiny|100\/100 tox|[from] U-turn\n|\n|-damage|p1a: Ho-Oh|94\/100 tox|[from] psn\n|upkeep\n|turn|22\n|\n|t:|1700138610\n|switch|p2a: Dondozo|Dondozo, F|85\/100\n|move|p1a: Ho-Oh|Sacred Fire|p2a: Dondozo\n|-resisted|p2a: Dondozo\n|-damage|p2a: Dondozo|69\/100\n|\n|-heal|p2a: Dondozo|75\/100|[from] item: Leftovers\n|-damage|p1a: Ho-Oh|82\/100 tox|[from] psn\n|upkeep\n|turn|23\n|\n|t:|1700138615\n|switch|p1a: Groudon|Groudon-Primal, L99, shiny|100\/100\n|-weather|DesolateLand|[from] ability: Desolate Land|[of] p1a: Groudon\n|switch|p2a: Arceus|Arceus-Ground|65\/100\n|\n|-weather|DesolateLand|[upkeep]\n|upkeep\n|turn|24\n|\n|t:|1700138619\n|-weather|none\n|switch|p1a: Ho-Oh|Ho-Oh, shiny|100\/100 tox\n|move|p2a: Arceus|Recover|p2a: Arceus\n|-heal|p2a: Arceus|100\/100\n|\n|-damage|p1a: Ho-Oh|94\/100 tox|[from] psn\n|upkeep\n|turn|25\n|\n|t:|1700138631\n|switch|p2a: Dondozo|Dondozo, F|75\/100\n|move|p1a: Ho-Oh|Brave Bird|p2a: Dondozo\n|-damage|p2a: Dondozo|34\/100\n|-damage|p1a: Ho-Oh|78\/100 tox|[from] Recoil\n|\n|-heal|p2a: Dondozo|40\/100|[from] item: Leftovers\n|-damage|p1a: Ho-Oh|66\/100 tox|[from] psn\n|upkeep\n|turn|26\n|\n|t:|1700138634\n|move|p1a: Ho-Oh|Brave Bird|p2a: Dondozo\n|-damage|p2a: Dondozo|0 fnt\n|faint|p2a: Dondozo\n|-damage|p1a: Ho-Oh|50\/100 tox|[from] Recoil\n|\n|-damage|p1a: Ho-Oh|32\/100 tox|[from] psn\n|upkeep\n|\n|t:|1700138642\n|switch|p2a: Ditto|Ditto, shiny|100\/100\n|-transform|p2a: Ditto|p1a: Ho-Oh|[from] ability: Imposter\n|turn|27\n|\n|t:|1700138645\n|switch|p2a: Arceus|Arceus-Ground|100\/100\n|switch|p1a: Groudon|Groudon-Primal, L99, shiny|100\/100\n|-weather|DesolateLand|[from] ability: Desolate Land|[of] p1a: Groudon\n|\n|-weather|DesolateLand|[upkeep]\n|upkeep\n|turn|28\n|\n|t:|1700138648\n|switch|p2a: Ditto|Ditto, shiny|100\/100\n|-transform|p2a: Ditto|p1a: Groudon|[from] ability: Imposter\n|switch|p1a: Ho-Oh|Ho-Oh, shiny|65\/100 tox\n|\n|-weather|DesolateLand|[upkeep]\n|-damage|p1a: Ho-Oh|59\/100 tox|[from] psn\n|upkeep\n|turn|29\n|\n|t:|1700138655\n|switch|p1a: Yveltal|Yveltal, shiny|51\/100\n|-ability|p1a: Yveltal|Dark Aura\n|move|p2a: Ditto|Precipice Blades|p1a: Yveltal\n|-immune|p1a: Yveltal\n|\n|-weather|DesolateLand|[upkeep]\n|upkeep\n|turn|30\n|\n|t:|1700138658\n|-weather|none\n|switch|p2a: Magearna|Magearna|86\/100\n|move|p1a: Yveltal|U-turn|p2a: Magearna\n|-resisted|p2a: Magearna\n|-damage|p2a: Magearna|82\/100\n|\n|t:|1700138661\n|switch|p1a: Groudon|Groudon-Primal, L99, shiny|100\/100|[from] U-turn\n|-weather|DesolateLand|[from] ability: Desolate Land|[of] p1a: Groudon\n|\n|-weather|DesolateLand|[upkeep]\n|upkeep\n|turn|31\n|\n|t:|1700138664\n|switch|p2a: Arceus|Arceus-Ground|100\/100\n|move|p1a: Groudon|Spikes|p2a: Arceus\n|-sidestart|p2: MommyMikuNakano|Spikes\n|\n|-weather|DesolateLand|[upkeep]\n|upkeep\n|turn|32\n|\n|t:|1700138667\n|-weather|none\n|switch|p1a: Ho-Oh|Ho-Oh, shiny|93\/100 tox\n|move|p2a: Arceus|Judgment|p1a: Ho-Oh\n|-immune|p1a: Ho-Oh\n|\n|-damage|p1a: Ho-Oh|87\/100 tox|[from] psn\n|upkeep\n|turn|33\n|\n|t:|1700138685\n|switch|p2a: Ditto|Ditto, shiny|100\/100\n|-damage|p2a: Ditto|88\/100|[from] Spikes\n|-transform|p2a: Ditto|p1a: Ho-Oh|[from] ability: Imposter\n|move|p1a: Ho-Oh|Brave Bird|p2a: Ditto\n|-damage|p2a: Ditto|0 fnt\n|faint|p2a: Ditto\n|-damage|p1a: Ho-Oh|66\/100 tox|[from] Recoil\n|\n|-damage|p1a: Ho-Oh|54\/100 tox|[from] psn\n|upkeep\n|\n|t:|1700138692\n|switch|p2a: Arceus|Arceus-Ground|100\/100\n|-damage|p2a: Arceus|88\/100|[from] Spikes\n|turn|34\n|\n|t:|1700138696\n|switch|p1a: Yveltal|Yveltal, shiny|51\/100\n|-ability|p1a: Yveltal|Dark Aura\n|move|p2a: Arceus|Toxic|p1a: Yveltal\n|-status|p1a: Yveltal|tox\n|\n|-damage|p1a: Yveltal|45\/100 tox|[from] psn\n|upkeep\n|turn|35\n|\n|t:|1700138700\n|move|p2a: Arceus|Taunt|p1a: Yveltal\n|-start|p1a: Yveltal|move: Taunt\n|cant|p1a: Yveltal|move: Taunt|Roost\n|\n|-damage|p1a: Yveltal|33\/100 tox|[from] psn\n|upkeep\n|turn|36\n|\n|t:|1700138704\n|switch|p1a: Ho-Oh|Ho-Oh, shiny|87\/100 tox\n|move|p2a: Arceus|Toxic|p1a: Ho-Oh\n|-fail|p1a: Ho-Oh|tox\n|\n|-damage|p1a: Ho-Oh|81\/100 tox|[from] psn\n|upkeep\n|turn|37\n|\n|t:|1700138708\n|switch|p2a: Magearna|Magearna|82\/100\n|-damage|p2a: Magearna|70\/100|[from] Spikes\n|move|p1a: Ho-Oh|Brave Bird|p2a: Magearna\n|-resisted|p2a: Magearna\n|-damage|p2a: Magearna|31\/100\n|-damage|p1a: Ho-Oh|69\/100 tox|[from] Recoil\n|\n|-damage|p1a: Ho-Oh|57\/100 tox|[from] psn\n|upkeep\n|turn|38\n|\n|t:|1700138714\n|move|p1a: Ho-Oh|Brave Bird|p2a: Magearna\n|-resisted|p2a: Magearna\n|-damage|p2a: Magearna|0 fnt\n|faint|p2a: Magearna\n|-damage|p1a: Ho-Oh|49\/100 tox|[from] Recoil\n|\n|-damage|p1a: Ho-Oh|31\/100 tox|[from] psn\n|upkeep\n|\n|t:|1700138719\n|switch|p2a: Arceus|Arceus-Ground|88\/100\n|-damage|p2a: Arceus|76\/100|[from] Spikes\n|turn|39\n|\n|t:|1700138736\n|switch|p1a: Yveltal|Yveltal, shiny|33\/100 tox\n|-ability|p1a: Yveltal|Dark Aura\n|move|p2a: Arceus|Judgment|p1a: Yveltal\n|-immune|p1a: Yveltal\n|\n|-damage|p1a: Yveltal|26\/100 tox|[from] psn\n|upkeep\n|turn|40\n|\n|t:|1700138741\n|switch|p1a: Ho-Oh|Ho-Oh, shiny|64\/100 tox\n|move|p2a: Arceus|Taunt|p1a: Ho-Oh\n|-start|p1a: Ho-Oh|move: Taunt\n|\n|-damage|p1a: Ho-Oh|58\/100 tox|[from] psn\n|upkeep\n|turn|41\n|\n|t:|1700138750\n|switch|p1a: Yveltal|Yveltal, shiny|26\/100 tox\n|-ability|p1a: Yveltal|Dark Aura\n|-terastallize|p2a: Arceus|Water\n|move|p2a: Arceus|Toxic|p1a: Yveltal\n|-fail|p1a: Yveltal|tox\n|\n|-damage|p1a: Yveltal|20\/100 tox|[from] psn\n|upkeep\n|turn|42\n|\n|t:|1700138754\n|move|p2a: Arceus|Taunt|p1a: Yveltal\n|-start|p1a: Yveltal|move: Taunt\n|move|p1a: Yveltal|U-turn|p2a: Arceus\n|-damage|p2a: Arceus|64\/100\n|\n|t:|1700138756\n|switch|p1a: Ho-Oh|Ho-Oh, shiny|91\/100 tox|[from] U-turn\n|\n|-damage|p1a: Ho-Oh|85\/100 tox|[from] psn\n|upkeep\n|turn|43\n|\n|t:|1700138761\n|move|p2a: Arceus|Recover|p2a: Arceus\n|-heal|p2a: Arceus|100\/100\n|move|p1a: Ho-Oh|Brave Bird|p2a: Arceus\n|-damage|p2a: Arceus|37\/100\n|-damage|p1a: Ho-Oh|63\/100 tox|[from] Recoil\n|\n|-damage|p1a: Ho-Oh|51\/100 tox|[from] psn\n|upkeep\n|turn|44\n|\n|t:|1700138763\n|move|p2a: Arceus|Recover|p2a: Arceus\n|-heal|p2a: Arceus|87\/100\n|move|p1a: Ho-Oh|Brave Bird|p2a: Arceus\n|-damage|p2a: Arceus|31\/100\n|-damage|p1a: Ho-Oh|31\/100 tox|[from] Recoil\n|\n|-damage|p1a: Ho-Oh|13\/100 tox|[from] psn\n|upkeep\n|turn|45\n|\n|t:|1700138766\n|switch|p1a: Yveltal|Yveltal, shiny|20\/100 tox\n|-ability|p1a: Yveltal|Dark Aura\n|move|p2a: Arceus|Recover|p2a: Arceus\n|-heal|p2a: Arceus|81\/100\n|\n|-damage|p1a: Yveltal|14\/100 tox|[from] psn\n|upkeep\n|turn|46\n|\n|t:|1700138771\n|switch|p1a: Ho-Oh|Ho-Oh, shiny|46\/100 tox\n|move|p2a: Arceus|Toxic|p1a: Ho-Oh\n|-fail|p1a: Ho-Oh|tox\n|\n|-damage|p1a: Ho-Oh|40\/100 tox|[from] psn\n|upkeep\n|turn|47\n|\n|t:|1700138784\n|switch|p1a: Yveltal|Yveltal, shiny|14\/100 tox\n|-ability|p1a: Yveltal|Dark Aura\n|move|p2a: Arceus|Toxic|p1a: Yveltal\n|-fail|p1a: Yveltal|tox\n|\n|-damage|p1a: Yveltal|8\/100 tox|[from] psn\n|upkeep\n|turn|48\n|\n|t:|1700138793\n|move|p2a: Arceus|Taunt|p1a: Yveltal\n|-start|p1a: Yveltal|move: Taunt\n|move|p1a: Yveltal|U-turn|p2a: Arceus\n|-damage|p2a: Arceus|69\/100\n|\n|t:|1700138801\n|switch|p1a: Ho-Oh|Ho-Oh, shiny|73\/100 tox|[from] U-turn\n|\n|-damage|p1a: Ho-Oh|67\/100 tox|[from] psn\n|upkeep\n|turn|49\n|\n|t:|1700138808\n|move|p2a: Arceus|Recover|p2a: Arceus\n|-heal|p2a: Arceus|100\/100\n|move|p1a: Ho-Oh|Brave Bird|p2a: Arceus\n|-damage|p2a: Arceus|44\/100\n|-damage|p1a: Ho-Oh|47\/100 tox|[from] Recoil\n|\n|-damage|p1a: Ho-Oh|35\/100 tox|[from] psn\n|upkeep\n|turn|50\n|\n|t:|1700138812\n|switch|p1a: Yveltal|Yveltal, shiny|8\/100 tox\n|-ability|p1a: Yveltal|Dark Aura\n|move|p2a: Arceus|Recover|p2a: Arceus\n|-heal|p2a: Arceus|94\/100\n|\n|-damage|p1a: Yveltal|2\/100 tox|[from] psn\n|upkeep\n|turn|51\n|l| cheese miestro\n|\n|t:|1700138817\n|move|p2a: Arceus|Taunt|p1a: Yveltal\n|-start|p1a: Yveltal|move: Taunt\n|move|p1a: Yveltal|U-turn|p2a: Arceus\n|-damage|p2a: Arceus|82\/100\n|\n|t:|1700138832\n|switch|p1a: Ho-Oh|Ho-Oh, shiny|68\/100 tox|[from] U-turn\n|\n|-damage|p1a: Ho-Oh|62\/100 tox|[from] psn\n|upkeep\n|turn|52\n|\n|t:|1700138843\n|move|p2a: Arceus|Judgment|p1a: Ho-Oh\n|-immune|p1a: Ho-Oh\n|move|p1a: Ho-Oh|Brave Bird|p2a: Arceus\n|-damage|p2a: Arceus|27\/100\n|-damage|p1a: Ho-Oh|43\/100 tox|[from] Recoil\n|\n|-damage|p1a: Ho-Oh|31\/100 tox|[from] psn\n|upkeep\n|turn|53\n|\n|t:|1700138847\n|move|p2a: Arceus|Judgment|p1a: Ho-Oh\n|-immune|p1a: Ho-Oh\n|move|p1a: Ho-Oh|Brave Bird|p2a: Arceus\n|-damage|p2a: Arceus|0 fnt\n|faint|p2a: Arceus\n|-damage|p1a: Ho-Oh|22\/100 tox|[from] Recoil\n|\n|-damage|p1a: Ho-Oh|4\/100 tox|[from] psn\n|upkeep\n|\n|t:|1700138850\n|switch|p2a: Kingambit|Kingambit, M, shiny|33\/100\n|-damage|p2a: Kingambit|20\/100|[from] Spikes\n|-activate|p2a: Kingambit|ability: Supreme Overlord\n|-start|p2a: Kingambit|fallen5|[silent]\n|turn|54\n|\n|t:|1700138867\n|move|p1a: Ho-Oh|Brave Bird|p2a: Kingambit\n|-resisted|p2a: Kingambit\n|-crit|p2a: Kingambit\n|-damage|p2a: Kingambit|0 fnt\n|faint|p2a: Kingambit\n|-end|p2a: Kingambit|fallen5|[silent]\n|-damage|p1a: Ho-Oh|0 fnt|[from] Recoil\n|faint|p1a: Ho-Oh\n|\n|win|C0ld as Ice\n|raw|C0ld as Ice's rating: 1819 &rarr; <strong>1843<\/strong><br \/>(+24 for winning)\n|raw|MommyMikuNakano's rating: 1894 &rarr; <strong>1870<\/strong><br \/>(-24 for losing)\n|l|\u2606MommyMikuNakano\n","uploadtime":1700138936,"views":21,"p1id":"c0ldasice","p2id":"mommymikunakano","formatid":"gen9nationaldexubers","rating":1843,"private":0,"password":""}