{"id":"gen9nationaldexubers-1987284597","p1":"Smolflip","p2":"GEO-M0DE\u2734\ufe0f","format":"[Gen 9] National Dex Ubers","log":"|j|\u2606Smolflip\n|j|\u2606GEO-M0DE\u2734\ufe0f\n|t:|1699573099\n|gametype|singles\n|player|p1|Smolflip|riley|1070\n|player|p2|GEO-M0DE\u2734\ufe0f|backpackerf|1048\n|teamsize|p1|6\n|teamsize|p2|6\n|gen|9\n|tier|[Gen 9] National Dex Ubers\n|rated|\n|rule|HP Percentage Mod: HP is shown in percentages\n|rule|Endless Battle Clause: Forcing endless battles is banned\n|rule|OHKO Clause: OHKO moves are banned\n|rule|Evasion Moves Clause: Evasion moves are banned\n|rule|Evasion Items Clause: Evasion items are banned\n|rule|Species Clause: Limit one of each Pok\u00e9mon\n|rule|Sleep Clause Mod: Limit one foe put to sleep\n|rule|Mega Rayquaza Clause: You cannot mega evolve Rayquaza\n|clearpoke\n|poke|p1|Ursaluna-Bloodmoon, M|\n|poke|p1|Grumpig, M|\n|poke|p1|Frosmoth, F|\n|poke|p1|Gourgeist-*, F|\n|poke|p1|Druddigon, F|\n|poke|p1|Muk-Alola, F|\n|poke|p2|Shuckle, M|\n|poke|p2|Nihilego|\n|poke|p2|Golem, M|\n|poke|p2|Donphan, M|\n|poke|p2|Arcanine-Hisui, F|\n|poke|p2|Arceus-Ground|\n|teampreview\n|\n|t:|1699573112\n|start\n|switch|p1a: Muk|Muk-Alola, F|100\/100\n|switch|p2a: \ud83e\udea8SHUCKLE\ud83e\udea8|Shuckle, M|100\/100\n|turn|1\n|\n|t:|1699573120\n|move|p1a: Muk|Poison Fang|p2a: \ud83e\udea8SHUCKLE\ud83e\udea8\n|-resisted|p2a: \ud83e\udea8SHUCKLE\ud83e\udea8\n|-damage|p2a: \ud83e\udea8SHUCKLE\ud83e\udea8|92\/100\n|-status|p2a: \ud83e\udea8SHUCKLE\ud83e\udea8|psn|[from] ability: Poison Touch|[of] p1a: Muk\n|move|p2a: \ud83e\udea8SHUCKLE\ud83e\udea8|Sticky Web|p1a: Muk\n|-sidestart|p1: Smolflip|move: Sticky Web\n|\n|-damage|p2a: \ud83e\udea8SHUCKLE\ud83e\udea8|79\/100 psn|[from] psn\n|upkeep\n|turn|2\n|\n|t:|1699573131\n|move|p1a: Muk|Crunch|p2a: \ud83e\udea8SHUCKLE\ud83e\udea8\n|-damage|p2a: \ud83e\udea8SHUCKLE\ud83e\udea8|49\/100 psn\n|-unboost|p2a: \ud83e\udea8SHUCKLE\ud83e\udea8|def|1\n|move|p2a: \ud83e\udea8SHUCKLE\ud83e\udea8|Sandstorm|p2a: \ud83e\udea8SHUCKLE\ud83e\udea8\n|-weather|Sandstorm\n|\n|-weather|Sandstorm|[upkeep]\n|-damage|p1a: Muk|94\/100|[from] Sandstorm\n|-heal|p1a: Muk|100\/100|[from] item: Black Sludge\n|-damage|p2a: \ud83e\udea8SHUCKLE\ud83e\udea8|36\/100 psn|[from] psn\n|upkeep\n|turn|3\n|\n|t:|1699573144\n|move|p1a: Muk|Crunch|p2a: \ud83e\udea8SHUCKLE\ud83e\udea8\n|-damage|p2a: \ud83e\udea8SHUCKLE\ud83e\udea8|0 fnt\n|faint|p2a: \ud83e\udea8SHUCKLE\ud83e\udea8\n|\n|-weather|Sandstorm|[upkeep]\n|-damage|p1a: Muk|94\/100|[from] Sandstorm\n|-heal|p1a: Muk|100\/100|[from] item: Black Sludge\n|upkeep\n|\n|t:|1699573159\n|switch|p2a: \ud83e\udea8\ud83e\udea8NIHILEGO\ud83e\udea8\ud83e\udea8|Nihilego, shiny|100\/100\n|turn|4\n|\n|t:|1699573166\n|move|p2a: \ud83e\udea8\ud83e\udea8NIHILEGO\ud83e\udea8\ud83e\udea8|Acid Spray|p1a: Muk\n|-resisted|p1a: Muk\n|-damage|p1a: Muk|91\/100\n|-unboost|p1a: Muk|spd|2\n|move|p1a: Muk|Crunch|p2a: \ud83e\udea8\ud83e\udea8NIHILEGO\ud83e\udea8\ud83e\udea8\n|-damage|p2a: \ud83e\udea8\ud83e\udea8NIHILEGO\ud83e\udea8\ud83e\udea8|28\/100\n|\n|-weather|Sandstorm|[upkeep]\n|-damage|p1a: Muk|85\/100|[from] Sandstorm\n|-heal|p1a: Muk|91\/100|[from] item: Black Sludge\n|upkeep\n|turn|5\n|\n|t:|1699573183\n|-zpower|p2a: \ud83e\udea8\ud83e\udea8NIHILEGO\ud83e\udea8\ud83e\udea8\n|move|p2a: \ud83e\udea8\ud83e\udea8NIHILEGO\ud83e\udea8\ud83e\udea8|Continental Crush|p1a: Muk|[zeffect]\n|-damage|p1a: Muk|0 fnt\n|faint|p1a: Muk\n|-ability|p2a: \ud83e\udea8\ud83e\udea8NIHILEGO\ud83e\udea8\ud83e\udea8|Beast Boost|boost\n|-boost|p2a: \ud83e\udea8\ud83e\udea8NIHILEGO\ud83e\udea8\ud83e\udea8|spa|1\n|\n|-weather|Sandstorm|[upkeep]\n|upkeep\n|\n|t:|1699573191\n|switch|p1a: Gourgeist|Gourgeist-Super, F|100\/100\n|-activate|p1a: Gourgeist|move: Sticky Web\n|-unboost|p1a: Gourgeist|spe|1\n|-item|p2a: \ud83e\udea8\ud83e\udea8NIHILEGO\ud83e\udea8\ud83e\udea8|Rockium Z|[from] ability: Frisk|[of] p1a: Gourgeist|[identify]\n|turn|6\n|\n|t:|1699573206\n|move|p1a: Gourgeist|Shadow Sneak|p2a: \ud83e\udea8\ud83e\udea8NIHILEGO\ud83e\udea8\ud83e\udea8\n|-damage|p2a: \ud83e\udea8\ud83e\udea8NIHILEGO\ud83e\udea8\ud83e\udea8|0 fnt\n|faint|p2a: \ud83e\udea8\ud83e\udea8NIHILEGO\ud83e\udea8\ud83e\udea8\n|\n|-weather|Sandstorm|[upkeep]\n|-damage|p1a: Gourgeist|94\/100|[from] Sandstorm\n|upkeep\n|\n|t:|1699573218\n|switch|p2a: \ud83d\udd25\ud83e\udea8ARCANINE\ud83e\udea8\ud83d\udd25|Arcanine-Hisui, F, shiny|100\/100\n|turn|7\n|\n|t:|1699573224\n|-terastallize|p1a: Gourgeist|Ghost\n|move|p2a: \ud83d\udd25\ud83e\udea8ARCANINE\ud83e\udea8\ud83d\udd25|Flare Blitz|p1a: Gourgeist\n|-damage|p1a: Gourgeist|42\/100\n|move|p1a: Gourgeist|Seed Bomb|p2a: \ud83d\udd25\ud83e\udea8ARCANINE\ud83e\udea8\ud83d\udd25\n|-damage|p2a: \ud83d\udd25\ud83e\udea8ARCANINE\ud83e\udea8\ud83d\udd25|55\/100\n|\n|-weather|Sandstorm|[upkeep]\n|-damage|p1a: Gourgeist|36\/100|[from] Sandstorm\n|upkeep\n|turn|8\n|\n|t:|1699573238\n|-terastallize|p2a: \ud83d\udd25\ud83e\udea8ARCANINE\ud83e\udea8\ud83d\udd25|Rock\n|move|p1a: Gourgeist|Shadow Sneak|p2a: \ud83d\udd25\ud83e\udea8ARCANINE\ud83e\udea8\ud83d\udd25\n|-damage|p2a: \ud83d\udd25\ud83e\udea8ARCANINE\ud83e\udea8\ud83d\udd25|23\/100\n|move|p2a: \ud83d\udd25\ud83e\udea8ARCANINE\ud83e\udea8\ud83d\udd25|Head Smash|p1a: Gourgeist\n|-damage|p1a: Gourgeist|0 fnt\n|faint|p1a: Gourgeist\n|\n|-weather|Sandstorm|[upkeep]\n|upkeep\n|\n|t:|1699573248\n|switch|p1a: Druddigon|Druddigon, F|100\/100\n|-activate|p1a: Druddigon|move: Sticky Web\n|-unboost|p1a: Druddigon|spe|1\n|turn|9\n|\n|t:|1699573254\n|move|p2a: \ud83d\udd25\ud83e\udea8ARCANINE\ud83e\udea8\ud83d\udd25|Head Smash|p1a: Druddigon\n|-damage|p1a: Druddigon|0 fnt\n|-damage|p2a: \ud83d\udd25\ud83e\udea8ARCANINE\ud83e\udea8\ud83d\udd25|10\/100|[from] ability: Rough Skin|[of] p1a: Druddigon\n|-damage|p2a: \ud83d\udd25\ud83e\udea8ARCANINE\ud83e\udea8\ud83d\udd25|0 fnt|[from] item: Rocky Helmet|[of] p1a: Druddigon\n|faint|p1a: Druddigon\n|faint|p2a: \ud83d\udd25\ud83e\udea8ARCANINE\ud83e\udea8\ud83d\udd25\n|\n|-weather|none\n|upkeep\n|\n|t:|1699573282\n|switch|p2a: \u26f0\ufe0fARCEUS-GROUND\u26f0\ufe0f|Arceus-Ground|100\/100\n|switch|p1a: Grumpig|Grumpig, M|100\/100\n|-activate|p1a: Grumpig|move: Sticky Web\n|-unboost|p1a: Grumpig|spe|1\n|turn|10\n|\n|t:|1699573292\n|move|p2a: \u26f0\ufe0fARCEUS-GROUND\u26f0\ufe0f|Swords Dance|p2a: \u26f0\ufe0fARCEUS-GROUND\u26f0\ufe0f\n|-boost|p2a: \u26f0\ufe0fARCEUS-GROUND\u26f0\ufe0f|atk|2\n|move|p1a: Grumpig|Psychic|p2a: \u26f0\ufe0fARCEUS-GROUND\u26f0\ufe0f\n|-damage|p2a: \u26f0\ufe0fARCEUS-GROUND\u26f0\ufe0f|69\/100\n|\n|upkeep\n|turn|11\n|-message|Smolflip forfeited.\n|\n|win|GEO-M0DE\u2734\ufe0f\n|raw|Smolflip's rating: 1070 &rarr; <strong>1048<\/strong><br \/>(-22 for losing)\n|raw|GEO-M0DE\u2734\ufe0f's rating: 1048 &rarr; <strong>1083<\/strong><br \/>(+35 for winning)\n|l|\u2606Smolflip\n","uploadtime":1699573438,"views":7,"p1id":"smolflip","p2id":"geom0de","formatid":"gen9nationaldexubers","rating":1048,"private":0,"password":""}