{"id":"gen9nationaldexubers-1980031115","p1":"kritath","p2":"Soyeon is a cutie","format":"[Gen 9] National Dex Ubers","log":"|j|\u2606kritath\n|j|\u2606Soyeon is a cutie\n|t:|1698749123\n|gametype|singles\n|player|p1|kritath|policeman-gen4|1584\n|player|p2|Soyeon is a cutie|idol|1880\n|teamsize|p1|6\n|teamsize|p2|6\n|gen|9\n|tier|[Gen 9] National Dex Ubers\n|rated|\n|rule|HP Percentage Mod: HP is shown in percentages\n|rule|Endless Battle Clause: Forcing endless battles is banned\n|rule|OHKO Clause: OHKO moves are banned\n|rule|Evasion Moves Clause: Evasion moves are banned\n|rule|Evasion Items Clause: Evasion items are banned\n|rule|Species Clause: Limit one of each Pok\u00e9mon\n|rule|Sleep Clause Mod: Limit one foe put to sleep\n|rule|Mega Rayquaza Clause: You cannot mega evolve Rayquaza\n|clearpoke\n|poke|p1|Eternatus|\n|poke|p1|Kyogre|\n|poke|p1|Xerneas-*|\n|poke|p1|Blacephalon|\n|poke|p1|Zacian-*|\n|poke|p1|Marshadow|\n|poke|p2|Arceus-Fairy|\n|poke|p2|Kingambit, F|\n|poke|p2|Ditto|\n|poke|p2|Urshifu-*, F|\n|poke|p2|Lunala|\n|poke|p2|Necrozma-Dusk-Mane|\n|teampreview\n|inactive|Battle timer is ON: inactive players will automatically lose when time's up. (requested by Soyeon is a cutie)\n|\n|t:|1698749136\n|start\n|switch|p1a: Geomancy|Xerneas|100\/100\n|switch|p2a: Necrozma|Necrozma-Dusk-Mane, shiny|100\/100\n|-ability|p1a: Geomancy|Fairy Aura\n|turn|1\n|\n|t:|1698749143\n|move|p2a: Necrozma|Stealth Rock|p1a: Geomancy\n|-sidestart|p1: kritath|move: Stealth Rock\n|move|p1a: Geomancy|Hidden Power|p2a: Necrozma\n|-supereffective|p2a: Necrozma\n|-damage|p2a: Necrozma|65\/100\n|\n|upkeep\n|turn|2\n|\n|t:|1698749147\n|move|p2a: Necrozma|Photon Geyser|p1a: Geomancy\n|-damage|p1a: Geomancy|63\/100\n|move|p1a: Geomancy|Defog|p2a: Necrozma\n|-unboost|p2a: Necrozma|evasion|1\n|-sideend|p1: kritath|Stealth Rock|[from] move: Defog|[of] p1a: Geomancy\n|\n|upkeep\n|turn|3\n|\n|t:|1698749154\n|move|p2a: Necrozma|Stealth Rock|p1a: Geomancy\n|-sidestart|p1: kritath|move: Stealth Rock\n|move|p1a: Geomancy|Geomancy||[still]\n|-prepare|p1a: Geomancy|Geomancy\n|-enditem|p1a: Geomancy|Power Herb\n|-anim|p1a: Geomancy|Geomancy|p1a: Geomancy\n|-boost|p1a: Geomancy|spa|2\n|-boost|p1a: Geomancy|spd|2\n|-boost|p1a: Geomancy|spe|2\n|\n|upkeep\n|turn|4\n|\n|t:|1698749163\n|move|p1a: Geomancy|Defog|p2a: Necrozma\n|-unboost|p2a: Necrozma|evasion|1\n|-sideend|p1: kritath|Stealth Rock|[from] move: Defog|[of] p1a: Geomancy\n|move|p2a: Necrozma|Photon Geyser|p1a: Geomancy\n|-crit|p1a: Geomancy\n|-damage|p1a: Geomancy|7\/100\n|\n|upkeep\n|turn|5\n|\n|t:|1698749176\n|switch|p2a: Urshifu|Urshifu, F|100\/100\n|move|p1a: Geomancy|Hidden Power|p2a: Urshifu\n|-damage|p2a: Urshifu|32\/100\n|\n|upkeep\n|turn|6\n|\n|t:|1698749183\n|move|p2a: Urshifu|Sucker Punch|p1a: Geomancy\n|-resisted|p1a: Geomancy\n|-damage|p1a: Geomancy|0 fnt\n|faint|p1a: Geomancy\n|-damage|p2a: Urshifu|22\/100|[from] item: Life Orb\n|\n|upkeep\n|\n|t:|1698749204\n|switch|p1a: Eternatus|Eternatus|100\/100\n|-ability|p1a: Eternatus|Pressure\n|turn|7\n|\n|t:|1698749209\n|move|p2a: Urshifu|Sucker Punch|p1a: Eternatus\n|-damage|p1a: Eternatus|66\/100\n|-damage|p2a: Urshifu|13\/100|[from] item: Life Orb\n|move|p1a: Eternatus|Meteor Beam||[still]\n|-prepare|p1a: Eternatus|Meteor Beam\n|-boost|p1a: Eternatus|spa|1\n|-enditem|p1a: Eternatus|Power Herb\n|-anim|p1a: Eternatus|Meteor Beam|p2a: Urshifu\n|-resisted|p2a: Urshifu\n|-damage|p2a: Urshifu|0 fnt\n|faint|p2a: Urshifu\n|\n|upkeep\n|\n|t:|1698749214\n|switch|p2a: Ditto|Ditto, shiny|100\/100\n|-transform|p2a: Ditto|p1a: Eternatus|[from] ability: Imposter\n|-ability|p2a: Ditto|Pressure\n|turn|8\n|\n|t:|1698749220\n|move|p2a: Ditto|Dynamax Cannon|p1a: Eternatus\n|-supereffective|p1a: Eternatus\n|-damage|p1a: Eternatus|0 fnt\n|faint|p1a: Eternatus\n|\n|upkeep\n|j| shamatetuanzhang\n|\n|t:|1698749238\n|switch|p1a: Sweeper|Zacian-Crowned|100\/100\n|-ability|p1a: Sweeper|Intrepid Sword|boost\n|-boost|p1a: Sweeper|atk|1\n|turn|9\n|\n|t:|1698749244\n|switch|p2a: Lunala|Lunala, shiny|100\/100\n|move|p1a: Sweeper|Behemoth Blade|p2a: Lunala\n|-damage|p2a: Lunala|63\/100\n|\n|upkeep\n|turn|10\n|\n|t:|1698749250\n|move|p1a: Sweeper|Behemoth Blade|p2a: Lunala\n|-damage|p2a: Lunala|0 fnt\n|faint|p2a: Lunala\n|\n|upkeep\n|\n|t:|1698749253\n|switch|p2a: Ditto|Ditto, shiny|100\/100\n|-transform|p2a: Ditto|p1a: Sweeper|[from] ability: Imposter\n|-ability|p2a: Ditto|Intrepid Sword|boost\n|-boost|p2a: Ditto|atk|1\n|turn|11\n|\n|t:|1698749270\n|switch|p1a: Blacephalon|Blacephalon|100\/100\n|move|p2a: Ditto|Behemoth Blade|p1a: Blacephalon\n|-resisted|p1a: Blacephalon\n|-damage|p1a: Blacephalon|0 fnt\n|faint|p1a: Blacephalon\n|\n|upkeep\n|\n|t:|1698749272\n|switch|p1a: Xern hater|Marshadow|100\/100\n|turn|12\n|\n|t:|1698749279\n|switch|p2a: Arceus|Arceus-Fairy|100\/100\n|move|p1a: Xern hater|Spectral Thief|p2a: Arceus\n|-crit|p2a: Arceus\n|-damage|p2a: Arceus|52\/100\n|\n|upkeep\n|turn|13\n|\n|t:|1698749288\n|switch|p1a: Sweeper|Zacian-Crowned|100\/100\n|move|p2a: Arceus|Recover|p2a: Arceus\n|-heal|p2a: Arceus|100\/100\n|\n|upkeep\n|turn|14\n|\n|t:|1698749297\n|switch|p2a: Ditto|Ditto, shiny|100\/100\n|-transform|p2a: Ditto|p1a: Sweeper|[from] ability: Imposter\n|move|p1a: Sweeper|Behemoth Blade|p2a: Ditto\n|-damage|p2a: Ditto|40\/100\n|\n|upkeep\n|turn|15\n|\n|t:|1698749308\n|switch|p1a: Oger1|Kyogre, shiny|100\/100\n|detailschange|p1a: Oger1|Kyogre-Primal, shiny\n|-primal|p1a: Oger1|Blue Orb\n|-weather|PrimordialSea|[from] ability: Primordial Sea|[of] p1a: Oger1\n|move|p2a: Ditto|Behemoth Blade|p1a: Oger1\n|-resisted|p1a: Oger1\n|-crit|p1a: Oger1\n|-damage|p1a: Oger1|53\/100\n|\n|-weather|PrimordialSea|[upkeep]\n|upkeep\n|turn|16\n|\n|t:|1698749323\n|switch|p2a: Necrozma|Necrozma-Dusk-Mane, shiny|65\/100\n|move|p1a: Oger1|Origin Pulse|p2a: Necrozma\n|-damage|p2a: Necrozma|0 fnt\n|faint|p2a: Necrozma\n|\n|-weather|PrimordialSea|[upkeep]\n|upkeep\n|\n|t:|1698749326\n|switch|p2a: Ditto|Ditto, shiny|40\/100\n|-transform|p2a: Ditto|p1a: Oger1|[from] ability: Imposter\n|turn|17\n|\n|t:|1698749335\n|move|p2a: Ditto|Thunder|p1a: Oger1\n|-supereffective|p1a: Oger1\n|-damage|p1a: Oger1|0 fnt\n|faint|p1a: Oger1\n|\n|-weather|PrimordialSea|[upkeep]\n|upkeep\n|\n|t:|1698749339\n|switch|p1a: Xern hater|Marshadow|100\/100\n|turn|18\n|\n|t:|1698749342\n|move|p2a: Ditto|Thunder|p1a: Xern hater\n|-damage|p1a: Xern hater|19\/100\n|move|p1a: Xern hater|Spectral Thief|p2a: Ditto\n|-damage|p2a: Ditto|0 fnt\n|faint|p2a: Ditto\n|-weather|none\n|\n|upkeep\n|\n|t:|1698749346\n|switch|p2a: Arceus|Arceus-Fairy|100\/100\n|turn|19\n|\n|t:|1698749351\n|move|p1a: Xern hater|Endeavor|p2a: Arceus\n|-damage|p2a: Arceus|13\/100\n|move|p2a: Arceus|Judgment|p1a: Xern hater\n|-supereffective|p1a: Xern hater\n|-damage|p1a: Xern hater|0 fnt\n|faint|p1a: Xern hater\n|\n|upkeep\n|\n|t:|1698749353\n|switch|p1a: Sweeper|Zacian-Crowned|100\/100\n|turn|20\n|\n|t:|1698749356\n|move|p1a: Sweeper|Behemoth Blade|p2a: Arceus\n|-supereffective|p2a: Arceus\n|-damage|p2a: Arceus|0 fnt\n|faint|p2a: Arceus\n|\n|upkeep\n|\n|t:|1698749358\n|switch|p2a: Kingambit|Kingambit, F|100\/100\n|-activate|p2a: Kingambit|ability: Supreme Overlord\n|-start|p2a: Kingambit|fallen5|[silent]\n|turn|21\n|\n|t:|1698749361\n|-terastallize|p2a: Kingambit|Ghost\n|move|p1a: Sweeper|Close Combat|p2a: Kingambit\n|-immune|p2a: Kingambit\n|move|p2a: Kingambit|Iron Head|p1a: Sweeper\n|-damage|p1a: Sweeper|40\/100\n|\n|upkeep\n|turn|22\n|\n|t:|1698749368\n|move|p1a: Sweeper|Behemoth Blade|p2a: Kingambit\n|-damage|p2a: Kingambit|60\/100\n|move|p2a: Kingambit|Iron Head|p1a: Sweeper\n|-damage|p1a: Sweeper|0 fnt\n|faint|p1a: Sweeper\n|\n|win|Soyeon is a cutie\n|raw|kritath's rating: 1584 &rarr; <strong>1578<\/strong><br \/>(-6 for losing)\n|raw|Soyeon is a cutie's rating: 1880 &rarr; <strong>1886<\/strong><br \/>(+6 for winning)\n|l|\u2606Soyeon is a cutie\n|l|\u2606kritath\n","uploadtime":1698749468,"views":8,"p1id":"kritath","p2id":"soyeonisacutie","formatid":"gen9nationaldexubers","rating":1578,"private":0,"password":""}