{"id":"gen9nationaldexubers-1978034108","p1":"RealPratyushZ","p2":"ooklo","format":"[Gen 9] National Dex Ubers","log":"|j|\u2606RealPratyushZ\n|j|\u2606ooklo\n|t:|1698488413\n|gametype|singles\n|player|p1|RealPratyushZ|hiker-gen4|1128\n|player|p2|ooklo|hilbert|1259\n|teamsize|p1|2\n|teamsize|p2|6\n|gen|9\n|tier|[Gen 9] National Dex Ubers\n|rated|\n|rule|HP Percentage Mod: HP is shown in percentages\n|rule|Endless Battle Clause: Forcing endless battles is banned\n|rule|OHKO Clause: OHKO moves are banned\n|rule|Evasion Moves Clause: Evasion moves are banned\n|rule|Evasion Items Clause: Evasion items are banned\n|rule|Species Clause: Limit one of each Pok\u00e9mon\n|rule|Sleep Clause Mod: Limit one foe put to sleep\n|rule|Mega Rayquaza Clause: You cannot mega evolve Rayquaza\n|clearpoke\n|poke|p1|Deoxys-Speed|\n|poke|p1|Xerneas-*|\n|poke|p2|Arceus|\n|poke|p2|Deoxys-Attack|\n|poke|p2|Groudon|\n|poke|p2|Salamence, F|\n|poke|p2|Xerneas-*|\n|poke|p2|Necrozma-Dusk-Mane|\n|teampreview\n|inactive|Battle timer is ON: inactive players will automatically lose when time's up. (requested by ooklo)\n|\n|t:|1698488424\n|start\n|switch|p1a: Deoxys|Deoxys-Speed|100\/100\n|switch|p2a: Deoxys-shadow|Deoxys-Attack|100\/100\n|-ability|p1a: Deoxys|Pressure\n|-ability|p2a: Deoxys-shadow|Pressure\n|turn|1\n|\n|t:|1698488439\n|move|p1a: Deoxys|Stealth Rock|p2a: Deoxys-shadow\n|-sidestart|p2: ooklo|move: Stealth Rock\n|move|p2a: Deoxys-shadow|Shadow Ball|p1a: Deoxys\n|-supereffective|p1a: Deoxys\n|-enditem|p1a: Deoxys|Focus Sash\n|-damage|p1a: Deoxys|1\/100\n|\n|upkeep\n|turn|2\n|\n|t:|1698488447\n|move|p1a: Deoxys|Double-Edge|p2a: Deoxys-shadow\n|-enditem|p2a: Deoxys-shadow|Focus Sash\n|-damage|p2a: Deoxys-shadow|1\/100\n|-damage|p1a: Deoxys|0 fnt|[from] Recoil\n|faint|p1a: Deoxys\n|move|p2a: Deoxys-shadow|Shadow Ball|p1: Deoxys|[notarget]\n|-fail|p2a: Deoxys-shadow\n|\n|upkeep\n|\n|t:|1698488454\n|switch|p1a: Xerneas|Xerneas|100\/100\n|-ability|p1a: Xerneas|Fairy Aura\n|turn|3\n|\n|t:|1698488461\n|move|p2a: Deoxys-shadow|Shadow Ball|p1a: Xerneas\n|-damage|p1a: Xerneas|69\/100\n|move|p1a: Xerneas|Geomancy||[still]\n|-prepare|p1a: Xerneas|Geomancy\n|-enditem|p1a: Xerneas|Power Herb\n|-anim|p1a: Xerneas|Geomancy|p1a: Xerneas\n|-boost|p1a: Xerneas|spa|2\n|-boost|p1a: Xerneas|spd|2\n|-boost|p1a: Xerneas|spe|2\n|\n|upkeep\n|turn|4\n|\n|t:|1698488470\n|move|p1a: Xerneas|Moonblast|p2a: Deoxys-shadow\n|-damage|p2a: Deoxys-shadow|0 fnt\n|faint|p2a: Deoxys-shadow\n|\n|upkeep\n|\n|t:|1698488486\n|switch|p2a: Necrozma|Necrozma-Dusk-Mane|100\/100\n|-damage|p2a: Necrozma|95\/100|[from] Stealth Rock\n|turn|5\n|\n|t:|1698488492\n|-terastallize|p1a: Xerneas|Ground\n|move|p1a: Xerneas|Hidden Power|p2a: Necrozma\n|-supereffective|p2a: Necrozma\n|-damage|p2a: Necrozma|0 fnt\n|faint|p2a: Necrozma\n|\n|upkeep\n|\n|t:|1698488516\n|switch|p2a: Groudon|Groudon|100\/100\n|-damage|p2a: Groudon|94\/100|[from] Stealth Rock\n|detailschange|p2a: Groudon|Groudon-Primal\n|-primal|p2a: Groudon|Red Orb\n|-weather|DesolateLand|[from] ability: Desolate Land|[of] p2a: Groudon\n|turn|6\n|\n|t:|1698488531\n|move|p1a: Xerneas|Hidden Power|p2a: Groudon\n|-supereffective|p2a: Groudon\n|-damage|p2a: Groudon|0 fnt\n|faint|p2a: Groudon\n|-weather|none\n|\n|upkeep\n|inactive|ooklo has 120 seconds left.\n|\n|t:|1698488551\n|switch|p2a: Need ev suggest|Salamence, F|100\/100\n|-damage|p2a: Need ev suggest|76\/100|[from] Stealth Rock\n|-ability|p2a: Need ev suggest|Intimidate|boost\n|-unboost|p1a: Xerneas|atk|1\n|turn|7\n|inactive|ooklo has 120 seconds left.\n|\n|t:|1698488561\n|detailschange|p2a: Need ev suggest|Salamence-Mega, F\n|-mega|p2a: Need ev suggest|Salamence|Salamencite\n|move|p1a: Xerneas|Moonblast|p2a: Need ev suggest\n|-supereffective|p2a: Need ev suggest\n|-damage|p2a: Need ev suggest|0 fnt\n|faint|p2a: Need ev suggest\n|\n|upkeep\n|c|\u2606RealPratyushZ|ZEHAHAH\n|\n|t:|1698488570\n|switch|p2a: Xerneas|Xerneas|100\/100\n|-damage|p2a: Xerneas|88\/100|[from] Stealth Rock\n|-ability|p2a: Xerneas|Fairy Aura\n|turn|8\n|inactive|ooklo has 120 seconds left.\n|\n|t:|1698488581\n|move|p1a: Xerneas|Moonblast|p2a: Xerneas\n|-damage|p2a: Xerneas|0 fnt\n|faint|p2a: Xerneas\n|\n|upkeep\n|\n|t:|1698488586\n|switch|p2a: Arceus|Arceus|100\/100\n|-damage|p2a: Arceus|88\/100|[from] Stealth Rock\n|turn|9\n|inactive|ooklo has 120 seconds left.\n|\n|t:|1698488596\n|-terastallize|p2a: Arceus|Normal\n|move|p2a: Arceus|Extreme Speed|p1a: Xerneas\n|-damage|p1a: Xerneas|15\/100\n|move|p1a: Xerneas|Moonblast|p2a: Arceus\n|-damage|p2a: Arceus|0 fnt\n|faint|p2a: Arceus\n|\n|win|RealPratyushZ\n|raw|RealPratyushZ's rating: 1128 &rarr; <strong>1162<\/strong><br \/>(+34 for winning)\n|raw|ooklo's rating: 1259 &rarr; <strong>1225<\/strong><br \/>(-34 for losing)\n|c|\u2606RealPratyushZ|Why use a team with xerneas when one xerneas is enough\n|l|\u2606RealPratyushZ\n","uploadtime":1698488633,"views":12,"p1id":"realpratyushz","p2id":"ooklo","formatid":"gen9nationaldexubers","rating":1162,"private":0,"password":""}