{"id":"gen9nationaldexubers-1977907355","p1":"Ypsolon","p2":"CrissBv","format":"[Gen 9] National Dex Ubers","log":"|j|\u2606Ypsolon\n|j|\u2606CrissBv\n|t:|1698464702\n|gametype|singles\n|player|p1|Ypsolon|lance|1103\n|player|p2|CrissBv|hilbert-wonderlauncher|1114\n|teamsize|p1|6\n|teamsize|p2|6\n|gen|9\n|tier|[Gen 9] National Dex Ubers\n|rated|\n|rule|HP Percentage Mod: HP is shown in percentages\n|rule|Endless Battle Clause: Forcing endless battles is banned\n|rule|OHKO Clause: OHKO moves are banned\n|rule|Evasion Moves Clause: Evasion moves are banned\n|rule|Evasion Items Clause: Evasion items are banned\n|rule|Species Clause: Limit one of each Pok\u00e9mon\n|rule|Sleep Clause Mod: Limit one foe put to sleep\n|rule|Mega Rayquaza Clause: You cannot mega evolve Rayquaza\n|clearpoke\n|poke|p1|Umbreon, M|\n|poke|p1|Greninja-*, M|\n|poke|p1|Lucario, M|\n|poke|p1|Leafeon, F|\n|poke|p1|Arcanine, M|\n|poke|p1|Rayquaza|\n|poke|p2|Urshifu-*, M|\n|poke|p2|Grimmsnarl, M|\n|poke|p2|Dragonite, M|\n|poke|p2|Flutter Mane|\n|poke|p2|Heatran, F|\n|poke|p2|Moltres-Galar|\n|teampreview\n|\n|t:|1698464721\n|start\n|switch|p1a: Leafeon|Leafeon, F|100\/100\n|switch|p2a: Grimmsnarl|Grimmsnarl, M, shiny|100\/100\n|turn|1\n|\n|t:|1698464734\n|move|p2a: Grimmsnarl|Taunt|p1a: Leafeon\n|-start|p1a: Leafeon|move: Taunt\n|cant|p1a: Leafeon|move: Taunt|Grass Whistle\n|\n|upkeep\n|turn|2\n|\n|t:|1698464768\n|switch|p1a: Lucario|Lucario, M|100\/100\n|move|p2a: Grimmsnarl|Light Screen|p2a: Grimmsnarl\n|-sidestart|p2: CrissBv|move: Light Screen\n|\n|upkeep\n|turn|3\n|\n|t:|1698464790\n|detailschange|p1a: Lucario|Lucario-Mega, M\n|-mega|p1a: Lucario|Lucario|Lucarionite\n|move|p2a: Grimmsnarl|Taunt|p1a: Lucario\n|-start|p1a: Lucario|move: Taunt\n|move|p1a: Lucario|Iron Tail|p2a: Grimmsnarl\n|-supereffective|p2a: Grimmsnarl\n|-damage|p2a: Grimmsnarl|0 fnt\n|faint|p2a: Grimmsnarl\n|\n|upkeep\n|c|\u2606CrissBv|Choose bro\n|\n|t:|1698464814\n|switch|p2a: Heatran|Heatran, F|100\/100\n|turn|4\n|c|\u2606CrissBv|Why you take 10 years to choose\n|\n|t:|1698464864\n|switch|p1a: Greninja|Greninja, M|100\/100\n|move|p2a: Heatran|Stealth Rock|p1a: Greninja\n|-sidestart|p1: Ypsolon|move: Stealth Rock\n|\n|upkeep\n|turn|5\n|c|\u2606CrissBv|It's a Pok\u00e9mon battle you don't need think to much\n|\n|t:|1698464879\n|switch|p2a: Moltres|Moltres-Galar|100\/100\n|move|p1a: Greninja|Hydro Pump|p2a: Moltres\n|-damage|p2a: Moltres|84\/100\n|\n|upkeep\n|turn|6\n|c|\u2606CrissBv|Bruh\n|\n|t:|1698464922\n|move|p1a: Greninja|U-turn|p2a: Moltres\n|-damage|p2a: Moltres|69\/100\n|\n|t:|1698464926\n|switch|p1a: Lucario|Lucario-Mega, M|100\/100|[from] U-turn\n|-damage|p1a: Lucario|98\/100|[from] Stealth Rock\n|move|p2a: Moltres|Tailwind|p2a: Moltres\n|-sidestart|p2: CrissBv|move: Tailwind\n|\n|upkeep\n|turn|7\n|\n|t:|1698464941\n|move|p2a: Moltres|U-turn|p1a: Lucario\n|-resisted|p1a: Lucario\n|-damage|p1a: Lucario|92\/100\n|\n|t:|1698464943\n|switch|p2a: Flutter Mane|Flutter Mane|100\/100|[from] U-turn\n|-enditem|p2a: Flutter Mane|Booster Energy\n|-activate|p2a: Flutter Mane|ability: Protosynthesis|[fromitem]\n|-start|p2a: Flutter Mane|protosynthesisspe\n|move|p1a: Lucario|Iron Tail|p2a: Flutter Mane\n|-supereffective|p2a: Flutter Mane\n|-damage|p2a: Flutter Mane|0 fnt\n|faint|p2a: Flutter Mane\n|-end|p2a: Flutter Mane|Protosynthesis|[silent]\n|\n|upkeep\n|\n|t:|1698464952\n|switch|p2a: Urshifu|Urshifu-Rapid-Strike, M|100\/100\n|turn|8\n|\n|t:|1698464973\n|switch|p1a: Rayquaza|Rayquaza|100\/100\n|-damage|p1a: Rayquaza|75\/100|[from] Stealth Rock\n|-ability|p1a: Rayquaza|Air Lock\n|move|p2a: Urshifu|Close Combat|p1a: Rayquaza\n|-resisted|p1a: Rayquaza\n|-damage|p1a: Rayquaza|31\/100\n|-unboost|p2a: Urshifu|def|1\n|-unboost|p2a: Urshifu|spd|1\n|-damage|p2a: Urshifu|91\/100|[from] item: Life Orb\n|\n|upkeep\n|turn|9\n|\n|t:|1698465001\n|move|p2a: Urshifu|Surging Strikes|p1a: Rayquaza\n|-resisted|p1a: Rayquaza\n|-crit|p1a: Rayquaza\n|-damage|p1a: Rayquaza|16\/100\n|-resisted|p1a: Rayquaza\n|-crit|p1a: Rayquaza\n|-damage|p1a: Rayquaza|2\/100\n|-resisted|p1a: Rayquaza\n|-crit|p1a: Rayquaza\n|-damage|p1a: Rayquaza|0 fnt\n|faint|p1a: Rayquaza\n|-hitcount|p1: Rayquaza|3\n|-damage|p2a: Urshifu|81\/100|[from] item: Life Orb\n|\n|-sideend|p2: CrissBv|move: Light Screen\n|-sideend|p2: CrissBv|move: Tailwind\n|upkeep\n|\n|t:|1698465028\n|switch|p1a: Leafeon|Leafeon, F|100\/100\n|-damage|p1a: Leafeon|88\/100|[from] Stealth Rock\n|turn|10\n|\n|t:|1698465041\n|move|p2a: Urshifu|U-turn|p1a: Leafeon\n|-supereffective|p1a: Leafeon\n|-damage|p1a: Leafeon|38\/100\n|-damage|p2a: Urshifu|71\/100|[from] item: Life Orb\n|\n|t:|1698465043\n|switch|p2a: Heatran|Heatran, F|100\/100|[from] U-turn\n|move|p1a: Leafeon|Grass Whistle|p2a: Heatran\n|-status|p2a: Heatran|slp|[from] move: Grass Whistle\n|\n|upkeep\n|turn|11\n|\n|t:|1698465053\n|switch|p2a: Urshifu|Urshifu-Rapid-Strike, M|71\/100\n|move|p1a: Leafeon|Synthesis|p1a: Leafeon\n|-heal|p1a: Leafeon|88\/100\n|\n|upkeep\n|turn|12\n|\n|t:|1698465060\n|move|p2a: Urshifu|U-turn|p1a: Leafeon\n|-supereffective|p1a: Leafeon\n|-damage|p1a: Leafeon|35\/100\n|-damage|p2a: Urshifu|61\/100|[from] item: Life Orb\n|\n|t:|1698465062\n|switch|p2a: Heatran|Heatran, F|100\/100 slp|[from] U-turn\n|move|p1a: Leafeon|Grass Whistle|p2a: Heatran|[miss]\n|-miss|p1a: Leafeon|p2a: Heatran\n|\n|upkeep\n|turn|13\n|\n|t:|1698465069\n|switch|p2a: Urshifu|Urshifu-Rapid-Strike, M|61\/100\n|move|p1a: Leafeon|Synthesis|p1a: Leafeon\n|-heal|p1a: Leafeon|85\/100\n|\n|upkeep\n|turn|14\n|\n|t:|1698465089\n|move|p2a: Urshifu|U-turn|p1a: Leafeon\n|-supereffective|p1a: Leafeon\n|-damage|p1a: Leafeon|28\/100\n|-damage|p2a: Urshifu|51\/100|[from] item: Life Orb\n|\n|t:|1698465091\n|switch|p2a: Heatran|Heatran, F|100\/100 slp|[from] U-turn\n|move|p1a: Leafeon|Grass Whistle|p2a: Heatran\n|-fail|p2a: Heatran|slp\n|\n|upkeep\n|turn|15\n|\n|t:|1698465101\n|move|p1a: Leafeon|Synthesis|p1a: Leafeon\n|-heal|p1a: Leafeon|78\/100\n|cant|p2a: Heatran|slp\n|\n|upkeep\n|turn|16\n|\n|t:|1698465123\n|move|p1a: Leafeon|Grass Whistle|p2a: Heatran\n|-fail|p2a: Heatran|slp\n|cant|p2a: Heatran|slp\n|\n|upkeep\n|turn|17\n|\n|t:|1698465131\n|move|p1a: Leafeon|Grass Whistle|p2a: Heatran|[miss]\n|-miss|p1a: Leafeon|p2a: Heatran\n|cant|p2a: Heatran|slp\n|\n|upkeep\n|turn|18\n|\n|t:|1698465137\n|switch|p1a: Greninja|Greninja, M|100\/100\n|-damage|p1a: Greninja|88\/100|[from] Stealth Rock\n|-curestatus|p2a: Heatran|slp|[msg]\n|move|p2a: Heatran|Magma Storm|p1a: Greninja\n|-resisted|p1a: Greninja\n|-damage|p1a: Greninja|54\/100\n|-activate|p1a: Greninja|move: Magma Storm|[of] p2a: Heatran\n|\n|-damage|p1a: Greninja|42\/100|[from] move: Magma Storm|[partiallytrapped]\n|upkeep\n|turn|19\n|\n|t:|1698465152\n|switch|p2a: Moltres|Moltres-Galar|69\/100\n|-terastallize|p1a: Greninja|Ghost\n|move|p1a: Greninja|Hydro Pump|p2a: Moltres\n|-damage|p2a: Moltres|35\/100\n|-ability|p2a: Moltres|Berserk|boost\n|-boost|p2a: Moltres|spa|1\n|\n|-end|p1a: Greninja|Magma Storm|[partiallytrapped]|[silent]\n|upkeep\n|turn|20\n|\n|t:|1698465164\n|move|p2a: Moltres|Sucker Punch|p1a: Greninja\n|-supereffective|p1a: Greninja\n|-damage|p1a: Greninja|0 fnt\n|faint|p1a: Greninja\n|\n|upkeep\n|\n|t:|1698465177\n|switch|p1a: Lucario|Lucario-Mega, M|92\/100\n|-damage|p1a: Lucario|90\/100|[from] Stealth Rock\n|turn|21\n|\n|t:|1698465181\n|move|p1a: Lucario|Copycat|p1a: Lucario\n|move|p1a: Lucario|Sucker Punch||[from]move: Copycat|[still]\n|-fail|p1a: Lucario\n|move|p2a: Moltres|Tailwind|p2a: Moltres\n|-sidestart|p2: CrissBv|move: Tailwind\n|\n|upkeep\n|turn|22\n|\n|t:|1698465189\n|move|p2a: Moltres|U-turn|p1a: Lucario\n|-resisted|p1a: Lucario\n|-damage|p1a: Lucario|84\/100\n|\n|t:|1698465192\n|switch|p2a: Heatran|Heatran, F|100\/100|[from] U-turn\n|move|p1a: Lucario|Iron Tail|p2a: Heatran\n|-resisted|p2a: Heatran\n|-damage|p2a: Heatran|86\/100\n|-unboost|p2a: Heatran|def|1\n|\n|-heal|p2a: Heatran|92\/100|[from] item: Leftovers\n|upkeep\n|turn|23\n|\n|t:|1698465214\n|switch|p1a: Umbreon|Umbreon, M|100\/100\n|-damage|p1a: Umbreon|88\/100|[from] Stealth Rock\n|-terastallize|p2a: Heatran|Fire\n|move|p2a: Heatran|Earth Power|p1a: Umbreon\n|-damage|p1a: Umbreon|71\/100\n|\n|-heal|p2a: Heatran|98\/100|[from] item: Leftovers\n|-heal|p1a: Umbreon|77\/100|[from] item: Leftovers\n|upkeep\n|turn|24\n|\n|t:|1698465228\n|switch|p2a: Dragonite|Dragonite, M|100\/100\n|move|p1a: Umbreon|Moonlight|p1a: Umbreon\n|-heal|p1a: Umbreon|100\/100\n|\n|-sideend|p2: CrissBv|move: Tailwind\n|upkeep\n|turn|25\n|\n|t:|1698465234\n|move|p2a: Dragonite|Dragon Dance|p2a: Dragonite\n|-boost|p2a: Dragonite|atk|1\n|-boost|p2a: Dragonite|spe|1\n|move|p1a: Umbreon|Toxic|p2a: Dragonite\n|-status|p2a: Dragonite|tox\n|\n|-damage|p2a: Dragonite|94\/100 tox|[from] psn\n|upkeep\n|turn|26\n|\n|t:|1698465241\n|move|p2a: Dragonite|Dragon Dance|p2a: Dragonite\n|-boost|p2a: Dragonite|atk|1\n|-boost|p2a: Dragonite|spe|1\n|move|p1a: Umbreon|Dark Pulse|p2a: Dragonite\n|-damage|p2a: Dragonite|75\/100 tox\n|\n|-heal|p2a: Dragonite|82\/100 tox|[from] item: Leftovers\n|-damage|p2a: Dragonite|69\/100 tox|[from] psn\n|upkeep\n|turn|27\n|\n|t:|1698465252\n|move|p1a: Umbreon|Protect|p1a: Umbreon\n|-singleturn|p1a: Umbreon|Protect\n|move|p2a: Dragonite|Earthquake|p1a: Umbreon\n|-activate|p1a: Umbreon|move: Protect\n|\n|-heal|p2a: Dragonite|75\/100 tox|[from] item: Leftovers\n|-damage|p2a: Dragonite|57\/100 tox|[from] psn\n|upkeep\n|turn|28\n|\n|t:|1698465270\n|switch|p1a: Leafeon|Leafeon, F|78\/100\n|-damage|p1a: Leafeon|66\/100|[from] Stealth Rock\n|move|p2a: Dragonite|Earthquake|p1a: Leafeon\n|-resisted|p1a: Leafeon\n|-damage|p1a: Leafeon|38\/100\n|\n|-heal|p2a: Dragonite|63\/100 tox|[from] item: Leftovers\n|-damage|p2a: Dragonite|38\/100 tox|[from] psn\n|upkeep\n|turn|29\n|\n|t:|1698465279\n|move|p2a: Dragonite|Extreme Speed|p1a: Leafeon\n|-damage|p1a: Leafeon|0 fnt\n|faint|p1a: Leafeon\n|\n|-heal|p2a: Dragonite|45\/100 tox|[from] item: Leftovers\n|-damage|p2a: Dragonite|14\/100 tox|[from] psn\n|upkeep\n|\n|t:|1698465289\n|switch|p1a: Umbreon|Umbreon, M|100\/100\n|-damage|p1a: Umbreon|88\/100|[from] Stealth Rock\n|turn|30\n|\n|t:|1698465314\n|switch|p2a: Moltres|Moltres-Galar|35\/100\n|move|p1a: Umbreon|Toxic|p2a: Moltres\n|-status|p2a: Moltres|tox\n|\n|-heal|p1a: Umbreon|94\/100|[from] item: Leftovers\n|-damage|p2a: Moltres|28\/100 tox|[from] psn\n|upkeep\n|turn|31\n|\n|t:|1698465322\n|move|p1a: Umbreon|Protect|p1a: Umbreon\n|-singleturn|p1a: Umbreon|Protect\n|move|p2a: Moltres|Tailwind|p2a: Moltres\n|-sidestart|p2: CrissBv|move: Tailwind\n|\n|-heal|p1a: Umbreon|99\/100|[from] item: Leftovers\n|-damage|p2a: Moltres|16\/100 tox|[from] psn\n|upkeep\n|turn|32\n|\n|t:|1698465330\n|move|p2a: Moltres|U-turn|p1a: Umbreon\n|-supereffective|p1a: Umbreon\n|-damage|p1a: Umbreon|78\/100\n|\n|t:|1698465338\n|switch|p2a: Heatran|Heatran, F, tera:Fire|98\/100|[from] U-turn\n|move|p1a: Umbreon|Dark Pulse|p2a: Heatran\n|-damage|p2a: Heatran|83\/100\n|\n|-heal|p2a: Heatran|89\/100|[from] item: Leftovers\n|-heal|p1a: Umbreon|84\/100|[from] item: Leftovers\n|upkeep\n|turn|33\n|\n|t:|1698465351\n|switch|p2a: Moltres|Moltres-Galar|16\/100 tox\n|move|p1a: Umbreon|Toxic|p2a: Moltres\n|-fail|p2a: Moltres|tox\n|\n|-heal|p1a: Umbreon|90\/100|[from] item: Leftovers\n|-damage|p2a: Moltres|10\/100 tox|[from] psn\n|upkeep\n|turn|34\n|\n|t:|1698465362\n|switch|p2a: Dragonite|Dragonite, M|14\/100 tox\n|move|p1a: Umbreon|Protect||[still]\n|-fail|p1a: Umbreon\n|\n|-heal|p2a: Dragonite|20\/100 tox|[from] item: Leftovers\n|-heal|p1a: Umbreon|96\/100|[from] item: Leftovers\n|-damage|p2a: Dragonite|14\/100 tox|[from] psn\n|-sideend|p2: CrissBv|move: Tailwind\n|upkeep\n|turn|35\n|\n|t:|1698465371\n|move|p2a: Dragonite|Earthquake|p1a: Umbreon\n|-damage|p1a: Umbreon|67\/100\n|move|p1a: Umbreon|Toxic|p2a: Dragonite\n|-fail|p2a: Dragonite|tox\n|\n|-heal|p2a: Dragonite|20\/100 tox|[from] item: Leftovers\n|-heal|p1a: Umbreon|73\/100|[from] item: Leftovers\n|-damage|p2a: Dragonite|8\/100 tox|[from] psn\n|upkeep\n|turn|36\n|\n|t:|1698465380\n|switch|p2a: Moltres|Moltres-Galar|10\/100 tox\n|move|p1a: Umbreon|Moonlight|p1a: Umbreon\n|-heal|p1a: Umbreon|100\/100\n|\n|-damage|p2a: Moltres|3\/100 tox|[from] psn\n|upkeep\n|turn|37\n|\n|t:|1698465389\n|move|p1a: Umbreon|Protect|p1a: Umbreon\n|-singleturn|p1a: Umbreon|Protect\n|move|p2a: Moltres|Tailwind|p2a: Moltres\n|-sidestart|p2: CrissBv|move: Tailwind\n|\n|-damage|p2a: Moltres|0 fnt|[from] psn\n|faint|p2a: Moltres\n|upkeep\n|\n|t:|1698465392\n|switch|p2a: Urshifu|Urshifu-Rapid-Strike, M|51\/100\n|turn|38\n|\n|t:|1698465425\n|switch|p1a: Arcanine|Arcanine, M|100\/100\n|-damage|p1a: Arcanine|76\/100|[from] Stealth Rock\n|-ability|p1a: Arcanine|Intimidate|boost\n|-unboost|p2a: Urshifu|atk|1\n|move|p2a: Urshifu|Close Combat|p1a: Arcanine\n|-damage|p1a: Arcanine|11\/100\n|-unboost|p2a: Urshifu|def|1\n|-unboost|p2a: Urshifu|spd|1\n|-damage|p2a: Urshifu|41\/100|[from] item: Life Orb\n|\n|upkeep\n|turn|39\n|\n|t:|1698465448\n|switch|p2a: Heatran|Heatran, F, tera:Fire|89\/100\n|-zpower|p1a: Arcanine\n|move|p1a: Arcanine|Inferno Overdrive|p2a: Heatran|[zeffect]\n|-start|p2a: Heatran|ability: Flash Fire\n|\n|-heal|p2a: Heatran|96\/100|[from] item: Leftovers\n|upkeep\n|turn|40\n|\n|t:|1698465463\n|move|p1a: Arcanine|Extreme Speed|p2a: Heatran\n|-damage|p2a: Heatran|79\/100\n|move|p2a: Heatran|Earth Power|p1a: Arcanine\n|-supereffective|p1a: Arcanine\n|-damage|p1a: Arcanine|0 fnt\n|faint|p1a: Arcanine\n|\n|-heal|p2a: Heatran|85\/100|[from] item: Leftovers\n|-sideend|p2: CrissBv|move: Tailwind\n|upkeep\n|\n|t:|1698465473\n|switch|p1a: Umbreon|Umbreon, M|100\/100\n|-damage|p1a: Umbreon|88\/100|[from] Stealth Rock\n|turn|41\n|\n|t:|1698465482\n|-end|p2a: Heatran|ability: Flash Fire|[silent]\n|switch|p2a: Dragonite|Dragonite, M|8\/100 tox\n|move|p1a: Umbreon|Toxic|p2a: Dragonite\n|-fail|p2a: Dragonite|tox\n|\n|-heal|p2a: Dragonite|14\/100 tox|[from] item: Leftovers\n|-heal|p1a: Umbreon|94\/100|[from] item: Leftovers\n|-damage|p2a: Dragonite|8\/100 tox|[from] psn\n|upkeep\n|turn|42\n|\n|t:|1698465494\n|move|p2a: Dragonite|Earthquake|p1a: Umbreon\n|-crit|p1a: Umbreon\n|-damage|p1a: Umbreon|51\/100\n|move|p1a: Umbreon|Toxic|p2a: Dragonite\n|-fail|p2a: Dragonite|tox\n|\n|-heal|p2a: Dragonite|14\/100 tox|[from] item: Leftovers\n|-heal|p1a: Umbreon|57\/100|[from] item: Leftovers\n|-damage|p2a: Dragonite|1\/100 tox|[from] psn\n|upkeep\n|turn|43\n|\n|t:|1698465509\n|move|p2a: Dragonite|Earthquake|p1a: Umbreon\n|-damage|p1a: Umbreon|29\/100\n|move|p1a: Umbreon|Moonlight|p1a: Umbreon\n|-heal|p1a: Umbreon|79\/100\n|\n|-heal|p2a: Dragonite|8\/100 tox|[from] item: Leftovers\n|-heal|p1a: Umbreon|85\/100|[from] item: Leftovers\n|-damage|p2a: Dragonite|0 fnt|[from] psn\n|faint|p2a: Dragonite\n|upkeep\n|\n|t:|1698465512\n|switch|p2a: Urshifu|Urshifu-Rapid-Strike, M|41\/100\n|turn|44\n|\n|t:|1698465547\n|move|p1a: Umbreon|Protect|p1a: Umbreon\n|-singleturn|p1a: Umbreon|Protect\n|move|p2a: Urshifu|Close Combat|p1a: Umbreon\n|-supereffective|p1a: Umbreon\n|-damage|p1a: Umbreon|0 fnt\n|-unboost|p2a: Urshifu|def|1\n|-unboost|p2a: Urshifu|spd|1\n|faint|p1a: Umbreon\n|-damage|p2a: Urshifu|31\/100|[from] item: Life Orb\n|\n|upkeep\n|\n|t:|1698465559\n|switch|p1a: Lucario|Lucario-Mega, M|84\/100\n|-damage|p1a: Lucario|81\/100|[from] Stealth Rock\n|turn|45\n|\n|t:|1698465574\n|move|p2a: Urshifu|Close Combat|p1a: Lucario\n|-supereffective|p1a: Lucario\n|-damage|p1a: Lucario|0 fnt\n|-unboost|p2a: Urshifu|def|1\n|-unboost|p2a: Urshifu|spd|1\n|faint|p1a: Lucario\n|-damage|p2a: Urshifu|21\/100|[from] item: Life Orb\n|\n|win|CrissBv\n|raw|Ypsolon's rating: 1103 &rarr; <strong>1079<\/strong><br \/>(-24 for losing)\n|raw|CrissBv's rating: 1114 &rarr; <strong>1138<\/strong><br \/>(+24 for winning)\n|c|\u2606CrissBv|Good Game\n|l|\u2606Ypsolon\n","uploadtime":1698465621,"views":9,"p1id":"ypsolon","p2id":"crissbv","formatid":"gen9nationaldexubers","rating":1079,"private":0,"password":""}