{"id":"gen9nationaldexubers-1994396590","p1":"Silver swablu","p2":"Cilantora","format":"[Gen 9] National Dex Ubers","log":"|j|\u2606Silver swablu\n|j|\u2606Cilantora\n|t:|1700439178\n|gametype|singles\n|player|p1|Silver swablu|nate|1075\n|player|p2|Cilantora|veteran|1100\n|teamsize|p1|6\n|teamsize|p2|6\n|gen|9\n|tier|[Gen 9] National Dex Ubers\n|rated|\n|rule|HP Percentage Mod: HP is shown in percentages\n|rule|Endless Battle Clause: Forcing endless battles is banned\n|rule|OHKO Clause: OHKO moves are banned\n|rule|Evasion Moves Clause: Evasion moves are banned\n|rule|Evasion Items Clause: Evasion items are banned\n|rule|Species Clause: Limit one of each Pok\u00e9mon\n|rule|Sleep Clause Mod: Limit one foe put to sleep\n|rule|Mega Rayquaza Clause: You cannot mega evolve Rayquaza\n|clearpoke\n|poke|p1|Blaziken, M|\n|poke|p1|Darmanitan-Galar, M|\n|poke|p1|Dracovish|\n|poke|p1|Ursaluna-Bloodmoon, M|\n|poke|p1|Necrozma-Dusk-Mane|\n|poke|p1|Yveltal|\n|poke|p2|Zygarde|\n|poke|p2|Salamence, F|\n|poke|p2|Zacian-*|\n|poke|p2|Ogerpon-Hearthflame, F|\n|poke|p2|Marshadow|\n|poke|p2|Chien-Pao|\n|teampreview\n|\n|t:|1700439188\n|start\n|switch|p1a: Blaziken|Blaziken, M, shiny|100\/100\n|switch|p2a: Zygarde|Zygarde|100\/100\n|turn|1\n|\n|t:|1700439197\n|switch|p1a: Darmanitan|Darmanitan-Galar, M, shiny|100\/100\n|move|p2a: Zygarde|Glare|p1a: Darmanitan\n|-status|p1a: Darmanitan|par\n|\n|upkeep\n|turn|2\n|\n|t:|1700439208\n|switch|p2a: Ogerpon|Ogerpon-Hearthflame, F|100\/100\n|-ability|p2a: Ogerpon|Mold Breaker\n|move|p1a: Darmanitan|Icicle Crash|p2a: Ogerpon\n|-damage|p2a: Ogerpon|10\/100\n|\n|upkeep\n|turn|3\n|\n|t:|1700439218\n|-terastallize|p2a: Ogerpon|Fire\n|detailschange|p2a: Ogerpon|Ogerpon-Hearthflame-Tera, F, tera:Fire\n|-ability|p2a: Ogerpon|Embody Aspect (Hearthflame)|boost\n|-boost|p2a: Ogerpon|atk|1\n|move|p2a: Ogerpon|Ivy Cudgel|p1a: Darmanitan|[anim] Ivy Cudgel Fire\n|-supereffective|p1a: Darmanitan\n|-damage|p1a: Darmanitan|0 fnt\n|faint|p1a: Darmanitan\n|\n|upkeep\n|\n|t:|1700439230\n|switch|p1a: Dracovish|Dracovish|100\/100\n|turn|4\n|c|\u2606Cilantora|fr crippled the darmanitan with para\n|\n|t:|1700439239\n|move|p2a: Ogerpon|Power Whip|p1a: Dracovish\n|-damage|p1a: Dracovish|0 fnt\n|faint|p1a: Dracovish\n|\n|upkeep\n|\n|t:|1700439244\n|switch|p1a: Ursaluna|Ursaluna-Bloodmoon, M|100\/100\n|turn|5\n|\n|t:|1700439254\n|move|p2a: Ogerpon|Ivy Cudgel|p1a: Ursaluna|[anim] Ivy Cudgel Fire\n|-damage|p1a: Ursaluna|24\/100\n|move|p1a: Ursaluna|Earth Power|p2a: Ogerpon\n|-supereffective|p2a: Ogerpon\n|-crit|p2a: Ogerpon\n|-damage|p2a: Ogerpon|0 fnt\n|faint|p2a: Ogerpon\n|\n|upkeep\n|\n|t:|1700439263\n|switch|p2a: Marshadow|Marshadow|100\/100\n|turn|6\n|\n|t:|1700439269\n|move|p2a: Marshadow|Close Combat|p1a: Ursaluna\n|-supereffective|p1a: Ursaluna\n|-damage|p1a: Ursaluna|0 fnt\n|-unboost|p2a: Marshadow|def|1\n|-unboost|p2a: Marshadow|spd|1\n|faint|p1a: Ursaluna\n|-damage|p2a: Marshadow|91\/100|[from] item: Life Orb\n|\n|upkeep\n|\n|t:|1700439274\n|switch|p1a: Yveltal|Yveltal|100\/100\n|-ability|p1a: Yveltal|Dark Aura\n|turn|7\n|\n|t:|1700439283\n|move|p2a: Marshadow|Hidden Power|p1a: Yveltal\n|-supereffective|p1a: Yveltal\n|-damage|p1a: Yveltal|55\/100\n|-damage|p2a: Marshadow|81\/100|[from] item: Life Orb\n|move|p1a: Yveltal|Tailwind|p1a: Yveltal\n|-sidestart|p1: Silver swablu|move: Tailwind\n|\n|upkeep\n|turn|8\n|\n|t:|1700439294\n|switch|p2a: Zygarde|Zygarde|100\/100\n|move|p1a: Yveltal|Oblivion Wing|p2a: Zygarde\n|-damage|p2a: Zygarde|64\/100\n|-heal|p1a: Yveltal|84\/100|[from] drain|[of] p2a: Zygarde\n|\n|-heal|p2a: Zygarde|70\/100|[from] item: Leftovers\n|upkeep\n|turn|9\n|\n|t:|1700439311\n|move|p1a: Yveltal|Dark Pulse|p2a: Zygarde\n|-damage|p2a: Zygarde|20\/100\n|move|p2a: Zygarde|Glare|p1a: Yveltal\n|-status|p1a: Yveltal|par\n|\n|-heal|p2a: Zygarde|26\/100|[from] item: Leftovers\n|-activate|p2a: Zygarde|ability: Power Construct\n|detailschange|p2a: Zygarde|Zygarde-Complete\n|-heal|p2a: Zygarde|51\/100|[silent]\n|upkeep\n|turn|10\n|\n|t:|1700439324\n|move|p1a: Yveltal|Dark Pulse|p2a: Zygarde\n|-damage|p2a: Zygarde|23\/100\n|move|p2a: Zygarde|Thousand Arrows|p1a: Yveltal\n|-damage|p1a: Yveltal|58\/100 par\n|-start|p1a: Yveltal|Smack Down\n|\n|-heal|p2a: Zygarde|29\/100|[from] item: Leftovers\n|-sideend|p1: Silver swablu|move: Tailwind\n|upkeep\n|turn|11\n|\n|t:|1700439335\n|move|p2a: Zygarde|Rest|p2a: Zygarde\n|-status|p2a: Zygarde|slp|[from] move: Rest\n|-heal|p2a: Zygarde|100\/100 slp|[silent]\n|cant|p1a: Yveltal|par\n|\n|upkeep\n|turn|12\n|\n|t:|1700439344\n|cant|p2a: Zygarde|slp\n|cant|p1a: Yveltal|par\n|\n|upkeep\n|turn|13\n|\n|t:|1700439348\n|cant|p2a: Zygarde|slp\n|move|p1a: Yveltal|Tailwind|p1a: Yveltal\n|-sidestart|p1: Silver swablu|move: Tailwind\n|\n|upkeep\n|turn|14\n|\n|t:|1700439352\n|move|p1a: Yveltal|Dark Pulse|p2a: Zygarde\n|-damage|p2a: Zygarde|71\/100 slp\n|-curestatus|p2a: Zygarde|slp|[msg]\n|move|p2a: Zygarde|Thousand Arrows|p1a: Yveltal\n|-damage|p1a: Yveltal|30\/100 par\n|\n|-heal|p2a: Zygarde|77\/100|[from] item: Leftovers\n|upkeep\n|turn|15\n|\n|t:|1700439364\n|cant|p1a: Yveltal|par\n|move|p2a: Zygarde|Thousand Arrows|p1a: Yveltal\n|-damage|p1a: Yveltal|4\/100 par\n|\n|-heal|p2a: Zygarde|83\/100|[from] item: Leftovers\n|upkeep\n|turn|16\n|\n|t:|1700439371\n|move|p1a: Yveltal|Tailwind||[still]\n|-fail|p1a: Yveltal\n|move|p2a: Zygarde|Thousand Arrows|p1a: Yveltal\n|-damage|p1a: Yveltal|0 fnt\n|faint|p1a: Yveltal\n|\n|-heal|p2a: Zygarde|89\/100|[from] item: Leftovers\n|-sideend|p1: Silver swablu|move: Tailwind\n|upkeep\n|\n|t:|1700439377\n|switch|p1a: Necrozma|Necrozma-Dusk-Mane|100\/100\n|turn|17\n|c|\u2606Cilantora|you mistimed it fr\n|\n|t:|1700439385\n|switch|p2a: Zacian|Zacian-Crowned|100\/100\n|-ability|p2a: Zacian|Intrepid Sword|boost\n|-boost|p2a: Zacian|atk|1\n|-zpower|p1a: Necrozma\n|move|p1a: Necrozma|Searing Sunraze Smash|p2a: Zacian|[zeffect]\n|-damage|p2a: Zacian|0 fnt\n|faint|p2a: Zacian\n|\n|upkeep\n|c|\u2606Cilantora|I legit thought you were going ultra necrozma bruh\n|\n|t:|1700439411\n|switch|p2a: Zygarde|Zygarde-Complete|89\/100\n|turn|18\n|\n|t:|1700439422\n|move|p2a: Zygarde|Glare|p1a: Necrozma\n|-status|p1a: Necrozma|par\n|cant|p1a: Necrozma|par\n|\n|-heal|p2a: Zygarde|95\/100|[from] item: Leftovers\n|upkeep\n|turn|19\n|\n|t:|1700439429\n|move|p2a: Zygarde|Coil|p2a: Zygarde\n|-boost|p2a: Zygarde|atk|1\n|-boost|p2a: Zygarde|def|1\n|-boost|p2a: Zygarde|accuracy|1\n|move|p1a: Necrozma|Psychic Fangs|p2a: Zygarde\n|-damage|p2a: Zygarde|83\/100\n|\n|-heal|p2a: Zygarde|89\/100|[from] item: Leftovers\n|upkeep\n|turn|20\n|\n|t:|1700439436\n|move|p2a: Zygarde|Coil|p2a: Zygarde\n|-boost|p2a: Zygarde|atk|1\n|-boost|p2a: Zygarde|def|1\n|-boost|p2a: Zygarde|accuracy|1\n|move|p1a: Necrozma|Psychic Fangs|p2a: Zygarde\n|-damage|p2a: Zygarde|79\/100\n|\n|-heal|p2a: Zygarde|86\/100|[from] item: Leftovers\n|upkeep\n|turn|21\n|\n|t:|1700439443\n|move|p2a: Zygarde|Coil|p2a: Zygarde\n|-boost|p2a: Zygarde|atk|1\n|-boost|p2a: Zygarde|def|1\n|-boost|p2a: Zygarde|accuracy|1\n|move|p1a: Necrozma|Light Screen|p1a: Necrozma\n|-sidestart|p1: Silver swablu|move: Light Screen\n|\n|-heal|p2a: Zygarde|92\/100|[from] item: Leftovers\n|upkeep\n|turn|22\n|\n|t:|1700439456\n|move|p2a: Zygarde|Thousand Arrows|p1a: Necrozma\n|-supereffective|p1a: Necrozma\n|-damage|p1a: Necrozma|24\/100 par\n|move|p1a: Necrozma|Psychic Fangs|p2a: Zygarde\n|-damage|p2a: Zygarde|84\/100\n|\n|-heal|p2a: Zygarde|91\/100|[from] item: Leftovers\n|upkeep\n|turn|23\n|\n|t:|1700439464\n|move|p2a: Zygarde|Thousand Arrows|p1a: Necrozma\n|-supereffective|p1a: Necrozma\n|-damage|p1a: Necrozma|0 fnt\n|faint|p1a: Necrozma\n|\n|-heal|p2a: Zygarde|97\/100|[from] item: Leftovers\n|upkeep\n|\n|t:|1700439466\n|switch|p1a: Blaziken|Blaziken, M, shiny|100\/100\n|turn|24\n|\n|t:|1700439471\n|detailschange|p1a: Blaziken|Blaziken-Mega, M, shiny\n|-mega|p1a: Blaziken|Blaziken|Blazikenite\n|move|p1a: Blaziken|Protect|p1a: Blaziken\n|-singleturn|p1a: Blaziken|Protect\n|move|p2a: Zygarde|Thousand Arrows|p1a: Blaziken\n|-activate|p1a: Blaziken|move: Protect\n|\n|-heal|p2a: Zygarde|100\/100|[from] item: Leftovers\n|-ability|p1a: Blaziken|Speed Boost|boost\n|-boost|p1a: Blaziken|spe|1\n|upkeep\n|turn|25\n|\n|t:|1700439483\n|move|p1a: Blaziken|Brave Bird|p2a: Zygarde\n|-damage|p2a: Zygarde|92\/100\n|-damage|p1a: Blaziken|95\/100|[from] Recoil\n|move|p2a: Zygarde|Thousand Arrows|p1a: Blaziken\n|-supereffective|p1a: Blaziken\n|-crit|p1a: Blaziken\n|-damage|p1a: Blaziken|0 fnt\n|faint|p1a: Blaziken\n|\n|win|Cilantora\n|raw|Silver swablu's rating: 1075 &rarr; <strong>1055<\/strong><br \/>(-20 for losing)\n|raw|Cilantora's rating: 1100 &rarr; <strong>1123<\/strong><br \/>(+23 for winning)\n|l|\u2606Silver swablu\n|c|\u2606Cilantora|gg\n","uploadtime":1700439499,"views":22,"p1id":"silverswablu","p2id":"cilantora","formatid":"gen9nationaldexubers","rating":1055,"private":0,"password":""}