{"id":"gen9nationaldexubers-1990998804","p1":"Squideeboy","p2":"Senseitoad71","format":"[Gen 9] National Dex Ubers","log":"|j|\u2606Squideeboy\n|j|\u2606Senseitoad71\n|t:|1700025554\n|gametype|singles\n|player|p1|Squideeboy|blackbelt-gen4dp|\n|player|p2|Senseitoad71|lusamine-nihilego|\n|teamsize|p1|6\n|teamsize|p2|6\n|gen|9\n|tier|[Gen 9] National Dex Ubers\n|rule|HP Percentage Mod: HP is shown in percentages\n|rule|Endless Battle Clause: Forcing endless battles is banned\n|rule|OHKO Clause: OHKO moves are banned\n|rule|Evasion Moves Clause: Evasion moves are banned\n|rule|Evasion Items Clause: Evasion items are banned\n|rule|Species Clause: Limit one of each Pok\u00e9mon\n|rule|Sleep Clause Mod: Limit one foe put to sleep\n|rule|Mega Rayquaza Clause: You cannot mega evolve Rayquaza\n|clearpoke\n|poke|p1|Iron Valiant|\n|poke|p1|Shiftry, M|\n|poke|p1|Goodra-Hisui, F|\n|poke|p1|Crawdaunt, M|\n|poke|p1|Heracross, M|\n|poke|p1|Dipplin, F|\n|poke|p2|Houndstone, F|\n|poke|p2|Lucario, F|\n|poke|p2|Cloyster, M|\n|poke|p2|Kyurem-Black|\n|poke|p2|Blacephalon|\n|poke|p2|Xurkitree|\n|teampreview\n|j| fortnight phil\n|\n|t:|1700025570\n|start\n|switch|p1a: Crab Battler|Crawdaunt, M|100\/100\n|switch|p2a: Cloyster|Cloyster, M|100\/100\n|turn|1\n|\n|t:|1700025586\n|move|p2a: Cloyster|Toxic Spikes|p1a: Crab Battler\n|-sidestart|p1: Squideeboy|move: Toxic Spikes\n|move|p1a: Crab Battler|Close Combat|p2a: Cloyster\n|-supereffective|p2a: Cloyster\n|-enditem|p2a: Cloyster|Focus Sash\n|-damage|p2a: Cloyster|1\/100\n|-unboost|p1a: Crab Battler|def|1\n|-unboost|p1a: Crab Battler|spd|1\n|\n|upkeep\n|turn|2\n|\n|t:|1700025603\n|switch|p1a: Mr Nuzlocke Sr|Shiftry, M|100\/100\n|move|p2a: Cloyster|Toxic Spikes|p1a: Mr Nuzlocke Sr\n|-sidestart|p1: Squideeboy|move: Toxic Spikes\n|\n|upkeep\n|turn|3\n|\n|t:|1700025609\n|move|p1a: Mr Nuzlocke Sr|Sucker Punch|p2a: Cloyster\n|-damage|p2a: Cloyster|0 fnt\n|faint|p2a: Cloyster\n|\n|upkeep\n|\n|t:|1700025620\n|switch|p2a: Kyurem|Kyurem-Black|100\/100\n|-ability|p2a: Kyurem|Teravolt\n|turn|4\n|\n|t:|1700025651\n|move|p2a: Kyurem|Dragon Dance|p2a: Kyurem\n|-boost|p2a: Kyurem|atk|1\n|-boost|p2a: Kyurem|spe|1\n|move|p1a: Mr Nuzlocke Sr|Defog|p2a: Kyurem\n|-unboost|p2a: Kyurem|evasion|1\n|-sideend|p1: Squideeboy|Toxic Spikes|[from] move: Defog|[of] p1a: Mr Nuzlocke Sr\n|\n|upkeep\n|turn|5\n|\n|t:|1700025668\n|move|p1a: Mr Nuzlocke Sr|Sucker Punch|p2a: Kyurem\n|-damage|p2a: Kyurem|77\/100\n|move|p2a: Kyurem|Icicle Spear|p1a: Mr Nuzlocke Sr\n|-supereffective|p1a: Mr Nuzlocke Sr\n|-damage|p1a: Mr Nuzlocke Sr|42\/100\n|-supereffective|p1a: Mr Nuzlocke Sr\n|-damage|p1a: Mr Nuzlocke Sr|0 fnt\n|faint|p1a: Mr Nuzlocke Sr\n|-hitcount|p1: Mr Nuzlocke Sr|2\n|\n|upkeep\n|\n|t:|1700025691\n|switch|p1a: Zero|Iron Valiant|100\/100\n|-enditem|p1a: Zero|Booster Energy\n|-activate|p1a: Zero|ability: Quark Drive|[fromitem]\n|-start|p1a: Zero|quarkdrivespa\n|turn|6\n|\n|t:|1700025700\n|move|p2a: Kyurem|Iron Head|p1a: Zero\n|-supereffective|p1a: Zero\n|-damage|p1a: Zero|0 fnt\n|faint|p1a: Zero\n|-end|p1a: Zero|Quark Drive|[silent]\n|\n|upkeep\n|\n|t:|1700025705\n|switch|p1a: Roz|Goodra-Hisui, F|100\/100\n|turn|7\n|\n|t:|1700025720\n|move|p2a: Kyurem|Outrage|p1a: Roz\n|-damage|p1a: Roz|2\/100\n|move|p1a: Roz|Acid Spray|p2a: Kyurem\n|-damage|p2a: Kyurem|68\/100\n|-unboost|p2a: Kyurem|spd|2\n|\n|-heal|p1a: Roz|8\/100|[from] item: Leftovers\n|upkeep\n|turn|8\n|\n|t:|1700025751\n|move|p2a: Kyurem|Outrage|p1a: Roz|[from]lockedmove\n|-damage|p1a: Roz|0 fnt\n|faint|p1a: Roz\n|-start|p2a: Kyurem|confusion|[fatigue]\n|\n|upkeep\n|\n|t:|1700025781\n|switch|p1a: Big Gay Al|Heracross, M, shiny|100\/100\n|turn|9\n|j| jayklod\n|\n|t:|1700025792\n|detailschange|p1a: Big Gay Al|Heracross-Mega, M, shiny\n|-mega|p1a: Big Gay Al|Heracross|Heracronite\n|-activate|p2a: Kyurem|confusion\n|move|p2a: Kyurem|Outrage|p1a: Big Gay Al\n|-damage|p1a: Big Gay Al|0 fnt\n|faint|p1a: Big Gay Al\n|\n|upkeep\n|\n|t:|1700025797\n|switch|p1a: Crab Battler|Crawdaunt, M|100\/100\n|turn|10\n|\n|t:|1700025804\n|-activate|p2a: Kyurem|confusion\n|move|p2a: Kyurem|Outrage|p1a: Crab Battler|[from]lockedmove\n|-damage|p1a: Crab Battler|0 fnt\n|faint|p1a: Crab Battler\n|\n|upkeep\n|-message|Squideeboy forfeited.\n|\n|win|Senseitoad71\n|l|\u2606Squideeboy\n","uploadtime":1700025816,"views":15,"p1id":"squideeboy","p2id":"senseitoad71","formatid":"gen9nationaldexubers","rating":0,"private":0,"password":""}