{"id":"gen9nationaldexubers-1981454275","p1":"ChristheAnnoying","p2":"FVM(arshadow)","format":"[Gen 9] National Dex Ubers","log":"|j|\u2606ChristheAnnoying\n|j|\u2606FVM(arshadow)\n|t:|1698898110\n|gametype|singles\n|player|p1|ChristheAnnoying|palmer|1023\n|player|p2|FVM(arshadow)|lucas|1068\n|teamsize|p1|6\n|teamsize|p2|6\n|gen|9\n|tier|[Gen 9] National Dex Ubers\n|rated|\n|rule|HP Percentage Mod: HP is shown in percentages\n|rule|Endless Battle Clause: Forcing endless battles is banned\n|rule|OHKO Clause: OHKO moves are banned\n|rule|Evasion Moves Clause: Evasion moves are banned\n|rule|Evasion Items Clause: Evasion items are banned\n|rule|Species Clause: Limit one of each Pok\u00e9mon\n|rule|Sleep Clause Mod: Limit one foe put to sleep\n|rule|Mega Rayquaza Clause: You cannot mega evolve Rayquaza\n|clearpoke\n|poke|p1|Arceus|\n|poke|p1|Dragonite, F|\n|poke|p1|Greninja-*, M|\n|poke|p1|Cinderace, M|\n|poke|p1|Lucario, F|\n|poke|p1|Charizard, M|\n|poke|p2|Marshadow|\n|poke|p2|Samurott-Hisui, M|\n|poke|p2|Great Tusk|\n|poke|p2|Corviknight, F|\n|poke|p2|Clodsire, M|\n|poke|p2|Pikachu, F|\n|teampreview\n|inactive|Battle timer is ON: inactive players will automatically lose when time's up. (requested by FVM(arshadow))\n|c|\u2606ChristheAnnoying|yo\n|c|\u2606FVM(arshadow)|Ello\n|\n|t:|1698898135\n|start\n|switch|p1a: Arceus|Arceus|100\/100\n|switch|p2a: Samurott|Samurott-Hisui, M|100\/100\n|turn|1\n|c|\u2606ChristheAnnoying|wsp\n|\n|t:|1698898155\n|move|p2a: Samurott|Ceaseless Edge|p1a: Arceus\n|-damage|p1a: Arceus|66\/100\n|-sidestart|p1: ChristheAnnoying|Spikes\n|move|p1a: Arceus|Hyper Beam|p2a: Samurott\n|-damage|p2a: Samurott|0 fnt\n|-mustrecharge|p1a: Arceus\n|faint|p2a: Samurott\n|\n|upkeep\n|c|\u2606FVM(arshadow)|What?\n|\n|t:|1698898168\n|switch|p2a: Great Tusk|Great Tusk|100\/100\n|turn|2\n|c|\u2606ChristheAnnoying|what's up\n|\n|t:|1698898178\n|cant|p1a: Arceus|recharge\n|move|p2a: Great Tusk|Headlong Rush|p1a: Arceus\n|-damage|p1a: Arceus|26\/100\n|-unboost|p2a: Great Tusk|def|1\n|-unboost|p2a: Great Tusk|spd|1\n|\n|upkeep\n|turn|3\n|\n|t:|1698898188\n|move|p1a: Arceus|Hyper Beam|p2a: Great Tusk\n|-damage|p2a: Great Tusk|21\/100\n|-mustrecharge|p1a: Arceus\n|move|p2a: Great Tusk|Headlong Rush|p1a: Arceus\n|-damage|p1a: Arceus|0 fnt\n|-unboost|p2a: Great Tusk|def|1\n|-unboost|p2a: Great Tusk|spd|1\n|faint|p1a: Arceus\n|\n|upkeep\n|c|\u2606FVM(arshadow)|Ok\n|\n|t:|1698898204\n|switch|p1a: Dragonite|Dragonite, F|100\/100\n|turn|4\n|\n|t:|1698898217\n|move|p2a: Great Tusk|Ice Spinner|p1a: Dragonite\n|-supereffective|p1a: Dragonite\n|-damage|p1a: Dragonite|3\/100\n|move|p1a: Dragonite|Outrage|p2a: Great Tusk\n|-crit|p2a: Great Tusk\n|-damage|p2a: Great Tusk|0 fnt\n|faint|p2a: Great Tusk\n|-end|p2a: Great Tusk|Protosynthesis|[silent]\n|\n|upkeep\n|\n|t:|1698898224\n|switch|p2a: Pikachu|Pikachu, F|100\/100\n|turn|5\n|\n|t:|1698898228\n|move|p2a: Pikachu|Fake Out|p1a: Dragonite\n|-damage|p1a: Dragonite|0 fnt\n|faint|p1a: Dragonite\n|\n|upkeep\n|\n|t:|1698898245\n|switch|p1a: Lucario|Lucario, F|100\/100\n|-damage|p1a: Lucario|88\/100|[from] Spikes\n|turn|6\n|\n|t:|1698898259\n|switch|p2a: Clodsire|Clodsire, M|100\/100\n|detailschange|p1a: Lucario|Lucario-Mega, F\n|-mega|p1a: Lucario|Lucario|Lucarionite\n|move|p1a: Lucario|Bone Rush|p2a: Clodsire\n|-supereffective|p2a: Clodsire\n|-damage|p2a: Clodsire|83\/100\n|-supereffective|p2a: Clodsire\n|-damage|p2a: Clodsire|66\/100\n|-supereffective|p2a: Clodsire\n|-damage|p2a: Clodsire|47\/100\n|-hitcount|p2a: Clodsire|3\n|\n|-heal|p2a: Clodsire|53\/100|[from] item: Black Sludge\n|upkeep\n|turn|7\n|inactive|ChristheAnnoying has 120 seconds left.\n|\n|t:|1698898309\n|switch|p2a: Corviknight|Corviknight, F|100\/100\n|move|p1a: Lucario|Bone Rush|p2a: Corviknight\n|-immune|p2a: Corviknight\n|\n|upkeep\n|turn|8\n|\n|t:|1698898327\n|switch|p1a: Cinderace|Cinderace, M|100\/100\n|-damage|p1a: Cinderace|88\/100|[from] Spikes\n|move|p2a: Corviknight|Body Slam|p1a: Cinderace\n|-damage|p1a: Cinderace|62\/100\n|-status|p1a: Cinderace|par\n|\n|upkeep\n|turn|9\n|inactive|ChristheAnnoying has 90 seconds left.\n|\n|t:|1698898342\n|switch|p2a: Clodsire|Clodsire, M|53\/100\n|-terastallize|p1a: Cinderace|Fire\n|move|p1a: Cinderace|Pyro Ball|p2a: Clodsire\n|-damage|p2a: Clodsire|0 fnt\n|faint|p2a: Clodsire\n|\n|upkeep\n|\n|t:|1698898350\n|switch|p2a: Pikachu|Pikachu, F|100\/100\n|turn|10\n|inactive|ChristheAnnoying has 90 seconds left.\n|\n|t:|1698898371\n|move|p2a: Pikachu|Fake Out|p1a: Cinderace\n|-damage|p1a: Cinderace|37\/100 par\n|cant|p1a: Cinderace|flinch\n|\n|upkeep\n|turn|11\n|inactive|ChristheAnnoying has 90 seconds left.\n|\n|t:|1698898379\n|move|p2a: Pikachu|Surf|p1a: Cinderace\n|-supereffective|p1a: Cinderace\n|-damage|p1a: Cinderace|0 fnt\n|faint|p1a: Cinderace\n|\n|upkeep\n|inactive|ChristheAnnoying has 90 seconds left.\n|\n|t:|1698898388\n|switch|p1a: Lucario|Lucario-Mega, F|88\/100\n|-damage|p1a: Lucario|76\/100|[from] Spikes\n|turn|12\n|\n|t:|1698898393\n|switch|p2a: Corviknight|Corviknight, F|100\/100\n|move|p1a: Lucario|Bone Rush|p2a: Corviknight\n|-immune|p2a: Corviknight\n|\n|upkeep\n|turn|13\n|\n|t:|1698898405\n|switch|p1a: Charizard|Charizard, M|100\/100\n|move|p2a: Corviknight|Body Slam|p1a: Charizard\n|-damage|p1a: Charizard|77\/100\n|-status|p1a: Charizard|par\n|\n|upkeep\n|turn|14\n|\n|t:|1698898417\n|move|p2a: Corviknight|Body Slam|p1a: Charizard\n|-damage|p1a: Charizard|50\/100 par\n|move|p1a: Charizard|Flare Blitz|p2a: Corviknight\n|-supereffective|p2a: Corviknight\n|-damage|p2a: Corviknight|59\/100\n|-damage|p1a: Charizard|32\/100 par|[from] Recoil\n|\n|-heal|p2a: Corviknight|66\/100|[from] item: Leftovers\n|upkeep\n|turn|15\n|\n|t:|1698898428\n|move|p2a: Corviknight|Body Slam|p1a: Charizard\n|-damage|p1a: Charizard|7\/100 par\n|move|p1a: Charizard|Flare Blitz|p2a: Corviknight\n|-supereffective|p2a: Corviknight\n|-damage|p2a: Corviknight|1\/100\n|-damage|p1a: Charizard|0 fnt|[from] Recoil\n|faint|p1a: Charizard\n|\n|-heal|p2a: Corviknight|7\/100|[from] item: Leftovers\n|upkeep\n|\n|t:|1698898441\n|switch|p1a: Greninja|Greninja, M|100\/100\n|-damage|p1a: Greninja|88\/100|[from] Spikes\n|turn|16\n|\n|t:|1698898452\n|move|p1a: Greninja|Water Shuriken|p2a: Corviknight\n|-damage|p2a: Corviknight|1\/100\n|-damage|p2a: Corviknight|0 fnt\n|faint|p2a: Corviknight\n|-ability|p1a: Greninja|Battle Bond|boost\n|-boost|p1a: Greninja|atk|1\n|-boost|p1a: Greninja|spa|1\n|-boost|p1a: Greninja|spe|1\n|-activate|p1a: Greninja|ability: Battle Bond\n|-hitcount|p2: Corviknight|2\n|\n|upkeep\n|\n|t:|1698898461\n|switch|p2a: Pikachu|Pikachu, F|100\/100\n|turn|17\n|\n|t:|1698898471\n|move|p2a: Pikachu|Fake Out|p1a: Greninja\n|-damage|p1a: Greninja|61\/100\n|cant|p1a: Greninja|flinch\n|\n|upkeep\n|turn|18\n|\n|t:|1698898484\n|move|p1a: Greninja|Dark Pulse|p2a: Pikachu\n|-damage|p2a: Pikachu|0 fnt\n|faint|p2a: Pikachu\n|\n|upkeep\n|\n|t:|1698898487\n|switch|p2a: Marshadow|Marshadow|100\/100\n|turn|19\n|\n|t:|1698898508\n|-terastallize|p2a: Marshadow|Fighting\n|move|p1a: Greninja|Aerial Ace|p2a: Marshadow\n|-supereffective|p2a: Marshadow\n|-crit|p2a: Marshadow\n|-damage|p2a: Marshadow|19\/100\n|move|p2a: Marshadow|Close Combat|p1a: Greninja\n|-supereffective|p1a: Greninja\n|-damage|p1a: Greninja|0 fnt\n|-unboost|p2a: Marshadow|def|1\n|-unboost|p2a: Marshadow|spd|1\n|faint|p1a: Greninja\n|\n|upkeep\n|\n|t:|1698898520\n|switch|p1a: Lucario|Lucario-Mega, F|76\/100\n|-damage|p1a: Lucario|63\/100|[from] Spikes\n|turn|20\n|\n|t:|1698898526\n|move|p2a: Marshadow|Close Combat|p1a: Lucario\n|-supereffective|p1a: Lucario\n|-damage|p1a: Lucario|0 fnt\n|-unboost|p2a: Marshadow|def|1\n|-unboost|p2a: Marshadow|spd|1\n|faint|p1a: Lucario\n|\n|win|FVM(arshadow)\n|raw|ChristheAnnoying's rating: 1023 &rarr; <strong>1011<\/strong><br \/>(-12 for losing)\n|raw|FVM(arshadow)'s rating: 1068 &rarr; <strong>1094<\/strong><br \/>(+26 for winning)\n|c|\u2606FVM(arshadow)|Gg\n|c|\u2606ChristheAnnoying|noooo dudeee\n|c|\u2606FVM(arshadow)|?\n|c|\u2606ChristheAnnoying|gg\n|c|\u2606ChristheAnnoying|but bro...\n|c|\u2606ChristheAnnoying|LIKE THAT??? ;(\n|c|\u2606FVM(arshadow)|Like what?\n|c|\u2606FVM(arshadow)|I don't get it\n|c|\u2606ChristheAnnoying|I was sooo closeee\n|l|\u2606FVM(arshadow)\n","uploadtime":1698898639,"views":9,"p1id":"christheannoying","p2id":"fvmarshadow","formatid":"gen9nationaldexubers","rating":1011,"private":0,"password":""}