{"id":"gen9nationaldexubers-1979033294","p1":"JustinRuggs","p2":"bfgnfvdfbvef","format":"[Gen 9] National Dex Ubers","log":"|j|\u2606JustinRuggs\n|j|\u2606bfgnfvdfbvef\n|t:|1698623660\n|gametype|singles\n|player|p1|JustinRuggs|gambler|1160\n|player|p2|bfgnfvdfbvef|n|1083\n|teamsize|p1|6\n|teamsize|p2|6\n|gen|9\n|tier|[Gen 9] National Dex Ubers\n|rated|\n|rule|HP Percentage Mod: HP is shown in percentages\n|rule|Endless Battle Clause: Forcing endless battles is banned\n|rule|OHKO Clause: OHKO moves are banned\n|rule|Evasion Moves Clause: Evasion moves are banned\n|rule|Evasion Items Clause: Evasion items are banned\n|rule|Species Clause: Limit one of each Pok\u00e9mon\n|rule|Sleep Clause Mod: Limit one foe put to sleep\n|rule|Mega Rayquaza Clause: You cannot mega evolve Rayquaza\n|clearpoke\n|poke|p1|Dragonite, M|\n|poke|p1|Raichu, F|\n|poke|p1|Galvantula, F|\n|poke|p1|Pheromosa|\n|poke|p1|Bisharp, F|\n|poke|p1|Gabite, M|\n|poke|p2|Blaziken, F|\n|poke|p2|Urshifu-*, M|\n|poke|p2|Metagross|\n|poke|p2|Dialga-Origin|\n|poke|p2|Kyogre|\n|poke|p2|Venusaur, M|\n|teampreview\n|\n|t:|1698623671\n|start\n|switch|p1a: Galvantula|Galvantula, F|100\/100\n|switch|p2a: cannot use chat|Urshifu-Rapid-Strike, M|100\/100\n|turn|1\n|\n|t:|1698623679\n|move|p2a: cannot use chat|Close Combat|p1a: Galvantula\n|-resisted|p1a: Galvantula\n|-damage|p1a: Galvantula|54\/100\n|-unboost|p2a: cannot use chat|def|1\n|-unboost|p2a: cannot use chat|spd|1\n|move|p1a: Galvantula|Thunderbolt|p2a: cannot use chat\n|-supereffective|p2a: cannot use chat\n|-crit|p2a: cannot use chat\n|-damage|p2a: cannot use chat|0 fnt\n|faint|p2a: cannot use chat\n|\n|upkeep\n|\n|t:|1698623690\n|switch|p2a: Blaziken|Blaziken, F, shiny|100\/100\n|turn|2\n|\n|t:|1698623697\n|move|p1a: Galvantula|Sticky Web|p2a: Blaziken\n|-sidestart|p2: bfgnfvdfbvef|move: Sticky Web\n|move|p2a: Blaziken|Flare Blitz|p1a: Galvantula\n|-supereffective|p1a: Galvantula\n|-damage|p1a: Galvantula|0 fnt\n|faint|p1a: Galvantula\n|-damage|p2a: Blaziken|84\/100|[from] Recoil\n|\n|-ability|p2a: Blaziken|Speed Boost|boost\n|-boost|p2a: Blaziken|spe|1\n|upkeep\n|\n|t:|1698623701\n|switch|p1a: Gabite|Gabite, M|100\/100\n|turn|3\n|inactive|Battle timer is ON: inactive players will automatically lose when time's up. (requested by JustinRuggs)\n|\n|t:|1698623711\n|detailschange|p2a: Blaziken|Blaziken-Mega, F, shiny\n|-mega|p2a: Blaziken|Blaziken|Blazikenite\n|move|p2a: Blaziken|High Jump Kick|p1a: Gabite\n|-enditem|p1a: Gabite|Focus Sash\n|-damage|p1a: Gabite|1\/100\n|-damage|p2a: Blaziken|72\/100|[from] ability: Rough Skin|[of] p1a: Gabite\n|move|p1a: Gabite|Earthquake|p2a: Blaziken\n|-supereffective|p2a: Blaziken\n|-damage|p2a: Blaziken|0 fnt\n|faint|p2a: Blaziken\n|\n|upkeep\n|\n|t:|1698623724\n|switch|p2a: Kyogre|Kyogre, shiny|100\/100\n|-activate|p2a: Kyogre|move: Sticky Web\n|-unboost|p2a: Kyogre|spe|1\n|detailschange|p2a: Kyogre|Kyogre-Primal, shiny\n|-primal|p2a: Kyogre|Blue Orb\n|-weather|PrimordialSea|[from] ability: Primordial Sea|[of] p2a: Kyogre\n|turn|4\n|\n|t:|1698623731\n|move|p1a: Gabite|Stealth Rock|p2a: Kyogre\n|-sidestart|p2: bfgnfvdfbvef|move: Stealth Rock\n|move|p2a: Kyogre|Ice Beam|p1a: Gabite\n|-supereffective|p1a: Gabite\n|-damage|p1a: Gabite|0 fnt\n|faint|p1a: Gabite\n|\n|-weather|PrimordialSea|[upkeep]\n|upkeep\n|\n|t:|1698623733\n|switch|p1a: Raichu|Raichu, F|100\/100\n|turn|5\n|\n|t:|1698623741\n|move|p1a: Raichu|Thunderbolt|p2a: Kyogre\n|-supereffective|p2a: Kyogre\n|-damage|p2a: Kyogre|63\/100\n|move|p2a: Kyogre|Earthquake|p1a: Raichu\n|-supereffective|p1a: Raichu\n|-damage|p1a: Raichu|0 fnt\n|faint|p1a: Raichu\n|\n|-weather|PrimordialSea|[upkeep]\n|upkeep\n|\n|t:|1698623752\n|switch|p1a: Bisharp|Bisharp, F|100\/100\n|turn|6\n|\n|t:|1698623759\n|move|p1a: Bisharp|Poison Jab|p2a: Kyogre\n|-damage|p2a: Kyogre|41\/100\n|move|p2a: Kyogre|Ice Beam|p1a: Bisharp\n|-resisted|p1a: Bisharp\n|-damage|p1a: Bisharp|83\/100\n|\n|-weather|PrimordialSea|[upkeep]\n|upkeep\n|turn|7\n|\n|t:|1698623767\n|move|p1a: Bisharp|Power-Up Punch|p2a: Kyogre\n|-damage|p2a: Kyogre|29\/100\n|-boost|p1a: Bisharp|atk|1\n|move|p2a: Kyogre|Earthquake|p1a: Bisharp\n|-supereffective|p1a: Bisharp\n|-damage|p1a: Bisharp|40\/100\n|\n|-weather|PrimordialSea|[upkeep]\n|upkeep\n|turn|8\n|\n|t:|1698623777\n|move|p1a: Bisharp|Sucker Punch|p2a: Kyogre\n|-damage|p2a: Kyogre|0 fnt\n|faint|p2a: Kyogre\n|-weather|none\n|\n|upkeep\n|\n|t:|1698623787\n|switch|p2a: Venusaur|Venusaur, M|100\/100\n|-activate|p2a: Venusaur|move: Sticky Web\n|-unboost|p2a: Venusaur|spe|1\n|-damage|p2a: Venusaur|88\/100|[from] Stealth Rock\n|turn|9\n|\n|t:|1698623795\n|move|p1a: Bisharp|Poison Jab|p2a: Venusaur\n|-damage|p2a: Venusaur|42\/100\n|move|p2a: Venusaur|Earth Power|p1a: Bisharp\n|-supereffective|p1a: Bisharp\n|-damage|p1a: Bisharp|0 fnt\n|faint|p1a: Bisharp\n|\n|upkeep\n|\n|t:|1698623801\n|switch|p1a: Dragonite|Dragonite, M|100\/100\n|turn|10\n|\n|t:|1698623807\n|move|p1a: Dragonite|Substitute|p1a: Dragonite\n|-start|p1a: Dragonite|Substitute\n|-damage|p1a: Dragonite|76\/100\n|move|p2a: Venusaur|Outrage|p1a: Dragonite\n|-supereffective|p1a: Dragonite\n|-end|p1a: Dragonite|Substitute\n|\n|-heal|p1a: Dragonite|82\/100|[from] item: Leftovers\n|upkeep\n|turn|11\n|\n|t:|1698623815\n|move|p1a: Dragonite|Fire Punch|p2a: Venusaur\n|-supereffective|p2a: Venusaur\n|-damage|p2a: Venusaur|0 fnt\n|faint|p2a: Venusaur\n|\n|-heal|p1a: Dragonite|88\/100|[from] item: Leftovers\n|upkeep\n|\n|t:|1698623821\n|switch|p2a: Dialga|Dialga-Origin, shiny|100\/100\n|-activate|p2a: Dialga|move: Sticky Web\n|-unboost|p2a: Dialga|spe|1\n|-damage|p2a: Dialga|94\/100|[from] Stealth Rock\n|turn|12\n|\n|t:|1698623827\n|-terastallize|p1a: Dragonite|Fire\n|move|p1a: Dragonite|Fire Punch|p2a: Dialga\n|-damage|p2a: Dialga|62\/100\n|-status|p2a: Dialga|brn\n|move|p2a: Dialga|Draco Meteor|p1a: Dragonite\n|-damage|p1a: Dragonite|0 fnt\n|-unboost|p2a: Dialga|spa|2\n|faint|p1a: Dragonite\n|\n|-damage|p2a: Dialga|56\/100 brn|[from] brn\n|upkeep\n|\n|t:|1698623834\n|switch|p1a: Pheromosa|Pheromosa|100\/100\n|turn|13\n|\n|t:|1698623851\n|move|p1a: Pheromosa|Close Combat|p2a: Dialga\n|-supereffective|p2a: Dialga\n|-damage|p2a: Dialga|0 fnt\n|-unboost|p1a: Pheromosa|def|1\n|-unboost|p1a: Pheromosa|spd|1\n|faint|p2a: Dialga\n|-ability|p1a: Pheromosa|Beast Boost|boost\n|-boost|p1a: Pheromosa|atk|1\n|-damage|p1a: Pheromosa|91\/100|[from] item: Life Orb\n|\n|upkeep\n|\n|t:|1698623860\n|switch|p2a: Metagross|Metagross, shiny|100\/100\n|-activate|p2a: Metagross|move: Sticky Web\n|-unboost|p2a: Metagross|spe|1\n|-damage|p2a: Metagross|94\/100|[from] Stealth Rock\n|turn|14\n|\n|t:|1698623875\n|move|p1a: Pheromosa|Close Combat|p2a: Metagross\n|-damage|p2a: Metagross|0 fnt\n|-unboost|p1a: Pheromosa|def|1\n|-unboost|p1a: Pheromosa|spd|1\n|faint|p2a: Metagross\n|-damage|p1a: Pheromosa|81\/100|[from] item: Life Orb\n|\n|win|JustinRuggs\n|raw|JustinRuggs's rating: 1160 &rarr; <strong>1180<\/strong><br \/>(+20 for winning)\n|raw|bfgnfvdfbvef's rating: 1083 &rarr; <strong>1065<\/strong><br \/>(-18 for losing)\n|c|\u2606JustinRuggs|gg\n","uploadtime":1698623882,"views":10,"p1id":"justinruggs","p2id":"bfgnfvdfbvef","formatid":"gen9nationaldexubers","rating":1065,"private":0,"password":""}