{"id":"gen9nationaldexubers-1988747210","p1":"seejay6","p2":"C-Rad1","format":"[Gen 9] National Dex Ubers","log":"|j|\u2606seejay6\n|j|\u2606C-Rad1\n|t:|1699757961\n|gametype|singles\n|player|p1|seejay6|caitlin|\n|player|p2|C-Rad1|nemona-s|\n|teamsize|p1|6\n|teamsize|p2|6\n|gen|9\n|tier|[Gen 9] National Dex Ubers\n|rule|HP Percentage Mod: HP is shown in percentages\n|rule|Endless Battle Clause: Forcing endless battles is banned\n|rule|OHKO Clause: OHKO moves are banned\n|rule|Evasion Moves Clause: Evasion moves are banned\n|rule|Evasion Items Clause: Evasion items are banned\n|rule|Species Clause: Limit one of each Pok\u00e9mon\n|rule|Sleep Clause Mod: Limit one foe put to sleep\n|rule|Mega Rayquaza Clause: You cannot mega evolve Rayquaza\n|clearpoke\n|poke|p1|Altaria, F|\n|poke|p1|Torkoal, F|\n|poke|p1|Lilligant-Hisui, F|\n|poke|p1|Sandy Shocks|\n|poke|p1|Weavile, M|\n|poke|p1|Klefki, M|\n|poke|p2|Camerupt, M|\n|poke|p2|Milotic, M|\n|poke|p2|Corviknight, M|\n|poke|p2|Grimmsnarl, M|\n|poke|p2|Dugtrio-Alola, F|\n|poke|p2|Breloom, M|\n|teampreview\n|c|\u2606seejay6|glfh!\n|c|\u2606C-Rad1|u2!\n|j| Payforrhystic\n|j| plusonedex\n|j| logbake2\n|c| logbake2|Here we goooooooo\n|l| logbake2\n|j| logbake2\n|l| plusonedex\n|j| plusonedex\n|\n|t:|1699758115\n|start\n|switch|p1a: Nimbus|Altaria, F, shiny|100\/100\n|switch|p2a: Grimmsnarl|Grimmsnarl, M|100\/100\n|turn|1\n|\n|t:|1699758147\n|detailschange|p1a: Nimbus|Altaria-Mega, F, shiny\n|-mega|p1a: Nimbus|Altaria|Altarianite\n|move|p2a: Grimmsnarl|Parting Shot|p1a: Nimbus\n|-unboost|p1a: Nimbus|atk|1\n|-unboost|p1a: Nimbus|spa|1\n|\n|t:|1699758174\n|switch|p2a: Milotic|Milotic, M|100\/100|[from] Parting Shot\n|move|p1a: Nimbus|Hyper Voice|p2a: Milotic\n|-damage|p2a: Milotic|76\/100\n|\n|upkeep\n|turn|2\n|\n|t:|1699758188\n|switch|p1a: Klefki|Klefki, M|100\/100\n|move|p2a: Milotic|Toxic|p1a: Klefki\n|-immune|p1a: Klefki\n|\n|upkeep\n|turn|3\n|\n|t:|1699758195\n|switch|p2a: Camerupt|Camerupt, M|100\/100\n|move|p1a: Klefki|Light Screen|p1a: Klefki\n|-sidestart|p1: seejay6|move: Light Screen\n|\n|upkeep\n|turn|4\n|\n|t:|1699758229\n|switch|p1a: Nimbus|Altaria-Mega, F, shiny|100\/100\n|detailschange|p2a: Camerupt|Camerupt-Mega, M\n|-mega|p2a: Camerupt|Camerupt|Cameruptite\n|move|p2a: Camerupt|Earth Power|p1a: Nimbus\n|-damage|p1a: Nimbus|73\/100\n|\n|upkeep\n|turn|5\n|\n|t:|1699758242\n|switch|p2a: Corviknight|Corviknight, M|100\/100\n|-ability|p2a: Corviknight|Pressure\n|move|p1a: Nimbus|Hyper Voice|p2a: Corviknight\n|-resisted|p2a: Corviknight\n|-damage|p2a: Corviknight|71\/100\n|\n|upkeep\n|turn|6\n|\n|t:|1699758250\n|switch|p1a: Reginald|Torkoal, F|100\/100\n|-weather|SunnyDay|[from] ability: Drought|[of] p1a: Reginald\n|move|p2a: Corviknight|Iron Head|p1a: Reginald\n|-resisted|p1a: Reginald\n|-damage|p1a: Reginald|92\/100\n|\n|-weather|SunnyDay|[upkeep]\n|upkeep\n|turn|7\n|\n|t:|1699758275\n|switch|p2a: Camerupt|Camerupt-Mega, M|100\/100\n|move|p1a: Reginald|Stealth Rock|p2a: Camerupt\n|-sidestart|p2: C-Rad1|move: Stealth Rock\n|\n|-weather|SunnyDay|[upkeep]\n|upkeep\n|turn|8\n|\n|t:|1699758285\n|switch|p1a: Nimbus|Altaria-Mega, F, shiny|73\/100\n|move|p2a: Camerupt|Toxic|p1a: Nimbus\n|-status|p1a: Nimbus|tox\n|\n|-weather|SunnyDay|[upkeep]\n|-damage|p1a: Nimbus|66\/100 tox|[from] psn\n|upkeep\n|turn|9\n|\n|t:|1699758307\n|switch|p2a: Milotic|Milotic, M|76\/100\n|-damage|p2a: Milotic|63\/100|[from] Stealth Rock\n|move|p1a: Nimbus|Weather Ball|p2a: Milotic\n|-resisted|p2a: Milotic\n|-damage|p2a: Milotic|45\/100\n|\n|-weather|SunnyDay|[upkeep]\n|-damage|p1a: Nimbus|54\/100 tox|[from] psn\n|upkeep\n|turn|10\n|\n|t:|1699758319\n|switch|p1a: Klefki|Klefki, M|100\/100\n|move|p2a: Milotic|Recover|p2a: Milotic\n|-heal|p2a: Milotic|95\/100\n|\n|-weather|SunnyDay|[upkeep]\n|-sideend|p1: seejay6|move: Light Screen\n|upkeep\n|turn|11\n|\n|t:|1699758337\n|switch|p2a: Camerupt|Camerupt-Mega, M|100\/100\n|-damage|p2a: Camerupt|88\/100|[from] Stealth Rock\n|move|p1a: Klefki|Light Screen|p1a: Klefki\n|-sidestart|p1: seejay6|move: Light Screen\n|\n|-weather|SunnyDay|[upkeep]\n|upkeep\n|turn|12\n|\n|t:|1699758404\n|switch|p1a: Nimbus|Altaria-Mega, F, shiny|54\/100 tox\n|move|p2a: Camerupt|Flamethrower|p1a: Nimbus\n|-resisted|p1a: Nimbus\n|-damage|p1a: Nimbus|32\/100 tox\n|\n|-weather|SunnyDay|[upkeep]\n|-damage|p1a: Nimbus|26\/100 tox|[from] psn\n|upkeep\n|turn|13\n|\n|t:|1699758423\n|switch|p2a: Milotic|Milotic, M|95\/100\n|-damage|p2a: Milotic|82\/100|[from] Stealth Rock\n|move|p1a: Nimbus|Roost|p1a: Nimbus\n|-heal|p1a: Nimbus|76\/100 tox\n|-singleturn|p1a: Nimbus|move: Roost\n|\n|-weather|none\n|-damage|p1a: Nimbus|63\/100 tox|[from] psn\n|upkeep\n|turn|14\n|j| Brockplazz\n|\n|t:|1699758452\n|switch|p2a: Corviknight|Corviknight, M|71\/100\n|-damage|p2a: Corviknight|59\/100|[from] Stealth Rock\n|-ability|p2a: Corviknight|Pressure\n|switch|p1a: Blinky|Sandy Shocks|100\/100\n|\n|upkeep\n|turn|15\n|l| Brockplazz\n|\n|t:|1699758482\n|switch|p2a: Dugtrio|Dugtrio-Alola, F|100\/100\n|-damage|p2a: Dugtrio|98\/100|[from] Stealth Rock\n|-item|p2a: Dugtrio|Air Balloon\n|move|p1a: Blinky|Earth Power|p2a: Dugtrio\n|-immune|p2a: Dugtrio\n|\n|upkeep\n|turn|16\n|j| Brockplazz\n|c| Brockplazz|Y\u2019all I just saw the marvels and lemme say very good\n|c| Brockplazz|like actually good\n|c|\u2606C-Rad1|ANd now you get to watch basically another marvel movie rn\n|c| logbake2|For real\n|\n|t:|1699758609\n|-end|p1a: Blinky|Protosynthesis|[silent]\n|switch|p1a: Reginald|Torkoal, F|92\/100\n|-weather|SunnyDay|[from] ability: Drought|[of] p1a: Reginald\n|move|p2a: Dugtrio|Earthquake|p1a: Reginald\n|-supereffective|p1a: Reginald\n|-damage|p1a: Reginald|41\/100\n|\n|-weather|SunnyDay|[upkeep]\n|upkeep\n|turn|17\n|\n|t:|1699758641\n|switch|p1a: Ino|Lilligant-Hisui, F, shiny|100\/100\n|move|p2a: Dugtrio|Aerial Ace|p1a: Ino\n|-supereffective|p1a: Ino\n|-enditem|p1a: Ino|Focus Sash\n|-damage|p1a: Ino|1\/100\n|\n|-weather|SunnyDay|[upkeep]\n|upkeep\n|turn|18\n|l| Payforrhystic\n|\n|t:|1699758666\n|switch|p2a: Corviknight|Corviknight, M|59\/100\n|-damage|p2a: Corviknight|46\/100|[from] Stealth Rock\n|-ability|p2a: Corviknight|Pressure\n|move|p1a: Ino|Sleep Powder|p2a: Corviknight\n|-status|p2a: Corviknight|slp|[from] move: Sleep Powder\n|\n|-weather|SunnyDay|[upkeep]\n|-sideend|p1: seejay6|move: Light Screen\n|upkeep\n|turn|19\n|\n|t:|1699758787\n|switch|p1a: Blinky|Sandy Shocks|100\/100\n|-activate|p1a: Blinky|ability: Protosynthesis\n|-start|p1a: Blinky|protosynthesisspa\n|cant|p2a: Corviknight|slp\n|\n|-weather|SunnyDay|[upkeep]\n|upkeep\n|turn|20\n|\n|t:|1699758829\n|switch|p2a: Dugtrio|Dugtrio-Alola, F|98\/100\n|-damage|p2a: Dugtrio|95\/100|[from] Stealth Rock\n|-item|p2a: Dugtrio|Air Balloon\n|move|p1a: Blinky|Flash Cannon|p2a: Dugtrio\n|-resisted|p2a: Dugtrio\n|-crit|p2a: Dugtrio\n|-damage|p2a: Dugtrio|35\/100\n|-enditem|p2a: Dugtrio|Air Balloon\n|\n|-weather|SunnyDay|[upkeep]\n|upkeep\n|turn|21\n|l| logbake2\n|j| logbake2\n|\n|t:|1699758873\n|move|p2a: Dugtrio|Earthquake|p1a: Blinky\n|-supereffective|p1a: Blinky\n|-damage|p1a: Blinky|0 fnt\n|faint|p1a: Blinky\n|-end|p1a: Blinky|Protosynthesis|[silent]\n|\n|-weather|SunnyDay|[upkeep]\n|upkeep\n|\n|t:|1699758882\n|switch|p1a: Weavile|Weavile, M|100\/100\n|-ability|p1a: Weavile|Pressure\n|turn|22\n|\n|t:|1699758939\n|switch|p2a: Milotic|Milotic, M|82\/100\n|-damage|p2a: Milotic|70\/100|[from] Stealth Rock\n|move|p1a: Weavile|Knock Off|p2a: Milotic\n|-damage|p2a: Milotic|22\/100\n|-enditem|p2a: Milotic|Rindo Berry|[from] move: Knock Off|[of] p1a: Weavile\n|\n|-weather|SunnyDay|[upkeep]\n|upkeep\n|turn|23\n|l| Brockplazz\n|\n|t:|1699758965\n|move|p1a: Weavile|Throat Chop|p2a: Milotic\n|-damage|p2a: Milotic|0 fnt\n|faint|p2a: Milotic\n|\n|-weather|none\n|upkeep\n|\n|t:|1699758979\n|switch|p2a: Grimmsnarl|Grimmsnarl, M|100\/100\n|-damage|p2a: Grimmsnarl|88\/100|[from] Stealth Rock\n|turn|24\n|\n|t:|1699758988\n|switch|p1a: Klefki|Klefki, M|100\/100\n|move|p2a: Grimmsnarl|Spirit Break|p1a: Klefki\n|-resisted|p1a: Klefki\n|-damage|p1a: Klefki|81\/100\n|-unboost|p1a: Klefki|spa|1\n|\n|-heal|p2a: Grimmsnarl|94\/100|[from] item: Leftovers\n|upkeep\n|turn|25\n|\n|t:|1699759004\n|move|p1a: Klefki|Reflect|p1a: Klefki\n|-sidestart|p1: seejay6|Reflect\n|move|p2a: Grimmsnarl|Parting Shot|p1a: Klefki\n|-unboost|p1a: Klefki|atk|1\n|-unboost|p1a: Klefki|spa|1\n|\n|t:|1699759009\n|switch|p2a: Breloom|Breloom, M|100\/100|[from] Parting Shot\n|-damage|p2a: Breloom|94\/100|[from] Stealth Rock\n|\n|upkeep\n|turn|26\n|\n|t:|1699759059\n|switch|p2a: Dugtrio|Dugtrio-Alola, F|35\/100\n|-damage|p2a: Dugtrio|33\/100|[from] Stealth Rock\n|switch|p1a: Nimbus|Altaria-Mega, F, shiny|63\/100 tox\n|\n|-damage|p1a: Nimbus|57\/100 tox|[from] psn\n|upkeep\n|turn|27\n|\n|t:|1699759098\n|move|p2a: Dugtrio|Iron Head|p1a: Nimbus\n|-supereffective|p1a: Nimbus\n|-damage|p1a: Nimbus|26\/100 tox\n|move|p1a: Nimbus|Hidden Power|p2a: Dugtrio\n|-supereffective|p2a: Dugtrio\n|-damage|p2a: Dugtrio|0 fnt\n|faint|p2a: Dugtrio\n|\n|-damage|p1a: Nimbus|13\/100 tox|[from] psn\n|upkeep\n|\n|t:|1699759128\n|switch|p2a: Corviknight|Corviknight, M|46\/100 slp\n|-damage|p2a: Corviknight|34\/100 slp|[from] Stealth Rock\n|-ability|p2a: Corviknight|Pressure\n|turn|28\n|\n|t:|1699759144\n|move|p1a: Nimbus|Roost|p1a: Nimbus\n|-heal|p1a: Nimbus|63\/100 tox\n|-singleturn|p1a: Nimbus|move: Roost\n|cant|p2a: Corviknight|slp\n|\n|-damage|p1a: Nimbus|45\/100 tox|[from] psn\n|upkeep\n|turn|29\n|\n|t:|1699759172\n|switch|p1a: Reginald|Torkoal, F|41\/100\n|-weather|SunnyDay|[from] ability: Drought|[of] p1a: Reginald\n|cant|p2a: Corviknight|slp\n|\n|-weather|SunnyDay|[upkeep]\n|upkeep\n|turn|30\n|\n|t:|1699759200\n|-curestatus|p2a: Corviknight|slp|[msg]\n|move|p2a: Corviknight|Defog|p1a: Reginald\n|-unboost|p1a: Reginald|evasion|1\n|-sideend|p1: seejay6|Reflect\n|-sideend|p2: C-Rad1|Stealth Rock|[from] move: Defog|[of] p2a: Corviknight\n|move|p1a: Reginald|Lava Plume|p2a: Corviknight\n|-supereffective|p2a: Corviknight\n|-crit|p2a: Corviknight\n|-damage|p2a: Corviknight|0 fnt\n|faint|p2a: Corviknight\n|\n|-weather|SunnyDay|[upkeep]\n|upkeep\n|\n|t:|1699759217\n|switch|p2a: Camerupt|Camerupt-Mega, M|88\/100\n|turn|31\n|\n|t:|1699759244\n|move|p2a: Camerupt|Earth Power|p1a: Reginald\n|-supereffective|p1a: Reginald\n|-damage|p1a: Reginald|0 fnt\n|faint|p1a: Reginald\n|\n|-weather|SunnyDay|[upkeep]\n|upkeep\n|\n|t:|1699759247\n|switch|p1a: Ino|Lilligant-Hisui, F, shiny|1\/100\n|turn|32\n|\n|t:|1699759325\n|switch|p2a: Breloom|Breloom, M|94\/100\n|move|p1a: Ino|Close Combat|p2a: Breloom\n|-damage|p2a: Breloom|18\/100\n|-unboost|p1a: Ino|def|1\n|-unboost|p1a: Ino|spd|1\n|\n|-weather|SunnyDay|[upkeep]\n|upkeep\n|turn|33\n|\n|t:|1699759369\n|switch|p1a: Klefki|Klefki, M|81\/100\n|move|p2a: Breloom|Mach Punch|p1a: Klefki\n|-damage|p1a: Klefki|37\/100\n|\n|-weather|SunnyDay|[upkeep]\n|upkeep\n|turn|34\n|\n|t:|1699759396\n|move|p2a: Breloom|Mach Punch|p1a: Klefki\n|-damage|p1a: Klefki|0 fnt\n|faint|p1a: Klefki\n|\n|-weather|SunnyDay|[upkeep]\n|upkeep\n|\n|t:|1699759463\n|switch|p1a: Weavile|Weavile, M|100\/100\n|-ability|p1a: Weavile|Pressure\n|turn|35\n|\n|t:|1699759495\n|switch|p2a: Grimmsnarl|Grimmsnarl, M|94\/100\n|move|p1a: Weavile|Fake Out|p2a: Grimmsnarl\n|-damage|p2a: Grimmsnarl|80\/100\n|\n|-weather|SunnyDay|[upkeep]\n|-heal|p2a: Grimmsnarl|87\/100|[from] item: Leftovers\n|upkeep\n|turn|36\n|\n|t:|1699759523\n|switch|p1a: Nimbus|Altaria-Mega, F, shiny|45\/100 tox\n|move|p2a: Grimmsnarl|Spirit Break|p1a: Nimbus\n|-supereffective|p1a: Nimbus\n|-damage|p1a: Nimbus|0 fnt\n|faint|p1a: Nimbus\n|\n|-weather|none\n|-heal|p2a: Grimmsnarl|93\/100|[from] item: Leftovers\n|upkeep\n|\n|t:|1699759532\n|switch|p1a: Ino|Lilligant-Hisui, F, shiny|1\/100\n|turn|37\n|\n|t:|1699759556\n|move|p1a: Ino|Close Combat|p2a: Grimmsnarl\n|-crit|p2a: Grimmsnarl\n|-damage|p2a: Grimmsnarl|2\/100\n|-unboost|p1a: Ino|def|1\n|-unboost|p1a: Ino|spd|1\n|move|p2a: Grimmsnarl|Spirit Break|p1a: Ino\n|-supereffective|p1a: Ino\n|-damage|p1a: Ino|0 fnt\n|faint|p1a: Ino\n|\n|-heal|p2a: Grimmsnarl|8\/100|[from] item: Leftovers\n|upkeep\n|\n|t:|1699759563\n|switch|p1a: Weavile|Weavile, M|100\/100\n|-ability|p1a: Weavile|Pressure\n|turn|38\n|\n|t:|1699759575\n|move|p1a: Weavile|Knock Off|p2a: Grimmsnarl\n|-resisted|p2a: Grimmsnarl\n|-damage|p2a: Grimmsnarl|0 fnt\n|-enditem|p2a: Grimmsnarl|Leftovers|[from] move: Knock Off|[of] p1a: Weavile\n|faint|p2a: Grimmsnarl\n|\n|upkeep\n|\n|t:|1699759594\n|switch|p2a: Breloom|Breloom, M|18\/100\n|turn|39\n|\n|t:|1699759598\n|move|p2a: Breloom|Mach Punch|p1a: Weavile\n|-supereffective|p1a: Weavile\n|-damage|p1a: Weavile|0 fnt\n|faint|p1a: Weavile\n|\n|win|C-Rad1\n|c|\u2606seejay6|gg my guy\n|c|\u2606C-Rad1|gg!\n|l| logbake2\n|c| plusonedex|lets gooooooo\n","uploadtime":1699759616,"views":25,"p1id":"seejay6","p2id":"crad1","formatid":"gen9nationaldexubers","rating":0,"private":0,"password":""}