{"id":"gen9nationaldexubers-1982584941","p1":"Lunarquay","p2":"Videorelaxant777","format":"[Gen 9] National Dex Ubers","log":"|j|\u2606Lunarquay\n|j|\u203dVideorelaxant777\n|t:|1699027584\n|gametype|singles\n|player|p1|Lunarquay|cynthia-gen4|1256\n|player|p2|Videorelaxant777|zinnia|1310\n|teamsize|p1|6\n|teamsize|p2|6\n|gen|9\n|tier|[Gen 9] National Dex Ubers\n|rated|\n|rule|HP Percentage Mod: HP is shown in percentages\n|rule|Endless Battle Clause: Forcing endless battles is banned\n|rule|OHKO Clause: OHKO moves are banned\n|rule|Evasion Moves Clause: Evasion moves are banned\n|rule|Evasion Items Clause: Evasion items are banned\n|rule|Species Clause: Limit one of each Pok\u00e9mon\n|rule|Sleep Clause Mod: Limit one foe put to sleep\n|rule|Mega Rayquaza Clause: You cannot mega evolve Rayquaza\n|clearpoke\n|poke|p1|Deoxys-Attack|\n|poke|p1|Necrozma-Dusk-Mane|\n|poke|p1|Xerneas-*|\n|poke|p1|Blaziken, F|\n|poke|p1|Shuckle, F|\n|poke|p1|Basculegion, M|\n|poke|p2|Arceus|\n|poke|p2|Grimmsnarl, M|\n|poke|p2|Marshadow|\n|poke|p2|Blissey, F|\n|poke|p2|Landorus-Therian, M|\n|poke|p2|Serperior, F|\n|teampreview\n|inactive|Battle timer is ON: inactive players will automatically lose when time's up. (requested by Lunarquay)\n|\n|t:|1699027604\n|start\n|switch|p1a: :p|Shuckle, F|100\/100\n|switch|p2a: Grimmsnarl|Grimmsnarl, M|100\/100\n|turn|1\n|inactive|Lunarquay has 120 seconds left.\n|\n|t:|1699027640\n|move|p2a: Grimmsnarl|Taunt|p1a: :p\n|-start|p1a: :p|move: Taunt\n|cant|p1a: :p|move: Taunt|Toxic\n|\n|upkeep\n|turn|2\n|\n|t:|1699027645\n|move|p2a: Grimmsnarl|Light Screen|p2a: Grimmsnarl\n|-sidestart|p2: Videorelaxant777|move: Light Screen\n|move|p1a: :p|Rollout|p2a: Grimmsnarl\n|-damage|p2a: Grimmsnarl|97\/100\n|\n|upkeep\n|turn|3\n|\n|t:|1699027650\n|move|p2a: Grimmsnarl|Reflect|p2a: Grimmsnarl\n|-sidestart|p2: Videorelaxant777|Reflect\n|move|p1a: :p|Rollout|p2a: Grimmsnarl|[from]lockedmove\n|-damage|p2a: Grimmsnarl|94\/100\n|\n|-end|p1a: :p|move: Taunt\n|upkeep\n|turn|4\n|\n|t:|1699027656\n|move|p2a: Grimmsnarl|Parting Shot|p1a: :p\n|-boost|p1a: :p|atk|1\n|-boost|p1a: :p|spa|1\n|c|\u2606Lunarquay|lol\n|\n|t:|1699027664\n|switch|p2a: Landorus|Landorus-Therian, M|100\/100|[from] Parting Shot\n|-ability|p2a: Landorus|Intimidate|boost\n|-boost|p1a: :p|atk|1\n|move|p1a: :p|Rollout|p2a: Landorus|[from]lockedmove\n|-damage|p2a: Landorus|90\/100\n|\n|upkeep\n|turn|5\n|\n|t:|1699027672\n|switch|p2a: Marshadow|Marshadow|100\/100\n|move|p1a: :p|Rollout|p2a: Marshadow|[from]lockedmove\n|-resisted|p2a: Marshadow\n|-damage|p2a: Marshadow|87\/100\n|\n|upkeep\n|turn|6\n|\n|t:|1699027678\n|move|p2a: Marshadow|Spectral Thief||[still]\n|-clearpositiveboost|p1a: :p|p2a: Marshadow|move: Spectral Thief\n|-boost|p2a: Marshadow|atk|2\n|-boost|p2a: Marshadow|spa|1\n|-anim|p2a: Marshadow|Spectral Thief|p1a: :p\n|-damage|p1a: :p|42\/100\n|-enditem|p1a: :p|Red Card|[of] p2a: Marshadow\n|drag|p2a: Grimmsnarl|Grimmsnarl, M|94\/100\n|move|p1a: :p|Rollout|p2a: Grimmsnarl|[from]lockedmove\n|-damage|p2a: Grimmsnarl|71\/100\n|\n|upkeep\n|turn|7\n|c|\u2606Lunarquay|damn good one pusy\n|\n|t:|1699027694\n|move|p2a: Grimmsnarl|Taunt|p1a: :p\n|-start|p1a: :p|move: Taunt\n|cant|p1a: :p|move: Taunt|Sticky Web\n|\n|upkeep\n|turn|8\n|c|\u2606Lunarquay|bro's a wuss\n|c|\u2606Lunarquay|no way ur struggling this hard against a shucckle bro\n|inactive|Lunarquay has 120 seconds left.\n|c|\u2606Lunarquay|this is embarrasing\n|\n|t:|1699027734\n|switch|p1a: Xmas tree <3|Xerneas|100\/100\n|-ability|p1a: Xmas tree <3|Fairy Aura\n|move|p2a: Grimmsnarl|Light Screen||[still]\n|-fail|p2a: Grimmsnarl\n|\n|upkeep\n|turn|9\n|inactive|Lunarquay has 120 seconds left.\n|\n|t:|1699027741\n|move|p2a: Grimmsnarl|Taunt|p1a: Xmas tree <3\n|-start|p1a: Xmas tree <3|move: Taunt\n|cant|p1a: Xmas tree <3|move: Taunt|Geomancy\n|\n|-sideend|p2: Videorelaxant777|move: Light Screen\n|upkeep\n|turn|10\n|inactive|Lunarquay has 120 seconds left.\n|\n|t:|1699027755\n|switch|p1a: sun wielder|Blaziken, F, shiny|100\/100\n|move|p2a: Grimmsnarl|Light Screen|p2a: Grimmsnarl\n|-sidestart|p2: Videorelaxant777|move: Light Screen\n|\n|-sideend|p2: Videorelaxant777|Reflect\n|upkeep\n|turn|11\n|inactive|Lunarquay has 120 seconds left.\n|\n|t:|1699027775\n|switch|p1a: Xmas tree <3|Xerneas|100\/100\n|-ability|p1a: Xmas tree <3|Fairy Aura\n|move|p2a: Grimmsnarl|Reflect|p2a: Grimmsnarl\n|-sidestart|p2: Videorelaxant777|Reflect\n|\n|upkeep\n|turn|12\n|inactive|Lunarquay has 120 seconds left.\n|\n|t:|1699027781\n|move|p2a: Grimmsnarl|Taunt|p1a: Xmas tree <3\n|-start|p1a: Xmas tree <3|move: Taunt\n|move|p1a: Xmas tree <3|Moonblast|p2a: Grimmsnarl\n|-supereffective|p2a: Grimmsnarl\n|-damage|p2a: Grimmsnarl|15\/100\n|-unboost|p2a: Grimmsnarl|spa|1\n|\n|upkeep\n|turn|13\n|\n|t:|1699027790\n|move|p2a: Grimmsnarl|Parting Shot|p1a: Xmas tree <3\n|-unboost|p1a: Xmas tree <3|atk|1\n|-unboost|p1a: Xmas tree <3|spa|1\n|\n|t:|1699027792\n|switch|p2a: Marshadow|Marshadow|87\/100|[from] Parting Shot\n|move|p1a: Xmas tree <3|Moonblast|p2a: Marshadow\n|-supereffective|p2a: Marshadow\n|-damage|p2a: Marshadow|30\/100\n|\n|upkeep\n|turn|14\n|\n|t:|1699027800\n|move|p2a: Marshadow|Spectral Thief|p1a: Xmas tree <3\n|-damage|p1a: Xmas tree <3|67\/100\n|move|p1a: Xmas tree <3|Moonblast|p2a: Marshadow\n|-supereffective|p2a: Marshadow\n|-damage|p2a: Marshadow|0 fnt\n|faint|p2a: Marshadow\n|\n|-end|p1a: Xmas tree <3|move: Taunt\n|upkeep\n|\n|t:|1699027808\n|switch|p2a: Landorus|Landorus-Therian, M|90\/100\n|-ability|p2a: Landorus|Intimidate|boost\n|-unboost|p1a: Xmas tree <3|atk|1\n|turn|15\n|\n|t:|1699027817\n|move|p2a: Landorus|Earthquake|p1a: Xmas tree <3\n|-damage|p1a: Xmas tree <3|19\/100\n|move|p1a: Xmas tree <3|Geomancy||[still]\n|-prepare|p1a: Xmas tree <3|Geomancy\n|-enditem|p1a: Xmas tree <3|Power Herb\n|-anim|p1a: Xmas tree <3|Geomancy|p1a: Xmas tree <3\n|-boost|p1a: Xmas tree <3|spa|2\n|-boost|p1a: Xmas tree <3|spd|2\n|-boost|p1a: Xmas tree <3|spe|2\n|\n|upkeep\n|turn|16\n|\n|t:|1699027825\n|move|p1a: Xmas tree <3|Moonblast|p2a: Landorus\n|-damage|p2a: Landorus|23\/100\n|-unboost|p2a: Landorus|spa|1\n|move|p2a: Landorus|Earthquake|p1a: Xmas tree <3\n|-damage|p1a: Xmas tree <3|0 fnt\n|faint|p1a: Xmas tree <3\n|\n|upkeep\n|\n|t:|1699027843\n|switch|p1a: :p|Shuckle, F|42\/100\n|turn|17\n|\n|t:|1699027848\n|move|p2a: Landorus|Earthquake|p1a: :p\n|-damage|p1a: :p|5\/100\n|move|p1a: :p|Sticky Web|p2a: Landorus\n|-sidestart|p2: Videorelaxant777|move: Sticky Web\n|\n|-sideend|p2: Videorelaxant777|move: Light Screen\n|upkeep\n|turn|18\n|\n|t:|1699027856\n|move|p2a: Landorus|Earthquake|p1a: :p\n|-damage|p1a: :p|0 fnt\n|faint|p1a: :p\n|\n|-sideend|p2: Videorelaxant777|Reflect\n|upkeep\n|\n|t:|1699027881\n|switch|p1a: damage machine|Deoxys-Attack|100\/100\n|-ability|p1a: damage machine|Pressure\n|turn|19\n|\n|t:|1699027888\n|move|p2a: Landorus|Earthquake|p1a: damage machine\n|-enditem|p1a: damage machine|Focus Sash\n|-damage|p1a: damage machine|1\/100\n|move|p1a: damage machine|Zen Headbutt|p2a: Landorus\n|-damage|p2a: Landorus|0 fnt\n|faint|p2a: Landorus\n|\n|upkeep\n|\n|t:|1699027897\n|switch|p2a: Arceus|Arceus|100\/100\n|-activate|p2a: Arceus|move: Sticky Web\n|-unboost|p2a: Arceus|spe|1\n|turn|20\n|\n|t:|1699027903\n|move|p2a: Arceus|Extreme Speed|p1a: damage machine\n|-damage|p1a: damage machine|0 fnt\n|faint|p1a: damage machine\n|\n|upkeep\n|\n|t:|1699027910\n|switch|p1a: sun wielder|Blaziken, F, shiny|100\/100\n|turn|21\n|\n|t:|1699027913\n|move|p1a: sun wielder|Protect|p1a: sun wielder\n|-singleturn|p1a: sun wielder|Protect\n|move|p2a: Arceus|Swords Dance|p2a: Arceus\n|-boost|p2a: Arceus|atk|2\n|\n|-ability|p1a: sun wielder|Speed Boost|boost\n|-boost|p1a: sun wielder|spe|1\n|upkeep\n|turn|22\n|\n|t:|1699027922\n|detailschange|p1a: sun wielder|Blaziken-Mega, F, shiny\n|-mega|p1a: sun wielder|Blaziken|Blazikenite\n|-terastallize|p2a: Arceus|Normal\n|move|p2a: Arceus|Extreme Speed|p1a: sun wielder\n|-damage|p1a: sun wielder|0 fnt\n|faint|p1a: sun wielder\n|\n|upkeep\n|\n|t:|1699027936\n|switch|p1a: wait for it..|Necrozma-Dusk-Mane, shiny|100\/100\n|turn|23\n|\n|t:|1699027940\n|move|p1a: wait for it..|Dragon Dance|p1a: wait for it..\n|-boost|p1a: wait for it..|atk|1\n|-boost|p1a: wait for it..|spe|1\n|move|p2a: Arceus|Swords Dance|p2a: Arceus\n|-boost|p2a: Arceus|atk|2\n|\n|upkeep\n|turn|24\n|\n|t:|1699027949\n|move|p1a: wait for it..|Psychic Fangs|p2a: Arceus\n|-damage|p2a: Arceus|48\/100\n|move|p2a: Arceus|Swords Dance|p2a: Arceus\n|-boost|p2a: Arceus|atk|2\n|\n|upkeep\n|turn|25\n|\n|t:|1699027969\n|move|p2a: Arceus|Extreme Speed|p1a: wait for it..\n|-resisted|p1a: wait for it..\n|-damage|p1a: wait for it..|0 fnt\n|faint|p1a: wait for it..\n|\n|upkeep\n|\n|t:|1699027974\n|switch|p1a: comeback time|Basculegion, M|100\/100\n|turn|26\n|\n|t:|1699027978\n|move|p1a: comeback time|Last Respects|p2a: Arceus\n|-immune|p2a: Arceus\n|move|p2a: Arceus|Shadow Claw|p1a: comeback time\n|-supereffective|p1a: comeback time\n|-damage|p1a: comeback time|0 fnt\n|faint|p1a: comeback time\n|\n|win|Videorelaxant777\n|raw|Lunarquay's rating: 1256 &rarr; <strong>1235<\/strong><br \/>(-21 for losing)\n|raw|Videorelaxant777's rating: 1310 &rarr; <strong>1327<\/strong><br \/>(+17 for winning)\n|l|\u2606Lunarquay\n","uploadtime":1699027987,"views":6,"p1id":"lunarquay","p2id":"videorelaxant777","formatid":"gen9nationaldexubers","rating":1235,"private":0,"password":""}