{"id":"gen9nationaldexubers-1995521930","p1":"PHANTOM-MODE\ufe0f\u26a7\ufe0f","p2":"Mortan Dumb Butt","format":"[Gen 9] National Dex Ubers","log":"|j|\u2606PHANTOM-MODE\ufe0f\u26a7\ufe0f\n|j|\u2606Mortan Dumb Butt\n|t:|1700579504\n|gametype|singles\n|player|p1|PHANTOM-MODE\ufe0f\u26a7\ufe0f|hexmaniac-gen6|1101\n|player|p2|Mortan Dumb Butt|102|1113\n|teamsize|p1|6\n|teamsize|p2|6\n|gen|9\n|tier|[Gen 9] National Dex Ubers\n|rated|\n|rule|HP Percentage Mod: HP is shown in percentages\n|rule|Endless Battle Clause: Forcing endless battles is banned\n|rule|OHKO Clause: OHKO moves are banned\n|rule|Evasion Moves Clause: Evasion moves are banned\n|rule|Evasion Items Clause: Evasion items are banned\n|rule|Species Clause: Limit one of each Pok\u00e9mon\n|rule|Sleep Clause Mod: Limit one foe put to sleep\n|rule|Mega Rayquaza Clause: You cannot mega evolve Rayquaza\n|clearpoke\n|poke|p1|Zoroark-Hisui, F|\n|poke|p1|Banette, M|\n|poke|p1|Basculegion, M|\n|poke|p1|Mismagius, F|\n|poke|p1|Arceus-Ghost|\n|poke|p1|Lunala|\n|poke|p2|Zygarde|\n|poke|p2|Necrozma-Dusk-Mane|\n|poke|p2|Annihilape, M|\n|poke|p2|Groudon|\n|poke|p2|Regieleki|\n|poke|p2|Kyogre|\n|teampreview\n|inactive|Battle timer is ON: inactive players will automatically lose when time's up. (requested by Mortan Dumb Butt)\n|\n|t:|1700579529\n|start\n|switch|p1a: \ud83c\ude33\ufe0f\ud83d\udc80BANETTE\ud83d\udc80\ud83c\ude33\ufe0f|Banette, M, shiny|100\/100\n|switch|p2a: Zygarde|Zygarde, shiny|100\/100\n|turn|1\n|\n|t:|1700579537\n|move|p1a: \ud83c\ude33\ufe0f\ud83d\udc80BANETTE\ud83d\udc80\ud83c\ude33\ufe0f|Nasty Plot|p1a: \ud83c\ude33\ufe0f\ud83d\udc80BANETTE\ud83d\udc80\ud83c\ude33\ufe0f\n|-boost|p1a: \ud83c\ude33\ufe0f\ud83d\udc80BANETTE\ud83d\udc80\ud83c\ude33\ufe0f|spa|2\n|move|p2a: Zygarde|Dragon Dance|p2a: Zygarde\n|-boost|p2a: Zygarde|atk|1\n|-boost|p2a: Zygarde|spe|1\n|\n|upkeep\n|turn|2\n|\n|t:|1700579545\n|move|p1a: \ud83c\ude33\ufe0f\ud83d\udc80BANETTE\ud83d\udc80\ud83c\ude33\ufe0f|Bitter Malice|p2a: Zygarde\n|-damage|p2a: Zygarde|31\/100\n|-unboost|p2a: Zygarde|atk|1\n|-enditem|p2a: Zygarde|Sitrus Berry|[eat]\n|-heal|p2a: Zygarde|56\/100|[from] item: Sitrus Berry\n|move|p2a: Zygarde|Dragon Dance|p2a: Zygarde\n|-boost|p2a: Zygarde|atk|1\n|-boost|p2a: Zygarde|spe|1\n|\n|upkeep\n|turn|3\n|\n|t:|1700579559\n|move|p2a: Zygarde|Thousand Arrows|p1a: \ud83c\ude33\ufe0f\ud83d\udc80BANETTE\ud83d\udc80\ud83c\ude33\ufe0f\n|-enditem|p1a: \ud83c\ude33\ufe0f\ud83d\udc80BANETTE\ud83d\udc80\ud83c\ude33\ufe0f|Focus Sash\n|-damage|p1a: \ud83c\ude33\ufe0f\ud83d\udc80BANETTE\ud83d\udc80\ud83c\ude33\ufe0f|1\/100\n|replace|p1a: \ud83c\ude33\ufe0f\ud83d\udc80ZOROARK\ud83d\udc80\ud83c\ude33\ufe0f|Zoroark-Hisui, F, shiny\n|-end|p1a: \ud83c\ude33\ufe0f\ud83d\udc80ZOROARK\ud83d\udc80\ud83c\ude33\ufe0f|Illusion\n|move|p1a: \ud83c\ude33\ufe0f\ud83d\udc80ZOROARK\ud83d\udc80\ud83c\ude33\ufe0f|Bitter Malice|p2a: Zygarde\n|-damage|p2a: Zygarde|0 fnt\n|faint|p2a: Zygarde\n|\n|upkeep\n|\n|t:|1700579569\n|switch|p2a: Groudon|Groudon, shiny|100\/100\n|detailschange|p2a: Groudon|Groudon-Primal, shiny\n|-primal|p2a: Groudon|Red Orb\n|-weather|DesolateLand|[from] ability: Desolate Land|[of] p2a: Groudon\n|turn|4\n|\n|t:|1700579576\n|move|p1a: \ud83c\ude33\ufe0f\ud83d\udc80ZOROARK\ud83d\udc80\ud83c\ude33\ufe0f|Bitter Malice|p2a: Groudon\n|-damage|p2a: Groudon|36\/100\n|-unboost|p2a: Groudon|atk|1\n|move|p2a: Groudon|Scorching Sands|p1a: \ud83c\ude33\ufe0f\ud83d\udc80ZOROARK\ud83d\udc80\ud83c\ude33\ufe0f\n|-damage|p1a: \ud83c\ude33\ufe0f\ud83d\udc80ZOROARK\ud83d\udc80\ud83c\ude33\ufe0f|0 fnt\n|faint|p1a: \ud83c\ude33\ufe0f\ud83d\udc80ZOROARK\ud83d\udc80\ud83c\ude33\ufe0f\n|\n|-weather|DesolateLand|[upkeep]\n|upkeep\n|\n|t:|1700579594\n|switch|p1a: \ud83c\ude33\ufe0fARCEUS-GHOST\ud83c\ude33\ufe0f|Arceus-Ghost|100\/100\n|turn|5\n|\n|t:|1700579599\n|move|p1a: \ud83c\ude33\ufe0fARCEUS-GHOST\ud83c\ude33\ufe0f|Judgment|p2a: Groudon\n|-damage|p2a: Groudon|0 fnt\n|faint|p2a: Groudon\n|-weather|none\n|\n|upkeep\n|\n|t:|1700579605\n|switch|p2a: Kyogre|Kyogre, shiny|100\/100\n|detailschange|p2a: Kyogre|Kyogre-Primal, shiny\n|-primal|p2a: Kyogre|Blue Orb\n|-weather|PrimordialSea|[from] ability: Primordial Sea|[of] p2a: Kyogre\n|turn|6\n|\n|t:|1700579612\n|move|p1a: \ud83c\ude33\ufe0fARCEUS-GHOST\ud83c\ude33\ufe0f|Shadow Force||[still]\n|-prepare|p1a: \ud83c\ude33\ufe0fARCEUS-GHOST\ud83c\ude33\ufe0f|Shadow Force\n|move|p2a: Kyogre|Origin Pulse|p1a: \ud83c\ude33\ufe0fARCEUS-GHOST\ud83c\ude33\ufe0f|[miss]\n|-miss|p2a: Kyogre|p1a: \ud83c\ude33\ufe0fARCEUS-GHOST\ud83c\ude33\ufe0f\n|\n|-weather|PrimordialSea|[upkeep]\n|upkeep\n|turn|7\n|\n|t:|1700579619\n|move|p1a: \ud83c\ude33\ufe0fARCEUS-GHOST\ud83c\ude33\ufe0f|Shadow Force|p2a: Kyogre|[from]lockedmove\n|-damage|p2a: Kyogre|48\/100\n|move|p2a: Kyogre|Calm Mind|p2a: Kyogre\n|-boost|p2a: Kyogre|spa|1\n|-boost|p2a: Kyogre|spd|1\n|\n|-weather|PrimordialSea|[upkeep]\n|upkeep\n|turn|8\n|\n|t:|1700579626\n|move|p1a: \ud83c\ude33\ufe0fARCEUS-GHOST\ud83c\ude33\ufe0f|Shadow Force||[still]\n|-prepare|p1a: \ud83c\ude33\ufe0fARCEUS-GHOST\ud83c\ude33\ufe0f|Shadow Force\n|move|p2a: Kyogre|Origin Pulse|p1a: \ud83c\ude33\ufe0fARCEUS-GHOST\ud83c\ude33\ufe0f|[miss]\n|-miss|p2a: Kyogre|p1a: \ud83c\ude33\ufe0fARCEUS-GHOST\ud83c\ude33\ufe0f\n|\n|-weather|PrimordialSea|[upkeep]\n|upkeep\n|turn|9\n|\n|t:|1700579634\n|-weather|none\n|switch|p2a: Necrozma|Necrozma-Dusk-Mane, shiny|100\/100\n|move|p1a: \ud83c\ude33\ufe0fARCEUS-GHOST\ud83c\ude33\ufe0f|Shadow Force|p2a: Necrozma|[from]lockedmove\n|-supereffective|p2a: Necrozma\n|-damage|p2a: Necrozma|31\/100\n|\n|upkeep\n|turn|10\n|\n|t:|1700579643\n|detailschange|p2a: Necrozma|Necrozma-Ultra, shiny\n|-burst|p2a: Necrozma|Necrozma|Ultranecrozium Z\n|move|p2a: Necrozma|Earthquake|p1a: \ud83c\ude33\ufe0fARCEUS-GHOST\ud83c\ude33\ufe0f\n|-crit|p1a: \ud83c\ude33\ufe0fARCEUS-GHOST\ud83c\ude33\ufe0f\n|-damage|p1a: \ud83c\ude33\ufe0fARCEUS-GHOST\ud83c\ude33\ufe0f|45\/100\n|move|p1a: \ud83c\ude33\ufe0fARCEUS-GHOST\ud83c\ude33\ufe0f|Judgment|p2a: Necrozma\n|-supereffective|p2a: Necrozma\n|-damage|p2a: Necrozma|0 fnt\n|faint|p2a: Necrozma\n|\n|upkeep\n|\n|t:|1700579654\n|switch|p2a: Annihilape|Annihilape, M, shiny|100\/100\n|turn|11\n|\n|t:|1700579660\n|-terastallize|p2a: Annihilape|Fighting\n|move|p1a: \ud83c\ude33\ufe0fARCEUS-GHOST\ud83c\ude33\ufe0f|Shadow Force||[still]\n|-prepare|p1a: \ud83c\ude33\ufe0fARCEUS-GHOST\ud83c\ude33\ufe0f|Shadow Force\n|move|p2a: Annihilape|Rage Fist|p1a: \ud83c\ude33\ufe0fARCEUS-GHOST\ud83c\ude33\ufe0f|[miss]\n|-miss|p2a: Annihilape|p1a: \ud83c\ude33\ufe0fARCEUS-GHOST\ud83c\ude33\ufe0f\n|\n|upkeep\n|turn|12\n|\n|t:|1700579667\n|move|p1a: \ud83c\ude33\ufe0fARCEUS-GHOST\ud83c\ude33\ufe0f|Shadow Force|p2a: Annihilape|[from]lockedmove\n|-damage|p2a: Annihilape|43\/100\n|move|p2a: Annihilape|Bulk Up|p2a: Annihilape\n|-boost|p2a: Annihilape|atk|1\n|-boost|p2a: Annihilape|def|1\n|\n|upkeep\n|turn|13\n|\n|t:|1700579677\n|move|p1a: \ud83c\ude33\ufe0fARCEUS-GHOST\ud83c\ude33\ufe0f|Shadow Ball|p2a: Annihilape\n|-damage|p2a: Annihilape|1\/100\n|-unboost|p2a: Annihilape|spd|1\n|move|p2a: Annihilape|Rage Fist|p1a: \ud83c\ude33\ufe0fARCEUS-GHOST\ud83c\ude33\ufe0f\n|-supereffective|p1a: \ud83c\ude33\ufe0fARCEUS-GHOST\ud83c\ude33\ufe0f\n|-damage|p1a: \ud83c\ude33\ufe0fARCEUS-GHOST\ud83c\ude33\ufe0f|0 fnt\n|faint|p1a: \ud83c\ude33\ufe0fARCEUS-GHOST\ud83c\ude33\ufe0f\n|\n|upkeep\n|\n|t:|1700579693\n|switch|p1a: \ud83c\ude33\ufe0fMISMAGUIS\ud83c\ude33\ufe0f\ud83d\udc80|Mismagius, F|100\/100\n|turn|14\n|\n|t:|1700579699\n|move|p1a: \ud83c\ude33\ufe0fMISMAGUIS\ud83c\ude33\ufe0f\ud83d\udc80|Shadow Ball|p2a: Annihilape\n|-damage|p2a: Annihilape|0 fnt\n|faint|p2a: Annihilape\n|\n|upkeep\n|-message|Mortan Dumb Butt forfeited.\n|\n|win|PHANTOM-MODE\ufe0f\u26a7\ufe0f\n|raw|PHANTOM-MODE\ufe0f\u26a7\ufe0f's rating: 1101 &rarr; <strong>1127<\/strong><br \/>(+26 for winning)\n|raw|Mortan Dumb Butt's rating: 1113 &rarr; <strong>1087<\/strong><br \/>(-26 for losing)\n|l|\u2606Mortan Dumb Butt\n","uploadtime":1700579854,"views":0,"p1id":"phantommode","p2id":"mortandumbbutt","formatid":"gen9nationaldexubers","rating":1087,"private":0,"password":""}