{"id":"gen9nationaldexubers-1986290468","p1":"bananabreadbitch","p2":"KingRaj4826","format":"[Gen 9] National Dex Ubers","log":"|j|\u2606bananabreadbitch\n|j|\u2606KingRaj4826\n|t:|1699466621\n|gametype|singles\n|player|p1|bananabreadbitch|266|\n|player|p2|KingRaj4826|169|\n|teamsize|p1|6\n|teamsize|p2|6\n|gen|9\n|tier|[Gen 9] National Dex Ubers\n|rule|HP Percentage Mod: HP is shown in percentages\n|rule|Endless Battle Clause: Forcing endless battles is banned\n|rule|OHKO Clause: OHKO moves are banned\n|rule|Evasion Moves Clause: Evasion moves are banned\n|rule|Evasion Items Clause: Evasion items are banned\n|rule|Species Clause: Limit one of each Pok\u00e9mon\n|rule|Sleep Clause Mod: Limit one foe put to sleep\n|rule|Mega Rayquaza Clause: You cannot mega evolve Rayquaza\n|clearpoke\n|poke|p1|Galvantula, M|\n|poke|p1|Charizard, F|\n|poke|p1|Walking Wake|\n|poke|p1|Amoonguss, M|\n|poke|p1|Crobat, F|\n|poke|p1|Slither Wing|\n|poke|p2|Lopunny, M|\n|poke|p2|Maushold-Four|\n|poke|p2|Torkoal, F|\n|poke|p2|Golem-Alola, M|\n|poke|p2|Skeledirge, F|\n|poke|p2|Gastrodon, M|\n|teampreview\n|\n|t:|1699466633\n|start\n|switch|p1a: Charizard|Charizard, F|100\/100\n|switch|p2a: Maushold|Maushold-Four|100\/100\n|turn|1\n|\n|t:|1699466662\n|detailschange|p1a: Charizard|Charizard-Mega-Y, F\n|-mega|p1a: Charizard|Charizard|Charizardite Y\n|-weather|SunnyDay|[from] ability: Drought|[of] p1a: Charizard\n|move|p2a: Maushold|Tidy Up|p2a: Maushold\n|-boost|p2a: Maushold|atk|1\n|-boost|p2a: Maushold|spe|1\n|move|p1a: Charizard|Fire Blast|p2a: Maushold\n|-damage|p2a: Maushold|0 fnt\n|faint|p2a: Maushold\n|\n|-weather|SunnyDay|[upkeep]\n|upkeep\n|\n|t:|1699466673\n|switch|p2a: Golem|Golem-Alola, M|100\/100\n|turn|2\n|\n|t:|1699466685\n|move|p1a: Charizard|Scorching Sands|p2a: Golem\n|-supereffective|p2a: Golem\n|-enditem|p2a: Golem|Focus Sash\n|-damage|p2a: Golem|1\/100\n|-status|p2a: Golem|brn\n|move|p2a: Golem|Explosion|p1a: Charizard\n|-supereffective|p1a: Charizard\n|-damage|p1a: Charizard|0 fnt\n|faint|p2a: Golem\n|faint|p1a: Charizard\n|\n|-weather|SunnyDay|[upkeep]\n|upkeep\n|\n|t:|1699466702\n|switch|p1a: Walking Wake|Walking Wake|100\/100\n|switch|p2a: Lopunny|Lopunny, M|100\/100\n|-activate|p1a: Walking Wake|ability: Protosynthesis\n|-start|p1a: Walking Wake|protosynthesisspe\n|turn|3\n|\n|t:|1699466726\n|detailschange|p2a: Lopunny|Lopunny-Mega, M\n|-mega|p2a: Lopunny|Lopunny|Lopunnite\n|move|p2a: Lopunny|Fake Out|p1a: Walking Wake\n|-damage|p1a: Walking Wake|76\/100\n|cant|p1a: Walking Wake|flinch\n|\n|-weather|SunnyDay|[upkeep]\n|upkeep\n|turn|4\n|\n|t:|1699466738\n|move|p1a: Walking Wake|Hydro Steam|p2a: Lopunny\n|-damage|p2a: Lopunny|0 fnt\n|faint|p2a: Lopunny\n|\n|-weather|SunnyDay|[upkeep]\n|upkeep\n|\n|t:|1699466749\n|switch|p2a: Gastrodon|Gastrodon, M|100\/100\n|turn|5\n|\n|t:|1699466787\n|-end|p1a: Walking Wake|Protosynthesis|[silent]\n|switch|p1a: Amoonguss|Amoonguss, M|100\/100\n|move|p2a: Gastrodon|Spikes|p1a: Amoonguss\n|-sidestart|p1: bananabreadbitch|Spikes\n|\n|-weather|none\n|upkeep\n|turn|6\n|\n|t:|1699466803\n|switch|p2a: Torkoal|Torkoal, F|100\/100\n|-weather|SunnyDay|[from] ability: Drought|[of] p2a: Torkoal\n|move|p1a: Amoonguss|Spore|p2a: Torkoal\n|-status|p2a: Torkoal|slp|[from] move: Spore\n|\n|-weather|SunnyDay|[upkeep]\n|upkeep\n|turn|7\n|\n|t:|1699466815\n|switch|p1a: Slither Wing|Slither Wing|100\/100\n|-damage|p1a: Slither Wing|88\/100|[from] Spikes\n|-activate|p1a: Slither Wing|ability: Protosynthesis\n|-start|p1a: Slither Wing|protosynthesisatk\n|cant|p2a: Torkoal|slp\n|\n|-weather|SunnyDay|[upkeep]\n|upkeep\n|turn|8\n|\n|t:|1699466829\n|move|p1a: Slither Wing|Close Combat|p2a: Torkoal\n|-damage|p2a: Torkoal|3\/100 slp\n|-unboost|p1a: Slither Wing|def|1\n|-unboost|p1a: Slither Wing|spd|1\n|cant|p2a: Torkoal|slp\n|\n|-weather|SunnyDay|[upkeep]\n|upkeep\n|turn|9\n|\n|t:|1699466838\n|-curestatus|p2a: Torkoal|slp|[msg]\n|move|p2a: Torkoal|Protect|p2a: Torkoal\n|-singleturn|p2a: Torkoal|Protect\n|move|p1a: Slither Wing|Close Combat|p2a: Torkoal\n|-activate|p2a: Torkoal|move: Protect\n|\n|-weather|SunnyDay|[upkeep]\n|upkeep\n|turn|10\n|j| Captain_118\n|\n|t:|1699466847\n|move|p1a: Slither Wing|Close Combat|p2a: Torkoal\n|-damage|p2a: Torkoal|0 fnt\n|-unboost|p1a: Slither Wing|def|1\n|-unboost|p1a: Slither Wing|spd|1\n|faint|p2a: Torkoal\n|\n|-weather|none\n|-end|p1a: Slither Wing|Protosynthesis\n|upkeep\n|\n|t:|1699466859\n|switch|p2a: Skeledirge|Skeledirge, F|100\/100\n|turn|11\n|\n|t:|1699466914\n|-end|p1a: Slither Wing|Protosynthesis|[silent]\n|switch|p1a: Crobat|Crobat, F|100\/100\n|move|p2a: Skeledirge|Torch Song|p1a: Crobat\n|-damage|p1a: Crobat|65\/100\n|-boost|p2a: Skeledirge|spa|1\n|\n|upkeep\n|turn|12\n|\n|t:|1699466931\n|move|p1a: Crobat|Brave Bird|p2a: Skeledirge\n|-damage|p2a: Skeledirge|71\/100\n|-damage|p1a: Crobat|54\/100|[from] Recoil\n|move|p2a: Skeledirge|Will-O-Wisp|p1a: Crobat\n|-status|p1a: Crobat|brn\n|\n|-heal|p2a: Skeledirge|77\/100|[from] item: Leftovers\n|-damage|p1a: Crobat|48\/100 brn|[from] brn\n|upkeep\n|turn|13\n|l|\u2606bananabreadbitch\n|player|p1|\n|j|\u2606bananabreadbitch\n|player|p1|bananabreadbitch|266\n|\n|t:|1699467083\n|move|p1a: Crobat|Brave Bird|p2a: Skeledirge\n|-damage|p2a: Skeledirge|62\/100\n|-damage|p1a: Crobat|42\/100 brn|[from] Recoil\n|move|p2a: Skeledirge|Torch Song|p1a: Crobat\n|-damage|p1a: Crobat|0 fnt\n|-boost|p2a: Skeledirge|spa|1\n|faint|p1a: Crobat\n|\n|-heal|p2a: Skeledirge|68\/100|[from] item: Leftovers\n|upkeep\n|l|\u2606bananabreadbitch\n|player|p1|\n|j|\u2606bananabreadbitch\n|player|p1|bananabreadbitch|266\n|\n|t:|1699467115\n|switch|p1a: Galvantula|Galvantula, M|100\/100\n|-damage|p1a: Galvantula|88\/100|[from] Spikes\n|turn|14\n|\n|t:|1699467122\n|move|p1a: Galvantula|Thunder|p2a: Skeledirge\n|-damage|p2a: Skeledirge|34\/100\n|-status|p2a: Skeledirge|par\n|move|p2a: Skeledirge|Torch Song|p1a: Galvantula\n|-supereffective|p1a: Galvantula\n|-damage|p1a: Galvantula|0 fnt\n|-boost|p2a: Skeledirge|spa|1\n|faint|p1a: Galvantula\n|\n|-heal|p2a: Skeledirge|40\/100 par|[from] item: Leftovers\n|upkeep\n|\n|t:|1699467130\n|switch|p1a: Walking Wake|Walking Wake|76\/100\n|-damage|p1a: Walking Wake|63\/100|[from] Spikes\n|turn|15\n|\n|t:|1699467141\n|switch|p2a: Gastrodon|Gastrodon, M|100\/100\n|move|p1a: Walking Wake|Hydro Steam|p2a: Gastrodon\n|-ability|p2a: Gastrodon|Storm Drain|boost\n|-boost|p2a: Gastrodon|spa|1\n|\n|upkeep\n|turn|16\n|\n|t:|1699467150\n|-end|p1a: Walking Wake|Protosynthesis|[silent]\n|switch|p1a: Amoonguss|Amoonguss, M|100\/100\n|move|p2a: Gastrodon|Sludge Wave|p1a: Amoonguss\n|-damage|p1a: Amoonguss|74\/100\n|\n|upkeep\n|turn|17\n|\n|t:|1699467159\n|move|p2a: Gastrodon|Sludge Wave|p1a: Amoonguss\n|-damage|p1a: Amoonguss|43\/100\n|move|p1a: Amoonguss|Spore|p2a: Gastrodon\n|-status|p2a: Gastrodon|slp|[from] move: Spore\n|\n|upkeep\n|turn|18\n|\n|t:|1699467167\n|switch|p2a: Skeledirge|Skeledirge, F|40\/100 par\n|move|p1a: Amoonguss|Giga Drain|p2a: Skeledirge\n|-resisted|p2a: Skeledirge\n|-damage|p2a: Skeledirge|33\/100 par\n|-heal|p1a: Amoonguss|47\/100|[from] drain|[of] p2a: Skeledirge\n|\n|-heal|p2a: Skeledirge|39\/100 par|[from] item: Leftovers\n|upkeep\n|turn|19\n|\n|t:|1699467176\n|switch|p1a: Walking Wake|Walking Wake|63\/100\n|-damage|p1a: Walking Wake|51\/100|[from] Spikes\n|move|p2a: Skeledirge|Slack Off|p2a: Skeledirge\n|-heal|p2a: Skeledirge|89\/100 par\n|\n|-heal|p2a: Skeledirge|95\/100 par|[from] item: Leftovers\n|upkeep\n|turn|20\n|\n|t:|1699467206\n|switch|p2a: Gastrodon|Gastrodon, M|100\/100 slp\n|move|p1a: Walking Wake|Hydro Steam|p2a: Gastrodon\n|-ability|p2a: Gastrodon|Storm Drain|boost\n|-boost|p2a: Gastrodon|spa|1\n|\n|upkeep\n|turn|21\n|\n|t:|1699467213\n|-end|p1a: Walking Wake|Protosynthesis|[silent]\n|switch|p1a: Amoonguss|Amoonguss, M|80\/100\n|cant|p2a: Gastrodon|slp\n|\n|upkeep\n|turn|22\n|\n|t:|1699467223\n|switch|p2a: Skeledirge|Skeledirge, F|95\/100 par\n|move|p1a: Amoonguss|Giga Drain|p2a: Skeledirge\n|-resisted|p2a: Skeledirge\n|-damage|p2a: Skeledirge|86\/100 par\n|-heal|p1a: Amoonguss|84\/100|[from] drain|[of] p2a: Skeledirge\n|\n|-heal|p2a: Skeledirge|92\/100 par|[from] item: Leftovers\n|upkeep\n|turn|23\n|\n|t:|1699467233\n|switch|p1a: Walking Wake|Walking Wake|51\/100\n|-damage|p1a: Walking Wake|39\/100|[from] Spikes\n|move|p2a: Skeledirge|Will-O-Wisp|p1a: Walking Wake\n|-status|p1a: Walking Wake|brn\n|\n|-heal|p2a: Skeledirge|99\/100 par|[from] item: Leftovers\n|-damage|p1a: Walking Wake|33\/100 brn|[from] brn\n|upkeep\n|turn|24\n|\n|t:|1699467253\n|switch|p2a: Gastrodon|Gastrodon, M|100\/100 slp\n|move|p1a: Walking Wake|Draco Meteor|p2a: Gastrodon\n|-damage|p2a: Gastrodon|34\/100 slp\n|-unboost|p1a: Walking Wake|spa|2\n|\n|-damage|p1a: Walking Wake|27\/100 brn|[from] brn\n|upkeep\n|turn|25\n|\n|t:|1699467264\n|-end|p1a: Walking Wake|Protosynthesis|[silent]\n|switch|p1a: Slither Wing|Slither Wing|88\/100\n|-damage|p1a: Slither Wing|76\/100|[from] Spikes\n|-curestatus|p2a: Gastrodon|slp|[msg]\n|move|p2a: Gastrodon|Recover|p2a: Gastrodon\n|-heal|p2a: Gastrodon|84\/100\n|\n|upkeep\n|turn|26\n|\n|t:|1699467286\n|move|p1a: Slither Wing|First Impression|p2a: Gastrodon\n|-damage|p2a: Gastrodon|10\/100\n|move|p2a: Gastrodon|Spikes|p1a: Slither Wing\n|-sidestart|p1: bananabreadbitch|Spikes\n|\n|upkeep\n|turn|27\n|\n|t:|1699467299\n|-end|p1a: Slither Wing|Protosynthesis|[silent]\n|switch|p1a: Amoonguss|Amoonguss, M|100\/100\n|switch|p2a: Skeledirge|Skeledirge, F|99\/100 par\n|\n|-heal|p2a: Skeledirge|100\/100 par|[from] item: Leftovers\n|upkeep\n|turn|28\n|\n|t:|1699467319\n|switch|p1a: Slither Wing|Slither Wing|76\/100\n|-damage|p1a: Slither Wing|60\/100|[from] Spikes\n|move|p2a: Skeledirge|Torch Song|p1a: Slither Wing\n|-supereffective|p1a: Slither Wing\n|-damage|p1a: Slither Wing|0 fnt\n|-boost|p2a: Skeledirge|spa|1\n|faint|p1a: Slither Wing\n|-end|p1a: Slither Wing|Protosynthesis|[silent]\n|\n|upkeep\n|\n|t:|1699467322\n|switch|p1a: Walking Wake|Walking Wake|27\/100 brn\n|-damage|p1a: Walking Wake|10\/100 brn|[from] Spikes\n|turn|29\n|\n|t:|1699467337\n|switch|p2a: Gastrodon|Gastrodon, M|10\/100\n|move|p1a: Walking Wake|Draco Meteor|p2a: Gastrodon\n|-damage|p2a: Gastrodon|0 fnt\n|-unboost|p1a: Walking Wake|spa|2\n|faint|p2a: Gastrodon\n|\n|-damage|p1a: Walking Wake|4\/100 brn|[from] brn\n|upkeep\n|\n|t:|1699467346\n|switch|p2a: Skeledirge|Skeledirge, F|100\/100 par\n|turn|30\n|\n|t:|1699467350\n|move|p1a: Walking Wake|Draco Meteor|p2a: Skeledirge\n|-damage|p2a: Skeledirge|25\/100 par\n|-unboost|p1a: Walking Wake|spa|2\n|move|p2a: Skeledirge|Slack Off|p2a: Skeledirge\n|-heal|p2a: Skeledirge|75\/100 par\n|\n|-heal|p2a: Skeledirge|82\/100 par|[from] item: Leftovers\n|-damage|p1a: Walking Wake|0 fnt|[from] brn\n|faint|p1a: Walking Wake\n|-end|p1a: Walking Wake|Protosynthesis|[silent]\n|upkeep\n|\n|t:|1699467358\n|switch|p1a: Amoonguss|Amoonguss, M|100\/100\n|turn|31\n|\n|t:|1699467367\n|move|p1a: Amoonguss|Sludge Bomb|p2a: Skeledirge\n|-resisted|p2a: Skeledirge\n|-damage|p2a: Skeledirge|71\/100 par\n|move|p2a: Skeledirge|Torch Song|p1a: Amoonguss\n|-supereffective|p1a: Amoonguss\n|-damage|p1a: Amoonguss|47\/100\n|-boost|p2a: Skeledirge|spa|1\n|\n|-heal|p2a: Skeledirge|77\/100 par|[from] item: Leftovers\n|upkeep\n|turn|32\n|l|\u2606bananabreadbitch\n|player|p1|\n|j|\u2606bananabreadbitch\n|player|p1|bananabreadbitch|266\n|\n|t:|1699467609\n|move|p1a: Amoonguss|Sludge Bomb|p2a: Skeledirge\n|-resisted|p2a: Skeledirge\n|-damage|p2a: Skeledirge|68\/100 par\n|move|p2a: Skeledirge|Torch Song|p1a: Amoonguss\n|-supereffective|p1a: Amoonguss\n|-damage|p1a: Amoonguss|0 fnt\n|-boost|p2a: Skeledirge|spa|1\n|faint|p1a: Amoonguss\n|\n|win|KingRaj4826\n|l|\u2606bananabreadbitch\n|c|\u2606KingRaj4826|GG\n|j|\u2606bananabreadbitch\n|player|p1|bananabreadbitch|266\n|l|\u2606bananabreadbitch\n|player|p1|\n|l| Captain_118\n|player|p2|KingRaj4826|169\n|j| PorygonTheBot\n|c| PorygonTheBot|y'all suck\n","uploadtime":1699467672,"views":55,"p1id":"bananabreadbitch","p2id":"kingraj4826","formatid":"gen9nationaldexubers","rating":0,"private":0,"password":null}