{"id":"gen9nationaldexubers-1996839573","p1":"MommyMikuNakano","p2":"C0ld as Ice","format":"[Gen 9] National Dex Ubers","log":"|j|\u2606MommyMikuNakano\n|j|\u2606C0ld as Ice\n|t:|1700733597\n|gametype|singles\n|player|p1|MommyMikuNakano|erika-gen1|1917\n|player|p2|C0ld as Ice|supernerd|1820\n|teamsize|p1|6\n|teamsize|p2|6\n|gen|9\n|tier|[Gen 9] National Dex Ubers\n|rated|\n|rule|HP Percentage Mod: HP is shown in percentages\n|rule|Endless Battle Clause: Forcing endless battles is banned\n|rule|OHKO Clause: OHKO moves are banned\n|rule|Evasion Moves Clause: Evasion moves are banned\n|rule|Evasion Items Clause: Evasion items are banned\n|rule|Species Clause: Limit one of each Pok\u00e9mon\n|rule|Sleep Clause Mod: Limit one foe put to sleep\n|rule|Mega Rayquaza Clause: You cannot mega evolve Rayquaza\n|clearpoke\n|poke|p1|Ditto|\n|poke|p1|Necrozma-Dusk-Mane|\n|poke|p1|Magearna|\n|poke|p1|Dondozo, M|\n|poke|p1|Kingambit, M|\n|poke|p1|Arceus-Ground|\n|poke|p2|Deoxys-Speed|\n|poke|p2|Xerneas-*|\n|poke|p2|Marshadow|\n|poke|p2|Arceus-Ground|\n|poke|p2|Necrozma-Dusk-Mane|\n|poke|p2|Salamence, M|\n|teampreview\n|inactive|Battle timer is ON: inactive players will automatically lose when time's up. (requested by C0ld as Ice)\n|inactive|MommyMikuNakano also wants the timer to be on.\n|\n|t:|1700733622\n|start\n|switch|p1a: Arceus|Arceus-Ground|100\/100\n|switch|p2a: Deoxys|Deoxys-Speed|100\/100\n|-ability|p2a: Deoxys|Pressure\n|turn|1\n|\n|t:|1700733628\n|move|p2a: Deoxys|Spikes|p1a: Arceus\n|-sidestart|p1: MommyMikuNakano|Spikes\n|move|p1a: Arceus|Judgment|p2a: Deoxys\n|-damage|p2a: Deoxys|37\/100\n|\n|upkeep\n|turn|2\n|\n|t:|1700733631\n|move|p2a: Deoxys|Light Screen|p2a: Deoxys\n|-sidestart|p2: C0ld as Ice|move: Light Screen\n|move|p1a: Arceus|Judgment|p2a: Deoxys\n|-damage|p2a: Deoxys|1\/100\n|\n|upkeep\n|turn|3\n|j| Evil T-tar\n|\n|t:|1700733638\n|switch|p2a: Salamence|Salamence, M|100\/100\n|-ability|p2a: Salamence|Intimidate|boost\n|-unboost|p1a: Arceus|atk|1\n|move|p1a: Arceus|Judgment|p2a: Salamence\n|-immune|p2a: Salamence\n|\n|upkeep\n|turn|4\n|\n|t:|1700733643\n|switch|p1a: Dondozo|Dondozo, M|100\/100\n|-damage|p1a: Dondozo|88\/100|[from] Spikes\n|detailschange|p2a: Salamence|Salamence-Mega, M\n|-mega|p2a: Salamence|Salamence|Salamencite\n|move|p2a: Salamence|Double-Edge|p1a: Dondozo\n|-damage|p1a: Dondozo|48\/100\n|-damage|p2a: Salamence|80\/100|[from] Recoil\n|\n|-heal|p1a: Dondozo|54\/100|[from] item: Leftovers\n|upkeep\n|turn|5\n|\n|t:|1700733650\n|move|p2a: Salamence|Double-Edge|p1a: Dondozo\n|-damage|p1a: Dondozo|12\/100\n|-damage|p2a: Salamence|60\/100|[from] Recoil\n|move|p1a: Dondozo|Rest|p1a: Dondozo\n|-status|p1a: Dondozo|slp|[from] move: Rest\n|-heal|p1a: Dondozo|100\/100 slp|[silent]\n|\n|upkeep\n|turn|6\n|\n|t:|1700733654\n|switch|p1a: Necrozma|Necrozma-Dusk-Mane|100\/100\n|-damage|p1a: Necrozma|88\/100|[from] Spikes\n|move|p2a: Salamence|Double-Edge|p1a: Necrozma\n|-resisted|p1a: Necrozma\n|-damage|p1a: Necrozma|49\/100\n|-damage|p2a: Salamence|47\/100|[from] Recoil\n|\n|upkeep\n|turn|7\n|\n|t:|1700733659\n|detailschange|p1a: Necrozma|Necrozma-Ultra\n|-burst|p1a: Necrozma|Necrozma|Ultranecrozium Z\n|move|p1a: Necrozma|Dragon Pulse|p2a: Salamence\n|-supereffective|p2a: Salamence\n|-damage|p2a: Salamence|0 fnt\n|faint|p2a: Salamence\n|\n|upkeep\n|\n|t:|1700733662\n|switch|p2a: Marshadow|Marshadow|100\/100\n|turn|8\n|\n|t:|1700733669\n|switch|p1a: Dondozo|Dondozo, M|100\/100 slp\n|-damage|p1a: Dondozo|88\/100 slp|[from] Spikes\n|move|p2a: Marshadow|Shadow Sneak|p1a: Dondozo\n|-damage|p1a: Dondozo|69\/100 slp\n|-damage|p2a: Marshadow|91\/100|[from] item: Life Orb\n|\n|-heal|p1a: Dondozo|75\/100 slp|[from] item: Leftovers\n|upkeep\n|turn|9\n|\n|t:|1700733676\n|move|p2a: Marshadow|Close Combat|p1a: Dondozo\n|-damage|p1a: Dondozo|37\/100 slp\n|-unboost|p2a: Marshadow|def|1\n|-unboost|p2a: Marshadow|spd|1\n|-damage|p2a: Marshadow|81\/100|[from] item: Life Orb\n|cant|p1a: Dondozo|slp\n|\n|-heal|p1a: Dondozo|44\/100 slp|[from] item: Leftovers\n|-sideend|p2: C0ld as Ice|move: Light Screen\n|upkeep\n|turn|10\n|\n|t:|1700733681\n|move|p2a: Marshadow|Poltergeist|p1a: Dondozo\n|-activate|p1a: Dondozo|move: Poltergeist|Leftovers\n|-damage|p1a: Dondozo|9\/100 slp\n|-damage|p2a: Marshadow|71\/100|[from] item: Life Orb\n|cant|p1a: Dondozo|slp\n|\n|-heal|p1a: Dondozo|15\/100 slp|[from] item: Leftovers\n|upkeep\n|turn|11\n|\n|t:|1700733685\n|move|p2a: Marshadow|Close Combat|p1a: Dondozo\n|-damage|p1a: Dondozo|0 fnt\n|-unboost|p2a: Marshadow|def|1\n|-unboost|p2a: Marshadow|spd|1\n|faint|p1a: Dondozo\n|-damage|p2a: Marshadow|61\/100|[from] item: Life Orb\n|\n|upkeep\n|\n|t:|1700733689\n|switch|p1a: Arceus|Arceus-Ground|100\/100\n|-damage|p1a: Arceus|88\/100|[from] Spikes\n|turn|12\n|\n|t:|1700733703\n|move|p2a: Marshadow|Close Combat|p1a: Arceus\n|-damage|p1a: Arceus|40\/100\n|-unboost|p2a: Marshadow|def|1\n|-unboost|p2a: Marshadow|spd|1\n|-damage|p2a: Marshadow|51\/100|[from] item: Life Orb\n|move|p1a: Arceus|Judgment|p2a: Marshadow\n|-damage|p2a: Marshadow|0 fnt\n|faint|p2a: Marshadow\n|\n|upkeep\n|\n|t:|1700733706\n|switch|p2a: Deoxys|Deoxys-Speed|1\/100\n|-ability|p2a: Deoxys|Pressure\n|turn|13\n|\n|t:|1700733709\n|move|p2a: Deoxys|Light Screen|p2a: Deoxys\n|-sidestart|p2: C0ld as Ice|move: Light Screen\n|move|p1a: Arceus|Recover|p1a: Arceus\n|-heal|p1a: Arceus|90\/100\n|\n|upkeep\n|turn|14\n|\n|t:|1700733711\n|move|p2a: Deoxys|Taunt|p1a: Arceus\n|-start|p1a: Arceus|move: Taunt\n|move|p1a: Arceus|Judgment|p2a: Deoxys\n|-damage|p2a: Deoxys|0 fnt\n|faint|p2a: Deoxys\n|\n|upkeep\n|\n|t:|1700733721\n|switch|p2a: Arceus|Arceus-Ground|100\/100\n|turn|15\n|\n|t:|1700733732\n|switch|p1a: Necrozma|Necrozma-Ultra|49\/100\n|-damage|p1a: Necrozma|37\/100|[from] Spikes\n|move|p2a: Arceus|Dragon Dance|p2a: Arceus\n|-boost|p2a: Arceus|atk|1\n|-boost|p2a: Arceus|spe|1\n|\n|upkeep\n|turn|16\n|\n|t:|1700733738\n|move|p2a: Arceus|Earthquake|p1a: Necrozma\n|-damage|p1a: Necrozma|0 fnt\n|faint|p1a: Necrozma\n|\n|upkeep\n|\n|t:|1700733747\n|switch|p1a: Ditto|Ditto, shiny|100\/100\n|-damage|p1a: Ditto|88\/100|[from] Spikes\n|-transform|p1a: Ditto|p2a: Arceus|[from] ability: Imposter\n|turn|17\n|\n|t:|1700733763\n|move|p1a: Ditto|Earthquake|p2a: Arceus\n|-damage|p2a: Arceus|46\/100\n|move|p2a: Arceus|Earthquake|p1a: Ditto\n|-crit|p1a: Ditto\n|-damage|p1a: Ditto|0 fnt\n|faint|p1a: Ditto\n|\n|upkeep\n|\n|t:|1700733780\n|switch|p1a: Kingambit|Kingambit, M, shiny|100\/100\n|-damage|p1a: Kingambit|88\/100|[from] Spikes\n|-activate|p1a: Kingambit|ability: Supreme Overlord\n|-start|p1a: Kingambit|fallen3|[silent]\n|turn|18\n|\n|t:|1700733787\n|-terastallize|p2a: Arceus|Fairy\n|-terastallize|p1a: Kingambit|Ghost\n|move|p2a: Arceus|Earthquake|p1a: Kingambit\n|-damage|p1a: Kingambit|15\/100\n|move|p1a: Kingambit|Swords Dance|p1a: Kingambit\n|-boost|p1a: Kingambit|atk|2\n|\n|upkeep\n|turn|19\n|\n|t:|1700733793\n|move|p1a: Kingambit|Sucker Punch|p2a: Arceus\n|-resisted|p2a: Arceus\n|-damage|p2a: Arceus|0 fnt\n|faint|p2a: Arceus\n|\n|upkeep\n|\n|t:|1700733800\n|switch|p2a: Xerneas|Xerneas|100\/100\n|-ability|p2a: Xerneas|Fairy Aura\n|turn|20\n|\n|t:|1700733805\n|move|p1a: Kingambit|Sucker Punch|p2a: Xerneas\n|-resisted|p2a: Xerneas\n|-damage|p2a: Xerneas|57\/100\n|move|p2a: Xerneas|Moonblast|p1a: Kingambit\n|-damage|p1a: Kingambit|0 fnt\n|faint|p1a: Kingambit\n|-end|p1a: Kingambit|fallen3|[silent]\n|\n|-sideend|p2: C0ld as Ice|move: Light Screen\n|upkeep\n|\n|t:|1700733822\n|switch|p1a: Magearna|Magearna|100\/100\n|-damage|p1a: Magearna|88\/100|[from] Spikes\n|turn|21\n|\n|t:|1700733827\n|move|p2a: Xerneas|Moonblast|p1a: Magearna\n|-resisted|p1a: Magearna\n|-damage|p1a: Magearna|71\/100\n|-unboost|p1a: Magearna|spa|1\n|move|p1a: Magearna|Fleur Cannon|p2a: Xerneas\n|-damage|p2a: Xerneas|18\/100\n|-unboost|p1a: Magearna|spa|2\n|\n|upkeep\n|turn|22\n|\n|t:|1700733831\n|move|p2a: Xerneas|Moonblast|p1a: Magearna\n|-resisted|p1a: Magearna\n|-damage|p1a: Magearna|52\/100\n|move|p1a: Magearna|Heart Swap|p2a: Xerneas\n|-swapboost|p1a: Magearna|p2a: Xerneas|[from] move: Heart Swap\n|\n|upkeep\n|turn|23\n|\n|t:|1700733841\n|-zpower|p2a: Xerneas\n|move|p2a: Xerneas|Twinkle Tackle|p1a: Magearna|[zeffect]\n|-resisted|p1a: Magearna\n|-damage|p1a: Magearna|38\/100\n|-zpower|p1a: Magearna\n|move|p1a: Magearna|Z-Heal Bell||[anim]Heal Bell|[still]\n|-heal|p1a: Magearna|100\/100|[zeffect]\n|-activate|p1a: Magearna|move: Heal Bell\n|-fail|p1a: Magearna\n|\n|upkeep\n|turn|24\n|\n|t:|1700733844\n|switch|p2a: Necrozma|Necrozma-Dusk-Mane|100\/100\n|switch|p1a: Arceus|Arceus-Ground|90\/100\n|-damage|p1a: Arceus|78\/100|[from] Spikes\n|\n|upkeep\n|turn|25\n|-message|C0ld as Ice forfeited.\n|\n|win|MommyMikuNakano\n|raw|MommyMikuNakano's rating: 1917 &rarr; <strong>1932<\/strong><br \/>(+15 for winning)\n|raw|C0ld as Ice's rating: 1820 &rarr; <strong>1805<\/strong><br \/>(-15 for losing)\n|l|\u2606C0ld as Ice\n|l|\u2606MommyMikuNakano\n|l| Evil T-tar\n","uploadtime":1700733855,"views":13,"p1id":"mommymikunakano","p2id":"c0ldasice","formatid":"gen9nationaldexubers","rating":1805,"private":0,"password":""}