{"id":"gen9nationaldexubers-1978849174","p1":"09-10a","p2":"MommyMikuNakano","format":"[Gen 9] National Dex Ubers","log":"|j|\u260609-10a\n|j|\u2606MommyMikuNakano\n|t:|1698602426\n|gametype|singles\n|player|p1|09-10a|schoolkid-gen4dp|1861\n|player|p2|MommyMikuNakano|erika-gen1|1787\n|teamsize|p1|6\n|teamsize|p2|6\n|gen|9\n|tier|[Gen 9] National Dex Ubers\n|rated|\n|rule|HP Percentage Mod: HP is shown in percentages\n|rule|Endless Battle Clause: Forcing endless battles is banned\n|rule|OHKO Clause: OHKO moves are banned\n|rule|Evasion Moves Clause: Evasion moves are banned\n|rule|Evasion Items Clause: Evasion items are banned\n|rule|Species Clause: Limit one of each Pok\u00e9mon\n|rule|Sleep Clause Mod: Limit one foe put to sleep\n|rule|Mega Rayquaza Clause: You cannot mega evolve Rayquaza\n|clearpoke\n|poke|p1|Salamence, F|\n|poke|p1|Marshadow|\n|poke|p1|Zygarde|\n|poke|p1|Xerneas-*|\n|poke|p1|Necrozma-Dusk-Mane|\n|poke|p1|Donphan, M|\n|poke|p2|Mewtwo|\n|poke|p2|Necrozma-Dusk-Mane|\n|poke|p2|Kingambit, M|\n|poke|p2|Urshifu-*, F|\n|poke|p2|Ditto|\n|poke|p2|Arceus-Fairy|\n|teampreview\n|inactive|Battle timer is ON: inactive players will automatically lose when time's up. (requested by MommyMikuNakano)\n|inactive|09-10a also wants the timer to be on.\n|\n|t:|1698602447\n|start\n|switch|p1a: Marshadow|Marshadow|100\/100\n|switch|p2a: Arceus|Arceus-Fairy|100\/100\n|turn|1\n|\n|t:|1698602454\n|-terastallize|p1a: Marshadow|Ghost\n|move|p2a: Arceus|Judgment|p1a: Marshadow\n|-damage|p1a: Marshadow|43\/100\n|move|p1a: Marshadow|Poltergeist|p2a: Arceus\n|-activate|p2a: Arceus|move: Poltergeist|Pixie Plate\n|-damage|p2a: Arceus|28\/100\n|-damage|p1a: Marshadow|33\/100|[from] item: Life Orb\n|\n|upkeep\n|turn|2\n|\n|t:|1698602462\n|move|p1a: Marshadow|Shadow Sneak|p2a: Arceus\n|-crit|p2a: Arceus\n|-damage|p2a: Arceus|0 fnt\n|faint|p2a: Arceus\n|-damage|p1a: Marshadow|23\/100|[from] item: Life Orb\n|\n|upkeep\n|\n|t:|1698602479\n|switch|p2a: Ditto|Ditto, shiny|100\/100\n|-transform|p2a: Ditto|p1a: Marshadow|[from] ability: Imposter\n|-start|p2a: Ditto|typechange|Fighting\/Ghost|[silent]\n|turn|3\n|\n|t:|1698602483\n|switch|p2a: Necrozma|Necrozma-Dusk-Mane, shiny|100\/100\n|switch|p1a: Salamence|Salamence, F|100\/100\n|-ability|p1a: Salamence|Intimidate|boost\n|-unboost|p2a: Necrozma|atk|1\n|\n|upkeep\n|turn|4\n|\n|t:|1698602487\n|detailschange|p1a: Salamence|Salamence-Mega, F\n|-mega|p1a: Salamence|Salamence|Salamencite\n|move|p1a: Salamence|Dragon Dance|p1a: Salamence\n|-boost|p1a: Salamence|atk|1\n|-boost|p1a: Salamence|spe|1\n|move|p2a: Necrozma|Stealth Rock|p1a: Salamence\n|-sidestart|p1: 09-10a|move: Stealth Rock\n|\n|upkeep\n|turn|5\n|\n|t:|1698602494\n|detailschange|p2a: Necrozma|Necrozma-Ultra, shiny\n|-burst|p2a: Necrozma|Necrozma|Ultranecrozium Z\n|move|p1a: Salamence|Earthquake|p2a: Necrozma\n|-damage|p2a: Necrozma|34\/100\n|move|p2a: Necrozma|Dragon Pulse|p1a: Salamence\n|-supereffective|p1a: Salamence\n|-damage|p1a: Salamence|0 fnt\n|faint|p1a: Salamence\n|\n|upkeep\n|\n|t:|1698602498\n|switch|p1a: Marshadow|Marshadow, tera:Ghost|23\/100\n|-damage|p1a: Marshadow|11\/100|[from] Stealth Rock\n|turn|6\n|\n|t:|1698602511\n|move|p1a: Marshadow|Shadow Sneak|p2a: Necrozma\n|-supereffective|p2a: Necrozma\n|-damage|p2a: Necrozma|0 fnt\n|faint|p2a: Necrozma\n|-damage|p1a: Marshadow|1\/100|[from] item: Life Orb\n|\n|upkeep\n|\n|t:|1698602518\n|switch|p2a: Urshifu|Urshifu, F|100\/100\n|turn|7\n|\n|t:|1698602522\n|move|p1a: Marshadow|Shadow Sneak|p2a: Urshifu\n|-resisted|p2a: Urshifu\n|-damage|p2a: Urshifu|73\/100\n|-damage|p1a: Marshadow|0 fnt|[from] item: Life Orb\n|faint|p1a: Marshadow\n|move|p2a: Urshifu|Sucker Punch|p1: Marshadow|[notarget]\n|-fail|p2a: Urshifu\n|\n|upkeep\n|\n|t:|1698602525\n|switch|p1a: Donphan|Donphan, M, shiny|100\/100\n|-damage|p1a: Donphan|94\/100|[from] Stealth Rock\n|turn|8\n|\n|t:|1698602528\n|move|p2a: Urshifu|Wicked Blow|p1a: Donphan\n|-crit|p1a: Donphan\n|-damage|p1a: Donphan|39\/100\n|-damage|p2a: Urshifu|63\/100|[from] item: Life Orb\n|move|p1a: Donphan|Rapid Spin|p2a: Urshifu\n|-damage|p2a: Urshifu|49\/100\n|-boost|p1a: Donphan|spe|1\n|-sideend|p1: 09-10a|Stealth Rock|[from] move: Rapid Spin|[of] p1a: Donphan\n|\n|upkeep\n|turn|9\n|\n|t:|1698602533\n|move|p2a: Urshifu|Wicked Blow|p1a: Donphan\n|-crit|p1a: Donphan\n|-damage|p1a: Donphan|0 fnt\n|faint|p1a: Donphan\n|-damage|p2a: Urshifu|40\/100|[from] item: Life Orb\n|\n|upkeep\n|\n|t:|1698602538\n|switch|p1a: Zygarde|Zygarde, shiny|100\/100\n|turn|10\n|\n|t:|1698602540\n|move|p2a: Urshifu|Wicked Blow|p1a: Zygarde\n|-crit|p1a: Zygarde\n|-damage|p1a: Zygarde|45\/100\n|-damage|p2a: Urshifu|30\/100|[from] item: Life Orb\n|move|p1a: Zygarde|Dragon Dance|p1a: Zygarde\n|-boost|p1a: Zygarde|atk|1\n|-boost|p1a: Zygarde|spe|1\n|\n|-heal|p1a: Zygarde|51\/100|[from] item: Leftovers\n|upkeep\n|turn|11\n|\n|t:|1698602548\n|move|p2a: Urshifu|Sucker Punch||[still]\n|-fail|p2a: Urshifu\n|move|p1a: Zygarde|Substitute|p1a: Zygarde\n|-start|p1a: Zygarde|Substitute\n|-damage|p1a: Zygarde|26\/100\n|\n|-heal|p1a: Zygarde|32\/100|[from] item: Leftovers\n|-activate|p1a: Zygarde|ability: Power Construct\n|detailschange|p1a: Zygarde|Zygarde-Complete, shiny\n|-heal|p1a: Zygarde|58\/100|[silent]\n|upkeep\n|turn|12\n|\n|t:|1698602551\n|move|p1a: Zygarde|Thousand Arrows|p2a: Urshifu\n|-damage|p2a: Urshifu|0 fnt\n|faint|p2a: Urshifu\n|\n|-heal|p1a: Zygarde|64\/100|[from] item: Leftovers\n|upkeep\n|\n|t:|1698602555\n|switch|p2a: Mewtwo|Mewtwo|100\/100\n|-ability|p2a: Mewtwo|Pressure\n|turn|13\n|\n|t:|1698602557\n|move|p1a: Zygarde|Thousand Arrows|p2a: Mewtwo\n|-damage|p2a: Mewtwo|44\/100\n|move|p2a: Mewtwo|Ice Beam|p1a: Zygarde\n|-supereffective|p1a: Zygarde\n|-end|p1a: Zygarde|Substitute\n|\n|-heal|p1a: Zygarde|70\/100|[from] item: Leftovers\n|upkeep\n|turn|14\n|\n|t:|1698602563\n|detailschange|p2a: Mewtwo|Mewtwo-Mega-X\n|-mega|p2a: Mewtwo|Mewtwo|Mewtwonite X\n|move|p1a: Zygarde|Thousand Arrows|p2a: Mewtwo\n|-damage|p2a: Mewtwo|0 fnt\n|faint|p2a: Mewtwo\n|\n|-heal|p1a: Zygarde|77\/100|[from] item: Leftovers\n|upkeep\n|\n|t:|1698602570\n|switch|p2a: Kingambit|Kingambit, M|100\/100\n|-activate|p2a: Kingambit|ability: Supreme Overlord\n|-start|p2a: Kingambit|fallen4|[silent]\n|turn|15\n|\n|t:|1698602573\n|-terastallize|p2a: Kingambit|Ghost\n|move|p1a: Zygarde|Thousand Arrows|p2a: Kingambit\n|-damage|p2a: Kingambit|63\/100\n|move|p2a: Kingambit|Knock Off|p1a: Zygarde\n|-damage|p1a: Zygarde|32\/100\n|-enditem|p1a: Zygarde|Leftovers|[from] move: Knock Off|[of] p2a: Kingambit\n|\n|upkeep\n|turn|16\n|\n|t:|1698602582\n|move|p1a: Zygarde|Substitute|p1a: Zygarde\n|-start|p1a: Zygarde|Substitute\n|-damage|p1a: Zygarde|7\/100\n|move|p2a: Kingambit|Iron Head|p1a: Zygarde\n|-end|p1a: Zygarde|Substitute\n|\n|upkeep\n|turn|17\n|\n|t:|1698602586\n|move|p2a: Kingambit|Sucker Punch|p1a: Zygarde\n|-damage|p1a: Zygarde|0 fnt\n|faint|p1a: Zygarde\n|\n|upkeep\n|\n|t:|1698602595\n|switch|p1a: Xerneas|Xerneas, shiny|100\/100\n|-ability|p1a: Xerneas|Fairy Aura\n|turn|18\n|\n|t:|1698602598\n|-end|p2a: Kingambit|fallen4|[silent]\n|switch|p2a: Ditto|Ditto, shiny|100\/100\n|-transform|p2a: Ditto|p1a: Xerneas|[from] ability: Imposter\n|-ability|p2a: Ditto|Fairy Aura\n|move|p1a: Xerneas|Moonblast|p2a: Ditto\n|-damage|p2a: Ditto|3\/100\n|\n|upkeep\n|turn|19\n|\n|t:|1698602601\n|switch|p2a: Kingambit|Kingambit, M, tera:Ghost|63\/100\n|-activate|p2a: Kingambit|ability: Supreme Overlord\n|-start|p2a: Kingambit|fallen4|[silent]\n|switch|p1a: Necrozma|Necrozma-Dusk-Mane, shiny|100\/100\n|\n|upkeep\n|turn|20\n|\n|t:|1698602611\n|move|p1a: Necrozma|Photon Geyser|p2a: Kingambit\n|-damage|p2a: Kingambit|18\/100\n|move|p2a: Kingambit|Knock Off|p1a: Necrozma\n|-supereffective|p1a: Necrozma\n|-damage|p1a: Necrozma|24\/100\n|\n|upkeep\n|turn|21\n|\n|t:|1698602616\n|move|p2a: Kingambit|Sucker Punch|p1a: Necrozma\n|-supereffective|p1a: Necrozma\n|-damage|p1a: Necrozma|0 fnt\n|faint|p1a: Necrozma\n|\n|upkeep\n|\n|t:|1698602618\n|switch|p1a: Xerneas|Xerneas, shiny|100\/100\n|-ability|p1a: Xerneas|Fairy Aura\n|turn|22\n|\n|t:|1698602620\n|move|p2a: Kingambit|Sucker Punch|p1a: Xerneas\n|-resisted|p1a: Xerneas\n|-damage|p1a: Xerneas|75\/100\n|move|p1a: Xerneas|Moonblast|p2a: Kingambit\n|-damage|p2a: Kingambit|0 fnt\n|faint|p2a: Kingambit\n|-end|p2a: Kingambit|fallen4|[silent]\n|\n|upkeep\n|\n|t:|1698602623\n|switch|p2a: Ditto|Ditto, shiny|3\/100\n|-transform|p2a: Ditto|p1a: Xerneas|[from] ability: Imposter\n|-ability|p2a: Ditto|Fairy Aura\n|turn|23\n|\n|t:|1698602625\n|move|p2a: Ditto|Moonblast|p1a: Xerneas\n|-damage|p1a: Xerneas|2\/100\n|move|p1a: Xerneas|Moonblast|p2a: Ditto\n|-damage|p2a: Ditto|0 fnt\n|faint|p2a: Ditto\n|\n|win|09-10a\n|raw|09-10a's rating: 1861 &rarr; <strong>1877<\/strong><br \/>(+16 for winning)\n|raw|MommyMikuNakano's rating: 1787 &rarr; <strong>1771<\/strong><br \/>(-16 for losing)\n|l|\u2606MommyMikuNakano\n","uploadtime":1698602669,"views":10,"p1id":"0910a","p2id":"mommymikunakano","formatid":"gen9nationaldexubers","rating":1771,"private":0,"password":""}