{"id":"gen9nationaldexubers-1986004694","p1":"Hugomez14","p2":"Chaitanya15","format":"[Gen 9] National Dex Ubers","log":"|j|\u2606Hugomez14\n|j|\u2606Chaitanya15\n|t:|1699437287\n|gametype|singles\n|player|p1|Hugomez14|pryce|1317\n|player|p2|Chaitanya15|266|1428\n|teamsize|p1|6\n|teamsize|p2|6\n|gen|9\n|tier|[Gen 9] National Dex Ubers\n|rated|\n|rule|HP Percentage Mod: HP is shown in percentages\n|rule|Endless Battle Clause: Forcing endless battles is banned\n|rule|OHKO Clause: OHKO moves are banned\n|rule|Evasion Moves Clause: Evasion moves are banned\n|rule|Evasion Items Clause: Evasion items are banned\n|rule|Species Clause: Limit one of each Pok\u00e9mon\n|rule|Sleep Clause Mod: Limit one foe put to sleep\n|rule|Mega Rayquaza Clause: You cannot mega evolve Rayquaza\n|clearpoke\n|poke|p1|Mamoswine, M|\n|poke|p1|Baxcalibur, M|\n|poke|p1|Abomasnow, M|\n|poke|p1|Avalugg, M|\n|poke|p1|Cloyster, F|\n|poke|p1|Froslass, F|\n|poke|p2|Kingambit, F|\n|poke|p2|Basculegion, M|\n|poke|p2|Pikachu, F|\n|poke|p2|Kyogre|\n|poke|p2|Flutter Mane|\n|poke|p2|Deoxys-Speed|\n|teampreview\n|inactive|Battle timer is ON: inactive players will automatically lose when time's up. (requested by Hugomez14)\n|\n|t:|1699437298\n|start\n|switch|p1a: Nezuko|Froslass, F, shiny|100\/100\n|switch|p2a: Pikachu|Pikachu, F|100\/100\n|turn|1\n|\n|t:|1699437306\n|move|p1a: Nezuko|Taunt|p2a: Pikachu\n|-start|p2a: Pikachu|move: Taunt\n|move|p2a: Pikachu|Volt Tackle|p1a: Nezuko\n|-enditem|p1a: Nezuko|Focus Sash\n|-damage|p1a: Nezuko|1\/100\n|-start|p2a: Pikachu|Disable|Volt Tackle|[from] ability: Cursed Body|[of] p1a: Nezuko\n|-damage|p2a: Pikachu|57\/100|[from] Recoil\n|\n|upkeep\n|turn|2\n|\n|t:|1699437322\n|switch|p2a: Deoxys|Deoxys-Speed|100\/100\n|-ability|p2a: Deoxys|Pressure\n|move|p1a: Nezuko|Destiny Bond|p1a: Nezuko\n|-singlemove|p1a: Nezuko|Destiny Bond\n|\n|upkeep\n|turn|3\n|\n|t:|1699437331\n|move|p2a: Deoxys|Stealth Rock|p1a: Nezuko\n|-sidestart|p1: Hugomez14|move: Stealth Rock\n|move|p1a: Nezuko|Taunt|p2a: Deoxys\n|-start|p2a: Deoxys|move: Taunt\n|\n|upkeep\n|turn|4\n|\n|t:|1699437337\n|move|p2a: Deoxys|Psychic|p1a: Nezuko\n|-damage|p1a: Nezuko|0 fnt\n|faint|p1a: Nezuko\n|\n|upkeep\n|\n|t:|1699437340\n|switch|p1a: Yeti|Abomasnow, M, shiny|100\/100\n|-damage|p1a: Yeti|76\/100|[from] Stealth Rock\n|-weather|Snow|[from] ability: Snow Warning|[of] p1a: Yeti\n|turn|5\n|\n|t:|1699437347\n|switch|p2a: Flutter Mane|Flutter Mane|100\/100\n|-enditem|p2a: Flutter Mane|Booster Energy\n|-activate|p2a: Flutter Mane|ability: Protosynthesis|[fromitem]\n|-start|p2a: Flutter Mane|protosynthesisspe\n|detailschange|p1a: Yeti|Abomasnow-Mega, M, shiny\n|-mega|p1a: Yeti|Abomasnow|Abomasite\n|move|p1a: Yeti|Ice Shard|p2a: Flutter Mane\n|-damage|p2a: Flutter Mane|50\/100\n|\n|-weather|Snow|[upkeep]\n|upkeep\n|turn|6\n|\n|t:|1699437358\n|move|p1a: Yeti|Ice Shard|p2a: Flutter Mane\n|-damage|p2a: Flutter Mane|4\/100\n|move|p2a: Flutter Mane|Mystical Fire|p1a: Yeti\n|-supereffective|p1a: Yeti\n|-damage|p1a: Yeti|0 fnt\n|faint|p1a: Yeti\n|\n|-weather|Snow|[upkeep]\n|upkeep\n|\n|t:|1699437364\n|switch|p1a: Percebesa|Cloyster, F, shiny|100\/100\n|-damage|p1a: Percebesa|76\/100|[from] Stealth Rock\n|turn|7\n|\n|t:|1699437371\n|move|p1a: Percebesa|Ice Shard|p2a: Flutter Mane\n|-damage|p2a: Flutter Mane|0 fnt\n|faint|p2a: Flutter Mane\n|-end|p2a: Flutter Mane|Protosynthesis|[silent]\n|\n|-weather|Snow|[upkeep]\n|upkeep\n|\n|t:|1699437378\n|switch|p2a: Pikachu|Pikachu, F|57\/100\n|turn|8\n|\n|t:|1699437383\n|-terastallize|p1a: Percebesa|Ice\n|move|p2a: Pikachu|Fake Out|p1a: Percebesa\n|-damage|p1a: Percebesa|66\/100\n|cant|p1a: Percebesa|flinch\n|\n|-weather|Snow|[upkeep]\n|upkeep\n|turn|9\n|\n|t:|1699437392\n|move|p2a: Pikachu|Brick Break|p1a: Percebesa\n|-supereffective|p1a: Percebesa\n|-damage|p1a: Percebesa|30\/100\n|move|p1a: Percebesa|Shell Smash|p1a: Percebesa\n|-unboost|p1a: Percebesa|def|1\n|-unboost|p1a: Percebesa|spd|1\n|-boost|p1a: Percebesa|atk|2\n|-boost|p1a: Percebesa|spa|2\n|-boost|p1a: Percebesa|spe|2\n|-enditem|p1a: Percebesa|White Herb\n|-clearnegativeboost|p1a: Percebesa|[silent]\n|\n|-weather|none\n|upkeep\n|turn|10\n|\n|t:|1699437403\n|move|p2a: Pikachu|Extreme Speed|p1a: Percebesa\n|-damage|p1a: Percebesa|1\/100\n|move|p1a: Percebesa|Icicle Spear|p2a: Pikachu\n|-damage|p2a: Pikachu|0 fnt\n|faint|p2a: Pikachu\n|-hitcount|p2: Pikachu|1\n|\n|upkeep\n|\n|t:|1699437412\n|switch|p2a: Deoxys|Deoxys-Speed|100\/100\n|-ability|p2a: Deoxys|Pressure\n|turn|11\n|\n|t:|1699437419\n|move|p2a: Deoxys|Extreme Speed|p1a: Percebesa\n|-damage|p1a: Percebesa|0 fnt\n|faint|p1a: Percebesa\n|\n|upkeep\n|\n|t:|1699437424\n|switch|p1a: Manny|Mamoswine, M|100\/100\n|-damage|p1a: Manny|88\/100|[from] Stealth Rock\n|turn|12\n|\n|t:|1699437430\n|move|p2a: Deoxys|Spikes|p1a: Manny\n|-sidestart|p1: Hugomez14|Spikes\n|move|p1a: Manny|Knock Off|p2a: Deoxys\n|-supereffective|p2a: Deoxys\n|-enditem|p2a: Deoxys|Focus Sash\n|-damage|p2a: Deoxys|1\/100\n|-damage|p1a: Manny|78\/100|[from] item: Life Orb\n|\n|upkeep\n|turn|13\n|\n|t:|1699437439\n|move|p1a: Manny|Ice Shard|p2a: Deoxys\n|-crit|p2a: Deoxys\n|-damage|p2a: Deoxys|0 fnt\n|faint|p2a: Deoxys\n|-damage|p1a: Manny|68\/100|[from] item: Life Orb\n|\n|upkeep\n|\n|t:|1699437448\n|switch|p2a: Kyogre|Kyogre|100\/100\n|-weather|RainDance|[from] ability: Drizzle|[of] p2a: Kyogre\n|turn|14\n|\n|t:|1699437456\n|move|p2a: Kyogre|Water Spout|p1a: Manny\n|-supereffective|p1a: Manny\n|-damage|p1a: Manny|0 fnt\n|faint|p1a: Manny\n|\n|-weather|RainDance|[upkeep]\n|upkeep\n|\n|t:|1699437463\n|switch|p1a: Arturo|Baxcalibur, M|100\/100\n|-damage|p1a: Arturo|76\/100|[from] Stealth Rock\n|-damage|p1a: Arturo|63\/100|[from] Spikes\n|turn|15\n|\n|t:|1699437469\n|-terastallize|p2a: Kyogre|Water\n|move|p2a: Kyogre|Water Spout|p1a: Arturo\n|-resisted|p1a: Arturo\n|-damage|p1a: Arturo|0 fnt\n|faint|p1a: Arturo\n|\n|-weather|RainDance|[upkeep]\n|upkeep\n|-message|Hugomez14 forfeited.\n|\n|win|Chaitanya15\n|raw|Hugomez14's rating: 1317 &rarr; <strong>1303<\/strong><br \/>(-14 for losing)\n|raw|Chaitanya15's rating: 1428 &rarr; <strong>1442<\/strong><br \/>(+14 for winning)\n|l|\u2606Hugomez14\n","uploadtime":1699437481,"views":5,"p1id":"hugomez14","p2id":"chaitanya15","formatid":"gen9nationaldexubers","rating":1303,"private":0,"password":""}