{"id":"gen9nationaldexubers-1996251106","p1":"RedFRLG2004","p2":"AlastorTheOverlord","format":"[Gen 9] National Dex Ubers","log":"|j|\u2606RedFRLG2004\n|j|\u2606AlastorTheOverlord\n|t:|1700664066\n|gametype|singles\n|player|p1|RedFRLG2004|red-gen3|\n|player|p2|AlastorTheOverlord|n|\n|teamsize|p1|6\n|teamsize|p2|6\n|gen|9\n|tier|[Gen 9] National Dex Ubers\n|rule|HP Percentage Mod: HP is shown in percentages\n|rule|Endless Battle Clause: Forcing endless battles is banned\n|rule|OHKO Clause: OHKO moves are banned\n|rule|Evasion Moves Clause: Evasion moves are banned\n|rule|Evasion Items Clause: Evasion items are banned\n|rule|Species Clause: Limit one of each Pok\u00e9mon\n|rule|Sleep Clause Mod: Limit one foe put to sleep\n|rule|Mega Rayquaza Clause: You cannot mega evolve Rayquaza\n|clearpoke\n|poke|p1|Swampert, M|\n|poke|p1|Blaziken, M|\n|poke|p1|Gardevoir, F|\n|poke|p1|Swellow, M|\n|poke|p1|Cradily, M|\n|poke|p1|Salamence, M|\n|poke|p2|Typhlosion, M|\n|poke|p2|Ampharos, M|\n|poke|p2|Skarmory, M|\n|poke|p2|Quagsire, M|\n|poke|p2|Heracross, M|\n|poke|p2|Weavile, M|\n|teampreview\n|inactive|Battle timer is ON: inactive players will automatically lose when time's up. (requested by AlastorTheOverlord)\n|inactive|AlastorTheOverlord has 270 seconds left.\n|inactive|AlastorTheOverlord has 240 seconds left.\n|\n|t:|1700664127\n|start\n|switch|p1a: Swampert|Swampert, M|100\/100\n|switch|p2a: Weavile|Weavile, M|100\/100\n|turn|1\n|\n|t:|1700664133\n|move|p2a: Weavile|Knock Off|p1a: Swampert\n|-damage|p1a: Swampert|41\/100\n|-enditem|p1a: Swampert|Leftovers|[from] move: Knock Off|[of] p2a: Weavile\n|-damage|p2a: Weavile|91\/100|[from] item: Life Orb\n|move|p1a: Swampert|Stealth Rock|p2a: Weavile\n|-sidestart|p2: AlastorTheOverlord|move: Stealth Rock\n|\n|upkeep\n|turn|2\n|\n|t:|1700664140\n|move|p2a: Weavile|Swords Dance|p2a: Weavile\n|-boost|p2a: Weavile|atk|2\n|move|p1a: Swampert|Flip Turn|p2a: Weavile\n|-damage|p2a: Weavile|55\/100\n|\n|t:|1700664150\n|switch|p1a: Blaziken|Blaziken, M|100\/100|[from] Flip Turn\n|\n|upkeep\n|turn|3\n|\n|t:|1700664160\n|move|p1a: Blaziken|Protect|p1a: Blaziken\n|-singleturn|p1a: Blaziken|Protect\n|move|p2a: Weavile|Knock Off|p1a: Blaziken\n|-activate|p1a: Blaziken|move: Protect\n|\n|-ability|p1a: Blaziken|Speed Boost|boost\n|-boost|p1a: Blaziken|spe|1\n|upkeep\n|turn|4\n|\n|t:|1700664171\n|move|p1a: Blaziken|Swords Dance|p1a: Blaziken\n|-boost|p1a: Blaziken|atk|2\n|move|p2a: Weavile|Knock Off|p1a: Blaziken\n|-resisted|p1a: Blaziken\n|-enditem|p1a: Blaziken|Focus Sash\n|-damage|p1a: Blaziken|1\/100\n|-damage|p2a: Weavile|45\/100|[from] item: Life Orb\n|\n|-ability|p1a: Blaziken|Speed Boost|boost\n|-boost|p1a: Blaziken|spe|1\n|upkeep\n|turn|5\n|\n|t:|1700664179\n|move|p1a: Blaziken|Protect|p1a: Blaziken\n|-singleturn|p1a: Blaziken|Protect\n|move|p2a: Weavile|Ice Shard|p1a: Blaziken\n|-activate|p1a: Blaziken|move: Protect\n|\n|-ability|p1a: Blaziken|Speed Boost|boost\n|-boost|p1a: Blaziken|spe|1\n|upkeep\n|turn|6\n|\n|t:|1700664191\n|switch|p1a: Swampert|Swampert, M|41\/100\n|move|p2a: Weavile|Ice Shard|p1a: Swampert\n|-damage|p1a: Swampert|0 fnt\n|faint|p1a: Swampert\n|-damage|p2a: Weavile|35\/100|[from] item: Life Orb\n|\n|upkeep\n|\n|t:|1700664198\n|switch|p1a: Gardevoir|Gardevoir, F|100\/100\n|-ability|p1a: Gardevoir|Pickpocket|[from] ability: Trace|[of] p2a: Weavile\n|turn|7\n|\n|t:|1700664205\n|-terastallize|p1a: Gardevoir|Steel\n|move|p1a: Gardevoir|Moonblast|p2a: Weavile\n|-supereffective|p2a: Weavile\n|-damage|p2a: Weavile|0 fnt\n|faint|p2a: Weavile\n|\n|upkeep\n|\n|t:|1700664215\n|switch|p2a: Heracross|Heracross, M|100\/100\n|-damage|p2a: Heracross|88\/100|[from] Stealth Rock\n|turn|8\n|\n|t:|1700664218\n|move|p1a: Gardevoir|Moonblast|p2a: Heracross\n|-supereffective|p2a: Heracross\n|-damage|p2a: Heracross|0 fnt\n|faint|p2a: Heracross\n|\n|upkeep\n|\n|t:|1700664225\n|switch|p2a: Quagsire|Quagsire, M|100\/100\n|-damage|p2a: Quagsire|94\/100|[from] Stealth Rock\n|turn|9\n|\n|t:|1700664228\n|move|p1a: Gardevoir|Moonblast|p2a: Quagsire\n|-damage|p2a: Quagsire|47\/100\n|move|p2a: Quagsire|Earthquake|p1a: Gardevoir\n|-supereffective|p1a: Gardevoir\n|-damage|p1a: Gardevoir|0 fnt\n|faint|p1a: Gardevoir\n|\n|-heal|p2a: Quagsire|53\/100|[from] item: Leftovers\n|upkeep\n|\n|t:|1700664235\n|switch|p1a: Bravo|Swellow, M|100\/100\n|turn|10\n|\n|t:|1700664241\n|move|p1a: Bravo|Boomburst|p2a: Quagsire\n|-damage|p2a: Quagsire|0 fnt\n|faint|p2a: Quagsire\n|-enditem|p1a: Bravo|Throat Spray\n|-boost|p1a: Bravo|spa|1|[from] item: Throat Spray\n|\n|upkeep\n|\n|t:|1700664246\n|switch|p2a: Skarmory|Skarmory, M|100\/100\n|-damage|p2a: Skarmory|88\/100|[from] Stealth Rock\n|turn|11\n|\n|t:|1700664250\n|move|p1a: Bravo|Boomburst|p2a: Skarmory\n|-resisted|p2a: Skarmory\n|-damage|p2a: Skarmory|33\/100\n|move|p2a: Skarmory|Toxic|p1a: Bravo\n|-status|p1a: Bravo|tox\n|\n|-heal|p2a: Skarmory|39\/100|[from] item: Leftovers\n|-damage|p1a: Bravo|94\/100 tox|[from] psn\n|upkeep\n|turn|12\n|\n|t:|1700664257\n|move|p2a: Skarmory|Protect|p2a: Skarmory\n|-singleturn|p2a: Skarmory|Protect\n|move|p1a: Bravo|Boomburst|p2a: Skarmory\n|-activate|p2a: Skarmory|move: Protect\n|\n|-heal|p2a: Skarmory|45\/100|[from] item: Leftovers\n|-damage|p1a: Bravo|82\/100 tox|[from] psn\n|upkeep\n|turn|13\n|\n|t:|1700664264\n|move|p2a: Skarmory|Protect|p2a: Skarmory\n|-singleturn|p2a: Skarmory|Protect\n|move|p1a: Bravo|Boomburst|p2a: Skarmory\n|-activate|p2a: Skarmory|move: Protect\n|\n|-heal|p2a: Skarmory|50\/100|[from] item: Leftovers\n|-damage|p1a: Bravo|64\/100 tox|[from] psn\n|upkeep\n|turn|14\n|\n|t:|1700664275\n|move|p1a: Bravo|Boomburst|p2a: Skarmory\n|-resisted|p2a: Skarmory\n|-damage|p2a: Skarmory|2\/100\n|move|p2a: Skarmory|Defog|p1a: Bravo\n|-unboost|p1a: Bravo|evasion|1\n|-sideend|p2: AlastorTheOverlord|Stealth Rock|[from] move: Defog|[of] p2a: Skarmory\n|\n|-heal|p2a: Skarmory|8\/100|[from] item: Leftovers\n|-damage|p1a: Bravo|39\/100 tox|[from] psn\n|upkeep\n|turn|15\n|\n|t:|1700664283\n|move|p2a: Skarmory|Protect|p2a: Skarmory\n|-singleturn|p2a: Skarmory|Protect\n|move|p1a: Bravo|Boomburst|p2a: Skarmory\n|-activate|p2a: Skarmory|move: Protect\n|\n|-heal|p2a: Skarmory|14\/100|[from] item: Leftovers\n|-damage|p1a: Bravo|9\/100 tox|[from] psn\n|upkeep\n|turn|16\n|\n|t:|1700664292\n|move|p2a: Skarmory|Protect||[still]\n|-fail|p2a: Skarmory\n|move|p1a: Bravo|Boomburst|p2a: Skarmory\n|-resisted|p2a: Skarmory\n|-damage|p2a: Skarmory|0 fnt\n|faint|p2a: Skarmory\n|\n|-damage|p1a: Bravo|0 fnt|[from] psn\n|faint|p1a: Bravo\n|upkeep\n|\n|t:|1700664303\n|switch|p1a: Blaziken|Blaziken, M|1\/100\n|switch|p2a: Ampharos|Ampharos, M|100\/100\n|turn|17\n|\n|t:|1700664320\n|move|p1a: Blaziken|Reversal|p2a: Ampharos\n|-damage|p2a: Ampharos|0 fnt\n|faint|p2a: Ampharos\n|\n|-ability|p1a: Blaziken|Speed Boost|boost\n|-boost|p1a: Blaziken|spe|1\n|upkeep\n|\n|t:|1700664326\n|switch|p2a: Typhlosion|Typhlosion, M, shiny|100\/100\n|turn|18\n|inactive|AlastorTheOverlord has 270 seconds left.\n|\n|t:|1700664353\n|move|p2a: Typhlosion|Focus Blast|p1a: Blaziken\n|-damage|p1a: Blaziken|0 fnt\n|faint|p1a: Blaziken\n|\n|upkeep\n|l|\u2606RedFRLG2004\n|inactive|RedFRLG2004 disconnected and has 300 seconds to reconnect!\n|player|p1|\n|j|\u2606RedFRLG2004\n|inactive|RedFRLG2004 reconnected and has 290 seconds left.\n|player|p1|RedFRLG2004|red-gen3\n|\n|t:|1700664378\n|switch|p1a: Cradily|Cradily, M|100\/100\n|turn|19\n|\n|t:|1700664384\n|move|p2a: Typhlosion|Focus Blast|p1a: Cradily\n|-supereffective|p1a: Cradily\n|-damage|p1a: Cradily|44\/100\n|move|p1a: Cradily|Meteor Beam||[still]\n|-prepare|p1a: Cradily|Meteor Beam\n|-boost|p1a: Cradily|spa|1\n|-enditem|p1a: Cradily|Power Herb\n|-anim|p1a: Cradily|Meteor Beam|p2a: Typhlosion|[miss]\n|-miss|p1a: Cradily|p2a: Typhlosion\n|\n|upkeep\n|turn|20\n|\n|t:|1700664395\n|move|p2a: Typhlosion|Focus Blast|p1a: Cradily\n|-supereffective|p1a: Cradily\n|-damage|p1a: Cradily|0 fnt\n|faint|p1a: Cradily\n|\n|upkeep\n|\n|t:|1700664398\n|switch|p1a: Salamence|Salamence, M|100\/100\n|-ability|p1a: Salamence|Intimidate|boost\n|-unboost|p2a: Typhlosion|atk|1\n|turn|21\n|\n|t:|1700664418\n|detailschange|p1a: Salamence|Salamence-Mega, M\n|-mega|p1a: Salamence|Salamence|Salamencite\n|move|p2a: Typhlosion|Focus Blast|p1a: Salamence|[miss]\n|-miss|p2a: Typhlosion|p1a: Salamence\n|move|p1a: Salamence|Earthquake|p2a: Typhlosion\n|-supereffective|p2a: Typhlosion\n|-damage|p2a: Typhlosion|0 fnt\n|faint|p2a: Typhlosion\n|\n|win|RedFRLG2004\n","uploadtime":1700664433,"views":1,"p1id":"redfrlg2004","p2id":"alastortheoverlord","formatid":"gen9nationaldexubers","rating":0,"private":0,"password":""}