{"id":"gen9nationaldexubers-1983419335","p1":"Amxri\u30c3","p2":"aguinaldo124","format":"[Gen 9] National Dex Ubers","log":"|j|\u2606Amxri\u30c3\n|j|\u2606aguinaldo124\n|t:|1699128154\n|gametype|singles\n|player|p1|Amxri\u30c3|hugh|1212\n|player|p2|aguinaldo124|bruno|1119\n|teamsize|p1|6\n|teamsize|p2|6\n|gen|9\n|tier|[Gen 9] National Dex Ubers\n|rated|\n|rule|HP Percentage Mod: HP is shown in percentages\n|rule|Endless Battle Clause: Forcing endless battles is banned\n|rule|OHKO Clause: OHKO moves are banned\n|rule|Evasion Moves Clause: Evasion moves are banned\n|rule|Evasion Items Clause: Evasion items are banned\n|rule|Species Clause: Limit one of each Pok\u00e9mon\n|rule|Sleep Clause Mod: Limit one foe put to sleep\n|rule|Mega Rayquaza Clause: You cannot mega evolve Rayquaza\n|clearpoke\n|poke|p1|Slowking-Galar, F|\n|poke|p1|Latios, M|\n|poke|p1|Calyrex-Ice|\n|poke|p1|Lunala|\n|poke|p1|Beheeyem, M|\n|poke|p1|Swoobat, M|\n|poke|p2|Muk-Alola, M|\n|poke|p2|Mandibuzz, F|\n|poke|p2|Hatterene, F|\n|poke|p2|Gourgeist-*, M|\n|poke|p2|Ambipom, F|\n|poke|p2|Volcarona, F|\n|teampreview\n|inactive|Battle timer is ON: inactive players will automatically lose when time's up. (requested by aguinaldo124)\n|\n|t:|1699128174\n|start\n|switch|p1a: Jerry|Swoobat, M|100\/100\n|switch|p2a: Ambipom|Ambipom, F|100\/100\n|turn|1\n|c|\u2606aguinaldo124|Bruh not calyrex\n|\n|t:|1699128191\n|move|p2a: Ambipom|Fake Out|p1a: Jerry\n|-crit|p1a: Jerry\n|-damage|p1a: Jerry|49\/100\n|cant|p1a: Jerry|flinch\n|\n|upkeep\n|turn|2\n|c|\u2606Amxri\u30c3|holy mackerel!\n|\n|t:|1699128201\n|move|p2a: Ambipom|Beat Up|p1a: Jerry\n|-supereffective|p1a: Jerry\n|-damage|p1a: Jerry|31\/100\n|-supereffective|p1a: Jerry\n|-damage|p1a: Jerry|18\/100\n|-supereffective|p1a: Jerry\n|-damage|p1a: Jerry|0 fnt\n|faint|p1a: Jerry\n|-hitcount|p1: Jerry|3\n|\n|upkeep\n|\n|t:|1699128207\n|switch|p1a: AC-130|Latios, M|100\/100\n|turn|3\n|c|\u2606aguinaldo124|Damn\n|\n|t:|1699128218\n|detailschange|p1a: AC-130|Latios-Mega, M\n|-mega|p1a: AC-130|Latios|Latiosite\n|move|p2a: Ambipom|Beat Up|p1a: AC-130\n|-supereffective|p1a: AC-130\n|-damage|p1a: AC-130|90\/100\n|-supereffective|p1a: AC-130\n|-damage|p1a: AC-130|82\/100\n|-supereffective|p1a: AC-130\n|-damage|p1a: AC-130|73\/100\n|-supereffective|p1a: AC-130\n|-damage|p1a: AC-130|64\/100\n|-supereffective|p1a: AC-130\n|-damage|p1a: AC-130|54\/100\n|-supereffective|p1a: AC-130\n|-damage|p1a: AC-130|47\/100\n|-hitcount|p1a: AC-130|6\n|cant|p1a: AC-130|flinch\n|\n|upkeep\n|turn|4\n|\n|t:|1699128233\n|move|p2a: Ambipom|Beat Up|p1a: AC-130\n|-supereffective|p1a: AC-130\n|-damage|p1a: AC-130|36\/100\n|-supereffective|p1a: AC-130\n|-damage|p1a: AC-130|27\/100\n|-supereffective|p1a: AC-130\n|-damage|p1a: AC-130|19\/100\n|-supereffective|p1a: AC-130\n|-damage|p1a: AC-130|9\/100\n|-supereffective|p1a: AC-130\n|-damage|p1a: AC-130|0 fnt\n|faint|p1a: AC-130\n|-hitcount|p1: AC-130|5\n|\n|upkeep\n|c|\u2606aguinaldo124|Holy\n|c|\u2606Amxri\u30c3|why is this monkey so fast\n|\n|t:|1699128247\n|switch|p1a: Blue Moon|Lunala|100\/100\n|turn|5\n|c|\u2606aguinaldo124|Idk\n|\n|t:|1699128255\n|move|p2a: Ambipom|Beat Up|p1a: Blue Moon\n|-supereffective|p1a: Blue Moon\n|-damage|p1a: Blue Moon|92\/100\n|-supereffective|p1a: Blue Moon\n|-damage|p1a: Blue Moon|80\/100\n|-supereffective|p1a: Blue Moon\n|-damage|p1a: Blue Moon|65\/100\n|-supereffective|p1a: Blue Moon\n|-damage|p1a: Blue Moon|50\/100\n|-supereffective|p1a: Blue Moon\n|-damage|p1a: Blue Moon|32\/100\n|-supereffective|p1a: Blue Moon\n|-damage|p1a: Blue Moon|21\/100\n|-hitcount|p1a: Blue Moon|6\n|move|p1a: Blue Moon|Moonblast|p2a: Ambipom\n|-crit|p2a: Ambipom\n|-damage|p2a: Ambipom|1\/100\n|\n|-heal|p1a: Blue Moon|27\/100|[from] item: Leftovers\n|upkeep\n|turn|6\n|c|\u2606Amxri\u30c3|forgot beat up was dark type smh\n|c|\u2606aguinaldo124|No way\n|\n|t:|1699128279\n|move|p2a: Ambipom|Beat Up|p1a: Blue Moon\n|-supereffective|p1a: Blue Moon\n|-damage|p1a: Blue Moon|12\/100\n|-supereffective|p1a: Blue Moon\n|-damage|p1a: Blue Moon|0 fnt\n|faint|p1a: Blue Moon\n|-hitcount|p1: Blue Moon|2\n|\n|upkeep\n|\n|t:|1699128288\n|switch|p1a: Farquad|Calyrex-Ice|100\/100\n|-ability|p1a: Farquad|As One\n|-ability|p1a: Farquad|Unnerve\n|turn|7\n|c|\u2606aguinaldo124|Oh\n|c|\u2606aguinaldo124|Its mono psychic\n|\n|t:|1699128296\n|move|p2a: Ambipom|Beat Up|p1a: Farquad\n|-supereffective|p1a: Farquad\n|-damage|p1a: Farquad|94\/100\n|-supereffective|p1a: Farquad\n|-damage|p1a: Farquad|89\/100\n|-supereffective|p1a: Farquad\n|-damage|p1a: Farquad|82\/100\n|-supereffective|p1a: Farquad\n|-damage|p1a: Farquad|76\/100\n|-supereffective|p1a: Farquad\n|-damage|p1a: Farquad|69\/100\n|-supereffective|p1a: Farquad\n|-damage|p1a: Farquad|64\/100\n|-hitcount|p1a: Farquad|6\n|move|p1a: Farquad|Glacial Lance|p2a: Ambipom\n|-damage|p2a: Ambipom|0 fnt\n|faint|p2a: Ambipom\n|-ability|p1a: Farquad|Chilling Neigh|boost\n|-boost|p1a: Farquad|atk|1\n|-damage|p1a: Farquad|54\/100|[from] item: Life Orb\n|\n|upkeep\n|\n|t:|1699128314\n|switch|p2a: Muk|Muk-Alola, M|100\/100\n|turn|8\n|\n|t:|1699128326\n|move|p1a: Farquad|Agility|p1a: Farquad\n|-boost|p1a: Farquad|spe|2\n|move|p2a: Muk|Poison Jab|p1a: Farquad\n|-damage|p1a: Farquad|30\/100\n|\n|upkeep\n|turn|9\n|\n|t:|1699128334\n|move|p1a: Farquad|Glacial Lance|p2a: Muk\n|-damage|p2a: Muk|0 fnt\n|faint|p2a: Muk\n|-ability|p1a: Farquad|Chilling Neigh|boost\n|-boost|p1a: Farquad|atk|1\n|-damage|p1a: Farquad|20\/100|[from] item: Life Orb\n|\n|upkeep\n|\n|t:|1699128346\n|switch|p2a: Mandibuzz|Mandibuzz, F|100\/100\n|turn|10\n|\n|t:|1699128357\n|move|p1a: Farquad|Glacial Lance|p2a: Mandibuzz\n|-supereffective|p2a: Mandibuzz\n|-damage|p2a: Mandibuzz|0 fnt\n|faint|p2a: Mandibuzz\n|-ability|p1a: Farquad|Chilling Neigh|boost\n|-boost|p1a: Farquad|atk|1\n|-damage|p1a: Farquad|10\/100|[from] item: Life Orb\n|\n|upkeep\n|\n|t:|1699128366\n|switch|p2a: Gourgeist|Gourgeist, M|100\/100\n|-item|p1a: Farquad|Life Orb|[from] ability: Frisk|[of] p2a: Gourgeist|[identify]\n|turn|11\n|c|\u2606Amxri\u30c3|farquaaaaaaaad\n|\n|t:|1699128376\n|move|p1a: Farquad|Glacial Lance|p2a: Gourgeist\n|-supereffective|p2a: Gourgeist\n|-damage|p2a: Gourgeist|0 fnt\n|faint|p2a: Gourgeist\n|-ability|p1a: Farquad|Chilling Neigh|boost\n|-boost|p1a: Farquad|atk|1\n|-damage|p1a: Farquad|0 fnt|[from] item: Life Orb\n|faint|p1a: Farquad\n|\n|upkeep\n|c|\u2606aguinaldo124|Calyrex is just too op\n|\n|t:|1699128394\n|switch|p1a: Power Ranger|Beheeyem, M, shiny|100\/100\n|switch|p2a: Hatterene|Hatterene, F|100\/100\n|turn|12\n|c|\u2606Amxri\u30c3|i know\n|\n|t:|1699128409\n|move|p2a: Hatterene|Nuzzle|p1a: Power Ranger\n|-damage|p1a: Power Ranger|94\/100\n|-status|p1a: Power Ranger|par\n|move|p1a: Power Ranger|Dark Pulse|p2a: Hatterene\n|-damage|p2a: Hatterene|63\/100\n|\n|-heal|p2a: Hatterene|69\/100|[from] item: Leftovers\n|upkeep\n|turn|13\n|c|\u2606aguinaldo124|Its faster????\n|c|\u2606aguinaldo124|Wtf\n|\n|t:|1699128434\n|move|p2a: Hatterene|Calm Mind|p2a: Hatterene\n|-boost|p2a: Hatterene|spa|1\n|-boost|p2a: Hatterene|spd|1\n|move|p1a: Power Ranger|Shadow Ball|p2a: Hatterene\n|-supereffective|p2a: Hatterene\n|-damage|p2a: Hatterene|13\/100\n|\n|-heal|p2a: Hatterene|19\/100|[from] item: Leftovers\n|upkeep\n|turn|14\n|\n|t:|1699128444\n|-terastallize|p2a: Hatterene|Steel\n|move|p2a: Hatterene|Draining Kiss|p1a: Power Ranger\n|-damage|p1a: Power Ranger|52\/100 par\n|-heal|p2a: Hatterene|55\/100|[from] drain|[of] p1a: Power Ranger\n|cant|p1a: Power Ranger|par\n|\n|-heal|p2a: Hatterene|61\/100|[from] item: Leftovers\n|upkeep\n|turn|15\n|c|\u2606Amxri\u30c3|26 spe\n|\n|t:|1699128455\n|move|p2a: Hatterene|Draining Kiss|p1a: Power Ranger\n|-damage|p1a: Power Ranger|8\/100 par\n|-heal|p2a: Hatterene|98\/100|[from] drain|[of] p1a: Power Ranger\n|move|p1a: Power Ranger|Psyshock|p2a: Hatterene\n|-resisted|p2a: Hatterene\n|-damage|p2a: Hatterene|55\/100\n|\n|-heal|p2a: Hatterene|61\/100|[from] item: Leftovers\n|upkeep\n|turn|16\n|\n|t:|1699128466\n|move|p2a: Hatterene|Draining Kiss|p1a: Power Ranger\n|-damage|p1a: Power Ranger|0 fnt\n|-heal|p2a: Hatterene|68\/100|[from] drain|[of] p1a: Power Ranger\n|faint|p1a: Power Ranger\n|\n|-heal|p2a: Hatterene|74\/100|[from] item: Leftovers\n|upkeep\n|\n|t:|1699128470\n|switch|p1a: Ock|Slowking-Galar, F|100\/100\n|turn|17\n|\n|t:|1699128484\n|move|p1a: Ock|Fire Blast|p2a: Hatterene\n|-supereffective|p2a: Hatterene\n|-damage|p2a: Hatterene|22\/100\n|move|p2a: Hatterene|Calm Mind|p2a: Hatterene\n|-boost|p2a: Hatterene|spa|1\n|-boost|p2a: Hatterene|spd|1\n|\n|-heal|p2a: Hatterene|28\/100|[from] item: Leftovers\n|upkeep\n|turn|18\n|inactive|aguinaldo124 has 120 seconds left.\n|\n|t:|1699128516\n|move|p1a: Ock|Fire Blast|p2a: Hatterene\n|-supereffective|p2a: Hatterene\n|-damage|p2a: Hatterene|0 fnt\n|faint|p2a: Hatterene\n|\n|upkeep\n|inactive|aguinaldo124 has 120 seconds left.\n|\n|t:|1699128521\n|switch|p2a: Volcarona|Volcarona, F|100\/100\n|turn|19\n|\n|t:|1699128529\n|move|p2a: Volcarona|Quiver Dance|p2a: Volcarona\n|-boost|p2a: Volcarona|spa|1\n|-boost|p2a: Volcarona|spd|1\n|-boost|p2a: Volcarona|spe|1\n|move|p1a: Ock|Sludge Wave|p2a: Volcarona\n|-damage|p2a: Volcarona|67\/100\n|\n|upkeep\n|turn|20\n|\n|t:|1699128539\n|move|p2a: Volcarona|Fiery Dance|p1a: Ock\n|-damage|p1a: Ock|44\/100\n|-boost|p2a: Volcarona|spa|1\n|move|p1a: Ock|Eerie Spell|p2a: Volcarona\n|-damage|p2a: Volcarona|39\/100\n|-activate|p2a: Volcarona|move: Eerie Spell|Fiery Dance|3\n|\n|-heal|p1a: Ock|50\/100|[from] item: Leftovers\n|upkeep\n|turn|21\n|c|\u2606aguinaldo124|Ggh\n|\n|t:|1699128551\n|move|p2a: Volcarona|Fiery Dance|p1a: Ock\n|-damage|p1a: Ock|0 fnt\n|-boost|p2a: Volcarona|spa|1\n|faint|p1a: Ock\n|\n|win|aguinaldo124\n|raw|Amxri\u30c3's rating: 1212 &rarr; <strong>1180<\/strong><br \/>(-32 for losing)\n|raw|aguinaldo124's rating: 1119 &rarr; <strong>1151<\/strong><br \/>(+32 for winning)\n|c|\u2606Amxri\u30c3|gg\n|c|\u2606aguinaldo124|Wp\n|c|\u2606Amxri\u30c3|wp\n","uploadtime":1699128561,"views":8,"p1id":"amxri","p2id":"aguinaldo124","formatid":"gen9nationaldexubers","rating":1151,"private":0,"password":""}