{"id":"gen9nationaldexubers-1987122537","p1":"hsnrvrvdsj","p2":"dholphin supreme","format":"[Gen 9] National Dex Ubers","log":"|j|\u2606hsnrvrvdsj\n|j|\u2606dholphin supreme\n|t:|1699557902\n|gametype|singles\n|player|p1|hsnrvrvdsj|dawn|1047\n|player|p2|dholphin supreme|veteran|1216\n|teamsize|p1|6\n|teamsize|p2|6\n|gen|9\n|tier|[Gen 9] National Dex Ubers\n|rated|\n|rule|HP Percentage Mod: HP is shown in percentages\n|rule|Endless Battle Clause: Forcing endless battles is banned\n|rule|OHKO Clause: OHKO moves are banned\n|rule|Evasion Moves Clause: Evasion moves are banned\n|rule|Evasion Items Clause: Evasion items are banned\n|rule|Species Clause: Limit one of each Pok\u00e9mon\n|rule|Sleep Clause Mod: Limit one foe put to sleep\n|rule|Mega Rayquaza Clause: You cannot mega evolve Rayquaza\n|clearpoke\n|poke|p1|Mismagius, F|\n|poke|p1|Primarina, M|\n|poke|p1|Diggersby, M|\n|poke|p1|Turtonator, M|\n|poke|p1|Golisopod, F|\n|poke|p1|Zebstrika, M|\n|poke|p2|Arceus-Ice|\n|poke|p2|Yveltal|\n|poke|p2|Darmanitan-Galar, M|\n|poke|p2|Nihilego|\n|poke|p2|Iron Bundle|\n|poke|p2|Rayquaza|\n|teampreview\n|inactive|Battle timer is ON: inactive players will automatically lose when time's up. (requested by dholphin supreme)\n|\n|t:|1699557913\n|start\n|switch|p1a: Mismagius|Mismagius, F|100\/100\n|switch|p2a: Rayquaza|Rayquaza, shiny|100\/100\n|-ability|p2a: Rayquaza|Air Lock\n|turn|1\n|\n|t:|1699557915\n|move|p1a: Mismagius|Will-O-Wisp|p2a: Rayquaza\n|-status|p2a: Rayquaza|brn\n|move|p2a: Rayquaza|Swords Dance|p2a: Rayquaza\n|-boost|p2a: Rayquaza|atk|2\n|\n|-damage|p2a: Rayquaza|95\/100 brn|[from] brn\n|upkeep\n|turn|2\n|\n|t:|1699557922\n|move|p1a: Mismagius|Hex|p2a: Rayquaza\n|-damage|p2a: Rayquaza|33\/100 brn\n|move|p2a: Rayquaza|Outrage|p1a: Mismagius\n|-damage|p1a: Mismagius|0 fnt\n|faint|p1a: Mismagius\n|-damage|p2a: Rayquaza|23\/100 brn|[from] item: Life Orb\n|\n|-damage|p2a: Rayquaza|17\/100 brn|[from] brn\n|upkeep\n|\n|t:|1699557930\n|switch|p1a: Primarina|Primarina, M|100\/100\n|turn|3\n|\n|t:|1699557934\n|move|p2a: Rayquaza|Outrage|p1a: Primarina|[from]lockedmove\n|-immune|p1a: Primarina\n|-start|p2a: Rayquaza|confusion|[fatigue]\n|move|p1a: Primarina|Calm Mind|p1a: Primarina\n|-boost|p1a: Primarina|spa|1\n|-boost|p1a: Primarina|spd|1\n|\n|-damage|p2a: Rayquaza|11\/100 brn|[from] brn\n|upkeep\n|turn|4\n|\n|t:|1699557939\n|-activate|p2a: Rayquaza|confusion\n|move|p2a: Rayquaza|Extreme Speed|p1a: Primarina\n|-damage|p1a: Primarina|70\/100\n|-damage|p2a: Rayquaza|1\/100 brn|[from] item: Life Orb\n|move|p1a: Primarina|Draining Kiss|p2a: Rayquaza\n|-supereffective|p2a: Rayquaza\n|-damage|p2a: Rayquaza|0 fnt\n|-heal|p1a: Primarina|70\/100|[from] drain|[of] p2a: Rayquaza\n|faint|p2a: Rayquaza\n|\n|-heal|p1a: Primarina|76\/100|[from] item: Leftovers\n|upkeep\n|\n|t:|1699557947\n|switch|p2a: Nihilego|Nihilego, shiny|100\/100\n|turn|5\n|\n|t:|1699557956\n|move|p2a: Nihilego|Sludge Wave|p1a: Primarina\n|-supereffective|p1a: Primarina\n|-damage|p1a: Primarina|19\/100\n|move|p1a: Primarina|Surf|p2a: Nihilego\n|-supereffective|p2a: Nihilego\n|-damage|p2a: Nihilego|0 fnt\n|faint|p2a: Nihilego\n|\n|-heal|p1a: Primarina|25\/100|[from] item: Leftovers\n|upkeep\n|\n|t:|1699557961\n|switch|p2a: Yveltal|Yveltal|100\/100\n|-ability|p2a: Yveltal|Dark Aura\n|turn|6\n|\n|t:|1699557964\n|move|p2a: Yveltal|Oblivion Wing|p1a: Primarina\n|-damage|p1a: Primarina|3\/100\n|move|p1a: Primarina|Draining Kiss|p2a: Yveltal\n|-supereffective|p2a: Yveltal\n|-damage|p2a: Yveltal|47\/100\n|-heal|p1a: Primarina|46\/100|[from] drain|[of] p2a: Yveltal\n|\n|-heal|p1a: Primarina|52\/100|[from] item: Leftovers\n|upkeep\n|turn|7\n|\n|t:|1699557973\n|-zpower|p2a: Yveltal\n|move|p2a: Yveltal|Supersonic Skystrike|p1a: Primarina|[zeffect]\n|-damage|p1a: Primarina|8\/100\n|move|p1a: Primarina|Draining Kiss|p2a: Yveltal\n|-supereffective|p2a: Yveltal\n|-damage|p2a: Yveltal|0 fnt\n|-heal|p1a: Primarina|45\/100|[from] drain|[of] p2a: Yveltal\n|faint|p2a: Yveltal\n|\n|-heal|p1a: Primarina|51\/100|[from] item: Leftovers\n|upkeep\n|\n|t:|1699557984\n|switch|p2a: Iron Bundle|Iron Bundle|100\/100\n|turn|8\n|\n|t:|1699557987\n|move|p2a: Iron Bundle|Freeze-Dry|p1a: Primarina\n|-supereffective|p1a: Primarina\n|-damage|p1a: Primarina|0 fnt\n|faint|p1a: Primarina\n|\n|upkeep\n|\n|t:|1699557997\n|switch|p1a: Turtonator|Turtonator, M|100\/100\n|turn|9\n|\n|t:|1699558003\n|move|p2a: Iron Bundle|Freeze-Dry|p1a: Turtonator\n|-damage|p1a: Turtonator|61\/100\n|-status|p1a: Turtonator|frz\n|cant|p1a: Turtonator|frz\n|\n|upkeep\n|turn|10\n|\n|t:|1699558009\n|move|p2a: Iron Bundle|Freeze-Dry|p1a: Turtonator\n|-damage|p1a: Turtonator|16\/100 frz\n|-curestatus|p1a: Turtonator|frz|[msg]\n|move|p1a: Turtonator|Draco Meteor|p2a: Iron Bundle\n|-damage|p2a: Iron Bundle|0 fnt\n|-unboost|p1a: Turtonator|spa|2\n|faint|p2a: Iron Bundle\n|-end|p2a: Iron Bundle|Quark Drive|[silent]\n|\n|upkeep\n|\n|t:|1699558016\n|switch|p2a: Darmanitan|Darmanitan-Galar, M|100\/100\n|turn|11\n|\n|t:|1699558018\n|move|p2a: Darmanitan|Icicle Crash|p1a: Turtonator\n|-damage|p1a: Turtonator|0 fnt\n|faint|p1a: Turtonator\n|\n|upkeep\n|inactive|hsnrvrvdsj has 120 seconds left.\n|inactive|hsnrvrvdsj has 90 seconds left.\n|inactive|hsnrvrvdsj has 60 seconds left.\n|\n|t:|1699558127\n|switch|p1a: Golisopod|Golisopod, F|100\/100\n|turn|12\n|\n|t:|1699558136\n|move|p2a: Darmanitan|Icicle Crash|p1a: Golisopod\n|-resisted|p1a: Golisopod\n|-damage|p1a: Golisopod|73\/100\n|cant|p1a: Golisopod|flinch\n|\n|upkeep\n|turn|13\n|inactive|hsnrvrvdsj has 60 seconds left.\n|\n|t:|1699558157\n|switch|p1a: Zebstrika|Zebstrika, M|100\/100\n|move|p2a: Darmanitan|Icicle Crash|p1a: Zebstrika\n|-damage|p1a: Zebstrika|0 fnt\n|faint|p1a: Zebstrika\n|\n|upkeep\n|\n|t:|1699558164\n|switch|p1a: Golisopod|Golisopod, F|73\/100\n|turn|14\n|\n|t:|1699558166\n|move|p1a: Golisopod|First Impression|p2a: Darmanitan\n|-damage|p2a: Darmanitan|26\/100\n|move|p2a: Darmanitan|Icicle Crash|p1a: Golisopod\n|-resisted|p1a: Golisopod\n|-damage|p1a: Golisopod|46\/100\n|-activate|p1a: Golisopod|ability: Emergency Exit\n|\n|t:|1699558172\n|switch|p1a: Diggersby|Diggersby, M|100\/100\n|\n|upkeep\n|turn|15\n|\n|t:|1699558176\n|switch|p1a: Golisopod|Golisopod, F|46\/100\n|move|p2a: Darmanitan|Icicle Crash|p1a: Golisopod\n|-resisted|p1a: Golisopod\n|-damage|p1a: Golisopod|21\/100\n|\n|upkeep\n|turn|16\n|\n|t:|1699558181\n|move|p1a: Golisopod|First Impression|p2a: Darmanitan\n|-crit|p2a: Darmanitan\n|-damage|p2a: Darmanitan|0 fnt\n|faint|p2a: Darmanitan\n|\n|upkeep\n|\n|t:|1699558183\n|switch|p2a: Arceus|Arceus-Ice|100\/100\n|turn|17\n|\n|t:|1699558186\n|move|p2a: Arceus|Calm Mind|p2a: Arceus\n|-boost|p2a: Arceus|spa|1\n|-boost|p2a: Arceus|spd|1\n|move|p1a: Golisopod|Close Combat|p2a: Arceus\n|-supereffective|p2a: Arceus\n|-damage|p2a: Arceus|31\/100\n|-unboost|p1a: Golisopod|def|1\n|-unboost|p1a: Golisopod|spd|1\n|\n|upkeep\n|turn|18\n|\n|t:|1699558191\n|move|p1a: Golisopod|Aqua Jet|p2a: Arceus\n|-damage|p2a: Arceus|15\/100\n|move|p2a: Arceus|Air Slash|p1a: Golisopod\n|-supereffective|p1a: Golisopod\n|-damage|p1a: Golisopod|0 fnt\n|faint|p1a: Golisopod\n|\n|upkeep\n|\n|t:|1699558196\n|switch|p1a: Diggersby|Diggersby, M|100\/100\n|turn|19\n|\n|t:|1699558200\n|move|p1a: Diggersby|Endure|p1a: Diggersby\n|-singleturn|p1a: Diggersby|move: Endure\n|move|p2a: Arceus|Judgment|p1a: Diggersby\n|-supereffective|p1a: Diggersby\n|-crit|p1a: Diggersby\n|-activate|p1a: Diggersby|move: Endure\n|-damage|p1a: Diggersby|1\/100\n|-enditem|p1a: Diggersby|Salac Berry|[eat]\n|-boost|p1a: Diggersby|spe|1|[from] item: Salac Berry\n|\n|upkeep\n|turn|20\n|\n|t:|1699558209\n|move|p1a: Diggersby|Fire Punch|p2a: Arceus\n|-supereffective|p2a: Arceus\n|-damage|p2a: Arceus|0 fnt\n|faint|p2a: Arceus\n|\n|win|hsnrvrvdsj\n|raw|hsnrvrvdsj's rating: 1047 &rarr; <strong>1095<\/strong><br \/>(+48 for winning)\n|raw|dholphin supreme's rating: 1216 &rarr; <strong>1180<\/strong><br \/>(-36 for losing)\n|l|\u2606dholphin supreme\n","uploadtime":1699558220,"views":14,"p1id":"hsnrvrvdsj","p2id":"dholphinsupreme","formatid":"gen9nationaldexubers","rating":1095,"private":0,"password":""}