{"id":"gen9nationaldexubers-1988610753","p1":"XJohnson","p2":"Bruh338927","format":"[Gen 9] National Dex Ubers","log":"|j|\u2606XJohnson\n|j|\u2606Bruh338927\n|t:|1699741732\n|gametype|singles\n|player|p1|XJohnson|zinnia|1266\n|player|p2|Bruh338927|chuck|1218\n|teamsize|p1|6\n|teamsize|p2|6\n|gen|9\n|tier|[Gen 9] National Dex Ubers\n|rated|\n|rule|HP Percentage Mod: HP is shown in percentages\n|rule|Endless Battle Clause: Forcing endless battles is banned\n|rule|OHKO Clause: OHKO moves are banned\n|rule|Evasion Moves Clause: Evasion moves are banned\n|rule|Evasion Items Clause: Evasion items are banned\n|rule|Species Clause: Limit one of each Pok\u00e9mon\n|rule|Sleep Clause Mod: Limit one foe put to sleep\n|rule|Mega Rayquaza Clause: You cannot mega evolve Rayquaza\n|clearpoke\n|poke|p1|Baxcalibur, F|\n|poke|p1|Ninetales-Alola, F|\n|poke|p1|Tyranitar, M|\n|poke|p1|Kommo-o, M|\n|poke|p1|Stakataka|\n|poke|p1|Ting-Lu|\n|poke|p2|Landorus, M|\n|poke|p2|Grimmsnarl, M|\n|poke|p2|Annihilape, F|\n|poke|p2|Quagsire, F|\n|poke|p2|Arceus-Fire|\n|poke|p2|Pheromosa|\n|teampreview\n|inactive|Battle timer is ON: inactive players will automatically lose when time's up. (requested by Bruh338927)\n|\n|t:|1699741747\n|start\n|switch|p1a: Ninetales|Ninetales-Alola, F|100\/100\n|switch|p2a: Grimmsnarl|Grimmsnarl, M|100\/100\n|-weather|Snow|[from] ability: Snow Warning|[of] p1a: Ninetales\n|turn|1\n|\n|t:|1699741760\n|move|p2a: Grimmsnarl|Taunt|p1a: Ninetales\n|-start|p1a: Ninetales|move: Taunt\n|cant|p1a: Ninetales|move: Taunt|Encore\n|\n|-weather|Snow|[upkeep]\n|upkeep\n|turn|2\n|\n|t:|1699741769\n|move|p2a: Grimmsnarl|Parting Shot|p1a: Ninetales\n|-unboost|p1a: Ninetales|atk|1\n|-unboost|p1a: Ninetales|spa|1\n|\n|t:|1699741773\n|switch|p2a: Arceus|Arceus-Fire|100\/100|[from] Parting Shot\n|move|p1a: Ninetales|Moonblast|p2a: Arceus\n|-resisted|p2a: Arceus\n|-damage|p2a: Arceus|94\/100\n|\n|-weather|Snow|[upkeep]\n|upkeep\n|turn|3\n|\n|t:|1699741781\n|switch|p1a: Ting-Lu|Ting-Lu|100\/100\n|-ability|p1a: Ting-Lu|Vessel of Ruin\n|move|p2a: Arceus|Judgment|p1a: Ting-Lu\n|-damage|p1a: Ting-Lu|74\/100\n|\n|-weather|Snow|[upkeep]\n|-heal|p1a: Ting-Lu|80\/100|[from] item: Leftovers\n|upkeep\n|turn|4\n|\n|t:|1699741790\n|move|p2a: Arceus|Calm Mind|p2a: Arceus\n|-boost|p2a: Arceus|spa|1\n|-boost|p2a: Arceus|spd|1\n|move|p1a: Ting-Lu|Stealth Rock|p2a: Arceus\n|-sidestart|p2: Bruh338927|move: Stealth Rock\n|\n|-weather|Snow|[upkeep]\n|-heal|p1a: Ting-Lu|86\/100|[from] item: Leftovers\n|upkeep\n|turn|5\n|\n|t:|1699741799\n|move|p2a: Arceus|Energy Ball|p1a: Ting-Lu\n|-supereffective|p1a: Ting-Lu\n|-damage|p1a: Ting-Lu|40\/100\n|move|p1a: Ting-Lu|Earthquake|p2a: Arceus\n|-supereffective|p2a: Arceus\n|-damage|p2a: Arceus|45\/100\n|\n|-weather|none\n|-heal|p1a: Ting-Lu|46\/100|[from] item: Leftovers\n|upkeep\n|turn|6\n|\n|t:|1699741809\n|switch|p1a: Tyranitar|Tyranitar, M|100\/100\n|-weather|Sandstorm|[from] ability: Sand Stream|[of] p1a: Tyranitar\n|move|p2a: Arceus|Energy Ball|p1a: Tyranitar\n|-supereffective|p1a: Tyranitar\n|-damage|p1a: Tyranitar|62\/100\n|\n|-weather|Sandstorm|[upkeep]\n|-damage|p2a: Arceus|39\/100|[from] Sandstorm\n|upkeep\n|turn|7\n|\n|t:|1699741825\n|switch|p2a: Landorus|Landorus, M|100\/100\n|-damage|p2a: Landorus|88\/100|[from] Stealth Rock\n|detailschange|p1a: Tyranitar|Tyranitar-Mega, M\n|-mega|p1a: Tyranitar|Tyranitar|Tyranitarite\n|move|p1a: Tyranitar|Dragon Dance|p1a: Tyranitar\n|-boost|p1a: Tyranitar|atk|1\n|-boost|p1a: Tyranitar|spe|1\n|\n|-weather|Sandstorm|[upkeep]\n|upkeep\n|turn|8\n|\n|t:|1699741835\n|move|p1a: Tyranitar|Stone Edge|p2a: Landorus|[miss]\n|-miss|p1a: Tyranitar|p2a: Landorus\n|move|p2a: Landorus|Sandsear Storm|p1a: Tyranitar|[miss]\n|-miss|p2a: Landorus|p1a: Tyranitar\n|\n|-weather|Sandstorm|[upkeep]\n|upkeep\n|turn|9\n|c|\u2606XJohnson|Wow\n|c|\u2606XJohnson|cool team btw m8\n|\n|t:|1699741848\n|switch|p2a: Quagsire|Quagsire, F|100\/100\n|-damage|p2a: Quagsire|94\/100|[from] Stealth Rock\n|move|p1a: Tyranitar|Stone Edge|p2a: Quagsire|[miss]\n|-miss|p1a: Tyranitar|p2a: Quagsire\n|\n|-weather|Sandstorm|[upkeep]\n|-heal|p2a: Quagsire|100\/100|[from] item: Leftovers\n|upkeep\n|turn|10\n|\n|t:|1699741858\n|switch|p1a: Stakataka|Stakataka|100\/100\n|move|p2a: Quagsire|Earthquake|p1a: Stakataka\n|-supereffective|p1a: Stakataka\n|-damage|p1a: Stakataka|29\/100\n|\n|-weather|none\n|upkeep\n|turn|11\n|\n|t:|1699741866\n|switch|p1a: Ninetales|Ninetales-Alola, F|100\/100\n|-weather|Snow|[from] ability: Snow Warning|[of] p1a: Ninetales\n|move|p2a: Quagsire|Earthquake|p1a: Ninetales\n|-damage|p1a: Ninetales|74\/100\n|\n|-weather|Snow|[upkeep]\n|upkeep\n|turn|12\n|\n|t:|1699741871\n|move|p1a: Ninetales|Freeze-Dry|p2a: Quagsire\n|-supereffective|p2a: Quagsire\n|-damage|p2a: Quagsire|0 fnt\n|faint|p2a: Quagsire\n|\n|-weather|Snow|[upkeep]\n|upkeep\n|\n|t:|1699741874\n|switch|p2a: Grimmsnarl|Grimmsnarl, M|100\/100\n|-damage|p2a: Grimmsnarl|88\/100|[from] Stealth Rock\n|turn|13\n|\n|t:|1699741878\n|move|p2a: Grimmsnarl|Taunt|p1a: Ninetales\n|-start|p1a: Ninetales|move: Taunt\n|cant|p1a: Ninetales|move: Taunt|Encore\n|\n|-weather|Snow|[upkeep]\n|upkeep\n|turn|14\n|\n|t:|1699741890\n|switch|p1a: Ting-Lu|Ting-Lu|46\/100\n|-ability|p1a: Ting-Lu|Vessel of Ruin\n|move|p2a: Grimmsnarl|Parting Shot|p1a: Ting-Lu\n|-hint|Since gen 7, Dark is immune to Prankster moves.\n|-immune|p1a: Ting-Lu\n|\n|-weather|Snow|[upkeep]\n|-heal|p1a: Ting-Lu|52\/100|[from] item: Leftovers\n|upkeep\n|turn|15\n|\n|t:|1699741900\n|switch|p1a: Ninetales|Ninetales-Alola, F|74\/100\n|move|p2a: Grimmsnarl|Draining Kiss|p1a: Ninetales\n|-damage|p1a: Ninetales|58\/100\n|-heal|p2a: Grimmsnarl|98\/100|[from] drain|[of] p1a: Ninetales\n|\n|-weather|none\n|upkeep\n|turn|16\n|\n|t:|1699741909\n|move|p2a: Grimmsnarl|Parting Shot|p1a: Ninetales\n|-unboost|p1a: Ninetales|atk|1\n|-unboost|p1a: Ninetales|spa|1\n|\n|t:|1699741917\n|switch|p2a: Arceus|Arceus-Fire|39\/100|[from] Parting Shot\n|-damage|p2a: Arceus|14\/100|[from] Stealth Rock\n|move|p1a: Ninetales|Moonblast|p2a: Arceus\n|-resisted|p2a: Arceus\n|-damage|p2a: Arceus|8\/100\n|-unboost|p2a: Arceus|spa|1\n|\n|upkeep\n|turn|17\n|\n|t:|1699741927\n|move|p2a: Arceus|Recover|p2a: Arceus\n|-heal|p2a: Arceus|58\/100\n|move|p1a: Ninetales|Encore|p2a: Arceus\n|-start|p2a: Arceus|Encore\n|\n|upkeep\n|turn|18\n|\n|t:|1699741948\n|switch|p2a: Grimmsnarl|Grimmsnarl, M|98\/100\n|-damage|p2a: Grimmsnarl|86\/100|[from] Stealth Rock\n|move|p1a: Ninetales|Moonblast|p2a: Grimmsnarl\n|-supereffective|p2a: Grimmsnarl\n|-damage|p2a: Grimmsnarl|57\/100\n|\n|upkeep\n|turn|19\n|inactive|Bruh338927 has 120 seconds left.\n|\n|t:|1699741968\n|switch|p1a: Ting-Lu|Ting-Lu|52\/100\n|-ability|p1a: Ting-Lu|Vessel of Ruin\n|move|p2a: Grimmsnarl|Taunt|p1a: Ting-Lu\n|-hint|Since gen 7, Dark is immune to Prankster moves.\n|-immune|p1a: Ting-Lu\n|\n|-heal|p1a: Ting-Lu|58\/100|[from] item: Leftovers\n|upkeep\n|turn|20\n|\n|t:|1699741978\n|switch|p2a: Landorus|Landorus, M|88\/100\n|-damage|p2a: Landorus|76\/100|[from] Stealth Rock\n|move|p1a: Ting-Lu|Spikes|p2a: Landorus\n|-sidestart|p2: Bruh338927|Spikes\n|\n|-heal|p1a: Ting-Lu|65\/100|[from] item: Leftovers\n|upkeep\n|turn|21\n|inactive|Bruh338927 has 120 seconds left.\n|\n|t:|1699742006\n|switch|p1a: Stakataka|Stakataka|29\/100\n|move|p2a: Landorus|Sandsear Storm|p1a: Stakataka\n|-supereffective|p1a: Stakataka\n|-damage|p1a: Stakataka|0 fnt\n|faint|p1a: Stakataka\n|\n|upkeep\n|\n|t:|1699742013\n|switch|p1a: Ninetales|Ninetales-Alola, F|58\/100\n|-weather|Snow|[from] ability: Snow Warning|[of] p1a: Ninetales\n|turn|22\n|inactive|Bruh338927 has 120 seconds left.\n|\n|t:|1699742022\n|switch|p2a: Pheromosa|Pheromosa|100\/100\n|move|p1a: Ninetales|Aurora Veil|p1a: Ninetales\n|-sidestart|p1: XJohnson|move: Aurora Veil\n|\n|-weather|Snow|[upkeep]\n|upkeep\n|turn|23\n|\n|t:|1699742029\n|move|p2a: Pheromosa|Rapid Spin|p1a: Ninetales\n|-crit|p1a: Ninetales\n|-damage|p1a: Ninetales|32\/100\n|-boost|p2a: Pheromosa|spe|1\n|-sideend|p2: Bruh338927|Spikes|[from] move: Rapid Spin|[of] p2a: Pheromosa\n|-sideend|p2: Bruh338927|Stealth Rock|[from] move: Rapid Spin|[of] p2a: Pheromosa\n|move|p1a: Ninetales|Moonblast|p2a: Pheromosa\n|-supereffective|p2a: Pheromosa\n|-damage|p2a: Pheromosa|0 fnt\n|faint|p2a: Pheromosa\n|\n|-weather|Snow|[upkeep]\n|upkeep\n|inactive|Bruh338927 has 120 seconds left.\n|\n|t:|1699742045\n|switch|p2a: Annihilape|Annihilape, F|100\/100\n|turn|24\n|\n|t:|1699742055\n|switch|p1a: Kommo-o|Kommo-o, M|100\/100\n|-terastallize|p2a: Annihilape|Fairy\n|move|p2a: Annihilape|Bulk Up|p2a: Annihilape\n|-boost|p2a: Annihilape|atk|1\n|-boost|p2a: Annihilape|def|1\n|\n|-weather|Snow|[upkeep]\n|upkeep\n|turn|25\n|\n|t:|1699742069\n|move|p1a: Kommo-o|Flash Cannon|p2a: Annihilape\n|-supereffective|p2a: Annihilape\n|-damage|p2a: Annihilape|60\/100\n|move|p2a: Annihilape|Taunt|p1a: Kommo-o\n|-start|p1a: Kommo-o|move: Taunt\n|\n|-weather|Snow|[upkeep]\n|-heal|p2a: Annihilape|67\/100|[from] item: Leftovers\n|upkeep\n|turn|26\n|\n|t:|1699742080\n|move|p1a: Kommo-o|Flash Cannon|p2a: Annihilape\n|-supereffective|p2a: Annihilape\n|-damage|p2a: Annihilape|28\/100\n|move|p2a: Annihilape|Drain Punch|p1a: Kommo-o\n|-damage|p1a: Kommo-o|72\/100\n|-heal|p2a: Annihilape|38\/100|[from] drain|[of] p1a: Kommo-o\n|\n|-weather|none\n|-heal|p2a: Annihilape|44\/100|[from] item: Leftovers\n|upkeep\n|turn|27\n|\n|t:|1699742091\n|move|p1a: Kommo-o|Flash Cannon|p2a: Annihilape\n|-supereffective|p2a: Annihilape\n|-damage|p2a: Annihilape|2\/100\n|move|p2a: Annihilape|Rage Fist|p1a: Kommo-o\n|-damage|p1a: Kommo-o|0 fnt\n|faint|p1a: Kommo-o\n|\n|-heal|p2a: Annihilape|8\/100|[from] item: Leftovers\n|upkeep\n|\n|t:|1699742099\n|switch|p1a: Ninetales|Ninetales-Alola, F|32\/100\n|-weather|Snow|[from] ability: Snow Warning|[of] p1a: Ninetales\n|turn|28\n|\n|t:|1699742112\n|move|p1a: Ninetales|Moonblast|p2a: Annihilape\n|-crit|p2a: Annihilape\n|-damage|p2a: Annihilape|0 fnt\n|faint|p2a: Annihilape\n|\n|-weather|Snow|[upkeep]\n|upkeep\n|\n|t:|1699742117\n|switch|p2a: Arceus|Arceus-Fire|58\/100\n|turn|29\n|\n|t:|1699742120\n|switch|p1a: Ting-Lu|Ting-Lu|65\/100\n|-ability|p1a: Ting-Lu|Vessel of Ruin\n|move|p2a: Arceus|Recover|p2a: Arceus\n|-heal|p2a: Arceus|100\/100\n|\n|-weather|Snow|[upkeep]\n|-heal|p1a: Ting-Lu|71\/100|[from] item: Leftovers\n|-sideend|p1: XJohnson|move: Aurora Veil\n|upkeep\n|turn|30\n|\n|t:|1699742135\n|move|p2a: Arceus|Energy Ball|p1a: Ting-Lu\n|-supereffective|p1a: Ting-Lu\n|-damage|p1a: Ting-Lu|39\/100\n|move|p1a: Ting-Lu|Earthquake|p2a: Arceus\n|-supereffective|p2a: Arceus\n|-damage|p2a: Arceus|51\/100\n|\n|-weather|Snow|[upkeep]\n|-heal|p1a: Ting-Lu|46\/100|[from] item: Leftovers\n|upkeep\n|turn|31\n|\n|t:|1699742143\n|switch|p2a: Landorus|Landorus, M|76\/100\n|move|p1a: Ting-Lu|Earthquake|p2a: Landorus\n|-immune|p2a: Landorus\n|\n|-weather|Snow|[upkeep]\n|-heal|p1a: Ting-Lu|52\/100|[from] item: Leftovers\n|upkeep\n|turn|32\n|\n|t:|1699742152\n|switch|p1a: Tyranitar|Tyranitar-Mega, M|62\/100\n|-weather|Sandstorm|[from] ability: Sand Stream|[of] p1a: Tyranitar\n|move|p2a: Landorus|Sandsear Storm|p1a: Tyranitar\n|-supereffective|p1a: Tyranitar\n|-damage|p1a: Tyranitar|7\/100\n|\n|-weather|Sandstorm|[upkeep]\n|upkeep\n|turn|33\n|\n|t:|1699742166\n|move|p2a: Landorus|Sludge Wave|p1a: Tyranitar\n|-resisted|p1a: Tyranitar\n|-damage|p1a: Tyranitar|0 fnt\n|faint|p1a: Tyranitar\n|\n|-weather|Sandstorm|[upkeep]\n|upkeep\n|\n|t:|1699742169\n|switch|p1a: Ninetales|Ninetales-Alola, F|32\/100\n|-weather|Snow|[from] ability: Snow Warning|[of] p1a: Ninetales\n|turn|34\n|\n|t:|1699742175\n|switch|p2a: Arceus|Arceus-Fire|51\/100\n|move|p1a: Ninetales|Freeze-Dry|p2a: Arceus\n|-resisted|p2a: Arceus\n|-damage|p2a: Arceus|45\/100\n|\n|-weather|Snow|[upkeep]\n|upkeep\n|turn|35\n|\n|t:|1699742188\n|move|p2a: Arceus|Recover|p2a: Arceus\n|-heal|p2a: Arceus|95\/100\n|move|p1a: Ninetales|Aurora Veil|p1a: Ninetales\n|-sidestart|p1: XJohnson|move: Aurora Veil\n|\n|-weather|Snow|[upkeep]\n|upkeep\n|turn|36\n|\n|t:|1699742193\n|move|p2a: Arceus|Calm Mind|p2a: Arceus\n|-boost|p2a: Arceus|spa|1\n|-boost|p2a: Arceus|spd|1\n|move|p1a: Ninetales|Encore|p2a: Arceus\n|-start|p2a: Arceus|Encore\n|\n|-weather|Snow|[upkeep]\n|upkeep\n|turn|37\n|\n|t:|1699742196\n|switch|p1a: Baxcalibur|Baxcalibur, F|100\/100\n|move|p2a: Arceus|Calm Mind|p2a: Arceus\n|-boost|p2a: Arceus|spa|1\n|-boost|p2a: Arceus|spd|1\n|\n|-weather|Snow|[upkeep]\n|upkeep\n|turn|38\n|\n|t:|1699742200\n|switch|p2a: Grimmsnarl|Grimmsnarl, M|57\/100\n|move|p1a: Baxcalibur|Dragon Dance|p1a: Baxcalibur\n|-boost|p1a: Baxcalibur|atk|1\n|-boost|p1a: Baxcalibur|spe|1\n|\n|-weather|none\n|upkeep\n|turn|39\n|\n|t:|1699742209\n|move|p2a: Grimmsnarl|Reflect|p2a: Grimmsnarl\n|-sidestart|p2: Bruh338927|Reflect\n|move|p1a: Baxcalibur|Substitute|p1a: Baxcalibur\n|-start|p1a: Baxcalibur|Substitute\n|-damage|p1a: Baxcalibur|76\/100\n|\n|upkeep\n|turn|40\n|\n|t:|1699742217\n|move|p1a: Baxcalibur|Icicle Crash|p2a: Grimmsnarl\n|-damage|p2a: Grimmsnarl|5\/100\n|move|p2a: Grimmsnarl|Draining Kiss|p1a: Baxcalibur\n|-supereffective|p1a: Baxcalibur\n|-activate|p1a: Baxcalibur|move: Substitute|[damage]\n|-heal|p2a: Grimmsnarl|16\/100|[from] drain|[of] p1a: Baxcalibur\n|\n|upkeep\n|turn|41\n|\n|t:|1699742224\n|move|p2a: Grimmsnarl|Taunt|p1a: Baxcalibur\n|-start|p1a: Baxcalibur|move: Taunt\n|cant|p1a: Baxcalibur|move: Taunt|Dragon Dance\n|\n|upkeep\n|turn|42\n|\n|t:|1699742231\n|move|p1a: Baxcalibur|Icicle Crash|p2a: Grimmsnarl\n|-crit|p2a: Grimmsnarl\n|-damage|p2a: Grimmsnarl|0 fnt\n|faint|p2a: Grimmsnarl\n|\n|-sideend|p1: XJohnson|move: Aurora Veil\n|upkeep\n|\n|t:|1699742239\n|switch|p2a: Landorus|Landorus, M|76\/100\n|turn|43\n|\n|t:|1699742265\n|move|p1a: Baxcalibur|Icicle Crash|p2a: Landorus\n|-supereffective|p2a: Landorus\n|-damage|p2a: Landorus|0 fnt\n|faint|p2a: Landorus\n|\n|-end|p1a: Baxcalibur|move: Taunt\n|upkeep\n|\n|t:|1699742273\n|switch|p2a: Arceus|Arceus-Fire|95\/100\n|turn|44\n|c|\u2606XJohnson|Vwp m8!\n|\n|t:|1699742278\n|move|p1a: Baxcalibur|Dragon Dance|p1a: Baxcalibur\n|-boost|p1a: Baxcalibur|atk|1\n|-boost|p1a: Baxcalibur|spe|1\n|move|p2a: Arceus|Calm Mind|p2a: Arceus\n|-boost|p2a: Arceus|spa|1\n|-boost|p2a: Arceus|spd|1\n|\n|upkeep\n|turn|45\n|\n|t:|1699742285\n|move|p1a: Baxcalibur|Dragon Dance|p1a: Baxcalibur\n|-boost|p1a: Baxcalibur|atk|1\n|-boost|p1a: Baxcalibur|spe|1\n|move|p2a: Arceus|Judgment|p1a: Baxcalibur\n|-crit|p1a: Baxcalibur\n|-end|p1a: Baxcalibur|Substitute\n|\n|upkeep\n|turn|46\n|\n|t:|1699742287\n|-terastallize|p1a: Baxcalibur|Dragon\n|move|p1a: Baxcalibur|Glaive Rush|p2a: Arceus\n|-damage|p2a: Arceus|14\/100\n|-singlemove|p1a: Baxcalibur|Glaive Rush|[silent]\n|move|p2a: Arceus|Judgment|p1a: Baxcalibur\n|-resisted|p1a: Baxcalibur\n|-damage|p1a: Baxcalibur|0 fnt\n|faint|p1a: Baxcalibur\n|\n|-sideend|p2: Bruh338927|Reflect\n|upkeep\n|\n|t:|1699742294\n|switch|p1a: Ninetales|Ninetales-Alola, F|32\/100\n|-weather|Snow|[from] ability: Snow Warning|[of] p1a: Ninetales\n|turn|47\n|\n|t:|1699742298\n|move|p2a: Arceus|Judgment|p1a: Ninetales\n|-supereffective|p1a: Ninetales\n|-damage|p1a: Ninetales|0 fnt\n|faint|p1a: Ninetales\n|\n|-weather|Snow|[upkeep]\n|upkeep\n|\n|t:|1699742300\n|switch|p1a: Ting-Lu|Ting-Lu|52\/100\n|-ability|p1a: Ting-Lu|Vessel of Ruin\n|turn|48\n|\n|t:|1699742306\n|move|p2a: Arceus|Recover|p2a: Arceus\n|-heal|p2a: Arceus|64\/100\n|move|p1a: Ting-Lu|Earthquake|p2a: Arceus\n|-supereffective|p2a: Arceus\n|-damage|p2a: Arceus|15\/100\n|\n|-weather|Snow|[upkeep]\n|-heal|p1a: Ting-Lu|58\/100|[from] item: Leftovers\n|upkeep\n|turn|49\n|\n|t:|1699742316\n|move|p2a: Arceus|Recover|p2a: Arceus\n|-heal|p2a: Arceus|65\/100\n|move|p1a: Ting-Lu|Earthquake|p2a: Arceus\n|-supereffective|p2a: Arceus\n|-damage|p2a: Arceus|13\/100\n|\n|-weather|Snow|[upkeep]\n|-heal|p1a: Ting-Lu|64\/100|[from] item: Leftovers\n|upkeep\n|turn|50\n|\n|t:|1699742321\n|move|p2a: Arceus|Energy Ball|p1a: Ting-Lu\n|-supereffective|p1a: Ting-Lu\n|-damage|p1a: Ting-Lu|23\/100\n|move|p1a: Ting-Lu|Earthquake|p2a: Arceus\n|-supereffective|p2a: Arceus\n|-damage|p2a: Arceus|0 fnt\n|faint|p2a: Arceus\n|\n|win|XJohnson\n|raw|XJohnson's rating: 1266 &rarr; <strong>1288<\/strong><br \/>(+22 for winning)\n|raw|Bruh338927's rating: 1218 &rarr; <strong>1196<\/strong><br \/>(-22 for losing)\n|l|\u2606Bruh338927\n","uploadtime":1699742437,"views":28,"p1id":"xjohnson","p2id":"bruh338927","formatid":"gen9nationaldexubers","rating":1196,"private":0,"password":""}