{"id":"gen9nationaldexubers-1993766752","p1":"85792195wwww","p2":"toto5201","format":"[Gen 9] National Dex Ubers","log":"|j|\u260685792195wwww\n|j|\u2606toto5201\n|t:|1700354781\n|gametype|singles\n|player|p1|85792195wwww|mira|1672\n|player|p2|toto5201|gambler|1523\n|teamsize|p1|6\n|teamsize|p2|6\n|gen|9\n|tier|[Gen 9] National Dex Ubers\n|rated|\n|rule|HP Percentage Mod: HP is shown in percentages\n|rule|Endless Battle Clause: Forcing endless battles is banned\n|rule|OHKO Clause: OHKO moves are banned\n|rule|Evasion Moves Clause: Evasion moves are banned\n|rule|Evasion Items Clause: Evasion items are banned\n|rule|Species Clause: Limit one of each Pok\u00e9mon\n|rule|Sleep Clause Mod: Limit one foe put to sleep\n|rule|Mega Rayquaza Clause: You cannot mega evolve Rayquaza\n|clearpoke\n|poke|p1|Arceus|\n|poke|p1|Marshadow|\n|poke|p1|Xerneas-*|\n|poke|p1|Mewtwo|\n|poke|p1|Krookodile, F|\n|poke|p1|Groudon|\n|poke|p2|Marshadow|\n|poke|p2|Xerneas-*|\n|poke|p2|Arceus-Ground|\n|poke|p2|Banette, M|\n|poke|p2|Kyurem-Black|\n|poke|p2|Urshifu-*, M|\n|teampreview\n|\n|t:|1700354806\n|start\n|switch|p1a: Marshadow|Marshadow|100\/100\n|switch|p2a: Kyurem|Kyurem-Black|100\/100\n|-ability|p2a: Kyurem|Teravolt\n|turn|1\n|\n|t:|1700354815\n|move|p1a: Marshadow|Rock Tomb|p2a: Kyurem\n|-supereffective|p2a: Kyurem\n|-damage|p2a: Kyurem|35\/100\n|-unboost|p2a: Kyurem|spe|1\n|-damage|p1a: Marshadow|91\/100|[from] item: Life Orb\n|move|p2a: Kyurem|Icicle Spear|p1a: Marshadow\n|-damage|p1a: Marshadow|71\/100\n|-damage|p1a: Marshadow|52\/100\n|-damage|p1a: Marshadow|33\/100\n|-damage|p1a: Marshadow|14\/100\n|-hitcount|p1a: Marshadow|4\n|\n|upkeep\n|turn|2\n|\n|t:|1700354830\n|switch|p2a: Arceus|Arceus-Ground|100\/100\n|move|p1a: Marshadow|Low Kick|p2a: Arceus\n|-damage|p2a: Arceus|48\/100\n|-damage|p1a: Marshadow|4\/100|[from] item: Life Orb\n|\n|upkeep\n|turn|3\n|\n|t:|1700354841\n|switch|p2a: Xerneas|Xerneas|100\/100\n|-ability|p2a: Xerneas|Fairy Aura\n|move|p1a: Marshadow|Low Kick|p2a: Xerneas\n|-resisted|p2a: Xerneas\n|-crit|p2a: Xerneas\n|-damage|p2a: Xerneas|46\/100\n|-damage|p1a: Marshadow|0 fnt|[from] item: Life Orb\n|faint|p1a: Marshadow\n|\n|upkeep\n|\n|t:|1700354852\n|switch|p1a: Krookodile|Krookodile, F|100\/100\n|-ability|p1a: Krookodile|Intimidate|boost\n|-unboost|p2a: Xerneas|atk|1\n|turn|4\n|\n|t:|1700354860\n|move|p2a: Xerneas|Moonblast|p1a: Krookodile\n|-supereffective|p1a: Krookodile\n|-enditem|p1a: Krookodile|Focus Sash\n|-damage|p1a: Krookodile|1\/100\n|-unboost|p1a: Krookodile|spa|1\n|move|p1a: Krookodile|Knock Off|p2a: Xerneas\n|-resisted|p2a: Xerneas\n|-damage|p2a: Xerneas|25\/100\n|-enditem|p2a: Xerneas|Power Herb|[from] move: Knock Off|[of] p1a: Krookodile\n|\n|upkeep\n|turn|5\n|\n|t:|1700354883\n|switch|p1a: Arceus|Arceus|100\/100\n|move|p2a: Xerneas|Moonblast|p1a: Arceus\n|-crit|p1a: Arceus\n|-damage|p1a: Arceus|22\/100\n|\n|upkeep\n|turn|6\n|\n|t:|1700354890\n|move|p1a: Arceus|Earthquake|p2a: Xerneas\n|-damage|p2a: Xerneas|0 fnt\n|faint|p2a: Xerneas\n|-damage|p1a: Arceus|12\/100|[from] item: Life Orb\n|\n|upkeep\n|\n|t:|1700354901\n|switch|p2a: Urshifu|Urshifu, M|100\/100\n|turn|7\n|\n|t:|1700354908\n|move|p1a: Arceus|Extreme Speed|p2a: Urshifu\n|-damage|p2a: Urshifu|42\/100\n|-damage|p1a: Arceus|2\/100|[from] item: Life Orb\n|move|p2a: Urshifu|Drain Punch|p1a: Arceus\n|-supereffective|p1a: Arceus\n|-damage|p1a: Arceus|0 fnt\n|-heal|p2a: Urshifu|43\/100|[from] drain|[of] p1a: Arceus\n|faint|p1a: Arceus\n|\n|upkeep\n|\n|t:|1700354922\n|switch|p1a: Mewtwo|Mewtwo|100\/100\n|-ability|p1a: Mewtwo|Pressure\n|turn|8\n|\n|t:|1700354928\n|switch|p2a: Kyurem|Kyurem-Black|35\/100\n|-ability|p2a: Kyurem|Teravolt\n|move|p1a: Mewtwo|Psystrike|p2a: Kyurem\n|-damage|p2a: Kyurem|0 fnt\n|faint|p2a: Kyurem\n|\n|upkeep\n|\n|t:|1700354945\n|switch|p2a: Urshifu|Urshifu, M|43\/100\n|turn|9\n|\n|t:|1700354949\n|switch|p1a: Xerneas|Xerneas|100\/100\n|-ability|p1a: Xerneas|Fairy Aura\n|move|p2a: Urshifu|Wicked Blow|p1a: Xerneas\n|-resisted|p1a: Xerneas\n|-crit|p1a: Xerneas\n|-damage|p1a: Xerneas|68\/100\n|\n|upkeep\n|turn|10\n|\n|t:|1700354958\n|switch|p2a: Banette|Banette, M|100\/100\n|-item|p1a: Xerneas|Power Herb|[from] ability: Frisk|[of] p2a: Banette|[identify]\n|move|p1a: Xerneas|Moonblast|p2a: Banette\n|-damage|p2a: Banette|0 fnt\n|faint|p2a: Banette\n|\n|upkeep\n|\n|t:|1700354974\n|switch|p2a: Urshifu|Urshifu, M|43\/100\n|turn|11\n|\n|t:|1700354978\n|move|p2a: Urshifu|Poison Jab|p1a: Xerneas\n|-supereffective|p1a: Xerneas\n|-damage|p1a: Xerneas|3\/100\n|move|p1a: Xerneas|Moonblast|p2a: Urshifu\n|-supereffective|p2a: Urshifu\n|-damage|p2a: Urshifu|0 fnt\n|faint|p2a: Urshifu\n|\n|upkeep\n|\n|t:|1700354984\n|switch|p2a: Marshadow|Marshadow|100\/100\n|turn|12\n|\n|t:|1700354990\n|move|p2a: Marshadow|Shadow Sneak|p1a: Xerneas\n|-damage|p1a: Xerneas|0 fnt\n|faint|p1a: Xerneas\n|\n|upkeep\n|\n|t:|1700354995\n|switch|p1a: Groudon|Groudon|100\/100\n|detailschange|p1a: Groudon|Groudon-Primal\n|-primal|p1a: Groudon|Red Orb\n|-weather|DesolateLand|[from] ability: Desolate Land|[of] p1a: Groudon\n|turn|13\n|\n|t:|1700355006\n|-terastallize|p2a: Marshadow|Fighting\n|move|p2a: Marshadow|Close Combat|p1a: Groudon\n|-damage|p1a: Groudon|52\/100\n|-unboost|p2a: Marshadow|def|1\n|-unboost|p2a: Marshadow|spd|1\n|move|p1a: Groudon|Heat Crash|p2a: Marshadow\n|-enditem|p2a: Marshadow|Focus Sash\n|-damage|p2a: Marshadow|1\/100\n|\n|-weather|DesolateLand|[upkeep]\n|upkeep\n|turn|14\n|\n|t:|1700355022\n|switch|p2a: Arceus|Arceus-Ground|48\/100\n|-weather|none\n|switch|p1a: Krookodile|Krookodile, F|1\/100\n|-ability|p1a: Krookodile|Intimidate|boost\n|-unboost|p2a: Arceus|atk|1\n|\n|upkeep\n|turn|15\n|\n|t:|1700355031\n|move|p1a: Krookodile|Bulldoze|p2a: Arceus\n|-damage|p2a: Arceus|30\/100\n|-unboost|p2a: Arceus|spe|1\n|move|p2a: Arceus|Stealth Rock|p1a: Krookodile\n|-sidestart|p1: 85792195wwww|move: Stealth Rock\n|\n|upkeep\n|turn|16\n|\n|t:|1700355038\n|move|p1a: Krookodile|Stealth Rock|p2a: Arceus\n|-sidestart|p2: toto5201|move: Stealth Rock\n|move|p2a: Arceus|Ice Beam|p1a: Krookodile\n|-supereffective|p1a: Krookodile\n|-damage|p1a: Krookodile|0 fnt\n|faint|p1a: Krookodile\n|\n|upkeep\n|\n|t:|1700355046\n|switch|p1a: Mewtwo|Mewtwo|100\/100\n|-damage|p1a: Mewtwo|88\/100|[from] Stealth Rock\n|-ability|p1a: Mewtwo|Pressure\n|turn|17\n|\n|t:|1700355052\n|move|p1a: Mewtwo|Ice Beam|p2a: Arceus\n|-supereffective|p2a: Arceus\n|-crit|p2a: Arceus\n|-damage|p2a: Arceus|0 fnt\n|faint|p2a: Arceus\n|\n|upkeep\n|\n|t:|1700355054\n|switch|p2a: Marshadow|Marshadow, tera:Fighting|1\/100\n|-damage|p2a: Marshadow|0 fnt|[from] Stealth Rock\n|faint|p2a: Marshadow\n|\n|win|85792195wwww\n|raw|85792195wwww's rating: 1672 &rarr; <strong>1684<\/strong><br \/>(+12 for winning)\n|raw|toto5201's rating: 1523 &rarr; <strong>1511<\/strong><br \/>(-12 for losing)\n|l|\u2606toto5201\n","uploadtime":1700355066,"views":10,"p1id":"85792195wwww","p2id":"toto5201","formatid":"gen9nationaldexubers","rating":1511,"private":0,"password":""}