{"id":"gen9nationaldexubers-1984435810","p1":"KurumiTokisakilove","p2":"85792195wwww","format":"[Gen 9] National Dex Ubers","log":"|j|\u2606KurumiTokisakilove\n|j|\u203d85792195wwww\n|t:|1699263304\n|gametype|singles\n|player|p1|KurumiTokisakilove|sabrina-gen2|1952\n|player|p2|85792195wwww|mira|1806\n|teamsize|p1|6\n|teamsize|p2|6\n|gen|9\n|tier|[Gen 9] National Dex Ubers\n|rated|\n|rule|HP Percentage Mod: HP is shown in percentages\n|rule|Endless Battle Clause: Forcing endless battles is banned\n|rule|OHKO Clause: OHKO moves are banned\n|rule|Evasion Moves Clause: Evasion moves are banned\n|rule|Evasion Items Clause: Evasion items are banned\n|rule|Species Clause: Limit one of each Pok\u00e9mon\n|rule|Sleep Clause Mod: Limit one foe put to sleep\n|rule|Mega Rayquaza Clause: You cannot mega evolve Rayquaza\n|clearpoke\n|poke|p1|Zygarde|\n|poke|p1|Magearna|\n|poke|p1|Ditto|\n|poke|p1|Rayquaza|\n|poke|p1|Arceus-Water|\n|poke|p1|Necrozma-Dusk-Mane|\n|poke|p2|Arceus|\n|poke|p2|Xerneas-*|\n|poke|p2|Groudon|\n|poke|p2|Zacian-*|\n|poke|p2|Samurott-Hisui, M|\n|poke|p2|Rayquaza|\n|teampreview\n|inactive|Battle timer is ON: inactive players will automatically lose when time's up. (requested by KurumiTokisakilove)\n|\n|t:|1699263315\n|start\n|switch|p1a: Rayquaza|Rayquaza|100\/100\n|switch|p2a: Samurott|Samurott-Hisui, M|100\/100\n|-ability|p1a: Rayquaza|Air Lock\n|turn|1\n|\n|t:|1699263323\n|move|p1a: Rayquaza|Dragon Ascent|p2a: Samurott\n|-damage|p2a: Samurott|24\/100\n|-unboost|p1a: Rayquaza|def|1\n|-unboost|p1a: Rayquaza|spd|1\n|move|p2a: Samurott|Ceaseless Edge|p1a: Rayquaza\n|-damage|p1a: Rayquaza|29\/100\n|-sidestart|p1: KurumiTokisakilove|Spikes\n|\n|upkeep\n|turn|2\n|\n|t:|1699263332\n|switch|p2a: Zacian|Zacian-Crowned|100\/100\n|-ability|p2a: Zacian|Intrepid Sword|boost\n|-boost|p2a: Zacian|atk|1\n|move|p1a: Rayquaza|Extreme Speed|p2a: Zacian\n|-resisted|p2a: Zacian\n|-damage|p2a: Zacian|87\/100\n|\n|upkeep\n|turn|3\n|\n|t:|1699263341\n|move|p2a: Zacian|Behemoth Blade|p1a: Rayquaza\n|-damage|p1a: Rayquaza|0 fnt\n|faint|p1a: Rayquaza\n|\n|upkeep\n|\n|t:|1699263343\n|switch|p1a: Ditto|Ditto, shiny|100\/100\n|-damage|p1a: Ditto|88\/100|[from] Spikes\n|-transform|p1a: Ditto|p2a: Zacian|[from] ability: Imposter\n|-ability|p1a: Ditto|Intrepid Sword|boost\n|-boost|p1a: Ditto|atk|1\n|turn|4\n|\n|t:|1699263354\n|move|p1a: Ditto|Behemoth Blade|p2a: Zacian\n|-damage|p2a: Zacian|0 fnt\n|faint|p2a: Zacian\n|\n|upkeep\n|\n|t:|1699263359\n|switch|p2a: Groudon|Groudon|100\/100\n|detailschange|p2a: Groudon|Groudon-Primal\n|-primal|p2a: Groudon|Red Orb\n|-weather|DesolateLand|[from] ability: Desolate Land|[of] p2a: Groudon\n|turn|5\n|\n|t:|1699263374\n|switch|p1a: Arceus|Arceus-Water|100\/100\n|-damage|p1a: Arceus|88\/100|[from] Spikes\n|move|p2a: Groudon|Heat Crash|p1a: Arceus\n|-resisted|p1a: Arceus\n|-damage|p1a: Arceus|57\/100\n|\n|-weather|DesolateLand|[upkeep]\n|upkeep\n|turn|6\n|\n|t:|1699263393\n|move|p1a: Arceus|Toxic|p2a: Groudon\n|-status|p2a: Groudon|tox\n|move|p2a: Groudon|Rock Polish|p2a: Groudon\n|-boost|p2a: Groudon|spe|2\n|\n|-weather|DesolateLand|[upkeep]\n|-damage|p2a: Groudon|94\/100 tox|[from] psn\n|upkeep\n|turn|7\n|\n|t:|1699263402\n|move|p2a: Groudon|Swords Dance|p2a: Groudon\n|-boost|p2a: Groudon|atk|2\n|move|p1a: Arceus|Recover|p1a: Arceus\n|-heal|p1a: Arceus|100\/100\n|\n|-weather|DesolateLand|[upkeep]\n|-damage|p2a: Groudon|82\/100 tox|[from] psn\n|upkeep\n|turn|8\n|\n|t:|1699263414\n|move|p2a: Groudon|Precipice Blades|p1a: Arceus\n|-damage|p1a: Arceus|0 fnt\n|faint|p1a: Arceus\n|\n|-weather|DesolateLand|[upkeep]\n|-damage|p2a: Groudon|64\/100 tox|[from] psn\n|upkeep\n|\n|t:|1699263418\n|switch|p1a: Ditto|Ditto, shiny|88\/100\n|-damage|p1a: Ditto|76\/100|[from] Spikes\n|-transform|p1a: Ditto|p2a: Groudon|[from] ability: Imposter\n|turn|9\n|\n|t:|1699263427\n|switch|p2a: Samurott|Samurott-Hisui, M|24\/100\n|move|p1a: Ditto|Precipice Blades|p2a: Samurott|[miss]\n|-miss|p1a: Ditto|p2a: Samurott\n|\n|-weather|DesolateLand|[upkeep]\n|upkeep\n|turn|10\n|\n|t:|1699263437\n|-weather|none\n|switch|p1a: Necrozma|Necrozma-Dusk-Mane|100\/100\n|-damage|p1a: Necrozma|88\/100|[from] Spikes\n|switch|p2a: Rayquaza|Rayquaza|100\/100\n|-ability|p2a: Rayquaza|Air Lock\n|\n|upkeep\n|turn|11\n|\n|t:|1699263448\n|detailschange|p1a: Necrozma|Necrozma-Ultra\n|-burst|p1a: Necrozma|Necrozma|Ultranecrozium Z\n|move|p1a: Necrozma|Dragon Pulse|p2a: Rayquaza\n|-supereffective|p2a: Rayquaza\n|-damage|p2a: Rayquaza|0 fnt\n|faint|p2a: Rayquaza\n|\n|upkeep\n|\n|t:|1699263459\n|switch|p2a: Arceus|Arceus|100\/100\n|turn|12\n|\n|t:|1699263465\n|switch|p2a: Samurott|Samurott-Hisui, M|24\/100\n|move|p1a: Necrozma|Photon Geyser|p2a: Samurott\n|-immune|p2a: Samurott\n|\n|upkeep\n|turn|13\n|\n|t:|1699263475\n|move|p1a: Necrozma|Dragon Pulse|p2a: Samurott\n|-damage|p2a: Samurott|0 fnt\n|faint|p2a: Samurott\n|\n|upkeep\n|\n|t:|1699263482\n|switch|p2a: Arceus|Arceus|100\/100\n|turn|14\n|\n|t:|1699263489\n|-zpower|p1a: Necrozma\n|move|p1a: Necrozma|Light That Burns the Sky|p2a: Arceus|[zeffect]\n|-damage|p2a: Arceus|9\/100\n|move|p2a: Arceus|Shadow Claw|p1a: Necrozma\n|-supereffective|p1a: Necrozma\n|-damage|p1a: Necrozma|14\/100\n|-damage|p2a: Arceus|0 fnt|[from] item: Life Orb\n|faint|p2a: Arceus\n|\n|upkeep\n|\n|t:|1699263502\n|switch|p2a: Xerneas|Xerneas|100\/100\n|-ability|p2a: Xerneas|Fairy Aura\n|turn|15\n|\n|t:|1699263513\n|move|p1a: Necrozma|Photon Geyser|p2a: Xerneas\n|-damage|p2a: Xerneas|45\/100\n|move|p2a: Xerneas|Moonblast|p1a: Necrozma\n|-supereffective|p1a: Necrozma\n|-damage|p1a: Necrozma|0 fnt\n|faint|p1a: Necrozma\n|\n|upkeep\n|\n|t:|1699263517\n|switch|p1a: Ditto|Ditto, shiny|76\/100\n|-damage|p1a: Ditto|63\/100|[from] Spikes\n|-transform|p1a: Ditto|p2a: Xerneas|[from] ability: Imposter\n|-ability|p1a: Ditto|Fairy Aura\n|turn|16\n|-message|85792195wwww forfeited.\n|\n|win|KurumiTokisakilove\n|raw|KurumiTokisakilove's rating: 1952 &rarr; <strong>1964<\/strong><br \/>(+12 for winning)\n|raw|85792195wwww's rating: 1806 &rarr; <strong>1794<\/strong><br \/>(-12 for losing)\n|l|\u203d85792195wwww\n|l|\u2606KurumiTokisakilove\n","uploadtime":1699263576,"views":34,"p1id":"kurumitokisakilove","p2id":"85792195wwww","formatid":"gen9nationaldexubers","rating":1794,"private":0,"password":""}