{"id":"gen9nationaldexubers-1992588901","p1":"biggus","p2":"Soyeon is a cutie","format":"[Gen 9] National Dex Ubers","log":"|j|\u2606biggus\n|j|\u2606Soyeon is a cutie\n|t:|1700210811\n|gametype|singles\n|player|p1|biggus|169|1695\n|player|p2|Soyeon is a cutie|idol|1878\n|teamsize|p1|6\n|teamsize|p2|6\n|gen|9\n|tier|[Gen 9] National Dex Ubers\n|rated|\n|rule|HP Percentage Mod: HP is shown in percentages\n|rule|Endless Battle Clause: Forcing endless battles is banned\n|rule|OHKO Clause: OHKO moves are banned\n|rule|Evasion Moves Clause: Evasion moves are banned\n|rule|Evasion Items Clause: Evasion items are banned\n|rule|Species Clause: Limit one of each Pok\u00e9mon\n|rule|Sleep Clause Mod: Limit one foe put to sleep\n|rule|Mega Rayquaza Clause: You cannot mega evolve Rayquaza\n|clearpoke\n|poke|p1|Yveltal|\n|poke|p1|Arceus|\n|poke|p1|Xerneas-*|\n|poke|p1|Groudon|\n|poke|p1|Zygarde|\n|poke|p1|Eternatus|\n|poke|p2|Ditto|\n|poke|p2|Urshifu-*, M|\n|poke|p2|Kingambit, M|\n|poke|p2|Necrozma-Dusk-Mane|\n|poke|p2|Skeledirge, F|\n|poke|p2|Arceus-Ground|\n|teampreview\n|inactive|Battle timer is ON: inactive players will automatically lose when time's up. (requested by Soyeon is a cutie)\n|\n|t:|1700210828\n|start\n|switch|p1a: Yveltal|Yveltal|100\/100\n|switch|p2a: Necrozma|Necrozma-Dusk-Mane|100\/100\n|-ability|p1a: Yveltal|Dark Aura\n|turn|1\n|\n|t:|1700210834\n|switch|p2a: Arceus|Arceus-Ground|100\/100\n|move|p1a: Yveltal|Knock Off|p2a: Arceus\n|-damage|p2a: Arceus|53\/100\n|\n|upkeep\n|turn|2\n|\n|t:|1700210845\n|switch|p1a: Xerneas|Xerneas|100\/100\n|-ability|p1a: Xerneas|Fairy Aura\n|move|p2a: Arceus|Toxic|p1a: Xerneas\n|-status|p1a: Xerneas|tox\n|\n|-damage|p1a: Xerneas|94\/100 tox|[from] psn\n|upkeep\n|turn|3\n|\n|t:|1700210855\n|switch|p2a: Necrozma|Necrozma-Dusk-Mane|100\/100\n|move|p1a: Xerneas|Moonblast|p2a: Necrozma\n|-resisted|p2a: Necrozma\n|-damage|p2a: Necrozma|51\/100\n|-unboost|p2a: Necrozma|spa|1\n|\n|-damage|p1a: Xerneas|82\/100 tox|[from] psn\n|upkeep\n|turn|4\n|\n|t:|1700210865\n|switch|p1a: Zygarde|Zygarde|100\/100\n|move|p2a: Necrozma|Stealth Rock|p1a: Zygarde\n|-sidestart|p1: biggus|move: Stealth Rock\n|\n|upkeep\n|turn|5\n|j| Logdropper11\n|\n|t:|1700210878\n|detailschange|p2a: Necrozma|Necrozma-Ultra\n|-burst|p2a: Necrozma|Necrozma|Ultranecrozium Z\n|move|p2a: Necrozma|Dragon Pulse|p1a: Zygarde\n|-supereffective|p1a: Zygarde\n|-damage|p1a: Zygarde|23\/100\n|-enditem|p1a: Zygarde|Iapapa Berry|[eat]\n|-heal|p1a: Zygarde|56\/100|[from] item: Iapapa Berry\n|move|p1a: Zygarde|Glare|p2a: Necrozma\n|-status|p2a: Necrozma|par\n|\n|upkeep\n|turn|6\n|\n|t:|1700210888\n|move|p1a: Zygarde|Substitute|p1a: Zygarde\n|-start|p1a: Zygarde|Substitute\n|-damage|p1a: Zygarde|31\/100\n|move|p2a: Necrozma|Dragon Pulse|p1a: Zygarde\n|-supereffective|p1a: Zygarde\n|-end|p1a: Zygarde|Substitute\n|\n|-activate|p1a: Zygarde|ability: Power Construct\n|detailschange|p1a: Zygarde|Zygarde-Complete\n|-heal|p1a: Zygarde|55\/100|[silent]\n|upkeep\n|turn|7\n|\n|t:|1700210899\n|move|p1a: Zygarde|Substitute|p1a: Zygarde\n|-start|p1a: Zygarde|Substitute\n|-damage|p1a: Zygarde|30\/100\n|move|p2a: Necrozma|Dragon Pulse|p1a: Zygarde\n|-supereffective|p1a: Zygarde\n|-end|p1a: Zygarde|Substitute\n|\n|upkeep\n|turn|8\n|\n|t:|1700210913\n|move|p1a: Zygarde|Thousand Arrows|p2a: Necrozma\n|-damage|p2a: Necrozma|18\/100 par\n|cant|p2a: Necrozma|par\n|\n|upkeep\n|turn|9\n|\n|t:|1700210917\n|move|p1a: Zygarde|Thousand Arrows|p2a: Necrozma\n|-damage|p2a: Necrozma|0 fnt\n|faint|p2a: Necrozma\n|\n|upkeep\n|\n|t:|1700210923\n|switch|p2a: Arceus|Arceus-Ground|53\/100\n|turn|10\n|\n|t:|1700210926\n|move|p2a: Arceus|Taunt|p1a: Zygarde\n|-start|p1a: Zygarde|move: Taunt\n|cant|p1a: Zygarde|move: Taunt|Glare\n|\n|upkeep\n|turn|11\n|\n|t:|1700210932\n|move|p2a: Arceus|Recover|p2a: Arceus\n|-heal|p2a: Arceus|100\/100\n|move|p1a: Zygarde|Thousand Arrows|p2a: Arceus\n|-damage|p2a: Arceus|79\/100\n|\n|upkeep\n|turn|12\n|\n|t:|1700210939\n|move|p2a: Arceus|Judgment|p1a: Zygarde\n|-crit|p1a: Zygarde\n|-damage|p1a: Zygarde|0 fnt\n|faint|p1a: Zygarde\n|\n|upkeep\n|\n|t:|1700210945\n|switch|p1a: Eternatus|Eternatus|100\/100\n|-damage|p1a: Eternatus|88\/100|[from] Stealth Rock\n|-ability|p1a: Eternatus|Pressure\n|turn|13\n|\n|t:|1700210951\n|move|p1a: Eternatus|Dynamax Cannon|p2a: Arceus\n|-damage|p2a: Arceus|19\/100\n|move|p2a: Arceus|Judgment|p1a: Eternatus\n|-supereffective|p1a: Eternatus\n|-damage|p1a: Eternatus|6\/100\n|\n|upkeep\n|turn|14\n|\n|t:|1700210957\n|switch|p2a: Kingambit|Kingambit, M, shiny|100\/100\n|-activate|p2a: Kingambit|ability: Supreme Overlord\n|-start|p2a: Kingambit|fallen1|[silent]\n|move|p1a: Eternatus|Dynamax Cannon|p2a: Kingambit\n|-resisted|p2a: Kingambit\n|-damage|p2a: Kingambit|58\/100\n|\n|upkeep\n|turn|15\n|\n|t:|1700210965\n|move|p2a: Kingambit|Sucker Punch|p1a: Eternatus\n|-damage|p1a: Eternatus|0 fnt\n|faint|p1a: Eternatus\n|\n|upkeep\n|\n|t:|1700210969\n|switch|p1a: Groudon|Groudon|100\/100\n|-damage|p1a: Groudon|94\/100|[from] Stealth Rock\n|detailschange|p1a: Groudon|Groudon-Primal\n|-primal|p1a: Groudon|Red Orb\n|-weather|DesolateLand|[from] ability: Desolate Land|[of] p1a: Groudon\n|turn|16\n|\n|t:|1700210976\n|-end|p2a: Kingambit|fallen1|[silent]\n|switch|p2a: Skeledirge|Skeledirge, F|100\/100\n|move|p1a: Groudon|Fire Punch|p2a: Skeledirge\n|-resisted|p2a: Skeledirge\n|-damage|p2a: Skeledirge|76\/100\n|\n|-weather|DesolateLand|[upkeep]\n|upkeep\n|turn|17\n|\n|t:|1700210983\n|move|p1a: Groudon|Stealth Rock|p2a: Skeledirge\n|-sidestart|p2: Soyeon is a cutie|move: Stealth Rock\n|move|p2a: Skeledirge|Hex|p1a: Groudon\n|-damage|p1a: Groudon|80\/100\n|\n|-weather|DesolateLand|[upkeep]\n|upkeep\n|turn|18\n|\n|t:|1700210989\n|move|p1a: Groudon|Earthquake|p2a: Skeledirge\n|-supereffective|p2a: Skeledirge\n|-damage|p2a: Skeledirge|0 fnt\n|faint|p2a: Skeledirge\n|\n|-weather|DesolateLand|[upkeep]\n|upkeep\n|\n|t:|1700210993\n|switch|p2a: Arceus|Arceus-Ground|19\/100\n|-damage|p2a: Arceus|13\/100|[from] Stealth Rock\n|turn|19\n|\n|t:|1700210998\n|move|p2a: Arceus|Judgment|p1a: Groudon\n|-supereffective|p1a: Groudon\n|-damage|p1a: Groudon|22\/100\n|move|p1a: Groudon|Fire Punch|p2a: Arceus\n|-damage|p2a: Arceus|0 fnt\n|faint|p2a: Arceus\n|\n|-weather|DesolateLand|[upkeep]\n|upkeep\n|\n|t:|1700211003\n|switch|p2a: Urshifu|Urshifu, M|100\/100\n|-damage|p2a: Urshifu|94\/100|[from] Stealth Rock\n|turn|20\n|\n|t:|1700211008\n|move|p2a: Urshifu|Wicked Blow|p1a: Groudon\n|-crit|p1a: Groudon\n|-damage|p1a: Groudon|0 fnt\n|faint|p1a: Groudon\n|-weather|none\n|-damage|p2a: Urshifu|84\/100|[from] item: Life Orb\n|\n|upkeep\n|\n|t:|1700211013\n|switch|p1a: Xerneas|Xerneas|82\/100 tox\n|-damage|p1a: Xerneas|70\/100 tox|[from] Stealth Rock\n|-ability|p1a: Xerneas|Fairy Aura\n|turn|21\n|\n|t:|1700211023\n|switch|p2a: Kingambit|Kingambit, M, shiny|58\/100\n|-damage|p2a: Kingambit|51\/100|[from] Stealth Rock\n|-activate|p2a: Kingambit|ability: Supreme Overlord\n|-start|p2a: Kingambit|fallen3|[silent]\n|move|p1a: Xerneas|Moonblast|p2a: Kingambit\n|-damage|p2a: Kingambit|0 fnt\n|faint|p2a: Kingambit\n|-end|p2a: Kingambit|fallen3|[silent]\n|\n|-damage|p1a: Xerneas|64\/100 tox|[from] psn\n|upkeep\n|\n|t:|1700211027\n|switch|p2a: Ditto|Ditto, shiny|100\/100\n|-damage|p2a: Ditto|88\/100|[from] Stealth Rock\n|-transform|p2a: Ditto|p1a: Xerneas|[from] ability: Imposter\n|-ability|p2a: Ditto|Fairy Aura\n|turn|22\n|\n|t:|1700211038\n|move|p2a: Ditto|Moonblast|p1a: Xerneas\n|-damage|p1a: Xerneas|9\/100 tox\n|move|p1a: Xerneas|Moonblast|p2a: Ditto\n|-damage|p2a: Ditto|0 fnt\n|faint|p2a: Ditto\n|\n|-damage|p1a: Xerneas|0 fnt|[from] psn\n|faint|p1a: Xerneas\n|upkeep\n|\n|t:|1700211050\n|switch|p1a: Yveltal|Yveltal|100\/100\n|switch|p2a: Urshifu|Urshifu, M|84\/100\n|-damage|p2a: Urshifu|78\/100|[from] Stealth Rock\n|-damage|p1a: Yveltal|76\/100|[from] Stealth Rock\n|-ability|p1a: Yveltal|Dark Aura\n|turn|23\n|\n|t:|1700211065\n|move|p2a: Urshifu|Low Kick|p1a: Yveltal\n|-damage|p1a: Yveltal|0 fnt\n|faint|p1a: Yveltal\n|-damage|p2a: Urshifu|68\/100|[from] item: Life Orb\n|\n|upkeep\n|\n|t:|1700211070\n|switch|p1a: Arceus|Arceus|100\/100\n|-damage|p1a: Arceus|88\/100|[from] Stealth Rock\n|turn|24\n|inactive|biggus has 120 seconds left.\n|\n|t:|1700211101\n|-terastallize|p1a: Arceus|Ghost\n|-terastallize|p2a: Urshifu|Steel\n|move|p1a: Arceus|Extreme Speed|p2a: Urshifu\n|-resisted|p2a: Urshifu\n|-damage|p2a: Urshifu|36\/100\n|move|p2a: Urshifu|Low Kick|p1a: Arceus\n|-immune|p1a: Arceus\n|\n|upkeep\n|turn|25\n|\n|t:|1700211110\n|move|p1a: Arceus|Extreme Speed|p2a: Urshifu\n|-resisted|p2a: Urshifu\n|-damage|p2a: Urshifu|4\/100\n|move|p2a: Urshifu|Wicked Blow|p1a: Arceus\n|-supereffective|p1a: Arceus\n|-crit|p1a: Arceus\n|-damage|p1a: Arceus|0 fnt\n|faint|p1a: Arceus\n|-damage|p2a: Urshifu|0 fnt|[from] item: Life Orb\n|faint|p2a: Urshifu\n|\n|win|Soyeon is a cutie\n|raw|biggus's rating: 1695 &rarr; <strong>1685<\/strong><br \/>(-10 for losing)\n|raw|Soyeon is a cutie's rating: 1878 &rarr; <strong>1888<\/strong><br \/>(+10 for winning)\n|l|\u2606biggus\n|l|\u2606Soyeon is a cutie\n|l| Logdropper11\n","uploadtime":1700211126,"views":14,"p1id":"biggus","p2id":"soyeonisacutie","formatid":"gen9nationaldexubers","rating":1685,"private":0,"password":""}