{"id":"gen9nationaldexubers-1989437676","p1":"chillpanda21","p2":"GeorgiaEternatuss","format":"[Gen 9] National Dex Ubers","log":"|j|\u2606chillpanda21\n|j|\u2606GeorgiaEternatuss\n|t:|1699850392\n|gametype|singles\n|player|p1|chillpanda21|steven|1344\n|player|p2|GeorgiaEternatuss|steven|1253\n|teamsize|p1|6\n|teamsize|p2|6\n|gen|9\n|tier|[Gen 9] National Dex Ubers\n|rated|\n|rule|HP Percentage Mod: HP is shown in percentages\n|rule|Endless Battle Clause: Forcing endless battles is banned\n|rule|OHKO Clause: OHKO moves are banned\n|rule|Evasion Moves Clause: Evasion moves are banned\n|rule|Evasion Items Clause: Evasion items are banned\n|rule|Species Clause: Limit one of each Pok\u00e9mon\n|rule|Sleep Clause Mod: Limit one foe put to sleep\n|rule|Mega Rayquaza Clause: You cannot mega evolve Rayquaza\n|clearpoke\n|poke|p1|Zygarde|\n|poke|p1|Yveltal|\n|poke|p1|Magearna|\n|poke|p1|Groudon|\n|poke|p1|Iron Bundle|\n|poke|p1|Marshadow|\n|poke|p2|Xerneas-*|\n|poke|p2|Porygon2|\n|poke|p2|Zapdos|\n|poke|p2|Umbreon, F|\n|poke|p2|Iron Valiant|\n|poke|p2|Diancie|\n|teampreview\n|\n|t:|1699850400\n|start\n|switch|p1a: Magearna|Magearna|100\/100\n|switch|p2a: Xerneas|Xerneas|100\/100\n|-ability|p2a: Xerneas|Fairy Aura\n|turn|1\n|\n|t:|1699850413\n|switch|p1a: Iron Bundle|Iron Bundle|100\/100\n|-enditem|p1a: Iron Bundle|Booster Energy\n|-activate|p1a: Iron Bundle|ability: Quark Drive|[fromitem]\n|-start|p1a: Iron Bundle|quarkdrivespe\n|move|p2a: Xerneas|Geomancy||[still]\n|-prepare|p2a: Xerneas|Geomancy\n|-enditem|p2a: Xerneas|Power Herb\n|-anim|p2a: Xerneas|Geomancy|p2a: Xerneas\n|-boost|p2a: Xerneas|spa|2\n|-boost|p2a: Xerneas|spd|2\n|-boost|p2a: Xerneas|spe|2\n|\n|upkeep\n|turn|2\n|\n|t:|1699850426\n|-terastallize|p2a: Xerneas|Fairy\n|move|p2a: Xerneas|Moonblast|p1a: Iron Bundle\n|-damage|p1a: Iron Bundle|0 fnt\n|faint|p1a: Iron Bundle\n|-end|p1a: Iron Bundle|Quark Drive|[silent]\n|\n|upkeep\n|c|\u2606chillpanda21|wow\n|c|\u2606chillpanda21|your max speed\n|c|\u2606chillpanda21|fk\n|c|\u2606GeorgiaEternatuss|Pretty cool right\n|\n|t:|1699850531\n|switch|p1a: Marshadow|Marshadow|100\/100\n|turn|3\n|c|\u2606chillpanda21|lol\n|c|\u2606chillpanda21|i never run max speed when i use xerneuas\n|c|\u2606chillpanda21|to fast for no reason\n|c|\u2606chillpanda21|it only out speds booster bundle\n|c|\u2606chillpanda21|lmao\n|\n|t:|1699850554\n|switch|p2a: Zapdos|Zapdos|100\/100\n|move|p1a: Marshadow|Spectral Thief|p2a: Zapdos\n|-damage|p2a: Zapdos|65\/100\n|-damage|p1a: Marshadow|84\/100|[from] item: Rocky Helmet|[of] p2a: Zapdos\n|-status|p1a: Marshadow|par|[from] ability: Static|[of] p2a: Zapdos\n|\n|upkeep\n|turn|4\n|\n|t:|1699850566\n|switch|p1a: Groudon|Groudon|100\/100\n|detailschange|p1a: Groudon|Groudon-Primal\n|-primal|p1a: Groudon|Red Orb\n|-weather|DesolateLand|[from] ability: Desolate Land|[of] p1a: Groudon\n|move|p2a: Zapdos|Volt Switch|p1a: Groudon\n|-immune|p1a: Groudon\n|\n|-weather|DesolateLand|[upkeep]\n|upkeep\n|turn|5\n|\n|t:|1699850580\n|move|p1a: Groudon|Rock Polish|p1a: Groudon\n|-boost|p1a: Groudon|spe|2\n|move|p2a: Zapdos|Roost|p2a: Zapdos\n|-heal|p2a: Zapdos|100\/100\n|-singleturn|p2a: Zapdos|move: Roost\n|\n|-weather|DesolateLand|[upkeep]\n|upkeep\n|turn|6\n|\n|t:|1699850591\n|move|p1a: Groudon|Swords Dance|p1a: Groudon\n|-boost|p1a: Groudon|atk|2\n|move|p2a: Zapdos|Whirlwind|p1a: Groudon\n|-weather|none\n|drag|p1a: Yveltal|Yveltal|100\/100\n|-ability|p1a: Yveltal|Dark Aura\n|\n|upkeep\n|turn|7\n|c|\u2606chillpanda21|why\n|c|\u2606chillpanda21|:O\n|c|\u2606GeorgiaEternatuss|In case my opponent has a mon that has juiced up its stats like u just did\n|\n|t:|1699850695\n|move|p1a: Yveltal|Dark Pulse|p2a: Zapdos\n|-damage|p2a: Zapdos|45\/100\n|move|p2a: Zapdos|Volt Switch|p1a: Yveltal\n|-supereffective|p1a: Yveltal\n|-damage|p1a: Yveltal|51\/100\n|\n|t:|1699850713\n|switch|p2a: Diancie|Diancie|100\/100|[from] Volt Switch\n|\n|upkeep\n|turn|8\n|\n|t:|1699850739\n|detailschange|p2a: Diancie|Diancie-Mega\n|-mega|p2a: Diancie|Diancie|Diancite\n|move|p2a: Diancie|Moonblast|p1a: Yveltal\n|-supereffective|p1a: Yveltal\n|-damage|p1a: Yveltal|0 fnt\n|faint|p1a: Yveltal\n|\n|upkeep\n|\n|t:|1699850750\n|switch|p1a: Groudon|Groudon-Primal|100\/100\n|-weather|DesolateLand|[from] ability: Desolate Land|[of] p1a: Groudon\n|turn|9\n|\n|t:|1699850756\n|move|p2a: Diancie|Earth Power|p1a: Groudon\n|-supereffective|p1a: Groudon\n|-damage|p1a: Groudon|24\/100\n|-unboost|p1a: Groudon|spd|1\n|move|p1a: Groudon|Rock Polish|p1a: Groudon\n|-boost|p1a: Groudon|spe|2\n|\n|-weather|DesolateLand|[upkeep]\n|upkeep\n|turn|10\n|\n|t:|1699850766\n|move|p1a: Groudon|Earthquake|p2a: Diancie\n|-supereffective|p2a: Diancie\n|-crit|p2a: Diancie\n|-damage|p2a: Diancie|0 fnt\n|faint|p2a: Diancie\n|\n|-weather|DesolateLand|[upkeep]\n|upkeep\n|\n|t:|1699850782\n|switch|p2a: Porygon2|Porygon2|100\/100\n|-ability|p2a: Porygon2|Download|boost\n|-boost|p2a: Porygon2|spa|1\n|turn|11\n|\n|t:|1699850789\n|move|p1a: Groudon|Heat Crash|p2a: Porygon2\n|-damage|p2a: Porygon2|37\/100\n|move|p2a: Porygon2|Tri Attack|p1a: Groudon\n|-damage|p1a: Groudon|0 fnt\n|faint|p1a: Groudon\n|-weather|none\n|\n|upkeep\n|\n|t:|1699850813\n|switch|p1a: Magearna|Magearna|100\/100\n|turn|12\n|\n|t:|1699850823\n|move|p1a: Magearna|Shift Gear|p1a: Magearna\n|-boost|p1a: Magearna|spe|2\n|-boost|p1a: Magearna|atk|1\n|move|p2a: Porygon2|Recover|p2a: Porygon2\n|-heal|p2a: Porygon2|87\/100\n|\n|upkeep\n|turn|13\n|\n|t:|1699850877\n|move|p1a: Magearna|Calm Mind|p1a: Magearna\n|-boost|p1a: Magearna|spa|1\n|-boost|p1a: Magearna|spd|1\n|move|p2a: Porygon2|Tri Attack|p1a: Magearna\n|-resisted|p1a: Magearna\n|-damage|p1a: Magearna|86\/100\n|-status|p1a: Magearna|brn\n|\n|-damage|p1a: Magearna|80\/100 brn|[from] brn\n|upkeep\n|turn|14\n|\n|t:|1699850890\n|switch|p2a: Zapdos|Zapdos|45\/100\n|move|p1a: Magearna|Calm Mind|p1a: Magearna\n|-boost|p1a: Magearna|spa|1\n|-boost|p1a: Magearna|spd|1\n|\n|-damage|p1a: Magearna|74\/100 brn|[from] brn\n|upkeep\n|turn|15\n|\n|t:|1699850920\n|move|p1a: Magearna|Calm Mind|p1a: Magearna\n|-boost|p1a: Magearna|spa|1\n|-boost|p1a: Magearna|spd|1\n|move|p2a: Zapdos|Roost|p2a: Zapdos\n|-heal|p2a: Zapdos|95\/100\n|-singleturn|p2a: Zapdos|move: Roost\n|\n|-damage|p1a: Magearna|68\/100 brn|[from] brn\n|upkeep\n|turn|16\n|\n|t:|1699850929\n|move|p1a: Magearna|Calm Mind|p1a: Magearna\n|-boost|p1a: Magearna|spa|1\n|-boost|p1a: Magearna|spd|1\n|move|p2a: Zapdos|Whirlwind|p1a: Magearna\n|drag|p1a: Zygarde|Zygarde|100\/100\n|\n|upkeep\n|turn|17\n|c|\u2606chillpanda21|I FUCKING FORGTOT AGAIN\n|c|\u2606chillpanda21|I THOUGTH THAT WAS A DIF GAME\n|c|\u2606chillpanda21|FK\n|c|\u2606chillpanda21|:<\n|\n|t:|1699850988\n|switch|p2a: Porygon2|Porygon2|87\/100\n|-ability|p2a: Porygon2|Download|boost\n|-boost|p2a: Porygon2|spa|1\n|move|p1a: Zygarde|Glare|p2a: Porygon2\n|-status|p2a: Porygon2|par\n|\n|upkeep\n|turn|18\n|\n|t:|1699851008\n|move|p1a: Zygarde|Dragon Dance|p1a: Zygarde\n|-boost|p1a: Zygarde|atk|1\n|-boost|p1a: Zygarde|spe|1\n|cant|p2a: Porygon2|par\n|\n|upkeep\n|turn|19\n|\n|t:|1699851034\n|move|p1a: Zygarde|Thousand Arrows|p2a: Porygon2\n|-damage|p2a: Porygon2|56\/100 par\n|move|p2a: Porygon2|Ice Beam|p1a: Zygarde\n|-supereffective|p1a: Zygarde\n|-damage|p1a: Zygarde|0 fnt\n|faint|p1a: Zygarde\n|\n|upkeep\n|\n|t:|1699851060\n|switch|p1a: Marshadow|Marshadow|84\/100 par\n|turn|20\n|\n|t:|1699851066\n|move|p1a: Marshadow|Close Combat|p2a: Porygon2\n|-supereffective|p2a: Porygon2\n|-damage|p2a: Porygon2|0 fnt\n|-unboost|p1a: Marshadow|def|1\n|-unboost|p1a: Marshadow|spd|1\n|faint|p2a: Porygon2\n|\n|upkeep\n|\n|t:|1699851074\n|switch|p2a: Zapdos|Zapdos|95\/100\n|turn|21\n|\n|t:|1699851103\n|switch|p1a: Magearna|Magearna|68\/100 brn\n|move|p2a: Zapdos|Volt Switch|p1a: Magearna\n|-damage|p1a: Magearna|40\/100 brn\n|-message|chillpanda21 forfeited.\n|\n|win|GeorgiaEternatuss\n|raw|chillpanda21's rating: 1344 &rarr; <strong>1319<\/strong><br \/>(-25 for losing)\n|raw|GeorgiaEternatuss's rating: 1253 &rarr; <strong>1284<\/strong><br \/>(+31 for winning)\n|l|\u2606chillpanda21\n","uploadtime":1699851116,"views":7,"p1id":"chillpanda21","p2id":"georgiaeternatuss","formatid":"gen9nationaldexubers","rating":1284,"private":0,"password":""}