{"id":"gen9nationaldexubers-1988442085","p1":"Olie4","p2":"AERO-M0DE\u2b06\ufe0f","format":"[Gen 9] National Dex Ubers","log":"|j|\u2606Olie4\n|j|\u2606AERO-M0DE\u2b06\ufe0f\n|t:|1699723363\n|gametype|singles\n|player|p1|Olie4|lady|1134\n|player|p2|AERO-M0DE\u2b06\ufe0f|winona-gen6|1063\n|teamsize|p1|6\n|teamsize|p2|6\n|gen|9\n|tier|[Gen 9] National Dex Ubers\n|rated|\n|rule|HP Percentage Mod: HP is shown in percentages\n|rule|Endless Battle Clause: Forcing endless battles is banned\n|rule|OHKO Clause: OHKO moves are banned\n|rule|Evasion Moves Clause: Evasion moves are banned\n|rule|Evasion Items Clause: Evasion items are banned\n|rule|Species Clause: Limit one of each Pok\u00e9mon\n|rule|Sleep Clause Mod: Limit one foe put to sleep\n|rule|Mega Rayquaza Clause: You cannot mega evolve Rayquaza\n|clearpoke\n|poke|p1|Regieleki|\n|poke|p1|Togekiss, F|\n|poke|p1|Greninja-*, M|\n|poke|p1|Ferrothorn, F|\n|poke|p1|Urshifu-*, F|\n|poke|p1|Pawmot, F|\n|poke|p2|Toucannon, M|\n|poke|p2|Braviary-Hisui, M|\n|poke|p2|Gliscor, M|\n|poke|p2|Noctowl, M|\n|poke|p2|Emolga, M|\n|poke|p2|Unfezant, M|\n|teampreview\n|c|\u2606Olie4|gl mono flying\n|\n|t:|1699723377\n|start\n|switch|p1a: Ferrothorns|Ferrothorn, F|100\/100\n|switch|p2a: \ud83c\udf2cEMOLGA!\ud83c\udf2a\ud83c\udf2a|Emolga, M|100\/100\n|turn|1\n|\n|t:|1699723387\n|move|p2a: \ud83c\udf2cEMOLGA!\ud83c\udf2a\ud83c\udf2a|Nuzzle|p1a: Ferrothorns\n|-resisted|p1a: Ferrothorns\n|-damage|p1a: Ferrothorns|99\/100\n|-status|p1a: Ferrothorns|par\n|-damage|p2a: \ud83c\udf2cEMOLGA!\ud83c\udf2a\ud83c\udf2a|88\/100|[from] ability: Iron Barbs|[of] p1a: Ferrothorns\n|move|p1a: Ferrothorns|Stealth Rock|p2a: \ud83c\udf2cEMOLGA!\ud83c\udf2a\ud83c\udf2a\n|-sidestart|p2: AERO-M0DE\u2b06\ufe0f|move: Stealth Rock\n|\n|-heal|p1a: Ferrothorns|100\/100 par|[from] item: Leftovers\n|upkeep\n|turn|2\n|\n|t:|1699723402\n|move|p2a: \ud83c\udf2cEMOLGA!\ud83c\udf2a\ud83c\udf2a|Air Slash|p1a: Ferrothorns\n|-damage|p1a: Ferrothorns|75\/100 par\n|cant|p1a: Ferrothorns|par\n|\n|-heal|p1a: Ferrothorns|82\/100 par|[from] item: Leftovers\n|upkeep\n|turn|3\n|\n|t:|1699723410\n|move|p2a: \ud83c\udf2cEMOLGA!\ud83c\udf2a\ud83c\udf2a|Air Slash|p1a: Ferrothorns\n|-damage|p1a: Ferrothorns|59\/100 par\n|cant|p1a: Ferrothorns|flinch\n|\n|-heal|p1a: Ferrothorns|66\/100 par|[from] item: Leftovers\n|upkeep\n|turn|4\n|c|\u2606Olie4|j0y\n|\n|t:|1699723418\n|move|p2a: \ud83c\udf2cEMOLGA!\ud83c\udf2a\ud83c\udf2a|Air Slash|p1a: Ferrothorns\n|-damage|p1a: Ferrothorns|41\/100 par\n|cant|p1a: Ferrothorns|par\n|\n|-heal|p1a: Ferrothorns|48\/100 par|[from] item: Leftovers\n|upkeep\n|turn|5\n|c|\u2606Olie4|fun\n|\n|t:|1699723428\n|move|p2a: \ud83c\udf2cEMOLGA!\ud83c\udf2a\ud83c\udf2a|Air Slash|p1a: Ferrothorns\n|-damage|p1a: Ferrothorns|23\/100 par\n|cant|p1a: Ferrothorns|par\n|\n|-heal|p1a: Ferrothorns|29\/100 par|[from] item: Leftovers\n|upkeep\n|turn|6\n|\n|t:|1699723436\n|move|p2a: \ud83c\udf2cEMOLGA!\ud83c\udf2a\ud83c\udf2a|Air Slash|p1a: Ferrothorns\n|-damage|p1a: Ferrothorns|5\/100 par\n|move|p1a: Ferrothorns|Leech Seed|p2a: \ud83c\udf2cEMOLGA!\ud83c\udf2a\ud83c\udf2a\n|-start|p2a: \ud83c\udf2cEMOLGA!\ud83c\udf2a\ud83c\udf2a|move: Leech Seed\n|\n|-heal|p1a: Ferrothorns|12\/100 par|[from] item: Leftovers\n|-damage|p2a: \ud83c\udf2cEMOLGA!\ud83c\udf2a\ud83c\udf2a|76\/100|[from] Leech Seed|[of] p1a: Ferrothorns\n|-heal|p1a: Ferrothorns|20\/100 par|[silent]\n|upkeep\n|turn|7\n|c|\u2606Olie4|what is the purpose of this\n|\n|t:|1699723448\n|move|p2a: \ud83c\udf2cEMOLGA!\ud83c\udf2a\ud83c\udf2a|Tailwind|p2a: \ud83c\udf2cEMOLGA!\ud83c\udf2a\ud83c\udf2a\n|-sidestart|p2: AERO-M0DE\u2b06\ufe0f|move: Tailwind\n|cant|p1a: Ferrothorns|par\n|\n|-heal|p1a: Ferrothorns|27\/100 par|[from] item: Leftovers\n|-damage|p2a: \ud83c\udf2cEMOLGA!\ud83c\udf2a\ud83c\udf2a|63\/100|[from] Leech Seed|[of] p1a: Ferrothorns\n|-heal|p1a: Ferrothorns|35\/100 par|[silent]\n|upkeep\n|turn|8\n|c|\u2606Olie4|joy\n|\n|t:|1699723462\n|move|p2a: \ud83c\udf2cEMOLGA!\ud83c\udf2a\ud83c\udf2a|Air Slash|p1a: Ferrothorns\n|-damage|p1a: Ferrothorns|12\/100 par\n|cant|p1a: Ferrothorns|flinch\n|\n|-heal|p1a: Ferrothorns|18\/100 par|[from] item: Leftovers\n|-damage|p2a: \ud83c\udf2cEMOLGA!\ud83c\udf2a\ud83c\udf2a|51\/100|[from] Leech Seed|[of] p1a: Ferrothorns\n|-heal|p1a: Ferrothorns|27\/100 par|[silent]\n|upkeep\n|turn|9\n|\n|t:|1699723472\n|move|p2a: \ud83c\udf2cEMOLGA!\ud83c\udf2a\ud83c\udf2a|Air Slash|p1a: Ferrothorns\n|-damage|p1a: Ferrothorns|3\/100 par\n|cant|p1a: Ferrothorns|flinch\n|\n|-heal|p1a: Ferrothorns|10\/100 par|[from] item: Leftovers\n|-damage|p2a: \ud83c\udf2cEMOLGA!\ud83c\udf2a\ud83c\udf2a|39\/100|[from] Leech Seed|[of] p1a: Ferrothorns\n|-heal|p1a: Ferrothorns|18\/100 par|[silent]\n|upkeep\n|turn|10\n|\n|t:|1699723481\n|move|p2a: \ud83c\udf2cEMOLGA!\ud83c\udf2a\ud83c\udf2a|Roost|p2a: \ud83c\udf2cEMOLGA!\ud83c\udf2a\ud83c\udf2a\n|-heal|p2a: \ud83c\udf2cEMOLGA!\ud83c\udf2a\ud83c\udf2a|89\/100\n|-singleturn|p2a: \ud83c\udf2cEMOLGA!\ud83c\udf2a\ud83c\udf2a|move: Roost\n|move|p1a: Ferrothorns|Knock Off|p2a: \ud83c\udf2cEMOLGA!\ud83c\udf2a\ud83c\udf2a\n|-damage|p2a: \ud83c\udf2cEMOLGA!\ud83c\udf2a\ud83c\udf2a|44\/100\n|-enditem|p2a: \ud83c\udf2cEMOLGA!\ud83c\udf2a\ud83c\udf2a|Razor Claw|[from] move: Knock Off|[of] p1a: Ferrothorns\n|\n|-heal|p1a: Ferrothorns|25\/100 par|[from] item: Leftovers\n|-damage|p2a: \ud83c\udf2cEMOLGA!\ud83c\udf2a\ud83c\udf2a|31\/100|[from] Leech Seed|[of] p1a: Ferrothorns\n|-heal|p1a: Ferrothorns|33\/100 par|[silent]\n|-sideend|p2: AERO-M0DE\u2b06\ufe0f|move: Tailwind\n|upkeep\n|turn|11\n|c|\u2606Olie4|i mean it did take a ton\n|c|\u2606Olie4|or not\n|\n|t:|1699723493\n|move|p2a: \ud83c\udf2cEMOLGA!\ud83c\udf2a\ud83c\udf2a|Air Slash|p1a: Ferrothorns\n|-damage|p1a: Ferrothorns|11\/100 par\n|move|p1a: Ferrothorns|Knock Off|p2a: \ud83c\udf2cEMOLGA!\ud83c\udf2a\ud83c\udf2a\n|-damage|p2a: \ud83c\udf2cEMOLGA!\ud83c\udf2a\ud83c\udf2a|2\/100\n|\n|-heal|p1a: Ferrothorns|18\/100 par|[from] item: Leftovers\n|-damage|p2a: \ud83c\udf2cEMOLGA!\ud83c\udf2a\ud83c\udf2a|0 fnt|[from] Leech Seed|[of] p1a: Ferrothorns\n|-heal|p1a: Ferrothorns|18\/100 par|[silent]\n|faint|p2a: \ud83c\udf2cEMOLGA!\ud83c\udf2a\ud83c\udf2a\n|upkeep\n|c|\u2606Olie4|or it did\n|\n|t:|1699723506\n|switch|p2a: \ud83c\udf2cBRAVIARY\ud83c\udf2a\ud83c\udf2a|Braviary-Hisui, M|100\/100\n|-damage|p2a: \ud83c\udf2cBRAVIARY\ud83c\udf2a\ud83c\udf2a|76\/100|[from] Stealth Rock\n|turn|12\n|\n|t:|1699723517\n|move|p2a: \ud83c\udf2cBRAVIARY\ud83c\udf2a\ud83c\udf2a|Esper Wing|p1a: Ferrothorns\n|-resisted|p1a: Ferrothorns\n|-damage|p1a: Ferrothorns|0 fnt\n|-boost|p2a: \ud83c\udf2cBRAVIARY\ud83c\udf2a\ud83c\udf2a|spe|1\n|faint|p1a: Ferrothorns\n|\n|upkeep\n|\n|t:|1699723524\n|switch|p1a: Regieleki|Regieleki|100\/100\n|turn|13\n|\n|t:|1699723532\n|move|p1a: Regieleki|Thunderbolt|p2a: \ud83c\udf2cBRAVIARY\ud83c\udf2a\ud83c\udf2a\n|-supereffective|p2a: \ud83c\udf2cBRAVIARY\ud83c\udf2a\ud83c\udf2a\n|-damage|p2a: \ud83c\udf2cBRAVIARY\ud83c\udf2a\ud83c\udf2a|0 fnt\n|faint|p2a: \ud83c\udf2cBRAVIARY\ud83c\udf2a\ud83c\udf2a\n|\n|upkeep\n|\n|t:|1699723539\n|switch|p2a: \ud83c\udf2cGLISOR\ud83c\udf2a\ud83c\udf2a|Gliscor, M|100\/100\n|-damage|p2a: \ud83c\udf2cGLISOR\ud83c\udf2a\ud83c\udf2a|88\/100|[from] Stealth Rock\n|turn|14\n|c|\u2606Olie4|this thing may shred ur team thp\n|\n|t:|1699723545\n|-terastallize|p1a: Regieleki|Ice\n|move|p1a: Regieleki|Tera Blast|p2a: \ud83c\udf2cGLISOR\ud83c\udf2a\ud83c\udf2a|[anim] Tera Blast Ice\n|-supereffective|p2a: \ud83c\udf2cGLISOR\ud83c\udf2a\ud83c\udf2a\n|-damage|p2a: \ud83c\udf2cGLISOR\ud83c\udf2a\ud83c\udf2a|0 fnt\n|faint|p2a: \ud83c\udf2cGLISOR\ud83c\udf2a\ud83c\udf2a\n|\n|upkeep\n|c|\u2606Olie4|tho\n|-message|AERO-M0DE\u2b06\ufe0f forfeited.\n|\n|win|Olie4\n|raw|Olie4's rating: 1134 &rarr; <strong>1154<\/strong><br \/>(+20 for winning)\n|raw|AERO-M0DE\u2b06\ufe0f's rating: 1063 &rarr; <strong>1047<\/strong><br \/>(-16 for losing)\n|l|\u2606AERO-M0DE\u2b06\ufe0f\n","uploadtime":1699723561,"views":5,"p1id":"olie4","p2id":"aerom0de","formatid":"gen9nationaldexubers","rating":1047,"private":0,"password":""}