{"id":"gen9nationaldexubers-1999287762","p1":"KingoftheTitans","p2":"Technimon0","format":"[Gen 9] National Dex Ubers","log":"|j|\u2606KingoftheTitans\n|j|\u2606Technimon0\n|t:|1701055402\n|gametype|singles\n|player|p1|KingoftheTitans|1|1376\n|player|p2|Technimon0|dawn|1481\n|teamsize|p1|6\n|teamsize|p2|6\n|gen|9\n|tier|[Gen 9] National Dex Ubers\n|rated|\n|rule|HP Percentage Mod: HP is shown in percentages\n|rule|Endless Battle Clause: Forcing endless battles is banned\n|rule|OHKO Clause: OHKO moves are banned\n|rule|Evasion Moves Clause: Evasion moves are banned\n|rule|Evasion Items Clause: Evasion items are banned\n|rule|Species Clause: Limit one of each Pok\u00e9mon\n|rule|Sleep Clause Mod: Limit one foe put to sleep\n|rule|Mega Rayquaza Clause: You cannot mega evolve Rayquaza\n|clearpoke\n|poke|p1|Tornadus, M|\n|poke|p1|Basculegion, M|\n|poke|p1|Druddigon, M|\n|poke|p1|Iron Thorns|\n|poke|p1|Torterra, M|\n|poke|p1|Aggron, M|\n|poke|p2|Deoxys-Speed|\n|poke|p2|Weavile, F|\n|poke|p2|Salamence, F|\n|poke|p2|Arceus|\n|poke|p2|Landorus, M|\n|poke|p2|Iron Bundle|\n|teampreview\n|\n|t:|1701055411\n|start\n|switch|p1a: Druddigon|Druddigon, M, shiny|100\/100\n|switch|p2a: Speed It Up|Deoxys-Speed|100\/100\n|-ability|p2a: Speed It Up|Pressure\n|turn|1\n|\n|t:|1701055417\n|move|p2a: Speed It Up|Taunt|p1a: Druddigon\n|-start|p1a: Druddigon|move: Taunt\n|cant|p1a: Druddigon|move: Taunt|Glare\n|\n|upkeep\n|turn|2\n|\n|t:|1701055422\n|move|p2a: Speed It Up|Stealth Rock|p1a: Druddigon\n|-sidestart|p1: KingoftheTitans|move: Stealth Rock\n|move|p1a: Druddigon|Dragon Claw|p2a: Speed It Up\n|-damage|p2a: Speed It Up|46\/100\n|\n|upkeep\n|turn|3\n|\n|t:|1701055427\n|move|p2a: Speed It Up|Spikes|p1a: Druddigon\n|-sidestart|p1: KingoftheTitans|Spikes\n|move|p1a: Druddigon|Dragon Claw|p2a: Speed It Up\n|-damage|p2a: Speed It Up|0 fnt\n|faint|p2a: Speed It Up\n|\n|-end|p1a: Druddigon|move: Taunt\n|upkeep\n|\n|t:|1701055433\n|switch|p2a: Bundle of Fun|Iron Bundle|100\/100\n|-enditem|p2a: Bundle of Fun|Booster Energy\n|-activate|p2a: Bundle of Fun|ability: Quark Drive|[fromitem]\n|-start|p2a: Bundle of Fun|quarkdrivespa\n|turn|4\n|\n|t:|1701055439\n|move|p2a: Bundle of Fun|Ice Beam|p1a: Druddigon\n|-supereffective|p1a: Druddigon\n|-damage|p1a: Druddigon|0 fnt\n|faint|p1a: Druddigon\n|\n|upkeep\n|\n|t:|1701055445\n|switch|p1a: Tornadus|Tornadus, M|100\/100\n|turn|5\n|\n|t:|1701055448\n|move|p1a: Tornadus|Defog|p2a: Bundle of Fun\n|-unboost|p2a: Bundle of Fun|evasion|1\n|-sideend|p1: KingoftheTitans|Spikes|[from] move: Defog|[of] p1a: Tornadus\n|-sideend|p1: KingoftheTitans|Stealth Rock|[from] move: Defog|[of] p1a: Tornadus\n|move|p2a: Bundle of Fun|Ice Beam|p1a: Tornadus\n|-supereffective|p1a: Tornadus\n|-damage|p1a: Tornadus|0 fnt\n|faint|p1a: Tornadus\n|\n|upkeep\n|j| bybvdn\n|\n|t:|1701055458\n|switch|p1a: Aggron|Aggron, M, shiny|100\/100\n|turn|6\n|l| bybvdn\n|\n|t:|1701055462\n|detailschange|p1a: Aggron|Aggron-Mega, M, shiny\n|-mega|p1a: Aggron|Aggron|Aggronite\n|move|p2a: Bundle of Fun|Hydro Pump|p1a: Aggron\n|-damage|p1a: Aggron|6\/100\n|move|p1a: Aggron|Body Press|p2a: Bundle of Fun\n|-supereffective|p2a: Bundle of Fun\n|-damage|p2a: Bundle of Fun|4\/100\n|\n|upkeep\n|turn|7\n|\n|t:|1701055471\n|move|p2a: Bundle of Fun|Ice Beam|p1a: Aggron\n|-resisted|p1a: Aggron\n|-damage|p1a: Aggron|0 fnt\n|faint|p1a: Aggron\n|\n|upkeep\n|\n|t:|1701055475\n|switch|p1a: Basculegion|Basculegion, M|100\/100\n|turn|8\n|\n|t:|1701055479\n|move|p1a: Basculegion|Flip Turn|p2a: Bundle of Fun\n|-resisted|p2a: Bundle of Fun\n|-damage|p2a: Bundle of Fun|0 fnt\n|faint|p2a: Bundle of Fun\n|-end|p2a: Bundle of Fun|Quark Drive|[silent]\n|\n|t:|1701055484\n|switch|p1a: Iron Thorns|Iron Thorns|100\/100|[from] Flip Turn\n|-item|p1a: Iron Thorns|Air Balloon\n|\n|upkeep\n|\n|t:|1701055493\n|switch|p2a: Deus X Machina|Arceus|100\/100\n|turn|9\n|\n|t:|1701055496\n|move|p2a: Deus X Machina|Swords Dance|p2a: Deus X Machina\n|-boost|p2a: Deus X Machina|atk|2\n|move|p1a: Iron Thorns|Dragon Dance|p1a: Iron Thorns\n|-boost|p1a: Iron Thorns|atk|1\n|-boost|p1a: Iron Thorns|spe|1\n|\n|upkeep\n|turn|10\n|\n|t:|1701055502\n|move|p2a: Deus X Machina|Extreme Speed|p1a: Iron Thorns\n|-resisted|p1a: Iron Thorns\n|-damage|p1a: Iron Thorns|56\/100\n|-enditem|p1a: Iron Thorns|Air Balloon\n|move|p1a: Iron Thorns|Stone Edge|p2a: Deus X Machina\n|-crit|p2a: Deus X Machina\n|-damage|p2a: Deus X Machina|4\/100\n|\n|upkeep\n|turn|11\n|\n|t:|1701055510\n|move|p2a: Deus X Machina|Extreme Speed|p1a: Iron Thorns\n|-resisted|p1a: Iron Thorns\n|-damage|p1a: Iron Thorns|5\/100\n|move|p1a: Iron Thorns|Ice Punch|p2a: Deus X Machina\n|-damage|p2a: Deus X Machina|0 fnt\n|faint|p2a: Deus X Machina\n|\n|upkeep\n|\n|t:|1701055519\n|switch|p2a: Assassin|Weavile, F, shiny|100\/100\n|-ability|p2a: Assassin|Pressure\n|turn|12\n|\n|t:|1701055523\n|-terastallize|p2a: Assassin|Ground\n|move|p1a: Iron Thorns|Wild Charge|p2a: Assassin\n|-immune|p2a: Assassin\n|move|p2a: Assassin|Ice Spinner|p1a: Iron Thorns\n|-damage|p1a: Iron Thorns|0 fnt\n|faint|p1a: Iron Thorns\n|-end|p1a: Iron Thorns|Quark Drive|[silent]\n|\n|upkeep\n|\n|t:|1701055533\n|switch|p1a: Torterra|Torterra, M|100\/100\n|turn|13\n|\n|t:|1701055537\n|-terastallize|p1a: Torterra|Rock\n|move|p2a: Assassin|Ice Spinner|p1a: Torterra\n|-damage|p1a: Torterra|59\/100\n|move|p1a: Torterra|Shell Smash|p1a: Torterra\n|-unboost|p1a: Torterra|def|1\n|-unboost|p1a: Torterra|spd|1\n|-boost|p1a: Torterra|atk|2\n|-boost|p1a: Torterra|spa|2\n|-boost|p1a: Torterra|spe|2\n|\n|upkeep\n|turn|14\n|\n|t:|1701055545\n|move|p1a: Torterra|Bullet Seed|p2a: Assassin\n|-supereffective|p2a: Assassin\n|-damage|p2a: Assassin|21\/100\n|-supereffective|p2a: Assassin\n|-damage|p2a: Assassin|0 fnt\n|faint|p2a: Assassin\n|-hitcount|p2: Assassin|2\n|\n|upkeep\n|\n|t:|1701055550\n|switch|p2a: Sally|Salamence, F, shiny|100\/100\n|-ability|p2a: Sally|Intimidate|boost\n|-unboost|p1a: Torterra|atk|1\n|turn|15\n|\n|t:|1701055554\n|switch|p2a: Sand Genie|Landorus, M|100\/100\n|move|p1a: Torterra|Rock Blast|p2a: Sand Genie\n|-damage|p2a: Sand Genie|81\/100\n|-crit|p2a: Sand Genie\n|-damage|p2a: Sand Genie|49\/100\n|-damage|p2a: Sand Genie|29\/100\n|-damage|p2a: Sand Genie|8\/100\n|-damage|p2a: Sand Genie|0 fnt\n|faint|p2a: Sand Genie\n|-hitcount|p2: Sand Genie|5\n|\n|upkeep\n|\n|t:|1701055559\n|switch|p2a: Sally|Salamence, F, shiny|100\/100\n|-ability|p2a: Sally|Intimidate|boost\n|-unboost|p1a: Torterra|atk|1\n|turn|16\n|\n|t:|1701055567\n|detailschange|p2a: Sally|Salamence-Mega, F, shiny\n|-mega|p2a: Sally|Salamence|Salamencite\n|move|p1a: Torterra|Shell Smash|p1a: Torterra\n|-unboost|p1a: Torterra|def|1\n|-unboost|p1a: Torterra|spd|1\n|-boost|p1a: Torterra|atk|2\n|-boost|p1a: Torterra|spa|2\n|-boost|p1a: Torterra|spe|2\n|move|p2a: Sally|Dragon Dance|p2a: Sally\n|-boost|p2a: Sally|atk|1\n|-boost|p2a: Sally|spe|1\n|\n|upkeep\n|turn|17\n|\n|t:|1701055576\n|move|p1a: Torterra|Rock Blast|p2a: Sally|[miss]\n|-miss|p1a: Torterra|p2a: Sally\n|move|p2a: Sally|Earthquake|p1a: Torterra\n|-supereffective|p1a: Torterra\n|-damage|p1a: Torterra|0 fnt\n|faint|p1a: Torterra\n|\n|upkeep\n|c|\u2606KingoftheTitans|BRUH\n|\n|t:|1701055582\n|switch|p1a: Basculegion|Basculegion, M|100\/100\n|turn|18\n|\n|t:|1701055586\n|move|p2a: Sally|Return|p1a: Basculegion\n|-damage|p1a: Basculegion|0 fnt\n|faint|p1a: Basculegion\n|\n|win|Technimon0\n|raw|KingoftheTitans's rating: 1376 &rarr; <strong>1362<\/strong><br \/>(-14 for losing)\n|raw|Technimon0's rating: 1481 &rarr; <strong>1495<\/strong><br \/>(+14 for winning)\n|l|\u2606Technimon0\n","uploadtime":1701055596,"views":5,"p1id":"kingofthetitans","p2id":"technimon0","formatid":"gen9nationaldexubers","rating":1362,"private":0,"password":""}