{"id":"gen9nationaldexubers-1995523289","p1":"RedHoodKat","p2":"The power of ROCK","format":"[Gen 9] National Dex Ubers","log":"|j|\u2606RedHoodKat\n|j|\u2606The power of ROCK\n|t:|1700579629\n|gametype|singles\n|player|p1|RedHoodKat|colress|\n|player|p2|The power of ROCK|roark|\n|teamsize|p1|6\n|teamsize|p2|6\n|gen|9\n|tier|[Gen 9] National Dex Ubers\n|rule|HP Percentage Mod: HP is shown in percentages\n|rule|Endless Battle Clause: Forcing endless battles is banned\n|rule|OHKO Clause: OHKO moves are banned\n|rule|Evasion Moves Clause: Evasion moves are banned\n|rule|Evasion Items Clause: Evasion items are banned\n|rule|Species Clause: Limit one of each Pok\u00e9mon\n|rule|Sleep Clause Mod: Limit one foe put to sleep\n|rule|Mega Rayquaza Clause: You cannot mega evolve Rayquaza\n|clearpoke\n|poke|p1|Gholdengo|\n|poke|p1|Excadrill, M|\n|poke|p1|Bisharp, M|\n|poke|p1|Melmetal|\n|poke|p1|Lucario, M|\n|poke|p1|Arceus-Steel|\n|poke|p2|Tyranitar, M|\n|poke|p2|Garganacl, F|\n|poke|p2|Aggron, M|\n|poke|p2|Cradily, F|\n|poke|p2|Arceus-Rock|\n|poke|p2|Glimmora, F|\n|teampreview\n|c|\u2606The power of ROCK|Welcoem to the ROCK gym\n|\n|t:|1700579644\n|start\n|switch|p1a: Lucario|Lucario, M|100\/100\n|switch|p2a: Glimmora|Glimmora, F|100\/100\n|turn|1\n|c|\u2606RedHoodKat|im also trying to figure out how to let arceus be Shiney\n|c|\u2606The power of ROCK|lol\n|\n|t:|1700579662\n|detailschange|p1a: Lucario|Lucario-Mega, M\n|-mega|p1a: Lucario|Lucario|Lucarionite\n|move|p2a: Glimmora|Earth Power|p1a: Lucario\n|-supereffective|p1a: Lucario\n|-damage|p1a: Lucario|0 fnt\n|faint|p1a: Lucario\n|\n|upkeep\n|\n|t:|1700579670\n|switch|p1a: SmelSteel|Melmetal|100\/100\n|turn|2\n|\n|t:|1700579673\n|move|p2a: Glimmora|Earth Power|p1a: SmelSteel\n|-supereffective|p1a: SmelSteel\n|-damage|p1a: SmelSteel|57\/100\n|move|p1a: SmelSteel|Double Iron Bash|p2a: Glimmora\n|-supereffective|p2a: Glimmora\n|-damage|p2a: Glimmora|0 fnt\n|-activate|p2a: Glimmora|ability: Toxic Debris\n|-sidestart|p1: RedHoodKat|move: Toxic Spikes\n|faint|p2a: Glimmora\n|-hitcount|p2: Glimmora|1\n|\n|upkeep\n|\n|t:|1700579676\n|switch|p2a: Aggron|Aggron, M|100\/100\n|turn|3\n|\n|t:|1700579687\n|switch|p1a: Arceus|Arceus-Steel|100\/100\n|detailschange|p2a: Aggron|Aggron-Mega, M\n|-mega|p2a: Aggron|Aggron|Aggronite\n|move|p2a: Aggron|Body Press|p1a: Arceus\n|-supereffective|p1a: Arceus\n|-damage|p1a: Arceus|36\/100\n|\n|upkeep\n|turn|4\n|\n|t:|1700579704\n|move|p1a: Arceus|Dark Pulse|p2a: Aggron\n|-damage|p2a: Aggron|68\/100\n|move|p2a: Aggron|Body Press|p1a: Arceus\n|-supereffective|p1a: Arceus\n|-damage|p1a: Arceus|0 fnt\n|faint|p1a: Arceus\n|\n|upkeep\n|\n|t:|1700579710\n|switch|p1a: String Cheese|Gholdengo|100\/100\n|turn|5\n|\n|t:|1700579714\n|switch|p2a: Tyranitar|Tyranitar, M|100\/100\n|-weather|Sandstorm|[from] ability: Sand Stream|[of] p2a: Tyranitar\n|move|p1a: String Cheese|Shadow Ball|p2a: Tyranitar\n|-resisted|p2a: Tyranitar\n|-damage|p2a: Tyranitar|94\/100\n|\n|-weather|Sandstorm|[upkeep]\n|upkeep\n|turn|6\n|\n|t:|1700579717\n|move|p1a: String Cheese|Flash Cannon|p2a: Tyranitar\n|-supereffective|p2a: Tyranitar\n|-damage|p2a: Tyranitar|67\/100\n|move|p2a: Tyranitar|Pursuit|p1a: String Cheese\n|-supereffective|p1a: String Cheese\n|-damage|p1a: String Cheese|60\/100\n|\n|-weather|Sandstorm|[upkeep]\n|upkeep\n|turn|7\n|\n|t:|1700579723\n|move|p1a: String Cheese|Flash Cannon|p2a: Tyranitar\n|-supereffective|p2a: Tyranitar\n|-damage|p2a: Tyranitar|42\/100\n|-unboost|p2a: Tyranitar|spd|1\n|move|p2a: Tyranitar|Knock Off|p1a: String Cheese\n|-supereffective|p1a: String Cheese\n|-damage|p1a: String Cheese|0 fnt\n|-enditem|p1a: String Cheese|Wise Glasses|[from] move: Knock Off|[of] p2a: Tyranitar\n|faint|p1a: String Cheese\n|\n|-weather|Sandstorm|[upkeep]\n|upkeep\n|\n|t:|1700579735\n|switch|p1a: 2 Sharp|Bisharp, M, shiny|100\/100\n|turn|8\n|\n|t:|1700579738\n|move|p1a: 2 Sharp|Brick Break|p2a: Tyranitar\n|-supereffective|p2a: Tyranitar\n|-damage|p2a: Tyranitar|0 fnt\n|faint|p2a: Tyranitar\n|\n|-weather|Sandstorm|[upkeep]\n|upkeep\n|\n|t:|1700579741\n|switch|p2a: Aggron|Aggron-Mega, M|68\/100\n|turn|9\n|\n|t:|1700579745\n|move|p1a: 2 Sharp|Brick Break|p2a: Aggron\n|-supereffective|p2a: Aggron\n|-damage|p2a: Aggron|52\/100\n|move|p2a: Aggron|Iron Defense|p2a: Aggron\n|-boost|p2a: Aggron|def|2\n|\n|-weather|none\n|upkeep\n|turn|10\n|\n|t:|1700579752\n|move|p1a: 2 Sharp|Brick Break|p2a: Aggron\n|-supereffective|p2a: Aggron\n|-damage|p2a: Aggron|44\/100\n|move|p2a: Aggron|Body Press|p1a: 2 Sharp\n|-supereffective|p1a: 2 Sharp\n|-damage|p1a: 2 Sharp|0 fnt\n|faint|p1a: 2 Sharp\n|\n|upkeep\n|\n|t:|1700579757\n|switch|p1a: Mole Man|Excadrill, M|100\/100\n|-ability|p1a: Mole Man|Mold Breaker\n|turn|11\n|\n|t:|1700579761\n|move|p1a: Mole Man|Earthquake|p2a: Aggron\n|-supereffective|p2a: Aggron\n|-damage|p2a: Aggron|17\/100\n|move|p2a: Aggron|Body Press|p1a: Mole Man\n|-supereffective|p1a: Mole Man\n|-damage|p1a: Mole Man|0 fnt\n|faint|p1a: Mole Man\n|\n|upkeep\n|\n|t:|1700579766\n|switch|p1a: SmelSteel|Melmetal|57\/100\n|turn|12\n|\n|t:|1700579769\n|move|p2a: Aggron|Body Press|p1a: SmelSteel\n|-supereffective|p1a: SmelSteel\n|-damage|p1a: SmelSteel|0 fnt\n|faint|p1a: SmelSteel\n|\n|win|The power of ROCK\n|l|\u2606RedHoodKat\n|c|\u2606The power of ROCK|gg : )\n","uploadtime":1700579777,"views":0,"p1id":"redhoodkat","p2id":"thepowerofrock","formatid":"gen9nationaldexubers","rating":0,"private":0,"password":""}