{"id":"gen9nationaldexubers-1987203436","p1":"alcatel999","p2":"Elohim yt 08\u00b3","format":"[Gen 9] National Dex Ubers","log":"|j|\u2606alcatel999\n|j|\u2606Elohim yt 08\u00b3\n|t:|1699564934\n|gametype|singles\n|player|p1|alcatel999|rocketgrunt|\n|player|p2|Elohim yt 08\u00b3|hilbert|\n|teamsize|p1|6\n|teamsize|p2|6\n|gen|9\n|tier|[Gen 9] National Dex Ubers\n|rule|HP Percentage Mod: HP is shown in percentages\n|rule|Endless Battle Clause: Forcing endless battles is banned\n|rule|OHKO Clause: OHKO moves are banned\n|rule|Evasion Moves Clause: Evasion moves are banned\n|rule|Evasion Items Clause: Evasion items are banned\n|rule|Species Clause: Limit one of each Pok\u00e9mon\n|rule|Sleep Clause Mod: Limit one foe put to sleep\n|rule|Mega Rayquaza Clause: You cannot mega evolve Rayquaza\n|clearpoke\n|poke|p1|Diancie|\n|poke|p1|Klefki, F|\n|poke|p1|Mimikyu, M|\n|poke|p1|Tapu Fini|\n|poke|p1|Tapu Bulu|\n|poke|p1|Tapu Lele|\n|poke|p2|Alakazam, F|\n|poke|p2|Manectric, F|\n|poke|p2|Scizor, M|\n|poke|p2|Quagsire, F|\n|poke|p2|Crobat, F|\n|poke|p2|Farfetch\u2019d, M|\n|teampreview\n|\n|t:|1699564948\n|start\n|switch|p1a: Di-Vi-Na|Diancie|100\/100\n|switch|p2a: Crok|Crobat, F|100\/100\n|turn|1\n|\n|t:|1699564957\n|detailschange|p1a: Di-Vi-Na|Diancie-Mega\n|-mega|p1a: Di-Vi-Na|Diancie|Diancite\n|move|p2a: Crok|Steel Wing|p1a: Di-Vi-Na|[miss]\n|-miss|p2a: Crok|p1a: Di-Vi-Na\n|move|p1a: Di-Vi-Na|Stealth Rock|p2a: Crok\n|-sidestart|p2: Elohim yt 08\u00b3|move: Stealth Rock\n|\n|upkeep\n|turn|2\n|\n|t:|1699564971\n|switch|p1a: LaLlaveDeTuCorazon|Klefki, F|100\/100\n|move|p2a: Crok|Brave Bird|p1a: LaLlaveDeTuCorazon\n|-resisted|p1a: LaLlaveDeTuCorazon\n|-damage|p1a: LaLlaveDeTuCorazon|79\/100\n|-damage|p2a: Crok|93\/100|[from] Recoil\n|\n|upkeep\n|turn|3\n|\n|t:|1699564983\n|move|p1a: LaLlaveDeTuCorazon|Spikes|p2a: Crok\n|-sidestart|p2: Elohim yt 08\u00b3|Spikes\n|move|p2a: Crok|Steel Wing|p1a: LaLlaveDeTuCorazon\n|-damage|p1a: LaLlaveDeTuCorazon|64\/100\n|\n|upkeep\n|turn|4\n|\n|t:|1699564989\n|switch|p2a: Manectric|Manectric, F|100\/100\n|-damage|p2a: Manectric|88\/100|[from] Stealth Rock\n|-damage|p2a: Manectric|76\/100|[from] Spikes\n|move|p1a: LaLlaveDeTuCorazon|Reflect|p1a: LaLlaveDeTuCorazon\n|-sidestart|p1: alcatel999|Reflect\n|\n|upkeep\n|turn|5\n|\n|t:|1699564995\n|detailschange|p2a: Manectric|Manectric-Mega, F\n|-mega|p2a: Manectric|Manectric|Manectite\n|-ability|p2a: Manectric|Intimidate|boost\n|-unboost|p1a: LaLlaveDeTuCorazon|atk|1\n|move|p1a: LaLlaveDeTuCorazon|Light Screen|p1a: LaLlaveDeTuCorazon\n|-sidestart|p1: alcatel999|move: Light Screen\n|move|p2a: Manectric|Overheat|p1a: LaLlaveDeTuCorazon|[miss]\n|-miss|p2a: Manectric|p1a: LaLlaveDeTuCorazon\n|\n|upkeep\n|turn|6\n|\n|t:|1699565005\n|move|p1a: LaLlaveDeTuCorazon|Spikes|p2a: Manectric\n|-sidestart|p2: Elohim yt 08\u00b3|Spikes\n|move|p2a: Manectric|Volt Switch|p1a: LaLlaveDeTuCorazon\n|-damage|p1a: LaLlaveDeTuCorazon|41\/100\n|\n|t:|1699565011\n|switch|p2a: Quagsire|Quagsire, F|100\/100|[from] Volt Switch\n|-damage|p2a: Quagsire|94\/100|[from] Stealth Rock\n|-damage|p2a: Quagsire|78\/100|[from] Spikes\n|\n|-heal|p2a: Quagsire|84\/100|[from] item: Leftovers\n|upkeep\n|turn|7\n|\n|t:|1699565014\n|move|p1a: LaLlaveDeTuCorazon|Toxic|p2a: Quagsire\n|-status|p2a: Quagsire|tox\n|move|p2a: Quagsire|Toxic|p1a: LaLlaveDeTuCorazon\n|-immune|p1a: LaLlaveDeTuCorazon\n|\n|-heal|p2a: Quagsire|90\/100 tox|[from] item: Leftovers\n|-damage|p2a: Quagsire|84\/100 tox|[from] psn\n|upkeep\n|turn|8\n|\n|t:|1699565018\n|move|p1a: LaLlaveDeTuCorazon|Spikes|p2a: Quagsire\n|-sidestart|p2: Elohim yt 08\u00b3|Spikes\n|move|p2a: Quagsire|Earthquake|p1a: LaLlaveDeTuCorazon\n|-supereffective|p1a: LaLlaveDeTuCorazon\n|-damage|p1a: LaLlaveDeTuCorazon|13\/100\n|\n|-heal|p2a: Quagsire|90\/100 tox|[from] item: Leftovers\n|-damage|p2a: Quagsire|78\/100 tox|[from] psn\n|upkeep\n|turn|9\n|\n|t:|1699565025\n|switch|p1a: TapuBala|Tapu Bulu|100\/100\n|-fieldstart|move: Grassy Terrain|[from] ability: Grassy Surge|[of] p1a: TapuBala\n|move|p2a: Quagsire|Earthquake|p1a: TapuBala\n|-resisted|p1a: TapuBala\n|-damage|p1a: TapuBala|96\/100\n|\n|-heal|p1a: TapuBala|100\/100|[from] Grassy Terrain\n|-heal|p2a: Quagsire|84\/100 tox|[from] Grassy Terrain\n|-heal|p2a: Quagsire|90\/100 tox|[from] item: Leftovers\n|-damage|p2a: Quagsire|72\/100 tox|[from] psn\n|upkeep\n|turn|10\n|c|\u2606Elohim yt 08\u00b3|Me confund\u00ed de mov en crobat xd\n|c|\u2606alcatel999|Xd\n|\n|t:|1699565043\n|switch|p2a: Scizor|Scizor, M|100\/100\n|-damage|p2a: Scizor|88\/100|[from] Stealth Rock\n|-damage|p2a: Scizor|63\/100|[from] Spikes\n|move|p1a: TapuBala|Horn Leech|p2a: Scizor\n|-resisted|p2a: Scizor\n|-damage|p2a: Scizor|45\/100\n|\n|-heal|p2a: Scizor|52\/100|[from] Grassy Terrain\n|upkeep\n|turn|11\n|c|\u2606alcatel999|f\n|\n|t:|1699565048\n|switch|p1a: LelePancha|Tapu Lele|100\/100\n|-fieldstart|move: Psychic Terrain|[from] ability: Psychic Surge|[of] p1a: LelePancha\n|move|p2a: Scizor|Knock Off|p1a: LelePancha\n|-damage|p1a: LelePancha|78\/100\n|-enditem|p1a: LelePancha|Choice Scarf|[from] move: Knock Off|[of] p2a: Scizor\n|\n|-sideend|p1: alcatel999|Reflect\n|upkeep\n|turn|12\n|\n|t:|1699565057\n|move|p1a: LelePancha|Thunderbolt|p2a: Scizor\n|-damage|p2a: Scizor|19\/100\n|move|p2a: Scizor|Roost|p2a: Scizor\n|-heal|p2a: Scizor|69\/100\n|-singleturn|p2a: Scizor|move: Roost\n|\n|-sideend|p1: alcatel999|move: Light Screen\n|upkeep\n|turn|13\n|\n|t:|1699565068\n|move|p1a: LelePancha|Thunderbolt|p2a: Scizor\n|-damage|p2a: Scizor|37\/100\n|move|p2a: Scizor|Swords Dance|p2a: Scizor\n|-boost|p2a: Scizor|atk|2\n|\n|upkeep\n|turn|14\n|\n|t:|1699565075\n|move|p1a: LelePancha|Thunderbolt|p2a: Scizor\n|-damage|p2a: Scizor|5\/100\n|move|p2a: Scizor|Roost|p2a: Scizor\n|-heal|p2a: Scizor|55\/100\n|-singleturn|p2a: Scizor|move: Roost\n|\n|upkeep\n|turn|15\n|\n|t:|1699565081\n|move|p1a: LelePancha|Thunderbolt|p2a: Scizor\n|-damage|p2a: Scizor|22\/100\n|move|p2a: Scizor|Roost|p2a: Scizor\n|-heal|p2a: Scizor|72\/100\n|-singleturn|p2a: Scizor|move: Roost\n|\n|-fieldend|move: Psychic Terrain\n|upkeep\n|turn|16\n|\n|t:|1699565087\n|move|p2a: Scizor|Bullet Punch|p1a: LelePancha\n|-supereffective|p1a: LelePancha\n|-damage|p1a: LelePancha|0 fnt\n|faint|p1a: LelePancha\n|\n|upkeep\n|\n|t:|1699565097\n|switch|p1a: Di-Vi-Na|Diancie-Mega|100\/100\n|turn|17\n|\n|t:|1699565102\n|move|p1a: Di-Vi-Na|Mystical Fire|p2a: Scizor\n|-supereffective|p2a: Scizor\n|-damage|p2a: Scizor|0 fnt\n|faint|p2a: Scizor\n|\n|upkeep\n|\n|t:|1699565114\n|switch|p2a: Quagsire|Quagsire, F|72\/100 tox\n|-damage|p2a: Quagsire|66\/100 tox|[from] Stealth Rock\n|-damage|p2a: Quagsire|41\/100 tox|[from] Spikes\n|turn|18\n|\n|t:|1699565128\n|switch|p1a: TapuBala|Tapu Bulu|100\/100\n|-fieldstart|move: Grassy Terrain|[from] ability: Grassy Surge|[of] p1a: TapuBala\n|-terastallize|p2a: Quagsire|Water\n|move|p2a: Quagsire|Recover|p2a: Quagsire\n|-heal|p2a: Quagsire|91\/100 tox\n|\n|-heal|p2a: Quagsire|97\/100 tox|[from] Grassy Terrain\n|-heal|p2a: Quagsire|100\/100 tox|[from] item: Leftovers\n|-damage|p2a: Quagsire|94\/100 tox|[from] psn\n|upkeep\n|turn|19\n|\n|t:|1699565149\n|switch|p2a: Alakazam|Alakazam, F|100\/100\n|move|p1a: TapuBala|Horn Leech|p2a: Alakazam\n|-damage|p2a: Alakazam|0 fnt\n|faint|p2a: Alakazam\n|\n|upkeep\n|\n|t:|1699565151\n|switch|p2a: Farfetch\u2019d|Farfetch\u2019d, M|100\/100\n|-damage|p2a: Farfetch\u2019d|76\/100|[from] Stealth Rock\n|turn|20\n|\n|t:|1699565172\n|switch|p1a: LaLlaveDeTuCorazon|Klefki, F|13\/100\n|move|p2a: Farfetch\u2019d|Swords Dance|p2a: Farfetch\u2019d\n|-boost|p2a: Farfetch\u2019d|atk|2\n|\n|-heal|p1a: LaLlaveDeTuCorazon|19\/100|[from] Grassy Terrain\n|upkeep\n|turn|21\n|\n|t:|1699565198\n|move|p1a: LaLlaveDeTuCorazon|Reflect|p1a: LaLlaveDeTuCorazon\n|-sidestart|p1: alcatel999|Reflect\n|move|p2a: Farfetch\u2019d|Brave Bird|p1a: LaLlaveDeTuCorazon\n|-resisted|p1a: LaLlaveDeTuCorazon\n|-damage|p1a: LaLlaveDeTuCorazon|0 fnt\n|faint|p1a: LaLlaveDeTuCorazon\n|-damage|p2a: Farfetch\u2019d|67\/100|[from] Recoil\n|\n|upkeep\n|\n|t:|1699565205\n|switch|p1a: Di-Vi-Na|Diancie-Mega|100\/100\n|turn|22\n|\n|t:|1699565209\n|move|p1a: Di-Vi-Na|Moonblast|p2a: Farfetch\u2019d\n|-damage|p2a: Farfetch\u2019d|0 fnt\n|faint|p2a: Farfetch\u2019d\n|\n|-fieldend|move: Grassy Terrain\n|upkeep\n|\n|t:|1699565215\n|switch|p2a: Quagsire|Quagsire, F, tera:Water|94\/100 tox\n|-damage|p2a: Quagsire|82\/100 tox|[from] Stealth Rock\n|-damage|p2a: Quagsire|57\/100 tox|[from] Spikes\n|turn|23\n|\n|t:|1699565221\n|switch|p1a: TapuBala|Tapu Bulu|100\/100\n|-fieldstart|move: Grassy Terrain|[from] ability: Grassy Surge|[of] p1a: TapuBala\n|move|p2a: Quagsire|Recover|p2a: Quagsire\n|-heal|p2a: Quagsire|100\/100 tox\n|\n|-damage|p2a: Quagsire|94\/100 tox|[from] psn\n|upkeep\n|turn|24\n|\n|t:|1699565237\n|switch|p2a: Crok|Crobat, F|93\/100\n|-damage|p2a: Crok|69\/100|[from] Stealth Rock\n|move|p1a: TapuBala|Horn Leech|p2a: Crok\n|-resisted|p2a: Crok\n|-damage|p2a: Crok|46\/100\n|\n|upkeep\n|turn|25\n|\n|t:|1699565248\n|switch|p1a: Di-Vi-Na|Diancie-Mega|100\/100\n|move|p2a: Crok|Roost|p2a: Crok\n|-heal|p2a: Crok|96\/100\n|-singleturn|p2a: Crok|move: Roost\n|\n|-heal|p2a: Crok|100\/100|[from] Grassy Terrain\n|upkeep\n|turn|26\n|\n|t:|1699565259\n|switch|p2a: Quagsire|Quagsire, F, tera:Water|94\/100 tox\n|-damage|p2a: Quagsire|82\/100 tox|[from] Stealth Rock\n|-damage|p2a: Quagsire|57\/100 tox|[from] Spikes\n|move|p1a: Di-Vi-Na|Mystical Fire|p2a: Quagsire\n|-resisted|p2a: Quagsire\n|-damage|p2a: Quagsire|38\/100 tox\n|-unboost|p2a: Quagsire|spa|1\n|\n|-heal|p2a: Quagsire|44\/100 tox|[from] Grassy Terrain\n|-heal|p2a: Quagsire|50\/100 tox|[from] item: Leftovers\n|-damage|p2a: Quagsire|44\/100 tox|[from] psn\n|upkeep\n|turn|27\n|\n|t:|1699565278\n|switch|p2a: Crok|Crobat, F|100\/100\n|-damage|p2a: Crok|76\/100|[from] Stealth Rock\n|move|p1a: Di-Vi-Na|Moonblast|p2a: Crok\n|-resisted|p2a: Crok\n|-damage|p2a: Crok|37\/100\n|-unboost|p2a: Crok|spa|1\n|\n|-fieldend|move: Grassy Terrain\n|upkeep\n|turn|28\n|\n|t:|1699565287\n|move|p2a: Crok|Roost|p2a: Crok\n|-heal|p2a: Crok|87\/100\n|-singleturn|p2a: Crok|move: Roost\n|move|p1a: Di-Vi-Na|Earth Power|p2a: Crok\n|-supereffective|p2a: Crok\n|-crit|p2a: Crok\n|-damage|p2a: Crok|0 fnt\n|faint|p2a: Crok\n|\n|-sideend|p1: alcatel999|Reflect\n|upkeep\n|\n|t:|1699565291\n|switch|p2a: Manectric|Manectric-Mega, F|76\/100\n|-damage|p2a: Manectric|63\/100|[from] Stealth Rock\n|-damage|p2a: Manectric|38\/100|[from] Spikes\n|-ability|p2a: Manectric|Intimidate|boost\n|-unboost|p1a: Di-Vi-Na|atk|1\n|turn|29\n|\n|t:|1699565298\n|move|p2a: Manectric|Hidden Power|p1a: Di-Vi-Na\n|-damage|p1a: Di-Vi-Na|74\/100\n|move|p1a: Di-Vi-Na|Earth Power|p2a: Manectric\n|-supereffective|p2a: Manectric\n|-damage|p2a: Manectric|0 fnt\n|faint|p2a: Manectric\n|\n|upkeep\n|\n|t:|1699565301\n|switch|p2a: Quagsire|Quagsire, F, tera:Water|44\/100 tox\n|-damage|p2a: Quagsire|31\/100 tox|[from] Stealth Rock\n|-damage|p2a: Quagsire|6\/100 tox|[from] Spikes\n|turn|30\n|\n|t:|1699565307\n|move|p1a: Di-Vi-Na|Moonblast|p2a: Quagsire\n|-damage|p2a: Quagsire|0 fnt\n|faint|p2a: Quagsire\n|\n|win|alcatel999\n","uploadtime":1699565310,"views":6,"p1id":"alcatel999","p2id":"elohimyt08","formatid":"gen9nationaldexubers","rating":0,"private":0,"password":""}