{"id":"gen9nationaldexubers-1984842157","p1":"VinnyTheRose","p2":"scfvegrhjmkjhgvf","format":"[Gen 9] National Dex Ubers","log":"|j|\u2606VinnyTheRose\n|j|\u2606scfvegrhjmkjhgvf\n|t:|1699303630\n|gametype|singles\n|player|p1|VinnyTheRose|doubleteam|1227\n|player|p2|scfvegrhjmkjhgvf|169|1120\n|teamsize|p1|6\n|teamsize|p2|6\n|gen|9\n|tier|[Gen 9] National Dex Ubers\n|rated|\n|rule|HP Percentage Mod: HP is shown in percentages\n|rule|Endless Battle Clause: Forcing endless battles is banned\n|rule|OHKO Clause: OHKO moves are banned\n|rule|Evasion Moves Clause: Evasion moves are banned\n|rule|Evasion Items Clause: Evasion items are banned\n|rule|Species Clause: Limit one of each Pok\u00e9mon\n|rule|Sleep Clause Mod: Limit one foe put to sleep\n|rule|Mega Rayquaza Clause: You cannot mega evolve Rayquaza\n|clearpoke\n|poke|p1|Zapdos|\n|poke|p1|Moltres|\n|poke|p1|Mewtwo|\n|poke|p1|Dragonite, M|\n|poke|p1|Gyarados, M|\n|poke|p1|Chansey, F|\n|poke|p2|Sceptile, F|\n|poke|p2|Blaziken, F|\n|poke|p2|Swampert, F|\n|poke|p2|Torterra, M|\n|poke|p2|Infernape, F|\n|poke|p2|Empoleon, M|\n|teampreview\n|inactive|Battle timer is ON: inactive players will automatically lose when time's up. (requested by VinnyTheRose)\n|\n|t:|1699303641\n|start\n|switch|p1a: Chansey|Chansey, F|100\/100\n|switch|p2a: Blaziken|Blaziken, F|100\/100\n|turn|1\n|\n|t:|1699303654\n|move|p2a: Blaziken|High Jump Kick|p1a: Chansey\n|-supereffective|p1a: Chansey\n|-damage|p1a: Chansey|24\/100\n|move|p1a: Chansey|Toxic|p2a: Blaziken\n|-status|p2a: Blaziken|tox\n|\n|-damage|p2a: Blaziken|95\/100 tox|[from] psn\n|-ability|p2a: Blaziken|Speed Boost|boost\n|-boost|p2a: Blaziken|spe|1\n|upkeep\n|turn|2\n|\n|t:|1699303669\n|switch|p1a: Gyarados|Gyarados, M|100\/100\n|move|p2a: Blaziken|Power-Up Punch|p1a: Gyarados\n|-resisted|p1a: Gyarados\n|-damage|p1a: Gyarados|88\/100\n|-boost|p2a: Blaziken|atk|1\n|\n|-damage|p2a: Blaziken|83\/100 tox|[from] psn\n|-ability|p2a: Blaziken|Speed Boost|boost\n|-boost|p2a: Blaziken|spe|1\n|upkeep\n|turn|3\n|\n|t:|1699303696\n|switch|p2a: Torterra|Torterra, M|100\/100\n|move|p1a: Gyarados|Waterfall|p2a: Torterra\n|-damage|p2a: Torterra|78\/100\n|\n|-heal|p2a: Torterra|84\/100|[from] item: Leftovers\n|upkeep\n|turn|4\n|\n|t:|1699303711\n|-zpower|p1a: Gyarados\n|move|p1a: Gyarados|Supersonic Skystrike|p2a: Torterra|[zeffect]\n|-supereffective|p2a: Torterra\n|-damage|p2a: Torterra|0 fnt\n|faint|p2a: Torterra\n|-ability|p1a: Gyarados|Moxie|boost\n|-boost|p1a: Gyarados|atk|1\n|\n|upkeep\n|\n|t:|1699303730\n|switch|p2a: Empoleon|Empoleon, M|100\/100\n|turn|5\n|inactive|VinnyTheRose has 120 seconds left.\n|\n|t:|1699303750\n|move|p1a: Gyarados|Dragon Dance|p1a: Gyarados\n|-boost|p1a: Gyarados|atk|1\n|-boost|p1a: Gyarados|spe|1\n|move|p2a: Empoleon|Ice Beam|p1a: Gyarados\n|-damage|p1a: Gyarados|58\/100\n|\n|upkeep\n|turn|6\n|\n|t:|1699303761\n|move|p1a: Gyarados|Earthquake|p2a: Empoleon\n|-supereffective|p2a: Empoleon\n|-damage|p2a: Empoleon|0 fnt\n|faint|p2a: Empoleon\n|-ability|p1a: Gyarados|Moxie|boost\n|-boost|p1a: Gyarados|atk|1\n|\n|upkeep\n|inactive|scfvegrhjmkjhgvf has 120 seconds left.\n|\n|t:|1699303812\n|switch|p2a: Swampert|Swampert, F|100\/100\n|turn|7\n|inactive|VinnyTheRose has 120 seconds left.\n|\n|t:|1699303835\n|detailschange|p2a: Swampert|Swampert-Mega, F\n|-mega|p2a: Swampert|Swampert|Swampertite\n|move|p1a: Gyarados|Bounce||[still]\n|-prepare|p1a: Gyarados|Bounce\n|move|p2a: Swampert|Flip Turn|p1a: Gyarados|[miss]\n|-miss|p2a: Swampert|p1a: Gyarados\n|\n|upkeep\n|turn|8\n|\n|t:|1699303846\n|move|p1a: Gyarados|Bounce|p2a: Swampert|[from]lockedmove\n|-damage|p2a: Swampert|20\/100\n|-status|p2a: Swampert|par\n|cant|p2a: Swampert|par\n|\n|upkeep\n|turn|9\n|-message|scfvegrhjmkjhgvf forfeited.\n|\n|win|VinnyTheRose\n|raw|VinnyTheRose's rating: 1227 &rarr; <strong>1245<\/strong><br \/>(+18 for winning)\n|raw|scfvegrhjmkjhgvf's rating: 1120 &rarr; <strong>1102<\/strong><br \/>(-18 for losing)\n|l|\u2606scfvegrhjmkjhgvf\n","uploadtime":1699303858,"views":6,"p1id":"vinnytherose","p2id":"scfvegrhjmkjhgvf","formatid":"gen9nationaldexubers","rating":1102,"private":0,"password":""}