{"id":"gen9nationaldexubers-1991471614","p1":"ApocalypticTofu","p2":"Xanvoir","format":"[Gen 9] National Dex Ubers","log":"|j|\u2606ApocalypticTofu\n|j|\u2606Xanvoir\n|t:|1700080032\n|gametype|singles\n|player|p1|ApocalypticTofu|plasmagrunt|\n|player|p2|Xanvoir|170|\n|teamsize|p1|6\n|teamsize|p2|6\n|gen|9\n|tier|[Gen 9] National Dex Ubers\n|rule|HP Percentage Mod: HP is shown in percentages\n|rule|Endless Battle Clause: Forcing endless battles is banned\n|rule|OHKO Clause: OHKO moves are banned\n|rule|Evasion Moves Clause: Evasion moves are banned\n|rule|Evasion Items Clause: Evasion items are banned\n|rule|Species Clause: Limit one of each Pok\u00e9mon\n|rule|Sleep Clause Mod: Limit one foe put to sleep\n|rule|Mega Rayquaza Clause: You cannot mega evolve Rayquaza\n|clearpoke\n|poke|p1|Ribombee, M|\n|poke|p1|Kleavor, F|\n|poke|p1|Volcarona, F|\n|poke|p1|Vikavolt, F|\n|poke|p1|Slither Wing|\n|poke|p1|Pinsir, F|\n|poke|p2|Sableye, M|\n|poke|p2|Weavile, F|\n|poke|p2|Mandibuzz, F|\n|poke|p2|Meowscarada, M|\n|poke|p2|Roaring Moon|\n|poke|p2|Kingambit, M|\n|teampreview\n|l|\u2606Xanvoir\n|player|p2|\n|j| CloysterEnjoyer\n|c| CloysterEnjoyer|ok#\n|j|\u2606Xanvoir\n|player|p2|Xanvoir|170\n|j| Wujuh\n|j| RaVeDreNch\n|c|\u2606ApocalypticTofu|oh shoot\n|c| CloysterEnjoyer|hint: dont loose\n|j| Rainer367\n|c|\u2606ApocalypticTofu|lemme think\n|\n|t:|1700080089\n|start\n|switch|p1a: Kleavor|Kleavor, F|100\/100\n|switch|p2a: Sableye|Sableye, M|100\/100\n|turn|1\n|\n|t:|1700080101\n|detailschange|p2a: Sableye|Sableye-Mega, M\n|-mega|p2a: Sableye|Sableye|Sablenite\n|move|p1a: Kleavor|U-turn|p2a: Sableye\n|-damage|p2a: Sableye|51\/100\n|c|\u2606ApocalypticTofu|6????!???\n|\n|t:|1700080115\n|switch|p1a: Vikavolt|Vikavolt, F|100\/100|[from] U-turn\n|move|p2a: Sableye|Will-O-Wisp|p1a: Vikavolt|[miss]\n|-miss|p2a: Sableye|p1a: Vikavolt\n|\n|upkeep\n|turn|2\n|\n|t:|1700080129\n|move|p1a: Vikavolt|Bug Buzz|p2a: Sableye\n|-damage|p2a: Sableye|0 fnt\n|faint|p2a: Sableye\n|\n|upkeep\n|c| CloysterEnjoyer|does magic bounce affect stone axe?\n|c|\u2606Xanvoir|Damn\n|c|\u2606Xanvoir|No idea\n|\n|t:|1700080144\n|switch|p2a: Roaring Moon|Roaring Moon|100\/100\n|-enditem|p2a: Roaring Moon|Booster Energy\n|-activate|p2a: Roaring Moon|ability: Protosynthesis|[fromitem]\n|-start|p2a: Roaring Moon|protosynthesisspe\n|turn|3\n|c|\u2606ApocalypticTofu|i didn't use stone axe?\n|c|\u2606ApocalypticTofu|wdym\n|\n|t:|1700080164\n|-terastallize|p2a: Roaring Moon|Flying\n|move|p2a: Roaring Moon|Dragon Dance|p2a: Roaring Moon\n|-boost|p2a: Roaring Moon|atk|1\n|-boost|p2a: Roaring Moon|spe|1\n|move|p1a: Vikavolt|Bug Buzz|p2a: Roaring Moon\n|-resisted|p2a: Roaring Moon\n|-damage|p2a: Roaring Moon|62\/100\n|\n|upkeep\n|turn|4\n|\n|t:|1700080171\n|move|p2a: Roaring Moon|Acrobatics|p1a: Vikavolt\n|-damage|p1a: Vikavolt|5\/100\n|move|p1a: Vikavolt|Bug Buzz|p2a: Roaring Moon\n|-resisted|p2a: Roaring Moon\n|-damage|p2a: Roaring Moon|24\/100\n|\n|upkeep\n|turn|5\n|c| CloysterEnjoyer|interesting\n|\n|t:|1700080180\n|move|p2a: Roaring Moon|Acrobatics|p1a: Vikavolt\n|-damage|p1a: Vikavolt|0 fnt\n|faint|p1a: Vikavolt\n|\n|upkeep\n|\n|t:|1700080185\n|switch|p1a: Pinsir|Pinsir, F|100\/100\n|turn|6\n|c|\u2606ApocalypticTofu|had to check lol\n|\n|t:|1700080205\n|detailschange|p1a: Pinsir|Pinsir-Mega, F\n|-mega|p1a: Pinsir|Pinsir|Pinsirite\n|move|p1a: Pinsir|Quick Attack|p2a: Roaring Moon\n|-damage|p2a: Roaring Moon|0 fnt\n|faint|p2a: Roaring Moon\n|-end|p2a: Roaring Moon|Protosynthesis|[silent]\n|\n|upkeep\n|\n|t:|1700080212\n|switch|p2a: Weavile|Weavile, F|100\/100\n|-ability|p2a: Weavile|Pressure\n|turn|7\n|\n|t:|1700080220\n|move|p2a: Weavile|Triple Axel|p1a: Pinsir\n|-supereffective|p1a: Pinsir\n|-damage|p1a: Pinsir|81\/100\n|-supereffective|p1a: Pinsir\n|-damage|p1a: Pinsir|38\/100\n|-supereffective|p1a: Pinsir\n|-damage|p1a: Pinsir|0 fnt\n|faint|p1a: Pinsir\n|-hitcount|p1: Pinsir|3\n|\n|upkeep\n|c|\u2606ApocalypticTofu|it does more every time?\n|\n|t:|1700080234\n|switch|p1a: Ribombee|Ribombee, M|100\/100\n|turn|8\n|c|\u2606Xanvoir|Yes\n|c| CloysterEnjoyer|yup\n|c|\u2606Xanvoir|like triple kick\n|c| CloysterEnjoyer|but each hit can miss\n|c|\u2606ApocalypticTofu|i see\n|\n|t:|1700080247\n|switch|p2a: Mandibuzz|Mandibuzz, F|100\/100\n|move|p1a: Ribombee|Tailwind|p1a: Ribombee\n|-sidestart|p1: ApocalypticTofu|move: Tailwind\n|\n|upkeep\n|turn|9\n|\n|t:|1700080263\n|move|p1a: Ribombee|Moonblast|p2a: Mandibuzz\n|-supereffective|p2a: Mandibuzz\n|-damage|p2a: Mandibuzz|28\/100\n|-unboost|p2a: Mandibuzz|spa|1\n|move|p2a: Mandibuzz|Tailwind|p2a: Mandibuzz\n|-sidestart|p2: Xanvoir|move: Tailwind\n|\n|upkeep\n|turn|10\n|\n|t:|1700080270\n|move|p1a: Ribombee|Moonblast|p2a: Mandibuzz\n|-supereffective|p2a: Mandibuzz\n|-damage|p2a: Mandibuzz|0 fnt\n|faint|p2a: Mandibuzz\n|\n|upkeep\n|\n|t:|1700080278\n|switch|p2a: Weavile|Weavile, F|100\/100\n|-ability|p2a: Weavile|Pressure\n|turn|11\n|\n|t:|1700080292\n|move|p2a: Weavile|Triple Axel|p1a: Ribombee\n|-damage|p1a: Ribombee|79\/100\n|-damage|p1a: Ribombee|36\/100\n|-damage|p1a: Ribombee|0 fnt\n|faint|p1a: Ribombee\n|-hitcount|p1: Ribombee|3\n|\n|-sideend|p1: ApocalypticTofu|move: Tailwind\n|upkeep\n|c| CloysterEnjoyer|no miss?\n|c|\u2606ApocalypticTofu|i'm going to kill that move\n|c|\u2606Xanvoir|Lol\n|\n|t:|1700080310\n|switch|p1a: Slither Wing|Slither Wing|100\/100\n|-enditem|p1a: Slither Wing|Booster Energy\n|-activate|p1a: Slither Wing|ability: Protosynthesis|[fromitem]\n|-start|p1a: Slither Wing|protosynthesisatk\n|turn|12\n|\n|t:|1700080318\n|-terastallize|p1a: Slither Wing|Fighting\n|move|p1a: Slither Wing|First Impression|p2a: Weavile\n|-supereffective|p2a: Weavile\n|-damage|p2a: Weavile|0 fnt\n|faint|p2a: Weavile\n|\n|-sideend|p2: Xanvoir|move: Tailwind\n|upkeep\n|c| CloysterEnjoyer|kill the move\n|\n|t:|1700080321\n|switch|p2a: Meowscarada|Meowscarada, M|100\/100\n|turn|13\n|c| CloysterEnjoyer|killed!\n|\n|t:|1700080328\n|move|p2a: Meowscarada|Play Rough|p1a: Slither Wing\n|-supereffective|p1a: Slither Wing\n|-damage|p1a: Slither Wing|0 fnt\n|faint|p1a: Slither Wing\n|-end|p1a: Slither Wing|Protosynthesis|[silent]\n|\n|upkeep\n|\n|t:|1700080337\n|switch|p1a: Volcarona|Volcarona, F|100\/100\n|turn|14\n|\n|t:|1700080340\n|move|p2a: Meowscarada|Play Rough|p1a: Volcarona\n|-resisted|p1a: Volcarona\n|-damage|p1a: Volcarona|69\/100\n|-status|p2a: Meowscarada|brn|[from] ability: Flame Body|[of] p1a: Volcarona\n|move|p1a: Volcarona|Fiery Dance|p2a: Meowscarada\n|-supereffective|p2a: Meowscarada\n|-damage|p2a: Meowscarada|0 fnt\n|-boost|p1a: Volcarona|spa|1\n|faint|p2a: Meowscarada\n|\n|upkeep\n|\n|t:|1700080343\n|switch|p2a: Kingambit|Kingambit, M|100\/100\n|-activate|p2a: Kingambit|ability: Supreme Overlord\n|-start|p2a: Kingambit|fallen5|[silent]\n|turn|15\n|c| CloysterEnjoyer|ooof\n|\n|t:|1700080354\n|move|p2a: Kingambit|Sucker Punch|p1a: Volcarona\n|-damage|p1a: Volcarona|0 fnt\n|-status|p2a: Kingambit|brn|[from] ability: Flame Body|[of] p1a: Volcarona\n|faint|p1a: Volcarona\n|\n|-damage|p2a: Kingambit|94\/100 brn|[from] brn\n|upkeep\n|\n|t:|1700080361\n|switch|p1a: Kleavor|Kleavor, F|100\/100\n|turn|16\n|c| CloysterEnjoyer|bruh\n|c|\u2606ApocalypticTofu|gg then lol\n|\n|t:|1700080369\n|move|p1a: Kleavor|X-Scissor|p2a: Kingambit\n|-crit|p2a: Kingambit\n|-damage|p2a: Kingambit|0 fnt\n|faint|p2a: Kingambit\n|-end|p2a: Kingambit|fallen5|[silent]\n|\n|win|ApocalypticTofu\n|c| CloysterEnjoyer|30% burn\n|c| Rainer367|damn\n|c| Rainer367|DAMN\n","uploadtime":1700080376,"views":8,"p1id":"apocalyptictofu","p2id":"xanvoir","formatid":"gen9nationaldexubers","rating":0,"private":0,"password":""}