{"id":"gen9nationaldexubers-1988939369","p1":"AERO-M0DE\u2b06\ufe0f","p2":"Under.A","format":"[Gen 9] National Dex Ubers","log":"|j|\u2606AERO-M0DE\u2b06\ufe0f\n|j|\u2606Under.A\n|t:|1699791431\n|gametype|singles\n|player|p1|AERO-M0DE\u2b06\ufe0f|winona-gen6|1152\n|player|p2|Under.A|2|1161\n|teamsize|p1|6\n|teamsize|p2|6\n|gen|9\n|tier|[Gen 9] National Dex Ubers\n|rated|\n|rule|HP Percentage Mod: HP is shown in percentages\n|rule|Endless Battle Clause: Forcing endless battles is banned\n|rule|OHKO Clause: OHKO moves are banned\n|rule|Evasion Moves Clause: Evasion moves are banned\n|rule|Evasion Items Clause: Evasion items are banned\n|rule|Species Clause: Limit one of each Pok\u00e9mon\n|rule|Sleep Clause Mod: Limit one foe put to sleep\n|rule|Mega Rayquaza Clause: You cannot mega evolve Rayquaza\n|clearpoke\n|poke|p1|Skarmory, F|\n|poke|p1|Talonflame, M|\n|poke|p1|Crobat, M|\n|poke|p1|Noivern, M|\n|poke|p1|Lugia|\n|poke|p1|Arceus-Flying|\n|poke|p2|Dialga-Origin|\n|poke|p2|Palkia-Origin|\n|poke|p2|Iron Bundle|\n|poke|p2|Incineroar, M|\n|poke|p2|Deoxys-Attack|\n|poke|p2|Abomasnow, M|\n|teampreview\n|inactive|Battle timer is ON: inactive players will automatically lose when time's up. (requested by Under.A)\n|\n|t:|1699791446\n|start\n|switch|p1a: \ud83c\udf2cTALONFLAME\ud83c\udf2a\ud83c\udf2a|Talonflame, M, shiny|100\/100\n|switch|p2a: Deoxys|Deoxys-Attack|100\/100\n|-ability|p2a: Deoxys|Pressure\n|turn|1\n|\n|t:|1699791456\n|move|p1a: \ud83c\udf2cTALONFLAME\ud83c\udf2a\ud83c\udf2a|Brave Bird|p2a: Deoxys\n|-damage|p2a: Deoxys|0 fnt\n|faint|p2a: Deoxys\n|-damage|p1a: \ud83c\udf2cTALONFLAME\ud83c\udf2a\ud83c\udf2a|74\/100|[from] Recoil\n|\n|upkeep\n|\n|t:|1699791464\n|switch|p2a: Abomasnow|Abomasnow, M|100\/100\n|-weather|Snow|[from] ability: Snow Warning|[of] p2a: Abomasnow\n|turn|2\n|\n|t:|1699791470\n|detailschange|p2a: Abomasnow|Abomasnow-Mega, M\n|-mega|p2a: Abomasnow|Abomasnow|Abomasite\n|move|p1a: \ud83c\udf2cTALONFLAME\ud83c\udf2a\ud83c\udf2a|Rain Dance|p1a: \ud83c\udf2cTALONFLAME\ud83c\udf2a\ud83c\udf2a\n|-weather|RainDance\n|move|p2a: Abomasnow|Blizzard|p1a: \ud83c\udf2cTALONFLAME\ud83c\udf2a\ud83c\udf2a|[miss]\n|-miss|p2a: Abomasnow|p1a: \ud83c\udf2cTALONFLAME\ud83c\udf2a\ud83c\udf2a\n|\n|-weather|RainDance|[upkeep]\n|upkeep\n|turn|3\n|\n|t:|1699791480\n|switch|p2a: Palkia|Palkia-Origin|100\/100\n|-ability|p2a: Palkia|Pressure\n|move|p1a: \ud83c\udf2cTALONFLAME\ud83c\udf2a\ud83c\udf2a|Brave Bird|p2a: Palkia\n|-damage|p2a: Palkia|58\/100\n|-damage|p1a: \ud83c\udf2cTALONFLAME\ud83c\udf2a\ud83c\udf2a|59\/100|[from] Recoil\n|\n|-weather|RainDance|[upkeep]\n|upkeep\n|turn|4\n|\n|t:|1699791496\n|move|p1a: \ud83c\udf2cTALONFLAME\ud83c\udf2a\ud83c\udf2a|Brave Bird|p2a: Palkia\n|-damage|p2a: Palkia|17\/100\n|-damage|p1a: \ud83c\udf2cTALONFLAME\ud83c\udf2a\ud83c\udf2a|44\/100|[from] Recoil\n|move|p2a: Palkia|Hydro Pump|p1a: \ud83c\udf2cTALONFLAME\ud83c\udf2a\ud83c\udf2a\n|-supereffective|p1a: \ud83c\udf2cTALONFLAME\ud83c\udf2a\ud83c\udf2a\n|-damage|p1a: \ud83c\udf2cTALONFLAME\ud83c\udf2a\ud83c\udf2a|0 fnt\n|faint|p1a: \ud83c\udf2cTALONFLAME\ud83c\udf2a\ud83c\udf2a\n|\n|-weather|RainDance|[upkeep]\n|upkeep\n|\n|t:|1699791511\n|switch|p1a: \ud83c\udf2cNOIVERN\ud83c\udf2a\ud83c\udf2a|Noivern, M, shiny|100\/100\n|-item|p2a: Palkia|Lustrous Globe|[from] ability: Frisk|[of] p1a: \ud83c\udf2cNOIVERN\ud83c\udf2a\ud83c\udf2a|[identify]\n|turn|5\n|\n|t:|1699791519\n|move|p1a: \ud83c\udf2cNOIVERN\ud83c\udf2a\ud83c\udf2a|Hurricane|p2a: Palkia\n|-damage|p2a: Palkia|0 fnt\n|faint|p2a: Palkia\n|\n|-weather|RainDance|[upkeep]\n|upkeep\n|\n|t:|1699791525\n|switch|p2a: Abomasnow|Abomasnow-Mega, M|100\/100\n|-weather|Snow|[from] ability: Snow Warning|[of] p2a: Abomasnow\n|turn|6\n|\n|t:|1699791531\n|move|p1a: \ud83c\udf2cNOIVERN\ud83c\udf2a\ud83c\udf2a|Air Slash|p2a: Abomasnow\n|-supereffective|p2a: Abomasnow\n|-damage|p2a: Abomasnow|16\/100\n|cant|p2a: Abomasnow|flinch\n|\n|-weather|Snow|[upkeep]\n|upkeep\n|turn|7\n|\n|t:|1699791538\n|move|p1a: \ud83c\udf2cNOIVERN\ud83c\udf2a\ud83c\udf2a|Air Slash|p2a: Abomasnow\n|-supereffective|p2a: Abomasnow\n|-damage|p2a: Abomasnow|0 fnt\n|faint|p2a: Abomasnow\n|\n|-weather|Snow|[upkeep]\n|upkeep\n|\n|t:|1699791544\n|switch|p2a: Iron Bundle|Iron Bundle|100\/100\n|turn|8\n|\n|t:|1699791550\n|move|p2a: Iron Bundle|Blizzard|p1a: \ud83c\udf2cNOIVERN\ud83c\udf2a\ud83c\udf2a\n|-supereffective|p1a: \ud83c\udf2cNOIVERN\ud83c\udf2a\ud83c\udf2a\n|-crit|p1a: \ud83c\udf2cNOIVERN\ud83c\udf2a\ud83c\udf2a\n|-damage|p1a: \ud83c\udf2cNOIVERN\ud83c\udf2a\ud83c\udf2a|0 fnt\n|faint|p1a: \ud83c\udf2cNOIVERN\ud83c\udf2a\ud83c\udf2a\n|\n|-weather|Snow|[upkeep]\n|upkeep\n|\n|t:|1699791575\n|switch|p1a: \ud83c\udf2cSKARMORY\ud83c\udf2a\ud83c\udf2a|Skarmory, F, shiny|100\/100\n|turn|9\n|\n|t:|1699791580\n|move|p2a: Iron Bundle|Blizzard|p1a: \ud83c\udf2cSKARMORY\ud83c\udf2a\ud83c\udf2a\n|-damage|p1a: \ud83c\udf2cSKARMORY\ud83c\udf2a\ud83c\udf2a|0 fnt\n|faint|p1a: \ud83c\udf2cSKARMORY\ud83c\udf2a\ud83c\udf2a\n|\n|-weather|Snow|[upkeep]\n|upkeep\n|\n|t:|1699791588\n|switch|p1a: \ud83c\udf2cCROBAT\ud83c\udf2a\ud83c\udf2a|Crobat, M, shiny|100\/100\n|turn|10\n|\n|t:|1699791594\n|move|p2a: Iron Bundle|Blizzard|p1a: \ud83c\udf2cCROBAT\ud83c\udf2a\ud83c\udf2a\n|-supereffective|p1a: \ud83c\udf2cCROBAT\ud83c\udf2a\ud83c\udf2a\n|-damage|p1a: \ud83c\udf2cCROBAT\ud83c\udf2a\ud83c\udf2a|0 fnt\n|faint|p1a: \ud83c\udf2cCROBAT\ud83c\udf2a\ud83c\udf2a\n|\n|-weather|none\n|upkeep\n|\n|t:|1699791605\n|switch|p1a: \ud83c\udf2cLUGIA\ud83c\udf2a\ud83c\udf2a|Lugia|100\/100\n|turn|11\n|\n|t:|1699791614\n|-terastallize|p2a: Iron Bundle|Ice\n|move|p2a: Iron Bundle|Freeze-Dry|p1a: \ud83c\udf2cLUGIA\ud83c\udf2a\ud83c\udf2a\n|-supereffective|p1a: \ud83c\udf2cLUGIA\ud83c\udf2a\ud83c\udf2a\n|-damage|p1a: \ud83c\udf2cLUGIA\ud83c\udf2a\ud83c\udf2a|68\/100\n|move|p1a: \ud83c\udf2cLUGIA\ud83c\udf2a\ud83c\udf2a|Calm Mind|p1a: \ud83c\udf2cLUGIA\ud83c\udf2a\ud83c\udf2a\n|-boost|p1a: \ud83c\udf2cLUGIA\ud83c\udf2a\ud83c\udf2a|spa|1\n|-boost|p1a: \ud83c\udf2cLUGIA\ud83c\udf2a\ud83c\udf2a|spd|1\n|\n|upkeep\n|turn|12\n|\n|t:|1699791635\n|-terastallize|p1a: \ud83c\udf2cLUGIA\ud83c\udf2a\ud83c\udf2a|Flying\n|move|p2a: Iron Bundle|Taunt|p1a: \ud83c\udf2cLUGIA\ud83c\udf2a\ud83c\udf2a\n|-start|p1a: \ud83c\udf2cLUGIA\ud83c\udf2a\ud83c\udf2a|move: Taunt\n|move|p1a: \ud83c\udf2cLUGIA\ud83c\udf2a\ud83c\udf2a|Aeroblast|p2a: Iron Bundle\n|-crit|p2a: Iron Bundle\n|-damage|p2a: Iron Bundle|0 fnt\n|faint|p2a: Iron Bundle\n|-end|p2a: Iron Bundle|Quark Drive|[silent]\n|\n|upkeep\n|\n|t:|1699791644\n|switch|p2a: Dialga|Dialga-Origin|100\/100\n|-ability|p2a: Dialga|Pressure\n|turn|13\n|\n|t:|1699791650\n|move|p1a: \ud83c\udf2cLUGIA\ud83c\udf2a\ud83c\udf2a|Aeroblast|p2a: Dialga\n|-resisted|p2a: Dialga\n|-crit|p2a: Dialga\n|-damage|p2a: Dialga|45\/100\n|move|p2a: Dialga|Draco Meteor|p1a: \ud83c\udf2cLUGIA\ud83c\udf2a\ud83c\udf2a\n|-damage|p1a: \ud83c\udf2cLUGIA\ud83c\udf2a\ud83c\udf2a|34\/100\n|-unboost|p2a: Dialga|spa|2\n|\n|upkeep\n|turn|14\n|\n|t:|1699791661\n|move|p1a: \ud83c\udf2cLUGIA\ud83c\udf2a\ud83c\udf2a|Aeroblast|p2a: Dialga\n|-resisted|p2a: Dialga\n|-damage|p2a: Dialga|10\/100\n|move|p2a: Dialga|Steel Beam|p1a: \ud83c\udf2cLUGIA\ud83c\udf2a\ud83c\udf2a\n|-damage|p1a: \ud83c\udf2cLUGIA\ud83c\udf2a\ud83c\udf2a|16\/100\n|-damage|p2a: Dialga|0 fnt|[from] steelbeam\n|faint|p2a: Dialga\n|\n|-end|p1a: \ud83c\udf2cLUGIA\ud83c\udf2a\ud83c\udf2a|move: Taunt\n|upkeep\n|\n|t:|1699791670\n|switch|p2a: Incineroar|Incineroar, M|100\/100\n|-ability|p2a: Incineroar|Intimidate|boost\n|-unboost|p1a: \ud83c\udf2cLUGIA\ud83c\udf2a\ud83c\udf2a|atk|1\n|turn|15\n|\n|t:|1699791677\n|move|p2a: Incineroar|Fake Out|p1a: \ud83c\udf2cLUGIA\ud83c\udf2a\ud83c\udf2a\n|-damage|p1a: \ud83c\udf2cLUGIA\ud83c\udf2a\ud83c\udf2a|8\/100\n|cant|p1a: \ud83c\udf2cLUGIA\ud83c\udf2a\ud83c\udf2a|flinch\n|\n|upkeep\n|turn|16\n|\n|t:|1699791682\n|move|p1a: \ud83c\udf2cLUGIA\ud83c\udf2a\ud83c\udf2a|Aeroblast|p2a: Incineroar\n|-damage|p2a: Incineroar|25\/100\n|move|p2a: Incineroar|Knock Off|p1a: \ud83c\udf2cLUGIA\ud83c\udf2a\ud83c\udf2a\n|-damage|p1a: \ud83c\udf2cLUGIA\ud83c\udf2a\ud83c\udf2a|0 fnt\n|-enditem|p1a: \ud83c\udf2cLUGIA\ud83c\udf2a\ud83c\udf2a|Sky Plate|[from] move: Knock Off|[of] p2a: Incineroar\n|faint|p1a: \ud83c\udf2cLUGIA\ud83c\udf2a\ud83c\udf2a\n|\n|upkeep\n|\n|t:|1699791691\n|switch|p1a: \ud83c\udf2cARCEUS-FLYING\ud83c\udf2a|Arceus-Flying|100\/100\n|turn|17\n|\n|t:|1699791697\n|move|p1a: \ud83c\udf2cARCEUS-FLYING\ud83c\udf2a|Hurricane|p2a: Incineroar|[miss]\n|-miss|p1a: \ud83c\udf2cARCEUS-FLYING\ud83c\udf2a|p2a: Incineroar\n|move|p2a: Incineroar|Flare Blitz|p1a: \ud83c\udf2cARCEUS-FLYING\ud83c\udf2a\n|-damage|p1a: \ud83c\udf2cARCEUS-FLYING\ud83c\udf2a|63\/100\n|-damage|p2a: Incineroar|13\/100|[from] Recoil\n|\n|upkeep\n|turn|18\n|\n|t:|1699791706\n|move|p1a: \ud83c\udf2cARCEUS-FLYING\ud83c\udf2a|Air Slash|p2a: Incineroar\n|-damage|p2a: Incineroar|0 fnt\n|faint|p2a: Incineroar\n|\n|win|AERO-M0DE\u2b06\ufe0f\n|raw|AERO-M0DE\u2b06\ufe0f's rating: 1152 &rarr; <strong>1178<\/strong><br \/>(+26 for winning)\n|raw|Under.A's rating: 1161 &rarr; <strong>1135<\/strong><br \/>(-26 for losing)\n|l|\u2606Under.A\n","uploadtime":1699791882,"views":5,"p1id":"aerom0de","p2id":"undera","formatid":"gen9nationaldexubers","rating":1135,"private":0,"password":""}