{"id":"gen9nationaldexubers-1985006542","p1":"Majestosoalvaro","p2":"ftfekjh","format":"[Gen 9] National Dex Ubers","log":"|j|\u2606Majestosoalvaro\n|j|\u2606ftfekjh\n|t:|1699319958\n|gametype|singles\n|player|p1|Majestosoalvaro|101|1073\n|player|p2|ftfekjh|nate|1000\n|teamsize|p1|6\n|teamsize|p2|4\n|gen|9\n|tier|[Gen 9] National Dex Ubers\n|rated|\n|rule|HP Percentage Mod: HP is shown in percentages\n|rule|Endless Battle Clause: Forcing endless battles is banned\n|rule|OHKO Clause: OHKO moves are banned\n|rule|Evasion Moves Clause: Evasion moves are banned\n|rule|Evasion Items Clause: Evasion items are banned\n|rule|Species Clause: Limit one of each Pok\u00e9mon\n|rule|Sleep Clause Mod: Limit one foe put to sleep\n|rule|Mega Rayquaza Clause: You cannot mega evolve Rayquaza\n|clearpoke\n|poke|p1|Alakazam, F|\n|poke|p1|Darmanitan-Galar, F|\n|poke|p1|Annihilape, F|\n|poke|p1|Arceus-Grass|\n|poke|p1|Ho-Oh|\n|poke|p1|Kyogre|\n|poke|p2|Magnezone|\n|poke|p2|Haxorus, M|\n|poke|p2|Smeargle, F|\n|poke|p2|Lugia|\n|teampreview\n|\n|t:|1699319971\n|start\n|switch|p1a: Darmanitan|Darmanitan-Galar, F|100\/100\n|switch|p2a: search rule 5-1+30|Lugia|100\/100\n|turn|1\n|\n|t:|1699319979\n|move|p1a: Darmanitan|Icicle Crash|p2a: search rule 5-1+30\n|-supereffective|p2a: search rule 5-1+30\n|-damage|p2a: search rule 5-1+30|53\/100\n|move|p2a: search rule 5-1+30|Telekinesis|p1a: Darmanitan\n|-start|p1a: Darmanitan|Telekinesis\n|\n|upkeep\n|turn|2\n|\n|t:|1699319989\n|-terastallize|p1a: Darmanitan|Ice\n|move|p1a: Darmanitan|Icicle Crash|p2a: search rule 5-1+30\n|-supereffective|p2a: search rule 5-1+30\n|-damage|p2a: search rule 5-1+30|0 fnt\n|faint|p2a: search rule 5-1+30\n|\n|upkeep\n|\n|t:|1699319998\n|switch|p2a: ?|Smeargle, F|100\/100\n|turn|3\n|\n|t:|1699320001\n|move|p1a: Darmanitan|Icicle Crash|p2a: ?\n|-enditem|p2a: ?|Focus Sash\n|-damage|p2a: ?|1\/100\n|move|p2a: ?|Spore|p1a: Darmanitan\n|-status|p1a: Darmanitan|slp|[from] move: Spore\n|\n|-end|p1a: Darmanitan|Telekinesis\n|-ability|p2a: ?|Moody|boost\n|-boost|p2a: ?|spe|2\n|-unboost|p2a: ?|spd|1\n|upkeep\n|turn|4\n|\n|t:|1699320017\n|switch|p1a: Ho-Oh|Ho-Oh|100\/100\n|move|p2a: ?|Power Trip|p1a: Ho-Oh\n|-damage|p1a: Ho-Oh|91\/100\n|\n|-ability|p2a: ?|Moody|boost\n|-boost|p2a: ?|atk|2\n|-unboost|p2a: ?|spd|1\n|upkeep\n|turn|5\n|\n|t:|1699320043\n|move|p2a: ?|Dire Claw|p1a: Ho-Oh\n|-damage|p1a: Ho-Oh|69\/100\n|-status|p1a: Ho-Oh|psn\n|move|p1a: Ho-Oh|Iron Head|p2a: ?\n|-damage|p2a: ?|0 fnt\n|faint|p2a: ?\n|-damage|p1a: Ho-Oh|59\/100 psn|[from] item: Life Orb\n|\n|-damage|p1a: Ho-Oh|47\/100 psn|[from] psn\n|upkeep\n|\n|t:|1699320045\n|switch|p2a: Panasonic|Magnezone|100\/100\n|turn|6\n|\n|t:|1699320057\n|move|p1a: Ho-Oh|Flare Blitz|p2a: Panasonic\n|-supereffective|p2a: Panasonic\n|-damage|p2a: Panasonic|0 fnt\n|faint|p2a: Panasonic\n|-damage|p1a: Ho-Oh|15\/100 psn|[from] Recoil\n|-damage|p1a: Ho-Oh|5\/100 psn|[from] item: Life Orb\n|\n|-damage|p1a: Ho-Oh|0 fnt|[from] psn\n|faint|p1a: Ho-Oh\n|upkeep\n|\n|t:|1699320078\n|switch|p1a: Darmanitan|Darmanitan-Galar, F, tera:Ice|100\/100 slp\n|switch|p2a: Axe|Haxorus, M|100\/100\n|-ability|p2a: Axe|Mold Breaker\n|turn|7\n|\n|t:|1699320087\n|-terastallize|p2a: Axe|Bug\n|move|p2a: Axe|First Impression|p1a: Darmanitan\n|-damage|p1a: Darmanitan|25\/100 slp\n|cant|p1a: Darmanitan|slp\n|\n|upkeep\n|turn|8\n|\n|t:|1699320098\n|cant|p1a: Darmanitan|slp\n|move|p2a: Axe|Iron Head|p1a: Darmanitan\n|-supereffective|p1a: Darmanitan\n|-damage|p1a: Darmanitan|0 fnt\n|faint|p1a: Darmanitan\n|\n|upkeep\n|\n|t:|1699320114\n|switch|p1a: Arceus|Arceus-Grass|100\/100\n|turn|9\n|\n|t:|1699320125\n|move|p1a: Arceus|Earth Power|p2a: Axe\n|-resisted|p2a: Axe\n|-damage|p2a: Axe|82\/100\n|move|p2a: Axe|Outrage|p1a: Arceus\n|-damage|p1a: Arceus|52\/100\n|\n|upkeep\n|turn|10\n|\n|t:|1699320133\n|move|p1a: Arceus|Judgment|p2a: Axe\n|-resisted|p2a: Axe\n|-damage|p2a: Axe|47\/100\n|move|p2a: Axe|Outrage|p1a: Arceus|[from]lockedmove\n|-damage|p1a: Arceus|4\/100\n|-start|p2a: Axe|confusion|[fatigue]\n|\n|upkeep\n|turn|11\n|\n|t:|1699320142\n|move|p1a: Arceus|Judgment|p2a: Axe\n|-resisted|p2a: Axe\n|-damage|p2a: Axe|10\/100\n|-activate|p2a: Axe|confusion\n|move|p2a: Axe|Outrage|p1a: Arceus\n|-damage|p1a: Arceus|0 fnt\n|faint|p1a: Arceus\n|\n|upkeep\n|\n|t:|1699320155\n|switch|p1a: Kyogre|Kyogre|100\/100\n|-weather|RainDance|[from] ability: Drizzle|[of] p1a: Kyogre\n|turn|12\n|\n|t:|1699320162\n|move|p1a: Kyogre|Origin Pulse|p2a: Axe\n|-crit|p2a: Axe\n|-damage|p2a: Axe|0 fnt\n|faint|p2a: Axe\n|\n|win|Majestosoalvaro\n|raw|Majestosoalvaro's rating: 1073 &rarr; <strong>1096<\/strong><br \/>(+23 for winning)\n|raw|ftfekjh's rating: 1000 &rarr; <strong>1000<\/strong><br \/>(+0 for losing)\n|c|\u2606ftfekjh|gg\n","uploadtime":1699320170,"views":9,"p1id":"majestosoalvaro","p2id":"ftfekjh","formatid":"gen9nationaldexubers","rating":1000,"private":0,"password":""}