{"id":"gen9nationaldexubers-1989269552","p1":"ORDINARY-MODE\ufe0f\u25fd\ufe0f\u25fb\ufe0f","p2":"RhuanXtrem","format":"[Gen 9] National Dex Ubers","log":"|j|\u2606ORDINARY-MODE\ufe0f\u25fd\ufe0f\u25fb\ufe0f\n|j|\u2606RhuanXtrem\n|t:|1699830105\n|gametype|singles\n|player|p1|ORDINARY-MODE\ufe0f\u25fd\ufe0f\u25fb\ufe0f|wicke|1084\n|player|p2|RhuanXtrem|266|1058\n|teamsize|p1|6\n|teamsize|p2|6\n|gen|9\n|tier|[Gen 9] National Dex Ubers\n|rated|\n|rule|HP Percentage Mod: HP is shown in percentages\n|rule|Endless Battle Clause: Forcing endless battles is banned\n|rule|OHKO Clause: OHKO moves are banned\n|rule|Evasion Moves Clause: Evasion moves are banned\n|rule|Evasion Items Clause: Evasion items are banned\n|rule|Species Clause: Limit one of each Pok\u00e9mon\n|rule|Sleep Clause Mod: Limit one foe put to sleep\n|rule|Mega Rayquaza Clause: You cannot mega evolve Rayquaza\n|clearpoke\n|poke|p1|Furfrou-Matron, F|\n|poke|p1|Porygon-Z|\n|poke|p1|Bewear, M|\n|poke|p1|Snorlax, M|\n|poke|p1|Arceus|\n|poke|p1|Kangaskhan, F|\n|poke|p2|Landorus-Therian, M|\n|poke|p2|Groudon|\n|poke|p2|Zapdos|\n|poke|p2|Cloyster, M|\n|poke|p2|Garchomp, F|\n|poke|p2|Azumarill, F|\n|teampreview\n|j| THEAsianFaLiUrE\n|\n|t:|1699830116\n|start\n|switch|p1a: \u26aa\ufe0fKANGASKHAN\u26aa\ufe0f|Kangaskhan, F, shiny|100\/100\n|switch|p2a: Zapdos|Zapdos|100\/100\n|-ability|p2a: Zapdos|Pressure\n|turn|1\n|\n|t:|1699830128\n|detailschange|p1a: \u26aa\ufe0fKANGASKHAN\u26aa\ufe0f|Kangaskhan-Mega, F, shiny\n|-mega|p1a: \u26aa\ufe0fKANGASKHAN\u26aa\ufe0f|Kangaskhan|Kangaskhanite\n|move|p1a: \u26aa\ufe0fKANGASKHAN\u26aa\ufe0f|Double-Edge|p2a: Zapdos\n|-damage|p2a: Zapdos|26\/100\n|-damage|p2a: Zapdos|6\/100\n|-hitcount|p2a: Zapdos|2\n|-damage|p1a: \u26aa\ufe0fKANGASKHAN\u26aa\ufe0f|72\/100|[from] Recoil\n|move|p2a: Zapdos|Volt Switch|p1a: \u26aa\ufe0fKANGASKHAN\u26aa\ufe0f\n|-damage|p1a: \u26aa\ufe0fKANGASKHAN\u26aa\ufe0f|20\/100\n|\n|t:|1699830138\n|switch|p2a: Landorus|Landorus-Therian, M|100\/100|[from] Volt Switch\n|-ability|p2a: Landorus|Intimidate|boost\n|-unboost|p1a: \u26aa\ufe0fKANGASKHAN\u26aa\ufe0f|atk|1\n|\n|upkeep\n|turn|2\n|\n|t:|1699830145\n|move|p1a: \u26aa\ufe0fKANGASKHAN\u26aa\ufe0f|Double-Edge|p2a: Landorus\n|-damage|p2a: Landorus|70\/100\n|-damage|p2a: Landorus|63\/100\n|-hitcount|p2a: Landorus|2\n|-damage|p1a: \u26aa\ufe0fKANGASKHAN\u26aa\ufe0f|7\/100|[from] Recoil\n|move|p2a: Landorus|Stealth Rock|p1a: \u26aa\ufe0fKANGASKHAN\u26aa\ufe0f\n|-sidestart|p1: ORDINARY-MODE\ufe0f\u25fd\ufe0f\u25fb\ufe0f|move: Stealth Rock\n|\n|-heal|p2a: Landorus|69\/100|[from] item: Leftovers\n|upkeep\n|turn|3\n|\n|t:|1699830156\n|move|p1a: \u26aa\ufe0fKANGASKHAN\u26aa\ufe0f|Double-Edge|p2a: Landorus\n|-damage|p2a: Landorus|42\/100\n|-damage|p2a: Landorus|36\/100\n|-hitcount|p2a: Landorus|2\n|-damage|p1a: \u26aa\ufe0fKANGASKHAN\u26aa\ufe0f|0 fnt|[from] Recoil\n|faint|p1a: \u26aa\ufe0fKANGASKHAN\u26aa\ufe0f\n|move|p2a: Landorus|Earthquake|p1: \u26aa\ufe0fKANGASKHAN\u26aa\ufe0f|[notarget]\n|-fail|p2a: Landorus\n|\n|-heal|p2a: Landorus|42\/100|[from] item: Leftovers\n|upkeep\n|\n|t:|1699830174\n|switch|p1a: \u26aa\ufe0fPORYGON-Z\u26aa\ufe0f|Porygon-Z, shiny|100\/100\n|-damage|p1a: \u26aa\ufe0fPORYGON-Z\u26aa\ufe0f|88\/100|[from] Stealth Rock\n|turn|4\n|\n|t:|1699830184\n|move|p1a: \u26aa\ufe0fPORYGON-Z\u26aa\ufe0f|Tri Attack|p2a: Landorus\n|-damage|p2a: Landorus|0 fnt\n|faint|p2a: Landorus\n|\n|upkeep\n|\n|t:|1699830193\n|switch|p2a: Zapdos|Zapdos|6\/100\n|-ability|p2a: Zapdos|Pressure\n|turn|5\n|\n|t:|1699830198\n|move|p2a: Zapdos|Volt Switch|p1a: \u26aa\ufe0fPORYGON-Z\u26aa\ufe0f\n|-damage|p1a: \u26aa\ufe0fPORYGON-Z\u26aa\ufe0f|17\/100\n|\n|t:|1699830202\n|switch|p2a: Garchomp|Garchomp, F|100\/100|[from] Volt Switch\n|move|p1a: \u26aa\ufe0fPORYGON-Z\u26aa\ufe0f|Tri Attack|p2a: Garchomp\n|-damage|p2a: Garchomp|24\/100\n|\n|upkeep\n|turn|6\n|\n|t:|1699830211\n|move|p2a: Garchomp|Earthquake|p1a: \u26aa\ufe0fPORYGON-Z\u26aa\ufe0f\n|-damage|p1a: \u26aa\ufe0fPORYGON-Z\u26aa\ufe0f|0 fnt\n|faint|p1a: \u26aa\ufe0fPORYGON-Z\u26aa\ufe0f\n|-damage|p2a: Garchomp|14\/100|[from] item: Life Orb\n|\n|upkeep\n|\n|t:|1699830218\n|switch|p1a: \u26aa\ufe0fFURFROU\u26aa\ufe0f|Furfrou-Matron, F, shiny|100\/100\n|-damage|p1a: \u26aa\ufe0fFURFROU\u26aa\ufe0f|88\/100|[from] Stealth Rock\n|turn|7\n|\n|t:|1699830225\n|move|p2a: Garchomp|Outrage|p1a: \u26aa\ufe0fFURFROU\u26aa\ufe0f\n|-damage|p1a: \u26aa\ufe0fFURFROU\u26aa\ufe0f|37\/100\n|-damage|p2a: Garchomp|4\/100|[from] item: Life Orb\n|move|p1a: \u26aa\ufe0fFURFROU\u26aa\ufe0f|Secret Power|p2a: Garchomp\n|-damage|p2a: Garchomp|0 fnt\n|faint|p2a: Garchomp\n|\n|upkeep\n|\n|t:|1699830233\n|switch|p2a: Azumarill|Azumarill, F|100\/100\n|turn|8\n|\n|t:|1699830238\n|move|p1a: \u26aa\ufe0fFURFROU\u26aa\ufe0f|Secret Power|p2a: Azumarill\n|-damage|p2a: Azumarill|75\/100\n|-status|p2a: Azumarill|par\n|-zpower|p2a: Azumarill\n|move|p2a: Azumarill|Z-Belly Drum|p2a: Azumarill|[anim]Belly Drum\n|-heal|p2a: Azumarill|100\/100 par|[zeffect]\n|-damage|p2a: Azumarill|50\/100 par\n|-setboost|p2a: Azumarill|atk|6|[from] move: Belly Drum\n|\n|upkeep\n|turn|9\n|\n|t:|1699830251\n|move|p2a: Azumarill|Aqua Jet|p1a: \u26aa\ufe0fFURFROU\u26aa\ufe0f\n|-damage|p1a: \u26aa\ufe0fFURFROU\u26aa\ufe0f|0 fnt\n|faint|p1a: \u26aa\ufe0fFURFROU\u26aa\ufe0f\n|\n|upkeep\n|\n|t:|1699830257\n|switch|p1a: \ud83e\uddf8\u26aa\ufe0fBEWEAR\u26aa\ufe0f\ud83e\uddf8|Bewear, M, shiny|100\/100\n|-damage|p1a: \ud83e\uddf8\u26aa\ufe0fBEWEAR\u26aa\ufe0f\ud83e\uddf8|94\/100|[from] Stealth Rock\n|turn|10\n|\n|t:|1699830264\n|move|p1a: \ud83e\uddf8\u26aa\ufe0fBEWEAR\u26aa\ufe0f\ud83e\uddf8|Double-Edge|p2a: Azumarill\n|-damage|p2a: Azumarill|0 fnt\n|faint|p2a: Azumarill\n|-damage|p1a: \ud83e\uddf8\u26aa\ufe0fBEWEAR\u26aa\ufe0f\ud83e\uddf8|80\/100|[from] Recoil\n|\n|upkeep\n|\n|t:|1699830274\n|switch|p2a: Groudon|Groudon, shiny|100\/100\n|detailschange|p2a: Groudon|Groudon-Primal, shiny\n|-primal|p2a: Groudon|Red Orb\n|-weather|DesolateLand|[from] ability: Desolate Land|[of] p2a: Groudon\n|turn|11\n|\n|t:|1699830280\n|move|p2a: Groudon|Rock Polish|p2a: Groudon\n|-boost|p2a: Groudon|spe|2\n|move|p1a: \ud83e\uddf8\u26aa\ufe0fBEWEAR\u26aa\ufe0f\ud83e\uddf8|Giga Impact|p2a: Groudon\n|-damage|p2a: Groudon|52\/100\n|-mustrecharge|p1a: \ud83e\uddf8\u26aa\ufe0fBEWEAR\u26aa\ufe0f\ud83e\uddf8\n|\n|-weather|DesolateLand|[upkeep]\n|upkeep\n|turn|12\n|\n|t:|1699830287\n|move|p2a: Groudon|Precipice Blades|p1a: \ud83e\uddf8\u26aa\ufe0fBEWEAR\u26aa\ufe0f\ud83e\uddf8\n|-damage|p1a: \ud83e\uddf8\u26aa\ufe0fBEWEAR\u26aa\ufe0f\ud83e\uddf8|16\/100\n|cant|p1a: \ud83e\uddf8\u26aa\ufe0fBEWEAR\u26aa\ufe0f\ud83e\uddf8|recharge\n|\n|-weather|DesolateLand|[upkeep]\n|upkeep\n|turn|13\n|\n|t:|1699830293\n|move|p2a: Groudon|Precipice Blades|p1a: \ud83e\uddf8\u26aa\ufe0fBEWEAR\u26aa\ufe0f\ud83e\uddf8\n|-damage|p1a: \ud83e\uddf8\u26aa\ufe0fBEWEAR\u26aa\ufe0f\ud83e\uddf8|0 fnt\n|faint|p1a: \ud83e\uddf8\u26aa\ufe0fBEWEAR\u26aa\ufe0f\ud83e\uddf8\n|\n|-weather|DesolateLand|[upkeep]\n|upkeep\n|\n|t:|1699830301\n|switch|p1a: \u26aa\ufe0fSNORLAX\u26aa\ufe0f|Snorlax, M|100\/100\n|-damage|p1a: \u26aa\ufe0fSNORLAX\u26aa\ufe0f|88\/100|[from] Stealth Rock\n|turn|14\n|\n|t:|1699830306\n|move|p2a: Groudon|Precipice Blades|p1a: \u26aa\ufe0fSNORLAX\u26aa\ufe0f|[miss]\n|-miss|p2a: Groudon|p1a: \u26aa\ufe0fSNORLAX\u26aa\ufe0f\n|-zpower|p1a: \u26aa\ufe0fSNORLAX\u26aa\ufe0f\n|move|p1a: \u26aa\ufe0fSNORLAX\u26aa\ufe0f|Pulverizing Pancake|p2a: Groudon|[zeffect]\n|-damage|p2a: Groudon|0 fnt\n|faint|p2a: Groudon\n|-weather|none\n|\n|upkeep\n|\n|t:|1699830317\n|switch|p2a: Cloyster|Cloyster, M|100\/100\n|turn|15\n|\n|t:|1699830322\n|move|p2a: Cloyster|Substitute|p2a: Cloyster\n|-start|p2a: Cloyster|Substitute\n|-damage|p2a: Cloyster|76\/100\n|move|p1a: \u26aa\ufe0fSNORLAX\u26aa\ufe0f|Body Slam|p2a: Cloyster\n|-crit|p2a: Cloyster\n|-end|p2a: Cloyster|Substitute\n|\n|-heal|p2a: Cloyster|82\/100|[from] item: Leftovers\n|upkeep\n|turn|16\n|\n|t:|1699830332\n|move|p2a: Cloyster|Shell Smash|p2a: Cloyster\n|-unboost|p2a: Cloyster|def|1\n|-unboost|p2a: Cloyster|spd|1\n|-boost|p2a: Cloyster|atk|2\n|-boost|p2a: Cloyster|spa|2\n|-boost|p2a: Cloyster|spe|2\n|move|p1a: \u26aa\ufe0fSNORLAX\u26aa\ufe0f|Body Slam|p2a: Cloyster\n|-damage|p2a: Cloyster|31\/100\n|-status|p2a: Cloyster|par\n|\n|-heal|p2a: Cloyster|37\/100 par|[from] item: Leftovers\n|upkeep\n|turn|17\n|\n|t:|1699830344\n|move|p2a: Cloyster|Icicle Spear|p1a: \u26aa\ufe0fSNORLAX\u26aa\ufe0f\n|-damage|p1a: \u26aa\ufe0fSNORLAX\u26aa\ufe0f|78\/100\n|-damage|p1a: \u26aa\ufe0fSNORLAX\u26aa\ufe0f|66\/100\n|-damage|p1a: \u26aa\ufe0fSNORLAX\u26aa\ufe0f|55\/100\n|-damage|p1a: \u26aa\ufe0fSNORLAX\u26aa\ufe0f|43\/100\n|-damage|p1a: \u26aa\ufe0fSNORLAX\u26aa\ufe0f|33\/100\n|-hitcount|p1a: \u26aa\ufe0fSNORLAX\u26aa\ufe0f|5\n|move|p1a: \u26aa\ufe0fSNORLAX\u26aa\ufe0f|Double-Edge|p2a: Cloyster\n|-damage|p2a: Cloyster|0 fnt\n|faint|p2a: Cloyster\n|-damage|p1a: \u26aa\ufe0fSNORLAX\u26aa\ufe0f|27\/100|[from] Recoil\n|\n|upkeep\n|\n|t:|1699830356\n|switch|p2a: Zapdos|Zapdos|6\/100\n|-ability|p2a: Zapdos|Pressure\n|turn|18\n|\n|t:|1699830362\n|move|p2a: Zapdos|Volt Switch|p1a: \u26aa\ufe0fSNORLAX\u26aa\ufe0f\n|-damage|p1a: \u26aa\ufe0fSNORLAX\u26aa\ufe0f|0 fnt\n|faint|p1a: \u26aa\ufe0fSNORLAX\u26aa\ufe0f\n|\n|upkeep\n|\n|t:|1699830368\n|switch|p1a: \u26aa\ufe0fMY TRUE FORM\u26aa\ufe0f|Arceus|100\/100\n|-damage|p1a: \u26aa\ufe0fMY TRUE FORM\u26aa\ufe0f|88\/100|[from] Stealth Rock\n|turn|19\n|c|\u2606ORDINARY-MODE\ufe0f\u25fd\ufe0f\u25fb\ufe0f|Gg noob\n|\n|t:|1699830385\n|-terastallize|p1a: \u26aa\ufe0fMY TRUE FORM\u26aa\ufe0f|Normal\n|move|p1a: \u26aa\ufe0fMY TRUE FORM\u26aa\ufe0f|Extreme Speed|p2a: Zapdos\n|-damage|p2a: Zapdos|0 fnt\n|faint|p2a: Zapdos\n|\n|win|ORDINARY-MODE\ufe0f\u25fd\ufe0f\u25fb\ufe0f\n|raw|ORDINARY-MODE\ufe0f\u25fd\ufe0f\u25fb\ufe0f's rating: 1084 &rarr; <strong>1109<\/strong><br \/>(+25 for winning)\n|raw|RhuanXtrem's rating: 1058 &rarr; <strong>1041<\/strong><br \/>(-17 for losing)\n|c|\u2606ORDINARY-MODE\ufe0f\u25fd\ufe0f\u25fb\ufe0f|100% Normal\n","uploadtime":1699830406,"views":5,"p1id":"ordinarymode","p2id":"rhuanxtrem","formatid":"gen9nationaldexubers","rating":1041,"private":0,"password":""}