{"id":"gen9nationaldexubers-1985590173","p1":"Redblue83694","p2":"Zake202012","format":"[Gen 9] National Dex Ubers","log":"|j|\u2606Redblue83694\n|j|\u2606Zake202012\n|t:|1699387109\n|gametype|singles\n|player|p1|Redblue83694|benga|1130\n|player|p2|Zake202012|n|1217\n|teamsize|p1|6\n|teamsize|p2|6\n|gen|9\n|tier|[Gen 9] National Dex Ubers\n|rated|\n|rule|HP Percentage Mod: HP is shown in percentages\n|rule|Endless Battle Clause: Forcing endless battles is banned\n|rule|OHKO Clause: OHKO moves are banned\n|rule|Evasion Moves Clause: Evasion moves are banned\n|rule|Evasion Items Clause: Evasion items are banned\n|rule|Species Clause: Limit one of each Pok\u00e9mon\n|rule|Sleep Clause Mod: Limit one foe put to sleep\n|rule|Mega Rayquaza Clause: You cannot mega evolve Rayquaza\n|clearpoke\n|poke|p1|Palafin, F|\n|poke|p1|Rillaboom, M|\n|poke|p1|Sneasler, F|\n|poke|p1|Cyclizar, M|\n|poke|p1|Groudon|\n|poke|p1|Flutter Mane|\n|poke|p2|Zangoose, M|\n|poke|p2|Ribombee, M|\n|poke|p2|Manaphy|\n|poke|p2|Scizor, F|\n|poke|p2|Roaring Moon|\n|poke|p2|Ting-Lu|\n|teampreview\n|inactive|Battle timer is ON: inactive players will automatically lose when time's up. (requested by Zake202012)\n|\n|t:|1699387131\n|start\n|switch|p1a: Rillaboom|Rillaboom, M, shiny|100\/100\n|switch|p2a: Ribombee|Ribombee, M|100\/100\n|-fieldstart|move: Grassy Terrain|[from] ability: Grassy Surge|[of] p1a: Rillaboom\n|turn|1\n|\n|t:|1699387139\n|move|p2a: Ribombee|Sticky Web|p1a: Rillaboom\n|-sidestart|p1: Redblue83694|move: Sticky Web\n|move|p1a: Rillaboom|U-turn|p2a: Ribombee\n|-resisted|p2a: Ribombee\n|-damage|p2a: Ribombee|77\/100\n|\n|t:|1699387145\n|switch|p1a: Groudon|Groudon, shiny|100\/100|[from] U-turn\n|-activate|p1a: Groudon|move: Sticky Web\n|-unboost|p1a: Groudon|spe|1\n|detailschange|p1a: Groudon|Groudon-Primal, shiny\n|-primal|p1a: Groudon|Red Orb\n|-weather|DesolateLand|[from] ability: Desolate Land|[of] p1a: Groudon\n|\n|-weather|DesolateLand|[upkeep]\n|-heal|p2a: Ribombee|83\/100|[from] Grassy Terrain\n|upkeep\n|turn|2\n|\n|t:|1699387156\n|move|p2a: Ribombee|Tailwind|p2a: Ribombee\n|-sidestart|p2: Zake202012|move: Tailwind\n|move|p1a: Groudon|Fire Punch|p2a: Ribombee\n|-supereffective|p2a: Ribombee\n|-damage|p2a: Ribombee|0 fnt\n|faint|p2a: Ribombee\n|\n|-weather|DesolateLand|[upkeep]\n|upkeep\n|\n|t:|1699387182\n|switch|p2a: Manaphy|Manaphy|100\/100\n|turn|3\n|\n|t:|1699387204\n|move|p2a: Manaphy|Tail Glow|p2a: Manaphy\n|-boost|p2a: Manaphy|spa|3\n|move|p1a: Groudon|Earth Power|p2a: Manaphy\n|-damage|p2a: Manaphy|58\/100\n|\n|-weather|DesolateLand|[upkeep]\n|-heal|p2a: Manaphy|64\/100|[from] Grassy Terrain\n|upkeep\n|turn|4\n|\n|t:|1699387215\n|move|p2a: Manaphy|Tail Glow|p2a: Manaphy\n|-boost|p2a: Manaphy|spa|3\n|move|p1a: Groudon|Fire Punch|p2a: Manaphy\n|-resisted|p2a: Manaphy\n|-damage|p2a: Manaphy|22\/100\n|-enditem|p2a: Manaphy|Salac Berry|[eat]\n|-boost|p2a: Manaphy|spe|1|[from] item: Salac Berry\n|\n|-weather|DesolateLand|[upkeep]\n|-heal|p2a: Manaphy|28\/100|[from] Grassy Terrain\n|upkeep\n|turn|5\n|\n|t:|1699387227\n|move|p2a: Manaphy|Energy Ball|p1a: Groudon\n|-damage|p1a: Groudon|0 fnt\n|faint|p1a: Groudon\n|-weather|none\n|\n|-heal|p2a: Manaphy|35\/100|[from] Grassy Terrain\n|-sideend|p2: Zake202012|move: Tailwind\n|upkeep\n|\n|t:|1699387237\n|switch|p1a: Sneasler|Sneasler, F, shiny|100\/100\n|-activate|p1a: Sneasler|move: Sticky Web\n|-unboost|p1a: Sneasler|spe|1\n|-enditem|p1a: Sneasler|Grassy Seed\n|-boost|p1a: Sneasler|def|1|[from] item: Grassy Seed\n|turn|6\n|\n|t:|1699387249\n|move|p1a: Sneasler|Acrobatics|p2a: Manaphy\n|-damage|p2a: Manaphy|0 fnt\n|faint|p2a: Manaphy\n|\n|upkeep\n|\n|t:|1699387263\n|switch|p2a: Scizor|Scizor, F|100\/100\n|turn|7\n|\n|t:|1699387270\n|detailschange|p2a: Scizor|Scizor-Mega, F\n|-mega|p2a: Scizor|Scizor|Scizorite\n|move|p1a: Sneasler|Acrobatics|p2a: Scizor\n|-damage|p2a: Scizor|73\/100\n|move|p2a: Scizor|Swords Dance|p2a: Scizor\n|-boost|p2a: Scizor|atk|2\n|\n|-heal|p2a: Scizor|80\/100|[from] Grassy Terrain\n|upkeep\n|turn|8\n|\n|t:|1699387282\n|move|p1a: Sneasler|Swords Dance|p1a: Sneasler\n|-boost|p1a: Sneasler|atk|2\n|move|p2a: Scizor|Swords Dance|p2a: Scizor\n|-boost|p2a: Scizor|atk|2\n|\n|-heal|p2a: Scizor|86\/100|[from] Grassy Terrain\n|-fieldend|move: Grassy Terrain\n|upkeep\n|turn|9\n|\n|t:|1699387295\n|move|p2a: Scizor|Bullet Punch|p1a: Sneasler\n|-damage|p1a: Sneasler|0 fnt\n|faint|p1a: Sneasler\n|\n|upkeep\n|\n|t:|1699387302\n|switch|p1a: Flutter Mane|Flutter Mane, shiny|100\/100\n|-activate|p1a: Flutter Mane|move: Sticky Web\n|-unboost|p1a: Flutter Mane|spe|1\n|turn|10\n|\n|t:|1699387308\n|move|p2a: Scizor|Bullet Punch|p1a: Flutter Mane\n|-supereffective|p1a: Flutter Mane\n|-damage|p1a: Flutter Mane|0 fnt\n|faint|p1a: Flutter Mane\n|-end|p1a: Flutter Mane|Protosynthesis|[silent]\n|\n|upkeep\n|\n|t:|1699387314\n|switch|p1a: Cyclizar|Cyclizar, M, shiny|100\/100\n|-activate|p1a: Cyclizar|move: Sticky Web\n|-unboost|p1a: Cyclizar|spe|1\n|turn|11\n|\n|t:|1699387321\n|move|p2a: Scizor|Bullet Punch|p1a: Cyclizar\n|-damage|p1a: Cyclizar|0 fnt\n|faint|p1a: Cyclizar\n|\n|upkeep\n|\n|t:|1699387327\n|switch|p1a: Rillaboom|Rillaboom, M, shiny|100\/100\n|-activate|p1a: Rillaboom|move: Sticky Web\n|-unboost|p1a: Rillaboom|spe|1\n|-fieldstart|move: Grassy Terrain|[from] ability: Grassy Surge|[of] p1a: Rillaboom\n|turn|12\n|\n|t:|1699387334\n|move|p1a: Rillaboom|Grassy Glide|p2a: Scizor\n|-resisted|p2a: Scizor\n|-damage|p2a: Scizor|78\/100\n|move|p2a: Scizor|Bug Bite|p1a: Rillaboom\n|-supereffective|p1a: Rillaboom\n|-damage|p1a: Rillaboom|0 fnt\n|faint|p1a: Rillaboom\n|\n|-heal|p2a: Scizor|84\/100|[from] Grassy Terrain\n|upkeep\n|\n|t:|1699387345\n|switch|p1a: Palafin|Palafin, F, shiny|100\/100\n|-activate|p1a: Palafin|move: Sticky Web\n|-unboost|p1a: Palafin|spe|1\n|turn|13\n|\n|t:|1699387352\n|move|p1a: Palafin|Flip Turn|p2a: Scizor\n|-damage|p2a: Scizor|68\/100\n|move|p2a: Scizor|Bug Bite|p1a: Palafin\n|-damage|p1a: Palafin|0 fnt\n|faint|p1a: Palafin\n|\n|win|Zake202012\n|raw|Redblue83694's rating: 1130 &rarr; <strong>1111<\/strong><br \/>(-19 for losing)\n|raw|Zake202012's rating: 1217 &rarr; <strong>1236<\/strong><br \/>(+19 for winning)\n|c|\u2606Zake202012|Gg\n|l|\u2606Redblue83694\n|l|\u2606Zake202012\n|j|\u2606Zake202012\n|player|p2|Zake202012|n\n","uploadtime":1699387372,"views":11,"p1id":"redblue83694","p2id":"zake202012","formatid":"gen9nationaldexubers","rating":1111,"private":0,"password":""}