{"id":"gen9nationaldexubers-1978842519","p1":"Just B3A$T","p2":"Edras16","format":"[Gen 9] National Dex Ubers","log":"|j|\u2606Just B3A$T\n|j|\u2606Edras16\n|t:|1698601673\n|gametype|singles\n|player|p1|Just B3A$T|noland|\n|player|p2|Edras16|steven|\n|teamsize|p1|6\n|teamsize|p2|6\n|gen|9\n|tier|[Gen 9] National Dex Ubers\n|rule|HP Percentage Mod: HP is shown in percentages\n|rule|Endless Battle Clause: Forcing endless battles is banned\n|rule|OHKO Clause: OHKO moves are banned\n|rule|Evasion Moves Clause: Evasion moves are banned\n|rule|Evasion Items Clause: Evasion items are banned\n|rule|Species Clause: Limit one of each Pok\u00e9mon\n|rule|Sleep Clause Mod: Limit one foe put to sleep\n|rule|Mega Rayquaza Clause: You cannot mega evolve Rayquaza\n|clearpoke\n|poke|p1|Iron Valiant|\n|poke|p1|Gholdengo|\n|poke|p1|Sableye, M|\n|poke|p1|Conkeldurr, M|\n|poke|p1|Zapdos|\n|poke|p1|Toxapex, F|\n|poke|p2|Tapu Lele|\n|poke|p2|Mewtwo|\n|poke|p2|Clefable, F|\n|poke|p2|Starmie|\n|poke|p2|Gallade, M|\n|poke|p2|Armarouge, M|\n|teampreview\n|inactive|Battle timer is ON: inactive players will automatically lose when time's up. (requested by Just B3A$T)\n|inactive|Edras16 also wants the timer to be on.\n|c|\u2606Edras16|Glhf\n|inactive|Just B3A$T has 270 seconds left.\n|c|\u2606Just B3A$T|u2\n|c|\u2606Just B3A$T|this is tricky\n|inactive|Just B3A$T has 240 seconds left.\n|c|\u2606Just B3A$T|is that Mega Mewtwo\n|c|\u2606Just B3A$T|or base\n|c|\u2606Edras16|Would you lose?\n|c|\u2606Just B3A$T|I don't know\n|c|\u2606Just B3A$T|yet\n|inactive|Just B3A$T has 210 seconds left.\n|\n|t:|1698601771\n|start\n|switch|p1a: bolt beak!!!|Zapdos|100\/100\n|switch|p2a: Armarouge|Armarouge, M|100\/100\n|turn|1\n|\n|t:|1698601777\n|move|p1a: bolt beak!!!|Volt Switch|p2a: Armarouge\n|-damage|p2a: Armarouge|59\/100\n|\n|t:|1698601783\n|switch|p1a: Fear|Sableye, M|100\/100|[from] Volt Switch\n|move|p2a: Armarouge|Calm Mind|p2a: Armarouge\n|-boost|p2a: Armarouge|spa|1\n|-boost|p2a: Armarouge|spd|1\n|\n|upkeep\n|turn|2\n|\n|t:|1698601793\n|detailschange|p1a: Fear|Sableye-Mega, M\n|-mega|p1a: Fear|Sableye|Sablenite\n|move|p2a: Armarouge|Armor Cannon|p1a: Fear\n|-damage|p1a: Fear|21\/100\n|-unboost|p2a: Armarouge|def|1\n|-unboost|p2a: Armarouge|spd|1\n|move|p1a: Fear|Knock Off|p2a: Armarouge\n|-supereffective|p2a: Armarouge\n|-damage|p2a: Armarouge|0 fnt\n|-enditem|p2a: Armarouge|Focus Sash|[from] move: Knock Off|[of] p1a: Fear\n|faint|p2a: Armarouge\n|\n|upkeep\n|\n|t:|1698601803\n|switch|p2a: Tapu Lele|Tapu Lele|100\/100\n|-fieldstart|move: Psychic Terrain|[from] ability: Psychic Surge|[of] p2a: Tapu Lele\n|turn|3\n|\n|t:|1698601811\n|switch|p2a: Mewtwo|Mewtwo|100\/100\n|-ability|p2a: Mewtwo|Pressure\n|move|p1a: Fear|Recover|p1a: Fear\n|-heal|p1a: Fear|71\/100\n|\n|upkeep\n|turn|4\n|\n|t:|1698601816\n|-terastallize|p2a: Mewtwo|Fire\n|move|p2a: Mewtwo|Nasty Plot|p2a: Mewtwo\n|-boost|p2a: Mewtwo|spa|2\n|move|p1a: Fear|Will-O-Wisp|p2a: Mewtwo\n|-immune|p2a: Mewtwo\n|\n|upkeep\n|turn|5\n|\n|t:|1698601820\n|move|p2a: Mewtwo|Fire Blast|p1a: Fear\n|-damage|p1a: Fear|0 fnt\n|faint|p1a: Fear\n|-damage|p2a: Mewtwo|91\/100|[from] item: Life Orb\n|\n|upkeep\n|c|\u2606Just B3A$T|huh\n|inactive|Just B3A$T has 270 seconds left.\n|\n|t:|1698601854\n|switch|p1a: pest|Toxapex, F|100\/100\n|turn|6\n|\n|t:|1698601862\n|-terastallize|p1a: pest|Dark\n|move|p2a: Mewtwo|Expanding Force|p1a: pest\n|-immune|p1a: pest\n|move|p1a: pest|Scald|p2a: Mewtwo\n|-supereffective|p2a: Mewtwo\n|-damage|p2a: Mewtwo|57\/100\n|\n|-damage|p1a: pest|88\/100|[from] item: Black Sludge\n|upkeep\n|turn|7\n|\n|t:|1698601867\n|move|p2a: Mewtwo|Fire Blast|p1a: pest\n|-damage|p1a: pest|0 fnt\n|faint|p1a: pest\n|-damage|p2a: Mewtwo|47\/100|[from] item: Life Orb\n|\n|upkeep\n|c|\u2606Just B3A$T|brazy\n|c|\u2606Edras16|Tera dark pex is desperate\n|c|\u2606Edras16|Ngl\n|\n|t:|1698601878\n|switch|p1a: bolt beak!!!|Zapdos|100\/100\n|turn|8\n|c|\u2606Just B3A$T|ye\n|\n|t:|1698601886\n|move|p2a: Mewtwo|Expanding Force|p1a: bolt beak!!!\n|-damage|p1a: bolt beak!!!|0 fnt\n|faint|p1a: bolt beak!!!\n|-damage|p2a: Mewtwo|37\/100|[from] item: Life Orb\n|\n|upkeep\n|c|\u2606Just B3A$T|I mean\n|c|\u2606Just B3A$T|this is crazy\n|\n|t:|1698601899\n|switch|p1a: Test Your Might!|Conkeldurr, M|100\/100\n|turn|9\n|c|\u2606Edras16|Yeah gin was on something letting me use mewtwo\n|\n|t:|1698601913\n|switch|p1a: Profit!|Gholdengo|100\/100\n|-item|p1a: Profit!|Air Balloon\n|move|p2a: Mewtwo|Expanding Force|p1a: Profit!\n|-resisted|p1a: Profit!\n|-damage|p1a: Profit!|0 fnt\n|-enditem|p1a: Profit!|Air Balloon\n|faint|p1a: Profit!\n|-damage|p2a: Mewtwo|27\/100|[from] item: Life Orb\n|\n|upkeep\n|c|\u2606Just B3A$T|man\n|\n|t:|1698601925\n|switch|p1a: Iron Pride Icon|Iron Valiant, shiny|100\/100\n|-enditem|p1a: Iron Pride Icon|Booster Energy\n|-activate|p1a: Iron Pride Icon|ability: Quark Drive|[fromitem]\n|-start|p1a: Iron Pride Icon|quarkdrivespe\n|turn|10\n|\n|t:|1698601930\n|move|p1a: Iron Pride Icon|Close Combat|p2a: Mewtwo\n|-damage|p2a: Mewtwo|0 fnt\n|-unboost|p1a: Iron Pride Icon|def|1\n|-unboost|p1a: Iron Pride Icon|spd|1\n|faint|p2a: Mewtwo\n|\n|-fieldend|move: Psychic Terrain\n|upkeep\n|\n|t:|1698601935\n|switch|p2a: Clefable|Clefable, F|100\/100\n|turn|11\n|\n|t:|1698601941\n|move|p1a: Iron Pride Icon|Swords Dance|p1a: Iron Pride Icon\n|-boost|p1a: Iron Pride Icon|atk|2\n|move|p2a: Clefable|Moonblast|p1a: Iron Pride Icon\n|-supereffective|p1a: Iron Pride Icon\n|-damage|p1a: Iron Pride Icon|0 fnt\n|faint|p1a: Iron Pride Icon\n|-end|p1a: Iron Pride Icon|Quark Drive|[silent]\n|\n|upkeep\n|c|\u2606Edras16|You could had sent that in earlier\n|c|\u2606Just B3A$T|True\n|c|\u2606Just B3A$T|but\n|c|\u2606Just B3A$T|it was fucked from the start\n|inactive|Just B3A$T has 270 seconds left.\n|c|\u2606Edras16|True\n|c|\u2606Just B3A$T|Mewtwo ain't right\n|\n|t:|1698601976\n|switch|p1a: Test Your Might!|Conkeldurr, M|100\/100\n|turn|12\n|\n|t:|1698601979\n|move|p2a: Clefable|Moonblast|p1a: Test Your Might!\n|-supereffective|p1a: Test Your Might!\n|-damage|p1a: Test Your Might!|9\/100\n|move|p1a: Test Your Might!|Thunder Punch|p2a: Clefable\n|-damage|p2a: Clefable|59\/100\n|\n|upkeep\n|turn|13\n|\n|t:|1698601983\n|move|p1a: Test Your Might!|Mach Punch|p2a: Clefable\n|-resisted|p2a: Clefable\n|-damage|p2a: Clefable|42\/100\n|move|p2a: Clefable|Moonblast|p1a: Test Your Might!\n|-supereffective|p1a: Test Your Might!\n|-damage|p1a: Test Your Might!|0 fnt\n|faint|p1a: Test Your Might!\n|\n|win|Edras16\n|c|\u2606Just B3A$T|gg\n|c|\u2606Edras16|Av?\n|c|\u2606Just B3A$T|yro\n|c|\u2606Edras16|Gg\n|c|\u2606Just B3A$T|*yep\n|c|\u2606Edras16|Makes sense\n|l|\u2606Just B3A$T\n|j|\u2606Just B3A$T\n|player|p1|Just B3A$T|noland\n","uploadtime":1698602045,"views":9,"p1id":"justb3at","p2id":"edras16","formatid":"gen9nationaldexubers","rating":0,"private":0,"password":""}