{"id":"gen9nationaldexubers-1982950709","p1":"MeroMerozan","p2":"rianzin du grau","format":"[Gen 9] National Dex Ubers","log":"|j|\u2606MeroMerozan\n|j|\u2606rianzin du grau\n|t:|1699062302\n|gametype|singles\n|player|p1|MeroMerozan|102|1000\n|player|p2|rianzin du grau|cynthia-gen4|1045\n|teamsize|p1|6\n|teamsize|p2|6\n|gen|9\n|tier|[Gen 9] National Dex Ubers\n|rated|\n|rule|HP Percentage Mod: HP is shown in percentages\n|rule|Endless Battle Clause: Forcing endless battles is banned\n|rule|OHKO Clause: OHKO moves are banned\n|rule|Evasion Moves Clause: Evasion moves are banned\n|rule|Evasion Items Clause: Evasion items are banned\n|rule|Species Clause: Limit one of each Pok\u00e9mon\n|rule|Sleep Clause Mod: Limit one foe put to sleep\n|rule|Mega Rayquaza Clause: You cannot mega evolve Rayquaza\n|clearpoke\n|poke|p1|Sableye, M|\n|poke|p1|Heliolisk, F|\n|poke|p1|Wooper, M|\n|poke|p1|Pyukumuku, L94, M|\n|poke|p1|Skeledirge, M|\n|poke|p1|Krookodile, F|\n|poke|p2|Rattata, L1, M|\n|poke|p2|Linoone, F|\n|poke|p2|Darkrai|\n|poke|p2|Blastoise, M|\n|poke|p2|Nihilego|\n|poke|p2|Komala, F|\n|teampreview\n|c|\u2606MeroMerozan|RAT\n|c|\u2606MeroMerozan|THAT FUCKING RAT\n|\n|t:|1699062334\n|start\n|switch|p1a: Goober|Sableye, M|100\/100\n|switch|p2a: Blastoise|Blastoise, M, shiny|100\/100\n|turn|1\n|\n|t:|1699062364\n|detailschange|p2a: Blastoise|Blastoise-Mega, M, shiny\n|-mega|p2a: Blastoise|Blastoise|Blastoisinite\n|detailschange|p1a: Goober|Sableye-Mega, M\n|-mega|p1a: Goober|Sableye|Sablenite\n|move|p1a: Goober|Fake Out|p2a: Blastoise\n|-damage|p2a: Blastoise|93\/100\n|cant|p2a: Blastoise|flinch\n|\n|upkeep\n|turn|2\n|\n|t:|1699062386\n|move|p2a: Blastoise|Shell Smash|p2a: Blastoise\n|-unboost|p2a: Blastoise|def|1\n|-unboost|p2a: Blastoise|spd|1\n|-boost|p2a: Blastoise|atk|2\n|-boost|p2a: Blastoise|spa|2\n|-boost|p2a: Blastoise|spe|2\n|move|p1a: Goober|Pain Split|p2a: Blastoise\n|-sethp|p2a: Blastoise|97\/100|[from] move: Pain Split|[silent]\n|-sethp|p1a: Goober|96\/100|[from] move: Pain Split\n|\n|upkeep\n|turn|3\n|\n|t:|1699062397\n|move|p2a: Blastoise|Dark Pulse|p1a: Goober\n|-crit|p1a: Goober\n|-damage|p1a: Goober|0 fnt\n|faint|p1a: Goober\n|\n|upkeep\n|\n|t:|1699062407\n|switch|p1a: deeby|Pyukumuku, L94, M|100\/100\n|turn|4\n|\n|t:|1699062428\n|move|p2a: Blastoise|Dark Pulse|p1a: deeby\n|-damage|p1a: deeby|38\/100\n|cant|p1a: deeby|flinch\n|\n|upkeep\n|turn|5\n|\n|t:|1699062451\n|move|p1a: deeby|Protect|p1a: deeby\n|-singleturn|p1a: deeby|Protect\n|move|p2a: Blastoise|Dark Pulse|p1a: deeby\n|-activate|p1a: deeby|move: Protect\n|\n|upkeep\n|turn|6\n|\n|t:|1699062462\n|move|p2a: Blastoise|Dark Pulse|p1a: deeby\n|-damage|p1a: deeby|0 fnt\n|-damage|p2a: Blastoise|60\/100|[from] ability: Innards Out|[of] p1a: deeby\n|faint|p1a: deeby\n|\n|upkeep\n|\n|t:|1699062470\n|switch|p1a: Weezer|Skeledirge, M|100\/100\n|turn|7\n|\n|t:|1699062476\n|-terastallize|p1a: Weezer|Fairy\n|move|p2a: Blastoise|Dark Pulse|p1a: Weezer\n|-resisted|p1a: Weezer\n|-damage|p1a: Weezer|80\/100\n|move|p1a: Weezer|Sing|p2a: Blastoise|[miss]\n|-miss|p1a: Weezer|p2a: Blastoise\n|-enditem|p1a: Weezer|Blunder Policy\n|-boost|p1a: Weezer|spe|2\n|\n|upkeep\n|turn|8\n|\n|t:|1699062501\n|move|p2a: Blastoise|Ice Punch|p1a: Weezer\n|-damage|p1a: Weezer|68\/100\n|move|p1a: Weezer|Sing|p2a: Blastoise\n|-status|p2a: Blastoise|slp|[from] move: Sing\n|\n|upkeep\n|turn|9\n|\n|t:|1699062526\n|switch|p2a: Linoone|Linoone, F|100\/100\n|move|p1a: Weezer|Hex|p2a: Linoone\n|-immune|p2a: Linoone\n|\n|upkeep\n|turn|10\n|\n|t:|1699062533\n|move|p1a: Weezer|Torch Song|p2a: Linoone\n|-damage|p2a: Linoone|52\/100\n|-boost|p1a: Weezer|spa|1\n|move|p2a: Linoone|Belly Drum|p2a: Linoone\n|-damage|p2a: Linoone|2\/100\n|-setboost|p2a: Linoone|atk|6|[from] move: Belly Drum\n|-enditem|p2a: Linoone|Aguav Berry|[eat]\n|-heal|p2a: Linoone|35\/100|[from] item: Aguav Berry\n|\n|upkeep\n|turn|11\n|\n|t:|1699062547\n|move|p2a: Linoone|Extreme Speed|p1a: Weezer\n|-damage|p1a: Weezer|50\/100\n|move|p1a: Weezer|Slack Off|p1a: Weezer\n|-heal|p1a: Weezer|100\/100\n|\n|upkeep\n|turn|12\n|\n|t:|1699062558\n|move|p1a: Weezer|Torch Song|p2a: Linoone\n|-damage|p2a: Linoone|0 fnt\n|-boost|p1a: Weezer|spa|1\n|faint|p2a: Linoone\n|\n|upkeep\n|\n|t:|1699062565\n|switch|p2a: Nihilego|Nihilego, shiny|100\/100\n|turn|13\n|\n|t:|1699062570\n|move|p1a: Weezer|Hex|p2a: Nihilego\n|-damage|p2a: Nihilego|62\/100\n|move|p2a: Nihilego|Sludge Wave|p1a: Weezer\n|-supereffective|p1a: Weezer\n|-damage|p1a: Weezer|0 fnt\n|faint|p1a: Weezer\n|-ability|p2a: Nihilego|Beast Boost|boost\n|-boost|p2a: Nihilego|spa|1\n|\n|upkeep\n|\n|t:|1699062578\n|switch|p1a: Doober|Heliolisk, F|100\/100\n|turn|14\n|\n|t:|1699062597\n|move|p1a: Doober|Surf|p2a: Nihilego\n|-supereffective|p2a: Nihilego\n|-damage|p2a: Nihilego|4\/100\n|-damage|p1a: Doober|91\/100|[from] item: Life Orb\n|move|p2a: Nihilego|Meteor Beam||[still]\n|-prepare|p2a: Nihilego|Meteor Beam\n|-boost|p2a: Nihilego|spa|1\n|-enditem|p2a: Nihilego|Power Herb\n|-anim|p2a: Nihilego|Meteor Beam|p1a: Doober\n|-damage|p1a: Doober|0 fnt\n|faint|p1a: Doober\n|-ability|p2a: Nihilego|Beast Boost|boost\n|-boost|p2a: Nihilego|spa|1\n|\n|upkeep\n|\n|t:|1699062610\n|switch|p1a: eeby|Wooper, M|100\/100\n|turn|15\n|\n|t:|1699062621\n|move|p2a: Nihilego|Thunderbolt|p1a: eeby\n|-immune|p1a: eeby\n|move|p1a: eeby|Toxic|p2a: Nihilego\n|-immune|p2a: Nihilego\n|\n|upkeep\n|turn|16\n|\n|t:|1699062631\n|move|p2a: Nihilego|Sludge Wave|p1a: eeby\n|-resisted|p1a: eeby\n|-damage|p1a: eeby|56\/100\n|-status|p1a: eeby|psn\n|move|p1a: eeby|Counter||[still]\n|-fail|p1a: eeby\n|\n|-damage|p1a: eeby|43\/100 psn|[from] psn\n|upkeep\n|turn|17\n|\n|t:|1699062644\n|move|p2a: Nihilego|Sludge Wave|p1a: eeby\n|-resisted|p1a: eeby\n|-damage|p1a: eeby|0 fnt\n|faint|p1a: eeby\n|-ability|p2a: Nihilego|Beast Boost|boost\n|-boost|p2a: Nihilego|spa|1\n|\n|upkeep\n|\n|t:|1699062647\n|switch|p1a: Sneezer|Krookodile, F|100\/100\n|turn|18\n|\n|t:|1699062657\n|move|p2a: Nihilego|Power Gem|p1a: Sneezer\n|-resisted|p1a: Sneezer\n|-damage|p1a: Sneezer|16\/100\n|-enditem|p1a: Sneezer|Aguav Berry|[eat]\n|-heal|p1a: Sneezer|49\/100|[from] item: Aguav Berry\n|move|p1a: Sneezer|Power Trip|p2a: Nihilego\n|-damage|p2a: Nihilego|0 fnt\n|faint|p2a: Nihilego\n|-ability|p1a: Sneezer|Moxie|boost\n|-boost|p1a: Sneezer|atk|1\n|\n|upkeep\n|\n|t:|1699062682\n|switch|p2a: Rattata|Rattata, L1, M|100\/100\n|turn|19\n|\n|t:|1699062686\n|move|p1a: Sneezer|Sand Attack|p2a: Rattata\n|-unboost|p2a: Rattata|accuracy|1\n|move|p2a: Rattata|Endeavor|p1a: Sneezer\n|-damage|p1a: Sneezer|4\/100\n|\n|upkeep\n|turn|20\n|\n|t:|1699062694\n|move|p1a: Sneezer|Sand Attack|p2a: Rattata\n|-unboost|p2a: Rattata|accuracy|1\n|move|p2a: Rattata|Endeavor|p1a: Sneezer\n|-immune|p1a: Sneezer\n|\n|upkeep\n|turn|21\n|\n|t:|1699062704\n|move|p2a: Rattata|Quick Attack|p1a: Sneezer\n|-damage|p1a: Sneezer|4\/100\n|move|p1a: Sneezer|Sand Attack|p2a: Rattata\n|-unboost|p2a: Rattata|accuracy|1\n|\n|upkeep\n|turn|22\n|\n|t:|1699062718\n|switch|p2a: Komala|Komala, F, shiny|100\/100\n|-ability|p2a: Komala|Comatose\n|move|p1a: Sneezer|Bulk Up|p1a: Sneezer\n|-boost|p1a: Sneezer|atk|1\n|-boost|p1a: Sneezer|def|1\n|\n|upkeep\n|turn|23\n|\n|t:|1699062730\n|move|p1a: Sneezer|Power Trip|p2a: Komala\n|-damage|p2a: Komala|0 fnt\n|faint|p2a: Komala\n|-ability|p1a: Sneezer|Moxie|boost\n|-boost|p1a: Sneezer|atk|1\n|\n|upkeep\n|\n|t:|1699062738\n|switch|p2a: Blastoise|Blastoise-Mega, M, shiny|60\/100 slp\n|turn|24\n|\n|t:|1699062742\n|move|p1a: Sneezer|Power Trip|p2a: Blastoise\n|-damage|p2a: Blastoise|0 fnt\n|faint|p2a: Blastoise\n|-ability|p1a: Sneezer|Moxie|boost\n|-boost|p1a: Sneezer|atk|1\n|\n|upkeep\n|\n|t:|1699062752\n|switch|p2a: Rattata|Rattata, L1, M|100\/100\n|turn|25\n|\n|t:|1699062757\n|move|p1a: Sneezer|Sand Attack|p2a: Rattata\n|-unboost|p2a: Rattata|accuracy|1\n|move|p2a: Rattata|Endeavor|p1a: Sneezer\n|-immune|p1a: Sneezer\n|\n|upkeep\n|turn|26\n|\n|t:|1699062769\n|switch|p2a: Darkrai|Darkrai, shiny|100\/100\n|move|p1a: Sneezer|Sand Attack|p2a: Darkrai\n|-unboost|p2a: Darkrai|accuracy|1\n|\n|upkeep\n|turn|27\n|\n|t:|1699062776\n|move|p2a: Darkrai|Dark Void|p1a: Sneezer\n|-status|p1a: Sneezer|slp|[from] move: Dark Void\n|cant|p1a: Sneezer|slp\n|\n|-damage|p1a: Sneezer|0 fnt|[from] ability: Bad Dreams|[of] p2a: Darkrai\n|faint|p1a: Sneezer\n|\n|win|rianzin du grau\n|upkeep\n|raw|MeroMerozan's rating: 1000 &rarr; <strong>1000<\/strong><br \/>(+0 for losing)\n|raw|rianzin du grau's rating: 1045 &rarr; <strong>1074<\/strong><br \/>(+29 for winning)\n","uploadtime":1699062331,"views":5,"p1id":"meromerozan","p2id":"rianzindugrau","formatid":"gen9nationaldexubers","rating":1000,"private":0,"password":""}