{"id":"gen9nationaldexubers-1978586436","p1":"MannyManati","p2":"OneDubPlis_CPM","format":"[Gen 9] National Dex Ubers","log":"|j|\u2606MannyManati\n|j|\u2606OneDubPlis_CPM\n|t:|1698561084\n|gametype|singles\n|player|p1|MannyManati|265|\n|player|p2|OneDubPlis_CPM|cynthia-gen4|\n|teamsize|p1|6\n|teamsize|p2|6\n|gen|9\n|tier|[Gen 9] National Dex Ubers\n|rule|HP Percentage Mod: HP is shown in percentages\n|rule|Endless Battle Clause: Forcing endless battles is banned\n|rule|OHKO Clause: OHKO moves are banned\n|rule|Evasion Moves Clause: Evasion moves are banned\n|rule|Evasion Items Clause: Evasion items are banned\n|rule|Species Clause: Limit one of each Pok\u00e9mon\n|rule|Sleep Clause Mod: Limit one foe put to sleep\n|rule|Mega Rayquaza Clause: You cannot mega evolve Rayquaza\n|clearpoke\n|poke|p1|Slowking-Galar, F|\n|poke|p1|Arctozolt|\n|poke|p1|Mawile, F|\n|poke|p1|Arcanine-Hisui, F|\n|poke|p1|Xurkitree|\n|poke|p1|Rillaboom, M|\n|poke|p2|Blastoise, M|\n|poke|p2|Ting-Lu|\n|poke|p2|Arcanine-Hisui, F|\n|poke|p2|Mawile, M|\n|poke|p2|Thundurus, M|\n|poke|p2|Rillaboom, M|\n|teampreview\n|\n|t:|1698561137\n|start\n|switch|p1a: Slowking|Slowking-Galar, F|100\/100\n|switch|p2a: Blastoise|Blastoise, M, shiny|100\/100\n|turn|1\n|\n|t:|1698561154\n|move|p2a: Blastoise|Shell Smash|p2a: Blastoise\n|-unboost|p2a: Blastoise|def|1\n|-unboost|p2a: Blastoise|spd|1\n|-boost|p2a: Blastoise|atk|2\n|-boost|p2a: Blastoise|spa|2\n|-boost|p2a: Blastoise|spe|2\n|-enditem|p2a: Blastoise|White Herb\n|-clearnegativeboost|p2a: Blastoise|[silent]\n|move|p1a: Slowking|Toxic|p2a: Blastoise\n|-status|p2a: Blastoise|tox\n|\n|-damage|p2a: Blastoise|94\/100 tox|[from] psn\n|upkeep\n|turn|2\n|\n|t:|1698561165\n|move|p2a: Blastoise|Liquidation|p1a: Slowking\n|-damage|p1a: Slowking|46\/100\n|-unboost|p1a: Slowking|def|1\n|move|p1a: Slowking|Chilly Reception|p1a: Slowking\n|-weather|Snow\n|\n|t:|1698561171\n|switch|p1a: Arctozolt|Arctozolt|100\/100|[from] Chilly Reception\n|\n|-weather|Snow|[upkeep]\n|-damage|p2a: Blastoise|82\/100 tox|[from] psn\n|upkeep\n|turn|3\n|\n|t:|1698561210\n|-terastallize|p2a: Blastoise|Dragon\n|move|p2a: Blastoise|Outrage|p1a: Arctozolt\n|-damage|p1a: Arctozolt|19\/100\n|move|p1a: Arctozolt|Bolt Beak|p2a: Blastoise\n|-resisted|p2a: Blastoise\n|-damage|p2a: Blastoise|62\/100 tox\n|\n|-weather|Snow|[upkeep]\n|-damage|p2a: Blastoise|44\/100 tox|[from] psn\n|upkeep\n|turn|4\n|\n|t:|1698561220\n|move|p2a: Blastoise|Outrage|p1a: Arctozolt|[from]lockedmove\n|-damage|p1a: Arctozolt|0 fnt\n|faint|p1a: Arctozolt\n|\n|-weather|Snow|[upkeep]\n|-damage|p2a: Blastoise|20\/100 tox|[from] psn\n|upkeep\n|\n|t:|1698561225\n|switch|p1a: Mawile|Mawile, F|100\/100\n|-ability|p1a: Mawile|Intimidate|boost\n|-unboost|p2a: Blastoise|atk|1\n|turn|5\n|\n|t:|1698561231\n|detailschange|p1a: Mawile|Mawile-Mega, F\n|-mega|p1a: Mawile|Mawile|Mawilite\n|move|p1a: Mawile|Sucker Punch|p2a: Blastoise\n|-damage|p2a: Blastoise|0 fnt\n|faint|p2a: Blastoise\n|\n|-weather|Snow|[upkeep]\n|upkeep\n|\n|t:|1698561258\n|switch|p2a: Ting-Lu|Ting-Lu|100\/100\n|-ability|p2a: Ting-Lu|Vessel of Ruin\n|turn|6\n|\n|t:|1698561282\n|switch|p1a: Slowking|Slowking-Galar, F|79\/100\n|move|p2a: Ting-Lu|Stomping Tantrum|p1a: Slowking\n|-supereffective|p1a: Slowking\n|-damage|p1a: Slowking|38\/100\n|\n|-weather|Snow|[upkeep]\n|upkeep\n|turn|7\n|\n|t:|1698561307\n|move|p2a: Ting-Lu|Stomping Tantrum|p1a: Slowking\n|-supereffective|p1a: Slowking\n|-damage|p1a: Slowking|0 fnt\n|faint|p1a: Slowking\n|\n|-weather|Snow|[upkeep]\n|upkeep\n|\n|t:|1698561326\n|switch|p1a: Arcanine|Arcanine-Hisui, F|100\/100\n|turn|8\n|\n|t:|1698561351\n|move|p1a: Arcanine|Head Smash|p2a: Ting-Lu\n|-resisted|p2a: Ting-Lu\n|-damage|p2a: Ting-Lu|77\/100\n|move|p2a: Ting-Lu|Stomping Tantrum|p1a: Arcanine\n|-supereffective|p1a: Arcanine\n|-damage|p1a: Arcanine|0 fnt\n|faint|p1a: Arcanine\n|\n|-weather|Snow|[upkeep]\n|-heal|p2a: Ting-Lu|83\/100|[from] item: Leftovers\n|upkeep\n|\n|t:|1698561355\n|switch|p1a: Xurkitree|Xurkitree|100\/100\n|turn|9\n|\n|t:|1698561366\n|move|p1a: Xurkitree|Dazzling Gleam|p2a: Ting-Lu\n|-supereffective|p2a: Ting-Lu\n|-damage|p2a: Ting-Lu|39\/100\n|move|p2a: Ting-Lu|Stealth Rock|p1a: Xurkitree\n|-sidestart|p1: MannyManati|move: Stealth Rock\n|\n|-weather|none\n|-heal|p2a: Ting-Lu|45\/100|[from] item: Leftovers\n|upkeep\n|turn|10\n|\n|t:|1698561377\n|move|p1a: Xurkitree|Dazzling Gleam|p2a: Ting-Lu\n|-supereffective|p2a: Ting-Lu\n|-damage|p2a: Ting-Lu|3\/100\n|move|p2a: Ting-Lu|Stomping Tantrum|p1a: Xurkitree\n|-supereffective|p1a: Xurkitree\n|-damage|p1a: Xurkitree|18\/100\n|\n|-heal|p2a: Ting-Lu|9\/100|[from] item: Leftovers\n|upkeep\n|turn|11\n|\n|t:|1698561384\n|move|p1a: Xurkitree|Dazzling Gleam|p2a: Ting-Lu\n|-supereffective|p2a: Ting-Lu\n|-damage|p2a: Ting-Lu|0 fnt\n|faint|p2a: Ting-Lu\n|-ability|p1a: Xurkitree|Beast Boost|boost\n|-boost|p1a: Xurkitree|spa|1\n|\n|upkeep\n|\n|t:|1698561396\n|switch|p2a: Rillaboom|Rillaboom, M, shiny|100\/100\n|-fieldstart|move: Grassy Terrain|[from] ability: Grassy Surge|[of] p2a: Rillaboom\n|turn|12\n|\n|t:|1698561413\n|move|p2a: Rillaboom|Grassy Glide|p1a: Xurkitree\n|-damage|p1a: Xurkitree|0 fnt\n|faint|p1a: Xurkitree\n|\n|upkeep\n|\n|t:|1698561428\n|switch|p1a: Rillaboom|Rillaboom, M|100\/100\n|-damage|p1a: Rillaboom|88\/100|[from] Stealth Rock\n|turn|13\n|\n|t:|1698561434\n|move|p2a: Rillaboom|U-turn|p1a: Rillaboom\n|-supereffective|p1a: Rillaboom\n|-damage|p1a: Rillaboom|42\/100\n|\n|t:|1698561441\n|switch|p2a: Arcanine|Arcanine-Hisui, F, shiny|100\/100|[from] U-turn\n|-ability|p2a: Arcanine|Intimidate|boost\n|-unboost|p1a: Rillaboom|atk|1\n|move|p1a: Rillaboom|Knock Off|p2a: Arcanine\n|-damage|p2a: Arcanine|73\/100\n|-enditem|p2a: Arcanine|Choice Band|[from] move: Knock Off|[of] p1a: Rillaboom\n|\n|-heal|p2a: Arcanine|79\/100|[from] Grassy Terrain\n|-heal|p1a: Rillaboom|48\/100|[from] Grassy Terrain\n|upkeep\n|turn|14\n|\n|t:|1698561452\n|move|p2a: Arcanine|Flare Blitz|p1a: Rillaboom\n|-supereffective|p1a: Rillaboom\n|-damage|p1a: Rillaboom|0 fnt\n|faint|p1a: Rillaboom\n|-damage|p2a: Arcanine|60\/100|[from] Recoil\n|\n|-heal|p2a: Arcanine|66\/100|[from] Grassy Terrain\n|upkeep\n|\n|t:|1698561454\n|switch|p1a: Mawile|Mawile-Mega, F|100\/100\n|-damage|p1a: Mawile|94\/100|[from] Stealth Rock\n|turn|15\n|\n|t:|1698561463\n|switch|p2a: Thundurus|Thundurus, M, shiny|100\/100\n|move|p1a: Mawile|Sucker Punch||[still]\n|-fail|p1a: Mawile\n|\n|-heal|p1a: Mawile|100\/100|[from] Grassy Terrain\n|upkeep\n|turn|16\n|\n|t:|1698561481\n|move|p2a: Thundurus|Wild Charge|p1a: Mawile\n|-damage|p1a: Mawile|56\/100\n|-damage|p2a: Thundurus|89\/100|[from] Recoil\n|move|p1a: Mawile|Swords Dance|p1a: Mawile\n|-boost|p1a: Mawile|atk|2\n|\n|-heal|p1a: Mawile|62\/100|[from] Grassy Terrain\n|-fieldend|move: Grassy Terrain\n|upkeep\n|turn|17\n|\n|t:|1698561495\n|move|p2a: Thundurus|Wild Charge|p1a: Mawile\n|-damage|p1a: Mawile|18\/100\n|-damage|p2a: Thundurus|78\/100|[from] Recoil\n|move|p1a: Mawile|Swords Dance|p1a: Mawile\n|-boost|p1a: Mawile|atk|2\n|\n|upkeep\n|turn|18\n|\n|t:|1698561502\n|move|p1a: Mawile|Sucker Punch|p2a: Thundurus\n|-crit|p2a: Thundurus\n|-damage|p2a: Thundurus|0 fnt\n|faint|p2a: Thundurus\n|\n|upkeep\n|\n|t:|1698561517\n|switch|p2a: Rillaboom|Rillaboom, M, shiny|100\/100\n|-fieldstart|move: Grassy Terrain|[from] ability: Grassy Surge|[of] p2a: Rillaboom\n|turn|19\n|\n|t:|1698561556\n|move|p2a: Rillaboom|Grassy Glide|p1a: Mawile\n|-resisted|p1a: Mawile\n|-damage|p1a: Mawile|0 fnt\n|faint|p1a: Mawile\n|\n|win|OneDubPlis_CPM\n|l|\u2606MannyManati\n","uploadtime":1698561575,"views":11,"p1id":"mannymanati","p2id":"onedubpliscpm","formatid":"gen9nationaldexubers","rating":0,"private":0,"password":""}