{"id":"gen9nationaldexubers-1990863253","p1":"85792195wwww","p2":"nfyhsueryfgius","format":"[Gen 9] National Dex Ubers","log":"|j|\u260685792195wwww\n|j|\u2606nfyhsueryfgius\n|t:|1700008874\n|gametype|singles\n|player|p1|85792195wwww|mira|1760\n|player|p2|nfyhsueryfgius|ghetsis|1738\n|teamsize|p1|6\n|teamsize|p2|6\n|gen|9\n|tier|[Gen 9] National Dex Ubers\n|rated|\n|rule|HP Percentage Mod: HP is shown in percentages\n|rule|Endless Battle Clause: Forcing endless battles is banned\n|rule|OHKO Clause: OHKO moves are banned\n|rule|Evasion Moves Clause: Evasion moves are banned\n|rule|Evasion Items Clause: Evasion items are banned\n|rule|Species Clause: Limit one of each Pok\u00e9mon\n|rule|Sleep Clause Mod: Limit one foe put to sleep\n|rule|Mega Rayquaza Clause: You cannot mega evolve Rayquaza\n|clearpoke\n|poke|p1|Xerneas-*|\n|poke|p1|Deoxys-Speed|\n|poke|p1|Zacian-*|\n|poke|p1|Arceus|\n|poke|p1|Groudon|\n|poke|p1|Zekrom|\n|poke|p2|Eternatus|\n|poke|p2|Arceus-Ground|\n|poke|p2|Ho-Oh|\n|poke|p2|Groudon|\n|poke|p2|Yveltal|\n|poke|p2|Xerneas-*|\n|teampreview\n|j| Poosdog\n|\n|t:|1700008896\n|start\n|switch|p1a: Deoxys|Deoxys-Speed|100\/100\n|switch|p2a: Yveltal|Yveltal|100\/100\n|-ability|p1a: Deoxys|Pressure\n|-ability|p2a: Yveltal|Dark Aura\n|turn|1\n|\n|t:|1700008907\n|move|p1a: Deoxys|Stealth Rock|p2a: Yveltal\n|-sidestart|p2: nfyhsueryfgius|move: Stealth Rock\n|move|p2a: Yveltal|Foul Play|p1a: Deoxys\n|-supereffective|p1a: Deoxys\n|-damage|p1a: Deoxys|40\/100\n|-damage|p2a: Yveltal|84\/100|[from] item: Rocky Helmet|[of] p1a: Deoxys\n|\n|upkeep\n|turn|2\n|\n|t:|1700008920\n|move|p1a: Deoxys|Thunder Wave|p2a: Yveltal\n|-status|p2a: Yveltal|par\n|move|p2a: Yveltal|Foul Play|p1a: Deoxys\n|-supereffective|p1a: Deoxys\n|-damage|p1a: Deoxys|0 fnt\n|-damage|p2a: Yveltal|68\/100 par|[from] item: Rocky Helmet|[of] p1a: Deoxys\n|faint|p1a: Deoxys\n|\n|upkeep\n|\n|t:|1700008932\n|switch|p1a: Zekrom|Zekrom|100\/100\n|-ability|p1a: Zekrom|Teravolt\n|turn|3\n|\n|t:|1700008937\n|move|p1a: Zekrom|Substitute|p1a: Zekrom\n|-start|p1a: Zekrom|Substitute\n|-damage|p1a: Zekrom|76\/100\n|move|p2a: Yveltal|Foul Play|p1a: Zekrom\n|-end|p1a: Zekrom|Substitute\n|\n|upkeep\n|turn|4\n|\n|t:|1700008945\n|switch|p2a: Arceus|Arceus-Ground|100\/100\n|-damage|p2a: Arceus|94\/100|[from] Stealth Rock\n|move|p1a: Zekrom|Substitute|p1a: Zekrom\n|-start|p1a: Zekrom|Substitute\n|-damage|p1a: Zekrom|51\/100\n|\n|upkeep\n|turn|5\n|\n|t:|1700008953\n|move|p2a: Arceus|Earthquake|p1a: Zekrom\n|-supereffective|p1a: Zekrom\n|-end|p1a: Zekrom|Substitute\n|move|p1a: Zekrom|Dragon Dance|p1a: Zekrom\n|-boost|p1a: Zekrom|atk|1\n|-boost|p1a: Zekrom|spe|1\n|\n|upkeep\n|turn|6\n|\n|t:|1700008961\n|-zpower|p1a: Zekrom\n|move|p1a: Zekrom|Devastating Drake|p2a: Arceus|[zeffect]\n|-crit|p2a: Arceus\n|-damage|p2a: Arceus|0 fnt\n|faint|p2a: Arceus\n|\n|upkeep\n|\n|t:|1700008965\n|switch|p2a: Groudon|Groudon|100\/100\n|-damage|p2a: Groudon|94\/100|[from] Stealth Rock\n|detailschange|p2a: Groudon|Groudon-Primal\n|-primal|p2a: Groudon|Red Orb\n|-weather|DesolateLand|[from] ability: Desolate Land|[of] p2a: Groudon\n|turn|7\n|\n|t:|1700008975\n|move|p1a: Zekrom|Outrage|p2a: Groudon\n|-damage|p2a: Groudon|34\/100\n|move|p2a: Groudon|Precipice Blades|p1a: Zekrom\n|-supereffective|p1a: Zekrom\n|-damage|p1a: Zekrom|0 fnt\n|faint|p1a: Zekrom\n|\n|-weather|DesolateLand|[upkeep]\n|upkeep\n|\n|t:|1700008988\n|switch|p1a: Arceus|Arceus|100\/100\n|turn|8\n|\n|t:|1700008994\n|move|p1a: Arceus|Swords Dance|p1a: Arceus\n|-boost|p1a: Arceus|atk|2\n|move|p2a: Groudon|Overheat|p1a: Arceus|[miss]\n|-miss|p2a: Groudon|p1a: Arceus\n|\n|-weather|DesolateLand|[upkeep]\n|upkeep\n|turn|9\n|\n|t:|1700009001\n|move|p1a: Arceus|Extreme Speed|p2a: Groudon\n|-damage|p2a: Groudon|0 fnt\n|faint|p2a: Groudon\n|-weather|none\n|-damage|p1a: Arceus|91\/100|[from] item: Life Orb\n|\n|upkeep\n|\n|t:|1700009005\n|switch|p2a: Ho-Oh|Ho-Oh|100\/100\n|turn|10\n|inactive|Battle timer is ON: inactive players will automatically lose when time's up. (requested by nfyhsueryfgius)\n|\n|t:|1700009017\n|-terastallize|p1a: Arceus|Normal\n|move|p1a: Arceus|Extreme Speed|p2a: Ho-Oh\n|-crit|p2a: Ho-Oh\n|-damage|p2a: Ho-Oh|0 fnt\n|faint|p2a: Ho-Oh\n|-damage|p1a: Arceus|81\/100|[from] item: Life Orb\n|\n|upkeep\n|l| Poosdog\n|\n|t:|1700009022\n|switch|p2a: Yveltal|Yveltal|68\/100 par\n|-ability|p2a: Yveltal|Dark Aura\n|turn|11\n|\n|t:|1700009031\n|-terastallize|p2a: Yveltal|Ghost\n|move|p1a: Arceus|Extreme Speed|p2a: Yveltal\n|-immune|p2a: Yveltal\n|move|p2a: Yveltal|Foul Play|p1a: Arceus\n|-damage|p1a: Arceus|0 fnt\n|faint|p1a: Arceus\n|\n|upkeep\n|\n|t:|1700009043\n|switch|p1a: Xerneas|Xerneas|100\/100\n|-ability|p1a: Xerneas|Fairy Aura\n|turn|12\n|\n|t:|1700009048\n|move|p1a: Xerneas|Geomancy||[still]\n|-prepare|p1a: Xerneas|Geomancy\n|-enditem|p1a: Xerneas|Power Herb\n|-anim|p1a: Xerneas|Geomancy|p1a: Xerneas\n|-boost|p1a: Xerneas|spa|2\n|-boost|p1a: Xerneas|spd|2\n|-boost|p1a: Xerneas|spe|2\n|move|p2a: Yveltal|Toxic|p1a: Xerneas\n|-status|p1a: Xerneas|tox\n|\n|-damage|p1a: Xerneas|94\/100 tox|[from] psn\n|upkeep\n|turn|13\n|\n|t:|1700009058\n|move|p1a: Xerneas|Moonblast|p2a: Yveltal\n|-damage|p2a: Yveltal|0 fnt\n|faint|p2a: Yveltal\n|\n|-damage|p1a: Xerneas|82\/100 tox|[from] psn\n|upkeep\n|j| Poosdog\n|\n|t:|1700009069\n|switch|p2a: Eternatus|Eternatus|100\/100\n|-damage|p2a: Eternatus|88\/100|[from] Stealth Rock\n|-ability|p2a: Eternatus|Pressure\n|turn|14\n|\n|t:|1700009074\n|move|p1a: Xerneas|Moonblast|p2a: Eternatus\n|-damage|p2a: Eternatus|0 fnt\n|faint|p2a: Eternatus\n|\n|-damage|p1a: Xerneas|64\/100 tox|[from] psn\n|upkeep\n|\n|t:|1700009077\n|switch|p2a: Xerneas|Xerneas|100\/100\n|-damage|p2a: Xerneas|88\/100|[from] Stealth Rock\n|-ability|p2a: Xerneas|Fairy Aura\n|turn|15\n|\n|t:|1700009086\n|move|p1a: Xerneas|Moonblast|p2a: Xerneas\n|-damage|p2a: Xerneas|0 fnt\n|faint|p2a: Xerneas\n|\n|win|85792195wwww\n|raw|85792195wwww's rating: 1760 &rarr; <strong>1779<\/strong><br \/>(+19 for winning)\n|raw|nfyhsueryfgius's rating: 1738 &rarr; <strong>1719<\/strong><br \/>(-19 for losing)\n|l|\u2606nfyhsueryfgius\n","uploadtime":1700009096,"views":7,"p1id":"85792195wwww","p2id":"nfyhsueryfgius","formatid":"gen9nationaldexubers","rating":1719,"private":0,"password":""}