{"id":"gen9nationaldexubers-1989907422","p1":"TheChosenPeruOne","p2":"vorpal main","format":"[Gen 9] National Dex Ubers","log":"|j|\u2606TheChosenPeruOne\n|j|\u2606vorpal main\n|t:|1699905708\n|gametype|singles\n|player|p1|TheChosenPeruOne|veteran|\n|player|p2|vorpal main|1|\n|teamsize|p1|6\n|teamsize|p2|6\n|gen|9\n|tier|[Gen 9] National Dex Ubers\n|rule|HP Percentage Mod: HP is shown in percentages\n|rule|Endless Battle Clause: Forcing endless battles is banned\n|rule|OHKO Clause: OHKO moves are banned\n|rule|Evasion Moves Clause: Evasion moves are banned\n|rule|Evasion Items Clause: Evasion items are banned\n|rule|Species Clause: Limit one of each Pok\u00e9mon\n|rule|Sleep Clause Mod: Limit one foe put to sleep\n|rule|Mega Rayquaza Clause: You cannot mega evolve Rayquaza\n|clearpoke\n|poke|p1|Incineroar, F|\n|poke|p1|Dragonite, F|\n|poke|p1|Melmetal|\n|poke|p1|Ditto|\n|poke|p1|Pikachu, F|\n|poke|p1|Indeedee, M|\n|poke|p2|Heatran, M|\n|poke|p2|Conkeldurr, M|\n|poke|p2|Zapdos|\n|poke|p2|Rillaboom, F|\n|poke|p2|Cofagrigus, F|\n|poke|p2|Primarina, M|\n|teampreview\n|\n|t:|1699905726\n|start\n|switch|p1a: Trail \ud83d\ude21|Incineroar, F, shiny|100\/100\n|switch|p2a: Pluto|Heatran, M|100\/100\n|-ability|p1a: Trail \ud83d\ude21|Intimidate|boost\n|-unboost|p2a: Pluto|atk|1\n|turn|1\n|\n|t:|1699905738\n|move|p2a: Pluto|Stealth Rock|p1a: Trail \ud83d\ude21\n|-sidestart|p1: TheChosenPeruOne|move: Stealth Rock\n|move|p1a: Trail \ud83d\ude21|Parting Shot|p2a: Pluto\n|-unboost|p2a: Pluto|atk|1\n|-unboost|p2a: Pluto|spa|1\n|\n|t:|1699905760\n|switch|p1a: Pikito|Ditto|100\/100|[from] Parting Shot\n|-damage|p1a: Pikito|88\/100|[from] Stealth Rock\n|-transform|p1a: Pikito|p2a: Pluto|[from] ability: Imposter\n|\n|upkeep\n|turn|2\n|\n|t:|1699905772\n|move|p1a: Pikito|Stealth Rock|p2a: Pluto\n|-sidestart|p2: vorpal main|move: Stealth Rock\n|move|p2a: Pluto|Taunt|p1a: Pikito\n|-start|p1a: Pikito|move: Taunt\n|\n|upkeep\n|turn|3\n|\n|t:|1699905777\n|switch|p1a: JohnyR05 \ud83d\ude0e|Dragonite, F, shiny|100\/100\n|move|p2a: Pluto|Magma Storm|p1a: JohnyR05 \ud83d\ude0e\n|-resisted|p1a: JohnyR05 \ud83d\ude0e\n|-damage|p1a: JohnyR05 \ud83d\ude0e|95\/100\n|-activate|p1a: JohnyR05 \ud83d\ude0e|move: Magma Storm|[of] p2a: Pluto\n|\n|-damage|p1a: JohnyR05 \ud83d\ude0e|82\/100|[from] move: Magma Storm|[partiallytrapped]\n|upkeep\n|turn|4\n|\n|t:|1699905783\n|switch|p2a: Luperta|Zapdos|100\/100\n|move|p1a: JohnyR05 \ud83d\ude0e|Defog|p2a: Luperta\n|-unboost|p2a: Luperta|evasion|1\n|-sideend|p2: vorpal main|Stealth Rock|[from] move: Defog|[of] p1a: JohnyR05 \ud83d\ude0e\n|-sideend|p1: TheChosenPeruOne|Stealth Rock|[from] move: Defog|[of] p1a: JohnyR05 \ud83d\ude0e\n|\n|-end|p1a: JohnyR05 \ud83d\ude0e|Magma Storm|[partiallytrapped]|[silent]\n|upkeep\n|turn|5\n|\n|t:|1699905790\n|move|p2a: Luperta|Hidden Power|p1a: JohnyR05 \ud83d\ude0e\n|-supereffective|p1a: JohnyR05 \ud83d\ude0e\n|-damage|p1a: JohnyR05 \ud83d\ude0e|21\/100\n|move|p1a: JohnyR05 \ud83d\ude0e|Ice Beam|p2a: Luperta\n|-supereffective|p2a: Luperta\n|-damage|p2a: Luperta|60\/100\n|\n|upkeep\n|turn|6\n|\n|t:|1699905796\n|switch|p1a: Trail \ud83d\ude21|Incineroar, F, shiny|100\/100\n|-ability|p1a: Trail \ud83d\ude21|Intimidate|boost\n|-unboost|p2a: Luperta|atk|1\n|move|p2a: Luperta|Volt Switch|p1a: Trail \ud83d\ude21\n|-damage|p1a: Trail \ud83d\ude21|78\/100\n|\n|t:|1699905803\n|switch|p2a: Tuki Rumba|Primarina, M|100\/100|[from] Volt Switch\n|\n|upkeep\n|turn|7\n|\n|t:|1699905820\n|switch|p1a: Tapu Shikito|Indeedee, M|100\/100\n|-fieldstart|move: Psychic Terrain|[from] ability: Psychic Surge|[of] p1a: Tapu Shikito\n|move|p2a: Tuki Rumba|Flip Turn|p1a: Tapu Shikito\n|-damage|p1a: Tapu Shikito|63\/100\n|\n|t:|1699905834\n|switch|p2a: Rayo Makakaking|Rillaboom, F|100\/100|[from] Flip Turn\n|-fieldstart|move: Grassy Terrain|[from] ability: Grassy Surge|[of] p2a: Rayo Makakaking\n|\n|-heal|p1a: Tapu Shikito|69\/100|[from] Grassy Terrain\n|upkeep\n|turn|8\n|\n|t:|1699905849\n|switch|p1a: JohnyR05 \ud83d\ude0e|Dragonite, F, shiny|21\/100\n|move|p2a: Rayo Makakaking|U-turn|p1a: JohnyR05 \ud83d\ude0e\n|-resisted|p1a: JohnyR05 \ud83d\ude0e\n|-damage|p1a: JohnyR05 \ud83d\ude0e|9\/100\n|\n|t:|1699905857\n|switch|p2a: Tuki Rumba|Primarina, M|100\/100|[from] U-turn\n|\n|upkeep\n|turn|9\n|\n|t:|1699905868\n|switch|p1a: Pikito|Ditto|88\/100\n|-transform|p1a: Pikito|p2a: Tuki Rumba|[from] ability: Imposter\n|move|p2a: Tuki Rumba|Ice Beam|p1a: Pikito\n|-resisted|p1a: Pikito\n|-damage|p1a: Pikito|71\/100\n|\n|-heal|p1a: Pikito|77\/100|[from] Grassy Terrain\n|upkeep\n|turn|10\n|\n|t:|1699905902\n|move|p1a: Pikito|Flip Turn|p2a: Tuki Rumba\n|-resisted|p2a: Tuki Rumba\n|-damage|p2a: Tuki Rumba|91\/100\n|\n|t:|1699905914\n|switch|p1a: Tapu Shikito|Indeedee, M|69\/100|[from] Flip Turn\n|-fieldstart|move: Psychic Terrain|[from] ability: Psychic Surge|[of] p1a: Tapu Shikito\n|move|p2a: Tuki Rumba|Flip Turn|p1a: Tapu Shikito\n|-damage|p1a: Tapu Shikito|33\/100\n|\n|t:|1699905924\n|switch|p2a: Rayo Makakaking|Rillaboom, F|100\/100|[from] Flip Turn\n|-fieldstart|move: Grassy Terrain|[from] ability: Grassy Surge|[of] p2a: Rayo Makakaking\n|\n|-heal|p1a: Tapu Shikito|40\/100|[from] Grassy Terrain\n|upkeep\n|turn|11\n|\n|t:|1699905930\n|switch|p1a: Trail \ud83d\ude21|Incineroar, F, shiny|78\/100\n|-ability|p1a: Trail \ud83d\ude21|Intimidate|boost\n|-unboost|p2a: Rayo Makakaking|atk|1\n|move|p2a: Rayo Makakaking|U-turn|p1a: Trail \ud83d\ude21\n|-damage|p1a: Trail \ud83d\ude21|52\/100\n|\n|t:|1699905934\n|switch|p2a: Tuki Rumba|Primarina, M|91\/100|[from] U-turn\n|\n|-heal|p1a: Trail \ud83d\ude21|58\/100|[from] Grassy Terrain\n|-heal|p2a: Tuki Rumba|97\/100|[from] Grassy Terrain\n|upkeep\n|turn|12\n|\n|t:|1699905945\n|switch|p1a: JohnyR05 \ud83d\ude0e|Dragonite, F, shiny|9\/100\n|move|p2a: Tuki Rumba|Flip Turn|p1a: JohnyR05 \ud83d\ude0e\n|-resisted|p1a: JohnyR05 \ud83d\ude0e\n|-damage|p1a: JohnyR05 \ud83d\ude0e|4\/100\n|\n|t:|1699905950\n|switch|p2a: Rayo Makakaking|Rillaboom, F|100\/100|[from] Flip Turn\n|\n|upkeep\n|turn|13\n|\n|t:|1699905953\n|move|p2a: Rayo Makakaking|Grassy Glide|p1a: JohnyR05 \ud83d\ude0e\n|-resisted|p1a: JohnyR05 \ud83d\ude0e\n|-damage|p1a: JohnyR05 \ud83d\ude0e|0 fnt\n|faint|p1a: JohnyR05 \ud83d\ude0e\n|\n|upkeep\n|\n|t:|1699905956\n|switch|p1a: DimitrisJr \ud83d\udc7b|Melmetal, shiny|100\/100\n|turn|14\n|\n|t:|1699905962\n|switch|p2a: Luperta|Zapdos|60\/100\n|move|p1a: DimitrisJr \ud83d\udc7b|Double Iron Bash|p2a: Luperta\n|-resisted|p2a: Luperta\n|-damage|p2a: Luperta|42\/100\n|-resisted|p2a: Luperta\n|-damage|p2a: Luperta|24\/100\n|-hitcount|p2a: Luperta|2\n|\n|-fieldend|move: Grassy Terrain\n|upkeep\n|turn|15\n|\n|t:|1699905972\n|move|p2a: Luperta|Roost|p2a: Luperta\n|-heal|p2a: Luperta|74\/100\n|-singleturn|p2a: Luperta|move: Roost\n|move|p1a: DimitrisJr \ud83d\udc7b|Thunder Punch|p2a: Luperta\n|-resisted|p2a: Luperta\n|-damage|p2a: Luperta|61\/100\n|\n|upkeep\n|turn|16\n|\n|t:|1699905978\n|move|p2a: Luperta|Volt Switch|p1a: DimitrisJr \ud83d\udc7b\n|-damage|p1a: DimitrisJr \ud83d\udc7b|71\/100\n|\n|t:|1699905982\n|switch|p2a: Rodrigo|Cofagrigus, F|100\/100|[from] Volt Switch\n|move|p1a: DimitrisJr \ud83d\udc7b|Double Iron Bash|p2a: Rodrigo\n|-damage|p2a: Rodrigo|66\/100\n|-activate|p2a: Rodrigo|ability: Mummy\n|-activate|p1a: DimitrisJr \ud83d\udc7b|item: Protective Pads\n|-damage|p2a: Rodrigo|31\/100\n|-activate|p2a: Rodrigo|ability: Mummy\n|-activate|p1a: DimitrisJr \ud83d\udc7b|item: Protective Pads\n|-hitcount|p2a: Rodrigo|2\n|\n|upkeep\n|turn|17\n|\n|t:|1699905994\n|switch|p1a: Trail \ud83d\ude21|Incineroar, F, shiny|58\/100\n|-ability|p1a: Trail \ud83d\ude21|Intimidate|boost\n|-unboost|p2a: Rodrigo|atk|1\n|move|p2a: Rodrigo|Body Press|p1a: Trail \ud83d\ude21\n|-supereffective|p1a: Trail \ud83d\ude21\n|-damage|p1a: Trail \ud83d\ude21|10\/100\n|\n|upkeep\n|turn|18\n|\n|t:|1699906004\n|move|p1a: Trail \ud83d\ude21|Knock Off|p2a: Rodrigo\n|-supereffective|p2a: Rodrigo\n|-damage|p2a: Rodrigo|0 fnt\n|-activate|p2a: Rodrigo|ability: Mummy|Intimidate|[of] p1a: Trail \ud83d\ude21\n|-enditem|p2a: Rodrigo|Kasib Berry|[from] move: Knock Off|[of] p1a: Trail \ud83d\ude21\n|faint|p2a: Rodrigo\n|\n|upkeep\n|\n|t:|1699906008\n|switch|p2a: Tuki Rumba|Primarina, M|97\/100\n|turn|19\n|\n|t:|1699906018\n|move|p1a: Trail \ud83d\ude21|Will-O-Wisp|p2a: Tuki Rumba\n|-status|p2a: Tuki Rumba|brn\n|move|p2a: Tuki Rumba|Flip Turn|p1a: Trail \ud83d\ude21\n|-supereffective|p1a: Trail \ud83d\ude21\n|-damage|p1a: Trail \ud83d\ude21|0 fnt\n|-activate|p1a: Trail \ud83d\ude21|ability: Mummy|Torrent|[of] p2a: Tuki Rumba\n|faint|p1a: Trail \ud83d\ude21\n|\n|t:|1699906024\n|switch|p2a: Rayo Makakaking|Rillaboom, F|100\/100|[from] Flip Turn\n|-fieldstart|move: Grassy Terrain|[from] ability: Grassy Surge|[of] p2a: Rayo Makakaking\n|\n|upkeep\n|\n|t:|1699906028\n|switch|p1a: Tapu Shikito|Indeedee, M|40\/100\n|-fieldstart|move: Psychic Terrain|[from] ability: Psychic Surge|[of] p1a: Tapu Shikito\n|turn|20\n|\n|t:|1699906032\n|switch|p2a: Pluto|Heatran, M|100\/100\n|move|p1a: Tapu Shikito|Expanding Force|p2a: Pluto\n|-resisted|p2a: Pluto\n|-damage|p2a: Pluto|80\/100\n|\n|-heal|p2a: Pluto|86\/100|[from] item: Leftovers\n|upkeep\n|turn|21\n|\n|t:|1699906039\n|switch|p1a: Pikito|Ditto|77\/100\n|-transform|p1a: Pikito|p2a: Pluto|[from] ability: Imposter\n|move|p2a: Pluto|Stealth Rock|p1a: Pikito\n|-sidestart|p1: TheChosenPeruOne|move: Stealth Rock\n|\n|-heal|p2a: Pluto|93\/100|[from] item: Leftovers\n|upkeep\n|turn|22\n|\n|t:|1699906042\n|move|p1a: Pikito|Stealth Rock|p2a: Pluto\n|-sidestart|p2: vorpal main|move: Stealth Rock\n|move|p2a: Pluto|Taunt|p1a: Pikito\n|-start|p1a: Pikito|move: Taunt\n|\n|-heal|p2a: Pluto|99\/100|[from] item: Leftovers\n|upkeep\n|turn|23\n|j| TerryHrk\n|\n|t:|1699906068\n|switch|p1a: Nutty \ud83e\udd75|Pikachu, F|100\/100\n|-damage|p1a: Nutty \ud83e\udd75|88\/100|[from] Stealth Rock\n|move|p2a: Pluto|Magma Storm|p1a: Nutty \ud83e\udd75|[miss]\n|-miss|p2a: Pluto|p1a: Nutty \ud83e\udd75\n|\n|-heal|p2a: Pluto|100\/100|[from] item: Leftovers\n|upkeep\n|turn|24\n|\n|t:|1699906075\n|move|p1a: Nutty \ud83e\udd75|Fake Out|p2a: Pluto\n|-activate|p2a: Pluto|move: Psychic Terrain\n|move|p2a: Pluto|Magma Storm|p1a: Nutty \ud83e\udd75\n|-damage|p1a: Nutty \ud83e\udd75|0 fnt\n|faint|p1a: Nutty \ud83e\udd75\n|\n|-fieldend|move: Psychic Terrain\n|upkeep\n|c|\u2606TheChosenPeruOne|pta\n|c|\u2606TheChosenPeruOne|se me olvido xD\n|c|\u2606vorpal main|xd\n|\n|t:|1699906091\n|switch|p1a: DimitrisJr \ud83d\udc7b|Melmetal, shiny|71\/100\n|-damage|p1a: DimitrisJr \ud83d\udc7b|65\/100|[from] Stealth Rock\n|turn|25\n|\n|t:|1699906096\n|switch|p2a: Luperta|Zapdos|61\/100\n|move|p1a: DimitrisJr \ud83d\udc7b|Earthquake|p2a: Luperta\n|-immune|p2a: Luperta\n|\n|upkeep\n|turn|26\n|c|\u2606TheChosenPeruOne|me jodi feo\n|\n|t:|1699906103\n|move|p2a: Luperta|Roost|p2a: Luperta\n|-heal|p2a: Luperta|100\/100\n|-singleturn|p2a: Luperta|move: Roost\n|move|p1a: DimitrisJr \ud83d\udc7b|Substitute|p1a: DimitrisJr \ud83d\udc7b\n|-start|p1a: DimitrisJr \ud83d\udc7b|Substitute\n|-damage|p1a: DimitrisJr \ud83d\udc7b|40\/100\n|\n|upkeep\n|turn|27\n|\n|t:|1699906109\n|move|p2a: Luperta|Volt Switch|p1a: DimitrisJr \ud83d\udc7b\n|-end|p1a: DimitrisJr \ud83d\udc7b|Substitute\n|\n|t:|1699906116\n|switch|p2a: Josele|Conkeldurr, M|100\/100|[from] Volt Switch\n|-damage|p2a: Josele|94\/100|[from] Stealth Rock\n|move|p1a: DimitrisJr \ud83d\udc7b|Double Iron Bash|p2a: Josele\n|-damage|p2a: Josele|53\/100\n|-damage|p2a: Josele|15\/100\n|-hitcount|p2a: Josele|2\n|\n|-status|p2a: Josele|brn|[from] item: Flame Orb\n|upkeep\n|turn|28\n|\n|t:|1699906127\n|move|p2a: Josele|Drain Punch|p1a: DimitrisJr \ud83d\udc7b\n|-supereffective|p1a: DimitrisJr \ud83d\udc7b\n|-damage|p1a: DimitrisJr \ud83d\udc7b|0 fnt\n|-heal|p2a: Josele|36\/100 brn|[from] drain|[of] p1a: DimitrisJr \ud83d\udc7b\n|faint|p1a: DimitrisJr \ud83d\udc7b\n|\n|-damage|p2a: Josele|30\/100 brn|[from] brn\n|upkeep\n|\n|t:|1699906130\n|switch|p1a: Pikito|Ditto|77\/100\n|-damage|p1a: Pikito|65\/100|[from] Stealth Rock\n|-transform|p1a: Pikito|p2a: Josele|[from] ability: Imposter\n|turn|29\n|\n|t:|1699906149\n|move|p1a: Pikito|Drain Punch|p2a: Josele\n|-damage|p2a: Josele|0 fnt\n|-heal|p1a: Pikito|85\/100|[from] drain|[of] p2a: Josele\n|faint|p2a: Josele\n|\n|upkeep\n|\n|t:|1699906153\n|switch|p2a: Luperta|Zapdos|100\/100\n|turn|30\n|\n|t:|1699906157\n|switch|p1a: Tapu Shikito|Indeedee, M|40\/100\n|-damage|p1a: Tapu Shikito|27\/100|[from] Stealth Rock\n|-fieldstart|move: Psychic Terrain|[from] ability: Psychic Surge|[of] p1a: Tapu Shikito\n|move|p2a: Luperta|Volt Switch|p1a: Tapu Shikito\n|-damage|p1a: Tapu Shikito|0 fnt\n|faint|p1a: Tapu Shikito\n|\n|t:|1699906161\n|switch|p2a: Tuki Rumba|Primarina, M|97\/100 brn|[from] Volt Switch\n|-damage|p2a: Tuki Rumba|85\/100 brn|[from] Stealth Rock\n|\n|-damage|p2a: Tuki Rumba|79\/100 brn|[from] brn\n|upkeep\n|\n|t:|1699906165\n|switch|p1a: Pikito|Ditto|85\/100\n|-damage|p1a: Pikito|73\/100|[from] Stealth Rock\n|-transform|p1a: Pikito|p2a: Tuki Rumba|[from] ability: Imposter\n|turn|31\n|l| TerryHrk\n|\n|t:|1699906181\n|move|p1a: Pikito|Scald|p2a: Tuki Rumba\n|-resisted|p2a: Tuki Rumba\n|-damage|p2a: Tuki Rumba|66\/100 brn\n|move|p2a: Tuki Rumba|Flip Turn|p1a: Pikito\n|-resisted|p1a: Pikito\n|-damage|p1a: Pikito|67\/100\n|\n|t:|1699906185\n|switch|p2a: Rayo Makakaking|Rillaboom, F|100\/100|[from] Flip Turn\n|-damage|p2a: Rayo Makakaking|88\/100|[from] Stealth Rock\n|-fieldstart|move: Grassy Terrain|[from] ability: Grassy Surge|[of] p2a: Rayo Makakaking\n|\n|-heal|p2a: Rayo Makakaking|94\/100|[from] Grassy Terrain\n|-heal|p1a: Pikito|73\/100|[from] Grassy Terrain\n|upkeep\n|turn|32\n|\n|t:|1699906189\n|move|p2a: Rayo Makakaking|Grassy Glide|p1a: Pikito\n|-supereffective|p1a: Pikito\n|-damage|p1a: Pikito|0 fnt\n|faint|p1a: Pikito\n|\n|win|vorpal main\n|c|\u2606TheChosenPeruOne|ggs\n|c|\u2606vorpal main|gg\n","uploadtime":1699906198,"views":20,"p1id":"thechosenperuone","p2id":"vorpalmain","formatid":"gen9nationaldexubers","rating":0,"private":0,"password":""}