{"id":"gen9nationaldexubers-1986068279","p1":"Big round man","p2":"Soyeon is a cutie","format":"[Gen 9] National Dex Ubers","log":"|j|\u2606Big round man\n|j|\u2606Soyeon is a cutie\n|t:|1699446383\n|gametype|singles\n|player|p1|Big round man|crasherwake|1550\n|player|p2|Soyeon is a cutie|idol|1821\n|teamsize|p1|6\n|teamsize|p2|6\n|gen|9\n|tier|[Gen 9] National Dex Ubers\n|rated|\n|rule|HP Percentage Mod: HP is shown in percentages\n|rule|Endless Battle Clause: Forcing endless battles is banned\n|rule|OHKO Clause: OHKO moves are banned\n|rule|Evasion Moves Clause: Evasion moves are banned\n|rule|Evasion Items Clause: Evasion items are banned\n|rule|Species Clause: Limit one of each Pok\u00e9mon\n|rule|Sleep Clause Mod: Limit one foe put to sleep\n|rule|Mega Rayquaza Clause: You cannot mega evolve Rayquaza\n|clearpoke\n|poke|p1|Zygarde|\n|poke|p1|Victini|\n|poke|p1|Yveltal|\n|poke|p1|Marshadow|\n|poke|p1|Forretress, F|\n|poke|p1|Wobbuffet, M|\n|poke|p2|Arceus-Fairy|\n|poke|p2|Kingambit, F|\n|poke|p2|Ditto|\n|poke|p2|Urshifu-*, M|\n|poke|p2|Lunala|\n|poke|p2|Necrozma-Dusk-Mane|\n|teampreview\n|inactive|Battle timer is ON: inactive players will automatically lose when time's up. (requested by Soyeon is a cutie)\n|c|\u2606Big round man|Glhf\n|inactive|Big round man has 120 seconds left.\n|\n|t:|1699446421\n|start\n|switch|p1a: Vector|Victini|100\/100\n|switch|p2a: Necrozma|Necrozma-Dusk-Mane, shiny|100\/100\n|turn|1\n|\n|t:|1699446433\n|switch|p2a: Arceus|Arceus-Fairy|100\/100\n|move|p1a: Vector|U-turn|p2a: Arceus\n|-resisted|p2a: Arceus\n|-damage|p2a: Arceus|94\/100\n|\n|t:|1699446438\n|switch|p1a: Hamburger|Wobbuffet, M|100\/100|[from] U-turn\n|\n|upkeep\n|turn|2\n|\n|t:|1699446444\n|move|p2a: Arceus|Taunt|p1a: Hamburger\n|-start|p1a: Hamburger|move: Taunt\n|cant|p1a: Hamburger|move: Taunt|Encore\n|\n|upkeep\n|turn|3\n|\n|t:|1699446447\n|move|p2a: Arceus|Toxic|p1a: Hamburger\n|-status|p1a: Hamburger|tox\n|move|p1a: Hamburger|Mirror Coat||[still]\n|-fail|p1a: Hamburger\n|\n|-damage|p1a: Hamburger|94\/100 tox|[from] psn\n|upkeep\n|turn|4\n|\n|t:|1699446452\n|switch|p1a: GS|Forretress, F, shiny|100\/100\n|move|p2a: Arceus|Toxic|p1a: GS\n|-immune|p1a: GS\n|\n|upkeep\n|turn|5\n|\n|t:|1699446457\n|move|p2a: Arceus|Taunt|p1a: GS\n|-start|p1a: GS|move: Taunt\n|cant|p1a: GS|move: Taunt|Stealth Rock\n|\n|upkeep\n|turn|6\n|\n|t:|1699446459\n|switch|p2a: Necrozma|Necrozma-Dusk-Mane, shiny|100\/100\n|move|p1a: GS|Gyro Ball|p2a: Necrozma\n|-resisted|p2a: Necrozma\n|-damage|p2a: Necrozma|85\/100\n|\n|upkeep\n|turn|7\n|\n|t:|1699446466\n|switch|p1a: Hamburger|Wobbuffet, M|94\/100 tox\n|move|p2a: Necrozma|Earth Power|p1a: Hamburger\n|-crit|p1a: Hamburger\n|-damage|p1a: Hamburger|61\/100 tox\n|\n|-damage|p1a: Hamburger|55\/100 tox|[from] psn\n|upkeep\n|turn|8\n|\n|t:|1699446469\n|move|p2a: Necrozma|Stealth Rock|p1a: Hamburger\n|-sidestart|p1: Big round man|move: Stealth Rock\n|move|p1a: Hamburger|Encore|p2a: Necrozma\n|-start|p2a: Necrozma|Encore\n|\n|-damage|p1a: Hamburger|43\/100 tox|[from] psn\n|upkeep\n|turn|9\n|\n|t:|1699446472\n|switch|p1a: Lord Drakkon|Zygarde, shiny|100\/100\n|-damage|p1a: Lord Drakkon|94\/100|[from] Stealth Rock\n|move|p2a: Necrozma|Stealth Rock||[still]\n|-fail|p2a: Necrozma\n|\n|upkeep\n|turn|10\n|\n|t:|1699446475\n|move|p2a: Necrozma|Stealth Rock||[still]\n|-fail|p2a: Necrozma\n|move|p1a: Lord Drakkon|Dragon Dance|p1a: Lord Drakkon\n|-boost|p1a: Lord Drakkon|atk|1\n|-boost|p1a: Lord Drakkon|spe|1\n|\n|upkeep\n|turn|11\n|\n|t:|1699446495\n|move|p1a: Lord Drakkon|Dragon Dance|p1a: Lord Drakkon\n|-boost|p1a: Lord Drakkon|atk|1\n|-boost|p1a: Lord Drakkon|spe|1\n|move|p2a: Necrozma|Stealth Rock||[still]\n|-fail|p2a: Necrozma\n|\n|-end|p2a: Necrozma|Encore\n|upkeep\n|turn|12\n|\n|t:|1699446497\n|detailschange|p2a: Necrozma|Necrozma-Ultra, shiny\n|-burst|p2a: Necrozma|Necrozma|Ultranecrozium Z\n|move|p1a: Lord Drakkon|Dragon Dance|p1a: Lord Drakkon\n|-boost|p1a: Lord Drakkon|atk|1\n|-boost|p1a: Lord Drakkon|spe|1\n|move|p2a: Necrozma|Dragon Pulse|p1a: Lord Drakkon\n|-supereffective|p1a: Lord Drakkon\n|-crit|p1a: Lord Drakkon\n|-damage|p1a: Lord Drakkon|0 fnt\n|faint|p1a: Lord Drakkon\n|\n|upkeep\n|\n|t:|1699446505\n|switch|p1a: Vector|Victini|100\/100\n|-damage|p1a: Vector|75\/100|[from] Stealth Rock\n|turn|13\n|\n|t:|1699446510\n|move|p1a: Vector|Final Gambit|p2a: Necrozma\n|-damage|p2a: Necrozma|0 fnt\n|faint|p1a: Vector\n|faint|p2a: Necrozma\n|\n|upkeep\n|\n|t:|1699446517\n|switch|p2a: Lunala|Lunala, shiny|100\/100\n|switch|p1a: Hamburger|Wobbuffet, M|43\/100 tox\n|-damage|p1a: Hamburger|30\/100 tox|[from] Stealth Rock\n|turn|14\n|\n|t:|1699446522\n|move|p2a: Lunala|Moongeist Beam|p1a: Hamburger\n|-supereffective|p1a: Hamburger\n|-damage|p1a: Hamburger|0 fnt\n|faint|p1a: Hamburger\n|\n|upkeep\n|\n|t:|1699446525\n|switch|p1a: Raw Bacon|Yveltal, shiny|100\/100\n|-damage|p1a: Raw Bacon|76\/100|[from] Stealth Rock\n|-ability|p1a: Raw Bacon|Dark Aura\n|turn|15\n|\n|t:|1699446528\n|-terastallize|p2a: Lunala|Fairy\n|move|p2a: Lunala|Moonblast|p1a: Raw Bacon\n|-supereffective|p1a: Raw Bacon\n|-damage|p1a: Raw Bacon|0 fnt\n|faint|p1a: Raw Bacon\n|\n|upkeep\n|\n|t:|1699446531\n|switch|p1a: GS|Forretress, F, shiny|100\/100\n|-damage|p1a: GS|88\/100|[from] Stealth Rock\n|turn|16\n|\n|t:|1699446536\n|move|p2a: Lunala|Moongeist Beam|p1a: GS\n|-damage|p1a: GS|0 fnt\n|faint|p1a: GS\n|\n|upkeep\n|\n|t:|1699446539\n|switch|p1a: Stay Puft|Marshadow|100\/100\n|-damage|p1a: Stay Puft|94\/100|[from] Stealth Rock\n|turn|17\n|\n|t:|1699446542\n|move|p1a: Stay Puft|Hidden Power|p2a: Lunala\n|-supereffective|p2a: Lunala\n|-damage|p2a: Lunala|87\/100\n|move|p2a: Lunala|Moonblast|p1a: Stay Puft\n|-supereffective|p1a: Stay Puft\n|-damage|p1a: Stay Puft|0 fnt\n|faint|p1a: Stay Puft\n|\n|win|Soyeon is a cutie\n|raw|Big round man's rating: 1550 &rarr; <strong>1543<\/strong><br \/>(-7 for losing)\n|raw|Soyeon is a cutie's rating: 1821 &rarr; <strong>1828<\/strong><br \/>(+7 for winning)\n|c|\u2606Big round man|Gg\n|l|\u2606Big round man\n|c|\u2606Soyeon is a cutie|Gg\n|l|\u2606Soyeon is a cutie\n","uploadtime":1699446569,"views":5,"p1id":"bigroundman","p2id":"soyeonisacutie","formatid":"gen9nationaldexubers","rating":1543,"private":0,"password":""}