{"id":"gen9nationaldexubers-1991810450","p1":"d8z","p2":"LightTheLurker","format":"[Gen 9] National Dex Ubers","log":"|j|\u2606d8z\n|j|\u2606LightTheLurker\n|t:|1700121545\n|gametype|singles\n|player|p1|d8z|1|1040\n|player|p2|LightTheLurker|volkner|1122\n|teamsize|p1|6\n|teamsize|p2|6\n|gen|9\n|tier|[Gen 9] National Dex Ubers\n|rated|\n|rule|HP Percentage Mod: HP is shown in percentages\n|rule|Endless Battle Clause: Forcing endless battles is banned\n|rule|OHKO Clause: OHKO moves are banned\n|rule|Evasion Moves Clause: Evasion moves are banned\n|rule|Evasion Items Clause: Evasion items are banned\n|rule|Species Clause: Limit one of each Pok\u00e9mon\n|rule|Sleep Clause Mod: Limit one foe put to sleep\n|rule|Mega Rayquaza Clause: You cannot mega evolve Rayquaza\n|clearpoke\n|poke|p1|Orthworm, M|\n|poke|p1|Staraptor, F|\n|poke|p1|Charizard, M|\n|poke|p1|Greninja-*, M|\n|poke|p1|Maushold-Four|\n|poke|p1|Cyclizar, M|\n|poke|p2|Charizard, F|\n|poke|p2|Ninetales, M|\n|poke|p2|Lilligant-Hisui, F|\n|poke|p2|Scovillain, F|\n|poke|p2|Kommo-o, M|\n|poke|p2|Pawmot, F|\n|teampreview\n|\n|t:|1700121551\n|start\n|switch|p1a: Cyclizar|Cyclizar, M|100\/100\n|switch|p2a: Scovillain|Scovillain, F|100\/100\n|turn|1\n|\n|t:|1700121561\n|move|p1a: Cyclizar|Dragon Rush|p2a: Scovillain|[miss]\n|-miss|p1a: Cyclizar|p2a: Scovillain\n|move|p2a: Scovillain|Substitute|p2a: Scovillain\n|-start|p2a: Scovillain|Substitute\n|-damage|p2a: Scovillain|76\/100\n|\n|-heal|p2a: Scovillain|82\/100|[from] item: Leftovers\n|-ability|p2a: Scovillain|Moody|boost\n|-boost|p2a: Scovillain|def|2\n|-unboost|p2a: Scovillain|spd|1\n|upkeep\n|turn|2\n|\n|t:|1700121573\n|move|p1a: Cyclizar|Substitute|p1a: Cyclizar\n|-start|p1a: Cyclizar|Substitute\n|-damage|p1a: Cyclizar|76\/100\n|move|p2a: Scovillain|Seed Bomb|p1a: Cyclizar\n|-resisted|p1a: Cyclizar\n|-activate|p1a: Cyclizar|move: Substitute|[damage]\n|\n|-heal|p1a: Cyclizar|82\/100|[from] item: Leftovers\n|-heal|p2a: Scovillain|88\/100|[from] item: Leftovers\n|-ability|p2a: Scovillain|Moody|boost\n|-boost|p2a: Scovillain|spa|2\n|-unboost|p2a: Scovillain|def|1\n|upkeep\n|turn|3\n|\n|t:|1700121590\n|move|p1a: Cyclizar|Dragon Rush|p2a: Scovillain|[miss]\n|-miss|p1a: Cyclizar|p2a: Scovillain\n|move|p2a: Scovillain|Flamethrower|p1a: Cyclizar\n|-resisted|p1a: Cyclizar\n|-end|p1a: Cyclizar|Substitute\n|\n|-heal|p1a: Cyclizar|88\/100|[from] item: Leftovers\n|-heal|p2a: Scovillain|94\/100|[from] item: Leftovers\n|-ability|p2a: Scovillain|Moody|boost\n|-boost|p2a: Scovillain|spa|2\n|-unboost|p2a: Scovillain|def|1\n|upkeep\n|turn|4\n|\n|t:|1700121608\n|move|p1a: Cyclizar|Shed Tail|p1a: Cyclizar\n|-start|p1a: Cyclizar|Substitute|[from] move: Shed Tail\n|-damage|p1a: Cyclizar|38\/100\n|\n|t:|1700121612\n|switch|p1a: Charizard|Charizard, M|100\/100|[from] Shed Tail\n|move|p2a: Scovillain|Flamethrower|p1a: Charizard\n|-resisted|p1a: Charizard\n|-end|p1a: Charizard|Substitute\n|\n|-heal|p2a: Scovillain|99\/100|[from] item: Leftovers\n|-ability|p2a: Scovillain|Moody|boost\n|-boost|p2a: Scovillain|atk|2\n|-unboost|p2a: Scovillain|spa|1\n|upkeep\n|turn|5\n|\n|t:|1700121630\n|move|p2a: Scovillain|Protect|p2a: Scovillain\n|-singleturn|p2a: Scovillain|Protect\n|move|p1a: Charizard|Fire Spin|p2a: Scovillain\n|-activate|p2a: Scovillain|move: Protect\n|\n|-heal|p2a: Scovillain|100\/100|[from] item: Leftovers\n|-ability|p2a: Scovillain|Moody|boost\n|-boost|p2a: Scovillain|spe|2\n|-unboost|p2a: Scovillain|spa|1\n|upkeep\n|turn|6\n|\n|t:|1700121643\n|move|p2a: Scovillain|Flamethrower|p1a: Charizard\n|-resisted|p1a: Charizard\n|-damage|p1a: Charizard|59\/100\n|move|p1a: Charizard|Flamethrower|p2a: Scovillain\n|-end|p2a: Scovillain|Substitute\n|\n|-ability|p2a: Scovillain|Moody|boost\n|-boost|p2a: Scovillain|spd|2\n|-unboost|p2a: Scovillain|def|1\n|upkeep\n|turn|7\n|\n|t:|1700121653\n|move|p2a: Scovillain|Substitute|p2a: Scovillain\n|-start|p2a: Scovillain|Substitute\n|-damage|p2a: Scovillain|76\/100\n|move|p1a: Charizard|Fire Spin|p2a: Scovillain\n|-activate|p2a: Scovillain|move: Substitute|[damage]\n|\n|-heal|p2a: Scovillain|82\/100|[from] item: Leftovers\n|-ability|p2a: Scovillain|Moody|boost\n|-boost|p2a: Scovillain|spe|2\n|-unboost|p2a: Scovillain|spa|1\n|upkeep\n|turn|8\n|\n|t:|1700121664\n|move|p2a: Scovillain|Flamethrower|p1a: Charizard\n|-resisted|p1a: Charizard\n|-crit|p1a: Charizard\n|-damage|p1a: Charizard|9\/100\n|move|p1a: Charizard|Flamethrower|p2a: Scovillain\n|-end|p2a: Scovillain|Substitute\n|\n|-heal|p2a: Scovillain|88\/100|[from] item: Leftovers\n|-ability|p2a: Scovillain|Moody|boost\n|-boost|p2a: Scovillain|spa|2\n|-unboost|p2a: Scovillain|atk|1\n|upkeep\n|turn|9\n|\n|t:|1700121680\n|move|p2a: Scovillain|Flamethrower|p1a: Charizard\n|-resisted|p1a: Charizard\n|-crit|p1a: Charizard\n|-damage|p1a: Charizard|0 fnt\n|faint|p1a: Charizard\n|\n|-heal|p2a: Scovillain|94\/100|[from] item: Leftovers\n|-ability|p2a: Scovillain|Moody|boost\n|-boost|p2a: Scovillain|spe|2\n|-unboost|p2a: Scovillain|atk|1\n|upkeep\n|\n|t:|1700121685\n|switch|p1a: Maushold|Maushold-Four|100\/100\n|turn|10\n|\n|t:|1700121695\n|-terastallize|p1a: Maushold|Normal\n|move|p2a: Scovillain|Flamethrower|p1a: Maushold\n|-damage|p1a: Maushold|0 fnt\n|faint|p1a: Maushold\n|\n|-heal|p2a: Scovillain|99\/100|[from] item: Leftovers\n|-ability|p2a: Scovillain|Moody|boost\n|-boost|p2a: Scovillain|atk|2\n|-unboost|p2a: Scovillain|def|1\n|upkeep\n|\n|t:|1700121702\n|switch|p1a: Greninja|Greninja, M|100\/100\n|turn|11\n|\n|t:|1700121708\n|move|p1a: Greninja|Water Shuriken|p2a: Scovillain\n|-damage|p2a: Scovillain|94\/100\n|-damage|p2a: Scovillain|89\/100\n|-hitcount|p2a: Scovillain|2\n|move|p2a: Scovillain|Seed Bomb|p1a: Greninja\n|-supereffective|p1a: Greninja\n|-damage|p1a: Greninja|0 fnt\n|faint|p1a: Greninja\n|\n|-heal|p2a: Scovillain|95\/100|[from] item: Leftovers\n|-ability|p2a: Scovillain|Moody|boost\n|-boost|p2a: Scovillain|def|2\n|-unboost|p2a: Scovillain|spe|1\n|upkeep\n|\n|t:|1700121713\n|switch|p1a: Staraptor|Staraptor, F|100\/100\n|-ability|p1a: Staraptor|Intimidate|boost\n|-unboost|p2a: Scovillain|atk|1\n|turn|12\n|\n|t:|1700121723\n|move|p2a: Scovillain|Substitute|p2a: Scovillain\n|-start|p2a: Scovillain|Substitute\n|-damage|p2a: Scovillain|70\/100\n|move|p1a: Staraptor|Brave Bird|p2a: Scovillain\n|-supereffective|p2a: Scovillain\n|-end|p2a: Scovillain|Substitute\n|-damage|p1a: Staraptor|92\/100|[from] Recoil|[of] p2a: Scovillain\n|\n|-heal|p2a: Scovillain|76\/100|[from] item: Leftovers\n|-heal|p1a: Staraptor|98\/100|[from] item: Leftovers\n|-ability|p2a: Scovillain|Moody|boost\n|-boost|p2a: Scovillain|def|2\n|-unboost|p2a: Scovillain|atk|1\n|upkeep\n|turn|13\n|\n|t:|1700121736\n|move|p2a: Scovillain|Flamethrower|p1a: Staraptor\n|-damage|p1a: Staraptor|0 fnt\n|faint|p1a: Staraptor\n|\n|-heal|p2a: Scovillain|82\/100|[from] item: Leftovers\n|-ability|p2a: Scovillain|Moody|boost\n|-boost|p2a: Scovillain|spa|2\n|-unboost|p2a: Scovillain|atk|1\n|upkeep\n|\n|t:|1700121740\n|switch|p1a: Cyclizar|Cyclizar, M|71\/100\n|turn|14\n|\n|t:|1700121743\n|move|p2a: Scovillain|Flamethrower|p1a: Cyclizar\n|-resisted|p1a: Cyclizar\n|-damage|p1a: Cyclizar|0 fnt\n|faint|p1a: Cyclizar\n|\n|-heal|p2a: Scovillain|88\/100|[from] item: Leftovers\n|-ability|p2a: Scovillain|Moody|boost\n|-boost|p2a: Scovillain|spe|1\n|-unboost|p2a: Scovillain|spa|1\n|upkeep\n|\n|t:|1700121746\n|switch|p1a: Orthworm|Orthworm, M|100\/100\n|turn|15\n|\n|t:|1700121748\n|move|p2a: Scovillain|Flamethrower|p1a: Orthworm\n|-supereffective|p1a: Orthworm\n|-damage|p1a: Orthworm|0 fnt\n|faint|p1a: Orthworm\n|\n|win|LightTheLurker\n|raw|d8z's rating: 1040 &rarr; <strong>1028<\/strong><br \/>(-12 for losing)\n|raw|LightTheLurker's rating: 1122 &rarr; <strong>1141<\/strong><br \/>(+19 for winning)\n|l|\u2606d8z\n","uploadtime":1700121753,"views":9,"p1id":"d8z","p2id":"lightthelurker","formatid":"gen9nationaldexubers","rating":1028,"private":0,"password":""}