{"id":"gen9nationaldexubers-1983266011","p1":"Zoro#3904","p2":"85792195wwww","format":"[Gen 9] National Dex Ubers","log":"|j|\u2606Zoro#3904\n|j|\u260685792195wwww\n|t:|1699112147\n|gametype|singles\n|player|p1|Zoro#3904|blue|1564\n|player|p2|85792195wwww|102|1876\n|teamsize|p1|6\n|teamsize|p2|6\n|gen|9\n|tier|[Gen 9] National Dex Ubers\n|rated|\n|rule|HP Percentage Mod: HP is shown in percentages\n|rule|Endless Battle Clause: Forcing endless battles is banned\n|rule|OHKO Clause: OHKO moves are banned\n|rule|Evasion Moves Clause: Evasion moves are banned\n|rule|Evasion Items Clause: Evasion items are banned\n|rule|Species Clause: Limit one of each Pok\u00e9mon\n|rule|Sleep Clause Mod: Limit one foe put to sleep\n|rule|Mega Rayquaza Clause: You cannot mega evolve Rayquaza\n|clearpoke\n|poke|p1|Kyogre|\n|poke|p1|Zygarde|\n|poke|p1|Flutter Mane|\n|poke|p1|Ho-Oh|\n|poke|p1|Groudon|\n|poke|p1|Zacian-*|\n|poke|p2|Arceus|\n|poke|p2|Xerneas-*|\n|poke|p2|Groudon|\n|poke|p2|Zacian-*|\n|poke|p2|Samurott-Hisui, F|\n|poke|p2|Rayquaza|\n|teampreview\n|\n|t:|1699112166\n|start\n|switch|p1a: Groudon|Groudon|100\/100\n|switch|p2a: Samurott|Samurott-Hisui, F|100\/100\n|detailschange|p1a: Groudon|Groudon-Primal\n|-primal|p1a: Groudon|Red Orb\n|-weather|DesolateLand|[from] ability: Desolate Land|[of] p1a: Groudon\n|turn|1\n|\n|t:|1699112176\n|move|p2a: Samurott|Ceaseless Edge|p1a: Groudon\n|-damage|p1a: Groudon|74\/100\n|-sidestart|p1: Zoro#3904|Spikes\n|move|p1a: Groudon|Roar|p2a: Samurott\n|drag|p2a: Zacian|Zacian-Crowned|100\/100\n|-ability|p2a: Zacian|Intrepid Sword|boost\n|-boost|p2a: Zacian|atk|1\n|\n|-weather|DesolateLand|[upkeep]\n|upkeep\n|turn|2\n|\n|t:|1699112187\n|switch|p2a: Samurott|Samurott-Hisui, F|100\/100\n|move|p1a: Groudon|Stealth Rock|p2a: Samurott\n|-sidestart|p2: 85792195wwww|move: Stealth Rock\n|\n|-weather|DesolateLand|[upkeep]\n|upkeep\n|turn|3\n|\n|t:|1699112194\n|move|p2a: Samurott|Ceaseless Edge|p1a: Groudon\n|-damage|p1a: Groudon|48\/100\n|-sidestart|p1: Zoro#3904|Spikes\n|move|p1a: Groudon|Roar|p2a: Samurott\n|drag|p2a: Zacian|Zacian-Crowned|100\/100\n|-damage|p2a: Zacian|94\/100|[from] Stealth Rock\n|\n|-weather|DesolateLand|[upkeep]\n|upkeep\n|turn|4\n|\n|t:|1699112206\n|switch|p2a: Samurott|Samurott-Hisui, F|100\/100\n|-damage|p2a: Samurott|88\/100|[from] Stealth Rock\n|move|p1a: Groudon|Heat Crash|p2a: Samurott\n|-resisted|p2a: Samurott\n|-damage|p2a: Samurott|19\/100\n|\n|-weather|DesolateLand|[upkeep]\n|upkeep\n|turn|5\n|\n|t:|1699112217\n|move|p2a: Samurott|Ceaseless Edge|p1a: Groudon\n|-damage|p1a: Groudon|20\/100\n|-sidestart|p1: Zoro#3904|Spikes\n|move|p1a: Groudon|Heat Crash|p2a: Samurott\n|-resisted|p2a: Samurott\n|-damage|p2a: Samurott|0 fnt\n|faint|p2a: Samurott\n|\n|-weather|DesolateLand|[upkeep]\n|upkeep\n|\n|t:|1699112228\n|switch|p2a: Rayquaza|Rayquaza|100\/100\n|-damage|p2a: Rayquaza|76\/100|[from] Stealth Rock\n|-ability|p2a: Rayquaza|Air Lock\n|turn|6\n|\n|t:|1699112235\n|move|p2a: Rayquaza|Dragon Ascent|p1a: Groudon\n|-damage|p1a: Groudon|0 fnt\n|-unboost|p2a: Rayquaza|def|1\n|-unboost|p2a: Rayquaza|spd|1\n|faint|p1a: Groudon\n|-weather|none\n|\n|upkeep\n|\n|t:|1699112242\n|switch|p1a: Ho-Oh|Ho-Oh|100\/100\n|turn|7\n|\n|t:|1699112248\n|move|p2a: Rayquaza|Dragon Ascent|p1a: Ho-Oh\n|-damage|p1a: Ho-Oh|30\/100\n|-unboost|p2a: Rayquaza|def|1\n|-unboost|p2a: Rayquaza|spd|1\n|move|p1a: Ho-Oh|Defog|p2a: Rayquaza\n|-unboost|p2a: Rayquaza|evasion|1\n|-sideend|p2: 85792195wwww|Stealth Rock|[from] move: Defog|[of] p1a: Ho-Oh\n|-sideend|p1: Zoro#3904|Spikes|[from] move: Defog|[of] p1a: Ho-Oh\n|\n|upkeep\n|turn|8\n|\n|t:|1699112258\n|switch|p1a: Zacian|Zacian-Crowned|100\/100\n|-ability|p1a: Zacian|Intrepid Sword|boost\n|-boost|p1a: Zacian|atk|1\n|move|p2a: Rayquaza|Dragon Ascent|p1a: Zacian\n|-resisted|p1a: Zacian\n|-damage|p1a: Zacian|50\/100\n|-unboost|p2a: Rayquaza|def|1\n|-unboost|p2a: Rayquaza|spd|1\n|\n|upkeep\n|turn|9\n|\n|t:|1699112269\n|switch|p2a: Zacian|Zacian-Crowned|94\/100\n|move|p1a: Zacian|Behemoth Blade|p2a: Zacian\n|-damage|p2a: Zacian|12\/100\n|\n|upkeep\n|turn|10\n|\n|t:|1699112277\n|move|p2a: Zacian|Behemoth Blade|p1a: Zacian\n|-damage|p1a: Zacian|0 fnt\n|faint|p1a: Zacian\n|\n|upkeep\n|\n|t:|1699112283\n|switch|p1a: Kyogre|Kyogre|100\/100\n|detailschange|p1a: Kyogre|Kyogre-Primal\n|-primal|p1a: Kyogre|Blue Orb\n|-weather|PrimordialSea|[from] ability: Primordial Sea|[of] p1a: Kyogre\n|turn|11\n|\n|t:|1699112291\n|move|p2a: Zacian|Wild Charge|p1a: Kyogre\n|-supereffective|p1a: Kyogre\n|-damage|p1a: Kyogre|53\/100\n|-damage|p2a: Zacian|0 fnt|[from] Recoil\n|faint|p2a: Zacian\n|move|p1a: Kyogre|Origin Pulse|p2: Zacian|[notarget]\n|-fail|p1a: Kyogre\n|\n|-weather|PrimordialSea|[upkeep]\n|upkeep\n|\n|t:|1699112300\n|switch|p2a: Rayquaza|Rayquaza|76\/100\n|-ability|p2a: Rayquaza|Air Lock\n|turn|12\n|\n|t:|1699112305\n|move|p2a: Rayquaza|Dragon Ascent|p1a: Kyogre\n|-damage|p1a: Kyogre|0 fnt\n|-unboost|p2a: Rayquaza|def|1\n|-unboost|p2a: Rayquaza|spd|1\n|faint|p1a: Kyogre\n|-weather|none\n|\n|upkeep\n|\n|t:|1699112307\n|switch|p1a: Zygarde|Zygarde, shiny|100\/100\n|turn|13\n|\n|t:|1699112319\n|move|p2a: Rayquaza|Dragon Ascent|p1a: Zygarde\n|-damage|p1a: Zygarde|43\/100\n|-unboost|p2a: Rayquaza|def|1\n|-unboost|p2a: Rayquaza|spd|1\n|move|p1a: Zygarde|Thousand Waves|p2a: Rayquaza\n|-immune|p2a: Rayquaza\n|\n|-heal|p1a: Zygarde|49\/100|[from] item: Leftovers\n|-activate|p1a: Zygarde|ability: Power Construct\n|detailschange|p1a: Zygarde|Zygarde-Complete, shiny\n|-heal|p1a: Zygarde|67\/100|[silent]\n|upkeep\n|turn|14\n|c|\u2606Zoro#3904|oops\n|\n|t:|1699112345\n|move|p2a: Rayquaza|Dragon Ascent|p1a: Zygarde\n|-damage|p1a: Zygarde|28\/100\n|-unboost|p2a: Rayquaza|def|1\n|-unboost|p2a: Rayquaza|spd|1\n|move|p1a: Zygarde|Thousand Arrows|p2a: Rayquaza\n|-damage|p2a: Rayquaza|0 fnt\n|faint|p2a: Rayquaza\n|\n|-heal|p1a: Zygarde|34\/100|[from] item: Leftovers\n|upkeep\n|\n|t:|1699112359\n|switch|p2a: Arceus|Arceus|100\/100\n|turn|15\n|\n|t:|1699112372\n|move|p2a: Arceus|Swords Dance|p2a: Arceus\n|-boost|p2a: Arceus|atk|2\n|move|p1a: Zygarde|Rest|p1a: Zygarde\n|-status|p1a: Zygarde|slp|[from] move: Rest\n|-heal|p1a: Zygarde|100\/100 slp|[silent]\n|\n|upkeep\n|turn|16\n|\n|t:|1699112381\n|switch|p1a: Ho-Oh|Ho-Oh|63\/100\n|move|p2a: Arceus|Swords Dance|p2a: Arceus\n|-boost|p2a: Arceus|atk|2\n|\n|upkeep\n|turn|17\n|\n|t:|1699112389\n|move|p2a: Arceus|Extreme Speed|p1a: Ho-Oh\n|-damage|p1a: Ho-Oh|0 fnt\n|faint|p1a: Ho-Oh\n|-damage|p2a: Arceus|91\/100|[from] item: Life Orb\n|\n|upkeep\n|\n|t:|1699112392\n|switch|p1a: Flutter Mane|Flutter Mane|100\/100\n|turn|18\n|\n|t:|1699112399\n|move|p1a: Flutter Mane|Moonblast|p2a: Arceus\n|-damage|p2a: Arceus|29\/100\n|move|p2a: Arceus|Shadow Claw|p1a: Flutter Mane\n|-supereffective|p1a: Flutter Mane\n|-damage|p1a: Flutter Mane|0 fnt\n|faint|p1a: Flutter Mane\n|-end|p1a: Flutter Mane|Protosynthesis|[silent]\n|-damage|p2a: Arceus|19\/100|[from] item: Life Orb\n|\n|upkeep\n|\n|t:|1699112401\n|switch|p1a: Zygarde|Zygarde-Complete, shiny|100\/100 slp\n|turn|19\n|\n|t:|1699112413\n|move|p2a: Arceus|Swords Dance|p2a: Arceus\n|-boost|p2a: Arceus|atk|2\n|cant|p1a: Zygarde|slp\n|\n|upkeep\n|turn|20\n|\n|t:|1699112420\n|-terastallize|p2a: Arceus|Normal\n|move|p2a: Arceus|Extreme Speed|p1a: Zygarde\n|-damage|p1a: Zygarde|0 fnt\n|faint|p1a: Zygarde\n|-damage|p2a: Arceus|9\/100|[from] item: Life Orb\n|\n|win|85792195wwww\n|raw|Zoro#3904's rating: 1564 &rarr; <strong>1558<\/strong><br \/>(-6 for losing)\n|raw|85792195wwww's rating: 1876 &rarr; <strong>1882<\/strong><br \/>(+6 for winning)\n|c|\u2606Zoro#3904|gg\n","uploadtime":1699112429,"views":5,"p1id":"zoro3904","p2id":"85792195wwww","formatid":"gen9nationaldexubers","rating":1558,"private":0,"password":""}