{"id":"gen9nationaldexubers-1978774172","p1":"Yannix BP","p2":"tamebxm2","format":"[Gen 9] National Dex Ubers","log":"|j|\u2606Yannix BP\n|j|\u2606tamebxm2\n|t:|1698593503\n|gametype|singles\n|player|p1|Yannix BP|266|\n|player|p2|tamebxm2|2|\n|teamsize|p1|3\n|teamsize|p2|4\n|gen|9\n|tier|[Gen 9] National Dex Ubers\n|rule|HP Percentage Mod: HP is shown in percentages\n|rule|Endless Battle Clause: Forcing endless battles is banned\n|rule|OHKO Clause: OHKO moves are banned\n|rule|Evasion Moves Clause: Evasion moves are banned\n|rule|Evasion Items Clause: Evasion items are banned\n|rule|Species Clause: Limit one of each Pok\u00e9mon\n|rule|Sleep Clause Mod: Limit one foe put to sleep\n|rule|Mega Rayquaza Clause: You cannot mega evolve Rayquaza\n|clearpoke\n|poke|p1|Deerling, L15, F|\n|poke|p1|Grookey, L15, M|\n|poke|p1|Lombre, L15, F|\n|poke|p2|Jangmo-o, L15, F|\n|poke|p2|Elekid, L15, F|\n|poke|p2|Froakie, L15, F|\n|poke|p2|Salandit, L15, F|\n|teampreview\n|\n|t:|1698593510\n|start\n|switch|p1a: Deerling|Deerling, L15, F|100\/100\n|switch|p2a: Froakie|Froakie, L15, F|100\/100\n|turn|1\n|\n|t:|1698593518\n|move|p1a: Deerling|Leech Seed|p2a: Froakie\n|-start|p2a: Froakie|move: Leech Seed\n|move|p2a: Froakie|Acrobatics|p1a: Deerling\n|-supereffective|p1a: Deerling\n|-damage|p1a: Deerling|62\/100\n|\n|-damage|p2a: Froakie|89\/100|[from] Leech Seed|[of] p1a: Deerling\n|-heal|p1a: Deerling|73\/100|[silent]\n|upkeep\n|turn|2\n|\n|t:|1698593528\n|move|p1a: Deerling|Trailblaze|p2a: Froakie\n|-supereffective|p2a: Froakie\n|-damage|p2a: Froakie|19\/100\n|-boost|p1a: Deerling|spe|1\n|move|p2a: Froakie|Substitute|p2a: Froakie\n|-fail|p2a: Froakie|move: Substitute|[weak]\n|\n|-damage|p2a: Froakie|7\/100|[from] Leech Seed|[of] p1a: Deerling\n|-heal|p1a: Deerling|83\/100|[silent]\n|upkeep\n|turn|3\n|\n|t:|1698593538\n|move|p1a: Deerling|Trailblaze|p2a: Froakie\n|-supereffective|p2a: Froakie\n|-damage|p2a: Froakie|0 fnt\n|-boost|p1a: Deerling|spe|1\n|faint|p2a: Froakie\n|\n|upkeep\n|\n|t:|1698593547\n|switch|p2a: Salandit|Salandit, L15, F, shiny|100\/100\n|turn|4\n|\n|t:|1698593552\n|move|p2a: Salandit|Fake Out|p1a: Deerling\n|-damage|p1a: Deerling|71\/100\n|cant|p1a: Deerling|flinch\n|\n|upkeep\n|turn|5\n|\n|t:|1698593556\n|move|p1a: Deerling|Bulldoze|p2a: Salandit\n|-supereffective|p2a: Salandit\n|-damage|p2a: Salandit|0 fnt\n|faint|p2a: Salandit\n|\n|upkeep\n|\n|t:|1698593563\n|switch|p2a: Jangmo-o|Jangmo-o, L15, F|100\/100\n|turn|6\n|\n|t:|1698593567\n|move|p1a: Deerling|Headbutt|p2a: Jangmo-o\n|-damage|p2a: Jangmo-o|64\/100\n|move|p2a: Jangmo-o|Dragon Dance|p2a: Jangmo-o\n|-boost|p2a: Jangmo-o|atk|1\n|-boost|p2a: Jangmo-o|spe|1\n|\n|upkeep\n|turn|7\n|\n|t:|1698593573\n|move|p1a: Deerling|Headbutt|p2a: Jangmo-o\n|-damage|p2a: Jangmo-o|30\/100\n|cant|p2a: Jangmo-o|flinch\n|\n|upkeep\n|turn|8\n|\n|t:|1698593578\n|move|p1a: Deerling|Headbutt|p2a: Jangmo-o\n|-damage|p2a: Jangmo-o|0 fnt\n|faint|p2a: Jangmo-o\n|\n|upkeep\n|-message|tamebxm2 forfeited.\n|\n|win|Yannix BP\n|l|\u2606tamebxm2\n","uploadtime":1698593595,"views":10,"p1id":"yannixbp","p2id":"tamebxm2","formatid":"gen9nationaldexubers","rating":0,"private":0,"password":""}