{"id":"gen9nationaldexubers-1981231183","p1":"ironsp1dr","p2":"KarmaNightraide","format":"[Gen 9] National Dex Ubers","log":"|j|\u2606ironsp1dr\n|j|\u2606KarmaNightraide\n|t:|1698874604\n|gametype|singles\n|player|p1|ironsp1dr|li|\n|player|p2|KarmaNightraide|unknown|\n|teamsize|p1|6\n|teamsize|p2|6\n|gen|9\n|tier|[Gen 9] National Dex Ubers\n|rule|HP Percentage Mod: HP is shown in percentages\n|rule|Endless Battle Clause: Forcing endless battles is banned\n|rule|OHKO Clause: OHKO moves are banned\n|rule|Evasion Moves Clause: Evasion moves are banned\n|rule|Evasion Items Clause: Evasion items are banned\n|rule|Species Clause: Limit one of each Pok\u00e9mon\n|rule|Sleep Clause Mod: Limit one foe put to sleep\n|rule|Mega Rayquaza Clause: You cannot mega evolve Rayquaza\n|clearpoke\n|poke|p1|Ferrothorn, M|\n|poke|p1|Rotom-Wash|\n|poke|p1|Gardevoir, F|\n|poke|p1|Tapu Lele|\n|poke|p1|Mudsdale, M|\n|poke|p1|Gliscor, M|\n|poke|p2|Aegislash, F|\n|poke|p2|Ceruledge, F|\n|poke|p2|Basculegion, M|\n|poke|p2|Mimikyu, M|\n|poke|p2|Mismagius, F|\n|poke|p2|Gourgeist-*, M|\n|teampreview\n|\n|t:|1698874620\n|start\n|switch|p1a: Ferrothorn|Ferrothorn, M|100\/100\n|switch|p2a: Witch|Mismagius, F|100\/100\n|turn|1\n|\n|t:|1698874627\n|move|p2a: Witch|Taunt|p1a: Ferrothorn\n|-start|p1a: Ferrothorn|move: Taunt\n|cant|p1a: Ferrothorn|move: Taunt|Spikes\n|\n|upkeep\n|turn|2\n|\n|t:|1698874644\n|switch|p1a: Mudsdale|Mudsdale, M|100\/100\n|move|p2a: Witch|Shadow Ball|p1a: Mudsdale\n|-damage|p1a: Mudsdale|74\/100\n|-ability|p1a: Mudsdale|Stamina|boost\n|-boost|p1a: Mudsdale|def|1\n|\n|upkeep\n|turn|3\n|\n|t:|1698874674\n|switch|p2a: Pumpin|Gourgeist-Small, M|100\/100\n|-item|p1a: Mudsdale|Assault Vest|[from] ability: Frisk|[of] p2a: Pumpin|[identify]\n|move|p1a: Mudsdale|Earthquake|p2a: Pumpin\n|-resisted|p2a: Pumpin\n|-damage|p2a: Pumpin|73\/100\n|\n|upkeep\n|turn|4\n|\n|t:|1698874687\n|-zpower|p2a: Pumpin\n|move|p2a: Pumpin|Z-Trick-or-Treat|p1a: Mudsdale|[anim]Trick-or-Treat\n|-boost|p2a: Pumpin|atk|1|[zeffect]\n|-boost|p2a: Pumpin|def|1|[zeffect]\n|-boost|p2a: Pumpin|spa|1|[zeffect]\n|-boost|p2a: Pumpin|spd|1|[zeffect]\n|-boost|p2a: Pumpin|spe|1|[zeffect]\n|-start|p1a: Mudsdale|typeadd|Ghost|[from] move: Trick-or-Treat\n|move|p1a: Mudsdale|Iron Head|p2a: Pumpin\n|-damage|p2a: Pumpin|51\/100\n|\n|upkeep\n|turn|5\n|\n|t:|1698874711\n|switch|p1a: Tapu Lele|Tapu Lele|100\/100\n|-fieldstart|move: Psychic Terrain|[from] ability: Psychic Surge|[of] p1a: Tapu Lele\n|move|p2a: Pumpin|Poltergeist|p1a: Tapu Lele\n|-activate|p1a: Tapu Lele|move: Poltergeist|Tapunium Z\n|-supereffective|p1a: Tapu Lele\n|-damage|p1a: Tapu Lele|0 fnt\n|faint|p1a: Tapu Lele\n|\n|upkeep\n|\n|t:|1698874726\n|switch|p1a: Gardevoir|Gardevoir, F|100\/100\n|turn|6\n|\n|t:|1698874732\n|switch|p1a: Gliscor|Gliscor, M|100\/100\n|move|p2a: Pumpin|Poltergeist|p1a: Gliscor\n|-activate|p1a: Gliscor|move: Poltergeist|Toxic Orb\n|-damage|p1a: Gliscor|42\/100\n|\n|-status|p1a: Gliscor|tox|[from] item: Toxic Orb\n|upkeep\n|turn|7\n|\n|t:|1698874758\n|move|p2a: Pumpin|Power Whip|p1a: Gliscor\n|-damage|p1a: Gliscor|0 fnt\n|faint|p1a: Gliscor\n|\n|upkeep\n|\n|t:|1698874766\n|switch|p1a: Ferrothorn|Ferrothorn, M|100\/100\n|turn|8\n|\n|t:|1698874787\n|move|p2a: Pumpin|Poltergeist|p1a: Ferrothorn|[miss]\n|-miss|p2a: Pumpin|p1a: Ferrothorn\n|move|p1a: Ferrothorn|Leech Seed|p2a: Pumpin\n|-immune|p2a: Pumpin\n|\n|upkeep\n|turn|9\n|\n|t:|1698874794\n|move|p2a: Pumpin|Poltergeist|p1a: Ferrothorn\n|-activate|p1a: Ferrothorn|move: Poltergeist|Rocky Helmet\n|-damage|p1a: Ferrothorn|49\/100\n|move|p1a: Ferrothorn|Stealth Rock|p2a: Pumpin\n|-sidestart|p2: KarmaNightraide|move: Stealth Rock\n|\n|-fieldend|move: Psychic Terrain\n|upkeep\n|turn|10\n|\n|t:|1698874804\n|move|p2a: Pumpin|Poltergeist|p1a: Ferrothorn\n|-activate|p1a: Ferrothorn|move: Poltergeist|Rocky Helmet\n|-damage|p1a: Ferrothorn|2\/100\n|move|p1a: Ferrothorn|Spikes|p2a: Pumpin\n|-sidestart|p2: KarmaNightraide|Spikes\n|\n|upkeep\n|turn|11\n|\n|t:|1698874811\n|move|p1a: Ferrothorn|Protect|p1a: Ferrothorn\n|-singleturn|p1a: Ferrothorn|Protect\n|move|p2a: Pumpin|Skitter Smack|p1a: Ferrothorn\n|-activate|p1a: Ferrothorn|move: Protect\n|\n|upkeep\n|turn|12\n|\n|t:|1698874818\n|move|p1a: Ferrothorn|Protect||[still]\n|-fail|p1a: Ferrothorn\n|move|p2a: Pumpin|Skitter Smack|p1a: Ferrothorn\n|-damage|p1a: Ferrothorn|0 fnt\n|-damage|p2a: Pumpin|39\/100|[from] ability: Iron Barbs|[of] p1a: Ferrothorn\n|-damage|p2a: Pumpin|22\/100|[from] item: Rocky Helmet|[of] p1a: Ferrothorn\n|faint|p1a: Ferrothorn\n|\n|upkeep\n|\n|t:|1698874823\n|switch|p1a: Mudsdale|Mudsdale, M|74\/100\n|turn|13\n|\n|t:|1698874840\n|move|p2a: Pumpin|Power Whip|p1a: Mudsdale\n|-supereffective|p1a: Mudsdale\n|-damage|p1a: Mudsdale|0 fnt\n|faint|p1a: Mudsdale\n|\n|upkeep\n|\n|t:|1698874852\n|switch|p1a: Rotom|Rotom-Wash|100\/100\n|turn|14\n|\n|t:|1698874857\n|move|p2a: Pumpin|Power Whip|p1a: Rotom\n|-supereffective|p1a: Rotom\n|-damage|p1a: Rotom|0 fnt\n|-damage|p2a: Pumpin|5\/100|[from] item: Rocky Helmet|[of] p1a: Rotom\n|faint|p1a: Rotom\n|\n|upkeep\n|\n|t:|1698874860\n|switch|p1a: Gardevoir|Gardevoir, F|100\/100\n|turn|15\n|\n|t:|1698874866\n|detailschange|p1a: Gardevoir|Gardevoir-Mega, F\n|-mega|p1a: Gardevoir|Gardevoir|Gardevoirite\n|move|p2a: Pumpin|Poltergeist|p1a: Gardevoir\n|-activate|p1a: Gardevoir|move: Poltergeist|Gardevoirite\n|-supereffective|p1a: Gardevoir\n|-damage|p1a: Gardevoir|0 fnt\n|faint|p1a: Gardevoir\n|\n|win|KarmaNightraide\n|l|\u2606ironsp1dr\n","uploadtime":1698874882,"views":8,"p1id":"ironsp1dr","p2id":"karmanightraide","formatid":"gen9nationaldexubers","rating":0,"private":0,"password":""}