{"id":"gen9nationaldexubers-1986416761","p1":"Mr.Shadowdusk","p2":"huevoperobaneado","format":"[Gen 9] National Dex Ubers","log":"|j|\u2606Mr.Shadowdusk\n|j|\u2606huevoperobaneado\n|t:|1699477236\n|gametype|singles\n|player|p1|Mr.Shadowdusk|ghetsis|\n|player|p2|huevoperobaneado|akari|\n|teamsize|p1|6\n|teamsize|p2|6\n|gen|9\n|tier|[Gen 9] National Dex Ubers\n|rule|HP Percentage Mod: HP is shown in percentages\n|rule|Endless Battle Clause: Forcing endless battles is banned\n|rule|OHKO Clause: OHKO moves are banned\n|rule|Evasion Moves Clause: Evasion moves are banned\n|rule|Evasion Items Clause: Evasion items are banned\n|rule|Species Clause: Limit one of each Pok\u00e9mon\n|rule|Sleep Clause Mod: Limit one foe put to sleep\n|rule|Mega Rayquaza Clause: You cannot mega evolve Rayquaza\n|clearpoke\n|poke|p1|Ninetales-Alola, F|\n|poke|p1|Blaziken, M|\n|poke|p1|Hydreigon, M|\n|poke|p1|Ferrothorn, F|\n|poke|p1|Mantine, M|\n|poke|p1|Baxcalibur, F|\n|poke|p2|Sableye, M|\n|poke|p2|Hydreigon, M|\n|poke|p2|Skeledirge, M|\n|poke|p2|Grimmsnarl, M|\n|poke|p2|Muk-Alola, F|\n|poke|p2|Kingambit, M|\n|teampreview\n|\n|t:|1699477243\n|start\n|switch|p1a: Ninetales|Ninetales-Alola, F|100\/100\n|switch|p2a: Mike|Sableye, M|100\/100\n|-weather|Snow|[from] ability: Snow Warning|[of] p1a: Ninetales\n|turn|1\n|\n|t:|1699477252\n|move|p2a: Mike|Taunt|p1a: Ninetales\n|-start|p1a: Ninetales|move: Taunt\n|cant|p1a: Ninetales|move: Taunt|Aurora Veil\n|\n|-weather|Snow|[upkeep]\n|upkeep\n|turn|2\n|\n|t:|1699477264\n|switch|p2a: Goliath|Muk-Alola, F|100\/100\n|move|p1a: Ninetales|Moonblast|p2a: Goliath\n|-damage|p2a: Goliath|82\/100\n|\n|-weather|Snow|[upkeep]\n|upkeep\n|turn|3\n|\n|t:|1699477272\n|switch|p1a: Ferrothorn|Ferrothorn, F|100\/100\n|move|p2a: Goliath|Knock Off|p1a: Ferrothorn\n|-damage|p1a: Ferrothorn|73\/100\n|-damage|p2a: Goliath|70\/100|[from] ability: Iron Barbs|[of] p1a: Ferrothorn\n|-damage|p2a: Goliath|53\/100|[from] item: Rocky Helmet|[of] p1a: Ferrothorn\n|-enditem|p1a: Ferrothorn|Rocky Helmet|[from] move: Knock Off|[of] p2a: Goliath\n|\n|-weather|Snow|[upkeep]\n|upkeep\n|turn|4\n|\n|t:|1699477290\n|switch|p2a: General Tablos|Grimmsnarl, M, shiny|100\/100\n|move|p1a: Ferrothorn|Leech Seed|p2a: General Tablos\n|-start|p2a: General Tablos|move: Leech Seed\n|\n|-weather|Snow|[upkeep]\n|-damage|p2a: General Tablos|88\/100|[from] Leech Seed|[of] p1a: Ferrothorn\n|-heal|p1a: Ferrothorn|87\/100|[silent]\n|upkeep\n|turn|5\n|l|\u2606Mr.Shadowdusk\n|player|p1|\n|j|\u2606Mr.Shadowdusk\n|player|p1|Mr.Shadowdusk|ghetsis\n|\n|t:|1699477345\n|switch|p2a: Mike|Sableye, M|100\/100\n|move|p1a: Ferrothorn|Gyro Ball|p2a: Mike\n|-damage|p2a: Mike|69\/100\n|\n|-weather|none\n|upkeep\n|turn|6\n|\n|t:|1699477353\n|switch|p1a: Ninetales|Ninetales-Alola, F|100\/100\n|-weather|Snow|[from] ability: Snow Warning|[of] p1a: Ninetales\n|detailschange|p2a: Mike|Sableye-Mega, M\n|-mega|p2a: Mike|Sableye|Sablenite\n|move|p2a: Mike|Recover|p2a: Mike\n|-heal|p2a: Mike|100\/100\n|\n|-weather|Snow|[upkeep]\n|upkeep\n|turn|7\n|\n|t:|1699477365\n|move|p1a: Ninetales|Moonblast|p2a: Mike\n|-supereffective|p2a: Mike\n|-damage|p2a: Mike|38\/100\n|-unboost|p2a: Mike|spa|1\n|move|p2a: Mike|Toxic|p1a: Ninetales\n|-status|p1a: Ninetales|tox\n|\n|-weather|Snow|[upkeep]\n|-damage|p1a: Ninetales|95\/100 tox|[from] psn\n|upkeep\n|turn|8\n|\n|t:|1699477378\n|switch|p2a: General Tablos|Grimmsnarl, M, shiny|88\/100\n|move|p1a: Ninetales|Aurora Veil|p1a: Ninetales\n|-sidestart|p1: Mr.Shadowdusk|move: Aurora Veil\n|\n|-weather|Snow|[upkeep]\n|-damage|p1a: Ninetales|83\/100 tox|[from] psn\n|upkeep\n|turn|9\n|\n|t:|1699477383\n|switch|p1a: Mantine|Mantine, M|100\/100\n|move|p2a: General Tablos|Light Screen|p2a: General Tablos\n|-sidestart|p2: huevoperobaneado|move: Light Screen\n|\n|-weather|Snow|[upkeep]\n|upkeep\n|turn|10\n|\n|t:|1699477397\n|move|p1a: Mantine|Scald|p2a: General Tablos\n|-damage|p2a: General Tablos|77\/100\n|move|p2a: General Tablos|Spirit Break|p1a: Mantine\n|-damage|p1a: Mantine|82\/100\n|-unboost|p1a: Mantine|spa|1\n|\n|-weather|none\n|upkeep\n|turn|11\n|\n|t:|1699477406\n|move|p2a: General Tablos|Parting Shot|p1a: Mantine\n|-unboost|p1a: Mantine|atk|1\n|-unboost|p1a: Mantine|spa|1\n|\n|t:|1699477415\n|switch|p2a: Mike|Sableye-Mega, M|38\/100|[from] Parting Shot\n|move|p1a: Mantine|Defog|p2a: Mike\n|move|p2a: Mike|Defog|p1a: Mantine|[from]ability: Magic Bounce\n|-unboost|p1a: Mantine|evasion|1\n|-sideend|p1: Mr.Shadowdusk|move: Aurora Veil\n|\n|upkeep\n|turn|12\n|\n|t:|1699477431\n|switch|p1a: Ferrothorn|Ferrothorn, F|87\/100\n|move|p2a: Mike|Recover|p2a: Mike\n|-heal|p2a: Mike|88\/100\n|\n|upkeep\n|turn|13\n|\n|t:|1699477474\n|switch|p1a: Ninetales|Ninetales-Alola, F|83\/100 tox\n|-weather|Snow|[from] ability: Snow Warning|[of] p1a: Ninetales\n|move|p2a: Mike|Will-O-Wisp||[still]\n|-fail|p2a: Mike\n|\n|-weather|Snow|[upkeep]\n|-damage|p1a: Ninetales|77\/100 tox|[from] psn\n|upkeep\n|turn|14\n|\n|t:|1699477484\n|switch|p2a: Goliath|Muk-Alola, F|53\/100\n|move|p1a: Ninetales|Moonblast|p2a: Goliath\n|-damage|p2a: Goliath|44\/100\n|-unboost|p2a: Goliath|spa|1\n|\n|-weather|Snow|[upkeep]\n|-damage|p1a: Ninetales|65\/100 tox|[from] psn\n|upkeep\n|turn|15\n|\n|t:|1699477500\n|switch|p1a: Hydreigon|Hydreigon, M|100\/100\n|switch|p2a: Coco|Skeledirge, M|100\/100\n|\n|-weather|Snow|[upkeep]\n|upkeep\n|turn|16\n|l|\u2606Mr.Shadowdusk\n|player|p1|\n|j|\u2606Mr.Shadowdusk\n|player|p1|Mr.Shadowdusk|ghetsis\n|\n|t:|1699477634\n|switch|p2a: Goliath|Muk-Alola, F|44\/100\n|-terastallize|p1a: Hydreigon|Poison\n|move|p1a: Hydreigon|Substitute|p1a: Hydreigon\n|-start|p1a: Hydreigon|Substitute\n|-damage|p1a: Hydreigon|76\/100\n|\n|-weather|Snow|[upkeep]\n|-heal|p1a: Hydreigon|82\/100|[from] item: Leftovers\n|-sideend|p2: huevoperobaneado|move: Light Screen\n|upkeep\n|turn|17\n|\n|t:|1699477649\n|move|p2a: Goliath|Shadow Sneak|p1a: Hydreigon\n|-activate|p1a: Hydreigon|move: Substitute|[damage]\n|move|p1a: Hydreigon|Nasty Plot|p1a: Hydreigon\n|-boost|p1a: Hydreigon|spa|2\n|\n|-weather|none\n|-heal|p1a: Hydreigon|88\/100|[from] item: Leftovers\n|upkeep\n|turn|18\n|\n|t:|1699477681\n|move|p2a: Goliath|Shadow Sneak|p1a: Hydreigon\n|-end|p1a: Hydreigon|Substitute\n|move|p1a: Hydreigon|Dark Pulse|p2a: Goliath\n|-resisted|p2a: Goliath\n|-damage|p2a: Goliath|26\/100\n|\n|-heal|p1a: Hydreigon|94\/100|[from] item: Leftovers\n|upkeep\n|turn|19\n|\n|t:|1699477721\n|move|p1a: Hydreigon|Substitute|p1a: Hydreigon\n|-start|p1a: Hydreigon|Substitute\n|-damage|p1a: Hydreigon|69\/100\n|move|p2a: Goliath|Explosion|p1a: Hydreigon\n|-end|p1a: Hydreigon|Substitute\n|faint|p2a: Goliath\n|\n|-heal|p1a: Hydreigon|75\/100|[from] item: Leftovers\n|upkeep\n|\n|t:|1699477736\n|switch|p2a: General Tablos|Grimmsnarl, M, shiny|77\/100\n|turn|20\n|\n|t:|1699477740\n|move|p2a: General Tablos|Light Screen|p2a: General Tablos\n|-sidestart|p2: huevoperobaneado|move: Light Screen\n|move|p1a: Hydreigon|Tera Blast|p2a: General Tablos|[anim] Tera Blast Poison\n|-supereffective|p2a: General Tablos\n|-damage|p2a: General Tablos|0 fnt\n|faint|p2a: General Tablos\n|\n|-heal|p1a: Hydreigon|81\/100|[from] item: Leftovers\n|upkeep\n|\n|t:|1699477748\n|switch|p2a: Blade|Kingambit, M|100\/100\n|-activate|p2a: Blade|ability: Supreme Overlord\n|-start|p2a: Blade|fallen2|[silent]\n|turn|21\n|\n|t:|1699477759\n|switch|p1a: Ferrothorn|Ferrothorn, F|87\/100\n|move|p2a: Blade|Swords Dance|p2a: Blade\n|-boost|p2a: Blade|atk|2\n|\n|upkeep\n|turn|22\n|\n|t:|1699477768\n|move|p2a: Blade|Kowtow Cleave|p1a: Ferrothorn\n|-damage|p1a: Ferrothorn|9\/100\n|-damage|p2a: Blade|88\/100|[from] ability: Iron Barbs|[of] p1a: Ferrothorn\n|move|p1a: Ferrothorn|Leech Seed|p2a: Blade\n|-start|p2a: Blade|move: Leech Seed\n|\n|-damage|p2a: Blade|76\/100|[from] Leech Seed|[of] p1a: Ferrothorn\n|-heal|p1a: Ferrothorn|23\/100|[silent]\n|upkeep\n|turn|23\n|\n|t:|1699477777\n|-end|p2a: Blade|fallen2|[silent]\n|switch|p2a: Hydra|Hydreigon, M|100\/100\n|move|p1a: Ferrothorn|Protect||[still]\n|-fail|p1a: Ferrothorn\n|\n|upkeep\n|turn|24\n|\n|t:|1699477790\n|switch|p2a: Blade|Kingambit, M|76\/100\n|-activate|p2a: Blade|ability: Supreme Overlord\n|-start|p2a: Blade|fallen2|[silent]\n|switch|p1a: Ninetales|Ninetales-Alola, F|65\/100 tox\n|-weather|Snow|[from] ability: Snow Warning|[of] p1a: Ninetales\n|\n|-weather|Snow|[upkeep]\n|-damage|p1a: Ninetales|59\/100 tox|[from] psn\n|upkeep\n|turn|25\n|\n|t:|1699477797\n|move|p1a: Ninetales|Aurora Veil|p1a: Ninetales\n|-sidestart|p1: Mr.Shadowdusk|move: Aurora Veil\n|move|p2a: Blade|Iron Head|p1a: Ninetales\n|-supereffective|p1a: Ninetales\n|-damage|p1a: Ninetales|0 fnt\n|faint|p1a: Ninetales\n|\n|-weather|Snow|[upkeep]\n|upkeep\n|\n|t:|1699477802\n|switch|p1a: Blaziken|Blaziken, M|100\/100\n|turn|26\n|\n|t:|1699477828\n|-end|p2a: Blade|fallen2|[silent]\n|switch|p2a: Mike|Sableye-Mega, M|88\/100\n|detailschange|p1a: Blaziken|Blaziken-Mega, M\n|-mega|p1a: Blaziken|Blaziken|Blazikenite\n|move|p1a: Blaziken|Swords Dance|p1a: Blaziken\n|-boost|p1a: Blaziken|atk|2\n|\n|-weather|Snow|[upkeep]\n|-ability|p1a: Blaziken|Speed Boost|boost\n|-boost|p1a: Blaziken|spe|1\n|upkeep\n|turn|27\n|\n|t:|1699477840\n|move|p1a: Blaziken|Flare Blitz|p2a: Mike\n|-damage|p2a: Mike|0 fnt\n|faint|p2a: Mike\n|-damage|p1a: Blaziken|77\/100|[from] Recoil\n|\n|-weather|Snow|[upkeep]\n|-sideend|p2: huevoperobaneado|move: Light Screen\n|-ability|p1a: Blaziken|Speed Boost|boost\n|-boost|p1a: Blaziken|spe|1\n|upkeep\n|\n|t:|1699477851\n|switch|p2a: Coco|Skeledirge, M|100\/100\n|turn|28\n|\n|t:|1699477859\n|-terastallize|p2a: Coco|Dark\n|move|p1a: Blaziken|Protect|p1a: Blaziken\n|-singleturn|p1a: Blaziken|Protect\n|move|p2a: Coco|Slack Off||[still]\n|-fail|p2a: Coco|heal\n|\n|-weather|none\n|-ability|p1a: Blaziken|Speed Boost|boost\n|-boost|p1a: Blaziken|spe|1\n|upkeep\n|turn|29\n|\n|t:|1699477868\n|move|p1a: Blaziken|Close Combat|p2a: Coco\n|-supereffective|p2a: Coco\n|-damage|p2a: Coco|0 fnt\n|-unboost|p1a: Blaziken|def|1\n|-unboost|p1a: Blaziken|spd|1\n|-damage|p1a: Blaziken|61\/100|[from] item: Rocky Helmet|[of] p2a: Coco\n|faint|p2a: Coco\n|\n|-ability|p1a: Blaziken|Speed Boost|boost\n|-boost|p1a: Blaziken|spe|1\n|upkeep\n|\n|t:|1699477884\n|switch|p2a: Hydra|Hydreigon, M|100\/100\n|turn|30\n|\n|t:|1699477888\n|move|p1a: Blaziken|Close Combat|p2a: Hydra\n|-supereffective|p2a: Hydra\n|-damage|p2a: Hydra|0 fnt\n|-unboost|p1a: Blaziken|def|1\n|-unboost|p1a: Blaziken|spd|1\n|faint|p2a: Hydra\n|\n|-ability|p1a: Blaziken|Speed Boost|boost\n|-boost|p1a: Blaziken|spe|1\n|upkeep\n|\n|t:|1699477897\n|switch|p2a: Blade|Kingambit, M|76\/100\n|-activate|p2a: Blade|ability: Supreme Overlord\n|-start|p2a: Blade|fallen5|[silent]\n|turn|31\n|\n|t:|1699477902\n|move|p1a: Blaziken|Protect|p1a: Blaziken\n|-singleturn|p1a: Blaziken|Protect\n|move|p2a: Blade|Sucker Punch||[still]\n|-fail|p2a: Blade\n|\n|-ability|p1a: Blaziken|Speed Boost|boost\n|-boost|p1a: Blaziken|spe|1\n|upkeep\n|turn|32\n|\n|t:|1699477910\n|move|p2a: Blade|Sucker Punch||[still]\n|-fail|p2a: Blade\n|move|p1a: Blaziken|Swords Dance|p1a: Blaziken\n|-boost|p1a: Blaziken|atk|2\n|\n|-sideend|p1: Mr.Shadowdusk|move: Aurora Veil\n|upkeep\n|turn|33\n|\n|t:|1699477921\n|move|p1a: Blaziken|Protect|p1a: Blaziken\n|-singleturn|p1a: Blaziken|Protect\n|move|p2a: Blade|Sucker Punch||[still]\n|-fail|p2a: Blade\n|\n|upkeep\n|turn|34\n|\n|t:|1699477932\n|move|p2a: Blade|Sucker Punch|p1a: Blaziken\n|-resisted|p1a: Blaziken\n|-damage|p1a: Blaziken|0 fnt\n|faint|p1a: Blaziken\n|\n|upkeep\n|\n|t:|1699477936\n|switch|p1a: Ferrothorn|Ferrothorn, F|23\/100\n|turn|35\n|\n|t:|1699477940\n|move|p1a: Ferrothorn|Protect|p1a: Ferrothorn\n|-singleturn|p1a: Ferrothorn|Protect\n|move|p2a: Blade|Kowtow Cleave|p1a: Ferrothorn\n|-activate|p1a: Ferrothorn|move: Protect\n|\n|upkeep\n|turn|36\n|\n|t:|1699477946\n|move|p2a: Blade|Kowtow Cleave|p1a: Ferrothorn\n|-damage|p1a: Ferrothorn|0 fnt\n|-damage|p2a: Blade|63\/100|[from] ability: Iron Barbs|[of] p1a: Ferrothorn\n|faint|p1a: Ferrothorn\n|\n|upkeep\n|\n|t:|1699477949\n|switch|p1a: Mantine|Mantine, M|82\/100\n|turn|37\n|\n|t:|1699477959\n|move|p1a: Mantine|Scald|p2a: Blade\n|-damage|p2a: Blade|42\/100\n|move|p2a: Blade|Swords Dance|p2a: Blade\n|-boost|p2a: Blade|atk|2\n|\n|upkeep\n|turn|38\n|\n|t:|1699477967\n|move|p2a: Blade|Sucker Punch||[still]\n|-fail|p2a: Blade\n|move|p1a: Mantine|Roost|p1a: Mantine\n|-heal|p1a: Mantine|100\/100\n|-singleturn|p1a: Mantine|move: Roost\n|\n|upkeep\n|turn|39\n|\n|t:|1699477976\n|move|p1a: Mantine|Haze|p1a: Mantine\n|-clearallboost\n|move|p2a: Blade|Kowtow Cleave|p1a: Mantine\n|-damage|p1a: Mantine|19\/100\n|\n|upkeep\n|turn|40\n|\n|t:|1699477991\n|move|p1a: Mantine|Scald|p2a: Blade\n|-damage|p2a: Blade|20\/100\n|move|p2a: Blade|Kowtow Cleave|p1a: Mantine\n|-damage|p1a: Mantine|0 fnt\n|faint|p1a: Mantine\n|\n|upkeep\n|\n|t:|1699478002\n|switch|p1a: Hydreigon|Hydreigon, M, tera:Poison|81\/100\n|turn|41\n|\n|t:|1699478013\n|move|p1a: Hydreigon|Substitute|p1a: Hydreigon\n|-start|p1a: Hydreigon|Substitute\n|-damage|p1a: Hydreigon|57\/100\n|move|p2a: Blade|Swords Dance|p2a: Blade\n|-boost|p2a: Blade|atk|2\n|\n|-heal|p1a: Hydreigon|63\/100|[from] item: Leftovers\n|upkeep\n|turn|42\n|\n|t:|1699478018\n|move|p1a: Hydreigon|Dark Pulse|p2a: Blade\n|-resisted|p2a: Blade\n|-damage|p2a: Blade|0 fnt\n|faint|p2a: Blade\n|-end|p2a: Blade|fallen5|[silent]\n|\n|win|Mr.Shadowdusk\n|l|\u2606Mr.Shadowdusk\n","uploadtime":1699478278,"views":9,"p1id":"mrshadowdusk","p2id":"huevoperobaneado","formatid":"gen9nationaldexubers","rating":0,"private":0,"password":""}