{"id":"gen9nationaldexubers-1988203099","p1":"Dekkerdoesstuff","p2":"Irfanayan","format":"[Gen 9] National Dex Ubers","log":"|j|\u2606Dekkerdoesstuff\n|j|\u2606Irfanayan\n|t:|1699684518\n|gametype|singles\n|player|p1|Dekkerdoesstuff|yellow|1511\n|player|p2|Irfanayan|170|1669\n|teamsize|p1|6\n|teamsize|p2|6\n|gen|9\n|tier|[Gen 9] National Dex Ubers\n|rated|\n|rule|HP Percentage Mod: HP is shown in percentages\n|rule|Endless Battle Clause: Forcing endless battles is banned\n|rule|OHKO Clause: OHKO moves are banned\n|rule|Evasion Moves Clause: Evasion moves are banned\n|rule|Evasion Items Clause: Evasion items are banned\n|rule|Species Clause: Limit one of each Pok\u00e9mon\n|rule|Sleep Clause Mod: Limit one foe put to sleep\n|rule|Mega Rayquaza Clause: You cannot mega evolve Rayquaza\n|clearpoke\n|poke|p1|Necrozma-Dusk-Mane|\n|poke|p1|Ho-Oh|\n|poke|p1|Groudon|\n|poke|p1|Arceus-Dark|\n|poke|p1|Zacian-*|\n|poke|p1|Kyogre|\n|poke|p2|Groudon|\n|poke|p2|Xerneas-*|\n|poke|p2|Arceus|\n|poke|p2|Necrozma-Dusk-Mane|\n|poke|p2|Zygarde|\n|poke|p2|Lugia|\n|teampreview\n|inactive|Battle timer is ON: inactive players will automatically lose when time's up. (requested by Dekkerdoesstuff)\n|\n|t:|1699684539\n|start\n|switch|p1a: Necrozma|Necrozma-Dusk-Mane, shiny|100\/100\n|switch|p2a: Necrozma|Necrozma-Dusk-Mane|100\/100\n|turn|1\n|\n|t:|1699684549\n|switch|p1a: Groudon|Groudon, shiny|100\/100\n|detailschange|p1a: Groudon|Groudon-Primal, shiny\n|-primal|p1a: Groudon|Red Orb\n|-weather|DesolateLand|[from] ability: Desolate Land|[of] p1a: Groudon\n|move|p2a: Necrozma|Earth Power|p1a: Groudon\n|-supereffective|p1a: Groudon\n|-damage|p1a: Groudon|54\/100\n|\n|-weather|DesolateLand|[upkeep]\n|upkeep\n|turn|2\n|j| prince5\n|\n|t:|1699684562\n|detailschange|p2a: Necrozma|Necrozma-Ultra\n|-burst|p2a: Necrozma|Necrozma|Ultranecrozium Z\n|move|p2a: Necrozma|Earth Power|p1a: Groudon\n|-supereffective|p1a: Groudon\n|-damage|p1a: Groudon|0 fnt\n|faint|p1a: Groudon\n|-weather|none\n|\n|upkeep\n|\n|t:|1699684568\n|switch|p1a: Arceus|Arceus-Dark, shiny|100\/100\n|turn|3\n|\n|t:|1699684584\n|switch|p2a: Xerneas|Xerneas|100\/100\n|-ability|p2a: Xerneas|Fairy Aura\n|move|p1a: Arceus|Foul Play|p2a: Xerneas\n|-resisted|p2a: Xerneas\n|-damage|p2a: Xerneas|86\/100\n|\n|upkeep\n|turn|4\n|\n|t:|1699684597\n|move|p1a: Arceus|Taunt|p2a: Xerneas\n|-start|p2a: Xerneas|move: Taunt\n|move|p2a: Xerneas|Moonblast|p1a: Arceus\n|-supereffective|p1a: Arceus\n|-damage|p1a: Arceus|8\/100\n|\n|upkeep\n|turn|5\n|\n|t:|1699684609\n|switch|p1a: Zacian|Zacian-Crowned, shiny|100\/100\n|-ability|p1a: Zacian|Intrepid Sword|boost\n|-boost|p1a: Zacian|atk|1\n|move|p2a: Xerneas|Moonblast|p1a: Zacian\n|-resisted|p1a: Zacian\n|-damage|p1a: Zacian|65\/100\n|\n|upkeep\n|turn|6\n|\n|t:|1699684619\n|switch|p2a: Lugia|Lugia|100\/100\n|move|p1a: Zacian|Swords Dance|p1a: Zacian\n|-boost|p1a: Zacian|atk|2\n|\n|upkeep\n|turn|7\n|\n|t:|1699684627\n|move|p1a: Zacian|Wild Charge|p2a: Lugia\n|-supereffective|p2a: Lugia\n|-crit|p2a: Lugia\n|-damage|p2a: Lugia|28\/100\n|-damage|p1a: Zacian|43\/100|[from] Recoil\n|move|p2a: Lugia|Thunder Wave|p1a: Zacian\n|-status|p1a: Zacian|par\n|\n|-heal|p2a: Lugia|34\/100|[from] item: Leftovers\n|upkeep\n|turn|8\n|\n|t:|1699684639\n|move|p2a: Lugia|Roost|p2a: Lugia\n|-heal|p2a: Lugia|84\/100\n|-singleturn|p2a: Lugia|move: Roost\n|move|p1a: Zacian|Wild Charge|p2a: Lugia\n|-damage|p2a: Lugia|37\/100\n|-damage|p1a: Zacian|29\/100 par|[from] Recoil\n|\n|-heal|p2a: Lugia|43\/100|[from] item: Leftovers\n|upkeep\n|turn|9\n|\n|t:|1699684661\n|move|p2a: Lugia|Roost|p2a: Lugia\n|-heal|p2a: Lugia|93\/100\n|-singleturn|p2a: Lugia|move: Roost\n|move|p1a: Zacian|Swords Dance|p1a: Zacian\n|-boost|p1a: Zacian|atk|2\n|\n|-heal|p2a: Lugia|99\/100|[from] item: Leftovers\n|upkeep\n|turn|10\n|\n|t:|1699684675\n|move|p2a: Lugia|Roost|p2a: Lugia\n|-heal|p2a: Lugia|100\/100\n|-singleturn|p2a: Lugia|move: Roost\n|move|p1a: Zacian|Wild Charge|p2a: Lugia\n|-damage|p2a: Lugia|68\/100\n|-damage|p1a: Zacian|19\/100 par|[from] Recoil\n|\n|-heal|p2a: Lugia|74\/100|[from] item: Leftovers\n|upkeep\n|turn|11\n|\n|t:|1699684686\n|move|p2a: Lugia|Roost|p2a: Lugia\n|-heal|p2a: Lugia|100\/100\n|-singleturn|p2a: Lugia|move: Roost\n|move|p1a: Zacian|Wild Charge|p2a: Lugia\n|-damage|p2a: Lugia|69\/100\n|-damage|p1a: Zacian|9\/100 par|[from] Recoil\n|\n|-heal|p2a: Lugia|75\/100|[from] item: Leftovers\n|upkeep\n|turn|12\n|\n|t:|1699684698\n|switch|p1a: Arceus|Arceus-Dark, shiny|8\/100\n|move|p2a: Lugia|Roost|p2a: Lugia\n|-heal|p2a: Lugia|100\/100\n|-singleturn|p2a: Lugia|move: Roost\n|\n|upkeep\n|turn|13\n|\n|t:|1699684707\n|move|p1a: Arceus|Recover|p1a: Arceus\n|-heal|p1a: Arceus|58\/100\n|move|p2a: Lugia|Whirlpool|p1a: Arceus\n|-damage|p1a: Arceus|53\/100\n|-activate|p1a: Arceus|move: Whirlpool|[of] p2a: Lugia\n|\n|-damage|p1a: Arceus|41\/100|[from] move: Whirlpool|[partiallytrapped]\n|upkeep\n|turn|14\n|\n|t:|1699684719\n|move|p1a: Arceus|Taunt|p2a: Lugia\n|-start|p2a: Lugia|move: Taunt\n|move|p2a: Lugia|Whirlpool|p1a: Arceus\n|-damage|p1a: Arceus|36\/100\n|\n|-damage|p1a: Arceus|23\/100|[from] move: Whirlpool|[partiallytrapped]\n|upkeep\n|turn|15\n|\n|t:|1699684732\n|move|p1a: Arceus|Recover|p1a: Arceus\n|-heal|p1a: Arceus|73\/100\n|move|p2a: Lugia|Whirlpool|p1a: Arceus\n|-crit|p1a: Arceus\n|-damage|p1a: Arceus|66\/100\n|\n|-damage|p1a: Arceus|54\/100|[from] move: Whirlpool|[partiallytrapped]\n|upkeep\n|turn|16\n|\n|t:|1699684745\n|move|p1a: Arceus|Will-O-Wisp|p2a: Lugia\n|-status|p2a: Lugia|brn\n|move|p2a: Lugia|Whirlpool|p1a: Arceus\n|-damage|p1a: Arceus|48\/100\n|\n|-damage|p2a: Lugia|94\/100 brn|[from] brn\n|-damage|p1a: Arceus|36\/100|[from] move: Whirlpool|[partiallytrapped]\n|-end|p2a: Lugia|move: Taunt\n|upkeep\n|turn|17\n|\n|t:|1699684759\n|switch|p2a: Groudon|Groudon|100\/100\n|detailschange|p2a: Groudon|Groudon-Primal\n|-primal|p2a: Groudon|Red Orb\n|-weather|DesolateLand|[from] ability: Desolate Land|[of] p2a: Groudon\n|move|p1a: Arceus|Taunt|p2a: Groudon\n|-start|p2a: Groudon|move: Taunt\n|\n|-weather|DesolateLand|[upkeep]\n|-end|p1a: Arceus|Whirlpool|[partiallytrapped]|[silent]\n|upkeep\n|turn|18\n|\n|t:|1699684770\n|move|p1a: Arceus|Recover|p1a: Arceus\n|-heal|p1a: Arceus|86\/100\n|move|p2a: Groudon|Precipice Blades|p1a: Arceus\n|-damage|p1a: Arceus|42\/100\n|\n|-weather|DesolateLand|[upkeep]\n|upkeep\n|turn|19\n|\n|t:|1699684785\n|switch|p1a: Ho-Oh|Ho-Oh, shiny|100\/100\n|move|p2a: Groudon|Precipice Blades|p1a: Ho-Oh\n|-immune|p1a: Ho-Oh\n|\n|-weather|DesolateLand|[upkeep]\n|-end|p2a: Groudon|move: Taunt\n|upkeep\n|turn|20\n|\n|t:|1699684795\n|move|p2a: Groudon|Rock Slide|p1a: Ho-Oh\n|-supereffective|p1a: Ho-Oh\n|-damage|p1a: Ho-Oh|0 fnt\n|faint|p1a: Ho-Oh\n|\n|-weather|DesolateLand|[upkeep]\n|upkeep\n|\n|t:|1699684798\n|switch|p1a: Kyogre|Kyogre, shiny|100\/100\n|detailschange|p1a: Kyogre|Kyogre-Primal, shiny\n|-primal|p1a: Kyogre|Blue Orb\n|-weather|PrimordialSea|[from] ability: Primordial Sea|[of] p1a: Kyogre\n|turn|21\n|j| spino6301\n|\n|t:|1699684806\n|switch|p2a: Lugia|Lugia|94\/100 brn\n|move|p1a: Kyogre|Origin Pulse|p2a: Lugia\n|-damage|p2a: Lugia|31\/100 brn\n|\n|-weather|PrimordialSea|[upkeep]\n|-heal|p2a: Lugia|37\/100 brn|[from] item: Leftovers\n|-damage|p2a: Lugia|31\/100 brn|[from] brn\n|upkeep\n|turn|22\n|\n|t:|1699684824\n|move|p1a: Kyogre|Ice Beam|p2a: Lugia\n|-supereffective|p2a: Lugia\n|-damage|p2a: Lugia|0 fnt\n|faint|p2a: Lugia\n|\n|-weather|PrimordialSea|[upkeep]\n|upkeep\n|\n|t:|1699684833\n|switch|p2a: Necrozma|Necrozma-Ultra|100\/100\n|turn|23\n|\n|t:|1699684839\n|move|p2a: Necrozma|Photon Geyser|p1a: Kyogre\n|-crit|p1a: Kyogre\n|-damage|p1a: Kyogre|40\/100\n|move|p1a: Kyogre|Calm Mind|p1a: Kyogre\n|-boost|p1a: Kyogre|spa|1\n|-boost|p1a: Kyogre|spd|1\n|\n|-weather|PrimordialSea|[upkeep]\n|upkeep\n|turn|24\n|\n|t:|1699684854\n|-zpower|p2a: Necrozma\n|move|p2a: Necrozma|Light That Burns the Sky|p1a: Kyogre|[zeffect]\n|-damage|p1a: Kyogre|0 fnt\n|faint|p1a: Kyogre\n|-weather|none\n|\n|upkeep\n|\n|t:|1699684863\n|switch|p1a: Necrozma|Necrozma-Dusk-Mane, shiny|100\/100\n|turn|25\n|\n|t:|1699684873\n|move|p2a: Necrozma|Earth Power|p1a: Necrozma\n|-supereffective|p1a: Necrozma\n|-damage|p1a: Necrozma|56\/100\n|move|p1a: Necrozma|Sunsteel Strike|p2a: Necrozma\n|-damage|p2a: Necrozma|50\/100\n|\n|upkeep\n|turn|26\n|\n|t:|1699684884\n|move|p2a: Necrozma|Earth Power|p1a: Necrozma\n|-supereffective|p1a: Necrozma\n|-damage|p1a: Necrozma|7\/100\n|move|p1a: Necrozma|Sunsteel Strike|p2a: Necrozma\n|-damage|p2a: Necrozma|0 fnt\n|faint|p2a: Necrozma\n|\n|upkeep\n|\n|t:|1699684896\n|switch|p2a: Arceus|Arceus|100\/100\n|turn|27\n|\n|t:|1699684902\n|move|p2a: Arceus|Extreme Speed|p1a: Necrozma\n|-resisted|p1a: Necrozma\n|-damage|p1a: Necrozma|0 fnt\n|-damage|p2a: Arceus|84\/100|[from] item: Rocky Helmet|[of] p1a: Necrozma\n|faint|p1a: Necrozma\n|-damage|p2a: Arceus|74\/100|[from] item: Life Orb\n|\n|upkeep\n|\n|t:|1699684907\n|switch|p1a: Arceus|Arceus-Dark, shiny|42\/100\n|turn|28\n|l|\u2606Irfanayan\n|inactive|Irfanayan disconnected and has a minute to reconnect!\n|player|p2|\n|j|\u2606Irfanayan\n|inactive|Irfanayan reconnected and has 130 seconds left.\n|player|p2|Irfanayan|170\n|\n|t:|1699684936\n|move|p2a: Arceus|Extreme Speed|p1a: Arceus\n|-damage|p1a: Arceus|12\/100\n|-damage|p2a: Arceus|64\/100|[from] item: Life Orb\n|move|p1a: Arceus|Recover|p1a: Arceus\n|-heal|p1a: Arceus|62\/100\n|\n|upkeep\n|turn|29\n|\n|t:|1699684944\n|move|p2a: Arceus|Extreme Speed|p1a: Arceus\n|-crit|p1a: Arceus\n|-damage|p1a: Arceus|17\/100\n|-damage|p2a: Arceus|54\/100|[from] item: Life Orb\n|move|p1a: Arceus|Will-O-Wisp|p2a: Arceus\n|-status|p2a: Arceus|brn\n|\n|-damage|p2a: Arceus|48\/100 brn|[from] brn\n|upkeep\n|turn|30\n|\n|t:|1699684955\n|move|p1a: Arceus|Recover|p1a: Arceus\n|-heal|p1a: Arceus|67\/100\n|move|p2a: Arceus|Taunt|p1a: Arceus\n|-start|p1a: Arceus|move: Taunt\n|\n|-damage|p2a: Arceus|42\/100 brn|[from] brn\n|upkeep\n|turn|31\n|\n|t:|1699684966\n|switch|p2a: Groudon|Groudon-Primal|100\/100\n|-weather|DesolateLand|[from] ability: Desolate Land|[of] p2a: Groudon\n|move|p1a: Arceus|Foul Play|p2a: Groudon\n|-damage|p2a: Groudon|52\/100\n|\n|-weather|DesolateLand|[upkeep]\n|upkeep\n|turn|32\n|\n|t:|1699684974\n|move|p1a: Arceus|Foul Play|p2a: Groudon\n|-damage|p2a: Groudon|9\/100\n|move|p2a: Groudon|Fire Punch|p1a: Arceus\n|-damage|p1a: Arceus|22\/100\n|\n|-weather|DesolateLand|[upkeep]\n|upkeep\n|turn|33\n|\n|t:|1699684981\n|move|p1a: Arceus|Foul Play|p2a: Groudon\n|-damage|p2a: Groudon|0 fnt\n|faint|p2a: Groudon\n|-weather|none\n|\n|-end|p1a: Arceus|move: Taunt\n|upkeep\n|\n|t:|1699684991\n|switch|p2a: Xerneas|Xerneas|86\/100\n|-ability|p2a: Xerneas|Fairy Aura\n|turn|34\n|\n|t:|1699685013\n|-terastallize|p1a: Arceus|Poison\n|move|p1a: Arceus|Recover|p1a: Arceus\n|-heal|p1a: Arceus|72\/100\n|move|p2a: Xerneas|Moonblast|p1a: Arceus\n|-resisted|p1a: Arceus\n|-damage|p1a: Arceus|50\/100\n|\n|upkeep\n|turn|35\n|\n|t:|1699685024\n|switch|p2a: Arceus|Arceus|42\/100 brn\n|move|p1a: Arceus|Will-O-Wisp|p2a: Arceus\n|-fail|p2a: Arceus|brn\n|\n|-damage|p2a: Arceus|36\/100 brn|[from] brn\n|upkeep\n|turn|36\n|\n|t:|1699685042\n|move|p1a: Arceus|Foul Play|p2a: Arceus\n|-crit|p2a: Arceus\n|-damage|p2a: Arceus|0 fnt\n|faint|p2a: Arceus\n|\n|upkeep\n|\n|t:|1699685048\n|switch|p2a: Zygarde|Zygarde|100\/100\n|turn|37\n|\n|t:|1699685056\n|move|p1a: Arceus|Will-O-Wisp|p2a: Zygarde\n|-status|p2a: Zygarde|brn\n|move|p2a: Zygarde|Thousand Arrows|p1a: Arceus\n|-supereffective|p1a: Arceus\n|-damage|p1a: Arceus|33\/100\n|\n|-damage|p2a: Zygarde|94\/100 brn|[from] brn\n|upkeep\n|turn|38\n|\n|t:|1699685067\n|move|p1a: Arceus|Taunt|p2a: Zygarde\n|-start|p2a: Zygarde|move: Taunt\n|move|p2a: Zygarde|Dragon Tail|p1a: Arceus\n|-crit|p1a: Arceus\n|-damage|p1a: Arceus|25\/100\n|drag|p1a: Zacian|Zacian-Crowned, shiny|9\/100 par\n|\n|-heal|p2a: Zygarde|100\/100 brn|[from] item: Leftovers\n|-damage|p2a: Zygarde|94\/100 brn|[from] brn\n|upkeep\n|turn|39\n|\n|t:|1699685088\n|move|p1a: Zacian|Close Combat|p2a: Zygarde\n|-damage|p2a: Zygarde|71\/100 brn\n|-unboost|p1a: Zacian|def|1\n|-unboost|p1a: Zacian|spd|1\n|move|p2a: Zygarde|Dragon Tail|p1a: Zacian\n|-immune|p1a: Zacian\n|\n|-heal|p2a: Zygarde|77\/100 brn|[from] item: Leftovers\n|-damage|p2a: Zygarde|71\/100 brn|[from] brn\n|upkeep\n|turn|40\n|\n|t:|1699685099\n|cant|p1a: Zacian|par\n|move|p2a: Zygarde|Dragon Tail|p1a: Zacian\n|-immune|p1a: Zacian\n|\n|-heal|p2a: Zygarde|77\/100 brn|[from] item: Leftovers\n|-damage|p2a: Zygarde|71\/100 brn|[from] brn\n|-end|p2a: Zygarde|move: Taunt\n|upkeep\n|turn|41\n|\n|t:|1699685109\n|move|p2a: Zygarde|Dragon Dance|p2a: Zygarde\n|-boost|p2a: Zygarde|atk|1\n|-boost|p2a: Zygarde|spe|1\n|cant|p1a: Zacian|par\n|\n|-heal|p2a: Zygarde|77\/100 brn|[from] item: Leftovers\n|-damage|p2a: Zygarde|71\/100 brn|[from] brn\n|upkeep\n|turn|42\n|\n|t:|1699685120\n|move|p2a: Zygarde|Dragon Dance|p2a: Zygarde\n|-boost|p2a: Zygarde|atk|1\n|-boost|p2a: Zygarde|spe|1\n|move|p1a: Zacian|Close Combat|p2a: Zygarde\n|-damage|p2a: Zygarde|45\/100 brn\n|-unboost|p1a: Zacian|def|1\n|-unboost|p1a: Zacian|spd|1\n|\n|-heal|p2a: Zygarde|51\/100 brn|[from] item: Leftovers\n|-damage|p2a: Zygarde|45\/100 brn|[from] brn\n|-activate|p2a: Zygarde|ability: Power Construct\n|detailschange|p2a: Zygarde|Zygarde-Complete\n|-heal|p2a: Zygarde|64\/100 brn|[silent]\n|upkeep\n|turn|43\n|\n|t:|1699685136\n|-terastallize|p2a: Zygarde|Poison\n|move|p2a: Zygarde|Dragon Dance|p2a: Zygarde\n|-boost|p2a: Zygarde|atk|1\n|-boost|p2a: Zygarde|spe|1\n|move|p1a: Zacian|Close Combat|p2a: Zygarde\n|-resisted|p2a: Zygarde\n|-damage|p2a: Zygarde|56\/100 brn\n|-unboost|p1a: Zacian|def|1\n|-unboost|p1a: Zacian|spd|1\n|\n|-heal|p2a: Zygarde|62\/100 brn|[from] item: Leftovers\n|-damage|p2a: Zygarde|56\/100 brn|[from] brn\n|upkeep\n|turn|44\n|\n|t:|1699685151\n|move|p2a: Zygarde|Dragon Dance|p2a: Zygarde\n|-boost|p2a: Zygarde|atk|1\n|-boost|p2a: Zygarde|spe|1\n|move|p1a: Zacian|Behemoth Blade|p2a: Zygarde\n|-damage|p2a: Zygarde|34\/100 brn\n|\n|-heal|p2a: Zygarde|40\/100 brn|[from] item: Leftovers\n|-damage|p2a: Zygarde|34\/100 brn|[from] brn\n|upkeep\n|turn|45\n|\n|t:|1699685162\n|move|p2a: Zygarde|Thousand Arrows|p1a: Zacian\n|-supereffective|p1a: Zacian\n|-damage|p1a: Zacian|0 fnt\n|faint|p1a: Zacian\n|\n|-heal|p2a: Zygarde|40\/100 brn|[from] item: Leftovers\n|-damage|p2a: Zygarde|34\/100 brn|[from] brn\n|upkeep\n|\n|t:|1699685166\n|switch|p1a: Arceus|Arceus-Dark, shiny, tera:Poison|25\/100\n|turn|46\n|\n|t:|1699685173\n|move|p2a: Zygarde|Thousand Arrows|p1a: Arceus\n|-supereffective|p1a: Arceus\n|-damage|p1a: Arceus|0 fnt\n|faint|p1a: Arceus\n|\n|win|Irfanayan\n|raw|Dekkerdoesstuff's rating: 1511 &rarr; <strong>1500<\/strong><br \/>(-11 for losing)\n|raw|Irfanayan's rating: 1669 &rarr; <strong>1680<\/strong><br \/>(+11 for winning)\n|l| spino6301\n|l|\u2606Irfanayan\n","uploadtime":1699685196,"views":7,"p1id":"dekkerdoesstuff","p2id":"irfanayan","formatid":"gen9nationaldexubers","rating":1500,"private":0,"password":""}