{"id":"gen9nationaldexubers-1986381778","p1":"Destinum","p2":"SkechiArt","format":"[Gen 9] National Dex Ubers","log":"|j|\u2606Destinum\n|j|\u2606SkechiArt\n|t:|1699474135\n|gametype|singles\n|player|p1|Destinum|colress|\n|player|p2|SkechiArt|acetrainerf|\n|teamsize|p1|6\n|teamsize|p2|6\n|gen|9\n|tier|[Gen 9] National Dex Ubers\n|rule|HP Percentage Mod: HP is shown in percentages\n|rule|Endless Battle Clause: Forcing endless battles is banned\n|rule|OHKO Clause: OHKO moves are banned\n|rule|Evasion Moves Clause: Evasion moves are banned\n|rule|Evasion Items Clause: Evasion items are banned\n|rule|Species Clause: Limit one of each Pok\u00e9mon\n|rule|Sleep Clause Mod: Limit one foe put to sleep\n|rule|Mega Rayquaza Clause: You cannot mega evolve Rayquaza\n|clearpoke\n|poke|p1|Ninetales-Alola, F|\n|poke|p1|Darmanitan-Galar, M|\n|poke|p1|Cetitan, M|\n|poke|p1|Piloswine, M|\n|poke|p1|Articuno|\n|poke|p1|Kyurem|\n|poke|p2|Sableye, F|\n|poke|p2|Iron Valiant|\n|poke|p2|Tornadus-Therian, M|\n|poke|p2|Snorlax, M|\n|poke|p2|Clefable, F|\n|poke|p2|Blissey, F|\n|teampreview\n|c|\u2606SkechiArt|glhf\n|c|\u2606Destinum|Tera?\n|c|\u2606SkechiArt|uh\n|c|\u2606SkechiArt|ghost blissey\n|\n|t:|1699474176\n|start\n|switch|p1a: Let It Go|Ninetales-Alola, F|100\/100\n|switch|p2a: LoveSubhumanSelf|Sableye, F|100\/100\n|-weather|Snow|[from] ability: Snow Warning|[of] p1a: Let It Go\n|turn|1\n|c|\u2606SkechiArt|(prob doesnt matter here)\n|\n|t:|1699474184\n|move|p2a: LoveSubhumanSelf|Taunt|p1a: Let It Go\n|-start|p1a: Let It Go|move: Taunt\n|move|p1a: Let It Go|Moonblast|p2a: LoveSubhumanSelf\n|-supereffective|p2a: LoveSubhumanSelf\n|-damage|p2a: LoveSubhumanSelf|29\/100\n|\n|-weather|Snow|[upkeep]\n|upkeep\n|turn|2\n|\n|t:|1699474206\n|switch|p2a: PerfectCantPlease|Clefable, F|100\/100\n|move|p1a: Let It Go|Moonblast|p2a: PerfectCantPlease\n|-damage|p2a: PerfectCantPlease|76\/100\n|-unboost|p2a: PerfectCantPlease|spa|1\n|\n|-weather|Snow|[upkeep]\n|upkeep\n|turn|3\n|\n|t:|1699474235\n|move|p1a: Let It Go|Moonblast|p2a: PerfectCantPlease\n|-damage|p2a: PerfectCantPlease|51\/100\n|move|p2a: PerfectCantPlease|Cosmic Power|p2a: PerfectCantPlease\n|-boost|p2a: PerfectCantPlease|def|1\n|-boost|p2a: PerfectCantPlease|spd|1\n|\n|-weather|Snow|[upkeep]\n|-end|p1a: Let It Go|move: Taunt\n|upkeep\n|turn|4\n|j| ArcticIzagi\n|\n|t:|1699474256\n|move|p1a: Let It Go|Encore|p2a: PerfectCantPlease\n|-start|p2a: PerfectCantPlease|Encore\n|move|p2a: PerfectCantPlease|Cosmic Power|p2a: PerfectCantPlease\n|-boost|p2a: PerfectCantPlease|def|1\n|-boost|p2a: PerfectCantPlease|spd|1\n|\n|-weather|Snow|[upkeep]\n|upkeep\n|turn|5\n|\n|t:|1699474259\n|move|p1a: Let It Go|Moonblast|p2a: PerfectCantPlease\n|-damage|p2a: PerfectCantPlease|40\/100\n|move|p2a: PerfectCantPlease|Cosmic Power|p2a: PerfectCantPlease\n|-boost|p2a: PerfectCantPlease|def|1\n|-boost|p2a: PerfectCantPlease|spd|1\n|\n|-weather|none\n|upkeep\n|turn|6\n|\n|t:|1699474262\n|move|p1a: Let It Go|Moonblast|p2a: PerfectCantPlease\n|-damage|p2a: PerfectCantPlease|29\/100\n|move|p2a: PerfectCantPlease|Cosmic Power|p2a: PerfectCantPlease\n|-boost|p2a: PerfectCantPlease|def|1\n|-boost|p2a: PerfectCantPlease|spd|1\n|\n|-end|p2a: PerfectCantPlease|Encore\n|upkeep\n|turn|7\n|\n|t:|1699474267\n|move|p1a: Let It Go|Encore|p2a: PerfectCantPlease\n|-start|p2a: PerfectCantPlease|Encore\n|move|p2a: PerfectCantPlease|Cosmic Power|p2a: PerfectCantPlease\n|-boost|p2a: PerfectCantPlease|def|1\n|-boost|p2a: PerfectCantPlease|spd|1\n|\n|upkeep\n|turn|8\n|\n|t:|1699474270\n|move|p1a: Let It Go|Moonblast|p2a: PerfectCantPlease\n|-damage|p2a: PerfectCantPlease|22\/100\n|move|p2a: PerfectCantPlease|Cosmic Power|p2a: PerfectCantPlease\n|-boost|p2a: PerfectCantPlease|def|1\n|-boost|p2a: PerfectCantPlease|spd|1\n|\n|upkeep\n|turn|9\n|\n|t:|1699474272\n|move|p1a: Let It Go|Moonblast|p2a: PerfectCantPlease\n|-damage|p2a: PerfectCantPlease|15\/100\n|move|p2a: PerfectCantPlease|Cosmic Power|p2a: PerfectCantPlease\n|-boost|p2a: PerfectCantPlease|def|0\n|-boost|p2a: PerfectCantPlease|spd|0\n|\n|-end|p2a: PerfectCantPlease|Encore\n|upkeep\n|turn|10\n|\n|t:|1699474277\n|move|p1a: Let It Go|Encore|p2a: PerfectCantPlease\n|-start|p2a: PerfectCantPlease|Encore\n|move|p2a: PerfectCantPlease|Cosmic Power|p2a: PerfectCantPlease\n|-boost|p2a: PerfectCantPlease|def|0\n|-boost|p2a: PerfectCantPlease|spd|0\n|\n|upkeep\n|turn|11\n|j| Astro Rifk\n|c|\u2606SkechiArt|this isnt very cool mister dest\n|\n|t:|1699474290\n|switch|p2a: Drift|Snorlax, M|100\/100\n|move|p1a: Let It Go|Moonblast|p2a: Drift\n|-damage|p2a: Drift|83\/100\n|-unboost|p2a: Drift|spa|1\n|\n|upkeep\n|turn|12\n|c|\u2606Destinum|It's very cool actually, because Ice.\n|c| Astro Rifk|czn we get much higher?\n|\n|t:|1699474308\n|switch|p1a: Chris P. Bacon|Piloswine, M|100\/100\n|move|p2a: Drift|Yawn|p1a: Chris P. Bacon\n|-start|p1a: Chris P. Bacon|move: Yawn|[of] p2a: Drift\n|\n|upkeep\n|turn|13\n|c| Astro Rifk|-clefables defensive stats this afternoon\n|\n|t:|1699474314\n|move|p1a: Chris P. Bacon|Stealth Rock|p2a: Drift\n|-sidestart|p2: SkechiArt|move: Stealth Rock\n|move|p2a: Drift|Curse|p2a: Drift\n|-unboost|p2a: Drift|spe|1\n|-boost|p2a: Drift|atk|1\n|-boost|p2a: Drift|def|1\n|\n|-end|p1a: Chris P. Bacon|move: Yawn|[silent]\n|-status|p1a: Chris P. Bacon|slp\n|upkeep\n|turn|14\n|\n|t:|1699474318\n|switch|p1a: Let It Go|Ninetales-Alola, F|100\/100\n|-weather|Snow|[from] ability: Snow Warning|[of] p1a: Let It Go\n|move|p2a: Drift|Curse|p2a: Drift\n|-unboost|p2a: Drift|spe|1\n|-boost|p2a: Drift|atk|1\n|-boost|p2a: Drift|def|1\n|\n|-weather|Snow|[upkeep]\n|upkeep\n|turn|15\n|\n|t:|1699474326\n|switch|p2a: TheTownInsideMe|Iron Valiant|100\/100\n|-damage|p2a: TheTownInsideMe|94\/100|[from] Stealth Rock\n|move|p1a: Let It Go|Encore||[still]\n|-fail|p1a: Let It Go\n|\n|-weather|Snow|[upkeep]\n|upkeep\n|turn|16\n|\n|t:|1699474333\n|switch|p1a: The Godfeather|Articuno|100\/100\n|-ability|p1a: The Godfeather|Pressure\n|move|p2a: TheTownInsideMe|Disable||[still]\n|-fail|p2a: TheTownInsideMe\n|\n|-weather|Snow|[upkeep]\n|upkeep\n|turn|17\n|c| Astro Rifk|metronome into self destruct tbh\n|\n|t:|1699474338\n|move|p2a: TheTownInsideMe|Calm Mind|p2a: TheTownInsideMe\n|-boost|p2a: TheTownInsideMe|spa|1\n|-boost|p2a: TheTownInsideMe|spd|1\n|move|p1a: The Godfeather|U-turn|p2a: TheTownInsideMe\n|-resisted|p2a: TheTownInsideMe\n|-damage|p2a: TheTownInsideMe|90\/100\n|\n|t:|1699474345\n|switch|p1a: I Choose Violence|Darmanitan-Galar, M|100\/100|[from] U-turn\n|\n|-weather|Snow|[upkeep]\n|upkeep\n|turn|18\n|c|\u2606SkechiArt|watch this\n|c|\u2606SkechiArt|ohko coming in hot\n|\n|t:|1699474379\n|-terastallize|p1a: I Choose Violence|Ice\n|move|p1a: I Choose Violence|Icicle Crash|p2a: TheTownInsideMe\n|-damage|p2a: TheTownInsideMe|0 fnt\n|faint|p2a: TheTownInsideMe\n|-end|p2a: TheTownInsideMe|Quark Drive|[silent]\n|\n|-weather|none\n|upkeep\n|\n|t:|1699474388\n|switch|p2a: Armor-CladFaith|Blissey, F|100\/100\n|-damage|p2a: Armor-CladFaith|88\/100|[from] Stealth Rock\n|turn|19\n|c|\u2606Destinum|Literally first time I've ever done this Tera.\n|\n|t:|1699474394\n|move|p1a: I Choose Violence|Icicle Crash|p2a: Armor-CladFaith\n|-damage|p2a: Armor-CladFaith|4\/100\n|move|p2a: Armor-CladFaith|Metronome|p2a: Armor-CladFaith\n|move|p2a: Armor-CladFaith|Wood Hammer|p1a: I Choose Violence|[from]move: Metronome\n|-damage|p1a: I Choose Violence|92\/100\n|-damage|p2a: Armor-CladFaith|3\/100|[from] Recoil\n|\n|-heal|p2a: Armor-CladFaith|9\/100|[from] item: Leftovers\n|upkeep\n|turn|20\n|c|\u2606SkechiArt|crazy\n|c|\u2606Destinum|lol\n|\n|t:|1699474405\n|move|p1a: I Choose Violence|Icicle Crash|p2a: Armor-CladFaith\n|-damage|p2a: Armor-CladFaith|0 fnt\n|faint|p2a: Armor-CladFaith\n|\n|upkeep\n|\n|t:|1699474409\n|switch|p2a: LoveSubhumanSelf|Sableye, F|29\/100\n|-damage|p2a: LoveSubhumanSelf|17\/100|[from] Stealth Rock\n|turn|21\n|\n|t:|1699474425\n|switch|p1a: Let It Go|Ninetales-Alola, F|100\/100\n|-weather|Snow|[from] ability: Snow Warning|[of] p1a: Let It Go\n|move|p2a: LoveSubhumanSelf|Metronome|p2a: LoveSubhumanSelf\n|move|p2a: LoveSubhumanSelf|Icy Wind|p1a: Let It Go|[from]move: Metronome\n|-resisted|p1a: Let It Go\n|-damage|p1a: Let It Go|95\/100\n|-unboost|p1a: Let It Go|spe|1\n|\n|-weather|Snow|[upkeep]\n|upkeep\n|turn|22\n|\n|t:|1699474434\n|move|p2a: LoveSubhumanSelf|Metronome|p2a: LoveSubhumanSelf\n|move|p2a: LoveSubhumanSelf|Ice Beam|p1a: Let It Go|[from]move: Metronome\n|-resisted|p1a: Let It Go\n|-crit|p1a: Let It Go\n|-damage|p1a: Let It Go|82\/100\n|move|p1a: Let It Go|Moonblast|p2a: LoveSubhumanSelf\n|-supereffective|p2a: LoveSubhumanSelf\n|-damage|p2a: LoveSubhumanSelf|0 fnt\n|faint|p2a: LoveSubhumanSelf\n|\n|-weather|Snow|[upkeep]\n|upkeep\n|\n|t:|1699474441\n|switch|p2a: SmellOftheGame|Tornadus-Therian, M|100\/100\n|-damage|p2a: SmellOftheGame|76\/100|[from] Stealth Rock\n|turn|23\n|\n|t:|1699474446\n|move|p2a: SmellOftheGame|Defog|p1a: Let It Go\n|-unboost|p1a: Let It Go|evasion|1\n|-sideend|p2: SkechiArt|Stealth Rock|[from] move: Defog|[of] p2a: SmellOftheGame\n|move|p1a: Let It Go|Aurora Veil|p1a: Let It Go\n|-sidestart|p1: Destinum|move: Aurora Veil\n|\n|-weather|Snow|[upkeep]\n|-heal|p2a: SmellOftheGame|82\/100|[from] item: Leftovers\n|upkeep\n|turn|24\n|\n|t:|1699474453\n|switch|p1a: I Choose Violence|Darmanitan-Galar, M, tera:Ice|92\/100\n|move|p2a: SmellOftheGame|Metronome|p2a: SmellOftheGame\n|move|p2a: SmellOftheGame|Jaw Lock|p1a: I Choose Violence|[from]move: Metronome\n|-damage|p1a: I Choose Violence|83\/100\n|-activate|p2a: SmellOftheGame|trapped\n|-activate|p1a: I Choose Violence|trapped\n|\n|-weather|Snow|[upkeep]\n|-heal|p2a: SmellOftheGame|88\/100|[from] item: Leftovers\n|upkeep\n|turn|25\n|c| Astro Rifk|amazing\n|\n|t:|1699474461\n|move|p1a: I Choose Violence|Icicle Crash|p2a: SmellOftheGame\n|-supereffective|p2a: SmellOftheGame\n|-damage|p2a: SmellOftheGame|0 fnt\n|faint|p2a: SmellOftheGame\n|\n|-weather|none\n|upkeep\n|\n|t:|1699474464\n|switch|p2a: Drift|Snorlax, M|83\/100\n|turn|26\n|\n|t:|1699474470\n|move|p1a: I Choose Violence|Icicle Crash|p2a: Drift\n|-damage|p2a: Drift|0 fnt\n|faint|p2a: Drift\n|\n|upkeep\n|\n|t:|1699474473\n|switch|p2a: PerfectCantPlease|Clefable, F|15\/100\n|turn|27\n|\n|t:|1699474475\n|move|p1a: I Choose Violence|Icicle Crash|p2a: PerfectCantPlease|[miss]\n|-miss|p1a: I Choose Violence|p2a: PerfectCantPlease\n|move|p2a: PerfectCantPlease|Metronome|p2a: PerfectCantPlease\n|move|p2a: PerfectCantPlease|Brick Break|p1a: I Choose Violence|[from]move: Metronome\n|-sideend|p1: Destinum|move: Aurora Veil\n|-supereffective|p1a: I Choose Violence\n|-damage|p1a: I Choose Violence|45\/100\n|\n|upkeep\n|turn|28\n|c|\u2606SkechiArt|Yo\n|c|\u2606SkechiArt|crazy\n|\n|t:|1699474487\n|move|p1a: I Choose Violence|Icicle Crash|p2a: PerfectCantPlease\n|-damage|p2a: PerfectCantPlease|0 fnt\n|faint|p2a: PerfectCantPlease\n|\n|win|Destinum\n","uploadtime":1699474495,"views":22,"p1id":"destinum","p2id":"skechiart","formatid":"gen9nationaldexubers","rating":0,"private":0,"password":""}