{"id":"gen9nationaldexubers-1993547789","p1":"zsennas","p2":"Zaynzito","format":"[Gen 9] National Dex Ubers","log":"|j|\u2606zsennas\n|j|\u2606Zaynzito\n|t:|1700330450\n|gametype|singles\n|player|p1|zsennas|chili|\n|player|p2|Zaynzito|hugh|\n|teamsize|p1|6\n|teamsize|p2|6\n|gen|9\n|tier|[Gen 9] National Dex Ubers\n|rule|HP Percentage Mod: HP is shown in percentages\n|rule|Endless Battle Clause: Forcing endless battles is banned\n|rule|OHKO Clause: OHKO moves are banned\n|rule|Evasion Moves Clause: Evasion moves are banned\n|rule|Evasion Items Clause: Evasion items are banned\n|rule|Species Clause: Limit one of each Pok\u00e9mon\n|rule|Sleep Clause Mod: Limit one foe put to sleep\n|rule|Mega Rayquaza Clause: You cannot mega evolve Rayquaza\n|clearpoke\n|poke|p1|Pichu, L20, M|\n|poke|p1|Zorua-Hisui, L20, M|\n|poke|p1|Rockruff, L20, M|\n|poke|p1|Growlithe, L20, M|\n|poke|p1|Wartortle, L20, M|\n|poke|p1|Butterfree, L20, F|\n|poke|p2|Dartrix, L20, M|\n|poke|p2|Remoraid, L20, M|\n|poke|p2|Mawile, L20, M|\n|poke|p2|Mantyke, L20, M|\n|poke|p2|Butterfree, L20, F|\n|poke|p2|Rolycoly, L20, M|\n|teampreview\n|j| Rentereh\n|\n|t:|1700330469\n|start\n|switch|p1a: JP|Wartortle, L20, M|100\/100\n|switch|p2a: Mantyke|Mantyke, L20, M|100\/100\n|turn|1\n|\n|t:|1700330477\n|move|p1a: JP|Shell Smash|p1a: JP\n|-unboost|p1a: JP|def|1\n|-unboost|p1a: JP|spd|1\n|-boost|p1a: JP|atk|2\n|-boost|p1a: JP|spa|2\n|-boost|p1a: JP|spe|2\n|move|p2a: Mantyke|Toxic|p1a: JP\n|-status|p1a: JP|tox\n|\n|-damage|p1a: JP|95\/100 tox|[from] psn\n|upkeep\n|turn|2\n|j| LunySama\n|\n|t:|1700330485\n|move|p1a: JP|Ice Beam|p2a: Mantyke\n|-damage|p2a: Mantyke|54\/100\n|move|p2a: Mantyke|Aqua Ring|p2a: Mantyke\n|-start|p2a: Mantyke|Aqua Ring\n|\n|-heal|p2a: Mantyke|60\/100|[from] item: Leftovers\n|-heal|p2a: Mantyke|66\/100|[from] Aqua Ring\n|-damage|p1a: JP|83\/100 tox|[from] psn\n|upkeep\n|turn|3\n|\n|t:|1700330490\n|move|p2a: Mantyke|Protect|p2a: Mantyke\n|-singleturn|p2a: Mantyke|Protect\n|move|p1a: JP|Ice Beam|p2a: Mantyke\n|-activate|p2a: Mantyke|move: Protect\n|\n|-heal|p2a: Mantyke|72\/100|[from] item: Leftovers\n|-heal|p2a: Mantyke|78\/100|[from] Aqua Ring\n|-damage|p1a: JP|65\/100 tox|[from] psn\n|upkeep\n|turn|4\n|\n|t:|1700330501\n|move|p1a: JP|Ice Beam|p2a: Mantyke\n|-damage|p2a: Mantyke|28\/100\n|move|p2a: Mantyke|Surf|p1a: JP\n|-resisted|p1a: JP\n|-damage|p1a: JP|49\/100 tox\n|\n|-heal|p2a: Mantyke|34\/100|[from] item: Leftovers\n|-heal|p2a: Mantyke|40\/100|[from] Aqua Ring\n|-damage|p1a: JP|25\/100 tox|[from] psn\n|upkeep\n|turn|5\n|\n|t:|1700330512\n|move|p2a: Mantyke|Protect|p2a: Mantyke\n|-singleturn|p2a: Mantyke|Protect\n|move|p1a: JP|Ice Beam|p2a: Mantyke\n|-activate|p2a: Mantyke|move: Protect\n|\n|-heal|p2a: Mantyke|46\/100|[from] item: Leftovers\n|-heal|p2a: Mantyke|52\/100|[from] Aqua Ring\n|-damage|p1a: JP|0 fnt|[from] psn\n|faint|p1a: JP\n|upkeep\n|\n|t:|1700330518\n|switch|p1a: Lino|Pichu, L20, M|100\/100\n|turn|6\n|\n|t:|1700330531\n|switch|p2a: Rolycoly|Rolycoly, L20, M|100\/100\n|move|p1a: Lino|Volt Switch|p2a: Rolycoly\n|-damage|p2a: Rolycoly|79\/100\n|\n|t:|1700330541\n|switch|p1a: Big Magro|Rockruff, L20, M|100\/100|[from] Volt Switch\n|\n|upkeep\n|turn|7\n|\n|t:|1700330549\n|move|p1a: Big Magro|Stomping Tantrum|p2a: Rolycoly\n|-supereffective|p2a: Rolycoly\n|-damage|p2a: Rolycoly|0 fnt\n|faint|p2a: Rolycoly\n|-damage|p1a: Big Magro|92\/100|[from] item: Life Orb\n|\n|upkeep\n|\n|t:|1700330556\n|switch|p2a: Remoraid|Remoraid, L20, M|100\/100\n|turn|8\n|\n|t:|1700330567\n|switch|p1a: Lino|Pichu, L20, M|100\/100\n|move|p2a: Remoraid|Surf|p1a: Lino\n|-damage|p1a: Lino|22\/100\n|\n|-ability|p2a: Remoraid|Moody|boost\n|-boost|p2a: Remoraid|spa|2\n|-unboost|p2a: Remoraid|def|1\n|upkeep\n|turn|9\n|\n|t:|1700330577\n|move|p1a: Lino|Fake Out|p2a: Remoraid\n|-damage|p2a: Remoraid|66\/100\n|cant|p2a: Remoraid|flinch\n|\n|-heal|p2a: Remoraid|72\/100|[from] item: Leftovers\n|-ability|p2a: Remoraid|Moody|boost\n|-boost|p2a: Remoraid|spd|2\n|-unboost|p2a: Remoraid|spe|1\n|upkeep\n|turn|10\n|\n|t:|1700330587\n|move|p1a: Lino|Volt Tackle|p2a: Remoraid\n|-supereffective|p2a: Remoraid\n|-damage|p2a: Remoraid|0 fnt\n|faint|p2a: Remoraid\n|-damage|p1a: Lino|0 fnt|[from] Recoil\n|faint|p1a: Lino\n|\n|upkeep\n|\n|t:|1700330596\n|switch|p1a: Maria|Butterfree, L20, F|100\/100\n|switch|p2a: Mawile|Mawile, L20, M|100\/100\n|-ability|p2a: Mawile|Intimidate|boost\n|-unboost|p1a: Maria|atk|1\n|turn|11\n|\n|t:|1700330606\n|move|p1a: Maria|Sleep Powder|p2a: Mawile\n|-status|p2a: Mawile|slp|[from] move: Sleep Powder\n|cant|p2a: Mawile|slp\n|\n|upkeep\n|turn|12\n|\n|t:|1700330611\n|switch|p1a: Zuluz\u00e3o|Growlithe, L20, M|100\/100\n|-ability|p1a: Zuluz\u00e3o|Intimidate|boost\n|-unboost|p2a: Mawile|atk|1\n|cant|p2a: Mawile|slp\n|\n|upkeep\n|turn|13\n|\n|t:|1700330619\n|move|p1a: Zuluz\u00e3o|Wild Charge|p2a: Mawile\n|-damage|p2a: Mawile|77\/100 slp\n|-damage|p1a: Zuluz\u00e3o|96\/100|[from] Recoil\n|-curestatus|p2a: Mawile|slp|[msg]\n|move|p2a: Mawile|Body Slam|p1a: Zuluz\u00e3o\n|-damage|p1a: Zuluz\u00e3o|75\/100\n|-status|p1a: Zuluz\u00e3o|par\n|\n|upkeep\n|turn|14\n|c| LunySama|?????\n|c|\u2606zsennas|N\u00e3o trocou\n|c|\u2606zsennas|Tentei predict\n|c|\u2606zsennas|Pro mantyke\n|\n|t:|1700330643\n|switch|p2a: Mantyke|Mantyke, L20, M|52\/100\n|move|p1a: Zuluz\u00e3o|Flare Blitz|p2a: Mantyke\n|-resisted|p2a: Mantyke\n|-damage|p2a: Mantyke|31\/100\n|-status|p2a: Mantyke|brn\n|-damage|p1a: Zuluz\u00e3o|67\/100 par|[from] Recoil\n|\n|-heal|p2a: Mantyke|37\/100 brn|[from] item: Leftovers\n|-damage|p2a: Mantyke|31\/100 brn|[from] brn\n|upkeep\n|turn|15\n|\n|t:|1700330650\n|switch|p1a: Big Magro|Rockruff, L20, M|100\/100\n|move|p2a: Mantyke|Surf|p1a: Big Magro\n|-damage|p1a: Big Magro|68\/100\n|replace|p1a: Nic\u00e3o|Zorua-Hisui, L20, M\n|-end|p1a: Nic\u00e3o|Illusion\n|\n|-heal|p2a: Mantyke|37\/100 brn|[from] item: Leftovers\n|-damage|p2a: Mantyke|31\/100 brn|[from] brn\n|upkeep\n|turn|16\n|\n|t:|1700330662\n|move|p2a: Mantyke|Protect|p2a: Mantyke\n|-singleturn|p2a: Mantyke|Protect\n|move|p1a: Nic\u00e3o|Hex|p2a: Mantyke\n|-activate|p2a: Mantyke|move: Protect\n|\n|-heal|p2a: Mantyke|37\/100 brn|[from] item: Leftovers\n|-damage|p2a: Mantyke|31\/100 brn|[from] brn\n|upkeep\n|turn|17\n|\n|t:|1700330675\n|switch|p2a: Dartrix|Dartrix, L20, M, shiny|100\/100\n|move|p1a: Nic\u00e3o|Hex|p2a: Dartrix\n|-damage|p2a: Dartrix|74\/100\n|\n|upkeep\n|turn|18\n|\n|t:|1700330692\n|switch|p1a: Big Magro|Rockruff, L20, M|92\/100\n|move|p2a: Dartrix|Leaf Blade|p1a: Big Magro\n|-supereffective|p1a: Big Magro\n|-damage|p1a: Big Magro|0 fnt\n|faint|p1a: Big Magro\n|\n|upkeep\n|\n|t:|1700330698\n|switch|p1a: Zuluz\u00e3o|Growlithe, L20, M|67\/100 par\n|-ability|p1a: Zuluz\u00e3o|Intimidate|boost\n|-unboost|p2a: Dartrix|atk|1\n|turn|19\n|c|\u2606zsennas|Sabia\n|\n|t:|1700330707\n|switch|p2a: Mawile|Mawile, L20, M|77\/100\n|-ability|p2a: Mawile|Intimidate|boost\n|-unboost|p1a: Zuluz\u00e3o|atk|1\n|move|p1a: Zuluz\u00e3o|Flare Blitz|p2a: Mawile\n|-supereffective|p2a: Mawile\n|-damage|p2a: Mawile|20\/100\n|-damage|p1a: Zuluz\u00e3o|49\/100 par|[from] Recoil\n|\n|upkeep\n|turn|20\n|\n|t:|1700330717\n|move|p2a: Mawile|Sucker Punch||[still]\n|-fail|p2a: Mawile\n|move|p1a: Zuluz\u00e3o|Morning Sun|p1a: Zuluz\u00e3o\n|-heal|p1a: Zuluz\u00e3o|99\/100 par\n|\n|upkeep\n|turn|21\n|\n|t:|1700330723\n|move|p2a: Mawile|Body Slam|p1a: Zuluz\u00e3o\n|-damage|p1a: Zuluz\u00e3o|68\/100 par\n|cant|p1a: Zuluz\u00e3o|par\n|\n|upkeep\n|turn|22\n|\n|t:|1700330728\n|move|p2a: Mawile|Body Slam|p1a: Zuluz\u00e3o\n|-damage|p1a: Zuluz\u00e3o|42\/100 par\n|move|p1a: Zuluz\u00e3o|Flare Blitz|p2a: Mawile\n|-supereffective|p2a: Mawile\n|-damage|p2a: Mawile|0 fnt\n|faint|p2a: Mawile\n|-damage|p1a: Zuluz\u00e3o|36\/100 par|[from] Recoil\n|\n|upkeep\n|\n|t:|1700330741\n|switch|p2a: Mantyke|Mantyke, L20, M|31\/100 brn\n|turn|23\n|\n|t:|1700330757\n|switch|p1a: Maria|Butterfree, L20, F|100\/100\n|move|p2a: Mantyke|Surf|p1a: Maria\n|-damage|p1a: Maria|69\/100\n|\n|-heal|p2a: Mantyke|37\/100 brn|[from] item: Leftovers\n|-damage|p2a: Mantyke|31\/100 brn|[from] brn\n|upkeep\n|turn|24\n|\n|t:|1700330767\n|move|p2a: Mantyke|Protect|p2a: Mantyke\n|-singleturn|p2a: Mantyke|Protect\n|move|p1a: Maria|Air Slash|p2a: Mantyke\n|-activate|p2a: Mantyke|move: Protect\n|\n|-heal|p2a: Mantyke|37\/100 brn|[from] item: Leftovers\n|-damage|p2a: Mantyke|31\/100 brn|[from] brn\n|upkeep\n|turn|25\n|\n|t:|1700330771\n|move|p1a: Maria|Air Slash|p2a: Mantyke\n|-damage|p2a: Mantyke|0 fnt\n|faint|p2a: Mantyke\n|\n|upkeep\n|\n|t:|1700330780\n|switch|p2a: Butterfree|Butterfree, L20, F|100\/100\n|turn|26\n|\n|t:|1700330787\n|move|p1a: Maria|Air Slash|p2a: Butterfree\n|-supereffective|p2a: Butterfree\n|-enditem|p2a: Butterfree|Focus Sash\n|-damage|p2a: Butterfree|2\/100\n|cant|p2a: Butterfree|flinch\n|\n|upkeep\n|turn|27\n|c|\u2606zsennas|AIIII\n|\n|t:|1700330795\n|move|p1a: Maria|Air Slash|p2a: Butterfree\n|-supereffective|p2a: Butterfree\n|-damage|p2a: Butterfree|0 fnt\n|faint|p2a: Butterfree\n|\n|upkeep\n|c| Rentereh|ITS NOT OVER\n|c|\u2606Zaynzito|wtf\n|l| LunySama\n|c|\u2606zsennas|ITS NOT OVER\n|\n|t:|1700330808\n|switch|p2a: Dartrix|Dartrix, L20, M, shiny|74\/100\n|turn|28\n|c|\u2606zsennas|UNTIL\n|c|\u2606zsennas|i\n|c|\u2606zsennas|WIN\n|\n|t:|1700330816\n|move|p2a: Dartrix|Shadow Sneak|p1a: Maria\n|-damage|p1a: Maria|42\/100\n|move|p1a: Maria|Air Slash|p2a: Dartrix\n|-supereffective|p2a: Dartrix\n|-damage|p2a: Dartrix|18\/100\n|\n|upkeep\n|turn|29\n|\n|t:|1700330821\n|move|p2a: Dartrix|Shadow Sneak|p1a: Maria\n|-damage|p1a: Maria|19\/100\n|move|p1a: Maria|Air Slash|p2a: Dartrix\n|-supereffective|p2a: Dartrix\n|-damage|p2a: Dartrix|0 fnt\n|faint|p2a: Dartrix\n|\n|win|zsennas\n|c| Rentereh|Esse flinch salvou teu jogo\n|c|\u2606zsennas|Demais\n","uploadtime":1700330833,"views":11,"p1id":"zsennas","p2id":"zaynzito","formatid":"gen9nationaldexubers","rating":0,"private":0,"password":""}