{"id":"gen9nationaldexubers-1981711901","p1":"XJohnson","p2":"pokXD","format":"[Gen 9] National Dex Ubers","log":"|j|\u2606XJohnson\n|j|\u2606pokXD\n|t:|1698935778\n|gametype|singles\n|player|p1|XJohnson|mallow|\n|player|p2|pokXD|cynthia-gen7|\n|teamsize|p1|6\n|teamsize|p2|6\n|gen|9\n|tier|[Gen 9] National Dex Ubers\n|rule|HP Percentage Mod: HP is shown in percentages\n|rule|Endless Battle Clause: Forcing endless battles is banned\n|rule|OHKO Clause: OHKO moves are banned\n|rule|Evasion Moves Clause: Evasion moves are banned\n|rule|Evasion Items Clause: Evasion items are banned\n|rule|Species Clause: Limit one of each Pok\u00e9mon\n|rule|Sleep Clause Mod: Limit one foe put to sleep\n|rule|Mega Rayquaza Clause: You cannot mega evolve Rayquaza\n|clearpoke\n|poke|p1|Annihilape, M|\n|poke|p1|Genesect|\n|poke|p1|Dragapult, F|\n|poke|p1|Palafin, M|\n|poke|p1|Darmanitan-Galar, M|\n|poke|p1|Kangaskhan, F|\n|poke|p2|Salamence, F|\n|poke|p2|Rotom-Wash|\n|poke|p2|Dragonite, M|\n|poke|p2|Ferrothorn, M|\n|poke|p2|Baxcalibur, F|\n|poke|p2|Torterra, M|\n|teampreview\n|\n|t:|1698935796\n|start\n|switch|p1a: Gene|Genesect, shiny|100\/100\n|switch|p2a: Ferrothorn|Ferrothorn, M|100\/100\n|-ability|p1a: Gene|Download|boost\n|-boost|p1a: Gene|spa|1\n|turn|1\n|\n|t:|1698935805\n|move|p1a: Gene|Bug Buzz|p2a: Ferrothorn\n|-damage|p2a: Ferrothorn|12\/100\n|move|p2a: Ferrothorn|Spikes|p1a: Gene\n|-sidestart|p1: XJohnson|Spikes\n|\n|-heal|p2a: Ferrothorn|18\/100|[from] item: Leftovers\n|upkeep\n|turn|2\n|\n|t:|1698935814\n|move|p1a: Gene|Bug Buzz|p2a: Ferrothorn\n|-damage|p2a: Ferrothorn|0 fnt\n|faint|p2a: Ferrothorn\n|\n|upkeep\n|\n|t:|1698935827\n|switch|p2a: Rotom|Rotom-Wash|100\/100\n|turn|3\n|\n|t:|1698935831\n|move|p1a: Gene|Bug Buzz|p2a: Rotom\n|-damage|p2a: Rotom|9\/100\n|move|p2a: Rotom|Light Screen|p2a: Rotom\n|-sidestart|p2: pokXD|move: Light Screen\n|\n|upkeep\n|turn|4\n|\n|t:|1698935836\n|move|p1a: Gene|Bug Buzz|p2a: Rotom\n|-damage|p2a: Rotom|0 fnt\n|faint|p2a: Rotom\n|\n|upkeep\n|\n|t:|1698935843\n|switch|p2a: Jetski|Salamence, F|100\/100\n|-ability|p2a: Jetski|Intimidate|boost\n|-unboost|p1a: Gene|atk|1\n|turn|5\n|\n|t:|1698935861\n|switch|p1a: Kangaskhan|Kangaskhan, F|100\/100\n|-damage|p1a: Kangaskhan|88\/100|[from] Spikes\n|detailschange|p2a: Jetski|Salamence-Mega, F\n|-mega|p2a: Jetski|Salamence|Salamencite\n|move|p2a: Jetski|Dragon Dance|p2a: Jetski\n|-boost|p2a: Jetski|atk|1\n|-boost|p2a: Jetski|spe|1\n|\n|upkeep\n|turn|6\n|\n|t:|1698935878\n|detailschange|p1a: Kangaskhan|Kangaskhan-Mega, F\n|-mega|p1a: Kangaskhan|Kangaskhan|Kangaskhanite\n|move|p1a: Kangaskhan|Fake Out|p2a: Jetski\n|-damage|p2a: Jetski|81\/100\n|-damage|p2a: Jetski|76\/100\n|-hitcount|p2a: Jetski|2\n|cant|p2a: Jetski|flinch\n|\n|upkeep\n|turn|7\n|\n|t:|1698935886\n|move|p2a: Jetski|Outrage|p1a: Kangaskhan\n|-damage|p1a: Kangaskhan|16\/100\n|move|p1a: Kangaskhan|Return|p2a: Jetski\n|-damage|p2a: Jetski|33\/100\n|-crit|p2a: Jetski\n|-damage|p2a: Jetski|15\/100\n|-hitcount|p2a: Jetski|2\n|\n|upkeep\n|turn|8\n|\n|t:|1698935895\n|move|p1a: Kangaskhan|Sucker Punch|p2a: Jetski\n|-damage|p2a: Jetski|0 fnt\n|faint|p2a: Jetski\n|-hitcount|p2: Jetski|1\n|\n|upkeep\n|c|\u2606XJohnson|My mega is simply better\n|\n|t:|1698935908\n|switch|p2a: Big dawg|Torterra, M|100\/100\n|turn|9\n|\n|t:|1698935912\n|move|p1a: Kangaskhan|Wish|p1a: Kangaskhan\n|move|p2a: Big dawg|Shell Smash|p2a: Big dawg\n|-unboost|p2a: Big dawg|def|1\n|-unboost|p2a: Big dawg|spd|1\n|-boost|p2a: Big dawg|atk|2\n|-boost|p2a: Big dawg|spa|2\n|-boost|p2a: Big dawg|spe|2\n|-enditem|p2a: Big dawg|White Herb\n|-clearnegativeboost|p2a: Big dawg|[silent]\n|\n|upkeep\n|turn|10\n|\n|t:|1698935934\n|move|p1a: Kangaskhan|Sucker Punch||[still]\n|-fail|p1a: Kangaskhan\n|move|p2a: Big dawg|Leech Seed|p1a: Kangaskhan\n|-start|p1a: Kangaskhan|move: Leech Seed\n|\n|-heal|p1a: Kangaskhan|66\/100|[from] move: Wish|[wisher] Kangaskhan\n|-damage|p1a: Kangaskhan|53\/100|[from] Leech Seed|[of] p2a: Big dawg\n|-sideend|p2: pokXD|move: Light Screen\n|upkeep\n|turn|11\n|\n|t:|1698935944\n|move|p2a: Big dawg|Shell Smash|p2a: Big dawg\n|-unboost|p2a: Big dawg|def|1\n|-unboost|p2a: Big dawg|spd|1\n|-boost|p2a: Big dawg|atk|2\n|-boost|p2a: Big dawg|spa|2\n|-boost|p2a: Big dawg|spe|2\n|move|p1a: Kangaskhan|Return|p2a: Big dawg\n|-damage|p2a: Big dawg|31\/100\n|-crit|p2a: Big dawg\n|-damage|p2a: Big dawg|5\/100\n|-hitcount|p2a: Big dawg|2\n|\n|-damage|p1a: Kangaskhan|41\/100|[from] Leech Seed|[of] p2a: Big dawg\n|-heal|p2a: Big dawg|18\/100|[silent]\n|upkeep\n|turn|12\n|\n|t:|1698935958\n|move|p1a: Kangaskhan|Sucker Punch|p2a: Big dawg\n|-damage|p2a: Big dawg|0 fnt\n|faint|p2a: Big dawg\n|-hitcount|p2: Big dawg|1\n|\n|upkeep\n|\n|t:|1698935969\n|switch|p2a: Gojira|Baxcalibur, F|100\/100\n|turn|13\n|\n|t:|1698935990\n|switch|p1a: Gene|Genesect, shiny|100\/100\n|-damage|p1a: Gene|88\/100|[from] Spikes\n|-ability|p1a: Gene|Download|boost\n|-boost|p1a: Gene|spa|1\n|move|p2a: Gojira|Dragon Dance|p2a: Gojira\n|-boost|p2a: Gojira|atk|1\n|-boost|p2a: Gojira|spe|1\n|\n|upkeep\n|turn|14\n|\n|t:|1698936006\n|move|p1a: Gene|Flash Cannon|p2a: Gojira\n|-supereffective|p2a: Gojira\n|-damage|p2a: Gojira|0 fnt\n|faint|p2a: Gojira\n|\n|upkeep\n|\n|t:|1698936011\n|switch|p2a: Cringe|Dragonite, M|100\/100\n|turn|15\n|\n|t:|1698936017\n|move|p1a: Gene|Flash Cannon|p2a: Cringe\n|-damage|p2a: Cringe|60\/100\n|move|p2a: Cringe|Dragon Dance|p2a: Cringe\n|-boost|p2a: Cringe|atk|1\n|-boost|p2a: Cringe|spe|1\n|\n|-heal|p2a: Cringe|67\/100|[from] item: Leftovers\n|upkeep\n|turn|16\n|\n|t:|1698936032\n|move|p1a: Gene|Flash Cannon|p2a: Cringe\n|-damage|p2a: Cringe|0 fnt\n|faint|p2a: Cringe\n|\n|win|XJohnson\n","uploadtime":1698936037,"views":8,"p1id":"xjohnson","p2id":"pokxd","formatid":"gen9nationaldexubers","rating":0,"private":0,"password":""}