{"id":"gen9nationaldexubers-1978099412","p1":"psychictrainerario","p2":"85792195wwww","format":"[Gen 9] National Dex Ubers","log":"|j|\u2606psychictrainerario\n|j|\u260685792195wwww\n|t:|1698499183\n|gametype|singles\n|player|p1|psychictrainerario|psychic-gen4|1518\n|player|p2|85792195wwww|lady|1825\n|teamsize|p1|6\n|teamsize|p2|6\n|gen|9\n|tier|[Gen 9] National Dex Ubers\n|rated|\n|rule|HP Percentage Mod: HP is shown in percentages\n|rule|Endless Battle Clause: Forcing endless battles is banned\n|rule|OHKO Clause: OHKO moves are banned\n|rule|Evasion Moves Clause: Evasion moves are banned\n|rule|Evasion Items Clause: Evasion items are banned\n|rule|Species Clause: Limit one of each Pok\u00e9mon\n|rule|Sleep Clause Mod: Limit one foe put to sleep\n|rule|Mega Rayquaza Clause: You cannot mega evolve Rayquaza\n|clearpoke\n|poke|p1|Chi-Yu|\n|poke|p1|Dondozo, M|\n|poke|p1|Metagross|\n|poke|p1|Baxcalibur, M|\n|poke|p1|Breloom, F|\n|poke|p1|Zygarde|\n|poke|p2|Calyrex-Ice|\n|poke|p2|Groudon|\n|poke|p2|Krookodile, M|\n|poke|p2|Xerneas-*|\n|poke|p2|Zacian-*|\n|poke|p2|Arceus|\n|teampreview\n|\n|t:|1698499190\n|start\n|switch|p1a: Brooml|Breloom, F|100\/100\n|switch|p2a: Krookodile|Krookodile, M|100\/100\n|-ability|p2a: Krookodile|Intimidate|boost\n|-unboost|p1a: Brooml|atk|1\n|turn|1\n|\n|t:|1698499198\n|move|p2a: Krookodile|Taunt|p1a: Brooml\n|-start|p1a: Brooml|move: Taunt\n|move|p1a: Brooml|Bullet Seed|p2a: Krookodile\n|-supereffective|p2a: Krookodile\n|-damage|p2a: Krookodile|68\/100\n|-supereffective|p2a: Krookodile\n|-damage|p2a: Krookodile|38\/100\n|-supereffective|p2a: Krookodile\n|-damage|p2a: Krookodile|9\/100\n|-supereffective|p2a: Krookodile\n|-damage|p2a: Krookodile|0 fnt\n|faint|p2a: Krookodile\n|-hitcount|p2: Krookodile|4\n|\n|upkeep\n|\n|t:|1698499215\n|switch|p2a: Xerneas|Xerneas|100\/100\n|-ability|p2a: Xerneas|Fairy Aura\n|turn|2\n|\n|t:|1698499226\n|move|p1a: Brooml|Bullet Seed|p2a: Xerneas\n|-damage|p2a: Xerneas|90\/100\n|-crit|p2a: Xerneas\n|-damage|p2a: Xerneas|69\/100\n|-damage|p2a: Xerneas|59\/100\n|-damage|p2a: Xerneas|49\/100\n|-hitcount|p2a: Xerneas|4\n|move|p2a: Xerneas|Moonblast|p1a: Brooml\n|-supereffective|p1a: Brooml\n|-enditem|p1a: Brooml|Focus Sash\n|-damage|p1a: Brooml|1\/100\n|\n|upkeep\n|turn|3\n|\n|t:|1698499239\n|switch|p2a: Zacian|Zacian-Crowned|100\/100\n|-ability|p2a: Zacian|Intrepid Sword|boost\n|-boost|p2a: Zacian|atk|1\n|move|p1a: Brooml|Bullet Seed|p2a: Zacian\n|-resisted|p2a: Zacian\n|-damage|p2a: Zacian|95\/100\n|-resisted|p2a: Zacian\n|-damage|p2a: Zacian|89\/100\n|-hitcount|p2a: Zacian|2\n|\n|-end|p1a: Brooml|move: Taunt\n|upkeep\n|turn|4\n|\n|t:|1698499270\n|move|p1a: Brooml|Mach Punch|p2a: Zacian\n|-damage|p2a: Zacian|68\/100\n|move|p2a: Zacian|Wild Charge|p1a: Brooml\n|-resisted|p1a: Brooml\n|-damage|p1a: Brooml|0 fnt\n|faint|p1a: Brooml\n|-damage|p2a: Zacian|68\/100|[from] Recoil\n|\n|upkeep\n|\n|t:|1698499274\n|switch|p1a: Metagross|Metagross, shiny|100\/100\n|turn|5\n|\n|t:|1698499285\n|detailschange|p1a: Metagross|Metagross-Mega, shiny\n|-mega|p1a: Metagross|Metagross|Metagrossite\n|move|p2a: Zacian|Close Combat|p1a: Metagross\n|-damage|p1a: Metagross|47\/100\n|-unboost|p2a: Zacian|def|1\n|-unboost|p2a: Zacian|spd|1\n|move|p1a: Metagross|Power-Up Punch|p2a: Zacian\n|-damage|p2a: Zacian|40\/100\n|-boost|p1a: Metagross|atk|1\n|\n|upkeep\n|turn|6\n|\n|t:|1698499296\n|move|p1a: Metagross|Bullet Punch|p2a: Zacian\n|-damage|p2a: Zacian|0 fnt\n|faint|p2a: Zacian\n|\n|upkeep\n|\n|t:|1698499311\n|switch|p2a: Groudon|Groudon|100\/100\n|detailschange|p2a: Groudon|Groudon-Primal\n|-primal|p2a: Groudon|Red Orb\n|-weather|DesolateLand|[from] ability: Desolate Land|[of] p2a: Groudon\n|turn|7\n|\n|t:|1698499317\n|move|p1a: Metagross|Zen Headbutt|p2a: Groudon\n|-damage|p2a: Groudon|47\/100\n|move|p2a: Groudon|Heat Crash|p1a: Metagross\n|-supereffective|p1a: Metagross\n|-damage|p1a: Metagross|0 fnt\n|faint|p1a: Metagross\n|\n|-weather|DesolateLand|[upkeep]\n|upkeep\n|\n|t:|1698499331\n|switch|p1a: This is a dinosaur|Baxcalibur, M|100\/100\n|turn|8\n|\n|t:|1698499336\n|move|p1a: This is a dinosaur|Scale Shot|p2a: Groudon\n|-damage|p2a: Groudon|38\/100\n|-damage|p2a: Groudon|29\/100\n|-damage|p2a: Groudon|21\/100\n|-damage|p2a: Groudon|13\/100\n|-damage|p2a: Groudon|4\/100\n|-hitcount|p2a: Groudon|5\n|-unboost|p1a: This is a dinosaur|def|1\n|-boost|p1a: This is a dinosaur|spe|1\n|move|p2a: Groudon|Heat Crash|p1a: This is a dinosaur\n|-damage|p1a: This is a dinosaur|0 fnt\n|faint|p1a: This is a dinosaur\n|\n|-weather|DesolateLand|[upkeep]\n|upkeep\n|j| gamin'extreme\n|\n|t:|1698499346\n|switch|p1a: Remilia Scarlet|Chi-Yu|100\/100\n|-ability|p1a: Remilia Scarlet|Beads of Ruin\n|turn|9\n|\n|t:|1698499355\n|move|p1a: Remilia Scarlet|Dark Pulse|p2a: Groudon\n|-crit|p2a: Groudon\n|-damage|p2a: Groudon|0 fnt\n|faint|p2a: Groudon\n|-weather|none\n|\n|upkeep\n|l| gamin'extreme\n|\n|t:|1698499362\n|switch|p2a: Arceus|Arceus|100\/100\n|turn|10\n|\n|t:|1698499385\n|-terastallize|p1a: Remilia Scarlet|Flying\n|move|p2a: Arceus|Earthquake|p1a: Remilia Scarlet\n|-immune|p1a: Remilia Scarlet\n|move|p1a: Remilia Scarlet|Nasty Plot|p1a: Remilia Scarlet\n|-boost|p1a: Remilia Scarlet|spa|2\n|\n|upkeep\n|turn|11\n|\n|t:|1698499394\n|-terastallize|p2a: Arceus|Normal\n|move|p2a: Arceus|Extreme Speed|p1a: Remilia Scarlet\n|-damage|p1a: Remilia Scarlet|0 fnt\n|faint|p1a: Remilia Scarlet\n|-damage|p2a: Arceus|91\/100|[from] item: Life Orb\n|\n|upkeep\n|\n|t:|1698499409\n|switch|p1a: Resident Evil ahh|Zygarde|100\/100\n|turn|12\n|\n|t:|1698499412\n|move|p2a: Arceus|Taunt|p1a: Resident Evil ahh\n|-start|p1a: Resident Evil ahh|move: Taunt\n|cant|p1a: Resident Evil ahh|move: Taunt|Glare\n|\n|upkeep\n|turn|13\n|\n|t:|1698499418\n|switch|p2a: Calyrex|Calyrex-Ice|100\/100\n|-ability|p2a: Calyrex|As One\n|-ability|p2a: Calyrex|Unnerve\n|switch|p1a: Dondozo|Dondozo, M|100\/100\n|\n|upkeep\n|turn|14\n|\n|t:|1698499433\n|switch|p2a: Xerneas|Xerneas|49\/100\n|-ability|p2a: Xerneas|Fairy Aura\n|move|p1a: Dondozo|Curse|p1a: Dondozo\n|-unboost|p1a: Dondozo|spe|1\n|-boost|p1a: Dondozo|atk|1\n|-boost|p1a: Dondozo|def|1\n|\n|upkeep\n|turn|15\n|\n|t:|1698499443\n|move|p2a: Xerneas|Moonblast|p1a: Dondozo\n|-crit|p1a: Dondozo\n|-damage|p1a: Dondozo|0 fnt\n|faint|p1a: Dondozo\n|\n|upkeep\n|\n|t:|1698499445\n|switch|p1a: Resident Evil ahh|Zygarde|100\/100\n|turn|16\n|\n|t:|1698499451\n|move|p2a: Xerneas|Moonblast|p1a: Resident Evil ahh\n|-supereffective|p1a: Resident Evil ahh\n|-damage|p1a: Resident Evil ahh|0 fnt\n|faint|p1a: Resident Evil ahh\n|\n|win|85792195wwww\n|raw|psychictrainerario's rating: 1518 &rarr; <strong>1512<\/strong><br \/>(-6 for losing)\n|raw|85792195wwww's rating: 1825 &rarr; <strong>1831<\/strong><br \/>(+6 for winning)\n|l|\u2606psychictrainerario\n","uploadtime":1698499457,"views":8,"p1id":"psychictrainerario","p2id":"85792195wwww","formatid":"gen9nationaldexubers","rating":1512,"private":0,"password":""}