{"id":"gen9nationaldexubers-1989608339","p1":"alejh","p2":"ILoveJ","format":"[Gen 9] National Dex Ubers","log":"|j|\u2606alejh\n|j|\u2606ILoveJ\n|t:|1699878264\n|gametype|singles\n|player|p1|alejh|maid|1166\n|player|p2|ILoveJ|lyra|1111\n|teamsize|p1|6\n|teamsize|p2|6\n|gen|9\n|tier|[Gen 9] National Dex Ubers\n|rated|\n|rule|HP Percentage Mod: HP is shown in percentages\n|rule|Endless Battle Clause: Forcing endless battles is banned\n|rule|OHKO Clause: OHKO moves are banned\n|rule|Evasion Moves Clause: Evasion moves are banned\n|rule|Evasion Items Clause: Evasion items are banned\n|rule|Species Clause: Limit one of each Pok\u00e9mon\n|rule|Sleep Clause Mod: Limit one foe put to sleep\n|rule|Mega Rayquaza Clause: You cannot mega evolve Rayquaza\n|clearpoke\n|poke|p1|Cyclizar, F|\n|poke|p1|Mimikyu, F|\n|poke|p1|Ambipom, M|\n|poke|p1|Kangaskhan, F|\n|poke|p1|Shaymin-Sky|\n|poke|p1|Ribombee, M|\n|poke|p2|Kangaskhan, F|\n|poke|p2|Marshadow|\n|poke|p2|Lugia|\n|poke|p2|Masquerain, F|\n|poke|p2|Serperior, F|\n|poke|p2|Morpeko, M|\n|teampreview\n|inactive|Battle timer is ON: inactive players will automatically lose when time's up. (requested by ILoveJ)\n|\n|t:|1699878273\n|start\n|switch|p1a: Ribombee|Ribombee, M|100\/100\n|switch|p2a: Masquerain|Masquerain, F|100\/100\n|-ability|p2a: Masquerain|Intimidate|boost\n|-unboost|p1a: Ribombee|atk|1\n|turn|1\n|\n|t:|1699878280\n|move|p1a: Ribombee|Sticky Web|p2a: Masquerain\n|-sidestart|p2: ILoveJ|move: Sticky Web\n|move|p2a: Masquerain|String Shot|p1a: Ribombee\n|-unboost|p1a: Ribombee|spe|2\n|\n|upkeep\n|turn|2\n|\n|t:|1699878286\n|move|p2a: Masquerain|Sticky Web|p1a: Ribombee\n|-sidestart|p1: alejh|move: Sticky Web\n|move|p1a: Ribombee|U-turn|p2a: Masquerain\n|-resisted|p2a: Masquerain\n|-damage|p2a: Masquerain|94\/100\n|\n|t:|1699878294\n|switch|p1a: Cyclizar|Cyclizar, F|100\/100|[from] U-turn\n|-activate|p1a: Cyclizar|move: Sticky Web\n|-unboost|p1a: Cyclizar|spe|1\n|\n|upkeep\n|turn|3\n|\n|t:|1699878299\n|move|p2a: Masquerain|String Shot|p1a: Cyclizar\n|-unboost|p1a: Cyclizar|spe|2\n|move|p1a: Cyclizar|Shed Tail|p1a: Cyclizar\n|-start|p1a: Cyclizar|Substitute|[from] move: Shed Tail\n|-damage|p1a: Cyclizar|50\/100\n|\n|t:|1699878306\n|switch|p1a: Shaymin|Shaymin-Sky|100\/100|[from] Shed Tail\n|\n|upkeep\n|turn|4\n|\n|t:|1699878311\n|move|p2a: Masquerain|Aqua Jet|p1a: Shaymin\n|-resisted|p1a: Shaymin\n|-activate|p1a: Shaymin|move: Substitute|[damage]\n|move|p1a: Shaymin|Air Slash|p2a: Masquerain|[miss]\n|-miss|p1a: Shaymin|p2a: Masquerain\n|\n|upkeep\n|turn|5\n|\n|t:|1699878318\n|move|p2a: Masquerain|Aqua Jet|p1a: Shaymin\n|-resisted|p1a: Shaymin\n|-activate|p1a: Shaymin|move: Substitute|[damage]\n|move|p1a: Shaymin|Air Slash|p2a: Masquerain\n|-supereffective|p2a: Masquerain\n|-damage|p2a: Masquerain|12\/100\n|\n|upkeep\n|turn|6\n|\n|t:|1699878325\n|move|p2a: Masquerain|Aqua Jet|p1a: Shaymin\n|-resisted|p1a: Shaymin\n|-activate|p1a: Shaymin|move: Substitute|[damage]\n|move|p1a: Shaymin|Air Slash|p2a: Masquerain\n|-supereffective|p2a: Masquerain\n|-damage|p2a: Masquerain|0 fnt\n|faint|p2a: Masquerain\n|\n|upkeep\n|\n|t:|1699878331\n|switch|p2a: Serperior|Serperior, F|100\/100\n|-activate|p2a: Serperior|move: Sticky Web\n|-boost|p2a: Serperior|spe|1\n|turn|7\n|\n|t:|1699878337\n|move|p2a: Serperior|Dragon Pulse|p1a: Shaymin\n|-end|p1a: Shaymin|Substitute\n|move|p1a: Shaymin|Air Slash|p2a: Serperior\n|-supereffective|p2a: Serperior\n|-crit|p2a: Serperior\n|-damage|p2a: Serperior|0 fnt\n|faint|p2a: Serperior\n|\n|upkeep\n|\n|t:|1699878340\n|switch|p2a: Morpeko|Morpeko, M|100\/100\n|-activate|p2a: Morpeko|move: Sticky Web\n|-unboost|p2a: Morpeko|spe|1\n|turn|8\n|\n|t:|1699878348\n|move|p2a: Morpeko|Fake Out|p1a: Shaymin\n|-damage|p1a: Shaymin|87\/100\n|cant|p1a: Shaymin|flinch\n|\n|-formechange|p2a: Morpeko|Morpeko-Hangry||[from] ability: Hunger Switch\n|upkeep\n|turn|9\n|\n|t:|1699878355\n|move|p1a: Shaymin|Substitute|p1a: Shaymin\n|-start|p1a: Shaymin|Substitute\n|-damage|p1a: Shaymin|62\/100\n|move|p2a: Morpeko|Rapid Spin|p1a: Shaymin\n|-activate|p1a: Shaymin|move: Substitute|[damage]\n|-sideend|p2: ILoveJ|Sticky Web|[from] move: Rapid Spin|[of] p2a: Morpeko\n|-boost|p2a: Morpeko|spe|1\n|\n|-formechange|p2a: Morpeko|Morpeko||[from] ability: Hunger Switch\n|upkeep\n|turn|10\n|\n|t:|1699878364\n|move|p1a: Shaymin|Leech Seed|p2a: Morpeko\n|-start|p2a: Morpeko|move: Leech Seed\n|move|p2a: Morpeko|Aura Wheel|p1a: Shaymin\n|-end|p1a: Shaymin|Substitute\n|-boost|p2a: Morpeko|spe|1\n|\n|-damage|p2a: Morpeko|88\/100|[from] Leech Seed|[of] p1a: Shaymin\n|-heal|p1a: Shaymin|72\/100|[silent]\n|-formechange|p2a: Morpeko|Morpeko-Hangry||[from] ability: Hunger Switch\n|upkeep\n|turn|11\n|\n|t:|1699878378\n|move|p2a: Morpeko|Aura Wheel|p1a: Shaymin\n|-damage|p1a: Shaymin|12\/100\n|-boost|p2a: Morpeko|spe|1\n|move|p1a: Shaymin|Seed Flare|p2a: Morpeko\n|-damage|p2a: Morpeko|13\/100\n|-unboost|p2a: Morpeko|spd|2\n|\n|-damage|p2a: Morpeko|0 fnt|[from] Leech Seed|[of] p1a: Shaymin\n|-heal|p1a: Shaymin|21\/100|[silent]\n|faint|p2a: Morpeko\n|upkeep\n|\n|t:|1699878386\n|switch|p2a: Marshadow|Marshadow|100\/100\n|turn|12\n|\n|t:|1699878393\n|move|p2a: Marshadow|Shadow Sneak|p1a: Shaymin\n|-damage|p1a: Shaymin|0 fnt\n|faint|p1a: Shaymin\n|\n|upkeep\n|\n|t:|1699878398\n|switch|p1a: Ribombee|Ribombee, M|100\/100\n|-activate|p1a: Ribombee|move: Sticky Web\n|-unboost|p1a: Ribombee|spe|1\n|turn|13\n|\n|t:|1699878404\n|move|p2a: Marshadow|Ice Punch|p1a: Ribombee\n|-damage|p1a: Ribombee|53\/100\n|move|p1a: Ribombee|Sticky Web|p2a: Marshadow\n|-sidestart|p2: ILoveJ|move: Sticky Web\n|\n|upkeep\n|turn|14\n|\n|t:|1699878410\n|move|p2a: Marshadow|Ice Punch|p1a: Ribombee\n|-crit|p1a: Ribombee\n|-damage|p1a: Ribombee|0 fnt\n|faint|p1a: Ribombee\n|\n|upkeep\n|\n|t:|1699878421\n|switch|p1a: Mimikyu|Mimikyu, F|100\/100\n|-activate|p1a: Mimikyu|move: Sticky Web\n|-unboost|p1a: Mimikyu|spe|1\n|turn|15\n|\n|t:|1699878434\n|move|p2a: Marshadow|Ice Punch|p1a: Mimikyu\n|-activate|p1a: Mimikyu|ability: Disguise\n|-damage|p1a: Mimikyu|100\/100\n|detailschange|p1a: Mimikyu|Mimikyu-Busted, F\n|-damage|p1a: Mimikyu|88\/100|[from] pokemon: Mimikyu-Busted\n|move|p1a: Mimikyu|Swords Dance|p1a: Mimikyu\n|-boost|p1a: Mimikyu|atk|2\n|\n|-heal|p1a: Mimikyu|94\/100|[from] item: Leftovers\n|upkeep\n|turn|16\n|\n|t:|1699878445\n|-terastallize|p1a: Mimikyu|Ghost\n|move|p1a: Mimikyu|Shadow Sneak|p2a: Marshadow\n|-supereffective|p2a: Marshadow\n|-enditem|p2a: Marshadow|Focus Sash\n|-damage|p2a: Marshadow|1\/100\n|move|p2a: Marshadow|Spectral Thief||[still]\n|-clearpositiveboost|p1a: Mimikyu|p2a: Marshadow|move: Spectral Thief\n|-boost|p2a: Marshadow|atk|2\n|-anim|p2a: Marshadow|Spectral Thief|p1a: Mimikyu\n|-supereffective|p1a: Mimikyu\n|-damage|p1a: Mimikyu|0 fnt\n|faint|p1a: Mimikyu\n|\n|upkeep\n|\n|t:|1699878460\n|switch|p1a: Cyclizar|Cyclizar, F|83\/100\n|-activate|p1a: Cyclizar|move: Sticky Web\n|-unboost|p1a: Cyclizar|spe|1\n|turn|17\n|\n|t:|1699878466\n|move|p2a: Marshadow|Drain Punch|p1a: Cyclizar\n|-supereffective|p1a: Cyclizar\n|-damage|p1a: Cyclizar|0 fnt\n|-heal|p2a: Marshadow|37\/100|[from] drain|[of] p1a: Cyclizar\n|faint|p1a: Cyclizar\n|\n|upkeep\n|-message|alejh forfeited.\n|\n|win|ILoveJ\n|raw|alejh's rating: 1166 &rarr; <strong>1137<\/strong><br \/>(-29 for losing)\n|raw|ILoveJ's rating: 1111 &rarr; <strong>1140<\/strong><br \/>(+29 for winning)\n|l|\u2606alejh\n","uploadtime":1699878478,"views":9,"p1id":"alejh","p2id":"ilovej","formatid":"gen9nationaldexubers","rating":1137,"private":0,"password":""}