{"id":"gen9nationaldexubers-1981589846","p1":"SXNINJA03","p2":"RadicalKoala","format":"[Gen 9] National Dex Ubers","log":"|j|\u2606SXNINJA03\n|j|\u2606RadicalKoala\n|t:|1698922973\n|gametype|singles\n|player|p1|SXNINJA03|266|1283\n|player|p2|RadicalKoala|pokemaniac|1342\n|teamsize|p1|6\n|teamsize|p2|6\n|gen|9\n|tier|[Gen 9] National Dex Ubers\n|rated|\n|rule|HP Percentage Mod: HP is shown in percentages\n|rule|Endless Battle Clause: Forcing endless battles is banned\n|rule|OHKO Clause: OHKO moves are banned\n|rule|Evasion Moves Clause: Evasion moves are banned\n|rule|Evasion Items Clause: Evasion items are banned\n|rule|Species Clause: Limit one of each Pok\u00e9mon\n|rule|Sleep Clause Mod: Limit one foe put to sleep\n|rule|Mega Rayquaza Clause: You cannot mega evolve Rayquaza\n|clearpoke\n|poke|p1|Lunala|\n|poke|p1|Groudon|\n|poke|p1|Annihilape, F|\n|poke|p1|Naganadel|\n|poke|p1|Genesect|\n|poke|p1|Yveltal|\n|poke|p2|Arceus-Fairy|\n|poke|p2|Ogerpon-Hearthflame, F|\n|poke|p2|Kingambit, F|\n|poke|p2|Necrozma-Dusk-Mane|\n|poke|p2|Yveltal|\n|poke|p2|Salamence, M|\n|teampreview\n|inactive|Battle timer is ON: inactive players will automatically lose when time's up. (requested by SXNINJA03)\n|\n|t:|1698922989\n|start\n|switch|p1a: Yveltal|Yveltal, shiny|100\/100\n|switch|p2a: Necrozma|Necrozma-Dusk-Mane|100\/100\n|-ability|p1a: Yveltal|Dark Aura\n|turn|1\n|\n|t:|1698923004\n|move|p1a: Yveltal|Dark Pulse|p2a: Necrozma\n|-supereffective|p2a: Necrozma\n|-damage|p2a: Necrozma|49\/100\n|move|p2a: Necrozma|Knock Off|p1a: Yveltal\n|-resisted|p1a: Yveltal\n|-damage|p1a: Yveltal|78\/100\n|-enditem|p1a: Yveltal|Heavy-Duty Boots|[from] move: Knock Off|[of] p2a: Necrozma\n|\n|-heal|p2a: Necrozma|55\/100|[from] item: Leftovers\n|upkeep\n|turn|2\n|\n|t:|1698923014\n|move|p1a: Yveltal|Dark Pulse|p2a: Necrozma\n|-supereffective|p2a: Necrozma\n|-damage|p2a: Necrozma|0 fnt\n|faint|p2a: Necrozma\n|\n|upkeep\n|\n|t:|1698923020\n|switch|p2a: Arceus|Arceus-Fairy|100\/100\n|turn|3\n|\n|t:|1698923026\n|-terastallize|p1a: Yveltal|Steel\n|move|p2a: Arceus|Judgment|p1a: Yveltal\n|-resisted|p1a: Yveltal\n|-damage|p1a: Yveltal|60\/100\n|move|p1a: Yveltal|Toxic|p2a: Arceus|[miss]\n|-miss|p1a: Yveltal|p2a: Arceus\n|\n|upkeep\n|turn|4\n|\n|t:|1698923033\n|move|p2a: Arceus|Earth Power|p1a: Yveltal\n|-supereffective|p1a: Yveltal\n|-damage|p1a: Yveltal|27\/100\n|move|p1a: Yveltal|Toxic|p2a: Arceus\n|-status|p2a: Arceus|tox\n|\n|-damage|p2a: Arceus|94\/100 tox|[from] psn\n|upkeep\n|turn|5\n|\n|t:|1698923041\n|move|p1a: Yveltal|Protect|p1a: Yveltal\n|-singleturn|p1a: Yveltal|Protect\n|move|p2a: Arceus|Earth Power|p1a: Yveltal\n|-activate|p1a: Yveltal|move: Protect\n|\n|-damage|p2a: Arceus|82\/100 tox|[from] psn\n|upkeep\n|turn|6\n|\n|t:|1698923051\n|switch|p1a: Annihilape|Annihilape, F|100\/100\n|move|p2a: Arceus|Calm Mind|p2a: Arceus\n|-boost|p2a: Arceus|spa|1\n|-boost|p2a: Arceus|spd|1\n|\n|-damage|p2a: Arceus|64\/100 tox|[from] psn\n|upkeep\n|turn|7\n|\n|t:|1698923059\n|switch|p1a: Yveltal|Yveltal, shiny, tera:Steel|27\/100\n|-ability|p1a: Yveltal|Dark Aura\n|move|p2a: Arceus|Judgment|p1a: Yveltal\n|-resisted|p1a: Yveltal\n|-damage|p1a: Yveltal|2\/100\n|\n|-damage|p2a: Arceus|40\/100 tox|[from] psn\n|upkeep\n|turn|8\n|\n|t:|1698923068\n|move|p1a: Yveltal|Protect|p1a: Yveltal\n|-singleturn|p1a: Yveltal|Protect\n|move|p2a: Arceus|Agility|p2a: Arceus\n|-boost|p2a: Arceus|spe|2\n|\n|-damage|p2a: Arceus|10\/100 tox|[from] psn\n|upkeep\n|turn|9\n|\n|t:|1698923080\n|switch|p1a: Annihilape|Annihilape, F|100\/100\n|move|p2a: Arceus|Judgment|p1a: Annihilape\n|-supereffective|p1a: Annihilape\n|-damage|p1a: Annihilape|0 fnt\n|faint|p1a: Annihilape\n|\n|-damage|p2a: Arceus|0 fnt|[from] psn\n|faint|p2a: Arceus\n|upkeep\n|\n|t:|1698923089\n|switch|p2a: Ogerpon|Ogerpon-Hearthflame, F|100\/100\n|switch|p1a: Yveltal|Yveltal, shiny, tera:Steel|2\/100\n|-ability|p2a: Ogerpon|Mold Breaker\n|-ability|p1a: Yveltal|Dark Aura\n|turn|10\n|\n|t:|1698923096\n|move|p2a: Ogerpon|Trailblaze|p1a: Yveltal\n|-resisted|p1a: Yveltal\n|-crit|p1a: Yveltal\n|-damage|p1a: Yveltal|0 fnt\n|-boost|p2a: Ogerpon|spe|1\n|faint|p1a: Yveltal\n|\n|upkeep\n|\n|t:|1698923108\n|switch|p1a: Lunala|Lunala, shiny|100\/100\n|turn|11\n|\n|t:|1698923120\n|switch|p2a: Yveltal|Yveltal|100\/100\n|-ability|p2a: Yveltal|Dark Aura\n|-zpower|p1a: Lunala\n|move|p1a: Lunala|Menacing Moonraze Maelstrom|p2a: Yveltal|[zeffect]\n|-resisted|p2a: Yveltal\n|-damage|p2a: Yveltal|72\/100\n|\n|upkeep\n|turn|12\n|\n|t:|1698923134\n|move|p1a: Lunala|Moonblast|p2a: Yveltal\n|-supereffective|p2a: Yveltal\n|-damage|p2a: Yveltal|32\/100\n|move|p2a: Yveltal|Knock Off|p1a: Lunala\n|-supereffective|p1a: Lunala\n|-damage|p1a: Lunala|28\/100\n|\n|upkeep\n|turn|13\n|\n|t:|1698923148\n|move|p1a: Lunala|Moonblast|p2a: Yveltal\n|-supereffective|p2a: Yveltal\n|-damage|p2a: Yveltal|0 fnt\n|faint|p2a: Yveltal\n|\n|upkeep\n|\n|t:|1698923149\n|switch|p2a: Kingambit|Kingambit, F|100\/100\n|-activate|p2a: Kingambit|ability: Supreme Overlord\n|-start|p2a: Kingambit|fallen3|[silent]\n|turn|14\n|\n|t:|1698923156\n|move|p1a: Lunala|Moonblast|p2a: Kingambit\n|-damage|p2a: Kingambit|68\/100\n|move|p2a: Kingambit|Kowtow Cleave|p1a: Lunala\n|-supereffective|p1a: Lunala\n|-damage|p1a: Lunala|0 fnt\n|faint|p1a: Lunala\n|\n|upkeep\n|\n|t:|1698923168\n|switch|p1a: Genesect|Genesect, shiny|100\/100\n|-ability|p1a: Genesect|Download|boost\n|-boost|p1a: Genesect|spa|1\n|turn|15\n|\n|t:|1698923182\n|move|p2a: Kingambit|Sucker Punch|p1a: Genesect\n|-damage|p1a: Genesect|34\/100\n|move|p1a: Genesect|Flamethrower|p2a: Kingambit\n|-supereffective|p2a: Kingambit\n|-damage|p2a: Kingambit|0 fnt\n|faint|p2a: Kingambit\n|-end|p2a: Kingambit|fallen3|[silent]\n|\n|upkeep\n|\n|t:|1698923186\n|switch|p2a: Ogerpon|Ogerpon-Hearthflame, F|100\/100\n|-ability|p2a: Ogerpon|Mold Breaker\n|turn|16\n|\n|t:|1698923198\n|move|p2a: Ogerpon|Ivy Cudgel|p1a: Genesect\n|-supereffective|p1a: Genesect\n|-crit|p1a: Genesect\n|-damage|p1a: Genesect|0 fnt\n|faint|p1a: Genesect\n|\n|upkeep\n|\n|t:|1698923204\n|switch|p1a: Naganadel|Naganadel, shiny|100\/100\n|turn|17\n|\n|t:|1698923215\n|-terastallize|p2a: Ogerpon|Fire\n|detailschange|p2a: Ogerpon|Ogerpon-Hearthflame-Tera, F, tera:Fire\n|-ability|p2a: Ogerpon|Embody Aspect (Hearthflame)|boost\n|-boost|p2a: Ogerpon|atk|1\n|move|p1a: Naganadel|Nasty Plot|p1a: Naganadel\n|-boost|p1a: Naganadel|spa|2\n|move|p2a: Ogerpon|Trailblaze|p1a: Naganadel\n|-resisted|p1a: Naganadel\n|-damage|p1a: Naganadel|82\/100\n|-boost|p2a: Ogerpon|spe|1\n|\n|upkeep\n|turn|18\n|\n|t:|1698923226\n|move|p2a: Ogerpon|Ivy Cudgel|p1a: Naganadel\n|-resisted|p1a: Naganadel\n|-damage|p1a: Naganadel|0 fnt\n|faint|p1a: Naganadel\n|\n|upkeep\n|\n|t:|1698923231\n|switch|p1a: Groudon|Groudon, shiny|100\/100\n|detailschange|p1a: Groudon|Groudon-Primal, shiny\n|-primal|p1a: Groudon|Red Orb\n|-weather|DesolateLand|[from] ability: Desolate Land|[of] p1a: Groudon\n|turn|19\n|\n|t:|1698923236\n|move|p2a: Ogerpon|Ivy Cudgel|p1a: Groudon\n|-resisted|p1a: Groudon\n|-damage|p1a: Groudon|48\/100\n|move|p1a: Groudon|Bulk Up|p1a: Groudon\n|-boost|p1a: Groudon|atk|1\n|-boost|p1a: Groudon|def|1\n|\n|-weather|DesolateLand|[upkeep]\n|upkeep\n|turn|20\n|\n|t:|1698923245\n|move|p2a: Ogerpon|Ivy Cudgel|p1a: Groudon\n|-resisted|p1a: Groudon\n|-damage|p1a: Groudon|14\/100\n|move|p1a: Groudon|Precipice Blades|p2a: Ogerpon\n|-supereffective|p2a: Ogerpon\n|-damage|p2a: Ogerpon|0 fnt\n|faint|p2a: Ogerpon\n|\n|-weather|DesolateLand|[upkeep]\n|upkeep\n|\n|t:|1698923248\n|switch|p2a: Salamence|Salamence, M|100\/100\n|-ability|p2a: Salamence|Intimidate|boost\n|-unboost|p1a: Groudon|atk|1\n|turn|21\n|\n|t:|1698923255\n|detailschange|p2a: Salamence|Salamence-Mega, M\n|-mega|p2a: Salamence|Salamence|Salamencite\n|move|p2a: Salamence|Frustration|p1a: Groudon\n|-damage|p1a: Groudon|0 fnt\n|faint|p1a: Groudon\n|-weather|none\n|\n|win|RadicalKoala\n|raw|SXNINJA03's rating: 1283 &rarr; <strong>1262<\/strong><br \/>(-21 for losing)\n|raw|RadicalKoala's rating: 1342 &rarr; <strong>1359<\/strong><br \/>(+17 for winning)\n|c|\u2606RadicalKoala|gg\n|l|\u2606SXNINJA03\n","uploadtime":1698923264,"views":7,"p1id":"sxninja03","p2id":"radicalkoala","formatid":"gen9nationaldexubers","rating":1262,"private":0,"password":""}