{"id":"gen9nationaldexubers-1984675768","p1":"ShadowFxnn","p2":"JordenJoonge","format":"[Gen 9] National Dex Ubers","log":"|j|\u2606ShadowFxnn\n|j|\u2606JordenJoonge\n|t:|1699289937\n|gametype|singles\n|player|p1|ShadowFxnn|roxie|\n|player|p2|JordenJoonge|ghetsis|\n|teamsize|p1|6\n|teamsize|p2|6\n|gen|9\n|tier|[Gen 9] National Dex Ubers\n|rule|HP Percentage Mod: HP is shown in percentages\n|rule|Endless Battle Clause: Forcing endless battles is banned\n|rule|OHKO Clause: OHKO moves are banned\n|rule|Evasion Moves Clause: Evasion moves are banned\n|rule|Evasion Items Clause: Evasion items are banned\n|rule|Species Clause: Limit one of each Pok\u00e9mon\n|rule|Sleep Clause Mod: Limit one foe put to sleep\n|rule|Mega Rayquaza Clause: You cannot mega evolve Rayquaza\n|clearpoke\n|poke|p1|Linoone, F|\n|poke|p1|Tornadus-Therian, M|\n|poke|p1|Escavalier, M|\n|poke|p1|Gourgeist-*, M|\n|poke|p1|Urshifu-*, M|\n|poke|p1|Overqwil, M|\n|poke|p2|Metagross|\n|poke|p2|Hydreigon, F|\n|poke|p2|Tinkaton, F|\n|poke|p2|Centiskorch, M|\n|poke|p2|Articuno|\n|poke|p2|Gastrodon, F|\n|teampreview\n|j| vCreeze\n|c| vCreeze|gl\n|c|\u2606JordenJoonge|gl\n|c|\u2606ShadowFxnn|gl\n|c| vCreeze|finn w\u00fcrde gegen mich wulaosu nicht mitnehmen\n|c|\u2606ShadowFxnn|\u00fcberleg ich mir\n|c|\u2606JordenJoonge|xd\n|c| vCreeze|wird das nur so angezeigt oder hast du den falschen wualosu mit?\n|\n|t:|1699290033\n|start\n|switch|p1a: Zimt Schnecke|Escavalier, M, shiny|100\/100\n|switch|p2a: Gastrodon|Gastrodon, F|100\/100\n|turn|1\n|c| vCreeze|du hast doch den wasser eigentlich\n|c|\u2606ShadowFxnn|ist immer falsch angezeigt\n|c| vCreeze|ok\n|c| vCreeze|wasser eh tausend mal besser\n|\n|t:|1699290097\n|move|p2a: Gastrodon|Surf|p1a: Zimt Schnecke\n|-damage|p1a: Zimt Schnecke|79\/100\n|move|p1a: Zimt Schnecke|Knock Off|p2a: Gastrodon\n|-damage|p2a: Gastrodon|66\/100\n|-enditem|p2a: Gastrodon|Mystic Water|[from] move: Knock Off|[of] p1a: Zimt Schnecke\n|\n|upkeep\n|turn|2\n|\n|t:|1699290130\n|switch|p1a: Gourgeist|Gourgeist-Small, M, shiny|100\/100\n|move|p2a: Gastrodon|Earthquake|p1a: Gourgeist\n|-resisted|p1a: Gourgeist\n|-damage|p1a: Gourgeist|83\/100\n|\n|-heal|p1a: Gourgeist|89\/100|[from] item: Leftovers\n|upkeep\n|turn|3\n|\n|t:|1699290155\n|switch|p2a: Trikephalo|Hydreigon, F|100\/100\n|move|p1a: Gourgeist|Leech Seed|p2a: Trikephalo\n|-start|p2a: Trikephalo|move: Leech Seed\n|\n|-heal|p1a: Gourgeist|95\/100|[from] item: Leftovers\n|-damage|p2a: Trikephalo|88\/100|[from] Leech Seed|[of] p1a: Gourgeist\n|-heal|p1a: Gourgeist|100\/100|[silent]\n|upkeep\n|turn|4\n|\n|t:|1699290168\n|switch|p1a: Zimt Schnecke|Escavalier, M, shiny|79\/100\n|move|p2a: Trikephalo|Dark Pulse|p1a: Zimt Schnecke\n|-damage|p1a: Zimt Schnecke|57\/100\n|\n|-damage|p2a: Trikephalo|76\/100|[from] Leech Seed|[of] p1a: Zimt Schnecke\n|-heal|p1a: Zimt Schnecke|70\/100|[silent]\n|upkeep\n|turn|5\n|\n|t:|1699290199\n|move|p2a: Trikephalo|Earth Power|p1a: Zimt Schnecke\n|-damage|p1a: Zimt Schnecke|52\/100\n|-unboost|p1a: Zimt Schnecke|spd|1\n|move|p1a: Zimt Schnecke|Megahorn|p2a: Trikephalo\n|-supereffective|p2a: Trikephalo\n|-damage|p2a: Trikephalo|0 fnt\n|faint|p2a: Trikephalo\n|\n|upkeep\n|\n|t:|1699290212\n|switch|p2a: Infernopod|Centiskorch, M|100\/100\n|turn|6\n|\n|t:|1699290223\n|switch|p1a: Linoone|Linoone, F, shiny|100\/100\n|move|p2a: Infernopod|Fire Lash|p1a: Linoone\n|-damage|p1a: Linoone|48\/100\n|-unboost|p1a: Linoone|def|1\n|-enditem|p1a: Linoone|Figy Berry|[eat]\n|-heal|p1a: Linoone|81\/100|[from] item: Figy Berry\n|\n|upkeep\n|turn|7\n|\n|t:|1699290236\n|move|p1a: Linoone|Extreme Speed|p2a: Infernopod\n|-damage|p2a: Infernopod|68\/100\n|move|p2a: Infernopod|Leech Life|p1a: Linoone\n|-damage|p1a: Linoone|5\/100\n|-heal|p2a: Infernopod|100\/100|[from] drain|[of] p1a: Linoone\n|\n|upkeep\n|turn|8\n|\n|t:|1699290247\n|move|p1a: Linoone|Extreme Speed|p2a: Infernopod\n|-damage|p2a: Infernopod|68\/100\n|move|p2a: Infernopod|Fire Lash|p1a: Linoone\n|-damage|p1a: Linoone|0 fnt\n|faint|p1a: Linoone\n|\n|upkeep\n|c| vCreeze|\/\/t fire lash\n|\n|t:|1699290251\n|switch|p1a: Puffi|Overqwil, M, shiny|100\/100\n|-ability|p1a: Puffi|Intimidate|boost\n|-unboost|p2a: Infernopod|atk|1\n|turn|9\n|\n|t:|1699290309\n|switch|p2a: Gastrodon|Gastrodon, F|66\/100\n|move|p1a: Puffi|Barb Barrage|p2a: Gastrodon\n|-resisted|p2a: Gastrodon\n|-damage|p2a: Gastrodon|52\/100\n|-status|p2a: Gastrodon|psn\n|-damage|p1a: Puffi|91\/100|[from] item: Life Orb\n|\n|-damage|p2a: Gastrodon|40\/100 psn|[from] psn\n|upkeep\n|turn|10\n|\n|t:|1699290335\n|move|p1a: Puffi|Barb Barrage|p2a: Gastrodon\n|-resisted|p2a: Gastrodon\n|-damage|p2a: Gastrodon|14\/100 psn\n|-damage|p1a: Puffi|81\/100|[from] item: Life Orb\n|move|p2a: Gastrodon|Stone Edge|p1a: Puffi|[miss]\n|-miss|p2a: Gastrodon|p1a: Puffi\n|\n|-damage|p2a: Gastrodon|1\/100 psn|[from] psn\n|upkeep\n|turn|11\n|\n|t:|1699290351\n|move|p1a: Puffi|Barb Barrage|p2a: Gastrodon\n|-resisted|p2a: Gastrodon\n|-damage|p2a: Gastrodon|0 fnt\n|faint|p2a: Gastrodon\n|-damage|p1a: Puffi|71\/100|[from] item: Life Orb\n|\n|upkeep\n|\n|t:|1699290380\n|switch|p2a: Granforgita|Tinkaton, F|100\/100\n|-ability|p2a: Granforgita|Mold Breaker\n|turn|12\n|\n|t:|1699290391\n|move|p1a: Puffi|Destiny Bond|p1a: Puffi\n|-singlemove|p1a: Puffi|Destiny Bond\n|move|p2a: Granforgita|Gigaton Hammer|p1a: Puffi\n|-damage|p1a: Puffi|34\/100\n|\n|upkeep\n|turn|13\n|\n|t:|1699290410\n|move|p1a: Puffi|Crunch|p2a: Granforgita\n|-resisted|p2a: Granforgita\n|-damage|p2a: Granforgita|82\/100\n|-damage|p1a: Puffi|24\/100|[from] item: Life Orb\n|move|p2a: Granforgita|Play Rough|p1a: Puffi|[miss]\n|-miss|p2a: Granforgita|p1a: Puffi\n|\n|-heal|p2a: Granforgita|88\/100|[from] item: Leftovers\n|upkeep\n|turn|14\n|\n|t:|1699290423\n|move|p1a: Puffi|Destiny Bond|p1a: Puffi\n|-singlemove|p1a: Puffi|Destiny Bond\n|move|p2a: Granforgita|Flash Cannon|p1a: Puffi\n|-damage|p1a: Puffi|0 fnt\n|faint|p1a: Puffi\n|-activate|p1a: Puffi|move: Destiny Bond\n|faint|p2a: Granforgita\n|\n|upkeep\n|c| vCreeze|ist das toxic\n|c|\u2606ShadowFxnn|Jorden tut mir so leid\n|c|\u2606JordenJoonge|noch nie gewonnen in diesem turnier und im vorg\u00e4nger war ich fast 4ter\n|\n|t:|1699290496\n|switch|p1a: Kung-Fu-Panda|Urshifu-Rapid-Strike, M|100\/100\n|switch|p2a: Arktos|Articuno|100\/100\n|turn|15\n|\n|t:|1699290562\n|move|p1a: Kung-Fu-Panda|U-turn|p2a: Arktos\n|-resisted|p2a: Arktos\n|-damage|p2a: Arktos|87\/100\n|\n|t:|1699290565\n|switch|p1a: Zimt Schnecke|Escavalier, M, shiny|52\/100|[from] U-turn\n|move|p2a: Arktos|Fly||[still]\n|-prepare|p2a: Arktos|Fly\n|\n|upkeep\n|turn|16\n|\n|t:|1699290571\n|move|p2a: Arktos|Fly|p1a: Zimt Schnecke|[from]lockedmove\n|-damage|p1a: Zimt Schnecke|14\/100\n|move|p1a: Zimt Schnecke|Iron Head|p2a: Arktos\n|-supereffective|p2a: Arktos\n|-damage|p2a: Arktos|0 fnt\n|faint|p2a: Arktos\n|\n|upkeep\n|\n|t:|1699290580\n|switch|p2a: Infernopod|Centiskorch, M|68\/100\n|turn|17\n|\n|t:|1699290612\n|move|p2a: Infernopod|Fire Lash|p1a: Zimt Schnecke\n|-supereffective|p1a: Zimt Schnecke\n|-damage|p1a: Zimt Schnecke|0 fnt\n|faint|p1a: Zimt Schnecke\n|\n|upkeep\n|\n|t:|1699290616\n|switch|p1a: Kung-Fu-Panda|Urshifu-Rapid-Strike, M|100\/100\n|turn|18\n|c| vCreeze|uff, nach den jetzigen regeln warst du sogar 4. letztes turnier\n|c|\u2606JordenJoonge|ja\n|c| vCreeze|w\u00fcrde dir fly nicht empfehlen, der gegner kann einfach rausgehen und du wastest nh runde\n|c| vCreeze|lieber brave bird oder air slash\n|\n|t:|1699290693\n|move|p1a: Kung-Fu-Panda|Surging Strikes|p2a: Infernopod\n|-supereffective|p2a: Infernopod\n|-crit|p2a: Infernopod\n|-damage|p2a: Infernopod|20\/100\n|-supereffective|p2a: Infernopod\n|-crit|p2a: Infernopod\n|-damage|p2a: Infernopod|0 fnt\n|faint|p2a: Infernopod\n|-hitcount|p2: Infernopod|2\n|\n|upkeep\n|\n|t:|1699290702\n|switch|p2a: Metagross|Metagross, shiny|100\/100\n|turn|19\n|\n|t:|1699290725\n|move|p1a: Kung-Fu-Panda|Surging Strikes|p2a: Metagross\n|-crit|p2a: Metagross\n|-damage|p2a: Metagross|84\/100\n|-crit|p2a: Metagross\n|-damage|p2a: Metagross|67\/100\n|-crit|p2a: Metagross\n|-damage|p2a: Metagross|50\/100\n|-hitcount|p2a: Metagross|3\n|move|p2a: Metagross|Earthquake|p1a: Kung-Fu-Panda\n|-damage|p1a: Kung-Fu-Panda|64\/100\n|\n|upkeep\n|turn|20\n|c|\u2606JordenJoonge|gg\n|\n|t:|1699290740\n|move|p1a: Kung-Fu-Panda|Surging Strikes|p2a: Metagross\n|-crit|p2a: Metagross\n|-damage|p2a: Metagross|32\/100\n|-crit|p2a: Metagross\n|-damage|p2a: Metagross|15\/100\n|-crit|p2a: Metagross\n|-damage|p2a: Metagross|0 fnt\n|faint|p2a: Metagross\n|-hitcount|p2: Metagross|3\n|\n|win|ShadowFxnn\n|c|\u2606ShadowFxnn|gg\n","uploadtime":1699290755,"views":5,"p1id":"shadowfxnn","p2id":"jordenjoonge","formatid":"gen9nationaldexubers","rating":0,"private":0,"password":""}