{"id":"gen9nationaldexubers-1988080459","p1":"Aurastorm58","p2":"Rhyfinn 01","format":"[Gen 9] National Dex Ubers","log":"|j|\u2606Aurastorm58\n|j|\u2606Rhyfinn 01\n|t:|1699667118\n|gametype|singles\n|player|p1|Aurastorm58|pokemaniac|1241\n|player|p2|Rhyfinn 01|alder|1189\n|teamsize|p1|6\n|teamsize|p2|6\n|gen|9\n|tier|[Gen 9] National Dex Ubers\n|rated|\n|rule|HP Percentage Mod: HP is shown in percentages\n|rule|Endless Battle Clause: Forcing endless battles is banned\n|rule|OHKO Clause: OHKO moves are banned\n|rule|Evasion Moves Clause: Evasion moves are banned\n|rule|Evasion Items Clause: Evasion items are banned\n|rule|Species Clause: Limit one of each Pok\u00e9mon\n|rule|Sleep Clause Mod: Limit one foe put to sleep\n|rule|Mega Rayquaza Clause: You cannot mega evolve Rayquaza\n|clearpoke\n|poke|p1|Gliscor, F|\n|poke|p1|Magearna|\n|poke|p1|Zekrom|\n|poke|p1|Maushold-Four|\n|poke|p1|Charizard, M|\n|poke|p1|Marshadow|\n|poke|p2|Groudon|\n|poke|p2|Xerneas-*|\n|poke|p2|Marshadow|\n|poke|p2|Necrozma-Dusk-Mane|\n|poke|p2|Deoxys-Speed|\n|poke|p2|Rayquaza|\n|teampreview\n|inactive|Battle timer is ON: inactive players will automatically lose when time's up. (requested by Rhyfinn 01)\n|\n|t:|1699667125\n|start\n|switch|p1a: Maushold|Maushold-Four|100\/100\n|switch|p2a: Deoxys|Deoxys-Speed|100\/100\n|-ability|p2a: Deoxys|Pressure\n|turn|1\n|\n|t:|1699667131\n|move|p2a: Deoxys|Taunt|p1a: Maushold\n|-start|p1a: Maushold|move: Taunt\n|cant|p1a: Maushold|move: Taunt|Tidy Up\n|\n|upkeep\n|turn|2\n|\n|t:|1699667136\n|move|p2a: Deoxys|Stealth Rock|p1a: Maushold\n|-sidestart|p1: Aurastorm58|move: Stealth Rock\n|move|p1a: Maushold|Population Bomb|p2a: Deoxys\n|-damage|p2a: Deoxys|86\/100\n|-damage|p2a: Deoxys|73\/100\n|-damage|p2a: Deoxys|60\/100\n|-damage|p2a: Deoxys|46\/100\n|-damage|p2a: Deoxys|32\/100\n|-damage|p2a: Deoxys|19\/100\n|-damage|p2a: Deoxys|6\/100\n|-damage|p2a: Deoxys|0 fnt\n|faint|p2a: Deoxys\n|-hitcount|p2: Deoxys|8\n|\n|upkeep\n|\n|t:|1699667155\n|switch|p2a: Marshadow|Marshadow|100\/100\n|turn|3\n|\n|t:|1699667169\n|-terastallize|p1a: Maushold|Ghost\n|move|p2a: Marshadow|Close Combat|p1a: Maushold\n|-immune|p1a: Maushold\n|move|p1a: Maushold|Play Rough|p2a: Marshadow\n|-supereffective|p2a: Marshadow\n|-damage|p2a: Marshadow|44\/100\n|-unboost|p2a: Marshadow|atk|1\n|\n|-end|p1a: Maushold|move: Taunt\n|upkeep\n|turn|4\n|\n|t:|1699667182\n|switch|p1a: Magearna|Magearna|100\/100\n|-damage|p1a: Magearna|94\/100|[from] Stealth Rock\n|move|p2a: Marshadow|Spectral Thief|p1a: Magearna\n|-damage|p1a: Magearna|70\/100\n|\n|-heal|p1a: Magearna|76\/100|[from] item: Leftovers\n|upkeep\n|turn|5\n|\n|t:|1699667203\n|switch|p2a: Groudon|Groudon, shiny|100\/100\n|detailschange|p2a: Groudon|Groudon-Primal, shiny\n|-primal|p2a: Groudon|Red Orb\n|-weather|DesolateLand|[from] ability: Desolate Land|[of] p2a: Groudon\n|move|p1a: Magearna|Flash Cannon|p2a: Groudon\n|-resisted|p2a: Groudon\n|-damage|p2a: Groudon|76\/100\n|\n|-weather|DesolateLand|[upkeep]\n|-heal|p1a: Magearna|82\/100|[from] item: Leftovers\n|upkeep\n|turn|6\n|inactive|Aurastorm58 has 120 seconds left.\n|\n|t:|1699667243\n|switch|p1a: Gliscor|Gliscor, F|100\/100\n|-damage|p1a: Gliscor|88\/100|[from] Stealth Rock\n|move|p2a: Groudon|Rock Polish|p2a: Groudon\n|-boost|p2a: Groudon|spe|2\n|\n|-weather|DesolateLand|[upkeep]\n|-status|p1a: Gliscor|tox|[from] item: Toxic Orb\n|upkeep\n|turn|7\n|\n|t:|1699667250\n|move|p2a: Groudon|Flamethrower|p1a: Gliscor\n|-damage|p1a: Gliscor|0 fnt\n|faint|p1a: Gliscor\n|\n|-weather|DesolateLand|[upkeep]\n|upkeep\n|-message|Aurastorm58 forfeited.\n|\n|win|Rhyfinn 01\n|raw|Aurastorm58's rating: 1241 &rarr; <strong>1212<\/strong><br \/>(-29 for losing)\n|raw|Rhyfinn 01's rating: 1189 &rarr; <strong>1218<\/strong><br \/>(+29 for winning)\n|l|\u2606Aurastorm58\n","uploadtime":1699667261,"views":5,"p1id":"aurastorm58","p2id":"rhyfinn01","formatid":"gen9nationaldexubers","rating":1212,"private":0,"password":""}