{"id":"gen9nationaldexubers-1982867631","p1":"eshaan is awesom","p2":"Olie4","format":"[Gen 9] National Dex Ubers","log":"|j|\u2606eshaan is awesom\n|j|\u2606Olie4\n|t:|1699052975\n|gametype|singles\n|player|p1|eshaan is awesom|102|1258\n|player|p2|Olie4|lady|1177\n|teamsize|p1|6\n|teamsize|p2|6\n|gen|9\n|tier|[Gen 9] National Dex Ubers\n|rated|\n|rule|HP Percentage Mod: HP is shown in percentages\n|rule|Endless Battle Clause: Forcing endless battles is banned\n|rule|OHKO Clause: OHKO moves are banned\n|rule|Evasion Moves Clause: Evasion moves are banned\n|rule|Evasion Items Clause: Evasion items are banned\n|rule|Species Clause: Limit one of each Pok\u00e9mon\n|rule|Sleep Clause Mod: Limit one foe put to sleep\n|rule|Mega Rayquaza Clause: You cannot mega evolve Rayquaza\n|clearpoke\n|poke|p1|Garchomp, M|\n|poke|p1|Kingambit, M|\n|poke|p1|Ursaluna-Bloodmoon, M|\n|poke|p1|Dragonite, F|\n|poke|p1|Mimikyu, M|\n|poke|p1|Roaring Moon|\n|poke|p2|Regieleki|\n|poke|p2|Togekiss, F|\n|poke|p2|Greninja-*, M|\n|poke|p2|Ferrothorn, F|\n|poke|p2|Urshifu-*, M|\n|poke|p2|Pawmot, F|\n|teampreview\n|\n|t:|1699053000\n|start\n|switch|p1a: Mimikyu|Mimikyu, M|100\/100\n|switch|p2a: Ferrothorns|Ferrothorn, F|100\/100\n|turn|1\n|inactive|Battle timer is ON: inactive players will automatically lose when time's up. (requested by eshaan is awesom)\n|\n|t:|1699053024\n|move|p1a: Mimikyu|Swords Dance|p1a: Mimikyu\n|-boost|p1a: Mimikyu|atk|2\n|move|p2a: Ferrothorns|Knock Off|p1a: Mimikyu\n|-activate|p1a: Mimikyu|ability: Disguise\n|-damage|p1a: Mimikyu|100\/100\n|detailschange|p1a: Mimikyu|Mimikyu-Busted, M\n|-damage|p1a: Mimikyu|88\/100|[from] pokemon: Mimikyu-Busted\n|\n|upkeep\n|turn|2\n|\n|t:|1699053034\n|-zpower|p1a: Mimikyu\n|move|p1a: Mimikyu|Let's Snuggle Forever|p2a: Ferrothorns|[zeffect]\n|-resisted|p2a: Ferrothorns\n|-damage|p2a: Ferrothorns|56\/100\n|-damage|p1a: Mimikyu|76\/100|[from] ability: Iron Barbs|[of] p2a: Ferrothorns\n|move|p2a: Ferrothorns|Leech Seed|p1a: Mimikyu\n|-start|p1a: Mimikyu|move: Leech Seed\n|\n|-heal|p2a: Ferrothorns|62\/100|[from] item: Leftovers\n|-damage|p1a: Mimikyu|63\/100|[from] Leech Seed|[of] p2a: Ferrothorns\n|-heal|p2a: Ferrothorns|71\/100|[silent]\n|upkeep\n|turn|3\n|\n|t:|1699053050\n|move|p1a: Mimikyu|Shadow Sneak|p2a: Ferrothorns\n|-damage|p2a: Ferrothorns|52\/100\n|-damage|p1a: Mimikyu|51\/100|[from] ability: Iron Barbs|[of] p2a: Ferrothorns\n|move|p2a: Ferrothorns|Stealth Rock|p1a: Mimikyu\n|-sidestart|p1: eshaan is awesom|move: Stealth Rock\n|\n|-heal|p2a: Ferrothorns|58\/100|[from] item: Leftovers\n|-damage|p1a: Mimikyu|39\/100|[from] Leech Seed|[of] p2a: Ferrothorns\n|-heal|p2a: Ferrothorns|67\/100|[silent]\n|upkeep\n|turn|4\n|\n|t:|1699053074\n|switch|p1a: Roaring Moon|Roaring Moon|100\/100\n|-damage|p1a: Roaring Moon|88\/100|[from] Stealth Rock\n|switch|p2a: Greeninja|Greninja, M|100\/100\n|\n|upkeep\n|turn|5\n|\n|t:|1699053082\n|move|p2a: Greeninja|Ice Beam|p1a: Roaring Moon\n|-start|p2a: Greeninja|typechange|Ice|[from] ability: Protean\n|-supereffective|p1a: Roaring Moon\n|-damage|p1a: Roaring Moon|16\/100\n|move|p1a: Roaring Moon|Dragon Dance|p1a: Roaring Moon\n|-boost|p1a: Roaring Moon|atk|1\n|-boost|p1a: Roaring Moon|spe|1\n|\n|upkeep\n|turn|6\n|\n|t:|1699053098\n|move|p1a: Roaring Moon|Iron Head|p2a: Greeninja\n|-supereffective|p2a: Greeninja\n|-enditem|p2a: Greeninja|Focus Sash\n|-damage|p2a: Greeninja|1\/100\n|move|p2a: Greeninja|U-turn|p1a: Roaring Moon\n|-supereffective|p1a: Roaring Moon\n|-damage|p1a: Roaring Moon|0 fnt\n|faint|p1a: Roaring Moon\n|-end|p1a: Roaring Moon|Protosynthesis|[silent]\n|\n|t:|1699053102\n|switch|p2a: Ferrothorns|Ferrothorn, F|67\/100|[from] U-turn\n|\n|-heal|p2a: Ferrothorns|73\/100|[from] item: Leftovers\n|upkeep\n|\n|t:|1699053119\n|switch|p1a: Dragonite|Dragonite, F|100\/100\n|-damage|p1a: Dragonite|76\/100|[from] Stealth Rock\n|turn|7\n|\n|t:|1699053132\n|move|p1a: Dragonite|Dragon Dance|p1a: Dragonite\n|-boost|p1a: Dragonite|atk|1\n|-boost|p1a: Dragonite|spe|1\n|move|p2a: Ferrothorns|Leech Seed|p1a: Dragonite\n|-start|p1a: Dragonite|move: Leech Seed\n|\n|-heal|p1a: Dragonite|82\/100|[from] item: Leftovers\n|-heal|p2a: Ferrothorns|79\/100|[from] item: Leftovers\n|-damage|p1a: Dragonite|70\/100|[from] Leech Seed|[of] p2a: Ferrothorns\n|-heal|p2a: Ferrothorns|91\/100|[silent]\n|upkeep\n|turn|8\n|\n|t:|1699053142\n|move|p1a: Dragonite|Dragon Dance|p1a: Dragonite\n|-boost|p1a: Dragonite|atk|1\n|-boost|p1a: Dragonite|spe|1\n|move|p2a: Ferrothorns|Knock Off|p1a: Dragonite\n|-damage|p1a: Dragonite|45\/100\n|-enditem|p1a: Dragonite|Leftovers|[from] move: Knock Off|[of] p2a: Ferrothorns\n|\n|-heal|p2a: Ferrothorns|97\/100|[from] item: Leftovers\n|-damage|p1a: Dragonite|33\/100|[from] Leech Seed|[of] p2a: Ferrothorns\n|-heal|p2a: Ferrothorns|100\/100|[silent]\n|upkeep\n|turn|9\n|\n|t:|1699053154\n|move|p1a: Dragonite|Earthquake|p2a: Ferrothorns\n|-damage|p2a: Ferrothorns|55\/100\n|move|p2a: Ferrothorns|Knock Off|p1a: Dragonite\n|-damage|p1a: Dragonite|17\/100\n|\n|-heal|p2a: Ferrothorns|61\/100|[from] item: Leftovers\n|-damage|p1a: Dragonite|5\/100|[from] Leech Seed|[of] p2a: Ferrothorns\n|-heal|p2a: Ferrothorns|72\/100|[silent]\n|upkeep\n|turn|10\n|\n|t:|1699053166\n|switch|p2a: Togekiss|Togekiss, F, shiny|100\/100\n|move|p1a: Dragonite|Earthquake|p2a: Togekiss\n|-immune|p2a: Togekiss\n|\n|-damage|p1a: Dragonite|0 fnt|[from] Leech Seed|[of] p2a: Togekiss\n|faint|p1a: Dragonite\n|upkeep\n|\n|t:|1699053183\n|switch|p1a: Ursaluna|Ursaluna-Bloodmoon, M|100\/100\n|-damage|p1a: Ursaluna|94\/100|[from] Stealth Rock\n|turn|11\n|\n|t:|1699053190\n|move|p2a: Togekiss|Air Slash|p1a: Ursaluna\n|-damage|p1a: Ursaluna|55\/100\n|cant|p1a: Ursaluna|flinch\n|\n|-heal|p1a: Ursaluna|61\/100|[from] item: Leftovers\n|upkeep\n|turn|12\n|\n|t:|1699053197\n|move|p2a: Togekiss|Nasty Plot|p2a: Togekiss\n|-boost|p2a: Togekiss|spa|2\n|move|p1a: Ursaluna|Blood Moon|p2a: Togekiss\n|-damage|p2a: Togekiss|21\/100\n|\n|-heal|p2a: Togekiss|28\/100|[from] item: Leftovers\n|-heal|p1a: Ursaluna|67\/100|[from] item: Leftovers\n|upkeep\n|turn|13\n|\n|t:|1699053205\n|move|p1a: Ursaluna|Vacuum Wave|p2a: Togekiss\n|-resisted|p2a: Togekiss\n|-damage|p2a: Togekiss|24\/100\n|move|p2a: Togekiss|Air Slash|p1a: Ursaluna\n|-damage|p1a: Ursaluna|0 fnt\n|faint|p1a: Ursaluna\n|\n|-heal|p2a: Togekiss|30\/100|[from] item: Leftovers\n|upkeep\n|\n|t:|1699053215\n|switch|p1a: Mimikyu|Mimikyu-Busted, M|39\/100\n|-damage|p1a: Mimikyu|26\/100|[from] Stealth Rock\n|turn|14\n|\n|t:|1699053227\n|move|p1a: Mimikyu|Shadow Claw|p2a: Togekiss\n|-damage|p2a: Togekiss|0 fnt\n|faint|p2a: Togekiss\n|\n|upkeep\n|\n|t:|1699053233\n|switch|p2a: Greeninja|Greninja, M|1\/100\n|turn|15\n|\n|t:|1699053237\n|move|p1a: Mimikyu|Shadow Sneak|p2a: Greeninja\n|-resisted|p2a: Greeninja\n|-damage|p2a: Greeninja|0 fnt\n|faint|p2a: Greeninja\n|\n|upkeep\n|\n|t:|1699053259\n|switch|p2a: Regieleki|Regieleki|100\/100\n|turn|16\n|\n|t:|1699053274\n|move|p2a: Regieleki|Thunderbolt|p1a: Mimikyu\n|-damage|p1a: Mimikyu|0 fnt\n|faint|p1a: Mimikyu\n|\n|upkeep\n|\n|t:|1699053280\n|switch|p1a: Garchomp|Garchomp, M|100\/100\n|-damage|p1a: Garchomp|94\/100|[from] Stealth Rock\n|turn|17\n|\n|t:|1699053287\n|detailschange|p1a: Garchomp|Garchomp-Mega, M\n|-mega|p1a: Garchomp|Garchomp|Garchompite\n|-terastallize|p2a: Regieleki|Ice\n|move|p2a: Regieleki|Tera Blast|p1a: Garchomp|[anim] Tera Blast Ice\n|-supereffective|p1a: Garchomp\n|-damage|p1a: Garchomp|0 fnt\n|faint|p1a: Garchomp\n|\n|upkeep\n|\n|t:|1699053295\n|switch|p1a: Kingambit|Kingambit, M|100\/100\n|-damage|p1a: Kingambit|94\/100|[from] Stealth Rock\n|-activate|p1a: Kingambit|ability: Supreme Overlord\n|-start|p1a: Kingambit|fallen5|[silent]\n|turn|18\n|\n|t:|1699053302\n|move|p2a: Regieleki|Thunderbolt|p1a: Kingambit\n|-damage|p1a: Kingambit|35\/100\n|move|p1a: Kingambit|Iron Head|p2a: Regieleki\n|-supereffective|p2a: Regieleki\n|-damage|p2a: Regieleki|0 fnt\n|faint|p2a: Regieleki\n|\n|upkeep\n|\n|t:|1699053307\n|switch|p2a: Ferrothorns|Ferrothorn, F|72\/100\n|turn|19\n|\n|t:|1699053312\n|move|p1a: Kingambit|Kowtow Cleave|p2a: Ferrothorns\n|-damage|p2a: Ferrothorns|20\/100\n|-damage|p1a: Kingambit|23\/100|[from] ability: Iron Barbs|[of] p2a: Ferrothorns\n|move|p2a: Ferrothorns|Knock Off|p1a: Kingambit\n|-resisted|p1a: Kingambit\n|-damage|p1a: Kingambit|16\/100\n|-enditem|p1a: Kingambit|Black Glasses|[from] move: Knock Off|[of] p2a: Ferrothorns\n|\n|-heal|p2a: Ferrothorns|27\/100|[from] item: Leftovers\n|upkeep\n|turn|20\n|\n|t:|1699053325\n|move|p1a: Kingambit|Kowtow Cleave|p2a: Ferrothorns\n|-damage|p2a: Ferrothorns|0 fnt\n|-damage|p1a: Kingambit|4\/100|[from] ability: Iron Barbs|[of] p2a: Ferrothorns\n|faint|p2a: Ferrothorns\n|\n|upkeep\n|\n|t:|1699053330\n|switch|p2a: Tall Pawmo|Pawmot, F|100\/100\n|turn|21\n|\n|t:|1699053339\n|move|p2a: Tall Pawmo|Quick Attack|p1a: Kingambit\n|-resisted|p1a: Kingambit\n|-damage|p1a: Kingambit|0 fnt\n|faint|p1a: Kingambit\n|-end|p1a: Kingambit|fallen5|[silent]\n|\n|win|Olie4\n|raw|eshaan is awesom's rating: 1258 &rarr; <strong>1227<\/strong><br \/>(-31 for losing)\n|raw|Olie4's rating: 1177 &rarr; <strong>1208<\/strong><br \/>(+31 for winning)\n","uploadtime":1699053344,"views":5,"p1id":"eshaanisawesom","p2id":"olie4","formatid":"gen9nationaldexubers","rating":1208,"private":0,"password":""}