{"id":"gen9nationaldexubers-1994989538","p1":"JustMonika_CARR","p2":"GYM LEADER DAZY","format":"[Gen 9] National Dex Ubers","log":"|j|\u2606JustMonika_CARR\n|j|\u2606GYM LEADER DAZY\n|t:|1700511021\n|gametype|singles\n|player|p1|JustMonika_CARR|dawn|1383\n|player|p2|GYM LEADER DAZY|maylene|1449\n|teamsize|p1|6\n|teamsize|p2|6\n|gen|9\n|tier|[Gen 9] National Dex Ubers\n|rated|\n|rule|HP Percentage Mod: HP is shown in percentages\n|rule|Endless Battle Clause: Forcing endless battles is banned\n|rule|OHKO Clause: OHKO moves are banned\n|rule|Evasion Moves Clause: Evasion moves are banned\n|rule|Evasion Items Clause: Evasion items are banned\n|rule|Species Clause: Limit one of each Pok\u00e9mon\n|rule|Sleep Clause Mod: Limit one foe put to sleep\n|rule|Mega Rayquaza Clause: You cannot mega evolve Rayquaza\n|clearpoke\n|poke|p1|Shuckle, F|\n|poke|p1|Deoxys-Speed|\n|poke|p1|Arceus|\n|poke|p1|Forretress, M|\n|poke|p1|Magearna|\n|poke|p1|Pyukumuku, M|\n|poke|p2|Annihilape, F|\n|poke|p2|Lucario, F|\n|poke|p2|Urshifu-*, M|\n|poke|p2|Iron Valiant|\n|poke|p2|Kommo-o, F|\n|poke|p2|Zamazenta-*|\n|teampreview\n|\n|t:|1700511035\n|start\n|switch|p1a: Forretress|Forretress, M, shiny|100\/100\n|switch|p2a: Annihilape|Annihilape, F|100\/100\n|turn|1\n|c|\u2606JustMonika_CARR|mono-fighting?\n|c|\u2606JustMonika_CARR|Nice\n|c|\u2606JustMonika_CARR|Glhf\n|\n|t:|1700511050\n|move|p2a: Annihilape|Stealth Rock|p1a: Forretress\n|-sidestart|p1: JustMonika_CARR|move: Stealth Rock\n|move|p1a: Forretress|Toxic Spikes|p2a: Annihilape\n|-sidestart|p2: GYM LEADER DAZY|move: Toxic Spikes\n|\n|upkeep\n|turn|2\n|c|\u2606GYM LEADER DAZY|no u\n|\n|t:|1700511072\n|move|p2a: Annihilape|Rage Fist|p1a: Forretress\n|-damage|p1a: Forretress|82\/100\n|-enditem|p1a: Forretress|Red Card|[of] p2a: Annihilape\n|drag|p2a: Kommo-o|Kommo-o, F|100\/100\n|-status|p2a: Kommo-o|psn\n|move|p1a: Forretress|Stealth Rock|p2a: Kommo-o\n|-sidestart|p2: GYM LEADER DAZY|move: Stealth Rock\n|\n|-damage|p2a: Kommo-o|88\/100 psn|[from] psn\n|upkeep\n|turn|3\n|\n|t:|1700511084\n|move|p2a: Kommo-o|Focus Blast|p1a: Forretress\n|-damage|p1a: Forretress|32\/100\n|move|p1a: Forretress|Rapid Spin|p2a: Kommo-o\n|-damage|p2a: Kommo-o|79\/100 psn\n|-boost|p1a: Forretress|spe|1\n|-sideend|p1: JustMonika_CARR|Stealth Rock|[from] move: Rapid Spin|[of] p1a: Forretress\n|\n|-damage|p2a: Kommo-o|67\/100 psn|[from] psn\n|upkeep\n|turn|4\n|\n|t:|1700511094\n|-zpower|p2a: Kommo-o\n|move|p2a: Kommo-o|Clangorous Soulblaze|p1a: Forretress|[zeffect]\n|-resisted|p1a: Forretress\n|-damage|p1a: Forretress|0 fnt\n|faint|p1a: Forretress\n|-boost|p2a: Kommo-o|atk|1\n|-boost|p2a: Kommo-o|def|1\n|-boost|p2a: Kommo-o|spa|1\n|-boost|p2a: Kommo-o|spd|1\n|-boost|p2a: Kommo-o|spe|1\n|\n|-damage|p2a: Kommo-o|54\/100 psn|[from] psn\n|upkeep\n|\n|t:|1700511112\n|switch|p1a: Magearna|Magearna|100\/100\n|turn|5\n|\n|t:|1700511117\n|move|p2a: Kommo-o|Focus Blast|p1a: Magearna|[miss]\n|-miss|p2a: Kommo-o|p1a: Magearna\n|move|p1a: Magearna|Heart Swap|p2a: Kommo-o\n|-swapboost|p1a: Magearna|p2a: Kommo-o|[from] move: Heart Swap\n|\n|-damage|p2a: Kommo-o|42\/100 psn|[from] psn\n|upkeep\n|turn|6\n|\n|t:|1700511137\n|move|p2a: Kommo-o|Close Combat|p1a: Magearna\n|-damage|p1a: Magearna|77\/100\n|-unboost|p2a: Kommo-o|def|1\n|-unboost|p2a: Kommo-o|spd|1\n|move|p1a: Magearna|Ice Beam|p2a: Kommo-o\n|-supereffective|p2a: Kommo-o\n|-damage|p2a: Kommo-o|0 fnt\n|faint|p2a: Kommo-o\n|-ability|p1a: Magearna|Soul-Heart|boost\n|-boost|p1a: Magearna|spa|1\n|\n|upkeep\n|\n|t:|1700511161\n|switch|p2a: Zamazenta|Zamazenta-Crowned|100\/100\n|-damage|p2a: Zamazenta|97\/100|[from] Stealth Rock\n|-ability|p2a: Zamazenta|Dauntless Shield|boost\n|-boost|p2a: Zamazenta|def|1\n|turn|7\n|\n|t:|1700511173\n|-terastallize|p1a: Magearna|Ghost\n|move|p2a: Zamazenta|Behemoth Bash|p1a: Magearna\n|-damage|p1a: Magearna|46\/100\n|move|p1a: Magearna|Aura Sphere|p2a: Zamazenta\n|-supereffective|p2a: Zamazenta\n|-damage|p2a: Zamazenta|9\/100\n|\n|upkeep\n|turn|8\n|\n|t:|1700511185\n|move|p2a: Zamazenta|Behemoth Bash|p1a: Magearna\n|-damage|p1a: Magearna|17\/100\n|move|p1a: Magearna|Aura Sphere|p2a: Zamazenta\n|-supereffective|p2a: Zamazenta\n|-damage|p2a: Zamazenta|0 fnt\n|faint|p2a: Zamazenta\n|-ability|p1a: Magearna|Soul-Heart|boost\n|-boost|p1a: Magearna|spa|1\n|\n|upkeep\n|\n|t:|1700511194\n|switch|p2a: Annihilape|Annihilape, F|100\/100\n|-status|p2a: Annihilape|psn\n|-damage|p2a: Annihilape|94\/100 psn|[from] Stealth Rock\n|turn|9\n|\n|t:|1700511202\n|move|p2a: Annihilape|Rage Fist|p1a: Magearna\n|-supereffective|p1a: Magearna\n|-damage|p1a: Magearna|0 fnt\n|faint|p1a: Magearna\n|\n|-damage|p2a: Annihilape|82\/100 psn|[from] psn\n|upkeep\n|\n|t:|1700511214\n|switch|p1a: Pyukumuku|Pyukumuku, M, shiny|100\/100\n|turn|10\n|\n|t:|1700511221\n|move|p2a: Annihilape|Stealth Rock|p1a: Pyukumuku\n|-sidestart|p1: JustMonika_CARR|move: Stealth Rock\n|move|p1a: Pyukumuku|Soak|p2a: Annihilape\n|-start|p2a: Annihilape|typechange|Water\n|\n|-damage|p2a: Annihilape|69\/100 psn|[from] psn\n|upkeep\n|turn|11\n|\n|t:|1700511233\n|move|p2a: Annihilape|Endure|p2a: Annihilape\n|-singleturn|p2a: Annihilape|move: Endure\n|move|p1a: Pyukumuku|Gastro Acid|p2a: Annihilape\n|-endability|p2a: Annihilape\n|\n|-damage|p2a: Annihilape|57\/100 psn|[from] psn\n|upkeep\n|turn|12\n|\n|t:|1700511244\n|move|p2a: Annihilape|Rage Fist|p1a: Pyukumuku\n|-crit|p1a: Pyukumuku\n|-damage|p1a: Pyukumuku|81\/100\n|move|p1a: Pyukumuku|Soak|p2a: Annihilape\n|-fail|p2a: Annihilape\n|\n|-heal|p1a: Pyukumuku|87\/100|[from] item: Leftovers\n|-damage|p2a: Annihilape|45\/100 psn|[from] psn\n|upkeep\n|turn|13\n|\n|t:|1700511255\n|move|p2a: Annihilape|Rage Fist|p1a: Pyukumuku\n|-damage|p1a: Pyukumuku|75\/100\n|move|p1a: Pyukumuku|Soak|p2a: Annihilape\n|-fail|p2a: Annihilape\n|\n|-heal|p1a: Pyukumuku|81\/100|[from] item: Leftovers\n|-damage|p2a: Annihilape|32\/100 psn|[from] psn\n|upkeep\n|turn|14\n|\n|t:|1700511265\n|move|p2a: Annihilape|Rage Fist|p1a: Pyukumuku\n|-damage|p1a: Pyukumuku|68\/100\n|move|p1a: Pyukumuku|Soak|p2a: Annihilape\n|-fail|p2a: Annihilape\n|\n|-heal|p1a: Pyukumuku|74\/100|[from] item: Leftovers\n|-damage|p2a: Annihilape|20\/100 psn|[from] psn\n|upkeep\n|turn|15\n|\n|t:|1700511287\n|move|p2a: Annihilape|Rage Fist|p1a: Pyukumuku\n|-damage|p1a: Pyukumuku|63\/100\n|move|p1a: Pyukumuku|Soak|p2a: Annihilape\n|-fail|p2a: Annihilape\n|\n|-heal|p1a: Pyukumuku|69\/100|[from] item: Leftovers\n|-damage|p2a: Annihilape|7\/100 psn|[from] psn\n|upkeep\n|turn|16\n|\n|t:|1700511297\n|move|p2a: Annihilape|Reversal|p1a: Pyukumuku\n|-damage|p1a: Pyukumuku|32\/100\n|move|p1a: Pyukumuku|Recover|p1a: Pyukumuku\n|-heal|p1a: Pyukumuku|82\/100\n|\n|-heal|p1a: Pyukumuku|88\/100|[from] item: Leftovers\n|-damage|p2a: Annihilape|0 fnt|[from] psn\n|faint|p2a: Annihilape\n|upkeep\n|\n|t:|1700511308\n|switch|p2a: Lucario|Lucario, F|100\/100\n|-damage|p2a: Lucario|98\/100|[from] Stealth Rock\n|turn|17\n|\n|t:|1700511313\n|move|p2a: Lucario|Swords Dance|p2a: Lucario\n|-boost|p2a: Lucario|atk|2\n|move|p1a: Pyukumuku|Soak|p2a: Lucario\n|-start|p2a: Lucario|typechange|Water\n|\n|-heal|p1a: Pyukumuku|94\/100|[from] item: Leftovers\n|upkeep\n|turn|18\n|\n|t:|1700511323\n|move|p2a: Lucario|Swords Dance|p2a: Lucario\n|-boost|p2a: Lucario|atk|2\n|move|p1a: Pyukumuku|Gastro Acid|p2a: Lucario\n|-endability|p2a: Lucario\n|\n|-heal|p1a: Pyukumuku|100\/100|[from] item: Leftovers\n|upkeep\n|turn|19\n|\n|t:|1700511334\n|move|p2a: Lucario|Swords Dance|p2a: Lucario\n|-boost|p2a: Lucario|atk|2\n|move|p1a: Pyukumuku|Toxic|p2a: Lucario\n|-status|p2a: Lucario|tox\n|\n|-damage|p2a: Lucario|92\/100 tox|[from] psn\n|upkeep\n|turn|20\n|\n|t:|1700511343\n|detailschange|p2a: Lucario|Lucario-Mega, F\n|-mega|p2a: Lucario|Lucario|Lucarionite\n|move|p2a: Lucario|Close Combat|p1a: Pyukumuku\n|-damage|p1a: Pyukumuku|47\/100\n|-unboost|p2a: Lucario|def|1\n|-unboost|p2a: Lucario|spd|1\n|move|p1a: Pyukumuku|Soak|p2a: Lucario\n|-start|p2a: Lucario|typechange|Water\n|\n|-heal|p1a: Pyukumuku|53\/100|[from] item: Leftovers\n|-damage|p2a: Lucario|80\/100 tox|[from] psn\n|upkeep\n|turn|21\n|\n|t:|1700511356\n|move|p2a: Lucario|Close Combat|p1a: Pyukumuku\n|-damage|p1a: Pyukumuku|21\/100\n|-unboost|p2a: Lucario|def|1\n|-unboost|p2a: Lucario|spd|1\n|move|p1a: Pyukumuku|Recover|p1a: Pyukumuku\n|-heal|p1a: Pyukumuku|71\/100\n|\n|-heal|p1a: Pyukumuku|77\/100|[from] item: Leftovers\n|-damage|p2a: Lucario|61\/100 tox|[from] psn\n|upkeep\n|turn|22\n|\n|t:|1700511367\n|move|p2a: Lucario|Close Combat|p1a: Pyukumuku\n|-damage|p1a: Pyukumuku|44\/100\n|-unboost|p2a: Lucario|def|1\n|-unboost|p2a: Lucario|spd|1\n|move|p1a: Pyukumuku|Recover|p1a: Pyukumuku\n|-heal|p1a: Pyukumuku|94\/100\n|\n|-heal|p1a: Pyukumuku|99\/100|[from] item: Leftovers\n|-damage|p2a: Lucario|37\/100 tox|[from] psn\n|upkeep\n|turn|23\n|\n|t:|1700511381\n|move|p2a: Lucario|Close Combat|p1a: Pyukumuku\n|-damage|p1a: Pyukumuku|67\/100\n|-unboost|p2a: Lucario|def|1\n|-unboost|p2a: Lucario|spd|1\n|move|p1a: Pyukumuku|Soak|p2a: Lucario\n|-fail|p2a: Lucario\n|\n|-heal|p1a: Pyukumuku|73\/100|[from] item: Leftovers\n|-damage|p2a: Lucario|7\/100 tox|[from] psn\n|upkeep\n|turn|24\n|-message|GYM LEADER DAZY forfeited.\n|\n|win|JustMonika_CARR\n|raw|JustMonika_CARR's rating: 1383 &rarr; <strong>1407<\/strong><br \/>(+24 for winning)\n|raw|GYM LEADER DAZY's rating: 1449 &rarr; <strong>1425<\/strong><br \/>(-24 for losing)\n|l|\u2606GYM LEADER DAZY\n","uploadtime":1700511397,"views":1,"p1id":"justmonikacarr","p2id":"gymleaderdazy","formatid":"gen9nationaldexubers","rating":1407,"private":0,"password":""}