{"id":"gen9nationaldexubers-1985871019","p1":"202231a","p2":"ShriveledMonkey","format":"[Gen 9] National Dex Ubers","log":"|j|\u2606202231a\n|j|\u2606ShriveledMonkey\n|t:|1699415612\n|gametype|singles\n|player|p1|202231a|gambler|1114\n|player|p2|ShriveledMonkey|1|1017\n|teamsize|p1|6\n|teamsize|p2|6\n|gen|9\n|tier|[Gen 9] National Dex Ubers\n|rated|\n|rule|HP Percentage Mod: HP is shown in percentages\n|rule|Endless Battle Clause: Forcing endless battles is banned\n|rule|OHKO Clause: OHKO moves are banned\n|rule|Evasion Moves Clause: Evasion moves are banned\n|rule|Evasion Items Clause: Evasion items are banned\n|rule|Species Clause: Limit one of each Pok\u00e9mon\n|rule|Sleep Clause Mod: Limit one foe put to sleep\n|rule|Mega Rayquaza Clause: You cannot mega evolve Rayquaza\n|clearpoke\n|poke|p1|Necrozma-Dawn-Wings|\n|poke|p1|Marshadow|\n|poke|p1|Decidueye-Hisui, F|\n|poke|p1|Incineroar, F|\n|poke|p1|Primarina, F|\n|poke|p1|Kommo-o, M|\n|poke|p2|Kleavor, M|\n|poke|p2|Rabsca, F|\n|poke|p2|Gourgeist-*, M|\n|poke|p2|Ludicolo, M|\n|poke|p2|Lucario, M|\n|poke|p2|Torkoal, F|\n|teampreview\n|\n|t:|1699415616\n|start\n|switch|p1a: Decidueye|Decidueye-Hisui, F, shiny|100\/100\n|switch|p2a: Torkoal|Torkoal, F|100\/100\n|-weather|SunnyDay|[from] ability: Drought|[of] p2a: Torkoal\n|turn|1\n|\n|t:|1699415634\n|move|p1a: Decidueye|Triple Arrows|p2a: Torkoal\n|-damage|p2a: Torkoal|73\/100\n|-unboost|p2a: Torkoal|def|1\n|move|p2a: Torkoal|Yawn|p1a: Decidueye\n|-start|p1a: Decidueye|move: Yawn|[of] p2a: Torkoal\n|\n|-weather|SunnyDay|[upkeep]\n|upkeep\n|turn|2\n|\n|t:|1699415643\n|move|p1a: Decidueye|Triple Arrows|p2a: Torkoal\n|-crit|p2a: Torkoal\n|-damage|p2a: Torkoal|13\/100\n|-unboost|p2a: Torkoal|def|1\n|cant|p2a: Torkoal|flinch\n|\n|-weather|SunnyDay|[upkeep]\n|-end|p1a: Decidueye|move: Yawn|[silent]\n|-status|p1a: Decidueye|slp\n|upkeep\n|turn|3\n|\n|t:|1699415651\n|cant|p1a: Decidueye|slp\n|move|p2a: Torkoal|Fire Blast|p1a: Decidueye\n|-supereffective|p1a: Decidueye\n|-damage|p1a: Decidueye|0 fnt\n|faint|p1a: Decidueye\n|\n|-weather|SunnyDay|[upkeep]\n|upkeep\n|\n|t:|1699415671\n|switch|p1a: Incineroar|Incineroar, F|100\/100\n|-ability|p1a: Incineroar|Intimidate|boost\n|-unboost|p2a: Torkoal|atk|1\n|turn|4\n|\n|t:|1699415679\n|move|p1a: Incineroar|Fake Out|p2a: Torkoal\n|-damage|p2a: Torkoal|0 fnt\n|faint|p2a: Torkoal\n|\n|-weather|SunnyDay|[upkeep]\n|upkeep\n|\n|t:|1699415686\n|switch|p2a: Kleavor|Kleavor, M|100\/100\n|turn|5\n|\n|t:|1699415696\n|move|p2a: Kleavor|Stone Axe|p1a: Incineroar|[miss]\n|-miss|p2a: Kleavor|p1a: Incineroar\n|move|p1a: Incineroar|Blaze Kick|p2a: Kleavor|[miss]\n|-miss|p1a: Incineroar|p2a: Kleavor\n|\n|-weather|none\n|upkeep\n|turn|6\n|\n|t:|1699415703\n|move|p2a: Kleavor|Stone Axe|p1a: Incineroar\n|-supereffective|p1a: Incineroar\n|-damage|p1a: Incineroar|0 fnt\n|-sidestart|p1: 202231a|move: Stealth Rock\n|faint|p1a: Incineroar\n|\n|upkeep\n|\n|t:|1699415715\n|switch|p1a: Primarina|Primarina, F|100\/100\n|-damage|p1a: Primarina|88\/100|[from] Stealth Rock\n|turn|7\n|\n|t:|1699415729\n|switch|p2a: Gourgeist|Gourgeist-Small, M|100\/100\n|-item|p1a: Primarina|Leftovers|[from] ability: Frisk|[of] p2a: Gourgeist|[identify]\n|move|p1a: Primarina|Sparkling Aria|p2a: Gourgeist\n|-resisted|p2a: Gourgeist\n|-damage|p2a: Gourgeist|72\/100\n|\n|-heal|p2a: Gourgeist|78\/100|[from] item: Leftovers\n|-heal|p1a: Primarina|94\/100|[from] item: Leftovers\n|upkeep\n|turn|8\n|\n|t:|1699415739\n|move|p2a: Gourgeist|Leech Seed|p1a: Primarina\n|-start|p1a: Primarina|move: Leech Seed\n|move|p1a: Primarina|Reflect|p1a: Primarina\n|-sidestart|p1: 202231a|Reflect\n|\n|-heal|p2a: Gourgeist|84\/100|[from] item: Leftovers\n|-heal|p1a: Primarina|99\/100|[from] item: Leftovers\n|-damage|p1a: Primarina|88\/100|[from] Leech Seed|[of] p2a: Gourgeist\n|-heal|p2a: Gourgeist|97\/100|[silent]\n|upkeep\n|turn|9\n|\n|t:|1699415747\n|move|p2a: Gourgeist|Will-O-Wisp|p1a: Primarina\n|-status|p1a: Primarina|brn\n|move|p1a: Primarina|Light Screen|p1a: Primarina\n|-sidestart|p1: 202231a|move: Light Screen\n|\n|-heal|p2a: Gourgeist|100\/100|[from] item: Leftovers\n|-heal|p1a: Primarina|94\/100 brn|[from] item: Leftovers\n|-damage|p1a: Primarina|82\/100 brn|[from] Leech Seed|[of] p2a: Gourgeist\n|-damage|p1a: Primarina|75\/100 brn|[from] brn\n|upkeep\n|turn|10\n|inactive|Battle timer is ON: inactive players will automatically lose when time's up. (requested by 202231a)\n|\n|t:|1699415758\n|move|p2a: Gourgeist|Foul Play|p1a: Primarina\n|-resisted|p1a: Primarina\n|-damage|p1a: Primarina|72\/100 brn\n|move|p1a: Primarina|Dazzling Gleam|p2a: Gourgeist\n|-damage|p2a: Gourgeist|50\/100\n|\n|-heal|p2a: Gourgeist|57\/100|[from] item: Leftovers\n|-heal|p1a: Primarina|78\/100 brn|[from] item: Leftovers\n|-damage|p1a: Primarina|65\/100 brn|[from] Leech Seed|[of] p2a: Gourgeist\n|-heal|p2a: Gourgeist|70\/100|[silent]\n|-damage|p1a: Primarina|59\/100 brn|[from] brn\n|upkeep\n|turn|11\n|\n|t:|1699415769\n|move|p2a: Gourgeist|Synthesis|p2a: Gourgeist\n|-heal|p2a: Gourgeist|100\/100\n|move|p1a: Primarina|Dazzling Gleam|p2a: Gourgeist\n|-damage|p2a: Gourgeist|50\/100\n|\n|-heal|p2a: Gourgeist|57\/100|[from] item: Leftovers\n|-heal|p1a: Primarina|65\/100 brn|[from] item: Leftovers\n|-damage|p1a: Primarina|53\/100 brn|[from] Leech Seed|[of] p2a: Gourgeist\n|-heal|p2a: Gourgeist|70\/100|[silent]\n|-damage|p1a: Primarina|47\/100 brn|[from] brn\n|upkeep\n|turn|12\n|\n|t:|1699415783\n|move|p2a: Gourgeist|Synthesis|p2a: Gourgeist\n|-heal|p2a: Gourgeist|100\/100\n|move|p1a: Primarina|Dazzling Gleam|p2a: Gourgeist\n|-damage|p2a: Gourgeist|50\/100\n|\n|-heal|p2a: Gourgeist|56\/100|[from] item: Leftovers\n|-heal|p1a: Primarina|53\/100 brn|[from] item: Leftovers\n|-damage|p1a: Primarina|41\/100 brn|[from] Leech Seed|[of] p2a: Gourgeist\n|-heal|p2a: Gourgeist|69\/100|[silent]\n|-damage|p1a: Primarina|35\/100 brn|[from] brn\n|-sideend|p1: 202231a|Reflect\n|upkeep\n|turn|13\n|\n|t:|1699415794\n|switch|p1a: Marshadow|Marshadow|100\/100\n|-damage|p1a: Marshadow|94\/100|[from] Stealth Rock\n|move|p2a: Gourgeist|Synthesis|p2a: Gourgeist\n|-heal|p2a: Gourgeist|100\/100\n|\n|-sideend|p1: 202231a|move: Light Screen\n|upkeep\n|turn|14\n|\n|t:|1699415806\n|-terastallize|p2a: Gourgeist|Dark\n|move|p1a: Marshadow|Spectral Thief|p2a: Gourgeist\n|-resisted|p2a: Gourgeist\n|-damage|p2a: Gourgeist|85\/100\n|move|p2a: Gourgeist|Will-O-Wisp|p1a: Marshadow\n|-status|p1a: Marshadow|brn\n|\n|-heal|p2a: Gourgeist|91\/100|[from] item: Leftovers\n|-damage|p1a: Marshadow|88\/100 brn|[from] brn\n|upkeep\n|turn|15\n|\n|t:|1699415821\n|switch|p1a: Kommo-o|Kommo-o, M|100\/100\n|-damage|p1a: Kommo-o|94\/100|[from] Stealth Rock\n|move|p2a: Gourgeist|Leech Seed|p1a: Kommo-o\n|-start|p1a: Kommo-o|move: Leech Seed\n|\n|-heal|p2a: Gourgeist|97\/100|[from] item: Leftovers\n|-damage|p1a: Kommo-o|82\/100|[from] Leech Seed|[of] p2a: Gourgeist\n|-heal|p2a: Gourgeist|100\/100|[silent]\n|upkeep\n|turn|16\n|\n|t:|1699415831\n|move|p2a: Gourgeist|Will-O-Wisp|p1a: Kommo-o\n|-status|p1a: Kommo-o|brn\n|move|p1a: Kommo-o|Aura Sphere|p2a: Gourgeist\n|-supereffective|p2a: Gourgeist\n|-damage|p2a: Gourgeist|18\/100\n|\n|-heal|p2a: Gourgeist|24\/100|[from] item: Leftovers\n|-damage|p1a: Kommo-o|69\/100 brn|[from] Leech Seed|[of] p2a: Gourgeist\n|-heal|p2a: Gourgeist|37\/100|[silent]\n|-damage|p1a: Kommo-o|63\/100 brn|[from] brn\n|upkeep\n|turn|17\n|\n|t:|1699415841\n|move|p2a: Gourgeist|Synthesis|p2a: Gourgeist\n|-heal|p2a: Gourgeist|87\/100\n|move|p1a: Kommo-o|Aura Sphere|p2a: Gourgeist\n|-supereffective|p2a: Gourgeist\n|-crit|p2a: Gourgeist\n|-damage|p2a: Gourgeist|0 fnt\n|faint|p2a: Gourgeist\n|\n|-damage|p1a: Kommo-o|57\/100 brn|[from] brn\n|upkeep\n|\n|t:|1699415856\n|switch|p2a: Rabsca|Rabsca, F|100\/100\n|turn|18\n|\n|t:|1699415860\n|move|p1a: Kommo-o|Clangorous Soul|p1a: Kommo-o\n|-boost|p1a: Kommo-o|atk|1\n|-boost|p1a: Kommo-o|def|1\n|-boost|p1a: Kommo-o|spa|1\n|-boost|p1a: Kommo-o|spd|1\n|-boost|p1a: Kommo-o|spe|1\n|-damage|p1a: Kommo-o|24\/100 brn\n|move|p2a: Rabsca|Trick Room|p2a: Rabsca\n|-fieldstart|move: Trick Room|[of] p2a: Rabsca\n|\n|-damage|p1a: Kommo-o|12\/100 brn|[from] Leech Seed|[of] p2a: Rabsca\n|-damage|p1a: Kommo-o|5\/100 brn|[from] brn\n|upkeep\n|turn|19\n|\n|t:|1699415871\n|move|p2a: Rabsca|Psyshock|p1a: Kommo-o\n|-supereffective|p1a: Kommo-o\n|-damage|p1a: Kommo-o|0 fnt\n|faint|p1a: Kommo-o\n|\n|upkeep\n|\n|t:|1699415878\n|switch|p1a: Primarina|Primarina, F|35\/100 brn\n|-damage|p1a: Primarina|22\/100 brn|[from] Stealth Rock\n|turn|20\n|\n|t:|1699415883\n|move|p2a: Rabsca|Psyshock|p1a: Primarina\n|-damage|p1a: Primarina|0 fnt\n|faint|p1a: Primarina\n|\n|upkeep\n|\n|t:|1699415889\n|switch|p1a: Necrozma|Necrozma-Dawn-Wings, shiny|100\/100\n|-damage|p1a: Necrozma|88\/100|[from] Stealth Rock\n|turn|21\n|\n|t:|1699415898\n|move|p2a: Rabsca|Earth Power|p1a: Necrozma\n|-damage|p1a: Necrozma|62\/100\n|move|p1a: Necrozma|Moongeist Beam|p2a: Rabsca\n|-supereffective|p2a: Rabsca\n|-damage|p2a: Rabsca|0 fnt\n|faint|p2a: Rabsca\n|\n|upkeep\n|\n|t:|1699415910\n|switch|p2a: Kleavor|Kleavor, M|100\/100\n|turn|22\n|\n|t:|1699415920\n|detailschange|p1a: Necrozma|Necrozma-Ultra, shiny\n|-burst|p1a: Necrozma|Necrozma|Ultranecrozium Z\n|move|p1a: Necrozma|Dragon Pulse|p2a: Kleavor\n|-damage|p2a: Kleavor|14\/100\n|move|p2a: Kleavor|X-Scissor|p1a: Necrozma\n|-supereffective|p1a: Necrozma\n|-damage|p1a: Necrozma|0 fnt\n|faint|p1a: Necrozma\n|\n|-fieldend|move: Trick Room\n|upkeep\n|\n|t:|1699415930\n|switch|p1a: Marshadow|Marshadow|88\/100 brn\n|-damage|p1a: Marshadow|82\/100 brn|[from] Stealth Rock\n|turn|23\n|\n|t:|1699415936\n|-terastallize|p1a: Marshadow|Fighting\n|move|p1a: Marshadow|Drain Punch|p2a: Kleavor\n|-damage|p2a: Kleavor|0 fnt\n|-heal|p1a: Marshadow|88\/100 brn|[from] drain|[of] p2a: Kleavor\n|faint|p2a: Kleavor\n|\n|-damage|p1a: Marshadow|82\/100 brn|[from] brn\n|upkeep\n|\n|t:|1699415944\n|switch|p2a: Ludicolo|Ludicolo, M|100\/100\n|turn|24\n|\n|t:|1699415949\n|move|p1a: Marshadow|Drain Punch|p2a: Ludicolo\n|-damage|p2a: Ludicolo|64\/100\n|-heal|p1a: Marshadow|99\/100 brn|[from] drain|[of] p2a: Ludicolo\n|move|p2a: Ludicolo|Hydro Pump|p1a: Marshadow|[miss]\n|-miss|p2a: Ludicolo|p1a: Marshadow\n|\n|-damage|p1a: Marshadow|92\/100 brn|[from] brn\n|upkeep\n|turn|25\n|\n|t:|1699415959\n|move|p1a: Marshadow|Drain Punch|p2a: Ludicolo\n|-damage|p2a: Ludicolo|22\/100\n|-heal|p1a: Marshadow|100\/100 brn|[from] drain|[of] p2a: Ludicolo\n|move|p2a: Ludicolo|Hydro Pump|p1a: Marshadow\n|-damage|p1a: Marshadow|32\/100 brn\n|-damage|p2a: Ludicolo|12\/100|[from] item: Life Orb\n|\n|-damage|p1a: Marshadow|26\/100 brn|[from] brn\n|upkeep\n|turn|26\n|\n|t:|1699415968\n|move|p1a: Marshadow|Drain Punch|p2a: Ludicolo\n|-damage|p2a: Ludicolo|0 fnt\n|-heal|p1a: Marshadow|32\/100 brn|[from] drain|[of] p2a: Ludicolo\n|faint|p2a: Ludicolo\n|\n|-damage|p1a: Marshadow|25\/100 brn|[from] brn\n|upkeep\n|\n|t:|1699415975\n|switch|p2a: Lucario|Lucario, M|100\/100\n|turn|27\n|\n|t:|1699415979\n|detailschange|p2a: Lucario|Lucario-Mega, M\n|-mega|p2a: Lucario|Lucario|Lucarionite\n|move|p2a: Lucario|Bullet Punch|p1a: Marshadow\n|-damage|p1a: Marshadow|0 fnt\n|faint|p1a: Marshadow\n|\n|win|ShriveledMonkey\n|raw|202231a's rating: 1114 &rarr; <strong>1082<\/strong><br \/>(-32 for losing)\n|raw|ShriveledMonkey's rating: 1017 &rarr; <strong>1065<\/strong><br \/>(+48 for winning)\n|l|\u2606202231a\n","uploadtime":1699415985,"views":4,"p1id":"202231a","p2id":"shriveledmonkey","formatid":"gen9nationaldexubers","rating":1065,"private":0,"password":""}