{"id":"gen9nationaldexubers-1980532911","p1":"wizardofballs","p2":"mullet boy games","format":"[Gen 9] National Dex Ubers","log":"|j|\u2606wizardofballs\n|j|\u2606mullet boy games\n|t:|1698794372\n|gametype|singles\n|player|p1|wizardofballs|265|1360\n|player|p2|mullet boy games|hilbert|1423\n|teamsize|p1|6\n|teamsize|p2|6\n|gen|9\n|tier|[Gen 9] National Dex Ubers\n|rated|\n|rule|HP Percentage Mod: HP is shown in percentages\n|rule|Endless Battle Clause: Forcing endless battles is banned\n|rule|OHKO Clause: OHKO moves are banned\n|rule|Evasion Moves Clause: Evasion moves are banned\n|rule|Evasion Items Clause: Evasion items are banned\n|rule|Species Clause: Limit one of each Pok\u00e9mon\n|rule|Sleep Clause Mod: Limit one foe put to sleep\n|rule|Mega Rayquaza Clause: You cannot mega evolve Rayquaza\n|clearpoke\n|poke|p1|Kyogre|\n|poke|p1|Arceus|\n|poke|p1|Ho-Oh|\n|poke|p1|Groudon|\n|poke|p1|Great Tusk|\n|poke|p1|Eternatus|\n|poke|p2|Ho-Oh|\n|poke|p2|Groudon|\n|poke|p2|Salamence, M|\n|poke|p2|Xerneas-*|\n|poke|p2|Lugia|\n|poke|p2|Necrozma-Dawn-Wings|\n|teampreview\n|inactive|Battle timer is ON: inactive players will automatically lose when time's up. (requested by mullet boy games)\n|\n|t:|1698794379\n|start\n|switch|p1a: Arceus|Arceus|100\/100\n|switch|p2a: Groudon|Groudon|100\/100\n|detailschange|p2a: Groudon|Groudon-Primal\n|-primal|p2a: Groudon|Red Orb\n|-weather|DesolateLand|[from] ability: Desolate Land|[of] p2a: Groudon\n|turn|1\n|\n|t:|1698794395\n|switch|p1a: Groudon|Groudon|100\/100\n|-ability|p1a: Groudon|Drought|[from] desolateland|[fail]\n|-weather|none\n|switch|p2a: Necrozma|Necrozma-Dawn-Wings|100\/100\n|\n|upkeep\n|turn|2\n|\n|t:|1698794420\n|move|p1a: Groudon|Rock Polish|p1a: Groudon\n|-boost|p1a: Groudon|spe|2\n|move|p2a: Necrozma|Photon Geyser|p1a: Groudon\n|-damage|p1a: Groudon|3\/100\n|-damage|p2a: Necrozma|91\/100|[from] item: Life Orb\n|\n|-heal|p1a: Groudon|9\/100|[from] item: Leftovers\n|upkeep\n|turn|3\n|\n|t:|1698794437\n|move|p1a: Groudon|Earthquake|p2a: Necrozma\n|-crit|p2a: Necrozma\n|-damage|p2a: Necrozma|12\/100\n|move|p2a: Necrozma|Photon Geyser|p1a: Groudon\n|-damage|p1a: Groudon|0 fnt\n|faint|p1a: Groudon\n|-damage|p2a: Necrozma|2\/100|[from] item: Life Orb\n|\n|upkeep\n|\n|t:|1698794448\n|switch|p1a: Arceus|Arceus|100\/100\n|turn|4\n|\n|t:|1698794452\n|move|p1a: Arceus|Will-O-Wisp|p2a: Necrozma\n|-status|p2a: Necrozma|brn\n|move|p2a: Necrozma|Photon Geyser|p1a: Arceus\n|-damage|p1a: Arceus|48\/100\n|-damage|p2a: Necrozma|0 fnt|[from] item: Life Orb\n|faint|p2a: Necrozma\n|\n|-heal|p1a: Arceus|54\/100|[from] item: Leftovers\n|upkeep\n|\n|t:|1698794468\n|switch|p2a: Groudon|Groudon-Primal|100\/100\n|-weather|DesolateLand|[from] ability: Desolate Land|[of] p2a: Groudon\n|turn|5\n|\n|t:|1698794483\n|switch|p1a: Kyogre|Kyogre|100\/100\n|-ability|p1a: Kyogre|Drizzle|[from] desolateland|[fail]\n|move|p2a: Groudon|Earthquake|p1a: Kyogre\n|-damage|p1a: Kyogre|33\/100\n|\n|-weather|DesolateLand|[upkeep]\n|upkeep\n|turn|6\n|\n|t:|1698794495\n|switch|p1a: Great Tusk|Great Tusk|100\/100\n|move|p2a: Groudon|Stealth Rock|p1a: Great Tusk\n|-sidestart|p1: wizardofballs|move: Stealth Rock\n|\n|-weather|DesolateLand|[upkeep]\n|upkeep\n|turn|7\n|\n|t:|1698794501\n|move|p2a: Groudon|Heat Crash|p1a: Great Tusk\n|-damage|p1a: Great Tusk|47\/100\n|move|p1a: Great Tusk|Rapid Spin|p2a: Groudon\n|-crit|p2a: Groudon\n|-damage|p2a: Groudon|84\/100\n|-boost|p1a: Great Tusk|spe|1\n|-sideend|p1: wizardofballs|Stealth Rock|[from] move: Rapid Spin|[of] p1a: Great Tusk\n|\n|-weather|DesolateLand|[upkeep]\n|upkeep\n|turn|8\n|\n|t:|1698794510\n|move|p1a: Great Tusk|Earthquake|p2a: Groudon\n|-supereffective|p2a: Groudon\n|-damage|p2a: Groudon|20\/100\n|move|p2a: Groudon|Heat Crash|p1a: Great Tusk\n|-damage|p1a: Great Tusk|0 fnt\n|faint|p1a: Great Tusk\n|-end|p1a: Great Tusk|Protosynthesis|[silent]\n|\n|-weather|DesolateLand|[upkeep]\n|upkeep\n|\n|t:|1698794522\n|switch|p1a: Arceus|Arceus|54\/100\n|turn|9\n|\n|t:|1698794525\n|move|p1a: Arceus|Shadow Ball|p2a: Groudon\n|-damage|p2a: Groudon|0 fnt\n|faint|p2a: Groudon\n|-weather|none\n|\n|-heal|p1a: Arceus|60\/100|[from] item: Leftovers\n|upkeep\n|\n|t:|1698794546\n|switch|p2a: Ho-Oh|Ho-Oh, shiny|100\/100\n|turn|10\n|\n|t:|1698794551\n|move|p1a: Arceus|Calm Mind|p1a: Arceus\n|-boost|p1a: Arceus|spa|1\n|-boost|p1a: Arceus|spd|1\n|move|p2a: Ho-Oh|Sacred Fire|p1a: Arceus\n|-damage|p1a: Arceus|30\/100\n|-status|p1a: Arceus|brn\n|\n|-heal|p1a: Arceus|36\/100 brn|[from] item: Leftovers\n|-damage|p1a: Arceus|30\/100 brn|[from] brn\n|upkeep\n|turn|11\n|\n|t:|1698794562\n|move|p1a: Arceus|Judgment|p2a: Ho-Oh\n|-damage|p2a: Ho-Oh|65\/100\n|move|p2a: Ho-Oh|Sacred Fire|p1a: Arceus\n|-damage|p1a: Arceus|0 fnt\n|faint|p1a: Arceus\n|\n|upkeep\n|\n|t:|1698794572\n|switch|p1a: Kyogre|Kyogre|33\/100\n|-weather|RainDance|[from] ability: Drizzle|[of] p1a: Kyogre\n|turn|12\n|\n|t:|1698794581\n|switch|p2a: Lugia|Lugia|100\/100\n|move|p1a: Kyogre|Thunder|p2a: Lugia\n|-supereffective|p2a: Lugia\n|-damage|p2a: Lugia|76\/100\n|-status|p2a: Lugia|par\n|\n|-weather|RainDance|[upkeep]\n|upkeep\n|turn|13\n|\n|t:|1698794596\n|move|p1a: Kyogre|Thunder|p2a: Lugia\n|-supereffective|p2a: Lugia\n|-damage|p2a: Lugia|25\/100 par\n|move|p2a: Lugia|Aeroblast|p1a: Kyogre\n|-damage|p1a: Kyogre|8\/100\n|\n|-weather|RainDance|[upkeep]\n|upkeep\n|turn|14\n|\n|t:|1698794609\n|move|p1a: Kyogre|Thunder|p2a: Lugia\n|-supereffective|p2a: Lugia\n|-damage|p2a: Lugia|0 fnt\n|faint|p2a: Lugia\n|\n|-weather|RainDance|[upkeep]\n|upkeep\n|\n|t:|1698794611\n|switch|p2a: Salamence|Salamence, M|100\/100\n|-ability|p2a: Salamence|Intimidate|boost\n|-unboost|p1a: Kyogre|atk|1\n|turn|15\n|\n|t:|1698794620\n|detailschange|p2a: Salamence|Salamence-Mega, M\n|-mega|p2a: Salamence|Salamence|Salamencite\n|move|p1a: Kyogre|Thunder|p2a: Salamence\n|-damage|p2a: Salamence|57\/100\n|-status|p2a: Salamence|par\n|cant|p2a: Salamence|par\n|\n|-weather|RainDance|[upkeep]\n|upkeep\n|turn|16\n|\n|t:|1698794630\n|move|p1a: Kyogre|Thunder|p2a: Salamence\n|-damage|p2a: Salamence|8\/100 par\n|move|p2a: Salamence|Frustration|p1a: Kyogre\n|-damage|p1a: Kyogre|0 fnt\n|faint|p1a: Kyogre\n|\n|-weather|none\n|upkeep\n|\n|t:|1698794645\n|switch|p1a: Ho-Oh|Ho-Oh|100\/100\n|turn|17\n|\n|t:|1698794656\n|move|p1a: Ho-Oh|Flame Charge|p2a: Salamence\n|-resisted|p2a: Salamence\n|-damage|p2a: Salamence|0 fnt\n|-boost|p1a: Ho-Oh|spe|1\n|faint|p2a: Salamence\n|\n|upkeep\n|\n|t:|1698794664\n|switch|p2a: Xerneas|Xerneas, shiny|100\/100\n|-ability|p2a: Xerneas|Fairy Aura\n|turn|18\n|\n|t:|1698794675\n|-terastallize|p2a: Xerneas|Electric\n|move|p1a: Ho-Oh|Sacred Fire|p2a: Xerneas\n|-damage|p2a: Xerneas|60\/100\n|move|p2a: Xerneas|Geomancy||[still]\n|-prepare|p2a: Xerneas|Geomancy\n|-enditem|p2a: Xerneas|Power Herb\n|-anim|p2a: Xerneas|Geomancy|p2a: Xerneas\n|-boost|p2a: Xerneas|spa|2\n|-boost|p2a: Xerneas|spd|2\n|-boost|p2a: Xerneas|spe|2\n|\n|upkeep\n|turn|19\n|\n|t:|1698794692\n|-terastallize|p1a: Ho-Oh|Fairy\n|move|p2a: Xerneas|Thunderbolt|p1a: Ho-Oh\n|-damage|p1a: Ho-Oh|56\/100\n|move|p1a: Ho-Oh|Sacred Fire|p2a: Xerneas\n|-damage|p2a: Xerneas|18\/100\n|-status|p2a: Xerneas|brn\n|\n|-damage|p2a: Xerneas|12\/100 brn|[from] brn\n|upkeep\n|turn|20\n|inactive|mullet boy games has 120 seconds left.\n|\n|t:|1698794735\n|move|p2a: Xerneas|Flash Cannon|p1a: Ho-Oh\n|-supereffective|p1a: Ho-Oh\n|-damage|p1a: Ho-Oh|1\/100\n|move|p1a: Ho-Oh|Recover|p1a: Ho-Oh\n|-heal|p1a: Ho-Oh|51\/100\n|\n|-damage|p2a: Xerneas|6\/100 brn|[from] brn\n|upkeep\n|turn|21\n|\n|t:|1698794745\n|move|p2a: Xerneas|Flash Cannon|p1a: Ho-Oh\n|-supereffective|p1a: Ho-Oh\n|-damage|p1a: Ho-Oh|0 fnt\n|faint|p1a: Ho-Oh\n|\n|-damage|p2a: Xerneas|0 fnt|[from] brn\n|faint|p2a: Xerneas\n|upkeep\n|inactive|mullet boy games has 120 seconds left.\n|\n|t:|1698794757\n|switch|p2a: Ho-Oh|Ho-Oh, shiny|98\/100\n|switch|p1a: Eternatus|Eternatus|100\/100\n|-ability|p1a: Eternatus|Pressure\n|turn|22\n|j| prince5\n|\n|t:|1698794766\n|move|p1a: Eternatus|Sludge Wave|p2a: Ho-Oh\n|-damage|p2a: Ho-Oh|65\/100\n|move|p2a: Ho-Oh|Sacred Fire|p1a: Eternatus\n|-resisted|p1a: Eternatus\n|-damage|p1a: Eternatus|79\/100\n|\n|upkeep\n|turn|23\n|\n|t:|1698794775\n|move|p1a: Eternatus|Sludge Wave|p2a: Ho-Oh\n|-crit|p2a: Ho-Oh\n|-damage|p2a: Ho-Oh|18\/100\n|move|p2a: Ho-Oh|Roost|p2a: Ho-Oh\n|-heal|p2a: Ho-Oh|68\/100\n|-singleturn|p2a: Ho-Oh|move: Roost\n|\n|upkeep\n|turn|24\n|\n|t:|1698794783\n|move|p1a: Eternatus|Sludge Wave|p2a: Ho-Oh\n|-damage|p2a: Ho-Oh|32\/100\n|move|p2a: Ho-Oh|Roost|p2a: Ho-Oh\n|-heal|p2a: Ho-Oh|82\/100\n|-singleturn|p2a: Ho-Oh|move: Roost\n|\n|upkeep\n|turn|25\n|\n|t:|1698794791\n|move|p1a: Eternatus|Sludge Wave|p2a: Ho-Oh\n|-damage|p2a: Ho-Oh|47\/100\n|move|p2a: Ho-Oh|Dual Wingbeat|p1a: Eternatus\n|-damage|p1a: Eternatus|62\/100\n|-damage|p1a: Eternatus|45\/100\n|-hitcount|p1a: Eternatus|2\n|\n|upkeep\n|turn|26\n|\n|t:|1698794799\n|move|p1a: Eternatus|Sludge Wave|p2a: Ho-Oh\n|-damage|p2a: Ho-Oh|13\/100\n|move|p2a: Ho-Oh|Roost|p2a: Ho-Oh\n|-heal|p2a: Ho-Oh|63\/100\n|-singleturn|p2a: Ho-Oh|move: Roost\n|\n|upkeep\n|turn|27\n|\n|t:|1698794807\n|move|p1a: Eternatus|Sludge Wave|p2a: Ho-Oh\n|-damage|p2a: Ho-Oh|27\/100\n|move|p2a: Ho-Oh|Roost|p2a: Ho-Oh\n|-heal|p2a: Ho-Oh|77\/100\n|-singleturn|p2a: Ho-Oh|move: Roost\n|\n|upkeep\n|turn|28\n|\n|t:|1698794816\n|move|p1a: Eternatus|Sludge Wave|p2a: Ho-Oh\n|-damage|p2a: Ho-Oh|44\/100\n|move|p2a: Ho-Oh|Roost|p2a: Ho-Oh\n|-heal|p2a: Ho-Oh|95\/100\n|-singleturn|p2a: Ho-Oh|move: Roost\n|\n|upkeep\n|turn|29\n|\n|t:|1698794824\n|move|p1a: Eternatus|Sludge Wave|p2a: Ho-Oh\n|-crit|p2a: Ho-Oh\n|-damage|p2a: Ho-Oh|39\/100\n|move|p2a: Ho-Oh|Dual Wingbeat|p1a: Eternatus\n|-damage|p1a: Eternatus|29\/100\n|-damage|p1a: Eternatus|11\/100\n|-hitcount|p1a: Eternatus|2\n|\n|upkeep\n|turn|30\n|\n|t:|1698794832\n|move|p1a: Eternatus|Sludge Wave|p2a: Ho-Oh\n|-damage|p2a: Ho-Oh|3\/100\n|-status|p2a: Ho-Oh|psn\n|move|p2a: Ho-Oh|Roost|p2a: Ho-Oh\n|-heal|p2a: Ho-Oh|53\/100 psn\n|-singleturn|p2a: Ho-Oh|move: Roost\n|\n|-damage|p2a: Ho-Oh|41\/100 psn|[from] psn\n|upkeep\n|turn|31\n|\n|t:|1698794842\n|move|p1a: Eternatus|Sludge Wave|p2a: Ho-Oh\n|-damage|p2a: Ho-Oh|7\/100 psn\n|move|p2a: Ho-Oh|Dual Wingbeat|p1a: Eternatus\n|-damage|p1a: Eternatus|0 fnt\n|faint|p1a: Eternatus\n|-hitcount|p1: Eternatus|1\n|\n|win|mullet boy games\n|raw|wizardofballs's rating: 1360 &rarr; <strong>1344<\/strong><br \/>(-16 for losing)\n|raw|mullet boy games's rating: 1423 &rarr; <strong>1439<\/strong><br \/>(+16 for winning)\n|c|\u2606mullet boy games|gg\n|l| prince5\n|c|\u2606wizardofballs|Damn\n|l|\u2606wizardofballs\n","uploadtime":1698794880,"views":7,"p1id":"wizardofballs","p2id":"mulletboygames","formatid":"gen9nationaldexubers","rating":1344,"private":0,"password":""}