{"id":"gen9nationaldexubers-1980485188","p1":"ThatOneZoro\/Zoa","p2":"michael213","format":"[Gen 9] National Dex Ubers","log":"|j|\u2606ThatOneZoro\/Zoa\n|j|\u2606michael213\n|t:|1698789416\n|gametype|singles\n|player|p1|ThatOneZoro\/Zoa|grusha|\n|player|p2|michael213|akari|\n|teamsize|p1|6\n|teamsize|p2|6\n|gen|9\n|tier|[Gen 9] National Dex Ubers\n|rule|HP Percentage Mod: HP is shown in percentages\n|rule|Endless Battle Clause: Forcing endless battles is banned\n|rule|OHKO Clause: OHKO moves are banned\n|rule|Evasion Moves Clause: Evasion moves are banned\n|rule|Evasion Items Clause: Evasion items are banned\n|rule|Species Clause: Limit one of each Pok\u00e9mon\n|rule|Sleep Clause Mod: Limit one foe put to sleep\n|rule|Mega Rayquaza Clause: You cannot mega evolve Rayquaza\n|clearpoke\n|poke|p1|Blaziken, M|\n|poke|p1|Sneasler, F|\n|poke|p1|Iron Valiant|\n|poke|p1|Great Tusk|\n|poke|p1|Keldeo|\n|poke|p1|Tapu Koko|\n|poke|p2|Roaring Moon|\n|poke|p2|Clodsire, F|\n|poke|p2|Jirachi|\n|poke|p2|Samurott-Hisui, F|\n|poke|p2|Zapdos|\n|poke|p2|Medicham, F|\n|teampreview\n|inactive|Battle timer is ON: inactive players will automatically lose when time's up. (requested by michael213)\n|c|\u2606michael213|hf\n|c|\u2606ThatOneZoro\/Zoa|glhf\n|\n|t:|1698789429\n|start\n|switch|p1a: Tapu Koko|Tapu Koko|100\/100\n|switch|p2a: Medicham|Medicham, F|100\/100\n|-fieldstart|move: Electric Terrain|[from] ability: Electric Surge|[of] p1a: Tapu Koko\n|turn|1\n|\n|t:|1698789437\n|detailschange|p2a: Medicham|Medicham-Mega, F\n|-mega|p2a: Medicham|Medicham|Medichamite\n|move|p2a: Medicham|Fake Out|p1a: Tapu Koko\n|-damage|p1a: Tapu Koko|70\/100\n|cant|p1a: Tapu Koko|flinch\n|\n|upkeep\n|turn|2\n|\n|t:|1698789441\n|switch|p2a: Clodsire|Clodsire, F|100\/100\n|move|p1a: Tapu Koko|U-turn|p2a: Clodsire\n|-resisted|p2a: Clodsire\n|-damage|p2a: Clodsire|89\/100\n|\n|t:|1698789449\n|switch|p1a: Iron Valiant|Iron Valiant|100\/100|[from] U-turn\n|-activate|p1a: Iron Valiant|ability: Quark Drive\n|-start|p1a: Iron Valiant|quarkdrivespe\n|\n|-heal|p2a: Clodsire|95\/100|[from] item: Black Sludge\n|upkeep\n|turn|3\n|\n|t:|1698789462\n|move|p1a: Iron Valiant|Psyshock|p2a: Clodsire\n|-supereffective|p2a: Clodsire\n|-damage|p2a: Clodsire|4\/100\n|move|p2a: Clodsire|Toxic|p1a: Iron Valiant\n|-status|p1a: Iron Valiant|tox\n|\n|-heal|p2a: Clodsire|10\/100|[from] item: Black Sludge\n|-damage|p1a: Iron Valiant|94\/100 tox|[from] psn\n|upkeep\n|turn|4\n|\n|t:|1698789470\n|-end|p1a: Iron Valiant|Quark Drive|[silent]\n|switch|p1a: Sneasler|Sneasler, F|100\/100\n|-enditem|p1a: Sneasler|Electric Seed\n|-boost|p1a: Sneasler|def|1|[from] item: Electric Seed\n|switch|p2a: Jirachi|Jirachi, shiny|100\/100\n|\n|upkeep\n|turn|5\n|\n|t:|1698789476\n|move|p1a: Sneasler|Fake Out|p2a: Jirachi\n|-resisted|p2a: Jirachi\n|-damage|p2a: Jirachi|92\/100\n|cant|p2a: Jirachi|flinch\n|\n|upkeep\n|turn|6\n|\n|t:|1698789482\n|switch|p2a: Zapdos|Zapdos|100\/100\n|move|p1a: Sneasler|Close Combat|p2a: Zapdos\n|-resisted|p2a: Zapdos\n|-damage|p2a: Zapdos|73\/100\n|-unboost|p1a: Sneasler|def|1\n|-unboost|p1a: Sneasler|spd|1\n|-damage|p1a: Sneasler|84\/100|[from] item: Rocky Helmet|[of] p2a: Zapdos\n|-status|p1a: Sneasler|par|[from] ability: Static|[of] p2a: Zapdos\n|\n|upkeep\n|turn|7\n|\n|t:|1698789489\n|cant|p1a: Sneasler|par\n|move|p2a: Zapdos|Hurricane|p1a: Sneasler\n|-supereffective|p1a: Sneasler\n|-damage|p1a: Sneasler|0 fnt\n|faint|p1a: Sneasler\n|\n|upkeep\n|c|\u2606michael213|btw\n|c|\u2606michael213|dont run fake out + unburden\n|c|\u2606michael213|run sd 3a\n|\n|t:|1698789509\n|switch|p1a: Tapu Koko|Tapu Koko|70\/100\n|turn|8\n|c|\u2606michael213|better use of the speed\n|\n|t:|1698789521\n|move|p1a: Tapu Koko|Wild Charge|p2a: Zapdos\n|-damage|p2a: Zapdos|31\/100\n|-damage|p1a: Tapu Koko|53\/100|[from] item: Rocky Helmet|[of] p2a: Zapdos\n|-damage|p1a: Tapu Koko|39\/100|[from] Recoil\n|move|p2a: Zapdos|Volt Switch|p1a: Tapu Koko\n|-resisted|p1a: Tapu Koko\n|-damage|p1a: Tapu Koko|15\/100\n|c|\u2606ThatOneZoro\/Zoa|fair enough\n|\n|t:|1698789527\n|switch|p2a: Medicham|Medicham-Mega, F|100\/100|[from] Volt Switch\n|\n|-fieldend|move: Electric Terrain\n|upkeep\n|turn|9\n|\n|t:|1698789535\n|switch|p1a: Keldeo|Keldeo|100\/100\n|move|p2a: Medicham|Fake Out|p1a: Keldeo\n|-damage|p1a: Keldeo|72\/100\n|\n|upkeep\n|turn|10\n|\n|t:|1698789553\n|switch|p2a: Clodsire|Clodsire, F|10\/100\n|move|p1a: Keldeo|Hydro Pump|p2a: Clodsire\n|-heal|p2a: Clodsire|35\/100|[from] ability: Water Absorb|[of] p1a: Keldeo\n|\n|-heal|p2a: Clodsire|42\/100|[from] item: Black Sludge\n|upkeep\n|turn|11\n|\n|t:|1698789566\n|switch|p1a: Tapu Koko|Tapu Koko|15\/100\n|-fieldstart|move: Electric Terrain|[from] ability: Electric Surge|[of] p1a: Tapu Koko\n|move|p2a: Clodsire|Toxic|p1a: Tapu Koko\n|-status|p1a: Tapu Koko|tox\n|\n|-heal|p2a: Clodsire|48\/100|[from] item: Black Sludge\n|-damage|p1a: Tapu Koko|9\/100 tox|[from] psn\n|upkeep\n|turn|12\n|\n|t:|1698789584\n|move|p1a: Tapu Koko|Iron Head|p2a: Clodsire\n|-damage|p2a: Clodsire|20\/100\n|move|p2a: Clodsire|Stealth Rock|p1a: Tapu Koko\n|-sidestart|p1: ThatOneZoro\/Zoa|move: Stealth Rock\n|\n|-heal|p2a: Clodsire|26\/100|[from] item: Black Sludge\n|-damage|p1a: Tapu Koko|0 fnt|[from] psn\n|faint|p1a: Tapu Koko\n|upkeep\n|\n|t:|1698789595\n|switch|p1a: Great Tusk|Great Tusk|100\/100\n|-damage|p1a: Great Tusk|98\/100|[from] Stealth Rock\n|turn|13\n|\n|t:|1698789605\n|switch|p2a: Zapdos|Zapdos|31\/100\n|move|p1a: Great Tusk|Bulk Up|p1a: Great Tusk\n|-boost|p1a: Great Tusk|atk|1\n|-boost|p1a: Great Tusk|def|1\n|\n|-heal|p1a: Great Tusk|100\/100|[from] item: Leftovers\n|upkeep\n|turn|14\n|\n|t:|1698789611\n|move|p2a: Zapdos|Hurricane|p1a: Great Tusk\n|-supereffective|p1a: Great Tusk\n|-damage|p1a: Great Tusk|0 fnt\n|faint|p1a: Great Tusk\n|-end|p1a: Great Tusk|Protosynthesis|[silent]\n|\n|upkeep\n|\n|t:|1698789617\n|switch|p1a: Blaziken|Blaziken, M|100\/100\n|-damage|p1a: Blaziken|88\/100|[from] Stealth Rock\n|turn|15\n|inactive|michael213 has 270 seconds left.\n|\n|t:|1698789660\n|detailschange|p1a: Blaziken|Blaziken-Mega, M\n|-mega|p1a: Blaziken|Blaziken|Blazikenite\n|move|p1a: Blaziken|Bulk Up|p1a: Blaziken\n|-boost|p1a: Blaziken|atk|1\n|-boost|p1a: Blaziken|def|1\n|move|p2a: Zapdos|Volt Switch|p1a: Blaziken\n|-damage|p1a: Blaziken|45\/100\n|\n|t:|1698789667\n|switch|p2a: Medicham|Medicham-Mega, F|100\/100|[from] Volt Switch\n|\n|-ability|p1a: Blaziken|Speed Boost|boost\n|-boost|p1a: Blaziken|spe|1\n|upkeep\n|turn|16\n|\n|t:|1698789675\n|move|p1a: Blaziken|Protect|p1a: Blaziken\n|-singleturn|p1a: Blaziken|Protect\n|move|p2a: Medicham|Fake Out|p1a: Blaziken\n|-activate|p1a: Blaziken|move: Protect\n|\n|-ability|p1a: Blaziken|Speed Boost|boost\n|-boost|p1a: Blaziken|spe|1\n|upkeep\n|turn|17\n|\n|t:|1698789682\n|switch|p2a: Zapdos|Zapdos|31\/100\n|move|p1a: Blaziken|Blaze Kick|p2a: Zapdos|[miss]\n|-miss|p1a: Blaziken|p2a: Zapdos\n|\n|-ability|p1a: Blaziken|Speed Boost|boost\n|-boost|p1a: Blaziken|spe|1\n|upkeep\n|turn|18\n|\n|t:|1698789689\n|move|p1a: Blaziken|Blaze Kick|p2a: Zapdos\n|-damage|p2a: Zapdos|0 fnt\n|-damage|p1a: Blaziken|29\/100|[from] item: Rocky Helmet|[of] p2a: Zapdos\n|-status|p1a: Blaziken|par|[from] ability: Static|[of] p2a: Zapdos\n|faint|p2a: Zapdos\n|\n|-fieldend|move: Electric Terrain\n|-ability|p1a: Blaziken|Speed Boost|boost\n|-boost|p1a: Blaziken|spe|1\n|upkeep\n|c|\u2606michael213|sorry\n|\n|t:|1698789696\n|switch|p2a: Samurott|Samurott-Hisui, F|100\/100\n|turn|19\n|c|\u2606ThatOneZoro\/Zoa|\u2620\ufe0f\n|\n|t:|1698789708\n|-terastallize|p2a: Samurott|Water\n|move|p2a: Samurott|Aqua Jet|p1a: Blaziken\n|-supereffective|p1a: Blaziken\n|-damage|p1a: Blaziken|0 fnt\n|faint|p1a: Blaziken\n|\n|upkeep\n|\n|t:|1698789715\n|switch|p1a: Iron Valiant|Iron Valiant|94\/100 tox\n|-damage|p1a: Iron Valiant|88\/100 tox|[from] Stealth Rock\n|turn|20\n|\n|t:|1698789732\n|move|p1a: Iron Valiant|Moonblast|p2a: Samurott\n|-crit|p2a: Samurott\n|-enditem|p2a: Samurott|Focus Sash\n|-damage|p2a: Samurott|1\/100\n|move|p2a: Samurott|Aqua Cutter|p1a: Iron Valiant\n|-damage|p1a: Iron Valiant|3\/100 tox\n|\n|-damage|p1a: Iron Valiant|0 fnt|[from] psn\n|faint|p1a: Iron Valiant\n|-end|p1a: Iron Valiant|Quark Drive|[silent]\n|upkeep\n|\n|t:|1698789739\n|switch|p1a: Keldeo|Keldeo|72\/100\n|-damage|p1a: Keldeo|66\/100|[from] Stealth Rock\n|turn|21\n|c|\u2606michael213|gg\n|\n|t:|1698789747\n|move|p1a: Keldeo|Hidden Power|p2a: Samurott\n|-resisted|p2a: Samurott\n|-damage|p2a: Samurott|0 fnt\n|faint|p2a: Samurott\n|\n|upkeep\n|\n|t:|1698789749\n|switch|p2a: Medicham|Medicham-Mega, F|100\/100\n|turn|22\n|c|\u2606ThatOneZoro\/Zoa|gg\n|\n|t:|1698789754\n|move|p2a: Medicham|Fake Out|p1a: Keldeo\n|-damage|p1a: Keldeo|40\/100\n|cant|p1a: Keldeo|flinch\n|\n|upkeep\n|turn|23\n|\n|t:|1698789758\n|move|p1a: Keldeo|Hidden Power|p2a: Medicham\n|-damage|p2a: Medicham|70\/100\n|move|p2a: Medicham|Close Combat|p1a: Keldeo\n|-damage|p1a: Keldeo|0 fnt\n|-unboost|p2a: Medicham|def|1\n|-unboost|p2a: Medicham|spd|1\n|faint|p1a: Keldeo\n|\n|win|michael213\n|c|\u2606michael213|do i save replay?\n|c|\u2606ThatOneZoro\/Zoa|I'll save it\n|c|\u2606michael213|ok cool\n|c|\u2606ThatOneZoro\/Zoa|there's a leader chat for replays\n","uploadtime":1698789786,"views":10,"p1id":"thatonezorozoa","p2id":"michael213","formatid":"gen9nationaldexubers","rating":0,"private":0,"password":""}