{"id":"gen9nationaldexubers-1988835429","p1":"GeorgiaEternatuss","p2":"King\/corvin","format":"[Gen 9] National Dex Ubers","log":"|j|\u2606GeorgiaEternatuss\n|j|\u2606King\/corvin\n|t:|1699770596\n|gametype|singles\n|player|p1|GeorgiaEternatuss|steven|1185\n|player|p2|King\/corvin|flannery|1179\n|teamsize|p1|6\n|teamsize|p2|6\n|gen|9\n|tier|[Gen 9] National Dex Ubers\n|rated|\n|rule|HP Percentage Mod: HP is shown in percentages\n|rule|Endless Battle Clause: Forcing endless battles is banned\n|rule|OHKO Clause: OHKO moves are banned\n|rule|Evasion Moves Clause: Evasion moves are banned\n|rule|Evasion Items Clause: Evasion items are banned\n|rule|Species Clause: Limit one of each Pok\u00e9mon\n|rule|Sleep Clause Mod: Limit one foe put to sleep\n|rule|Mega Rayquaza Clause: You cannot mega evolve Rayquaza\n|clearpoke\n|poke|p1|Urshifu-*, M|\n|poke|p1|Kartana|\n|poke|p1|Umbreon, M|\n|poke|p1|Zapdos|\n|poke|p1|Celesteela|\n|poke|p1|Diancie|\n|poke|p2|Gallade, M|\n|poke|p2|Bisharp, M|\n|poke|p2|Sandy Shocks|\n|poke|p2|Walking Wake|\n|poke|p2|Kleavor, M|\n|poke|p2|Mimikyu, F|\n|teampreview\n|\n|t:|1699770611\n|start\n|switch|p1a: Diancie|Diancie|100\/100\n|switch|p2a: Kleavor|Kleavor, M|100\/100\n|turn|1\n|\n|t:|1699770620\n|detailschange|p1a: Diancie|Diancie-Mega\n|-mega|p1a: Diancie|Diancie|Diancite\n|move|p1a: Diancie|Diamond Storm|p2a: Kleavor\n|-supereffective|p2a: Kleavor\n|-damage|p2a: Kleavor|0 fnt\n|faint|p2a: Kleavor\n|\n|upkeep\n|\n|t:|1699770635\n|switch|p2a: Bisharp|Bisharp, M|100\/100\n|turn|2\n|\n|t:|1699770642\n|switch|p1a: Zapdos|Zapdos|100\/100\n|move|p2a: Bisharp|Iron Head|p1a: Zapdos\n|-resisted|p1a: Zapdos\n|-damage|p1a: Zapdos|85\/100\n|-damage|p2a: Bisharp|84\/100|[from] item: Rocky Helmet|[of] p1a: Zapdos\n|\n|upkeep\n|turn|3\n|\n|t:|1699770657\n|switch|p2a: Sandy Shocks|Sandy Shocks|100\/100\n|-enditem|p2a: Sandy Shocks|Booster Energy\n|-activate|p2a: Sandy Shocks|ability: Protosynthesis|[fromitem]\n|-start|p2a: Sandy Shocks|protosynthesisspe\n|move|p1a: Zapdos|Volt Switch|p2a: Sandy Shocks\n|-immune|p2a: Sandy Shocks\n|\n|upkeep\n|turn|4\n|\n|t:|1699770672\n|switch|p1a: Umbreon|Umbreon, M|100\/100\n|move|p2a: Sandy Shocks|Thunderbolt|p1a: Umbreon\n|-damage|p1a: Umbreon|80\/100\n|\n|-heal|p1a: Umbreon|86\/100|[from] item: Leftovers\n|upkeep\n|turn|5\n|\n|t:|1699770683\n|move|p2a: Sandy Shocks|Earth Power|p1a: Umbreon\n|-damage|p1a: Umbreon|63\/100\n|move|p1a: Umbreon|Wish|p1a: Umbreon\n|\n|-heal|p1a: Umbreon|69\/100|[from] item: Leftovers\n|upkeep\n|turn|6\n|\n|t:|1699770691\n|move|p2a: Sandy Shocks|Thunder Wave|p1a: Umbreon\n|-status|p1a: Umbreon|par\n|-activate|p1a: Umbreon|ability: Synchronize\n|-immune|p2a: Sandy Shocks\n|move|p1a: Umbreon|Foul Play|p2a: Sandy Shocks\n|-damage|p2a: Sandy Shocks|76\/100\n|\n|-heal|p1a: Umbreon|100\/100 par|[from] move: Wish|[wisher] Umbreon\n|upkeep\n|turn|7\n|\n|t:|1699770704\n|-end|p2a: Sandy Shocks|Protosynthesis|[silent]\n|switch|p2a: Bisharp|Bisharp, M|84\/100\n|move|p1a: Umbreon|Heal Bell|p1a: Umbreon\n|-activate|p1a: Umbreon|move: Heal Bell\n|-curestatus|p1a: Umbreon|par|[msg]\n|\n|upkeep\n|turn|8\n|\n|t:|1699770713\n|switch|p1a: Zapdos|Zapdos|85\/100\n|move|p2a: Bisharp|Swords Dance|p2a: Bisharp\n|-boost|p2a: Bisharp|atk|2\n|\n|upkeep\n|turn|9\n|\n|t:|1699770720\n|move|p2a: Bisharp|Sucker Punch||[still]\n|-fail|p2a: Bisharp\n|move|p1a: Zapdos|Whirlwind|p2a: Bisharp\n|drag|p2a: Mimikyu|Mimikyu, F|100\/100\n|\n|upkeep\n|turn|10\n|\n|t:|1699770732\n|move|p1a: Zapdos|Volt Switch|p2a: Mimikyu\n|-activate|p2a: Mimikyu|ability: Disguise\n|-damage|p2a: Mimikyu|100\/100\n|detailschange|p2a: Mimikyu|Mimikyu-Busted, F\n|-damage|p2a: Mimikyu|88\/100|[from] pokemon: Mimikyu-Busted\n|\n|t:|1699770738\n|switch|p1a: Celesteela|Celesteela|100\/100|[from] Volt Switch\n|move|p2a: Mimikyu|Swords Dance|p2a: Mimikyu\n|-boost|p2a: Mimikyu|atk|2\n|\n|-heal|p2a: Mimikyu|94\/100|[from] item: Leftovers\n|upkeep\n|turn|11\n|\n|t:|1699770750\n|move|p2a: Mimikyu|Shadow Claw|p1a: Celesteela\n|-damage|p1a: Celesteela|60\/100\n|move|p1a: Celesteela|Toxic|p2a: Mimikyu|[miss]\n|-miss|p1a: Celesteela|p2a: Mimikyu\n|\n|-heal|p2a: Mimikyu|99\/100|[from] item: Leftovers\n|-heal|p1a: Celesteela|66\/100|[from] item: Leftovers\n|upkeep\n|turn|12\n|\n|t:|1699770761\n|move|p1a: Celesteela|Protect|p1a: Celesteela\n|-singleturn|p1a: Celesteela|Protect\n|move|p2a: Mimikyu|Shadow Claw|p1a: Celesteela\n|-activate|p1a: Celesteela|move: Protect\n|\n|-heal|p2a: Mimikyu|100\/100|[from] item: Leftovers\n|-heal|p1a: Celesteela|72\/100|[from] item: Leftovers\n|upkeep\n|turn|13\n|\n|t:|1699770771\n|move|p2a: Mimikyu|Shadow Claw|p1a: Celesteela\n|-damage|p1a: Celesteela|37\/100\n|move|p1a: Celesteela|Leech Seed|p2a: Mimikyu|[miss]\n|-miss|p1a: Celesteela|p2a: Mimikyu\n|\n|-heal|p1a: Celesteela|43\/100|[from] item: Leftovers\n|upkeep\n|turn|14\n|\n|t:|1699770780\n|move|p1a: Celesteela|Protect|p1a: Celesteela\n|-singleturn|p1a: Celesteela|Protect\n|move|p2a: Mimikyu|Swords Dance|p2a: Mimikyu\n|-boost|p2a: Mimikyu|atk|2\n|\n|-heal|p1a: Celesteela|49\/100|[from] item: Leftovers\n|upkeep\n|turn|15\n|\n|t:|1699770790\n|move|p2a: Mimikyu|Shadow Claw|p1a: Celesteela\n|-damage|p1a: Celesteela|0 fnt\n|faint|p1a: Celesteela\n|\n|upkeep\n|\n|t:|1699770800\n|switch|p1a: Zapdos|Zapdos|85\/100\n|turn|16\n|\n|t:|1699770810\n|move|p2a: Mimikyu|Play Rough|p1a: Zapdos\n|-crit|p1a: Zapdos\n|-damage|p1a: Zapdos|0 fnt\n|-damage|p2a: Mimikyu|84\/100|[from] item: Rocky Helmet|[of] p1a: Zapdos\n|-status|p2a: Mimikyu|par|[from] ability: Static|[of] p1a: Zapdos\n|faint|p1a: Zapdos\n|\n|-heal|p2a: Mimikyu|90\/100 par|[from] item: Leftovers\n|upkeep\n|\n|t:|1699770821\n|switch|p1a: Urshifu|Urshifu, M|100\/100\n|turn|17\n|\n|t:|1699770829\n|-terastallize|p1a: Urshifu|Dark\n|move|p2a: Mimikyu|Shadow Sneak|p1a: Urshifu\n|-resisted|p1a: Urshifu\n|-damage|p1a: Urshifu|74\/100\n|move|p1a: Urshifu|Wicked Blow|p2a: Mimikyu\n|-crit|p2a: Mimikyu\n|-damage|p2a: Mimikyu|0 fnt\n|faint|p2a: Mimikyu\n|\n|upkeep\n|\n|t:|1699770849\n|switch|p2a: Gallade|Gallade, M|100\/100\n|turn|18\n|\n|t:|1699770853\n|detailschange|p2a: Gallade|Gallade-Mega, M\n|-mega|p2a: Gallade|Gallade|Galladite\n|move|p2a: Gallade|Sacred Sword|p1a: Urshifu\n|-supereffective|p1a: Urshifu\n|-damage|p1a: Urshifu|0 fnt\n|faint|p1a: Urshifu\n|\n|upkeep\n|\n|t:|1699770867\n|switch|p1a: Diancie|Diancie-Mega|100\/100\n|turn|19\n|\n|t:|1699770874\n|move|p2a: Gallade|Swords Dance|p2a: Gallade\n|-boost|p2a: Gallade|atk|2\n|move|p1a: Diancie|Moonblast|p2a: Gallade\n|-supereffective|p2a: Gallade\n|-damage|p2a: Gallade|0 fnt\n|faint|p2a: Gallade\n|\n|upkeep\n|\n|t:|1699770884\n|switch|p2a: Bisharp|Bisharp, M|84\/100\n|turn|20\n|\n|t:|1699770887\n|move|p1a: Diancie|Body Press|p2a: Bisharp\n|-supereffective|p2a: Bisharp\n|-damage|p2a: Bisharp|40\/100\n|move|p2a: Bisharp|Swords Dance|p2a: Bisharp\n|-boost|p2a: Bisharp|atk|2\n|\n|upkeep\n|turn|21\n|\n|t:|1699770896\n|-terastallize|p2a: Bisharp|Fairy\n|move|p1a: Diancie|Body Press|p2a: Bisharp\n|-resisted|p2a: Bisharp\n|-damage|p2a: Bisharp|34\/100\n|move|p2a: Bisharp|Iron Head|p1a: Diancie\n|-supereffective|p1a: Diancie\n|-damage|p1a: Diancie|0 fnt\n|faint|p1a: Diancie\n|\n|upkeep\n|\n|t:|1699770908\n|switch|p1a: Kartana|Kartana|100\/100\n|turn|22\n|\n|t:|1699770920\n|move|p2a: Bisharp|Sucker Punch|p1a: Kartana\n|-damage|p1a: Kartana|24\/100\n|move|p1a: Kartana|Smart Strike|p2a: Bisharp\n|-supereffective|p2a: Bisharp\n|-damage|p2a: Bisharp|0 fnt\n|faint|p2a: Bisharp\n|-ability|p1a: Kartana|Beast Boost|boost\n|-boost|p1a: Kartana|atk|1\n|\n|upkeep\n|\n|t:|1699770934\n|switch|p2a: Sandy Shocks|Sandy Shocks|76\/100\n|turn|23\n|\n|t:|1699770942\n|move|p1a: Kartana|Leaf Blade|p2a: Sandy Shocks\n|-supereffective|p2a: Sandy Shocks\n|-damage|p2a: Sandy Shocks|0 fnt\n|faint|p2a: Sandy Shocks\n|-end|p2a: Sandy Shocks|Protosynthesis|[silent]\n|-ability|p1a: Kartana|Beast Boost|boost\n|-boost|p1a: Kartana|atk|1\n|\n|upkeep\n|\n|t:|1699770945\n|switch|p2a: Walking Wake|Walking Wake|100\/100\n|-enditem|p2a: Walking Wake|Booster Energy\n|-activate|p2a: Walking Wake|ability: Protosynthesis|[fromitem]\n|-start|p2a: Walking Wake|protosynthesisspa\n|turn|24\n|\n|t:|1699770957\n|move|p2a: Walking Wake|Flamethrower|p1a: Kartana\n|-supereffective|p1a: Kartana\n|-damage|p1a: Kartana|0 fnt\n|faint|p1a: Kartana\n|\n|upkeep\n|\n|t:|1699770962\n|switch|p1a: Umbreon|Umbreon, M|100\/100\n|turn|25\n|\n|t:|1699770968\n|move|p2a: Walking Wake|Dragon Pulse|p1a: Umbreon\n|-damage|p1a: Umbreon|72\/100\n|move|p1a: Umbreon|Wish|p1a: Umbreon\n|\n|-heal|p1a: Umbreon|78\/100|[from] item: Leftovers\n|upkeep\n|turn|26\n|\n|t:|1699770975\n|move|p2a: Walking Wake|Flamethrower|p1a: Umbreon\n|-damage|p1a: Umbreon|56\/100\n|move|p1a: Umbreon|Foul Play|p2a: Walking Wake\n|-damage|p2a: Walking Wake|79\/100\n|\n|-heal|p1a: Umbreon|100\/100|[from] move: Wish|[wisher] Umbreon\n|upkeep\n|turn|27\n|\n|t:|1699770984\n|move|p2a: Walking Wake|Flamethrower|p1a: Umbreon\n|-damage|p1a: Umbreon|81\/100\n|move|p1a: Umbreon|Wish|p1a: Umbreon\n|\n|-heal|p1a: Umbreon|87\/100|[from] item: Leftovers\n|upkeep\n|turn|28\n|\n|t:|1699770992\n|move|p2a: Walking Wake|Flamethrower|p1a: Umbreon\n|-damage|p1a: Umbreon|67\/100\n|move|p1a: Umbreon|Foul Play|p2a: Walking Wake\n|-crit|p2a: Walking Wake\n|-damage|p2a: Walking Wake|46\/100\n|\n|-heal|p1a: Umbreon|100\/100|[from] move: Wish|[wisher] Umbreon\n|upkeep\n|turn|29\n|\n|t:|1699771002\n|move|p2a: Walking Wake|Flamethrower|p1a: Umbreon\n|-damage|p1a: Umbreon|79\/100\n|move|p1a: Umbreon|Wish|p1a: Umbreon\n|\n|-heal|p1a: Umbreon|85\/100|[from] item: Leftovers\n|upkeep\n|turn|30\n|\n|t:|1699771017\n|move|p2a: Walking Wake|Flamethrower|p1a: Umbreon\n|-damage|p1a: Umbreon|64\/100\n|move|p1a: Umbreon|Foul Play|p2a: Walking Wake\n|-damage|p2a: Walking Wake|22\/100\n|\n|-heal|p1a: Umbreon|100\/100|[from] move: Wish|[wisher] Umbreon\n|upkeep\n|turn|31\n|\n|t:|1699771036\n|move|p2a: Walking Wake|Flamethrower|p1a: Umbreon\n|-damage|p1a: Umbreon|81\/100\n|move|p1a: Umbreon|Foul Play|p2a: Walking Wake\n|-damage|p2a: Walking Wake|0 fnt\n|faint|p2a: Walking Wake\n|-end|p2a: Walking Wake|Protosynthesis|[silent]\n|\n|win|GeorgiaEternatuss\n|raw|GeorgiaEternatuss's rating: 1185 &rarr; <strong>1210<\/strong><br \/>(+25 for winning)\n|raw|King&#x2f;corvin's rating: 1179 &rarr; <strong>1154<\/strong><br \/>(-25 for losing)\n","uploadtime":1699771046,"views":5,"p1id":"georgiaeternatuss","p2id":"kingcorvin","formatid":"gen9nationaldexubers","rating":1154,"private":0,"password":""}