{"id":"gen9nationaldexubers-1986937101","p1":"Sir Grandmaster","p2":"Penter","format":"[Gen 9] National Dex Ubers","log":"|j|\u2606Sir Grandmaster\n|j|\u2606Penter\n|inactive|Battle timer is ON: inactive players will automatically lose when time's up.\n|t:|1699542618\n|gametype|singles\n|player|p1|Sir Grandmaster|ghetsis|\n|player|p2|Penter|n|\n|teamsize|p1|6\n|teamsize|p2|6\n|gen|9\n|tier|[Gen 9] National Dex Ubers\n|rated|Tournament battle\n|rule|HP Percentage Mod: HP is shown in percentages\n|rule|Endless Battle Clause: Forcing endless battles is banned\n|rule|OHKO Clause: OHKO moves are banned\n|rule|Evasion Moves Clause: Evasion moves are banned\n|rule|Evasion Items Clause: Evasion items are banned\n|rule|Species Clause: Limit one of each Pok\u00e9mon\n|rule|Sleep Clause Mod: Limit one foe put to sleep\n|rule|Mega Rayquaza Clause: You cannot mega evolve Rayquaza\n|clearpoke\n|poke|p1|Tyranitar-Mega, M|\n|poke|p1|Necrozma-Ultra|\n|poke|p1|Groudon-Primal|\n|poke|p1|Arceus|\n|poke|p1|Yveltal|\n|poke|p1|Zacian-Crowned|\n|poke|p2|Kyurem-White|\n|poke|p2|Zygarde-Complete|\n|poke|p2|Mewtwo-Mega-X|\n|poke|p2|Necrozma-Dusk-Mane|\n|poke|p2|Kangaskhan-Mega, F|\n|poke|p2|Yveltal|\n|teampreview\n|j|*Lady Monita \u263d\n|inactive|Penter has 120 seconds left.\n|\n|t:|1699542657\n|start\n|switch|p1a: Boom|Groudon-Primal, shiny|100\/100\n|switch|p2a: Necrozma|Necrozma-Dusk-Mane|100\/100\n|-weather|DesolateLand|[from] ability: Desolate Land|[of] p1a: Boom\n|turn|1\n|\n|t:|1699542674\n|move|p1a: Boom|Rock Polish|p1a: Boom\n|-boost|p1a: Boom|spe|2\n|move|p2a: Necrozma|Stealth Rock|p1a: Boom\n|-sidestart|p1: Sir Grandmaster|move: Stealth Rock\n|\n|-weather|DesolateLand|[upkeep]\n|upkeep\n|turn|2\n|\n|t:|1699542687\n|switch|p2a: Kangaskhan|Kangaskhan-Mega, F|100\/100\n|move|p1a: Boom|Precipice Blades|p2a: Kangaskhan\n|-damage|p2a: Kangaskhan|8\/100\n|-damage|p1a: Boom|91\/100|[from] item: Life Orb\n|\n|-weather|DesolateLand|[upkeep]\n|upkeep\n|turn|3\n|\n|t:|1699542691\n|move|p2a: Kangaskhan|Fake Out|p1a: Boom\n|-damage|p1a: Boom|81\/100\n|-damage|p1a: Boom|78\/100\n|-hitcount|p1a: Boom|2\n|cant|p1a: Boom|flinch\n|\n|-weather|DesolateLand|[upkeep]\n|upkeep\n|turn|4\n|\n|t:|1699542719\n|move|p1a: Boom|Fire Punch|p2a: Kangaskhan\n|-damage|p2a: Kangaskhan|0 fnt\n|faint|p2a: Kangaskhan\n|-damage|p1a: Boom|68\/100|[from] item: Life Orb\n|\n|-weather|DesolateLand|[upkeep]\n|upkeep\n|inactive|Penter has 120 seconds left.\n|\n|t:|1699542742\n|switch|p2a: Mewtwo|Mewtwo-Mega-X|100\/100\n|turn|5\n|inactive|Sir Grandmaster has 120 seconds left.\n|\n|t:|1699542787\n|move|p1a: Boom|Fire Punch|p2a: Mewtwo\n|-damage|p2a: Mewtwo|13\/100\n|-status|p2a: Mewtwo|brn\n|-damage|p1a: Boom|58\/100|[from] item: Life Orb\n|move|p2a: Mewtwo|Knock Off|p1a: Boom\n|-damage|p1a: Boom|48\/100\n|-enditem|p1a: Boom|Life Orb|[from] move: Knock Off|[of] p2a: Mewtwo\n|\n|-weather|DesolateLand|[upkeep]\n|-heal|p2a: Mewtwo|19\/100 brn|[from] item: Leftovers\n|-damage|p2a: Mewtwo|13\/100 brn|[from] brn\n|upkeep\n|turn|6\n|inactive|Penter has 120 seconds left.\n|\n|t:|1699542802\n|move|p1a: Boom|Fire Punch|p2a: Mewtwo\n|-damage|p2a: Mewtwo|0 fnt\n|faint|p2a: Mewtwo\n|\n|-weather|DesolateLand|[upkeep]\n|upkeep\n|\n|t:|1699542813\n|switch|p2a: Zygarde|Zygarde-Complete|100\/100\n|turn|7\n|inactive|Sir Grandmaster has 120 seconds left.\n|\n|t:|1699542845\n|move|p1a: Boom|Fire Punch|p2a: Zygarde\n|-resisted|p2a: Zygarde\n|-damage|p2a: Zygarde|81\/100\n|move|p2a: Zygarde|Thousand Arrows|p1a: Boom\n|-supereffective|p1a: Boom\n|-damage|p1a: Boom|2\/100\n|\n|-weather|DesolateLand|[upkeep]\n|-heal|p2a: Zygarde|87\/100|[from] item: Leftovers\n|upkeep\n|turn|8\n|inactive|Penter has 120 seconds left.\n|\n|t:|1699542879\n|move|p1a: Boom|Precipice Blades|p2a: Zygarde\n|-damage|p2a: Zygarde|41\/100\n|move|p2a: Zygarde|Thousand Arrows|p1a: Boom\n|-supereffective|p1a: Boom\n|-damage|p1a: Boom|0 fnt\n|faint|p1a: Boom\n|-weather|none\n|\n|-heal|p2a: Zygarde|47\/100|[from] item: Leftovers\n|upkeep\n|\n|t:|1699542896\n|switch|p1a: Big Dawg|Zacian-Crowned|100\/100\n|-damage|p1a: Big Dawg|94\/100|[from] Stealth Rock\n|-ability|p1a: Big Dawg|Intrepid Sword|boost\n|-boost|p1a: Big Dawg|atk|1\n|turn|9\n|inactive|Penter has 90 seconds left.\n|\n|t:|1699542920\n|-terastallize|p1a: Big Dawg|Fairy\n|move|p1a: Big Dawg|Play Rough|p2a: Zygarde\n|-supereffective|p2a: Zygarde\n|-damage|p2a: Zygarde|0 fnt\n|faint|p2a: Zygarde\n|\n|upkeep\n|\n|t:|1699542924\n|switch|p2a: Necrozma|Necrozma-Dusk-Mane|100\/100\n|turn|10\n|inactive|Sir Grandmaster has 120 seconds left.\n|\n|t:|1699542964\n|switch|p1a: Red Eagle|Yveltal, shiny|100\/100\n|-damage|p1a: Red Eagle|76\/100|[from] Stealth Rock\n|-ability|p1a: Red Eagle|Dark Aura\n|move|p2a: Necrozma|Sunsteel Strike|p1a: Red Eagle\n|-damage|p1a: Red Eagle|28\/100\n|\n|upkeep\n|turn|11\n|\n|t:|1699542981\n|-zpower|p1a: Red Eagle\n|move|p1a: Red Eagle|Black Hole Eclipse|p2a: Necrozma|[zeffect]\n|-supereffective|p2a: Necrozma\n|-damage|p2a: Necrozma|19\/100\n|move|p2a: Necrozma|Sunsteel Strike|p1a: Red Eagle\n|-damage|p1a: Red Eagle|0 fnt\n|faint|p1a: Red Eagle\n|\n|upkeep\n|inactive|Sir Grandmaster has 90 seconds left.\n|\n|t:|1699543004\n|switch|p1a: Tyranitar|Tyranitar-Mega, M|100\/100\n|-damage|p1a: Tyranitar|88\/100|[from] Stealth Rock\n|-weather|Sandstorm|[from] ability: Sand Stream|[of] p1a: Tyranitar\n|turn|12\n|inactive|Penter has 90 seconds left.\n|\n|t:|1699543035\n|move|p1a: Tyranitar|Stealth Rock|p2a: Necrozma\n|-sidestart|p2: Penter|move: Stealth Rock\n|move|p2a: Necrozma|Sunsteel Strike|p1a: Tyranitar\n|-supereffective|p1a: Tyranitar\n|-damage|p1a: Tyranitar|7\/100\n|\n|-weather|Sandstorm|[upkeep]\n|upkeep\n|turn|13\n|j| Boyca\n|\n|t:|1699543040\n|move|p1a: Tyranitar|Pursuit|p2a: Necrozma\n|-supereffective|p2a: Necrozma\n|-damage|p2a: Necrozma|0 fnt\n|faint|p2a: Necrozma\n|\n|-weather|Sandstorm|[upkeep]\n|upkeep\n|inactive|Penter has 90 seconds left.\n|j|^RUMYMOME\n|inactive|Penter has 60 seconds left.\n|\n|t:|1699543082\n|switch|p2a: Yveltal|Yveltal|100\/100\n|-ability|p2a: Yveltal|Dark Aura\n|turn|14\n|\n|t:|1699543091\n|move|p2a: Yveltal|Knock Off|p1a: Tyranitar\n|-resisted|p1a: Tyranitar\n|-damage|p1a: Tyranitar|0 fnt\n|faint|p1a: Tyranitar\n|\n|-weather|Sandstorm|[upkeep]\n|-damage|p2a: Yveltal|94\/100|[from] Sandstorm\n|upkeep\n|\n|t:|1699543095\n|switch|p1a: Big Dawg|Zacian-Crowned, tera:Fairy|94\/100\n|-damage|p1a: Big Dawg|82\/100|[from] Stealth Rock\n|turn|15\n|inactive|Penter has 60 seconds left.\n|\n|t:|1699543131\n|move|p1a: Big Dawg|Play Rough|p2a: Yveltal|[miss]\n|-miss|p1a: Big Dawg|p2a: Yveltal\n|move|p2a: Yveltal|Knock Off|p1a: Big Dawg\n|-resisted|p1a: Big Dawg\n|-crit|p1a: Big Dawg\n|-damage|p1a: Big Dawg|34\/100\n|-enditem|p1a: Big Dawg|Choice Scarf|[from] move: Knock Off|[of] p2a: Yveltal\n|\n|-weather|Sandstorm|[upkeep]\n|-damage|p1a: Big Dawg|27\/100|[from] Sandstorm\n|-damage|p2a: Yveltal|88\/100|[from] Sandstorm\n|upkeep\n|turn|16\n|inactive|Sir Grandmaster has 120 seconds left.\n|\n|t:|1699543151\n|-terastallize|p2a: Yveltal|Dark\n|move|p2a: Yveltal|Sucker Punch|p1a: Big Dawg\n|-resisted|p1a: Big Dawg\n|-damage|p1a: Big Dawg|0 fnt\n|faint|p1a: Big Dawg\n|\n|-weather|none\n|upkeep\n|inactive|Sir Grandmaster has 120 seconds left.\n|l| Boyca\n|\n|t:|1699543172\n|switch|p1a: So call God|Arceus|100\/100\n|-damage|p1a: So call God|88\/100|[from] Stealth Rock\n|turn|17\n|inactive|Penter has 60 seconds left.\n|\n|t:|1699543180\n|move|p2a: Yveltal|Knock Off|p1a: So call God\n|-damage|p1a: So call God|22\/100\n|-enditem|p1a: So call God|Chople Berry|[from] move: Knock Off|[of] p2a: Yveltal\n|move|p1a: So call God|Swords Dance|p1a: So call God\n|-boost|p1a: So call God|atk|2\n|\n|upkeep\n|turn|18\n|\n|t:|1699543185\n|move|p1a: So call God|Extreme Speed|p2a: Yveltal\n|-damage|p2a: Yveltal|14\/100\n|move|p2a: Yveltal|Knock Off|p1a: So call God\n|-damage|p1a: So call God|0 fnt\n|faint|p1a: So call God\n|\n|upkeep\n|\n|t:|1699543191\n|switch|p1a: Necrozma|Necrozma-Ultra|100\/100\n|-damage|p1a: Necrozma|88\/100|[from] Stealth Rock\n|turn|19\n|j| Plasmic Cosmos\n|inactive|Penter has 60 seconds left.\n|\n|t:|1699543221\n|move|p2a: Yveltal|Sucker Punch|p1a: Necrozma\n|-supereffective|p1a: Necrozma\n|-damage|p1a: Necrozma|0 fnt\n|faint|p1a: Necrozma\n|\n|win|Penter\n|n|\u2606Sir Grandmaster|sirgrandmaster\n|n|\u2606Penter|penter\n|n|*Lady Monita \u263d|ladymonita\n|n| RUMYMOME|rumymome\n|n| Plasmic Cosmos|plasmiccosmos\n","uploadtime":1699543224,"views":4,"p1id":"sirgrandmaster","p2id":"penter","formatid":"gen9nationaldexubers","rating":0,"private":0,"password":""}