{"id":"gen9nationaldexubers-1986074700","p1":"faraodomangue","p2":"Chaitanya15","format":"[Gen 9] National Dex Ubers","log":"|j|\u2606faraodomangue\n|j|\u2606Chaitanya15\n|t:|1699447161\n|gametype|singles\n|player|p1|faraodomangue|harlequin|1309\n|player|p2|Chaitanya15|266|1419\n|teamsize|p1|6\n|teamsize|p2|6\n|gen|9\n|tier|[Gen 9] National Dex Ubers\n|rated|\n|rule|HP Percentage Mod: HP is shown in percentages\n|rule|Endless Battle Clause: Forcing endless battles is banned\n|rule|OHKO Clause: OHKO moves are banned\n|rule|Evasion Moves Clause: Evasion moves are banned\n|rule|Evasion Items Clause: Evasion items are banned\n|rule|Species Clause: Limit one of each Pok\u00e9mon\n|rule|Sleep Clause Mod: Limit one foe put to sleep\n|rule|Mega Rayquaza Clause: You cannot mega evolve Rayquaza\n|clearpoke\n|poke|p1|Landorus-Therian, M|\n|poke|p1|Pyukumuku, M|\n|poke|p1|Kyurem-Black|\n|poke|p1|Arceus|\n|poke|p1|Mewtwo|\n|poke|p1|Hitmonlee, M|\n|poke|p2|Kingambit, M|\n|poke|p2|Basculegion, M|\n|poke|p2|Kyogre|\n|poke|p2|Flutter Mane|\n|poke|p2|Deoxys-Speed|\n|poke|p2|Groudon|\n|teampreview\n|inactive|Battle timer is ON: inactive players will automatically lose when time's up. (requested by Chaitanya15)\n|inactive|faraodomangue has 120 seconds left.\n|\n|t:|1699447208\n|start\n|switch|p1a: Arceus|Arceus|100\/100\n|switch|p2a: Deoxys|Deoxys-Speed|100\/100\n|-ability|p2a: Deoxys|Pressure\n|turn|1\n|inactive|faraodomangue has 120 seconds left.\n|\n|t:|1699447246\n|move|p1a: Arceus|Extreme Speed|p2a: Deoxys\n|-damage|p2a: Deoxys|27\/100\n|-damage|p1a: Arceus|91\/100|[from] item: Life Orb\n|move|p2a: Deoxys|Stealth Rock|p1a: Arceus\n|-sidestart|p1: faraodomangue|move: Stealth Rock\n|\n|upkeep\n|turn|2\n|\n|t:|1699447254\n|move|p1a: Arceus|Extreme Speed|p2a: Deoxys\n|-damage|p2a: Deoxys|0 fnt\n|faint|p2a: Deoxys\n|-damage|p1a: Arceus|81\/100|[from] item: Life Orb\n|\n|upkeep\n|\n|t:|1699447268\n|switch|p2a: Flutter Mane|Flutter Mane|100\/100\n|-enditem|p2a: Flutter Mane|Booster Energy\n|-activate|p2a: Flutter Mane|ability: Protosynthesis|[fromitem]\n|-start|p2a: Flutter Mane|protosynthesisspe\n|turn|3\n|\n|t:|1699447278\n|move|p2a: Flutter Mane|Moonblast|p1a: Arceus\n|-damage|p1a: Arceus|45\/100\n|move|p1a: Arceus|Earthquake|p2a: Flutter Mane\n|-damage|p2a: Flutter Mane|7\/100\n|-damage|p1a: Arceus|35\/100|[from] item: Life Orb\n|\n|upkeep\n|turn|4\n|\n|t:|1699447286\n|move|p2a: Flutter Mane|Moonblast|p1a: Arceus\n|-damage|p1a: Arceus|0 fnt\n|faint|p1a: Arceus\n|\n|upkeep\n|\n|t:|1699447298\n|switch|p1a: Landorus|Landorus-Therian, M|100\/100\n|-damage|p1a: Landorus|88\/100|[from] Stealth Rock\n|-ability|p1a: Landorus|Intimidate|boost\n|-unboost|p2a: Flutter Mane|atk|1\n|turn|5\n|\n|t:|1699447304\n|move|p2a: Flutter Mane|Moonblast|p1a: Landorus\n|-damage|p1a: Landorus|17\/100\n|move|p1a: Landorus|Defog|p2a: Flutter Mane\n|-unboost|p2a: Flutter Mane|evasion|1\n|-sideend|p1: faraodomangue|Stealth Rock|[from] move: Defog|[of] p1a: Landorus\n|\n|upkeep\n|turn|6\n|\n|t:|1699447312\n|move|p2a: Flutter Mane|Moonblast|p1a: Landorus\n|-damage|p1a: Landorus|0 fnt\n|faint|p1a: Landorus\n|\n|upkeep\n|\n|t:|1699447322\n|switch|p1a: Pyukumuku|Pyukumuku, M|100\/100\n|turn|7\n|\n|t:|1699447327\n|move|p2a: Flutter Mane|Moonblast|p1a: Pyukumuku\n|-damage|p1a: Pyukumuku|56\/100\n|-unboost|p1a: Pyukumuku|spa|1\n|move|p1a: Pyukumuku|Toxic|p2a: Flutter Mane\n|-status|p2a: Flutter Mane|tox\n|\n|-heal|p1a: Pyukumuku|62\/100|[from] item: Leftovers\n|-damage|p2a: Flutter Mane|1\/100 tox|[from] psn\n|upkeep\n|turn|8\n|\n|t:|1699447338\n|move|p2a: Flutter Mane|Moonblast|p1a: Pyukumuku\n|-damage|p1a: Pyukumuku|16\/100\n|move|p1a: Pyukumuku|Recover|p1a: Pyukumuku\n|-heal|p1a: Pyukumuku|66\/100\n|\n|-heal|p1a: Pyukumuku|72\/100|[from] item: Leftovers\n|-damage|p2a: Flutter Mane|0 fnt|[from] psn\n|faint|p2a: Flutter Mane\n|-end|p2a: Flutter Mane|Protosynthesis|[silent]\n|upkeep\n|\n|t:|1699447351\n|switch|p2a: Groudon|Groudon|100\/100\n|detailschange|p2a: Groudon|Groudon-Primal\n|-primal|p2a: Groudon|Red Orb\n|-weather|DesolateLand|[from] ability: Desolate Land|[of] p2a: Groudon\n|turn|9\n|\n|t:|1699447357\n|move|p2a: Groudon|Rock Polish|p2a: Groudon\n|-boost|p2a: Groudon|spe|2\n|move|p1a: Pyukumuku|Toxic|p2a: Groudon\n|-status|p2a: Groudon|tox\n|\n|-weather|DesolateLand|[upkeep]\n|-heal|p1a: Pyukumuku|78\/100|[from] item: Leftovers\n|-damage|p2a: Groudon|94\/100 tox|[from] psn\n|upkeep\n|turn|10\n|\n|t:|1699447370\n|move|p1a: Pyukumuku|Protect|p1a: Pyukumuku\n|-singleturn|p1a: Pyukumuku|Protect\n|move|p2a: Groudon|Swords Dance|p2a: Groudon\n|-boost|p2a: Groudon|atk|2\n|\n|-weather|DesolateLand|[upkeep]\n|-heal|p1a: Pyukumuku|84\/100|[from] item: Leftovers\n|-damage|p2a: Groudon|82\/100 tox|[from] psn\n|upkeep\n|turn|11\n|\n|t:|1699447379\n|move|p2a: Groudon|Precipice Blades|p1a: Pyukumuku\n|-damage|p1a: Pyukumuku|12\/100\n|move|p1a: Pyukumuku|Recover|p1a: Pyukumuku\n|-heal|p1a: Pyukumuku|62\/100\n|\n|-weather|DesolateLand|[upkeep]\n|-heal|p1a: Pyukumuku|68\/100|[from] item: Leftovers\n|-damage|p2a: Groudon|64\/100 tox|[from] psn\n|upkeep\n|turn|12\n|\n|t:|1699447390\n|move|p2a: Groudon|Swords Dance|p2a: Groudon\n|-boost|p2a: Groudon|atk|2\n|move|p1a: Pyukumuku|Recover|p1a: Pyukumuku\n|-heal|p1a: Pyukumuku|100\/100\n|\n|-weather|DesolateLand|[upkeep]\n|-damage|p2a: Groudon|39\/100 tox|[from] psn\n|upkeep\n|turn|13\n|\n|t:|1699447399\n|move|p1a: Pyukumuku|Protect|p1a: Pyukumuku\n|-singleturn|p1a: Pyukumuku|Protect\n|move|p2a: Groudon|Precipice Blades|p1a: Pyukumuku\n|-activate|p1a: Pyukumuku|move: Protect\n|\n|-weather|DesolateLand|[upkeep]\n|-damage|p2a: Groudon|8\/100 tox|[from] psn\n|upkeep\n|turn|14\n|\n|t:|1699447408\n|move|p2a: Groudon|Precipice Blades|p1a: Pyukumuku\n|-damage|p1a: Pyukumuku|35\/100\n|move|p1a: Pyukumuku|Recover|p1a: Pyukumuku\n|-heal|p1a: Pyukumuku|85\/100\n|\n|-weather|DesolateLand|[upkeep]\n|-heal|p1a: Pyukumuku|91\/100|[from] item: Leftovers\n|-damage|p2a: Groudon|0 fnt|[from] psn\n|faint|p2a: Groudon\n|-weather|none\n|upkeep\n|\n|t:|1699447419\n|switch|p2a: Kyogre|Kyogre|100\/100\n|-weather|RainDance|[from] ability: Drizzle|[of] p2a: Kyogre\n|turn|15\n|\n|t:|1699447425\n|move|p2a: Kyogre|Thunder|p1a: Pyukumuku\n|-supereffective|p1a: Pyukumuku\n|-damage|p1a: Pyukumuku|19\/100\n|move|p1a: Pyukumuku|Toxic|p2a: Kyogre\n|-status|p2a: Kyogre|tox\n|\n|-weather|RainDance|[upkeep]\n|-heal|p1a: Pyukumuku|25\/100|[from] item: Leftovers\n|-damage|p2a: Kyogre|94\/100 tox|[from] psn\n|upkeep\n|turn|16\n|\n|t:|1699447435\n|move|p1a: Pyukumuku|Protect|p1a: Pyukumuku\n|-singleturn|p1a: Pyukumuku|Protect\n|move|p2a: Kyogre|Thunder|p1a: Pyukumuku\n|-activate|p1a: Pyukumuku|move: Protect\n|\n|-weather|RainDance|[upkeep]\n|-heal|p1a: Pyukumuku|31\/100|[from] item: Leftovers\n|-damage|p2a: Kyogre|82\/100 tox|[from] psn\n|upkeep\n|turn|17\n|\n|t:|1699447446\n|move|p2a: Kyogre|Thunder|p1a: Pyukumuku\n|-supereffective|p1a: Pyukumuku\n|-damage|p1a: Pyukumuku|0 fnt\n|faint|p1a: Pyukumuku\n|\n|-weather|RainDance|[upkeep]\n|-damage|p2a: Kyogre|64\/100 tox|[from] psn\n|upkeep\n|\n|t:|1699447449\n|switch|p1a: Kyurem|Kyurem-Black, shiny|100\/100\n|-ability|p1a: Kyurem|Teravolt\n|turn|18\n|\n|t:|1699447458\n|switch|p2a: Kingambit|Kingambit, M|100\/100\n|-activate|p2a: Kingambit|ability: Supreme Overlord\n|-start|p2a: Kingambit|fallen3|[silent]\n|move|p1a: Kyurem|Dragon Dance|p1a: Kyurem\n|-boost|p1a: Kyurem|atk|1\n|-boost|p1a: Kyurem|spe|1\n|\n|-weather|RainDance|[upkeep]\n|upkeep\n|turn|19\n|\n|t:|1699447467\n|move|p2a: Kingambit|Sucker Punch||[still]\n|-fail|p2a: Kingambit\n|move|p1a: Kyurem|Substitute|p1a: Kyurem\n|-start|p1a: Kyurem|Substitute\n|-damage|p1a: Kyurem|75\/100\n|\n|-weather|none\n|upkeep\n|turn|20\n|\n|t:|1699447475\n|move|p1a: Kyurem|Dragon Dance|p1a: Kyurem\n|-boost|p1a: Kyurem|atk|1\n|-boost|p1a: Kyurem|spe|1\n|move|p2a: Kingambit|Iron Head|p1a: Kyurem\n|-supereffective|p1a: Kyurem\n|-end|p1a: Kyurem|Substitute\n|-damage|p2a: Kingambit|91\/100|[from] item: Life Orb\n|\n|upkeep\n|turn|21\n|\n|t:|1699447485\n|move|p1a: Kyurem|Icicle Spear|p2a: Kingambit\n|-resisted|p2a: Kingambit\n|-damage|p2a: Kingambit|75\/100\n|-resisted|p2a: Kingambit\n|-damage|p2a: Kingambit|60\/100\n|-hitcount|p2a: Kingambit|2\n|-damage|p1a: Kyurem|66\/100|[from] item: Life Orb\n|move|p2a: Kingambit|Iron Head|p1a: Kyurem\n|-supereffective|p1a: Kyurem\n|-damage|p1a: Kyurem|0 fnt\n|faint|p1a: Kyurem\n|-damage|p2a: Kingambit|50\/100|[from] item: Life Orb\n|\n|upkeep\n|\n|t:|1699447491\n|switch|p1a: Hitmonlee|Hitmonlee, M|100\/100\n|turn|22\n|\n|t:|1699447501\n|move|p1a: Hitmonlee|Endure|p1a: Hitmonlee\n|-singleturn|p1a: Hitmonlee|move: Endure\n|move|p2a: Kingambit|Sucker Punch||[still]\n|-fail|p2a: Kingambit\n|\n|upkeep\n|turn|23\n|\n|t:|1699447509\n|move|p1a: Hitmonlee|Knock Off|p2a: Kingambit\n|-resisted|p2a: Kingambit\n|-damage|p2a: Kingambit|37\/100\n|-enditem|p2a: Kingambit|Life Orb|[from] move: Knock Off|[of] p1a: Hitmonlee\n|move|p2a: Kingambit|Kowtow Cleave|p1a: Hitmonlee\n|-resisted|p1a: Hitmonlee\n|-damage|p1a: Hitmonlee|0 fnt\n|faint|p1a: Hitmonlee\n|\n|upkeep\n|\n|t:|1699447517\n|switch|p1a: Mewtwo|Mewtwo|100\/100\n|-ability|p1a: Mewtwo|Unnerve\n|turn|24\n|\n|t:|1699447522\n|detailschange|p1a: Mewtwo|Mewtwo-Mega-Y\n|-mega|p1a: Mewtwo|Mewtwo|Mewtwonite Y\n|move|p2a: Kingambit|Sucker Punch||[still]\n|-fail|p2a: Kingambit\n|move|p1a: Mewtwo|Nasty Plot|p1a: Mewtwo\n|-boost|p1a: Mewtwo|spa|2\n|\n|upkeep\n|turn|25\n|\n|t:|1699447530\n|move|p2a: Kingambit|Sucker Punch||[still]\n|-fail|p2a: Kingambit\n|move|p1a: Mewtwo|Nasty Plot|p1a: Mewtwo\n|-boost|p1a: Mewtwo|spa|2\n|\n|upkeep\n|turn|26\n|\n|t:|1699447536\n|move|p1a: Mewtwo|Flamethrower|p2a: Kingambit\n|-supereffective|p2a: Kingambit\n|-damage|p2a: Kingambit|0 fnt\n|faint|p2a: Kingambit\n|-end|p2a: Kingambit|fallen3|[silent]\n|\n|upkeep\n|\n|t:|1699447544\n|switch|p2a: Kyogre|Kyogre|64\/100 tox\n|-weather|RainDance|[from] ability: Drizzle|[of] p2a: Kyogre\n|turn|27\n|\n|t:|1699447549\n|move|p2a: Kyogre|Water Spout|p1a: Mewtwo\n|-damage|p1a: Mewtwo|38\/100\n|move|p1a: Mewtwo|Psystrike|p2a: Kyogre\n|-damage|p2a: Kyogre|0 fnt\n|faint|p2a: Kyogre\n|\n|-weather|RainDance|[upkeep]\n|upkeep\n|c|\u2606faraodomangue|GG\n|\n|t:|1699447558\n|switch|p2a: Basculegion|Basculegion, M|100\/100\n|turn|28\n|\n|t:|1699447562\n|move|p2a: Basculegion|Last Respects|p1a: Mewtwo\n|-supereffective|p1a: Mewtwo\n|-damage|p1a: Mewtwo|0 fnt\n|faint|p1a: Mewtwo\n|\n|win|Chaitanya15\n|raw|faraodomangue's rating: 1309 &rarr; <strong>1295<\/strong><br \/>(-14 for losing)\n|raw|Chaitanya15's rating: 1419 &rarr; <strong>1433<\/strong><br \/>(+14 for winning)\n|l|\u2606faraodomangue\n|c|\u2606Chaitanya15|Gg\n","uploadtime":1699447573,"views":9,"p1id":"faraodomangue","p2id":"chaitanya15","formatid":"gen9nationaldexubers","rating":1295,"private":0,"password":""}