{"id":"gen9nationaldexubers-1993667784","p1":"PhoNoodles","p2":"Iplayathoem","format":"[Gen 9] National Dex Ubers","log":"|j|\u2606PhoNoodles\n|j|\u2606Iplayathoem\n|t:|1700343475\n|gametype|singles\n|player|p1|PhoNoodles|bugcatcher-gen4dp|1162\n|player|p2|Iplayathoem|hilbert-masters2|1133\n|teamsize|p1|6\n|teamsize|p2|6\n|gen|9\n|tier|[Gen 9] National Dex Ubers\n|rated|\n|rule|HP Percentage Mod: HP is shown in percentages\n|rule|Endless Battle Clause: Forcing endless battles is banned\n|rule|OHKO Clause: OHKO moves are banned\n|rule|Evasion Moves Clause: Evasion moves are banned\n|rule|Evasion Items Clause: Evasion items are banned\n|rule|Species Clause: Limit one of each Pok\u00e9mon\n|rule|Sleep Clause Mod: Limit one foe put to sleep\n|rule|Mega Rayquaza Clause: You cannot mega evolve Rayquaza\n|clearpoke\n|poke|p1|Tyranitar, F|\n|poke|p1|Dracozolt|\n|poke|p1|Dialga|\n|poke|p1|Excadrill, M|\n|poke|p1|Genesect|\n|poke|p1|Hippowdon, F|\n|poke|p2|Infernape, M|\n|poke|p2|Carracosta, M|\n|poke|p2|Shiftry, M|\n|poke|p2|Hippowdon, M|\n|poke|p2|Pangoro, M|\n|poke|p2|Sableye, M|\n|teampreview\n|inactive|Battle timer is ON: inactive players will automatically lose when time's up. (requested by PhoNoodles)\n|\n|t:|1700343564\n|start\n|switch|p1a: Genesect|Genesect|100\/100\n|switch|p2a: Bour|Pangoro, M|100\/100\n|-ability|p1a: Genesect|Download|boost\n|-boost|p1a: Genesect|spa|1\n|turn|1\n|\n|t:|1700343573\n|move|p1a: Genesect|U-turn|p2a: Bour\n|-damage|p2a: Bour|61\/100\n|\n|t:|1700343578\n|switch|p1a: Hippowdon|Hippowdon, F|100\/100|[from] U-turn\n|-weather|Sandstorm|[from] ability: Sand Stream|[of] p1a: Hippowdon\n|-zpower|p2a: Bour\n|move|p2a: Bour|Z-Swords Dance|p2a: Bour|[anim]Swords Dance\n|-clearnegativeboost|p2a: Bour|[zeffect]\n|-boost|p2a: Bour|atk|2\n|\n|-weather|Sandstorm|[upkeep]\n|-damage|p2a: Bour|55\/100|[from] Sandstorm\n|upkeep\n|turn|2\n|\n|t:|1700343588\n|move|p2a: Bour|Close Combat|p1a: Hippowdon\n|-damage|p1a: Hippowdon|30\/100\n|-unboost|p2a: Bour|def|1\n|-unboost|p2a: Bour|spd|1\n|move|p1a: Hippowdon|Roar|p2a: Bour\n|drag|p2a: Inf|Infernape, M|100\/100\n|\n|-weather|Sandstorm|[upkeep]\n|-damage|p2a: Inf|94\/100|[from] Sandstorm\n|upkeep\n|turn|3\n|\n|t:|1700343604\n|move|p2a: Inf|Nasty Plot|p2a: Inf\n|-boost|p2a: Inf|spa|2\n|move|p1a: Hippowdon|Stealth Rock|p2a: Inf\n|-sidestart|p2: Iplayathoem|move: Stealth Rock\n|\n|-weather|Sandstorm|[upkeep]\n|-damage|p2a: Inf|88\/100|[from] Sandstorm\n|upkeep\n|turn|4\n|\n|t:|1700343612\n|move|p2a: Inf|Aura Sphere|p1a: Hippowdon\n|-damage|p1a: Hippowdon|0 fnt\n|faint|p1a: Hippowdon\n|\n|-weather|Sandstorm|[upkeep]\n|-damage|p2a: Inf|82\/100|[from] Sandstorm\n|upkeep\n|\n|t:|1700343619\n|switch|p1a: Excadrill|Excadrill, M|100\/100\n|turn|5\n|\n|t:|1700343624\n|move|p1a: Excadrill|Earthquake|p2a: Inf\n|-supereffective|p2a: Inf\n|-damage|p2a: Inf|0 fnt\n|faint|p2a: Inf\n|\n|-weather|Sandstorm|[upkeep]\n|upkeep\n|\n|t:|1700343632\n|switch|p2a: Crao|Carracosta, M|100\/100\n|-damage|p2a: Crao|88\/100|[from] Stealth Rock\n|turn|6\n|\n|t:|1700343637\n|move|p1a: Excadrill|Earthquake|p2a: Crao\n|-supereffective|p2a: Crao\n|-damage|p2a: Crao|0 fnt\n|faint|p2a: Crao\n|\n|-weather|Sandstorm|[upkeep]\n|upkeep\n|\n|t:|1700343642\n|switch|p2a: Bour|Pangoro, M|55\/100\n|-damage|p2a: Bour|48\/100|[from] Stealth Rock\n|turn|7\n|\n|t:|1700343647\n|move|p1a: Excadrill|Earthquake|p2a: Bour\n|-damage|p2a: Bour|0 fnt\n|faint|p2a: Bour\n|\n|-weather|Sandstorm|[upkeep]\n|upkeep\n|\n|t:|1700343654\n|switch|p2a: Shif|Shiftry, M|100\/100\n|-damage|p2a: Shif|88\/100|[from] Stealth Rock\n|turn|8\n|\n|t:|1700343658\n|move|p1a: Excadrill|Earthquake|p2a: Shif\n|-resisted|p2a: Shif\n|-damage|p2a: Shif|22\/100\n|move|p2a: Shif|Swords Dance|p2a: Shif\n|-boost|p2a: Shif|atk|2\n|\n|-weather|none\n|upkeep\n|turn|9\n|\n|t:|1700343663\n|switch|p1a: Tyranitar|Tyranitar, F|100\/100\n|-weather|Sandstorm|[from] ability: Sand Stream|[of] p1a: Tyranitar\n|move|p2a: Shif|Protect||[still]\n|-fail|p2a: Shif\n|\n|-weather|Sandstorm|[upkeep]\n|-damage|p2a: Shif|15\/100|[from] Sandstorm\n|upkeep\n|turn|10\n|\n|t:|1700343668\n|move|p2a: Shif|Bullet Seed|p1a: Tyranitar\n|-supereffective|p1a: Tyranitar\n|-damage|p1a: Tyranitar|76\/100\n|-supereffective|p1a: Tyranitar\n|-damage|p1a: Tyranitar|52\/100\n|-supereffective|p1a: Tyranitar\n|-damage|p1a: Tyranitar|25\/100\n|-hitcount|p1a: Tyranitar|3\n|move|p1a: Tyranitar|Roar|p2a: Shif\n|drag|p2a: Seye|Sableye, M|100\/100\n|-damage|p2a: Seye|88\/100|[from] Stealth Rock\n|\n|-weather|Sandstorm|[upkeep]\n|-damage|p2a: Seye|82\/100|[from] Sandstorm\n|upkeep\n|turn|11\n|\n|t:|1700343686\n|switch|p1a: Dialga|Dialga|100\/100\n|-ability|p1a: Dialga|Pressure\n|detailschange|p2a: Seye|Sableye-Mega, M\n|-mega|p2a: Seye|Sableye|Sablenite\n|move|p2a: Seye|Calm Mind|p2a: Seye\n|-boost|p2a: Seye|spa|1\n|-boost|p2a: Seye|spd|1\n|\n|-weather|Sandstorm|[upkeep]\n|-damage|p2a: Seye|76\/100|[from] Sandstorm\n|upkeep\n|turn|12\n|\n|t:|1700343700\n|move|p1a: Dialga|Draco Meteor|p2a: Seye\n|-damage|p2a: Seye|27\/100\n|-unboost|p1a: Dialga|spa|2\n|move|p2a: Seye|Psychic|p1a: Dialga\n|-resisted|p1a: Dialga\n|-damage|p1a: Dialga|88\/100\n|\n|-weather|Sandstorm|[upkeep]\n|-damage|p2a: Seye|21\/100|[from] Sandstorm\n|upkeep\n|turn|13\n|\n|t:|1700343705\n|switch|p1a: Excadrill|Excadrill, M|100\/100\n|move|p2a: Seye|Psychic|p1a: Excadrill\n|-resisted|p1a: Excadrill\n|-damage|p1a: Excadrill|74\/100\n|\n|-weather|Sandstorm|[upkeep]\n|-damage|p2a: Seye|15\/100|[from] Sandstorm\n|upkeep\n|turn|14\n|\n|t:|1700343712\n|move|p1a: Excadrill|Earthquake|p2a: Seye\n|-damage|p2a: Seye|0 fnt\n|faint|p2a: Seye\n|\n|-weather|Sandstorm|[upkeep]\n|upkeep\n|\n|t:|1700343733\n|switch|p2a: Owdon|Hippowdon, M|100\/100\n|-damage|p2a: Owdon|94\/100|[from] Stealth Rock\n|turn|15\n|\n|t:|1700343745\n|move|p1a: Excadrill|Earthquake|p2a: Owdon\n|-damage|p2a: Owdon|35\/100\n|-enditem|p2a: Owdon|Sitrus Berry|[eat]\n|-heal|p2a: Owdon|60\/100|[from] item: Sitrus Berry\n|move|p2a: Owdon|Curse|p2a: Owdon\n|-unboost|p2a: Owdon|spe|1\n|-boost|p2a: Owdon|atk|1\n|-boost|p2a: Owdon|def|1\n|\n|-weather|Sandstorm|[upkeep]\n|upkeep\n|turn|16\n|\n|t:|1700343762\n|move|p1a: Excadrill|Earthquake|p2a: Owdon\n|-crit|p2a: Owdon\n|-damage|p2a: Owdon|0 fnt\n|faint|p2a: Owdon\n|\n|-weather|none\n|upkeep\n|\n|t:|1700343766\n|switch|p2a: Shif|Shiftry, M|15\/100\n|-damage|p2a: Shif|3\/100|[from] Stealth Rock\n|turn|17\n|\n|t:|1700343771\n|move|p2a: Shif|Sucker Punch|p1a: Excadrill\n|-damage|p1a: Excadrill|27\/100\n|move|p1a: Excadrill|Earthquake|p2a: Shif\n|-resisted|p2a: Shif\n|-damage|p2a: Shif|0 fnt\n|faint|p2a: Shif\n|\n|win|PhoNoodles\n|raw|PhoNoodles's rating: 1162 &rarr; <strong>1185<\/strong><br \/>(+23 for winning)\n|raw|Iplayathoem's rating: 1133 &rarr; <strong>1110<\/strong><br \/>(-23 for losing)\n|c|\u2606PhoNoodles|gg\n|l|\u2606Iplayathoem\n","uploadtime":1700343944,"views":9,"p1id":"phonoodles","p2id":"iplayathoem","formatid":"gen9nationaldexubers","rating":1110,"private":0,"password":""}