{"id":"gen9nationaldexubers-1999492676","p1":"lkjgames","p2":"JustMonika_CARR","format":"[Gen 9] National Dex Ubers","log":"|j|\u2606lkjgames\n|j|\u2606JustMonika_CARR\n|t:|1701088597\n|gametype|singles\n|player|p1|lkjgames|steven|1354\n|player|p2|JustMonika_CARR|rosa|1458\n|teamsize|p1|6\n|teamsize|p2|6\n|gen|9\n|tier|[Gen 9] National Dex Ubers\n|rated|\n|rule|HP Percentage Mod: HP is shown in percentages\n|rule|Endless Battle Clause: Forcing endless battles is banned\n|rule|OHKO Clause: OHKO moves are banned\n|rule|Evasion Moves Clause: Evasion moves are banned\n|rule|Evasion Items Clause: Evasion items are banned\n|rule|Species Clause: Limit one of each Pok\u00e9mon\n|rule|Sleep Clause Mod: Limit one foe put to sleep\n|rule|Mega Rayquaza Clause: You cannot mega evolve Rayquaza\n|clearpoke\n|poke|p1|Cloyster, M|\n|poke|p1|Zacian-*|\n|poke|p1|Zygarde|\n|poke|p1|Marshadow|\n|poke|p1|Celesteela|\n|poke|p1|Kyogre|\n|poke|p2|Marshadow|\n|poke|p2|Pheromosa|\n|poke|p2|Gothitelle, F|\n|poke|p2|Deoxys-Speed|\n|poke|p2|Arceus|\n|poke|p2|Durant, F|\n|teampreview\n|\n|t:|1701088607\n|start\n|switch|p1a: Hakari Kinji|Zygarde, shiny|100\/100\n|switch|p2a: Deoxys|Deoxys-Speed, shiny|100\/100\n|-ability|p2a: Deoxys|Pressure\n|turn|1\n|\n|t:|1701088614\n|move|p2a: Deoxys|Reflect|p2a: Deoxys\n|-sidestart|p2: JustMonika_CARR|Reflect\n|move|p1a: Hakari Kinji|Coil|p1a: Hakari Kinji\n|-boost|p1a: Hakari Kinji|atk|1\n|-boost|p1a: Hakari Kinji|def|1\n|-boost|p1a: Hakari Kinji|accuracy|1\n|\n|upkeep\n|turn|2\n|\n|t:|1701088618\n|move|p2a: Deoxys|Toxic|p1a: Hakari Kinji\n|-status|p1a: Hakari Kinji|tox\n|move|p1a: Hakari Kinji|Coil|p1a: Hakari Kinji\n|-boost|p1a: Hakari Kinji|atk|1\n|-boost|p1a: Hakari Kinji|def|1\n|-boost|p1a: Hakari Kinji|accuracy|1\n|\n|-damage|p1a: Hakari Kinji|94\/100 tox|[from] psn\n|upkeep\n|turn|3\n|\n|t:|1701088627\n|move|p2a: Deoxys|Stealth Rock|p1a: Hakari Kinji\n|-sidestart|p1: lkjgames|move: Stealth Rock\n|move|p1a: Hakari Kinji|Coil|p1a: Hakari Kinji\n|-boost|p1a: Hakari Kinji|atk|1\n|-boost|p1a: Hakari Kinji|def|1\n|-boost|p1a: Hakari Kinji|accuracy|1\n|\n|-damage|p1a: Hakari Kinji|82\/100 tox|[from] psn\n|upkeep\n|turn|4\n|\n|t:|1701088633\n|move|p2a: Deoxys|Light Screen|p2a: Deoxys\n|-sidestart|p2: JustMonika_CARR|move: Light Screen\n|move|p1a: Hakari Kinji|Coil|p1a: Hakari Kinji\n|-boost|p1a: Hakari Kinji|atk|1\n|-boost|p1a: Hakari Kinji|def|1\n|-boost|p1a: Hakari Kinji|accuracy|1\n|\n|-damage|p1a: Hakari Kinji|63\/100 tox|[from] psn\n|upkeep\n|turn|5\n|\n|t:|1701088638\n|switch|p2a: Marshadow|Marshadow|100\/100\n|move|p1a: Hakari Kinji|Rest|p1a: Hakari Kinji\n|-status|p1a: Hakari Kinji|slp|[from] move: Rest\n|-heal|p1a: Hakari Kinji|100\/100 slp|[silent]\n|\n|upkeep\n|turn|6\n|\n|t:|1701088655\n|switch|p1a: Sukuna|Celesteela|100\/100\n|-damage|p1a: Sukuna|88\/100|[from] Stealth Rock\n|move|p2a: Marshadow|Spectral Thief|p1a: Sukuna\n|-damage|p1a: Sukuna|60\/100\n|\n|-heal|p1a: Sukuna|66\/100|[from] item: Leftovers\n|upkeep\n|turn|7\n|c|\u2606JustMonika_CARR|Huh, no tera normal?\n|\n|t:|1701088668\n|switch|p2a: Deoxys|Deoxys-Speed, shiny|100\/100\n|-ability|p2a: Deoxys|Pressure\n|move|p1a: Sukuna|Air Slash|p2a: Deoxys\n|-damage|p2a: Deoxys|84\/100\n|\n|-heal|p1a: Sukuna|72\/100|[from] item: Leftovers\n|upkeep\n|turn|8\n|\n|t:|1701088680\n|move|p2a: Deoxys|Toxic|p1a: Sukuna\n|-immune|p1a: Sukuna\n|move|p1a: Sukuna|Leech Seed|p2a: Deoxys|[miss]\n|-miss|p1a: Sukuna|p2a: Deoxys\n|\n|-heal|p1a: Sukuna|78\/100|[from] item: Leftovers\n|-sideend|p2: JustMonika_CARR|Reflect\n|upkeep\n|turn|9\n|c|\u2606lkjgames|why?\n|\n|t:|1701088691\n|move|p2a: Deoxys|Reflect|p2a: Deoxys\n|-sidestart|p2: JustMonika_CARR|Reflect\n|move|p1a: Sukuna|Flamethrower|p2a: Deoxys\n|-damage|p2a: Deoxys|70\/100\n|\n|-heal|p1a: Sukuna|84\/100|[from] item: Leftovers\n|upkeep\n|turn|10\n|\n|t:|1701088699\n|move|p2a: Deoxys|Toxic|p1a: Sukuna\n|-immune|p1a: Sukuna\n|move|p1a: Sukuna|Flamethrower|p2a: Deoxys\n|-damage|p2a: Deoxys|57\/100\n|\n|-heal|p1a: Sukuna|90\/100|[from] item: Leftovers\n|upkeep\n|turn|11\n|\n|t:|1701088706\n|move|p2a: Deoxys|Toxic|p1a: Sukuna\n|-immune|p1a: Sukuna\n|move|p1a: Sukuna|Flamethrower|p2a: Deoxys\n|-damage|p2a: Deoxys|44\/100\n|\n|-heal|p1a: Sukuna|96\/100|[from] item: Leftovers\n|-sideend|p2: JustMonika_CARR|move: Light Screen\n|upkeep\n|turn|12\n|c|\u2606lkjgames|dumb\n|\n|t:|1701088717\n|move|p2a: Deoxys|Light Screen|p2a: Deoxys\n|-sidestart|p2: JustMonika_CARR|move: Light Screen\n|move|p1a: Sukuna|Flamethrower|p2a: Deoxys\n|-damage|p2a: Deoxys|30\/100\n|\n|-heal|p1a: Sukuna|100\/100|[from] item: Leftovers\n|upkeep\n|turn|13\n|\n|t:|1701088723\n|move|p2a: Deoxys|Toxic|p1a: Sukuna|[miss]\n|-miss|p2a: Deoxys|p1a: Sukuna\n|move|p1a: Sukuna|Flamethrower|p2a: Deoxys\n|-damage|p2a: Deoxys|16\/100\n|\n|upkeep\n|turn|14\n|\n|t:|1701088730\n|move|p2a: Deoxys|Toxic|p1a: Sukuna\n|-immune|p1a: Sukuna\n|move|p1a: Sukuna|Air Slash|p2a: Deoxys\n|-damage|p2a: Deoxys|0 fnt\n|faint|p2a: Deoxys\n|-ability|p1a: Sukuna|Beast Boost|boost\n|-boost|p1a: Sukuna|def|1\n|\n|upkeep\n|\n|t:|1701088742\n|switch|p2a: Pheromosa|Pheromosa, shiny|100\/100\n|turn|15\n|c|\u2606lkjgames|you are a dumb\n|c|\u2606JustMonika_CARR|?\n|\n|t:|1701088759\n|move|p2a: Pheromosa|Ice Beam|p1a: Sukuna\n|-damage|p1a: Sukuna|67\/100\n|move|p1a: Sukuna|Flamethrower|p2a: Pheromosa\n|-supereffective|p2a: Pheromosa\n|-damage|p2a: Pheromosa|34\/100\n|\n|-heal|p1a: Sukuna|73\/100|[from] item: Leftovers\n|upkeep\n|turn|16\n|c|\u2606JustMonika_CARR|Probably true, but any reaskn for the random insult?\n|\n|t:|1701088782\n|move|p2a: Pheromosa|Close Combat|p1a: Sukuna\n|-damage|p1a: Sukuna|52\/100\n|-unboost|p2a: Pheromosa|def|1\n|-unboost|p2a: Pheromosa|spd|1\n|move|p1a: Sukuna|Flamethrower|p2a: Pheromosa\n|-supereffective|p2a: Pheromosa\n|-damage|p2a: Pheromosa|0 fnt\n|faint|p2a: Pheromosa\n|-ability|p1a: Sukuna|Beast Boost|boost\n|-boost|p1a: Sukuna|def|1\n|\n|-heal|p1a: Sukuna|58\/100|[from] item: Leftovers\n|-sideend|p2: JustMonika_CARR|Reflect\n|upkeep\n|\n|t:|1701088792\n|switch|p2a: Marshadow|Marshadow|100\/100\n|turn|17\n|c|\u2606lkjgames|you use toxic in pokemon imunne for toxic\n|\n|t:|1701088805\n|move|p2a: Marshadow|Spectral Thief||[still]\n|-clearpositiveboost|p1a: Sukuna|p2a: Marshadow|move: Spectral Thief\n|-boost|p2a: Marshadow|def|2\n|-anim|p2a: Marshadow|Spectral Thief|p1a: Sukuna\n|-damage|p1a: Sukuna|30\/100\n|move|p1a: Sukuna|Air Slash|p2a: Marshadow\n|-supereffective|p2a: Marshadow\n|-damage|p2a: Marshadow|67\/100\n|\n|-heal|p1a: Sukuna|36\/100|[from] item: Leftovers\n|upkeep\n|turn|18\n|c|\u2606JustMonika_CARR|No shit\n|c|\u2606JustMonika_CARR|I wanted for Deoxys to die lmao\n|c|\u2606JustMonika_CARR|For a safe switch\n|c|\u2606lkjgames|oh, ok\n|\n|t:|1701088842\n|move|p1a: Sukuna|Protect|p1a: Sukuna\n|-singleturn|p1a: Sukuna|Protect\n|move|p2a: Marshadow|Rock Tomb|p1a: Sukuna\n|-activate|p1a: Sukuna|move: Protect\n|\n|-heal|p1a: Sukuna|42\/100|[from] item: Leftovers\n|upkeep\n|turn|19\n|c|\u2606lkjgames|you kill your pokemon for a safe swich\n|\n|t:|1701088863\n|move|p2a: Marshadow|Spectral Thief|p1a: Sukuna\n|-damage|p1a: Sukuna|13\/100\n|move|p1a: Sukuna|Air Slash|p2a: Marshadow\n|-supereffective|p2a: Marshadow\n|-damage|p2a: Marshadow|34\/100\n|\n|-heal|p1a: Sukuna|19\/100|[from] item: Leftovers\n|-sideend|p2: JustMonika_CARR|move: Light Screen\n|upkeep\n|turn|20\n|c|\u2606JustMonika_CARR|Ye\n|\n|t:|1701088877\n|move|p1a: Sukuna|Protect|p1a: Sukuna\n|-singleturn|p1a: Sukuna|Protect\n|move|p2a: Marshadow|Spectral Thief|p1a: Sukuna\n|-activate|p1a: Sukuna|move: Protect\n|\n|-heal|p1a: Sukuna|25\/100|[from] item: Leftovers\n|upkeep\n|turn|21\n|\n|t:|1701088887\n|move|p2a: Marshadow|Spectral Thief|p1a: Sukuna\n|-damage|p1a: Sukuna|0 fnt\n|faint|p1a: Sukuna\n|\n|upkeep\n|\n|t:|1701088894\n|switch|p1a: Hakari Kinji|Zygarde, shiny|100\/100 slp\n|turn|22\n|\n|t:|1701088906\n|switch|p2a: Arceus|Arceus|100\/100\n|cant|p1a: Hakari Kinji|slp\n|move|p1a: Hakari Kinji|Sleep Talk|p1a: Hakari Kinji\n|move|p1a: Hakari Kinji|Thousand Arrows|p2a: Arceus|[from]move: Sleep Talk\n|-damage|p2a: Arceus|77\/100\n|\n|upkeep\n|turn|23\n|\n|t:|1701088914\n|move|p2a: Arceus|Cosmic Power|p2a: Arceus\n|-boost|p2a: Arceus|def|1\n|-boost|p2a: Arceus|spd|1\n|cant|p1a: Hakari Kinji|slp\n|\n|upkeep\n|turn|24\n|\n|t:|1701088921\n|move|p2a: Arceus|Cosmic Power|p2a: Arceus\n|-boost|p2a: Arceus|def|1\n|-boost|p2a: Arceus|spd|1\n|-curestatus|p1a: Hakari Kinji|slp|[msg]\n|move|p1a: Hakari Kinji|Thousand Arrows|p2a: Arceus\n|-damage|p2a: Arceus|64\/100\n|\n|upkeep\n|turn|25\n|c|\u2606JustMonika_CARR|Where does your Zygarde's name come from?\n|\n|t:|1701088957\n|move|p2a: Arceus|Cosmic Power|p2a: Arceus\n|-boost|p2a: Arceus|def|1\n|-boost|p2a: Arceus|spd|1\n|move|p1a: Hakari Kinji|Coil|p1a: Hakari Kinji\n|-boost|p1a: Hakari Kinji|atk|1\n|-boost|p1a: Hakari Kinji|def|1\n|-boost|p1a: Hakari Kinji|accuracy|1\n|\n|upkeep\n|turn|26\n|c|\u2606lkjgames|jujutsu\n|c|\u2606JustMonika_CARR|Oh, thought it'd be Hyakkano\n|c|\u2606lkjgames|the sleep talk choose a random skill for my zygarde\n|c|\u2606JustMonika_CARR|Ye\n|c|\u2606lkjgames|but need lucky for use atack\n|c|\u2606JustMonika_CARR|Indeed\n|\n|t:|1701089023\n|move|p2a: Arceus|Cosmic Power|p2a: Arceus\n|-boost|p2a: Arceus|def|1\n|-boost|p2a: Arceus|spd|1\n|move|p1a: Hakari Kinji|Coil|p1a: Hakari Kinji\n|-boost|p1a: Hakari Kinji|atk|1\n|-boost|p1a: Hakari Kinji|def|1\n|-boost|p1a: Hakari Kinji|accuracy|1\n|\n|upkeep\n|turn|27\n|\n|t:|1701089038\n|move|p2a: Arceus|Cosmic Power|p2a: Arceus\n|-boost|p2a: Arceus|def|1\n|-boost|p2a: Arceus|spd|1\n|move|p1a: Hakari Kinji|Coil|p1a: Hakari Kinji\n|-boost|p1a: Hakari Kinji|atk|1\n|-boost|p1a: Hakari Kinji|def|1\n|-boost|p1a: Hakari Kinji|accuracy|1\n|\n|upkeep\n|turn|28\n|c|\u2606lkjgames|you see just hit me\n|\n|t:|1701089047\n|move|p2a: Arceus|Cosmic Power|p2a: Arceus\n|-boost|p2a: Arceus|def|1\n|-boost|p2a: Arceus|spd|1\n|move|p1a: Hakari Kinji|Coil|p1a: Hakari Kinji\n|-boost|p1a: Hakari Kinji|atk|1\n|-boost|p1a: Hakari Kinji|def|1\n|-boost|p1a: Hakari Kinji|accuracy|1\n|\n|upkeep\n|turn|29\n|\n|t:|1701089054\n|move|p2a: Arceus|Stored Power|p1a: Hakari Kinji\n|-damage|p1a: Hakari Kinji|43\/100\n|move|p1a: Hakari Kinji|Coil|p1a: Hakari Kinji\n|-boost|p1a: Hakari Kinji|atk|1\n|-boost|p1a: Hakari Kinji|def|1\n|-boost|p1a: Hakari Kinji|accuracy|1\n|\n|-activate|p1a: Hakari Kinji|ability: Power Construct\n|detailschange|p1a: Hakari Kinji|Zygarde-Complete, shiny\n|-heal|p1a: Hakari Kinji|62\/100|[silent]\n|upkeep\n|turn|30\n|c|\u2606JustMonika_CARR|Ik it has power construct lol\n|\n|t:|1701089070\n|move|p2a: Arceus|Stored Power|p1a: Hakari Kinji\n|-damage|p1a: Hakari Kinji|25\/100\n|move|p1a: Hakari Kinji|Rest|p1a: Hakari Kinji\n|-status|p1a: Hakari Kinji|slp|[from] move: Rest\n|-heal|p1a: Hakari Kinji|100\/100 slp|[silent]\n|\n|upkeep\n|turn|31\n|\n|t:|1701089076\n|move|p2a: Arceus|Stored Power|p1a: Hakari Kinji\n|-damage|p1a: Hakari Kinji|63\/100 slp\n|cant|p1a: Hakari Kinji|slp\n|move|p1a: Hakari Kinji|Sleep Talk|p1a: Hakari Kinji\n|move|p1a: Hakari Kinji|Coil|p1a: Hakari Kinji|[from]move: Sleep Talk\n|-boost|p1a: Hakari Kinji|atk|1\n|-boost|p1a: Hakari Kinji|def|1\n|-boost|p1a: Hakari Kinji|accuracy|1\n|\n|upkeep\n|turn|32\n|\n|t:|1701089085\n|move|p2a: Arceus|Stored Power|p1a: Hakari Kinji\n|-damage|p1a: Hakari Kinji|22\/100 slp\n|cant|p1a: Hakari Kinji|slp\n|move|p1a: Hakari Kinji|Sleep Talk|p1a: Hakari Kinji\n|move|p1a: Hakari Kinji|Thousand Arrows|p2a: Arceus|[from]move: Sleep Talk\n|-crit|p2a: Arceus\n|-damage|p2a: Arceus|0 fnt\n|faint|p2a: Arceus\n|\n|upkeep\n|c|\u2606JustMonika_CARR|?\n|c|\u2606JustMonika_CARR|Why a crit now lmao\n|c|\u2606lkjgames|see?\n|\n|t:|1701089102\n|switch|p2a: Marshadow|Marshadow|34\/100\n|turn|33\n|\n|t:|1701089110\n|move|p2a: Marshadow|Spectral Thief||[still]\n|-clearpositiveboost|p1a: Hakari Kinji|p2a: Marshadow|move: Spectral Thief\n|-boost|p2a: Marshadow|atk|6\n|-boost|p2a: Marshadow|def|6\n|-boost|p2a: Marshadow|accuracy|6\n|-anim|p2a: Marshadow|Spectral Thief|p1a: Hakari Kinji\n|-damage|p1a: Hakari Kinji|0 fnt\n|faint|p1a: Hakari Kinji\n|\n|upkeep\n|\n|t:|1701089121\n|switch|p1a: Fushiguro Megume|Marshadow|100\/100\n|-damage|p1a: Fushiguro Megume|94\/100|[from] Stealth Rock\n|turn|34\n|\n|t:|1701089135\n|-terastallize|p1a: Fushiguro Megume|Normal\n|move|p2a: Marshadow|Shadow Sneak|p1a: Fushiguro Megume\n|-immune|p1a: Fushiguro Megume\n|move|p1a: Fushiguro Megume|Close Combat|p2a: Marshadow\n|-immune|p2a: Marshadow\n|\n|upkeep\n|turn|35\n|c|\u2606JustMonika_CARR|Nice one\n|\n|t:|1701089151\n|move|p2a: Marshadow|Close Combat|p1a: Fushiguro Megume\n|-supereffective|p1a: Fushiguro Megume\n|-damage|p1a: Fushiguro Megume|0 fnt\n|-unboost|p2a: Marshadow|def|1\n|-unboost|p2a: Marshadow|spd|1\n|faint|p1a: Fushiguro Megume\n|\n|upkeep\n|c|\u2606JustMonika_CARR|Wait\n|c|\u2606JustMonika_CARR|Why not spectral thief\n|c|\u2606lkjgames|?\n|c|\u2606JustMonika_CARR|Did yoy think I'd tera normal?\n|c|\u2606lkjgames|i thin to you use tera\n|c|\u2606lkjgames|think\n|c|\u2606JustMonika_CARR|Nah, mine's tera rock\n|c|\u2606lkjgames|normal\n|c|\u2606JustMonika_CARR|To deal with Ho-Oh\n|\n|t:|1701089200\n|switch|p1a: Zoro-Wano|Zacian-Crowned, shiny|100\/100\n|-damage|p1a: Zoro-Wano|94\/100|[from] Stealth Rock\n|-ability|p1a: Zoro-Wano|Intrepid Sword|boost\n|-boost|p1a: Zoro-Wano|atk|1\n|turn|36\n|\n|t:|1701089210\n|move|p2a: Marshadow|Shadow Sneak|p1a: Zoro-Wano\n|-damage|p1a: Zoro-Wano|0 fnt\n|faint|p1a: Zoro-Wano\n|\n|upkeep\n|\n|t:|1701089214\n|switch|p1a: gojou|Kyogre|100\/100\n|-damage|p1a: gojou|88\/100|[from] Stealth Rock\n|detailschange|p1a: gojou|Kyogre-Primal\n|-primal|p1a: gojou|Blue Orb\n|-weather|PrimordialSea|[from] ability: Primordial Sea|[of] p1a: gojou\n|turn|37\n|c|\u2606JustMonika_CARR|F\n|\n|t:|1701089223\n|move|p2a: Marshadow|Spectral Thief|p1a: gojou\n|-damage|p1a: gojou|0 fnt\n|faint|p1a: gojou\n|-weather|none\n|\n|upkeep\n|c|\u2606JustMonika_CARR|Gg\n|\n|t:|1701089231\n|switch|p1a: Uraume|Cloyster, M, shiny|100\/100\n|-damage|p1a: Uraume|76\/100|[from] Stealth Rock\n|turn|38\n|j| Baemaxx3\n|\n|t:|1701089241\n|move|p2a: Marshadow|Shadow Sneak|p1a: Uraume\n|-damage|p1a: Uraume|0 fnt\n|faint|p1a: Uraume\n|\n|win|JustMonika_CARR\n|raw|lkjgames's rating: 1354 &rarr; <strong>1340<\/strong><br \/>(-14 for losing)\n|raw|JustMonika_CARR's rating: 1458 &rarr; <strong>1472<\/strong><br \/>(+14 for winning)\n","uploadtime":1701089247,"views":1,"p1id":"lkjgames","p2id":"justmonikacarr","formatid":"gen9nationaldexubers","rating":1340,"private":0,"password":""}