{"id":"gen9nationaldexubers-1980889849","p1":"Aroma Nobody","p2":"ANinjaDude","format":"[Gen 9] National Dex Ubers","log":"|j|\u2606Aroma Nobody\n|j|\u2606ANinjaDude\n|t:|1698846305\n|gametype|singles\n|player|p1|Aroma Nobody|turo-ai|\n|player|p2|ANinjaDude|volkner|\n|teamsize|p1|6\n|teamsize|p2|6\n|gen|9\n|tier|[Gen 9] National Dex Ubers\n|rule|HP Percentage Mod: HP is shown in percentages\n|rule|Endless Battle Clause: Forcing endless battles is banned\n|rule|OHKO Clause: OHKO moves are banned\n|rule|Evasion Moves Clause: Evasion moves are banned\n|rule|Evasion Items Clause: Evasion items are banned\n|rule|Species Clause: Limit one of each Pok\u00e9mon\n|rule|Sleep Clause Mod: Limit one foe put to sleep\n|rule|Mega Rayquaza Clause: You cannot mega evolve Rayquaza\n|clearpoke\n|poke|p1|Blacephalon|\n|poke|p1|Celesteela|\n|poke|p1|Buzzwole|\n|poke|p1|Nihilego|\n|poke|p1|Xurkitree|\n|poke|p1|Kartana|\n|poke|p2|Landorus-Therian, M|\n|poke|p2|Celesteela|\n|poke|p2|Thundurus-Therian, M|\n|poke|p2|Dragonite, F|\n|poke|p2|Scizor, M|\n|poke|p2|Shaymin-Sky|\n|teampreview\n|inactive|Battle timer is ON: inactive players will automatically lose when time's up. (requested by ANinjaDude)\n|c|\u2606ANinjaDude|glhf\n|l|\u2606ANinjaDude\n|inactive|ANinjaDude disconnected and has 300 seconds to reconnect!\n|player|p2|\n|inactive|Aroma Nobody has 270 seconds left.\n|j|\u2606ANinjaDude\n|inactive|ANinjaDude reconnected.\n|player|p2|ANinjaDude|volkner\n|c|\u2606Aroma Nobody|Glhf\n|c|\u2606ANinjaDude|why did it disconnect me\n|\n|t:|1698846352\n|start\n|switch|p1a: Buzzwole|Buzzwole|100\/100\n|switch|p2a: Landorus|Landorus-Therian, M|100\/100\n|-ability|p2a: Landorus|Intimidate|boost\n|-unboost|p1a: Buzzwole|atk|1\n|turn|1\n|\n|t:|1698846357\n|move|p2a: Landorus|Stealth Rock|p1a: Buzzwole\n|-sidestart|p1: Aroma Nobody|move: Stealth Rock\n|move|p1a: Buzzwole|Ice Punch|p2a: Landorus\n|-supereffective|p2a: Landorus\n|-enditem|p2a: Landorus|Focus Sash\n|-damage|p2a: Landorus|1\/100\n|\n|upkeep\n|turn|2\n|\n|t:|1698846362\n|move|p2a: Landorus|Explosion|p1a: Buzzwole\n|-damage|p1a: Buzzwole|38\/100\n|faint|p2a: Landorus\n|move|p1a: Buzzwole|Ice Punch|p2: Landorus|[notarget]\n|-fail|p1a: Buzzwole\n|\n|upkeep\n|\n|t:|1698846373\n|switch|p2a: Shaymin|Shaymin-Sky|100\/100\n|turn|3\n|c|\u2606Aroma Nobody|What's your restriction btw?\n|\n|t:|1698846381\n|move|p2a: Shaymin|Air Slash|p1a: Buzzwole\n|-supereffective|p1a: Buzzwole\n|-damage|p1a: Buzzwole|0 fnt\n|faint|p1a: Buzzwole\n|\n|upkeep\n|c|\u2606ANinjaDude|no z\n|c|\u2606Aroma Nobody|Ok\n|\n|t:|1698846392\n|switch|p1a: Celesteela|Celesteela|100\/100\n|-damage|p1a: Celesteela|88\/100|[from] Stealth Rock\n|turn|4\n|\n|t:|1698846397\n|switch|p2a: Celesteela|Celesteela|100\/100\n|move|p1a: Celesteela|Leech Seed|p2a: Celesteela\n|-start|p2a: Celesteela|move: Leech Seed\n|\n|-heal|p1a: Celesteela|94\/100|[from] item: Leftovers\n|-damage|p2a: Celesteela|88\/100|[from] Leech Seed|[of] p1a: Celesteela\n|-heal|p1a: Celesteela|100\/100|[silent]\n|upkeep\n|turn|5\n|\n|t:|1698846401\n|move|p2a: Celesteela|Meteor Beam||[still]\n|-prepare|p2a: Celesteela|Meteor Beam\n|-boost|p2a: Celesteela|spa|1\n|-enditem|p2a: Celesteela|Power Herb\n|-anim|p2a: Celesteela|Meteor Beam|p1a: Celesteela\n|-damage|p1a: Celesteela|66\/100\n|move|p1a: Celesteela|Flamethrower|p2a: Celesteela\n|-supereffective|p2a: Celesteela\n|-damage|p2a: Celesteela|40\/100\n|\n|-heal|p1a: Celesteela|72\/100|[from] item: Leftovers\n|-damage|p2a: Celesteela|28\/100|[from] Leech Seed|[of] p1a: Celesteela\n|-heal|p1a: Celesteela|82\/100|[silent]\n|upkeep\n|turn|6\n|\n|t:|1698846414\n|move|p1a: Celesteela|Protect|p1a: Celesteela\n|-singleturn|p1a: Celesteela|Protect\n|move|p2a: Celesteela|Flash Cannon|p1a: Celesteela\n|-activate|p1a: Celesteela|move: Protect\n|\n|-heal|p1a: Celesteela|88\/100|[from] item: Leftovers\n|-damage|p2a: Celesteela|16\/100|[from] Leech Seed|[of] p1a: Celesteela\n|-heal|p1a: Celesteela|98\/100|[silent]\n|upkeep\n|turn|7\n|\n|t:|1698846423\n|move|p2a: Celesteela|Flash Cannon|p1a: Celesteela\n|-resisted|p1a: Celesteela\n|-damage|p1a: Celesteela|83\/100\n|move|p1a: Celesteela|Flamethrower|p2a: Celesteela\n|-supereffective|p2a: Celesteela\n|-damage|p2a: Celesteela|0 fnt\n|faint|p2a: Celesteela\n|-ability|p1a: Celesteela|Beast Boost|boost\n|-boost|p1a: Celesteela|spd|1\n|\n|-heal|p1a: Celesteela|89\/100|[from] item: Leftovers\n|upkeep\n|\n|t:|1698846430\n|switch|p2a: Scizor|Scizor, M|100\/100\n|turn|8\n|\n|t:|1698846443\n|detailschange|p2a: Scizor|Scizor-Mega, M\n|-mega|p2a: Scizor|Scizor|Scizorite\n|move|p2a: Scizor|U-turn|p1a: Celesteela\n|-resisted|p1a: Celesteela\n|-damage|p1a: Celesteela|81\/100\n|\n|t:|1698846448\n|switch|p2a: Thundurus|Thundurus-Therian, M|100\/100|[from] U-turn\n|move|p1a: Celesteela|Flamethrower|p2a: Thundurus\n|-damage|p2a: Thundurus|73\/100\n|\n|-heal|p1a: Celesteela|87\/100|[from] item: Leftovers\n|upkeep\n|turn|9\n|\n|t:|1698846457\n|switch|p1a: Nihilego|Nihilego|100\/100\n|-damage|p1a: Nihilego|88\/100|[from] Stealth Rock\n|move|p2a: Thundurus|Nasty Plot|p2a: Thundurus\n|-boost|p2a: Thundurus|spa|2\n|\n|upkeep\n|turn|10\n|\n|t:|1698846470\n|switch|p2a: Scizor|Scizor-Mega, M|100\/100\n|move|p1a: Nihilego|Meteor Beam||[still]\n|-prepare|p1a: Nihilego|Meteor Beam\n|-boost|p1a: Nihilego|spa|1\n|-enditem|p1a: Nihilego|Power Herb\n|-anim|p1a: Nihilego|Meteor Beam|p2a: Scizor\n|-damage|p2a: Scizor|0 fnt\n|faint|p2a: Scizor\n|-ability|p1a: Nihilego|Beast Boost|boost\n|-boost|p1a: Nihilego|spe|1\n|\n|upkeep\n|\n|t:|1698846476\n|switch|p2a: Shaymin|Shaymin-Sky|100\/100\n|turn|11\n|\n|t:|1698846481\n|move|p2a: Shaymin|Earth Power|p1a: Nihilego\n|-supereffective|p1a: Nihilego\n|-damage|p1a: Nihilego|0 fnt\n|faint|p1a: Nihilego\n|\n|upkeep\n|\n|t:|1698846490\n|switch|p1a: Celesteela|Celesteela|87\/100\n|-damage|p1a: Celesteela|75\/100|[from] Stealth Rock\n|turn|12\n|\n|t:|1698846496\n|switch|p2a: Dragonite|Dragonite, F|100\/100\n|move|p1a: Celesteela|Leech Seed|p2a: Dragonite\n|-start|p2a: Dragonite|move: Leech Seed\n|\n|-heal|p1a: Celesteela|81\/100|[from] item: Leftovers\n|-damage|p2a: Dragonite|88\/100|[from] Leech Seed|[of] p1a: Celesteela\n|-heal|p1a: Celesteela|91\/100|[silent]\n|upkeep\n|turn|13\n|\n|t:|1698846502\n|move|p2a: Dragonite|Dragon Dance|p2a: Dragonite\n|-boost|p2a: Dragonite|atk|1\n|-boost|p2a: Dragonite|spe|1\n|move|p1a: Celesteela|Heavy Slam|p2a: Dragonite\n|-damage|p2a: Dragonite|50\/100\n|\n|-heal|p1a: Celesteela|97\/100|[from] item: Leftovers\n|-damage|p2a: Dragonite|38\/100|[from] Leech Seed|[of] p1a: Celesteela\n|-heal|p1a: Celesteela|100\/100|[silent]\n|upkeep\n|turn|14\n|\n|t:|1698846511\n|move|p1a: Celesteela|Protect|p1a: Celesteela\n|-singleturn|p1a: Celesteela|Protect\n|move|p2a: Dragonite|Roost|p2a: Dragonite\n|-heal|p2a: Dragonite|88\/100\n|-singleturn|p2a: Dragonite|move: Roost\n|\n|-damage|p2a: Dragonite|75\/100|[from] Leech Seed|[of] p1a: Celesteela\n|upkeep\n|turn|15\n|\n|t:|1698846517\n|move|p2a: Dragonite|Roost|p2a: Dragonite\n|-heal|p2a: Dragonite|100\/100\n|-singleturn|p2a: Dragonite|move: Roost\n|move|p1a: Celesteela|Heavy Slam|p2a: Dragonite\n|-damage|p2a: Dragonite|82\/100\n|\n|-damage|p2a: Dragonite|69\/100|[from] Leech Seed|[of] p1a: Celesteela\n|upkeep\n|turn|16\n|\n|t:|1698846520\n|move|p2a: Dragonite|Roost|p2a: Dragonite\n|-heal|p2a: Dragonite|100\/100\n|-singleturn|p2a: Dragonite|move: Roost\n|move|p1a: Celesteela|Heavy Slam|p2a: Dragonite\n|-damage|p2a: Dragonite|82\/100\n|\n|-damage|p2a: Dragonite|70\/100|[from] Leech Seed|[of] p1a: Celesteela\n|upkeep\n|turn|17\n|\n|t:|1698846522\n|move|p2a: Dragonite|Dragon Dance|p2a: Dragonite\n|-boost|p2a: Dragonite|atk|1\n|-boost|p2a: Dragonite|spe|1\n|move|p1a: Celesteela|Heavy Slam|p2a: Dragonite\n|-damage|p2a: Dragonite|28\/100\n|\n|-damage|p2a: Dragonite|16\/100|[from] Leech Seed|[of] p1a: Celesteela\n|upkeep\n|turn|18\n|\n|t:|1698846525\n|move|p2a: Dragonite|Roost|p2a: Dragonite\n|-heal|p2a: Dragonite|66\/100\n|-singleturn|p2a: Dragonite|move: Roost\n|move|p1a: Celesteela|Heavy Slam|p2a: Dragonite\n|-damage|p2a: Dragonite|26\/100\n|\n|-damage|p2a: Dragonite|14\/100|[from] Leech Seed|[of] p1a: Celesteela\n|upkeep\n|turn|19\n|\n|t:|1698846529\n|move|p2a: Dragonite|Roost|p2a: Dragonite\n|-heal|p2a: Dragonite|64\/100\n|-singleturn|p2a: Dragonite|move: Roost\n|move|p1a: Celesteela|Heavy Slam|p2a: Dragonite\n|-damage|p2a: Dragonite|26\/100\n|\n|-damage|p2a: Dragonite|13\/100|[from] Leech Seed|[of] p1a: Celesteela\n|upkeep\n|turn|20\n|\n|t:|1698846535\n|move|p2a: Dragonite|Extreme Speed|p1a: Celesteela\n|-resisted|p1a: Celesteela\n|-damage|p1a: Celesteela|78\/100\n|move|p1a: Celesteela|Heavy Slam|p2a: Dragonite\n|-damage|p2a: Dragonite|0 fnt\n|faint|p2a: Dragonite\n|-ability|p1a: Celesteela|Beast Boost|boost\n|-boost|p1a: Celesteela|spd|1\n|\n|-heal|p1a: Celesteela|84\/100|[from] item: Leftovers\n|upkeep\n|\n|t:|1698846541\n|switch|p2a: Thundurus|Thundurus-Therian, M|73\/100\n|turn|21\n|\n|t:|1698846556\n|move|p2a: Thundurus|Substitute|p2a: Thundurus\n|-start|p2a: Thundurus|Substitute\n|-damage|p2a: Thundurus|48\/100\n|move|p1a: Celesteela|Flamethrower|p2a: Thundurus\n|-end|p2a: Thundurus|Substitute\n|\n|-heal|p1a: Celesteela|90\/100|[from] item: Leftovers\n|upkeep\n|turn|22\n|\n|t:|1698846569\n|move|p2a: Thundurus|Nasty Plot|p2a: Thundurus\n|-boost|p2a: Thundurus|spa|2\n|move|p1a: Celesteela|Flamethrower|p2a: Thundurus\n|-damage|p2a: Thundurus|20\/100\n|\n|-heal|p1a: Celesteela|96\/100|[from] item: Leftovers\n|upkeep\n|turn|23\n|l|\u2606ANinjaDude\n|inactive|ANinjaDude disconnected and has 300 seconds to reconnect!\n|player|p2|\n|inactive|ANinjaDude has 270 seconds to reconnect!\n|j|\u2606ANinjaDude\n|inactive|ANinjaDude reconnected and has 300 seconds left.\n|player|p2|ANinjaDude|volkner\n|c|\u2606ANinjaDude|why is my wifi so ass\n|\n|t:|1698846607\n|move|p2a: Thundurus|Thunderbolt|p1a: Celesteela\n|-supereffective|p1a: Celesteela\n|-damage|p1a: Celesteela|16\/100\n|move|p1a: Celesteela|Flamethrower|p2a: Thundurus\n|-damage|p2a: Thundurus|0 fnt\n|faint|p2a: Thundurus\n|-ability|p1a: Celesteela|Beast Boost|boost\n|-boost|p1a: Celesteela|spd|1\n|\n|-heal|p1a: Celesteela|22\/100|[from] item: Leftovers\n|upkeep\n|\n|t:|1698846610\n|switch|p2a: Shaymin|Shaymin-Sky|100\/100\n|turn|24\n|c|\u2606Aroma Nobody|I know that feeling\n|\n|t:|1698846630\n|-terastallize|p2a: Shaymin|Flying\n|move|p1a: Celesteela|Protect|p1a: Celesteela\n|-singleturn|p1a: Celesteela|Protect\n|move|p2a: Shaymin|Air Slash|p1a: Celesteela\n|-activate|p1a: Celesteela|move: Protect\n|\n|-heal|p1a: Celesteela|28\/100|[from] item: Leftovers\n|upkeep\n|turn|25\n|\n|t:|1698846637\n|move|p2a: Shaymin|Air Slash|p1a: Celesteela\n|-resisted|p1a: Celesteela\n|-damage|p1a: Celesteela|20\/100\n|cant|p1a: Celesteela|flinch\n|\n|-heal|p1a: Celesteela|26\/100|[from] item: Leftovers\n|upkeep\n|turn|26\n|\n|t:|1698846643\n|move|p1a: Celesteela|Protect|p1a: Celesteela\n|-singleturn|p1a: Celesteela|Protect\n|move|p2a: Shaymin|Air Slash|p1a: Celesteela\n|-activate|p1a: Celesteela|move: Protect\n|\n|-heal|p1a: Celesteela|32\/100|[from] item: Leftovers\n|upkeep\n|turn|27\n|c|\u2606ANinjaDude|time for this\n|\n|t:|1698846648\n|move|p2a: Shaymin|Air Slash|p1a: Celesteela\n|-resisted|p1a: Celesteela\n|-damage|p1a: Celesteela|24\/100\n|cant|p1a: Celesteela|flinch\n|\n|-heal|p1a: Celesteela|30\/100|[from] item: Leftovers\n|upkeep\n|turn|28\n|\n|t:|1698846651\n|move|p1a: Celesteela|Protect|p1a: Celesteela\n|-singleturn|p1a: Celesteela|Protect\n|move|p2a: Shaymin|Air Slash|p1a: Celesteela\n|-activate|p1a: Celesteela|move: Protect\n|\n|-heal|p1a: Celesteela|36\/100|[from] item: Leftovers\n|upkeep\n|turn|29\n|\n|t:|1698846653\n|move|p2a: Shaymin|Air Slash|p1a: Celesteela\n|-resisted|p1a: Celesteela\n|-damage|p1a: Celesteela|29\/100\n|move|p1a: Celesteela|Heavy Slam|p2a: Shaymin\n|-damage|p2a: Shaymin|52\/100\n|\n|-heal|p1a: Celesteela|35\/100|[from] item: Leftovers\n|upkeep\n|turn|30\n|c|\u2606Aroma Nobody|Gg\n|c|\u2606ANinjaDude|ggs\n|\n|t:|1698846662\n|move|p2a: Shaymin|Air Slash|p1a: Celesteela\n|-resisted|p1a: Celesteela\n|-damage|p1a: Celesteela|27\/100\n|move|p1a: Celesteela|Heavy Slam|p2a: Shaymin\n|-damage|p2a: Shaymin|1\/100\n|\n|-heal|p1a: Celesteela|33\/100|[from] item: Leftovers\n|upkeep\n|turn|31\n|\n|t:|1698846666\n|move|p2a: Shaymin|Air Slash|p1a: Celesteela\n|-resisted|p1a: Celesteela\n|-damage|p1a: Celesteela|26\/100\n|move|p1a: Celesteela|Heavy Slam|p2a: Shaymin\n|-damage|p2a: Shaymin|0 fnt\n|faint|p2a: Shaymin\n|\n|win|Aroma Nobody\n","uploadtime":1698846673,"views":10,"p1id":"aromanobody","p2id":"aninjadude","formatid":"gen9nationaldexubers","rating":0,"private":0,"password":""}