{"id":"gen9nationaldexubers-1997840466","p1":"KarmaKazama0","p2":"Lightbulb0711","format":"[Gen 9] National Dex Ubers","log":"|j|\u2606KarmaKazama0\n|j|\u2606Lightbulb0711\n|t:|1700858462\n|gametype|singles\n|player|p1|KarmaKazama0|102|1521\n|player|p2|Lightbulb0711|drayden|1481\n|teamsize|p1|6\n|teamsize|p2|6\n|gen|9\n|tier|[Gen 9] National Dex Ubers\n|rated|\n|rule|HP Percentage Mod: HP is shown in percentages\n|rule|Endless Battle Clause: Forcing endless battles is banned\n|rule|OHKO Clause: OHKO moves are banned\n|rule|Evasion Moves Clause: Evasion moves are banned\n|rule|Evasion Items Clause: Evasion items are banned\n|rule|Species Clause: Limit one of each Pok\u00e9mon\n|rule|Sleep Clause Mod: Limit one foe put to sleep\n|rule|Mega Rayquaza Clause: You cannot mega evolve Rayquaza\n|clearpoke\n|poke|p1|Marshadow|\n|poke|p1|Ho-Oh|\n|poke|p1|Arceus-Ground|\n|poke|p1|Groudon|\n|poke|p1|Xerneas-*|\n|poke|p1|Zygarde|\n|poke|p2|Ho-Oh|\n|poke|p2|Groudon|\n|poke|p2|Darmanitan-Galar, F|\n|poke|p2|Salamence, M|\n|poke|p2|Giratina-Origin|\n|poke|p2|Necrozma-Dusk-Mane|\n|teampreview\n|inactive|Battle timer is ON: inactive players will automatically lose when time's up. (requested by KarmaKazama0)\n|inactive|Lightbulb0711 also wants the timer to be on.\n|\n|t:|1700858473\n|start\n|switch|p1a: Groudon|Groudon|100\/100\n|switch|p2a: Darmanitan|Darmanitan-Galar, F|100\/100\n|detailschange|p1a: Groudon|Groudon-Primal\n|-primal|p1a: Groudon|Red Orb\n|-weather|DesolateLand|[from] ability: Desolate Land|[of] p1a: Groudon\n|turn|1\n|\n|t:|1700858479\n|-weather|none\n|switch|p1a: Ho-Oh|Ho-Oh|100\/100\n|move|p2a: Darmanitan|Earthquake|p1a: Ho-Oh\n|-immune|p1a: Ho-Oh\n|\n|upkeep\n|turn|2\n|\n|t:|1700858489\n|switch|p2a: King|Ho-Oh|100\/100\n|move|p1a: Ho-Oh|Toxic|p2a: King\n|-status|p2a: King|tox\n|\n|-damage|p2a: King|94\/100 tox|[from] psn\n|upkeep\n|turn|3\n|\n|t:|1700858496\n|switch|p1a: Groudon|Groudon-Primal|100\/100\n|-weather|DesolateLand|[from] ability: Desolate Land|[of] p1a: Groudon\n|move|p2a: King|Toxic|p1a: Groudon\n|-status|p1a: Groudon|tox\n|\n|-weather|DesolateLand|[upkeep]\n|-damage|p2a: King|82\/100 tox|[from] psn\n|-damage|p1a: Groudon|94\/100 tox|[from] psn\n|upkeep\n|turn|4\n|\n|t:|1700858501\n|switch|p2a: Giratina|Giratina-Origin, shiny|100\/100\n|move|p1a: Groudon|Spikes|p2a: Giratina\n|-sidestart|p2: Lightbulb0711|Spikes\n|\n|-weather|DesolateLand|[upkeep]\n|-damage|p1a: Groudon|82\/100 tox|[from] psn\n|upkeep\n|turn|5\n|\n|t:|1700858505\n|move|p2a: Giratina|Hex|p1a: Groudon\n|-damage|p1a: Groudon|31\/100 tox\n|move|p1a: Groudon|Toxic|p2a: Giratina\n|-status|p2a: Giratina|tox\n|\n|-weather|DesolateLand|[upkeep]\n|-damage|p2a: Giratina|94\/100 tox|[from] psn\n|-damage|p1a: Groudon|12\/100 tox|[from] psn\n|upkeep\n|turn|6\n|\n|t:|1700858512\n|move|p2a: Giratina|Hex|p1a: Groudon\n|-damage|p1a: Groudon|0 fnt\n|faint|p1a: Groudon\n|-weather|none\n|\n|-damage|p2a: Giratina|82\/100 tox|[from] psn\n|upkeep\n|\n|t:|1700858525\n|switch|p1a: Marshadow|Marshadow|100\/100\n|turn|7\n|\n|t:|1700858535\n|-terastallize|p1a: Marshadow|Ghost\n|move|p1a: Marshadow|Shadow Sneak|p2a: Giratina\n|-supereffective|p2a: Giratina\n|-damage|p2a: Giratina|22\/100 tox\n|move|p2a: Giratina|Will-O-Wisp|p1a: Marshadow\n|-status|p1a: Marshadow|brn\n|\n|-damage|p2a: Giratina|4\/100 tox|[from] psn\n|-damage|p1a: Marshadow|94\/100 brn|[from] brn\n|upkeep\n|turn|8\n|\n|t:|1700858541\n|move|p1a: Marshadow|Shadow Sneak|p2a: Giratina\n|-supereffective|p2a: Giratina\n|-damage|p2a: Giratina|0 fnt\n|faint|p2a: Giratina\n|\n|-damage|p1a: Marshadow|88\/100 brn|[from] brn\n|upkeep\n|inactive|Lightbulb0711 has 120 seconds left.\n|\n|t:|1700858571\n|switch|p2a: not AG?????|Groudon, shiny|100\/100\n|-damage|p2a: not AG?????|88\/100|[from] Spikes\n|detailschange|p2a: not AG?????|Groudon-Primal, shiny\n|-primal|p2a: not AG?????|Red Orb\n|-weather|DesolateLand|[from] ability: Desolate Land|[of] p2a: not AG?????\n|turn|9\n|\n|t:|1700858575\n|switch|p1a: Arceus|Arceus-Ground|100\/100\n|move|p2a: not AG?????|Rock Polish|p2a: not AG?????\n|-boost|p2a: not AG?????|spe|2\n|\n|-weather|DesolateLand|[upkeep]\n|upkeep\n|turn|10\n|\n|t:|1700858582\n|move|p2a: not AG?????|Heat Crash|p1a: Arceus\n|-damage|p1a: Arceus|33\/100\n|move|p1a: Arceus|Judgment|p2a: not AG?????\n|-supereffective|p2a: not AG?????\n|-damage|p2a: not AG?????|0 fnt\n|faint|p2a: not AG?????\n|-weather|none\n|\n|upkeep\n|\n|t:|1700858593\n|switch|p2a: Salamence|Salamence, M|100\/100\n|-ability|p2a: Salamence|Intimidate|boost\n|-unboost|p1a: Arceus|atk|1\n|turn|11\n|\n|t:|1700858599\n|detailschange|p2a: Salamence|Salamence-Mega, M\n|-mega|p2a: Salamence|Salamence|Salamencite\n|move|p1a: Arceus|Ice Beam|p2a: Salamence\n|-supereffective|p2a: Salamence\n|-damage|p2a: Salamence|0 fnt\n|faint|p2a: Salamence\n|\n|upkeep\n|\n|t:|1700858615\n|switch|p2a: Necrozma|Necrozma-Dusk-Mane, shiny|100\/100\n|-damage|p2a: Necrozma|88\/100|[from] Spikes\n|turn|12\n|\n|t:|1700858621\n|detailschange|p2a: Necrozma|Necrozma-Ultra, shiny\n|-burst|p2a: Necrozma|Necrozma|Ultranecrozium Z\n|move|p1a: Arceus|Judgment|p2a: Necrozma\n|-damage|p2a: Necrozma|35\/100\n|move|p2a: Necrozma|Dragon Dance|p2a: Necrozma\n|-boost|p2a: Necrozma|atk|1\n|-boost|p2a: Necrozma|spe|1\n|\n|upkeep\n|turn|13\n|\n|t:|1700858628\n|move|p2a: Necrozma|Photon Geyser|p1a: Arceus\n|-damage|p1a: Arceus|0 fnt\n|faint|p1a: Arceus\n|\n|upkeep\n|\n|t:|1700858631\n|switch|p1a: Marshadow|Marshadow, tera:Ghost|88\/100 brn\n|turn|14\n|\n|t:|1700858644\n|move|p1a: Marshadow|Shadow Sneak|p2a: Necrozma\n|-supereffective|p2a: Necrozma\n|-damage|p2a: Necrozma|0 fnt\n|faint|p2a: Necrozma\n|\n|-damage|p1a: Marshadow|82\/100 brn|[from] brn\n|upkeep\n|\n|t:|1700858647\n|switch|p2a: King|Ho-Oh|100\/100 tox\n|turn|15\n|\n|t:|1700858653\n|switch|p1a: Zygarde|Zygarde|100\/100\n|move|p2a: King|Sacred Fire|p1a: Zygarde\n|-resisted|p1a: Zygarde\n|-damage|p1a: Zygarde|88\/100\n|\n|-heal|p1a: Zygarde|95\/100|[from] item: Leftovers\n|-damage|p2a: King|94\/100 tox|[from] psn\n|upkeep\n|turn|16\n|\n|t:|1700858660\n|move|p1a: Zygarde|Coil|p1a: Zygarde\n|-boost|p1a: Zygarde|atk|1\n|-boost|p1a: Zygarde|def|1\n|-boost|p1a: Zygarde|accuracy|1\n|move|p2a: King|Toxic|p1a: Zygarde\n|-status|p1a: Zygarde|tox\n|\n|-heal|p1a: Zygarde|100\/100 tox|[from] item: Leftovers\n|-damage|p1a: Zygarde|94\/100 tox|[from] psn\n|-damage|p2a: King|82\/100 tox|[from] psn\n|upkeep\n|turn|17\n|\n|t:|1700858662\n|move|p1a: Zygarde|Coil|p1a: Zygarde\n|-boost|p1a: Zygarde|atk|1\n|-boost|p1a: Zygarde|def|1\n|-boost|p1a: Zygarde|accuracy|1\n|move|p2a: King|Whirlwind|p1a: Zygarde\n|drag|p1a: Ho-Oh|Ho-Oh|100\/100\n|\n|-damage|p2a: King|63\/100 tox|[from] psn\n|upkeep\n|turn|18\n|\n|t:|1700858667\n|move|p1a: Ho-Oh|Sacred Fire|p2a: King\n|-resisted|p2a: King\n|-damage|p2a: King|50\/100 tox\n|move|p2a: King|Toxic|p1a: Ho-Oh\n|-status|p1a: Ho-Oh|tox\n|\n|-damage|p2a: King|25\/100 tox|[from] psn\n|-damage|p1a: Ho-Oh|94\/100 tox|[from] psn\n|upkeep\n|turn|19\n|\n|t:|1700858673\n|move|p1a: Ho-Oh|Sacred Fire|p2a: King\n|-resisted|p2a: King\n|-damage|p2a: King|11\/100 tox\n|move|p2a: King|Sacred Fire|p1a: Ho-Oh\n|-resisted|p1a: Ho-Oh\n|-damage|p1a: Ho-Oh|81\/100 tox\n|\n|-damage|p1a: Ho-Oh|69\/100 tox|[from] psn\n|-damage|p2a: King|0 fnt|[from] psn\n|faint|p2a: King\n|upkeep\n|\n|t:|1700858676\n|switch|p2a: Darmanitan|Darmanitan-Galar, F|100\/100\n|-damage|p2a: Darmanitan|88\/100|[from] Spikes\n|turn|20\n|\n|t:|1700858680\n|-terastallize|p2a: Darmanitan|Ice\n|move|p2a: Darmanitan|Icicle Crash|p1a: Ho-Oh|[miss]\n|-miss|p2a: Darmanitan|p1a: Ho-Oh\n|move|p1a: Ho-Oh|Sacred Fire|p2a: Darmanitan\n|-supereffective|p2a: Darmanitan\n|-damage|p2a: Darmanitan|0 fnt\n|faint|p2a: Darmanitan\n|\n|win|KarmaKazama0\n|raw|KarmaKazama0's rating: 1521 &rarr; <strong>1539<\/strong><br \/>(+18 for winning)\n|raw|Lightbulb0711's rating: 1481 &rarr; <strong>1463<\/strong><br \/>(-18 for losing)\n|l|\u2606Lightbulb0711\n","uploadtime":1700858690,"views":7,"p1id":"karmakazama0","p2id":"lightbulb0711","formatid":"gen9nationaldexubers","rating":1463,"private":0,"password":""}