{"id":"gen9nationaldexubers-1993927226","p1":"Factor64","p2":"gran gran","format":"[Gen 9] National Dex Ubers","log":"|j|\u2606Factor64\n|j|\u2606gran gran\n|t:|1700376845\n|gametype|singles\n|player|p1|Factor64|102|\n|player|p2|gran gran|2|\n|teamsize|p1|6\n|teamsize|p2|6\n|gen|9\n|tier|[Gen 9] National Dex Ubers\n|rule|HP Percentage Mod: HP is shown in percentages\n|rule|Endless Battle Clause: Forcing endless battles is banned\n|rule|OHKO Clause: OHKO moves are banned\n|rule|Evasion Moves Clause: Evasion moves are banned\n|rule|Evasion Items Clause: Evasion items are banned\n|rule|Species Clause: Limit one of each Pok\u00e9mon\n|rule|Sleep Clause Mod: Limit one foe put to sleep\n|rule|Mega Rayquaza Clause: You cannot mega evolve Rayquaza\n|clearpoke\n|poke|p1|Tyranitar, M|\n|poke|p1|Jellicent, M|\n|poke|p1|Rotom-Heat|\n|poke|p1|Toxapex, F|\n|poke|p1|Ogerpon, F|\n|poke|p1|Sawk, M|\n|poke|p2|Blaziken, F|\n|poke|p2|Chansey, F|\n|poke|p2|Gastrodon, F|\n|poke|p2|Rillaboom, M|\n|poke|p2|Skarmory, M|\n|poke|p2|Nidoking, M|\n|teampreview\n|j| Demolution545\n|j| ColdSobaNoodle\n|c| ColdSobaNoodle|No longer dying pog, ready for hot set\n|\n|t:|1700377013\n|start\n|switch|p1a: Ogerpon|Ogerpon, F|100\/100\n|switch|p2a: Gastrodon|Gastrodon, F|100\/100\n|turn|1\n|c| Demolution545|im ready to die after this set\n|\n|t:|1700377039\n|switch|p2a: Chansey|Chansey, F|100\/100\n|move|p1a: Ogerpon|Knock Off|p2a: Chansey\n|-damage|p2a: Chansey|70\/100\n|-enditem|p2a: Chansey|Eviolite|[from] move: Knock Off|[of] p1a: Ogerpon\n|\n|upkeep\n|turn|2\n|j| Lunar Sloth\n|c| Lunar Sloth|oh yeah\n|c| ColdSobaNoodle|Ayyyyyyy\n|\n|t:|1700377077\n|switch|p1a: Rotom|Rotom-Heat|100\/100\n|move|p2a: Chansey|Thunder Wave|p1a: Rotom\n|-immune|p1a: Rotom\n|\n|upkeep\n|turn|3\n|c| ColdSobaNoodle|got anotherrrr\n|\n|t:|1700377089\n|move|p1a: Rotom|Nasty Plot|p1a: Rotom\n|-boost|p1a: Rotom|spa|2\n|move|p2a: Chansey|Soft-Boiled|p2a: Chansey\n|-heal|p2a: Chansey|100\/100\n|\n|upkeep\n|turn|4\n|\n|t:|1700377099\n|move|p1a: Rotom|Overheat|p2a: Chansey\n|-damage|p2a: Chansey|55\/100\n|-unboost|p1a: Rotom|spa|2\n|move|p2a: Chansey|Teleport|p2a: Chansey\n|\n|t:|1700377107\n|switch|p2a: Gastrodon|Gastrodon, F|100\/100|[from] Teleport\n|\n|upkeep\n|turn|5\n|\n|t:|1700377118\n|switch|p1a: Ogerpon|Ogerpon, F|100\/100\n|move|p2a: Gastrodon|Scald|p1a: Ogerpon\n|-resisted|p1a: Ogerpon\n|-damage|p1a: Ogerpon|85\/100\n|\n|upkeep\n|turn|6\n|c| ColdSobaNoodle|West Sea Gastrodon beloved\n|\n|t:|1700377148\n|switch|p2a: Skarmory|Skarmory, M|100\/100\n|move|p1a: Ogerpon|U-turn|p2a: Skarmory\n|-resisted|p2a: Skarmory\n|-damage|p2a: Skarmory|96\/100\n|\n|t:|1700377150\n|switch|p1a: Sawk|Sawk, M, shiny|100\/100|[from] U-turn\n|\n|-heal|p2a: Skarmory|100\/100|[from] item: Leftovers\n|upkeep\n|turn|7\n|\n|t:|1700377217\n|switch|p2a: Gastrodon|Gastrodon, F|100\/100\n|move|p1a: Sawk|Close Combat|p2a: Gastrodon\n|-damage|p2a: Gastrodon|28\/100\n|-unboost|p1a: Sawk|def|1\n|-unboost|p1a: Sawk|spd|1\n|\n|-heal|p2a: Gastrodon|34\/100|[from] item: Leftovers\n|upkeep\n|turn|8\n|\n|t:|1700377299\n|switch|p2a: Skarmory|Skarmory, M|100\/100\n|move|p1a: Sawk|Close Combat|p2a: Skarmory\n|-damage|p2a: Skarmory|38\/100\n|-unboost|p1a: Sawk|def|1\n|-unboost|p1a: Sawk|spd|1\n|\n|-heal|p2a: Skarmory|44\/100|[from] item: Leftovers\n|upkeep\n|turn|9\n|c| Lunar Sloth|goodness\n|c| ColdSobaNoodle|Holy crap did not expect that to do so much\n|c|\u2606Factor64|sawk on these nuts\n|c| ColdSobaNoodle|...\n|\n|t:|1700377358\n|switch|p2a: Chansey|Chansey, F|55\/100\n|move|p1a: Sawk|Close Combat|p2a: Chansey\n|-supereffective|p2a: Chansey\n|-crit|p2a: Chansey\n|-damage|p2a: Chansey|0 fnt\n|-unboost|p1a: Sawk|def|1\n|-unboost|p1a: Sawk|spd|1\n|faint|p2a: Chansey\n|\n|upkeep\n|c| Demolution545|oh great heavens\n|\n|t:|1700377377\n|switch|p2a: Rillaboom|Rillaboom, M, shiny|100\/100\n|-fieldstart|move: Grassy Terrain|[from] ability: Grassy Surge|[of] p2a: Rillaboom\n|turn|10\n|c| ColdSobaNoodle|monke\n|\n|t:|1700377390\n|switch|p1a: Rotom|Rotom-Heat|100\/100\n|move|p2a: Rillaboom|U-turn|p1a: Rotom\n|-resisted|p1a: Rotom\n|-damage|p1a: Rotom|82\/100\n|\n|t:|1700377398\n|switch|p2a: Nidoking|Nidoking, M, shiny|100\/100|[from] U-turn\n|\n|upkeep\n|turn|11\n|\n|t:|1700377407\n|switch|p1a: Jellicent|Jellicent, M|100\/100\n|move|p2a: Nidoking|Sludge Bomb|p1a: Jellicent\n|-resisted|p1a: Jellicent\n|-damage|p1a: Jellicent|81\/100\n|\n|-heal|p1a: Jellicent|87\/100|[from] Grassy Terrain\n|-heal|p1a: Jellicent|94\/100|[from] item: Leftovers\n|upkeep\n|turn|12\n|\n|t:|1700377436\n|switch|p2a: Gastrodon|Gastrodon, F|34\/100\n|move|p1a: Jellicent|Scald|p2a: Gastrodon\n|-ability|p2a: Gastrodon|Storm Drain|boost\n|-boost|p2a: Gastrodon|spa|1\n|\n|-heal|p1a: Jellicent|99\/100|[from] Grassy Terrain\n|-heal|p1a: Jellicent|100\/100|[from] item: Leftovers\n|-heal|p2a: Gastrodon|40\/100|[from] Grassy Terrain\n|-heal|p2a: Gastrodon|46\/100|[from] item: Leftovers\n|upkeep\n|turn|13\n|c| ColdSobaNoodle|ooo\n|c| ColdSobaNoodle|Nice\n|\n|t:|1700377448\n|move|p1a: Jellicent|Toxic|p2a: Gastrodon\n|-status|p2a: Gastrodon|tox\n|move|p2a: Gastrodon|Recover|p2a: Gastrodon\n|-heal|p2a: Gastrodon|96\/100 tox\n|\n|-heal|p2a: Gastrodon|100\/100 tox|[from] Grassy Terrain\n|-damage|p2a: Gastrodon|94\/100 tox|[from] psn\n|upkeep\n|turn|14\n|\n|t:|1700377457\n|switch|p2a: Skarmory|Skarmory, M|44\/100\n|move|p1a: Jellicent|Taunt|p2a: Skarmory\n|-start|p2a: Skarmory|move: Taunt\n|\n|-heal|p2a: Skarmory|50\/100|[from] item: Leftovers\n|-fieldend|move: Grassy Terrain\n|upkeep\n|turn|15\n|\n|t:|1700377466\n|switch|p2a: Gastrodon|Gastrodon, F|94\/100 tox\n|switch|p1a: Sawk|Sawk, M, shiny|100\/100\n|\n|-heal|p2a: Gastrodon|100\/100 tox|[from] item: Leftovers\n|-damage|p2a: Gastrodon|94\/100 tox|[from] psn\n|upkeep\n|turn|16\n|\n|t:|1700377485\n|switch|p1a: Jellicent|Jellicent, M|100\/100\n|move|p2a: Gastrodon|Scald|p1a: Jellicent\n|-resisted|p1a: Jellicent\n|-damage|p1a: Jellicent|92\/100\n|-start|p2a: Gastrodon|Disable|Scald|[from] ability: Cursed Body|[of] p1a: Jellicent\n|\n|-heal|p1a: Jellicent|98\/100|[from] item: Leftovers\n|-heal|p2a: Gastrodon|100\/100 tox|[from] item: Leftovers\n|-damage|p2a: Gastrodon|88\/100 tox|[from] psn\n|upkeep\n|turn|17\n|\n|t:|1700377503\n|move|p1a: Jellicent|Scald|p2a: Gastrodon\n|-ability|p2a: Gastrodon|Storm Drain|boost\n|-boost|p2a: Gastrodon|spa|1\n|move|p2a: Gastrodon|Stealth Rock|p1a: Jellicent\n|-sidestart|p1: Factor64|move: Stealth Rock\n|\n|-heal|p1a: Jellicent|100\/100|[from] item: Leftovers\n|-heal|p2a: Gastrodon|94\/100 tox|[from] item: Leftovers\n|-damage|p2a: Gastrodon|76\/100 tox|[from] psn\n|upkeep\n|turn|18\n|\n|t:|1700377508\n|move|p1a: Jellicent|Taunt|p2a: Gastrodon\n|-start|p2a: Gastrodon|move: Taunt\n|move|p2a: Gastrodon|Earth Power|p1a: Jellicent\n|-damage|p1a: Jellicent|74\/100\n|\n|-heal|p1a: Jellicent|80\/100|[from] item: Leftovers\n|-heal|p2a: Gastrodon|82\/100 tox|[from] item: Leftovers\n|-damage|p2a: Gastrodon|58\/100 tox|[from] psn\n|upkeep\n|turn|19\n|\n|t:|1700377524\n|switch|p1a: Ogerpon|Ogerpon, F|85\/100\n|-damage|p1a: Ogerpon|72\/100|[from] Stealth Rock\n|switch|p2a: Skarmory|Skarmory, M|50\/100\n|\n|-heal|p2a: Skarmory|56\/100|[from] item: Leftovers\n|upkeep\n|turn|20\n|\n|t:|1700377529\n|move|p1a: Ogerpon|U-turn|p2a: Skarmory\n|-resisted|p2a: Skarmory\n|-damage|p2a: Skarmory|51\/100\n|c| ColdSobaNoodle|getting em field conditions set slowly but surely\n|\n|t:|1700377533\n|switch|p1a: Sawk|Sawk, M, shiny|100\/100|[from] U-turn\n|-damage|p1a: Sawk|94\/100|[from] Stealth Rock\n|move|p2a: Skarmory|Roost|p2a: Skarmory\n|-heal|p2a: Skarmory|100\/100\n|-singleturn|p2a: Skarmory|move: Roost\n|\n|upkeep\n|turn|21\n|\n|t:|1700377549\n|move|p1a: Sawk|Close Combat|p2a: Skarmory\n|-damage|p2a: Skarmory|41\/100\n|-unboost|p1a: Sawk|def|1\n|-unboost|p1a: Sawk|spd|1\n|move|p2a: Skarmory|Whirlwind|p1a: Sawk\n|drag|p1a: Tyranitar|Tyranitar, M|100\/100\n|-damage|p1a: Tyranitar|88\/100|[from] Stealth Rock\n|-weather|Sandstorm|[from] ability: Sand Stream|[of] p1a: Tyranitar\n|\n|-weather|Sandstorm|[upkeep]\n|-heal|p2a: Skarmory|47\/100|[from] item: Leftovers\n|upkeep\n|turn|22\n|\n|t:|1700377565\n|switch|p1a: Sawk|Sawk, M, shiny|94\/100\n|-damage|p1a: Sawk|88\/100|[from] Stealth Rock\n|move|p2a: Skarmory|Body Press|p1a: Sawk\n|-damage|p1a: Sawk|42\/100\n|\n|-weather|Sandstorm|[upkeep]\n|-damage|p1a: Sawk|36\/100|[from] Sandstorm\n|-heal|p2a: Skarmory|53\/100|[from] item: Leftovers\n|upkeep\n|turn|23\n|c| ColdSobaNoodle|Sawk n ball torture been going nuts though\n|c| Demolution545|he has been doing a real good sawk this entire game\n|\n|t:|1700377674\n|switch|p2a: Rillaboom|Rillaboom, M, shiny|100\/100\n|-fieldstart|move: Grassy Terrain|[from] ability: Grassy Surge|[of] p2a: Rillaboom\n|move|p1a: Sawk|Close Combat|p2a: Rillaboom\n|-damage|p2a: Rillaboom|4\/100\n|-unboost|p1a: Sawk|def|1\n|-unboost|p1a: Sawk|spd|1\n|\n|-weather|Sandstorm|[upkeep]\n|-damage|p1a: Sawk|30\/100|[from] Sandstorm\n|-damage|p2a: Rillaboom|0 fnt|[from] Sandstorm\n|faint|p2a: Rillaboom\n|-heal|p1a: Sawk|36\/100|[from] Grassy Terrain\n|upkeep\n|\n|t:|1700377686\n|switch|p2a: Blaziken|Blaziken, F|100\/100\n|turn|24\n|c| ColdSobaNoodle|holy\n|\n|t:|1700377702\n|switch|p1a: Jellicent|Jellicent, M|80\/100\n|-damage|p1a: Jellicent|68\/100|[from] Stealth Rock\n|detailschange|p2a: Blaziken|Blaziken-Mega, F\n|-mega|p2a: Blaziken|Blaziken|Blazikenite\n|move|p2a: Blaziken|Swords Dance|p2a: Blaziken\n|-boost|p2a: Blaziken|atk|2\n|\n|-weather|Sandstorm|[upkeep]\n|-damage|p2a: Blaziken|94\/100|[from] Sandstorm\n|-damage|p1a: Jellicent|62\/100|[from] Sandstorm\n|-heal|p2a: Blaziken|100\/100|[from] Grassy Terrain\n|-heal|p1a: Jellicent|68\/100|[from] Grassy Terrain\n|-heal|p1a: Jellicent|74\/100|[from] item: Leftovers\n|-ability|p2a: Blaziken|Speed Boost|boost\n|-boost|p2a: Blaziken|spe|1\n|upkeep\n|turn|25\n|c| ColdSobaNoodle|oh??\n|\n|t:|1700377727\n|move|p2a: Blaziken|Flare Blitz|p1a: Jellicent\n|-resisted|p1a: Jellicent\n|-damage|p1a: Jellicent|0 fnt\n|faint|p1a: Jellicent\n|-damage|p2a: Blaziken|70\/100|[from] Recoil\n|\n|-weather|none\n|-heal|p2a: Blaziken|76\/100|[from] Grassy Terrain\n|-ability|p2a: Blaziken|Speed Boost|boost\n|-boost|p2a: Blaziken|spe|1\n|upkeep\n|c| Lunar Sloth|wow that killed\n|\n|t:|1700377735\n|switch|p1a: Toxapex|Toxapex, F|100\/100\n|-damage|p1a: Toxapex|88\/100|[from] Stealth Rock\n|turn|26\n|c| ColdSobaNoodle|Here comes the pex\n|j| VoIteon\n|\n|t:|1700377791\n|switch|p2a: Skarmory|Skarmory, M|53\/100\n|move|p1a: Toxapex|Baneful Bunker||[still]\n|-fail|p1a: Toxapex\n|\n|-heal|p2a: Skarmory|59\/100|[from] item: Leftovers\n|-heal|p1a: Toxapex|94\/100|[from] Grassy Terrain\n|-heal|p1a: Toxapex|100\/100|[from] item: Leftovers\n|upkeep\n|turn|27\n|\n|t:|1700377801\n|move|p2a: Skarmory|Roost|p2a: Skarmory\n|-heal|p2a: Skarmory|100\/100\n|-singleturn|p2a: Skarmory|move: Roost\n|move|p1a: Toxapex|Knock Off|p2a: Skarmory\n|-damage|p2a: Skarmory|91\/100\n|-enditem|p2a: Skarmory|Leftovers|[from] move: Knock Off|[of] p1a: Toxapex\n|\n|-heal|p2a: Skarmory|97\/100|[from] Grassy Terrain\n|-fieldend|move: Grassy Terrain\n|upkeep\n|turn|28\n|\n|t:|1700377809\n|move|p1a: Toxapex|Scald|p2a: Skarmory\n|-damage|p2a: Skarmory|74\/100\n|move|p2a: Skarmory|Whirlwind|p1a: Toxapex\n|drag|p1a: Rotom|Rotom-Heat|82\/100\n|\n|upkeep\n|turn|29\n|\n|t:|1700377816\n|switch|p2a: Gastrodon|Gastrodon, F|58\/100 tox\n|move|p1a: Rotom|Overheat|p2a: Gastrodon\n|-resisted|p2a: Gastrodon\n|-damage|p2a: Gastrodon|35\/100 tox\n|-unboost|p1a: Rotom|spa|2\n|\n|-heal|p2a: Gastrodon|42\/100 tox|[from] item: Leftovers\n|-damage|p2a: Gastrodon|35\/100 tox|[from] psn\n|upkeep\n|turn|30\n|\n|t:|1700377821\n|switch|p1a: Ogerpon|Ogerpon, F|72\/100\n|-damage|p1a: Ogerpon|60\/100|[from] Stealth Rock\n|move|p2a: Gastrodon|Recover|p2a: Gastrodon\n|-heal|p2a: Gastrodon|85\/100 tox\n|\n|-heal|p2a: Gastrodon|92\/100 tox|[from] item: Leftovers\n|-damage|p2a: Gastrodon|79\/100 tox|[from] psn\n|upkeep\n|turn|31\n|\n|t:|1700377837\n|switch|p2a: Skarmory|Skarmory, M|74\/100\n|move|p1a: Ogerpon|U-turn|p2a: Skarmory\n|-resisted|p2a: Skarmory\n|-damage|p2a: Skarmory|68\/100\n|\n|t:|1700377841\n|switch|p1a: Rotom|Rotom-Heat|82\/100|[from] U-turn\n|\n|upkeep\n|turn|32\n|\n|t:|1700377849\n|switch|p2a: Gastrodon|Gastrodon, F|79\/100 tox\n|move|p1a: Rotom|Defog|p2a: Gastrodon\n|-unboost|p2a: Gastrodon|evasion|1\n|-sideend|p1: Factor64|Stealth Rock|[from] move: Defog|[of] p1a: Rotom\n|\n|-heal|p2a: Gastrodon|85\/100 tox|[from] item: Leftovers\n|-damage|p2a: Gastrodon|79\/100 tox|[from] psn\n|upkeep\n|turn|33\n|\n|t:|1700377854\n|switch|p1a: Ogerpon|Ogerpon, F|60\/100\n|move|p2a: Gastrodon|Scald|p1a: Ogerpon\n|-resisted|p1a: Ogerpon\n|-damage|p1a: Ogerpon|44\/100\n|-status|p1a: Ogerpon|brn\n|\n|-heal|p2a: Gastrodon|85\/100 tox|[from] item: Leftovers\n|-damage|p2a: Gastrodon|73\/100 tox|[from] psn\n|-damage|p1a: Ogerpon|38\/100 brn|[from] brn\n|upkeep\n|turn|34\n|\n|t:|1700377863\n|switch|p2a: Skarmory|Skarmory, M|68\/100\n|move|p1a: Ogerpon|Ivy Cudgel|p2a: Skarmory\n|-resisted|p2a: Skarmory\n|-damage|p2a: Skarmory|63\/100\n|\n|-damage|p1a: Ogerpon|32\/100 brn|[from] brn\n|upkeep\n|turn|35\n|c| ColdSobaNoodle|huge burn\n|\n|t:|1700377888\n|switch|p1a: Sawk|Sawk, M, shiny|36\/100\n|move|p2a: Skarmory|Roost|p2a: Skarmory\n|-heal|p2a: Skarmory|100\/100\n|-singleturn|p2a: Skarmory|move: Roost\n|\n|upkeep\n|turn|36\n|\n|t:|1700377949\n|move|p1a: Sawk|Close Combat|p2a: Skarmory\n|-damage|p2a: Skarmory|41\/100\n|-unboost|p1a: Sawk|def|1\n|-unboost|p1a: Sawk|spd|1\n|move|p2a: Skarmory|Body Press|p1a: Sawk\n|-damage|p1a: Sawk|0 fnt\n|faint|p1a: Sawk\n|\n|upkeep\n|\n|t:|1700377955\n|switch|p1a: Rotom|Rotom-Heat|82\/100\n|turn|37\n|\n|t:|1700377965\n|switch|p1a: Ogerpon|Ogerpon, F|32\/100 brn\n|switch|p2a: Gastrodon|Gastrodon, F|73\/100 tox\n|\n|-heal|p2a: Gastrodon|79\/100 tox|[from] item: Leftovers\n|-damage|p2a: Gastrodon|73\/100 tox|[from] psn\n|-damage|p1a: Ogerpon|26\/100 brn|[from] brn\n|upkeep\n|turn|38\n|\n|t:|1700377975\n|switch|p2a: Skarmory|Skarmory, M|41\/100\n|move|p1a: Ogerpon|U-turn|p2a: Skarmory\n|-resisted|p2a: Skarmory\n|-damage|p2a: Skarmory|39\/100\n|\n|t:|1700377979\n|switch|p1a: Tyranitar|Tyranitar, M|88\/100|[from] U-turn\n|-weather|Sandstorm|[from] ability: Sand Stream|[of] p1a: Tyranitar\n|\n|-weather|Sandstorm|[upkeep]\n|upkeep\n|turn|39\n|\n|t:|1700378001\n|-terastallize|p1a: Tyranitar|Flying\n|move|p2a: Skarmory|Body Press|p1a: Tyranitar\n|-resisted|p1a: Tyranitar\n|-damage|p1a: Tyranitar|75\/100\n|move|p1a: Tyranitar|Stone Edge|p2a: Skarmory\n|-damage|p2a: Skarmory|0 fnt\n|faint|p2a: Skarmory\n|\n|-weather|Sandstorm|[upkeep]\n|-damage|p1a: Tyranitar|69\/100|[from] Sandstorm\n|upkeep\n|c| ColdSobaNoodle|ooo tera flying\n|\n|t:|1700378082\n|switch|p2a: Nidoking|Nidoking, M, shiny|100\/100\n|turn|40\n|\n|t:|1700378095\n|switch|p1a: Rotom|Rotom-Heat|82\/100\n|move|p2a: Nidoking|Thunderbolt|p1a: Rotom\n|-resisted|p1a: Rotom\n|-damage|p1a: Rotom|60\/100\n|\n|-weather|Sandstorm|[upkeep]\n|-damage|p1a: Rotom|54\/100|[from] Sandstorm\n|upkeep\n|turn|41\n|\n|t:|1700378104\n|switch|p2a: Gastrodon|Gastrodon, F|73\/100 tox\n|move|p1a: Rotom|Overheat|p2a: Gastrodon\n|-resisted|p2a: Gastrodon\n|-damage|p2a: Gastrodon|51\/100 tox\n|-unboost|p1a: Rotom|spa|2\n|\n|-weather|Sandstorm|[upkeep]\n|-damage|p1a: Rotom|48\/100|[from] Sandstorm\n|-heal|p2a: Gastrodon|57\/100 tox|[from] item: Leftovers\n|-damage|p2a: Gastrodon|51\/100 tox|[from] psn\n|upkeep\n|turn|42\n|\n|t:|1700378115\n|move|p1a: Rotom|Overheat|p2a: Gastrodon\n|-resisted|p2a: Gastrodon\n|-damage|p2a: Gastrodon|40\/100 tox\n|-unboost|p1a: Rotom|spa|2\n|move|p2a: Gastrodon|Recover|p2a: Gastrodon\n|-heal|p2a: Gastrodon|90\/100 tox\n|\n|-weather|none\n|-heal|p2a: Gastrodon|96\/100 tox|[from] item: Leftovers\n|-damage|p2a: Gastrodon|84\/100 tox|[from] psn\n|upkeep\n|turn|43\n|\n|t:|1700378120\n|move|p1a: Rotom|Nasty Plot|p1a: Rotom\n|-boost|p1a: Rotom|spa|2\n|move|p2a: Gastrodon|Scald|p1a: Rotom\n|-supereffective|p1a: Rotom\n|-damage|p1a: Rotom|0 fnt\n|faint|p1a: Rotom\n|\n|-heal|p2a: Gastrodon|90\/100 tox|[from] item: Leftovers\n|-damage|p2a: Gastrodon|71\/100 tox|[from] psn\n|upkeep\n|\n|t:|1700378121\n|switch|p1a: Ogerpon|Ogerpon, F|26\/100 brn\n|turn|44\n|\n|t:|1700378139\n|-terastallize|p2a: Gastrodon|Dragon\n|move|p1a: Ogerpon|Zen Headbutt|p2a: Gastrodon\n|-damage|p2a: Gastrodon|57\/100 tox\n|move|p2a: Gastrodon|Scald|p1a: Ogerpon\n|-resisted|p1a: Ogerpon\n|-damage|p1a: Ogerpon|10\/100 brn\n|\n|-heal|p2a: Gastrodon|63\/100 tox|[from] item: Leftovers\n|-damage|p2a: Gastrodon|39\/100 tox|[from] psn\n|-damage|p1a: Ogerpon|4\/100 brn|[from] brn\n|upkeep\n|turn|45\n|\n|t:|1700378155\n|move|p1a: Ogerpon|Zen Headbutt|p2a: Gastrodon\n|-damage|p2a: Gastrodon|25\/100 tox\n|move|p2a: Gastrodon|Recover|p2a: Gastrodon\n|-heal|p2a: Gastrodon|75\/100 tox\n|\n|-heal|p2a: Gastrodon|81\/100 tox|[from] item: Leftovers\n|-damage|p2a: Gastrodon|51\/100 tox|[from] psn\n|-damage|p1a: Ogerpon|0 fnt|[from] brn\n|faint|p1a: Ogerpon\n|upkeep\n|\n|t:|1700378160\n|switch|p1a: Tyranitar|Tyranitar, M, tera:Flying|69\/100\n|-weather|Sandstorm|[from] ability: Sand Stream|[of] p1a: Tyranitar\n|turn|46\n|\n|t:|1700378168\n|move|p1a: Tyranitar|Earthquake|p2a: Gastrodon\n|-damage|p2a: Gastrodon|7\/100 tox\n|move|p2a: Gastrodon|Scald|p1a: Tyranitar\n|-damage|p1a: Tyranitar|48\/100\n|\n|-weather|Sandstorm|[upkeep]\n|-damage|p1a: Tyranitar|42\/100|[from] Sandstorm\n|-damage|p2a: Gastrodon|1\/100 tox|[from] Sandstorm\n|-heal|p2a: Gastrodon|7\/100 tox|[from] item: Leftovers\n|-damage|p2a: Gastrodon|0 fnt|[from] psn\n|faint|p2a: Gastrodon\n|upkeep\n|\n|t:|1700378178\n|switch|p2a: Nidoking|Nidoking, M, shiny|100\/100\n|turn|47\n|\n|t:|1700378181\n|move|p2a: Nidoking|Thunderbolt|p1a: Tyranitar\n|-supereffective|p1a: Tyranitar\n|-damage|p1a: Tyranitar|0 fnt\n|faint|p1a: Tyranitar\n|\n|-weather|Sandstorm|[upkeep]\n|upkeep\n|\n|t:|1700378184\n|switch|p1a: Toxapex|Toxapex, F|100\/100\n|turn|48\n|\n|t:|1700378188\n|move|p2a: Nidoking|Earth Power|p1a: Toxapex\n|-supereffective|p1a: Toxapex\n|-damage|p1a: Toxapex|0 fnt\n|faint|p1a: Toxapex\n|\n|win|gran gran\n|c| ColdSobaNoodle|down to the wire holy\n|l| ColdSobaNoodle\n|l| Demolution545\n","uploadtime":1700378316,"views":43,"p1id":"factor64","p2id":"grangran","formatid":"gen9nationaldexubers","rating":0,"private":0,"password":""}