{"id":"gen9nationaldexubers-1990762367","p1":"Xanvoir","p2":"myarip","format":"[Gen 9] National Dex Ubers","log":"|j|\u2606Xanvoir\n|j|\u2606myarip\n|t:|1699998438\n|gametype|singles\n|player|p1|Xanvoir|169|\n|player|p2|myarip|lady|\n|teamsize|p1|6\n|teamsize|p2|6\n|gen|9\n|tier|[Gen 9] National Dex Ubers\n|rule|HP Percentage Mod: HP is shown in percentages\n|rule|Endless Battle Clause: Forcing endless battles is banned\n|rule|OHKO Clause: OHKO moves are banned\n|rule|Evasion Moves Clause: Evasion moves are banned\n|rule|Evasion Items Clause: Evasion items are banned\n|rule|Species Clause: Limit one of each Pok\u00e9mon\n|rule|Sleep Clause Mod: Limit one foe put to sleep\n|rule|Mega Rayquaza Clause: You cannot mega evolve Rayquaza\n|clearpoke\n|poke|p1|Sableye, M|\n|poke|p1|Weavile, F|\n|poke|p1|Mandibuzz, F|\n|poke|p1|Meowscarada, F|\n|poke|p1|Roaring Moon|\n|poke|p1|Kingambit, M|\n|poke|p2|Whimsicott, F|\n|poke|p2|Clefable, F|\n|poke|p2|Azumarill, F|\n|poke|p2|Tinkaton, F|\n|poke|p2|Gardevoir, F|\n|poke|p2|Flutter Mane|\n|teampreview\n|l|\u2606Xanvoir\n|player|p1|\n|j|\u2606Xanvoir\n|player|p1|Xanvoir|169\n|j| AWK-47\n|j| Rainer367\n|c|\u2606myarip|we ready?\n|c|\u2606Xanvoir|Yes\n|\n|t:|1699998498\n|start\n|switch|p1a: Sableye|Sableye, M|100\/100\n|switch|p2a: Azumarill|Azumarill, F|100\/100\n|turn|1\n|\n|t:|1699998505\n|detailschange|p1a: Sableye|Sableye-Mega, M\n|-mega|p1a: Sableye|Sableye|Sablenite\n|move|p2a: Azumarill|Belly Drum|p2a: Azumarill\n|-damage|p2a: Azumarill|50\/100\n|-setboost|p2a: Azumarill|atk|6|[from] move: Belly Drum\n|move|p1a: Sableye|Will-O-Wisp|p2a: Azumarill\n|-status|p2a: Azumarill|brn\n|\n|-damage|p2a: Azumarill|44\/100 brn|[from] brn\n|upkeep\n|turn|2\n|\n|t:|1699998513\n|move|p2a: Azumarill|Aqua Jet|p1a: Sableye\n|-damage|p1a: Sableye|53\/100\n|move|p1a: Sableye|Foul Play|p2a: Azumarill\n|-resisted|p2a: Azumarill\n|-damage|p2a: Azumarill|0 fnt\n|faint|p2a: Azumarill\n|\n|upkeep\n|c|\u2606myarip|the fire...\n|c|\u2606Xanvoir|Aha\n|c|\u2606myarip|ugh lowers my atk\n|\n|t:|1699998539\n|switch|p2a: Tinkaton|Tinkaton, F|100\/100\n|-ability|p2a: Tinkaton|Mold Breaker\n|turn|3\n|c|\u2606Xanvoir|Yes\n|\n|t:|1699998547\n|move|p2a: Tinkaton|Reflect|p2a: Tinkaton\n|-sidestart|p2: myarip|Reflect\n|move|p1a: Sableye|Light Screen|p1a: Sableye\n|-sidestart|p1: Xanvoir|move: Light Screen\n|\n|upkeep\n|turn|4\n|\n|t:|1699998553\n|move|p2a: Tinkaton|Gigaton Hammer|p1a: Sableye\n|-damage|p1a: Sableye|4\/100\n|move|p1a: Sableye|Will-O-Wisp|p2a: Tinkaton\n|-status|p2a: Tinkaton|brn\n|\n|-damage|p2a: Tinkaton|94\/100 brn|[from] brn\n|upkeep\n|turn|5\n|\n|t:|1699998556\n|move|p2a: Tinkaton|Bulldoze|p1a: Sableye\n|-damage|p1a: Sableye|0 fnt\n|faint|p1a: Sableye\n|\n|-heal|p2a: Tinkaton|100\/100 brn|[from] item: Leftovers\n|-damage|p2a: Tinkaton|94\/100 brn|[from] brn\n|upkeep\n|\n|t:|1699998562\n|switch|p1a: Roaring Moon|Roaring Moon|100\/100\n|-enditem|p1a: Roaring Moon|Booster Energy\n|-activate|p1a: Roaring Moon|ability: Protosynthesis|[fromitem]\n|-start|p1a: Roaring Moon|protosynthesisspe\n|turn|6\n|\n|t:|1699998567\n|-terastallize|p1a: Roaring Moon|Dark\n|move|p1a: Roaring Moon|Dragon Dance|p1a: Roaring Moon\n|-boost|p1a: Roaring Moon|atk|1\n|-boost|p1a: Roaring Moon|spe|1\n|move|p2a: Tinkaton|Bulldoze|p1a: Roaring Moon\n|-damage|p1a: Roaring Moon|93\/100\n|-unboost|p1a: Roaring Moon|spe|1\n|\n|-heal|p2a: Tinkaton|100\/100 brn|[from] item: Leftovers\n|-damage|p2a: Tinkaton|94\/100 brn|[from] brn\n|upkeep\n|turn|7\n|\n|t:|1699998571\n|move|p1a: Roaring Moon|Earthquake|p2a: Tinkaton\n|-supereffective|p2a: Tinkaton\n|-damage|p2a: Tinkaton|42\/100 brn\n|move|p2a: Tinkaton|Bulldoze|p1a: Roaring Moon\n|-damage|p1a: Roaring Moon|85\/100\n|-unboost|p1a: Roaring Moon|spe|1\n|\n|-heal|p2a: Tinkaton|48\/100 brn|[from] item: Leftovers\n|-damage|p2a: Tinkaton|42\/100 brn|[from] brn\n|-sideend|p2: myarip|Reflect\n|-sideend|p1: Xanvoir|move: Light Screen\n|upkeep\n|turn|8\n|\n|t:|1699998574\n|move|p1a: Roaring Moon|Earthquake|p2a: Tinkaton\n|-supereffective|p2a: Tinkaton\n|-damage|p2a: Tinkaton|0 fnt\n|faint|p2a: Tinkaton\n|\n|upkeep\n|\n|t:|1699998580\n|switch|p2a: Gardevoir|Gardevoir, F|100\/100\n|turn|9\n|\n|t:|1699998583\n|detailschange|p2a: Gardevoir|Gardevoir-Mega, F\n|-mega|p2a: Gardevoir|Gardevoir|Gardevoirite\n|move|p1a: Roaring Moon|Iron Head|p2a: Gardevoir\n|-supereffective|p2a: Gardevoir\n|-damage|p2a: Gardevoir|0 fnt\n|faint|p2a: Gardevoir\n|\n|upkeep\n|c|\u2606Xanvoir|Damn\n|\n|t:|1699998609\n|switch|p2a: Clefable|Clefable, F|100\/100\n|turn|10\n|c|\u2606myarip|ugh I can't do anything now......\n|j| RaVeDreNch\n|c|\u2606myarip|UGHHHHHh\n|c|\u2606Xanvoir|No you can\n|c|\u2606Xanvoir|flutter is faster\n|c|\u2606myarip|tailwinf\n|c|\u2606myarip|on the bird\n|c|\u2606myarip|clefable\n|c|\u2606Xanvoir|Yes, but Id need to switch for that\n|c|\u2606myarip|only attacking move there immune\n|c| Rainer367|Cashier got beat\n|j| CloysterEnjoyer\n|c|\u2606Xanvoir|Unsurprising\n|l| CloysterEnjoyer\n|c|\u2606myarip|to\n|\n|t:|1699998707\n|-terastallize|p2a: Clefable|Dragon\n|move|p1a: Roaring Moon|Iron Head|p2a: Clefable\n|-damage|p2a: Clefable|63\/100\n|move|p2a: Clefable|Cosmic Power|p2a: Clefable\n|-boost|p2a: Clefable|def|1\n|-boost|p2a: Clefable|spd|1\n|\n|-heal|p2a: Clefable|69\/100|[from] item: Leftovers\n|upkeep\n|turn|11\n|\n|t:|1699998720\n|move|p1a: Roaring Moon|Dragon Dance|p1a: Roaring Moon\n|-boost|p1a: Roaring Moon|atk|1\n|-boost|p1a: Roaring Moon|spe|1\n|move|p2a: Clefable|Cosmic Power|p2a: Clefable\n|-boost|p2a: Clefable|def|1\n|-boost|p2a: Clefable|spd|1\n|\n|-heal|p2a: Clefable|76\/100|[from] item: Leftovers\n|upkeep\n|turn|12\n|\n|t:|1699998728\n|move|p1a: Roaring Moon|Dragon Claw|p2a: Clefable\n|-supereffective|p2a: Clefable\n|-damage|p2a: Clefable|11\/100\n|move|p2a: Clefable|Cosmic Power|p2a: Clefable\n|-boost|p2a: Clefable|def|1\n|-boost|p2a: Clefable|spd|1\n|\n|-heal|p2a: Clefable|17\/100|[from] item: Leftovers\n|upkeep\n|turn|13\n|c|\u2606Xanvoir|Huh\n|\n|t:|1699998738\n|move|p2a: Clefable|Protect|p2a: Clefable\n|-singleturn|p2a: Clefable|Protect\n|move|p1a: Roaring Moon|Dragon Dance|p1a: Roaring Moon\n|-boost|p1a: Roaring Moon|atk|1\n|-boost|p1a: Roaring Moon|spe|1\n|\n|-heal|p2a: Clefable|24\/100|[from] item: Leftovers\n|upkeep\n|turn|14\n|\n|t:|1699998743\n|move|p1a: Roaring Moon|Dragon Claw|p2a: Clefable\n|-supereffective|p2a: Clefable\n|-damage|p2a: Clefable|0 fnt\n|faint|p2a: Clefable\n|\n|upkeep\n|j| CloysterEnjoyer\n|\n|t:|1699998745\n|switch|p2a: Whimsicott|Whimsicott, F|100\/100\n|turn|15\n|\n|t:|1699998749\n|move|p2a: Whimsicott|Tailwind|p2a: Whimsicott\n|-sidestart|p2: myarip|move: Tailwind\n|move|p1a: Roaring Moon|Iron Head|p2a: Whimsicott\n|-supereffective|p2a: Whimsicott\n|-damage|p2a: Whimsicott|0 fnt\n|faint|p2a: Whimsicott\n|\n|upkeep\n|\n|t:|1699998752\n|switch|p2a: Flutter Mane|Flutter Mane|100\/100\n|turn|16\n|c| Rainer367|yowch\n|\n|t:|1699998755\n|move|p1a: Roaring Moon|Iron Head|p2a: Flutter Mane\n|-supereffective|p2a: Flutter Mane\n|-damage|p2a: Flutter Mane|0 fnt\n|faint|p2a: Flutter Mane\n|-end|p2a: Flutter Mane|Protosynthesis|[silent]\n|\n|win|Xanvoir\n|c|\u2606Xanvoir|Gg\n|c| CloysterEnjoyer|xan prepared\n|c|\u2606myarip|gg\n|c| Rainer367|Myarip\n|c| CloysterEnjoyer|damn\n|c| Rainer367|gg\n","uploadtime":1699998767,"views":6,"p1id":"xanvoir","p2id":"myarip","formatid":"gen9nationaldexubers","rating":0,"private":0,"password":""}