{"id":"gen9nationaldexubers-1993802457","p1":"R1ley5","p2":"insanejokester","format":"[Gen 9] National Dex Ubers","log":"|j|\u2606R1ley5\n|j|\u2606insanejokester\n|t:|1700359076\n|gametype|singles\n|player|p1|R1ley5|102|1120\n|player|p2|insanejokester|flannery|1290\n|teamsize|p1|6\n|teamsize|p2|6\n|gen|9\n|tier|[Gen 9] National Dex Ubers\n|rated|\n|rule|HP Percentage Mod: HP is shown in percentages\n|rule|Endless Battle Clause: Forcing endless battles is banned\n|rule|OHKO Clause: OHKO moves are banned\n|rule|Evasion Moves Clause: Evasion moves are banned\n|rule|Evasion Items Clause: Evasion items are banned\n|rule|Species Clause: Limit one of each Pok\u00e9mon\n|rule|Sleep Clause Mod: Limit one foe put to sleep\n|rule|Mega Rayquaza Clause: You cannot mega evolve Rayquaza\n|clearpoke\n|poke|p1|Metagross|\n|poke|p1|Aegislash, F|\n|poke|p1|Xerneas-*|\n|poke|p1|Zacian-*|\n|poke|p1|Palafin, M|\n|poke|p1|Urshifu-*, F|\n|poke|p2|Darmanitan-Galar, M|\n|poke|p2|Corsola-Galar, M|\n|poke|p2|Chansey, F|\n|poke|p2|Shaymin-Sky|\n|poke|p2|Arceus-Steel|\n|poke|p2|Charizard, F|\n|teampreview\n|\n|t:|1700359091\n|start\n|switch|p1a: Palafin|Palafin, M|100\/100\n|switch|p2a: Darmanitan|Darmanitan-Galar, M|100\/100\n|turn|1\n|\n|t:|1700359100\n|move|p2a: Darmanitan|Icicle Crash|p1a: Palafin\n|-resisted|p1a: Palafin\n|-crit|p1a: Palafin\n|-damage|p1a: Palafin|24\/100\n|move|p1a: Palafin|Flip Turn|p2a: Darmanitan\n|-damage|p2a: Darmanitan|62\/100\n|\n|t:|1700359113\n|detailschange|p1a: Palafin|Palafin-Hero, M\n|switch|p1a: Metagross|Metagross|100\/100|[from] Flip Turn\n|\n|upkeep\n|turn|2\n|c|\u2606R1ley5|Scarf dar\n|c|\u2606insanejokester|nuh uh\n|\n|t:|1700359132\n|switch|p2a: Corsola|Corsola-Galar, M|100\/100\n|detailschange|p1a: Metagross|Metagross-Mega\n|-mega|p1a: Metagross|Metagross|Metagrossite\n|move|p1a: Metagross|Bullet Punch|p2a: Corsola\n|-damage|p2a: Corsola|85\/100\n|\n|upkeep\n|turn|3\n|inactive|Battle timer is ON: inactive players will automatically lose when time's up. (requested by insanejokester)\n|c|\u2606R1ley5|Never seen that before tbh\n|\n|t:|1700359147\n|move|p1a: Metagross|Meteor Mash|p2a: Corsola\n|-damage|p2a: Corsola|49\/100\n|-start|p1a: Metagross|Disable|Meteor Mash|[from] ability: Cursed Body|[of] p2a: Corsola\n|move|p2a: Corsola|Will-O-Wisp|p1a: Metagross\n|-status|p1a: Metagross|brn\n|\n|-damage|p1a: Metagross|94\/100 brn|[from] brn\n|upkeep\n|turn|4\n|\n|t:|1700359156\n|move|p1a: Metagross|Earthquake|p2a: Corsola\n|-damage|p2a: Corsola|39\/100\n|move|p2a: Corsola|Strength Sap|p1a: Metagross\n|-unboost|p1a: Metagross|atk|1\n|-heal|p2a: Corsola|100\/100\n|\n|-damage|p1a: Metagross|88\/100 brn|[from] brn\n|upkeep\n|turn|5\n|\n|t:|1700359165\n|switch|p1a: Aegislash|Aegislash, F|100\/100\n|move|p2a: Corsola|Night Shade|p1a: Aegislash\n|-damage|p1a: Aegislash|70\/100\n|\n|upkeep\n|turn|6\n|\n|t:|1700359173\n|move|p2a: Corsola|Strength Sap|p1a: Aegislash\n|-unboost|p1a: Aegislash|atk|1\n|move|p1a: Aegislash|Swords Dance|p1a: Aegislash\n|-boost|p1a: Aegislash|atk|2\n|\n|upkeep\n|turn|7\n|\n|t:|1700359180\n|-formechange|p1a: Aegislash|Aegislash-Blade||[from] ability: Stance Change\n|move|p1a: Aegislash|Shadow Sneak|p2a: Corsola\n|-supereffective|p2a: Corsola\n|-damage|p2a: Corsola|65\/100\n|move|p2a: Corsola|Will-O-Wisp|p1a: Aegislash\n|-status|p1a: Aegislash|brn\n|\n|-damage|p1a: Aegislash|63\/100 brn|[from] brn\n|upkeep\n|turn|8\n|\n|t:|1700359191\n|move|p2a: Corsola|Haze|p2a: Corsola\n|-clearallboost\n|move|p1a: Aegislash|Swords Dance|p1a: Aegislash\n|-boost|p1a: Aegislash|atk|2\n|\n|-damage|p1a: Aegislash|57\/100 brn|[from] brn\n|upkeep\n|turn|9\n|\n|t:|1700359199\n|move|p1a: Aegislash|Shadow Sneak|p2a: Corsola\n|-supereffective|p2a: Corsola\n|-damage|p2a: Corsola|39\/100\n|move|p2a: Corsola|Strength Sap|p1a: Aegislash\n|-unboost|p1a: Aegislash|atk|1\n|-heal|p2a: Corsola|100\/100\n|\n|-damage|p1a: Aegislash|51\/100 brn|[from] brn\n|upkeep\n|turn|10\n|\n|t:|1700359209\n|switch|p1a: Urshifu|Urshifu-Rapid-Strike, F|100\/100\n|move|p2a: Corsola|Haze|p2a: Corsola\n|-clearallboost\n|\n|upkeep\n|turn|11\n|\n|t:|1700359216\n|move|p1a: Urshifu|Surging Strikes|p2a: Corsola\n|-crit|p2a: Corsola\n|-damage|p2a: Corsola|90\/100\n|-crit|p2a: Corsola\n|-damage|p2a: Corsola|80\/100\n|-crit|p2a: Corsola\n|-damage|p2a: Corsola|69\/100\n|-start|p1a: Urshifu|Disable|Surging Strikes|[from] ability: Cursed Body|[of] p2a: Corsola\n|-hitcount|p2a: Corsola|3\n|move|p2a: Corsola|Will-O-Wisp|p1a: Urshifu\n|-status|p1a: Urshifu|brn\n|\n|-damage|p1a: Urshifu|94\/100 brn|[from] brn\n|upkeep\n|turn|12\n|\n|t:|1700359231\n|move|p1a: Urshifu|Ice Punch|p2a: Corsola\n|-crit|p2a: Corsola\n|-damage|p2a: Corsola|59\/100\n|move|p2a: Corsola|Night Shade|p1a: Urshifu\n|-damage|p1a: Urshifu|65\/100 brn\n|\n|-damage|p1a: Urshifu|59\/100 brn|[from] brn\n|upkeep\n|turn|13\n|\n|t:|1700359241\n|switch|p1a: Palafin|Palafin-Hero, M|24\/100\n|-activate|p1a: Palafin|ability: Zero to Hero\n|move|p2a: Corsola|Night Shade|p1a: Palafin\n|-damage|p1a: Palafin|0 fnt\n|faint|p1a: Palafin\n|\n|upkeep\n|\n|t:|1700359246\n|switch|p1a: Xerneas|Xerneas|100\/100\n|-ability|p1a: Xerneas|Fairy Aura\n|turn|14\n|\n|t:|1700359252\n|move|p1a: Xerneas|Geomancy||[still]\n|-prepare|p1a: Xerneas|Geomancy\n|-enditem|p1a: Xerneas|Power Herb\n|-anim|p1a: Xerneas|Geomancy|p1a: Xerneas\n|-boost|p1a: Xerneas|spa|2\n|-boost|p1a: Xerneas|spd|2\n|-boost|p1a: Xerneas|spe|2\n|move|p2a: Corsola|Haze|p2a: Corsola\n|-clearallboost\n|\n|upkeep\n|turn|15\n|\n|t:|1700359264\n|switch|p2a: Chansey|Chansey, F|100\/100\n|move|p1a: Xerneas|Moonblast|p2a: Chansey\n|-damage|p2a: Chansey|85\/100\n|\n|upkeep\n|turn|16\n|\n|t:|1700359270\n|move|p1a: Xerneas|Aromatherapy|p1a: Xerneas\n|-activate|p1a: Xerneas|move: Aromatherapy\n|-curestatus|p1: Metagross|brn|[msg]\n|-curestatus|p1: Urshifu|brn|[msg]\n|-curestatus|p1: Aegislash|brn|[msg]\n|move|p2a: Chansey|Toxic|p1a: Xerneas\n|-status|p1a: Xerneas|tox\n|\n|-damage|p1a: Xerneas|94\/100 tox|[from] psn\n|upkeep\n|turn|17\n|\n|t:|1700359297\n|switch|p1a: Metagross|Metagross-Mega|88\/100\n|move|p2a: Chansey|Stealth Rock|p1a: Metagross\n|-sidestart|p1: R1ley5|move: Stealth Rock\n|\n|upkeep\n|turn|18\n|\n|t:|1700359304\n|switch|p2a: Corsola|Corsola-Galar, M|59\/100\n|move|p1a: Metagross|Bullet Punch|p2a: Corsola\n|-damage|p2a: Corsola|43\/100\n|\n|upkeep\n|turn|19\n|\n|t:|1700359312\n|move|p1a: Metagross|Meteor Mash|p2a: Corsola|[miss]\n|-miss|p1a: Metagross|p2a: Corsola\n|move|p2a: Corsola|Strength Sap|p1a: Metagross\n|-unboost|p1a: Metagross|atk|1\n|-heal|p2a: Corsola|100\/100\n|\n|upkeep\n|turn|20\n|\n|t:|1700359321\n|move|p1a: Metagross|Meteor Mash|p2a: Corsola\n|-damage|p2a: Corsola|76\/100\n|-boost|p1a: Metagross|atk|1\n|move|p2a: Corsola|Will-O-Wisp|p1a: Metagross\n|-status|p1a: Metagross|brn\n|\n|-damage|p1a: Metagross|82\/100 brn|[from] brn\n|upkeep\n|turn|21\n|\n|t:|1700359335\n|switch|p1a: Xerneas|Xerneas|94\/100 tox\n|-damage|p1a: Xerneas|82\/100 tox|[from] Stealth Rock\n|-ability|p1a: Xerneas|Fairy Aura\n|move|p2a: Corsola|Night Shade|p1a: Xerneas\n|-damage|p1a: Xerneas|60\/100 tox\n|\n|-damage|p1a: Xerneas|54\/100 tox|[from] psn\n|upkeep\n|turn|22\n|\n|t:|1700359347\n|move|p1a: Xerneas|Aromatherapy|p1a: Xerneas\n|-activate|p1a: Xerneas|move: Aromatherapy\n|-curestatus|p1a: Xerneas|tox|[msg]\n|-curestatus|p1: Metagross|brn|[msg]\n|move|p2a: Corsola|Night Shade|p1a: Xerneas\n|-damage|p1a: Xerneas|32\/100\n|\n|upkeep\n|turn|23\n|\n|t:|1700359359\n|switch|p2a: Chansey|Chansey, F|85\/100\n|move|p1a: Xerneas|Moonblast|p2a: Chansey\n|-damage|p2a: Chansey|67\/100\n|\n|upkeep\n|turn|24\n|\n|t:|1700359372\n|switch|p1a: Metagross|Metagross-Mega|82\/100\n|-damage|p1a: Metagross|76\/100|[from] Stealth Rock\n|move|p2a: Chansey|Toxic|p1a: Metagross\n|-immune|p1a: Metagross\n|\n|upkeep\n|turn|25\n|\n|t:|1700359381\n|switch|p2a: Arceus|Arceus-Steel|100\/100\n|move|p1a: Metagross|Meteor Mash|p2a: Arceus|[miss]\n|-miss|p1a: Metagross|p2a: Arceus\n|\n|upkeep\n|turn|26\n|\n|t:|1700359389\n|move|p2a: Arceus|Iron Defense|p2a: Arceus\n|-boost|p2a: Arceus|def|2\n|move|p1a: Metagross|Earthquake|p2a: Arceus\n|-supereffective|p2a: Arceus\n|-crit|p2a: Arceus\n|-damage|p2a: Arceus|41\/100\n|\n|upkeep\n|turn|27\n|\n|t:|1700359396\n|move|p2a: Arceus|Recover|p2a: Arceus\n|-heal|p2a: Arceus|91\/100\n|move|p1a: Metagross|Earthquake|p2a: Arceus\n|-supereffective|p2a: Arceus\n|-damage|p2a: Arceus|71\/100\n|\n|upkeep\n|turn|28\n|\n|t:|1700359402\n|move|p2a: Arceus|Iron Defense|p2a: Arceus\n|-boost|p2a: Arceus|def|2\n|move|p1a: Metagross|Earthquake|p2a: Arceus\n|-supereffective|p2a: Arceus\n|-damage|p2a: Arceus|57\/100\n|\n|upkeep\n|turn|29\n|\n|t:|1700359410\n|move|p2a: Arceus|Calm Mind|p2a: Arceus\n|-boost|p2a: Arceus|spa|1\n|-boost|p2a: Arceus|spd|1\n|move|p1a: Metagross|Earthquake|p2a: Arceus\n|-supereffective|p2a: Arceus\n|-damage|p2a: Arceus|43\/100\n|\n|upkeep\n|turn|30\n|\n|t:|1700359418\n|move|p2a: Arceus|Recover|p2a: Arceus\n|-heal|p2a: Arceus|93\/100\n|move|p1a: Metagross|Earthquake|p2a: Arceus\n|-supereffective|p2a: Arceus\n|-damage|p2a: Arceus|79\/100\n|\n|upkeep\n|turn|31\n|\n|t:|1700359425\n|move|p2a: Arceus|Calm Mind|p2a: Arceus\n|-boost|p2a: Arceus|spa|1\n|-boost|p2a: Arceus|spd|1\n|move|p1a: Metagross|Earthquake|p2a: Arceus\n|-supereffective|p2a: Arceus\n|-crit|p2a: Arceus\n|-damage|p2a: Arceus|19\/100\n|\n|upkeep\n|turn|32\n|\n|t:|1700359432\n|move|p2a: Arceus|Recover|p2a: Arceus\n|-heal|p2a: Arceus|69\/100\n|move|p1a: Metagross|Earthquake|p2a: Arceus\n|-supereffective|p2a: Arceus\n|-damage|p2a: Arceus|56\/100\n|\n|upkeep\n|turn|33\n|\n|t:|1700359446\n|switch|p1a: Urshifu|Urshifu-Rapid-Strike, F|59\/100\n|-damage|p1a: Urshifu|53\/100|[from] Stealth Rock\n|move|p2a: Arceus|Iron Defense|p2a: Arceus\n|-boost|p2a: Arceus|def|2\n|\n|upkeep\n|turn|34\n|\n|t:|1700359455\n|move|p1a: Urshifu|Drain Punch|p2a: Arceus\n|-supereffective|p2a: Arceus\n|-damage|p2a: Arceus|46\/100\n|-heal|p1a: Urshifu|59\/100|[from] drain|[of] p2a: Arceus\n|move|p2a: Arceus|Recover|p2a: Arceus\n|-heal|p2a: Arceus|96\/100\n|\n|upkeep\n|turn|35\n|\n|t:|1700359463\n|move|p1a: Urshifu|Surging Strikes|p2a: Arceus\n|-crit|p2a: Arceus\n|-damage|p2a: Arceus|86\/100\n|-crit|p2a: Arceus\n|-damage|p2a: Arceus|77\/100\n|-crit|p2a: Arceus\n|-damage|p2a: Arceus|66\/100\n|-hitcount|p2a: Arceus|3\n|move|p2a: Arceus|Toxic|p1a: Urshifu\n|-status|p1a: Urshifu|tox\n|\n|-damage|p1a: Urshifu|53\/100 tox|[from] psn\n|upkeep\n|turn|36\n|\n|t:|1700359477\n|move|p1a: Urshifu|Surging Strikes|p2a: Arceus\n|-crit|p2a: Arceus\n|-damage|p2a: Arceus|56\/100\n|-crit|p2a: Arceus\n|-damage|p2a: Arceus|46\/100\n|-crit|p2a: Arceus\n|-damage|p2a: Arceus|36\/100\n|-hitcount|p2a: Arceus|3\n|move|p2a: Arceus|Calm Mind|p2a: Arceus\n|-boost|p2a: Arceus|spa|1\n|-boost|p2a: Arceus|spd|1\n|\n|-damage|p1a: Urshifu|41\/100 tox|[from] psn\n|upkeep\n|turn|37\n|\n|t:|1700359488\n|move|p1a: Urshifu|Surging Strikes|p2a: Arceus\n|-crit|p2a: Arceus\n|-damage|p2a: Arceus|25\/100\n|-crit|p2a: Arceus\n|-damage|p2a: Arceus|15\/100\n|-crit|p2a: Arceus\n|-damage|p2a: Arceus|5\/100\n|-hitcount|p2a: Arceus|3\n|move|p2a: Arceus|Recover|p2a: Arceus\n|-heal|p2a: Arceus|55\/100\n|\n|-damage|p1a: Urshifu|22\/100 tox|[from] psn\n|upkeep\n|turn|38\n|\n|t:|1700359499\n|move|p1a: Urshifu|Surging Strikes|p2a: Arceus\n|-crit|p2a: Arceus\n|-damage|p2a: Arceus|44\/100\n|-crit|p2a: Arceus\n|-damage|p2a: Arceus|34\/100\n|-crit|p2a: Arceus\n|-damage|p2a: Arceus|24\/100\n|-hitcount|p2a: Arceus|3\n|move|p2a: Arceus|Recover|p2a: Arceus\n|-heal|p2a: Arceus|74\/100\n|\n|-damage|p1a: Urshifu|0 fnt|[from] psn\n|faint|p1a: Urshifu\n|upkeep\n|\n|t:|1700359510\n|switch|p1a: Aegislash|Aegislash, F|51\/100\n|-damage|p1a: Aegislash|45\/100|[from] Stealth Rock\n|turn|39\n|\n|t:|1700359524\n|switch|p2a: Charizard|Charizard, F|100\/100\n|move|p1a: Aegislash|Swords Dance|p1a: Aegislash\n|-boost|p1a: Aegislash|atk|2\n|\n|upkeep\n|turn|40\n|\n|t:|1700359533\n|detailschange|p2a: Charizard|Charizard-Mega-Y, F\n|-mega|p2a: Charizard|Charizard|Charizardite Y\n|-weather|SunnyDay|[from] ability: Drought|[of] p2a: Charizard\n|-formechange|p1a: Aegislash|Aegislash-Blade||[from] ability: Stance Change\n|move|p1a: Aegislash|Shadow Sneak|p2a: Charizard\n|-damage|p2a: Charizard|26\/100\n|move|p2a: Charizard|Flamethrower|p1a: Aegislash\n|-supereffective|p1a: Aegislash\n|-damage|p1a: Aegislash|0 fnt\n|faint|p1a: Aegislash\n|\n|-weather|SunnyDay|[upkeep]\n|upkeep\n|\n|t:|1700359542\n|switch|p1a: Metagross|Metagross-Mega|76\/100\n|-damage|p1a: Metagross|70\/100|[from] Stealth Rock\n|turn|41\n|\n|t:|1700359549\n|move|p1a: Metagross|Bullet Punch|p2a: Charizard\n|-resisted|p2a: Charizard\n|-damage|p2a: Charizard|4\/100\n|move|p2a: Charizard|Flamethrower|p1a: Metagross\n|-supereffective|p1a: Metagross\n|-damage|p1a: Metagross|0 fnt\n|faint|p1a: Metagross\n|\n|-weather|SunnyDay|[upkeep]\n|upkeep\n|\n|t:|1700359553\n|switch|p1a: Zacian|Zacian-Crowned|100\/100\n|-damage|p1a: Zacian|94\/100|[from] Stealth Rock\n|-ability|p1a: Zacian|Intrepid Sword|boost\n|-boost|p1a: Zacian|atk|1\n|turn|42\n|\n|t:|1700359573\n|switch|p2a: Arceus|Arceus-Steel|74\/100\n|move|p1a: Zacian|Fire Fang|p2a: Arceus\n|-supereffective|p2a: Arceus\n|-damage|p2a: Arceus|23\/100\n|\n|-weather|SunnyDay|[upkeep]\n|upkeep\n|turn|43\n|\n|t:|1700359581\n|move|p1a: Zacian|Fire Fang|p2a: Arceus\n|-supereffective|p2a: Arceus\n|-damage|p2a: Arceus|0 fnt\n|faint|p2a: Arceus\n|\n|-weather|SunnyDay|[upkeep]\n|upkeep\n|\n|t:|1700359588\n|switch|p2a: Corsola|Corsola-Galar, M|76\/100\n|turn|44\n|\n|t:|1700359591\n|move|p1a: Zacian|Fire Fang|p2a: Corsola\n|-crit|p2a: Corsola\n|-damage|p2a: Corsola|35\/100\n|-start|p1a: Zacian|Disable|Fire Fang|[from] ability: Cursed Body|[of] p2a: Corsola\n|move|p2a: Corsola|Strength Sap|p1a: Zacian\n|-unboost|p1a: Zacian|atk|1\n|-heal|p2a: Corsola|100\/100\n|\n|-weather|none\n|upkeep\n|turn|45\n|\n|t:|1700359601\n|move|p1a: Zacian|Behemoth Blade|p2a: Corsola\n|-damage|p2a: Corsola|71\/100\n|move|p2a: Corsola|Will-O-Wisp|p1a: Zacian\n|-status|p1a: Zacian|brn\n|\n|-damage|p1a: Zacian|88\/100 brn|[from] brn\n|upkeep\n|turn|46\n|\n|t:|1700359609\n|switch|p1a: Xerneas|Xerneas|32\/100\n|-damage|p1a: Xerneas|19\/100|[from] Stealth Rock\n|-ability|p1a: Xerneas|Fairy Aura\n|move|p2a: Corsola|Strength Sap|p1a: Xerneas\n|-unboost|p1a: Xerneas|atk|1\n|-heal|p2a: Corsola|100\/100\n|\n|upkeep\n|turn|47\n|c|\u2606R1ley5|What are this things evs\n|c|\u2606R1ley5|I also wish to bully physical attackers\n|\n|t:|1700359628\n|switch|p2a: Chansey|Chansey, F|67\/100\n|move|p1a: Xerneas|Aromatherapy|p1a: Xerneas\n|-activate|p1a: Xerneas|move: Aromatherapy\n|-curestatus|p1: Zacian|brn|[msg]\n|\n|upkeep\n|turn|48\n|c|\u2606insanejokester|max hp and max def\n|c|\u2606R1ley5|Thank\n|c|\u2606insanejokester|make sure u give it eviolite\n|inactive|insanejokester has 120 seconds left.\n|\n|t:|1700359662\n|switch|p1a: Zacian|Zacian-Crowned|88\/100\n|-damage|p1a: Zacian|82\/100|[from] Stealth Rock\n|move|p2a: Chansey|Toxic|p1a: Zacian\n|-immune|p1a: Zacian\n|\n|upkeep\n|turn|49\n|\n|t:|1700359671\n|switch|p2a: Corsola|Corsola-Galar, M|100\/100\n|move|p1a: Zacian|Behemoth Blade|p2a: Corsola\n|-damage|p2a: Corsola|70\/100\n|\n|upkeep\n|turn|50\n|c|\u2606R1ley5|Corsola makes me sad\n|\n|t:|1700359683\n|move|p1a: Zacian|Play Rough|p2a: Corsola\n|-damage|p2a: Corsola|41\/100\n|move|p2a: Corsola|Strength Sap|p1a: Zacian\n|-unboost|p1a: Zacian|atk|1\n|-heal|p2a: Corsola|100\/100\n|\n|upkeep\n|turn|51\n|c|\u2606insanejokester|sorry\n|c|\u2606insanejokester|atleast u can use it\n|\n|t:|1700359698\n|move|p1a: Zacian|Behemoth Blade|p2a: Corsola\n|-damage|p2a: Corsola|82\/100\n|move|p2a: Corsola|Will-O-Wisp|p1a: Zacian|[miss]\n|-miss|p2a: Corsola|p1a: Zacian\n|\n|upkeep\n|turn|52\n|\n|t:|1700359709\n|switch|p1a: Xerneas|Xerneas|19\/100\n|-damage|p1a: Xerneas|7\/100|[from] Stealth Rock\n|-ability|p1a: Xerneas|Fairy Aura\n|move|p2a: Corsola|Night Shade|p1a: Xerneas\n|-damage|p1a: Xerneas|0 fnt\n|faint|p1a: Xerneas\n|\n|upkeep\n|c|\u2606R1ley5|At least it isn\u2019t gargancl\n|\n|t:|1700359721\n|switch|p1a: Zacian|Zacian-Crowned|82\/100\n|-damage|p1a: Zacian|76\/100|[from] Stealth Rock\n|turn|53\n|c|\u2606insanejokester|right lol\n|\n|t:|1700359731\n|move|p1a: Zacian|Behemoth Blade|p2a: Corsola\n|-damage|p2a: Corsola|49\/100\n|move|p2a: Corsola|Will-O-Wisp|p1a: Zacian\n|-status|p1a: Zacian|brn\n|\n|-damage|p1a: Zacian|70\/100 brn|[from] brn\n|upkeep\n|turn|54\n|\n|t:|1700359742\n|-terastallize|p1a: Zacian|Fairy\n|move|p1a: Zacian|Play Rough|p2a: Corsola\n|-damage|p2a: Corsola|31\/100\n|move|p2a: Corsola|Strength Sap|p1a: Zacian\n|-unboost|p1a: Zacian|atk|1\n|-heal|p2a: Corsola|100\/100\n|\n|-damage|p1a: Zacian|64\/100 brn|[from] brn\n|upkeep\n|turn|55\n|c|\u2606insanejokester|u see my moveset right?\n|inactive|insanejokester has 120 seconds left.\n|c|\u2606R1ley5|How could I forget\n|c|\u2606insanejokester|just incase u wanna use corsola\n|\n|t:|1700359773\n|move|p1a: Zacian|Behemoth Blade|p2a: Corsola\n|-damage|p2a: Corsola|91\/100\n|-start|p1a: Zacian|Disable|Behemoth Blade|[from] ability: Cursed Body|[of] p2a: Corsola\n|move|p2a: Corsola|Night Shade|p1a: Zacian\n|-damage|p1a: Zacian|33\/100 brn\n|\n|-damage|p1a: Zacian|27\/100 brn|[from] brn\n|upkeep\n|turn|56\n|inactive|insanejokester has 120 seconds left.\n|\n|t:|1700359785\n|move|p1a: Zacian|Play Rough|p2a: Corsola\n|-damage|p2a: Corsola|79\/100\n|move|p2a: Corsola|Night Shade|p1a: Zacian\n|-damage|p1a: Zacian|0 fnt\n|faint|p1a: Zacian\n|\n|win|insanejokester\n|raw|R1ley5's rating: 1120 &rarr; <strong>1106<\/strong><br \/>(-14 for losing)\n|raw|insanejokester's rating: 1290 &rarr; <strong>1304<\/strong><br \/>(+14 for winning)\n|c|\u2606insanejokester|gg\n|c|\u2606R1ley5|Ggs\n","uploadtime":1700359796,"views":6,"p1id":"r1ley5","p2id":"insanejokester","formatid":"gen9nationaldexubers","rating":1106,"private":0,"password":""}