{"id":"gen9nationaldexubers-1978442081","p1":"KingAdBro","p2":"ModestStarmie","format":"[Gen 9] National Dex Ubers","log":"|j|\u2606KingAdBro\n|j|\u2606ModestStarmie\n|t:|1698539472\n|gametype|singles\n|player|p1|KingAdBro|265|\n|player|p2|ModestStarmie|morty|\n|teamsize|p1|6\n|teamsize|p2|6\n|gen|9\n|tier|[Gen 9] National Dex Ubers\n|rule|HP Percentage Mod: HP is shown in percentages\n|rule|Endless Battle Clause: Forcing endless battles is banned\n|rule|OHKO Clause: OHKO moves are banned\n|rule|Evasion Moves Clause: Evasion moves are banned\n|rule|Evasion Items Clause: Evasion items are banned\n|rule|Species Clause: Limit one of each Pok\u00e9mon\n|rule|Sleep Clause Mod: Limit one foe put to sleep\n|rule|Mega Rayquaza Clause: You cannot mega evolve Rayquaza\n|clearpoke\n|poke|p1|Aggron, M|\n|poke|p1|Tyranitar, F|\n|poke|p1|Kommo-o, F|\n|poke|p1|Escavalier, F|\n|poke|p1|Blastoise, F|\n|poke|p1|Clefable, F|\n|poke|p2|Charizard, M|\n|poke|p2|Walking Wake|\n|poke|p2|Whimsicott, M|\n|poke|p2|Zoroark-Hisui, M|\n|poke|p2|Tinkaton, F|\n|poke|p2|Noivern, M|\n|teampreview\n|c|\u2606ModestStarmie|glhf!!\n|\n|t:|1698539522\n|start\n|switch|p1a: Aggron|Aggron, M|100\/100\n|switch|p2a: Pan|Whimsicott, M, shiny|100\/100\n|turn|1\n|c|\u2606KingAdBro|Good luck! You Yoo!\n|\n|t:|1698539534\n|move|p2a: Pan|Taunt|p1a: Aggron\n|-start|p1a: Aggron|move: Taunt\n|cant|p1a: Aggron|move: Taunt|Stealth Rock\n|\n|upkeep\n|turn|2\n|\n|t:|1698539553\n|switch|p2a: Pixie|Tinkaton, F|100\/100\n|-ability|p2a: Pixie|Mold Breaker\n|move|p1a: Aggron|Heavy Slam|p2a: Pixie\n|-damage|p2a: Pixie|44\/100\n|\n|-heal|p2a: Pixie|50\/100|[from] item: Leftovers\n|upkeep\n|turn|3\n|\n|t:|1698539566\n|move|p2a: Pixie|Stealth Rock|p1a: Aggron\n|-sidestart|p1: KingAdBro|move: Stealth Rock\n|move|p1a: Aggron|Heavy Slam|p2a: Pixie\n|-damage|p2a: Pixie|0 fnt\n|faint|p2a: Pixie\n|\n|-end|p1a: Aggron|move: Taunt\n|upkeep\n|\n|t:|1698539590\n|switch|p2a: Lava Boy|Charizard, M, shiny|100\/100\n|turn|4\n|\n|t:|1698539632\n|detailschange|p2a: Lava Boy|Charizard-Mega-Y, M, shiny\n|-mega|p2a: Lava Boy|Charizard|Charizardite Y\n|-weather|SunnyDay|[from] ability: Drought|[of] p2a: Lava Boy\n|move|p2a: Lava Boy|Flamethrower|p1a: Aggron\n|-damage|p1a: Aggron|0 fnt\n|faint|p1a: Aggron\n|\n|-weather|SunnyDay|[upkeep]\n|upkeep\n|\n|t:|1698539656\n|switch|p1a: Tyranitar|Tyranitar, F|100\/100\n|-damage|p1a: Tyranitar|88\/100|[from] Stealth Rock\n|-weather|Sandstorm|[from] ability: Sand Stream|[of] p1a: Tyranitar\n|turn|5\n|\n|t:|1698539670\n|switch|p2a: Pan|Whimsicott, M, shiny|100\/100\n|move|p1a: Tyranitar|Stone Edge|p2a: Pan\n|-damage|p2a: Pan|33\/100\n|\n|-weather|Sandstorm|[upkeep]\n|-damage|p2a: Pan|26\/100|[from] Sandstorm\n|upkeep\n|turn|6\n|\n|t:|1698539689\n|move|p2a: Pan|Moonblast|p1a: Tyranitar\n|-supereffective|p1a: Tyranitar\n|-damage|p1a: Tyranitar|68\/100\n|move|p1a: Tyranitar|Stone Edge|p2a: Pan|[miss]\n|-miss|p1a: Tyranitar|p2a: Pan\n|\n|-weather|Sandstorm|[upkeep]\n|-damage|p2a: Pan|20\/100|[from] Sandstorm\n|upkeep\n|turn|7\n|\n|t:|1698539705\n|move|p2a: Pan|Stun Spore|p1a: Tyranitar\n|-hint|Since gen 7, Dark is immune to Prankster moves.\n|-immune|p1a: Tyranitar\n|move|p1a: Tyranitar|Avalanche|p2a: Pan\n|-supereffective|p2a: Pan\n|-damage|p2a: Pan|0 fnt\n|faint|p2a: Pan\n|\n|-weather|Sandstorm|[upkeep]\n|upkeep\n|\n|t:|1698539715\n|switch|p2a: Nigel|Noivern, M, shiny|100\/100\n|-item|p1a: Tyranitar|Assault Vest|[from] ability: Frisk|[of] p2a: Nigel|[identify]\n|turn|8\n|\n|t:|1698539726\n|-terastallize|p2a: Nigel|Fighting\n|move|p2a: Nigel|Tera Blast|p1a: Tyranitar|[anim] Tera Blast Fighting\n|-supereffective|p1a: Tyranitar\n|-damage|p1a: Tyranitar|0 fnt\n|faint|p1a: Tyranitar\n|\n|-weather|Sandstorm|[upkeep]\n|-damage|p2a: Nigel|94\/100|[from] Sandstorm\n|upkeep\n|\n|t:|1698539738\n|switch|p1a: Clefable|Clefable, F|100\/100\n|turn|9\n|\n|t:|1698539744\n|switch|p2a: Lava Boy|Charizard-Mega-Y, M, shiny|100\/100\n|-weather|SunnyDay|[from] ability: Drought|[of] p2a: Lava Boy\n|move|p1a: Clefable|Toxic|p2a: Lava Boy\n|-status|p2a: Lava Boy|tox\n|\n|-weather|SunnyDay|[upkeep]\n|-damage|p2a: Lava Boy|94\/100 tox|[from] psn\n|upkeep\n|turn|10\n|\n|t:|1698539763\n|move|p1a: Clefable|Protect|p1a: Clefable\n|-singleturn|p1a: Clefable|Protect\n|move|p2a: Lava Boy|Flamethrower|p1a: Clefable\n|-activate|p1a: Clefable|move: Protect\n|\n|-weather|SunnyDay|[upkeep]\n|-damage|p2a: Lava Boy|82\/100 tox|[from] psn\n|upkeep\n|turn|11\n|\n|t:|1698539773\n|move|p2a: Lava Boy|Flamethrower|p1a: Clefable\n|-damage|p1a: Clefable|45\/100\n|move|p1a: Clefable|Wish|p1a: Clefable\n|\n|-weather|SunnyDay|[upkeep]\n|-heal|p1a: Clefable|51\/100|[from] item: Leftovers\n|-damage|p2a: Lava Boy|64\/100 tox|[from] psn\n|upkeep\n|turn|12\n|\n|t:|1698539782\n|move|p1a: Clefable|Protect|p1a: Clefable\n|-singleturn|p1a: Clefable|Protect\n|move|p2a: Lava Boy|Roar|p1a: Clefable\n|drag|p1a: Kommo-o|Kommo-o, F|100\/100\n|-damage|p1a: Kommo-o|94\/100|[from] Stealth Rock\n|\n|-weather|SunnyDay|[upkeep]\n|-heal|p1a: Kommo-o|100\/100|[from] move: Wish|[wisher] Clefable\n|-damage|p2a: Lava Boy|40\/100 tox|[from] psn\n|upkeep\n|turn|13\n|\n|t:|1698539804\n|switch|p2a: Nigel|Noivern, M, shiny|100\/100\n|move|p1a: Kommo-o|Dragon Claw|p2a: Nigel\n|-damage|p2a: Nigel|26\/100\n|replace|p2a: Xhadow|Zoroark-Hisui, M, shiny\n|-end|p2a: Xhadow|Illusion\n|\n|-weather|none\n|upkeep\n|turn|14\n|\n|t:|1698539824\n|move|p2a: Xhadow|Bitter Malice|p1a: Kommo-o\n|-damage|p1a: Kommo-o|57\/100\n|-unboost|p1a: Kommo-o|atk|1\n|move|p1a: Kommo-o|Dragon Claw|p2a: Xhadow\n|-damage|p2a: Xhadow|0 fnt\n|faint|p2a: Xhadow\n|\n|-heal|p1a: Kommo-o|63\/100|[from] item: Leftovers\n|upkeep\n|\n|t:|1698539836\n|switch|p2a: Nigel|Noivern, M, shiny, tera:Fighting|94\/100\n|-item|p1a: Kommo-o|Leftovers|[from] ability: Frisk|[of] p2a: Nigel|[identify]\n|turn|15\n|\n|t:|1698539855\n|move|p2a: Nigel|U-turn|p1a: Kommo-o\n|-resisted|p1a: Kommo-o\n|-damage|p1a: Kommo-o|58\/100\n|\n|t:|1698539858\n|switch|p2a: Lava Boy|Charizard-Mega-Y, M, shiny|40\/100 tox|[from] U-turn\n|-weather|SunnyDay|[from] ability: Drought|[of] p2a: Lava Boy\n|move|p1a: Kommo-o|Dragon Claw|p2a: Lava Boy\n|-damage|p2a: Lava Boy|2\/100 tox\n|\n|-weather|SunnyDay|[upkeep]\n|-heal|p1a: Kommo-o|64\/100|[from] item: Leftovers\n|-damage|p2a: Lava Boy|0 fnt|[from] psn\n|faint|p2a: Lava Boy\n|upkeep\n|\n|t:|1698539869\n|switch|p2a: Shark Girl|Walking Wake|100\/100\n|-activate|p2a: Shark Girl|ability: Protosynthesis\n|-start|p2a: Shark Girl|protosynthesisspa\n|turn|16\n|\n|t:|1698539886\n|move|p2a: Shark Girl|Draco Meteor|p1a: Kommo-o\n|-supereffective|p1a: Kommo-o\n|-damage|p1a: Kommo-o|0 fnt\n|-unboost|p2a: Shark Girl|spa|2\n|faint|p1a: Kommo-o\n|\n|-weather|SunnyDay|[upkeep]\n|upkeep\n|\n|t:|1698539893\n|switch|p1a: Clefable|Clefable, F|51\/100\n|turn|17\n|\n|t:|1698539899\n|move|p2a: Shark Girl|Hydro Steam|p1a: Clefable\n|-damage|p1a: Clefable|22\/100\n|move|p1a: Clefable|Wish|p1a: Clefable\n|\n|-weather|SunnyDay|[upkeep]\n|-heal|p1a: Clefable|28\/100|[from] item: Leftovers\n|upkeep\n|turn|18\n|\n|t:|1698539910\n|move|p1a: Clefable|Protect|p1a: Clefable\n|-singleturn|p1a: Clefable|Protect\n|move|p2a: Shark Girl|Roar|p1a: Clefable\n|drag|p1a: Escavalier|Escavalier, F|100\/100\n|-damage|p1a: Escavalier|88\/100|[from] Stealth Rock\n|\n|-weather|SunnyDay|[upkeep]\n|-heal|p1a: Escavalier|100\/100|[from] move: Wish|[wisher] Clefable\n|upkeep\n|turn|19\n|\n|t:|1698539923\n|move|p2a: Shark Girl|Flamethrower|p1a: Escavalier\n|-supereffective|p1a: Escavalier\n|-damage|p1a: Escavalier|0 fnt\n|faint|p1a: Escavalier\n|\n|-weather|none\n|-end|p2a: Shark Girl|Protosynthesis\n|upkeep\n|-enditem|p2a: Shark Girl|Booster Energy\n|-activate|p2a: Shark Girl|ability: Protosynthesis|[fromitem]\n|-start|p2a: Shark Girl|protosynthesisspe\n|\n|t:|1698539932\n|switch|p1a: Blastoise|Blastoise, F|100\/100\n|-damage|p1a: Blastoise|88\/100|[from] Stealth Rock\n|turn|20\n|\n|t:|1698539939\n|move|p2a: Shark Girl|Draco Meteor|p1a: Blastoise\n|-damage|p1a: Blastoise|47\/100\n|-unboost|p2a: Shark Girl|spa|2\n|move|p1a: Blastoise|Shell Smash|p1a: Blastoise\n|-unboost|p1a: Blastoise|def|1\n|-unboost|p1a: Blastoise|spd|1\n|-boost|p1a: Blastoise|atk|2\n|-boost|p1a: Blastoise|spa|2\n|-boost|p1a: Blastoise|spe|2\n|\n|upkeep\n|turn|21\n|\n|t:|1698539958\n|move|p1a: Blastoise|Aura Sphere|p2a: Shark Girl\n|-damage|p2a: Shark Girl|51\/100\n|move|p2a: Shark Girl|Draco Meteor|p1a: Blastoise\n|-damage|p1a: Blastoise|7\/100\n|-unboost|p2a: Shark Girl|spa|2\n|\n|upkeep\n|turn|22\n|\n|t:|1698539973\n|move|p1a: Blastoise|Hydro Pump|p2a: Shark Girl\n|-resisted|p2a: Shark Girl\n|-damage|p2a: Shark Girl|8\/100\n|move|p2a: Shark Girl|Draco Meteor|p1a: Blastoise\n|-damage|p1a: Blastoise|0 fnt\n|faint|p1a: Blastoise\n|\n|upkeep\n|\n|t:|1698539981\n|switch|p1a: Clefable|Clefable, F|28\/100\n|turn|23\n|\n|t:|1698540002\n|-end|p2a: Shark Girl|Protosynthesis|[silent]\n|switch|p2a: Nigel|Noivern, M, shiny, tera:Fighting|94\/100\n|-item|p1a: Clefable|Leftovers|[from] ability: Frisk|[of] p2a: Nigel|[identify]\n|move|p1a: Clefable|Wish|p1a: Clefable\n|\n|-heal|p1a: Clefable|34\/100|[from] item: Leftovers\n|upkeep\n|turn|24\n|\n|t:|1698540012\n|move|p1a: Clefable|Protect|p1a: Clefable\n|-singleturn|p1a: Clefable|Protect\n|move|p2a: Nigel|Flamethrower|p1a: Clefable\n|-activate|p1a: Clefable|move: Protect\n|\n|-heal|p1a: Clefable|84\/100|[from] move: Wish|[wisher] Clefable\n|-heal|p1a: Clefable|90\/100|[from] item: Leftovers\n|upkeep\n|turn|25\n|\n|t:|1698540024\n|move|p2a: Nigel|Flamethrower|p1a: Clefable\n|-damage|p1a: Clefable|61\/100\n|move|p1a: Clefable|Moonblast|p2a: Nigel\n|-supereffective|p2a: Nigel\n|-damage|p2a: Nigel|8\/100\n|\n|-heal|p1a: Clefable|67\/100|[from] item: Leftovers\n|upkeep\n|turn|26\n|\n|t:|1698540033\n|move|p2a: Nigel|Flamethrower|p1a: Clefable\n|-damage|p1a: Clefable|41\/100\n|move|p1a: Clefable|Wish|p1a: Clefable\n|\n|-heal|p1a: Clefable|47\/100|[from] item: Leftovers\n|upkeep\n|turn|27\n|\n|t:|1698540050\n|switch|p2a: Shark Girl|Walking Wake|8\/100\n|move|p1a: Clefable|Moonblast|p2a: Shark Girl\n|-supereffective|p2a: Shark Girl\n|-damage|p2a: Shark Girl|0 fnt\n|faint|p2a: Shark Girl\n|-end|p2a: Shark Girl|Protosynthesis|[silent]\n|\n|-heal|p1a: Clefable|97\/100|[from] move: Wish|[wisher] Clefable\n|-heal|p1a: Clefable|100\/100|[from] item: Leftovers\n|upkeep\n|c|\u2606ModestStarmie|ughh gg lol\n|c|\u2606KingAdBro|Gg!\n|c|\u2606ModestStarmie|let tink die too fast\n|\n|t:|1698540065\n|switch|p2a: Nigel|Noivern, M, shiny, tera:Fighting|8\/100\n|-item|p1a: Clefable|Leftovers|[from] ability: Frisk|[of] p2a: Nigel|[identify]\n|turn|28\n|\n|t:|1698540073\n|move|p2a: Nigel|Flamethrower|p1a: Clefable\n|-damage|p1a: Clefable|74\/100\n|move|p1a: Clefable|Moonblast|p2a: Nigel\n|-supereffective|p2a: Nigel\n|-damage|p2a: Nigel|0 fnt\n|faint|p2a: Nigel\n|\n|win|KingAdBro\n|c|\u2606ModestStarmie|hahaha I prepped so hard for the clef stacking build\n|c|\u2606KingAdBro|Yeah I was surprised you left her in. But me forgetting to mega prolly gave you false hope\n|c|\u2606KingAdBro|oh really? Lol I got that to work the once and I was good with it haha\n|c|\u2606ModestStarmie|didn't expect the wish protect toxic build\n|c|\u2606KingAdBro|yeah Clef\u2019s been doing work. Thanks for the match!\n|c|\u2606ModestStarmie|yup gg!\n|l|\u2606ModestStarmie\n|c|\u2606KingAdBro|G!\n","uploadtime":1698540165,"views":26,"p1id":"kingadbro","p2id":"modeststarmie","formatid":"gen9nationaldexubers","rating":0,"private":0,"password":""}