{"id":"gen9nationaldexubers-1991490468","p1":"nombre epico.jpg","p2":"Th3K1ng123","format":"[Gen 9] National Dex Ubers","log":"|j|\u2606nombre epico.jpg\n|j|\u2606Th3K1ng123\n|t:|1700081722\n|gametype|singles\n|player|p1|nombre epico.jpg|bianca-pwt|1419\n|player|p2|Th3K1ng123|turo|1314\n|teamsize|p1|6\n|teamsize|p2|6\n|gen|9\n|tier|[Gen 9] National Dex Ubers\n|rated|\n|rule|HP Percentage Mod: HP is shown in percentages\n|rule|Endless Battle Clause: Forcing endless battles is banned\n|rule|OHKO Clause: OHKO moves are banned\n|rule|Evasion Moves Clause: Evasion moves are banned\n|rule|Evasion Items Clause: Evasion items are banned\n|rule|Species Clause: Limit one of each Pok\u00e9mon\n|rule|Sleep Clause Mod: Limit one foe put to sleep\n|rule|Mega Rayquaza Clause: You cannot mega evolve Rayquaza\n|clearpoke\n|poke|p1|Genesect|\n|poke|p1|Kyogre|\n|poke|p1|Necrozma-Dawn-Wings|\n|poke|p1|Deoxys-Attack|\n|poke|p1|Kyurem-Black|\n|poke|p1|Lucario, F|\n|poke|p2|Giratina-Origin|\n|poke|p2|Dialga|\n|poke|p2|Palkia-Origin|\n|poke|p2|Arceus|\n|poke|p2|Heatran, M|\n|poke|p2|Shaymin-Sky|\n|teampreview\n|inactive|Battle timer is ON: inactive players will automatically lose when time's up. (requested by Th3K1ng123)\n|inactive|nombre epico.jpg also wants the timer to be on.\n|\n|t:|1700081735\n|start\n|switch|p1a: (me voy a revelar)|Deoxys-Attack, shiny|100\/100\n|switch|p2a: Halleluiah|Arceus, shiny|100\/100\n|-ability|p1a: (me voy a revelar)|Pressure\n|turn|1\n|\n|t:|1700081743\n|move|p2a: Halleluiah|Extreme Speed|p1a: (me voy a revelar)\n|-enditem|p1a: (me voy a revelar)|Focus Sash\n|-damage|p1a: (me voy a revelar)|1\/100\n|move|p1a: (me voy a revelar)|Superpower|p2a: Halleluiah\n|-supereffective|p2a: Halleluiah\n|-damage|p2a: Halleluiah|43\/100\n|-unboost|p1a: (me voy a revelar)|atk|1\n|-unboost|p1a: (me voy a revelar)|def|1\n|\n|upkeep\n|turn|2\n|\n|t:|1700081760\n|move|p1a: (me voy a revelar)|Extreme Speed|p2a: Halleluiah\n|-damage|p2a: Halleluiah|30\/100\n|move|p2a: Halleluiah|Extreme Speed|p1a: (me voy a revelar)\n|-damage|p1a: (me voy a revelar)|0 fnt\n|faint|p1a: (me voy a revelar)\n|\n|upkeep\n|\n|t:|1700081769\n|switch|p1a: Lucario|Lucario, F|100\/100\n|turn|3\n|\n|t:|1700081776\n|switch|p2a: Spooks|Giratina-Origin, shiny|100\/100\n|detailschange|p1a: Lucario|Lucario-Mega, F\n|-mega|p1a: Lucario|Lucario|Lucarionite\n|move|p1a: Lucario|Nasty Plot|p1a: Lucario\n|-boost|p1a: Lucario|spa|2\n|\n|upkeep\n|turn|4\n|\n|t:|1700081785\n|move|p1a: Lucario|Flash Cannon|p2a: Spooks\n|-damage|p2a: Spooks|10\/100\n|move|p2a: Spooks|Thunder Wave|p1a: Lucario\n|-status|p1a: Lucario|par\n|\n|upkeep\n|turn|5\n|\n|t:|1700081794\n|switch|p1a: Chaqueta fria|Kyurem-Black, shiny|100\/100\n|-ability|p1a: Chaqueta fria|Teravolt\n|move|p2a: Spooks|Hex|p1a: Chaqueta fria\n|-damage|p1a: Chaqueta fria|64\/100\n|\n|upkeep\n|turn|6\n|\n|t:|1700081803\n|move|p2a: Spooks|Dragon Pulse|p1a: Chaqueta fria\n|-supereffective|p1a: Chaqueta fria\n|-damage|p1a: Chaqueta fria|0 fnt\n|faint|p1a: Chaqueta fria\n|\n|upkeep\n|\n|t:|1700081812\n|switch|p1a: Leader red|Genesect, shiny|100\/100\n|-ability|p1a: Leader red|Download|boost\n|-boost|p1a: Leader red|spa|1\n|turn|7\n|\n|t:|1700081818\n|move|p1a: Leader red|U-turn|p2a: Spooks\n|-resisted|p2a: Spooks\n|-damage|p2a: Spooks|1\/100\n|\n|t:|1700081823\n|switch|p1a: Blue|Kyogre, shiny|100\/100|[from] U-turn\n|detailschange|p1a: Blue|Kyogre-Primal, shiny\n|-primal|p1a: Blue|Blue Orb\n|-weather|PrimordialSea|[from] ability: Primordial Sea|[of] p1a: Blue\n|move|p2a: Spooks|Hex|p1a: Blue\n|-damage|p1a: Blue|79\/100\n|\n|-weather|PrimordialSea|[upkeep]\n|upkeep\n|turn|8\n|\n|t:|1700081836\n|move|p2a: Spooks|Pain Split|p1a: Blue\n|-sethp|p1a: Blue|40\/100|[from] move: Pain Split|[silent]\n|-sethp|p2a: Spooks|31\/100|[from] move: Pain Split\n|move|p1a: Blue|Thunder|p2a: Spooks\n|-resisted|p2a: Spooks\n|-damage|p2a: Spooks|13\/100\n|\n|-weather|PrimordialSea|[upkeep]\n|upkeep\n|turn|9\n|\n|t:|1700081844\n|move|p1a: Blue|Ice Beam|p2a: Spooks\n|-supereffective|p2a: Spooks\n|-damage|p2a: Spooks|0 fnt\n|faint|p2a: Spooks\n|\n|-weather|PrimordialSea|[upkeep]\n|upkeep\n|\n|t:|1700081858\n|switch|p2a: Chopper|Shaymin-Sky|100\/100\n|turn|10\n|\n|t:|1700081863\n|move|p2a: Chopper|Seed Flare|p1a: Blue\n|-supereffective|p1a: Blue\n|-damage|p1a: Blue|0 fnt\n|faint|p1a: Blue\n|-weather|none\n|\n|upkeep\n|\n|t:|1700081871\n|switch|p1a: Leader red|Genesect, shiny|100\/100\n|-ability|p1a: Leader red|Download|boost\n|-boost|p1a: Leader red|spa|1\n|turn|11\n|\n|t:|1700081878\n|move|p1a: Leader red|Ice Beam|p2a: Chopper\n|-supereffective|p2a: Chopper\n|-damage|p2a: Chopper|0 fnt\n|faint|p2a: Chopper\n|\n|upkeep\n|\n|t:|1700081884\n|switch|p2a: Heatran|Heatran, M, shiny|100\/100\n|turn|12\n|\n|t:|1700081890\n|switch|p1a: Dusk|Necrozma-Dawn-Wings, shiny|100\/100\n|move|p2a: Heatran|Magma Storm|p1a: Dusk\n|-damage|p1a: Dusk|63\/100\n|-activate|p1a: Dusk|move: Magma Storm|[of] p2a: Heatran\n|\n|-damage|p1a: Dusk|51\/100|[from] move: Magma Storm|[partiallytrapped]\n|upkeep\n|turn|13\n|\n|t:|1700081900\n|detailschange|p1a: Dusk|Necrozma-Ultra, shiny\n|-burst|p1a: Dusk|Necrozma|Ultranecrozium Z\n|move|p1a: Dusk|Calm Mind|p1a: Dusk\n|-boost|p1a: Dusk|spa|1\n|-boost|p1a: Dusk|spd|1\n|move|p2a: Heatran|Stealth Rock|p1a: Dusk\n|-sidestart|p1: nombre epico.jpg|move: Stealth Rock\n|\n|-damage|p1a: Dusk|39\/100|[from] move: Magma Storm|[partiallytrapped]\n|upkeep\n|turn|14\n|\n|t:|1700081912\n|move|p1a: Dusk|Dragon Pulse|p2a: Heatran\n|-resisted|p2a: Heatran\n|-damage|p2a: Heatran|67\/100\n|move|p2a: Heatran|Toxic|p1a: Dusk\n|-status|p1a: Dusk|tox\n|\n|-heal|p2a: Heatran|73\/100|[from] item: Leftovers\n|-damage|p1a: Dusk|33\/100 tox|[from] psn\n|-damage|p1a: Dusk|21\/100 tox|[from] move: Magma Storm|[partiallytrapped]\n|upkeep\n|turn|15\n|\n|t:|1700081924\n|move|p2a: Heatran|Protect|p2a: Heatran\n|-singleturn|p2a: Heatran|Protect\n|-zpower|p1a: Dusk\n|move|p1a: Dusk|Light That Burns the Sky|p2a: Heatran|[zeffect]\n|-resisted|p2a: Heatran\n|-zbroken|p2a: Heatran\n|-damage|p2a: Heatran|55\/100\n|\n|-heal|p2a: Heatran|61\/100|[from] item: Leftovers\n|-damage|p1a: Dusk|9\/100 tox|[from] psn\n|-damage|p1a: Dusk|0 fnt|[from] move: Magma Storm|[partiallytrapped]\n|faint|p1a: Dusk\n|upkeep\n|\n|t:|1700081938\n|switch|p1a: Lucario|Lucario-Mega, F|100\/100 par\n|-damage|p1a: Lucario|98\/100 par|[from] Stealth Rock\n|turn|16\n|\n|t:|1700081947\n|-terastallize|p2a: Heatran|Flying\n|move|p1a: Lucario|Vacuum Wave|p2a: Heatran\n|-resisted|p2a: Heatran\n|-damage|p2a: Heatran|49\/100\n|move|p2a: Heatran|Magma Storm|p1a: Lucario|[miss]\n|-miss|p2a: Heatran|p1a: Lucario\n|\n|-heal|p2a: Heatran|55\/100|[from] item: Leftovers\n|upkeep\n|turn|17\n|\n|t:|1700081958\n|move|p2a: Heatran|Magma Storm|p1a: Lucario\n|-supereffective|p1a: Lucario\n|-damage|p1a: Lucario|0 fnt\n|faint|p1a: Lucario\n|\n|-heal|p2a: Heatran|61\/100|[from] item: Leftovers\n|upkeep\n|\n|t:|1700081965\n|switch|p1a: Leader red|Genesect, shiny|100\/100\n|-damage|p1a: Leader red|88\/100|[from] Stealth Rock\n|-ability|p1a: Leader red|Download|boost\n|-boost|p1a: Leader red|spa|1\n|turn|18\n|\n|t:|1700081972\n|move|p1a: Leader red|Ice Beam|p2a: Heatran\n|-supereffective|p2a: Heatran\n|-damage|p2a: Heatran|0 fnt\n|faint|p2a: Heatran\n|\n|upkeep\n|\n|t:|1700081976\n|switch|p2a: Juan|Palkia-Origin, shiny|100\/100\n|-ability|p2a: Juan|Pressure\n|turn|19\n|c|\u2606nombre epico.jpg|OSTIA\n|c|\u2606nombre epico.jpg|ES JUAN\n|c|\u2606nombre epico.jpg|\ud83d\ude31\ud83d\udc49\u2b55\u2b55\u2b55\u2b55\u2b55\u2b55\u2b55\n|\n|t:|1700082001\n|move|p1a: Leader red|Ice Beam|p2a: Juan\n|-damage|p2a: Juan|60\/100\n|move|p2a: Juan|Flamethrower|p1a: Leader red\n|-supereffective|p1a: Leader red\n|-damage|p1a: Leader red|0 fnt\n|faint|p1a: Leader red\n|\n|win|Th3K1ng123\n|raw|nombre epico.jpg's rating: 1419 &rarr; <strong>1393<\/strong><br \/>(-26 for losing)\n|raw|Th3K1ng123's rating: 1314 &rarr; <strong>1340<\/strong><br \/>(+26 for winning)\n","uploadtime":1700082013,"views":8,"p1id":"nombreepicojpg","p2id":"th3k1ng123","formatid":"gen9nationaldexubers","rating":1340,"private":0,"password":""}