{"id":"gen9nationaldexubers-1986609265","p1":"Dragonplanet","p2":"Dropkickoctopus","format":"[Gen 9] National Dex Ubers","log":"|j|\u2606Dragonplanet\n|j|\u2606Dropkickoctopus\n|t:|1699497487\n|gametype|singles\n|player|p1|Dragonplanet|hoopster|\n|player|p2|Dropkickoctopus|baker|\n|teamsize|p1|6\n|teamsize|p2|6\n|gen|9\n|tier|[Gen 9] National Dex Ubers\n|rule|HP Percentage Mod: HP is shown in percentages\n|rule|Endless Battle Clause: Forcing endless battles is banned\n|rule|OHKO Clause: OHKO moves are banned\n|rule|Evasion Moves Clause: Evasion moves are banned\n|rule|Evasion Items Clause: Evasion items are banned\n|rule|Species Clause: Limit one of each Pok\u00e9mon\n|rule|Sleep Clause Mod: Limit one foe put to sleep\n|rule|Mega Rayquaza Clause: You cannot mega evolve Rayquaza\n|clearpoke\n|poke|p1|Lycanroc-Dusk, F|\n|poke|p1|Volcarona, M|\n|poke|p1|Ferrothorn, F|\n|poke|p1|Bombirdier, F|\n|poke|p1|Pelipper, M|\n|poke|p1|Zapdos-Galar|\n|poke|p2|Mamoswine, F|\n|poke|p2|Abomasnow, F|\n|poke|p2|Tentacruel, M|\n|poke|p2|Gliscor, M|\n|poke|p2|Chandelure, M|\n|poke|p2|Latias, F|\n|teampreview\n|\n|t:|1699497497\n|start\n|switch|p1a: Zapdos|Zapdos-Galar|100\/100\n|switch|p2a: Be Our Guest|Chandelure, M|100\/100\n|turn|1\n|\n|t:|1699497521\n|move|p2a: Be Our Guest|Flamethrower|p1a: Zapdos\n|-damage|p1a: Zapdos|33\/100\n|move|p1a: Zapdos|Trailblaze|p2a: Be Our Guest\n|-resisted|p2a: Be Our Guest\n|-damage|p2a: Be Our Guest|88\/100\n|-boost|p1a: Zapdos|spe|1\n|\n|upkeep\n|turn|2\n|\n|t:|1699497527\n|move|p1a: Zapdos|Knock Off|p2a: Be Our Guest\n|-supereffective|p2a: Be Our Guest\n|-damage|p2a: Be Our Guest|0 fnt\n|-enditem|p2a: Be Our Guest|Choice Scarf|[from] move: Knock Off|[of] p1a: Zapdos\n|faint|p2a: Be Our Guest\n|\n|upkeep\n|\n|t:|1699497548\n|switch|p2a: Mammoth Dong|Mamoswine, F|100\/100\n|turn|3\n|\n|t:|1699497560\n|move|p2a: Mammoth Dong|Ice Shard|p1a: Zapdos\n|-supereffective|p1a: Zapdos\n|-damage|p1a: Zapdos|0 fnt\n|faint|p1a: Zapdos\n|-damage|p2a: Mammoth Dong|91\/100|[from] item: Life Orb\n|\n|upkeep\n|\n|t:|1699497626\n|switch|p1a: Pelipper|Pelipper, M|100\/100\n|-weather|RainDance|[from] ability: Drizzle|[of] p1a: Pelipper\n|turn|4\n|\n|t:|1699497632\n|switch|p2a: Power Bottom|Latias, F, shiny|100\/100\n|move|p1a: Pelipper|U-turn|p2a: Power Bottom\n|-supereffective|p2a: Power Bottom\n|-damage|p2a: Power Bottom|83\/100\n|\n|t:|1699497641\n|switch|p1a: Bombirdier|Bombirdier, F, shiny|100\/100|[from] U-turn\n|\n|-weather|RainDance|[upkeep]\n|-heal|p2a: Power Bottom|89\/100|[from] item: Leftovers\n|upkeep\n|turn|5\n|\n|t:|1699497676\n|move|p1a: Bombirdier|Knock Off|p2a: Power Bottom\n|-supereffective|p2a: Power Bottom\n|-damage|p2a: Power Bottom|5\/100\n|-enditem|p2a: Power Bottom|Leftovers|[from] move: Knock Off|[of] p1a: Bombirdier\n|move|p2a: Power Bottom|Thunderbolt|p1a: Bombirdier\n|-supereffective|p1a: Bombirdier\n|-damage|p1a: Bombirdier|36\/100\n|\n|-weather|RainDance|[upkeep]\n|upkeep\n|turn|6\n|\n|t:|1699497686\n|move|p1a: Bombirdier|Knock Off|p2a: Power Bottom\n|-supereffective|p2a: Power Bottom\n|-damage|p2a: Power Bottom|0 fnt\n|faint|p2a: Power Bottom\n|\n|-weather|RainDance|[upkeep]\n|upkeep\n|\n|t:|1699497689\n|switch|p2a: Mammoth Dong|Mamoswine, F|91\/100\n|turn|7\n|\n|t:|1699497735\n|switch|p1a: Ferrothorn|Ferrothorn, F|100\/100\n|move|p2a: Mammoth Dong|Ice Shard|p1a: Ferrothorn\n|-damage|p1a: Ferrothorn|83\/100\n|-damage|p2a: Mammoth Dong|81\/100|[from] item: Life Orb\n|\n|-weather|RainDance|[upkeep]\n|-heal|p1a: Ferrothorn|89\/100|[from] item: Leftovers\n|upkeep\n|turn|8\n|\n|t:|1699497746\n|switch|p2a: Christian Bale|Gliscor, M|100\/100\n|move|p1a: Ferrothorn|Leech Seed|p2a: Christian Bale\n|-start|p2a: Christian Bale|move: Leech Seed\n|\n|-weather|none\n|-heal|p1a: Ferrothorn|95\/100|[from] item: Leftovers\n|-damage|p2a: Christian Bale|88\/100|[from] Leech Seed|[of] p1a: Ferrothorn\n|-heal|p1a: Ferrothorn|100\/100|[silent]\n|-status|p2a: Christian Bale|tox|[from] item: Toxic Orb\n|upkeep\n|turn|9\n|\n|t:|1699497760\n|move|p2a: Christian Bale|U-turn|p1a: Ferrothorn\n|-damage|p1a: Ferrothorn|91\/100\n|-damage|p2a: Christian Bale|76\/100 tox|[from] ability: Iron Barbs|[of] p1a: Ferrothorn\n|\n|t:|1699497763\n|switch|p2a: Snow Miser|Abomasnow, F|100\/100|[from] U-turn\n|-weather|Snow|[from] ability: Snow Warning|[of] p2a: Snow Miser\n|move|p1a: Ferrothorn|Body Press|p2a: Snow Miser\n|-supereffective|p2a: Snow Miser\n|-damage|p2a: Snow Miser|71\/100\n|\n|-weather|Snow|[upkeep]\n|-heal|p2a: Snow Miser|77\/100|[from] item: Leftovers\n|-heal|p1a: Ferrothorn|97\/100|[from] item: Leftovers\n|upkeep\n|turn|10\n|\n|t:|1699497774\n|move|p2a: Snow Miser|Hidden Power|p1a: Ferrothorn\n|-supereffective|p1a: Ferrothorn\n|-damage|p1a: Ferrothorn|52\/100\n|move|p1a: Ferrothorn|Stealth Rock|p2a: Snow Miser\n|-sidestart|p2: Dropkickoctopus|move: Stealth Rock\n|\n|-weather|Snow|[upkeep]\n|-heal|p2a: Snow Miser|83\/100|[from] item: Leftovers\n|-heal|p1a: Ferrothorn|58\/100|[from] item: Leftovers\n|upkeep\n|turn|11\n|\n|t:|1699497786\n|move|p2a: Snow Miser|Hidden Power|p1a: Ferrothorn\n|-supereffective|p1a: Ferrothorn\n|-damage|p1a: Ferrothorn|14\/100\n|move|p1a: Ferrothorn|Body Press|p2a: Snow Miser\n|-supereffective|p2a: Snow Miser\n|-damage|p2a: Snow Miser|53\/100\n|\n|-weather|Snow|[upkeep]\n|-heal|p2a: Snow Miser|59\/100|[from] item: Leftovers\n|-heal|p1a: Ferrothorn|20\/100|[from] item: Leftovers\n|upkeep\n|turn|12\n|\n|t:|1699497802\n|move|p1a: Ferrothorn|Protect|p1a: Ferrothorn\n|-singleturn|p1a: Ferrothorn|Protect\n|move|p2a: Snow Miser|Hidden Power|p1a: Ferrothorn\n|-activate|p1a: Ferrothorn|move: Protect\n|\n|-weather|Snow|[upkeep]\n|-heal|p2a: Snow Miser|66\/100|[from] item: Leftovers\n|-heal|p1a: Ferrothorn|26\/100|[from] item: Leftovers\n|upkeep\n|turn|13\n|\n|t:|1699497813\n|move|p2a: Snow Miser|Hidden Power|p1a: Ferrothorn\n|-supereffective|p1a: Ferrothorn\n|-damage|p1a: Ferrothorn|0 fnt\n|faint|p1a: Ferrothorn\n|\n|-weather|none\n|-heal|p2a: Snow Miser|72\/100|[from] item: Leftovers\n|upkeep\n|\n|t:|1699497817\n|switch|p1a: Pelipper|Pelipper, M|100\/100\n|-weather|RainDance|[from] ability: Drizzle|[of] p1a: Pelipper\n|turn|14\n|\n|t:|1699497822\n|move|p1a: Pelipper|Hurricane|p2a: Snow Miser\n|-supereffective|p2a: Snow Miser\n|-damage|p2a: Snow Miser|0 fnt\n|faint|p2a: Snow Miser\n|\n|-weather|RainDance|[upkeep]\n|upkeep\n|\n|t:|1699497828\n|switch|p2a: Mammoth Dong|Mamoswine, F|81\/100\n|-damage|p2a: Mammoth Dong|68\/100|[from] Stealth Rock\n|turn|15\n|\n|t:|1699497837\n|move|p2a: Mammoth Dong|Knock Off|p1a: Pelipper\n|-damage|p1a: Pelipper|54\/100\n|-enditem|p1a: Pelipper|Choice Specs|[from] move: Knock Off|[of] p2a: Mammoth Dong\n|-damage|p2a: Mammoth Dong|58\/100|[from] item: Life Orb\n|move|p1a: Pelipper|Hurricane|p2a: Mammoth Dong\n|-damage|p2a: Mammoth Dong|0 fnt\n|faint|p2a: Mammoth Dong\n|\n|-weather|RainDance|[upkeep]\n|upkeep\n|\n|t:|1699497840\n|switch|p2a: Christian Bale|Gliscor, M|76\/100 tox\n|-damage|p2a: Christian Bale|63\/100 tox|[from] Stealth Rock\n|turn|16\n|\n|t:|1699497846\n|move|p2a: Christian Bale|Stealth Rock|p1a: Pelipper\n|-sidestart|p1: Dragonplanet|move: Stealth Rock\n|move|p1a: Pelipper|Ice Beam|p2a: Christian Bale\n|-supereffective|p2a: Christian Bale\n|-damage|p2a: Christian Bale|0 fnt\n|faint|p2a: Christian Bale\n|\n|-weather|RainDance|[upkeep]\n|upkeep\n|\n|t:|1699497850\n|switch|p2a: Captain Hentei|Tentacruel, M, shiny|100\/100\n|-damage|p2a: Captain Hentei|88\/100|[from] Stealth Rock\n|turn|17\n|\n|t:|1699497856\n|move|p2a: Captain Hentei|Haze|p2a: Captain Hentei\n|-clearallboost\n|move|p1a: Pelipper|Hurricane|p2a: Captain Hentei\n|-damage|p2a: Captain Hentei|57\/100\n|\n|-weather|RainDance|[upkeep]\n|-heal|p2a: Captain Hentei|63\/100|[from] ability: Rain Dish\n|-heal|p2a: Captain Hentei|69\/100|[from] item: Black Sludge\n|upkeep\n|turn|18\n|\n|t:|1699497864\n|move|p2a: Captain Hentei|Haze|p2a: Captain Hentei\n|-clearallboost\n|move|p1a: Pelipper|Hurricane|p2a: Captain Hentei\n|-damage|p2a: Captain Hentei|38\/100\n|\n|-weather|none\n|-heal|p2a: Captain Hentei|44\/100|[from] item: Black Sludge\n|upkeep\n|turn|19\n|\n|t:|1699497883\n|move|p2a: Captain Hentei|Haze|p2a: Captain Hentei\n|-clearallboost\n|move|p1a: Pelipper|U-turn|p2a: Captain Hentei\n|-resisted|p2a: Captain Hentei\n|-damage|p2a: Captain Hentei|38\/100\n|\n|t:|1699497900\n|switch|p1a: Bombirdier|Bombirdier, F, shiny|36\/100|[from] U-turn\n|-damage|p1a: Bombirdier|11\/100|[from] Stealth Rock\n|\n|-heal|p2a: Captain Hentei|44\/100|[from] item: Black Sludge\n|upkeep\n|turn|20\n|\n|t:|1699497907\n|move|p1a: Bombirdier|Knock Off|p2a: Captain Hentei\n|-damage|p2a: Captain Hentei|0 fnt\n|-enditem|p2a: Captain Hentei|Black Sludge|[from] move: Knock Off|[of] p1a: Bombirdier\n|faint|p2a: Captain Hentei\n|\n|win|Dragonplanet\n|l|\u2606Dragonplanet\n","uploadtime":1699497915,"views":32,"p1id":"dragonplanet","p2id":"dropkickoctopus","formatid":"gen9nationaldexubers","rating":0,"private":0,"password":""}