{"id":"gen9nationaldexubers-1982772038","p1":"Bug Maniac Swaggy","p2":"EeveeGirlStar","format":"[Gen 9] National Dex Ubers","log":"|j|\u2606Bug Maniac Swaggy\n|j|\u2606EeveeGirlStar\n|t:|1699043394\n|gametype|singles\n|player|p1|Bug Maniac Swaggy|whitney|\n|player|p2|EeveeGirlStar|elaine|\n|teamsize|p1|6\n|teamsize|p2|6\n|gen|9\n|tier|[Gen 9] National Dex Ubers\n|rule|HP Percentage Mod: HP is shown in percentages\n|rule|Endless Battle Clause: Forcing endless battles is banned\n|rule|OHKO Clause: OHKO moves are banned\n|rule|Evasion Moves Clause: Evasion moves are banned\n|rule|Evasion Items Clause: Evasion items are banned\n|rule|Species Clause: Limit one of each Pok\u00e9mon\n|rule|Sleep Clause Mod: Limit one foe put to sleep\n|rule|Mega Rayquaza Clause: You cannot mega evolve Rayquaza\n|clearpoke\n|poke|p1|Araquanid, M|\n|poke|p1|Forretress, M|\n|poke|p1|Scizor, F|\n|poke|p1|Buzzwole|\n|poke|p1|Volcarona, F|\n|poke|p1|Galvantula, M|\n|poke|p2|Reuniclus, M|\n|poke|p2|Sandy Shocks|\n|poke|p2|Tornadus-Therian, M|\n|poke|p2|Kommo-o, F|\n|poke|p2|Sinistcha|\n|poke|p2|Lopunny, M|\n|teampreview\n|c|\u2606EeveeGirlStar|glhf\n|c|\u2606Bug Maniac Swaggy|u2!'\n|c|\u2606Bug Maniac Swaggy|is your tera also water sinistcha?\n|j| notastalecookie\n|c|\u2606EeveeGirlStar|no\n|c|\u2606EeveeGirlStar|fairy reuinaclus\n|j| Astro Rifk\n|j| ArcticIzagi\n|c|\u2606Bug Maniac Swaggy|oh ok\n|j| Destinum\n|j| SkechiArt\n|c| ArcticIzagi|oh the reuniclus\n|c|\u2606EeveeGirlStar|:)\n|c|\u2606Bug Maniac Swaggy|reu is goated dont underestimate it\n|j| AhiruChan\n|c| Astro Rifk|yooooo\n|c| Astro Rifk|kommo-o\n|c| Astro Rifk|based\n|c| ArcticIzagi|I am not at all underestimating it\n|c| AhiruChan|Go swaggy go!\n|c| ArcticIzagi|Let's go swaggy\n|\n|t:|1699043500\n|start\n|switch|p1a: Fissure|Forretress, M|100\/100\n|switch|p2a: Closer|Lopunny, M|100\/100\n|turn|1\n|\n|t:|1699043513\n|detailschange|p2a: Closer|Lopunny-Mega, M\n|-mega|p2a: Closer|Lopunny|Lopunnite\n|move|p2a: Closer|Fake Out|p1a: Fissure\n|-resisted|p1a: Fissure\n|-damage|p1a: Fissure|95\/100\n|cant|p1a: Fissure|flinch\n|\n|upkeep\n|turn|2\n|\n|t:|1699043518\n|move|p2a: Closer|U-turn|p1a: Fissure\n|-resisted|p1a: Fissure\n|-damage|p1a: Fissure|88\/100\n|\n|t:|1699043522\n|switch|p2a: Beyond|Tornadus-Therian, M|100\/100|[from] U-turn\n|move|p1a: Fissure|Stealth Rock|p2a: Beyond\n|-sidestart|p2: EeveeGirlStar|move: Stealth Rock\n|\n|upkeep\n|turn|3\n|\n|t:|1699043531\n|move|p2a: Beyond|Heat Wave|p1a: Fissure\n|-supereffective|p1a: Fissure\n|-damage|p1a: Fissure|0 fnt\n|faint|p1a: Fissure\n|\n|upkeep\n|j| IncandescentCandle\n|c| AhiruChan|Oi!\n|\n|t:|1699043584\n|switch|p1a: Juggernaut|Buzzwole|100\/100\n|turn|4\n|\n|t:|1699043591\n|switch|p2a: Love With Pride|Kommo-o, F|100\/100\n|-damage|p2a: Love With Pride|94\/100|[from] Stealth Rock\n|move|p1a: Juggernaut|Stone Edge|p2a: Love With Pride\n|-resisted|p2a: Love With Pride\n|-damage|p2a: Love With Pride|76\/100\n|\n|upkeep\n|turn|5\n|c|\u2606EeveeGirlStar|nice scarf stone edge\n|c|\u2606Bug Maniac Swaggy|NUH UHH\n|c|\u2606Bug Maniac Swaggy|im uh\n|c| IncandescentCandle|how do i getttt to youuuu againnn\n|c| Astro Rifk|how do i gettt to youuuu againnnn\n|c| SkechiArt|cloak\n|c|\u2606Bug Maniac Swaggy|tm37\n|c|\u2606Bug Maniac Swaggy|ofc\n|c| IncandescentCandle|LMAO\n|c| Astro Rifk|LOL\n|c| Astro Rifk|hm\n|c|\u2606EeveeGirlStar|I\u2019m sorry there\u2019s NO WAY this thing comes out like that w\/o being scarf stone edge\n|c| SkechiArt|overheat buzzwole <3\n|c| Destinum|Scales are about to Clang.\n|\n|t:|1699043636\n|switch|p1a: River of Despair|Araquanid, M|100\/100\n|-zpower|p2a: Love With Pride\n|move|p2a: Love With Pride|Clangorous Soulblaze|p1a: River of Despair|[zeffect]\n|-damage|p1a: River of Despair|56\/100\n|-boost|p2a: Love With Pride|atk|1\n|-boost|p2a: Love With Pride|def|1\n|-boost|p2a: Love With Pride|spa|1\n|-boost|p2a: Love With Pride|spd|1\n|-boost|p2a: Love With Pride|spe|1\n|\n|upkeep\n|turn|6\n|\n|t:|1699043651\n|move|p2a: Love With Pride|Boomburst|p1a: River of Despair\n|-damage|p1a: River of Despair|19\/100\n|move|p1a: River of Despair|Toxic|p2a: Love With Pride\n|-status|p2a: Love With Pride|tox\n|\n|-damage|p2a: Love With Pride|70\/100 tox|[from] psn\n|upkeep\n|turn|7\n|c| Astro Rifk|no taunt :pensive cowboy:\n|c| AhiruChan|Use hyper beam!\n|c|\u2606EeveeGirlStar|YEAHHH\n|c|\u2606EeveeGirlStar|HYPER BEAM\n|c|\u2606Bug Maniac Swaggy|hyper beam would go crazy\n|c|\u2606EeveeGirlStar|it would Fr\n|\n|t:|1699043697\n|move|p2a: Love With Pride|Boomburst|p1a: River of Despair\n|-damage|p1a: River of Despair|0 fnt\n|faint|p1a: River of Despair\n|\n|-damage|p2a: Love With Pride|58\/100 tox|[from] psn\n|upkeep\n|c| Astro Rifk|thatd be something id bring\n|c|\u2606EeveeGirlStar|do it\n|c| AhiruChan|Pride flag it\n|c| Astro Rifk|\"i brought hyper beam kommo-o to a tournament: what happens next will shock you\"\n|c|\u2606EeveeGirlStar|\u201c(not clickbait!!!!!)\u201d\n|\n|t:|1699043754\n|switch|p1a: Morning Star|Volcarona, F|100\/100\n|turn|8\n|\n|t:|1699043758\n|move|p2a: Love With Pride|Clanging Scales|p1a: Morning Star\n|-damage|p1a: Morning Star|32\/100\n|-unboost|p2a: Love With Pride|def|1\n|move|p1a: Morning Star|Quiver Dance|p1a: Morning Star\n|-boost|p1a: Morning Star|spa|1\n|-boost|p1a: Morning Star|spd|1\n|-boost|p1a: Morning Star|spe|1\n|\n|-damage|p2a: Love With Pride|39\/100 tox|[from] psn\n|upkeep\n|turn|9\n|c| AhiruChan|Go bugsy go!\n|c| SkechiArt|normally\n|c| SkechiArt|i would hype of swaggy\n|c| Astro Rifk|normally\n|c| SkechiArt|but\n|\n|t:|1699043809\n|move|p1a: Morning Star|Fiery Dance|p2a: Love With Pride\n|-resisted|p2a: Love With Pride\n|-damage|p2a: Love With Pride|15\/100 tox\n|move|p2a: Love With Pride|Clanging Scales|p1a: Morning Star\n|-damage|p1a: Morning Star|0 fnt\n|faint|p1a: Morning Star\n|-unboost|p2a: Love With Pride|def|1\n|\n|-damage|p2a: Love With Pride|0 fnt|[from] psn\n|faint|p2a: Love With Pride\n|upkeep\n|c| SkechiArt|fuck whitney\n|c| IncandescentCandle|how do i get to you again\n|c| Astro Rifk|lets gooo\n|c| Astro Rifk|the goat gamed\n|\n|t:|1699043828\n|switch|p1a: Stargazer|Galvantula, M|100\/100\n|switch|p2a: Closer|Lopunny-Mega, M|100\/100\n|-damage|p2a: Closer|95\/100|[from] Stealth Rock\n|turn|10\n|c| AhiruChan|3v5\n|c| AhiruChan|3v5\n|\n|t:|1699043838\n|switch|p1a: Juggernaut|Buzzwole|100\/100\n|move|p2a: Closer|Fake Out|p1a: Juggernaut\n|-damage|p1a: Juggernaut|86\/100\n|\n|upkeep\n|turn|11\n|c| Destinum|Believe in the mosquito.\n|\n|t:|1699043848\n|switch|p2a: Expiration Date|Sinistcha|100\/100\n|-damage|p2a: Expiration Date|88\/100|[from] Stealth Rock\n|move|p1a: Juggernaut|Ice Punch|p2a: Expiration Date\n|-supereffective|p2a: Expiration Date\n|-damage|p2a: Expiration Date|44\/100\n|\n|-heal|p2a: Expiration Date|50\/100|[from] item: Leftovers\n|upkeep\n|turn|12\n|c| IncandescentCandle|sinistcha carrying in the bug mu !?\n|c|\u2606EeveeGirlStar|crit freeze lol\n|c| AhiruChan|Kill it!!!\n|c| SkechiArt|sinistcha is peak pokemon\n|c|\u2606EeveeGirlStar|^ so true\n|c|\u2606Bug Maniac Swaggy|real\n|c| AhiruChan|Fuck sinistria\n|c| AhiruChan|Sinistcha*\n|\n|t:|1699043904\n|switch|p1a: Stargazer|Galvantula, M|100\/100\n|move|p2a: Expiration Date|Strength Sap|p1a: Stargazer\n|-unboost|p1a: Stargazer|atk|1\n|-heal|p2a: Expiration Date|92\/100\n|\n|-heal|p2a: Expiration Date|98\/100|[from] item: Leftovers\n|upkeep\n|turn|13\n|c| Astro Rifk|spill sijista\n|c| Astro Rifk|sinistcha\n|c| IncandescentCandle|most right ahiru opinion\n|\n|t:|1699043911\n|move|p1a: Stargazer|Bug Buzz|p2a: Expiration Date\n|-damage|p2a: Expiration Date|30\/100\n|move|p2a: Expiration Date|Calm Mind|p2a: Expiration Date\n|-boost|p2a: Expiration Date|spa|1\n|-boost|p2a: Expiration Date|spd|1\n|\n|-heal|p2a: Expiration Date|36\/100|[from] item: Leftovers\n|upkeep\n|turn|14\n|c| AhiruChan|YEHHH BUG BUZZ THAT MF\n|c| SkechiArt|athy i will kill you\n|c| SkechiArt|fr\n|c| IncandescentCandle|most right is sarcasm\n|\n|t:|1699043931\n|move|p1a: Stargazer|Bug Buzz|p2a: Expiration Date\n|-damage|p2a: Expiration Date|0 fnt\n|faint|p2a: Expiration Date\n|\n|upkeep\n|c| SkechiArt|ah\n|c| SkechiArt|sinistcha is the goat\n|\n|t:|1699043949\n|switch|p2a: ThereIsADarkness|Reuniclus, M|100\/100\n|turn|15\n|\n|t:|1699043963\n|switch|p1a: Revelations 13-1|Scizor, F|100\/100\n|-terastallize|p2a: ThereIsADarkness|Fairy\n|move|p2a: ThereIsADarkness|Acid Armor|p2a: ThereIsADarkness\n|-boost|p2a: ThereIsADarkness|def|2\n|\n|upkeep\n|turn|16\n|c| AhiruChan|I hate everything with strength sap tbh.\n|c| AhiruChan|Crit\n|\n|t:|1699043978\n|switch|p2a: Orbit|Sandy Shocks|100\/100\n|-damage|p2a: Orbit|94\/100|[from] Stealth Rock\n|detailschange|p1a: Revelations 13-1|Scizor-Mega, F\n|-mega|p1a: Revelations 13-1|Scizor|Scizorite\n|move|p1a: Revelations 13-1|Swords Dance|p1a: Revelations 13-1\n|-boost|p1a: Revelations 13-1|atk|2\n|\n|upkeep\n|turn|17\n|c| SkechiArt|tbh\n|c| SkechiArt|give ogrepon strength sap\n|\n|t:|1699044002\n|move|p2a: Orbit|Thunderbolt|p1a: Revelations 13-1\n|-crit|p1a: Revelations 13-1\n|-damage|p1a: Revelations 13-1|31\/100\n|move|p1a: Revelations 13-1|Knock Off|p2a: Orbit\n|-damage|p2a: Orbit|0 fnt\n|-enditem|p2a: Orbit|Choice Scarf|[from] move: Knock Off|[of] p1a: Revelations 13-1\n|faint|p2a: Orbit\n|-end|p2a: Orbit|Protosynthesis|[silent]\n|\n|upkeep\n|c|\u2606EeveeGirlStar|ye\n|\n|t:|1699044011\n|switch|p2a: Closer|Lopunny-Mega, M|95\/100\n|-damage|p2a: Closer|89\/100|[from] Stealth Rock\n|turn|18\n|\n|t:|1699044016\n|move|p1a: Revelations 13-1|Bullet Punch|p2a: Closer\n|-damage|p2a: Closer|0 fnt\n|faint|p2a: Closer\n|\n|upkeep\n|c|\u2606EeveeGirlStar|nah if fucked\n|\n|t:|1699044021\n|switch|p2a: Beyond|Tornadus-Therian, M|100\/100\n|-damage|p2a: Beyond|75\/100|[from] Stealth Rock\n|turn|19\n|c| AhiruChan|I will commit first degree murder on a gf employee if ogerpon get that\n|c|\u2606EeveeGirlStar|im\n|c| AhiruChan|Go swaggy!\n|\n|t:|1699044030\n|move|p1a: Revelations 13-1|Bullet Punch|p2a: Beyond\n|-damage|p2a: Beyond|0 fnt\n|faint|p2a: Beyond\n|\n|upkeep\n|\n|t:|1699044033\n|switch|p2a: ThereIsADarkness|Reuniclus, M, tera:Fairy|100\/100\n|turn|20\n|\n|t:|1699044037\n|move|p1a: Revelations 13-1|Bullet Punch|p2a: ThereIsADarkness\n|-supereffective|p2a: ThereIsADarkness\n|-damage|p2a: ThereIsADarkness|0 fnt\n|faint|p2a: ThereIsADarkness\n|\n|win|Bug Maniac Swaggy\n|c|\u2606EeveeGirlStar|ggs\n|c| IncandescentCandle|revelations 13-1\n|c|\u2606Bug Maniac Swaggy|ggs\n","uploadtime":1699044045,"views":17,"p1id":"bugmaniacswaggy","p2id":"eeveegirlstar","formatid":"gen9nationaldexubers","rating":0,"private":0,"password":""}