{"id":"gen9nationaldexubers-1979499801","p1":"Dark Zerzes","p2":"De1ff","format":"[Gen 9] National Dex Ubers","log":"|j|\u2606Dark Zerzes\n|j|\u2606De1ff\n|t:|1698687534\n|gametype|singles\n|player|p1|Dark Zerzes|grimsley|\n|player|p2|De1ff|fisherman-gen4|\n|teamsize|p1|6\n|teamsize|p2|6\n|gen|9\n|tier|[Gen 9] National Dex Ubers\n|rule|HP Percentage Mod: HP is shown in percentages\n|rule|Endless Battle Clause: Forcing endless battles is banned\n|rule|OHKO Clause: OHKO moves are banned\n|rule|Evasion Moves Clause: Evasion moves are banned\n|rule|Evasion Items Clause: Evasion items are banned\n|rule|Species Clause: Limit one of each Pok\u00e9mon\n|rule|Sleep Clause Mod: Limit one foe put to sleep\n|rule|Mega Rayquaza Clause: You cannot mega evolve Rayquaza\n|clearpoke\n|poke|p1|Galvantula, M|\n|poke|p1|Crobat, F|\n|poke|p1|Mimikyu, M|\n|poke|p1|Toxapex, M|\n|poke|p1|Houndoom, F|\n|poke|p1|Doublade, F|\n|poke|p2|Gliscor, M|\n|poke|p2|Toxapex, F|\n|poke|p2|Gengar, M|\n|poke|p2|Mimikyu, F|\n|poke|p2|Galvantula, F|\n|poke|p2|Chandelure, M|\n|teampreview\n|c|\u2606De1ff|Ahha\n|c|\u2606De1ff|Jetzt\n|c|\u2606Dark Zerzes|Glhf\n|c|\u2606De1ff|Glhf\n|c|\u2606Dark Zerzes|Bin bereit f\u00fcr meine zerst\u00f6rung\n|c|\u2606De1ff|xd\n|\n|t:|1698687623\n|start\n|switch|p1a: Elektra Spider|Galvantula, M|100\/100\n|switch|p2a: Gengar|Gengar, M|100\/100\n|turn|1\n|\n|t:|1698687643\n|move|p2a: Gengar|Shadow Ball|p1a: Elektra Spider\n|-damage|p1a: Elektra Spider|27\/100\n|move|p1a: Elektra Spider|Thunder Wave|p2a: Gengar\n|-status|p2a: Gengar|par\n|\n|upkeep\n|turn|2\n|\n|t:|1698687690\n|move|p1a: Elektra Spider|Thunder|p2a: Gengar\n|-damage|p2a: Gengar|20\/100 par\n|-start|p1a: Elektra Spider|Disable|Thunder|[from] ability: Cursed Body|[of] p2a: Gengar\n|move|p2a: Gengar|Shadow Ball|p1a: Elektra Spider\n|-damage|p1a: Elektra Spider|0 fnt\n|faint|p1a: Elektra Spider\n|\n|upkeep\n|\n|t:|1698687717\n|switch|p1a: Night Slayer|Crobat, F, shiny|100\/100\n|turn|3\n|\n|t:|1698687757\n|switch|p2a: Toxapex|Toxapex, F, shiny|100\/100\n|move|p1a: Night Slayer|Acrobatics|p2a: Toxapex\n|-damage|p2a: Toxapex|84\/100\n|\n|upkeep\n|turn|4\n|\n|t:|1698687795\n|switch|p1a: I am very TOXIC!|Toxapex, M|100\/100\n|move|p2a: Toxapex|Knock Off|p1a: I am very TOXIC!\n|-damage|p1a: I am very TOXIC!|76\/100\n|-enditem|p1a: I am very TOXIC!|Grip Claw|[from] move: Knock Off|[of] p2a: Toxapex\n|\n|upkeep\n|turn|5\n|\n|t:|1698687832\n|switch|p2a: Galvantula|Galvantula, F, shiny|100\/100\n|move|p1a: I am very TOXIC!|Infestation|p2a: Galvantula\n|-damage|p2a: Galvantula|97\/100\n|-activate|p2a: Galvantula|move: Infestation|[of] p1a: I am very TOXIC!\n|\n|-damage|p2a: Galvantula|84\/100|[from] move: Infestation|[partiallytrapped]\n|upkeep\n|turn|6\n|\n|t:|1698687852\n|move|p1a: I am very TOXIC!|Baneful Bunker|p1a: I am very TOXIC!\n|-singleturn|p1a: I am very TOXIC!|move: Protect\n|move|p2a: Galvantula|Sticky Web|p1a: I am very TOXIC!\n|-sidestart|p1: Dark Zerzes|move: Sticky Web\n|\n|-damage|p2a: Galvantula|72\/100|[from] move: Infestation|[partiallytrapped]\n|upkeep\n|turn|7\n|\n|t:|1698687866\n|move|p2a: Galvantula|Thunder|p1a: I am very TOXIC!\n|-supereffective|p1a: I am very TOXIC!\n|-damage|p1a: I am very TOXIC!|28\/100\n|-status|p1a: I am very TOXIC!|par\n|move|p1a: I am very TOXIC!|Recover|p1a: I am very TOXIC!\n|-heal|p1a: I am very TOXIC!|78\/100 par\n|\n|-damage|p2a: Galvantula|60\/100|[from] move: Infestation|[partiallytrapped]\n|upkeep\n|turn|8\n|\n|t:|1698687879\n|move|p1a: I am very TOXIC!|Baneful Bunker|p1a: I am very TOXIC!\n|-singleturn|p1a: I am very TOXIC!|move: Protect\n|move|p2a: Galvantula|Thunder|p1a: I am very TOXIC!\n|-activate|p1a: I am very TOXIC!|move: Protect\n|\n|-damage|p2a: Galvantula|47\/100|[from] move: Infestation|[partiallytrapped]\n|upkeep\n|turn|9\n|\n|t:|1698687931\n|switch|p1a: Soul Blade's|Doublade, F, shiny|100\/100\n|-activate|p1a: Soul Blade's|move: Sticky Web\n|-unboost|p1a: Soul Blade's|spe|1\n|move|p2a: Galvantula|Thunder|p1a: Soul Blade's\n|-damage|p1a: Soul Blade's|64\/100\n|\n|-end|p2a: Galvantula|Infestation|[partiallytrapped]\n|upkeep\n|turn|10\n|\n|t:|1698687965\n|move|p1a: Soul Blade's|Shadow Sneak|p2a: Galvantula\n|-damage|p2a: Galvantula|15\/100\n|move|p2a: Galvantula|Thunder|p1a: Soul Blade's\n|-damage|p1a: Soul Blade's|26\/100\n|\n|upkeep\n|turn|11\n|\n|t:|1698687989\n|switch|p2a: Toxapex|Toxapex, F, shiny|100\/100\n|move|p1a: Soul Blade's|Shadow Sneak|p2a: Toxapex\n|-damage|p2a: Toxapex|85\/100\n|\n|upkeep\n|turn|12\n|\n|t:|1698688010\n|move|p2a: Toxapex|Knock Off|p1a: Soul Blade's\n|-supereffective|p1a: Soul Blade's\n|-damage|p1a: Soul Blade's|0 fnt\n|-enditem|p1a: Soul Blade's|Eviolite|[from] move: Knock Off|[of] p2a: Toxapex\n|faint|p1a: Soul Blade's\n|\n|upkeep\n|\n|t:|1698688017\n|switch|p1a: Lord of Doom|Houndoom, F|100\/100\n|-ability|p1a: Lord of Doom|Unnerve\n|-activate|p1a: Lord of Doom|move: Sticky Web\n|-unboost|p1a: Lord of Doom|spe|1\n|turn|13\n|\n|t:|1698688049\n|move|p1a: Lord of Doom|Nasty Plot|p1a: Lord of Doom\n|-boost|p1a: Lord of Doom|spa|2\n|move|p2a: Toxapex|Knock Off|p1a: Lord of Doom\n|-resisted|p1a: Lord of Doom\n|-damage|p1a: Lord of Doom|66\/100\n|-enditem|p1a: Lord of Doom|Life Orb|[from] move: Knock Off|[of] p2a: Toxapex\n|\n|upkeep\n|turn|14\n|\n|t:|1698688087\n|switch|p2a: Galvantula|Galvantula, F, shiny|15\/100\n|move|p1a: Lord of Doom|Dark Pulse|p2a: Galvantula\n|-damage|p2a: Galvantula|0 fnt\n|faint|p2a: Galvantula\n|\n|upkeep\n|\n|t:|1698688109\n|switch|p2a: Gliscor|Gliscor, M|100\/100\n|turn|15\n|\n|t:|1698688114\n|move|p2a: Gliscor|Earthquake|p1a: Lord of Doom\n|-supereffective|p1a: Lord of Doom\n|-damage|p1a: Lord of Doom|0 fnt\n|faint|p1a: Lord of Doom\n|\n|-status|p2a: Gliscor|tox|[from] item: Toxic Orb\n|upkeep\n|\n|t:|1698688126\n|switch|p1a: I am very TOXIC!|Toxapex, M|100\/100 par\n|-activate|p1a: I am very TOXIC!|move: Sticky Web\n|-unboost|p1a: I am very TOXIC!|spe|1\n|turn|16\n|\n|t:|1698688176\n|move|p2a: Gliscor|Stealth Rock|p1a: I am very TOXIC!\n|-sidestart|p1: Dark Zerzes|move: Stealth Rock\n|move|p1a: I am very TOXIC!|Infestation|p2a: Gliscor\n|-resisted|p2a: Gliscor\n|-damage|p2a: Gliscor|99\/100 tox\n|-activate|p2a: Gliscor|move: Infestation|[of] p1a: I am very TOXIC!\n|\n|-heal|p2a: Gliscor|100\/100 tox|[from] ability: Poison Heal\n|-damage|p2a: Gliscor|88\/100 tox|[from] move: Infestation|[partiallytrapped]\n|upkeep\n|turn|17\n|\n|t:|1698688196\n|move|p2a: Gliscor|Earthquake|p1a: I am very TOXIC!\n|-supereffective|p1a: I am very TOXIC!\n|-damage|p1a: I am very TOXIC!|56\/100 par\n|move|p1a: I am very TOXIC!|Recover|p1a: I am very TOXIC!\n|-heal|p1a: I am very TOXIC!|100\/100 par\n|\n|-heal|p2a: Gliscor|100\/100 tox|[from] ability: Poison Heal\n|-damage|p2a: Gliscor|88\/100 tox|[from] move: Infestation|[partiallytrapped]\n|upkeep\n|turn|18\n|\n|t:|1698688213\n|switch|p1a: Night Slayer|Crobat, F, shiny|100\/100\n|-damage|p1a: Night Slayer|76\/100|[from] Stealth Rock\n|move|p2a: Gliscor|U-turn|p1a: Night Slayer\n|-resisted|p1a: Night Slayer\n|-damage|p1a: Night Slayer|71\/100\n|\n|t:|1698688258\n|switch|p2a: Chandelure|Chandelure, M|100\/100|[from] U-turn\n|\n|upkeep\n|turn|19\n|\n|t:|1698688275\n|move|p1a: Night Slayer|Curse|p1a: Night Slayer\n|-unboost|p1a: Night Slayer|spe|1\n|-boost|p1a: Night Slayer|atk|1\n|-boost|p1a: Night Slayer|def|1\n|-enditem|p1a: Night Slayer|White Herb\n|-clearnegativeboost|p1a: Night Slayer|[silent]\n|move|p2a: Chandelure|Shadow Ball|p1a: Night Slayer\n|-damage|p1a: Night Slayer|0 fnt\n|faint|p1a: Night Slayer\n|\n|upkeep\n|\n|t:|1698688286\n|switch|p1a: Knuddelmonster|Mimikyu, M, shiny|100\/100\n|-activate|p1a: Knuddelmonster|move: Sticky Web\n|-unboost|p1a: Knuddelmonster|spe|1\n|-damage|p1a: Knuddelmonster|88\/100|[from] Stealth Rock\n|turn|20\n|\n|t:|1698688296\n|move|p2a: Chandelure|Shadow Ball|p1a: Knuddelmonster\n|-activate|p1a: Knuddelmonster|ability: Disguise\n|-damage|p1a: Knuddelmonster|88\/100\n|detailschange|p1a: Knuddelmonster|Mimikyu-Busted, M, shiny\n|-damage|p1a: Knuddelmonster|76\/100|[from] pokemon: Mimikyu-Busted\n|move|p1a: Knuddelmonster|Swords Dance|p1a: Knuddelmonster\n|-boost|p1a: Knuddelmonster|atk|2\n|\n|upkeep\n|turn|21\n|\n|t:|1698688308\n|move|p1a: Knuddelmonster|Shadow Sneak|p2a: Chandelure\n|-supereffective|p2a: Chandelure\n|-damage|p2a: Chandelure|17\/100\n|move|p2a: Chandelure|Shadow Ball|p1a: Knuddelmonster\n|-supereffective|p1a: Knuddelmonster\n|-damage|p1a: Knuddelmonster|0 fnt\n|faint|p1a: Knuddelmonster\n|\n|upkeep\n|\n|t:|1698688319\n|switch|p1a: I am very TOXIC!|Toxapex, M|100\/100 par\n|-activate|p1a: I am very TOXIC!|move: Sticky Web\n|-unboost|p1a: I am very TOXIC!|spe|1\n|-damage|p1a: I am very TOXIC!|88\/100 par|[from] Stealth Rock\n|turn|22\n|-message|Dark Zerzes forfeited.\n|\n|win|De1ff\n|l|\u2606Dark Zerzes\n|c|\u2606De1ff|gg\n","uploadtime":1698688342,"views":19,"p1id":"darkzerzes","p2id":"de1ff","formatid":"gen9nationaldexubers","rating":0,"private":0,"password":""}