{"id":"gen9nationaldexubers-1992544818","p1":"Irfanayan","p2":"hexagonereal","format":"[Gen 9] National Dex Ubers","log":"|j|\u2606Irfanayan\n|j|\u2606hexagonereal\n|t:|1700203034\n|gametype|singles\n|player|p1|Irfanayan|1|1635\n|player|p2|hexagonereal|cyrus|1589\n|teamsize|p1|6\n|teamsize|p2|6\n|gen|9\n|tier|[Gen 9] National Dex Ubers\n|rated|\n|rule|HP Percentage Mod: HP is shown in percentages\n|rule|Endless Battle Clause: Forcing endless battles is banned\n|rule|OHKO Clause: OHKO moves are banned\n|rule|Evasion Moves Clause: Evasion moves are banned\n|rule|Evasion Items Clause: Evasion items are banned\n|rule|Species Clause: Limit one of each Pok\u00e9mon\n|rule|Sleep Clause Mod: Limit one foe put to sleep\n|rule|Mega Rayquaza Clause: You cannot mega evolve Rayquaza\n|clearpoke\n|poke|p1|Groudon|\n|poke|p1|Xerneas-*|\n|poke|p1|Arceus|\n|poke|p1|Necrozma-Dusk-Mane|\n|poke|p1|Zygarde|\n|poke|p1|Deoxys-Attack|\n|poke|p2|Salamence, M|\n|poke|p2|Groudon|\n|poke|p2|Arceus-Dark|\n|poke|p2|Xerneas-*|\n|poke|p2|Ho-Oh|\n|poke|p2|Zacian-*|\n|teampreview\n|inactive|Battle timer is ON: inactive players will automatically lose when time's up. (requested by Irfanayan)\n|\n|t:|1700203049\n|start\n|switch|p1a: Deoxys|Deoxys-Attack|100\/100\n|switch|p2a: Ludarcis|Arceus-Dark|100\/100\n|-ability|p1a: Deoxys|Pressure\n|turn|1\n|\n|t:|1700203057\n|move|p1a: Deoxys|Low Kick|p2a: Ludarcis\n|-supereffective|p2a: Ludarcis\n|-damage|p2a: Ludarcis|22\/100\n|-damage|p1a: Deoxys|91\/100|[from] item: Life Orb\n|move|p2a: Ludarcis|Foul Play|p1a: Deoxys\n|-supereffective|p1a: Deoxys\n|-damage|p1a: Deoxys|0 fnt\n|faint|p1a: Deoxys\n|\n|upkeep\n|\n|t:|1700203068\n|switch|p1a: Arceus|Arceus|100\/100\n|turn|2\n|\n|t:|1700203073\n|move|p1a: Arceus|Extreme Speed|p2a: Ludarcis\n|-damage|p2a: Ludarcis|0 fnt\n|faint|p2a: Ludarcis\n|-damage|p1a: Arceus|91\/100|[from] item: Life Orb\n|\n|upkeep\n|\n|t:|1700203082\n|switch|p2a: Drake|Salamence, M|100\/100\n|-ability|p2a: Drake|Intimidate|boost\n|-unboost|p1a: Arceus|atk|1\n|turn|3\n|\n|t:|1700203097\n|detailschange|p2a: Drake|Salamence-Mega, M\n|-mega|p2a: Drake|Salamence|Salamencite\n|move|p2a: Drake|Dragon Dance|p2a: Drake\n|-boost|p2a: Drake|atk|1\n|-boost|p2a: Drake|spe|1\n|move|p1a: Arceus|Swords Dance|p1a: Arceus\n|-boost|p1a: Arceus|atk|2\n|\n|upkeep\n|turn|4\n|\n|t:|1700203107\n|move|p1a: Arceus|Extreme Speed|p2a: Drake\n|-damage|p2a: Drake|29\/100\n|-damage|p1a: Arceus|81\/100|[from] item: Life Orb\n|move|p2a: Drake|Frustration|p1a: Arceus\n|-damage|p1a: Arceus|0 fnt\n|faint|p1a: Arceus\n|\n|upkeep\n|\n|t:|1700203118\n|switch|p1a: Groudon|Groudon|100\/100\n|detailschange|p1a: Groudon|Groudon-Primal\n|-primal|p1a: Groudon|Red Orb\n|-weather|DesolateLand|[from] ability: Desolate Land|[of] p1a: Groudon\n|turn|5\n|\n|t:|1700203124\n|move|p2a: Drake|Earthquake|p1a: Groudon\n|-supereffective|p1a: Groudon\n|-damage|p1a: Groudon|36\/100\n|move|p1a: Groudon|Rock Slide|p2a: Drake\n|-supereffective|p2a: Drake\n|-damage|p2a: Drake|0 fnt\n|faint|p2a: Drake\n|\n|-weather|DesolateLand|[upkeep]\n|upkeep\n|\n|t:|1700203132\n|switch|p2a: Snoop Dog|Zacian-Crowned|100\/100\n|-ability|p2a: Snoop Dog|Intrepid Sword|boost\n|-boost|p2a: Snoop Dog|atk|1\n|turn|6\n|\n|t:|1700203137\n|move|p2a: Snoop Dog|Close Combat|p1a: Groudon\n|-damage|p1a: Groudon|0 fnt\n|-unboost|p2a: Snoop Dog|def|1\n|-unboost|p2a: Snoop Dog|spd|1\n|faint|p1a: Groudon\n|-weather|none\n|\n|upkeep\n|\n|t:|1700203146\n|switch|p1a: Zygarde|Zygarde|100\/100\n|turn|7\n|\n|t:|1700203152\n|-terastallize|p1a: Zygarde|Poison\n|move|p2a: Snoop Dog|Behemoth Blade|p1a: Zygarde\n|-damage|p1a: Zygarde|57\/100\n|move|p1a: Zygarde|Dragon Dance|p1a: Zygarde\n|-boost|p1a: Zygarde|atk|1\n|-boost|p1a: Zygarde|spe|1\n|\n|-heal|p1a: Zygarde|63\/100|[from] item: Leftovers\n|upkeep\n|turn|8\n|\n|t:|1700203169\n|move|p2a: Snoop Dog|Behemoth Blade|p1a: Zygarde\n|-crit|p1a: Zygarde\n|-damage|p1a: Zygarde|0 fnt\n|faint|p1a: Zygarde\n|\n|upkeep\n|\n|t:|1700203176\n|switch|p1a: Necrozma|Necrozma-Dusk-Mane|100\/100\n|turn|9\n|\n|t:|1700203185\n|move|p2a: Snoop Dog|Swords Dance|p2a: Snoop Dog\n|-boost|p2a: Snoop Dog|atk|2\n|move|p1a: Necrozma|Earth Power|p2a: Snoop Dog\n|-supereffective|p2a: Snoop Dog\n|-damage|p2a: Snoop Dog|16\/100\n|-unboost|p2a: Snoop Dog|spd|1\n|\n|upkeep\n|turn|10\n|\n|t:|1700203195\n|move|p2a: Snoop Dog|Close Combat|p1a: Necrozma\n|-damage|p1a: Necrozma|7\/100\n|-unboost|p2a: Snoop Dog|def|1\n|-unboost|p2a: Snoop Dog|spd|1\n|move|p1a: Necrozma|Earth Power|p2a: Snoop Dog\n|-supereffective|p2a: Snoop Dog\n|-damage|p2a: Snoop Dog|0 fnt\n|faint|p2a: Snoop Dog\n|\n|upkeep\n|\n|t:|1700203211\n|switch|p2a: Cardi B(ird)|Ho-Oh|100\/100\n|turn|11\n|\n|t:|1700203218\n|detailschange|p1a: Necrozma|Necrozma-Ultra\n|-burst|p1a: Necrozma|Necrozma|Ultranecrozium Z\n|move|p1a: Necrozma|Power Gem|p2a: Cardi B(ird)\n|-supereffective|p2a: Cardi B(ird)\n|-damage|p2a: Cardi B(ird)|26\/100\n|move|p2a: Cardi B(ird)|Sacred Fire|p1a: Necrozma\n|-resisted|p1a: Necrozma\n|-damage|p1a: Necrozma|0 fnt\n|faint|p1a: Necrozma\n|\n|upkeep\n|\n|t:|1700203229\n|switch|p1a: Xerneas|Xerneas|100\/100\n|-ability|p1a: Xerneas|Fairy Aura\n|turn|12\n|\n|t:|1700203234\n|move|p1a: Xerneas|Geomancy||[still]\n|-prepare|p1a: Xerneas|Geomancy\n|-enditem|p1a: Xerneas|Power Herb\n|-anim|p1a: Xerneas|Geomancy|p1a: Xerneas\n|-boost|p1a: Xerneas|spa|2\n|-boost|p1a: Xerneas|spd|2\n|-boost|p1a: Xerneas|spe|2\n|move|p2a: Cardi B(ird)|Toxic|p1a: Xerneas\n|-status|p1a: Xerneas|tox\n|\n|-damage|p1a: Xerneas|94\/100 tox|[from] psn\n|upkeep\n|turn|13\n|\n|t:|1700203251\n|switch|p2a: Lil Neas X|Xerneas|100\/100\n|-ability|p2a: Lil Neas X|Fairy Aura\n|move|p1a: Xerneas|Moonblast|p2a: Lil Neas X\n|-damage|p2a: Lil Neas X|0 fnt\n|faint|p2a: Lil Neas X\n|\n|-damage|p1a: Xerneas|82\/100 tox|[from] psn\n|upkeep\n|\n|t:|1700203255\n|switch|p2a: Cardi B(ird)|Ho-Oh|59\/100\n|turn|14\n|\n|t:|1700203266\n|move|p1a: Xerneas|Hidden Power|p2a: Cardi B(ird)\n|-supereffective|p2a: Cardi B(ird)\n|-damage|p2a: Cardi B(ird)|0 fnt\n|faint|p2a: Cardi B(ird)\n|\n|-damage|p1a: Xerneas|64\/100 tox|[from] psn\n|upkeep\n|\n|t:|1700203268\n|switch|p2a: Notorious D.O.N|Groudon|100\/100\n|detailschange|p2a: Notorious D.O.N|Groudon-Primal\n|-primal|p2a: Notorious D.O.N|Red Orb\n|-weather|DesolateLand|[from] ability: Desolate Land|[of] p2a: Notorious D.O.N\n|turn|15\n|\n|t:|1700203278\n|move|p1a: Xerneas|Moonblast|p2a: Notorious D.O.N\n|-resisted|p2a: Notorious D.O.N\n|-damage|p2a: Notorious D.O.N|27\/100\n|-unboost|p2a: Notorious D.O.N|spa|1\n|move|p2a: Notorious D.O.N|Precipice Blades|p1a: Xerneas\n|-damage|p1a: Xerneas|4\/100 tox\n|\n|-weather|DesolateLand|[upkeep]\n|-damage|p1a: Xerneas|0 fnt|[from] psn\n|faint|p1a: Xerneas\n|\n|win|hexagonereal\n|upkeep\n|raw|Irfanayan's rating: 1635 &rarr; <strong>1612<\/strong><br \/>(-23 for losing)\n|raw|hexagonereal's rating: 1589 &rarr; <strong>1612<\/strong><br \/>(+23 for winning)\n","uploadtime":1700203293,"views":10,"p1id":"irfanayan","p2id":"hexagonereal","formatid":"gen9nationaldexubers","rating":1612,"private":0,"password":""}