{"id":"gen9nationaldexubers-1984190929","p1":"aguinaldo124","p2":"Jamtu","format":"[Gen 9] National Dex Ubers","log":"|j|\u2606aguinaldo124\n|j|\u2606Jamtu\n|t:|1699228376\n|gametype|singles\n|player|p1|aguinaldo124|bruno|1166\n|player|p2|Jamtu|crasherwake|1234\n|teamsize|p1|6\n|teamsize|p2|6\n|gen|9\n|tier|[Gen 9] National Dex Ubers\n|rated|\n|rule|HP Percentage Mod: HP is shown in percentages\n|rule|Endless Battle Clause: Forcing endless battles is banned\n|rule|OHKO Clause: OHKO moves are banned\n|rule|Evasion Moves Clause: Evasion moves are banned\n|rule|Evasion Items Clause: Evasion items are banned\n|rule|Species Clause: Limit one of each Pok\u00e9mon\n|rule|Sleep Clause Mod: Limit one foe put to sleep\n|rule|Mega Rayquaza Clause: You cannot mega evolve Rayquaza\n|clearpoke\n|poke|p1|Kingdra, M|\n|poke|p1|Incineroar, F|\n|poke|p1|Grimmsnarl, M|\n|poke|p1|Ribombee, M|\n|poke|p1|Espathra, M|\n|poke|p1|Pyukumuku, M|\n|poke|p2|Houndoom, M|\n|poke|p2|Blacephalon|\n|poke|p2|Cinderace, M|\n|poke|p2|Rotom-Fan|\n|poke|p2|Zygarde|\n|poke|p2|Registeel|\n|teampreview\n|inactive|Battle timer is ON: inactive players will automatically lose when time's up. (requested by aguinaldo124)\n|\n|t:|1699228406\n|start\n|switch|p1a: Ribombee|Ribombee, M|100\/100\n|switch|p2a: Registeel|Registeel|100\/100\n|turn|1\n|\n|t:|1699228413\n|move|p1a: Ribombee|Sticky Web|p2a: Registeel\n|-sidestart|p2: Jamtu|move: Sticky Web\n|move|p2a: Registeel|Heavy Slam|p1a: Ribombee\n|-supereffective|p1a: Ribombee\n|-enditem|p1a: Ribombee|Focus Sash\n|-damage|p1a: Ribombee|1\/100\n|\n|upkeep\n|turn|2\n|\n|t:|1699228420\n|move|p1a: Ribombee|Stun Spore|p2a: Registeel|[miss]\n|-miss|p1a: Ribombee|p2a: Registeel\n|move|p2a: Registeel|Stealth Rock|p1a: Ribombee\n|-sidestart|p1: aguinaldo124|move: Stealth Rock\n|\n|upkeep\n|turn|3\n|\n|t:|1699228429\n|switch|p2a: Rotom|Rotom-Fan|100\/100\n|move|p1a: Ribombee|Stun Spore|p2a: Rotom\n|-immune|p2a: Rotom\n|\n|upkeep\n|turn|4\n|\n|t:|1699228435\n|move|p1a: Ribombee|Moonblast|p2a: Rotom\n|-damage|p2a: Rotom|61\/100\n|-unboost|p2a: Rotom|spa|1\n|move|p2a: Rotom|Volt Switch|p1a: Ribombee\n|-damage|p1a: Ribombee|0 fnt\n|faint|p1a: Ribombee\n|\n|t:|1699228445\n|switch|p2a: Registeel|Registeel|100\/100|[from] Volt Switch\n|-activate|p2a: Registeel|move: Sticky Web\n|-fail|p2a: Registeel|unboost|[from] ability: Clear Body|[of] p2a: Registeel\n|\n|upkeep\n|\n|t:|1699228453\n|switch|p1a: Grimmsnarl|Grimmsnarl, M|100\/100\n|-damage|p1a: Grimmsnarl|88\/100|[from] Stealth Rock\n|turn|5\n|\n|t:|1699228458\n|move|p1a: Grimmsnarl|Reflect|p1a: Grimmsnarl\n|-sidestart|p1: aguinaldo124|Reflect\n|move|p2a: Registeel|Heavy Slam|p1a: Grimmsnarl\n|-supereffective|p1a: Grimmsnarl\n|-damage|p1a: Grimmsnarl|61\/100\n|\n|upkeep\n|turn|6\n|\n|t:|1699228464\n|switch|p2a: Rotom|Rotom-Fan|61\/100\n|move|p1a: Grimmsnarl|Taunt|p2a: Rotom\n|-start|p2a: Rotom|move: Taunt\n|\n|upkeep\n|turn|7\n|\n|t:|1699228471\n|move|p1a: Grimmsnarl|Light Screen|p1a: Grimmsnarl\n|-sidestart|p1: aguinaldo124|move: Light Screen\n|move|p2a: Rotom|Volt Switch|p1a: Grimmsnarl\n|-damage|p1a: Grimmsnarl|52\/100\n|\n|t:|1699228475\n|switch|p2a: Blacephalon|Blacephalon|100\/100|[from] Volt Switch\n|-activate|p2a: Blacephalon|move: Sticky Web\n|-unboost|p2a: Blacephalon|spe|1\n|\n|upkeep\n|turn|8\n|\n|t:|1699228481\n|move|p1a: Grimmsnarl|Parting Shot|p2a: Blacephalon\n|-unboost|p2a: Blacephalon|atk|1\n|-unboost|p2a: Blacephalon|spa|1\n|\n|t:|1699228488\n|switch|p1a: Incineroar|Incineroar, F|100\/100|[from] Parting Shot\n|-damage|p1a: Incineroar|75\/100|[from] Stealth Rock\n|-ability|p1a: Incineroar|Intimidate|boost\n|-unboost|p2a: Blacephalon|atk|1\n|move|p2a: Blacephalon|Sunny Day|p2a: Blacephalon\n|-weather|SunnyDay\n|\n|-weather|SunnyDay|[upkeep]\n|upkeep\n|turn|9\n|\n|t:|1699228498\n|move|p2a: Blacephalon|Mind Blown|p1a: Incineroar\n|-resisted|p1a: Incineroar\n|-damage|p1a: Incineroar|51\/100\n|-damage|p2a: Blacephalon|50\/100|[from] mindblown\n|move|p1a: Incineroar|Bulk Up|p1a: Incineroar\n|-boost|p1a: Incineroar|atk|1\n|-boost|p1a: Incineroar|def|1\n|\n|-weather|SunnyDay|[upkeep]\n|upkeep\n|turn|10\n|\n|t:|1699228509\n|move|p2a: Blacephalon|Encore|p1a: Incineroar\n|-start|p1a: Incineroar|Encore\n|move|p1a: Incineroar|Bulk Up|p1a: Incineroar\n|-boost|p1a: Incineroar|atk|1\n|-boost|p1a: Incineroar|def|1\n|\n|-weather|SunnyDay|[upkeep]\n|upkeep\n|turn|11\n|\n|t:|1699228521\n|move|p2a: Blacephalon|Mind Blown|p1a: Incineroar\n|-resisted|p1a: Incineroar\n|-damage|p1a: Incineroar|25\/100\n|-damage|p2a: Blacephalon|0 fnt|[from] mindblown\n|faint|p2a: Blacephalon\n|move|p1a: Incineroar|Bulk Up|p1a: Incineroar\n|-boost|p1a: Incineroar|atk|1\n|-boost|p1a: Incineroar|def|1\n|\n|-weather|SunnyDay|[upkeep]\n|upkeep\n|\n|t:|1699228525\n|switch|p2a: Houndoom|Houndoom, M|100\/100\n|-activate|p2a: Houndoom|move: Sticky Web\n|-unboost|p2a: Houndoom|spe|1\n|turn|12\n|\n|t:|1699228534\n|move|p1a: Incineroar|Bulk Up|p1a: Incineroar\n|-boost|p1a: Incineroar|atk|1\n|-boost|p1a: Incineroar|def|1\n|move|p2a: Houndoom|Flame Charge|p1a: Incineroar\n|-resisted|p1a: Incineroar\n|-damage|p1a: Incineroar|23\/100\n|-boost|p2a: Houndoom|spe|1\n|\n|-weather|SunnyDay|[upkeep]\n|-end|p1a: Incineroar|Encore\n|-sideend|p1: aguinaldo124|Reflect\n|upkeep\n|turn|13\n|\n|t:|1699228550\n|detailschange|p2a: Houndoom|Houndoom-Mega, M\n|-mega|p2a: Houndoom|Houndoom|Houndoominite\n|move|p2a: Houndoom|Fire Blast|p1a: Incineroar\n|-resisted|p1a: Incineroar\n|-damage|p1a: Incineroar|0 fnt\n|faint|p1a: Incineroar\n|\n|-weather|SunnyDay|[upkeep]\n|-damage|p2a: Houndoom|88\/100|[from] ability: Solar Power|[of] p2a: Houndoom\n|upkeep\n|c|\u2606aguinaldo124|Omfg dude\n|\n|t:|1699228562\n|switch|p1a: Kingdra|Kingdra, M|100\/100\n|-damage|p1a: Kingdra|88\/100|[from] Stealth Rock\n|turn|14\n|\n|t:|1699228567\n|move|p2a: Houndoom|Dark Pulse|p1a: Kingdra\n|-crit|p1a: Kingdra\n|-damage|p1a: Kingdra|0 fnt\n|faint|p1a: Kingdra\n|\n|-weather|SunnyDay|[upkeep]\n|-damage|p2a: Houndoom|76\/100|[from] ability: Solar Power|[of] p2a: Houndoom\n|-sideend|p1: aguinaldo124|move: Light Screen\n|upkeep\n|c|\u2606aguinaldo124|OMFGGGGGG\n|\n|t:|1699228576\n|switch|p1a: Espathra|Espathra, M|100\/100\n|-damage|p1a: Espathra|88\/100|[from] Stealth Rock\n|turn|15\n|c|\u2606Jamtu|mb there\n|\n|t:|1699228581\n|move|p1a: Espathra|Protect|p1a: Espathra\n|-singleturn|p1a: Espathra|Protect\n|move|p2a: Houndoom|Dark Pulse|p1a: Espathra\n|-activate|p1a: Espathra|move: Protect\n|\n|-weather|none\n|-heal|p1a: Espathra|94\/100|[from] item: Leftovers\n|-ability|p1a: Espathra|Speed Boost|boost\n|-boost|p1a: Espathra|spe|1\n|upkeep\n|turn|16\n|c|\u2606aguinaldo124|I hate this game so much\n|c|\u2606aguinaldo124|I played 7 matches\n|c|\u2606aguinaldo124|All of them\n|c|\u2606aguinaldo124|I was the most unlucky shit ever\n|inactive|aguinaldo124 has 120 seconds left.\n|c|\u2606Jamtu|It's just a crit\n|c|\u2606aguinaldo124|2 crits at once and i miss a 95% acc\n|c|\u2606aguinaldo124|Im going fcng crazy\n|\n|t:|1699228641\n|move|p1a: Espathra|Calm Mind|p1a: Espathra\n|-boost|p1a: Espathra|spa|1\n|-boost|p1a: Espathra|spd|1\n|move|p2a: Houndoom|Dark Pulse|p1a: Espathra\n|-supereffective|p1a: Espathra\n|-damage|p1a: Espathra|0 fnt\n|faint|p1a: Espathra\n|\n|upkeep\n|inactive|aguinaldo124 has 90 seconds left.\n|\n|t:|1699228652\n|switch|p1a: Pyukumuku|Pyukumuku, M|100\/100\n|-damage|p1a: Pyukumuku|88\/100|[from] Stealth Rock\n|turn|17\n|\n|t:|1699228658\n|move|p2a: Houndoom|Dark Pulse|p1a: Pyukumuku\n|-crit|p1a: Pyukumuku\n|-damage|p1a: Pyukumuku|33\/100\n|cant|p1a: Pyukumuku|flinch\n|\n|-heal|p1a: Pyukumuku|39\/100|[from] item: Leftovers\n|upkeep\n|turn|18\n|c|\u2606aguinaldo124|See?\n|c|\u2606Jamtu|Yeah that's unlucky\n|inactive|aguinaldo124 has 90 seconds left.\n|c|\u2606aguinaldo124|This is why i hate this fucking game\n|c|\u2606aguinaldo124|Every single time\n|c|\u2606aguinaldo124|Every single match\n|\n|t:|1699228690\n|move|p2a: Houndoom|Dark Pulse|p1a: Pyukumuku\n|-damage|p1a: Pyukumuku|1\/100\n|cant|p1a: Pyukumuku|flinch\n|\n|-heal|p1a: Pyukumuku|7\/100|[from] item: Leftovers\n|upkeep\n|turn|19\n|c|\u2606aguinaldo124|See????\n|c|\u2606aguinaldo124|Omfg\n|\n|t:|1699228703\n|move|p1a: Pyukumuku|Protect|p1a: Pyukumuku\n|-singleturn|p1a: Pyukumuku|Protect\n|move|p2a: Houndoom|Dark Pulse|p1a: Pyukumuku\n|-activate|p1a: Pyukumuku|move: Protect\n|\n|-heal|p1a: Pyukumuku|13\/100|[from] item: Leftovers\n|upkeep\n|turn|20\n|c|\u2606Jamtu|Sorry...\n|\n|t:|1699228712\n|switch|p1a: Grimmsnarl|Grimmsnarl, M|52\/100\n|-damage|p1a: Grimmsnarl|39\/100|[from] Stealth Rock\n|move|p2a: Houndoom|Dark Pulse|p1a: Grimmsnarl\n|-resisted|p1a: Grimmsnarl\n|-crit|p1a: Grimmsnarl\n|-damage|p1a: Grimmsnarl|27\/100\n|\n|upkeep\n|turn|21\n|c|\u2606aguinaldo124|Dude\n|c|\u2606aguinaldo124|Just look at this\n|c|\u2606aguinaldo124|How unlucky can  a person be\n|inactive|aguinaldo124 has 60 seconds left.\n|\n|t:|1699228744\n|move|p1a: Grimmsnarl|Light Screen|p1a: Grimmsnarl\n|-sidestart|p1: aguinaldo124|move: Light Screen\n|move|p2a: Houndoom|Fire Blast|p1a: Grimmsnarl\n|-damage|p1a: Grimmsnarl|5\/100\n|-status|p1a: Grimmsnarl|brn\n|\n|-damage|p1a: Grimmsnarl|0 fnt|[from] brn\n|faint|p1a: Grimmsnarl\n|upkeep\n|c|\u2606Jamtu|You're some sort of magnet\n|inactive|aguinaldo124 has 60 seconds left.\n|c|\u2606Jamtu|...\n|c|\u2606aguinaldo124|Bro\n|c|\u2606aguinaldo124|This is the proof\n|c|\u2606aguinaldo124|That this game hates me\n|\n|t:|1699228770\n|switch|p1a: Pyukumuku|Pyukumuku, M|13\/100\n|-damage|p1a: Pyukumuku|1\/100|[from] Stealth Rock\n|turn|22\n|c|\u2606aguinaldo124|There is no way\n|\n|t:|1699228780\n|move|p1a: Pyukumuku|Protect|p1a: Pyukumuku\n|-singleturn|p1a: Pyukumuku|Protect\n|move|p2a: Houndoom|Dark Pulse|p1a: Pyukumuku\n|-activate|p1a: Pyukumuku|move: Protect\n|\n|-heal|p1a: Pyukumuku|7\/100|[from] item: Leftovers\n|upkeep\n|turn|23\n|\n|t:|1699228789\n|move|p1a: Pyukumuku|Protect||[still]\n|-fail|p1a: Pyukumuku\n|move|p2a: Houndoom|Dark Pulse|p1a: Pyukumuku\n|-damage|p1a: Pyukumuku|0 fnt\n|faint|p1a: Pyukumuku\n|\n|win|Jamtu\n|raw|aguinaldo124's rating: 1166 &rarr; <strong>1146<\/strong><br \/>(-20 for losing)\n|raw|Jamtu's rating: 1234 &rarr; <strong>1254<\/strong><br \/>(+20 for winning)\n|c|\u2606aguinaldo124|I try to make a fun team\n|c|\u2606aguinaldo124|But i just cant have fun playing this\n|c|\u2606Jamtu|Rng has favorites\n|c|\u2606aguinaldo124|I just cant play this game no more\n|c|\u2606aguinaldo124|Gg wp\n|c|\u2606aguinaldo124|Have fun and luck in other matches\n|c|\u2606aguinaldo124|I quit\n|c|\u2606Jamtu|ggwp. you too\n|l|\u2606aguinaldo124\n","uploadtime":1699228799,"views":4,"p1id":"aguinaldo124","p2id":"jamtu","formatid":"gen9nationaldexubers","rating":1146,"private":0,"password":""}