{"id":"gen9nationaldexubers-1996937054","p1":"Braquelo","p2":"edthee121","format":"[Gen 9] National Dex Ubers","log":"|j|\u2606Braquelo\n|j|\u2606edthee121\n|t:|1700747054\n|gametype|singles\n|player|p1|Braquelo|raihan|1350\n|player|p2|edthee121|1|1299\n|teamsize|p1|6\n|teamsize|p2|6\n|gen|9\n|tier|[Gen 9] National Dex Ubers\n|rated|\n|rule|HP Percentage Mod: HP is shown in percentages\n|rule|Endless Battle Clause: Forcing endless battles is banned\n|rule|OHKO Clause: OHKO moves are banned\n|rule|Evasion Moves Clause: Evasion moves are banned\n|rule|Evasion Items Clause: Evasion items are banned\n|rule|Species Clause: Limit one of each Pok\u00e9mon\n|rule|Sleep Clause Mod: Limit one foe put to sleep\n|rule|Mega Rayquaza Clause: You cannot mega evolve Rayquaza\n|clearpoke\n|poke|p1|Kingambit, M|\n|poke|p1|Sableye, M|\n|poke|p1|Hydreigon, F|\n|poke|p1|Grimmsnarl, M|\n|poke|p1|Mandibuzz, F|\n|poke|p1|Overqwil, M|\n|poke|p2|Mewtwo|\n|poke|p2|Basculegion-F, F|\n|poke|p2|Kyogre|\n|poke|p2|Lugia|\n|poke|p2|Landorus-Therian, M|\n|poke|p2|Ribombee, M|\n|teampreview\n|\n|t:|1700747067\n|start\n|switch|p1a: Sableye|Sableye, M|100\/100\n|switch|p2a: Landorus|Landorus-Therian, M|100\/100\n|-ability|p2a: Landorus|Intimidate|boost\n|-unboost|p1a: Sableye|atk|1\n|turn|1\n|\n|t:|1700747072\n|detailschange|p1a: Sableye|Sableye-Mega, M\n|-mega|p1a: Sableye|Sableye|Sablenite\n|move|p2a: Landorus|Taunt|p1a: Sableye\n|move|p1a: Sableye|Taunt|p2a: Landorus|[from]ability: Magic Bounce\n|-start|p2a: Landorus|move: Taunt\n|move|p1a: Sableye|Will-O-Wisp|p2a: Landorus\n|-status|p2a: Landorus|brn\n|\n|-damage|p2a: Landorus|95\/100 brn|[from] brn\n|upkeep\n|turn|2\n|\n|t:|1700747082\n|move|p2a: Landorus|Earthquake|p1a: Sableye\n|-damage|p1a: Sableye|73\/100\n|move|p1a: Sableye|Knock Off|p2a: Landorus\n|-damage|p2a: Landorus|71\/100 brn\n|-enditem|p2a: Landorus|Leftovers|[from] move: Knock Off|[of] p1a: Sableye\n|\n|-damage|p2a: Landorus|65\/100 brn|[from] brn\n|upkeep\n|turn|3\n|\n|t:|1700747088\n|move|p2a: Landorus|U-turn|p1a: Sableye\n|-damage|p1a: Sableye|61\/100\n|\n|t:|1700747095\n|switch|p2a: Mewtwo|Mewtwo|100\/100|[from] U-turn\n|-ability|p2a: Mewtwo|Pressure\n|move|p1a: Sableye|Recover|p1a: Sableye\n|-heal|p1a: Sableye|100\/100\n|\n|upkeep\n|turn|4\n|\n|t:|1700747104\n|switch|p2a: Ribombee|Ribombee, M|100\/100\n|move|p1a: Sableye|Knock Off|p2a: Ribombee\n|-resisted|p2a: Ribombee\n|-damage|p2a: Ribombee|86\/100\n|-enditem|p2a: Ribombee|Focus Sash|[from] move: Knock Off|[of] p1a: Sableye\n|\n|upkeep\n|turn|5\n|\n|t:|1700747113\n|move|p2a: Ribombee|Draining Kiss|p1a: Sableye\n|-supereffective|p1a: Sableye\n|-damage|p1a: Sableye|77\/100\n|-heal|p2a: Ribombee|100\/100|[from] drain|[of] p1a: Sableye\n|move|p1a: Sableye|Will-O-Wisp|p2a: Ribombee\n|-status|p2a: Ribombee|brn\n|\n|-damage|p2a: Ribombee|94\/100 brn|[from] brn\n|upkeep\n|turn|6\n|\n|t:|1700747117\n|move|p1a: Sableye|Protect|p1a: Sableye\n|-singleturn|p1a: Sableye|Protect\n|move|p2a: Ribombee|Draining Kiss|p1a: Sableye\n|-activate|p1a: Sableye|move: Protect\n|\n|-damage|p2a: Ribombee|88\/100 brn|[from] brn\n|upkeep\n|turn|7\n|\n|t:|1700747124\n|move|p2a: Ribombee|Draining Kiss|p1a: Sableye\n|-supereffective|p1a: Sableye\n|-damage|p1a: Sableye|50\/100\n|-heal|p2a: Ribombee|100\/100 brn|[from] drain|[of] p1a: Sableye\n|move|p1a: Sableye|Recover|p1a: Sableye\n|-heal|p1a: Sableye|100\/100\n|\n|-damage|p2a: Ribombee|94\/100 brn|[from] brn\n|upkeep\n|turn|8\n|\n|t:|1700747136\n|move|p1a: Sableye|Protect|p1a: Sableye\n|-singleturn|p1a: Sableye|Protect\n|move|p2a: Ribombee|Draining Kiss|p1a: Sableye\n|-activate|p1a: Sableye|move: Protect\n|\n|-damage|p2a: Ribombee|88\/100 brn|[from] brn\n|upkeep\n|turn|9\n|\n|t:|1700747142\n|switch|p1a: Overqwil|Overqwil, M|100\/100\n|-ability|p1a: Overqwil|Intimidate|boost\n|-unboost|p2a: Ribombee|atk|1\n|move|p2a: Ribombee|Draining Kiss|p1a: Overqwil\n|-damage|p1a: Overqwil|87\/100\n|-heal|p2a: Ribombee|99\/100 brn|[from] drain|[of] p1a: Overqwil\n|\n|-damage|p2a: Ribombee|94\/100 brn|[from] brn\n|upkeep\n|turn|10\n|\n|t:|1700747149\n|switch|p1a: Sableye|Sableye-Mega, M|100\/100\n|move|p2a: Ribombee|Sticky Web|p1a: Sableye\n|move|p1a: Sableye|Sticky Web|p2a: Ribombee|[from]ability: Magic Bounce\n|-sidestart|p2: edthee121|move: Sticky Web\n|\n|-damage|p2a: Ribombee|87\/100 brn|[from] brn\n|upkeep\n|turn|11\n|-message|edthee121 forfeited.\n|\n|win|Braquelo\n|raw|Braquelo's rating: 1350 &rarr; <strong>1367<\/strong><br \/>(+17 for winning)\n|raw|edthee121's rating: 1299 &rarr; <strong>1278<\/strong><br \/>(-21 for losing)\n|l|\u2606edthee121\n","uploadtime":1700747241,"views":0,"p1id":"braquelo","p2id":"edthee121","formatid":"gen9nationaldexubers","rating":1278,"private":0,"password":""}