{"id":"gen9nationaldexubers-1978130931","p1":"heavylever","p2":"85792195wwww","format":"[Gen 9] National Dex Ubers","log":"|j|\u2606heavylever\n|j|\u260685792195wwww\n|t:|1698503189\n|gametype|singles\n|player|p1|heavylever|ash-unova|1552\n|player|p2|85792195wwww|lady|1755\n|teamsize|p1|6\n|teamsize|p2|6\n|gen|9\n|tier|[Gen 9] National Dex Ubers\n|rated|\n|rule|HP Percentage Mod: HP is shown in percentages\n|rule|Endless Battle Clause: Forcing endless battles is banned\n|rule|OHKO Clause: OHKO moves are banned\n|rule|Evasion Moves Clause: Evasion moves are banned\n|rule|Evasion Items Clause: Evasion items are banned\n|rule|Species Clause: Limit one of each Pok\u00e9mon\n|rule|Sleep Clause Mod: Limit one foe put to sleep\n|rule|Mega Rayquaza Clause: You cannot mega evolve Rayquaza\n|clearpoke\n|poke|p1|Groudon|\n|poke|p1|Giratina-Origin|\n|poke|p1|Dondozo, F|\n|poke|p1|Zekrom|\n|poke|p1|Shaymin-Sky|\n|poke|p1|Arceus|\n|poke|p2|Calyrex-Ice|\n|poke|p2|Groudon|\n|poke|p2|Krookodile, F|\n|poke|p2|Xerneas-*|\n|poke|p2|Zacian-*|\n|poke|p2|Arceus|\n|teampreview\n|\n|t:|1698503201\n|start\n|switch|p1a: Shaymin|Shaymin-Sky, shiny|100\/100\n|switch|p2a: Arceus|Arceus|100\/100\n|turn|1\n|\n|t:|1698503208\n|move|p2a: Arceus|Extreme Speed|p1a: Shaymin\n|-damage|p1a: Shaymin|31\/100\n|-damage|p2a: Arceus|91\/100|[from] item: Life Orb\n|move|p1a: Shaymin|Air Slash|p2a: Arceus\n|-damage|p2a: Arceus|51\/100\n|\n|upkeep\n|turn|2\n|inactive|Battle timer is ON: inactive players will automatically lose when time's up. (requested by heavylever)\n|l|\u2606heavylever\n|inactive|heavylever disconnected and has a minute to reconnect!\n|player|p1|\n|j|\u2606heavylever\n|inactive|heavylever reconnected and has 115 seconds left.\n|player|p1|heavylever|ash-unova\n|\n|t:|1698503258\n|switch|p1a: Dondizzy|Dondozo, F|100\/100\n|switch|p2a: Zacian|Zacian-Crowned|100\/100\n|-ability|p2a: Zacian|Intrepid Sword|boost\n|-boost|p2a: Zacian|atk|1\n|\n|upkeep\n|turn|3\n|\n|t:|1698503266\n|switch|p2a: Krookodile|Krookodile, F|100\/100\n|-ability|p2a: Krookodile|Intimidate|boost\n|-unboost|p1a: Dondizzy|atk|1\n|move|p1a: Dondizzy|Curse|p1a: Dondizzy\n|-unboost|p1a: Dondizzy|spe|1\n|-boost|p1a: Dondizzy|atk|1\n|-boost|p1a: Dondizzy|def|1\n|\n|upkeep\n|turn|4\n|\n|t:|1698503275\n|move|p2a: Krookodile|Stealth Rock|p1a: Dondizzy\n|-sidestart|p1: heavylever|move: Stealth Rock\n|move|p1a: Dondizzy|Curse|p1a: Dondizzy\n|-unboost|p1a: Dondizzy|spe|1\n|-boost|p1a: Dondizzy|atk|1\n|-boost|p1a: Dondizzy|def|1\n|\n|upkeep\n|turn|5\n|\n|t:|1698503282\n|move|p2a: Krookodile|Knock Off|p1a: Dondizzy\n|-damage|p1a: Dondizzy|90\/100\n|-enditem|p1a: Dondizzy|Leftovers|[from] move: Knock Off|[of] p2a: Krookodile\n|move|p1a: Dondizzy|Curse|p1a: Dondizzy\n|-unboost|p1a: Dondizzy|spe|1\n|-boost|p1a: Dondizzy|atk|1\n|-boost|p1a: Dondizzy|def|1\n|\n|upkeep\n|turn|6\n|\n|t:|1698503290\n|move|p2a: Krookodile|Taunt|p1a: Dondizzy\n|-start|p1a: Dondizzy|move: Taunt\n|cant|p1a: Dondizzy|move: Taunt|Curse\n|\n|upkeep\n|turn|7\n|\n|t:|1698503301\n|move|p2a: Krookodile|Bulldoze|p1a: Dondizzy\n|-damage|p1a: Dondizzy|85\/100\n|-unboost|p1a: Dondizzy|spe|1\n|move|p1a: Dondizzy|Body Press|p2a: Krookodile\n|-supereffective|p2a: Krookodile\n|-enditem|p2a: Krookodile|Focus Sash\n|-damage|p2a: Krookodile|1\/100\n|\n|upkeep\n|turn|8\n|\n|t:|1698503313\n|switch|p2a: Xerneas|Xerneas|100\/100\n|-ability|p2a: Xerneas|Fairy Aura\n|move|p1a: Dondizzy|Body Press|p2a: Xerneas\n|-resisted|p2a: Xerneas\n|-damage|p2a: Xerneas|73\/100\n|\n|-end|p1a: Dondizzy|move: Taunt\n|upkeep\n|turn|9\n|\n|t:|1698503323\n|move|p2a: Xerneas|Moonblast|p1a: Dondizzy\n|-damage|p1a: Dondizzy|18\/100\n|move|p1a: Dondizzy|Liquidation|p2a: Xerneas\n|-damage|p2a: Xerneas|31\/100\n|-unboost|p2a: Xerneas|def|1\n|\n|upkeep\n|turn|10\n|\n|t:|1698503331\n|move|p2a: Xerneas|Moonblast|p1a: Dondizzy\n|-damage|p1a: Dondizzy|0 fnt\n|faint|p1a: Dondizzy\n|\n|upkeep\n|\n|t:|1698503334\n|switch|p1a: Arceus|Arceus, shiny|100\/100\n|-damage|p1a: Arceus|88\/100|[from] Stealth Rock\n|turn|11\n|\n|t:|1698503340\n|move|p1a: Arceus|Swords Dance|p1a: Arceus\n|-boost|p1a: Arceus|atk|2\n|move|p2a: Xerneas|Moonblast|p1a: Arceus\n|-damage|p1a: Arceus|40\/100\n|\n|upkeep\n|turn|12\n|l|\u2606heavylever\n|inactive|heavylever disconnected and has a minute to reconnect!\n|player|p1|\n|j|\u2606heavylever\n|inactive|heavylever reconnected and has 125 seconds left.\n|player|p1|heavylever|ash-unova\n|inactive|heavylever has 120 seconds left.\n|\n|t:|1698503374\n|move|p1a: Arceus|Earthquake|p2a: Xerneas\n|-damage|p2a: Xerneas|0 fnt\n|faint|p2a: Xerneas\n|-damage|p1a: Arceus|30\/100|[from] item: Life Orb\n|\n|upkeep\n|\n|t:|1698503383\n|switch|p2a: Zacian|Zacian-Crowned|100\/100\n|turn|13\n|j| BurritoSave\n|\n|t:|1698503392\n|switch|p1a: Giratina|Giratina-Origin, shiny|100\/100\n|-damage|p1a: Giratina|88\/100|[from] Stealth Rock\n|move|p2a: Zacian|Behemoth Blade|p1a: Giratina\n|-damage|p1a: Giratina|46\/100\n|\n|upkeep\n|turn|14\n|\n|t:|1698503400\n|switch|p2a: Krookodile|Krookodile, F|1\/100\n|-ability|p2a: Krookodile|Intimidate|boost\n|-unboost|p1a: Giratina|atk|1\n|move|p1a: Giratina|Thunder Wave|p2a: Krookodile\n|-immune|p2a: Krookodile\n|\n|upkeep\n|turn|15\n|l|\u2606heavylever\n|inactive|heavylever disconnected and has a minute to reconnect!\n|player|p1|\n|j|\u2606heavylever\n|inactive|heavylever reconnected and has 125 seconds left.\n|player|p1|heavylever|ash-unova\n|inactive|heavylever has 120 seconds left.\n|\n|t:|1698503432\n|move|p2a: Krookodile|Knock Off|p1a: Giratina\n|-supereffective|p1a: Giratina\n|-damage|p1a: Giratina|4\/100\n|move|p1a: Giratina|Defog|p2a: Krookodile\n|-unboost|p2a: Krookodile|evasion|1\n|-sideend|p1: heavylever|Stealth Rock|[from] move: Defog|[of] p1a: Giratina\n|\n|upkeep\n|turn|16\n|l| BurritoSave\n|\n|t:|1698503440\n|move|p2a: Krookodile|Stealth Rock|p1a: Giratina\n|-sidestart|p1: heavylever|move: Stealth Rock\n|move|p1a: Giratina|Hex|p2a: Krookodile\n|-resisted|p2a: Krookodile\n|-damage|p2a: Krookodile|0 fnt\n|faint|p2a: Krookodile\n|\n|upkeep\n|\n|t:|1698503456\n|switch|p2a: Calyrex|Calyrex-Ice|100\/100\n|-ability|p2a: Calyrex|As One\n|-ability|p2a: Calyrex|Unnerve\n|turn|17\n|\n|t:|1698503467\n|move|p2a: Calyrex|Glacial Lance|p1a: Giratina\n|-supereffective|p1a: Giratina\n|-damage|p1a: Giratina|0 fnt\n|faint|p1a: Giratina\n|-ability|p2a: Calyrex|Chilling Neigh|boost\n|-boost|p2a: Calyrex|atk|1\n|\n|upkeep\n|\n|t:|1698503474\n|switch|p1a: Shaymin|Shaymin-Sky, shiny|31\/100\n|-damage|p1a: Shaymin|6\/100|[from] Stealth Rock\n|turn|18\n|\n|t:|1698503479\n|move|p1a: Shaymin|Air Slash|p2a: Calyrex\n|-damage|p2a: Calyrex|60\/100\n|move|p2a: Calyrex|Agility|p2a: Calyrex\n|-boost|p2a: Calyrex|spe|2\n|\n|upkeep\n|turn|19\n|\n|t:|1698503486\n|move|p2a: Calyrex|Glacial Lance|p1a: Shaymin\n|-supereffective|p1a: Shaymin\n|-damage|p1a: Shaymin|0 fnt\n|faint|p1a: Shaymin\n|-ability|p2a: Calyrex|Chilling Neigh|boost\n|-boost|p2a: Calyrex|atk|1\n|\n|upkeep\n|\n|t:|1698503489\n|switch|p1a: Arceus|Arceus, shiny|30\/100\n|-damage|p1a: Arceus|18\/100|[from] Stealth Rock\n|turn|20\n|\n|t:|1698503496\n|-terastallize|p1a: Arceus|Normal\n|move|p1a: Arceus|Extreme Speed|p2a: Calyrex\n|-damage|p2a: Calyrex|9\/100\n|-damage|p1a: Arceus|8\/100|[from] item: Life Orb\n|move|p2a: Calyrex|Glacial Lance|p1a: Arceus\n|-damage|p1a: Arceus|0 fnt\n|faint|p1a: Arceus\n|-ability|p2a: Calyrex|Chilling Neigh|boost\n|-boost|p2a: Calyrex|atk|1\n|\n|upkeep\n|\n|t:|1698503503\n|switch|p1a: Zekrom|Zekrom|100\/100\n|-damage|p1a: Zekrom|88\/100|[from] Stealth Rock\n|-ability|p1a: Zekrom|Teravolt\n|turn|21\n|\n|t:|1698503512\n|switch|p1a: Groudon|Groudon|100\/100\n|-damage|p1a: Groudon|94\/100|[from] Stealth Rock\n|detailschange|p1a: Groudon|Groudon-Primal\n|-primal|p1a: Groudon|Red Orb\n|-weather|DesolateLand|[from] ability: Desolate Land|[of] p1a: Groudon\n|move|p2a: Calyrex|Glacial Lance|p1a: Groudon\n|-damage|p1a: Groudon|0 fnt\n|faint|p1a: Groudon\n|-weather|none\n|-ability|p2a: Calyrex|Chilling Neigh|boost\n|-boost|p2a: Calyrex|atk|1\n|\n|upkeep\n|-message|heavylever forfeited.\n|\n|win|85792195wwww\n|raw|heavylever's rating: 1552 &rarr; <strong>1543<\/strong><br \/>(-9 for losing)\n|raw|85792195wwww's rating: 1755 &rarr; <strong>1764<\/strong><br \/>(+9 for winning)\n|l|\u2606heavylever\n|l|\u260685792195wwww\n","uploadtime":1698503528,"views":7,"p1id":"heavylever","p2id":"85792195wwww","formatid":"gen9nationaldexubers","rating":1543,"private":0,"password":""}