{"id":"gen9nationaldexubers-1991741239","p1":"ShriveledMonkey","p2":"Digodude","format":"[Gen 9] National Dex Ubers","log":"|j|\u2606ShriveledMonkey\n|j|\u2606Digodude\n|t:|1700109517\n|gametype|singles\n|player|p1|ShriveledMonkey|265|1116\n|player|p2|Digodude|gambler|1044\n|teamsize|p1|6\n|teamsize|p2|6\n|gen|9\n|tier|[Gen 9] National Dex Ubers\n|rated|\n|rule|HP Percentage Mod: HP is shown in percentages\n|rule|Endless Battle Clause: Forcing endless battles is banned\n|rule|OHKO Clause: OHKO moves are banned\n|rule|Evasion Moves Clause: Evasion moves are banned\n|rule|Evasion Items Clause: Evasion items are banned\n|rule|Species Clause: Limit one of each Pok\u00e9mon\n|rule|Sleep Clause Mod: Limit one foe put to sleep\n|rule|Mega Rayquaza Clause: You cannot mega evolve Rayquaza\n|clearpoke\n|poke|p1|Slowbro, F|\n|poke|p1|Dodrio, M|\n|poke|p1|Maractus, M|\n|poke|p1|Kingambit, M|\n|poke|p1|Electivire, F|\n|poke|p1|Noivern, F|\n|poke|p2|Bewear, M|\n|poke|p2|Victini|\n|poke|p2|Floatzel, F|\n|poke|p2|Scovillain, F|\n|poke|p2|Toxicroak, M|\n|poke|p2|Slaking, F|\n|teampreview\n|inactive|Battle timer is ON: inactive players will automatically lose when time's up. (requested by Digodude)\n|inactive|Digodude has 120 seconds left.\n|inactive|Digodude has 90 seconds left.\n|\n|t:|1700109591\n|start\n|switch|p1a: Electivire|Electivire, F|100\/100\n|switch|p2a: V for victory|Victini|100\/100\n|turn|1\n|\n|t:|1700109606\n|move|p2a: V for victory|V-create|p1a: Electivire\n|-damage|p1a: Electivire|0 fnt\n|-unboost|p2a: V for victory|spe|1\n|-unboost|p2a: V for victory|def|1\n|-unboost|p2a: V for victory|spd|1\n|faint|p1a: Electivire\n|\n|upkeep\n|\n|t:|1700109613\n|switch|p1a: Noivern|Noivern, F|100\/100\n|turn|2\n|c|\u2606Digodude|!dt victory star\n|raw|<ul class=\"utilichart\"><li class=\"result\"><span class=\"col namecol\"><a href=\"https:\/\/dex.pokemonshowdown.com\/abilities\/victorystar\">Victory Star<\/a><\/span> <span class=\"col abilitydesccol\">This Pokemon and its allies' moves have their accuracy multiplied by 1.1.<\/span> <\/li><li style=\"clear:both\"><\/li><\/ul>\n|raw|<font size=\"1\"><font color=\"#686868\">Gen:<\/font> 5<\/font>\n\n|inactive|Digodude has 120 seconds left.\n|\n|t:|1700109654\n|switch|p2a: Underused|Bewear, M|100\/100\n|move|p1a: Noivern|Boomburst|p2a: Underused\n|-damage|p2a: Underused|44\/100\n|-enditem|p1a: Noivern|Throat Spray\n|-boost|p1a: Noivern|spa|1|[from] item: Throat Spray\n|\n|upkeep\n|turn|3\n|\n|t:|1700109668\n|move|p1a: Noivern|Hurricane|p2a: Underused\n|-supereffective|p2a: Underused\n|-damage|p2a: Underused|0 fnt\n|faint|p2a: Underused\n|\n|upkeep\n|\n|t:|1700109680\n|switch|p2a: Slaking|Slaking, F|100\/100\n|turn|4\n|\n|t:|1700109685\n|move|p1a: Noivern|Focus Blast|p2a: Slaking|[miss]\n|-miss|p1a: Noivern|p2a: Slaking\n|move|p2a: Slaking|Retaliate|p1a: Noivern\n|-damage|p1a: Noivern|0 fnt\n|faint|p1a: Noivern\n|\n|upkeep\n|\n|t:|1700109694\n|switch|p1a: Slowbro|Slowbro, F|100\/100\n|turn|5\n|\n|t:|1700109708\n|switch|p2a: Scovillain|Scovillain, F|100\/100\n|move|p1a: Slowbro|Thunder Wave|p2a: Scovillain\n|-status|p2a: Scovillain|par\n|\n|-ability|p2a: Scovillain|Moody|boost\n|-boost|p2a: Scovillain|spa|2\n|-unboost|p2a: Scovillain|atk|1\n|upkeep\n|turn|6\n|\n|t:|1700109720\n|switch|p1a: Dodrio|Dodrio, M|100\/100\n|move|p2a: Scovillain|Leech Seed|p1a: Dodrio\n|-start|p1a: Dodrio|move: Leech Seed\n|\n|-damage|p1a: Dodrio|88\/100|[from] Leech Seed|[of] p2a: Scovillain\n|-ability|p2a: Scovillain|Moody|boost\n|-boost|p2a: Scovillain|def|2\n|-unboost|p2a: Scovillain|spa|1\n|upkeep\n|turn|7\n|\n|t:|1700109731\n|move|p1a: Dodrio|Brave Bird|p2a: Scovillain\n|-supereffective|p2a: Scovillain\n|-damage|p2a: Scovillain|15\/100 par\n|-damage|p1a: Dodrio|52\/100|[from] Recoil\n|move|p2a: Scovillain|Substitute|p2a: Scovillain\n|-fail|p2a: Scovillain|move: Substitute|[weak]\n|\n|-heal|p2a: Scovillain|21\/100 par|[from] item: Leftovers\n|-damage|p1a: Dodrio|40\/100|[from] Leech Seed|[of] p2a: Scovillain\n|-heal|p2a: Scovillain|31\/100 par|[silent]\n|-ability|p2a: Scovillain|Moody|boost\n|-boost|p2a: Scovillain|atk|2\n|-unboost|p2a: Scovillain|spd|1\n|upkeep\n|turn|8\n|\n|t:|1700109743\n|move|p2a: Scovillain|Protect|p2a: Scovillain\n|-singleturn|p2a: Scovillain|Protect\n|move|p1a: Dodrio|Brave Bird|p2a: Scovillain\n|-activate|p2a: Scovillain|move: Protect\n|\n|-heal|p2a: Scovillain|37\/100 par|[from] item: Leftovers\n|-damage|p1a: Dodrio|28\/100|[from] Leech Seed|[of] p2a: Scovillain\n|-heal|p2a: Scovillain|47\/100 par|[silent]\n|-ability|p2a: Scovillain|Moody|boost\n|-boost|p2a: Scovillain|atk|2\n|-unboost|p2a: Scovillain|spd|1\n|upkeep\n|turn|9\n|\n|t:|1700109757\n|move|p1a: Dodrio|Brave Bird|p2a: Scovillain\n|-supereffective|p2a: Scovillain\n|-damage|p2a: Scovillain|0 fnt\n|faint|p2a: Scovillain\n|-damage|p1a: Dodrio|8\/100|[from] Recoil\n|\n|upkeep\n|inactive|Digodude has 120 seconds left.\n|\n|t:|1700109769\n|switch|p2a: Slaking|Slaking, F|100\/100\n|turn|10\n|\n|t:|1700109772\n|move|p1a: Dodrio|Brave Bird|p2a: Slaking\n|-damage|p2a: Slaking|58\/100\n|-damage|p1a: Dodrio|0 fnt|[from] Recoil\n|faint|p1a: Dodrio\n|move|p2a: Slaking|Retaliate|p1: Dodrio|[notarget]\n|-fail|p2a: Slaking\n|\n|upkeep\n|\n|t:|1700109783\n|switch|p1a: Slowbro|Slowbro, F|100\/100\n|turn|11\n|\n|t:|1700109799\n|switch|p2a: Floatzel|Floatzel, F|100\/100\n|move|p1a: Slowbro|Thunder Wave|p2a: Floatzel\n|-status|p2a: Floatzel|par\n|\n|upkeep\n|turn|12\n|\n|t:|1700109808\n|switch|p1a: Maractus|Maractus, M|100\/100\n|move|p2a: Floatzel|Wave Crash|p1a: Maractus\n|-immune|p1a: Maractus|[from] ability: Water Absorb\n|\n|upkeep\n|turn|13\n|\n|t:|1700109817\n|move|p1a: Maractus|Knock Off|p2a: Floatzel\n|-damage|p2a: Floatzel|71\/100 par\n|-enditem|p2a: Floatzel|Heavy-Duty Boots|[from] move: Knock Off|[of] p1a: Maractus\n|cant|p2a: Floatzel|par\n|\n|upkeep\n|turn|14\n|\n|t:|1700109823\n|move|p1a: Maractus|Spikes|p2a: Floatzel\n|-sidestart|p2: Digodude|Spikes\n|move|p2a: Floatzel|Ice Spinner|p1a: Maractus\n|-supereffective|p1a: Maractus\n|-damage|p1a: Maractus|30\/100\n|\n|upkeep\n|turn|15\n|\n|t:|1700109831\n|move|p1a: Maractus|Giga Drain|p2a: Floatzel\n|-supereffective|p2a: Floatzel\n|-damage|p2a: Floatzel|0 fnt\n|-heal|p1a: Maractus|61\/100|[from] drain|[of] p2a: Floatzel\n|faint|p2a: Floatzel\n|\n|upkeep\n|\n|t:|1700109843\n|switch|p2a: Toxicroak|Toxicroak, M|100\/100\n|-damage|p2a: Toxicroak|88\/100|[from] Spikes\n|turn|16\n|\n|t:|1700109861\n|move|p2a: Toxicroak|Gunk Shot|p1a: Maractus\n|-supereffective|p1a: Maractus\n|-damage|p1a: Maractus|0 fnt\n|faint|p1a: Maractus\n|\n|-heal|p2a: Toxicroak|94\/100|[from] item: Leftovers\n|upkeep\n|\n|t:|1700109867\n|switch|p1a: Slowbro|Slowbro, F|100\/100\n|turn|17\n|\n|t:|1700109874\n|move|p2a: Toxicroak|Sucker Punch||[still]\n|-fail|p2a: Toxicroak\n|move|p1a: Slowbro|Thunder Wave|p2a: Toxicroak\n|-status|p2a: Toxicroak|par\n|\n|-heal|p2a: Toxicroak|100\/100 par|[from] item: Leftovers\n|upkeep\n|turn|18\n|\n|t:|1700109882\n|cant|p2a: Toxicroak|par\n|move|p1a: Slowbro|Iron Defense|p1a: Slowbro\n|-boost|p1a: Slowbro|def|2\n|\n|upkeep\n|turn|19\n|\n|t:|1700109894\n|-terastallize|p2a: Toxicroak|Dark\n|move|p2a: Toxicroak|Sucker Punch||[still]\n|-fail|p2a: Toxicroak\n|move|p1a: Slowbro|Iron Defense|p1a: Slowbro\n|-boost|p1a: Slowbro|def|2\n|\n|upkeep\n|turn|20\n|\n|t:|1700109901\n|move|p2a: Toxicroak|Sucker Punch||[still]\n|-fail|p2a: Toxicroak\n|move|p1a: Slowbro|Iron Defense|p1a: Slowbro\n|-boost|p1a: Slowbro|def|2\n|\n|upkeep\n|turn|21\n|\n|t:|1700109910\n|switch|p1a: Kingambit|Kingambit, M|100\/100\n|-activate|p1a: Kingambit|ability: Supreme Overlord\n|-start|p1a: Kingambit|fallen4|[silent]\n|-item|p1a: Kingambit|Air Balloon\n|move|p2a: Toxicroak|Swords Dance|p2a: Toxicroak\n|-boost|p2a: Toxicroak|atk|2\n|\n|upkeep\n|turn|22\n|\n|t:|1700109923\n|cant|p2a: Toxicroak|par\n|move|p1a: Kingambit|Swords Dance|p1a: Kingambit\n|-boost|p1a: Kingambit|atk|2\n|\n|upkeep\n|turn|23\n|\n|t:|1700109931\n|move|p1a: Kingambit|Swords Dance|p1a: Kingambit\n|-boost|p1a: Kingambit|atk|2\n|move|p2a: Toxicroak|Swords Dance|p2a: Toxicroak\n|-boost|p2a: Toxicroak|atk|2\n|\n|upkeep\n|turn|24\n|\n|t:|1700109940\n|move|p1a: Kingambit|Iron Head|p2a: Toxicroak\n|-damage|p2a: Toxicroak|0 fnt\n|faint|p2a: Toxicroak\n|\n|upkeep\n|\n|t:|1700109951\n|switch|p2a: V for victory|Victini|100\/100\n|-damage|p2a: V for victory|88\/100|[from] Spikes\n|turn|25\n|\n|t:|1700109961\n|-terastallize|p1a: Kingambit|Dark\n|move|p1a: Kingambit|Sucker Punch|p2a: V for victory\n|-supereffective|p2a: V for victory\n|-damage|p2a: V for victory|0 fnt\n|faint|p2a: V for victory\n|\n|upkeep\n|\n|t:|1700109967\n|switch|p2a: Slaking|Slaking, F|58\/100\n|-damage|p2a: Slaking|46\/100|[from] Spikes\n|turn|26\n|\n|t:|1700109974\n|move|p1a: Kingambit|Sucker Punch|p2a: Slaking\n|-damage|p2a: Slaking|0 fnt\n|faint|p2a: Slaking\n|\n|win|ShriveledMonkey\n|raw|ShriveledMonkey's rating: 1116 &rarr; <strong>1136<\/strong><br \/>(+20 for winning)\n|raw|Digodude's rating: 1044 &rarr; <strong>1031<\/strong><br \/>(-13 for losing)\n","uploadtime":1700109979,"views":8,"p1id":"shriveledmonkey","p2id":"digodude","formatid":"gen9nationaldexubers","rating":1031,"private":0,"password":""}