{"id":"gen9nationaldexubers-1991354076","p1":"HYDRO-MODE\ufe0f\ufe0f\ufe0f\u267e\ufe0f","p2":"AidenThatGod","format":"[Gen 9] National Dex Ubers","log":"|j|\u2606HYDRO-MODE\ufe0f\ufe0f\ufe0f\u267e\ufe0f\n|j|\u2606AidenThatGod\n|t:|1700070129\n|gametype|singles\n|player|p1|HYDRO-MODE\ufe0f\ufe0f\ufe0f\u267e\ufe0f|nessa|1117\n|player|p2|AidenThatGod|lance|1119\n|teamsize|p1|6\n|teamsize|p2|6\n|gen|9\n|tier|[Gen 9] National Dex Ubers\n|rated|\n|rule|HP Percentage Mod: HP is shown in percentages\n|rule|Endless Battle Clause: Forcing endless battles is banned\n|rule|OHKO Clause: OHKO moves are banned\n|rule|Evasion Moves Clause: Evasion moves are banned\n|rule|Evasion Items Clause: Evasion items are banned\n|rule|Species Clause: Limit one of each Pok\u00e9mon\n|rule|Sleep Clause Mod: Limit one foe put to sleep\n|rule|Mega Rayquaza Clause: You cannot mega evolve Rayquaza\n|clearpoke\n|poke|p1|Politoed, M|\n|poke|p1|Vaporeon, F|\n|poke|p1|Greninja-*, M|\n|poke|p1|Volcanion|\n|poke|p1|Blastoise, M|\n|poke|p1|Kyogre|\n|poke|p2|Gardevoir, F|\n|poke|p2|Greninja-*, F|\n|poke|p2|Kleavor, F|\n|poke|p2|Heatran, M|\n|poke|p2|Iron Moth|\n|poke|p2|Rotom-Mow|\n|teampreview\n|\n|t:|1700070136\n|start\n|switch|p1a: \ud83d\udca7POLITOED\ud83d\udca7\ud83c\udf27|Politoed, M, shiny|100\/100\n|switch|p2a: scythor|Kleavor, F, shiny|100\/100\n|-weather|RainDance|[from] ability: Drizzle|[of] p1a: \ud83d\udca7POLITOED\ud83d\udca7\ud83c\udf27\n|turn|1\n|\n|t:|1700070146\n|move|p1a: \ud83d\udca7POLITOED\ud83d\udca7\ud83c\udf27|Water Pulse|p2a: scythor\n|-supereffective|p2a: scythor\n|-damage|p2a: scythor|2\/100\n|move|p2a: scythor|Stone Axe|p1a: \ud83d\udca7POLITOED\ud83d\udca7\ud83c\udf27\n|-damage|p1a: \ud83d\udca7POLITOED\ud83d\udca7\ud83c\udf27|0 fnt\n|-sidestart|p1: HYDRO-MODE\ufe0f\ufe0f\ufe0f\u267e\ufe0f|move: Stealth Rock\n|faint|p1a: \ud83d\udca7POLITOED\ud83d\udca7\ud83c\udf27\n|\n|-weather|RainDance|[upkeep]\n|upkeep\n|\n|t:|1700070161\n|switch|p1a: \ud83d\udd25\ud83d\udca7VOLCANION\ud83d\udca7\ud83d\udd25|Volcanion|100\/100\n|-damage|p1a: \ud83d\udd25\ud83d\udca7VOLCANION\ud83d\udca7\ud83d\udd25|76\/100|[from] Stealth Rock\n|turn|2\n|\n|t:|1700070168\n|-terastallize|p1a: \ud83d\udd25\ud83d\udca7VOLCANION\ud83d\udca7\ud83d\udd25|Water\n|move|p1a: \ud83d\udd25\ud83d\udca7VOLCANION\ud83d\udca7\ud83d\udd25|Flame Charge|p2a: scythor\n|-damage|p2a: scythor|0 fnt\n|-boost|p1a: \ud83d\udd25\ud83d\udca7VOLCANION\ud83d\udca7\ud83d\udd25|spe|1\n|faint|p2a: scythor\n|\n|-weather|RainDance|[upkeep]\n|upkeep\n|\n|t:|1700070175\n|switch|p2a: motoR|Rotom-Mow, shiny|100\/100\n|turn|3\n|\n|t:|1700070181\n|move|p1a: \ud83d\udd25\ud83d\udca7VOLCANION\ud83d\udca7\ud83d\udd25|Steam Eruption|p2a: motoR\n|-resisted|p2a: motoR\n|-damage|p2a: motoR|15\/100\n|move|p2a: motoR|Leaf Storm|p1a: \ud83d\udd25\ud83d\udca7VOLCANION\ud83d\udca7\ud83d\udd25\n|-supereffective|p1a: \ud83d\udd25\ud83d\udca7VOLCANION\ud83d\udca7\ud83d\udd25\n|-damage|p1a: \ud83d\udd25\ud83d\udca7VOLCANION\ud83d\udca7\ud83d\udd25|0 fnt\n|-unboost|p2a: motoR|spa|2\n|faint|p1a: \ud83d\udd25\ud83d\udca7VOLCANION\ud83d\udca7\ud83d\udd25\n|\n|-weather|RainDance|[upkeep]\n|-heal|p2a: motoR|21\/100|[from] item: Leftovers\n|upkeep\n|\n|t:|1700070195\n|switch|p1a: \ud83d\udca7GRENINJA\ud83d\udca7|Greninja, M|100\/100\n|-damage|p1a: \ud83d\udca7GRENINJA\ud83d\udca7|88\/100|[from] Stealth Rock\n|turn|4\n|\n|t:|1700070204\n|move|p1a: \ud83d\udca7GRENINJA\ud83d\udca7|Hydro Pump|p2a: motoR\n|-resisted|p2a: motoR\n|-damage|p2a: motoR|0 fnt\n|faint|p2a: motoR\n|-ability|p1a: \ud83d\udca7GRENINJA\ud83d\udca7|Battle Bond|boost\n|-boost|p1a: \ud83d\udca7GRENINJA\ud83d\udca7|atk|1\n|-boost|p1a: \ud83d\udca7GRENINJA\ud83d\udca7|spa|1\n|-boost|p1a: \ud83d\udca7GRENINJA\ud83d\udca7|spe|1\n|-activate|p1a: \ud83d\udca7GRENINJA\ud83d\udca7|ability: Battle Bond\n|\n|-weather|RainDance|[upkeep]\n|upkeep\n|\n|t:|1700070213\n|switch|p2a: Heatran|Heatran, M|100\/100\n|-item|p2a: Heatran|Air Balloon\n|turn|5\n|\n|t:|1700070219\n|-terastallize|p2a: Heatran|Grass\n|move|p1a: \ud83d\udca7GRENINJA\ud83d\udca7|Hydro Pump|p2a: Heatran\n|-resisted|p2a: Heatran\n|-damage|p2a: Heatran|51\/100\n|-enditem|p2a: Heatran|Air Balloon\n|move|p2a: Heatran|Tera Blast|p1a: \ud83d\udca7GRENINJA\ud83d\udca7|[anim] Tera Blast Grass\n|-supereffective|p1a: \ud83d\udca7GRENINJA\ud83d\udca7\n|-damage|p1a: \ud83d\udca7GRENINJA\ud83d\udca7|0 fnt\n|faint|p1a: \ud83d\udca7GRENINJA\ud83d\udca7\n|\n|-weather|RainDance|[upkeep]\n|upkeep\n|\n|t:|1700070235\n|switch|p1a: \ud83d\udca7\ud83d\udca7VAPOREON\ud83d\udca7\ud83d\udca7|Vaporeon, F|100\/100\n|-damage|p1a: \ud83d\udca7\ud83d\udca7VAPOREON\ud83d\udca7\ud83d\udca7|88\/100|[from] Stealth Rock\n|turn|6\n|\n|t:|1700070245\n|-zpower|p1a: \ud83d\udca7\ud83d\udca7VAPOREON\ud83d\udca7\ud83d\udca7\n|move|p1a: \ud83d\udca7\ud83d\udca7VAPOREON\ud83d\udca7\ud83d\udca7|Hydro Vortex|p2a: Heatran|[zeffect]\n|-resisted|p2a: Heatran\n|-damage|p2a: Heatran|0 fnt\n|faint|p2a: Heatran\n|\n|-weather|RainDance|[upkeep]\n|upkeep\n|\n|t:|1700070253\n|switch|p2a: Iron Moth|Iron Moth|100\/100\n|-enditem|p2a: Iron Moth|Booster Energy\n|-activate|p2a: Iron Moth|ability: Quark Drive|[fromitem]\n|-start|p2a: Iron Moth|quarkdrivespe\n|turn|7\n|\n|t:|1700070259\n|move|p2a: Iron Moth|Energy Ball|p1a: \ud83d\udca7\ud83d\udca7VAPOREON\ud83d\udca7\ud83d\udca7\n|-supereffective|p1a: \ud83d\udca7\ud83d\udca7VAPOREON\ud83d\udca7\ud83d\udca7\n|-damage|p1a: \ud83d\udca7\ud83d\udca7VAPOREON\ud83d\udca7\ud83d\udca7|45\/100\n|move|p1a: \ud83d\udca7\ud83d\udca7VAPOREON\ud83d\udca7\ud83d\udca7|Hydro Pump|p2a: Iron Moth\n|-supereffective|p2a: Iron Moth\n|-damage|p2a: Iron Moth|0 fnt\n|faint|p2a: Iron Moth\n|-end|p2a: Iron Moth|Quark Drive|[silent]\n|\n|-weather|RainDance|[upkeep]\n|upkeep\n|\n|t:|1700070263\n|switch|p2a: Gardevoir|Gardevoir, F, shiny|100\/100\n|turn|8\n|\n|t:|1700070273\n|detailschange|p2a: Gardevoir|Gardevoir-Mega, F, shiny\n|-mega|p2a: Gardevoir|Gardevoir|Gardevoirite\n|move|p2a: Gardevoir|Draining Kiss|p1a: \ud83d\udca7\ud83d\udca7VAPOREON\ud83d\udca7\ud83d\udca7\n|-damage|p1a: \ud83d\udca7\ud83d\udca7VAPOREON\ud83d\udca7\ud83d\udca7|17\/100\n|move|p1a: \ud83d\udca7\ud83d\udca7VAPOREON\ud83d\udca7\ud83d\udca7|Hydro Pump|p2a: Gardevoir\n|-damage|p2a: Gardevoir|32\/100\n|\n|-weather|none\n|upkeep\n|turn|9\n|\n|t:|1700070284\n|move|p2a: Gardevoir|Draining Kiss|p1a: \ud83d\udca7\ud83d\udca7VAPOREON\ud83d\udca7\ud83d\udca7\n|-damage|p1a: \ud83d\udca7\ud83d\udca7VAPOREON\ud83d\udca7\ud83d\udca7|0 fnt\n|-heal|p2a: Gardevoir|50\/100|[from] drain|[of] p1a: \ud83d\udca7\ud83d\udca7VAPOREON\ud83d\udca7\ud83d\udca7\n|faint|p1a: \ud83d\udca7\ud83d\udca7VAPOREON\ud83d\udca7\ud83d\udca7\n|\n|upkeep\n|\n|t:|1700070295\n|switch|p1a: \ud83c\udf27\ud83d\udca7\ud83d\udca7KYOGRE\ud83d\udca7\ud83d\udca7\ud83c\udf27|Kyogre|100\/100\n|-damage|p1a: \ud83c\udf27\ud83d\udca7\ud83d\udca7KYOGRE\ud83d\udca7\ud83d\udca7\ud83c\udf27|88\/100|[from] Stealth Rock\n|detailschange|p1a: \ud83c\udf27\ud83d\udca7\ud83d\udca7KYOGRE\ud83d\udca7\ud83d\udca7\ud83c\udf27|Kyogre-Primal\n|-primal|p1a: \ud83c\udf27\ud83d\udca7\ud83d\udca7KYOGRE\ud83d\udca7\ud83d\udca7\ud83c\udf27|Blue Orb\n|-weather|PrimordialSea|[from] ability: Primordial Sea|[of] p1a: \ud83c\udf27\ud83d\udca7\ud83d\udca7KYOGRE\ud83d\udca7\ud83d\udca7\ud83c\udf27\n|turn|10\n|\n|t:|1700070304\n|move|p1a: \ud83c\udf27\ud83d\udca7\ud83d\udca7KYOGRE\ud83d\udca7\ud83d\udca7\ud83c\udf27|Water Spout|p2a: Gardevoir\n|-damage|p2a: Gardevoir|0 fnt\n|faint|p2a: Gardevoir\n|\n|-weather|PrimordialSea|[upkeep]\n|upkeep\n|\n|t:|1700070308\n|switch|p2a: Greninja|Greninja, F, shiny|100\/100\n|turn|11\n|\n|t:|1700070313\n|move|p2a: Greninja|Dark Pulse|p1a: \ud83c\udf27\ud83d\udca7\ud83d\udca7KYOGRE\ud83d\udca7\ud83d\udca7\ud83c\udf27\n|-start|p2a: Greninja|typechange|Dark|[from] ability: Protean\n|-damage|p1a: \ud83c\udf27\ud83d\udca7\ud83d\udca7KYOGRE\ud83d\udca7\ud83d\udca7\ud83c\udf27|64\/100\n|move|p1a: \ud83c\udf27\ud83d\udca7\ud83d\udca7KYOGRE\ud83d\udca7\ud83d\udca7\ud83c\udf27|Water Spout|p2a: Greninja\n|-damage|p2a: Greninja|0 fnt\n|faint|p2a: Greninja\n|\n|win|HYDRO-MODE\ufe0f\ufe0f\ufe0f\u267e\ufe0f\n|raw|HYDRO-MODE\ufe0f\ufe0f\ufe0f\u267e\ufe0f's rating: 1117 &rarr; <strong>1142<\/strong><br \/>(+25 for winning)\n|raw|AidenThatGod's rating: 1119 &rarr; <strong>1094<\/strong><br \/>(-25 for losing)\n|l|\u2606AidenThatGod\n","uploadtime":1700070778,"views":9,"p1id":"hydromode","p2id":"aidenthatgod","formatid":"gen9nationaldexubers","rating":1094,"private":0,"password":""}