{"id":"gen9nationaldexubers-1978617491","p1":"Nuclearstomp","p2":"pakman88","format":"[Gen 9] National Dex Ubers","log":"|j|\u2606Nuclearstomp\n|j|\u2606pakman88\n|t:|1698567807\n|gametype|singles\n|player|p1|Nuclearstomp|burglar-gen1rb|1184\n|player|p2|pakman88|skier|1345\n|teamsize|p1|6\n|teamsize|p2|6\n|gen|9\n|tier|[Gen 9] National Dex Ubers\n|rated|\n|rule|HP Percentage Mod: HP is shown in percentages\n|rule|Endless Battle Clause: Forcing endless battles is banned\n|rule|OHKO Clause: OHKO moves are banned\n|rule|Evasion Moves Clause: Evasion moves are banned\n|rule|Evasion Items Clause: Evasion items are banned\n|rule|Species Clause: Limit one of each Pok\u00e9mon\n|rule|Sleep Clause Mod: Limit one foe put to sleep\n|rule|Mega Rayquaza Clause: You cannot mega evolve Rayquaza\n|clearpoke\n|poke|p1|Gyarados, M|\n|poke|p1|Excadrill, M|\n|poke|p1|Crobat, F|\n|poke|p1|Druddigon, M|\n|poke|p1|Gigalith, M|\n|poke|p1|Snorlax, F|\n|poke|p2|Regice|\n|poke|p2|Cinccino, M|\n|poke|p2|Landorus, M|\n|poke|p2|Darmanitan, M|\n|poke|p2|Vivillon-Fancy, M|\n|poke|p2|Milotic, M|\n|teampreview\n|inactive|Battle timer is ON: inactive players will automatically lose when time's up. (requested by Nuclearstomp)\n|\n|t:|1698567818\n|start\n|switch|p1a: Gigalith|Gigalith, M|100\/100\n|switch|p2a: Landorus|Landorus, M|100\/100\n|-weather|Sandstorm|[from] ability: Sand Stream|[of] p1a: Gigalith\n|turn|1\n|\n|t:|1698567822\n|move|p2a: Landorus|Stealth Rock|p1a: Gigalith\n|-sidestart|p1: Nuclearstomp|move: Stealth Rock\n|move|p1a: Gigalith|Toxic|p2a: Landorus\n|-status|p2a: Landorus|tox\n|\n|-weather|Sandstorm|[upkeep]\n|-damage|p2a: Landorus|94\/100 tox|[from] psn\n|upkeep\n|turn|2\n|\n|t:|1698567824\n|move|p2a: Landorus|Earthquake|p1a: Gigalith\n|-supereffective|p1a: Gigalith\n|-damage|p1a: Gigalith|19\/100\n|move|p1a: Gigalith|Stealth Rock|p2a: Landorus\n|-sidestart|p2: pakman88|move: Stealth Rock\n|\n|-weather|Sandstorm|[upkeep]\n|-damage|p2a: Landorus|82\/100 tox|[from] psn\n|upkeep\n|turn|3\n|\n|t:|1698567827\n|move|p2a: Landorus|Defog|p1a: Gigalith\n|-unboost|p1a: Gigalith|evasion|1\n|-sideend|p1: Nuclearstomp|Stealth Rock|[from] move: Defog|[of] p2a: Landorus\n|-sideend|p2: pakman88|Stealth Rock|[from] move: Defog|[of] p2a: Landorus\n|move|p1a: Gigalith|Rock Blast|p2a: Landorus\n|-damage|p2a: Landorus|74\/100 tox\n|-damage|p2a: Landorus|66\/100 tox\n|-damage|p2a: Landorus|59\/100 tox\n|-hitcount|p2a: Landorus|3\n|\n|-weather|Sandstorm|[upkeep]\n|-damage|p2a: Landorus|41\/100 tox|[from] psn\n|upkeep\n|turn|4\n|\n|t:|1698567830\n|switch|p1a: Gyarados|Gyarados, M|100\/100\n|-ability|p1a: Gyarados|Intimidate|boost\n|-unboost|p2a: Landorus|atk|1\n|move|p2a: Landorus|Earthquake|p1a: Gyarados\n|-immune|p1a: Gyarados\n|\n|-weather|Sandstorm|[upkeep]\n|-damage|p1a: Gyarados|94\/100|[from] Sandstorm\n|-damage|p2a: Landorus|17\/100 tox|[from] psn\n|upkeep\n|turn|5\n|\n|t:|1698567836\n|switch|p1a: Gigalith|Gigalith, M|19\/100\n|move|p2a: Landorus|U-turn|p1a: Gigalith\n|-damage|p1a: Gigalith|9\/100\n|\n|t:|1698567845\n|switch|p2a: Vivillon|Vivillon-Fancy, M|100\/100|[from] U-turn\n|\n|-weather|Sandstorm|[upkeep]\n|-damage|p2a: Vivillon|95\/100|[from] Sandstorm\n|upkeep\n|turn|6\n|\n|t:|1698567850\n|move|p2a: Vivillon|Sleep Powder|p1a: Gigalith\n|-status|p1a: Gigalith|slp|[from] move: Sleep Powder\n|cant|p1a: Gigalith|slp\n|\n|-weather|Sandstorm|[upkeep]\n|-damage|p2a: Vivillon|89\/100|[from] Sandstorm\n|upkeep\n|turn|7\n|\n|t:|1698567852\n|move|p2a: Vivillon|Quiver Dance|p2a: Vivillon\n|-boost|p2a: Vivillon|spa|1\n|-boost|p2a: Vivillon|spd|1\n|-boost|p2a: Vivillon|spe|1\n|cant|p1a: Gigalith|slp\n|\n|-weather|Sandstorm|[upkeep]\n|-damage|p2a: Vivillon|83\/100|[from] Sandstorm\n|upkeep\n|turn|8\n|\n|t:|1698567854\n|move|p2a: Vivillon|Quiver Dance|p2a: Vivillon\n|-boost|p2a: Vivillon|spa|1\n|-boost|p2a: Vivillon|spd|1\n|-boost|p2a: Vivillon|spe|1\n|-curestatus|p1a: Gigalith|slp|[msg]\n|move|p1a: Gigalith|Rock Blast|p2a: Vivillon\n|-supereffective|p2a: Vivillon\n|-crit|p2a: Vivillon\n|-damage|p2a: Vivillon|0 fnt\n|faint|p2a: Vivillon\n|-hitcount|p2: Vivillon|1\n|\n|-weather|none\n|upkeep\n|\n|t:|1698567860\n|switch|p2a: Landorus|Landorus, M|17\/100 tox\n|turn|9\n|\n|t:|1698567862\n|switch|p1a: Gyarados|Gyarados, M|94\/100\n|-ability|p1a: Gyarados|Intimidate|boost\n|-unboost|p2a: Landorus|atk|1\n|move|p2a: Landorus|U-turn|p1a: Gyarados\n|-resisted|p1a: Gyarados\n|-damage|p1a: Gyarados|90\/100\n|\n|t:|1698567867\n|switch|p2a: Cinccino|Cinccino, M|100\/100|[from] U-turn\n|\n|upkeep\n|turn|10\n|\n|t:|1698567869\n|switch|p1a: Gigalith|Gigalith, M|9\/100\n|-weather|Sandstorm|[from] ability: Sand Stream|[of] p1a: Gigalith\n|move|p2a: Cinccino|Bullet Seed|p1a: Gigalith\n|-supereffective|p1a: Gigalith\n|-damage|p1a: Gigalith|0 fnt\n|faint|p1a: Gigalith\n|-hitcount|p1: Gigalith|1\n|\n|-weather|Sandstorm|[upkeep]\n|-damage|p2a: Cinccino|94\/100|[from] Sandstorm\n|upkeep\n|\n|t:|1698567870\n|switch|p1a: Excadrill|Excadrill, M|100\/100\n|turn|11\n|\n|t:|1698567873\n|move|p1a: Excadrill|Earthquake|p2a: Cinccino\n|-damage|p2a: Cinccino|0 fnt\n|faint|p2a: Cinccino\n|\n|-weather|Sandstorm|[upkeep]\n|upkeep\n|\n|t:|1698567880\n|switch|p2a: Milotic|Milotic, M|100\/100\n|turn|12\n|\n|t:|1698567883\n|switch|p1a: Crobat|Crobat, F|100\/100\n|move|p2a: Milotic|Scald|p1a: Crobat\n|-damage|p1a: Crobat|70\/100\n|-status|p1a: Crobat|brn\n|\n|-weather|Sandstorm|[upkeep]\n|-damage|p1a: Crobat|64\/100 brn|[from] Sandstorm\n|-damage|p2a: Milotic|94\/100|[from] Sandstorm\n|-heal|p2a: Milotic|100\/100|[from] item: Leftovers\n|-damage|p1a: Crobat|58\/100 brn|[from] brn\n|upkeep\n|turn|13\n|\n|t:|1698567890\n|move|p1a: Crobat|Toxic|p2a: Milotic\n|-status|p2a: Milotic|tox\n|move|p2a: Milotic|Recover||[still]\n|-fail|p2a: Milotic|heal\n|\n|-weather|Sandstorm|[upkeep]\n|-damage|p1a: Crobat|52\/100 brn|[from] Sandstorm\n|-damage|p2a: Milotic|94\/100 tox|[from] Sandstorm\n|-heal|p2a: Milotic|100\/100 tox|[from] item: Leftovers\n|-damage|p2a: Milotic|94\/100 tox|[from] psn\n|-damage|p1a: Crobat|45\/100 brn|[from] brn\n|upkeep\n|turn|14\n|\n|t:|1698567893\n|move|p1a: Crobat|Roost|p1a: Crobat\n|-heal|p1a: Crobat|95\/100 brn\n|-singleturn|p1a: Crobat|move: Roost\n|move|p2a: Milotic|Refresh|p2a: Milotic\n|-curestatus|p2a: Milotic|tox|[msg]\n|\n|-weather|Sandstorm|[upkeep]\n|-damage|p1a: Crobat|89\/100 brn|[from] Sandstorm\n|-damage|p2a: Milotic|88\/100|[from] Sandstorm\n|-heal|p2a: Milotic|94\/100|[from] item: Leftovers\n|-damage|p1a: Crobat|83\/100 brn|[from] brn\n|upkeep\n|turn|15\n|\n|t:|1698567897\n|switch|p1a: Druddigon|Druddigon, M|100\/100\n|move|p2a: Milotic|Scald|p1a: Druddigon\n|-resisted|p1a: Druddigon\n|-damage|p1a: Druddigon|86\/100\n|\n|-weather|Sandstorm|[upkeep]\n|-damage|p2a: Milotic|88\/100|[from] Sandstorm\n|-damage|p1a: Druddigon|80\/100|[from] Sandstorm\n|-heal|p2a: Milotic|94\/100|[from] item: Leftovers\n|upkeep\n|turn|16\n|\n|t:|1698567901\n|move|p2a: Milotic|Toxic|p1a: Druddigon\n|-status|p1a: Druddigon|tox\n|move|p1a: Druddigon|Glare|p2a: Milotic\n|-status|p2a: Milotic|par\n|\n|-weather|Sandstorm|[upkeep]\n|-damage|p1a: Druddigon|74\/100 tox|[from] Sandstorm\n|-damage|p2a: Milotic|88\/100 par|[from] Sandstorm\n|-heal|p2a: Milotic|94\/100 par|[from] item: Leftovers\n|-damage|p1a: Druddigon|68\/100 tox|[from] psn\n|upkeep\n|turn|17\n|\n|t:|1698567906\n|switch|p1a: Gyarados|Gyarados, M|90\/100\n|-ability|p1a: Gyarados|Intimidate|boost\n|-unboost|p2a: Milotic|atk|1\n|move|p2a: Milotic|Scald|p1a: Gyarados\n|-resisted|p1a: Gyarados\n|-damage|p1a: Gyarados|79\/100\n|\n|-weather|none\n|-heal|p2a: Milotic|100\/100 par|[from] item: Leftovers\n|upkeep\n|turn|18\n|\n|t:|1698567914\n|switch|p2a: Darmanitan|Darmanitan, M|100\/100\n|detailschange|p1a: Gyarados|Gyarados-Mega, M\n|-mega|p1a: Gyarados|Gyarados|Gyaradosite\n|-ability|p1a: Gyarados|Mold Breaker\n|move|p1a: Gyarados|Crunch|p2a: Darmanitan\n|-damage|p2a: Darmanitan|41\/100\n|-unboost|p2a: Darmanitan|def|1\n|\n|upkeep\n|turn|19\n|\n|t:|1698567919\n|switch|p1a: Druddigon|Druddigon, M|68\/100 tox\n|move|p2a: Darmanitan|Earthquake|p1a: Druddigon\n|-damage|p1a: Druddigon|29\/100 tox\n|\n|-damage|p1a: Druddigon|23\/100 tox|[from] psn\n|upkeep\n|turn|20\n|\n|t:|1698567924\n|move|p1a: Druddigon|Sucker Punch|p2a: Darmanitan\n|-damage|p2a: Darmanitan|0 fnt\n|faint|p2a: Darmanitan\n|\n|-damage|p1a: Druddigon|11\/100 tox|[from] psn\n|upkeep\n|\n|t:|1698567928\n|switch|p2a: Landorus|Landorus, M|17\/100 tox\n|turn|21\n|\n|t:|1698567930\n|move|p1a: Druddigon|Sucker Punch|p2a: Landorus\n|-damage|p2a: Landorus|0 fnt\n|-damage|p1a: Druddigon|0 fnt|[from] item: Rocky Helmet|[of] p2a: Landorus\n|faint|p2a: Landorus\n|faint|p1a: Druddigon\n|\n|upkeep\n|\n|t:|1698567933\n|switch|p2a: Regice|Regice|100\/100\n|switch|p1a: Excadrill|Excadrill, M|100\/100\n|turn|22\n|\n|t:|1698567937\n|move|p2a: Regice|Protect|p2a: Regice\n|-singleturn|p2a: Regice|Protect\n|-zpower|p1a: Excadrill\n|move|p1a: Excadrill|Continental Crush|p2a: Regice|[zeffect]\n|-supereffective|p2a: Regice\n|-zbroken|p2a: Regice\n|-damage|p2a: Regice|78\/100\n|\n|-heal|p2a: Regice|84\/100|[from] item: Leftovers\n|upkeep\n|turn|23\n|\n|t:|1698567950\n|switch|p1a: Snorlax|Snorlax, F|100\/100\n|switch|p2a: Milotic|Milotic, M|100\/100 par\n|\n|upkeep\n|turn|24\n|\n|t:|1698567957\n|switch|p1a: Crobat|Crobat, F|83\/100 brn\n|cant|p2a: Milotic|par\n|\n|-damage|p1a: Crobat|77\/100 brn|[from] brn\n|upkeep\n|turn|25\n|\n|t:|1698567959\n|move|p1a: Crobat|Toxic||[still]\n|-fail|p1a: Crobat\n|move|p2a: Milotic|Scald|p1a: Crobat\n|-damage|p1a: Crobat|46\/100 brn\n|\n|-damage|p1a: Crobat|40\/100 brn|[from] brn\n|upkeep\n|turn|26\n|\n|t:|1698567964\n|move|p1a: Crobat|Roost|p1a: Crobat\n|-heal|p1a: Crobat|90\/100 brn\n|-singleturn|p1a: Crobat|move: Roost\n|move|p2a: Milotic|Scald|p1a: Crobat\n|-damage|p1a: Crobat|57\/100 brn\n|\n|-damage|p1a: Crobat|51\/100 brn|[from] brn\n|upkeep\n|turn|27\n|\n|t:|1698567968\n|switch|p1a: Gyarados|Gyarados-Mega, M|79\/100\n|-ability|p1a: Gyarados|Mold Breaker\n|move|p2a: Milotic|Scald|p1a: Gyarados\n|-resisted|p1a: Gyarados\n|-damage|p1a: Gyarados|69\/100\n|\n|upkeep\n|turn|28\n|\n|t:|1698567972\n|move|p1a: Gyarados|Crunch|p2a: Milotic\n|-damage|p2a: Milotic|59\/100 par\n|move|p2a: Milotic|Toxic|p1a: Gyarados|[miss]\n|-miss|p2a: Milotic|p1a: Gyarados\n|\n|-heal|p2a: Milotic|65\/100 par|[from] item: Leftovers\n|upkeep\n|turn|29\n|\n|t:|1698567975\n|move|p1a: Gyarados|Crunch|p2a: Milotic\n|-damage|p2a: Milotic|25\/100 par\n|-unboost|p2a: Milotic|def|1\n|move|p2a: Milotic|Recover|p2a: Milotic\n|-heal|p2a: Milotic|75\/100 par\n|\n|-heal|p2a: Milotic|81\/100 par|[from] item: Leftovers\n|upkeep\n|turn|30\n|\n|t:|1698567979\n|move|p1a: Gyarados|Crunch|p2a: Milotic\n|-crit|p2a: Milotic\n|-damage|p2a: Milotic|0 fnt\n|faint|p2a: Milotic\n|\n|upkeep\n|\n|t:|1698567980\n|switch|p2a: Regice|Regice|84\/100\n|turn|31\n|\n|t:|1698567983\n|move|p1a: Gyarados|Thunder Wave|p2a: Regice\n|-status|p2a: Regice|par\n|move|p2a: Regice|Thunder Wave|p1a: Gyarados\n|-status|p1a: Gyarados|par\n|\n|-heal|p2a: Regice|90\/100 par|[from] item: Leftovers\n|upkeep\n|turn|32\n|\n|t:|1698567986\n|move|p1a: Gyarados|Crunch|p2a: Regice\n|-damage|p2a: Regice|50\/100 par\n|move|p2a: Regice|Amnesia|p2a: Regice\n|-boost|p2a: Regice|spd|2\n|\n|-heal|p2a: Regice|57\/100 par|[from] item: Leftovers\n|upkeep\n|turn|33\n|\n|t:|1698567988\n|move|p2a: Regice|Protect|p2a: Regice\n|-singleturn|p2a: Regice|Protect\n|move|p1a: Gyarados|Crunch|p2a: Regice\n|-activate|p2a: Regice|move: Protect\n|\n|-heal|p2a: Regice|63\/100 par|[from] item: Leftovers\n|upkeep\n|turn|34\n|\n|t:|1698567990\n|move|p1a: Gyarados|Crunch|p2a: Regice\n|-damage|p2a: Regice|26\/100 par\n|cant|p2a: Regice|par\n|\n|-heal|p2a: Regice|32\/100 par|[from] item: Leftovers\n|upkeep\n|turn|35\n|\n|t:|1698567992\n|move|p2a: Regice|Protect|p2a: Regice\n|-singleturn|p2a: Regice|Protect\n|move|p1a: Gyarados|Waterfall|p2a: Regice\n|-activate|p2a: Regice|move: Protect\n|\n|-heal|p2a: Regice|38\/100 par|[from] item: Leftovers\n|upkeep\n|turn|36\n|\n|t:|1698567994\n|move|p2a: Regice|Protect||[still]\n|-fail|p2a: Regice\n|move|p1a: Gyarados|Waterfall|p2a: Regice\n|-damage|p2a: Regice|3\/100 par\n|\n|-heal|p2a: Regice|9\/100 par|[from] item: Leftovers\n|upkeep\n|turn|37\n|\n|t:|1698567996\n|move|p2a: Regice|Protect|p2a: Regice\n|-singleturn|p2a: Regice|Protect\n|move|p1a: Gyarados|Waterfall|p2a: Regice\n|-activate|p2a: Regice|move: Protect\n|\n|-heal|p2a: Regice|15\/100 par|[from] item: Leftovers\n|upkeep\n|turn|38\n|\n|t:|1698567998\n|move|p2a: Regice|Protect||[still]\n|-fail|p2a: Regice\n|cant|p1a: Gyarados|par\n|\n|-heal|p2a: Regice|21\/100 par|[from] item: Leftovers\n|upkeep\n|turn|39\n|\n|t:|1698568000\n|switch|p1a: Excadrill|Excadrill, M|100\/100\n|cant|p2a: Regice|par\n|\n|-heal|p2a: Regice|27\/100 par|[from] item: Leftovers\n|upkeep\n|turn|40\n|\n|t:|1698568003\n|move|p1a: Excadrill|Iron Head|p2a: Regice\n|-supereffective|p2a: Regice\n|-damage|p2a: Regice|0 fnt\n|faint|p2a: Regice\n|\n|win|Nuclearstomp\n|raw|Nuclearstomp's rating: 1184 &rarr; <strong>1220<\/strong><br \/>(+36 for winning)\n|raw|pakman88's rating: 1345 &rarr; <strong>1316<\/strong><br \/>(-29 for losing)\n","uploadtime":1698568008,"views":17,"p1id":"nuclearstomp","p2id":"pakman88","formatid":"gen9nationaldexubers","rating":1220,"private":0,"password":""}