{"id":"gen9nationaldexubers-1995620596","p1":"RedHoodKat","p2":"The power of ROCK","format":"[Gen 9] National Dex Ubers","log":"|j|\u2606RedHoodKat\n|j|\u2606The power of ROCK\n|t:|1700588175\n|gametype|singles\n|player|p1|RedHoodKat|colress|\n|player|p2|The power of ROCK|roark|\n|teamsize|p1|6\n|teamsize|p2|6\n|gen|9\n|tier|[Gen 9] National Dex Ubers\n|rule|HP Percentage Mod: HP is shown in percentages\n|rule|Endless Battle Clause: Forcing endless battles is banned\n|rule|OHKO Clause: OHKO moves are banned\n|rule|Evasion Moves Clause: Evasion moves are banned\n|rule|Evasion Items Clause: Evasion items are banned\n|rule|Species Clause: Limit one of each Pok\u00e9mon\n|rule|Sleep Clause Mod: Limit one foe put to sleep\n|rule|Mega Rayquaza Clause: You cannot mega evolve Rayquaza\n|clearpoke\n|poke|p1|Gholdengo|\n|poke|p1|Excadrill, M|\n|poke|p1|Kingambit, M|\n|poke|p1|Melmetal|\n|poke|p1|Necrozma-Dusk-Mane|\n|poke|p1|Cobalion|\n|poke|p2|Tyranitar, M|\n|poke|p2|Garganacl, M|\n|poke|p2|Aggron, F|\n|poke|p2|Cradily, M|\n|poke|p2|Arceus-Rock|\n|poke|p2|Glimmora, F|\n|teampreview\n|c|\u2606The power of ROCK|Welcome to the ROCK gym\n|\n|t:|1700588192\n|start\n|switch|p1a: Racist Deer|Cobalion, shiny|100\/100\n|switch|p2a: Aggron|Aggron, F|100\/100\n|turn|1\n|\n|t:|1700588198\n|detailschange|p2a: Aggron|Aggron-Mega, F\n|-mega|p2a: Aggron|Aggron|Aggronite\n|move|p1a: Racist Deer|Taunt|p2a: Aggron\n|-start|p2a: Aggron|move: Taunt\n|move|p2a: Aggron|Body Press|p1a: Racist Deer\n|-supereffective|p1a: Racist Deer\n|-damage|p1a: Racist Deer|21\/100\n|-enditem|p1a: Racist Deer|Lansat Berry|[eat]\n|-start|p1a: Racist Deer|move: Focus Energy\n|\n|upkeep\n|turn|2\n|\n|t:|1700588206\n|move|p1a: Racist Deer|Sacred Sword|p2a: Aggron\n|-supereffective|p2a: Aggron\n|-crit|p2a: Aggron\n|-damage|p2a: Aggron|66\/100\n|move|p2a: Aggron|Body Press|p1a: Racist Deer\n|-supereffective|p1a: Racist Deer\n|-damage|p1a: Racist Deer|0 fnt\n|faint|p1a: Racist Deer\n|\n|upkeep\n|\n|t:|1700588212\n|switch|p1a: Mole Man|Excadrill, M|100\/100\n|turn|3\n|\n|t:|1700588226\n|-terastallize|p1a: Mole Man|Ground\n|move|p1a: Mole Man|Earthquake|p2a: Aggron\n|-supereffective|p2a: Aggron\n|-damage|p2a: Aggron|14\/100\n|move|p2a: Aggron|Body Press|p1a: Mole Man\n|-damage|p1a: Mole Man|32\/100\n|\n|-end|p2a: Aggron|move: Taunt\n|upkeep\n|turn|4\n|\n|t:|1700588236\n|move|p1a: Mole Man|Earthquake|p2a: Aggron\n|-supereffective|p2a: Aggron\n|-damage|p2a: Aggron|0 fnt\n|faint|p2a: Aggron\n|\n|upkeep\n|\n|t:|1700588239\n|switch|p2a: Glimmora|Glimmora, F|100\/100\n|turn|5\n|\n|t:|1700588245\n|move|p2a: Glimmora|Earth Power|p1a: Mole Man\n|-damage|p1a: Mole Man|0 fnt\n|faint|p1a: Mole Man\n|\n|upkeep\n|\n|t:|1700588251\n|switch|p1a: 2 Sharp|Kingambit, M, shiny|100\/100\n|turn|6\n|\n|t:|1700588255\n|move|p1a: 2 Sharp|Sucker Punch|p2a: Glimmora\n|-damage|p2a: Glimmora|51\/100\n|-activate|p2a: Glimmora|ability: Toxic Debris\n|-sidestart|p1: RedHoodKat|move: Toxic Spikes\n|move|p2a: Glimmora|Earth Power|p1a: 2 Sharp\n|-supereffective|p1a: 2 Sharp\n|-damage|p1a: 2 Sharp|45\/100\n|\n|upkeep\n|turn|7\n|\n|t:|1700588262\n|move|p1a: 2 Sharp|Sucker Punch|p2a: Glimmora\n|-damage|p2a: Glimmora|1\/100\n|-activate|p2a: Glimmora|ability: Toxic Debris\n|-sidestart|p1: RedHoodKat|move: Toxic Spikes\n|move|p2a: Glimmora|Earth Power|p1a: 2 Sharp\n|-supereffective|p1a: 2 Sharp\n|-damage|p1a: 2 Sharp|0 fnt\n|faint|p1a: 2 Sharp\n|\n|upkeep\n|\n|t:|1700588269\n|switch|p1a: Necrozma-Cat|Necrozma-Dusk-Mane, shiny|100\/100\n|turn|8\n|\n|t:|1700588273\n|move|p2a: Glimmora|Earth Power|p1a: Necrozma-Cat\n|-supereffective|p1a: Necrozma-Cat\n|-damage|p1a: Necrozma-Cat|64\/100\n|move|p1a: Necrozma-Cat|Earthquake|p2a: Glimmora\n|-supereffective|p2a: Glimmora\n|-damage|p2a: Glimmora|0 fnt\n|faint|p2a: Glimmora\n|\n|upkeep\n|\n|t:|1700588277\n|switch|p2a: Garganacl|Garganacl, M|100\/100\n|turn|9\n|\n|t:|1700588285\n|-terastallize|p2a: Garganacl|Ghost\n|move|p1a: Necrozma-Cat|Swords Dance|p1a: Necrozma-Cat\n|-boost|p1a: Necrozma-Cat|atk|2\n|move|p2a: Garganacl|Iron Defense|p2a: Garganacl\n|-boost|p2a: Garganacl|def|2\n|\n|upkeep\n|turn|10\n|\n|t:|1700588292\n|move|p1a: Necrozma-Cat|Swords Dance|p1a: Necrozma-Cat\n|-boost|p1a: Necrozma-Cat|atk|2\n|move|p2a: Garganacl|Salt Cure|p1a: Necrozma-Cat\n|-resisted|p1a: Necrozma-Cat\n|-damage|p1a: Necrozma-Cat|60\/100\n|\n|upkeep\n|turn|11\n|\n|t:|1700588298\n|move|p1a: Necrozma-Cat|Swords Dance|p1a: Necrozma-Cat\n|-boost|p1a: Necrozma-Cat|atk|2\n|move|p2a: Garganacl|Iron Defense|p2a: Garganacl\n|-boost|p2a: Garganacl|def|2\n|\n|upkeep\n|turn|12\n|\n|t:|1700588302\n|move|p1a: Necrozma-Cat|Sunsteel Strike|p2a: Garganacl\n|-damage|p2a: Garganacl|43\/100\n|move|p2a: Garganacl|Iron Defense|p2a: Garganacl\n|-boost|p2a: Garganacl|def|2\n|\n|upkeep\n|turn|13\n|\n|t:|1700588307\n|move|p1a: Necrozma-Cat|Sunsteel Strike|p2a: Garganacl\n|-damage|p2a: Garganacl|0 fnt\n|faint|p2a: Garganacl\n|\n|upkeep\n|\n|t:|1700588311\n|switch|p2a: Arceus|Arceus-Rock|100\/100\n|turn|14\n|\n|t:|1700588317\n|move|p2a: Arceus|Perish Song|p2a: Arceus\n|-start|p1a: Necrozma-Cat|perish3|[silent]\n|-start|p2a: Arceus|perish3|[silent]\n|-fieldactivate|move: Perish Song\n|move|p1a: Necrozma-Cat|Sunsteel Strike|p2a: Arceus\n|-supereffective|p2a: Arceus\n|-damage|p2a: Arceus|0 fnt\n|faint|p2a: Arceus\n|\n|-start|p1a: Necrozma-Cat|perish3\n|upkeep\n|\n|t:|1700588319\n|switch|p2a: Cradily|Cradily, M|100\/100\n|turn|15\n|\n|t:|1700588326\n|move|p2a: Cradily|Protect|p2a: Cradily\n|-singleturn|p2a: Cradily|Protect\n|move|p1a: Necrozma-Cat|Sunsteel Strike|p2a: Cradily\n|-activate|p2a: Cradily|move: Protect\n|\n|-start|p1a: Necrozma-Cat|perish2\n|upkeep\n|turn|16\n|\n|t:|1700588329\n|move|p1a: Necrozma-Cat|Sunsteel Strike|p2a: Cradily\n|-supereffective|p2a: Cradily\n|-damage|p2a: Cradily|0 fnt\n|faint|p2a: Cradily\n|\n|-start|p1a: Necrozma-Cat|perish1\n|upkeep\n|\n|t:|1700588331\n|switch|p2a: Tyranitar|Tyranitar, M|100\/100\n|-weather|Sandstorm|[from] ability: Sand Stream|[of] p2a: Tyranitar\n|turn|17\n|\n|t:|1700588336\n|move|p1a: Necrozma-Cat|Sunsteel Strike|p2a: Tyranitar\n|-supereffective|p2a: Tyranitar\n|-damage|p2a: Tyranitar|0 fnt\n|faint|p2a: Tyranitar\n|\n|win|RedHoodKat\n|c|\u2606The power of ROCK|gg : )\n|c|\u2606RedHoodKat|GG\n|c|\u2606RedHoodKat|LETS FUCKING GOOOOOOOOOOOOOOOOOOOOOOOOOOOOOOOOO\n|c|\u2606The power of ROCK|\/me Gives ROCK badge\n|c|\u2606The power of ROCK|well done : )\n","uploadtime":1700588352,"views":0,"p1id":"redhoodkat","p2id":"thepowerofrock","formatid":"gen9nationaldexubers","rating":0,"private":0,"password":""}