{"id":"gen9nationaldexubers-1985920440","p1":"orthodontistworm","p2":"ChocoBwear","format":"[Gen 9] National Dex Ubers","log":"|j|\u2606orthodontistworm\n|j|\u2606ChocoBwear\n|t:|1699422896\n|gametype|singles\n|player|p1|orthodontistworm|lusamine-nihilego|1248\n|player|p2|ChocoBwear|pokemaniac|1201\n|teamsize|p1|6\n|teamsize|p2|6\n|gen|9\n|tier|[Gen 9] National Dex Ubers\n|rated|\n|rule|HP Percentage Mod: HP is shown in percentages\n|rule|Endless Battle Clause: Forcing endless battles is banned\n|rule|OHKO Clause: OHKO moves are banned\n|rule|Evasion Moves Clause: Evasion moves are banned\n|rule|Evasion Items Clause: Evasion items are banned\n|rule|Species Clause: Limit one of each Pok\u00e9mon\n|rule|Sleep Clause Mod: Limit one foe put to sleep\n|rule|Mega Rayquaza Clause: You cannot mega evolve Rayquaza\n|clearpoke\n|poke|p1|Toxapex, F|\n|poke|p1|Zygarde|\n|poke|p1|Giratina-Origin|\n|poke|p1|Ting-Lu|\n|poke|p1|Skeledirge, F|\n|poke|p1|Blissey, F|\n|poke|p2|Magearna|\n|poke|p2|Iron Treads|\n|poke|p2|Kingambit, M|\n|poke|p2|Necrozma-Dusk-Mane|\n|poke|p2|Dialga|\n|poke|p2|Zamazenta-*|\n|teampreview\n|inactive|Battle timer is ON: inactive players will automatically lose when time's up. (requested by ChocoBwear)\n|\n|t:|1699422925\n|start\n|switch|p1a: Ting-Luftwaffe|Ting-Lu|100\/100\n|switch|p2a: Iron Treads|Iron Treads|100\/100\n|-ability|p1a: Ting-Luftwaffe|Vessel of Ruin\n|turn|1\n|\n|t:|1699422938\n|move|p2a: Iron Treads|Knock Off|p1a: Ting-Luftwaffe\n|-resisted|p1a: Ting-Luftwaffe\n|-damage|p1a: Ting-Luftwaffe|91\/100\n|-enditem|p1a: Ting-Luftwaffe|Leftovers|[from] move: Knock Off|[of] p2a: Iron Treads\n|move|p1a: Ting-Luftwaffe|Spikes|p2a: Iron Treads\n|-sidestart|p2: ChocoBwear|Spikes\n|\n|upkeep\n|turn|2\n|\n|t:|1699422948\n|switch|p1a: Dr. Dirge|Skeledirge, F|100\/100\n|move|p2a: Iron Treads|Rapid Spin|p1a: Dr. Dirge\n|-immune|p1a: Dr. Dirge\n|\n|upkeep\n|turn|3\n|\n|t:|1699422975\n|switch|p1a: Giratina-Oriental|Giratina-Origin|100\/100\n|move|p2a: Iron Treads|Knock Off|p1a: Giratina-Oriental\n|-supereffective|p1a: Giratina-Oriental\n|-damage|p1a: Giratina-Oriental|69\/100\n|\n|upkeep\n|turn|4\n|\n|t:|1699422990\n|move|p2a: Iron Treads|Earthquake|p1a: Giratina-Oriental\n|-immune|p1a: Giratina-Oriental|[from] ability: Levitate\n|move|p1a: Giratina-Oriental|Draco Meteor|p2a: Iron Treads\n|-resisted|p2a: Iron Treads\n|-damage|p2a: Iron Treads|46\/100\n|-unboost|p1a: Giratina-Oriental|spa|2\n|\n|upkeep\n|turn|5\n|\n|t:|1699423002\n|switch|p1a: Ting-Luftwaffe|Ting-Lu|91\/100\n|-ability|p1a: Ting-Luftwaffe|Vessel of Ruin\n|move|p2a: Iron Treads|Iron Head|p1a: Ting-Luftwaffe\n|-damage|p1a: Ting-Luftwaffe|67\/100\n|\n|upkeep\n|turn|6\n|\n|t:|1699423017\n|switch|p1a: Giratina-Oriental|Giratina-Origin|69\/100\n|move|p2a: Iron Treads|Rapid Spin|p1a: Giratina-Oriental\n|-immune|p1a: Giratina-Oriental\n|\n|upkeep\n|turn|7\n|\n|t:|1699423025\n|move|p2a: Iron Treads|Knock Off|p1a: Giratina-Oriental\n|-supereffective|p1a: Giratina-Oriental\n|-damage|p1a: Giratina-Oriental|37\/100\n|move|p1a: Giratina-Oriental|Draco Meteor|p2a: Iron Treads\n|-resisted|p2a: Iron Treads\n|-damage|p2a: Iron Treads|0 fnt\n|-unboost|p1a: Giratina-Oriental|spa|2\n|faint|p2a: Iron Treads\n|-end|p2a: Iron Treads|Quark Drive|[silent]\n|\n|upkeep\n|\n|t:|1699423041\n|switch|p2a: Necrozma|Necrozma-Dusk-Mane|100\/100\n|-item|p2a: Necrozma|Air Balloon\n|turn|8\n|\n|t:|1699423059\n|switch|p1a: Dr. Dirge|Skeledirge, F|100\/100\n|move|p2a: Necrozma|Dragon Dance|p2a: Necrozma\n|-boost|p2a: Necrozma|atk|1\n|-boost|p2a: Necrozma|spe|1\n|\n|upkeep\n|turn|9\n|\n|t:|1699423071\n|move|p2a: Necrozma|Earthquake|p1a: Dr. Dirge\n|-supereffective|p1a: Dr. Dirge\n|-damage|p1a: Dr. Dirge|54\/100\n|move|p1a: Dr. Dirge|Will-O-Wisp|p2a: Necrozma\n|-status|p2a: Necrozma|brn\n|\n|-damage|p2a: Necrozma|95\/100 brn|[from] brn\n|upkeep\n|turn|10\n|\n|t:|1699423082\n|move|p2a: Necrozma|Earthquake|p1a: Dr. Dirge\n|-supereffective|p1a: Dr. Dirge\n|-damage|p1a: Dr. Dirge|28\/100\n|move|p1a: Dr. Dirge|Slack Off|p1a: Dr. Dirge\n|-heal|p1a: Dr. Dirge|78\/100\n|\n|-damage|p2a: Necrozma|89\/100 brn|[from] brn\n|upkeep\n|turn|11\n|\n|t:|1699423091\n|switch|p2a: Dialga|Dialga|100\/100\n|-damage|p2a: Dialga|88\/100|[from] Spikes\n|-ability|p2a: Dialga|Pressure\n|move|p1a: Dr. Dirge|Torch Song|p2a: Dialga\n|-damage|p2a: Dialga|59\/100\n|-boost|p1a: Dr. Dirge|spa|1\n|\n|upkeep\n|turn|12\n|\n|t:|1699423101\n|switch|p1a: Blissey|Blissey, F|100\/100\n|move|p2a: Dialga|Earth Power|p1a: Blissey\n|-damage|p1a: Blissey|85\/100\n|\n|upkeep\n|turn|13\n|\n|t:|1699423109\n|switch|p2a: Zamazenta|Zamazenta-Crowned|100\/100\n|-damage|p2a: Zamazenta|88\/100|[from] Spikes\n|-ability|p2a: Zamazenta|Dauntless Shield|boost\n|-boost|p2a: Zamazenta|def|1\n|move|p1a: Blissey|Stealth Rock|p2a: Zamazenta\n|-sidestart|p2: ChocoBwear|move: Stealth Rock\n|\n|upkeep\n|turn|14\n|\n|t:|1699423132\n|switch|p1a: Sturd|Toxapex, F|100\/100\n|move|p2a: Zamazenta|Iron Defense|p2a: Zamazenta\n|-boost|p2a: Zamazenta|def|2\n|\n|upkeep\n|turn|15\n|\n|t:|1699423141\n|move|p2a: Zamazenta|Iron Defense|p2a: Zamazenta\n|-boost|p2a: Zamazenta|def|2\n|move|p1a: Sturd|Haze|p1a: Sturd\n|-clearallboost\n|\n|upkeep\n|turn|16\n|\n|t:|1699423150\n|switch|p1a: Dr. Dirge|Skeledirge, F|78\/100\n|move|p2a: Zamazenta|Behemoth Bash|p1a: Dr. Dirge\n|-resisted|p1a: Dr. Dirge\n|-damage|p1a: Dr. Dirge|63\/100\n|\n|upkeep\n|turn|17\n|\n|t:|1699423162\n|switch|p2a: Dialga|Dialga|59\/100\n|-damage|p2a: Dialga|47\/100|[from] Spikes\n|-damage|p2a: Dialga|40\/100|[from] Stealth Rock\n|-ability|p2a: Dialga|Pressure\n|move|p1a: Dr. Dirge|Will-O-Wisp|p2a: Dialga\n|-status|p2a: Dialga|brn\n|\n|-damage|p2a: Dialga|34\/100 brn|[from] brn\n|upkeep\n|turn|18\n|\n|t:|1699423184\n|switch|p2a: Magearna|Magearna|100\/100\n|-damage|p2a: Magearna|88\/100|[from] Spikes\n|-damage|p2a: Magearna|82\/100|[from] Stealth Rock\n|switch|p1a: Blissey|Blissey, F|85\/100\n|\n|upkeep\n|turn|19\n|\n|t:|1699423202\n|switch|p1a: Ting-Luftwaffe|Ting-Lu|67\/100\n|-ability|p1a: Ting-Luftwaffe|Vessel of Ruin\n|move|p2a: Magearna|Shift Gear|p2a: Magearna\n|-boost|p2a: Magearna|spe|2\n|-boost|p2a: Magearna|atk|1\n|\n|upkeep\n|turn|20\n|\n|t:|1699423213\n|-terastallize|p2a: Magearna|Psychic\n|move|p2a: Magearna|Calm Mind|p2a: Magearna\n|-boost|p2a: Magearna|spa|1\n|-boost|p2a: Magearna|spd|1\n|move|p1a: Ting-Luftwaffe|Taunt|p2a: Magearna\n|-start|p2a: Magearna|move: Taunt\n|\n|upkeep\n|turn|21\n|\n|t:|1699423223\n|move|p2a: Magearna|Draining Kiss|p1a: Ting-Luftwaffe\n|-supereffective|p1a: Ting-Luftwaffe\n|-damage|p1a: Ting-Luftwaffe|39\/100\n|-heal|p2a: Magearna|100\/100|[from] drain|[of] p1a: Ting-Luftwaffe\n|move|p1a: Ting-Luftwaffe|Payback|p2a: Magearna\n|-supereffective|p2a: Magearna\n|-damage|p2a: Magearna|50\/100\n|\n|upkeep\n|turn|22\n|\n|t:|1699423231\n|move|p2a: Magearna|Draining Kiss|p1a: Ting-Luftwaffe\n|-supereffective|p1a: Ting-Luftwaffe\n|-damage|p1a: Ting-Luftwaffe|7\/100\n|-heal|p2a: Magearna|91\/100|[from] drain|[of] p1a: Ting-Luftwaffe\n|move|p1a: Ting-Luftwaffe|Payback|p2a: Magearna\n|-supereffective|p2a: Magearna\n|-damage|p2a: Magearna|31\/100\n|\n|upkeep\n|turn|23\n|inactive|orthodontistworm has 120 seconds left.\n|\n|t:|1699423263\n|move|p2a: Magearna|Draining Kiss|p1a: Ting-Luftwaffe\n|-supereffective|p1a: Ting-Luftwaffe\n|-damage|p1a: Ting-Luftwaffe|0 fnt\n|-heal|p2a: Magearna|40\/100|[from] drain|[of] p1a: Ting-Luftwaffe\n|faint|p1a: Ting-Luftwaffe\n|-ability|p2a: Magearna|Soul-Heart|boost\n|-boost|p2a: Magearna|spa|1\n|\n|-end|p2a: Magearna|move: Taunt\n|upkeep\n|inactive|orthodontistworm has 120 seconds left.\n|\n|t:|1699423273\n|switch|p1a: Dr. Dirge|Skeledirge, F|63\/100\n|turn|24\n|inactive|orthodontistworm has 120 seconds left.\n|\n|t:|1699423288\n|move|p2a: Magearna|Stored Power|p1a: Dr. Dirge\n|-damage|p1a: Dr. Dirge|0 fnt\n|faint|p1a: Dr. Dirge\n|-ability|p2a: Magearna|Soul-Heart|boost\n|-boost|p2a: Magearna|spa|1\n|\n|upkeep\n|inactive|orthodontistworm has 120 seconds left.\n|\n|t:|1699423297\n|switch|p1a: Ziggar|Zygarde|100\/100\n|turn|25\n|\n|t:|1699423302\n|move|p1a: Ziggar|Extreme Speed|p2a: Magearna\n|-crit|p2a: Magearna\n|-damage|p2a: Magearna|21\/100\n|move|p2a: Magearna|Draining Kiss|p1a: Ziggar\n|-supereffective|p1a: Ziggar\n|-damage|p1a: Ziggar|37\/100\n|-heal|p2a: Magearna|87\/100|[from] drain|[of] p1a: Ziggar\n|\n|-heal|p1a: Ziggar|43\/100|[from] item: Leftovers\n|-activate|p1a: Ziggar|ability: Power Construct\n|detailschange|p1a: Ziggar|Zygarde-Complete\n|-heal|p1a: Ziggar|63\/100|[silent]\n|upkeep\n|turn|26\n|-message|orthodontistworm forfeited.\n|\n|win|ChocoBwear\n|raw|orthodontistworm's rating: 1248 &rarr; <strong>1220<\/strong><br \/>(-28 for losing)\n|raw|ChocoBwear's rating: 1201 &rarr; <strong>1229<\/strong><br \/>(+28 for winning)\n|l|\u2606orthodontistworm\n","uploadtime":1699423322,"views":90,"p1id":"orthodontistworm","p2id":"chocobwear","formatid":"gen9nationaldexubers","rating":1220,"private":0,"password":""}