{"id":"gen9nationaldexubers-1990918469","p1":"thi123456","p2":"Red HGSS 2023","format":"[Gen 9] National Dex Ubers","log":"|j|\u2606thi123456\n|j|\u2606Red HGSS 2023\n|t:|1700015038\n|gametype|singles\n|player|p1|thi123456|lucas-gen4pt|1000\n|player|p2|Red HGSS 2023|lucas|1000\n|teamsize|p1|6\n|teamsize|p2|6\n|gen|9\n|tier|[Gen 9] National Dex Ubers\n|rated|\n|rule|HP Percentage Mod: HP is shown in percentages\n|rule|Endless Battle Clause: Forcing endless battles is banned\n|rule|OHKO Clause: OHKO moves are banned\n|rule|Evasion Moves Clause: Evasion moves are banned\n|rule|Evasion Items Clause: Evasion items are banned\n|rule|Species Clause: Limit one of each Pok\u00e9mon\n|rule|Sleep Clause Mod: Limit one foe put to sleep\n|rule|Mega Rayquaza Clause: You cannot mega evolve Rayquaza\n|clearpoke\n|poke|p1|Empoleon, M|\n|poke|p1|Kingambit, M|\n|poke|p1|Magnezone|\n|poke|p1|Gholdengo|\n|poke|p1|Lucario, M|\n|poke|p1|Metagross|\n|poke|p2|Pikachu, F|\n|poke|p2|Venusaur, M|\n|poke|p2|Charizard, M|\n|poke|p2|Blastoise, M|\n|poke|p2|Snorlax, M|\n|poke|p2|Kingambit, M|\n|teampreview\n|\n|t:|1700015055\n|start\n|switch|p1a: Empoleon|Empoleon, M|100\/100\n|switch|p2a: Pikachu|Pikachu, F|100\/100\n|turn|1\n|\n|t:|1700015076\n|switch|p1a: Gholdengo|Gholdengo|100\/100\n|move|p2a: Pikachu|Volt Tackle|p1a: Gholdengo\n|-damage|p1a: Gholdengo|23\/100\n|-damage|p2a: Pikachu|62\/100|[from] Recoil\n|\n|upkeep\n|turn|2\n|\n|t:|1700015091\n|-terastallize|p1a: Gholdengo|Steel\n|move|p2a: Pikachu|Knock Off|p1a: Gholdengo\n|-crit|p1a: Gholdengo\n|-damage|p1a: Gholdengo|0 fnt\n|-enditem|p1a: Gholdengo|Choice Specs|[from] move: Knock Off|[of] p2a: Pikachu\n|faint|p1a: Gholdengo\n|\n|upkeep\n|\n|t:|1700015103\n|switch|p1a: Magnezone|Magnezone|100\/100\n|turn|3\n|\n|t:|1700015112\n|switch|p2a: Venusaur|Venusaur, M|100\/100\n|move|p1a: Magnezone|Heavy Slam|p2a: Venusaur\n|-damage|p2a: Venusaur|69\/100\n|-damage|p1a: Magnezone|91\/100|[from] item: Life Orb\n|\n|-heal|p2a: Venusaur|75\/100|[from] item: Leftovers\n|upkeep\n|turn|4\n|\n|t:|1700015134\n|move|p2a: Venusaur|Sleep Powder|p1a: Magnezone|[miss]\n|-miss|p2a: Venusaur|p1a: Magnezone\n|move|p1a: Magnezone|Thunder|p2a: Venusaur\n|-resisted|p2a: Venusaur\n|-damage|p2a: Venusaur|35\/100\n|-damage|p1a: Magnezone|81\/100|[from] item: Life Orb\n|\n|-heal|p2a: Venusaur|41\/100|[from] item: Leftovers\n|upkeep\n|turn|5\n|\n|t:|1700015146\n|move|p2a: Venusaur|Sleep Powder|p1a: Magnezone|[miss]\n|-miss|p2a: Venusaur|p1a: Magnezone\n|move|p1a: Magnezone|Thunder|p2a: Venusaur\n|-resisted|p2a: Venusaur\n|-damage|p2a: Venusaur|4\/100\n|-damage|p1a: Magnezone|71\/100|[from] item: Life Orb\n|\n|-heal|p2a: Venusaur|10\/100|[from] item: Leftovers\n|upkeep\n|turn|6\n|\n|t:|1700015160\n|move|p2a: Venusaur|Sleep Powder|p1a: Magnezone\n|-status|p1a: Magnezone|slp|[from] move: Sleep Powder\n|cant|p1a: Magnezone|slp\n|\n|-heal|p2a: Venusaur|16\/100|[from] item: Leftovers\n|upkeep\n|turn|7\n|\n|t:|1700015177\n|move|p2a: Venusaur|Hidden Power|p1a: Magnezone\n|-supereffective|p1a: Magnezone\n|-damage|p1a: Magnezone|19\/100 slp\n|cant|p1a: Magnezone|slp\n|\n|-heal|p2a: Venusaur|22\/100|[from] item: Leftovers\n|upkeep\n|turn|8\n|\n|t:|1700015188\n|switch|p1a: Lucario|Lucario, M|100\/100\n|move|p2a: Venusaur|Hidden Power|p1a: Lucario\n|-supereffective|p1a: Lucario\n|-damage|p1a: Lucario|53\/100\n|\n|-heal|p2a: Venusaur|28\/100|[from] item: Leftovers\n|upkeep\n|turn|9\n|\n|t:|1700015198\n|move|p1a: Lucario|Close Combat|p2a: Venusaur\n|-resisted|p2a: Venusaur\n|-damage|p2a: Venusaur|0 fnt\n|-unboost|p1a: Lucario|def|1\n|-unboost|p1a: Lucario|spd|1\n|faint|p2a: Venusaur\n|-damage|p1a: Lucario|43\/100|[from] item: Life Orb\n|\n|upkeep\n|\n|t:|1700015205\n|switch|p2a: Charizard|Charizard, M, shiny|100\/100\n|turn|10\n|\n|t:|1700015213\n|switch|p1a: Empoleon|Empoleon, M|100\/100\n|detailschange|p2a: Charizard|Charizard-Mega-X, M, shiny\n|-mega|p2a: Charizard|Charizard|Charizardite X\n|move|p2a: Charizard|Earthquake|p1a: Empoleon\n|-supereffective|p1a: Empoleon\n|-damage|p1a: Empoleon|13\/100\n|\n|-heal|p1a: Empoleon|19\/100|[from] item: Leftovers\n|upkeep\n|turn|11\n|\n|t:|1700015224\n|move|p2a: Charizard|Earthquake|p1a: Empoleon\n|-supereffective|p1a: Empoleon\n|-damage|p1a: Empoleon|0 fnt\n|faint|p1a: Empoleon\n|\n|upkeep\n|\n|t:|1700015234\n|switch|p1a: Metagross|Metagross|100\/100\n|turn|12\n|\n|t:|1700015248\n|detailschange|p1a: Metagross|Metagross-Mega\n|-mega|p1a: Metagross|Metagross|Metagrossite\n|move|p1a: Metagross|Meteor Mash|p2a: Charizard\n|-resisted|p2a: Charizard\n|-damage|p2a: Charizard|63\/100\n|move|p2a: Charizard|Flare Blitz|p1a: Metagross\n|-supereffective|p1a: Metagross\n|-damage|p1a: Metagross|0 fnt\n|faint|p1a: Metagross\n|-damage|p2a: Charizard|30\/100|[from] Recoil\n|\n|upkeep\n|\n|t:|1700015261\n|switch|p1a: Lucario|Lucario, M|43\/100\n|turn|13\n|\n|t:|1700015274\n|switch|p2a: Snorlax|Snorlax, M|100\/100\n|move|p1a: Lucario|Close Combat|p2a: Snorlax\n|-supereffective|p2a: Snorlax\n|-damage|p2a: Snorlax|0 fnt\n|-unboost|p1a: Lucario|def|1\n|-unboost|p1a: Lucario|spd|1\n|faint|p2a: Snorlax\n|-damage|p1a: Lucario|33\/100|[from] item: Life Orb\n|\n|upkeep\n|\n|t:|1700015279\n|switch|p2a: Pikachu|Pikachu, F|62\/100\n|turn|14\n|\n|t:|1700015290\n|move|p2a: Pikachu|Extreme Speed|p1a: Lucario\n|-resisted|p1a: Lucario\n|-damage|p1a: Lucario|5\/100\n|move|p1a: Lucario|Close Combat|p2a: Pikachu\n|-damage|p2a: Pikachu|0 fnt\n|-unboost|p1a: Lucario|def|1\n|-unboost|p1a: Lucario|spd|1\n|faint|p2a: Pikachu\n|-damage|p1a: Lucario|0 fnt|[from] item: Life Orb\n|faint|p1a: Lucario\n|\n|upkeep\n|\n|t:|1700015306\n|switch|p2a: Charizard|Charizard-Mega-X, M, shiny|30\/100\n|switch|p1a: Magnezone|Magnezone|19\/100 slp\n|turn|15\n|\n|t:|1700015312\n|move|p2a: Charizard|Earthquake|p1a: Magnezone\n|-supereffective|p1a: Magnezone\n|-damage|p1a: Magnezone|0 fnt\n|faint|p1a: Magnezone\n|\n|upkeep\n|\n|t:|1700015318\n|switch|p1a: Kingambit|Kingambit, M|100\/100\n|-activate|p1a: Kingambit|ability: Supreme Overlord\n|-start|p1a: Kingambit|fallen5|[silent]\n|turn|16\n|\n|t:|1700015330\n|move|p2a: Charizard|Flare Blitz|p1a: Kingambit\n|-supereffective|p1a: Kingambit\n|-damage|p1a: Kingambit|0 fnt\n|faint|p1a: Kingambit\n|-end|p1a: Kingambit|fallen5|[silent]\n|-damage|p2a: Charizard|0 fnt|[from] Recoil\n|faint|p2a: Charizard\n|\n|win|Red HGSS 2023\n|raw|thi123456's rating: 1000 &rarr; <strong>1000<\/strong><br \/>(+0 for losing)\n|raw|Red HGSS 2023's rating: 1000 &rarr; <strong>1040<\/strong><br \/>(+40 for winning)\n","uploadtime":1700015333,"views":7,"p1id":"thi123456","p2id":"redhgss2023","formatid":"gen9nationaldexubers","rating":1000,"private":0,"password":""}