{"id":"gen9nationaldexubers-1996389818","p1":"Razorgliscor472","p2":"Just B3A$T","format":"[Gen 9] National Dex Ubers","log":"|j|\u2606Razorgliscor472\n|j|\u2606Just B3A$T\n|t:|1700677437\n|gametype|singles\n|player|p1|Razorgliscor472|170|\n|player|p2|Just B3A$T|noland|\n|teamsize|p1|6\n|teamsize|p2|6\n|gen|9\n|tier|[Gen 9] National Dex Ubers\n|rule|HP Percentage Mod: HP is shown in percentages\n|rule|Endless Battle Clause: Forcing endless battles is banned\n|rule|OHKO Clause: OHKO moves are banned\n|rule|Evasion Moves Clause: Evasion moves are banned\n|rule|Evasion Items Clause: Evasion items are banned\n|rule|Species Clause: Limit one of each Pok\u00e9mon\n|rule|Sleep Clause Mod: Limit one foe put to sleep\n|rule|Mega Rayquaza Clause: You cannot mega evolve Rayquaza\n|clearpoke\n|poke|p1|Gliscor, M|\n|poke|p1|Tyranitar, M|\n|poke|p1|Rotom-Wash|\n|poke|p1|Serperior, M|\n|poke|p1|Tapu Lele|\n|poke|p1|Gholdengo|\n|poke|p2|Mawile, F|\n|poke|p2|Genesect|\n|poke|p2|Magnezone|\n|poke|p2|Greninja-*, M|\n|poke|p2|Heatran, M|\n|poke|p2|Registeel|\n|teampreview\n|inactive|Battle timer is ON: inactive players will automatically lose when time's up. (requested by Just B3A$T)\n|c|\u2606Razorgliscor472|Fhf\n|c|\u2606Razorgliscor472|Glhf*\n|c|\u2606Razorgliscor472|Jesus\n|c|\u2606Just B3A$T|u2\n|\n|t:|1700677468\n|start\n|switch|p1a: Gliscor|Gliscor, M|100\/100\n|switch|p2a: Cyclops|Magnezone, shiny|100\/100\n|turn|1\n|\n|t:|1700677476\n|move|p2a: Cyclops|Hidden Power|p1a: Gliscor\n|-supereffective|p1a: Gliscor\n|-damage|p1a: Gliscor|28\/100\n|move|p1a: Gliscor|Spikes|p2a: Cyclops\n|-sidestart|p2: Just B3A$T|Spikes\n|\n|-status|p1a: Gliscor|tox|[from] item: Toxic Orb\n|upkeep\n|turn|2\n|\n|t:|1700677482\n|switch|p1a: Gholdengo|Gholdengo|100\/100\n|move|p2a: Cyclops|Hidden Power|p1a: Gholdengo\n|-resisted|p1a: Gholdengo\n|-damage|p1a: Gholdengo|92\/100\n|\n|-heal|p1a: Gholdengo|98\/100|[from] item: Leftovers\n|upkeep\n|turn|3\n|\n|t:|1700677489\n|switch|p2a: UN UN UN UN UN|Registeel, shiny|100\/100\n|-damage|p2a: UN UN UN UN UN|88\/100|[from] Spikes\n|move|p1a: Gholdengo|Shadow Ball|p2a: UN UN UN UN UN\n|-damage|p2a: UN UN UN UN UN|64\/100\n|\n|-heal|p1a: Gholdengo|100\/100|[from] item: Leftovers\n|-heal|p2a: UN UN UN UN UN|70\/100|[from] item: Leftovers\n|upkeep\n|turn|4\n|\n|t:|1700677495\n|switch|p1a: Gliscor|Gliscor, M|28\/100 tox\n|move|p2a: UN UN UN UN UN|Thunder Wave|p1a: Gliscor\n|-immune|p1a: Gliscor\n|\n|-heal|p2a: UN UN UN UN UN|76\/100|[from] item: Leftovers\n|-heal|p1a: Gliscor|40\/100 tox|[from] ability: Poison Heal\n|upkeep\n|turn|5\n|\n|t:|1700677499\n|move|p1a: Gliscor|Spikes|p2a: UN UN UN UN UN\n|-sidestart|p2: Just B3A$T|Spikes\n|move|p2a: UN UN UN UN UN|Iron Defense|p2a: UN UN UN UN UN\n|-boost|p2a: UN UN UN UN UN|def|2\n|\n|-heal|p2a: UN UN UN UN UN|82\/100|[from] item: Leftovers\n|-heal|p1a: Gliscor|53\/100 tox|[from] ability: Poison Heal\n|upkeep\n|turn|6\n|\n|t:|1700677507\n|switch|p1a: Gholdengo|Gholdengo|100\/100\n|move|p2a: UN UN UN UN UN|Heavy Slam|p1a: Gholdengo\n|-resisted|p1a: Gholdengo\n|-damage|p1a: Gholdengo|87\/100\n|\n|-heal|p1a: Gholdengo|93\/100|[from] item: Leftovers\n|-heal|p2a: UN UN UN UN UN|88\/100|[from] item: Leftovers\n|upkeep\n|turn|7\n|\n|t:|1700677512\n|move|p1a: Gholdengo|Nasty Plot|p1a: Gholdengo\n|-boost|p1a: Gholdengo|spa|2\n|move|p2a: UN UN UN UN UN|Heavy Slam|p1a: Gholdengo\n|-resisted|p1a: Gholdengo\n|-crit|p1a: Gholdengo\n|-damage|p1a: Gholdengo|71\/100\n|\n|-heal|p1a: Gholdengo|77\/100|[from] item: Leftovers\n|-heal|p2a: UN UN UN UN UN|94\/100|[from] item: Leftovers\n|upkeep\n|turn|8\n|\n|t:|1700677517\n|move|p1a: Gholdengo|Shadow Ball|p2a: UN UN UN UN UN\n|-damage|p2a: UN UN UN UN UN|49\/100\n|move|p2a: UN UN UN UN UN|Thunder Wave|p1a: Gholdengo\n|-immune|p1a: Gholdengo|[from] ability: Good as Gold\n|\n|-heal|p1a: Gholdengo|84\/100|[from] item: Leftovers\n|-heal|p2a: UN UN UN UN UN|55\/100|[from] item: Leftovers\n|upkeep\n|turn|9\n|c|\u2606Just B3A$T|idk\n|c|\u2606Just B3A$T|what I was thinking\n|\n|t:|1700677540\n|move|p1a: Gholdengo|Shadow Ball|p2a: UN UN UN UN UN\n|-damage|p2a: UN UN UN UN UN|5\/100\n|move|p2a: UN UN UN UN UN|Heavy Slam|p1a: Gholdengo\n|-resisted|p1a: Gholdengo\n|-damage|p1a: Gholdengo|71\/100\n|\n|-heal|p1a: Gholdengo|77\/100|[from] item: Leftovers\n|-heal|p2a: UN UN UN UN UN|11\/100|[from] item: Leftovers\n|upkeep\n|turn|10\n|\n|t:|1700677545\n|move|p1a: Gholdengo|Shadow Ball|p2a: UN UN UN UN UN\n|-damage|p2a: UN UN UN UN UN|0 fnt\n|faint|p2a: UN UN UN UN UN\n|\n|-heal|p1a: Gholdengo|83\/100|[from] item: Leftovers\n|upkeep\n|\n|t:|1700677548\n|switch|p2a: Slade|Greninja, M|100\/100\n|-damage|p2a: Slade|84\/100|[from] Spikes\n|turn|11\n|\n|t:|1700677554\n|switch|p1a: Tyranitar|Tyranitar, M|100\/100\n|-weather|Sandstorm|[from] ability: Sand Stream|[of] p1a: Tyranitar\n|move|p2a: Slade|Dark Pulse|p1a: Tyranitar\n|-resisted|p1a: Tyranitar\n|-damage|p1a: Tyranitar|90\/100\n|\n|-weather|Sandstorm|[upkeep]\n|-damage|p2a: Slade|78\/100|[from] Sandstorm\n|upkeep\n|turn|12\n|\n|t:|1700677562\n|switch|p2a: lava pepe!|Heatran, M|100\/100\n|-item|p2a: lava pepe!|Air Balloon\n|detailschange|p1a: Tyranitar|Tyranitar-Mega, M\n|-mega|p1a: Tyranitar|Tyranitar|Tyranitarite\n|move|p1a: Tyranitar|Stealth Rock|p2a: lava pepe!\n|-sidestart|p2: Just B3A$T|move: Stealth Rock\n|\n|-weather|Sandstorm|[upkeep]\n|upkeep\n|turn|13\n|\n|t:|1700677570\n|move|p1a: Tyranitar|Knock Off|p2a: lava pepe!\n|-damage|p2a: lava pepe!|48\/100\n|-enditem|p2a: lava pepe!|Air Balloon\n|move|p2a: lava pepe!|Earth Power|p1a: Tyranitar\n|-supereffective|p1a: Tyranitar\n|-damage|p1a: Tyranitar|62\/100\n|\n|-weather|Sandstorm|[upkeep]\n|upkeep\n|turn|14\n|\n|t:|1700677584\n|switch|p1a: Rotom|Rotom-Wash|100\/100\n|move|p2a: lava pepe!|Stealth Rock|p1a: Rotom\n|-sidestart|p1: Razorgliscor472|move: Stealth Rock\n|\n|-weather|Sandstorm|[upkeep]\n|-damage|p1a: Rotom|94\/100|[from] Sandstorm\n|-heal|p1a: Rotom|100\/100|[from] item: Leftovers\n|upkeep\n|turn|15\n|\n|t:|1700677590\n|move|p1a: Rotom|Hydro Pump|p2a: lava pepe!\n|-supereffective|p2a: lava pepe!\n|-damage|p2a: lava pepe!|0 fnt\n|faint|p2a: lava pepe!\n|\n|-weather|none\n|upkeep\n|\n|t:|1700677598\n|switch|p2a: Pain.|Mawile, F, shiny|100\/100\n|-damage|p2a: Pain.|84\/100|[from] Spikes\n|-damage|p2a: Pain.|78\/100|[from] Stealth Rock\n|-ability|p2a: Pain.|Intimidate|boost\n|-unboost|p1a: Rotom|atk|1\n|turn|16\n|\n|t:|1700677603\n|detailschange|p2a: Pain.|Mawile-Mega, F, shiny\n|-mega|p2a: Pain.|Mawile|Mawilite\n|move|p1a: Rotom|Will-O-Wisp|p2a: Pain.\n|-status|p2a: Pain.|brn\n|move|p2a: Pain.|Knock Off|p1a: Rotom\n|-damage|p1a: Rotom|75\/100\n|-enditem|p1a: Rotom|Leftovers|[from] move: Knock Off|[of] p2a: Pain.\n|\n|-damage|p2a: Pain.|72\/100 brn|[from] brn\n|upkeep\n|turn|17\n|c|\u2606Just B3A$T|I'm getting cooked\n|\n|t:|1700677615\n|move|p1a: Rotom|Volt Switch|p2a: Pain.\n|-damage|p2a: Pain.|40\/100 brn\n|\n|t:|1700677626\n|switch|p1a: Serperior|Serperior, M|100\/100|[from] Volt Switch\n|-damage|p1a: Serperior|88\/100|[from] Stealth Rock\n|move|p2a: Pain.|Swords Dance|p2a: Pain.\n|-boost|p2a: Pain.|atk|2\n|\n|-heal|p1a: Serperior|94\/100|[from] item: Leftovers\n|-damage|p2a: Pain.|34\/100 brn|[from] brn\n|upkeep\n|turn|18\n|\n|t:|1700677629\n|move|p2a: Pain.|Sucker Punch||[still]\n|-fail|p2a: Pain.\n|move|p1a: Serperior|Substitute|p1a: Serperior\n|-start|p1a: Serperior|Substitute\n|-damage|p1a: Serperior|70\/100\n|\n|-heal|p1a: Serperior|76\/100|[from] item: Leftovers\n|-damage|p2a: Pain.|28\/100 brn|[from] brn\n|upkeep\n|turn|19\n|\n|t:|1700677637\n|move|p2a: Pain.|Sucker Punch|p1a: Serperior\n|-end|p1a: Serperior|Substitute\n|move|p1a: Serperior|Leaf Storm|p2a: Pain.\n|-resisted|p2a: Pain.\n|-damage|p2a: Pain.|3\/100 brn\n|-boost|p1a: Serperior|spa|2\n|\n|-heal|p1a: Serperior|82\/100|[from] item: Leftovers\n|-damage|p2a: Pain.|0 fnt|[from] brn\n|faint|p2a: Pain.\n|upkeep\n|\n|t:|1700677642\n|switch|p2a: Cyclops|Magnezone, shiny|100\/100\n|-damage|p2a: Cyclops|84\/100|[from] Spikes\n|-damage|p2a: Cyclops|78\/100|[from] Stealth Rock\n|turn|20\n|\n|t:|1700677654\n|move|p2a: Cyclops|Flash Cannon|p1a: Serperior\n|-damage|p1a: Serperior|31\/100\n|move|p1a: Serperior|Hidden Power|p2a: Cyclops\n|-supereffective|p2a: Cyclops\n|-damage|p2a: Cyclops|0 fnt\n|faint|p2a: Cyclops\n|\n|-heal|p1a: Serperior|38\/100|[from] item: Leftovers\n|upkeep\n|\n|t:|1700677658\n|switch|p2a: Slade|Greninja, M|78\/100\n|-damage|p2a: Slade|62\/100|[from] Spikes\n|-damage|p2a: Slade|49\/100|[from] Stealth Rock\n|turn|21\n|\n|t:|1700677663\n|switch|p1a: Tyranitar|Tyranitar-Mega, M|62\/100\n|-damage|p1a: Tyranitar|50\/100|[from] Stealth Rock\n|-weather|Sandstorm|[from] ability: Sand Stream|[of] p1a: Tyranitar\n|move|p2a: Slade|Ice Beam|p1a: Tyranitar\n|-damage|p1a: Tyranitar|35\/100\n|\n|-weather|Sandstorm|[upkeep]\n|-damage|p2a: Slade|43\/100|[from] Sandstorm\n|upkeep\n|turn|22\n|\n|t:|1700677678\n|move|p2a: Slade|Dark Pulse|p1a: Tyranitar\n|-resisted|p1a: Tyranitar\n|-damage|p1a: Tyranitar|26\/100\n|cant|p1a: Tyranitar|flinch\n|\n|-weather|Sandstorm|[upkeep]\n|-damage|p2a: Slade|37\/100|[from] Sandstorm\n|upkeep\n|turn|23\n|\n|t:|1700677684\n|move|p2a: Slade|Surf|p1a: Tyranitar\n|-supereffective|p1a: Tyranitar\n|-damage|p1a: Tyranitar|0 fnt\n|faint|p1a: Tyranitar\n|-ability|p2a: Slade|Battle Bond|boost\n|-boost|p2a: Slade|atk|1\n|-boost|p2a: Slade|spa|1\n|-boost|p2a: Slade|spe|1\n|-activate|p2a: Slade|ability: Battle Bond\n|\n|-weather|Sandstorm|[upkeep]\n|-damage|p2a: Slade|31\/100|[from] Sandstorm\n|upkeep\n|\n|t:|1700677704\n|switch|p1a: Gliscor|Gliscor, M|53\/100 tox\n|-damage|p1a: Gliscor|40\/100 tox|[from] Stealth Rock\n|turn|24\n|\n|t:|1700677711\n|-terastallize|p1a: Gliscor|Water\n|move|p2a: Slade|Dark Pulse|p1a: Gliscor\n|-damage|p1a: Gliscor|0 fnt\n|faint|p1a: Gliscor\n|\n|-weather|Sandstorm|[upkeep]\n|-damage|p2a: Slade|25\/100|[from] Sandstorm\n|upkeep\n|\n|t:|1700677729\n|switch|p1a: Tapu Lele|Tapu Lele|100\/100\n|-damage|p1a: Tapu Lele|88\/100|[from] Stealth Rock\n|-fieldstart|move: Psychic Terrain|[from] ability: Psychic Surge|[of] p1a: Tapu Lele\n|turn|25\n|\n|t:|1700677740\n|-terastallize|p2a: Slade|Water\n|move|p2a: Slade|Surf|p1a: Tapu Lele\n|-damage|p1a: Tapu Lele|9\/100\n|move|p1a: Tapu Lele|Shadow Ball|p2a: Slade\n|-damage|p2a: Slade|0 fnt\n|faint|p2a: Slade\n|\n|-weather|none\n|upkeep\n|\n|t:|1700677745\n|switch|p2a: c0caine beetle|Genesect, shiny|100\/100\n|-damage|p2a: c0caine beetle|84\/100|[from] Spikes\n|-damage|p2a: c0caine beetle|72\/100|[from] Stealth Rock\n|-ability|p2a: c0caine beetle|Download|boost\n|-boost|p2a: c0caine beetle|atk|1\n|turn|26\n|c|\u2606Just B3A$T|gg\n|\n|t:|1700677750\n|move|p1a: Tapu Lele|Shadow Ball|p2a: c0caine beetle\n|-damage|p2a: c0caine beetle|34\/100\n|move|p2a: c0caine beetle|Shift Gear|p2a: c0caine beetle\n|-boost|p2a: c0caine beetle|spe|2\n|-boost|p2a: c0caine beetle|atk|1\n|\n|upkeep\n|turn|27\n|\n|t:|1700677758\n|move|p2a: c0caine beetle|Iron Head|p1a: Tapu Lele\n|-supereffective|p1a: Tapu Lele\n|-damage|p1a: Tapu Lele|0 fnt\n|faint|p1a: Tapu Lele\n|-damage|p2a: c0caine beetle|24\/100|[from] item: Life Orb\n|\n|upkeep\n|\n|t:|1700677760\n|switch|p1a: Rotom|Rotom-Wash|75\/100\n|-damage|p1a: Rotom|62\/100|[from] Stealth Rock\n|turn|28\n|\n|t:|1700677764\n|move|p2a: c0caine beetle|Iron Head|p1a: Rotom\n|-resisted|p1a: Rotom\n|-damage|p1a: Rotom|42\/100\n|-damage|p2a: c0caine beetle|14\/100|[from] item: Life Orb\n|move|p1a: Rotom|Volt Switch|p2a: c0caine beetle\n|-damage|p2a: c0caine beetle|0 fnt\n|faint|p2a: c0caine beetle\n|\n|win|Razorgliscor472\n|c|\u2606Razorgliscor472|Gg\n|c|\u2606Razorgliscor472|6 badges\n|c|\u2606Just B3A$T|good luck for the rest ig\n|c|\u2606Just B3A$T|I got close enough\n","uploadtime":1700677825,"views":3,"p1id":"razorgliscor472","p2id":"justb3at","formatid":"gen9nationaldexubers","rating":0,"private":0,"password":""}