{"id":"gen9nationaldexubers-1984849745","p1":"CringeWeirdo02","p2":"PrimalFrost","format":"[Gen 9] National Dex Ubers","log":"|j|\u2606CringeWeirdo02\n|j|\u2606PrimalFrost\n|t:|1699304310\n|gametype|singles\n|player|p1|CringeWeirdo02|larry|1332\n|player|p2|PrimalFrost|benga|1255\n|teamsize|p1|6\n|teamsize|p2|6\n|gen|9\n|tier|[Gen 9] National Dex Ubers\n|rated|\n|rule|HP Percentage Mod: HP is shown in percentages\n|rule|Endless Battle Clause: Forcing endless battles is banned\n|rule|OHKO Clause: OHKO moves are banned\n|rule|Evasion Moves Clause: Evasion moves are banned\n|rule|Evasion Items Clause: Evasion items are banned\n|rule|Species Clause: Limit one of each Pok\u00e9mon\n|rule|Sleep Clause Mod: Limit one foe put to sleep\n|rule|Mega Rayquaza Clause: You cannot mega evolve Rayquaza\n|clearpoke\n|poke|p1|Clamperl, M|\n|poke|p1|Galvantula, M|\n|poke|p1|Grimmsnarl, M|\n|poke|p1|Darmanitan, M|\n|poke|p1|Zygarde|\n|poke|p1|Regieleki|\n|poke|p2|Pheromosa|\n|poke|p2|Scizor, M|\n|poke|p2|Volcarona, F|\n|poke|p2|Galvantula, F|\n|poke|p2|Kleavor, M|\n|poke|p2|Genesect-Douse|\n|teampreview\n|inactive|Battle timer is ON: inactive players will automatically lose when time's up. (requested by CringeWeirdo02)\n|\n|t:|1699304350\n|start\n|switch|p1a: Bigass Sperm|Zygarde, shiny|100\/100\n|switch|p2a: Traitor Lord|Kleavor, M|100\/100\n|turn|1\n|\n|t:|1699304356\n|move|p2a: Traitor Lord|Knock Off|p1a: Bigass Sperm\n|-damage|p1a: Bigass Sperm|78\/100\n|-enditem|p1a: Bigass Sperm|Leftovers|[from] move: Knock Off|[of] p2a: Traitor Lord\n|move|p1a: Bigass Sperm|Coil|p1a: Bigass Sperm\n|-boost|p1a: Bigass Sperm|atk|1\n|-boost|p1a: Bigass Sperm|def|1\n|-boost|p1a: Bigass Sperm|accuracy|1\n|\n|upkeep\n|turn|2\n|\n|t:|1699304364\n|move|p2a: Traitor Lord|Stone Axe|p1a: Bigass Sperm\n|-resisted|p1a: Bigass Sperm\n|-damage|p1a: Bigass Sperm|67\/100\n|-sidestart|p1: CringeWeirdo02|move: Stealth Rock\n|move|p1a: Bigass Sperm|Glare|p2a: Traitor Lord\n|-status|p2a: Traitor Lord|par\n|\n|upkeep\n|turn|3\n|\n|t:|1699304370\n|move|p1a: Bigass Sperm|Coil|p1a: Bigass Sperm\n|-boost|p1a: Bigass Sperm|atk|1\n|-boost|p1a: Bigass Sperm|def|1\n|-boost|p1a: Bigass Sperm|accuracy|1\n|move|p2a: Traitor Lord|X-Scissor|p1a: Bigass Sperm\n|-damage|p1a: Bigass Sperm|47\/100\n|\n|-activate|p1a: Bigass Sperm|ability: Power Construct\n|detailschange|p1a: Bigass Sperm|Zygarde-Complete, shiny\n|-heal|p1a: Bigass Sperm|65\/100|[silent]\n|upkeep\n|turn|4\n|\n|t:|1699304381\n|move|p1a: Bigass Sperm|Thousand Arrows|p2a: Traitor Lord\n|-damage|p2a: Traitor Lord|17\/100 par\n|move|p2a: Traitor Lord|X-Scissor|p1a: Bigass Sperm\n|-damage|p1a: Bigass Sperm|51\/100\n|\n|upkeep\n|turn|5\n|\n|t:|1699304388\n|move|p1a: Bigass Sperm|Coil|p1a: Bigass Sperm\n|-boost|p1a: Bigass Sperm|atk|1\n|-boost|p1a: Bigass Sperm|def|1\n|-boost|p1a: Bigass Sperm|accuracy|1\n|cant|p2a: Traitor Lord|par\n|\n|upkeep\n|turn|6\n|\n|t:|1699304393\n|move|p1a: Bigass Sperm|Coil|p1a: Bigass Sperm\n|-boost|p1a: Bigass Sperm|atk|1\n|-boost|p1a: Bigass Sperm|def|1\n|-boost|p1a: Bigass Sperm|accuracy|1\n|move|p2a: Traitor Lord|X-Scissor|p1a: Bigass Sperm\n|-damage|p1a: Bigass Sperm|41\/100\n|\n|upkeep\n|turn|7\n|\n|t:|1699304401\n|move|p1a: Bigass Sperm|Rest|p1a: Bigass Sperm\n|-status|p1a: Bigass Sperm|slp|[from] move: Rest\n|-heal|p1a: Bigass Sperm|100\/100 slp|[silent]\n|move|p2a: Traitor Lord|X-Scissor|p1a: Bigass Sperm\n|-damage|p1a: Bigass Sperm|91\/100 slp\n|\n|upkeep\n|turn|8\n|\n|t:|1699304408\n|switch|p2a: Tiso|Genesect-Douse|100\/100\n|-ability|p2a: Tiso|Download|boost\n|-boost|p2a: Tiso|spa|1\n|cant|p1a: Bigass Sperm|slp\n|\n|upkeep\n|turn|9\n|\n|t:|1699304414\n|-terastallize|p1a: Bigass Sperm|Normal\n|move|p2a: Tiso|Ice Beam|p1a: Bigass Sperm\n|-damage|p1a: Bigass Sperm|72\/100 slp\n|cant|p1a: Bigass Sperm|slp\n|\n|upkeep\n|turn|10\n|\n|t:|1699304424\n|-terastallize|p2a: Tiso|Water\n|move|p2a: Tiso|Techno Blast|p1a: Bigass Sperm\n|-damage|p1a: Bigass Sperm|30\/100 slp\n|-curestatus|p1a: Bigass Sperm|slp|[msg]\n|move|p1a: Bigass Sperm|Glare|p2a: Tiso\n|-status|p2a: Tiso|par\n|\n|upkeep\n|turn|11\n|\n|t:|1699304433\n|move|p1a: Bigass Sperm|Rest|p1a: Bigass Sperm\n|-status|p1a: Bigass Sperm|slp|[from] move: Rest\n|-heal|p1a: Bigass Sperm|100\/100 slp|[silent]\n|move|p2a: Tiso|Techno Blast|p1a: Bigass Sperm\n|-damage|p1a: Bigass Sperm|58\/100 slp\n|\n|upkeep\n|turn|12\n|\n|t:|1699304440\n|cant|p1a: Bigass Sperm|slp\n|move|p2a: Tiso|Rock Polish|p2a: Tiso\n|-boost|p2a: Tiso|spe|2\n|\n|upkeep\n|turn|13\n|\n|t:|1699304445\n|move|p2a: Tiso|Rock Polish|p2a: Tiso\n|-boost|p2a: Tiso|spe|2\n|cant|p1a: Bigass Sperm|slp\n|\n|upkeep\n|turn|14\n|\n|t:|1699304452\n|cant|p2a: Tiso|par\n|-curestatus|p1a: Bigass Sperm|slp|[msg]\n|move|p1a: Bigass Sperm|Thousand Arrows|p2a: Tiso\n|-damage|p2a: Tiso|0 fnt\n|faint|p2a: Tiso\n|\n|upkeep\n|\n|t:|1699304459\n|switch|p2a: Ze'mer|Pheromosa|100\/100\n|turn|15\n|c|\u2606CringeWeirdo02|tough\n|\n|t:|1699304465\n|move|p2a: Ze'mer|Lunge|p1a: Bigass Sperm\n|-damage|p1a: Bigass Sperm|51\/100\n|-unboost|p1a: Bigass Sperm|atk|1\n|move|p1a: Bigass Sperm|Coil|p1a: Bigass Sperm\n|-boost|p1a: Bigass Sperm|atk|1\n|-boost|p1a: Bigass Sperm|def|1\n|-boost|p1a: Bigass Sperm|accuracy|1\n|\n|upkeep\n|turn|16\n|\n|t:|1699304473\n|move|p2a: Ze'mer|Lunge|p1a: Bigass Sperm\n|-damage|p1a: Bigass Sperm|45\/100\n|-unboost|p1a: Bigass Sperm|atk|1\n|move|p1a: Bigass Sperm|Glare|p2a: Ze'mer\n|-status|p2a: Ze'mer|par\n|\n|upkeep\n|turn|17\n|\n|t:|1699304479\n|move|p2a: Ze'mer|Lunge|p1a: Bigass Sperm\n|-damage|p1a: Bigass Sperm|39\/100\n|-unboost|p1a: Bigass Sperm|atk|1\n|move|p1a: Bigass Sperm|Thousand Arrows|p2a: Ze'mer\n|-resisted|p2a: Ze'mer\n|-damage|p2a: Ze'mer|5\/100 par\n|\n|upkeep\n|turn|18\n|\n|t:|1699304506\n|move|p2a: Ze'mer|Lunge|p1a: Bigass Sperm\n|-damage|p1a: Bigass Sperm|33\/100\n|-unboost|p1a: Bigass Sperm|atk|1\n|move|p1a: Bigass Sperm|Rest|p1a: Bigass Sperm\n|-status|p1a: Bigass Sperm|slp|[from] move: Rest\n|-heal|p1a: Bigass Sperm|100\/100 slp|[silent]\n|\n|upkeep\n|turn|19\n|\n|t:|1699304515\n|cant|p2a: Ze'mer|par\n|cant|p1a: Bigass Sperm|slp\n|\n|upkeep\n|turn|20\n|\n|t:|1699304519\n|move|p2a: Ze'mer|Lunge|p1a: Bigass Sperm\n|-damage|p1a: Bigass Sperm|94\/100 slp\n|-unboost|p1a: Bigass Sperm|atk|1\n|cant|p1a: Bigass Sperm|slp\n|\n|upkeep\n|turn|21\n|\n|t:|1699304524\n|move|p2a: Ze'mer|Lunge|p1a: Bigass Sperm\n|-damage|p1a: Bigass Sperm|88\/100 slp\n|-unboost|p1a: Bigass Sperm|atk|1\n|-curestatus|p1a: Bigass Sperm|slp|[msg]\n|move|p1a: Bigass Sperm|Coil|p1a: Bigass Sperm\n|-boost|p1a: Bigass Sperm|atk|1\n|-boost|p1a: Bigass Sperm|def|1\n|-boost|p1a: Bigass Sperm|accuracy|1\n|\n|upkeep\n|turn|22\n|\n|t:|1699304533\n|move|p2a: Ze'mer|Lunge|p1a: Bigass Sperm\n|-damage|p1a: Bigass Sperm|83\/100\n|-unboost|p1a: Bigass Sperm|atk|1\n|move|p1a: Bigass Sperm|Coil|p1a: Bigass Sperm\n|-boost|p1a: Bigass Sperm|atk|1\n|-boost|p1a: Bigass Sperm|def|0\n|-boost|p1a: Bigass Sperm|accuracy|0\n|\n|upkeep\n|turn|23\n|\n|t:|1699304561\n|move|p2a: Ze'mer|Lunge|p1a: Bigass Sperm\n|-damage|p1a: Bigass Sperm|78\/100\n|-unboost|p1a: Bigass Sperm|atk|1\n|move|p1a: Bigass Sperm|Thousand Arrows|p2a: Ze'mer\n|-resisted|p2a: Ze'mer\n|-damage|p2a: Ze'mer|0 fnt\n|faint|p2a: Ze'mer\n|\n|upkeep\n|inactive|PrimalFrost has 120 seconds left.\n|\n|t:|1699304574\n|switch|p2a: Radiance|Volcarona, F|100\/100\n|turn|24\n|\n|t:|1699304577\n|move|p2a: Radiance|Quiver Dance|p2a: Radiance\n|-boost|p2a: Radiance|spa|1\n|-boost|p2a: Radiance|spd|1\n|-boost|p2a: Radiance|spe|1\n|move|p1a: Bigass Sperm|Glare|p2a: Radiance\n|-status|p2a: Radiance|par\n|\n|upkeep\n|turn|25\n|\n|t:|1699304593\n|cant|p2a: Radiance|par\n|move|p1a: Bigass Sperm|Coil|p1a: Bigass Sperm\n|-boost|p1a: Bigass Sperm|atk|1\n|-boost|p1a: Bigass Sperm|def|0\n|-boost|p1a: Bigass Sperm|accuracy|0\n|\n|upkeep\n|turn|26\n|\n|t:|1699304612\n|move|p2a: Radiance|Quiver Dance|p2a: Radiance\n|-boost|p2a: Radiance|spa|1\n|-boost|p2a: Radiance|spd|1\n|-boost|p2a: Radiance|spe|1\n|move|p1a: Bigass Sperm|Thousand Arrows|p2a: Radiance\n|-damage|p2a: Radiance|51\/100 par\n|\n|upkeep\n|turn|27\n|\n|t:|1699304619\n|move|p2a: Radiance|Giga Drain|p1a: Bigass Sperm\n|-damage|p1a: Bigass Sperm|50\/100\n|-heal|p2a: Radiance|80\/100 par|[from] drain|[of] p1a: Bigass Sperm\n|move|p1a: Bigass Sperm|Thousand Arrows|p2a: Radiance\n|-damage|p2a: Radiance|29\/100 par\n|\n|upkeep\n|turn|28\n|\n|t:|1699304627\n|move|p2a: Radiance|Fiery Dance|p1a: Bigass Sperm\n|-damage|p1a: Bigass Sperm|11\/100\n|move|p1a: Bigass Sperm|Thousand Arrows|p2a: Radiance\n|-damage|p2a: Radiance|0 fnt\n|faint|p2a: Radiance\n|\n|upkeep\n|\n|t:|1699304630\n|switch|p2a: Herrah|Galvantula, F|100\/100\n|turn|29\n|\n|t:|1699304635\n|move|p2a: Herrah|Thunder|p1a: Bigass Sperm\n|-damage|p1a: Bigass Sperm|0 fnt\n|faint|p1a: Bigass Sperm\n|\n|upkeep\n|\n|t:|1699304640\n|switch|p1a: MyDadGettingMilk|Regieleki, shiny|100\/100\n|turn|30\n|\n|t:|1699304644\n|move|p1a: MyDadGettingMilk|Rapid Spin|p2a: Herrah\n|-damage|p2a: Herrah|81\/100\n|-boost|p1a: MyDadGettingMilk|spe|1\n|-sideend|p1: CringeWeirdo02|Stealth Rock|[from] move: Rapid Spin|[of] p1a: MyDadGettingMilk\n|move|p2a: Herrah|Thunder|p1a: MyDadGettingMilk\n|-resisted|p1a: MyDadGettingMilk\n|-damage|p1a: MyDadGettingMilk|55\/100\n|\n|upkeep\n|turn|31\n|\n|t:|1699304653\n|move|p1a: MyDadGettingMilk|Volt Switch|p2a: Herrah\n|-resisted|p2a: Herrah\n|-damage|p2a: Herrah|47\/100\n|\n|t:|1699304665\n|switch|p1a: El Goblino|Grimmsnarl, M|100\/100|[from] Volt Switch\n|move|p2a: Herrah|Giga Drain|p1a: El Goblino\n|-damage|p1a: El Goblino|79\/100\n|-heal|p2a: Herrah|62\/100|[from] drain|[of] p1a: El Goblino\n|\n|upkeep\n|turn|32\n|\n|t:|1699304671\n|move|p1a: El Goblino|Light Screen|p1a: El Goblino\n|-sidestart|p1: CringeWeirdo02|move: Light Screen\n|move|p2a: Herrah|Giga Drain|p1a: El Goblino\n|-damage|p1a: El Goblino|70\/100\n|-heal|p2a: Herrah|70\/100|[from] drain|[of] p1a: El Goblino\n|\n|upkeep\n|turn|33\n|\n|t:|1699304678\n|move|p1a: El Goblino|Parting Shot|p2a: Herrah\n|-unboost|p2a: Herrah|atk|1\n|-unboost|p2a: Herrah|spa|1\n|\n|t:|1699304687\n|switch|p1a: MonkeeJumpinOnBed|Darmanitan, M, shiny|100\/100|[from] Parting Shot\n|move|p2a: Herrah|Thunder Wave|p1a: MonkeeJumpinOnBed\n|-status|p1a: MonkeeJumpinOnBed|par\n|\n|upkeep\n|turn|34\n|\n|t:|1699304693\n|move|p2a: Herrah|Sticky Web|p1a: MonkeeJumpinOnBed\n|-sidestart|p1: CringeWeirdo02|move: Sticky Web\n|cant|p1a: MonkeeJumpinOnBed|par\n|\n|upkeep\n|turn|35\n|\n|t:|1699304697\n|switch|p2a: Traitor Lord|Kleavor, M|17\/100 par\n|move|p1a: MonkeeJumpinOnBed|Fire Punch|p2a: Traitor Lord\n|-damage|p2a: Traitor Lord|0 fnt\n|faint|p2a: Traitor Lord\n|\n|upkeep\n|\n|t:|1699304700\n|switch|p2a: Herrah|Galvantula, F|70\/100\n|turn|36\n|\n|t:|1699304704\n|move|p2a: Herrah|Thunder|p1a: MonkeeJumpinOnBed\n|-damage|p1a: MonkeeJumpinOnBed|63\/100 par\n|move|p1a: MonkeeJumpinOnBed|Fire Punch|p2a: Herrah\n|-supereffective|p2a: Herrah\n|-crit|p2a: Herrah\n|-damage|p2a: Herrah|0 fnt\n|faint|p2a: Herrah\n|\n|upkeep\n|\n|t:|1699304707\n|switch|p2a: Markoth|Scizor, M|100\/100\n|turn|37\n|c|\u2606CringeWeirdo02|gg\n|\n|t:|1699304712\n|detailschange|p2a: Markoth|Scizor-Mega, M\n|-mega|p2a: Markoth|Scizor|Scizorite\n|move|p2a: Markoth|Dual Wingbeat|p1a: MonkeeJumpinOnBed\n|-damage|p1a: MonkeeJumpinOnBed|24\/100 par\n|-enditem|p1a: MonkeeJumpinOnBed|Salac Berry|[eat]\n|-boost|p1a: MonkeeJumpinOnBed|spe|1|[from] item: Salac Berry\n|-damage|p1a: MonkeeJumpinOnBed|0 fnt\n|faint|p1a: MonkeeJumpinOnBed\n|-hitcount|p1: MonkeeJumpinOnBed|2\n|\n|upkeep\n|\n|t:|1699304722\n|switch|p1a: MyDadGettingMilk|Regieleki, shiny|55\/100\n|turn|38\n|\n|t:|1699304726\n|move|p2a: Markoth|Bullet Punch|p1a: MyDadGettingMilk\n|-resisted|p1a: MyDadGettingMilk\n|-damage|p1a: MyDadGettingMilk|19\/100\n|move|p1a: MyDadGettingMilk|Rapid Spin|p2a: Markoth\n|-resisted|p2a: Markoth\n|-damage|p2a: Markoth|96\/100\n|-boost|p1a: MyDadGettingMilk|spe|1\n|-sideend|p1: CringeWeirdo02|Sticky Web|[from] move: Rapid Spin|[of] p1a: MyDadGettingMilk\n|\n|upkeep\n|turn|39\n|\n|t:|1699304735\n|move|p2a: Markoth|Bullet Punch|p1a: MyDadGettingMilk\n|-resisted|p1a: MyDadGettingMilk\n|-damage|p1a: MyDadGettingMilk|0 fnt\n|faint|p1a: MyDadGettingMilk\n|\n|-sideend|p1: CringeWeirdo02|move: Light Screen\n|upkeep\n|\n|t:|1699304741\n|switch|p1a: Spiderpiss|Galvantula, M|100\/100\n|turn|40\n|\n|t:|1699304744\n|move|p1a: Spiderpiss|Thunder Wave|p2a: Markoth\n|-status|p2a: Markoth|par\n|cant|p2a: Markoth|par\n|\n|upkeep\n|turn|41\n|\n|t:|1699304749\n|move|p1a: Spiderpiss|Thunder|p2a: Markoth\n|-damage|p2a: Markoth|33\/100 par\n|move|p2a: Markoth|Dual Wingbeat|p1a: Spiderpiss\n|-damage|p1a: Spiderpiss|55\/100\n|-damage|p1a: Spiderpiss|7\/100\n|-hitcount|p1a: Spiderpiss|2\n|\n|upkeep\n|turn|42\n|\n|t:|1699304756\n|move|p2a: Markoth|Bullet Punch|p1a: Spiderpiss\n|-resisted|p1a: Spiderpiss\n|-damage|p1a: Spiderpiss|0 fnt\n|faint|p1a: Spiderpiss\n|\n|upkeep\n|\n|t:|1699304760\n|switch|p1a: El Goblino|Grimmsnarl, M|70\/100\n|turn|43\n|\n|t:|1699304763\n|move|p1a: El Goblino|Reflect|p1a: El Goblino\n|-sidestart|p1: CringeWeirdo02|Reflect\n|cant|p2a: Markoth|par\n|\n|upkeep\n|turn|44\n|\n|t:|1699304769\n|move|p1a: El Goblino|Parting Shot|p2a: Markoth\n|-unboost|p2a: Markoth|atk|1\n|-unboost|p2a: Markoth|spa|1\n|c|\u2606PrimalFrost|god\n|c|\u2606PrimalFrost|fuck\n|\n|t:|1699304773\n|switch|p1a: The Magic Conch|Clamperl, M, shiny|100\/100|[from] Parting Shot\n|move|p2a: Markoth|Bullet Punch|p1a: The Magic Conch\n|-resisted|p1a: The Magic Conch\n|-damage|p1a: The Magic Conch|89\/100\n|\n|upkeep\n|turn|45\n|\n|t:|1699304779\n|move|p1a: The Magic Conch|Surf|p2a: Markoth\n|-damage|p2a: Markoth|0 fnt\n|faint|p2a: Markoth\n|\n|win|CringeWeirdo02\n|raw|CringeWeirdo02's rating: 1332 &rarr; <strong>1348<\/strong><br \/>(+16 for winning)\n|raw|PrimalFrost's rating: 1255 &rarr; <strong>1235<\/strong><br \/>(-20 for losing)\n|c|\u2606CringeWeirdo02|all hail the magic conch\n|c|\u2606PrimalFrost|that parahax was fucking cancer\n|l|\u2606PrimalFrost\n","uploadtime":1699304834,"views":14,"p1id":"cringeweirdo02","p2id":"primalfrost","formatid":"gen9nationaldexubers","rating":1235,"private":0,"password":""}