{"id":"gen9nationaldexubers-1993826558","p1":"qazserfvgyujnko","p2":"Im Himothy yes","format":"[Gen 9] National Dex Ubers","log":"|j|\u2606qazserfvgyujnko\n|j|\u2606Im Himothy yes\n|t:|1700362094\n|gametype|singles\n|player|p1|qazserfvgyujnko|266|1103\n|player|p2|Im Himothy yes|lucas|1000\n|teamsize|p1|6\n|teamsize|p2|6\n|gen|9\n|tier|[Gen 9] National Dex Ubers\n|rated|\n|rule|HP Percentage Mod: HP is shown in percentages\n|rule|Endless Battle Clause: Forcing endless battles is banned\n|rule|OHKO Clause: OHKO moves are banned\n|rule|Evasion Moves Clause: Evasion moves are banned\n|rule|Evasion Items Clause: Evasion items are banned\n|rule|Species Clause: Limit one of each Pok\u00e9mon\n|rule|Sleep Clause Mod: Limit one foe put to sleep\n|rule|Mega Rayquaza Clause: You cannot mega evolve Rayquaza\n|clearpoke\n|poke|p1|Azumarill, M|\n|poke|p1|Dugtrio-Alola, F|\n|poke|p1|Gogoat, M|\n|poke|p1|Lucario, F|\n|poke|p1|Latias, F|\n|poke|p1|Fearow, M|\n|poke|p2|Jirachi|\n|poke|p2|Rayquaza|\n|poke|p2|Groudon|\n|poke|p2|Lugia|\n|poke|p2|Urshifu-*, F|\n|poke|p2|Mew|\n|teampreview\n|\n|t:|1700362132\n|start\n|switch|p1a: Latias|Latias, F|100\/100\n|switch|p2a: Urshifu|Urshifu, F|100\/100\n|turn|1\n|\n|t:|1700362146\n|detailschange|p1a: Latias|Latias-Mega, F\n|-mega|p1a: Latias|Latias|Latiasite\n|move|p1a: Latias|Breaking Swipe|p2a: Urshifu\n|-damage|p2a: Urshifu|85\/100\n|-unboost|p2a: Urshifu|atk|1\n|move|p2a: Urshifu|Swords Dance|p2a: Urshifu\n|-boost|p2a: Urshifu|atk|2\n|\n|upkeep\n|turn|2\n|\n|t:|1700362161\n|move|p1a: Latias|Breaking Swipe|p2a: Urshifu\n|-damage|p2a: Urshifu|67\/100\n|-unboost|p2a: Urshifu|atk|1\n|move|p2a: Urshifu|Close Combat|p1a: Latias\n|-resisted|p1a: Latias\n|-damage|p1a: Latias|74\/100\n|-unboost|p2a: Urshifu|def|1\n|-unboost|p2a: Urshifu|spd|1\n|\n|upkeep\n|turn|3\n|\n|t:|1700362176\n|-terastallize|p2a: Urshifu|Fighting\n|move|p1a: Latias|Breaking Swipe|p2a: Urshifu\n|-damage|p2a: Urshifu|42\/100\n|-unboost|p2a: Urshifu|atk|1\n|move|p2a: Urshifu|Swords Dance|p2a: Urshifu\n|-boost|p2a: Urshifu|atk|2\n|\n|upkeep\n|turn|4\n|\n|t:|1700362186\n|move|p1a: Latias|Breaking Swipe|p2a: Urshifu\n|-damage|p2a: Urshifu|16\/100\n|-unboost|p2a: Urshifu|atk|1\n|move|p2a: Urshifu|Focus Blast|p1a: Latias\n|-resisted|p1a: Latias\n|-damage|p1a: Latias|59\/100\n|\n|upkeep\n|turn|5\n|\n|t:|1700362195\n|switch|p2a: Mew|Mew|100\/100\n|move|p1a: Latias|Breaking Swipe|p2a: Mew\n|-damage|p2a: Mew|84\/100\n|-unboost|p2a: Mew|atk|1\n|\n|upkeep\n|turn|6\n|\n|t:|1700362219\n|move|p1a: Latias|Icy Wind|p2a: Mew\n|-damage|p2a: Mew|66\/100\n|-unboost|p2a: Mew|spe|1\n|move|p2a: Mew|Blizzard|p1a: Latias\n|-supereffective|p1a: Latias\n|-damage|p1a: Latias|22\/100\n|-status|p1a: Latias|frz\n|\n|upkeep\n|turn|7\n|\n|t:|1700362233\n|cant|p1a: Latias|frz\n|move|p2a: Mew|Close Combat|p1a: Latias\n|-resisted|p1a: Latias\n|-damage|p1a: Latias|11\/100 frz\n|-unboost|p2a: Mew|def|1\n|-unboost|p2a: Mew|spd|1\n|\n|upkeep\n|turn|8\n|\n|t:|1700362243\n|cant|p1a: Latias|frz\n|move|p2a: Mew|Close Combat|p1a: Latias\n|-resisted|p1a: Latias\n|-damage|p1a: Latias|0 fnt\n|-unboost|p2a: Mew|def|1\n|-unboost|p2a: Mew|spd|1\n|faint|p1a: Latias\n|\n|upkeep\n|\n|t:|1700362265\n|switch|p1a: Dugtrio|Dugtrio-Alola, F|100\/100\n|turn|9\n|\n|t:|1700362273\n|move|p1a: Dugtrio|Earthquake|p2a: Mew\n|-damage|p2a: Mew|0 fnt\n|faint|p2a: Mew\n|\n|upkeep\n|inactive|Battle timer is ON: inactive players will automatically lose when time's up. (requested by qazserfvgyujnko)\n|\n|t:|1700362280\n|switch|p2a: Lugia|Lugia|100\/100\n|-ability|p2a: Lugia|Pressure\n|turn|10\n|\n|t:|1700362287\n|move|p1a: Dugtrio|Iron Head|p2a: Lugia\n|-damage|p2a: Lugia|70\/100\n|move|p2a: Lugia|Double-Edge|p1a: Dugtrio\n|-resisted|p1a: Dugtrio\n|-damage|p1a: Dugtrio|59\/100\n|-ability|p1a: Dugtrio|Tangling Hair\n|-unboost|p2a: Lugia|spe|1\n|-damage|p2a: Lugia|63\/100|[from] Recoil\n|\n|upkeep\n|turn|11\n|\n|t:|1700362316\n|move|p1a: Dugtrio|Iron Head|p2a: Lugia\n|-damage|p2a: Lugia|36\/100\n|move|p2a: Lugia|Blizzard|p1a: Dugtrio\n|-damage|p1a: Dugtrio|8\/100\n|\n|upkeep\n|turn|12\n|\n|t:|1700362330\n|move|p1a: Dugtrio|Sucker Punch|p2a: Lugia\n|-supereffective|p2a: Lugia\n|-damage|p2a: Lugia|1\/100\n|move|p2a: Lugia|Earthquake|p1a: Dugtrio\n|-supereffective|p1a: Dugtrio\n|-damage|p1a: Dugtrio|0 fnt\n|faint|p1a: Dugtrio\n|\n|upkeep\n|\n|t:|1700362340\n|switch|p1a: Lucario|Lucario, F|100\/100\n|turn|13\n|\n|t:|1700362345\n|switch|p2a: Groudon|Groudon|100\/100\n|detailschange|p2a: Groudon|Groudon-Primal\n|-primal|p2a: Groudon|Red Orb\n|-weather|DesolateLand|[from] ability: Desolate Land|[of] p2a: Groudon\n|move|p1a: Lucario|Vacuum Wave|p2a: Groudon\n|-damage|p2a: Groudon|73\/100\n|\n|-weather|DesolateLand|[upkeep]\n|upkeep\n|turn|14\n|\n|t:|1700362356\n|switch|p1a: Fearow|Fearow, M|100\/100\n|move|p2a: Groudon|Precipice Blades|p1a: Fearow\n|-immune|p1a: Fearow\n|\n|-weather|DesolateLand|[upkeep]\n|upkeep\n|turn|15\n|\n|t:|1700362372\n|move|p1a: Fearow|Drill Run|p2a: Groudon|[miss]\n|-miss|p1a: Fearow|p2a: Groudon\n|move|p2a: Groudon|Double-Edge|p1a: Fearow\n|-damage|p1a: Fearow|0 fnt\n|faint|p1a: Fearow\n|-damage|p2a: Groudon|50\/100|[from] Recoil\n|\n|-weather|DesolateLand|[upkeep]\n|upkeep\n|inactive|qazserfvgyujnko has 120 seconds left.\n|\n|t:|1700362401\n|switch|p1a: Lucario|Lucario, F|100\/100\n|turn|16\n|\n|t:|1700362425\n|-terastallize|p1a: Lucario|Fighting\n|move|p1a: Lucario|Dark Pulse|p2a: Groudon\n|-damage|p2a: Groudon|10\/100\n|move|p2a: Groudon|Double-Edge|p1a: Lucario\n|-damage|p1a: Lucario|13\/100\n|-damage|p2a: Groudon|0 fnt|[from] Recoil\n|faint|p2a: Groudon\n|-weather|none\n|\n|upkeep\n|\n|t:|1700362435\n|switch|p2a: Rayquaza|Rayquaza|100\/100\n|-ability|p2a: Rayquaza|Air Lock\n|turn|17\n|inactive|qazserfvgyujnko has 90 seconds left.\n|\n|t:|1700362474\n|switch|p1a: Azumarill|Azumarill, M|100\/100\n|move|p2a: Rayquaza|Draco Meteor|p1a: Azumarill\n|-immune|p1a: Azumarill\n|\n|upkeep\n|turn|18\n|\n|t:|1700362486\n|move|p2a: Rayquaza|Dragon Ascent|p1a: Azumarill\n|-damage|p1a: Azumarill|30\/100\n|-unboost|p2a: Rayquaza|def|1\n|-unboost|p2a: Rayquaza|spd|1\n|move|p1a: Azumarill|Ice Beam|p2a: Rayquaza\n|-supereffective|p2a: Rayquaza\n|-damage|p2a: Rayquaza|0 fnt\n|faint|p2a: Rayquaza\n|\n|upkeep\n|\n|t:|1700362499\n|switch|p2a: Jirachi|Jirachi|100\/100\n|turn|19\n|\n|t:|1700362504\n|move|p2a: Jirachi|Wish|p2a: Jirachi\n|move|p1a: Azumarill|Scald|p2a: Jirachi\n|-damage|p2a: Jirachi|79\/100\n|-status|p2a: Jirachi|brn\n|\n|-damage|p2a: Jirachi|73\/100 brn|[from] brn\n|upkeep\n|turn|20\n|inactive|qazserfvgyujnko has 90 seconds left.\n|\n|t:|1700362520\n|switch|p2a: Lugia|Lugia|1\/100\n|-ability|p2a: Lugia|Pressure\n|move|p1a: Azumarill|Scald|p2a: Lugia\n|-damage|p2a: Lugia|0 fnt\n|faint|p2a: Lugia\n|\n|upkeep\n|\n|t:|1700362529\n|switch|p2a: Urshifu|Urshifu, F, tera:Fighting|16\/100\n|turn|21\n|\n|t:|1700362538\n|move|p2a: Urshifu|Close Combat|p1a: Azumarill\n|-resisted|p1a: Azumarill\n|-damage|p1a: Azumarill|0 fnt\n|-unboost|p2a: Urshifu|def|1\n|-unboost|p2a: Urshifu|spd|1\n|faint|p1a: Azumarill\n|\n|upkeep\n|inactive|qazserfvgyujnko has 90 seconds left.\n|\n|t:|1700362577\n|switch|p1a: Lucario|Lucario, F, tera:Fighting|13\/100\n|turn|22\n|\n|t:|1700362582\n|move|p1a: Lucario|Vacuum Wave|p2a: Urshifu\n|-damage|p2a: Urshifu|0 fnt\n|faint|p2a: Urshifu\n|\n|upkeep\n|\n|t:|1700362586\n|switch|p2a: Jirachi|Jirachi|73\/100 brn\n|turn|23\n|\n|t:|1700362590\n|move|p1a: Lucario|Vacuum Wave|p2a: Jirachi\n|-damage|p2a: Jirachi|37\/100 brn\n|move|p2a: Jirachi|Draco Meteor|p1a: Lucario\n|-damage|p1a: Lucario|0 fnt\n|-unboost|p2a: Jirachi|spa|2\n|faint|p1a: Lucario\n|\n|-damage|p2a: Jirachi|31\/100 brn|[from] brn\n|upkeep\n|\n|t:|1700362600\n|switch|p1a: Gogoat|Gogoat, M|100\/100\n|turn|24\n|\n|t:|1700362605\n|move|p2a: Jirachi|Protect|p2a: Jirachi\n|-singleturn|p2a: Jirachi|Protect\n|move|p1a: Gogoat|Earthquake|p2a: Jirachi\n|-activate|p2a: Jirachi|move: Protect\n|\n|-damage|p2a: Jirachi|25\/100 brn|[from] brn\n|upkeep\n|turn|25\n|inactive|Im Himothy yes has 120 seconds left.\n|inactive|Im Himothy yes has 90 seconds left.\n|inactive|Im Himothy yes has 60 seconds left.\n|inactive|Im Himothy yes has 30 seconds left.\n|\n|t:|1700362730\n|move|p2a: Jirachi|Draco Meteor|p1a: Gogoat\n|-damage|p1a: Gogoat|87\/100\n|-unboost|p2a: Jirachi|spa|2\n|move|p1a: Gogoat|Earthquake|p2a: Jirachi\n|-supereffective|p2a: Jirachi\n|-damage|p2a: Jirachi|0 fnt\n|faint|p2a: Jirachi\n|-damage|p1a: Gogoat|77\/100|[from] item: Life Orb\n|\n|win|qazserfvgyujnko\n|raw|qazserfvgyujnko's rating: 1103 &rarr; <strong>1121<\/strong><br \/>(+18 for winning)\n|raw|Im Himothy yes's rating: 1000 &rarr; <strong>1000<\/strong><br \/>(+0 for losing)\n|l|\u2606Im Himothy yes\n","uploadtime":1700362745,"views":6,"p1id":"qazserfvgyujnko","p2id":"imhimothyyes","formatid":"gen9nationaldexubers","rating":1000,"private":0,"password":""}