{"id":"gen9nationaldexubers-1998873221","p1":"bailuTv","p2":"Mistery Gold","format":"[Gen 9] National Dex Ubers","log":"|j|\u2606bailuTv\n|j|\u2606Mistery Gold\n|t:|1701006670\n|gametype|singles\n|player|p1|bailuTv|backersf|1221\n|player|p2|Mistery Gold|aromalady|1313\n|teamsize|p1|6\n|teamsize|p2|6\n|gen|9\n|tier|[Gen 9] National Dex Ubers\n|rated|\n|rule|HP Percentage Mod: HP is shown in percentages\n|rule|Endless Battle Clause: Forcing endless battles is banned\n|rule|OHKO Clause: OHKO moves are banned\n|rule|Evasion Moves Clause: Evasion moves are banned\n|rule|Evasion Items Clause: Evasion items are banned\n|rule|Species Clause: Limit one of each Pok\u00e9mon\n|rule|Sleep Clause Mod: Limit one foe put to sleep\n|rule|Mega Rayquaza Clause: You cannot mega evolve Rayquaza\n|clearpoke\n|poke|p1|Gothitelle, F|\n|poke|p1|Kingambit, M|\n|poke|p1|Annihilape, F|\n|poke|p1|Victini|\n|poke|p1|Staraptor, M|\n|poke|p1|Cresselia, F|\n|poke|p2|Mewtwo|\n|poke|p2|Zacian-*|\n|poke|p2|Arceus-Bug|\n|poke|p2|Naganadel|\n|poke|p2|Xerneas-*|\n|poke|p2|Kyogre|\n|teampreview\n|inactive|Battle timer is ON: inactive players will automatically lose when time's up. (requested by bailuTv)\n|\n|t:|1701006684\n|start\n|switch|p1a: Staraptor|Staraptor, M|100\/100\n|switch|p2a: Xerneas|Xerneas|100\/100\n|-ability|p2a: Xerneas|Fairy Aura\n|turn|1\n|\n|t:|1701006688\n|move|p1a: Staraptor|Final Gambit|p2a: Xerneas\n|-damage|p2a: Xerneas|5\/100\n|faint|p1a: Staraptor\n|move|p2a: Xerneas|Geomancy||[still]\n|-prepare|p2a: Xerneas|Geomancy\n|-enditem|p2a: Xerneas|Power Herb\n|-anim|p2a: Xerneas|Geomancy|p2a: Xerneas\n|-boost|p2a: Xerneas|spa|2\n|-boost|p2a: Xerneas|spd|2\n|-boost|p2a: Xerneas|spe|2\n|\n|upkeep\n|\n|t:|1701006696\n|switch|p1a: Kingambit|Kingambit, M|100\/100\n|-activate|p1a: Kingambit|ability: Supreme Overlord\n|-start|p1a: Kingambit|fallen1|[silent]\n|turn|2\n|\n|t:|1701006704\n|move|p1a: Kingambit|Sucker Punch|p2a: Xerneas\n|-resisted|p2a: Xerneas\n|-damage|p2a: Xerneas|0 fnt\n|faint|p2a: Xerneas\n|\n|upkeep\n|\n|t:|1701006711\n|switch|p2a: Kyogre|Kyogre|100\/100\n|detailschange|p2a: Kyogre|Kyogre-Primal\n|-primal|p2a: Kyogre|Blue Orb\n|-weather|PrimordialSea|[from] ability: Primordial Sea|[of] p2a: Kyogre\n|turn|3\n|\n|t:|1701006724\n|-end|p1a: Kingambit|fallen1|[silent]\n|switch|p1a: Gothitelle|Gothitelle, F|100\/100\n|move|p2a: Kyogre|Water Spout|p1a: Gothitelle\n|-damage|p1a: Gothitelle|0 fnt\n|faint|p1a: Gothitelle\n|\n|-weather|PrimordialSea|[upkeep]\n|upkeep\n|\n|t:|1701006730\n|switch|p1a: Victini|Victini|100\/100\n|turn|4\n|\n|t:|1701006733\n|move|p1a: Victini|Final Gambit|p2a: Kyogre\n|-damage|p2a: Kyogre|0 fnt\n|faint|p1a: Victini\n|faint|p2a: Kyogre\n|-weather|none\n|\n|upkeep\n|\n|t:|1701006739\n|switch|p1a: Annihilape|Annihilape, F|100\/100\n|switch|p2a: Zacian|Zacian-Crowned|100\/100\n|-ability|p2a: Zacian|Intrepid Sword|boost\n|-boost|p2a: Zacian|atk|1\n|turn|5\n|\n|t:|1701006744\n|move|p1a: Annihilape|Final Gambit|p2a: Zacian\n|-damage|p2a: Zacian|0 fnt\n|faint|p1a: Annihilape\n|faint|p2a: Zacian\n|\n|upkeep\n|\n|t:|1701006752\n|switch|p2a: Naganadel|Naganadel|100\/100\n|switch|p1a: Cresselia|Cresselia, F|100\/100\n|turn|6\n|\n|t:|1701006755\n|move|p2a: Naganadel|Nasty Plot|p2a: Naganadel\n|-boost|p2a: Naganadel|spa|2\n|move|p1a: Cresselia|Light Screen|p1a: Cresselia\n|-sidestart|p1: bailuTv|move: Light Screen\n|\n|upkeep\n|turn|7\n|\n|t:|1701006760\n|move|p2a: Naganadel|Nasty Plot|p2a: Naganadel\n|-boost|p2a: Naganadel|spa|2\n|move|p1a: Cresselia|Reflect|p1a: Cresselia\n|-sidestart|p1: bailuTv|Reflect\n|\n|upkeep\n|turn|8\n|\n|t:|1701006763\n|move|p2a: Naganadel|Nasty Plot|p2a: Naganadel\n|-boost|p2a: Naganadel|spa|2\n|move|p1a: Cresselia|Trick Room|p1a: Cresselia\n|-fieldstart|move: Trick Room|[of] p1a: Cresselia\n|\n|upkeep\n|turn|9\n|\n|t:|1701006768\n|move|p1a: Cresselia|Lunar Dance|p1a: Cresselia\n|faint|p1a: Cresselia\n|move|p2a: Naganadel|Flamethrower|p1: Cresselia|[notarget]\n|-fail|p2a: Naganadel\n|\n|upkeep\n|\n|t:|1701006772\n|switch|p1a: Kingambit|Kingambit, M|100\/100\n|-heal|p1a: Kingambit|100\/100|[from] move: Lunar Dance\n|-activate|p1a: Kingambit|ability: Supreme Overlord\n|-start|p1a: Kingambit|fallen5|[silent]\n|turn|10\n|\n|t:|1701006775\n|-terastallize|p1a: Kingambit|Dark\n|move|p1a: Kingambit|Knock Off|p2a: Naganadel\n|-damage|p2a: Naganadel|0 fnt\n|-enditem|p2a: Naganadel|Life Orb|[from] move: Knock Off|[of] p1a: Kingambit\n|faint|p2a: Naganadel\n|\n|upkeep\n|\n|t:|1701006781\n|switch|p2a: Mewtwo|Mewtwo|100\/100\n|-ability|p2a: Mewtwo|Pressure\n|turn|11\n|\n|t:|1701006785\n|detailschange|p2a: Mewtwo|Mewtwo-Mega-X\n|-mega|p2a: Mewtwo|Mewtwo|Mewtwonite X\n|move|p1a: Kingambit|Knock Off|p2a: Mewtwo\n|-damage|p2a: Mewtwo|5\/100\n|move|p2a: Mewtwo|Power-Up Punch|p1a: Kingambit\n|-supereffective|p1a: Kingambit\n|-damage|p1a: Kingambit|76\/100\n|-boost|p2a: Mewtwo|atk|1\n|\n|upkeep\n|turn|12\n|\n|t:|1701006793\n|move|p1a: Kingambit|Knock Off|p2a: Mewtwo\n|-damage|p2a: Mewtwo|0 fnt\n|faint|p2a: Mewtwo\n|\n|-fieldend|move: Trick Room\n|upkeep\n|\n|t:|1701006795\n|switch|p2a: Arceus|Arceus-Bug|100\/100\n|turn|13\n|\n|t:|1701006801\n|move|p2a: Arceus|Dragon Dance|p2a: Arceus\n|-boost|p2a: Arceus|atk|1\n|-boost|p2a: Arceus|spe|1\n|move|p1a: Kingambit|Knock Off|p2a: Arceus\n|-damage|p2a: Arceus|25\/100\n|\n|-sideend|p1: bailuTv|move: Light Screen\n|upkeep\n|turn|14\n|\n|t:|1701006809\n|-terastallize|p2a: Arceus|Normal\n|move|p2a: Arceus|Extreme Speed|p1a: Kingambit\n|-damage|p1a: Kingambit|54\/100\n|move|p1a: Kingambit|Knock Off|p2a: Arceus\n|-damage|p2a: Arceus|0 fnt\n|faint|p2a: Arceus\n|\n|win|bailuTv\n|raw|bailuTv's rating: 1221 &rarr; <strong>1252<\/strong><br \/>(+31 for winning)\n|raw|Mistery Gold's rating: 1313 &rarr; <strong>1288<\/strong><br \/>(-25 for losing)\n","uploadtime":1701006816,"views":14,"p1id":"bailutv","p2id":"misterygold","formatid":"gen9nationaldexubers","rating":1252,"private":0,"password":""}