{"id":"gen9nationaldexubers-1996662800","p1":"HValoy","p2":"ReckingNoobs","format":"[Gen 9] National Dex Ubers","log":"|j|\u2606HValoy\n|j|\u2606ReckingNoobs\n|t:|1700706709\n|gametype|singles\n|player|p1|HValoy|veteran|1104\n|player|p2|ReckingNoobs|ghetsis|1191\n|teamsize|p1|6\n|teamsize|p2|6\n|gen|9\n|tier|[Gen 9] National Dex Ubers\n|rated|\n|rule|HP Percentage Mod: HP is shown in percentages\n|rule|Endless Battle Clause: Forcing endless battles is banned\n|rule|OHKO Clause: OHKO moves are banned\n|rule|Evasion Moves Clause: Evasion moves are banned\n|rule|Evasion Items Clause: Evasion items are banned\n|rule|Species Clause: Limit one of each Pok\u00e9mon\n|rule|Sleep Clause Mod: Limit one foe put to sleep\n|rule|Mega Rayquaza Clause: You cannot mega evolve Rayquaza\n|clearpoke\n|poke|p1|Slowking-Galar, M|\n|poke|p1|Mawile, F|\n|poke|p1|Sinistcha|\n|poke|p1|Cyclizar, M|\n|poke|p1|Dragonite, M|\n|poke|p1|Galvantula, F|\n|poke|p2|Yveltal|\n|poke|p2|Xurkitree|\n|poke|p2|Beedrill, M|\n|poke|p2|Donphan, F|\n|poke|p2|Darmanitan, M|\n|poke|p2|Greninja-*, M|\n|teampreview\n|\n|t:|1700706713\n|start\n|switch|p1a: Galvantula|Galvantula, F, shiny|100\/100\n|switch|p2a: Donphan|Donphan, F|100\/100\n|turn|1\n|\n|t:|1700706725\n|move|p1a: Galvantula|Sticky Web|p2a: Donphan\n|-sidestart|p2: ReckingNoobs|move: Sticky Web\n|move|p2a: Donphan|Stealth Rock|p1a: Galvantula\n|-sidestart|p1: HValoy|move: Stealth Rock\n|\n|upkeep\n|turn|2\n|inactive|Battle timer is ON: inactive players will automatically lose when time's up. (requested by ReckingNoobs)\n|\n|t:|1700706730\n|move|p1a: Galvantula|Giga Drain|p2a: Donphan\n|-supereffective|p2a: Donphan\n|-damage|p2a: Donphan|58\/100\n|move|p2a: Donphan|Rapid Spin|p1a: Galvantula\n|-damage|p1a: Galvantula|75\/100\n|-boost|p2a: Donphan|spe|1\n|-sideend|p2: ReckingNoobs|Sticky Web|[from] move: Rapid Spin|[of] p2a: Donphan\n|\n|upkeep\n|turn|3\n|\n|t:|1700706738\n|move|p1a: Galvantula|Giga Drain|p2a: Donphan\n|-supereffective|p2a: Donphan\n|-damage|p2a: Donphan|14\/100\n|-heal|p1a: Galvantula|100\/100|[from] drain|[of] p2a: Donphan\n|move|p2a: Donphan|Earthquake|p1a: Galvantula\n|-damage|p1a: Galvantula|20\/100\n|\n|upkeep\n|turn|4\n|-enditem|p2a: Donphan|Custap Berry|[eat]\n|-activate|p2a: Donphan|item: Custap Berry|[consumed]\n|\n|t:|1700706746\n|move|p2a: Donphan|Earthquake|p1a: Galvantula\n|-damage|p1a: Galvantula|0 fnt\n|faint|p1a: Galvantula\n|\n|upkeep\n|\n|t:|1700706754\n|switch|p1a: Cyclizar|Cyclizar, M|100\/100\n|-damage|p1a: Cyclizar|88\/100|[from] Stealth Rock\n|turn|5\n|\n|t:|1700706760\n|move|p2a: Donphan|Ice Shard|p1a: Cyclizar\n|-supereffective|p1a: Cyclizar\n|-damage|p1a: Cyclizar|56\/100\n|move|p1a: Cyclizar|Rapid Spin|p2a: Donphan\n|-damage|p2a: Donphan|2\/100\n|-boost|p1a: Cyclizar|spe|1\n|-sideend|p1: HValoy|Stealth Rock|[from] move: Rapid Spin|[of] p1a: Cyclizar\n|\n|upkeep\n|turn|6\n|\n|t:|1700706773\n|switch|p1a: Mawile|Mawile, F, shiny|100\/100\n|-ability|p1a: Mawile|Intimidate|boost\n|-unboost|p2a: Donphan|atk|1\n|move|p2a: Donphan|Ice Shard|p1a: Mawile\n|-resisted|p1a: Mawile\n|-damage|p1a: Mawile|97\/100\n|\n|upkeep\n|turn|7\n|\n|t:|1700706782\n|detailschange|p1a: Mawile|Mawile-Mega, F, shiny\n|-mega|p1a: Mawile|Mawile|Mawilite\n|move|p2a: Donphan|Stealth Rock|p1a: Mawile\n|-sidestart|p1: HValoy|move: Stealth Rock\n|move|p1a: Mawile|Swords Dance|p1a: Mawile\n|-boost|p1a: Mawile|atk|2\n|\n|upkeep\n|turn|8\n|\n|t:|1700706790\n|move|p2a: Donphan|Earthquake|p1a: Mawile\n|-supereffective|p1a: Mawile\n|-damage|p1a: Mawile|59\/100\n|move|p1a: Mawile|Swords Dance|p1a: Mawile\n|-boost|p1a: Mawile|atk|2\n|\n|upkeep\n|turn|9\n|\n|t:|1700706797\n|move|p2a: Donphan|Earthquake|p1a: Mawile\n|-supereffective|p1a: Mawile\n|-damage|p1a: Mawile|17\/100\n|move|p1a: Mawile|Swords Dance|p1a: Mawile\n|-boost|p1a: Mawile|atk|2\n|\n|upkeep\n|turn|10\n|\n|t:|1700706805\n|move|p2a: Donphan|Ice Shard|p1a: Mawile\n|-resisted|p1a: Mawile\n|-damage|p1a: Mawile|14\/100\n|move|p1a: Mawile|Sucker Punch||[still]\n|-fail|p1a: Mawile\n|\n|upkeep\n|turn|11\n|\n|t:|1700706812\n|move|p2a: Donphan|Earthquake|p1a: Mawile\n|-supereffective|p1a: Mawile\n|-damage|p1a: Mawile|0 fnt\n|faint|p1a: Mawile\n|\n|upkeep\n|\n|t:|1700706820\n|switch|p1a: Cyclizar|Cyclizar, M|89\/100\n|-damage|p1a: Cyclizar|77\/100|[from] Stealth Rock\n|turn|12\n|\n|t:|1700706827\n|move|p2a: Donphan|Ice Shard|p1a: Cyclizar\n|-supereffective|p1a: Cyclizar\n|-damage|p1a: Cyclizar|56\/100\n|move|p1a: Cyclizar|Shed Tail|p1a: Cyclizar\n|-start|p1a: Cyclizar|Substitute|[from] move: Shed Tail\n|-damage|p1a: Cyclizar|6\/100\n|-enditem|p1a: Cyclizar|Aguav Berry|[eat]\n|-heal|p1a: Cyclizar|39\/100|[from] item: Aguav Berry\n|\n|t:|1700706837\n|switch|p1a: Sinistcha|Sinistcha|100\/100|[from] Shed Tail\n|-damage|p1a: Sinistcha|88\/100|[from] Stealth Rock\n|\n|-heal|p1a: Sinistcha|94\/100|[from] item: Leftovers\n|upkeep\n|turn|13\n|\n|t:|1700706847\n|move|p2a: Donphan|Ice Shard|p1a: Sinistcha\n|-supereffective|p1a: Sinistcha\n|-activate|p1a: Sinistcha|move: Substitute|[damage]\n|move|p1a: Sinistcha|Matcha Gotcha|p2a: Donphan\n|-supereffective|p2a: Donphan\n|-damage|p2a: Donphan|0 fnt\n|-heal|p1a: Sinistcha|95\/100|[from] drain|[of] p2a: Donphan\n|faint|p2a: Donphan\n|\n|-heal|p1a: Sinistcha|100\/100|[from] item: Leftovers\n|upkeep\n|\n|t:|1700706853\n|switch|p2a: Yveltal|Yveltal|100\/100\n|-ability|p2a: Yveltal|Dark Aura\n|turn|14\n|\n|t:|1700706864\n|move|p2a: Yveltal|Dark Pulse|p1a: Sinistcha\n|-supereffective|p1a: Sinistcha\n|-end|p1a: Sinistcha|Substitute\n|move|p1a: Sinistcha|Nasty Plot|p1a: Sinistcha\n|-boost|p1a: Sinistcha|spa|2\n|\n|upkeep\n|turn|15\n|\n|t:|1700706874\n|-terastallize|p1a: Sinistcha|Grass\n|move|p2a: Yveltal|Dark Pulse|p1a: Sinistcha\n|-damage|p1a: Sinistcha|59\/100\n|cant|p1a: Sinistcha|flinch\n|\n|-heal|p1a: Sinistcha|65\/100|[from] item: Leftovers\n|upkeep\n|turn|16\n|\n|t:|1700706885\n|switch|p1a: Cyclizar|Cyclizar, M|72\/100\n|-damage|p1a: Cyclizar|60\/100|[from] Stealth Rock\n|move|p2a: Yveltal|Oblivion Wing|p1a: Cyclizar\n|-damage|p1a: Cyclizar|0 fnt\n|faint|p1a: Cyclizar\n|\n|upkeep\n|\n|t:|1700706895\n|switch|p1a: Slowking|Slowking-Galar, M, shiny|100\/100\n|-damage|p1a: Slowking|88\/100|[from] Stealth Rock\n|turn|17\n|\n|t:|1700706906\n|move|p2a: Yveltal|Protect|p2a: Yveltal\n|-singleturn|p2a: Yveltal|Protect\n|move|p1a: Slowking|Acid|p2a: Yveltal\n|-activate|p2a: Yveltal|move: Protect\n|\n|upkeep\n|turn|18\n|\n|t:|1700706912\n|move|p2a: Yveltal|Dark Pulse|p1a: Slowking\n|-supereffective|p1a: Slowking\n|-damage|p1a: Slowking|48\/100\n|move|p1a: Slowking|Acid|p2a: Yveltal\n|-damage|p2a: Yveltal|88\/100\n|\n|-heal|p2a: Yveltal|94\/100|[from] item: Leftovers\n|upkeep\n|turn|19\n|-message|HValoy forfeited.\n|\n|win|ReckingNoobs\n|raw|HValoy's rating: 1104 &rarr; <strong>1085<\/strong><br \/>(-19 for losing)\n|raw|ReckingNoobs's rating: 1191 &rarr; <strong>1210<\/strong><br \/>(+19 for winning)\n|l|\u2606HValoy\n|l|\u2606ReckingNoobs\n|j|\u2606ReckingNoobs\n|player|p2|ReckingNoobs|ghetsis\n","uploadtime":1700706933,"views":2,"p1id":"hvaloy","p2id":"reckingnoobs","formatid":"gen9nationaldexubers","rating":1085,"private":0,"password":""}