{"id":"gen9nationaldexubers-1997102486","p1":"Razorgliscor472","p2":"Hussumon2","format":"[Gen 9] National Dex Ubers","log":"|j|\u2606Razorgliscor472\n|j|\u203dHussumon2\n|t:|1700764741\n|gametype|singles\n|player|p1|Razorgliscor472|169|\n|player|p2|Hussumon2|1|\n|teamsize|p1|6\n|teamsize|p2|6\n|gen|9\n|tier|[Gen 9] National Dex Ubers\n|rule|HP Percentage Mod: HP is shown in percentages\n|rule|Endless Battle Clause: Forcing endless battles is banned\n|rule|OHKO Clause: OHKO moves are banned\n|rule|Evasion Moves Clause: Evasion moves are banned\n|rule|Evasion Items Clause: Evasion items are banned\n|rule|Species Clause: Limit one of each Pok\u00e9mon\n|rule|Sleep Clause Mod: Limit one foe put to sleep\n|rule|Mega Rayquaza Clause: You cannot mega evolve Rayquaza\n|clearpoke\n|poke|p1|Sandy Shocks|\n|poke|p1|Zygarde|\n|poke|p1|Landorus-Therian, M|\n|poke|p1|Great Tusk|\n|poke|p1|Excadrill, M|\n|poke|p1|Manaphy|\n|poke|p2|Annihilape, F|\n|poke|p2|Iron Bundle|\n|poke|p2|Gliscor, M|\n|poke|p2|Tapu Koko|\n|poke|p2|Ferrothorn, F|\n|poke|p2|Moltres|\n|teampreview\n|inactive|Battle timer is ON: inactive players will automatically lose when time's up. (requested by Hussumon2)\n|j| Leader Opal\n|c|\u2606Razorgliscor472|Glhf\n|c|\u2606Razorgliscor472|And who is opal\n|\n|t:|1700764766\n|start\n|switch|p1a: Sandy Shocks|Sandy Shocks|100\/100\n|switch|p2a: Tapu Koko|Tapu Koko|100\/100\n|-fieldstart|move: Electric Terrain|[from] ability: Electric Surge|[of] p2a: Tapu Koko\n|-enditem|p1a: Sandy Shocks|Booster Energy\n|-activate|p1a: Sandy Shocks|ability: Protosynthesis|[fromitem]\n|-start|p1a: Sandy Shocks|protosynthesisspe\n|turn|1\n|\n|t:|1700764777\n|switch|p2a: Gliscor|Gliscor, M|100\/100\n|move|p1a: Sandy Shocks|Stealth Rock|p2a: Gliscor\n|-sidestart|p2: Hussumon2|move: Stealth Rock\n|\n|-status|p2a: Gliscor|tox|[from] item: Toxic Orb\n|upkeep\n|turn|2\n|\n|t:|1700764784\n|-terastallize|p1a: Sandy Shocks|Ice\n|move|p2a: Gliscor|Protect|p2a: Gliscor\n|-singleturn|p2a: Gliscor|Protect\n|move|p1a: Sandy Shocks|Tera Blast|p2a: Gliscor|[anim] Tera Blast Ice\n|-activate|p2a: Gliscor|move: Protect\n|\n|upkeep\n|turn|3\n|\n|t:|1700764806\n|switch|p2a: Ferrothorn|Ferrothorn, F|100\/100\n|-damage|p2a: Ferrothorn|95\/100|[from] Stealth Rock\n|move|p1a: Sandy Shocks|Spikes|p2a: Ferrothorn\n|-sidestart|p2: Hussumon2|Spikes\n|\n|upkeep\n|turn|4\n|l| Leader Opal\n|\n|t:|1700764828\n|-end|p1a: Sandy Shocks|Protosynthesis|[silent]\n|switch|p1a: Zygarde|Zygarde|100\/100\n|-ability|p1a: Zygarde|Aura Break\n|move|p2a: Ferrothorn|Gyro Ball|p1a: Zygarde\n|-damage|p1a: Zygarde|67\/100\n|\n|-heal|p1a: Zygarde|73\/100|[from] item: Leftovers\n|upkeep\n|turn|5\n|\n|t:|1700764836\n|switch|p2a: Iron Bundle|Iron Bundle|100\/100\n|-activate|p2a: Iron Bundle|ability: Quark Drive\n|-start|p2a: Iron Bundle|quarkdrivespe\n|move|p1a: Zygarde|Substitute|p1a: Zygarde\n|-start|p1a: Zygarde|Substitute\n|-damage|p1a: Zygarde|48\/100\n|\n|-heal|p1a: Zygarde|55\/100|[from] item: Leftovers\n|-fieldend|move: Electric Terrain\n|-end|p2a: Iron Bundle|Quark Drive\n|upkeep\n|turn|6\n|\n|t:|1700764843\n|move|p2a: Iron Bundle|Freeze-Dry|p1a: Zygarde\n|-supereffective|p1a: Zygarde\n|-end|p1a: Zygarde|Substitute\n|move|p1a: Zygarde|Dragon Dance|p1a: Zygarde\n|-boost|p1a: Zygarde|atk|1\n|-boost|p1a: Zygarde|spe|1\n|\n|-heal|p1a: Zygarde|61\/100|[from] item: Leftovers\n|upkeep\n|turn|7\n|\n|t:|1700764850\n|move|p1a: Zygarde|Thousand Arrows|p2a: Iron Bundle\n|-damage|p2a: Iron Bundle|33\/100\n|move|p2a: Iron Bundle|Freeze-Dry|p1a: Zygarde\n|-supereffective|p1a: Zygarde\n|-damage|p1a: Zygarde|0 fnt\n|faint|p1a: Zygarde\n|\n|upkeep\n|c|\u2606Razorgliscor472|Ass\n|\n|t:|1700764859\n|switch|p1a: Manaphy|Manaphy|100\/100\n|turn|8\n|\n|t:|1700764866\n|-end|p2a: Iron Bundle|Quark Drive|[silent]\n|switch|p2a: Ferrothorn|Ferrothorn, F|95\/100\n|-damage|p2a: Ferrothorn|89\/100|[from] Stealth Rock\n|-damage|p2a: Ferrothorn|76\/100|[from] Spikes\n|move|p1a: Manaphy|Take Heart|p1a: Manaphy\n|-boost|p1a: Manaphy|spa|1\n|-boost|p1a: Manaphy|spd|1\n|\n|upkeep\n|turn|9\n|\n|t:|1700764873\n|move|p1a: Manaphy|Acid Armor|p1a: Manaphy\n|-boost|p1a: Manaphy|def|2\n|move|p2a: Ferrothorn|Leech Seed|p1a: Manaphy\n|-start|p1a: Manaphy|move: Leech Seed\n|\n|-damage|p1a: Manaphy|88\/100|[from] Leech Seed|[of] p2a: Ferrothorn\n|-heal|p2a: Ferrothorn|91\/100|[silent]\n|upkeep\n|turn|10\n|\n|t:|1700764886\n|move|p1a: Manaphy|Take Heart|p1a: Manaphy\n|-boost|p1a: Manaphy|spa|1\n|-boost|p1a: Manaphy|spd|1\n|move|p2a: Ferrothorn|Gyro Ball|p1a: Manaphy\n|-resisted|p1a: Manaphy\n|-crit|p1a: Manaphy\n|-damage|p1a: Manaphy|63\/100\n|\n|-heal|p1a: Manaphy|70\/100|[from] item: Leftovers\n|-damage|p1a: Manaphy|57\/100|[from] Leech Seed|[of] p2a: Ferrothorn\n|-heal|p2a: Ferrothorn|100\/100|[silent]\n|upkeep\n|turn|11\n|\n|t:|1700764898\n|move|p1a: Manaphy|Stored Power|p2a: Ferrothorn\n|-resisted|p2a: Ferrothorn\n|-damage|p2a: Ferrothorn|75\/100\n|move|p2a: Ferrothorn|Knock Off|p1a: Manaphy\n|-damage|p1a: Manaphy|50\/100\n|-enditem|p1a: Manaphy|Leftovers|[from] move: Knock Off|[of] p2a: Ferrothorn\n|\n|-damage|p1a: Manaphy|38\/100|[from] Leech Seed|[of] p2a: Ferrothorn\n|-heal|p2a: Ferrothorn|89\/100|[silent]\n|upkeep\n|turn|12\n|\n|t:|1700764905\n|move|p1a: Manaphy|Scald|p2a: Ferrothorn\n|-resisted|p2a: Ferrothorn\n|-damage|p2a: Ferrothorn|65\/100\n|move|p2a: Ferrothorn|Gyro Ball|p1a: Manaphy\n|-resisted|p1a: Manaphy\n|-damage|p1a: Manaphy|30\/100\n|\n|-damage|p1a: Manaphy|18\/100|[from] Leech Seed|[of] p2a: Ferrothorn\n|-heal|p2a: Ferrothorn|79\/100|[silent]\n|upkeep\n|turn|13\n|\n|t:|1700764916\n|move|p1a: Manaphy|Scald|p2a: Ferrothorn\n|-resisted|p2a: Ferrothorn\n|-damage|p2a: Ferrothorn|54\/100\n|move|p2a: Ferrothorn|Gyro Ball|p1a: Manaphy\n|-resisted|p1a: Manaphy\n|-damage|p1a: Manaphy|10\/100\n|\n|-damage|p1a: Manaphy|0 fnt|[from] Leech Seed|[of] p2a: Ferrothorn\n|-heal|p2a: Ferrothorn|65\/100|[silent]\n|faint|p1a: Manaphy\n|upkeep\n|\n|t:|1700764919\n|switch|p1a: Landorus|Landorus-Therian, M|100\/100\n|-ability|p1a: Landorus|Intimidate|boost\n|-unboost|p2a: Ferrothorn|atk|1\n|turn|14\n|\n|t:|1700764934\n|switch|p2a: Iron Bundle|Iron Bundle|33\/100\n|move|p1a: Landorus|Rock Polish|p1a: Landorus\n|-boost|p1a: Landorus|spe|2\n|\n|upkeep\n|turn|15\n|\n|t:|1700764941\n|-end|p2a: Iron Bundle|Quark Drive|[silent]\n|switch|p2a: Tapu Koko|Tapu Koko|100\/100\n|-fieldstart|move: Electric Terrain|[from] ability: Electric Surge|[of] p2a: Tapu Koko\n|move|p1a: Landorus|Earthquake|p2a: Tapu Koko\n|-supereffective|p2a: Tapu Koko\n|-damage|p2a: Tapu Koko|0 fnt\n|faint|p2a: Tapu Koko\n|\n|upkeep\n|\n|t:|1700764961\n|switch|p2a: Iron Bundle|Iron Bundle|33\/100\n|-activate|p2a: Iron Bundle|ability: Quark Drive\n|-start|p2a: Iron Bundle|quarkdrivespe\n|turn|16\n|\n|t:|1700764968\n|switch|p1a: Great Tusk|Great Tusk|100\/100\n|-enditem|p1a: Great Tusk|Booster Energy\n|-activate|p1a: Great Tusk|ability: Protosynthesis|[fromitem]\n|-start|p1a: Great Tusk|protosynthesisspe\n|move|p2a: Iron Bundle|Ice Beam|p1a: Great Tusk\n|-supereffective|p1a: Great Tusk\n|-damage|p1a: Great Tusk|0 fnt\n|faint|p1a: Great Tusk\n|-end|p1a: Great Tusk|Protosynthesis|[silent]\n|\n|upkeep\n|\n|t:|1700764970\n|switch|p1a: Sandy Shocks|Sandy Shocks, tera:Ice|100\/100\n|turn|17\n|\n|t:|1700764985\n|-end|p2a: Iron Bundle|Quark Drive|[silent]\n|switch|p2a: Ferrothorn|Ferrothorn, F|65\/100\n|-damage|p2a: Ferrothorn|59\/100|[from] Stealth Rock\n|-damage|p2a: Ferrothorn|47\/100|[from] Spikes\n|move|p1a: Sandy Shocks|Thunderbolt|p2a: Ferrothorn\n|-resisted|p2a: Ferrothorn\n|-damage|p2a: Ferrothorn|21\/100\n|\n|upkeep\n|turn|18\n|\n|t:|1700764998\n|move|p1a: Sandy Shocks|Tera Blast|p2a: Ferrothorn|[anim] Tera Blast Ice\n|-damage|p2a: Ferrothorn|0 fnt\n|faint|p2a: Ferrothorn\n|\n|upkeep\n|\n|t:|1700765005\n|switch|p2a: Moltres|Moltres|100\/100\n|-ability|p2a: Moltres|Pressure\n|turn|19\n|\n|t:|1700765016\n|-terastallize|p2a: Moltres|Water\n|move|p1a: Sandy Shocks|Thunderbolt|p2a: Moltres\n|-supereffective|p2a: Moltres\n|-damage|p2a: Moltres|19\/100\n|move|p2a: Moltres|Flamethrower|p1a: Sandy Shocks\n|-supereffective|p1a: Sandy Shocks\n|-damage|p1a: Sandy Shocks|2\/100\n|\n|-fieldend|move: Electric Terrain\n|upkeep\n|turn|20\n|c|\u2606Razorgliscor472|LMAO\n|\n|t:|1700765031\n|switch|p2a: Gliscor|Gliscor, M|100\/100 tox\n|-damage|p2a: Gliscor|88\/100 tox|[from] Stealth Rock\n|move|p1a: Sandy Shocks|Thunderbolt|p2a: Gliscor\n|-immune|p2a: Gliscor\n|\n|-heal|p2a: Gliscor|100\/100 tox|[from] ability: Poison Heal\n|upkeep\n|turn|21\n|\n|t:|1700765050\n|move|p1a: Sandy Shocks|Tera Blast|p2a: Gliscor|[anim] Tera Blast Ice\n|-supereffective|p2a: Gliscor\n|-damage|p2a: Gliscor|0 fnt\n|faint|p2a: Gliscor\n|\n|upkeep\n|\n|t:|1700765054\n|switch|p2a: Iron Bundle|Iron Bundle|33\/100\n|turn|22\n|\n|t:|1700765063\n|move|p2a: Iron Bundle|Ice Beam|p1a: Sandy Shocks\n|-resisted|p1a: Sandy Shocks\n|-damage|p1a: Sandy Shocks|0 fnt\n|faint|p1a: Sandy Shocks\n|-end|p1a: Sandy Shocks|Protosynthesis|[silent]\n|\n|upkeep\n|\n|t:|1700765065\n|switch|p1a: Excadrill|Excadrill, M|100\/100\n|-ability|p1a: Excadrill|Mold Breaker\n|turn|23\n|\n|t:|1700765074\n|-end|p2a: Iron Bundle|Quark Drive|[silent]\n|switch|p2a: Moltres|Moltres, tera:Water|19\/100\n|-ability|p2a: Moltres|Pressure\n|move|p1a: Excadrill|Rapid Spin|p2a: Moltres\n|-damage|p2a: Moltres|2\/100\n|-boost|p1a: Excadrill|spe|1\n|\n|upkeep\n|turn|24\n|\n|t:|1700765083\n|move|p1a: Excadrill|Earthquake|p2a: Moltres\n|-damage|p2a: Moltres|0 fnt\n|faint|p2a: Moltres\n|\n|upkeep\n|\n|t:|1700765086\n|switch|p2a: Annihilape|Annihilape, F|100\/100\n|-damage|p2a: Annihilape|94\/100|[from] Stealth Rock\n|-damage|p2a: Annihilape|82\/100|[from] Spikes\n|turn|25\n|\n|t:|1700765103\n|move|p1a: Excadrill|Swords Dance|p1a: Excadrill\n|-boost|p1a: Excadrill|atk|2\n|move|p2a: Annihilape|Drain Punch|p1a: Excadrill\n|-supereffective|p1a: Excadrill\n|-damage|p1a: Excadrill|17\/100\n|-heal|p2a: Annihilape|100\/100|[from] drain|[of] p1a: Excadrill\n|\n|-heal|p1a: Excadrill|23\/100|[from] item: Leftovers\n|upkeep\n|turn|26\n|\n|t:|1700765127\n|move|p1a: Excadrill|Iron Head|p2a: Annihilape\n|-damage|p2a: Annihilape|18\/100\n|move|p2a: Annihilape|Drain Punch|p1a: Excadrill\n|-supereffective|p1a: Excadrill\n|-damage|p1a: Excadrill|0 fnt\n|-heal|p2a: Annihilape|28\/100|[from] drain|[of] p1a: Excadrill\n|faint|p1a: Excadrill\n|\n|-heal|p2a: Annihilape|34\/100|[from] item: Leftovers\n|upkeep\n|\n|t:|1700765130\n|switch|p1a: Landorus|Landorus-Therian, M|100\/100\n|-ability|p1a: Landorus|Intimidate|boost\n|-unboost|p2a: Annihilape|atk|1\n|-ability|p2a: Annihilape|Defiant|boost\n|-boost|p2a: Annihilape|atk|2\n|turn|27\n|\n|t:|1700765136\n|move|p1a: Landorus|Rock Polish|p1a: Landorus\n|-boost|p1a: Landorus|spe|2\n|move|p2a: Annihilape|Rage Fist|p1a: Landorus\n|-damage|p1a: Landorus|38\/100\n|\n|-heal|p2a: Annihilape|40\/100|[from] item: Leftovers\n|upkeep\n|turn|28\n|\n|t:|1700765143\n|move|p1a: Landorus|Earthquake|p2a: Annihilape\n|-damage|p2a: Annihilape|0 fnt\n|faint|p2a: Annihilape\n|\n|upkeep\n|c|\u2606Razorgliscor472|Gg\n|\n|t:|1700765146\n|switch|p2a: Iron Bundle|Iron Bundle|33\/100\n|turn|29\n|\n|t:|1700765150\n|move|p1a: Landorus|Earthquake|p2a: Iron Bundle\n|-crit|p2a: Iron Bundle\n|-damage|p2a: Iron Bundle|0 fnt\n|faint|p2a: Iron Bundle\n|-end|p2a: Iron Bundle|Quark Drive|[silent]\n|\n|win|Razorgliscor472\n","uploadtime":1700765153,"views":4,"p1id":"razorgliscor472","p2id":"hussumon2","formatid":"gen9nationaldexubers","rating":0,"private":0,"password":""}