{"id":"gen9nationaldexubers-1986056655","p1":"zuberto","p2":"Mudseph03","format":"[Gen 9] National Dex Ubers","log":"|j|\u2606zuberto\n|j|\u2606Mudseph03\n|t:|1699444860\n|gametype|singles\n|player|p1|zuberto|pokemaniac|1101\n|player|p2|Mudseph03|red|1240\n|teamsize|p1|6\n|teamsize|p2|6\n|gen|9\n|tier|[Gen 9] National Dex Ubers\n|rated|\n|rule|HP Percentage Mod: HP is shown in percentages\n|rule|Endless Battle Clause: Forcing endless battles is banned\n|rule|OHKO Clause: OHKO moves are banned\n|rule|Evasion Moves Clause: Evasion moves are banned\n|rule|Evasion Items Clause: Evasion items are banned\n|rule|Species Clause: Limit one of each Pok\u00e9mon\n|rule|Sleep Clause Mod: Limit one foe put to sleep\n|rule|Mega Rayquaza Clause: You cannot mega evolve Rayquaza\n|clearpoke\n|poke|p1|Swampert, M|\n|poke|p1|Galvantula, M|\n|poke|p1|Pawmot, M|\n|poke|p1|Meowscarada, F|\n|poke|p1|Cinderace, F|\n|poke|p1|Aegislash, F|\n|poke|p2|Dragapult, M|\n|poke|p2|Kartana|\n|poke|p2|Aegislash, M|\n|poke|p2|Quagsire, M|\n|poke|p2|Heatran, M|\n|poke|p2|Togekiss, M|\n|teampreview\n|\n|t:|1699444874\n|start\n|switch|p1a: Miranha|Galvantula, M, shiny|100\/100\n|switch|p2a: Christran|Heatran, M|100\/100\n|turn|1\n|\n|t:|1699444880\n|move|p1a: Miranha|Sticky Web|p2a: Christran\n|-sidestart|p2: Mudseph03|move: Sticky Web\n|move|p2a: Christran|Magma Storm|p1a: Miranha\n|-supereffective|p1a: Miranha\n|-enditem|p1a: Miranha|Focus Sash\n|-damage|p1a: Miranha|1\/100\n|-activate|p1a: Miranha|move: Magma Storm|[of] p2a: Christran\n|\n|-damage|p1a: Miranha|0 fnt|[from] move: Magma Storm|[partiallytrapped]\n|faint|p1a: Miranha\n|upkeep\n|\n|t:|1699444887\n|switch|p1a: Yamato|Swampert, M, shiny|100\/100\n|turn|2\n|\n|t:|1699444895\n|switch|p2a: Puyolsire|Quagsire, M|100\/100\n|-activate|p2a: Puyolsire|move: Sticky Web\n|-unboost|p2a: Puyolsire|spe|1\n|detailschange|p1a: Yamato|Swampert-Mega, M, shiny\n|-mega|p1a: Yamato|Swampert|Swampertite\n|move|p1a: Yamato|Earthquake|p2a: Puyolsire\n|-damage|p2a: Puyolsire|54\/100\n|\n|-heal|p2a: Puyolsire|60\/100|[from] item: Leftovers\n|upkeep\n|turn|3\n|\n|t:|1699444910\n|move|p1a: Yamato|Ice Punch|p2a: Puyolsire\n|-damage|p2a: Puyolsire|36\/100\n|move|p2a: Puyolsire|Toxic|p1a: Yamato\n|-status|p1a: Yamato|tox\n|\n|-heal|p2a: Puyolsire|42\/100|[from] item: Leftovers\n|-damage|p1a: Yamato|94\/100 tox|[from] psn\n|upkeep\n|turn|4\n|\n|t:|1699444917\n|switch|p2a: Togefeits|Togekiss, M|100\/100\n|move|p1a: Yamato|Ice Punch|p2a: Togefeits\n|-supereffective|p2a: Togefeits\n|-damage|p2a: Togefeits|31\/100\n|\n|-damage|p1a: Yamato|82\/100 tox|[from] psn\n|upkeep\n|turn|5\n|\n|t:|1699444931\n|move|p2a: Togefeits|Air Slash|p1a: Yamato\n|-damage|p1a: Yamato|53\/100 tox\n|move|p1a: Yamato|Ice Punch|p2a: Togefeits\n|-supereffective|p2a: Togefeits\n|-damage|p2a: Togefeits|0 fnt\n|faint|p2a: Togefeits\n|\n|-damage|p1a: Yamato|34\/100 tox|[from] psn\n|upkeep\n|\n|t:|1699444940\n|switch|p2a: Godtana|Kartana|100\/100\n|-activate|p2a: Godtana|move: Sticky Web\n|-unboost|p2a: Godtana|spe|1\n|turn|6\n|\n|t:|1699444949\n|move|p2a: Godtana|Leaf Blade|p1a: Yamato\n|-supereffective|p1a: Yamato\n|-damage|p1a: Yamato|0 fnt\n|faint|p1a: Yamato\n|-ability|p2a: Godtana|Beast Boost|boost\n|-boost|p2a: Godtana|atk|1\n|\n|upkeep\n|\n|t:|1699444954\n|switch|p1a: Neyma|Cinderace, F, shiny|100\/100\n|turn|7\n|\n|t:|1699444958\n|switch|p2a: Christran|Heatran, M|100\/100\n|-activate|p2a: Christran|move: Sticky Web\n|-unboost|p2a: Christran|spe|1\n|move|p1a: Neyma|Pyro Ball|p2a: Christran\n|-start|p2a: Christran|ability: Flash Fire\n|\n|upkeep\n|turn|8\n|\n|t:|1699444977\n|-terastallize|p2a: Christran|Grass\n|move|p1a: Neyma|Low Kick|p2a: Christran\n|-start|p1a: Neyma|typechange|Fighting|[from] ability: Libero\n|-damage|p2a: Christran|48\/100\n|move|p2a: Christran|Earth Power|p1a: Neyma\n|-damage|p1a: Neyma|59\/100\n|\n|upkeep\n|turn|9\n|\n|t:|1699444987\n|-end|p2a: Christran|ability: Flash Fire|[silent]\n|switch|p2a: Puyolsire|Quagsire, M|42\/100\n|-activate|p2a: Puyolsire|move: Sticky Web\n|-unboost|p2a: Puyolsire|spe|1\n|move|p1a: Neyma|Low Kick|p2a: Puyolsire\n|-damage|p2a: Puyolsire|17\/100\n|\n|-heal|p2a: Puyolsire|23\/100|[from] item: Leftovers\n|upkeep\n|turn|10\n|\n|t:|1699444998\n|move|p1a: Neyma|Sucker Punch||[still]\n|-fail|p1a: Neyma\n|move|p2a: Puyolsire|Recover|p2a: Puyolsire\n|-heal|p2a: Puyolsire|73\/100\n|\n|-heal|p2a: Puyolsire|80\/100|[from] item: Leftovers\n|upkeep\n|turn|11\n|\n|t:|1699445004\n|move|p1a: Neyma|Sucker Punch||[still]\n|-fail|p1a: Neyma\n|move|p2a: Puyolsire|Toxic|p1a: Neyma\n|-status|p1a: Neyma|tox\n|\n|-heal|p2a: Puyolsire|86\/100|[from] item: Leftovers\n|-damage|p1a: Neyma|53\/100 tox|[from] psn\n|upkeep\n|turn|12\n|\n|t:|1699445010\n|move|p1a: Neyma|Court Change|p1a: Neyma\n|-swapsideconditions\n|-activate|p1a: Neyma|move: Court Change\n|move|p2a: Puyolsire|Spikes|p1a: Neyma\n|-sidestart|p1: zuberto|Spikes\n|\n|-heal|p2a: Puyolsire|92\/100|[from] item: Leftovers\n|-damage|p1a: Neyma|41\/100 tox|[from] psn\n|upkeep\n|turn|13\n|\n|t:|1699445019\n|move|p1a: Neyma|Court Change|p1a: Neyma\n|-swapsideconditions\n|-activate|p1a: Neyma|move: Court Change\n|move|p2a: Puyolsire|Earthquake|p1a: Neyma\n|-damage|p1a: Neyma|0 fnt\n|faint|p1a: Neyma\n|\n|-heal|p2a: Puyolsire|98\/100|[from] item: Leftovers\n|upkeep\n|\n|t:|1699445026\n|switch|p1a: Minha esposa|Meowscarada, F, shiny|100\/100\n|turn|14\n|\n|t:|1699445039\n|switch|p2a: Saiko no Hero|Aegislash, M|100\/100\n|-activate|p2a: Saiko no Hero|move: Sticky Web\n|-unboost|p2a: Saiko no Hero|spe|1\n|-damage|p2a: Saiko no Hero|88\/100|[from] Spikes\n|move|p1a: Minha esposa|Flower Trick|p2a: Saiko no Hero\n|-start|p1a: Minha esposa|typechange|Grass|[from] ability: Protean\n|-resisted|p2a: Saiko no Hero\n|-crit|p2a: Saiko no Hero\n|-damage|p2a: Saiko no Hero|68\/100\n|\n|upkeep\n|turn|15\n|\n|t:|1699445046\n|move|p2a: Saiko no Hero|King's Shield|p2a: Saiko no Hero\n|-singleturn|p2a: Saiko no Hero|Protect\n|move|p1a: Minha esposa|Sucker Punch||[still]\n|-fail|p1a: Minha esposa\n|\n|upkeep\n|turn|16\n|\n|t:|1699445053\n|move|p1a: Minha esposa|Sucker Punch|p2a: Saiko no Hero\n|-supereffective|p2a: Saiko no Hero\n|-damage|p2a: Saiko no Hero|34\/100\n|-formechange|p2a: Saiko no Hero|Aegislash-Blade||[from] ability: Stance Change\n|move|p2a: Saiko no Hero|Gyro Ball|p1a: Minha esposa\n|-damage|p1a: Minha esposa|0 fnt\n|faint|p1a: Minha esposa\n|\n|upkeep\n|\n|t:|1699445064\n|switch|p1a: P4u m0l3|Pawmot, M, shiny|100\/100\n|turn|17\n|\n|t:|1699445067\n|move|p1a: P4u m0l3|Revival Blessing|p1a: P4u m0l3\n|\n|t:|1699445070\n|-heal|p1: Minha esposa|50\/100|[from] move: Revival Blessing\n|move|p2a: Saiko no Hero|Gyro Ball|p1a: P4u m0l3\n|-resisted|p1a: P4u m0l3\n|-damage|p1a: P4u m0l3|23\/100\n|\n|-heal|p1a: P4u m0l3|29\/100|[from] item: Leftovers\n|upkeep\n|turn|18\n|\n|t:|1699445077\n|move|p2a: Saiko no Hero|Shadow Sneak|p1a: P4u m0l3\n|-damage|p1a: P4u m0l3|0 fnt\n|faint|p1a: P4u m0l3\n|\n|upkeep\n|\n|t:|1699445082\n|switch|p1a: Minha esposa|Meowscarada, F, shiny|50\/100\n|turn|19\n|\n|t:|1699445092\n|-formechange|p2a: Saiko no Hero|Aegislash||[from] ability: Stance Change\n|move|p2a: Saiko no Hero|King's Shield|p2a: Saiko no Hero\n|-singleturn|p2a: Saiko no Hero|Protect\n|move|p1a: Minha esposa|Sucker Punch||[still]\n|-fail|p1a: Minha esposa\n|\n|-heal|p1a: Minha esposa|56\/100|[from] item: Leftovers\n|upkeep\n|turn|20\n|\n|t:|1699445105\n|move|p1a: Minha esposa|Sucker Punch|p2a: Saiko no Hero\n|-start|p1a: Minha esposa|typechange|Dark|[from] ability: Protean\n|-supereffective|p2a: Saiko no Hero\n|-damage|p2a: Saiko no Hero|0 fnt\n|faint|p2a: Saiko no Hero\n|\n|-heal|p1a: Minha esposa|63\/100|[from] item: Leftovers\n|upkeep\n|\n|t:|1699445115\n|switch|p2a: Godtana|Kartana|100\/100\n|-activate|p2a: Godtana|move: Sticky Web\n|-unboost|p2a: Godtana|spe|1\n|-damage|p2a: Godtana|88\/100|[from] Spikes\n|turn|21\n|\n|t:|1699445122\n|switch|p1a: Aegislash|Aegislash, F|100\/100\n|move|p2a: Godtana|Leaf Blade|p1a: Aegislash\n|-resisted|p1a: Aegislash\n|-damage|p1a: Aegislash|75\/100\n|\n|upkeep\n|turn|22\n|\n|t:|1699445132\n|switch|p2a: Christran|Heatran, M, tera:Grass|48\/100\n|-activate|p2a: Christran|move: Sticky Web\n|-unboost|p2a: Christran|spe|1\n|-damage|p2a: Christran|35\/100|[from] Spikes\n|-formechange|p1a: Aegislash|Aegislash-Blade||[from] ability: Stance Change\n|move|p1a: Aegislash|Air Slash|p2a: Christran\n|-supereffective|p2a: Christran\n|-damage|p2a: Christran|7\/100\n|\n|upkeep\n|turn|23\n|\n|t:|1699445142\n|move|p1a: Aegislash|Air Slash|p2a: Christran\n|-supereffective|p2a: Christran\n|-damage|p2a: Christran|0 fnt\n|faint|p2a: Christran\n|\n|upkeep\n|\n|t:|1699445147\n|switch|p2a: Puyolsire|Quagsire, M|98\/100\n|-activate|p2a: Puyolsire|move: Sticky Web\n|-unboost|p2a: Puyolsire|spe|1\n|-damage|p2a: Puyolsire|86\/100|[from] Spikes\n|turn|24\n|\n|t:|1699445155\n|move|p1a: Aegislash|Shadow Ball|p2a: Puyolsire\n|-damage|p2a: Puyolsire|32\/100\n|move|p2a: Puyolsire|Spikes|p1a: Aegislash\n|-sidestart|p1: zuberto|Spikes\n|\n|-heal|p2a: Puyolsire|38\/100|[from] item: Leftovers\n|upkeep\n|turn|25\n|\n|t:|1699445161\n|move|p1a: Aegislash|Shadow Ball|p2a: Puyolsire\n|-damage|p2a: Puyolsire|0 fnt\n|faint|p2a: Puyolsire\n|\n|upkeep\n|\n|t:|1699445172\n|switch|p2a: Godtana|Kartana|88\/100\n|-activate|p2a: Godtana|move: Sticky Web\n|-unboost|p2a: Godtana|spe|1\n|-damage|p2a: Godtana|76\/100|[from] Spikes\n|turn|26\n|\n|t:|1699445184\n|-formechange|p1a: Aegislash|Aegislash||[from] ability: Stance Change\n|move|p1a: Aegislash|King's Shield|p1a: Aegislash\n|-singleturn|p1a: Aegislash|Protect\n|move|p2a: Godtana|Knock Off|p1a: Aegislash\n|-activate|p1a: Aegislash|move: Protect\n|-unboost|p2a: Godtana|atk|1\n|\n|upkeep\n|turn|27\n|\n|t:|1699445192\n|move|p2a: Godtana|Knock Off|p1a: Aegislash\n|-supereffective|p1a: Aegislash\n|-damage|p1a: Aegislash|27\/100\n|-enditem|p1a: Aegislash|Focus Sash|[from] move: Knock Off|[of] p2a: Godtana\n|-formechange|p1a: Aegislash|Aegislash-Blade||[from] ability: Stance Change\n|move|p1a: Aegislash|Air Slash|p2a: Godtana\n|-damage|p2a: Godtana|0 fnt\n|faint|p2a: Godtana\n|\n|upkeep\n|\n|t:|1699445197\n|switch|p2a: Draga-sama|Dragapult, M|100\/100\n|turn|28\n|\n|t:|1699445204\n|-terastallize|p1a: Aegislash|Steel\n|move|p2a: Draga-sama|Hex|p1a: Aegislash\n|-damage|p1a: Aegislash|0 fnt\n|faint|p1a: Aegislash\n|\n|upkeep\n|\n|t:|1699445206\n|switch|p1a: Minha esposa|Meowscarada, F, shiny|63\/100\n|-damage|p1a: Minha esposa|50\/100|[from] Spikes\n|turn|29\n|\n|t:|1699445215\n|move|p1a: Minha esposa|Sucker Punch||[still]\n|-fail|p1a: Minha esposa\n|move|p2a: Draga-sama|Will-O-Wisp|p1a: Minha esposa\n|-status|p1a: Minha esposa|brn\n|\n|-heal|p1a: Minha esposa|56\/100 brn|[from] item: Leftovers\n|-damage|p1a: Minha esposa|50\/100 brn|[from] brn\n|upkeep\n|turn|30\n|\n|t:|1699445224\n|move|p1a: Minha esposa|Sucker Punch|p2a: Draga-sama\n|-start|p1a: Minha esposa|typechange|Dark|[from] ability: Protean\n|-supereffective|p2a: Draga-sama\n|-damage|p2a: Draga-sama|55\/100\n|move|p2a: Draga-sama|U-turn|p1a: Minha esposa\n|-supereffective|p1a: Minha esposa\n|-damage|p1a: Minha esposa|0 fnt\n|faint|p1a: Minha esposa\n|\n|win|Mudseph03\n|raw|zuberto's rating: 1101 &rarr; <strong>1086<\/strong><br \/>(-15 for losing)\n|raw|Mudseph03's rating: 1240 &rarr; <strong>1255<\/strong><br \/>(+15 for winning)\n|c|\u2606Mudseph03|Gg\n|l|\u2606zuberto\n","uploadtime":1699445242,"views":15,"p1id":"zuberto","p2id":"mudseph03","formatid":"gen9nationaldexubers","rating":1086,"private":0,"password":""}