{"id":"gen9nationaldexubers-1978103905","p1":"LEGEND boiiii","p2":"85792195wwww","format":"[Gen 9] National Dex Ubers","log":"|j|\u2606LEGEND boiiii\n|j|\u260685792195wwww\n|t:|1698499802\n|gametype|singles\n|player|p1|LEGEND boiiii|169|1585\n|player|p2|85792195wwww|lady|1855\n|teamsize|p1|6\n|teamsize|p2|6\n|gen|9\n|tier|[Gen 9] National Dex Ubers\n|rated|\n|rule|HP Percentage Mod: HP is shown in percentages\n|rule|Endless Battle Clause: Forcing endless battles is banned\n|rule|OHKO Clause: OHKO moves are banned\n|rule|Evasion Moves Clause: Evasion moves are banned\n|rule|Evasion Items Clause: Evasion items are banned\n|rule|Species Clause: Limit one of each Pok\u00e9mon\n|rule|Sleep Clause Mod: Limit one foe put to sleep\n|rule|Mega Rayquaza Clause: You cannot mega evolve Rayquaza\n|clearpoke\n|poke|p1|Hatterene, F|\n|poke|p1|Melmetal|\n|poke|p1|Ursaluna-Bloodmoon, M|\n|poke|p1|Calyrex-Ice|\n|poke|p1|Cresselia, F|\n|poke|p1|Dragapult, F|\n|poke|p2|Calyrex-Ice|\n|poke|p2|Groudon|\n|poke|p2|Krookodile, M|\n|poke|p2|Xerneas-*|\n|poke|p2|Zacian-*|\n|poke|p2|Arceus|\n|teampreview\n|\n|t:|1698499815\n|start\n|switch|p1a: Hatterene|Hatterene, F|100\/100\n|switch|p2a: Arceus|Arceus|100\/100\n|turn|1\n|\n|t:|1698499822\n|move|p2a: Arceus|Extreme Speed|p1a: Hatterene\n|-damage|p1a: Hatterene|56\/100\n|-damage|p2a: Arceus|91\/100|[from] item: Life Orb\n|move|p1a: Hatterene|Trick Room|p1a: Hatterene\n|-fieldstart|move: Trick Room|[of] p1a: Hatterene\n|\n|upkeep\n|turn|2\n|\n|t:|1698499830\n|move|p1a: Hatterene|Healing Wish|p1a: Hatterene\n|faint|p1a: Hatterene\n|move|p2a: Arceus|Earthquake|p1: Hatterene|[notarget]\n|-fail|p2a: Arceus\n|\n|upkeep\n|\n|t:|1698499834\n|switch|p1a: Melmetal|Melmetal|100\/100\n|turn|3\n|\n|t:|1698499853\n|switch|p2a: Xerneas|Xerneas|100\/100\n|-ability|p2a: Xerneas|Fairy Aura\n|move|p1a: Melmetal|Double Iron Bash|p2a: Xerneas\n|-supereffective|p2a: Xerneas\n|-damage|p2a: Xerneas|12\/100\n|-supereffective|p2a: Xerneas\n|-damage|p2a: Xerneas|0 fnt\n|faint|p2a: Xerneas\n|-hitcount|p2: Xerneas|2\n|\n|upkeep\n|\n|t:|1698499863\n|switch|p2a: Krookodile|Krookodile, M|100\/100\n|-ability|p2a: Krookodile|Intimidate|boost\n|-unboost|p1a: Melmetal|atk|1\n|turn|4\n|j| NeonJolteonWasUsed\n|\n|t:|1698499871\n|switch|p1a: Ursaluna|Ursaluna-Bloodmoon, M|100\/100\n|switch|p2a: Zacian|Zacian-Crowned|100\/100\n|-ability|p2a: Zacian|Intrepid Sword|boost\n|-boost|p2a: Zacian|atk|1\n|\n|upkeep\n|turn|5\n|\n|t:|1698499890\n|move|p1a: Ursaluna|Earth Power|p2a: Zacian\n|-supereffective|p2a: Zacian\n|-damage|p2a: Zacian|0 fnt\n|faint|p2a: Zacian\n|-damage|p1a: Ursaluna|90\/100|[from] item: Life Orb\n|\n|-fieldend|move: Trick Room\n|upkeep\n|\n|t:|1698499900\n|switch|p2a: Calyrex|Calyrex-Ice|100\/100\n|-ability|p2a: Calyrex|As One\n|-ability|p2a: Calyrex|Unnerve\n|turn|6\n|c|\u2606LEGEND boiiii|unexpected tbh\n|\n|t:|1698499907\n|move|p2a: Calyrex|Swords Dance|p2a: Calyrex\n|-boost|p2a: Calyrex|atk|2\n|move|p1a: Ursaluna|Blood Moon|p2a: Calyrex\n|-damage|p2a: Calyrex|22\/100\n|-damage|p1a: Ursaluna|80\/100|[from] item: Life Orb\n|\n|upkeep\n|turn|7\n|\n|t:|1698499925\n|move|p1a: Ursaluna|Vacuum Wave|p2a: Calyrex\n|-damage|p2a: Calyrex|7\/100\n|-damage|p1a: Ursaluna|70\/100|[from] item: Life Orb\n|move|p2a: Calyrex|Glacial Lance|p1a: Ursaluna\n|-supereffective|p1a: Ursaluna\n|-damage|p1a: Ursaluna|0 fnt\n|faint|p1a: Ursaluna\n|-ability|p2a: Calyrex|Chilling Neigh|boost\n|-boost|p2a: Calyrex|atk|1\n|\n|upkeep\n|\n|t:|1698499929\n|switch|p1a: Dragapult|Dragapult, F|100\/100\n|turn|8\n|\n|t:|1698499939\n|move|p1a: Dragapult|U-turn|p2a: Calyrex\n|-supereffective|p2a: Calyrex\n|-damage|p2a: Calyrex|0 fnt\n|faint|p2a: Calyrex\n|-damage|p1a: Dragapult|91\/100|[from] item: Life Orb\n|l| NeonJolteonWasUsed\n|\n|t:|1698499943\n|switch|p1a: Cresselia|Cresselia, F|100\/100|[from] U-turn\n|\n|upkeep\n|\n|t:|1698499951\n|switch|p2a: Krookodile|Krookodile, M|100\/100\n|-ability|p2a: Krookodile|Intimidate|boost\n|-unboost|p1a: Cresselia|atk|1\n|turn|9\n|\n|t:|1698499960\n|move|p2a: Krookodile|Taunt|p1a: Cresselia\n|-start|p1a: Cresselia|move: Taunt\n|cant|p1a: Cresselia|move: Taunt|Trick Room\n|\n|upkeep\n|turn|10\n|\n|t:|1698499965\n|switch|p1a: Melmetal|Melmetal|100\/100\n|move|p2a: Krookodile|Stealth Rock|p1a: Melmetal\n|-sidestart|p1: LEGEND boiiii|move: Stealth Rock\n|\n|upkeep\n|turn|11\n|\n|t:|1698499973\n|move|p2a: Krookodile|Knock Off|p1a: Melmetal\n|-damage|p1a: Melmetal|73\/100\n|-enditem|p1a: Melmetal|Choice Band|[from] move: Knock Off|[of] p2a: Krookodile\n|move|p1a: Melmetal|Double Iron Bash|p2a: Krookodile\n|-damage|p2a: Krookodile|44\/100\n|-damage|p2a: Krookodile|0 fnt\n|faint|p2a: Krookodile\n|-hitcount|p2: Krookodile|2\n|\n|upkeep\n|c|\u2606LEGEND boiiii|oh man\n|c|\u2606LEGEND boiiii|my band\n|\n|t:|1698499995\n|switch|p2a: Arceus|Arceus|91\/100\n|turn|12\n|\n|t:|1698500002\n|move|p2a: Arceus|Swords Dance|p2a: Arceus\n|-boost|p2a: Arceus|atk|2\n|move|p1a: Melmetal|Double Iron Bash|p2a: Arceus\n|-crit|p2a: Arceus\n|-damage|p2a: Arceus|41\/100\n|-damage|p2a: Arceus|9\/100\n|-hitcount|p2a: Arceus|2\n|\n|upkeep\n|turn|13\n|\n|t:|1698500011\n|move|p2a: Arceus|Earthquake|p1a: Melmetal\n|-supereffective|p1a: Melmetal\n|-damage|p1a: Melmetal|0 fnt\n|faint|p1a: Melmetal\n|-damage|p2a: Arceus|0 fnt|[from] item: Life Orb\n|faint|p2a: Arceus\n|\n|upkeep\n|\n|t:|1698500019\n|switch|p2a: Groudon|Groudon|100\/100\n|switch|p1a: Cresselia|Cresselia, F|100\/100\n|-damage|p1a: Cresselia|88\/100|[from] Stealth Rock\n|detailschange|p2a: Groudon|Groudon-Primal\n|-primal|p2a: Groudon|Red Orb\n|-weather|DesolateLand|[from] ability: Desolate Land|[of] p2a: Groudon\n|turn|14\n|\n|t:|1698500031\n|move|p2a: Groudon|Swords Dance|p2a: Groudon\n|-boost|p2a: Groudon|atk|2\n|move|p1a: Cresselia|Future Sight|p2a: Groudon\n|-start|p1a: Cresselia|move: Future Sight\n|\n|-weather|DesolateLand|[upkeep]\n|-heal|p1a: Cresselia|94\/100|[from] item: Leftovers\n|upkeep\n|turn|15\n|\n|t:|1698500038\n|move|p2a: Groudon|Heat Crash|p1a: Cresselia\n|-damage|p1a: Cresselia|0 fnt\n|faint|p1a: Cresselia\n|\n|-weather|DesolateLand|[upkeep]\n|upkeep\n|\n|t:|1698500047\n|switch|p1a: Calyrex|Calyrex-Ice|100\/100\n|-ability|p1a: Calyrex|As One\n|-ability|p1a: Calyrex|Unnerve\n|-damage|p1a: Calyrex|76\/100|[from] Stealth Rock\n|turn|16\n|\n|t:|1698500056\n|move|p2a: Groudon|Precipice Blades|p1a: Calyrex\n|-damage|p1a: Calyrex|0 fnt\n|faint|p1a: Calyrex\n|\n|-weather|DesolateLand|[upkeep]\n|-end|p2a: Groudon|move: Future Sight\n|-damage|p2a: Groudon|67\/100\n|upkeep\n|\n|t:|1698500059\n|switch|p1a: Dragapult|Dragapult, F|91\/100\n|-heal|p1a: Dragapult|100\/100|[from] move: Healing Wish\n|-damage|p1a: Dragapult|88\/100|[from] Stealth Rock\n|turn|17\n|\n|t:|1698500068\n|-terastallize|p1a: Dragapult|Dragon\n|move|p1a: Dragapult|Dragon Darts|p2a: Groudon\n|-damage|p2a: Groudon|38\/100\n|-anim|p1a: Dragapult|Dragon Darts|p2a: Groudon\n|-damage|p2a: Groudon|10\/100\n|-damage|p1a: Dragapult|78\/100|[from] item: Life Orb\n|move|p2a: Groudon|Heat Crash|p1a: Dragapult\n|-resisted|p1a: Dragapult\n|-damage|p1a: Dragapult|0 fnt\n|faint|p1a: Dragapult\n|\n|win|85792195wwww\n|raw|LEGEND boiiii's rating: 1585 &rarr; <strong>1578<\/strong><br \/>(-7 for losing)\n|raw|85792195wwww's rating: 1855 &rarr; <strong>1862<\/strong><br \/>(+7 for winning)\n|l|\u260685792195wwww\n","uploadtime":1698500081,"views":7,"p1id":"legendboiiii","p2id":"85792195wwww","formatid":"gen9nationaldexubers","rating":1578,"private":0,"password":""}