{"id":"gen9nationaldexubers-1995702890","p1":"Szymszym134","p2":"Hayer","format":"[Gen 9] National Dex Ubers","log":"|j|\u2606Szymszym134\n|j|\u2606Hayer\n|t:|1700595360\n|gametype|singles\n|player|p1|Szymszym134|elesa|1706\n|player|p2|Hayer|101|1727\n|teamsize|p1|6\n|teamsize|p2|6\n|gen|9\n|tier|[Gen 9] National Dex Ubers\n|rated|\n|rule|HP Percentage Mod: HP is shown in percentages\n|rule|Endless Battle Clause: Forcing endless battles is banned\n|rule|OHKO Clause: OHKO moves are banned\n|rule|Evasion Moves Clause: Evasion moves are banned\n|rule|Evasion Items Clause: Evasion items are banned\n|rule|Species Clause: Limit one of each Pok\u00e9mon\n|rule|Sleep Clause Mod: Limit one foe put to sleep\n|rule|Mega Rayquaza Clause: You cannot mega evolve Rayquaza\n|clearpoke\n|poke|p1|Magearna|\n|poke|p1|Arceus-Ground|\n|poke|p1|Yveltal|\n|poke|p1|Ditto|\n|poke|p1|Garganacl, M|\n|poke|p1|Zygarde|\n|poke|p2|Arceus-Ground|\n|poke|p2|Ho-Oh|\n|poke|p2|Groudon|\n|poke|p2|Xerneas-*|\n|poke|p2|Necrozma-Dusk-Mane|\n|poke|p2|Ditto|\n|teampreview\n|inactive|Battle timer is ON: inactive players will automatically lose when time's up. (requested by Szymszym134)\n|c|\u2606Hayer|elo\n|c|\u2606Szymszym134|Elo\n|\n|t:|1700595383\n|start\n|switch|p1a: Arceus|Arceus-Ground|100\/100\n|switch|p2a: Arceus|Arceus-Ground|100\/100\n|turn|1\n|\n|t:|1700595390\n|switch|p2a: Necrozma|Necrozma-Dusk-Mane|100\/100\n|move|p1a: Arceus|Taunt|p2a: Necrozma\n|-start|p2a: Necrozma|move: Taunt\n|\n|upkeep\n|turn|2\n|\n|t:|1700595393\n|detailschange|p2a: Necrozma|Necrozma-Ultra\n|-burst|p2a: Necrozma|Necrozma|Ultranecrozium Z\n|move|p1a: Arceus|Judgment|p2a: Necrozma\n|-damage|p2a: Necrozma|50\/100\n|move|p2a: Necrozma|Photon Geyser|p1a: Arceus\n|-damage|p1a: Arceus|53\/100\n|\n|upkeep\n|turn|3\n|\n|t:|1700595397\n|move|p1a: Arceus|Judgment|p2a: Necrozma\n|-damage|p2a: Necrozma|0 fnt\n|faint|p2a: Necrozma\n|\n|upkeep\n|\n|t:|1700595410\n|switch|p2a: Xerneas|Xerneas|100\/100\n|-ability|p2a: Xerneas|Fairy Aura\n|turn|4\n|\n|t:|1700595413\n|switch|p1a: Magearna|Magearna|100\/100\n|move|p2a: Xerneas|Moonblast|p1a: Magearna\n|-resisted|p1a: Magearna\n|-damage|p1a: Magearna|76\/100\n|\n|-heal|p1a: Magearna|82\/100|[from] item: Leftovers\n|upkeep\n|turn|5\n|\n|t:|1700595423\n|move|p2a: Xerneas|Substitute|p2a: Xerneas\n|-start|p2a: Xerneas|Substitute\n|-damage|p2a: Xerneas|76\/100\n|move|p1a: Magearna|Fleur Cannon|p2a: Xerneas\n|-crit|p2a: Xerneas\n|-end|p2a: Xerneas|Substitute\n|-unboost|p1a: Magearna|spa|2\n|\n|-heal|p1a: Magearna|88\/100|[from] item: Leftovers\n|upkeep\n|turn|6\n|\n|t:|1700595428\n|switch|p2a: Ho-Oh|Ho-Oh|100\/100\n|move|p1a: Magearna|Heart Swap|p2a: Ho-Oh\n|-swapboost|p1a: Magearna|p2a: Ho-Oh|[from] move: Heart Swap\n|\n|-heal|p1a: Magearna|94\/100|[from] item: Leftovers\n|upkeep\n|turn|7\n|\n|t:|1700595431\n|switch|p1a: Garganacl|Garganacl, M|100\/100\n|move|p2a: Ho-Oh|Toxic|p1a: Garganacl\n|-immune|p1a: Garganacl|[from] ability: Purifying Salt\n|\n|upkeep\n|turn|8\n|\n|t:|1700595437\n|switch|p2a: Arceus|Arceus-Ground|100\/100\n|move|p1a: Garganacl|Salt Cure|p2a: Arceus\n|-resisted|p2a: Arceus\n|-damage|p2a: Arceus|97\/100\n|-start|p2a: Arceus|Salt Cure\n|\n|-damage|p2a: Arceus|85\/100|[from] Salt Cure\n|upkeep\n|turn|9\n|\n|t:|1700595441\n|switch|p2a: Groudon|Groudon|100\/100\n|detailschange|p2a: Groudon|Groudon-Primal\n|-primal|p2a: Groudon|Red Orb\n|-weather|DesolateLand|[from] ability: Desolate Land|[of] p2a: Groudon\n|switch|p1a: Arceus|Arceus-Ground|53\/100\n|\n|-weather|DesolateLand|[upkeep]\n|upkeep\n|turn|10\n|\n|t:|1700595446\n|-weather|none\n|switch|p2a: Ho-Oh|Ho-Oh|100\/100\n|move|p1a: Arceus|Recover|p1a: Arceus\n|-heal|p1a: Arceus|100\/100\n|\n|upkeep\n|turn|11\n|\n|t:|1700595451\n|move|p1a: Arceus|Taunt|p2a: Ho-Oh\n|-start|p2a: Ho-Oh|move: Taunt\n|move|p2a: Ho-Oh|Sacred Fire|p1a: Arceus\n|-damage|p1a: Arceus|65\/100\n|\n|upkeep\n|turn|12\n|\n|t:|1700595457\n|move|p1a: Arceus|Toxic|p2a: Ho-Oh\n|-status|p2a: Ho-Oh|tox\n|move|p2a: Ho-Oh|Sacred Fire|p1a: Arceus\n|-damage|p1a: Arceus|27\/100\n|-status|p1a: Arceus|brn\n|\n|-damage|p2a: Ho-Oh|94\/100 tox|[from] psn\n|-damage|p1a: Arceus|21\/100 brn|[from] brn\n|upkeep\n|turn|13\n|\n|t:|1700595466\n|switch|p2a: Xerneas|Xerneas|76\/100\n|-ability|p2a: Xerneas|Fairy Aura\n|move|p1a: Arceus|Recover|p1a: Arceus\n|-heal|p1a: Arceus|71\/100 brn\n|\n|-damage|p1a: Arceus|64\/100 brn|[from] brn\n|upkeep\n|turn|14\n|\n|t:|1700595474\n|switch|p1a: Magearna|Magearna|94\/100\n|move|p2a: Xerneas|Moonblast|p1a: Magearna\n|-resisted|p1a: Magearna\n|-damage|p1a: Magearna|72\/100\n|\n|-heal|p1a: Magearna|78\/100|[from] item: Leftovers\n|upkeep\n|turn|15\n|\n|t:|1700595479\n|switch|p2a: Ho-Oh|Ho-Oh|100\/100 tox\n|move|p1a: Magearna|Fleur Cannon|p2a: Ho-Oh\n|-resisted|p2a: Ho-Oh\n|-damage|p2a: Ho-Oh|85\/100 tox\n|-unboost|p1a: Magearna|spa|2\n|\n|-heal|p1a: Magearna|84\/100|[from] item: Leftovers\n|-damage|p2a: Ho-Oh|79\/100 tox|[from] psn\n|upkeep\n|turn|16\n|\n|t:|1700595487\n|switch|p2a: Groudon|Groudon-Primal|100\/100\n|-weather|DesolateLand|[from] ability: Desolate Land|[of] p2a: Groudon\n|switch|p1a: Garganacl|Garganacl, M|100\/100\n|\n|-weather|DesolateLand|[upkeep]\n|upkeep\n|turn|17\n|\n|t:|1700595490\n|switch|p1a: Zygarde|Zygarde|100\/100\n|move|p2a: Groudon|Stealth Rock|p1a: Zygarde\n|-sidestart|p1: Szymszym134|move: Stealth Rock\n|\n|-weather|DesolateLand|[upkeep]\n|upkeep\n|turn|18\n|\n|t:|1700595494\n|move|p1a: Zygarde|Coil|p1a: Zygarde\n|-boost|p1a: Zygarde|atk|1\n|-boost|p1a: Zygarde|def|1\n|-boost|p1a: Zygarde|accuracy|1\n|move|p2a: Groudon|Toxic|p1a: Zygarde|[miss]\n|-miss|p2a: Groudon|p1a: Zygarde\n|\n|-weather|DesolateLand|[upkeep]\n|upkeep\n|turn|19\n|\n|t:|1700595502\n|move|p1a: Zygarde|Coil|p1a: Zygarde\n|-boost|p1a: Zygarde|atk|1\n|-boost|p1a: Zygarde|def|1\n|-boost|p1a: Zygarde|accuracy|1\n|move|p2a: Groudon|Toxic|p1a: Zygarde\n|-status|p1a: Zygarde|tox\n|\n|-weather|DesolateLand|[upkeep]\n|-damage|p1a: Zygarde|94\/100 tox|[from] psn\n|upkeep\n|turn|20\n|\n|t:|1700595508\n|-weather|none\n|switch|p2a: Arceus|Arceus-Ground|85\/100\n|move|p1a: Zygarde|Coil|p1a: Zygarde\n|-boost|p1a: Zygarde|atk|1\n|-boost|p1a: Zygarde|def|1\n|-boost|p1a: Zygarde|accuracy|1\n|\n|-heal|p1a: Zygarde|100\/100 tox|[from] item: Leftovers\n|-damage|p1a: Zygarde|88\/100 tox|[from] psn\n|upkeep\n|turn|21\n|\n|t:|1700595512\n|-terastallize|p1a: Zygarde|Fairy\n|move|p2a: Arceus|Calm Mind|p2a: Arceus\n|-boost|p2a: Arceus|spa|1\n|-boost|p2a: Arceus|spd|1\n|move|p1a: Zygarde|Thousand Arrows|p2a: Arceus\n|-damage|p2a: Arceus|44\/100\n|\n|-heal|p1a: Zygarde|94\/100 tox|[from] item: Leftovers\n|-damage|p1a: Zygarde|76\/100 tox|[from] psn\n|upkeep\n|turn|22\n|\n|t:|1700595521\n|move|p2a: Arceus|Recover|p2a: Arceus\n|-heal|p2a: Arceus|94\/100\n|move|p1a: Zygarde|Dragon Tail|p2a: Arceus\n|-damage|p2a: Arceus|70\/100\n|drag|p2a: Xerneas|Xerneas|76\/100\n|-ability|p2a: Xerneas|Fairy Aura\n|\n|-heal|p1a: Zygarde|82\/100 tox|[from] item: Leftovers\n|-damage|p1a: Zygarde|57\/100 tox|[from] psn\n|upkeep\n|turn|23\n|\n|t:|1700595527\n|switch|p2a: Arceus|Arceus-Ground|70\/100\n|move|p1a: Zygarde|Thousand Arrows|p2a: Arceus\n|-damage|p2a: Arceus|30\/100\n|\n|-heal|p1a: Zygarde|63\/100 tox|[from] item: Leftovers\n|-damage|p1a: Zygarde|32\/100 tox|[from] psn\n|-activate|p1a: Zygarde|ability: Power Construct\n|detailschange|p1a: Zygarde|Zygarde-Complete, tera:Fairy\n|-heal|p1a: Zygarde|56\/100 tox|[silent]\n|upkeep\n|turn|24\n|\n|t:|1700595532\n|move|p2a: Arceus|Recover|p2a: Arceus\n|-heal|p2a: Arceus|80\/100\n|move|p1a: Zygarde|Thousand Arrows|p2a: Arceus\n|-damage|p2a: Arceus|39\/100\n|\n|-heal|p1a: Zygarde|62\/100 tox|[from] item: Leftovers\n|-damage|p1a: Zygarde|25\/100 tox|[from] psn\n|upkeep\n|turn|25\n|\n|t:|1700595536\n|move|p2a: Arceus|Recover|p2a: Arceus\n|-heal|p2a: Arceus|89\/100\n|move|p1a: Zygarde|Rest|p1a: Zygarde\n|-status|p1a: Zygarde|slp|[from] move: Rest\n|-heal|p1a: Zygarde|100\/100 slp|[silent]\n|\n|upkeep\n|turn|26\n|\n|t:|1700595558\n|switch|p2a: Ditto|Ditto|100\/100\n|-transform|p2a: Ditto|p1a: Zygarde|[from] ability: Imposter\n|cant|p1a: Zygarde|slp\n|\n|upkeep\n|-start|p2a: Ditto|typechange|Dragon\/Ground|[silent]\n|turn|27\n|\n|t:|1700595563\n|move|p2a: Ditto|Thousand Arrows|p1a: Zygarde\n|-damage|p1a: Zygarde|86\/100 slp\n|cant|p1a: Zygarde|slp\n|\n|-heal|p1a: Zygarde|92\/100 slp|[from] item: Leftovers\n|upkeep\n|turn|28\n|\n|t:|1700595568\n|move|p2a: Ditto|Thousand Arrows|p1a: Zygarde\n|-damage|p1a: Zygarde|77\/100 slp\n|-curestatus|p1a: Zygarde|slp|[msg]\n|move|p1a: Zygarde|Coil|p1a: Zygarde\n|-boost|p1a: Zygarde|atk|1\n|-boost|p1a: Zygarde|def|1\n|-boost|p1a: Zygarde|accuracy|1\n|\n|-heal|p1a: Zygarde|83\/100|[from] item: Leftovers\n|upkeep\n|turn|29\n|\n|t:|1700595571\n|move|p2a: Ditto|Thousand Arrows|p1a: Zygarde\n|-damage|p1a: Zygarde|72\/100\n|move|p1a: Zygarde|Coil|p1a: Zygarde\n|-boost|p1a: Zygarde|atk|1\n|-boost|p1a: Zygarde|def|1\n|-boost|p1a: Zygarde|accuracy|1\n|\n|-heal|p1a: Zygarde|78\/100|[from] item: Leftovers\n|upkeep\n|turn|30\n|\n|t:|1700595574\n|move|p2a: Ditto|Thousand Arrows|p1a: Zygarde\n|-damage|p1a: Zygarde|67\/100\n|move|p1a: Zygarde|Coil|p1a: Zygarde\n|-boost|p1a: Zygarde|atk|1\n|-boost|p1a: Zygarde|def|1\n|-boost|p1a: Zygarde|accuracy|1\n|\n|-heal|p1a: Zygarde|73\/100|[from] item: Leftovers\n|upkeep\n|turn|31\n|\n|t:|1700595577\n|move|p2a: Ditto|Thousand Arrows|p1a: Zygarde\n|-damage|p1a: Zygarde|64\/100\n|move|p1a: Zygarde|Dragon Tail|p2a: Ditto\n|-supereffective|p2a: Ditto\n|-damage|p2a: Ditto|30\/100\n|drag|p2a: Arceus|Arceus-Ground|89\/100\n|\n|-heal|p1a: Zygarde|70\/100|[from] item: Leftovers\n|upkeep\n|turn|32\n|\n|t:|1700595588\n|move|p2a: Arceus|Judgment|p1a: Zygarde\n|-damage|p1a: Zygarde|53\/100\n|move|p1a: Zygarde|Thousand Arrows|p2a: Arceus\n|-damage|p2a: Arceus|32\/100\n|\n|-heal|p1a: Zygarde|59\/100|[from] item: Leftovers\n|upkeep\n|turn|33\n|\n|t:|1700595603\n|move|p2a: Arceus|Recover|p2a: Arceus\n|-heal|p2a: Arceus|82\/100\n|move|p1a: Zygarde|Thousand Arrows|p2a: Arceus\n|-damage|p2a: Arceus|20\/100\n|\n|-heal|p1a: Zygarde|65\/100|[from] item: Leftovers\n|upkeep\n|turn|34\n|\n|t:|1700595606\n|move|p2a: Arceus|Judgment|p1a: Zygarde\n|-damage|p1a: Zygarde|44\/100\n|move|p1a: Zygarde|Dragon Tail|p2a: Arceus\n|-damage|p2a: Arceus|0 fnt\n|faint|p2a: Arceus\n|\n|-heal|p1a: Zygarde|50\/100|[from] item: Leftovers\n|upkeep\n|\n|t:|1700595609\n|switch|p2a: Ditto|Ditto|30\/100\n|-transform|p2a: Ditto|p1a: Zygarde|[from] ability: Imposter\n|-start|p2a: Ditto|typechange|Dragon\/Ground|[silent]\n|turn|35\n|\n|t:|1700595615\n|move|p2a: Ditto|Thousand Arrows|p1a: Zygarde\n|-damage|p1a: Zygarde|37\/100\n|move|p1a: Zygarde|Dragon Tail|p2a: Ditto\n|-supereffective|p2a: Ditto\n|-damage|p2a: Ditto|0 fnt\n|faint|p2a: Ditto\n|\n|-heal|p1a: Zygarde|43\/100|[from] item: Leftovers\n|upkeep\n|c|\u2606Hayer|nie mam kontry na tego bezmozga\n|c|\u2606Hayer|gg\n|-message|Hayer forfeited.\n|\n|win|Szymszym134\n|raw|Szymszym134's rating: 1706 &rarr; <strong>1727<\/strong><br \/>(+21 for winning)\n|raw|Hayer's rating: 1727 &rarr; <strong>1706<\/strong><br \/>(-21 for losing)\n|l|\u2606Hayer\n|c|\u2606Szymszym134|GG\n","uploadtime":1700595662,"views":13,"p1id":"szymszym134","p2id":"hayer","formatid":"gen9nationaldexubers","rating":1706,"private":0,"password":""}