{"id":"gen9nationaldexubers-1996073104","p1":"Enderian67","p2":"Shitskrieg7","format":"[Gen 9] National Dex Ubers","log":"|j|\u2606Enderian67\n|j|\u2606Shitskrieg7\n|t:|1700639613\n|gametype|singles\n|player|p1|Enderian67|steven|1100\n|player|p2|Shitskrieg7|ninjaboy|1000\n|teamsize|p1|6\n|teamsize|p2|6\n|gen|9\n|tier|[Gen 9] National Dex Ubers\n|rated|\n|rule|HP Percentage Mod: HP is shown in percentages\n|rule|Endless Battle Clause: Forcing endless battles is banned\n|rule|OHKO Clause: OHKO moves are banned\n|rule|Evasion Moves Clause: Evasion moves are banned\n|rule|Evasion Items Clause: Evasion items are banned\n|rule|Species Clause: Limit one of each Pok\u00e9mon\n|rule|Sleep Clause Mod: Limit one foe put to sleep\n|rule|Mega Rayquaza Clause: You cannot mega evolve Rayquaza\n|clearpoke\n|poke|p1|Pikachu-World, M|\n|poke|p1|Sirfetch\u2019d, F|\n|poke|p1|Gengar, F|\n|poke|p1|Dragonite, M|\n|poke|p1|Lucario, M|\n|poke|p1|Dracovish|\n|poke|p2|Xerneas-*|\n|poke|p2|Marshadow|\n|poke|p2|Groudon|\n|poke|p2|Deoxys-Speed|\n|poke|p2|Necrozma-Dusk-Mane|\n|poke|p2|Pheromosa|\n|teampreview\n|inactive|Battle timer is ON: inactive players will automatically lose when time's up. (requested by Shitskrieg7)\n|\n|t:|1700639618\n|start\n|switch|p1a: Pikachu|Pikachu-World, M|100\/100\n|switch|p2a: Deoxys|Deoxys-Speed, shiny|100\/100\n|-ability|p2a: Deoxys|Pressure\n|turn|1\n|\n|t:|1700639624\n|move|p1a: Pikachu|Fake Out|p2a: Deoxys\n|-damage|p2a: Deoxys|80\/100\n|cant|p2a: Deoxys|flinch\n|\n|upkeep\n|turn|2\n|\n|t:|1700639650\n|switch|p1a: Dragonite|Dragonite, M|100\/100\n|move|p2a: Deoxys|Stealth Rock|p1a: Dragonite\n|-sidestart|p1: Enderian67|move: Stealth Rock\n|\n|upkeep\n|turn|3\n|\n|t:|1700639656\n|move|p2a: Deoxys|Taunt|p1a: Dragonite\n|-start|p1a: Dragonite|move: Taunt\n|move|p1a: Dragonite|Dragon Claw|p2a: Deoxys\n|-damage|p2a: Deoxys|39\/100\n|\n|upkeep\n|turn|4\n|\n|t:|1700639663\n|move|p2a: Deoxys|Spikes|p1a: Dragonite\n|-sidestart|p1: Enderian67|Spikes\n|move|p1a: Dragonite|Dragon Claw|p2a: Deoxys\n|-damage|p2a: Deoxys|0 fnt\n|faint|p2a: Deoxys\n|\n|upkeep\n|\n|t:|1700639668\n|switch|p2a: Xerneas|Xerneas|100\/100\n|-ability|p2a: Xerneas|Fairy Aura\n|turn|5\n|\n|t:|1700639671\n|move|p2a: Xerneas|Geomancy||[still]\n|-prepare|p2a: Xerneas|Geomancy\n|-enditem|p2a: Xerneas|Power Herb\n|-anim|p2a: Xerneas|Geomancy|p2a: Xerneas\n|-boost|p2a: Xerneas|spa|2\n|-boost|p2a: Xerneas|spd|2\n|-boost|p2a: Xerneas|spe|2\n|move|p1a: Dragonite|Fire Punch|p2a: Xerneas\n|-damage|p2a: Xerneas|83\/100\n|\n|-end|p1a: Dragonite|move: Taunt\n|upkeep\n|turn|6\n|\n|t:|1700639676\n|move|p2a: Xerneas|Moonblast|p1a: Dragonite\n|-supereffective|p1a: Dragonite\n|-damage|p1a: Dragonite|12\/100\n|move|p1a: Dragonite|Fire Punch|p2a: Xerneas\n|-damage|p2a: Xerneas|62\/100\n|\n|-heal|p1a: Dragonite|19\/100|[from] item: Leftovers\n|upkeep\n|turn|7\n|\n|t:|1700639680\n|move|p2a: Xerneas|Moonblast|p1a: Dragonite\n|-supereffective|p1a: Dragonite\n|-damage|p1a: Dragonite|0 fnt\n|faint|p1a: Dragonite\n|\n|upkeep\n|\n|t:|1700639687\n|switch|p1a: Pikachu|Pikachu-World, M|100\/100\n|-damage|p1a: Pikachu|88\/100|[from] Stealth Rock\n|-damage|p1a: Pikachu|76\/100|[from] Spikes\n|turn|8\n|\n|t:|1700639690\n|move|p1a: Pikachu|Fake Out|p2a: Xerneas\n|-damage|p2a: Xerneas|48\/100\n|cant|p2a: Xerneas|flinch\n|\n|upkeep\n|turn|9\n|\n|t:|1700639694\n|move|p2a: Xerneas|Moonblast|p1a: Pikachu\n|-damage|p1a: Pikachu|0 fnt\n|faint|p1a: Pikachu\n|\n|upkeep\n|\n|t:|1700639699\n|switch|p1a: Gengar|Gengar, F|100\/100\n|-damage|p1a: Gengar|88\/100|[from] Stealth Rock\n|-item|p1a: Gengar|Air Balloon\n|turn|10\n|\n|t:|1700639702\n|move|p2a: Xerneas|Psyshock|p1a: Gengar\n|-supereffective|p1a: Gengar\n|-damage|p1a: Gengar|0 fnt\n|-start|p2a: Xerneas|Disable|Psyshock|[from] ability: Cursed Body|[of] p1a: Gengar\n|-enditem|p1a: Gengar|Air Balloon\n|faint|p1a: Gengar\n|\n|upkeep\n|\n|t:|1700639709\n|switch|p1a: Lucario|Lucario, M|100\/100\n|-damage|p1a: Lucario|98\/100|[from] Stealth Rock\n|-damage|p1a: Lucario|85\/100|[from] Spikes\n|turn|11\n|\n|t:|1700639712\n|detailschange|p1a: Lucario|Lucario-Mega, M\n|-mega|p1a: Lucario|Lucario|Lucarionite\n|-terastallize|p2a: Xerneas|Fire\n|move|p2a: Xerneas|Moonblast|p1a: Lucario\n|-damage|p1a: Lucario|0 fnt\n|faint|p1a: Lucario\n|\n|upkeep\n|\n|t:|1700639721\n|switch|p1a: Dracovish|Dracovish|100\/100\n|-damage|p1a: Dracovish|88\/100|[from] Stealth Rock\n|-damage|p1a: Dracovish|76\/100|[from] Spikes\n|turn|12\n|\n|t:|1700639723\n|-terastallize|p1a: Dracovish|Water\n|move|p2a: Xerneas|Moonblast|p1a: Dracovish\n|-damage|p1a: Dracovish|0 fnt\n|faint|p1a: Dracovish\n|\n|upkeep\n|\n|t:|1700639728\n|switch|p1a: Sirfetch\u2019d|Sirfetch\u2019d, F|100\/100\n|-damage|p1a: Sirfetch\u2019d|94\/100|[from] Stealth Rock\n|-damage|p1a: Sirfetch\u2019d|82\/100|[from] Spikes\n|turn|13\n|-message|Enderian67 forfeited.\n|\n|win|Shitskrieg7\n|raw|Enderian67's rating: 1100 &rarr; <strong>1068<\/strong><br \/>(-32 for losing)\n|raw|Shitskrieg7's rating: 1000 &rarr; <strong>1051<\/strong><br \/>(+51 for winning)\n|l|\u2606Enderian67\n|c|\u2606Shitskrieg7|gg ez\n","uploadtime":1700639736,"views":0,"p1id":"enderian67","p2id":"shitskrieg7","formatid":"gen9nationaldexubers","rating":1051,"private":0,"password":""}