{"id":"gen9nationaldexubers-1996955832","p1":"Ash Ketchum344","p2":"lplpk","format":"[Gen 9] National Dex Ubers","log":"|j|\u2606Ash Ketchum344\n|j|\u2606lplpk\n|t:|1700749345\n|gametype|singles\n|player|p1|Ash Ketchum344|lucas-gen4pt|1181\n|player|p2|lplpk|serena-masters2|1095\n|teamsize|p1|6\n|teamsize|p2|6\n|gen|9\n|tier|[Gen 9] National Dex Ubers\n|rated|\n|rule|HP Percentage Mod: HP is shown in percentages\n|rule|Endless Battle Clause: Forcing endless battles is banned\n|rule|OHKO Clause: OHKO moves are banned\n|rule|Evasion Moves Clause: Evasion moves are banned\n|rule|Evasion Items Clause: Evasion items are banned\n|rule|Species Clause: Limit one of each Pok\u00e9mon\n|rule|Sleep Clause Mod: Limit one foe put to sleep\n|rule|Mega Rayquaza Clause: You cannot mega evolve Rayquaza\n|clearpoke\n|poke|p1|Pikachu, F|\n|poke|p1|Lucario, M|\n|poke|p1|Dragonite, F|\n|poke|p1|Dracovish|\n|poke|p1|Gengar, M|\n|poke|p1|Sirfetch\u2019d, M|\n|poke|p2|Palkia|\n|poke|p2|Cresselia, F|\n|poke|p2|Hippowdon, F|\n|poke|p2|Togekiss, F|\n|poke|p2|Rotom-Wash|\n|poke|p2|Gliscor, M|\n|teampreview\n|inactive|Battle timer is ON: inactive players will automatically lose when time's up. (requested by Ash Ketchum344)\n|\n|t:|1700749363\n|start\n|switch|p1a: Dragonite|Dragonite, F|100\/100\n|switch|p2a: Hippowdon|Hippowdon, F|100\/100\n|-weather|Sandstorm|[from] ability: Sand Stream|[of] p2a: Hippowdon\n|turn|1\n|\n|t:|1700749366\n|move|p1a: Dragonite|Dragon Dance|p1a: Dragonite\n|-boost|p1a: Dragonite|atk|1\n|-boost|p1a: Dragonite|spe|1\n|move|p2a: Hippowdon|Stealth Rock|p1a: Dragonite\n|-sidestart|p1: Ash Ketchum344|move: Stealth Rock\n|\n|-weather|Sandstorm|[upkeep]\n|-damage|p1a: Dragonite|94\/100|[from] Sandstorm\n|upkeep\n|turn|2\n|\n|t:|1700749368\n|move|p1a: Dragonite|Dragon Rush|p2a: Hippowdon\n|-damage|p2a: Hippowdon|44\/100\n|-damage|p1a: Dragonite|78\/100|[from] item: Rocky Helmet|[of] p2a: Hippowdon\n|cant|p2a: Hippowdon|flinch\n|\n|-weather|Sandstorm|[upkeep]\n|-damage|p1a: Dragonite|72\/100|[from] Sandstorm\n|upkeep\n|turn|3\n|\n|t:|1700749378\n|switch|p2a: Togekiss|Togekiss, F|100\/100\n|move|p1a: Dragonite|Dragon Rush|p2a: Togekiss\n|-immune|p2a: Togekiss\n|\n|-weather|Sandstorm|[upkeep]\n|-damage|p1a: Dragonite|66\/100|[from] Sandstorm\n|-damage|p2a: Togekiss|94\/100|[from] Sandstorm\n|upkeep\n|turn|4\n|\n|t:|1700749390\n|move|p1a: Dragonite|Extreme Speed|p2a: Togekiss\n|-damage|p2a: Togekiss|45\/100\n|move|p2a: Togekiss|Dazzling Gleam|p1a: Dragonite\n|-supereffective|p1a: Dragonite\n|-damage|p1a: Dragonite|0 fnt\n|faint|p1a: Dragonite\n|\n|-weather|Sandstorm|[upkeep]\n|-damage|p2a: Togekiss|39\/100|[from] Sandstorm\n|upkeep\n|\n|t:|1700749406\n|switch|p1a: Dracovish|Dracovish|100\/100\n|-damage|p1a: Dracovish|88\/100|[from] Stealth Rock\n|turn|5\n|\n|t:|1700749413\n|switch|p2a: Rotom|Rotom-Wash|100\/100\n|move|p1a: Dracovish|Fishious Rend|p2a: Rotom\n|-resisted|p2a: Rotom\n|-damage|p2a: Rotom|44\/100\n|-enditem|p2a: Rotom|Sitrus Berry|[eat]\n|-heal|p2a: Rotom|69\/100|[from] item: Sitrus Berry\n|\n|-weather|none\n|upkeep\n|turn|6\n|\n|t:|1700749425\n|move|p1a: Dracovish|Fishious Rend|p2a: Rotom\n|-resisted|p2a: Rotom\n|-damage|p2a: Rotom|9\/100\n|move|p2a: Rotom|Thunder Wave|p1a: Dracovish\n|-status|p1a: Dracovish|par\n|\n|upkeep\n|turn|7\n|\n|t:|1700749431\n|move|p2a: Rotom|Volt Switch|p1a: Dracovish\n|-crit|p1a: Dracovish\n|-damage|p1a: Dracovish|33\/100 par\n|\n|t:|1700749434\n|switch|p2a: Togekiss|Togekiss, F|39\/100|[from] Volt Switch\n|move|p1a: Dracovish|Fishious Rend|p2a: Togekiss\n|-damage|p2a: Togekiss|0 fnt\n|faint|p2a: Togekiss\n|\n|upkeep\n|\n|t:|1700749448\n|switch|p2a: Rotom|Rotom-Wash|9\/100\n|turn|8\n|\n|t:|1700749450\n|move|p2a: Rotom|Volt Switch|p1a: Dracovish\n|-damage|p1a: Dracovish|0 fnt\n|faint|p1a: Dracovish\n|\n|t:|1700749454\n|switch|p2a: Gliscor|Gliscor, M|100\/100|[from] Volt Switch\n|\n|upkeep\n|\n|t:|1700749462\n|switch|p1a: Gengar|Gengar, M|100\/100\n|-damage|p1a: Gengar|88\/100|[from] Stealth Rock\n|turn|9\n|\n|t:|1700749466\n|move|p2a: Gliscor|Protect|p2a: Gliscor\n|-singleturn|p2a: Gliscor|Protect\n|move|p1a: Gengar|Hidden Power|p2a: Gliscor\n|-activate|p2a: Gliscor|move: Protect\n|\n|upkeep\n|turn|10\n|\n|t:|1700749481\n|switch|p2a: Rotom|Rotom-Wash|9\/100\n|move|p1a: Gengar|Hidden Power|p2a: Rotom\n|-resisted|p2a: Rotom\n|-crit|p2a: Rotom\n|-damage|p2a: Rotom|0 fnt\n|faint|p2a: Rotom\n|\n|upkeep\n|\n|t:|1700749484\n|switch|p2a: Palkia|Palkia|100\/100\n|-ability|p2a: Palkia|Pressure\n|turn|11\n|\n|t:|1700749497\n|move|p2a: Palkia|Spacial Rend|p1a: Gengar\n|-damage|p1a: Gengar|13\/100\n|move|p1a: Gengar|Dazzling Gleam|p2a: Palkia\n|-supereffective|p2a: Palkia\n|-damage|p2a: Palkia|58\/100\n|\n|upkeep\n|turn|12\n|\n|t:|1700749525\n|-terastallize|p1a: Gengar|Fairy\n|move|p2a: Palkia|Spacial Rend|p1a: Gengar\n|-immune|p1a: Gengar\n|move|p1a: Gengar|Dazzling Gleam|p2a: Palkia\n|-supereffective|p2a: Palkia\n|-damage|p2a: Palkia|0 fnt\n|faint|p2a: Palkia\n|\n|upkeep\n|\n|t:|1700749534\n|switch|p2a: Cresselia|Cresselia, F|100\/100\n|turn|13\n|\n|t:|1700749541\n|move|p1a: Gengar|Shadow Ball|p2a: Cresselia\n|-supereffective|p2a: Cresselia\n|-damage|p2a: Cresselia|41\/100\n|move|p2a: Cresselia|Calm Mind|p2a: Cresselia\n|-boost|p2a: Cresselia|spa|1\n|-boost|p2a: Cresselia|spd|1\n|\n|-heal|p2a: Cresselia|47\/100|[from] item: Leftovers\n|upkeep\n|turn|14\n|\n|t:|1700749546\n|move|p1a: Gengar|Shadow Ball|p2a: Cresselia\n|-supereffective|p2a: Cresselia\n|-damage|p2a: Cresselia|10\/100\n|move|p2a: Cresselia|Psyshock|p1a: Gengar\n|-damage|p1a: Gengar|0 fnt\n|faint|p1a: Gengar\n|\n|-heal|p2a: Cresselia|16\/100|[from] item: Leftovers\n|upkeep\n|\n|t:|1700749553\n|switch|p1a: Lucario|Lucario, M|100\/100\n|-damage|p1a: Lucario|98\/100|[from] Stealth Rock\n|turn|15\n|\n|t:|1700749557\n|detailschange|p1a: Lucario|Lucario-Mega, M\n|-mega|p1a: Lucario|Lucario|Lucarionite\n|move|p1a: Lucario|Bullet Punch|p2a: Cresselia\n|-damage|p2a: Cresselia|0 fnt\n|faint|p2a: Cresselia\n|\n|upkeep\n|\n|t:|1700749561\n|switch|p2a: Hippowdon|Hippowdon, F|44\/100\n|-weather|Sandstorm|[from] ability: Sand Stream|[of] p2a: Hippowdon\n|turn|16\n|\n|t:|1700749565\n|move|p1a: Lucario|Ice Punch|p2a: Hippowdon\n|-supereffective|p2a: Hippowdon\n|-damage|p2a: Hippowdon|17\/100\n|-damage|p1a: Lucario|81\/100|[from] item: Rocky Helmet|[of] p2a: Hippowdon\n|move|p2a: Hippowdon|Slack Off|p2a: Hippowdon\n|-heal|p2a: Hippowdon|67\/100\n|\n|-weather|Sandstorm|[upkeep]\n|upkeep\n|turn|17\n|\n|t:|1700749578\n|move|p1a: Lucario|Close Combat|p2a: Hippowdon\n|-damage|p2a: Hippowdon|21\/100\n|-unboost|p1a: Lucario|def|1\n|-unboost|p1a: Lucario|spd|1\n|-damage|p1a: Lucario|65\/100|[from] item: Rocky Helmet|[of] p2a: Hippowdon\n|move|p2a: Hippowdon|Slack Off|p2a: Hippowdon\n|-heal|p2a: Hippowdon|71\/100\n|\n|-weather|Sandstorm|[upkeep]\n|upkeep\n|turn|18\n|\n|t:|1700749596\n|move|p1a: Lucario|Bulk Up|p1a: Lucario\n|-boost|p1a: Lucario|atk|1\n|-boost|p1a: Lucario|def|1\n|move|p2a: Hippowdon|Earthquake|p1a: Lucario\n|-supereffective|p1a: Lucario\n|-damage|p1a: Lucario|0 fnt\n|faint|p1a: Lucario\n|\n|-weather|Sandstorm|[upkeep]\n|upkeep\n|\n|t:|1700749607\n|switch|p1a: Sirfetch\u2019d|Sirfetch\u2019d, M|100\/100\n|-damage|p1a: Sirfetch\u2019d|94\/100|[from] Stealth Rock\n|turn|19\n|\n|t:|1700749618\n|move|p1a: Sirfetch\u2019d|Leaf Blade|p2a: Hippowdon\n|-supereffective|p2a: Hippowdon\n|-damage|p2a: Hippowdon|18\/100\n|-damage|p1a: Sirfetch\u2019d|78\/100|[from] item: Rocky Helmet|[of] p2a: Hippowdon\n|move|p2a: Hippowdon|Whirlwind|p1a: Sirfetch\u2019d\n|drag|p1a: Pikachu|Pikachu, F|100\/100\n|-damage|p1a: Pikachu|88\/100|[from] Stealth Rock\n|\n|-weather|Sandstorm|[upkeep]\n|-damage|p1a: Pikachu|82\/100|[from] Sandstorm\n|upkeep\n|turn|20\n|\n|t:|1700749622\n|move|p1a: Pikachu|Fake Out|p2a: Hippowdon\n|-damage|p2a: Hippowdon|10\/100\n|-damage|p1a: Pikachu|66\/100|[from] item: Rocky Helmet|[of] p2a: Hippowdon\n|cant|p2a: Hippowdon|flinch\n|\n|-weather|none\n|upkeep\n|turn|21\n|\n|t:|1700749626\n|move|p1a: Pikachu|Extreme Speed|p2a: Hippowdon\n|-damage|p2a: Hippowdon|0 fnt\n|-damage|p1a: Pikachu|49\/100|[from] item: Rocky Helmet|[of] p2a: Hippowdon\n|faint|p2a: Hippowdon\n|\n|upkeep\n|\n|t:|1700749628\n|switch|p2a: Gliscor|Gliscor, M|100\/100\n|turn|22\n|\n|t:|1700749634\n|move|p1a: Pikachu|Extreme Speed|p2a: Gliscor\n|-damage|p2a: Gliscor|73\/100\n|move|p2a: Gliscor|Substitute|p2a: Gliscor\n|-start|p2a: Gliscor|Substitute\n|-damage|p2a: Gliscor|48\/100\n|\n|upkeep\n|turn|23\n|\n|t:|1700749638\n|move|p2a: Gliscor|Protect|p2a: Gliscor\n|-singleturn|p2a: Gliscor|Protect\n|move|p1a: Pikachu|Extreme Speed|p2a: Gliscor\n|-activate|p2a: Gliscor|move: Protect\n|\n|upkeep\n|turn|24\n|\n|t:|1700749650\n|move|p1a: Pikachu|Extreme Speed|p2a: Gliscor\n|-end|p2a: Gliscor|Substitute\n|move|p2a: Gliscor|Earthquake|p1a: Pikachu\n|-supereffective|p1a: Pikachu\n|-damage|p1a: Pikachu|0 fnt\n|faint|p1a: Pikachu\n|-damage|p2a: Gliscor|38\/100|[from] item: Life Orb\n|\n|upkeep\n|\n|t:|1700749657\n|switch|p1a: Sirfetch\u2019d|Sirfetch\u2019d, M|78\/100\n|-damage|p1a: Sirfetch\u2019d|72\/100|[from] Stealth Rock\n|turn|25\n|\n|t:|1700749666\n|move|p2a: Gliscor|Toxic|p1a: Sirfetch\u2019d\n|-status|p1a: Sirfetch\u2019d|tox\n|move|p1a: Sirfetch\u2019d|Brave Bird|p2a: Gliscor\n|-crit|p2a: Gliscor\n|-damage|p2a: Gliscor|0 fnt\n|faint|p2a: Gliscor\n|-damage|p1a: Sirfetch\u2019d|61\/100 tox|[from] Recoil\n|\n|win|Ash Ketchum344\n|raw|Ash Ketchum344's rating: 1181 &rarr; <strong>1200<\/strong><br \/>(+19 for winning)\n|raw|lplpk's rating: 1095 &rarr; <strong>1077<\/strong><br \/>(-18 for losing)\n|l|\u2606lplpk\n","uploadtime":1700749687,"views":0,"p1id":"ashketchum344","p2id":"lplpk","formatid":"gen9nationaldexubers","rating":1077,"private":0,"password":""}