{"id":"gen9nationaldexubers-1993314470","p1":"puddingss","p2":"if canot","format":"[Gen 9] National Dex Ubers","log":"|j|\u2606puddingss\n|j|\u2606if canot\n|t:|1700296387\n|gametype|singles\n|player|p1|puddingss|steven|1529\n|player|p2|if canot|misty-masters|1581\n|teamsize|p1|6\n|teamsize|p2|6\n|gen|9\n|tier|[Gen 9] National Dex Ubers\n|rated|\n|rule|HP Percentage Mod: HP is shown in percentages\n|rule|Endless Battle Clause: Forcing endless battles is banned\n|rule|OHKO Clause: OHKO moves are banned\n|rule|Evasion Moves Clause: Evasion moves are banned\n|rule|Evasion Items Clause: Evasion items are banned\n|rule|Species Clause: Limit one of each Pok\u00e9mon\n|rule|Sleep Clause Mod: Limit one foe put to sleep\n|rule|Mega Rayquaza Clause: You cannot mega evolve Rayquaza\n|clearpoke\n|poke|p1|Ribombee, F|\n|poke|p1|Rayquaza|\n|poke|p1|Zacian-*|\n|poke|p1|Necrozma-Dusk-Mane|\n|poke|p1|Arceus-Ground|\n|poke|p1|Kyogre|\n|poke|p2|Hatterene, F|\n|poke|p2|Porygon2|\n|poke|p2|Cresselia, F|\n|poke|p2|Arceus-Poison|\n|poke|p2|Melmetal|\n|poke|p2|Kyogre|\n|teampreview\n|inactive|Battle timer is ON: inactive players will automatically lose when time's up. (requested by if canot)\n|inactive|puddingss also wants the timer to be on.\n|\n|t:|1700296395\n|start\n|switch|p1a: Kyogre|Kyogre|100\/100\n|switch|p2a: 3D\u9f99Il\u578b\u8089\u5230\u6b7b\uff0c\u62cd\u843d\u9664\u5916|Porygon2|100\/100\n|-ability|p2a: 3D\u9f99Il\u578b\u8089\u5230\u6b7b\uff0c\u62cd\u843d\u9664\u5916|Download|boost\n|-boost|p2a: 3D\u9f99Il\u578b\u8089\u5230\u6b7b\uff0c\u62cd\u843d\u9664\u5916|atk|1\n|detailschange|p1a: Kyogre|Kyogre-Primal\n|-primal|p1a: Kyogre|Blue Orb\n|-weather|PrimordialSea|[from] ability: Primordial Sea|[of] p1a: Kyogre\n|turn|1\n|\n|t:|1700296399\n|move|p1a: Kyogre|Water Spout|p2a: 3D\u9f99Il\u578b\u8089\u5230\u6b7b\uff0c\u62cd\u843d\u9664\u5916\n|-damage|p2a: 3D\u9f99Il\u578b\u8089\u5230\u6b7b\uff0c\u62cd\u843d\u9664\u5916|17\/100\n|move|p2a: 3D\u9f99Il\u578b\u8089\u5230\u6b7b\uff0c\u62cd\u843d\u9664\u5916|Trick Room|p2a: 3D\u9f99Il\u578b\u8089\u5230\u6b7b\uff0c\u62cd\u843d\u9664\u5916\n|-fieldstart|move: Trick Room|[of] p2a: 3D\u9f99Il\u578b\u8089\u5230\u6b7b\uff0c\u62cd\u843d\u9664\u5916\n|\n|-weather|PrimordialSea|[upkeep]\n|upkeep\n|turn|2\n|\n|t:|1700296409\n|-weather|none\n|switch|p1a: Ribombee|Ribombee, F|100\/100\n|move|p2a: 3D\u9f99Il\u578b\u8089\u5230\u6b7b\uff0c\u62cd\u843d\u9664\u5916|Teleport|p2a: 3D\u9f99Il\u578b\u8089\u5230\u6b7b\uff0c\u62cd\u843d\u9664\u5916\n|\n|t:|1700296414\n|switch|p2a: \u5854\u7237\u7684\u7269\u653b\u5df2\u7ecf\u6765\u5230\u4e8613000\u70b9|Melmetal|100\/100|[from] Teleport\n|\n|upkeep\n|turn|3\n|\n|t:|1700296420\n|switch|p1a: Necrozma|Necrozma-Dusk-Mane|100\/100\n|-terastallize|p2a: \u5854\u7237\u7684\u7269\u653b\u5df2\u7ecf\u6765\u5230\u4e8613000\u70b9|Steel\n|move|p2a: \u5854\u7237\u7684\u7269\u653b\u5df2\u7ecf\u6765\u5230\u4e8613000\u70b9|Double Iron Bash|p1a: Necrozma\n|-resisted|p1a: Necrozma\n|-damage|p1a: Necrozma|63\/100\n|-resisted|p1a: Necrozma\n|-crit|p1a: Necrozma\n|-damage|p1a: Necrozma|7\/100\n|-hitcount|p1a: Necrozma|2\n|\n|upkeep\n|turn|4\n|\n|t:|1700296434\n|move|p2a: \u5854\u7237\u7684\u7269\u653b\u5df2\u7ecf\u6765\u5230\u4e8613000\u70b9|Double Iron Bash|p1a: Necrozma\n|-resisted|p1a: Necrozma\n|-damage|p1a: Necrozma|0 fnt\n|faint|p1a: Necrozma\n|-hitcount|p1: Necrozma|1\n|\n|upkeep\n|\n|t:|1700296439\n|switch|p1a: Arceus|Arceus-Ground|100\/100\n|turn|5\n|\n|t:|1700296442\n|move|p2a: \u5854\u7237\u7684\u7269\u653b\u5df2\u7ecf\u6765\u5230\u4e8613000\u70b9|Double Iron Bash|p1a: Arceus\n|-damage|p1a: Arceus|38\/100\n|-damage|p1a: Arceus|0 fnt\n|faint|p1a: Arceus\n|-hitcount|p1: Arceus|2\n|\n|-fieldend|move: Trick Room\n|upkeep\n|\n|t:|1700296447\n|switch|p1a: Kyogre|Kyogre-Primal|100\/100\n|-weather|PrimordialSea|[from] ability: Primordial Sea|[of] p1a: Kyogre\n|turn|6\n|\n|t:|1700296451\n|switch|p2a: 3D\u9f99Il\u578b\u8089\u5230\u6b7b\uff0c\u62cd\u843d\u9664\u5916|Porygon2|17\/100\n|-ability|p2a: 3D\u9f99Il\u578b\u8089\u5230\u6b7b\uff0c\u62cd\u843d\u9664\u5916|Download|boost\n|-boost|p2a: 3D\u9f99Il\u578b\u8089\u5230\u6b7b\uff0c\u62cd\u843d\u9664\u5916|atk|1\n|move|p1a: Kyogre|Water Spout|p2a: 3D\u9f99Il\u578b\u8089\u5230\u6b7b\uff0c\u62cd\u843d\u9664\u5916\n|-crit|p2a: 3D\u9f99Il\u578b\u8089\u5230\u6b7b\uff0c\u62cd\u843d\u9664\u5916\n|-damage|p2a: 3D\u9f99Il\u578b\u8089\u5230\u6b7b\uff0c\u62cd\u843d\u9664\u5916|0 fnt\n|faint|p2a: 3D\u9f99Il\u578b\u8089\u5230\u6b7b\uff0c\u62cd\u843d\u9664\u5916\n|\n|-weather|PrimordialSea|[upkeep]\n|upkeep\n|\n|t:|1700296453\n|switch|p2a: \u9b54\u5973\u5e3d\u5b50\uff0c\u53ea\u4f1a\u9001\u6b7b|Hatterene, F|100\/100\n|turn|7\n|\n|t:|1700296458\n|move|p1a: Kyogre|Water Spout|p2a: \u9b54\u5973\u5e3d\u5b50\uff0c\u53ea\u4f1a\u9001\u6b7b\n|-enditem|p2a: \u9b54\u5973\u5e3d\u5b50\uff0c\u53ea\u4f1a\u9001\u6b7b|Focus Sash\n|-damage|p2a: \u9b54\u5973\u5e3d\u5b50\uff0c\u53ea\u4f1a\u9001\u6b7b|1\/100\n|move|p2a: \u9b54\u5973\u5e3d\u5b50\uff0c\u53ea\u4f1a\u9001\u6b7b|Trick Room|p2a: \u9b54\u5973\u5e3d\u5b50\uff0c\u53ea\u4f1a\u9001\u6b7b\n|-fieldstart|move: Trick Room|[of] p2a: \u9b54\u5973\u5e3d\u5b50\uff0c\u53ea\u4f1a\u9001\u6b7b\n|\n|-weather|PrimordialSea|[upkeep]\n|upkeep\n|turn|8\n|\n|t:|1700296462\n|move|p2a: \u9b54\u5973\u5e3d\u5b50\uff0c\u53ea\u4f1a\u9001\u6b7b|Healing Wish|p2a: \u9b54\u5973\u5e3d\u5b50\uff0c\u53ea\u4f1a\u9001\u6b7b\n|faint|p2a: \u9b54\u5973\u5e3d\u5b50\uff0c\u53ea\u4f1a\u9001\u6b7b\n|move|p1a: Kyogre|Water Spout|p2: \u9b54\u5973\u5e3d\u5b50\uff0c\u53ea\u4f1a\u9001\u6b7b|[notarget]\n|-fail|p1a: Kyogre\n|\n|-weather|PrimordialSea|[upkeep]\n|upkeep\n|\n|t:|1700296466\n|switch|p2a: \u5854\u7237\u7684\u7269\u653b\u5df2\u7ecf\u6765\u5230\u4e8613000\u70b9|Melmetal, tera:Steel|100\/100\n|turn|9\n|\n|t:|1700296475\n|-weather|none\n|switch|p1a: Ribombee|Ribombee, F|100\/100\n|move|p2a: \u5854\u7237\u7684\u7269\u653b\u5df2\u7ecf\u6765\u5230\u4e8613000\u70b9|Double Iron Bash|p1a: Ribombee\n|-supereffective|p1a: Ribombee\n|-enditem|p1a: Ribombee|Focus Sash\n|-damage|p1a: Ribombee|1\/100\n|-supereffective|p1a: Ribombee\n|-damage|p1a: Ribombee|0 fnt\n|faint|p1a: Ribombee\n|-hitcount|p1: Ribombee|2\n|\n|upkeep\n|\n|t:|1700296480\n|switch|p1a: Kyogre|Kyogre-Primal|100\/100\n|-weather|PrimordialSea|[from] ability: Primordial Sea|[of] p1a: Kyogre\n|turn|10\n|\n|t:|1700296484\n|move|p2a: \u5854\u7237\u7684\u7269\u653b\u5df2\u7ecf\u6765\u5230\u4e8613000\u70b9|Double Iron Bash|p1a: Kyogre\n|-resisted|p1a: Kyogre\n|-damage|p1a: Kyogre|55\/100\n|-resisted|p1a: Kyogre\n|-damage|p1a: Kyogre|5\/100\n|-hitcount|p1a: Kyogre|2\n|cant|p1a: Kyogre|flinch\n|\n|-weather|PrimordialSea|[upkeep]\n|upkeep\n|turn|11\n|\n|t:|1700296490\n|move|p2a: \u5854\u7237\u7684\u7269\u653b\u5df2\u7ecf\u6765\u5230\u4e8613000\u70b9|Double Iron Bash|p1a: Kyogre\n|-resisted|p1a: Kyogre\n|-damage|p1a: Kyogre|0 fnt\n|faint|p1a: Kyogre\n|-weather|none\n|-hitcount|p1: Kyogre|1\n|\n|-fieldend|move: Trick Room\n|upkeep\n|\n|t:|1700296494\n|switch|p1a: Rayquaza|Rayquaza|100\/100\n|-ability|p1a: Rayquaza|Air Lock\n|turn|12\n|\n|t:|1700296497\n|move|p1a: Rayquaza|Earthquake|p2a: \u5854\u7237\u7684\u7269\u653b\u5df2\u7ecf\u6765\u5230\u4e8613000\u70b9\n|-supereffective|p2a: \u5854\u7237\u7684\u7269\u653b\u5df2\u7ecf\u6765\u5230\u4e8613000\u70b9\n|-damage|p2a: \u5854\u7237\u7684\u7269\u653b\u5df2\u7ecf\u6765\u5230\u4e8613000\u70b9|23\/100\n|move|p2a: \u5854\u7237\u7684\u7269\u653b\u5df2\u7ecf\u6765\u5230\u4e8613000\u70b9|Double Iron Bash|p1a: Rayquaza\n|-damage|p1a: Rayquaza|4\/100\n|-damage|p1a: Rayquaza|0 fnt\n|faint|p1a: Rayquaza\n|-hitcount|p1: Rayquaza|2\n|\n|upkeep\n|\n|t:|1700296499\n|switch|p1a: Zacian|Zacian-Crowned|100\/100\n|-ability|p1a: Zacian|Intrepid Sword|boost\n|-boost|p1a: Zacian|atk|1\n|turn|13\n|\n|t:|1700296509\n|switch|p2a: \u7f8a\u9a7c\u592a\u5e05\u4e86|Arceus-Poison|100\/100\n|move|p1a: Zacian|Close Combat|p2a: \u7f8a\u9a7c\u592a\u5e05\u4e86\n|-resisted|p2a: \u7f8a\u9a7c\u592a\u5e05\u4e86\n|-damage|p2a: \u7f8a\u9a7c\u592a\u5e05\u4e86|82\/100\n|-unboost|p1a: Zacian|def|1\n|-unboost|p1a: Zacian|spd|1\n|\n|upkeep\n|turn|14\n|-message|puddingss forfeited.\n|\n|win|if canot\n|raw|puddingss's rating: 1529 &rarr; <strong>1512<\/strong><br \/>(-17 for losing)\n|raw|if canot's rating: 1581 &rarr; <strong>1598<\/strong><br \/>(+17 for winning)\n|l|\u2606puddingss\n","uploadtime":1700296528,"views":28,"p1id":"puddingss","p2id":"ifcanot","formatid":"gen9nationaldexubers","rating":1512,"private":0,"password":""}