{"id":"gen9nationaldexubers-1978070400","p1":"Half_A_Ako","p2":"DrArkane16","format":"[Gen 9] National Dex Ubers","log":"|j|\u2606Half_A_Ako\n|j|\u2606DrArkane16\n|t:|1698494826\n|gametype|singles\n|player|p1|Half_A_Ako|victor-dojo|\n|player|p2|DrArkane16|cyrus|\n|teamsize|p1|4\n|teamsize|p2|2\n|gen|9\n|tier|[Gen 9] National Dex Ubers\n|rule|HP Percentage Mod: HP is shown in percentages\n|rule|Endless Battle Clause: Forcing endless battles is banned\n|rule|OHKO Clause: OHKO moves are banned\n|rule|Evasion Moves Clause: Evasion moves are banned\n|rule|Evasion Items Clause: Evasion items are banned\n|rule|Species Clause: Limit one of each Pok\u00e9mon\n|rule|Sleep Clause Mod: Limit one foe put to sleep\n|rule|Mega Rayquaza Clause: You cannot mega evolve Rayquaza\n|clearpoke\n|poke|p1|Rowlet, L15, M|\n|poke|p1|Fletchling, L5, F|\n|poke|p1|Gible, L12, F|\n|poke|p1|Shinx, L4, M|\n|poke|p2|Riolu, L15, M|\n|poke|p2|Kubfu, L13, F|\n|teampreview\n|c|\u2606Half_A_Ako|gl\n|\n|t:|1698494845\n|start\n|switch|p1a: Luxure|Shinx, L4, M|100\/100\n|switch|p2a: Kubfu|Kubfu, L13, F|100\/100\n|-ability|p1a: Luxure|Intimidate|boost\n|-fail|p2a: Kubfu|unboost|Attack|[from] ability: Inner Focus|[of] p2a: Kubfu\n|turn|1\n|\n|t:|1698494858\n|move|p2a: Kubfu|Rock Smash|p1a: Luxure\n|-damage|p1a: Luxure|0 fnt\n|faint|p1a: Luxure\n|\n|upkeep\n|\n|t:|1698494869\n|switch|p1a: Garuda|Fletchling, L5, F|100\/100\n|turn|2\n|\n|t:|1698494876\n|move|p1a: Garuda|Peck|p2a: Kubfu\n|-supereffective|p2a: Kubfu\n|-damage|p2a: Kubfu|86\/100\n|move|p2a: Kubfu|Rock Smash|p1a: Garuda\n|-damage|p1a: Garuda|0 fnt\n|faint|p1a: Garuda\n|\n|upkeep\n|j| THEGAMER3777\n|\n|t:|1698494888\n|switch|p1a: Robindibou|Rowlet, L15, M|100\/100\n|turn|3\n|\n|t:|1698494895\n|move|p2a: Kubfu|Leer|p1a: Robindibou\n|-unboost|p1a: Robindibou|def|1\n|move|p1a: Robindibou|Peck|p2a: Kubfu\n|-supereffective|p2a: Kubfu\n|-damage|p2a: Kubfu|29\/100\n|\n|upkeep\n|turn|4\n|\n|t:|1698494908\n|switch|p1a: king|Gible, L12, F|100\/100\n|move|p2a: Kubfu|Aerial Ace|p1a: king\n|-damage|p1a: king|57\/100\n|-damage|p2a: Kubfu|17\/100|[from] ability: Rough Skin|[of] p1a: king\n|\n|upkeep\n|turn|5\n|\n|t:|1698494918\n|move|p2a: Kubfu|Rock Smash|p1a: king\n|-damage|p1a: king|11\/100\n|-unboost|p1a: king|def|1\n|-damage|p2a: Kubfu|5\/100|[from] ability: Rough Skin|[of] p1a: king\n|move|p1a: king|Dragon Breath|p2a: Kubfu\n|-damage|p2a: Kubfu|0 fnt\n|faint|p2a: Kubfu\n|\n|upkeep\n|\n|t:|1698494927\n|switch|p2a: Riolu|Riolu, L15, M|100\/100\n|turn|6\n|\n|t:|1698494935\n|move|p2a: Riolu|Quick Attack|p1a: king\n|-damage|p1a: king|0 fnt\n|-damage|p2a: Riolu|88\/100|[from] ability: Rough Skin|[of] p1a: king\n|faint|p1a: king\n|\n|upkeep\n|\n|t:|1698494941\n|switch|p1a: Robindibou|Rowlet, L15, M|100\/100\n|turn|7\n|\n|t:|1698494950\n|move|p1a: Robindibou|Peck|p2a: Riolu\n|-supereffective|p2a: Riolu\n|-damage|p2a: Riolu|25\/100\n|move|p2a: Riolu|Counter|p1a: Robindibou\n|-damage|p1a: Robindibou|0 fnt\n|faint|p1a: Robindibou\n|\n|win|DrArkane16\n","uploadtime":1698494958,"views":19,"p1id":"halfaako","p2id":"drarkane16","formatid":"gen9nationaldexubers","rating":0,"private":0,"password":""}