{"id":"gen9nationaldexubers-1999649109","p1":"Mrunal","p2":"Tombstone Ghost","format":"[Gen 9] National Dex Ubers","log":"|j|\u2606Mrunal\n|j|\u2606Tombstone Ghost\n|t:|1701104477\n|gametype|singles\n|player|p1|Mrunal|cheryl|\n|player|p2|Tombstone Ghost|gambler|\n|teamsize|p1|6\n|teamsize|p2|6\n|gen|9\n|tier|[Gen 9] National Dex Ubers\n|rule|HP Percentage Mod: HP is shown in percentages\n|rule|Endless Battle Clause: Forcing endless battles is banned\n|rule|OHKO Clause: OHKO moves are banned\n|rule|Evasion Moves Clause: Evasion moves are banned\n|rule|Evasion Items Clause: Evasion items are banned\n|rule|Species Clause: Limit one of each Pok\u00e9mon\n|rule|Sleep Clause Mod: Limit one foe put to sleep\n|rule|Mega Rayquaza Clause: You cannot mega evolve Rayquaza\n|clearpoke\n|poke|p1|Lunala|\n|poke|p1|Tapu Koko|\n|poke|p1|Keldeo-Resolute|\n|poke|p1|Iron Moth|\n|poke|p1|Iron Jugulis|\n|poke|p1|Garganacl, M|\n|poke|p2|Magearna|\n|poke|p2|Ninetales-Alola, M|\n|poke|p2|Arctozolt|\n|poke|p2|Azumarill, M|\n|poke|p2|Gurdurr, F|\n|poke|p2|Beedrill, F|\n|teampreview\n|c|\u2606Mrunal|Can you Send live link on the tournament general.\n|c|\u2606Tombstone Ghost|Just needed to drop the first live link\n|c|\u2606Tombstone Ghost|did it\n|c|\u2606Mrunal|Ok wanna begin\n|c|\u2606Tombstone Ghost|why not\n|\n|t:|1701104548\n|start\n|switch|p1a: Garganacl|Garganacl, M|100\/100\n|switch|p2a: Aurora Borealis|Ninetales-Alola, M, shiny|100\/100\n|-weather|Snow|[from] ability: Snow Warning|[of] p2a: Aurora Borealis\n|turn|1\n|\n|t:|1701104557\n|move|p2a: Aurora Borealis|Aurora Veil|p2a: Aurora Borealis\n|-sidestart|p2: Tombstone Ghost|move: Aurora Veil\n|move|p1a: Garganacl|Brick Break|p2a: Aurora Borealis\n|-sideend|p2: Tombstone Ghost|move: Aurora Veil\n|-damage|p2a: Aurora Borealis|86\/100\n|\n|-weather|Snow|[upkeep]\n|upkeep\n|turn|2\n|\n|t:|1701104567\n|move|p2a: Aurora Borealis|Toxic|p1a: Garganacl\n|-immune|p1a: Garganacl|[from] ability: Purifying Salt\n|move|p1a: Garganacl|Stealth Rock|p2a: Aurora Borealis\n|-sidestart|p2: Tombstone Ghost|move: Stealth Rock\n|\n|-weather|Snow|[upkeep]\n|upkeep\n|turn|3\n|\n|t:|1701104575\n|switch|p2a: Megatron|Magearna|100\/100\n|-damage|p2a: Megatron|94\/100|[from] Stealth Rock\n|move|p1a: Garganacl|Salt Cure|p2a: Megatron\n|-resisted|p2a: Megatron\n|-damage|p2a: Megatron|88\/100\n|\n|-weather|Snow|[upkeep]\n|upkeep\n|turn|4\n|\n|t:|1701104603\n|switch|p1a: Tapu Koko|Tapu Koko|100\/100\n|-fieldstart|move: Electric Terrain|[from] ability: Electric Surge|[of] p1a: Tapu Koko\n|-terastallize|p2a: Megatron|Water\n|move|p2a: Megatron|Shift Gear|p2a: Megatron\n|-boost|p2a: Megatron|spe|2\n|-boost|p2a: Megatron|atk|1\n|\n|-weather|Snow|[upkeep]\n|upkeep\n|turn|5\n|\n|t:|1701104615\n|move|p1a: Tapu Koko|Discharge|p2a: Megatron\n|-supereffective|p2a: Megatron\n|-damage|p2a: Megatron|20\/100\n|move|p2a: Megatron|Stored Power|p1a: Tapu Koko\n|-damage|p1a: Tapu Koko|54\/100\n|\n|-weather|none\n|upkeep\n|turn|6\n|\n|t:|1701104625\n|switch|p2a: Aurora Borealis|Ninetales-Alola, M, shiny|86\/100\n|-damage|p2a: Aurora Borealis|61\/100|[from] Stealth Rock\n|-weather|Snow|[from] ability: Snow Warning|[of] p2a: Aurora Borealis\n|move|p1a: Tapu Koko|Volt Switch|p2a: Aurora Borealis\n|-damage|p2a: Aurora Borealis|27\/100\n|\n|t:|1701104633\n|switch|p1a: Iron Moth|Iron Moth|100\/100|[from] Volt Switch\n|-activate|p1a: Iron Moth|ability: Quark Drive\n|-start|p1a: Iron Moth|quarkdrivespa\n|\n|-weather|Snow|[upkeep]\n|upkeep\n|turn|7\n|\n|t:|1701104647\n|switch|p2a: Hard Hat|Gurdurr, F|100\/100\n|-damage|p2a: Hard Hat|94\/100|[from] Stealth Rock\n|move|p1a: Iron Moth|Fiery Dance|p2a: Hard Hat\n|-damage|p2a: Hard Hat|35\/100\n|\n|-weather|Snow|[upkeep]\n|upkeep\n|turn|8\n|\n|t:|1701104656\n|move|p1a: Iron Moth|Fiery Dance|p2a: Hard Hat\n|-damage|p2a: Hard Hat|0 fnt\n|-boost|p1a: Iron Moth|spa|1\n|faint|p2a: Hard Hat\n|\n|-weather|Snow|[upkeep]\n|upkeep\n|\n|t:|1701104663\n|switch|p2a: Megatron|Magearna, tera:Water|20\/100\n|-damage|p2a: Megatron|8\/100|[from] Stealth Rock\n|turn|9\n|\n|t:|1701104673\n|move|p1a: Iron Moth|Sludge Wave|p2a: Megatron\n|-damage|p2a: Megatron|0 fnt\n|faint|p2a: Megatron\n|\n|-weather|Snow|[upkeep]\n|upkeep\n|\n|t:|1701104680\n|switch|p2a: Snot Rocket|Arctozolt|100\/100\n|turn|10\n|\n|t:|1701104689\n|move|p2a: Snot Rocket|Bolt Beak|p1a: Iron Moth\n|-damage|p1a: Iron Moth|0 fnt\n|faint|p1a: Iron Moth\n|-end|p1a: Iron Moth|Quark Drive|[silent]\n|\n|-weather|none\n|upkeep\n|\n|t:|1701104697\n|switch|p1a: Iron Jugulis|Iron Jugulis|100\/100\n|-activate|p1a: Iron Jugulis|ability: Quark Drive\n|-start|p1a: Iron Jugulis|quarkdrivespe\n|turn|11\n|\n|t:|1701104711\n|switch|p2a: Bonk|Azumarill, M|100\/100\n|-damage|p2a: Bonk|88\/100|[from] Stealth Rock\n|move|p1a: Iron Jugulis|Earth Power|p2a: Bonk\n|-damage|p2a: Bonk|38\/100\n|-enditem|p2a: Bonk|Sitrus Berry|[eat]\n|-heal|p2a: Bonk|63\/100|[from] item: Sitrus Berry\n|-damage|p1a: Iron Jugulis|91\/100|[from] item: Life Orb\n|\n|-fieldend|move: Electric Terrain\n|-end|p1a: Iron Jugulis|Quark Drive\n|upkeep\n|turn|12\n|\n|t:|1701104725\n|-end|p1a: Iron Jugulis|Quark Drive|[silent]\n|switch|p1a: Tapu Koko|Tapu Koko|54\/100\n|-fieldstart|move: Electric Terrain|[from] ability: Electric Surge|[of] p1a: Tapu Koko\n|move|p2a: Bonk|Play Rough|p1a: Tapu Koko\n|-damage|p1a: Tapu Koko|0 fnt\n|faint|p1a: Tapu Koko\n|\n|upkeep\n|\n|t:|1701104748\n|switch|p1a: Lunala|Lunala|100\/100\n|turn|13\n|\n|t:|1701104753\n|move|p1a: Lunala|Moongeist Beam|p2a: Bonk\n|-damage|p2a: Bonk|0 fnt\n|faint|p2a: Bonk\n|\n|upkeep\n|\n|t:|1701104765\n|switch|p2a: Jazz|Beedrill, F|100\/100\n|-damage|p2a: Jazz|76\/100|[from] Stealth Rock\n|turn|14\n|\n|t:|1701104777\n|detailschange|p2a: Jazz|Beedrill-Mega, F\n|-mega|p2a: Jazz|Beedrill|Beedrillite\n|-terastallize|p1a: Lunala|Fire\n|move|p2a: Jazz|Knock Off|p1a: Lunala\n|-crit|p1a: Lunala\n|-damage|p1a: Lunala|74\/100\n|-enditem|p1a: Lunala|Heavy-Duty Boots|[from] move: Knock Off|[of] p2a: Jazz\n|move|p1a: Lunala|Heat Wave|p2a: Jazz\n|-supereffective|p2a: Jazz\n|-damage|p2a: Jazz|0 fnt\n|faint|p2a: Jazz\n|\n|upkeep\n|\n|t:|1701104787\n|switch|p2a: Aurora Borealis|Ninetales-Alola, M, shiny|27\/100\n|-damage|p2a: Aurora Borealis|2\/100|[from] Stealth Rock\n|-weather|Snow|[from] ability: Snow Warning|[of] p2a: Aurora Borealis\n|turn|15\n|\n|t:|1701104794\n|move|p2a: Aurora Borealis|Aurora Veil|p2a: Aurora Borealis\n|-sidestart|p2: Tombstone Ghost|move: Aurora Veil\n|move|p1a: Lunala|Moongeist Beam|p2a: Aurora Borealis\n|-damage|p2a: Aurora Borealis|0 fnt\n|faint|p2a: Aurora Borealis\n|\n|-weather|Snow|[upkeep]\n|upkeep\n|\n|t:|1701104801\n|switch|p2a: Snot Rocket|Arctozolt|100\/100\n|turn|16\n|\n|t:|1701104809\n|move|p2a: Snot Rocket|Bolt Beak|p1a: Lunala\n|-damage|p1a: Lunala|0 fnt\n|faint|p1a: Lunala\n|\n|-weather|Snow|[upkeep]\n|upkeep\n|\n|t:|1701104817\n|switch|p1a: Garganacl|Garganacl, M|100\/100\n|turn|17\n|\n|t:|1701104823\n|move|p2a: Snot Rocket|Bolt Beak|p1a: Garganacl\n|-damage|p1a: Garganacl|45\/100\n|-damage|p2a: Snot Rocket|84\/100|[from] item: Rocky Helmet|[of] p1a: Garganacl\n|move|p1a: Garganacl|Brick Break|p2a: Snot Rocket\n|-sideend|p2: Tombstone Ghost|move: Aurora Veil\n|-supereffective|p2a: Snot Rocket\n|-damage|p2a: Snot Rocket|55\/100\n|\n|-weather|Snow|[upkeep]\n|upkeep\n|turn|18\n|\n|t:|1701104833\n|move|p2a: Snot Rocket|Bolt Beak|p1a: Garganacl\n|-damage|p1a: Garganacl|0 fnt\n|-damage|p2a: Snot Rocket|38\/100|[from] item: Rocky Helmet|[of] p1a: Garganacl\n|faint|p1a: Garganacl\n|\n|-weather|Snow|[upkeep]\n|upkeep\n|\n|t:|1701104840\n|switch|p1a: Keldeo|Keldeo-Resolute|100\/100\n|turn|19\n|\n|t:|1701104847\n|move|p2a: Snot Rocket|Bolt Beak|p1a: Keldeo\n|-supereffective|p1a: Keldeo\n|-damage|p1a: Keldeo|0 fnt\n|faint|p1a: Keldeo\n|\n|-weather|none\n|-fieldend|move: Electric Terrain\n|upkeep\n|\n|t:|1701104854\n|switch|p1a: Iron Jugulis|Iron Jugulis|91\/100\n|turn|20\n|c|\u2606Tombstone Ghost|So close\n|\n|t:|1701104857\n|move|p1a: Iron Jugulis|Earth Power|p2a: Snot Rocket\n|-supereffective|p2a: Snot Rocket\n|-damage|p2a: Snot Rocket|0 fnt\n|faint|p2a: Snot Rocket\n|-damage|p1a: Iron Jugulis|81\/100|[from] item: Life Orb\n|\n|win|Mrunal\n|c|\u2606Tombstone Ghost|Round 2\n|c|\u2606Mrunal|Yeah\n|c|\u2606Tombstone Ghost|ready?\n|c|\u2606Mrunal|Yes\n|l|\u2606Tombstone Ghost\n","uploadtime":1701104881,"views":5,"p1id":"mrunal","p2id":"tombstoneghost","formatid":"gen9nationaldexubers","rating":0,"private":0,"password":""}