{"id":"gen9nationaldexubers-1981361894","p1":"plusonedex","p2":"noboyzone","format":"[Gen 9] National Dex Ubers","log":"|j|\u2606plusonedex\n|j|\u2606noboyzone\n|t:|1698887592\n|gametype|singles\n|player|p1|plusonedex|sabrina|\n|player|p2|noboyzone|brycenman|\n|teamsize|p1|6\n|teamsize|p2|6\n|gen|9\n|tier|[Gen 9] National Dex Ubers\n|rule|HP Percentage Mod: HP is shown in percentages\n|rule|Endless Battle Clause: Forcing endless battles is banned\n|rule|OHKO Clause: OHKO moves are banned\n|rule|Evasion Moves Clause: Evasion moves are banned\n|rule|Evasion Items Clause: Evasion items are banned\n|rule|Species Clause: Limit one of each Pok\u00e9mon\n|rule|Sleep Clause Mod: Limit one foe put to sleep\n|rule|Mega Rayquaza Clause: You cannot mega evolve Rayquaza\n|clearpoke\n|poke|p1|Toxapex, F|\n|poke|p1|Iron Hands|\n|poke|p1|Flygon, F|\n|poke|p1|Ferrothorn, M|\n|poke|p1|Aerodactyl, F|\n|poke|p1|Dachsbun, F|\n|poke|p2|Diancie|\n|poke|p2|Scizor, F|\n|poke|p2|Tornadus-Therian, M|\n|poke|p2|Baxcalibur, F|\n|poke|p2|Toedscruel, M|\n|poke|p2|Arcanine, M|\n|teampreview\n|c|\u2606plusonedex|glhf buddy\n|\n|t:|1698887626\n|start\n|switch|p1a: Head Bringer|Iron Hands, shiny|100\/100\n|switch|p2a: Dat Dawg|Arcanine, M|100\/100\n|-ability|p2a: Dat Dawg|Intimidate|boost\n|-unboost|p1a: Head Bringer|atk|1\n|turn|1\n|c|\u2606noboyzone|GLHF!\n|j| Brockplazz\n|j| C-Rad1\n|\n|t:|1698887742\n|switch|p2a: Hi I'm Derek :)|Toedscruel, M|100\/100\n|move|p1a: Head Bringer|Fake Out|p2a: Hi I'm Derek :)\n|-damage|p2a: Hi I'm Derek :)|90\/100\n|\n|-heal|p2a: Hi I'm Derek :)|96\/100|[from] item: Leftovers\n|upkeep\n|turn|2\n|\n|t:|1698887771\n|-end|p1a: Head Bringer|Quark Drive|[silent]\n|switch|p1a: Cannon Head|Flygon, F|100\/100\n|move|p2a: Hi I'm Derek :)|Spore|p1a: Cannon Head\n|-status|p1a: Cannon Head|slp|[from] move: Spore\n|\n|-heal|p2a: Hi I'm Derek :)|100\/100|[from] item: Leftovers\n|upkeep\n|turn|3\n|\n|t:|1698887811\n|switch|p2a: Tornadus|Tornadus-Therian, M, shiny|100\/100\n|cant|p1a: Cannon Head|slp\n|\n|upkeep\n|turn|4\n|\n|t:|1698887840\n|-curestatus|p1a: Cannon Head|slp|[msg]\n|move|p1a: Cannon Head|U-turn|p2a: Tornadus\n|-resisted|p2a: Tornadus\n|-damage|p2a: Tornadus|87\/100\n|\n|t:|1698887851\n|switch|p1a: Head Bringer|Iron Hands, shiny|100\/100|[from] U-turn\n|move|p2a: Tornadus|Hidden Power|p1a: Head Bringer\n|-damage|p1a: Head Bringer|75\/100\n|\n|-heal|p1a: Head Bringer|81\/100|[from] item: Leftovers\n|upkeep\n|turn|5\n|l| Brockplazz\n|j| Brockplazz\n|\n|t:|1698887905\n|switch|p2a: Hi I'm Derek :)|Toedscruel, M|100\/100\n|move|p1a: Head Bringer|Fake Out|p2a: Hi I'm Derek :)\n|-damage|p2a: Hi I'm Derek :)|87\/100\n|\n|-heal|p2a: Hi I'm Derek :)|93\/100|[from] item: Leftovers\n|-heal|p1a: Head Bringer|88\/100|[from] item: Leftovers\n|upkeep\n|turn|6\n|l| Brockplazz\n|j| Brockplazz\n|\n|t:|1698887924\n|move|p2a: Hi I'm Derek :)|Earth Power|p1a: Head Bringer\n|-supereffective|p1a: Head Bringer\n|-damage|p1a: Head Bringer|40\/100\n|move|p1a: Head Bringer|Ice Punch|p2a: Hi I'm Derek :)\n|-supereffective|p2a: Hi I'm Derek :)\n|-damage|p2a: Hi I'm Derek :)|0 fnt\n|faint|p2a: Hi I'm Derek :)\n|\n|-heal|p1a: Head Bringer|47\/100|[from] item: Leftovers\n|upkeep\n|\n|t:|1698887946\n|switch|p2a: Murder Barbie|Diancie, shiny|100\/100\n|turn|7\n|\n|t:|1698887953\n|detailschange|p2a: Murder Barbie|Diancie-Mega, shiny\n|-mega|p2a: Murder Barbie|Diancie|Diancite\n|move|p2a: Murder Barbie|Moonblast|p1a: Head Bringer\n|-supereffective|p1a: Head Bringer\n|-damage|p1a: Head Bringer|0 fnt\n|faint|p1a: Head Bringer\n|-end|p1a: Head Bringer|Quark Drive|[silent]\n|\n|upkeep\n|\n|t:|1698887962\n|switch|p1a: Liger Tail|Ferrothorn, M, shiny|100\/100\n|turn|8\n|\n|t:|1698887992\n|switch|p2a: Dat Dawg|Arcanine, M|100\/100\n|-ability|p2a: Dat Dawg|Intimidate|boost\n|-unboost|p1a: Liger Tail|atk|1\n|move|p1a: Liger Tail|Gyro Ball|p2a: Dat Dawg\n|-resisted|p2a: Dat Dawg\n|-damage|p2a: Dat Dawg|87\/100\n|\n|upkeep\n|turn|9\n|\n|t:|1698888030\n|switch|p1a: 621|Dachsbun, F, shiny|100\/100\n|move|p2a: Dat Dawg|Wild Charge|p1a: 621\n|-damage|p1a: 621|75\/100\n|-damage|p2a: Dat Dawg|82\/100|[from] Recoil\n|\n|-heal|p1a: 621|81\/100|[from] item: Leftovers\n|upkeep\n|turn|10\n|\n|t:|1698888065\n|switch|p2a: Tornadus|Tornadus-Therian, M, shiny|100\/100\n|move|p1a: 621|Yawn|p2a: Tornadus\n|-start|p2a: Tornadus|move: Yawn|[of] p1a: 621\n|\n|-heal|p1a: 621|87\/100|[from] item: Leftovers\n|upkeep\n|turn|11\n|\n|t:|1698888097\n|switch|p2a: Scizor|Scizor, F, shiny|100\/100\n|move|p1a: 621|Wish|p1a: 621\n|\n|-heal|p1a: 621|93\/100|[from] item: Leftovers\n|upkeep\n|turn|12\n|\n|t:|1698888116\n|switch|p1a: Cannon Head|Flygon, F|100\/100\n|move|p2a: Scizor|Bullet Punch|p1a: Cannon Head\n|-damage|p1a: Cannon Head|28\/100\n|\n|-heal|p1a: Cannon Head|81\/100|[from] move: Wish|[wisher] 621\n|upkeep\n|turn|13\n|l| Brockplazz\n|\n|t:|1698888132\n|move|p2a: Scizor|Bullet Punch|p1a: Cannon Head\n|-damage|p1a: Cannon Head|8\/100\n|move|p1a: Cannon Head|Fire Punch|p2a: Scizor\n|-supereffective|p2a: Scizor\n|-damage|p2a: Scizor|12\/100\n|\n|upkeep\n|turn|14\n|j| Brockplazz\n|\n|t:|1698888174\n|switch|p1a: Liger Tail|Ferrothorn, M, shiny|100\/100\n|move|p2a: Scizor|Bullet Punch|p1a: Liger Tail\n|-resisted|p1a: Liger Tail\n|-damage|p1a: Liger Tail|82\/100\n|-damage|p2a: Scizor|0 fnt|[from] ability: Iron Barbs|[of] p1a: Liger Tail\n|faint|p2a: Scizor\n|\n|upkeep\n|\n|t:|1698888187\n|switch|p2a: Tornadus|Tornadus-Therian, M, shiny|100\/100\n|turn|15\n|\n|t:|1698888215\n|switch|p1a: Deep Down|Toxapex, F, shiny|100\/100\n|move|p2a: Tornadus|Heat Wave|p1a: Deep Down\n|-resisted|p1a: Deep Down\n|-damage|p1a: Deep Down|87\/100\n|\n|upkeep\n|turn|16\n|l| Brockplazz\n|j| Brockplazz\n|\n|t:|1698888266\n|switch|p2a: Mom I Frew Up|Baxcalibur, F|100\/100\n|move|p1a: Deep Down|Scald|p2a: Mom I Frew Up\n|-resisted|p2a: Mom I Frew Up\n|-damage|p2a: Mom I Frew Up|93\/100\n|\n|upkeep\n|turn|17\n|l| Brockplazz\n|j| Brockplazz\n|\n|t:|1698888297\n|move|p2a: Mom I Frew Up|Swords Dance|p2a: Mom I Frew Up\n|-boost|p2a: Mom I Frew Up|atk|2\n|move|p1a: Deep Down|Toxic|p2a: Mom I Frew Up\n|-status|p2a: Mom I Frew Up|tox\n|\n|-damage|p2a: Mom I Frew Up|86\/100 tox|[from] psn\n|upkeep\n|turn|18\n|\n|t:|1698888324\n|move|p2a: Mom I Frew Up|Scale Shot|p1a: Deep Down\n|-damage|p1a: Deep Down|62\/100\n|-damage|p1a: Deep Down|39\/100\n|-damage|p1a: Deep Down|17\/100\n|-damage|p1a: Deep Down|0 fnt\n|faint|p1a: Deep Down\n|-hitcount|p1: Deep Down|4\n|-unboost|p2a: Mom I Frew Up|def|1\n|-boost|p2a: Mom I Frew Up|spe|1\n|\n|-damage|p2a: Mom I Frew Up|74\/100 tox|[from] psn\n|upkeep\n|\n|t:|1698888348\n|switch|p1a: Steel Haze|Aerodactyl, F, shiny|100\/100\n|-ability|p1a: Steel Haze|Pressure\n|turn|19\n|\n|t:|1698888419\n|switch|p1a: 621|Dachsbun, F, shiny|93\/100\n|switch|p2a: Murder Barbie|Diancie-Mega, shiny|100\/100\n|\n|-heal|p1a: 621|99\/100|[from] item: Leftovers\n|upkeep\n|turn|20\n|\n|t:|1698888456\n|move|p2a: Murder Barbie|Moonblast|p1a: 621\n|-damage|p1a: 621|52\/100\n|move|p1a: 621|Wish|p1a: 621\n|\n|-heal|p1a: 621|58\/100|[from] item: Leftovers\n|upkeep\n|turn|21\n|l| Brockplazz\n|j| Brockplazz\n|l| Brockplazz\n|\n|t:|1698888511\n|move|p2a: Murder Barbie|Moonblast|p1a: 621\n|-damage|p1a: 621|16\/100\n|move|p1a: 621|Body Press|p2a: Murder Barbie\n|-damage|p2a: Murder Barbie|83\/100\n|\n|-heal|p1a: 621|66\/100|[from] move: Wish|[wisher] 621\n|-heal|p1a: 621|72\/100|[from] item: Leftovers\n|upkeep\n|turn|22\n|j| Brockplazz\n|\n|t:|1698888542\n|move|p2a: Murder Barbie|Draining Kiss|p1a: 621\n|-damage|p1a: 621|46\/100\n|-heal|p2a: Murder Barbie|100\/100|[from] drain|[of] p1a: 621\n|move|p1a: 621|Wish|p1a: 621\n|\n|-heal|p1a: 621|52\/100|[from] item: Leftovers\n|upkeep\n|turn|23\n|\n|t:|1698888550\n|switch|p1a: Liger Tail|Ferrothorn, M, shiny|82\/100\n|move|p2a: Murder Barbie|Moonblast|p1a: Liger Tail\n|-resisted|p1a: Liger Tail\n|-damage|p1a: Liger Tail|72\/100\n|\n|-heal|p1a: Liger Tail|100\/100|[from] move: Wish|[wisher] 621\n|upkeep\n|turn|24\n|\n|t:|1698888603\n|switch|p2a: Tornadus|Tornadus-Therian, M, shiny|100\/100\n|move|p1a: Liger Tail|Knock Off|p2a: Tornadus\n|-damage|p2a: Tornadus|72\/100\n|-enditem|p2a: Tornadus|Choice Specs|[from] move: Knock Off|[of] p1a: Liger Tail\n|\n|upkeep\n|turn|25\n|\n|t:|1698888633\n|switch|p1a: Cannon Head|Flygon, F|8\/100\n|move|p2a: Tornadus|Bleakwind Storm|p1a: Cannon Head\n|-damage|p1a: Cannon Head|0 fnt\n|faint|p1a: Cannon Head\n|\n|upkeep\n|\n|t:|1698888645\n|switch|p1a: Steel Haze|Aerodactyl, F, shiny|100\/100\n|-ability|p1a: Steel Haze|Pressure\n|turn|26\n|\n|t:|1698888732\n|switch|p2a: Mom I Frew Up|Baxcalibur, F|74\/100 tox\n|detailschange|p1a: Steel Haze|Aerodactyl-Mega, F, shiny\n|-mega|p1a: Steel Haze|Aerodactyl|Aerodactylite\n|move|p1a: Steel Haze|Iron Head|p2a: Mom I Frew Up\n|-supereffective|p2a: Mom I Frew Up\n|-damage|p2a: Mom I Frew Up|11\/100 tox\n|\n|-damage|p2a: Mom I Frew Up|5\/100 tox|[from] psn\n|upkeep\n|turn|27\n|l| Brockplazz\n|j| Brockplazz\n|\n|t:|1698888770\n|move|p1a: Steel Haze|Iron Head|p2a: Mom I Frew Up\n|-supereffective|p2a: Mom I Frew Up\n|-damage|p2a: Mom I Frew Up|0 fnt\n|faint|p2a: Mom I Frew Up\n|\n|upkeep\n|l| Brockplazz\n|\n|t:|1698888804\n|switch|p2a: Murder Barbie|Diancie-Mega, shiny|100\/100\n|turn|28\n|j| Brockplazz\n|\n|t:|1698888817\n|move|p1a: Steel Haze|Iron Head|p2a: Murder Barbie\n|-supereffective|p2a: Murder Barbie\n|-damage|p2a: Murder Barbie|0 fnt\n|faint|p2a: Murder Barbie\n|\n|upkeep\n|c|\u2606noboyzone|bro oh my god that was so unlucky\n|c|\u2606noboyzone|she was fully invested in defense it was a 20% chance to KO\n|\n|t:|1698888870\n|switch|p2a: Dat Dawg|Arcanine, M|82\/100\n|-ability|p2a: Dat Dawg|Intimidate|boost\n|-unboost|p1a: Steel Haze|atk|1\n|turn|29\n|l| Brockplazz\n|\n|t:|1698888882\n|switch|p2a: Tornadus|Tornadus-Therian, M, shiny|100\/100\n|move|p1a: Steel Haze|Stone Edge|p2a: Tornadus|[miss]\n|-miss|p1a: Steel Haze|p2a: Tornadus\n|\n|upkeep\n|turn|30\n|j| Brockplazz\n|\n|t:|1698888949\n|switch|p1a: Liger Tail|Ferrothorn, M, shiny|100\/100\n|switch|p2a: Dat Dawg|Arcanine, M|82\/100\n|-ability|p2a: Dat Dawg|Intimidate|boost\n|-unboost|p1a: Liger Tail|atk|1\n|\n|upkeep\n|turn|31\n|\n|t:|1698888981\n|move|p2a: Dat Dawg|Wild Charge|p1a: Liger Tail\n|-resisted|p1a: Liger Tail\n|-damage|p1a: Liger Tail|90\/100\n|-damage|p2a: Dat Dawg|70\/100|[from] ability: Iron Barbs|[of] p1a: Liger Tail\n|-damage|p2a: Dat Dawg|67\/100|[from] Recoil\n|move|p1a: Liger Tail|Explosion|p2a: Dat Dawg\n|-damage|p2a: Dat Dawg|31\/100\n|faint|p1a: Liger Tail\n|\n|upkeep\n|\n|t:|1698888998\n|switch|p1a: Steel Haze|Aerodactyl-Mega, F, shiny|100\/100\n|turn|32\n|\n|t:|1698889011\n|switch|p2a: Tornadus|Tornadus-Therian, M, shiny|100\/100\n|move|p1a: Steel Haze|Stone Edge|p2a: Tornadus|[miss]\n|-miss|p1a: Steel Haze|p2a: Tornadus\n|\n|upkeep\n|turn|33\n|\n|t:|1698889022\n|switch|p2a: Dat Dawg|Arcanine, M|31\/100\n|-ability|p2a: Dat Dawg|Intimidate|boost\n|-unboost|p1a: Steel Haze|atk|1\n|move|p1a: Steel Haze|Stone Edge|p2a: Dat Dawg\n|-supereffective|p2a: Dat Dawg\n|-damage|p2a: Dat Dawg|0 fnt\n|faint|p2a: Dat Dawg\n|\n|upkeep\n|\n|t:|1698889030\n|switch|p2a: Tornadus|Tornadus-Therian, M, shiny|100\/100\n|turn|34\n|c|\u2606noboyzone|pretty sure this is gg\n|\n|t:|1698889060\n|switch|p1a: 621|Dachsbun, F, shiny|52\/100\n|move|p2a: Tornadus|Hidden Power|p1a: 621\n|-damage|p1a: 621|37\/100\n|\n|-heal|p1a: 621|43\/100|[from] item: Leftovers\n|upkeep\n|turn|35\n|\n|t:|1698889073\n|move|p2a: Tornadus|Bleakwind Storm|p1a: 621\n|-damage|p1a: 621|4\/100\n|-unboost|p1a: 621|spe|1\n|move|p1a: 621|Yawn|p2a: Tornadus\n|-start|p2a: Tornadus|move: Yawn|[of] p1a: 621\n|\n|-heal|p1a: 621|10\/100|[from] item: Leftovers\n|upkeep\n|turn|36\n|c|\u2606noboyzone|thats just cruel\n|\n|t:|1698889105\n|move|p2a: Tornadus|Hidden Power|p1a: 621\n|-damage|p1a: 621|0 fnt\n|faint|p1a: 621\n|\n|-end|p2a: Tornadus|move: Yawn|[silent]\n|-status|p2a: Tornadus|slp\n|upkeep\n|\n|t:|1698889107\n|switch|p1a: Steel Haze|Aerodactyl-Mega, F, shiny|100\/100\n|turn|37\n|\n|t:|1698889125\n|move|p1a: Steel Haze|Stone Edge|p2a: Tornadus\n|-supereffective|p2a: Tornadus\n|-crit|p2a: Tornadus\n|-damage|p2a: Tornadus|0 fnt\n|faint|p2a: Tornadus\n|\n|win|plusonedex\n|c|\u2606noboyzone|gg\n|c|\u2606plusonedex|ggs that was crazy\n|c| Brockplazz|Woah gamers\n|c| Brockplazz|holy hell that was tight af\n|l| Brockplazz\n|c|\u2606noboyzone|that was the most intense battle of my life lol\n|l| C-Rad1\n","uploadtime":1698889170,"views":12,"p1id":"plusonedex","p2id":"noboyzone","formatid":"gen9nationaldexubers","rating":0,"private":0,"password":""}