{"id":"gen9nationaldexubers-1977868097","p1":"zoroarkstoleurdrip","p2":"Tres bien boris","format":"[Gen 9] National Dex Ubers","log":"|j|\u2606zoroarkstoleurdrip\n|j|\u203dTres bien boris\n|t:|1698459524\n|gametype|singles\n|player|p1|zoroarkstoleurdrip|red|1000\n|player|p2|Tres bien boris|lucas|1000\n|teamsize|p1|6\n|teamsize|p2|6\n|gen|9\n|tier|[Gen 9] National Dex Ubers\n|rated|\n|rule|HP Percentage Mod: HP is shown in percentages\n|rule|Endless Battle Clause: Forcing endless battles is banned\n|rule|OHKO Clause: OHKO moves are banned\n|rule|Evasion Moves Clause: Evasion moves are banned\n|rule|Evasion Items Clause: Evasion items are banned\n|rule|Species Clause: Limit one of each Pok\u00e9mon\n|rule|Sleep Clause Mod: Limit one foe put to sleep\n|rule|Mega Rayquaza Clause: You cannot mega evolve Rayquaza\n|clearpoke\n|poke|p1|Incineroar, M|\n|poke|p1|Snorlax, F|\n|poke|p1|Zoroark-Hisui, M|\n|poke|p1|Regieleki|\n|poke|p1|Lucario, M|\n|poke|p1|Sceptile, M|\n|poke|p2|Infernape, M|\n|poke|p2|Roserade, F|\n|poke|p2|Gyarados, M|\n|poke|p2|Gliscor, M|\n|poke|p2|Bastiodon, M|\n|poke|p2|Giratina-Origin|\n|teampreview\n|\n|t:|1698459531\n|start\n|switch|p1a: Regieleki|Regieleki|100\/100\n|switch|p2a: Bastiodon|Bastiodon, M, shiny|100\/100\n|-item|p1a: Regieleki|Air Balloon\n|turn|1\n|\n|t:|1698459540\n|move|p1a: Regieleki|Light Screen|p1a: Regieleki\n|-sidestart|p1: zoroarkstoleurdrip|move: Light Screen\n|move|p2a: Bastiodon|Toxic|p1a: Regieleki\n|-status|p1a: Regieleki|tox\n|\n|-damage|p1a: Regieleki|94\/100 tox|[from] psn\n|upkeep\n|turn|2\n|\n|t:|1698459546\n|move|p1a: Regieleki|Thunder Cage|p2a: Bastiodon\n|-damage|p2a: Bastiodon|70\/100\n|-activate|p2a: Bastiodon|move: Thunder Cage|[of] p1a: Regieleki\n|move|p2a: Bastiodon|Stealth Rock|p1a: Regieleki\n|-sidestart|p1: zoroarkstoleurdrip|move: Stealth Rock\n|\n|-heal|p2a: Bastiodon|76\/100|[from] item: Leftovers\n|-damage|p1a: Regieleki|82\/100 tox|[from] psn\n|-damage|p2a: Bastiodon|64\/100|[from] move: Thunder Cage|[partiallytrapped]\n|upkeep\n|turn|3\n|\n|t:|1698459557\n|move|p2a: Bastiodon|Protect|p2a: Bastiodon\n|-singleturn|p2a: Bastiodon|Protect\n|move|p1a: Regieleki|Thunder Cage|p2a: Bastiodon\n|-activate|p2a: Bastiodon|move: Protect\n|\n|-heal|p2a: Bastiodon|70\/100|[from] item: Leftovers\n|-damage|p1a: Regieleki|64\/100 tox|[from] psn\n|-damage|p2a: Bastiodon|58\/100|[from] move: Thunder Cage|[partiallytrapped]\n|upkeep\n|turn|4\n|\n|t:|1698459566\n|move|p1a: Regieleki|Thunder Cage|p2a: Bastiodon\n|-damage|p2a: Bastiodon|30\/100\n|move|p2a: Bastiodon|Rock Blast|p1a: Regieleki\n|-damage|p1a: Regieleki|56\/100 tox\n|-enditem|p1a: Regieleki|Air Balloon\n|-damage|p1a: Regieleki|48\/100 tox\n|-hitcount|p1a: Regieleki|2\n|\n|-heal|p2a: Bastiodon|36\/100|[from] item: Leftovers\n|-damage|p1a: Regieleki|24\/100 tox|[from] psn\n|-damage|p2a: Bastiodon|23\/100|[from] move: Thunder Cage|[partiallytrapped]\n|upkeep\n|turn|5\n|\n|t:|1698459578\n|move|p2a: Bastiodon|Protect|p2a: Bastiodon\n|-singleturn|p2a: Bastiodon|Protect\n|move|p1a: Regieleki|Thunder Cage|p2a: Bastiodon\n|-activate|p2a: Bastiodon|move: Protect\n|\n|-heal|p2a: Bastiodon|30\/100|[from] item: Leftovers\n|-damage|p1a: Regieleki|0 fnt|[from] psn\n|faint|p1a: Regieleki\n|-end|p2a: Bastiodon|Thunder Cage|[partiallytrapped]|[silent]\n|-sideend|p1: zoroarkstoleurdrip|move: Light Screen\n|upkeep\n|\n|t:|1698459588\n|switch|p1a: Sceptile|Sceptile, M|100\/100\n|-damage|p1a: Sceptile|88\/100|[from] Stealth Rock\n|turn|6\n|\n|t:|1698459595\n|detailschange|p1a: Sceptile|Sceptile-Mega, M\n|-mega|p1a: Sceptile|Sceptile|Sceptilite\n|move|p1a: Sceptile|Giga Drain|p2a: Bastiodon\n|-damage|p2a: Bastiodon|0 fnt\n|-heal|p1a: Sceptile|100\/100|[from] drain|[of] p2a: Bastiodon\n|faint|p2a: Bastiodon\n|\n|upkeep\n|\n|t:|1698459599\n|switch|p2a: Gyarados|Gyarados, M, shiny|100\/100\n|-ability|p2a: Gyarados|Intimidate|boost\n|-unboost|p1a: Sceptile|atk|1\n|turn|7\n|\n|t:|1698459606\n|move|p1a: Sceptile|Detect|p1a: Sceptile\n|-singleturn|p1a: Sceptile|Protect\n|move|p2a: Gyarados|Ice Fang|p1a: Sceptile\n|-activate|p1a: Sceptile|move: Protect\n|\n|upkeep\n|turn|8\n|\n|t:|1698459615\n|switch|p1a: Snorlax|Snorlax, F|100\/100\n|-damage|p1a: Snorlax|88\/100|[from] Stealth Rock\n|move|p2a: Gyarados|Ice Fang|p1a: Snorlax\n|-damage|p1a: Snorlax|66\/100\n|\n|upkeep\n|turn|9\n|\n|t:|1698459622\n|switch|p2a: Infernape|Infernape, M, shiny|100\/100\n|move|p1a: Snorlax|Body Slam|p2a: Infernape\n|-damage|p2a: Infernape|23\/100\n|\n|upkeep\n|turn|10\n|\n|t:|1698459629\n|move|p2a: Infernape|Close Combat|p1a: Snorlax\n|-supereffective|p1a: Snorlax\n|-damage|p1a: Snorlax|0 fnt\n|-unboost|p2a: Infernape|def|1\n|-unboost|p2a: Infernape|spd|1\n|faint|p1a: Snorlax\n|\n|upkeep\n|\n|t:|1698459636\n|switch|p1a: Lucario|Lucario, M|100\/100\n|-damage|p1a: Lucario|88\/100|[from] Stealth Rock\n|turn|11\n|\n|t:|1698459642\n|move|p2a: Infernape|Mach Punch|p1a: Lucario\n|-immune|p1a: Lucario\n|move|p1a: Lucario|Extrasensory|p2a: Infernape\n|-supereffective|p2a: Infernape\n|-damage|p2a: Infernape|0 fnt\n|faint|p2a: Infernape\n|\n|upkeep\n|\n|t:|1698459649\n|switch|p2a: Gliscor|Gliscor, M, shiny|100\/100\n|turn|12\n|\n|t:|1698459654\n|move|p1a: Lucario|Bitter Malice|p2a: Gliscor\n|-damage|p2a: Gliscor|54\/100\n|move|p2a: Gliscor|Earthquake|p1a: Lucario\n|-damage|p1a: Lucario|0 fnt\n|replace|p1a: Zoroark|Zoroark-Hisui, M\n|-end|p1a: Zoroark|Illusion\n|faint|p1a: Zoroark\n|\n|-heal|p2a: Gliscor|60\/100|[from] item: Leftovers\n|upkeep\n|\n|t:|1698459665\n|switch|p1a: Sceptile|Sceptile-Mega, M|100\/100\n|-damage|p1a: Sceptile|88\/100|[from] Stealth Rock\n|turn|13\n|\n|t:|1698459670\n|move|p1a: Sceptile|Giga Drain|p2a: Gliscor\n|-damage|p2a: Gliscor|8\/100\n|-heal|p1a: Sceptile|100\/100|[from] drain|[of] p2a: Gliscor\n|move|p2a: Gliscor|Return|p1a: Sceptile\n|-damage|p1a: Sceptile|53\/100\n|\n|-heal|p2a: Gliscor|14\/100|[from] item: Leftovers\n|upkeep\n|turn|14\n|\n|t:|1698459678\n|move|p1a: Sceptile|Giga Drain|p2a: Gliscor\n|-damage|p2a: Gliscor|0 fnt\n|-heal|p1a: Sceptile|61\/100|[from] drain|[of] p2a: Gliscor\n|faint|p2a: Gliscor\n|\n|upkeep\n|\n|t:|1698459680\n|switch|p2a: Roserade|Roserade, F, shiny|100\/100\n|turn|15\n|\n|t:|1698459684\n|move|p1a: Sceptile|Dragon Pulse|p2a: Roserade\n|-damage|p2a: Roserade|41\/100\n|move|p2a: Roserade|Spikes|p1a: Sceptile\n|-sidestart|p1: zoroarkstoleurdrip|Spikes\n|\n|upkeep\n|turn|16\n|\n|t:|1698459690\n|move|p1a: Sceptile|Dragon Pulse|p2a: Roserade\n|-damage|p2a: Roserade|0 fnt\n|faint|p2a: Roserade\n|\n|upkeep\n|\n|t:|1698459691\n|switch|p2a: Gyarados|Gyarados, M, shiny|100\/100\n|-ability|p2a: Gyarados|Intimidate|boost\n|-unboost|p1a: Sceptile|atk|1\n|turn|17\n|\n|t:|1698459697\n|move|p1a: Sceptile|Dragon Pulse|p2a: Gyarados\n|-damage|p2a: Gyarados|49\/100\n|move|p2a: Gyarados|Dragon Dance|p2a: Gyarados\n|-boost|p2a: Gyarados|atk|1\n|-boost|p2a: Gyarados|spe|1\n|\n|-heal|p2a: Gyarados|55\/100|[from] item: Leftovers\n|upkeep\n|turn|18\n|\n|t:|1698459704\n|move|p1a: Sceptile|Dragon Pulse|p2a: Gyarados\n|-damage|p2a: Gyarados|4\/100\n|move|p2a: Gyarados|Ice Fang|p1a: Sceptile\n|-supereffective|p1a: Sceptile\n|-damage|p1a: Sceptile|0 fnt\n|faint|p1a: Sceptile\n|\n|-heal|p2a: Gyarados|10\/100|[from] item: Leftovers\n|upkeep\n|\n|t:|1698459713\n|switch|p1a: Lucario|Lucario, M|100\/100\n|-damage|p1a: Lucario|98\/100|[from] Stealth Rock\n|-damage|p1a: Lucario|85\/100|[from] Spikes\n|turn|19\n|\n|t:|1698459718\n|move|p1a: Lucario|Extreme Speed|p2a: Gyarados\n|-damage|p2a: Gyarados|0 fnt\n|faint|p2a: Gyarados\n|\n|upkeep\n|\n|t:|1698459719\n|switch|p2a: Giratina|Giratina-Origin, shiny|100\/100\n|turn|20\n|\n|t:|1698459727\n|move|p1a: Lucario|Blaze Kick|p2a: Giratina\n|-resisted|p2a: Giratina\n|-damage|p2a: Giratina|91\/100\n|move|p2a: Giratina|Calm Mind|p2a: Giratina\n|-boost|p2a: Giratina|spa|1\n|-boost|p2a: Giratina|spd|1\n|\n|upkeep\n|turn|21\n|\n|t:|1698459738\n|move|p1a: Lucario|Blaze Kick|p2a: Giratina\n|-resisted|p2a: Giratina\n|-damage|p2a: Giratina|82\/100\n|move|p2a: Giratina|Calm Mind|p2a: Giratina\n|-boost|p2a: Giratina|spa|1\n|-boost|p2a: Giratina|spd|1\n|\n|upkeep\n|turn|22\n|\n|t:|1698459744\n|move|p1a: Lucario|Blaze Kick|p2a: Giratina\n|-resisted|p2a: Giratina\n|-damage|p2a: Giratina|73\/100\n|move|p2a: Giratina|Calm Mind|p2a: Giratina\n|-boost|p2a: Giratina|spa|1\n|-boost|p2a: Giratina|spd|1\n|\n|upkeep\n|turn|23\n|\n|t:|1698459750\n|move|p1a: Lucario|Blaze Kick|p2a: Giratina\n|-resisted|p2a: Giratina\n|-damage|p2a: Giratina|63\/100\n|move|p2a: Giratina|Shadow Ball|p1a: Lucario\n|-damage|p1a: Lucario|0 fnt\n|faint|p1a: Lucario\n|\n|upkeep\n|\n|t:|1698459756\n|switch|p1a: Incineroar|Incineroar, M|100\/100\n|-damage|p1a: Incineroar|76\/100|[from] Stealth Rock\n|-damage|p1a: Incineroar|63\/100|[from] Spikes\n|-ability|p1a: Incineroar|Intimidate|boost\n|-unboost|p2a: Giratina|atk|1\n|turn|24\n|\n|t:|1698459764\n|move|p2a: Giratina|Dragon Pulse|p1a: Incineroar\n|-damage|p1a: Incineroar|0 fnt\n|faint|p1a: Incineroar\n|\n|win|Tres bien boris\n|raw|zoroarkstoleurdrip's rating: 1000 &rarr; <strong>1000<\/strong><br \/>(+0 for losing)\n|raw|Tres bien boris's rating: 1000 &rarr; <strong>1040<\/strong><br \/>(+40 for winning)\n","uploadtime":1698459770,"views":7,"p1id":"zoroarkstoleurdrip","p2id":"tresbienboris","formatid":"gen9nationaldexubers","rating":1000,"private":0,"password":""}