{"id":"gen9nationaldexubers-1990914431","p1":"Brmo1031","p2":"Goomba33000","format":"[Gen 9] National Dex Ubers","log":"|j|\u2606Brmo1031\n|j|\u2606Goomba33000\n|t:|1700014580\n|gametype|singles\n|player|p1|Brmo1031|1|1095\n|player|p2|Goomba33000|lucas|1071\n|teamsize|p1|6\n|teamsize|p2|6\n|gen|9\n|tier|[Gen 9] National Dex Ubers\n|rated|\n|rule|HP Percentage Mod: HP is shown in percentages\n|rule|Endless Battle Clause: Forcing endless battles is banned\n|rule|OHKO Clause: OHKO moves are banned\n|rule|Evasion Moves Clause: Evasion moves are banned\n|rule|Evasion Items Clause: Evasion items are banned\n|rule|Species Clause: Limit one of each Pok\u00e9mon\n|rule|Sleep Clause Mod: Limit one foe put to sleep\n|rule|Mega Rayquaza Clause: You cannot mega evolve Rayquaza\n|clearpoke\n|poke|p1|Sylveon, F|\n|poke|p1|Sandy Shocks|\n|poke|p1|Dracovish|\n|poke|p1|Ogerpon-Hearthflame, F|\n|poke|p1|Great Tusk|\n|poke|p1|Victini|\n|poke|p2|Dragalge, F|\n|poke|p2|Forretress, M|\n|poke|p2|Banette, F|\n|poke|p2|Galvantula, M|\n|poke|p2|Gholdengo|\n|poke|p2|Kingambit, M|\n|teampreview\n|inactive|Battle timer is ON: inactive players will automatically lose when time's up. (requested by Goomba33000)\n|\n|t:|1700014587\n|start\n|switch|p1a: Victini|Victini|100\/100\n|switch|p2a: Galvantula|Galvantula, M, shiny|100\/100\n|turn|1\n|\n|t:|1700014593\n|move|p2a: Galvantula|Sticky Web|p1a: Victini\n|-sidestart|p1: Brmo1031|move: Sticky Web\n|move|p1a: Victini|Trick|p2a: Galvantula\n|-activate|p1a: Victini|move: Trick|[of] p2a: Galvantula\n|-item|p2a: Galvantula|Toxic Orb|[from] move: Trick\n|-item|p1a: Victini|Focus Sash|[from] move: Trick\n|\n|-status|p2a: Galvantula|tox|[from] item: Toxic Orb\n|upkeep\n|turn|2\n|\n|t:|1700014601\n|move|p2a: Galvantula|Thunder|p1a: Victini\n|-damage|p1a: Victini|55\/100\n|move|p1a: Victini|V-create|p2a: Galvantula\n|-supereffective|p2a: Galvantula\n|-damage|p2a: Galvantula|0 fnt\n|-unboost|p1a: Victini|spe|1\n|-unboost|p1a: Victini|def|1\n|-unboost|p1a: Victini|spd|1\n|faint|p2a: Galvantula\n|\n|upkeep\n|\n|t:|1700014613\n|switch|p2a: Forretress|Forretress, M, shiny|100\/100\n|turn|3\n|\n|t:|1700014616\n|move|p1a: Victini|V-create|p2a: Forretress\n|-supereffective|p2a: Forretress\n|-ability|p2a: Forretress|Sturdy\n|-damage|p2a: Forretress|1\/100\n|-unboost|p1a: Victini|spe|1\n|-unboost|p1a: Victini|def|1\n|-unboost|p1a: Victini|spd|1\n|move|p2a: Forretress|Spikes|p1a: Victini\n|-sidestart|p1: Brmo1031|Spikes\n|\n|-heal|p2a: Forretress|7\/100|[from] item: Leftovers\n|upkeep\n|turn|4\n|\n|t:|1700014628\n|move|p1a: Victini|Zen Headbutt|p2a: Forretress\n|-resisted|p2a: Forretress\n|-damage|p2a: Forretress|0 fnt\n|faint|p2a: Forretress\n|\n|upkeep\n|\n|t:|1700014636\n|switch|p2a: Banette|Banette, F|100\/100\n|-item|p1a: Victini|Focus Sash|[from] ability: Frisk|[of] p2a: Banette|[identify]\n|turn|5\n|\n|t:|1700014639\n|detailschange|p2a: Banette|Banette-Mega, F\n|-mega|p2a: Banette|Banette|Banettite\n|move|p2a: Banette|Poltergeist|p1a: Victini\n|-activate|p1a: Victini|move: Poltergeist|Focus Sash\n|-supereffective|p1a: Victini\n|-damage|p1a: Victini|0 fnt\n|faint|p1a: Victini\n|\n|upkeep\n|\n|t:|1700014645\n|switch|p1a: Sylveon|Sylveon, F|100\/100\n|-activate|p1a: Sylveon|move: Sticky Web\n|-unboost|p1a: Sylveon|spe|1\n|-damage|p1a: Sylveon|88\/100|[from] Spikes\n|turn|6\n|\n|t:|1700014648\n|move|p2a: Banette|Gunk Shot|p1a: Sylveon\n|-supereffective|p1a: Sylveon\n|-damage|p1a: Sylveon|0 fnt\n|faint|p1a: Sylveon\n|\n|upkeep\n|\n|t:|1700014659\n|switch|p1a: Sandy Shocks|Sandy Shocks|100\/100\n|-activate|p1a: Sandy Shocks|move: Sticky Web\n|-unboost|p1a: Sandy Shocks|spe|1\n|-damage|p1a: Sandy Shocks|88\/100|[from] Spikes\n|turn|7\n|\n|t:|1700014663\n|move|p2a: Banette|Poltergeist|p1a: Sandy Shocks\n|-activate|p1a: Sandy Shocks|move: Poltergeist|Assault Vest\n|-damage|p1a: Sandy Shocks|4\/100\n|move|p1a: Sandy Shocks|Discharge|p2a: Banette\n|-damage|p2a: Banette|40\/100\n|\n|upkeep\n|turn|8\n|\n|t:|1700014671\n|move|p2a: Banette|Shadow Sneak|p1a: Sandy Shocks\n|-damage|p1a: Sandy Shocks|0 fnt\n|faint|p1a: Sandy Shocks\n|-end|p1a: Sandy Shocks|Protosynthesis|[silent]\n|\n|upkeep\n|\n|t:|1700014683\n|switch|p1a: Great Tusk|Great Tusk|100\/100\n|-activate|p1a: Great Tusk|move: Sticky Web\n|-unboost|p1a: Great Tusk|spe|1\n|-damage|p1a: Great Tusk|88\/100|[from] Spikes\n|-enditem|p1a: Great Tusk|Booster Energy\n|-activate|p1a: Great Tusk|ability: Protosynthesis|[fromitem]\n|-start|p1a: Great Tusk|protosynthesisatk\n|turn|9\n|\n|t:|1700014692\n|switch|p2a: Dragalge|Dragalge, F, shiny|100\/100\n|move|p1a: Great Tusk|Headlong Rush|p2a: Dragalge\n|-supereffective|p2a: Dragalge\n|-crit|p2a: Dragalge\n|-damage|p2a: Dragalge|0 fnt\n|-unboost|p1a: Great Tusk|def|1\n|-unboost|p1a: Great Tusk|spd|1\n|faint|p2a: Dragalge\n|\n|upkeep\n|\n|t:|1700014697\n|switch|p2a: Gholdengo|Gholdengo|100\/100\n|turn|10\n|\n|t:|1700014700\n|move|p2a: Gholdengo|Shadow Ball|p1a: Great Tusk\n|-damage|p1a: Great Tusk|8\/100\n|move|p1a: Great Tusk|Headlong Rush|p2a: Gholdengo\n|-supereffective|p2a: Gholdengo\n|-damage|p2a: Gholdengo|0 fnt\n|-unboost|p1a: Great Tusk|def|1\n|-unboost|p1a: Great Tusk|spd|1\n|faint|p2a: Gholdengo\n|\n|upkeep\n|\n|t:|1700014704\n|switch|p2a: Banette|Banette-Mega, F|40\/100\n|turn|11\n|\n|t:|1700014706\n|move|p2a: Banette|Shadow Sneak|p1a: Great Tusk\n|-damage|p1a: Great Tusk|0 fnt\n|faint|p1a: Great Tusk\n|-end|p1a: Great Tusk|Protosynthesis|[silent]\n|\n|upkeep\n|\n|t:|1700014712\n|switch|p1a: Dracovish|Dracovish|100\/100\n|-activate|p1a: Dracovish|move: Sticky Web\n|-unboost|p1a: Dracovish|spe|1\n|-damage|p1a: Dracovish|88\/100|[from] Spikes\n|turn|12\n|\n|t:|1700014716\n|move|p2a: Banette|Poltergeist|p1a: Dracovish\n|-activate|p1a: Dracovish|move: Poltergeist|Choice Band\n|-damage|p1a: Dracovish|12\/100\n|move|p1a: Dracovish|Earthquake|p2a: Banette\n|-damage|p2a: Banette|0 fnt\n|faint|p2a: Banette\n|\n|upkeep\n|\n|t:|1700014720\n|switch|p2a: Kingambit|Kingambit, M|100\/100\n|-activate|p2a: Kingambit|ability: Supreme Overlord\n|-start|p2a: Kingambit|fallen5|[silent]\n|turn|13\n|\n|t:|1700014725\n|-terastallize|p2a: Kingambit|Flying\n|move|p1a: Dracovish|Earthquake|p2a: Kingambit\n|-immune|p2a: Kingambit\n|move|p2a: Kingambit|Swords Dance|p2a: Kingambit\n|-boost|p2a: Kingambit|atk|2\n|\n|upkeep\n|turn|14\n|\n|t:|1700014734\n|move|p1a: Dracovish|Earthquake|p2a: Kingambit\n|-immune|p2a: Kingambit\n|move|p2a: Kingambit|Kowtow Cleave|p1a: Dracovish\n|-damage|p1a: Dracovish|0 fnt\n|faint|p1a: Dracovish\n|\n|upkeep\n|\n|t:|1700014746\n|switch|p1a: Ogerpon|Ogerpon-Hearthflame, F|100\/100\n|-activate|p1a: Ogerpon|move: Sticky Web\n|-unboost|p1a: Ogerpon|spe|1\n|-damage|p1a: Ogerpon|88\/100|[from] Spikes\n|-ability|p1a: Ogerpon|Mold Breaker\n|turn|15\n|\n|t:|1700014751\n|-terastallize|p1a: Ogerpon|Fire\n|detailschange|p1a: Ogerpon|Ogerpon-Hearthflame-Tera, F, tera:Fire\n|-ability|p1a: Ogerpon|Embody Aspect (Hearthflame)|boost\n|-boost|p1a: Ogerpon|atk|1\n|move|p1a: Ogerpon|Ivy Cudgel|p2a: Kingambit|[anim] Ivy Cudgel Fire\n|-damage|p2a: Kingambit|11\/100\n|move|p2a: Kingambit|Kowtow Cleave|p1a: Ogerpon\n|-damage|p1a: Ogerpon|0 fnt\n|faint|p1a: Ogerpon\n|\n|win|Goomba33000\n|raw|Brmo1031's rating: 1095 &rarr; <strong>1069<\/strong><br \/>(-26 for losing)\n|raw|Goomba33000's rating: 1071 &rarr; <strong>1102<\/strong><br \/>(+31 for winning)\n","uploadtime":1700014765,"views":7,"p1id":"brmo1031","p2id":"goomba33000","formatid":"gen9nationaldexubers","rating":1069,"private":0,"password":""}