{"id":"gen9nationaldexubers-1990043665","p1":"TheShinyBisharp360","p2":"AceTheInadequate","format":"[Gen 9] National Dex Ubers","log":"|j|\u2606TheShinyBisharp360\n|j|\u2606AceTheInadequate\n|t:|1699918481\n|gametype|singles\n|player|p1|TheShinyBisharp360|lucas|\n|player|p2|AceTheInadequate|guitarist|\n|teamsize|p1|6\n|teamsize|p2|6\n|gen|9\n|tier|[Gen 9] National Dex Ubers\n|rule|HP Percentage Mod: HP is shown in percentages\n|rule|Endless Battle Clause: Forcing endless battles is banned\n|rule|OHKO Clause: OHKO moves are banned\n|rule|Evasion Moves Clause: Evasion moves are banned\n|rule|Evasion Items Clause: Evasion items are banned\n|rule|Species Clause: Limit one of each Pok\u00e9mon\n|rule|Sleep Clause Mod: Limit one foe put to sleep\n|rule|Mega Rayquaza Clause: You cannot mega evolve Rayquaza\n|clearpoke\n|poke|p1|Baxcalibur, F|\n|poke|p1|Darmanitan-Galar, F|\n|poke|p1|Iron Bundle|\n|poke|p1|Mamoswine, M|\n|poke|p1|Avalugg-Hisui, F|\n|poke|p1|Ninetales-Alola, M|\n|poke|p2|Volcarona, M|\n|poke|p2|Scizor, F|\n|poke|p2|Slither Wing|\n|poke|p2|Araquanid, M|\n|poke|p2|Ribombee, F|\n|poke|p2|Galvantula, M|\n|teampreview\n|\n|t:|1699918491\n|start\n|switch|p1a: Jolly Giant|Darmanitan-Galar, F, shiny|100\/100\n|switch|p2a: Apollo|Araquanid, M|100\/100\n|turn|1\n|\n|t:|1699918501\n|move|p1a: Jolly Giant|Power-Up Punch|p2a: Apollo\n|-resisted|p2a: Apollo\n|-damage|p2a: Apollo|93\/100\n|-boost|p1a: Jolly Giant|atk|1\n|move|p2a: Apollo|Toxic|p1a: Jolly Giant\n|-status|p1a: Jolly Giant|tox\n|\n|-damage|p1a: Jolly Giant|95\/100 tox|[from] psn\n|upkeep\n|turn|2\n|\n|t:|1699918512\n|move|p1a: Jolly Giant|Power-Up Punch|p2a: Apollo\n|-resisted|p2a: Apollo\n|-damage|p2a: Apollo|80\/100\n|-boost|p1a: Jolly Giant|atk|1\n|move|p2a: Apollo|Liquidation|p1a: Jolly Giant\n|-damage|p1a: Jolly Giant|0 fnt\n|faint|p1a: Jolly Giant\n|\n|upkeep\n|\n|t:|1699918522\n|switch|p1a: Xebec|Avalugg-Hisui, F|100\/100\n|turn|3\n|\n|t:|1699918530\n|move|p2a: Apollo|Liquidation|p1a: Xebec\n|-supereffective|p1a: Xebec\n|-damage|p1a: Xebec|32\/100\n|move|p1a: Xebec|Stealth Rock|p2a: Apollo\n|-sidestart|p2: AceTheInadequate|move: Stealth Rock\n|\n|-heal|p1a: Xebec|38\/100|[from] item: Leftovers\n|upkeep\n|turn|4\n|\n|t:|1699918540\n|move|p2a: Apollo|Liquidation|p1a: Xebec\n|-supereffective|p1a: Xebec\n|-damage|p1a: Xebec|0 fnt\n|faint|p1a: Xebec\n|\n|upkeep\n|\n|t:|1699918551\n|switch|p1a: Peppa|Mamoswine, M, shiny|100\/100\n|turn|5\n|\n|t:|1699918556\n|-terastallize|p1a: Peppa|Grass\n|move|p1a: Peppa|Trailblaze|p2a: Apollo\n|-damage|p2a: Apollo|45\/100\n|-boost|p1a: Peppa|spe|1\n|-enditem|p2a: Apollo|Sitrus Berry|[eat]\n|-heal|p2a: Apollo|70\/100|[from] item: Sitrus Berry\n|move|p2a: Apollo|Liquidation|p1a: Peppa\n|-resisted|p1a: Peppa\n|-damage|p1a: Peppa|62\/100\n|\n|upkeep\n|turn|6\n|\n|t:|1699918575\n|move|p1a: Peppa|Rock Blast|p2a: Apollo|[miss]\n|-miss|p1a: Peppa|p2a: Apollo\n|move|p2a: Apollo|Leech Life|p1a: Peppa\n|-supereffective|p1a: Peppa\n|-damage|p1a: Peppa|0 fnt\n|-heal|p2a: Apollo|100\/100|[from] drain|[of] p1a: Peppa\n|faint|p1a: Peppa\n|\n|upkeep\n|\n|t:|1699918587\n|switch|p1a: Godzilla|Baxcalibur, F, shiny|100\/100\n|turn|7\n|\n|t:|1699918592\n|move|p1a: Godzilla|Dragon Dance|p1a: Godzilla\n|-boost|p1a: Godzilla|atk|1\n|-boost|p1a: Godzilla|spe|1\n|move|p2a: Apollo|Toxic|p1a: Godzilla\n|-status|p1a: Godzilla|tox\n|\n|-damage|p1a: Godzilla|94\/100 tox|[from] psn\n|upkeep\n|turn|8\n|\n|t:|1699918600\n|move|p1a: Godzilla|Dragon Dance|p1a: Godzilla\n|-boost|p1a: Godzilla|atk|1\n|-boost|p1a: Godzilla|spe|1\n|move|p2a: Apollo|Liquidation|p1a: Godzilla\n|-resisted|p1a: Godzilla\n|-damage|p1a: Godzilla|64\/100 tox\n|\n|-damage|p1a: Godzilla|51\/100 tox|[from] psn\n|upkeep\n|turn|9\n|\n|t:|1699918613\n|move|p1a: Godzilla|Dragon Claw|p2a: Apollo\n|-damage|p2a: Apollo|0 fnt\n|faint|p2a: Apollo\n|\n|-damage|p1a: Godzilla|33\/100 tox|[from] psn\n|upkeep\n|\n|t:|1699918616\n|switch|p2a: McQueen|Scizor, F|100\/100\n|-damage|p2a: McQueen|88\/100|[from] Stealth Rock\n|turn|10\n|\n|t:|1699918623\n|detailschange|p2a: McQueen|Scizor-Mega, F\n|-mega|p2a: McQueen|Scizor|Scizorite\n|move|p2a: McQueen|Bullet Punch|p1a: Godzilla\n|-supereffective|p1a: Godzilla\n|-damage|p1a: Godzilla|0 fnt\n|faint|p1a: Godzilla\n|\n|upkeep\n|\n|t:|1699918633\n|switch|p1a: Brisk|Iron Bundle, shiny|100\/100\n|-enditem|p1a: Brisk|Booster Energy\n|-activate|p1a: Brisk|ability: Quark Drive|[fromitem]\n|-start|p1a: Brisk|quarkdrivespa\n|turn|11\n|\n|t:|1699918640\n|move|p1a: Brisk|Hydro Pump|p2a: McQueen\n|-damage|p2a: McQueen|13\/100\n|move|p2a: McQueen|Trailblaze|p1a: Brisk\n|-supereffective|p1a: Brisk\n|-damage|p1a: Brisk|26\/100\n|-boost|p2a: McQueen|spe|1\n|\n|upkeep\n|turn|12\n|\n|t:|1699918649\n|move|p2a: McQueen|Bullet Punch|p1a: Brisk\n|-damage|p1a: Brisk|0 fnt\n|faint|p1a: Brisk\n|-end|p1a: Brisk|Quark Drive|[silent]\n|\n|upkeep\n|\n|t:|1699918653\n|switch|p1a: Ninetales|Ninetales-Alola, M|100\/100\n|-weather|Snow|[from] ability: Snow Warning|[of] p1a: Ninetales\n|turn|13\n|\n|t:|1699918660\n|move|p2a: McQueen|Bullet Punch|p1a: Ninetales\n|-supereffective|p1a: Ninetales\n|-crit|p1a: Ninetales\n|-damage|p1a: Ninetales|0 fnt\n|faint|p1a: Ninetales\n|\n|win|AceTheInadequate\n","uploadtime":1699918664,"views":13,"p1id":"theshinybisharp360","p2id":"acetheinadequate","formatid":"gen9nationaldexubers","rating":0,"private":0,"password":""}