{"id":"gen9nationaldexubers-1979747970","p1":"XX_1nfinity_XX","p2":"Aroma Nobody","format":"[Gen 9] National Dex Ubers","log":"|j|\u2606XX_1nfinity_XX\n|j|\u2606Aroma Nobody\n|t:|1698709148\n|gametype|singles\n|player|p1|XX_1nfinity_XX|lucas|\n|player|p2|Aroma Nobody|266|\n|teamsize|p1|6\n|teamsize|p2|6\n|gen|9\n|tier|[Gen 9] National Dex Ubers\n|rule|HP Percentage Mod: HP is shown in percentages\n|rule|Endless Battle Clause: Forcing endless battles is banned\n|rule|OHKO Clause: OHKO moves are banned\n|rule|Evasion Moves Clause: Evasion moves are banned\n|rule|Evasion Items Clause: Evasion items are banned\n|rule|Species Clause: Limit one of each Pok\u00e9mon\n|rule|Sleep Clause Mod: Limit one foe put to sleep\n|rule|Mega Rayquaza Clause: You cannot mega evolve Rayquaza\n|clearpoke\n|poke|p1|Salamence, F|\n|poke|p1|Dragonite, M|\n|poke|p1|Noivern, F|\n|poke|p1|Altaria, M|\n|poke|p1|Gyarados, F|\n|poke|p1|Garchomp, M|\n|poke|p2|Medicham, F|\n|poke|p2|Ogerpon-Wellspring, F|\n|poke|p2|Alomomola, M|\n|poke|p2|Chansey, F|\n|poke|p2|Blacephalon|\n|poke|p2|Cinderace, M|\n|teampreview\n|inactive|Battle timer is ON: inactive players will automatically lose when time's up. (requested by XX_1nfinity_XX)\n|c|\u2606Aroma Nobody|glhf\n|c|\u2606XX_1nfinity_XX|uhh\n|c|\u2606XX_1nfinity_XX|what?\n|c|\u2606XX_1nfinity_XX|why are you using my team\n|inactive|XX_1nfinity_XX has 270 seconds left.\n|inactive|Aroma Nobody has 270 seconds left.\n|c|\u2606Aroma Nobody|:)\n|\n|t:|1698709188\n|start\n|switch|p1a: Garchomp|Garchomp, M|100\/100\n|switch|p2a: Chansey|Chansey, F|100\/100\n|turn|1\n|c|\u2606Aroma Nobody|Part of the experience\n|c|\u2606XX_1nfinity_XX|ok\n|\n|t:|1698709195\n|move|p1a: Garchomp|Swords Dance|p1a: Garchomp\n|-boost|p1a: Garchomp|atk|2\n|move|p2a: Chansey|Stealth Rock|p1a: Garchomp\n|-sidestart|p1: XX_1nfinity_XX|move: Stealth Rock\n|\n|upkeep\n|turn|2\n|c|\u2606XX_1nfinity_XX|not my sets i see\n|\n|t:|1698709211\n|move|p1a: Garchomp|Scale Shot|p2a: Chansey\n|-damage|p2a: Chansey|84\/100\n|-damage|p2a: Chansey|67\/100\n|-damage|p2a: Chansey|51\/100\n|-damage|p2a: Chansey|33\/100\n|-hitcount|p2a: Chansey|4\n|-unboost|p1a: Garchomp|def|1\n|-boost|p1a: Garchomp|spe|1\n|move|p2a: Chansey|Toxic|p1a: Garchomp\n|-status|p1a: Garchomp|tox\n|\n|-damage|p1a: Garchomp|94\/100 tox|[from] psn\n|upkeep\n|turn|3\n|\n|t:|1698709220\n|move|p1a: Garchomp|Earthquake|p2a: Chansey\n|-damage|p2a: Chansey|0 fnt\n|faint|p2a: Chansey\n|\n|-damage|p1a: Garchomp|82\/100 tox|[from] psn\n|upkeep\n|c|\u2606XX_1nfinity_XX|guess whats my monotype\n|\n|t:|1698709242\n|switch|p2a: Medicham|Medicham, F|100\/100\n|turn|4\n|\n|t:|1698709246\n|detailschange|p2a: Medicham|Medicham-Mega, F\n|-mega|p2a: Medicham|Medicham|Medichamite\n|move|p2a: Medicham|Fake Out|p1a: Garchomp\n|-damage|p1a: Garchomp|50\/100 tox\n|-damage|p2a: Medicham|88\/100|[from] ability: Rough Skin|[of] p1a: Garchomp\n|cant|p1a: Garchomp|flinch\n|\n|-damage|p1a: Garchomp|32\/100 tox|[from] psn\n|upkeep\n|turn|5\n|\n|t:|1698709256\n|switch|p2a: Alomomola|Alomomola, M|100\/100\n|move|p1a: Garchomp|Scale Shot|p2a: Alomomola|[miss]\n|-miss|p1a: Garchomp|p2a: Alomomola\n|\n|-damage|p1a: Garchomp|7\/100 tox|[from] psn\n|upkeep\n|turn|6\n|\n|t:|1698709261\n|move|p1a: Garchomp|Scale Shot|p2a: Alomomola\n|-damage|p2a: Alomomola|85\/100\n|-damage|p2a: Alomomola|70\/100\n|-damage|p2a: Alomomola|55\/100\n|-damage|p2a: Alomomola|39\/100\n|-hitcount|p2a: Alomomola|4\n|-unboost|p1a: Garchomp|def|1\n|-boost|p1a: Garchomp|spe|1\n|move|p2a: Alomomola|Wish|p2a: Alomomola\n|\n|-damage|p1a: Garchomp|0 fnt|[from] psn\n|faint|p1a: Garchomp\n|upkeep\n|c|\u2606XX_1nfinity_XX|no protect?\n|\n|t:|1698709273\n|switch|p1a: Dragonite|Dragonite, M|100\/100\n|turn|7\n|\n|t:|1698709279\n|move|p1a: Dragonite|Dragon Dance|p1a: Dragonite\n|-boost|p1a: Dragonite|atk|1\n|-boost|p1a: Dragonite|spe|1\n|move|p2a: Alomomola|Flip Turn|p1a: Dragonite\n|-resisted|p1a: Dragonite\n|-damage|p1a: Dragonite|96\/100\n|\n|t:|1698709289\n|switch|p2a: Medicham|Medicham-Mega, F|88\/100|[from] Flip Turn\n|\n|-heal|p2a: Medicham|100\/100|[from] move: Wish|[wisher] Alomomola\n|upkeep\n|turn|8\n|\n|t:|1698709295\n|move|p1a: Dragonite|Extreme Speed|p2a: Medicham\n|-damage|p2a: Medicham|30\/100\n|move|p2a: Medicham|Ice Punch|p1a: Dragonite\n|-supereffective|p1a: Dragonite\n|-damage|p1a: Dragonite|0 fnt\n|faint|p1a: Dragonite\n|\n|upkeep\n|\n|t:|1698709306\n|switch|p1a: Noivern|Noivern, F|100\/100\n|turn|9\n|\n|t:|1698709319\n|move|p1a: Noivern|Draco Meteor|p2a: Medicham\n|-crit|p2a: Medicham\n|-damage|p2a: Medicham|0 fnt\n|-unboost|p1a: Noivern|spa|2\n|faint|p2a: Medicham\n|\n|upkeep\n|\n|t:|1698709330\n|switch|p2a: Blacephalon|Blacephalon|100\/100\n|turn|10\n|\n|t:|1698709334\n|move|p2a: Blacephalon|Shadow Ball|p1a: Noivern\n|-damage|p1a: Noivern|49\/100\n|move|p1a: Noivern|Defog|p2a: Blacephalon\n|-unboost|p2a: Blacephalon|evasion|1\n|-sideend|p1: XX_1nfinity_XX|Stealth Rock|[from] move: Defog|[of] p1a: Noivern\n|\n|upkeep\n|turn|11\n|\n|t:|1698709339\n|switch|p1a: Altaria|Altaria, M|100\/100\n|-ability|p1a: Altaria|Cloud Nine\n|move|p2a: Blacephalon|Shadow Ball|p1a: Altaria\n|-damage|p1a: Altaria|71\/100\n|\n|-heal|p1a: Altaria|77\/100|[from] item: Leftovers\n|upkeep\n|turn|12\n|\n|t:|1698709346\n|switch|p2a: Alomomola|Alomomola, M|72\/100\n|move|p1a: Altaria|Toxic|p2a: Alomomola\n|-status|p2a: Alomomola|tox\n|\n|-heal|p1a: Altaria|83\/100|[from] item: Leftovers\n|-damage|p2a: Alomomola|66\/100 tox|[from] psn\n|upkeep\n|turn|13\n|\n|t:|1698709354\n|-terastallize|p1a: Altaria|Steel\n|move|p1a: Altaria|Cotton Guard|p1a: Altaria\n|-boost|p1a: Altaria|def|3\n|move|p2a: Alomomola|Flip Turn|p1a: Altaria\n|-damage|p1a: Altaria|76\/100\n|\n|t:|1698709361\n|switch|p2a: Blacephalon|Blacephalon|100\/100|[from] Flip Turn\n|\n|-heal|p1a: Altaria|82\/100|[from] item: Leftovers\n|upkeep\n|turn|14\n|\n|t:|1698709368\n|switch|p1a: Salamence|Salamence, F|100\/100\n|-ability|p1a: Salamence|Intimidate|boost\n|-unboost|p2a: Blacephalon|atk|1\n|move|p2a: Blacephalon|Flamethrower|p1a: Salamence\n|-resisted|p1a: Salamence\n|-damage|p1a: Salamence|71\/100\n|\n|upkeep\n|turn|15\n|\n|t:|1698709375\n|switch|p2a: Alomomola|Alomomola, M|99\/100 tox\n|detailschange|p1a: Salamence|Salamence-Mega, F\n|-mega|p1a: Salamence|Salamence|Salamencite\n|move|p1a: Salamence|Hyper Voice|p2a: Alomomola\n|-damage|p2a: Alomomola|51\/100 tox\n|\n|-damage|p2a: Alomomola|45\/100 tox|[from] psn\n|upkeep\n|turn|16\n|\n|t:|1698709381\n|move|p1a: Salamence|Hyper Voice|p2a: Alomomola\n|-damage|p2a: Alomomola|1\/100 tox\n|move|p2a: Alomomola|Flip Turn|p1a: Salamence\n|-resisted|p1a: Salamence\n|-damage|p1a: Salamence|64\/100\n|c|\u2606XX_1nfinity_XX|bruh\n|\n|t:|1698709409\n|switch|p2a: Ogerpon|Ogerpon-Wellspring, F|100\/100|[from] Flip Turn\n|\n|upkeep\n|turn|17\n|inactive|Aroma Nobody has 270 seconds left.\n|\n|t:|1698709435\n|-terastallize|p2a: Ogerpon|Water\n|detailschange|p2a: Ogerpon|Ogerpon-Wellspring-Tera, F, tera:Water\n|-ability|p2a: Ogerpon|Embody Aspect (Wellspring)|boost\n|-boost|p2a: Ogerpon|spd|1\n|move|p1a: Salamence|Hyper Beam|p2a: Ogerpon\n|-damage|p2a: Ogerpon|26\/100\n|-mustrecharge|p1a: Salamence\n|move|p2a: Ogerpon|Play Rough|p1a: Salamence\n|-supereffective|p1a: Salamence\n|-damage|p1a: Salamence|3\/100\n|\n|upkeep\n|turn|18\n|c|\u2606XX_1nfinity_XX|noo\n|c|\u2606Aroma Nobody|had to double check to see if I could tera this\n|\n|t:|1698709454\n|cant|p1a: Salamence|recharge\n|move|p2a: Ogerpon|Ivy Cudgel|p1a: Salamence\n|-resisted|p1a: Salamence\n|-crit|p1a: Salamence\n|-damage|p1a: Salamence|0 fnt\n|faint|p1a: Salamence\n|\n|upkeep\n|\n|t:|1698709456\n|switch|p1a: Gyarados|Gyarados, F|100\/100\n|turn|19\n|\n|t:|1698709459\n|move|p2a: Ogerpon|Power Whip|p1a: Gyarados|[miss]\n|-miss|p2a: Ogerpon|p1a: Gyarados\n|-zpower|p1a: Gyarados\n|move|p1a: Gyarados|Z-Celebrate|p1a: Gyarados|[anim]Celebrate\n|-boost|p1a: Gyarados|atk|1|[zeffect]\n|-boost|p1a: Gyarados|def|1|[zeffect]\n|-boost|p1a: Gyarados|spa|1|[zeffect]\n|-boost|p1a: Gyarados|spd|1|[zeffect]\n|-boost|p1a: Gyarados|spe|1|[zeffect]\n|-activate|p1a: Gyarados|move: Celebrate\n|\n|upkeep\n|turn|20\n|c|\u2606Aroma Nobody|that's sad\n|\n|t:|1698709466\n|move|p1a: Gyarados|Crunch|p2a: Ogerpon\n|-damage|p2a: Ogerpon|0 fnt\n|faint|p2a: Ogerpon\n|-ability|p1a: Gyarados|Moxie|boost\n|-boost|p1a: Gyarados|atk|1\n|\n|upkeep\n|c|\u2606XX_1nfinity_XX|rip\n|\n|t:|1698709476\n|switch|p2a: Blacephalon|Blacephalon|100\/100\n|turn|21\n|\n|t:|1698709479\n|move|p2a: Blacephalon|Shadow Ball|p1a: Gyarados\n|-damage|p1a: Gyarados|68\/100\n|move|p1a: Gyarados|Waterfall|p2a: Blacephalon\n|-supereffective|p2a: Blacephalon\n|-damage|p2a: Blacephalon|0 fnt\n|faint|p2a: Blacephalon\n|-ability|p1a: Gyarados|Moxie|boost\n|-boost|p1a: Gyarados|atk|1\n|\n|upkeep\n|\n|t:|1698709483\n|switch|p2a: Alomomola|Alomomola, M|34\/100 tox\n|turn|22\n|\n|t:|1698709487\n|move|p1a: Gyarados|Crunch|p2a: Alomomola\n|-damage|p2a: Alomomola|0 fnt\n|faint|p2a: Alomomola\n|-ability|p1a: Gyarados|Moxie|boost\n|-boost|p1a: Gyarados|atk|1\n|\n|upkeep\n|\n|t:|1698709489\n|switch|p2a: Cinderace|Cinderace, M|100\/100\n|turn|23\n|\n|t:|1698709493\n|move|p1a: Gyarados|Waterfall|p2a: Cinderace\n|-supereffective|p2a: Cinderace\n|-damage|p2a: Cinderace|0 fnt\n|faint|p2a: Cinderace\n|\n|win|XX_1nfinity_XX\n|c|\u2606Aroma Nobody|gg\n|c|\u2606XX_1nfinity_XX|ggs\n","uploadtime":1698709515,"views":9,"p1id":"xx1nfinityxx","p2id":"aromanobody","formatid":"gen9nationaldexubers","rating":0,"private":0,"password":""}