{"id":"gen9nationaldexubers-1992089401","p1":"zMesa","p2":"dragos10","format":"[Gen 9] National Dex Ubers","log":"|j|\u2606zMesa\n|j|\u2606dragos10\n|t:|1700154176\n|gametype|singles\n|player|p1|zMesa|blue|1089\n|player|p2|dragos10|red|1187\n|teamsize|p1|6\n|teamsize|p2|6\n|gen|9\n|tier|[Gen 9] National Dex Ubers\n|rated|\n|rule|HP Percentage Mod: HP is shown in percentages\n|rule|Endless Battle Clause: Forcing endless battles is banned\n|rule|OHKO Clause: OHKO moves are banned\n|rule|Evasion Moves Clause: Evasion moves are banned\n|rule|Evasion Items Clause: Evasion items are banned\n|rule|Species Clause: Limit one of each Pok\u00e9mon\n|rule|Sleep Clause Mod: Limit one foe put to sleep\n|rule|Mega Rayquaza Clause: You cannot mega evolve Rayquaza\n|clearpoke\n|poke|p1|Leavanny, M|\n|poke|p1|Azumarill, F|\n|poke|p1|Chandelure, F|\n|poke|p1|Vanilluxe, F|\n|poke|p1|Scrafty, M|\n|poke|p1|Togedemaru, M|\n|poke|p2|Zekrom|\n|poke|p2|Kyurem-White|\n|poke|p2|Groudon|\n|poke|p2|Lugia|\n|poke|p2|Metagross|\n|poke|p2|Volcarona, M|\n|teampreview\n|inactive|Battle timer is ON: inactive players will automatically lose when time's up. (requested by dragos10)\n|\n|t:|1700154185\n|start\n|switch|p1a: Leavanny|Leavanny, M|100\/100\n|switch|p2a: Zekrom|Zekrom|100\/100\n|-ability|p2a: Zekrom|Teravolt\n|turn|1\n|\n|t:|1700154201\n|move|p1a: Leavanny|Sticky Web|p2a: Zekrom\n|-sidestart|p2: dragos10|move: Sticky Web\n|move|p2a: Zekrom|Outrage|p1a: Leavanny\n|-enditem|p1a: Leavanny|Focus Sash\n|-damage|p1a: Leavanny|1\/100\n|\n|upkeep\n|turn|2\n|\n|t:|1700154210\n|move|p1a: Leavanny|Knock Off|p2a: Zekrom\n|-damage|p2a: Zekrom|78\/100\n|-enditem|p2a: Zekrom|Lum Berry|[from] move: Knock Off|[of] p1a: Leavanny\n|move|p2a: Zekrom|Outrage|p1a: Leavanny|[from]lockedmove\n|-damage|p1a: Leavanny|0 fnt\n|faint|p1a: Leavanny\n|\n|upkeep\n|\n|t:|1700154231\n|switch|p1a: Azumarill|Azumarill, F|100\/100\n|turn|3\n|\n|t:|1700154249\n|move|p2a: Zekrom|Outrage|p1a: Azumarill|[from]lockedmove\n|-immune|p1a: Azumarill\n|-start|p2a: Zekrom|confusion|[fatigue]\n|move|p1a: Azumarill|Belly Drum|p1a: Azumarill\n|-damage|p1a: Azumarill|50\/100\n|-setboost|p1a: Azumarill|atk|6|[from] move: Belly Drum\n|-enditem|p1a: Azumarill|Sitrus Berry|[eat]\n|-heal|p1a: Azumarill|75\/100|[from] item: Sitrus Berry\n|\n|upkeep\n|turn|4\n|\n|t:|1700154264\n|-terastallize|p1a: Azumarill|Water\n|move|p1a: Azumarill|Aqua Jet|p2a: Zekrom\n|-resisted|p2a: Zekrom\n|-damage|p2a: Zekrom|21\/100\n|-activate|p2a: Zekrom|confusion\n|move|p2a: Zekrom|Fusion Bolt|p1a: Azumarill\n|-supereffective|p1a: Azumarill\n|-damage|p1a: Azumarill|0 fnt\n|faint|p1a: Azumarill\n|\n|upkeep\n|inactive|zMesa has 120 seconds left.\n|\n|t:|1700154278\n|switch|p1a: Togedemaru|Togedemaru, M|100\/100\n|turn|5\n|\n|t:|1700154285\n|switch|p2a: Kyurem|Kyurem-White|100\/100\n|-activate|p2a: Kyurem|move: Sticky Web\n|-unboost|p2a: Kyurem|spe|1\n|-ability|p2a: Kyurem|Turboblaze\n|-enditem|p2a: Kyurem|White Herb\n|-clearnegativeboost|p2a: Kyurem|[silent]\n|move|p1a: Togedemaru|Work Up|p1a: Togedemaru\n|-boost|p1a: Togedemaru|atk|1\n|-boost|p1a: Togedemaru|spa|1\n|\n|upkeep\n|turn|6\n|\n|t:|1700154298\n|move|p1a: Togedemaru|Iron Head|p2a: Kyurem\n|-supereffective|p2a: Kyurem\n|-damage|p2a: Kyurem|0 fnt\n|faint|p2a: Kyurem\n|\n|upkeep\n|\n|t:|1700154308\n|switch|p2a: Zekrom|Zekrom|21\/100\n|-activate|p2a: Zekrom|move: Sticky Web\n|-unboost|p2a: Zekrom|spe|1\n|-ability|p2a: Zekrom|Teravolt\n|turn|7\n|\n|t:|1700154320\n|move|p1a: Togedemaru|Work Up|p1a: Togedemaru\n|-boost|p1a: Togedemaru|atk|1\n|-boost|p1a: Togedemaru|spa|1\n|move|p2a: Zekrom|Outrage|p1a: Togedemaru\n|-resisted|p1a: Togedemaru\n|-damage|p1a: Togedemaru|38\/100\n|\n|upkeep\n|turn|8\n|\n|t:|1700154328\n|move|p1a: Togedemaru|Assurance|p2a: Zekrom\n|-damage|p2a: Zekrom|0 fnt\n|faint|p2a: Zekrom\n|\n|upkeep\n|\n|t:|1700154333\n|switch|p2a: Groudon|Groudon|100\/100\n|-activate|p2a: Groudon|move: Sticky Web\n|-unboost|p2a: Groudon|spe|1\n|-weather|SunnyDay|[from] ability: Drought|[of] p2a: Groudon\n|turn|9\n|\n|t:|1700154349\n|move|p1a: Togedemaru|Assurance|p2a: Groudon\n|-damage|p2a: Groudon|77\/100\n|-damage|p1a: Togedemaru|21\/100|[from] item: Rocky Helmet|[of] p2a: Groudon\n|move|p2a: Groudon|Fire Punch|p1a: Togedemaru\n|-supereffective|p1a: Togedemaru\n|-damage|p1a: Togedemaru|0 fnt\n|faint|p1a: Togedemaru\n|\n|-weather|SunnyDay|[upkeep]\n|upkeep\n|\n|t:|1700154356\n|switch|p1a: Vanilluxe|Vanilluxe, F|100\/100\n|-weather|Snow|[from] ability: Snow Warning|[of] p1a: Vanilluxe\n|turn|10\n|\n|t:|1700154361\n|move|p1a: Vanilluxe|Aurora Veil|p1a: Vanilluxe\n|-sidestart|p1: zMesa|move: Aurora Veil\n|move|p2a: Groudon|Rest|p2a: Groudon\n|-status|p2a: Groudon|slp|[from] move: Rest\n|-heal|p2a: Groudon|100\/100 slp|[silent]\n|\n|-weather|Snow|[upkeep]\n|upkeep\n|turn|11\n|\n|t:|1700154367\n|move|p1a: Vanilluxe|Freeze-Dry|p2a: Groudon\n|-supereffective|p2a: Groudon\n|-damage|p2a: Groudon|38\/100 slp\n|cant|p2a: Groudon|slp\n|\n|-weather|Snow|[upkeep]\n|upkeep\n|turn|12\n|\n|t:|1700154375\n|move|p1a: Vanilluxe|Freeze-Dry|p2a: Groudon\n|-supereffective|p2a: Groudon\n|-damage|p2a: Groudon|0 fnt\n|faint|p2a: Groudon\n|\n|-weather|Snow|[upkeep]\n|upkeep\n|\n|t:|1700154378\n|switch|p2a: Volcarona|Volcarona, M|100\/100\n|-activate|p2a: Volcarona|move: Sticky Web\n|-unboost|p2a: Volcarona|spe|1\n|turn|13\n|\n|t:|1700154389\n|move|p1a: Vanilluxe|Flash Cannon|p2a: Volcarona\n|-resisted|p2a: Volcarona\n|-damage|p2a: Volcarona|87\/100\n|move|p2a: Volcarona|Bug Buzz|p1a: Vanilluxe\n|-damage|p1a: Vanilluxe|73\/100\n|\n|-weather|Snow|[upkeep]\n|upkeep\n|turn|14\n|\n|t:|1700154397\n|switch|p1a: Scrafty|Scrafty, M|100\/100\n|move|p2a: Volcarona|Bug Buzz|p1a: Scrafty\n|-damage|p1a: Scrafty|71\/100\n|-unboost|p1a: Scrafty|spd|1\n|\n|-weather|none\n|upkeep\n|turn|15\n|\n|t:|1700154405\n|move|p1a: Scrafty|Dragon Dance|p1a: Scrafty\n|-boost|p1a: Scrafty|atk|1\n|-boost|p1a: Scrafty|spe|1\n|move|p2a: Volcarona|Fiery Dance|p1a: Scrafty\n|-damage|p1a: Scrafty|32\/100\n|-boost|p2a: Volcarona|spa|1\n|\n|upkeep\n|turn|16\n|\n|t:|1700154414\n|move|p1a: Scrafty|Knock Off|p2a: Volcarona\n|-damage|p2a: Volcarona|9\/100\n|-damage|p1a: Scrafty|15\/100|[from] item: Rocky Helmet|[of] p2a: Volcarona\n|-status|p1a: Scrafty|brn|[from] ability: Flame Body|[of] p2a: Volcarona\n|-enditem|p2a: Volcarona|Rocky Helmet|[from] move: Knock Off|[of] p1a: Scrafty\n|move|p2a: Volcarona|Fiery Dance|p1a: Scrafty\n|-damage|p1a: Scrafty|0 fnt\n|-boost|p2a: Volcarona|spa|1\n|faint|p1a: Scrafty\n|\n|upkeep\n|\n|t:|1700154428\n|switch|p1a: Chandelure|Chandelure, F|100\/100\n|turn|17\n|\n|t:|1700154434\n|move|p1a: Chandelure|Shadow Ball|p2a: Volcarona\n|-damage|p2a: Volcarona|0 fnt\n|faint|p2a: Volcarona\n|-damage|p1a: Chandelure|91\/100|[from] item: Life Orb\n|\n|-sideend|p1: zMesa|move: Aurora Veil\n|upkeep\n|\n|t:|1700154436\n|switch|p2a: Lugia|Lugia|100\/100\n|-ability|p2a: Lugia|Pressure\n|turn|18\n|\n|t:|1700154449\n|move|p1a: Chandelure|Calm Mind|p1a: Chandelure\n|-boost|p1a: Chandelure|spa|1\n|-boost|p1a: Chandelure|spd|1\n|move|p2a: Lugia|Earth Power|p1a: Chandelure\n|-supereffective|p1a: Chandelure\n|-damage|p1a: Chandelure|45\/100\n|\n|upkeep\n|turn|19\n|\n|t:|1700154458\n|move|p1a: Chandelure|Calm Mind|p1a: Chandelure\n|-boost|p1a: Chandelure|spa|1\n|-boost|p1a: Chandelure|spd|1\n|move|p2a: Lugia|Aeroblast|p1a: Chandelure\n|-crit|p1a: Chandelure\n|-damage|p1a: Chandelure|0 fnt\n|faint|p1a: Chandelure\n|\n|upkeep\n|\n|t:|1700154467\n|switch|p1a: Vanilluxe|Vanilluxe, F|73\/100\n|-weather|Snow|[from] ability: Snow Warning|[of] p1a: Vanilluxe\n|turn|20\n|\n|t:|1700154470\n|move|p2a: Lugia|Aeroblast|p1a: Vanilluxe\n|-crit|p1a: Vanilluxe\n|-damage|p1a: Vanilluxe|7\/100\n|move|p1a: Vanilluxe|Freeze-Dry|p2a: Lugia\n|-supereffective|p2a: Lugia\n|-damage|p2a: Lugia|63\/100\n|\n|-weather|Snow|[upkeep]\n|-heal|p2a: Lugia|69\/100|[from] item: Leftovers\n|upkeep\n|turn|21\n|\n|t:|1700154476\n|-terastallize|p2a: Lugia|Psychic\n|move|p2a: Lugia|Aeroblast|p1a: Vanilluxe\n|-damage|p1a: Vanilluxe|0 fnt\n|faint|p1a: Vanilluxe\n|\n|win|dragos10\n|raw|zMesa's rating: 1089 &rarr; <strong>1072<\/strong><br \/>(-17 for losing)\n|raw|dragos10's rating: 1187 &rarr; <strong>1205<\/strong><br \/>(+18 for winning)\n|l|\u2606zMesa\n","uploadtime":1700154484,"views":13,"p1id":"zmesa","p2id":"dragos10","formatid":"gen9nationaldexubers","rating":1072,"private":0,"password":""}