{"id":"gen9nationaldexubers-1980670675","p1":"CheeseNinja52","p2":"sis i won LOL","format":"[Gen 9] National Dex Ubers","log":"|j|\u2606CheeseNinja52\n|j|\u2606sis i won LOL\n|t:|1698810569\n|gametype|singles\n|player|p1|CheeseNinja52|266|1098\n|player|p2|sis i won LOL|bellelba|1035\n|teamsize|p1|6\n|teamsize|p2|6\n|gen|9\n|tier|[Gen 9] National Dex Ubers\n|rated|\n|rule|HP Percentage Mod: HP is shown in percentages\n|rule|Endless Battle Clause: Forcing endless battles is banned\n|rule|OHKO Clause: OHKO moves are banned\n|rule|Evasion Moves Clause: Evasion moves are banned\n|rule|Evasion Items Clause: Evasion items are banned\n|rule|Species Clause: Limit one of each Pok\u00e9mon\n|rule|Sleep Clause Mod: Limit one foe put to sleep\n|rule|Mega Rayquaza Clause: You cannot mega evolve Rayquaza\n|clearpoke\n|poke|p1|Greninja-*, F|\n|poke|p1|Aggron, M|\n|poke|p1|Salamence, M|\n|poke|p1|Zekrom|\n|poke|p1|Aegislash, F|\n|poke|p1|Rayquaza|\n|poke|p2|Tyranitar, F|\n|poke|p2|Crobat, M|\n|poke|p2|Xatu, M|\n|poke|p2|Houndoom, F|\n|poke|p2|Ursaring, F|\n|poke|p2|Umbreon, M|\n|teampreview\n|inactive|Battle timer is ON: inactive players will automatically lose when time's up. (requested by sis i won LOL)\n|\n|t:|1698810591\n|start\n|switch|p1a: Aggron|Aggron, M|100\/100\n|switch|p2a: And YOU are??|Xatu, M, shiny|100\/100\n|turn|1\n|\n|t:|1698810598\n|move|p2a: And YOU are??|Grass Knot|p1a: Aggron\n|-damage|p1a: Aggron|74\/100\n|move|p1a: Aggron|Stealth Rock|p2a: And YOU are??\n|move|p2a: And YOU are??|Stealth Rock|p1a: Aggron|[from]ability: Magic Bounce\n|-sidestart|p1: CheeseNinja52|move: Stealth Rock\n|\n|-heal|p1a: Aggron|80\/100|[from] item: Leftovers\n|upkeep\n|turn|2\n|\n|t:|1698810609\n|move|p2a: And YOU are??|Reflect|p2a: And YOU are??\n|-sidestart|p2: sis i won LOL|Reflect\n|move|p1a: Aggron|Toxic|p2a: And YOU are??\n|move|p2a: And YOU are??|Toxic|p1a: Aggron|[from]ability: Magic Bounce\n|-immune|p1a: Aggron\n|\n|-heal|p1a: Aggron|87\/100|[from] item: Leftovers\n|upkeep\n|turn|3\n|\n|t:|1698810618\n|move|p2a: And YOU are??|Light Screen|p2a: And YOU are??\n|-sidestart|p2: sis i won LOL|move: Light Screen\n|move|p1a: Aggron|Toxic|p2a: And YOU are??\n|move|p2a: And YOU are??|Toxic|p1a: Aggron|[from]ability: Magic Bounce\n|-immune|p1a: Aggron\n|\n|-heal|p1a: Aggron|93\/100|[from] item: Leftovers\n|upkeep\n|turn|4\n|\n|t:|1698810627\n|move|p2a: And YOU are??|Grass Knot|p1a: Aggron\n|-damage|p1a: Aggron|68\/100\n|move|p1a: Aggron|Earthquake|p2a: And YOU are??\n|-immune|p2a: And YOU are??\n|\n|-heal|p1a: Aggron|74\/100|[from] item: Leftovers\n|upkeep\n|turn|5\n|\n|t:|1698810636\n|move|p2a: And YOU are??|Grass Knot|p1a: Aggron\n|-damage|p1a: Aggron|47\/100\n|move|p1a: Aggron|Stealth Rock|p2a: And YOU are??\n|move|p2a: And YOU are??|Stealth Rock||[from]ability: Magic Bounce|[still]\n|-fail|p2a: And YOU are??\n|\n|-heal|p1a: Aggron|53\/100|[from] item: Leftovers\n|upkeep\n|turn|6\n|\n|t:|1698810647\n|move|p2a: And YOU are??|Grass Knot|p1a: Aggron\n|-damage|p1a: Aggron|27\/100\n|move|p1a: Aggron|Toxic|p2a: And YOU are??\n|move|p2a: And YOU are??|Toxic|p1a: Aggron|[from]ability: Magic Bounce\n|-immune|p1a: Aggron\n|\n|-heal|p1a: Aggron|33\/100|[from] item: Leftovers\n|upkeep\n|turn|7\n|\n|t:|1698810657\n|move|p2a: And YOU are??|Grass Knot|p1a: Aggron\n|-damage|p1a: Aggron|8\/100\n|move|p1a: Aggron|Toxic|p2a: And YOU are??\n|move|p2a: And YOU are??|Toxic|p1a: Aggron|[from]ability: Magic Bounce|[miss]\n|-miss|p2a: And YOU are??|p1a: Aggron\n|\n|-heal|p1a: Aggron|14\/100|[from] item: Leftovers\n|upkeep\n|turn|8\n|\n|t:|1698810668\n|move|p2a: And YOU are??|Grass Knot|p1a: Aggron\n|-damage|p1a: Aggron|0 fnt\n|faint|p1a: Aggron\n|\n|upkeep\n|\n|t:|1698810672\n|switch|p1a: Greninja|Greninja, F|100\/100\n|-damage|p1a: Greninja|88\/100|[from] Stealth Rock\n|turn|9\n|\n|t:|1698810681\n|move|p1a: Greninja|Gunk Shot|p2a: And YOU are??\n|-damage|p2a: And YOU are??|78\/100\n|-damage|p1a: Greninja|78\/100|[from] item: Life Orb\n|move|p2a: And YOU are??|U-turn|p1a: Greninja\n|-supereffective|p1a: Greninja\n|-damage|p1a: Greninja|42\/100\n|-message|CheeseNinja52 forfeited.\n|\n|win|sis i won LOL\n|raw|CheeseNinja52's rating: 1098 &rarr; <strong>1069<\/strong><br \/>(-29 for losing)\n|raw|sis i won LOL's rating: 1035 &rarr; <strong>1076<\/strong><br \/>(+41 for winning)\n|l|\u2606CheeseNinja52\n","uploadtime":1698810697,"views":6,"p1id":"cheeseninja52","p2id":"sisiwonlol","formatid":"gen9nationaldexubers","rating":1069,"private":0,"password":""}