{"id":"gen9nationaldexubers-1978703852","p1":"venusXXX","p2":"700club","format":"[Gen 9] National Dex Ubers","log":"|j|\u2606venusXXX\n|j|\u2606700club\n|t:|1698584239\n|gametype|singles\n|player|p1|venusXXX|blue|1193\n|player|p2|700club|shadowtriad|1260\n|teamsize|p1|6\n|teamsize|p2|6\n|gen|9\n|tier|[Gen 9] National Dex Ubers\n|rated|\n|rule|HP Percentage Mod: HP is shown in percentages\n|rule|Endless Battle Clause: Forcing endless battles is banned\n|rule|OHKO Clause: OHKO moves are banned\n|rule|Evasion Moves Clause: Evasion moves are banned\n|rule|Evasion Items Clause: Evasion items are banned\n|rule|Species Clause: Limit one of each Pok\u00e9mon\n|rule|Sleep Clause Mod: Limit one foe put to sleep\n|rule|Mega Rayquaza Clause: You cannot mega evolve Rayquaza\n|clearpoke\n|poke|p1|Lucario, M|\n|poke|p1|Gastrodon-East, M|\n|poke|p1|Pikachu, F|\n|poke|p1|Gengar, F|\n|poke|p1|Dragonite, F|\n|poke|p1|Volcarona, M|\n|poke|p2|Ogerpon-Hearthflame, F|\n|poke|p2|Ditto|\n|poke|p2|Rayquaza|\n|poke|p2|Mewtwo|\n|poke|p2|Necrozma-Dusk-Mane|\n|poke|p2|Annihilape, F|\n|teampreview\n|c|\u2606700club|hi\n|\n|t:|1698584251\n|start\n|switch|p1a: Gengar|Gengar, F|100\/100\n|switch|p2a: Annihilape|Annihilape, F|100\/100\n|turn|1\n|\n|t:|1698584315\n|switch|p2a: Rayquaza|Rayquaza|100\/100\n|-ability|p2a: Rayquaza|Air Lock\n|move|p1a: Gengar|Shadow Ball|p2a: Rayquaza\n|-damage|p2a: Rayquaza|56\/100\n|\n|upkeep\n|turn|2\n|\n|t:|1698584332\n|switch|p1a: Nescal|Gastrodon-East, M|100\/100\n|move|p2a: Rayquaza|Dragon Ascent|p1a: Nescal\n|-damage|p1a: Nescal|27\/100\n|-unboost|p2a: Rayquaza|def|1\n|-unboost|p2a: Rayquaza|spd|1\n|\n|-heal|p1a: Nescal|33\/100|[from] item: Leftovers\n|upkeep\n|turn|3\n|\n|t:|1698584363\n|move|p2a: Rayquaza|Extreme Speed|p1a: Nescal\n|-damage|p1a: Nescal|0 fnt\n|faint|p1a: Nescal\n|\n|upkeep\n|\n|t:|1698584368\n|switch|p1a: Dragonite|Dragonite, F|100\/100\n|turn|4\n|\n|t:|1698584376\n|move|p2a: Rayquaza|Extreme Speed|p1a: Dragonite\n|-damage|p1a: Dragonite|81\/100\n|move|p1a: Dragonite|Dragon Dance|p1a: Dragonite\n|-boost|p1a: Dragonite|atk|1\n|-boost|p1a: Dragonite|spe|1\n|\n|upkeep\n|turn|5\n|\n|t:|1698584386\n|move|p2a: Rayquaza|Extreme Speed|p1a: Dragonite\n|-damage|p1a: Dragonite|42\/100\n|move|p1a: Dragonite|Outrage|p2a: Rayquaza\n|-supereffective|p2a: Rayquaza\n|-damage|p2a: Rayquaza|0 fnt\n|faint|p2a: Rayquaza\n|\n|upkeep\n|\n|t:|1698584393\n|switch|p2a: Ditto|Ditto|100\/100\n|-transform|p2a: Ditto|p1a: Dragonite|[from] ability: Imposter\n|turn|6\n|\n|t:|1698584416\n|move|p2a: Ditto|Extreme Speed|p1a: Dragonite\n|-damage|p1a: Dragonite|0 fnt\n|faint|p1a: Dragonite\n|\n|upkeep\n|\n|t:|1698584421\n|switch|p1a: Pikachu|Pikachu, F|100\/100\n|turn|7\n|\n|t:|1698584432\n|move|p1a: Pikachu|Fake Out|p2a: Ditto\n|-damage|p2a: Ditto|90\/100\n|cant|p2a: Ditto|flinch\n|\n|upkeep\n|turn|8\n|\n|t:|1698584437\n|move|p2a: Ditto|Extreme Speed|p1a: Pikachu\n|-damage|p1a: Pikachu|0 fnt\n|-status|p2a: Ditto|par|[from] ability: Static|[of] p1a: Pikachu\n|faint|p1a: Pikachu\n|\n|upkeep\n|\n|t:|1698584444\n|switch|p1a: Lucario|Lucario, M, shiny|100\/100\n|turn|9\n|\n|t:|1698584461\n|switch|p2a: Ogerpon|Ogerpon-Hearthflame, F|100\/100\n|-ability|p2a: Ogerpon|Mold Breaker\n|detailschange|p1a: Lucario|Lucario-Mega, M, shiny\n|-mega|p1a: Lucario|Lucario|Lucarionite\n|move|p1a: Lucario|Bulk Up|p1a: Lucario\n|-boost|p1a: Lucario|atk|1\n|-boost|p1a: Lucario|def|1\n|\n|upkeep\n|turn|10\n|\n|t:|1698584475\n|-terastallize|p2a: Ogerpon|Fire\n|detailschange|p2a: Ogerpon|Ogerpon-Hearthflame-Tera, F, tera:Fire\n|-ability|p2a: Ogerpon|Embody Aspect (Hearthflame)|boost\n|-boost|p2a: Ogerpon|atk|1\n|move|p2a: Ogerpon|Ivy Cudgel|p1a: Lucario\n|-supereffective|p1a: Lucario\n|-damage|p1a: Lucario|0 fnt\n|faint|p1a: Lucario\n|\n|upkeep\n|\n|t:|1698584486\n|switch|p1a: Volcarona|Volcarona, M|100\/100\n|turn|11\n|\n|t:|1698584495\n|switch|p2a: Necrozma|Necrozma-Dusk-Mane|100\/100\n|move|p1a: Volcarona|Quiver Dance|p1a: Volcarona\n|-boost|p1a: Volcarona|spa|1\n|-boost|p1a: Volcarona|spd|1\n|-boost|p1a: Volcarona|spe|1\n|\n|upkeep\n|turn|12\n|\n|t:|1698584503\n|detailschange|p2a: Necrozma|Necrozma-Ultra\n|-burst|p2a: Necrozma|Necrozma|Ultranecrozium Z\n|move|p1a: Volcarona|Quiver Dance|p1a: Volcarona\n|-boost|p1a: Volcarona|spa|1\n|-boost|p1a: Volcarona|spd|1\n|-boost|p1a: Volcarona|spe|1\n|move|p2a: Necrozma|Stone Edge|p1a: Volcarona\n|-supereffective|p1a: Volcarona\n|-crit|p1a: Volcarona\n|-damage|p1a: Volcarona|0 fnt\n|faint|p1a: Volcarona\n|\n|upkeep\n|\n|t:|1698584511\n|switch|p1a: Gengar|Gengar, F|100\/100\n|turn|13\n|\n|t:|1698584520\n|move|p1a: Gengar|Shadow Ball|p2a: Necrozma\n|-supereffective|p2a: Necrozma\n|-damage|p2a: Necrozma|16\/100\n|-zpower|p2a: Necrozma\n|move|p2a: Necrozma|Light That Burns the Sky|p1a: Gengar|[zeffect]\n|-supereffective|p1a: Gengar\n|-damage|p1a: Gengar|0 fnt\n|faint|p1a: Gengar\n|\n|win|700club\n|raw|venusXXX's rating: 1193 &rarr; <strong>1173<\/strong><br \/>(-20 for losing)\n|raw|700club's rating: 1260 &rarr; <strong>1280<\/strong><br \/>(+20 for winning)\n|c|\u2606700club|gg\n","uploadtime":1698584534,"views":17,"p1id":"venusxxx","p2id":"700club","formatid":"gen9nationaldexubers","rating":1173,"private":0,"password":""}