{"id":"gen9nationaldexubers-1988411740","p1":"27frd","p2":"PhobosYeah","format":"[Gen 9] National Dex Ubers","log":"|j|\u260627frd\n|j|\u2606PhobosYeah\n|t:|1699720055\n|gametype|singles\n|player|p1|27frd|hilbert|1352\n|player|p2|PhobosYeah|roughneck|1399\n|teamsize|p1|6\n|teamsize|p2|6\n|gen|9\n|tier|[Gen 9] National Dex Ubers\n|rated|\n|rule|HP Percentage Mod: HP is shown in percentages\n|rule|Endless Battle Clause: Forcing endless battles is banned\n|rule|OHKO Clause: OHKO moves are banned\n|rule|Evasion Moves Clause: Evasion moves are banned\n|rule|Evasion Items Clause: Evasion items are banned\n|rule|Species Clause: Limit one of each Pok\u00e9mon\n|rule|Sleep Clause Mod: Limit one foe put to sleep\n|rule|Mega Rayquaza Clause: You cannot mega evolve Rayquaza\n|clearpoke\n|poke|p1|Arceus|\n|poke|p1|Mew|\n|poke|p1|Darkrai|\n|poke|p1|Dialga|\n|poke|p1|Palkia|\n|poke|p1|Giratina|\n|poke|p2|Ditto|\n|poke|p2|Smeargle, F|\n|poke|p2|Kangaskhan, F|\n|poke|p2|Zoroark-Hisui, F|\n|poke|p2|Ursaluna-Bloodmoon, M|\n|poke|p2|Arceus|\n|teampreview\n|c|\u2606PhobosYeah|GLHF\n|inactive|Battle timer is ON: inactive players will automatically lose when time's up. (requested by PhobosYeah)\n|\n|t:|1699720083\n|start\n|switch|p1a: Darkrai|Darkrai|100\/100\n|switch|p2a: Smeargle|Smeargle, F|100\/100\n|turn|1\n|\n|t:|1699720088\n|move|p1a: Darkrai|Hypnosis|p2a: Smeargle|[miss]\n|-miss|p1a: Darkrai|p2a: Smeargle\n|move|p2a: Smeargle|Spore|p1a: Darkrai\n|-status|p1a: Darkrai|slp|[from] move: Spore\n|\n|-ability|p2a: Smeargle|Moody|boost\n|-boost|p2a: Smeargle|def|2\n|-unboost|p2a: Smeargle|atk|1\n|upkeep\n|turn|2\n|\n|t:|1699720097\n|cant|p1a: Darkrai|slp\n|move|p2a: Smeargle|Sticky Web|p1a: Darkrai\n|-sidestart|p1: 27frd|move: Sticky Web\n|\n|-ability|p2a: Smeargle|Moody|boost\n|-boost|p2a: Smeargle|atk|2\n|-unboost|p2a: Smeargle|spe|1\n|upkeep\n|turn|3\n|\n|t:|1699720103\n|-curestatus|p1a: Darkrai|slp|[msg]\n|move|p1a: Darkrai|Hypnosis|p2a: Smeargle\n|-status|p2a: Smeargle|slp|[from] move: Hypnosis\n|cant|p2a: Smeargle|slp\n|\n|-damage|p2a: Smeargle|88\/100 slp|[from] ability: Bad Dreams|[of] p1a: Darkrai\n|-ability|p2a: Smeargle|Moody|boost\n|-boost|p2a: Smeargle|atk|2\n|-unboost|p2a: Smeargle|def|1\n|upkeep\n|turn|4\n|\n|t:|1699720113\n|move|p1a: Darkrai|Dark Pulse|p2a: Smeargle\n|-damage|p2a: Smeargle|0 fnt\n|faint|p2a: Smeargle\n|\n|upkeep\n|\n|t:|1699720128\n|switch|p2a: Kangaskhan|Kangaskhan, F, shiny|100\/100\n|turn|5\n|\n|t:|1699720131\n|switch|p1a: Giratina|Giratina|100\/100\n|-activate|p1a: Giratina|move: Sticky Web\n|-unboost|p1a: Giratina|spe|1\n|-ability|p1a: Giratina|Pressure\n|move|p2a: Kangaskhan|Fake Out|p1a: Giratina\n|-immune|p1a: Giratina\n|\n|upkeep\n|turn|6\n|\n|t:|1699720142\n|detailschange|p2a: Kangaskhan|Kangaskhan-Mega, F, shiny\n|-mega|p2a: Kangaskhan|Kangaskhan|Kangaskhanite\n|move|p2a: Kangaskhan|Shadow Claw|p1a: Giratina\n|-supereffective|p1a: Giratina\n|-damage|p1a: Giratina|78\/100\n|-damage|p2a: Kangaskhan|84\/100|[from] item: Rocky Helmet|[of] p1a: Giratina\n|-supereffective|p1a: Giratina\n|-damage|p1a: Giratina|73\/100\n|-damage|p2a: Kangaskhan|67\/100|[from] item: Rocky Helmet|[of] p1a: Giratina\n|-hitcount|p1a: Giratina|2\n|move|p1a: Giratina|Will-O-Wisp|p2a: Kangaskhan\n|-status|p2a: Kangaskhan|brn\n|\n|-damage|p2a: Kangaskhan|61\/100 brn|[from] brn\n|upkeep\n|turn|7\n|\n|t:|1699720158\n|switch|p2a: Ditto|Ditto, shiny|100\/100\n|-transform|p2a: Ditto|p1a: Giratina|[from] ability: Imposter\n|-ability|p2a: Ditto|Pressure\n|move|p1a: Giratina|Aura Sphere|p2a: Ditto\n|-immune|p2a: Ditto\n|\n|upkeep\n|turn|8\n|\n|t:|1699720174\n|move|p2a: Ditto|Will-O-Wisp|p1a: Giratina\n|-status|p1a: Giratina|brn\n|move|p1a: Giratina|Will-O-Wisp|p2a: Ditto|[miss]\n|-miss|p1a: Giratina|p2a: Ditto\n|\n|-damage|p1a: Giratina|67\/100 brn|[from] brn\n|upkeep\n|turn|9\n|\n|t:|1699720190\n|switch|p2a: Ursaluna|Ursaluna-Bloodmoon, M|100\/100\n|move|p1a: Giratina|Will-O-Wisp|p2a: Ursaluna\n|-status|p2a: Ursaluna|brn\n|\n|-damage|p2a: Ursaluna|95\/100 brn|[from] brn\n|-damage|p1a: Giratina|61\/100 brn|[from] brn\n|upkeep\n|turn|10\n|\n|t:|1699720198\n|move|p2a: Ursaluna|Blood Moon|p1a: Giratina\n|-damage|p1a: Giratina|17\/100 brn\n|move|p1a: Giratina|Aura Sphere|p2a: Ursaluna\n|-supereffective|p2a: Ursaluna\n|-damage|p2a: Ursaluna|48\/100 brn\n|\n|-heal|p2a: Ursaluna|54\/100 brn|[from] item: Leftovers\n|-damage|p2a: Ursaluna|48\/100 brn|[from] brn\n|-damage|p1a: Giratina|11\/100 brn|[from] brn\n|upkeep\n|turn|11\n|\n|t:|1699720208\n|move|p2a: Ursaluna|Moonblast|p1a: Giratina\n|-supereffective|p1a: Giratina\n|-damage|p1a: Giratina|0 fnt\n|faint|p1a: Giratina\n|\n|-heal|p2a: Ursaluna|54\/100 brn|[from] item: Leftovers\n|-damage|p2a: Ursaluna|48\/100 brn|[from] brn\n|upkeep\n|\n|t:|1699720213\n|switch|p1a: Mew|Mew|100\/100\n|-activate|p1a: Mew|move: Sticky Web\n|-unboost|p1a: Mew|spe|1\n|turn|12\n|\n|t:|1699720227\n|move|p2a: Ursaluna|Blood Moon|p1a: Mew\n|-damage|p1a: Mew|41\/100\n|-enditem|p1a: Mew|Red Card|[of] p2a: Ursaluna\n|drag|p2a: Arceus|Arceus|100\/100\n|move|p1a: Mew|Defog|p2a: Arceus\n|-unboost|p2a: Arceus|evasion|1\n|-sideend|p1: 27frd|Sticky Web|[from] move: Defog|[of] p1a: Mew\n|\n|upkeep\n|turn|13\n|\n|t:|1699720239\n|-terastallize|p2a: Arceus|Normal\n|move|p2a: Arceus|Extreme Speed|p1a: Mew\n|-damage|p1a: Mew|0 fnt\n|faint|p1a: Mew\n|\n|upkeep\n|\n|t:|1699720242\n|switch|p1a: Dialga|Dialga|100\/100\n|-ability|p1a: Dialga|Pressure\n|turn|14\n|\n|t:|1699720249\n|move|p2a: Arceus|Earthquake|p1a: Dialga\n|-supereffective|p1a: Dialga\n|-damage|p1a: Dialga|57\/100\n|move|p1a: Dialga|Focus Blast|p2a: Arceus\n|-supereffective|p2a: Arceus\n|-damage|p2a: Arceus|39\/100\n|-unboost|p2a: Arceus|spd|1\n|\n|upkeep\n|turn|15\n|\n|t:|1699720260\n|switch|p2a: Ditto|Ditto, shiny|100\/100\n|-transform|p2a: Ditto|p1a: Dialga|[from] ability: Imposter\n|-ability|p2a: Ditto|Pressure\n|move|p1a: Dialga|Flash Cannon|p2a: Ditto\n|-resisted|p2a: Ditto\n|-damage|p2a: Ditto|82\/100\n|-unboost|p2a: Ditto|spd|1\n|\n|upkeep\n|turn|16\n|\n|t:|1699720278\n|move|p2a: Ditto|Draco Meteor|p1a: Dialga\n|-damage|p1a: Dialga|25\/100\n|-unboost|p2a: Ditto|spa|2\n|move|p1a: Dialga|Earth Power|p2a: Ditto\n|-supereffective|p2a: Ditto\n|-damage|p2a: Ditto|3\/100\n|\n|upkeep\n|turn|17\n|\n|t:|1699720285\n|move|p2a: Ditto|Draco Meteor|p1a: Dialga\n|-damage|p1a: Dialga|7\/100\n|-unboost|p2a: Ditto|spa|2\n|move|p1a: Dialga|Flash Cannon|p2a: Ditto\n|-resisted|p2a: Ditto\n|-damage|p2a: Ditto|0 fnt\n|faint|p2a: Ditto\n|\n|upkeep\n|\n|t:|1699720293\n|switch|p2a: Arceus|Arceus, tera:Normal|39\/100\n|turn|18\n|\n|t:|1699720296\n|move|p2a: Arceus|Extreme Speed|p1a: Dialga\n|-resisted|p1a: Dialga\n|-damage|p1a: Dialga|0 fnt\n|faint|p1a: Dialga\n|\n|upkeep\n|\n|t:|1699720300\n|switch|p1a: Arceus|Arceus|100\/100\n|turn|19\n|\n|t:|1699720305\n|-terastallize|p1a: Arceus|Ghost\n|move|p2a: Arceus|Extreme Speed|p1a: Arceus\n|-immune|p1a: Arceus\n|move|p1a: Arceus|Body Press|p2a: Arceus\n|-supereffective|p2a: Arceus\n|-damage|p2a: Arceus|1\/100\n|\n|upkeep\n|turn|20\n|\n|t:|1699720316\n|switch|p2a: Ursaluna|Ursaluna-Bloodmoon, M|100\/100\n|move|p1a: Arceus|Body Press|p2a: Ursaluna\n|-immune|p2a: Ursaluna\n|\n|upkeep\n|turn|21\n|\n|t:|1699720323\n|switch|p1a: Darkrai|Darkrai|100\/100\n|move|p2a: Ursaluna|Shadow Ball|p1a: Darkrai\n|-resisted|p1a: Darkrai\n|-damage|p1a: Darkrai|61\/100\n|\n|upkeep\n|turn|22\n|\n|t:|1699720339\n|switch|p2a: Kangaskhan|Kangaskhan-Mega, F, shiny|61\/100 brn\n|move|p1a: Darkrai|Hypnosis|p2a: Kangaskhan|[miss]\n|-miss|p1a: Darkrai|p2a: Kangaskhan\n|\n|-damage|p2a: Kangaskhan|55\/100 brn|[from] brn\n|upkeep\n|turn|23\n|\n|t:|1699720348\n|move|p2a: Kangaskhan|Fake Out|p1a: Darkrai\n|-damage|p1a: Darkrai|47\/100\n|-damage|p1a: Darkrai|44\/100\n|-hitcount|p1a: Darkrai|2\n|cant|p1a: Darkrai|flinch\n|\n|-damage|p2a: Kangaskhan|50\/100 brn|[from] brn\n|upkeep\n|turn|24\n|\n|t:|1699720358\n|move|p1a: Darkrai|Dark Pulse|p2a: Kangaskhan\n|-damage|p2a: Kangaskhan|8\/100 brn\n|cant|p2a: Kangaskhan|flinch\n|\n|-damage|p2a: Kangaskhan|2\/100 brn|[from] brn\n|upkeep\n|turn|25\n|\n|t:|1699720364\n|move|p1a: Darkrai|Charge Beam|p2a: Kangaskhan\n|-damage|p2a: Kangaskhan|0 fnt\n|-boost|p1a: Darkrai|spa|1\n|faint|p2a: Kangaskhan\n|\n|upkeep\n|\n|t:|1699720383\n|switch|p2a: Ursaluna|Ursaluna-Bloodmoon, M|100\/100\n|turn|26\n|\n|t:|1699720393\n|move|p1a: Darkrai|Hypnosis|p2a: Ursaluna|[miss]\n|-miss|p1a: Darkrai|p2a: Ursaluna\n|move|p2a: Ursaluna|Shadow Ball|p1a: Darkrai\n|-resisted|p1a: Darkrai\n|-damage|p1a: Darkrai|5\/100\n|\n|upkeep\n|turn|27\n|\n|t:|1699720403\n|switch|p2a: Ursaluna|Ursaluna-Bloodmoon, M|48\/100 brn\n|move|p1a: Darkrai|Dark Pulse|p2a: Ursaluna\n|-damage|p2a: Ursaluna|0 fnt\n|faint|p2a: Ursaluna\n|\n|upkeep\n|\n|t:|1699720409\n|switch|p2a: Arceus|Arceus, tera:Normal|1\/100\n|turn|28\n|\n|t:|1699720412\n|switch|p1a: Arceus|Arceus, tera:Ghost|100\/100\n|move|p2a: Arceus|Extreme Speed|p1a: Arceus\n|-immune|p1a: Arceus\n|\n|upkeep\n|turn|29\n|\n|t:|1699720419\n|move|p2a: Arceus|Shadow Claw|p1a: Arceus\n|-supereffective|p1a: Arceus\n|-damage|p1a: Arceus|67\/100\n|move|p1a: Arceus|Body Press|p2a: Arceus\n|-supereffective|p2a: Arceus\n|-damage|p2a: Arceus|0 fnt\n|faint|p2a: Arceus\n|\n|-heal|p1a: Arceus|73\/100|[from] item: Leftovers\n|upkeep\n|c|\u2606PhobosYeah|GG\n|\n|t:|1699720429\n|switch|p2a: Zoroark|Zoroark-Hisui, F|100\/100\n|turn|30\n|\n|t:|1699720433\n|switch|p1a: Palkia|Palkia|100\/100\n|-ability|p1a: Palkia|Pressure\n|move|p2a: Zoroark|Shadow Ball|p1a: Palkia\n|-damage|p1a: Palkia|49\/100\n|\n|upkeep\n|turn|31\n|\n|t:|1699720440\n|move|p1a: Palkia|Spacial Rend|p2a: Zoroark\n|-damage|p2a: Zoroark|0 fnt\n|faint|p2a: Zoroark\n|\n|win|27frd\n|raw|27frd's rating: 1352 &rarr; <strong>1375<\/strong><br \/>(+23 for winning)\n|raw|PhobosYeah's rating: 1399 &rarr; <strong>1376<\/strong><br \/>(-23 for losing)\n|l|\u260627frd\n","uploadtime":1699720447,"views":4,"p1id":"27frd","p2id":"phobosyeah","formatid":"gen9nationaldexubers","rating":1375,"private":0,"password":""}