{"id":"gen9nationaldexubers-1994497144","p1":"bobrumba","p2":"I Am The Steve","format":"[Gen 9] National Dex Ubers","log":"|j|\u2606bobrumba\n|j|\u2606I Am The Steve\n|t:|1700450859\n|gametype|singles\n|player|p1|bobrumba|cynthia-gen4|\n|player|p2|I Am The Steve|byron|\n|teamsize|p1|6\n|teamsize|p2|6\n|gen|9\n|tier|[Gen 9] National Dex Ubers\n|rule|HP Percentage Mod: HP is shown in percentages\n|rule|Endless Battle Clause: Forcing endless battles is banned\n|rule|OHKO Clause: OHKO moves are banned\n|rule|Evasion Moves Clause: Evasion moves are banned\n|rule|Evasion Items Clause: Evasion items are banned\n|rule|Species Clause: Limit one of each Pok\u00e9mon\n|rule|Sleep Clause Mod: Limit one foe put to sleep\n|rule|Mega Rayquaza Clause: You cannot mega evolve Rayquaza\n|clearpoke\n|poke|p1|Zapdos|\n|poke|p1|Bisharp, F|\n|poke|p1|Charizard, F|\n|poke|p1|Landorus, M|\n|poke|p1|Zamazenta-*|\n|poke|p1|Amoonguss, M|\n|poke|p2|Mew|\n|poke|p2|Spectrier|\n|poke|p2|Donphan, M|\n|poke|p2|Lucario, F|\n|poke|p2|Florges-Blue, F|\n|poke|p2|Xurkitree|\n|teampreview\n|c|\u2606I Am The Steve|GLHF\n|c|\u2606bobrumba|you too\n|j| FrostFir\n|j| Valboberton\n|\n|t:|1700450925\n|start\n|switch|p1a: Landorus|Landorus, M|100\/100\n|switch|p2a: Mew|Mew, shiny|100\/100\n|turn|1\n|\n|t:|1700450955\n|move|p2a: Mew|Ice Beam|p1a: Landorus\n|-supereffective|p1a: Landorus\n|-damage|p1a: Landorus|0 fnt\n|faint|p1a: Landorus\n|\n|upkeep\n|\n|t:|1700450981\n|switch|p1a: Bisharp|Bisharp, F|100\/100\n|turn|2\n|\n|t:|1700451006\n|switch|p2a: Lucario|Lucario, F|100\/100\n|switch|p1a: Zapdos|Zapdos|100\/100\n|\n|upkeep\n|turn|3\n|\n|t:|1700451037\n|switch|p2a: Florges|Florges-Blue, F, shiny|100\/100\n|move|p1a: Zapdos|Thunderbolt|p2a: Florges\n|-damage|p2a: Florges|76\/100\n|\n|-heal|p2a: Florges|82\/100|[from] item: Leftovers\n|upkeep\n|turn|4\n|\n|t:|1700451060\n|-terastallize|p2a: Florges|Fire\n|move|p1a: Zapdos|Volt Switch|p2a: Florges\n|-damage|p2a: Florges|63\/100\n|\n|t:|1700451144\n|switch|p1a: Amoonguss|Amoonguss, M|100\/100|[from] Volt Switch\n|move|p2a: Florges|Calm Mind|p2a: Florges\n|-boost|p2a: Florges|spa|1\n|-boost|p2a: Florges|spd|1\n|\n|-heal|p2a: Florges|69\/100|[from] item: Leftovers\n|upkeep\n|turn|5\n|\n|t:|1700451166\n|move|p2a: Florges|Tera Blast|p1a: Amoonguss|[anim] Tera Blast Fire\n|-supereffective|p1a: Amoonguss\n|-damage|p1a: Amoonguss|43\/100\n|move|p1a: Amoonguss|Spore|p2a: Florges\n|-status|p2a: Florges|slp|[from] move: Spore\n|\n|-heal|p2a: Florges|75\/100 slp|[from] item: Leftovers\n|-heal|p1a: Amoonguss|49\/100|[from] item: Black Sludge\n|upkeep\n|turn|6\n|\n|t:|1700451238\n|switch|p2a: Mew|Mew, shiny|100\/100\n|switch|p1a: Zamazenta|Zamazenta|100\/100\n|-ability|p1a: Zamazenta|Dauntless Shield|boost\n|-boost|p1a: Zamazenta|def|1\n|\n|upkeep\n|turn|7\n|\n|t:|1700451285\n|switch|p1a: Bisharp|Bisharp, F|100\/100\n|move|p2a: Mew|Psychic|p1a: Bisharp\n|-immune|p1a: Bisharp\n|\n|upkeep\n|turn|8\n|\n|t:|1700451299\n|switch|p2a: Lucario|Lucario, F|100\/100\n|move|p1a: Bisharp|Thunder Wave|p2a: Lucario\n|-status|p2a: Lucario|par\n|\n|upkeep\n|turn|9\n|\n|t:|1700451329\n|switch|p1a: Zamazenta|Zamazenta|100\/100\n|detailschange|p2a: Lucario|Lucario-Mega, F\n|-mega|p2a: Lucario|Lucario|Lucarionite\n|move|p2a: Lucario|Vacuum Wave|p1a: Zamazenta\n|-damage|p1a: Zamazenta|85\/100\n|\n|upkeep\n|turn|10\n|\n|t:|1700451371\n|switch|p2a: Mew|Mew, shiny|100\/100\n|move|p1a: Zamazenta|Close Combat|p2a: Mew\n|-resisted|p2a: Mew\n|-damage|p2a: Mew|75\/100\n|-unboost|p1a: Zamazenta|def|1\n|-unboost|p1a: Zamazenta|spd|1\n|\n|upkeep\n|turn|11\n|\n|t:|1700451422\n|switch|p1a: Zapdos|Zapdos|100\/100\n|move|p2a: Mew|Earth Power|p1a: Zapdos\n|-immune|p1a: Zapdos\n|\n|upkeep\n|turn|12\n|\n|t:|1700451446\n|switch|p2a: Florges|Florges-Blue, F, shiny, tera:Fire|75\/100 slp\n|switch|p1a: Zamazenta|Zamazenta|85\/100\n|\n|-heal|p2a: Florges|82\/100 slp|[from] item: Leftovers\n|upkeep\n|turn|13\n|\n|t:|1700451463\n|move|p1a: Zamazenta|Close Combat|p2a: Florges\n|-damage|p2a: Florges|37\/100 slp\n|-unboost|p1a: Zamazenta|def|1\n|-unboost|p1a: Zamazenta|spd|1\n|cant|p2a: Florges|slp\n|\n|-heal|p2a: Florges|43\/100 slp|[from] item: Leftovers\n|upkeep\n|turn|14\n|\n|t:|1700451491\n|switch|p2a: Mew|Mew, shiny|75\/100\n|move|p1a: Zamazenta|Close Combat|p2a: Mew\n|-resisted|p2a: Mew\n|-damage|p2a: Mew|48\/100\n|-unboost|p1a: Zamazenta|def|1\n|-unboost|p1a: Zamazenta|spd|1\n|\n|upkeep\n|turn|15\n|\n|t:|1700451535\n|switch|p1a: Zapdos|Zapdos|100\/100\n|move|p2a: Mew|Ice Beam|p1a: Zapdos\n|-supereffective|p1a: Zapdos\n|-damage|p1a: Zapdos|48\/100\n|\n|upkeep\n|turn|16\n|\n|t:|1700451576\n|switch|p1a: Bisharp|Bisharp, F|100\/100\n|move|p2a: Mew|Ice Beam|p1a: Bisharp\n|-resisted|p1a: Bisharp\n|-damage|p1a: Bisharp|93\/100\n|-status|p1a: Bisharp|frz\n|\n|upkeep\n|turn|17\n|c|\u2606bobrumba|:(\n|\n|t:|1700451624\n|switch|p2a: Lucario|Lucario-Mega, F|100\/100 par\n|switch|p1a: Zamazenta|Zamazenta|85\/100\n|\n|upkeep\n|turn|18\n|\n|t:|1700451690\n|switch|p2a: Mew|Mew, shiny|48\/100\n|move|p1a: Zamazenta|Close Combat|p2a: Mew\n|-resisted|p2a: Mew\n|-damage|p2a: Mew|22\/100\n|-unboost|p1a: Zamazenta|def|1\n|-unboost|p1a: Zamazenta|spd|1\n|\n|upkeep\n|turn|19\n|\n|t:|1700451728\n|switch|p1a: Bisharp|Bisharp, F|93\/100 frz\n|move|p2a: Mew|Earth Power|p1a: Bisharp\n|-supereffective|p1a: Bisharp\n|-damage|p1a: Bisharp|62\/100 frz\n|\n|upkeep\n|turn|20\n|\n|t:|1700451740\n|switch|p1a: Charizard|Charizard, F|100\/100\n|move|p2a: Mew|Earth Power|p1a: Charizard\n|-immune|p1a: Charizard\n|\n|upkeep\n|turn|21\n|\n|t:|1700451755\n|switch|p2a: Donphan|Donphan, M|100\/100\n|move|p1a: Charizard|Dragon Dance|p1a: Charizard\n|-boost|p1a: Charizard|atk|1\n|-boost|p1a: Charizard|spe|1\n|\n|upkeep\n|turn|22\n|j| TheWinterborn\n|\n|t:|1700451805\n|move|p1a: Charizard|Flare Blitz|p2a: Donphan\n|-damage|p2a: Donphan|44\/100\n|-damage|p1a: Charizard|81\/100|[from] Recoil\n|move|p2a: Donphan|Earthquake|p1a: Charizard\n|-immune|p1a: Charizard\n|\n|upkeep\n|turn|23\n|c|\u2606I Am The Steve|damn\n|c|\u2606I Am The Steve|nice predict\n|c|\u2606bobrumba|ty\n|\n|t:|1700451863\n|detailschange|p1a: Charizard|Charizard-Mega-X, F\n|-mega|p1a: Charizard|Charizard|Charizardite X\n|move|p2a: Donphan|Ice Shard|p1a: Charizard\n|-damage|p1a: Charizard|66\/100\n|move|p1a: Charizard|Flare Blitz|p2a: Donphan\n|-damage|p2a: Donphan|0 fnt\n|faint|p2a: Donphan\n|-damage|p1a: Charizard|50\/100|[from] Recoil\n|\n|upkeep\n|\n|t:|1700451874\n|switch|p2a: Mew|Mew, shiny|22\/100\n|turn|24\n|\n|t:|1700451887\n|move|p1a: Charizard|Flare Blitz|p2a: Mew\n|-damage|p2a: Mew|0 fnt\n|faint|p2a: Mew\n|-damage|p1a: Charizard|42\/100|[from] Recoil\n|\n|upkeep\n|\n|t:|1700451923\n|switch|p2a: Florges|Florges-Blue, F, shiny, tera:Fire|43\/100 slp\n|turn|25\n|\n|t:|1700451943\n|move|p1a: Charizard|Flare Blitz|p2a: Florges\n|-resisted|p2a: Florges\n|-damage|p2a: Florges|0 fnt\n|faint|p2a: Florges\n|-damage|p1a: Charizard|25\/100|[from] Recoil\n|\n|upkeep\n|\n|t:|1700451949\n|switch|p2a: Lucario|Lucario-Mega, F|100\/100 par\n|turn|26\n|\n|t:|1700451992\n|switch|p1a: Amoonguss|Amoonguss, M|83\/100\n|cant|p2a: Lucario|par\n|\n|-heal|p1a: Amoonguss|89\/100|[from] item: Black Sludge\n|upkeep\n|turn|27\n|\n|t:|1700451999\n|switch|p2a: Spectrier|Spectrier|100\/100\n|move|p1a: Amoonguss|Spore|p2a: Spectrier\n|-status|p2a: Spectrier|slp|[from] move: Spore\n|\n|-heal|p1a: Amoonguss|95\/100|[from] item: Black Sludge\n|upkeep\n|turn|28\n|\n|t:|1700452009\n|switch|p1a: Zamazenta|Zamazenta|85\/100\n|cant|p2a: Spectrier|slp\n|move|p2a: Spectrier|Sleep Talk|p2a: Spectrier\n|move|p2a: Spectrier|Psychic|p1a: Zamazenta|[from]move: Sleep Talk\n|-supereffective|p1a: Zamazenta\n|-damage|p1a: Zamazenta|27\/100\n|-unboost|p1a: Zamazenta|spd|1\n|\n|upkeep\n|turn|29\n|c|\u2606bobrumba|oh WHAT\n|c| TheWinterborn|ayo\n|c|\u2606bobrumba|damnnnn\n|c|\u2606I Am The Steve|eyyyy\n|c|\u2606I Am The Steve|it was niche, but i thought it'd help\n|\n|t:|1700452063\n|switch|p1a: Bisharp|Bisharp, F|62\/100 frz\n|-curestatus|p2a: Spectrier|slp|[msg]\n|move|p2a: Spectrier|Sleep Talk||[still]\n|-fail|p2a: Spectrier\n|\n|upkeep\n|turn|30\n|\n|t:|1700452071\n|switch|p2a: Lucario|Lucario-Mega, F|100\/100 par\n|cant|p1a: Bisharp|frz\n|\n|upkeep\n|turn|31\n|\n|t:|1700452113\n|cant|p1a: Bisharp|frz\n|move|p2a: Lucario|Aura Sphere|p1a: Bisharp\n|-supereffective|p1a: Bisharp\n|-damage|p1a: Bisharp|0 fnt\n|faint|p1a: Bisharp\n|\n|upkeep\n|\n|t:|1700452140\n|switch|p1a: Zamazenta|Zamazenta|27\/100\n|turn|32\n|\n|t:|1700452161\n|switch|p2a: Spectrier|Spectrier|100\/100\n|move|p1a: Zamazenta|Crunch|p2a: Spectrier\n|-supereffective|p2a: Spectrier\n|-damage|p2a: Spectrier|38\/100\n|\n|upkeep\n|turn|33\n|c|\u2606I Am The Steve|uf\n|\n|t:|1700452176\n|move|p1a: Zamazenta|Crunch|p2a: Spectrier\n|-supereffective|p2a: Spectrier\n|-damage|p2a: Spectrier|0 fnt\n|faint|p2a: Spectrier\n|\n|upkeep\n|\n|t:|1700452183\n|switch|p2a: Lucario|Lucario-Mega, F|100\/100 par\n|turn|34\n|\n|t:|1700452190\n|move|p2a: Lucario|Vacuum Wave|p1a: Zamazenta\n|-damage|p1a: Zamazenta|11\/100\n|move|p1a: Zamazenta|Close Combat|p2a: Lucario\n|-supereffective|p2a: Lucario\n|-damage|p2a: Lucario|0 fnt\n|-unboost|p1a: Zamazenta|def|1\n|-unboost|p1a: Zamazenta|spd|1\n|faint|p2a: Lucario\n|\n|upkeep\n|c|\u2606I Am The Steve|gg\n|\n|t:|1700452197\n|switch|p2a: Xurkitree|Xurkitree, shiny|100\/100\n|turn|35\n|\n|t:|1700452208\n|move|p1a: Zamazenta|Close Combat|p2a: Xurkitree\n|-damage|p2a: Xurkitree|21\/100\n|-unboost|p1a: Zamazenta|def|1\n|-unboost|p1a: Zamazenta|spd|1\n|-zpower|p2a: Xurkitree\n|move|p2a: Xurkitree|Gigavolt Havoc|p1a: Zamazenta|[zeffect]\n|-crit|p1a: Zamazenta\n|-damage|p1a: Zamazenta|0 fnt\n|faint|p1a: Zamazenta\n|-ability|p2a: Xurkitree|Beast Boost|boost\n|-boost|p2a: Xurkitree|spa|1\n|\n|upkeep\n|c|\u2606bobrumba|gg\n|c|\u2606bobrumba|insane game lol\n|c|\u2606I Am The Steve|crazy indeed\n|\n|t:|1700452234\n|switch|p1a: Amoonguss|Amoonguss, M|100\/100\n|turn|36\n|\n|t:|1700452237\n|move|p2a: Xurkitree|Tail Glow|p2a: Xurkitree\n|-boost|p2a: Xurkitree|spa|3\n|move|p1a: Amoonguss|Sludge Bomb|p2a: Xurkitree\n|-damage|p2a: Xurkitree|0 fnt\n|faint|p2a: Xurkitree\n|\n|win|bobrumba\n","uploadtime":1700452244,"views":36,"p1id":"bobrumba","p2id":"iamthesteve","formatid":"gen9nationaldexubers","rating":0,"private":0,"password":""}