{"id":"gen9nationaldexubers-1999675157","p1":"Lanshei","p2":"krich2nd","format":"[Gen 9] National Dex Ubers","log":"|j|\u2606Lanshei\n|j|\u2606krich2nd\n|t:|1701106787\n|gametype|singles\n|player|p1|Lanshei|psychic|\n|player|p2|krich2nd|bellelba|\n|teamsize|p1|6\n|teamsize|p2|6\n|gen|9\n|tier|[Gen 9] National Dex Ubers\n|rule|HP Percentage Mod: HP is shown in percentages\n|rule|Endless Battle Clause: Forcing endless battles is banned\n|rule|OHKO Clause: OHKO moves are banned\n|rule|Evasion Moves Clause: Evasion moves are banned\n|rule|Evasion Items Clause: Evasion items are banned\n|rule|Species Clause: Limit one of each Pok\u00e9mon\n|rule|Sleep Clause Mod: Limit one foe put to sleep\n|rule|Mega Rayquaza Clause: You cannot mega evolve Rayquaza\n|clearpoke\n|poke|p1|Corviknight, M|\n|poke|p1|Toxapex, M|\n|poke|p1|Electabuzz, F|\n|poke|p1|Salamence, F|\n|poke|p1|Volcanion|\n|poke|p1|Hattrem, F|\n|poke|p2|Diancie|\n|poke|p2|Gliscor, M|\n|poke|p2|Iron Valiant|\n|poke|p2|Porygon2|\n|poke|p2|Zoroark-Hisui, F|\n|poke|p2|Arcanine-Hisui, M|\n|teampreview\n|inactive|Battle timer is ON: inactive players will automatically lose when time's up. (requested by krich2nd)\n|\n|t:|1701106804\n|start\n|switch|p1a: Bunker|Toxapex, M, shiny|100\/100\n|switch|p2a: Diancie|Diancie, shiny|100\/100\n|turn|1\n|\n|t:|1701106815\n|move|p2a: Diancie|Knock Off|p1a: Bunker\n|-damage|p1a: Bunker|84\/100\n|-enditem|p1a: Bunker|Black Sludge|[from] move: Knock Off|[of] p2a: Diancie\n|-damage|p2a: Diancie|91\/100|[from] item: Life Orb\n|move|p1a: Bunker|Toxic Spikes|p2a: Diancie\n|-sidestart|p2: krich2nd|move: Toxic Spikes\n|\n|upkeep\n|turn|2\n|\n|t:|1701106833\n|move|p2a: Diancie|Bitter Malice|p1a: Bunker\n|-damage|p1a: Bunker|44\/100\n|-unboost|p1a: Bunker|atk|1\n|-damage|p2a: Diancie|81\/100|[from] item: Life Orb\n|move|p1a: Bunker|Toxic Spikes|p2a: Diancie\n|-sidestart|p2: krich2nd|move: Toxic Spikes\n|\n|upkeep\n|turn|3\n|\n|t:|1701106846\n|switch|p1a: Raven|Corviknight, M|100\/100\n|move|p2a: Diancie|Bitter Malice|p1a: Raven\n|-damage|p1a: Raven|53\/100\n|-ability|p1a: Raven|Mirror Armor\n|-unboost|p2a: Diancie|atk|1\n|-damage|p2a: Diancie|71\/100|[from] item: Life Orb\n|\n|upkeep\n|turn|4\n|\n|t:|1701106861\n|move|p2a: Diancie|Knock Off|p1a: Raven\n|-damage|p1a: Raven|41\/100\n|-damage|p2a: Diancie|54\/100|[from] item: Rocky Helmet|[of] p1a: Raven\n|-enditem|p1a: Raven|Rocky Helmet|[from] move: Knock Off|[of] p2a: Diancie\n|-damage|p2a: Diancie|44\/100|[from] item: Life Orb\n|move|p1a: Raven|Steel Wing|p2a: Diancie|[miss]\n|-miss|p1a: Raven|p2a: Diancie\n|\n|upkeep\n|turn|5\n|\n|t:|1701106870\n|move|p2a: Diancie|Bitter Malice|p1a: Raven\n|-damage|p1a: Raven|0 fnt\n|faint|p1a: Raven\n|-damage|p2a: Diancie|34\/100|[from] item: Life Orb\n|\n|upkeep\n|\n|t:|1701106881\n|switch|p1a: Cck Ring|Volcanion|100\/100\n|turn|6\n|\n|t:|1701106888\n|move|p2a: Diancie|Knock Off|p1a: Cck Ring\n|-damage|p1a: Cck Ring|85\/100\n|-enditem|p1a: Cck Ring|Leftovers|[from] move: Knock Off|[of] p2a: Diancie\n|-damage|p2a: Diancie|24\/100|[from] item: Life Orb\n|move|p1a: Cck Ring|Steam Eruption|p2a: Diancie\n|-damage|p2a: Diancie|0 fnt\n|replace|p2a: Zoroark|Zoroark-Hisui, F, shiny\n|-end|p2a: Zoroark|Illusion\n|faint|p2a: Zoroark\n|\n|upkeep\n|\n|t:|1701106897\n|switch|p2a: Gliscor|Gliscor, M|100\/100\n|turn|7\n|\n|t:|1701106914\n|-terastallize|p2a: Gliscor|Water\n|move|p2a: Gliscor|Earthquake|p1a: Cck Ring\n|-supereffective|p1a: Cck Ring\n|-damage|p1a: Cck Ring|30\/100\n|move|p1a: Cck Ring|Misty Terrain|p1a: Cck Ring\n|-fieldstart|move: Misty Terrain\n|\n|upkeep\n|turn|8\n|\n|t:|1701106922\n|switch|p1a: Krich|Electabuzz, F|100\/100\n|move|p2a: Gliscor|Earthquake|p1a: Krich\n|-supereffective|p1a: Krich\n|-damage|p1a: Krich|12\/100\n|\n|upkeep\n|turn|9\n|\n|t:|1701106931\n|move|p2a: Gliscor|Protect|p2a: Gliscor\n|-singleturn|p2a: Gliscor|Protect\n|move|p1a: Krich|Taunt|p2a: Gliscor\n|-activate|p2a: Gliscor|move: Protect\n|\n|upkeep\n|turn|10\n|\n|t:|1701106942\n|move|p1a: Krich|Feint|p2a: Gliscor\n|-damage|p2a: Gliscor|95\/100\n|move|p2a: Gliscor|Knock Off|p1a: Krich\n|-damage|p1a: Krich|0 fnt\n|-enditem|p1a: Krich|Eviolite|[from] move: Knock Off|[of] p2a: Gliscor\n|faint|p1a: Krich\n|\n|upkeep\n|\n|t:|1701106949\n|switch|p1a: Nuzzle|Hattrem, F|100\/100\n|turn|11\n|\n|t:|1701106959\n|move|p2a: Gliscor|Protect|p2a: Gliscor\n|-singleturn|p2a: Gliscor|Protect\n|move|p1a: Nuzzle|Imprison|p1a: Nuzzle\n|-start|p1a: Nuzzle|move: Imprison\n|\n|-fieldend|Misty Terrain\n|-status|p2a: Gliscor|tox|[from] item: Toxic Orb\n|upkeep\n|turn|12\n|\n|t:|1701106970\n|move|p2a: Gliscor|Knock Off|p1a: Nuzzle\n|-supereffective|p1a: Nuzzle\n|-damage|p1a: Nuzzle|60\/100\n|-enditem|p1a: Nuzzle|Eviolite|[from] move: Knock Off|[of] p2a: Gliscor\n|move|p1a: Nuzzle|Substitute|p1a: Nuzzle\n|-start|p1a: Nuzzle|Substitute\n|-damage|p1a: Nuzzle|35\/100\n|\n|-heal|p2a: Gliscor|100\/100 tox|[from] ability: Poison Heal\n|upkeep\n|turn|13\n|\n|t:|1701106979\n|move|p2a: Gliscor|Earthquake|p1a: Nuzzle\n|-end|p1a: Nuzzle|Substitute\n|move|p1a: Nuzzle|Mystical Fire|p2a: Gliscor\n|-resisted|p2a: Gliscor\n|-damage|p2a: Gliscor|91\/100 tox\n|-unboost|p2a: Gliscor|spa|1\n|\n|-heal|p2a: Gliscor|100\/100 tox|[from] ability: Poison Heal\n|upkeep\n|turn|14\n|\n|t:|1701106988\n|move|p1a: Nuzzle|Protect|p1a: Nuzzle\n|-singleturn|p1a: Nuzzle|Protect\n|move|p2a: Gliscor|Earthquake|p1a: Nuzzle\n|-activate|p1a: Nuzzle|move: Protect\n|\n|upkeep\n|turn|15\n|\n|t:|1701106998\n|switch|p1a: Bad Dragon|Salamence, F|100\/100\n|-ability|p1a: Bad Dragon|Intimidate|boost\n|-unboost|p2a: Gliscor|atk|1\n|move|p2a: Gliscor|Earthquake|p1a: Bad Dragon\n|-immune|p1a: Bad Dragon\n|\n|upkeep\n|turn|16\n|\n|t:|1701107012\n|switch|p2a: Porygon2|Porygon2|100\/100\n|-status|p2a: Porygon2|tox\n|-ability|p2a: Porygon2|Intimidate|boost\n|-unboost|p1a: Bad Dragon|atk|1\n|-ability|p2a: Porygon2|Intimidate|[from] ability: Trace|[of] p1a: Bad Dragon\n|move|p1a: Bad Dragon|Dragon Dance|p1a: Bad Dragon\n|-boost|p1a: Bad Dragon|atk|1\n|-boost|p1a: Bad Dragon|spe|1\n|\n|-damage|p2a: Porygon2|94\/100 tox|[from] psn\n|upkeep\n|turn|17\n|\n|t:|1701107025\n|move|p1a: Bad Dragon|Fire Spin|p2a: Porygon2\n|-damage|p2a: Porygon2|90\/100 tox\n|-activate|p2a: Porygon2|move: Fire Spin|[of] p1a: Bad Dragon\n|move|p2a: Porygon2|Thunder Wave|p1a: Bad Dragon\n|-status|p1a: Bad Dragon|par\n|\n|-damage|p2a: Porygon2|78\/100 tox|[from] psn\n|-damage|p2a: Porygon2|65\/100 tox|[from] move: Fire Spin|[partiallytrapped]\n|upkeep\n|turn|18\n|\n|t:|1701107035\n|move|p1a: Bad Dragon|Dragon Dance|p1a: Bad Dragon\n|-boost|p1a: Bad Dragon|atk|1\n|-boost|p1a: Bad Dragon|spe|1\n|move|p2a: Porygon2|Ice Beam|p1a: Bad Dragon\n|-supereffective|p1a: Bad Dragon\n|-damage|p1a: Bad Dragon|0 fnt\n|faint|p1a: Bad Dragon\n|\n|-damage|p2a: Porygon2|47\/100 tox|[from] psn\n|-end|p2a: Porygon2|Fire Spin|[partiallytrapped]|[silent]\n|upkeep\n|\n|t:|1701107044\n|switch|p1a: Bunker|Toxapex, M, shiny|77\/100\n|turn|19\n|\n|t:|1701107051\n|move|p1a: Bunker|Baneful Bunker|p1a: Bunker\n|-singleturn|p1a: Bunker|move: Protect\n|move|p2a: Porygon2|Thunder Wave|p1a: Bunker\n|-activate|p1a: Bunker|move: Protect\n|\n|-damage|p2a: Porygon2|22\/100 tox|[from] psn\n|upkeep\n|turn|20\n|\n|t:|1701107064\n|move|p2a: Porygon2|Thunder|p1a: Bunker\n|-supereffective|p1a: Bunker\n|-damage|p1a: Bunker|34\/100\n|move|p1a: Bunker|Gastro Acid|p2a: Porygon2\n|-endability|p2a: Porygon2\n|\n|-damage|p2a: Porygon2|0 fnt|[from] psn\n|faint|p2a: Porygon2\n|upkeep\n|\n|t:|1701107084\n|switch|p2a: Arcanine|Arcanine-Hisui, M|100\/100\n|-status|p2a: Arcanine|tox\n|turn|21\n|\n|t:|1701107089\n|move|p1a: Bunker|Baneful Bunker|p1a: Bunker\n|-singleturn|p1a: Bunker|move: Protect\n|move|p2a: Arcanine|Wild Charge|p1a: Bunker\n|-activate|p1a: Bunker|move: Protect\n|\n|-damage|p2a: Arcanine|94\/100 tox|[from] psn\n|upkeep\n|turn|22\n|\n|t:|1701107097\n|switch|p1a: Nuzzle|Hattrem, F|35\/100\n|move|p2a: Arcanine|Wild Charge|p1a: Nuzzle\n|-damage|p1a: Nuzzle|0 fnt\n|faint|p1a: Nuzzle\n|\n|-damage|p2a: Arcanine|82\/100 tox|[from] psn\n|upkeep\n|\n|t:|1701107104\n|switch|p1a: Bunker|Toxapex, M, shiny|67\/100\n|turn|23\n|\n|t:|1701107107\n|move|p1a: Bunker|Baneful Bunker|p1a: Bunker\n|-singleturn|p1a: Bunker|move: Protect\n|move|p2a: Arcanine|Wild Charge|p1a: Bunker\n|-activate|p1a: Bunker|move: Protect\n|\n|-damage|p2a: Arcanine|64\/100 tox|[from] psn\n|upkeep\n|turn|24\n|\n|t:|1701107121\n|move|p2a: Arcanine|Wild Charge|p1a: Bunker\n|-supereffective|p1a: Bunker\n|-damage|p1a: Bunker|32\/100\n|move|p1a: Bunker|Hex|p2a: Arcanine\n|-damage|p2a: Arcanine|42\/100 tox\n|\n|-damage|p2a: Arcanine|18\/100 tox|[from] psn\n|upkeep\n|turn|25\n|\n|t:|1701107131\n|switch|p2a: Diancie|Diancie, shiny|100\/100\n|-status|p2a: Diancie|tox\n|move|p1a: Bunker|Baneful Bunker||[still]\n|-fail|p1a: Bunker\n|\n|-damage|p2a: Diancie|94\/100 tox|[from] psn\n|upkeep\n|turn|26\n|\n|t:|1701107145\n|detailschange|p2a: Diancie|Diancie-Mega, shiny\n|-mega|p2a: Diancie|Diancie|Diancite\n|move|p1a: Bunker|Baneful Bunker|p1a: Bunker\n|-singleturn|p1a: Bunker|move: Protect\n|move|p2a: Diancie|Diamond Storm|p1a: Bunker\n|-activate|p1a: Bunker|move: Protect\n|\n|-damage|p2a: Diancie|82\/100 tox|[from] psn\n|upkeep\n|turn|27\n|\n|t:|1701107155\n|switch|p1a: Cck Ring|Volcanion|30\/100\n|move|p2a: Diancie|Explosion|p1a: Cck Ring\n|-damage|p1a: Cck Ring|0 fnt\n|faint|p2a: Diancie\n|faint|p1a: Cck Ring\n|\n|upkeep\n|\n|t:|1701107165\n|switch|p2a: Gliscor|Gliscor, M, tera:Water|100\/100 tox\n|switch|p1a: Bunker|Toxapex, M, shiny|65\/100\n|turn|28\n|\n|t:|1701107174\n|move|p2a: Gliscor|Knock Off|p1a: Bunker\n|-damage|p1a: Bunker|57\/100\n|move|p1a: Bunker|Gastro Acid|p2a: Gliscor\n|-endability|p2a: Gliscor\n|\n|-damage|p2a: Gliscor|94\/100 tox|[from] psn\n|upkeep\n|turn|29\n|\n|t:|1701107191\n|move|p2a: Gliscor|Earthquake|p1a: Bunker\n|-supereffective|p1a: Bunker\n|-damage|p1a: Bunker|14\/100\n|move|p1a: Bunker|Hex|p2a: Gliscor\n|-damage|p2a: Gliscor|70\/100 tox\n|\n|-damage|p2a: Gliscor|58\/100 tox|[from] psn\n|upkeep\n|turn|30\n|\n|t:|1701107199\n|switch|p2a: Arcanine|Arcanine-Hisui, M|18\/100 tox\n|move|p1a: Bunker|Baneful Bunker||[still]\n|-fail|p1a: Bunker\n|\n|-damage|p2a: Arcanine|12\/100 tox|[from] psn\n|upkeep\n|turn|31\n|\n|t:|1701107205\n|move|p1a: Bunker|Baneful Bunker|p1a: Bunker\n|-singleturn|p1a: Bunker|move: Protect\n|move|p2a: Arcanine|Wild Charge|p1a: Bunker\n|-activate|p1a: Bunker|move: Protect\n|\n|-damage|p2a: Arcanine|0 fnt|[from] psn\n|faint|p2a: Arcanine\n|upkeep\n|\n|t:|1701107211\n|switch|p2a: Iron Valiant|Iron Valiant|100\/100\n|-status|p2a: Iron Valiant|tox\n|-enditem|p2a: Iron Valiant|Booster Energy\n|-activate|p2a: Iron Valiant|ability: Quark Drive|[fromitem]\n|-start|p2a: Iron Valiant|quarkdrivespe\n|turn|32\n|\n|t:|1701107223\n|move|p1a: Bunker|Baneful Bunker||[still]\n|-fail|p1a: Bunker\n|move|p2a: Iron Valiant|Leaf Blade|p1a: Bunker\n|-damage|p1a: Bunker|0 fnt\n|faint|p1a: Bunker\n|\n|win|krich2nd\n","uploadtime":1701107234,"views":23,"p1id":"lanshei","p2id":"krich2nd","formatid":"gen9nationaldexubers","rating":0,"private":0,"password":""}