{"id":"gen9nationaldexubers-1999384504","p1":"CJWest","p2":"Crazy Gary","format":"[Gen 9] National Dex Ubers","log":"|j|\u2606CJWest\n|j|\u2606Crazy Gary\n|t:|1701071224\n|gametype|singles\n|player|p1|CJWest|backpacker|1000\n|player|p2|Crazy Gary|scientist-gen4|1099\n|teamsize|p1|6\n|teamsize|p2|6\n|gen|9\n|tier|[Gen 9] National Dex Ubers\n|rated|\n|rule|HP Percentage Mod: HP is shown in percentages\n|rule|Endless Battle Clause: Forcing endless battles is banned\n|rule|OHKO Clause: OHKO moves are banned\n|rule|Evasion Moves Clause: Evasion moves are banned\n|rule|Evasion Items Clause: Evasion items are banned\n|rule|Species Clause: Limit one of each Pok\u00e9mon\n|rule|Sleep Clause Mod: Limit one foe put to sleep\n|rule|Mega Rayquaza Clause: You cannot mega evolve Rayquaza\n|clearpoke\n|poke|p1|Umbreon, M|\n|poke|p1|Venusaur, F|\n|poke|p1|Rhyperior, F|\n|poke|p1|Magnezone|\n|poke|p1|Annihilape, F|\n|poke|p1|Lapras, F|\n|poke|p2|Persian-Alola, M|\n|poke|p2|Gyarados, M|\n|poke|p2|Iron Bundle|\n|poke|p2|Hippowdon, M|\n|poke|p2|Pikachu, M|\n|poke|p2|Genesect|\n|teampreview\n|\n|t:|1701071230\n|start\n|switch|p1a: Magnezone|Magnezone|100\/100\n|switch|p2a: Morgana|Persian-Alola, M|100\/100\n|turn|1\n|\n|t:|1701071240\n|move|p2a: Morgana|Fake Out|p1a: Magnezone\n|-resisted|p1a: Magnezone\n|-damage|p1a: Magnezone|96\/100\n|cant|p1a: Magnezone|flinch\n|\n|upkeep\n|turn|2\n|\n|t:|1701071249\n|move|p2a: Morgana|Hypnosis|p1a: Magnezone\n|-status|p1a: Magnezone|slp|[from] move: Hypnosis\n|cant|p1a: Magnezone|slp\n|\n|upkeep\n|turn|3\n|\n|t:|1701071261\n|move|p2a: Morgana|Hidden Power|p1a: Magnezone\n|-resisted|p1a: Magnezone\n|-damage|p1a: Magnezone|92\/100 slp\n|cant|p1a: Magnezone|slp\n|\n|upkeep\n|turn|4\n|\n|t:|1701071268\n|move|p2a: Morgana|Slash|p1a: Magnezone\n|-resisted|p1a: Magnezone\n|-crit|p1a: Magnezone\n|-damage|p1a: Magnezone|85\/100 slp\n|-curestatus|p1a: Magnezone|slp|[msg]\n|move|p1a: Magnezone|Thunderbolt|p2a: Morgana\n|-damage|p2a: Morgana|0 fnt\n|faint|p2a: Morgana\n|\n|upkeep\n|\n|t:|1701071277\n|switch|p2a: Robot Santa|Iron Bundle|100\/100\n|turn|5\n|\n|t:|1701071285\n|move|p2a: Robot Santa|Present|p1a: Magnezone\n|-resisted|p1a: Magnezone\n|-damage|p1a: Magnezone|78\/100\n|move|p1a: Magnezone|Thunderbolt|p2a: Robot Santa\n|-supereffective|p2a: Robot Santa\n|-damage|p2a: Robot Santa|0 fnt\n|faint|p2a: Robot Santa\n|-end|p2a: Robot Santa|Quark Drive|[silent]\n|\n|upkeep\n|\n|t:|1701071293\n|switch|p2a: Darude|Hippowdon, M|100\/100\n|-weather|Sandstorm|[from] ability: Sand Stream|[of] p2a: Darude\n|turn|6\n|\n|t:|1701071302\n|switch|p1a: Venusaur|Venusaur, F|100\/100\n|move|p2a: Darude|Scorching Sands|p1a: Venusaur\n|-damage|p1a: Venusaur|88\/100\n|\n|-weather|Sandstorm|[upkeep]\n|-damage|p1a: Venusaur|82\/100|[from] Sandstorm\n|-heal|p1a: Venusaur|88\/100|[from] item: Black Sludge\n|upkeep\n|turn|7\n|\n|t:|1701071312\n|move|p1a: Venusaur|Leech Seed|p2a: Darude\n|-start|p2a: Darude|move: Leech Seed\n|move|p2a: Darude|Scorching Sands|p1a: Venusaur\n|-damage|p1a: Venusaur|76\/100\n|\n|-weather|Sandstorm|[upkeep]\n|-damage|p1a: Venusaur|70\/100|[from] Sandstorm\n|-heal|p1a: Venusaur|76\/100|[from] item: Black Sludge\n|-damage|p2a: Darude|88\/100|[from] Leech Seed|[of] p1a: Venusaur\n|-heal|p1a: Venusaur|91\/100|[silent]\n|upkeep\n|turn|8\n|\n|t:|1701071323\n|move|p1a: Venusaur|Giga Drain|p2a: Darude\n|-supereffective|p2a: Darude\n|-damage|p2a: Darude|35\/100\n|-heal|p1a: Venusaur|100\/100|[from] drain|[of] p2a: Darude\n|move|p2a: Darude|Scorching Sands|p1a: Venusaur\n|-damage|p1a: Venusaur|88\/100\n|-status|p1a: Venusaur|brn\n|\n|-weather|Sandstorm|[upkeep]\n|-damage|p1a: Venusaur|82\/100 brn|[from] Sandstorm\n|-heal|p1a: Venusaur|88\/100 brn|[from] item: Black Sludge\n|-damage|p2a: Darude|22\/100|[from] Leech Seed|[of] p1a: Venusaur\n|-heal|p1a: Venusaur|100\/100 brn|[silent]\n|-damage|p1a: Venusaur|94\/100 brn|[from] brn\n|upkeep\n|turn|9\n|\n|t:|1701071339\n|move|p1a: Venusaur|Giga Drain|p2a: Darude\n|-supereffective|p2a: Darude\n|-damage|p2a: Darude|0 fnt\n|-heal|p1a: Venusaur|100\/100 brn|[from] drain|[of] p2a: Darude\n|faint|p2a: Darude\n|\n|-weather|Sandstorm|[upkeep]\n|-damage|p1a: Venusaur|94\/100 brn|[from] Sandstorm\n|-heal|p1a: Venusaur|100\/100 brn|[from] item: Black Sludge\n|-damage|p1a: Venusaur|94\/100 brn|[from] brn\n|upkeep\n|\n|t:|1701071348\n|switch|p2a: Leviathan|Gyarados, M|100\/100\n|-ability|p2a: Leviathan|Intimidate|boost\n|-unboost|p1a: Venusaur|atk|1\n|turn|10\n|\n|t:|1701071353\n|detailschange|p2a: Leviathan|Gyarados-Mega, M\n|-mega|p2a: Leviathan|Gyarados|Gyaradosite\n|-ability|p2a: Leviathan|Mold Breaker\n|move|p2a: Leviathan|Splash|p2a: Leviathan\n|-nothing\n|move|p1a: Venusaur|Toxic|p2a: Leviathan\n|-status|p2a: Leviathan|tox\n|\n|-weather|Sandstorm|[upkeep]\n|-damage|p2a: Leviathan|94\/100 tox|[from] Sandstorm\n|-damage|p1a: Venusaur|88\/100 brn|[from] Sandstorm\n|-heal|p1a: Venusaur|94\/100 brn|[from] item: Black Sludge\n|-damage|p2a: Leviathan|88\/100 tox|[from] psn\n|-damage|p1a: Venusaur|88\/100 brn|[from] brn\n|upkeep\n|turn|11\n|\n|t:|1701071368\n|move|p2a: Leviathan|Splash|p2a: Leviathan\n|-nothing\n|move|p1a: Venusaur|Leech Seed|p2a: Leviathan\n|-start|p2a: Leviathan|move: Leech Seed\n|\n|-weather|Sandstorm|[upkeep]\n|-damage|p2a: Leviathan|82\/100 tox|[from] Sandstorm\n|-damage|p1a: Venusaur|82\/100 brn|[from] Sandstorm\n|-heal|p1a: Venusaur|88\/100 brn|[from] item: Black Sludge\n|-damage|p2a: Leviathan|70\/100 tox|[from] Leech Seed|[of] p1a: Venusaur\n|-heal|p1a: Venusaur|99\/100 brn|[silent]\n|-damage|p2a: Leviathan|58\/100 tox|[from] psn\n|-damage|p1a: Venusaur|94\/100 brn|[from] brn\n|upkeep\n|turn|12\n|\n|t:|1701071381\n|move|p2a: Leviathan|Splash|p2a: Leviathan\n|-nothing\n|move|p1a: Venusaur|Giga Drain|p2a: Leviathan\n|-supereffective|p2a: Leviathan\n|-damage|p2a: Leviathan|20\/100 tox\n|-heal|p1a: Venusaur|100\/100 brn|[from] drain|[of] p2a: Leviathan\n|\n|-weather|Sandstorm|[upkeep]\n|-damage|p2a: Leviathan|14\/100 tox|[from] Sandstorm\n|-damage|p1a: Venusaur|94\/100 brn|[from] Sandstorm\n|-heal|p1a: Venusaur|100\/100 brn|[from] item: Black Sludge\n|-damage|p2a: Leviathan|2\/100 tox|[from] Leech Seed|[of] p1a: Venusaur\n|-damage|p2a: Leviathan|0 fnt|[from] psn\n|faint|p2a: Leviathan\n|-damage|p1a: Venusaur|94\/100 brn|[from] brn\n|upkeep\n|\n|t:|1701071394\n|switch|p2a: Pikachu|Pikachu, M|100\/100\n|turn|13\n|\n|t:|1701071398\n|-terastallize|p2a: Pikachu|Ghost\n|move|p2a: Pikachu|Thunderbolt|p1a: Venusaur\n|-resisted|p1a: Venusaur\n|-damage|p1a: Venusaur|89\/100 brn\n|move|p1a: Venusaur|Leech Seed|p2a: Pikachu|[miss]\n|-miss|p1a: Venusaur|p2a: Pikachu\n|\n|-weather|none\n|-heal|p1a: Venusaur|95\/100 brn|[from] item: Black Sludge\n|-damage|p1a: Venusaur|89\/100 brn|[from] brn\n|upkeep\n|turn|14\n|\n|t:|1701071410\n|move|p2a: Pikachu|Electroweb|p1a: Venusaur\n|-resisted|p1a: Venusaur\n|-damage|p1a: Venusaur|85\/100 brn\n|-unboost|p1a: Venusaur|spe|1\n|move|p1a: Venusaur|Leech Seed|p2a: Pikachu\n|-start|p2a: Pikachu|move: Leech Seed\n|\n|-heal|p1a: Venusaur|91\/100 brn|[from] item: Black Sludge\n|-damage|p2a: Pikachu|88\/100|[from] Leech Seed|[of] p1a: Venusaur\n|-heal|p1a: Venusaur|99\/100 brn|[silent]\n|-damage|p1a: Venusaur|94\/100 brn|[from] brn\n|upkeep\n|turn|15\n|\n|t:|1701071422\n|move|p2a: Pikachu|Quick Attack|p1a: Venusaur\n|-damage|p1a: Venusaur|88\/100 brn\n|move|p1a: Venusaur|Toxic|p2a: Pikachu\n|-status|p2a: Pikachu|tox\n|\n|-heal|p1a: Venusaur|94\/100 brn|[from] item: Black Sludge\n|-damage|p2a: Pikachu|76\/100 tox|[from] Leech Seed|[of] p1a: Venusaur\n|-heal|p1a: Venusaur|100\/100 brn|[silent]\n|-damage|p2a: Pikachu|69\/100 tox|[from] psn\n|-damage|p1a: Venusaur|94\/100 brn|[from] brn\n|upkeep\n|turn|16\n|\n|t:|1701071441\n|move|p2a: Pikachu|Thunderbolt|p1a: Venusaur\n|-resisted|p1a: Venusaur\n|-crit|p1a: Venusaur\n|-damage|p1a: Venusaur|86\/100 brn\n|move|p1a: Venusaur|Giga Drain|p2a: Pikachu\n|-damage|p2a: Pikachu|30\/100 tox\n|-heal|p1a: Venusaur|100\/100 brn|[from] drain|[of] p2a: Pikachu\n|\n|-damage|p2a: Pikachu|18\/100 tox|[from] Leech Seed|[of] p1a: Venusaur\n|-damage|p2a: Pikachu|5\/100 tox|[from] psn\n|-damage|p1a: Venusaur|94\/100 brn|[from] brn\n|upkeep\n|turn|17\n|\n|t:|1701071455\n|move|p2a: Pikachu|Quick Attack|p1a: Venusaur\n|-damage|p1a: Venusaur|88\/100 brn\n|move|p1a: Venusaur|Giga Drain|p2a: Pikachu\n|-damage|p2a: Pikachu|0 fnt\n|-heal|p1a: Venusaur|90\/100 brn|[from] drain|[of] p2a: Pikachu\n|faint|p2a: Pikachu\n|\n|-heal|p1a: Venusaur|96\/100 brn|[from] item: Black Sludge\n|-damage|p1a: Venusaur|90\/100 brn|[from] brn\n|upkeep\n|\n|t:|1701071464\n|switch|p2a: Blaster|Genesect, shiny|100\/100\n|-ability|p2a: Blaster|Download|boost\n|-boost|p2a: Blaster|atk|1\n|turn|18\n|\n|t:|1701071471\n|move|p2a: Blaster|Explosion|p1a: Venusaur\n|-damage|p1a: Venusaur|0 fnt\n|faint|p2a: Blaster\n|faint|p1a: Venusaur\n|\n|win|CJWest\n|raw|CJWest's rating: 1000 &rarr; <strong>1051<\/strong><br \/>(+51 for winning)\n|raw|Crazy Gary's rating: 1099 &rarr; <strong>1067<\/strong><br \/>(-32 for losing)\n","uploadtime":1701071477,"views":2,"p1id":"cjwest","p2id":"crazygary","formatid":"gen9nationaldexubers","rating":1051,"private":0,"password":""}