{"id":"gen9nationaldexubers-1978856626","p1":"moniceij8","p2":"07aint","format":"[Gen 9] National Dex Ubers","log":"|j|\u2606moniceij8\n|j|\u260607aint\n|t:|1698603273\n|gametype|singles\n|player|p1|moniceij8|alder|\n|player|p2|07aint|silver-gen2|\n|teamsize|p1|6\n|teamsize|p2|6\n|gen|9\n|tier|[Gen 9] National Dex Ubers\n|rule|HP Percentage Mod: HP is shown in percentages\n|rule|Endless Battle Clause: Forcing endless battles is banned\n|rule|OHKO Clause: OHKO moves are banned\n|rule|Evasion Moves Clause: Evasion moves are banned\n|rule|Evasion Items Clause: Evasion items are banned\n|rule|Species Clause: Limit one of each Pok\u00e9mon\n|rule|Sleep Clause Mod: Limit one foe put to sleep\n|rule|Mega Rayquaza Clause: You cannot mega evolve Rayquaza\n|clearpoke\n|poke|p1|Toxapex, F|\n|poke|p1|Mimikyu, F|\n|poke|p1|Arceus|\n|poke|p1|Blaziken, M|\n|poke|p1|Darkrai|\n|poke|p1|Baxcalibur, F|\n|poke|p2|Tapu Lele|\n|poke|p2|Metagross|\n|poke|p2|Landorus-Therian, M|\n|poke|p2|Togekiss, F|\n|poke|p2|Amoonguss, F|\n|poke|p2|Grimmsnarl, M|\n|teampreview\n|inactive|Battle timer is ON: inactive players will automatically lose when time's up. (requested by 07aint)\n|\n|t:|1698603291\n|start\n|switch|p1a: Mimikyu|Mimikyu, F|100\/100\n|switch|p2a: Australia|Landorus-Therian, M|100\/100\n|-ability|p2a: Australia|Intimidate|boost\n|-unboost|p1a: Mimikyu|atk|1\n|turn|1\n|\n|t:|1698603299\n|move|p2a: Australia|Earthquake|p1a: Mimikyu\n|-activate|p1a: Mimikyu|ability: Disguise\n|-damage|p1a: Mimikyu|100\/100\n|detailschange|p1a: Mimikyu|Mimikyu-Busted, F\n|-damage|p1a: Mimikyu|88\/100|[from] pokemon: Mimikyu-Busted\n|move|p1a: Mimikyu|Swords Dance|p1a: Mimikyu\n|-boost|p1a: Mimikyu|atk|2\n|\n|upkeep\n|turn|2\n|\n|t:|1698603308\n|move|p1a: Mimikyu|Shadow Sneak|p2a: Australia\n|-damage|p2a: Australia|68\/100\n|-damage|p1a: Mimikyu|72\/100|[from] item: Rocky Helmet|[of] p2a: Australia\n|-damage|p1a: Mimikyu|62\/100|[from] item: Life Orb\n|move|p2a: Australia|Earthquake|p1a: Mimikyu\n|-damage|p1a: Mimikyu|0 fnt\n|faint|p1a: Mimikyu\n|\n|upkeep\n|\n|t:|1698603317\n|switch|p1a: Toxapex|Toxapex, F|100\/100\n|turn|3\n|\n|t:|1698603321\n|-terastallize|p2a: Australia|Ground\n|move|p2a: Australia|Earthquake|p1a: Toxapex\n|-supereffective|p1a: Toxapex\n|-damage|p1a: Toxapex|24\/100\n|move|p1a: Toxapex|Surf|p2a: Australia\n|-supereffective|p2a: Australia\n|-damage|p2a: Australia|19\/100\n|\n|-heal|p1a: Toxapex|30\/100|[from] item: Leftovers\n|upkeep\n|turn|4\n|\n|t:|1698603336\n|move|p2a: Australia|Earthquake|p1a: Toxapex\n|-supereffective|p1a: Toxapex\n|-damage|p1a: Toxapex|0 fnt\n|faint|p1a: Toxapex\n|\n|upkeep\n|\n|t:|1698603345\n|switch|p1a: Blaziken|Blaziken, M|100\/100\n|turn|5\n|\n|t:|1698603350\n|detailschange|p1a: Blaziken|Blaziken-Mega, M\n|-mega|p1a: Blaziken|Blaziken|Blazikenite\n|move|p1a: Blaziken|Close Combat|p2a: Australia\n|-damage|p2a: Australia|0 fnt\n|-unboost|p1a: Blaziken|def|1\n|-unboost|p1a: Blaziken|spd|1\n|-damage|p1a: Blaziken|84\/100|[from] item: Rocky Helmet|[of] p2a: Australia\n|faint|p2a: Australia\n|\n|-ability|p1a: Blaziken|Speed Boost|boost\n|-boost|p1a: Blaziken|spe|1\n|upkeep\n|\n|t:|1698603364\n|switch|p2a: lol|Tapu Lele, shiny|100\/100\n|-fieldstart|move: Psychic Terrain|[from] ability: Psychic Surge|[of] p2a: lol\n|turn|6\n|\n|t:|1698603369\n|move|p1a: Blaziken|Swords Dance|p1a: Blaziken\n|-boost|p1a: Blaziken|atk|2\n|move|p2a: lol|Moonblast|p1a: Blaziken\n|-damage|p1a: Blaziken|0 fnt\n|faint|p1a: Blaziken\n|\n|upkeep\n|\n|t:|1698603375\n|switch|p1a: Darkrai|Darkrai|100\/100\n|turn|7\n|\n|t:|1698603386\n|move|p1a: Darkrai|Dark Pulse|p2a: lol\n|-damage|p2a: lol|56\/100\n|move|p2a: lol|Moonblast|p1a: Darkrai\n|-supereffective|p1a: Darkrai\n|-damage|p1a: Darkrai|0 fnt\n|faint|p1a: Darkrai\n|\n|upkeep\n|\n|t:|1698603397\n|switch|p1a: Baxcalibur|Baxcalibur, F|100\/100\n|turn|8\n|\n|t:|1698603401\n|move|p2a: lol|Moonblast|p1a: Baxcalibur\n|-supereffective|p1a: Baxcalibur\n|-damage|p1a: Baxcalibur|0 fnt\n|faint|p1a: Baxcalibur\n|\n|upkeep\n|\n|t:|1698603406\n|switch|p1a: Arceus|Arceus|100\/100\n|turn|9\n|\n|t:|1698603409\n|move|p2a: lol|Moonblast|p1a: Arceus\n|-damage|p1a: Arceus|52\/100\n|move|p1a: Arceus|Swords Dance|p1a: Arceus\n|-boost|p1a: Arceus|atk|2\n|\n|upkeep\n|turn|10\n|\n|t:|1698603416\n|move|p2a: lol|Moonblast|p1a: Arceus\n|-damage|p1a: Arceus|0 fnt\n|faint|p1a: Arceus\n|\n|win|07aint\n|l|\u2606moniceij8\n","uploadtime":1698603433,"views":11,"p1id":"moniceij8","p2id":"07aint","formatid":"gen9nationaldexubers","rating":0,"private":0,"password":""}