{"id":"gen9nationaldexubers-1977836967","p1":"volca272","p2":"matatias","format":"[Gen 9] National Dex Ubers","log":"|j|\u2606volca272\n|j|\u2606matatias\n|t:|1698455670\n|gametype|singles\n|player|p1|volca272|n|\n|player|p2|matatias|266|\n|teamsize|p1|6\n|teamsize|p2|6\n|gen|9\n|tier|[Gen 9] National Dex Ubers\n|rule|HP Percentage Mod: HP is shown in percentages\n|rule|Endless Battle Clause: Forcing endless battles is banned\n|rule|OHKO Clause: OHKO moves are banned\n|rule|Evasion Moves Clause: Evasion moves are banned\n|rule|Evasion Items Clause: Evasion items are banned\n|rule|Species Clause: Limit one of each Pok\u00e9mon\n|rule|Sleep Clause Mod: Limit one foe put to sleep\n|rule|Mega Rayquaza Clause: You cannot mega evolve Rayquaza\n|clearpoke\n|poke|p1|Volcarona, M|\n|poke|p1|Beedrill, M|\n|poke|p1|Golisopod, M|\n|poke|p1|Haxorus, M|\n|poke|p1|Dragapult, M|\n|poke|p1|Garchomp, M|\n|poke|p2|Garchomp, F|\n|poke|p2|Roaring Moon|\n|poke|p2|Incineroar, F|\n|poke|p2|Kingambit, M|\n|poke|p2|Greninja-*, F|\n|poke|p2|Tyranitar, F|\n|teampreview\n|j| venga29\n|inactive|Battle timer is ON: inactive players will automatically lose when time's up. (requested by volca272)\n|j| Godofwarlover42\n|\n|t:|1698455692\n|start\n|switch|p1a: Samekichi|Garchomp, M, shiny|100\/100\n|switch|p2a: Incineroar|Incineroar, F|100\/100\n|-ability|p2a: Incineroar|Intimidate|boost\n|-unboost|p1a: Samekichi|atk|1\n|turn|1\n|\n|t:|1698455712\n|-terastallize|p1a: Samekichi|Water\n|move|p1a: Samekichi|Swords Dance|p1a: Samekichi\n|-boost|p1a: Samekichi|atk|2\n|move|p2a: Incineroar|Earthquake|p1a: Samekichi\n|-damage|p1a: Samekichi|77\/100\n|\n|upkeep\n|turn|2\n|\n|t:|1698455722\n|move|p1a: Samekichi|Scale Shot|p2a: Incineroar|[miss]\n|-miss|p1a: Samekichi|p2a: Incineroar\n|move|p2a: Incineroar|Earthquake|p1a: Samekichi\n|-damage|p1a: Samekichi|52\/100\n|\n|upkeep\n|turn|3\n|\n|t:|1698455730\n|move|p1a: Samekichi|Scale Shot|p2a: Incineroar\n|-damage|p2a: Incineroar|78\/100\n|-damage|p2a: Incineroar|53\/100\n|-damage|p2a: Incineroar|29\/100\n|-hitcount|p2a: Incineroar|3\n|-unboost|p1a: Samekichi|def|1\n|-boost|p1a: Samekichi|spe|1\n|move|p2a: Incineroar|Earthquake|p1a: Samekichi\n|-damage|p1a: Samekichi|17\/100\n|\n|upkeep\n|turn|4\n|\n|t:|1698455743\n|move|p1a: Samekichi|Earthquake|p2a: Incineroar\n|-supereffective|p2a: Incineroar\n|-damage|p2a: Incineroar|0 fnt\n|faint|p2a: Incineroar\n|\n|upkeep\n|\n|t:|1698455755\n|switch|p2a: Roaring Moon|Roaring Moon|100\/100\n|turn|5\n|\n|t:|1698455761\n|move|p2a: Roaring Moon|Double-Edge|p1a: Samekichi\n|-damage|p1a: Samekichi|0 fnt\n|-damage|p2a: Roaring Moon|88\/100|[from] ability: Rough Skin|[of] p1a: Samekichi\n|-damage|p2a: Roaring Moon|72\/100|[from] item: Rocky Helmet|[of] p1a: Samekichi\n|faint|p1a: Samekichi\n|-damage|p2a: Roaring Moon|66\/100|[from] Recoil\n|\n|upkeep\n|\n|t:|1698455767\n|switch|p1a: Kcalb|Golisopod, M, shiny|100\/100\n|turn|6\n|j| chozalo\n|\n|t:|1698455788\n|-end|p2a: Roaring Moon|Protosynthesis|[silent]\n|switch|p2a: Greninja|Greninja, F|100\/100\n|move|p1a: Kcalb|First Impression|p2a: Greninja\n|-supereffective|p2a: Greninja\n|-damage|p2a: Greninja|0 fnt\n|faint|p2a: Greninja\n|\n|upkeep\n|\n|t:|1698455796\n|switch|p2a: Tyranitar|Tyranitar, F|100\/100\n|-weather|Sandstorm|[from] ability: Sand Stream|[of] p2a: Tyranitar\n|turn|7\n|\n|t:|1698455806\n|move|p1a: Kcalb|Aqua Jet|p2a: Tyranitar\n|-supereffective|p2a: Tyranitar\n|-damage|p2a: Tyranitar|63\/100\n|move|p2a: Tyranitar|Earthquake|p1a: Kcalb\n|-resisted|p1a: Kcalb\n|-damage|p1a: Kcalb|91\/100\n|\n|-weather|Sandstorm|[upkeep]\n|-damage|p1a: Kcalb|84\/100|[from] Sandstorm\n|upkeep\n|turn|8\n|\n|t:|1698455816\n|switch|p2a: Garchomp|Garchomp, F|100\/100\n|move|p1a: Kcalb|Leech Life|p2a: Garchomp\n|-damage|p2a: Garchomp|57\/100\n|-heal|p1a: Kcalb|100\/100|[from] drain|[of] p2a: Garchomp\n|\n|-weather|Sandstorm|[upkeep]\n|-damage|p1a: Kcalb|94\/100|[from] Sandstorm\n|upkeep\n|turn|9\n|\n|t:|1698455827\n|move|p2a: Garchomp|Fire Blast|p1a: Kcalb\n|-damage|p1a: Kcalb|61\/100\n|move|p1a: Kcalb|Leech Life|p2a: Garchomp\n|-damage|p2a: Garchomp|10\/100\n|-heal|p1a: Kcalb|91\/100|[from] drain|[of] p2a: Garchomp\n|\n|-weather|Sandstorm|[upkeep]\n|-damage|p1a: Kcalb|85\/100|[from] Sandstorm\n|upkeep\n|turn|10\n|\n|t:|1698455839\n|move|p1a: Kcalb|Sucker Punch|p2a: Garchomp\n|-damage|p2a: Garchomp|0 fnt\n|faint|p2a: Garchomp\n|\n|-weather|Sandstorm|[upkeep]\n|-damage|p1a: Kcalb|79\/100|[from] Sandstorm\n|upkeep\n|\n|t:|1698455847\n|switch|p2a: Roaring Moon|Roaring Moon|66\/100\n|turn|11\n|\n|t:|1698455851\n|move|p2a: Roaring Moon|Draco Meteor|p1a: Kcalb\n|-damage|p1a: Kcalb|18\/100\n|-unboost|p2a: Roaring Moon|spa|2\n|-activate|p1a: Kcalb|ability: Emergency Exit\n|\n|t:|1698455860\n|switch|p1a: Idate|Haxorus, M, shiny|100\/100\n|\n|-weather|none\n|upkeep\n|turn|12\n|\n|t:|1698455868\n|-terastallize|p2a: Roaring Moon|Dragon\n|move|p2a: Roaring Moon|Draco Meteor|p1a: Idate\n|-supereffective|p1a: Idate\n|-crit|p1a: Idate\n|-damage|p1a: Idate|0 fnt\n|-unboost|p2a: Roaring Moon|spa|2\n|faint|p1a: Idate\n|\n|upkeep\n|\n|t:|1698455882\n|switch|p1a: Sal|Dragapult, M|100\/100\n|turn|13\n|\n|t:|1698455888\n|move|p2a: Roaring Moon|Draco Meteor|p1a: Sal\n|-supereffective|p1a: Sal\n|-damage|p1a: Sal|50\/100\n|-unboost|p2a: Roaring Moon|spa|2\n|move|p1a: Sal|Dragon Darts|p2a: Roaring Moon\n|-supereffective|p2a: Roaring Moon\n|-damage|p2a: Roaring Moon|5\/100\n|-anim|p1a: Sal|Dragon Darts|p2a: Roaring Moon\n|-supereffective|p2a: Roaring Moon\n|-damage|p2a: Roaring Moon|0 fnt\n|faint|p2a: Roaring Moon\n|-end|p2a: Roaring Moon|Protosynthesis|[silent]\n|\n|upkeep\n|\n|t:|1698455901\n|switch|p2a: Tyranitar|Tyranitar, F|63\/100\n|-weather|Sandstorm|[from] ability: Sand Stream|[of] p2a: Tyranitar\n|turn|14\n|\n|t:|1698455911\n|move|p1a: Sal|Dragon Darts|p2a: Tyranitar\n|-damage|p2a: Tyranitar|42\/100\n|-anim|p1a: Sal|Dragon Darts|p2a: Tyranitar\n|-damage|p2a: Tyranitar|21\/100\n|move|p2a: Tyranitar|Blizzard|p1a: Sal\n|-supereffective|p1a: Sal\n|-damage|p1a: Sal|0 fnt\n|faint|p1a: Sal\n|\n|-weather|Sandstorm|[upkeep]\n|upkeep\n|\n|t:|1698455919\n|switch|p1a: Kcalb|Golisopod, M, shiny|18\/100\n|turn|15\n|\n|t:|1698455925\n|move|p1a: Kcalb|First Impression|p2a: Tyranitar\n|-supereffective|p2a: Tyranitar\n|-damage|p2a: Tyranitar|0 fnt\n|faint|p2a: Tyranitar\n|\n|-weather|Sandstorm|[upkeep]\n|-damage|p1a: Kcalb|12\/100|[from] Sandstorm\n|upkeep\n|\n|t:|1698455933\n|switch|p2a: Kingambit|Kingambit, M|100\/100\n|-activate|p2a: Kingambit|ability: Supreme Overlord\n|-start|p2a: Kingambit|fallen5|[silent]\n|turn|16\n|\n|t:|1698455939\n|move|p2a: Kingambit|Swords Dance|p2a: Kingambit\n|-boost|p2a: Kingambit|atk|2\n|move|p1a: Kcalb|Leech Life|p2a: Kingambit\n|-damage|p2a: Kingambit|66\/100\n|-heal|p1a: Kcalb|35\/100|[from] drain|[of] p2a: Kingambit\n|\n|-weather|Sandstorm|[upkeep]\n|-damage|p1a: Kcalb|29\/100|[from] Sandstorm\n|upkeep\n|turn|17\n|\n|t:|1698455950\n|move|p2a: Kingambit|Sucker Punch|p1a: Kcalb\n|-damage|p1a: Kcalb|0 fnt\n|faint|p1a: Kcalb\n|\n|-weather|Sandstorm|[upkeep]\n|upkeep\n|\n|t:|1698455953\n|switch|p1a: Ivlis|Volcarona, M|100\/100\n|turn|18\n|\n|t:|1698455959\n|move|p2a: Kingambit|Sucker Punch||[still]\n|-fail|p2a: Kingambit\n|move|p1a: Ivlis|Quiver Dance|p1a: Ivlis\n|-boost|p1a: Ivlis|spa|1\n|-boost|p1a: Ivlis|spd|1\n|-boost|p1a: Ivlis|spe|1\n|\n|-weather|none\n|upkeep\n|turn|19\n|\n|t:|1698455967\n|move|p2a: Kingambit|Sucker Punch||[still]\n|-fail|p2a: Kingambit\n|move|p1a: Ivlis|Quiver Dance|p1a: Ivlis\n|-boost|p1a: Ivlis|spa|1\n|-boost|p1a: Ivlis|spd|1\n|-boost|p1a: Ivlis|spe|1\n|\n|upkeep\n|turn|20\n|\n|t:|1698455974\n|move|p2a: Kingambit|Sucker Punch||[still]\n|-fail|p2a: Kingambit\n|move|p1a: Ivlis|Quiver Dance|p1a: Ivlis\n|-boost|p1a: Ivlis|spa|1\n|-boost|p1a: Ivlis|spd|1\n|-boost|p1a: Ivlis|spe|1\n|\n|upkeep\n|turn|21\n|\n|t:|1698455982\n|move|p1a: Ivlis|Fiery Dance|p2a: Kingambit\n|-supereffective|p2a: Kingambit\n|-damage|p2a: Kingambit|0 fnt\n|faint|p2a: Kingambit\n|-end|p2a: Kingambit|fallen5|[silent]\n|\n|win|volca272\n|l|\u2606matatias\n","uploadtime":1698455994,"views":6,"p1id":"volca272","p2id":"matatias","formatid":"gen9nationaldexubers","rating":0,"private":0,"password":""}