{"id":"gen9nationaldexubers-1997994885","p1":"predator30","p2":"Harmony6","format":"[Gen 9] National Dex Ubers","log":"|j|\u2606predator30\n|j|\u2606Harmony6\n|t:|1700876660\n|gametype|singles\n|player|p1|predator30|cynthia|\n|player|p2|Harmony6|lady-gen4|\n|teamsize|p1|6\n|teamsize|p2|6\n|gen|9\n|tier|[Gen 9] National Dex Ubers\n|rule|HP Percentage Mod: HP is shown in percentages\n|rule|Endless Battle Clause: Forcing endless battles is banned\n|rule|OHKO Clause: OHKO moves are banned\n|rule|Evasion Moves Clause: Evasion moves are banned\n|rule|Evasion Items Clause: Evasion items are banned\n|rule|Species Clause: Limit one of each Pok\u00e9mon\n|rule|Sleep Clause Mod: Limit one foe put to sleep\n|rule|Mega Rayquaza Clause: You cannot mega evolve Rayquaza\n|clearpoke\n|poke|p1|Heatran, M|\n|poke|p1|Excadrill, F|\n|poke|p1|Corviknight, M|\n|poke|p1|Kingambit, F|\n|poke|p1|Ferrothorn, M|\n|poke|p1|Goodra-Hisui, M|\n|poke|p2|Lopunny, M|\n|poke|p2|Skeledirge, F|\n|poke|p2|Zapdos|\n|poke|p2|Ferrothorn, F|\n|poke|p2|Gastrodon, F|\n|poke|p2|Meowscarada, M|\n|teampreview\n|inactive|Battle timer is ON: inactive players will automatically lose when time's up. (requested by predator30)\n|j| Qontent\n|inactive|Harmony6 has 270 seconds left.\n|\n|t:|1700876727\n|start\n|switch|p1a: Heatran|Heatran, M|100\/100\n|switch|p2a: Lopunny|Lopunny, M|100\/100\n|turn|1\n|c| Qontent|This is my first pred game in a while\n|c| Qontent|Live!\n|\n|t:|1700876735\n|switch|p1a: Corviknight|Corviknight, M|100\/100\n|-ability|p1a: Corviknight|Pressure\n|detailschange|p2a: Lopunny|Lopunny-Mega, M\n|-mega|p2a: Lopunny|Lopunny|Lopunnite\n|move|p2a: Lopunny|U-turn|p1a: Corviknight\n|-resisted|p1a: Corviknight\n|-crit|p1a: Corviknight\n|-damage|p1a: Corviknight|94\/100\n|-damage|p2a: Lopunny|84\/100|[from] item: Rocky Helmet|[of] p1a: Corviknight\n|j| Captainbruh1008\n|l| Qontent\n|c|\u2606predator30|skeleridge incoming\n|\n|t:|1700876760\n|switch|p2a: Zapdos|Zapdos|100\/100|[from] U-turn\n|\n|upkeep\n|turn|2\n|\n|t:|1700876763\n|switch|p1a: Excadrill|Excadrill, F|100\/100\n|-ability|p1a: Excadrill|Mold Breaker\n|move|p2a: Zapdos|Discharge|p1a: Excadrill\n|-immune|p1a: Excadrill\n|\n|upkeep\n|turn|3\n|\n|t:|1700876767\n|switch|p1a: Heatran|Heatran, M|100\/100\n|move|p2a: Zapdos|Roost||[still]\n|-fail|p2a: Zapdos|heal\n|\n|upkeep\n|turn|4\n|j| Qontent\n|\n|t:|1700876772\n|switch|p2a: Skeledirge|Skeledirge, F|100\/100\n|move|p1a: Heatran|Stealth Rock|p2a: Skeledirge\n|-sidestart|p2: Harmony6|move: Stealth Rock\n|\n|upkeep\n|turn|5\n|\n|t:|1700876782\n|move|p1a: Heatran|Toxic|p2a: Skeledirge\n|-status|p2a: Skeledirge|tox\n|move|p2a: Skeledirge|Earth Power|p1a: Heatran\n|-supereffective|p1a: Heatran\n|-damage|p1a: Heatran|39\/100\n|\n|-heal|p1a: Heatran|46\/100|[from] item: Leftovers\n|-damage|p2a: Skeledirge|94\/100 tox|[from] psn\n|upkeep\n|turn|6\n|\n|t:|1700876805\n|switch|p1a: Goodra|Goodra-Hisui, M|100\/100\n|switch|p2a: Meowscarada|Meowscarada, M|100\/100\n|-damage|p2a: Meowscarada|88\/100|[from] Stealth Rock\n|\n|upkeep\n|turn|7\n|\n|t:|1700876816\n|switch|p1a: Ferrothorn|Ferrothorn, M|100\/100\n|move|p2a: Meowscarada|Knock Off|p1a: Ferrothorn\n|-start|p2a: Meowscarada|typechange|Dark|[from] ability: Protean\n|-damage|p1a: Ferrothorn|56\/100\n|-damage|p2a: Meowscarada|76\/100|[from] ability: Iron Barbs|[of] p1a: Ferrothorn\n|-enditem|p1a: Ferrothorn|Leftovers|[from] move: Knock Off|[of] p2a: Meowscarada\n|\n|upkeep\n|turn|8\n|\n|t:|1700876830\n|switch|p2a: Zapdos|Zapdos|100\/100\n|move|p1a: Ferrothorn|Spikes|p2a: Zapdos\n|-sidestart|p2: Harmony6|Spikes\n|\n|upkeep\n|turn|9\n|\n|t:|1700876841\n|move|p2a: Zapdos|Defog|p1a: Ferrothorn\n|-unboost|p1a: Ferrothorn|evasion|1\n|-sideend|p2: Harmony6|Spikes|[from] move: Defog|[of] p2a: Zapdos\n|-sideend|p2: Harmony6|Stealth Rock|[from] move: Defog|[of] p2a: Zapdos\n|move|p1a: Ferrothorn|Leech Seed|p2a: Zapdos\n|-start|p2a: Zapdos|move: Leech Seed\n|\n|-damage|p2a: Zapdos|88\/100|[from] Leech Seed|[of] p1a: Ferrothorn\n|-heal|p1a: Ferrothorn|69\/100|[silent]\n|upkeep\n|turn|10\n|\n|t:|1700876845\n|switch|p1a: Excadrill|Excadrill, F|100\/100\n|-ability|p1a: Excadrill|Mold Breaker\n|move|p2a: Zapdos|Discharge|p1a: Excadrill\n|-immune|p1a: Excadrill\n|\n|-damage|p2a: Zapdos|76\/100|[from] Leech Seed|[of] p1a: Excadrill\n|upkeep\n|turn|11\n|\n|t:|1700876854\n|switch|p1a: Ferrothorn|Ferrothorn, M|69\/100\n|switch|p2a: Gastrodon|Gastrodon, F|100\/100\n|\n|upkeep\n|turn|12\n|\n|t:|1700876862\n|switch|p2a: Zapdos|Zapdos|76\/100\n|switch|p1a: Heatran|Heatran, M|46\/100\n|\n|-heal|p1a: Heatran|52\/100|[from] item: Leftovers\n|upkeep\n|turn|13\n|\n|t:|1700876872\n|move|p2a: Zapdos|Discharge|p1a: Heatran\n|-damage|p1a: Heatran|30\/100\n|-status|p1a: Heatran|par\n|move|p1a: Heatran|Stealth Rock|p2a: Zapdos\n|-sidestart|p2: Harmony6|move: Stealth Rock\n|\n|-heal|p1a: Heatran|36\/100 par|[from] item: Leftovers\n|upkeep\n|turn|14\n|\n|t:|1700876879\n|switch|p2a: Skeledirge|Skeledirge, F|94\/100 tox\n|move|p1a: Heatran|Toxic|p2a: Skeledirge\n|-fail|p2a: Skeledirge|tox\n|\n|-heal|p1a: Heatran|42\/100 par|[from] item: Leftovers\n|-damage|p2a: Skeledirge|88\/100 tox|[from] psn\n|upkeep\n|turn|15\n|\n|t:|1700876888\n|switch|p1a: Goodra|Goodra-Hisui, M|100\/100\n|move|p2a: Skeledirge|Torch Song|p1a: Goodra\n|-damage|p1a: Goodra|85\/100\n|-boost|p2a: Skeledirge|spa|1\n|\n|-heal|p1a: Goodra|91\/100|[from] item: Leftovers\n|-damage|p2a: Skeledirge|76\/100 tox|[from] psn\n|upkeep\n|turn|16\n|c|\u2606predator30|i fucking hate\n|c|\u2606predator30|hdb\n|\n|t:|1700876897\n|move|p2a: Skeledirge|Will-O-Wisp|p1a: Goodra\n|-status|p1a: Goodra|brn\n|move|p1a: Goodra|Draco Meteor|p2a: Skeledirge\n|-damage|p2a: Skeledirge|28\/100 tox\n|-unboost|p1a: Goodra|spa|2\n|\n|-heal|p1a: Goodra|97\/100 brn|[from] item: Leftovers\n|-damage|p2a: Skeledirge|10\/100 tox|[from] psn\n|-damage|p1a: Goodra|91\/100 brn|[from] brn\n|upkeep\n|turn|17\n|c|\u2606predator30|so fucking much\n|\n|t:|1700876908\n|move|p2a: Skeledirge|Slack Off|p2a: Skeledirge\n|-heal|p2a: Skeledirge|60\/100 tox\n|move|p1a: Goodra|Draco Meteor|p2a: Skeledirge\n|-damage|p2a: Skeledirge|11\/100 tox\n|-unboost|p1a: Goodra|spa|2\n|\n|-heal|p1a: Goodra|97\/100 brn|[from] item: Leftovers\n|-damage|p2a: Skeledirge|0 fnt|[from] psn\n|faint|p2a: Skeledirge\n|-damage|p1a: Goodra|91\/100 brn|[from] brn\n|upkeep\n|c|\u2606predator30|its the most skilless item in existence\n|c| Qontent|Agreed pred\n|\n|t:|1700876926\n|switch|p2a: Meowscarada|Meowscarada, M|76\/100\n|-damage|p2a: Meowscarada|64\/100|[from] Stealth Rock\n|turn|18\n|c| Qontent|It ruined everything\n|\n|t:|1700876932\n|switch|p1a: Ferrothorn|Ferrothorn, M|69\/100\n|move|p2a: Meowscarada|Knock Off|p1a: Ferrothorn\n|-start|p2a: Meowscarada|typechange|Dark|[from] ability: Protean\n|-damage|p1a: Ferrothorn|37\/100\n|-damage|p2a: Meowscarada|51\/100|[from] ability: Iron Barbs|[of] p1a: Ferrothorn\n|\n|upkeep\n|turn|19\n|\n|t:|1700876939\n|switch|p2a: Ferrothorn|Ferrothorn, F|100\/100\n|-damage|p2a: Ferrothorn|95\/100|[from] Stealth Rock\n|move|p1a: Ferrothorn|Spikes|p2a: Ferrothorn\n|-sidestart|p2: Harmony6|Spikes\n|\n|-heal|p2a: Ferrothorn|100\/100|[from] item: Leftovers\n|upkeep\n|turn|20\n|\n|t:|1700876946\n|switch|p2a: Zapdos|Zapdos|76\/100\n|switch|p1a: Kingambit|Kingambit, F|100\/100\n|\n|upkeep\n|turn|21\n|\n|t:|1700876951\n|move|p2a: Zapdos|Defog|p1a: Kingambit\n|-unboost|p1a: Kingambit|evasion|1\n|-sideend|p2: Harmony6|Spikes|[from] move: Defog|[of] p2a: Zapdos\n|-sideend|p2: Harmony6|Stealth Rock|[from] move: Defog|[of] p2a: Zapdos\n|move|p1a: Kingambit|Swords Dance|p1a: Kingambit\n|-boost|p1a: Kingambit|atk|2\n|\n|upkeep\n|turn|22\n|\n|t:|1700876962\n|switch|p2a: Ferrothorn|Ferrothorn, F|100\/100\n|move|p1a: Kingambit|Knock Off|p2a: Ferrothorn\n|-damage|p2a: Ferrothorn|0 fnt\n|-damage|p1a: Kingambit|88\/100|[from] ability: Iron Barbs|[of] p2a: Ferrothorn\n|-enditem|p2a: Ferrothorn|Leftovers|[from] move: Knock Off|[of] p1a: Kingambit\n|faint|p2a: Ferrothorn\n|-damage|p1a: Kingambit|78\/100|[from] item: Life Orb\n|\n|upkeep\n|c| Captainbruh1008|Oop\n|c|\u2606Harmony6|Ok\n|\n|t:|1700876971\n|switch|p2a: Lopunny|Lopunny-Mega, M|84\/100\n|turn|23\n|\n|t:|1700876979\n|switch|p2a: Zapdos|Zapdos|76\/100\n|-end|p1a: Kingambit|fallenundefined|[silent]\n|switch|p1a: Corviknight|Corviknight, M|94\/100\n|-ability|p1a: Corviknight|Pressure\n|\n|upkeep\n|turn|24\n|c| Qontent|Nice one harm\n|\n|t:|1700876994\n|switch|p1a: Excadrill|Excadrill, F|100\/100\n|-ability|p1a: Excadrill|Mold Breaker\n|move|p2a: Zapdos|Hurricane|p1a: Excadrill\n|-resisted|p1a: Excadrill\n|-damage|p1a: Excadrill|69\/100\n|\n|upkeep\n|turn|25\n|\n|t:|1700877002\n|move|p1a: Excadrill|Rock Slide|p2a: Zapdos\n|-supereffective|p2a: Zapdos\n|-damage|p2a: Zapdos|37\/100\n|move|p2a: Zapdos|Roost|p2a: Zapdos\n|-heal|p2a: Zapdos|87\/100\n|-singleturn|p2a: Zapdos|move: Roost\n|\n|upkeep\n|turn|26\n|c| Qontent|But all that does is delay the inevitable\n|\n|t:|1700877007\n|switch|p2a: Lopunny|Lopunny-Mega, M|84\/100\n|move|p1a: Excadrill|Rock Slide|p2a: Lopunny\n|-resisted|p2a: Lopunny\n|-damage|p2a: Lopunny|65\/100\n|\n|upkeep\n|turn|27\n|\n|t:|1700877012\n|switch|p1a: Corviknight|Corviknight, M|94\/100\n|-ability|p1a: Corviknight|Pressure\n|switch|p2a: Zapdos|Zapdos|87\/100\n|\n|upkeep\n|turn|28\n|\n|t:|1700877018\n|switch|p1a: Goodra|Goodra-Hisui, M|91\/100 brn\n|move|p2a: Zapdos|Discharge|p1a: Goodra\n|-resisted|p1a: Goodra\n|-damage|p1a: Goodra|82\/100 brn\n|\n|-heal|p1a: Goodra|88\/100 brn|[from] item: Leftovers\n|-damage|p1a: Goodra|82\/100 brn|[from] brn\n|upkeep\n|turn|29\n|\n|t:|1700877030\n|switch|p2a: Gastrodon|Gastrodon, F|100\/100\n|switch|p1a: Heatran|Heatran, M|42\/100 par\n|\n|-heal|p1a: Heatran|49\/100 par|[from] item: Leftovers\n|upkeep\n|turn|30\n|\n|t:|1700877053\n|switch|p2a: Meowscarada|Meowscarada, M|51\/100\n|switch|p1a: Ferrothorn|Ferrothorn, M|37\/100\n|\n|upkeep\n|turn|31\n|\n|t:|1700877056\n|move|p2a: Meowscarada|U-turn|p1a: Ferrothorn\n|-start|p2a: Meowscarada|typechange|Bug|[from] ability: Protean\n|-damage|p1a: Ferrothorn|0 fnt\n|-damage|p2a: Meowscarada|39\/100|[from] ability: Iron Barbs|[of] p1a: Ferrothorn\n|faint|p1a: Ferrothorn\n|\n|t:|1700877062\n|switch|p2a: Lopunny|Lopunny-Mega, M|65\/100|[from] U-turn\n|\n|upkeep\n|\n|t:|1700877065\n|switch|p1a: Excadrill|Excadrill, F|69\/100\n|-ability|p1a: Excadrill|Mold Breaker\n|turn|32\n|\n|t:|1700877073\n|switch|p1a: Corviknight|Corviknight, M|94\/100\n|-ability|p1a: Corviknight|Pressure\n|switch|p2a: Zapdos|Zapdos|87\/100\n|\n|upkeep\n|turn|33\n|\n|t:|1700877082\n|switch|p1a: Goodra|Goodra-Hisui, M|82\/100 brn\n|move|p2a: Zapdos|Hurricane|p1a: Goodra\n|-resisted|p1a: Goodra\n|-damage|p1a: Goodra|69\/100 brn\n|-start|p1a: Goodra|confusion\n|\n|-heal|p1a: Goodra|75\/100 brn|[from] item: Leftovers\n|-damage|p1a: Goodra|69\/100 brn|[from] brn\n|upkeep\n|turn|34\n|\n|t:|1700877096\n|switch|p2a: Gastrodon|Gastrodon, F|100\/100\n|switch|p1a: Excadrill|Excadrill, F|69\/100\n|-ability|p1a: Excadrill|Mold Breaker\n|\n|upkeep\n|turn|35\n|\n|t:|1700877104\n|move|p1a: Excadrill|Earthquake|p2a: Gastrodon\n|-damage|p2a: Gastrodon|39\/100\n|move|p2a: Gastrodon|Scald|p1a: Excadrill\n|-supereffective|p1a: Excadrill\n|-damage|p1a: Excadrill|2\/100\n|-status|p1a: Excadrill|brn\n|\n|-heal|p2a: Gastrodon|45\/100|[from] item: Leftovers\n|-damage|p1a: Excadrill|0 fnt|[from] brn\n|faint|p1a: Excadrill\n|upkeep\n|\n|t:|1700877105\n|switch|p1a: Kingambit|Kingambit, F|78\/100\n|-activate|p1a: Kingambit|ability: Supreme Overlord\n|-start|p1a: Kingambit|fallen2|[silent]\n|turn|36\n|c| Qontent|:0\n|\n|t:|1700877119\n|switch|p2a: Lopunny|Lopunny-Mega, M|65\/100\n|move|p1a: Kingambit|Knock Off|p2a: Lopunny\n|-resisted|p2a: Lopunny\n|-damage|p2a: Lopunny|26\/100\n|-damage|p1a: Kingambit|68\/100|[from] item: Life Orb\n|\n|upkeep\n|turn|37\n|\n|t:|1700877122\n|move|p2a: Lopunny|Fake Out|p1a: Kingambit\n|-resisted|p1a: Kingambit\n|-damage|p1a: Kingambit|59\/100\n|cant|p1a: Kingambit|flinch\n|\n|upkeep\n|turn|38\n|\n|t:|1700877125\n|switch|p2a: Zapdos|Zapdos|87\/100\n|move|p1a: Kingambit|Sucker Punch||[still]\n|-fail|p1a: Kingambit\n|\n|upkeep\n|turn|39\n|\n|t:|1700877130\n|-end|p1a: Kingambit|fallen2|[silent]\n|switch|p1a: Goodra|Goodra-Hisui, M|69\/100 brn\n|move|p2a: Zapdos|Discharge|p1a: Goodra\n|-resisted|p1a: Goodra\n|-damage|p1a: Goodra|60\/100 brn\n|\n|-heal|p1a: Goodra|66\/100 brn|[from] item: Leftovers\n|-damage|p1a: Goodra|60\/100 brn|[from] brn\n|upkeep\n|turn|40\n|\n|t:|1700877137\n|switch|p1a: Heatran|Heatran, M|49\/100 par\n|move|p2a: Zapdos|Discharge|p1a: Heatran\n|-damage|p1a: Heatran|27\/100 par\n|\n|-heal|p1a: Heatran|33\/100 par|[from] item: Leftovers\n|upkeep\n|turn|41\n|\n|t:|1700877142\n|switch|p2a: Meowscarada|Meowscarada, M|39\/100\n|cant|p1a: Heatran|par\n|\n|-heal|p1a: Heatran|39\/100 par|[from] item: Leftovers\n|upkeep\n|turn|42\n|\n|t:|1700877148\n|switch|p1a: Corviknight|Corviknight, M|94\/100\n|-ability|p1a: Corviknight|Pressure\n|move|p2a: Meowscarada|Knock Off|p1a: Corviknight\n|-start|p2a: Meowscarada|typechange|Dark|[from] ability: Protean\n|-damage|p1a: Corviknight|53\/100\n|-damage|p2a: Meowscarada|23\/100|[from] item: Rocky Helmet|[of] p1a: Corviknight\n|-enditem|p1a: Corviknight|Rocky Helmet|[from] move: Knock Off|[of] p2a: Meowscarada\n|\n|upkeep\n|turn|43\n|j| NDMS2O Dreams\n|\n|t:|1700877156\n|switch|p2a: Gastrodon|Gastrodon, F|45\/100\n|move|p1a: Corviknight|Roost|p1a: Corviknight\n|-heal|p1a: Corviknight|100\/100\n|-singleturn|p1a: Corviknight|move: Roost\n|\n|-heal|p2a: Gastrodon|51\/100|[from] item: Leftovers\n|upkeep\n|turn|44\n|\n|t:|1700877158\n|move|p1a: Corviknight|U-turn|p2a: Gastrodon\n|-damage|p2a: Gastrodon|36\/100\n|\n|t:|1700877162\n|switch|p1a: Heatran|Heatran, M|39\/100 par|[from] U-turn\n|move|p2a: Gastrodon|Recover|p2a: Gastrodon\n|-heal|p2a: Gastrodon|86\/100\n|\n|-heal|p2a: Gastrodon|92\/100|[from] item: Leftovers\n|-heal|p1a: Heatran|45\/100 par|[from] item: Leftovers\n|upkeep\n|turn|45\n|\n|t:|1700877166\n|move|p2a: Gastrodon|Scald|p1a: Heatran\n|-supereffective|p1a: Heatran\n|-damage|p1a: Heatran|14\/100 par\n|move|p1a: Heatran|Stealth Rock|p2a: Gastrodon\n|-sidestart|p2: Harmony6|move: Stealth Rock\n|\n|-heal|p2a: Gastrodon|98\/100|[from] item: Leftovers\n|-heal|p1a: Heatran|20\/100 par|[from] item: Leftovers\n|upkeep\n|turn|46\n|\n|t:|1700877175\n|switch|p1a: Corviknight|Corviknight, M|100\/100\n|-ability|p1a: Corviknight|Pressure\n|move|p2a: Gastrodon|Scald|p1a: Corviknight\n|-crit|p1a: Corviknight\n|-damage|p1a: Corviknight|64\/100\n|-status|p1a: Corviknight|brn\n|\n|-heal|p2a: Gastrodon|100\/100|[from] item: Leftovers\n|-damage|p1a: Corviknight|58\/100 brn|[from] brn\n|upkeep\n|turn|47\n|\n|t:|1700877180\n|move|p1a: Corviknight|Roost|p1a: Corviknight\n|-heal|p1a: Corviknight|100\/100 brn\n|-singleturn|p1a: Corviknight|move: Roost\n|move|p2a: Gastrodon|Spikes|p1a: Corviknight\n|-sidestart|p1: predator30|Spikes\n|\n|-damage|p1a: Corviknight|94\/100 brn|[from] brn\n|upkeep\n|turn|48\n|\n|t:|1700877188\n|move|p1a: Corviknight|Defog|p2a: Gastrodon\n|-unboost|p2a: Gastrodon|evasion|1\n|-sideend|p2: Harmony6|Stealth Rock|[from] move: Defog|[of] p1a: Corviknight\n|-sideend|p1: predator30|Spikes|[from] move: Defog|[of] p1a: Corviknight\n|move|p2a: Gastrodon|Spikes|p1a: Corviknight\n|-sidestart|p1: predator30|Spikes\n|\n|-damage|p1a: Corviknight|88\/100 brn|[from] brn\n|upkeep\n|turn|49\n|\n|t:|1700877193\n|move|p1a: Corviknight|Defog|p2a: Gastrodon\n|-unboost|p2a: Gastrodon|evasion|1\n|-sideend|p1: predator30|Spikes|[from] move: Defog|[of] p1a: Corviknight\n|move|p2a: Gastrodon|Scald|p1a: Corviknight\n|-damage|p1a: Corviknight|65\/100 brn\n|\n|-damage|p1a: Corviknight|59\/100 brn|[from] brn\n|upkeep\n|turn|50\n|\n|t:|1700877197\n|move|p1a: Corviknight|U-turn|p2a: Gastrodon\n|-damage|p2a: Gastrodon|93\/100\n|\n|t:|1700877199\n|switch|p1a: Goodra|Goodra-Hisui, M|60\/100 brn|[from] U-turn\n|move|p2a: Gastrodon|Scald|p1a: Goodra\n|-resisted|p1a: Goodra\n|-damage|p1a: Goodra|52\/100 brn\n|\n|-heal|p1a: Goodra|58\/100 brn|[from] item: Leftovers\n|-heal|p2a: Gastrodon|99\/100|[from] item: Leftovers\n|-damage|p1a: Goodra|52\/100 brn|[from] brn\n|upkeep\n|turn|51\n|\n|t:|1700877204\n|switch|p1a: Corviknight|Corviknight, M|59\/100 brn\n|-ability|p1a: Corviknight|Pressure\n|switch|p2a: Zapdos|Zapdos|87\/100\n|\n|-damage|p1a: Corviknight|53\/100 brn|[from] brn\n|upkeep\n|turn|52\n|\n|t:|1700877207\n|switch|p1a: Goodra|Goodra-Hisui, M|52\/100 brn\n|move|p2a: Zapdos|Discharge|p1a: Goodra\n|-resisted|p1a: Goodra\n|-damage|p1a: Goodra|42\/100 brn\n|\n|-heal|p1a: Goodra|48\/100 brn|[from] item: Leftovers\n|-damage|p1a: Goodra|42\/100 brn|[from] brn\n|upkeep\n|turn|53\n|\n|t:|1700877216\n|switch|p2a: Gastrodon|Gastrodon, F|99\/100\n|move|p1a: Goodra|Draco Meteor|p2a: Gastrodon\n|-damage|p2a: Gastrodon|68\/100\n|-unboost|p1a: Goodra|spa|2\n|\n|-heal|p1a: Goodra|48\/100 brn|[from] item: Leftovers\n|-heal|p2a: Gastrodon|74\/100|[from] item: Leftovers\n|-damage|p1a: Goodra|42\/100 brn|[from] brn\n|upkeep\n|turn|54\n|j| Birkenstock\n|\n|t:|1700877220\n|switch|p1a: Corviknight|Corviknight, M|53\/100 brn\n|-ability|p1a: Corviknight|Pressure\n|move|p2a: Gastrodon|Scald|p1a: Corviknight\n|-damage|p1a: Corviknight|31\/100 brn\n|\n|-heal|p2a: Gastrodon|80\/100|[from] item: Leftovers\n|-damage|p1a: Corviknight|24\/100 brn|[from] brn\n|upkeep\n|turn|55\n|\n|t:|1700877223\n|move|p1a: Corviknight|Roost|p1a: Corviknight\n|-heal|p1a: Corviknight|74\/100 brn\n|-singleturn|p1a: Corviknight|move: Roost\n|move|p2a: Gastrodon|Scald|p1a: Corviknight\n|-damage|p1a: Corviknight|52\/100 brn\n|\n|-heal|p2a: Gastrodon|86\/100|[from] item: Leftovers\n|-damage|p1a: Corviknight|46\/100 brn|[from] brn\n|upkeep\n|turn|56\n|\n|t:|1700877229\n|switch|p2a: Zapdos|Zapdos|87\/100\n|move|p1a: Corviknight|Roost|p1a: Corviknight\n|-heal|p1a: Corviknight|96\/100 brn\n|-singleturn|p1a: Corviknight|move: Roost\n|\n|-damage|p1a: Corviknight|90\/100 brn|[from] brn\n|upkeep\n|turn|57\n|\n|t:|1700877231\n|switch|p1a: Goodra|Goodra-Hisui, M|42\/100 brn\n|move|p2a: Zapdos|Discharge|p1a: Goodra\n|-resisted|p1a: Goodra\n|-damage|p1a: Goodra|32\/100 brn\n|\n|-heal|p1a: Goodra|38\/100 brn|[from] item: Leftovers\n|-damage|p1a: Goodra|32\/100 brn|[from] brn\n|upkeep\n|turn|58\n|\n|t:|1700877237\n|switch|p2a: Gastrodon|Gastrodon, F|86\/100\n|move|p1a: Goodra|Flamethrower|p2a: Gastrodon\n|-resisted|p2a: Gastrodon\n|-crit|p2a: Gastrodon\n|-damage|p2a: Gastrodon|76\/100\n|\n|-heal|p1a: Goodra|38\/100 brn|[from] item: Leftovers\n|-heal|p2a: Gastrodon|82\/100|[from] item: Leftovers\n|-damage|p1a: Goodra|32\/100 brn|[from] brn\n|upkeep\n|turn|59\n|\n|t:|1700877240\n|move|p1a: Goodra|Flamethrower|p2a: Gastrodon\n|-resisted|p2a: Gastrodon\n|-damage|p2a: Gastrodon|74\/100\n|-status|p2a: Gastrodon|brn\n|move|p2a: Gastrodon|Scald|p1a: Goodra\n|-resisted|p1a: Goodra\n|-damage|p1a: Goodra|25\/100 brn\n|\n|-heal|p1a: Goodra|31\/100 brn|[from] item: Leftovers\n|-heal|p2a: Gastrodon|80\/100 brn|[from] item: Leftovers\n|-damage|p1a: Goodra|25\/100 brn|[from] brn\n|-damage|p2a: Gastrodon|74\/100 brn|[from] brn\n|upkeep\n|turn|60\n|\n|t:|1700877245\n|switch|p1a: Corviknight|Corviknight, M|90\/100 brn\n|-ability|p1a: Corviknight|Pressure\n|move|p2a: Gastrodon|Recover|p2a: Gastrodon\n|-heal|p2a: Gastrodon|100\/100 brn\n|\n|-damage|p1a: Corviknight|84\/100 brn|[from] brn\n|-damage|p2a: Gastrodon|94\/100 brn|[from] brn\n|upkeep\n|turn|61\n|\n|t:|1700877254\n|switch|p2a: Zapdos|Zapdos|87\/100\n|move|p1a: Corviknight|U-turn|p2a: Zapdos\n|-resisted|p2a: Zapdos\n|-damage|p2a: Zapdos|84\/100\n|\n|t:|1700877257\n|switch|p1a: Heatran|Heatran, M|20\/100 par|[from] U-turn\n|\n|-heal|p1a: Heatran|26\/100 par|[from] item: Leftovers\n|upkeep\n|turn|62\n|\n|t:|1700877266\n|move|p2a: Zapdos|Discharge|p1a: Heatran\n|-damage|p1a: Heatran|4\/100 par\n|move|p1a: Heatran|Stealth Rock|p2a: Zapdos\n|-sidestart|p2: Harmony6|move: Stealth Rock\n|\n|-heal|p1a: Heatran|10\/100 par|[from] item: Leftovers\n|upkeep\n|turn|63\n|\n|t:|1700877270\n|move|p2a: Zapdos|Discharge|p1a: Heatran\n|-damage|p1a: Heatran|0 fnt\n|faint|p1a: Heatran\n|\n|upkeep\n|\n|t:|1700877272\n|switch|p1a: Kingambit|Kingambit, F|59\/100\n|-activate|p1a: Kingambit|ability: Supreme Overlord\n|-start|p1a: Kingambit|fallen3|[silent]\n|turn|64\n|\n|t:|1700877281\n|move|p2a: Zapdos|Discharge|p1a: Kingambit\n|-damage|p1a: Kingambit|26\/100\n|move|p1a: Kingambit|Knock Off|p2a: Zapdos\n|-damage|p2a: Zapdos|20\/100\n|-enditem|p2a: Zapdos|Heavy-Duty Boots|[from] move: Knock Off|[of] p1a: Kingambit\n|-damage|p1a: Kingambit|16\/100|[from] item: Life Orb\n|\n|upkeep\n|turn|65\n|\n|t:|1700877289\n|move|p1a: Kingambit|Sucker Punch|p2a: Zapdos\n|-damage|p2a: Zapdos|0 fnt\n|-status|p1a: Kingambit|par|[from] ability: Static|[of] p2a: Zapdos\n|faint|p2a: Zapdos\n|-damage|p1a: Kingambit|7\/100 par|[from] item: Life Orb\n|\n|upkeep\n|\n|t:|1700877294\n|switch|p2a: Lopunny|Lopunny-Mega, M|26\/100\n|-damage|p2a: Lopunny|20\/100|[from] Stealth Rock\n|turn|66\n|j| Serise\n|\n|t:|1700877299\n|-end|p1a: Kingambit|fallen3|[silent]\n|switch|p1a: Corviknight|Corviknight, M|84\/100 brn\n|-ability|p1a: Corviknight|Pressure\n|move|p2a: Lopunny|Fake Out|p1a: Corviknight\n|-resisted|p1a: Corviknight\n|-damage|p1a: Corviknight|76\/100 brn\n|\n|-damage|p1a: Corviknight|70\/100 brn|[from] brn\n|upkeep\n|turn|67\n|c| Serise|the link was posted ten minutes ago\n|\n|t:|1700877306\n|move|p2a: Lopunny|Close Combat|p1a: Corviknight\n|-damage|p1a: Corviknight|32\/100 brn\n|-unboost|p2a: Lopunny|def|1\n|-unboost|p2a: Lopunny|spd|1\n|move|p1a: Corviknight|Roost|p1a: Corviknight\n|-heal|p1a: Corviknight|82\/100 brn\n|-singleturn|p1a: Corviknight|move: Roost\n|\n|-damage|p1a: Corviknight|76\/100 brn|[from] brn\n|upkeep\n|turn|68\n|c| Serise|so I had a feeling it'd be like, 3-3 rn\n|\n|t:|1700877313\n|move|p2a: Lopunny|U-turn|p1a: Corviknight\n|-resisted|p1a: Corviknight\n|-damage|p1a: Corviknight|72\/100 brn\n|\n|t:|1700877314\n|switch|p2a: Gastrodon|Gastrodon, F|94\/100 brn|[from] U-turn\n|-damage|p2a: Gastrodon|88\/100 brn|[from] Stealth Rock\n|move|p1a: Corviknight|U-turn|p2a: Gastrodon\n|-damage|p2a: Gastrodon|80\/100 brn\n|\n|t:|1700877316\n|switch|p1a: Kingambit|Kingambit, F|7\/100 par|[from] U-turn\n|-activate|p1a: Kingambit|ability: Supreme Overlord\n|-start|p1a: Kingambit|fallen3|[silent]\n|\n|-heal|p2a: Gastrodon|86\/100 brn|[from] item: Leftovers\n|-damage|p2a: Gastrodon|80\/100 brn|[from] brn\n|upkeep\n|turn|69\n|\n|t:|1700877326\n|move|p1a: Kingambit|Sucker Punch|p2a: Gastrodon\n|-damage|p2a: Gastrodon|10\/100 brn\n|-damage|p1a: Kingambit|0 fnt|[from] item: Life Orb\n|faint|p1a: Kingambit\n|-end|p1a: Kingambit|fallen3|[silent]\n|move|p2a: Gastrodon|Scald|p1: Kingambit|[notarget]\n|-fail|p2a: Gastrodon\n|\n|-heal|p2a: Gastrodon|16\/100 brn|[from] item: Leftovers\n|-damage|p2a: Gastrodon|10\/100 brn|[from] brn\n|upkeep\n|\n|t:|1700877330\n|switch|p1a: Corviknight|Corviknight, M|72\/100 brn\n|-ability|p1a: Corviknight|Pressure\n|turn|70\n|c| Serise|why tf is everything statused\n|c| Qontent|Im actually impressed at how Harmony is using their team\n|\n|t:|1700877335\n|move|p1a: Corviknight|Brave Bird|p2a: Gastrodon\n|-damage|p2a: Gastrodon|0 fnt\n|faint|p2a: Gastrodon\n|-damage|p1a: Corviknight|68\/100 brn|[from] Recoil\n|\n|-damage|p1a: Corviknight|62\/100 brn|[from] brn\n|upkeep\n|\n|t:|1700877338\n|switch|p2a: Meowscarada|Meowscarada, M|23\/100\n|-damage|p2a: Meowscarada|10\/100|[from] Stealth Rock\n|turn|71\n|c| Qontent|Even if they lose; they did very well\n|c| Serise|Yeah I can't remember the last time pred lost so many mons\n|\n|t:|1700877357\n|move|p2a: Meowscarada|Knock Off|p1a: Corviknight\n|-start|p2a: Meowscarada|typechange|Dark|[from] ability: Protean\n|-damage|p1a: Corviknight|33\/100 brn\n|move|p1a: Corviknight|Roost|p1a: Corviknight\n|-heal|p1a: Corviknight|83\/100 brn\n|-singleturn|p1a: Corviknight|move: Roost\n|\n|-damage|p1a: Corviknight|77\/100 brn|[from] brn\n|upkeep\n|turn|72\n|\n|t:|1700877369\n|move|p2a: Meowscarada|Knock Off|p1a: Corviknight\n|-damage|p1a: Corviknight|49\/100 brn\n|move|p1a: Corviknight|Roost|p1a: Corviknight\n|-heal|p1a: Corviknight|99\/100 brn\n|-singleturn|p1a: Corviknight|move: Roost\n|\n|-damage|p1a: Corviknight|93\/100 brn|[from] brn\n|upkeep\n|turn|73\n|\n|t:|1700877373\n|move|p2a: Meowscarada|Knock Off|p1a: Corviknight\n|-damage|p1a: Corviknight|66\/100 brn\n|move|p1a: Corviknight|U-turn|p2a: Meowscarada\n|-supereffective|p2a: Meowscarada\n|-damage|p2a: Meowscarada|0 fnt\n|faint|p2a: Meowscarada\n|\n|t:|1700877374\n|switch|p1a: Goodra|Goodra-Hisui, M|25\/100 brn|[from] U-turn\n|\n|-heal|p1a: Goodra|31\/100 brn|[from] item: Leftovers\n|-damage|p1a: Goodra|25\/100 brn|[from] brn\n|upkeep\n|\n|t:|1700877378\n|switch|p2a: Lopunny|Lopunny-Mega, M|20\/100\n|-damage|p2a: Lopunny|14\/100|[from] Stealth Rock\n|turn|74\n|c|\u2606predator30|fuck you piece of shit haxer\n|\n|t:|1700877383\n|move|p2a: Lopunny|Close Combat|p1a: Goodra\n|-supereffective|p1a: Goodra\n|-damage|p1a: Goodra|0 fnt\n|-unboost|p2a: Lopunny|def|1\n|-unboost|p2a: Lopunny|spd|1\n|faint|p1a: Goodra\n|\n|upkeep\n|\n|t:|1700877384\n|switch|p1a: Corviknight|Corviknight, M|66\/100 brn\n|-ability|p1a: Corviknight|Pressure\n|turn|75\n|\n|t:|1700877386\n|move|p2a: Lopunny|Close Combat|p1a: Corviknight\n|-damage|p1a: Corviknight|23\/100 brn\n|-unboost|p2a: Lopunny|def|1\n|-unboost|p2a: Lopunny|spd|1\n|move|p1a: Corviknight|Brave Bird|p2a: Lopunny\n|-supereffective|p2a: Lopunny\n|-crit|p2a: Lopunny\n|-damage|p2a: Lopunny|0 fnt\n|faint|p2a: Lopunny\n|-damage|p1a: Corviknight|20\/100 brn|[from] Recoil\n|\n|win|predator30\n|c|\u2606predator30|fuck you\n|c|\u2606Harmony6|Ggs\n|l|\u2606predator30\n|c| Qontent|Imagine crit\n|l| Captainbruh1008\n|c| Serise|oh\n|c| Serise|what was he mad about\n|c| Qontent|I think hes joking....?\n|c| Serise|one of us should save the replay just in case\n|c| Serise|1\n|c| Serise|2\n|c| Serise|3\n|c| Serise|not it\n|c| Qontent|Sigh\n|l| Serise\n|c| Qontent|Fine\n|l| Qontent\n","uploadtime":1700877433,"views":19,"p1id":"predator30","p2id":"harmony6","formatid":"gen9nationaldexubers","rating":0,"private":0,"password":""}