{"id":"gen9nationaldexubers-1994025124","p1":"WeControl3ForALL","p2":"super9800","format":"[Gen 9] National Dex Ubers","log":"|j|\u2606WeControl3ForALL\n|j|\u2606super9800\n|t:|1700395709\n|gametype|singles\n|player|p1|WeControl3ForALL|skyla|1088\n|player|p2|super9800|n|1020\n|teamsize|p1|6\n|teamsize|p2|6\n|gen|9\n|tier|[Gen 9] National Dex Ubers\n|rated|\n|rule|HP Percentage Mod: HP is shown in percentages\n|rule|Endless Battle Clause: Forcing endless battles is banned\n|rule|OHKO Clause: OHKO moves are banned\n|rule|Evasion Moves Clause: Evasion moves are banned\n|rule|Evasion Items Clause: Evasion items are banned\n|rule|Species Clause: Limit one of each Pok\u00e9mon\n|rule|Sleep Clause Mod: Limit one foe put to sleep\n|rule|Mega Rayquaza Clause: You cannot mega evolve Rayquaza\n|clearpoke\n|poke|p1|Tyranitar, M|\n|poke|p1|Cresselia, F|\n|poke|p1|Mewtwo|\n|poke|p1|Pawmot, M|\n|poke|p1|Rabsca, F|\n|poke|p1|Gyarados, M|\n|poke|p2|Blaziken, F|\n|poke|p2|Chesnaught, F|\n|poke|p2|Quaquaval, M|\n|poke|p2|Typhlosion-Hisui, F|\n|poke|p2|Inteleon, F|\n|poke|p2|Tentacruel, F|\n|teampreview\n|\n|t:|1700395714\n|start\n|switch|p1a: KRASH|Gyarados, M, shiny|100\/100\n|switch|p2a: Tentacruel|Tentacruel, F|100\/100\n|-ability|p1a: KRASH|Intimidate|boost\n|-unboost|p2a: Tentacruel|atk|1\n|turn|1\n|c|\u2606WeControl3ForALL|Hello there\n|\n|t:|1700395722\n|move|p2a: Tentacruel|Aqua Ring|p2a: Tentacruel\n|-start|p2a: Tentacruel|Aqua Ring\n|move|p1a: KRASH|Thunder Wave|p2a: Tentacruel\n|-status|p2a: Tentacruel|par\n|\n|upkeep\n|turn|2\n|c|\u2606super9800|hello\n|\n|t:|1700395730\n|move|p1a: KRASH|Thunderbolt|p2a: Tentacruel\n|-supereffective|p2a: Tentacruel\n|-damage|p2a: Tentacruel|72\/100 par\n|move|p2a: Tentacruel|Ice Beam|p1a: KRASH\n|-damage|p1a: KRASH|82\/100\n|\n|-heal|p2a: Tentacruel|80\/100 par|[from] Aqua Ring\n|upkeep\n|turn|3\n|\n|t:|1700395740\n|move|p1a: KRASH|Thunderbolt|p2a: Tentacruel\n|-supereffective|p2a: Tentacruel\n|-damage|p2a: Tentacruel|48\/100 par\n|move|p2a: Tentacruel|Ice Beam|p1a: KRASH\n|-damage|p1a: KRASH|62\/100\n|\n|-heal|p2a: Tentacruel|56\/100 par|[from] Aqua Ring\n|upkeep\n|turn|4\n|-activate|p1a: KRASH|item: Quick Claw\n|\n|t:|1700395749\n|move|p1a: KRASH|Thunderbolt|p2a: Tentacruel\n|-supereffective|p2a: Tentacruel\n|-damage|p2a: Tentacruel|27\/100 par\n|move|p2a: Tentacruel|Giga Drain|p1a: KRASH\n|-damage|p1a: KRASH|45\/100\n|-heal|p2a: Tentacruel|41\/100 par|[from] drain|[of] p1a: KRASH\n|\n|-heal|p2a: Tentacruel|49\/100 par|[from] Aqua Ring\n|upkeep\n|turn|5\n|\n|t:|1700395762\n|move|p1a: KRASH|Thunderbolt|p2a: Tentacruel\n|-supereffective|p2a: Tentacruel\n|-damage|p2a: Tentacruel|20\/100 par\n|move|p2a: Tentacruel|Giga Drain|p1a: KRASH\n|-damage|p1a: KRASH|28\/100\n|-heal|p2a: Tentacruel|34\/100 par|[from] drain|[of] p1a: KRASH\n|\n|-heal|p2a: Tentacruel|42\/100 par|[from] Aqua Ring\n|upkeep\n|turn|6\n|-activate|p1a: KRASH|item: Quick Claw\n|\n|t:|1700395770\n|move|p1a: KRASH|Thunderbolt|p2a: Tentacruel\n|-supereffective|p2a: Tentacruel\n|-damage|p2a: Tentacruel|10\/100 par\n|move|p2a: Tentacruel|Giga Drain|p1a: KRASH\n|-crit|p1a: KRASH\n|-damage|p1a: KRASH|1\/100\n|-heal|p2a: Tentacruel|32\/100 par|[from] drain|[of] p1a: KRASH\n|\n|-heal|p2a: Tentacruel|40\/100 par|[from] Aqua Ring\n|upkeep\n|turn|7\n|\n|t:|1700395789\n|switch|p1a: O.G|Mewtwo|100\/100\n|-ability|p1a: O.G|Unnerve\n|move|p2a: Tentacruel|Giga Drain|p1a: O.G\n|-damage|p1a: O.G|81\/100\n|-heal|p2a: Tentacruel|55\/100 par|[from] drain|[of] p1a: O.G\n|\n|-heal|p2a: Tentacruel|62\/100 par|[from] Aqua Ring\n|upkeep\n|turn|8\n|\n|t:|1700395800\n|move|p1a: O.G|Psychic|p2a: Tentacruel\n|-supereffective|p2a: Tentacruel\n|-damage|p2a: Tentacruel|0 fnt\n|faint|p2a: Tentacruel\n|\n|upkeep\n|\n|t:|1700395808\n|switch|p2a: Typhlosion|Typhlosion-Hisui, F|100\/100\n|turn|9\n|\n|t:|1700395815\n|switch|p1a: TANK|Tyranitar, M|100\/100\n|-weather|Sandstorm|[from] ability: Sand Stream|[of] p1a: TANK\n|move|p2a: Typhlosion|Shadow Ball|p1a: TANK\n|-resisted|p1a: TANK\n|-damage|p1a: TANK|88\/100\n|\n|-weather|Sandstorm|[upkeep]\n|-damage|p2a: Typhlosion|95\/100|[from] Sandstorm\n|upkeep\n|turn|10\n|\n|t:|1700395824\n|switch|p2a: Quaquaval|Quaquaval, M|100\/100\n|detailschange|p1a: TANK|Tyranitar-Mega, M\n|-mega|p1a: TANK|Tyranitar|Tyranitarite\n|move|p1a: TANK|Earthquake|p2a: Quaquaval\n|-damage|p2a: Quaquaval|51\/100\n|\n|-weather|Sandstorm|[upkeep]\n|-damage|p2a: Quaquaval|45\/100|[from] Sandstorm\n|upkeep\n|turn|11\n|\n|t:|1700395840\n|switch|p1a: Salford moonie|Cresselia, F|100\/100\n|move|p2a: Quaquaval|Aqua Step|p1a: Salford moonie\n|-damage|p1a: Salford moonie|73\/100\n|-boost|p2a: Quaquaval|spe|1\n|\n|-weather|Sandstorm|[upkeep]\n|-damage|p2a: Quaquaval|39\/100|[from] Sandstorm\n|-damage|p1a: Salford moonie|67\/100|[from] Sandstorm\n|upkeep\n|turn|12\n|\n|t:|1700395850\n|move|p2a: Quaquaval|Aqua Step|p1a: Salford moonie\n|-damage|p1a: Salford moonie|40\/100\n|-boost|p2a: Quaquaval|spe|1\n|move|p1a: Salford moonie|Thunder Wave|p2a: Quaquaval\n|-status|p2a: Quaquaval|par\n|\n|-weather|Sandstorm|[upkeep]\n|-damage|p1a: Salford moonie|34\/100|[from] Sandstorm\n|-damage|p2a: Quaquaval|33\/100 par|[from] Sandstorm\n|upkeep\n|turn|13\n|\n|t:|1700395893\n|switch|p1a: KRASH|Gyarados, M, shiny|1\/100\n|-ability|p1a: KRASH|Intimidate|boost\n|-unboost|p2a: Quaquaval|atk|1\n|cant|p2a: Quaquaval|par\n|\n|-weather|none\n|upkeep\n|turn|14\n|inactive|Battle timer is ON: inactive players will automatically lose when time's up. (requested by super9800)\n|\n|t:|1700395909\n|cant|p2a: Quaquaval|par\n|move|p1a: KRASH|Thunderbolt|p2a: Quaquaval\n|-supereffective|p2a: Quaquaval\n|-damage|p2a: Quaquaval|0 fnt\n|faint|p2a: Quaquaval\n|\n|upkeep\n|\n|t:|1700395917\n|switch|p2a: Blaziken|Blaziken, F|100\/100\n|turn|15\n|c|\u2606WeControl3ForALL|Yes\n|\n|t:|1700395928\n|switch|p2a: Chesnaught|Chesnaught, F|100\/100\n|move|p1a: KRASH|Thunder Wave|p2a: Chesnaught\n|-status|p2a: Chesnaught|par\n|\n|upkeep\n|turn|16\n|\n|t:|1700395934\n|move|p1a: KRASH|Ice Fang|p2a: Chesnaught\n|-supereffective|p2a: Chesnaught\n|-damage|p2a: Chesnaught|67\/100 par\n|move|p2a: Chesnaught|Iron Defense|p2a: Chesnaught\n|-boost|p2a: Chesnaught|def|2\n|\n|-heal|p2a: Chesnaught|73\/100 par|[from] item: Leftovers\n|upkeep\n|turn|17\n|\n|t:|1700395939\n|move|p1a: KRASH|Ice Fang|p2a: Chesnaught\n|-supereffective|p2a: Chesnaught\n|-damage|p2a: Chesnaught|52\/100 par\n|cant|p2a: Chesnaught|par\n|\n|-heal|p2a: Chesnaught|58\/100 par|[from] item: Leftovers\n|upkeep\n|turn|18\n|\n|t:|1700395944\n|move|p2a: Chesnaught|Spiky Shield|p2a: Chesnaught\n|-singleturn|p2a: Chesnaught|move: Protect\n|move|p1a: KRASH|Ice Fang|p2a: Chesnaught\n|-activate|p2a: Chesnaught|move: Protect\n|-damage|p1a: KRASH|0 fnt|[from] Spiky Shield|[of] p2a: Chesnaught\n|faint|p1a: KRASH\n|\n|-heal|p2a: Chesnaught|64\/100 par|[from] item: Leftovers\n|upkeep\n|\n|t:|1700395955\n|switch|p1a: KAIRO|Rabsca, F|100\/100\n|turn|19\n|\n|t:|1700395958\n|move|p1a: KAIRO|Revival Blessing|p1a: KAIRO\n|-enditem|p1a: KAIRO|Leppa Berry|[eat]\n|-activate|p1a: KAIRO|item: Leppa Berry|Revival Blessing|[consumed]\n|\n|t:|1700395961\n|-heal|p1: KRASH|50\/100|[from] move: Revival Blessing\n|cant|p2a: Chesnaught|par\n|\n|-heal|p2a: Chesnaught|70\/100 par|[from] item: Leftovers\n|upkeep\n|turn|20\n|\n|t:|1700395964\n|switch|p1a: O.G|Mewtwo|81\/100\n|-ability|p1a: O.G|Unnerve\n|cant|p2a: Chesnaught|par\n|\n|-heal|p2a: Chesnaught|77\/100 par|[from] item: Leftovers\n|upkeep\n|turn|21\n|\n|t:|1700395970\n|switch|p2a: Typhlosion|Typhlosion-Hisui, F|95\/100\n|move|p1a: O.G|Psychic|p2a: Typhlosion\n|-crit|p2a: Typhlosion\n|-damage|p2a: Typhlosion|0 fnt\n|faint|p2a: Typhlosion\n|\n|upkeep\n|\n|t:|1700395975\n|switch|p2a: Inteleon|Inteleon, F|100\/100\n|turn|22\n|\n|t:|1700395981\n|move|p1a: O.G|Thunderbolt|p2a: Inteleon\n|-supereffective|p2a: Inteleon\n|-damage|p2a: Inteleon|0 fnt\n|faint|p2a: Inteleon\n|\n|upkeep\n|-message|super9800 forfeited.\n|\n|win|WeControl3ForALL\n|raw|WeControl3ForALL's rating: 1088 &rarr; <strong>1110<\/strong><br \/>(+22 for winning)\n|raw|super9800's rating: 1020 &rarr; <strong>1010<\/strong><br \/>(-10 for losing)\n|l|\u2606super9800\n|c|\u2606WeControl3ForALL|We control free for all\n","uploadtime":1700396006,"views":9,"p1id":"wecontrol3forall","p2id":"super9800","formatid":"gen9nationaldexubers","rating":1010,"private":0,"password":""}