{"id":"gen9nationaldexubers-1985794563","p1":"CoffeeIsBrown","p2":"Fartconsumer","format":"[Gen 9] National Dex Ubers","log":"|j|\u2606CoffeeIsBrown\n|j|\u2606Fartconsumer\n|t:|1699406887\n|gametype|singles\n|player|p1|CoffeeIsBrown|blackbelt-gen4|1620\n|player|p2|Fartconsumer|169|1704\n|teamsize|p1|6\n|teamsize|p2|6\n|gen|9\n|tier|[Gen 9] National Dex Ubers\n|rated|\n|rule|HP Percentage Mod: HP is shown in percentages\n|rule|Endless Battle Clause: Forcing endless battles is banned\n|rule|OHKO Clause: OHKO moves are banned\n|rule|Evasion Moves Clause: Evasion moves are banned\n|rule|Evasion Items Clause: Evasion items are banned\n|rule|Species Clause: Limit one of each Pok\u00e9mon\n|rule|Sleep Clause Mod: Limit one foe put to sleep\n|rule|Mega Rayquaza Clause: You cannot mega evolve Rayquaza\n|clearpoke\n|poke|p1|Grimmsnarl, M|\n|poke|p1|Arceus|\n|poke|p1|Groudon|\n|poke|p1|Zacian-*|\n|poke|p1|Yveltal|\n|poke|p1|Mewtwo|\n|poke|p2|Galvantula, M|\n|poke|p2|Groudon|\n|poke|p2|Kyogre|\n|poke|p2|Necrozma-Dusk-Mane|\n|poke|p2|Arceus|\n|poke|p2|Diancie|\n|teampreview\n|inactive|Battle timer is ON: inactive players will automatically lose when time's up. (requested by CoffeeIsBrown)\n|\n|t:|1699406894\n|start\n|switch|p1a: Grimmsnarl|Grimmsnarl, M, shiny|100\/100\n|switch|p2a: Diancie|Diancie|100\/100\n|turn|1\n|\n|t:|1699406898\n|detailschange|p2a: Diancie|Diancie-Mega\n|-mega|p2a: Diancie|Diancie|Diancite\n|move|p1a: Grimmsnarl|Light Screen|p1a: Grimmsnarl\n|-sidestart|p1: CoffeeIsBrown|move: Light Screen\n|move|p2a: Diancie|Moonblast|p1a: Grimmsnarl\n|-supereffective|p1a: Grimmsnarl\n|-damage|p1a: Grimmsnarl|51\/100\n|\n|upkeep\n|turn|2\n|\n|t:|1699406902\n|move|p1a: Grimmsnarl|Parting Shot|p2a: Diancie\n|move|p2a: Diancie|Parting Shot|p1a: Grimmsnarl|[from]ability: Magic Bounce\n|-unboost|p1a: Grimmsnarl|atk|1\n|-unboost|p1a: Grimmsnarl|spa|1\n|c|\u2606CoffeeIsBrown|bye\n|\n|t:|1699406908\n|switch|p2a: Galvantula|Galvantula, M|100\/100|[from] Parting Shot\n|\n|upkeep\n|turn|3\n|\n|t:|1699406911\n|switch|p2a: Diancie|Diancie-Mega|100\/100\n|move|p1a: Grimmsnarl|Taunt|p2a: Diancie\n|move|p2a: Diancie|Taunt|p1a: Grimmsnarl|[from]ability: Magic Bounce\n|-start|p1a: Grimmsnarl|move: Taunt\n|\n|upkeep\n|turn|4\n|\n|t:|1699406915\n|switch|p2a: Galvantula|Galvantula, M|100\/100\n|switch|p1a: Zacian|Zacian-Crowned, shiny|100\/100\n|-ability|p1a: Zacian|Intrepid Sword|boost\n|-boost|p1a: Zacian|atk|1\n|\n|upkeep\n|turn|5\n|\n|t:|1699406920\n|move|p1a: Zacian|Play Rough|p2a: Galvantula\n|-enditem|p2a: Galvantula|Focus Sash\n|-damage|p2a: Galvantula|1\/100\n|move|p2a: Galvantula|Thunder Wave|p1a: Zacian\n|-status|p1a: Zacian|par\n|\n|upkeep\n|turn|6\n|\n|t:|1699406936\n|move|p2a: Galvantula|Sticky Web|p1a: Zacian\n|-sidestart|p1: CoffeeIsBrown|move: Sticky Web\n|cant|p1a: Zacian|par\n|\n|upkeep\n|turn|7\n|\n|t:|1699406940\n|move|p2a: Galvantula|Thunder|p1a: Zacian\n|-damage|p1a: Zacian|80\/100 par\n|cant|p1a: Zacian|par\n|\n|upkeep\n|turn|8\n|c|\u2606CoffeeIsBrown|DAMNIT\n|\n|t:|1699406947\n|move|p2a: Galvantula|Sticky Web||[still]\n|-fail|p2a: Galvantula\n|move|p1a: Zacian|Play Rough|p2a: Galvantula\n|-damage|p2a: Galvantula|0 fnt\n|faint|p2a: Galvantula\n|\n|-sideend|p1: CoffeeIsBrown|move: Light Screen\n|upkeep\n|c|\u2606CoffeeIsBrown|DAMNIT\n|c|\u2606Fartconsumer|Sorry about that\n|\n|t:|1699406959\n|switch|p2a: Necrozma|Necrozma-Dusk-Mane|100\/100\n|turn|9\n|c|\u2606CoffeeIsBrown|np\n|c|\u2606CoffeeIsBrown|screens is cheap aswell\n|\n|t:|1699406983\n|move|p2a: Necrozma|Stealth Rock|p1a: Zacian\n|-sidestart|p1: CoffeeIsBrown|move: Stealth Rock\n|move|p1a: Zacian|Wild Charge|p2a: Necrozma\n|-damage|p2a: Necrozma|56\/100\n|-damage|p1a: Zacian|69\/100 par|[from] Recoil\n|\n|upkeep\n|turn|10\n|\n|t:|1699406991\n|switch|p1a: Grimmsnarl|Grimmsnarl, M, shiny|51\/100\n|-activate|p1a: Grimmsnarl|move: Sticky Web\n|-unboost|p1a: Grimmsnarl|spe|1\n|-damage|p1a: Grimmsnarl|38\/100|[from] Stealth Rock\n|detailschange|p2a: Necrozma|Necrozma-Ultra\n|-burst|p2a: Necrozma|Necrozma|Ultranecrozium Z\n|move|p2a: Necrozma|Earthquake|p1a: Grimmsnarl\n|-damage|p1a: Grimmsnarl|0 fnt\n|faint|p1a: Grimmsnarl\n|\n|upkeep\n|\n|t:|1699407000\n|switch|p1a: Yveltal|Yveltal, shiny|100\/100\n|-damage|p1a: Yveltal|76\/100|[from] Stealth Rock\n|-ability|p1a: Yveltal|Dark Aura\n|turn|11\n|\n|t:|1699407005\n|switch|p2a: Diancie|Diancie-Mega|100\/100\n|move|p1a: Yveltal|Sucker Punch||[still]\n|-fail|p1a: Yveltal\n|\n|upkeep\n|turn|12\n|\n|t:|1699407011\n|switch|p1a: Zacian|Zacian-Crowned, shiny|69\/100 par\n|-activate|p1a: Zacian|move: Sticky Web\n|-unboost|p1a: Zacian|spe|1\n|-damage|p1a: Zacian|63\/100 par|[from] Stealth Rock\n|move|p2a: Diancie|Calm Mind|p2a: Diancie\n|-boost|p2a: Diancie|spa|1\n|-boost|p2a: Diancie|spd|1\n|\n|upkeep\n|turn|13\n|\n|t:|1699407014\n|move|p2a: Diancie|Earth Power|p1a: Zacian\n|-supereffective|p1a: Zacian\n|-damage|p1a: Zacian|0 fnt\n|faint|p1a: Zacian\n|\n|upkeep\n|\n|t:|1699407021\n|switch|p1a: Arceus|Arceus, shiny|100\/100\n|-activate|p1a: Arceus|move: Sticky Web\n|-unboost|p1a: Arceus|spe|1\n|-damage|p1a: Arceus|88\/100|[from] Stealth Rock\n|turn|14\n|\n|t:|1699407025\n|move|p2a: Diancie|Moonblast|p1a: Arceus\n|-crit|p1a: Arceus\n|-damage|p1a: Arceus|2\/100\n|-unboost|p1a: Arceus|spa|1\n|move|p1a: Arceus|Earthquake|p2a: Diancie\n|-supereffective|p2a: Diancie\n|-damage|p2a: Diancie|0 fnt\n|faint|p2a: Diancie\n|\n|upkeep\n|\n|t:|1699407030\n|switch|p2a: Arceus|Arceus|100\/100\n|turn|15\n|\n|t:|1699407038\n|-terastallize|p1a: Arceus|Ghost\n|move|p2a: Arceus|Swords Dance|p2a: Arceus\n|-boost|p2a: Arceus|atk|2\n|move|p1a: Arceus|Swords Dance|p1a: Arceus\n|-boost|p1a: Arceus|atk|2\n|\n|upkeep\n|turn|16\n|\n|t:|1699407041\n|move|p1a: Arceus|Extreme Speed|p2a: Arceus\n|-damage|p2a: Arceus|40\/100\n|move|p2a: Arceus|Shadow Claw|p1a: Arceus\n|-supereffective|p1a: Arceus\n|-damage|p1a: Arceus|0 fnt\n|faint|p1a: Arceus\n|-damage|p2a: Arceus|30\/100|[from] item: Life Orb\n|\n|upkeep\n|\n|t:|1699407047\n|switch|p1a: Yveltal|Yveltal, shiny|76\/100\n|-damage|p1a: Yveltal|51\/100|[from] Stealth Rock\n|-ability|p1a: Yveltal|Dark Aura\n|turn|17\n|\n|t:|1699407052\n|move|p2a: Arceus|Extreme Speed|p1a: Yveltal\n|-damage|p1a: Yveltal|0 fnt\n|faint|p1a: Yveltal\n|-damage|p2a: Arceus|20\/100|[from] item: Life Orb\n|\n|upkeep\n|\n|t:|1699407055\n|switch|p1a: Groudon|Groudon, shiny|100\/100\n|-activate|p1a: Groudon|move: Sticky Web\n|-unboost|p1a: Groudon|spe|1\n|-damage|p1a: Groudon|94\/100|[from] Stealth Rock\n|detailschange|p1a: Groudon|Groudon-Primal, shiny\n|-primal|p1a: Groudon|Red Orb\n|-weather|DesolateLand|[from] ability: Desolate Land|[of] p1a: Groudon\n|turn|18\n|c|\u2606CoffeeIsBrown|fucking stupid\n|\n|t:|1699407062\n|move|p2a: Arceus|Extreme Speed|p1a: Groudon\n|-damage|p1a: Groudon|40\/100\n|-damage|p2a: Arceus|10\/100|[from] item: Life Orb\n|move|p1a: Groudon|Heat Crash|p2a: Arceus\n|-damage|p2a: Arceus|0 fnt\n|faint|p2a: Arceus\n|\n|-weather|DesolateLand|[upkeep]\n|upkeep\n|\n|t:|1699407071\n|switch|p2a: Kyogre|Kyogre|100\/100\n|detailschange|p2a: Kyogre|Kyogre-Primal\n|-primal|p2a: Kyogre|Blue Orb\n|-weather|PrimordialSea|[from] ability: Primordial Sea|[of] p2a: Kyogre\n|turn|19\n|\n|t:|1699407074\n|move|p2a: Kyogre|Water Spout|p1a: Groudon\n|-supereffective|p1a: Groudon\n|-damage|p1a: Groudon|0 fnt\n|faint|p1a: Groudon\n|\n|-weather|PrimordialSea|[upkeep]\n|upkeep\n|\n|t:|1699407076\n|switch|p1a: Mewtwo|Mewtwo, shiny|100\/100\n|-activate|p1a: Mewtwo|move: Sticky Web\n|-unboost|p1a: Mewtwo|spe|1\n|-damage|p1a: Mewtwo|88\/100|[from] Stealth Rock\n|-ability|p1a: Mewtwo|Pressure\n|turn|20\n|\n|t:|1699407080\n|detailschange|p1a: Mewtwo|Mewtwo-Mega-Y, shiny\n|-mega|p1a: Mewtwo|Mewtwo|Mewtwonite Y\n|move|p2a: Kyogre|Water Spout|p1a: Mewtwo\n|-damage|p1a: Mewtwo|0 fnt\n|faint|p1a: Mewtwo\n|\n|win|Fartconsumer\n|raw|CoffeeIsBrown's rating: 1620 &rarr; <strong>1605<\/strong><br \/>(-15 for losing)\n|raw|Fartconsumer's rating: 1704 &rarr; <strong>1719<\/strong><br \/>(+15 for winning)\n","uploadtime":1699407059,"views":4,"p1id":"coffeeisbrown","p2id":"fartconsumer","formatid":"gen9nationaldexubers","rating":1605,"private":0,"password":""}