{"id":"gen9nationaldexubers-1995528005","p1":"ThatWeirdGuyAndrew","p2":"SyntaxError614","format":"[Gen 9] National Dex Ubers","log":"|j|\u2606ThatWeirdGuyAndrew\n|j|\u2606SyntaxError614\n|t:|1700580057\n|gametype|singles\n|player|p1|ThatWeirdGuyAndrew|benga|1130\n|player|p2|SyntaxError614|proton|1078\n|teamsize|p1|6\n|teamsize|p2|6\n|gen|9\n|tier|[Gen 9] National Dex Ubers\n|rated|\n|rule|HP Percentage Mod: HP is shown in percentages\n|rule|Endless Battle Clause: Forcing endless battles is banned\n|rule|OHKO Clause: OHKO moves are banned\n|rule|Evasion Moves Clause: Evasion moves are banned\n|rule|Evasion Items Clause: Evasion items are banned\n|rule|Species Clause: Limit one of each Pok\u00e9mon\n|rule|Sleep Clause Mod: Limit one foe put to sleep\n|rule|Mega Rayquaza Clause: You cannot mega evolve Rayquaza\n|clearpoke\n|poke|p1|Eternatus|\n|poke|p1|Arceus-Water|\n|poke|p1|Mewtwo|\n|poke|p1|Dragapult, M|\n|poke|p1|Dialga|\n|poke|p1|Iron Thorns|\n|poke|p2|Deoxys-Speed|\n|poke|p2|Blastoise, M|\n|poke|p2|Ferrothorn, M|\n|poke|p2|Greninja-*, M|\n|poke|p2|Darmanitan-Galar, M|\n|poke|p2|Kingambit, M|\n|teampreview\n|\n|t:|1700580063\n|start\n|switch|p1a: Eternatus|Eternatus|100\/100\n|switch|p2a: Deoxys|Deoxys-Speed|100\/100\n|-ability|p2a: Deoxys|Pressure\n|-ability|p1a: Eternatus|Pressure\n|turn|1\n|\n|t:|1700580086\n|move|p1a: Eternatus|Dynamax Cannon|p2a: Deoxys\n|-damage|p2a: Deoxys|5\/100\n|-damage|p1a: Eternatus|91\/100|[from] item: Life Orb\n|move|p2a: Deoxys|Mirror Coat|p1a: Eternatus\n|-damage|p1a: Eternatus|0 fnt\n|faint|p1a: Eternatus\n|\n|upkeep\n|\n|t:|1700580090\n|switch|p1a: Mewtwo|Mewtwo, shiny|100\/100\n|-ability|p1a: Mewtwo|Unnerve\n|turn|2\n|\n|t:|1700580095\n|move|p2a: Deoxys|Stealth Rock|p1a: Mewtwo\n|-sidestart|p1: ThatWeirdGuyAndrew|move: Stealth Rock\n|move|p1a: Mewtwo|Dark Pulse|p2a: Deoxys\n|-supereffective|p2a: Deoxys\n|-damage|p2a: Deoxys|0 fnt\n|faint|p2a: Deoxys\n|\n|upkeep\n|\n|t:|1700580104\n|switch|p2a: Blastoise|Blastoise, M|100\/100\n|turn|3\n|\n|t:|1700580115\n|move|p1a: Mewtwo|Psystrike|p2a: Blastoise\n|-damage|p2a: Blastoise|49\/100\n|move|p2a: Blastoise|Shell Smash|p2a: Blastoise\n|-unboost|p2a: Blastoise|def|1\n|-unboost|p2a: Blastoise|spd|1\n|-boost|p2a: Blastoise|atk|2\n|-boost|p2a: Blastoise|spa|2\n|-boost|p2a: Blastoise|spe|2\n|\n|upkeep\n|turn|4\n|\n|t:|1700580122\n|detailschange|p2a: Blastoise|Blastoise-Mega, M\n|-mega|p2a: Blastoise|Blastoise|Blastoisinite\n|move|p2a: Blastoise|Dark Pulse|p1a: Mewtwo\n|-supereffective|p1a: Mewtwo\n|-damage|p1a: Mewtwo|0 fnt\n|faint|p1a: Mewtwo\n|\n|upkeep\n|\n|t:|1700580133\n|switch|p1a: Iron Thorns|Iron Thorns, shiny|100\/100\n|-damage|p1a: Iron Thorns|88\/100|[from] Stealth Rock\n|turn|5\n|\n|t:|1700580139\n|move|p2a: Blastoise|Aura Sphere|p1a: Iron Thorns\n|-supereffective|p1a: Iron Thorns\n|-damage|p1a: Iron Thorns|0 fnt\n|faint|p1a: Iron Thorns\n|-end|p1a: Iron Thorns|Quark Drive|[silent]\n|\n|upkeep\n|\n|t:|1700580143\n|switch|p1a: Dialga|Dialga, shiny|100\/100\n|-damage|p1a: Dialga|94\/100|[from] Stealth Rock\n|-ability|p1a: Dialga|Pressure\n|turn|6\n|\n|t:|1700580149\n|move|p2a: Blastoise|Aura Sphere|p1a: Dialga\n|-supereffective|p1a: Dialga\n|-damage|p1a: Dialga|0 fnt\n|faint|p1a: Dialga\n|\n|upkeep\n|\n|t:|1700580154\n|switch|p1a: Dragapult|Dragapult, M, shiny|100\/100\n|-damage|p1a: Dragapult|88\/100|[from] Stealth Rock\n|turn|7\n|\n|t:|1700580160\n|move|p2a: Blastoise|Dark Pulse|p1a: Dragapult\n|-supereffective|p1a: Dragapult\n|-damage|p1a: Dragapult|0 fnt\n|faint|p1a: Dragapult\n|\n|upkeep\n|\n|t:|1700580162\n|switch|p1a: Arceus|Arceus-Water, shiny|100\/100\n|-damage|p1a: Arceus|88\/100|[from] Stealth Rock\n|turn|8\n|\n|t:|1700580168\n|move|p2a: Blastoise|Aura Sphere|p1a: Arceus\n|-damage|p1a: Arceus|33\/100\n|move|p1a: Arceus|Blizzard|p2a: Blastoise\n|-resisted|p2a: Blastoise\n|-damage|p2a: Blastoise|25\/100\n|\n|upkeep\n|turn|9\n|\n|t:|1700580178\n|move|p2a: Blastoise|Dark Pulse|p1a: Arceus\n|-damage|p1a: Arceus|0 fnt\n|faint|p1a: Arceus\n|\n|win|SyntaxError614\n|raw|ThatWeirdGuyAndrew's rating: 1130 &rarr; <strong>1101<\/strong><br \/>(-29 for losing)\n|raw|SyntaxError614's rating: 1078 &rarr; <strong>1111<\/strong><br \/>(+33 for winning)\n|l|\u2606ThatWeirdGuyAndrew\n","uploadtime":1700580189,"views":0,"p1id":"thatweirdguyandrew","p2id":"syntaxerror614","formatid":"gen9nationaldexubers","rating":1101,"private":0,"password":""}