{"id":"gen9nationaldexubers-1981773305","p1":"SylverOmega","p2":"JimmyJohto","format":"[Gen 9] National Dex Ubers","log":"|j|\u2606SylverOmega\n|j|\u2606JimmyJohto\n|t:|1698940538\n|gametype|singles\n|player|p1|SylverOmega|palmer|\n|player|p2|JimmyJohto|ethan|\n|teamsize|p1|6\n|teamsize|p2|6\n|gen|9\n|tier|[Gen 9] National Dex Ubers\n|rule|HP Percentage Mod: HP is shown in percentages\n|rule|Endless Battle Clause: Forcing endless battles is banned\n|rule|OHKO Clause: OHKO moves are banned\n|rule|Evasion Moves Clause: Evasion moves are banned\n|rule|Evasion Items Clause: Evasion items are banned\n|rule|Species Clause: Limit one of each Pok\u00e9mon\n|rule|Sleep Clause Mod: Limit one foe put to sleep\n|rule|Mega Rayquaza Clause: You cannot mega evolve Rayquaza\n|clearpoke\n|poke|p1|Cinderace, M|\n|poke|p1|Greninja-*, M|\n|poke|p1|Corviknight, F|\n|poke|p1|Rillaboom, F|\n|poke|p1|Zoroark-Hisui, F|\n|poke|p1|Dragonite, F|\n|poke|p2|Greninja-*, M|\n|poke|p2|Dragonite, M|\n|poke|p2|Ninetales-Alola, M|\n|poke|p2|Hatterene, F|\n|poke|p2|Blaziken, M|\n|poke|p2|Corviknight, F|\n|teampreview\n|inactive|Battle timer is ON: inactive players will automatically lose when time's up. (requested by SylverOmega)\n|c|\u2606SylverOmega|Hf\n|c|\u2606JimmyJohto|gl\n|\n|t:|1698940553\n|start\n|switch|p1a: Rillaboom|Rillaboom, F|100\/100\n|switch|p2a: Blaziken|Blaziken, M|100\/100\n|-fieldstart|move: Grassy Terrain|[from] ability: Grassy Surge|[of] p1a: Rillaboom\n|turn|1\n|\n|t:|1698940570\n|switch|p1a: Dragonite|Dragonite, F|100\/100\n|move|p2a: Blaziken|Swords Dance|p2a: Blaziken\n|-boost|p2a: Blaziken|atk|2\n|\n|-ability|p2a: Blaziken|Speed Boost|boost\n|-boost|p2a: Blaziken|spe|1\n|upkeep\n|turn|2\n|\n|t:|1698940580\n|-zpower|p2a: Blaziken\n|move|p2a: Blaziken|Inferno Overdrive|p1a: Dragonite|[zeffect]\n|-resisted|p1a: Dragonite\n|-damage|p1a: Dragonite|48\/100\n|move|p1a: Dragonite|Dragon Dance|p1a: Dragonite\n|-boost|p1a: Dragonite|atk|1\n|-boost|p1a: Dragonite|spe|1\n|\n|-ability|p2a: Blaziken|Speed Boost|boost\n|-boost|p2a: Blaziken|spe|1\n|upkeep\n|turn|3\n|\n|t:|1698940595\n|move|p1a: Dragonite|Extreme Speed|p2a: Blaziken\n|-damage|p2a: Blaziken|32\/100\n|move|p2a: Blaziken|Close Combat|p1a: Dragonite\n|-resisted|p1a: Dragonite\n|-damage|p1a: Dragonite|0 fnt\n|-unboost|p2a: Blaziken|def|1\n|-unboost|p2a: Blaziken|spd|1\n|faint|p1a: Dragonite\n|\n|-heal|p2a: Blaziken|38\/100|[from] Grassy Terrain\n|-ability|p2a: Blaziken|Speed Boost|boost\n|-boost|p2a: Blaziken|spe|1\n|upkeep\n|\n|t:|1698940610\n|switch|p1a: Narutito|Greninja, M|100\/100\n|turn|4\n|\n|t:|1698940616\n|switch|p2a: Hatterene|Hatterene, F|100\/100\n|-terastallize|p1a: Narutito|Water\n|move|p1a: Narutito|Water Shuriken|p2a: Hatterene\n|-damage|p2a: Hatterene|93\/100\n|-damage|p2a: Hatterene|86\/100\n|-hitcount|p2a: Hatterene|2\n|-enditem|p2a: Hatterene|Eject Button\n|\n|t:|1698940625\n|switch|p2a: Ninetales|Ninetales-Alola, M|100\/100\n|-weather|Snow|[from] ability: Snow Warning|[of] p2a: Ninetales\n|\n|-weather|Snow|[upkeep]\n|upkeep\n|turn|5\n|c|\u2606SylverOmega|Le intent\u00e9 cancelar pero era tarde\n|\n|t:|1698940641\n|move|p1a: Narutito|Scald|p2a: Ninetales\n|-damage|p2a: Ninetales|48\/100\n|-status|p2a: Ninetales|brn\n|move|p2a: Ninetales|Aurora Veil|p2a: Ninetales\n|-sidestart|p2: JimmyJohto|move: Aurora Veil\n|\n|-weather|Snow|[upkeep]\n|-heal|p2a: Ninetales|54\/100 brn|[from] Grassy Terrain\n|-damage|p2a: Ninetales|48\/100 brn|[from] brn\n|-fieldend|move: Grassy Terrain\n|upkeep\n|turn|6\n|\n|t:|1698940654\n|move|p1a: Narutito|Scald|p2a: Ninetales\n|-damage|p2a: Ninetales|22\/100 brn\n|move|p2a: Ninetales|Extrasensory|p1a: Narutito\n|-damage|p1a: Narutito|70\/100\n|\n|-weather|Snow|[upkeep]\n|-damage|p2a: Ninetales|17\/100 brn|[from] brn\n|upkeep\n|turn|7\n|\n|t:|1698940663\n|switch|p2a: Hatterene|Hatterene, F|86\/100\n|move|p1a: Narutito|Scald|p2a: Hatterene\n|-damage|p2a: Hatterene|67\/100\n|\n|-weather|Snow|[upkeep]\n|upkeep\n|turn|8\n|\n|t:|1698940681\n|switch|p1a: Caballera|Corviknight, F, shiny|100\/100\n|move|p2a: Hatterene|Nuzzle|p1a: Caballera\n|-supereffective|p1a: Caballera\n|-damage|p1a: Caballera|94\/100\n|-status|p1a: Caballera|par\n|-damage|p2a: Hatterene|50\/100|[from] item: Rocky Helmet|[of] p1a: Caballera\n|\n|-weather|none\n|upkeep\n|turn|9\n|\n|t:|1698940705\n|move|p2a: Hatterene|Healing Wish|p2a: Hatterene\n|faint|p2a: Hatterene\n|move|p1a: Caballera|Bulk Up|p1a: Caballera\n|-boost|p1a: Caballera|atk|1\n|-boost|p1a: Caballera|def|1\n|\n|upkeep\n|\n|t:|1698940710\n|switch|p2a: Blaziken|Blaziken, M|38\/100\n|-heal|p2a: Blaziken|100\/100|[from] move: Healing Wish\n|turn|10\n|\n|t:|1698940716\n|move|p2a: Blaziken|Flare Blitz|p1a: Caballera\n|-supereffective|p1a: Caballera\n|-damage|p1a: Caballera|22\/100 par\n|-damage|p2a: Blaziken|84\/100|[from] item: Rocky Helmet|[of] p1a: Caballera\n|-damage|p2a: Blaziken|52\/100|[from] Recoil\n|cant|p1a: Caballera|par\n|\n|-ability|p2a: Blaziken|Speed Boost|boost\n|-boost|p2a: Blaziken|spe|1\n|upkeep\n|turn|11\n|\n|t:|1698940728\n|move|p2a: Blaziken|Flare Blitz|p1a: Caballera\n|-supereffective|p1a: Caballera\n|-damage|p1a: Caballera|0 fnt\n|-damage|p2a: Blaziken|36\/100|[from] item: Rocky Helmet|[of] p1a: Caballera\n|faint|p1a: Caballera\n|-damage|p2a: Blaziken|26\/100|[from] Recoil\n|\n|-ability|p2a: Blaziken|Speed Boost|boost\n|-boost|p2a: Blaziken|spe|1\n|upkeep\n|\n|t:|1698940739\n|switch|p1a: Rillaboom|Rillaboom, F|100\/100\n|-fieldstart|move: Grassy Terrain|[from] ability: Grassy Surge|[of] p1a: Rillaboom\n|turn|12\n|\n|t:|1698940745\n|move|p1a: Rillaboom|Grassy Glide|p2a: Blaziken\n|-resisted|p2a: Blaziken\n|-damage|p2a: Blaziken|7\/100\n|move|p2a: Blaziken|Flare Blitz|p1a: Rillaboom\n|-supereffective|p1a: Rillaboom\n|-damage|p1a: Rillaboom|0 fnt\n|faint|p1a: Rillaboom\n|-damage|p2a: Blaziken|0 fnt|[from] Recoil\n|faint|p2a: Blaziken\n|\n|-sideend|p2: JimmyJohto|move: Aurora Veil\n|upkeep\n|\n|t:|1698940759\n|switch|p2a: Dragonite|Dragonite, M|100\/100\n|switch|p1a: Alex Zabel|Cinderace, M, shiny|100\/100\n|turn|13\n|\n|t:|1698940772\n|move|p1a: Alex Zabel|U-turn|p2a: Dragonite\n|-start|p1a: Alex Zabel|typechange|Bug|[from] ability: Libero\n|-resisted|p2a: Dragonite\n|-damage|p2a: Dragonite|92\/100\n|\n|t:|1698940777\n|switch|p1a: Narutito|Greninja, M|100\/100|[from] U-turn\n|move|p2a: Dragonite|Dragon Dance|p2a: Dragonite\n|-boost|p2a: Dragonite|atk|1\n|-boost|p2a: Dragonite|spe|1\n|\n|upkeep\n|-start|p1a: Narutito|typechange|Water|[silent]\n|turn|14\n|\n|t:|1698940789\n|-terastallize|p2a: Dragonite|Normal\n|move|p2a: Dragonite|Extreme Speed|p1a: Narutito\n|-immune|p1a: Narutito\n|move|p1a: Narutito|Icy Wind|p2a: Dragonite\n|-damage|p2a: Dragonite|74\/100\n|-unboost|p2a: Dragonite|spe|1\n|\n|-heal|p2a: Dragonite|80\/100|[from] Grassy Terrain\n|upkeep\n|turn|15\n|c|\u2606JimmyJohto|dios\n|c|\u2606JimmyJohto|el zoroark de la polla\n|\n|t:|1698940805\n|move|p1a: Narutito|Hyper Voice|p2a: Dragonite\n|-damage|p2a: Dragonite|29\/100\n|move|p2a: Dragonite|Earthquake|p1a: Narutito\n|-damage|p1a: Narutito|40\/100\n|replace|p1a: Zoroark|Zoroark-Hisui, F\n|-end|p1a: Zoroark|Illusion\n|\n|-heal|p1a: Zoroark|46\/100|[from] Grassy Terrain\n|-heal|p2a: Dragonite|35\/100|[from] Grassy Terrain\n|upkeep\n|turn|16\n|c|\u2606SylverOmega|XD\n|\n|t:|1698940819\n|switch|p2a: Ninetales|Ninetales-Alola, M|17\/100 brn\n|-weather|Snow|[from] ability: Snow Warning|[of] p2a: Ninetales\n|move|p1a: Zoroark|Hyper Voice|p2a: Ninetales\n|-damage|p2a: Ninetales|0 fnt\n|faint|p2a: Ninetales\n|\n|-weather|Snow|[upkeep]\n|-heal|p1a: Zoroark|52\/100|[from] Grassy Terrain\n|-fieldend|move: Grassy Terrain\n|upkeep\n|\n|t:|1698940829\n|switch|p2a: Corviknight|Corviknight, F|100\/100\n|-ability|p2a: Corviknight|Pressure\n|turn|17\n|\n|t:|1698940836\n|move|p1a: Zoroark|Nasty Plot|p1a: Zoroark\n|-boost|p1a: Zoroark|spa|2\n|move|p2a: Corviknight|Brave Bird|p1a: Zoroark\n|-damage|p1a: Zoroark|0 fnt\n|faint|p1a: Zoroark\n|-damage|p2a: Corviknight|90\/100|[from] Recoil\n|\n|-weather|Snow|[upkeep]\n|upkeep\n|c|\u2606SylverOmega|Bueno gg xd\n|\n|t:|1698940852\n|switch|p1a: Alex Zabel|Cinderace, M, shiny|100\/100\n|turn|18\n|\n|t:|1698940855\n|move|p1a: Alex Zabel|U-turn|p2a: Corviknight\n|-start|p1a: Alex Zabel|typechange|Bug|[from] ability: Libero\n|-resisted|p2a: Corviknight\n|-damage|p2a: Corviknight|85\/100\n|-damage|p1a: Alex Zabel|84\/100|[from] item: Rocky Helmet|[of] p2a: Corviknight\n|c|\u2606SylverOmega|Y lo deja\n|\n|t:|1698940865\n|switch|p1a: Narutito|Greninja, M, tera:Water|70\/100|[from] U-turn\n|move|p2a: Corviknight|Brave Bird|p1a: Narutito\n|-damage|p1a: Narutito|13\/100\n|-damage|p2a: Corviknight|72\/100|[from] Recoil\n|\n|-weather|Snow|[upkeep]\n|upkeep\n|turn|19\n|\n|t:|1698940876\n|move|p1a: Narutito|Scald|p2a: Corviknight\n|-damage|p2a: Corviknight|25\/100\n|move|p2a: Corviknight|Brave Bird|p1a: Narutito\n|-damage|p1a: Narutito|0 fnt\n|faint|p1a: Narutito\n|-damage|p2a: Corviknight|22\/100|[from] Recoil\n|\n|-weather|Snow|[upkeep]\n|upkeep\n|\n|t:|1698940887\n|switch|p1a: Alex Zabel|Cinderace, M, shiny|84\/100\n|turn|20\n|\n|t:|1698940890\n|move|p1a: Alex Zabel|Pyro Ball|p2a: Corviknight\n|-supereffective|p2a: Corviknight\n|-crit|p2a: Corviknight\n|-damage|p2a: Corviknight|0 fnt\n|faint|p2a: Corviknight\n|\n|-weather|none\n|upkeep\n|\n|t:|1698940896\n|switch|p2a: Greninja|Greninja, M|100\/100\n|turn|21\n|\n|t:|1698940904\n|move|p2a: Greninja|Scald|p1a: Alex Zabel\n|-supereffective|p1a: Alex Zabel\n|-damage|p1a: Alex Zabel|0 fnt\n|faint|p1a: Alex Zabel\n|\n|win|JimmyJohto\n|c|\u2606JimmyJohto|gg\n|c|\u2606SylverOmega|Gg\n|l|\u2606SylverOmega\n","uploadtime":1698941295,"views":11,"p1id":"sylveromega","p2id":"jimmyjohto","formatid":"gen9nationaldexubers","rating":0,"private":0,"password":""}