{"id":"gen9nationaldexubers-1985776802","p1":"Mexican muscleman","p2":"ffdshjgj","format":"[Gen 9] National Dex Ubers","log":"|j|\u2606Mexican muscleman\n|j|\u2606ffdshjgj\n|t:|1699405000\n|gametype|singles\n|player|p1|Mexican muscleman|crasherwake|1149\n|player|p2|ffdshjgj|unknown|1117\n|teamsize|p1|6\n|teamsize|p2|6\n|gen|9\n|tier|[Gen 9] National Dex Ubers\n|rated|\n|rule|HP Percentage Mod: HP is shown in percentages\n|rule|Endless Battle Clause: Forcing endless battles is banned\n|rule|OHKO Clause: OHKO moves are banned\n|rule|Evasion Moves Clause: Evasion moves are banned\n|rule|Evasion Items Clause: Evasion items are banned\n|rule|Species Clause: Limit one of each Pok\u00e9mon\n|rule|Sleep Clause Mod: Limit one foe put to sleep\n|rule|Mega Rayquaza Clause: You cannot mega evolve Rayquaza\n|clearpoke\n|poke|p1|Scizor, M|\n|poke|p1|Skeledirge, F|\n|poke|p1|Tyrantrum, M|\n|poke|p1|Corviknight, F|\n|poke|p1|Goodra-Hisui, M|\n|poke|p1|Dracovish|\n|poke|p2|Shuckle, F|\n|poke|p2|Xerneas-*|\n|poke|p2|Lunala|\n|poke|p2|Groudon|\n|poke|p2|Salamence, M|\n|poke|p2|Zacian-*|\n|teampreview\n|inactive|Battle timer is ON: inactive players will automatically lose when time's up. (requested by ffdshjgj)\n|\n|t:|1699405028\n|start\n|switch|p1a: Tyrantrum|Tyrantrum, M, shiny|100\/100\n|switch|p2a: Shuckle|Shuckle, F|100\/100\n|turn|1\n|\n|t:|1699405039\n|move|p1a: Tyrantrum|Close Combat|p2a: Shuckle\n|-damage|p2a: Shuckle|80\/100\n|-unboost|p1a: Tyrantrum|def|1\n|-unboost|p1a: Tyrantrum|spd|1\n|move|p2a: Shuckle|Sticky Web|p1a: Tyrantrum\n|-sidestart|p1: Mexican muscleman|move: Sticky Web\n|\n|upkeep\n|turn|2\n|\n|t:|1699405048\n|move|p1a: Tyrantrum|Close Combat|p2a: Shuckle\n|-damage|p2a: Shuckle|59\/100\n|-unboost|p1a: Tyrantrum|def|1\n|-unboost|p1a: Tyrantrum|spd|1\n|move|p2a: Shuckle|Stealth Rock|p1a: Tyrantrum\n|-sidestart|p1: Mexican muscleman|move: Stealth Rock\n|\n|upkeep\n|turn|3\n|\n|t:|1699405056\n|move|p1a: Tyrantrum|Close Combat|p2a: Shuckle\n|-damage|p2a: Shuckle|36\/100\n|-unboost|p1a: Tyrantrum|def|1\n|-unboost|p1a: Tyrantrum|spd|1\n|move|p2a: Shuckle|Encore|p1a: Tyrantrum\n|-start|p1a: Tyrantrum|Encore\n|\n|upkeep\n|turn|4\n|\n|t:|1699405064\n|move|p1a: Tyrantrum|Close Combat|p2a: Shuckle\n|-damage|p2a: Shuckle|15\/100\n|-unboost|p1a: Tyrantrum|def|1\n|-unboost|p1a: Tyrantrum|spd|1\n|move|p2a: Shuckle|Final Gambit|p1a: Tyrantrum\n|-damage|p1a: Tyrantrum|89\/100\n|faint|p2a: Shuckle\n|\n|upkeep\n|\n|t:|1699405066\n|switch|p2a: Lunala|Lunala|100\/100\n|turn|5\n|\n|t:|1699405078\n|move|p1a: Tyrantrum|Close Combat|p2a: Lunala\n|-immune|p2a: Lunala\n|move|p2a: Lunala|Calm Mind|p2a: Lunala\n|-boost|p2a: Lunala|spa|1\n|-boost|p2a: Lunala|spd|1\n|\n|upkeep\n|turn|6\n|\n|t:|1699405089\n|switch|p1a: Corviknight|Corviknight, F|100\/100\n|-damage|p1a: Corviknight|88\/100|[from] Stealth Rock\n|-ability|p1a: Corviknight|Pressure\n|move|p2a: Lunala|Calm Mind|p2a: Lunala\n|-boost|p2a: Lunala|spa|1\n|-boost|p2a: Lunala|spd|1\n|\n|upkeep\n|turn|7\n|\n|t:|1699405102\n|move|p2a: Lunala|Moongeist Beam|p1a: Corviknight\n|-damage|p1a: Corviknight|0 fnt\n|faint|p1a: Corviknight\n|\n|upkeep\n|\n|t:|1699405110\n|switch|p1a: Skeledirge|Skeledirge, F, shiny|100\/100\n|-activate|p1a: Skeledirge|move: Sticky Web\n|-unboost|p1a: Skeledirge|spe|1\n|-damage|p1a: Skeledirge|75\/100|[from] Stealth Rock\n|turn|8\n|\n|t:|1699405119\n|move|p2a: Lunala|Moongeist Beam|p1a: Skeledirge\n|-supereffective|p1a: Skeledirge\n|-damage|p1a: Skeledirge|0 fnt\n|faint|p1a: Skeledirge\n|\n|upkeep\n|\n|t:|1699405128\n|switch|p1a: Dracovish|Dracovish|100\/100\n|-activate|p1a: Dracovish|move: Sticky Web\n|-unboost|p1a: Dracovish|spe|1\n|-damage|p1a: Dracovish|88\/100|[from] Stealth Rock\n|turn|9\n|\n|t:|1699405143\n|move|p2a: Lunala|Moonblast|p1a: Dracovish\n|-supereffective|p1a: Dracovish\n|-damage|p1a: Dracovish|0 fnt\n|faint|p1a: Dracovish\n|\n|upkeep\n|\n|t:|1699405150\n|switch|p1a: Goodra|Goodra-Hisui, M|100\/100\n|-activate|p1a: Goodra|move: Sticky Web\n|-unboost|p1a: Goodra|spe|1\n|-damage|p1a: Goodra|94\/100|[from] Stealth Rock\n|turn|10\n|\n|t:|1699405159\n|-zpower|p2a: Lunala\n|move|p2a: Lunala|Menacing Moonraze Maelstrom|p1a: Goodra|[zeffect]\n|-damage|p1a: Goodra|0 fnt\n|faint|p1a: Goodra\n|\n|upkeep\n|\n|t:|1699405171\n|switch|p1a: Tyrantrum|Tyrantrum, M, shiny|89\/100\n|-activate|p1a: Tyrantrum|move: Sticky Web\n|-unboost|p1a: Tyrantrum|spe|1\n|-damage|p1a: Tyrantrum|76\/100|[from] Stealth Rock\n|turn|11\n|\n|t:|1699405181\n|-terastallize|p1a: Tyrantrum|Rock\n|move|p2a: Lunala|Moonblast|p1a: Tyrantrum\n|-damage|p1a: Tyrantrum|0 fnt\n|faint|p1a: Tyrantrum\n|\n|upkeep\n|\n|t:|1699405188\n|switch|p1a: Scizor|Scizor, M|100\/100\n|-activate|p1a: Scizor|move: Sticky Web\n|-unboost|p1a: Scizor|spe|1\n|-damage|p1a: Scizor|88\/100|[from] Stealth Rock\n|turn|12\n|\n|t:|1699405199\n|detailschange|p1a: Scizor|Scizor-Mega, M\n|-mega|p1a: Scizor|Scizor|Scizorite\n|move|p1a: Scizor|Bullet Punch|p2a: Lunala\n|-damage|p2a: Lunala|82\/100\n|move|p2a: Lunala|Moongeist Beam|p1a: Scizor\n|-damage|p1a: Scizor|0 fnt\n|faint|p1a: Scizor\n|\n|win|ffdshjgj\n|raw|Mexican muscleman's rating: 1149 &rarr; <strong>1122<\/strong><br \/>(-27 for losing)\n|raw|ffdshjgj's rating: 1117 &rarr; <strong>1144<\/strong><br \/>(+27 for winning)\n","uploadtime":1699405206,"views":7,"p1id":"mexicanmuscleman","p2id":"ffdshjgj","formatid":"gen9nationaldexubers","rating":1122,"private":0,"password":""}