{"id":"gen9nationaldexubers-1998071518","p1":"electroshibe","p2":"cl604o","format":"[Gen 9] National Dex Ubers","log":"|j|\u2606electroshibe\n|j|\u2606cl604o\n|t:|1700886808\n|gametype|singles\n|player|p1|electroshibe|alec-anime|1323\n|player|p2|cl604o|cynthia-gen4|1216\n|teamsize|p1|6\n|teamsize|p2|6\n|gen|9\n|tier|[Gen 9] National Dex Ubers\n|rated|\n|rule|HP Percentage Mod: HP is shown in percentages\n|rule|Endless Battle Clause: Forcing endless battles is banned\n|rule|OHKO Clause: OHKO moves are banned\n|rule|Evasion Moves Clause: Evasion moves are banned\n|rule|Evasion Items Clause: Evasion items are banned\n|rule|Species Clause: Limit one of each Pok\u00e9mon\n|rule|Sleep Clause Mod: Limit one foe put to sleep\n|rule|Mega Rayquaza Clause: You cannot mega evolve Rayquaza\n|clearpoke\n|poke|p1|Arcanine-Hisui, M|\n|poke|p1|Sneasler, M|\n|poke|p1|Ninetales-Alola, F|\n|poke|p1|Zacian-*|\n|poke|p1|Iron Bundle|\n|poke|p1|Xerneas-*|\n|poke|p2|Diancie|\n|poke|p2|Grimmsnarl, M|\n|poke|p2|Tornadus-Therian, M|\n|poke|p2|Haxorus, M|\n|poke|p2|Snorlax, F|\n|poke|p2|Alomomola, F|\n|teampreview\n|inactive|Battle timer is ON: inactive players will automatically lose when time's up. (requested by cl604o)\n|\n|t:|1700886838\n|start\n|switch|p1a: Deer|Xerneas|100\/100\n|switch|p2a: Snorlax|Snorlax, F|100\/100\n|-ability|p1a: Deer|Fairy Aura\n|turn|1\n|\n|t:|1700886845\n|-zpower|p1a: Deer\n|move|p1a: Deer|Z-Geomancy||[anim]Geomancy|[still]\n|-boost|p1a: Deer|atk|1|[zeffect]\n|-boost|p1a: Deer|def|1|[zeffect]\n|-boost|p1a: Deer|spa|1|[zeffect]\n|-boost|p1a: Deer|spd|1|[zeffect]\n|-boost|p1a: Deer|spe|1|[zeffect]\n|-prepare|p1a: Deer|Geomancy\n|move|p2a: Snorlax|Double-Edge|p1a: Deer\n|-damage|p1a: Deer|53\/100\n|-damage|p2a: Snorlax|87\/100|[from] Recoil\n|\n|upkeep\n|turn|2\n|\n|t:|1700886857\n|move|p1a: Deer|Geomancy|p1a: Deer|[from]lockedmove\n|-boost|p1a: Deer|spa|2\n|-boost|p1a: Deer|spd|2\n|-boost|p1a: Deer|spe|2\n|move|p2a: Snorlax|Double-Edge|p1a: Deer\n|-damage|p1a: Deer|8\/100\n|-damage|p2a: Snorlax|74\/100|[from] Recoil\n|\n|upkeep\n|turn|3\n|\n|t:|1700886864\n|move|p1a: Deer|Draining Kiss|p2a: Snorlax\n|-damage|p2a: Snorlax|19\/100\n|-heal|p1a: Deer|55\/100|[from] drain|[of] p2a: Snorlax\n|move|p2a: Snorlax|Double-Edge|p1a: Deer\n|-damage|p1a: Deer|11\/100\n|-damage|p2a: Snorlax|6\/100|[from] Recoil\n|\n|upkeep\n|turn|4\n|\n|t:|1700886886\n|move|p1a: Deer|Draining Kiss|p2a: Snorlax\n|-damage|p2a: Snorlax|0 fnt\n|-heal|p1a: Deer|16\/100|[from] drain|[of] p2a: Snorlax\n|faint|p2a: Snorlax\n|\n|upkeep\n|\n|t:|1700886892\n|switch|p2a: Diancie|Diancie|100\/100\n|turn|5\n|\n|t:|1700886905\n|detailschange|p2a: Diancie|Diancie-Mega\n|-mega|p2a: Diancie|Diancie|Diancite\n|move|p1a: Deer|Flash Cannon|p2a: Diancie\n|-supereffective|p2a: Diancie\n|-damage|p2a: Diancie|0 fnt\n|faint|p2a: Diancie\n|\n|upkeep\n|inactive|cl604o has 120 seconds left.\n|l|\u2606cl604o\n|inactive|cl604o disconnected and has a minute to reconnect!\n|player|p2|\n|inactive|cl604o has 30 seconds to reconnect!\n|j|\u2606cl604o\n|inactive|cl604o reconnected and has 80 seconds left.\n|player|p2|cl604o|cynthia-gen4\n|\n|t:|1700886972\n|switch|p2a: Haxorus|Haxorus, M|100\/100\n|turn|6\n|\n|t:|1700886979\n|move|p1a: Deer|Draining Kiss|p2a: Haxorus\n|-supereffective|p2a: Haxorus\n|-damage|p2a: Haxorus|0 fnt\n|-heal|p1a: Deer|64\/100|[from] drain|[of] p2a: Haxorus\n|faint|p2a: Haxorus\n|\n|upkeep\n|\n|t:|1700886987\n|switch|p2a: Tornadus|Tornadus-Therian, M|100\/100\n|turn|7\n|\n|t:|1700886995\n|move|p1a: Deer|Draining Kiss|p2a: Tornadus\n|-damage|p2a: Tornadus|32\/100\n|-heal|p1a: Deer|100\/100|[from] drain|[of] p2a: Tornadus\n|move|p2a: Tornadus|Heat Wave|p1a: Deer|[miss]\n|-miss|p2a: Tornadus|p1a: Deer\n|\n|upkeep\n|turn|8\n|\n|t:|1700887000\n|switch|p2a: Grimmsnarl|Grimmsnarl, M|100\/100\n|move|p1a: Deer|Psyshock|p2a: Grimmsnarl\n|-immune|p2a: Grimmsnarl\n|\n|upkeep\n|turn|9\n|inactive|cl604o has 90 seconds left.\n|\n|t:|1700887014\n|move|p2a: Grimmsnarl|Light Screen|p2a: Grimmsnarl\n|-sidestart|p2: cl604o|move: Light Screen\n|move|p1a: Deer|Flash Cannon|p2a: Grimmsnarl\n|-supereffective|p2a: Grimmsnarl\n|-damage|p2a: Grimmsnarl|11\/100\n|\n|upkeep\n|turn|10\n|inactive|cl604o has 90 seconds left.\n|\n|t:|1700887029\n|switch|p2a: Tornadus|Tornadus-Therian, M|65\/100\n|move|p1a: Deer|Geomancy||[still]\n|-prepare|p1a: Deer|Geomancy\n|\n|upkeep\n|turn|11\n|\n|t:|1700887035\n|move|p1a: Deer|Geomancy|p1a: Deer|[from]lockedmove\n|-boost|p1a: Deer|spa|2\n|-boost|p1a: Deer|spd|2\n|-boost|p1a: Deer|spe|2\n|move|p2a: Tornadus|Knock Off|p1a: Deer\n|-resisted|p1a: Deer\n|-damage|p1a: Deer|97\/100\n|\n|upkeep\n|turn|12\n|\n|t:|1700887045\n|move|p1a: Deer|Flash Cannon|p2a: Tornadus\n|-damage|p2a: Tornadus|30\/100\n|move|p2a: Tornadus|U-turn|p1a: Deer\n|-resisted|p1a: Deer\n|-damage|p1a: Deer|93\/100\n|\n|t:|1700887053\n|switch|p2a: Alomomola|Alomomola, F|100\/100|[from] U-turn\n|\n|upkeep\n|turn|13\n|\n|t:|1700887064\n|move|p1a: Deer|Psyshock|p2a: Alomomola\n|-damage|p2a: Alomomola|67\/100\n|move|p2a: Alomomola|Wish|p2a: Alomomola\n|\n|-heal|p2a: Alomomola|73\/100|[from] item: Leftovers\n|-sideend|p2: cl604o|move: Light Screen\n|upkeep\n|turn|14\n|\n|t:|1700887075\n|move|p1a: Deer|Flash Cannon|p2a: Alomomola\n|-resisted|p2a: Alomomola\n|-damage|p2a: Alomomola|19\/100\n|move|p2a: Alomomola|Flip Turn|p1a: Deer\n|-damage|p1a: Deer|86\/100\n|inactive|cl604o has 90 seconds left.\n|inactive|cl604o has 60 seconds left.\n|l|\u2606cl604o\n|inactive|cl604o disconnected and has a minute to reconnect!\n|player|p2|\n|inactive|cl604o has 30 seconds left.\n|c|\u2606electroshibe|this xerneas is so annoying\n|inactive|cl604o has 20 seconds left.\n|inactive|cl604o has 15 seconds left.\n|inactive|cl604o has 10 seconds left.\n|j|\u2606cl604o\n|inactive|cl604o reconnected and has 10 seconds left.\n|player|p2|cl604o|cynthia-gen4\n|inactive|cl604o has 5 seconds left.\n|\n|t:|1700887179\n|switch|p2a: Grimmsnarl|Grimmsnarl, M|11\/100|[from] Flip Turn\n|\n|-heal|p2a: Grimmsnarl|78\/100|[from] move: Wish|[wisher] Alomomola\n|upkeep\n|turn|15\n|inactive|cl604o has 15 seconds left this turn.\n|inactive|cl604o has 10 seconds left.\n|\n|t:|1700887194\n|move|p2a: Grimmsnarl|Light Screen|p2a: Grimmsnarl\n|-sidestart|p2: cl604o|move: Light Screen\n|move|p1a: Deer|Flash Cannon|p2a: Grimmsnarl\n|-supereffective|p2a: Grimmsnarl\n|-damage|p2a: Grimmsnarl|0 fnt\n|faint|p2a: Grimmsnarl\n|\n|upkeep\n|inactive|cl604o has 15 seconds left this turn.\n|inactive|cl604o has 10 seconds left.\n|\n|t:|1700887199\n|switch|p2a: Tornadus|Tornadus-Therian, M|63\/100\n|turn|16\n|inactive|cl604o has 20 seconds left this turn.\n|\n|t:|1700887204\n|move|p1a: Deer|Psyshock|p2a: Tornadus\n|-damage|p2a: Tornadus|4\/100\n|move|p2a: Tornadus|Knock Off|p1a: Deer\n|-resisted|p1a: Deer\n|-damage|p1a: Deer|82\/100\n|\n|upkeep\n|turn|17\n|inactive|cl604o has 30 seconds left this turn.\n|\n|t:|1700887207\n|move|p1a: Deer|Psyshock|p2a: Tornadus\n|-damage|p2a: Tornadus|0 fnt\n|faint|p2a: Tornadus\n|\n|upkeep\n|inactive|cl604o has 30 seconds left.\n|\n|t:|1700887212\n|switch|p2a: Alomomola|Alomomola, F|52\/100\n|turn|18\n|\n|t:|1700887217\n|move|p1a: Deer|Psyshock|p2a: Alomomola\n|-damage|p2a: Alomomola|21\/100\n|move|p2a: Alomomola|Flip Turn|p1a: Deer\n|-crit|p1a: Deer\n|-damage|p1a: Deer|63\/100\n|\n|-heal|p2a: Alomomola|27\/100|[from] item: Leftovers\n|upkeep\n|turn|19\n|\n|t:|1700887226\n|move|p1a: Deer|Draining Kiss|p2a: Alomomola\n|-damage|p2a: Alomomola|0 fnt\n|-heal|p1a: Deer|86\/100|[from] drain|[of] p2a: Alomomola\n|faint|p2a: Alomomola\n|\n|win|electroshibe\n|raw|electroshibe's rating: 1323 &rarr; <strong>1337<\/strong><br \/>(+14 for winning)\n|raw|cl604o's rating: 1216 &rarr; <strong>1198<\/strong><br \/>(-18 for losing)\n|c|\u2606electroshibe|gg\n","uploadtime":1700887241,"views":1,"p1id":"electroshibe","p2id":"cl604o","formatid":"gen9nationaldexubers","rating":1198,"private":0,"password":""}