{"id":"gen9nationaldexubers-1981594926","p1":"Yuinna.","p2":"Just B3A$T","format":"[Gen 9] National Dex Ubers","log":"|j|\u2606Yuinna.\n|j|\u2606Just B3A$T\n|t:|1698923695\n|gametype|singles\n|player|p1|Yuinna.|serena-masters|\n|player|p2|Just B3A$T|noland|\n|teamsize|p1|6\n|teamsize|p2|6\n|gen|9\n|tier|[Gen 9] National Dex Ubers\n|rule|HP Percentage Mod: HP is shown in percentages\n|rule|Endless Battle Clause: Forcing endless battles is banned\n|rule|OHKO Clause: OHKO moves are banned\n|rule|Evasion Moves Clause: Evasion moves are banned\n|rule|Evasion Items Clause: Evasion items are banned\n|rule|Species Clause: Limit one of each Pok\u00e9mon\n|rule|Sleep Clause Mod: Limit one foe put to sleep\n|rule|Mega Rayquaza Clause: You cannot mega evolve Rayquaza\n|clearpoke\n|poke|p1|Slowking-Galar, M|\n|poke|p1|Ampharos, M|\n|poke|p1|Alomomola, M|\n|poke|p1|Ferrothorn, F|\n|poke|p1|Enamorus-Therian, F|\n|poke|p1|Glastrier|\n|poke|p2|Bisharp, M|\n|poke|p2|Mawile, F|\n|poke|p2|Genesect-Chill|\n|poke|p2|Celesteela|\n|poke|p2|Heatran, M|\n|poke|p2|Magnezone|\n|teampreview\n|inactive|Battle timer is ON: inactive players will automatically lose when time's up. (requested by Yuinna.)\n|inactive|Just B3A$T also wants the timer to be on.\n|c|\u2606Yuinna.|hf\n|c|\u2606Just B3A$T|Glastrier...\n|c|\u2606Just B3A$T|Interesting\n|c|\u2606Just B3A$T|u2\n|\n|t:|1698923718\n|start\n|switch|p1a: Ferrothorn|Ferrothorn, F|100\/100\n|switch|p2a: Cyclops|Magnezone, shiny|100\/100\n|turn|1\n|\n|t:|1698923732\n|move|p2a: Cyclops|Volt Switch|p1a: Ferrothorn\n|-resisted|p1a: Ferrothorn\n|-damage|p1a: Ferrothorn|85\/100\n|\n|t:|1698923736\n|switch|p2a: Spaceship!!!|Celesteela, shiny|100\/100|[from] Volt Switch\n|move|p1a: Ferrothorn|Leech Seed|p2a: Spaceship!!!\n|-start|p2a: Spaceship!!!|move: Leech Seed\n|\n|-heal|p1a: Ferrothorn|91\/100|[from] item: Leftovers\n|-damage|p2a: Spaceship!!!|88\/100|[from] Leech Seed|[of] p1a: Ferrothorn\n|-heal|p1a: Ferrothorn|100\/100|[silent]\n|upkeep\n|turn|2\n|\n|t:|1698923752\n|move|p2a: Spaceship!!!|Meteor Beam||[still]\n|-prepare|p2a: Spaceship!!!|Meteor Beam\n|-boost|p2a: Spaceship!!!|spa|1\n|-enditem|p2a: Spaceship!!!|Power Herb\n|-anim|p2a: Spaceship!!!|Meteor Beam|p1a: Ferrothorn\n|-resisted|p1a: Ferrothorn\n|-damage|p1a: Ferrothorn|79\/100\n|move|p1a: Ferrothorn|Thunder Wave|p2a: Spaceship!!!\n|-status|p2a: Spaceship!!!|par\n|\n|-heal|p1a: Ferrothorn|85\/100|[from] item: Leftovers\n|-damage|p2a: Spaceship!!!|75\/100 par|[from] Leech Seed|[of] p1a: Ferrothorn\n|-heal|p1a: Ferrothorn|97\/100|[silent]\n|upkeep\n|turn|3\n|\n|t:|1698923762\n|move|p1a: Ferrothorn|Protect|p1a: Ferrothorn\n|-singleturn|p1a: Ferrothorn|Protect\n|cant|p2a: Spaceship!!!|par\n|\n|-heal|p1a: Ferrothorn|100\/100|[from] item: Leftovers\n|-damage|p2a: Spaceship!!!|63\/100 par|[from] Leech Seed|[of] p1a: Ferrothorn\n|upkeep\n|turn|4\n|\n|t:|1698923767\n|move|p2a: Spaceship!!!|Flamethrower|p1a: Ferrothorn\n|-supereffective|p1a: Ferrothorn\n|-damage|p1a: Ferrothorn|0 fnt\n|faint|p1a: Ferrothorn\n|-ability|p2a: Spaceship!!!|Beast Boost|boost\n|-boost|p2a: Spaceship!!!|spa|1\n|\n|upkeep\n|\n|t:|1698923778\n|switch|p1a: Slowking|Slowking-Galar, M|100\/100\n|turn|5\n|\n|t:|1698923787\n|cant|p2a: Spaceship!!!|par\n|move|p1a: Slowking|Trick Room|p1a: Slowking\n|-fieldstart|move: Trick Room|[of] p1a: Slowking\n|\n|-damage|p2a: Spaceship!!!|50\/100 par|[from] Leech Seed|[of] p1a: Slowking\n|upkeep\n|turn|6\n|c|\u2606Just B3A$T|true\n|\n|t:|1698923795\n|move|p1a: Slowking|Focus Blast|p2a: Spaceship!!!|[miss]\n|-miss|p1a: Slowking|p2a: Spaceship!!!\n|move|p2a: Spaceship!!!|Air Slash|p1a: Slowking\n|-damage|p1a: Slowking|51\/100\n|\n|-damage|p2a: Spaceship!!!|38\/100 par|[from] Leech Seed|[of] p1a: Slowking\n|-heal|p1a: Slowking|61\/100|[silent]\n|upkeep\n|turn|7\n|\n|t:|1698923817\n|move|p1a: Slowking|Focus Blast|p2a: Spaceship!!!|[miss]\n|-miss|p1a: Slowking|p2a: Spaceship!!!\n|move|p2a: Spaceship!!!|Air Slash|p1a: Slowking\n|-damage|p1a: Slowking|15\/100\n|\n|-damage|p2a: Spaceship!!!|25\/100 par|[from] Leech Seed|[of] p1a: Slowking\n|-heal|p1a: Slowking|25\/100|[silent]\n|upkeep\n|turn|8\n|\n|t:|1698923821\n|move|p1a: Slowking|Focus Blast|p2a: Spaceship!!!|[miss]\n|-miss|p1a: Slowking|p2a: Spaceship!!!\n|cant|p2a: Spaceship!!!|par\n|\n|-damage|p2a: Spaceship!!!|13\/100 par|[from] Leech Seed|[of] p1a: Slowking\n|-heal|p1a: Slowking|36\/100|[silent]\n|upkeep\n|turn|9\n|c|\u2606Yuinna.|uh huh\n|c|\u2606Just B3A$T|Focus Miss\n|c|\u2606Yuinna.|miss\n|c|\u2606Just B3A$T|is a shit move\n|\n|t:|1698923841\n|move|p1a: Slowking|Chilly Reception|p1a: Slowking\n|-weather|Snow\n|c|\u2606Just B3A$T|I never use it\n|\n|t:|1698923843\n|switch|p1a: Alomomola|Alomomola, M|100\/100|[from] Chilly Reception\n|move|p2a: Spaceship!!!|Air Slash|p1a: Alomomola\n|-crit|p1a: Alomomola\n|-damage|p1a: Alomomola|0 fnt\n|faint|p1a: Alomomola\n|-ability|p2a: Spaceship!!!|Beast Boost|boost\n|-boost|p2a: Spaceship!!!|spa|1\n|\n|-weather|Snow|[upkeep]\n|-fieldend|move: Trick Room\n|upkeep\n|c|\u2606Just B3A$T|tbf that crit did not matter\n|c|\u2606Yuinna.|what..\n|c|\u2606Just B3A$T|Alo has mid Sp Def\n|inactive|Yuinna. has 270 seconds left.\n|\n|t:|1698923871\n|switch|p1a: Enamorus|Enamorus-Therian, F|100\/100\n|turn|10\n|inactive|Yuinna. has 270 seconds left.\n|\n|t:|1698923881\n|move|p1a: Enamorus|Calm Mind|p1a: Enamorus\n|-boost|p1a: Enamorus|spa|1\n|-boost|p1a: Enamorus|spd|1\n|move|p2a: Spaceship!!!|Air Slash|p1a: Enamorus\n|-damage|p1a: Enamorus|48\/100\n|\n|-weather|Snow|[upkeep]\n|-heal|p1a: Enamorus|54\/100|[from] item: Leftovers\n|-damage|p2a: Spaceship!!!|0 fnt|[from] Leech Seed|[of] p1a: Enamorus\n|-heal|p1a: Enamorus|66\/100|[silent]\n|faint|p2a: Spaceship!!!\n|upkeep\n|\n|t:|1698923894\n|switch|p2a: Cyclops|Magnezone, shiny|100\/100\n|turn|11\n|\n|t:|1698923908\n|move|p2a: Cyclops|Thunderbolt|p1a: Enamorus\n|-supereffective|p1a: Enamorus\n|-damage|p1a: Enamorus|6\/100\n|move|p1a: Enamorus|Mystical Fire|p2a: Cyclops\n|-supereffective|p2a: Cyclops\n|-ability|p2a: Cyclops|Sturdy\n|-damage|p2a: Cyclops|1\/100\n|-unboost|p2a: Cyclops|spa|1\n|\n|-weather|Snow|[upkeep]\n|-heal|p1a: Enamorus|12\/100|[from] item: Leftovers\n|upkeep\n|turn|12\n|\n|t:|1698923917\n|switch|p1a: Slowking|Slowking-Galar, M|69\/100\n|move|p2a: Cyclops|Thunderbolt|p1a: Slowking\n|-damage|p1a: Slowking|49\/100\n|\n|-weather|Snow|[upkeep]\n|upkeep\n|turn|13\n|\n|t:|1698923931\n|switch|p2a: LAVAAAA|Heatran, M, shiny|100\/100\n|-item|p2a: LAVAAAA|Air Balloon\n|move|p1a: Slowking|Trick Room|p1a: Slowking\n|-fieldstart|move: Trick Room|[of] p1a: Slowking\n|\n|-weather|none\n|upkeep\n|turn|14\n|\n|t:|1698923938\n|move|p1a: Slowking|Chilly Reception|p1a: Slowking\n|-weather|Snow\n|\n|t:|1698923941\n|switch|p1a: Ampharos|Ampharos, M|100\/100|[from] Chilly Reception\n|move|p2a: LAVAAAA|Stealth Rock|p1a: Ampharos\n|-sidestart|p1: Yuinna.|move: Stealth Rock\n|\n|-weather|Snow|[upkeep]\n|upkeep\n|turn|15\n|c|\u2606Yuinna.|ed!\n|inactive|Just B3A$T has 270 seconds left.\n|c|\u2606Just B3A$T|true!\n|\n|t:|1698923997\n|detailschange|p1a: Ampharos|Ampharos-Mega, M\n|-mega|p1a: Ampharos|Ampharos|Ampharosite\n|-ability|p1a: Ampharos|Mold Breaker\n|move|p1a: Ampharos|Focus Blast|p2a: LAVAAAA|[miss]\n|-miss|p1a: Ampharos|p2a: LAVAAAA\n|move|p2a: LAVAAAA|Toxic|p1a: Ampharos\n|-status|p1a: Ampharos|tox\n|\n|-weather|Snow|[upkeep]\n|-damage|p1a: Ampharos|94\/100 tox|[from] psn\n|upkeep\n|turn|16\n|c|\u2606Just B3A$T|not again\n|\n|t:|1698924011\n|switch|p2a: Cyclops|Magnezone, shiny|1\/100\n|move|p1a: Ampharos|Focus Blast|p2a: Cyclops\n|-supereffective|p2a: Cyclops\n|-damage|p2a: Cyclops|0 fnt\n|faint|p2a: Cyclops\n|\n|-weather|Snow|[upkeep]\n|-damage|p1a: Ampharos|82\/100 tox|[from] psn\n|upkeep\n|\n|t:|1698924014\n|switch|p2a: best bug|Genesect-Chill, shiny|100\/100\n|-ability|p2a: best bug|Download|boost\n|-boost|p2a: best bug|atk|1\n|turn|17\n|c|\u2606Yuinna.|jesus Christ\n|c|\u2606Yuinna.|i gotta stop using focus miss\n|inactive|Just B3A$T has 240 seconds left.\n|c|\u2606Just B3A$T|idk what command it is\n|inactive|Just B3A$T has 210 seconds left.\n|c|\u2606Yuinna.|wdym\n|\n|t:|1698924077\n|move|p1a: Ampharos|Focus Blast|p2a: best bug|[miss]\n|-miss|p1a: Ampharos|p2a: best bug\n|move|p2a: best bug|Shift Gear|p2a: best bug\n|-boost|p2a: best bug|spe|2\n|-boost|p2a: best bug|atk|1\n|\n|-weather|Snow|[upkeep]\n|-damage|p1a: Ampharos|64\/100 tox|[from] psn\n|-fieldend|move: Trick Room\n|upkeep\n|turn|18\n|c|\u2606Just B3A$T|there's like a command\n|c|\u2606Just B3A$T|for finding out mon details\n|inactive|Just B3A$T has 180 seconds left.\n|c|\u2606Yuinna.|!dt genesect\n|raw|<div class=\"message\"><ul class=\"utilichart\"><li class=\"result\"><span class=\"col numcol\">Uber<\/span> <span class=\"col iconcol\"><psicon pokemon=\"genesect\"\/><\/span> <span class=\"col pokemonnamecol\" style=\"white-space:nowrap\"><a href=\"https:\/\/dex.pokemonshowdown.com\/pokemon\/genesect\" target=\"_blank\">Genesect<\/a><\/span> <span class=\"col typecol\"><img src=\"https:\/\/play.pokemonshowdown.com\/sprites\/types\/Bug.png\" alt=\"Bug\" height=\"14\" width=\"32\"><img src=\"https:\/\/play.pokemonshowdown.com\/sprites\/types\/Steel.png\" alt=\"Steel\" height=\"14\" width=\"32\"><\/span> <span style=\"float:left;min-height:26px\"><span class=\"col abilitycol\">Download<\/span><span class=\"col abilitycol\"><\/span><\/span><span style=\"float:left;min-height:26px\"><span class=\"col statcol\"><em>HP<\/em><br \/>71<\/span> <span class=\"col statcol\"><em>Atk<\/em><br \/>120<\/span> <span class=\"col statcol\"><em>Def<\/em><br \/>95<\/span> <span class=\"col statcol\"><em>SpA<\/em><br \/>120<\/span> <span class=\"col statcol\"><em>SpD<\/em><br \/>95<\/span> <span class=\"col statcol\"><em>Spe<\/em><br \/>99<\/span> <span class=\"col bstcol\"><em>BST<br \/>600<\/em><\/span> <\/span><\/li><li style=\"clear:both\"><\/li><\/ul><\/div>\n|raw|<font size=\"1\"><font color=\"#686868\">Dex#:<\/font> 649&nbsp;|&ThickSpace;<font color=\"#686868\">Gen:<\/font> 5&nbsp;|&ThickSpace;<font color=\"#686868\">Height:<\/font> 1.5 m&nbsp;|&ThickSpace;<font color=\"#686868\">Weight:<\/font> 82.5 kg <em>(80 BP)<\/em>&nbsp;|&ThickSpace;<font color=\"#686868\">Dex Colour:<\/font> Purple&nbsp;|&ThickSpace;<font color=\"#686868\">Egg Group(s):<\/font> Undiscovered&nbsp;|&ThickSpace;<font color=\"#686868\">Does Not Evolve<\/font><\/font>\n\n|c|\u2606Just B3A$T|like whether Ampharos gets Flamethrower or not\n|c|\u2606Yuinna.|ah\n|c|\u2606Just B3A$T|not dt\n|c|\u2606Just B3A$T|something else\n|\n|t:|1698924124\n|switch|p1a: Slowking|Slowking-Galar, M|82\/100\n|-damage|p1a: Slowking|69\/100|[from] Stealth Rock\n|move|p2a: best bug|Techno Blast|p1a: Slowking\n|-damage|p1a: Slowking|42\/100\n|\n|-weather|none\n|upkeep\n|turn|19\n|c|\u2606Yuinna.|it doesnt\n|\n|t:|1698924139\n|-terastallize|p1a: Slowking|Fire\n|move|p2a: best bug|Extreme Speed|p1a: Slowking\n|-damage|p1a: Slowking|8\/100\n|-damage|p2a: best bug|84\/100|[from] item: Rocky Helmet|[of] p1a: Slowking\n|move|p1a: Slowking|Trick Room|p1a: Slowking\n|-fieldstart|move: Trick Room|[of] p1a: Slowking\n|\n|upkeep\n|turn|20\n|inactive|Just B3A$T has 180 seconds left.\n|c|\u2606Just B3A$T|ye\n|\n|t:|1698924148\n|move|p2a: best bug|Extreme Speed|p1a: Slowking\n|-damage|p1a: Slowking|0 fnt\n|-damage|p2a: best bug|67\/100|[from] item: Rocky Helmet|[of] p1a: Slowking\n|faint|p1a: Slowking\n|\n|upkeep\n|\n|t:|1698924154\n|switch|p1a: Ampharos|Ampharos-Mega, M|64\/100 tox\n|-damage|p1a: Ampharos|52\/100 tox|[from] Stealth Rock\n|-ability|p1a: Ampharos|Mold Breaker\n|turn|21\n|\n|t:|1698924161\n|move|p1a: Ampharos|Focus Blast|p2a: best bug\n|-damage|p2a: best bug|0 fnt\n|faint|p2a: best bug\n|\n|-damage|p1a: Ampharos|46\/100 tox|[from] psn\n|upkeep\n|c|\u2606Just B3A$T|should've just went ESpeed\n|c|\u2606Yuinna.|yes\n|\n|t:|1698924175\n|switch|p2a: Pixie Fatale|Mawile, F, shiny|100\/100\n|-ability|p2a: Pixie Fatale|Intimidate|boost\n|-unboost|p1a: Ampharos|atk|1\n|turn|22\n|c|\u2606Yuinna.|finally\n|\n|t:|1698924181\n|detailschange|p2a: Pixie Fatale|Mawile-Mega, F, shiny\n|-mega|p2a: Pixie Fatale|Mawile|Mawilite\n|move|p2a: Pixie Fatale|Sucker Punch|p1a: Ampharos\n|-damage|p1a: Ampharos|5\/100 tox\n|move|p1a: Ampharos|Focus Blast|p2a: Pixie Fatale\n|-damage|p2a: Pixie Fatale|33\/100\n|\n|-damage|p1a: Ampharos|0 fnt|[from] psn\n|faint|p1a: Ampharos\n|upkeep\n|\n|t:|1698924189\n|switch|p1a: Glastrier|Glastrier|100\/100\n|-damage|p1a: Glastrier|76\/100|[from] Stealth Rock\n|turn|23\n|\n|t:|1698924192\n|move|p2a: Pixie Fatale|Sucker Punch|p1a: Glastrier\n|-damage|p1a: Glastrier|47\/100\n|move|p1a: Glastrier|Close Combat|p2a: Pixie Fatale\n|-damage|p2a: Pixie Fatale|0 fnt\n|-unboost|p1a: Glastrier|def|1\n|-unboost|p1a: Glastrier|spd|1\n|faint|p2a: Pixie Fatale\n|-ability|p1a: Glastrier|Chilling Neigh|boost\n|-boost|p1a: Glastrier|atk|1\n|\n|-heal|p1a: Glastrier|53\/100|[from] item: Leftovers\n|-fieldend|move: Trick Room\n|upkeep\n|\n|t:|1698924196\n|switch|p2a: LAVAAAA|Heatran, M, shiny|100\/100\n|-item|p2a: LAVAAAA|Air Balloon\n|turn|24\n|\n|t:|1698924203\n|move|p2a: LAVAAAA|Lava Plume|p1a: Glastrier\n|-supereffective|p1a: Glastrier\n|-damage|p1a: Glastrier|0 fnt\n|faint|p1a: Glastrier\n|\n|upkeep\n|\n|t:|1698924205\n|switch|p1a: Enamorus|Enamorus-Therian, F|12\/100\n|-damage|p1a: Enamorus|0 fnt|[from] Stealth Rock\n|faint|p1a: Enamorus\n|\n|win|Just B3A$T\n|c|\u2606Yuinna.|gg\n|c|\u2606Just B3A$T|it's over.\n|c|\u2606Just B3A$T|Gg\n|l|\u2606Yuinna.\n","uploadtime":1698924223,"views":7,"p1id":"yuinna","p2id":"justb3at","formatid":"gen9nationaldexubers","rating":0,"private":0,"password":""}