{"id":"gen9nationaldexubers-1982011598","p1":"Alex kingo","p2":"99% lose rate","format":"[Gen 9] National Dex Ubers","log":"|j|\u2606Alex kingo\n|j|\u260699% lose rate\n|t:|1698959466\n|gametype|singles\n|player|p1|Alex kingo|wallace|1052\n|player|p2|99% lose rate|giovanni|1213\n|teamsize|p1|6\n|teamsize|p2|6\n|gen|9\n|tier|[Gen 9] National Dex Ubers\n|rated|\n|rule|HP Percentage Mod: HP is shown in percentages\n|rule|Endless Battle Clause: Forcing endless battles is banned\n|rule|OHKO Clause: OHKO moves are banned\n|rule|Evasion Moves Clause: Evasion moves are banned\n|rule|Evasion Items Clause: Evasion items are banned\n|rule|Species Clause: Limit one of each Pok\u00e9mon\n|rule|Sleep Clause Mod: Limit one foe put to sleep\n|rule|Mega Rayquaza Clause: You cannot mega evolve Rayquaza\n|clearpoke\n|poke|p1|Spiritomb, F|\n|poke|p1|Gastrodon, M|\n|poke|p1|Roserade, M|\n|poke|p1|Togekiss, F|\n|poke|p1|Milotic, M|\n|poke|p1|Garchomp, F|\n|poke|p2|Ninetales-Alola, F|\n|poke|p2|Abomasnow, F|\n|poke|p2|Arctozolt|\n|poke|p2|Kyurem|\n|poke|p2|Slowbro, F|\n|poke|p2|Mamoswine, F|\n|teampreview\n|inactive|Battle timer is ON: inactive players will automatically lose when time's up. (requested by Alex kingo)\n|\n|t:|1698959490\n|start\n|switch|p1a: Gastrodon|Gastrodon, M|100\/100\n|switch|p2a: Abomasnow|Abomasnow, F|100\/100\n|-weather|Snow|[from] ability: Snow Warning|[of] p2a: Abomasnow\n|turn|1\n|\n|t:|1698959504\n|-terastallize|p1a: Gastrodon|Water\n|move|p1a: Gastrodon|Sludge Bomb|p2a: Abomasnow\n|-supereffective|p2a: Abomasnow\n|-damage|p2a: Abomasnow|65\/100\n|-status|p2a: Abomasnow|psn\n|move|p2a: Abomasnow|Leech Seed|p1a: Gastrodon\n|-start|p1a: Gastrodon|move: Leech Seed\n|\n|-weather|Snow|[upkeep]\n|-damage|p1a: Gastrodon|88\/100|[from] Leech Seed|[of] p2a: Abomasnow\n|-heal|p2a: Abomasnow|76\/100 psn|[silent]\n|-damage|p2a: Abomasnow|64\/100 psn|[from] psn\n|upkeep\n|turn|2\n|\n|t:|1698959518\n|move|p1a: Gastrodon|Stone Edge|p2a: Abomasnow\n|-supereffective|p2a: Abomasnow\n|-crit|p2a: Abomasnow\n|-damage|p2a: Abomasnow|19\/100 psn\n|move|p2a: Abomasnow|Aurora Veil|p2a: Abomasnow\n|-sidestart|p2: 99% lose rate|move: Aurora Veil\n|\n|-weather|Snow|[upkeep]\n|-damage|p1a: Gastrodon|76\/100|[from] Leech Seed|[of] p2a: Abomasnow\n|-heal|p2a: Abomasnow|31\/100 psn|[silent]\n|-damage|p2a: Abomasnow|18\/100 psn|[from] psn\n|upkeep\n|turn|3\n|\n|t:|1698959531\n|move|p1a: Gastrodon|Sludge Bomb|p2a: Abomasnow\n|-supereffective|p2a: Abomasnow\n|-damage|p2a: Abomasnow|0 fnt\n|faint|p2a: Abomasnow\n|\n|-weather|Snow|[upkeep]\n|upkeep\n|\n|t:|1698959547\n|switch|p2a: Arctozolt|Arctozolt, shiny|100\/100\n|turn|4\n|\n|t:|1698959552\n|move|p2a: Arctozolt|Bolt Beak|p1a: Gastrodon\n|-supereffective|p1a: Gastrodon\n|-damage|p1a: Gastrodon|0 fnt\n|faint|p1a: Gastrodon\n|-damage|p2a: Arctozolt|91\/100|[from] item: Life Orb\n|\n|-weather|Snow|[upkeep]\n|upkeep\n|\n|t:|1698959566\n|switch|p1a: Roserade|Roserade, M|100\/100\n|turn|5\n|\n|t:|1698959571\n|move|p2a: Arctozolt|Icicle Crash|p1a: Roserade\n|-supereffective|p1a: Roserade\n|-crit|p1a: Roserade\n|-damage|p1a: Roserade|0 fnt\n|faint|p1a: Roserade\n|-damage|p2a: Arctozolt|81\/100|[from] item: Life Orb\n|\n|-weather|Snow|[upkeep]\n|upkeep\n|\n|t:|1698959581\n|switch|p1a: Milotic|Milotic, M|100\/100\n|turn|6\n|\n|t:|1698959585\n|move|p2a: Arctozolt|Bolt Beak|p1a: Milotic\n|-supereffective|p1a: Milotic\n|-damage|p1a: Milotic|0 fnt\n|faint|p1a: Milotic\n|-damage|p2a: Arctozolt|71\/100|[from] item: Life Orb\n|\n|-weather|Snow|[upkeep]\n|-sideend|p2: 99% lose rate|move: Aurora Veil\n|upkeep\n|\n|t:|1698959594\n|switch|p1a: Togekiss|Togekiss, F|100\/100\n|turn|7\n|\n|t:|1698959599\n|move|p2a: Arctozolt|Bolt Beak|p1a: Togekiss\n|-supereffective|p1a: Togekiss\n|-damage|p1a: Togekiss|0 fnt\n|faint|p1a: Togekiss\n|-damage|p2a: Arctozolt|61\/100|[from] item: Life Orb\n|\n|-weather|Snow|[upkeep]\n|upkeep\n|\n|t:|1698959607\n|switch|p1a: Spiritomb|Spiritomb, F|100\/100\n|-ability|p1a: Spiritomb|Pressure\n|turn|8\n|\n|t:|1698959613\n|-terastallize|p2a: Arctozolt|Electric\n|move|p2a: Arctozolt|Bolt Beak|p1a: Spiritomb\n|-damage|p1a: Spiritomb|0 fnt\n|faint|p1a: Spiritomb\n|-damage|p2a: Arctozolt|51\/100|[from] item: Life Orb\n|\n|-weather|none\n|upkeep\n|\n|t:|1698959623\n|switch|p1a: Garchomp|Garchomp, F|100\/100\n|turn|9\n|\n|t:|1698959630\n|switch|p2a: Ninetales|Ninetales-Alola, F|100\/100\n|-weather|Snow|[from] ability: Snow Warning|[of] p2a: Ninetales\n|detailschange|p1a: Garchomp|Garchomp-Mega, F\n|-mega|p1a: Garchomp|Garchomp|Garchompite\n|move|p1a: Garchomp|Dragon Rush|p2a: Ninetales\n|-immune|p2a: Ninetales\n|\n|-weather|Snow|[upkeep]\n|upkeep\n|turn|10\n|\n|t:|1698959642\n|move|p2a: Ninetales|Freeze-Dry|p1a: Garchomp\n|-supereffective|p1a: Garchomp\n|-damage|p1a: Garchomp|33\/100\n|move|p1a: Garchomp|Giga Impact|p2a: Ninetales\n|-damage|p2a: Ninetales|57\/100\n|-mustrecharge|p1a: Garchomp\n|\n|-weather|Snow|[upkeep]\n|upkeep\n|turn|11\n|\n|t:|1698959652\n|move|p2a: Ninetales|Freeze-Dry|p1a: Garchomp\n|-supereffective|p1a: Garchomp\n|-damage|p1a: Garchomp|0 fnt\n|faint|p1a: Garchomp\n|\n|win|99% lose rate\n|raw|Alex kingo's rating: 1052 &rarr; <strong>1042<\/strong><br \/>(-10 for losing)\n|raw|99% lose rate's rating: 1213 &rarr; <strong>1227<\/strong><br \/>(+14 for winning)\n|l|\u2606Alex kingo\n","uploadtime":1698959658,"views":9,"p1id":"alexkingo","p2id":"99loserate","formatid":"gen9nationaldexubers","rating":1042,"private":0,"password":""}