{"id":"gen9nationaldexubers-1995484799","p1":"aquiles meo","p2":"WinterWait","format":"[Gen 9] National Dex Ubers","log":"|j|\u2606aquiles meo\n|j|\u2606WinterWait\n|t:|1700575944\n|gametype|singles\n|player|p1|aquiles meo|ethan|1105\n|player|p2|WinterWait|clerkf|1008\n|teamsize|p1|6\n|teamsize|p2|6\n|gen|9\n|tier|[Gen 9] National Dex Ubers\n|rated|\n|rule|HP Percentage Mod: HP is shown in percentages\n|rule|Endless Battle Clause: Forcing endless battles is banned\n|rule|OHKO Clause: OHKO moves are banned\n|rule|Evasion Moves Clause: Evasion moves are banned\n|rule|Evasion Items Clause: Evasion items are banned\n|rule|Species Clause: Limit one of each Pok\u00e9mon\n|rule|Sleep Clause Mod: Limit one foe put to sleep\n|rule|Mega Rayquaza Clause: You cannot mega evolve Rayquaza\n|clearpoke\n|poke|p1|Jirachi|\n|poke|p1|Ho-Oh|\n|poke|p1|Rayquaza|\n|poke|p1|Pidgeot, M|\n|poke|p1|Lucario, M|\n|poke|p1|Luxray, M|\n|poke|p2|Miltank, F|\n|poke|p2|Walrein, M|\n|poke|p2|Arbok, M|\n|poke|p2|Rampardos, M|\n|poke|p2|Roserade, F|\n|poke|p2|Onix, M|\n|teampreview\n|\n|t:|1700575951\n|start\n|switch|p1a: Jirachi|Jirachi|100\/100\n|switch|p2a: Rampardos|Rampardos, M|100\/100\n|turn|1\n|\n|t:|1700575960\n|move|p1a: Jirachi|Iron Head|p2a: Rampardos\n|-supereffective|p2a: Rampardos\n|-damage|p2a: Rampardos|8\/100\n|cant|p2a: Rampardos|flinch\n|\n|upkeep\n|turn|2\n|\n|t:|1700575965\n|move|p1a: Jirachi|Iron Head|p2a: Rampardos\n|-supereffective|p2a: Rampardos\n|-damage|p2a: Rampardos|0 fnt\n|faint|p2a: Rampardos\n|\n|upkeep\n|\n|t:|1700575969\n|switch|p2a: Onix|Onix, M|100\/100\n|turn|3\n|\n|t:|1700575987\n|move|p1a: Jirachi|Iron Head|p2a: Onix\n|-supereffective|p2a: Onix\n|-damage|p2a: Onix|45\/100\n|cant|p2a: Onix|flinch\n|\n|upkeep\n|turn|4\n|\n|t:|1700575998\n|move|p1a: Jirachi|Ancient Power|p2a: Onix\n|-resisted|p2a: Onix\n|-damage|p2a: Onix|36\/100\n|move|p2a: Onix|Head Smash|p1a: Jirachi\n|-resisted|p1a: Jirachi\n|-damage|p1a: Jirachi|86\/100\n|\n|upkeep\n|turn|5\n|\n|t:|1700576007\n|move|p1a: Jirachi|Wish|p1a: Jirachi\n|move|p2a: Onix|Body Slam|p1a: Jirachi\n|-resisted|p1a: Jirachi\n|-damage|p1a: Jirachi|80\/100\n|\n|upkeep\n|turn|6\n|\n|t:|1700576012\n|move|p1a: Jirachi|Ancient Power|p2a: Onix\n|-resisted|p2a: Onix\n|-damage|p2a: Onix|27\/100\n|-boost|p1a: Jirachi|atk|1\n|-boost|p1a: Jirachi|def|1\n|-boost|p1a: Jirachi|spa|1\n|-boost|p1a: Jirachi|spd|1\n|-boost|p1a: Jirachi|spe|1\n|move|p2a: Onix|Dragon Dance|p2a: Onix\n|-boost|p2a: Onix|atk|1\n|-boost|p2a: Onix|spe|1\n|\n|-heal|p1a: Jirachi|100\/100|[from] move: Wish|[wisher] Jirachi\n|upkeep\n|turn|7\n|c|\u2606aquiles meo|Do you\n|c|\u2606aquiles meo|want a mercy rule\n|\n|t:|1700576032\n|move|p1a: Jirachi|Ancient Power|p2a: Onix\n|-resisted|p2a: Onix\n|-damage|p2a: Onix|8\/100\n|move|p2a: Onix|Body Slam|p1a: Jirachi\n|-resisted|p1a: Jirachi\n|-damage|p1a: Jirachi|95\/100\n|\n|upkeep\n|turn|8\n|\n|t:|1700576040\n|move|p1a: Jirachi|Ancient Power|p2a: Onix\n|-resisted|p2a: Onix\n|-damage|p2a: Onix|0 fnt\n|-boost|p1a: Jirachi|atk|1\n|-boost|p1a: Jirachi|def|1\n|-boost|p1a: Jirachi|spa|1\n|-boost|p1a: Jirachi|spd|1\n|-boost|p1a: Jirachi|spe|1\n|faint|p2a: Onix\n|\n|upkeep\n|\n|t:|1700576042\n|switch|p2a: Arbok|Arbok, M|100\/100\n|-ability|p2a: Arbok|Intimidate|boost\n|-unboost|p1a: Jirachi|atk|1\n|turn|9\n|\n|t:|1700576052\n|switch|p2a: Roserade|Roserade, F|100\/100\n|move|p1a: Jirachi|Ancient Power|p2a: Roserade\n|-damage|p2a: Roserade|48\/100\n|\n|upkeep\n|turn|10\n|\n|t:|1700576065\n|move|p1a: Jirachi|Doom Desire|p2a: Roserade\n|-start|p1a: Jirachi|Doom Desire\n|move|p2a: Roserade|Pin Missile|p1a: Jirachi\n|-crit|p1a: Jirachi\n|-damage|p1a: Jirachi|82\/100\n|-damage|p1a: Jirachi|78\/100\n|-damage|p1a: Jirachi|73\/100\n|-hitcount|p1a: Jirachi|3\n|\n|upkeep\n|turn|11\n|\n|t:|1700576074\n|move|p1a: Jirachi|Wish|p1a: Jirachi\n|move|p2a: Roserade|Pin Missile|p1a: Jirachi\n|-damage|p1a: Jirachi|69\/100\n|-damage|p1a: Jirachi|64\/100\n|-hitcount|p1a: Jirachi|2\n|\n|upkeep\n|turn|12\n|\n|t:|1700576084\n|move|p1a: Jirachi|Iron Head|p2a: Roserade\n|-damage|p2a: Roserade|0 fnt\n|faint|p2a: Roserade\n|\n|-hint|Doom Desire did not hit because the target is fainted.\n|-heal|p1a: Jirachi|100\/100|[from] move: Wish|[wisher] Jirachi\n|upkeep\n|\n|t:|1700576086\n|switch|p2a: Arbok|Arbok, M|100\/100\n|-ability|p2a: Arbok|Intimidate|boost\n|-unboost|p1a: Jirachi|atk|1\n|turn|13\n|\n|t:|1700576096\n|move|p1a: Jirachi|Ancient Power|p2a: Arbok\n|-damage|p2a: Arbok|63\/100\n|move|p2a: Arbok|Glare|p1a: Jirachi\n|-status|p1a: Jirachi|par\n|\n|-heal|p2a: Arbok|69\/100|[from] item: Leftovers\n|upkeep\n|turn|14\n|\n|t:|1700576103\n|move|p1a: Jirachi|Ancient Power|p2a: Arbok\n|-damage|p2a: Arbok|29\/100\n|move|p2a: Arbok|Coil|p2a: Arbok\n|-boost|p2a: Arbok|atk|1\n|-boost|p2a: Arbok|def|1\n|-boost|p2a: Arbok|accuracy|1\n|\n|-heal|p2a: Arbok|35\/100|[from] item: Leftovers\n|upkeep\n|turn|15\n|\n|t:|1700576111\n|-terastallize|p2a: Arbok|Ground\n|move|p1a: Jirachi|Ancient Power|p2a: Arbok\n|-resisted|p2a: Arbok\n|-damage|p2a: Arbok|11\/100\n|move|p2a: Arbok|Earthquake|p1a: Jirachi\n|-supereffective|p1a: Jirachi\n|-damage|p1a: Jirachi|52\/100 par\n|\n|-heal|p2a: Arbok|17\/100|[from] item: Leftovers\n|upkeep\n|turn|16\n|\n|t:|1700576123\n|move|p1a: Jirachi|Iron Head|p2a: Arbok\n|-damage|p2a: Arbok|0 fnt\n|faint|p2a: Arbok\n|\n|upkeep\n|\n|t:|1700576126\n|switch|p2a: Miltank|Miltank, F|100\/100\n|turn|17\n|-message|WinterWait forfeited.\n|\n|win|aquiles meo\n|raw|aquiles meo's rating: 1105 &rarr; <strong>1123<\/strong><br \/>(+18 for winning)\n|raw|WinterWait's rating: 1008 &rarr; <strong>1000<\/strong><br \/>(-8 for losing)\n|l|\u2606WinterWait\n","uploadtime":1700576140,"views":0,"p1id":"aquilesmeo","p2id":"winterwait","formatid":"gen9nationaldexubers","rating":1000,"private":0,"password":""}