{"id":"gen9nationaldexubers-1989635661","p1":"C0ld as Ice","p2":"ygo is testing v2","format":"[Gen 9] National Dex Ubers","log":"|j|\u2606C0ld as Ice\n|j|\u2606ygo is testing v2\n|t:|1699881593\n|gametype|singles\n|player|p1|C0ld as Ice|schoolkid-gen4dp|1847\n|player|p2|ygo is testing v2|266|1733\n|teamsize|p1|6\n|teamsize|p2|6\n|gen|9\n|tier|[Gen 9] National Dex Ubers\n|rated|\n|rule|HP Percentage Mod: HP is shown in percentages\n|rule|Endless Battle Clause: Forcing endless battles is banned\n|rule|OHKO Clause: OHKO moves are banned\n|rule|Evasion Moves Clause: Evasion moves are banned\n|rule|Evasion Items Clause: Evasion items are banned\n|rule|Species Clause: Limit one of each Pok\u00e9mon\n|rule|Sleep Clause Mod: Limit one foe put to sleep\n|rule|Mega Rayquaza Clause: You cannot mega evolve Rayquaza\n|clearpoke\n|poke|p1|Arceus-Water|\n|poke|p1|Necrozma-Dusk-Mane|\n|poke|p1|Zygarde|\n|poke|p1|Groudon, L99|\n|poke|p1|Marshadow|\n|poke|p1|Yveltal|\n|poke|p2|Zacian-*|\n|poke|p2|Groudon|\n|poke|p2|Iron Treads|\n|poke|p2|Salamence, F|\n|poke|p2|Arceus-Ground|\n|poke|p2|Yveltal|\n|teampreview\n|inactive|Battle timer is ON: inactive players will automatically lose when time's up. (requested by C0ld as Ice)\n|\n|t:|1699881614\n|start\n|switch|p1a: Yveltal|Yveltal, shiny|100\/100\n|switch|p2a: Iron Treads|Iron Treads|100\/100\n|-ability|p1a: Yveltal|Dark Aura\n|turn|1\n|\n|t:|1699881619\n|move|p2a: Iron Treads|Stealth Rock|p1a: Yveltal\n|-sidestart|p1: C0ld as Ice|move: Stealth Rock\n|move|p1a: Yveltal|U-turn|p2a: Iron Treads\n|-resisted|p2a: Iron Treads\n|-damage|p2a: Iron Treads|90\/100\n|\n|t:|1699881623\n|switch|p1a: Arceus|Arceus-Water, shiny|100\/100|[from] U-turn\n|-damage|p1a: Arceus|88\/100|[from] Stealth Rock\n|\n|upkeep\n|turn|2\n|\n|t:|1699881634\n|-end|p2a: Iron Treads|Quark Drive|[silent]\n|switch|p2a: Salamence|Salamence, F|100\/100\n|-ability|p2a: Salamence|Intimidate|boost\n|-unboost|p1a: Arceus|atk|1\n|move|p1a: Arceus|Judgment|p2a: Salamence\n|-resisted|p2a: Salamence\n|-damage|p2a: Salamence|68\/100\n|\n|upkeep\n|turn|3\n|\n|t:|1699881640\n|move|p1a: Arceus|Taunt|p2a: Salamence\n|-start|p2a: Salamence|move: Taunt\n|cant|p2a: Salamence|move: Taunt|Roost\n|\n|upkeep\n|turn|4\n|\n|t:|1699881646\n|move|p1a: Arceus|Judgment|p2a: Salamence\n|-resisted|p2a: Salamence\n|-damage|p2a: Salamence|41\/100\n|move|p2a: Salamence|Return|p1a: Arceus\n|-damage|p1a: Arceus|64\/100\n|\n|upkeep\n|turn|5\n|\n|t:|1699881653\n|detailschange|p2a: Salamence|Salamence-Mega, F\n|-mega|p2a: Salamence|Salamence|Salamencite\n|move|p1a: Arceus|Recover|p1a: Arceus\n|-heal|p1a: Arceus|100\/100\n|move|p2a: Salamence|Return|p1a: Arceus\n|-damage|p1a: Arceus|53\/100\n|\n|-end|p2a: Salamence|move: Taunt\n|upkeep\n|turn|6\n|\n|t:|1699881662\n|switch|p1a: Zygarde|Zygarde|100\/100\n|-damage|p1a: Zygarde|94\/100|[from] Stealth Rock\n|move|p2a: Salamence|Roost|p2a: Salamence\n|-heal|p2a: Salamence|91\/100\n|-singleturn|p2a: Salamence|move: Roost\n|\n|-heal|p1a: Zygarde|100\/100|[from] item: Leftovers\n|upkeep\n|turn|7\n|\n|t:|1699881673\n|switch|p2a: Iron Treads|Iron Treads|90\/100\n|move|p1a: Zygarde|Glare|p2a: Iron Treads\n|-status|p2a: Iron Treads|par\n|\n|upkeep\n|turn|8\n|\n|t:|1699881677\n|move|p1a: Zygarde|Thousand Arrows|p2a: Iron Treads\n|-supereffective|p2a: Iron Treads\n|-damage|p2a: Iron Treads|29\/100 par\n|cant|p2a: Iron Treads|par\n|\n|upkeep\n|turn|9\n|\n|t:|1699881679\n|move|p1a: Zygarde|Thousand Arrows|p2a: Iron Treads\n|-supereffective|p2a: Iron Treads\n|-damage|p2a: Iron Treads|0 fnt\n|faint|p2a: Iron Treads\n|-end|p2a: Iron Treads|Quark Drive|[silent]\n|\n|upkeep\n|\n|t:|1699881683\n|switch|p2a: Zacian|Zacian-Crowned|100\/100\n|-ability|p2a: Zacian|Intrepid Sword|boost\n|-boost|p2a: Zacian|atk|1\n|turn|10\n|\n|t:|1699881688\n|move|p2a: Zacian|Swords Dance|p2a: Zacian\n|-boost|p2a: Zacian|atk|2\n|move|p1a: Zygarde|Glare|p2a: Zacian\n|-status|p2a: Zacian|par\n|\n|upkeep\n|turn|11\n|\n|t:|1699881691\n|move|p1a: Zygarde|Haze|p1a: Zygarde\n|-clearallboost\n|move|p2a: Zacian|Play Rough|p1a: Zygarde\n|-supereffective|p1a: Zygarde\n|-damage|p1a: Zygarde|42\/100\n|\n|-heal|p1a: Zygarde|48\/100|[from] item: Leftovers\n|-activate|p1a: Zygarde|ability: Power Construct\n|detailschange|p1a: Zygarde|Zygarde-Complete\n|-heal|p1a: Zygarde|66\/100|[silent]\n|upkeep\n|turn|12\n|\n|t:|1699881697\n|switch|p1a: Necrozma|Necrozma-Dusk-Mane, shiny|100\/100\n|-damage|p1a: Necrozma|94\/100|[from] Stealth Rock\n|move|p2a: Zacian|Play Rough|p1a: Necrozma\n|-resisted|p1a: Necrozma\n|-damage|p1a: Necrozma|77\/100\n|\n|upkeep\n|turn|13\n|\n|t:|1699881701\n|switch|p2a: Yveltal|Yveltal|100\/100\n|-ability|p2a: Yveltal|Dark Aura\n|move|p1a: Necrozma|Dragon Dance|p1a: Necrozma\n|-boost|p1a: Necrozma|atk|1\n|-boost|p1a: Necrozma|spe|1\n|\n|upkeep\n|turn|14\n|\n|t:|1699881704\n|-zpower|p1a: Necrozma\n|move|p1a: Necrozma|Searing Sunraze Smash|p2a: Yveltal|[zeffect]\n|-damage|p2a: Yveltal|0 fnt\n|faint|p2a: Yveltal\n|\n|upkeep\n|\n|t:|1699881713\n|switch|p2a: Groudon|Groudon|100\/100\n|detailschange|p2a: Groudon|Groudon-Primal\n|-primal|p2a: Groudon|Red Orb\n|-weather|DesolateLand|[from] ability: Desolate Land|[of] p2a: Groudon\n|turn|15\n|\n|t:|1699881717\n|switch|p1a: Zygarde|Zygarde-Complete|66\/100\n|-damage|p1a: Zygarde|60\/100|[from] Stealth Rock\n|move|p2a: Groudon|Precipice Blades|p1a: Zygarde\n|-damage|p1a: Zygarde|31\/100\n|\n|-weather|DesolateLand|[upkeep]\n|-heal|p1a: Zygarde|38\/100|[from] item: Leftovers\n|upkeep\n|turn|16\n|\n|t:|1699881720\n|-weather|none\n|switch|p2a: Zacian|Zacian-Crowned|100\/100 par\n|move|p1a: Zygarde|Glare|p2a: Zacian\n|-fail|p2a: Zacian|par\n|\n|-heal|p1a: Zygarde|44\/100|[from] item: Leftovers\n|upkeep\n|turn|17\n|\n|t:|1699881725\n|move|p1a: Zygarde|Rest|p1a: Zygarde\n|-status|p1a: Zygarde|slp|[from] move: Rest\n|-heal|p1a: Zygarde|100\/100 slp|[silent]\n|move|p2a: Zacian|Play Rough|p1a: Zygarde\n|-supereffective|p1a: Zygarde\n|-damage|p1a: Zygarde|62\/100 slp\n|-unboost|p1a: Zygarde|atk|1\n|\n|-heal|p1a: Zygarde|68\/100 slp|[from] item: Leftovers\n|upkeep\n|turn|18\n|\n|t:|1699881729\n|cant|p1a: Zygarde|slp\n|move|p2a: Zacian|Swords Dance|p2a: Zacian\n|-boost|p2a: Zacian|atk|2\n|\n|-heal|p1a: Zygarde|75\/100 slp|[from] item: Leftovers\n|upkeep\n|turn|19\n|\n|t:|1699881734\n|switch|p1a: Necrozma|Necrozma-Dusk-Mane, shiny|77\/100\n|-damage|p1a: Necrozma|71\/100|[from] Stealth Rock\n|move|p2a: Zacian|Play Rough|p1a: Necrozma\n|-resisted|p1a: Necrozma\n|-damage|p1a: Necrozma|34\/100\n|\n|upkeep\n|turn|20\n|\n|t:|1699881740\n|move|p1a: Necrozma|Sunsteel Strike|p2a: Zacian\n|-damage|p2a: Zacian|55\/100 par\n|move|p2a: Zacian|Close Combat|p1a: Necrozma\n|-damage|p1a: Necrozma|0 fnt\n|-unboost|p2a: Zacian|def|1\n|-unboost|p2a: Zacian|spd|1\n|faint|p1a: Necrozma\n|\n|upkeep\n|\n|t:|1699881748\n|switch|p1a: Marshadow|Marshadow|100\/100\n|-damage|p1a: Marshadow|94\/100|[from] Stealth Rock\n|turn|21\n|\n|t:|1699881753\n|move|p1a: Marshadow|Poltergeist|p2a: Zacian\n|-activate|p2a: Zacian|move: Poltergeist|Rusted Sword\n|-damage|p2a: Zacian|0 fnt\n|faint|p2a: Zacian\n|\n|upkeep\n|\n|t:|1699881757\n|switch|p2a: Salamence|Salamence-Mega, F|91\/100\n|turn|22\n|\n|t:|1699881765\n|switch|p2a: Arceus|Arceus-Ground|100\/100\n|-terastallize|p1a: Marshadow|Ghost\n|move|p1a: Marshadow|Poltergeist|p2a: Arceus\n|-activate|p2a: Arceus|move: Poltergeist|Groundium Z\n|-damage|p2a: Arceus|21\/100\n|\n|upkeep\n|turn|23\n|\n|t:|1699881769\n|move|p1a: Marshadow|Poltergeist|p2a: Arceus\n|-activate|p2a: Arceus|move: Poltergeist|Groundium Z\n|-damage|p2a: Arceus|0 fnt\n|faint|p2a: Arceus\n|\n|upkeep\n|\n|t:|1699881772\n|switch|p2a: Groudon|Groudon-Primal|100\/100\n|-weather|DesolateLand|[from] ability: Desolate Land|[of] p2a: Groudon\n|turn|24\n|\n|t:|1699881779\n|switch|p1a: Arceus|Arceus-Water, shiny|53\/100\n|-damage|p1a: Arceus|41\/100|[from] Stealth Rock\n|move|p2a: Groudon|Heat Crash|p1a: Arceus\n|-resisted|p1a: Arceus\n|-damage|p1a: Arceus|12\/100\n|\n|-weather|DesolateLand|[upkeep]\n|upkeep\n|turn|25\n|\n|t:|1699881782\n|move|p1a: Arceus|Taunt|p2a: Groudon\n|-start|p2a: Groudon|move: Taunt\n|move|p2a: Groudon|Precipice Blades|p1a: Arceus\n|-damage|p1a: Arceus|0 fnt\n|faint|p1a: Arceus\n|\n|-weather|DesolateLand|[upkeep]\n|upkeep\n|\n|t:|1699881785\n|switch|p1a: Zygarde|Zygarde-Complete|75\/100 slp\n|-damage|p1a: Zygarde|68\/100 slp|[from] Stealth Rock\n|turn|26\n|\n|t:|1699881787\n|-weather|none\n|switch|p2a: Salamence|Salamence-Mega, F|91\/100\n|cant|p1a: Zygarde|slp\n|\n|-heal|p1a: Zygarde|75\/100 slp|[from] item: Leftovers\n|upkeep\n|turn|27\n|\n|t:|1699881791\n|move|p2a: Salamence|Dragon Dance|p2a: Salamence\n|-boost|p2a: Salamence|atk|1\n|-boost|p2a: Salamence|spe|1\n|-curestatus|p1a: Zygarde|slp|[msg]\n|move|p1a: Zygarde|Glare|p2a: Salamence\n|-status|p2a: Salamence|par\n|\n|-heal|p1a: Zygarde|81\/100|[from] item: Leftovers\n|upkeep\n|turn|28\n|\n|t:|1699881793\n|move|p2a: Salamence|Return|p1a: Zygarde\n|-damage|p1a: Zygarde|45\/100\n|move|p1a: Zygarde|Haze|p1a: Zygarde\n|-clearallboost\n|\n|-heal|p1a: Zygarde|51\/100|[from] item: Leftovers\n|upkeep\n|turn|29\n|\n|t:|1699881800\n|move|p1a: Zygarde|Thousand Arrows|p2a: Salamence\n|-damage|p2a: Salamence|66\/100 par\n|-start|p2a: Salamence|Smack Down\n|cant|p2a: Salamence|par\n|\n|-heal|p1a: Zygarde|58\/100|[from] item: Leftovers\n|upkeep\n|turn|30\n|\n|t:|1699881803\n|switch|p1a: Yveltal|Yveltal, shiny|100\/100\n|-ability|p1a: Yveltal|Dark Aura\n|cant|p2a: Salamence|par\n|\n|upkeep\n|turn|31\n|\n|t:|1699881807\n|switch|p2a: Groudon|Groudon-Primal|100\/100\n|-weather|DesolateLand|[from] ability: Desolate Land|[of] p2a: Groudon\n|move|p1a: Yveltal|Foul Play|p2a: Groudon\n|-damage|p2a: Groudon|42\/100\n|\n|-weather|DesolateLand|[upkeep]\n|upkeep\n|turn|32\n|\n|t:|1699881810\n|move|p2a: Groudon|Heat Crash|p1a: Yveltal\n|-damage|p1a: Yveltal|28\/100\n|move|p1a: Yveltal|Foul Play|p2a: Groudon\n|-damage|p2a: Groudon|0 fnt\n|faint|p2a: Groudon\n|-weather|none\n|\n|upkeep\n|\n|t:|1699881813\n|switch|p2a: Salamence|Salamence-Mega, F|66\/100 par\n|turn|33\n|\n|t:|1699881815\n|move|p1a: Yveltal|Foul Play|p2a: Salamence\n|-damage|p2a: Salamence|4\/100 par\n|cant|p2a: Salamence|par\n|\n|upkeep\n|turn|34\n|\n|t:|1699881818\n|move|p1a: Yveltal|U-turn|p2a: Salamence\n|-resisted|p2a: Salamence\n|-damage|p2a: Salamence|0 fnt\n|faint|p2a: Salamence\n|\n|win|C0ld as Ice\n|raw|C0ld as Ice's rating: 1847 &rarr; <strong>1861<\/strong><br \/>(+14 for winning)\n|raw|ygo is testing v2's rating: 1733 &rarr; <strong>1719<\/strong><br \/>(-14 for losing)\n|l|\u2606ygo is testing v2\n","uploadtime":1699882512,"views":8,"p1id":"c0ldasice","p2id":"ygoistestingv2","formatid":"gen9nationaldexubers","rating":1719,"private":0,"password":""}