{"id":"gen9nationaldexubers-1979503265","p1":"aguinaldo124","p2":"Rapc19082010","format":"[Gen 9] National Dex Ubers","log":"|j|\u2606aguinaldo124\n|j|\u2606Rapc19082010\n|t:|1698687809\n|gametype|singles\n|player|p1|aguinaldo124|red|1080\n|player|p2|Rapc19082010|101|1000\n|teamsize|p1|6\n|teamsize|p2|6\n|gen|9\n|tier|[Gen 9] National Dex Ubers\n|rated|\n|rule|HP Percentage Mod: HP is shown in percentages\n|rule|Endless Battle Clause: Forcing endless battles is banned\n|rule|OHKO Clause: OHKO moves are banned\n|rule|Evasion Moves Clause: Evasion moves are banned\n|rule|Evasion Items Clause: Evasion items are banned\n|rule|Species Clause: Limit one of each Pok\u00e9mon\n|rule|Sleep Clause Mod: Limit one foe put to sleep\n|rule|Mega Rayquaza Clause: You cannot mega evolve Rayquaza\n|clearpoke\n|poke|p1|Parasect, M|\n|poke|p1|Scyther, F|\n|poke|p1|Venomoth, M|\n|poke|p1|Butterfree, M|\n|poke|p1|Pinsir, F|\n|poke|p1|Beedrill, F|\n|poke|p2|Aegislash, M|\n|poke|p2|Mimikyu, F|\n|poke|p2|Banette, M|\n|poke|p2|Chandelure, F|\n|poke|p2|Gholdengo|\n|poke|p2|Annihilape, F|\n|teampreview\n|\n|t:|1698687828\n|start\n|switch|p1a: Parasect|Parasect, M|100\/100\n|switch|p2a: Aegislash|Aegislash, M|100\/100\n|turn|1\n|inactive|Battle timer is ON: inactive players will automatically lose when time's up. (requested by aguinaldo124)\n|\n|t:|1698687838\n|move|p2a: Aegislash|Swords Dance|p2a: Aegislash\n|-boost|p2a: Aegislash|atk|2\n|move|p1a: Parasect|Leech Seed|p2a: Aegislash\n|-start|p2a: Aegislash|move: Leech Seed\n|\n|-damage|p2a: Aegislash|88\/100|[from] Leech Seed|[of] p1a: Parasect\n|upkeep\n|turn|2\n|c|\u2606aguinaldo124|Damn mono ghost whit no legends you have my respect ngl\n|\n|t:|1698687857\n|move|p2a: Aegislash|King's Shield|p2a: Aegislash\n|-singleturn|p2a: Aegislash|Protect\n|move|p1a: Parasect|Spore|p2a: Aegislash\n|-status|p2a: Aegislash|slp|[from] move: Spore\n|\n|-damage|p2a: Aegislash|76\/100 slp|[from] Leech Seed|[of] p1a: Parasect\n|upkeep\n|turn|3\n|\n|t:|1698687871\n|cant|p2a: Aegislash|slp\n|move|p1a: Parasect|Leech Life|p2a: Aegislash\n|-resisted|p2a: Aegislash\n|-damage|p2a: Aegislash|68\/100 slp\n|\n|-damage|p2a: Aegislash|56\/100 slp|[from] Leech Seed|[of] p1a: Parasect\n|upkeep\n|turn|4\n|\n|t:|1698687880\n|move|p1a: Parasect|Protect|p1a: Parasect\n|-singleturn|p1a: Parasect|Protect\n|cant|p2a: Aegislash|slp\n|\n|-damage|p2a: Aegislash|44\/100 slp|[from] Leech Seed|[of] p1a: Parasect\n|upkeep\n|turn|5\n|\n|t:|1698687887\n|-curestatus|p2a: Aegislash|slp|[msg]\n|move|p2a: Aegislash|Swords Dance|p2a: Aegislash\n|-boost|p2a: Aegislash|atk|2\n|move|p1a: Parasect|Spore|p2a: Aegislash\n|-status|p2a: Aegislash|slp|[from] move: Spore\n|\n|-damage|p2a: Aegislash|31\/100 slp|[from] Leech Seed|[of] p1a: Parasect\n|upkeep\n|turn|6\n|\n|t:|1698687903\n|-terastallize|p2a: Aegislash|Fighting\n|cant|p2a: Aegislash|slp\n|move|p1a: Parasect|Leech Seed|p2a: Aegislash|[miss]\n|-miss|p1a: Parasect|p2a: Aegislash\n|\n|-damage|p2a: Aegislash|19\/100 slp|[from] Leech Seed|[of] p1a: Parasect\n|upkeep\n|turn|7\n|\n|t:|1698687913\n|cant|p2a: Aegislash|slp\n|move|p1a: Parasect|Spore|p2a: Aegislash\n|-fail|p2a: Aegislash|slp\n|\n|-damage|p2a: Aegislash|7\/100 slp|[from] Leech Seed|[of] p1a: Parasect\n|upkeep\n|turn|8\n|\n|t:|1698687923\n|move|p1a: Parasect|Protect|p1a: Parasect\n|-singleturn|p1a: Parasect|Protect\n|cant|p2a: Aegislash|slp\n|\n|-damage|p2a: Aegislash|0 fnt|[from] Leech Seed|[of] p1a: Parasect\n|faint|p2a: Aegislash\n|upkeep\n|\n|t:|1698687931\n|switch|p2a: Chandelure|Chandelure, F|100\/100\n|turn|9\n|\n|t:|1698687937\n|move|p2a: Chandelure|Flamethrower|p1a: Parasect\n|-supereffective|p1a: Parasect\n|-damage|p1a: Parasect|0 fnt\n|faint|p1a: Parasect\n|-damage|p2a: Chandelure|91\/100|[from] item: Life Orb\n|\n|upkeep\n|\n|t:|1698687944\n|switch|p1a: Beedrill|Beedrill, F|100\/100\n|turn|10\n|\n|t:|1698687948\n|detailschange|p1a: Beedrill|Beedrill-Mega, F\n|-mega|p1a: Beedrill|Beedrill|Beedrillite\n|move|p1a: Beedrill|Drill Run|p2a: Chandelure\n|-supereffective|p2a: Chandelure\n|-damage|p2a: Chandelure|0 fnt\n|faint|p2a: Chandelure\n|\n|upkeep\n|\n|t:|1698687955\n|switch|p2a: Gholdengo|Gholdengo|100\/100\n|turn|11\n|\n|t:|1698687959\n|move|p1a: Beedrill|Drill Run|p2a: Gholdengo\n|-supereffective|p2a: Gholdengo\n|-damage|p2a: Gholdengo|36\/100\n|move|p2a: Gholdengo|Nasty Plot|p2a: Gholdengo\n|-boost|p2a: Gholdengo|spa|2\n|\n|-heal|p2a: Gholdengo|42\/100|[from] item: Leftovers\n|upkeep\n|turn|12\n|\n|t:|1698687974\n|move|p1a: Beedrill|Drill Run|p2a: Gholdengo\n|-supereffective|p2a: Gholdengo\n|-damage|p2a: Gholdengo|0 fnt\n|faint|p2a: Gholdengo\n|\n|upkeep\n|\n|t:|1698687980\n|switch|p2a: Mimikyu|Mimikyu, F|100\/100\n|turn|13\n|\n|t:|1698687984\n|move|p1a: Beedrill|Poison Jab|p2a: Mimikyu\n|-activate|p2a: Mimikyu|ability: Disguise\n|-damage|p2a: Mimikyu|100\/100\n|-status|p2a: Mimikyu|psn\n|detailschange|p2a: Mimikyu|Mimikyu-Busted, F\n|-damage|p2a: Mimikyu|88\/100 psn|[from] pokemon: Mimikyu-Busted\n|move|p2a: Mimikyu|Swords Dance|p2a: Mimikyu\n|-boost|p2a: Mimikyu|atk|2\n|\n|-damage|p2a: Mimikyu|76\/100 psn|[from] psn\n|upkeep\n|turn|14\n|\n|t:|1698687998\n|move|p2a: Mimikyu|Shadow Sneak|p1a: Beedrill\n|-damage|p1a: Beedrill|0 fnt\n|faint|p1a: Beedrill\n|-damage|p2a: Mimikyu|66\/100 psn|[from] item: Life Orb\n|\n|-damage|p2a: Mimikyu|53\/100 psn|[from] psn\n|upkeep\n|\n|t:|1698688010\n|switch|p1a: Scyther|Scyther, F|100\/100\n|turn|15\n|\n|t:|1698688021\n|move|p2a: Mimikyu|Shadow Sneak|p1a: Scyther\n|-damage|p1a: Scyther|59\/100\n|-damage|p2a: Mimikyu|44\/100 psn|[from] item: Life Orb\n|move|p1a: Scyther|Dual Wingbeat|p2a: Mimikyu\n|-damage|p2a: Mimikyu|0 fnt\n|faint|p2a: Mimikyu\n|-hitcount|p2: Mimikyu|1\n|\n|upkeep\n|\n|t:|1698688041\n|switch|p2a: Banette|Banette, M|100\/100\n|-item|p1a: Scyther|Eviolite|[from] ability: Frisk|[of] p2a: Banette|[identify]\n|turn|16\n|\n|t:|1698688047\n|switch|p1a: Venomoth|Venomoth, M|100\/100\n|detailschange|p2a: Banette|Banette-Mega, M\n|-mega|p2a: Banette|Banette|Banettite\n|move|p2a: Banette|Shadow Sneak|p1a: Venomoth\n|-damage|p1a: Venomoth|71\/100\n|\n|-heal|p1a: Venomoth|77\/100|[from] item: Leftovers\n|upkeep\n|turn|17\n|\n|t:|1698688059\n|move|p1a: Venomoth|Toxic|p2a: Banette\n|-status|p2a: Banette|tox\n|move|p2a: Banette|Shadow Claw|p1a: Venomoth\n|-damage|p1a: Venomoth|25\/100\n|\n|-heal|p1a: Venomoth|32\/100|[from] item: Leftovers\n|-damage|p2a: Banette|94\/100 tox|[from] psn\n|upkeep\n|turn|18\n|inactive|Rapc19082010 has 120 seconds left.\n|l|\u2606Rapc19082010\n|inactive|Rapc19082010 disconnected and has a minute to reconnect!\n|player|p2|\n|c|\u2606aguinaldo124|Mono bug going crazy rn\n|inactive|Rapc19082010 has 30 seconds to reconnect!\n|inactive|Rapc19082010 has 20 seconds to reconnect!\n|inactive|Rapc19082010 has 15 seconds to reconnect!\n|inactive|Rapc19082010 has 10 seconds to reconnect!\n|inactive|Rapc19082010 has 5 seconds to reconnect!\n|-message|Rapc19082010 lost due to inactivity.\n|\n|win|aguinaldo124\n|raw|aguinaldo124's rating: 1080 &rarr; <strong>1102<\/strong><br \/>(+22 for winning)\n|raw|Rapc19082010's rating: 1000 &rarr; <strong>1000<\/strong><br \/>(+0 for losing)\n","uploadtime":1698688154,"views":14,"p1id":"aguinaldo124","p2id":"rapc19082010","formatid":"gen9nationaldexubers","rating":1000,"private":0,"password":""}