{"id":"gen9nationaldexubers-1992087607","p1":"Willstacksgod","p2":"MARCEGO","format":"[Gen 9] National Dex Ubers","log":"|j|\u2606Willstacksgod\n|j|\u2606MARCEGO\n|t:|1700154022\n|gametype|singles\n|player|p1|Willstacksgod|lass-gen4dp|1083\n|player|p2|MARCEGO|102|1110\n|teamsize|p1|6\n|teamsize|p2|6\n|gen|9\n|tier|[Gen 9] National Dex Ubers\n|rated|\n|rule|HP Percentage Mod: HP is shown in percentages\n|rule|Endless Battle Clause: Forcing endless battles is banned\n|rule|OHKO Clause: OHKO moves are banned\n|rule|Evasion Moves Clause: Evasion moves are banned\n|rule|Evasion Items Clause: Evasion items are banned\n|rule|Species Clause: Limit one of each Pok\u00e9mon\n|rule|Sleep Clause Mod: Limit one foe put to sleep\n|rule|Mega Rayquaza Clause: You cannot mega evolve Rayquaza\n|clearpoke\n|poke|p1|Shuckle, M|\n|poke|p1|Steelix, M|\n|poke|p1|Gyarados, M|\n|poke|p1|Kingambit, F|\n|poke|p1|Galvantula, M|\n|poke|p1|Iron Treads|\n|poke|p2|Aegislash, M|\n|poke|p2|Blaziken, F|\n|poke|p2|Alakazam, F|\n|poke|p2|Greninja-*, M|\n|poke|p2|Salamence, F|\n|poke|p2|Jolteon, M|\n|teampreview\n|\n|t:|1700154028\n|start\n|switch|p1a: Galvantula|Galvantula, M|100\/100\n|switch|p2a: Mi pollo favorito|Blaziken, F|100\/100\n|turn|1\n|\n|t:|1700154036\n|detailschange|p2a: Mi pollo favorito|Blaziken-Mega, F\n|-mega|p2a: Mi pollo favorito|Blaziken|Blazikenite\n|move|p1a: Galvantula|Sticky Web|p2a: Mi pollo favorito\n|-sidestart|p2: MARCEGO|move: Sticky Web\n|move|p2a: Mi pollo favorito|Fire Punch|p1a: Galvantula\n|-supereffective|p1a: Galvantula\n|-enditem|p1a: Galvantula|Focus Sash\n|-damage|p1a: Galvantula|1\/100\n|-status|p1a: Galvantula|brn\n|\n|-damage|p1a: Galvantula|0 fnt|[from] brn\n|faint|p1a: Galvantula\n|-ability|p2a: Mi pollo favorito|Speed Boost|boost\n|-boost|p2a: Mi pollo favorito|spe|1\n|upkeep\n|\n|t:|1700154043\n|switch|p1a: Steelix|Steelix, M|100\/100\n|turn|2\n|\n|t:|1700154053\n|move|p2a: Mi pollo favorito|Brick Break|p1a: Steelix\n|-supereffective|p1a: Steelix\n|-damage|p1a: Steelix|50\/100\n|move|p1a: Steelix|Stealth Rock|p2a: Mi pollo favorito\n|-sidestart|p2: MARCEGO|move: Stealth Rock\n|\n|-ability|p2a: Mi pollo favorito|Speed Boost|boost\n|-boost|p2a: Mi pollo favorito|spe|1\n|upkeep\n|turn|3\n|\n|t:|1700154059\n|move|p1a: Steelix|Protect|p1a: Steelix\n|-singleturn|p1a: Steelix|Protect\n|move|p2a: Mi pollo favorito|Brick Break|p1a: Steelix\n|-activate|p1a: Steelix|move: Protect\n|\n|-ability|p2a: Mi pollo favorito|Speed Boost|boost\n|-boost|p2a: Mi pollo favorito|spe|1\n|upkeep\n|turn|4\n|\n|t:|1700154063\n|move|p2a: Mi pollo favorito|Brick Break|p1a: Steelix\n|-supereffective|p1a: Steelix\n|-crit|p1a: Steelix\n|-damage|p1a: Steelix|0 fnt\n|faint|p1a: Steelix\n|\n|-ability|p2a: Mi pollo favorito|Speed Boost|boost\n|-boost|p2a: Mi pollo favorito|spe|1\n|upkeep\n|\n|t:|1700154080\n|switch|p1a: Gyarados|Gyarados, M|100\/100\n|turn|5\n|\n|t:|1700154084\n|move|p2a: Mi pollo favorito|Thunder Punch|p1a: Gyarados\n|-supereffective|p1a: Gyarados\n|-enditem|p1a: Gyarados|Focus Sash\n|-damage|p1a: Gyarados|1\/100\n|move|p1a: Gyarados|Waterfall|p2a: Mi pollo favorito\n|-supereffective|p2a: Mi pollo favorito\n|-damage|p2a: Mi pollo favorito|0 fnt\n|faint|p2a: Mi pollo favorito\n|-ability|p1a: Gyarados|Moxie|boost\n|-boost|p1a: Gyarados|atk|1\n|\n|upkeep\n|\n|t:|1700154102\n|switch|p2a: Eevee el\u00e9ctrico|Jolteon, M|100\/100\n|-damage|p2a: Eevee el\u00e9ctrico|88\/100|[from] Stealth Rock\n|-item|p2a: Eevee el\u00e9ctrico|Air Balloon\n|turn|6\n|\n|t:|1700154109\n|move|p2a: Eevee el\u00e9ctrico|Quick Attack|p1a: Gyarados\n|-damage|p1a: Gyarados|0 fnt\n|faint|p1a: Gyarados\n|\n|upkeep\n|\n|t:|1700154113\n|switch|p1a: Kingambit|Kingambit, F|100\/100\n|-activate|p1a: Kingambit|ability: Supreme Overlord\n|-start|p1a: Kingambit|fallen3|[silent]\n|turn|7\n|\n|t:|1700154122\n|move|p2a: Eevee el\u00e9ctrico|Thunderbolt|p1a: Kingambit\n|-damage|p1a: Kingambit|50\/100\n|move|p1a: Kingambit|Swords Dance|p1a: Kingambit\n|-boost|p1a: Kingambit|atk|2\n|\n|upkeep\n|turn|8\n|\n|t:|1700154129\n|move|p1a: Kingambit|Sucker Punch|p2a: Eevee el\u00e9ctrico\n|-damage|p2a: Eevee el\u00e9ctrico|0 fnt\n|-enditem|p2a: Eevee el\u00e9ctrico|Air Balloon\n|faint|p2a: Eevee el\u00e9ctrico\n|\n|upkeep\n|\n|t:|1700154142\n|switch|p2a: Alakama :)|Alakazam, F|100\/100\n|-activate|p2a: Alakama :)|move: Sticky Web\n|-unboost|p2a: Alakama :)|spe|1\n|turn|9\n|\n|t:|1700154151\n|move|p1a: Kingambit|Sucker Punch|p2a: Alakama :)\n|-supereffective|p2a: Alakama :)\n|-enditem|p2a: Alakama :)|Focus Sash\n|-damage|p2a: Alakama :)|1\/100\n|move|p2a: Alakama :)|Signal Beam|p1a: Kingambit\n|-damage|p1a: Kingambit|21\/100\n|\n|upkeep\n|turn|10\n|\n|t:|1700154160\n|move|p1a: Kingambit|Sucker Punch|p2a: Alakama :)\n|-supereffective|p2a: Alakama :)\n|-damage|p2a: Alakama :)|0 fnt\n|faint|p2a: Alakama :)\n|\n|upkeep\n|\n|t:|1700154165\n|switch|p2a: La espada z|Aegislash, M|100\/100\n|-activate|p2a: La espada z|move: Sticky Web\n|-unboost|p2a: La espada z|spe|1\n|-damage|p2a: La espada z|94\/100|[from] Stealth Rock\n|turn|11\n|\n|t:|1700154172\n|move|p2a: La espada z|King's Shield|p2a: La espada z\n|-singleturn|p2a: La espada z|Protect\n|move|p1a: Kingambit|Sucker Punch||[still]\n|-fail|p1a: Kingambit\n|\n|-heal|p2a: La espada z|100\/100|[from] item: Leftovers\n|upkeep\n|turn|12\n|\n|t:|1700154182\n|move|p1a: Kingambit|Sucker Punch|p2a: La espada z\n|-supereffective|p2a: La espada z\n|-damage|p2a: La espada z|0 fnt\n|faint|p2a: La espada z\n|\n|upkeep\n|\n|t:|1700154189\n|switch|p2a: The best Dragon|Salamence, F|100\/100\n|-damage|p2a: The best Dragon|76\/100|[from] Stealth Rock\n|turn|13\n|\n|t:|1700154194\n|move|p1a: Kingambit|Sucker Punch|p2a: The best Dragon\n|-damage|p2a: The best Dragon|0 fnt\n|faint|p2a: The best Dragon\n|\n|upkeep\n|\n|t:|1700154197\n|switch|p2a: Naruto|Greninja, M|100\/100\n|-activate|p2a: Naruto|move: Sticky Web\n|-unboost|p2a: Naruto|spe|1\n|-damage|p2a: Naruto|88\/100|[from] Stealth Rock\n|turn|14\n|\n|t:|1700154201\n|move|p1a: Kingambit|Sucker Punch||[still]\n|-fail|p1a: Kingambit\n|move|p2a: Naruto|Toxic|p1a: Kingambit\n|-immune|p1a: Kingambit\n|\n|upkeep\n|turn|15\n|\n|t:|1700154209\n|move|p1a: Kingambit|Sucker Punch||[still]\n|-fail|p1a: Kingambit\n|move|p2a: Naruto|Toxic|p1a: Kingambit\n|-immune|p1a: Kingambit\n|\n|upkeep\n|turn|16\n|\n|t:|1700154215\n|move|p2a: Naruto|Scald|p1a: Kingambit\n|-damage|p1a: Kingambit|0 fnt\n|faint|p1a: Kingambit\n|-end|p1a: Kingambit|fallen3|[silent]\n|-ability|p2a: Naruto|Battle Bond|boost\n|-boost|p2a: Naruto|atk|1\n|-boost|p2a: Naruto|spa|1\n|-boost|p2a: Naruto|spe|1\n|-activate|p2a: Naruto|ability: Battle Bond\n|\n|upkeep\n|\n|t:|1700154219\n|switch|p1a: Iron Treads|Iron Treads|100\/100\n|-enditem|p1a: Iron Treads|Booster Energy\n|-activate|p1a: Iron Treads|ability: Quark Drive|[fromitem]\n|-start|p1a: Iron Treads|quarkdrivespe\n|turn|17\n|\n|t:|1700154229\n|move|p1a: Iron Treads|Rapid Spin|p2a: Naruto\n|-damage|p2a: Naruto|62\/100\n|-boost|p1a: Iron Treads|spe|1\n|-zpower|p2a: Naruto\n|move|p2a: Naruto|Hydro Vortex|p1a: Iron Treads|[zeffect]\n|-supereffective|p1a: Iron Treads\n|-damage|p1a: Iron Treads|0 fnt\n|faint|p1a: Iron Treads\n|-end|p1a: Iron Treads|Quark Drive|[silent]\n|\n|upkeep\n|\n|t:|1700154234\n|switch|p1a: Shuckle|Shuckle, M|100\/100\n|turn|18\n|\n|t:|1700154248\n|move|p2a: Naruto|Scald|p1a: Shuckle\n|-supereffective|p1a: Shuckle\n|-damage|p1a: Shuckle|32\/100\n|move|p1a: Shuckle|Ancient Power|p2a: Naruto\n|-damage|p2a: Naruto|52\/100\n|-boost|p1a: Shuckle|atk|1\n|-boost|p1a: Shuckle|def|1\n|-boost|p1a: Shuckle|spa|1\n|-boost|p1a: Shuckle|spd|1\n|-boost|p1a: Shuckle|spe|1\n|\n|-heal|p1a: Shuckle|38\/100|[from] item: Leftovers\n|upkeep\n|turn|19\n|\n|t:|1700154253\n|move|p1a: Shuckle|Protect|p1a: Shuckle\n|-singleturn|p1a: Shuckle|Protect\n|move|p2a: Naruto|Scald|p1a: Shuckle\n|-activate|p1a: Shuckle|move: Protect\n|\n|-heal|p1a: Shuckle|44\/100|[from] item: Leftovers\n|upkeep\n|turn|20\n|\n|t:|1700154259\n|-terastallize|p1a: Shuckle|Bug\n|move|p2a: Naruto|Scald|p1a: Shuckle\n|-damage|p1a: Shuckle|20\/100\n|move|p1a: Shuckle|Ancient Power|p2a: Naruto\n|-damage|p2a: Naruto|39\/100\n|\n|-heal|p1a: Shuckle|26\/100|[from] item: Leftovers\n|upkeep\n|turn|21\n|\n|t:|1700154268\n|move|p1a: Shuckle|Protect|p1a: Shuckle\n|-singleturn|p1a: Shuckle|Protect\n|move|p2a: Naruto|Ice Beam|p1a: Shuckle\n|-activate|p1a: Shuckle|move: Protect\n|\n|-heal|p1a: Shuckle|32\/100|[from] item: Leftovers\n|upkeep\n|turn|22\n|\n|t:|1700154274\n|move|p2a: Naruto|Ice Beam|p1a: Shuckle\n|-damage|p1a: Shuckle|14\/100\n|move|p1a: Shuckle|Ancient Power|p2a: Naruto\n|-damage|p2a: Naruto|26\/100\n|\n|-heal|p1a: Shuckle|20\/100|[from] item: Leftovers\n|upkeep\n|turn|23\n|\n|t:|1700154281\n|move|p1a: Shuckle|Protect|p1a: Shuckle\n|-singleturn|p1a: Shuckle|Protect\n|move|p2a: Naruto|Scald|p1a: Shuckle\n|-activate|p1a: Shuckle|move: Protect\n|\n|-heal|p1a: Shuckle|26\/100|[from] item: Leftovers\n|upkeep\n|turn|24\n|\n|t:|1700154289\n|move|p2a: Naruto|Scald|p1a: Shuckle\n|-damage|p1a: Shuckle|4\/100\n|move|p1a: Shuckle|Iron Defense|p1a: Shuckle\n|-boost|p1a: Shuckle|def|2\n|\n|-heal|p1a: Shuckle|10\/100|[from] item: Leftovers\n|upkeep\n|turn|25\n|\n|t:|1700154295\n|move|p1a: Shuckle|Protect|p1a: Shuckle\n|-singleturn|p1a: Shuckle|Protect\n|move|p2a: Naruto|Scald|p1a: Shuckle\n|-activate|p1a: Shuckle|move: Protect\n|\n|-heal|p1a: Shuckle|16\/100|[from] item: Leftovers\n|upkeep\n|turn|26\n|\n|t:|1700154301\n|move|p2a: Naruto|Scald|p1a: Shuckle\n|-damage|p1a: Shuckle|0 fnt\n|faint|p1a: Shuckle\n|\n|win|MARCEGO\n|raw|Willstacksgod's rating: 1083 &rarr; <strong>1062<\/strong><br \/>(-21 for losing)\n|raw|MARCEGO's rating: 1110 &rarr; <strong>1133<\/strong><br \/>(+23 for winning)\n","uploadtime":1700154309,"views":17,"p1id":"willstacksgod","p2id":"marcego","formatid":"gen9nationaldexubers","rating":1062,"private":0,"password":""}