{"id":"gen9nationaldexubers-1999518829","p1":"quitemarrow","p2":"Dillweed123","format":"[Gen 9] National Dex Ubers","log":"|j|\u2606quitemarrow\n|j|\u2606Dillweed123\n|t:|1701091771\n|gametype|singles\n|player|p1|quitemarrow|volkner|1000\n|player|p2|Dillweed123|drayden|1000\n|teamsize|p1|6\n|teamsize|p2|6\n|gen|9\n|tier|[Gen 9] National Dex Ubers\n|rated|\n|rule|HP Percentage Mod: HP is shown in percentages\n|rule|Endless Battle Clause: Forcing endless battles is banned\n|rule|OHKO Clause: OHKO moves are banned\n|rule|Evasion Moves Clause: Evasion moves are banned\n|rule|Evasion Items Clause: Evasion items are banned\n|rule|Species Clause: Limit one of each Pok\u00e9mon\n|rule|Sleep Clause Mod: Limit one foe put to sleep\n|rule|Mega Rayquaza Clause: You cannot mega evolve Rayquaza\n|clearpoke\n|poke|p1|Rapidash, M|\n|poke|p1|Golduck, F|\n|poke|p1|Electrode-Hisui|\n|poke|p1|Zoroark-Hisui, F|\n|poke|p1|Umbreon, F|\n|poke|p1|Steelix, F|\n|poke|p2|Flygon, F|\n|poke|p2|Dragapult, F|\n|poke|p2|Palkia|\n|poke|p2|Baxcalibur, M|\n|poke|p2|Kingdra, M|\n|poke|p2|Kommo-o, F|\n|teampreview\n|\n|t:|1701091783\n|start\n|switch|p1a: Steelix|Steelix, F, shiny|100\/100\n|switch|p2a: Palkia|Palkia|100\/100\n|turn|1\n|\n|t:|1701091796\n|-terastallize|p1a: Steelix|Steel\n|move|p2a: Palkia|Flamethrower|p1a: Steelix\n|-supereffective|p1a: Steelix\n|-crit|p1a: Steelix\n|-ability|p1a: Steelix|Sturdy\n|-damage|p1a: Steelix|1\/100\n|move|p1a: Steelix|Earthquake|p2a: Palkia\n|-damage|p2a: Palkia|63\/100\n|\n|upkeep\n|turn|2\n|\n|t:|1701091807\n|move|p2a: Palkia|Flamethrower|p1a: Steelix\n|-supereffective|p1a: Steelix\n|-crit|p1a: Steelix\n|-damage|p1a: Steelix|0 fnt\n|faint|p1a: Steelix\n|\n|upkeep\n|\n|t:|1701091813\n|switch|p1a: Golduck|Golduck, F, shiny|100\/100\n|turn|3\n|\n|t:|1701091819\n|move|p1a: Golduck|Ice Beam|p2a: Palkia\n|-damage|p2a: Palkia|52\/100\n|move|p2a: Palkia|Earth Power|p1a: Golduck\n|-damage|p1a: Golduck|52\/100\n|\n|upkeep\n|turn|4\n|\n|t:|1701091826\n|move|p1a: Golduck|Cross Chop|p2a: Palkia\n|-damage|p2a: Palkia|28\/100\n|move|p2a: Palkia|Earth Power|p1a: Golduck\n|-damage|p1a: Golduck|0 fnt\n|faint|p1a: Golduck\n|\n|upkeep\n|\n|t:|1701091829\n|switch|p1a: Electrode|Electrode-Hisui, shiny|100\/100\n|turn|5\n|\n|t:|1701091836\n|move|p1a: Electrode|Leaf Storm|p2a: Palkia|[miss]\n|-miss|p1a: Electrode|p2a: Palkia\n|move|p2a: Palkia|Spacial Rend|p1a: Electrode\n|-damage|p1a: Electrode|0 fnt\n|faint|p1a: Electrode\n|\n|upkeep\n|\n|t:|1701091843\n|switch|p1a: Umbreon|Umbreon, F, shiny|100\/100\n|turn|6\n|\n|t:|1701091847\n|move|p2a: Palkia|Spacial Rend|p1a: Umbreon\n|-damage|p1a: Umbreon|69\/100\n|move|p1a: Umbreon|Toxic|p2a: Palkia\n|-status|p2a: Palkia|tox\n|\n|-damage|p2a: Palkia|22\/100 tox|[from] psn\n|upkeep\n|turn|7\n|\n|t:|1701091856\n|move|p2a: Palkia|Earth Power|p1a: Umbreon\n|-damage|p1a: Umbreon|47\/100\n|move|p1a: Umbreon|Thunder Wave||[still]\n|-fail|p1a: Umbreon\n|\n|-damage|p2a: Palkia|10\/100 tox|[from] psn\n|upkeep\n|turn|8\n|\n|t:|1701091870\n|move|p2a: Palkia|Flamethrower|p1a: Umbreon\n|-damage|p1a: Umbreon|27\/100\n|move|p1a: Umbreon|Thunder Wave||[still]\n|-fail|p1a: Umbreon\n|\n|-damage|p2a: Palkia|0 fnt|[from] psn\n|faint|p2a: Palkia\n|upkeep\n|\n|t:|1701091879\n|switch|p2a: Baxcalibur|Baxcalibur, M|100\/100\n|turn|9\n|\n|t:|1701091885\n|move|p2a: Baxcalibur|Scale Shot|p1a: Umbreon\n|-damage|p1a: Umbreon|15\/100\n|-damage|p1a: Umbreon|3\/100\n|-damage|p1a: Umbreon|0 fnt\n|faint|p1a: Umbreon\n|-hitcount|p1: Umbreon|3\n|-unboost|p2a: Baxcalibur|def|1\n|-boost|p2a: Baxcalibur|spe|1\n|\n|upkeep\n|\n|t:|1701091888\n|switch|p1a: Rapidash|Rapidash, M, shiny|100\/100\n|turn|10\n|\n|t:|1701091899\n|move|p2a: Baxcalibur|Earthquake|p1a: Rapidash\n|-supereffective|p1a: Rapidash\n|-damage|p1a: Rapidash|0 fnt\n|faint|p1a: Rapidash\n|\n|upkeep\n|\n|t:|1701091902\n|switch|p1a: Zoroark|Zoroark-Hisui, F, shiny|100\/100\n|turn|11\n|\n|t:|1701091908\n|move|p2a: Baxcalibur|Scale Shot|p1a: Zoroark\n|-damage|p1a: Zoroark|68\/100\n|-damage|p1a: Zoroark|35\/100\n|-damage|p1a: Zoroark|5\/100\n|-damage|p1a: Zoroark|0 fnt\n|faint|p1a: Zoroark\n|-hitcount|p1: Zoroark|4\n|\n|win|Dillweed123\n|raw|quitemarrow's rating: 1000 &rarr; <strong>1000<\/strong><br \/>(+0 for losing)\n|raw|Dillweed123's rating: 1000 &rarr; <strong>1040<\/strong><br \/>(+40 for winning)\n|l|\u2606quitemarrow\n","uploadtime":1701091923,"views":16,"p1id":"quitemarrow","p2id":"dillweed123","formatid":"gen9nationaldexubers","rating":1000,"private":0,"password":""}