{"id":"gen9nationaldexubers-1997235730","p1":"Alankazam94","p2":"Spectro Latios13","format":"[Gen 9] National Dex Ubers","log":"|j|\u2606Alankazam94\n|j|\u2606Spectro Latios13\n|t:|1700778744\n|gametype|singles\n|player|p1|Alankazam94|birdkeeper-gen4dp|1022\n|player|p2|Spectro Latios13|unknown|1085\n|teamsize|p1|6\n|teamsize|p2|6\n|gen|9\n|tier|[Gen 9] National Dex Ubers\n|rated|\n|rule|HP Percentage Mod: HP is shown in percentages\n|rule|Endless Battle Clause: Forcing endless battles is banned\n|rule|OHKO Clause: OHKO moves are banned\n|rule|Evasion Moves Clause: Evasion moves are banned\n|rule|Evasion Items Clause: Evasion items are banned\n|rule|Species Clause: Limit one of each Pok\u00e9mon\n|rule|Sleep Clause Mod: Limit one foe put to sleep\n|rule|Mega Rayquaza Clause: You cannot mega evolve Rayquaza\n|clearpoke\n|poke|p1|Mew|\n|poke|p1|Melmetal|\n|poke|p1|Darkrai|\n|poke|p1|Marshadow|\n|poke|p1|Zeraora|\n|poke|p1|Shaymin-Sky|\n|poke|p2|Galvantula, M|\n|poke|p2|Marshadow|\n|poke|p2|Smeargle, M|\n|poke|p2|Necrozma-Dusk-Mane|\n|poke|p2|Zacian-*|\n|poke|p2|Forretress, M|\n|teampreview\n|\n|t:|1700778749\n|start\n|switch|p1a: Melmetal|Melmetal|100\/100\n|switch|p2a: gohma|Galvantula, M, shiny|100\/100\n|turn|1\n|c|\u2606Spectro Latios13|glhf\n|\n|t:|1700778797\n|move|p2a: gohma|Thunder Wave|p1a: Melmetal\n|-status|p1a: Melmetal|par\n|move|p1a: Melmetal|Double Iron Bash|p2a: gohma\n|-resisted|p2a: gohma\n|-damage|p2a: gohma|65\/100\n|-resisted|p2a: gohma\n|-damage|p2a: gohma|31\/100\n|-hitcount|p2a: gohma|2\n|\n|upkeep\n|turn|2\n|\n|t:|1700778806\n|move|p2a: gohma|Sticky Web|p1a: Melmetal\n|-sidestart|p1: Alankazam94|move: Sticky Web\n|move|p1a: Melmetal|Double Iron Bash|p2a: gohma\n|-resisted|p2a: gohma\n|-damage|p2a: gohma|0 fnt\n|faint|p2a: gohma\n|-hitcount|p2: gohma|1\n|\n|upkeep\n|\n|t:|1700778814\n|switch|p2a: ancient spinner|Forretress, M|100\/100\n|turn|3\n|\n|t:|1700778821\n|move|p2a: ancient spinner|Stealth Rock|p1a: Melmetal\n|-sidestart|p1: Alankazam94|move: Stealth Rock\n|move|p1a: Melmetal|Earthquake|p2a: ancient spinner\n|-damage|p2a: ancient spinner|83\/100\n|-enditem|p2a: ancient spinner|Red Card|[of] p1a: Melmetal\n|drag|p1a: Zeraora|Zeraora|100\/100\n|\n|upkeep\n|turn|4\n|\n|t:|1700778838\n|move|p1a: Zeraora|Knock Off|p2a: ancient spinner\n|-damage|p2a: ancient spinner|71\/100\n|move|p2a: ancient spinner|Toxic Spikes|p1a: Zeraora\n|-sidestart|p1: Alankazam94|move: Toxic Spikes\n|\n|upkeep\n|turn|5\n|\n|t:|1700778855\n|move|p1a: Zeraora|Plasma Fists|p2a: ancient spinner\n|-damage|p2a: ancient spinner|47\/100\n|-fieldactivate|move: Ion Deluge\n|-hint|Normal-type moves become Electric-type after using Plasma Fists.\n|move|p2a: ancient spinner|Toxic Spikes|p1a: Zeraora\n|-sidestart|p1: Alankazam94|move: Toxic Spikes\n|\n|upkeep\n|turn|6\n|inactive|Battle timer is ON: inactive players will automatically lose when time's up. (requested by Alankazam94)\n|\n|t:|1700778868\n|move|p1a: Zeraora|Plasma Fists|p2a: ancient spinner\n|-damage|p2a: ancient spinner|21\/100\n|-fieldactivate|move: Ion Deluge\n|-hint|Normal-type moves become Electric-type after using Plasma Fists.\n|move|p2a: ancient spinner|Gyro Ball|p1a: Zeraora\n|-resisted|p1a: Zeraora\n|-damage|p1a: Zeraora|68\/100\n|\n|upkeep\n|turn|7\n|\n|t:|1700778875\n|move|p1a: Zeraora|Plasma Fists|p2a: ancient spinner\n|-damage|p2a: ancient spinner|0 fnt\n|-fieldactivate|move: Ion Deluge\n|-hint|Normal-type moves become Electric-type after using Plasma Fists.\n|faint|p2a: ancient spinner\n|\n|upkeep\n|\n|t:|1700778882\n|switch|p2a: ganondorf|Marshadow|100\/100\n|turn|8\n|\n|t:|1700778885\n|move|p1a: Zeraora|Knock Off|p2a: ganondorf\n|-crit|p2a: ganondorf\n|-damage|p2a: ganondorf|47\/100\n|-enditem|p2a: ganondorf|Focus Sash|[from] move: Knock Off|[of] p1a: Zeraora\n|move|p2a: ganondorf|Rock Tomb|p1a: Zeraora\n|-damage|p1a: Zeraora|28\/100\n|-unboost|p1a: Zeraora|spe|1\n|\n|upkeep\n|turn|9\n|\n|t:|1700778893\n|move|p2a: ganondorf|Rock Tomb|p1a: Zeraora\n|-crit|p1a: Zeraora\n|-damage|p1a: Zeraora|0 fnt\n|faint|p1a: Zeraora\n|\n|upkeep\n|\n|t:|1700778904\n|switch|p1a: Melmetal|Melmetal|100\/100 par\n|-activate|p1a: Melmetal|move: Sticky Web\n|-unboost|p1a: Melmetal|spe|1\n|-damage|p1a: Melmetal|94\/100 par|[from] Stealth Rock\n|turn|10\n|\n|t:|1700778911\n|-terastallize|p1a: Melmetal|Ghost\n|move|p2a: ganondorf|Drain Punch|p1a: Melmetal\n|-immune|p1a: Melmetal\n|move|p1a: Melmetal|Double Iron Bash|p2a: ganondorf\n|-damage|p2a: ganondorf|0 fnt\n|faint|p2a: ganondorf\n|-hitcount|p2: ganondorf|1\n|\n|upkeep\n|\n|t:|1700778916\n|switch|p2a: link|Zacian-Crowned|100\/100\n|-ability|p2a: link|Intrepid Sword|boost\n|-boost|p2a: link|atk|1\n|turn|11\n|\n|t:|1700778922\n|move|p2a: link|Swords Dance|p2a: link\n|-boost|p2a: link|atk|2\n|move|p1a: Melmetal|Earthquake|p2a: link\n|-supereffective|p2a: link\n|-damage|p2a: link|36\/100\n|\n|upkeep\n|turn|12\n|\n|t:|1700778928\n|move|p2a: link|Behemoth Blade|p1a: Melmetal\n|-damage|p1a: Melmetal|8\/100 par\n|move|p1a: Melmetal|Earthquake|p2a: link\n|-supereffective|p2a: link\n|-damage|p2a: link|0 fnt\n|faint|p2a: link\n|\n|upkeep\n|\n|t:|1700778932\n|switch|p2a: korok|Smeargle, M|100\/100\n|turn|13\n|\n|t:|1700778938\n|move|p2a: korok|Spiky Shield|p2a: korok\n|-singleturn|p2a: korok|move: Protect\n|move|p1a: Melmetal|Double Iron Bash|p2a: korok\n|-activate|p2a: korok|move: Protect\n|-damage|p1a: Melmetal|0 fnt|[from] Spiky Shield|[of] p2a: korok\n|faint|p1a: Melmetal\n|\n|-ability|p2a: korok|Moody|boost\n|-boost|p2a: korok|def|2\n|-unboost|p2a: korok|spe|1\n|upkeep\n|\n|t:|1700778955\n|switch|p1a: Marshadow|Marshadow|100\/100\n|-activate|p1a: Marshadow|move: Sticky Web\n|-unboost|p1a: Marshadow|spe|1\n|-damage|p1a: Marshadow|94\/100|[from] Stealth Rock\n|-status|p1a: Marshadow|tox\n|turn|14\n|\n|t:|1700778964\n|switch|p2a: king of red lions|Necrozma-Dusk-Mane|100\/100\n|move|p1a: Marshadow|Low Kick|p2a: king of red lions\n|-damage|p2a: king of red lions|32\/100\n|\n|-damage|p1a: Marshadow|88\/100 tox|[from] psn\n|upkeep\n|turn|15\n|\n|t:|1700778971\n|move|p1a: Marshadow|Low Kick|p2a: king of red lions\n|-damage|p2a: king of red lions|0 fnt\n|faint|p2a: king of red lions\n|\n|-damage|p1a: Marshadow|76\/100 tox|[from] psn\n|upkeep\n|\n|t:|1700778975\n|switch|p2a: korok|Smeargle, M|100\/100\n|turn|16\n|\n|t:|1700778978\n|move|p2a: korok|Substitute|p2a: korok\n|-start|p2a: korok|Substitute\n|-damage|p2a: korok|76\/100\n|move|p1a: Marshadow|Low Kick|p2a: korok\n|-supereffective|p2a: korok\n|-end|p2a: korok|Substitute\n|\n|-heal|p2a: korok|82\/100|[from] item: Leftovers\n|-damage|p1a: Marshadow|57\/100 tox|[from] psn\n|-ability|p2a: korok|Moody|boost\n|-boost|p2a: korok|spa|2\n|-unboost|p2a: korok|atk|1\n|upkeep\n|turn|17\n|\n|t:|1700778989\n|move|p2a: korok|Spiky Shield|p2a: korok\n|-singleturn|p2a: korok|move: Protect\n|move|p1a: Marshadow|Low Kick|p2a: korok\n|-activate|p2a: korok|move: Protect\n|-damage|p1a: Marshadow|44\/100 tox|[from] Spiky Shield|[of] p2a: korok\n|\n|-heal|p2a: korok|88\/100|[from] item: Leftovers\n|-damage|p1a: Marshadow|20\/100 tox|[from] psn\n|-ability|p2a: korok|Moody|boost\n|-boost|p2a: korok|spd|2\n|-unboost|p2a: korok|spa|1\n|upkeep\n|turn|18\n|inactive|Alankazam94 has 120 seconds left.\n|inactive|Alankazam94 has 90 seconds left.\n|\n|t:|1700779052\n|move|p2a: korok|Substitute|p2a: korok\n|-start|p2a: korok|Substitute\n|-damage|p2a: korok|63\/100\n|move|p1a: Marshadow|Low Kick|p2a: korok\n|-supereffective|p2a: korok\n|-end|p2a: korok|Substitute\n|\n|-heal|p2a: korok|69\/100|[from] item: Leftovers\n|-damage|p1a: Marshadow|0 fnt|[from] psn\n|faint|p1a: Marshadow\n|-ability|p2a: korok|Moody|boost\n|-boost|p2a: korok|spa|2\n|-unboost|p2a: korok|atk|1\n|upkeep\n|inactive|Alankazam94 has 90 seconds left.\n|\n|t:|1700779065\n|switch|p1a: Mew|Mew|100\/100\n|-activate|p1a: Mew|move: Sticky Web\n|-unboost|p1a: Mew|spe|1\n|-damage|p1a: Mew|88\/100|[from] Stealth Rock\n|-status|p1a: Mew|tox\n|turn|19\n|inactive|Alankazam94 has 90 seconds left.\n|\n|t:|1700779074\n|move|p2a: korok|Spiky Shield|p2a: korok\n|-singleturn|p2a: korok|move: Protect\n|move|p1a: Mew|Calm Mind|p1a: Mew\n|-boost|p1a: Mew|spa|1\n|-boost|p1a: Mew|spd|1\n|\n|-heal|p2a: korok|75\/100|[from] item: Leftovers\n|-heal|p1a: Mew|94\/100 tox|[from] item: Leftovers\n|-damage|p1a: Mew|88\/100 tox|[from] psn\n|-ability|p2a: korok|Moody|boost\n|-boost|p2a: korok|def|2\n|-unboost|p2a: korok|spa|1\n|upkeep\n|turn|20\n|inactive|Alankazam94 has 90 seconds left.\n|\n|t:|1700779085\n|move|p2a: korok|Substitute|p2a: korok\n|-start|p2a: korok|Substitute\n|-damage|p2a: korok|50\/100\n|move|p1a: Mew|Draining Kiss|p2a: korok\n|-activate|p2a: korok|move: Substitute|[damage]\n|-heal|p1a: Mew|99\/100 tox|[from] drain|[of] p2a: korok\n|\n|-heal|p2a: korok|56\/100|[from] item: Leftovers\n|-heal|p1a: Mew|100\/100 tox|[from] item: Leftovers\n|-damage|p1a: Mew|88\/100 tox|[from] psn\n|-ability|p2a: korok|Moody|boost\n|-boost|p2a: korok|spe|2\n|-unboost|p2a: korok|spd|1\n|upkeep\n|turn|21\n|inactive|Alankazam94 has 90 seconds left.\n|\n|t:|1700779117\n|move|p2a: korok|Spiky Shield|p2a: korok\n|-singleturn|p2a: korok|move: Protect\n|move|p1a: Mew|Stored Power|p2a: korok\n|-activate|p2a: korok|move: Protect\n|\n|-heal|p2a: korok|62\/100|[from] item: Leftovers\n|-heal|p1a: Mew|94\/100 tox|[from] item: Leftovers\n|-damage|p1a: Mew|76\/100 tox|[from] psn\n|-ability|p2a: korok|Moody|boost\n|-boost|p2a: korok|spd|2\n|-unboost|p2a: korok|def|1\n|upkeep\n|turn|22\n|\n|t:|1700779131\n|move|p2a: korok|Substitute|p2a: korok\n|-fail|p2a: korok|move: Substitute\n|move|p1a: Mew|Stored Power|p2a: korok\n|-crit|p2a: korok\n|-end|p2a: korok|Substitute\n|\n|-heal|p2a: korok|68\/100|[from] item: Leftovers\n|-heal|p1a: Mew|82\/100 tox|[from] item: Leftovers\n|-damage|p1a: Mew|57\/100 tox|[from] psn\n|-ability|p2a: korok|Moody|boost\n|-boost|p2a: korok|spd|2\n|-unboost|p2a: korok|def|1\n|upkeep\n|turn|23\n|inactive|Alankazam94 has 60 seconds left.\n|inactive|Alankazam94 has 30 seconds left.\n|inactive|Alankazam94 has 20 seconds left.\n|\n|t:|1700779196\n|move|p2a: korok|Spiky Shield|p2a: korok\n|-singleturn|p2a: korok|move: Protect\n|move|p1a: Mew|Draining Kiss|p2a: korok\n|-activate|p2a: korok|move: Protect\n|-damage|p1a: Mew|45\/100 tox|[from] Spiky Shield|[of] p2a: korok\n|\n|-heal|p2a: korok|74\/100|[from] item: Leftovers\n|-heal|p1a: Mew|51\/100 tox|[from] item: Leftovers\n|-damage|p1a: Mew|20\/100 tox|[from] psn\n|-ability|p2a: korok|Moody|boost\n|-boost|p2a: korok|atk|2\n|-unboost|p2a: korok|spd|1\n|upkeep\n|turn|24\n|inactive|Alankazam94 has 30 seconds left this turn.\n|inactive|Alankazam94 has 20 seconds left.\n|inactive|Alankazam94 has 15 seconds left.\n|c|\u2606Alankazam94|pude con los legendarios pero no con un smegle\n|inactive|Alankazam94 has 10 seconds left.\n|\n|t:|1700779217\n|-terastallize|p2a: korok|Dark\n|move|p2a: korok|Power Trip|p1a: Mew\n|-supereffective|p1a: Mew\n|-damage|p1a: Mew|0 fnt\n|faint|p1a: Mew\n|\n|-heal|p2a: korok|80\/100|[from] item: Leftovers\n|-ability|p2a: korok|Moody|boost\n|-boost|p2a: korok|spa|2\n|-unboost|p2a: korok|spe|1\n|upkeep\n|inactive|Alankazam94 has 15 seconds left this turn.\n|inactive|Alankazam94 has 10 seconds left.\n|inactive|Alankazam94 has 5 seconds left.\n|-message|Alankazam94 lost due to inactivity.\n|\n|win|Spectro Latios13\n|raw|Alankazam94's rating: 1022 &rarr; <strong>1011<\/strong><br \/>(-11 for losing)\n|raw|Spectro Latios13's rating: 1085 &rarr; <strong>1107<\/strong><br \/>(+22 for winning)\n|l|\u2606Alankazam94\n","uploadtime":1700779520,"views":3,"p1id":"alankazam94","p2id":"spectrolatios13","formatid":"gen9nationaldexubers","rating":1011,"private":0,"password":""}