{"id":"gen9nationaldexubers-1996894215","p1":"zomboks134","p2":"Soyeon is a cutie","format":"[Gen 9] National Dex Ubers","log":"|j|\u203dzomboks134\n|j|\u2606Soyeon is a cutie\n|t:|1700741483\n|gametype|singles\n|player|p1|zomboks134|101|1615\n|player|p2|Soyeon is a cutie|idol|1789\n|teamsize|p1|6\n|teamsize|p2|6\n|gen|9\n|tier|[Gen 9] National Dex Ubers\n|rated|\n|rule|HP Percentage Mod: HP is shown in percentages\n|rule|Endless Battle Clause: Forcing endless battles is banned\n|rule|OHKO Clause: OHKO moves are banned\n|rule|Evasion Moves Clause: Evasion moves are banned\n|rule|Evasion Items Clause: Evasion items are banned\n|rule|Species Clause: Limit one of each Pok\u00e9mon\n|rule|Sleep Clause Mod: Limit one foe put to sleep\n|rule|Mega Rayquaza Clause: You cannot mega evolve Rayquaza\n|clearpoke\n|poke|p1|Magearna|\n|poke|p1|Arceus-Dark|\n|poke|p1|Ho-Oh|\n|poke|p1|Ditto|\n|poke|p1|Garganacl, M|\n|poke|p1|Zygarde|\n|poke|p2|Ditto|\n|poke|p2|Kyogre|\n|poke|p2|Giratina-Origin|\n|poke|p2|Arceus-Dark|\n|poke|p2|Necrozma-Dusk-Mane|\n|poke|p2|Kyurem-Black|\n|teampreview\n|inactive|Battle timer is ON: inactive players will automatically lose when time's up. (requested by Soyeon is a cutie)\n|\n|t:|1700741502\n|start\n|switch|p1a: Arceus|Arceus-Dark|100\/100\n|switch|p2a: Arceus|Arceus-Dark|100\/100\n|turn|1\n|\n|t:|1700741510\n|move|p2a: Arceus|Toxic|p1a: Arceus\n|-status|p1a: Arceus|tox\n|move|p1a: Arceus|Taunt|p2a: Arceus\n|-start|p2a: Arceus|move: Taunt\n|\n|-damage|p1a: Arceus|94\/100 tox|[from] psn\n|upkeep\n|turn|2\n|\n|t:|1700741518\n|switch|p2a: Necrozma|Necrozma-Dusk-Mane|100\/100\n|move|p1a: Arceus|Toxic|p2a: Necrozma\n|-immune|p2a: Necrozma\n|\n|-damage|p1a: Arceus|82\/100 tox|[from] psn\n|upkeep\n|turn|3\n|\n|t:|1700741537\n|switch|p1a: Ho-Oh|Ho-Oh|100\/100\n|switch|p2a: Arceus|Arceus-Dark|100\/100\n|\n|upkeep\n|turn|4\n|\n|t:|1700741544\n|switch|p1a: Garganacl|Garganacl, M|100\/100\n|move|p2a: Arceus|Taunt|p1a: Garganacl\n|-start|p1a: Garganacl|move: Taunt\n|\n|upkeep\n|turn|5\n|\n|t:|1700741553\n|switch|p2a: Necrozma|Necrozma-Dusk-Mane|100\/100\n|move|p1a: Garganacl|Salt Cure|p2a: Necrozma\n|-resisted|p2a: Necrozma\n|-damage|p2a: Necrozma|95\/100\n|-start|p2a: Necrozma|Salt Cure\n|\n|-damage|p2a: Necrozma|70\/100|[from] Salt Cure\n|upkeep\n|turn|6\n|\n|t:|1700741560\n|switch|p1a: Arceus|Arceus-Dark|82\/100 tox\n|detailschange|p2a: Necrozma|Necrozma-Ultra\n|-burst|p2a: Necrozma|Necrozma|Ultranecrozium Z\n|move|p2a: Necrozma|Earth Power|p1a: Arceus\n|-damage|p1a: Arceus|57\/100 tox\n|\n|-damage|p1a: Arceus|51\/100 tox|[from] psn\n|-damage|p2a: Necrozma|58\/100|[from] Salt Cure\n|upkeep\n|turn|7\n|\n|t:|1700741566\n|move|p2a: Necrozma|Stealth Rock|p1a: Arceus\n|-sidestart|p1: zomboks134|move: Stealth Rock\n|move|p1a: Arceus|Recover|p1a: Arceus\n|-heal|p1a: Arceus|100\/100 tox\n|\n|-damage|p1a: Arceus|88\/100 tox|[from] psn\n|-damage|p2a: Necrozma|45\/100|[from] Salt Cure\n|upkeep\n|turn|8\n|\n|t:|1700741570\n|switch|p2a: Arceus|Arceus-Dark|100\/100\n|move|p1a: Arceus|Foul Play|p2a: Arceus\n|-resisted|p2a: Arceus\n|-damage|p2a: Arceus|89\/100\n|\n|-damage|p1a: Arceus|70\/100 tox|[from] psn\n|upkeep\n|turn|9\n|\n|t:|1700741577\n|move|p1a: Arceus|Toxic|p2a: Arceus\n|-status|p2a: Arceus|tox\n|move|p2a: Arceus|Taunt|p1a: Arceus\n|-start|p1a: Arceus|move: Taunt\n|\n|-damage|p1a: Arceus|46\/100 tox|[from] psn\n|-damage|p2a: Arceus|83\/100 tox|[from] psn\n|upkeep\n|turn|10\n|\n|t:|1700741582\n|switch|p2a: Kyogre|Kyogre|100\/100\n|-weather|RainDance|[from] ability: Drizzle|[of] p2a: Kyogre\n|switch|p1a: Garganacl|Garganacl, M|100\/100\n|-damage|p1a: Garganacl|88\/100|[from] Stealth Rock\n|\n|-weather|RainDance|[upkeep]\n|-heal|p1a: Garganacl|94\/100|[from] item: Leftovers\n|upkeep\n|turn|11\n|\n|t:|1700741589\n|switch|p1a: Magearna|Magearna|100\/100\n|-damage|p1a: Magearna|94\/100|[from] Stealth Rock\n|move|p2a: Kyogre|Water Spout|p1a: Magearna\n|-damage|p1a: Magearna|8\/100\n|\n|-weather|RainDance|[upkeep]\n|-heal|p1a: Magearna|15\/100|[from] item: Leftovers\n|upkeep\n|turn|12\n|\n|t:|1700741599\n|move|p2a: Kyogre|Water Spout|p1a: Magearna\n|-damage|p1a: Magearna|0 fnt\n|faint|p1a: Magearna\n|\n|-weather|RainDance|[upkeep]\n|upkeep\n|\n|t:|1700741602\n|switch|p1a: Arceus|Arceus-Dark|46\/100 tox\n|-damage|p1a: Arceus|33\/100 tox|[from] Stealth Rock\n|turn|13\n|\n|t:|1700741607\n|move|p2a: Kyogre|Water Spout|p1a: Arceus\n|-damage|p1a: Arceus|0 fnt\n|faint|p1a: Arceus\n|\n|-weather|RainDance|[upkeep]\n|upkeep\n|\n|t:|1700741614\n|switch|p1a: Ditto|Ditto|100\/100\n|-damage|p1a: Ditto|88\/100|[from] Stealth Rock\n|-transform|p1a: Ditto|p2a: Kyogre|[from] ability: Imposter\n|turn|14\n|\n|t:|1700741618\n|switch|p2a: Giratina|Giratina-Origin|100\/100\n|move|p1a: Ditto|Thunder|p2a: Giratina\n|-resisted|p2a: Giratina\n|-damage|p2a: Giratina|90\/100\n|\n|-weather|none\n|upkeep\n|turn|15\n|\n|t:|1700741628\n|switch|p1a: Ho-Oh|Ho-Oh|100\/100\n|switch|p2a: Kyogre|Kyogre|100\/100\n|-weather|RainDance|[from] ability: Drizzle|[of] p2a: Kyogre\n|\n|-weather|RainDance|[upkeep]\n|upkeep\n|turn|16\n|\n|t:|1700741636\n|move|p2a: Kyogre|Water Spout|p1a: Ho-Oh\n|-supereffective|p1a: Ho-Oh\n|-damage|p1a: Ho-Oh|0 fnt\n|faint|p1a: Ho-Oh\n|\n|-weather|RainDance|[upkeep]\n|upkeep\n|-message|zomboks134 forfeited.\n|\n|win|Soyeon is a cutie\n|raw|zomboks134's rating: 1615 &rarr; <strong>1604<\/strong><br \/>(-11 for losing)\n|raw|Soyeon is a cutie's rating: 1789 &rarr; <strong>1800<\/strong><br \/>(+11 for winning)\n|l|\u203dzomboks134\n","uploadtime":1700741647,"views":0,"p1id":"zomboks134","p2id":"soyeonisacutie","formatid":"gen9nationaldexubers","rating":1604,"private":0,"password":""}