{"id":"gen9nationaldexubers-1983180567","p1":"Rhyfinn jr.","p2":"Stmoon95","format":"[Gen 9] National Dex Ubers","log":"|j|\u2606Rhyfinn jr.\n|j|\u2606Stmoon95\n|t:|1699101449\n|gametype|singles\n|player|p1|Rhyfinn jr.|ninjaboy|1171\n|player|p2|Stmoon95|169|1216\n|teamsize|p1|6\n|teamsize|p2|6\n|gen|9\n|tier|[Gen 9] National Dex Ubers\n|rated|\n|rule|HP Percentage Mod: HP is shown in percentages\n|rule|Endless Battle Clause: Forcing endless battles is banned\n|rule|OHKO Clause: OHKO moves are banned\n|rule|Evasion Moves Clause: Evasion moves are banned\n|rule|Evasion Items Clause: Evasion items are banned\n|rule|Species Clause: Limit one of each Pok\u00e9mon\n|rule|Sleep Clause Mod: Limit one foe put to sleep\n|rule|Mega Rayquaza Clause: You cannot mega evolve Rayquaza\n|clearpoke\n|poke|p1|Salamence, F|\n|poke|p1|Xerneas-*|\n|poke|p1|Ho-Oh|\n|poke|p1|Marshadow|\n|poke|p1|Groudon|\n|poke|p1|Urshifu-*, M|\n|poke|p2|Perrserker, M|\n|poke|p2|Araquanid, M|\n|poke|p2|Whimsicott, M|\n|poke|p2|Gyarados, F|\n|poke|p2|Medicham, M|\n|poke|p2|Rhyperior, F|\n|teampreview\n|inactive|Battle timer is ON: inactive players will automatically lose when time's up. (requested by Rhyfinn jr.)\n|\n|t:|1699101457\n|start\n|switch|p1a: Groudon|Groudon|100\/100\n|switch|p2a: Perrserker|Perrserker, M|100\/100\n|detailschange|p1a: Groudon|Groudon-Primal\n|-primal|p1a: Groudon|Red Orb\n|-weather|DesolateLand|[from] ability: Desolate Land|[of] p1a: Groudon\n|turn|1\n|\n|t:|1699101467\n|switch|p2a: Whimsicott|Whimsicott, M|100\/100\n|move|p1a: Groudon|Rock Polish|p1a: Groudon\n|-boost|p1a: Groudon|spe|2\n|\n|-weather|DesolateLand|[upkeep]\n|upkeep\n|turn|2\n|\n|t:|1699101474\n|move|p2a: Whimsicott|Leech Seed|p1a: Groudon\n|-start|p1a: Groudon|move: Leech Seed\n|move|p1a: Groudon|Flamethrower|p2a: Whimsicott\n|-supereffective|p2a: Whimsicott\n|-enditem|p2a: Whimsicott|Focus Sash\n|-damage|p2a: Whimsicott|1\/100\n|\n|-weather|DesolateLand|[upkeep]\n|-damage|p1a: Groudon|88\/100|[from] Leech Seed|[of] p2a: Whimsicott\n|-heal|p2a: Whimsicott|14\/100|[silent]\n|upkeep\n|turn|3\n|\n|t:|1699101478\n|move|p2a: Whimsicott|Memento|p1a: Groudon\n|-unboost|p1a: Groudon|atk|2\n|-unboost|p1a: Groudon|spa|2\n|faint|p2a: Whimsicott\n|move|p1a: Groudon|Flamethrower|p2: Whimsicott|[notarget]\n|-fail|p1a: Groudon\n|\n|-weather|DesolateLand|[upkeep]\n|upkeep\n|\n|t:|1699101483\n|switch|p2a: Rhyperior|Rhyperior, F|100\/100\n|turn|4\n|\n|t:|1699101487\n|-weather|none\n|switch|p1a: Urshifu|Urshifu, M|100\/100\n|move|p2a: Rhyperior|Rock Polish|p2a: Rhyperior\n|-boost|p2a: Rhyperior|spe|2\n|\n|upkeep\n|turn|5\n|\n|t:|1699101496\n|move|p1a: Urshifu|Close Combat|p2a: Rhyperior\n|-supereffective|p2a: Rhyperior\n|-damage|p2a: Rhyperior|14\/100\n|-unboost|p1a: Urshifu|def|1\n|-unboost|p1a: Urshifu|spd|1\n|move|p2a: Rhyperior|Earthquake|p1a: Urshifu\n|-damage|p1a: Urshifu|2\/100\n|-damage|p2a: Rhyperior|4\/100|[from] item: Life Orb\n|\n|upkeep\n|turn|6\n|\n|t:|1699101507\n|move|p1a: Urshifu|Close Combat|p2a: Rhyperior\n|-supereffective|p2a: Rhyperior\n|-damage|p2a: Rhyperior|0 fnt\n|-unboost|p1a: Urshifu|def|1\n|-unboost|p1a: Urshifu|spd|1\n|faint|p2a: Rhyperior\n|\n|upkeep\n|\n|t:|1699101509\n|switch|p2a: Medicham|Medicham, M|100\/100\n|turn|7\n|\n|t:|1699101516\n|switch|p1a: Marshadow|Marshadow|100\/100\n|move|p2a: Medicham|Bullet Punch|p1a: Marshadow\n|-damage|p1a: Marshadow|75\/100\n|\n|upkeep\n|turn|8\n|\n|t:|1699101527\n|switch|p2a: Gyarados|Gyarados, F|100\/100\n|-ability|p2a: Gyarados|Intimidate|boost\n|-unboost|p1a: Marshadow|atk|1\n|move|p1a: Marshadow|Spectral Thief|p2a: Gyarados\n|-damage|p2a: Gyarados|63\/100\n|\n|upkeep\n|turn|9\n|\n|t:|1699101536\n|switch|p1a: Groudon|Groudon-Primal|88\/100\n|-weather|DesolateLand|[from] ability: Desolate Land|[of] p1a: Groudon\n|detailschange|p2a: Gyarados|Gyarados-Mega, F\n|-mega|p2a: Gyarados|Gyarados|Gyaradosite\n|-ability|p2a: Gyarados|Mold Breaker\n|move|p2a: Gyarados|Dragon Dance|p2a: Gyarados\n|-boost|p2a: Gyarados|atk|1\n|-boost|p2a: Gyarados|spe|1\n|\n|-weather|DesolateLand|[upkeep]\n|upkeep\n|turn|10\n|\n|t:|1699101543\n|move|p2a: Gyarados|Crunch|p1a: Groudon\n|-damage|p1a: Groudon|40\/100\n|move|p1a: Groudon|Solar Beam||[still]\n|-prepare|p1a: Groudon|Solar Beam\n|-anim|p1a: Groudon|Solar Beam|p2a: Gyarados\n|-supereffective|p2a: Gyarados\n|-damage|p2a: Gyarados|0 fnt\n|faint|p2a: Gyarados\n|\n|-weather|DesolateLand|[upkeep]\n|upkeep\n|\n|t:|1699101548\n|switch|p2a: Medicham|Medicham, M|100\/100\n|turn|11\n|\n|t:|1699101552\n|move|p2a: Medicham|Close Combat|p1a: Groudon\n|-damage|p1a: Groudon|0 fnt\n|-unboost|p2a: Medicham|def|1\n|-unboost|p2a: Medicham|spd|1\n|faint|p1a: Groudon\n|-weather|none\n|\n|upkeep\n|\n|t:|1699101562\n|switch|p1a: Xerneas|Xerneas|100\/100\n|-ability|p1a: Xerneas|Fairy Aura\n|turn|12\n|\n|t:|1699101565\n|switch|p2a: Araquanid|Araquanid, M|100\/100\n|-terastallize|p1a: Xerneas|Fire\n|move|p1a: Xerneas|Geomancy||[still]\n|-prepare|p1a: Xerneas|Geomancy\n|-enditem|p1a: Xerneas|Power Herb\n|-anim|p1a: Xerneas|Geomancy|p1a: Xerneas\n|-boost|p1a: Xerneas|spa|2\n|-boost|p1a: Xerneas|spd|2\n|-boost|p1a: Xerneas|spe|2\n|\n|upkeep\n|turn|13\n|\n|t:|1699101572\n|move|p1a: Xerneas|Moonblast|p2a: Araquanid\n|-damage|p2a: Araquanid|0 fnt\n|faint|p2a: Araquanid\n|\n|upkeep\n|\n|t:|1699101577\n|switch|p2a: Medicham|Medicham, M|100\/100\n|turn|14\n|\n|t:|1699101579\n|move|p1a: Xerneas|Moonblast|p2a: Medicham\n|-supereffective|p2a: Medicham\n|-damage|p2a: Medicham|0 fnt\n|faint|p2a: Medicham\n|\n|upkeep\n|\n|t:|1699101582\n|switch|p2a: Perrserker|Perrserker, M|100\/100\n|turn|15\n|\n|t:|1699101585\n|move|p1a: Xerneas|Hidden Power|p2a: Perrserker\n|-supereffective|p2a: Perrserker\n|-damage|p2a: Perrserker|0 fnt\n|faint|p2a: Perrserker\n|\n|win|Rhyfinn jr.\n|raw|Rhyfinn jr.'s rating: 1171 &rarr; <strong>1199<\/strong><br \/>(+28 for winning)\n|raw|Stmoon95's rating: 1216 &rarr; <strong>1188<\/strong><br \/>(-28 for losing)\n|l|\u2606Stmoon95\n","uploadtime":1699101592,"views":7,"p1id":"rhyfinnjr","p2id":"stmoon95","formatid":"gen9nationaldexubers","rating":1188,"private":0,"password":""}