{"id":"gen9nationaldexubers-1984617919","p1":"AerixThorn","p2":"Le_Fiishe","format":"[Gen 9] National Dex Ubers","log":"|j|\u2606AerixThorn\n|j|\u2606Le_Fiishe\n|t:|1699285053\n|gametype|singles\n|player|p1|AerixThorn|pryce|1108\n|player|p2|Le_Fiishe|hilbert|1095\n|teamsize|p1|6\n|teamsize|p2|6\n|gen|9\n|tier|[Gen 9] National Dex Ubers\n|rated|\n|rule|HP Percentage Mod: HP is shown in percentages\n|rule|Endless Battle Clause: Forcing endless battles is banned\n|rule|OHKO Clause: OHKO moves are banned\n|rule|Evasion Moves Clause: Evasion moves are banned\n|rule|Evasion Items Clause: Evasion items are banned\n|rule|Species Clause: Limit one of each Pok\u00e9mon\n|rule|Sleep Clause Mod: Limit one foe put to sleep\n|rule|Mega Rayquaza Clause: You cannot mega evolve Rayquaza\n|clearpoke\n|poke|p1|Aurorus, F|\n|poke|p1|Maushold|\n|poke|p1|Forretress, M|\n|poke|p1|Magearna|\n|poke|p1|Galvantula, M|\n|poke|p1|Darmanitan-Galar, F|\n|poke|p2|Diancie|\n|poke|p2|Scolipede, M|\n|poke|p2|Boltund, M|\n|poke|p2|Flygon, F|\n|poke|p2|Galvantula, M|\n|poke|p2|Mew|\n|teampreview\n|inactive|Battle timer is ON: inactive players will automatically lose when time's up. (requested by AerixThorn)\n|\n|t:|1699285063\n|start\n|switch|p1a: Galvantula|Galvantula, M|100\/100\n|switch|p2a: Galvantula|Galvantula, M, shiny|100\/100\n|-ability|p2a: Galvantula|Unnerve\n|turn|1\n|\n|t:|1699285070\n|move|p1a: Galvantula|Toxic|p2a: Galvantula\n|-status|p2a: Galvantula|tox\n|move|p2a: Galvantula|Sticky Web|p1a: Galvantula\n|-sidestart|p1: AerixThorn|move: Sticky Web\n|\n|-damage|p2a: Galvantula|94\/100 tox|[from] psn\n|upkeep\n|turn|2\n|\n|t:|1699285081\n|switch|p2a: Diancie|Diancie, shiny|100\/100\n|move|p1a: Galvantula|Sticky Web|p2a: Diancie\n|-sidestart|p2: Le_Fiishe|move: Sticky Web\n|\n|upkeep\n|turn|3\n|\n|t:|1699285091\n|detailschange|p2a: Diancie|Diancie-Mega, shiny\n|-mega|p2a: Diancie|Diancie|Diancite\n|move|p2a: Diancie|Heal Bell|p2a: Diancie\n|-activate|p2a: Diancie|move: Heal Bell\n|-curestatus|p2: Galvantula|tox|[msg]\n|move|p1a: Galvantula|Thunder|p2a: Diancie\n|-damage|p2a: Diancie|65\/100\n|\n|upkeep\n|turn|4\n|\n|t:|1699285100\n|move|p2a: Diancie|Stealth Rock|p1a: Galvantula\n|-sidestart|p1: AerixThorn|move: Stealth Rock\n|move|p1a: Galvantula|Thunder|p2a: Diancie\n|-damage|p2a: Diancie|24\/100\n|\n|upkeep\n|turn|5\n|\n|t:|1699285108\n|move|p2a: Diancie|Spikes|p1a: Galvantula\n|-sidestart|p1: AerixThorn|Spikes\n|move|p1a: Galvantula|Thunder|p2a: Diancie\n|-damage|p2a: Diancie|0 fnt\n|faint|p2a: Diancie\n|\n|upkeep\n|\n|t:|1699285117\n|switch|p2a: Scolipede|Scolipede, M, shiny|100\/100\n|-activate|p2a: Scolipede|move: Sticky Web\n|-unboost|p2a: Scolipede|spe|1\n|turn|6\n|\n|t:|1699285125\n|move|p2a: Scolipede|Protect|p2a: Scolipede\n|-singleturn|p2a: Scolipede|Protect\n|move|p1a: Galvantula|Thunder Wave|p2a: Scolipede\n|-activate|p2a: Scolipede|move: Protect\n|\n|-ability|p2a: Scolipede|Speed Boost|boost\n|-boost|p2a: Scolipede|spe|1\n|upkeep\n|turn|7\n|\n|t:|1699285131\n|move|p2a: Scolipede|Toxic Spikes|p1a: Galvantula\n|-sidestart|p1: AerixThorn|move: Toxic Spikes\n|move|p1a: Galvantula|Thunder Wave|p2a: Scolipede\n|-status|p2a: Scolipede|par\n|\n|-ability|p2a: Scolipede|Speed Boost|boost\n|-boost|p2a: Scolipede|spe|1\n|upkeep\n|turn|8\n|\n|t:|1699285143\n|move|p1a: Galvantula|Thunder|p2a: Scolipede\n|-damage|p2a: Scolipede|46\/100 par\n|move|p2a: Scolipede|Spikes|p1a: Galvantula\n|-sidestart|p1: AerixThorn|Spikes\n|\n|-ability|p2a: Scolipede|Speed Boost|boost\n|-boost|p2a: Scolipede|spe|1\n|upkeep\n|turn|9\n|\n|t:|1699285152\n|move|p2a: Scolipede|Toxic Spikes|p1a: Galvantula\n|-sidestart|p1: AerixThorn|move: Toxic Spikes\n|move|p1a: Galvantula|Thunder|p2a: Scolipede\n|-damage|p2a: Scolipede|0 fnt\n|faint|p2a: Scolipede\n|\n|upkeep\n|\n|t:|1699285169\n|switch|p2a: Boltund|Boltund, M|100\/100\n|-item|p2a: Boltund|Air Balloon\n|turn|10\n|\n|t:|1699285173\n|move|p2a: Boltund|Agility|p2a: Boltund\n|-boost|p2a: Boltund|spe|2\n|move|p1a: Galvantula|Toxic|p2a: Boltund\n|-status|p2a: Boltund|tox\n|\n|-damage|p2a: Boltund|95\/100 tox|[from] psn\n|upkeep\n|turn|11\n|\n|t:|1699285181\n|move|p1a: Galvantula|Thunder|p2a: Boltund\n|-resisted|p2a: Boltund\n|-damage|p2a: Boltund|67\/100 tox\n|-enditem|p2a: Boltund|Air Balloon\n|move|p2a: Boltund|Roar|p1a: Galvantula\n|drag|p1a: Maushold|Maushold|100\/100\n|-activate|p1a: Maushold|move: Sticky Web\n|-unboost|p1a: Maushold|spe|1\n|-damage|p1a: Maushold|88\/100|[from] Stealth Rock\n|-damage|p1a: Maushold|71\/100|[from] Spikes\n|-status|p1a: Maushold|tox\n|\n|-damage|p2a: Boltund|55\/100 tox|[from] psn\n|-damage|p1a: Maushold|65\/100 tox|[from] psn\n|upkeep\n|turn|12\n|\n|t:|1699285196\n|move|p1a: Maushold|Population Bomb|p2a: Boltund\n|-damage|p2a: Boltund|37\/100 tox\n|-damage|p2a: Boltund|18\/100 tox\n|-damage|p2a: Boltund|2\/100 tox\n|-damage|p2a: Boltund|0 fnt\n|faint|p2a: Boltund\n|-hitcount|p2: Boltund|4\n|\n|-damage|p1a: Maushold|53\/100 tox|[from] psn\n|upkeep\n|\n|t:|1699285206\n|switch|p2a: Mew|Mew, shiny|100\/100\n|turn|13\n|\n|t:|1699285214\n|move|p2a: Mew|Agility|p2a: Mew\n|-boost|p2a: Mew|spe|2\n|move|p1a: Maushold|Thunder Wave||[still]\n|-status|p2a: Mew|par\n|-activate|p2a: Mew|ability: Synchronize\n|-fail|p2a: Mew\n|\n|-damage|p1a: Maushold|34\/100 tox|[from] psn\n|upkeep\n|turn|14\n|\n|t:|1699285225\n|move|p1a: Maushold|Population Bomb|p2a: Mew\n|-damage|p2a: Mew|90\/100 par\n|-damage|p2a: Mew|81\/100 par\n|-crit|p2a: Mew\n|-damage|p2a: Mew|66\/100 par\n|-damage|p2a: Mew|57\/100 par\n|-damage|p2a: Mew|47\/100 par\n|-damage|p2a: Mew|37\/100 par\n|-damage|p2a: Mew|27\/100 par\n|-damage|p2a: Mew|17\/100 par\n|-damage|p2a: Mew|7\/100 par\n|-damage|p2a: Mew|0 fnt\n|faint|p2a: Mew\n|-hitcount|p2: Mew|10\n|\n|-damage|p1a: Maushold|9\/100 tox|[from] psn\n|upkeep\n|c|\u2606Le_Fiishe|what is that move\n|\n|t:|1699285243\n|switch|p2a: Galvantula|Galvantula, M, shiny|94\/100\n|-ability|p2a: Galvantula|Unnerve\n|-activate|p2a: Galvantula|move: Sticky Web\n|-unboost|p2a: Galvantula|spe|1\n|turn|15\n|\n|t:|1699285249\n|move|p2a: Galvantula|Protect|p2a: Galvantula\n|-singleturn|p2a: Galvantula|Protect\n|move|p1a: Maushold|Population Bomb|p2a: Galvantula\n|-activate|p2a: Galvantula|move: Protect\n|\n|-damage|p1a: Maushold|0 fnt|[from] psn\n|faint|p1a: Maushold\n|upkeep\n|\n|t:|1699285253\n|switch|p1a: Forretress|Forretress, M|100\/100\n|-activate|p1a: Forretress|move: Sticky Web\n|-unboost|p1a: Forretress|spe|1\n|-damage|p1a: Forretress|88\/100|[from] Stealth Rock\n|-damage|p1a: Forretress|71\/100|[from] Spikes\n|turn|16\n|\n|t:|1699285264\n|move|p2a: Galvantula|Thunder Wave|p1a: Forretress\n|-status|p1a: Forretress|par\n|move|p1a: Forretress|Rapid Spin|p2a: Galvantula\n|-damage|p2a: Galvantula|81\/100\n|-boost|p1a: Forretress|spe|1\n|-sideend|p1: AerixThorn|Spikes|[from] move: Rapid Spin|[of] p1a: Forretress\n|-sideend|p1: AerixThorn|Toxic Spikes|[from] move: Rapid Spin|[of] p1a: Forretress\n|-sideend|p1: AerixThorn|Stealth Rock|[from] move: Rapid Spin|[of] p1a: Forretress\n|-sideend|p1: AerixThorn|Sticky Web|[from] move: Rapid Spin|[of] p1a: Forretress\n|\n|upkeep\n|turn|17\n|-message|Le_Fiishe forfeited.\n|\n|win|AerixThorn\n|raw|AerixThorn's rating: 1108 &rarr; <strong>1132<\/strong><br \/>(+24 for winning)\n|raw|Le_Fiishe's rating: 1095 &rarr; <strong>1072<\/strong><br \/>(-23 for losing)\n|l|\u2606Le_Fiishe\n","uploadtime":1699285286,"views":4,"p1id":"aerixthorn","p2id":"lefiishe","formatid":"gen9nationaldexubers","rating":1072,"private":0,"password":""}