{"id":"gen9nationaldexubers-1999610146","p1":"opopikoss","p2":"AquaticPokemon","format":"[Gen 9] National Dex Ubers","log":"|j|\u2606opopikoss\n|j|\u2606AquaticPokemon\n|t:|1701100945\n|gametype|singles\n|player|p1|opopikoss|lucas|1301\n|player|p2|AquaticPokemon|gambler|1307\n|teamsize|p1|6\n|teamsize|p2|6\n|gen|9\n|tier|[Gen 9] National Dex Ubers\n|rated|\n|rule|HP Percentage Mod: HP is shown in percentages\n|rule|Endless Battle Clause: Forcing endless battles is banned\n|rule|OHKO Clause: OHKO moves are banned\n|rule|Evasion Moves Clause: Evasion moves are banned\n|rule|Evasion Items Clause: Evasion items are banned\n|rule|Species Clause: Limit one of each Pok\u00e9mon\n|rule|Sleep Clause Mod: Limit one foe put to sleep\n|rule|Mega Rayquaza Clause: You cannot mega evolve Rayquaza\n|clearpoke\n|poke|p1|Tornadus-Therian, M|\n|poke|p1|Great Tusk|\n|poke|p1|Chien-Pao|\n|poke|p1|Magearna|\n|poke|p1|Skeledirge, F|\n|poke|p1|Scizor, M|\n|poke|p2|Zygarde|\n|poke|p2|Blastoise, M|\n|poke|p2|Marshadow|\n|poke|p2|Ferrothorn, F|\n|poke|p2|Kyogre|\n|poke|p2|Genesect-Douse|\n|teampreview\n|\n|t:|1701100979\n|start\n|switch|p1a: Great Tusk|Great Tusk|100\/100\n|switch|p2a: Blastoise|Blastoise, M|100\/100\n|-enditem|p1a: Great Tusk|Booster Energy\n|-activate|p1a: Great Tusk|ability: Protosynthesis|[fromitem]\n|-start|p1a: Great Tusk|protosynthesisatk\n|turn|1\n|\n|t:|1701100998\n|detailschange|p2a: Blastoise|Blastoise-Mega, M\n|-mega|p2a: Blastoise|Blastoise|Blastoisinite\n|move|p1a: Great Tusk|Stealth Rock|p2a: Blastoise\n|-sidestart|p2: AquaticPokemon|move: Stealth Rock\n|move|p2a: Blastoise|Shell Smash|p2a: Blastoise\n|-unboost|p2a: Blastoise|def|1\n|-unboost|p2a: Blastoise|spd|1\n|-boost|p2a: Blastoise|atk|2\n|-boost|p2a: Blastoise|spa|2\n|-boost|p2a: Blastoise|spe|2\n|\n|upkeep\n|turn|2\n|\n|t:|1701101009\n|move|p2a: Blastoise|Water Pulse|p1a: Great Tusk\n|-supereffective|p1a: Great Tusk\n|-damage|p1a: Great Tusk|0 fnt\n|faint|p1a: Great Tusk\n|-end|p1a: Great Tusk|Protosynthesis|[silent]\n|\n|upkeep\n|\n|t:|1701101025\n|switch|p1a: Magearna|Magearna|100\/100\n|turn|3\n|\n|t:|1701101041\n|move|p2a: Blastoise|Aura Sphere|p1a: Magearna\n|-damage|p1a: Magearna|22\/100\n|move|p1a: Magearna|Shift Gear|p1a: Magearna\n|-boost|p1a: Magearna|spe|2\n|-boost|p1a: Magearna|atk|1\n|\n|-heal|p1a: Magearna|28\/100|[from] item: Leftovers\n|upkeep\n|turn|4\n|\n|t:|1701101047\n|move|p2a: Blastoise|Aura Sphere|p1a: Magearna\n|-damage|p1a: Magearna|0 fnt\n|faint|p1a: Magearna\n|\n|upkeep\n|\n|t:|1701101054\n|switch|p1a: Skeledirge|Skeledirge, F|100\/100\n|turn|5\n|\n|t:|1701101060\n|-terastallize|p1a: Skeledirge|Fairy\n|move|p2a: Blastoise|Water Pulse|p1a: Skeledirge\n|-damage|p1a: Skeledirge|45\/100\n|move|p1a: Skeledirge|Will-O-Wisp|p2a: Blastoise\n|-status|p2a: Blastoise|brn\n|\n|-damage|p2a: Blastoise|94\/100 brn|[from] brn\n|upkeep\n|turn|6\n|\n|t:|1701101070\n|move|p2a: Blastoise|Water Pulse|p1a: Skeledirge\n|-damage|p1a: Skeledirge|0 fnt\n|faint|p1a: Skeledirge\n|\n|-damage|p2a: Blastoise|88\/100 brn|[from] brn\n|upkeep\n|\n|t:|1701101075\n|switch|p1a: Scizor|Scizor, M|100\/100\n|turn|7\n|\n|t:|1701101080\n|detailschange|p1a: Scizor|Scizor-Mega, M\n|-mega|p1a: Scizor|Scizor|Scizorite\n|move|p2a: Blastoise|Aura Sphere|p1a: Scizor\n|-damage|p1a: Scizor|5\/100\n|move|p1a: Scizor|Swords Dance|p1a: Scizor\n|-boost|p1a: Scizor|atk|2\n|\n|-damage|p2a: Blastoise|82\/100 brn|[from] brn\n|upkeep\n|turn|8\n|\n|t:|1701101086\n|move|p1a: Scizor|Bullet Punch|p2a: Blastoise\n|-resisted|p2a: Blastoise\n|-damage|p2a: Blastoise|36\/100 brn\n|move|p2a: Blastoise|Water Pulse|p1a: Scizor\n|-damage|p1a: Scizor|0 fnt\n|faint|p1a: Scizor\n|\n|-damage|p2a: Blastoise|30\/100 brn|[from] brn\n|upkeep\n|\n|t:|1701101092\n|switch|p1a: ENDORSES BAPE|Tornadus-Therian, M, shiny|100\/100\n|turn|9\n|\n|t:|1701101104\n|move|p2a: Blastoise|Water Pulse|p1a: ENDORSES BAPE\n|-damage|p1a: ENDORSES BAPE|0 fnt\n|faint|p1a: ENDORSES BAPE\n|\n|-damage|p2a: Blastoise|24\/100 brn|[from] brn\n|upkeep\n|\n|t:|1701101108\n|switch|p1a: Chien-Pao|Chien-Pao|100\/100\n|-ability|p1a: Chien-Pao|Sword of Ruin\n|turn|10\n|c|\u2606opopikoss|ggs\n|\n|t:|1701101113\n|move|p2a: Blastoise|Water Pulse|p1a: Chien-Pao\n|-damage|p1a: Chien-Pao|0 fnt\n|faint|p1a: Chien-Pao\n|\n|win|AquaticPokemon\n|raw|opopikoss's rating: 1301 &rarr; <strong>1281<\/strong><br \/>(-20 for losing)\n|raw|AquaticPokemon's rating: 1307 &rarr; <strong>1327<\/strong><br \/>(+20 for winning)\n","uploadtime":1701101116,"views":1,"p1id":"opopikoss","p2id":"aquaticpokemon","formatid":"gen9nationaldexubers","rating":1281,"private":0,"password":""}