{"id":"gen9nationaldexubers-1993755501","p1":"Tyler626","p2":"Araghan","format":"[Gen 9] National Dex Ubers","log":"|j|\u2606Tyler626\n|j|\u2606Araghan\n|t:|1700353431\n|gametype|singles\n|player|p1|Tyler626|1|1217\n|player|p2|Araghan|colress|1024\n|teamsize|p1|6\n|teamsize|p2|6\n|gen|9\n|tier|[Gen 9] National Dex Ubers\n|rated|\n|rule|HP Percentage Mod: HP is shown in percentages\n|rule|Endless Battle Clause: Forcing endless battles is banned\n|rule|OHKO Clause: OHKO moves are banned\n|rule|Evasion Moves Clause: Evasion moves are banned\n|rule|Evasion Items Clause: Evasion items are banned\n|rule|Species Clause: Limit one of each Pok\u00e9mon\n|rule|Sleep Clause Mod: Limit one foe put to sleep\n|rule|Mega Rayquaza Clause: You cannot mega evolve Rayquaza\n|clearpoke\n|poke|p1|Arceus|\n|poke|p1|Regieleki|\n|poke|p1|Alakazam, M|\n|poke|p1|Kyogre|\n|poke|p1|Flutter Mane|\n|poke|p1|Roaring Moon|\n|poke|p2|Goodra-Hisui, F|\n|poke|p2|Gyarados, F|\n|poke|p2|Gliscor, M|\n|poke|p2|Volcarona, F|\n|poke|p2|Metagross|\n|poke|p2|Spiritomb, M|\n|teampreview\n|c|\u2606Tyler626|glhf:))\n|\n|t:|1700353443\n|start\n|switch|p1a: Kyogre|Kyogre, shiny|100\/100\n|switch|p2a: Blob|Spiritomb, M, shiny|100\/100\n|-ability|p2a: Blob|Pressure\n|detailschange|p1a: Kyogre|Kyogre-Primal, shiny\n|-primal|p1a: Kyogre|Blue Orb\n|-weather|PrimordialSea|[from] ability: Primordial Sea|[of] p1a: Kyogre\n|turn|1\n|inactive|Battle timer is ON: inactive players will automatically lose when time's up. (requested by Tyler626)\n|\n|t:|1700353455\n|move|p1a: Kyogre|Origin Pulse|p2a: Blob\n|-damage|p2a: Blob|0 fnt\n|faint|p2a: Blob\n|\n|-weather|PrimordialSea|[upkeep]\n|upkeep\n|\n|t:|1700353474\n|switch|p2a: Lumina Sun|Volcarona, F, shiny|100\/100\n|turn|2\n|\n|t:|1700353480\n|-terastallize|p2a: Lumina Sun|Water\n|move|p2a: Lumina Sun|Giga Drain|p1a: Kyogre\n|-supereffective|p1a: Kyogre\n|-damage|p1a: Kyogre|70\/100\n|move|p1a: Kyogre|Origin Pulse|p2a: Lumina Sun\n|-resisted|p2a: Lumina Sun\n|-damage|p2a: Lumina Sun|33\/100\n|\n|-weather|PrimordialSea|[upkeep]\n|upkeep\n|turn|3\n|\n|t:|1700353488\n|move|p2a: Lumina Sun|Giga Drain|p1a: Kyogre\n|-supereffective|p1a: Kyogre\n|-damage|p1a: Kyogre|37\/100\n|-heal|p2a: Lumina Sun|55\/100|[from] drain|[of] p1a: Kyogre\n|move|p1a: Kyogre|Origin Pulse|p2a: Lumina Sun\n|-resisted|p2a: Lumina Sun\n|-damage|p2a: Lumina Sun|0 fnt\n|faint|p2a: Lumina Sun\n|\n|-weather|PrimordialSea|[upkeep]\n|upkeep\n|c|\u2606Tyler626|wow\n|\n|t:|1700353497\n|switch|p2a: Glint|Gliscor, M|100\/100\n|turn|4\n|c|\u2606Tyler626|that completely destroyed you\n|\n|t:|1700353505\n|move|p2a: Glint|Psychic Fangs|p1a: Kyogre\n|-damage|p1a: Kyogre|14\/100\n|move|p1a: Kyogre|Ice Beam|p2a: Glint\n|-supereffective|p2a: Glint\n|-damage|p2a: Glint|0 fnt\n|faint|p2a: Glint\n|\n|-weather|PrimordialSea|[upkeep]\n|upkeep\n|\n|t:|1700353514\n|switch|p2a: Steven|Metagross, shiny|100\/100\n|turn|5\n|\n|t:|1700353518\n|detailschange|p2a: Steven|Metagross-Mega, shiny\n|-mega|p2a: Steven|Metagross|Metagrossite\n|move|p2a: Steven|Thunder Punch|p1a: Kyogre\n|-supereffective|p1a: Kyogre\n|-damage|p1a: Kyogre|0 fnt\n|faint|p1a: Kyogre\n|-weather|none\n|\n|upkeep\n|\n|t:|1700353525\n|switch|p1a: Flutter Mane|Flutter Mane, shiny|100\/100\n|turn|6\n|\n|t:|1700353530\n|move|p2a: Steven|Bullet Punch|p1a: Flutter Mane\n|-supereffective|p1a: Flutter Mane\n|-damage|p1a: Flutter Mane|0 fnt\n|faint|p1a: Flutter Mane\n|-end|p1a: Flutter Mane|Protosynthesis|[silent]\n|\n|upkeep\n|\n|t:|1700353538\n|switch|p1a: Arceus|Arceus, shiny|100\/100\n|turn|7\n|\n|t:|1700353543\n|move|p2a: Steven|Body Press|p1a: Arceus\n|-supereffective|p1a: Arceus\n|-damage|p1a: Arceus|55\/100\n|move|p1a: Arceus|Substitute|p1a: Arceus\n|-start|p1a: Arceus|Substitute\n|-damage|p1a: Arceus|30\/100\n|\n|-heal|p1a: Arceus|36\/100|[from] item: Leftovers\n|upkeep\n|turn|8\n|\n|t:|1700353557\n|move|p2a: Steven|Body Press|p1a: Arceus\n|-supereffective|p1a: Arceus\n|-end|p1a: Arceus|Substitute\n|move|p1a: Arceus|Swords Dance|p1a: Arceus\n|-boost|p1a: Arceus|atk|2\n|\n|-heal|p1a: Arceus|42\/100|[from] item: Leftovers\n|upkeep\n|turn|9\n|\n|t:|1700353566\n|-terastallize|p1a: Arceus|Normal\n|move|p1a: Arceus|Extreme Speed|p2a: Steven\n|-resisted|p2a: Steven\n|-damage|p2a: Steven|53\/100\n|move|p2a: Steven|Body Press|p1a: Arceus\n|-supereffective|p1a: Arceus\n|-damage|p1a: Arceus|0 fnt\n|faint|p1a: Arceus\n|\n|upkeep\n|\n|t:|1700353574\n|switch|p1a: Alakazam|Alakazam, M, shiny|100\/100\n|turn|10\n|c|\u2606Tyler626|ok then..\n|\n|t:|1700353585\n|switch|p2a: Misty|Gyarados, F, shiny|100\/100\n|-ability|p2a: Misty|Intimidate|boost\n|-unboost|p1a: Alakazam|atk|1\n|detailschange|p1a: Alakazam|Alakazam-Mega, M, shiny\n|-mega|p1a: Alakazam|Alakazam|Alakazite\n|-ability|p1a: Alakazam|Intimidate|boost\n|-unboost|p2a: Misty|atk|1\n|-ability|p1a: Alakazam|Intimidate|[from] ability: Trace|[of] p2a: Misty\n|move|p1a: Alakazam|Shadow Ball|p2a: Misty\n|-damage|p2a: Misty|68\/100\n|\n|upkeep\n|turn|11\n|\n|t:|1700353598\n|move|p1a: Alakazam|Psychic|p2a: Misty\n|-damage|p2a: Misty|15\/100\n|move|p2a: Misty|Crunch|p1a: Alakazam\n|-supereffective|p1a: Alakazam\n|-damage|p1a: Alakazam|17\/100\n|\n|upkeep\n|turn|12\n|\n|t:|1700353607\n|move|p1a: Alakazam|Psychic|p2a: Misty\n|-damage|p2a: Misty|0 fnt\n|faint|p2a: Misty\n|\n|upkeep\n|c|\u2606Tyler626|oh my god\n|\n|t:|1700353611\n|switch|p2a: Steven|Metagross-Mega, shiny|53\/100\n|turn|13\n|c|\u2606Tyler626|this is actually stressful\n|\n|t:|1700353617\n|move|p2a: Steven|Bullet Punch|p1a: Alakazam\n|-damage|p1a: Alakazam|0 fnt\n|faint|p1a: Alakazam\n|\n|upkeep\n|\n|t:|1700353621\n|switch|p1a: Regieleki|Regieleki, shiny|100\/100\n|turn|14\n|\n|t:|1700353638\n|switch|p2a: Lilyan|Goodra-Hisui, F|100\/100\n|move|p1a: Regieleki|Protect||[still]\n|-fail|p1a: Regieleki\n|\n|upkeep\n|turn|15\n|\n|t:|1700353644\n|switch|p1a: Roaring Moon|Roaring Moon, shiny|100\/100\n|-enditem|p1a: Roaring Moon|Booster Energy\n|-activate|p1a: Roaring Moon|ability: Protosynthesis|[fromitem]\n|-start|p1a: Roaring Moon|protosynthesisatk\n|move|p2a: Lilyan|Earthquake|p1a: Roaring Moon\n|-damage|p1a: Roaring Moon|62\/100\n|\n|upkeep\n|turn|16\n|\n|t:|1700353664\n|move|p1a: Roaring Moon|Earthquake|p2a: Lilyan\n|-supereffective|p2a: Lilyan\n|-damage|p2a: Lilyan|21\/100\n|move|p2a: Lilyan|Dragon Claw|p1a: Roaring Moon\n|-supereffective|p1a: Roaring Moon\n|-damage|p1a: Roaring Moon|0 fnt\n|faint|p1a: Roaring Moon\n|-end|p1a: Roaring Moon|Protosynthesis|[silent]\n|\n|upkeep\n|\n|t:|1700353667\n|switch|p1a: Regieleki|Regieleki, shiny|100\/100\n|turn|17\n|\n|t:|1700353673\n|move|p1a: Regieleki|Thunderbolt|p2a: Lilyan\n|-resisted|p2a: Lilyan\n|-damage|p2a: Lilyan|9\/100\n|move|p2a: Lilyan|Earthquake|p1a: Regieleki\n|-supereffective|p1a: Regieleki\n|-enditem|p1a: Regieleki|Focus Sash\n|-damage|p1a: Regieleki|1\/100\n|\n|upkeep\n|turn|18\n|\n|t:|1700353683\n|move|p1a: Regieleki|Thunderbolt|p2a: Lilyan\n|-resisted|p2a: Lilyan\n|-damage|p2a: Lilyan|0 fnt\n|faint|p2a: Lilyan\n|\n|upkeep\n|\n|t:|1700353689\n|switch|p2a: Steven|Metagross-Mega, shiny|53\/100\n|turn|19\n|c|\u2606Tyler626|I'm dead due to fucking bullet punch god damn it\n|-message|Tyler626 forfeited.\n|\n|win|Araghan\n|raw|Tyler626's rating: 1217 &rarr; <strong>1179<\/strong><br \/>(-38 for losing)\n|raw|Araghan's rating: 1024 &rarr; <strong>1079<\/strong><br \/>(+55 for winning)\n|l|\u2606Tyler626\n","uploadtime":1700353692,"views":7,"p1id":"tyler626","p2id":"araghan","formatid":"gen9nationaldexubers","rating":1079,"private":0,"password":""}