{"id":"gen9nationaldexubers-1986495549","p1":"NoahTheGreat6.4","p2":"Giyu","format":"[Gen 9] National Dex Ubers","log":"|j|\u2606NoahTheGreat6.4\n|j|\u2606Giyu\n|inactive|Battle timer is ON: inactive players will automatically lose when time's up.\n|t:|1699484894\n|gametype|singles\n|player|p1|NoahTheGreat6.4|giovanni|\n|player|p2|Giyu|kabu|\n|teamsize|p1|6\n|teamsize|p2|6\n|gen|9\n|tier|[Gen 9] National Dex Ubers\n|rated|Tournament battle\n|rule|HP Percentage Mod: HP is shown in percentages\n|rule|Endless Battle Clause: Forcing endless battles is banned\n|rule|OHKO Clause: OHKO moves are banned\n|rule|Evasion Moves Clause: Evasion moves are banned\n|rule|Evasion Items Clause: Evasion items are banned\n|rule|Species Clause: Limit one of each Pok\u00e9mon\n|rule|Sleep Clause Mod: Limit one foe put to sleep\n|rule|Mega Rayquaza Clause: You cannot mega evolve Rayquaza\n|rule|Dynamax Clause: You cannot dynamax\n|rule|Terastal Clause: You cannot Terastallize\n|rule|Same Type Clause: Pok\u00e9mon in a team must share a type\n|clearpoke\n|poke|p1|Arceus-Fairy|\n|poke|p1|Flutter Mane|\n|poke|p1|Xerneas-*|\n|poke|p1|Enamorus, F|\n|poke|p1|Iron Valiant|\n|poke|p1|Mawile, F|\n|poke|p2|Calyrex-Ice|\n|poke|p2|Deoxys-Attack|\n|poke|p2|Lunala|\n|poke|p2|Mewtwo|\n|poke|p2|Necrozma-Dusk-Mane|\n|poke|p2|Tapu Lele|\n|teampreview\n|inactive|Giyu also wants the timer to be on.\n|c|\u2606Giyu|hf\n|c|\u2606Giyu|hf\n|c|\u2606Giyu|oops\n|\n|t:|1699484911\n|start\n|switch|p1a: Iron Valiant|Iron Valiant|100\/100\n|switch|p2a: Lunala|Lunala|100\/100\n|turn|1\n|\n|t:|1699484933\n|move|p1a: Iron Valiant|Knock Off|p2a: Lunala\n|-supereffective|p2a: Lunala\n|-damage|p2a: Lunala|19\/100\n|-enditem|p2a: Lunala|Heavy-Duty Boots|[from] move: Knock Off|[of] p1a: Iron Valiant\n|move|p2a: Lunala|Will-O-Wisp|p1a: Iron Valiant\n|-status|p1a: Iron Valiant|brn\n|\n|-damage|p1a: Iron Valiant|94\/100 brn|[from] brn\n|upkeep\n|turn|2\n|\n|t:|1699484944\n|switch|p2a: Mewtwo|Mewtwo|100\/100\n|-ability|p2a: Mewtwo|Pressure\n|move|p1a: Iron Valiant|Knock Off|p2a: Mewtwo\n|-supereffective|p2a: Mewtwo\n|-damage|p2a: Mewtwo|58\/100\n|\n|-damage|p1a: Iron Valiant|88\/100 brn|[from] brn\n|upkeep\n|turn|3\n|\n|t:|1699484953\n|detailschange|p2a: Mewtwo|Mewtwo-Mega-X\n|-mega|p2a: Mewtwo|Mewtwo|Mewtwonite X\n|move|p2a: Mewtwo|Ice Beam|p1a: Iron Valiant\n|-damage|p1a: Iron Valiant|37\/100 brn\n|move|p1a: Iron Valiant|Knock Off|p2a: Mewtwo\n|-damage|p2a: Mewtwo|40\/100\n|\n|-damage|p1a: Iron Valiant|31\/100 brn|[from] brn\n|upkeep\n|turn|4\n|\n|t:|1699484956\n|move|p2a: Mewtwo|Ice Beam|p1a: Iron Valiant\n|-damage|p1a: Iron Valiant|0 fnt\n|faint|p1a: Iron Valiant\n|-end|p1a: Iron Valiant|Quark Drive|[silent]\n|\n|upkeep\n|\n|t:|1699484962\n|switch|p1a: Flutter Mane|Flutter Mane|100\/100\n|-enditem|p1a: Flutter Mane|Booster Energy\n|-activate|p1a: Flutter Mane|ability: Protosynthesis|[fromitem]\n|-start|p1a: Flutter Mane|protosynthesisspe\n|turn|5\n|\n|t:|1699484968\n|move|p1a: Flutter Mane|Calm Mind|p1a: Flutter Mane\n|-boost|p1a: Flutter Mane|spa|1\n|-boost|p1a: Flutter Mane|spd|1\n|move|p2a: Mewtwo|Stone Edge|p1a: Flutter Mane\n|-damage|p1a: Flutter Mane|0 fnt\n|faint|p1a: Flutter Mane\n|-end|p1a: Flutter Mane|Protosynthesis|[silent]\n|\n|upkeep\n|\n|t:|1699484989\n|switch|p1a: Arceus|Arceus-Fairy|100\/100\n|turn|6\n|\n|t:|1699484992\n|move|p2a: Mewtwo|Taunt|p1a: Arceus\n|-start|p1a: Arceus|move: Taunt\n|move|p1a: Arceus|Judgment|p2a: Mewtwo\n|-supereffective|p2a: Mewtwo\n|-damage|p2a: Mewtwo|0 fnt\n|faint|p2a: Mewtwo\n|\n|upkeep\n|\n|t:|1699484997\n|switch|p2a: Calyrex|Calyrex-Ice|100\/100\n|-ability|p2a: Calyrex|As One\n|-ability|p2a: Calyrex|Unnerve\n|turn|7\n|\n|t:|1699485001\n|move|p1a: Arceus|Judgment|p2a: Calyrex\n|-damage|p2a: Calyrex|60\/100\n|move|p2a: Calyrex|Leech Seed|p1a: Arceus\n|-start|p1a: Arceus|move: Leech Seed\n|\n|-heal|p2a: Calyrex|66\/100|[from] item: Leftovers\n|-damage|p1a: Arceus|88\/100|[from] Leech Seed|[of] p2a: Calyrex\n|-heal|p2a: Calyrex|82\/100|[silent]\n|upkeep\n|turn|8\n|\n|t:|1699485010\n|switch|p1a: Mawile|Mawile, F|100\/100\n|move|p2a: Calyrex|Substitute|p2a: Calyrex\n|-start|p2a: Calyrex|Substitute\n|-damage|p2a: Calyrex|57\/100\n|\n|-heal|p2a: Calyrex|64\/100|[from] item: Leftovers\n|upkeep\n|turn|9\n|\n|t:|1699485013\n|detailschange|p1a: Mawile|Mawile-Mega, F\n|-mega|p1a: Mawile|Mawile|Mawilite\n|move|p2a: Calyrex|Leech Seed|p1a: Mawile\n|-start|p1a: Mawile|move: Leech Seed\n|move|p1a: Mawile|Iron Head|p2a: Calyrex\n|-supereffective|p2a: Calyrex\n|-end|p2a: Calyrex|Substitute\n|\n|-heal|p2a: Calyrex|70\/100|[from] item: Leftovers\n|-damage|p1a: Mawile|88\/100|[from] Leech Seed|[of] p2a: Calyrex\n|-heal|p2a: Calyrex|81\/100|[silent]\n|upkeep\n|turn|10\n|\n|t:|1699485017\n|move|p2a: Calyrex|Substitute|p2a: Calyrex\n|-start|p2a: Calyrex|Substitute\n|-damage|p2a: Calyrex|56\/100\n|move|p1a: Mawile|Iron Head|p2a: Calyrex\n|-supereffective|p2a: Calyrex\n|-end|p2a: Calyrex|Substitute\n|\n|-heal|p2a: Calyrex|62\/100|[from] item: Leftovers\n|-damage|p1a: Mawile|76\/100|[from] Leech Seed|[of] p2a: Calyrex\n|-heal|p2a: Calyrex|73\/100|[silent]\n|upkeep\n|turn|11\n|\n|t:|1699485020\n|move|p2a: Calyrex|Substitute|p2a: Calyrex\n|-start|p2a: Calyrex|Substitute\n|-damage|p2a: Calyrex|48\/100\n|move|p1a: Mawile|Iron Head|p2a: Calyrex\n|-supereffective|p2a: Calyrex\n|-crit|p2a: Calyrex\n|-end|p2a: Calyrex|Substitute\n|\n|-heal|p2a: Calyrex|54\/100|[from] item: Leftovers\n|-damage|p1a: Mawile|64\/100|[from] Leech Seed|[of] p2a: Calyrex\n|-heal|p2a: Calyrex|65\/100|[silent]\n|upkeep\n|turn|12\n|\n|t:|1699485023\n|move|p2a: Calyrex|Substitute|p2a: Calyrex\n|-start|p2a: Calyrex|Substitute\n|-damage|p2a: Calyrex|40\/100\n|move|p1a: Mawile|Iron Head|p2a: Calyrex\n|-supereffective|p2a: Calyrex\n|-end|p2a: Calyrex|Substitute\n|\n|-heal|p2a: Calyrex|46\/100|[from] item: Leftovers\n|-damage|p1a: Mawile|52\/100|[from] Leech Seed|[of] p2a: Calyrex\n|-heal|p2a: Calyrex|57\/100|[silent]\n|upkeep\n|turn|13\n|\n|t:|1699485025\n|switch|p2a: Necrozma|Necrozma-Dusk-Mane|100\/100\n|move|p1a: Mawile|Iron Head|p2a: Necrozma\n|-resisted|p2a: Necrozma\n|-crit|p2a: Necrozma\n|-damage|p2a: Necrozma|62\/100\n|-damage|p1a: Mawile|35\/100|[from] item: Rocky Helmet|[of] p2a: Necrozma\n|\n|-damage|p1a: Mawile|23\/100|[from] Leech Seed|[of] p2a: Necrozma\n|-heal|p2a: Necrozma|71\/100|[silent]\n|upkeep\n|turn|14\n|\n|t:|1699485030\n|move|p1a: Mawile|Sucker Punch|p2a: Necrozma\n|-supereffective|p2a: Necrozma\n|-damage|p2a: Necrozma|29\/100\n|-damage|p1a: Mawile|6\/100|[from] item: Rocky Helmet|[of] p2a: Necrozma\n|move|p2a: Necrozma|Sunsteel Strike|p1a: Mawile\n|-damage|p1a: Mawile|0 fnt\n|faint|p1a: Mawile\n|\n|upkeep\n|\n|t:|1699485034\n|switch|p1a: Enamorus|Enamorus, F|100\/100\n|turn|15\n|\n|t:|1699485039\n|switch|p2a: Lunala|Lunala|19\/100\n|move|p1a: Enamorus|Superpower|p2a: Lunala\n|-immune|p2a: Lunala\n|\n|upkeep\n|turn|16\n|\n|t:|1699485042\n|move|p1a: Enamorus|Moonblast|p2a: Lunala\n|-damage|p2a: Lunala|0 fnt\n|faint|p2a: Lunala\n|\n|upkeep\n|\n|t:|1699485044\n|switch|p2a: Deoxys|Deoxys-Attack|100\/100\n|-ability|p2a: Deoxys|Pressure\n|turn|17\n|\n|t:|1699485053\n|move|p2a: Deoxys|Thunderbolt|p1a: Enamorus\n|-supereffective|p1a: Enamorus\n|-damage|p1a: Enamorus|0 fnt\n|faint|p1a: Enamorus\n|-damage|p2a: Deoxys|91\/100|[from] item: Life Orb\n|\n|upkeep\n|\n|t:|1699485056\n|switch|p1a: Xerneas|Xerneas|100\/100\n|-ability|p1a: Xerneas|Fairy Aura\n|turn|18\n|\n|t:|1699485061\n|move|p2a: Deoxys|Knock Off|p1a: Xerneas\n|-resisted|p1a: Xerneas\n|-damage|p1a: Xerneas|83\/100\n|-damage|p2a: Deoxys|81\/100|[from] item: Life Orb\n|-zpower|p1a: Xerneas\n|move|p1a: Xerneas|Z-Geomancy||[anim]Geomancy|[still]\n|-boost|p1a: Xerneas|atk|1|[zeffect]\n|-boost|p1a: Xerneas|def|1|[zeffect]\n|-boost|p1a: Xerneas|spa|1|[zeffect]\n|-boost|p1a: Xerneas|spd|1|[zeffect]\n|-boost|p1a: Xerneas|spe|1|[zeffect]\n|-prepare|p1a: Xerneas|Geomancy\n|\n|upkeep\n|turn|19\n|\n|t:|1699485064\n|move|p1a: Xerneas|Geomancy|p1a: Xerneas|[from]lockedmove\n|-boost|p1a: Xerneas|spa|2\n|-boost|p1a: Xerneas|spd|2\n|-boost|p1a: Xerneas|spe|2\n|move|p2a: Deoxys|Psycho Boost|p1a: Xerneas\n|-damage|p1a: Xerneas|39\/100\n|-unboost|p2a: Deoxys|spa|2\n|-damage|p2a: Deoxys|71\/100|[from] item: Life Orb\n|\n|upkeep\n|turn|20\n|\n|t:|1699485072\n|switch|p2a: Calyrex|Calyrex-Ice|57\/100\n|-ability|p2a: Calyrex|As One\n|-ability|p2a: Calyrex|Unnerve\n|move|p1a: Xerneas|Moonblast|p2a: Calyrex\n|-damage|p2a: Calyrex|0 fnt\n|faint|p2a: Calyrex\n|\n|upkeep\n|\n|t:|1699485075\n|switch|p2a: Deoxys|Deoxys-Attack|71\/100\n|-ability|p2a: Deoxys|Pressure\n|turn|21\n|\n|t:|1699485079\n|move|p1a: Xerneas|Moonblast|p2a: Deoxys\n|-damage|p2a: Deoxys|0 fnt\n|faint|p2a: Deoxys\n|\n|upkeep\n|\n|t:|1699485081\n|switch|p2a: Necrozma|Necrozma-Dusk-Mane|29\/100\n|turn|22\n|\n|t:|1699485085\n|move|p1a: Xerneas|Close Combat|p2a: Necrozma\n|-damage|p2a: Necrozma|0 fnt\n|-unboost|p1a: Xerneas|def|1\n|-unboost|p1a: Xerneas|spd|1\n|-damage|p1a: Xerneas|22\/100|[from] item: Rocky Helmet|[of] p2a: Necrozma\n|faint|p2a: Necrozma\n|\n|upkeep\n|\n|t:|1699485087\n|switch|p2a: Tapu Lele|Tapu Lele|100\/100\n|-fieldstart|move: Psychic Terrain|[from] ability: Psychic Surge|[of] p2a: Tapu Lele\n|turn|23\n|\n|t:|1699485091\n|move|p1a: Xerneas|Moonblast|p2a: Tapu Lele\n|-damage|p2a: Tapu Lele|0 fnt\n|faint|p2a: Tapu Lele\n|\n|win|NoahTheGreat6.4\n|n|\u2606NoahTheGreat6.4|noahthegreat64\n|n|\u2606Giyu|giyu\n|l|\u2606Giyu\n","uploadtime":1699485156,"views":5,"p1id":"noahthegreat64","p2id":"giyu","formatid":"gen9nationaldexubers","rating":0,"private":0,"password":""}