{"id":"gen9nationaldexubers-1988112547","p1":"LoLohuman","p2":"kitmash","format":"[Gen 9] National Dex Ubers","log":"|j|\u2606LoLohuman\n|j|\u2606kitmash\n|t:|1699671065\n|gametype|singles\n|player|p1|LoLohuman|pokekid|1534\n|player|p2|kitmash|101|1566\n|teamsize|p1|6\n|teamsize|p2|6\n|gen|9\n|tier|[Gen 9] National Dex Ubers\n|rated|\n|rule|HP Percentage Mod: HP is shown in percentages\n|rule|Endless Battle Clause: Forcing endless battles is banned\n|rule|OHKO Clause: OHKO moves are banned\n|rule|Evasion Moves Clause: Evasion moves are banned\n|rule|Evasion Items Clause: Evasion items are banned\n|rule|Species Clause: Limit one of each Pok\u00e9mon\n|rule|Sleep Clause Mod: Limit one foe put to sleep\n|rule|Mega Rayquaza Clause: You cannot mega evolve Rayquaza\n|clearpoke\n|poke|p1|Yveltal|\n|poke|p1|Lopunny, F|\n|poke|p1|Zacian-*|\n|poke|p1|Kyurem-White|\n|poke|p1|Groudon|\n|poke|p1|Marshadow|\n|poke|p2|Ursaluna-Bloodmoon, M|\n|poke|p2|Chi-Yu|\n|poke|p2|Salamence, F|\n|poke|p2|Arceus-Poison|\n|poke|p2|Lugia|\n|poke|p2|Zacian-*|\n|teampreview\n|inactive|Battle timer is ON: inactive players will automatically lose when time's up. (requested by LoLohuman)\n|\n|t:|1699671082\n|start\n|switch|p1a: Lopunny|Lopunny, F|100\/100\n|switch|p2a: Zacian|Zacian-Crowned|100\/100\n|-ability|p2a: Zacian|Intrepid Sword|boost\n|-boost|p2a: Zacian|atk|1\n|turn|1\n|\n|t:|1699671097\n|switch|p2a: Salamence|Salamence, F|100\/100\n|-ability|p2a: Salamence|Intimidate|boost\n|-unboost|p1a: Lopunny|atk|1\n|detailschange|p1a: Lopunny|Lopunny-Mega, F\n|-mega|p1a: Lopunny|Lopunny|Lopunnite\n|move|p1a: Lopunny|Fake Out|p2a: Salamence\n|-damage|p2a: Salamence|90\/100\n|\n|upkeep\n|turn|2\n|\n|t:|1699671121\n|switch|p2a: Arceus|Arceus-Poison|100\/100\n|move|p1a: Lopunny|U-turn|p2a: Arceus\n|-resisted|p2a: Arceus\n|-damage|p2a: Arceus|96\/100\n|\n|t:|1699671127\n|switch|p1a: Groudon|Groudon|100\/100|[from] U-turn\n|detailschange|p1a: Groudon|Groudon-Primal\n|-primal|p1a: Groudon|Red Orb\n|-weather|DesolateLand|[from] ability: Desolate Land|[of] p1a: Groudon\n|\n|-weather|DesolateLand|[upkeep]\n|upkeep\n|turn|3\n|\n|t:|1699671133\n|-weather|none\n|switch|p1a: Kyurem|Kyurem-White|100\/100\n|-ability|p1a: Kyurem|Turboblaze\n|switch|p2a: Salamence|Salamence, F|90\/100\n|-ability|p2a: Salamence|Intimidate|boost\n|-unboost|p1a: Kyurem|atk|1\n|\n|upkeep\n|turn|4\n|\n|t:|1699671145\n|switch|p2a: Zacian|Zacian-Crowned|100\/100\n|move|p1a: Kyurem|Fusion Flare|p2a: Zacian\n|-supereffective|p2a: Zacian\n|-damage|p2a: Zacian|50\/100\n|\n|upkeep\n|turn|5\n|\n|t:|1699671154\n|-terastallize|p2a: Zacian|Normal\n|move|p1a: Kyurem|Fusion Flare|p2a: Zacian\n|-damage|p2a: Zacian|24\/100\n|move|p2a: Zacian|Rest|p2a: Zacian\n|-status|p2a: Zacian|slp|[from] move: Rest\n|-heal|p2a: Zacian|100\/100 slp|[silent]\n|\n|upkeep\n|turn|6\n|\n|t:|1699671162\n|switch|p1a: Lopunny|Lopunny-Mega, F|100\/100\n|cant|p2a: Zacian|slp\n|move|p2a: Zacian|Sleep Talk|p2a: Zacian\n|move|p2a: Zacian|Rest||[from]move: Sleep Talk|[still]\n|-fail|p2a: Zacian\n|\n|upkeep\n|turn|7\n|\n|t:|1699671173\n|switch|p2a: Salamence|Salamence, F|90\/100\n|-ability|p2a: Salamence|Intimidate|boost\n|-fail|p1a: Lopunny|unboost|Attack|[from] ability: Scrappy|[of] p1a: Lopunny\n|move|p1a: Lopunny|Close Combat|p2a: Salamence\n|-resisted|p2a: Salamence\n|-damage|p2a: Salamence|65\/100\n|-unboost|p1a: Lopunny|def|1\n|-unboost|p1a: Lopunny|spd|1\n|\n|upkeep\n|turn|8\n|\n|t:|1699671182\n|detailschange|p2a: Salamence|Salamence-Mega, F\n|-mega|p2a: Salamence|Salamence|Salamencite\n|move|p1a: Lopunny|U-turn|p2a: Salamence\n|-resisted|p2a: Salamence\n|-damage|p2a: Salamence|59\/100\n|\n|t:|1699671186\n|switch|p1a: Zacian|Zacian-Crowned|100\/100|[from] U-turn\n|-ability|p1a: Zacian|Intrepid Sword|boost\n|-boost|p1a: Zacian|atk|1\n|move|p2a: Salamence|Roost|p2a: Salamence\n|-heal|p2a: Salamence|100\/100\n|-singleturn|p2a: Salamence|move: Roost\n|\n|upkeep\n|turn|9\n|\n|t:|1699671196\n|switch|p2a: Arceus|Arceus-Poison|96\/100\n|move|p1a: Zacian|Behemoth Blade|p2a: Arceus\n|-damage|p2a: Arceus|51\/100\n|\n|upkeep\n|turn|10\n|\n|t:|1699671217\n|move|p1a: Zacian|Behemoth Blade|p2a: Arceus\n|-damage|p2a: Arceus|7\/100\n|move|p2a: Arceus|Recover|p2a: Arceus\n|-heal|p2a: Arceus|57\/100\n|\n|upkeep\n|turn|11\n|\n|t:|1699671223\n|switch|p1a: Groudon|Groudon-Primal|100\/100\n|-weather|DesolateLand|[from] ability: Desolate Land|[of] p1a: Groudon\n|move|p2a: Arceus|Recover|p2a: Arceus\n|-heal|p2a: Arceus|100\/100\n|\n|-weather|DesolateLand|[upkeep]\n|upkeep\n|turn|12\n|\n|t:|1699671230\n|switch|p2a: Salamence|Salamence-Mega, F|100\/100\n|move|p1a: Groudon|Stealth Rock|p2a: Salamence\n|-sidestart|p2: kitmash|move: Stealth Rock\n|\n|-weather|DesolateLand|[upkeep]\n|upkeep\n|turn|13\n|\n|t:|1699671235\n|-weather|none\n|switch|p1a: Zacian|Zacian-Crowned|100\/100\n|move|p2a: Salamence|Defog|p1a: Zacian\n|-unboost|p1a: Zacian|evasion|1\n|-sideend|p2: kitmash|Stealth Rock|[from] move: Defog|[of] p2a: Salamence\n|\n|upkeep\n|turn|14\n|\n|t:|1699671242\n|switch|p1a: Yveltal|Yveltal|100\/100\n|-ability|p1a: Yveltal|Dark Aura\n|switch|p2a: Arceus|Arceus-Poison|100\/100\n|\n|upkeep\n|turn|15\n|\n|t:|1699671261\n|switch|p2a: Chi-Yu|Chi-Yu|100\/100\n|-ability|p2a: Chi-Yu|Beads of Ruin\n|move|p1a: Yveltal|Taunt|p2a: Chi-Yu\n|-start|p2a: Chi-Yu|move: Taunt\n|\n|upkeep\n|turn|16\n|\n|t:|1699671275\n|switch|p1a: Marshadow|Marshadow|100\/100\n|move|p2a: Chi-Yu|Overheat|p1a: Marshadow\n|-enditem|p1a: Marshadow|Focus Sash\n|-damage|p1a: Marshadow|1\/100\n|-unboost|p2a: Chi-Yu|spa|2\n|\n|upkeep\n|turn|17\n|\n|t:|1699671284\n|switch|p2a: Salamence|Salamence-Mega, F|100\/100\n|move|p1a: Marshadow|Rock Tomb|p2a: Salamence\n|-supereffective|p2a: Salamence\n|-damage|p2a: Salamence|68\/100\n|-unboost|p2a: Salamence|spe|1\n|\n|upkeep\n|turn|18\n|inactive|LoLohuman has 120 seconds left.\n|\n|t:|1699671318\n|move|p1a: Marshadow|Rock Tomb|p2a: Salamence\n|-supereffective|p2a: Salamence\n|-crit|p2a: Salamence\n|-damage|p2a: Salamence|20\/100\n|-unboost|p2a: Salamence|spe|1\n|move|p2a: Salamence|Facade|p1a: Marshadow\n|-supereffective|p1a: Marshadow\n|-damage|p1a: Marshadow|0 fnt\n|faint|p1a: Marshadow\n|\n|upkeep\n|inactive|LoLohuman has 120 seconds left.\n|\n|t:|1699671332\n|switch|p1a: Yveltal|Yveltal|100\/100\n|-ability|p1a: Yveltal|Dark Aura\n|turn|19\n|\n|t:|1699671358\n|move|p1a: Yveltal|Knock Off|p2a: Salamence\n|-damage|p2a: Salamence|0 fnt\n|faint|p2a: Salamence\n|\n|upkeep\n|\n|t:|1699671363\n|switch|p2a: Chi-Yu|Chi-Yu|100\/100\n|-ability|p2a: Chi-Yu|Beads of Ruin\n|turn|20\n|\n|t:|1699671370\n|move|p1a: Yveltal|Sucker Punch|p2a: Chi-Yu\n|-resisted|p2a: Chi-Yu\n|-damage|p2a: Chi-Yu|63\/100\n|move|p2a: Chi-Yu|Overheat|p1a: Yveltal\n|-damage|p1a: Yveltal|0 fnt\n|-unboost|p2a: Chi-Yu|spa|2\n|faint|p1a: Yveltal\n|\n|upkeep\n|\n|t:|1699671380\n|switch|p1a: Lopunny|Lopunny-Mega, F|100\/100\n|turn|21\n|\n|t:|1699671385\n|switch|p2a: Arceus|Arceus-Poison|100\/100\n|move|p1a: Lopunny|U-turn|p2a: Arceus\n|-resisted|p2a: Arceus\n|-damage|p2a: Arceus|95\/100\n|\n|t:|1699671387\n|switch|p1a: Groudon|Groudon-Primal|100\/100|[from] U-turn\n|-weather|DesolateLand|[from] ability: Desolate Land|[of] p1a: Groudon\n|\n|-weather|DesolateLand|[upkeep]\n|upkeep\n|turn|22\n|\n|t:|1699671393\n|switch|p2a: Lugia|Lugia|100\/100\n|move|p1a: Groudon|Thunder Punch|p2a: Lugia\n|-supereffective|p2a: Lugia\n|-damage|p2a: Lugia|77\/100\n|\n|-weather|DesolateLand|[upkeep]\n|upkeep\n|turn|23\n|\n|t:|1699671399\n|move|p1a: Groudon|Precipice Blades|p2a: Lugia\n|-immune|p2a: Lugia\n|move|p2a: Lugia|Toxic|p1a: Groudon|[miss]\n|-miss|p2a: Lugia|p1a: Groudon\n|\n|-weather|DesolateLand|[upkeep]\n|upkeep\n|turn|24\n|\n|t:|1699671412\n|switch|p2a: Ursaluna|Ursaluna-Bloodmoon, M|100\/100\n|move|p1a: Groudon|Thunder Punch|p2a: Ursaluna\n|-immune|p2a: Ursaluna\n|\n|-weather|DesolateLand|[upkeep]\n|upkeep\n|turn|25\n|\n|t:|1699671420\n|-weather|none\n|switch|p1a: Lopunny|Lopunny-Mega, F|100\/100\n|move|p2a: Ursaluna|Earth Power|p1a: Lopunny\n|-crit|p1a: Lopunny\n|-damage|p1a: Lopunny|0 fnt\n|faint|p1a: Lopunny\n|\n|upkeep\n|\n|t:|1699671422\n|switch|p1a: Kyurem|Kyurem-White|100\/100\n|-ability|p1a: Kyurem|Turboblaze\n|turn|26\n|\n|t:|1699671432\n|switch|p2a: Zacian|Zacian-Crowned, tera:Normal|100\/100 slp\n|move|p1a: Kyurem|Blizzard|p2a: Zacian\n|-damage|p2a: Zacian|60\/100 slp\n|\n|upkeep\n|turn|27\n|\n|t:|1699671438\n|move|p1a: Kyurem|Blizzard|p2a: Zacian\n|-damage|p2a: Zacian|23\/100 slp\n|cant|p2a: Zacian|slp\n|move|p2a: Zacian|Sleep Talk|p2a: Zacian\n|move|p2a: Zacian|Play Rough|p1a: Kyurem|[from]move: Sleep Talk|[miss]\n|-miss|p2a: Zacian|p1a: Kyurem\n|\n|upkeep\n|turn|28\n|c|\u2606LoLohuman|bro ur zacian suck\n|\n|t:|1699671459\n|move|p1a: Kyurem|Blizzard|p2a: Zacian\n|-damage|p2a: Zacian|0 fnt\n|faint|p2a: Zacian\n|\n|upkeep\n|\n|t:|1699671463\n|switch|p2a: Chi-Yu|Chi-Yu|63\/100\n|-ability|p2a: Chi-Yu|Beads of Ruin\n|turn|29\n|\n|t:|1699671470\n|switch|p1a: Zacian|Zacian-Crowned|100\/100\n|move|p2a: Chi-Yu|Overheat|p1a: Zacian\n|-supereffective|p1a: Zacian\n|-damage|p1a: Zacian|0 fnt\n|-unboost|p2a: Chi-Yu|spa|2\n|faint|p1a: Zacian\n|\n|upkeep\n|\n|t:|1699671474\n|switch|p1a: Groudon|Groudon-Primal|100\/100\n|-weather|DesolateLand|[from] ability: Desolate Land|[of] p1a: Groudon\n|turn|30\n|\n|t:|1699671486\n|switch|p2a: Lugia|Lugia|77\/100\n|move|p1a: Groudon|Thunder Punch|p2a: Lugia\n|-supereffective|p2a: Lugia\n|-damage|p2a: Lugia|35\/100\n|\n|-weather|DesolateLand|[upkeep]\n|upkeep\n|turn|31\n|\n|t:|1699671498\n|move|p1a: Groudon|Fire Punch|p2a: Lugia\n|-damage|p2a: Lugia|0 fnt\n|faint|p2a: Lugia\n|\n|-weather|DesolateLand|[upkeep]\n|upkeep\n|\n|t:|1699671502\n|switch|p2a: Ursaluna|Ursaluna-Bloodmoon, M|100\/100\n|turn|32\n|\n|t:|1699671530\n|move|p1a: Groudon|Precipice Blades|p2a: Ursaluna\n|-damage|p2a: Ursaluna|43\/100\n|move|p2a: Ursaluna|Blood Moon|p1a: Groudon\n|-damage|p1a: Groudon|0 fnt\n|faint|p1a: Groudon\n|-weather|none\n|\n|upkeep\n|\n|t:|1699671534\n|switch|p1a: Kyurem|Kyurem-White|100\/100\n|-ability|p1a: Kyurem|Turboblaze\n|turn|33\n|\n|t:|1699671558\n|move|p1a: Kyurem|Blizzard|p2a: Ursaluna\n|-supereffective|p2a: Ursaluna\n|-damage|p2a: Ursaluna|0 fnt\n|faint|p2a: Ursaluna\n|\n|upkeep\n|\n|t:|1699671562\n|switch|p2a: Chi-Yu|Chi-Yu|63\/100\n|-ability|p2a: Chi-Yu|Beads of Ruin\n|turn|34\n|\n|t:|1699671566\n|-terastallize|p1a: Kyurem|Dragon\n|move|p1a: Kyurem|Blizzard|p2a: Chi-Yu\n|-resisted|p2a: Chi-Yu\n|-damage|p2a: Chi-Yu|20\/100\n|move|p2a: Chi-Yu|Overheat|p1a: Kyurem\n|-resisted|p1a: Kyurem\n|-damage|p1a: Kyurem|32\/100\n|-unboost|p2a: Chi-Yu|spa|2\n|\n|upkeep\n|turn|35\n|c|\u2606LoLohuman|gg\n|\n|t:|1699671579\n|move|p1a: Kyurem|Blizzard|p2a: Chi-Yu\n|-resisted|p2a: Chi-Yu\n|-damage|p2a: Chi-Yu|0 fnt\n|faint|p2a: Chi-Yu\n|\n|upkeep\n|\n|t:|1699671584\n|switch|p2a: Arceus|Arceus-Poison|95\/100\n|turn|36\n|c|\u2606kitmash|gg\n|\n|t:|1699671597\n|move|p1a: Kyurem|Blizzard|p2a: Arceus\n|-damage|p2a: Arceus|46\/100\n|move|p2a: Arceus|Recover|p2a: Arceus\n|-heal|p2a: Arceus|96\/100\n|\n|upkeep\n|turn|37\n|\n|t:|1699671603\n|move|p1a: Kyurem|Blizzard|p2a: Arceus|[miss]\n|-miss|p1a: Kyurem|p2a: Arceus\n|move|p2a: Arceus|Recover|p2a: Arceus\n|-heal|p2a: Arceus|100\/100\n|\n|upkeep\n|turn|38\n|\n|t:|1699671609\n|-activate|p1a: Kyurem|move: Struggle\n|move|p1a: Kyurem|Struggle|p2a: Arceus\n|-damage|p2a: Arceus|95\/100\n|-damage|p1a: Kyurem|7\/100|[from] recoil\n|move|p2a: Arceus|Seismic Toss|p1a: Kyurem\n|-damage|p1a: Kyurem|0 fnt\n|faint|p1a: Kyurem\n|\n|win|kitmash\n|raw|LoLohuman's rating: 1534 &rarr; <strong>1516<\/strong><br \/>(-18 for losing)\n|raw|kitmash's rating: 1566 &rarr; <strong>1584<\/strong><br \/>(+18 for winning)\n|l|\u2606LoLohuman\n","uploadtime":1699671624,"views":6,"p1id":"lolohuman","p2id":"kitmash","formatid":"gen9nationaldexubers","rating":1516,"private":0,"password":""}