{"id":"gen9nationaldexubers-1998994369","p1":"HavefunDontdie857","p2":"Jaydenx64","format":"[Gen 9] National Dex Ubers","log":"|j|\u2606HavefunDontdie857\n|j|\u2606Jaydenx64\n|t:|1701021841\n|gametype|singles\n|player|p1|HavefunDontdie857|acerola|\n|player|p2|Jaydenx64|2|\n|teamsize|p1|6\n|teamsize|p2|6\n|gen|9\n|tier|[Gen 9] National Dex Ubers\n|rule|HP Percentage Mod: HP is shown in percentages\n|rule|Endless Battle Clause: Forcing endless battles is banned\n|rule|OHKO Clause: OHKO moves are banned\n|rule|Evasion Moves Clause: Evasion moves are banned\n|rule|Evasion Items Clause: Evasion items are banned\n|rule|Species Clause: Limit one of each Pok\u00e9mon\n|rule|Sleep Clause Mod: Limit one foe put to sleep\n|rule|Mega Rayquaza Clause: You cannot mega evolve Rayquaza\n|clearpoke\n|poke|p1|Ninetales-Alola, F|\n|poke|p1|Raichu-Alola, M|\n|poke|p1|Blacephalon|\n|poke|p1|Muk-Alola, M|\n|poke|p1|Sandslash-Alola, M|\n|poke|p1|Dugtrio-Alola, F|\n|poke|p2|Incineroar, M|\n|poke|p2|Meowscarada, M|\n|poke|p2|Sylveon, M|\n|poke|p2|Luxray, M|\n|poke|p2|Meowstic, M|\n|poke|p2|Perrserker, M|\n|teampreview\n|j| ThomusH\n|c|\u2606Jaydenx64|Wow your team is way better\n|c|\u2606HavefunDontdie857|Cats\n|j| huntersoka\n|l| ThomusH\n|c|\u2606Jaydenx64|Wait who is Huntersoka?\n|c| huntersoka|Agatha\n|j| ThomusH\n|c|\u2606Jaydenx64|Oh okiedokie\n|\n|t:|1701021910\n|start\n|switch|p1a: Ninetales|Ninetales-Alola, F|100\/100\n|switch|p2a: Meowstic|Meowstic, M|100\/100\n|-weather|Snow|[from] ability: Snow Warning|[of] p1a: Ninetales\n|turn|1\n|\n|t:|1701021918\n|move|p2a: Meowstic|Yawn|p1a: Ninetales\n|-start|p1a: Ninetales|move: Yawn|[of] p2a: Meowstic\n|move|p1a: Ninetales|Aurora Veil|p1a: Ninetales\n|-sidestart|p1: HavefunDontdie857|move: Aurora Veil\n|\n|-weather|Snow|[upkeep]\n|upkeep\n|turn|2\n|\n|t:|1701021924\n|switch|p1a: Raichu|Raichu-Alola, M|100\/100\n|move|p2a: Meowstic|Light Screen|p2a: Meowstic\n|-sidestart|p2: Jaydenx64|move: Light Screen\n|\n|-weather|Snow|[upkeep]\n|upkeep\n|turn|3\n|\n|t:|1701021928\n|move|p2a: Meowstic|Yawn|p1a: Raichu\n|-start|p1a: Raichu|move: Yawn|[of] p2a: Meowstic\n|move|p1a: Raichu|Nasty Plot|p1a: Raichu\n|-boost|p1a: Raichu|spa|2\n|\n|-weather|Snow|[upkeep]\n|upkeep\n|turn|4\n|\n|t:|1701021938\n|move|p2a: Meowstic|Reflect|p2a: Meowstic\n|-sidestart|p2: Jaydenx64|Reflect\n|move|p1a: Raichu|Surf|p2a: Meowstic\n|-damage|p2a: Meowstic|77\/100\n|\n|-weather|Snow|[upkeep]\n|-end|p1a: Raichu|move: Yawn|[silent]\n|-status|p1a: Raichu|slp\n|upkeep\n|turn|5\n|\n|t:|1701021943\n|switch|p2a: Meowscarada|Meowscarada, M|100\/100\n|cant|p1a: Raichu|slp\n|\n|-weather|none\n|upkeep\n|turn|6\n|\n|t:|1701021950\n|move|p2a: Meowscarada|Knock Off|p1a: Raichu\n|-start|p2a: Meowscarada|typechange|Dark|[from] ability: Protean\n|-supereffective|p1a: Raichu\n|-damage|p1a: Raichu|0 fnt\n|faint|p1a: Raichu\n|\n|upkeep\n|\n|t:|1701021956\n|switch|p1a: Muk|Muk-Alola, M|100\/100\n|-item|p1a: Muk|Air Balloon\n|turn|7\n|\n|t:|1701021966\n|switch|p2a: Perrserker|Perrserker, M|100\/100\n|move|p1a: Muk|Poison Jab|p2a: Perrserker\n|-immune|p2a: Perrserker\n|\n|upkeep\n|turn|8\n|\n|t:|1701021971\n|move|p2a: Perrserker|Fake Out|p1a: Muk\n|-damage|p1a: Muk|92\/100\n|-enditem|p1a: Muk|Air Balloon\n|cant|p1a: Muk|flinch\n|\n|-sideend|p1: HavefunDontdie857|move: Aurora Veil\n|upkeep\n|turn|9\n|\n|t:|1701021975\n|move|p1a: Muk|Power-Up Punch|p2a: Perrserker\n|-supereffective|p2a: Perrserker\n|-damage|p2a: Perrserker|85\/100\n|-boost|p1a: Muk|atk|1\n|move|p2a: Perrserker|Iron Head|p1a: Muk\n|-damage|p1a: Muk|34\/100\n|\n|-sideend|p2: Jaydenx64|move: Light Screen\n|upkeep\n|turn|10\n|\n|t:|1701021982\n|switch|p1a: Sandslash|Sandslash-Alola, M|100\/100\n|move|p2a: Perrserker|Iron Head|p1a: Sandslash\n|-crit|p1a: Sandslash\n|-damage|p1a: Sandslash|29\/100\n|-damage|p2a: Perrserker|68\/100|[from] item: Rocky Helmet|[of] p1a: Sandslash\n|\n|upkeep\n|turn|11\n|\n|t:|1701021985\n|move|p1a: Sandslash|Earthquake|p2a: Perrserker\n|-supereffective|p2a: Perrserker\n|-damage|p2a: Perrserker|32\/100\n|move|p2a: Perrserker|Iron Head|p1a: Sandslash\n|-damage|p1a: Sandslash|0 fnt\n|-damage|p2a: Perrserker|15\/100|[from] item: Rocky Helmet|[of] p1a: Sandslash\n|faint|p1a: Sandslash\n|\n|-sideend|p2: Jaydenx64|Reflect\n|upkeep\n|\n|t:|1701021988\n|switch|p1a: Blacephalon|Blacephalon|100\/100\n|turn|12\n|\n|t:|1701021994\n|move|p1a: Blacephalon|Shadow Ball|p2a: Perrserker\n|-damage|p2a: Perrserker|0 fnt\n|faint|p2a: Perrserker\n|-ability|p1a: Blacephalon|Beast Boost|boost\n|-boost|p1a: Blacephalon|spa|1\n|\n|upkeep\n|\n|t:|1701021998\n|switch|p2a: Meowscarada|Meowscarada, M|100\/100\n|turn|13\n|\n|t:|1701022002\n|switch|p1a: Ninetales|Ninetales-Alola, F|100\/100\n|-weather|Snow|[from] ability: Snow Warning|[of] p1a: Ninetales\n|move|p2a: Meowscarada|Knock Off|p1a: Ninetales\n|-start|p2a: Meowscarada|typechange|Dark|[from] ability: Protean\n|-resisted|p1a: Ninetales\n|-damage|p1a: Ninetales|65\/100\n|-enditem|p1a: Ninetales|Light Clay|[from] move: Knock Off|[of] p2a: Meowscarada\n|\n|-weather|Snow|[upkeep]\n|upkeep\n|turn|14\n|\n|t:|1701022009\n|switch|p2a: Meowstic|Meowstic, M|77\/100\n|move|p1a: Ninetales|Aurora Veil|p1a: Ninetales\n|-sidestart|p1: HavefunDontdie857|move: Aurora Veil\n|\n|-weather|Snow|[upkeep]\n|upkeep\n|turn|15\n|\n|t:|1701022015\n|move|p2a: Meowstic|Light Screen|p2a: Meowstic\n|-sidestart|p2: Jaydenx64|move: Light Screen\n|move|p1a: Ninetales|Blizzard|p2a: Meowstic\n|-damage|p2a: Meowstic|60\/100\n|\n|-weather|Snow|[upkeep]\n|upkeep\n|turn|16\n|\n|t:|1701022019\n|move|p2a: Meowstic|Reflect|p2a: Meowstic\n|-sidestart|p2: Jaydenx64|Reflect\n|move|p1a: Ninetales|Blizzard|p2a: Meowstic\n|-damage|p2a: Meowstic|40\/100\n|\n|-weather|Snow|[upkeep]\n|upkeep\n|turn|17\n|\n|t:|1701022029\n|switch|p2a: Sylveon|Sylveon, M|100\/100\n|move|p1a: Ninetales|Blizzard|p2a: Sylveon\n|-damage|p2a: Sylveon|83\/100\n|\n|-weather|none\n|-heal|p2a: Sylveon|89\/100|[from] item: Leftovers\n|upkeep\n|turn|18\n|\n|t:|1701022036\n|switch|p1a: Dugtrio|Dugtrio-Alola, F|100\/100\n|move|p2a: Sylveon|Mystical Fire|p1a: Dugtrio\n|-supereffective|p1a: Dugtrio\n|-damage|p1a: Dugtrio|53\/100\n|-unboost|p1a: Dugtrio|spa|1\n|\n|-heal|p2a: Sylveon|95\/100|[from] item: Leftovers\n|-sideend|p1: HavefunDontdie857|move: Aurora Veil\n|upkeep\n|turn|19\n|\n|t:|1701022044\n|move|p1a: Dugtrio|Iron Head|p2a: Sylveon\n|-supereffective|p2a: Sylveon\n|-damage|p2a: Sylveon|53\/100\n|-damage|p1a: Dugtrio|43\/100|[from] item: Life Orb\n|move|p2a: Sylveon|Mystical Fire|p1a: Dugtrio\n|-supereffective|p1a: Dugtrio\n|-damage|p1a: Dugtrio|0 fnt\n|faint|p1a: Dugtrio\n|\n|-heal|p2a: Sylveon|59\/100|[from] item: Leftovers\n|upkeep\n|\n|t:|1701022050\n|switch|p1a: Ninetales|Ninetales-Alola, F|65\/100\n|-weather|Snow|[from] ability: Snow Warning|[of] p1a: Ninetales\n|turn|20\n|\n|t:|1701022052\n|move|p1a: Ninetales|Aurora Veil|p1a: Ninetales\n|-sidestart|p1: HavefunDontdie857|move: Aurora Veil\n|move|p2a: Sylveon|Mystical Fire|p1a: Ninetales\n|-supereffective|p1a: Ninetales\n|-damage|p1a: Ninetales|37\/100\n|-unboost|p1a: Ninetales|spa|1\n|\n|-weather|Snow|[upkeep]\n|-heal|p2a: Sylveon|65\/100|[from] item: Leftovers\n|upkeep\n|turn|21\n|\n|t:|1701022055\n|move|p1a: Ninetales|Nasty Plot|p1a: Ninetales\n|-boost|p1a: Ninetales|spa|2\n|move|p2a: Sylveon|Mystical Fire|p1a: Ninetales\n|-supereffective|p1a: Ninetales\n|-damage|p1a: Ninetales|8\/100\n|-unboost|p1a: Ninetales|spa|1\n|\n|-weather|Snow|[upkeep]\n|-heal|p2a: Sylveon|71\/100|[from] item: Leftovers\n|upkeep\n|turn|22\n|\n|t:|1701022059\n|move|p1a: Ninetales|Blizzard|p2a: Sylveon\n|-damage|p2a: Sylveon|53\/100\n|move|p2a: Sylveon|Mystical Fire|p1a: Ninetales\n|-supereffective|p1a: Ninetales\n|-damage|p1a: Ninetales|0 fnt\n|faint|p1a: Ninetales\n|\n|-weather|Snow|[upkeep]\n|-heal|p2a: Sylveon|59\/100|[from] item: Leftovers\n|-sideend|p2: Jaydenx64|move: Light Screen\n|upkeep\n|\n|t:|1701022063\n|switch|p1a: Blacephalon|Blacephalon|100\/100\n|turn|23\n|\n|t:|1701022069\n|move|p1a: Blacephalon|Shadow Ball|p2a: Sylveon\n|-damage|p2a: Sylveon|19\/100\n|move|p2a: Sylveon|Wish|p2a: Sylveon\n|\n|-weather|Snow|[upkeep]\n|-heal|p2a: Sylveon|25\/100|[from] item: Leftovers\n|-sideend|p2: Jaydenx64|Reflect\n|upkeep\n|turn|24\n|\n|t:|1701022078\n|move|p1a: Blacephalon|Shadow Ball|p2a: Sylveon\n|-damage|p2a: Sylveon|0 fnt\n|faint|p2a: Sylveon\n|-ability|p1a: Blacephalon|Beast Boost|boost\n|-boost|p1a: Blacephalon|spa|1\n|\n|-weather|none\n|-sideend|p1: HavefunDontdie857|move: Aurora Veil\n|upkeep\n|\n|t:|1701022080\n|switch|p2a: Meowstic|Meowstic, M|40\/100\n|turn|25\n|\n|t:|1701022083\n|move|p2a: Meowstic|Light Screen|p2a: Meowstic\n|-sidestart|p2: Jaydenx64|move: Light Screen\n|move|p1a: Blacephalon|Shadow Ball|p2a: Meowstic\n|-supereffective|p2a: Meowstic\n|-damage|p2a: Meowstic|0 fnt\n|faint|p2a: Meowstic\n|-ability|p1a: Blacephalon|Beast Boost|boost\n|-boost|p1a: Blacephalon|spa|1\n|\n|upkeep\n|\n|t:|1701022086\n|switch|p2a: Meowscarada|Meowscarada, M|100\/100\n|turn|26\n|\n|t:|1701022089\n|switch|p1a: Muk|Muk-Alola, M|34\/100\n|move|p2a: Meowscarada|Sucker Punch||[still]\n|-fail|p2a: Meowscarada\n|\n|upkeep\n|turn|27\n|\n|t:|1701022094\n|switch|p2a: Luxray|Luxray, M|100\/100\n|move|p1a: Muk|Acid Armor|p1a: Muk\n|-boost|p1a: Muk|def|2\n|\n|-status|p2a: Luxray|brn|[from] item: Flame Orb\n|upkeep\n|turn|28\n|\n|t:|1701022098\n|move|p2a: Luxray|Facade|p1a: Muk\n|-damage|p1a: Muk|0 fnt\n|faint|p1a: Muk\n|\n|-damage|p2a: Luxray|95\/100 brn|[from] brn\n|upkeep\n|\n|t:|1701022101\n|switch|p1a: Blacephalon|Blacephalon|100\/100\n|turn|29\n|\n|t:|1701022108\n|move|p1a: Blacephalon|Shadow Ball|p2a: Luxray\n|-damage|p2a: Luxray|64\/100 brn\n|move|p2a: Luxray|Crunch|p1a: Blacephalon\n|-supereffective|p1a: Blacephalon\n|-damage|p1a: Blacephalon|0 fnt\n|faint|p1a: Blacephalon\n|\n|win|Jaydenx64\n|c|\u2606HavefunDontdie857|Gg\n|c|\u2606Jaydenx64|Ggs!\n|l|\u2606HavefunDontdie857\n|l|\u2606Jaydenx64\n|l| ThomusH\n|j|\u2606Jaydenx64\n|player|p2|Jaydenx64|2\n","uploadtime":1701022205,"views":24,"p1id":"havefundontdie857","p2id":"jaydenx64","formatid":"gen9nationaldexubers","rating":0,"private":0,"password":""}