{"id":"gen9nationaldexubers-1987225552","p1":"TheMegaJuncko","p2":"SuperSonic26 AE","format":"[Gen 9] National Dex Ubers","log":"|j|\u2606TheMegaJuncko\n|j|\u2606SuperSonic26 AE\n|t:|1699567011\n|gametype|singles\n|player|p1|TheMegaJuncko|wally|1329\n|player|p2|SuperSonic26 AE|red-masters|1406\n|teamsize|p1|6\n|teamsize|p2|6\n|gen|9\n|tier|[Gen 9] National Dex Ubers\n|rated|\n|rule|HP Percentage Mod: HP is shown in percentages\n|rule|Endless Battle Clause: Forcing endless battles is banned\n|rule|OHKO Clause: OHKO moves are banned\n|rule|Evasion Moves Clause: Evasion moves are banned\n|rule|Evasion Items Clause: Evasion items are banned\n|rule|Species Clause: Limit one of each Pok\u00e9mon\n|rule|Sleep Clause Mod: Limit one foe put to sleep\n|rule|Mega Rayquaza Clause: You cannot mega evolve Rayquaza\n|clearpoke\n|poke|p1|Mawile, M|\n|poke|p1|Shuckle, M|\n|poke|p1|Gyarados, M|\n|poke|p1|Ninetales-Alola, F|\n|poke|p1|Tentacruel, M|\n|poke|p1|Zygarde|\n|poke|p2|Zygarde|\n|poke|p2|Deoxys-Attack|\n|poke|p2|Yveltal|\n|poke|p2|Banette, F|\n|poke|p2|Kyogre|\n|poke|p2|Pheromosa|\n|teampreview\n|\n|t:|1699567069\n|start\n|switch|p1a: YOUR MAD IM BACK|Mawile, M|100\/100\n|switch|p2a: Cybertron|Zygarde|100\/100\n|-ability|p1a: YOUR MAD IM BACK|Intimidate|boost\n|-unboost|p2a: Cybertron|atk|1\n|turn|1\n|\n|t:|1699567100\n|switch|p1a: coucou|Shuckle, M|100\/100\n|-terastallize|p2a: Cybertron|Steel\n|move|p2a: Cybertron|Dragon Dance|p2a: Cybertron\n|-boost|p2a: Cybertron|atk|1\n|-boost|p2a: Cybertron|spe|1\n|\n|upkeep\n|turn|2\n|inactive|Battle timer is ON: inactive players will automatically lose when time's up. (requested by TheMegaJuncko)\n|\n|t:|1699567106\n|move|p2a: Cybertron|Dragon Dance|p2a: Cybertron\n|-boost|p2a: Cybertron|atk|1\n|-boost|p2a: Cybertron|spe|1\n|move|p1a: coucou|Stealth Rock|p2a: Cybertron\n|-sidestart|p2: SuperSonic26 AE|move: Stealth Rock\n|\n|upkeep\n|turn|3\n|\n|t:|1699567109\n|move|p2a: Cybertron|Dragon Dance|p2a: Cybertron\n|-boost|p2a: Cybertron|atk|1\n|-boost|p2a: Cybertron|spe|1\n|move|p1a: coucou|Sticky Web|p2a: Cybertron\n|-sidestart|p2: SuperSonic26 AE|move: Sticky Web\n|\n|upkeep\n|turn|4\n|\n|t:|1699567114\n|switch|p1a: Aurora|Ninetales-Alola, F|100\/100\n|-weather|Snow|[from] ability: Snow Warning|[of] p1a: Aurora\n|move|p2a: Cybertron|Thousand Arrows|p1a: Aurora\n|-damage|p1a: Aurora|52\/100\n|\n|-weather|Snow|[upkeep]\n|upkeep\n|turn|5\n|\n|t:|1699567120\n|move|p2a: Cybertron|Thousand Arrows|p1a: Aurora\n|-damage|p1a: Aurora|0 fnt\n|faint|p1a: Aurora\n|\n|-weather|Snow|[upkeep]\n|upkeep\n|\n|t:|1699567132\n|switch|p1a: SWEEP|Gyarados, M|100\/100\n|turn|6\n|\n|t:|1699567134\n|move|p2a: Cybertron|Breaking Swipe|p1a: SWEEP\n|-damage|p1a: SWEEP|44\/100\n|move|p1a: SWEEP|Earthquake|p2a: Cybertron\n|-supereffective|p2a: Cybertron\n|-damage|p2a: Cybertron|59\/100\n|\n|-weather|Snow|[upkeep]\n|-heal|p2a: Cybertron|65\/100|[from] item: Leftovers\n|upkeep\n|turn|7\n|\n|t:|1699567141\n|move|p2a: Cybertron|Breaking Swipe|p1a: SWEEP\n|-damage|p1a: SWEEP|0 fnt\n|faint|p1a: SWEEP\n|\n|-weather|Snow|[upkeep]\n|-heal|p2a: Cybertron|71\/100|[from] item: Leftovers\n|upkeep\n|\n|t:|1699567143\n|switch|p1a: YOUR MAD IM BACK|Mawile, M|100\/100\n|-ability|p1a: YOUR MAD IM BACK|Intimidate|boost\n|-unboost|p2a: Cybertron|atk|1\n|turn|8\n|\n|t:|1699567150\n|detailschange|p1a: YOUR MAD IM BACK|Mawile-Mega, M\n|-mega|p1a: YOUR MAD IM BACK|Mawile|Mawilite\n|move|p1a: YOUR MAD IM BACK|Sucker Punch|p2a: Cybertron\n|-damage|p2a: Cybertron|43\/100\n|move|p2a: Cybertron|Thousand Arrows|p1a: YOUR MAD IM BACK\n|-supereffective|p1a: YOUR MAD IM BACK\n|-damage|p1a: YOUR MAD IM BACK|7\/100\n|\n|-weather|none\n|-heal|p2a: Cybertron|50\/100|[from] item: Leftovers\n|-activate|p2a: Cybertron|ability: Power Construct\n|detailschange|p2a: Cybertron|Zygarde-Complete, tera:Steel\n|-heal|p2a: Cybertron|67\/100|[silent]\n|upkeep\n|turn|9\n|\n|t:|1699567156\n|move|p2a: Cybertron|Extreme Speed|p1a: YOUR MAD IM BACK\n|-resisted|p1a: YOUR MAD IM BACK\n|-damage|p1a: YOUR MAD IM BACK|0 fnt\n|faint|p1a: YOUR MAD IM BACK\n|\n|-heal|p2a: Cybertron|73\/100|[from] item: Leftovers\n|upkeep\n|\n|t:|1699567159\n|switch|p1a: 50 cells later...|Zygarde|100\/100\n|turn|10\n|\n|t:|1699567162\n|move|p2a: Cybertron|Breaking Swipe|p1a: 50 cells later...\n|-supereffective|p1a: 50 cells later...\n|-damage|p1a: 50 cells later...|47\/100\n|-unboost|p1a: 50 cells later...|atk|1\n|move|p1a: 50 cells later...|Thousand Arrows|p2a: Cybertron\n|-supereffective|p2a: Cybertron\n|-damage|p2a: Cybertron|51\/100\n|\n|-heal|p2a: Cybertron|57\/100|[from] item: Leftovers\n|-activate|p1a: 50 cells later...|ability: Power Construct\n|detailschange|p1a: 50 cells later...|Zygarde-Complete\n|-heal|p1a: 50 cells later...|67\/100|[silent]\n|upkeep\n|turn|11\n|\n|t:|1699567171\n|move|p2a: Cybertron|Breaking Swipe|p1a: 50 cells later...\n|-supereffective|p1a: 50 cells later...\n|-damage|p1a: 50 cells later...|36\/100\n|-unboost|p1a: 50 cells later...|atk|1\n|move|p1a: 50 cells later...|Thousand Arrows|p2a: Cybertron\n|-supereffective|p2a: Cybertron\n|-damage|p2a: Cybertron|41\/100\n|\n|-heal|p2a: Cybertron|47\/100|[from] item: Leftovers\n|upkeep\n|turn|12\n|\n|t:|1699567174\n|-terastallize|p1a: 50 cells later...|Normal\n|move|p2a: Cybertron|Breaking Swipe|p1a: 50 cells later...\n|-damage|p1a: 50 cells later...|20\/100\n|-unboost|p1a: 50 cells later...|atk|1\n|move|p1a: 50 cells later...|Thousand Arrows|p2a: Cybertron\n|-supereffective|p2a: Cybertron\n|-damage|p2a: Cybertron|35\/100\n|\n|-heal|p2a: Cybertron|41\/100|[from] item: Leftovers\n|upkeep\n|turn|13\n|\n|t:|1699567181\n|move|p2a: Cybertron|Thousand Arrows|p1a: 50 cells later...\n|-damage|p1a: 50 cells later...|0 fnt\n|faint|p1a: 50 cells later...\n|\n|-heal|p2a: Cybertron|47\/100|[from] item: Leftovers\n|upkeep\n|-message|TheMegaJuncko forfeited.\n|\n|win|SuperSonic26 AE\n|raw|TheMegaJuncko's rating: 1329 &rarr; <strong>1313<\/strong><br \/>(-16 for losing)\n|raw|SuperSonic26 AE's rating: 1406 &rarr; <strong>1422<\/strong><br \/>(+16 for winning)\n|l|\u2606TheMegaJuncko\n","uploadtime":1699567189,"views":5,"p1id":"themegajuncko","p2id":"supersonic26ae","formatid":"gen9nationaldexubers","rating":1313,"private":0,"password":""}