{"id":"gen9nationaldexubers-1985143349","p1":"KarmaNightraide","p2":"vptwarrior","format":"[Gen 9] National Dex Ubers","log":"|j|\u2606KarmaNightraide\n|j|\u2606vptwarrior\n|t:|1699337519\n|gametype|singles\n|player|p1|KarmaNightraide|unknown|1141\n|player|p2|vptwarrior|swimmer|1032\n|teamsize|p1|6\n|teamsize|p2|6\n|gen|9\n|tier|[Gen 9] National Dex Ubers\n|rated|\n|rule|HP Percentage Mod: HP is shown in percentages\n|rule|Endless Battle Clause: Forcing endless battles is banned\n|rule|OHKO Clause: OHKO moves are banned\n|rule|Evasion Moves Clause: Evasion moves are banned\n|rule|Evasion Items Clause: Evasion items are banned\n|rule|Species Clause: Limit one of each Pok\u00e9mon\n|rule|Sleep Clause Mod: Limit one foe put to sleep\n|rule|Mega Rayquaza Clause: You cannot mega evolve Rayquaza\n|clearpoke\n|poke|p1|Aegislash, F|\n|poke|p1|Ceruledge, F|\n|poke|p1|Basculegion, M|\n|poke|p1|Mimikyu, M|\n|poke|p1|Gourgeist-*, F|\n|poke|p1|Banette, F|\n|poke|p2|Torkoal, M|\n|poke|p2|Rotom-Heat|\n|poke|p2|Typhlosion, M|\n|poke|p2|Incineroar, M|\n|poke|p2|Camerupt, M|\n|poke|p2|Volcarona, F|\n|teampreview\n|\n|t:|1699337525\n|start\n|switch|p1a: Go to sleep...|Banette, F|100\/100\n|switch|p2a: Old Smoky|Torkoal, M|100\/100\n|-weather|SunnyDay|[from] ability: Drought|[of] p2a: Old Smoky\n|turn|1\n|\n|t:|1699337552\n|detailschange|p1a: Go to sleep...|Banette-Mega, F\n|-mega|p1a: Go to sleep...|Banette|Banettite\n|move|p1a: Go to sleep...|Swords Dance|p1a: Go to sleep...\n|-boost|p1a: Go to sleep...|atk|2\n|move|p2a: Old Smoky|Stealth Rock|p1a: Go to sleep...\n|-sidestart|p1: KarmaNightraide|move: Stealth Rock\n|\n|-weather|SunnyDay|[upkeep]\n|upkeep\n|turn|2\n|\n|t:|1699337564\n|move|p1a: Go to sleep...|Encore|p2a: Old Smoky\n|-start|p2a: Old Smoky|Encore\n|move|p2a: Old Smoky|Stealth Rock||[still]\n|-fail|p2a: Old Smoky\n|\n|-weather|SunnyDay|[upkeep]\n|upkeep\n|turn|3\n|\n|t:|1699337573\n|switch|p2a: Bad Wave|Rotom-Heat|100\/100\n|move|p1a: Go to sleep...|Swords Dance|p1a: Go to sleep...\n|-boost|p1a: Go to sleep...|atk|2\n|\n|-weather|SunnyDay|[upkeep]\n|upkeep\n|turn|4\n|inactive|Battle timer is ON: inactive players will automatically lose when time's up. (requested by vptwarrior)\n|\n|t:|1699337594\n|move|p1a: Go to sleep...|Poltergeist|p2a: Bad Wave\n|-activate|p2a: Bad Wave|move: Poltergeist|Lagging Tail\n|-damage|p2a: Bad Wave|0 fnt\n|faint|p2a: Bad Wave\n|\n|-weather|SunnyDay|[upkeep]\n|upkeep\n|\n|t:|1699337603\n|switch|p2a: Volatile|Typhlosion, M|100\/100\n|turn|5\n|\n|t:|1699337612\n|move|p1a: Go to sleep...|Sucker Punch|p2a: Volatile\n|-damage|p2a: Volatile|0 fnt\n|faint|p2a: Volatile\n|\n|-weather|none\n|upkeep\n|inactive|vptwarrior has 120 seconds left.\n|\n|t:|1699337649\n|switch|p2a: Old Smoky|Torkoal, M|100\/100\n|-weather|SunnyDay|[from] ability: Drought|[of] p2a: Old Smoky\n|turn|6\n|\n|t:|1699337655\n|move|p1a: Go to sleep...|Poltergeist|p2a: Old Smoky\n|-activate|p2a: Old Smoky|move: Poltergeist|Leftovers\n|-damage|p2a: Old Smoky|0 fnt\n|faint|p2a: Old Smoky\n|\n|-weather|SunnyDay|[upkeep]\n|upkeep\n|\n|t:|1699337660\n|switch|p2a: Gonna Blow|Camerupt, M|100\/100\n|turn|7\n|\n|t:|1699337668\n|move|p1a: Go to sleep...|Poltergeist|p2a: Gonna Blow|[miss]\n|-miss|p1a: Go to sleep...|p2a: Gonna Blow\n|move|p2a: Gonna Blow|Roar|p1a: Go to sleep...\n|drag|p1a: Excalasey|Aegislash, F|100\/100\n|-damage|p1a: Excalasey|94\/100|[from] Stealth Rock\n|\n|-weather|SunnyDay|[upkeep]\n|upkeep\n|turn|8\n|inactive|KarmaNightraide has 120 seconds left.\n|\n|t:|1699337709\n|-formechange|p1a: Excalasey|Aegislash-Blade||[from] ability: Stance Change\n|move|p1a: Excalasey|Sacred Sword|p2a: Gonna Blow\n|-damage|p2a: Gonna Blow|42\/100\n|move|p2a: Gonna Blow|Lava Plume|p1a: Excalasey\n|-supereffective|p1a: Excalasey\n|-damage|p1a: Excalasey|0 fnt\n|faint|p1a: Excalasey\n|\n|-weather|SunnyDay|[upkeep]\n|upkeep\n|\n|t:|1699337721\n|switch|p1a: Fish|Basculegion, M|100\/100\n|-damage|p1a: Fish|88\/100|[from] Stealth Rock\n|-ability|p1a: Fish|Mold Breaker\n|turn|9\n|\n|t:|1699337735\n|-terastallize|p1a: Fish|Water\n|move|p1a: Fish|Wave Crash|p2a: Gonna Blow\n|-supereffective|p2a: Gonna Blow\n|-damage|p2a: Gonna Blow|0 fnt\n|faint|p2a: Gonna Blow\n|-damage|p1a: Fish|76\/100|[from] Recoil\n|\n|-weather|SunnyDay|[upkeep]\n|upkeep\n|inactive|vptwarrior has 120 seconds left.\n|\n|t:|1699337774\n|switch|p2a: Crimson Oreo|Incineroar, M|100\/100\n|-ability|p2a: Crimson Oreo|Intimidate|boost\n|-unboost|p1a: Fish|atk|1\n|turn|10\n|\n|t:|1699337792\n|move|p1a: Fish|Wave Crash|p2a: Crimson Oreo\n|-supereffective|p2a: Crimson Oreo\n|-damage|p2a: Crimson Oreo|57\/100\n|-damage|p1a: Fish|63\/100|[from] Recoil\n|move|p2a: Crimson Oreo|Darkest Lariat|p1a: Fish\n|-damage|p1a: Fish|10\/100\n|\n|-weather|none\n|-heal|p2a: Crimson Oreo|63\/100|[from] item: Leftovers\n|upkeep\n|turn|11\n|\n|t:|1699337803\n|move|p1a: Fish|Wave Crash|p2a: Crimson Oreo\n|-supereffective|p2a: Crimson Oreo\n|-damage|p2a: Crimson Oreo|0 fnt\n|faint|p2a: Crimson Oreo\n|-damage|p1a: Fish|0 fnt|[from] Recoil\n|faint|p1a: Fish\n|\n|upkeep\n|inactive|vptwarrior has 120 seconds left.\n|inactive|KarmaNightraide has 120 seconds left.\n|\n|t:|1699337837\n|switch|p1a: Go to sleep...|Banette-Mega, F|100\/100\n|switch|p2a: Azula|Volcarona, F|100\/100\n|-damage|p1a: Go to sleep...|88\/100|[from] Stealth Rock\n|turn|12\n|inactive|vptwarrior has 90 seconds left.\n|\n|t:|1699337870\n|move|p1a: Go to sleep...|Sucker Punch|p2a: Azula\n|-damage|p2a: Azula|47\/100\n|move|p2a: Azula|Fiery Dance|p1a: Go to sleep...\n|-damage|p1a: Go to sleep...|15\/100\n|\n|-heal|p2a: Azula|53\/100|[from] item: Leftovers\n|upkeep\n|turn|13\n|\n|t:|1699337881\n|move|p1a: Go to sleep...|Sucker Punch|p2a: Azula\n|-damage|p2a: Azula|2\/100\n|move|p2a: Azula|Giga Drain|p1a: Go to sleep...\n|-damage|p1a: Go to sleep...|0 fnt\n|-heal|p2a: Azula|9\/100|[from] drain|[of] p1a: Go to sleep...\n|faint|p1a: Go to sleep...\n|\n|-heal|p2a: Azula|15\/100|[from] item: Leftovers\n|upkeep\n|\n|t:|1699337891\n|switch|p1a: Lil guy my man|Mimikyu, M|100\/100\n|-damage|p1a: Lil guy my man|88\/100|[from] Stealth Rock\n|turn|14\n|\n|t:|1699337914\n|move|p1a: Lil guy my man|Swords Dance|p1a: Lil guy my man\n|-boost|p1a: Lil guy my man|atk|2\n|move|p2a: Azula|Giga Drain|p1a: Lil guy my man\n|-activate|p1a: Lil guy my man|ability: Disguise\n|-damage|p1a: Lil guy my man|88\/100\n|detailschange|p1a: Lil guy my man|Mimikyu-Busted, M\n|-damage|p1a: Lil guy my man|76\/100|[from] pokemon: Mimikyu-Busted\n|\n|-heal|p2a: Azula|21\/100|[from] item: Leftovers\n|upkeep\n|turn|15\n|\n|t:|1699337926\n|move|p1a: Lil guy my man|Shadow Sneak|p2a: Azula\n|-crit|p2a: Azula\n|-damage|p2a: Azula|0 fnt\n|-status|p1a: Lil guy my man|brn|[from] ability: Flame Body|[of] p2a: Azula\n|faint|p2a: Azula\n|-damage|p1a: Lil guy my man|66\/100 brn|[from] item: Life Orb\n|\n|win|KarmaNightraide\n|raw|KarmaNightraide's rating: 1141 &rarr; <strong>1158<\/strong><br \/>(+17 for winning)\n|raw|vptwarrior's rating: 1032 &rarr; <strong>1022<\/strong><br \/>(-10 for losing)\n","uploadtime":1699337938,"views":10,"p1id":"karmanightraide","p2id":"vptwarrior","formatid":"gen9nationaldexubers","rating":1022,"private":0,"password":""}