{"id":"gen9nationaldexubers-1987382170","p1":"Jam20Jam","p2":"tbor2002","format":"[Gen 9] National Dex Ubers","log":"|j|\u2606Jam20Jam\n|j|\u2606tbor2002\n|t:|1699584257\n|gametype|singles\n|player|p1|Jam20Jam|carmine|\n|player|p2|tbor2002|wattson|\n|teamsize|p1|6\n|teamsize|p2|6\n|gen|9\n|tier|[Gen 9] National Dex Ubers\n|rule|HP Percentage Mod: HP is shown in percentages\n|rule|Endless Battle Clause: Forcing endless battles is banned\n|rule|OHKO Clause: OHKO moves are banned\n|rule|Evasion Moves Clause: Evasion moves are banned\n|rule|Evasion Items Clause: Evasion items are banned\n|rule|Species Clause: Limit one of each Pok\u00e9mon\n|rule|Sleep Clause Mod: Limit one foe put to sleep\n|rule|Mega Rayquaza Clause: You cannot mega evolve Rayquaza\n|clearpoke\n|poke|p1|Amoonguss, M|\n|poke|p1|Skeledirge, F|\n|poke|p1|Cetitan, M|\n|poke|p1|Grimer-Alola, M|\n|poke|p1|Coalossal, M|\n|poke|p1|Veluza, F|\n|poke|p2|Walking Wake|\n|poke|p2|Muk-Alola, M|\n|poke|p2|Jolteon, F|\n|poke|p2|Toxicroak, F|\n|poke|p2|Crabominable, F|\n|poke|p2|Glimmet, F|\n|teampreview\n|\n|t:|1699584277\n|start\n|switch|p1a: Veluza|Veluza, F|100\/100\n|switch|p2a: Toxicroak|Toxicroak, F|100\/100\n|-ability|p1a: Veluza|Mold Breaker\n|turn|1\n|j| itzsamurottlel\n|\n|t:|1699584313\n|switch|p2a: Muk|Muk-Alola, M|100\/100\n|move|p1a: Veluza|Snowscape|p1a: Veluza\n|-weather|Snow\n|\n|-weather|Snow|[upkeep]\n|upkeep\n|turn|2\n|\n|t:|1699584329\n|switch|p1a: Cetitan|Cetitan, M|100\/100\n|move|p2a: Muk|Knock Off|p1a: Cetitan\n|-damage|p1a: Cetitan|69\/100\n|-enditem|p1a: Cetitan|Sitrus Berry|[from] move: Knock Off|[of] p2a: Muk\n|\n|-weather|Snow|[upkeep]\n|upkeep\n|turn|3\n|\n|t:|1699584342\n|move|p1a: Cetitan|Belly Drum|p1a: Cetitan\n|-damage|p1a: Cetitan|19\/100\n|-setboost|p1a: Cetitan|atk|6|[from] move: Belly Drum\n|move|p2a: Muk|Clear Smog|p1a: Cetitan\n|-damage|p1a: Cetitan|6\/100\n|-clearboost|p1a: Cetitan\n|\n|-weather|Snow|[upkeep]\n|upkeep\n|turn|4\n|\n|t:|1699584355\n|move|p1a: Cetitan|Earthquake|p2a: Muk\n|-supereffective|p2a: Muk\n|-damage|p2a: Muk|40\/100\n|move|p2a: Muk|Brick Break|p1a: Cetitan\n|-supereffective|p1a: Cetitan\n|-damage|p1a: Cetitan|0 fnt\n|faint|p1a: Cetitan\n|\n|-weather|Snow|[upkeep]\n|upkeep\n|\n|t:|1699584383\n|switch|p1a: Grimer|Grimer-Alola, M|100\/100\n|turn|5\n|\n|t:|1699584389\n|move|p2a: Muk|Knock Off|p1a: Grimer\n|-resisted|p1a: Grimer\n|-damage|p1a: Grimer|75\/100\n|-enditem|p1a: Grimer|Eviolite|[from] move: Knock Off|[of] p2a: Muk\n|move|p1a: Grimer|Knock Off|p2a: Muk\n|-resisted|p2a: Muk\n|-damage|p2a: Muk|19\/100\n|-enditem|p2a: Muk|Assault Vest|[from] move: Knock Off|[of] p1a: Grimer\n|\n|-weather|Snow|[upkeep]\n|upkeep\n|turn|6\n|\n|t:|1699584408\n|switch|p2a: Glimmet|Glimmet, F|100\/100\n|move|p1a: Grimer|Knock Off|p2a: Glimmet\n|-enditem|p2a: Glimmet|Focus Sash\n|-damage|p2a: Glimmet|1\/100\n|-activate|p2a: Glimmet|ability: Toxic Debris\n|-sidestart|p1: Jam20Jam|move: Toxic Spikes\n|\n|-weather|Snow|[upkeep]\n|upkeep\n|turn|7\n|\n|t:|1699584440\n|move|p2a: Glimmet|Stealth Rock|p1a: Grimer\n|-sidestart|p1: Jam20Jam|move: Stealth Rock\n|move|p1a: Grimer|Taunt|p2a: Glimmet\n|-start|p2a: Glimmet|move: Taunt\n|\n|-weather|Snow|[upkeep]\n|upkeep\n|turn|8\n|\n|t:|1699584451\n|move|p2a: Glimmet|Power Gem|p1a: Grimer\n|-damage|p1a: Grimer|18\/100\n|move|p1a: Grimer|Knock Off|p2a: Glimmet\n|-damage|p2a: Glimmet|0 fnt\n|-activate|p2a: Glimmet|ability: Toxic Debris\n|-sidestart|p1: Jam20Jam|move: Toxic Spikes\n|faint|p2a: Glimmet\n|\n|-weather|none\n|upkeep\n|\n|t:|1699584466\n|switch|p2a: Jolteon|Jolteon, F|100\/100\n|turn|9\n|\n|t:|1699584471\n|move|p2a: Jolteon|Thunderbolt|p1a: Grimer\n|-damage|p1a: Grimer|0 fnt\n|faint|p1a: Grimer\n|\n|upkeep\n|\n|t:|1699584478\n|switch|p1a: Amoonguss|Amoonguss, M|100\/100\n|-sideend|p1: Jam20Jam|move: Toxic Spikes|[of] p1a: Amoonguss\n|-damage|p1a: Amoonguss|88\/100|[from] Stealth Rock\n|turn|10\n|l| itzsamurottlel\n|\n|t:|1699584499\n|move|p2a: Jolteon|Volt Switch|p1a: Amoonguss\n|-resisted|p1a: Amoonguss\n|-damage|p1a: Amoonguss|77\/100\n|\n|t:|1699584503\n|switch|p2a: Muk|Muk-Alola, M|19\/100|[from] Volt Switch\n|move|p1a: Amoonguss|Toxic|p2a: Muk\n|-immune|p2a: Muk\n|\n|-heal|p1a: Amoonguss|83\/100|[from] item: Leftovers\n|upkeep\n|turn|11\n|\n|t:|1699584523\n|move|p2a: Muk|Knock Off|p1a: Amoonguss\n|-damage|p1a: Amoonguss|36\/100\n|-enditem|p1a: Amoonguss|Leftovers|[from] move: Knock Off|[of] p2a: Muk\n|move|p1a: Amoonguss|Sludge Bomb|p2a: Muk\n|-resisted|p2a: Muk\n|-damage|p2a: Muk|7\/100\n|\n|upkeep\n|turn|12\n|\n|t:|1699584536\n|move|p2a: Muk|Poison Jab|p1a: Amoonguss\n|-damage|p1a: Amoonguss|0 fnt\n|faint|p1a: Amoonguss\n|\n|upkeep\n|\n|t:|1699584549\n|switch|p1a: Veluza|Veluza, F|100\/100\n|-damage|p1a: Veluza|88\/100|[from] Stealth Rock\n|-ability|p1a: Veluza|Mold Breaker\n|turn|13\n|\n|t:|1699584557\n|move|p1a: Veluza|Flip Turn|p2a: Muk\n|-damage|p2a: Muk|0 fnt\n|faint|p2a: Muk\n|\n|t:|1699584567\n|switch|p1a: Coalossal|Coalossal, M|100\/100|[from] Flip Turn\n|-damage|p1a: Coalossal|76\/100|[from] Stealth Rock\n|\n|upkeep\n|\n|t:|1699584575\n|switch|p2a: Crabominable|Crabominable, F|100\/100\n|turn|14\n|\n|t:|1699584580\n|switch|p1a: Skeledirge|Skeledirge, F|100\/100\n|-damage|p1a: Skeledirge|76\/100|[from] Stealth Rock\n|move|p2a: Crabominable|Drain Punch|p1a: Skeledirge\n|-immune|p1a: Skeledirge\n|\n|upkeep\n|turn|15\n|\n|t:|1699584589\n|move|p1a: Skeledirge|Torch Song|p2a: Crabominable\n|-supereffective|p2a: Crabominable\n|-damage|p2a: Crabominable|34\/100\n|-boost|p1a: Skeledirge|spa|1\n|move|p2a: Crabominable|Earthquake|p1a: Skeledirge\n|-supereffective|p1a: Skeledirge\n|-damage|p1a: Skeledirge|12\/100\n|\n|upkeep\n|turn|16\n|\n|t:|1699584604\n|switch|p2a: Walking Wake|Walking Wake|100\/100\n|move|p1a: Skeledirge|Torch Song|p2a: Walking Wake\n|-resisted|p2a: Walking Wake\n|-damage|p2a: Walking Wake|83\/100\n|-boost|p1a: Skeledirge|spa|1\n|\n|upkeep\n|turn|17\n|\n|t:|1699584618\n|move|p2a: Walking Wake|Dragon Pulse|p1a: Skeledirge\n|-damage|p1a: Skeledirge|0 fnt\n|faint|p1a: Skeledirge\n|\n|upkeep\n|\n|t:|1699584623\n|switch|p1a: Coalossal|Coalossal, M|76\/100\n|-damage|p1a: Coalossal|51\/100|[from] Stealth Rock\n|turn|18\n|\n|t:|1699584635\n|-terastallize|p1a: Coalossal|Water\n|move|p2a: Walking Wake|Dragon Pulse|p1a: Coalossal\n|-damage|p1a: Coalossal|0 fnt\n|faint|p1a: Coalossal\n|\n|upkeep\n|\n|t:|1699584641\n|switch|p1a: Veluza|Veluza, F|88\/100\n|-damage|p1a: Veluza|76\/100|[from] Stealth Rock\n|-ability|p1a: Veluza|Mold Breaker\n|turn|19\n|\n|t:|1699584667\n|-end|p2a: Walking Wake|Protosynthesis|[silent]\n|switch|p2a: Toxicroak|Toxicroak, F|100\/100\n|move|p1a: Veluza|Psychic Fangs|p2a: Toxicroak\n|-supereffective|p2a: Toxicroak\n|-damage|p2a: Toxicroak|0 fnt\n|faint|p2a: Toxicroak\n|\n|upkeep\n|\n|t:|1699584682\n|switch|p2a: Jolteon|Jolteon, F|100\/100\n|turn|20\n|\n|t:|1699584687\n|move|p2a: Jolteon|Thunderbolt|p1a: Veluza\n|-supereffective|p1a: Veluza\n|-damage|p1a: Veluza|0 fnt\n|faint|p1a: Veluza\n|\n|win|tbor2002\n","uploadtime":1699584694,"views":7,"p1id":"jam20jam","p2id":"tbor2002","formatid":"gen9nationaldexubers","rating":0,"private":0,"password":""}