{"id":"gen9nationaldexubers-1995052401","p1":"greenwoodgyarados","p2":"Kinghenry93","format":"[Gen 9] National Dex Ubers","log":"|j|\u2606greenwoodgyarados\n|j|\u2606Kinghenry93\n|t:|1700517416\n|gametype|singles\n|player|p1|greenwoodgyarados|bugsy|\n|player|p2|Kinghenry93|265|\n|teamsize|p1|6\n|teamsize|p2|6\n|gen|9\n|tier|[Gen 9] National Dex Ubers\n|rule|HP Percentage Mod: HP is shown in percentages\n|rule|Endless Battle Clause: Forcing endless battles is banned\n|rule|OHKO Clause: OHKO moves are banned\n|rule|Evasion Moves Clause: Evasion moves are banned\n|rule|Evasion Items Clause: Evasion items are banned\n|rule|Species Clause: Limit one of each Pok\u00e9mon\n|rule|Sleep Clause Mod: Limit one foe put to sleep\n|rule|Mega Rayquaza Clause: You cannot mega evolve Rayquaza\n|clearpoke\n|poke|p1|Roaring Moon|\n|poke|p1|Walking Wake|\n|poke|p1|Great Tusk|\n|poke|p1|Basculegion, M|\n|poke|p1|Shuckle, F|\n|poke|p1|Pelipper, M|\n|poke|p2|Landorus-Therian, M|\n|poke|p2|Clefable, F|\n|poke|p2|Weavile, M|\n|poke|p2|Iron Hands|\n|poke|p2|Empoleon, F|\n|poke|p2|Celebi|\n|teampreview\n|l|\u2606Kinghenry93\n|player|p2|\n|j|\u2606Kinghenry93\n|player|p2|Kinghenry93|265\n|c|\u2606Kinghenry93|Whats up man!\n|c|\u2606greenwoodgyarados|hey hey! glgl\n|l|\u2606Kinghenry93\n|player|p2|\n|j|\u2606Kinghenry93\n|player|p2|Kinghenry93|265\n|c|\u2606greenwoodgyarados|welcome back!\n|c|\u2606Kinghenry93|Yeah gl dude. Sorry importing sets\n|c|\u2606Kinghenry93|Alright let\u2019s do this. The iPad gets finicky with showdown\n|c|\u2606greenwoodgyarados|all g!\n|\n|t:|1700517581\n|start\n|switch|p1a: Pelipper|Pelipper, M|100\/100\n|switch|p2a: Empoleon|Empoleon, F|100\/100\n|-weather|RainDance|[from] ability: Drizzle|[of] p1a: Pelipper\n|turn|1\n|\n|t:|1700517591\n|move|p1a: Pelipper|Hurricane|p2a: Empoleon\n|-resisted|p2a: Empoleon\n|-damage|p2a: Empoleon|84\/100\n|move|p2a: Empoleon|Flip Turn|p1a: Pelipper\n|-resisted|p1a: Pelipper\n|-damage|p1a: Pelipper|88\/100\n|j| Poke_Pippin420\n|\n|t:|1700517611\n|switch|p2a: Weavile|Weavile, M|100\/100|[from] Flip Turn\n|-ability|p2a: Weavile|Pressure\n|\n|-weather|RainDance|[upkeep]\n|upkeep\n|turn|2\n|\n|t:|1700517615\n|move|p2a: Weavile|Knock Off|p1a: Pelipper\n|-damage|p1a: Pelipper|22\/100\n|-enditem|p1a: Pelipper|Damp Rock|[from] move: Knock Off|[of] p2a: Weavile\n|move|p1a: Pelipper|Hurricane|p2a: Weavile\n|-damage|p2a: Weavile|52\/100\n|\n|-weather|RainDance|[upkeep]\n|upkeep\n|turn|3\n|\n|t:|1700517623\n|move|p2a: Weavile|Knock Off|p1a: Pelipper\n|-damage|p1a: Pelipper|0 fnt\n|faint|p1a: Pelipper\n|\n|-weather|RainDance|[upkeep]\n|upkeep\n|l| Poke_Pippin420\n|\n|t:|1700517637\n|switch|p1a: Shuckle|Shuckle, F|100\/100\n|turn|4\n|\n|t:|1700517647\n|switch|p2a: Landorus|Landorus-Therian, M|100\/100\n|-ability|p2a: Landorus|Intimidate|boost\n|-unboost|p1a: Shuckle|atk|1\n|move|p1a: Shuckle|Stealth Rock|p2a: Landorus\n|-sidestart|p2: Kinghenry93|move: Stealth Rock\n|\n|-weather|RainDance|[upkeep]\n|upkeep\n|turn|5\n|j| Poke_Pippin420\n|\n|t:|1700517653\n|move|p2a: Landorus|Taunt|p1a: Shuckle\n|-start|p1a: Shuckle|move: Taunt\n|cant|p1a: Shuckle|move: Taunt|Toxic\n|\n|-weather|RainDance|[upkeep]\n|upkeep\n|turn|6\n|\n|t:|1700517658\n|move|p2a: Landorus|Substitute|p2a: Landorus\n|-start|p2a: Landorus|Substitute\n|-damage|p2a: Landorus|76\/100\n|move|p1a: Shuckle|Body Slam|p2a: Landorus\n|-activate|p2a: Landorus|move: Substitute|[damage]\n|\n|-weather|RainDance|[upkeep]\n|-heal|p2a: Landorus|82\/100|[from] item: Leftovers\n|upkeep\n|turn|7\n|\n|t:|1700517672\n|switch|p1a: Walking Wake|Walking Wake|100\/100\n|-enditem|p1a: Walking Wake|Booster Energy\n|-activate|p1a: Walking Wake|ability: Protosynthesis|[fromitem]\n|-start|p1a: Walking Wake|protosynthesisspe\n|move|p2a: Landorus|Earthquake|p1a: Walking Wake\n|-damage|p1a: Walking Wake|36\/100\n|\n|-weather|RainDance|[upkeep]\n|-heal|p2a: Landorus|88\/100|[from] item: Leftovers\n|upkeep\n|turn|8\n|c|\u2606greenwoodgyarados|I am scared\n|\n|t:|1700517702\n|move|p1a: Walking Wake|Hydro Steam|p2a: Landorus\n|-supereffective|p2a: Landorus\n|-end|p2a: Landorus|Substitute\n|move|p2a: Landorus|Earthquake|p1a: Walking Wake\n|-damage|p1a: Walking Wake|0 fnt\n|faint|p1a: Walking Wake\n|-end|p1a: Walking Wake|Protosynthesis|[silent]\n|\n|-weather|none\n|-heal|p2a: Landorus|94\/100|[from] item: Leftovers\n|upkeep\n|\n|t:|1700517709\n|switch|p1a: Roaring Moon|Roaring Moon|100\/100\n|turn|9\n|\n|t:|1700517719\n|switch|p2a: Clefable|Clefable, F|100\/100\n|-damage|p2a: Clefable|88\/100|[from] Stealth Rock\n|move|p1a: Roaring Moon|U-turn|p2a: Clefable\n|-resisted|p2a: Clefable\n|-damage|p2a: Clefable|69\/100\n|-damage|p1a: Roaring Moon|91\/100|[from] item: Life Orb\n|\n|t:|1700517729\n|-end|p1a: Roaring Moon|Protosynthesis|[silent]\n|switch|p1a: Basculegion|Basculegion, M|100\/100|[from] U-turn\n|\n|-heal|p2a: Clefable|75\/100|[from] item: Leftovers\n|upkeep\n|turn|10\n|\n|t:|1700517738\n|move|p1a: Basculegion|Agility|p1a: Basculegion\n|-boost|p1a: Basculegion|spe|2\n|move|p2a: Clefable|Thunder Wave|p1a: Basculegion\n|-status|p1a: Basculegion|par\n|\n|-heal|p2a: Clefable|81\/100|[from] item: Leftovers\n|upkeep\n|turn|11\n|\n|t:|1700517746\n|move|p1a: Basculegion|Agility|p1a: Basculegion\n|-boost|p1a: Basculegion|spe|2\n|move|p2a: Clefable|Toxic||[still]\n|-fail|p2a: Clefable\n|\n|-heal|p2a: Clefable|87\/100|[from] item: Leftovers\n|upkeep\n|turn|12\n|l|\u2606Kinghenry93\n|player|p2|\n|j|\u2606Kinghenry93\n|player|p2|Kinghenry93|265\n|c|\u2606Kinghenry93|Lol dang it! I did that once last year\n|\n|t:|1700517777\n|cant|p1a: Basculegion|par\n|move|p2a: Clefable|Moonblast|p1a: Basculegion\n|-damage|p1a: Basculegion|67\/100 par\n|\n|-heal|p2a: Clefable|93\/100|[from] item: Leftovers\n|upkeep\n|turn|13\n|\n|t:|1700517785\n|move|p1a: Basculegion|Wave Crash|p2a: Clefable\n|-damage|p2a: Clefable|0 fnt\n|faint|p2a: Clefable\n|-damage|p1a: Basculegion|36\/100 par|[from] Recoil\n|-damage|p1a: Basculegion|26\/100 par|[from] item: Life Orb\n|\n|upkeep\n|\n|t:|1700517797\n|switch|p2a: Weavile|Weavile, M|52\/100\n|-damage|p2a: Weavile|28\/100|[from] Stealth Rock\n|-ability|p2a: Weavile|Pressure\n|turn|14\n|\n|t:|1700517802\n|cant|p1a: Basculegion|par\n|move|p2a: Weavile|Knock Off|p1a: Basculegion\n|-supereffective|p1a: Basculegion\n|-damage|p1a: Basculegion|0 fnt\n|-enditem|p1a: Basculegion|Life Orb|[from] move: Knock Off|[of] p2a: Weavile\n|faint|p1a: Basculegion\n|\n|upkeep\n|c|\u2606greenwoodgyarados|:(\n|\n|t:|1700517813\n|switch|p1a: Great Tusk|Great Tusk|100\/100\n|-enditem|p1a: Great Tusk|Booster Energy\n|-activate|p1a: Great Tusk|ability: Protosynthesis|[fromitem]\n|-start|p1a: Great Tusk|protosynthesisspe\n|turn|15\n|\n|t:|1700517822\n|move|p1a: Great Tusk|Headlong Rush|p2a: Weavile\n|-damage|p2a: Weavile|0 fnt\n|-unboost|p1a: Great Tusk|def|1\n|-unboost|p1a: Great Tusk|spd|1\n|faint|p2a: Weavile\n|\n|upkeep\n|l| Poke_Pippin420\n|l|\u2606Kinghenry93\n|player|p2|\n|j|\u2606Kinghenry93\n|player|p2|Kinghenry93|265\n|c|\u2606Kinghenry93|Yeah damn. I had to play that para! But damn he hit hard\n|j| Poke_Pippin420\n|c|\u2606greenwoodgyarados|that's what para is there for :p\n|\n|t:|1700517875\n|switch|p2a: Landorus|Landorus-Therian, M|94\/100\n|-damage|p2a: Landorus|81\/100|[from] Stealth Rock\n|-ability|p2a: Landorus|Intimidate|boost\n|-unboost|p1a: Great Tusk|atk|1\n|turn|16\n|\n|t:|1700517882\n|move|p1a: Great Tusk|Ice Spinner|p2a: Landorus\n|-supereffective|p2a: Landorus\n|-crit|p2a: Landorus\n|-damage|p2a: Landorus|0 fnt\n|faint|p2a: Landorus\n|\n|upkeep\n|c|\u2606Kinghenry93|Gah!\n|c| Poke_Pippin420|Shouldn't have sacked pelipper the universe punished your hubris\n|l| Poke_Pippin420\n|c|\u2606greenwoodgyarados|pelipper is a red herring\n|\n|t:|1700517907\n|switch|p2a: Iron Hands|Iron Hands|100\/100\n|-damage|p2a: Iron Hands|94\/100|[from] Stealth Rock\n|-enditem|p2a: Iron Hands|Booster Energy\n|-activate|p2a: Iron Hands|ability: Quark Drive|[fromitem]\n|-start|p2a: Iron Hands|quarkdriveatk\n|turn|17\n|j| Poke_Pippin420\n|\n|t:|1700517919\n|move|p2a: Iron Hands|Fake Out|p1a: Great Tusk\n|-damage|p1a: Great Tusk|79\/100\n|cant|p1a: Great Tusk|flinch\n|\n|upkeep\n|turn|18\n|\n|t:|1700517928\n|move|p1a: Great Tusk|Headlong Rush|p2a: Iron Hands\n|-supereffective|p2a: Iron Hands\n|-damage|p2a: Iron Hands|50\/100\n|-unboost|p1a: Great Tusk|def|1\n|-unboost|p1a: Great Tusk|spd|1\n|move|p2a: Iron Hands|Drain Punch|p1a: Great Tusk\n|-damage|p1a: Great Tusk|6\/100\n|-heal|p2a: Iron Hands|81\/100|[from] drain|[of] p1a: Great Tusk\n|\n|upkeep\n|turn|19\n|\n|t:|1700517940\n|-end|p2a: Iron Hands|Quark Drive|[silent]\n|switch|p2a: Celebi|Celebi|100\/100\n|-damage|p2a: Celebi|88\/100|[from] Stealth Rock\n|move|p1a: Great Tusk|Headlong Rush|p2a: Celebi\n|-resisted|p2a: Celebi\n|-damage|p2a: Celebi|71\/100\n|-unboost|p1a: Great Tusk|def|1\n|-unboost|p1a: Great Tusk|spd|1\n|\n|upkeep\n|turn|20\n|\n|t:|1700517952\n|move|p1a: Great Tusk|Ice Spinner|p2a: Celebi\n|-supereffective|p2a: Celebi\n|-damage|p2a: Celebi|41\/100\n|move|p2a: Celebi|Dazzling Gleam|p1a: Great Tusk\n|-supereffective|p1a: Great Tusk\n|-damage|p1a: Great Tusk|0 fnt\n|faint|p1a: Great Tusk\n|-end|p1a: Great Tusk|Protosynthesis|[silent]\n|\n|upkeep\n|\n|t:|1700517960\n|switch|p1a: Roaring Moon|Roaring Moon|91\/100\n|turn|21\n|l| Poke_Pippin420\n|\n|t:|1700517964\n|move|p1a: Roaring Moon|Knock Off|p2a: Celebi\n|-supereffective|p2a: Celebi\n|-damage|p2a: Celebi|0 fnt\n|-enditem|p2a: Celebi|Choice Specs|[from] move: Knock Off|[of] p1a: Roaring Moon\n|faint|p2a: Celebi\n|-damage|p1a: Roaring Moon|81\/100|[from] item: Life Orb\n|\n|upkeep\n|\n|t:|1700517968\n|switch|p2a: Iron Hands|Iron Hands|81\/100\n|-damage|p2a: Iron Hands|75\/100|[from] Stealth Rock\n|turn|22\n|j| Poke_Pippin420\n|j| t0me\n|\n|t:|1700517985\n|-end|p1a: Roaring Moon|Protosynthesis|[silent]\n|switch|p1a: Shuckle|Shuckle, F|100\/100\n|move|p2a: Iron Hands|Fake Out|p1a: Shuckle\n|-resisted|p1a: Shuckle\n|-damage|p1a: Shuckle|96\/100\n|\n|-heal|p1a: Shuckle|100\/100|[from] item: Leftovers\n|upkeep\n|turn|23\n|\n|t:|1700517994\n|-end|p2a: Iron Hands|Quark Drive|[silent]\n|switch|p2a: Empoleon|Empoleon, F|84\/100\n|-damage|p2a: Empoleon|78\/100|[from] Stealth Rock\n|move|p1a: Shuckle|Body Slam|p2a: Empoleon\n|-resisted|p2a: Empoleon\n|-damage|p2a: Empoleon|76\/100\n|\n|-heal|p2a: Empoleon|82\/100|[from] item: Leftovers\n|upkeep\n|turn|24\n|\n|t:|1700517999\n|move|p2a: Empoleon|Stealth Rock|p1a: Shuckle\n|-sidestart|p1: greenwoodgyarados|move: Stealth Rock\n|move|p1a: Shuckle|Body Slam|p2a: Empoleon\n|-resisted|p2a: Empoleon\n|-damage|p2a: Empoleon|81\/100\n|\n|-heal|p2a: Empoleon|87\/100|[from] item: Leftovers\n|upkeep\n|turn|25\n|\n|t:|1700518007\n|move|p2a: Empoleon|Scald|p1a: Shuckle\n|-supereffective|p1a: Shuckle\n|-crit|p1a: Shuckle\n|-damage|p1a: Shuckle|46\/100\n|move|p1a: Shuckle|Body Slam|p2a: Empoleon\n|-resisted|p2a: Empoleon\n|-damage|p2a: Empoleon|85\/100\n|\n|-heal|p2a: Empoleon|92\/100|[from] item: Leftovers\n|-heal|p1a: Shuckle|53\/100|[from] item: Leftovers\n|upkeep\n|turn|26\n|c|\u2606Kinghenry93|Lol gaining hp that\u2019s hilarious\n|\n|t:|1700518020\n|move|p2a: Empoleon|Scald|p1a: Shuckle\n|-supereffective|p1a: Shuckle\n|-damage|p1a: Shuckle|20\/100\n|move|p1a: Shuckle|Body Slam|p2a: Empoleon\n|-resisted|p2a: Empoleon\n|-damage|p2a: Empoleon|90\/100\n|\n|-heal|p2a: Empoleon|96\/100|[from] item: Leftovers\n|-heal|p1a: Shuckle|26\/100|[from] item: Leftovers\n|upkeep\n|turn|27\n|\n|t:|1700518039\n|move|p2a: Empoleon|Scald|p1a: Shuckle\n|-supereffective|p1a: Shuckle\n|-damage|p1a: Shuckle|0 fnt\n|faint|p1a: Shuckle\n|\n|-heal|p2a: Empoleon|100\/100|[from] item: Leftovers\n|upkeep\n|\n|t:|1700518043\n|switch|p1a: Roaring Moon|Roaring Moon|81\/100\n|-damage|p1a: Roaring Moon|68\/100|[from] Stealth Rock\n|turn|28\n|c|\u2606greenwoodgyarados|gg!\n|c|\u2606Kinghenry93|Idk man!\n|\n|t:|1700518061\n|move|p1a: Roaring Moon|Dragon Dance|p1a: Roaring Moon\n|-boost|p1a: Roaring Moon|atk|1\n|-boost|p1a: Roaring Moon|spe|1\n|move|p2a: Empoleon|Roost||[still]\n|-fail|p2a: Empoleon|heal\n|\n|upkeep\n|turn|29\n|c|\u2606greenwoodgyarados|I think you've got me\n|c|\u2606Kinghenry93|Omg\n|c|\u2606greenwoodgyarados|oh shoot\n|\n|t:|1700518078\n|move|p1a: Roaring Moon|Outrage|p2a: Empoleon\n|-resisted|p2a: Empoleon\n|-damage|p2a: Empoleon|53\/100\n|-damage|p1a: Roaring Moon|58\/100|[from] item: Life Orb\n|move|p2a: Empoleon|Scald|p1a: Roaring Moon\n|-resisted|p1a: Roaring Moon\n|-damage|p1a: Roaring Moon|45\/100\n|-status|p1a: Roaring Moon|brn\n|\n|-heal|p2a: Empoleon|59\/100|[from] item: Leftovers\n|-damage|p1a: Roaring Moon|39\/100 brn|[from] brn\n|upkeep\n|turn|30\n|c|\u2606Kinghenry93|burn baby burn!\n|c|\u2606greenwoodgyarados|ahhh nice haha gg\n|c|\u2606Kinghenry93|LOLOL\n|\n|t:|1700518096\n|move|p1a: Roaring Moon|Outrage|p2a: Empoleon|[from]lockedmove\n|-resisted|p2a: Empoleon\n|-damage|p2a: Empoleon|37\/100\n|-damage|p1a: Roaring Moon|29\/100 brn|[from] item: Life Orb\n|-start|p1a: Roaring Moon|confusion|[fatigue]\n|move|p2a: Empoleon|Roost|p2a: Empoleon\n|-heal|p2a: Empoleon|87\/100\n|-singleturn|p2a: Empoleon|move: Roost\n|\n|-heal|p2a: Empoleon|93\/100|[from] item: Leftovers\n|-damage|p1a: Roaring Moon|23\/100 brn|[from] brn\n|upkeep\n|turn|31\n|\n|t:|1700518101\n|-activate|p1a: Roaring Moon|confusion\n|move|p1a: Roaring Moon|Dragon Dance|p1a: Roaring Moon\n|-boost|p1a: Roaring Moon|atk|1\n|-boost|p1a: Roaring Moon|spe|1\n|move|p2a: Empoleon|Scald|p1a: Roaring Moon\n|-resisted|p1a: Roaring Moon\n|-damage|p1a: Roaring Moon|10\/100 brn\n|\n|-heal|p2a: Empoleon|99\/100|[from] item: Leftovers\n|-damage|p1a: Roaring Moon|4\/100 brn|[from] brn\n|upkeep\n|turn|32\n|c|\u2606Kinghenry93|Sorry for some of the had man\n|c|\u2606Kinghenry93|gg\n|l| Poke_Pippin420\n|c|\u2606greenwoodgyarados|nah you're good its mons - gg!\n|c|\u2606Kinghenry93|Hax\n|\n|t:|1700518118\n|-activate|p1a: Roaring Moon|confusion\n|-damage|p1a: Roaring Moon|0 fnt|[from] confusion\n|faint|p1a: Roaring Moon\n|-end|p1a: Roaring Moon|Protosynthesis|[silent]\n|\n|win|Kinghenry93\n|l| t0me\n|c|\u2606greenwoodgyarados|\ud83d\ude02 roaring moon\n|l|\u2606greenwoodgyarados\n|c|\u2606Kinghenry93|It\u2019s always fun trying your teams out for the first time\n|c|\u2606Kinghenry93|gg man!\n|l|\u2606Kinghenry93\n","uploadtime":1700518216,"views":13,"p1id":"greenwoodgyarados","p2id":"kinghenry93","formatid":"gen9nationaldexubers","rating":0,"private":0,"password":""}