{"id":"gen9nationaldexubers-1989692056","p1":"dog678","p2":"yohisup","format":"[Gen 9] National Dex Ubers","log":"|j|\u2606dog678\n|j|\u203dyohisup\n|t:|1699887351\n|gametype|singles\n|player|p1|dog678|266|1119\n|player|p2|yohisup|169|1109\n|teamsize|p1|6\n|teamsize|p2|6\n|gen|9\n|tier|[Gen 9] National Dex Ubers\n|rated|\n|rule|HP Percentage Mod: HP is shown in percentages\n|rule|Endless Battle Clause: Forcing endless battles is banned\n|rule|OHKO Clause: OHKO moves are banned\n|rule|Evasion Moves Clause: Evasion moves are banned\n|rule|Evasion Items Clause: Evasion items are banned\n|rule|Species Clause: Limit one of each Pok\u00e9mon\n|rule|Sleep Clause Mod: Limit one foe put to sleep\n|rule|Mega Rayquaza Clause: You cannot mega evolve Rayquaza\n|clearpoke\n|poke|p1|Charizard, M|\n|poke|p1|Rayquaza|\n|poke|p1|Greninja-*, M|\n|poke|p1|Tapu Koko|\n|poke|p1|Manectric, M|\n|poke|p1|Hawlucha, F|\n|poke|p2|Mewtwo|\n|poke|p2|Aegislash, F|\n|poke|p2|Lopunny, F|\n|poke|p2|Keldeo-Resolute|\n|poke|p2|Durant, F|\n|poke|p2|Dugtrio, M|\n|teampreview\n|\n|t:|1699887364\n|start\n|switch|p1a: Rayquaza|Rayquaza, shiny|100\/100\n|switch|p2a: Durant|Durant, F|100\/100\n|-ability|p1a: Rayquaza|Air Lock\n|turn|1\n|\n|t:|1699887382\n|switch|p2a: Dugtrio|Dugtrio, M|100\/100\n|move|p1a: Rayquaza|Dragon Ascent|p2a: Dugtrio\n|-enditem|p2a: Dugtrio|Focus Sash\n|-damage|p2a: Dugtrio|1\/100\n|-unboost|p1a: Rayquaza|def|1\n|-unboost|p1a: Rayquaza|spd|1\n|\n|upkeep\n|turn|2\n|\n|t:|1699887398\n|move|p1a: Rayquaza|Extreme Speed|p2a: Dugtrio\n|-damage|p2a: Dugtrio|0 fnt\n|faint|p2a: Dugtrio\n|\n|upkeep\n|\n|t:|1699887406\n|switch|p2a: Lopunny|Lopunny, F|100\/100\n|turn|3\n|\n|t:|1699887424\n|detailschange|p2a: Lopunny|Lopunny-Mega, F\n|-mega|p2a: Lopunny|Lopunny|Lopunnite\n|move|p2a: Lopunny|Fake Out|p1a: Rayquaza\n|-damage|p1a: Rayquaza|68\/100\n|cant|p1a: Rayquaza|flinch\n|\n|upkeep\n|turn|4\n|\n|t:|1699887438\n|switch|p1a: Hawlucha|Hawlucha, F, shiny|100\/100\n|move|p2a: Lopunny|Triple Axel|p1a: Hawlucha\n|-supereffective|p1a: Hawlucha\n|-damage|p1a: Hawlucha|79\/100\n|-supereffective|p1a: Hawlucha\n|-damage|p1a: Hawlucha|39\/100\n|-supereffective|p1a: Hawlucha\n|-damage|p1a: Hawlucha|0 fnt\n|faint|p1a: Hawlucha\n|-hitcount|p1: Hawlucha|3\n|\n|upkeep\n|\n|t:|1699887456\n|switch|p1a: Charizard|Charizard, M, shiny|100\/100\n|turn|5\n|\n|t:|1699887462\n|detailschange|p1a: Charizard|Charizard-Mega-Y, M, shiny\n|-mega|p1a: Charizard|Charizard|Charizardite Y\n|-weather|SunnyDay|[from] ability: Drought|[of] p1a: Charizard\n|move|p2a: Lopunny|Triple Axel|p1a: Charizard|[miss]\n|-miss|p2a: Lopunny|p1a: Charizard\n|move|p1a: Charizard|Hurricane|p2a: Lopunny\n|-supereffective|p2a: Lopunny\n|-damage|p2a: Lopunny|0 fnt\n|faint|p2a: Lopunny\n|\n|-weather|SunnyDay|[upkeep]\n|upkeep\n|\n|t:|1699887476\n|switch|p2a: Keldeo|Keldeo-Resolute|100\/100\n|turn|6\n|\n|t:|1699887489\n|switch|p2a: Durant|Durant, F|100\/100\n|move|p1a: Charizard|Hurricane|p2a: Durant|[miss]\n|-miss|p1a: Charizard|p2a: Durant\n|\n|-weather|SunnyDay|[upkeep]\n|upkeep\n|turn|7\n|\n|t:|1699887505\n|move|p2a: Durant|Rock Slide|p1a: Charizard\n|-supereffective|p1a: Charizard\n|-damage|p1a: Charizard|10\/100\n|move|p1a: Charizard|Fire Blast|p2a: Durant\n|-supereffective|p2a: Durant\n|-damage|p2a: Durant|0 fnt\n|faint|p2a: Durant\n|\n|-weather|SunnyDay|[upkeep]\n|upkeep\n|inactive|Battle timer is ON: inactive players will automatically lose when time's up. (requested by yohisup)\n|\n|t:|1699887514\n|switch|p2a: Aegislash|Aegislash, F|100\/100\n|turn|8\n|\n|t:|1699887526\n|move|p1a: Charizard|Fire Blast|p2a: Aegislash\n|-supereffective|p2a: Aegislash\n|-damage|p2a: Aegislash|0 fnt\n|faint|p2a: Aegislash\n|\n|-weather|SunnyDay|[upkeep]\n|upkeep\n|\n|t:|1699887532\n|switch|p2a: Keldeo|Keldeo-Resolute|100\/100\n|turn|9\n|\n|t:|1699887543\n|move|p2a: Keldeo|Scald|p1a: Charizard\n|-supereffective|p1a: Charizard\n|-damage|p1a: Charizard|0 fnt\n|faint|p1a: Charizard\n|\n|-weather|none\n|upkeep\n|\n|t:|1699887548\n|switch|p1a: Rayquaza|Rayquaza, shiny|68\/100\n|-ability|p1a: Rayquaza|Air Lock\n|turn|10\n|\n|t:|1699887562\n|-terastallize|p2a: Keldeo|Water\n|move|p2a: Keldeo|Calm Mind|p2a: Keldeo\n|-boost|p2a: Keldeo|spa|1\n|-boost|p2a: Keldeo|spd|1\n|move|p1a: Rayquaza|Dragon Ascent|p2a: Keldeo\n|-damage|p2a: Keldeo|12\/100\n|-unboost|p1a: Rayquaza|def|1\n|-unboost|p1a: Rayquaza|spd|1\n|\n|upkeep\n|turn|11\n|\n|t:|1699887572\n|move|p1a: Rayquaza|Extreme Speed|p2a: Keldeo\n|-damage|p2a: Keldeo|0 fnt\n|faint|p2a: Keldeo\n|\n|upkeep\n|\n|t:|1699887577\n|switch|p2a: Mewtwo|Mewtwo|100\/100\n|-ability|p2a: Mewtwo|Pressure\n|turn|12\n|\n|t:|1699887583\n|move|p2a: Mewtwo|Psystrike|p1a: Rayquaza\n|-damage|p1a: Rayquaza|0 fnt\n|faint|p1a: Rayquaza\n|\n|upkeep\n|\n|t:|1699887593\n|switch|p1a: Greninja|Greninja, M, shiny|100\/100\n|turn|13\n|inactive|dog678 has 120 seconds left.\n|\n|t:|1699887639\n|-terastallize|p1a: Greninja|Water\n|move|p2a: Mewtwo|Aura Sphere|p1a: Greninja\n|-damage|p1a: Greninja|53\/100\n|move|p1a: Greninja|Hydro Pump|p2a: Mewtwo\n|-damage|p2a: Mewtwo|43\/100\n|\n|upkeep\n|turn|14\n|inactive|dog678 has 90 seconds left.\n|\n|t:|1699887683\n|move|p2a: Mewtwo|Psystrike|p1a: Greninja\n|-damage|p1a: Greninja|0 fnt\n|faint|p1a: Greninja\n|\n|upkeep\n|\n|t:|1699887688\n|switch|p1a: Tapu Koko|Tapu Koko, shiny|100\/100\n|-fieldstart|move: Electric Terrain|[from] ability: Electric Surge|[of] p1a: Tapu Koko\n|turn|15\n|\n|t:|1699887696\n|move|p2a: Mewtwo|Psystrike|p1a: Tapu Koko\n|-damage|p1a: Tapu Koko|16\/100\n|move|p1a: Tapu Koko|U-turn|p2a: Mewtwo\n|-supereffective|p2a: Mewtwo\n|-damage|p2a: Mewtwo|9\/100\n|inactive|dog678 has 90 seconds left.\n|\n|t:|1699887704\n|switch|p1a: Manectric|Manectric, M, shiny|100\/100|[from] U-turn\n|\n|upkeep\n|turn|16\n|\n|t:|1699887710\n|move|p1a: Manectric|Quick Attack|p2a: Mewtwo\n|-damage|p2a: Mewtwo|2\/100\n|move|p2a: Mewtwo|Psystrike|p1a: Manectric\n|-damage|p1a: Manectric|0 fnt\n|faint|p1a: Manectric\n|\n|upkeep\n|\n|t:|1699887719\n|switch|p1a: Tapu Koko|Tapu Koko, shiny|16\/100\n|turn|17\n|\n|t:|1699887724\n|move|p2a: Mewtwo|Psystrike|p1a: Tapu Koko\n|-damage|p1a: Tapu Koko|0 fnt\n|faint|p1a: Tapu Koko\n|\n|win|yohisup\n|raw|dog678's rating: 1119 &rarr; <strong>1093<\/strong><br \/>(-26 for losing)\n|raw|yohisup's rating: 1109 &rarr; <strong>1135<\/strong><br \/>(+26 for winning)\n|l|\u2606dog678\n","uploadtime":1699887731,"views":6,"p1id":"dog678","p2id":"yohisup","formatid":"gen9nationaldexubers","rating":1093,"private":0,"password":""}