{"id":"gen9nationaldexubers-1999518247","p1":"Moonlight_th07","p2":"Yami Tayori","format":"[Gen 9] National Dex Ubers","log":"|j|\u2606Moonlight_th07\n|j|\u2606Yami Tayori\n|t:|1701091705\n|gametype|singles\n|player|p1|Moonlight_th07|dawn-gen4pt|1161\n|player|p2|Yami Tayori|steven|1167\n|teamsize|p1|6\n|teamsize|p2|6\n|gen|9\n|tier|[Gen 9] National Dex Ubers\n|rated|\n|rule|HP Percentage Mod: HP is shown in percentages\n|rule|Endless Battle Clause: Forcing endless battles is banned\n|rule|OHKO Clause: OHKO moves are banned\n|rule|Evasion Moves Clause: Evasion moves are banned\n|rule|Evasion Items Clause: Evasion items are banned\n|rule|Species Clause: Limit one of each Pok\u00e9mon\n|rule|Sleep Clause Mod: Limit one foe put to sleep\n|rule|Mega Rayquaza Clause: You cannot mega evolve Rayquaza\n|clearpoke\n|poke|p1|Morpeko, M|\n|poke|p1|Lilligant, F|\n|poke|p1|Dracovish|\n|poke|p1|Kingambit, M|\n|poke|p1|Garchomp, F|\n|poke|p1|Marshadow|\n|poke|p2|Ninetales-Alola, F|\n|poke|p2|Sandslash-Alola, M|\n|poke|p2|Aurorus, F|\n|poke|p2|Abomasnow, M|\n|poke|p2|Baxcalibur, M|\n|poke|p2|Avalugg, F|\n|teampreview\n|inactive|Battle timer is ON: inactive players will automatically lose when time's up. (requested by Moonlight_th07)\n|\n|t:|1701091711\n|start\n|switch|p1a: Morpeko|Morpeko, M|100\/100\n|switch|p2a: Ice Fairy|Ninetales-Alola, F, shiny|100\/100\n|-weather|Snow|[from] ability: Snow Warning|[of] p2a: Ice Fairy\n|turn|1\n|\n|t:|1701091718\n|move|p2a: Ice Fairy|Aurora Veil|p2a: Ice Fairy\n|-sidestart|p2: Yami Tayori|move: Aurora Veil\n|move|p1a: Morpeko|Thunder Wave|p2a: Ice Fairy\n|-status|p2a: Ice Fairy|par\n|\n|-weather|Snow|[upkeep]\n|-formechange|p1a: Morpeko|Morpeko-Hangry||[from] ability: Hunger Switch\n|upkeep\n|turn|2\n|\n|t:|1701091726\n|move|p1a: Morpeko|Knock Off|p2a: Ice Fairy\n|-resisted|p2a: Ice Fairy\n|-damage|p2a: Ice Fairy|93\/100 par\n|-enditem|p2a: Ice Fairy|Light Clay|[from] move: Knock Off|[of] p1a: Morpeko\n|move|p2a: Ice Fairy|Encore|p1a: Morpeko\n|-start|p1a: Morpeko|Encore\n|\n|-weather|Snow|[upkeep]\n|-formechange|p1a: Morpeko|Morpeko||[from] ability: Hunger Switch\n|upkeep\n|turn|3\n|\n|t:|1701091739\n|switch|p1a: Kingambit|Kingambit, M|100\/100\n|move|p2a: Ice Fairy|Dazzling Gleam|p1a: Kingambit\n|-damage|p1a: Kingambit|76\/100\n|\n|-weather|Snow|[upkeep]\n|upkeep\n|turn|4\n|\n|t:|1701091746\n|switch|p2a: Mister Fridge|Baxcalibur, M, shiny|100\/100\n|move|p1a: Kingambit|Iron Head|p2a: Mister Fridge\n|-supereffective|p2a: Mister Fridge\n|-damage|p2a: Mister Fridge|68\/100\n|\n|-weather|Snow|[upkeep]\n|-heal|p2a: Mister Fridge|74\/100|[from] ability: Ice Body\n|upkeep\n|turn|5\n|\n|t:|1701091757\n|-terastallize|p2a: Mister Fridge|Ground\n|move|p1a: Kingambit|Sucker Punch||[still]\n|-fail|p1a: Kingambit\n|move|p2a: Mister Fridge|Swords Dance|p2a: Mister Fridge\n|-boost|p2a: Mister Fridge|atk|2\n|\n|-weather|none\n|upkeep\n|turn|6\n|\n|t:|1701091770\n|move|p2a: Mister Fridge|Earthquake|p1a: Kingambit\n|-supereffective|p1a: Kingambit\n|-damage|p1a: Kingambit|0 fnt\n|faint|p1a: Kingambit\n|\n|upkeep\n|\n|t:|1701091776\n|switch|p1a: Marshadow|Marshadow|100\/100\n|turn|7\n|\n|t:|1701091783\n|move|p1a: Marshadow|Spectral Thief||[still]\n|-clearpositiveboost|p2a: Mister Fridge|p1a: Marshadow|move: Spectral Thief\n|-boost|p1a: Marshadow|atk|2\n|-anim|p1a: Marshadow|Spectral Thief|p2a: Mister Fridge\n|-damage|p2a: Mister Fridge|27\/100\n|move|p2a: Mister Fridge|Scale Shot|p1a: Marshadow\n|-damage|p1a: Marshadow|80\/100\n|-damage|p1a: Marshadow|61\/100\n|-damage|p1a: Marshadow|40\/100\n|-damage|p1a: Marshadow|21\/100\n|-damage|p1a: Marshadow|0 fnt\n|faint|p1a: Marshadow\n|-hitcount|p1: Marshadow|5\n|-unboost|p2a: Mister Fridge|def|1\n|-boost|p2a: Mister Fridge|spe|1\n|\n|upkeep\n|\n|t:|1701091802\n|switch|p1a: Dracovish|Dracovish|100\/100\n|turn|8\n|\n|t:|1701091808\n|move|p2a: Mister Fridge|Scale Shot|p1a: Dracovish\n|-supereffective|p1a: Dracovish\n|-damage|p1a: Dracovish|67\/100\n|-supereffective|p1a: Dracovish\n|-damage|p1a: Dracovish|35\/100\n|-supereffective|p1a: Dracovish\n|-damage|p1a: Dracovish|5\/100\n|-supereffective|p1a: Dracovish\n|-damage|p1a: Dracovish|0 fnt\n|faint|p1a: Dracovish\n|-hitcount|p1: Dracovish|4\n|-unboost|p2a: Mister Fridge|def|1\n|-boost|p2a: Mister Fridge|spe|1\n|\n|-sideend|p2: Yami Tayori|move: Aurora Veil\n|upkeep\n|\n|t:|1701091823\n|switch|p1a: Morpeko|Morpeko, M|100\/100\n|turn|9\n|\n|t:|1701091831\n|move|p2a: Mister Fridge|Icicle Spear|p1a: Morpeko\n|-damage|p1a: Morpeko|76\/100\n|-damage|p1a: Morpeko|50\/100\n|-damage|p1a: Morpeko|22\/100\n|-damage|p1a: Morpeko|0 fnt\n|faint|p1a: Morpeko\n|-hitcount|p1: Morpeko|4\n|\n|upkeep\n|\n|t:|1701091839\n|switch|p1a: Lilligant|Lilligant, F|100\/100\n|turn|10\n|\n|t:|1701091843\n|move|p2a: Mister Fridge|Icicle Spear|p1a: Lilligant\n|-supereffective|p1a: Lilligant\n|-damage|p1a: Lilligant|51\/100\n|-supereffective|p1a: Lilligant\n|-damage|p1a: Lilligant|5\/100\n|-supereffective|p1a: Lilligant\n|-damage|p1a: Lilligant|0 fnt\n|faint|p1a: Lilligant\n|-hitcount|p1: Lilligant|3\n|\n|upkeep\n|\n|t:|1701091851\n|switch|p1a: Garchomp|Garchomp, F|100\/100\n|turn|11\n|\n|t:|1701091857\n|move|p2a: Mister Fridge|Icicle Spear|p1a: Garchomp\n|-supereffective|p1a: Garchomp\n|-damage|p1a: Garchomp|37\/100\n|-supereffective|p1a: Garchomp\n|-damage|p1a: Garchomp|0 fnt\n|faint|p1a: Garchomp\n|-hitcount|p1: Garchomp|2\n|\n|win|Yami Tayori\n|raw|Moonlight_th07's rating: 1161 &rarr; <strong>1136<\/strong><br \/>(-25 for losing)\n|raw|Yami Tayori's rating: 1167 &rarr; <strong>1192<\/strong><br \/>(+25 for winning)\n|l|\u2606Moonlight_th07\n","uploadtime":1701091884,"views":3,"p1id":"moonlightth07","p2id":"yamitayori","formatid":"gen9nationaldexubers","rating":1136,"private":0,"password":""}