{"id":"gen9nationaldexubers-1997689960","p1":"felipe_katchum","p2":"100 not a bot","format":"[Gen 9] National Dex Ubers","log":"|j|\u2606felipe_katchum\n|j|\u2606100 not a bot\n|t:|1700842130\n|gametype|singles\n|player|p1|felipe_katchum|hilbert-wonderlauncher|1171\n|player|p2|100 not a bot|lucas|1046\n|teamsize|p1|6\n|teamsize|p2|6\n|gen|9\n|tier|[Gen 9] National Dex Ubers\n|rated|\n|rule|HP Percentage Mod: HP is shown in percentages\n|rule|Endless Battle Clause: Forcing endless battles is banned\n|rule|OHKO Clause: OHKO moves are banned\n|rule|Evasion Moves Clause: Evasion moves are banned\n|rule|Evasion Items Clause: Evasion items are banned\n|rule|Species Clause: Limit one of each Pok\u00e9mon\n|rule|Sleep Clause Mod: Limit one foe put to sleep\n|rule|Mega Rayquaza Clause: You cannot mega evolve Rayquaza\n|clearpoke\n|poke|p1|Ribombee, F|\n|poke|p1|Blacephalon|\n|poke|p1|Toxapex, M|\n|poke|p1|Necrozma-Dusk-Mane|\n|poke|p1|Tapu Koko|\n|poke|p1|Naganadel|\n|poke|p2|Naganadel|\n|poke|p2|Zamazenta-*|\n|poke|p2|Salamence, F|\n|poke|p2|Deoxys|\n|poke|p2|Kyurem-Black|\n|poke|p2|Cyclizar, F|\n|teampreview\n|inactive|Battle timer is ON: inactive players will automatically lose when time's up. (requested by felipe_katchum)\n|\n|t:|1700842139\n|start\n|switch|p1a: Ribombee|Ribombee, F|100\/100\n|switch|p2a: wait a minute....|Cyclizar, F|100\/100\n|turn|1\n|\n|t:|1700842147\n|move|p2a: wait a minute....|Shed Tail|p2a: wait a minute....\n|-start|p2a: wait a minute....|Substitute|[from] move: Shed Tail\n|-damage|p2a: wait a minute....|50\/100\n|\n|t:|1700842149\n|switch|p2a: ZEKROM...|Kyurem-Black|100\/100|[from] Shed Tail\n|-ability|p2a: ZEKROM...|Teravolt\n|move|p1a: Ribombee|Moonblast|p2a: ZEKROM...\n|-supereffective|p2a: ZEKROM...\n|-end|p2a: ZEKROM...|Substitute\n|\n|upkeep\n|turn|2\n|\n|t:|1700842157\n|move|p1a: Ribombee|Moonblast|p2a: ZEKROM...\n|-supereffective|p2a: ZEKROM...\n|-damage|p2a: ZEKROM...|0 fnt\n|faint|p2a: ZEKROM...\n|\n|upkeep\n|\n|t:|1700842161\n|switch|p2a: ETERNATUS...|Naganadel|100\/100\n|turn|3\n|\n|t:|1700842189\n|switch|p1a: Toxapex|Toxapex, M, shiny|100\/100\n|move|p2a: ETERNATUS...|Nasty Plot|p2a: ETERNATUS...\n|-boost|p2a: ETERNATUS...|spa|2\n|\n|upkeep\n|turn|4\n|\n|t:|1700842193\n|move|p2a: ETERNATUS...|Draco Meteor|p1a: Toxapex\n|-damage|p1a: Toxapex|0 fnt\n|-unboost|p2a: ETERNATUS...|spa|2\n|faint|p1a: Toxapex\n|-ability|p2a: ETERNATUS...|Beast Boost|boost\n|-boost|p2a: ETERNATUS...|spe|1\n|-damage|p2a: ETERNATUS...|91\/100|[from] item: Life Orb\n|\n|upkeep\n|\n|t:|1700842211\n|switch|p1a: Necrozma|Necrozma-Dusk-Mane|100\/100\n|turn|5\n|\n|t:|1700842215\n|detailschange|p1a: Necrozma|Necrozma-Ultra\n|-burst|p1a: Necrozma|Necrozma|Ultranecrozium Z\n|move|p2a: ETERNATUS...|Fire Blast|p1a: Necrozma\n|-resisted|p1a: Necrozma\n|-damage|p1a: Necrozma|75\/100\n|-damage|p2a: ETERNATUS...|81\/100|[from] item: Life Orb\n|move|p1a: Necrozma|Dragon Dance|p1a: Necrozma\n|-boost|p1a: Necrozma|atk|1\n|-boost|p1a: Necrozma|spe|1\n|\n|upkeep\n|turn|6\n|\n|t:|1700842222\n|move|p2a: ETERNATUS...|Draco Meteor|p1a: Necrozma\n|-supereffective|p1a: Necrozma\n|-damage|p1a: Necrozma|0 fnt\n|-unboost|p2a: ETERNATUS...|spa|2\n|faint|p1a: Necrozma\n|-ability|p2a: ETERNATUS...|Beast Boost|boost\n|-boost|p2a: ETERNATUS...|spe|1\n|-damage|p2a: ETERNATUS...|71\/100|[from] item: Life Orb\n|\n|upkeep\n|\n|t:|1700842228\n|switch|p1a: Blacephalon|Blacephalon, shiny|100\/100\n|turn|7\n|\n|t:|1700842238\n|switch|p2a: ZACIAN...|Zamazenta-Crowned|100\/100\n|-ability|p2a: ZACIAN...|Dauntless Shield|boost\n|-boost|p2a: ZACIAN...|def|1\n|move|p1a: Blacephalon|Shadow Ball|p2a: ZACIAN...\n|-damage|p2a: ZACIAN...|76\/100\n|\n|upkeep\n|turn|8\n|\n|t:|1700842259\n|switch|p1a: Tapu Koko|Tapu Koko|100\/100\n|-fieldstart|move: Electric Terrain|[from] ability: Electric Surge|[of] p1a: Tapu Koko\n|-terastallize|p2a: ZACIAN...|Fighting\n|move|p2a: ZACIAN...|Behemoth Bash|p1a: Tapu Koko\n|-damage|p1a: Tapu Koko|53\/100\n|\n|upkeep\n|turn|9\n|\n|t:|1700842269\n|switch|p2a: wait a minute....|Cyclizar, F|84\/100\n|move|p1a: Tapu Koko|Reflect|p1a: Tapu Koko\n|-sidestart|p1: felipe_katchum|Reflect\n|\n|upkeep\n|turn|10\n|\n|t:|1700842274\n|move|p2a: wait a minute....|Shed Tail|p2a: wait a minute....\n|-start|p2a: wait a minute....|Substitute|[from] move: Shed Tail\n|-damage|p2a: wait a minute....|34\/100\n|\n|t:|1700842275\n|switch|p2a: RAYQUAZA...|Salamence, F|100\/100|[from] Shed Tail\n|-ability|p2a: RAYQUAZA...|Intimidate|boost\n|-unboost|p1a: Tapu Koko|atk|1\n|move|p1a: Tapu Koko|Taunt|p2a: RAYQUAZA...\n|-start|p2a: RAYQUAZA...|move: Taunt\n|\n|upkeep\n|turn|11\n|\n|t:|1700842279\n|detailschange|p2a: RAYQUAZA...|Salamence-Mega, F\n|-mega|p2a: RAYQUAZA...|Salamence|Salamencite\n|move|p1a: Tapu Koko|U-turn|p2a: RAYQUAZA...\n|-resisted|p2a: RAYQUAZA...\n|-activate|p2a: RAYQUAZA...|move: Substitute|[damage]\n|\n|t:|1700842291\n|switch|p1a: Ribombee|Ribombee, F|100\/100|[from] U-turn\n|move|p2a: RAYQUAZA...|Earthquake|p1a: Ribombee\n|-resisted|p1a: Ribombee\n|-damage|p1a: Ribombee|82\/100\n|\n|upkeep\n|turn|12\n|\n|t:|1700842293\n|move|p1a: Ribombee|Moonblast|p2a: RAYQUAZA...\n|-supereffective|p2a: RAYQUAZA...\n|-end|p2a: RAYQUAZA...|Substitute\n|move|p2a: RAYQUAZA...|Frustration|p1a: Ribombee\n|-supereffective|p1a: Ribombee\n|-damage|p1a: Ribombee|0 fnt\n|faint|p1a: Ribombee\n|\n|-end|p2a: RAYQUAZA...|move: Taunt\n|-fieldend|move: Electric Terrain\n|upkeep\n|\n|t:|1700842302\n|switch|p1a: Naganadel|Naganadel|100\/100\n|turn|13\n|\n|t:|1700842326\n|move|p1a: Naganadel|Draco Meteor|p2a: RAYQUAZA...\n|-supereffective|p2a: RAYQUAZA...\n|-damage|p2a: RAYQUAZA...|0 fnt\n|-unboost|p1a: Naganadel|spa|2\n|faint|p2a: RAYQUAZA...\n|-ability|p1a: Naganadel|Beast Boost|boost\n|-boost|p1a: Naganadel|spe|1\n|-damage|p1a: Naganadel|91\/100|[from] item: Life Orb\n|\n|upkeep\n|\n|t:|1700842329\n|switch|p2a: ZACIAN...|Zamazenta-Crowned, tera:Fighting|76\/100\n|turn|14\n|\n|t:|1700842333\n|move|p1a: Naganadel|Nasty Plot|p1a: Naganadel\n|-boost|p1a: Naganadel|spa|2\n|move|p2a: ZACIAN...|Howl|p2a: ZACIAN...\n|-boost|p2a: ZACIAN...|atk|1\n|\n|upkeep\n|turn|15\n|\n|t:|1700842337\n|move|p1a: Naganadel|Fire Blast|p2a: ZACIAN...\n|-damage|p2a: ZACIAN...|49\/100\n|-damage|p1a: Naganadel|81\/100|[from] item: Life Orb\n|move|p2a: ZACIAN...|Behemoth Bash|p1a: Naganadel\n|-damage|p1a: Naganadel|34\/100\n|\n|upkeep\n|turn|16\n|\n|t:|1700842344\n|move|p1a: Naganadel|Draco Meteor|p2a: ZACIAN...\n|-damage|p2a: ZACIAN...|3\/100\n|-unboost|p1a: Naganadel|spa|2\n|-damage|p1a: Naganadel|25\/100|[from] item: Life Orb\n|move|p2a: ZACIAN...|Behemoth Bash|p1a: Naganadel\n|-crit|p1a: Naganadel\n|-damage|p1a: Naganadel|0 fnt\n|faint|p1a: Naganadel\n|\n|-sideend|p1: felipe_katchum|Reflect\n|upkeep\n|\n|t:|1700842352\n|switch|p1a: Tapu Koko|Tapu Koko|53\/100\n|-fieldstart|move: Electric Terrain|[from] ability: Electric Surge|[of] p1a: Tapu Koko\n|turn|17\n|\n|t:|1700842354\n|move|p1a: Tapu Koko|U-turn|p2a: ZACIAN...\n|-resisted|p2a: ZACIAN...\n|-damage|p2a: ZACIAN...|0 fnt\n|faint|p2a: ZACIAN...\n|\n|t:|1700842358\n|switch|p1a: Blacephalon|Blacephalon, shiny|100\/100|[from] U-turn\n|\n|upkeep\n|\n|t:|1700842363\n|switch|p2a: DEOXYS-ATk...|Deoxys|100\/100\n|-ability|p2a: DEOXYS-ATk...|Pressure\n|turn|18\n|\n|t:|1700842368\n|move|p1a: Blacephalon|Shadow Ball|p2a: DEOXYS-ATk...\n|-supereffective|p2a: DEOXYS-ATk...\n|-damage|p2a: DEOXYS-ATk...|0 fnt\n|faint|p2a: DEOXYS-ATk...\n|-ability|p1a: Blacephalon|Beast Boost|boost\n|-boost|p1a: Blacephalon|spa|1\n|\n|upkeep\n|\n|t:|1700842373\n|switch|p2a: wait a minute....|Cyclizar, F|67\/100\n|turn|19\n|\n|t:|1700842376\n|switch|p1a: Tapu Koko|Tapu Koko|53\/100\n|move|p2a: wait a minute....|Shed Tail|p2a: wait a minute....\n|-start|p2a: wait a minute....|Substitute|[from] move: Shed Tail\n|-damage|p2a: wait a minute....|17\/100\n|\n|t:|1700842378\n|switch|p2a: ETERNATUS...|Naganadel|71\/100|[from] Shed Tail\n|\n|upkeep\n|turn|20\n|\n|t:|1700842387\n|-terastallize|p1a: Tapu Koko|Flying\n|move|p1a: Tapu Koko|Light Screen|p1a: Tapu Koko\n|-sidestart|p1: felipe_katchum|move: Light Screen\n|move|p2a: ETERNATUS...|Nasty Plot|p2a: ETERNATUS...\n|-boost|p2a: ETERNATUS...|spa|2\n|\n|upkeep\n|turn|21\n|\n|t:|1700842393\n|move|p1a: Tapu Koko|Taunt|p2a: ETERNATUS...\n|-start|p2a: ETERNATUS...|move: Taunt\n|move|p2a: ETERNATUS...|Sludge Wave|p1a: Tapu Koko\n|-damage|p1a: Tapu Koko|0 fnt\n|faint|p1a: Tapu Koko\n|-ability|p2a: ETERNATUS...|Beast Boost|boost\n|-boost|p2a: ETERNATUS...|spe|1\n|-damage|p2a: ETERNATUS...|61\/100|[from] item: Life Orb\n|\n|-fieldend|move: Electric Terrain\n|upkeep\n|\n|t:|1700842396\n|switch|p1a: Blacephalon|Blacephalon, shiny|100\/100\n|turn|22\n|\n|t:|1700842398\n|move|p2a: ETERNATUS...|Sludge Wave|p1a: Blacephalon\n|-resisted|p1a: Blacephalon\n|-damage|p1a: Blacephalon|51\/100\n|-damage|p2a: ETERNATUS...|52\/100|[from] item: Life Orb\n|move|p1a: Blacephalon|Shadow Ball|p2a: ETERNATUS...\n|-end|p2a: ETERNATUS...|Substitute\n|\n|upkeep\n|turn|23\n|\n|t:|1700842405\n|move|p2a: ETERNATUS...|Draco Meteor|p1a: Blacephalon\n|-damage|p1a: Blacephalon|0 fnt\n|-unboost|p2a: ETERNATUS...|spa|2\n|faint|p1a: Blacephalon\n|-damage|p2a: ETERNATUS...|42\/100|[from] item: Life Orb\n|\n|win|100 not a bot\n|raw|felipe_katchum's rating: 1171 &rarr; <strong>1137<\/strong><br \/>(-34 for losing)\n|raw|100 not a bot's rating: 1046 &rarr; <strong>1091<\/strong><br \/>(+45 for winning)\n","uploadtime":1700842407,"views":1,"p1id":"felipekatchum","p2id":"100notabot","formatid":"gen9nationaldexubers","rating":1091,"private":0,"password":""}