{"id":"gen9nationaldexubers-1996187536","p1":"zf97032800","p2":"Soyeon is a cutie","format":"[Gen 9] National Dex Ubers","log":"|j|\u2606zf97032800\n|j|\u2606Soyeon is a cutie\n|t:|1700656768\n|gametype|singles\n|player|p1|zf97032800|1|1525\n|player|p2|Soyeon is a cutie|idol|1826\n|teamsize|p1|6\n|teamsize|p2|6\n|gen|9\n|tier|[Gen 9] National Dex Ubers\n|rated|\n|rule|HP Percentage Mod: HP is shown in percentages\n|rule|Endless Battle Clause: Forcing endless battles is banned\n|rule|OHKO Clause: OHKO moves are banned\n|rule|Evasion Moves Clause: Evasion moves are banned\n|rule|Evasion Items Clause: Evasion items are banned\n|rule|Species Clause: Limit one of each Pok\u00e9mon\n|rule|Sleep Clause Mod: Limit one foe put to sleep\n|rule|Mega Rayquaza Clause: You cannot mega evolve Rayquaza\n|clearpoke\n|poke|p1|Salamence, F|\n|poke|p1|Zygarde|\n|poke|p1|Groudon|\n|poke|p1|Deoxys-Attack|\n|poke|p1|Gliscor, F|\n|poke|p1|Sneasler, F|\n|poke|p2|Ditto|\n|poke|p2|Kyogre|\n|poke|p2|Giratina-Origin|\n|poke|p2|Arceus-Dark|\n|poke|p2|Necrozma-Dusk-Mane|\n|poke|p2|Kyurem-Black|\n|teampreview\n|inactive|Battle timer is ON: inactive players will automatically lose when time's up. (requested by Soyeon is a cutie)\n|j| Sunep m07\n|\n|t:|1700656782\n|start\n|switch|p1a: Sneasler|Sneasler, F|100\/100\n|switch|p2a: Necrozma|Necrozma-Dusk-Mane|100\/100\n|-ability|p1a: Sneasler|Pressure\n|turn|1\n|\n|t:|1700656791\n|move|p1a: Sneasler|Close Combat|p2a: Necrozma\n|-damage|p2a: Necrozma|46\/100\n|-unboost|p1a: Sneasler|def|1\n|-unboost|p1a: Sneasler|spd|1\n|move|p2a: Necrozma|Stealth Rock|p1a: Sneasler\n|-sidestart|p1: zf97032800|move: Stealth Rock\n|\n|upkeep\n|turn|2\n|\n|t:|1700656799\n|detailschange|p2a: Necrozma|Necrozma-Ultra\n|-burst|p2a: Necrozma|Necrozma|Ultranecrozium Z\n|move|p1a: Sneasler|Close Combat|p2a: Necrozma\n|-resisted|p2a: Necrozma\n|-damage|p2a: Necrozma|15\/100\n|-unboost|p1a: Sneasler|def|1\n|-unboost|p1a: Sneasler|spd|1\n|move|p2a: Necrozma|Photon Geyser|p1a: Sneasler\n|-supereffective|p1a: Sneasler\n|-damage|p1a: Sneasler|0 fnt\n|faint|p1a: Sneasler\n|\n|upkeep\n|\n|t:|1700656819\n|switch|p1a: Deoxys|Deoxys-Attack|100\/100\n|-damage|p1a: Deoxys|88\/100|[from] Stealth Rock\n|-ability|p1a: Deoxys|Pressure\n|turn|3\n|\n|t:|1700656827\n|switch|p2a: Giratina|Giratina-Origin|100\/100\n|move|p1a: Deoxys|Ice Beam|p2a: Giratina\n|-supereffective|p2a: Giratina\n|-damage|p2a: Giratina|55\/100\n|-damage|p1a: Deoxys|78\/100|[from] item: Life Orb\n|\n|upkeep\n|turn|4\n|\n|t:|1700656837\n|move|p2a: Giratina|Shadow Sneak|p1a: Deoxys\n|-supereffective|p1a: Deoxys\n|-crit|p1a: Deoxys\n|-damage|p1a: Deoxys|0 fnt\n|faint|p1a: Deoxys\n|\n|upkeep\n|\n|t:|1700656843\n|switch|p1a: Groudon|Groudon|100\/100\n|-damage|p1a: Groudon|94\/100|[from] Stealth Rock\n|detailschange|p1a: Groudon|Groudon-Primal\n|-primal|p1a: Groudon|Red Orb\n|-weather|DesolateLand|[from] ability: Desolate Land|[of] p1a: Groudon\n|turn|5\n|\n|t:|1700656850\n|move|p1a: Groudon|Stealth Rock|p2a: Giratina\n|-sidestart|p2: Soyeon is a cutie|move: Stealth Rock\n|move|p2a: Giratina|Draco Meteor|p1a: Groudon\n|-damage|p1a: Groudon|22\/100\n|-unboost|p2a: Giratina|spa|2\n|\n|-weather|DesolateLand|[upkeep]\n|upkeep\n|turn|6\n|j| lostar14\n|\n|t:|1700656861\n|switch|p2a: Arceus|Arceus-Dark|100\/100\n|-damage|p2a: Arceus|88\/100|[from] Stealth Rock\n|move|p1a: Groudon|Dragon Claw|p2a: Arceus\n|-damage|p2a: Arceus|66\/100\n|\n|-weather|DesolateLand|[upkeep]\n|upkeep\n|turn|7\n|j| yahhhhhhhh\n|l| lostar14\n|\n|t:|1700656871\n|move|p2a: Arceus|Foul Play|p1a: Groudon\n|-damage|p1a: Groudon|0 fnt\n|faint|p1a: Groudon\n|-weather|none\n|\n|upkeep\n|\n|t:|1700656879\n|switch|p1a: Salamence|Salamence, F|100\/100\n|-damage|p1a: Salamence|76\/100|[from] Stealth Rock\n|-ability|p1a: Salamence|Intimidate|boost\n|-unboost|p2a: Arceus|atk|1\n|turn|8\n|\n|t:|1700656887\n|detailschange|p1a: Salamence|Salamence-Mega, F\n|-mega|p1a: Salamence|Salamence|Salamencite\n|move|p2a: Arceus|Taunt|p1a: Salamence\n|-start|p1a: Salamence|move: Taunt\n|move|p1a: Salamence|Return|p2a: Arceus\n|-damage|p2a: Arceus|20\/100\n|\n|upkeep\n|turn|9\n|\n|t:|1700656896\n|move|p1a: Salamence|Return|p2a: Arceus\n|-damage|p2a: Arceus|0 fnt\n|faint|p2a: Arceus\n|\n|upkeep\n|\n|t:|1700656900\n|switch|p2a: Necrozma|Necrozma-Ultra|15\/100\n|-damage|p2a: Necrozma|2\/100|[from] Stealth Rock\n|turn|10\n|\n|t:|1700656912\n|switch|p1a: Gliscor|Gliscor, F|100\/100\n|-damage|p1a: Gliscor|88\/100|[from] Stealth Rock\n|move|p2a: Necrozma|Dragon Pulse|p1a: Gliscor\n|-damage|p1a: Gliscor|17\/100\n|\n|-status|p1a: Gliscor|tox|[from] item: Toxic Orb\n|upkeep\n|turn|11\n|\n|t:|1700656923\n|move|p1a: Gliscor|Protect|p1a: Gliscor\n|-singleturn|p1a: Gliscor|Protect\n|move|p2a: Necrozma|Photon Geyser|p1a: Gliscor\n|-activate|p1a: Gliscor|move: Protect\n|\n|-heal|p1a: Gliscor|30\/100 tox|[from] ability: Poison Heal\n|upkeep\n|turn|12\n|\n|t:|1700656935\n|move|p2a: Necrozma|Photon Geyser|p1a: Gliscor\n|-damage|p1a: Gliscor|0 fnt\n|faint|p1a: Gliscor\n|\n|upkeep\n|\n|t:|1700656942\n|switch|p1a: Zygarde|Zygarde|100\/100\n|-damage|p1a: Zygarde|94\/100|[from] Stealth Rock\n|turn|13\n|\n|t:|1700656949\n|move|p1a: Zygarde|Extreme Speed|p2a: Necrozma\n|-damage|p2a: Necrozma|0 fnt\n|faint|p2a: Necrozma\n|\n|-heal|p1a: Zygarde|100\/100|[from] item: Leftovers\n|upkeep\n|\n|t:|1700656957\n|switch|p2a: Kyurem|Kyurem-Black|100\/100\n|-damage|p2a: Kyurem|76\/100|[from] Stealth Rock\n|-ability|p2a: Kyurem|Teravolt\n|turn|14\n|\n|t:|1700656967\n|-terastallize|p1a: Zygarde|Normal\n|move|p2a: Kyurem|Icicle Spear|p1a: Zygarde\n|-damage|p1a: Zygarde|88\/100\n|-damage|p1a: Zygarde|75\/100\n|-damage|p1a: Zygarde|62\/100\n|-damage|p1a: Zygarde|50\/100\n|-crit|p1a: Zygarde\n|-damage|p1a: Zygarde|32\/100\n|-hitcount|p1a: Zygarde|5\n|move|p1a: Zygarde|Coil|p1a: Zygarde\n|-boost|p1a: Zygarde|atk|1\n|-boost|p1a: Zygarde|def|1\n|-boost|p1a: Zygarde|accuracy|1\n|\n|-heal|p1a: Zygarde|38\/100|[from] item: Leftovers\n|-activate|p1a: Zygarde|ability: Power Construct\n|detailschange|p1a: Zygarde|Zygarde-Complete, tera:Normal\n|-heal|p1a: Zygarde|60\/100|[silent]\n|upkeep\n|turn|15\n|\n|t:|1700656994\n|move|p2a: Kyurem|Icicle Spear|p1a: Zygarde\n|-damage|p1a: Zygarde|55\/100\n|-damage|p1a: Zygarde|49\/100\n|-damage|p1a: Zygarde|43\/100\n|-crit|p1a: Zygarde\n|-damage|p1a: Zygarde|32\/100\n|-damage|p1a: Zygarde|27\/100\n|-hitcount|p1a: Zygarde|5\n|move|p1a: Zygarde|Coil|p1a: Zygarde\n|-boost|p1a: Zygarde|atk|1\n|-boost|p1a: Zygarde|def|1\n|-boost|p1a: Zygarde|accuracy|1\n|\n|-heal|p1a: Zygarde|33\/100|[from] item: Leftovers\n|upkeep\n|turn|16\n|inactive|zf97032800 has 120 seconds left.\n|\n|t:|1700657027\n|move|p2a: Kyurem|Dragon Dance|p2a: Kyurem\n|-boost|p2a: Kyurem|atk|1\n|-boost|p2a: Kyurem|spe|1\n|move|p1a: Zygarde|Coil|p1a: Zygarde\n|-boost|p1a: Zygarde|atk|1\n|-boost|p1a: Zygarde|def|1\n|-boost|p1a: Zygarde|accuracy|1\n|\n|-heal|p1a: Zygarde|39\/100|[from] item: Leftovers\n|upkeep\n|turn|17\n|\n|t:|1700657037\n|move|p1a: Zygarde|Extreme Speed|p2a: Kyurem\n|-damage|p2a: Kyurem|0 fnt\n|faint|p2a: Kyurem\n|\n|-heal|p1a: Zygarde|46\/100|[from] item: Leftovers\n|upkeep\n|\n|t:|1700657041\n|switch|p2a: Kyogre|Kyogre|100\/100\n|-damage|p2a: Kyogre|88\/100|[from] Stealth Rock\n|-weather|RainDance|[from] ability: Drizzle|[of] p2a: Kyogre\n|turn|18\n|\n|t:|1700657050\n|-terastallize|p2a: Kyogre|Ghost\n|move|p1a: Zygarde|Extreme Speed|p2a: Kyogre\n|-immune|p2a: Kyogre\n|move|p2a: Kyogre|Water Spout|p1a: Zygarde\n|-damage|p1a: Zygarde|0 fnt\n|faint|p1a: Zygarde\n|\n|-weather|RainDance|[upkeep]\n|upkeep\n|l| Sunep m07\n|\n|t:|1700657062\n|switch|p1a: Salamence|Salamence-Mega, F|76\/100\n|-damage|p1a: Salamence|51\/100|[from] Stealth Rock\n|turn|19\n|\n|t:|1700657069\n|move|p2a: Kyogre|Water Spout|p1a: Salamence\n|-resisted|p1a: Salamence\n|-damage|p1a: Salamence|0 fnt\n|faint|p1a: Salamence\n|\n|win|Soyeon is a cutie\n|raw|zf97032800's rating: 1525 &rarr; <strong>1519<\/strong><br \/>(-6 for losing)\n|raw|Soyeon is a cutie's rating: 1826 &rarr; <strong>1832<\/strong><br \/>(+6 for winning)\n|l|\u2606zf97032800\n|l|\u2606Soyeon is a cutie\n","uploadtime":1700657269,"views":0,"p1id":"zf97032800","p2id":"soyeonisacutie","formatid":"gen9nationaldexubers","rating":1519,"private":0,"password":""}