{"id":"gen9nationaldexubers-1987998824","p1":"straightoutta14BC","p2":"MellyPoop","format":"[Gen 9] National Dex Ubers","log":"|j|\u2606straightoutta14BC\n|j|\u2606MellyPoop\n|inactive|Battle timer is ON: inactive players will automatically lose when time's up.\n|t:|1699657513\n|gametype|singles\n|player|p1|straightoutta14BC|2|\n|player|p2|MellyPoop|266|\n|teamsize|p1|6\n|teamsize|p2|6\n|gen|9\n|tier|[Gen 9] National Dex Ubers\n|rated|Tournament battle\n|rule|HP Percentage Mod: HP is shown in percentages\n|rule|Endless Battle Clause: Forcing endless battles is banned\n|rule|OHKO Clause: OHKO moves are banned\n|rule|Evasion Moves Clause: Evasion moves are banned\n|rule|Evasion Items Clause: Evasion items are banned\n|rule|Species Clause: Limit one of each Pok\u00e9mon\n|rule|Sleep Clause Mod: Limit one foe put to sleep\n|rule|Mega Rayquaza Clause: You cannot mega evolve Rayquaza\n|rule|Dynamax Clause: You cannot dynamax\n|rule|Terastal Clause: You cannot Terastallize\n|rule|Same Type Clause: Pok\u00e9mon in a team must share a type\n|clearpoke\n|poke|p1|Klinklang|\n|poke|p1|Bronzong|\n|poke|p1|Mawile, F|\n|poke|p1|Melmetal|\n|poke|p1|Stakataka|\n|poke|p1|Ferrothorn, F|\n|poke|p2|Iron Valiant|\n|poke|p2|Tapu Koko|\n|poke|p2|Diancie|\n|poke|p2|Klefki, M|\n|poke|p2|Tapu Bulu|\n|poke|p2|Tapu Lele|\n|teampreview\n|\n|t:|1699657524\n|start\n|switch|p1a: Shenzhou|Klinklang|100\/100\n|switch|p2a: Klefki|Klefki, M|100\/100\n|turn|1\n|\n|t:|1699657527\n|move|p2a: Klefki|Reflect|p2a: Klefki\n|-sidestart|p2: MellyPoop|Reflect\n|move|p1a: Shenzhou|Trick Room|p1a: Shenzhou\n|-fieldstart|move: Trick Room|[of] p1a: Shenzhou\n|\n|upkeep\n|turn|2\n|\n|t:|1699657534\n|move|p2a: Klefki|Light Screen|p2a: Klefki\n|-sidestart|p2: MellyPoop|move: Light Screen\n|move|p1a: Shenzhou|Volt Switch|p2a: Klefki\n|-crit|p2a: Klefki\n|-damage|p2a: Klefki|69\/100\n|\n|t:|1699657537\n|switch|p1a: Nova|Melmetal|100\/100|[from] Volt Switch\n|\n|upkeep\n|turn|3\n|\n|t:|1699657539\n|move|p2a: Klefki|Spikes|p1a: Nova\n|-sidestart|p1: straightoutta14BC|Spikes\n|move|p1a: Nova|Double Iron Bash|p2a: Klefki\n|-damage|p2a: Klefki|42\/100\n|-damage|p2a: Klefki|14\/100\n|-hitcount|p2a: Klefki|2\n|\n|upkeep\n|turn|4\n|\n|t:|1699657544\n|move|p2a: Klefki|Spikes|p1a: Nova\n|-sidestart|p1: straightoutta14BC|Spikes\n|move|p1a: Nova|Double Iron Bash|p2a: Klefki\n|-damage|p2a: Klefki|0 fnt\n|faint|p2a: Klefki\n|-hitcount|p2: Klefki|1\n|\n|upkeep\n|\n|t:|1699657550\n|switch|p2a: Iron Valiant|Iron Valiant|100\/100\n|turn|5\n|\n|t:|1699657558\n|move|p1a: Nova|Double Iron Bash|p2a: Iron Valiant\n|-supereffective|p2a: Iron Valiant\n|-damage|p2a: Iron Valiant|17\/100\n|-supereffective|p2a: Iron Valiant\n|-damage|p2a: Iron Valiant|0 fnt\n|faint|p2a: Iron Valiant\n|-end|p2a: Iron Valiant|Quark Drive|[silent]\n|-hitcount|p2: Iron Valiant|2\n|\n|-fieldend|move: Trick Room\n|upkeep\n|\n|t:|1699657566\n|switch|p2a: Tapu Koko|Tapu Koko|100\/100\n|-fieldstart|move: Electric Terrain|[from] ability: Electric Surge|[of] p2a: Tapu Koko\n|turn|6\n|\n|t:|1699657572\n|switch|p1a: Venera|Ferrothorn, F|100\/100\n|-damage|p1a: Venera|84\/100|[from] Spikes\n|move|p2a: Tapu Koko|Hidden Power|p1a: Venera\n|-damage|p1a: Venera|62\/100\n|\n|-heal|p1a: Venera|68\/100|[from] item: Leftovers\n|upkeep\n|turn|7\n|\n|t:|1699657589\n|move|p2a: Tapu Koko|Hidden Power|p1a: Venera\n|-damage|p1a: Venera|47\/100\n|move|p1a: Venera|Leech Seed|p2a: Tapu Koko\n|-start|p2a: Tapu Koko|move: Leech Seed\n|\n|-heal|p1a: Venera|53\/100|[from] item: Leftovers\n|-damage|p2a: Tapu Koko|88\/100|[from] Leech Seed|[of] p1a: Venera\n|-heal|p1a: Venera|63\/100|[silent]\n|upkeep\n|turn|8\n|\n|t:|1699657599\n|switch|p2a: Tapu Lele|Tapu Lele|100\/100\n|-fieldstart|move: Psychic Terrain|[from] ability: Psychic Surge|[of] p2a: Tapu Lele\n|switch|p1a: Echo|Bronzong|100\/100\n|-damage|p1a: Echo|84\/100|[from] Spikes\n|\n|-sideend|p2: MellyPoop|Reflect\n|upkeep\n|turn|9\n|\n|t:|1699657602\n|move|p2a: Tapu Lele|Hidden Power|p1a: Echo\n|-supereffective|p1a: Echo\n|-crit|p1a: Echo\n|-damage|p1a: Echo|60\/100\n|move|p1a: Echo|Trick Room|p1a: Echo\n|-fieldstart|move: Trick Room|[of] p1a: Echo\n|\n|-sideend|p2: MellyPoop|move: Light Screen\n|upkeep\n|turn|10\n|\n|t:|1699657607\n|switch|p1a: Nova|Melmetal|100\/100\n|-damage|p1a: Nova|84\/100|[from] Spikes\n|move|p2a: Tapu Lele|Hidden Power|p1a: Nova\n|-supereffective|p1a: Nova\n|-damage|p1a: Nova|40\/100\n|\n|upkeep\n|turn|11\n|\n|t:|1699657614\n|move|p1a: Nova|Double Iron Bash|p2a: Tapu Lele\n|-supereffective|p2a: Tapu Lele\n|-damage|p2a: Tapu Lele|0 fnt\n|faint|p2a: Tapu Lele\n|-hitcount|p2: Tapu Lele|1\n|\n|upkeep\n|\n|t:|1699657617\n|switch|p2a: Diancie|Diancie|100\/100\n|turn|12\n|\n|t:|1699657621\n|detailschange|p2a: Diancie|Diancie-Mega\n|-mega|p2a: Diancie|Diancie|Diancite\n|move|p1a: Nova|Double Iron Bash|p2a: Diancie\n|-supereffective|p2a: Diancie\n|-damage|p2a: Diancie|0 fnt\n|faint|p2a: Diancie\n|-hitcount|p2: Diancie|1\n|\n|-fieldend|move: Psychic Terrain\n|upkeep\n|\n|t:|1699657625\n|switch|p2a: Tapu Bulu|Tapu Bulu|100\/100\n|-fieldstart|move: Grassy Terrain|[from] ability: Grassy Surge|[of] p2a: Tapu Bulu\n|turn|13\n|j| NoahTheGreat6.4\n|\n|t:|1699657627\n|move|p1a: Nova|Double Iron Bash|p2a: Tapu Bulu\n|-supereffective|p2a: Tapu Bulu\n|-enditem|p2a: Tapu Bulu|Babiri Berry|[eat]\n|-enditem|p2a: Tapu Bulu|Babiri Berry|[weaken]\n|-damage|p2a: Tapu Bulu|28\/100\n|-supereffective|p2a: Tapu Bulu\n|-damage|p2a: Tapu Bulu|0 fnt\n|faint|p2a: Tapu Bulu\n|-hitcount|p2: Tapu Bulu|2\n|\n|-heal|p1a: Nova|46\/100|[from] Grassy Terrain\n|-fieldend|move: Trick Room\n|upkeep\n|\n|t:|1699657632\n|switch|p2a: Tapu Koko|Tapu Koko|88\/100\n|-fieldstart|move: Electric Terrain|[from] ability: Electric Surge|[of] p2a: Tapu Koko\n|turn|14\n|\n|t:|1699657635\n|move|p2a: Tapu Koko|Dazzling Gleam|p1a: Nova\n|-resisted|p1a: Nova\n|-damage|p1a: Nova|22\/100\n|move|p1a: Nova|Double Iron Bash|p2a: Tapu Koko\n|-damage|p2a: Tapu Koko|0 fnt\n|faint|p2a: Tapu Koko\n|-hitcount|p2: Tapu Koko|1\n|\n|win|straightoutta14BC\n|n|\u2606straightoutta14BC|straightoutta14bc\n|n|\u2606MellyPoop|mellypoop\n|n| NoahTheGreat6.4|noahthegreat64\n","uploadtime":1699657642,"views":5,"p1id":"straightoutta14bc","p2id":"mellypoop","formatid":"gen9nationaldexubers","rating":0,"private":0,"password":""}