{"id":"gen9nationaldexubers-1995224564","p1":"shenye","p2":"phalap","format":"[Gen 9] National Dex Ubers","log":"|j|\u2606shenye\n|j|\u2606phalap\n|t:|1700536728\n|gametype|singles\n|player|p1|shenye|n|1325\n|player|p2|phalap|lucas|1321\n|teamsize|p1|6\n|teamsize|p2|6\n|gen|9\n|tier|[Gen 9] National Dex Ubers\n|rated|\n|rule|HP Percentage Mod: HP is shown in percentages\n|rule|Endless Battle Clause: Forcing endless battles is banned\n|rule|OHKO Clause: OHKO moves are banned\n|rule|Evasion Moves Clause: Evasion moves are banned\n|rule|Evasion Items Clause: Evasion items are banned\n|rule|Species Clause: Limit one of each Pok\u00e9mon\n|rule|Sleep Clause Mod: Limit one foe put to sleep\n|rule|Mega Rayquaza Clause: You cannot mega evolve Rayquaza\n|clearpoke\n|poke|p1|Dragapult, M|\n|poke|p1|Ho-Oh|\n|poke|p1|Mewtwo|\n|poke|p1|Chien-Pao|\n|poke|p1|Walking Wake|\n|poke|p1|Arceus-Electric|\n|poke|p2|Xerneas-*|\n|poke|p2|Necrozma-Dusk-Mane|\n|poke|p2|Yveltal|\n|poke|p2|Groudon|\n|poke|p2|Zygarde|\n|poke|p2|Eternatus|\n|teampreview\n|inactive|Battle timer is ON: inactive players will automatically lose when time's up. (requested by phalap)\n|\n|t:|1700536737\n|start\n|switch|p1a: Ho-Oh|Ho-Oh|100\/100\n|switch|p2a: Necrozma|Necrozma-Dusk-Mane|100\/100\n|turn|1\n|\n|t:|1700536743\n|move|p1a: Ho-Oh|Sacred Fire|p2a: Necrozma\n|-supereffective|p2a: Necrozma\n|-damage|p2a: Necrozma|43\/100\n|move|p2a: Necrozma|Knock Off|p1a: Ho-Oh\n|-damage|p1a: Ho-Oh|68\/100\n|-enditem|p1a: Ho-Oh|Heavy-Duty Boots|[from] move: Knock Off|[of] p2a: Necrozma\n|\n|-heal|p2a: Necrozma|49\/100|[from] item: Leftovers\n|upkeep\n|turn|2\n|\n|t:|1700536754\n|switch|p2a: Zygarde|Zygarde|100\/100\n|move|p1a: Ho-Oh|Sacred Fire|p2a: Zygarde|[miss]\n|-miss|p1a: Ho-Oh|p2a: Zygarde\n|\n|upkeep\n|turn|3\n|\n|t:|1700536779\n|switch|p1a: Arceus|Arceus-Electric|100\/100\n|move|p2a: Zygarde|Thousand Arrows|p1a: Arceus\n|-supereffective|p1a: Arceus\n|-damage|p1a: Arceus|34\/100\n|-damage|p2a: Zygarde|91\/100|[from] item: Life Orb\n|\n|upkeep\n|turn|4\n|inactive|shenye has 120 seconds left.\n|\n|t:|1700536807\n|switch|p1a: Dragapult|Dragapult, M|100\/100\n|move|p2a: Zygarde|Thousand Arrows|p1a: Dragapult\n|-damage|p1a: Dragapult|29\/100\n|-damage|p2a: Zygarde|81\/100|[from] item: Life Orb\n|\n|upkeep\n|turn|5\n|inactive|shenye has 120 seconds left.\n|\n|t:|1700536816\n|move|p1a: Dragapult|Dragon Darts|p2a: Zygarde\n|-supereffective|p2a: Zygarde\n|-damage|p2a: Zygarde|42\/100\n|-anim|p1a: Dragapult|Dragon Darts|p2a: Zygarde\n|-supereffective|p2a: Zygarde\n|-damage|p2a: Zygarde|4\/100\n|move|p2a: Zygarde|Substitute|p2a: Zygarde\n|-fail|p2a: Zygarde|move: Substitute|[weak]\n|\n|-activate|p2a: Zygarde|ability: Power Construct\n|detailschange|p2a: Zygarde|Zygarde-Complete\n|-heal|p2a: Zygarde|40\/100|[silent]\n|upkeep\n|turn|6\n|inactive|shenye has 120 seconds left.\n|\n|t:|1700536828\n|move|p1a: Dragapult|Dragon Darts|p2a: Zygarde\n|-supereffective|p2a: Zygarde\n|-damage|p2a: Zygarde|16\/100\n|-anim|p1a: Dragapult|Dragon Darts|p2a: Zygarde\n|-supereffective|p2a: Zygarde\n|-damage|p2a: Zygarde|0 fnt\n|faint|p2a: Zygarde\n|\n|upkeep\n|\n|t:|1700536836\n|switch|p2a: Eternatus|Eternatus|100\/100\n|-ability|p2a: Eternatus|Pressure\n|turn|7\n|\n|t:|1700536847\n|-terastallize|p1a: Dragapult|Fairy\n|move|p1a: Dragapult|Tera Blast|p2a: Eternatus|[anim] Tera Blast Fairy\n|-damage|p2a: Eternatus|68\/100\n|move|p2a: Eternatus|Dynamax Cannon|p1a: Dragapult\n|-immune|p1a: Dragapult\n|\n|upkeep\n|turn|8\n|inactive|shenye has 120 seconds left.\n|\n|t:|1700536864\n|move|p1a: Dragapult|Dragon Darts|p2a: Eternatus\n|-supereffective|p2a: Eternatus\n|-damage|p2a: Eternatus|28\/100\n|-anim|p1a: Dragapult|Dragon Darts|p2a: Eternatus\n|-supereffective|p2a: Eternatus\n|-damage|p2a: Eternatus|0 fnt\n|faint|p2a: Eternatus\n|\n|upkeep\n|-message|phalap forfeited.\n|\n|win|shenye\n|raw|shenye's rating: 1325 &rarr; <strong>1345<\/strong><br \/>(+20 for winning)\n|raw|phalap's rating: 1321 &rarr; <strong>1301<\/strong><br \/>(-20 for losing)\n|l|\u2606phalap\n","uploadtime":1700536882,"views":1,"p1id":"shenye","p2id":"phalap","formatid":"gen9nationaldexubers","rating":1301,"private":0,"password":""}