{"id":"gen9nationaldexubers-1999805675","p1":"T3KMolotov","p2":"BuccaneerTPDPurge","format":"[Gen 9] National Dex Ubers","log":"|j|\u2606T3KMolotov\n|j|\u2606BuccaneerTPDPurge\n|t:|1701118355\n|gametype|singles\n|player|p1|T3KMolotov|petrel|1094\n|player|p2|BuccaneerTPDPurge|artist|1048\n|teamsize|p1|6\n|teamsize|p2|6\n|gen|9\n|tier|[Gen 9] National Dex Ubers\n|rated|\n|rule|HP Percentage Mod: HP is shown in percentages\n|rule|Endless Battle Clause: Forcing endless battles is banned\n|rule|OHKO Clause: OHKO moves are banned\n|rule|Evasion Moves Clause: Evasion moves are banned\n|rule|Evasion Items Clause: Evasion items are banned\n|rule|Species Clause: Limit one of each Pok\u00e9mon\n|rule|Sleep Clause Mod: Limit one foe put to sleep\n|rule|Mega Rayquaza Clause: You cannot mega evolve Rayquaza\n|clearpoke\n|poke|p1|Latios, M|\n|poke|p1|Sceptile, F|\n|poke|p1|Flygon, F|\n|poke|p1|Ho-Oh|\n|poke|p1|Blastoise, M|\n|poke|p1|Murkrow, M|\n|poke|p2|Darmanitan-Galar, F|\n|poke|p2|Chien-Pao|\n|poke|p2|Baxcalibur, F|\n|poke|p2|Kyurem-Black|\n|poke|p2|Iron Bundle|\n|poke|p2|Abomasnow, F|\n|teampreview\n|\n|t:|1701118369\n|start\n|switch|p1a: Ho-Oh|Ho-Oh, shiny|100\/100\n|switch|p2a: BAronWhiteAFRO|Darmanitan-Galar, F|100\/100\n|turn|1\n|\n|t:|1701118378\n|move|p2a: BAronWhiteAFRO|U-turn|p1a: Ho-Oh\n|-resisted|p1a: Ho-Oh\n|-damage|p1a: Ho-Oh|92\/100\n|\n|t:|1701118381\n|switch|p2a: BarakObamaSnow|Abomasnow, F, shiny|100\/100|[from] U-turn\n|-weather|Snow|[from] ability: Snow Warning|[of] p2a: BarakObamaSnow\n|move|p1a: Ho-Oh|Sacred Fire|p2a: BarakObamaSnow\n|-supereffective|p2a: BarakObamaSnow\n|-damage|p2a: BarakObamaSnow|0 fnt\n|faint|p2a: BarakObamaSnow\n|\n|-weather|Snow|[upkeep]\n|-heal|p1a: Ho-Oh|99\/100|[from] item: Leftovers\n|upkeep\n|\n|t:|1701118389\n|switch|p2a: DEDEDEluxe|Iron Bundle|100\/100\n|turn|2\n|\n|t:|1701118396\n|switch|p1a: Sceptile|Sceptile, F, shiny|100\/100\n|move|p2a: DEDEDEluxe|Hydro Pump|p1a: Sceptile\n|-resisted|p1a: Sceptile\n|-damage|p1a: Sceptile|55\/100\n|\n|-weather|Snow|[upkeep]\n|upkeep\n|turn|3\n|\n|t:|1701118400\n|move|p2a: DEDEDEluxe|Hydro Pump|p1a: Sceptile\n|-resisted|p1a: Sceptile\n|-damage|p1a: Sceptile|6\/100\n|move|p1a: Sceptile|Leaf Storm|p2a: DEDEDEluxe|[miss]\n|-miss|p1a: Sceptile|p2a: DEDEDEluxe\n|\n|-weather|Snow|[upkeep]\n|upkeep\n|turn|4\n|\n|t:|1701118412\n|move|p2a: DEDEDEluxe|Hydro Pump|p1a: Sceptile\n|-resisted|p1a: Sceptile\n|-damage|p1a: Sceptile|0 fnt\n|faint|p1a: Sceptile\n|\n|-weather|Snow|[upkeep]\n|upkeep\n|\n|t:|1701118422\n|switch|p1a: Murkrow|Murkrow, M, shiny|100\/100\n|turn|5\n|\n|t:|1701118425\n|move|p1a: Murkrow|Thunder Wave|p2a: DEDEDEluxe\n|-status|p2a: DEDEDEluxe|par\n|cant|p2a: DEDEDEluxe|par\n|\n|-weather|none\n|upkeep\n|turn|6\n|\n|t:|1701118431\n|move|p1a: Murkrow|Taunt|p2a: DEDEDEluxe\n|-start|p2a: DEDEDEluxe|move: Taunt\n|move|p2a: DEDEDEluxe|Hydro Pump|p1a: Murkrow\n|-damage|p1a: Murkrow|33\/100\n|\n|upkeep\n|turn|7\n|\n|t:|1701118436\n|move|p1a: Murkrow|Tailwind|p1a: Murkrow\n|-sidestart|p1: T3KMolotov|move: Tailwind\n|cant|p2a: DEDEDEluxe|par\n|\n|upkeep\n|turn|8\n|\n|t:|1701118453\n|switch|p1a: Latios|Latios, M, shiny|100\/100\n|move|p2a: DEDEDEluxe|Hydro Pump|p1a: Latios\n|-resisted|p1a: Latios\n|-damage|p1a: Latios|55\/100\n|\n|-end|p2a: DEDEDEluxe|move: Taunt\n|upkeep\n|turn|9\n|\n|t:|1701118463\n|move|p1a: Latios|Dragon Pulse|p2a: DEDEDEluxe\n|-damage|p2a: DEDEDEluxe|7\/100 par\n|cant|p2a: DEDEDEluxe|par\n|\n|upkeep\n|turn|10\n|\n|t:|1701118468\n|detailschange|p1a: Latios|Latios-Mega, M, shiny\n|-mega|p1a: Latios|Latios|Latiosite\n|move|p1a: Latios|Dragon Pulse|p2a: DEDEDEluxe\n|-damage|p2a: DEDEDEluxe|0 fnt\n|faint|p2a: DEDEDEluxe\n|-end|p2a: DEDEDEluxe|Quark Drive|[silent]\n|\n|-sideend|p1: T3KMolotov|move: Tailwind\n|upkeep\n|\n|t:|1701118481\n|switch|p2a: MR ICICLE|Kyurem-Black, shiny|100\/100\n|-ability|p2a: MR ICICLE|Teravolt\n|turn|11\n|\n|t:|1701118496\n|move|p1a: Latios|Dragon Pulse|p2a: MR ICICLE\n|-supereffective|p2a: MR ICICLE\n|-damage|p2a: MR ICICLE|15\/100\n|move|p2a: MR ICICLE|Scale Shot|p1a: Latios\n|-supereffective|p1a: Latios\n|-damage|p1a: Latios|21\/100\n|-supereffective|p1a: Latios\n|-damage|p1a: Latios|0 fnt\n|faint|p1a: Latios\n|-hitcount|p1: Latios|2\n|-unboost|p2a: MR ICICLE|def|1\n|-boost|p2a: MR ICICLE|spe|1\n|\n|upkeep\n|c|\u2606T3KMolotov|what?\n|\n|t:|1701118510\n|switch|p1a: Ho-Oh|Ho-Oh, shiny|100\/100\n|turn|12\n|c|\u2606BuccaneerTPDPurge|?\n|\n|t:|1701118516\n|move|p2a: MR ICICLE|Fusion Bolt|p1a: Ho-Oh\n|-supereffective|p1a: Ho-Oh\n|-damage|p1a: Ho-Oh|18\/100\n|move|p1a: Ho-Oh|Sacred Fire|p2a: MR ICICLE\n|-damage|p2a: MR ICICLE|0 fnt\n|faint|p2a: MR ICICLE\n|\n|-heal|p1a: Ho-Oh|25\/100|[from] item: Leftovers\n|upkeep\n|c|\u2606T3KMolotov|nvm\n|\n|t:|1701118527\n|switch|p2a: BAronWhiteAFRO|Darmanitan-Galar, F|100\/100\n|turn|13\n|\n|t:|1701118531\n|move|p2a: BAronWhiteAFRO|Icicle Crash|p1a: Ho-Oh\n|-damage|p1a: Ho-Oh|0 fnt\n|faint|p1a: Ho-Oh\n|\n|upkeep\n|\n|t:|1701118539\n|switch|p1a: Flygon|Flygon, F, shiny|100\/100\n|turn|14\n|\n|t:|1701118546\n|-terastallize|p1a: Flygon|Steel\n|move|p2a: BAronWhiteAFRO|Icicle Crash|p1a: Flygon\n|-resisted|p1a: Flygon\n|-damage|p1a: Flygon|51\/100\n|move|p1a: Flygon|Earthquake|p2a: BAronWhiteAFRO\n|-damage|p2a: BAronWhiteAFRO|0 fnt\n|faint|p2a: BAronWhiteAFRO\n|-damage|p1a: Flygon|41\/100|[from] item: Life Orb\n|\n|upkeep\n|\n|t:|1701118553\n|switch|p2a: GlaiveMCdonald|Baxcalibur, F|100\/100\n|turn|15\n|\n|t:|1701118558\n|-terastallize|p2a: GlaiveMCdonald|Dragon\n|move|p1a: Flygon|Dragon Claw|p2a: GlaiveMCdonald\n|-supereffective|p2a: GlaiveMCdonald\n|-damage|p2a: GlaiveMCdonald|9\/100\n|-damage|p1a: Flygon|31\/100|[from] item: Life Orb\n|move|p2a: GlaiveMCdonald|Dragon Dance|p2a: GlaiveMCdonald\n|-boost|p2a: GlaiveMCdonald|atk|1\n|-boost|p2a: GlaiveMCdonald|spe|1\n|\n|upkeep\n|turn|16\n|\n|t:|1701118569\n|move|p2a: GlaiveMCdonald|Icicle Crash|p1a: Flygon\n|-resisted|p1a: Flygon\n|-damage|p1a: Flygon|0 fnt\n|faint|p1a: Flygon\n|\n|upkeep\n|c|\u2606T3KMolotov|no way that kills wtf\n|\n|t:|1701118581\n|switch|p1a: Blastoise|Blastoise, M, shiny|100\/100\n|turn|17\n|c|\u2606BuccaneerTPDPurge|640 atk\n|\n|t:|1701118594\n|move|p2a: GlaiveMCdonald|Glaive Rush|p1a: Blastoise\n|-enditem|p1a: Blastoise|Focus Sash\n|-damage|p1a: Blastoise|1\/100\n|-singlemove|p2a: GlaiveMCdonald|Glaive Rush|[silent]\n|move|p1a: Blastoise|Dragon Pulse|p2a: GlaiveMCdonald\n|-supereffective|p2a: GlaiveMCdonald\n|-damage|p2a: GlaiveMCdonald|0 fnt\n|faint|p2a: GlaiveMCdonald\n|\n|upkeep\n|c|\u2606T3KMolotov|oh nvm then\n|\n|t:|1701118598\n|switch|p2a: Barrioth|Chien-Pao|100\/100\n|-ability|p2a: Barrioth|Sword of Ruin\n|turn|18\n|\n|t:|1701118607\n|move|p2a: Barrioth|Ice Shard|p1a: Blastoise\n|-resisted|p1a: Blastoise\n|-damage|p1a: Blastoise|0 fnt\n|faint|p1a: Blastoise\n|-damage|p2a: Barrioth|91\/100|[from] item: Life Orb\n|\n|upkeep\n|\n|t:|1701118610\n|switch|p1a: Murkrow|Murkrow, M, shiny|33\/100\n|turn|19\n|c|\u2606BuccaneerTPDPurge|well gg\n|\n|t:|1701118614\n|move|p2a: Barrioth|Ice Shard|p1a: Murkrow\n|-supereffective|p1a: Murkrow\n|-damage|p1a: Murkrow|0 fnt\n|faint|p1a: Murkrow\n|-damage|p2a: Barrioth|81\/100|[from] item: Life Orb\n|\n|win|BuccaneerTPDPurge\n|raw|T3KMolotov's rating: 1094 &rarr; <strong>1067<\/strong><br \/>(-27 for losing)\n|raw|BuccaneerTPDPurge's rating: 1048 &rarr; <strong>1085<\/strong><br \/>(+37 for winning)\n|c|\u2606T3KMolotov|gg\n|l|\u2606T3KMolotov\n","uploadtime":1701118627,"views":2,"p1id":"t3kmolotov","p2id":"buccaneertpdpurge","formatid":"gen9nationaldexubers","rating":1067,"private":0,"password":""}