{"id":"gen9nationaldexubers-1986618434","p1":"FoxasBat","p2":"tbor2002","format":"[Gen 9] National Dex Ubers","log":"|j|\u2606FoxasBat\n|j|\u2606tbor2002\n|t:|1699498535\n|gametype|singles\n|player|p1|FoxasBat|169|\n|player|p2|tbor2002|wattson|\n|teamsize|p1|6\n|teamsize|p2|6\n|gen|9\n|tier|[Gen 9] National Dex Ubers\n|rule|HP Percentage Mod: HP is shown in percentages\n|rule|Endless Battle Clause: Forcing endless battles is banned\n|rule|OHKO Clause: OHKO moves are banned\n|rule|Evasion Moves Clause: Evasion moves are banned\n|rule|Evasion Items Clause: Evasion items are banned\n|rule|Species Clause: Limit one of each Pok\u00e9mon\n|rule|Sleep Clause Mod: Limit one foe put to sleep\n|rule|Mega Rayquaza Clause: You cannot mega evolve Rayquaza\n|clearpoke\n|poke|p1|Clodsire, F|\n|poke|p1|Roaring Moon|\n|poke|p1|Armarouge, F|\n|poke|p1|Decidueye, F|\n|poke|p1|Sliggoo-Hisui, F|\n|poke|p1|Dunsparce, M|\n|poke|p2|Walking Wake|\n|poke|p2|Muk-Alola, F|\n|poke|p2|Jolteon, M|\n|poke|p2|Toxicroak, M|\n|poke|p2|Falinks|\n|poke|p2|Glimmet, M|\n|teampreview\n|\n|t:|1699498564\n|start\n|switch|p1a: Armarouge|Armarouge, F|100\/100\n|switch|p2a: Glimmet|Glimmet, M|100\/100\n|turn|1\n|\n|t:|1699498572\n|move|p1a: Armarouge|Calm Mind|p1a: Armarouge\n|-boost|p1a: Armarouge|spa|1\n|-boost|p1a: Armarouge|spd|1\n|move|p2a: Glimmet|Stealth Rock|p1a: Armarouge\n|-sidestart|p1: FoxasBat|move: Stealth Rock\n|\n|upkeep\n|turn|2\n|\n|t:|1699498580\n|move|p1a: Armarouge|Calm Mind|p1a: Armarouge\n|-boost|p1a: Armarouge|spa|1\n|-boost|p1a: Armarouge|spd|1\n|move|p2a: Glimmet|Power Gem|p1a: Armarouge\n|-supereffective|p1a: Armarouge\n|-damage|p1a: Armarouge|54\/100\n|-enditem|p1a: Armarouge|Weakness Policy\n|-boost|p1a: Armarouge|atk|2|[from] item: Weakness Policy\n|-boost|p1a: Armarouge|spa|2|[from] item: Weakness Policy\n|\n|upkeep\n|turn|3\n|\n|t:|1699498597\n|move|p1a: Armarouge|Stored Power|p2a: Glimmet\n|-supereffective|p2a: Glimmet\n|-enditem|p2a: Glimmet|Focus Sash\n|-damage|p2a: Glimmet|1\/100\n|move|p2a: Glimmet|Power Gem|p1a: Armarouge\n|-supereffective|p1a: Armarouge\n|-damage|p1a: Armarouge|6\/100\n|\n|upkeep\n|turn|4\n|\n|t:|1699498605\n|move|p1a: Armarouge|Stored Power|p2a: Glimmet\n|-supereffective|p2a: Glimmet\n|-crit|p2a: Glimmet\n|-damage|p2a: Glimmet|0 fnt\n|faint|p2a: Glimmet\n|\n|upkeep\n|j| HeirEhm\n|\n|t:|1699498617\n|switch|p2a: Toxicroak|Toxicroak, M|100\/100\n|turn|5\n|\n|t:|1699498620\n|move|p2a: Toxicroak|Sucker Punch|p1a: Armarouge\n|-supereffective|p1a: Armarouge\n|-damage|p1a: Armarouge|0 fnt\n|faint|p1a: Armarouge\n|-damage|p2a: Toxicroak|91\/100|[from] item: Life Orb\n|\n|upkeep\n|\n|t:|1699498632\n|switch|p1a: Decidueye|Decidueye, F|100\/100\n|turn|6\n|\n|t:|1699498641\n|move|p2a: Toxicroak|Gunk Shot|p1a: Decidueye\n|-damage|p1a: Decidueye|43\/100\n|-status|p1a: Decidueye|psn\n|-damage|p2a: Toxicroak|81\/100|[from] item: Life Orb\n|move|p1a: Decidueye|Defog|p2a: Toxicroak\n|-unboost|p2a: Toxicroak|evasion|1\n|-sideend|p1: FoxasBat|Stealth Rock|[from] move: Defog|[of] p1a: Decidueye\n|\n|-damage|p1a: Decidueye|31\/100 psn|[from] psn\n|upkeep\n|turn|7\n|\n|t:|1699498656\n|move|p2a: Toxicroak|Gunk Shot|p1a: Decidueye|[miss]\n|-miss|p2a: Toxicroak|p1a: Decidueye\n|move|p1a: Decidueye|Knock Off|p2a: Toxicroak\n|-resisted|p2a: Toxicroak\n|-damage|p2a: Toxicroak|64\/100\n|-enditem|p2a: Toxicroak|Life Orb|[from] move: Knock Off|[of] p1a: Decidueye\n|\n|-damage|p1a: Decidueye|18\/100 psn|[from] psn\n|upkeep\n|turn|8\n|\n|t:|1699498669\n|move|p2a: Toxicroak|Gunk Shot|p1a: Decidueye\n|-damage|p1a: Decidueye|0 fnt\n|faint|p1a: Decidueye\n|\n|upkeep\n|\n|t:|1699498677\n|switch|p1a: Roaring Moon|Roaring Moon|100\/100\n|-enditem|p1a: Roaring Moon|Booster Energy\n|-activate|p1a: Roaring Moon|ability: Protosynthesis|[fromitem]\n|-start|p1a: Roaring Moon|protosynthesisatk\n|turn|9\n|\n|t:|1699498685\n|move|p1a: Roaring Moon|Acrobatics|p2a: Toxicroak\n|-supereffective|p2a: Toxicroak\n|-damage|p2a: Toxicroak|0 fnt\n|faint|p2a: Toxicroak\n|\n|upkeep\n|\n|t:|1699498739\n|switch|p2a: Falinks|Falinks|100\/100\n|turn|10\n|\n|t:|1699498743\n|-terastallize|p2a: Falinks|Fairy\n|move|p1a: Roaring Moon|Acrobatics|p2a: Falinks\n|-damage|p2a: Falinks|32\/100\n|move|p2a: Falinks|Tera Blast|p1a: Roaring Moon|[anim] Tera Blast Fairy\n|-supereffective|p1a: Roaring Moon\n|-damage|p1a: Roaring Moon|0 fnt\n|faint|p1a: Roaring Moon\n|-end|p1a: Roaring Moon|Protosynthesis|[silent]\n|\n|upkeep\n|\n|t:|1699498756\n|switch|p1a: Dunsparce|Dunsparce, M|100\/100\n|turn|11\n|\n|t:|1699498763\n|move|p2a: Falinks|Close Combat|p1a: Dunsparce\n|-supereffective|p1a: Dunsparce\n|-damage|p1a: Dunsparce|0 fnt\n|-unboost|p2a: Falinks|def|1\n|-unboost|p2a: Falinks|spd|1\n|faint|p1a: Dunsparce\n|\n|upkeep\n|\n|t:|1699498770\n|switch|p1a: Sliggoo|Sliggoo-Hisui, F|100\/100\n|turn|12\n|\n|t:|1699498786\n|-terastallize|p1a: Sliggoo|Water\n|move|p2a: Falinks|Close Combat|p1a: Sliggoo\n|-damage|p1a: Sliggoo|58\/100\n|-unboost|p2a: Falinks|def|1\n|-unboost|p2a: Falinks|spd|1\n|move|p1a: Sliggoo|Acid Spray|p2a: Falinks\n|-supereffective|p2a: Falinks\n|-damage|p2a: Falinks|0 fnt\n|faint|p2a: Falinks\n|\n|upkeep\n|\n|t:|1699498805\n|switch|p2a: Jolteon|Jolteon, M|100\/100\n|turn|13\n|\n|t:|1699498809\n|switch|p1a: Clodsire|Clodsire, F|100\/100\n|move|p2a: Jolteon|Volt Switch|p1a: Clodsire\n|-immune|p1a: Clodsire\n|\n|upkeep\n|turn|14\n|\n|t:|1699498825\n|switch|p2a: Walking Wake|Walking Wake|100\/100\n|move|p1a: Clodsire|Stealth Rock|p2a: Walking Wake\n|-sidestart|p2: tbor2002|move: Stealth Rock\n|\n|upkeep\n|turn|15\n|\n|t:|1699498837\n|move|p2a: Walking Wake|Hydro Steam|p1a: Clodsire\n|-supereffective|p1a: Clodsire\n|-damage|p1a: Clodsire|24\/100\n|move|p1a: Clodsire|Toxic|p2a: Walking Wake\n|-status|p2a: Walking Wake|tox\n|\n|-heal|p1a: Clodsire|30\/100|[from] item: Leftovers\n|-damage|p2a: Walking Wake|94\/100 tox|[from] psn\n|upkeep\n|turn|16\n|\n|t:|1699498846\n|switch|p1a: Sliggoo|Sliggoo-Hisui, F, tera:Water|58\/100\n|move|p2a: Walking Wake|Hydro Steam|p1a: Sliggoo\n|-resisted|p1a: Sliggoo\n|-damage|p1a: Sliggoo|37\/100\n|\n|-damage|p2a: Walking Wake|82\/100 tox|[from] psn\n|upkeep\n|turn|17\n|\n|t:|1699498856\n|-end|p2a: Walking Wake|Protosynthesis|[silent]\n|switch|p2a: Muk|Muk-Alola, F|100\/100\n|-damage|p2a: Muk|88\/100|[from] Stealth Rock\n|move|p1a: Sliggoo|Ice Beam|p2a: Muk\n|-crit|p2a: Muk\n|-damage|p2a: Muk|71\/100\n|\n|upkeep\n|turn|18\n|\n|t:|1699498872\n|move|p2a: Muk|Knock Off|p1a: Sliggoo\n|-damage|p1a: Sliggoo|0 fnt\n|-enditem|p1a: Sliggoo|Eviolite|[from] move: Knock Off|[of] p2a: Muk\n|faint|p1a: Sliggoo\n|\n|upkeep\n|\n|t:|1699498876\n|switch|p1a: Clodsire|Clodsire, F|30\/100\n|turn|19\n|\n|t:|1699498883\n|move|p2a: Muk|Knock Off|p1a: Clodsire\n|-damage|p1a: Clodsire|0 fnt\n|-enditem|p1a: Clodsire|Leftovers|[from] move: Knock Off|[of] p2a: Muk\n|faint|p1a: Clodsire\n|\n|win|tbor2002\n|l|\u2606tbor2002\n|l|\u2606FoxasBat\n","uploadtime":1699498890,"views":5,"p1id":"foxasbat","p2id":"tbor2002","formatid":"gen9nationaldexubers","rating":0,"private":0,"password":""}