{"id":"gen9nationaldexubers-1999582075","p1":"ElMegaSoulMaxXD","p2":"Imdstrbd","format":"[Gen 9] National Dex Ubers","log":"|j|\u2606ElMegaSoulMaxXD\n|j|\u2606Imdstrbd\n|t:|1701098331\n|gametype|singles\n|player|p1|ElMegaSoulMaxXD|2|1070\n|player|p2|Imdstrbd|lance|1033\n|teamsize|p1|6\n|teamsize|p2|6\n|gen|9\n|tier|[Gen 9] National Dex Ubers\n|rated|\n|rule|HP Percentage Mod: HP is shown in percentages\n|rule|Endless Battle Clause: Forcing endless battles is banned\n|rule|OHKO Clause: OHKO moves are banned\n|rule|Evasion Moves Clause: Evasion moves are banned\n|rule|Evasion Items Clause: Evasion items are banned\n|rule|Species Clause: Limit one of each Pok\u00e9mon\n|rule|Sleep Clause Mod: Limit one foe put to sleep\n|rule|Mega Rayquaza Clause: You cannot mega evolve Rayquaza\n|clearpoke\n|poke|p1|Zapdos|\n|poke|p1|Hatterene, F|\n|poke|p1|Metagross|\n|poke|p1|Gholdengo|\n|poke|p1|Roaring Moon|\n|poke|p1|Annihilape, F|\n|poke|p2|Necrozma-Dusk-Mane|\n|poke|p2|Zygarde|\n|poke|p2|Zacian-*|\n|poke|p2|Dragapult, M|\n|poke|p2|Centiskorch, F|\n|poke|p2|Wimpod, M|\n|teampreview\n|\n|t:|1701098337\n|start\n|switch|p1a: Roaring Moon|Roaring Moon|100\/100\n|switch|p2a: Wimpod|Wimpod, M|100\/100\n|turn|1\n|\n|t:|1701098345\n|-terastallize|p1a: Roaring Moon|Dragon\n|move|p1a: Roaring Moon|Earthquake|p2a: Wimpod\n|-resisted|p2a: Wimpod\n|-damage|p2a: Wimpod|48\/100\n|-activate|p2a: Wimpod|ability: Wimp Out\n|inactive|Battle timer is ON: inactive players will automatically lose when time's up. (requested by ElMegaSoulMaxXD)\n|\n|t:|1701098357\n|switch|p2a: Zacian|Zacian-Crowned|100\/100\n|-ability|p2a: Zacian|Intrepid Sword|boost\n|-boost|p2a: Zacian|atk|1\n|\n|upkeep\n|turn|2\n|c|\u2606ElMegaSoulMaxXD|?\n|\n|t:|1701098365\n|-terastallize|p2a: Zacian|Fire\n|move|p1a: Roaring Moon|Earthquake|p2a: Zacian\n|-supereffective|p2a: Zacian\n|-damage|p2a: Zacian|35\/100\n|move|p2a: Zacian|Swords Dance|p2a: Zacian\n|-boost|p2a: Zacian|atk|2\n|\n|upkeep\n|turn|3\n|c|\u2606Imdstrbd|wimp out\n|c|\u2606ElMegaSoulMaxXD|gg\n|c|\u2606Imdstrbd|you hit first lol\n|\n|t:|1701098377\n|move|p1a: Roaring Moon|Earthquake|p2a: Zacian\n|-supereffective|p2a: Zacian\n|-damage|p2a: Zacian|0 fnt\n|faint|p2a: Zacian\n|\n|upkeep\n|c|\u2606Imdstrbd|prolly\n|c|\u2606Imdstrbd|my setups gone\n|c|\u2606ElMegaSoulMaxXD|okay\n|\n|t:|1701098393\n|switch|p2a: Necrozma|Necrozma-Dusk-Mane, shiny|100\/100\n|turn|4\n|\n|t:|1701098399\n|move|p1a: Roaring Moon|Earthquake|p2a: Necrozma\n|-supereffective|p2a: Necrozma\n|-damage|p2a: Necrozma|51\/100\n|-zpower|p2a: Necrozma\n|move|p2a: Necrozma|Searing Sunraze Smash|p1a: Roaring Moon|[zeffect]\n|-damage|p1a: Roaring Moon|0 fnt\n|faint|p1a: Roaring Moon\n|-end|p1a: Roaring Moon|Protosynthesis|[silent]\n|\n|upkeep\n|c|\u2606ElMegaSoulMaxXD|gg\n|\n|t:|1701098415\n|switch|p1a: el doradito|Gholdengo|100\/100\n|turn|5\n|c|\u2606Imdstrbd|gg\n|\n|t:|1701098422\n|move|p1a: el doradito|Shadow Ball|p2a: Necrozma\n|-supereffective|p2a: Necrozma\n|-damage|p2a: Necrozma|0 fnt\n|faint|p2a: Necrozma\n|\n|upkeep\n|\n|t:|1701098426\n|switch|p2a: Centiskorch|Centiskorch, F|100\/100\n|turn|6\n|\n|t:|1701098431\n|move|p1a: el doradito|Shadow Ball|p2a: Centiskorch\n|-damage|p2a: Centiskorch|60\/100\n|move|p2a: Centiskorch|Heat Wave|p1a: el doradito\n|-supereffective|p1a: el doradito\n|-damage|p1a: el doradito|28\/100\n|\n|upkeep\n|turn|7\n|\n|t:|1701098440\n|move|p1a: el doradito|Shadow Ball|p2a: Centiskorch\n|-damage|p2a: Centiskorch|23\/100\n|-enditem|p2a: Centiskorch|Mago Berry|[eat]\n|-heal|p2a: Centiskorch|56\/100|[from] item: Mago Berry\n|move|p2a: Centiskorch|Coil|p2a: Centiskorch\n|-boost|p2a: Centiskorch|atk|1\n|-boost|p2a: Centiskorch|def|1\n|-boost|p2a: Centiskorch|accuracy|1\n|\n|upkeep\n|turn|8\n|\n|t:|1701098449\n|move|p1a: el doradito|Shadow Ball|p2a: Centiskorch\n|-damage|p2a: Centiskorch|20\/100\n|move|p2a: Centiskorch|Heat Wave|p1a: el doradito\n|-supereffective|p1a: el doradito\n|-damage|p1a: el doradito|0 fnt\n|faint|p1a: el doradito\n|\n|upkeep\n|inactiveoff|Battle timer is now OFF.\n|\n|t:|1701098458\n|switch|p1a: la prosti bella|Hatterene, F, shiny|100\/100\n|turn|9\n|\n|t:|1701098462\n|move|p2a: Centiskorch|Rest|p2a: Centiskorch\n|-status|p2a: Centiskorch|slp|[from] move: Rest\n|-heal|p2a: Centiskorch|100\/100 slp|[silent]\n|move|p1a: la prosti bella|Draining Kiss|p2a: Centiskorch\n|-resisted|p2a: Centiskorch\n|-damage|p2a: Centiskorch|91\/100 slp\n|\n|upkeep\n|turn|10\n|c|\u2606Imdstrbd|so how are you on this fine day\n|n|!Imdstrbd|imdstrbd\n|\n|t:|1701098559\n|cant|p2a: Centiskorch|slp\n|move|p1a: la prosti bella|Psyshock|p2a: Centiskorch\n|-damage|p2a: Centiskorch|57\/100 slp\n|\n|upkeep\n|turn|11\n|\n|t:|1701098564\n|cant|p2a: Centiskorch|slp\n|move|p1a: la prosti bella|Psyshock|p2a: Centiskorch\n|-damage|p2a: Centiskorch|27\/100 slp\n|\n|upkeep\n|turn|12\n|\n|t:|1701098570\n|-curestatus|p2a: Centiskorch|slp|[msg]\n|move|p2a: Centiskorch|Crunch|p1a: la prosti bella\n|-damage|p1a: la prosti bella|69\/100\n|move|p1a: la prosti bella|Psyshock|p2a: Centiskorch\n|-damage|p2a: Centiskorch|0 fnt\n|faint|p2a: Centiskorch\n|\n|-heal|p1a: la prosti bella|75\/100|[from] item: Leftovers\n|upkeep\n|\n|t:|1701098573\n|switch|p2a: Zygarde|Zygarde, shiny|100\/100\n|turn|13\n|c|\u2606ElMegaSoulMaxXD|gg\n|\n|t:|1701098583\n|move|p2a: Zygarde|Draco Meteor|p1a: la prosti bella\n|-immune|p1a: la prosti bella\n|move|p1a: la prosti bella|Draining Kiss|p2a: Zygarde\n|-supereffective|p2a: Zygarde\n|-damage|p2a: Zygarde|52\/100\n|-heal|p1a: la prosti bella|100\/100|[from] drain|[of] p2a: Zygarde\n|-damage|p1a: la prosti bella|84\/100|[from] item: Rocky Helmet|[of] p2a: Zygarde\n|\n|-heal|p1a: la prosti bella|90\/100|[from] item: Leftovers\n|upkeep\n|turn|14\n|\n|t:|1701098598\n|move|p2a: Zygarde|Core Enforcer|p1a: la prosti bella\n|-immune|p1a: la prosti bella\n|move|p1a: la prosti bella|Draining Kiss|p2a: Zygarde\n|-supereffective|p2a: Zygarde\n|-damage|p2a: Zygarde|11\/100\n|-heal|p1a: la prosti bella|100\/100|[from] drain|[of] p2a: Zygarde\n|-damage|p1a: la prosti bella|84\/100|[from] item: Rocky Helmet|[of] p2a: Zygarde\n|\n|-heal|p1a: la prosti bella|90\/100|[from] item: Leftovers\n|-activate|p2a: Zygarde|ability: Power Construct\n|detailschange|p2a: Zygarde|Zygarde-Complete, shiny\n|-heal|p2a: Zygarde|45\/100|[silent]\n|upkeep\n|turn|15\n|\n|t:|1701098614\n|move|p2a: Zygarde|Rest|p2a: Zygarde\n|-status|p2a: Zygarde|slp|[from] move: Rest\n|-heal|p2a: Zygarde|100\/100 slp|[silent]\n|move|p1a: la prosti bella|Draining Kiss|p2a: Zygarde\n|-supereffective|p2a: Zygarde\n|-damage|p2a: Zygarde|71\/100 slp\n|-heal|p1a: la prosti bella|100\/100|[from] drain|[of] p2a: Zygarde\n|-damage|p1a: la prosti bella|84\/100|[from] item: Rocky Helmet|[of] p2a: Zygarde\n|\n|-heal|p1a: la prosti bella|90\/100|[from] item: Leftovers\n|upkeep\n|turn|16\n|-message|Imdstrbd forfeited.\n|\n|win|ElMegaSoulMaxXD\n|raw|ElMegaSoulMaxXD's rating: 1070 &rarr; <strong>1096<\/strong><br \/>(+26 for winning)\n|raw|Imdstrbd's rating: 1033 &rarr; <strong>1020<\/strong><br \/>(-13 for losing)\n","uploadtime":1701098554,"views":2,"p1id":"elmegasoulmaxxd","p2id":"imdstrbd","formatid":"gen9nationaldexubers","rating":1020,"private":0,"password":""}