{"id":"gen9nationaldexubers-1980623085","p1":"FunnyValentine2","p2":"09-10a","format":"[Gen 9] National Dex Ubers","log":"|j|\u2606FunnyValentine2\n|j|\u260609-10a\n|t:|1698804452\n|gametype|singles\n|player|p1|FunnyValentine2|skier|1719\n|player|p2|09-10a|schoolkid-gen4dp|1878\n|teamsize|p1|6\n|teamsize|p2|6\n|gen|9\n|tier|[Gen 9] National Dex Ubers\n|rated|\n|rule|HP Percentage Mod: HP is shown in percentages\n|rule|Endless Battle Clause: Forcing endless battles is banned\n|rule|OHKO Clause: OHKO moves are banned\n|rule|Evasion Moves Clause: Evasion moves are banned\n|rule|Evasion Items Clause: Evasion items are banned\n|rule|Species Clause: Limit one of each Pok\u00e9mon\n|rule|Sleep Clause Mod: Limit one foe put to sleep\n|rule|Mega Rayquaza Clause: You cannot mega evolve Rayquaza\n|clearpoke\n|poke|p1|Yveltal|\n|poke|p1|Lunala|\n|poke|p1|Ho-Oh|\n|poke|p1|Groudon|\n|poke|p1|Deoxys-Attack|\n|poke|p1|Marshadow|\n|poke|p2|Eternatus|\n|poke|p2|Arceus-Fairy|\n|poke|p2|Necrozma-Dusk-Mane|\n|poke|p2|Groudon, L99|\n|poke|p2|Marshadow|\n|poke|p2|Zygarde|\n|teampreview\n|inactive|Battle timer is ON: inactive players will automatically lose when time's up. (requested by FunnyValentine2)\n|inactive|09-10a also wants the timer to be on.\n|\n|t:|1698804477\n|start\n|switch|p1a: BKC|Deoxys-Attack|100\/100\n|switch|p2a: Necrozma|Necrozma-Dusk-Mane, shiny|100\/100\n|-ability|p1a: BKC|Pressure\n|turn|1\n|\n|t:|1698804497\n|move|p1a: BKC|Stealth Rock|p2a: Necrozma\n|-sidestart|p2: 09-10a|move: Stealth Rock\n|move|p2a: Necrozma|Rock Blast|p1a: BKC|[miss]\n|-miss|p2a: Necrozma|p1a: BKC\n|\n|upkeep\n|turn|2\n|\n|t:|1698804507\n|switch|p1a: Marshadow|Marshadow|100\/100\n|move|p2a: Necrozma|Dragon Dance|p2a: Necrozma\n|-boost|p2a: Necrozma|atk|1\n|-boost|p2a: Necrozma|spe|1\n|\n|upkeep\n|turn|3\n|\n|t:|1698804521\n|switch|p1a: The Fucking Reaper|Yveltal|100\/100\n|-ability|p1a: The Fucking Reaper|Dark Aura\n|switch|p2a: Arceus|Arceus-Fairy|100\/100\n|-damage|p2a: Arceus|88\/100|[from] Stealth Rock\n|\n|upkeep\n|turn|4\n|\n|t:|1698804531\n|switch|p1a: birdspam|Ho-Oh|100\/100\n|move|p2a: Arceus|Judgment|p1a: birdspam\n|-resisted|p1a: birdspam\n|-damage|p1a: birdspam|88\/100\n|\n|upkeep\n|turn|5\n|\n|t:|1698804534\n|switch|p2a: Eternatus|Eternatus|100\/100\n|-damage|p2a: Eternatus|88\/100|[from] Stealth Rock\n|-ability|p2a: Eternatus|Pressure\n|-item|p2a: Eternatus|Air Balloon\n|move|p1a: birdspam|Sacred Fire|p2a: Eternatus\n|-resisted|p2a: Eternatus\n|-damage|p2a: Eternatus|72\/100\n|-enditem|p2a: Eternatus|Air Balloon\n|\n|upkeep\n|turn|6\n|\n|t:|1698804538\n|move|p2a: Eternatus|Toxic Spikes|p1a: birdspam\n|-sidestart|p1: FunnyValentine2|move: Toxic Spikes\n|move|p1a: birdspam|Whirlwind|p2a: Eternatus\n|drag|p2a: Arceus|Arceus-Fairy|88\/100\n|-damage|p2a: Arceus|76\/100|[from] Stealth Rock\n|\n|upkeep\n|turn|7\n|\n|t:|1698804546\n|switch|p2a: Eternatus|Eternatus|72\/100\n|-damage|p2a: Eternatus|60\/100|[from] Stealth Rock\n|-ability|p2a: Eternatus|Pressure\n|move|p1a: birdspam|Sacred Fire|p2a: Eternatus\n|-resisted|p2a: Eternatus\n|-damage|p2a: Eternatus|44\/100\n|-status|p2a: Eternatus|brn\n|\n|-damage|p2a: Eternatus|38\/100 brn|[from] brn\n|upkeep\n|turn|8\n|\n|t:|1698804549\n|move|p2a: Eternatus|Recover|p2a: Eternatus\n|-heal|p2a: Eternatus|88\/100 brn\n|move|p1a: birdspam|Whirlwind|p2a: Eternatus\n|drag|p2a: Arceus|Arceus-Fairy|76\/100\n|-damage|p2a: Arceus|63\/100|[from] Stealth Rock\n|\n|upkeep\n|turn|9\n|\n|t:|1698804557\n|switch|p2a: Eternatus|Eternatus|88\/100 brn\n|-damage|p2a: Eternatus|76\/100 brn|[from] Stealth Rock\n|-ability|p2a: Eternatus|Pressure\n|move|p1a: birdspam|Whirlwind|p2a: Eternatus\n|drag|p2a: Marshadow|Marshadow|100\/100\n|-damage|p2a: Marshadow|94\/100|[from] Stealth Rock\n|\n|upkeep\n|turn|10\n|\n|t:|1698804567\n|switch|p2a: Eternatus|Eternatus|76\/100 brn\n|-damage|p2a: Eternatus|64\/100 brn|[from] Stealth Rock\n|-ability|p2a: Eternatus|Pressure\n|move|p1a: birdspam|Defog|p2a: Eternatus\n|-unboost|p2a: Eternatus|evasion|1\n|-sideend|p2: 09-10a|Stealth Rock|[from] move: Defog|[of] p1a: birdspam\n|-sideend|p1: FunnyValentine2|Toxic Spikes|[from] move: Defog|[of] p1a: birdspam\n|\n|-damage|p2a: Eternatus|57\/100 brn|[from] brn\n|upkeep\n|turn|11\n|\n|t:|1698804585\n|switch|p1a: BKC|Deoxys-Attack|100\/100\n|-ability|p1a: BKC|Pressure\n|move|p2a: Eternatus|Sludge Bomb|p1a: BKC\n|-enditem|p1a: BKC|Focus Sash\n|-damage|p1a: BKC|1\/100\n|\n|-damage|p2a: Eternatus|51\/100 brn|[from] brn\n|upkeep\n|turn|12\n|\n|t:|1698804599\n|switch|p2a: Necrozma|Necrozma-Dusk-Mane, shiny|100\/100\n|move|p1a: BKC|Psycho Boost|p2a: Necrozma\n|-resisted|p2a: Necrozma\n|-damage|p2a: Necrozma|85\/100\n|-unboost|p1a: BKC|spa|2\n|\n|upkeep\n|turn|13\n|\n|t:|1698804605\n|move|p1a: BKC|Low Kick|p2a: Necrozma\n|-damage|p2a: Necrozma|50\/100\n|move|p2a: Necrozma|Dragon Dance|p2a: Necrozma\n|-boost|p2a: Necrozma|atk|1\n|-boost|p2a: Necrozma|spe|1\n|\n|upkeep\n|turn|14\n|\n|t:|1698804609\n|move|p1a: BKC|Low Kick|p2a: Necrozma\n|-damage|p2a: Necrozma|13\/100\n|move|p2a: Necrozma|Moonlight|p2a: Necrozma\n|-heal|p2a: Necrozma|63\/100\n|\n|upkeep\n|turn|15\n|\n|t:|1698804616\n|move|p1a: BKC|Low Kick|p2a: Necrozma\n|-damage|p2a: Necrozma|27\/100\n|move|p2a: Necrozma|Sunsteel Strike|p1a: BKC\n|-damage|p1a: BKC|0 fnt\n|faint|p1a: BKC\n|\n|upkeep\n|\n|t:|1698804631\n|switch|p1a: Marshadow|Marshadow|100\/100\n|turn|16\n|inactive|09-10a has 120 seconds left.\n|\n|t:|1698804666\n|switch|p2a: Zygarde|Zygarde, shiny|100\/100\n|move|p1a: Marshadow|Shadow Sneak|p2a: Zygarde\n|-damage|p2a: Zygarde|71\/100\n|-damage|p1a: Marshadow|91\/100|[from] item: Life Orb\n|\n|-heal|p2a: Zygarde|77\/100|[from] item: Leftovers\n|upkeep\n|turn|17\n|\n|t:|1698804672\n|switch|p1a: The Fucking Reaper|Yveltal|100\/100\n|-ability|p1a: The Fucking Reaper|Dark Aura\n|move|p2a: Zygarde|Thousand Arrows|p1a: The Fucking Reaper\n|-damage|p1a: The Fucking Reaper|63\/100\n|-start|p1a: The Fucking Reaper|Smack Down\n|\n|-heal|p2a: Zygarde|83\/100|[from] item: Leftovers\n|upkeep\n|turn|18\n|\n|t:|1698804676\n|switch|p2a: Eternatus|Eternatus|51\/100 brn\n|-ability|p2a: Eternatus|Pressure\n|move|p1a: The Fucking Reaper|Oblivion Wing|p2a: Eternatus\n|-damage|p2a: Eternatus|22\/100 brn\n|-heal|p1a: The Fucking Reaper|88\/100|[from] drain|[of] p2a: Eternatus\n|-damage|p1a: The Fucking Reaper|79\/100|[from] item: Life Orb\n|\n|-damage|p2a: Eternatus|16\/100 brn|[from] brn\n|upkeep\n|turn|19\n|\n|t:|1698804681\n|move|p2a: Eternatus|Recover|p2a: Eternatus\n|-heal|p2a: Eternatus|66\/100 brn\n|move|p1a: The Fucking Reaper|Oblivion Wing|p2a: Eternatus\n|-damage|p2a: Eternatus|34\/100 brn\n|-heal|p1a: The Fucking Reaper|100\/100|[from] drain|[of] p2a: Eternatus\n|-damage|p1a: The Fucking Reaper|91\/100|[from] item: Life Orb\n|\n|-damage|p2a: Eternatus|28\/100 brn|[from] brn\n|upkeep\n|turn|20\n|\n|t:|1698804684\n|move|p2a: Eternatus|Recover|p2a: Eternatus\n|-heal|p2a: Eternatus|78\/100 brn\n|move|p1a: The Fucking Reaper|Dark Pulse|p2a: Eternatus\n|-damage|p2a: Eternatus|34\/100 brn\n|-damage|p1a: The Fucking Reaper|81\/100|[from] item: Life Orb\n|\n|-damage|p2a: Eternatus|28\/100 brn|[from] brn\n|upkeep\n|turn|21\n|\n|t:|1698804692\n|move|p2a: Eternatus|Recover|p2a: Eternatus\n|-heal|p2a: Eternatus|78\/100 brn\n|move|p1a: The Fucking Reaper|Oblivion Wing|p2a: Eternatus\n|-damage|p2a: Eternatus|47\/100 brn\n|-heal|p1a: The Fucking Reaper|100\/100|[from] drain|[of] p2a: Eternatus\n|-damage|p1a: The Fucking Reaper|91\/100|[from] item: Life Orb\n|\n|-damage|p2a: Eternatus|41\/100 brn|[from] brn\n|upkeep\n|turn|22\n|\n|t:|1698804703\n|move|p2a: Eternatus|Mystical Fire|p1a: The Fucking Reaper\n|-damage|p1a: The Fucking Reaper|66\/100\n|-unboost|p1a: The Fucking Reaper|spa|1\n|move|p1a: The Fucking Reaper|Dark Pulse|p2a: Eternatus\n|-damage|p2a: Eternatus|13\/100 brn\n|-damage|p1a: The Fucking Reaper|56\/100|[from] item: Life Orb\n|\n|-damage|p2a: Eternatus|7\/100 brn|[from] brn\n|upkeep\n|turn|23\n|\n|t:|1698804723\n|switch|p1a: Car Seat Headrest|Lunala|100\/100\n|move|p2a: Eternatus|Recover|p2a: Eternatus\n|-heal|p2a: Eternatus|57\/100 brn\n|\n|-damage|p2a: Eternatus|51\/100 brn|[from] brn\n|upkeep\n|turn|24\n|inactive|09-10a has 120 seconds left.\n|\n|t:|1698804768\n|switch|p2a: Necrozma|Necrozma-Dusk-Mane, shiny|27\/100\n|move|p1a: Car Seat Headrest|Psyshock|p2a: Necrozma\n|-resisted|p2a: Necrozma\n|-damage|p2a: Necrozma|18\/100\n|\n|upkeep\n|turn|25\n|\n|t:|1698804783\n|switch|p1a: birdspam|Ho-Oh|100\/100\n|-zpower|p2a: Necrozma\n|move|p2a: Necrozma|Searing Sunraze Smash|p1a: birdspam|[zeffect]\n|-resisted|p1a: birdspam\n|-damage|p1a: birdspam|67\/100\n|\n|upkeep\n|turn|26\n|inactive|09-10a has 120 seconds left.\n|\n|t:|1698804797\n|move|p2a: Necrozma|Sunsteel Strike|p1a: birdspam\n|-resisted|p1a: birdspam\n|-crit|p1a: birdspam\n|-damage|p1a: birdspam|44\/100\n|move|p1a: birdspam|Whirlwind|p2a: Necrozma\n|drag|p2a: Eternatus|Eternatus|51\/100 brn\n|-ability|p2a: Eternatus|Pressure\n|\n|-damage|p2a: Eternatus|44\/100 brn|[from] brn\n|upkeep\n|turn|27\n|\n|t:|1698804801\n|move|p2a: Eternatus|Recover|p2a: Eternatus\n|-heal|p2a: Eternatus|95\/100 brn\n|move|p1a: birdspam|Recover|p1a: birdspam\n|-heal|p1a: birdspam|94\/100\n|\n|-damage|p2a: Eternatus|88\/100 brn|[from] brn\n|upkeep\n|turn|28\n|\n|t:|1698804814\n|switch|p1a: Car Seat Headrest|Lunala|100\/100\n|move|p2a: Eternatus|Toxic Spikes|p1a: Car Seat Headrest\n|-sidestart|p1: FunnyValentine2|move: Toxic Spikes\n|\n|-damage|p2a: Eternatus|82\/100 brn|[from] brn\n|upkeep\n|turn|29\n|\n|t:|1698804817\n|switch|p2a: Necrozma|Necrozma-Dusk-Mane, shiny|18\/100\n|move|p1a: Car Seat Headrest|Psyshock|p2a: Necrozma\n|-resisted|p2a: Necrozma\n|-damage|p2a: Necrozma|10\/100\n|\n|upkeep\n|turn|30\n|\n|t:|1698804821\n|move|p1a: Car Seat Headrest|Moongeist Beam|p2a: Necrozma\n|-supereffective|p2a: Necrozma\n|-damage|p2a: Necrozma|0 fnt\n|faint|p2a: Necrozma\n|\n|upkeep\n|\n|t:|1698804823\n|switch|p2a: Marshadow|Marshadow|94\/100\n|turn|31\n|\n|t:|1698804828\n|-terastallize|p1a: Car Seat Headrest|Fairy\n|move|p2a: Marshadow|Pursuit|p1a: Car Seat Headrest\n|-resisted|p1a: Car Seat Headrest\n|-damage|p1a: Car Seat Headrest|93\/100\n|move|p1a: Car Seat Headrest|Moongeist Beam|p2a: Marshadow\n|-supereffective|p2a: Marshadow\n|-damage|p2a: Marshadow|0 fnt\n|faint|p2a: Marshadow\n|\n|upkeep\n|\n|t:|1698804833\n|switch|p2a: Groudon|Groudon, L99, shiny|100\/100\n|detailschange|p2a: Groudon|Groudon-Primal, L99, shiny\n|-primal|p2a: Groudon|Red Orb\n|-weather|DesolateLand|[from] ability: Desolate Land|[of] p2a: Groudon\n|turn|32\n|\n|t:|1698804838\n|move|p1a: Car Seat Headrest|Meteor Beam||[still]\n|-prepare|p1a: Car Seat Headrest|Meteor Beam\n|-boost|p1a: Car Seat Headrest|spa|1\n|-enditem|p1a: Car Seat Headrest|Power Herb\n|-anim|p1a: Car Seat Headrest|Meteor Beam|p2a: Groudon\n|-damage|p2a: Groudon|47\/100\n|move|p2a: Groudon|Toxic|p1a: Car Seat Headrest\n|-status|p1a: Car Seat Headrest|tox\n|\n|-weather|DesolateLand|[upkeep]\n|-damage|p1a: Car Seat Headrest|87\/100 tox|[from] psn\n|upkeep\n|turn|33\n|\n|t:|1698804846\n|move|p1a: Car Seat Headrest|Moongeist Beam|p2a: Groudon\n|-damage|p2a: Groudon|0 fnt\n|faint|p2a: Groudon\n|-weather|none\n|\n|-damage|p1a: Car Seat Headrest|75\/100 tox|[from] psn\n|upkeep\n|\n|t:|1698804848\n|switch|p2a: Eternatus|Eternatus|82\/100 brn\n|-ability|p2a: Eternatus|Pressure\n|turn|34\n|\n|t:|1698804853\n|move|p2a: Eternatus|Sludge Bomb|p1a: Car Seat Headrest\n|-supereffective|p1a: Car Seat Headrest\n|-damage|p1a: Car Seat Headrest|14\/100 tox\n|move|p1a: Car Seat Headrest|Psyshock|p2a: Eternatus\n|-supereffective|p2a: Eternatus\n|-damage|p2a: Eternatus|0 fnt\n|faint|p2a: Eternatus\n|\n|-damage|p1a: Car Seat Headrest|0 fnt|[from] psn\n|faint|p1a: Car Seat Headrest\n|upkeep\n|\n|t:|1698804861\n|switch|p2a: Arceus|Arceus-Fairy|63\/100\n|switch|p1a: birdspam|Ho-Oh|100\/100\n|turn|35\n|\n|t:|1698804866\n|move|p2a: Arceus|Recover|p2a: Arceus\n|-heal|p2a: Arceus|100\/100\n|move|p1a: birdspam|Defog|p2a: Arceus\n|-unboost|p2a: Arceus|evasion|1\n|-sideend|p1: FunnyValentine2|Toxic Spikes|[from] move: Defog|[of] p1a: birdspam\n|\n|upkeep\n|turn|36\n|\n|t:|1698804870\n|move|p2a: Arceus|Judgment|p1a: birdspam\n|-resisted|p1a: birdspam\n|-damage|p1a: birdspam|87\/100\n|move|p1a: birdspam|Sacred Fire|p2a: Arceus\n|-crit|p2a: Arceus\n|-damage|p2a: Arceus|64\/100\n|\n|upkeep\n|turn|37\n|\n|t:|1698804874\n|move|p2a: Arceus|Recover|p2a: Arceus\n|-heal|p2a: Arceus|100\/100\n|move|p1a: birdspam|Sacred Fire|p2a: Arceus\n|-damage|p2a: Arceus|76\/100\n|-status|p2a: Arceus|brn\n|\n|-damage|p2a: Arceus|70\/100 brn|[from] brn\n|upkeep\n|turn|38\n|\n|t:|1698804887\n|move|p2a: Arceus|Judgment|p1a: birdspam\n|-resisted|p1a: birdspam\n|-damage|p1a: birdspam|74\/100\n|move|p1a: birdspam|Whirlwind|p2a: Arceus\n|drag|p2a: Zygarde|Zygarde, shiny|83\/100\n|\n|-heal|p2a: Zygarde|89\/100|[from] item: Leftovers\n|upkeep\n|turn|39\n|\n|t:|1698804894\n|switch|p1a: The Fucking Reaper|Yveltal|56\/100\n|-ability|p1a: The Fucking Reaper|Dark Aura\n|move|p2a: Zygarde|Substitute|p2a: Zygarde\n|-start|p2a: Zygarde|Substitute\n|-damage|p2a: Zygarde|64\/100\n|\n|-heal|p2a: Zygarde|70\/100|[from] item: Leftovers\n|upkeep\n|turn|40\n|\n|t:|1698804899\n|move|p1a: The Fucking Reaper|Knock Off|p2a: Zygarde\n|-end|p2a: Zygarde|Substitute\n|-damage|p1a: The Fucking Reaper|47\/100|[from] item: Life Orb\n|move|p2a: Zygarde|Dragon Dance|p2a: Zygarde\n|-boost|p2a: Zygarde|atk|1\n|-boost|p2a: Zygarde|spe|1\n|\n|-heal|p2a: Zygarde|76\/100|[from] item: Leftovers\n|upkeep\n|turn|41\n|\n|t:|1698804904\n|move|p2a: Zygarde|Substitute|p2a: Zygarde\n|-start|p2a: Zygarde|Substitute\n|-damage|p2a: Zygarde|51\/100\n|move|p1a: The Fucking Reaper|Oblivion Wing|p2a: Zygarde\n|-end|p2a: Zygarde|Substitute\n|-heal|p1a: The Fucking Reaper|64\/100|[from] drain|[of] p2a: Zygarde\n|-damage|p1a: The Fucking Reaper|54\/100|[from] item: Life Orb\n|\n|-heal|p2a: Zygarde|58\/100|[from] item: Leftovers\n|upkeep\n|turn|42\n|\n|t:|1698804908\n|move|p2a: Zygarde|Substitute|p2a: Zygarde\n|-start|p2a: Zygarde|Substitute\n|-damage|p2a: Zygarde|33\/100\n|move|p1a: The Fucking Reaper|Oblivion Wing|p2a: Zygarde\n|-end|p2a: Zygarde|Substitute\n|-heal|p1a: The Fucking Reaper|71\/100|[from] drain|[of] p2a: Zygarde\n|-damage|p1a: The Fucking Reaper|61\/100|[from] item: Life Orb\n|\n|-heal|p2a: Zygarde|39\/100|[from] item: Leftovers\n|-activate|p2a: Zygarde|ability: Power Construct\n|detailschange|p2a: Zygarde|Zygarde-Complete, shiny\n|-heal|p2a: Zygarde|62\/100|[silent]\n|upkeep\n|turn|43\n|\n|t:|1698804926\n|move|p2a: Zygarde|Thousand Arrows|p1a: The Fucking Reaper\n|-damage|p1a: The Fucking Reaper|12\/100\n|-start|p1a: The Fucking Reaper|Smack Down\n|move|p1a: The Fucking Reaper|Oblivion Wing|p2a: Zygarde\n|-damage|p2a: Zygarde|28\/100\n|-heal|p1a: The Fucking Reaper|49\/100|[from] drain|[of] p2a: Zygarde\n|-damage|p1a: The Fucking Reaper|39\/100|[from] item: Life Orb\n|\n|-heal|p2a: Zygarde|34\/100|[from] item: Leftovers\n|upkeep\n|turn|44\n|\n|t:|1698804937\n|move|p2a: Zygarde|Thousand Arrows|p1a: The Fucking Reaper\n|-damage|p1a: The Fucking Reaper|0 fnt\n|faint|p1a: The Fucking Reaper\n|\n|-heal|p2a: Zygarde|40\/100|[from] item: Leftovers\n|upkeep\n|\n|t:|1698804944\n|switch|p1a: Marshadow|Marshadow|91\/100\n|turn|45\n|\n|t:|1698804947\n|move|p2a: Zygarde|Thousand Arrows|p1a: Marshadow\n|-damage|p1a: Marshadow|15\/100\n|move|p1a: Marshadow|Spectral Thief||[still]\n|-clearpositiveboost|p2a: Zygarde|p1a: Marshadow|move: Spectral Thief\n|-boost|p1a: Marshadow|atk|1\n|-boost|p1a: Marshadow|spe|1\n|-anim|p1a: Marshadow|Spectral Thief|p2a: Zygarde\n|-damage|p2a: Zygarde|2\/100\n|-damage|p1a: Marshadow|5\/100|[from] item: Life Orb\n|\n|-heal|p2a: Zygarde|8\/100|[from] item: Leftovers\n|upkeep\n|turn|46\n|-message|09-10a forfeited.\n|\n|win|FunnyValentine2\n|raw|FunnyValentine2's rating: 1719 &rarr; <strong>1748<\/strong><br \/>(+29 for winning)\n|raw|09-10a's rating: 1884 &rarr; <strong>1855<\/strong><br \/>(-29 for losing)\n|l|\u260609-10a\n","uploadtime":1698805002,"views":14,"p1id":"funnyvalentine2","p2id":"0910a","formatid":"gen9nationaldexubers","rating":1748,"private":0,"password":""}