{"id":"gen9nationaldexubers-1983933507","p1":"Siege Team","p2":"Chaitanya15","format":"[Gen 9] National Dex Ubers","log":"|j|\u203dSiege Team\n|j|\u2606Chaitanya15\n|t:|1699201514\n|gametype|singles\n|player|p1|Siege Team|veteran|1590\n|player|p2|Chaitanya15|102|1500\n|teamsize|p1|6\n|teamsize|p2|6\n|gen|9\n|tier|[Gen 9] National Dex Ubers\n|rated|\n|rule|HP Percentage Mod: HP is shown in percentages\n|rule|Endless Battle Clause: Forcing endless battles is banned\n|rule|OHKO Clause: OHKO moves are banned\n|rule|Evasion Moves Clause: Evasion moves are banned\n|rule|Evasion Items Clause: Evasion items are banned\n|rule|Species Clause: Limit one of each Pok\u00e9mon\n|rule|Sleep Clause Mod: Limit one foe put to sleep\n|rule|Mega Rayquaza Clause: You cannot mega evolve Rayquaza\n|clearpoke\n|poke|p1|Necrozma-Dusk-Mane|\n|poke|p1|Tyranitar, M|\n|poke|p1|Annihilape, M|\n|poke|p1|Yveltal|\n|poke|p1|Rayquaza|\n|poke|p1|Arceus-Rock|\n|poke|p2|Kingambit, F|\n|poke|p2|Basculegion, M|\n|poke|p2|Pikachu, F|\n|poke|p2|Kyogre|\n|poke|p2|Flutter Mane|\n|poke|p2|Deoxys-Speed|\n|teampreview\n|inactive|Battle timer is ON: inactive players will automatically lose when time's up. (requested by Siege Team)\n|\n|t:|1699201528\n|start\n|switch|p1a: Tyranitar|Tyranitar, M, shiny|100\/100\n|switch|p2a: Deoxys|Deoxys-Speed|100\/100\n|-ability|p2a: Deoxys|Pressure\n|-weather|Sandstorm|[from] ability: Sand Stream|[of] p1a: Tyranitar\n|turn|1\n|\n|t:|1699201538\n|detailschange|p1a: Tyranitar|Tyranitar-Mega, M, shiny\n|-mega|p1a: Tyranitar|Tyranitar|Tyranitarite\n|move|p2a: Deoxys|Stealth Rock|p1a: Tyranitar\n|-sidestart|p1: Siege Team|move: Stealth Rock\n|move|p1a: Tyranitar|Foul Play|p2a: Deoxys\n|-supereffective|p2a: Deoxys\n|-damage|p2a: Deoxys|7\/100\n|\n|-weather|Sandstorm|[upkeep]\n|-damage|p2a: Deoxys|1\/100|[from] Sandstorm\n|upkeep\n|turn|2\n|\n|t:|1699201547\n|move|p2a: Deoxys|Spikes|p1a: Tyranitar\n|-sidestart|p1: Siege Team|Spikes\n|move|p1a: Tyranitar|Dragon Dance|p1a: Tyranitar\n|-boost|p1a: Tyranitar|atk|1\n|-boost|p1a: Tyranitar|spe|1\n|\n|-weather|Sandstorm|[upkeep]\n|-damage|p2a: Deoxys|0 fnt|[from] Sandstorm\n|faint|p2a: Deoxys\n|upkeep\n|\n|t:|1699201563\n|switch|p2a: Pikachu|Pikachu, F|100\/100\n|turn|3\n|\n|t:|1699201567\n|move|p2a: Pikachu|Fake Out|p1a: Tyranitar\n|-resisted|p1a: Tyranitar\n|-damage|p1a: Tyranitar|95\/100\n|cant|p1a: Tyranitar|flinch\n|\n|-weather|Sandstorm|[upkeep]\n|-damage|p2a: Pikachu|94\/100|[from] Sandstorm\n|upkeep\n|turn|4\n|\n|t:|1699201576\n|move|p1a: Tyranitar|Earthquake|p2a: Pikachu\n|-supereffective|p2a: Pikachu\n|-damage|p2a: Pikachu|0 fnt\n|faint|p2a: Pikachu\n|\n|-weather|Sandstorm|[upkeep]\n|upkeep\n|\n|t:|1699201583\n|switch|p2a: Kyogre|Kyogre|100\/100\n|-weather|RainDance|[from] ability: Drizzle|[of] p2a: Kyogre\n|turn|5\n|\n|t:|1699201599\n|move|p2a: Kyogre|Water Spout|p1a: Tyranitar\n|-supereffective|p1a: Tyranitar\n|-damage|p1a: Tyranitar|0 fnt\n|faint|p1a: Tyranitar\n|\n|-weather|RainDance|[upkeep]\n|upkeep\n|\n|t:|1699201607\n|switch|p1a: Rayquaza|Rayquaza|100\/100\n|-damage|p1a: Rayquaza|76\/100|[from] Stealth Rock\n|-ability|p1a: Rayquaza|Air Lock\n|turn|6\n|\n|t:|1699201614\n|switch|p2a: Flutter Mane|Flutter Mane|100\/100\n|-enditem|p2a: Flutter Mane|Booster Energy\n|-activate|p2a: Flutter Mane|ability: Protosynthesis|[fromitem]\n|-start|p2a: Flutter Mane|protosynthesisspe\n|move|p1a: Rayquaza|Dragon Ascent|p2a: Flutter Mane\n|-damage|p2a: Flutter Mane|0 fnt\n|-unboost|p1a: Rayquaza|def|1\n|-unboost|p1a: Rayquaza|spd|1\n|faint|p2a: Flutter Mane\n|-end|p2a: Flutter Mane|Protosynthesis|[silent]\n|\n|-weather|RainDance|[upkeep]\n|upkeep\n|\n|t:|1699201629\n|switch|p2a: Kyogre|Kyogre|100\/100\n|turn|7\n|\n|t:|1699201635\n|move|p1a: Rayquaza|Extreme Speed|p2a: Kyogre\n|-damage|p2a: Kyogre|70\/100\n|move|p2a: Kyogre|Water Spout|p1a: Rayquaza\n|-resisted|p1a: Rayquaza\n|-damage|p1a: Rayquaza|20\/100\n|\n|-weather|RainDance|[upkeep]\n|upkeep\n|turn|8\n|\n|t:|1699201644\n|move|p2a: Kyogre|Water Spout|p1a: Rayquaza\n|-resisted|p1a: Rayquaza\n|-damage|p1a: Rayquaza|0 fnt\n|faint|p1a: Rayquaza\n|\n|-weather|RainDance|[upkeep]\n|upkeep\n|\n|t:|1699201655\n|switch|p1a: Yveltal|Yveltal, shiny|100\/100\n|-damage|p1a: Yveltal|76\/100|[from] Stealth Rock\n|-ability|p1a: Yveltal|Dark Aura\n|turn|9\n|\n|t:|1699201662\n|move|p1a: Yveltal|Foul Play|p2a: Kyogre\n|-damage|p2a: Kyogre|34\/100\n|move|p2a: Kyogre|Water Spout|p1a: Yveltal\n|-damage|p1a: Yveltal|32\/100\n|\n|-weather|none\n|upkeep\n|turn|10\n|\n|t:|1699201671\n|switch|p1a: Necrozma|Necrozma-Dusk-Mane|100\/100\n|-damage|p1a: Necrozma|94\/100|[from] Stealth Rock\n|-damage|p1a: Necrozma|82\/100|[from] Spikes\n|switch|p2a: Kingambit|Kingambit, F|100\/100\n|-activate|p2a: Kingambit|ability: Supreme Overlord\n|-start|p2a: Kingambit|fallen3|[silent]\n|\n|upkeep\n|turn|11\n|\n|t:|1699201681\n|move|p1a: Necrozma|Earthquake|p2a: Kingambit\n|-supereffective|p2a: Kingambit\n|-damage|p2a: Kingambit|34\/100\n|move|p2a: Kingambit|Kowtow Cleave|p1a: Necrozma\n|-supereffective|p1a: Necrozma\n|-damage|p1a: Necrozma|0 fnt\n|faint|p1a: Necrozma\n|-damage|p2a: Kingambit|24\/100|[from] item: Life Orb\n|\n|upkeep\n|\n|t:|1699201692\n|switch|p1a: Arceus|Arceus-Rock|100\/100\n|-damage|p1a: Arceus|88\/100|[from] Stealth Rock\n|-damage|p1a: Arceus|76\/100|[from] Spikes\n|turn|12\n|\n|t:|1699201698\n|move|p2a: Kingambit|Sucker Punch||[still]\n|-fail|p2a: Kingambit\n|move|p1a: Arceus|Defog|p2a: Kingambit\n|-unboost|p2a: Kingambit|evasion|1\n|-sideend|p1: Siege Team|Spikes|[from] move: Defog|[of] p1a: Arceus\n|-sideend|p1: Siege Team|Stealth Rock|[from] move: Defog|[of] p1a: Arceus\n|\n|upkeep\n|turn|13\n|\n|t:|1699201705\n|move|p2a: Kingambit|Sucker Punch|p1a: Arceus\n|-damage|p1a: Arceus|21\/100\n|-damage|p2a: Kingambit|14\/100|[from] item: Life Orb\n|move|p1a: Arceus|Earth Power|p2a: Kingambit\n|-supereffective|p2a: Kingambit\n|-damage|p2a: Kingambit|0 fnt\n|faint|p2a: Kingambit\n|-end|p2a: Kingambit|fallen3|[silent]\n|\n|upkeep\n|\n|t:|1699201715\n|switch|p2a: Kyogre|Kyogre|34\/100\n|-weather|RainDance|[from] ability: Drizzle|[of] p2a: Kyogre\n|turn|14\n|\n|t:|1699201721\n|move|p2a: Kyogre|Thunder|p1a: Arceus\n|-damage|p1a: Arceus|0 fnt\n|faint|p1a: Arceus\n|\n|-weather|RainDance|[upkeep]\n|upkeep\n|\n|t:|1699201728\n|switch|p1a: Annihilape|Annihilape, M|100\/100\n|turn|15\n|\n|t:|1699201734\n|move|p1a: Annihilape|Final Gambit|p2a: Kyogre\n|-damage|p2a: Kyogre|0 fnt\n|faint|p1a: Annihilape\n|faint|p2a: Kyogre\n|\n|-weather|RainDance|[upkeep]\n|upkeep\n|\n|t:|1699201741\n|switch|p1a: Yveltal|Yveltal, shiny|32\/100\n|switch|p2a: Basculegion|Basculegion, M|100\/100\n|-ability|p1a: Yveltal|Dark Aura\n|turn|16\n|\n|t:|1699201752\n|-terastallize|p2a: Basculegion|Water\n|move|p1a: Yveltal|Sucker Punch|p2a: Basculegion\n|-damage|p2a: Basculegion|47\/100\n|move|p2a: Basculegion|Last Respects|p1a: Yveltal\n|-resisted|p1a: Yveltal\n|-damage|p1a: Yveltal|0 fnt\n|faint|p1a: Yveltal\n|\n|win|Chaitanya15\n|raw|Siege Team's rating: 1590 &rarr; <strong>1565<\/strong><br \/>(-25 for losing)\n|raw|Chaitanya15's rating: 1500 &rarr; <strong>1525<\/strong><br \/>(+25 for winning)\n|c|\u2606Chaitanya15|Gg\n|l|\u203dSiege Team\n","uploadtime":1699201783,"views":4,"p1id":"siegeteam","p2id":"chaitanya15","formatid":"gen9nationaldexubers","rating":1525,"private":0,"password":""}