{"id":"gen9nationaldexubers-1987930574","p1":"Azzzulli","p2":"BigMommaBadger","format":"[Gen 9] National Dex Ubers","log":"|j|\u2606Azzzulli\n|j|\u2606BigMommaBadger\n|t:|1699650286\n|gametype|singles\n|player|p1|Azzzulli|fisherman-gen4|1088\n|player|p2|BigMommaBadger|pokemonrangerf|1046\n|teamsize|p1|6\n|teamsize|p2|6\n|gen|9\n|tier|[Gen 9] National Dex Ubers\n|rated|\n|rule|HP Percentage Mod: HP is shown in percentages\n|rule|Endless Battle Clause: Forcing endless battles is banned\n|rule|OHKO Clause: OHKO moves are banned\n|rule|Evasion Moves Clause: Evasion moves are banned\n|rule|Evasion Items Clause: Evasion items are banned\n|rule|Species Clause: Limit one of each Pok\u00e9mon\n|rule|Sleep Clause Mod: Limit one foe put to sleep\n|rule|Mega Rayquaza Clause: You cannot mega evolve Rayquaza\n|clearpoke\n|poke|p1|Rillaboom, M|\n|poke|p1|Obstagoon, M|\n|poke|p1|Toxtricity, M|\n|poke|p1|Excadrill, M|\n|poke|p1|Aegislash, M|\n|poke|p1|Kommo-o, M|\n|poke|p2|Decidueye-Hisui, F|\n|poke|p2|Typhlosion-Hisui, M|\n|poke|p2|Samurott-Hisui, M|\n|poke|p2|Kleavor, M|\n|poke|p2|Ursaluna, M|\n|poke|p2|Dialga-Origin|\n|teampreview\n|\n|t:|1699650293\n|start\n|switch|p1a: Obstagoon|Obstagoon, M, shiny|100\/100\n|switch|p2a: Ronin|Samurott-Hisui, M, shiny|100\/100\n|turn|1\n|\n|t:|1699650301\n|move|p1a: Obstagoon|Obstruct|p1a: Obstagoon\n|-singleturn|p1a: Obstagoon|Protect\n|move|p2a: Ronin|Ceaseless Edge|p1a: Obstagoon\n|-activate|p1a: Obstagoon|move: Protect\n|-unboost|p2a: Ronin|def|2\n|\n|-status|p1a: Obstagoon|brn|[from] item: Flame Orb\n|upkeep\n|turn|2\n|\n|t:|1699650310\n|move|p2a: Ronin|Ceaseless Edge|p1a: Obstagoon\n|-resisted|p1a: Obstagoon\n|-damage|p1a: Obstagoon|78\/100 brn\n|-sidestart|p1: Azzzulli|Spikes\n|move|p1a: Obstagoon|Facade|p2a: Ronin\n|-damage|p2a: Ronin|0 fnt\n|faint|p2a: Ronin\n|\n|-damage|p1a: Obstagoon|71\/100 brn|[from] brn\n|upkeep\n|\n|t:|1699650317\n|switch|p2a: Axe|Kleavor, M, shiny|100\/100\n|turn|3\n|\n|t:|1699650326\n|move|p1a: Obstagoon|Obstruct|p1a: Obstagoon\n|-singleturn|p1a: Obstagoon|Protect\n|move|p2a: Axe|Stone Axe|p1a: Obstagoon\n|-activate|p1a: Obstagoon|move: Protect\n|-unboost|p2a: Axe|def|2\n|\n|-damage|p1a: Obstagoon|65\/100 brn|[from] brn\n|upkeep\n|turn|4\n|\n|t:|1699650337\n|move|p2a: Axe|Stone Axe|p1a: Obstagoon\n|-damage|p1a: Obstagoon|12\/100 brn\n|-sidestart|p1: Azzzulli|move: Stealth Rock\n|move|p1a: Obstagoon|Knock Off|p2a: Axe\n|-damage|p2a: Axe|0 fnt\n|-enditem|p2a: Axe|Choice Scarf|[from] move: Knock Off|[of] p1a: Obstagoon\n|faint|p2a: Axe\n|\n|-damage|p1a: Obstagoon|6\/100 brn|[from] brn\n|upkeep\n|\n|t:|1699650342\n|switch|p2a: Katniss|Decidueye-Hisui, F, shiny|100\/100\n|turn|5\n|\n|t:|1699650356\n|move|p1a: Obstagoon|Ice Punch|p2a: Katniss\n|-supereffective|p2a: Katniss\n|-damage|p2a: Katniss|33\/100\n|move|p2a: Katniss|Trailblaze|p1a: Obstagoon\n|-damage|p1a: Obstagoon|0 fnt\n|-boost|p2a: Katniss|spe|1\n|faint|p1a: Obstagoon\n|\n|upkeep\n|\n|t:|1699650364\n|switch|p1a: Excadrill|Excadrill, M, shiny|100\/100\n|-damage|p1a: Excadrill|88\/100|[from] Spikes\n|-damage|p1a: Excadrill|85\/100|[from] Stealth Rock\n|turn|6\n|-activate|p2a: Katniss|item: Quick Claw\n|\n|t:|1699650369\n|move|p2a: Katniss|Triple Arrows|p1a: Excadrill\n|-supereffective|p1a: Excadrill\n|-damage|p1a: Excadrill|0 fnt\n|faint|p1a: Excadrill\n|\n|upkeep\n|\n|t:|1699650389\n|switch|p1a: Kommo-o|Kommo-o, M|100\/100\n|-damage|p1a: Kommo-o|88\/100|[from] Spikes\n|-damage|p1a: Kommo-o|82\/100|[from] Stealth Rock\n|turn|7\n|-activate|p2a: Katniss|item: Quick Claw\n|\n|t:|1699650396\n|move|p2a: Katniss|Shadow Sneak|p1a: Kommo-o\n|-damage|p1a: Kommo-o|68\/100\n|move|p1a: Kommo-o|Clangorous Soul|p1a: Kommo-o\n|-boost|p1a: Kommo-o|atk|1\n|-boost|p1a: Kommo-o|def|1\n|-boost|p1a: Kommo-o|spa|1\n|-boost|p1a: Kommo-o|spd|1\n|-boost|p1a: Kommo-o|spe|1\n|-damage|p1a: Kommo-o|35\/100\n|-enditem|p1a: Kommo-o|Throat Spray\n|-boost|p1a: Kommo-o|spa|1|[from] item: Throat Spray\n|\n|upkeep\n|turn|8\n|\n|t:|1699650405\n|move|p1a: Kommo-o|Drain Punch|p2a: Katniss\n|-damage|p2a: Katniss|0 fnt\n|-heal|p1a: Kommo-o|56\/100|[from] drain|[of] p2a: Katniss\n|faint|p2a: Katniss\n|\n|upkeep\n|\n|t:|1699650407\n|switch|p2a: Stoner|Typhlosion-Hisui, M, shiny|100\/100\n|turn|9\n|\n|t:|1699650418\n|-terastallize|p1a: Kommo-o|Normal\n|move|p1a: Kommo-o|Flamethrower|p2a: Stoner\n|-resisted|p2a: Stoner\n|-damage|p2a: Stoner|66\/100\n|move|p2a: Stoner|Calm Mind|p2a: Stoner\n|-boost|p2a: Stoner|spa|1\n|-boost|p2a: Stoner|spd|1\n|\n|upkeep\n|turn|10\n|\n|t:|1699650425\n|move|p1a: Kommo-o|Flamethrower|p2a: Stoner\n|-resisted|p2a: Stoner\n|-damage|p2a: Stoner|42\/100\n|move|p2a: Stoner|Extrasensory|p1a: Kommo-o\n|-damage|p1a: Kommo-o|25\/100\n|\n|upkeep\n|turn|11\n|\n|t:|1699650435\n|move|p1a: Kommo-o|Flamethrower|p2a: Stoner\n|-resisted|p2a: Stoner\n|-damage|p2a: Stoner|18\/100\n|-enditem|p2a: Stoner|Salac Berry|[eat]\n|-boost|p2a: Stoner|spe|1|[from] item: Salac Berry\n|move|p2a: Stoner|Extrasensory|p1a: Kommo-o\n|-damage|p1a: Kommo-o|0 fnt\n|faint|p1a: Kommo-o\n|\n|upkeep\n|\n|t:|1699650447\n|switch|p1a: Aegislash|Aegislash, M|100\/100\n|-damage|p1a: Aegislash|88\/100|[from] Spikes\n|-damage|p1a: Aegislash|82\/100|[from] Stealth Rock\n|turn|12\n|\n|t:|1699650453\n|-formechange|p1a: Aegislash|Aegislash-Blade||[from] ability: Stance Change\n|move|p1a: Aegislash|Shadow Sneak|p2a: Stoner\n|-supereffective|p2a: Stoner\n|-damage|p2a: Stoner|0 fnt\n|faint|p2a: Stoner\n|\n|upkeep\n|\n|t:|1699650456\n|switch|p2a: Freddy Fazluna|Ursaluna, M, shiny|100\/100\n|turn|13\n|\n|t:|1699650463\n|-formechange|p1a: Aegislash|Aegislash||[from] ability: Stance Change\n|move|p1a: Aegislash|King's Shield|p1a: Aegislash\n|-singleturn|p1a: Aegislash|Protect\n|move|p2a: Freddy Fazluna|Bulk Up|p2a: Freddy Fazluna\n|-boost|p2a: Freddy Fazluna|atk|1\n|-boost|p2a: Freddy Fazluna|def|1\n|\n|-status|p2a: Freddy Fazluna|brn|[from] item: Flame Orb\n|upkeep\n|turn|14\n|\n|t:|1699650474\n|-formechange|p1a: Aegislash|Aegislash-Blade||[from] ability: Stance Change\n|move|p1a: Aegislash|Sacred Sword|p2a: Freddy Fazluna\n|-supereffective|p2a: Freddy Fazluna\n|-damage|p2a: Freddy Fazluna|50\/100 brn\n|move|p2a: Freddy Fazluna|Fire Punch|p1a: Aegislash\n|-supereffective|p1a: Aegislash\n|-damage|p1a: Aegislash|0 fnt\n|faint|p1a: Aegislash\n|\n|-damage|p2a: Freddy Fazluna|44\/100 brn|[from] brn\n|upkeep\n|\n|t:|1699650482\n|switch|p1a: Rillaboom|Rillaboom, M, shiny|100\/100\n|-damage|p1a: Rillaboom|88\/100|[from] Spikes\n|-damage|p1a: Rillaboom|76\/100|[from] Stealth Rock\n|-fieldstart|move: Grassy Terrain|[from] ability: Grassy Surge|[of] p1a: Rillaboom\n|-enditem|p1a: Rillaboom|Grassy Seed\n|-boost|p1a: Rillaboom|def|1|[from] item: Grassy Seed\n|turn|15\n|\n|t:|1699650495\n|move|p1a: Rillaboom|Grassy Glide|p2a: Freddy Fazluna\n|-supereffective|p2a: Freddy Fazluna\n|-damage|p2a: Freddy Fazluna|9\/100 brn\n|move|p2a: Freddy Fazluna|Facade|p1a: Rillaboom\n|-damage|p1a: Rillaboom|0 fnt\n|faint|p1a: Rillaboom\n|\n|-heal|p2a: Freddy Fazluna|15\/100 brn|[from] Grassy Terrain\n|-damage|p2a: Freddy Fazluna|9\/100 brn|[from] brn\n|upkeep\n|\n|t:|1699650498\n|switch|p1a: Toxtricity|Toxtricity, M, shiny|100\/100\n|-damage|p1a: Toxtricity|88\/100|[from] Spikes\n|-damage|p1a: Toxtricity|76\/100|[from] Stealth Rock\n|turn|16\n|\n|t:|1699650504\n|move|p1a: Toxtricity|Boomburst|p2a: Freddy Fazluna\n|-damage|p2a: Freddy Fazluna|0 fnt\n|faint|p2a: Freddy Fazluna\n|-enditem|p1a: Toxtricity|Throat Spray\n|-boost|p1a: Toxtricity|spa|1|[from] item: Throat Spray\n|\n|-heal|p1a: Toxtricity|82\/100|[from] Grassy Terrain\n|upkeep\n|\n|t:|1699650507\n|switch|p2a: Steely Dan|Dialga-Origin, shiny|100\/100\n|-ability|p2a: Steely Dan|Pressure\n|turn|17\n|\n|t:|1699650517\n|move|p2a: Steely Dan|Dragon Pulse|p1a: Toxtricity\n|-damage|p1a: Toxtricity|0 fnt\n|faint|p1a: Toxtricity\n|\n|win|BigMommaBadger\n|raw|Azzzulli's rating: 1088 &rarr; <strong>1062<\/strong><br \/>(-26 for losing)\n|raw|BigMommaBadger's rating: 1046 &rarr; <strong>1083<\/strong><br \/>(+37 for winning)\n|l|\u2606Azzzulli\n|c|\u2606BigMommaBadger|gg\n","uploadtime":1699650523,"views":6,"p1id":"azzzulli","p2id":"bigmommabadger","formatid":"gen9nationaldexubers","rating":1062,"private":0,"password":""}