{"id":"gen9nationaldexubers-1988160113","p1":"Testdummy5678","p2":"lemon1119","format":"[Gen 9] National Dex Ubers","log":"|j|\u2606Testdummy5678\n|j|\u2606lemon1119\n|t:|1699677405\n|gametype|singles\n|player|p1|Testdummy5678|hilbert|1531\n|player|p2|lemon1119|lillie-masters2|1640\n|teamsize|p1|6\n|teamsize|p2|6\n|gen|9\n|tier|[Gen 9] National Dex Ubers\n|rated|\n|rule|HP Percentage Mod: HP is shown in percentages\n|rule|Endless Battle Clause: Forcing endless battles is banned\n|rule|OHKO Clause: OHKO moves are banned\n|rule|Evasion Moves Clause: Evasion moves are banned\n|rule|Evasion Items Clause: Evasion items are banned\n|rule|Species Clause: Limit one of each Pok\u00e9mon\n|rule|Sleep Clause Mod: Limit one foe put to sleep\n|rule|Mega Rayquaza Clause: You cannot mega evolve Rayquaza\n|clearpoke\n|poke|p1|Ho-Oh|\n|poke|p1|Yveltal|\n|poke|p1|Necrozma-Dusk-Mane|\n|poke|p1|Zacian-*|\n|poke|p1|Arceus-Dark|\n|poke|p1|Eternatus|\n|poke|p2|Calyrex-Ice|\n|poke|p2|Slowbro, F|\n|poke|p2|Melmetal|\n|poke|p2|Hatterene, F|\n|poke|p2|Basculegion, M|\n|poke|p2|Ursaluna, F|\n|teampreview\n|inactive|Battle timer is ON: inactive players will automatically lose when time's up. (requested by lemon1119)\n|c|\u2606Testdummy5678|Glhf\n|\n|t:|1699677431\n|start\n|switch|p1a: Yveltal|Yveltal|100\/100\n|switch|p2a: Hatterene|Hatterene, F|100\/100\n|-ability|p1a: Yveltal|Dark Aura\n|turn|1\n|\n|t:|1699677440\n|switch|p1a: Ho-Oh|Ho-Oh|100\/100\n|move|p2a: Hatterene|Trick Room|p2a: Hatterene\n|-fieldstart|move: Trick Room|[of] p2a: Hatterene\n|\n|upkeep\n|turn|2\n|\n|t:|1699677454\n|move|p2a: Hatterene|Healing Wish|p2a: Hatterene\n|faint|p2a: Hatterene\n|move|p1a: Ho-Oh|Sacred Fire|p2: Hatterene|[notarget]\n|-fail|p1a: Ho-Oh\n|\n|upkeep\n|\n|t:|1699677458\n|switch|p2a: Ursaluna|Ursaluna, F|100\/100\n|turn|3\n|\n|t:|1699677462\n|move|p2a: Ursaluna|Swords Dance|p2a: Ursaluna\n|-boost|p2a: Ursaluna|atk|2\n|move|p1a: Ho-Oh|Whirlwind|p2a: Ursaluna\n|drag|p2a: Slowbro|Slowbro, F|100\/100\n|\n|upkeep\n|turn|4\n|\n|t:|1699677468\n|switch|p1a: Arceus|Arceus-Dark|100\/100\n|move|p2a: Slowbro|Teleport|p2a: Slowbro\n|\n|t:|1699677473\n|switch|p2a: Ursaluna|Ursaluna, F|100\/100|[from] Teleport\n|\n|-status|p2a: Ursaluna|brn|[from] item: Flame Orb\n|upkeep\n|turn|5\n|\n|t:|1699677478\n|switch|p1a: Yveltal|Yveltal|100\/100\n|-ability|p1a: Yveltal|Dark Aura\n|move|p2a: Ursaluna|Facade|p1a: Yveltal\n|-damage|p1a: Yveltal|33\/100\n|\n|-damage|p2a: Ursaluna|94\/100 brn|[from] brn\n|-fieldend|move: Trick Room\n|upkeep\n|turn|6\n|\n|t:|1699677482\n|move|p1a: Yveltal|Foul Play|p2a: Ursaluna\n|-damage|p2a: Ursaluna|40\/100 brn\n|move|p2a: Ursaluna|Facade|p1a: Yveltal\n|-damage|p1a: Yveltal|0 fnt\n|faint|p1a: Yveltal\n|\n|-damage|p2a: Ursaluna|33\/100 brn|[from] brn\n|upkeep\n|\n|t:|1699677487\n|switch|p1a: Zacian|Zacian-Crowned|100\/100\n|-ability|p1a: Zacian|Intrepid Sword|boost\n|-boost|p1a: Zacian|atk|1\n|turn|7\n|\n|t:|1699677490\n|switch|p2a: Slowbro|Slowbro, F|100\/100\n|move|p1a: Zacian|Play Rough|p2a: Slowbro\n|-damage|p2a: Slowbro|57\/100\n|\n|upkeep\n|turn|8\n|\n|t:|1699677494\n|detailschange|p2a: Slowbro|Slowbro-Mega, F\n|-mega|p2a: Slowbro|Slowbro|Slowbronite\n|move|p1a: Zacian|Wild Charge|p2a: Slowbro\n|-supereffective|p2a: Slowbro\n|-damage|p2a: Slowbro|12\/100\n|-damage|p1a: Zacian|87\/100|[from] Recoil\n|move|p2a: Slowbro|Trick Room|p2a: Slowbro\n|-fieldstart|move: Trick Room|[of] p2a: Slowbro\n|\n|upkeep\n|turn|9\n|\n|t:|1699677503\n|move|p2a: Slowbro|Body Press|p1a: Zacian\n|-damage|p1a: Zacian|50\/100\n|move|p1a: Zacian|Play Rough|p2a: Slowbro\n|-damage|p2a: Slowbro|0 fnt\n|faint|p2a: Slowbro\n|\n|upkeep\n|\n|t:|1699677506\n|switch|p2a: Ursaluna|Ursaluna, F|33\/100 brn\n|-heal|p2a: Ursaluna|100\/100|[from] move: Healing Wish\n|turn|10\n|\n|t:|1699677512\n|move|p2a: Ursaluna|Swords Dance|p2a: Ursaluna\n|-boost|p2a: Ursaluna|atk|2\n|move|p1a: Zacian|Close Combat|p2a: Ursaluna\n|-supereffective|p2a: Ursaluna\n|-damage|p2a: Ursaluna|0 fnt\n|-unboost|p1a: Zacian|def|1\n|-unboost|p1a: Zacian|spd|1\n|faint|p2a: Ursaluna\n|\n|upkeep\n|\n|t:|1699677516\n|switch|p2a: Melmetal|Melmetal|100\/100\n|turn|11\n|\n|t:|1699677518\n|move|p2a: Melmetal|Double Iron Bash|p1a: Zacian\n|-damage|p1a: Zacian|0 fnt\n|faint|p1a: Zacian\n|-hitcount|p1: Zacian|1\n|\n|upkeep\n|\n|t:|1699677524\n|switch|p1a: Necrozma|Necrozma-Dusk-Mane|100\/100\n|turn|12\n|\n|t:|1699677549\n|-terastallize|p2a: Melmetal|Steel\n|move|p2a: Melmetal|Double Iron Bash|p1a: Necrozma\n|-resisted|p1a: Necrozma\n|-damage|p1a: Necrozma|68\/100\n|-resisted|p1a: Necrozma\n|-damage|p1a: Necrozma|37\/100\n|-hitcount|p1a: Necrozma|2\n|move|p1a: Necrozma|Dragon Dance|p1a: Necrozma\n|-boost|p1a: Necrozma|atk|1\n|-boost|p1a: Necrozma|spe|1\n|\n|-fieldend|move: Trick Room\n|upkeep\n|turn|13\n|\n|t:|1699677556\n|detailschange|p1a: Necrozma|Necrozma-Ultra\n|-burst|p1a: Necrozma|Necrozma|Ultranecrozium Z\n|move|p1a: Necrozma|Earthquake|p2a: Melmetal\n|-supereffective|p2a: Melmetal\n|-damage|p2a: Melmetal|6\/100\n|move|p2a: Melmetal|Double Iron Bash|p1a: Necrozma\n|-damage|p1a: Necrozma|0 fnt\n|faint|p1a: Necrozma\n|-hitcount|p1: Necrozma|1\n|\n|upkeep\n|\n|t:|1699677565\n|switch|p1a: Eternatus|Eternatus|100\/100\n|-ability|p1a: Eternatus|Pressure\n|turn|14\n|\n|t:|1699677569\n|move|p1a: Eternatus|Flamethrower|p2a: Melmetal\n|-supereffective|p2a: Melmetal\n|-damage|p2a: Melmetal|0 fnt\n|faint|p2a: Melmetal\n|\n|upkeep\n|\n|t:|1699677571\n|switch|p2a: Calyrex|Calyrex-Ice|100\/100\n|-ability|p2a: Calyrex|As One\n|-ability|p2a: Calyrex|Unnerve\n|turn|15\n|\n|t:|1699677574\n|-terastallize|p1a: Eternatus|Fire\n|move|p1a: Eternatus|Flamethrower|p2a: Calyrex\n|-supereffective|p2a: Calyrex\n|-crit|p2a: Calyrex\n|-damage|p2a: Calyrex|12\/100\n|-status|p2a: Calyrex|brn\n|move|p2a: Calyrex|Trick Room|p2a: Calyrex\n|-fieldstart|move: Trick Room|[of] p2a: Calyrex\n|\n|-damage|p2a: Calyrex|6\/100 brn|[from] brn\n|upkeep\n|turn|16\n|\n|t:|1699677581\n|move|p2a: Calyrex|High Horsepower|p1a: Eternatus\n|-supereffective|p1a: Eternatus\n|-damage|p1a: Eternatus|68\/100\n|move|p1a: Eternatus|Recover|p1a: Eternatus\n|-heal|p1a: Eternatus|100\/100\n|\n|-damage|p2a: Calyrex|0 fnt|[from] brn\n|faint|p2a: Calyrex\n|upkeep\n|\n|t:|1699677586\n|switch|p2a: Basculegion|Basculegion, M|100\/100\n|turn|17\n|\n|t:|1699677589\n|move|p1a: Eternatus|Toxic|p2a: Basculegion\n|-status|p2a: Basculegion|tox\n|move|p2a: Basculegion|Last Respects|p1a: Eternatus\n|-damage|p1a: Eternatus|0 fnt\n|faint|p1a: Eternatus\n|\n|-damage|p2a: Basculegion|94\/100 tox|[from] psn\n|upkeep\n|\n|t:|1699677596\n|switch|p1a: Arceus|Arceus-Dark|100\/100\n|turn|18\n|\n|t:|1699677599\n|move|p1a: Arceus|Judgment|p2a: Basculegion\n|-supereffective|p2a: Basculegion\n|-damage|p2a: Basculegion|0 fnt\n|faint|p2a: Basculegion\n|\n|win|Testdummy5678\n|raw|Testdummy5678's rating: 1531 &rarr; <strong>1557<\/strong><br \/>(+26 for winning)\n|raw|lemon1119's rating: 1640 &rarr; <strong>1614<\/strong><br \/>(-26 for losing)\n|l|\u2606lemon1119\n|l|\u2606Testdummy5678\n","uploadtime":1699678041,"views":4,"p1id":"testdummy5678","p2id":"lemon1119","formatid":"gen9nationaldexubers","rating":1557,"private":0,"password":""}