{"id":"gen9nationaldexubers-1996200018","p1":"Masterfizzie","p2":"Yume__ice idiot","format":"[Gen 9] National Dex Ubers","log":"|j|\u203dMasterfizzie\n|j|\u2606Yume__ice idiot\n|t:|1700658303\n|gametype|singles\n|player|p1|Masterfizzie|102|1000\n|player|p2|Yume__ice idiot|psychic-gen4|1021\n|teamsize|p1|5\n|teamsize|p2|6\n|gen|9\n|tier|[Gen 9] National Dex Ubers\n|rated|\n|rule|HP Percentage Mod: HP is shown in percentages\n|rule|Endless Battle Clause: Forcing endless battles is banned\n|rule|OHKO Clause: OHKO moves are banned\n|rule|Evasion Moves Clause: Evasion moves are banned\n|rule|Evasion Items Clause: Evasion items are banned\n|rule|Species Clause: Limit one of each Pok\u00e9mon\n|rule|Sleep Clause Mod: Limit one foe put to sleep\n|rule|Mega Rayquaza Clause: You cannot mega evolve Rayquaza\n|clearpoke\n|poke|p1|Pikachu, M|\n|poke|p1|Baxcalibur, F|\n|poke|p1|Empoleon, M|\n|poke|p1|Dracovish|\n|poke|p1|Aggron, F|\n|poke|p2|Chien-Pao|\n|poke|p2|Arctovish|\n|poke|p2|Ninetales-Alola, M|\n|poke|p2|Baxcalibur, M|\n|poke|p2|Iron Bundle|\n|poke|p2|Cetitan, M|\n|teampreview\n|\n|t:|1700658317\n|start\n|switch|p1a: Pikachu|Pikachu, M|100\/100\n|switch|p2a: Church AC|Ninetales-Alola, M, shiny|100\/100\n|-weather|Snow|[from] ability: Snow Warning|[of] p2a: Church AC\n|turn|1\n|\n|t:|1700658334\n|move|p2a: Church AC|Aurora Veil|p2a: Church AC\n|-sidestart|p2: Yume__ice idiot|move: Aurora Veil\n|move|p1a: Pikachu|Thunderbolt|p2a: Church AC\n|-damage|p2a: Church AC|70\/100\n|\n|-weather|Snow|[upkeep]\n|upkeep\n|turn|2\n|\n|t:|1700658344\n|move|p2a: Church AC|Blizzard|p1a: Pikachu\n|-damage|p1a: Pikachu|0 fnt\n|faint|p1a: Pikachu\n|\n|-weather|Snow|[upkeep]\n|upkeep\n|\n|t:|1700658357\n|switch|p1a: Empoleon|Empoleon, M|100\/100\n|turn|3\n|\n|t:|1700658375\n|switch|p2a: slush|Arctovish, shiny|100\/100\n|move|p1a: Empoleon|Knock Off|p2a: slush\n|-damage|p2a: slush|89\/100\n|-enditem|p2a: slush|Leftovers|[from] move: Knock Off|[of] p1a: Empoleon\n|\n|-weather|Snow|[upkeep]\n|upkeep\n|turn|4\n|\n|t:|1700658395\n|switch|p1a: Baxcalibur|Baxcalibur, F|100\/100\n|move|p2a: slush|Fishious Rend|p1a: Baxcalibur\n|-resisted|p1a: Baxcalibur\n|-damage|p1a: Baxcalibur|76\/100\n|\n|-weather|Snow|[upkeep]\n|-heal|p1a: Baxcalibur|82\/100|[from] ability: Ice Body\n|upkeep\n|turn|5\n|\n|t:|1700658413\n|move|p1a: Baxcalibur|Iron Head|p2a: slush\n|-damage|p2a: slush|75\/100\n|cant|p2a: slush|flinch\n|\n|-weather|none\n|upkeep\n|turn|6\n|\n|t:|1700658426\n|switch|p1a: Dracovish|Dracovish|100\/100\n|move|p2a: slush|Iron Head|p1a: Dracovish\n|-resisted|p1a: Dracovish\n|-damage|p1a: Dracovish|87\/100\n|\n|upkeep\n|turn|7\n|\n|t:|1700658441\n|move|p1a: Dracovish|Draco Meteor|p2a: slush\n|-damage|p2a: slush|61\/100\n|-unboost|p1a: Dracovish|spa|2\n|move|p2a: slush|Icicle Spear|p1a: Dracovish\n|-damage|p1a: Dracovish|75\/100\n|-damage|p1a: Dracovish|63\/100\n|-damage|p1a: Dracovish|52\/100\n|-damage|p1a: Dracovish|41\/100\n|-damage|p1a: Dracovish|28\/100\n|-hitcount|p1a: Dracovish|5\n|\n|upkeep\n|turn|8\n|\n|t:|1700658458\n|-terastallize|p1a: Dracovish|Water\n|move|p1a: Dracovish|Dive||[still]\n|-prepare|p1a: Dracovish|Dive\n|move|p2a: slush|Fishious Rend|p1a: Dracovish|[miss]\n|-miss|p2a: slush|p1a: Dracovish\n|\n|-sideend|p2: Yume__ice idiot|move: Aurora Veil\n|upkeep\n|turn|9\n|\n|t:|1700658468\n|move|p1a: Dracovish|Dive|p2a: slush|[from]lockedmove\n|-resisted|p2a: slush\n|-damage|p2a: slush|35\/100\n|move|p2a: slush|Fishious Rend|p1a: Dracovish\n|-resisted|p1a: Dracovish\n|-damage|p1a: Dracovish|8\/100\n|\n|upkeep\n|turn|10\n|\n|t:|1700658476\n|move|p1a: Dracovish|Fishious Rend|p2a: slush\n|-resisted|p2a: slush\n|-damage|p2a: slush|0 fnt\n|faint|p2a: slush\n|\n|upkeep\n|\n|t:|1700658480\n|switch|p2a: Iceberg|Cetitan, M, shiny|100\/100\n|turn|11\n|\n|t:|1700658485\n|move|p2a: Iceberg|Ice Shard|p1a: Dracovish\n|-resisted|p1a: Dracovish\n|-damage|p1a: Dracovish|0 fnt\n|faint|p1a: Dracovish\n|\n|upkeep\n|\n|t:|1700658493\n|switch|p1a: Empoleon|Empoleon, M|100\/100\n|turn|12\n|\n|t:|1700658501\n|move|p1a: Empoleon|Earthquake|p2a: Iceberg\n|-damage|p2a: Iceberg|60\/100\n|move|p2a: Iceberg|Knock Off|p1a: Empoleon\n|-damage|p1a: Empoleon|62\/100\n|-enditem|p1a: Empoleon|Choice Band|[from] move: Knock Off|[of] p2a: Iceberg\n|\n|-heal|p2a: Iceberg|66\/100|[from] item: Leftovers\n|upkeep\n|turn|13\n|\n|t:|1700658511\n|move|p1a: Empoleon|Earthquake|p2a: Iceberg\n|-damage|p2a: Iceberg|39\/100\n|move|p2a: Iceberg|Belly Drum||[still]\n|-fail|p2a: Iceberg\n|\n|-heal|p2a: Iceberg|46\/100|[from] item: Leftovers\n|upkeep\n|turn|14\n|\n|t:|1700658523\n|move|p1a: Empoleon|Earthquake|p2a: Iceberg\n|-damage|p2a: Iceberg|20\/100\n|move|p2a: Iceberg|Earthquake|p1a: Empoleon\n|-supereffective|p1a: Empoleon\n|-damage|p1a: Empoleon|0 fnt\n|faint|p1a: Empoleon\n|\n|-heal|p2a: Iceberg|26\/100|[from] item: Leftovers\n|upkeep\n|\n|t:|1700658533\n|switch|p1a: Aggron|Aggron, F|100\/100\n|turn|15\n|\n|t:|1700658548\n|detailschange|p1a: Aggron|Aggron-Mega, F\n|-mega|p1a: Aggron|Aggron|Aggronite\n|move|p2a: Iceberg|Knock Off|p1a: Aggron\n|-damage|p1a: Aggron|91\/100\n|move|p1a: Aggron|Endeavor|p2a: Iceberg\n|-immune|p2a: Iceberg\n|\n|-heal|p2a: Iceberg|32\/100|[from] item: Leftovers\n|upkeep\n|turn|16\n|\n|t:|1700658560\n|switch|p2a: Church AC|Ninetales-Alola, M, shiny|70\/100\n|-weather|Snow|[from] ability: Snow Warning|[of] p2a: Church AC\n|move|p1a: Aggron|Heavy Slam|p2a: Church AC\n|-supereffective|p2a: Church AC\n|-damage|p2a: Church AC|0 fnt\n|faint|p2a: Church AC\n|\n|-weather|Snow|[upkeep]\n|upkeep\n|\n|t:|1700658573\n|switch|p2a: icicle|Chien-Pao|100\/100\n|-ability|p2a: icicle|Sword of Ruin\n|turn|17\n|\n|t:|1700658579\n|move|p2a: icicle|Sacred Sword|p1a: Aggron\n|-supereffective|p1a: Aggron\n|-damage|p1a: Aggron|68\/100\n|move|p1a: Aggron|Heavy Slam|p2a: icicle\n|-supereffective|p2a: icicle\n|-damage|p2a: icicle|50\/100\n|\n|-weather|Snow|[upkeep]\n|upkeep\n|turn|18\n|\n|t:|1700658589\n|move|p2a: icicle|Sacred Sword|p1a: Aggron\n|-supereffective|p1a: Aggron\n|-damage|p1a: Aggron|44\/100\n|move|p1a: Aggron|Heavy Slam|p2a: icicle\n|-supereffective|p2a: icicle\n|-damage|p2a: icicle|0 fnt\n|faint|p2a: icicle\n|\n|-weather|Snow|[upkeep]\n|upkeep\n|\n|t:|1700658600\n|switch|p2a: Kona-ice|Iron Bundle, shiny|100\/100\n|-enditem|p2a: Kona-ice|Booster Energy\n|-activate|p2a: Kona-ice|ability: Quark Drive|[fromitem]\n|-start|p2a: Kona-ice|quarkdrivespe\n|turn|19\n|\n|t:|1700658612\n|move|p2a: Kona-ice|Ice Beam|p1a: Aggron\n|-resisted|p1a: Aggron\n|-damage|p1a: Aggron|19\/100\n|move|p1a: Aggron|Heavy Slam|p2a: Kona-ice\n|-damage|p2a: Kona-ice|58\/100\n|\n|-weather|Snow|[upkeep]\n|upkeep\n|turn|20\n|\n|t:|1700658625\n|switch|p1a: Baxcalibur|Baxcalibur, F|82\/100\n|move|p2a: Kona-ice|Ice Beam|p1a: Baxcalibur\n|-damage|p1a: Baxcalibur|38\/100\n|\n|-weather|none\n|upkeep\n|turn|21\n|\n|t:|1700658639\n|move|p2a: Kona-ice|Freeze-Dry|p1a: Baxcalibur\n|-damage|p1a: Baxcalibur|0 fnt\n|faint|p1a: Baxcalibur\n|\n|upkeep\n|\n|t:|1700658645\n|switch|p1a: Aggron|Aggron-Mega, F|19\/100\n|turn|22\n|\n|t:|1700658655\n|move|p2a: Kona-ice|Hydro Pump|p1a: Aggron|[miss]\n|-miss|p2a: Kona-ice|p1a: Aggron\n|move|p1a: Aggron|Endeavor|p2a: Kona-ice\n|-damage|p2a: Kona-ice|26\/100\n|\n|upkeep\n|turn|23\n|\n|t:|1700658664\n|move|p2a: Kona-ice|Ice Beam|p1a: Aggron\n|-resisted|p1a: Aggron\n|-damage|p1a: Aggron|0 fnt\n|faint|p1a: Aggron\n|\n|win|Yume__ice idiot\n|raw|Masterfizzie's rating: 1000 &rarr; <strong>1000<\/strong><br \/>(+0 for losing)\n|raw|Yume__ice idiot's rating: 1021 &rarr; <strong>1056<\/strong><br \/>(+35 for winning)\n|l|\u203dMasterfizzie\n","uploadtime":1700658674,"views":7,"p1id":"masterfizzie","p2id":"yumeiceidiot","formatid":"gen9nationaldexubers","rating":1000,"private":0,"password":""}