{"id":"gen9nationaldexubers-1996286472","p1":"tararau","p2":"SupernovaOnToaster","format":"[Gen 9] National Dex Ubers","log":"|j|\u2606tararau\n|j|\u2606SupernovaOnToaster\n|t:|1700667634\n|gametype|singles\n|player|p1|tararau|will|1000\n|player|p2|SupernovaOnToaster|cilan|1081\n|teamsize|p1|6\n|teamsize|p2|3\n|gen|9\n|tier|[Gen 9] National Dex Ubers\n|rated|\n|rule|HP Percentage Mod: HP is shown in percentages\n|rule|Endless Battle Clause: Forcing endless battles is banned\n|rule|OHKO Clause: OHKO moves are banned\n|rule|Evasion Moves Clause: Evasion moves are banned\n|rule|Evasion Items Clause: Evasion items are banned\n|rule|Species Clause: Limit one of each Pok\u00e9mon\n|rule|Sleep Clause Mod: Limit one foe put to sleep\n|rule|Mega Rayquaza Clause: You cannot mega evolve Rayquaza\n|clearpoke\n|poke|p1|Deoxys-Speed|\n|poke|p1|Kangaskhan, F|\n|poke|p1|Pheromosa|\n|poke|p1|Eevee, M|\n|poke|p1|Arcanine-Hisui, M|\n|poke|p1|Arceus-Ice|\n|poke|p2|Arceus-Psychic|\n|poke|p2|Murkrow, M|\n|poke|p2|Blissey, F|\n|teampreview\n|inactive|Battle timer is ON: inactive players will automatically lose when time's up. (requested by SupernovaOnToaster)\n|c|\u2606SupernovaOnToaster|glhf\n|\n|t:|1700667641\n|start\n|switch|p1a: Eevee|Eevee, M, shiny|100\/100\n|switch|p2a: Murkrow|Murkrow, M|100\/100\n|turn|1\n|\n|t:|1700667650\n|move|p2a: Murkrow|Tailwind|p2a: Murkrow\n|-sidestart|p2: SupernovaOnToaster|move: Tailwind\n|move|p1a: Eevee|Double-Edge|p2a: Murkrow\n|-damage|p2a: Murkrow|31\/100\n|-damage|p1a: Eevee|77\/100|[from] Recoil\n|\n|upkeep\n|turn|2\n|\n|t:|1700667667\n|move|p2a: Murkrow|Perish Song|p2a: Murkrow\n|-start|p1a: Eevee|perish3|[silent]\n|-start|p2a: Murkrow|perish3|[silent]\n|-fieldactivate|move: Perish Song\n|move|p1a: Eevee|Return|p2a: Murkrow\n|-damage|p2a: Murkrow|0 fnt\n|faint|p2a: Murkrow\n|\n|-start|p1a: Eevee|perish3\n|upkeep\n|\n|t:|1700667674\n|switch|p2a: Arceus|Arceus-Psychic|100\/100\n|turn|3\n|\n|t:|1700667684\n|switch|p1a: Kangaskhan|Kangaskhan, F, shiny|100\/100\n|-terastallize|p2a: Arceus|Steel\n|move|p2a: Arceus|Cosmic Power|p2a: Arceus\n|-boost|p2a: Arceus|def|1\n|-boost|p2a: Arceus|spd|1\n|\n|upkeep\n|turn|4\n|\n|t:|1700667699\n|detailschange|p1a: Kangaskhan|Kangaskhan-Mega, F, shiny\n|-mega|p1a: Kangaskhan|Kangaskhan|Kangaskhanite\n|move|p2a: Arceus|Cosmic Power|p2a: Arceus\n|-boost|p2a: Arceus|def|1\n|-boost|p2a: Arceus|spd|1\n|move|p1a: Kangaskhan|Power-Up Punch|p2a: Arceus\n|-supereffective|p2a: Arceus\n|-damage|p2a: Arceus|91\/100\n|-boost|p1a: Kangaskhan|atk|1\n|-supereffective|p2a: Arceus\n|-damage|p2a: Arceus|87\/100\n|-boost|p1a: Kangaskhan|atk|1\n|-hitcount|p2a: Arceus|2\n|\n|-sideend|p2: SupernovaOnToaster|move: Tailwind\n|upkeep\n|turn|5\n|\n|t:|1700667716\n|move|p2a: Arceus|Cosmic Power|p2a: Arceus\n|-boost|p2a: Arceus|def|1\n|-boost|p2a: Arceus|spd|1\n|move|p1a: Kangaskhan|Wish|p1a: Kangaskhan\n|\n|upkeep\n|turn|6\n|\n|t:|1700667721\n|move|p2a: Arceus|Cosmic Power|p2a: Arceus\n|-boost|p2a: Arceus|def|1\n|-boost|p2a: Arceus|spd|1\n|move|p1a: Kangaskhan|Power-Up Punch|p2a: Arceus\n|-supereffective|p2a: Arceus\n|-damage|p2a: Arceus|74\/100\n|-boost|p1a: Kangaskhan|atk|1\n|-supereffective|p2a: Arceus\n|-damage|p2a: Arceus|70\/100\n|-boost|p1a: Kangaskhan|atk|1\n|-hitcount|p2a: Arceus|2\n|\n|upkeep\n|turn|7\n|\n|t:|1700667733\n|move|p2a: Arceus|Cosmic Power|p2a: Arceus\n|-boost|p2a: Arceus|def|1\n|-boost|p2a: Arceus|spd|1\n|move|p1a: Kangaskhan|Power-Up Punch|p2a: Arceus\n|-supereffective|p2a: Arceus\n|-damage|p2a: Arceus|54\/100\n|-boost|p1a: Kangaskhan|atk|1\n|-supereffective|p2a: Arceus\n|-damage|p2a: Arceus|49\/100\n|-boost|p1a: Kangaskhan|atk|1\n|-hitcount|p2a: Arceus|2\n|\n|upkeep\n|turn|8\n|\n|t:|1700667754\n|move|p2a: Arceus|Cosmic Power|p2a: Arceus\n|-boost|p2a: Arceus|def|1\n|-boost|p2a: Arceus|spd|1\n|move|p1a: Kangaskhan|Wish|p1a: Kangaskhan\n|\n|upkeep\n|turn|9\n|\n|t:|1700667760\n|move|p2a: Arceus|Recover|p2a: Arceus\n|-heal|p2a: Arceus|99\/100\n|move|p1a: Kangaskhan|Power-Up Punch|p2a: Arceus\n|-supereffective|p2a: Arceus\n|-damage|p2a: Arceus|78\/100\n|-supereffective|p2a: Arceus\n|-damage|p2a: Arceus|73\/100\n|-hitcount|p2a: Arceus|2\n|\n|upkeep\n|turn|10\n|\n|t:|1700667771\n|move|p2a: Arceus|Stored Power|p1a: Kangaskhan\n|-damage|p1a: Kangaskhan|0 fnt\n|faint|p1a: Kangaskhan\n|\n|upkeep\n|-message|tararau forfeited.\n|\n|win|SupernovaOnToaster\n|raw|tararau's rating: 1000 &rarr; <strong>1000<\/strong><br \/>(+0 for losing)\n|raw|SupernovaOnToaster's rating: 1081 &rarr; <strong>1102<\/strong><br \/>(+21 for winning)\n|l|\u2606tararau\n","uploadtime":1700667794,"views":0,"p1id":"tararau","p2id":"supernovaontoaster","formatid":"gen9nationaldexubers","rating":1000,"private":0,"password":""}