{"id":"gen9nationaldexubers-1983654074","p1":"Ipenguin12","p2":"JDTaurus","format":"[Gen 9] National Dex Ubers","log":"|j|\u2606Ipenguin12\n|j|\u2606JDTaurus\n|t:|1699154450\n|gametype|singles\n|player|p1|Ipenguin12|sabi|\n|player|p2|JDTaurus|266|\n|teamsize|p1|6\n|teamsize|p2|6\n|gen|9\n|tier|[Gen 9] National Dex Ubers\n|rule|HP Percentage Mod: HP is shown in percentages\n|rule|Endless Battle Clause: Forcing endless battles is banned\n|rule|OHKO Clause: OHKO moves are banned\n|rule|Evasion Moves Clause: Evasion moves are banned\n|rule|Evasion Items Clause: Evasion items are banned\n|rule|Species Clause: Limit one of each Pok\u00e9mon\n|rule|Sleep Clause Mod: Limit one foe put to sleep\n|rule|Mega Rayquaza Clause: You cannot mega evolve Rayquaza\n|clearpoke\n|poke|p1|Azelf|\n|poke|p1|Cryogonal|\n|poke|p1|Gholdengo|\n|poke|p1|Quagsire, M|\n|poke|p1|Clodsire, F|\n|poke|p1|Scizor, F|\n|poke|p2|Gholdengo|\n|poke|p2|Scizor, M|\n|poke|p2|Klefki, M|\n|poke|p2|Skarmory, F|\n|poke|p2|Reuniclus, F|\n|poke|p2|Blissey, F|\n|teampreview\n|j| DarthBowser151\n|j| HarmTurtle\n|j| Completeanimefan\n|c|\u2606Ipenguin12|sorry but i thought that was funny\n|c| HarmTurtle|lmao fair\n|c| Completeanimefan|Round Two:\n|c| Completeanimefan|Dammit Penguin\n|c| Completeanimefan|FIGHT\n|\n|t:|1699154486\n|start\n|switch|p1a: Cryogonal|Cryogonal|100\/100\n|switch|p2a: Klefki|Klefki, M|100\/100\n|turn|1\n|j| thewerehog88\n|\n|t:|1699154510\n|move|p2a: Klefki|Light Screen|p2a: Klefki\n|-sidestart|p2: JDTaurus|move: Light Screen\n|move|p1a: Cryogonal|Snowscape|p1a: Cryogonal\n|-weather|Snow\n|\n|-weather|Snow|[upkeep]\n|upkeep\n|turn|2\n|\n|t:|1699154515\n|move|p2a: Klefki|Reflect|p2a: Klefki\n|-sidestart|p2: JDTaurus|Reflect\n|move|p1a: Cryogonal|Aurora Veil|p1a: Cryogonal\n|-sidestart|p1: Ipenguin12|move: Aurora Veil\n|\n|-weather|Snow|[upkeep]\n|upkeep\n|turn|3\n|\n|t:|1699154524\n|switch|p1a: BAHHHHHHHHHHHHHHHH|Clodsire, F|100\/100\n|move|p2a: Klefki|Spikes|p1a: BAHHHHHHHHHHHHHHHH\n|-sidestart|p1: Ipenguin12|Spikes\n|\n|-weather|Snow|[upkeep]\n|upkeep\n|turn|4\n|\n|t:|1699154532\n|move|p2a: Klefki|Spikes|p1a: BAHHHHHHHHHHHHHHHH\n|-sidestart|p1: Ipenguin12|Spikes\n|move|p1a: BAHHHHHHHHHHHHHHHH|Curse|p1a: BAHHHHHHHHHHHHHHHH\n|-unboost|p1a: BAHHHHHHHHHHHHHHHH|spe|1\n|-boost|p1a: BAHHHHHHHHHHHHHHHH|atk|1\n|-boost|p1a: BAHHHHHHHHHHHHHHHH|def|1\n|\n|-weather|Snow|[upkeep]\n|upkeep\n|turn|5\n|\n|t:|1699154540\n|move|p2a: Klefki|Spikes|p1a: BAHHHHHHHHHHHHHHHH\n|-sidestart|p1: Ipenguin12|Spikes\n|move|p1a: BAHHHHHHHHHHHHHHHH|Earthquake|p2a: Klefki\n|-supereffective|p2a: Klefki\n|-damage|p2a: Klefki|55\/100\n|\n|-weather|none\n|upkeep\n|turn|6\n|\n|t:|1699154550\n|move|p1a: BAHHHHHHHHHHHHHHHH|Earthquake|p2a: Klefki\n|-supereffective|p2a: Klefki\n|-damage|p2a: Klefki|8\/100\n|move|p2a: Klefki|Trick Room|p2a: Klefki\n|-fieldstart|move: Trick Room|[of] p2a: Klefki\n|\n|-sideend|p1: Ipenguin12|move: Aurora Veil\n|upkeep\n|turn|7\n|\n|t:|1699154586\n|switch|p2a: Reuniclus|Reuniclus, F|100\/100\n|move|p1a: BAHHHHHHHHHHHHHHHH|Stockpile|p1a: BAHHHHHHHHHHHHHHHH\n|-start|p1a: BAHHHHHHHHHHHHHHHH|stockpile1\n|-boost|p1a: BAHHHHHHHHHHHHHHHH|def|1\n|-boost|p1a: BAHHHHHHHHHHHHHHHH|spd|1\n|\n|upkeep\n|turn|8\n|\n|t:|1699154600\n|move|p1a: BAHHHHHHHHHHHHHHHH|Earthquake|p2a: Reuniclus\n|-damage|p2a: Reuniclus|77\/100\n|move|p2a: Reuniclus|Future Sight|p1a: BAHHHHHHHHHHHHHHHH\n|-start|p2a: Reuniclus|move: Future Sight\n|\n|-sideend|p2: JDTaurus|move: Light Screen\n|upkeep\n|turn|9\n|\n|t:|1699154610\n|move|p1a: BAHHHHHHHHHHHHHHHH|Stockpile|p1a: BAHHHHHHHHHHHHHHHH\n|-start|p1a: BAHHHHHHHHHHHHHHHH|stockpile2\n|-boost|p1a: BAHHHHHHHHHHHHHHHH|def|1\n|-boost|p1a: BAHHHHHHHHHHHHHHHH|spd|1\n|move|p2a: Reuniclus|Flash Cannon|p1a: BAHHHHHHHHHHHHHHHH\n|-damage|p1a: BAHHHHHHHHHHHHHHHH|87\/100\n|\n|-sideend|p2: JDTaurus|Reflect\n|upkeep\n|turn|10\n|\n|t:|1699154623\n|-terastallize|p1a: BAHHHHHHHHHHHHHHHH|Flying\n|move|p1a: BAHHHHHHHHHHHHHHHH|Stockpile|p1a: BAHHHHHHHHHHHHHHHH\n|-start|p1a: BAHHHHHHHHHHHHHHHH|stockpile3\n|-boost|p1a: BAHHHHHHHHHHHHHHHH|def|1\n|-boost|p1a: BAHHHHHHHHHHHHHHHH|spd|1\n|move|p2a: Reuniclus|Signal Beam|p1a: BAHHHHHHHHHHHHHHHH\n|-resisted|p1a: BAHHHHHHHHHHHHHHHH\n|-damage|p1a: BAHHHHHHHHHHHHHHHH|83\/100\n|\n|-end|p1a: BAHHHHHHHHHHHHHHHH|move: Future Sight\n|-crit|p1a: BAHHHHHHHHHHHHHHHH\n|-damage|p1a: BAHHHHHHHHHHHHHHHH|4\/100\n|-enditem|p1a: BAHHHHHHHHHHHHHHHH|Aguav Berry|[eat]\n|-heal|p1a: BAHHHHHHHHHHHHHHHH|37\/100|[from] item: Aguav Berry\n|-fieldend|move: Trick Room\n|upkeep\n|turn|11\n|\n|t:|1699154638\n|move|p2a: Reuniclus|Future Sight|p1a: BAHHHHHHHHHHHHHHHH\n|-start|p2a: Reuniclus|move: Future Sight\n|move|p1a: BAHHHHHHHHHHHHHHHH|Earthquake|p2a: Reuniclus\n|-damage|p2a: Reuniclus|24\/100\n|\n|upkeep\n|turn|12\n|\n|t:|1699154649\n|switch|p2a: Skarmory|Skarmory, F|100\/100\n|move|p1a: BAHHHHHHHHHHHHHHHH|Earthquake|p2a: Skarmory\n|-immune|p2a: Skarmory\n|\n|upkeep\n|turn|13\n|\n|t:|1699154657\n|move|p2a: Skarmory|Iron Defense|p2a: Skarmory\n|-boost|p2a: Skarmory|def|2\n|move|p1a: BAHHHHHHHHHHHHHHHH|Chilling Water|p2a: Skarmory\n|-damage|p2a: Skarmory|92\/100\n|-unboost|p2a: Skarmory|atk|1\n|\n|-end|p1a: BAHHHHHHHHHHHHHHHH|move: Future Sight\n|-damage|p1a: BAHHHHHHHHHHHHHHHH|21\/100\n|upkeep\n|turn|14\n|\n|t:|1699154667\n|move|p2a: Skarmory|Iron Defense|p2a: Skarmory\n|-boost|p2a: Skarmory|def|2\n|move|p1a: BAHHHHHHHHHHHHHHHH|Chilling Water|p2a: Skarmory\n|-damage|p2a: Skarmory|84\/100\n|-unboost|p2a: Skarmory|atk|1\n|\n|upkeep\n|turn|15\n|\n|t:|1699154676\n|move|p2a: Skarmory|Body Press|p1a: BAHHHHHHHHHHHHHHHH\n|-resisted|p1a: BAHHHHHHHHHHHHHHHH\n|-damage|p1a: BAHHHHHHHHHHHHHHHH|16\/100\n|move|p1a: BAHHHHHHHHHHHHHHHH|Chilling Water|p2a: Skarmory\n|-damage|p2a: Skarmory|75\/100\n|-unboost|p2a: Skarmory|atk|1\n|\n|upkeep\n|turn|16\n|\n|t:|1699154684\n|move|p2a: Skarmory|Defog|p1a: BAHHHHHHHHHHHHHHHH\n|-unboost|p1a: BAHHHHHHHHHHHHHHHH|evasion|1\n|-sideend|p1: Ipenguin12|Spikes|[from] move: Defog|[of] p2a: Skarmory\n|move|p1a: BAHHHHHHHHHHHHHHHH|Chilling Water|p2a: Skarmory\n|-crit|p2a: Skarmory\n|-damage|p2a: Skarmory|62\/100\n|-unboost|p2a: Skarmory|atk|1\n|\n|upkeep\n|turn|17\n|\n|t:|1699154692\n|move|p2a: Skarmory|Iron Defense|p2a: Skarmory\n|-boost|p2a: Skarmory|def|2\n|move|p1a: BAHHHHHHHHHHHHHHHH|Chilling Water|p2a: Skarmory\n|-damage|p2a: Skarmory|54\/100\n|-unboost|p2a: Skarmory|atk|1\n|\n|upkeep\n|turn|18\n|\n|t:|1699154701\n|move|p2a: Skarmory|Iron Defense|p2a: Skarmory\n|-boost|p2a: Skarmory|def|0\n|move|p1a: BAHHHHHHHHHHHHHHHH|Chilling Water|p2a: Skarmory\n|-damage|p2a: Skarmory|46\/100\n|-unboost|p2a: Skarmory|atk|1\n|\n|upkeep\n|turn|19\n|\n|t:|1699154721\n|move|p2a: Skarmory|Roost|p2a: Skarmory\n|-heal|p2a: Skarmory|96\/100\n|-singleturn|p2a: Skarmory|move: Roost\n|move|p1a: BAHHHHHHHHHHHHHHHH|Chilling Water|p2a: Skarmory\n|-damage|p2a: Skarmory|87\/100\n|\n|upkeep\n|turn|20\n|\n|t:|1699154732\n|move|p2a: Skarmory|Body Press|p1a: BAHHHHHHHHHHHHHHHH\n|-resisted|p1a: BAHHHHHHHHHHHHHHHH\n|-damage|p1a: BAHHHHHHHHHHHHHHHH|11\/100\n|move|p1a: BAHHHHHHHHHHHHHHHH|Chilling Water|p2a: Skarmory\n|-damage|p2a: Skarmory|78\/100\n|\n|upkeep\n|turn|21\n|\n|t:|1699154739\n|move|p2a: Skarmory|Roost|p2a: Skarmory\n|-heal|p2a: Skarmory|100\/100\n|-singleturn|p2a: Skarmory|move: Roost\n|move|p1a: BAHHHHHHHHHHHHHHHH|Chilling Water|p2a: Skarmory\n|-damage|p2a: Skarmory|92\/100\n|\n|upkeep\n|turn|22\n|\n|t:|1699154748\n|move|p2a: Skarmory|Body Press|p1a: BAHHHHHHHHHHHHHHHH\n|-resisted|p1a: BAHHHHHHHHHHHHHHHH\n|-damage|p1a: BAHHHHHHHHHHHHHHHH|7\/100\n|move|p1a: BAHHHHHHHHHHHHHHHH|Chilling Water|p2a: Skarmory\n|-damage|p2a: Skarmory|83\/100\n|\n|upkeep\n|turn|23\n|\n|t:|1699154756\n|move|p2a: Skarmory|Body Press|p1a: BAHHHHHHHHHHHHHHHH\n|-resisted|p1a: BAHHHHHHHHHHHHHHHH\n|-damage|p1a: BAHHHHHHHHHHHHHHHH|2\/100\n|move|p1a: BAHHHHHHHHHHHHHHHH|Earthquake|p2a: Skarmory\n|-immune|p2a: Skarmory\n|\n|upkeep\n|turn|24\n|\n|t:|1699154764\n|move|p2a: Skarmory|Body Press|p1a: BAHHHHHHHHHHHHHHHH\n|-resisted|p1a: BAHHHHHHHHHHHHHHHH\n|-damage|p1a: BAHHHHHHHHHHHHHHHH|0 fnt\n|faint|p1a: BAHHHHHHHHHHHHHHHH\n|\n|upkeep\n|\n|t:|1699154767\n|switch|p1a: Gholdengo|Gholdengo|100\/100\n|turn|25\n|\n|t:|1699154777\n|move|p1a: Gholdengo|Power Gem|p2a: Skarmory\n|-damage|p2a: Skarmory|45\/100\n|move|p2a: Skarmory|Body Press|p1a: Gholdengo\n|-immune|p1a: Gholdengo\n|\n|upkeep\n|turn|26\n|\n|t:|1699154790\n|switch|p2a: Blissey|Blissey, F|100\/100\n|move|p1a: Gholdengo|Shadow Ball|p2a: Blissey\n|-immune|p2a: Blissey\n|\n|upkeep\n|turn|27\n|\n|t:|1699154798\n|move|p1a: Gholdengo|Thunder Wave|p2a: Blissey\n|-status|p2a: Blissey|par\n|move|p2a: Blissey|Thunder Wave|p1a: Gholdengo\n|-immune|p1a: Gholdengo|[from] ability: Good as Gold\n|\n|upkeep\n|turn|28\n|\n|t:|1699154826\n|-curestatus|p2a: Blissey|par|[from] ability: Natural Cure\n|switch|p2a: Scizor|Scizor, M|100\/100\n|move|p1a: Gholdengo|Power Gem|p2a: Scizor\n|-damage|p2a: Scizor|79\/100\n|\n|upkeep\n|turn|29\n|\n|t:|1699154850\n|move|p1a: Gholdengo|Shadow Ball|p2a: Scizor\n|-damage|p2a: Scizor|47\/100\n|move|p2a: Scizor|Brutal Swing|p1a: Gholdengo\n|-supereffective|p1a: Gholdengo\n|-damage|p1a: Gholdengo|21\/100\n|\n|upkeep\n|turn|30\n|\n|t:|1699154864\n|move|p2a: Scizor|Bullet Punch|p1a: Gholdengo\n|-resisted|p1a: Gholdengo\n|-damage|p1a: Gholdengo|2\/100\n|move|p1a: Gholdengo|Shadow Ball|p2a: Scizor\n|-damage|p2a: Scizor|15\/100\n|\n|upkeep\n|turn|31\n|\n|t:|1699154871\n|move|p2a: Scizor|Bullet Punch|p1a: Gholdengo\n|-resisted|p1a: Gholdengo\n|-damage|p1a: Gholdengo|0 fnt\n|faint|p1a: Gholdengo\n|\n|upkeep\n|\n|t:|1699154874\n|switch|p1a: Azelf|Azelf|100\/100\n|turn|32\n|\n|t:|1699154891\n|move|p1a: Azelf|Mystical Power|p2a: Scizor\n|-resisted|p2a: Scizor\n|-damage|p2a: Scizor|2\/100\n|-boost|p1a: Azelf|spa|1\n|move|p2a: Scizor|Pounce|p1a: Azelf\n|-supereffective|p1a: Azelf\n|-damage|p1a: Azelf|0 fnt\n|faint|p1a: Azelf\n|\n|upkeep\n|\n|t:|1699154901\n|switch|p1a: AHHHHHHHHHHHHHHHHH|Quagsire, M|100\/100\n|turn|33\n|\n|t:|1699154922\n|move|p2a: Scizor|U-turn|p1a: AHHHHHHHHHHHHHHHHH\n|-damage|p1a: AHHHHHHHHHHHHHHHHH|60\/100\n|\n|t:|1699154926\n|switch|p2a: Gholdengo|Gholdengo|100\/100|[from] U-turn\n|move|p1a: AHHHHHHHHHHHHHHHHH|Whirlpool|p2a: Gholdengo\n|-damage|p2a: Gholdengo|93\/100\n|-activate|p2a: Gholdengo|move: Whirlpool|[of] p1a: AHHHHHHHHHHHHHHHHH\n|\n|-heal|p1a: AHHHHHHHHHHHHHHHHH|66\/100|[from] item: Leftovers\n|-damage|p2a: Gholdengo|80\/100|[from] move: Whirlpool|[partiallytrapped]\n|upkeep\n|turn|34\n|\n|t:|1699154944\n|move|p2a: Gholdengo|Thunder Wave|p1a: AHHHHHHHHHHHHHHHHH\n|-immune|p1a: AHHHHHHHHHHHHHHHHH\n|move|p1a: AHHHHHHHHHHHHHHHHH|Whirlpool|p2a: Gholdengo\n|-damage|p2a: Gholdengo|73\/100\n|\n|-heal|p1a: AHHHHHHHHHHHHHHHHH|72\/100|[from] item: Leftovers\n|-damage|p2a: Gholdengo|60\/100|[from] move: Whirlpool|[partiallytrapped]\n|upkeep\n|turn|35\n|\n|t:|1699154963\n|move|p2a: Gholdengo|Shadow Ball|p1a: AHHHHHHHHHHHHHHHHH\n|-damage|p1a: AHHHHHHHHHHHHHHHHH|23\/100\n|move|p1a: AHHHHHHHHHHHHHHHHH|Whirlpool|p2a: Gholdengo\n|-damage|p2a: Gholdengo|52\/100\n|\n|-heal|p1a: AHHHHHHHHHHHHHHHHH|29\/100|[from] item: Leftovers\n|-damage|p2a: Gholdengo|39\/100|[from] move: Whirlpool|[partiallytrapped]\n|upkeep\n|turn|36\n|\n|t:|1699154973\n|move|p2a: Gholdengo|Shadow Ball|p1a: AHHHHHHHHHHHHHHHHH\n|-damage|p1a: AHHHHHHHHHHHHHHHHH|0 fnt\n|faint|p1a: AHHHHHHHHHHHHHHHHH\n|\n|-end|p2a: Gholdengo|Whirlpool|[partiallytrapped]|[silent]\n|upkeep\n|\n|t:|1699154977\n|switch|p1a: Scizor|Scizor, F|100\/100\n|turn|37\n|\n|t:|1699154983\n|move|p1a: Scizor|Bullet Punch|p2a: Gholdengo\n|-resisted|p2a: Gholdengo\n|-damage|p2a: Gholdengo|24\/100\n|move|p2a: Gholdengo|Power Gem|p1a: Scizor\n|-damage|p1a: Scizor|64\/100\n|\n|upkeep\n|turn|38\n|\n|t:|1699154990\n|move|p2a: Gholdengo|Thunder Wave|p1a: Scizor\n|-status|p1a: Scizor|par\n|cant|p1a: Scizor|par\n|\n|upkeep\n|turn|39\n|\n|t:|1699154996\n|move|p2a: Gholdengo|Power Gem|p1a: Scizor\n|-damage|p1a: Scizor|30\/100 par\n|cant|p1a: Scizor|par\n|\n|upkeep\n|turn|40\n|\n|t:|1699155004\n|move|p1a: Scizor|Bullet Punch|p2a: Gholdengo\n|-resisted|p2a: Gholdengo\n|-damage|p2a: Gholdengo|6\/100\n|move|p2a: Gholdengo|Power Gem|p1a: Scizor\n|-damage|p1a: Scizor|0 fnt\n|faint|p1a: Scizor\n|\n|upkeep\n|\n|t:|1699155009\n|switch|p1a: Cryogonal|Cryogonal|100\/100\n|turn|41\n|\n|t:|1699155016\n|move|p1a: Cryogonal|Freeze-Dry|p2a: Gholdengo\n|-resisted|p2a: Gholdengo\n|-damage|p2a: Gholdengo|0 fnt\n|faint|p2a: Gholdengo\n|\n|upkeep\n|\n|t:|1699155032\n|switch|p2a: Blissey|Blissey, F|100\/100\n|turn|42\n|\n|t:|1699155036\n|move|p1a: Cryogonal|Snowscape|p1a: Cryogonal\n|-weather|Snow\n|move|p2a: Blissey|Thunder Wave|p1a: Cryogonal\n|-status|p1a: Cryogonal|par\n|\n|-weather|Snow|[upkeep]\n|upkeep\n|turn|43\n|\n|t:|1699155043\n|move|p1a: Cryogonal|Aurora Veil|p1a: Cryogonal\n|-sidestart|p1: Ipenguin12|move: Aurora Veil\n|move|p2a: Blissey|Seismic Toss|p1a: Cryogonal\n|-damage|p1a: Cryogonal|73\/100 par\n|\n|-weather|Snow|[upkeep]\n|upkeep\n|turn|44\n|\n|t:|1699155050\n|move|p1a: Cryogonal|Freeze-Dry|p2a: Blissey\n|-damage|p2a: Blissey|91\/100\n|move|p2a: Blissey|Seismic Toss|p1a: Cryogonal\n|-damage|p1a: Cryogonal|45\/100 par\n|\n|-weather|Snow|[upkeep]\n|upkeep\n|turn|45\n|\n|t:|1699155058\n|move|p1a: Cryogonal|Freeze-Dry|p2a: Blissey\n|-damage|p2a: Blissey|82\/100\n|move|p2a: Blissey|Seismic Toss|p1a: Cryogonal\n|-damage|p1a: Cryogonal|18\/100 par\n|\n|-weather|Snow|[upkeep]\n|upkeep\n|turn|46\n|\n|t:|1699155067\n|move|p1a: Cryogonal|Recover|p1a: Cryogonal\n|-heal|p1a: Cryogonal|68\/100 par\n|move|p2a: Blissey|Seismic Toss|p1a: Cryogonal\n|-damage|p1a: Cryogonal|40\/100 par\n|\n|-weather|none\n|upkeep\n|turn|47\n|\n|t:|1699155077\n|move|p1a: Cryogonal|Freeze-Dry|p2a: Blissey\n|-damage|p2a: Blissey|74\/100\n|move|p2a: Blissey|Seismic Toss|p1a: Cryogonal\n|-damage|p1a: Cryogonal|13\/100 par\n|\n|-sideend|p1: Ipenguin12|move: Aurora Veil\n|upkeep\n|turn|48\n|\n|t:|1699155092\n|cant|p1a: Cryogonal|par\n|move|p2a: Blissey|Seismic Toss|p1a: Cryogonal\n|-damage|p1a: Cryogonal|0 fnt\n|faint|p1a: Cryogonal\n|\n|win|JDTaurus\n|c|\u2606Ipenguin12|gg\n","uploadtime":1699155111,"views":6,"p1id":"ipenguin12","p2id":"jdtaurus","formatid":"gen9nationaldexubers","rating":0,"private":0,"password":""}