{"id":"gen9nationaldexubers-1984439052","p1":"Pennys No.1 Fan","p2":"ArkoosLegend","format":"[Gen 9] National Dex Ubers","log":"|j|\u2606Pennys No.1 Fan\n|j|\u2606ArkoosLegend\n|t:|1699263849\n|gametype|singles\n|player|p1|Pennys No.1 Fan|penny|\n|player|p2|ArkoosLegend|irida|\n|teamsize|p1|6\n|teamsize|p2|6\n|gen|9\n|tier|[Gen 9] National Dex Ubers\n|rule|HP Percentage Mod: HP is shown in percentages\n|rule|Endless Battle Clause: Forcing endless battles is banned\n|rule|OHKO Clause: OHKO moves are banned\n|rule|Evasion Moves Clause: Evasion moves are banned\n|rule|Evasion Items Clause: Evasion items are banned\n|rule|Species Clause: Limit one of each Pok\u00e9mon\n|rule|Sleep Clause Mod: Limit one foe put to sleep\n|rule|Mega Rayquaza Clause: You cannot mega evolve Rayquaza\n|clearpoke\n|poke|p1|Arceus-Ground|\n|poke|p1|Zygarde|\n|poke|p1|Necrozma-Dusk-Mane|\n|poke|p1|Giratina-Origin|\n|poke|p1|Blissey, F|\n|poke|p1|Whimsicott, F|\n|poke|p2|Nosepass, L1, M|\n|poke|p2|Bidoof, M|\n|poke|p2|Clodsire, M|\n|poke|p2|Dwebble, F|\n|poke|p2|Torchic, F|\n|poke|p2|Dunsparce, F|\n|teampreview\n|inactive|Battle timer is ON: inactive players will automatically lose when time's up. (requested by Pennys No.1 Fan)\n|c|\u2606ArkoosLegend|glhf\n|c|\u2606Pennys No.1 Fan|glhf\n|c|\u2606Pennys No.1 Fan|torchic\n|\n|t:|1699263866\n|start\n|switch|p1a: SUB-SEE-THE-SEED|Whimsicott, F|100\/100\n|switch|p2a: spicy kfc|Torchic, F|100\/100\n|turn|1\n|c|\u2606ArkoosLegend|ok\n|\n|t:|1699263878\n|move|p1a: SUB-SEE-THE-SEED|Leech Seed|p2a: spicy kfc\n|-start|p2a: spicy kfc|move: Leech Seed\n|move|p2a: spicy kfc|Swords Dance|p2a: spicy kfc\n|-boost|p2a: spicy kfc|atk|2\n|\n|-damage|p2a: spicy kfc|88\/100|[from] Leech Seed|[of] p1a: SUB-SEE-THE-SEED\n|-ability|p2a: spicy kfc|Speed Boost|boost\n|-boost|p2a: spicy kfc|spe|1\n|upkeep\n|turn|2\n|\n|t:|1699263899\n|move|p1a: SUB-SEE-THE-SEED|Substitute|p1a: SUB-SEE-THE-SEED\n|-start|p1a: SUB-SEE-THE-SEED|Substitute\n|-damage|p1a: SUB-SEE-THE-SEED|76\/100\n|move|p2a: spicy kfc|Swords Dance|p2a: spicy kfc\n|-boost|p2a: spicy kfc|atk|2\n|\n|-heal|p1a: SUB-SEE-THE-SEED|82\/100|[from] item: Leftovers\n|-damage|p2a: spicy kfc|76\/100|[from] Leech Seed|[of] p1a: SUB-SEE-THE-SEED\n|-heal|p1a: SUB-SEE-THE-SEED|91\/100|[silent]\n|-ability|p2a: spicy kfc|Speed Boost|boost\n|-boost|p2a: spicy kfc|spe|1\n|upkeep\n|turn|3\n|\n|t:|1699263906\n|move|p2a: spicy kfc|Flame Charge|p1a: SUB-SEE-THE-SEED\n|-supereffective|p1a: SUB-SEE-THE-SEED\n|-end|p1a: SUB-SEE-THE-SEED|Substitute\n|-boost|p2a: spicy kfc|spe|1\n|move|p1a: SUB-SEE-THE-SEED|Moonblast|p2a: spicy kfc\n|-resisted|p2a: spicy kfc\n|-damage|p2a: spicy kfc|45\/100\n|-unboost|p2a: spicy kfc|spa|1\n|\n|-heal|p1a: SUB-SEE-THE-SEED|97\/100|[from] item: Leftovers\n|-damage|p2a: spicy kfc|33\/100|[from] Leech Seed|[of] p1a: SUB-SEE-THE-SEED\n|-heal|p1a: SUB-SEE-THE-SEED|100\/100|[silent]\n|-ability|p2a: spicy kfc|Speed Boost|boost\n|-boost|p2a: spicy kfc|spe|1\n|upkeep\n|turn|4\n|\n|t:|1699263912\n|move|p1a: SUB-SEE-THE-SEED|Substitute|p1a: SUB-SEE-THE-SEED\n|-start|p1a: SUB-SEE-THE-SEED|Substitute\n|-damage|p1a: SUB-SEE-THE-SEED|76\/100\n|move|p2a: spicy kfc|Swords Dance|p2a: spicy kfc\n|-boost|p2a: spicy kfc|atk|2\n|\n|-heal|p1a: SUB-SEE-THE-SEED|82\/100|[from] item: Leftovers\n|-damage|p2a: spicy kfc|21\/100|[from] Leech Seed|[of] p1a: SUB-SEE-THE-SEED\n|-heal|p1a: SUB-SEE-THE-SEED|91\/100|[silent]\n|-ability|p2a: spicy kfc|Speed Boost|boost\n|-boost|p2a: spicy kfc|spe|1\n|upkeep\n|turn|5\n|\n|t:|1699263922\n|move|p1a: SUB-SEE-THE-SEED|Protect|p1a: SUB-SEE-THE-SEED\n|-singleturn|p1a: SUB-SEE-THE-SEED|Protect\n|move|p2a: spicy kfc|Flame Charge|p1a: SUB-SEE-THE-SEED\n|-activate|p1a: SUB-SEE-THE-SEED|move: Protect\n|\n|-heal|p1a: SUB-SEE-THE-SEED|97\/100|[from] item: Leftovers\n|-damage|p2a: spicy kfc|9\/100|[from] Leech Seed|[of] p1a: SUB-SEE-THE-SEED\n|-heal|p1a: SUB-SEE-THE-SEED|100\/100|[silent]\n|-ability|p2a: spicy kfc|Speed Boost|boost\n|-boost|p2a: spicy kfc|spe|1\n|upkeep\n|turn|6\n|\n|t:|1699263929\n|move|p2a: spicy kfc|Flame Charge|p1a: SUB-SEE-THE-SEED\n|-supereffective|p1a: SUB-SEE-THE-SEED\n|-end|p1a: SUB-SEE-THE-SEED|Substitute\n|move|p1a: SUB-SEE-THE-SEED|Moonblast|p2a: spicy kfc\n|-resisted|p2a: spicy kfc\n|-damage|p2a: spicy kfc|0 fnt\n|faint|p2a: spicy kfc\n|\n|upkeep\n|\n|t:|1699263936\n|switch|p2a: bidoofenshmirtz|Bidoof, M|100\/100\n|turn|7\n|c|\u2606ArkoosLegend|evil inc.\n|c|\u2606Pennys No.1 Fan|no way\n|\n|t:|1699263957\n|move|p1a: SUB-SEE-THE-SEED|Substitute|p1a: SUB-SEE-THE-SEED\n|-start|p1a: SUB-SEE-THE-SEED|Substitute\n|-damage|p1a: SUB-SEE-THE-SEED|76\/100\n|move|p2a: bidoofenshmirtz|Curse|p2a: bidoofenshmirtz\n|-unboost|p2a: bidoofenshmirtz|spe|2\n|-boost|p2a: bidoofenshmirtz|atk|2\n|-boost|p2a: bidoofenshmirtz|def|2\n|\n|-heal|p1a: SUB-SEE-THE-SEED|82\/100|[from] item: Leftovers\n|upkeep\n|turn|8\n|c|\u2606ArkoosLegend|SIMPLE\n|j| vexolos\n|c|\u2606ArkoosLegend|AHAHAHAHAHAHA\n|\n|t:|1699263976\n|move|p1a: SUB-SEE-THE-SEED|Leech Seed|p2a: bidoofenshmirtz\n|-start|p2a: bidoofenshmirtz|move: Leech Seed\n|move|p2a: bidoofenshmirtz|Curse|p2a: bidoofenshmirtz\n|-unboost|p2a: bidoofenshmirtz|spe|2\n|-boost|p2a: bidoofenshmirtz|atk|2\n|-boost|p2a: bidoofenshmirtz|def|2\n|\n|-heal|p1a: SUB-SEE-THE-SEED|88\/100|[from] item: Leftovers\n|-damage|p2a: bidoofenshmirtz|88\/100|[from] Leech Seed|[of] p1a: SUB-SEE-THE-SEED\n|-heal|p1a: SUB-SEE-THE-SEED|100\/100|[silent]\n|upkeep\n|turn|9\n|c| vexolos|This looks like a fucking nightmare\n|c|\u2606Pennys No.1 Fan|you arent getting thru my sub\n|\n|t:|1699263986\n|move|p1a: SUB-SEE-THE-SEED|Moonblast|p2a: bidoofenshmirtz\n|-damage|p2a: bidoofenshmirtz|47\/100\n|move|p2a: bidoofenshmirtz|Curse|p2a: bidoofenshmirtz\n|-unboost|p2a: bidoofenshmirtz|spe|2\n|-boost|p2a: bidoofenshmirtz|atk|2\n|-boost|p2a: bidoofenshmirtz|def|2\n|\n|-damage|p2a: bidoofenshmirtz|35\/100|[from] Leech Seed|[of] p1a: SUB-SEE-THE-SEED\n|upkeep\n|turn|10\n|\n|t:|1699263994\n|move|p2a: bidoofenshmirtz|Quick Attack|p1a: SUB-SEE-THE-SEED\n|-end|p1a: SUB-SEE-THE-SEED|Substitute\n|move|p1a: SUB-SEE-THE-SEED|Moonblast|p2a: bidoofenshmirtz\n|-damage|p2a: bidoofenshmirtz|0 fnt\n|faint|p2a: bidoofenshmirtz\n|\n|upkeep\n|c|\u2606ArkoosLegend|welp\n|c|\u2606ArkoosLegend|shit\n|c|\u2606ArkoosLegend|uhhhhhh\n|\n|t:|1699264011\n|switch|p2a: Frank|Clodsire, M|100\/100\n|turn|11\n|\n|t:|1699264015\n|-terastallize|p1a: SUB-SEE-THE-SEED|Steel\n|move|p1a: SUB-SEE-THE-SEED|Substitute|p1a: SUB-SEE-THE-SEED\n|-start|p1a: SUB-SEE-THE-SEED|Substitute\n|-damage|p1a: SUB-SEE-THE-SEED|76\/100\n|move|p2a: Frank|Poison Jab|p1a: SUB-SEE-THE-SEED\n|-immune|p1a: SUB-SEE-THE-SEED\n|\n|-heal|p1a: SUB-SEE-THE-SEED|82\/100|[from] item: Leftovers\n|upkeep\n|turn|12\n|\n|t:|1699264021\n|move|p1a: SUB-SEE-THE-SEED|Leech Seed|p2a: Frank|[miss]\n|-miss|p1a: SUB-SEE-THE-SEED|p2a: Frank\n|move|p2a: Frank|Earthquake|p1a: SUB-SEE-THE-SEED\n|-supereffective|p1a: SUB-SEE-THE-SEED\n|-end|p1a: SUB-SEE-THE-SEED|Substitute\n|\n|-heal|p1a: SUB-SEE-THE-SEED|88\/100|[from] item: Leftovers\n|upkeep\n|turn|13\n|c| vexolos|What the fuck\n|\n|t:|1699264032\n|move|p1a: SUB-SEE-THE-SEED|Leech Seed|p2a: Frank\n|-start|p2a: Frank|move: Leech Seed\n|move|p2a: Frank|Earthquake|p1a: SUB-SEE-THE-SEED\n|-supereffective|p1a: SUB-SEE-THE-SEED\n|-damage|p1a: SUB-SEE-THE-SEED|15\/100\n|\n|-heal|p1a: SUB-SEE-THE-SEED|21\/100|[from] item: Leftovers\n|-damage|p2a: Frank|88\/100|[from] Leech Seed|[of] p1a: SUB-SEE-THE-SEED\n|-heal|p1a: SUB-SEE-THE-SEED|39\/100|[silent]\n|upkeep\n|turn|14\n|c| vexolos|LEAVE FRANK ALONE YOU DICKHEAD\n|c|\u2606ArkoosLegend|i got jbaited\n|c|\u2606ArkoosLegend|lmao\n|\n|t:|1699264043\n|move|p1a: SUB-SEE-THE-SEED|Protect|p1a: SUB-SEE-THE-SEED\n|-singleturn|p1a: SUB-SEE-THE-SEED|Protect\n|move|p2a: Frank|Earthquake|p1a: SUB-SEE-THE-SEED\n|-activate|p1a: SUB-SEE-THE-SEED|move: Protect\n|\n|-heal|p1a: SUB-SEE-THE-SEED|45\/100|[from] item: Leftovers\n|-heal|p2a: Frank|94\/100|[from] item: Black Sludge\n|-damage|p2a: Frank|82\/100|[from] Leech Seed|[of] p1a: SUB-SEE-THE-SEED\n|-heal|p1a: SUB-SEE-THE-SEED|63\/100|[silent]\n|upkeep\n|turn|15\n|\n|t:|1699264060\n|move|p1a: SUB-SEE-THE-SEED|Substitute|p1a: SUB-SEE-THE-SEED\n|-start|p1a: SUB-SEE-THE-SEED|Substitute\n|-damage|p1a: SUB-SEE-THE-SEED|39\/100\n|move|p2a: Frank|Earthquake|p1a: SUB-SEE-THE-SEED\n|-supereffective|p1a: SUB-SEE-THE-SEED\n|-end|p1a: SUB-SEE-THE-SEED|Substitute\n|\n|-heal|p1a: SUB-SEE-THE-SEED|45\/100|[from] item: Leftovers\n|-heal|p2a: Frank|88\/100|[from] item: Black Sludge\n|-damage|p2a: Frank|75\/100|[from] Leech Seed|[of] p1a: SUB-SEE-THE-SEED\n|-heal|p1a: SUB-SEE-THE-SEED|63\/100|[silent]\n|upkeep\n|turn|16\n|j| ShedinjaIsFunnyBug\n|c|\u2606Pennys No.1 Fan|im more of a pussy than a dickhead ty very much\n|\n|t:|1699264071\n|move|p1a: SUB-SEE-THE-SEED|Substitute|p1a: SUB-SEE-THE-SEED\n|-start|p1a: SUB-SEE-THE-SEED|Substitute\n|-damage|p1a: SUB-SEE-THE-SEED|38\/100\n|move|p2a: Frank|Earthquake|p1a: SUB-SEE-THE-SEED\n|-supereffective|p1a: SUB-SEE-THE-SEED\n|-end|p1a: SUB-SEE-THE-SEED|Substitute\n|\n|-heal|p1a: SUB-SEE-THE-SEED|44\/100|[from] item: Leftovers\n|-heal|p2a: Frank|82\/100|[from] item: Black Sludge\n|-damage|p2a: Frank|69\/100|[from] Leech Seed|[of] p1a: SUB-SEE-THE-SEED\n|-heal|p1a: SUB-SEE-THE-SEED|62\/100|[silent]\n|upkeep\n|turn|17\n|c|\u2606ArkoosLegend|THIS IS EVIL!!!\n|c|\u2606ArkoosLegend|what the hell is this whimsicott\n|c|\u2606Pennys No.1 Fan|wait till you see what the other mons sets are\n|c| ShedinjaIsFunnyBug|Both of y'all left me\n|c|\u2606ArkoosLegend|oh no\n|c|\u2606Pennys No.1 Fan|good\n|inactive|ArkoosLegend has 270 seconds left.\n|c|\u2606ArkoosLegend|sorry shedinja\n|c| ShedinjaIsFunnyBug|But it was ez wins for me\n|c|\u2606ArkoosLegend|haha\n|c| vexolos|Can I have your Whimsicott set\n|\n|t:|1699264111\n|move|p1a: SUB-SEE-THE-SEED|Substitute|p1a: SUB-SEE-THE-SEED\n|-start|p1a: SUB-SEE-THE-SEED|Substitute\n|-damage|p1a: SUB-SEE-THE-SEED|37\/100\n|move|p2a: Frank|Earthquake|p1a: SUB-SEE-THE-SEED\n|-supereffective|p1a: SUB-SEE-THE-SEED\n|-end|p1a: SUB-SEE-THE-SEED|Substitute\n|\n|-heal|p1a: SUB-SEE-THE-SEED|44\/100|[from] item: Leftovers\n|-heal|p2a: Frank|75\/100|[from] item: Black Sludge\n|-damage|p2a: Frank|63\/100|[from] Leech Seed|[of] p1a: SUB-SEE-THE-SEED\n|-heal|p1a: SUB-SEE-THE-SEED|61\/100|[silent]\n|upkeep\n|turn|18\n|c|\u2606Pennys No.1 Fan|no\n|c| vexolos|Fuck you pussy\n|c| ShedinjaIsFunnyBug|Whimsicott isn't a good Mon\n|c|\u2606Pennys No.1 Fan|im joking\n|c|\u2606ArkoosLegend|steal it anyway\n|c| vexolos|Shedinja isn't a good Mon\n|\n|t:|1699264129\n|move|p1a: SUB-SEE-THE-SEED|Substitute|p1a: SUB-SEE-THE-SEED\n|-start|p1a: SUB-SEE-THE-SEED|Substitute\n|-damage|p1a: SUB-SEE-THE-SEED|37\/100\n|move|p2a: Frank|Earthquake|p1a: SUB-SEE-THE-SEED\n|-supereffective|p1a: SUB-SEE-THE-SEED\n|-end|p1a: SUB-SEE-THE-SEED|Substitute\n|\n|-heal|p1a: SUB-SEE-THE-SEED|43\/100|[from] item: Leftovers\n|-heal|p2a: Frank|69\/100|[from] item: Black Sludge\n|-damage|p2a: Frank|57\/100|[from] Leech Seed|[of] p1a: SUB-SEE-THE-SEED\n|-heal|p1a: SUB-SEE-THE-SEED|61\/100|[silent]\n|upkeep\n|turn|19\n|c| ShedinjaIsFunnyBug|Shedinja is great in ndag\n|c|\u2606Pennys No.1 Fan|ill send the paste after this\n|c| vexolos|I can't steal it, I don't know its IVs\n|c|\u2606ArkoosLegend|oh shit just got real\n|inactive|ArkoosLegend has 270 seconds left.\n|c| vexolos|Thank you Pennys No.1 Fan\n|c|\u2606Pennys No.1 Fan|NOBODY IS PLAYING NATDEX AG\n|c| vexolos|I DON'T EVEN HAVE A NATDEX UBERS TEAM\n|\n|t:|1699264159\n|move|p1a: SUB-SEE-THE-SEED|Substitute|p1a: SUB-SEE-THE-SEED\n|-start|p1a: SUB-SEE-THE-SEED|Substitute\n|-damage|p1a: SUB-SEE-THE-SEED|36\/100\n|move|p2a: Frank|Earthquake|p1a: SUB-SEE-THE-SEED\n|-supereffective|p1a: SUB-SEE-THE-SEED\n|-end|p1a: SUB-SEE-THE-SEED|Substitute\n|\n|-heal|p1a: SUB-SEE-THE-SEED|42\/100|[from] item: Leftovers\n|-heal|p2a: Frank|63\/100|[from] item: Black Sludge\n|-damage|p2a: Frank|50\/100|[from] Leech Seed|[of] p1a: SUB-SEE-THE-SEED\n|-heal|p1a: SUB-SEE-THE-SEED|60\/100|[silent]\n|upkeep\n|turn|20\n|c| ShedinjaIsFunnyBug|I do it's fun\n|c| vexolos|LEMME MAKE ONE FR\n|\n|t:|1699264172\n|move|p1a: SUB-SEE-THE-SEED|Protect|p1a: SUB-SEE-THE-SEED\n|-singleturn|p1a: SUB-SEE-THE-SEED|Protect\n|move|p2a: Frank|Earthquake|p1a: SUB-SEE-THE-SEED\n|-activate|p1a: SUB-SEE-THE-SEED|move: Protect\n|\n|-heal|p1a: SUB-SEE-THE-SEED|66\/100|[from] item: Leftovers\n|-heal|p2a: Frank|57\/100|[from] item: Black Sludge\n|-damage|p2a: Frank|44\/100|[from] Leech Seed|[of] p1a: SUB-SEE-THE-SEED\n|-heal|p1a: SUB-SEE-THE-SEED|84\/100|[silent]\n|upkeep\n|turn|21\n|c|\u2606Pennys No.1 Fan|hurry up\n|c| ShedinjaIsFunnyBug|Ndag and ndubers are different kinds of fun\n|\n|t:|1699264184\n|switch|p1a: EARTH-SHAKER|Arceus-Ground|100\/100\n|move|p2a: Frank|Earthquake|p1a: EARTH-SHAKER\n|-damage|p1a: EARTH-SHAKER|79\/100\n|\n|-heal|p2a: Frank|50\/100|[from] item: Black Sludge\n|-damage|p2a: Frank|38\/100|[from] Leech Seed|[of] p1a: EARTH-SHAKER\n|-heal|p1a: EARTH-SHAKER|92\/100|[silent]\n|upkeep\n|turn|22\n|c|\u2606ArkoosLegend|this is tax evasion\n|inactive|ArkoosLegend has 270 seconds left.\n|\n|t:|1699264192\n|move|p1a: EARTH-SHAKER|Whirlpool|p2a: Frank\n|-supereffective|p2a: Frank\n|-damage|p2a: Frank|25\/100\n|-activate|p2a: Frank|move: Whirlpool|[of] p1a: EARTH-SHAKER\n|move|p2a: Frank|Waterfall|p1a: EARTH-SHAKER\n|-supereffective|p1a: EARTH-SHAKER\n|-damage|p1a: EARTH-SHAKER|69\/100\n|\n|-heal|p2a: Frank|31\/100|[from] item: Black Sludge\n|-damage|p2a: Frank|18\/100|[from] Leech Seed|[of] p1a: EARTH-SHAKER\n|-heal|p1a: EARTH-SHAKER|82\/100|[silent]\n|-damage|p2a: Frank|6\/100|[from] move: Whirlpool|[partiallytrapped]\n|upkeep\n|turn|23\n|c|\u2606Pennys No.1 Fan|are you water absorb.\n|c|\u2606Pennys No.1 Fan|no.\n|\n|t:|1699264204\n|move|p1a: EARTH-SHAKER|Protect|p1a: EARTH-SHAKER\n|-singleturn|p1a: EARTH-SHAKER|Protect\n|move|p2a: Frank|Waterfall|p1a: EARTH-SHAKER\n|-activate|p1a: EARTH-SHAKER|move: Protect\n|\n|-heal|p2a: Frank|12\/100|[from] item: Black Sludge\n|-damage|p2a: Frank|0 fnt|[from] Leech Seed|[of] p1a: EARTH-SHAKER\n|-heal|p1a: EARTH-SHAKER|94\/100|[silent]\n|faint|p2a: Frank\n|upkeep\n|c|\u2606Pennys No.1 Fan|phew\n|inactive|ArkoosLegend has 270 seconds left.\n|\n|t:|1699264215\n|switch|p2a: dwayne johnson|Nosepass, L1, M, shiny|100\/100\n|turn|24\n|\n|t:|1699264218\n|move|p1a: EARTH-SHAKER|Whirlpool|p2a: dwayne johnson\n|-supereffective|p2a: dwayne johnson\n|-ability|p2a: dwayne johnson|Sturdy\n|-damage|p2a: dwayne johnson|9\/100\n|-activate|p2a: dwayne johnson|move: Whirlpool|[of] p1a: EARTH-SHAKER\n|move|p2a: dwayne johnson|Pain Split|p1a: EARTH-SHAKER\n|-sethp|p1a: EARTH-SHAKER|48\/100|[from] move: Pain Split|[silent]\n|-sethp|p2a: dwayne johnson|100\/100|[from] move: Pain Split\n|\n|-damage|p2a: dwayne johnson|92\/100|[from] move: Whirlpool|[partiallytrapped]\n|upkeep\n|turn|25\n|c|\u2606ArkoosLegend|shit\n|\n|t:|1699264232\n|move|p1a: EARTH-SHAKER|Perish Song|p1a: EARTH-SHAKER\n|-start|p1a: EARTH-SHAKER|perish3|[silent]\n|-start|p2a: dwayne johnson|perish3|[silent]\n|-fieldactivate|move: Perish Song\n|move|p2a: dwayne johnson|Stealth Rock|p1a: EARTH-SHAKER\n|-sidestart|p1: Pennys No.1 Fan|move: Stealth Rock\n|\n|-damage|p2a: dwayne johnson|84\/100|[from] move: Whirlpool|[partiallytrapped]\n|-start|p1a: EARTH-SHAKER|perish3\n|-start|p2a: dwayne johnson|perish3\n|upkeep\n|turn|26\n|c|\u2606Pennys No.1 Fan|hear my song.\n|\n|t:|1699264239\n|move|p1a: EARTH-SHAKER|Protect|p1a: EARTH-SHAKER\n|-singleturn|p1a: EARTH-SHAKER|Protect\n|move|p2a: dwayne johnson|Pain Split|p1a: EARTH-SHAKER\n|-activate|p1a: EARTH-SHAKER|move: Protect\n|\n|-damage|p2a: dwayne johnson|75\/100|[from] move: Whirlpool|[partiallytrapped]\n|-start|p1a: EARTH-SHAKER|perish2\n|-start|p2a: dwayne johnson|perish2\n|upkeep\n|turn|27\n|\n|t:|1699264244\n|move|p1a: EARTH-SHAKER|Recover|p1a: EARTH-SHAKER\n|-heal|p1a: EARTH-SHAKER|98\/100\n|move|p2a: dwayne johnson|Pain Split|p1a: EARTH-SHAKER\n|-sethp|p1a: EARTH-SHAKER|50\/100|[from] move: Pain Split|[silent]\n|-sethp|p2a: dwayne johnson|100\/100|[from] move: Pain Split\n|\n|-damage|p2a: dwayne johnson|92\/100|[from] move: Whirlpool|[partiallytrapped]\n|-start|p1a: EARTH-SHAKER|perish1\n|-start|p2a: dwayne johnson|perish1\n|upkeep\n|turn|28\n|\n|t:|1699264258\n|switch|p1a: SUB-SEE-THE-SEED|Whimsicott, F, tera:Steel|84\/100\n|-damage|p1a: SUB-SEE-THE-SEED|78\/100|[from] Stealth Rock\n|move|p2a: dwayne johnson|Pain Split|p1a: SUB-SEE-THE-SEED\n|-sethp|p1a: SUB-SEE-THE-SEED|41\/100|[from] move: Pain Split|[silent]\n|-sethp|p2a: dwayne johnson|100\/100|[from] move: Pain Split\n|\n|-heal|p1a: SUB-SEE-THE-SEED|47\/100|[from] item: Leftovers\n|-end|p2a: dwayne johnson|Whirlpool|[partiallytrapped]|[silent]\n|-start|p2a: dwayne johnson|perish0\n|upkeep\n|faint|p2a: dwayne johnson\n|\n|t:|1699264271\n|switch|p2a: dunce|Dunsparce, F, shiny|100\/100\n|turn|29\n|\n|t:|1699264276\n|move|p1a: SUB-SEE-THE-SEED|Substitute|p1a: SUB-SEE-THE-SEED\n|-start|p1a: SUB-SEE-THE-SEED|Substitute\n|-damage|p1a: SUB-SEE-THE-SEED|22\/100\n|move|p2a: dunce|Glare||[still]\n|-fail|p2a: dunce\n|\n|-heal|p1a: SUB-SEE-THE-SEED|29\/100|[from] item: Leftovers\n|upkeep\n|turn|30\n|\n|t:|1699264284\n|move|p1a: SUB-SEE-THE-SEED|Leech Seed|p2a: dunce\n|-start|p2a: dunce|move: Leech Seed\n|move|p2a: dunce|Thunder|p1a: SUB-SEE-THE-SEED\n|-end|p1a: SUB-SEE-THE-SEED|Substitute\n|\n|-heal|p1a: SUB-SEE-THE-SEED|35\/100|[from] item: Leftovers\n|-damage|p2a: dunce|88\/100|[from] Leech Seed|[of] p1a: SUB-SEE-THE-SEED\n|-heal|p1a: SUB-SEE-THE-SEED|50\/100|[silent]\n|upkeep\n|turn|31\n|\n|t:|1699264288\n|move|p1a: SUB-SEE-THE-SEED|Protect|p1a: SUB-SEE-THE-SEED\n|-singleturn|p1a: SUB-SEE-THE-SEED|Protect\n|move|p2a: dunce|Glare|p1a: SUB-SEE-THE-SEED\n|-activate|p1a: SUB-SEE-THE-SEED|move: Protect\n|\n|-heal|p1a: SUB-SEE-THE-SEED|57\/100|[from] item: Leftovers\n|-damage|p2a: dunce|76\/100|[from] Leech Seed|[of] p1a: SUB-SEE-THE-SEED\n|-heal|p1a: SUB-SEE-THE-SEED|72\/100|[silent]\n|upkeep\n|turn|32\n|\n|t:|1699264296\n|move|p1a: SUB-SEE-THE-SEED|Substitute|p1a: SUB-SEE-THE-SEED\n|-start|p1a: SUB-SEE-THE-SEED|Substitute\n|-damage|p1a: SUB-SEE-THE-SEED|47\/100\n|move|p2a: dunce|Glare||[still]\n|-fail|p2a: dunce\n|\n|-heal|p1a: SUB-SEE-THE-SEED|53\/100|[from] item: Leftovers\n|-damage|p2a: dunce|63\/100|[from] Leech Seed|[of] p1a: SUB-SEE-THE-SEED\n|-heal|p1a: SUB-SEE-THE-SEED|69\/100|[silent]\n|upkeep\n|turn|33\n|c|\u2606ArkoosLegend|fuck that\n|\n|t:|1699264302\n|move|p1a: SUB-SEE-THE-SEED|Protect|p1a: SUB-SEE-THE-SEED\n|-singleturn|p1a: SUB-SEE-THE-SEED|Protect\n|move|p2a: dunce|Ancient Power|p1a: SUB-SEE-THE-SEED\n|-activate|p1a: SUB-SEE-THE-SEED|move: Protect\n|\n|-heal|p1a: SUB-SEE-THE-SEED|75\/100|[from] item: Leftovers\n|-damage|p2a: dunce|51\/100|[from] Leech Seed|[of] p1a: SUB-SEE-THE-SEED\n|-heal|p1a: SUB-SEE-THE-SEED|91\/100|[silent]\n|upkeep\n|turn|34\n|\n|t:|1699264308\n|move|p1a: SUB-SEE-THE-SEED|Moonblast|p2a: dunce\n|-damage|p2a: dunce|28\/100\n|move|p2a: dunce|Ancient Power|p1a: SUB-SEE-THE-SEED\n|-resisted|p1a: SUB-SEE-THE-SEED\n|-activate|p1a: SUB-SEE-THE-SEED|move: Substitute|[damage]\n|\n|-heal|p1a: SUB-SEE-THE-SEED|97\/100|[from] item: Leftovers\n|-damage|p2a: dunce|16\/100|[from] Leech Seed|[of] p1a: SUB-SEE-THE-SEED\n|-heal|p1a: SUB-SEE-THE-SEED|100\/100|[silent]\n|upkeep\n|turn|35\n|c|\u2606ArkoosLegend|gg prbly\n|\n|t:|1699264317\n|move|p1a: SUB-SEE-THE-SEED|Protect|p1a: SUB-SEE-THE-SEED\n|-singleturn|p1a: SUB-SEE-THE-SEED|Protect\n|move|p2a: dunce|Ancient Power|p1a: SUB-SEE-THE-SEED\n|-activate|p1a: SUB-SEE-THE-SEED|move: Protect\n|\n|-damage|p2a: dunce|4\/100|[from] Leech Seed|[of] p1a: SUB-SEE-THE-SEED\n|upkeep\n|turn|36\n|\n|t:|1699264323\n|move|p1a: SUB-SEE-THE-SEED|Moonblast|p2a: dunce\n|-damage|p2a: dunce|0 fnt\n|faint|p2a: dunce\n|\n|upkeep\n|\n|t:|1699264326\n|switch|p2a: crab rave|Dwebble, F, shiny|100\/100\n|turn|37\n|c|\u2606Pennys No.1 Fan|such an amazing team\n|\n|t:|1699264331\n|move|p1a: SUB-SEE-THE-SEED|Leech Seed|p2a: crab rave\n|-start|p2a: crab rave|move: Leech Seed\n|move|p2a: crab rave|Shell Smash|p2a: crab rave\n|-unboost|p2a: crab rave|def|1\n|-unboost|p2a: crab rave|spd|1\n|-boost|p2a: crab rave|atk|2\n|-boost|p2a: crab rave|spa|2\n|-boost|p2a: crab rave|spe|2\n|\n|-damage|p2a: crab rave|88\/100|[from] Leech Seed|[of] p1a: SUB-SEE-THE-SEED\n|upkeep\n|turn|38\n|\n|t:|1699264338\n|move|p1a: SUB-SEE-THE-SEED|Protect|p1a: SUB-SEE-THE-SEED\n|-singleturn|p1a: SUB-SEE-THE-SEED|Protect\n|move|p2a: crab rave|Rock Blast|p1a: SUB-SEE-THE-SEED\n|-activate|p1a: SUB-SEE-THE-SEED|move: Protect\n|\n|-damage|p2a: crab rave|76\/100|[from] Leech Seed|[of] p1a: SUB-SEE-THE-SEED\n|upkeep\n|turn|39\n|\n|t:|1699264345\n|move|p2a: crab rave|Rock Blast|p1a: SUB-SEE-THE-SEED\n|-resisted|p1a: SUB-SEE-THE-SEED\n|-activate|p1a: SUB-SEE-THE-SEED|move: Substitute|[damage]\n|-resisted|p1a: SUB-SEE-THE-SEED\n|-end|p1a: SUB-SEE-THE-SEED|Substitute\n|-resisted|p1a: SUB-SEE-THE-SEED\n|-damage|p1a: SUB-SEE-THE-SEED|93\/100\n|-resisted|p1a: SUB-SEE-THE-SEED\n|-damage|p1a: SUB-SEE-THE-SEED|85\/100\n|-hitcount|p1a: SUB-SEE-THE-SEED|4\n|move|p1a: SUB-SEE-THE-SEED|Moonblast|p2a: crab rave\n|-damage|p2a: crab rave|0 fnt\n|faint|p2a: crab rave\n|\n|win|Pennys No.1 Fan\n|c|\u2606ArkoosLegend|gg\n|c|\u2606Pennys No.1 Fan|ggwp\n|c|\u2606Pennys No.1 Fan|who wants the pokepaste\n|c|\u2606ArkoosLegend|only jerks\n|c|\u2606ArkoosLegend|would want that whimsicott\n|c|\u2606Pennys No.1 Fan|https:\/\/pokepast.es\/9942ad1308969dda\n|c|\u2606Pennys No.1 Fan|im a jerk then\n|c|\u2606Pennys No.1 Fan|youre my second victim\n","uploadtime":1699264395,"views":7,"p1id":"pennysno1fan","p2id":"arkooslegend","formatid":"gen9nationaldexubers","rating":0,"private":0,"password":""}