{"id":"gen9nationaldexubers-1988702244","p1":"flare603","p2":"C_Splash","format":"[Gen 9] National Dex Ubers","log":"|j|\u2606flare603\n|j|\u2606C_Splash\n|t:|1699752515\n|gametype|singles\n|player|p1|flare603|169|\n|player|p2|C_Splash|crasherwake|\n|teamsize|p1|6\n|teamsize|p2|6\n|gen|9\n|tier|[Gen 9] National Dex Ubers\n|rule|HP Percentage Mod: HP is shown in percentages\n|rule|Endless Battle Clause: Forcing endless battles is banned\n|rule|OHKO Clause: OHKO moves are banned\n|rule|Evasion Moves Clause: Evasion moves are banned\n|rule|Evasion Items Clause: Evasion items are banned\n|rule|Species Clause: Limit one of each Pok\u00e9mon\n|rule|Sleep Clause Mod: Limit one foe put to sleep\n|rule|Mega Rayquaza Clause: You cannot mega evolve Rayquaza\n|clearpoke\n|poke|p1|Hoopa-Unbound|\n|poke|p1|Musharna, M|\n|poke|p1|Marowak-Alola, F|\n|poke|p1|Slowbro, F|\n|poke|p1|Porygon2|\n|poke|p1|Melmetal|\n|poke|p2|Tyranitar, M|\n|poke|p2|Liepard, M|\n|poke|p2|Cresselia, F|\n|poke|p2|Toxapex, M|\n|poke|p2|Keldeo-Resolute|\n|poke|p2|Iron Treads|\n|teampreview\n|c|\u2606C_Splash|glhf\n|c|\u2606flare603|utoo\n|j| insignas\n|\n|t:|1699752550\n|start\n|switch|p1a: Musharna|Musharna, M|100\/100\n|switch|p2a: Iron Threads|Iron Treads|100\/100\n|-activate|p1a: Musharna|ability: Forewarn|Earthquake|[of] p2a: Iron Threads\n|-enditem|p2a: Iron Threads|Booster Energy\n|-activate|p2a: Iron Threads|ability: Quark Drive|[fromitem]\n|-start|p2a: Iron Threads|quarkdriveatk\n|turn|1\n|j| WhatIsThatDogDoing\n|\n|t:|1699752601\n|move|p2a: Iron Threads|Stealth Rock|p1a: Musharna\n|-sidestart|p1: flare603|move: Stealth Rock\n|move|p1a: Musharna|Trick Room|p1a: Musharna\n|-fieldstart|move: Trick Room|[of] p1a: Musharna\n|\n|upkeep\n|turn|2\n|c| WhatIsThatDogDoing|What is he cooking vs what is he cooking\n|c| insignas|booster energy rocker\n|\n|t:|1699752637\n|switch|p1a: Melmetal|Melmetal|100\/100\n|-damage|p1a: Melmetal|94\/100|[from] Stealth Rock\n|move|p2a: Iron Threads|Earthquake|p1a: Melmetal\n|-supereffective|p1a: Melmetal\n|-damage|p1a: Melmetal|24\/100\n|\n|upkeep\n|turn|3\n|c| WhatIsThatDogDoing|Holy raw\n|\n|t:|1699752666\n|move|p1a: Melmetal|Earthquake|p2a: Iron Threads\n|-supereffective|p2a: Iron Threads\n|-damage|p2a: Iron Threads|2\/100\n|move|p2a: Iron Threads|Earthquake|p1a: Melmetal\n|-supereffective|p1a: Melmetal\n|-damage|p1a: Melmetal|0 fnt\n|faint|p1a: Melmetal\n|\n|upkeep\n|c|\u2606flare603|damn the evs\n|c|\u2606C_Splash|it was a roll\n|\n|t:|1699752714\n|switch|p1a: Slowbro|Slowbro, F|100\/100\n|-damage|p1a: Slowbro|88\/100|[from] Stealth Rock\n|turn|4\n|\n|t:|1699752736\n|move|p1a: Slowbro|Scald|p2a: Iron Threads\n|-supereffective|p2a: Iron Threads\n|-damage|p2a: Iron Threads|0 fnt\n|faint|p2a: Iron Threads\n|-end|p2a: Iron Threads|Quark Drive|[silent]\n|\n|upkeep\n|c|\u2606flare603|feels bad\n|\n|t:|1699752761\n|switch|p2a: Dip|Liepard, M, shiny|100\/100\n|turn|5\n|c| WhatIsThatDogDoing|Seeing slowbro on another team feels like seeing my dad with another woman\n|inactive|Battle timer is ON: inactive players will automatically lose when time's up. (requested by flare603)\n|c|\u2606C_Splash|good to know\n|\n|t:|1699752857\n|move|p1a: Slowbro|Scald|p2a: Dip\n|-damage|p2a: Dip|41\/100\n|move|p2a: Dip|U-turn|p1a: Slowbro\n|-supereffective|p1a: Slowbro\n|-damage|p1a: Slowbro|65\/100\n|\n|t:|1699752876\n|switch|p2a: Tomoyuki|Tyranitar, M|100\/100|[from] U-turn\n|-weather|Sandstorm|[from] ability: Sand Stream|[of] p2a: Tomoyuki\n|\n|-weather|Sandstorm|[upkeep]\n|-damage|p1a: Slowbro|59\/100|[from] Sandstorm\n|-fieldend|move: Trick Room\n|upkeep\n|turn|6\n|\n|t:|1699752901\n|detailschange|p1a: Slowbro|Slowbro-Mega, F\n|-mega|p1a: Slowbro|Slowbro|Slowbronite\n|move|p2a: Tomoyuki|Taunt|p1a: Slowbro\n|-start|p1a: Slowbro|move: Taunt\n|cant|p1a: Slowbro|move: Taunt|Trick Room\n|\n|-weather|Sandstorm|[upkeep]\n|-damage|p1a: Slowbro|53\/100|[from] Sandstorm\n|upkeep\n|turn|7\n|inactive|flare603 has 270 seconds left.\n|\n|t:|1699752924\n|detailschange|p2a: Tomoyuki|Tyranitar-Mega, M\n|-mega|p2a: Tomoyuki|Tyranitar|Tyranitarite\n|move|p2a: Tomoyuki|Knock Off|p1a: Slowbro\n|-supereffective|p1a: Slowbro\n|-damage|p1a: Slowbro|19\/100\n|move|p1a: Slowbro|Scald|p2a: Tomoyuki\n|-supereffective|p2a: Tomoyuki\n|-damage|p2a: Tomoyuki|65\/100\n|\n|-weather|Sandstorm|[upkeep]\n|-damage|p1a: Slowbro|13\/100|[from] Sandstorm\n|upkeep\n|turn|8\n|inactive|flare603 has 270 seconds left.\n|l| WhatIsThatDogDoing\n|inactive|flare603 has 240 seconds left.\n|c| insignas|first time ive ever seen a person mega their slowbro\n|j| WhatIsThatDogDoing\n|\n|t:|1699752973\n|move|p2a: Tomoyuki|Earthquake|p1a: Slowbro\n|-damage|p1a: Slowbro|0 fnt\n|faint|p1a: Slowbro\n|\n|-weather|Sandstorm|[upkeep]\n|upkeep\n|c| insignas|instead of making it stay normal the entire time\n|\n|t:|1699752990\n|switch|p1a: Porygon2|Porygon2|100\/100\n|-damage|p1a: Porygon2|88\/100|[from] Stealth Rock\n|-ability|p1a: Porygon2|Sand Stream|[from] ability: Trace|[of] p2a: Tomoyuki\n|turn|9\n|c| insignas|like some people i know\n|c|\u2606flare603|wasnted the def up\n|c|\u2606flare603|lol\n|c| WhatIsThatDogDoing|Insignas we need to ban (kill) slashy\n|\n|t:|1699753013\n|move|p2a: Tomoyuki|Taunt|p1a: Porygon2\n|-start|p1a: Porygon2|move: Taunt\n|cant|p1a: Porygon2|move: Taunt|Trick Room\n|\n|-weather|none\n|upkeep\n|turn|10\n|c| insignas|real\n|inactive|flare603 has 210 seconds left.\n|c|\u2606flare603|the taunt mega ttar\n|c|\u2606flare603|has thrown me off\n|c|\u2606flare603|lmfao\n|c|\u2606flare603|was expecting it on liuepard\n|inactive|flare603 has 180 seconds left.\n|c|\u2606C_Splash|came prepared\n|\n|t:|1699753102\n|move|p2a: Tomoyuki|Knock Off|p1a: Porygon2\n|-damage|p1a: Porygon2|48\/100\n|-enditem|p1a: Porygon2|Eviolite|[from] move: Knock Off|[of] p2a: Tomoyuki\n|move|p1a: Porygon2|Foul Play|p2a: Tomoyuki\n|-resisted|p2a: Tomoyuki\n|-damage|p2a: Tomoyuki|54\/100\n|\n|upkeep\n|turn|11\n|c|\u2606flare603|yeah its p over\n|\n|t:|1699753116\n|move|p2a: Tomoyuki|Brick Break|p1a: Porygon2\n|-supereffective|p1a: Porygon2\n|-damage|p1a: Porygon2|0 fnt\n|faint|p1a: Porygon2\n|\n|upkeep\n|inactive|flare603 has 150 seconds left.\n|\n|t:|1699753153\n|switch|p1a: Hoopa|Hoopa-Unbound|100\/100\n|-damage|p1a: Hoopa|88\/100|[from] Stealth Rock\n|turn|12\n|c|\u2606flare603|yeah gg\n|\n|t:|1699753166\n|move|p2a: Tomoyuki|Knock Off|p1a: Hoopa\n|-damage|p1a: Hoopa|0 fnt\n|-enditem|p1a: Hoopa|Life Orb|[from] move: Knock Off|[of] p2a: Tomoyuki\n|faint|p1a: Hoopa\n|\n|upkeep\n|\n|t:|1699753168\n|switch|p1a: Marowak|Marowak-Alola, F|100\/100\n|-damage|p1a: Marowak|75\/100|[from] Stealth Rock\n|turn|13\n|\n|t:|1699753174\n|move|p2a: Tomoyuki|Knock Off|p1a: Marowak\n|-supereffective|p1a: Marowak\n|-damage|p1a: Marowak|0 fnt\n|-enditem|p1a: Marowak|Thick Club|[from] move: Knock Off|[of] p2a: Tomoyuki\n|faint|p1a: Marowak\n|\n|upkeep\n|\n|t:|1699753175\n|switch|p1a: Musharna|Musharna, M|100\/100\n|-damage|p1a: Musharna|88\/100|[from] Stealth Rock\n|-activate|p1a: Musharna|ability: Forewarn|Earthquake|[of] p2a: Tomoyuki\n|turn|14\n|\n|t:|1699753182\n|move|p2a: Tomoyuki|Knock Off|p1a: Musharna\n|-supereffective|p1a: Musharna\n|-crit|p1a: Musharna\n|-damage|p1a: Musharna|0 fnt\n|-enditem|p1a: Musharna|Covert Cloak|[from] move: Knock Off|[of] p2a: Tomoyuki\n|faint|p1a: Musharna\n|\n|win|C_Splash\n|c|\u2606flare603|taunt ttar won\n|c|\u2606C_Splash|gg\n|l| WhatIsThatDogDoing\n","uploadtime":1699753189,"views":32,"p1id":"flare603","p2id":"csplash","formatid":"gen9nationaldexubers","rating":0,"private":0,"password":""}