{"id":"gen9nationaldexubers-1998737637","p1":"ndou\u6389\u5206\u84dd\u67d0\u4fa0996","p2":"Ash 26th","format":"[Gen 9] National Dex Ubers","log":"|j|\u2606ndou\u6389\u5206\u84dd\u67d0\u4fa0996\n|j|\u2606Ash 26th\n|t:|1700980662\n|gametype|singles\n|player|p1|ndou\u6389\u5206\u84dd\u67d0\u4fa0996|hilbert|\n|player|p2|Ash 26th|marley|\n|teamsize|p1|6\n|teamsize|p2|6\n|gen|9\n|tier|[Gen 9] National Dex Ubers\n|rule|HP Percentage Mod: HP is shown in percentages\n|rule|Endless Battle Clause: Forcing endless battles is banned\n|rule|OHKO Clause: OHKO moves are banned\n|rule|Evasion Moves Clause: Evasion moves are banned\n|rule|Evasion Items Clause: Evasion items are banned\n|rule|Species Clause: Limit one of each Pok\u00e9mon\n|rule|Sleep Clause Mod: Limit one foe put to sleep\n|rule|Mega Rayquaza Clause: You cannot mega evolve Rayquaza\n|clearpoke\n|poke|p1|Dondozo, M|\n|poke|p1|Clodsire, M|\n|poke|p1|Skeledirge, F|\n|poke|p1|Chansey, F|\n|poke|p1|Yveltal|\n|poke|p1|Ho-Oh|\n|poke|p2|Darmanitan-Galar, F|\n|poke|p2|Lucario, F|\n|poke|p2|Samurott-Hisui, M|\n|poke|p2|Iron Valiant|\n|poke|p2|Hoopa-Unbound|\n|poke|p2|Ogerpon-Wellspring, F|\n|teampreview\n|inactive|Battle timer is ON: inactive players will automatically lose when time's up. (requested by Ash 26th)\n|\n|t:|1700980676\n|start\n|switch|p1a: \u53ef\u7231\u634f|Ho-Oh|100\/100\n|switch|p2a: Samurott|Samurott-Hisui, M, shiny|100\/100\n|turn|1\n|inactive|Ash 26th has 270 seconds left.\n|\n|t:|1700980709\n|move|p2a: Samurott|Ceaseless Edge|p1a: \u53ef\u7231\u634f|[miss]\n|-miss|p2a: Samurott|p1a: \u53ef\u7231\u634f\n|move|p1a: \u53ef\u7231\u634f|Will-O-Wisp|p2a: Samurott\n|-status|p2a: Samurott|brn\n|\n|-damage|p2a: Samurott|94\/100 brn|[from] brn\n|upkeep\n|turn|2\n|c|\u2606ndou\u6389\u5206\u84dd\u67d0\u4fa0996|\u9e1f\u7cfb\u5929\u738b\uff08\uff09\n|\n|t:|1700980716\n|move|p2a: Samurott|Encore|p1a: \u53ef\u7231\u634f\n|-start|p1a: \u53ef\u7231\u634f|Encore\n|move|p1a: \u53ef\u7231\u634f|Will-O-Wisp|p2a: Samurott\n|-fail|p2a: Samurott|brn\n|\n|-damage|p2a: Samurott|88\/100 brn|[from] brn\n|upkeep\n|turn|3\n|\n|t:|1700980722\n|switch|p1a: \u6211\u8981\u5403\u996d|Yveltal|100\/100\n|-ability|p1a: \u6211\u8981\u5403\u996d|Dark Aura\n|move|p2a: Samurott|Ceaseless Edge|p1a: \u6211\u8981\u5403\u996d|[miss]\n|-miss|p2a: Samurott|p1a: \u6211\u8981\u5403\u996d\n|\n|-damage|p2a: Samurott|82\/100 brn|[from] brn\n|upkeep\n|turn|4\n|c|\u2606ndou\u6389\u5206\u84dd\u67d0\u4fa0996|?\n|\n|t:|1700980729\n|move|p1a: \u6211\u8981\u5403\u996d|Dual Wingbeat|p2a: Samurott|[miss]\n|-miss|p1a: \u6211\u8981\u5403\u996d|p2a: Samurott\n|move|p2a: Samurott|Ceaseless Edge|p1a: \u6211\u8981\u5403\u996d\n|-resisted|p1a: \u6211\u8981\u5403\u996d\n|-damage|p1a: \u6211\u8981\u5403\u996d|87\/100\n|-sidestart|p1: ndou\u6389\u5206\u84dd\u67d0\u4fa0996|Spikes\n|\n|-damage|p2a: Samurott|76\/100 brn|[from] brn\n|upkeep\n|turn|5\n|\n|t:|1700980734\n|move|p1a: \u6211\u8981\u5403\u996d|Dual Wingbeat|p2a: Samurott\n|-damage|p2a: Samurott|46\/100 brn\n|-damage|p2a: Samurott|19\/100 brn\n|-hitcount|p2a: Samurott|2\n|move|p2a: Samurott|Ceaseless Edge|p1a: \u6211\u8981\u5403\u996d\n|-resisted|p1a: \u6211\u8981\u5403\u996d\n|-damage|p1a: \u6211\u8981\u5403\u996d|73\/100\n|-sidestart|p1: ndou\u6389\u5206\u84dd\u67d0\u4fa0996|Spikes\n|\n|-damage|p2a: Samurott|13\/100 brn|[from] brn\n|upkeep\n|turn|6\n|\n|t:|1700980743\n|move|p2a: Samurott|Sucker Punch||[still]\n|-fail|p2a: Samurott\n|move|p1a: \u6211\u8981\u5403\u996d|Roost|p1a: \u6211\u8981\u5403\u996d\n|-heal|p1a: \u6211\u8981\u5403\u996d|100\/100\n|-singleturn|p1a: \u6211\u8981\u5403\u996d|move: Roost\n|\n|-damage|p2a: Samurott|6\/100 brn|[from] brn\n|upkeep\n|turn|7\n|\n|t:|1700980745\n|switch|p1a: \u53ef\u7231\u634f|Ho-Oh|100\/100\n|move|p2a: Samurott|Ceaseless Edge|p1a: \u53ef\u7231\u634f\n|-crit|p1a: \u53ef\u7231\u634f\n|-damage|p1a: \u53ef\u7231\u634f|79\/100\n|-sidestart|p1: ndou\u6389\u5206\u84dd\u67d0\u4fa0996|Spikes\n|\n|-damage|p2a: Samurott|0 fnt|[from] brn\n|faint|p2a: Samurott\n|upkeep\n|\n|t:|1700980764\n|switch|p2a: Ogerpon|Ogerpon-Wellspring, F|100\/100\n|turn|8\n|\n|t:|1700980769\n|move|p2a: Ogerpon|Swords Dance|p2a: Ogerpon\n|-boost|p2a: Ogerpon|atk|2\n|move|p1a: \u53ef\u7231\u634f|Defog|p2a: Ogerpon\n|-unboost|p2a: Ogerpon|evasion|1\n|-sideend|p1: ndou\u6389\u5206\u84dd\u67d0\u4fa0996|Spikes|[from] move: Defog|[of] p1a: \u53ef\u7231\u634f\n|\n|upkeep\n|turn|9\n|\n|t:|1700980772\n|switch|p1a: \u4e11\u9738\u4e0d\u6b7b|Dondozo, M|100\/100\n|move|p2a: Ogerpon|Ivy Cudgel|p1a: \u4e11\u9738\u4e0d\u6b7b|[anim] Ivy Cudgel Water\n|-resisted|p1a: \u4e11\u9738\u4e0d\u6b7b\n|-damage|p1a: \u4e11\u9738\u4e0d\u6b7b|86\/100\n|\n|upkeep\n|turn|10\n|\n|t:|1700980777\n|switch|p1a: \u58ee\u58ee\u5988|Skeledirge, F|100\/100\n|move|p2a: Ogerpon|Power Whip|p1a: \u58ee\u58ee\u5988\n|-resisted|p1a: \u58ee\u58ee\u5988\n|-damage|p1a: \u58ee\u58ee\u5988|79\/100\n|\n|upkeep\n|turn|11\n|\n|t:|1700980784\n|-terastallize|p1a: \u58ee\u58ee\u5988|Fairy\n|move|p2a: Ogerpon|Ivy Cudgel|p1a: \u58ee\u58ee\u5988|[anim] Ivy Cudgel Water\n|-damage|p1a: \u58ee\u58ee\u5988|43\/100\n|move|p1a: \u58ee\u58ee\u5988|Will-O-Wisp|p2a: Ogerpon\n|-status|p2a: Ogerpon|brn\n|\n|-damage|p2a: Ogerpon|95\/100 brn|[from] brn\n|upkeep\n|turn|12\n|c|\u2606ndou\u6389\u5206\u84dd\u67d0\u4fa0996|\u620f\u6cd5\n|\n|t:|1700980794\n|switch|p2a: Hoopa|Hoopa-Unbound|100\/100\n|move|p1a: \u58ee\u58ee\u5988|Slack Off|p1a: \u58ee\u58ee\u5988\n|-heal|p1a: \u58ee\u58ee\u5988|93\/100\n|\n|upkeep\n|turn|13\n|\n|t:|1700980807\n|switch|p1a: \u6211\u8981\u5403\u996d|Yveltal|100\/100\n|-ability|p1a: \u6211\u8981\u5403\u996d|Dark Aura\n|-terastallize|p2a: Hoopa|Psychic\n|move|p2a: Hoopa|Psychic|p1a: \u6211\u8981\u5403\u996d\n|-immune|p1a: \u6211\u8981\u5403\u996d\n|\n|upkeep\n|turn|14\n|\n|t:|1700980812\n|switch|p2a: Ogerpon|Ogerpon-Wellspring, F|95\/100 brn\n|move|p1a: \u6211\u8981\u5403\u996d|Knock Off|p2a: Ogerpon\n|-damage|p2a: Ogerpon|30\/100 brn\n|\n|-damage|p2a: Ogerpon|24\/100 brn|[from] brn\n|upkeep\n|turn|15\n|\n|t:|1700980818\n|move|p1a: \u6211\u8981\u5403\u996d|Sucker Punch|p2a: Ogerpon\n|-damage|p2a: Ogerpon|0 fnt\n|faint|p2a: Ogerpon\n|\n|upkeep\n|\n|t:|1700980825\n|switch|p2a: Darmanitan|Darmanitan-Galar, F, shiny|100\/100\n|turn|16\n|\n|t:|1700980833\n|switch|p1a: \u53ef\u7231\u634f|Ho-Oh|100\/100\n|move|p2a: Darmanitan|Substitute|p2a: Darmanitan\n|-start|p2a: Darmanitan|Substitute\n|-damage|p2a: Darmanitan|75\/100\n|\n|upkeep\n|turn|17\n|\n|t:|1700980841\n|move|p2a: Darmanitan|Icicle Crash|p1a: \u53ef\u7231\u634f\n|-damage|p1a: \u53ef\u7231\u634f|66\/100\n|move|p1a: \u53ef\u7231\u634f|Sacred Fire|p2a: Darmanitan|[miss]\n|-miss|p1a: \u53ef\u7231\u634f|p2a: Darmanitan\n|\n|upkeep\n|turn|18\n|\n|t:|1700980848\n|move|p2a: Darmanitan|Icicle Crash|p1a: \u53ef\u7231\u634f\n|-damage|p1a: \u53ef\u7231\u634f|32\/100\n|cant|p1a: \u53ef\u7231\u634f|flinch\n|\n|upkeep\n|turn|19\n|c|\u2606ndou\u6389\u5206\u84dd\u67d0\u4fa0996|?\n|\n|t:|1700980856\n|switch|p1a: \u4e11\u9738\u4e0d\u6b7b|Dondozo, M|86\/100\n|move|p2a: Darmanitan|Icicle Crash|p1a: \u4e11\u9738\u4e0d\u6b7b\n|-resisted|p1a: \u4e11\u9738\u4e0d\u6b7b\n|-damage|p1a: \u4e11\u9738\u4e0d\u6b7b|74\/100\n|\n|upkeep\n|turn|20\n|\n|t:|1700980867\n|switch|p2a: Iron Valiant|Iron Valiant|100\/100\n|-enditem|p2a: Iron Valiant|Booster Energy\n|-activate|p2a: Iron Valiant|ability: Quark Drive|[fromitem]\n|-start|p2a: Iron Valiant|quarkdrivespa\n|move|p1a: \u4e11\u9738\u4e0d\u6b7b|Liquidation|p2a: Iron Valiant\n|-damage|p2a: Iron Valiant|61\/100\n|\n|upkeep\n|turn|21\n|c|\u2606ndou\u6389\u5206\u84dd\u67d0\u4fa0996|\u51e4\u738b\u4ec0\u4e48\u5783\u573e\n|\n|t:|1700980874\n|switch|p1a: \u53ef\u7231\u634f|Ho-Oh|65\/100\n|move|p2a: Iron Valiant|Calm Mind|p2a: Iron Valiant\n|-boost|p2a: Iron Valiant|spa|1\n|-boost|p2a: Iron Valiant|spd|1\n|\n|upkeep\n|turn|22\n|\n|t:|1700980877\n|move|p2a: Iron Valiant|Psyshock|p1a: \u53ef\u7231\u634f\n|-damage|p1a: \u53ef\u7231\u634f|30\/100\n|move|p1a: \u53ef\u7231\u634f|Roost|p1a: \u53ef\u7231\u634f\n|-heal|p1a: \u53ef\u7231\u634f|80\/100\n|-singleturn|p1a: \u53ef\u7231\u634f|move: Roost\n|\n|upkeep\n|turn|23\n|\n|t:|1700980883\n|move|p2a: Iron Valiant|Psyshock|p1a: \u53ef\u7231\u634f\n|-damage|p1a: \u53ef\u7231\u634f|47\/100\n|move|p1a: \u53ef\u7231\u634f|Sacred Fire|p2a: Iron Valiant\n|-damage|p2a: Iron Valiant|5\/100\n|\n|upkeep\n|turn|24\n|\n|t:|1700980890\n|move|p2a: Iron Valiant|Psyshock|p1a: \u53ef\u7231\u634f\n|-damage|p1a: \u53ef\u7231\u634f|13\/100\n|move|p1a: \u53ef\u7231\u634f|Roost|p1a: \u53ef\u7231\u634f\n|-heal|p1a: \u53ef\u7231\u634f|63\/100\n|-singleturn|p1a: \u53ef\u7231\u634f|move: Roost\n|\n|upkeep\n|turn|25\n|\n|t:|1700980894\n|move|p2a: Iron Valiant|Psyshock|p1a: \u53ef\u7231\u634f\n|-damage|p1a: \u53ef\u7231\u634f|27\/100\n|move|p1a: \u53ef\u7231\u634f|Sacred Fire|p2a: Iron Valiant\n|-damage|p2a: Iron Valiant|0 fnt\n|faint|p2a: Iron Valiant\n|-end|p2a: Iron Valiant|Quark Drive|[silent]\n|\n|upkeep\n|\n|t:|1700980901\n|switch|p2a: Darmanitan|Darmanitan-Galar, F, shiny|75\/100\n|turn|26\n|\n|t:|1700980908\n|switch|p1a: \u4e11\u9738\u4e0d\u6b7b|Dondozo, M|74\/100\n|move|p2a: Darmanitan|Icicle Crash|p1a: \u4e11\u9738\u4e0d\u6b7b\n|-resisted|p1a: \u4e11\u9738\u4e0d\u6b7b\n|-damage|p1a: \u4e11\u9738\u4e0d\u6b7b|62\/100\n|\n|upkeep\n|turn|27\n|\n|t:|1700980914\n|switch|p2a: Hoopa|Hoopa-Unbound, tera:Psychic|100\/100\n|switch|p1a: \u53ef\u7231\u634f|Ho-Oh|60\/100\n|\n|upkeep\n|turn|28\n|\n|t:|1700980919\n|switch|p1a: \u6211\u8981\u5403\u996d|Yveltal|100\/100\n|-ability|p1a: \u6211\u8981\u5403\u996d|Dark Aura\n|move|p2a: Hoopa|Psychic|p1a: \u6211\u8981\u5403\u996d\n|-immune|p1a: \u6211\u8981\u5403\u996d\n|\n|upkeep\n|turn|29\n|\n|t:|1700980925\n|switch|p2a: Darmanitan|Darmanitan-Galar, F, shiny|75\/100\n|move|p1a: \u6211\u8981\u5403\u996d|Knock Off|p2a: Darmanitan\n|-crit|p2a: Darmanitan\n|-damage|p2a: Darmanitan|0 fnt\n|-enditem|p2a: Darmanitan|Salac Berry|[from] move: Knock Off|[of] p1a: \u6211\u8981\u5403\u996d\n|faint|p2a: Darmanitan\n|\n|upkeep\n|c|\u2606ndou\u6389\u5206\u84dd\u67d0\u4fa0996|\u66b4\u529b\u6267\u6cd5\n|\n|t:|1700980934\n|switch|p2a: Lucario|Lucario, F|100\/100\n|turn|30\n|\n|t:|1700980942\n|switch|p1a: \u53ef\u7231\u634f|Ho-Oh|93\/100\n|move|p2a: Lucario|Focus Blast|p1a: \u53ef\u7231\u634f\n|-resisted|p1a: \u53ef\u7231\u634f\n|-damage|p1a: \u53ef\u7231\u634f|78\/100\n|\n|upkeep\n|turn|31\n|\n|t:|1700980947\n|switch|p2a: Hoopa|Hoopa-Unbound, tera:Psychic|100\/100\n|move|p1a: \u53ef\u7231\u634f|Will-O-Wisp|p2a: Hoopa\n|-status|p2a: Hoopa|brn\n|\n|-damage|p2a: Hoopa|95\/100 brn|[from] brn\n|upkeep\n|turn|32\n|\n|t:|1700980955\n|switch|p1a: \u6211\u8981\u5403\u996d|Yveltal|100\/100\n|-ability|p1a: \u6211\u8981\u5403\u996d|Dark Aura\n|move|p2a: Hoopa|Psychic|p1a: \u6211\u8981\u5403\u996d\n|-immune|p1a: \u6211\u8981\u5403\u996d\n|\n|-damage|p2a: Hoopa|89\/100 brn|[from] brn\n|upkeep\n|turn|33\n|c|\u2606Ash 26th|\u4f60\u8fd8\u6562\u8fd9\u4e48\u6362\u554a\n|\n|t:|1700980969\n|move|p1a: \u6211\u8981\u5403\u996d|Dual Wingbeat|p2a: Hoopa\n|-damage|p2a: Hoopa|47\/100 brn\n|-damage|p2a: Hoopa|4\/100 brn\n|-hitcount|p2a: Hoopa|2\n|move|p2a: Hoopa|Psychic|p1a: \u6211\u8981\u5403\u996d\n|-immune|p1a: \u6211\u8981\u5403\u996d\n|\n|-damage|p2a: Hoopa|0 fnt|[from] brn\n|faint|p2a: Hoopa\n|upkeep\n|\n|t:|1700980973\n|switch|p2a: Lucario|Lucario, F|100\/100\n|turn|34\n|\n|t:|1700980976\n|detailschange|p2a: Lucario|Lucario-Mega, F\n|-mega|p2a: Lucario|Lucario|Lucarionite\n|move|p2a: Lucario|Nasty Plot|p2a: Lucario\n|-boost|p2a: Lucario|spa|2\n|move|p1a: \u6211\u8981\u5403\u996d|Dual Wingbeat|p2a: Lucario\n|-crit|p2a: Lucario\n|-damage|p2a: Lucario|55\/100\n|-damage|p2a: Lucario|25\/100\n|-hitcount|p2a: Lucario|2\n|\n|upkeep\n|turn|35\n|\n|t:|1700980984\n|switch|p1a: \u7259?|Clodsire, M|100\/100\n|move|p2a: Lucario|Focus Blast|p1a: \u7259?|[miss]\n|-miss|p2a: Lucario|p1a: \u7259?\n|\n|upkeep\n|turn|36\n|c|\u2606ndou\u6389\u5206\u84dd\u67d0\u4fa0996|\u548b\u4e86\n|\n|t:|1700980989\n|move|p2a: Lucario|Flash Cannon|p1a: \u7259?\n|-damage|p1a: \u7259?|70\/100\n|move|p1a: \u7259?|Earthquake|p2a: Lucario\n|-supereffective|p2a: Lucario\n|-damage|p2a: Lucario|0 fnt\n|faint|p2a: Lucario\n|\n|win|ndou\u6389\u5206\u84dd\u67d0\u4fa0996\n","uploadtime":1700980993,"views":9,"p1id":"ndou996","p2id":"ash26th","formatid":"gen9nationaldexubers","rating":0,"private":0,"password":""}