{"id":"gen9nationaldexubers-1982937970","p1":"Gimiky","p2":"drgxrsg4e","format":"[Gen 9] National Dex Ubers","log":"|j|\u2606Gimiky\n|j|\u2606drgxrsg4e\n|t:|1699060810\n|gametype|singles\n|player|p1|Gimiky|hugh|1000\n|player|p2|drgxrsg4e|ethan|1040\n|teamsize|p1|2\n|teamsize|p2|6\n|gen|9\n|tier|[Gen 9] National Dex Ubers\n|rated|\n|rule|HP Percentage Mod: HP is shown in percentages\n|rule|Endless Battle Clause: Forcing endless battles is banned\n|rule|OHKO Clause: OHKO moves are banned\n|rule|Evasion Moves Clause: Evasion moves are banned\n|rule|Evasion Items Clause: Evasion items are banned\n|rule|Species Clause: Limit one of each Pok\u00e9mon\n|rule|Sleep Clause Mod: Limit one foe put to sleep\n|rule|Mega Rayquaza Clause: You cannot mega evolve Rayquaza\n|clearpoke\n|poke|p1|Smeargle, M|\n|poke|p1|Aerodactyl, F|\n|poke|p2|Darkrai|\n|poke|p2|Dragapult, F|\n|poke|p2|Groudon|\n|poke|p2|Gliscor, M|\n|poke|p2|Dragalge, F|\n|poke|p2|Sinistcha|\n|teampreview\n|\n|t:|1699060817\n|start\n|switch|p1a: Aerodactyl|Aerodactyl, F|100\/100\n|switch|p2a: Darkrai|Darkrai, shiny|100\/100\n|turn|1\n|\n|t:|1699060831\n|move|p1a: Aerodactyl|Taunt|p2a: Darkrai\n|-start|p2a: Darkrai|move: Taunt\n|move|p2a: Darkrai|Ice Beam|p1a: Aerodactyl\n|-supereffective|p1a: Aerodactyl\n|-damage|p1a: Aerodactyl|32\/100\n|\n|upkeep\n|turn|2\n|\n|t:|1699060838\n|move|p1a: Aerodactyl|Tailwind|p1a: Aerodactyl\n|-sidestart|p1: Gimiky|move: Tailwind\n|move|p2a: Darkrai|Ice Beam|p1a: Aerodactyl\n|-supereffective|p1a: Aerodactyl\n|-damage|p1a: Aerodactyl|0 fnt\n|faint|p1a: Aerodactyl\n|\n|upkeep\n|\n|t:|1699060845\n|switch|p1a: Smeargle|Smeargle, M, shiny|100\/100\n|turn|3\n|\n|t:|1699060851\n|move|p1a: Smeargle|Spore|p2a: Darkrai\n|-status|p2a: Darkrai|slp|[from] move: Spore\n|cant|p2a: Darkrai|slp\n|\n|-end|p2a: Darkrai|move: Taunt\n|-ability|p1a: Smeargle|Moody|boost\n|-boost|p1a: Smeargle|def|2\n|-unboost|p1a: Smeargle|spd|1\n|upkeep\n|turn|4\n|\n|t:|1699060862\n|move|p1a: Smeargle|Substitute|p1a: Smeargle\n|-start|p1a: Smeargle|Substitute\n|-damage|p1a: Smeargle|76\/100\n|-curestatus|p2a: Darkrai|slp|[msg]\n|move|p2a: Darkrai|Ice Beam|p1a: Smeargle\n|-crit|p1a: Smeargle\n|-end|p1a: Smeargle|Substitute\n|\n|-heal|p1a: Smeargle|82\/100|[from] item: Leftovers\n|-ability|p1a: Smeargle|Moody|boost\n|-boost|p1a: Smeargle|spa|2\n|-unboost|p1a: Smeargle|spe|1\n|upkeep\n|turn|5\n|\n|t:|1699060873\n|move|p1a: Smeargle|Spore|p2a: Darkrai\n|-status|p2a: Darkrai|slp|[from] move: Spore\n|cant|p2a: Darkrai|slp\n|\n|-heal|p1a: Smeargle|88\/100|[from] item: Leftovers\n|-sideend|p1: Gimiky|move: Tailwind\n|-ability|p1a: Smeargle|Moody|boost\n|-boost|p1a: Smeargle|spd|2\n|-unboost|p1a: Smeargle|atk|1\n|upkeep\n|turn|6\n|\n|t:|1699060886\n|cant|p2a: Darkrai|slp\n|move|p1a: Smeargle|Spore|p2a: Darkrai\n|-fail|p2a: Darkrai|slp\n|\n|-heal|p1a: Smeargle|94\/100|[from] item: Leftovers\n|-ability|p1a: Smeargle|Moody|boost\n|-boost|p1a: Smeargle|spe|2\n|-unboost|p1a: Smeargle|def|1\n|upkeep\n|turn|7\n|\n|t:|1699060898\n|move|p1a: Smeargle|Substitute|p1a: Smeargle\n|-start|p1a: Smeargle|Substitute\n|-damage|p1a: Smeargle|69\/100\n|-curestatus|p2a: Darkrai|slp|[msg]\n|move|p2a: Darkrai|Dark Pulse|p1a: Smeargle\n|-end|p1a: Smeargle|Substitute\n|\n|-heal|p1a: Smeargle|75\/100|[from] item: Leftovers\n|-ability|p1a: Smeargle|Moody|boost\n|-boost|p1a: Smeargle|def|2\n|-unboost|p1a: Smeargle|spa|1\n|upkeep\n|turn|8\n|\n|t:|1699060909\n|move|p1a: Smeargle|Spore|p2a: Darkrai\n|-status|p2a: Darkrai|slp|[from] move: Spore\n|cant|p2a: Darkrai|slp\n|\n|-heal|p1a: Smeargle|81\/100|[from] item: Leftovers\n|-ability|p1a: Smeargle|Moody|boost\n|-boost|p1a: Smeargle|def|2\n|-unboost|p1a: Smeargle|atk|1\n|upkeep\n|turn|9\n|\n|t:|1699060918\n|move|p1a: Smeargle|Substitute|p1a: Smeargle\n|-start|p1a: Smeargle|Substitute\n|-damage|p1a: Smeargle|56\/100\n|cant|p2a: Darkrai|slp\n|\n|-heal|p1a: Smeargle|62\/100|[from] item: Leftovers\n|-ability|p1a: Smeargle|Moody|boost\n|-boost|p1a: Smeargle|spe|2\n|-unboost|p1a: Smeargle|atk|1\n|upkeep\n|turn|10\n|\n|t:|1699060930\n|move|p1a: Smeargle|Shell Smash|p1a: Smeargle\n|-unboost|p1a: Smeargle|def|1\n|-unboost|p1a: Smeargle|spd|1\n|-boost|p1a: Smeargle|atk|2\n|-boost|p1a: Smeargle|spa|2\n|-boost|p1a: Smeargle|spe|2\n|-curestatus|p2a: Darkrai|slp|[msg]\n|move|p2a: Darkrai|Dark Pulse|p1a: Smeargle\n|-end|p1a: Smeargle|Substitute\n|\n|-heal|p1a: Smeargle|68\/100|[from] item: Leftovers\n|-ability|p1a: Smeargle|Moody|boost\n|-boost|p1a: Smeargle|def|2\n|-unboost|p1a: Smeargle|spe|1\n|upkeep\n|turn|11\n|\n|t:|1699060943\n|move|p1a: Smeargle|Spore|p2a: Darkrai\n|-status|p2a: Darkrai|slp|[from] move: Spore\n|cant|p2a: Darkrai|slp\n|\n|-heal|p1a: Smeargle|74\/100|[from] item: Leftovers\n|-ability|p1a: Smeargle|Moody|boost\n|-boost|p1a: Smeargle|spd|2\n|-unboost|p1a: Smeargle|spe|1\n|upkeep\n|turn|12\n|\n|t:|1699060952\n|move|p1a: Smeargle|Substitute|p1a: Smeargle\n|-start|p1a: Smeargle|Substitute\n|-damage|p1a: Smeargle|50\/100\n|-curestatus|p2a: Darkrai|slp|[msg]\n|move|p2a: Darkrai|Hypnosis||[still]\n|-fail|p2a: Darkrai\n|\n|-heal|p1a: Smeargle|56\/100|[from] item: Leftovers\n|-ability|p1a: Smeargle|Moody|boost\n|-boost|p1a: Smeargle|atk|2\n|-unboost|p1a: Smeargle|def|1\n|upkeep\n|turn|13\n|\n|t:|1699060961\n|move|p1a: Smeargle|Spore|p2a: Darkrai\n|-status|p2a: Darkrai|slp|[from] move: Spore\n|cant|p2a: Darkrai|slp\n|\n|-heal|p1a: Smeargle|62\/100|[from] item: Leftovers\n|-ability|p1a: Smeargle|Moody|boost\n|-boost|p1a: Smeargle|atk|2\n|-unboost|p1a: Smeargle|spa|1\n|upkeep\n|turn|14\n|\n|t:|1699060974\n|move|p1a: Smeargle|Spore|p2a: Darkrai\n|-fail|p2a: Darkrai|slp\n|-curestatus|p2a: Darkrai|slp|[msg]\n|move|p2a: Darkrai|Dark Pulse|p1a: Smeargle\n|-end|p1a: Smeargle|Substitute\n|\n|-heal|p1a: Smeargle|68\/100|[from] item: Leftovers\n|-ability|p1a: Smeargle|Moody|boost\n|-boost|p1a: Smeargle|spe|2\n|-unboost|p1a: Smeargle|atk|1\n|upkeep\n|turn|15\n|\n|t:|1699060986\n|move|p1a: Smeargle|Spore|p2a: Darkrai\n|-status|p2a: Darkrai|slp|[from] move: Spore\n|cant|p2a: Darkrai|slp\n|\n|-heal|p1a: Smeargle|74\/100|[from] item: Leftovers\n|-ability|p1a: Smeargle|Moody|boost\n|-boost|p1a: Smeargle|spa|2\n|-unboost|p1a: Smeargle|def|1\n|upkeep\n|turn|16\n|\n|t:|1699060994\n|move|p1a: Smeargle|Substitute|p1a: Smeargle\n|-start|p1a: Smeargle|Substitute\n|-damage|p1a: Smeargle|49\/100\n|cant|p2a: Darkrai|slp\n|\n|-heal|p1a: Smeargle|55\/100|[from] item: Leftovers\n|-ability|p1a: Smeargle|Moody|boost\n|-boost|p1a: Smeargle|def|2\n|-unboost|p1a: Smeargle|spe|1\n|upkeep\n|turn|17\n|\n|t:|1699061012\n|move|p1a: Smeargle|Shell Smash|p1a: Smeargle\n|-unboost|p1a: Smeargle|def|1\n|-unboost|p1a: Smeargle|spd|1\n|-boost|p1a: Smeargle|atk|2\n|-boost|p1a: Smeargle|spa|2\n|-boost|p1a: Smeargle|spe|2\n|-curestatus|p2a: Darkrai|slp|[msg]\n|move|p2a: Darkrai|Dark Pulse|p1a: Smeargle\n|-end|p1a: Smeargle|Substitute\n|\n|-heal|p1a: Smeargle|61\/100|[from] item: Leftovers\n|-ability|p1a: Smeargle|Moody|boost\n|-boost|p1a: Smeargle|def|1\n|-unboost|p1a: Smeargle|spe|1\n|upkeep\n|turn|18\n|\n|t:|1699061029\n|move|p1a: Smeargle|Spore|p2a: Darkrai\n|-status|p2a: Darkrai|slp|[from] move: Spore\n|cant|p2a: Darkrai|slp\n|\n|-heal|p1a: Smeargle|67\/100|[from] item: Leftovers\n|-ability|p1a: Smeargle|Moody|boost\n|-boost|p1a: Smeargle|spd|2\n|-unboost|p1a: Smeargle|atk|1\n|upkeep\n|turn|19\n|\n|t:|1699061039\n|move|p1a: Smeargle|Substitute|p1a: Smeargle\n|-start|p1a: Smeargle|Substitute\n|-damage|p1a: Smeargle|42\/100\n|cant|p2a: Darkrai|slp\n|\n|-heal|p1a: Smeargle|48\/100|[from] item: Leftovers\n|-ability|p1a: Smeargle|Moody|boost\n|-boost|p1a: Smeargle|spe|1\n|-unboost|p1a: Smeargle|def|1\n|upkeep\n|turn|20\n|\n|t:|1699061048\n|move|p1a: Smeargle|Spore|p2a: Darkrai\n|-fail|p2a: Darkrai|slp\n|cant|p2a: Darkrai|slp\n|\n|-heal|p1a: Smeargle|54\/100|[from] item: Leftovers\n|-ability|p1a: Smeargle|Moody|boost\n|-boost|p1a: Smeargle|atk|2\n|-unboost|p1a: Smeargle|spa|1\n|upkeep\n|turn|21\n|\n|t:|1699061063\n|move|p1a: Smeargle|Spore|p2a: Darkrai\n|-fail|p2a: Darkrai|slp\n|-curestatus|p2a: Darkrai|slp|[msg]\n|move|p2a: Darkrai|Dark Pulse|p1a: Smeargle\n|-end|p1a: Smeargle|Substitute\n|\n|-heal|p1a: Smeargle|60\/100|[from] item: Leftovers\n|-ability|p1a: Smeargle|Moody|boost\n|-boost|p1a: Smeargle|spa|1\n|-unboost|p1a: Smeargle|atk|1\n|upkeep\n|turn|22\n|\n|t:|1699061073\n|move|p1a: Smeargle|Spore|p2a: Darkrai\n|-status|p2a: Darkrai|slp|[from] move: Spore\n|cant|p2a: Darkrai|slp\n|\n|-heal|p1a: Smeargle|66\/100|[from] item: Leftovers\n|-ability|p1a: Smeargle|Moody|boost\n|-boost|p1a: Smeargle|spd|2\n|-unboost|p1a: Smeargle|spa|1\n|upkeep\n|turn|23\n|\n|t:|1699061085\n|move|p1a: Smeargle|Substitute|p1a: Smeargle\n|-start|p1a: Smeargle|Substitute\n|-damage|p1a: Smeargle|42\/100\n|-curestatus|p2a: Darkrai|slp|[msg]\n|move|p2a: Darkrai|Dark Pulse|p1a: Smeargle\n|-activate|p1a: Smeargle|move: Substitute|[damage]\n|\n|-heal|p1a: Smeargle|48\/100|[from] item: Leftovers\n|-ability|p1a: Smeargle|Moody|boost\n|-boost|p1a: Smeargle|def|1\n|-unboost|p1a: Smeargle|spe|1\n|upkeep\n|turn|24\n|\n|t:|1699061124\n|move|p1a: Smeargle|Power Trip|p2a: Darkrai\n|-resisted|p2a: Darkrai\n|-damage|p2a: Darkrai|41\/100\n|move|p2a: Darkrai|Dark Pulse|p1a: Smeargle\n|-end|p1a: Smeargle|Substitute\n|\n|-heal|p1a: Smeargle|54\/100|[from] item: Leftovers\n|-heal|p2a: Darkrai|47\/100|[from] item: Leftovers\n|-ability|p1a: Smeargle|Moody|boost\n|-boost|p1a: Smeargle|spd|1\n|-unboost|p1a: Smeargle|spe|1\n|upkeep\n|turn|25\n|\n|t:|1699061157\n|move|p1a: Smeargle|Spore|p2a: Darkrai\n|-status|p2a: Darkrai|slp|[from] move: Spore\n|cant|p2a: Darkrai|slp\n|\n|-heal|p1a: Smeargle|60\/100|[from] item: Leftovers\n|-heal|p2a: Darkrai|53\/100 slp|[from] item: Leftovers\n|-ability|p1a: Smeargle|Moody|boost\n|-boost|p1a: Smeargle|spa|1\n|-unboost|p1a: Smeargle|def|1\n|upkeep\n|turn|26\n|\n|t:|1699061171\n|move|p1a: Smeargle|Substitute|p1a: Smeargle\n|-start|p1a: Smeargle|Substitute\n|-damage|p1a: Smeargle|35\/100\n|cant|p2a: Darkrai|slp\n|\n|-heal|p1a: Smeargle|41\/100|[from] item: Leftovers\n|-heal|p2a: Darkrai|59\/100 slp|[from] item: Leftovers\n|-ability|p1a: Smeargle|Moody|boost\n|-boost|p1a: Smeargle|def|1\n|-unboost|p1a: Smeargle|spe|1\n|upkeep\n|turn|27\n|\n|t:|1699061181\n|move|p1a: Smeargle|Power Trip|p2a: Darkrai\n|-resisted|p2a: Darkrai\n|-damage|p2a: Darkrai|5\/100 slp\n|-curestatus|p2a: Darkrai|slp|[msg]\n|move|p2a: Darkrai|Dark Pulse|p1a: Smeargle\n|-activate|p1a: Smeargle|move: Substitute|[damage]\n|\n|-heal|p1a: Smeargle|47\/100|[from] item: Leftovers\n|-heal|p2a: Darkrai|11\/100|[from] item: Leftovers\n|-ability|p1a: Smeargle|Moody|boost\n|-boost|p1a: Smeargle|atk|2\n|-unboost|p1a: Smeargle|spe|1\n|upkeep\n|turn|28\n|\n|t:|1699061207\n|move|p1a: Smeargle|Spore|p2a: Darkrai\n|-status|p2a: Darkrai|slp|[from] move: Spore\n|cant|p2a: Darkrai|slp\n|\n|-heal|p1a: Smeargle|53\/100|[from] item: Leftovers\n|-heal|p2a: Darkrai|17\/100 slp|[from] item: Leftovers\n|-ability|p1a: Smeargle|Moody|boost\n|-boost|p1a: Smeargle|spe|2\n|-unboost|p1a: Smeargle|spa|1\n|upkeep\n|turn|29\n|\n|t:|1699061218\n|move|p1a: Smeargle|Power Trip|p2a: Darkrai\n|-resisted|p2a: Darkrai\n|-damage|p2a: Darkrai|0 fnt\n|faint|p2a: Darkrai\n|\n|-heal|p1a: Smeargle|59\/100|[from] item: Leftovers\n|-ability|p1a: Smeargle|Moody|boost\n|-boost|p1a: Smeargle|spe|2\n|-unboost|p1a: Smeargle|atk|1\n|upkeep\n|\n|t:|1699061228\n|switch|p2a: Dragalge|Dragalge, F, shiny|100\/100\n|turn|30\n|\n|t:|1699061232\n|move|p1a: Smeargle|Spore|p2a: Dragalge\n|-status|p2a: Dragalge|slp|[from] move: Spore\n|cant|p2a: Dragalge|slp\n|\n|-heal|p1a: Smeargle|65\/100|[from] item: Leftovers\n|-ability|p1a: Smeargle|Moody|boost\n|-boost|p1a: Smeargle|atk|1\n|-unboost|p1a: Smeargle|spe|1\n|upkeep\n|turn|31\n|\n|t:|1699061256\n|switch|p2a: Dragapult|Dragapult, F, shiny|100\/100\n|move|p1a: Smeargle|Power Trip|p2a: Dragapult\n|-supereffective|p2a: Dragapult\n|-damage|p2a: Dragapult|0 fnt\n|faint|p2a: Dragapult\n|\n|-heal|p1a: Smeargle|71\/100|[from] item: Leftovers\n|-ability|p1a: Smeargle|Moody|boost\n|-boost|p1a: Smeargle|spa|1\n|-unboost|p1a: Smeargle|atk|1\n|upkeep\n|\n|t:|1699061268\n|switch|p2a: Groudon|Groudon|100\/100\n|detailschange|p2a: Groudon|Groudon-Primal\n|-primal|p2a: Groudon|Red Orb\n|-weather|DesolateLand|[from] ability: Desolate Land|[of] p2a: Groudon\n|turn|32\n|\n|t:|1699061275\n|move|p1a: Smeargle|Power Trip|p2a: Groudon\n|-damage|p2a: Groudon|17\/100\n|move|p2a: Groudon|Bulk Up|p2a: Groudon\n|-boost|p2a: Groudon|atk|1\n|-boost|p2a: Groudon|def|1\n|\n|-weather|DesolateLand|[upkeep]\n|-heal|p1a: Smeargle|77\/100|[from] item: Leftovers\n|-ability|p1a: Smeargle|Moody|boost\n|-boost|p1a: Smeargle|atk|1\n|-unboost|p1a: Smeargle|spe|1\n|upkeep\n|turn|33\n|\n|t:|1699061287\n|move|p1a: Smeargle|Power Trip|p2a: Groudon\n|-damage|p2a: Groudon|0 fnt\n|faint|p2a: Groudon\n|-weather|none\n|\n|-heal|p1a: Smeargle|83\/100|[from] item: Leftovers\n|-ability|p1a: Smeargle|Moody|boost\n|-boost|p1a: Smeargle|spe|2\n|-unboost|p1a: Smeargle|spa|1\n|upkeep\n|\n|t:|1699061298\n|switch|p2a: Sinistcha|Sinistcha, shiny|100\/100\n|turn|34\n|\n|t:|1699061301\n|move|p1a: Smeargle|Power Trip|p2a: Sinistcha\n|-supereffective|p2a: Sinistcha\n|-damage|p2a: Sinistcha|0 fnt\n|faint|p2a: Sinistcha\n|\n|-heal|p1a: Smeargle|89\/100|[from] item: Leftovers\n|-ability|p1a: Smeargle|Moody|boost\n|-boost|p1a: Smeargle|spa|1\n|-unboost|p1a: Smeargle|def|1\n|upkeep\n|\n|t:|1699061312\n|switch|p2a: Gliscor|Gliscor, M, shiny|100\/100\n|turn|35\n|\n|t:|1699061317\n|move|p1a: Smeargle|Power Trip|p2a: Gliscor\n|-damage|p2a: Gliscor|0 fnt\n|faint|p2a: Gliscor\n|\n|-heal|p1a: Smeargle|95\/100|[from] item: Leftovers\n|-ability|p1a: Smeargle|Moody|boost\n|-boost|p1a: Smeargle|def|1\n|-unboost|p1a: Smeargle|spe|1\n|upkeep\n|\n|t:|1699061329\n|switch|p2a: Dragalge|Dragalge, F, shiny|100\/100 slp\n|turn|36\n|\n|t:|1699061341\n|move|p1a: Smeargle|Power Trip|p2a: Dragalge\n|-damage|p2a: Dragalge|0 fnt\n|-status|p1a: Smeargle|psn|[from] ability: Poison Point|[of] p2a: Dragalge\n|faint|p2a: Dragalge\n|\n|win|Gimiky\n|raw|Gimiky's rating: 1000 &rarr; <strong>1045<\/strong><br \/>(+45 for winning)\n|raw|drgxrsg4e's rating: 1040 &rarr; <strong>1022<\/strong><br \/>(-18 for losing)\n|l|\u2606drgxrsg4e\n","uploadtime":1699061353,"views":18,"p1id":"gimiky","p2id":"drgxrsg4e","formatid":"gen9nationaldexubers","rating":1022,"private":0,"password":""}