{"id":"gen9nationaldexubers-1991445376","p1":"Uncle_MG","p2":"DrasticGray","format":"[Gen 9] National Dex Ubers","log":"|j|\u2606Uncle_MG\n|j|\u2606DrasticGray\n|t:|1700077714\n|gametype|singles\n|player|p1|Uncle_MG|barry|1189\n|player|p2|DrasticGray|swimmer|1256\n|teamsize|p1|6\n|teamsize|p2|6\n|gen|9\n|tier|[Gen 9] National Dex Ubers\n|rated|\n|rule|HP Percentage Mod: HP is shown in percentages\n|rule|Endless Battle Clause: Forcing endless battles is banned\n|rule|OHKO Clause: OHKO moves are banned\n|rule|Evasion Moves Clause: Evasion moves are banned\n|rule|Evasion Items Clause: Evasion items are banned\n|rule|Species Clause: Limit one of each Pok\u00e9mon\n|rule|Sleep Clause Mod: Limit one foe put to sleep\n|rule|Mega Rayquaza Clause: You cannot mega evolve Rayquaza\n|clearpoke\n|poke|p1|Smeargle, M|\n|poke|p1|Ferrothorn, M|\n|poke|p1|Sableye, M|\n|poke|p1|Clefable, F|\n|poke|p1|Ho-Oh|\n|poke|p1|Quagsire, F|\n|poke|p2|Sableye, F|\n|poke|p2|Shuckle, M|\n|poke|p2|Ferrothorn, F|\n|poke|p2|Toxapex, M|\n|poke|p2|Ho-Oh|\n|poke|p2|Lugia|\n|teampreview\n|c|\u2606Uncle_MG|based team\n|c|\u2606Uncle_MG|gl hf\n|c|\u2606DrasticGray|HE JUST LIKE ME\n|\n|t:|1700077735\n|start\n|switch|p1a: Skrunky|Sableye, M|100\/100\n|switch|p2a: Sableye|Sableye, F|100\/100\n|turn|1\n|c|\u2606DrasticGray|JUST LIKE ME FR\n|\n|t:|1700077741\n|detailschange|p1a: Skrunky|Sableye-Mega, M\n|-mega|p1a: Skrunky|Sableye|Sablenite\n|detailschange|p2a: Sableye|Sableye-Mega, F\n|-mega|p2a: Sableye|Sableye|Sablenite\n|move|p1a: Skrunky|Knock Off|p2a: Sableye\n|-damage|p2a: Sableye|80\/100\n|move|p2a: Sableye|Foul Play|p1a: Skrunky\n|-damage|p1a: Skrunky|75\/100\n|\n|upkeep\n|turn|2\n|c|\u2606Uncle_MG|*spiderman pointing meme*\n|c|\u2606DrasticGray|FRFR\n|\n|t:|1700077756\n|switch|p1a: Skeegy|Clefable, F|100\/100\n|move|p2a: Sableye|Foul Play|p1a: Skeegy\n|-resisted|p1a: Skeegy\n|-damage|p1a: Skeegy|90\/100\n|\n|-heal|p1a: Skeegy|96\/100|[from] item: Leftovers\n|upkeep\n|turn|3\n|\n|t:|1700077769\n|switch|p2a: Ho-Oh|Ho-Oh|100\/100\n|move|p1a: Skeegy|Moonblast|p2a: Ho-Oh\n|-resisted|p2a: Ho-Oh\n|-damage|p2a: Ho-Oh|90\/100\n|\n|-heal|p1a: Skeegy|100\/100|[from] item: Leftovers\n|upkeep\n|turn|4\n|\n|t:|1700077779\n|switch|p1a: Skrunky|Sableye-Mega, M|75\/100\n|move|p2a: Ho-Oh|Sacred Fire|p1a: Skrunky\n|-damage|p1a: Skrunky|29\/100\n|\n|upkeep\n|turn|5\n|\n|t:|1700077786\n|switch|p1a: Soppy|Quagsire, F|100\/100\n|move|p2a: Ho-Oh|Sacred Fire|p1a: Soppy\n|-resisted|p1a: Soppy\n|-damage|p1a: Soppy|81\/100\n|\n|-heal|p1a: Soppy|87\/100|[from] item: Leftovers\n|upkeep\n|turn|6\n|\n|t:|1700077796\n|switch|p2a: Ferrothorn|Ferrothorn, F|100\/100\n|move|p1a: Soppy|Stealth Rock|p2a: Ferrothorn\n|-sidestart|p2: DrasticGray|move: Stealth Rock\n|\n|-heal|p1a: Soppy|94\/100|[from] item: Leftovers\n|upkeep\n|turn|7\n|j| M1keyyy\n|\n|t:|1700077802\n|move|p1a: Soppy|Toxic|p2a: Ferrothorn\n|-immune|p2a: Ferrothorn\n|move|p2a: Ferrothorn|Leech Seed|p1a: Soppy\n|-start|p1a: Soppy|move: Leech Seed\n|\n|-heal|p1a: Soppy|99\/100|[from] item: Leftovers\n|-damage|p1a: Soppy|87\/100|[from] Leech Seed|[of] p2a: Ferrothorn\n|upkeep\n|turn|8\n|\n|t:|1700077818\n|switch|p1a: Spiky|Ferrothorn, M|100\/100\n|move|p2a: Ferrothorn|Spikes|p1a: Spiky\n|-sidestart|p1: Uncle_MG|Spikes\n|\n|upkeep\n|turn|9\n|\n|t:|1700077840\n|move|p1a: Spiky|Spikes|p2a: Ferrothorn\n|-sidestart|p2: DrasticGray|Spikes\n|move|p2a: Ferrothorn|Spikes|p1a: Spiky\n|-sidestart|p1: Uncle_MG|Spikes\n|\n|upkeep\n|turn|10\n|\n|t:|1700077844\n|switch|p2a: Sableye|Sableye-Mega, F|80\/100\n|-damage|p2a: Sableye|68\/100|[from] Stealth Rock\n|-damage|p2a: Sableye|56\/100|[from] Spikes\n|move|p1a: Spiky|Spikes|p2a: Sableye\n|move|p2a: Sableye|Spikes|p1a: Spiky|[from]ability: Magic Bounce\n|-sidestart|p1: Uncle_MG|Spikes\n|\n|upkeep\n|turn|11\n|\n|t:|1700077854\n|move|p2a: Sableye|Will-O-Wisp|p1a: Spiky\n|-status|p1a: Spiky|brn\n|move|p1a: Spiky|Gyro Ball|p2a: Sableye\n|-damage|p2a: Sableye|48\/100\n|\n|-damage|p1a: Spiky|94\/100 brn|[from] brn\n|upkeep\n|turn|12\n|\n|t:|1700077869\n|switch|p1a: Scorchy|Ho-Oh|100\/100\n|move|p2a: Sableye|Recover|p2a: Sableye\n|-heal|p2a: Sableye|99\/100\n|\n|upkeep\n|turn|13\n|\n|t:|1700077876\n|switch|p2a: Lugia|Lugia|100\/100\n|-damage|p2a: Lugia|75\/100|[from] Stealth Rock\n|move|p1a: Scorchy|Brave Bird|p2a: Lugia\n|-damage|p2a: Lugia|48\/100\n|-damage|p1a: Scorchy|91\/100|[from] Recoil\n|\n|-heal|p2a: Lugia|54\/100|[from] item: Leftovers\n|upkeep\n|turn|14\n|\n|t:|1700077885\n|move|p2a: Lugia|Toxic|p1a: Scorchy\n|-status|p1a: Scorchy|tox\n|move|p1a: Scorchy|Toxic|p2a: Lugia\n|-status|p2a: Lugia|tox\n|\n|-heal|p2a: Lugia|61\/100 tox|[from] item: Leftovers\n|-damage|p2a: Lugia|54\/100 tox|[from] psn\n|-damage|p1a: Scorchy|85\/100 tox|[from] psn\n|upkeep\n|turn|15\n|c|\u2606DrasticGray|EXACTLY LIKEME\n|\n|t:|1700077906\n|move|p2a: Lugia|Roost|p2a: Lugia\n|-heal|p2a: Lugia|100\/100 tox\n|-singleturn|p2a: Lugia|move: Roost\n|move|p1a: Scorchy|Brave Bird|p2a: Lugia\n|-damage|p2a: Lugia|87\/100 tox\n|-damage|p1a: Scorchy|81\/100 tox|[from] Recoil\n|\n|-heal|p2a: Lugia|93\/100 tox|[from] item: Leftovers\n|-damage|p2a: Lugia|81\/100 tox|[from] psn\n|-damage|p1a: Scorchy|68\/100 tox|[from] psn\n|upkeep\n|turn|16\n|c|\u2606Uncle_MG|SKJFHKAS this is beautiful\n|\n|t:|1700077919\n|switch|p2a: Ferrothorn|Ferrothorn, F|100\/100\n|-damage|p2a: Ferrothorn|95\/100|[from] Stealth Rock\n|-damage|p2a: Ferrothorn|82\/100|[from] Spikes\n|switch|p1a: Skeegy|Clefable, F|100\/100\n|-damage|p1a: Skeegy|76\/100|[from] Spikes\n|\n|-heal|p1a: Skeegy|82\/100|[from] item: Leftovers\n|upkeep\n|turn|17\n|\n|t:|1700077930\n|-terastallize|p1a: Skeegy|Steel\n|move|p1a: Skeegy|Heal Bell|p1a: Skeegy\n|-activate|p1a: Skeegy|move: Heal Bell\n|-curestatus|p1: Scorchy|tox|[msg]\n|-curestatus|p1: Spiky|brn|[msg]\n|move|p2a: Ferrothorn|Gyro Ball|p1a: Skeegy\n|-resisted|p1a: Skeegy\n|-damage|p1a: Skeegy|64\/100\n|\n|-heal|p1a: Skeegy|71\/100|[from] item: Leftovers\n|upkeep\n|turn|18\n|\n|t:|1700077945\n|switch|p1a: Scorchy|Ho-Oh|100\/100\n|move|p2a: Ferrothorn|Leech Seed|p1a: Scorchy|[miss]\n|-miss|p2a: Ferrothorn|p1a: Scorchy\n|\n|upkeep\n|turn|19\n|\n|t:|1700077951\n|switch|p2a: Toxapex|Toxapex, M|100\/100\n|-damage|p2a: Toxapex|88\/100|[from] Stealth Rock\n|-damage|p2a: Toxapex|76\/100|[from] Spikes\n|move|p1a: Scorchy|Sacred Fire|p2a: Toxapex\n|-resisted|p2a: Toxapex\n|-damage|p2a: Toxapex|63\/100\n|\n|upkeep\n|turn|20\n|\n|t:|1700077961\n|switch|p1a: Soppy|Quagsire, F|87\/100\n|-damage|p1a: Soppy|62\/100|[from] Spikes\n|move|p2a: Toxapex|Recover|p2a: Toxapex\n|-heal|p2a: Toxapex|100\/100\n|\n|-heal|p1a: Soppy|69\/100|[from] item: Leftovers\n|upkeep\n|turn|21\n|\n|t:|1700077970\n|move|p1a: Soppy|Scald|p2a: Toxapex\n|-resisted|p2a: Toxapex\n|-damage|p2a: Toxapex|94\/100\n|move|p2a: Toxapex|Infestation|p1a: Soppy\n|-damage|p1a: Soppy|64\/100\n|-activate|p1a: Soppy|move: Infestation|[of] p2a: Toxapex\n|\n|-heal|p1a: Soppy|71\/100|[from] item: Leftovers\n|-damage|p1a: Soppy|58\/100|[from] move: Infestation|[partiallytrapped]\n|upkeep\n|turn|22\n|\n|t:|1700077986\n|move|p1a: Soppy|Scald|p2a: Toxapex\n|-resisted|p2a: Toxapex\n|-damage|p2a: Toxapex|86\/100\n|move|p2a: Toxapex|Infestation|p1a: Soppy\n|-damage|p1a: Soppy|54\/100\n|\n|-heal|p1a: Soppy|61\/100|[from] item: Leftovers\n|-damage|p1a: Soppy|48\/100|[from] move: Infestation|[partiallytrapped]\n|upkeep\n|turn|23\n|\n|t:|1700078030\n|move|p1a: Soppy|Recover|p1a: Soppy\n|-heal|p1a: Soppy|98\/100\n|move|p2a: Toxapex|Infestation|p1a: Soppy\n|-damage|p1a: Soppy|94\/100\n|\n|-heal|p1a: Soppy|99\/100|[from] item: Leftovers\n|-damage|p1a: Soppy|88\/100|[from] move: Infestation|[partiallytrapped]\n|upkeep\n|turn|24\n|c|\u2606DrasticGray|so true bestie\n|\n|t:|1700078039\n|move|p1a: Soppy|Scald|p2a: Toxapex\n|-resisted|p2a: Toxapex\n|-crit|p2a: Toxapex\n|-damage|p2a: Toxapex|75\/100\n|move|p2a: Toxapex|Infestation|p1a: Soppy\n|-damage|p1a: Soppy|84\/100\n|\n|-heal|p1a: Soppy|90\/100|[from] item: Leftovers\n|-damage|p1a: Soppy|78\/100|[from] move: Infestation|[partiallytrapped]\n|upkeep\n|turn|25\n|\n|t:|1700078051\n|move|p1a: Soppy|Scald|p2a: Toxapex\n|-resisted|p2a: Toxapex\n|-damage|p2a: Toxapex|67\/100\n|move|p2a: Toxapex|Toxic Spikes|p1a: Soppy\n|-sidestart|p1: Uncle_MG|move: Toxic Spikes\n|\n|-heal|p1a: Soppy|84\/100|[from] item: Leftovers\n|-damage|p1a: Soppy|72\/100|[from] move: Infestation|[partiallytrapped]\n|upkeep\n|turn|26\n|c|\u2606Uncle_MG|hey person spectating you might wanna grab a snack and drink\n|\n|t:|1700078071\n|move|p1a: Soppy|Scald|p2a: Toxapex\n|-resisted|p2a: Toxapex\n|-damage|p2a: Toxapex|61\/100\n|-status|p2a: Toxapex|brn\n|move|p2a: Toxapex|Infestation|p1a: Soppy\n|-damage|p1a: Soppy|68\/100\n|\n|-heal|p1a: Soppy|74\/100|[from] item: Leftovers\n|-damage|p2a: Toxapex|55\/100 brn|[from] brn\n|-end|p1a: Soppy|Infestation|[partiallytrapped]\n|upkeep\n|turn|27\n|c|\u2606Uncle_MG|its gonna be a minute\n|c|\u2606DrasticGray|he just got locked\n|c|\u2606DrasticGray|was harassing last game.\n|c|\u2606Uncle_MG|oh fr?\n|c|\u2606DrasticGray|mod just locked in real time\n|c|\u2606DrasticGray|check\n|c|\u2606Uncle_MG|i didn't know that could happen\n|c|\u2606DrasticGray|he was trying to be sexual and weird\n|\n|t:|1700078118\n|move|p1a: Soppy|Scald|p2a: Toxapex\n|-resisted|p2a: Toxapex\n|-damage|p2a: Toxapex|47\/100 brn\n|move|p2a: Toxapex|Recover|p2a: Toxapex\n|-heal|p2a: Toxapex|97\/100 brn\n|\n|-heal|p1a: Soppy|80\/100|[from] item: Leftovers\n|-damage|p2a: Toxapex|91\/100 brn|[from] brn\n|upkeep\n|turn|28\n|c|\u2606Uncle_MG|bro why tf is someone being sexual in pokemon\n|c|\u2606DrasticGray|people dont know how to act\n|\n|t:|1700078154\n|move|p1a: Soppy|Stealth Rock||[still]\n|-fail|p1a: Soppy\n|move|p2a: Toxapex|Infestation|p1a: Soppy\n|-damage|p1a: Soppy|77\/100\n|-activate|p1a: Soppy|move: Infestation|[of] p2a: Toxapex\n|\n|-heal|p1a: Soppy|83\/100|[from] item: Leftovers\n|-damage|p2a: Toxapex|85\/100 brn|[from] brn\n|-damage|p1a: Soppy|71\/100|[from] move: Infestation|[partiallytrapped]\n|upkeep\n|turn|29\n|c|\u2606DrasticGray|but a stallchad such as yourself has better manners\n|\n|t:|1700078172\n|move|p1a: Soppy|Toxic|p2a: Toxapex|[miss]\n|-miss|p1a: Soppy|p2a: Toxapex\n|move|p2a: Toxapex|Toxic Spikes|p1a: Soppy\n|-sidestart|p1: Uncle_MG|move: Toxic Spikes\n|\n|-heal|p1a: Soppy|77\/100|[from] item: Leftovers\n|-damage|p2a: Toxapex|79\/100 brn|[from] brn\n|-damage|p1a: Soppy|65\/100|[from] move: Infestation|[partiallytrapped]\n|upkeep\n|turn|30\n|\n|t:|1700078184\n|move|p1a: Soppy|Stealth Rock||[still]\n|-fail|p1a: Soppy\n|move|p2a: Toxapex|Infestation|p1a: Soppy\n|-damage|p1a: Soppy|61\/100\n|\n|-heal|p1a: Soppy|67\/100|[from] item: Leftovers\n|-damage|p2a: Toxapex|73\/100 brn|[from] brn\n|-damage|p1a: Soppy|55\/100|[from] move: Infestation|[partiallytrapped]\n|upkeep\n|turn|31\n|c|\u2606Uncle_MG|stallchad... ill have to remember that one\n|\n|t:|1700078196\n|switch|p2a: Ferrothorn|Ferrothorn, F|82\/100\n|-damage|p2a: Ferrothorn|76\/100|[from] Stealth Rock\n|-damage|p2a: Ferrothorn|64\/100|[from] Spikes\n|move|p1a: Soppy|Stealth Rock||[still]\n|-fail|p1a: Soppy\n|\n|-heal|p1a: Soppy|61\/100|[from] item: Leftovers\n|-end|p1a: Soppy|Infestation|[partiallytrapped]|[silent]\n|upkeep\n|turn|32\n|\n|t:|1700078205\n|move|p1a: Soppy|Recover|p1a: Soppy\n|-heal|p1a: Soppy|100\/100\n|move|p2a: Ferrothorn|Leech Seed|p1a: Soppy\n|-start|p1a: Soppy|move: Leech Seed\n|\n|-damage|p1a: Soppy|88\/100|[from] Leech Seed|[of] p2a: Ferrothorn\n|-heal|p2a: Ferrothorn|78\/100|[silent]\n|upkeep\n|turn|33\n|\n|t:|1700078214\n|switch|p1a: Scorchy|Ho-Oh|100\/100\n|move|p2a: Ferrothorn|Gyro Ball|p1a: Scorchy\n|-resisted|p1a: Scorchy\n|-damage|p1a: Scorchy|82\/100\n|\n|upkeep\n|turn|34\n|\n|t:|1700078227\n|switch|p2a: Toxapex|Toxapex, M|100\/100 brn\n|-damage|p2a: Toxapex|88\/100 brn|[from] Stealth Rock\n|-damage|p2a: Toxapex|76\/100 brn|[from] Spikes\n|move|p1a: Scorchy|Toxic||[still]\n|-fail|p1a: Scorchy\n|\n|-damage|p2a: Toxapex|70\/100 brn|[from] brn\n|upkeep\n|turn|35\n|\n|t:|1700078237\n|move|p1a: Scorchy|Brave Bird|p2a: Toxapex\n|-damage|p2a: Toxapex|38\/100 brn\n|-damage|p1a: Scorchy|65\/100|[from] item: Rocky Helmet|[of] p2a: Toxapex\n|-damage|p1a: Scorchy|57\/100|[from] Recoil\n|move|p2a: Toxapex|Infestation|p1a: Scorchy\n|-resisted|p1a: Scorchy\n|-damage|p1a: Scorchy|57\/100\n|-activate|p1a: Scorchy|move: Infestation|[of] p2a: Toxapex\n|\n|-damage|p2a: Toxapex|33\/100 brn|[from] brn\n|-damage|p1a: Scorchy|45\/100|[from] move: Infestation|[partiallytrapped]\n|upkeep\n|turn|36\n|\n|t:|1700078249\n|move|p1a: Scorchy|Brave Bird|p2a: Toxapex\n|-damage|p2a: Toxapex|0 fnt\n|-damage|p1a: Scorchy|28\/100|[from] item: Rocky Helmet|[of] p2a: Toxapex\n|faint|p2a: Toxapex\n|-damage|p1a: Scorchy|20\/100|[from] Recoil\n|\n|-end|p1a: Scorchy|Infestation|[partiallytrapped]|[silent]\n|upkeep\n|\n|t:|1700078259\n|switch|p2a: Ferrothorn|Ferrothorn, F|78\/100\n|-damage|p2a: Ferrothorn|72\/100|[from] Stealth Rock\n|-damage|p2a: Ferrothorn|59\/100|[from] Spikes\n|turn|37\n|c|\u2606Uncle_MG|i just wanted to make a sableye team to play with my nephew but the stall life chose me\n|\n|t:|1700078269\n|move|p2a: Ferrothorn|Protect|p2a: Ferrothorn\n|-singleturn|p2a: Ferrothorn|Protect\n|move|p1a: Scorchy|Recover|p1a: Scorchy\n|-heal|p1a: Scorchy|70\/100\n|\n|upkeep\n|turn|38\n|\n|t:|1700078278\n|switch|p2a: Ho-Oh|Ho-Oh|100\/100\n|move|p1a: Scorchy|Sacred Fire|p2a: Ho-Oh\n|-resisted|p2a: Ho-Oh\n|-damage|p2a: Ho-Oh|84\/100\n|\n|upkeep\n|turn|39\n|\n|t:|1700078287\n|move|p2a: Ho-Oh|Defog|p1a: Scorchy\n|-unboost|p1a: Scorchy|evasion|1\n|-sideend|p1: Uncle_MG|Spikes|[from] move: Defog|[of] p2a: Ho-Oh\n|-sideend|p1: Uncle_MG|Toxic Spikes|[from] move: Defog|[of] p2a: Ho-Oh\n|-sideend|p2: DrasticGray|Spikes|[from] move: Defog|[of] p2a: Ho-Oh\n|-sideend|p2: DrasticGray|Stealth Rock|[from] move: Defog|[of] p2a: Ho-Oh\n|move|p1a: Scorchy|Toxic|p2a: Ho-Oh\n|-status|p2a: Ho-Oh|tox\n|\n|-damage|p2a: Ho-Oh|78\/100 tox|[from] psn\n|upkeep\n|turn|40\n|c|\u2606DrasticGray|btw i cant clear toxics\n|c|\u2606DrasticGray|so you eventually win this gg\n|\n|t:|1700078304\n|switch|p1a: Skrunky|Sableye-Mega, M|29\/100\n|move|p2a: Ho-Oh|Sacred Fire|p1a: Skrunky\n|-damage|p1a: Skrunky|0 fnt\n|faint|p1a: Skrunky\n|\n|-damage|p2a: Ho-Oh|66\/100 tox|[from] psn\n|upkeep\n|c|\u2606Uncle_MG|we dont know that yet lol\n|\n|t:|1700078316\n|switch|p1a: Soppy|Quagsire, F|88\/100\n|turn|41\n|\n|t:|1700078321\n|move|p2a: Ho-Oh|Sacred Fire|p1a: Soppy\n|-resisted|p1a: Soppy\n|-crit|p1a: Soppy\n|-damage|p1a: Soppy|59\/100\n|-status|p1a: Soppy|brn\n|move|p1a: Soppy|Scald|p2a: Ho-Oh\n|-supereffective|p2a: Ho-Oh\n|-damage|p2a: Ho-Oh|43\/100 tox\n|\n|-heal|p1a: Soppy|65\/100 brn|[from] item: Leftovers\n|-damage|p2a: Ho-Oh|25\/100 tox|[from] psn\n|-damage|p1a: Soppy|59\/100 brn|[from] brn\n|upkeep\n|turn|42\n|c|\u2606DrasticGray|big crits\n|c|\u2606Uncle_MG|you might just kill me first\n|\n|t:|1700078337\n|switch|p2a: Ferrothorn|Ferrothorn, F|59\/100\n|move|p1a: Soppy|Recover|p1a: Soppy\n|-heal|p1a: Soppy|100\/100 brn\n|\n|-damage|p1a: Soppy|94\/100 brn|[from] brn\n|upkeep\n|turn|43\n|\n|t:|1700078344\n|switch|p2a: Sableye|Sableye-Mega, F|99\/100\n|move|p1a: Soppy|Stealth Rock|p2a: Sableye\n|move|p2a: Sableye|Stealth Rock|p1a: Soppy|[from]ability: Magic Bounce\n|-sidestart|p1: Uncle_MG|move: Stealth Rock\n|\n|-heal|p1a: Soppy|100\/100 brn|[from] item: Leftovers\n|-damage|p1a: Soppy|94\/100 brn|[from] brn\n|upkeep\n|turn|44\n|c|\u2606Uncle_MG|ooh 4d chess move\n|c|\u2606Uncle_MG|nice\n|\n|t:|1700078363\n|switch|p1a: Spiky|Ferrothorn, M|94\/100\n|-damage|p1a: Spiky|88\/100|[from] Stealth Rock\n|move|p2a: Sableye|Fake Out|p1a: Spiky\n|-resisted|p1a: Spiky\n|-damage|p1a: Spiky|85\/100\n|-damage|p2a: Sableye|86\/100|[from] ability: Iron Barbs|[of] p1a: Spiky\n|\n|-heal|p1a: Spiky|92\/100|[from] item: Leftovers\n|upkeep\n|turn|45\n|c|\u2606DrasticGray|yea pivoting around is how you get em\n|\n|t:|1700078372\n|move|p2a: Sableye|Will-O-Wisp|p1a: Spiky\n|-status|p1a: Spiky|brn\n|move|p1a: Spiky|Gyro Ball|p2a: Sableye\n|-damage|p2a: Sableye|79\/100\n|\n|-heal|p1a: Spiky|98\/100 brn|[from] item: Leftovers\n|-damage|p1a: Spiky|92\/100 brn|[from] brn\n|upkeep\n|turn|46\n|\n|t:|1700078388\n|switch|p2a: Shuckle|Shuckle, M|100\/100\n|switch|p1a: Skeegy|Clefable, F, tera:Steel|71\/100\n|-damage|p1a: Skeegy|64\/100|[from] Stealth Rock\n|\n|-heal|p1a: Skeegy|71\/100|[from] item: Leftovers\n|upkeep\n|turn|47\n|\n|t:|1700078397\n|move|p1a: Skeegy|Heal Bell|p1a: Skeegy\n|-activate|p1a: Skeegy|move: Heal Bell\n|-curestatus|p1: Spiky|brn|[msg]\n|-curestatus|p1: Soppy|brn|[msg]\n|move|p2a: Shuckle|Infestation|p1a: Skeegy\n|-resisted|p1a: Skeegy\n|-crit|p1a: Skeegy\n|-damage|p1a: Skeegy|70\/100\n|-activate|p1a: Skeegy|move: Infestation|[of] p2a: Shuckle\n|\n|-heal|p1a: Skeegy|76\/100|[from] item: Leftovers\n|-damage|p1a: Skeegy|63\/100|[from] move: Infestation|[partiallytrapped]\n|upkeep\n|turn|48\n|\n|t:|1700078408\n|move|p1a: Skeegy|Moonblast|p2a: Shuckle\n|-damage|p2a: Shuckle|81\/100\n|move|p2a: Shuckle|Shell Smash|p2a: Shuckle\n|-boost|p2a: Shuckle|def|1\n|-boost|p2a: Shuckle|spd|1\n|-unboost|p2a: Shuckle|atk|2\n|-unboost|p2a: Shuckle|spa|2\n|-unboost|p2a: Shuckle|spe|2\n|\n|-heal|p1a: Skeegy|69\/100|[from] item: Leftovers\n|-heal|p2a: Shuckle|87\/100|[from] item: Leftovers\n|-damage|p1a: Skeegy|57\/100|[from] move: Infestation|[partiallytrapped]\n|upkeep\n|turn|49\n|\n|t:|1700078421\n|move|p1a: Skeegy|Moonblast|p2a: Shuckle\n|-damage|p2a: Shuckle|65\/100\n|move|p2a: Shuckle|Shell Smash|p2a: Shuckle\n|-boost|p2a: Shuckle|def|1\n|-boost|p2a: Shuckle|spd|1\n|-unboost|p2a: Shuckle|atk|2\n|-unboost|p2a: Shuckle|spa|2\n|-unboost|p2a: Shuckle|spe|2\n|\n|-heal|p1a: Skeegy|63\/100|[from] item: Leftovers\n|-heal|p2a: Shuckle|71\/100|[from] item: Leftovers\n|-damage|p1a: Skeegy|50\/100|[from] move: Infestation|[partiallytrapped]\n|upkeep\n|turn|50\n|c|\u2606DrasticGray|quagsire to the rescue soon\n|\n|t:|1700078436\n|move|p1a: Skeegy|Wish|p1a: Skeegy\n|move|p2a: Shuckle|Toxic|p1a: Skeegy\n|-immune|p1a: Skeegy\n|\n|-heal|p1a: Skeegy|57\/100|[from] item: Leftovers\n|-heal|p2a: Shuckle|77\/100|[from] item: Leftovers\n|-damage|p1a: Skeegy|44\/100|[from] move: Infestation|[partiallytrapped]\n|upkeep\n|turn|51\n|\n|t:|1700078445\n|move|p1a: Skeegy|Moonblast|p2a: Shuckle\n|-damage|p2a: Shuckle|55\/100\n|move|p2a: Shuckle|Shell Smash|p2a: Shuckle\n|-boost|p2a: Shuckle|def|1\n|-boost|p2a: Shuckle|spd|1\n|-unboost|p2a: Shuckle|atk|2\n|-unboost|p2a: Shuckle|spa|2\n|-unboost|p2a: Shuckle|spe|2\n|\n|-heal|p1a: Skeegy|94\/100|[from] move: Wish|[wisher] Skeegy\n|-heal|p1a: Skeegy|99\/100|[from] item: Leftovers\n|-heal|p2a: Shuckle|61\/100|[from] item: Leftovers\n|-damage|p1a: Skeegy|88\/100|[from] move: Infestation|[partiallytrapped]\n|upkeep\n|turn|52\n|c|\u2606Uncle_MG|we'll see we'll see\n|\n|t:|1700078458\n|move|p1a: Skeegy|Moonblast|p2a: Shuckle\n|-damage|p2a: Shuckle|41\/100\n|-boost|p2a: Shuckle|spa|1\n|move|p2a: Shuckle|Shell Smash|p2a: Shuckle\n|-boost|p2a: Shuckle|def|1\n|-boost|p2a: Shuckle|spd|1\n|-unboost|p2a: Shuckle|atk|0\n|-unboost|p2a: Shuckle|spa|1\n|-unboost|p2a: Shuckle|spe|0\n|\n|-heal|p1a: Skeegy|94\/100|[from] item: Leftovers\n|-heal|p2a: Shuckle|47\/100|[from] item: Leftovers\n|-end|p1a: Skeegy|Infestation|[partiallytrapped]\n|upkeep\n|turn|53\n|\n|t:|1700078478\n|move|p1a: Skeegy|Moonblast|p2a: Shuckle\n|-damage|p2a: Shuckle|25\/100\n|move|p2a: Shuckle|Shell Smash|p2a: Shuckle\n|-boost|p2a: Shuckle|def|1\n|-boost|p2a: Shuckle|spd|1\n|-unboost|p2a: Shuckle|atk|0\n|-unboost|p2a: Shuckle|spa|0\n|-unboost|p2a: Shuckle|spe|0\n|\n|-heal|p1a: Skeegy|99\/100|[from] item: Leftovers\n|-heal|p2a: Shuckle|31\/100|[from] item: Leftovers\n|upkeep\n|turn|54\n|\n|t:|1700078489\n|move|p1a: Skeegy|Moonblast|p2a: Shuckle\n|-damage|p2a: Shuckle|9\/100\n|-boost|p2a: Shuckle|spa|1\n|move|p2a: Shuckle|Infestation|p1a: Skeegy\n|-resisted|p1a: Skeegy\n|-damage|p1a: Skeegy|99\/100\n|-activate|p1a: Skeegy|move: Infestation|[of] p2a: Shuckle\n|\n|-heal|p1a: Skeegy|100\/100|[from] item: Leftovers\n|-heal|p2a: Shuckle|15\/100|[from] item: Leftovers\n|-damage|p1a: Skeegy|88\/100|[from] move: Infestation|[partiallytrapped]\n|upkeep\n|turn|55\n|\n|t:|1700078500\n|move|p1a: Skeegy|Moonblast|p2a: Shuckle\n|-damage|p2a: Shuckle|0 fnt\n|faint|p2a: Shuckle\n|\n|-heal|p1a: Skeegy|94\/100|[from] item: Leftovers\n|-end|p1a: Skeegy|Infestation|[partiallytrapped]|[silent]\n|upkeep\n|\n|t:|1700078507\n|switch|p2a: Ho-Oh|Ho-Oh|58\/100 tox\n|turn|56\n|\n|t:|1700078524\n|switch|p1a: Sketchy|Smeargle, M|100\/100\n|-damage|p1a: Sketchy|88\/100|[from] Stealth Rock\n|move|p2a: Ho-Oh|Sacred Fire|p1a: Sketchy\n|-damage|p1a: Sketchy|0 fnt\n|faint|p1a: Sketchy\n|\n|-damage|p2a: Ho-Oh|52\/100 tox|[from] psn\n|upkeep\n|\n|t:|1700078535\n|switch|p1a: Spiky|Ferrothorn, M|92\/100\n|-damage|p1a: Spiky|85\/100|[from] Stealth Rock\n|turn|57\n|\n|t:|1700078540\n|move|p1a: Spiky|Protect|p1a: Spiky\n|-singleturn|p1a: Spiky|Protect\n|move|p2a: Ho-Oh|Sacred Fire|p1a: Spiky\n|-activate|p1a: Spiky|move: Protect\n|\n|-heal|p1a: Spiky|92\/100|[from] item: Leftovers\n|-damage|p2a: Ho-Oh|39\/100 tox|[from] psn\n|upkeep\n|turn|58\n|\n|t:|1700078549\n|switch|p1a: Soppy|Quagsire, F|94\/100\n|-damage|p1a: Soppy|88\/100|[from] Stealth Rock\n|move|p2a: Ho-Oh|Sacred Fire|p1a: Soppy\n|-resisted|p1a: Soppy\n|-damage|p1a: Soppy|67\/100\n|\n|-heal|p1a: Soppy|73\/100|[from] item: Leftovers\n|-damage|p2a: Ho-Oh|21\/100 tox|[from] psn\n|upkeep\n|turn|59\n|\n|t:|1700078560\n|switch|p2a: Sableye|Sableye-Mega, F|79\/100\n|move|p1a: Soppy|Stealth Rock|p2a: Sableye\n|move|p2a: Sableye|Stealth Rock||[from]ability: Magic Bounce|[still]\n|-fail|p2a: Sableye\n|\n|-heal|p1a: Soppy|79\/100|[from] item: Leftovers\n|upkeep\n|turn|60\n|\n|t:|1700078569\n|move|p2a: Sableye|Fake Out|p1a: Soppy\n|-damage|p1a: Soppy|72\/100\n|cant|p1a: Soppy|flinch\n|\n|-heal|p1a: Soppy|79\/100|[from] item: Leftovers\n|upkeep\n|turn|61\n|\n|t:|1700078580\n|move|p1a: Soppy|Scald|p2a: Sableye\n|-damage|p2a: Sableye|65\/100\n|move|p2a: Sableye|Will-O-Wisp|p1a: Soppy\n|-status|p1a: Soppy|brn\n|\n|-heal|p1a: Soppy|85\/100 brn|[from] item: Leftovers\n|-damage|p1a: Soppy|79\/100 brn|[from] brn\n|upkeep\n|turn|62\n|\n|t:|1700078589\n|move|p1a: Soppy|Scald|p2a: Sableye\n|-damage|p2a: Sableye|53\/100\n|-status|p2a: Sableye|brn\n|move|p2a: Sableye|Foul Play|p1a: Soppy\n|-damage|p1a: Soppy|68\/100 brn\n|\n|-heal|p1a: Soppy|74\/100 brn|[from] item: Leftovers\n|-damage|p1a: Soppy|68\/100 brn|[from] brn\n|-damage|p2a: Sableye|47\/100 brn|[from] brn\n|upkeep\n|turn|63\n|\n|t:|1700078600\n|switch|p1a: Spiky|Ferrothorn, M|92\/100\n|-damage|p1a: Spiky|85\/100|[from] Stealth Rock\n|switch|p2a: Lugia|Lugia|81\/100 tox\n|\n|-heal|p2a: Lugia|87\/100 tox|[from] item: Leftovers\n|-heal|p1a: Spiky|92\/100|[from] item: Leftovers\n|-damage|p2a: Lugia|81\/100 tox|[from] psn\n|upkeep\n|turn|64\n|\n|t:|1700078612\n|switch|p2a: Sableye|Sableye-Mega, F|47\/100 brn\n|move|p1a: Spiky|Gyro Ball|p2a: Sableye\n|-crit|p2a: Sableye\n|-damage|p2a: Sableye|26\/100 brn\n|\n|-heal|p1a: Spiky|98\/100|[from] item: Leftovers\n|-damage|p2a: Sableye|20\/100 brn|[from] brn\n|upkeep\n|turn|65\n|\n|t:|1700078620\n|move|p2a: Sableye|Recover|p2a: Sableye\n|-heal|p2a: Sableye|70\/100 brn\n|move|p1a: Spiky|Gyro Ball|p2a: Sableye\n|-damage|p2a: Sableye|56\/100 brn\n|\n|-heal|p1a: Spiky|100\/100|[from] item: Leftovers\n|-damage|p2a: Sableye|50\/100 brn|[from] brn\n|upkeep\n|turn|66\n|\n|t:|1700078634\n|switch|p1a: Skeegy|Clefable, F, tera:Steel|94\/100\n|-damage|p1a: Skeegy|88\/100|[from] Stealth Rock\n|move|p2a: Sableye|Will-O-Wisp|p1a: Skeegy\n|-status|p1a: Skeegy|brn\n|\n|-heal|p1a: Skeegy|94\/100 brn|[from] item: Leftovers\n|-damage|p1a: Skeegy|88\/100 brn|[from] brn\n|-damage|p2a: Sableye|44\/100 brn|[from] brn\n|upkeep\n|turn|67\n|\n|t:|1700078647\n|switch|p2a: Ho-Oh|Ho-Oh|54\/100 tox\n|move|p1a: Skeegy|Moonblast|p2a: Ho-Oh\n|-resisted|p2a: Ho-Oh\n|-damage|p2a: Ho-Oh|43\/100 tox\n|\n|-heal|p1a: Skeegy|94\/100 brn|[from] item: Leftovers\n|-damage|p2a: Ho-Oh|37\/100 tox|[from] psn\n|-damage|p1a: Skeegy|88\/100 brn|[from] brn\n|upkeep\n|turn|68\n|\n|t:|1700078657\n|switch|p2a: Lugia|Lugia|81\/100 tox\n|move|p1a: Skeegy|Protect||[still]\n|-fail|p1a: Skeegy\n|\n|-heal|p2a: Lugia|87\/100 tox|[from] item: Leftovers\n|-heal|p1a: Skeegy|94\/100 brn|[from] item: Leftovers\n|-damage|p2a: Lugia|81\/100 tox|[from] psn\n|-damage|p1a: Skeegy|88\/100 brn|[from] brn\n|upkeep\n|turn|69\n|\n|t:|1700078669\n|switch|p2a: Ferrothorn|Ferrothorn, F|59\/100\n|move|p1a: Skeegy|Moonblast|p2a: Ferrothorn\n|-resisted|p2a: Ferrothorn\n|-damage|p2a: Ferrothorn|46\/100\n|-unboost|p2a: Ferrothorn|spa|1\n|\n|-heal|p1a: Skeegy|94\/100 brn|[from] item: Leftovers\n|-damage|p1a: Skeegy|88\/100 brn|[from] brn\n|upkeep\n|turn|70\n|\n|t:|1700078681\n|move|p1a: Skeegy|Heal Bell|p1a: Skeegy\n|-activate|p1a: Skeegy|move: Heal Bell\n|-curestatus|p1a: Skeegy|brn|[msg]\n|-curestatus|p1: Soppy|brn|[msg]\n|move|p2a: Ferrothorn|Leech Seed|p1a: Skeegy\n|-start|p1a: Skeegy|move: Leech Seed\n|\n|-heal|p1a: Skeegy|94\/100|[from] item: Leftovers\n|-damage|p1a: Skeegy|82\/100|[from] Leech Seed|[of] p2a: Ferrothorn\n|-heal|p2a: Ferrothorn|59\/100|[silent]\n|upkeep\n|turn|71\n|\n|t:|1700078691\n|switch|p1a: Soppy|Quagsire, F|68\/100\n|-damage|p1a: Soppy|62\/100|[from] Stealth Rock\n|move|p2a: Ferrothorn|Gyro Ball|p1a: Soppy\n|-resisted|p1a: Soppy\n|-damage|p1a: Soppy|51\/100\n|\n|-heal|p1a: Soppy|57\/100|[from] item: Leftovers\n|upkeep\n|turn|72\n|\n|t:|1700078703\n|switch|p2a: Sableye|Sableye-Mega, F|44\/100 brn\n|move|p1a: Soppy|Scald|p2a: Sableye\n|-damage|p2a: Sableye|32\/100 brn\n|\n|-heal|p1a: Soppy|64\/100|[from] item: Leftovers\n|-damage|p2a: Sableye|26\/100 brn|[from] brn\n|upkeep\n|turn|73\n|\n|t:|1700078712\n|move|p1a: Soppy|Scald|p2a: Sableye\n|-damage|p2a: Sableye|13\/100 brn\n|move|p2a: Sableye|Recover|p2a: Sableye\n|-heal|p2a: Sableye|64\/100 brn\n|\n|-heal|p1a: Soppy|70\/100|[from] item: Leftovers\n|-damage|p2a: Sableye|58\/100 brn|[from] brn\n|upkeep\n|turn|74\n|\n|t:|1700078724\n|switch|p1a: Scorchy|Ho-Oh|100\/100\n|move|p2a: Sableye|Will-O-Wisp|p1a: Scorchy|[miss]\n|-miss|p2a: Sableye|p1a: Scorchy\n|\n|-damage|p2a: Sableye|52\/100 brn|[from] brn\n|upkeep\n|turn|75\n|\n|t:|1700078736\n|switch|p2a: Ho-Oh|Ho-Oh|70\/100 tox\n|move|p1a: Scorchy|Brave Bird|p2a: Ho-Oh\n|-damage|p2a: Ho-Oh|31\/100 tox\n|-damage|p1a: Scorchy|89\/100|[from] Recoil\n|\n|-damage|p2a: Ho-Oh|25\/100 tox|[from] psn\n|upkeep\n|turn|76\n|\n|t:|1700078752\n|switch|p2a: Lugia|Lugia|81\/100 tox\n|move|p1a: Scorchy|Brave Bird|p2a: Lugia\n|-damage|p2a: Lugia|57\/100 tox\n|-damage|p1a: Scorchy|82\/100|[from] Recoil\n|\n|-heal|p2a: Lugia|63\/100 tox|[from] item: Leftovers\n|-damage|p2a: Lugia|57\/100 tox|[from] psn\n|upkeep\n|turn|77\n|\n|t:|1700078762\n|switch|p2a: Ho-Oh|Ho-Oh|58\/100 tox\n|move|p1a: Scorchy|Sacred Fire|p2a: Ho-Oh\n|-resisted|p2a: Ho-Oh\n|-damage|p2a: Ho-Oh|42\/100 tox\n|\n|-damage|p2a: Ho-Oh|36\/100 tox|[from] psn\n|upkeep\n|turn|78\n|\n|t:|1700078774\n|switch|p2a: Ferrothorn|Ferrothorn, F|59\/100\n|move|p1a: Scorchy|Brave Bird|p2a: Ferrothorn\n|-damage|p2a: Ferrothorn|29\/100\n|-damage|p1a: Scorchy|69\/100|[from] ability: Iron Barbs|[of] p2a: Ferrothorn\n|-damage|p1a: Scorchy|53\/100|[from] item: Rocky Helmet|[of] p2a: Ferrothorn\n|-damage|p1a: Scorchy|44\/100|[from] Recoil\n|\n|upkeep\n|turn|79\n|\n|t:|1700078784\n|switch|p1a: Spiky|Ferrothorn, M|100\/100\n|-damage|p1a: Spiky|94\/100|[from] Stealth Rock\n|move|p2a: Ferrothorn|Protect||[still]\n|-fail|p2a: Ferrothorn\n|\n|-heal|p1a: Spiky|100\/100|[from] item: Leftovers\n|upkeep\n|turn|80\n|\n|t:|1700078792\n|switch|p2a: Sableye|Sableye-Mega, F|52\/100 brn\n|move|p1a: Spiky|Gyro Ball|p2a: Sableye\n|-damage|p2a: Sableye|37\/100 brn\n|\n|-damage|p2a: Sableye|31\/100 brn|[from] brn\n|upkeep\n|turn|81\n|\n|t:|1700078801\n|move|p2a: Sableye|Recover|p2a: Sableye\n|-heal|p2a: Sableye|81\/100 brn\n|move|p1a: Spiky|Gyro Ball|p2a: Sableye\n|-damage|p2a: Sableye|66\/100 brn\n|\n|-damage|p2a: Sableye|60\/100 brn|[from] brn\n|upkeep\n|turn|82\n|\n|t:|1700078809\n|switch|p1a: Skeegy|Clefable, F, tera:Steel|82\/100\n|-damage|p1a: Skeegy|76\/100|[from] Stealth Rock\n|move|p2a: Sableye|Will-O-Wisp|p1a: Skeegy\n|-status|p1a: Skeegy|brn\n|\n|-heal|p1a: Skeegy|82\/100 brn|[from] item: Leftovers\n|-damage|p1a: Skeegy|76\/100 brn|[from] brn\n|-damage|p2a: Sableye|54\/100 brn|[from] brn\n|upkeep\n|turn|83\n|\n|t:|1700078821\n|move|p1a: Skeegy|Moonblast|p2a: Sableye\n|-supereffective|p2a: Sableye\n|-damage|p2a: Sableye|4\/100 brn\n|move|p2a: Sableye|Recover|p2a: Sableye\n|-heal|p2a: Sableye|55\/100 brn\n|\n|-heal|p1a: Skeegy|82\/100 brn|[from] item: Leftovers\n|-damage|p1a: Skeegy|76\/100 brn|[from] brn\n|-damage|p2a: Sableye|49\/100 brn|[from] brn\n|upkeep\n|turn|84\n|\n|t:|1700078830\n|switch|p2a: Ferrothorn|Ferrothorn, F|29\/100\n|move|p1a: Skeegy|Moonblast|p2a: Ferrothorn\n|-resisted|p2a: Ferrothorn\n|-damage|p2a: Ferrothorn|14\/100\n|-unboost|p2a: Ferrothorn|spa|1\n|\n|-heal|p1a: Skeegy|82\/100 brn|[from] item: Leftovers\n|-damage|p1a: Skeegy|76\/100 brn|[from] brn\n|upkeep\n|turn|85\n|\n|t:|1700078841\n|move|p2a: Ferrothorn|Protect|p2a: Ferrothorn\n|-singleturn|p2a: Ferrothorn|Protect\n|move|p1a: Skeegy|Moonblast|p2a: Ferrothorn\n|-activate|p2a: Ferrothorn|move: Protect\n|\n|-heal|p1a: Skeegy|82\/100 brn|[from] item: Leftovers\n|-damage|p1a: Skeegy|76\/100 brn|[from] brn\n|upkeep\n|turn|86\n|\n|t:|1700078849\n|move|p1a: Skeegy|Heal Bell|p1a: Skeegy\n|-activate|p1a: Skeegy|move: Heal Bell\n|-curestatus|p1a: Skeegy|brn|[msg]\n|move|p2a: Ferrothorn|Leech Seed|p1a: Skeegy\n|-start|p1a: Skeegy|move: Leech Seed\n|\n|-heal|p1a: Skeegy|82\/100|[from] item: Leftovers\n|-damage|p1a: Skeegy|69\/100|[from] Leech Seed|[of] p2a: Ferrothorn\n|-heal|p2a: Ferrothorn|28\/100|[silent]\n|upkeep\n|turn|87\n|\n|t:|1700078859\n|switch|p1a: Spiky|Ferrothorn, M|100\/100\n|-damage|p1a: Spiky|94\/100|[from] Stealth Rock\n|move|p2a: Ferrothorn|Gyro Ball|p1a: Spiky\n|-resisted|p1a: Spiky\n|-damage|p1a: Spiky|92\/100\n|-damage|p2a: Ferrothorn|16\/100|[from] ability: Iron Barbs|[of] p1a: Spiky\n|\n|-heal|p1a: Spiky|98\/100|[from] item: Leftovers\n|upkeep\n|turn|88\n|\n|t:|1700078871\n|move|p1a: Spiky|Spikes|p2a: Ferrothorn\n|-sidestart|p2: DrasticGray|Spikes\n|move|p2a: Ferrothorn|Spikes|p1a: Spiky\n|-sidestart|p1: Uncle_MG|Spikes\n|\n|-heal|p1a: Spiky|100\/100|[from] item: Leftovers\n|upkeep\n|turn|89\n|\n|t:|1700078880\n|switch|p1a: Skeegy|Clefable, F, tera:Steel|69\/100\n|-damage|p1a: Skeegy|63\/100|[from] Stealth Rock\n|-damage|p1a: Skeegy|51\/100|[from] Spikes\n|switch|p2a: Ho-Oh|Ho-Oh|69\/100 tox\n|\n|-heal|p1a: Skeegy|57\/100|[from] item: Leftovers\n|-damage|p2a: Ho-Oh|63\/100 tox|[from] psn\n|upkeep\n|turn|90\n|\n|t:|1700078893\n|switch|p1a: Scorchy|Ho-Oh|77\/100\n|move|p2a: Ho-Oh|Sacred Fire|p1a: Scorchy\n|-resisted|p1a: Scorchy\n|-damage|p1a: Scorchy|54\/100\n|\n|-damage|p2a: Ho-Oh|50\/100 tox|[from] psn\n|upkeep\n|turn|91\n|\n|t:|1700078903\n|switch|p2a: Ferrothorn|Ferrothorn, F|16\/100\n|-damage|p2a: Ferrothorn|4\/100|[from] Spikes\n|move|p1a: Scorchy|Recover|p1a: Scorchy\n|-heal|p1a: Scorchy|100\/100\n|\n|upkeep\n|turn|92\n|\n|t:|1700078911\n|move|p2a: Ferrothorn|Protect|p2a: Ferrothorn\n|-singleturn|p2a: Ferrothorn|Protect\n|move|p1a: Scorchy|Sacred Fire|p2a: Ferrothorn\n|-activate|p2a: Ferrothorn|move: Protect\n|\n|upkeep\n|turn|93\n|\n|t:|1700078922\n|switch|p1a: Spiky|Ferrothorn, M|100\/100\n|-damage|p1a: Spiky|94\/100|[from] Stealth Rock\n|-damage|p1a: Spiky|82\/100|[from] Spikes\n|move|p2a: Ferrothorn|Protect||[still]\n|-fail|p2a: Ferrothorn\n|\n|-heal|p1a: Spiky|88\/100|[from] item: Leftovers\n|upkeep\n|turn|94\n|\n|t:|1700078931\n|switch|p2a: Ho-Oh|Ho-Oh|84\/100 tox\n|move|p1a: Spiky|Spikes|p2a: Ho-Oh\n|-sidestart|p2: DrasticGray|Spikes\n|\n|-heal|p1a: Spiky|94\/100|[from] item: Leftovers\n|-damage|p2a: Ho-Oh|77\/100 tox|[from] psn\n|upkeep\n|turn|95\n|\n|t:|1700078940\n|move|p1a: Spiky|Protect|p1a: Spiky\n|-singleturn|p1a: Spiky|Protect\n|move|p2a: Ho-Oh|Earthquake|p1a: Spiky\n|-activate|p1a: Spiky|move: Protect\n|\n|-heal|p1a: Spiky|100\/100|[from] item: Leftovers\n|-damage|p2a: Ho-Oh|65\/100 tox|[from] psn\n|upkeep\n|turn|96\n|\n|t:|1700078951\n|switch|p1a: Scorchy|Ho-Oh|100\/100\n|move|p2a: Ho-Oh|Whirlwind|p1a: Scorchy\n|drag|p1a: Skeegy|Clefable, F, tera:Steel|57\/100\n|-damage|p1a: Skeegy|51\/100|[from] Stealth Rock\n|-damage|p1a: Skeegy|38\/100|[from] Spikes\n|\n|-heal|p1a: Skeegy|44\/100|[from] item: Leftovers\n|-damage|p2a: Ho-Oh|46\/100 tox|[from] psn\n|upkeep\n|turn|97\n|\n|t:|1700078961\n|move|p1a: Skeegy|Protect|p1a: Skeegy\n|-singleturn|p1a: Skeegy|Protect\n|move|p2a: Ho-Oh|Defog|p1a: Skeegy\n|-activate|p1a: Skeegy|move: Protect\n|\n|-heal|p1a: Skeegy|50\/100|[from] item: Leftovers\n|-damage|p2a: Ho-Oh|21\/100 tox|[from] psn\n|upkeep\n|turn|98\n|\n|t:|1700078974\n|switch|p2a: Sableye|Sableye-Mega, F|49\/100 brn\n|-damage|p2a: Sableye|32\/100 brn|[from] Spikes\n|move|p1a: Skeegy|Wish|p1a: Skeegy\n|\n|-heal|p1a: Skeegy|57\/100|[from] item: Leftovers\n|-damage|p2a: Sableye|26\/100 brn|[from] brn\n|upkeep\n|turn|99\n|\n|t:|1700078983\n|move|p1a: Skeegy|Protect|p1a: Skeegy\n|-singleturn|p1a: Skeegy|Protect\n|move|p2a: Sableye|Fake Out|p1a: Skeegy\n|-activate|p1a: Skeegy|move: Protect\n|\n|-heal|p1a: Skeegy|100\/100|[from] move: Wish|[wisher] Skeegy\n|-damage|p2a: Sableye|20\/100 brn|[from] brn\n|upkeep\n|turn|100\n|\n|t:|1700078991\n|move|p1a: Skeegy|Moonblast|p2a: Sableye\n|-supereffective|p2a: Sableye\n|-damage|p2a: Sableye|0 fnt\n|faint|p2a: Sableye\n|\n|upkeep\n|c|\u2606DrasticGray|gg\n|-message|DrasticGray forfeited.\n|\n|win|Uncle_MG\n|raw|Uncle_MG's rating: 1189 &rarr; <strong>1219<\/strong><br \/>(+30 for winning)\n|raw|DrasticGray's rating: 1256 &rarr; <strong>1226<\/strong><br \/>(-30 for losing)\n|l|\u2606DrasticGray\n","uploadtime":1700078893,"views":11,"p1id":"unclemg","p2id":"drasticgray","formatid":"gen9nationaldexubers","rating":1219,"private":0,"password":""}