{"id":"gen9nationaldexubers-1985589915","p1":"KingoftheTitans","p2":"TheThanatos","format":"[Gen 9] National Dex Ubers","log":"|j|\u2606KingoftheTitans\n|j|\u2606TheThanatos\n|t:|1699387086\n|gametype|singles\n|player|p1|KingoftheTitans|170|1338\n|player|p2|TheThanatos|red|1324\n|teamsize|p1|6\n|teamsize|p2|6\n|gen|9\n|tier|[Gen 9] National Dex Ubers\n|rated|\n|rule|HP Percentage Mod: HP is shown in percentages\n|rule|Endless Battle Clause: Forcing endless battles is banned\n|rule|OHKO Clause: OHKO moves are banned\n|rule|Evasion Moves Clause: Evasion moves are banned\n|rule|Evasion Items Clause: Evasion items are banned\n|rule|Species Clause: Limit one of each Pok\u00e9mon\n|rule|Sleep Clause Mod: Limit one foe put to sleep\n|rule|Mega Rayquaza Clause: You cannot mega evolve Rayquaza\n|clearpoke\n|poke|p1|Porygon-Z|\n|poke|p1|Metagross|\n|poke|p1|Iron Valiant|\n|poke|p1|Heatran, M|\n|poke|p1|Genesect|\n|poke|p1|Rotom-Wash|\n|poke|p2|Tapu Lele|\n|poke|p2|Kyurem-Black|\n|poke|p2|Lugia|\n|poke|p2|Melmetal|\n|poke|p2|Palafin, M|\n|poke|p2|Darkrai|\n|teampreview\n|\n|t:|1699387091\n|start\n|switch|p1a: Genesect|Genesect, shiny|100\/100\n|switch|p2a: Darkrai|Darkrai|100\/100\n|-ability|p1a: Genesect|Download|boost\n|-boost|p1a: Genesect|atk|1\n|turn|1\n|inactive|Battle timer is ON: inactive players will automatically lose when time's up. (requested by TheThanatos)\n|\n|t:|1699387101\n|move|p1a: Genesect|U-turn|p2a: Darkrai\n|-supereffective|p2a: Darkrai\n|-damage|p2a: Darkrai|0 fnt\n|faint|p2a: Darkrai\n|\n|t:|1699387106\n|switch|p1a: Rotom|Rotom-Wash|100\/100|[from] U-turn\n|\n|upkeep\n|c|\u2606TheThanatos|Scarf\n|c|\u2606KingoftheTitans|Yep lol\n|\n|t:|1699387118\n|switch|p2a: Melmetal|Melmetal|100\/100\n|turn|2\n|\n|t:|1699387143\n|move|p1a: Rotom|Will-O-Wisp|p2a: Melmetal\n|-status|p2a: Melmetal|brn\n|move|p2a: Melmetal|Double Iron Bash|p1a: Rotom\n|-resisted|p1a: Rotom\n|-damage|p1a: Rotom|93\/100\n|-resisted|p1a: Rotom\n|-damage|p1a: Rotom|86\/100\n|-hitcount|p1a: Rotom|2\n|\n|-heal|p1a: Rotom|92\/100|[from] item: Leftovers\n|-damage|p2a: Melmetal|94\/100 brn|[from] brn\n|upkeep\n|turn|3\n|\n|t:|1699387156\n|switch|p2a: Lugia|Lugia|100\/100\n|move|p1a: Rotom|Hydro Pump|p2a: Lugia\n|-damage|p2a: Lugia|88\/100\n|\n|-heal|p2a: Lugia|94\/100|[from] item: Leftovers\n|-heal|p1a: Rotom|98\/100|[from] item: Leftovers\n|upkeep\n|turn|4\n|\n|t:|1699387163\n|move|p2a: Lugia|Toxic|p1a: Rotom\n|-status|p1a: Rotom|tox\n|move|p1a: Rotom|Thunderbolt|p2a: Lugia\n|-supereffective|p2a: Lugia\n|-damage|p2a: Lugia|44\/100\n|\n|-heal|p2a: Lugia|51\/100|[from] item: Leftovers\n|-heal|p1a: Rotom|100\/100 tox|[from] item: Leftovers\n|-damage|p1a: Rotom|94\/100 tox|[from] psn\n|upkeep\n|turn|5\n|\n|t:|1699387172\n|move|p2a: Lugia|Recover|p2a: Lugia\n|-heal|p2a: Lugia|100\/100\n|move|p1a: Rotom|Thunderbolt|p2a: Lugia\n|-supereffective|p2a: Lugia\n|-crit|p2a: Lugia\n|-damage|p2a: Lugia|69\/100\n|\n|-heal|p2a: Lugia|75\/100|[from] item: Leftovers\n|-heal|p1a: Rotom|100\/100 tox|[from] item: Leftovers\n|-damage|p1a: Rotom|88\/100 tox|[from] psn\n|upkeep\n|turn|6\n|\n|t:|1699387184\n|switch|p1a: Genesect|Genesect, shiny|100\/100\n|-ability|p1a: Genesect|Download|boost\n|-boost|p1a: Genesect|atk|1\n|move|p2a: Lugia|Recover|p2a: Lugia\n|-heal|p2a: Lugia|100\/100\n|\n|upkeep\n|turn|7\n|\n|t:|1699387193\n|move|p1a: Genesect|Iron Head|p2a: Lugia\n|-damage|p2a: Lugia|81\/100\n|move|p2a: Lugia|Whirlwind|p1a: Genesect\n|drag|p1a: Metagross|Metagross|100\/100\n|\n|-heal|p2a: Lugia|88\/100|[from] item: Leftovers\n|upkeep\n|turn|8\n|\n|t:|1699387200\n|detailschange|p1a: Metagross|Metagross-Mega\n|-mega|p1a: Metagross|Metagross|Metagrossite\n|move|p1a: Metagross|Ice Punch|p2a: Lugia\n|-supereffective|p2a: Lugia\n|-damage|p2a: Lugia|36\/100\n|move|p2a: Lugia|Whirlwind|p1a: Metagross\n|drag|p1a: Porygon-Z|Porygon-Z|100\/100\n|\n|-heal|p2a: Lugia|42\/100|[from] item: Leftovers\n|upkeep\n|turn|9\n|\n|t:|1699387211\n|move|p2a: Lugia|Recover|p2a: Lugia\n|-heal|p2a: Lugia|92\/100\n|move|p1a: Porygon-Z|Ice Beam|p2a: Lugia\n|-supereffective|p2a: Lugia\n|-damage|p2a: Lugia|46\/100\n|-damage|p1a: Porygon-Z|91\/100|[from] item: Life Orb\n|\n|-heal|p2a: Lugia|52\/100|[from] item: Leftovers\n|upkeep\n|turn|10\n|\n|t:|1699387224\n|switch|p1a: Heatran|Heatran, M|100\/100\n|-item|p1a: Heatran|Air Balloon\n|move|p2a: Lugia|Recover|p2a: Lugia\n|-heal|p2a: Lugia|100\/100\n|\n|upkeep\n|turn|11\n|\n|t:|1699387231\n|switch|p2a: Melmetal|Melmetal|94\/100 brn\n|move|p1a: Heatran|Taunt|p2a: Melmetal\n|-start|p2a: Melmetal|move: Taunt\n|\n|-damage|p2a: Melmetal|88\/100 brn|[from] brn\n|upkeep\n|turn|12\n|\n|t:|1699387237\n|move|p1a: Heatran|Magma Storm|p2a: Melmetal\n|-supereffective|p2a: Melmetal\n|-damage|p2a: Melmetal|3\/100 brn\n|-activate|p2a: Melmetal|move: Magma Storm|[of] p1a: Heatran\n|move|p2a: Melmetal|Earthquake|p1a: Heatran\n|-immune|p1a: Heatran\n|\n|-damage|p2a: Melmetal|0 fnt|[from] brn\n|faint|p2a: Melmetal\n|upkeep\n|c|\u2606KingoftheTitans|?????\n|\n|t:|1699387247\n|switch|p2a: Palafin|Palafin, M|100\/100\n|turn|13\n|\n|t:|1699387250\n|switch|p1a: Rotom|Rotom-Wash|88\/100 tox\n|move|p2a: Palafin|Drain Punch|p1a: Rotom\n|-damage|p1a: Rotom|69\/100 tox\n|\n|-heal|p1a: Rotom|76\/100 tox|[from] item: Leftovers\n|-damage|p1a: Rotom|69\/100 tox|[from] psn\n|upkeep\n|turn|14\n|\n|t:|1699387259\n|detailschange|p2a: Palafin|Palafin-Hero, M\n|switch|p2a: Tapu Lele|Tapu Lele|100\/100\n|-fieldstart|move: Psychic Terrain|[from] ability: Psychic Surge|[of] p2a: Tapu Lele\n|move|p1a: Rotom|Will-O-Wisp|p2a: Tapu Lele\n|-status|p2a: Tapu Lele|brn\n|\n|-heal|p1a: Rotom|76\/100 tox|[from] item: Leftovers\n|-damage|p1a: Rotom|63\/100 tox|[from] psn\n|-damage|p2a: Tapu Lele|94\/100 brn|[from] brn\n|upkeep\n|turn|15\n|\n|t:|1699387273\n|switch|p1a: Porygon-Z|Porygon-Z|91\/100\n|move|p2a: Tapu Lele|Thunderbolt|p1a: Porygon-Z\n|-damage|p1a: Porygon-Z|46\/100\n|\n|-damage|p2a: Tapu Lele|88\/100 brn|[from] brn\n|upkeep\n|turn|16\n|\n|t:|1699387287\n|move|p2a: Tapu Lele|Thunderbolt|p1a: Porygon-Z\n|-damage|p1a: Porygon-Z|3\/100\n|move|p1a: Porygon-Z|Tri Attack|p2a: Tapu Lele\n|-damage|p2a: Tapu Lele|5\/100 brn\n|-damage|p1a: Porygon-Z|0 fnt|[from] item: Life Orb\n|faint|p1a: Porygon-Z\n|\n|-damage|p2a: Tapu Lele|0 fnt|[from] brn\n|faint|p2a: Tapu Lele\n|upkeep\n|\n|t:|1699387297\n|switch|p2a: Kyurem|Kyurem-Black|100\/100\n|switch|p1a: Genesect|Genesect, shiny|100\/100\n|-ability|p1a: Genesect|Download|boost\n|-boost|p1a: Genesect|spa|1\n|-ability|p2a: Kyurem|Teravolt\n|turn|17\n|\n|t:|1699387304\n|-terastallize|p2a: Kyurem|Water\n|move|p1a: Genesect|Iron Head|p2a: Kyurem\n|-resisted|p2a: Kyurem\n|-damage|p2a: Kyurem|85\/100\n|move|p2a: Kyurem|Dragon Dance|p2a: Kyurem\n|-boost|p2a: Kyurem|atk|1\n|-boost|p2a: Kyurem|spe|1\n|\n|upkeep\n|turn|18\n|\n|t:|1699387313\n|switch|p1a: Rotom|Rotom-Wash|63\/100 tox\n|move|p2a: Kyurem|Dragon Dance|p2a: Kyurem\n|-boost|p2a: Kyurem|atk|1\n|-boost|p2a: Kyurem|spe|1\n|\n|-heal|p1a: Rotom|69\/100 tox|[from] item: Leftovers\n|-damage|p1a: Rotom|63\/100 tox|[from] psn\n|-fieldend|move: Psychic Terrain\n|upkeep\n|turn|19\n|c|\u2606TheThanatos|!weak rotom-wash\n|c| TheThanatos|\/raw <div class=\"infobox\">Rotom-Wash (ignoring abilities):<br \/><span class=\"message-effect-weak\">Weaknesses<\/span>: Grass, Ground<br \/><span class=\"message-effect-resist\">Resistances<\/span>: Fire, Flying, Ice, <b>Steel<\/b>, Water<br \/><span class=\"message-effect-immune\">Immunities<\/span>: Paralysis<\/div>\n|inactive|TheThanatos has 120 seconds left.\n|\n|t:|1699387346\n|move|p2a: Kyurem|Fusion Bolt|p1a: Rotom\n|-damage|p1a: Rotom|0 fnt\n|faint|p1a: Rotom\n|\n|upkeep\n|\n|t:|1699387357\n|switch|p1a: Iron Valiant|Iron Valiant|100\/100\n|-enditem|p1a: Iron Valiant|Booster Energy\n|-activate|p1a: Iron Valiant|ability: Quark Drive|[fromitem]\n|-start|p1a: Iron Valiant|quarkdrivespe\n|turn|20\n|\n|t:|1699387369\n|move|p2a: Kyurem|Icicle Spear|p1a: Iron Valiant\n|-damage|p1a: Iron Valiant|58\/100\n|-damage|p1a: Iron Valiant|10\/100\n|-damage|p1a: Iron Valiant|0 fnt\n|faint|p1a: Iron Valiant\n|-end|p1a: Iron Valiant|Quark Drive|[silent]\n|-hitcount|p1: Iron Valiant|3\n|\n|upkeep\n|\n|t:|1699387375\n|switch|p1a: Heatran|Heatran, M|100\/100\n|-item|p1a: Heatran|Air Balloon\n|turn|21\n|\n|t:|1699387384\n|-terastallize|p1a: Heatran|Ground\n|move|p2a: Kyurem|Fusion Bolt|p1a: Heatran\n|-immune|p1a: Heatran\n|move|p1a: Heatran|Earth Power|p2a: Kyurem\n|-damage|p2a: Kyurem|35\/100\n|\n|upkeep\n|turn|22\n|\n|t:|1699387394\n|move|p2a: Kyurem|Icicle Spear|p1a: Heatran\n|-supereffective|p1a: Heatran\n|-damage|p1a: Heatran|26\/100\n|-enditem|p1a: Heatran|Air Balloon\n|-supereffective|p1a: Heatran\n|-damage|p1a: Heatran|0 fnt\n|faint|p1a: Heatran\n|-hitcount|p1: Heatran|2\n|\n|upkeep\n|\n|t:|1699387402\n|switch|p1a: Genesect|Genesect, shiny|100\/100\n|-ability|p1a: Genesect|Download|boost\n|-boost|p1a: Genesect|spa|1\n|turn|23\n|\n|t:|1699387408\n|move|p1a: Genesect|Extreme Speed|p2a: Kyurem\n|-damage|p2a: Kyurem|13\/100\n|move|p2a: Kyurem|Fusion Bolt|p1a: Genesect\n|-damage|p1a: Genesect|0 fnt\n|faint|p1a: Genesect\n|\n|upkeep\n|\n|t:|1699387415\n|switch|p1a: Metagross|Metagross-Mega|100\/100\n|turn|24\n|\n|t:|1699387417\n|move|p1a: Metagross|Bullet Punch|p2a: Kyurem\n|-resisted|p2a: Kyurem\n|-damage|p2a: Kyurem|0 fnt\n|faint|p2a: Kyurem\n|\n|upkeep\n|\n|t:|1699387422\n|switch|p2a: Palafin|Palafin-Hero, M|100\/100\n|-activate|p2a: Palafin|ability: Zero to Hero\n|turn|25\n|\n|t:|1699387426\n|move|p1a: Metagross|Zen Headbutt|p2a: Palafin\n|-damage|p2a: Palafin|49\/100\n|move|p2a: Palafin|Taunt|p1a: Metagross\n|-start|p1a: Metagross|move: Taunt\n|\n|-heal|p2a: Palafin|55\/100|[from] item: Leftovers\n|upkeep\n|turn|26\n|c|\u2606KingoftheTitans|Bulky Palafin\n|inactive|TheThanatos has 120 seconds left.\n|c|\u2606KingoftheTitans|That's a first\n|\n|t:|1699387458\n|move|p1a: Metagross|Zen Headbutt|p2a: Palafin\n|-damage|p2a: Palafin|5\/100\n|move|p2a: Palafin|Drain Punch|p1a: Metagross\n|-damage|p1a: Metagross|80\/100\n|-heal|p2a: Palafin|13\/100|[from] drain|[of] p1a: Metagross\n|\n|-heal|p2a: Palafin|19\/100|[from] item: Leftovers\n|upkeep\n|turn|27\n|\n|t:|1699387467\n|move|p2a: Palafin|Jet Punch|p1a: Metagross\n|-damage|p1a: Metagross|53\/100\n|move|p1a: Metagross|Earthquake|p2a: Palafin\n|-damage|p2a: Palafin|0 fnt\n|faint|p2a: Palafin\n|\n|upkeep\n|\n|t:|1699387475\n|switch|p2a: Lugia|Lugia|100\/100\n|turn|28\n|c|\u2606TheThanatos|GG\n|inactive|TheThanatos has 120 seconds left.\n|c|\u2606KingoftheTitans|gg...\n|-message|TheThanatos forfeited.\n|\n|win|KingoftheTitans\n|raw|KingoftheTitans's rating: 1338 &rarr; <strong>1357<\/strong><br \/>(+19 for winning)\n|raw|TheThanatos's rating: 1324 &rarr; <strong>1305<\/strong><br \/>(-19 for losing)\n|l|\u2606TheThanatos\n|c|\u2606KingoftheTitans|???\/\n","uploadtime":1699387501,"views":8,"p1id":"kingofthetitans","p2id":"thethanatos","formatid":"gen9nationaldexubers","rating":1305,"private":0,"password":""}