{"id":"gen9nationaldexubers-1978238845","p1":"ManuelvgDios","p2":"85792195wwww","format":"[Gen 9] National Dex Ubers","log":"|j|\u2606ManuelvgDios\n|j|\u260685792195wwww\n|t:|1698515884\n|gametype|singles\n|player|p1|ManuelvgDios|1|1522\n|player|p2|85792195wwww|lady|1893\n|teamsize|p1|6\n|teamsize|p2|6\n|gen|9\n|tier|[Gen 9] National Dex Ubers\n|rated|\n|rule|HP Percentage Mod: HP is shown in percentages\n|rule|Endless Battle Clause: Forcing endless battles is banned\n|rule|OHKO Clause: OHKO moves are banned\n|rule|Evasion Moves Clause: Evasion moves are banned\n|rule|Evasion Items Clause: Evasion items are banned\n|rule|Species Clause: Limit one of each Pok\u00e9mon\n|rule|Sleep Clause Mod: Limit one foe put to sleep\n|rule|Mega Rayquaza Clause: You cannot mega evolve Rayquaza\n|clearpoke\n|poke|p1|Ho-Oh|\n|poke|p1|Ferrothorn, M|\n|poke|p1|Gastrodon, F|\n|poke|p1|Palkia-Origin|\n|poke|p1|Chansey, F|\n|poke|p1|Xerneas-*|\n|poke|p2|Calyrex-Ice|\n|poke|p2|Groudon|\n|poke|p2|Krookodile, F|\n|poke|p2|Xerneas-*|\n|poke|p2|Zacian-*|\n|poke|p2|Arceus|\n|teampreview\n|j| LightningSword6354\n|\n|t:|1698515897\n|start\n|switch|p1a: Palkia|Palkia-Origin|100\/100\n|switch|p2a: Krookodile|Krookodile, F|100\/100\n|-ability|p1a: Palkia|Pressure\n|-ability|p2a: Krookodile|Intimidate|boost\n|-unboost|p1a: Palkia|atk|1\n|turn|1\n|\n|t:|1698515910\n|move|p1a: Palkia|Hydro Pump|p2a: Krookodile|[miss]\n|-miss|p1a: Palkia|p2a: Krookodile\n|move|p2a: Krookodile|Bulldoze|p1a: Palkia\n|-damage|p1a: Palkia|69\/100\n|-unboost|p1a: Palkia|spe|1\n|\n|upkeep\n|turn|2\n|\n|t:|1698515918\n|switch|p1a: Ferrothorn|Ferrothorn, M|100\/100\n|move|p2a: Krookodile|Stealth Rock|p1a: Ferrothorn\n|-sidestart|p1: ManuelvgDios|move: Stealth Rock\n|\n|upkeep\n|turn|3\n|\n|t:|1698515924\n|move|p2a: Krookodile|Knock Off|p1a: Ferrothorn\n|-damage|p1a: Ferrothorn|72\/100\n|-damage|p2a: Krookodile|88\/100|[from] ability: Iron Barbs|[of] p1a: Ferrothorn\n|-enditem|p1a: Ferrothorn|Leftovers|[from] move: Knock Off|[of] p2a: Krookodile\n|move|p1a: Ferrothorn|Leech Seed|p2a: Krookodile\n|-start|p2a: Krookodile|move: Leech Seed\n|\n|-damage|p2a: Krookodile|76\/100|[from] Leech Seed|[of] p1a: Ferrothorn\n|-heal|p1a: Ferrothorn|84\/100|[silent]\n|upkeep\n|turn|4\n|\n|t:|1698515935\n|move|p2a: Krookodile|Taunt|p1a: Ferrothorn\n|-start|p1a: Ferrothorn|move: Taunt\n|cant|p1a: Ferrothorn|move: Taunt|Leech Seed\n|\n|-damage|p2a: Krookodile|63\/100|[from] Leech Seed|[of] p1a: Ferrothorn\n|-heal|p1a: Ferrothorn|96\/100|[silent]\n|upkeep\n|turn|5\n|l| LightningSword6354\n|\n|t:|1698515943\n|switch|p2a: Zacian|Zacian-Crowned|100\/100\n|-ability|p2a: Zacian|Intrepid Sword|boost\n|-boost|p2a: Zacian|atk|1\n|switch|p1a: Xerneas|Xerneas|100\/100\n|-damage|p1a: Xerneas|88\/100|[from] Stealth Rock\n|-ability|p1a: Xerneas|Fairy Aura\n|\n|-heal|p1a: Xerneas|94\/100|[from] item: Leftovers\n|upkeep\n|turn|6\n|\n|t:|1698515954\n|switch|p1a: Ho-Oh|Ho-Oh, shiny|100\/100\n|move|p2a: Zacian|Swords Dance|p2a: Zacian\n|-boost|p2a: Zacian|atk|2\n|\n|upkeep\n|turn|7\n|\n|t:|1698515961\n|-terastallize|p1a: Ho-Oh|Fire\n|move|p2a: Zacian|Wild Charge|p1a: Ho-Oh\n|-damage|p1a: Ho-Oh|35\/100\n|-damage|p2a: Zacian|80\/100|[from] Recoil\n|move|p1a: Ho-Oh|Whirlwind|p2a: Zacian\n|drag|p2a: Groudon|Groudon|100\/100\n|detailschange|p2a: Groudon|Groudon-Primal\n|-primal|p2a: Groudon|Red Orb\n|-weather|DesolateLand|[from] ability: Desolate Land|[of] p2a: Groudon\n|\n|-weather|DesolateLand|[upkeep]\n|upkeep\n|turn|8\n|\n|t:|1698515977\n|switch|p1a: Gastrodon|Gastrodon, F, shiny|100\/100\n|-damage|p1a: Gastrodon|94\/100|[from] Stealth Rock\n|move|p2a: Groudon|Swords Dance|p2a: Groudon\n|-boost|p2a: Groudon|atk|2\n|\n|-weather|DesolateLand|[upkeep]\n|-heal|p1a: Gastrodon|100\/100|[from] item: Leftovers\n|upkeep\n|turn|9\n|\n|t:|1698515986\n|move|p2a: Groudon|Precipice Blades|p1a: Gastrodon\n|-damage|p1a: Gastrodon|0 fnt\n|faint|p1a: Gastrodon\n|\n|-weather|DesolateLand|[upkeep]\n|upkeep\n|\n|t:|1698516006\n|switch|p1a: Palkia|Palkia-Origin|69\/100\n|-damage|p1a: Palkia|57\/100|[from] Stealth Rock\n|-ability|p1a: Palkia|Pressure\n|turn|10\n|\n|t:|1698516012\n|move|p1a: Palkia|Earth Power|p2a: Groudon\n|-supereffective|p2a: Groudon\n|-damage|p2a: Groudon|30\/100\n|move|p2a: Groudon|Precipice Blades|p1a: Palkia\n|-damage|p1a: Palkia|0 fnt\n|faint|p1a: Palkia\n|\n|-weather|DesolateLand|[upkeep]\n|upkeep\n|\n|t:|1698516022\n|switch|p1a: Xerneas|Xerneas|94\/100\n|-damage|p1a: Xerneas|82\/100|[from] Stealth Rock\n|-ability|p1a: Xerneas|Fairy Aura\n|turn|11\n|\n|t:|1698516030\n|-weather|none\n|switch|p2a: Zacian|Zacian-Crowned|80\/100\n|move|p1a: Xerneas|Rest|p1a: Xerneas\n|-status|p1a: Xerneas|slp|[from] move: Rest\n|-heal|p1a: Xerneas|100\/100 slp|[silent]\n|\n|upkeep\n|turn|12\n|\n|t:|1698516054\n|switch|p1a: Ferrothorn|Ferrothorn, M|96\/100\n|-damage|p1a: Ferrothorn|89\/100|[from] Stealth Rock\n|move|p2a: Zacian|Swords Dance|p2a: Zacian\n|-boost|p2a: Zacian|atk|2\n|\n|upkeep\n|turn|13\n|\n|t:|1698516062\n|move|p2a: Zacian|Close Combat|p1a: Ferrothorn\n|-supereffective|p1a: Ferrothorn\n|-damage|p1a: Ferrothorn|0 fnt\n|-unboost|p2a: Zacian|def|1\n|-unboost|p2a: Zacian|spd|1\n|-damage|p2a: Zacian|67\/100|[from] ability: Iron Barbs|[of] p1a: Ferrothorn\n|faint|p1a: Ferrothorn\n|\n|upkeep\n|\n|t:|1698516067\n|switch|p1a: Ho-Oh|Ho-Oh, shiny, tera:Fire|68\/100\n|turn|14\n|\n|t:|1698516074\n|-terastallize|p2a: Zacian|Fighting\n|move|p2a: Zacian|Close Combat|p1a: Ho-Oh\n|-damage|p1a: Ho-Oh|0 fnt\n|-unboost|p2a: Zacian|def|1\n|-unboost|p2a: Zacian|spd|1\n|faint|p1a: Ho-Oh\n|\n|upkeep\n|-message|ManuelvgDios forfeited.\n|\n|win|85792195wwww\n|raw|ManuelvgDios's rating: 1522 &rarr; <strong>1518<\/strong><br \/>(-4 for losing)\n|raw|85792195wwww's rating: 1893 &rarr; <strong>1897<\/strong><br \/>(+4 for winning)\n|l|\u2606ManuelvgDios\n","uploadtime":1698516088,"views":6,"p1id":"manuelvgdios","p2id":"85792195wwww","formatid":"gen9nationaldexubers","rating":1518,"private":0,"password":""}