{"id":"gen9nationaldexubers-1989968088","p1":"hgffghg","p2":"Milguell","format":"[Gen 9] National Dex Ubers","log":"|j|\u2606hgffghg\n|j|\u2606Milguell\n|t:|1699911069\n|gametype|singles\n|player|p1|hgffghg|266|1109\n|player|p2|Milguell|grimsley|1135\n|teamsize|p1|6\n|teamsize|p2|5\n|gen|9\n|tier|[Gen 9] National Dex Ubers\n|rated|\n|rule|HP Percentage Mod: HP is shown in percentages\n|rule|Endless Battle Clause: Forcing endless battles is banned\n|rule|OHKO Clause: OHKO moves are banned\n|rule|Evasion Moves Clause: Evasion moves are banned\n|rule|Evasion Items Clause: Evasion items are banned\n|rule|Species Clause: Limit one of each Pok\u00e9mon\n|rule|Sleep Clause Mod: Limit one foe put to sleep\n|rule|Mega Rayquaza Clause: You cannot mega evolve Rayquaza\n|clearpoke\n|poke|p1|Xerneas-*|\n|poke|p1|Zygarde|\n|poke|p1|Chansey, F|\n|poke|p1|Ferrothorn, F|\n|poke|p1|Ho-Oh|\n|poke|p1|Necrozma-Dusk-Mane|\n|poke|p2|Blastoise, M|\n|poke|p2|Deoxys-Defense|\n|poke|p2|Xerneas-*|\n|poke|p2|Kingambit, M|\n|poke|p2|Wingull, F|\n|teampreview\n|\n|t:|1699911078\n|start\n|switch|p1a: Ho-Oh|Ho-Oh, shiny|100\/100\n|switch|p2a: Deoxys|Deoxys-Defense|100\/100\n|-ability|p2a: Deoxys|Pressure\n|turn|1\n|inactive|Battle timer is ON: inactive players will automatically lose when time's up. (requested by hgffghg)\n|\n|t:|1699911086\n|move|p1a: Ho-Oh|Brave Bird|p2a: Deoxys\n|-damage|p2a: Deoxys|62\/100\n|-damage|p1a: Ho-Oh|91\/100|[from] Recoil\n|move|p2a: Deoxys|Cosmic Power|p2a: Deoxys\n|-boost|p2a: Deoxys|def|1\n|-boost|p2a: Deoxys|spd|1\n|\n|-heal|p2a: Deoxys|68\/100|[from] item: Leftovers\n|upkeep\n|turn|2\n|\n|t:|1699911096\n|move|p2a: Deoxys|Toxic|p1a: Ho-Oh\n|-status|p1a: Ho-Oh|tox\n|move|p1a: Ho-Oh|Whirlwind|p2a: Deoxys\n|drag|p2a: Kingambit|Kingambit, M|100\/100\n|\n|-damage|p1a: Ho-Oh|85\/100 tox|[from] psn\n|upkeep\n|turn|3\n|\n|t:|1699911105\n|-end|p2a: Kingambit|fallenundefined|[silent]\n|switch|p2a: Deoxys|Deoxys-Defense|68\/100\n|-ability|p2a: Deoxys|Pressure\n|move|p1a: Ho-Oh|Sacred Fire|p2a: Deoxys\n|-damage|p2a: Deoxys|38\/100\n|\n|-heal|p2a: Deoxys|45\/100|[from] item: Leftovers\n|-damage|p1a: Ho-Oh|72\/100 tox|[from] psn\n|upkeep\n|turn|4\n|\n|t:|1699911116\n|switch|p1a: Ferrothorn|Ferrothorn, F, shiny|100\/100\n|move|p2a: Deoxys|Recover|p2a: Deoxys\n|-heal|p2a: Deoxys|95\/100\n|\n|-heal|p2a: Deoxys|100\/100|[from] item: Leftovers\n|upkeep\n|turn|5\n|\n|t:|1699911126\n|move|p2a: Deoxys|Cosmic Power|p2a: Deoxys\n|-boost|p2a: Deoxys|def|1\n|-boost|p2a: Deoxys|spd|1\n|move|p1a: Ferrothorn|Knock Off|p2a: Deoxys\n|-supereffective|p2a: Deoxys\n|-damage|p2a: Deoxys|78\/100\n|-enditem|p2a: Deoxys|Leftovers|[from] move: Knock Off|[of] p1a: Ferrothorn\n|\n|upkeep\n|turn|6\n|\n|t:|1699911135\n|move|p2a: Deoxys|Cosmic Power|p2a: Deoxys\n|-boost|p2a: Deoxys|def|1\n|-boost|p2a: Deoxys|spd|1\n|move|p1a: Ferrothorn|Thunder Wave|p2a: Deoxys\n|-status|p2a: Deoxys|par\n|\n|upkeep\n|turn|7\n|\n|t:|1699911144\n|move|p2a: Deoxys|Cosmic Power|p2a: Deoxys\n|-boost|p2a: Deoxys|def|1\n|-boost|p2a: Deoxys|spd|1\n|move|p1a: Ferrothorn|Leech Seed|p2a: Deoxys\n|-start|p2a: Deoxys|move: Leech Seed\n|\n|-damage|p2a: Deoxys|66\/100 par|[from] Leech Seed|[of] p1a: Ferrothorn\n|upkeep\n|turn|8\n|\n|t:|1699911152\n|switch|p1a: Ho-Oh|Ho-Oh, shiny|100\/100 tox\n|cant|p2a: Deoxys|par\n|\n|-damage|p2a: Deoxys|53\/100 par|[from] Leech Seed|[of] p1a: Ho-Oh\n|-damage|p1a: Ho-Oh|94\/100 tox|[from] psn\n|upkeep\n|turn|9\n|\n|t:|1699911171\n|cant|p2a: Deoxys|par\n|move|p1a: Ho-Oh|Whirlwind|p2a: Deoxys\n|drag|p2a: Wingull|Wingull, F|100\/100\n|\n|-damage|p1a: Ho-Oh|82\/100 tox|[from] psn\n|upkeep\n|turn|10\n|\n|t:|1699911179\n|switch|p2a: Deoxys|Deoxys-Defense|53\/100 par\n|-ability|p2a: Deoxys|Pressure\n|switch|p1a: Ferrothorn|Ferrothorn, F, shiny|100\/100\n|\n|upkeep\n|turn|11\n|\n|t:|1699911187\n|move|p2a: Deoxys|Night Shade|p1a: Ferrothorn\n|-damage|p1a: Ferrothorn|72\/100\n|move|p1a: Ferrothorn|Leech Seed|p2a: Deoxys\n|-start|p2a: Deoxys|move: Leech Seed\n|\n|-heal|p1a: Ferrothorn|78\/100|[from] item: Leftovers\n|-damage|p2a: Deoxys|41\/100 par|[from] Leech Seed|[of] p1a: Ferrothorn\n|-heal|p1a: Ferrothorn|89\/100|[silent]\n|upkeep\n|turn|12\n|\n|t:|1699911196\n|move|p2a: Deoxys|Cosmic Power|p2a: Deoxys\n|-boost|p2a: Deoxys|def|1\n|-boost|p2a: Deoxys|spd|1\n|move|p1a: Ferrothorn|Knock Off|p2a: Deoxys\n|-supereffective|p2a: Deoxys\n|-damage|p2a: Deoxys|27\/100 par\n|\n|-heal|p1a: Ferrothorn|95\/100|[from] item: Leftovers\n|-damage|p2a: Deoxys|14\/100 par|[from] Leech Seed|[of] p1a: Ferrothorn\n|-heal|p1a: Ferrothorn|100\/100|[silent]\n|upkeep\n|turn|13\n|\n|t:|1699911208\n|cant|p2a: Deoxys|par\n|move|p1a: Ferrothorn|Knock Off|p2a: Deoxys\n|-supereffective|p2a: Deoxys\n|-damage|p2a: Deoxys|0 fnt\n|faint|p2a: Deoxys\n|\n|upkeep\n|\n|t:|1699911211\n|switch|p2a: Blastoise|Blastoise, M|100\/100\n|turn|14\n|\n|t:|1699911224\n|switch|p1a: Ho-Oh|Ho-Oh, shiny|100\/100 tox\n|detailschange|p2a: Blastoise|Blastoise-Mega, M\n|-mega|p2a: Blastoise|Blastoise|Blastoisinite\n|move|p2a: Blastoise|Shell Smash|p2a: Blastoise\n|-unboost|p2a: Blastoise|def|1\n|-unboost|p2a: Blastoise|spd|1\n|-boost|p2a: Blastoise|atk|2\n|-boost|p2a: Blastoise|spa|2\n|-boost|p2a: Blastoise|spe|2\n|\n|-damage|p1a: Ho-Oh|94\/100 tox|[from] psn\n|upkeep\n|turn|15\n|\n|t:|1699911238\n|-terastallize|p1a: Ho-Oh|Water\n|move|p2a: Blastoise|Water Pulse|p1a: Ho-Oh\n|-resisted|p1a: Ho-Oh\n|-damage|p1a: Ho-Oh|66\/100 tox\n|-start|p1a: Ho-Oh|confusion\n|-activate|p1a: Ho-Oh|confusion\n|move|p1a: Ho-Oh|Whirlwind|p2a: Blastoise\n|drag|p2a: Xerneas|Xerneas|100\/100\n|-ability|p2a: Xerneas|Fairy Aura\n|\n|-damage|p1a: Ho-Oh|54\/100 tox|[from] psn\n|upkeep\n|turn|16\n|\n|t:|1699911251\n|move|p2a: Xerneas|Thunderbolt|p1a: Ho-Oh\n|-supereffective|p1a: Ho-Oh\n|-damage|p1a: Ho-Oh|14\/100 tox\n|-activate|p1a: Ho-Oh|confusion\n|-damage|p1a: Ho-Oh|6\/100 tox|[from] confusion\n|\n|-damage|p1a: Ho-Oh|0 fnt|[from] psn\n|faint|p1a: Ho-Oh\n|upkeep\n|\n|t:|1699911265\n|switch|p1a: Xerneas|Xerneas, shiny|100\/100\n|-ability|p1a: Xerneas|Fairy Aura\n|turn|17\n|\n|t:|1699911293\n|move|p2a: Xerneas|Geomancy||[still]\n|-prepare|p2a: Xerneas|Geomancy\n|-enditem|p2a: Xerneas|Power Herb\n|-anim|p2a: Xerneas|Geomancy|p2a: Xerneas\n|-boost|p2a: Xerneas|spa|2\n|-boost|p2a: Xerneas|spd|2\n|-boost|p2a: Xerneas|spe|2\n|move|p1a: Xerneas|Thunder Wave|p2a: Xerneas|[miss]\n|-miss|p1a: Xerneas|p2a: Xerneas\n|\n|upkeep\n|turn|18\n|\n|t:|1699911307\n|switch|p1a: Chansey|Chansey, F, shiny|100\/100\n|move|p2a: Xerneas|Thunderbolt|p1a: Chansey\n|-damage|p1a: Chansey|79\/100\n|\n|upkeep\n|turn|19\n|\n|t:|1699911313\n|move|p2a: Xerneas|Geomancy||[still]\n|-prepare|p2a: Xerneas|Geomancy\n|move|p1a: Chansey|Thunder Wave|p2a: Xerneas\n|-status|p2a: Xerneas|par\n|\n|upkeep\n|turn|20\n|\n|t:|1699911324\n|switch|p1a: Necrozma|Necrozma-Dusk-Mane|100\/100\n|move|p2a: Xerneas|Geomancy|p2a: Xerneas|[from]lockedmove\n|-boost|p2a: Xerneas|spa|2\n|-boost|p2a: Xerneas|spd|2\n|-boost|p2a: Xerneas|spe|2\n|\n|upkeep\n|turn|21\n|\n|t:|1699911331\n|move|p2a: Xerneas|Hidden Power|p1a: Necrozma\n|-supereffective|p1a: Necrozma\n|-damage|p1a: Necrozma|21\/100\n|move|p1a: Necrozma|Trick Room|p1a: Necrozma\n|-fieldstart|move: Trick Room|[of] p1a: Necrozma\n|\n|-heal|p1a: Necrozma|28\/100|[from] item: Leftovers\n|upkeep\n|turn|22\n|\n|t:|1699911339\n|move|p1a: Necrozma|Iron Head|p2a: Xerneas\n|-supereffective|p2a: Xerneas\n|-damage|p2a: Xerneas|18\/100 par\n|move|p2a: Xerneas|Hidden Power|p1a: Necrozma\n|-supereffective|p1a: Necrozma\n|-damage|p1a: Necrozma|0 fnt\n|faint|p1a: Necrozma\n|\n|upkeep\n|\n|t:|1699911348\n|switch|p1a: Xerneas|Xerneas, shiny|100\/100\n|-ability|p1a: Xerneas|Fairy Aura\n|turn|23\n|\n|t:|1699911355\n|move|p1a: Xerneas|Moonblast|p2a: Xerneas\n|-damage|p2a: Xerneas|0 fnt\n|faint|p2a: Xerneas\n|\n|upkeep\n|\n|t:|1699911360\n|switch|p2a: Blastoise|Blastoise-Mega, M|100\/100\n|turn|24\n|\n|t:|1699911371\n|switch|p1a: Ferrothorn|Ferrothorn, F, shiny|100\/100\n|switch|p2a: Wingull|Wingull, F|100\/100\n|\n|upkeep\n|turn|25\n|\n|t:|1699911383\n|move|p1a: Ferrothorn|Thunder Wave|p2a: Wingull|[miss]\n|-miss|p1a: Ferrothorn|p2a: Wingull\n|move|p2a: Wingull|Tailwind|p2a: Wingull\n|-sidestart|p2: Milguell|move: Tailwind\n|\n|-fieldend|move: Trick Room\n|upkeep\n|turn|26\n|\n|t:|1699911390\n|move|p2a: Wingull|Protect|p2a: Wingull\n|-singleturn|p2a: Wingull|Protect\n|move|p1a: Ferrothorn|Leech Seed|p2a: Wingull\n|-activate|p2a: Wingull|move: Protect\n|\n|upkeep\n|turn|27\n|\n|t:|1699911396\n|switch|p2a: Blastoise|Blastoise-Mega, M|100\/100\n|move|p1a: Ferrothorn|Thunder Wave|p2a: Blastoise|[miss]\n|-miss|p1a: Ferrothorn|p2a: Blastoise\n|\n|upkeep\n|turn|28\n|\n|t:|1699911403\n|move|p2a: Blastoise|Shell Smash|p2a: Blastoise\n|-unboost|p2a: Blastoise|def|1\n|-unboost|p2a: Blastoise|spd|1\n|-boost|p2a: Blastoise|atk|2\n|-boost|p2a: Blastoise|spa|2\n|-boost|p2a: Blastoise|spe|2\n|move|p1a: Ferrothorn|Leech Seed|p2a: Blastoise\n|-start|p2a: Blastoise|move: Leech Seed\n|\n|-damage|p2a: Blastoise|88\/100|[from] Leech Seed|[of] p1a: Ferrothorn\n|-sideend|p2: Milguell|move: Tailwind\n|upkeep\n|turn|29\n|\n|t:|1699911413\n|move|p2a: Blastoise|Aura Sphere|p1a: Ferrothorn\n|-supereffective|p1a: Ferrothorn\n|-damage|p1a: Ferrothorn|0 fnt\n|faint|p1a: Ferrothorn\n|\n|upkeep\n|\n|t:|1699911421\n|switch|p1a: Chansey|Chansey, F, shiny|79\/100\n|turn|30\n|\n|t:|1699911425\n|move|p2a: Blastoise|Shell Smash|p2a: Blastoise\n|-unboost|p2a: Blastoise|def|1\n|-unboost|p2a: Blastoise|spd|1\n|-boost|p2a: Blastoise|atk|2\n|-boost|p2a: Blastoise|spa|2\n|-boost|p2a: Blastoise|spe|2\n|move|p1a: Chansey|Thunder Wave|p2a: Blastoise\n|-status|p2a: Blastoise|par\n|\n|-damage|p2a: Blastoise|76\/100 par|[from] Leech Seed|[of] p1a: Chansey\n|-heal|p1a: Chansey|84\/100|[silent]\n|upkeep\n|turn|31\n|\n|t:|1699911435\n|move|p2a: Blastoise|Aura Sphere|p1a: Chansey\n|-supereffective|p1a: Chansey\n|-damage|p1a: Chansey|0 fnt\n|faint|p1a: Chansey\n|\n|upkeep\n|\n|t:|1699911441\n|switch|p1a: Xerneas|Xerneas, shiny|100\/100\n|-ability|p1a: Xerneas|Fairy Aura\n|turn|32\n|\n|t:|1699911445\n|move|p2a: Blastoise|Water Pulse|p1a: Xerneas\n|-damage|p1a: Xerneas|0 fnt\n|faint|p1a: Xerneas\n|\n|upkeep\n|\n|t:|1699911450\n|switch|p1a: Zygarde|Zygarde, shiny|100\/100\n|turn|33\n|\n|t:|1699911454\n|move|p2a: Blastoise|Dragon Pulse|p1a: Zygarde\n|-supereffective|p1a: Zygarde\n|-damage|p1a: Zygarde|0 fnt\n|faint|p1a: Zygarde\n|\n|win|Milguell\n|raw|hgffghg's rating: 1109 &rarr; <strong>1086<\/strong><br \/>(-23 for losing)\n|raw|Milguell's rating: 1135 &rarr; <strong>1158<\/strong><br \/>(+23 for winning)\n|l|\u2606Milguell\n","uploadtime":1699911491,"views":8,"p1id":"hgffghg","p2id":"milguell","formatid":"gen9nationaldexubers","rating":1086,"private":0,"password":""}