{"id":"gen9nationaldexubers-1990579960","p1":"Szymszym134","p2":"MommyMikuNakano","format":"[Gen 9] National Dex Ubers","log":"|j|\u2606Szymszym134\n|j|\u2606MommyMikuNakano\n|t:|1699983075\n|gametype|singles\n|player|p1|Szymszym134|elesa|1639\n|player|p2|MommyMikuNakano|erika-gen1|1917\n|teamsize|p1|6\n|teamsize|p2|6\n|gen|9\n|tier|[Gen 9] National Dex Ubers\n|rated|\n|rule|HP Percentage Mod: HP is shown in percentages\n|rule|Endless Battle Clause: Forcing endless battles is banned\n|rule|OHKO Clause: OHKO moves are banned\n|rule|Evasion Moves Clause: Evasion moves are banned\n|rule|Evasion Items Clause: Evasion items are banned\n|rule|Species Clause: Limit one of each Pok\u00e9mon\n|rule|Sleep Clause Mod: Limit one foe put to sleep\n|rule|Mega Rayquaza Clause: You cannot mega evolve Rayquaza\n|clearpoke\n|poke|p1|Mewtwo|\n|poke|p1|Kingambit, F|\n|poke|p1|Garganacl, F|\n|poke|p1|Arceus-Ground|\n|poke|p1|Ditto|\n|poke|p1|Kyurem-Black|\n|poke|p2|Ditto|\n|poke|p2|Necrozma-Dusk-Mane|\n|poke|p2|Magearna|\n|poke|p2|Dondozo, M|\n|poke|p2|Kingambit, F|\n|poke|p2|Arceus-Ground|\n|teampreview\n|inactive|Battle timer is ON: inactive players will automatically lose when time's up. (requested by Szymszym134)\n|inactive|MommyMikuNakano also wants the timer to be on.\n|\n|t:|1699983087\n|start\n|switch|p1a: Kyurem|Kyurem-Black|100\/100\n|switch|p2a: Arceus|Arceus-Ground|100\/100\n|-ability|p1a: Kyurem|Teravolt\n|turn|1\n|\n|t:|1699983094\n|switch|p2a: Necrozma|Necrozma-Dusk-Mane|100\/100\n|move|p1a: Kyurem|Dragon Dance|p1a: Kyurem\n|-boost|p1a: Kyurem|atk|1\n|-boost|p1a: Kyurem|spe|1\n|\n|upkeep\n|turn|2\n|\n|t:|1699983105\n|-terastallize|p1a: Kyurem|Electric\n|move|p1a: Kyurem|Substitute|p1a: Kyurem\n|-start|p1a: Kyurem|Substitute\n|-damage|p1a: Kyurem|76\/100\n|move|p2a: Necrozma|Stealth Rock|p1a: Kyurem\n|-sidestart|p1: Szymszym134|move: Stealth Rock\n|\n|upkeep\n|turn|3\n|\n|t:|1699983113\n|move|p1a: Kyurem|Dragon Dance|p1a: Kyurem\n|-boost|p1a: Kyurem|atk|1\n|-boost|p1a: Kyurem|spe|1\n|move|p2a: Necrozma|Photon Geyser|p1a: Kyurem\n|-end|p1a: Kyurem|Substitute\n|\n|upkeep\n|turn|4\n|\n|t:|1699983124\n|move|p1a: Kyurem|Fusion Bolt|p2a: Necrozma\n|-crit|p2a: Necrozma\n|-damage|p2a: Necrozma|0 fnt\n|faint|p2a: Necrozma\n|-damage|p1a: Kyurem|66\/100|[from] item: Life Orb\n|\n|upkeep\n|\n|t:|1699983128\n|switch|p2a: Ditto|Ditto, shiny|100\/100\n|-transform|p2a: Ditto|p1a: Kyurem|[from] ability: Imposter\n|-ability|p2a: Ditto|Teravolt\n|-start|p2a: Ditto|typechange|Dragon\/Ice|[silent]\n|turn|5\n|\n|t:|1699983134\n|switch|p1a: Garganacl|Garganacl, F|100\/100\n|-damage|p1a: Garganacl|88\/100|[from] Stealth Rock\n|move|p2a: Ditto|Icicle Spear|p1a: Garganacl\n|-damage|p1a: Garganacl|68\/100\n|-damage|p1a: Garganacl|50\/100\n|-damage|p1a: Garganacl|33\/100\n|-hitcount|p1a: Garganacl|3\n|\n|-heal|p1a: Garganacl|39\/100|[from] item: Leftovers\n|upkeep\n|turn|6\n|\n|t:|1699983146\n|move|p1a: Garganacl|Protect|p1a: Garganacl\n|-singleturn|p1a: Garganacl|Protect\n|move|p2a: Ditto|Icicle Spear|p1a: Garganacl\n|-activate|p1a: Garganacl|move: Protect\n|\n|-heal|p1a: Garganacl|45\/100|[from] item: Leftovers\n|upkeep\n|turn|7\n|\n|t:|1699983150\n|move|p2a: Ditto|Icicle Spear|p1a: Garganacl\n|-damage|p1a: Garganacl|26\/100\n|-damage|p1a: Garganacl|9\/100\n|-hitcount|p1a: Garganacl|2\n|move|p1a: Garganacl|Recover|p1a: Garganacl\n|-heal|p1a: Garganacl|59\/100\n|\n|-heal|p1a: Garganacl|65\/100|[from] item: Leftovers\n|upkeep\n|turn|8\n|\n|t:|1699983157\n|switch|p2a: Arceus|Arceus-Ground|100\/100\n|move|p1a: Garganacl|Recover|p1a: Garganacl\n|-heal|p1a: Garganacl|100\/100\n|\n|upkeep\n|turn|9\n|\n|t:|1699983163\n|move|p2a: Arceus|Judgment|p1a: Garganacl\n|-supereffective|p1a: Garganacl\n|-damage|p1a: Garganacl|23\/100\n|move|p1a: Garganacl|Salt Cure|p2a: Arceus\n|-resisted|p2a: Arceus\n|-damage|p2a: Arceus|96\/100\n|-start|p2a: Arceus|Salt Cure\n|\n|-heal|p1a: Garganacl|29\/100|[from] item: Leftovers\n|-damage|p2a: Arceus|83\/100|[from] Salt Cure\n|upkeep\n|turn|10\n|\n|t:|1699983172\n|move|p1a: Garganacl|Protect|p1a: Garganacl\n|-singleturn|p1a: Garganacl|Protect\n|move|p2a: Arceus|Judgment|p1a: Garganacl\n|-activate|p1a: Garganacl|move: Protect\n|\n|-heal|p1a: Garganacl|35\/100|[from] item: Leftovers\n|-damage|p2a: Arceus|71\/100|[from] Salt Cure\n|upkeep\n|turn|11\n|\n|t:|1699983176\n|switch|p1a: Arceus|Arceus-Ground|100\/100\n|-damage|p1a: Arceus|94\/100|[from] Stealth Rock\n|move|p2a: Arceus|Judgment|p1a: Arceus\n|-damage|p1a: Arceus|62\/100\n|\n|-damage|p2a: Arceus|59\/100|[from] Salt Cure\n|upkeep\n|turn|12\n|\n|t:|1699983187\n|move|p2a: Arceus|Toxic|p1a: Arceus\n|-status|p1a: Arceus|tox\n|move|p1a: Arceus|Judgment|p2a: Arceus\n|-crit|p2a: Arceus\n|-damage|p2a: Arceus|9\/100\n|\n|-damage|p1a: Arceus|56\/100 tox|[from] psn\n|-damage|p2a: Arceus|0 fnt|[from] Salt Cure\n|faint|p2a: Arceus\n|upkeep\n|\n|t:|1699983200\n|switch|p2a: Ditto|Ditto, shiny|100\/100\n|-transform|p2a: Ditto|p1a: Arceus|[from] ability: Imposter\n|turn|13\n|\n|t:|1699983206\n|move|p2a: Ditto|Judgment|p1a: Arceus\n|-damage|p1a: Arceus|37\/100 tox\n|move|p1a: Arceus|Defog|p2a: Ditto\n|-unboost|p2a: Ditto|evasion|1\n|-sideend|p1: Szymszym134|Stealth Rock|[from] move: Defog|[of] p1a: Arceus\n|\n|-damage|p1a: Arceus|25\/100 tox|[from] psn\n|upkeep\n|turn|14\n|\n|t:|1699983210\n|switch|p1a: Kyurem|Kyurem-Black, tera:Electric|66\/100\n|-ability|p1a: Kyurem|Teravolt\n|move|p2a: Ditto|Judgment|p1a: Kyurem\n|-damage|p1a: Kyurem|42\/100\n|\n|upkeep\n|turn|15\n|\n|t:|1699983223\n|switch|p2a: Kingambit|Kingambit, F, shiny|100\/100\n|-activate|p2a: Kingambit|ability: Supreme Overlord\n|-start|p2a: Kingambit|fallen2|[silent]\n|move|p1a: Kyurem|Dragon Dance|p1a: Kyurem\n|-boost|p1a: Kyurem|atk|1\n|-boost|p1a: Kyurem|spe|1\n|\n|upkeep\n|turn|16\n|\n|t:|1699983228\n|move|p1a: Kyurem|Substitute|p1a: Kyurem\n|-start|p1a: Kyurem|Substitute\n|-damage|p1a: Kyurem|17\/100\n|move|p2a: Kingambit|Knock Off|p1a: Kyurem\n|-end|p1a: Kyurem|Substitute\n|\n|upkeep\n|turn|17\n|\n|t:|1699983234\n|move|p2a: Kingambit|Sucker Punch||[still]\n|-fail|p2a: Kingambit\n|move|p1a: Kyurem|Substitute|p1a: Kyurem\n|-fail|p1a: Kyurem|move: Substitute|[weak]\n|\n|upkeep\n|turn|18\n|\n|t:|1699983238\n|move|p2a: Kingambit|Sucker Punch|p1a: Kyurem\n|-damage|p1a: Kyurem|0 fnt\n|faint|p1a: Kyurem\n|\n|upkeep\n|\n|t:|1699983241\n|switch|p1a: Arceus|Arceus-Ground|25\/100 tox\n|turn|19\n|\n|t:|1699983250\n|-end|p2a: Kingambit|fallen2|[silent]\n|switch|p2a: Dondozo|Dondozo, M|100\/100\n|move|p1a: Arceus|Judgment|p2a: Dondozo\n|-damage|p2a: Dondozo|52\/100\n|\n|-heal|p2a: Dondozo|58\/100|[from] item: Leftovers\n|-damage|p1a: Arceus|19\/100 tox|[from] psn\n|upkeep\n|turn|20\n|\n|t:|1699983258\n|move|p1a: Arceus|Recover|p1a: Arceus\n|-heal|p1a: Arceus|69\/100 tox\n|move|p2a: Dondozo|Liquidation|p1a: Arceus\n|-supereffective|p1a: Arceus\n|-damage|p1a: Arceus|36\/100 tox\n|\n|-heal|p2a: Dondozo|64\/100|[from] item: Leftovers\n|-damage|p1a: Arceus|24\/100 tox|[from] psn\n|upkeep\n|turn|21\n|\n|t:|1699983262\n|switch|p1a: Kingambit|Kingambit, F|100\/100\n|-activate|p1a: Kingambit|ability: Supreme Overlord\n|-start|p1a: Kingambit|fallen1|[silent]\n|move|p2a: Dondozo|Liquidation|p1a: Kingambit\n|-damage|p1a: Kingambit|81\/100\n|\n|-heal|p2a: Dondozo|71\/100|[from] item: Leftovers\n|upkeep\n|turn|22\n|\n|t:|1699983267\n|move|p1a: Kingambit|Knock Off|p2a: Dondozo\n|-damage|p2a: Dondozo|39\/100\n|-enditem|p2a: Dondozo|Leftovers|[from] move: Knock Off|[of] p1a: Kingambit\n|move|p2a: Dondozo|Body Press|p1a: Kingambit\n|-supereffective|p1a: Kingambit\n|-damage|p1a: Kingambit|3\/100\n|\n|upkeep\n|turn|23\n|\n|t:|1699983274\n|move|p1a: Kingambit|Knock Off|p2a: Dondozo\n|-damage|p2a: Dondozo|15\/100\n|move|p2a: Dondozo|Liquidation|p1a: Kingambit\n|-damage|p1a: Kingambit|0 fnt\n|faint|p1a: Kingambit\n|-end|p1a: Kingambit|fallen1|[silent]\n|\n|upkeep\n|\n|t:|1699983277\n|switch|p1a: Mewtwo|Mewtwo|100\/100\n|-ability|p1a: Mewtwo|Unnerve\n|turn|24\n|\n|t:|1699983285\n|move|p1a: Mewtwo|Earth Power|p2a: Dondozo\n|-damage|p2a: Dondozo|0 fnt\n|faint|p2a: Dondozo\n|\n|upkeep\n|\n|t:|1699983289\n|switch|p2a: Kingambit|Kingambit, F, shiny|100\/100\n|-activate|p2a: Kingambit|ability: Supreme Overlord\n|-start|p2a: Kingambit|fallen3|[silent]\n|turn|25\n|\n|t:|1699983294\n|switch|p1a: Arceus|Arceus-Ground|24\/100 tox\n|move|p2a: Kingambit|Sucker Punch||[still]\n|-fail|p2a: Kingambit\n|\n|-damage|p1a: Arceus|18\/100 tox|[from] psn\n|upkeep\n|turn|26\n|\n|t:|1699983303\n|-end|p2a: Kingambit|fallen3|[silent]\n|switch|p2a: Ditto|Ditto, shiny|100\/100\n|-transform|p2a: Ditto|p1a: Arceus|[from] ability: Imposter\n|move|p1a: Arceus|Judgment|p2a: Ditto\n|-damage|p2a: Ditto|54\/100\n|\n|-damage|p1a: Arceus|6\/100 tox|[from] psn\n|upkeep\n|turn|27\n|\n|t:|1699983307\n|switch|p1a: Mewtwo|Mewtwo|100\/100\n|-ability|p1a: Mewtwo|Unnerve\n|move|p2a: Ditto|Judgment|p1a: Mewtwo\n|-damage|p1a: Mewtwo|73\/100\n|\n|upkeep\n|turn|28\n|\n|t:|1699983314\n|switch|p2a: Magearna|Magearna|100\/100\n|move|p1a: Mewtwo|Nasty Plot|p1a: Mewtwo\n|-boost|p1a: Mewtwo|spa|2\n|\n|upkeep\n|turn|29\n|\n|t:|1699983319\n|detailschange|p1a: Mewtwo|Mewtwo-Mega-Y\n|-mega|p1a: Mewtwo|Mewtwo|Mewtwonite Y\n|move|p1a: Mewtwo|Earth Power|p2a: Magearna\n|-supereffective|p2a: Magearna\n|-damage|p2a: Magearna|0 fnt\n|faint|p2a: Magearna\n|\n|upkeep\n|\n|t:|1699983321\n|switch|p2a: Ditto|Ditto, shiny|54\/100\n|-transform|p2a: Ditto|p1a: Mewtwo|[from] ability: Imposter\n|turn|30\n|\n|t:|1699983327\n|move|p2a: Ditto|Psystrike|p1a: Mewtwo\n|-resisted|p1a: Mewtwo\n|-damage|p1a: Mewtwo|0 fnt\n|faint|p1a: Mewtwo\n|\n|upkeep\n|\n|t:|1699983331\n|switch|p1a: Garganacl|Garganacl, F|35\/100\n|turn|31\n|\n|t:|1699983334\n|move|p1a: Garganacl|Protect|p1a: Garganacl\n|-singleturn|p1a: Garganacl|Protect\n|move|p2a: Ditto|Psystrike|p1a: Garganacl\n|-activate|p1a: Garganacl|move: Protect\n|\n|-heal|p1a: Garganacl|41\/100|[from] item: Leftovers\n|upkeep\n|turn|32\n|\n|t:|1699983339\n|move|p2a: Ditto|Psystrike|p1a: Garganacl\n|-damage|p1a: Garganacl|0 fnt\n|faint|p1a: Garganacl\n|\n|upkeep\n|\n|t:|1699983342\n|switch|p1a: Ditto|Ditto|100\/100\n|turn|33\n|-message|Szymszym134 forfeited.\n|\n|win|MommyMikuNakano\n|raw|Szymszym134's rating: 1639 &rarr; <strong>1632<\/strong><br \/>(-7 for losing)\n|raw|MommyMikuNakano's rating: 1917 &rarr; <strong>1924<\/strong><br \/>(+7 for winning)\n|l|\u2606MommyMikuNakano\n","uploadtime":1699983367,"views":9,"p1id":"szymszym134","p2id":"mommymikunakano","formatid":"gen9nationaldexubers","rating":1632,"private":0,"password":""}