{"id":"gen9nationaldexubers-1989561784","p1":"delete later420","p2":"hexagonereal","format":"[Gen 9] National Dex Ubers","log":"|j|\u2606delete later420\n|j|\u2606hexagonereal\n|t:|1699871612\n|gametype|singles\n|player|p1|delete later420|1|1526\n|player|p2|hexagonereal|cyrus|1620\n|teamsize|p1|6\n|teamsize|p2|6\n|gen|9\n|tier|[Gen 9] National Dex Ubers\n|rated|\n|rule|HP Percentage Mod: HP is shown in percentages\n|rule|Endless Battle Clause: Forcing endless battles is banned\n|rule|OHKO Clause: OHKO moves are banned\n|rule|Evasion Moves Clause: Evasion moves are banned\n|rule|Evasion Items Clause: Evasion items are banned\n|rule|Species Clause: Limit one of each Pok\u00e9mon\n|rule|Sleep Clause Mod: Limit one foe put to sleep\n|rule|Mega Rayquaza Clause: You cannot mega evolve Rayquaza\n|clearpoke\n|poke|p1|Zacian-*|\n|poke|p1|Kyogre|\n|poke|p1|Regieleki|\n|poke|p1|Smeargle, F|\n|poke|p1|Stakataka|\n|poke|p1|Galvantula, M|\n|poke|p2|Salamence, M|\n|poke|p2|Groudon|\n|poke|p2|Arceus-Dark|\n|poke|p2|Xerneas-*|\n|poke|p2|Ho-Oh|\n|poke|p2|Zacian-*|\n|teampreview\n|inactive|Battle timer is ON: inactive players will automatically lose when time's up. (requested by delete later420)\n|\n|t:|1699871637\n|start\n|switch|p1a: Galvantula|Galvantula, M|100\/100\n|switch|p2a: Lil Neas X|Xerneas|100\/100\n|-ability|p2a: Lil Neas X|Fairy Aura\n|turn|1\n|\n|t:|1699871650\n|-terastallize|p2a: Lil Neas X|Electric\n|move|p1a: Galvantula|Thunder Wave|p2a: Lil Neas X\n|-immune|p2a: Lil Neas X\n|move|p2a: Lil Neas X|Substitute|p2a: Lil Neas X\n|-start|p2a: Lil Neas X|Substitute\n|-damage|p2a: Lil Neas X|76\/100\n|\n|upkeep\n|turn|2\n|\n|t:|1699871657\n|move|p1a: Galvantula|Sticky Web|p2a: Lil Neas X\n|-sidestart|p2: hexagonereal|move: Sticky Web\n|move|p2a: Lil Neas X|Geomancy||[still]\n|-prepare|p2a: Lil Neas X|Geomancy\n|-enditem|p2a: Lil Neas X|Power Herb\n|-anim|p2a: Lil Neas X|Geomancy|p2a: Lil Neas X\n|-boost|p2a: Lil Neas X|spa|2\n|-boost|p2a: Lil Neas X|spd|2\n|-boost|p2a: Lil Neas X|spe|2\n|\n|upkeep\n|turn|3\n|\n|t:|1699871664\n|move|p2a: Lil Neas X|Moonblast|p1a: Galvantula\n|-enditem|p1a: Galvantula|Focus Sash\n|-damage|p1a: Galvantula|1\/100\n|move|p1a: Galvantula|Volt Switch|p2a: Lil Neas X\n|-resisted|p2a: Lil Neas X\n|-activate|p2a: Lil Neas X|move: Substitute|[damage]\n|\n|t:|1699871672\n|switch|p1a: Regieleki|Regieleki|100\/100|[from] Volt Switch\n|\n|upkeep\n|turn|4\n|\n|t:|1699871676\n|move|p2a: Lil Neas X|Moonblast|p1a: Regieleki\n|-enditem|p1a: Regieleki|Focus Sash\n|-damage|p1a: Regieleki|1\/100\n|move|p1a: Regieleki|Tera Blast|p2a: Lil Neas X\n|-activate|p2a: Lil Neas X|move: Substitute|[damage]\n|\n|upkeep\n|turn|5\n|\n|t:|1699871684\n|move|p2a: Lil Neas X|Moonblast|p1a: Regieleki\n|-damage|p1a: Regieleki|0 fnt\n|faint|p1a: Regieleki\n|\n|upkeep\n|\n|t:|1699871689\n|switch|p1a: Kyogre|Kyogre|100\/100\n|detailschange|p1a: Kyogre|Kyogre-Primal\n|-primal|p1a: Kyogre|Blue Orb\n|-weather|PrimordialSea|[from] ability: Primordial Sea|[of] p1a: Kyogre\n|turn|6\n|\n|t:|1699871695\n|move|p2a: Lil Neas X|Thunder|p1a: Kyogre\n|-supereffective|p1a: Kyogre\n|-damage|p1a: Kyogre|0 fnt\n|faint|p1a: Kyogre\n|-weather|none\n|\n|upkeep\n|\n|t:|1699871702\n|switch|p1a: Zacian|Zacian-Crowned|100\/100\n|-ability|p1a: Zacian|Intrepid Sword|boost\n|-boost|p1a: Zacian|atk|1\n|turn|7\n|\n|t:|1699871706\n|move|p2a: Lil Neas X|Thunder|p1a: Zacian\n|-damage|p1a: Zacian|0 fnt\n|faint|p1a: Zacian\n|\n|upkeep\n|\n|t:|1699871714\n|switch|p1a: Stakataka|Stakataka|100\/100\n|turn|8\n|\n|t:|1699871719\n|move|p2a: Lil Neas X|Thunder|p1a: Stakataka|[miss]\n|-miss|p2a: Lil Neas X|p1a: Stakataka\n|move|p1a: Stakataka|Trick Room|p1a: Stakataka\n|-fieldstart|move: Trick Room|[of] p1a: Stakataka\n|\n|upkeep\n|turn|9\n|\n|t:|1699871726\n|move|p1a: Stakataka|Body Press|p2a: Lil Neas X\n|-end|p2a: Lil Neas X|Substitute\n|move|p2a: Lil Neas X|Thunder|p1a: Stakataka|[miss]\n|-miss|p2a: Lil Neas X|p1a: Stakataka\n|\n|upkeep\n|turn|10\n|\n|t:|1699871739\n|-terastallize|p1a: Stakataka|Fighting\n|move|p1a: Stakataka|Body Press|p2a: Lil Neas X\n|-damage|p2a: Lil Neas X|21\/100\n|move|p2a: Lil Neas X|Thunder|p1a: Stakataka\n|-damage|p1a: Stakataka|0 fnt\n|faint|p1a: Stakataka\n|\n|upkeep\n|\n|t:|1699871747\n|switch|p1a: Smeargle|Smeargle, F|100\/100\n|turn|11\n|\n|t:|1699871753\n|move|p1a: Smeargle|Spore|p2a: Lil Neas X\n|-status|p2a: Lil Neas X|slp|[from] move: Spore\n|cant|p2a: Lil Neas X|slp\n|\n|upkeep\n|turn|12\n|\n|t:|1699871758\n|move|p1a: Smeargle|Revival Blessing|p1a: Smeargle\n|\n|t:|1699871762\n|-heal|p1: Stakataka|50\/100|[from] move: Revival Blessing\n|cant|p2a: Lil Neas X|slp\n|\n|-fieldend|move: Trick Room\n|upkeep\n|turn|13\n|\n|t:|1699871768\n|cant|p2a: Lil Neas X|slp\n|move|p1a: Smeargle|Perish Song|p1a: Smeargle\n|-start|p1a: Smeargle|perish3|[silent]\n|-start|p2a: Lil Neas X|perish3|[silent]\n|-fieldactivate|move: Perish Song\n|\n|-start|p2a: Lil Neas X|perish3\n|-start|p1a: Smeargle|perish3\n|upkeep\n|turn|14\n|\n|t:|1699871775\n|-curestatus|p2a: Lil Neas X|slp|[msg]\n|move|p2a: Lil Neas X|Moonblast|p1a: Smeargle\n|-enditem|p1a: Smeargle|Focus Sash\n|-damage|p1a: Smeargle|1\/100\n|move|p1a: Smeargle|Spore|p2a: Lil Neas X\n|-status|p2a: Lil Neas X|slp|[from] move: Spore\n|\n|-start|p2a: Lil Neas X|perish2\n|-start|p1a: Smeargle|perish2\n|upkeep\n|turn|15\n|\n|t:|1699871788\n|switch|p2a: Drake|Salamence, M|100\/100\n|-ability|p2a: Drake|Intimidate|boost\n|-fail|p1a: Smeargle|unboost|Attack|[from] ability: Own Tempo|[of] p1a: Smeargle\n|switch|p1a: Stakataka|Stakataka|50\/100\n|\n|-heal|p1a: Stakataka|57\/100|[from] item: Leftovers\n|upkeep\n|turn|16\n|\n|t:|1699871795\n|detailschange|p2a: Drake|Salamence-Mega, M\n|-mega|p2a: Drake|Salamence|Salamencite\n|move|p2a: Drake|Earthquake|p1a: Stakataka\n|-supereffective|p1a: Stakataka\n|-damage|p1a: Stakataka|0 fnt\n|faint|p1a: Stakataka\n|\n|upkeep\n|-message|delete later420 forfeited.\n|\n|win|hexagonereal\n|raw|delete later420's rating: 1526 &rarr; <strong>1511<\/strong><br \/>(-15 for losing)\n|raw|hexagonereal's rating: 1620 &rarr; <strong>1635<\/strong><br \/>(+15 for winning)\n|l|\u2606delete later420\n","uploadtime":1699871812,"views":6,"p1id":"deletelater420","p2id":"hexagonereal","formatid":"gen9nationaldexubers","rating":1511,"private":0,"password":""}