{"id":"gen9nationaldexubers-1997972413","p1":"projectaster","p2":"Pianoboy19701","format":"[Gen 9] National Dex Ubers","log":"|j|\u2606projectaster\n|j|\u2606Pianoboy19701\n|t:|1700873891\n|gametype|singles\n|player|p1|projectaster|lusamine-masters|1218\n|player|p2|Pianoboy19701|265|1205\n|teamsize|p1|6\n|teamsize|p2|6\n|gen|9\n|tier|[Gen 9] National Dex Ubers\n|rated|\n|rule|HP Percentage Mod: HP is shown in percentages\n|rule|Endless Battle Clause: Forcing endless battles is banned\n|rule|OHKO Clause: OHKO moves are banned\n|rule|Evasion Moves Clause: Evasion moves are banned\n|rule|Evasion Items Clause: Evasion items are banned\n|rule|Species Clause: Limit one of each Pok\u00e9mon\n|rule|Sleep Clause Mod: Limit one foe put to sleep\n|rule|Mega Rayquaza Clause: You cannot mega evolve Rayquaza\n|clearpoke\n|poke|p1|Veluza, M|\n|poke|p1|Sandy Shocks|\n|poke|p1|Klefki, M|\n|poke|p1|Dipplin, F|\n|poke|p1|Swellow, F|\n|poke|p1|Iron Bundle|\n|poke|p2|Toxapex, M|\n|poke|p2|Ferrothorn, M|\n|poke|p2|Gholdengo|\n|poke|p2|Ting-Lu|\n|poke|p2|Pikachu, F|\n|poke|p2|Garchomp, M|\n|teampreview\n|inactive|Battle timer is ON: inactive players will automatically lose when time's up. (requested by Pianoboy19701)\n|\n|t:|1700873898\n|start\n|switch|p1a: Sandy Shocks|Sandy Shocks|100\/100\n|switch|p2a: Toxapex|Toxapex, M|100\/100\n|turn|1\n|\n|t:|1700873906\n|move|p2a: Toxapex|Baneful Bunker|p2a: Toxapex\n|-singleturn|p2a: Toxapex|move: Protect\n|move|p1a: Sandy Shocks|Stealth Rock|p2a: Toxapex\n|-sidestart|p2: Pianoboy19701|move: Stealth Rock\n|\n|upkeep\n|turn|2\n|\n|t:|1700873912\n|move|p1a: Sandy Shocks|Earth Power|p2a: Toxapex\n|-supereffective|p2a: Toxapex\n|-damage|p2a: Toxapex|21\/100\n|-enditem|p2a: Toxapex|Red Card|[of] p1a: Sandy Shocks\n|-end|p1a: Sandy Shocks|Protosynthesis|[silent]\n|drag|p1a: Veluza|Veluza, M|100\/100\n|move|p2a: Toxapex|Toxic Spikes|p1a: Veluza\n|-sidestart|p1: projectaster|move: Toxic Spikes\n|\n|upkeep\n|turn|3\n|\n|t:|1700873920\n|move|p2a: Toxapex|Baneful Bunker|p2a: Toxapex\n|-singleturn|p2a: Toxapex|move: Protect\n|move|p1a: Veluza|Substitute|p1a: Veluza\n|-start|p1a: Veluza|Substitute\n|-damage|p1a: Veluza|76\/100\n|\n|upkeep\n|turn|4\n|\n|t:|1700873930\n|switch|p2a: Ferrothorn|Ferrothorn, M|100\/100\n|-damage|p2a: Ferrothorn|94\/100|[from] Stealth Rock\n|move|p1a: Veluza|Fillet Away|p1a: Veluza\n|-boost|p1a: Veluza|atk|2\n|-boost|p1a: Veluza|spa|2\n|-boost|p1a: Veluza|spe|2\n|-damage|p1a: Veluza|26\/100\n|-enditem|p1a: Veluza|Sitrus Berry|[eat]\n|-heal|p1a: Veluza|50\/100|[from] item: Sitrus Berry\n|\n|upkeep\n|turn|5\n|\n|t:|1700873937\n|move|p1a: Veluza|Aqua Cutter|p2a: Ferrothorn\n|-resisted|p2a: Ferrothorn\n|-damage|p2a: Ferrothorn|57\/100\n|-enditem|p2a: Ferrothorn|Red Card|[of] p1a: Veluza\n|drag|p1a: Iron Bundle|Iron Bundle|100\/100\n|move|p2a: Ferrothorn|Stealth Rock|p1a: Iron Bundle\n|-sidestart|p1: projectaster|move: Stealth Rock\n|\n|upkeep\n|turn|6\n|\n|t:|1700873950\n|move|p1a: Iron Bundle|Freeze-Dry|p2a: Ferrothorn\n|-damage|p2a: Ferrothorn|33\/100\n|move|p2a: Ferrothorn|Leech Seed|p1a: Iron Bundle\n|-start|p1a: Iron Bundle|move: Leech Seed\n|\n|-damage|p1a: Iron Bundle|88\/100|[from] Leech Seed|[of] p2a: Ferrothorn\n|-heal|p2a: Ferrothorn|42\/100|[silent]\n|upkeep\n|turn|7\n|\n|t:|1700873966\n|move|p1a: Iron Bundle|Freeze-Dry|p2a: Ferrothorn\n|-damage|p2a: Ferrothorn|19\/100\n|move|p2a: Ferrothorn|Spikes|p1a: Iron Bundle\n|-sidestart|p1: projectaster|Spikes\n|\n|-damage|p1a: Iron Bundle|76\/100|[from] Leech Seed|[of] p2a: Ferrothorn\n|-heal|p2a: Ferrothorn|27\/100|[silent]\n|upkeep\n|turn|8\n|\n|t:|1700873976\n|move|p1a: Iron Bundle|Freeze-Dry|p2a: Ferrothorn\n|-damage|p2a: Ferrothorn|5\/100\n|move|p2a: Ferrothorn|Gyro Ball|p1a: Iron Bundle\n|-damage|p1a: Iron Bundle|14\/100\n|\n|-damage|p1a: Iron Bundle|2\/100|[from] Leech Seed|[of] p2a: Ferrothorn\n|-heal|p2a: Ferrothorn|14\/100|[silent]\n|upkeep\n|turn|9\n|\n|t:|1700874000\n|switch|p2a: Gholdengo|Gholdengo|100\/100\n|-damage|p2a: Gholdengo|94\/100|[from] Stealth Rock\n|-item|p2a: Gholdengo|Air Balloon\n|move|p1a: Iron Bundle|Freeze-Dry|p2a: Gholdengo\n|-resisted|p2a: Gholdengo\n|-crit|p2a: Gholdengo\n|-damage|p2a: Gholdengo|65\/100\n|-enditem|p2a: Gholdengo|Air Balloon\n|\n|-damage|p1a: Iron Bundle|0 fnt|[from] Leech Seed|[of] p2a: Gholdengo\n|-heal|p2a: Gholdengo|66\/100|[silent]\n|faint|p1a: Iron Bundle\n|-end|p1a: Iron Bundle|Quark Drive|[silent]\n|upkeep\n|\n|t:|1700874004\n|switch|p1a: Sandy Shocks|Sandy Shocks|100\/100\n|turn|10\n|\n|t:|1700874010\n|switch|p2a: Ferrothorn|Ferrothorn, M|14\/100\n|-damage|p2a: Ferrothorn|8\/100|[from] Stealth Rock\n|move|p1a: Sandy Shocks|Earth Power|p2a: Ferrothorn\n|-damage|p2a: Ferrothorn|0 fnt\n|faint|p2a: Ferrothorn\n|\n|upkeep\n|\n|t:|1700874019\n|switch|p2a: Garchomp|Garchomp, M|100\/100\n|-damage|p2a: Garchomp|94\/100|[from] Stealth Rock\n|turn|11\n|\n|t:|1700874025\n|-terastallize|p1a: Sandy Shocks|Ice\n|move|p1a: Sandy Shocks|Tera Blast|p2a: Garchomp|[anim] Tera Blast Ice\n|-supereffective|p2a: Garchomp\n|-damage|p2a: Garchomp|0 fnt\n|faint|p2a: Garchomp\n|\n|upkeep\n|\n|t:|1700874034\n|switch|p2a: Gholdengo|Gholdengo|66\/100\n|-damage|p2a: Gholdengo|60\/100|[from] Stealth Rock\n|turn|12\n|\n|t:|1700874051\n|-terastallize|p2a: Gholdengo|Ghost\n|move|p1a: Sandy Shocks|Earth Power|p2a: Gholdengo\n|-damage|p2a: Gholdengo|12\/100\n|move|p2a: Gholdengo|Make It Rain|p1a: Sandy Shocks\n|-supereffective|p1a: Sandy Shocks\n|-damage|p1a: Sandy Shocks|0 fnt\n|-unboost|p2a: Gholdengo|spa|1\n|faint|p1a: Sandy Shocks\n|-end|p1a: Sandy Shocks|Protosynthesis|[silent]\n|\n|upkeep\n|\n|t:|1700874057\n|switch|p1a: Dipplin|Dipplin, F|100\/100\n|-status|p1a: Dipplin|psn\n|-damage|p1a: Dipplin|88\/100 psn|[from] Stealth Rock\n|-damage|p1a: Dipplin|76\/100 psn|[from] Spikes\n|-ability|p1a: Dipplin|Supersweet Syrup\n|-ability|p1a: Dipplin|Supersweet Syrup|boost\n|-unboost|p2a: Gholdengo|evasion|1\n|turn|13\n|\n|t:|1700874063\n|switch|p2a: Toxapex|Toxapex, M|55\/100\n|-damage|p2a: Toxapex|42\/100|[from] Stealth Rock\n|move|p1a: Dipplin|Syrup Bomb|p2a: Toxapex\n|-damage|p2a: Toxapex|26\/100\n|-start|p2a: Toxapex|Syrup Bomb\n|\n|-damage|p1a: Dipplin|63\/100 psn|[from] psn\n|-unboost|p2a: Toxapex|spe|1\n|upkeep\n|turn|14\n|\n|t:|1700874077\n|move|p2a: Toxapex|Baneful Bunker|p2a: Toxapex\n|-singleturn|p2a: Toxapex|move: Protect\n|move|p1a: Dipplin|Syrup Bomb|p2a: Toxapex\n|-activate|p2a: Toxapex|move: Protect\n|\n|-damage|p1a: Dipplin|51\/100 psn|[from] psn\n|-unboost|p2a: Toxapex|spe|1\n|upkeep\n|turn|15\n|\n|t:|1700874091\n|switch|p2a: Gholdengo|Gholdengo, tera:Ghost|12\/100\n|-damage|p2a: Gholdengo|0 fnt|[from] Stealth Rock\n|faint|p2a: Gholdengo\n|move|p1a: Dipplin|Recover|p1a: Dipplin\n|-heal|p1a: Dipplin|100\/100 psn\n|\n|-damage|p1a: Dipplin|88\/100 psn|[from] psn\n|upkeep\n|\n|t:|1700874100\n|switch|p2a: Ting-Lu|Ting-Lu|100\/100\n|-damage|p2a: Ting-Lu|94\/100|[from] Stealth Rock\n|-ability|p2a: Ting-Lu|Vessel of Ruin\n|turn|16\n|\n|t:|1700874105\n|move|p1a: Dipplin|Syrup Bomb|p2a: Ting-Lu\n|-supereffective|p2a: Ting-Lu\n|-damage|p2a: Ting-Lu|79\/100\n|-start|p2a: Ting-Lu|Syrup Bomb\n|-enditem|p2a: Ting-Lu|Red Card|[of] p1a: Dipplin\n|drag|p1a: Klefki|Klefki, M|100\/100\n|-damage|p1a: Klefki|95\/100|[from] Stealth Rock\n|-damage|p1a: Klefki|82\/100|[from] Spikes\n|move|p2a: Ting-Lu|Whirlwind|p1a: Klefki\n|drag|p1a: Veluza|Veluza, M|50\/100\n|-status|p1a: Veluza|psn\n|-damage|p1a: Veluza|38\/100 psn|[from] Stealth Rock\n|-damage|p1a: Veluza|26\/100 psn|[from] Spikes\n|\n|-damage|p1a: Veluza|13\/100 psn|[from] psn\n|-unboost|p2a: Ting-Lu|spe|1\n|upkeep\n|turn|17\n|\n|t:|1700874119\n|switch|p2a: Toxapex|Toxapex, M|59\/100\n|-damage|p2a: Toxapex|47\/100|[from] Stealth Rock\n|move|p1a: Veluza|Aqua Cutter|p2a: Toxapex\n|-resisted|p2a: Toxapex\n|-damage|p2a: Toxapex|32\/100\n|\n|-damage|p1a: Veluza|1\/100 psn|[from] psn\n|upkeep\n|turn|18\n|\n|t:|1700874126\n|move|p2a: Toxapex|Baneful Bunker|p2a: Toxapex\n|-singleturn|p2a: Toxapex|move: Protect\n|move|p1a: Veluza|Psycho Cut|p2a: Toxapex\n|-activate|p2a: Toxapex|move: Protect\n|\n|-damage|p1a: Veluza|0 fnt|[from] psn\n|faint|p1a: Veluza\n|upkeep\n|\n|t:|1700874131\n|switch|p1a: Klefki|Klefki, M|82\/100\n|-damage|p1a: Klefki|76\/100|[from] Stealth Rock\n|-damage|p1a: Klefki|64\/100|[from] Spikes\n|turn|19\n|\n|t:|1700874137\n|move|p2a: Toxapex|Magic Coat|p2a: Toxapex\n|-singleturn|p2a: Toxapex|move: Magic Coat\n|move|p1a: Klefki|Foul Play|p2a: Toxapex\n|-damage|p2a: Toxapex|26\/100\n|\n|upkeep\n|turn|20\n|\n|t:|1700874147\n|switch|p2a: Ting-Lu|Ting-Lu|79\/100\n|-damage|p2a: Ting-Lu|72\/100|[from] Stealth Rock\n|-ability|p2a: Ting-Lu|Vessel of Ruin\n|move|p1a: Klefki|Foul Play|p2a: Ting-Lu\n|-resisted|p2a: Ting-Lu\n|-damage|p2a: Ting-Lu|66\/100\n|\n|upkeep\n|turn|21\n|\n|t:|1700874157\n|move|p1a: Klefki|Foul Play|p2a: Ting-Lu\n|-resisted|p2a: Ting-Lu\n|-damage|p2a: Ting-Lu|60\/100\n|move|p2a: Ting-Lu|Spikes|p1a: Klefki\n|-sidestart|p1: projectaster|Spikes\n|\n|upkeep\n|turn|22\n|\n|t:|1700874161\n|move|p1a: Klefki|Switcheroo|p2a: Ting-Lu\n|-hint|Since gen 7, Dark is immune to Prankster moves.\n|-immune|p2a: Ting-Lu\n|move|p2a: Ting-Lu|Spikes|p1a: Klefki\n|-sidestart|p1: projectaster|Spikes\n|\n|upkeep\n|turn|23\n|\n|t:|1700874171\n|move|p1a: Klefki|Spikes|p2a: Ting-Lu\n|-sidestart|p2: Pianoboy19701|Spikes\n|move|p2a: Ting-Lu|Whirlwind|p1a: Klefki\n|drag|p1a: Swellow|Swellow, F, shiny|100\/100\n|-damage|p1a: Swellow|76\/100|[from] Stealth Rock\n|\n|upkeep\n|turn|24\n|\n|t:|1700874178\n|move|p1a: Swellow|Boomburst|p2a: Ting-Lu\n|-damage|p2a: Ting-Lu|29\/100\n|move|p2a: Ting-Lu|Whirlwind|p1a: Swellow\n|drag|p1a: Klefki|Klefki, M|64\/100\n|-damage|p1a: Klefki|58\/100|[from] Stealth Rock\n|-damage|p1a: Klefki|33\/100|[from] Spikes\n|\n|upkeep\n|turn|25\n|\n|t:|1700874186\n|move|p1a: Klefki|Foul Play|p2a: Ting-Lu\n|-resisted|p2a: Ting-Lu\n|-damage|p2a: Ting-Lu|22\/100\n|move|p2a: Ting-Lu|Whirlwind|p1a: Klefki\n|drag|p1a: Swellow|Swellow, F, shiny|76\/100\n|-damage|p1a: Swellow|51\/100|[from] Stealth Rock\n|\n|upkeep\n|turn|26\n|\n|t:|1700874195\n|move|p1a: Swellow|Boomburst|p2a: Ting-Lu\n|-damage|p2a: Ting-Lu|0 fnt\n|faint|p2a: Ting-Lu\n|\n|upkeep\n|\n|t:|1700874198\n|switch|p2a: Pikachu|Pikachu, F|100\/100\n|turn|27\n|\n|t:|1700874200\n|move|p2a: Pikachu|Fake Out|p1a: Swellow\n|-damage|p1a: Swellow|34\/100\n|cant|p1a: Swellow|flinch\n|\n|upkeep\n|turn|28\n|\n|t:|1700874203\n|move|p2a: Pikachu|Extreme Speed|p1a: Swellow\n|-damage|p1a: Swellow|0 fnt\n|faint|p1a: Swellow\n|\n|upkeep\n|\n|t:|1700874206\n|switch|p1a: Dipplin|Dipplin, F|88\/100 psn\n|-damage|p1a: Dipplin|76\/100 psn|[from] Stealth Rock\n|-damage|p1a: Dipplin|51\/100 psn|[from] Spikes\n|turn|29\n|\n|t:|1700874212\n|switch|p2a: Toxapex|Toxapex, M|59\/100\n|-damage|p2a: Toxapex|47\/100|[from] Stealth Rock\n|-damage|p2a: Toxapex|34\/100|[from] Spikes\n|move|p1a: Dipplin|Syrup Bomb|p2a: Toxapex\n|-damage|p2a: Toxapex|17\/100\n|-start|p2a: Toxapex|Syrup Bomb\n|\n|-damage|p1a: Dipplin|38\/100 psn|[from] psn\n|-unboost|p2a: Toxapex|spe|1\n|upkeep\n|turn|30\n|\n|t:|1700874217\n|move|p2a: Toxapex|Baneful Bunker|p2a: Toxapex\n|-singleturn|p2a: Toxapex|move: Protect\n|move|p1a: Dipplin|Recover|p1a: Dipplin\n|-heal|p1a: Dipplin|88\/100 psn\n|\n|-damage|p1a: Dipplin|76\/100 psn|[from] psn\n|-unboost|p2a: Toxapex|spe|1\n|upkeep\n|turn|31\n|\n|t:|1700874232\n|move|p1a: Dipplin|Syrup Bomb|p2a: Toxapex|[miss]\n|-miss|p1a: Dipplin|p2a: Toxapex\n|move|p2a: Toxapex|Scald|p1a: Dipplin\n|-resisted|p1a: Dipplin\n|-damage|p1a: Dipplin|73\/100 psn\n|\n|-damage|p1a: Dipplin|60\/100 psn|[from] psn\n|-unboost|p2a: Toxapex|spe|1\n|upkeep\n|turn|32\n|\n|t:|1700874235\n|move|p2a: Toxapex|Baneful Bunker|p2a: Toxapex\n|-singleturn|p2a: Toxapex|move: Protect\n|move|p1a: Dipplin|Syrup Bomb|p2a: Toxapex\n|-activate|p2a: Toxapex|move: Protect\n|\n|-damage|p1a: Dipplin|48\/100 psn|[from] psn\n|-end|p2a: Toxapex|Syrup Bomb|[silent]\n|upkeep\n|turn|33\n|\n|t:|1700874242\n|move|p1a: Dipplin|Recover|p1a: Dipplin\n|-heal|p1a: Dipplin|98\/100 psn\n|move|p2a: Toxapex|Scald|p1a: Dipplin\n|-resisted|p1a: Dipplin\n|-damage|p1a: Dipplin|95\/100 psn\n|\n|-damage|p1a: Dipplin|83\/100 psn|[from] psn\n|upkeep\n|turn|34\n|\n|t:|1700874245\n|move|p2a: Toxapex|Baneful Bunker|p2a: Toxapex\n|-singleturn|p2a: Toxapex|move: Protect\n|move|p1a: Dipplin|Syrup Bomb|p2a: Toxapex\n|-activate|p2a: Toxapex|move: Protect\n|\n|-damage|p1a: Dipplin|71\/100 psn|[from] psn\n|upkeep\n|turn|35\n|\n|t:|1700874251\n|move|p1a: Dipplin|Syrup Bomb|p2a: Toxapex|[miss]\n|-miss|p1a: Dipplin|p2a: Toxapex\n|move|p2a: Toxapex|Scald|p1a: Dipplin\n|-resisted|p1a: Dipplin\n|-damage|p1a: Dipplin|68\/100 psn\n|\n|-damage|p1a: Dipplin|55\/100 psn|[from] psn\n|upkeep\n|turn|36\n|\n|t:|1700874258\n|move|p2a: Toxapex|Baneful Bunker|p2a: Toxapex\n|-singleturn|p2a: Toxapex|move: Protect\n|move|p1a: Dipplin|Recover|p1a: Dipplin\n|-heal|p1a: Dipplin|100\/100 psn\n|\n|-damage|p1a: Dipplin|88\/100 psn|[from] psn\n|upkeep\n|turn|37\n|\n|t:|1700874267\n|move|p2a: Toxapex|Baneful Bunker||[still]\n|-fail|p2a: Toxapex\n|move|p1a: Dipplin|Syrup Bomb|p2a: Toxapex\n|-damage|p2a: Toxapex|1\/100\n|-start|p2a: Toxapex|Syrup Bomb\n|\n|-damage|p1a: Dipplin|76\/100 psn|[from] psn\n|-unboost|p2a: Toxapex|spe|1\n|upkeep\n|turn|38\n|\n|t:|1700874274\n|move|p2a: Toxapex|Baneful Bunker|p2a: Toxapex\n|-singleturn|p2a: Toxapex|move: Protect\n|move|p1a: Dipplin|Recover|p1a: Dipplin\n|-heal|p1a: Dipplin|100\/100 psn\n|\n|-damage|p1a: Dipplin|88\/100 psn|[from] psn\n|-unboost|p2a: Toxapex|spe|1\n|upkeep\n|turn|39\n|\n|t:|1700874280\n|move|p1a: Dipplin|Syrup Bomb|p2a: Toxapex\n|-damage|p2a: Toxapex|0 fnt\n|faint|p2a: Toxapex\n|\n|-damage|p1a: Dipplin|76\/100 psn|[from] psn\n|upkeep\n|\n|t:|1700874282\n|switch|p2a: Pikachu|Pikachu, F|100\/100\n|turn|40\n|\n|t:|1700874288\n|move|p1a: Dipplin|Protect|p1a: Dipplin\n|-singleturn|p1a: Dipplin|Protect\n|move|p2a: Pikachu|Fake Out|p1a: Dipplin\n|-activate|p1a: Dipplin|move: Protect\n|\n|-damage|p1a: Dipplin|63\/100 psn|[from] psn\n|upkeep\n|turn|41\n|\n|t:|1700874293\n|move|p2a: Pikachu|Play Rough|p1a: Dipplin\n|-supereffective|p1a: Dipplin\n|-damage|p1a: Dipplin|45\/100 psn\n|move|p1a: Dipplin|Syrup Bomb|p2a: Pikachu\n|-damage|p2a: Pikachu|46\/100\n|-start|p2a: Pikachu|Syrup Bomb\n|\n|-damage|p1a: Dipplin|32\/100 psn|[from] psn\n|-unboost|p2a: Pikachu|spe|1\n|upkeep\n|turn|42\n|-message|Pianoboy19701 forfeited.\n|\n|win|projectaster\n|raw|projectaster's rating: 1218 &rarr; <strong>1242<\/strong><br \/>(+24 for winning)\n|raw|Pianoboy19701's rating: 1205 &rarr; <strong>1181<\/strong><br \/>(-24 for losing)\n|l|\u2606Pianoboy19701\n","uploadtime":1700874314,"views":1,"p1id":"projectaster","p2id":"pianoboy19701","formatid":"gen9nationaldexubers","rating":1181,"private":0,"password":""}