{"id":"gen9nationaldexubers-1989224698","p1":"ihateclodsire","p2":"AlastorTheOverlord","format":"[Gen 9] National Dex Ubers","log":"|j|\u2606ihateclodsire\n|j|\u2606AlastorTheOverlord\n|t:|1699825281\n|gametype|singles\n|player|p1|ihateclodsire|gambler|1121\n|player|p2|AlastorTheOverlord|n|1222\n|teamsize|p1|6\n|teamsize|p2|6\n|gen|9\n|tier|[Gen 9] National Dex Ubers\n|rated|\n|rule|HP Percentage Mod: HP is shown in percentages\n|rule|Endless Battle Clause: Forcing endless battles is banned\n|rule|OHKO Clause: OHKO moves are banned\n|rule|Evasion Moves Clause: Evasion moves are banned\n|rule|Evasion Items Clause: Evasion items are banned\n|rule|Species Clause: Limit one of each Pok\u00e9mon\n|rule|Sleep Clause Mod: Limit one foe put to sleep\n|rule|Mega Rayquaza Clause: You cannot mega evolve Rayquaza\n|clearpoke\n|poke|p1|Lucario, F|\n|poke|p1|Mewtwo|\n|poke|p1|Kyogre|\n|poke|p1|Groudon|\n|poke|p1|Rotom-Wash|\n|poke|p1|Espathra, F|\n|poke|p2|Blastoise, M|\n|poke|p2|Galvantula, M|\n|poke|p2|Garganacl, M|\n|poke|p2|Scream Tail|\n|poke|p2|Dracovish|\n|poke|p2|Yveltal|\n|teampreview\n|inactive|Battle timer is ON: inactive players will automatically lose when time's up. (requested by AlastorTheOverlord)\n|\n|t:|1699825292\n|start\n|switch|p1a: Rotom|Rotom-Wash|100\/100\n|switch|p2a: Elektrotula|Galvantula, M, shiny|100\/100\n|turn|1\n|\n|t:|1699825304\n|move|p1a: Rotom|Trick|p2a: Elektrotula\n|-activate|p1a: Rotom|move: Trick|[of] p2a: Elektrotula\n|-item|p2a: Elektrotula|Choice Scarf|[from] move: Trick\n|-item|p1a: Rotom|Focus Sash|[from] move: Trick\n|move|p2a: Elektrotula|Sticky Web|p1a: Rotom\n|-sidestart|p1: ihateclodsire|move: Sticky Web\n|\n|upkeep\n|turn|2\n|\n|t:|1699825312\n|switch|p2a: El Weon Salao|Garganacl, M, shiny|100\/100\n|move|p1a: Rotom|Defog|p2a: El Weon Salao\n|-unboost|p2a: El Weon Salao|evasion|1\n|-sideend|p1: ihateclodsire|Sticky Web|[from] move: Defog|[of] p1a: Rotom\n|\n|upkeep\n|turn|3\n|\n|t:|1699825325\n|switch|p1a: Groudon|Groudon, shiny|100\/100\n|detailschange|p1a: Groudon|Groudon-Primal, shiny\n|-primal|p1a: Groudon|Red Orb\n|-weather|DesolateLand|[from] ability: Desolate Land|[of] p1a: Groudon\n|move|p2a: El Weon Salao|Salt Cure|p1a: Groudon\n|-damage|p1a: Groudon|92\/100\n|-start|p1a: Groudon|Salt Cure\n|\n|-weather|DesolateLand|[upkeep]\n|-damage|p1a: Groudon|80\/100|[from] Salt Cure\n|upkeep\n|turn|4\n|\n|t:|1699825340\n|move|p1a: Groudon|Precipice Blades|p2a: El Weon Salao\n|-supereffective|p2a: El Weon Salao\n|-damage|p2a: El Weon Salao|17\/100\n|move|p2a: El Weon Salao|Iron Defense|p2a: El Weon Salao\n|-boost|p2a: El Weon Salao|def|2\n|\n|-weather|DesolateLand|[upkeep]\n|-heal|p2a: El Weon Salao|23\/100|[from] item: Leftovers\n|-damage|p1a: Groudon|68\/100|[from] Salt Cure\n|upkeep\n|turn|5\n|\n|t:|1699825351\n|move|p1a: Groudon|Solar Beam||[still]\n|-prepare|p1a: Groudon|Solar Beam\n|-anim|p1a: Groudon|Solar Beam|p2a: El Weon Salao\n|-supereffective|p2a: El Weon Salao\n|-damage|p2a: El Weon Salao|0 fnt\n|faint|p2a: El Weon Salao\n|\n|-weather|DesolateLand|[upkeep]\n|-damage|p1a: Groudon|55\/100|[from] Salt Cure\n|upkeep\n|inactive|AlastorTheOverlord has 120 seconds left.\n|\n|t:|1699825377\n|switch|p2a: Rock N' Rolll|Scream Tail|100\/100\n|turn|6\n|inactive|AlastorTheOverlord has 120 seconds left.\n|\n|t:|1699825398\n|move|p2a: Rock N' Rolll|Wish|p2a: Rock N' Rolll\n|move|p1a: Groudon|Fire Blast|p2a: Rock N' Rolll\n|-damage|p2a: Rock N' Rolll|55\/100\n|\n|-weather|DesolateLand|[upkeep]\n|-heal|p2a: Rock N' Rolll|62\/100|[from] item: Leftovers\n|-damage|p1a: Groudon|43\/100|[from] Salt Cure\n|upkeep\n|turn|7\n|\n|t:|1699825416\n|-end|p2a: Rock N' Rolll|Protosynthesis|[silent]\n|switch|p2a: Black Eagle|Yveltal|100\/100\n|-ability|p2a: Black Eagle|Dark Aura\n|-weather|none\n|switch|p1a: Lucario|Lucario, F|100\/100\n|\n|upkeep\n|turn|8\n|\n|t:|1699825429\n|switch|p1a: Kyogre|Kyogre|100\/100\n|detailschange|p1a: Kyogre|Kyogre-Primal\n|-primal|p1a: Kyogre|Blue Orb\n|-weather|PrimordialSea|[from] ability: Primordial Sea|[of] p1a: Kyogre\n|move|p2a: Black Eagle|Dual Wingbeat|p1a: Kyogre\n|-damage|p1a: Kyogre|75\/100\n|-crit|p1a: Kyogre\n|-damage|p1a: Kyogre|36\/100\n|-hitcount|p1a: Kyogre|2\n|-damage|p2a: Black Eagle|91\/100|[from] item: Life Orb\n|\n|-weather|PrimordialSea|[upkeep]\n|upkeep\n|turn|9\n|inactive|AlastorTheOverlord has 90 seconds left.\n|inactive|AlastorTheOverlord has 60 seconds left.\n|\n|t:|1699825487\n|move|p2a: Black Eagle|Sucker Punch|p1a: Kyogre\n|-damage|p1a: Kyogre|0 fnt\n|faint|p1a: Kyogre\n|-weather|none\n|-damage|p2a: Black Eagle|81\/100|[from] item: Life Orb\n|\n|upkeep\n|-message|ihateclodsire forfeited.\n|\n|win|AlastorTheOverlord\n|raw|ihateclodsire's rating: 1121 &rarr; <strong>1103<\/strong><br \/>(-18 for losing)\n|raw|AlastorTheOverlord's rating: 1222 &rarr; <strong>1240<\/strong><br \/>(+18 for winning)\n|l|\u2606ihateclodsire\n","uploadtime":1699825531,"views":4,"p1id":"ihateclodsire","p2id":"alastortheoverlord","formatid":"gen9nationaldexubers","rating":1103,"private":0,"password":""}