{"id":"gen9nationaldexubers-1986621829","p1":"tbor2002","p2":"FoxasBat","format":"[Gen 9] National Dex Ubers","log":"|j|\u2606tbor2002\n|j|\u2606FoxasBat\n|t:|1699498931\n|gametype|singles\n|player|p1|tbor2002|wattson|\n|player|p2|FoxasBat|169|\n|teamsize|p1|6\n|teamsize|p2|6\n|gen|9\n|tier|[Gen 9] National Dex Ubers\n|rule|HP Percentage Mod: HP is shown in percentages\n|rule|Endless Battle Clause: Forcing endless battles is banned\n|rule|OHKO Clause: OHKO moves are banned\n|rule|Evasion Moves Clause: Evasion moves are banned\n|rule|Evasion Items Clause: Evasion items are banned\n|rule|Species Clause: Limit one of each Pok\u00e9mon\n|rule|Sleep Clause Mod: Limit one foe put to sleep\n|rule|Mega Rayquaza Clause: You cannot mega evolve Rayquaza\n|clearpoke\n|poke|p1|Walking Wake|\n|poke|p1|Muk-Alola, F|\n|poke|p1|Jolteon, F|\n|poke|p1|Toxicroak, M|\n|poke|p1|Falinks|\n|poke|p1|Glimmet, M|\n|poke|p2|Clodsire, M|\n|poke|p2|Roaring Moon|\n|poke|p2|Armarouge, F|\n|poke|p2|Decidueye, F|\n|poke|p2|Sliggoo-Hisui, M|\n|poke|p2|Dunsparce, F|\n|teampreview\n|j| HeirEhm\n|\n|t:|1699499021\n|start\n|switch|p1a: Jolteon|Jolteon, F|100\/100\n|switch|p2a: Roaring Moon|Roaring Moon|100\/100\n|-enditem|p2a: Roaring Moon|Booster Energy\n|-activate|p2a: Roaring Moon|ability: Protosynthesis|[fromitem]\n|-start|p2a: Roaring Moon|protosynthesisatk\n|turn|1\n|\n|t:|1699499032\n|move|p1a: Jolteon|Rain Dance|p1a: Jolteon\n|-weather|RainDance\n|move|p2a: Roaring Moon|Earthquake|p1a: Jolteon\n|-supereffective|p1a: Jolteon\n|-damage|p1a: Jolteon|0 fnt\n|faint|p1a: Jolteon\n|\n|-weather|RainDance|[upkeep]\n|upkeep\n|\n|t:|1699499044\n|switch|p1a: Glimmet|Glimmet, M|100\/100\n|turn|2\n|\n|t:|1699499049\n|move|p2a: Roaring Moon|Earthquake|p1a: Glimmet\n|-supereffective|p1a: Glimmet\n|-enditem|p1a: Glimmet|Focus Sash\n|-damage|p1a: Glimmet|1\/100\n|-activate|p1a: Glimmet|ability: Toxic Debris\n|-sidestart|p2: FoxasBat|move: Toxic Spikes\n|move|p1a: Glimmet|Stealth Rock|p2a: Roaring Moon\n|-sidestart|p2: FoxasBat|move: Stealth Rock\n|\n|-weather|RainDance|[upkeep]\n|upkeep\n|turn|3\n|\n|t:|1699499064\n|move|p2a: Roaring Moon|Acrobatics|p1a: Glimmet\n|-resisted|p1a: Glimmet\n|-damage|p1a: Glimmet|0 fnt\n|-activate|p1a: Glimmet|ability: Toxic Debris\n|-sidestart|p2: FoxasBat|move: Toxic Spikes\n|faint|p1a: Glimmet\n|\n|-weather|RainDance|[upkeep]\n|upkeep\n|\n|t:|1699499074\n|switch|p1a: Falinks|Falinks|100\/100\n|turn|4\n|\n|t:|1699499083\n|-terastallize|p2a: Roaring Moon|Flying\n|-terastallize|p1a: Falinks|Fairy\n|move|p2a: Roaring Moon|Acrobatics|p1a: Falinks\n|-damage|p1a: Falinks|0 fnt\n|faint|p1a: Falinks\n|\n|-weather|RainDance|[upkeep]\n|upkeep\n|\n|t:|1699499157\n|switch|p1a: Muk|Muk-Alola, F|100\/100\n|turn|5\n|\n|t:|1699499161\n|move|p2a: Roaring Moon|Acrobatics|p1a: Muk\n|-damage|p1a: Muk|7\/100\n|move|p1a: Muk|Poison Jab|p2a: Roaring Moon\n|-damage|p2a: Roaring Moon|46\/100\n|-status|p2a: Roaring Moon|psn|[from] ability: Poison Touch|[of] p1a: Muk\n|\n|-weather|none\n|-damage|p2a: Roaring Moon|34\/100 psn|[from] psn\n|upkeep\n|turn|6\n|\n|t:|1699499170\n|move|p2a: Roaring Moon|Acrobatics|p1a: Muk\n|-damage|p1a: Muk|0 fnt\n|faint|p1a: Muk\n|\n|-damage|p2a: Roaring Moon|22\/100 psn|[from] psn\n|upkeep\n|\n|t:|1699499177\n|switch|p1a: Toxicroak|Toxicroak, M|100\/100\n|turn|7\n|\n|t:|1699499191\n|-end|p2a: Roaring Moon|Protosynthesis|[silent]\n|switch|p2a: Decidueye|Decidueye, F|100\/100\n|move|p1a: Toxicroak|Sucker Punch||[still]\n|-fail|p1a: Toxicroak\n|\n|upkeep\n|turn|8\n|\n|t:|1699499201\n|move|p1a: Toxicroak|Swords Dance|p1a: Toxicroak\n|-boost|p1a: Toxicroak|atk|2\n|move|p2a: Decidueye|Defog|p1a: Toxicroak\n|-unboost|p1a: Toxicroak|evasion|1\n|-sideend|p2: FoxasBat|Toxic Spikes|[from] move: Defog|[of] p2a: Decidueye\n|-sideend|p2: FoxasBat|Stealth Rock|[from] move: Defog|[of] p2a: Decidueye\n|\n|upkeep\n|turn|9\n|\n|t:|1699499224\n|move|p1a: Toxicroak|Gunk Shot|p2a: Decidueye\n|-damage|p2a: Decidueye|0 fnt\n|faint|p2a: Decidueye\n|-damage|p1a: Toxicroak|91\/100|[from] item: Life Orb\n|\n|upkeep\n|\n|t:|1699499231\n|switch|p2a: Roaring Moon|Roaring Moon, tera:Flying|22\/100 psn\n|turn|10\n|\n|t:|1699499235\n|move|p1a: Toxicroak|Sucker Punch|p2a: Roaring Moon\n|-damage|p2a: Roaring Moon|0 fnt\n|faint|p2a: Roaring Moon\n|-end|p2a: Roaring Moon|Protosynthesis|[silent]\n|-damage|p1a: Toxicroak|81\/100|[from] item: Life Orb\n|\n|upkeep\n|\n|t:|1699499251\n|switch|p2a: Sliggoo|Sliggoo-Hisui, M|100\/100\n|turn|11\n|\n|t:|1699499260\n|move|p1a: Toxicroak|Drain Punch|p2a: Sliggoo\n|-supereffective|p2a: Sliggoo\n|-damage|p2a: Sliggoo|0 fnt\n|-heal|p1a: Toxicroak|100\/100|[from] drain|[of] p2a: Sliggoo\n|faint|p2a: Sliggoo\n|-damage|p1a: Toxicroak|91\/100|[from] item: Life Orb\n|\n|upkeep\n|\n|t:|1699499273\n|switch|p2a: Dunsparce|Dunsparce, F|100\/100\n|turn|12\n|\n|t:|1699499283\n|move|p1a: Toxicroak|Drain Punch|p2a: Dunsparce\n|-supereffective|p2a: Dunsparce\n|-damage|p2a: Dunsparce|0 fnt\n|-heal|p1a: Toxicroak|100\/100|[from] drain|[of] p2a: Dunsparce\n|faint|p2a: Dunsparce\n|-damage|p1a: Toxicroak|91\/100|[from] item: Life Orb\n|\n|upkeep\n|\n|t:|1699499289\n|switch|p2a: Clodsire|Clodsire, M|100\/100\n|turn|13\n|\n|t:|1699499293\n|move|p1a: Toxicroak|Drain Punch|p2a: Clodsire\n|-resisted|p2a: Clodsire\n|-damage|p2a: Clodsire|77\/100\n|-heal|p1a: Toxicroak|100\/100|[from] drain|[of] p2a: Clodsire\n|-damage|p1a: Toxicroak|91\/100|[from] item: Life Orb\n|move|p2a: Clodsire|Earthquake|p1a: Toxicroak\n|-supereffective|p1a: Toxicroak\n|-damage|p1a: Toxicroak|0 fnt\n|faint|p1a: Toxicroak\n|\n|-heal|p2a: Clodsire|83\/100|[from] item: Leftovers\n|upkeep\n|\n|t:|1699499304\n|switch|p1a: Walking Wake|Walking Wake|100\/100\n|turn|14\n|\n|t:|1699499313\n|switch|p2a: Armarouge|Armarouge, F|100\/100\n|move|p1a: Walking Wake|Hydro Steam|p2a: Armarouge\n|-supereffective|p2a: Armarouge\n|-damage|p2a: Armarouge|0 fnt\n|faint|p2a: Armarouge\n|\n|upkeep\n|\n|t:|1699499319\n|switch|p2a: Clodsire|Clodsire, M|83\/100\n|turn|15\n|\n|t:|1699499322\n|move|p1a: Walking Wake|Hydro Steam|p2a: Clodsire\n|-supereffective|p2a: Clodsire\n|-damage|p2a: Clodsire|15\/100\n|move|p2a: Clodsire|Toxic|p1a: Walking Wake\n|-status|p1a: Walking Wake|tox\n|\n|-heal|p2a: Clodsire|21\/100|[from] item: Leftovers\n|-damage|p1a: Walking Wake|94\/100 tox|[from] psn\n|upkeep\n|turn|16\n|\n|t:|1699499332\n|move|p1a: Walking Wake|Hydro Steam|p2a: Clodsire\n|-supereffective|p2a: Clodsire\n|-damage|p2a: Clodsire|0 fnt\n|faint|p2a: Clodsire\n|\n|win|tbor2002\n|l|\u2606FoxasBat\n","uploadtime":1699499343,"views":6,"p1id":"tbor2002","p2id":"foxasbat","formatid":"gen9nationaldexubers","rating":0,"private":0,"password":""}