{"id":"gen9nationaldexubers-1985687120","p1":"Dragoon107","p2":"Quarters_OU","format":"[Gen 9] National Dex Ubers","log":"|j|\u2606Dragoon107\n|j|\u2606Quarters_OU\n|t:|1699395775\n|gametype|singles\n|player|p1|Dragoon107|n|\n|player|p2|Quarters_OU|caitlin|\n|teamsize|p1|6\n|teamsize|p2|6\n|gen|9\n|tier|[Gen 9] National Dex Ubers\n|rule|HP Percentage Mod: HP is shown in percentages\n|rule|Endless Battle Clause: Forcing endless battles is banned\n|rule|OHKO Clause: OHKO moves are banned\n|rule|Evasion Moves Clause: Evasion moves are banned\n|rule|Evasion Items Clause: Evasion items are banned\n|rule|Species Clause: Limit one of each Pok\u00e9mon\n|rule|Sleep Clause Mod: Limit one foe put to sleep\n|rule|Mega Rayquaza Clause: You cannot mega evolve Rayquaza\n|clearpoke\n|poke|p1|Hatterene, F|\n|poke|p1|Flutter Mane|\n|poke|p1|Iron Valiant|\n|poke|p1|Mawile, F|\n|poke|p1|Ninetales-Alola, F|\n|poke|p1|Gardevoir, F|\n|poke|p2|Roaring Moon|\n|poke|p2|Ninetales-Alola, F|\n|poke|p2|Volcarona, F|\n|poke|p2|Clodsire, F|\n|poke|p2|Scizor, M|\n|poke|p2|Rotom-Wash|\n|teampreview\n|c|\u2606Dragoon107|glhf\n|c|\u2606Dragoon107|scary team you got there\n|\n|t:|1699395823\n|start\n|switch|p1a: Pride|Hatterene, F|100\/100\n|switch|p2a: Ninetales|Ninetales-Alola, F|100\/100\n|-weather|Snow|[from] ability: Snow Warning|[of] p2a: Ninetales\n|turn|1\n|\n|t:|1699395844\n|move|p2a: Ninetales|Aurora Veil|p2a: Ninetales\n|-sidestart|p2: Quarters_OU|move: Aurora Veil\n|move|p1a: Pride|Calm Mind|p1a: Pride\n|-boost|p1a: Pride|spa|1\n|-boost|p1a: Pride|spd|1\n|\n|-weather|Snow|[upkeep]\n|upkeep\n|turn|2\n|\n|t:|1699395849\n|move|p2a: Ninetales|Blizzard|p1a: Pride\n|-damage|p1a: Pride|72\/100\n|move|p1a: Pride|Calm Mind|p1a: Pride\n|-boost|p1a: Pride|spa|1\n|-boost|p1a: Pride|spd|1\n|\n|-weather|Snow|[upkeep]\n|-heal|p1a: Pride|78\/100|[from] item: Leftovers\n|upkeep\n|turn|3\n|\n|t:|1699395854\n|switch|p2a: Scizor|Scizor, M|100\/100\n|move|p1a: Pride|Mystical Fire|p2a: Scizor\n|-supereffective|p2a: Scizor\n|-damage|p2a: Scizor|0 fnt\n|faint|p2a: Scizor\n|\n|-weather|Snow|[upkeep]\n|-heal|p1a: Pride|84\/100|[from] item: Leftovers\n|upkeep\n|\n|t:|1699395862\n|switch|p2a: Roaring Moon|Roaring Moon|100\/100\n|-enditem|p2a: Roaring Moon|Booster Energy\n|-activate|p2a: Roaring Moon|ability: Protosynthesis|[fromitem]\n|-start|p2a: Roaring Moon|protosynthesisatk\n|turn|4\n|\n|t:|1699395871\n|-terastallize|p2a: Roaring Moon|Flying\n|move|p2a: Roaring Moon|Dragon Dance|p2a: Roaring Moon\n|-boost|p2a: Roaring Moon|atk|1\n|-boost|p2a: Roaring Moon|spe|1\n|move|p1a: Pride|Draining Kiss|p2a: Roaring Moon\n|-damage|p2a: Roaring Moon|71\/100\n|-heal|p1a: Pride|100\/100|[from] drain|[of] p2a: Roaring Moon\n|\n|-weather|Snow|[upkeep]\n|upkeep\n|turn|5\n|\n|t:|1699395888\n|move|p2a: Roaring Moon|Iron Head|p1a: Pride\n|-supereffective|p1a: Pride\n|-damage|p1a: Pride|0 fnt\n|faint|p1a: Pride\n|\n|-weather|none\n|upkeep\n|\n|t:|1699395902\n|switch|p1a: Greed|Flutter Mane|100\/100\n|turn|6\n|\n|t:|1699395906\n|move|p2a: Roaring Moon|Iron Head|p1a: Greed\n|-supereffective|p1a: Greed\n|-damage|p1a: Greed|0 fnt\n|faint|p1a: Greed\n|-end|p1a: Greed|Protosynthesis|[silent]\n|\n|upkeep\n|\n|t:|1699395948\n|switch|p1a: Sloth|Ninetales-Alola, F, shiny|100\/100\n|-weather|Snow|[from] ability: Snow Warning|[of] p1a: Sloth\n|turn|7\n|\n|t:|1699395950\n|move|p2a: Roaring Moon|Iron Head|p1a: Sloth\n|-supereffective|p1a: Sloth\n|-damage|p1a: Sloth|0 fnt\n|faint|p1a: Sloth\n|\n|-weather|Snow|[upkeep]\n|upkeep\n|\n|t:|1699395958\n|switch|p1a: Gluttony|Mawile, F|100\/100\n|turn|8\n|\n|t:|1699395964\n|detailschange|p1a: Gluttony|Mawile-Mega, F\n|-mega|p1a: Gluttony|Mawile|Mawilite\n|move|p2a: Roaring Moon|Iron Head|p1a: Gluttony\n|-damage|p1a: Gluttony|47\/100\n|cant|p1a: Gluttony|flinch\n|\n|-weather|Snow|[upkeep]\n|-sideend|p2: Quarters_OU|move: Aurora Veil\n|upkeep\n|turn|9\n|\n|t:|1699395974\n|move|p1a: Gluttony|Sucker Punch|p2a: Roaring Moon\n|-damage|p2a: Roaring Moon|9\/100\n|move|p2a: Roaring Moon|Iron Head|p1a: Gluttony\n|-damage|p1a: Gluttony|0 fnt\n|faint|p1a: Gluttony\n|\n|-weather|Snow|[upkeep]\n|upkeep\n|\n|t:|1699395983\n|switch|p1a: Wrath|Iron Valiant|100\/100\n|-enditem|p1a: Wrath|Booster Energy\n|-activate|p1a: Wrath|ability: Quark Drive|[fromitem]\n|-start|p1a: Wrath|quarkdrivespe\n|turn|10\n|\n|t:|1699396008\n|move|p2a: Roaring Moon|Acrobatics|p1a: Wrath\n|-supereffective|p1a: Wrath\n|-damage|p1a: Wrath|0 fnt\n|faint|p1a: Wrath\n|-end|p1a: Wrath|Quark Drive|[silent]\n|\n|-weather|Snow|[upkeep]\n|upkeep\n|\n|t:|1699396015\n|switch|p1a: Envy|Gardevoir, F, shiny|100\/100\n|turn|11\n|\n|t:|1699396019\n|move|p2a: Roaring Moon|Iron Head|p1a: Envy\n|-supereffective|p1a: Envy\n|-damage|p1a: Envy|0 fnt\n|faint|p1a: Envy\n|\n|win|Quarters_OU\n|c|\u2606Dragoon107|gg\n","uploadtime":1699396025,"views":10,"p1id":"dragoon107","p2id":"quartersou","formatid":"gen9nationaldexubers","rating":0,"private":0,"password":""}