{"id":"gen9nationaldexubers-1990611627","p1":"WildShadowXD","p2":"Dimitri Slammer 83","format":"[Gen 9] National Dex Ubers","log":"|j|\u2606WildShadowXD\n|j|\u2606Dimitri Slammer 83\n|t:|1699985627\n|gametype|singles\n|player|p1|WildShadowXD|alec-anime|1323\n|player|p2|Dimitri Slammer 83|colress|1295\n|teamsize|p1|6\n|teamsize|p2|6\n|gen|9\n|tier|[Gen 9] National Dex Ubers\n|rated|\n|rule|HP Percentage Mod: HP is shown in percentages\n|rule|Endless Battle Clause: Forcing endless battles is banned\n|rule|OHKO Clause: OHKO moves are banned\n|rule|Evasion Moves Clause: Evasion moves are banned\n|rule|Evasion Items Clause: Evasion items are banned\n|rule|Species Clause: Limit one of each Pok\u00e9mon\n|rule|Sleep Clause Mod: Limit one foe put to sleep\n|rule|Mega Rayquaza Clause: You cannot mega evolve Rayquaza\n|clearpoke\n|poke|p1|Necrozma-Dusk-Mane|\n|poke|p1|Deoxys-Speed|\n|poke|p1|Groudon|\n|poke|p1|Eternatus|\n|poke|p1|Blaziken, M|\n|poke|p1|Banette, F|\n|poke|p2|Ceruledge, M|\n|poke|p2|Dondozo, F|\n|poke|p2|Glimmora, M|\n|poke|p2|Iron Valiant|\n|poke|p2|Kingambit, M|\n|poke|p2|Dragonite, F|\n|teampreview\n|\n|t:|1699985652\n|start\n|switch|p1a: P u p p e t|Banette, F|100\/100\n|switch|p2a: Sulflower|Glimmora, M, shiny|100\/100\n|turn|1\n|inactive|Battle timer is ON: inactive players will automatically lose when time's up. (requested by Dimitri Slammer 83)\n|\n|t:|1699985662\n|detailschange|p1a: P u p p e t|Banette-Mega, F\n|-mega|p1a: P u p p e t|Banette|Banettite\n|move|p1a: P u p p e t|Swords Dance|p1a: P u p p e t\n|-boost|p1a: P u p p e t|atk|2\n|move|p2a: Sulflower|Stealth Rock|p1a: P u p p e t\n|-sidestart|p1: WildShadowXD|move: Stealth Rock\n|\n|upkeep\n|turn|2\n|\n|t:|1699985669\n|move|p2a: Sulflower|Spikes|p1a: P u p p e t\n|-sidestart|p1: WildShadowXD|Spikes\n|move|p1a: P u p p e t|Trailblaze|p2a: Sulflower\n|-damage|p2a: Sulflower|48\/100\n|-boost|p1a: P u p p e t|spe|1\n|-activate|p2a: Sulflower|ability: Toxic Debris\n|-sidestart|p1: WildShadowXD|move: Toxic Spikes\n|\n|upkeep\n|turn|3\n|\n|t:|1699985679\n|move|p1a: P u p p e t|Poltergeist|p2a: Sulflower\n|-activate|p2a: Sulflower|move: Poltergeist|Focus Sash\n|-damage|p2a: Sulflower|0 fnt\n|-activate|p2a: Sulflower|ability: Toxic Debris\n|-sidestart|p1: WildShadowXD|move: Toxic Spikes\n|faint|p2a: Sulflower\n|\n|upkeep\n|\n|t:|1699985689\n|switch|p2a: Alonso|Ceruledge, M, shiny|100\/100\n|turn|4\n|\n|t:|1699985696\n|-terastallize|p2a: Alonso|Fighting\n|move|p1a: P u p p e t|Trailblaze|p2a: Alonso\n|-damage|p2a: Alonso|38\/100\n|-boost|p1a: P u p p e t|spe|1\n|-ability|p2a: Alonso|Weak Armor|boost\n|-unboost|p2a: Alonso|def|1\n|-boost|p2a: Alonso|spe|2\n|move|p2a: Alonso|Poltergeist|p1a: P u p p e t\n|-activate|p1a: P u p p e t|move: Poltergeist|Banettite\n|-supereffective|p1a: P u p p e t\n|-damage|p1a: P u p p e t|0 fnt\n|faint|p1a: P u p p e t\n|\n|upkeep\n|\n|t:|1699985712\n|switch|p1a: S p e e d|Deoxys-Speed, shiny|100\/100\n|-damage|p1a: S p e e d|88\/100|[from] Stealth Rock\n|-damage|p1a: S p e e d|76\/100|[from] Spikes\n|-status|p1a: S p e e d|tox\n|-ability|p1a: S p e e d|Pressure\n|turn|5\n|\n|t:|1699985722\n|move|p2a: Alonso|Poltergeist|p1a: S p e e d\n|-activate|p1a: S p e e d|move: Poltergeist|Focus Sash\n|-supereffective|p1a: S p e e d\n|-damage|p1a: S p e e d|0 fnt\n|faint|p1a: S p e e d\n|\n|upkeep\n|\n|t:|1699985728\n|switch|p1a: K F C|Blaziken, M, shiny|100\/100\n|-damage|p1a: K F C|88\/100|[from] Stealth Rock\n|-damage|p1a: K F C|76\/100|[from] Spikes\n|-status|p1a: K F C|tox\n|turn|6\n|\n|t:|1699985735\n|move|p1a: K F C|Protect|p1a: K F C\n|-singleturn|p1a: K F C|Protect\n|move|p2a: Alonso|Close Combat|p1a: K F C\n|-activate|p1a: K F C|move: Protect\n|\n|-damage|p1a: K F C|70\/100 tox|[from] psn\n|-ability|p1a: K F C|Speed Boost|boost\n|-boost|p1a: K F C|spe|1\n|upkeep\n|turn|7\n|\n|t:|1699985753\n|move|p2a: Alonso|Close Combat|p1a: K F C\n|-damage|p1a: K F C|0 fnt\n|-unboost|p2a: Alonso|def|1\n|-unboost|p2a: Alonso|spd|1\n|faint|p1a: K F C\n|\n|upkeep\n|\n|t:|1699985759\n|switch|p1a: M e o w|Necrozma-Dusk-Mane, shiny|100\/100\n|-damage|p1a: M e o w|94\/100|[from] Stealth Rock\n|-damage|p1a: M e o w|82\/100|[from] Spikes\n|turn|8\n|\n|t:|1699985773\n|move|p2a: Alonso|Bitter Blade|p1a: M e o w\n|-supereffective|p1a: M e o w\n|-damage|p1a: M e o w|38\/100\n|-heal|p2a: Alonso|69\/100|[from] drain|[of] p1a: M e o w\n|-enditem|p1a: M e o w|Weakness Policy\n|-boost|p1a: M e o w|atk|2|[from] item: Weakness Policy\n|-boost|p1a: M e o w|spa|2|[from] item: Weakness Policy\n|move|p1a: M e o w|Sunsteel Strike|p2a: Alonso\n|-damage|p2a: Alonso|0 fnt\n|faint|p2a: Alonso\n|\n|upkeep\n|\n|t:|1699985787\n|switch|p2a: Sushi Baka|Dondozo, F, shiny|100\/100\n|turn|9\n|\n|t:|1699985792\n|move|p1a: M e o w|Morning Sun|p1a: M e o w\n|-heal|p1a: M e o w|88\/100\n|move|p2a: Sushi Baka|Liquidation|p1a: M e o w\n|-damage|p1a: M e o w|69\/100\n|-unboost|p1a: M e o w|def|1\n|\n|upkeep\n|turn|10\n|\n|t:|1699985801\n|move|p1a: M e o w|Autotomize|p1a: M e o w\n|-boost|p1a: M e o w|spe|2\n|-start|p1a: M e o w|Autotomize\n|move|p2a: Sushi Baka|Liquidation|p1a: M e o w\n|-damage|p1a: M e o w|47\/100\n|\n|upkeep\n|turn|11\n|\n|t:|1699985809\n|move|p1a: M e o w|Morning Sun|p1a: M e o w\n|-heal|p1a: M e o w|97\/100\n|move|p2a: Sushi Baka|Liquidation|p1a: M e o w\n|-damage|p1a: M e o w|77\/100\n|-unboost|p1a: M e o w|def|1\n|\n|upkeep\n|turn|12\n|\n|t:|1699985818\n|move|p1a: M e o w|Sunsteel Strike|p2a: Sushi Baka\n|-resisted|p2a: Sushi Baka\n|-damage|p2a: Sushi Baka|72\/100\n|move|p2a: Sushi Baka|Liquidation|p1a: M e o w\n|-damage|p1a: M e o w|55\/100\n|\n|-heal|p2a: Sushi Baka|78\/100|[from] item: Leftovers\n|upkeep\n|turn|13\n|\n|t:|1699985826\n|move|p1a: M e o w|Brick Break|p2a: Sushi Baka\n|-damage|p2a: Sushi Baka|63\/100\n|move|p2a: Sushi Baka|Liquidation|p1a: M e o w\n|-damage|p1a: M e o w|36\/100\n|\n|-heal|p2a: Sushi Baka|69\/100|[from] item: Leftovers\n|upkeep\n|turn|14\n|\n|t:|1699985834\n|move|p1a: M e o w|Morning Sun|p1a: M e o w\n|-heal|p1a: M e o w|86\/100\n|move|p2a: Sushi Baka|Liquidation|p1a: M e o w\n|-damage|p1a: M e o w|64\/100\n|\n|-heal|p2a: Sushi Baka|75\/100|[from] item: Leftovers\n|upkeep\n|turn|15\n|\n|t:|1699985844\n|move|p1a: M e o w|Brick Break|p2a: Sushi Baka\n|-damage|p2a: Sushi Baka|60\/100\n|move|p2a: Sushi Baka|Liquidation|p1a: M e o w\n|-damage|p1a: M e o w|42\/100\n|\n|-heal|p2a: Sushi Baka|66\/100|[from] item: Leftovers\n|upkeep\n|turn|16\n|\n|t:|1699985851\n|move|p1a: M e o w|Brick Break|p2a: Sushi Baka\n|-damage|p2a: Sushi Baka|50\/100\n|move|p2a: Sushi Baka|Liquidation|p1a: M e o w\n|-damage|p1a: M e o w|23\/100\n|\n|-heal|p2a: Sushi Baka|57\/100|[from] item: Leftovers\n|upkeep\n|turn|17\n|\n|t:|1699985858\n|move|p1a: M e o w|Morning Sun|p1a: M e o w\n|-heal|p1a: M e o w|73\/100\n|move|p2a: Sushi Baka|Body Press|p1a: M e o w\n|-damage|p1a: M e o w|52\/100\n|\n|-heal|p2a: Sushi Baka|63\/100|[from] item: Leftovers\n|upkeep\n|turn|18\n|\n|t:|1699985866\n|move|p1a: M e o w|Brick Break|p2a: Sushi Baka\n|-damage|p2a: Sushi Baka|49\/100\n|move|p2a: Sushi Baka|Liquidation|p1a: M e o w\n|-damage|p1a: M e o w|32\/100\n|\n|-heal|p2a: Sushi Baka|55\/100|[from] item: Leftovers\n|upkeep\n|turn|19\n|\n|t:|1699985873\n|move|p1a: M e o w|Brick Break|p2a: Sushi Baka\n|-damage|p2a: Sushi Baka|39\/100\n|move|p2a: Sushi Baka|Liquidation|p1a: M e o w\n|-damage|p1a: M e o w|12\/100\n|-unboost|p1a: M e o w|def|1\n|\n|-heal|p2a: Sushi Baka|45\/100|[from] item: Leftovers\n|upkeep\n|turn|20\n|\n|t:|1699985881\n|move|p1a: M e o w|Morning Sun|p1a: M e o w\n|-heal|p1a: M e o w|62\/100\n|move|p2a: Sushi Baka|Liquidation|p1a: M e o w\n|-damage|p1a: M e o w|42\/100\n|-unboost|p1a: M e o w|def|1\n|\n|-heal|p2a: Sushi Baka|51\/100|[from] item: Leftovers\n|upkeep\n|turn|21\n|\n|t:|1699985890\n|move|p1a: M e o w|Brick Break|p2a: Sushi Baka\n|-damage|p2a: Sushi Baka|36\/100\n|move|p2a: Sushi Baka|Liquidation|p1a: M e o w\n|-damage|p1a: M e o w|22\/100\n|\n|-heal|p2a: Sushi Baka|42\/100|[from] item: Leftovers\n|upkeep\n|turn|22\n|\n|t:|1699985897\n|move|p1a: M e o w|Sunsteel Strike|p2a: Sushi Baka\n|-resisted|p2a: Sushi Baka\n|-damage|p2a: Sushi Baka|13\/100\n|move|p2a: Sushi Baka|Rest|p2a: Sushi Baka\n|-status|p2a: Sushi Baka|slp|[from] move: Rest\n|-heal|p2a: Sushi Baka|100\/100 slp|[silent]\n|\n|upkeep\n|turn|23\n|c|\u2606WildShadowXD|Fock this shit im out\n|\n|t:|1699985914\n|switch|p1a: R a w r|Groudon, shiny|100\/100\n|-damage|p1a: R a w r|94\/100|[from] Stealth Rock\n|-damage|p1a: R a w r|82\/100|[from] Spikes\n|-status|p1a: R a w r|tox\n|detailschange|p1a: R a w r|Groudon-Primal, shiny\n|-primal|p1a: R a w r|Red Orb\n|-weather|DesolateLand|[from] ability: Desolate Land|[of] p1a: R a w r\n|cant|p2a: Sushi Baka|slp\n|move|p2a: Sushi Baka|Sleep Talk|p2a: Sushi Baka\n|move|p2a: Sushi Baka|Rest||[from]move: Sleep Talk|[still]\n|-fail|p2a: Sushi Baka\n|\n|-weather|DesolateLand|[upkeep]\n|-damage|p1a: R a w r|76\/100 tox|[from] psn\n|upkeep\n|turn|24\n|\n|t:|1699985930\n|move|p1a: R a w r|Rock Polish|p1a: R a w r\n|-boost|p1a: R a w r|spe|2\n|cant|p2a: Sushi Baka|slp\n|move|p2a: Sushi Baka|Sleep Talk|p2a: Sushi Baka\n|move|p2a: Sushi Baka|Rest||[from]move: Sleep Talk|[still]\n|-fail|p2a: Sushi Baka\n|\n|-weather|DesolateLand|[upkeep]\n|-damage|p1a: R a w r|63\/100 tox|[from] psn\n|upkeep\n|turn|25\n|\n|t:|1699985939\n|move|p1a: R a w r|Swords Dance|p1a: R a w r\n|-boost|p1a: R a w r|atk|2\n|-curestatus|p2a: Sushi Baka|slp|[msg]\n|move|p2a: Sushi Baka|Body Press|p1a: R a w r\n|-damage|p1a: R a w r|47\/100 tox\n|\n|-weather|DesolateLand|[upkeep]\n|-damage|p1a: R a w r|29\/100 tox|[from] psn\n|upkeep\n|turn|26\n|\n|t:|1699985952\n|move|p1a: R a w r|Precipice Blades|p2a: Sushi Baka\n|-damage|p2a: Sushi Baka|61\/100\n|move|p2a: Sushi Baka|Body Press|p1a: R a w r\n|-damage|p1a: R a w r|12\/100 tox\n|\n|-weather|DesolateLand|[upkeep]\n|-heal|p2a: Sushi Baka|67\/100|[from] item: Leftovers\n|-damage|p1a: R a w r|0 fnt|[from] psn\n|faint|p1a: R a w r\n|-weather|none\n|upkeep\n|-message|WildShadowXD forfeited.\n|\n|win|Dimitri Slammer 83\n|raw|WildShadowXD's rating: 1323 &rarr; <strong>1301<\/strong><br \/>(-22 for losing)\n|raw|Dimitri Slammer 83's rating: 1295 &rarr; <strong>1322<\/strong><br \/>(+27 for winning)\n|l|\u2606WildShadowXD\n","uploadtime":1699985911,"views":7,"p1id":"wildshadowxd","p2id":"dimitrislammer83","formatid":"gen9nationaldexubers","rating":1301,"private":0,"password":""}