{"id":"gen9nationaldexubers-1996871761","p1":"DadFreet","p2":"JustMonika_CARR","format":"[Gen 9] National Dex Ubers","log":"|j|\u2606DadFreet\n|j|\u2606JustMonika_CARR\n|t:|1700738343\n|gametype|singles\n|player|p1|DadFreet|hiker-gen4|1259\n|player|p2|JustMonika_CARR|rosa|1335\n|teamsize|p1|6\n|teamsize|p2|6\n|gen|9\n|tier|[Gen 9] National Dex Ubers\n|rated|\n|rule|HP Percentage Mod: HP is shown in percentages\n|rule|Endless Battle Clause: Forcing endless battles is banned\n|rule|OHKO Clause: OHKO moves are banned\n|rule|Evasion Moves Clause: Evasion moves are banned\n|rule|Evasion Items Clause: Evasion items are banned\n|rule|Species Clause: Limit one of each Pok\u00e9mon\n|rule|Sleep Clause Mod: Limit one foe put to sleep\n|rule|Mega Rayquaza Clause: You cannot mega evolve Rayquaza\n|clearpoke\n|poke|p1|Skeledirge, M|\n|poke|p1|Quaquaval, F|\n|poke|p1|Dondozo, F|\n|poke|p1|Landorus-Therian, M|\n|poke|p1|Ferrothorn, F|\n|poke|p1|Grimmsnarl, M|\n|poke|p2|Blaziken, M|\n|poke|p2|Pheromosa|\n|poke|p2|Gothitelle, F|\n|poke|p2|Deoxys-Speed|\n|poke|p2|Shuckle, M|\n|poke|p2|Durant, F|\n|teampreview\n|\n|t:|1700738349\n|start\n|switch|p1a: Grimmsnarl|Grimmsnarl, M|100\/100\n|switch|p2a: Deoxys|Deoxys-Speed, shiny|100\/100\n|-ability|p2a: Deoxys|Pressure\n|turn|1\n|\n|t:|1700738356\n|move|p1a: Grimmsnarl|Thunder Wave|p2a: Deoxys|[miss]\n|-miss|p1a: Grimmsnarl|p2a: Deoxys\n|move|p2a: Deoxys|Stealth Rock|p1a: Grimmsnarl\n|-sidestart|p1: DadFreet|move: Stealth Rock\n|\n|upkeep\n|turn|2\n|\n|t:|1700738366\n|move|p1a: Grimmsnarl|Thunder Wave|p2a: Deoxys\n|-status|p2a: Deoxys|par\n|move|p2a: Deoxys|Toxic|p1a: Grimmsnarl\n|-status|p1a: Grimmsnarl|tox\n|\n|-damage|p1a: Grimmsnarl|94\/100 tox|[from] psn\n|upkeep\n|turn|3\n|\n|t:|1700738373\n|move|p1a: Grimmsnarl|Light Screen|p1a: Grimmsnarl\n|-sidestart|p1: DadFreet|move: Light Screen\n|move|p2a: Deoxys|Reflect|p2a: Deoxys\n|-sidestart|p2: JustMonika_CARR|Reflect\n|\n|-damage|p1a: Grimmsnarl|82\/100 tox|[from] psn\n|upkeep\n|turn|4\n|\n|t:|1700738375\n|move|p1a: Grimmsnarl|Parting Shot|p2a: Deoxys\n|-unboost|p2a: Deoxys|atk|1\n|-unboost|p2a: Deoxys|spa|1\n|\n|t:|1700738382\n|switch|p1a: Skeledirge|Skeledirge, M|100\/100|[from] Parting Shot\n|-damage|p1a: Skeledirge|76\/100|[from] Stealth Rock\n|move|p2a: Deoxys|Light Screen|p2a: Deoxys\n|-sidestart|p2: JustMonika_CARR|move: Light Screen\n|\n|upkeep\n|turn|5\n|\n|t:|1700738391\n|move|p2a: Deoxys|Toxic|p1a: Skeledirge\n|-status|p1a: Skeledirge|tox\n|move|p1a: Skeledirge|Shadow Ball|p2a: Deoxys\n|-supereffective|p2a: Deoxys\n|-damage|p2a: Deoxys|51\/100 par\n|-unboost|p2a: Deoxys|spd|1\n|\n|-damage|p1a: Skeledirge|70\/100 tox|[from] psn\n|upkeep\n|turn|6\n|\n|t:|1700738407\n|move|p2a: Deoxys|Light Screen||[still]\n|-fail|p2a: Deoxys\n|move|p1a: Skeledirge|Shadow Ball|p2a: Deoxys\n|-supereffective|p2a: Deoxys\n|-damage|p2a: Deoxys|4\/100 par\n|\n|-damage|p1a: Skeledirge|57\/100 tox|[from] psn\n|upkeep\n|turn|7\n|\n|t:|1700738419\n|move|p2a: Deoxys|Reflect||[still]\n|-fail|p2a: Deoxys\n|move|p1a: Skeledirge|Shadow Ball|p2a: Deoxys\n|-supereffective|p2a: Deoxys\n|-damage|p2a: Deoxys|0 fnt\n|faint|p2a: Deoxys\n|\n|-damage|p1a: Skeledirge|39\/100 tox|[from] psn\n|upkeep\n|\n|t:|1700738432\n|switch|p2a: Blaziken|Blaziken, M, shiny|100\/100\n|turn|8\n|\n|t:|1700738436\n|detailschange|p2a: Blaziken|Blaziken-Mega, M, shiny\n|-mega|p2a: Blaziken|Blaziken|Blazikenite\n|move|p2a: Blaziken|Protect|p2a: Blaziken\n|-singleturn|p2a: Blaziken|Protect\n|move|p1a: Skeledirge|Earth Power|p2a: Blaziken\n|-activate|p2a: Blaziken|move: Protect\n|\n|-damage|p1a: Skeledirge|15\/100 tox|[from] psn\n|-ability|p2a: Blaziken|Speed Boost|boost\n|-boost|p2a: Blaziken|spe|1\n|upkeep\n|turn|9\n|\n|t:|1700738441\n|move|p2a: Blaziken|Hone Claws|p2a: Blaziken\n|-boost|p2a: Blaziken|atk|1\n|-boost|p2a: Blaziken|accuracy|1\n|move|p1a: Skeledirge|Earth Power|p2a: Blaziken\n|-supereffective|p2a: Blaziken\n|-crit|p2a: Blaziken\n|-damage|p2a: Blaziken|0 fnt\n|faint|p2a: Blaziken\n|\n|-damage|p1a: Skeledirge|0 fnt|[from] psn\n|faint|p1a: Skeledirge\n|upkeep\n|c|\u2606JustMonika_CARR|Bruh\n|\n|t:|1700738463\n|switch|p2a: Shuckle|Shuckle, M, shiny|100\/100\n|switch|p1a: Ferrothorn|Ferrothorn, F|100\/100\n|-damage|p1a: Ferrothorn|95\/100|[from] Stealth Rock\n|turn|10\n|\n|t:|1700738467\n|move|p2a: Shuckle|Infestation|p1a: Ferrothorn\n|-damage|p1a: Ferrothorn|94\/100\n|-activate|p1a: Ferrothorn|move: Infestation|[of] p2a: Shuckle\n|-damage|p2a: Shuckle|88\/100|[from] ability: Iron Barbs|[of] p1a: Ferrothorn\n|-damage|p2a: Shuckle|72\/100|[from] item: Rocky Helmet|[of] p1a: Ferrothorn\n|move|p1a: Ferrothorn|Leech Seed|p2a: Shuckle|[miss]\n|-miss|p1a: Ferrothorn|p2a: Shuckle\n|\n|-damage|p1a: Ferrothorn|81\/100|[from] move: Infestation|[partiallytrapped]\n|-sideend|p2: JustMonika_CARR|Reflect\n|-sideend|p1: DadFreet|move: Light Screen\n|upkeep\n|turn|11\n|\n|t:|1700738482\n|move|p2a: Shuckle|Shell Smash|p2a: Shuckle\n|-boost|p2a: Shuckle|def|1\n|-boost|p2a: Shuckle|spd|1\n|-unboost|p2a: Shuckle|atk|2\n|-unboost|p2a: Shuckle|spa|2\n|-unboost|p2a: Shuckle|spe|2\n|move|p1a: Ferrothorn|Leech Seed|p2a: Shuckle\n|-start|p2a: Shuckle|move: Leech Seed\n|\n|-damage|p2a: Shuckle|59\/100|[from] Leech Seed|[of] p1a: Ferrothorn\n|-heal|p1a: Ferrothorn|90\/100|[silent]\n|-damage|p1a: Ferrothorn|77\/100|[from] move: Infestation|[partiallytrapped]\n|-sideend|p2: JustMonika_CARR|move: Light Screen\n|upkeep\n|turn|12\n|\n|t:|1700738489\n|move|p1a: Ferrothorn|Gyro Ball|p2a: Shuckle\n|-supereffective|p2a: Shuckle\n|-damage|p2a: Shuckle|54\/100\n|move|p2a: Shuckle|Shell Smash|p2a: Shuckle\n|-boost|p2a: Shuckle|def|1\n|-boost|p2a: Shuckle|spd|1\n|-unboost|p2a: Shuckle|atk|2\n|-unboost|p2a: Shuckle|spa|2\n|-unboost|p2a: Shuckle|spe|2\n|\n|-damage|p2a: Shuckle|41\/100|[from] Leech Seed|[of] p1a: Ferrothorn\n|-heal|p1a: Ferrothorn|86\/100|[silent]\n|-damage|p1a: Ferrothorn|73\/100|[from] move: Infestation|[partiallytrapped]\n|upkeep\n|turn|13\n|\n|t:|1700738493\n|move|p1a: Ferrothorn|Body Press|p2a: Shuckle\n|-damage|p2a: Shuckle|31\/100\n|move|p2a: Shuckle|Rest|p2a: Shuckle\n|-status|p2a: Shuckle|slp|[from] move: Rest\n|-heal|p2a: Shuckle|100\/100 slp|[silent]\n|-enditem|p2a: Shuckle|Chesto Berry|[eat]\n|-curestatus|p2a: Shuckle|slp|[msg]\n|\n|-damage|p2a: Shuckle|88\/100|[from] Leech Seed|[of] p1a: Ferrothorn\n|-heal|p1a: Ferrothorn|82\/100|[silent]\n|-damage|p1a: Ferrothorn|69\/100|[from] move: Infestation|[partiallytrapped]\n|upkeep\n|turn|14\n|\n|t:|1700738503\n|move|p1a: Ferrothorn|Seed Bomb|p2a: Shuckle\n|-damage|p2a: Shuckle|80\/100\n|move|p2a: Shuckle|Shell Smash|p2a: Shuckle\n|-boost|p2a: Shuckle|def|1\n|-boost|p2a: Shuckle|spd|1\n|-unboost|p2a: Shuckle|atk|2\n|-unboost|p2a: Shuckle|spa|2\n|-unboost|p2a: Shuckle|spe|2\n|\n|-damage|p2a: Shuckle|67\/100|[from] Leech Seed|[of] p1a: Ferrothorn\n|-heal|p1a: Ferrothorn|78\/100|[silent]\n|-damage|p1a: Ferrothorn|65\/100|[from] move: Infestation|[partiallytrapped]\n|upkeep\n|turn|15\n|\n|t:|1700738506\n|move|p1a: Ferrothorn|Gyro Ball|p2a: Shuckle\n|-supereffective|p2a: Shuckle\n|-damage|p2a: Shuckle|66\/100\n|move|p2a: Shuckle|Shell Smash|p2a: Shuckle\n|-boost|p2a: Shuckle|def|1\n|-boost|p2a: Shuckle|spd|1\n|-unboost|p2a: Shuckle|atk|0\n|-unboost|p2a: Shuckle|spa|0\n|-unboost|p2a: Shuckle|spe|0\n|\n|-damage|p2a: Shuckle|54\/100|[from] Leech Seed|[of] p1a: Ferrothorn\n|-heal|p1a: Ferrothorn|74\/100|[silent]\n|-end|p1a: Ferrothorn|Infestation|[partiallytrapped]\n|upkeep\n|turn|16\n|\n|t:|1700738513\n|move|p1a: Ferrothorn|Leech Seed||[still]\n|-fail|p1a: Ferrothorn\n|move|p2a: Shuckle|Infestation|p1a: Ferrothorn\n|-damage|p1a: Ferrothorn|73\/100\n|-activate|p1a: Ferrothorn|move: Infestation|[of] p2a: Shuckle\n|-damage|p2a: Shuckle|41\/100|[from] ability: Iron Barbs|[of] p1a: Ferrothorn\n|-damage|p2a: Shuckle|25\/100|[from] item: Rocky Helmet|[of] p1a: Ferrothorn\n|\n|-damage|p2a: Shuckle|13\/100|[from] Leech Seed|[of] p1a: Ferrothorn\n|-heal|p1a: Ferrothorn|82\/100|[silent]\n|-damage|p1a: Ferrothorn|69\/100|[from] move: Infestation|[partiallytrapped]\n|upkeep\n|turn|17\n|\n|t:|1700738517\n|move|p1a: Ferrothorn|Leech Seed||[still]\n|-fail|p1a: Ferrothorn\n|move|p2a: Shuckle|Rest|p2a: Shuckle\n|-status|p2a: Shuckle|slp|[from] move: Rest\n|-heal|p2a: Shuckle|100\/100 slp|[silent]\n|\n|-damage|p2a: Shuckle|88\/100 slp|[from] Leech Seed|[of] p1a: Ferrothorn\n|-heal|p1a: Ferrothorn|78\/100|[silent]\n|-damage|p1a: Ferrothorn|65\/100|[from] move: Infestation|[partiallytrapped]\n|upkeep\n|turn|18\n|\n|t:|1700738525\n|move|p1a: Ferrothorn|Body Press|p2a: Shuckle\n|-damage|p2a: Shuckle|81\/100 slp\n|cant|p2a: Shuckle|slp\n|\n|-damage|p2a: Shuckle|69\/100 slp|[from] Leech Seed|[of] p1a: Ferrothorn\n|-heal|p1a: Ferrothorn|74\/100|[silent]\n|-damage|p1a: Ferrothorn|61\/100|[from] move: Infestation|[partiallytrapped]\n|upkeep\n|turn|19\n|\n|t:|1700738530\n|move|p1a: Ferrothorn|Body Press|p2a: Shuckle\n|-damage|p2a: Shuckle|62\/100 slp\n|cant|p2a: Shuckle|slp\n|\n|-damage|p2a: Shuckle|49\/100 slp|[from] Leech Seed|[of] p1a: Ferrothorn\n|-heal|p1a: Ferrothorn|70\/100|[silent]\n|-damage|p1a: Ferrothorn|57\/100|[from] move: Infestation|[partiallytrapped]\n|upkeep\n|turn|20\n|\n|t:|1700738533\n|move|p1a: Ferrothorn|Body Press|p2a: Shuckle\n|-damage|p2a: Shuckle|42\/100 slp\n|-curestatus|p2a: Shuckle|slp|[msg]\n|move|p2a: Shuckle|Shell Smash|p2a: Shuckle\n|-boost|p2a: Shuckle|def|1\n|-boost|p2a: Shuckle|spd|1\n|-unboost|p2a: Shuckle|atk|0\n|-unboost|p2a: Shuckle|spa|0\n|-unboost|p2a: Shuckle|spe|0\n|\n|-damage|p2a: Shuckle|30\/100|[from] Leech Seed|[of] p1a: Ferrothorn\n|-heal|p1a: Ferrothorn|66\/100|[silent]\n|-end|p1a: Ferrothorn|Infestation|[partiallytrapped]\n|upkeep\n|turn|21\n|\n|t:|1700738541\n|switch|p1a: Landorus|Landorus-Therian, M|100\/100\n|-damage|p1a: Landorus|88\/100|[from] Stealth Rock\n|-ability|p1a: Landorus|Intimidate|boost\n|-boost|p2a: Shuckle|atk|1\n|move|p2a: Shuckle|Infestation|p1a: Landorus\n|-resisted|p1a: Landorus\n|-damage|p1a: Landorus|88\/100\n|-activate|p1a: Landorus|move: Infestation|[of] p2a: Shuckle\n|\n|-damage|p2a: Shuckle|17\/100|[from] Leech Seed|[of] p1a: Landorus\n|-heal|p1a: Landorus|97\/100|[silent]\n|-damage|p1a: Landorus|85\/100|[from] move: Infestation|[partiallytrapped]\n|upkeep\n|turn|22\n|\n|t:|1700738549\n|move|p1a: Landorus|Earthquake|p2a: Shuckle\n|-damage|p2a: Shuckle|7\/100\n|move|p2a: Shuckle|Toxic|p1a: Landorus\n|-status|p1a: Landorus|tox\n|\n|-damage|p2a: Shuckle|0 fnt|[from] Leech Seed|[of] p1a: Landorus\n|-heal|p1a: Landorus|90\/100 tox|[silent]\n|faint|p2a: Shuckle\n|-damage|p1a: Landorus|84\/100 tox|[from] psn\n|-end|p1a: Landorus|Infestation|[partiallytrapped]|[silent]\n|upkeep\n|\n|t:|1700738554\n|switch|p2a: Pheromosa|Pheromosa, shiny|100\/100\n|turn|23\n|\n|t:|1700738558\n|switch|p1a: Dondozo|Dondozo, F|100\/100\n|move|p2a: Pheromosa|Ice Beam|p1a: Dondozo\n|-resisted|p1a: Dondozo\n|-damage|p1a: Dondozo|83\/100\n|\n|upkeep\n|turn|24\n|\n|t:|1700738567\n|move|p2a: Pheromosa|Rapid Spin|p1a: Dondozo\n|-damage|p1a: Dondozo|76\/100\n|-boost|p2a: Pheromosa|spe|1\n|move|p1a: Dondozo|Liquidation|p2a: Pheromosa\n|-damage|p2a: Pheromosa|24\/100\n|-unboost|p2a: Pheromosa|def|1\n|\n|upkeep\n|turn|25\n|\n|t:|1700738571\n|move|p2a: Pheromosa|Close Combat|p1a: Dondozo\n|-damage|p1a: Dondozo|51\/100\n|-unboost|p2a: Pheromosa|def|1\n|-unboost|p2a: Pheromosa|spd|1\n|move|p1a: Dondozo|Liquidation|p2a: Pheromosa\n|-damage|p2a: Pheromosa|0 fnt\n|faint|p2a: Pheromosa\n|\n|upkeep\n|\n|t:|1700738577\n|switch|p2a: Durant|Durant, F, shiny|100\/100\n|turn|26\n|\n|t:|1700738581\n|move|p2a: Durant|Entrainment|p1a: Dondozo\n|-endability|p1a: Dondozo|Unaware|[from] move: Entrainment\n|-ability|p1a: Dondozo|Truant|[from] move: Entrainment\n|move|p1a: Dondozo|Rest|p1a: Dondozo\n|-status|p1a: Dondozo|slp|[from] move: Rest\n|-heal|p1a: Dondozo|100\/100 slp|[silent]\n|\n|upkeep\n|turn|27\n|\n|t:|1700738586\n|cant|p2a: Durant|ability: Truant\n|cant|p1a: Dondozo|slp\n|cant|p1a: Dondozo|ability: Truant\n|\n|upkeep\n|turn|28\n|\n|t:|1700738591\n|switch|p2a: Gothitelle|Gothitelle, F, shiny|100\/100\n|cant|p1a: Dondozo|slp\n|move|p1a: Dondozo|Sleep Talk|p1a: Dondozo\n|move|p1a: Dondozo|Body Press|p2a: Gothitelle|[from]move: Sleep Talk\n|-resisted|p2a: Gothitelle\n|-damage|p2a: Gothitelle|87\/100\n|\n|upkeep\n|turn|29\n|\n|t:|1700738601\n|move|p2a: Gothitelle|Substitute|p2a: Gothitelle\n|-start|p2a: Gothitelle|Substitute\n|-damage|p2a: Gothitelle|62\/100\n|-curestatus|p1a: Dondozo|slp|[msg]\n|cant|p1a: Dondozo|ability: Truant\n|\n|upkeep\n|turn|30\n|\n|t:|1700738610\n|move|p2a: Gothitelle|Substitute|p2a: Gothitelle\n|-fail|p2a: Gothitelle|move: Substitute\n|move|p1a: Dondozo|Liquidation|p2a: Gothitelle\n|-end|p2a: Gothitelle|Substitute\n|\n|upkeep\n|turn|31\n|\n|t:|1700738613\n|move|p2a: Gothitelle|Substitute|p2a: Gothitelle\n|-start|p2a: Gothitelle|Substitute\n|-damage|p2a: Gothitelle|37\/100\n|cant|p1a: Dondozo|ability: Truant\n|\n|upkeep\n|turn|32\n|\n|t:|1700738617\n|move|p2a: Gothitelle|Dark Pulse|p1a: Dondozo\n|-damage|p1a: Dondozo|77\/100\n|move|p1a: Dondozo|Liquidation|p2a: Gothitelle\n|-end|p2a: Gothitelle|Substitute\n|\n|upkeep\n|turn|33\n|\n|t:|1700738629\n|move|p2a: Gothitelle|Substitute|p2a: Gothitelle\n|-start|p2a: Gothitelle|Substitute\n|-damage|p2a: Gothitelle|12\/100\n|-enditem|p2a: Gothitelle|Starf Berry|[eat]\n|-boost|p2a: Gothitelle|def|2|[from] item: Starf Berry\n|cant|p1a: Dondozo|ability: Truant\n|\n|upkeep\n|turn|34\n|\n|t:|1700738638\n|move|p2a: Gothitelle|Protect|p2a: Gothitelle\n|-singleturn|p2a: Gothitelle|Protect\n|move|p1a: Dondozo|Liquidation|p2a: Gothitelle\n|-activate|p2a: Gothitelle|move: Protect\n|\n|upkeep\n|turn|35\n|\n|t:|1700738641\n|move|p2a: Gothitelle|Recycle|p2a: Gothitelle\n|-item|p2a: Gothitelle|Starf Berry|[from] move: Recycle\n|-enditem|p2a: Gothitelle|Starf Berry|[eat]\n|-boost|p2a: Gothitelle|spd|2|[from] item: Starf Berry\n|cant|p1a: Dondozo|ability: Truant\n|\n|upkeep\n|turn|36\n|\n|t:|1700738643\n|move|p2a: Gothitelle|Protect|p2a: Gothitelle\n|-singleturn|p2a: Gothitelle|Protect\n|move|p1a: Dondozo|Liquidation|p2a: Gothitelle\n|-activate|p2a: Gothitelle|move: Protect\n|\n|upkeep\n|turn|37\n|\n|t:|1700738647\n|move|p2a: Gothitelle|Recycle|p2a: Gothitelle\n|-item|p2a: Gothitelle|Starf Berry|[from] move: Recycle\n|-enditem|p2a: Gothitelle|Starf Berry|[eat]\n|-boost|p2a: Gothitelle|atk|2|[from] item: Starf Berry\n|cant|p1a: Dondozo|ability: Truant\n|\n|upkeep\n|turn|38\n|\n|t:|1700738654\n|move|p2a: Gothitelle|Protect|p2a: Gothitelle\n|-singleturn|p2a: Gothitelle|Protect\n|move|p1a: Dondozo|Body Press|p2a: Gothitelle\n|-activate|p2a: Gothitelle|move: Protect\n|\n|upkeep\n|turn|39\n|\n|t:|1700738656\n|move|p2a: Gothitelle|Recycle|p2a: Gothitelle\n|-item|p2a: Gothitelle|Starf Berry|[from] move: Recycle\n|-enditem|p2a: Gothitelle|Starf Berry|[eat]\n|-boost|p2a: Gothitelle|spa|2|[from] item: Starf Berry\n|cant|p1a: Dondozo|ability: Truant\n|\n|upkeep\n|turn|40\n|\n|t:|1700738666\n|move|p2a: Gothitelle|Protect|p2a: Gothitelle\n|-singleturn|p2a: Gothitelle|Protect\n|move|p1a: Dondozo|Liquidation|p2a: Gothitelle\n|-activate|p2a: Gothitelle|move: Protect\n|\n|upkeep\n|turn|41\n|\n|t:|1700738671\n|move|p2a: Gothitelle|Recycle|p2a: Gothitelle\n|-item|p2a: Gothitelle|Starf Berry|[from] move: Recycle\n|-enditem|p2a: Gothitelle|Starf Berry|[eat]\n|-boost|p2a: Gothitelle|atk|2|[from] item: Starf Berry\n|cant|p1a: Dondozo|ability: Truant\n|\n|upkeep\n|turn|42\n|\n|t:|1700738680\n|move|p2a: Gothitelle|Protect|p2a: Gothitelle\n|-singleturn|p2a: Gothitelle|Protect\n|move|p1a: Dondozo|Body Press|p2a: Gothitelle\n|-activate|p2a: Gothitelle|move: Protect\n|\n|upkeep\n|turn|43\n|\n|t:|1700738687\n|move|p2a: Gothitelle|Recycle|p2a: Gothitelle\n|-item|p2a: Gothitelle|Starf Berry|[from] move: Recycle\n|-enditem|p2a: Gothitelle|Starf Berry|[eat]\n|-boost|p2a: Gothitelle|spa|2|[from] item: Starf Berry\n|cant|p1a: Dondozo|ability: Truant\n|\n|upkeep\n|turn|44\n|\n|t:|1700738698\n|move|p2a: Gothitelle|Protect|p2a: Gothitelle\n|-singleturn|p2a: Gothitelle|Protect\n|move|p1a: Dondozo|Body Press|p2a: Gothitelle\n|-activate|p2a: Gothitelle|move: Protect\n|\n|upkeep\n|turn|45\n|inactive|Battle timer is ON: inactive players will automatically lose when time's up. (requested by JustMonika_CARR)\n|\n|t:|1700738707\n|move|p2a: Gothitelle|Recycle|p2a: Gothitelle\n|-item|p2a: Gothitelle|Starf Berry|[from] move: Recycle\n|-enditem|p2a: Gothitelle|Starf Berry|[eat]\n|-boost|p2a: Gothitelle|spe|2|[from] item: Starf Berry\n|cant|p1a: Dondozo|ability: Truant\n|\n|upkeep\n|turn|46\n|\n|t:|1700738715\n|move|p2a: Gothitelle|Protect|p2a: Gothitelle\n|-singleturn|p2a: Gothitelle|Protect\n|move|p1a: Dondozo|Body Press|p2a: Gothitelle\n|-activate|p2a: Gothitelle|move: Protect\n|\n|upkeep\n|turn|47\n|\n|t:|1700738718\n|move|p2a: Gothitelle|Recycle|p2a: Gothitelle\n|-item|p2a: Gothitelle|Starf Berry|[from] move: Recycle\n|-enditem|p2a: Gothitelle|Starf Berry|[eat]\n|-boost|p2a: Gothitelle|spd|2|[from] item: Starf Berry\n|cant|p1a: Dondozo|ability: Truant\n|\n|upkeep\n|turn|48\n|\n|t:|1700738723\n|move|p2a: Gothitelle|Protect|p2a: Gothitelle\n|-singleturn|p2a: Gothitelle|Protect\n|move|p1a: Dondozo|Rest|p1a: Dondozo\n|-status|p1a: Dondozo|slp|[from] move: Rest\n|-heal|p1a: Dondozo|100\/100 slp|[silent]\n|\n|upkeep\n|turn|49\n|\n|t:|1700738728\n|move|p2a: Gothitelle|Recycle|p2a: Gothitelle\n|-item|p2a: Gothitelle|Starf Berry|[from] move: Recycle\n|-enditem|p2a: Gothitelle|Starf Berry|[eat]\n|-boost|p2a: Gothitelle|def|2|[from] item: Starf Berry\n|cant|p1a: Dondozo|slp\n|\n|upkeep\n|turn|50\n|\n|t:|1700738736\n|move|p2a: Gothitelle|Recycle|p2a: Gothitelle\n|-item|p2a: Gothitelle|Starf Berry|[from] move: Recycle\n|-enditem|p2a: Gothitelle|Starf Berry|[eat]\n|-boost|p2a: Gothitelle|spd|2|[from] item: Starf Berry\n|cant|p1a: Dondozo|slp\n|\n|upkeep\n|turn|51\n|\n|t:|1700738749\n|move|p2a: Gothitelle|Recycle|p2a: Gothitelle\n|-item|p2a: Gothitelle|Starf Berry|[from] move: Recycle\n|-enditem|p2a: Gothitelle|Starf Berry|[eat]\n|-boost|p2a: Gothitelle|spe|2|[from] item: Starf Berry\n|-curestatus|p1a: Dondozo|slp|[msg]\n|cant|p1a: Dondozo|ability: Truant\n|\n|upkeep\n|turn|52\n|\n|t:|1700738756\n|move|p2a: Gothitelle|Protect|p2a: Gothitelle\n|-singleturn|p2a: Gothitelle|Protect\n|move|p1a: Dondozo|Body Press|p2a: Gothitelle\n|-activate|p2a: Gothitelle|move: Protect\n|\n|upkeep\n|turn|53\n|\n|t:|1700738763\n|move|p2a: Gothitelle|Recycle|p2a: Gothitelle\n|-item|p2a: Gothitelle|Starf Berry|[from] move: Recycle\n|-enditem|p2a: Gothitelle|Starf Berry|[eat]\n|-boost|p2a: Gothitelle|spa|2|[from] item: Starf Berry\n|cant|p1a: Dondozo|ability: Truant\n|\n|upkeep\n|turn|54\n|\n|t:|1700738774\n|move|p2a: Gothitelle|Protect|p2a: Gothitelle\n|-singleturn|p2a: Gothitelle|Protect\n|move|p1a: Dondozo|Rest|p1a: Dondozo\n|-fail|p1a: Dondozo|heal\n|\n|upkeep\n|turn|55\n|\n|t:|1700738782\n|move|p2a: Gothitelle|Recycle|p2a: Gothitelle\n|-item|p2a: Gothitelle|Starf Berry|[from] move: Recycle\n|-enditem|p2a: Gothitelle|Starf Berry|[eat]\n|-boost|p2a: Gothitelle|atk|2|[from] item: Starf Berry\n|cant|p1a: Dondozo|ability: Truant\n|\n|upkeep\n|turn|56\n|\n|t:|1700738791\n|move|p2a: Gothitelle|Protect|p2a: Gothitelle\n|-singleturn|p2a: Gothitelle|Protect\n|move|p1a: Dondozo|Rest|p1a: Dondozo\n|-fail|p1a: Dondozo|heal\n|\n|upkeep\n|turn|57\n|\n|t:|1700738797\n|move|p2a: Gothitelle|Recycle|p2a: Gothitelle\n|-item|p2a: Gothitelle|Starf Berry|[from] move: Recycle\n|-enditem|p2a: Gothitelle|Starf Berry|[eat]\n|-boost|p2a: Gothitelle|def|2|[from] item: Starf Berry\n|cant|p1a: Dondozo|ability: Truant\n|\n|upkeep\n|turn|58\n|\n|t:|1700738805\n|move|p2a: Gothitelle|Protect|p2a: Gothitelle\n|-singleturn|p2a: Gothitelle|Protect\n|move|p1a: Dondozo|Body Press|p2a: Gothitelle\n|-activate|p2a: Gothitelle|move: Protect\n|\n|upkeep\n|turn|59\n|\n|t:|1700738811\n|move|p2a: Gothitelle|Recycle|p2a: Gothitelle\n|-item|p2a: Gothitelle|Starf Berry|[from] move: Recycle\n|-enditem|p2a: Gothitelle|Starf Berry|[eat]\n|-boost|p2a: Gothitelle|spe|2|[from] item: Starf Berry\n|cant|p1a: Dondozo|ability: Truant\n|\n|upkeep\n|turn|60\n|\n|t:|1700738817\n|move|p2a: Gothitelle|Protect|p2a: Gothitelle\n|-singleturn|p2a: Gothitelle|Protect\n|move|p1a: Dondozo|Body Press|p2a: Gothitelle\n|-activate|p2a: Gothitelle|move: Protect\n|\n|upkeep\n|turn|61\n|\n|t:|1700738820\n|move|p2a: Gothitelle|Dark Pulse|p1a: Dondozo\n|-damage|p1a: Dondozo|16\/100\n|cant|p1a: Dondozo|ability: Truant\n|\n|upkeep\n|turn|62\n|\n|t:|1700738824\n|move|p2a: Gothitelle|Dark Pulse|p1a: Dondozo\n|-damage|p1a: Dondozo|0 fnt\n|faint|p1a: Dondozo\n|\n|upkeep\n|\n|t:|1700738830\n|switch|p1a: Grimmsnarl|Grimmsnarl, M|82\/100 tox\n|-damage|p1a: Grimmsnarl|70\/100 tox|[from] Stealth Rock\n|turn|63\n|\n|t:|1700738835\n|-terastallize|p2a: Gothitelle|Dark\n|move|p1a: Grimmsnarl|Light Screen|p1a: Grimmsnarl\n|-sidestart|p1: DadFreet|move: Light Screen\n|move|p2a: Gothitelle|Dark Pulse|p1a: Grimmsnarl\n|-resisted|p1a: Grimmsnarl\n|-damage|p1a: Grimmsnarl|58\/100 tox\n|\n|-damage|p1a: Grimmsnarl|52\/100 tox|[from] psn\n|upkeep\n|turn|64\n|\n|t:|1700738848\n|move|p1a: Grimmsnarl|Parting Shot|p2a: Gothitelle\n|-hint|Since gen 7, Dark is immune to Prankster moves.\n|-immune|p2a: Gothitelle\n|move|p2a: Gothitelle|Dark Pulse|p1a: Grimmsnarl\n|-resisted|p1a: Grimmsnarl\n|-damage|p1a: Grimmsnarl|39\/100 tox\n|\n|-damage|p1a: Grimmsnarl|26\/100 tox|[from] psn\n|upkeep\n|turn|65\n|\n|t:|1700738857\n|move|p1a: Grimmsnarl|Reflect|p1a: Grimmsnarl\n|-sidestart|p1: DadFreet|Reflect\n|move|p2a: Gothitelle|Dark Pulse|p1a: Grimmsnarl\n|-resisted|p1a: Grimmsnarl\n|-damage|p1a: Grimmsnarl|15\/100 tox\n|\n|-damage|p1a: Grimmsnarl|0 fnt|[from] psn\n|faint|p1a: Grimmsnarl\n|upkeep\n|\n|t:|1700738863\n|switch|p1a: Quaquaval|Quaquaval, F|100\/100\n|-damage|p1a: Quaquaval|94\/100|[from] Stealth Rock\n|turn|66\n|\n|t:|1700738869\n|move|p2a: Gothitelle|Dark Pulse|p1a: Quaquaval\n|-resisted|p1a: Quaquaval\n|-damage|p1a: Quaquaval|50\/100\n|move|p1a: Quaquaval|Aqua Step|p2a: Gothitelle\n|-activate|p2a: Gothitelle|move: Substitute|[damage]\n|-boost|p1a: Quaquaval|spe|1\n|\n|-heal|p1a: Quaquaval|56\/100|[from] item: Leftovers\n|upkeep\n|turn|67\n|\n|t:|1700738881\n|move|p2a: Gothitelle|Protect|p2a: Gothitelle\n|-singleturn|p2a: Gothitelle|Protect\n|move|p1a: Quaquaval|Roost|p1a: Quaquaval\n|-heal|p1a: Quaquaval|100\/100\n|-singleturn|p1a: Quaquaval|move: Roost\n|\n|upkeep\n|turn|68\n|\n|t:|1700738887\n|move|p2a: Gothitelle|Dark Pulse|p1a: Quaquaval\n|-resisted|p1a: Quaquaval\n|-damage|p1a: Quaquaval|57\/100\n|cant|p1a: Quaquaval|flinch\n|\n|-heal|p1a: Quaquaval|63\/100|[from] item: Leftovers\n|upkeep\n|turn|69\n|\n|t:|1700738895\n|move|p2a: Gothitelle|Dark Pulse|p1a: Quaquaval\n|-resisted|p1a: Quaquaval\n|-damage|p1a: Quaquaval|15\/100\n|cant|p1a: Quaquaval|flinch\n|\n|-heal|p1a: Quaquaval|21\/100|[from] item: Leftovers\n|upkeep\n|turn|70\n|\n|t:|1700738906\n|move|p2a: Gothitelle|Protect|p2a: Gothitelle\n|-singleturn|p2a: Gothitelle|Protect\n|move|p1a: Quaquaval|Close Combat|p2a: Gothitelle\n|-activate|p2a: Gothitelle|move: Protect\n|\n|-heal|p1a: Quaquaval|27\/100|[from] item: Leftovers\n|-sideend|p1: DadFreet|move: Light Screen\n|upkeep\n|turn|71\n|\n|t:|1700738910\n|move|p2a: Gothitelle|Dark Pulse|p1a: Quaquaval\n|-resisted|p1a: Quaquaval\n|-damage|p1a: Quaquaval|0 fnt\n|faint|p1a: Quaquaval\n|\n|upkeep\n|\n|t:|1700738914\n|switch|p1a: Ferrothorn|Ferrothorn, F|66\/100\n|-damage|p1a: Ferrothorn|60\/100|[from] Stealth Rock\n|turn|72\n|\n|t:|1700738919\n|move|p2a: Gothitelle|Dark Pulse|p1a: Ferrothorn\n|-damage|p1a: Ferrothorn|0 fnt\n|faint|p1a: Ferrothorn\n|\n|-sideend|p1: DadFreet|Reflect\n|upkeep\n|\n|t:|1700738922\n|switch|p1a: Landorus|Landorus-Therian, M|84\/100 tox\n|-damage|p1a: Landorus|71\/100 tox|[from] Stealth Rock\n|-ability|p1a: Landorus|Intimidate|boost\n|-immune|p2a: Gothitelle\n|turn|73\n|\n|t:|1700738925\n|move|p2a: Gothitelle|Dark Pulse|p1a: Landorus\n|-damage|p1a: Landorus|0 fnt\n|faint|p1a: Landorus\n|\n|win|JustMonika_CARR\n|raw|DadFreet's rating: 1259 &rarr; <strong>1239<\/strong><br \/>(-20 for losing)\n|raw|JustMonika_CARR's rating: 1335 &rarr; <strong>1351<\/strong><br \/>(+16 for winning)\n|l|\u2606DadFreet\n","uploadtime":1700738935,"views":0,"p1id":"dadfreet","p2id":"justmonikacarr","formatid":"gen9nationaldexubers","rating":1239,"private":0,"password":""}