{"id":"gen9nationaldexubers-1994138929","p1":"Arnaenaed \u223e","p2":"AgenteDino","format":"[Gen 9] National Dex Ubers","log":"|j|\u2606Arnaenaed \u223e\n|j|\u2606AgenteDino\n|t:|1700411463\n|gametype|singles\n|player|p1|Arnaenaed \u223e|birdkeeper-gen3|\n|player|p2|AgenteDino|marnie|\n|teamsize|p1|6\n|teamsize|p2|6\n|gen|9\n|tier|[Gen 9] National Dex Ubers\n|rule|HP Percentage Mod: HP is shown in percentages\n|rule|Endless Battle Clause: Forcing endless battles is banned\n|rule|OHKO Clause: OHKO moves are banned\n|rule|Evasion Moves Clause: Evasion moves are banned\n|rule|Evasion Items Clause: Evasion items are banned\n|rule|Species Clause: Limit one of each Pok\u00e9mon\n|rule|Sleep Clause Mod: Limit one foe put to sleep\n|rule|Mega Rayquaza Clause: You cannot mega evolve Rayquaza\n|clearpoke\n|poke|p1|Xerneas-*|\n|poke|p1|Zygarde|\n|poke|p1|Delphox, F|\n|poke|p1|Greninja-*, M|\n|poke|p1|Avalugg, F|\n|poke|p1|Hawlucha, F|\n|poke|p2|Xerneas-*|\n|poke|p2|Yveltal|\n|poke|p2|Zygarde|\n|poke|p2|Greninja-*, M|\n|poke|p2|Goodra, M|\n|poke|p2|Aegislash, M|\n|teampreview\n|\n|t:|1700411476\n|start\n|switch|p1a: Greninja|Greninja, M|100\/100\n|switch|p2a: Aegislash|Aegislash, M|100\/100\n|turn|1\n|\n|t:|1700411499\n|switch|p2a: Goodra|Goodra, M|100\/100\n|move|p1a: Greninja|Toxic Spikes|p2a: Goodra\n|-start|p1a: Greninja|typechange|Poison|[from] ability: Protean\n|-sidestart|p2: AgenteDino|move: Toxic Spikes\n|\n|upkeep\n|turn|2\n|\n|t:|1700411510\n|move|p1a: Greninja|Toxic Spikes|p2a: Goodra\n|-sidestart|p2: AgenteDino|move: Toxic Spikes\n|move|p2a: Goodra|Knock Off|p1a: Greninja\n|-damage|p1a: Greninja|66\/100\n|-enditem|p1a: Greninja|Focus Sash|[from] move: Knock Off|[of] p2a: Goodra\n|\n|upkeep\n|turn|3\n|\n|t:|1700411517\n|move|p1a: Greninja|Spikes|p2a: Goodra\n|-sidestart|p2: AgenteDino|Spikes\n|move|p2a: Goodra|Dragon Tail|p1a: Greninja\n|-damage|p1a: Greninja|30\/100\n|drag|p1a: Zygarde|Zygarde|100\/100\n|\n|upkeep\n|turn|4\n|\n|t:|1700411527\n|-terastallize|p1a: Zygarde|Fairy\n|move|p1a: Zygarde|Dragon Dance|p1a: Zygarde\n|-boost|p1a: Zygarde|atk|1\n|-boost|p1a: Zygarde|spe|1\n|move|p2a: Goodra|Ice Beam|p1a: Zygarde\n|-damage|p1a: Zygarde|82\/100\n|\n|-heal|p1a: Zygarde|89\/100|[from] item: Leftovers\n|upkeep\n|turn|5\n|\n|t:|1700411534\n|move|p1a: Zygarde|Dragon Dance|p1a: Zygarde\n|-boost|p1a: Zygarde|atk|1\n|-boost|p1a: Zygarde|spe|1\n|move|p2a: Goodra|Sludge Bomb|p1a: Zygarde\n|-supereffective|p1a: Zygarde\n|-damage|p1a: Zygarde|53\/100\n|\n|-heal|p1a: Zygarde|59\/100|[from] item: Leftovers\n|upkeep\n|turn|6\n|\n|t:|1700411564\n|move|p1a: Zygarde|Thousand Waves|p2a: Goodra\n|-damage|p2a: Goodra|19\/100\n|-activate|p2a: Goodra|trapped\n|move|p2a: Goodra|Sludge Bomb|p1a: Zygarde\n|-supereffective|p1a: Zygarde\n|-damage|p1a: Zygarde|26\/100\n|\n|-heal|p1a: Zygarde|32\/100|[from] item: Leftovers\n|-activate|p1a: Zygarde|ability: Power Construct\n|detailschange|p1a: Zygarde|Zygarde-Complete, tera:Fairy\n|-heal|p1a: Zygarde|57\/100|[silent]\n|upkeep\n|turn|7\n|\n|t:|1700411581\n|move|p1a: Zygarde|Dragon Dance|p1a: Zygarde\n|-boost|p1a: Zygarde|atk|1\n|-boost|p1a: Zygarde|spe|1\n|move|p2a: Goodra|Sludge Bomb|p1a: Zygarde\n|-supereffective|p1a: Zygarde\n|-damage|p1a: Zygarde|37\/100\n|\n|-heal|p1a: Zygarde|44\/100|[from] item: Leftovers\n|upkeep\n|turn|8\n|\n|t:|1700411590\n|move|p1a: Zygarde|Dragon Dance|p1a: Zygarde\n|-boost|p1a: Zygarde|atk|1\n|-boost|p1a: Zygarde|spe|1\n|move|p2a: Goodra|Sludge Bomb|p1a: Zygarde\n|-supereffective|p1a: Zygarde\n|-damage|p1a: Zygarde|21\/100\n|\n|-heal|p1a: Zygarde|27\/100|[from] item: Leftovers\n|upkeep\n|turn|9\n|\n|t:|1700411598\n|move|p1a: Zygarde|Rest|p1a: Zygarde\n|-status|p1a: Zygarde|slp|[from] move: Rest\n|-heal|p1a: Zygarde|100\/100 slp|[silent]\n|move|p2a: Goodra|Sludge Bomb|p1a: Zygarde\n|-supereffective|p1a: Zygarde\n|-damage|p1a: Zygarde|81\/100 slp\n|\n|-heal|p1a: Zygarde|87\/100 slp|[from] item: Leftovers\n|upkeep\n|turn|10\n|\n|t:|1700411607\n|cant|p1a: Zygarde|slp\n|move|p2a: Goodra|Knock Off|p1a: Zygarde\n|-resisted|p1a: Zygarde\n|-damage|p1a: Zygarde|83\/100 slp\n|-enditem|p1a: Zygarde|Leftovers|[from] move: Knock Off|[of] p2a: Goodra\n|\n|upkeep\n|turn|11\n|\n|t:|1700411610\n|cant|p1a: Zygarde|slp\n|move|p2a: Goodra|Sludge Bomb|p1a: Zygarde\n|-supereffective|p1a: Zygarde\n|-damage|p1a: Zygarde|61\/100 slp\n|\n|upkeep\n|turn|12\n|\n|t:|1700411615\n|-curestatus|p1a: Zygarde|slp|[msg]\n|move|p1a: Zygarde|Dragon Dance|p1a: Zygarde\n|-boost|p1a: Zygarde|atk|1\n|-boost|p1a: Zygarde|spe|1\n|move|p2a: Goodra|Sludge Bomb|p1a: Zygarde\n|-supereffective|p1a: Zygarde\n|-damage|p1a: Zygarde|41\/100\n|\n|upkeep\n|turn|13\n|\n|t:|1700411622\n|move|p1a: Zygarde|Thousand Arrows|p2a: Goodra\n|-damage|p2a: Goodra|0 fnt\n|faint|p2a: Goodra\n|\n|upkeep\n|\n|t:|1700411628\n|switch|p2a: Greninja|Greninja, M|100\/100\n|-status|p2a: Greninja|tox\n|-damage|p2a: Greninja|88\/100 tox|[from] Spikes\n|turn|14\n|\n|t:|1700411634\n|-terastallize|p2a: Greninja|Water\n|move|p2a: Greninja|Water Shuriken|p1a: Zygarde\n|-crit|p1a: Zygarde\n|-damage|p1a: Zygarde|33\/100\n|-damage|p1a: Zygarde|27\/100\n|-damage|p1a: Zygarde|21\/100\n|-damage|p1a: Zygarde|15\/100\n|-damage|p1a: Zygarde|10\/100\n|-hitcount|p1a: Zygarde|5\n|-damage|p2a: Greninja|78\/100 tox|[from] item: Life Orb\n|move|p1a: Zygarde|Thousand Arrows|p2a: Greninja\n|-damage|p2a: Greninja|0 fnt\n|faint|p2a: Greninja\n|\n|upkeep\n|\n|t:|1700411642\n|switch|p2a: Zygarde|Zygarde|100\/100\n|-status|p2a: Zygarde|tox\n|-damage|p2a: Zygarde|88\/100 tox|[from] Spikes\n|turn|15\n|\n|t:|1700411659\n|move|p2a: Zygarde|Extreme Speed|p1a: Zygarde\n|-damage|p1a: Zygarde|3\/100\n|move|p1a: Zygarde|Rest|p1a: Zygarde\n|-status|p1a: Zygarde|slp|[from] move: Rest\n|-heal|p1a: Zygarde|100\/100 slp|[silent]\n|\n|-heal|p2a: Zygarde|94\/100 tox|[from] item: Leftovers\n|-damage|p2a: Zygarde|88\/100 tox|[from] psn\n|upkeep\n|turn|16\n|\n|t:|1700411669\n|cant|p1a: Zygarde|slp\n|move|p2a: Zygarde|Coil|p2a: Zygarde\n|-boost|p2a: Zygarde|atk|1\n|-boost|p2a: Zygarde|def|1\n|-boost|p2a: Zygarde|accuracy|1\n|\n|-heal|p2a: Zygarde|94\/100 tox|[from] item: Leftovers\n|-damage|p2a: Zygarde|82\/100 tox|[from] psn\n|upkeep\n|turn|17\n|\n|t:|1700411673\n|cant|p1a: Zygarde|slp\n|move|p2a: Zygarde|Coil|p2a: Zygarde\n|-boost|p2a: Zygarde|atk|1\n|-boost|p2a: Zygarde|def|1\n|-boost|p2a: Zygarde|accuracy|1\n|\n|-heal|p2a: Zygarde|88\/100 tox|[from] item: Leftovers\n|-damage|p2a: Zygarde|69\/100 tox|[from] psn\n|upkeep\n|turn|18\n|\n|t:|1700411676\n|switch|p2a: Yveltal|Yveltal|100\/100\n|-ability|p2a: Yveltal|Dark Aura\n|-curestatus|p1a: Zygarde|slp|[msg]\n|move|p1a: Zygarde|Thousand Arrows|p2a: Yveltal\n|-damage|p2a: Yveltal|29\/100\n|-start|p2a: Yveltal|Smack Down\n|\n|-heal|p2a: Yveltal|35\/100|[from] item: Leftovers\n|upkeep\n|turn|19\n|\n|t:|1700411684\n|move|p2a: Yveltal|Sucker Punch|p1a: Zygarde\n|-resisted|p1a: Zygarde\n|-damage|p1a: Zygarde|91\/100\n|move|p1a: Zygarde|Thousand Arrows|p2a: Yveltal\n|-damage|p2a: Yveltal|0 fnt\n|faint|p2a: Yveltal\n|\n|upkeep\n|\n|t:|1700411691\n|switch|p2a: Xerneas|Xerneas|100\/100\n|-status|p2a: Xerneas|tox\n|-damage|p2a: Xerneas|88\/100 tox|[from] Spikes\n|-ability|p2a: Xerneas|Fairy Aura\n|turn|20\n|\n|t:|1700411694\n|move|p1a: Zygarde|Thousand Arrows|p2a: Xerneas\n|-damage|p2a: Xerneas|0 fnt\n|faint|p2a: Xerneas\n|\n|upkeep\n|\n|t:|1700411697\n|switch|p2a: Zygarde|Zygarde|69\/100 tox\n|-damage|p2a: Zygarde|57\/100 tox|[from] Spikes\n|turn|21\n|\n|t:|1700411699\n|move|p1a: Zygarde|Thousand Arrows|p2a: Zygarde\n|-damage|p2a: Zygarde|0 fnt\n|faint|p2a: Zygarde\n|\n|upkeep\n|\n|t:|1700411701\n|switch|p2a: Aegislash|Aegislash, M|100\/100\n|-damage|p2a: Aegislash|88\/100|[from] Spikes\n|turn|22\n|\n|t:|1700411704\n|move|p1a: Zygarde|Thousand Waves|p2a: Aegislash\n|-supereffective|p2a: Aegislash\n|-damage|p2a: Aegislash|0 fnt\n|faint|p2a: Aegislash\n|\n|win|Arnaenaed \u223e\n|c|\u2606Arnaenaed \u223e|gg\n|c|\u2606AgenteDino|gg\n","uploadtime":1700411712,"views":5,"p1id":"arnaenaed","p2id":"agentedino","formatid":"gen9nationaldexubers","rating":0,"private":0,"password":""}