{"id":"gen9nationaldexubers-1978608912","p1":"Fairy Mercedes","p2":"pricicle","format":"[Gen 9] National Dex Ubers","log":"|j|\u2606Fairy Mercedes\n|j|\u2606pricicle\n|t:|1698565924\n|gametype|singles\n|player|p1|Fairy Mercedes|irida|\n|player|p2|pricicle|266|\n|teamsize|p1|6\n|teamsize|p2|6\n|gen|9\n|tier|[Gen 9] National Dex Ubers\n|rule|HP Percentage Mod: HP is shown in percentages\n|rule|Endless Battle Clause: Forcing endless battles is banned\n|rule|OHKO Clause: OHKO moves are banned\n|rule|Evasion Moves Clause: Evasion moves are banned\n|rule|Evasion Items Clause: Evasion items are banned\n|rule|Species Clause: Limit one of each Pok\u00e9mon\n|rule|Sleep Clause Mod: Limit one foe put to sleep\n|rule|Mega Rayquaza Clause: You cannot mega evolve Rayquaza\n|clearpoke\n|poke|p1|Charizard, M|\n|poke|p1|Tapu Lele|\n|poke|p1|Ogerpon-Hearthflame, F|\n|poke|p1|Lilligant-Hisui, F|\n|poke|p1|Samurott-Hisui, M|\n|poke|p1|Great Tusk|\n|poke|p2|Dondozo, M|\n|poke|p2|Mienshao, F|\n|poke|p2|Okidogi, M|\n|poke|p2|Typhlosion-Hisui, F|\n|poke|p2|Florges, F|\n|poke|p2|Noivern, F|\n|teampreview\n|\n|t:|1698565959\n|start\n|switch|p1a: Samurott|Samurott-Hisui, M|100\/100\n|switch|p2a: Mienshao|Mienshao, F|100\/100\n|turn|1\n|c|\u2606pricicle|dont remember the last time we threw a Pokemon out at the same time and i had a type advantage XD\n|\n|t:|1698566002\n|move|p2a: Mienshao|Force Palm|p1a: Samurott\n|-supereffective|p1a: Samurott\n|-damage|p1a: Samurott|16\/100\n|move|p1a: Samurott|Flip Turn|p2a: Mienshao\n|-damage|p2a: Mienshao|48\/100\n|\n|t:|1698566007\n|switch|p1a: Tapu Lele|Tapu Lele|100\/100|[from] Flip Turn\n|-fieldstart|move: Psychic Terrain|[from] ability: Psychic Surge|[of] p1a: Tapu Lele\n|\n|upkeep\n|turn|2\n|c|\u2606pricicle|now this on the other hand is a familiar sight\n|c|\u2606pricicle|which means i know what comes next. goodbye Meinshao\n|\n|t:|1698566054\n|move|p1a: Tapu Lele|Psychic|p2a: Mienshao\n|-supereffective|p2a: Mienshao\n|-damage|p2a: Mienshao|0 fnt\n|faint|p2a: Mienshao\n|\n|upkeep\n|\n|t:|1698566061\n|switch|p2a: Dondozo|Dondozo, M|100\/100\n|turn|3\n|\n|t:|1698566072\n|move|p1a: Tapu Lele|Psychic|p2a: Dondozo\n|-damage|p2a: Dondozo|67\/100\n|move|p2a: Dondozo|Heavy Slam|p1a: Tapu Lele\n|-supereffective|p1a: Tapu Lele\n|-damage|p1a: Tapu Lele|0 fnt\n|faint|p1a: Tapu Lele\n|\n|upkeep\n|\n|t:|1698566076\n|switch|p1a: Ogerpon|Ogerpon-Hearthflame, F|100\/100\n|-ability|p1a: Ogerpon|Mold Breaker\n|turn|4\n|c|\u2606pricicle|the joy thaty i feel atm\n|c|\u2606pricicle|..didnt last very long\n|\n|t:|1698566130\n|move|p1a: Ogerpon|Swords Dance|p1a: Ogerpon\n|-boost|p1a: Ogerpon|atk|2\n|move|p2a: Dondozo|Wave Crash|p1a: Ogerpon\n|-damage|p1a: Ogerpon|35\/100\n|-damage|p2a: Dondozo|54\/100|[from] Recoil\n|\n|upkeep\n|turn|5\n|\n|t:|1698566169\n|move|p1a: Ogerpon|Horn Leech|p2a: Dondozo\n|-supereffective|p2a: Dondozo\n|-damage|p2a: Dondozo|0 fnt\n|-heal|p1a: Ogerpon|79\/100|[from] drain|[of] p2a: Dondozo\n|faint|p2a: Dondozo\n|\n|-fieldend|move: Psychic Terrain\n|upkeep\n|\n|t:|1698566198\n|switch|p2a: Okidogi|Okidogi, M|100\/100\n|turn|6\n|\n|t:|1698566214\n|move|p1a: Ogerpon|Ivy Cudgel|p2a: Okidogi\n|-damage|p2a: Okidogi|0 fnt\n|faint|p2a: Okidogi\n|\n|upkeep\n|c|\u2606Fairy Mercedes|Oh\n|c|\u2606Fairy Mercedes|crit didn't matter\n|c|\u2606pricicle|kinda like the Pokemon it landed on and his contribution to the fight\n|c|\u2606Fairy Mercedes|lol\n|c|\u2606pricicle|zinged tf outta him\n|\n|t:|1698566285\n|switch|p2a: Florges|Florges, F|100\/100\n|turn|7\n|\n|t:|1698566293\n|move|p1a: Ogerpon|Trailblaze|p2a: Florges\n|-damage|p2a: Florges|4\/100\n|-boost|p1a: Ogerpon|spe|1\n|move|p2a: Florges|Moonblast|p1a: Ogerpon\n|-resisted|p1a: Ogerpon\n|-damage|p1a: Ogerpon|52\/100\n|\n|upkeep\n|turn|8\n|c|\u2606Fairy Mercedes|Sort of funny how that was a 50 base power move.\n|c|\u2606pricicle|remembered as my right mouse button was in the middle of clicking i made that mistake last night. that was painful to watch unfold, and humiliating to know u saw once again XD\n|\n|t:|1698566425\n|move|p1a: Ogerpon|Horn Leech|p2a: Florges\n|-damage|p2a: Florges|0 fnt\n|-heal|p1a: Ogerpon|54\/100|[from] drain|[of] p2a: Florges\n|faint|p2a: Florges\n|\n|upkeep\n|\n|t:|1698566444\n|switch|p2a: Noivern|Noivern, F|100\/100\n|-item|p1a: Ogerpon|Hearthflame Mask|[from] ability: Frisk|[of] p2a: Noivern|[identify]\n|turn|9\n|\n|t:|1698566469\n|move|p1a: Ogerpon|Ivy Cudgel|p2a: Noivern\n|-resisted|p2a: Noivern\n|-crit|p2a: Noivern\n|-damage|p2a: Noivern|0 fnt\n|faint|p2a: Noivern\n|\n|upkeep\n|\n|t:|1698566480\n|switch|p2a: Typhlosion|Typhlosion-Hisui, F|100\/100\n|turn|10\n|j| RenegadeBlacepalon\n|\n|t:|1698566506\n|move|p1a: Ogerpon|Horn Leech|p2a: Typhlosion\n|-resisted|p2a: Typhlosion\n|-damage|p2a: Typhlosion|37\/100\n|-heal|p1a: Ogerpon|85\/100|[from] drain|[of] p2a: Typhlosion\n|move|p2a: Typhlosion|Extrasensory|p1a: Ogerpon\n|-damage|p1a: Ogerpon|53\/100\n|\n|upkeep\n|turn|11\n|l| RenegadeBlacepalon\n|\n|t:|1698566525\n|move|p1a: Ogerpon|Horn Leech|p2a: Typhlosion\n|-resisted|p2a: Typhlosion\n|-damage|p2a: Typhlosion|0 fnt\n|-heal|p1a: Ogerpon|71\/100|[from] drain|[of] p2a: Typhlosion\n|faint|p2a: Typhlosion\n|\n|win|Fairy Mercedes\n|l|\u2606Fairy Mercedes\n|j|\u2606Fairy Mercedes\n|player|p1|Fairy Mercedes|irida\n","uploadtime":1698566540,"views":13,"p1id":"fairymercedes","p2id":"pricicle","formatid":"gen9nationaldexubers","rating":0,"private":0,"password":""}