{"id":"gen9nationaldexubers-1997834484","p1":"thebossandking","p2":"KarmaKazama0","format":"[Gen 9] National Dex Ubers","log":"|j|\u2606thebossandking\n|j|\u2606KarmaKazama0\n|t:|1700857793\n|gametype|singles\n|player|p1|thebossandking|169|1298\n|player|p2|KarmaKazama0|102|1494\n|teamsize|p1|6\n|teamsize|p2|6\n|gen|9\n|tier|[Gen 9] National Dex Ubers\n|rated|\n|rule|HP Percentage Mod: HP is shown in percentages\n|rule|Endless Battle Clause: Forcing endless battles is banned\n|rule|OHKO Clause: OHKO moves are banned\n|rule|Evasion Moves Clause: Evasion moves are banned\n|rule|Evasion Items Clause: Evasion items are banned\n|rule|Species Clause: Limit one of each Pok\u00e9mon\n|rule|Sleep Clause Mod: Limit one foe put to sleep\n|rule|Mega Rayquaza Clause: You cannot mega evolve Rayquaza\n|clearpoke\n|poke|p1|Shuckle, M|\n|poke|p1|Blaziken, M|\n|poke|p1|Samurott-Hisui, M|\n|poke|p1|Xerneas-*|\n|poke|p1|Palkia-Origin|\n|poke|p1|Ditto|\n|poke|p2|Marshadow|\n|poke|p2|Ho-Oh|\n|poke|p2|Arceus-Ground|\n|poke|p2|Groudon|\n|poke|p2|Xerneas-*|\n|poke|p2|Zygarde|\n|teampreview\n|inactive|Battle timer is ON: inactive players will automatically lose when time's up. (requested by KarmaKazama0)\n|\n|t:|1700857803\n|start\n|switch|p1a: Shuckle|Shuckle, M|100\/100\n|switch|p2a: Groudon|Groudon|100\/100\n|detailschange|p2a: Groudon|Groudon-Primal\n|-primal|p2a: Groudon|Red Orb\n|-weather|DesolateLand|[from] ability: Desolate Land|[of] p2a: Groudon\n|turn|1\n|\n|t:|1700857823\n|move|p2a: Groudon|Spikes|p1a: Shuckle\n|-sidestart|p1: thebossandking|Spikes\n|move|p1a: Shuckle|Sticky Web|p2a: Groudon\n|-sidestart|p2: KarmaKazama0|move: Sticky Web\n|\n|-weather|DesolateLand|[upkeep]\n|upkeep\n|turn|2\n|\n|t:|1700857831\n|move|p2a: Groudon|Spikes|p1a: Shuckle\n|-sidestart|p1: thebossandking|Spikes\n|move|p1a: Shuckle|Toxic|p2a: Groudon\n|-status|p2a: Groudon|tox\n|\n|-weather|DesolateLand|[upkeep]\n|-damage|p2a: Groudon|94\/100 tox|[from] psn\n|upkeep\n|turn|3\n|\n|t:|1700857837\n|move|p2a: Groudon|Toxic|p1a: Shuckle\n|-status|p1a: Shuckle|tox\n|move|p1a: Shuckle|Stealth Rock|p2a: Groudon\n|-sidestart|p2: KarmaKazama0|move: Stealth Rock\n|\n|-weather|DesolateLand|[upkeep]\n|-damage|p2a: Groudon|82\/100 tox|[from] psn\n|-damage|p1a: Shuckle|94\/100 tox|[from] psn\n|upkeep\n|turn|4\n|\n|t:|1700857845\n|move|p2a: Groudon|Stone Edge|p1a: Shuckle|[miss]\n|-miss|p2a: Groudon|p1a: Shuckle\n|move|p1a: Shuckle|Knock Off|p2a: Groudon\n|-damage|p2a: Groudon|80\/100 tox\n|\n|-weather|DesolateLand|[upkeep]\n|-damage|p2a: Groudon|62\/100 tox|[from] psn\n|-damage|p1a: Shuckle|82\/100 tox|[from] psn\n|upkeep\n|turn|5\n|\n|t:|1700857850\n|move|p2a: Groudon|Spikes|p1a: Shuckle\n|-sidestart|p1: thebossandking|Spikes\n|move|p1a: Shuckle|Knock Off|p2a: Groudon\n|-damage|p2a: Groudon|60\/100 tox\n|\n|-weather|DesolateLand|[upkeep]\n|-damage|p2a: Groudon|35\/100 tox|[from] psn\n|-damage|p1a: Shuckle|63\/100 tox|[from] psn\n|upkeep\n|turn|6\n|\n|t:|1700857858\n|move|p2a: Groudon|Precipice Blades|p1a: Shuckle\n|-damage|p1a: Shuckle|17\/100 tox\n|move|p1a: Shuckle|Knock Off|p2a: Groudon\n|-damage|p2a: Groudon|33\/100 tox\n|\n|-weather|DesolateLand|[upkeep]\n|-damage|p2a: Groudon|2\/100 tox|[from] psn\n|-damage|p1a: Shuckle|0 fnt|[from] psn\n|faint|p1a: Shuckle\n|upkeep\n|\n|t:|1700857869\n|switch|p1a: Ditto|Ditto|100\/100\n|-damage|p1a: Ditto|76\/100|[from] Spikes\n|-transform|p1a: Ditto|p2a: Groudon|[from] ability: Imposter\n|turn|7\n|\n|t:|1700857882\n|move|p1a: Ditto|Spikes|p2a: Groudon\n|-sidestart|p2: KarmaKazama0|Spikes\n|move|p2a: Groudon|Toxic|p1a: Ditto\n|-status|p1a: Ditto|tox\n|\n|-weather|DesolateLand|[upkeep]\n|-damage|p1a: Ditto|70\/100 tox|[from] psn\n|-damage|p2a: Groudon|0 fnt|[from] psn\n|faint|p2a: Groudon\n|upkeep\n|\n|t:|1700857888\n|switch|p2a: Ho-Oh|Ho-Oh|100\/100\n|turn|8\n|\n|t:|1700857892\n|move|p1a: Ditto|Spikes|p2a: Ho-Oh\n|-sidestart|p2: KarmaKazama0|Spikes\n|move|p2a: Ho-Oh|Defog|p1a: Ditto\n|-unboost|p1a: Ditto|evasion|1\n|-sideend|p1: thebossandking|Spikes|[from] move: Defog|[of] p2a: Ho-Oh\n|-sideend|p2: KarmaKazama0|Spikes|[from] move: Defog|[of] p2a: Ho-Oh\n|-sideend|p2: KarmaKazama0|Stealth Rock|[from] move: Defog|[of] p2a: Ho-Oh\n|-sideend|p2: KarmaKazama0|Sticky Web|[from] move: Defog|[of] p2a: Ho-Oh\n|\n|-weather|DesolateLand|[upkeep]\n|-damage|p1a: Ditto|58\/100 tox|[from] psn\n|upkeep\n|turn|9\n|\n|t:|1700857904\n|move|p1a: Ditto|Spikes|p2a: Ho-Oh\n|-sidestart|p2: KarmaKazama0|Spikes\n|move|p2a: Ho-Oh|Sacred Fire|p1a: Ditto\n|-resisted|p1a: Ditto\n|-damage|p1a: Ditto|38\/100 tox\n|\n|-weather|DesolateLand|[upkeep]\n|-damage|p1a: Ditto|20\/100 tox|[from] psn\n|upkeep\n|turn|10\n|\n|t:|1700857917\n|move|p1a: Ditto|Spikes|p2a: Ho-Oh\n|-sidestart|p2: KarmaKazama0|Spikes\n|move|p2a: Ho-Oh|Defog|p1a: Ditto\n|-unboost|p1a: Ditto|evasion|1\n|-sideend|p2: KarmaKazama0|Spikes|[from] move: Defog|[of] p2a: Ho-Oh\n|\n|-weather|DesolateLand|[upkeep]\n|-damage|p1a: Ditto|0 fnt|[from] psn\n|faint|p1a: Ditto\n|-weather|none\n|upkeep\n|\n|t:|1700857929\n|switch|p1a: Blaziken|Blaziken, M, shiny|100\/100\n|turn|11\n|\n|t:|1700857934\n|detailschange|p1a: Blaziken|Blaziken-Mega, M, shiny\n|-mega|p1a: Blaziken|Blaziken|Blazikenite\n|move|p1a: Blaziken|Swords Dance|p1a: Blaziken\n|-boost|p1a: Blaziken|atk|2\n|move|p2a: Ho-Oh|Whirlwind|p1a: Blaziken\n|drag|p1a: Xerneas|Xerneas|100\/100\n|-ability|p1a: Xerneas|Fairy Aura\n|\n|upkeep\n|turn|12\n|\n|t:|1700857941\n|move|p1a: Xerneas|Geomancy||[still]\n|-prepare|p1a: Xerneas|Geomancy\n|-enditem|p1a: Xerneas|Power Herb\n|-anim|p1a: Xerneas|Geomancy|p1a: Xerneas\n|-boost|p1a: Xerneas|spa|2\n|-boost|p1a: Xerneas|spd|2\n|-boost|p1a: Xerneas|spe|2\n|move|p2a: Ho-Oh|Toxic|p1a: Xerneas\n|-status|p1a: Xerneas|tox\n|\n|-damage|p1a: Xerneas|94\/100 tox|[from] psn\n|upkeep\n|turn|13\n|\n|t:|1700857945\n|move|p1a: Xerneas|Thunderbolt|p2a: Ho-Oh\n|-supereffective|p2a: Ho-Oh\n|-damage|p2a: Ho-Oh|24\/100\n|move|p2a: Ho-Oh|Whirlwind|p1a: Xerneas\n|drag|p1a: Palkia|Palkia-Origin|100\/100\n|-ability|p1a: Palkia|Pressure\n|\n|upkeep\n|turn|14\n|\n|t:|1700857955\n|switch|p2a: Xerneas|Xerneas|100\/100\n|-ability|p2a: Xerneas|Fairy Aura\n|move|p1a: Palkia|Surf|p2a: Xerneas\n|-damage|p2a: Xerneas|36\/100\n|\n|upkeep\n|turn|15\n|\n|t:|1700857963\n|move|p1a: Palkia|Surf|p2a: Xerneas\n|-damage|p2a: Xerneas|0 fnt\n|faint|p2a: Xerneas\n|\n|upkeep\n|\n|t:|1700857969\n|switch|p2a: Arceus|Arceus-Ground|100\/100\n|turn|16\n|\n|t:|1700857976\n|-terastallize|p2a: Arceus|Water\n|-terastallize|p1a: Palkia|Water\n|move|p2a: Arceus|Calm Mind|p2a: Arceus\n|-boost|p2a: Arceus|spa|1\n|-boost|p2a: Arceus|spd|1\n|move|p1a: Palkia|Surf|p2a: Arceus\n|-resisted|p2a: Arceus\n|-damage|p2a: Arceus|78\/100\n|\n|upkeep\n|turn|17\n|\n|t:|1700857986\n|move|p2a: Arceus|Calm Mind|p2a: Arceus\n|-boost|p2a: Arceus|spa|1\n|-boost|p2a: Arceus|spd|1\n|move|p1a: Palkia|Spacial Rend|p2a: Arceus\n|-damage|p2a: Arceus|51\/100\n|\n|upkeep\n|turn|18\n|\n|t:|1700857993\n|move|p2a: Arceus|Recover|p2a: Arceus\n|-heal|p2a: Arceus|100\/100\n|move|p1a: Palkia|Spacial Rend|p2a: Arceus\n|-damage|p2a: Arceus|70\/100\n|\n|upkeep\n|turn|19\n|\n|t:|1700857999\n|move|p2a: Arceus|Calm Mind|p2a: Arceus\n|-boost|p2a: Arceus|spa|1\n|-boost|p2a: Arceus|spd|1\n|move|p1a: Palkia|Spacial Rend|p2a: Arceus\n|-damage|p2a: Arceus|47\/100\n|\n|upkeep\n|turn|20\n|\n|t:|1700858004\n|move|p2a: Arceus|Recover|p2a: Arceus\n|-heal|p2a: Arceus|97\/100\n|move|p1a: Palkia|Spacial Rend|p2a: Arceus\n|-damage|p2a: Arceus|75\/100\n|\n|upkeep\n|turn|21\n|\n|t:|1700858015\n|move|p2a: Arceus|Judgment|p1a: Palkia\n|-damage|p1a: Palkia|0 fnt\n|faint|p1a: Palkia\n|\n|upkeep\n|\n|t:|1700858028\n|switch|p1a: Samurott|Samurott-Hisui, M|100\/100\n|turn|22\n|\n|t:|1700858032\n|move|p2a: Arceus|Judgment|p1a: Samurott\n|-damage|p1a: Samurott|0 fnt\n|faint|p1a: Samurott\n|\n|upkeep\n|-message|thebossandking forfeited.\n|\n|win|KarmaKazama0\n|raw|thebossandking's rating: 1298 &rarr; <strong>1286<\/strong><br \/>(-12 for losing)\n|raw|KarmaKazama0's rating: 1494 &rarr; <strong>1504<\/strong><br \/>(+10 for winning)\n|l|\u2606thebossandking\n","uploadtime":1700858043,"views":10,"p1id":"thebossandking","p2id":"karmakazama0","formatid":"gen9nationaldexubers","rating":1286,"private":0,"password":""}