{"id":"gen9nationaldexubers-1986997363","p1":"Sacha77500","p2":"3eveeJ","format":"[Gen 9] National Dex Ubers","log":"|j|\u2606Sacha77500\n|j|\u26063eveeJ\n|t:|1699547706\n|gametype|singles\n|player|p1|Sacha77500|ghetsis|\n|player|p2|3eveeJ|cheryl|\n|teamsize|p1|6\n|teamsize|p2|6\n|gen|9\n|tier|[Gen 9] National Dex Ubers\n|rule|HP Percentage Mod: HP is shown in percentages\n|rule|Endless Battle Clause: Forcing endless battles is banned\n|rule|OHKO Clause: OHKO moves are banned\n|rule|Evasion Moves Clause: Evasion moves are banned\n|rule|Evasion Items Clause: Evasion items are banned\n|rule|Species Clause: Limit one of each Pok\u00e9mon\n|rule|Sleep Clause Mod: Limit one foe put to sleep\n|rule|Mega Rayquaza Clause: You cannot mega evolve Rayquaza\n|clearpoke\n|poke|p1|Aggron, M|\n|poke|p1|Darmanitan-Galar, F|\n|poke|p1|Clodsire, M|\n|poke|p1|Golisopod, M|\n|poke|p1|Ceruledge, M|\n|poke|p1|Zoroark-Hisui, M|\n|poke|p2|Turtonator, M|\n|poke|p2|Toxapex, F|\n|poke|p2|Lilligant-Hisui, F|\n|poke|p2|Clefable, M|\n|poke|p2|Darmanitan-Galar, F|\n|poke|p2|Dragapult, M|\n|teampreview\n|inactive|Battle timer is ON: inactive players will automatically lose when time's up. (requested by Sacha77500)\n|c|\u2606Sacha77500|glhf\n|\n|t:|1699547716\n|start\n|switch|p1a: :3|Clodsire, M|100\/100\n|switch|p2a: Toxapex|Toxapex, F|100\/100\n|turn|1\n|\n|t:|1699547723\n|move|p2a: Toxapex|Toxic Spikes|p1a: :3\n|-sidestart|p1: Sacha77500|move: Toxic Spikes\n|move|p1a: :3|Stealth Rock|p2a: Toxapex\n|-sidestart|p2: 3eveeJ|move: Stealth Rock\n|\n|upkeep\n|turn|2\n|\n|t:|1699547727\n|move|p2a: Toxapex|Toxic Spikes|p1a: :3\n|-sidestart|p1: Sacha77500|move: Toxic Spikes\n|move|p1a: :3|Toxic Spikes|p2a: Toxapex\n|-sidestart|p2: 3eveeJ|move: Toxic Spikes\n|\n|upkeep\n|turn|3\n|\n|t:|1699547733\n|switch|p2a: Turtonator|Turtonator, M|100\/100\n|-damage|p2a: Turtonator|76\/100|[from] Stealth Rock\n|-status|p2a: Turtonator|psn\n|move|p1a: :3|Toxic Spikes|p2a: Turtonator\n|-sidestart|p2: 3eveeJ|move: Toxic Spikes\n|\n|-damage|p2a: Turtonator|63\/100 psn|[from] psn\n|upkeep\n|turn|4\n|\n|t:|1699547742\n|move|p2a: Turtonator|Shell Smash|p2a: Turtonator\n|-unboost|p2a: Turtonator|def|1\n|-unboost|p2a: Turtonator|spd|1\n|-boost|p2a: Turtonator|atk|2\n|-boost|p2a: Turtonator|spa|2\n|-boost|p2a: Turtonator|spe|2\n|-enditem|p2a: Turtonator|White Herb\n|-clearnegativeboost|p2a: Turtonator|[silent]\n|move|p1a: :3|Spikes|p2a: Turtonator\n|-sidestart|p2: 3eveeJ|Spikes\n|\n|-damage|p2a: Turtonator|51\/100 psn|[from] psn\n|upkeep\n|turn|5\n|\n|t:|1699547752\n|move|p2a: Turtonator|Rapid Spin|p1a: :3\n|-damage|p1a: :3|90\/100\n|-boost|p2a: Turtonator|spe|1\n|-sideend|p2: 3eveeJ|Spikes|[from] move: Rapid Spin|[of] p2a: Turtonator\n|-sideend|p2: 3eveeJ|Toxic Spikes|[from] move: Rapid Spin|[of] p2a: Turtonator\n|-sideend|p2: 3eveeJ|Stealth Rock|[from] move: Rapid Spin|[of] p2a: Turtonator\n|move|p1a: :3|Spikes|p2a: Turtonator\n|-sidestart|p2: 3eveeJ|Spikes\n|\n|-heal|p1a: :3|96\/100|[from] item: Leftovers\n|-damage|p2a: Turtonator|39\/100 psn|[from] psn\n|upkeep\n|turn|6\n|\n|t:|1699547761\n|move|p2a: Turtonator|Earthquake|p1a: :3\n|-supereffective|p1a: :3\n|-damage|p1a: :3|53\/100\n|move|p1a: :3|Stealth Rock|p2a: Turtonator\n|-sidestart|p2: 3eveeJ|move: Stealth Rock\n|\n|-heal|p1a: :3|59\/100|[from] item: Leftovers\n|-damage|p2a: Turtonator|27\/100 psn|[from] psn\n|upkeep\n|turn|7\n|\n|t:|1699547769\n|move|p2a: Turtonator|Earthquake|p1a: :3\n|-supereffective|p1a: :3\n|-crit|p1a: :3\n|-damage|p1a: :3|0 fnt\n|faint|p1a: :3\n|\n|-damage|p2a: Turtonator|14\/100 psn|[from] psn\n|upkeep\n|\n|t:|1699547773\n|switch|p1a: Rise of Kong|Darmanitan-Galar, F|100\/100\n|turn|8\n|\n|t:|1699547777\n|move|p2a: Turtonator|Rapid Spin|p1a: Rise of Kong\n|-damage|p1a: Rise of Kong|73\/100\n|-boost|p2a: Turtonator|spe|1\n|-sideend|p2: 3eveeJ|Spikes|[from] move: Rapid Spin|[of] p2a: Turtonator\n|-sideend|p2: 3eveeJ|Stealth Rock|[from] move: Rapid Spin|[of] p2a: Turtonator\n|move|p1a: Rise of Kong|Earthquake|p2a: Turtonator\n|-supereffective|p2a: Turtonator\n|-damage|p2a: Turtonator|0 fnt\n|faint|p2a: Turtonator\n|\n|upkeep\n|\n|t:|1699547791\n|switch|p2a: Lilligant|Lilligant-Hisui, F|100\/100\n|turn|9\n|\n|t:|1699547794\n|move|p2a: Lilligant|Victory Dance|p2a: Lilligant\n|-boost|p2a: Lilligant|atk|1\n|-boost|p2a: Lilligant|def|1\n|-boost|p2a: Lilligant|spe|1\n|move|p1a: Rise of Kong|Icicle Crash|p2a: Lilligant\n|-supereffective|p2a: Lilligant\n|-damage|p2a: Lilligant|11\/100\n|\n|upkeep\n|turn|10\n|\n|t:|1699547804\n|move|p2a: Lilligant|Close Combat|p1a: Rise of Kong\n|-supereffective|p1a: Rise of Kong\n|-damage|p1a: Rise of Kong|0 fnt\n|-unboost|p2a: Lilligant|def|1\n|-unboost|p2a: Lilligant|spd|1\n|faint|p1a: Rise of Kong\n|\n|upkeep\n|\n|t:|1699547810\n|switch|p1a: Battle Tendencies|Ceruledge, M|100\/100\n|-status|p1a: Battle Tendencies|tox\n|turn|11\n|\n|t:|1699547817\n|switch|p2a: Toxapex|Toxapex, F|100\/100\n|move|p1a: Battle Tendencies|Bitter Blade|p2a: Toxapex\n|-resisted|p2a: Toxapex\n|-damage|p2a: Toxapex|86\/100\n|\n|-heal|p2a: Toxapex|92\/100|[from] item: Black Sludge\n|-damage|p1a: Battle Tendencies|94\/100 tox|[from] psn\n|upkeep\n|turn|12\n|\n|t:|1699547829\n|move|p1a: Battle Tendencies|Swords Dance|p1a: Battle Tendencies\n|-boost|p1a: Battle Tendencies|atk|2\n|move|p2a: Toxapex|Hydro Pump|p1a: Battle Tendencies|[miss]\n|-miss|p2a: Toxapex|p1a: Battle Tendencies\n|\n|-heal|p2a: Toxapex|98\/100|[from] item: Black Sludge\n|-damage|p1a: Battle Tendencies|82\/100 tox|[from] psn\n|upkeep\n|turn|13\n|\n|t:|1699547837\n|move|p1a: Battle Tendencies|Poltergeist|p2a: Toxapex|[miss]\n|-miss|p1a: Battle Tendencies|p2a: Toxapex\n|move|p2a: Toxapex|Hydro Pump|p1a: Battle Tendencies|[miss]\n|-miss|p2a: Toxapex|p1a: Battle Tendencies\n|\n|-heal|p2a: Toxapex|100\/100|[from] item: Black Sludge\n|-damage|p1a: Battle Tendencies|63\/100 tox|[from] psn\n|upkeep\n|turn|14\n|c|\u2606Sacha77500|bruh\n|c|\u2606Sacha77500|LMAO\n|c|\u26063eveeJ|what is happening\n|\n|t:|1699547850\n|move|p1a: Battle Tendencies|Poltergeist|p2a: Toxapex\n|-activate|p2a: Toxapex|move: Poltergeist|Black Sludge\n|-damage|p2a: Toxapex|34\/100\n|move|p2a: Toxapex|Hydro Pump|p1a: Battle Tendencies\n|-supereffective|p1a: Battle Tendencies\n|-damage|p1a: Battle Tendencies|11\/100 tox\n|\n|-heal|p2a: Toxapex|40\/100|[from] item: Black Sludge\n|-damage|p1a: Battle Tendencies|0 fnt|[from] psn\n|faint|p1a: Battle Tendencies\n|upkeep\n|c|\u2606Sacha77500|Miss\n|\n|t:|1699547858\n|switch|p1a: ATTACK!!!|Golisopod, M|100\/100\n|-status|p1a: ATTACK!!!|tox\n|turn|15\n|\n|t:|1699547864\n|move|p1a: ATTACK!!!|Hyper Voice|p2a: Toxapex\n|-damage|p2a: Toxapex|0 fnt\n|faint|p2a: Toxapex\n|\n|-damage|p1a: ATTACK!!!|95\/100 tox|[from] psn\n|upkeep\n|\n|t:|1699547871\n|switch|p2a: Dragapult|Dragapult, M|100\/100\n|turn|16\n|\n|t:|1699547882\n|switch|p1a: ATTACK!!!|Golisopod, M|100\/100\n|-status|p1a: ATTACK!!!|tox\n|move|p2a: Dragapult|Tri Attack|p1a: ATTACK!!!\n|-damage|p1a: ATTACK!!!|82\/100 tox\n|-damage|p2a: Dragapult|91\/100|[from] item: Life Orb\n|\n|-damage|p1a: ATTACK!!!|76\/100 tox|[from] psn\n|upkeep\n|turn|17\n|\n|t:|1699547893\n|move|p1a: ATTACK!!!|First Impression|p2a: Dragapult\n|-resisted|p2a: Dragapult\n|-damage|p2a: Dragapult|57\/100\n|move|p2a: Dragapult|Flamethrower|p1a: ATTACK!!!\n|-crit|p1a: ATTACK!!!\n|-damage|p1a: ATTACK!!!|42\/100 tox\n|-activate|p1a: ATTACK!!!|ability: Emergency Exit\n|-damage|p2a: Dragapult|47\/100|[from] item: Life Orb\n|\n|t:|1699547900\n|switch|p1a: ATTACK!!!|Golisopod, M|95\/100 tox\n|\n|-damage|p1a: ATTACK!!!|89\/100 tox|[from] psn\n|upkeep\n|turn|18\n|\n|t:|1699547908\n|move|p2a: Dragapult|Psychic Fangs|p1a: ATTACK!!!\n|-damage|p1a: ATTACK!!!|16\/100 tox\n|replace|p1a: Smooth Criminal|Zoroark-Hisui, M, shiny\n|-end|p1a: Smooth Criminal|Illusion\n|-damage|p2a: Dragapult|37\/100|[from] item: Life Orb\n|move|p1a: Smooth Criminal|Bitter Malice|p2a: Dragapult\n|-supereffective|p2a: Dragapult\n|-damage|p2a: Dragapult|0 fnt\n|faint|p2a: Dragapult\n|\n|-damage|p1a: Smooth Criminal|4\/100 tox|[from] psn\n|upkeep\n|\n|t:|1699547920\n|switch|p2a: Lilligant|Lilligant-Hisui, F|11\/100\n|turn|19\n|\n|t:|1699547925\n|move|p1a: Smooth Criminal|Bitter Malice|p2a: Lilligant\n|-damage|p2a: Lilligant|0 fnt\n|faint|p2a: Lilligant\n|\n|-damage|p1a: Smooth Criminal|0 fnt|[from] psn\n|faint|p1a: Smooth Criminal\n|upkeep\n|\n|t:|1699547933\n|switch|p1a: ATTACK!!!|Golisopod, M|42\/100 tox\n|switch|p2a: Darmanitan|Darmanitan-Galar, F|100\/100\n|turn|20\n|\n|t:|1699547941\n|-terastallize|p2a: Darmanitan|Ground\n|move|p1a: ATTACK!!!|First Impression|p2a: Darmanitan\n|-damage|p2a: Darmanitan|28\/100\n|move|p2a: Darmanitan|Earthquake|p1a: ATTACK!!!\n|-resisted|p1a: ATTACK!!!\n|-damage|p1a: ATTACK!!!|9\/100 tox\n|\n|-damage|p1a: ATTACK!!!|3\/100 tox|[from] psn\n|upkeep\n|turn|21\n|\n|t:|1699547950\n|move|p1a: ATTACK!!!|Aqua Jet|p2a: Darmanitan\n|-supereffective|p2a: Darmanitan\n|-damage|p2a: Darmanitan|0 fnt\n|faint|p2a: Darmanitan\n|\n|-damage|p1a: ATTACK!!!|0 fnt|[from] psn\n|faint|p1a: ATTACK!!!\n|upkeep\n|c|\u26063eveeJ|welp\n|c|\u2606Sacha77500|ggwp\n|\n|t:|1699547959\n|switch|p2a: Clefable|Clefable, M|100\/100\n|switch|p1a: The Rock|Aggron, M|100\/100\n|turn|22\n|\n|t:|1699547965\n|move|p2a: Clefable|Drain Punch|p1a: The Rock\n|-supereffective|p1a: The Rock\n|-damage|p1a: The Rock|72\/100\n|move|p1a: The Rock|Head Smash|p2a: Clefable\n|-damage|p2a: Clefable|23\/100\n|\n|upkeep\n|turn|23\n|\n|t:|1699547976\n|detailschange|p1a: The Rock|Aggron-Mega, M\n|-mega|p1a: The Rock|Aggron|Aggronite\n|move|p2a: Clefable|Drain Punch|p1a: The Rock\n|-supereffective|p1a: The Rock\n|-crit|p1a: The Rock\n|-damage|p1a: The Rock|58\/100\n|-heal|p2a: Clefable|28\/100|[from] drain|[of] p1a: The Rock\n|move|p1a: The Rock|Curse|p1a: The Rock\n|-unboost|p1a: The Rock|spe|1\n|-boost|p1a: The Rock|atk|1\n|-boost|p1a: The Rock|def|1\n|\n|upkeep\n|turn|24\n|\n|t:|1699547987\n|move|p2a: Clefable|Soft-Boiled|p2a: Clefable\n|-heal|p2a: Clefable|78\/100\n|move|p1a: The Rock|Curse|p1a: The Rock\n|-unboost|p1a: The Rock|spe|1\n|-boost|p1a: The Rock|atk|1\n|-boost|p1a: The Rock|def|1\n|\n|upkeep\n|turn|25\n|\n|t:|1699547994\n|move|p2a: Clefable|Drain Punch|p1a: The Rock\n|-supereffective|p1a: The Rock\n|-damage|p1a: The Rock|49\/100\n|-heal|p2a: Clefable|81\/100|[from] drain|[of] p1a: The Rock\n|move|p1a: The Rock|Body Press|p2a: Clefable\n|-resisted|p2a: Clefable\n|-damage|p2a: Clefable|55\/100\n|\n|upkeep\n|turn|26\n|\n|t:|1699548003\n|move|p2a: Clefable|Drain Punch|p1a: The Rock\n|-supereffective|p1a: The Rock\n|-damage|p1a: The Rock|40\/100\n|-heal|p2a: Clefable|58\/100|[from] drain|[of] p1a: The Rock\n|move|p1a: The Rock|Curse|p1a: The Rock\n|-unboost|p1a: The Rock|spe|1\n|-boost|p1a: The Rock|atk|1\n|-boost|p1a: The Rock|def|1\n|\n|upkeep\n|turn|27\n|\n|t:|1699548013\n|move|p2a: Clefable|Soft-Boiled|p2a: Clefable\n|-heal|p2a: Clefable|100\/100\n|move|p1a: The Rock|Curse|p1a: The Rock\n|-unboost|p1a: The Rock|spe|1\n|-boost|p1a: The Rock|atk|1\n|-boost|p1a: The Rock|def|1\n|\n|upkeep\n|turn|28\n|\n|t:|1699548020\n|move|p2a: Clefable|Drain Punch|p1a: The Rock\n|-supereffective|p1a: The Rock\n|-damage|p1a: The Rock|31\/100\n|move|p1a: The Rock|Curse|p1a: The Rock\n|-unboost|p1a: The Rock|spe|1\n|-boost|p1a: The Rock|atk|1\n|-boost|p1a: The Rock|def|1\n|\n|upkeep\n|turn|29\n|\n|t:|1699548027\n|move|p2a: Clefable|Drain Punch|p1a: The Rock\n|-supereffective|p1a: The Rock\n|-damage|p1a: The Rock|21\/100\n|move|p1a: The Rock|Curse|p1a: The Rock\n|-unboost|p1a: The Rock|spe|1\n|-boost|p1a: The Rock|atk|1\n|-boost|p1a: The Rock|def|1\n|\n|upkeep\n|turn|30\n|c|\u2606Sacha77500|pls no crit\n|c|\u2606Sacha77500|let's go\n|c|\u26063eveeJ|what is happening?\n|\n|t:|1699548040\n|move|p2a: Clefable|Drain Punch|p1a: The Rock\n|-supereffective|p1a: The Rock\n|-damage|p1a: The Rock|11\/100\n|move|p1a: The Rock|Body Press|p2a: Clefable\n|-resisted|p2a: Clefable\n|-damage|p2a: Clefable|75\/100\n|\n|upkeep\n|turn|31\n|c|\u2606Sacha77500|OH SHI\n|c|\u26063eveeJ|unaware\n|\n|t:|1699548053\n|move|p2a: Clefable|Drain Punch|p1a: The Rock\n|-supereffective|p1a: The Rock\n|-damage|p1a: The Rock|2\/100\n|-heal|p2a: Clefable|78\/100|[from] drain|[of] p1a: The Rock\n|move|p1a: The Rock|Head Smash|p2a: Clefable\n|-damage|p2a: Clefable|18\/100\n|-damage|p1a: The Rock|0 fnt|[from] Recoil\n|faint|p1a: The Rock\n|\n|win|3eveeJ\n|c|\u2606Sacha77500|NOOOOOOOOOOOOOOOOO\n|c|\u26063eveeJ|gg\n|c|\u2606Sacha77500|ggwp\n","uploadtime":1699548073,"views":13,"p1id":"sacha77500","p2id":"3eveej","formatid":"gen9nationaldexubers","rating":0,"private":0,"password":""}