{"id":"gen9nationaldexubers-1980928392","p1":"AT183","p2":"SourThorns","format":"[Gen 9] National Dex Ubers","log":"|j|\u2606AT183\n|j|\u2606SourThorns\n|t:|1698849758\n|gametype|singles\n|player|p1|AT183|pryce|1101\n|player|p2|SourThorns|hoopster|1108\n|teamsize|p1|6\n|teamsize|p2|6\n|gen|9\n|tier|[Gen 9] National Dex Ubers\n|rated|\n|rule|HP Percentage Mod: HP is shown in percentages\n|rule|Endless Battle Clause: Forcing endless battles is banned\n|rule|OHKO Clause: OHKO moves are banned\n|rule|Evasion Moves Clause: Evasion moves are banned\n|rule|Evasion Items Clause: Evasion items are banned\n|rule|Species Clause: Limit one of each Pok\u00e9mon\n|rule|Sleep Clause Mod: Limit one foe put to sleep\n|rule|Mega Rayquaza Clause: You cannot mega evolve Rayquaza\n|clearpoke\n|poke|p1|Necrozma-Dusk-Mane|\n|poke|p1|Magearna|\n|poke|p1|Forretress, M|\n|poke|p1|Blastoise, M|\n|poke|p1|Annihilape, M|\n|poke|p1|Ninetales-Alola, F|\n|poke|p2|Rotom-Wash|\n|poke|p2|Excadrill, M|\n|poke|p2|Toxtricity, F|\n|poke|p2|Gyarados, F|\n|poke|p2|Baxcalibur, F|\n|poke|p2|Kingambit, M|\n|teampreview\n|inactive|Battle timer is ON: inactive players will automatically lose when time's up. (requested by AT183)\n|\n|t:|1698849773\n|start\n|switch|p1a: Forretress|Forretress, M|100\/100\n|switch|p2a: Baxcalibur|Baxcalibur, F|100\/100\n|turn|1\n|\n|t:|1698849784\n|-terastallize|p2a: Baxcalibur|Fairy\n|move|p2a: Baxcalibur|Earthquake|p1a: Forretress\n|-damage|p1a: Forretress|77\/100\n|-enditem|p1a: Forretress|Red Card|[of] p2a: Baxcalibur\n|drag|p2a: Toxtricity|Toxtricity, F|100\/100\n|move|p1a: Forretress|Stealth Rock|p2a: Toxtricity\n|-sidestart|p2: SourThorns|move: Stealth Rock\n|\n|upkeep\n|turn|2\n|\n|t:|1698849797\n|move|p2a: Toxtricity|Taunt|p1a: Forretress\n|-start|p1a: Forretress|move: Taunt\n|cant|p1a: Forretress|move: Taunt|Spikes\n|\n|upkeep\n|turn|3\n|\n|t:|1698849803\n|move|p2a: Toxtricity|Boomburst|p1a: Forretress\n|-resisted|p1a: Forretress\n|-damage|p1a: Forretress|27\/100\n|-enditem|p2a: Toxtricity|Throat Spray\n|-boost|p2a: Toxtricity|spa|1|[from] item: Throat Spray\n|move|p1a: Forretress|Rapid Spin|p2a: Toxtricity\n|-damage|p2a: Toxtricity|85\/100\n|-boost|p1a: Forretress|spe|1\n|\n|upkeep\n|turn|4\n|\n|t:|1698849812\n|move|p2a: Toxtricity|Boomburst|p1a: Forretress\n|-resisted|p1a: Forretress\n|-damage|p1a: Forretress|0 fnt\n|faint|p1a: Forretress\n|\n|upkeep\n|\n|t:|1698849819\n|switch|p1a: Annihilape|Annihilape, M|100\/100\n|turn|5\n|\n|t:|1698849824\n|move|p2a: Toxtricity|Taunt|p1a: Annihilape\n|-start|p1a: Annihilape|move: Taunt\n|cant|p1a: Annihilape|move: Taunt|Bulk Up\n|\n|upkeep\n|turn|6\n|\n|t:|1698849831\n|move|p2a: Toxtricity|Toxic|p1a: Annihilape\n|-status|p1a: Annihilape|tox\n|move|p1a: Annihilape|Drain Punch|p2a: Toxtricity\n|-resisted|p2a: Toxtricity\n|-damage|p2a: Toxtricity|53\/100\n|\n|-damage|p1a: Annihilape|94\/100 tox|[from] psn\n|upkeep\n|turn|7\n|\n|t:|1698849844\n|move|p2a: Toxtricity|Overdrive|p1a: Annihilape\n|-damage|p1a: Annihilape|25\/100 tox\n|move|p1a: Annihilape|Drain Punch|p2a: Toxtricity\n|-resisted|p2a: Toxtricity\n|-damage|p2a: Toxtricity|20\/100\n|-heal|p1a: Annihilape|37\/100 tox|[from] drain|[of] p2a: Toxtricity\n|\n|-damage|p1a: Annihilape|25\/100 tox|[from] psn\n|-end|p1a: Annihilape|move: Taunt\n|upkeep\n|turn|8\n|\n|t:|1698849861\n|move|p2a: Toxtricity|Taunt|p1a: Annihilape\n|-start|p1a: Annihilape|move: Taunt\n|move|p1a: Annihilape|Drain Punch|p2a: Toxtricity\n|-resisted|p2a: Toxtricity\n|-damage|p2a: Toxtricity|0 fnt\n|-heal|p1a: Annihilape|31\/100 tox|[from] drain|[of] p2a: Toxtricity\n|faint|p2a: Toxtricity\n|\n|-damage|p1a: Annihilape|13\/100 tox|[from] psn\n|upkeep\n|\n|t:|1698849874\n|switch|p2a: Gyarados|Gyarados, F|100\/100\n|-damage|p2a: Gyarados|76\/100|[from] Stealth Rock\n|-ability|p2a: Gyarados|Intimidate|boost\n|-unboost|p1a: Annihilape|atk|1\n|-ability|p1a: Annihilape|Defiant|boost\n|-boost|p1a: Annihilape|atk|2\n|turn|9\n|\n|t:|1698849883\n|move|p2a: Gyarados|Earthquake|p1a: Annihilape\n|-damage|p1a: Annihilape|0 fnt\n|faint|p1a: Annihilape\n|\n|upkeep\n|\n|t:|1698849887\n|switch|p1a: Ninetales|Ninetales-Alola, F|100\/100\n|-weather|Snow|[from] ability: Snow Warning|[of] p1a: Ninetales\n|turn|10\n|\n|t:|1698849905\n|switch|p2a: Baxcalibur|Baxcalibur, F, tera:Fairy|100\/100\n|-damage|p2a: Baxcalibur|88\/100|[from] Stealth Rock\n|move|p1a: Ninetales|Aurora Veil|p1a: Ninetales\n|-sidestart|p1: AT183|move: Aurora Veil\n|\n|-weather|Snow|[upkeep]\n|upkeep\n|turn|11\n|\n|t:|1698849919\n|move|p1a: Ninetales|Calm Mind|p1a: Ninetales\n|-boost|p1a: Ninetales|spa|1\n|-boost|p1a: Ninetales|spd|1\n|move|p2a: Baxcalibur|Icicle Spear|p1a: Ninetales\n|-resisted|p1a: Ninetales\n|-damage|p1a: Ninetales|97\/100\n|-resisted|p1a: Ninetales\n|-damage|p1a: Ninetales|92\/100\n|-resisted|p1a: Ninetales\n|-damage|p1a: Ninetales|89\/100\n|-resisted|p1a: Ninetales\n|-damage|p1a: Ninetales|86\/100\n|-hitcount|p1a: Ninetales|4\n|\n|-weather|Snow|[upkeep]\n|upkeep\n|turn|12\n|\n|t:|1698849932\n|move|p1a: Ninetales|Calm Mind|p1a: Ninetales\n|-boost|p1a: Ninetales|spa|1\n|-boost|p1a: Ninetales|spd|1\n|move|p2a: Baxcalibur|Iron Head|p1a: Ninetales\n|-supereffective|p1a: Ninetales\n|-damage|p1a: Ninetales|23\/100\n|\n|-weather|Snow|[upkeep]\n|upkeep\n|turn|13\n|\n|t:|1698849941\n|move|p1a: Ninetales|Draining Kiss|p2a: Baxcalibur\n|-damage|p2a: Baxcalibur|50\/100\n|-heal|p1a: Ninetales|60\/100|[from] drain|[of] p2a: Baxcalibur\n|move|p2a: Baxcalibur|Iron Head|p1a: Ninetales\n|-supereffective|p1a: Ninetales\n|-damage|p1a: Ninetales|0 fnt\n|faint|p1a: Ninetales\n|\n|-weather|Snow|[upkeep]\n|upkeep\n|\n|t:|1698849946\n|switch|p1a: Magearna|Magearna|100\/100\n|turn|14\n|\n|t:|1698849957\n|move|p2a: Baxcalibur|Earthquake|p1a: Magearna\n|-supereffective|p1a: Magearna\n|-damage|p1a: Magearna|65\/100\n|-enditem|p1a: Magearna|Weakness Policy\n|-boost|p1a: Magearna|atk|2|[from] item: Weakness Policy\n|-boost|p1a: Magearna|spa|2|[from] item: Weakness Policy\n|move|p1a: Magearna|Shift Gear|p1a: Magearna\n|-boost|p1a: Magearna|spe|2\n|-boost|p1a: Magearna|atk|1\n|\n|-weather|none\n|upkeep\n|turn|15\n|\n|t:|1698849972\n|move|p1a: Magearna|Stored Power|p2a: Baxcalibur\n|-damage|p2a: Baxcalibur|0 fnt\n|faint|p2a: Baxcalibur\n|-ability|p1a: Magearna|Soul-Heart|boost\n|-boost|p1a: Magearna|spa|1\n|\n|upkeep\n|\n|t:|1698849979\n|switch|p2a: Kingambit|Kingambit, M|100\/100\n|-damage|p2a: Kingambit|94\/100|[from] Stealth Rock\n|-activate|p2a: Kingambit|ability: Supreme Overlord\n|-start|p2a: Kingambit|fallen2|[silent]\n|turn|16\n|\n|t:|1698849990\n|move|p2a: Kingambit|Sucker Punch|p1a: Magearna\n|-resisted|p1a: Magearna\n|-damage|p1a: Magearna|54\/100\n|move|p1a: Magearna|Draining Kiss|p2a: Kingambit\n|-damage|p2a: Kingambit|48\/100\n|-heal|p1a: Magearna|87\/100|[from] drain|[of] p2a: Kingambit\n|\n|upkeep\n|turn|17\n|\n|t:|1698850002\n|-end|p2a: Kingambit|fallen2|[silent]\n|switch|p2a: Excadrill|Excadrill, M|100\/100\n|-damage|p2a: Excadrill|97\/100|[from] Stealth Rock\n|-ability|p2a: Excadrill|Mold Breaker\n|move|p1a: Magearna|Draining Kiss|p2a: Excadrill\n|-resisted|p2a: Excadrill\n|-damage|p2a: Excadrill|48\/100\n|-heal|p1a: Magearna|100\/100|[from] drain|[of] p2a: Excadrill\n|\n|-sideend|p1: AT183|move: Aurora Veil\n|upkeep\n|turn|18\n|\n|t:|1698850015\n|move|p1a: Magearna|Draining Kiss|p2a: Excadrill\n|-resisted|p2a: Excadrill\n|-damage|p2a: Excadrill|0 fnt\n|faint|p2a: Excadrill\n|-ability|p1a: Magearna|Soul-Heart|boost\n|-boost|p1a: Magearna|spa|1\n|\n|upkeep\n|\n|t:|1698850029\n|switch|p2a: Gyarados|Gyarados, F|76\/100\n|-damage|p2a: Gyarados|51\/100|[from] Stealth Rock\n|-ability|p2a: Gyarados|Intimidate|boost\n|-unboost|p1a: Magearna|atk|1\n|turn|19\n|\n|t:|1698850038\n|move|p1a: Magearna|Draining Kiss|p2a: Gyarados\n|-damage|p2a: Gyarados|0 fnt\n|faint|p2a: Gyarados\n|-ability|p1a: Magearna|Soul-Heart|boost\n|-boost|p1a: Magearna|spa|1\n|\n|upkeep\n|\n|t:|1698850045\n|switch|p2a: Rotom|Rotom-Wash|100\/100\n|-damage|p2a: Rotom|88\/100|[from] Stealth Rock\n|turn|20\n|\n|t:|1698850054\n|move|p2a: Rotom|Pain Split|p1a: Magearna\n|-sethp|p1a: Magearna|79\/100|[from] move: Pain Split|[silent]\n|-sethp|p2a: Rotom|100\/100|[from] move: Pain Split\n|move|p1a: Magearna|Draining Kiss|p2a: Rotom\n|-damage|p2a: Rotom|0 fnt\n|-heal|p1a: Magearna|100\/100|[from] drain|[of] p2a: Rotom\n|faint|p2a: Rotom\n|-ability|p1a: Magearna|Soul-Heart|boost\n|-boost|p1a: Magearna|spa|1\n|\n|upkeep\n|\n|t:|1698850066\n|switch|p2a: Kingambit|Kingambit, M|48\/100\n|-damage|p2a: Kingambit|41\/100|[from] Stealth Rock\n|-activate|p2a: Kingambit|ability: Supreme Overlord\n|-start|p2a: Kingambit|fallen5|[silent]\n|turn|21\n|\n|t:|1698850075\n|move|p2a: Kingambit|Sucker Punch|p1a: Magearna\n|-resisted|p1a: Magearna\n|-damage|p1a: Magearna|77\/100\n|move|p1a: Magearna|Draining Kiss|p2a: Kingambit\n|-damage|p2a: Kingambit|0 fnt\n|-heal|p1a: Magearna|100\/100|[from] drain|[of] p2a: Kingambit\n|faint|p2a: Kingambit\n|-end|p2a: Kingambit|fallen5|[silent]\n|\n|win|AT183\n|raw|AT183's rating: 1101 &rarr; <strong>1127<\/strong><br \/>(+26 for winning)\n|raw|SourThorns's rating: 1108 &rarr; <strong>1082<\/strong><br \/>(-26 for losing)\n|c|\u2606AT183|Gg\n|l|\u2606SourThorns\n","uploadtime":1698850106,"views":5,"p1id":"at183","p2id":"sourthorns","formatid":"gen9nationaldexubers","rating":1082,"private":0,"password":""}