{"id":"gen9nationaldexubers-1987251751","p1":"Graterol882008","p2":"hanagakiUBD","format":"[Gen 9] National Dex Ubers","log":"|j|\u2606Graterol882008\n|j|\u2606hanagakiUBD\n|t:|1699569602\n|gametype|singles\n|player|p1|Graterol882008|petrel|\n|player|p2|hanagakiUBD|iris-gen5bw2|\n|teamsize|p1|6\n|teamsize|p2|6\n|gen|9\n|tier|[Gen 9] National Dex Ubers\n|rule|HP Percentage Mod: HP is shown in percentages\n|rule|Endless Battle Clause: Forcing endless battles is banned\n|rule|OHKO Clause: OHKO moves are banned\n|rule|Evasion Moves Clause: Evasion moves are banned\n|rule|Evasion Items Clause: Evasion items are banned\n|rule|Species Clause: Limit one of each Pok\u00e9mon\n|rule|Sleep Clause Mod: Limit one foe put to sleep\n|rule|Mega Rayquaza Clause: You cannot mega evolve Rayquaza\n|clearpoke\n|poke|p1|Metagross|\n|poke|p1|Infernape, M|\n|poke|p1|Dragapult, F|\n|poke|p1|Dragonite, M|\n|poke|p1|Volcarona, F|\n|poke|p1|Primarina, F|\n|poke|p2|Sneasler, F|\n|poke|p2|Annihilape, M|\n|poke|p2|Lucario, M|\n|poke|p2|Blaziken, M|\n|poke|p2|Kommo-o, F|\n|poke|p2|Palafin, F|\n|teampreview\n|inactive|Battle timer is ON: inactive players will automatically lose when time's up. (requested by hanagakiUBD)\n|c|\u2606hanagakiUBD|Dependiendo de quien pegue primero te dejare ganar\n|inactive|Graterol882008 has 270 seconds left.\n|\n|t:|1699569637\n|start\n|switch|p1a: Infernape|Infernape, M|100\/100\n|switch|p2a: All might|Palafin, F|100\/100\n|turn|1\n|\n|t:|1699569654\n|-terastallize|p2a: All might|Fighting\n|move|p2a: All might|Flip Turn|p1a: Infernape\n|-supereffective|p1a: Infernape\n|-damage|p1a: Infernape|11\/100\n|\n|t:|1699569659\n|detailschange|p2a: All might|Palafin-Hero, F, tera:Fighting\n|switch|p2a: La t\u00f3xica|Sneasler, F|100\/100|[from] Flip Turn\n|move|p1a: Infernape|Swords Dance|p1a: Infernape\n|-boost|p1a: Infernape|atk|2\n|\n|upkeep\n|turn|2\n|\n|t:|1699569670\n|move|p2a: La t\u00f3xica|Fake Out|p1a: Infernape\n|-enditem|p2a: La t\u00f3xica|Normal Gem|[from] gem\n|-damage|p1a: Infernape|0 fnt\n|faint|p1a: Infernape\n|\n|upkeep\n|\n|t:|1699569683\n|switch|p1a: Metagross|Metagross|100\/100\n|turn|3\n|\n|t:|1699569695\n|detailschange|p1a: Metagross|Metagross-Mega\n|-mega|p1a: Metagross|Metagross|Metagrossite\n|move|p2a: La t\u00f3xica|Close Combat|p1a: Metagross\n|-damage|p1a: Metagross|53\/100\n|-unboost|p2a: La t\u00f3xica|def|1\n|-unboost|p2a: La t\u00f3xica|spd|1\n|move|p1a: Metagross|Agility|p1a: Metagross\n|-boost|p1a: Metagross|spe|2\n|\n|upkeep\n|turn|4\n|\n|t:|1699569710\n|move|p2a: La t\u00f3xica|Close Combat|p1a: Metagross\n|-damage|p1a: Metagross|7\/100\n|-unboost|p2a: La t\u00f3xica|def|1\n|-unboost|p2a: La t\u00f3xica|spd|1\n|move|p1a: Metagross|Zen Headbutt|p2a: La t\u00f3xica\n|-supereffective|p2a: La t\u00f3xica\n|-damage|p2a: La t\u00f3xica|0 fnt\n|faint|p2a: La t\u00f3xica\n|\n|upkeep\n|\n|t:|1699569720\n|switch|p2a: Putario|Lucario, M|100\/100\n|turn|5\n|\n|t:|1699569727\n|move|p2a: Putario|Extreme Speed|p1a: Metagross\n|-resisted|p1a: Metagross\n|-damage|p1a: Metagross|0 fnt\n|faint|p1a: Metagross\n|\n|upkeep\n|\n|t:|1699569738\n|switch|p1a: Dragapult|Dragapult, F|100\/100\n|turn|6\n|\n|t:|1699569747\n|switch|p2a: Frozono|Annihilape, M|100\/100\n|move|p1a: Dragapult|Flamethrower|p2a: Frozono\n|-damage|p2a: Frozono|79\/100\n|\n|-heal|p2a: Frozono|85\/100|[from] item: Leftovers\n|upkeep\n|turn|7\n|\n|t:|1699569771\n|switch|p1a: Volcadroga|Volcarona, F|100\/100\n|move|p2a: Frozono|Rage Fist|p1a: Volcadroga\n|-damage|p1a: Volcadroga|43\/100\n|\n|-heal|p2a: Frozono|91\/100|[from] item: Leftovers\n|upkeep\n|turn|8\n|\n|t:|1699569780\n|move|p1a: Volcadroga|Giga Drain|p2a: Frozono\n|-damage|p2a: Frozono|71\/100\n|-heal|p1a: Volcadroga|55\/100|[from] drain|[of] p2a: Frozono\n|move|p2a: Frozono|Rage Fist|p1a: Volcadroga\n|-damage|p1a: Volcadroga|0 fnt\n|-status|p2a: Frozono|brn|[from] ability: Flame Body|[of] p1a: Volcadroga\n|faint|p1a: Volcadroga\n|\n|-heal|p2a: Frozono|78\/100 brn|[from] item: Leftovers\n|-damage|p2a: Frozono|71\/100 brn|[from] brn\n|upkeep\n|c|\u2606hanagakiUBD|Interesante\n|inactive|Graterol882008 has 270 seconds left.\n|\n|t:|1699569801\n|switch|p1a: Dragapult|Dragapult, F|100\/100\n|turn|9\n|\n|t:|1699569810\n|move|p1a: Dragapult|Agility|p1a: Dragapult\n|-boost|p1a: Dragapult|spe|2\n|move|p2a: Frozono|Rage Fist|p1a: Dragapult\n|-supereffective|p1a: Dragapult\n|-damage|p1a: Dragapult|20\/100\n|\n|-heal|p2a: Frozono|78\/100 brn|[from] item: Leftovers\n|-damage|p2a: Frozono|71\/100 brn|[from] brn\n|upkeep\n|turn|10\n|\n|t:|1699569819\n|move|p1a: Dragapult|Thunderbolt|p2a: Frozono\n|-damage|p2a: Frozono|51\/100 brn\n|move|p2a: Frozono|Rage Fist|p1a: Dragapult\n|-supereffective|p1a: Dragapult\n|-damage|p1a: Dragapult|0 fnt\n|faint|p1a: Dragapult\n|\n|-heal|p2a: Frozono|57\/100 brn|[from] item: Leftovers\n|-damage|p2a: Frozono|51\/100 brn|[from] brn\n|upkeep\n|\n|t:|1699569832\n|switch|p1a: Primarina|Primarina, F|100\/100\n|turn|11\n|\n|t:|1699569838\n|move|p2a: Frozono|Rage Fist|p1a: Primarina\n|-damage|p1a: Primarina|52\/100\n|move|p1a: Primarina|Sparkling Aria|p2a: Frozono\n|-damage|p2a: Frozono|9\/100 brn\n|-curestatus|p2a: Frozono|brn|[msg]\n|\n|-heal|p2a: Frozono|15\/100|[from] item: Leftovers\n|upkeep\n|turn|12\n|\n|t:|1699569853\n|move|p2a: Frozono|Rage Fist|p1a: Primarina\n|-damage|p1a: Primarina|0 fnt\n|faint|p1a: Primarina\n|\n|-heal|p2a: Frozono|21\/100|[from] item: Leftovers\n|upkeep\n|c|\u2606hanagakiUBD|Gracias?\n|\n|t:|1699569861\n|switch|p1a: Dragonite|Dragonite, M|100\/100\n|turn|13\n|\n|t:|1699569867\n|-terastallize|p1a: Dragonite|Normal\n|move|p2a: Frozono|Rage Fist|p1a: Dragonite\n|-immune|p1a: Dragonite\n|move|p1a: Dragonite|Dragon Dance|p1a: Dragonite\n|-boost|p1a: Dragonite|atk|1\n|-boost|p1a: Dragonite|spe|1\n|\n|-heal|p2a: Frozono|27\/100|[from] item: Leftovers\n|upkeep\n|turn|14\n|\n|t:|1699569884\n|move|p1a: Dragonite|Dragon Claw|p2a: Frozono\n|-damage|p2a: Frozono|0 fnt\n|faint|p2a: Frozono\n|\n|upkeep\n|\n|t:|1699569890\n|switch|p2a: Putario|Lucario, M|100\/100\n|turn|15\n|\n|t:|1699569900\n|move|p2a: Putario|Final Gambit|p1a: Dragonite\n|-damage|p1a: Dragonite|13\/100\n|faint|p2a: Putario\n|move|p1a: Dragonite|Waterfall|p2: Putario|[notarget]\n|-fail|p1a: Dragonite\n|\n|upkeep\n|\n|t:|1699569904\n|switch|p2a: All might|Palafin-Hero, F, tera:Fighting|100\/100\n|-activate|p2a: All might|ability: Zero to Hero\n|turn|16\n|\n|t:|1699569912\n|move|p2a: All might|Jet Punch|p1a: Dragonite\n|-damage|p1a: Dragonite|0 fnt\n|faint|p1a: Dragonite\n|\n|win|hanagakiUBD\n","uploadtime":1699569928,"views":7,"p1id":"graterol882008","p2id":"hanagakiubd","formatid":"gen9nationaldexubers","rating":0,"private":0,"password":""}