{"id":"gen9nationaldexubers-1992601280","p1":"GarchompGamingOU","p2":"tacuxi","format":"[Gen 9] National Dex Ubers","log":"|j|\u2606GarchompGamingOU\n|j|\u2606tacuxi\n|t:|1700212854\n|gametype|singles\n|player|p1|GarchompGamingOU|101|1119\n|player|p2|tacuxi|palmer|1301\n|teamsize|p1|6\n|teamsize|p2|6\n|gen|9\n|tier|[Gen 9] National Dex Ubers\n|rated|\n|rule|HP Percentage Mod: HP is shown in percentages\n|rule|Endless Battle Clause: Forcing endless battles is banned\n|rule|OHKO Clause: OHKO moves are banned\n|rule|Evasion Moves Clause: Evasion moves are banned\n|rule|Evasion Items Clause: Evasion items are banned\n|rule|Species Clause: Limit one of each Pok\u00e9mon\n|rule|Sleep Clause Mod: Limit one foe put to sleep\n|rule|Mega Rayquaza Clause: You cannot mega evolve Rayquaza\n|clearpoke\n|poke|p1|Deoxys|\n|poke|p1|Blaziken, M|\n|poke|p1|Mantine, M|\n|poke|p1|Lileep, M|\n|poke|p1|Hoppip, F|\n|poke|p1|Aegislash, F|\n|poke|p2|Kingambit, M|\n|poke|p2|Banette, F|\n|poke|p2|Pikachu, F|\n|poke|p2|Darmanitan-Galar, F|\n|poke|p2|Lunala|\n|poke|p2|Rayquaza|\n|teampreview\n|inactive|Battle timer is ON: inactive players will automatically lose when time's up. (requested by GarchompGamingOU)\n|\n|t:|1700212860\n|start\n|switch|p1a: night terror|Lileep, M|100\/100\n|switch|p2a: Darmanitan|Darmanitan-Galar, F, shiny|100\/100\n|turn|1\n|\n|t:|1700212865\n|move|p2a: Darmanitan|Substitute|p2a: Darmanitan\n|-start|p2a: Darmanitan|Substitute\n|-damage|p2a: Darmanitan|75\/100\n|move|p1a: night terror|Stealth Rock|p2a: Darmanitan\n|-sidestart|p2: tacuxi|move: Stealth Rock\n|\n|upkeep\n|turn|2\n|\n|t:|1700212870\n|move|p2a: Darmanitan|Belly Drum|p2a: Darmanitan\n|-damage|p2a: Darmanitan|25\/100\n|-setboost|p2a: Darmanitan|atk|6|[from] move: Belly Drum\n|-enditem|p2a: Darmanitan|Salac Berry|[eat]\n|-boost|p2a: Darmanitan|spe|1|[from] item: Salac Berry\n|move|p1a: night terror|Energy Ball|p2a: Darmanitan\n|-end|p2a: Darmanitan|Substitute\n|\n|-formechange|p2a: Darmanitan|Darmanitan-Galar-Zen|\n|upkeep\n|turn|3\n|\n|t:|1700212883\n|move|p2a: Darmanitan|Ice Punch|p1a: night terror\n|-supereffective|p1a: night terror\n|-damage|p1a: night terror|0 fnt\n|faint|p1a: night terror\n|\n|upkeep\n|\n|t:|1700212888\n|switch|p1a: baabu :)|Hoppip, F|100\/100\n|turn|4\n|\n|t:|1700212892\n|move|p2a: Darmanitan|Ice Punch|p1a: baabu :)\n|-supereffective|p1a: baabu :)\n|-enditem|p1a: baabu :)|Focus Sash\n|-damage|p1a: baabu :)|1\/100\n|move|p1a: baabu :)|Toxic|p2a: Darmanitan\n|-status|p2a: Darmanitan|tox\n|\n|-damage|p2a: Darmanitan|19\/100 tox|[from] psn\n|upkeep\n|turn|5\n|\n|t:|1700212898\n|move|p2a: Darmanitan|Ice Punch|p1a: baabu :)\n|-supereffective|p1a: baabu :)\n|-damage|p1a: baabu :)|0 fnt\n|faint|p1a: baabu :)\n|\n|-damage|p2a: Darmanitan|7\/100 tox|[from] psn\n|upkeep\n|\n|t:|1700212902\n|switch|p1a: victory royale|Blaziken, M|100\/100\n|turn|6\n|\n|t:|1700212906\n|detailschange|p1a: victory royale|Blaziken-Mega, M\n|-mega|p1a: victory royale|Blaziken|Blazikenite\n|move|p1a: victory royale|Protect|p1a: victory royale\n|-singleturn|p1a: victory royale|Protect\n|move|p2a: Darmanitan|Fire Punch|p1a: victory royale\n|-activate|p1a: victory royale|move: Protect\n|\n|-damage|p2a: Darmanitan|0 fnt|[from] psn\n|faint|p2a: Darmanitan\n|-ability|p1a: victory royale|Speed Boost|boost\n|-boost|p1a: victory royale|spe|1\n|upkeep\n|\n|t:|1700212911\n|switch|p2a: Lunala|Lunala|100\/100\n|-damage|p2a: Lunala|88\/100|[from] Stealth Rock\n|turn|7\n|\n|t:|1700212923\n|switch|p1a: worse skarmory|Mantine, M|100\/100\n|move|p2a: Lunala|Reflect|p2a: Lunala\n|-sidestart|p2: tacuxi|Reflect\n|\n|upkeep\n|turn|8\n|\n|t:|1700212927\n|move|p2a: Lunala|Defog|p1a: worse skarmory\n|-unboost|p1a: worse skarmory|evasion|1\n|-sideend|p2: tacuxi|Stealth Rock|[from] move: Defog|[of] p2a: Lunala\n|move|p1a: worse skarmory|Toxic|p2a: Lunala\n|-status|p2a: Lunala|tox\n|\n|-damage|p2a: Lunala|82\/100 tox|[from] psn\n|upkeep\n|turn|9\n|\n|t:|1700212933\n|move|p2a: Lunala|Light Screen|p2a: Lunala\n|-sidestart|p2: tacuxi|move: Light Screen\n|move|p1a: worse skarmory|Defog|p2a: Lunala\n|-unboost|p2a: Lunala|evasion|1\n|-sideend|p2: tacuxi|Reflect\n|-sideend|p2: tacuxi|move: Light Screen\n|\n|-damage|p2a: Lunala|70\/100 tox|[from] psn\n|upkeep\n|turn|10\n|\n|t:|1700212938\n|switch|p2a: Pikachu|Pikachu, F, shiny|100\/100\n|move|p1a: worse skarmory|Scald|p2a: Pikachu\n|-damage|p2a: Pikachu|40\/100\n|\n|upkeep\n|turn|11\n|\n|t:|1700212946\n|move|p2a: Pikachu|Volt Tackle|p1a: worse skarmory\n|-supereffective|p1a: worse skarmory\n|-damage|p1a: worse skarmory|0 fnt\n|faint|p1a: worse skarmory\n|-damage|p2a: Pikachu|0 fnt|[from] Recoil\n|faint|p2a: Pikachu\n|\n|upkeep\n|\n|t:|1700212949\n|switch|p2a: Lunala|Lunala|70\/100 tox\n|switch|p1a: victory royale|Blaziken-Mega, M|100\/100\n|turn|12\n|\n|t:|1700212954\n|move|p1a: victory royale|Swords Dance|p1a: victory royale\n|-boost|p1a: victory royale|atk|2\n|move|p2a: Lunala|Reflect|p2a: Lunala\n|-sidestart|p2: tacuxi|Reflect\n|\n|-damage|p2a: Lunala|64\/100 tox|[from] psn\n|-ability|p1a: victory royale|Speed Boost|boost\n|-boost|p1a: victory royale|spe|1\n|upkeep\n|turn|13\n|\n|t:|1700212957\n|move|p1a: victory royale|Flare Blitz|p2a: Lunala\n|-damage|p2a: Lunala|0 fnt\n|faint|p2a: Lunala\n|-damage|p1a: victory royale|67\/100|[from] Recoil\n|\n|-ability|p1a: victory royale|Speed Boost|boost\n|-boost|p1a: victory royale|spe|1\n|upkeep\n|\n|t:|1700212961\n|switch|p2a: Banette|Banette, F|100\/100\n|turn|14\n|\n|t:|1700212964\n|detailschange|p2a: Banette|Banette-Mega, F\n|-mega|p2a: Banette|Banette|Banettite\n|move|p2a: Banette|Destiny Bond|p2a: Banette\n|-singlemove|p2a: Banette|Destiny Bond\n|move|p1a: victory royale|Flare Blitz|p2a: Banette\n|-damage|p2a: Banette|0 fnt\n|faint|p2a: Banette\n|-activate|p2a: Banette|move: Destiny Bond\n|faint|p1a: victory royale\n|\n|upkeep\n|\n|t:|1700212976\n|switch|p1a: discount deo-a|Deoxys|100\/100\n|switch|p2a: Rayquaza|Rayquaza, shiny|100\/100\n|-ability|p1a: discount deo-a|Pressure\n|-ability|p2a: Rayquaza|Air Lock\n|turn|15\n|\n|t:|1700212982\n|move|p1a: discount deo-a|Ice Beam|p2a: Rayquaza\n|-supereffective|p2a: Rayquaza\n|-damage|p2a: Rayquaza|0 fnt\n|faint|p2a: Rayquaza\n|\n|upkeep\n|\n|t:|1700212985\n|switch|p2a: Kingambit|Kingambit, M|100\/100\n|-activate|p2a: Kingambit|ability: Supreme Overlord\n|-start|p2a: Kingambit|fallen5|[silent]\n|turn|16\n|\n|t:|1700212989\n|switch|p1a: nerfed|Aegislash, F|100\/100\n|move|p2a: Kingambit|Swords Dance|p2a: Kingambit\n|-boost|p2a: Kingambit|atk|2\n|\n|upkeep\n|turn|17\n|\n|t:|1700212993\n|move|p1a: nerfed|Substitute|p1a: nerfed\n|-start|p1a: nerfed|Substitute\n|-damage|p1a: nerfed|76\/100\n|move|p2a: Kingambit|Swords Dance|p2a: Kingambit\n|-boost|p2a: Kingambit|atk|2\n|\n|-heal|p1a: nerfed|82\/100|[from] item: Leftovers\n|upkeep\n|turn|18\n|\n|t:|1700213000\n|-formechange|p1a: nerfed|Aegislash-Blade||[from] ability: Stance Change\n|move|p1a: nerfed|Shadow Ball|p2a: Kingambit\n|-resisted|p2a: Kingambit\n|-damage|p2a: Kingambit|81\/100\n|move|p2a: Kingambit|Kowtow Cleave|p1a: nerfed\n|-supereffective|p1a: nerfed\n|-end|p1a: nerfed|Substitute\n|\n|-heal|p1a: nerfed|88\/100|[from] item: Leftovers\n|upkeep\n|turn|19\n|\n|t:|1700213008\n|-formechange|p1a: nerfed|Aegislash||[from] ability: Stance Change\n|move|p1a: nerfed|King's Shield|p1a: nerfed\n|-singleturn|p1a: nerfed|Protect\n|move|p2a: Kingambit|Sucker Punch||[still]\n|-fail|p2a: Kingambit\n|\n|-heal|p1a: nerfed|94\/100|[from] item: Leftovers\n|-sideend|p2: tacuxi|Reflect\n|upkeep\n|turn|20\n|\n|t:|1700213020\n|move|p1a: nerfed|Substitute|p1a: nerfed\n|-start|p1a: nerfed|Substitute\n|-damage|p1a: nerfed|70\/100\n|move|p2a: Kingambit|Kowtow Cleave|p1a: nerfed\n|-supereffective|p1a: nerfed\n|-end|p1a: nerfed|Substitute\n|\n|-heal|p1a: nerfed|76\/100|[from] item: Leftovers\n|upkeep\n|turn|21\n|\n|t:|1700213025\n|move|p1a: nerfed|King's Shield|p1a: nerfed\n|-singleturn|p1a: nerfed|Protect\n|move|p2a: Kingambit|Swords Dance|p2a: Kingambit\n|-boost|p2a: Kingambit|atk|2\n|\n|-heal|p1a: nerfed|82\/100|[from] item: Leftovers\n|upkeep\n|turn|22\n|\n|t:|1700213030\n|move|p1a: nerfed|Substitute|p1a: nerfed\n|-start|p1a: nerfed|Substitute\n|-damage|p1a: nerfed|57\/100\n|move|p2a: Kingambit|Kowtow Cleave|p1a: nerfed\n|-supereffective|p1a: nerfed\n|-end|p1a: nerfed|Substitute\n|\n|-heal|p1a: nerfed|63\/100|[from] item: Leftovers\n|upkeep\n|turn|23\n|\n|t:|1700213036\n|move|p1a: nerfed|Substitute|p1a: nerfed\n|-start|p1a: nerfed|Substitute\n|-damage|p1a: nerfed|39\/100\n|move|p2a: Kingambit|Kowtow Cleave|p1a: nerfed\n|-supereffective|p1a: nerfed\n|-end|p1a: nerfed|Substitute\n|\n|-heal|p1a: nerfed|45\/100|[from] item: Leftovers\n|upkeep\n|turn|24\n|\n|t:|1700213043\n|move|p1a: nerfed|King's Shield|p1a: nerfed\n|-singleturn|p1a: nerfed|Protect\n|move|p2a: Kingambit|Kowtow Cleave|p1a: nerfed\n|-activate|p1a: nerfed|move: Protect\n|-unboost|p2a: Kingambit|atk|1\n|\n|-heal|p1a: nerfed|51\/100|[from] item: Leftovers\n|upkeep\n|turn|25\n|\n|t:|1700213050\n|-formechange|p1a: nerfed|Aegislash-Blade||[from] ability: Stance Change\n|move|p1a: nerfed|Shadow Ball|p2a: Kingambit\n|-resisted|p2a: Kingambit\n|-damage|p2a: Kingambit|64\/100\n|move|p2a: Kingambit|Kowtow Cleave|p1a: nerfed\n|-supereffective|p1a: nerfed\n|-damage|p1a: nerfed|0 fnt\n|faint|p1a: nerfed\n|\n|upkeep\n|\n|t:|1700213057\n|switch|p1a: discount deo-a|Deoxys|100\/100\n|-ability|p1a: discount deo-a|Pressure\n|turn|26\n|c|\u2606GarchompGamingOU|gg\n|\n|t:|1700213063\n|-terastallize|p2a: Kingambit|Dark\n|move|p1a: discount deo-a|Focus Blast|p2a: Kingambit\n|-supereffective|p2a: Kingambit\n|-damage|p2a: Kingambit|0 fnt\n|faint|p2a: Kingambit\n|-end|p2a: Kingambit|fallen5|[silent]\n|\n|win|GarchompGamingOU\n|raw|GarchompGamingOU's rating: 1119 &rarr; <strong>1156<\/strong><br \/>(+37 for winning)\n|raw|tacuxi's rating: 1301 &rarr; <strong>1271<\/strong><br \/>(-30 for losing)\n|c|\u2606GarchompGamingOU|what\n|l|\u2606tacuxi\n|c|\u2606GarchompGamingOU|why no sucker punch???\n","uploadtime":1700213082,"views":15,"p1id":"garchompgamingou","p2id":"tacuxi","formatid":"gen9nationaldexubers","rating":1156,"private":0,"password":""}