{"id":"gen9nationaldexubers-1980737863","p1":"D. Lawrenzz","p2":"Kramaltsyzer","format":"[Gen 9] National Dex Ubers","log":"|j|\u2606D. Lawrenzz\n|j|\u2606Kramaltsyzer\n|t:|1698822855\n|gametype|singles\n|player|p1|D. Lawrenzz|blue-masters|\n|player|p2|Kramaltsyzer|acetrainer|\n|teamsize|p1|6\n|teamsize|p2|6\n|gen|9\n|tier|[Gen 9] National Dex Ubers\n|rule|HP Percentage Mod: HP is shown in percentages\n|rule|Endless Battle Clause: Forcing endless battles is banned\n|rule|OHKO Clause: OHKO moves are banned\n|rule|Evasion Moves Clause: Evasion moves are banned\n|rule|Evasion Items Clause: Evasion items are banned\n|rule|Species Clause: Limit one of each Pok\u00e9mon\n|rule|Sleep Clause Mod: Limit one foe put to sleep\n|rule|Mega Rayquaza Clause: You cannot mega evolve Rayquaza\n|clearpoke\n|poke|p1|Ribombee, F|\n|poke|p1|Medicham, F|\n|poke|p1|Great Tusk|\n|poke|p1|Ogerpon-Wellspring, F|\n|poke|p1|Gholdengo|\n|poke|p1|Iron Moth|\n|poke|p2|Darmanitan-Galar, M|\n|poke|p2|Ninetales-Alola, F|\n|poke|p2|Cloyster, M|\n|poke|p2|Weavile, M|\n|poke|p2|Arctozolt|\n|poke|p2|Cinderace, F|\n|teampreview\n|inactive|Battle timer is ON: inactive players will automatically lose when time's up. (requested by D. Lawrenzz)\n|c|\u2606Kramaltsyzer|Thanks for waiting\n|c|\u2606Kramaltsyzer|Fixed it\n|c|\u2606D. Lawrenzz|hf\n|c|\u2606D. Lawrenzz|wasnt your ace kyurem\n|\n|t:|1698822883\n|start\n|switch|p1a: Ribombee|Ribombee, F|100\/100\n|switch|p2a: Gin.|Weavile, M|100\/100\n|turn|1\n|\n|t:|1698822900\n|move|p2a: Gin.|Knock Off|p1a: Ribombee\n|-resisted|p1a: Ribombee\n|-damage|p1a: Ribombee|56\/100\n|-enditem|p1a: Ribombee|Focus Sash|[from] move: Knock Off|[of] p2a: Gin.\n|move|p1a: Ribombee|Moonblast|p2a: Gin.\n|-supereffective|p2a: Gin.\n|-damage|p2a: Gin.|0 fnt\n|faint|p2a: Gin.\n|\n|upkeep\n|\n|t:|1698822911\n|switch|p2a: Darmanitan|Darmanitan-Galar, M|100\/100\n|turn|2\n|inactive|Kramaltsyzer has 270 seconds left.\n|\n|t:|1698822932\n|move|p2a: Darmanitan|Flare Blitz|p1a: Ribombee\n|-supereffective|p1a: Ribombee\n|-damage|p1a: Ribombee|0 fnt\n|faint|p1a: Ribombee\n|-damage|p2a: Darmanitan|87\/100|[from] Recoil\n|\n|upkeep\n|c|\u2606Kramaltsyzer|Gin changed the aces we could have\n|inactive|D. Lawrenzz has 270 seconds left.\n|c|\u2606Kramaltsyzer|I had the choice between darm and iron bundle\n|c|\u2606D. Lawrenzz|ah\n|c|\u2606Kramaltsyzer|I got darm\n|c|\u2606D. Lawrenzz|that sucks the\n|c|\u2606D. Lawrenzz|n\n|\n|t:|1698822980\n|switch|p1a: Medicham|Medicham, F|100\/100\n|turn|3\n|\n|t:|1698822987\n|switch|p2a: Gobou|Ninetales-Alola, F|100\/100\n|-weather|Snow|[from] ability: Snow Warning|[of] p2a: Gobou\n|move|p1a: Medicham|High Jump Kick|p2a: Gobou\n|-damage|p2a: Gobou|23\/100\n|\n|-weather|Snow|[upkeep]\n|upkeep\n|turn|4\n|inactive|D. Lawrenzz has 270 seconds left.\n|\n|t:|1698822999\n|move|p1a: Medicham|High Jump Kick|p2a: Gobou\n|-damage|p2a: Gobou|0 fnt\n|faint|p2a: Gobou\n|\n|-weather|Snow|[upkeep]\n|upkeep\n|inactive|Kramaltsyzer has 270 seconds left.\n|\n|t:|1698823019\n|switch|p2a: Darmanitan|Darmanitan-Galar, M|87\/100\n|turn|5\n|\n|t:|1698823026\n|move|p2a: Darmanitan|Flare Blitz|p1a: Medicham\n|-damage|p1a: Medicham|28\/100\n|-damage|p2a: Darmanitan|69\/100|[from] Recoil\n|move|p1a: Medicham|High Jump Kick|p2a: Darmanitan\n|-supereffective|p2a: Darmanitan\n|-damage|p2a: Darmanitan|0 fnt\n|faint|p2a: Darmanitan\n|\n|-weather|Snow|[upkeep]\n|upkeep\n|inactive|Kramaltsyzer has 270 seconds left.\n|\n|t:|1698823037\n|switch|p2a: Kramalt.|Arctozolt|100\/100\n|turn|6\n|\n|t:|1698823047\n|move|p2a: Kramalt.|Icicle Crash|p1a: Medicham\n|-damage|p1a: Medicham|0 fnt\n|faint|p1a: Medicham\n|-damage|p2a: Kramalt.|91\/100|[from] item: Life Orb\n|\n|-weather|Snow|[upkeep]\n|upkeep\n|\n|t:|1698823052\n|switch|p1a: Great Tusk|Great Tusk|100\/100\n|-enditem|p1a: Great Tusk|Booster Energy\n|-activate|p1a: Great Tusk|ability: Protosynthesis|[fromitem]\n|-start|p1a: Great Tusk|protosynthesisatk\n|turn|7\n|c|\u2606Kramaltsyzer|Damn that didnt kill\n|\n|t:|1698823072\n|-terastallize|p1a: Great Tusk|Fighting\n|move|p2a: Kramalt.|Icicle Crash|p1a: Great Tusk\n|-damage|p1a: Great Tusk|67\/100\n|-damage|p2a: Kramalt.|81\/100|[from] item: Life Orb\n|move|p1a: Great Tusk|Rapid Spin|p2a: Kramalt.\n|-damage|p2a: Kramalt.|63\/100\n|-boost|p1a: Great Tusk|spe|1\n|\n|-weather|none\n|upkeep\n|turn|8\n|\n|t:|1698823081\n|move|p1a: Great Tusk|Close Combat|p2a: Kramalt.\n|-supereffective|p2a: Kramalt.\n|-damage|p2a: Kramalt.|0 fnt\n|-unboost|p1a: Great Tusk|def|1\n|-unboost|p1a: Great Tusk|spd|1\n|faint|p2a: Kramalt.\n|\n|upkeep\n|\n|t:|1698823086\n|switch|p2a: Better call orb.|Cloyster, M|100\/100\n|turn|9\n|\n|t:|1698823095\n|-terastallize|p2a: Better call orb.|Water\n|move|p1a: Great Tusk|Rapid Spin|p2a: Better call orb.\n|-damage|p2a: Better call orb.|82\/100\n|-boost|p1a: Great Tusk|spe|1\n|move|p2a: Better call orb.|Shell Smash|p2a: Better call orb.\n|-unboost|p2a: Better call orb.|def|1\n|-unboost|p2a: Better call orb.|spd|1\n|-boost|p2a: Better call orb.|atk|2\n|-boost|p2a: Better call orb.|spa|2\n|-boost|p2a: Better call orb.|spe|2\n|\n|upkeep\n|turn|10\n|\n|t:|1698823112\n|move|p1a: Great Tusk|Close Combat|p2a: Better call orb.\n|-damage|p2a: Better call orb.|0 fnt\n|-unboost|p1a: Great Tusk|def|1\n|-unboost|p1a: Great Tusk|spd|1\n|faint|p2a: Better call orb.\n|\n|upkeep\n|\n|t:|1698823115\n|switch|p2a: Zoa|Cinderace, F|100\/100\n|turn|11\n|c|\u2606D. Lawrenzz|gg\n|\n|t:|1698823119\n|move|p1a: Great Tusk|Earthquake|p2a: Zoa\n|-supereffective|p2a: Zoa\n|-damage|p2a: Zoa|0 fnt\n|faint|p2a: Zoa\n|\n|win|D. Lawrenzz\n|c|\u2606Kramaltsyzer|Yeah cteam..\n|c|\u2606D. Lawrenzz|yeah\n|c|\u2606D. Lawrenzz|i cteam\n|c|\u2606D. Lawrenzz|scummy move\n|c|\u2606D. Lawrenzz|but it works\n|l|\u2606Kramaltsyzer\n","uploadtime":1698823148,"views":11,"p1id":"dlawrenzz","p2id":"kramaltsyzer","formatid":"gen9nationaldexubers","rating":0,"private":0,"password":""}