{"id":"gen9nationaldexubers-1999907002","p1":"BANANAGOODYES","p2":"DynaTheCryo","format":"[Gen 9] National Dex Ubers","log":"|j|\u2606BANANAGOODYES\n|j|\u2606DynaTheCryo\n|t:|1701128653\n|gametype|singles\n|player|p1|BANANAGOODYES|170|1091\n|player|p2|DynaTheCryo|unknown|1157\n|teamsize|p1|6\n|teamsize|p2|6\n|gen|9\n|tier|[Gen 9] National Dex Ubers\n|rated|\n|rule|HP Percentage Mod: HP is shown in percentages\n|rule|Endless Battle Clause: Forcing endless battles is banned\n|rule|OHKO Clause: OHKO moves are banned\n|rule|Evasion Moves Clause: Evasion moves are banned\n|rule|Evasion Items Clause: Evasion items are banned\n|rule|Species Clause: Limit one of each Pok\u00e9mon\n|rule|Sleep Clause Mod: Limit one foe put to sleep\n|rule|Mega Rayquaza Clause: You cannot mega evolve Rayquaza\n|clearpoke\n|poke|p1|Avalugg, M|\n|poke|p1|Arcanine-Hisui, M|\n|poke|p1|Cloyster, M|\n|poke|p1|Thundurus, M|\n|poke|p1|Tyranitar, M|\n|poke|p1|Infernape, F|\n|poke|p2|Mewtwo|\n|poke|p2|Grimmsnarl, M|\n|poke|p2|Chansey, F|\n|poke|p2|Jirachi|\n|poke|p2|Clefable, F|\n|poke|p2|Kingambit, F|\n|teampreview\n|\n|t:|1701128657\n|start\n|switch|p1a: Infernape|Infernape, F|100\/100\n|switch|p2a: Grimmsnarl|Grimmsnarl, M|100\/100\n|turn|1\n|c|\u2606BANANAGOODYES|hi\n|\n|t:|1701128673\n|move|p2a: Grimmsnarl|Parting Shot|p1a: Infernape\n|-unboost|p1a: Infernape|atk|1\n|-unboost|p1a: Infernape|spa|1\n|c|\u2606DynaTheCryo|gl\n|\n|t:|1701128680\n|switch|p2a: Clefable|Clefable, F|100\/100|[from] Parting Shot\n|move|p1a: Infernape|Nasty Plot|p1a: Infernape\n|-boost|p1a: Infernape|spa|2\n|\n|upkeep\n|turn|2\n|c|\u2606DynaTheCryo|bc most of my team is luck based lol\n|c|\u2606BANANAGOODYES|oh\n|l|\u2606DynaTheCryo\n|player|p2|\n|c|\u2606BANANAGOODYES|i try to limit the luck\n|j|\u2606DynaTheCryo\n|player|p2|DynaTheCryo|unknown\n|\n|t:|1701128712\n|move|p1a: Infernape|Nasty Plot|p1a: Infernape\n|-boost|p1a: Infernape|spa|2\n|move|p2a: Clefable|Metronome|p2a: Clefable\n|move|p2a: Clefable|Stockpile|p2a: Clefable|[from]move: Metronome\n|-start|p2a: Clefable|stockpile1\n|-boost|p2a: Clefable|def|1\n|-boost|p2a: Clefable|spd|1\n|\n|upkeep\n|turn|3\n|c|\u2606DynaTheCryo|fair\n|\n|t:|1701128721\n|move|p1a: Infernape|Nasty Plot|p1a: Infernape\n|-boost|p1a: Infernape|spa|2\n|move|p2a: Clefable|Metronome|p2a: Clefable\n|move|p2a: Clefable|Metal Claw|p1a: Infernape|[from]move: Metronome\n|-resisted|p1a: Infernape\n|-damage|p1a: Infernape|94\/100\n|-boost|p2a: Clefable|atk|1\n|\n|upkeep\n|turn|4\n|\n|t:|1701128736\n|move|p1a: Infernape|Flamethrower|p2a: Clefable\n|-damage|p2a: Clefable|78\/100\n|move|p2a: Clefable|Metronome|p2a: Clefable\n|move|p2a: Clefable|Terrain Pulse|p1a: Infernape|[from]move: Metronome\n|-damage|p1a: Infernape|76\/100\n|\n|-heal|p2a: Clefable|84\/100|[from] item: Leftovers\n|upkeep\n|turn|5\n|\n|t:|1701128748\n|move|p1a: Infernape|Tera Blast|p2a: Clefable\n|-damage|p2a: Clefable|71\/100\n|move|p2a: Clefable|Metronome|p2a: Clefable\n|move|p2a: Clefable|Baton Pass|p2a: Clefable|[from]move: Metronome\n|\n|t:|1701128756\n|switch|p2a: Mewtwo|Mewtwo|100\/100|[from] Baton Pass\n|-ability|p2a: Mewtwo|Unnerve\n|\n|upkeep\n|turn|6\n|c|\u2606BANANAGOODYES|oh\n|\n|t:|1701128764\n|move|p2a: Mewtwo|Light Screen|p2a: Mewtwo\n|-sidestart|p2: DynaTheCryo|move: Light Screen\n|move|p1a: Infernape|Flamethrower|p2a: Mewtwo\n|-damage|p2a: Mewtwo|55\/100\n|\n|upkeep\n|turn|7\n|\n|t:|1701128771\n|detailschange|p2a: Mewtwo|Mewtwo-Mega-X\n|-mega|p2a: Mewtwo|Mewtwo|Mewtwonite X\n|move|p2a: Mewtwo|Recover|p2a: Mewtwo\n|-heal|p2a: Mewtwo|100\/100\n|move|p1a: Infernape|Flamethrower|p2a: Mewtwo\n|-damage|p2a: Mewtwo|56\/100\n|-status|p2a: Mewtwo|brn\n|\n|-damage|p2a: Mewtwo|50\/100 brn|[from] brn\n|upkeep\n|turn|8\n|\n|t:|1701128780\n|move|p2a: Mewtwo|Metronome|p2a: Mewtwo\n|move|p2a: Mewtwo|Ceaseless Edge|p1a: Infernape|[from]move: Metronome\n|-resisted|p1a: Infernape\n|-damage|p1a: Infernape|59\/100\n|-sidestart|p1: BANANAGOODYES|Spikes\n|move|p1a: Infernape|Flamethrower|p2a: Mewtwo\n|-damage|p2a: Mewtwo|8\/100 brn\n|\n|-damage|p2a: Mewtwo|2\/100 brn|[from] brn\n|upkeep\n|turn|9\n|\n|t:|1701128789\n|move|p2a: Mewtwo|Metronome|p2a: Mewtwo\n|move|p2a: Mewtwo|Flip Turn|p1a: Infernape|[from]move: Metronome\n|-supereffective|p1a: Infernape\n|-damage|p1a: Infernape|0 fnt\n|faint|p1a: Infernape\n|c|\u2606BANANAGOODYES|bro\n|c|\u2606BANANAGOODYES|i can see wht you mean by luck based\n|c|\u2606DynaTheCryo|lol\n|\n|t:|1701128811\n|switch|p2a: Chansey|Chansey, F|100\/100|[from] Flip Turn\n|\n|upkeep\n|c|\u2606BANANAGOODYES|i thought baton pass was banned\n|\n|t:|1701128824\n|switch|p1a: Arcanine|Arcanine-Hisui, M, shiny|100\/100\n|-damage|p1a: Arcanine|88\/100|[from] Spikes\n|-ability|p1a: Arcanine|Intimidate|boost\n|-unboost|p2a: Chansey|atk|1\n|turn|10\n|c|\u2606DynaTheCryo|they might have not bothered to put baton pass out of the metronome moves\n|\n|t:|1701128868\n|move|p1a: Arcanine|Flare Blitz|p2a: Chansey\n|-damage|p2a: Chansey|40\/100\n|-damage|p1a: Arcanine|49\/100|[from] Recoil\n|-damage|p1a: Arcanine|39\/100|[from] item: Life Orb\n|move|p2a: Chansey|Counter|p1a: Arcanine\n|-damage|p1a: Arcanine|0 fnt\n|faint|p1a: Arcanine\n|\n|-sideend|p2: DynaTheCryo|move: Light Screen\n|upkeep\n|c|\u2606BANANAGOODYES|oh\n|\n|t:|1701128879\n|switch|p1a: Avalugg|Avalugg, M, shiny|100\/100\n|-damage|p1a: Avalugg|88\/100|[from] Spikes\n|turn|11\n|\n|t:|1701128883\n|move|p1a: Avalugg|Iron Defense|p1a: Avalugg\n|-boost|p1a: Avalugg|def|2\n|move|p2a: Chansey|Teleport|p2a: Chansey\n|\n|t:|1701128889\n|switch|p2a: Grimmsnarl|Grimmsnarl, M|100\/100|[from] Teleport\n|\n|-heal|p1a: Avalugg|94\/100|[from] item: Leftovers\n|upkeep\n|turn|12\n|\n|t:|1701128894\n|move|p2a: Grimmsnarl|Taunt|p1a: Avalugg\n|-start|p1a: Avalugg|move: Taunt\n|cant|p1a: Avalugg|move: Taunt|Iron Defense\n|\n|-heal|p1a: Avalugg|99\/100|[from] item: Leftovers\n|upkeep\n|turn|13\n|\n|t:|1701128907\n|move|p2a: Grimmsnarl|Metronome|p2a: Grimmsnarl\n|move|p2a: Grimmsnarl|Misty Terrain|p2a: Grimmsnarl|[from]move: Metronome\n|-fieldstart|move: Misty Terrain\n|move|p1a: Avalugg|Body Press|p2a: Grimmsnarl\n|-enditem|p2a: Grimmsnarl|Focus Sash\n|-damage|p2a: Grimmsnarl|1\/100\n|\n|-heal|p1a: Avalugg|100\/100|[from] item: Leftovers\n|upkeep\n|turn|14\n|\n|t:|1701128916\n|move|p2a: Grimmsnarl|Metronome|p2a: Grimmsnarl\n|move|p2a: Grimmsnarl|Swallow||[from]move: Metronome|[still]\n|-fail|p2a: Grimmsnarl\n|move|p1a: Avalugg|Body Press|p2a: Grimmsnarl\n|-damage|p2a: Grimmsnarl|0 fnt\n|faint|p2a: Grimmsnarl\n|\n|-end|p1a: Avalugg|move: Taunt\n|upkeep\n|\n|t:|1701128920\n|switch|p2a: Chansey|Chansey, F|40\/100\n|turn|15\n|\n|t:|1701128925\n|move|p2a: Chansey|Metronome|p2a: Chansey\n|move|p2a: Chansey|Crabhammer|p1a: Avalugg|[from]move: Metronome\n|-damage|p1a: Avalugg|99\/100\n|move|p1a: Avalugg|Iron Defense|p1a: Avalugg\n|-boost|p1a: Avalugg|def|2\n|\n|-heal|p1a: Avalugg|100\/100|[from] item: Leftovers\n|upkeep\n|turn|16\n|\n|t:|1701128935\n|move|p2a: Chansey|Metronome|p2a: Chansey\n|move|p2a: Chansey|Burn Up||[from]move: Metronome|[still]\n|-fail|p2a: Chansey|move: Burn Up\n|move|p1a: Avalugg|Iron Defense|p1a: Avalugg\n|-boost|p1a: Avalugg|def|2\n|\n|upkeep\n|turn|17\n|\n|t:|1701128941\n|move|p2a: Chansey|Metronome|p2a: Chansey\n|move|p2a: Chansey|Gastro Acid|p1a: Avalugg|[from]move: Metronome\n|-endability|p1a: Avalugg\n|move|p1a: Avalugg|Snowscape|p1a: Avalugg\n|-weather|Snow\n|\n|-weather|Snow|[upkeep]\n|-fieldend|Misty Terrain\n|upkeep\n|turn|18\n|\n|t:|1701128949\n|move|p2a: Chansey|Metronome|p2a: Chansey\n|move|p2a: Chansey|Infernal Parade|p1a: Avalugg|[from]move: Metronome\n|-damage|p1a: Avalugg|91\/100\n|-status|p1a: Avalugg|brn\n|move|p1a: Avalugg|Body Press|p2a: Chansey\n|-supereffective|p2a: Chansey\n|-damage|p2a: Chansey|0 fnt\n|faint|p2a: Chansey\n|\n|-weather|Snow|[upkeep]\n|-heal|p1a: Avalugg|97\/100 brn|[from] item: Leftovers\n|-damage|p1a: Avalugg|91\/100 brn|[from] brn\n|upkeep\n|\n|t:|1701128957\n|switch|p2a: Mewtwo|Mewtwo-Mega-X|2\/100 brn\n|turn|19\n|\n|t:|1701128963\n|move|p2a: Mewtwo|Reflect|p2a: Mewtwo\n|-sidestart|p2: DynaTheCryo|Reflect\n|move|p1a: Avalugg|Body Press|p2a: Mewtwo\n|-resisted|p2a: Mewtwo\n|-damage|p2a: Mewtwo|0 fnt\n|faint|p2a: Mewtwo\n|\n|-weather|Snow|[upkeep]\n|-heal|p1a: Avalugg|97\/100 brn|[from] item: Leftovers\n|-damage|p1a: Avalugg|91\/100 brn|[from] brn\n|upkeep\n|\n|t:|1701128964\n|switch|p2a: Jirachi|Jirachi|100\/100\n|turn|20\n|\n|t:|1701128973\n|move|p2a: Jirachi|Metronome|p2a: Jirachi\n|move|p2a: Jirachi|Heat Crash|p1a: Avalugg|[from]move: Metronome\n|-supereffective|p1a: Avalugg\n|-damage|p1a: Avalugg|89\/100 brn\n|move|p1a: Avalugg|Body Press|p2a: Jirachi\n|-damage|p2a: Jirachi|60\/100\n|\n|-weather|Snow|[upkeep]\n|-heal|p1a: Avalugg|95\/100 brn|[from] item: Leftovers\n|-damage|p1a: Avalugg|89\/100 brn|[from] brn\n|upkeep\n|turn|21\n|c|\u2606DynaTheCryo|Wow\n|\n|t:|1701128983\n|move|p2a: Jirachi|Metronome|p2a: Jirachi\n|move|p2a: Jirachi|Twister|p1a: Avalugg|[from]move: Metronome\n|-damage|p1a: Avalugg|72\/100 brn\n|move|p1a: Avalugg|Body Press|p2a: Jirachi\n|-damage|p2a: Jirachi|13\/100\n|\n|-weather|none\n|-heal|p1a: Avalugg|78\/100 brn|[from] item: Leftovers\n|-damage|p1a: Avalugg|72\/100 brn|[from] brn\n|upkeep\n|turn|22\n|c|\u2606BANANAGOODYES|this guy has the most defense in the game\n|\n|t:|1701128994\n|move|p2a: Jirachi|Metronome|p2a: Jirachi\n|move|p2a: Jirachi|Rollout|p1a: Avalugg|[from]move: Metronome\n|-supereffective|p1a: Avalugg\n|-damage|p1a: Avalugg|70\/100 brn\n|move|p1a: Avalugg|Body Press|p2a: Jirachi\n|-damage|p2a: Jirachi|0 fnt\n|faint|p2a: Jirachi\n|\n|-heal|p1a: Avalugg|76\/100 brn|[from] item: Leftovers\n|-damage|p1a: Avalugg|70\/100 brn|[from] brn\n|upkeep\n|c|\u2606DynaTheCryo|true\n|\n|t:|1701128999\n|switch|p2a: Clefable|Clefable, F|71\/100\n|turn|23\n|c|\u2606BANANAGOODYES|i have 300 defense\n|c|\u2606BANANAGOODYES|sorry\n|c|\u2606BANANAGOODYES|3000\n|c|\u2606DynaTheCryo|I am now unaware of that\n|c|\u2606BANANAGOODYES|NOOOOOOO\n|\n|t:|1701129029\n|move|p2a: Clefable|Protect|p2a: Clefable\n|-singleturn|p2a: Clefable|Protect\n|move|p1a: Avalugg|Body Press|p2a: Clefable\n|-activate|p2a: Clefable|move: Protect\n|\n|-heal|p2a: Clefable|77\/100|[from] item: Leftovers\n|-heal|p1a: Avalugg|76\/100 brn|[from] item: Leftovers\n|-damage|p1a: Avalugg|70\/100 brn|[from] brn\n|-sideend|p2: DynaTheCryo|Reflect\n|upkeep\n|turn|24\n|c|\u2606BANANAGOODYES|:(\n|\n|t:|1701129041\n|move|p2a: Clefable|Metronome|p2a: Clefable\n|move|p2a: Clefable|Psychic Terrain|p2a: Clefable|[from]move: Metronome\n|-fieldstart|move: Psychic Terrain\n|move|p1a: Avalugg|Body Press|p2a: Clefable\n|-resisted|p2a: Clefable\n|-damage|p2a: Clefable|67\/100\n|\n|-heal|p2a: Clefable|73\/100|[from] item: Leftovers\n|-heal|p1a: Avalugg|76\/100 brn|[from] item: Leftovers\n|-damage|p1a: Avalugg|70\/100 brn|[from] brn\n|upkeep\n|turn|25\n|\n|t:|1701129054\n|move|p2a: Clefable|Metronome|p2a: Clefable\n|move|p2a: Clefable|Happy Hour|p2a: Clefable|[from]move: Metronome\n|move|p1a: Avalugg|Body Press|p2a: Clefable\n|-resisted|p2a: Clefable\n|-damage|p2a: Clefable|64\/100\n|\n|-heal|p2a: Clefable|70\/100|[from] item: Leftovers\n|-heal|p1a: Avalugg|76\/100 brn|[from] item: Leftovers\n|-damage|p1a: Avalugg|70\/100 brn|[from] brn\n|upkeep\n|turn|26\n|\n|t:|1701129064\n|move|p2a: Clefable|Metronome|p2a: Clefable\n|move|p2a: Clefable|Mist|p2a: Clefable|[from]move: Metronome\n|-sidestart|p2: DynaTheCryo|Mist\n|move|p1a: Avalugg|Body Press|p2a: Clefable\n|-resisted|p2a: Clefable\n|-damage|p2a: Clefable|59\/100\n|\n|-heal|p2a: Clefable|65\/100|[from] item: Leftovers\n|-heal|p1a: Avalugg|76\/100 brn|[from] item: Leftovers\n|-damage|p1a: Avalugg|70\/100 brn|[from] brn\n|upkeep\n|turn|27\n|\n|t:|1701129073\n|move|p2a: Clefable|Metronome|p2a: Clefable\n|move|p2a: Clefable|Encore|p1a: Avalugg|[from]move: Metronome\n|-start|p1a: Avalugg|Encore\n|move|p1a: Avalugg|Body Press|p2a: Clefable\n|-resisted|p2a: Clefable\n|-damage|p2a: Clefable|56\/100\n|\n|-heal|p2a: Clefable|62\/100|[from] item: Leftovers\n|-heal|p1a: Avalugg|76\/100 brn|[from] item: Leftovers\n|-damage|p1a: Avalugg|70\/100 brn|[from] brn\n|upkeep\n|turn|28\n|c|\u2606DynaTheCryo|my luck man\n|c|\u2606DynaTheCryo|I'm dying\n|\n|t:|1701129086\n|move|p2a: Clefable|Metronome|p2a: Clefable\n|move|p2a: Clefable|Charge|p2a: Clefable|[from]move: Metronome\n|-boost|p2a: Clefable|spd|1\n|-start|p2a: Clefable|Charge\n|move|p1a: Avalugg|Body Press|p2a: Clefable\n|-resisted|p2a: Clefable\n|-damage|p2a: Clefable|53\/100\n|\n|-heal|p2a: Clefable|59\/100|[from] item: Leftovers\n|-heal|p1a: Avalugg|76\/100 brn|[from] item: Leftovers\n|-damage|p1a: Avalugg|70\/100 brn|[from] brn\n|-fieldend|move: Psychic Terrain\n|upkeep\n|turn|29\n|c|\u2606BANANAGOODYES|do you have just metronome and protect\n|\n|t:|1701129100\n|move|p2a: Clefable|Soft-Boiled|p2a: Clefable\n|-heal|p2a: Clefable|100\/100\n|move|p1a: Avalugg|Body Press|p2a: Clefable\n|-resisted|p2a: Clefable\n|-damage|p2a: Clefable|91\/100\n|\n|-heal|p2a: Clefable|97\/100|[from] item: Leftovers\n|-heal|p1a: Avalugg|76\/100 brn|[from] item: Leftovers\n|-damage|p1a: Avalugg|70\/100 brn|[from] brn\n|-end|p1a: Avalugg|Encore\n|upkeep\n|turn|30\n|c|\u2606BANANAGOODYES|ok\n|c|\u2606DynaTheCryo|I also got magic coat\n|\n|t:|1701129126\n|switch|p1a: Tyranitar|Tyranitar, M|100\/100\n|-damage|p1a: Tyranitar|88\/100|[from] Spikes\n|-weather|Sandstorm|[from] ability: Sand Stream|[of] p1a: Tyranitar\n|move|p2a: Clefable|Metronome|p2a: Clefable\n|move|p2a: Clefable|Gravity|p2a: Clefable|[from]move: Metronome\n|-fieldstart|move: Gravity\n|\n|-weather|Sandstorm|[upkeep]\n|-damage|p2a: Clefable|91\/100|[from] Sandstorm\n|-heal|p2a: Clefable|97\/100|[from] item: Leftovers\n|-sideend|p2: DynaTheCryo|Mist\n|upkeep\n|turn|31\n|c|\u2606DynaTheCryo|oh that could be useful\n|\n|t:|1701129142\n|move|p2a: Clefable|Metronome|p2a: Clefable\n|move|p2a: Clefable|Accelerock|p1a: Tyranitar|[from]move: Metronome\n|-damage|p1a: Tyranitar|84\/100\n|move|p1a: Tyranitar|Heavy Slam|p2a: Clefable\n|-supereffective|p2a: Clefable\n|-damage|p2a: Clefable|26\/100\n|\n|-weather|Sandstorm|[upkeep]\n|-damage|p2a: Clefable|20\/100|[from] Sandstorm\n|-heal|p2a: Clefable|26\/100|[from] item: Leftovers\n|upkeep\n|turn|32\n|c|\u2606DynaTheCryo|well I lied\n|c|\u2606BANANAGOODYES|what does charge mean\n|c|\u2606DynaTheCryo|forgot\n|c|\u2606BANANAGOODYES|did you get the first half of solar beam or smth\n|\n|t:|1701129169\n|move|p2a: Clefable|Metronome|p2a: Clefable\n|move|p2a: Clefable|Heavy Slam|p1a: Tyranitar|[from]move: Metronome\n|-supereffective|p1a: Tyranitar\n|-damage|p1a: Tyranitar|74\/100\n|move|p1a: Tyranitar|Heavy Slam|p2a: Clefable\n|-supereffective|p2a: Clefable\n|-damage|p2a: Clefable|0 fnt\n|faint|p2a: Clefable\n|\n|-weather|Sandstorm|[upkeep]\n|upkeep\n|c|\u2606DynaTheCryo|nah\n|c|\u2606DynaTheCryo|bro\n|c|\u2606DynaTheCryo|heavy slam\n|c|\u2606DynaTheCryo|on a heavier mon\n|\n|t:|1701129189\n|switch|p2a: Kingambit|Kingambit, F|100\/100\n|-activate|p2a: Kingambit|ability: Supreme Overlord\n|-start|p2a: Kingambit|fallen5|[silent]\n|turn|33\n|\n|t:|1701129215\n|-terastallize|p2a: Kingambit|Ghost\n|move|p1a: Tyranitar|Earthquake|p2a: Kingambit\n|-damage|p2a: Kingambit|79\/100\n|move|p2a: Kingambit|Brick Break|p1a: Tyranitar\n|-supereffective|p1a: Tyranitar\n|-damage|p1a: Tyranitar|0 fnt\n|faint|p1a: Tyranitar\n|\n|-weather|Sandstorm|[upkeep]\n|-damage|p2a: Kingambit|73\/100|[from] Sandstorm\n|upkeep\n|\n|t:|1701129240\n|switch|p1a: Thundurus|Thundurus, M|100\/100\n|-damage|p1a: Thundurus|88\/100|[from] Spikes\n|turn|34\n|\n|t:|1701129254\n|move|p1a: Thundurus|Thunder Wave|p2a: Kingambit\n|-status|p2a: Kingambit|par\n|move|p2a: Kingambit|Swords Dance|p2a: Kingambit\n|-boost|p2a: Kingambit|atk|2\n|\n|-weather|none\n|-fieldend|move: Gravity\n|upkeep\n|turn|35\n|\n|t:|1701129262\n|move|p1a: Thundurus|Substitute|p1a: Thundurus\n|-start|p1a: Thundurus|Substitute\n|-damage|p1a: Thundurus|63\/100\n|cant|p2a: Kingambit|par\n|\n|upkeep\n|turn|36\n|\n|t:|1701129268\n|move|p1a: Thundurus|Discharge|p2a: Kingambit\n|-damage|p2a: Kingambit|28\/100 par\n|move|p2a: Kingambit|Iron Head|p1a: Thundurus\n|-resisted|p1a: Thundurus\n|-end|p1a: Thundurus|Substitute\n|\n|upkeep\n|turn|37\n|c|\u2606BANANAGOODYES|gg\n|\n|t:|1701129277\n|move|p2a: Kingambit|Sucker Punch|p1a: Thundurus\n|-damage|p1a: Thundurus|0 fnt\n|faint|p1a: Thundurus\n|\n|upkeep\n|c|\u2606BANANAGOODYES|oh\n|\n|t:|1701129284\n|switch|p1a: Cloyster|Cloyster, M, shiny|100\/100\n|-damage|p1a: Cloyster|88\/100|[from] Spikes\n|turn|38\n|c|\u2606DynaTheCryo|un momento\n|\n|t:|1701129301\n|move|p2a: Kingambit|Sucker Punch|p1a: Cloyster\n|-crit|p1a: Cloyster\n|-damage|p1a: Cloyster|0 fnt\n|faint|p1a: Cloyster\n|\n|upkeep\n|c|\u2606BANANAGOODYES|oh no\n|c|\u2606BANANAGOODYES|you win\n|c|\u2606DynaTheCryo|can I ask what your mon's speed is\n|c|\u2606BANANAGOODYES|which one\n|c|\u2606DynaTheCryo|lugg\n|c|\u2606BANANAGOODYES|92\n|c|\u2606DynaTheCryo|oh I lost\n|c|\u2606BANANAGOODYES|he only has body press\n|c|\u2606DynaTheCryo|oh\n|c|\u2606BANANAGOODYES|you are ghost type\n|\n|t:|1701129346\n|switch|p1a: Avalugg|Avalugg, M, shiny|70\/100 brn\n|-damage|p1a: Avalugg|58\/100 brn|[from] Spikes\n|turn|39\n|c|\u2606DynaTheCryo|ight gg then\n|\n|t:|1701129354\n|move|p1a: Avalugg|Body Press|p2a: Kingambit\n|-immune|p2a: Kingambit\n|cant|p2a: Kingambit|par\n|\n|-heal|p1a: Avalugg|64\/100 brn|[from] item: Leftovers\n|-damage|p1a: Avalugg|58\/100 brn|[from] brn\n|upkeep\n|turn|40\n|\n|t:|1701129366\n|move|p1a: Avalugg|Body Press|p2a: Kingambit\n|-immune|p2a: Kingambit\n|move|p2a: Kingambit|Iron Head|p1a: Avalugg\n|-supereffective|p1a: Avalugg\n|-damage|p1a: Avalugg|0 fnt\n|faint|p1a: Avalugg\n|\n|win|DynaTheCryo\n|raw|BANANAGOODYES's rating: 1091 &rarr; <strong>1072<\/strong><br \/>(-19 for losing)\n|raw|DynaTheCryo's rating: 1157 &rarr; <strong>1177<\/strong><br \/>(+20 for winning)\n|c|\u2606DynaTheCryo|wp\n|c|\u2606BANANAGOODYES|gg\n|l|\u2606BANANAGOODYES\n|c|\u2606DynaTheCryo|rng went hard lol\n","uploadtime":1701129387,"views":11,"p1id":"bananagoodyes","p2id":"dynathecryo","formatid":"gen9nationaldexubers","rating":1072,"private":0,"password":""}