{"id":"gen9nationaldexubers-1988597763","p1":"DelDot","p2":"Predaking28","format":"[Gen 9] National Dex Ubers","log":"|j|\u2606DelDot\n|j|\u2606Predaking28\n|t:|1699740288\n|gametype|singles\n|player|p1|DelDot|janitor|1079\n|player|p2|Predaking28|266|1161\n|teamsize|p1|6\n|teamsize|p2|6\n|gen|9\n|tier|[Gen 9] National Dex Ubers\n|rated|\n|rule|HP Percentage Mod: HP is shown in percentages\n|rule|Endless Battle Clause: Forcing endless battles is banned\n|rule|OHKO Clause: OHKO moves are banned\n|rule|Evasion Moves Clause: Evasion moves are banned\n|rule|Evasion Items Clause: Evasion items are banned\n|rule|Species Clause: Limit one of each Pok\u00e9mon\n|rule|Sleep Clause Mod: Limit one foe put to sleep\n|rule|Mega Rayquaza Clause: You cannot mega evolve Rayquaza\n|clearpoke\n|poke|p1|Cinderace, M|\n|poke|p1|Cyclizar, F|\n|poke|p1|Garganacl, F|\n|poke|p1|Fezandipiti, M|\n|poke|p1|Cinccino, M|\n|poke|p1|Scovillain, M|\n|poke|p2|Hydreigon, F|\n|poke|p2|Gyarados, M|\n|poke|p2|Heracross, M|\n|poke|p2|Mewtwo|\n|poke|p2|Metagross|\n|poke|p2|Giratina|\n|teampreview\n|\n|t:|1699740299\n|start\n|switch|p1a: Garganacl|Garganacl, F|100\/100\n|switch|p2a: Heracross|Heracross, M|100\/100\n|turn|1\n|\n|t:|1699740312\n|move|p2a: Heracross|Earthquake|p1a: Garganacl\n|-supereffective|p1a: Garganacl\n|-damage|p1a: Garganacl|54\/100\n|move|p1a: Garganacl|Salt Cure|p2a: Heracross\n|-damage|p2a: Heracross|80\/100\n|-start|p2a: Heracross|Salt Cure\n|\n|-damage|p2a: Heracross|68\/100|[from] Salt Cure\n|upkeep\n|turn|2\n|\n|t:|1699740321\n|move|p2a: Heracross|Earthquake|p1a: Garganacl\n|-supereffective|p1a: Garganacl\n|-damage|p1a: Garganacl|8\/100\n|move|p1a: Garganacl|Recover|p1a: Garganacl\n|-heal|p1a: Garganacl|58\/100\n|\n|-damage|p2a: Heracross|56\/100|[from] Salt Cure\n|upkeep\n|turn|3\n|\n|t:|1699740330\n|move|p2a: Heracross|Earthquake|p1a: Garganacl\n|-supereffective|p1a: Garganacl\n|-damage|p1a: Garganacl|11\/100\n|move|p1a: Garganacl|Recover|p1a: Garganacl\n|-heal|p1a: Garganacl|61\/100\n|\n|-damage|p2a: Heracross|43\/100|[from] Salt Cure\n|upkeep\n|turn|4\n|\n|t:|1699740357\n|move|p2a: Heracross|Earthquake|p1a: Garganacl\n|-supereffective|p1a: Garganacl\n|-damage|p1a: Garganacl|14\/100\n|move|p1a: Garganacl|Recover|p1a: Garganacl\n|-heal|p1a: Garganacl|64\/100\n|\n|-damage|p2a: Heracross|31\/100|[from] Salt Cure\n|upkeep\n|turn|5\n|\n|t:|1699740366\n|move|p2a: Heracross|Earthquake|p1a: Garganacl\n|-supereffective|p1a: Garganacl\n|-damage|p1a: Garganacl|22\/100\n|move|p1a: Garganacl|Recover|p1a: Garganacl\n|-heal|p1a: Garganacl|72\/100\n|\n|-damage|p2a: Heracross|19\/100|[from] Salt Cure\n|upkeep\n|turn|6\n|\n|t:|1699740389\n|move|p2a: Heracross|Earthquake|p1a: Garganacl\n|-supereffective|p1a: Garganacl\n|-damage|p1a: Garganacl|26\/100\n|move|p1a: Garganacl|Salt Cure|p2a: Heracross\n|-damage|p2a: Heracross|0 fnt\n|faint|p2a: Heracross\n|\n|upkeep\n|\n|t:|1699740402\n|switch|p2a: Gyarados|Gyarados, M|100\/100\n|turn|7\n|\n|t:|1699740407\n|move|p2a: Gyarados|Aqua Tail|p1a: Garganacl\n|-supereffective|p1a: Garganacl\n|-damage|p1a: Garganacl|0 fnt\n|-damage|p2a: Gyarados|84\/100|[from] item: Rocky Helmet|[of] p1a: Garganacl\n|faint|p1a: Garganacl\n|-ability|p2a: Gyarados|Moxie|boost\n|-boost|p2a: Gyarados|atk|1\n|-damage|p2a: Gyarados|74\/100|[from] item: Life Orb\n|\n|upkeep\n|\n|t:|1699740437\n|switch|p1a: Cinccino|Cinccino, M|100\/100\n|turn|8\n|\n|t:|1699740442\n|move|p1a: Cinccino|Rock Blast|p2a: Gyarados\n|-supereffective|p2a: Gyarados\n|-damage|p2a: Gyarados|55\/100\n|-supereffective|p2a: Gyarados\n|-damage|p2a: Gyarados|35\/100\n|-supereffective|p2a: Gyarados\n|-damage|p2a: Gyarados|18\/100\n|-supereffective|p2a: Gyarados\n|-damage|p2a: Gyarados|0 fnt\n|faint|p2a: Gyarados\n|-hitcount|p2: Gyarados|4\n|\n|upkeep\n|\n|t:|1699740454\n|switch|p2a: Giratina|Giratina|100\/100\n|-ability|p2a: Giratina|Pressure\n|turn|9\n|\n|t:|1699740468\n|-terastallize|p2a: Giratina|Ghost\n|move|p1a: Cinccino|Sing|p2a: Giratina\n|-status|p2a: Giratina|slp|[from] move: Sing\n|cant|p2a: Giratina|slp\n|\n|upkeep\n|turn|10\n|\n|t:|1699740476\n|switch|p1a: Fezandipiti|Fezandipiti, M|100\/100\n|cant|p2a: Giratina|slp\n|\n|upkeep\n|turn|11\n|\n|t:|1699740482\n|switch|p2a: Metagross|Metagross|100\/100\n|move|p1a: Fezandipiti|Beat Up|p2a: Metagross\n|-supereffective|p2a: Metagross\n|-damage|p2a: Metagross|93\/100\n|-supereffective|p2a: Metagross\n|-damage|p2a: Metagross|85\/100\n|-supereffective|p2a: Metagross\n|-damage|p2a: Metagross|78\/100\n|-supereffective|p2a: Metagross\n|-crit|p2a: Metagross\n|-damage|p2a: Metagross|66\/100\n|-supereffective|p2a: Metagross\n|-damage|p2a: Metagross|58\/100\n|-hitcount|p2a: Metagross|5\n|\n|upkeep\n|turn|12\n|\n|t:|1699740498\n|move|p1a: Fezandipiti|Protect|p1a: Fezandipiti\n|-singleturn|p1a: Fezandipiti|Protect\n|move|p2a: Metagross|Meteor Mash|p1a: Fezandipiti\n|-activate|p1a: Fezandipiti|move: Protect\n|\n|upkeep\n|turn|13\n|\n|t:|1699740505\n|move|p2a: Metagross|Bullet Punch|p1a: Fezandipiti\n|-supereffective|p1a: Fezandipiti\n|-damage|p1a: Fezandipiti|28\/100\n|-damage|p2a: Metagross|48\/100|[from] item: Life Orb\n|move|p1a: Fezandipiti|Beat Up|p2a: Metagross\n|-supereffective|p2a: Metagross\n|-damage|p2a: Metagross|40\/100\n|-supereffective|p2a: Metagross\n|-damage|p2a: Metagross|32\/100\n|-supereffective|p2a: Metagross\n|-damage|p2a: Metagross|24\/100\n|-supereffective|p2a: Metagross\n|-damage|p2a: Metagross|16\/100\n|-supereffective|p2a: Metagross\n|-damage|p2a: Metagross|8\/100\n|-hitcount|p2a: Metagross|5\n|\n|-heal|p1a: Fezandipiti|34\/100|[from] item: Black Sludge\n|upkeep\n|turn|14\n|\n|t:|1699740522\n|move|p2a: Metagross|Bullet Punch|p1a: Fezandipiti\n|-supereffective|p1a: Fezandipiti\n|-damage|p1a: Fezandipiti|0 fnt\n|faint|p1a: Fezandipiti\n|-damage|p2a: Metagross|0 fnt|[from] item: Life Orb\n|faint|p2a: Metagross\n|\n|upkeep\n|\n|t:|1699740538\n|switch|p1a: Cyclizar|Cyclizar, F|100\/100\n|switch|p2a: Mewtwo|Mewtwo|100\/100\n|-ability|p2a: Mewtwo|Pressure\n|turn|15\n|\n|t:|1699740550\n|detailschange|p2a: Mewtwo|Mewtwo-Mega-Y\n|-mega|p2a: Mewtwo|Mewtwo|Mewtwonite Y\n|move|p2a: Mewtwo|Ice Beam|p1a: Cyclizar\n|-supereffective|p1a: Cyclizar\n|-damage|p1a: Cyclizar|0 fnt\n|faint|p1a: Cyclizar\n|\n|upkeep\n|\n|t:|1699740557\n|switch|p1a: Coffee|Cinderace, M, shiny|100\/100\n|turn|16\n|\n|t:|1699740564\n|move|p1a: Coffee|Sucker Punch|p2a: Mewtwo\n|-start|p1a: Coffee|typechange|Dark|[from] ability: Libero\n|-supereffective|p2a: Mewtwo\n|-damage|p2a: Mewtwo|18\/100\n|move|p2a: Mewtwo|Thunderbolt|p1a: Coffee\n|-damage|p1a: Coffee|44\/100\n|\n|upkeep\n|turn|17\n|\n|t:|1699740581\n|move|p1a: Coffee|Sucker Punch|p2a: Mewtwo\n|-supereffective|p2a: Mewtwo\n|-damage|p2a: Mewtwo|0 fnt\n|faint|p2a: Mewtwo\n|\n|upkeep\n|\n|t:|1699740586\n|switch|p2a: Hydreigon|Hydreigon, F|100\/100\n|turn|18\n|\n|t:|1699740601\n|move|p2a: Hydreigon|Flash Cannon|p1a: Coffee\n|-damage|p1a: Coffee|6\/100\n|move|p1a: Coffee|High Jump Kick|p2a: Hydreigon\n|-supereffective|p2a: Hydreigon\n|-damage|p2a: Hydreigon|2\/100\n|\n|upkeep\n|turn|19\n|\n|t:|1699740607\n|move|p1a: Coffee|Sucker Punch|p2a: Hydreigon\n|-resisted|p2a: Hydreigon\n|-damage|p2a: Hydreigon|0 fnt\n|faint|p2a: Hydreigon\n|\n|upkeep\n|\n|t:|1699740613\n|switch|p2a: Giratina|Giratina, tera:Ghost|100\/100 slp\n|-ability|p2a: Giratina|Pressure\n|turn|20\n|\n|t:|1699740624\n|cant|p2a: Giratina|slp\n|move|p1a: Coffee|U-turn|p2a: Giratina\n|-resisted|p2a: Giratina\n|-damage|p2a: Giratina|94\/100 slp\n|\n|t:|1699740628\n|switch|p1a: Scovillain|Scovillain, M|100\/100|[from] U-turn\n|\n|-heal|p2a: Giratina|99\/100 slp|[from] item: Leftovers\n|upkeep\n|turn|21\n|\n|t:|1699740635\n|move|p1a: Scovillain|Sunny Day|p1a: Scovillain\n|-weather|SunnyDay\n|-curestatus|p2a: Giratina|slp|[msg]\n|move|p2a: Giratina|Toxic|p1a: Scovillain\n|-status|p1a: Scovillain|tox\n|\n|-weather|SunnyDay|[upkeep]\n|-heal|p2a: Giratina|100\/100|[from] item: Leftovers\n|-damage|p1a: Scovillain|95\/100 tox|[from] psn\n|upkeep\n|turn|22\n|\n|t:|1699740645\n|move|p1a: Scovillain|Solar Beam||[still]\n|-prepare|p1a: Scovillain|Solar Beam\n|-anim|p1a: Scovillain|Solar Beam|p2a: Giratina\n|-damage|p2a: Giratina|70\/100\n|move|p2a: Giratina|Shadow Force||[still]\n|-prepare|p2a: Giratina|Shadow Force\n|\n|-weather|SunnyDay|[upkeep]\n|-heal|p2a: Giratina|76\/100|[from] item: Leftovers\n|-damage|p1a: Scovillain|83\/100 tox|[from] psn\n|upkeep\n|turn|23\n|\n|t:|1699740656\n|move|p1a: Scovillain|Solar Beam||[still]\n|-prepare|p1a: Scovillain|Solar Beam\n|-anim|p1a: Scovillain|Solar Beam|p2a: Giratina|[miss]\n|-miss|p1a: Scovillain|p2a: Giratina\n|move|p2a: Giratina|Shadow Force|p1a: Scovillain|[from]lockedmove\n|-damage|p1a: Scovillain|0 fnt\n|faint|p1a: Scovillain\n|\n|-weather|SunnyDay|[upkeep]\n|-heal|p2a: Giratina|82\/100|[from] item: Leftovers\n|upkeep\n|\n|t:|1699740668\n|switch|p1a: Coffee|Cinderace, M, shiny|6\/100\n|turn|24\n|\n|t:|1699740671\n|move|p1a: Coffee|Sucker Punch|p2a: Giratina\n|-start|p1a: Coffee|typechange|Dark|[from] ability: Libero\n|-supereffective|p2a: Giratina\n|-damage|p2a: Giratina|46\/100\n|move|p2a: Giratina|Shadow Force||[still]\n|-prepare|p2a: Giratina|Shadow Force\n|\n|-weather|SunnyDay|[upkeep]\n|-heal|p2a: Giratina|52\/100|[from] item: Leftovers\n|upkeep\n|turn|25\n|\n|t:|1699740681\n|move|p1a: Coffee|U-turn|p2a: Giratina|[miss]\n|-miss|p1a: Coffee|p2a: Giratina\n|move|p2a: Giratina|Shadow Force|p1a: Coffee|[from]lockedmove\n|-resisted|p1a: Coffee\n|-damage|p1a: Coffee|0 fnt\n|faint|p1a: Coffee\n|\n|-weather|none\n|-heal|p2a: Giratina|58\/100|[from] item: Leftovers\n|upkeep\n|\n|t:|1699740690\n|switch|p1a: Cinccino|Cinccino, M|100\/100\n|turn|26\n|\n|t:|1699740694\n|move|p1a: Cinccino|Sing|p2a: Giratina\n|-status|p2a: Giratina|slp|[from] move: Sing\n|cant|p2a: Giratina|slp\n|\n|-heal|p2a: Giratina|65\/100 slp|[from] item: Leftovers\n|upkeep\n|turn|27\n|\n|t:|1699740707\n|-terastallize|p1a: Cinccino|Grass\n|move|p1a: Cinccino|Bullet Seed|p2a: Giratina\n|-damage|p2a: Giratina|59\/100 slp\n|-damage|p2a: Giratina|53\/100 slp\n|-damage|p2a: Giratina|47\/100 slp\n|-damage|p2a: Giratina|41\/100 slp\n|-damage|p2a: Giratina|35\/100 slp\n|-hitcount|p2a: Giratina|5\n|cant|p2a: Giratina|slp\n|\n|-heal|p2a: Giratina|41\/100 slp|[from] item: Leftovers\n|upkeep\n|turn|28\n|\n|t:|1699740721\n|move|p1a: Cinccino|Bullet Seed|p2a: Giratina\n|-damage|p2a: Giratina|36\/100 slp\n|-damage|p2a: Giratina|30\/100 slp\n|-damage|p2a: Giratina|23\/100 slp\n|-damage|p2a: Giratina|17\/100 slp\n|-damage|p2a: Giratina|12\/100 slp\n|-hitcount|p2a: Giratina|5\n|cant|p2a: Giratina|slp\n|\n|-heal|p2a: Giratina|18\/100 slp|[from] item: Leftovers\n|upkeep\n|turn|29\n|\n|t:|1699740733\n|move|p1a: Cinccino|Bullet Seed|p2a: Giratina\n|-damage|p2a: Giratina|11\/100 slp\n|-damage|p2a: Giratina|5\/100 slp\n|-damage|p2a: Giratina|0 fnt\n|faint|p2a: Giratina\n|-hitcount|p2: Giratina|3\n|\n|win|DelDot\n|raw|DelDot's rating: 1079 &rarr; <strong>1114<\/strong><br \/>(+35 for winning)\n|raw|Predaking28's rating: 1161 &rarr; <strong>1130<\/strong><br \/>(-31 for losing)\n","uploadtime":1699740747,"views":5,"p1id":"deldot","p2id":"predaking28","formatid":"gen9nationaldexubers","rating":1114,"private":0,"password":""}