{"id":"gen9nationaldexubers-1990111042","p1":"DinsFire01","p2":"ColdSobaNoodle","format":"[Gen 9] National Dex Ubers","log":"|j|\u2606DinsFire01\n|j|\u2606ColdSobaNoodle\n|t:|1699925711\n|gametype|singles\n|player|p1|DinsFire01|n|\n|player|p2|ColdSobaNoodle|cynthia|\n|teamsize|p1|6\n|teamsize|p2|6\n|gen|9\n|tier|[Gen 9] National Dex Ubers\n|rule|HP Percentage Mod: HP is shown in percentages\n|rule|Endless Battle Clause: Forcing endless battles is banned\n|rule|OHKO Clause: OHKO moves are banned\n|rule|Evasion Moves Clause: Evasion moves are banned\n|rule|Evasion Items Clause: Evasion items are banned\n|rule|Species Clause: Limit one of each Pok\u00e9mon\n|rule|Sleep Clause Mod: Limit one foe put to sleep\n|rule|Mega Rayquaza Clause: You cannot mega evolve Rayquaza\n|clearpoke\n|poke|p1|Falinks|\n|poke|p1|Shiftry, F|\n|poke|p1|Gliscor, F|\n|poke|p1|Gholdengo|\n|poke|p1|Tapu Fini|\n|poke|p1|Hoopa-Unbound|\n|poke|p2|Absol, F|\n|poke|p2|Ninetales-Alola, F|\n|poke|p2|Corviknight, F|\n|poke|p2|Zygarde-10%|\n|poke|p2|Torterra, M|\n|poke|p2|Dachsbun, F|\n|teampreview\n|j| ZBFusion\n|j| VoIteon\n|j| Lunar Soth\n|c| ZBFusion|hot set alert\n|l|lunarsoth\n|j| Lunar Sloth\n|c|\u2606DinsFire01|not the word id use\n|j| MiniBearGrahams\n|c|\u2606ColdSobaNoodle|Your name is DinsFire, checks out\n|j| Smackey_5\n|c| Smackey_5|First\n|c| Lunar Sloth|Hm\n|c| Smackey_5|I been here I just signed in\n|c| Lunar Sloth|Mhm\n|c|\u2606DinsFire01|we go\n|c|\u2606DinsFire01|glhf\n|c|\u2606ColdSobaNoodle|glhf\n|\n|t:|1699925951\n|start\n|switch|p1a: the goat|Shiftry, F, shiny|100\/100\n|switch|p2a: Rook|Corviknight, F, shiny|100\/100\n|-ability|p2a: Rook|Pressure\n|turn|1\n|inactive|Battle timer is ON: inactive players will automatically lose when time's up. (requested by DinsFire01)\n|c|\u2606ColdSobaNoodle|the goat!\n|\n|t:|1699925971\n|switch|p1a: Ghold Glider|Gholdengo|100\/100\n|move|p2a: Rook|U-turn|p1a: Ghold Glider\n|-resisted|p1a: Ghold Glider\n|-damage|p1a: Ghold Glider|97\/100\n|\n|t:|1699925979\n|switch|p2a: Jax|Zygarde-10%, shiny|100\/100|[from] U-turn\n|-ability|p2a: Jax|Aura Break\n|\n|upkeep\n|turn|2\n|\n|t:|1699926001\n|switch|p1a: glizzy|Gliscor, F, shiny|100\/100\n|move|p2a: Jax|Thousand Arrows|p1a: glizzy\n|-damage|p1a: glizzy|75\/100\n|-start|p1a: glizzy|Smack Down\n|\n|-status|p1a: glizzy|tox|[from] item: Toxic Orb\n|upkeep\n|turn|3\n|c| Smackey_5|Uber mon is out..\n|\n|t:|1699926021\n|switch|p2a: Rook|Corviknight, F, shiny|100\/100\n|-ability|p2a: Rook|Pressure\n|move|p1a: glizzy|U-turn|p2a: Rook\n|-resisted|p2a: Rook\n|-damage|p2a: Rook|98\/100\n|-damage|p1a: glizzy|58\/100 tox|[from] item: Rocky Helmet|[of] p2a: Rook\n|inactive|DinsFire01 has 270 seconds left.\n|\n|t:|1699926037\n|switch|p1a: mother|Tapu Fini|100\/100|[from] U-turn\n|-fieldstart|move: Misty Terrain|[from] ability: Misty Surge|[of] p1a: mother\n|\n|upkeep\n|turn|4\n|inactive|DinsFire01 has 270 seconds left.\n|\n|t:|1699926049\n|move|p1a: mother|Knock Off|p2a: Rook\n|-damage|p2a: Rook|88\/100\n|-damage|p1a: mother|84\/100|[from] item: Rocky Helmet|[of] p2a: Rook\n|-enditem|p2a: Rook|Rocky Helmet|[from] move: Knock Off|[of] p1a: mother\n|move|p2a: Rook|U-turn|p1a: mother\n|-resisted|p1a: mother\n|-damage|p1a: mother|79\/100\n|c| Smackey_5|With all these uber mons in the draft my kingabit should have all moves\n|c| Lunar Sloth|No\n|c| MiniBearGrahams|not uber in natdex....\n|inactive|ColdSobaNoodle has 270 seconds left.\n|c| Smackey_5|Well I tried\n|\n|t:|1699926081\n|switch|p2a: \u7a32\u8377|Ninetales-Alola, F, shiny|100\/100|[from] U-turn\n|-weather|Snow|[from] ability: Snow Warning|[of] p2a: \u7a32\u8377\n|\n|-weather|Snow|[upkeep]\n|-heal|p1a: mother|85\/100|[from] item: Leftovers\n|upkeep\n|turn|5\n|c| Smackey_5|But got nerd emojied..\n|inactive|ColdSobaNoodle has 270 seconds left.\n|c| Lunar Sloth|:P\n|inactive|DinsFire01 has 270 seconds left.\n|c|\u2606ColdSobaNoodle|this set is pretty cold, see it is snowing\n|\n|t:|1699926117\n|switch|p1a: Ghold Glider|Gholdengo|97\/100\n|move|p2a: \u7a32\u8377|Aurora Veil|p2a: \u7a32\u8377\n|-sidestart|p2: ColdSobaNoodle|move: Aurora Veil\n|\n|-weather|Snow|[upkeep]\n|upkeep\n|turn|6\n|c| MiniBearGrahams|The all shiny team\n|inactive|ColdSobaNoodle has 270 seconds left.\n|inactive|DinsFire01 has 240 seconds left.\n|\n|t:|1699926141\n|switch|p2a: Rook|Corviknight, F, shiny|88\/100\n|-ability|p2a: Rook|Pressure\n|move|p1a: Ghold Glider|Make It Rain|p2a: Rook\n|-resisted|p2a: Rook\n|-damage|p2a: Rook|67\/100\n|-unboost|p1a: Ghold Glider|spa|1\n|\n|-weather|Snow|[upkeep]\n|upkeep\n|turn|7\n|inactive|DinsFire01 has 240 seconds left.\n|\n|t:|1699926156\n|switch|p1a: glizzy|Gliscor, F, shiny|58\/100 tox\n|move|p2a: Rook|U-turn|p1a: glizzy\n|-resisted|p1a: glizzy\n|-damage|p1a: glizzy|54\/100 tox\n|\n|t:|1699926164\n|switch|p2a: \u7a32\u8377|Ninetales-Alola, F, shiny|100\/100|[from] U-turn\n|\n|-weather|Snow|[upkeep]\n|-heal|p1a: glizzy|67\/100 tox|[from] ability: Poison Heal\n|-fieldend|Misty Terrain\n|upkeep\n|turn|8\n|inactive|DinsFire01 has 240 seconds left.\n|\n|t:|1699926191\n|switch|p1a: Ghold Glider|Gholdengo|97\/100\n|move|p2a: \u7a32\u8377|Freeze-Dry|p1a: Ghold Glider\n|-resisted|p1a: Ghold Glider\n|-damage|p1a: Ghold Glider|83\/100\n|\n|-weather|none\n|upkeep\n|turn|9\n|\n|t:|1699926221\n|switch|p2a: Rook|Corviknight, F, shiny|67\/100\n|-ability|p2a: Rook|Pressure\n|move|p1a: Ghold Glider|Shadow Ball|p2a: Rook\n|-damage|p2a: Rook|39\/100\n|\n|upkeep\n|turn|10\n|\n|t:|1699926239\n|move|p1a: Ghold Glider|Shadow Ball|p2a: Rook\n|-damage|p2a: Rook|8\/100\n|move|p2a: Rook|Roost|p2a: Rook\n|-heal|p2a: Rook|58\/100\n|-singleturn|p2a: Rook|move: Roost\n|\n|upkeep\n|turn|11\n|inactive|DinsFire01 has 210 seconds left.\n|\n|t:|1699926273\n|switch|p1a: mother|Tapu Fini|85\/100\n|-fieldstart|move: Misty Terrain|[from] ability: Misty Surge|[of] p1a: mother\n|switch|p2a: \u767d\u6fa4|Absol, F|100\/100\n|\n|-heal|p1a: mother|91\/100|[from] item: Leftovers\n|upkeep\n|turn|12\n|\n|t:|1699926296\n|switch|p2a: Munchies|Dachsbun, F|100\/100\n|move|p1a: mother|Scald|p2a: Munchies\n|-damage|p2a: Munchies|82\/100\n|\n|-heal|p1a: mother|98\/100|[from] item: Leftovers\n|-sideend|p2: ColdSobaNoodle|move: Aurora Veil\n|upkeep\n|turn|13\n|\n|t:|1699926308\n|move|p2a: Munchies|Wish|p2a: Munchies\n|move|p1a: mother|Knock Off|p2a: Munchies\n|-resisted|p2a: Munchies\n|-damage|p2a: Munchies|73\/100\n|-enditem|p2a: Munchies|Heavy-Duty Boots|[from] move: Knock Off|[of] p1a: mother\n|\n|-heal|p1a: mother|100\/100|[from] item: Leftovers\n|upkeep\n|turn|14\n|\n|t:|1699926331\n|switch|p2a: Rook|Corviknight, F, shiny|58\/100\n|-ability|p2a: Rook|Pressure\n|move|p1a: mother|Scald|p2a: Rook\n|-damage|p2a: Rook|31\/100\n|\n|-heal|p2a: Rook|67\/100|[from] move: Wish|[wisher] Munchies\n|upkeep\n|turn|15\n|inactive|DinsFire01 has 180 seconds left.\n|\n|t:|1699926367\n|move|p1a: mother|Scald|p2a: Rook\n|-damage|p2a: Rook|44\/100\n|-status|p2a: Rook|brn\n|move|p2a: Rook|U-turn|p1a: mother\n|-resisted|p1a: mother\n|-damage|p1a: mother|98\/100\n|\n|t:|1699926373\n|switch|p2a: \u7a32\u8377|Ninetales-Alola, F, shiny|100\/100|[from] U-turn\n|-weather|Snow|[from] ability: Snow Warning|[of] p2a: \u7a32\u8377\n|\n|-weather|Snow|[upkeep]\n|-heal|p1a: mother|100\/100|[from] item: Leftovers\n|-fieldend|Misty Terrain\n|upkeep\n|turn|16\n|\n|t:|1699926388\n|move|p2a: \u7a32\u8377|Aurora Veil|p2a: \u7a32\u8377\n|-sidestart|p2: ColdSobaNoodle|move: Aurora Veil\n|move|p1a: mother|Knock Off|p2a: \u7a32\u8377\n|-resisted|p2a: \u7a32\u8377\n|-damage|p2a: \u7a32\u8377|97\/100\n|-enditem|p2a: \u7a32\u8377|Light Clay|[from] move: Knock Off|[of] p1a: mother\n|\n|-weather|Snow|[upkeep]\n|upkeep\n|turn|17\n|\n|t:|1699926400\n|switch|p2a: \u767d\u6fa4|Absol, F|100\/100\n|move|p1a: mother|Toxic|p2a: \u767d\u6fa4\n|-status|p2a: \u767d\u6fa4|tox\n|\n|-weather|Snow|[upkeep]\n|-damage|p2a: \u767d\u6fa4|95\/100 tox|[from] psn\n|upkeep\n|turn|18\n|inactive|ColdSobaNoodle has 270 seconds left.\n|\n|t:|1699926419\n|switch|p2a: Rook|Corviknight, F, shiny|44\/100 brn\n|-ability|p2a: Rook|Pressure\n|switch|p1a: glizzy|Gliscor, F, shiny|67\/100 tox\n|\n|-weather|Snow|[upkeep]\n|-heal|p1a: glizzy|79\/100 tox|[from] ability: Poison Heal\n|-damage|p2a: Rook|38\/100 brn|[from] brn\n|upkeep\n|turn|19\n|\n|t:|1699926424\n|move|p1a: glizzy|Spikes|p2a: Rook\n|-sidestart|p2: ColdSobaNoodle|Spikes\n|move|p2a: Rook|Roost|p2a: Rook\n|-heal|p2a: Rook|88\/100 brn\n|-singleturn|p2a: Rook|move: Roost\n|\n|-weather|none\n|-heal|p1a: glizzy|92\/100 tox|[from] ability: Poison Heal\n|-damage|p2a: Rook|82\/100 brn|[from] brn\n|upkeep\n|turn|20\n|\n|t:|1699926435\n|switch|p1a: Ghold Glider|Gholdengo|83\/100\n|move|p2a: Rook|U-turn|p1a: Ghold Glider\n|-resisted|p1a: Ghold Glider\n|-damage|p1a: Ghold Glider|81\/100\n|\n|t:|1699926441\n|switch|p2a: \u767d\u6fa4|Absol, F|95\/100 tox|[from] U-turn\n|-damage|p2a: \u767d\u6fa4|82\/100 tox|[from] Spikes\n|\n|-damage|p2a: \u767d\u6fa4|77\/100 tox|[from] psn\n|upkeep\n|turn|21\n|inactive|DinsFire01 has 180 seconds left.\n|inactive|DinsFire01 has 150 seconds left.\n|\n|t:|1699926495\n|detailschange|p2a: \u767d\u6fa4|Absol-Mega, F\n|-mega|p2a: \u767d\u6fa4|Absol|Absolite\n|-terastallize|p1a: Ghold Glider|Steel\n|move|p2a: \u767d\u6fa4|Sucker Punch|p1a: Ghold Glider\n|-damage|p1a: Ghold Glider|36\/100\n|move|p1a: Ghold Glider|Make It Rain|p2a: \u767d\u6fa4\n|-damage|p2a: \u767d\u6fa4|0 fnt\n|-unboost|p1a: Ghold Glider|spa|1\n|faint|p2a: \u767d\u6fa4\n|\n|upkeep\n|\n|t:|1699926507\n|switch|p2a: Jax|Zygarde-10%, shiny|100\/100\n|-damage|p2a: Jax|88\/100|[from] Spikes\n|-ability|p2a: Jax|Aura Break\n|turn|22\n|inactive|DinsFire01 has 150 seconds left.\n|\n|t:|1699926518\n|switch|p1a: glizzy|Gliscor, F, shiny|92\/100 tox\n|move|p2a: Jax|Thousand Arrows|p1a: glizzy\n|-damage|p1a: glizzy|65\/100 tox\n|-start|p1a: glizzy|Smack Down\n|\n|-heal|p1a: glizzy|77\/100 tox|[from] ability: Poison Heal\n|upkeep\n|turn|23\n|inactive|DinsFire01 has 150 seconds left.\n|\n|t:|1699926533\n|-zpower|p2a: Jax\n|move|p2a: Jax|Tectonic Rage|p1a: glizzy|[zeffect]\n|-damage|p1a: glizzy|23\/100 tox\n|move|p1a: glizzy|U-turn|p2a: Jax\n|-damage|p2a: Jax|74\/100\n|\n|t:|1699926548\n|switch|p1a: the goat|Shiftry, F, shiny|100\/100|[from] U-turn\n|\n|-sideend|p2: ColdSobaNoodle|move: Aurora Veil\n|upkeep\n|turn|24\n|inactive|ColdSobaNoodle has 270 seconds left.\n|\n|t:|1699926588\n|switch|p2a: Rook|Corviknight, F, shiny|82\/100 brn\n|-ability|p2a: Rook|Pressure\n|move|p1a: the goat|Tailwind|p1a: the goat\n|-sidestart|p1: DinsFire01|move: Tailwind\n|-ability|p1a: the goat|Wind Rider|boost\n|-boost|p1a: the goat|atk|1\n|\n|-damage|p2a: Rook|76\/100 brn|[from] brn\n|upkeep\n|turn|25\n|inactive|DinsFire01 has 150 seconds left.\n|inactive|DinsFire01 has 120 seconds left.\n|\n|t:|1699926628\n|switch|p1a: glizzy|Gliscor, F, shiny|23\/100 tox\n|move|p2a: Rook|U-turn|p1a: glizzy\n|-resisted|p1a: glizzy\n|-damage|p1a: glizzy|21\/100 tox\n|\n|t:|1699926633\n|switch|p2a: Jax|Zygarde-10%, shiny|74\/100|[from] U-turn\n|-damage|p2a: Jax|61\/100|[from] Spikes\n|-ability|p2a: Jax|Aura Break\n|\n|-heal|p1a: glizzy|33\/100 tox|[from] ability: Poison Heal\n|upkeep\n|turn|26\n|inactive|DinsFire01 has 120 seconds left.\n|\n|t:|1699926649\n|move|p1a: glizzy|Roost|p1a: glizzy\n|-heal|p1a: glizzy|83\/100 tox\n|-singleturn|p1a: glizzy|move: Roost\n|move|p2a: Jax|Thousand Arrows|p1a: glizzy\n|-damage|p1a: glizzy|59\/100 tox\n|\n|-heal|p1a: glizzy|71\/100 tox|[from] ability: Poison Heal\n|upkeep\n|turn|27\n|inactive|DinsFire01 has 120 seconds left.\n|inactive|ColdSobaNoodle has 270 seconds left.\n|\n|t:|1699926662\n|switch|p2a: Rook|Corviknight, F, shiny|76\/100 brn\n|-ability|p2a: Rook|Pressure\n|move|p1a: glizzy|Spikes|p2a: Rook\n|-sidestart|p2: ColdSobaNoodle|Spikes\n|\n|-heal|p1a: glizzy|84\/100 tox|[from] ability: Poison Heal\n|-damage|p2a: Rook|70\/100 brn|[from] brn\n|-sideend|p1: DinsFire01|move: Tailwind\n|upkeep\n|turn|28\n|\n|t:|1699926666\n|move|p1a: glizzy|U-turn|p2a: Rook\n|-resisted|p2a: Rook\n|-damage|p2a: Rook|67\/100 brn\n|\n|t:|1699926667\n|switch|p1a: Ghold Glider|Gholdengo, tera:Steel|36\/100|[from] U-turn\n|move|p2a: Rook|Defog|p1a: Ghold Glider\n|-immune|p1a: Ghold Glider|[from] ability: Good as Gold\n|\n|-damage|p2a: Rook|61\/100 brn|[from] brn\n|upkeep\n|turn|29\n|c| Smackey_5|Glizzy the immortal\n|\n|t:|1699926680\n|move|p1a: Ghold Glider|Trick|p2a: Rook\n|-activate|p1a: Ghold Glider|move: Trick|[of] p2a: Rook\n|-item|p2a: Rook|Choice Specs|[from] move: Trick\n|-enditem|p1a: Ghold Glider|Choice Specs|[silent]|[from] move: Trick\n|move|p2a: Rook|Roost|p2a: Rook\n|-heal|p2a: Rook|100\/100 brn\n|-singleturn|p2a: Rook|move: Roost\n|\n|-damage|p2a: Rook|94\/100 brn|[from] brn\n|upkeep\n|turn|30\n|\n|t:|1699926690\n|move|p1a: Ghold Glider|Recover|p1a: Ghold Glider\n|-heal|p1a: Ghold Glider|86\/100\n|move|p2a: Rook|Roost|p2a: Rook\n|-heal|p2a: Rook|100\/100 brn\n|-singleturn|p2a: Rook|move: Roost\n|\n|-damage|p2a: Rook|94\/100 brn|[from] brn\n|upkeep\n|turn|31\n|inactive|DinsFire01 has 150 seconds left.\n|c|\u2606ColdSobaNoodle|seeing this thing for the first time\\\n|\n|t:|1699926716\n|move|p1a: Ghold Glider|Shadow Ball|p2a: Rook\n|-damage|p2a: Rook|58\/100 brn\n|move|p2a: Rook|Roost|p2a: Rook\n|-heal|p2a: Rook|100\/100 brn\n|-singleturn|p2a: Rook|move: Roost\n|\n|-damage|p2a: Rook|94\/100 brn|[from] brn\n|upkeep\n|turn|32\n|inactive|ColdSobaNoodle has 270 seconds left.\n|\n|t:|1699926751\n|switch|p2a: \u7a32\u8377|Ninetales-Alola, F, shiny|97\/100\n|-damage|p2a: \u7a32\u8377|80\/100|[from] Spikes\n|-weather|Snow|[from] ability: Snow Warning|[of] p2a: \u7a32\u8377\n|move|p1a: Ghold Glider|Shadow Ball|p2a: \u7a32\u8377\n|-damage|p2a: \u7a32\u8377|35\/100\n|\n|-weather|Snow|[upkeep]\n|upkeep\n|turn|33\n|inactive|DinsFire01 has 150 seconds left.\n|\n|t:|1699926763\n|switch|p2a: Rook|Corviknight, F, shiny|94\/100 brn\n|-ability|p2a: Rook|Pressure\n|move|p1a: Ghold Glider|Make It Rain|p2a: Rook\n|-resisted|p2a: Rook\n|-damage|p2a: Rook|53\/100 brn\n|-unboost|p1a: Ghold Glider|spa|1\n|\n|-weather|Snow|[upkeep]\n|-damage|p2a: Rook|47\/100 brn|[from] brn\n|upkeep\n|turn|34\n|inactive|DinsFire01 has 150 seconds left.\n|\n|t:|1699926792\n|switch|p1a: glizzy|Gliscor, F, shiny|84\/100 tox\n|move|p2a: Rook|Roost|p2a: Rook\n|-heal|p2a: Rook|97\/100 brn\n|-singleturn|p2a: Rook|move: Roost\n|\n|-weather|Snow|[upkeep]\n|-heal|p1a: glizzy|96\/100 tox|[from] ability: Poison Heal\n|-damage|p2a: Rook|91\/100 brn|[from] brn\n|upkeep\n|turn|35\n|\n|t:|1699926801\n|switch|p2a: Minecraft|Torterra, M|100\/100\n|-damage|p2a: Minecraft|84\/100|[from] Spikes\n|move|p1a: glizzy|Spikes|p2a: Minecraft\n|-sidestart|p2: ColdSobaNoodle|Spikes\n|\n|-weather|Snow|[upkeep]\n|-heal|p1a: glizzy|100\/100 tox|[from] ability: Poison Heal\n|upkeep\n|turn|36\n|inactive|DinsFire01 has 150 seconds left.\n|inactive|DinsFire01 has 120 seconds left.\n|\n|t:|1699926837\n|-terastallize|p2a: Minecraft|Fairy\n|move|p1a: glizzy|U-turn|p2a: Minecraft\n|-resisted|p2a: Minecraft\n|-damage|p2a: Minecraft|77\/100\n|inactive|DinsFire01 has 120 seconds left.\n|\n|t:|1699926858\n|switch|p1a: the goat|Shiftry, F, shiny|100\/100|[from] U-turn\n|move|p2a: Minecraft|Worry Seed|p1a: the goat\n|-endability|p1a: the goat|Wind Rider|[from] move: Worry Seed\n|-ability|p1a: the goat|Insomnia|[from] move: Worry Seed\n|\n|-weather|none\n|upkeep\n|turn|37\n|c| VoIteon|Wrry seed\n|\n|t:|1699926872\n|switch|p2a: Rook|Corviknight, F, shiny|91\/100 brn\n|-ability|p2a: Rook|Pressure\n|move|p1a: the goat|Tailwind|p1a: the goat\n|-sidestart|p1: DinsFire01|move: Tailwind\n|\n|-damage|p2a: Rook|85\/100 brn|[from] brn\n|upkeep\n|turn|38\n|inactive|DinsFire01 has 120 seconds left.\n|c| Lunar Sloth|worry seed\n|c| Lunar Sloth|hm\n|c|\u2606DinsFire01|what\n|c| MiniBearGrahams|LOOOL\n|c| VoIteon|I know what he cookin now LOL\n|c| MiniBearGrahams|it took me a second\n|c|\u2606ColdSobaNoodle|Was tryna get gliscor to kill itself\n|\n|t:|1699926903\n|switch|p1a: Ghold Glider|Gholdengo, tera:Steel|86\/100\n|move|p2a: Rook|Defog|p1a: Ghold Glider\n|-immune|p1a: Ghold Glider|[from] ability: Good as Gold\n|\n|-damage|p2a: Rook|79\/100 brn|[from] brn\n|upkeep\n|turn|39\n|c| VoIteon|Thats kinda dirty\n|c| Lunar Sloth|thats fun\n|inactive|ColdSobaNoodle has 270 seconds left.\n|\n|t:|1699926911\n|move|p1a: Ghold Glider|Shadow Ball|p2a: Rook\n|-damage|p2a: Rook|38\/100 brn\n|move|p2a: Rook|Defog|p1a: Ghold Glider\n|-immune|p1a: Ghold Glider|[from] ability: Good as Gold\n|\n|-damage|p2a: Rook|32\/100 brn|[from] brn\n|upkeep\n|turn|40\n|\n|t:|1699926917\n|switch|p2a: Munchies|Dachsbun, F|73\/100\n|-damage|p2a: Munchies|48\/100|[from] Spikes\n|move|p1a: Ghold Glider|Shadow Ball|p2a: Munchies\n|-damage|p2a: Munchies|0 fnt\n|faint|p2a: Munchies\n|\n|-sideend|p1: DinsFire01|move: Tailwind\n|upkeep\n|\n|t:|1699926923\n|switch|p2a: Jax|Zygarde-10%, shiny|61\/100\n|-damage|p2a: Jax|36\/100|[from] Spikes\n|-ability|p2a: Jax|Aura Break\n|turn|41\n|\n|t:|1699926933\n|switch|p1a: glizzy|Gliscor, F, shiny|100\/100 tox\n|move|p2a: Jax|Thousand Arrows|p1a: glizzy\n|-damage|p1a: glizzy|73\/100 tox\n|-start|p1a: glizzy|Smack Down\n|\n|-heal|p1a: glizzy|85\/100 tox|[from] ability: Poison Heal\n|upkeep\n|turn|42\n|\n|t:|1699926946\n|move|p2a: Jax|Thousand Arrows|p1a: glizzy\n|-damage|p1a: glizzy|59\/100 tox\n|move|p1a: glizzy|U-turn|p2a: Jax\n|-damage|p2a: Jax|9\/100\n|j| Czar_agon\n|inactive|DinsFire01 has 90 seconds left.\n|\n|t:|1699926978\n|switch|p1a: mother|Tapu Fini|100\/100|[from] U-turn\n|-fieldstart|move: Misty Terrain|[from] ability: Misty Surge|[of] p1a: mother\n|\n|upkeep\n|turn|43\n|\n|t:|1699926996\n|switch|p2a: Rook|Corviknight, F, shiny|32\/100 brn\n|-ability|p2a: Rook|Pressure\n|move|p1a: mother|Scald|p2a: Rook\n|-damage|p2a: Rook|7\/100 brn\n|\n|-damage|p2a: Rook|0 fnt|[from] brn\n|faint|p2a: Rook\n|upkeep\n|c| Lunar Sloth|is anyone else playing today or are most tomorrow\n|c|\u2606ColdSobaNoodle|oop\n|c|\u2606ColdSobaNoodle|ok that may be first match\n|inactive|ColdSobaNoodle has 270 seconds left.\n|c|\u2606ColdSobaNoodle|but now I am aware of some things\n|\n|t:|1699927018\n|switch|p2a: Minecraft|Torterra, M, tera:Fairy|77\/100\n|-damage|p2a: Minecraft|52\/100|[from] Spikes\n|turn|44\n|j| Keaton_fgc\n|inactive|DinsFire01 has 90 seconds left.\n|c|\u2606ColdSobaNoodle|late to the poarty\n|c|\u2606ColdSobaNoodle|party*\n|\n|t:|1699927046\n|move|p2a: Minecraft|Shell Smash|p2a: Minecraft\n|-unboost|p2a: Minecraft|def|1\n|-unboost|p2a: Minecraft|spd|1\n|-boost|p2a: Minecraft|atk|2\n|-boost|p2a: Minecraft|spa|2\n|-boost|p2a: Minecraft|spe|2\n|move|p1a: mother|Scald|p2a: Minecraft\n|-damage|p2a: Minecraft|2\/100\n|\n|upkeep\n|turn|45\n|c| Keaton_fgc|true\n|inactive|DinsFire01 has 90 seconds left.\n|\n|t:|1699927064\n|move|p2a: Minecraft|Bullet Seed|p1a: mother\n|-supereffective|p1a: mother\n|-damage|p1a: mother|41\/100\n|-supereffective|p1a: mother\n|-damage|p1a: mother|0 fnt\n|faint|p1a: mother\n|-hitcount|p1: mother|2\n|\n|upkeep\n|c|\u2606DinsFire01|oh m6y god\n|inactive|DinsFire01 has 60 seconds left.\n|\n|t:|1699927103\n|switch|p1a: glizzy|Gliscor, F, shiny|59\/100 tox\n|turn|46\n|\n|t:|1699927112\n|move|p2a: Minecraft|Bullet Seed|p1a: glizzy\n|-damage|p1a: glizzy|37\/100 tox\n|-damage|p1a: glizzy|15\/100 tox\n|-damage|p1a: glizzy|0 fnt\n|faint|p1a: glizzy\n|-hitcount|p1: glizzy|3\n|\n|-fieldend|Misty Terrain\n|upkeep\n|inactive|DinsFire01 has 60 seconds left.\n|\n|t:|1699927133\n|switch|p1a: the goat|Shiftry, F, shiny|100\/100\n|turn|47\n|c|\u2606DinsFire01|this is not too good\n|inactive|ColdSobaNoodle has 270 seconds left.\n|\n|t:|1699927188\n|move|p1a: the goat|Sucker Punch|p2a: Minecraft\n|-resisted|p2a: Minecraft\n|-damage|p2a: Minecraft|0 fnt\n|faint|p2a: Minecraft\n|\n|upkeep\n|\n|t:|1699927193\n|switch|p2a: \u7a32\u8377|Ninetales-Alola, F, shiny|35\/100\n|-damage|p2a: \u7a32\u8377|10\/100|[from] Spikes\n|-weather|Snow|[from] ability: Snow Warning|[of] p2a: \u7a32\u8377\n|turn|48\n|inactive|DinsFire01 has 60 seconds left.\n|c|\u2606ColdSobaNoodle|figured as much\n|\n|t:|1699927225\n|switch|p1a: Ghold Glider|Gholdengo, tera:Steel|86\/100\n|move|p2a: \u7a32\u8377|Freeze-Dry|p1a: Ghold Glider\n|-resisted|p1a: Ghold Glider\n|-damage|p1a: Ghold Glider|72\/100\n|\n|-weather|Snow|[upkeep]\n|upkeep\n|turn|49\n|\n|t:|1699927238\n|move|p2a: \u7a32\u8377|Freeze-Dry|p1a: Ghold Glider\n|-resisted|p1a: Ghold Glider\n|-damage|p1a: Ghold Glider|56\/100\n|move|p1a: Ghold Glider|Shadow Ball|p2a: \u7a32\u8377\n|-damage|p2a: \u7a32\u8377|0 fnt\n|faint|p2a: \u7a32\u8377\n|\n|-weather|Snow|[upkeep]\n|upkeep\n|c|\u2606ColdSobaNoodle|we see this to the end\n|c| Lunar Sloth|gholdenjoe\n|c|\u2606ColdSobaNoodle|I have no regrets\n|\n|t:|1699927247\n|switch|p2a: Jax|Zygarde-10%, shiny|9\/100\n|-damage|p2a: Jax|0 fnt|[from] Spikes\n|faint|p2a: Jax\n|\n|win|DinsFire01\n|c|\u2606DinsFire01|i take my gold n go\n|l| Czar_agon\n","uploadtime":1699927254,"views":15,"p1id":"dinsfire01","p2id":"coldsobanoodle","formatid":"gen9nationaldexubers","rating":0,"private":0,"password":""}