{"id":"gen9nationaldexubers-1980887457","p1":"plotuser","p2":"Wedo11","format":"[Gen 9] National Dex Ubers","log":"|j|\u2606plotuser\n|j|\u2606Wedo11\n|t:|1698846078\n|gametype|singles\n|player|p1|plotuser|266|1242\n|player|p2|Wedo11|scientist-gen4|1233\n|teamsize|p1|6\n|teamsize|p2|6\n|gen|9\n|tier|[Gen 9] National Dex Ubers\n|rated|\n|rule|HP Percentage Mod: HP is shown in percentages\n|rule|Endless Battle Clause: Forcing endless battles is banned\n|rule|OHKO Clause: OHKO moves are banned\n|rule|Evasion Moves Clause: Evasion moves are banned\n|rule|Evasion Items Clause: Evasion items are banned\n|rule|Species Clause: Limit one of each Pok\u00e9mon\n|rule|Sleep Clause Mod: Limit one foe put to sleep\n|rule|Mega Rayquaza Clause: You cannot mega evolve Rayquaza\n|clearpoke\n|poke|p1|Meowscarada, M|\n|poke|p1|Scizor, F|\n|poke|p1|Darmanitan-Galar, F|\n|poke|p1|Blacephalon|\n|poke|p1|Greninja-*, M|\n|poke|p1|Espathra, F|\n|poke|p2|Ninetales, M|\n|poke|p2|Ogerpon-Hearthflame, F|\n|poke|p2|Leafeon, F|\n|poke|p2|Houndoom, F|\n|poke|p2|Lilligant-Hisui, F|\n|poke|p2|Torkoal, F|\n|teampreview\n|inactive|Battle timer is ON: inactive players will automatically lose when time's up. (requested by Wedo11)\n|inactive|plotuser also wants the timer to be on.\n|c|\u2606plotuser|nice sun team\n|\n|t:|1698846092\n|start\n|switch|p1a: Blacephalon|Blacephalon|100\/100\n|switch|p2a: Covid Kitsune|Ninetales, M|100\/100\n|-weather|SunnyDay|[from] ability: Drought|[of] p2a: Covid Kitsune\n|turn|1\n|\n|t:|1698846096\n|move|p2a: Covid Kitsune|Dark Pulse|p1a: Blacephalon\n|-supereffective|p1a: Blacephalon\n|-damage|p1a: Blacephalon|32\/100\n|cant|p1a: Blacephalon|flinch\n|\n|-weather|SunnyDay|[upkeep]\n|upkeep\n|turn|2\n|\n|t:|1698846101\n|move|p2a: Covid Kitsune|Dark Pulse|p1a: Blacephalon\n|-supereffective|p1a: Blacephalon\n|-damage|p1a: Blacephalon|0 fnt\n|faint|p1a: Blacephalon\n|\n|-weather|SunnyDay|[upkeep]\n|upkeep\n|c|\u2606Wedo11|Ty\n|\n|t:|1698846111\n|switch|p1a: Greninja|Greninja, M|100\/100\n|turn|3\n|\n|t:|1698846117\n|move|p1a: Greninja|Hydro Pump|p2a: Covid Kitsune\n|-supereffective|p2a: Covid Kitsune\n|-crit|p2a: Covid Kitsune\n|-damage|p2a: Covid Kitsune|21\/100\n|move|p2a: Covid Kitsune|Will-O-Wisp|p1a: Greninja\n|-status|p1a: Greninja|brn\n|\n|-weather|SunnyDay|[upkeep]\n|-damage|p1a: Greninja|95\/100 brn|[from] brn\n|upkeep\n|turn|4\n|\n|t:|1698846123\n|switch|p2a: Slaughterhouse|Leafeon, F|100\/100\n|move|p1a: Greninja|Dark Pulse|p2a: Slaughterhouse\n|-damage|p2a: Slaughterhouse|41\/100\n|\n|-weather|SunnyDay|[upkeep]\n|-damage|p1a: Greninja|89\/100 brn|[from] brn\n|upkeep\n|turn|5\n|\n|t:|1698846126\n|move|p2a: Slaughterhouse|Solar Blade||[still]\n|-prepare|p2a: Slaughterhouse|Solar Blade\n|-anim|p2a: Slaughterhouse|Solar Blade|p1a: Greninja\n|-supereffective|p1a: Greninja\n|-damage|p1a: Greninja|0 fnt\n|faint|p1a: Greninja\n|\n|-weather|SunnyDay|[upkeep]\n|upkeep\n|\n|t:|1698846129\n|switch|p1a: Meowscarada|Meowscarada, M|100\/100\n|turn|6\n|\n|t:|1698846133\n|move|p2a: Slaughterhouse|Solar Blade||[still]\n|-prepare|p2a: Slaughterhouse|Solar Blade\n|-anim|p2a: Slaughterhouse|Solar Blade|p1a: Meowscarada\n|-resisted|p1a: Meowscarada\n|-damage|p1a: Meowscarada|24\/100\n|move|p1a: Meowscarada|U-turn|p2a: Slaughterhouse\n|-start|p1a: Meowscarada|typechange|Bug|[from] ability: Protean\n|-supereffective|p2a: Slaughterhouse\n|-damage|p2a: Slaughterhouse|0 fnt\n|faint|p2a: Slaughterhouse\n|\n|t:|1698846140\n|switch|p1a: Espathra|Espathra, F|100\/100|[from] U-turn\n|\n|-weather|SunnyDay|[upkeep]\n|upkeep\n|\n|t:|1698846142\n|switch|p2a: Omega Hound|Houndoom, F|100\/100\n|turn|7\n|\n|t:|1698846149\n|switch|p1a: Meowscarada|Meowscarada, M|24\/100\n|detailschange|p2a: Omega Hound|Houndoom-Mega, F\n|-mega|p2a: Omega Hound|Houndoom|Houndoominite\n|move|p2a: Omega Hound|Dark Pulse|p1a: Meowscarada\n|-resisted|p1a: Meowscarada\n|-damage|p1a: Meowscarada|0 fnt\n|faint|p1a: Meowscarada\n|\n|-weather|SunnyDay|[upkeep]\n|-damage|p2a: Omega Hound|88\/100|[from] ability: Solar Power|[of] p2a: Omega Hound\n|upkeep\n|\n|t:|1698846152\n|switch|p1a: Darmanitan|Darmanitan-Galar, F|100\/100\n|turn|8\n|\n|t:|1698846156\n|move|p1a: Darmanitan|Earthquake|p2a: Omega Hound\n|-supereffective|p2a: Omega Hound\n|-damage|p2a: Omega Hound|0 fnt\n|faint|p2a: Omega Hound\n|\n|-weather|none\n|upkeep\n|\n|t:|1698846159\n|switch|p2a: Covid Kitsune|Ninetales, M|21\/100\n|-weather|SunnyDay|[from] ability: Drought|[of] p2a: Covid Kitsune\n|turn|9\n|\n|t:|1698846165\n|move|p1a: Darmanitan|Earthquake|p2a: Covid Kitsune\n|-supereffective|p2a: Covid Kitsune\n|-damage|p2a: Covid Kitsune|0 fnt\n|faint|p2a: Covid Kitsune\n|\n|-weather|SunnyDay|[upkeep]\n|upkeep\n|\n|t:|1698846168\n|switch|p2a: Tippy Tap|Lilligant-Hisui, F|100\/100\n|turn|10\n|\n|t:|1698846172\n|switch|p1a: Scizor|Scizor, F|100\/100\n|move|p2a: Tippy Tap|Axe Kick|p1a: Scizor\n|-damage|p1a: Scizor|42\/100\n|-start|p1a: Scizor|confusion\n|\n|-weather|SunnyDay|[upkeep]\n|upkeep\n|turn|11\n|\n|t:|1698846179\n|detailschange|p1a: Scizor|Scizor-Mega, F\n|-mega|p1a: Scizor|Scizor|Scizorite\n|move|p2a: Tippy Tap|Axe Kick|p1a: Scizor\n|-damage|p1a: Scizor|0 fnt\n|faint|p1a: Scizor\n|\n|-weather|SunnyDay|[upkeep]\n|upkeep\n|\n|t:|1698846183\n|switch|p1a: Darmanitan|Darmanitan-Galar, F|100\/100\n|turn|12\n|\n|t:|1698846187\n|move|p2a: Tippy Tap|Axe Kick|p1a: Darmanitan\n|-supereffective|p1a: Darmanitan\n|-damage|p1a: Darmanitan|0 fnt\n|faint|p1a: Darmanitan\n|\n|-weather|SunnyDay|[upkeep]\n|upkeep\n|\n|t:|1698846190\n|switch|p1a: Espathra|Espathra, F|100\/100\n|turn|13\n|\n|t:|1698846194\n|move|p2a: Tippy Tap|Solar Blade||[still]\n|-prepare|p2a: Tippy Tap|Solar Blade\n|-anim|p2a: Tippy Tap|Solar Blade|p1a: Espathra\n|-damage|p1a: Espathra|5\/100\n|move|p1a: Espathra|Substitute|p1a: Espathra\n|-fail|p1a: Espathra|move: Substitute|[weak]\n|\n|-weather|SunnyDay|[upkeep]\n|-heal|p1a: Espathra|11\/100|[from] item: Leftovers\n|-ability|p1a: Espathra|Speed Boost|boost\n|-boost|p1a: Espathra|spe|1\n|upkeep\n|turn|14\n|\n|t:|1698846200\n|move|p2a: Tippy Tap|Solar Blade||[still]\n|-prepare|p2a: Tippy Tap|Solar Blade\n|-anim|p2a: Tippy Tap|Solar Blade|p1a: Espathra\n|-damage|p1a: Espathra|0 fnt\n|faint|p1a: Espathra\n|\n|win|Wedo11\n|raw|plotuser's rating: 1242 &rarr; <strong>1216<\/strong><br \/>(-26 for losing)\n|raw|Wedo11's rating: 1233 &rarr; <strong>1259<\/strong><br \/>(+26 for winning)\n|c|\u2606plotuser|gg\n|l|\u2606plotuser\n|c|\u2606Wedo11|Gg\n","uploadtime":1698846211,"views":19,"p1id":"plotuser","p2id":"wedo11","formatid":"gen9nationaldexubers","rating":1216,"private":0,"password":""}