{"id":"gen9nationaldexubers-1997600621","p1":"Melancomedy","p2":"JustMonika_CARR","format":"[Gen 9] National Dex Ubers","log":"|j|\u2606Melancomedy\n|j|\u2606JustMonika_CARR\n|t:|1700831365\n|gametype|singles\n|player|p1|Melancomedy|265|1297\n|player|p2|JustMonika_CARR|rosa|1391\n|teamsize|p1|6\n|teamsize|p2|6\n|gen|9\n|tier|[Gen 9] National Dex Ubers\n|rated|\n|rule|HP Percentage Mod: HP is shown in percentages\n|rule|Endless Battle Clause: Forcing endless battles is banned\n|rule|OHKO Clause: OHKO moves are banned\n|rule|Evasion Moves Clause: Evasion moves are banned\n|rule|Evasion Items Clause: Evasion items are banned\n|rule|Species Clause: Limit one of each Pok\u00e9mon\n|rule|Sleep Clause Mod: Limit one foe put to sleep\n|rule|Mega Rayquaza Clause: You cannot mega evolve Rayquaza\n|clearpoke\n|poke|p1|Mewtwo|\n|poke|p1|Emboar, M|\n|poke|p1|Kangaskhan, F|\n|poke|p1|Palafin, M|\n|poke|p1|Kyurem-Black|\n|poke|p1|Annihilape, M|\n|poke|p2|Blaziken, M|\n|poke|p2|Pheromosa|\n|poke|p2|Gothitelle, F|\n|poke|p2|Deoxys-Speed|\n|poke|p2|Arceus|\n|poke|p2|Durant, F|\n|teampreview\n|\n|t:|1700831372\n|start\n|switch|p1a: Emboar|Emboar, M|100\/100\n|switch|p2a: Deoxys|Deoxys-Speed, shiny|100\/100\n|-ability|p2a: Deoxys|Pressure\n|turn|1\n|c|\u2606JustMonika_CARR|Glhf\n|\n|t:|1700831382\n|move|p2a: Deoxys|Reflect|p2a: Deoxys\n|-sidestart|p2: JustMonika_CARR|Reflect\n|move|p1a: Emboar|Flare Blitz|p2a: Deoxys\n|-damage|p2a: Deoxys|33\/100\n|-damage|p1a: Emboar|85\/100|[from] Recoil\n|\n|upkeep\n|turn|2\n|\n|t:|1700831386\n|move|p2a: Deoxys|Stealth Rock|p1a: Emboar\n|-sidestart|p1: Melancomedy|move: Stealth Rock\n|move|p1a: Emboar|Flare Blitz|p2a: Deoxys\n|-damage|p2a: Deoxys|0 fnt\n|faint|p2a: Deoxys\n|-damage|p1a: Emboar|77\/100|[from] Recoil\n|\n|upkeep\n|\n|t:|1700831394\n|switch|p2a: Durant|Durant, F, shiny|100\/100\n|turn|3\n|\n|t:|1700831399\n|move|p2a: Durant|Entrainment|p1a: Emboar\n|-endability|p1a: Emboar|Reckless|[from] move: Entrainment\n|-ability|p1a: Emboar|Truant|[from] move: Entrainment\n|move|p1a: Emboar|Flare Blitz|p2a: Durant\n|-supereffective|p2a: Durant\n|-damage|p2a: Durant|0 fnt\n|faint|p2a: Durant\n|-damage|p1a: Emboar|57\/100|[from] Recoil\n|\n|upkeep\n|\n|t:|1700831406\n|switch|p2a: Gothitelle|Gothitelle, F, shiny|100\/100\n|turn|4\n|\n|t:|1700831409\n|cant|p1a: Emboar|ability: Truant\n|move|p2a: Gothitelle|Substitute|p2a: Gothitelle\n|-start|p2a: Gothitelle|Substitute\n|-damage|p2a: Gothitelle|75\/100\n|\n|upkeep\n|turn|5\n|\n|t:|1700831414\n|move|p2a: Gothitelle|Dark Pulse|p1a: Emboar\n|-resisted|p1a: Emboar\n|-damage|p1a: Emboar|43\/100\n|move|p1a: Emboar|Flare Blitz|p2a: Gothitelle\n|-end|p2a: Gothitelle|Substitute\n|-damage|p1a: Emboar|37\/100|[from] Recoil|[of] p2a: Gothitelle\n|\n|upkeep\n|turn|6\n|\n|t:|1700831422\n|cant|p1a: Emboar|ability: Truant\n|move|p2a: Gothitelle|Substitute|p2a: Gothitelle\n|-start|p2a: Gothitelle|Substitute\n|-damage|p2a: Gothitelle|50\/100\n|\n|upkeep\n|turn|7\n|\n|t:|1700831426\n|move|p2a: Gothitelle|Dark Pulse|p1a: Emboar\n|-resisted|p1a: Emboar\n|-damage|p1a: Emboar|24\/100\n|move|p1a: Emboar|Flare Blitz|p2a: Gothitelle\n|-end|p2a: Gothitelle|Substitute\n|-damage|p1a: Emboar|17\/100|[from] Recoil|[of] p2a: Gothitelle\n|\n|upkeep\n|turn|8\n|\n|t:|1700831441\n|cant|p1a: Emboar|ability: Truant\n|move|p2a: Gothitelle|Substitute|p2a: Gothitelle\n|-start|p2a: Gothitelle|Substitute\n|-damage|p2a: Gothitelle|25\/100\n|-enditem|p2a: Gothitelle|Starf Berry|[eat]\n|-boost|p2a: Gothitelle|atk|2|[from] item: Starf Berry\n|\n|-sideend|p2: JustMonika_CARR|Reflect\n|upkeep\n|turn|9\n|\n|t:|1700831444\n|move|p2a: Gothitelle|Protect|p2a: Gothitelle\n|-singleturn|p2a: Gothitelle|Protect\n|move|p1a: Emboar|Flare Blitz|p2a: Gothitelle\n|-activate|p2a: Gothitelle|move: Protect\n|\n|upkeep\n|turn|10\n|\n|t:|1700831447\n|cant|p1a: Emboar|ability: Truant\n|move|p2a: Gothitelle|Recycle|p2a: Gothitelle\n|-item|p2a: Gothitelle|Starf Berry|[from] move: Recycle\n|-enditem|p2a: Gothitelle|Starf Berry|[eat]\n|-boost|p2a: Gothitelle|atk|2|[from] item: Starf Berry\n|\n|upkeep\n|turn|11\n|\n|t:|1700831451\n|move|p2a: Gothitelle|Protect|p2a: Gothitelle\n|-singleturn|p2a: Gothitelle|Protect\n|move|p1a: Emboar|Flare Blitz|p2a: Gothitelle\n|-activate|p2a: Gothitelle|move: Protect\n|\n|upkeep\n|turn|12\n|\n|t:|1700831453\n|move|p2a: Gothitelle|Recycle|p2a: Gothitelle\n|-item|p2a: Gothitelle|Starf Berry|[from] move: Recycle\n|-enditem|p2a: Gothitelle|Starf Berry|[eat]\n|-boost|p2a: Gothitelle|def|2|[from] item: Starf Berry\n|cant|p1a: Emboar|ability: Truant\n|\n|upkeep\n|turn|13\n|\n|t:|1700831456\n|move|p2a: Gothitelle|Protect|p2a: Gothitelle\n|-singleturn|p2a: Gothitelle|Protect\n|move|p1a: Emboar|Flare Blitz|p2a: Gothitelle\n|-activate|p2a: Gothitelle|move: Protect\n|\n|upkeep\n|turn|14\n|\n|t:|1700831458\n|cant|p1a: Emboar|ability: Truant\n|move|p2a: Gothitelle|Recycle|p2a: Gothitelle\n|-item|p2a: Gothitelle|Starf Berry|[from] move: Recycle\n|-enditem|p2a: Gothitelle|Starf Berry|[eat]\n|-boost|p2a: Gothitelle|spe|2|[from] item: Starf Berry\n|\n|upkeep\n|turn|15\n|\n|t:|1700831461\n|move|p2a: Gothitelle|Protect|p2a: Gothitelle\n|-singleturn|p2a: Gothitelle|Protect\n|move|p1a: Emboar|Flare Blitz|p2a: Gothitelle\n|-activate|p2a: Gothitelle|move: Protect\n|\n|upkeep\n|turn|16\n|\n|t:|1700831463\n|move|p2a: Gothitelle|Recycle|p2a: Gothitelle\n|-item|p2a: Gothitelle|Starf Berry|[from] move: Recycle\n|-enditem|p2a: Gothitelle|Starf Berry|[eat]\n|-boost|p2a: Gothitelle|spd|2|[from] item: Starf Berry\n|cant|p1a: Emboar|ability: Truant\n|\n|upkeep\n|turn|17\n|\n|t:|1700831465\n|move|p2a: Gothitelle|Protect|p2a: Gothitelle\n|-singleturn|p2a: Gothitelle|Protect\n|move|p1a: Emboar|Flare Blitz|p2a: Gothitelle\n|-activate|p2a: Gothitelle|move: Protect\n|\n|upkeep\n|turn|18\n|\n|t:|1700831468\n|move|p2a: Gothitelle|Recycle|p2a: Gothitelle\n|-item|p2a: Gothitelle|Starf Berry|[from] move: Recycle\n|-enditem|p2a: Gothitelle|Starf Berry|[eat]\n|-boost|p2a: Gothitelle|atk|2|[from] item: Starf Berry\n|cant|p1a: Emboar|ability: Truant\n|\n|upkeep\n|turn|19\n|\n|t:|1700831471\n|move|p2a: Gothitelle|Protect|p2a: Gothitelle\n|-singleturn|p2a: Gothitelle|Protect\n|move|p1a: Emboar|Flare Blitz|p2a: Gothitelle\n|-activate|p2a: Gothitelle|move: Protect\n|\n|upkeep\n|turn|20\n|\n|t:|1700831474\n|move|p2a: Gothitelle|Recycle|p2a: Gothitelle\n|-item|p2a: Gothitelle|Starf Berry|[from] move: Recycle\n|-enditem|p2a: Gothitelle|Starf Berry|[eat]\n|-boost|p2a: Gothitelle|def|2|[from] item: Starf Berry\n|cant|p1a: Emboar|ability: Truant\n|\n|upkeep\n|turn|21\n|\n|t:|1700831478\n|move|p2a: Gothitelle|Protect|p2a: Gothitelle\n|-singleturn|p2a: Gothitelle|Protect\n|move|p1a: Emboar|Flare Blitz|p2a: Gothitelle\n|-activate|p2a: Gothitelle|move: Protect\n|\n|upkeep\n|turn|22\n|\n|t:|1700831484\n|move|p2a: Gothitelle|Recycle|p2a: Gothitelle\n|-item|p2a: Gothitelle|Starf Berry|[from] move: Recycle\n|-enditem|p2a: Gothitelle|Starf Berry|[eat]\n|-boost|p2a: Gothitelle|def|2|[from] item: Starf Berry\n|cant|p1a: Emboar|ability: Truant\n|\n|upkeep\n|turn|23\n|\n|t:|1700831486\n|move|p2a: Gothitelle|Protect|p2a: Gothitelle\n|-singleturn|p2a: Gothitelle|Protect\n|move|p1a: Emboar|Flare Blitz|p2a: Gothitelle\n|-activate|p2a: Gothitelle|move: Protect\n|\n|upkeep\n|turn|24\n|\n|t:|1700831489\n|move|p2a: Gothitelle|Recycle|p2a: Gothitelle\n|-item|p2a: Gothitelle|Starf Berry|[from] move: Recycle\n|-enditem|p2a: Gothitelle|Starf Berry|[eat]\n|-boost|p2a: Gothitelle|spa|2|[from] item: Starf Berry\n|cant|p1a: Emboar|ability: Truant\n|\n|upkeep\n|turn|25\n|\n|t:|1700831491\n|move|p2a: Gothitelle|Protect|p2a: Gothitelle\n|-singleturn|p2a: Gothitelle|Protect\n|move|p1a: Emboar|Flare Blitz|p2a: Gothitelle\n|-activate|p2a: Gothitelle|move: Protect\n|\n|upkeep\n|turn|26\n|\n|t:|1700831493\n|move|p2a: Gothitelle|Recycle|p2a: Gothitelle\n|-item|p2a: Gothitelle|Starf Berry|[from] move: Recycle\n|-enditem|p2a: Gothitelle|Starf Berry|[eat]\n|-boost|p2a: Gothitelle|spa|2|[from] item: Starf Berry\n|cant|p1a: Emboar|ability: Truant\n|\n|upkeep\n|turn|27\n|\n|t:|1700831495\n|move|p2a: Gothitelle|Protect|p2a: Gothitelle\n|-singleturn|p2a: Gothitelle|Protect\n|move|p1a: Emboar|Flare Blitz|p2a: Gothitelle\n|-activate|p2a: Gothitelle|move: Protect\n|\n|upkeep\n|turn|28\n|\n|t:|1700831497\n|move|p2a: Gothitelle|Recycle|p2a: Gothitelle\n|-item|p2a: Gothitelle|Starf Berry|[from] move: Recycle\n|-enditem|p2a: Gothitelle|Starf Berry|[eat]\n|-boost|p2a: Gothitelle|spa|2|[from] item: Starf Berry\n|cant|p1a: Emboar|ability: Truant\n|\n|upkeep\n|turn|29\n|\n|t:|1700831499\n|move|p2a: Gothitelle|Protect|p2a: Gothitelle\n|-singleturn|p2a: Gothitelle|Protect\n|move|p1a: Emboar|Flare Blitz|p2a: Gothitelle\n|-activate|p2a: Gothitelle|move: Protect\n|\n|upkeep\n|turn|30\n|\n|t:|1700831501\n|move|p2a: Gothitelle|Recycle|p2a: Gothitelle\n|-item|p2a: Gothitelle|Starf Berry|[from] move: Recycle\n|-enditem|p2a: Gothitelle|Starf Berry|[eat]\n|-boost|p2a: Gothitelle|spe|2|[from] item: Starf Berry\n|cant|p1a: Emboar|ability: Truant\n|\n|upkeep\n|turn|31\n|\n|t:|1700831503\n|move|p2a: Gothitelle|Protect|p2a: Gothitelle\n|-singleturn|p2a: Gothitelle|Protect\n|move|p1a: Emboar|Flare Blitz|p2a: Gothitelle\n|-activate|p2a: Gothitelle|move: Protect\n|\n|upkeep\n|turn|32\n|\n|t:|1700831504\n|move|p2a: Gothitelle|Recycle|p2a: Gothitelle\n|-item|p2a: Gothitelle|Starf Berry|[from] move: Recycle\n|-enditem|p2a: Gothitelle|Starf Berry|[eat]\n|-boost|p2a: Gothitelle|spe|2|[from] item: Starf Berry\n|cant|p1a: Emboar|ability: Truant\n|\n|upkeep\n|turn|33\n|\n|t:|1700831506\n|move|p2a: Gothitelle|Protect|p2a: Gothitelle\n|-singleturn|p2a: Gothitelle|Protect\n|move|p1a: Emboar|Flare Blitz|p2a: Gothitelle\n|-activate|p2a: Gothitelle|move: Protect\n|\n|upkeep\n|turn|34\n|\n|t:|1700831508\n|move|p2a: Gothitelle|Recycle|p2a: Gothitelle\n|-item|p2a: Gothitelle|Starf Berry|[from] move: Recycle\n|-enditem|p2a: Gothitelle|Starf Berry|[eat]\n|-boost|p2a: Gothitelle|spd|2|[from] item: Starf Berry\n|cant|p1a: Emboar|ability: Truant\n|\n|upkeep\n|turn|35\n|\n|t:|1700831509\n|move|p2a: Gothitelle|Protect|p2a: Gothitelle\n|-singleturn|p2a: Gothitelle|Protect\n|move|p1a: Emboar|Flare Blitz|p2a: Gothitelle\n|-activate|p2a: Gothitelle|move: Protect\n|\n|upkeep\n|turn|36\n|\n|t:|1700831513\n|move|p2a: Gothitelle|Recycle|p2a: Gothitelle\n|-item|p2a: Gothitelle|Starf Berry|[from] move: Recycle\n|-enditem|p2a: Gothitelle|Starf Berry|[eat]\n|-boost|p2a: Gothitelle|spd|2|[from] item: Starf Berry\n|cant|p1a: Emboar|ability: Truant\n|\n|upkeep\n|turn|37\n|\n|t:|1700831514\n|move|p2a: Gothitelle|Dark Pulse|p1a: Emboar\n|-resisted|p1a: Emboar\n|-damage|p1a: Emboar|0 fnt\n|faint|p1a: Emboar\n|\n|upkeep\n|\n|t:|1700831517\n|switch|p1a: Kyurem|Kyurem-Black|100\/100\n|-damage|p1a: Kyurem|75\/100|[from] Stealth Rock\n|-ability|p1a: Kyurem|Teravolt\n|turn|38\n|\n|t:|1700831526\n|move|p2a: Gothitelle|Dark Pulse|p1a: Kyurem\n|-damage|p1a: Kyurem|0 fnt\n|faint|p1a: Kyurem\n|\n|upkeep\n|\n|t:|1700831532\n|switch|p1a: Kangaskhan|Kangaskhan, F|100\/100\n|-damage|p1a: Kangaskhan|88\/100|[from] Stealth Rock\n|turn|39\n|\n|t:|1700831534\n|detailschange|p1a: Kangaskhan|Kangaskhan-Mega, F\n|-mega|p1a: Kangaskhan|Kangaskhan|Kangaskhanite\n|move|p2a: Gothitelle|Protect|p2a: Gothitelle\n|-singleturn|p2a: Gothitelle|Protect\n|move|p1a: Kangaskhan|Sucker Punch||[still]\n|-fail|p1a: Kangaskhan\n|\n|upkeep\n|turn|40\n|\n|t:|1700831542\n|move|p1a: Kangaskhan|Sucker Punch|p2a: Gothitelle\n|-supereffective|p2a: Gothitelle\n|-activate|p2a: Gothitelle|move: Substitute|[damage]\n|-supereffective|p2a: Gothitelle\n|-activate|p2a: Gothitelle|move: Substitute|[damage]\n|-hitcount|p2a: Gothitelle|2\n|move|p2a: Gothitelle|Dark Pulse|p1a: Kangaskhan\n|-damage|p1a: Kangaskhan|2\/100\n|\n|upkeep\n|turn|41\n|\n|t:|1700831547\n|-terastallize|p2a: Gothitelle|Dark\n|move|p1a: Kangaskhan|Sucker Punch|p2a: Gothitelle\n|-resisted|p2a: Gothitelle\n|-activate|p2a: Gothitelle|move: Substitute|[damage]\n|-resisted|p2a: Gothitelle\n|-activate|p2a: Gothitelle|move: Substitute|[damage]\n|-hitcount|p2a: Gothitelle|2\n|move|p2a: Gothitelle|Dark Pulse|p1a: Kangaskhan\n|-damage|p1a: Kangaskhan|0 fnt\n|faint|p1a: Kangaskhan\n|\n|upkeep\n|\n|t:|1700831554\n|switch|p1a: Annihilape|Annihilape, M|100\/100\n|-damage|p1a: Annihilape|94\/100|[from] Stealth Rock\n|turn|42\n|\n|t:|1700831559\n|-terastallize|p1a: Annihilape|Fighting\n|move|p2a: Gothitelle|Dark Pulse|p1a: Annihilape\n|-resisted|p1a: Annihilape\n|-damage|p1a: Annihilape|40\/100\n|move|p1a: Annihilape|Final Gambit|p2a: Gothitelle\n|-end|p2a: Gothitelle|Substitute\n|faint|p1a: Annihilape\n|\n|upkeep\n|\n|t:|1700831562\n|switch|p1a: Palafin|Palafin, M|100\/100\n|-damage|p1a: Palafin|88\/100|[from] Stealth Rock\n|turn|43\n|\n|t:|1700831572\n|move|p2a: Gothitelle|Dark Pulse|p1a: Palafin\n|-damage|p1a: Palafin|0 fnt\n|faint|p1a: Palafin\n|\n|upkeep\n|\n|t:|1700831574\n|switch|p1a: Star Filibuster|Mewtwo|100\/100\n|-damage|p1a: Star Filibuster|88\/100|[from] Stealth Rock\n|-ability|p1a: Star Filibuster|Pressure\n|turn|44\n|\n|t:|1700831578\n|move|p2a: Gothitelle|Dark Pulse|p1a: Star Filibuster\n|-supereffective|p1a: Star Filibuster\n|-damage|p1a: Star Filibuster|0 fnt\n|faint|p1a: Star Filibuster\n|\n|win|JustMonika_CARR\n|raw|Melancomedy's rating: 1297 &rarr; <strong>1279<\/strong><br \/>(-18 for losing)\n|raw|JustMonika_CARR's rating: 1391 &rarr; <strong>1406<\/strong><br \/>(+15 for winning)\n|l|\u2606Melancomedy\n|c|\u2606JustMonika_CARR|Gg\n","uploadtime":1700831589,"views":1,"p1id":"melancomedy","p2id":"justmonikacarr","formatid":"gen9nationaldexubers","rating":1279,"private":0,"password":""}