{"id":"gen9nationaldexubers-1983271012","p1":"Aeran","p2":"Waffleznjelly","format":"[Gen 9] National Dex Ubers","log":"|j|\u2606Aeran\n|j|\u2606Waffleznjelly\n|t:|1699112682\n|gametype|singles\n|player|p1|Aeran|carmine-festival|\n|player|p2|Waffleznjelly|265|\n|teamsize|p1|6\n|teamsize|p2|6\n|gen|9\n|tier|[Gen 9] National Dex Ubers\n|rule|HP Percentage Mod: HP is shown in percentages\n|rule|Endless Battle Clause: Forcing endless battles is banned\n|rule|OHKO Clause: OHKO moves are banned\n|rule|Evasion Moves Clause: Evasion moves are banned\n|rule|Evasion Items Clause: Evasion items are banned\n|rule|Species Clause: Limit one of each Pok\u00e9mon\n|rule|Sleep Clause Mod: Limit one foe put to sleep\n|rule|Mega Rayquaza Clause: You cannot mega evolve Rayquaza\n|clearpoke\n|poke|p1|Lopunny, M|\n|poke|p1|Scream Tail|\n|poke|p1|Mandibuzz, F|\n|poke|p1|Dondozo, M|\n|poke|p1|Gholdengo|\n|poke|p1|Ting-Lu|\n|poke|p2|Talonflame, F|\n|poke|p2|Honchkrow, F|\n|poke|p2|Scyther, M|\n|poke|p2|Ninetales-Alola, M|\n|poke|p2|Garchomp, M|\n|poke|p2|Sceptile, M|\n|teampreview\n|c|\u2606Aeran|hf\n|\n|t:|1699112710\n|start\n|switch|p1a: Gholdengo|Gholdengo|100\/100\n|switch|p2a: Garchomp|Garchomp, M|100\/100\n|turn|1\n|\n|t:|1699112718\n|switch|p1a: Mandibuzz|Mandibuzz, F|100\/100\n|move|p2a: Garchomp|Earthquake|p1a: Mandibuzz\n|-immune|p1a: Mandibuzz\n|\n|upkeep\n|turn|2\n|\n|t:|1699112735\n|switch|p2a: Ninetales|Ninetales-Alola, M|100\/100\n|-weather|Snow|[from] ability: Snow Warning|[of] p2a: Ninetales\n|move|p1a: Mandibuzz|Toxic|p2a: Ninetales\n|-status|p2a: Ninetales|tox\n|\n|-weather|Snow|[upkeep]\n|-damage|p2a: Ninetales|94\/100 tox|[from] psn\n|upkeep\n|turn|3\n|\n|t:|1699112751\n|switch|p1a: Gholdengo|Gholdengo|100\/100\n|move|p2a: Ninetales|Moonblast|p1a: Gholdengo\n|-resisted|p1a: Gholdengo\n|-damage|p1a: Gholdengo|79\/100\n|\n|-weather|Snow|[upkeep]\n|-damage|p2a: Ninetales|82\/100 tox|[from] psn\n|upkeep\n|turn|4\n|\n|t:|1699112762\n|move|p1a: Gholdengo|Make It Rain|p2a: Ninetales\n|-supereffective|p2a: Ninetales\n|-damage|p2a: Ninetales|0 fnt\n|-unboost|p1a: Gholdengo|spa|1\n|faint|p2a: Ninetales\n|\n|-weather|Snow|[upkeep]\n|upkeep\n|\n|t:|1699112776\n|switch|p2a: Garchomp|Garchomp, M|100\/100\n|turn|5\n|\n|t:|1699112792\n|switch|p1a: Mandibuzz|Mandibuzz, F|100\/100\n|move|p2a: Garchomp|Brick Break|p1a: Mandibuzz\n|-damage|p1a: Mandibuzz|85\/100\n|\n|-weather|Snow|[upkeep]\n|upkeep\n|turn|6\n|\n|t:|1699112839\n|switch|p2a: Talonflame|Talonflame, F|100\/100\n|move|p1a: Mandibuzz|Toxic|p2a: Talonflame|[miss]\n|-miss|p1a: Mandibuzz|p2a: Talonflame\n|\n|-weather|none\n|upkeep\n|turn|7\n|\n|t:|1699112860\n|move|p2a: Talonflame|Brave Bird|p1a: Mandibuzz\n|-damage|p1a: Mandibuzz|43\/100\n|-damage|p2a: Talonflame|82\/100|[from] Recoil\n|move|p1a: Mandibuzz|Toxic|p2a: Talonflame\n|-status|p2a: Talonflame|tox\n|\n|-damage|p2a: Talonflame|76\/100 tox|[from] psn\n|upkeep\n|turn|8\n|\n|t:|1699112870\n|switch|p1a: Dondozo|Dondozo, M|100\/100\n|move|p2a: Talonflame|Brave Bird|p1a: Dondozo\n|-crit|p1a: Dondozo\n|-damage|p1a: Dondozo|47\/100\n|-damage|p2a: Talonflame|49\/100 tox|[from] Recoil\n|\n|-heal|p1a: Dondozo|53\/100|[from] item: Leftovers\n|-damage|p2a: Talonflame|37\/100 tox|[from] psn\n|upkeep\n|turn|9\n|\n|t:|1699112882\n|switch|p2a: Scyther|Scyther, M|100\/100\n|move|p1a: Dondozo|Rest|p1a: Dondozo\n|-status|p1a: Dondozo|slp|[from] move: Rest\n|-heal|p1a: Dondozo|100\/100 slp|[silent]\n|\n|upkeep\n|turn|10\n|\n|t:|1699112895\n|move|p2a: Scyther|Pounce|p1a: Dondozo\n|-damage|p1a: Dondozo|84\/100 slp\n|-unboost|p1a: Dondozo|spe|1\n|cant|p1a: Dondozo|slp\n|move|p1a: Dondozo|Sleep Talk|p1a: Dondozo\n|move|p1a: Dondozo|Rest||[from]move: Sleep Talk|[still]\n|-fail|p1a: Dondozo\n|\n|-heal|p1a: Dondozo|90\/100 slp|[from] item: Leftovers\n|upkeep\n|turn|11\n|\n|t:|1699112908\n|move|p2a: Scyther|Dual Wingbeat|p1a: Dondozo\n|-damage|p1a: Dondozo|77\/100 slp\n|-damage|p1a: Dondozo|63\/100 slp\n|-hitcount|p1a: Dondozo|2\n|cant|p1a: Dondozo|slp\n|move|p1a: Dondozo|Sleep Talk|p1a: Dondozo\n|move|p1a: Dondozo|Liquidation|p2a: Scyther|[from]move: Sleep Talk\n|-damage|p2a: Scyther|81\/100\n|\n|-heal|p1a: Dondozo|70\/100 slp|[from] item: Leftovers\n|upkeep\n|turn|12\n|\n|t:|1699112924\n|move|p2a: Scyther|Dual Wingbeat|p1a: Dondozo\n|-damage|p1a: Dondozo|57\/100 slp\n|-damage|p1a: Dondozo|44\/100 slp\n|-hitcount|p1a: Dondozo|2\n|-curestatus|p1a: Dondozo|slp|[msg]\n|move|p1a: Dondozo|Curse|p1a: Dondozo\n|-unboost|p1a: Dondozo|spe|1\n|-boost|p1a: Dondozo|atk|1\n|-boost|p1a: Dondozo|def|1\n|\n|-heal|p1a: Dondozo|50\/100|[from] item: Leftovers\n|upkeep\n|turn|13\n|\n|t:|1699112941\n|switch|p2a: Sceptile|Sceptile, M|100\/100\n|move|p1a: Dondozo|Rest|p1a: Dondozo\n|-status|p1a: Dondozo|slp|[from] move: Rest\n|-heal|p1a: Dondozo|100\/100 slp|[silent]\n|\n|upkeep\n|turn|14\n|\n|t:|1699112951\n|switch|p1a: Scream Tail|Scream Tail|100\/100\n|detailschange|p2a: Sceptile|Sceptile-Mega, M\n|-mega|p2a: Sceptile|Sceptile|Sceptilite\n|move|p2a: Sceptile|Energy Ball|p1a: Scream Tail\n|-damage|p1a: Scream Tail|75\/100\n|\n|-heal|p1a: Scream Tail|81\/100|[from] item: Leftovers\n|upkeep\n|turn|15\n|\n|t:|1699112971\n|switch|p2a: Talonflame|Talonflame, F|37\/100 tox\n|move|p1a: Scream Tail|Stealth Rock|p2a: Talonflame\n|-sidestart|p2: Waffleznjelly|move: Stealth Rock\n|\n|-heal|p1a: Scream Tail|88\/100|[from] item: Leftovers\n|-damage|p2a: Talonflame|31\/100 tox|[from] psn\n|upkeep\n|turn|16\n|\n|t:|1699112988\n|-end|p1a: Scream Tail|Protosynthesis|[silent]\n|switch|p1a: Dondozo|Dondozo, M|100\/100 slp\n|move|p2a: Talonflame|Steel Wing|p1a: Dondozo\n|-resisted|p1a: Dondozo\n|-damage|p1a: Dondozo|94\/100 slp\n|\n|-heal|p1a: Dondozo|99\/100 slp|[from] item: Leftovers\n|-damage|p2a: Talonflame|19\/100 tox|[from] psn\n|upkeep\n|turn|17\n|\n|t:|1699112999\n|move|p2a: Talonflame|Steel Wing|p1a: Dondozo\n|-resisted|p1a: Dondozo\n|-damage|p1a: Dondozo|94\/100 slp\n|cant|p1a: Dondozo|slp\n|move|p1a: Dondozo|Sleep Talk|p1a: Dondozo\n|move|p1a: Dondozo|Rest||[from]move: Sleep Talk|[still]\n|-fail|p1a: Dondozo\n|\n|-heal|p1a: Dondozo|99\/100 slp|[from] item: Leftovers\n|-damage|p2a: Talonflame|1\/100 tox|[from] psn\n|upkeep\n|turn|18\n|\n|t:|1699113012\n|move|p2a: Talonflame|Steel Wing|p1a: Dondozo\n|-resisted|p1a: Dondozo\n|-damage|p1a: Dondozo|93\/100 slp\n|cant|p1a: Dondozo|slp\n|move|p1a: Dondozo|Sleep Talk|p1a: Dondozo\n|move|p1a: Dondozo|Rest||[from]move: Sleep Talk|[still]\n|-fail|p1a: Dondozo\n|\n|-heal|p1a: Dondozo|99\/100 slp|[from] item: Leftovers\n|-damage|p2a: Talonflame|0 fnt|[from] psn\n|faint|p2a: Talonflame\n|upkeep\n|\n|t:|1699113033\n|switch|p2a: Honchkrow|Honchkrow, F|100\/100\n|-damage|p2a: Honchkrow|75\/100|[from] Stealth Rock\n|turn|19\n|\n|t:|1699113039\n|move|p2a: Honchkrow|Curse|p2a: Honchkrow\n|-unboost|p2a: Honchkrow|spe|1\n|-boost|p2a: Honchkrow|atk|1\n|-boost|p2a: Honchkrow|def|1\n|-curestatus|p1a: Dondozo|slp|[msg]\n|move|p1a: Dondozo|Curse|p1a: Dondozo\n|-unboost|p1a: Dondozo|spe|1\n|-boost|p1a: Dondozo|atk|1\n|-boost|p1a: Dondozo|def|1\n|\n|-heal|p1a: Dondozo|100\/100|[from] item: Leftovers\n|upkeep\n|turn|20\n|\n|t:|1699113052\n|move|p2a: Honchkrow|Curse|p2a: Honchkrow\n|-unboost|p2a: Honchkrow|spe|1\n|-boost|p2a: Honchkrow|atk|1\n|-boost|p2a: Honchkrow|def|1\n|move|p1a: Dondozo|Curse|p1a: Dondozo\n|-unboost|p1a: Dondozo|spe|1\n|-boost|p1a: Dondozo|atk|1\n|-boost|p1a: Dondozo|def|1\n|\n|upkeep\n|turn|21\n|\n|t:|1699113062\n|move|p2a: Honchkrow|Curse|p2a: Honchkrow\n|-unboost|p2a: Honchkrow|spe|1\n|-boost|p2a: Honchkrow|atk|1\n|-boost|p2a: Honchkrow|def|1\n|move|p1a: Dondozo|Liquidation|p2a: Honchkrow\n|-damage|p2a: Honchkrow|0 fnt\n|faint|p2a: Honchkrow\n|\n|upkeep\n|\n|t:|1699113082\n|switch|p2a: Sceptile|Sceptile-Mega, M|100\/100\n|-damage|p2a: Sceptile|88\/100|[from] Stealth Rock\n|turn|22\n|\n|t:|1699113092\n|switch|p1a: Scream Tail|Scream Tail|88\/100\n|move|p2a: Sceptile|Energy Ball|p1a: Scream Tail\n|-damage|p1a: Scream Tail|61\/100\n|\n|-heal|p1a: Scream Tail|67\/100|[from] item: Leftovers\n|upkeep\n|turn|23\n|\n|t:|1699113108\n|switch|p2a: Scyther|Scyther, M|81\/100\n|-damage|p2a: Scyther|31\/100|[from] Stealth Rock\n|move|p1a: Scream Tail|Dazzling Gleam|p2a: Scyther\n|-damage|p2a: Scyther|14\/100\n|\n|-heal|p1a: Scream Tail|74\/100|[from] item: Leftovers\n|upkeep\n|turn|24\n|\n|t:|1699113118\n|-end|p1a: Scream Tail|Protosynthesis|[silent]\n|switch|p1a: Gholdengo|Gholdengo|79\/100\n|move|p2a: Scyther|Roost|p2a: Scyther\n|-heal|p2a: Scyther|64\/100\n|-singleturn|p2a: Scyther|move: Roost\n|\n|upkeep\n|turn|25\n|\n|t:|1699113147\n|move|p1a: Gholdengo|Shadow Ball|p2a: Scyther\n|-damage|p2a: Scyther|28\/100\n|move|p2a: Scyther|Defog|p1a: Gholdengo\n|-immune|p1a: Gholdengo|[from] ability: Good as Gold\n|\n|upkeep\n|turn|26\n|\n|t:|1699113162\n|move|p1a: Gholdengo|Shadow Ball|p2a: Scyther\n|-damage|p2a: Scyther|0 fnt\n|faint|p2a: Scyther\n|\n|upkeep\n|\n|t:|1699113168\n|switch|p2a: Garchomp|Garchomp, M|100\/100\n|-damage|p2a: Garchomp|94\/100|[from] Stealth Rock\n|turn|27\n|\n|t:|1699113174\n|switch|p1a: Mandibuzz|Mandibuzz, F|43\/100\n|move|p2a: Garchomp|Earthquake|p1a: Mandibuzz\n|-immune|p1a: Mandibuzz\n|\n|upkeep\n|turn|28\n|\n|t:|1699113184\n|move|p2a: Garchomp|Dragon Claw|p1a: Mandibuzz\n|-damage|p1a: Mandibuzz|18\/100\n|move|p1a: Mandibuzz|Roost|p1a: Mandibuzz\n|-heal|p1a: Mandibuzz|68\/100\n|-singleturn|p1a: Mandibuzz|move: Roost\n|\n|upkeep\n|turn|29\n|\n|t:|1699113195\n|move|p2a: Garchomp|Dragon Claw|p1a: Mandibuzz\n|-damage|p1a: Mandibuzz|42\/100\n|move|p1a: Mandibuzz|Roost|p1a: Mandibuzz\n|-heal|p1a: Mandibuzz|92\/100\n|-singleturn|p1a: Mandibuzz|move: Roost\n|\n|upkeep\n|turn|30\n|\n|t:|1699113204\n|move|p2a: Garchomp|Dragon Claw|p1a: Mandibuzz\n|-damage|p1a: Mandibuzz|67\/100\n|move|p1a: Mandibuzz|Toxic|p2a: Garchomp\n|-status|p2a: Garchomp|tox\n|\n|-damage|p2a: Garchomp|88\/100 tox|[from] psn\n|upkeep\n|turn|31\n|\n|t:|1699113216\n|move|p2a: Garchomp|Dragon Claw|p1a: Mandibuzz\n|-damage|p1a: Mandibuzz|42\/100\n|move|p1a: Mandibuzz|Knock Off|p2a: Garchomp\n|-damage|p2a: Garchomp|70\/100 tox\n|-damage|p1a: Mandibuzz|29\/100|[from] ability: Rough Skin|[of] p2a: Garchomp\n|-enditem|p2a: Garchomp|Yache Berry|[from] move: Knock Off|[of] p1a: Mandibuzz\n|\n|-damage|p2a: Garchomp|57\/100 tox|[from] psn\n|upkeep\n|turn|32\n|\n|t:|1699113228\n|switch|p1a: Scream Tail|Scream Tail|74\/100\n|move|p2a: Garchomp|Earthquake|p1a: Scream Tail\n|-damage|p1a: Scream Tail|27\/100\n|\n|-heal|p1a: Scream Tail|33\/100|[from] item: Leftovers\n|-damage|p2a: Garchomp|39\/100 tox|[from] psn\n|upkeep\n|turn|33\n|\n|t:|1699113235\n|move|p1a: Scream Tail|Dazzling Gleam|p2a: Garchomp\n|-supereffective|p2a: Garchomp\n|-damage|p2a: Garchomp|1\/100 tox\n|move|p2a: Garchomp|Earthquake|p1a: Scream Tail\n|-crit|p1a: Scream Tail\n|-damage|p1a: Scream Tail|0 fnt\n|faint|p1a: Scream Tail\n|-end|p1a: Scream Tail|Protosynthesis|[silent]\n|\n|-damage|p2a: Garchomp|0 fnt|[from] psn\n|faint|p2a: Garchomp\n|upkeep\n|\n|t:|1699113247\n|switch|p1a: Gholdengo|Gholdengo|79\/100\n|switch|p2a: Sceptile|Sceptile-Mega, M|88\/100\n|-damage|p2a: Sceptile|76\/100|[from] Stealth Rock\n|turn|34\n|\n|t:|1699113256\n|move|p1a: Gholdengo|Make It Rain|p2a: Sceptile\n|-crit|p2a: Sceptile\n|-damage|p2a: Sceptile|0 fnt\n|-unboost|p1a: Gholdengo|spa|1\n|faint|p2a: Sceptile\n|\n|win|Aeran\n","uploadtime":1699113265,"views":9,"p1id":"aeran","p2id":"waffleznjelly","formatid":"gen9nationaldexubers","rating":0,"private":0,"password":""}