{"id":"gen9nationaldexubers-1995350328","p1":"Danfire1045","p2":"darealdude72","format":"[Gen 9] National Dex Ubers","log":"|j|\u2606Danfire1045\n|j|\u203ddarealdude72\n|t:|1700558144\n|gametype|singles\n|player|p1|Danfire1045|benga|\n|player|p2|darealdude72|1|\n|teamsize|p1|6\n|teamsize|p2|6\n|gen|9\n|tier|[Gen 9] National Dex Ubers\n|rule|HP Percentage Mod: HP is shown in percentages\n|rule|Endless Battle Clause: Forcing endless battles is banned\n|rule|OHKO Clause: OHKO moves are banned\n|rule|Evasion Moves Clause: Evasion moves are banned\n|rule|Evasion Items Clause: Evasion items are banned\n|rule|Species Clause: Limit one of each Pok\u00e9mon\n|rule|Sleep Clause Mod: Limit one foe put to sleep\n|rule|Mega Rayquaza Clause: You cannot mega evolve Rayquaza\n|clearpoke\n|poke|p1|Torkoal, M|\n|poke|p1|Walking Wake|\n|poke|p1|Ogerpon-Hearthflame, F|\n|poke|p1|Salazzle, F|\n|poke|p1|Ribombee, M|\n|poke|p1|Torterra, F|\n|poke|p2|Landorus-Therian, M|\n|poke|p2|Iron Valiant|\n|poke|p2|Politoed, F|\n|poke|p2|Veluza, M|\n|poke|p2|Magneton|\n|poke|p2|Ogerpon-Wellspring, F|\n|teampreview\n|inactive|Battle timer is ON: inactive players will automatically lose when time's up. (requested by Danfire1045)\n|\n|t:|1700558155\n|start\n|switch|p1a: Torkoal|Torkoal, M|100\/100\n|switch|p2a: Politoed|Politoed, F, shiny|100\/100\n|-weather|RainDance|[from] ability: Drizzle|[of] p2a: Politoed\n|-weather|SunnyDay|[from] ability: Drought|[of] p1a: Torkoal\n|turn|1\n|\n|t:|1700558166\n|move|p2a: Politoed|Rain Dance|p2a: Politoed\n|-weather|RainDance\n|move|p1a: Torkoal|Yawn|p2a: Politoed\n|-start|p2a: Politoed|move: Yawn|[of] p1a: Torkoal\n|\n|-weather|RainDance|[upkeep]\n|upkeep\n|turn|2\n|\n|t:|1700558173\n|switch|p1a: Ribombee|Ribombee, M|100\/100\n|move|p2a: Politoed|Weather Ball|p1a: Ribombee\n|-damage|p1a: Ribombee|15\/100\n|\n|-weather|RainDance|[upkeep]\n|-end|p2a: Politoed|move: Yawn|[silent]\n|-status|p2a: Politoed|slp\n|upkeep\n|turn|3\n|j| UrLordAndSavoir\n|\n|t:|1700558183\n|switch|p2a: Magneton|Magneton, shiny|100\/100\n|-item|p2a: Magneton|Air Balloon\n|move|p1a: Ribombee|Sticky Web|p2a: Magneton\n|-sidestart|p2: darealdude72|move: Sticky Web\n|\n|-weather|RainDance|[upkeep]\n|upkeep\n|turn|4\n|c| UrLordAndSavoir|what am i watching\n|j| LuckyPlays10136\n|\n|t:|1700558199\n|move|p1a: Ribombee|Stun Spore|p2a: Magneton\n|-immune|p2a: Magneton\n|move|p2a: Magneton|Tri Attack|p1a: Ribombee\n|-damage|p1a: Ribombee|0 fnt\n|faint|p1a: Ribombee\n|\n|-weather|RainDance|[upkeep]\n|upkeep\n|c| UrLordAndSavoir|nice one\n|inactive|Danfire1045 has 270 seconds left.\n|\n|t:|1700558224\n|switch|p1a: Torkoal|Torkoal, M|100\/100\n|-weather|SunnyDay|[from] ability: Drought|[of] p1a: Torkoal\n|turn|5\n|\n|t:|1700558230\n|switch|p2a: Politoed|Politoed, F, shiny|100\/100 slp\n|-activate|p2a: Politoed|move: Sticky Web\n|-unboost|p2a: Politoed|spe|1\n|-weather|RainDance|[from] ability: Drizzle|[of] p2a: Politoed\n|move|p1a: Torkoal|Overheat|p2a: Politoed\n|-resisted|p2a: Politoed\n|-damage|p2a: Politoed|90\/100 slp\n|-unboost|p1a: Torkoal|spa|2\n|-enditem|p1a: Torkoal|Eject Pack\n|\n|t:|1700558235\n|switch|p1a: Torterra|Torterra, F|100\/100\n|\n|-weather|RainDance|[upkeep]\n|upkeep\n|turn|6\n|c| UrLordAndSavoir|wait hayden\n|c| UrLordAndSavoir|didnt u make his team\n|\n|t:|1700558254\n|switch|p2a: Landorus|Landorus-Therian, M, shiny|100\/100\n|-ability|p2a: Landorus|Intimidate|boost\n|-unboost|p1a: Torterra|atk|1\n|-enditem|p1a: Torterra|White Herb\n|-clearnegativeboost|p1a: Torterra|[silent]\n|move|p1a: Torterra|Shell Smash|p1a: Torterra\n|-unboost|p1a: Torterra|def|1\n|-unboost|p1a: Torterra|spd|1\n|-boost|p1a: Torterra|atk|2\n|-boost|p1a: Torterra|spa|2\n|-boost|p1a: Torterra|spe|2\n|\n|-weather|RainDance|[upkeep]\n|upkeep\n|turn|7\n|c| UrLordAndSavoir|and know everything\n|c|\u2606Danfire1045|no\n|c|\u2606Danfire1045|he change some stuff\n|c| UrLordAndSavoir|k\n|c| LuckyPlays10136|go luca\n|c| LuckyPlays10136|with the power of friendship\n|\n|t:|1700558279\n|move|p1a: Torterra|Stone Edge|p2a: Landorus\n|-damage|p2a: Landorus|19\/100\n|move|p2a: Landorus|U-turn|p1a: Torterra\n|-supereffective|p1a: Torterra\n|-damage|p1a: Torterra|19\/100\n|c| LuckyPlays10136|u can win\n|c| UrLordAndSavoir|hayden not winning this\n|c| UrLordAndSavoir|WHY\n|c|\u2606Danfire1045|i gtg\n|\n|t:|1700558287\n|switch|p2a: Iron Valiant|Iron Valiant|100\/100|[from] U-turn\n|-activate|p2a: Iron Valiant|move: Sticky Web\n|-unboost|p2a: Iron Valiant|spe|1\n|-enditem|p2a: Iron Valiant|Booster Energy\n|-activate|p2a: Iron Valiant|ability: Quark Drive|[fromitem]\n|-start|p2a: Iron Valiant|quarkdriveatk\n|\n|-weather|RainDance|[upkeep]\n|upkeep\n|turn|8\n|c|\u2606Danfire1045|to eat dinner\n|c|\u2606Danfire1045|shit\n|c| UrLordAndSavoir|DEFUCKINGFOG\n|\n|t:|1700558301\n|move|p1a: Torterra|Seed Bomb|p2a: Iron Valiant\n|-damage|p2a: Iron Valiant|0 fnt\n|faint|p2a: Iron Valiant\n|-end|p2a: Iron Valiant|Quark Drive|[silent]\n|\n|-weather|RainDance|[upkeep]\n|upkeep\n|c| LuckyPlays10136|holy crap 81% uturn\n|c|\u2606Danfire1045|ikr\n|c| UrLordAndSavoir|luca u threw\n|inactive|darealdude72 has 270 seconds left.\n|\n|t:|1700558316\n|switch|p2a: Ogerpon|Ogerpon-Wellspring, F|100\/100\n|-activate|p2a: Ogerpon|move: Sticky Web\n|-unboost|p2a: Ogerpon|spe|1\n|turn|9\n|\n|t:|1700558325\n|switch|p2a: Magneton|Magneton, shiny|100\/100\n|-item|p2a: Magneton|Air Balloon\n|move|p1a: Torterra|Seed Bomb|p2a: Magneton\n|-resisted|p2a: Magneton\n|-damage|p2a: Magneton|53\/100\n|-enditem|p2a: Magneton|Air Balloon\n|\n|-weather|none\n|upkeep\n|turn|10\n|\n|t:|1700558332\n|move|p1a: Torterra|Headlong Rush|p2a: Magneton\n|-supereffective|p2a: Magneton\n|-damage|p2a: Magneton|0 fnt\n|-unboost|p1a: Torterra|def|1\n|-unboost|p1a: Torterra|spd|1\n|faint|p2a: Magneton\n|\n|upkeep\n|c| LuckyPlays10136|bro has no priority?\n|\n|t:|1700558345\n|switch|p2a: Veluza|Veluza, M, shiny|100\/100\n|-activate|p2a: Veluza|move: Sticky Web\n|-unboost|p2a: Veluza|spe|1\n|turn|11\n|\n|t:|1700558349\n|move|p1a: Torterra|Seed Bomb|p2a: Veluza\n|-supereffective|p2a: Veluza\n|-damage|p2a: Veluza|0 fnt\n|faint|p2a: Veluza\n|\n|upkeep\n|c| LuckyPlays10136|aint no\n|c| LuckyPlays10136|way\n|\n|t:|1700558361\n|switch|p2a: Landorus|Landorus-Therian, M, shiny|19\/100\n|-ability|p2a: Landorus|Intimidate|boost\n|-unboost|p1a: Torterra|atk|1\n|turn|12\n|c| LuckyPlays10136|luca u threw so hard\n|\n|t:|1700558368\n|move|p1a: Torterra|Seed Bomb|p2a: Landorus\n|-damage|p2a: Landorus|0 fnt\n|faint|p2a: Landorus\n|\n|upkeep\n|\n|t:|1700558376\n|switch|p2a: Ogerpon|Ogerpon-Wellspring, F|100\/100\n|-activate|p2a: Ogerpon|move: Sticky Web\n|-unboost|p2a: Ogerpon|spe|1\n|turn|13\n|c| LuckyPlays10136|lmao\n|\n|t:|1700558384\n|move|p1a: Torterra|Seed Bomb|p2a: Ogerpon\n|-damage|p2a: Ogerpon|15\/100\n|move|p2a: Ogerpon|Ivy Cudgel|p1a: Torterra|[anim] Ivy Cudgel Water\n|-damage|p1a: Torterra|0 fnt\n|faint|p1a: Torterra\n|\n|upkeep\n|c| LuckyPlays10136|1v1 me after this\n|\n|t:|1700558395\n|switch|p1a: Ogerpon|Ogerpon-Hearthflame, F|100\/100\n|-ability|p1a: Ogerpon|Mold Breaker\n|turn|14\n|\n|t:|1700558420\n|-terastallize|p2a: Ogerpon|Water\n|detailschange|p2a: Ogerpon|Ogerpon-Wellspring-Tera, F, tera:Water\n|-ability|p2a: Ogerpon|Embody Aspect (Wellspring)|boost\n|-boost|p2a: Ogerpon|spd|1\n|move|p1a: Ogerpon|U-turn|p2a: Ogerpon\n|-damage|p2a: Ogerpon|0 fnt\n|faint|p2a: Ogerpon\n|\n|t:|1700558427\n|switch|p1a: Salazzle|Salazzle, F|100\/100|[from] U-turn\n|\n|upkeep\n|\n|t:|1700558431\n|switch|p2a: Politoed|Politoed, F, shiny|90\/100 slp\n|-activate|p2a: Politoed|move: Sticky Web\n|-unboost|p2a: Politoed|spe|1\n|-weather|RainDance|[from] ability: Drizzle|[of] p2a: Politoed\n|turn|15\n|\n|t:|1700558442\n|move|p1a: Salazzle|Sludge Bomb|p2a: Politoed\n|-damage|p2a: Politoed|66\/100 slp\n|cant|p2a: Politoed|slp\n|\n|-weather|RainDance|[upkeep]\n|upkeep\n|turn|16\n|c| LuckyPlays10136|this was a close fight\n|\n|t:|1700558448\n|move|p1a: Salazzle|Sludge Bomb|p2a: Politoed\n|-crit|p2a: Politoed\n|-damage|p2a: Politoed|31\/100 slp\n|-curestatus|p2a: Politoed|slp|[msg]\n|move|p2a: Politoed|Weather Ball|p1a: Salazzle\n|-supereffective|p1a: Salazzle\n|-damage|p1a: Salazzle|0 fnt\n|faint|p1a: Salazzle\n|\n|-weather|RainDance|[upkeep]\n|upkeep\n|\n|t:|1700558454\n|switch|p1a: Torkoal|Torkoal, M|100\/100\n|-weather|SunnyDay|[from] ability: Drought|[of] p1a: Torkoal\n|turn|17\n|\n|t:|1700558458\n|move|p2a: Politoed|Rain Dance|p2a: Politoed\n|-weather|RainDance\n|move|p1a: Torkoal|Yawn|p2a: Politoed\n|-start|p2a: Politoed|move: Yawn|[of] p1a: Torkoal\n|\n|-weather|RainDance|[upkeep]\n|upkeep\n|turn|18\n|\n|t:|1700558464\n|move|p2a: Politoed|Weather Ball|p1a: Torkoal\n|-supereffective|p1a: Torkoal\n|-damage|p1a: Torkoal|0 fnt\n|faint|p1a: Torkoal\n|\n|-weather|RainDance|[upkeep]\n|-end|p2a: Politoed|move: Yawn|[silent]\n|-status|p2a: Politoed|slp\n|upkeep\n|\n|t:|1700558469\n|switch|p1a: Ogerpon|Ogerpon-Hearthflame, F|100\/100\n|-ability|p1a: Ogerpon|Mold Breaker\n|turn|19\n|\n|t:|1700558473\n|move|p1a: Ogerpon|Horn Leech|p2a: Politoed\n|-supereffective|p2a: Politoed\n|-damage|p2a: Politoed|0 fnt\n|faint|p2a: Politoed\n|\n|win|Danfire1045\n|l|\u203ddarealdude72\n","uploadtime":1700558481,"views":3,"p1id":"danfire1045","p2id":"darealdude72","formatid":"gen9nationaldexubers","rating":0,"private":0,"password":""}