{"id":"gen9nationaldexubers-1998415158","p1":"Thebestrug","p2":"KennyMckor","format":"[Gen 9] National Dex Ubers","log":"|j|\u2606Thebestrug\n|j|\u2606KennyMckor\n|t:|1700939758\n|gametype|singles\n|player|p1|Thebestrug|cynthia|\n|player|p2|KennyMckor|biker-gen4|\n|teamsize|p1|6\n|teamsize|p2|6\n|gen|9\n|tier|[Gen 9] National Dex Ubers\n|rule|HP Percentage Mod: HP is shown in percentages\n|rule|Endless Battle Clause: Forcing endless battles is banned\n|rule|OHKO Clause: OHKO moves are banned\n|rule|Evasion Moves Clause: Evasion moves are banned\n|rule|Evasion Items Clause: Evasion items are banned\n|rule|Species Clause: Limit one of each Pok\u00e9mon\n|rule|Sleep Clause Mod: Limit one foe put to sleep\n|rule|Mega Rayquaza Clause: You cannot mega evolve Rayquaza\n|clearpoke\n|poke|p1|Aegislash, F|\n|poke|p1|Goodra-Hisui, F|\n|poke|p1|Tapu Lele|\n|poke|p1|Volcarona, M|\n|poke|p1|Venusaur, F|\n|poke|p1|Samurott-Hisui, F|\n|poke|p2|Maushold-Four|\n|poke|p2|Dragapult, F|\n|poke|p2|Basculegion, M|\n|poke|p2|Volcarona, F|\n|poke|p2|Gliscor, F|\n|poke|p2|Tapu Fini|\n|teampreview\n|c|\u2606KennyMckor|heyo\n|j| Nekolo\n|c|\u2606KennyMckor|gl hf rug\n|c|\u2606Thebestrug|glhf !\n|c| Nekolo|gggggg\n|\n|t:|1700939816\n|start\n|switch|p1a: Goodra|Goodra-Hisui, F, shiny|100\/100\n|switch|p2a: Krcm'sBestsFriends|Maushold-Four, shiny|100\/100\n|turn|1\n|\n|t:|1700939822\n|switch|p2a: Isn'tItAUber?|Gliscor, F, shiny|100\/100\n|move|p1a: Goodra|Curse|p1a: Goodra\n|-unboost|p1a: Goodra|spe|1\n|-boost|p1a: Goodra|atk|1\n|-boost|p1a: Goodra|def|1\n|\n|-status|p2a: Isn'tItAUber?|tox|[from] item: Toxic Orb\n|upkeep\n|turn|2\n|\n|t:|1700939830\n|move|p2a: Isn'tItAUber?|Knock Off|p1a: Goodra\n|-damage|p1a: Goodra|88\/100\n|-enditem|p1a: Goodra|Leftovers|[from] move: Knock Off|[of] p2a: Isn'tItAUber?\n|move|p1a: Goodra|Curse|p1a: Goodra\n|-unboost|p1a: Goodra|spe|1\n|-boost|p1a: Goodra|atk|1\n|-boost|p1a: Goodra|def|1\n|\n|upkeep\n|turn|3\n|\n|t:|1700939838\n|switch|p2a: Krcm'sBestsFriends|Maushold-Four, shiny|100\/100\n|move|p1a: Goodra|Heavy Slam|p2a: Krcm'sBestsFriends\n|-damage|p2a: Krcm'sBestsFriends|0 fnt\n|faint|p2a: Krcm'sBestsFriends\n|\n|upkeep\n|\n|t:|1700939845\n|switch|p2a: ChildLauncher|Dragapult, F, shiny|100\/100\n|turn|4\n|\n|t:|1700939849\n|move|p2a: ChildLauncher|Draco Meteor|p1a: Goodra\n|-damage|p1a: Goodra|44\/100\n|-unboost|p2a: ChildLauncher|spa|2\n|move|p1a: Goodra|Heavy Slam|p2a: ChildLauncher\n|-damage|p2a: ChildLauncher|0 fnt\n|faint|p2a: ChildLauncher\n|\n|upkeep\n|\n|t:|1700939861\n|switch|p2a: FishWithoutChips|Basculegion, M, shiny|100\/100\n|turn|5\n|\n|t:|1700939865\n|move|p2a: FishWithoutChips|Wave Crash|p1a: Goodra\n|-resisted|p1a: Goodra\n|-damage|p1a: Goodra|17\/100\n|-damage|p2a: FishWithoutChips|93\/100|[from] Recoil\n|move|p1a: Goodra|Heavy Slam|p2a: FishWithoutChips\n|-resisted|p2a: FishWithoutChips\n|-damage|p2a: FishWithoutChips|63\/100\n|\n|upkeep\n|turn|6\n|\n|t:|1700939873\n|move|p2a: FishWithoutChips|Wave Crash|p1a: Goodra\n|-resisted|p1a: Goodra\n|-damage|p1a: Goodra|0 fnt\n|faint|p1a: Goodra\n|-damage|p2a: FishWithoutChips|59\/100|[from] Recoil\n|\n|upkeep\n|\n|t:|1700939879\n|switch|p1a: Venusaur|Venusaur, F|100\/100\n|turn|7\n|\n|t:|1700939889\n|switch|p2a: J'aiUneGrosseMite|Volcarona, F, shiny|100\/100\n|detailschange|p1a: Venusaur|Venusaur-Mega, F\n|-mega|p1a: Venusaur|Venusaur|Venusaurite\n|move|p1a: Venusaur|Leech Seed|p2a: J'aiUneGrosseMite|[miss]\n|-miss|p1a: Venusaur|p2a: J'aiUneGrosseMite\n|\n|upkeep\n|turn|8\n|\n|t:|1700939906\n|move|p1a: Venusaur|Protect|p1a: Venusaur\n|-singleturn|p1a: Venusaur|Protect\n|move|p2a: J'aiUneGrosseMite|Quiver Dance|p2a: J'aiUneGrosseMite\n|-boost|p2a: J'aiUneGrosseMite|spa|1\n|-boost|p2a: J'aiUneGrosseMite|spd|1\n|-boost|p2a: J'aiUneGrosseMite|spe|1\n|\n|upkeep\n|turn|9\n|\n|t:|1700939914\n|move|p2a: J'aiUneGrosseMite|Flamethrower|p1a: Venusaur\n|-supereffective|p1a: Venusaur\n|-damage|p1a: Venusaur|54\/100\n|move|p1a: Venusaur|Sludge Bomb|p2a: J'aiUneGrosseMite\n|-damage|p2a: J'aiUneGrosseMite|79\/100\n|\n|upkeep\n|turn|10\n|\n|t:|1700939922\n|switch|p1a: Tapu Lele|Tapu Lele, shiny|100\/100\n|-fieldstart|move: Psychic Terrain|[from] ability: Psychic Surge|[of] p1a: Tapu Lele\n|move|p2a: J'aiUneGrosseMite|Quiver Dance|p2a: J'aiUneGrosseMite\n|-boost|p2a: J'aiUneGrosseMite|spa|1\n|-boost|p2a: J'aiUneGrosseMite|spd|1\n|-boost|p2a: J'aiUneGrosseMite|spe|1\n|\n|upkeep\n|turn|11\n|\n|t:|1700939932\n|-zpower|p2a: J'aiUneGrosseMite\n|move|p2a: J'aiUneGrosseMite|Savage Spin-Out|p1a: Tapu Lele|[zeffect]\n|-damage|p1a: Tapu Lele|0 fnt\n|faint|p1a: Tapu Lele\n|\n|upkeep\n|\n|t:|1700939941\n|switch|p1a: Samurott|Samurott-Hisui, F, shiny|100\/100\n|turn|12\n|\n|t:|1700939947\n|move|p2a: J'aiUneGrosseMite|Bug Buzz|p1a: Samurott\n|-supereffective|p1a: Samurott\n|-damage|p1a: Samurott|0 fnt\n|faint|p1a: Samurott\n|\n|upkeep\n|\n|t:|1700939953\n|switch|p1a: Volcarona|Volcarona, M, shiny|100\/100\n|turn|13\n|\n|t:|1700939957\n|move|p2a: J'aiUneGrosseMite|Flamethrower|p1a: Volcarona\n|-damage|p1a: Volcarona|10\/100\n|move|p1a: Volcarona|Fiery Dance|p2a: J'aiUneGrosseMite\n|-damage|p2a: J'aiUneGrosseMite|56\/100\n|-boost|p1a: Volcarona|spa|1\n|\n|upkeep\n|turn|14\n|\n|t:|1700939966\n|switch|p1a: Venusaur|Venusaur-Mega, F|54\/100\n|move|p2a: J'aiUneGrosseMite|Flamethrower|p1a: Venusaur\n|-supereffective|p1a: Venusaur\n|-crit|p1a: Venusaur\n|-damage|p1a: Venusaur|0 fnt\n|faint|p1a: Venusaur\n|\n|-fieldend|move: Psychic Terrain\n|upkeep\n|\n|t:|1700939976\n|switch|p1a: Aegislash|Aegislash, F, shiny|100\/100\n|turn|15\n|\n|t:|1700939979\n|move|p1a: Aegislash|King's Shield|p1a: Aegislash\n|-singleturn|p1a: Aegislash|Protect\n|move|p2a: J'aiUneGrosseMite|Flamethrower|p1a: Aegislash\n|-activate|p1a: Aegislash|move: Protect\n|\n|upkeep\n|turn|16\n|\n|t:|1700939986\n|move|p2a: J'aiUneGrosseMite|Flamethrower|p1a: Aegislash\n|-supereffective|p1a: Aegislash\n|-damage|p1a: Aegislash|0 fnt\n|faint|p1a: Aegislash\n|\n|upkeep\n|\n|t:|1700939993\n|switch|p1a: Volcarona|Volcarona, M, shiny|10\/100\n|turn|17\n|\n|t:|1700940001\n|move|p2a: J'aiUneGrosseMite|Flamethrower|p1a: Volcarona\n|-damage|p1a: Volcarona|0 fnt\n|faint|p1a: Volcarona\n|\n|win|KennyMckor\n|c|\u2606Thebestrug|gg\n|c|\u2606KennyMckor|gg\n","uploadtime":1700940009,"views":4,"p1id":"thebestrug","p2id":"kennymckor","formatid":"gen9nationaldexubers","rating":0,"private":0,"password":""}