{"id":"gen9nationaldexubers-1996953795","p1":"Adamisaking","p2":"Ash Ketchum344","format":"[Gen 9] National Dex Ubers","log":"|j|\u2606Adamisaking\n|j|\u2606Ash Ketchum344\n|t:|1700749096\n|gametype|singles\n|player|p1|Adamisaking|2|1151\n|player|p2|Ash Ketchum344|lucas-gen4pt|1156\n|teamsize|p1|6\n|teamsize|p2|6\n|gen|9\n|tier|[Gen 9] National Dex Ubers\n|rated|\n|rule|HP Percentage Mod: HP is shown in percentages\n|rule|Endless Battle Clause: Forcing endless battles is banned\n|rule|OHKO Clause: OHKO moves are banned\n|rule|Evasion Moves Clause: Evasion moves are banned\n|rule|Evasion Items Clause: Evasion items are banned\n|rule|Species Clause: Limit one of each Pok\u00e9mon\n|rule|Sleep Clause Mod: Limit one foe put to sleep\n|rule|Mega Rayquaza Clause: You cannot mega evolve Rayquaza\n|clearpoke\n|poke|p1|Dracovish|\n|poke|p1|Pelipper, F|\n|poke|p1|Skeledirge, F|\n|poke|p1|Volcarona, F|\n|poke|p1|Smeargle, M|\n|poke|p1|Zygarde|\n|poke|p2|Pikachu, F|\n|poke|p2|Lucario, M|\n|poke|p2|Dragonite, F|\n|poke|p2|Dracovish|\n|poke|p2|Gengar, M|\n|poke|p2|Sirfetch\u2019d, M|\n|teampreview\n|\n|t:|1700749109\n|start\n|switch|p1a: Zygarde|Zygarde, shiny|100\/100\n|switch|p2a: Dragonite|Dragonite, F|100\/100\n|turn|1\n|\n|t:|1700749116\n|move|p2a: Dragonite|Dragon Dance|p2a: Dragonite\n|-boost|p2a: Dragonite|atk|1\n|-boost|p2a: Dragonite|spe|1\n|move|p1a: Zygarde|Dragon Dance|p1a: Zygarde\n|-boost|p1a: Zygarde|atk|1\n|-boost|p1a: Zygarde|spe|1\n|\n|upkeep\n|turn|2\n|\n|t:|1700749123\n|move|p2a: Dragonite|Dragon Rush|p1a: Zygarde\n|-supereffective|p1a: Zygarde\n|-crit|p1a: Zygarde\n|-damage|p1a: Zygarde|0 fnt\n|faint|p1a: Zygarde\n|\n|upkeep\n|\n|t:|1700749130\n|switch|p1a: Smeargle|Smeargle, M|100\/100\n|turn|3\n|\n|t:|1700749137\n|move|p2a: Dragonite|Dragon Rush|p1a: Smeargle\n|-enditem|p1a: Smeargle|Focus Sash\n|-damage|p1a: Smeargle|1\/100\n|move|p1a: Smeargle|Spore|p2a: Dragonite\n|-status|p2a: Dragonite|slp|[from] move: Spore\n|\n|-ability|p1a: Smeargle|Moody|boost\n|-boost|p1a: Smeargle|atk|2\n|-unboost|p1a: Smeargle|spa|1\n|upkeep\n|turn|4\n|\n|t:|1700749147\n|cant|p2a: Dragonite|slp\n|move|p1a: Smeargle|Shell Smash|p1a: Smeargle\n|-unboost|p1a: Smeargle|def|1\n|-unboost|p1a: Smeargle|spd|1\n|-boost|p1a: Smeargle|atk|2\n|-boost|p1a: Smeargle|spa|2\n|-boost|p1a: Smeargle|spe|2\n|\n|-ability|p1a: Smeargle|Moody|boost\n|-boost|p1a: Smeargle|spd|2\n|-unboost|p1a: Smeargle|atk|1\n|upkeep\n|turn|5\n|inactive|Battle timer is ON: inactive players will automatically lose when time's up. (requested by Ash Ketchum344)\n|\n|t:|1700749156\n|cant|p2a: Dragonite|slp\n|move|p1a: Smeargle|Shell Smash|p1a: Smeargle\n|-unboost|p1a: Smeargle|def|1\n|-unboost|p1a: Smeargle|spd|1\n|-boost|p1a: Smeargle|atk|2\n|-boost|p1a: Smeargle|spa|2\n|-boost|p1a: Smeargle|spe|2\n|\n|-ability|p1a: Smeargle|Moody|boost\n|-boost|p1a: Smeargle|spa|2\n|-unboost|p1a: Smeargle|atk|1\n|upkeep\n|turn|6\n|\n|t:|1700749165\n|-curestatus|p2a: Dragonite|slp|[msg]\n|move|p2a: Dragonite|Extreme Speed|p1a: Smeargle\n|-crit|p1a: Smeargle\n|-damage|p1a: Smeargle|0 fnt\n|faint|p1a: Smeargle\n|\n|upkeep\n|\n|t:|1700749175\n|switch|p1a: notwhatuthink|Skeledirge, F, shiny|100\/100\n|turn|7\n|\n|t:|1700749180\n|-terastallize|p1a: notwhatuthink|Electric\n|move|p2a: Dragonite|Dragon Rush|p1a: notwhatuthink\n|-damage|p1a: notwhatuthink|45\/100\n|move|p1a: notwhatuthink|Tera Blast|p2a: Dragonite|[anim] Tera Blast Electric\n|-damage|p2a: Dragonite|83\/100\n|\n|upkeep\n|turn|8\n|\n|t:|1700749189\n|move|p2a: Dragonite|Dragon Rush|p1a: notwhatuthink\n|-damage|p1a: notwhatuthink|0 fnt\n|faint|p1a: notwhatuthink\n|\n|upkeep\n|\n|t:|1700749194\n|switch|p1a: Pelipper|Pelipper, F|100\/100\n|-weather|RainDance|[from] ability: Drizzle|[of] p1a: Pelipper\n|turn|9\n|-message|Adamisaking forfeited.\n|\n|win|Ash Ketchum344\n|raw|Adamisaking's rating: 1151 &rarr; <strong>1126<\/strong><br \/>(-25 for losing)\n|raw|Ash Ketchum344's rating: 1156 &rarr; <strong>1181<\/strong><br \/>(+25 for winning)\n|l|\u2606Adamisaking\n","uploadtime":1700749202,"views":0,"p1id":"adamisaking","p2id":"ashketchum344","formatid":"gen9nationaldexubers","rating":1126,"private":0,"password":""}