{"id":"gen9nationaldexubers-1996460684","p1":"Freezybreezy","p2":"SuperiorSilencer","format":"[Gen 9] National Dex Ubers","log":"|j|\u2606Freezybreezy\n|j|\u2606SuperiorSilencer\n|t:|1700684196\n|gametype|singles\n|player|p1|Freezybreezy|sabrina|1199\n|player|p2|SuperiorSilencer|cynthia-gen4|1173\n|teamsize|p1|6\n|teamsize|p2|6\n|gen|9\n|tier|[Gen 9] National Dex Ubers\n|rated|\n|rule|HP Percentage Mod: HP is shown in percentages\n|rule|Endless Battle Clause: Forcing endless battles is banned\n|rule|OHKO Clause: OHKO moves are banned\n|rule|Evasion Moves Clause: Evasion moves are banned\n|rule|Evasion Items Clause: Evasion items are banned\n|rule|Species Clause: Limit one of each Pok\u00e9mon\n|rule|Sleep Clause Mod: Limit one foe put to sleep\n|rule|Mega Rayquaza Clause: You cannot mega evolve Rayquaza\n|clearpoke\n|poke|p1|Reshiram|\n|poke|p1|Mewtwo|\n|poke|p1|Spectrier|\n|poke|p1|Landorus, M|\n|poke|p1|Shaymin-Sky|\n|poke|p1|Shuckle, F|\n|poke|p2|Garchomp, F|\n|poke|p2|Spiritomb, F|\n|poke|p2|Milotic, F|\n|poke|p2|Lucario, F|\n|poke|p2|Togekiss, F|\n|poke|p2|Roserade, F|\n|teampreview\n|inactive|Battle timer is ON: inactive players will automatically lose when time's up. (requested by Freezybreezy)\n|\n|t:|1700684202\n|start\n|switch|p1a: Shuckle|Shuckle, F|100\/100\n|switch|p2a: Garchomp|Garchomp, F|100\/100\n|turn|1\n|\n|t:|1700684209\n|move|p2a: Garchomp|Swords Dance|p2a: Garchomp\n|-boost|p2a: Garchomp|atk|2\n|move|p1a: Shuckle|Encore|p2a: Garchomp\n|-start|p2a: Garchomp|Encore\n|\n|upkeep\n|turn|2\n|\n|t:|1700684214\n|move|p2a: Garchomp|Swords Dance|p2a: Garchomp\n|-boost|p2a: Garchomp|atk|2\n|move|p1a: Shuckle|Sticky Web|p2a: Garchomp\n|-sidestart|p2: SuperiorSilencer|move: Sticky Web\n|\n|upkeep\n|turn|3\n|\n|t:|1700684219\n|-terastallize|p2a: Garchomp|Steel\n|move|p2a: Garchomp|Swords Dance|p2a: Garchomp\n|-boost|p2a: Garchomp|atk|2\n|move|p1a: Shuckle|Toxic|p2a: Garchomp\n|-immune|p2a: Garchomp\n|\n|upkeep\n|turn|4\n|\n|t:|1700684225\n|move|p2a: Garchomp|Swords Dance|p2a: Garchomp\n|-boost|p2a: Garchomp|atk|0\n|move|p1a: Shuckle|Infestation|p2a: Garchomp\n|-resisted|p2a: Garchomp\n|-damage|p2a: Garchomp|99\/100\n|-activate|p2a: Garchomp|move: Infestation|[of] p1a: Shuckle\n|-damage|p1a: Shuckle|88\/100|[from] ability: Rough Skin|[of] p2a: Garchomp\n|\n|-damage|p2a: Garchomp|87\/100|[from] move: Infestation|[partiallytrapped]\n|-end|p2a: Garchomp|Encore\n|upkeep\n|turn|5\n|\n|t:|1700684235\n|move|p2a: Garchomp|Scale Shot|p1a: Shuckle|[miss]\n|-miss|p2a: Garchomp|p1a: Shuckle\n|move|p1a: Shuckle|Encore|p2a: Garchomp\n|-start|p2a: Garchomp|Encore\n|\n|-damage|p2a: Garchomp|75\/100|[from] move: Infestation|[partiallytrapped]\n|upkeep\n|turn|6\n|\n|t:|1700684241\n|move|p2a: Garchomp|Scale Shot|p1a: Shuckle\n|-damage|p1a: Shuckle|53\/100\n|-damage|p1a: Shuckle|18\/100\n|-damage|p1a: Shuckle|0 fnt\n|faint|p1a: Shuckle\n|-hitcount|p1: Shuckle|3\n|-unboost|p2a: Garchomp|def|1\n|-boost|p2a: Garchomp|spe|1\n|\n|-end|p2a: Garchomp|Infestation|[partiallytrapped]|[silent]\n|upkeep\n|\n|t:|1700684244\n|switch|p1a: Spectrier|Spectrier|100\/100\n|turn|7\n|\n|t:|1700684250\n|-terastallize|p1a: Spectrier|Fairy\n|move|p2a: Garchomp|Scale Shot|p1a: Spectrier\n|-immune|p1a: Spectrier\n|move|p1a: Spectrier|Shadow Ball|p2a: Garchomp\n|-damage|p2a: Garchomp|23\/100\n|\n|upkeep\n|turn|8\n|\n|t:|1700684259\n|move|p2a: Garchomp|Scale Shot|p1a: Spectrier\n|-immune|p1a: Spectrier\n|move|p1a: Spectrier|Shadow Ball|p2a: Garchomp\n|-damage|p2a: Garchomp|0 fnt\n|faint|p2a: Garchomp\n|-ability|p1a: Spectrier|Grim Neigh|boost\n|-boost|p1a: Spectrier|spa|1\n|\n|upkeep\n|-message|SuperiorSilencer forfeited.\n|\n|win|Freezybreezy\n|raw|Freezybreezy's rating: 1199 &rarr; <strong>1222<\/strong><br \/>(+23 for winning)\n|raw|SuperiorSilencer's rating: 1173 &rarr; <strong>1150<\/strong><br \/>(-23 for losing)\n|l|\u2606SuperiorSilencer\n","uploadtime":1700684279,"views":2,"p1id":"freezybreezy","p2id":"superiorsilencer","formatid":"gen9nationaldexubers","rating":1150,"private":0,"password":""}