{"id":"gen9nationaldexubers-1994080004","p1":"MP555","p2":"Smoukingrad","format":"[Gen 9] National Dex Ubers","log":"|j|\u2606MP555\n|j|\u2606Smoukingrad\n|t:|1700404254\n|gametype|singles\n|player|p1|MP555|waiter-gen4dp|\n|player|p2|Smoukingrad|kimonogirl|\n|teamsize|p1|6\n|teamsize|p2|6\n|gen|9\n|tier|[Gen 9] National Dex Ubers\n|rule|HP Percentage Mod: HP is shown in percentages\n|rule|Endless Battle Clause: Forcing endless battles is banned\n|rule|OHKO Clause: OHKO moves are banned\n|rule|Evasion Moves Clause: Evasion moves are banned\n|rule|Evasion Items Clause: Evasion items are banned\n|rule|Species Clause: Limit one of each Pok\u00e9mon\n|rule|Sleep Clause Mod: Limit one foe put to sleep\n|rule|Mega Rayquaza Clause: You cannot mega evolve Rayquaza\n|clearpoke\n|poke|p1|Calyrex-Ice|\n|poke|p1|Magearna|\n|poke|p1|Necrozma-Dusk-Mane|\n|poke|p1|Yveltal|\n|poke|p1|Kyogre|\n|poke|p1|Ditto|\n|poke|p2|Marshadow|\n|poke|p2|Arceus-Ground|\n|poke|p2|Groudon|\n|poke|p2|Ho-Oh|\n|poke|p2|Salamence, F|\n|poke|p2|Flutter Mane|\n|teampreview\n|\n|t:|1700404282\n|start\n|switch|p1a: N For Ni***|Necrozma-Dusk-Mane|100\/100\n|switch|p2a: DeusExCeus|Arceus-Ground|100\/100\n|turn|1\n|j| Gatubraz\n|j| Yoddle Yoddle\n|\n|t:|1700404291\n|move|p2a: DeusExCeus|Judgment|p1a: N For Ni***\n|-supereffective|p1a: N For Ni***\n|-damage|p1a: N For Ni***|42\/100\n|-enditem|p1a: N For Ni***|Weakness Policy\n|-boost|p1a: N For Ni***|atk|2|[from] item: Weakness Policy\n|-boost|p1a: N For Ni***|spa|2|[from] item: Weakness Policy\n|move|p1a: N For Ni***|Autotomize|p1a: N For Ni***\n|-boost|p1a: N For Ni***|spe|2\n|-start|p1a: N For Ni***|Autotomize\n|\n|upkeep\n|turn|2\n|\n|t:|1700404296\n|move|p1a: N For Ni***|Sunsteel Strike|p2a: DeusExCeus\n|-crit|p2a: DeusExCeus\n|-damage|p2a: DeusExCeus|0 fnt\n|faint|p2a: DeusExCeus\n|\n|upkeep\n|\n|t:|1700404299\n|switch|p2a: B\u00e9bounet|Marshadow|100\/100\n|turn|3\n|\n|t:|1700404305\n|move|p2a: B\u00e9bounet|Spectral Thief||[still]\n|-clearpositiveboost|p1a: N For Ni***|p2a: B\u00e9bounet|move: Spectral Thief\n|-boost|p2a: B\u00e9bounet|atk|2\n|-boost|p2a: B\u00e9bounet|spa|2\n|-boost|p2a: B\u00e9bounet|spe|2\n|-anim|p2a: B\u00e9bounet|Spectral Thief|p1a: N For Ni***\n|-supereffective|p1a: N For Ni***\n|-damage|p1a: N For Ni***|0 fnt\n|faint|p1a: N For Ni***\n|\n|upkeep\n|\n|t:|1700404314\n|switch|p1a: Counter Sweep|Ditto|100\/100\n|-transform|p1a: Counter Sweep|p2a: B\u00e9bounet|[from] ability: Imposter\n|turn|4\n|\n|t:|1700404324\n|move|p1a: Counter Sweep|Shadow Sneak|p2a: B\u00e9bounet\n|-supereffective|p2a: B\u00e9bounet\n|-enditem|p2a: B\u00e9bounet|Focus Sash\n|-damage|p2a: B\u00e9bounet|1\/100\n|move|p2a: B\u00e9bounet|Shadow Sneak|p1a: Counter Sweep\n|-supereffective|p1a: Counter Sweep\n|-damage|p1a: Counter Sweep|0 fnt\n|faint|p1a: Counter Sweep\n|\n|upkeep\n|\n|t:|1700404332\n|switch|p1a: Soulever en Y|Yveltal|100\/100\n|-ability|p1a: Soulever en Y|Dark Aura\n|turn|5\n|\n|t:|1700404342\n|move|p2a: B\u00e9bounet|Low Kick|p1a: Soulever en Y\n|-damage|p1a: Soulever en Y|10\/100\n|move|p1a: Soulever en Y|U-turn|p2a: B\u00e9bounet\n|-resisted|p2a: B\u00e9bounet\n|-damage|p2a: B\u00e9bounet|0 fnt\n|faint|p2a: B\u00e9bounet\n|\n|t:|1700404345\n|switch|p1a: Privil\u00e8ge Blanc|Magearna|100\/100|[from] U-turn\n|\n|upkeep\n|\n|t:|1700404349\n|switch|p2a: Goudron|Groudon|100\/100\n|detailschange|p2a: Goudron|Groudon-Primal\n|-primal|p2a: Goudron|Red Orb\n|-weather|DesolateLand|[from] ability: Desolate Land|[of] p2a: Goudron\n|turn|6\n|\n|t:|1700404357\n|switch|p1a: Its Sweeping time|Kyogre|100\/100\n|detailschange|p1a: Its Sweeping time|Kyogre-Primal\n|-primal|p1a: Its Sweeping time|Blue Orb\n|-weather|PrimordialSea|[from] ability: Primordial Sea|[of] p1a: Its Sweeping time\n|move|p2a: Goudron|Precipice Blades|p1a: Its Sweeping time\n|-damage|p1a: Its Sweeping time|40\/100\n|\n|-weather|PrimordialSea|[upkeep]\n|upkeep\n|turn|7\n|\n|t:|1700404367\n|switch|p2a: Z\u00e9phyr21|Salamence, F|100\/100\n|-ability|p2a: Z\u00e9phyr21|Intimidate|boost\n|-unboost|p1a: Its Sweeping time|atk|1\n|move|p1a: Its Sweeping time|Origin Pulse|p2a: Z\u00e9phyr21\n|-resisted|p2a: Z\u00e9phyr21\n|-damage|p2a: Z\u00e9phyr21|25\/100\n|\n|-weather|PrimordialSea|[upkeep]\n|upkeep\n|turn|8\n|\n|t:|1700404374\n|-weather|none\n|switch|p1a: Privil\u00e8ge Blanc|Magearna|100\/100\n|detailschange|p2a: Z\u00e9phyr21|Salamence-Mega, F\n|-mega|p2a: Z\u00e9phyr21|Salamence|Salamencite\n|move|p2a: Z\u00e9phyr21|Return|p1a: Privil\u00e8ge Blanc\n|-resisted|p1a: Privil\u00e8ge Blanc\n|-damage|p1a: Privil\u00e8ge Blanc|68\/100\n|\n|-heal|p1a: Privil\u00e8ge Blanc|74\/100|[from] item: Leftovers\n|upkeep\n|turn|9\n|\n|t:|1700404380\n|switch|p2a: Goudron|Groudon-Primal|100\/100\n|-weather|DesolateLand|[from] ability: Desolate Land|[of] p2a: Goudron\n|move|p1a: Privil\u00e8ge Blanc|Trick Room|p1a: Privil\u00e8ge Blanc\n|-fieldstart|move: Trick Room|[of] p1a: Privil\u00e8ge Blanc\n|\n|-weather|DesolateLand|[upkeep]\n|-heal|p1a: Privil\u00e8ge Blanc|80\/100|[from] item: Leftovers\n|upkeep\n|turn|10\n|\n|t:|1700404386\n|switch|p1a: Soulever en Y|Yveltal|10\/100\n|-ability|p1a: Soulever en Y|Dark Aura\n|move|p2a: Goudron|Precipice Blades|p1a: Soulever en Y\n|-immune|p1a: Soulever en Y\n|\n|-weather|DesolateLand|[upkeep]\n|upkeep\n|turn|11\n|\n|t:|1700404389\n|move|p1a: Soulever en Y|Oblivion Wing|p2a: Goudron\n|-damage|p2a: Goudron|51\/100\n|-heal|p1a: Soulever en Y|38\/100|[from] drain|[of] p2a: Goudron\n|move|p2a: Goudron|Stealth Rock|p1a: Soulever en Y\n|-sidestart|p1: MP555|move: Stealth Rock\n|\n|-weather|DesolateLand|[upkeep]\n|upkeep\n|turn|12\n|\n|t:|1700404400\n|move|p1a: Soulever en Y|Oblivion Wing|p2a: Goudron\n|-damage|p2a: Goudron|0 fnt\n|-heal|p1a: Soulever en Y|66\/100|[from] drain|[of] p2a: Goudron\n|faint|p2a: Goudron\n|-weather|none\n|\n|upkeep\n|\n|t:|1700404404\n|switch|p2a: Oh-Ho|Ho-Oh|100\/100\n|turn|13\n|\n|t:|1700404414\n|move|p1a: Soulever en Y|Knock Off|p2a: Oh-Ho\n|-damage|p2a: Oh-Ho|64\/100\n|-enditem|p2a: Oh-Ho|Heavy-Duty Boots|[from] move: Knock Off|[of] p1a: Soulever en Y\n|move|p2a: Oh-Ho|Sacred Fire|p1a: Soulever en Y\n|-damage|p1a: Soulever en Y|29\/100\n|-status|p1a: Soulever en Y|brn\n|\n|-damage|p1a: Soulever en Y|23\/100 brn|[from] brn\n|-fieldend|move: Trick Room\n|upkeep\n|turn|14\n|\n|t:|1700404419\n|move|p2a: Oh-Ho|Brave Bird|p1a: Soulever en Y\n|-crit|p1a: Soulever en Y\n|-damage|p1a: Soulever en Y|0 fnt\n|faint|p1a: Soulever en Y\n|-damage|p2a: Oh-Ho|56\/100|[from] Recoil\n|\n|upkeep\n|\n|t:|1700404440\n|switch|p1a: Ouga Bounga Taper|Calyrex-Ice|100\/100\n|-ability|p1a: Ouga Bounga Taper|As One\n|-ability|p1a: Ouga Bounga Taper|Unnerve\n|-damage|p1a: Ouga Bounga Taper|76\/100|[from] Stealth Rock\n|turn|15\n|\n|t:|1700404444\n|move|p2a: Oh-Ho|Sacred Fire|p1a: Ouga Bounga Taper\n|-supereffective|p1a: Ouga Bounga Taper\n|-damage|p1a: Ouga Bounga Taper|20\/100\n|-status|p1a: Ouga Bounga Taper|brn\n|move|p1a: Ouga Bounga Taper|Trick Room|p1a: Ouga Bounga Taper\n|-fieldstart|move: Trick Room|[of] p1a: Ouga Bounga Taper\n|\n|-heal|p1a: Ouga Bounga Taper|26\/100 brn|[from] item: Leftovers\n|-damage|p1a: Ouga Bounga Taper|20\/100 brn|[from] brn\n|upkeep\n|turn|16\n|\n|t:|1700404453\n|switch|p1a: Privil\u00e8ge Blanc|Magearna|80\/100\n|-damage|p1a: Privil\u00e8ge Blanc|74\/100|[from] Stealth Rock\n|switch|p2a: Z\u00e9phyr21|Salamence-Mega, F|25\/100\n|\n|-heal|p1a: Privil\u00e8ge Blanc|80\/100|[from] item: Leftovers\n|upkeep\n|turn|17\n|\n|t:|1700404458\n|switch|p2a: Oh-Ho|Ho-Oh|89\/100\n|move|p1a: Privil\u00e8ge Blanc|Volt Switch|p2a: Oh-Ho\n|-supereffective|p2a: Oh-Ho\n|-damage|p2a: Oh-Ho|60\/100\n|\n|t:|1700404462\n|switch|p1a: Its Sweeping time|Kyogre-Primal|40\/100|[from] Volt Switch\n|-damage|p1a: Its Sweeping time|28\/100|[from] Stealth Rock\n|-weather|PrimordialSea|[from] ability: Primordial Sea|[of] p1a: Its Sweeping time\n|\n|-weather|PrimordialSea|[upkeep]\n|upkeep\n|turn|18\n|\n|t:|1700404470\n|switch|p2a: Z\u00e9phyr21|Salamence-Mega, F|25\/100\n|move|p1a: Its Sweeping time|Origin Pulse|p2a: Z\u00e9phyr21\n|-resisted|p2a: Z\u00e9phyr21\n|-damage|p2a: Z\u00e9phyr21|0 fnt\n|faint|p2a: Z\u00e9phyr21\n|\n|-weather|PrimordialSea|[upkeep]\n|upkeep\n|\n|t:|1700404475\n|switch|p2a: M\u00e9ga-Feufor\u00eave|Flutter Mane|100\/100\n|turn|19\n|\n|t:|1700404483\n|-weather|none\n|switch|p1a: Ouga Bounga Taper|Calyrex-Ice|20\/100 brn\n|-ability|p1a: Ouga Bounga Taper|As One\n|-ability|p1a: Ouga Bounga Taper|Unnerve\n|-damage|p1a: Ouga Bounga Taper|0 fnt|[from] Stealth Rock\n|faint|p1a: Ouga Bounga Taper\n|move|p2a: M\u00e9ga-Feufor\u00eave|Shadow Ball|p1: Ouga Bounga Taper|[notarget]\n|-fail|p2a: M\u00e9ga-Feufor\u00eave\n|\n|-fieldend|move: Trick Room\n|upkeep\n|\n|t:|1700404486\n|switch|p1a: Privil\u00e8ge Blanc|Magearna|80\/100\n|-damage|p1a: Privil\u00e8ge Blanc|74\/100|[from] Stealth Rock\n|turn|20\n|\n|t:|1700404489\n|move|p2a: M\u00e9ga-Feufor\u00eave|Calm Mind|p2a: M\u00e9ga-Feufor\u00eave\n|-boost|p2a: M\u00e9ga-Feufor\u00eave|spa|1\n|-boost|p2a: M\u00e9ga-Feufor\u00eave|spd|1\n|move|p1a: Privil\u00e8ge Blanc|Trick Room|p1a: Privil\u00e8ge Blanc\n|-fieldstart|move: Trick Room|[of] p1a: Privil\u00e8ge Blanc\n|\n|-heal|p1a: Privil\u00e8ge Blanc|80\/100|[from] item: Leftovers\n|upkeep\n|turn|21\n|j| Kai_Kitt\n|\n|t:|1700404493\n|move|p1a: Privil\u00e8ge Blanc|Dazzling Gleam|p2a: M\u00e9ga-Feufor\u00eave\n|-damage|p2a: M\u00e9ga-Feufor\u00eave|68\/100\n|move|p2a: M\u00e9ga-Feufor\u00eave|Shadow Ball|p1a: Privil\u00e8ge Blanc\n|-damage|p1a: Privil\u00e8ge Blanc|15\/100\n|-unboost|p1a: Privil\u00e8ge Blanc|spd|1\n|-damage|p2a: M\u00e9ga-Feufor\u00eave|58\/100|[from] item: Life Orb\n|\n|-heal|p1a: Privil\u00e8ge Blanc|21\/100|[from] item: Leftovers\n|upkeep\n|turn|22\n|\n|t:|1700404497\n|move|p1a: Privil\u00e8ge Blanc|Fleur Cannon|p2a: M\u00e9ga-Feufor\u00eave\n|-damage|p2a: M\u00e9ga-Feufor\u00eave|5\/100\n|-unboost|p1a: Privil\u00e8ge Blanc|spa|2\n|move|p2a: M\u00e9ga-Feufor\u00eave|Shadow Ball|p1a: Privil\u00e8ge Blanc\n|-damage|p1a: Privil\u00e8ge Blanc|0 fnt\n|faint|p1a: Privil\u00e8ge Blanc\n|-damage|p2a: M\u00e9ga-Feufor\u00eave|0 fnt|[from] item: Life Orb\n|faint|p2a: M\u00e9ga-Feufor\u00eave\n|-end|p2a: M\u00e9ga-Feufor\u00eave|Protosynthesis|[silent]\n|\n|upkeep\n|\n|t:|1700404500\n|switch|p1a: Its Sweeping time|Kyogre-Primal|28\/100\n|switch|p2a: Oh-Ho|Ho-Oh|93\/100\n|-damage|p1a: Its Sweeping time|16\/100|[from] Stealth Rock\n|-weather|PrimordialSea|[from] ability: Primordial Sea|[of] p1a: Its Sweeping time\n|turn|23\n|\n|t:|1700404504\n|move|p2a: Oh-Ho|Brave Bird|p1a: Its Sweeping time\n|-damage|p1a: Its Sweeping time|0 fnt\n|faint|p1a: Its Sweeping time\n|-weather|none\n|-damage|p2a: Oh-Ho|88\/100|[from] Recoil\n|\n|win|Smoukingrad\n|l| Kai_Kitt\n|l|\u2606Smoukingrad\n|l|\u2606MP555\n|j|\u2606Smoukingrad\n|player|p2|Smoukingrad|kimonogirl\n|l| Gatubraz\n|l|\u2606Smoukingrad\n|player|p2|\n","uploadtime":1700405243,"views":6,"p1id":"mp555","p2id":"smoukingrad","formatid":"gen9nationaldexubers","rating":0,"private":0,"password":""}