{"id":"gen9nationaldexubers-1988892189","p1":"twtrwrgwgwg","p2":"Redfireboi5","format":"[Gen 9] National Dex Ubers","log":"|j|\u2606twtrwrgwgwg\n|j|\u2606Redfireboi5\n|t:|1699782411\n|gametype|singles\n|player|p1|twtrwrgwgwg|cheren|1000\n|player|p2|Redfireboi5|iris-gen5bw2|1116\n|teamsize|p1|6\n|teamsize|p2|6\n|gen|9\n|tier|[Gen 9] National Dex Ubers\n|rated|\n|rule|HP Percentage Mod: HP is shown in percentages\n|rule|Endless Battle Clause: Forcing endless battles is banned\n|rule|OHKO Clause: OHKO moves are banned\n|rule|Evasion Moves Clause: Evasion moves are banned\n|rule|Evasion Items Clause: Evasion items are banned\n|rule|Species Clause: Limit one of each Pok\u00e9mon\n|rule|Sleep Clause Mod: Limit one foe put to sleep\n|rule|Mega Rayquaza Clause: You cannot mega evolve Rayquaza\n|clearpoke\n|poke|p1|Galvantula, F|\n|poke|p1|Wo-Chien|\n|poke|p1|Lugia|\n|poke|p1|Salazzle, F|\n|poke|p1|Cyclizar, M|\n|poke|p1|Landorus-Therian, M|\n|poke|p2|Blaziken, M|\n|poke|p2|Lucario, M|\n|poke|p2|Machamp, M|\n|poke|p2|Gardevoir, F|\n|poke|p2|Greninja-*, M|\n|poke|p2|Pidgeot, F|\n|teampreview\n|inactive|Battle timer is ON: inactive players will automatically lose when time's up. (requested by twtrwrgwgwg)\n|\n|t:|1699782416\n|start\n|switch|p1a: Galvantula|Galvantula, F|100\/100\n|switch|p2a: Rose|Gardevoir, F|100\/100\n|turn|1\n|\n|t:|1699782424\n|move|p1a: Galvantula|Thunder|p2a: Rose|[miss]\n|-miss|p1a: Galvantula|p2a: Rose\n|move|p2a: Rose|Reflect|p2a: Rose\n|-sidestart|p2: Redfireboi5|Reflect\n|\n|upkeep\n|turn|2\n|\n|t:|1699782427\n|move|p1a: Galvantula|Sticky Web|p2a: Rose\n|-sidestart|p2: Redfireboi5|move: Sticky Web\n|move|p2a: Rose|Light Screen|p2a: Rose\n|-sidestart|p2: Redfireboi5|move: Light Screen\n|\n|upkeep\n|turn|3\n|\n|t:|1699782431\n|switch|p2a: Hawks|Pidgeot, F|100\/100\n|move|p1a: Galvantula|Thunder|p2a: Hawks\n|-supereffective|p2a: Hawks\n|-crit|p2a: Hawks\n|-damage|p2a: Hawks|0 fnt\n|faint|p2a: Hawks\n|\n|upkeep\n|\n|t:|1699782437\n|switch|p2a: Ken|Blaziken, M|100\/100\n|-activate|p2a: Ken|move: Sticky Web\n|-unboost|p2a: Ken|spe|1\n|turn|4\n|\n|t:|1699782440\n|detailschange|p2a: Ken|Blaziken-Mega, M\n|-mega|p2a: Ken|Blaziken|Blazikenite\n|move|p2a: Ken|Protect|p2a: Ken\n|-singleturn|p2a: Ken|Protect\n|move|p1a: Galvantula|Thunder|p2a: Ken\n|-activate|p2a: Ken|move: Protect\n|\n|-ability|p2a: Ken|Speed Boost|boost\n|-boost|p2a: Ken|spe|1\n|upkeep\n|turn|5\n|\n|t:|1699782444\n|move|p1a: Galvantula|Thunder|p2a: Ken|[miss]\n|-miss|p1a: Galvantula|p2a: Ken\n|move|p2a: Ken|Blaze Kick|p1a: Galvantula\n|-supereffective|p1a: Galvantula\n|-enditem|p1a: Galvantula|Focus Sash\n|-damage|p1a: Galvantula|1\/100\n|\n|-ability|p2a: Ken|Speed Boost|boost\n|-boost|p2a: Ken|spe|1\n|upkeep\n|turn|6\n|\n|t:|1699782449\n|move|p2a: Ken|Protect|p2a: Ken\n|-singleturn|p2a: Ken|Protect\n|move|p1a: Galvantula|Thunder|p2a: Ken\n|-activate|p2a: Ken|move: Protect\n|\n|-ability|p2a: Ken|Speed Boost|boost\n|-boost|p2a: Ken|spe|1\n|upkeep\n|turn|7\n|\n|t:|1699782454\n|move|p2a: Ken|Blaze Kick|p1a: Galvantula\n|-supereffective|p1a: Galvantula\n|-damage|p1a: Galvantula|0 fnt\n|faint|p1a: Galvantula\n|\n|-ability|p2a: Ken|Speed Boost|boost\n|-boost|p2a: Ken|spe|1\n|upkeep\n|\n|t:|1699782456\n|switch|p1a: Landorus|Landorus-Therian, M|100\/100\n|-ability|p1a: Landorus|Intimidate|boost\n|-unboost|p2a: Ken|atk|1\n|turn|8\n|\n|t:|1699782460\n|switch|p1a: Lugia|Lugia|100\/100\n|move|p2a: Ken|Power-Up Punch|p1a: Lugia\n|-resisted|p1a: Lugia\n|-damage|p1a: Lugia|99\/100\n|-boost|p2a: Ken|atk|1\n|\n|-heal|p1a: Lugia|100\/100|[from] item: Leftovers\n|-sideend|p2: Redfireboi5|Reflect\n|-ability|p2a: Ken|Speed Boost|boost\n|-boost|p2a: Ken|spe|1\n|upkeep\n|turn|9\n|\n|t:|1699782464\n|move|p2a: Ken|Power-Up Punch|p1a: Lugia\n|-resisted|p1a: Lugia\n|-damage|p1a: Lugia|99\/100\n|-boost|p2a: Ken|atk|1\n|move|p1a: Lugia|Whirlwind|p2a: Ken\n|drag|p2a: Azure|Lucario, M|100\/100\n|-activate|p2a: Azure|move: Sticky Web\n|-unboost|p2a: Azure|spe|1\n|\n|-heal|p1a: Lugia|100\/100|[from] item: Leftovers\n|-sideend|p2: Redfireboi5|move: Light Screen\n|upkeep\n|turn|10\n|\n|t:|1699782468\n|move|p2a: Azure|Stone Edge|p1a: Lugia\n|-supereffective|p1a: Lugia\n|-crit|p1a: Lugia\n|-damage|p1a: Lugia|74\/100\n|move|p1a: Lugia|Whirlwind|p2a: Azure\n|drag|p2a: Might|Machamp, M|100\/100\n|-activate|p2a: Might|move: Sticky Web\n|-unboost|p2a: Might|spe|1\n|\n|-heal|p1a: Lugia|80\/100|[from] item: Leftovers\n|-status|p2a: Might|brn|[from] item: Flame Orb\n|upkeep\n|turn|11\n|\n|t:|1699782472\n|move|p2a: Might|Darkest Lariat|p1a: Lugia\n|-supereffective|p1a: Lugia\n|-damage|p1a: Lugia|23\/100\n|move|p1a: Lugia|Whirlwind|p2a: Might\n|drag|p2a: Rose|Gardevoir, F|100\/100\n|-activate|p2a: Rose|move: Sticky Web\n|-unboost|p2a: Rose|spe|1\n|\n|-heal|p1a: Lugia|29\/100|[from] item: Leftovers\n|upkeep\n|turn|12\n|\n|t:|1699782478\n|move|p2a: Rose|Thunder Wave|p1a: Lugia\n|-status|p1a: Lugia|par\n|move|p1a: Lugia|Whirlwind|p2a: Rose\n|drag|p2a: Ronin|Greninja, M|100\/100\n|-activate|p2a: Ronin|move: Sticky Web\n|-unboost|p2a: Ronin|spe|1\n|\n|-heal|p1a: Lugia|35\/100 par|[from] item: Leftovers\n|upkeep\n|turn|13\n|\n|t:|1699782482\n|move|p2a: Ronin|Night Slash|p1a: Lugia\n|-supereffective|p1a: Lugia\n|-damage|p1a: Lugia|0 fnt\n|faint|p1a: Lugia\n|-ability|p2a: Ronin|Battle Bond|boost\n|-boost|p2a: Ronin|atk|1\n|-boost|p2a: Ronin|spa|1\n|-boost|p2a: Ronin|spe|1\n|-activate|p2a: Ronin|ability: Battle Bond\n|-damage|p2a: Ronin|91\/100|[from] item: Life Orb\n|\n|upkeep\n|\n|t:|1699782488\n|switch|p1a: Cyclizar|Cyclizar, M|100\/100\n|turn|14\n|\n|t:|1699782491\n|move|p1a: Cyclizar|Shed Tail|p1a: Cyclizar\n|-start|p1a: Cyclizar|Substitute|[from] move: Shed Tail\n|-damage|p1a: Cyclizar|50\/100\n|\n|t:|1699782494\n|switch|p1a: Landorus|Landorus-Therian, M|100\/100|[from] Shed Tail\n|-ability|p1a: Landorus|Intimidate|boost\n|-unboost|p2a: Ronin|atk|1\n|move|p2a: Ronin|Ice Punch|p1a: Landorus\n|-supereffective|p1a: Landorus\n|-crit|p1a: Landorus\n|-end|p1a: Landorus|Substitute\n|-damage|p2a: Ronin|81\/100|[from] item: Life Orb\n|\n|upkeep\n|turn|15\n|\n|t:|1699782499\n|move|p2a: Ronin|Ice Punch|p1a: Landorus\n|-supereffective|p1a: Landorus\n|-damage|p1a: Landorus|0 fnt\n|faint|p1a: Landorus\n|-damage|p2a: Ronin|71\/100|[from] item: Life Orb\n|\n|upkeep\n|\n|t:|1699782505\n|switch|p1a: Wo-Chien|Wo-Chien|100\/100\n|-ability|p1a: Wo-Chien|Tablets of Ruin\n|turn|16\n|\n|t:|1699782512\n|move|p2a: Ronin|Ice Punch|p1a: Wo-Chien\n|-supereffective|p1a: Wo-Chien\n|-damage|p1a: Wo-Chien|67\/100\n|-damage|p2a: Ronin|61\/100|[from] item: Life Orb\n|move|p1a: Wo-Chien|Leech Seed|p2a: Ronin\n|-start|p2a: Ronin|move: Leech Seed\n|\n|-heal|p1a: Wo-Chien|73\/100|[from] item: Leftovers\n|-damage|p2a: Ronin|49\/100|[from] Leech Seed|[of] p1a: Wo-Chien\n|-heal|p1a: Wo-Chien|83\/100|[silent]\n|upkeep\n|turn|17\n|\n|t:|1699782515\n|move|p1a: Wo-Chien|Protect|p1a: Wo-Chien\n|-singleturn|p1a: Wo-Chien|Protect\n|move|p2a: Ronin|Acrobatics|p1a: Wo-Chien\n|-activate|p1a: Wo-Chien|move: Protect\n|\n|-heal|p1a: Wo-Chien|89\/100|[from] item: Leftovers\n|-damage|p2a: Ronin|37\/100|[from] Leech Seed|[of] p1a: Wo-Chien\n|-heal|p1a: Wo-Chien|98\/100|[silent]\n|upkeep\n|turn|18\n|\n|t:|1699782520\n|move|p2a: Ronin|Acrobatics|p1a: Wo-Chien\n|-supereffective|p1a: Wo-Chien\n|-damage|p1a: Wo-Chien|71\/100\n|-damage|p2a: Ronin|27\/100|[from] item: Life Orb\n|move|p1a: Wo-Chien|Substitute|p1a: Wo-Chien\n|-start|p1a: Wo-Chien|Substitute\n|-damage|p1a: Wo-Chien|46\/100\n|\n|-heal|p1a: Wo-Chien|52\/100|[from] item: Leftovers\n|-damage|p2a: Ronin|15\/100|[from] Leech Seed|[of] p1a: Wo-Chien\n|-heal|p1a: Wo-Chien|62\/100|[silent]\n|upkeep\n|turn|19\n|\n|t:|1699782523\n|move|p1a: Wo-Chien|Protect|p1a: Wo-Chien\n|-singleturn|p1a: Wo-Chien|Protect\n|move|p2a: Ronin|Night Slash|p1a: Wo-Chien\n|-activate|p1a: Wo-Chien|move: Protect\n|\n|-heal|p1a: Wo-Chien|68\/100|[from] item: Leftovers\n|-damage|p2a: Ronin|2\/100|[from] Leech Seed|[of] p1a: Wo-Chien\n|-heal|p1a: Wo-Chien|77\/100|[silent]\n|upkeep\n|turn|20\n|\n|t:|1699782531\n|move|p2a: Ronin|Acrobatics|p1a: Wo-Chien\n|-supereffective|p1a: Wo-Chien\n|-activate|p1a: Wo-Chien|move: Substitute|[damage]\n|-damage|p2a: Ronin|0 fnt|[from] item: Life Orb\n|faint|p2a: Ronin\n|move|p1a: Wo-Chien|Substitute|p1a: Wo-Chien\n|-fail|p1a: Wo-Chien|move: Substitute\n|\n|-heal|p1a: Wo-Chien|83\/100|[from] item: Leftovers\n|upkeep\n|\n|t:|1699782535\n|switch|p2a: Rose|Gardevoir, F|100\/100\n|-activate|p2a: Rose|move: Sticky Web\n|-unboost|p2a: Rose|spe|1\n|turn|21\n|\n|t:|1699782537\n|move|p1a: Wo-Chien|Leech Seed|p2a: Rose\n|-start|p2a: Rose|move: Leech Seed\n|move|p2a: Rose|Light Screen|p2a: Rose\n|-sidestart|p2: Redfireboi5|move: Light Screen\n|\n|-heal|p1a: Wo-Chien|90\/100|[from] item: Leftovers\n|-damage|p2a: Rose|88\/100|[from] Leech Seed|[of] p1a: Wo-Chien\n|-heal|p1a: Wo-Chien|100\/100|[silent]\n|upkeep\n|turn|22\n|\n|t:|1699782544\n|move|p1a: Wo-Chien|Knock Off|p2a: Rose\n|-damage|p2a: Rose|50\/100\n|-enditem|p2a: Rose|Light Clay|[from] move: Knock Off|[of] p1a: Wo-Chien\n|move|p2a: Rose|Reflect|p2a: Rose\n|-sidestart|p2: Redfireboi5|Reflect\n|\n|-damage|p2a: Rose|38\/100|[from] Leech Seed|[of] p1a: Wo-Chien\n|upkeep\n|turn|23\n|\n|t:|1699782552\n|move|p1a: Wo-Chien|Knock Off|p2a: Rose\n|-damage|p2a: Rose|23\/100\n|move|p2a: Rose|Teleport|p2a: Rose\n|\n|t:|1699782557\n|switch|p2a: Ken|Blaziken-Mega, M|100\/100|[from] Teleport\n|-activate|p2a: Ken|move: Sticky Web\n|-unboost|p2a: Ken|spe|1\n|\n|upkeep\n|turn|24\n|\n|t:|1699782560\n|move|p2a: Ken|Blaze Kick|p1a: Wo-Chien\n|-supereffective|p1a: Wo-Chien\n|-end|p1a: Wo-Chien|Substitute\n|move|p1a: Wo-Chien|Leech Seed|p2a: Ken\n|-start|p2a: Ken|move: Leech Seed\n|\n|-damage|p2a: Ken|88\/100|[from] Leech Seed|[of] p1a: Wo-Chien\n|-ability|p2a: Ken|Speed Boost|boost\n|-boost|p2a: Ken|spe|1\n|upkeep\n|turn|25\n|\n|t:|1699782565\n|move|p2a: Ken|Protect|p2a: Ken\n|-singleturn|p2a: Ken|Protect\n|move|p1a: Wo-Chien|Substitute|p1a: Wo-Chien\n|-start|p1a: Wo-Chien|Substitute\n|-damage|p1a: Wo-Chien|76\/100\n|\n|-heal|p1a: Wo-Chien|82\/100|[from] item: Leftovers\n|-damage|p2a: Ken|76\/100|[from] Leech Seed|[of] p1a: Wo-Chien\n|-heal|p1a: Wo-Chien|92\/100|[silent]\n|-ability|p2a: Ken|Speed Boost|boost\n|-boost|p2a: Ken|spe|1\n|upkeep\n|turn|26\n|\n|t:|1699782570\n|move|p1a: Wo-Chien|Protect|p1a: Wo-Chien\n|-singleturn|p1a: Wo-Chien|Protect\n|move|p2a: Ken|Blaze Kick|p1a: Wo-Chien\n|-activate|p1a: Wo-Chien|move: Protect\n|\n|-heal|p1a: Wo-Chien|98\/100|[from] item: Leftovers\n|-damage|p2a: Ken|64\/100|[from] Leech Seed|[of] p1a: Wo-Chien\n|-heal|p1a: Wo-Chien|100\/100|[silent]\n|-sideend|p2: Redfireboi5|Reflect\n|-ability|p2a: Ken|Speed Boost|boost\n|-boost|p2a: Ken|spe|1\n|upkeep\n|turn|27\n|\n|t:|1699782575\n|move|p2a: Ken|Blaze Kick|p1a: Wo-Chien\n|-supereffective|p1a: Wo-Chien\n|-end|p1a: Wo-Chien|Substitute\n|move|p1a: Wo-Chien|Substitute|p1a: Wo-Chien\n|-start|p1a: Wo-Chien|Substitute\n|-damage|p1a: Wo-Chien|76\/100\n|\n|-heal|p1a: Wo-Chien|82\/100|[from] item: Leftovers\n|-damage|p2a: Ken|51\/100|[from] Leech Seed|[of] p1a: Wo-Chien\n|-heal|p1a: Wo-Chien|92\/100|[silent]\n|-ability|p2a: Ken|Speed Boost|boost\n|-boost|p2a: Ken|spe|1\n|upkeep\n|turn|28\n|\n|t:|1699782579\n|move|p2a: Ken|Protect|p2a: Ken\n|-singleturn|p2a: Ken|Protect\n|move|p1a: Wo-Chien|Protect||[still]\n|-fail|p1a: Wo-Chien\n|\n|-heal|p1a: Wo-Chien|98\/100|[from] item: Leftovers\n|-damage|p2a: Ken|39\/100|[from] Leech Seed|[of] p1a: Wo-Chien\n|-heal|p1a: Wo-Chien|100\/100|[silent]\n|-sideend|p2: Redfireboi5|move: Light Screen\n|-ability|p2a: Ken|Speed Boost|boost\n|-boost|p2a: Ken|spe|1\n|upkeep\n|turn|29\n|\n|t:|1699782581\n|move|p2a: Ken|Blaze Kick|p1a: Wo-Chien\n|-supereffective|p1a: Wo-Chien\n|-crit|p1a: Wo-Chien\n|-end|p1a: Wo-Chien|Substitute\n|move|p1a: Wo-Chien|Substitute|p1a: Wo-Chien\n|-start|p1a: Wo-Chien|Substitute\n|-damage|p1a: Wo-Chien|76\/100\n|\n|-heal|p1a: Wo-Chien|82\/100|[from] item: Leftovers\n|-damage|p2a: Ken|27\/100|[from] Leech Seed|[of] p1a: Wo-Chien\n|-heal|p1a: Wo-Chien|92\/100|[silent]\n|-ability|p2a: Ken|Speed Boost|boost\n|-boost|p2a: Ken|spe|1\n|upkeep\n|turn|30\n|\n|t:|1699782586\n|move|p2a: Ken|Protect|p2a: Ken\n|-singleturn|p2a: Ken|Protect\n|move|p1a: Wo-Chien|Protect||[still]\n|-fail|p1a: Wo-Chien\n|\n|-heal|p1a: Wo-Chien|98\/100|[from] item: Leftovers\n|-damage|p2a: Ken|14\/100|[from] Leech Seed|[of] p1a: Wo-Chien\n|-heal|p1a: Wo-Chien|100\/100|[silent]\n|-ability|p2a: Ken|Speed Boost|boost\n|-boost|p2a: Ken|spe|1\n|upkeep\n|turn|31\n|\n|t:|1699782588\n|move|p2a: Ken|Blaze Kick|p1a: Wo-Chien\n|-supereffective|p1a: Wo-Chien\n|-end|p1a: Wo-Chien|Substitute\n|move|p1a: Wo-Chien|Substitute|p1a: Wo-Chien\n|-start|p1a: Wo-Chien|Substitute\n|-damage|p1a: Wo-Chien|76\/100\n|\n|-heal|p1a: Wo-Chien|82\/100|[from] item: Leftovers\n|-damage|p2a: Ken|2\/100|[from] Leech Seed|[of] p1a: Wo-Chien\n|-heal|p1a: Wo-Chien|92\/100|[silent]\n|upkeep\n|turn|32\n|\n|t:|1699782591\n|move|p1a: Wo-Chien|Protect|p1a: Wo-Chien\n|-singleturn|p1a: Wo-Chien|Protect\n|move|p2a: Ken|Blaze Kick|p1a: Wo-Chien\n|-activate|p1a: Wo-Chien|move: Protect\n|\n|-heal|p1a: Wo-Chien|98\/100|[from] item: Leftovers\n|-damage|p2a: Ken|0 fnt|[from] Leech Seed|[of] p1a: Wo-Chien\n|-heal|p1a: Wo-Chien|99\/100|[silent]\n|faint|p2a: Ken\n|upkeep\n|\n|t:|1699782594\n|switch|p2a: Rose|Gardevoir, F|23\/100\n|-activate|p2a: Rose|move: Sticky Web\n|-unboost|p2a: Rose|spe|1\n|turn|33\n|\n|t:|1699782602\n|move|p1a: Wo-Chien|Knock Off|p2a: Rose\n|-damage|p2a: Rose|0 fnt\n|faint|p2a: Rose\n|\n|-heal|p1a: Wo-Chien|100\/100|[from] item: Leftovers\n|upkeep\n|\n|t:|1699782609\n|switch|p2a: Might|Machamp, M|100\/100 brn\n|-activate|p2a: Might|move: Sticky Web\n|-unboost|p2a: Might|spe|1\n|turn|34\n|\n|t:|1699782613\n|-terastallize|p1a: Wo-Chien|Water\n|move|p1a: Wo-Chien|Leech Seed|p2a: Might|[miss]\n|-miss|p1a: Wo-Chien|p2a: Might\n|move|p2a: Might|Dynamic Punch|p1a: Wo-Chien|[miss]\n|-miss|p2a: Might|p1a: Wo-Chien\n|\n|-damage|p2a: Might|94\/100 brn|[from] brn\n|upkeep\n|turn|35\n|\n|t:|1699782617\n|move|p1a: Wo-Chien|Leech Seed|p2a: Might\n|-start|p2a: Might|move: Leech Seed\n|move|p2a: Might|Dynamic Punch|p1a: Wo-Chien|[miss]\n|-miss|p2a: Might|p1a: Wo-Chien\n|\n|-damage|p2a: Might|82\/100 brn|[from] Leech Seed|[of] p1a: Wo-Chien\n|-damage|p2a: Might|76\/100 brn|[from] brn\n|upkeep\n|turn|36\n|\n|t:|1699782620\n|move|p1a: Wo-Chien|Protect|p1a: Wo-Chien\n|-singleturn|p1a: Wo-Chien|Protect\n|move|p2a: Might|Darkest Lariat|p1a: Wo-Chien\n|-activate|p1a: Wo-Chien|move: Protect\n|\n|-damage|p2a: Might|64\/100 brn|[from] Leech Seed|[of] p1a: Wo-Chien\n|-damage|p2a: Might|58\/100 brn|[from] brn\n|upkeep\n|turn|37\n|\n|t:|1699782627\n|move|p1a: Wo-Chien|Knock Off|p2a: Might\n|-resisted|p2a: Might\n|-damage|p2a: Might|44\/100 brn\n|-enditem|p2a: Might|Flame Orb|[from] move: Knock Off|[of] p1a: Wo-Chien\n|move|p2a: Might|Facade|p1a: Wo-Chien\n|-end|p1a: Wo-Chien|Substitute\n|\n|-damage|p2a: Might|31\/100 brn|[from] Leech Seed|[of] p1a: Wo-Chien\n|-damage|p2a: Might|25\/100 brn|[from] brn\n|upkeep\n|turn|38\n|\n|t:|1699782635\n|move|p1a: Wo-Chien|Protect|p1a: Wo-Chien\n|-singleturn|p1a: Wo-Chien|Protect\n|move|p2a: Might|Dynamic Punch|p1a: Wo-Chien\n|-activate|p1a: Wo-Chien|move: Protect\n|\n|-damage|p2a: Might|13\/100 brn|[from] Leech Seed|[of] p1a: Wo-Chien\n|-damage|p2a: Might|7\/100 brn|[from] brn\n|upkeep\n|turn|39\n|\n|t:|1699782637\n|move|p1a: Wo-Chien|Substitute|p1a: Wo-Chien\n|-start|p1a: Wo-Chien|Substitute\n|-damage|p1a: Wo-Chien|76\/100\n|move|p2a: Might|Dynamic Punch|p1a: Wo-Chien|[miss]\n|-miss|p2a: Might|p1a: Wo-Chien\n|\n|-heal|p1a: Wo-Chien|82\/100|[from] item: Leftovers\n|-damage|p2a: Might|0 fnt|[from] Leech Seed|[of] p1a: Wo-Chien\n|-heal|p1a: Wo-Chien|88\/100|[silent]\n|faint|p2a: Might\n|upkeep\n|\n|t:|1699782640\n|switch|p2a: Azure|Lucario, M|100\/100\n|-activate|p2a: Azure|move: Sticky Web\n|-unboost|p2a: Azure|spe|1\n|turn|40\n|\n|t:|1699782647\n|move|p2a: Azure|Swords Dance|p2a: Azure\n|-boost|p2a: Azure|atk|2\n|move|p1a: Wo-Chien|Leech Seed|p2a: Azure\n|-start|p2a: Azure|move: Leech Seed\n|\n|-heal|p1a: Wo-Chien|95\/100|[from] item: Leftovers\n|-damage|p2a: Azure|88\/100|[from] Leech Seed|[of] p1a: Wo-Chien\n|-heal|p1a: Wo-Chien|100\/100|[silent]\n|upkeep\n|turn|41\n|\n|t:|1699782654\n|move|p1a: Wo-Chien|Protect|p1a: Wo-Chien\n|-singleturn|p1a: Wo-Chien|Protect\n|move|p2a: Azure|Swords Dance|p2a: Azure\n|-boost|p2a: Azure|atk|2\n|\n|-damage|p2a: Azure|76\/100|[from] Leech Seed|[of] p1a: Wo-Chien\n|upkeep\n|turn|42\n|\n|t:|1699782657\n|move|p2a: Azure|Close Combat|p1a: Wo-Chien\n|-end|p1a: Wo-Chien|Substitute\n|-unboost|p2a: Azure|def|1\n|-unboost|p2a: Azure|spd|1\n|move|p1a: Wo-Chien|Substitute|p1a: Wo-Chien\n|-start|p1a: Wo-Chien|Substitute\n|-damage|p1a: Wo-Chien|76\/100\n|\n|-heal|p1a: Wo-Chien|82\/100|[from] item: Leftovers\n|-damage|p2a: Azure|63\/100|[from] Leech Seed|[of] p1a: Wo-Chien\n|-heal|p1a: Wo-Chien|91\/100|[silent]\n|upkeep\n|turn|43\n|\n|t:|1699782661\n|move|p1a: Wo-Chien|Protect|p1a: Wo-Chien\n|-singleturn|p1a: Wo-Chien|Protect\n|move|p2a: Azure|Close Combat|p1a: Wo-Chien\n|-activate|p1a: Wo-Chien|move: Protect\n|\n|-heal|p1a: Wo-Chien|97\/100|[from] item: Leftovers\n|-damage|p2a: Azure|51\/100|[from] Leech Seed|[of] p1a: Wo-Chien\n|-heal|p1a: Wo-Chien|100\/100|[silent]\n|upkeep\n|turn|44\n|\n|t:|1699782663\n|move|p2a: Azure|Close Combat|p1a: Wo-Chien\n|-end|p1a: Wo-Chien|Substitute\n|-unboost|p2a: Azure|def|1\n|-unboost|p2a: Azure|spd|1\n|move|p1a: Wo-Chien|Substitute|p1a: Wo-Chien\n|-start|p1a: Wo-Chien|Substitute\n|-damage|p1a: Wo-Chien|76\/100\n|\n|-heal|p1a: Wo-Chien|82\/100|[from] item: Leftovers\n|-damage|p2a: Azure|38\/100|[from] Leech Seed|[of] p1a: Wo-Chien\n|-heal|p1a: Wo-Chien|91\/100|[silent]\n|upkeep\n|turn|45\n|-message|Redfireboi5 forfeited.\n|\n|win|twtrwrgwgwg\n|raw|twtrwrgwgwg's rating: 1040 &rarr; <strong>1081<\/strong><br \/>(+41 for winning)\n|raw|Redfireboi5's rating: 1116 &rarr; <strong>1086<\/strong><br \/>(-30 for losing)\n|l|\u2606Redfireboi5\n|j|\u2606Redfireboi5\n|player|p2|Redfireboi5|iris-gen5bw2\n|l|\u2606Redfireboi5\n|player|p2|\n","uploadtime":1699782672,"views":8,"p1id":"twtrwrgwgwg","p2id":"redfireboi5","formatid":"gen9nationaldexubers","rating":1081,"private":0,"password":""}