{"id":"gen9nationaldexubers-1986916779","p1":"Apex0","p2":"aquiles meo","format":"[Gen 9] National Dex Ubers","log":"|j|\u2606Apex0\n|j|\u2606aquiles meo\n|t:|1699540783\n|gametype|singles\n|player|p1|Apex0|pokemaniac|1028\n|player|p2|aquiles meo|2|1044\n|teamsize|p1|6\n|teamsize|p2|6\n|gen|9\n|tier|[Gen 9] National Dex Ubers\n|rated|\n|rule|HP Percentage Mod: HP is shown in percentages\n|rule|Endless Battle Clause: Forcing endless battles is banned\n|rule|OHKO Clause: OHKO moves are banned\n|rule|Evasion Moves Clause: Evasion moves are banned\n|rule|Evasion Items Clause: Evasion items are banned\n|rule|Species Clause: Limit one of each Pok\u00e9mon\n|rule|Sleep Clause Mod: Limit one foe put to sleep\n|rule|Mega Rayquaza Clause: You cannot mega evolve Rayquaza\n|clearpoke\n|poke|p1|Genesect|\n|poke|p1|Palafin, M|\n|poke|p1|Garchomp, F|\n|poke|p1|Baxcalibur, M|\n|poke|p1|Espathra, M|\n|poke|p1|Blaziken, F|\n|poke|p2|Jirachi|\n|poke|p2|Ho-Oh|\n|poke|p2|Rayquaza|\n|poke|p2|Pidgeot, M|\n|poke|p2|Lucario, M|\n|poke|p2|Luxray, M|\n|teampreview\n|\n|t:|1699540793\n|start\n|switch|p1a: Espathra|Espathra, M|100\/100\n|switch|p2a: Jirachi|Jirachi, shiny|100\/100\n|turn|1\n|\n|t:|1699540803\n|move|p2a: Jirachi|Doom Desire|p1a: Espathra\n|-start|p2a: Jirachi|Doom Desire\n|move|p1a: Espathra|Substitute|p1a: Espathra\n|-start|p1a: Espathra|Substitute\n|-damage|p1a: Espathra|76\/100\n|\n|-heal|p1a: Espathra|82\/100|[from] item: Leftovers\n|-ability|p1a: Espathra|Speed Boost|boost\n|-boost|p1a: Espathra|spe|1\n|upkeep\n|turn|2\n|\n|t:|1699540842\n|switch|p2a: Lucario|Lucario, M, shiny|100\/100\n|move|p1a: Espathra|Stored Power|p2a: Lucario\n|-damage|p2a: Lucario|70\/100\n|\n|-heal|p1a: Espathra|88\/100|[from] item: Leftovers\n|-ability|p1a: Espathra|Speed Boost|boost\n|-boost|p1a: Espathra|spe|1\n|upkeep\n|turn|3\n|\n|t:|1699540858\n|move|p1a: Espathra|Stored Power|p2a: Lucario\n|-damage|p2a: Lucario|28\/100\n|move|p2a: Lucario|Bone Rush|p1a: Espathra\n|-activate|p1a: Espathra|move: Substitute|[damage]\n|-end|p1a: Espathra|Substitute\n|-damage|p1a: Espathra|75\/100\n|-hitcount|p1a: Espathra|3\n|\n|-end|p1a: Espathra|move: Doom Desire\n|-damage|p1a: Espathra|6\/100\n|-heal|p1a: Espathra|12\/100|[from] item: Leftovers\n|-ability|p1a: Espathra|Speed Boost|boost\n|-boost|p1a: Espathra|spe|1\n|upkeep\n|turn|4\n|\n|t:|1699540874\n|move|p2a: Lucario|Bullet Punch|p1a: Espathra\n|-damage|p1a: Espathra|0 fnt\n|faint|p1a: Espathra\n|\n|upkeep\n|\n|t:|1699540916\n|switch|p1a: Blaziken|Blaziken, F|100\/100\n|turn|5\n|\n|t:|1699540946\n|switch|p2a: Pidgeot|Pidgeot, M, shiny|100\/100\n|move|p1a: Blaziken|Blaze Kick|p2a: Pidgeot\n|-damage|p2a: Pidgeot|45\/100\n|\n|-ability|p1a: Blaziken|Speed Boost|boost\n|-boost|p1a: Blaziken|spe|1\n|upkeep\n|turn|6\n|\n|t:|1699540958\n|detailschange|p1a: Blaziken|Blaziken-Mega, F\n|-mega|p1a: Blaziken|Blaziken|Blazikenite\n|detailschange|p2a: Pidgeot|Pidgeot-Mega, M, shiny\n|-mega|p2a: Pidgeot|Pidgeot|Pidgeotite\n|move|p1a: Blaziken|Power-Up Punch|p2a: Pidgeot\n|-damage|p2a: Pidgeot|9\/100\n|-boost|p1a: Blaziken|atk|1\n|move|p2a: Pidgeot|Tailwind|p2a: Pidgeot\n|-sidestart|p2: aquiles meo|move: Tailwind\n|\n|-ability|p1a: Blaziken|Speed Boost|boost\n|-boost|p1a: Blaziken|spe|1\n|upkeep\n|turn|7\n|\n|t:|1699540972\n|move|p2a: Pidgeot|Hurricane|p1a: Blaziken\n|-supereffective|p1a: Blaziken\n|-damage|p1a: Blaziken|0 fnt\n|faint|p1a: Blaziken\n|\n|upkeep\n|\n|t:|1699540978\n|switch|p1a: Baxcalibur|Baxcalibur, M|100\/100\n|turn|8\n|\n|t:|1699540987\n|switch|p2a: Ho-Oh|Ho-Oh, shiny|100\/100\n|move|p1a: Baxcalibur|Icicle Spear|p2a: Ho-Oh\n|-damage|p2a: Ho-Oh|84\/100\n|-damage|p2a: Ho-Oh|66\/100\n|-damage|p2a: Ho-Oh|49\/100\n|-damage|p2a: Ho-Oh|31\/100\n|-hitcount|p2a: Ho-Oh|4\n|-damage|p1a: Baxcalibur|91\/100|[from] item: Life Orb\n|\n|upkeep\n|turn|9\n|\n|t:|1699541027\n|switch|p2a: Jirachi|Jirachi, shiny|100\/100\n|move|p1a: Baxcalibur|Icicle Spear|p2a: Jirachi\n|-resisted|p2a: Jirachi\n|-damage|p2a: Jirachi|93\/100\n|-resisted|p2a: Jirachi\n|-damage|p2a: Jirachi|83\/100\n|-resisted|p2a: Jirachi\n|-damage|p2a: Jirachi|75\/100\n|-hitcount|p2a: Jirachi|3\n|-damage|p1a: Baxcalibur|81\/100|[from] item: Life Orb\n|\n|-heal|p2a: Jirachi|81\/100|[from] item: Leftovers\n|-sideend|p2: aquiles meo|move: Tailwind\n|upkeep\n|turn|10\n|\n|t:|1699541042\n|-terastallize|p1a: Baxcalibur|Fairy\n|move|p2a: Jirachi|Wish|p2a: Jirachi\n|move|p1a: Baxcalibur|Icicle Spear|p2a: Jirachi\n|-resisted|p2a: Jirachi\n|-damage|p2a: Jirachi|73\/100\n|-resisted|p2a: Jirachi\n|-damage|p2a: Jirachi|65\/100\n|-resisted|p2a: Jirachi\n|-damage|p2a: Jirachi|57\/100\n|-resisted|p2a: Jirachi\n|-damage|p2a: Jirachi|49\/100\n|-resisted|p2a: Jirachi\n|-damage|p2a: Jirachi|40\/100\n|-hitcount|p2a: Jirachi|5\n|-damage|p1a: Baxcalibur|71\/100|[from] item: Life Orb\n|\n|-heal|p2a: Jirachi|46\/100|[from] item: Leftovers\n|upkeep\n|turn|11\n|\n|t:|1699541053\n|move|p2a: Jirachi|Iron Head|p1a: Baxcalibur\n|-supereffective|p1a: Baxcalibur\n|-damage|p1a: Baxcalibur|16\/100\n|cant|p1a: Baxcalibur|flinch\n|\n|-heal|p2a: Jirachi|96\/100|[from] move: Wish|[wisher] Jirachi\n|-heal|p2a: Jirachi|100\/100|[from] item: Leftovers\n|upkeep\n|turn|12\n|\n|t:|1699541067\n|switch|p1a: Genesect|Genesect, shiny|100\/100\n|-ability|p1a: Genesect|Download|boost\n|-boost|p1a: Genesect|spa|1\n|move|p2a: Jirachi|Iron Head|p1a: Genesect\n|-resisted|p1a: Genesect\n|-damage|p1a: Genesect|80\/100\n|\n|upkeep\n|turn|13\n|\n|t:|1699541102\n|move|p2a: Jirachi|Iron Head|p1a: Genesect\n|-resisted|p1a: Genesect\n|-damage|p1a: Genesect|58\/100\n|cant|p1a: Genesect|flinch\n|\n|upkeep\n|turn|14\n|\n|t:|1699541108\n|switch|p2a: Ho-Oh|Ho-Oh, shiny|64\/100\n|move|p1a: Genesect|Flamethrower|p2a: Ho-Oh\n|-resisted|p2a: Ho-Oh\n|-damage|p2a: Ho-Oh|50\/100\n|\n|upkeep\n|turn|15\n|\n|t:|1699541117\n|move|p1a: Genesect|Ice Beam|p2a: Ho-Oh\n|-damage|p2a: Ho-Oh|21\/100\n|move|p2a: Ho-Oh|Sacred Fire|p1a: Genesect\n|-supereffective|p1a: Genesect\n|-damage|p1a: Genesect|0 fnt\n|faint|p1a: Genesect\n|\n|upkeep\n|c|\u2606aquiles meo|Sorry for timer but Im in a hurry\n|inactive|Battle timer is ON: inactive players will automatically lose when time's up. (requested by aquiles meo)\n|c|\u2606Apex0|ok\n|\n|t:|1699541161\n|switch|p1a: Palafin|Palafin, M|100\/100\n|turn|16\n|\n|t:|1699541170\n|switch|p2a: Jirachi|Jirachi, shiny|100\/100\n|move|p1a: Palafin|Flip Turn|p2a: Jirachi\n|-damage|p2a: Jirachi|73\/100\n|\n|t:|1699541178\n|detailschange|p1a: Palafin|Palafin-Hero, M\n|switch|p1a: Garchomp|Garchomp, F|100\/100|[from] Flip Turn\n|\n|-heal|p2a: Jirachi|79\/100|[from] item: Leftovers\n|upkeep\n|turn|17\n|\n|t:|1699541193\n|move|p1a: Garchomp|Stealth Rock|p2a: Jirachi\n|-sidestart|p2: aquiles meo|move: Stealth Rock\n|move|p2a: Jirachi|Doom Desire|p1a: Garchomp\n|-start|p2a: Jirachi|Doom Desire\n|\n|-heal|p2a: Jirachi|85\/100|[from] item: Leftovers\n|upkeep\n|turn|18\n|\n|t:|1699541206\n|move|p1a: Garchomp|Earthquake|p2a: Jirachi\n|-supereffective|p2a: Jirachi\n|-damage|p2a: Jirachi|0 fnt\n|faint|p2a: Jirachi\n|\n|upkeep\n|\n|t:|1699541218\n|switch|p2a: Lucario|Lucario, M, shiny|28\/100\n|-damage|p2a: Lucario|25\/100|[from] Stealth Rock\n|turn|19\n|\n|t:|1699541233\n|move|p2a: Lucario|Bullet Punch|p1a: Garchomp\n|-damage|p1a: Garchomp|82\/100\n|-damage|p2a: Lucario|13\/100|[from] ability: Rough Skin|[of] p1a: Garchomp\n|move|p1a: Garchomp|Earthquake|p2a: Lucario\n|-supereffective|p2a: Lucario\n|-damage|p2a: Lucario|0 fnt\n|faint|p2a: Lucario\n|\n|-end|p1a: Garchomp|move: Doom Desire\n|-damage|p1a: Garchomp|29\/100\n|-heal|p1a: Garchomp|35\/100|[from] item: Leftovers\n|upkeep\n|inactive|aquiles meo has 120 seconds left.\n|\n|t:|1699541250\n|switch|p2a: Rayquaza|Rayquaza, shiny|100\/100\n|-ability|p2a: Rayquaza|Air Lock\n|turn|20\n|\n|t:|1699541255\n|-terastallize|p2a: Rayquaza|Flying\n|move|p1a: Garchomp|Outrage|p2a: Rayquaza\n|-damage|p2a: Rayquaza|31\/100\n|move|p2a: Rayquaza|Dragon Pulse|p1a: Garchomp\n|-supereffective|p1a: Garchomp\n|-damage|p1a: Garchomp|0 fnt\n|faint|p1a: Garchomp\n|\n|upkeep\n|\n|t:|1699541262\n|switch|p1a: Baxcalibur|Baxcalibur, M, tera:Fairy|16\/100\n|turn|21\n|\n|t:|1699541287\n|move|p2a: Rayquaza|Extreme Speed|p1a: Baxcalibur\n|-damage|p1a: Baxcalibur|0 fnt\n|faint|p1a: Baxcalibur\n|\n|upkeep\n|\n|t:|1699541292\n|switch|p1a: Palafin|Palafin-Hero, M|100\/100\n|-activate|p1a: Palafin|ability: Zero to Hero\n|turn|22\n|c|\u2606Apex0|oof um ig gg\n|c|\u2606Apex0|you win me thinks\n|c|\u2606aquiles meo|yeah good one\n|c|\u2606aquiles meo|thanks\n|inactive|aquiles meo has 120 seconds left.\n|\n|t:|1699541313\n|move|p2a: Rayquaza|Extreme Speed|p1a: Palafin\n|-damage|p1a: Palafin|71\/100\n|move|p1a: Palafin|Jet Punch|p2a: Rayquaza\n|-damage|p2a: Rayquaza|0 fnt\n|faint|p2a: Rayquaza\n|\n|upkeep\n|inactive|aquiles meo has 120 seconds left.\n|\n|t:|1699541323\n|switch|p2a: Pidgeot|Pidgeot-Mega, M, shiny|9\/100\n|-damage|p2a: Pidgeot|0 fnt|[from] Stealth Rock\n|faint|p2a: Pidgeot\n|inactive|aquiles meo has 120 seconds left.\n|c|\u2606aquiles meo|ouch\n|c|\u2606aquiles meo|hmm\n|\n|t:|1699541343\n|switch|p2a: Luxray|Luxray, M, shiny|100\/100\n|-damage|p2a: Luxray|88\/100|[from] Stealth Rock\n|turn|23\n|\n|t:|1699541355\n|move|p1a: Palafin|Jet Punch|p2a: Luxray\n|-damage|p2a: Luxray|27\/100\n|-zpower|p2a: Luxray\n|move|p2a: Luxray|Gigavolt Havoc|p1a: Palafin|[zeffect]\n|-supereffective|p1a: Palafin\n|-damage|p1a: Palafin|0 fnt\n|faint|p1a: Palafin\n|\n|win|aquiles meo\n|raw|Apex0's rating: 1028 &rarr; <strong>1014<\/strong><br \/>(-14 for losing)\n|raw|aquiles meo's rating: 1044 &rarr; <strong>1076<\/strong><br \/>(+32 for winning)\n|c|\u2606Apex0|gg ig go ahead\n|c|\u2606aquiles meo|gg\n|c|\u2606Apex0|gg\n|c|\u2606aquiles meo|cya\n","uploadtime":1699541369,"views":5,"p1id":"apex0","p2id":"aquilesmeo","formatid":"gen9nationaldexubers","rating":1014,"private":0,"password":""}