{"id":"gen9nationaldexubers-1995398206","p1":"quagsy","p2":"Akeni.o2101","format":"[Gen 9] National Dex Ubers","log":"|j|\u2606quagsy\n|j|\u2606Akeni.o2101\n|t:|1700565486\n|gametype|singles\n|player|p1|quagsy|265|1575\n|player|p2|Akeni.o2101|265|1436\n|teamsize|p1|6\n|teamsize|p2|6\n|gen|9\n|tier|[Gen 9] National Dex Ubers\n|rated|\n|rule|HP Percentage Mod: HP is shown in percentages\n|rule|Endless Battle Clause: Forcing endless battles is banned\n|rule|OHKO Clause: OHKO moves are banned\n|rule|Evasion Moves Clause: Evasion moves are banned\n|rule|Evasion Items Clause: Evasion items are banned\n|rule|Species Clause: Limit one of each Pok\u00e9mon\n|rule|Sleep Clause Mod: Limit one foe put to sleep\n|rule|Mega Rayquaza Clause: You cannot mega evolve Rayquaza\n|clearpoke\n|poke|p1|Ribombee, F|\n|poke|p1|Rayquaza|\n|poke|p1|Zacian-*|\n|poke|p1|Necrozma-Dusk-Mane|\n|poke|p1|Arceus-Ground|\n|poke|p1|Kyogre|\n|poke|p2|Zekrom|\n|poke|p2|Orthworm, F|\n|poke|p2|Kyogre|\n|poke|p2|Groudon|\n|poke|p2|Marshadow|\n|poke|p2|Ribombee, M|\n|teampreview\n|inactive|Battle timer is ON: inactive players will automatically lose when time's up. (requested by quagsy)\n|\n|t:|1700565498\n|start\n|switch|p1a: Ribombee|Ribombee, F|100\/100\n|switch|p2a: Orthworm|Orthworm, F|100\/100\n|turn|1\n|\n|t:|1700565504\n|move|p1a: Ribombee|Sticky Web|p2a: Orthworm\n|-sidestart|p2: Akeni.o2101|move: Sticky Web\n|move|p2a: Orthworm|Shed Tail|p2a: Orthworm\n|-start|p2a: Orthworm|Substitute|[from] move: Shed Tail\n|-damage|p2a: Orthworm|50\/100\n|-enditem|p2a: Orthworm|Sitrus Berry|[eat]\n|-heal|p2a: Orthworm|75\/100|[from] item: Sitrus Berry\n|\n|t:|1700565510\n|switch|p2a: Zekrom|Zekrom|100\/100|[from] Shed Tail\n|-activate|p2a: Zekrom|move: Sticky Web\n|-unboost|p2a: Zekrom|spe|1\n|-ability|p2a: Zekrom|Teravolt\n|\n|upkeep\n|turn|2\n|\n|t:|1700565515\n|move|p1a: Ribombee|U-turn|p2a: Zekrom\n|-activate|p2a: Zekrom|move: Substitute|[damage]\n|\n|t:|1700565523\n|switch|p1a: Arceus|Arceus-Ground|100\/100|[from] U-turn\n|move|p2a: Zekrom|Dragon Dance|p2a: Zekrom\n|-boost|p2a: Zekrom|atk|1\n|-boost|p2a: Zekrom|spe|1\n|\n|upkeep\n|turn|3\n|\n|t:|1700565541\n|-terastallize|p2a: Zekrom|Flying\n|move|p1a: Arceus|Earthquake|p2a: Zekrom\n|-immune|p2a: Zekrom\n|move|p2a: Zekrom|Dragon Dance|p2a: Zekrom\n|-boost|p2a: Zekrom|atk|1\n|-boost|p2a: Zekrom|spe|1\n|\n|upkeep\n|turn|4\n|\n|t:|1700565547\n|move|p2a: Zekrom|Dragon Dance|p2a: Zekrom\n|-boost|p2a: Zekrom|atk|1\n|-boost|p2a: Zekrom|spe|1\n|move|p1a: Arceus|Stone Edge|p2a: Zekrom\n|-supereffective|p2a: Zekrom\n|-end|p2a: Zekrom|Substitute\n|\n|upkeep\n|turn|5\n|\n|t:|1700565565\n|move|p2a: Zekrom|Dragon Claw|p1a: Arceus\n|-damage|p1a: Arceus|14\/100\n|move|p1a: Arceus|Stone Edge|p2a: Zekrom\n|-supereffective|p2a: Zekrom\n|-damage|p2a: Zekrom|41\/100\n|\n|upkeep\n|turn|6\n|\n|t:|1700565576\n|switch|p1a: Ribombee|Ribombee, F|100\/100\n|move|p2a: Zekrom|Dragon Claw|p1a: Ribombee\n|-immune|p1a: Ribombee\n|\n|upkeep\n|turn|7\n|\n|t:|1700565582\n|move|p2a: Zekrom|Dual Wingbeat|p1a: Ribombee\n|-supereffective|p1a: Ribombee\n|-enditem|p1a: Ribombee|Focus Sash\n|-damage|p1a: Ribombee|1\/100\n|-supereffective|p1a: Ribombee\n|-damage|p1a: Ribombee|0 fnt\n|faint|p1a: Ribombee\n|-hitcount|p1: Ribombee|2\n|\n|upkeep\n|\n|t:|1700565609\n|switch|p1a: Necrozma|Necrozma-Dusk-Mane|100\/100\n|turn|8\n|\n|t:|1700565614\n|move|p2a: Zekrom|Dragon Claw|p1a: Necrozma\n|-resisted|p1a: Necrozma\n|-damage|p1a: Necrozma|54\/100\n|move|p1a: Necrozma|Stone Edge|p2a: Zekrom\n|-supereffective|p2a: Zekrom\n|-damage|p2a: Zekrom|0 fnt\n|faint|p2a: Zekrom\n|\n|upkeep\n|\n|t:|1700565621\n|switch|p2a: Orthworm|Orthworm, F|75\/100\n|-activate|p2a: Orthworm|move: Sticky Web\n|-unboost|p2a: Orthworm|spe|1\n|turn|9\n|\n|t:|1700565636\n|detailschange|p1a: Necrozma|Necrozma-Ultra\n|-burst|p1a: Necrozma|Necrozma|Ultranecrozium Z\n|move|p1a: Necrozma|Earthquake|p2a: Orthworm\n|-heal|p2a: Orthworm|100\/100|[from] ability: Earth Eater|[of] p1a: Necrozma\n|move|p2a: Orthworm|Shed Tail|p2a: Orthworm\n|-start|p2a: Orthworm|Substitute|[from] move: Shed Tail\n|-damage|p2a: Orthworm|50\/100\n|\n|t:|1700565649\n|switch|p2a: Groudon|Groudon|100\/100|[from] Shed Tail\n|-activate|p2a: Groudon|move: Sticky Web\n|-unboost|p2a: Groudon|spe|1\n|detailschange|p2a: Groudon|Groudon-Primal\n|-primal|p2a: Groudon|Red Orb\n|-weather|DesolateLand|[from] ability: Desolate Land|[of] p2a: Groudon\n|\n|-weather|DesolateLand|[upkeep]\n|upkeep\n|turn|10\n|\n|t:|1700565652\n|move|p1a: Necrozma|Earthquake|p2a: Groudon\n|-supereffective|p2a: Groudon\n|-end|p2a: Groudon|Substitute\n|move|p2a: Groudon|Rock Polish|p2a: Groudon\n|-boost|p2a: Groudon|spe|2\n|\n|-weather|DesolateLand|[upkeep]\n|upkeep\n|turn|11\n|\n|t:|1700565655\n|move|p2a: Groudon|Earthquake|p1a: Necrozma\n|-damage|p1a: Necrozma|0 fnt\n|faint|p1a: Necrozma\n|\n|-weather|DesolateLand|[upkeep]\n|upkeep\n|\n|t:|1700565662\n|switch|p1a: Rayquaza|Rayquaza|100\/100\n|-ability|p1a: Rayquaza|Air Lock\n|turn|12\n|\n|t:|1700565670\n|-terastallize|p1a: Rayquaza|Flying\n|move|p2a: Groudon|Swords Dance|p2a: Groudon\n|-boost|p2a: Groudon|atk|2\n|move|p1a: Rayquaza|Dragon Ascent|p2a: Groudon\n|-damage|p2a: Groudon|4\/100\n|-unboost|p1a: Rayquaza|def|1\n|-unboost|p1a: Rayquaza|spd|1\n|\n|-weather|DesolateLand|[upkeep]\n|upkeep\n|turn|13\n|\n|t:|1700565680\n|switch|p1a: Arceus|Arceus-Ground|14\/100\n|move|p2a: Groudon|Heat Crash|p1a: Arceus\n|-damage|p1a: Arceus|0 fnt\n|faint|p1a: Arceus\n|\n|-weather|DesolateLand|[upkeep]\n|upkeep\n|\n|t:|1700565684\n|switch|p1a: Rayquaza|Rayquaza, tera:Flying|100\/100\n|-ability|p1a: Rayquaza|Air Lock\n|turn|14\n|\n|t:|1700565690\n|move|p1a: Rayquaza|Extreme Speed|p2a: Groudon\n|-damage|p2a: Groudon|0 fnt\n|faint|p2a: Groudon\n|-weather|none\n|\n|upkeep\n|\n|t:|1700565695\n|switch|p2a: Ribombee|Ribombee, M|100\/100\n|-activate|p2a: Ribombee|move: Sticky Web\n|-unboost|p2a: Ribombee|spe|1\n|turn|15\n|\n|t:|1700565702\n|move|p1a: Rayquaza|Extreme Speed|p2a: Ribombee\n|-enditem|p2a: Ribombee|Focus Sash\n|-damage|p2a: Ribombee|1\/100\n|move|p2a: Ribombee|Sticky Web|p1a: Rayquaza\n|-sidestart|p1: quagsy|move: Sticky Web\n|\n|upkeep\n|turn|16\n|\n|t:|1700565711\n|switch|p1a: Zacian|Zacian-Crowned|100\/100\n|-activate|p1a: Zacian|move: Sticky Web\n|-unboost|p1a: Zacian|spe|1\n|-ability|p1a: Zacian|Intrepid Sword|boost\n|-boost|p1a: Zacian|atk|1\n|move|p2a: Ribombee|Moonblast|p1a: Zacian\n|-resisted|p1a: Zacian\n|-damage|p1a: Zacian|81\/100\n|\n|upkeep\n|turn|17\n|\n|t:|1700565719\n|move|p1a: Zacian|Behemoth Blade|p2a: Ribombee\n|-supereffective|p2a: Ribombee\n|-crit|p2a: Ribombee\n|-damage|p2a: Ribombee|0 fnt\n|faint|p2a: Ribombee\n|\n|upkeep\n|\n|t:|1700565747\n|switch|p2a: Marshadow|Marshadow|100\/100\n|-activate|p2a: Marshadow|move: Sticky Web\n|-unboost|p2a: Marshadow|spe|1\n|turn|18\n|\n|t:|1700565751\n|move|p1a: Zacian|Behemoth Blade|p2a: Marshadow\n|-enditem|p2a: Marshadow|Focus Sash\n|-damage|p2a: Marshadow|1\/100\n|move|p2a: Marshadow|Spectral Thief||[still]\n|-clearpositiveboost|p1a: Zacian|p2a: Marshadow|move: Spectral Thief\n|-boost|p2a: Marshadow|atk|1\n|-anim|p2a: Marshadow|Spectral Thief|p1a: Zacian\n|-damage|p1a: Zacian|19\/100\n|\n|upkeep\n|turn|19\n|\n|t:|1700565760\n|move|p2a: Marshadow|Shadow Sneak|p1a: Zacian\n|-damage|p1a: Zacian|0 fnt\n|faint|p1a: Zacian\n|\n|upkeep\n|\n|t:|1700565778\n|switch|p1a: Kyogre|Kyogre|100\/100\n|-activate|p1a: Kyogre|move: Sticky Web\n|-unboost|p1a: Kyogre|spe|1\n|detailschange|p1a: Kyogre|Kyogre-Primal\n|-primal|p1a: Kyogre|Blue Orb\n|-weather|PrimordialSea|[from] ability: Primordial Sea|[of] p1a: Kyogre\n|turn|20\n|\n|t:|1700565789\n|move|p2a: Marshadow|Close Combat|p1a: Kyogre\n|-damage|p1a: Kyogre|8\/100\n|-unboost|p2a: Marshadow|def|1\n|-unboost|p2a: Marshadow|spd|1\n|move|p1a: Kyogre|Thunder|p2a: Marshadow\n|-damage|p2a: Marshadow|0 fnt\n|faint|p2a: Marshadow\n|\n|-weather|PrimordialSea|[upkeep]\n|upkeep\n|\n|t:|1700565800\n|switch|p2a: Kyogre|Kyogre|100\/100\n|-activate|p2a: Kyogre|move: Sticky Web\n|-unboost|p2a: Kyogre|spe|1\n|detailschange|p2a: Kyogre|Kyogre-Primal\n|-primal|p2a: Kyogre|Blue Orb\n|turn|21\n|\n|t:|1700565804\n|move|p2a: Kyogre|Ice Beam|p1a: Kyogre\n|-resisted|p1a: Kyogre\n|-damage|p1a: Kyogre|0 fnt\n|faint|p1a: Kyogre\n|\n|-weather|PrimordialSea|[upkeep]\n|upkeep\n|\n|t:|1700565807\n|switch|p1a: Rayquaza|Rayquaza, tera:Flying|100\/100\n|-ability|p1a: Rayquaza|Air Lock\n|turn|22\n|\n|t:|1700565819\n|move|p1a: Rayquaza|Dragon Ascent|p2a: Kyogre\n|-damage|p2a: Kyogre|0 fnt\n|-unboost|p1a: Rayquaza|def|1\n|-unboost|p1a: Rayquaza|spd|1\n|faint|p2a: Kyogre\n|-weather|none\n|\n|upkeep\n|\n|t:|1700565826\n|switch|p2a: Orthworm|Orthworm, F|50\/100\n|-activate|p2a: Orthworm|move: Sticky Web\n|-unboost|p2a: Orthworm|spe|1\n|turn|23\n|\n|t:|1700565829\n|move|p1a: Rayquaza|Dragon Ascent|p2a: Orthworm\n|-resisted|p2a: Orthworm\n|-damage|p2a: Orthworm|0 fnt\n|-unboost|p1a: Rayquaza|def|1\n|-unboost|p1a: Rayquaza|spd|1\n|faint|p2a: Orthworm\n|\n|win|quagsy\n|raw|quagsy's rating: 1575 &rarr; <strong>1587<\/strong><br \/>(+12 for winning)\n|raw|Akeni.o2101's rating: 1436 &rarr; <strong>1424<\/strong><br \/>(-12 for losing)\n","uploadtime":1700565844,"views":4,"p1id":"quagsy","p2id":"akenio2101","formatid":"gen9nationaldexubers","rating":1424,"private":0,"password":""}