{"id":"gen9nationaldexubers-1979880824","p1":"Guj Genera","p2":"ninjamage13","format":"[Gen 9] National Dex Ubers","log":"|j|\u2606Guj Genera\n|j|\u2606ninjamage13\n|t:|1698723632\n|gametype|singles\n|player|p1|Guj Genera|red|\n|player|p2|ninjamage13|pokemonranger-gen6xy|\n|teamsize|p1|6\n|teamsize|p2|6\n|gen|9\n|tier|[Gen 9] National Dex Ubers\n|rule|HP Percentage Mod: HP is shown in percentages\n|rule|Endless Battle Clause: Forcing endless battles is banned\n|rule|OHKO Clause: OHKO moves are banned\n|rule|Evasion Moves Clause: Evasion moves are banned\n|rule|Evasion Items Clause: Evasion items are banned\n|rule|Species Clause: Limit one of each Pok\u00e9mon\n|rule|Sleep Clause Mod: Limit one foe put to sleep\n|rule|Mega Rayquaza Clause: You cannot mega evolve Rayquaza\n|clearpoke\n|poke|p1|Zeraora|\n|poke|p1|Cinderace, M|\n|poke|p1|Diancie|\n|poke|p1|Inteleon, F|\n|poke|p1|Kartana|\n|poke|p1|Landorus-Therian, M|\n|poke|p2|Venusaur, F|\n|poke|p2|Meowscarada, F|\n|poke|p2|Breloom, F|\n|poke|p2|Ferrothorn, F|\n|poke|p2|Chesnaught, F|\n|poke|p2|Whimsicott, F|\n|teampreview\n|inactive|Battle timer is ON: inactive players will automatically lose when time's up. (requested by Guj Genera)\n|c|\u2606Guj Genera|Glhf\n|c|\u2606ninjamage13|u2\n|j| Astro nation y\n|inactive|ninjamage13 has 270 seconds left.\n|\n|t:|1698723670\n|start\n|switch|p1a: Diancie|Diancie, shiny|100\/100\n|switch|p2a: OK I'M SICK|Venusaur, F|100\/100\n|turn|1\n|\n|t:|1698723683\n|detailschange|p1a: Diancie|Diancie-Mega, shiny\n|-mega|p1a: Diancie|Diancie|Diancite\n|detailschange|p2a: OK I'M SICK|Venusaur-Mega, F\n|-mega|p2a: OK I'M SICK|Venusaur|Venusaurite\n|move|p1a: Diancie|Diamond Storm|p2a: OK I'M SICK\n|-damage|p2a: OK I'M SICK|71\/100\n|move|p2a: OK I'M SICK|Sludge Bomb|p1a: Diancie\n|-damage|p1a: Diancie|54\/100\n|-status|p1a: Diancie|psn\n|\n|-damage|p1a: Diancie|42\/100 psn|[from] psn\n|upkeep\n|turn|2\n|inactive|Guj Genera has 270 seconds left.\n|\n|t:|1698723716\n|move|p1a: Diancie|Earth Power|p2a: OK I'M SICK\n|-damage|p2a: OK I'M SICK|40\/100\n|-unboost|p2a: OK I'M SICK|spd|1\n|move|p2a: OK I'M SICK|Synthesis|p2a: OK I'M SICK\n|-heal|p2a: OK I'M SICK|90\/100\n|\n|-damage|p1a: Diancie|30\/100 psn|[from] psn\n|upkeep\n|turn|3\n|inactive|ninjamage13 has 270 seconds left.\n|\n|t:|1698723762\n|switch|p2a: SPINE CURVES|Ferrothorn, F|100\/100\n|move|p1a: Diancie|Earth Power|p2a: SPINE CURVES\n|-damage|p2a: SPINE CURVES|77\/100\n|\n|-heal|p2a: SPINE CURVES|83\/100|[from] item: Leftovers\n|-damage|p1a: Diancie|17\/100 psn|[from] psn\n|upkeep\n|turn|4\n|\n|t:|1698723770\n|move|p2a: SPINE CURVES|Protect|p2a: SPINE CURVES\n|-singleturn|p2a: SPINE CURVES|Protect\n|move|p1a: Diancie|Stealth Rock|p2a: SPINE CURVES\n|-sidestart|p2: ninjamage13|move: Stealth Rock\n|\n|-heal|p2a: SPINE CURVES|89\/100|[from] item: Leftovers\n|-damage|p1a: Diancie|5\/100 psn|[from] psn\n|upkeep\n|turn|5\n|\n|t:|1698723781\n|move|p1a: Diancie|Earth Power|p2a: SPINE CURVES\n|-damage|p2a: SPINE CURVES|65\/100\n|move|p2a: SPINE CURVES|Leech Seed|p1a: Diancie\n|move|p1a: Diancie|Leech Seed|p2a: SPINE CURVES|[from]ability: Magic Bounce\n|-immune|p2a: SPINE CURVES\n|\n|-heal|p2a: SPINE CURVES|71\/100|[from] item: Leftovers\n|-damage|p1a: Diancie|0 fnt|[from] psn\n|faint|p1a: Diancie\n|upkeep\n|\n|t:|1698723790\n|switch|p1a: Cinderace|Cinderace, M, shiny|100\/100\n|turn|6\n|\n|t:|1698723794\n|move|p2a: SPINE CURVES|Protect|p2a: SPINE CURVES\n|-singleturn|p2a: SPINE CURVES|Protect\n|move|p1a: Cinderace|Pyro Ball|p2a: SPINE CURVES\n|-activate|p2a: SPINE CURVES|move: Protect\n|\n|-heal|p2a: SPINE CURVES|77\/100|[from] item: Leftovers\n|upkeep\n|turn|7\n|\n|t:|1698723797\n|switch|p2a: NO BULLETS SPENT|Chesnaught, F|100\/100\n|-damage|p2a: NO BULLETS SPENT|94\/100|[from] Stealth Rock\n|move|p1a: Cinderace|Pyro Ball|p2a: NO BULLETS SPENT\n|-immune|p2a: NO BULLETS SPENT|[from] ability: Bulletproof\n|\n|upkeep\n|turn|8\n|\n|t:|1698723806\n|switch|p1a: Landorus|Landorus-Therian, M, shiny|100\/100\n|-ability|p1a: Landorus|Intimidate|boost\n|-unboost|p2a: NO BULLETS SPENT|atk|1\n|move|p2a: NO BULLETS SPENT|Super Fang|p1a: Landorus\n|-damage|p1a: Landorus|51\/100\n|-damage|p2a: NO BULLETS SPENT|78\/100|[from] item: Rocky Helmet|[of] p1a: Landorus\n|\n|upkeep\n|turn|9\n|\n|t:|1698723814\n|move|p1a: Landorus|Toxic|p2a: NO BULLETS SPENT\n|-status|p2a: NO BULLETS SPENT|tox\n|move|p2a: NO BULLETS SPENT|Leech Seed|p1a: Landorus\n|-start|p1a: Landorus|move: Leech Seed\n|\n|-damage|p1a: Landorus|38\/100|[from] Leech Seed|[of] p2a: NO BULLETS SPENT\n|-heal|p2a: NO BULLETS SPENT|90\/100 tox|[silent]\n|-damage|p2a: NO BULLETS SPENT|84\/100 tox|[from] psn\n|upkeep\n|turn|10\n|\n|t:|1698723823\n|move|p1a: Landorus|U-turn|p2a: NO BULLETS SPENT\n|-damage|p2a: NO BULLETS SPENT|72\/100 tox\n|-damage|p1a: Landorus|22\/100|[from] item: Rocky Helmet|[of] p2a: NO BULLETS SPENT\n|\n|t:|1698723826\n|switch|p1a: Kartana|Kartana, shiny|100\/100|[from] U-turn\n|move|p2a: NO BULLETS SPENT|Body Press|p1a: Kartana\n|-supereffective|p1a: Kartana\n|-damage|p1a: Kartana|9\/100\n|\n|-damage|p2a: NO BULLETS SPENT|60\/100 tox|[from] psn\n|upkeep\n|turn|11\n|\n|t:|1698723840\n|switch|p2a: SPINE CURVES|Ferrothorn, F|77\/100\n|-damage|p2a: SPINE CURVES|71\/100|[from] Stealth Rock\n|move|p1a: Kartana|Sacred Sword|p2a: SPINE CURVES\n|-supereffective|p2a: SPINE CURVES\n|-damage|p2a: SPINE CURVES|7\/100\n|-damage|p1a: Kartana|0 fnt|[from] ability: Iron Barbs|[of] p2a: SPINE CURVES\n|faint|p1a: Kartana\n|\n|-heal|p2a: SPINE CURVES|13\/100|[from] item: Leftovers\n|upkeep\n|\n|t:|1698723851\n|switch|p1a: Landorus|Landorus-Therian, M, shiny|22\/100\n|-ability|p1a: Landorus|Intimidate|boost\n|-unboost|p2a: SPINE CURVES|atk|1\n|turn|12\n|\n|t:|1698723855\n|move|p2a: SPINE CURVES|Protect|p2a: SPINE CURVES\n|-singleturn|p2a: SPINE CURVES|Protect\n|move|p1a: Landorus|Earthquake|p2a: SPINE CURVES\n|-activate|p2a: SPINE CURVES|move: Protect\n|\n|-heal|p2a: SPINE CURVES|19\/100|[from] item: Leftovers\n|upkeep\n|turn|13\n|\n|t:|1698723861\n|switch|p2a: POLYESTER ZEAL|Whimsicott, F|100\/100\n|-damage|p2a: POLYESTER ZEAL|88\/100|[from] Stealth Rock\n|move|p1a: Landorus|Earthquake|p2a: POLYESTER ZEAL\n|-resisted|p2a: POLYESTER ZEAL\n|-damage|p2a: POLYESTER ZEAL|53\/100\n|\n|-heal|p2a: POLYESTER ZEAL|59\/100|[from] item: Leftovers\n|upkeep\n|turn|14\n|\n|t:|1698723867\n|move|p2a: POLYESTER ZEAL|Moonblast|p1a: Landorus\n|-damage|p1a: Landorus|0 fnt\n|faint|p1a: Landorus\n|\n|-heal|p2a: POLYESTER ZEAL|65\/100|[from] item: Leftovers\n|upkeep\n|\n|t:|1698723871\n|switch|p1a: Cinderace|Cinderace, M, shiny|100\/100\n|turn|15\n|\n|t:|1698723874\n|move|p2a: POLYESTER ZEAL|Substitute|p2a: POLYESTER ZEAL\n|-start|p2a: POLYESTER ZEAL|Substitute\n|-damage|p2a: POLYESTER ZEAL|40\/100\n|move|p1a: Cinderace|Double-Edge|p2a: POLYESTER ZEAL\n|-start|p1a: Cinderace|typechange|Normal|[from] ability: Libero\n|-crit|p2a: POLYESTER ZEAL\n|-end|p2a: POLYESTER ZEAL|Substitute\n|-damage|p1a: Cinderace|93\/100|[from] Recoil|[of] p2a: POLYESTER ZEAL\n|\n|-heal|p2a: POLYESTER ZEAL|47\/100|[from] item: Leftovers\n|upkeep\n|turn|16\n|\n|t:|1698723893\n|move|p2a: POLYESTER ZEAL|Substitute|p2a: POLYESTER ZEAL\n|-start|p2a: POLYESTER ZEAL|Substitute\n|-damage|p2a: POLYESTER ZEAL|22\/100\n|move|p1a: Cinderace|Double-Edge|p2a: POLYESTER ZEAL\n|-end|p2a: POLYESTER ZEAL|Substitute\n|-damage|p1a: Cinderace|86\/100|[from] Recoil|[of] p2a: POLYESTER ZEAL\n|\n|-heal|p2a: POLYESTER ZEAL|28\/100|[from] item: Leftovers\n|upkeep\n|turn|17\n|\n|t:|1698723900\n|move|p2a: POLYESTER ZEAL|Substitute|p2a: POLYESTER ZEAL\n|-start|p2a: POLYESTER ZEAL|Substitute\n|-damage|p2a: POLYESTER ZEAL|3\/100\n|move|p1a: Cinderace|Double-Edge|p2a: POLYESTER ZEAL\n|-end|p2a: POLYESTER ZEAL|Substitute\n|-damage|p1a: Cinderace|79\/100|[from] Recoil|[of] p2a: POLYESTER ZEAL\n|\n|-heal|p2a: POLYESTER ZEAL|9\/100|[from] item: Leftovers\n|upkeep\n|turn|18\n|\n|t:|1698723905\n|move|p1a: Cinderace|Double-Edge|p2a: POLYESTER ZEAL\n|-damage|p2a: POLYESTER ZEAL|0 fnt\n|faint|p2a: POLYESTER ZEAL\n|-damage|p1a: Cinderace|76\/100|[from] Recoil\n|\n|upkeep\n|\n|t:|1698723910\n|switch|p2a: EVERLONG|Breloom, F|100\/100\n|-damage|p2a: EVERLONG|94\/100|[from] Stealth Rock\n|turn|19\n|\n|t:|1698723914\n|move|p2a: EVERLONG|Mach Punch|p1a: Cinderace\n|-supereffective|p1a: Cinderace\n|-damage|p1a: Cinderace|0 fnt\n|faint|p1a: Cinderace\n|\n|upkeep\n|\n|t:|1698723918\n|switch|p1a: Zeraora|Zeraora, shiny|100\/100\n|turn|20\n|\n|t:|1698723925\n|switch|p2a: OK I'M SICK|Venusaur-Mega, F|90\/100\n|-damage|p2a: OK I'M SICK|78\/100|[from] Stealth Rock\n|move|p1a: Zeraora|Play Rough|p2a: OK I'M SICK\n|-resisted|p2a: OK I'M SICK\n|-damage|p2a: OK I'M SICK|69\/100\n|\n|upkeep\n|turn|21\n|\n|t:|1698723930\n|move|p1a: Zeraora|Plasma Fists|p2a: OK I'M SICK\n|-resisted|p2a: OK I'M SICK\n|-damage|p2a: OK I'M SICK|56\/100\n|-fieldactivate|move: Ion Deluge\n|-hint|Normal-type moves become Electric-type after using Plasma Fists.\n|move|p2a: OK I'M SICK|Sludge Bomb|p1a: Zeraora\n|-damage|p1a: Zeraora|51\/100\n|\n|upkeep\n|turn|22\n|\n|t:|1698723934\n|move|p1a: Zeraora|Close Combat|p2a: OK I'M SICK\n|-resisted|p2a: OK I'M SICK\n|-damage|p2a: OK I'M SICK|44\/100\n|-unboost|p1a: Zeraora|def|1\n|-unboost|p1a: Zeraora|spd|1\n|move|p2a: OK I'M SICK|Synthesis|p2a: OK I'M SICK\n|-heal|p2a: OK I'M SICK|94\/100\n|\n|upkeep\n|turn|23\n|\n|t:|1698723938\n|move|p1a: Zeraora|Plasma Fists|p2a: OK I'M SICK\n|-resisted|p2a: OK I'M SICK\n|-damage|p2a: OK I'M SICK|80\/100\n|-fieldactivate|move: Ion Deluge\n|-hint|Normal-type moves become Electric-type after using Plasma Fists.\n|move|p2a: OK I'M SICK|Sludge Bomb|p1a: Zeraora\n|-damage|p1a: Zeraora|0 fnt\n|faint|p1a: Zeraora\n|\n|upkeep\n|\n|t:|1698723941\n|switch|p1a: Inteleon|Inteleon, F, shiny|100\/100\n|turn|24\n|\n|t:|1698723946\n|move|p1a: Inteleon|Ice Beam|p2a: OK I'M SICK\n|-supereffective|p2a: OK I'M SICK\n|-damage|p2a: OK I'M SICK|39\/100\n|move|p2a: OK I'M SICK|Sludge Bomb|p1a: Inteleon\n|-damage|p1a: Inteleon|42\/100\n|\n|upkeep\n|turn|25\n|\n|t:|1698723951\n|move|p1a: Inteleon|Ice Beam|p2a: OK I'M SICK\n|-supereffective|p2a: OK I'M SICK\n|-damage|p2a: OK I'M SICK|4\/100\n|move|p2a: OK I'M SICK|Sludge Bomb|p1a: Inteleon\n|-damage|p1a: Inteleon|0 fnt\n|faint|p1a: Inteleon\n|\n|win|ninjamage13\n|c| Astro nation y|Vena\n|c|\u2606ninjamage13|gg\n|c|\u2606Guj Genera|Ggwp\n","uploadtime":1698723961,"views":21,"p1id":"gujgenera","p2id":"ninjamage13","formatid":"gen9nationaldexubers","rating":0,"private":0,"password":""}