{"id":"gen9nationaldexubers-1987397818","p1":"hanagakiUBD","p2":"Elin Baecil","format":"[Gen 9] National Dex Ubers","log":"|j|\u2606hanagakiUBD\n|j|\u2606Elin Baecil\n|t:|1699586138\n|gametype|singles\n|player|p1|hanagakiUBD|iris-gen5bw2|\n|player|p2|Elin Baecil|leon-masters|\n|teamsize|p1|6\n|teamsize|p2|6\n|gen|9\n|tier|[Gen 9] National Dex Ubers\n|rule|HP Percentage Mod: HP is shown in percentages\n|rule|Endless Battle Clause: Forcing endless battles is banned\n|rule|OHKO Clause: OHKO moves are banned\n|rule|Evasion Moves Clause: Evasion moves are banned\n|rule|Evasion Items Clause: Evasion items are banned\n|rule|Species Clause: Limit one of each Pok\u00e9mon\n|rule|Sleep Clause Mod: Limit one foe put to sleep\n|rule|Mega Rayquaza Clause: You cannot mega evolve Rayquaza\n|clearpoke\n|poke|p1|Kleavor, F|\n|poke|p1|Darmanitan-Galar, M|\n|poke|p1|Volcarona, F|\n|poke|p1|Dragapult, F|\n|poke|p1|Alakazam, F|\n|poke|p1|Kingambit, M|\n|poke|p2|Ursaluna-Bloodmoon, M|\n|poke|p2|Dragonite, M|\n|poke|p2|Cyclizar, F|\n|poke|p2|Kangaskhan, F|\n|poke|p2|Porygon-Z|\n|poke|p2|Chansey, F|\n|teampreview\n|inactive|Battle timer is ON: inactive players will automatically lose when time's up. (requested by hanagakiUBD)\n|inactive|hanagakiUBD has 270 seconds left.\n|\n|t:|1699586169\n|start\n|switch|p1a: Dragapult|Dragapult, F, shiny|100\/100\n|switch|p2a: Dragonite|Dragonite, M|100\/100\n|turn|1\n|\n|t:|1699586176\n|-terastallize|p2a: Dragonite|Normal\n|move|p1a: Dragapult|Substitute|p1a: Dragapult\n|-start|p1a: Dragapult|Substitute\n|-damage|p1a: Dragapult|76\/100\n|move|p2a: Dragonite|Dragon Dance|p2a: Dragonite\n|-boost|p2a: Dragonite|atk|1\n|-boost|p2a: Dragonite|spe|1\n|\n|upkeep\n|turn|2\n|\n|t:|1699586186\n|move|p1a: Dragapult|Dragon Dance|p1a: Dragapult\n|-boost|p1a: Dragapult|atk|1\n|-boost|p1a: Dragapult|spe|1\n|move|p2a: Dragonite|Dragon Dance|p2a: Dragonite\n|-boost|p2a: Dragonite|atk|1\n|-boost|p2a: Dragonite|spe|1\n|\n|upkeep\n|turn|3\n|inactive|hanagakiUBD has 270 seconds left.\n|\n|t:|1699586235\n|move|p1a: Dragapult|Dragon Dance|p1a: Dragapult\n|-boost|p1a: Dragapult|atk|1\n|-boost|p1a: Dragapult|spe|1\n|move|p2a: Dragonite|Earthquake|p1a: Dragapult\n|-end|p1a: Dragapult|Substitute\n|\n|upkeep\n|turn|4\n|\n|t:|1699586242\n|move|p1a: Dragapult|Dragon Darts|p2a: Dragonite\n|-damage|p2a: Dragonite|71\/100\n|-anim|p1a: Dragapult|Dragon Darts|p2a: Dragonite\n|-damage|p2a: Dragonite|18\/100\n|move|p2a: Dragonite|Earthquake|p1a: Dragapult\n|-damage|p1a: Dragapult|0 fnt\n|faint|p1a: Dragapult\n|\n|upkeep\n|\n|t:|1699586253\n|switch|p1a: Kingambit|Kingambit, M|100\/100\n|-activate|p1a: Kingambit|ability: Supreme Overlord\n|-start|p1a: Kingambit|fallen1|[silent]\n|turn|5\n|\n|t:|1699586262\n|move|p1a: Kingambit|Sucker Punch||[still]\n|-fail|p1a: Kingambit\n|move|p2a: Dragonite|Encore|p1a: Kingambit\n|-start|p1a: Kingambit|Encore\n|\n|upkeep\n|turn|6\n|inactive|hanagakiUBD has 270 seconds left.\n|\n|t:|1699586271\n|move|p1a: Kingambit|Sucker Punch||[still]\n|-fail|p1a: Kingambit\n|move|p2a: Dragonite|Dragon Dance|p2a: Dragonite\n|-boost|p2a: Dragonite|atk|1\n|-boost|p2a: Dragonite|spe|1\n|\n|upkeep\n|turn|7\n|inactive|hanagakiUBD has 270 seconds left.\n|\n|t:|1699586294\n|-end|p1a: Kingambit|fallen1|[silent]\n|switch|p1a: Kleavor|Kleavor, F|100\/100\n|move|p2a: Dragonite|Dragon Dance|p2a: Dragonite\n|-boost|p2a: Dragonite|atk|1\n|-boost|p2a: Dragonite|spe|1\n|\n|upkeep\n|turn|8\n|\n|t:|1699586299\n|move|p2a: Dragonite|Earthquake|p1a: Kleavor\n|-damage|p1a: Kleavor|0 fnt\n|faint|p1a: Kleavor\n|\n|upkeep\n|\n|t:|1699586301\n|switch|p1a: Volcarona|Volcarona, F, shiny|100\/100\n|turn|9\n|\n|t:|1699586303\n|move|p2a: Dragonite|Extreme Speed|p1a: Volcarona\n|-damage|p1a: Volcarona|0 fnt\n|-status|p2a: Dragonite|brn|[from] ability: Flame Body|[of] p1a: Volcarona\n|faint|p1a: Volcarona\n|\n|-damage|p2a: Dragonite|12\/100 brn|[from] brn\n|upkeep\n|\n|t:|1699586308\n|switch|p1a: Alakazam|Alakazam, F|100\/100\n|turn|10\n|\n|t:|1699586316\n|detailschange|p1a: Alakazam|Alakazam-Mega, F\n|-mega|p1a: Alakazam|Alakazam|Alakazite\n|-ability|p1a: Alakazam|Multiscale|[from] ability: Trace|[of] p2a: Dragonite\n|move|p2a: Dragonite|Extreme Speed|p1a: Alakazam\n|-damage|p1a: Alakazam|31\/100\n|move|p1a: Alakazam|Tri Attack|p2a: Dragonite\n|-damage|p2a: Dragonite|0 fnt\n|faint|p2a: Dragonite\n|\n|upkeep\n|\n|t:|1699586329\n|switch|p2a: Kangaskhan|Kangaskhan, F|100\/100\n|turn|11\n|\n|t:|1699586334\n|detailschange|p2a: Kangaskhan|Kangaskhan-Mega, F\n|-mega|p2a: Kangaskhan|Kangaskhan|Kangaskhanite\n|move|p2a: Kangaskhan|Fake Out|p1a: Alakazam\n|-damage|p1a: Alakazam|0 fnt\n|faint|p1a: Alakazam\n|-hitcount|p1: Alakazam|1\n|\n|upkeep\n|\n|t:|1699586336\n|switch|p1a: Darmanitan|Darmanitan-Galar, M|100\/100\n|turn|12\n|\n|t:|1699586342\n|move|p1a: Darmanitan|Hammer Arm|p2a: Kangaskhan\n|-supereffective|p2a: Kangaskhan\n|-damage|p2a: Kangaskhan|0 fnt\n|-unboost|p1a: Darmanitan|spe|1\n|faint|p2a: Kangaskhan\n|\n|upkeep\n|\n|t:|1699586350\n|switch|p2a: Porygon-Z|Porygon-Z|100\/100\n|-ability|p2a: Porygon-Z|Download|boost\n|-boost|p2a: Porygon-Z|spa|1\n|turn|13\n|\n|t:|1699586353\n|-zpower|p2a: Porygon-Z\n|move|p2a: Porygon-Z|Z-Conversion|p2a: Porygon-Z|[anim]Conversion\n|-boost|p2a: Porygon-Z|atk|1|[zeffect]\n|-boost|p2a: Porygon-Z|def|1|[zeffect]\n|-boost|p2a: Porygon-Z|spa|1|[zeffect]\n|-boost|p2a: Porygon-Z|spd|1|[zeffect]\n|-boost|p2a: Porygon-Z|spe|1|[zeffect]\n|-start|p2a: Porygon-Z|typechange|Ghost\n|move|p1a: Darmanitan|Hammer Arm|p2a: Porygon-Z\n|-immune|p2a: Porygon-Z\n|\n|upkeep\n|turn|14\n|\n|t:|1699586363\n|switch|p1a: Kingambit|Kingambit, M|100\/100\n|-activate|p1a: Kingambit|ability: Supreme Overlord\n|-start|p1a: Kingambit|fallen4|[silent]\n|move|p2a: Porygon-Z|Shadow Ball|p1a: Kingambit\n|-resisted|p1a: Kingambit\n|-crit|p1a: Kingambit\n|-damage|p1a: Kingambit|52\/100\n|-unboost|p1a: Kingambit|spd|1\n|\n|upkeep\n|turn|15\n|c|\u2606hanagakiUBD|Mrd\n|\n|t:|1699586373\n|move|p1a: Kingambit|Sucker Punch|p2a: Porygon-Z\n|-supereffective|p2a: Porygon-Z\n|-damage|p2a: Porygon-Z|0 fnt\n|faint|p2a: Porygon-Z\n|\n|upkeep\n|\n|t:|1699586379\n|switch|p2a: Cyclizar|Cyclizar, F|100\/100\n|turn|16\n|\n|t:|1699586400\n|move|p2a: Cyclizar|Shed Tail|p2a: Cyclizar\n|-start|p2a: Cyclizar|Substitute|[from] move: Shed Tail\n|-damage|p2a: Cyclizar|50\/100\n|\n|t:|1699586404\n|switch|p2a: Ursaluna|Ursaluna-Bloodmoon, M|100\/100|[from] Shed Tail\n|move|p1a: Kingambit|Brick Break|p2a: Ursaluna\n|-supereffective|p2a: Ursaluna\n|-end|p2a: Ursaluna|Substitute\n|\n|upkeep\n|turn|17\n|\n|t:|1699586409\n|move|p1a: Kingambit|Brick Break|p2a: Ursaluna\n|-supereffective|p2a: Ursaluna\n|-damage|p2a: Ursaluna|53\/100\n|move|p2a: Ursaluna|Earth Power|p1a: Kingambit\n|-supereffective|p1a: Kingambit\n|-damage|p1a: Kingambit|0 fnt\n|faint|p1a: Kingambit\n|-end|p1a: Kingambit|fallen4|[silent]\n|\n|-heal|p2a: Ursaluna|59\/100|[from] item: Leftovers\n|upkeep\n|\n|t:|1699586413\n|switch|p1a: Darmanitan|Darmanitan-Galar, M|100\/100\n|turn|18\n|\n|t:|1699586416\n|switch|p2a: Chansey|Chansey, F|100\/100\n|move|p1a: Darmanitan|Icicle Crash|p2a: Chansey\n|-damage|p2a: Chansey|53\/100\n|\n|upkeep\n|turn|19\n|\n|t:|1699586420\n|move|p1a: Darmanitan|Icicle Crash|p2a: Chansey\n|-damage|p2a: Chansey|0 fnt\n|faint|p2a: Chansey\n|\n|upkeep\n|c|\u2606hanagakiUBD|\u00c9pico\n|\n|t:|1699586430\n|switch|p2a: Ursaluna|Ursaluna-Bloodmoon, M|59\/100\n|turn|20\n|\n|t:|1699586433\n|move|p1a: Darmanitan|Icicle Crash|p2a: Ursaluna\n|-supereffective|p2a: Ursaluna\n|-damage|p2a: Ursaluna|0 fnt\n|faint|p2a: Ursaluna\n|\n|upkeep\n|\n|t:|1699586437\n|switch|p2a: Cyclizar|Cyclizar, F|83\/100\n|turn|21\n|\n|t:|1699586441\n|move|p1a: Darmanitan|Icicle Crash|p2a: Cyclizar\n|-supereffective|p2a: Cyclizar\n|-damage|p2a: Cyclizar|0 fnt\n|faint|p2a: Cyclizar\n|\n|win|hanagakiUBD\n|c|\u2606Elin Baecil|gg\n|l|\u2606Elin Baecil\n","uploadtime":1699586790,"views":5,"p1id":"hanagakiubd","p2id":"elinbaecil","formatid":"gen9nationaldexubers","rating":0,"private":0,"password":""}