{"id":"gen9nationaldexubers-1984439907","p1":"Walter black 0000","p2":"85792195wwww","format":"[Gen 9] National Dex Ubers","log":"|j|\u2606Walter black 0000\n|j|\u203d85792195wwww\n|t:|1699263995\n|gametype|singles\n|player|p1|Walter black 0000|lance-gen2|1834\n|player|p2|85792195wwww|mira|1809\n|teamsize|p1|6\n|teamsize|p2|6\n|gen|9\n|tier|[Gen 9] National Dex Ubers\n|rated|\n|rule|HP Percentage Mod: HP is shown in percentages\n|rule|Endless Battle Clause: Forcing endless battles is banned\n|rule|OHKO Clause: OHKO moves are banned\n|rule|Evasion Moves Clause: Evasion moves are banned\n|rule|Evasion Items Clause: Evasion items are banned\n|rule|Species Clause: Limit one of each Pok\u00e9mon\n|rule|Sleep Clause Mod: Limit one foe put to sleep\n|rule|Mega Rayquaza Clause: You cannot mega evolve Rayquaza\n|clearpoke\n|poke|p1|Arceus-Ghost|\n|poke|p1|Dondozo, F|\n|poke|p1|Ditto|\n|poke|p1|Magearna|\n|poke|p1|Yveltal|\n|poke|p1|Ting-Lu|\n|poke|p2|Arceus|\n|poke|p2|Xerneas-*|\n|poke|p2|Groudon|\n|poke|p2|Zacian-*|\n|poke|p2|Samurott-Hisui, F|\n|poke|p2|Rayquaza|\n|teampreview\n|inactive|Battle timer is ON: inactive players will automatically lose when time's up. (requested by Walter black 0000)\n|\n|t:|1699264010\n|start\n|switch|p1a: Yveltal|Yveltal, shiny|100\/100\n|switch|p2a: Xerneas|Xerneas|100\/100\n|-ability|p1a: Yveltal|Dark Aura\n|-ability|p2a: Xerneas|Fairy Aura\n|turn|1\n|\n|t:|1699264020\n|switch|p1a: Magearna|Magearna|100\/100\n|move|p2a: Xerneas|Moonblast|p1a: Magearna\n|-resisted|p1a: Magearna\n|-damage|p1a: Magearna|77\/100\n|\n|upkeep\n|turn|2\n|\n|t:|1699264027\n|switch|p1a: Yveltal|Yveltal, shiny|100\/100\n|-ability|p1a: Yveltal|Dark Aura\n|move|p2a: Xerneas|Moonblast|p1a: Yveltal\n|-supereffective|p1a: Yveltal\n|-damage|p1a: Yveltal|0 fnt\n|faint|p1a: Yveltal\n|\n|upkeep\n|\n|t:|1699264035\n|switch|p1a: Arceus|Arceus-Ghost|100\/100\n|turn|3\n|\n|t:|1699264039\n|move|p1a: Arceus|Swords Dance|p1a: Arceus\n|-boost|p1a: Arceus|atk|2\n|move|p2a: Xerneas|Moonblast|p1a: Arceus\n|-damage|p1a: Arceus|45\/100\n|-unboost|p1a: Arceus|spa|1\n|\n|upkeep\n|turn|4\n|\n|t:|1699264047\n|switch|p2a: Arceus|Arceus|100\/100\n|move|p1a: Arceus|Shadow Force||[still]\n|-prepare|p1a: Arceus|Shadow Force\n|\n|upkeep\n|turn|5\n|\n|t:|1699264054\n|move|p1a: Arceus|Shadow Force|p2a: Arceus|[from]lockedmove\n|-immune|p2a: Arceus\n|move|p2a: Arceus|Shadow Claw|p1a: Arceus\n|-supereffective|p1a: Arceus\n|-crit|p1a: Arceus\n|-damage|p1a: Arceus|0 fnt\n|faint|p1a: Arceus\n|-damage|p2a: Arceus|91\/100|[from] item: Life Orb\n|\n|upkeep\n|\n|t:|1699264058\n|switch|p1a: Ting-Lu|Ting-Lu|100\/100\n|-ability|p1a: Ting-Lu|Vessel of Ruin\n|turn|6\n|\n|t:|1699264069\n|switch|p2a: Samurott|Samurott-Hisui, F|100\/100\n|move|p1a: Ting-Lu|Stealth Rock|p2a: Samurott\n|-sidestart|p2: 85792195wwww|move: Stealth Rock\n|\n|upkeep\n|turn|7\n|\n|t:|1699264076\n|move|p2a: Samurott|Encore|p1a: Ting-Lu\n|-start|p1a: Ting-Lu|Encore\n|move|p1a: Ting-Lu|Stealth Rock||[still]\n|-fail|p1a: Ting-Lu\n|\n|upkeep\n|turn|8\n|\n|t:|1699264082\n|switch|p1a: Ditto|Ditto, shiny|100\/100\n|-transform|p1a: Ditto|p2a: Samurott|[from] ability: Imposter\n|move|p2a: Samurott|Ceaseless Edge|p1a: Ditto\n|-resisted|p1a: Ditto\n|-damage|p1a: Ditto|69\/100\n|-sidestart|p1: Walter black 0000|Spikes\n|\n|upkeep\n|turn|9\n|\n|t:|1699264092\n|move|p1a: Ditto|Ceaseless Edge|p2a: Samurott\n|-resisted|p2a: Samurott\n|-damage|p2a: Samurott|73\/100\n|-sidestart|p2: 85792195wwww|Spikes\n|move|p2a: Samurott|Ceaseless Edge|p1a: Ditto\n|-resisted|p1a: Ditto\n|-damage|p1a: Ditto|38\/100\n|-sidestart|p1: Walter black 0000|Spikes\n|\n|upkeep\n|turn|10\n|\n|t:|1699264101\n|move|p1a: Ditto|Ceaseless Edge|p2a: Samurott\n|-resisted|p2a: Samurott\n|-damage|p2a: Samurott|43\/100\n|-sidestart|p2: 85792195wwww|Spikes\n|move|p2a: Samurott|Ceaseless Edge|p1a: Ditto\n|-resisted|p1a: Ditto\n|-damage|p1a: Ditto|5\/100\n|-sidestart|p1: Walter black 0000|Spikes\n|\n|upkeep\n|turn|11\n|\n|t:|1699264110\n|move|p1a: Ditto|Ceaseless Edge|p2a: Samurott\n|-resisted|p2a: Samurott\n|-damage|p2a: Samurott|14\/100\n|-sidestart|p2: 85792195wwww|Spikes\n|move|p2a: Samurott|Razor Shell|p1a: Ditto\n|-resisted|p1a: Ditto\n|-damage|p1a: Ditto|0 fnt\n|faint|p1a: Ditto\n|\n|upkeep\n|\n|t:|1699264116\n|switch|p1a: Dondozo|Dondozo, F|100\/100\n|-damage|p1a: Dondozo|75\/100|[from] Spikes\n|turn|12\n|\n|t:|1699264124\n|move|p2a: Samurott|Taunt|p1a: Dondozo\n|-start|p1a: Dondozo|move: Taunt\n|move|p1a: Dondozo|Body Press|p2a: Samurott\n|-supereffective|p2a: Samurott\n|-damage|p2a: Samurott|0 fnt\n|faint|p2a: Samurott\n|\n|-heal|p1a: Dondozo|82\/100|[from] item: Leftovers\n|upkeep\n|\n|t:|1699264143\n|switch|p2a: Xerneas|Xerneas|100\/100\n|-damage|p2a: Xerneas|88\/100|[from] Stealth Rock\n|-damage|p2a: Xerneas|63\/100|[from] Spikes\n|-ability|p2a: Xerneas|Fairy Aura\n|turn|13\n|\n|t:|1699264150\n|switch|p1a: Magearna|Magearna|77\/100\n|-damage|p1a: Magearna|52\/100|[from] Spikes\n|move|p2a: Xerneas|Moonblast|p1a: Magearna\n|-resisted|p1a: Magearna\n|-damage|p1a: Magearna|29\/100\n|\n|upkeep\n|turn|14\n|\n|t:|1699264159\n|-terastallize|p2a: Xerneas|Fairy\n|move|p2a: Xerneas|Moonblast|p1a: Magearna\n|-resisted|p1a: Magearna\n|-damage|p1a: Magearna|0 fnt\n|faint|p1a: Magearna\n|\n|upkeep\n|\n|t:|1699264166\n|switch|p1a: Ting-Lu|Ting-Lu|100\/100\n|-damage|p1a: Ting-Lu|76\/100|[from] Spikes\n|-ability|p1a: Ting-Lu|Vessel of Ruin\n|turn|15\n|\n|t:|1699264171\n|-terastallize|p1a: Ting-Lu|Water\n|move|p2a: Xerneas|Moonblast|p1a: Ting-Lu\n|-damage|p1a: Ting-Lu|22\/100\n|move|p1a: Ting-Lu|Earthquake|p2a: Xerneas\n|-damage|p2a: Xerneas|36\/100\n|\n|-heal|p1a: Ting-Lu|29\/100|[from] item: Leftovers\n|upkeep\n|turn|16\n|-message|Walter black 0000 forfeited.\n|\n|win|85792195wwww\n|raw|Walter black 0000's rating: 1834 &rarr; <strong>1813<\/strong><br \/>(-21 for losing)\n|raw|85792195wwww's rating: 1809 &rarr; <strong>1830<\/strong><br \/>(+21 for winning)\n|l|\u2606Walter black 0000\n|l|\u203d85792195wwww\n","uploadtime":1699264185,"views":15,"p1id":"walterblack0000","p2id":"85792195wwww","formatid":"gen9nationaldexubers","rating":1813,"private":0,"password":""}