{"id":"gen9nationaldexubers-1986914326","p1":"dumboffaperc","p2":"Nightly20","format":"[Gen 9] National Dex Ubers","log":"|j|\u2606dumboffaperc\n|j|\u2606Nightly20\n|t:|1699540550\n|gametype|singles\n|player|p1|dumboffaperc|swimmer-gen4dp|1487\n|player|p2|Nightly20|lance|1464\n|teamsize|p1|6\n|teamsize|p2|6\n|gen|9\n|tier|[Gen 9] National Dex Ubers\n|rated|\n|rule|HP Percentage Mod: HP is shown in percentages\n|rule|Endless Battle Clause: Forcing endless battles is banned\n|rule|OHKO Clause: OHKO moves are banned\n|rule|Evasion Moves Clause: Evasion moves are banned\n|rule|Evasion Items Clause: Evasion items are banned\n|rule|Species Clause: Limit one of each Pok\u00e9mon\n|rule|Sleep Clause Mod: Limit one foe put to sleep\n|rule|Mega Rayquaza Clause: You cannot mega evolve Rayquaza\n|clearpoke\n|poke|p1|Lucario, M|\n|poke|p1|Landorus, M|\n|poke|p1|Ditto|\n|poke|p1|Shuckle, M|\n|poke|p1|Gholdengo|\n|poke|p1|Tapu Lele|\n|poke|p2|Zygarde|\n|poke|p2|Groudon|\n|poke|p2|Ho-Oh|\n|poke|p2|Zacian-*|\n|poke|p2|Arceus-Dark|\n|poke|p2|Marshadow|\n|teampreview\n|inactive|Battle timer is ON: inactive players will automatically lose when time's up. (requested by Nightly20)\n|inactive|dumboffaperc also wants the timer to be on.\n|\n|t:|1699540577\n|start\n|switch|p1a: Shuckle|Shuckle, M|100\/100\n|switch|p2a: Zygarde|Zygarde|100\/100\n|turn|1\n|\n|t:|1699540583\n|move|p2a: Zygarde|Thousand Waves|p1a: Shuckle\n|-damage|p1a: Shuckle|76\/100\n|-activate|p1a: Shuckle|trapped\n|move|p1a: Shuckle|Encore|p2a: Zygarde\n|-start|p2a: Zygarde|Encore\n|\n|upkeep\n|turn|2\n|\n|t:|1699540588\n|move|p2a: Zygarde|Thousand Waves|p1a: Shuckle\n|-damage|p1a: Shuckle|53\/100\n|move|p1a: Shuckle|Stealth Rock|p2a: Zygarde\n|-sidestart|p2: Nightly20|move: Stealth Rock\n|\n|upkeep\n|turn|3\n|\n|t:|1699540591\n|move|p2a: Zygarde|Thousand Waves|p1a: Shuckle\n|-damage|p1a: Shuckle|29\/100\n|move|p1a: Shuckle|Sticky Web|p2a: Zygarde\n|-sidestart|p2: Nightly20|move: Sticky Web\n|\n|upkeep\n|turn|4\n|\n|t:|1699540595\n|move|p2a: Zygarde|Thousand Waves|p1a: Shuckle\n|-damage|p1a: Shuckle|7\/100\n|move|p1a: Shuckle|Final Gambit|p2a: Zygarde\n|-damage|p2a: Zygarde|97\/100\n|faint|p1a: Shuckle\n|\n|-end|p2a: Zygarde|Encore\n|upkeep\n|\n|t:|1699540597\n|switch|p1a: Tapu Lele|Tapu Lele|100\/100\n|-fieldstart|move: Psychic Terrain|[from] ability: Psychic Surge|[of] p1a: Tapu Lele\n|turn|5\n|\n|t:|1699540610\n|switch|p1a: Gholdengo|Gholdengo|100\/100\n|-item|p1a: Gholdengo|Air Balloon\n|switch|p2a: Ho-Oh|Ho-Oh, shiny|100\/100\n|\n|upkeep\n|turn|6\n|\n|t:|1699540615\n|-terastallize|p1a: Gholdengo|Water\n|move|p1a: Gholdengo|Nasty Plot|p1a: Gholdengo\n|-boost|p1a: Gholdengo|spa|2\n|move|p2a: Ho-Oh|Defog|p1a: Gholdengo\n|-immune|p1a: Gholdengo|[from] ability: Good as Gold\n|\n|upkeep\n|turn|7\n|\n|t:|1699540629\n|move|p1a: Gholdengo|Nasty Plot|p1a: Gholdengo\n|-boost|p1a: Gholdengo|spa|2\n|move|p2a: Ho-Oh|Toxic|p1a: Gholdengo\n|-immune|p1a: Gholdengo|[from] ability: Good as Gold\n|\n|upkeep\n|turn|8\n|\n|t:|1699540638\n|switch|p2a: Groudon|Groudon, shiny|100\/100\n|-damage|p2a: Groudon|94\/100|[from] Stealth Rock\n|-activate|p2a: Groudon|move: Sticky Web\n|-unboost|p2a: Groudon|spe|1\n|detailschange|p2a: Groudon|Groudon-Primal, shiny\n|-primal|p2a: Groudon|Red Orb\n|-weather|DesolateLand|[from] ability: Desolate Land|[of] p2a: Groudon\n|move|p1a: Gholdengo|Nasty Plot|p1a: Gholdengo\n|-boost|p1a: Gholdengo|spa|2\n|\n|-weather|DesolateLand|[upkeep]\n|upkeep\n|turn|9\n|\n|t:|1699540651\n|move|p1a: Gholdengo|Shadow Ball|p2a: Groudon\n|-damage|p2a: Groudon|0 fnt\n|faint|p2a: Groudon\n|-weather|none\n|\n|-fieldend|move: Psychic Terrain\n|upkeep\n|\n|t:|1699540664\n|switch|p2a: Zygarde|Zygarde|97\/100\n|-damage|p2a: Zygarde|90\/100|[from] Stealth Rock\n|-activate|p2a: Zygarde|move: Sticky Web\n|-unboost|p2a: Zygarde|spe|1\n|turn|10\n|inactive|dumboffaperc has 120 seconds left.\n|\n|t:|1699540697\n|-terastallize|p2a: Zygarde|Fairy\n|move|p1a: Gholdengo|Shadow Ball|p2a: Zygarde\n|-damage|p2a: Zygarde|0 fnt\n|faint|p2a: Zygarde\n|\n|upkeep\n|\n|t:|1699540704\n|switch|p2a: Zacian|Zacian-Crowned, shiny|100\/100\n|-damage|p2a: Zacian|94\/100|[from] Stealth Rock\n|-activate|p2a: Zacian|move: Sticky Web\n|-unboost|p2a: Zacian|spe|1\n|-ability|p2a: Zacian|Intrepid Sword|boost\n|-boost|p2a: Zacian|atk|1\n|turn|11\n|inactive|dumboffaperc has 120 seconds left.\n|\n|t:|1699540736\n|move|p1a: Gholdengo|Make It Rain|p2a: Zacian\n|-crit|p2a: Zacian\n|-damage|p2a: Zacian|0 fnt\n|-unboost|p1a: Gholdengo|spa|1\n|faint|p2a: Zacian\n|\n|upkeep\n|\n|t:|1699540745\n|switch|p2a: Ho-Oh|Ho-Oh, shiny|100\/100\n|turn|12\n|\n|t:|1699540764\n|move|p1a: Gholdengo|Shadow Ball|p2a: Ho-Oh\n|-damage|p2a: Ho-Oh|24\/100\n|move|p2a: Ho-Oh|Sacred Fire|p1a: Gholdengo\n|-resisted|p1a: Gholdengo\n|-damage|p1a: Gholdengo|74\/100\n|-status|p1a: Gholdengo|brn\n|-enditem|p1a: Gholdengo|Air Balloon\n|\n|-damage|p1a: Gholdengo|68\/100 brn|[from] brn\n|upkeep\n|turn|13\n|\n|t:|1699540773\n|move|p2a: Ho-Oh|Protect|p2a: Ho-Oh\n|-singleturn|p2a: Ho-Oh|Protect\n|move|p1a: Gholdengo|Shadow Ball|p2a: Ho-Oh\n|-activate|p2a: Ho-Oh|move: Protect\n|\n|-damage|p1a: Gholdengo|62\/100 brn|[from] brn\n|upkeep\n|turn|14\n|inactive|dumboffaperc has 120 seconds left.\n|\n|t:|1699540778\n|switch|p2a: Arceus|Arceus-Dark|100\/100\n|-damage|p2a: Arceus|88\/100|[from] Stealth Rock\n|-activate|p2a: Arceus|move: Sticky Web\n|-unboost|p2a: Arceus|spe|1\n|move|p1a: Gholdengo|Recover|p1a: Gholdengo\n|-heal|p1a: Gholdengo|100\/100 brn\n|\n|-damage|p1a: Gholdengo|94\/100 brn|[from] brn\n|upkeep\n|turn|15\n|\n|t:|1699540786\n|move|p1a: Gholdengo|Make It Rain|p2a: Arceus\n|-damage|p2a: Arceus|0 fnt\n|-unboost|p1a: Gholdengo|spa|1\n|faint|p2a: Arceus\n|\n|-damage|p1a: Gholdengo|88\/100 brn|[from] brn\n|upkeep\n|\n|t:|1699540791\n|switch|p2a: Ho-Oh|Ho-Oh, shiny|57\/100\n|turn|16\n|\n|t:|1699540793\n|move|p1a: Gholdengo|Shadow Ball|p2a: Ho-Oh\n|-damage|p2a: Ho-Oh|0 fnt\n|faint|p2a: Ho-Oh\n|\n|-damage|p1a: Gholdengo|82\/100 brn|[from] brn\n|upkeep\n|\n|t:|1699540797\n|switch|p2a: Marshadow|Marshadow|100\/100\n|-damage|p2a: Marshadow|94\/100|[from] Stealth Rock\n|-activate|p2a: Marshadow|move: Sticky Web\n|-unboost|p2a: Marshadow|spe|1\n|turn|17\n|\n|t:|1699540799\n|move|p1a: Gholdengo|Make It Rain|p2a: Marshadow\n|-damage|p2a: Marshadow|0 fnt\n|-unboost|p1a: Gholdengo|spa|1\n|faint|p2a: Marshadow\n|\n|win|dumboffaperc\n|raw|dumboffaperc's rating: 1521 &rarr; <strong>1538<\/strong><br \/>(+17 for winning)\n|raw|Nightly20's rating: 1464 &rarr; <strong>1447<\/strong><br \/>(-17 for losing)\n|l|\u2606Nightly20\n","uploadtime":1699540808,"views":5,"p1id":"dumboffaperc","p2id":"nightly20","formatid":"gen9nationaldexubers","rating":1447,"private":0,"password":""}