{"id":"gen9nationaldexubers-1994005447","p1":"legospooder","p2":"Snapteryx","format":"[Gen 9] National Dex Ubers","log":"|j|\u2606legospooder\n|j|\u2606Snapteryx\n|t:|1700392094\n|gametype|singles\n|player|p1|legospooder|grimsley|\n|player|p2|Snapteryx|allister|\n|teamsize|p1|6\n|teamsize|p2|6\n|gen|9\n|tier|[Gen 9] National Dex Ubers\n|rule|HP Percentage Mod: HP is shown in percentages\n|rule|Endless Battle Clause: Forcing endless battles is banned\n|rule|OHKO Clause: OHKO moves are banned\n|rule|Evasion Moves Clause: Evasion moves are banned\n|rule|Evasion Items Clause: Evasion items are banned\n|rule|Species Clause: Limit one of each Pok\u00e9mon\n|rule|Sleep Clause Mod: Limit one foe put to sleep\n|rule|Mega Rayquaza Clause: You cannot mega evolve Rayquaza\n|clearpoke\n|poke|p1|Ogerpon-Hearthflame, F|\n|poke|p1|Charizard, M|\n|poke|p1|Heatran, F|\n|poke|p1|Cinderace, F|\n|poke|p1|Skeledirge, F|\n|poke|p1|Ceruledge, M|\n|poke|p2|Gliscor, M|\n|poke|p2|Corviknight, M|\n|poke|p2|Mantine, F|\n|poke|p2|Landorus, M|\n|poke|p2|Charizard, M|\n|poke|p2|Zapdos-Galar|\n|teampreview\n|c|\u2606legospooder|picked the right team this time lol\n|\n|t:|1700392133\n|start\n|switch|p1a: Christian Eriksen|Charizard, M, shiny|100\/100\n|switch|p2a: Charizard|Charizard, M|100\/100\n|turn|1\n|\n|t:|1700392161\n|detailschange|p2a: Charizard|Charizard-Mega-Y, M\n|-mega|p2a: Charizard|Charizard|Charizardite Y\n|-weather|SunnyDay|[from] ability: Drought|[of] p2a: Charizard\n|detailschange|p1a: Christian Eriksen|Charizard-Mega-Y, M, shiny\n|-mega|p1a: Christian Eriksen|Charizard|Charizardite Y\n|move|p2a: Charizard|Air Slash|p1a: Christian Eriksen\n|-damage|p1a: Christian Eriksen|54\/100\n|move|p1a: Christian Eriksen|Weather Ball|p2a: Charizard\n|-resisted|p2a: Charizard\n|-damage|p2a: Charizard|52\/100\n|\n|-weather|SunnyDay|[upkeep]\n|upkeep\n|turn|2\n|\n|t:|1700392191\n|switch|p1a: Simon Kj\u00e6r|Heatran, F, shiny|100\/100\n|-item|p1a: Simon Kj\u00e6r|Air Balloon\n|move|p2a: Charizard|Roost|p2a: Charizard\n|-heal|p2a: Charizard|100\/100\n|-singleturn|p2a: Charizard|move: Roost\n|\n|-weather|SunnyDay|[upkeep]\n|upkeep\n|turn|3\n|\n|t:|1700392201\n|move|p2a: Charizard|Flamethrower|p1a: Simon Kj\u00e6r\n|-damage|p1a: Simon Kj\u00e6r|26\/100\n|-enditem|p1a: Simon Kj\u00e6r|Air Balloon\n|move|p1a: Simon Kj\u00e6r|Power Gem|p2a: Charizard\n|-supereffective|p2a: Charizard\n|-damage|p2a: Charizard|0 fnt\n|faint|p2a: Charizard\n|\n|-weather|SunnyDay|[upkeep]\n|upkeep\n|c|\u2606legospooder|LESGO\n|\n|t:|1700392223\n|switch|p2a: Snippy Boi|Gliscor, M, shiny|100\/100\n|turn|4\n|\n|t:|1700392302\n|move|p1a: Simon Kj\u00e6r|Dragon Pulse|p2a: Snippy Boi\n|-damage|p2a: Snippy Boi|70\/100\n|move|p2a: Snippy Boi|Stealth Rock|p1a: Simon Kj\u00e6r\n|-sidestart|p1: legospooder|move: Stealth Rock\n|\n|-weather|SunnyDay|[upkeep]\n|-status|p2a: Snippy Boi|tox|[from] item: Toxic Orb\n|upkeep\n|turn|5\n|\n|t:|1700392309\n|move|p1a: Simon Kj\u00e6r|Dragon Pulse|p2a: Snippy Boi\n|-damage|p2a: Snippy Boi|40\/100 tox\n|move|p2a: Snippy Boi|U-turn|p1a: Simon Kj\u00e6r\n|-resisted|p1a: Simon Kj\u00e6r\n|-damage|p1a: Simon Kj\u00e6r|23\/100\n|\n|t:|1700392324\n|switch|p2a: L*ndorus|Landorus, M|100\/100|[from] U-turn\n|\n|-weather|none\n|upkeep\n|turn|6\n|\n|t:|1700392332\n|move|p2a: L*ndorus|Earth Power|p1a: Simon Kj\u00e6r\n|-supereffective|p1a: Simon Kj\u00e6r\n|-damage|p1a: Simon Kj\u00e6r|0 fnt\n|faint|p1a: Simon Kj\u00e6r\n|\n|upkeep\n|\n|t:|1700392345\n|switch|p1a: Rasmus H\u00f8jlund|Cinderace, F|100\/100\n|turn|7\n|\n|t:|1700392380\n|move|p1a: Rasmus H\u00f8jlund|Court Change|p1a: Rasmus H\u00f8jlund\n|-start|p1a: Rasmus H\u00f8jlund|typechange|Normal|[from] ability: Libero\n|-swapsideconditions\n|-activate|p1a: Rasmus H\u00f8jlund|move: Court Change\n|move|p2a: L*ndorus|Earth Power|p1a: Rasmus H\u00f8jlund\n|-damage|p1a: Rasmus H\u00f8jlund|4\/100\n|\n|upkeep\n|turn|8\n|c|\u2606Snapteryx|75% chance to ohko\n|c|\u2606legospooder|lmao\n|\n|t:|1700392418\n|move|p1a: Rasmus H\u00f8jlund|High Jump Kick|p2a: L*ndorus\n|-resisted|p2a: L*ndorus\n|-damage|p2a: L*ndorus|77\/100\n|move|p2a: L*ndorus|U-turn|p1a: Rasmus H\u00f8jlund\n|-damage|p1a: Rasmus H\u00f8jlund|0 fnt\n|faint|p1a: Rasmus H\u00f8jlund\n|-damage|p2a: L*ndorus|67\/100|[from] item: Life Orb\n|\n|t:|1700392458\n|switch|p2a: Delta Airlines|Corviknight, M, shiny|100\/100|[from] U-turn\n|-damage|p2a: Delta Airlines|88\/100|[from] Stealth Rock\n|-ability|p2a: Delta Airlines|Pressure\n|\n|-heal|p2a: Delta Airlines|94\/100|[from] item: Leftovers\n|upkeep\n|\n|t:|1700392471\n|switch|p1a: Christian Eriksen|Charizard-Mega-Y, M, shiny|54\/100\n|-weather|SunnyDay|[from] ability: Drought|[of] p1a: Christian Eriksen\n|turn|9\n|\n|t:|1700392489\n|-terastallize|p2a: Delta Airlines|Flying\n|move|p1a: Christian Eriksen|Weather Ball|p2a: Delta Airlines\n|-damage|p2a: Delta Airlines|26\/100\n|move|p2a: Delta Airlines|Defog|p1a: Christian Eriksen\n|-unboost|p1a: Christian Eriksen|evasion|1\n|-sideend|p2: Snapteryx|Stealth Rock|[from] move: Defog|[of] p2a: Delta Airlines\n|\n|-weather|SunnyDay|[upkeep]\n|-heal|p2a: Delta Airlines|32\/100|[from] item: Leftovers\n|upkeep\n|turn|10\n|\n|t:|1700392503\n|move|p1a: Christian Eriksen|Weather Ball|p2a: Delta Airlines\n|-damage|p2a: Delta Airlines|0 fnt\n|faint|p2a: Delta Airlines\n|\n|-weather|SunnyDay|[upkeep]\n|upkeep\n|\n|t:|1700392535\n|switch|p2a: Alula|Mantine, F, shiny|100\/100\n|turn|11\n|\n|t:|1700392543\n|switch|p1a: Christian N\u00f8rgaard|Ogerpon-Hearthflame, F|100\/100\n|-ability|p1a: Christian N\u00f8rgaard|Mold Breaker\n|move|p2a: Alula|Toxic|p1a: Christian N\u00f8rgaard\n|-status|p1a: Christian N\u00f8rgaard|tox\n|\n|-weather|SunnyDay|[upkeep]\n|-damage|p1a: Christian N\u00f8rgaard|95\/100 tox|[from] psn\n|upkeep\n|turn|12\n|\n|t:|1700392554\n|switch|p2a: Snippy Boi|Gliscor, M, shiny|40\/100 tox\n|move|p1a: Christian N\u00f8rgaard|Horn Leech|p2a: Snippy Boi\n|-damage|p2a: Snippy Boi|10\/100 tox\n|-heal|p1a: Christian N\u00f8rgaard|100\/100 tox|[from] drain|[of] p2a: Snippy Boi\n|\n|-weather|SunnyDay|[upkeep]\n|-damage|p1a: Christian N\u00f8rgaard|89\/100 tox|[from] psn\n|-heal|p2a: Snippy Boi|23\/100 tox|[from] ability: Poison Heal\n|upkeep\n|turn|13\n|\n|t:|1700392564\n|move|p1a: Christian N\u00f8rgaard|Horn Leech|p2a: Snippy Boi\n|-damage|p2a: Snippy Boi|0 fnt\n|-heal|p1a: Christian N\u00f8rgaard|100\/100 tox|[from] drain|[of] p2a: Snippy Boi\n|faint|p2a: Snippy Boi\n|\n|-weather|none\n|-damage|p1a: Christian N\u00f8rgaard|83\/100 tox|[from] psn\n|upkeep\n|\n|t:|1700392569\n|switch|p2a: Calamus|Zapdos-Galar|100\/100\n|turn|14\n|\n|t:|1700392578\n|move|p2a: Calamus|Brave Bird|p1a: Christian N\u00f8rgaard\n|-supereffective|p1a: Christian N\u00f8rgaard\n|-damage|p1a: Christian N\u00f8rgaard|0 fnt\n|faint|p1a: Christian N\u00f8rgaard\n|-damage|p2a: Calamus|75\/100|[from] Recoil\n|\n|upkeep\n|\n|t:|1700392585\n|switch|p1a: Mohamed Daraby|Ceruledge, M, shiny|100\/100\n|turn|15\n|\n|t:|1700392607\n|switch|p2a: Alula|Mantine, F, shiny|100\/100\n|move|p1a: Mohamed Daraby|Bitter Blade|p2a: Alula\n|-resisted|p2a: Alula\n|-damage|p2a: Alula|69\/100\n|\n|upkeep\n|turn|16\n|\n|t:|1700392620\n|switch|p1a: Christian Eriksen|Charizard-Mega-Y, M, shiny|54\/100\n|-weather|SunnyDay|[from] ability: Drought|[of] p1a: Christian Eriksen\n|move|p2a: Alula|Scald|p1a: Christian Eriksen\n|-supereffective|p1a: Christian Eriksen\n|-damage|p1a: Christian Eriksen|31\/100\n|\n|-weather|SunnyDay|[upkeep]\n|upkeep\n|turn|17\n|\n|t:|1700392663\n|move|p1a: Christian Eriksen|Solar Beam||[still]\n|-prepare|p1a: Christian Eriksen|Solar Beam\n|-anim|p1a: Christian Eriksen|Solar Beam|p2a: Alula\n|-damage|p2a: Alula|43\/100\n|move|p2a: Alula|Roost|p2a: Alula\n|-heal|p2a: Alula|93\/100\n|-singleturn|p2a: Alula|move: Roost\n|\n|-weather|SunnyDay|[upkeep]\n|upkeep\n|turn|18\n|\n|t:|1700392679\n|move|p1a: Christian Eriksen|Solar Beam||[still]\n|-prepare|p1a: Christian Eriksen|Solar Beam\n|-anim|p1a: Christian Eriksen|Solar Beam|p2a: Alula\n|-damage|p2a: Alula|65\/100\n|move|p2a: Alula|Toxic|p1a: Christian Eriksen|[miss]\n|-miss|p2a: Alula|p1a: Christian Eriksen\n|\n|-weather|SunnyDay|[upkeep]\n|upkeep\n|turn|19\n|\n|t:|1700392689\n|move|p1a: Christian Eriksen|Solar Beam||[still]\n|-prepare|p1a: Christian Eriksen|Solar Beam\n|-anim|p1a: Christian Eriksen|Solar Beam|p2a: Alula\n|-damage|p2a: Alula|39\/100\n|move|p2a: Alula|Roost|p2a: Alula\n|-heal|p2a: Alula|89\/100\n|-singleturn|p2a: Alula|move: Roost\n|\n|-weather|SunnyDay|[upkeep]\n|upkeep\n|turn|20\n|\n|t:|1700392697\n|move|p1a: Christian Eriksen|Solar Beam||[still]\n|-prepare|p1a: Christian Eriksen|Solar Beam\n|-anim|p1a: Christian Eriksen|Solar Beam|p2a: Alula\n|-damage|p2a: Alula|62\/100\n|move|p2a: Alula|Toxic|p1a: Christian Eriksen\n|-status|p1a: Christian Eriksen|tox\n|\n|-weather|none\n|-damage|p1a: Christian Eriksen|25\/100 tox|[from] psn\n|upkeep\n|turn|21\n|\n|t:|1700392708\n|move|p1a: Christian Eriksen|Dragon Pulse|p2a: Alula\n|-damage|p2a: Alula|41\/100\n|move|p2a: Alula|Toxic|p1a: Christian Eriksen\n|-fail|p1a: Christian Eriksen|tox\n|\n|-damage|p1a: Christian Eriksen|13\/100 tox|[from] psn\n|upkeep\n|turn|22\n|\n|t:|1700392716\n|move|p1a: Christian Eriksen|Dragon Pulse|p2a: Alula\n|-damage|p2a: Alula|22\/100\n|move|p2a: Alula|Roost|p2a: Alula\n|-heal|p2a: Alula|72\/100\n|-singleturn|p2a: Alula|move: Roost\n|\n|-damage|p1a: Christian Eriksen|0 fnt|[from] psn\n|faint|p1a: Christian Eriksen\n|upkeep\n|\n|t:|1700392726\n|switch|p1a: Mohamed Daraby|Ceruledge, M, shiny|100\/100\n|turn|23\n|\n|t:|1700392733\n|move|p1a: Mohamed Daraby|Swords Dance|p1a: Mohamed Daraby\n|-boost|p1a: Mohamed Daraby|atk|2\n|move|p2a: Alula|Scald|p1a: Mohamed Daraby\n|-supereffective|p1a: Mohamed Daraby\n|-damage|p1a: Mohamed Daraby|61\/100\n|\n|upkeep\n|turn|24\n|\n|t:|1700392751\n|move|p1a: Mohamed Daraby|Bitter Blade|p2a: Alula\n|-resisted|p2a: Alula\n|-damage|p2a: Alula|7\/100\n|-heal|p1a: Mohamed Daraby|100\/100|[from] drain|[of] p2a: Alula\n|move|p2a: Alula|Scald|p1a: Mohamed Daraby\n|-supereffective|p1a: Mohamed Daraby\n|-damage|p1a: Mohamed Daraby|59\/100\n|\n|upkeep\n|turn|25\n|\n|t:|1700392767\n|move|p1a: Mohamed Daraby|Bitter Blade|p2a: Alula\n|-resisted|p2a: Alula\n|-damage|p2a: Alula|0 fnt\n|-heal|p1a: Mohamed Daraby|63\/100|[from] drain|[of] p2a: Alula\n|faint|p2a: Alula\n|\n|upkeep\n|\n|t:|1700392770\n|switch|p2a: Calamus|Zapdos-Galar|75\/100\n|turn|26\n|\n|t:|1700392796\n|move|p1a: Mohamed Daraby|Shadow Sneak|p2a: Calamus\n|-damage|p2a: Calamus|19\/100\n|move|p2a: Calamus|Knock Off|p1a: Mohamed Daraby\n|-supereffective|p1a: Mohamed Daraby\n|-damage|p1a: Mohamed Daraby|0 fnt\n|-enditem|p1a: Mohamed Daraby|Focus Sash|[from] move: Knock Off|[of] p2a: Calamus\n|faint|p1a: Mohamed Daraby\n|\n|upkeep\n|\n|t:|1700392803\n|switch|p1a: Casper Schmeichel|Skeledirge, F, shiny|100\/100\n|turn|27\n|\n|t:|1700392814\n|-terastallize|p1a: Casper Schmeichel|Fairy\n|move|p2a: Calamus|Knock Off|p1a: Casper Schmeichel\n|-resisted|p1a: Casper Schmeichel\n|-damage|p1a: Casper Schmeichel|87\/100\n|-enditem|p1a: Casper Schmeichel|Leftovers|[from] move: Knock Off|[of] p2a: Calamus\n|move|p1a: Casper Schmeichel|Torch Song|p2a: Calamus\n|-damage|p2a: Calamus|0 fnt\n|-boost|p1a: Casper Schmeichel|spa|1\n|faint|p2a: Calamus\n|\n|upkeep\n|\n|t:|1700392818\n|switch|p2a: L*ndorus|Landorus, M|67\/100\n|turn|28\n|c|\u2606Snapteryx|If you're standard spdef when we both 2hko\n|\n|t:|1700392841\n|move|p2a: L*ndorus|Sludge Wave|p1a: Casper Schmeichel\n|-supereffective|p1a: Casper Schmeichel\n|-damage|p1a: Casper Schmeichel|9\/100\n|move|p1a: Casper Schmeichel|Torch Song|p2a: L*ndorus\n|-damage|p2a: L*ndorus|0 fnt\n|-boost|p1a: Casper Schmeichel|spa|1\n|faint|p2a: L*ndorus\n|\n|win|legospooder\n|c|\u2606Snapteryx|Rip\n|c|\u2606legospooder|ggg\n","uploadtime":1700392854,"views":7,"p1id":"legospooder","p2id":"snapteryx","formatid":"gen9nationaldexubers","rating":0,"private":0,"password":""}