{"id":"gen9nationaldexubers-1984140926","p1":"raytsun","p2":"EVIL-M0DE\ufe0f\ufe0f\ufe0f\ufe0f\ufe0f\u25aa\ufe0f","format":"[Gen 9] National Dex Ubers","log":"|j|\u2606raytsun\n|j|\u2606EVIL-M0DE\ufe0f\ufe0f\ufe0f\ufe0f\ufe0f\u25aa\ufe0f\n|t:|1699222943\n|gametype|singles\n|player|p1|raytsun|volkner|1053\n|player|p2|EVIL-M0DE\ufe0f\ufe0f\ufe0f\ufe0f\ufe0f\u25aa\ufe0f|guitarist|1140\n|teamsize|p1|6\n|teamsize|p2|6\n|gen|9\n|tier|[Gen 9] National Dex Ubers\n|rated|\n|rule|HP Percentage Mod: HP is shown in percentages\n|rule|Endless Battle Clause: Forcing endless battles is banned\n|rule|OHKO Clause: OHKO moves are banned\n|rule|Evasion Moves Clause: Evasion moves are banned\n|rule|Evasion Items Clause: Evasion items are banned\n|rule|Species Clause: Limit one of each Pok\u00e9mon\n|rule|Sleep Clause Mod: Limit one foe put to sleep\n|rule|Mega Rayquaza Clause: You cannot mega evolve Rayquaza\n|clearpoke\n|poke|p1|Haxorus, M|\n|poke|p1|Toxtricity, M|\n|poke|p1|Hippowdon, M|\n|poke|p1|Weavile, M|\n|poke|p1|Gliscor, M|\n|poke|p1|Armarouge, M|\n|poke|p2|Zarude-Dada|\n|poke|p2|Samurott-Hisui, M|\n|poke|p2|Sableye, M|\n|poke|p2|Malamar, F|\n|poke|p2|Honchkrow, F|\n|poke|p2|Mightyena, M|\n|teampreview\n|j| rekloz\n|\n|t:|1699223020\n|start\n|switch|p1a: Armarouge|Armarouge, M|100\/100\n|switch|p2a: \u26ab\ufe0f\u26ab\ufe0fSAMOURITT\u26ab\ufe0f\u26ab\ufe0f|Samurott-Hisui, M|100\/100\n|turn|1\n|\n|t:|1699223031\n|-terastallize|p1a: Armarouge|Grass\n|move|p1a: Armarouge|Energy Ball|p2a: \u26ab\ufe0f\u26ab\ufe0fSAMOURITT\u26ab\ufe0f\u26ab\ufe0f\n|-supereffective|p2a: \u26ab\ufe0f\u26ab\ufe0fSAMOURITT\u26ab\ufe0f\u26ab\ufe0f\n|-damage|p2a: \u26ab\ufe0f\u26ab\ufe0fSAMOURITT\u26ab\ufe0f\u26ab\ufe0f|0 fnt\n|faint|p2a: \u26ab\ufe0f\u26ab\ufe0fSAMOURITT\u26ab\ufe0f\u26ab\ufe0f\n|\n|upkeep\n|\n|t:|1699223039\n|switch|p2a: \u26ab\ufe0f\u26ab\ufe0fHONCHKROW\u26ab\ufe0f\u26ab\ufe0f|Honchkrow, F|100\/100\n|turn|2\n|\n|t:|1699223046\n|switch|p1a: Hippowdon|Hippowdon, M|100\/100\n|-weather|Sandstorm|[from] ability: Sand Stream|[of] p1a: Hippowdon\n|move|p2a: \u26ab\ufe0f\u26ab\ufe0fHONCHKROW\u26ab\ufe0f\u26ab\ufe0f|Sucker Punch||[still]\n|-fail|p2a: \u26ab\ufe0f\u26ab\ufe0fHONCHKROW\u26ab\ufe0f\u26ab\ufe0f\n|\n|-weather|Sandstorm|[upkeep]\n|-damage|p2a: \u26ab\ufe0f\u26ab\ufe0fHONCHKROW\u26ab\ufe0f\u26ab\ufe0f|94\/100|[from] Sandstorm\n|upkeep\n|turn|3\n|\n|t:|1699223059\n|move|p2a: \u26ab\ufe0f\u26ab\ufe0fHONCHKROW\u26ab\ufe0f\u26ab\ufe0f|Foul Play|p1a: Hippowdon\n|-damage|p1a: Hippowdon|73\/100\n|move|p1a: Hippowdon|Yawn|p2a: \u26ab\ufe0f\u26ab\ufe0fHONCHKROW\u26ab\ufe0f\u26ab\ufe0f\n|-start|p2a: \u26ab\ufe0f\u26ab\ufe0fHONCHKROW\u26ab\ufe0f\u26ab\ufe0f|move: Yawn|[of] p1a: Hippowdon\n|\n|-weather|Sandstorm|[upkeep]\n|-damage|p2a: \u26ab\ufe0f\u26ab\ufe0fHONCHKROW\u26ab\ufe0f\u26ab\ufe0f|88\/100|[from] Sandstorm\n|-heal|p1a: Hippowdon|79\/100|[from] item: Leftovers\n|upkeep\n|turn|4\n|\n|t:|1699223073\n|switch|p2a: \u26ab\ufe0f\u26ab\ufe0fZARUDE\u26ab\ufe0f|Zarude-Dada|100\/100\n|move|p1a: Hippowdon|Thunder Fang|p2a: \u26ab\ufe0f\u26ab\ufe0fZARUDE\u26ab\ufe0f\n|-resisted|p2a: \u26ab\ufe0f\u26ab\ufe0fZARUDE\u26ab\ufe0f\n|-damage|p2a: \u26ab\ufe0f\u26ab\ufe0fZARUDE\u26ab\ufe0f|91\/100\n|\n|-weather|Sandstorm|[upkeep]\n|-damage|p2a: \u26ab\ufe0f\u26ab\ufe0fZARUDE\u26ab\ufe0f|85\/100|[from] Sandstorm\n|-heal|p1a: Hippowdon|85\/100|[from] item: Leftovers\n|upkeep\n|turn|5\n|\n|t:|1699223085\n|switch|p1a: Armarouge|Armarouge, M, tera:Grass|100\/100\n|move|p2a: \u26ab\ufe0f\u26ab\ufe0fZARUDE\u26ab\ufe0f|Knock Off|p1a: Armarouge\n|-crit|p1a: Armarouge\n|-damage|p1a: Armarouge|20\/100\n|-ability|p1a: Armarouge|Weak Armor|boost\n|-unboost|p1a: Armarouge|def|1\n|-boost|p1a: Armarouge|spe|2\n|-enditem|p1a: Armarouge|Choice Specs|[from] move: Knock Off|[of] p2a: \u26ab\ufe0f\u26ab\ufe0fZARUDE\u26ab\ufe0f\n|\n|-weather|Sandstorm|[upkeep]\n|-damage|p1a: Armarouge|14\/100|[from] Sandstorm\n|-damage|p2a: \u26ab\ufe0f\u26ab\ufe0fZARUDE\u26ab\ufe0f|79\/100|[from] Sandstorm\n|upkeep\n|turn|6\n|\n|t:|1699223111\n|switch|p2a: \u26ab\ufe0fSABLEEYE\u26ab\ufe0f|Sableye, M|100\/100\n|move|p1a: Armarouge|Armor Cannon|p2a: \u26ab\ufe0fSABLEEYE\u26ab\ufe0f\n|-damage|p2a: \u26ab\ufe0fSABLEEYE\u26ab\ufe0f|23\/100\n|-unboost|p1a: Armarouge|def|1\n|-unboost|p1a: Armarouge|spd|1\n|\n|-weather|none\n|upkeep\n|turn|7\n|\n|t:|1699223122\n|move|p2a: \u26ab\ufe0fSABLEEYE\u26ab\ufe0f|Sucker Punch|p1a: Armarouge\n|-damage|p1a: Armarouge|0 fnt\n|faint|p1a: Armarouge\n|\n|upkeep\n|\n|t:|1699223132\n|switch|p1a: Hippowdon|Hippowdon, M|85\/100\n|-weather|Sandstorm|[from] ability: Sand Stream|[of] p1a: Hippowdon\n|turn|8\n|\n|t:|1699223141\n|detailschange|p2a: \u26ab\ufe0fSABLEEYE\u26ab\ufe0f|Sableye-Mega, M\n|-mega|p2a: \u26ab\ufe0fSABLEEYE\u26ab\ufe0f|Sableye|Sablenite\n|move|p1a: Hippowdon|Yawn|p2a: \u26ab\ufe0fSABLEEYE\u26ab\ufe0f\n|move|p2a: \u26ab\ufe0fSABLEEYE\u26ab\ufe0f|Yawn|p1a: Hippowdon|[from]ability: Magic Bounce\n|-start|p1a: Hippowdon|move: Yawn|[of] p2a: \u26ab\ufe0fSABLEEYE\u26ab\ufe0f\n|move|p2a: \u26ab\ufe0fSABLEEYE\u26ab\ufe0f|Recover|p2a: \u26ab\ufe0fSABLEEYE\u26ab\ufe0f\n|-heal|p2a: \u26ab\ufe0fSABLEEYE\u26ab\ufe0f|73\/100\n|\n|-weather|Sandstorm|[upkeep]\n|-damage|p2a: \u26ab\ufe0fSABLEEYE\u26ab\ufe0f|67\/100|[from] Sandstorm\n|-heal|p1a: Hippowdon|91\/100|[from] item: Leftovers\n|upkeep\n|turn|9\n|\n|t:|1699223155\n|move|p1a: Hippowdon|Earthquake|p2a: \u26ab\ufe0fSABLEEYE\u26ab\ufe0f\n|-damage|p2a: \u26ab\ufe0fSABLEEYE\u26ab\ufe0f|24\/100\n|move|p2a: \u26ab\ufe0fSABLEEYE\u26ab\ufe0f|Knock Off|p1a: Hippowdon\n|-damage|p1a: Hippowdon|75\/100\n|-enditem|p1a: Hippowdon|Leftovers|[from] move: Knock Off|[of] p2a: \u26ab\ufe0fSABLEEYE\u26ab\ufe0f\n|\n|-weather|Sandstorm|[upkeep]\n|-damage|p2a: \u26ab\ufe0fSABLEEYE\u26ab\ufe0f|18\/100|[from] Sandstorm\n|-end|p1a: Hippowdon|move: Yawn|[silent]\n|-status|p1a: Hippowdon|slp\n|upkeep\n|turn|10\n|\n|t:|1699223168\n|switch|p1a: Weavile|Weavile, M|100\/100\n|-ability|p1a: Weavile|Pressure\n|move|p2a: \u26ab\ufe0fSABLEEYE\u26ab\ufe0f|Recover|p2a: \u26ab\ufe0fSABLEEYE\u26ab\ufe0f\n|-heal|p2a: \u26ab\ufe0fSABLEEYE\u26ab\ufe0f|68\/100\n|\n|-weather|Sandstorm|[upkeep]\n|-damage|p1a: Weavile|94\/100|[from] Sandstorm\n|-damage|p2a: \u26ab\ufe0fSABLEEYE\u26ab\ufe0f|62\/100|[from] Sandstorm\n|upkeep\n|turn|11\n|\n|t:|1699223178\n|move|p1a: Weavile|Poison Jab|p2a: \u26ab\ufe0fSABLEEYE\u26ab\ufe0f\n|-resisted|p2a: \u26ab\ufe0fSABLEEYE\u26ab\ufe0f\n|-damage|p2a: \u26ab\ufe0fSABLEEYE\u26ab\ufe0f|44\/100\n|move|p2a: \u26ab\ufe0fSABLEEYE\u26ab\ufe0f|Recover|p2a: \u26ab\ufe0fSABLEEYE\u26ab\ufe0f\n|-heal|p2a: \u26ab\ufe0fSABLEEYE\u26ab\ufe0f|94\/100\n|\n|-weather|Sandstorm|[upkeep]\n|-damage|p1a: Weavile|88\/100|[from] Sandstorm\n|-damage|p2a: \u26ab\ufe0fSABLEEYE\u26ab\ufe0f|88\/100|[from] Sandstorm\n|upkeep\n|turn|12\n|\n|t:|1699223189\n|move|p1a: Weavile|Poison Jab|p2a: \u26ab\ufe0fSABLEEYE\u26ab\ufe0f\n|-resisted|p2a: \u26ab\ufe0fSABLEEYE\u26ab\ufe0f\n|-damage|p2a: \u26ab\ufe0fSABLEEYE\u26ab\ufe0f|69\/100\n|-status|p2a: \u26ab\ufe0fSABLEEYE\u26ab\ufe0f|psn\n|move|p2a: \u26ab\ufe0fSABLEEYE\u26ab\ufe0f|Knock Off|p1a: Weavile\n|-resisted|p1a: Weavile\n|-damage|p1a: Weavile|65\/100\n|-enditem|p1a: Weavile|Choice Band|[from] move: Knock Off|[of] p2a: \u26ab\ufe0fSABLEEYE\u26ab\ufe0f\n|\n|-weather|none\n|-damage|p2a: \u26ab\ufe0fSABLEEYE\u26ab\ufe0f|57\/100 psn|[from] psn\n|upkeep\n|turn|13\n|\n|t:|1699223206\n|move|p1a: Weavile|Night Slash|p2a: \u26ab\ufe0fSABLEEYE\u26ab\ufe0f\n|-damage|p2a: \u26ab\ufe0fSABLEEYE\u26ab\ufe0f|24\/100 psn\n|move|p2a: \u26ab\ufe0fSABLEEYE\u26ab\ufe0f|Recover|p2a: \u26ab\ufe0fSABLEEYE\u26ab\ufe0f\n|-heal|p2a: \u26ab\ufe0fSABLEEYE\u26ab\ufe0f|75\/100 psn\n|\n|-damage|p2a: \u26ab\ufe0fSABLEEYE\u26ab\ufe0f|62\/100 psn|[from] psn\n|upkeep\n|turn|14\n|\n|t:|1699223215\n|move|p1a: Weavile|Night Slash|p2a: \u26ab\ufe0fSABLEEYE\u26ab\ufe0f\n|-damage|p2a: \u26ab\ufe0fSABLEEYE\u26ab\ufe0f|31\/100 psn\n|move|p2a: \u26ab\ufe0fSABLEEYE\u26ab\ufe0f|Foul Play|p1a: Weavile\n|-resisted|p1a: Weavile\n|-damage|p1a: Weavile|23\/100\n|\n|-damage|p2a: \u26ab\ufe0fSABLEEYE\u26ab\ufe0f|19\/100 psn|[from] psn\n|upkeep\n|turn|15\n|\n|t:|1699223225\n|move|p2a: \u26ab\ufe0fSABLEEYE\u26ab\ufe0f|Sucker Punch|p1a: Weavile\n|-resisted|p1a: Weavile\n|-damage|p1a: Weavile|5\/100\n|move|p1a: Weavile|Night Slash|p2a: \u26ab\ufe0fSABLEEYE\u26ab\ufe0f\n|-damage|p2a: \u26ab\ufe0fSABLEEYE\u26ab\ufe0f|0 fnt\n|faint|p2a: \u26ab\ufe0fSABLEEYE\u26ab\ufe0f\n|\n|upkeep\n|\n|t:|1699223234\n|switch|p2a: \u26ab\ufe0fMIGHTYENA\u26ab\ufe0f|Mightyena, M|100\/100\n|turn|16\n|\n|t:|1699223238\n|move|p2a: \u26ab\ufe0fMIGHTYENA\u26ab\ufe0f|Sucker Punch|p1a: Weavile\n|-resisted|p1a: Weavile\n|-damage|p1a: Weavile|0 fnt\n|faint|p1a: Weavile\n|-ability|p2a: \u26ab\ufe0fMIGHTYENA\u26ab\ufe0f|Moxie|boost\n|-boost|p2a: \u26ab\ufe0fMIGHTYENA\u26ab\ufe0f|atk|1\n|\n|upkeep\n|\n|t:|1699223246\n|switch|p1a: Hippowdon|Hippowdon, M|75\/100 slp\n|-weather|Sandstorm|[from] ability: Sand Stream|[of] p1a: Hippowdon\n|turn|17\n|\n|t:|1699223257\n|move|p2a: \u26ab\ufe0fMIGHTYENA\u26ab\ufe0f|Crunch|p1a: Hippowdon\n|-damage|p1a: Hippowdon|38\/100 slp\n|cant|p1a: Hippowdon|slp\n|\n|-weather|Sandstorm|[upkeep]\n|-damage|p2a: \u26ab\ufe0fMIGHTYENA\u26ab\ufe0f|94\/100|[from] Sandstorm\n|upkeep\n|turn|18\n|inactive|Battle timer is ON: inactive players will automatically lose when time's up. (requested by raytsun)\n|\n|t:|1699223265\n|move|p2a: \u26ab\ufe0fMIGHTYENA\u26ab\ufe0f|Crunch|p1a: Hippowdon\n|-damage|p1a: Hippowdon|2\/100 slp\n|cant|p1a: Hippowdon|slp\n|\n|-weather|Sandstorm|[upkeep]\n|-damage|p2a: \u26ab\ufe0fMIGHTYENA\u26ab\ufe0f|88\/100|[from] Sandstorm\n|upkeep\n|turn|19\n|\n|t:|1699223273\n|move|p2a: \u26ab\ufe0fMIGHTYENA\u26ab\ufe0f|Crunch|p1a: Hippowdon\n|-damage|p1a: Hippowdon|0 fnt\n|faint|p1a: Hippowdon\n|-ability|p2a: \u26ab\ufe0fMIGHTYENA\u26ab\ufe0f|Moxie|boost\n|-boost|p2a: \u26ab\ufe0fMIGHTYENA\u26ab\ufe0f|atk|1\n|\n|-weather|Sandstorm|[upkeep]\n|-damage|p2a: \u26ab\ufe0fMIGHTYENA\u26ab\ufe0f|82\/100|[from] Sandstorm\n|upkeep\n|\n|t:|1699223281\n|switch|p1a: Gliscor|Gliscor, M|100\/100\n|turn|20\n|\n|t:|1699223290\n|move|p1a: Gliscor|Bulldoze|p2a: \u26ab\ufe0fMIGHTYENA\u26ab\ufe0f\n|-damage|p2a: \u26ab\ufe0fMIGHTYENA\u26ab\ufe0f|40\/100\n|-unboost|p2a: \u26ab\ufe0fMIGHTYENA\u26ab\ufe0f|spe|1\n|move|p2a: \u26ab\ufe0fMIGHTYENA\u26ab\ufe0f|Crunch|p1a: Gliscor\n|-damage|p1a: Gliscor|37\/100\n|\n|-weather|Sandstorm|[upkeep]\n|-damage|p2a: \u26ab\ufe0fMIGHTYENA\u26ab\ufe0f|34\/100|[from] Sandstorm\n|-status|p1a: Gliscor|tox|[from] item: Toxic Orb\n|upkeep\n|turn|21\n|\n|t:|1699223301\n|move|p2a: \u26ab\ufe0fMIGHTYENA\u26ab\ufe0f|Sucker Punch|p1a: Gliscor\n|-damage|p1a: Gliscor|0 fnt\n|faint|p1a: Gliscor\n|-ability|p2a: \u26ab\ufe0fMIGHTYENA\u26ab\ufe0f|Moxie|boost\n|-boost|p2a: \u26ab\ufe0fMIGHTYENA\u26ab\ufe0f|atk|1\n|\n|-weather|none\n|upkeep\n|\n|t:|1699223307\n|switch|p1a: Haxorus|Haxorus, M, shiny|100\/100\n|-ability|p1a: Haxorus|Mold Breaker\n|turn|22\n|\n|t:|1699223312\n|move|p2a: \u26ab\ufe0fMIGHTYENA\u26ab\ufe0f|Sucker Punch|p1a: Haxorus\n|-damage|p1a: Haxorus|0 fnt\n|faint|p1a: Haxorus\n|-ability|p2a: \u26ab\ufe0fMIGHTYENA\u26ab\ufe0f|Moxie|boost\n|-boost|p2a: \u26ab\ufe0fMIGHTYENA\u26ab\ufe0f|atk|1\n|\n|upkeep\n|\n|t:|1699223318\n|switch|p1a: Toxtricity|Toxtricity, M|100\/100\n|-item|p1a: Toxtricity|Air Balloon\n|turn|23\n|\n|t:|1699223324\n|-terastallize|p2a: \u26ab\ufe0fMIGHTYENA\u26ab\ufe0f|Dark\n|move|p2a: \u26ab\ufe0fMIGHTYENA\u26ab\ufe0f|Sucker Punch|p1a: Toxtricity\n|-damage|p1a: Toxtricity|0 fnt\n|-enditem|p1a: Toxtricity|Air Balloon\n|faint|p1a: Toxtricity\n|\n|win|EVIL-M0DE\ufe0f\ufe0f\ufe0f\ufe0f\ufe0f\u25aa\ufe0f\n|raw|raytsun's rating: 1053 &rarr; <strong>1039<\/strong><br \/>(-14 for losing)\n|raw|EVIL-M0DE\ufe0f\ufe0f\ufe0f\ufe0f\ufe0f\u25aa\ufe0f's rating: 1140 &rarr; <strong>1159<\/strong><br \/>(+19 for winning)\n|l|\u2606raytsun\n","uploadtime":1699223856,"views":4,"p1id":"raytsun","p2id":"evilm0de","formatid":"gen9nationaldexubers","rating":1039,"private":0,"password":""}