{"id":"gen9nationaldexubers-1995503526","p1":"Gyattebayo","p2":"Pure Hackmons","format":"[Gen 9] National Dex Ubers","log":"|j|\u2606Gyattebayo\n|j|\u2606Pure Hackmons\n|inactive|Battle timer is ON: inactive players will automatically lose when time's up.\n|t:|1700577777\n|gametype|singles\n|player|p1|Gyattebayo|102|\n|player|p2|Pure Hackmons|ethan|\n|teamsize|p1|6\n|teamsize|p2|6\n|gen|9\n|tier|[Gen 9] National Dex Ubers\n|rated|Tournament battle\n|rule|HP Percentage Mod: HP is shown in percentages\n|rule|Endless Battle Clause: Forcing endless battles is banned\n|rule|OHKO Clause: OHKO moves are banned\n|rule|Evasion Moves Clause: Evasion moves are banned\n|rule|Evasion Items Clause: Evasion items are banned\n|rule|Species Clause: Limit one of each Pok\u00e9mon\n|rule|Sleep Clause Mod: Limit one foe put to sleep\n|rule|Mega Rayquaza Clause: You cannot mega evolve Rayquaza\n|clearpoke\n|poke|p1|Groudon-Primal|\n|poke|p1|Mewtwo-Mega-Y|\n|poke|p1|Salamence-Mega, F|\n|poke|p1|Darmanitan-Galar-Zen, M|\n|poke|p1|Kyogre-Primal|\n|poke|p1|Marshadow|\n|poke|p2|Sableye-Mega, M|\n|poke|p2|Chansey, F|\n|poke|p2|Arceus-Fairy|\n|poke|p2|Ho-Oh|\n|poke|p2|Zygarde-Complete|\n|poke|p2|Cramorant-Gorging, F|\n|teampreview\n|j|*Lady Monita \u2746\n|\n|t:|1700577801\n|start\n|switch|p1a: Salamence|Salamence-Mega, F|100\/100\n|switch|p2a: Sableye|Sableye-Mega, M|100\/100\n|turn|1\n|\n|t:|1700577807\n|move|p1a: Salamence|Dragon Dance|p1a: Salamence\n|-boost|p1a: Salamence|atk|1\n|-boost|p1a: Salamence|spe|1\n|move|p2a: Sableye|Toxic|p1a: Salamence\n|-status|p1a: Salamence|tox\n|\n|-damage|p1a: Salamence|94\/100 tox|[from] psn\n|upkeep\n|turn|2\n|\n|t:|1700577811\n|switch|p2a: Zygarde|Zygarde-Complete|100\/100\n|move|p1a: Salamence|Return|p2a: Zygarde\n|-crit|p2a: Zygarde\n|-damage|p2a: Zygarde|18\/100\n|-damage|p1a: Salamence|84\/100 tox|[from] item: Life Orb\n|\n|-heal|p2a: Zygarde|24\/100|[from] item: Leftovers\n|-damage|p1a: Salamence|72\/100 tox|[from] psn\n|upkeep\n|turn|3\n|\n|t:|1700577819\n|switch|p2a: Cramorant|Cramorant-Gorging, F|100\/100\n|move|p1a: Salamence|Return|p2a: Cramorant\n|-enditem|p2a: Cramorant|Focus Sash\n|-damage|p2a: Cramorant|1\/100\n|-damage|p1a: Salamence|48\/100 tox|[from] ability: Gulp Missile|[of] p2a: Cramorant\n|-formechange|p2a: Cramorant|Cramorant|\n|-damage|p1a: Salamence|38\/100 tox|[from] item: Life Orb\n|\n|-damage|p1a: Salamence|20\/100 tox|[from] psn\n|upkeep\n|turn|4\n|\n|t:|1700577826\n|move|p2a: Cramorant|Endure|p2a: Cramorant\n|-singleturn|p2a: Cramorant|move: Endure\n|move|p1a: Salamence|Return|p2a: Cramorant\n|-activate|p2a: Cramorant|move: Endure\n|-damage|p2a: Cramorant|1\/100\n|-damage|p1a: Salamence|10\/100 tox|[from] item: Life Orb\n|\n|-damage|p1a: Salamence|0 fnt|[from] psn\n|faint|p1a: Salamence\n|upkeep\n|\n|t:|1700577835\n|switch|p1a: Marshadow|Marshadow|100\/100\n|turn|5\n|\n|t:|1700577839\n|switch|p2a: Arceus|Arceus-Fairy|100\/100\n|move|p1a: Marshadow|Shadow Sneak|p2a: Arceus\n|-damage|p2a: Arceus|85\/100\n|\n|upkeep\n|turn|6\n|\n|t:|1700577868\n|switch|p1a: Groudon|Groudon-Primal|100\/100\n|-weather|DesolateLand|[from] ability: Desolate Land|[of] p1a: Groudon\n|switch|p2a: Zygarde|Zygarde-Complete|24\/100\n|\n|-weather|DesolateLand|[upkeep]\n|-heal|p2a: Zygarde|30\/100|[from] item: Leftovers\n|upkeep\n|turn|7\n|inactive|Gyattebayo has 120 seconds left.\n|\n|t:|1700577891\n|move|p2a: Zygarde|Rest|p2a: Zygarde\n|-status|p2a: Zygarde|slp|[from] move: Rest\n|-heal|p2a: Zygarde|100\/100 slp|[silent]\n|move|p1a: Groudon|Precipice Blades|p2a: Zygarde\n|-damage|p2a: Zygarde|69\/100 slp\n|\n|-weather|DesolateLand|[upkeep]\n|-heal|p2a: Zygarde|75\/100 slp|[from] item: Leftovers\n|upkeep\n|turn|8\n|inactive|Gyattebayo has 120 seconds left.\n|j|^RUMYMOME\n|\n|t:|1700577898\n|cant|p2a: Zygarde|slp\n|move|p1a: Groudon|Precipice Blades|p2a: Zygarde\n|-damage|p2a: Zygarde|43\/100 slp\n|\n|-weather|DesolateLand|[upkeep]\n|-heal|p2a: Zygarde|49\/100 slp|[from] item: Leftovers\n|upkeep\n|turn|9\n|\n|t:|1700577902\n|cant|p2a: Zygarde|slp\n|move|p1a: Groudon|Precipice Blades|p2a: Zygarde\n|-damage|p2a: Zygarde|16\/100 slp\n|\n|-weather|DesolateLand|[upkeep]\n|-heal|p2a: Zygarde|22\/100 slp|[from] item: Leftovers\n|upkeep\n|turn|10\n|\n|t:|1700577906\n|-curestatus|p2a: Zygarde|slp|[msg]\n|move|p2a: Zygarde|Rest|p2a: Zygarde\n|-status|p2a: Zygarde|slp|[from] move: Rest\n|-heal|p2a: Zygarde|100\/100 slp|[silent]\n|move|p1a: Groudon|Precipice Blades|p2a: Zygarde\n|-damage|p2a: Zygarde|70\/100 slp\n|\n|-weather|DesolateLand|[upkeep]\n|-heal|p2a: Zygarde|76\/100 slp|[from] item: Leftovers\n|upkeep\n|turn|11\n|\n|t:|1700577930\n|cant|p2a: Zygarde|slp\n|move|p1a: Groudon|Precipice Blades|p2a: Zygarde\n|-damage|p2a: Zygarde|46\/100 slp\n|\n|-weather|DesolateLand|[upkeep]\n|-heal|p2a: Zygarde|52\/100 slp|[from] item: Leftovers\n|upkeep\n|turn|12\n|l|\u2606Pure Hackmons\n|inactive|Pure Hackmons disconnected and has a minute to reconnect!\n|player|p2|\n|j|\u2606Pure Hackmons\n|inactive|Pure Hackmons reconnected and has 125 seconds left.\n|player|p2|Pure Hackmons|ethan\n|inactive|Pure Hackmons has 120 seconds left.\n|\n|t:|1700577962\n|cant|p2a: Zygarde|slp\n|move|p1a: Groudon|Precipice Blades|p2a: Zygarde\n|-damage|p2a: Zygarde|21\/100 slp\n|\n|-weather|DesolateLand|[upkeep]\n|-heal|p2a: Zygarde|28\/100 slp|[from] item: Leftovers\n|upkeep\n|turn|13\n|\n|t:|1700577971\n|-curestatus|p2a: Zygarde|slp|[msg]\n|move|p2a: Zygarde|Rest|p2a: Zygarde\n|-status|p2a: Zygarde|slp|[from] move: Rest\n|-heal|p2a: Zygarde|100\/100 slp|[silent]\n|move|p1a: Groudon|Precipice Blades|p2a: Zygarde\n|-crit|p2a: Zygarde\n|-damage|p2a: Zygarde|55\/100 slp\n|\n|-weather|DesolateLand|[upkeep]\n|-heal|p2a: Zygarde|61\/100 slp|[from] item: Leftovers\n|upkeep\n|turn|14\n|\n|t:|1700577979\n|cant|p2a: Zygarde|slp\n|move|p1a: Groudon|Precipice Blades|p2a: Zygarde|[miss]\n|-miss|p1a: Groudon|p2a: Zygarde\n|\n|-weather|DesolateLand|[upkeep]\n|-heal|p2a: Zygarde|67\/100 slp|[from] item: Leftovers\n|upkeep\n|turn|15\n|\n|t:|1700577982\n|cant|p2a: Zygarde|slp\n|move|p1a: Groudon|Precipice Blades|p2a: Zygarde\n|-damage|p2a: Zygarde|39\/100 slp\n|\n|-weather|DesolateLand|[upkeep]\n|-heal|p2a: Zygarde|45\/100 slp|[from] item: Leftovers\n|upkeep\n|turn|16\n|\n|t:|1700577988\n|-curestatus|p2a: Zygarde|slp|[msg]\n|move|p2a: Zygarde|Coil|p2a: Zygarde\n|-boost|p2a: Zygarde|atk|1\n|-boost|p2a: Zygarde|def|1\n|-boost|p2a: Zygarde|accuracy|1\n|move|p1a: Groudon|Precipice Blades|p2a: Zygarde|[miss]\n|-miss|p1a: Groudon|p2a: Zygarde\n|\n|-weather|DesolateLand|[upkeep]\n|-heal|p2a: Zygarde|51\/100|[from] item: Leftovers\n|upkeep\n|turn|17\n|\n|t:|1700577995\n|move|p2a: Zygarde|Thousand Arrows|p1a: Groudon\n|-supereffective|p1a: Groudon\n|-damage|p1a: Groudon|47\/100\n|move|p1a: Groudon|Precipice Blades|p2a: Zygarde|[miss]\n|-miss|p1a: Groudon|p2a: Zygarde\n|\n|-weather|DesolateLand|[upkeep]\n|-heal|p2a: Zygarde|57\/100|[from] item: Leftovers\n|-heal|p1a: Groudon|53\/100|[from] item: Leftovers\n|upkeep\n|turn|18\n|\n|t:|1700578001\n|move|p2a: Zygarde|Thousand Arrows|p1a: Groudon\n|-supereffective|p1a: Groudon\n|-damage|p1a: Groudon|2\/100\n|move|p1a: Groudon|Precipice Blades|p2a: Zygarde\n|-damage|p2a: Zygarde|36\/100\n|\n|-weather|DesolateLand|[upkeep]\n|-heal|p2a: Zygarde|42\/100|[from] item: Leftovers\n|-heal|p1a: Groudon|8\/100|[from] item: Leftovers\n|upkeep\n|turn|19\n|\n|t:|1700578006\n|move|p2a: Zygarde|Thousand Arrows|p1a: Groudon\n|-supereffective|p1a: Groudon\n|-damage|p1a: Groudon|0 fnt\n|faint|p1a: Groudon\n|-weather|none\n|\n|-heal|p2a: Zygarde|48\/100|[from] item: Leftovers\n|upkeep\n|\n|t:|1700578008\n|switch|p1a: Mewtwo|Mewtwo-Mega-Y|100\/100\n|turn|20\n|\n|t:|1700578011\n|switch|p2a: Ho-Oh|Ho-Oh|100\/100\n|move|p1a: Mewtwo|Ice Beam|p2a: Ho-Oh\n|-damage|p2a: Ho-Oh|79\/100\n|\n|upkeep\n|turn|21\n|\n|t:|1700578018\n|switch|p1a: Kyogre|Kyogre-Primal|100\/100\n|-weather|PrimordialSea|[from] ability: Primordial Sea|[of] p1a: Kyogre\n|move|p2a: Ho-Oh|Sacred Fire||[still]\n|-fail|p2a: Ho-Oh|Sacred Fire|[from] Primordial Sea\n|\n|-weather|PrimordialSea|[upkeep]\n|upkeep\n|turn|22\n|\n|t:|1700578026\n|switch|p2a: Cramorant|Cramorant-Gorging, F|1\/100\n|move|p1a: Kyogre|Water Spout|p2a: Cramorant\n|-resisted|p2a: Cramorant\n|-damage|p2a: Cramorant|0 fnt\n|-damage|p1a: Kyogre|76\/100|[from] ability: Gulp Missile|[of] p2a: Cramorant\n|-status|p1a: Kyogre|par\n|-formechange|p2a: Cramorant|Cramorant|\n|faint|p2a: Cramorant\n|\n|-weather|PrimordialSea|[upkeep]\n|upkeep\n|\n|t:|1700578030\n|switch|p2a: Chansey|Chansey, F|100\/100\n|turn|23\n|\n|t:|1700578038\n|-weather|none\n|switch|p1a: Marshadow|Marshadow|100\/100\n|move|p2a: Chansey|Toxic|p1a: Marshadow\n|-status|p1a: Marshadow|tox\n|\n|-damage|p1a: Marshadow|94\/100 tox|[from] psn\n|upkeep\n|turn|24\n|\n|t:|1700578045\n|switch|p2a: Sableye|Sableye-Mega, M|100\/100\n|move|p1a: Marshadow|Drain Punch|p2a: Sableye\n|-immune|p2a: Sableye\n|\n|-damage|p1a: Marshadow|82\/100 tox|[from] psn\n|upkeep\n|turn|25\n|\n|t:|1700578050\n|move|p1a: Marshadow|Spectral Thief|p2a: Sableye\n|-damage|p2a: Sableye|72\/100\n|move|p2a: Sableye|Foul Play|p1a: Marshadow\n|-damage|p1a: Marshadow|24\/100 tox\n|\n|-heal|p2a: Sableye|78\/100|[from] item: Leftovers\n|-damage|p1a: Marshadow|5\/100 tox|[from] psn\n|upkeep\n|turn|26\n|\n|t:|1700578059\n|move|p1a: Marshadow|Spectral Thief|p2a: Sableye\n|-damage|p2a: Sableye|47\/100\n|move|p2a: Sableye|Recover|p2a: Sableye\n|-heal|p2a: Sableye|97\/100\n|\n|-heal|p2a: Sableye|100\/100|[from] item: Leftovers\n|-damage|p1a: Marshadow|0 fnt|[from] psn\n|faint|p1a: Marshadow\n|upkeep\n|\n|t:|1700578070\n|switch|p1a: Kyogre|Kyogre-Primal|76\/100 par\n|-weather|PrimordialSea|[from] ability: Primordial Sea|[of] p1a: Kyogre\n|turn|27\n|\n|t:|1700578073\n|switch|p2a: Chansey|Chansey, F|100\/100\n|move|p1a: Kyogre|Origin Pulse|p2a: Chansey\n|-damage|p2a: Chansey|75\/100\n|\n|-weather|PrimordialSea|[upkeep]\n|upkeep\n|turn|28\n|inactive|Gyattebayo has 120 seconds left.\n|\n|t:|1700578125\n|move|p1a: Kyogre|Origin Pulse|p2a: Chansey\n|-damage|p2a: Chansey|49\/100\n|move|p2a: Chansey|Toxic||[still]\n|-fail|p2a: Chansey\n|\n|-weather|PrimordialSea|[upkeep]\n|upkeep\n|turn|29\n|\n|t:|1700578131\n|move|p1a: Kyogre|Origin Pulse|p2a: Chansey|[miss]\n|-miss|p1a: Kyogre|p2a: Chansey\n|move|p2a: Chansey|Soft-Boiled|p2a: Chansey\n|-heal|p2a: Chansey|99\/100\n|\n|-weather|PrimordialSea|[upkeep]\n|upkeep\n|turn|30\n|\n|t:|1700578135\n|move|p1a: Kyogre|Origin Pulse|p2a: Chansey\n|-damage|p2a: Chansey|74\/100\n|move|p2a: Chansey|Seismic Toss|p1a: Kyogre\n|-damage|p1a: Kyogre|46\/100 par\n|\n|-weather|PrimordialSea|[upkeep]\n|upkeep\n|turn|31\n|\n|t:|1700578142\n|-weather|none\n|switch|p1a: Darmanitan|Darmanitan-Galar-Zen, M|100\/100\n|move|p2a: Chansey|Seismic Toss|p1a: Darmanitan\n|-damage|p1a: Darmanitan|72\/100\n|\n|-formechange|p1a: Darmanitan|Darmanitan-Galar|\n|upkeep\n|turn|32\n|inactive|Gyattebayo has 120 seconds left.\n|j| spcplayzz\n|\n|t:|1700578164\n|move|p1a: Darmanitan|Icicle Crash|p2a: Chansey|[miss]\n|-miss|p1a: Darmanitan|p2a: Chansey\n|move|p2a: Chansey|Seismic Toss|p1a: Darmanitan\n|-damage|p1a: Darmanitan|44\/100\n|\n|-formechange|p1a: Darmanitan|Darmanitan-Galar-Zen|\n|upkeep\n|turn|33\n|\n|t:|1700578172\n|switch|p2a: Zygarde|Zygarde-Complete|48\/100\n|move|p1a: Darmanitan|Icicle Crash|p2a: Zygarde\n|-supereffective|p2a: Zygarde\n|-damage|p2a: Zygarde|0 fnt\n|faint|p2a: Zygarde\n|\n|upkeep\n|\n|t:|1700578174\n|switch|p2a: Ho-Oh|Ho-Oh|100\/100\n|turn|34\n|\n|t:|1700578180\n|move|p1a: Darmanitan|Icicle Crash|p2a: Ho-Oh|[miss]\n|-miss|p1a: Darmanitan|p2a: Ho-Oh\n|move|p2a: Ho-Oh|Sacred Fire|p1a: Darmanitan\n|-damage|p1a: Darmanitan|0 fnt\n|faint|p1a: Darmanitan\n|\n|upkeep\n|\n|t:|1700578191\n|switch|p1a: Mewtwo|Mewtwo-Mega-Y|100\/100\n|turn|35\n|\n|t:|1700578201\n|move|p1a: Mewtwo|Psystrike|p2a: Ho-Oh\n|-damage|p2a: Ho-Oh|50\/100\n|move|p2a: Ho-Oh|Whirlwind|p1a: Mewtwo\n|drag|p1a: Kyogre|Kyogre-Primal|46\/100 par\n|-weather|PrimordialSea|[from] ability: Primordial Sea|[of] p1a: Kyogre\n|\n|-weather|PrimordialSea|[upkeep]\n|upkeep\n|turn|36\n|\n|t:|1700578206\n|switch|p2a: Chansey|Chansey, F|74\/100\n|move|p1a: Kyogre|Thunder|p2a: Chansey\n|-damage|p2a: Chansey|62\/100\n|\n|-weather|PrimordialSea|[upkeep]\n|upkeep\n|turn|37\n|\n|t:|1700578214\n|move|p1a: Kyogre|Thunder|p2a: Chansey\n|-damage|p2a: Chansey|50\/100\n|move|p2a: Chansey|Confide|p1a: Kyogre\n|-unboost|p1a: Kyogre|spa|1\n|\n|-weather|PrimordialSea|[upkeep]\n|upkeep\n|turn|38\n|\n|t:|1700578218\n|-weather|none\n|switch|p1a: Mewtwo|Mewtwo-Mega-Y|100\/100\n|move|p2a: Chansey|Soft-Boiled|p2a: Chansey\n|-heal|p2a: Chansey|99\/100\n|\n|upkeep\n|turn|39\n|\n|t:|1700578224\n|move|p1a: Mewtwo|Psystrike|p2a: Chansey\n|-damage|p2a: Chansey|50\/100\n|move|p2a: Chansey|Toxic|p1a: Mewtwo\n|-status|p1a: Mewtwo|tox\n|\n|-damage|p1a: Mewtwo|94\/100 tox|[from] psn\n|upkeep\n|turn|40\n|\n|t:|1700578229\n|switch|p2a: Ho-Oh|Ho-Oh|84\/100\n|move|p1a: Mewtwo|Psystrike|p2a: Ho-Oh\n|-crit|p2a: Ho-Oh\n|-damage|p2a: Ho-Oh|16\/100\n|\n|-damage|p1a: Mewtwo|82\/100 tox|[from] psn\n|upkeep\n|turn|41\n|\n|t:|1700578233\n|switch|p2a: Sableye|Sableye-Mega, M|100\/100\n|move|p1a: Mewtwo|Psystrike|p2a: Sableye\n|-immune|p2a: Sableye\n|\n|-damage|p1a: Mewtwo|63\/100 tox|[from] psn\n|upkeep\n|turn|42\n|\n|t:|1700578238\n|switch|p2a: Ho-Oh|Ho-Oh|49\/100\n|-zpower|p1a: Mewtwo\n|move|p1a: Mewtwo|Tectonic Rage|p2a: Ho-Oh|[zeffect]\n|-immune|p2a: Ho-Oh\n|\n|-damage|p1a: Mewtwo|38\/100 tox|[from] psn\n|upkeep\n|turn|43\n|\n|t:|1700578242\n|switch|p2a: Sableye|Sableye-Mega, M|100\/100\n|move|p1a: Mewtwo|Psystrike|p2a: Sableye\n|-immune|p2a: Sableye\n|\n|-damage|p1a: Mewtwo|7\/100 tox|[from] psn\n|upkeep\n|turn|44\n|\n|t:|1700578249\n|switch|p2a: Ho-Oh|Ho-Oh|83\/100\n|move|p1a: Mewtwo|Psystrike|p2a: Ho-Oh\n|-damage|p2a: Ho-Oh|35\/100\n|\n|-damage|p1a: Mewtwo|0 fnt|[from] psn\n|faint|p1a: Mewtwo\n|upkeep\n|l| spcplayzz\n|\n|t:|1700578252\n|switch|p1a: Kyogre|Kyogre-Primal|46\/100 par\n|-weather|PrimordialSea|[from] ability: Primordial Sea|[of] p1a: Kyogre\n|turn|45\n|\n|t:|1700578256\n|move|p1a: Kyogre|Origin Pulse|p2a: Ho-Oh\n|-supereffective|p2a: Ho-Oh\n|-damage|p2a: Ho-Oh|0 fnt\n|faint|p2a: Ho-Oh\n|\n|-weather|PrimordialSea|[upkeep]\n|upkeep\n|\n|t:|1700578258\n|switch|p2a: Chansey|Chansey, F|50\/100\n|turn|46\n|c|\u2606Gyattebayo|its joever for me\n|c|\u2606Gyattebayo|gg\n|\n|t:|1700578261\n|move|p1a: Kyogre|Origin Pulse|p2a: Chansey|[miss]\n|-miss|p1a: Kyogre|p2a: Chansey\n|move|p2a: Chansey|Soft-Boiled|p2a: Chansey\n|-heal|p2a: Chansey|99\/100\n|\n|-weather|PrimordialSea|[upkeep]\n|upkeep\n|turn|47\n|\n|t:|1700578264\n|move|p1a: Kyogre|Origin Pulse|p2a: Chansey\n|-damage|p2a: Chansey|74\/100\n|move|p2a: Chansey|Seismic Toss|p1a: Kyogre\n|-damage|p1a: Kyogre|17\/100 par\n|\n|-weather|PrimordialSea|[upkeep]\n|upkeep\n|turn|48\n|\n|t:|1700578266\n|move|p1a: Kyogre|Origin Pulse|p2a: Chansey\n|-damage|p2a: Chansey|48\/100\n|move|p2a: Chansey|Seismic Toss|p1a: Kyogre\n|-damage|p1a: Kyogre|0 fnt\n|faint|p1a: Kyogre\n|-weather|none\n|\n|win|Pure Hackmons\n|n|\u2606Gyattebayo|gyattebayo\n|n|*Lady Monita \u2746|ladymonita\n|n| RUMYMOME|rumymome\n|n|\u2606Pure Hackmons|purehackmons\n","uploadtime":1700578269,"views":0,"p1id":"gyattebayo","p2id":"purehackmons","formatid":"gen9nationaldexubers","rating":0,"private":0,"password":""}