{"id":"gen9nationaldexubers-1993748185","p1":"Captain_118","p2":"Cazenovia","format":"[Gen 9] National Dex Ubers","log":"|j|\u2606Captain_118\n|j|\u2606Cazenovia\n|t:|1700352551\n|gametype|singles\n|player|p1|Captain_118|n|\n|player|p2|Cazenovia|psychic-lgpe|\n|teamsize|p1|6\n|teamsize|p2|6\n|gen|9\n|tier|[Gen 9] National Dex Ubers\n|rule|HP Percentage Mod: HP is shown in percentages\n|rule|Endless Battle Clause: Forcing endless battles is banned\n|rule|OHKO Clause: OHKO moves are banned\n|rule|Evasion Moves Clause: Evasion moves are banned\n|rule|Evasion Items Clause: Evasion items are banned\n|rule|Species Clause: Limit one of each Pok\u00e9mon\n|rule|Sleep Clause Mod: Limit one foe put to sleep\n|rule|Mega Rayquaza Clause: You cannot mega evolve Rayquaza\n|clearpoke\n|poke|p1|Darmanitan, F|\n|poke|p1|Salamence, F|\n|poke|p1|Weavile, F|\n|poke|p1|Milotic, M|\n|poke|p1|Grimmsnarl, M|\n|poke|p1|Rotom-Mow|\n|poke|p2|Iron Valiant|\n|poke|p2|Scizor, M|\n|poke|p2|Dragapult, M|\n|poke|p2|Zapdos|\n|poke|p2|Keldeo-Resolute|\n|poke|p2|Lycanroc-Dusk, F|\n|teampreview\n|c|\u2606Cazenovia|glhf\n|c|\u2606Captain_118|u2\n|j| birdnie\n|j| PCGReno\n|\n|t:|1700352588\n|start\n|switch|p1a: Drumhead Pulsation|Weavile, F|100\/100\n|switch|p2a: Scizor|Scizor, M|100\/100\n|turn|1\n|\n|t:|1700352602\n|switch|p1a: Home Sweet Grave|Rotom-Mow|100\/100\n|detailschange|p2a: Scizor|Scizor-Mega, M\n|-mega|p2a: Scizor|Scizor|Scizorite\n|move|p2a: Scizor|Bug Bite|p1a: Home Sweet Grave\n|-supereffective|p1a: Home Sweet Grave\n|-damage|p1a: Home Sweet Grave|13\/100\n|\n|-heal|p1a: Home Sweet Grave|19\/100|[from] item: Leftovers\n|upkeep\n|turn|2\n|\n|t:|1700352611\n|move|p2a: Scizor|Bullet Punch|p1a: Home Sweet Grave\n|-resisted|p1a: Home Sweet Grave\n|-damage|p1a: Home Sweet Grave|3\/100\n|move|p1a: Home Sweet Grave|Will-O-Wisp|p2a: Scizor\n|-status|p2a: Scizor|brn\n|\n|-heal|p1a: Home Sweet Grave|9\/100|[from] item: Leftovers\n|-damage|p2a: Scizor|94\/100 brn|[from] brn\n|upkeep\n|turn|3\n|\n|t:|1700352629\n|move|p1a: Home Sweet Grave|Volt Switch|p2a: Scizor\n|-damage|p2a: Scizor|67\/100 brn\n|\n|t:|1700352637\n|switch|p1a: Theater of Pain|Grimmsnarl, M|100\/100|[from] Volt Switch\n|move|p2a: Scizor|Bug Bite|p1a: Theater of Pain\n|-damage|p1a: Theater of Pain|69\/100\n|\n|-damage|p2a: Scizor|61\/100 brn|[from] brn\n|upkeep\n|turn|4\n|\n|t:|1700352650\n|move|p1a: Theater of Pain|Reflect|p1a: Theater of Pain\n|-sidestart|p1: Captain_118|Reflect\n|move|p2a: Scizor|Swords Dance|p2a: Scizor\n|-boost|p2a: Scizor|atk|2\n|\n|-damage|p2a: Scizor|55\/100 brn|[from] brn\n|upkeep\n|turn|5\n|\n|t:|1700352661\n|move|p1a: Theater of Pain|Light Screen|p1a: Theater of Pain\n|-sidestart|p1: Captain_118|move: Light Screen\n|move|p2a: Scizor|Bug Bite|p1a: Theater of Pain\n|-damage|p1a: Theater of Pain|42\/100\n|\n|-damage|p2a: Scizor|49\/100 brn|[from] brn\n|upkeep\n|turn|6\n|\n|t:|1700352664\n|move|p1a: Theater of Pain|Foul Play|p2a: Scizor\n|-damage|p2a: Scizor|0 fnt\n|faint|p2a: Scizor\n|\n|upkeep\n|\n|t:|1700352676\n|switch|p2a: Mono no Aware|Dragapult, M|100\/100\n|turn|7\n|\n|t:|1700352695\n|move|p1a: Theater of Pain|Parting Shot|p2a: Mono no Aware\n|-unboost|p2a: Mono no Aware|atk|1\n|-unboost|p2a: Mono no Aware|spa|1\n|\n|t:|1700352699\n|switch|p1a: Awe of She|Milotic, M|100\/100|[from] Parting Shot\n|move|p2a: Mono no Aware|Double-Edge|p1a: Awe of She\n|-damage|p1a: Awe of She|62\/100\n|-damage|p2a: Mono no Aware|85\/100|[from] Recoil\n|\n|upkeep\n|turn|8\n|\n|t:|1700352704\n|switch|p2a: Zapdos|Zapdos|100\/100\n|move|p1a: Awe of She|Recover|p1a: Awe of She\n|-heal|p1a: Awe of She|100\/100\n|\n|upkeep\n|turn|9\n|\n|t:|1700352714\n|switch|p1a: Home Sweet Grave|Rotom-Mow|9\/100\n|move|p2a: Zapdos|Volt Switch|p1a: Home Sweet Grave\n|-resisted|p1a: Home Sweet Grave\n|-damage|p1a: Home Sweet Grave|5\/100\n|\n|t:|1700352722\n|switch|p2a: Keldeo|Keldeo-Resolute|100\/100|[from] Volt Switch\n|\n|-heal|p1a: Home Sweet Grave|11\/100|[from] item: Leftovers\n|upkeep\n|turn|10\n|\n|t:|1700352731\n|move|p2a: Keldeo|Secret Sword|p1a: Home Sweet Grave\n|-damage|p1a: Home Sweet Grave|0 fnt\n|faint|p1a: Home Sweet Grave\n|\n|upkeep\n|\n|t:|1700352757\n|switch|p1a: Moon's Domination|Salamence, F|100\/100\n|turn|11\n|\n|t:|1700352769\n|switch|p2a: Zapdos|Zapdos|100\/100\n|move|p1a: Moon's Domination|Dragon Dance|p1a: Moon's Domination\n|-boost|p1a: Moon's Domination|atk|1\n|-boost|p1a: Moon's Domination|spe|1\n|\n|-sideend|p1: Captain_118|Reflect\n|upkeep\n|turn|12\n|\n|t:|1700352781\n|move|p1a: Moon's Domination|Dragon Dance|p1a: Moon's Domination\n|-boost|p1a: Moon's Domination|atk|1\n|-boost|p1a: Moon's Domination|spe|1\n|move|p2a: Zapdos|Hurricane|p1a: Moon's Domination\n|-damage|p1a: Moon's Domination|70\/100\n|-start|p1a: Moon's Domination|confusion\n|\n|-sideend|p1: Captain_118|move: Light Screen\n|upkeep\n|turn|13\n|\n|t:|1700352790\n|-activate|p1a: Moon's Domination|confusion\n|-damage|p1a: Moon's Domination|33\/100|[from] confusion\n|move|p2a: Zapdos|Volt Switch|p1a: Moon's Domination\n|-damage|p1a: Moon's Domination|0 fnt\n|faint|p1a: Moon's Domination\n|\n|t:|1700352795\n|switch|p2a: Lycanroc|Lycanroc-Dusk, F|100\/100|[from] Volt Switch\n|\n|upkeep\n|c| birdnie|oooooo\n|\n|t:|1700352804\n|switch|p1a: Awe of She|Milotic, M|100\/100\n|turn|14\n|\n|t:|1700352811\n|switch|p2a: Zapdos|Zapdos|100\/100\n|move|p1a: Awe of She|Scald|p2a: Zapdos\n|-damage|p2a: Zapdos|76\/100\n|\n|upkeep\n|turn|15\n|\n|t:|1700352823\n|move|p2a: Zapdos|Hurricane|p1a: Awe of She\n|-damage|p1a: Awe of She|75\/100\n|move|p1a: Awe of She|Flip Turn|p2a: Zapdos\n|-damage|p2a: Zapdos|67\/100\n|c| PCGReno|thats the first time in like, 87 years, ive seen a confuse hit\n|\n|t:|1700352884\n|switch|p1a: SHOTGUN&HEAD|Darmanitan, F|100\/100|[from] Flip Turn\n|\n|upkeep\n|turn|16\n|\n|t:|1700352888\n|move|p1a: SHOTGUN&HEAD|Rock Slide|p2a: Zapdos\n|-supereffective|p2a: Zapdos\n|-damage|p2a: Zapdos|6\/100\n|move|p2a: Zapdos|Roost|p2a: Zapdos\n|-heal|p2a: Zapdos|56\/100\n|-singleturn|p2a: Zapdos|move: Roost\n|\n|upkeep\n|turn|17\n|\n|t:|1700352892\n|switch|p2a: Keldeo|Keldeo-Resolute|100\/100\n|move|p1a: SHOTGUN&HEAD|Rock Slide|p2a: Keldeo\n|-resisted|p2a: Keldeo\n|-damage|p2a: Keldeo|79\/100\n|\n|upkeep\n|turn|18\n|\n|t:|1700352899\n|switch|p1a: Awe of She|Milotic, M|75\/100\n|move|p2a: Keldeo|Hydro Pump|p1a: Awe of She\n|-resisted|p1a: Awe of She\n|-damage|p1a: Awe of She|56\/100\n|\n|upkeep\n|turn|19\n|\n|t:|1700352910\n|switch|p2a: Zapdos|Zapdos|56\/100\n|switch|p1a: Drumhead Pulsation|Weavile, F|100\/100\n|\n|upkeep\n|turn|20\n|\n|t:|1700352914\n|switch|p2a: Keldeo|Keldeo-Resolute|79\/100\n|move|p1a: Drumhead Pulsation|Icicle Crash|p2a: Keldeo\n|-resisted|p2a: Keldeo\n|-damage|p2a: Keldeo|53\/100\n|\n|upkeep\n|turn|21\n|\n|t:|1700352925\n|move|p2a: Keldeo|Secret Sword|p1a: Drumhead Pulsation\n|-supereffective|p1a: Drumhead Pulsation\n|-enditem|p1a: Drumhead Pulsation|Focus Sash\n|-damage|p1a: Drumhead Pulsation|1\/100\n|move|p1a: Drumhead Pulsation|Icicle Crash|p2a: Keldeo\n|-resisted|p2a: Keldeo\n|-damage|p2a: Keldeo|28\/100\n|\n|upkeep\n|turn|22\n|\n|t:|1700352944\n|switch|p1a: Theater of Pain|Grimmsnarl, M|42\/100\n|move|p2a: Keldeo|Secret Sword|p1a: Theater of Pain\n|-damage|p1a: Theater of Pain|0 fnt\n|faint|p1a: Theater of Pain\n|\n|upkeep\n|\n|t:|1700352955\n|switch|p1a: SHOTGUN&HEAD|Darmanitan, F|100\/100\n|turn|23\n|\n|t:|1700352959\n|move|p2a: Keldeo|Secret Sword|p1a: SHOTGUN&HEAD\n|-damage|p1a: SHOTGUN&HEAD|24\/100\n|move|p1a: SHOTGUN&HEAD|Flare Blitz|p2a: Keldeo\n|-resisted|p2a: Keldeo\n|-damage|p2a: Keldeo|0 fnt\n|faint|p2a: Keldeo\n|-damage|p1a: SHOTGUN&HEAD|15\/100|[from] Recoil\n|\n|upkeep\n|\n|t:|1700352963\n|switch|p2a: Lycanroc|Lycanroc-Dusk, F|100\/100\n|turn|24\n|\n|t:|1700352978\n|move|p1a: SHOTGUN&HEAD|Flare Blitz|p2a: Lycanroc\n|-resisted|p2a: Lycanroc\n|-damage|p2a: Lycanroc|16\/100\n|-damage|p1a: SHOTGUN&HEAD|0 fnt|[from] Recoil\n|faint|p1a: SHOTGUN&HEAD\n|move|p2a: Lycanroc|Crunch|p1: SHOTGUN&HEAD|[notarget]\n|-fail|p2a: Lycanroc\n|\n|upkeep\n|\n|t:|1700352982\n|switch|p1a: Drumhead Pulsation|Weavile, F|1\/100\n|turn|25\n|\n|t:|1700352989\n|move|p1a: Drumhead Pulsation|Ice Shard|p2a: Lycanroc\n|-damage|p2a: Lycanroc|0 fnt\n|faint|p2a: Lycanroc\n|\n|upkeep\n|\n|t:|1700352991\n|switch|p2a: NO NOW|Iron Valiant|100\/100\n|-enditem|p2a: NO NOW|Booster Energy\n|-activate|p2a: NO NOW|ability: Quark Drive|[fromitem]\n|-start|p2a: NO NOW|quarkdrivespe\n|turn|26\n|\n|t:|1700352996\n|move|p2a: NO NOW|Thunderbolt|p1a: Drumhead Pulsation\n|-damage|p1a: Drumhead Pulsation|0 fnt\n|faint|p1a: Drumhead Pulsation\n|\n|upkeep\n|\n|t:|1700352999\n|switch|p1a: Awe of She|Milotic, M|56\/100\n|turn|27\n|\n|t:|1700353003\n|move|p2a: NO NOW|Thunderbolt|p1a: Awe of She\n|-supereffective|p1a: Awe of She\n|-damage|p1a: Awe of She|21\/100\n|move|p1a: Awe of She|Recover|p1a: Awe of She\n|-heal|p1a: Awe of She|71\/100\n|\n|upkeep\n|turn|28\n|\n|t:|1700353013\n|-end|p2a: NO NOW|Quark Drive|[silent]\n|switch|p2a: Zapdos|Zapdos|56\/100\n|move|p1a: Awe of She|Recover|p1a: Awe of She\n|-heal|p1a: Awe of She|100\/100\n|\n|upkeep\n|turn|29\n|\n|t:|1700353016\n|move|p2a: Zapdos|Roost|p2a: Zapdos\n|-heal|p2a: Zapdos|100\/100\n|-singleturn|p2a: Zapdos|move: Roost\n|move|p1a: Awe of She|Scald|p2a: Zapdos\n|-damage|p2a: Zapdos|72\/100\n|\n|upkeep\n|turn|30\n|\n|t:|1700353023\n|move|p2a: Zapdos|Volt Switch|p1a: Awe of She\n|-supereffective|p1a: Awe of She\n|-damage|p1a: Awe of She|69\/100\n|\n|t:|1700353024\n|switch|p2a: NO NOW|Iron Valiant|100\/100|[from] Volt Switch\n|move|p1a: Awe of She|Mirror Coat|p2a: NO NOW\n|-damage|p2a: NO NOW|19\/100\n|\n|upkeep\n|turn|31\n|\n|t:|1700353041\n|move|p2a: NO NOW|Thunderbolt|p1a: Awe of She\n|-supereffective|p1a: Awe of She\n|-damage|p1a: Awe of She|32\/100\n|move|p1a: Awe of She|Scald|p2a: NO NOW\n|-damage|p2a: NO NOW|0 fnt\n|faint|p2a: NO NOW\n|-end|p2a: NO NOW|Quark Drive|[silent]\n|\n|upkeep\n|\n|t:|1700353044\n|switch|p2a: Mono no Aware|Dragapult, M|85\/100\n|turn|32\n|\n|t:|1700353048\n|move|p2a: Mono no Aware|Dragon Darts|p1a: Awe of She\n|-damage|p1a: Awe of She|0 fnt\n|faint|p1a: Awe of She\n|\n|win|Cazenovia\n|c|\u2606Cazenovia|gg\n","uploadtime":1700353056,"views":17,"p1id":"captain118","p2id":"cazenovia","formatid":"gen9nationaldexubers","rating":0,"private":0,"password":""}