{"id":"gen9nationaldexubers-1978236933","p1":"TheRealDiabeto","p2":"harmony6","format":"[Gen 9] National Dex Ubers","log":"|j|\u2606TheRealDiabeto\n|j|\u2606harmony6\n|t:|1698515682\n|gametype|singles\n|player|p1|TheRealDiabeto|steven|\n|player|p2|harmony6|lass-gen4dp|\n|teamsize|p1|6\n|teamsize|p2|6\n|gen|9\n|tier|[Gen 9] National Dex Ubers\n|rule|HP Percentage Mod: HP is shown in percentages\n|rule|Endless Battle Clause: Forcing endless battles is banned\n|rule|OHKO Clause: OHKO moves are banned\n|rule|Evasion Moves Clause: Evasion moves are banned\n|rule|Evasion Items Clause: Evasion items are banned\n|rule|Species Clause: Limit one of each Pok\u00e9mon\n|rule|Sleep Clause Mod: Limit one foe put to sleep\n|rule|Mega Rayquaza Clause: You cannot mega evolve Rayquaza\n|clearpoke\n|poke|p1|Swampert, M|\n|poke|p1|Baxcalibur, M|\n|poke|p1|Skeledirge, M|\n|poke|p1|Garchomp, F|\n|poke|p1|Chansey, F|\n|poke|p1|Pelipper, M|\n|poke|p2|Sableye, M|\n|poke|p2|Sinistcha|\n|poke|p2|Primeape, M|\n|poke|p2|Mimikyu, F|\n|poke|p2|Gengar, F|\n|poke|p2|Gholdengo|\n|teampreview\n|\n|t:|1698515715\n|start\n|switch|p1a: Leman Russ|Baxcalibur, M|100\/100\n|switch|p2a: Soy|Sableye, M|100\/100\n|turn|1\n|\n|t:|1698515730\n|move|p2a: Soy|Thunder Wave|p1a: Leman Russ\n|-status|p1a: Leman Russ|par\n|move|p1a: Leman Russ|Dragon Dance|p1a: Leman Russ\n|-boost|p1a: Leman Russ|atk|1\n|-boost|p1a: Leman Russ|spe|1\n|\n|upkeep\n|turn|2\n|\n|t:|1698515736\n|detailschange|p2a: Soy|Sableye-Mega, M\n|-mega|p2a: Soy|Sableye|Sablenite\n|move|p1a: Leman Russ|Icicle Spear|p2a: Soy\n|-damage|p2a: Soy|82\/100\n|-damage|p2a: Soy|62\/100\n|-damage|p2a: Soy|43\/100\n|-damage|p2a: Soy|25\/100\n|-hitcount|p2a: Soy|4\n|move|p2a: Soy|Knock Off|p1a: Leman Russ\n|-damage|p1a: Leman Russ|74\/100 par\n|-enditem|p1a: Leman Russ|Loaded Dice|[from] move: Knock Off|[of] p2a: Soy\n|\n|upkeep\n|turn|3\n|\n|t:|1698515748\n|cant|p1a: Leman Russ|par\n|move|p2a: Soy|Recover|p2a: Soy\n|-heal|p2a: Soy|75\/100\n|\n|upkeep\n|turn|4\n|\n|t:|1698515756\n|switch|p2a: PUMPKIN SPICE|Primeape, M|100\/100\n|move|p1a: Leman Russ|Glaive Rush|p2a: PUMPKIN SPICE\n|-damage|p2a: PUMPKIN SPICE|0 fnt\n|-singlemove|p1a: Leman Russ|Glaive Rush|[silent]\n|faint|p2a: PUMPKIN SPICE\n|\n|upkeep\n|\n|t:|1698515768\n|switch|p2a: Steak|Mimikyu, F|100\/100\n|turn|5\n|\n|t:|1698515777\n|switch|p1a: Mephiston|Skeledirge, M, shiny|100\/100\n|move|p2a: Steak|Play Rough|p1a: Mephiston\n|-resisted|p1a: Mephiston\n|-damage|p1a: Mephiston|90\/100\n|-unboost|p1a: Mephiston|atk|1\n|\n|upkeep\n|turn|6\n|j| k7eenex\n|\n|t:|1698515789\n|switch|p2a: Worcestershire|Gengar, F|100\/100\n|move|p1a: Mephiston|Torch Song|p2a: Worcestershire\n|-damage|p2a: Worcestershire|51\/100\n|-boost|p1a: Mephiston|spa|1\n|-start|p1a: Mephiston|Disable|Torch Song|[from] ability: Cursed Body|[of] p2a: Worcestershire\n|\n|upkeep\n|turn|7\n|\n|t:|1698515804\n|switch|p1a: Celestine|Chansey, F|100\/100\n|move|p2a: Worcestershire|Shadow Ball|p1a: Celestine\n|-immune|p1a: Celestine\n|\n|upkeep\n|turn|8\n|\n|t:|1698515811\n|move|p2a: Worcestershire|Substitute|p2a: Worcestershire\n|-start|p2a: Worcestershire|Substitute\n|-damage|p2a: Worcestershire|26\/100\n|move|p1a: Celestine|Thunder Wave||[still]\n|-fail|p1a: Celestine\n|\n|upkeep\n|turn|9\n|\n|t:|1698515817\n|move|p2a: Worcestershire|Nasty Plot|p2a: Worcestershire\n|-boost|p2a: Worcestershire|spa|2\n|move|p1a: Celestine|Aromatherapy|p1a: Celestine\n|-activate|p1a: Celestine|move: Aromatherapy\n|-curestatus|p1: Leman Russ|par|[msg]\n|\n|upkeep\n|turn|10\n|\n|t:|1698515832\n|switch|p1a: Leman Russ|Baxcalibur, M|74\/100\n|move|p2a: Worcestershire|Nasty Plot|p2a: Worcestershire\n|-boost|p2a: Worcestershire|spa|2\n|\n|upkeep\n|turn|11\n|\n|t:|1698515839\n|move|p2a: Worcestershire|Shadow Ball|p1a: Leman Russ\n|-damage|p1a: Leman Russ|0 fnt\n|faint|p1a: Leman Russ\n|\n|upkeep\n|\n|t:|1698515845\n|switch|p1a: He'Stan|Pelipper, M, shiny|100\/100\n|-weather|RainDance|[from] ability: Drizzle|[of] p1a: He'Stan\n|turn|12\n|\n|t:|1698515850\n|move|p2a: Worcestershire|Shadow Ball|p1a: He'Stan\n|-damage|p1a: He'Stan|0 fnt\n|faint|p1a: He'Stan\n|\n|-weather|RainDance|[upkeep]\n|upkeep\n|\n|t:|1698515856\n|switch|p1a: Marneus Calgar|Swampert, M|100\/100\n|turn|13\n|\n|t:|1698515861\n|detailschange|p1a: Marneus Calgar|Swampert-Mega, M\n|-mega|p1a: Marneus Calgar|Swampert|Swampertite\n|move|p1a: Marneus Calgar|Waterfall|p2a: Worcestershire\n|-end|p2a: Worcestershire|Substitute\n|move|p2a: Worcestershire|Shadow Ball|p1a: Marneus Calgar\n|-damage|p1a: Marneus Calgar|0 fnt\n|faint|p1a: Marneus Calgar\n|\n|-weather|RainDance|[upkeep]\n|upkeep\n|\n|t:|1698515870\n|switch|p1a: Mephiston|Skeledirge, M, shiny|90\/100\n|turn|14\n|\n|t:|1698515873\n|move|p2a: Worcestershire|Shadow Ball|p1a: Mephiston\n|-supereffective|p1a: Mephiston\n|-damage|p1a: Mephiston|9\/100\n|move|p1a: Mephiston|Slack Off|p1a: Mephiston\n|-heal|p1a: Mephiston|59\/100\n|\n|-weather|RainDance|[upkeep]\n|upkeep\n|turn|15\n|\n|t:|1698515880\n|move|p2a: Worcestershire|Shadow Ball|p1a: Mephiston\n|-supereffective|p1a: Mephiston\n|-damage|p1a: Mephiston|0 fnt\n|faint|p1a: Mephiston\n|\n|-weather|RainDance|[upkeep]\n|upkeep\n|\n|t:|1698515886\n|switch|p1a: Tyberos|Garchomp, F|100\/100\n|turn|16\n|\n|t:|1698515890\n|-zpower|p2a: Worcestershire\n|move|p2a: Worcestershire|All-Out Pummeling|p1a: Tyberos|[zeffect]\n|-damage|p1a: Tyberos|0 fnt\n|faint|p1a: Tyberos\n|\n|-weather|RainDance|[upkeep]\n|upkeep\n|\n|t:|1698515899\n|switch|p1a: Celestine|Chansey, F|100\/100\n|turn|17\n|inactive|Battle timer is ON: inactive players will automatically lose when time's up. (requested by harmony6)\n|l| k7eenex\n|\n|t:|1698515931\n|switch|p2a: Honey Mustard|Gholdengo|100\/100\n|move|p1a: Celestine|Aromatherapy||[still]\n|-activate|p1a: Celestine|move: Aromatherapy\n|-fail|p1a: Celestine\n|\n|-weather|RainDance|[upkeep]\n|upkeep\n|turn|18\n|\n|t:|1698515941\n|move|p2a: Honey Mustard|Trick|p1a: Celestine\n|-activate|p2a: Honey Mustard|move: Trick|[of] p1a: Celestine\n|-item|p1a: Celestine|Choice Scarf|[from] move: Trick\n|-item|p2a: Honey Mustard|Eviolite|[from] move: Trick\n|move|p1a: Celestine|Thunder Wave|p2a: Honey Mustard\n|-immune|p2a: Honey Mustard|[from] ability: Good as Gold\n|\n|-weather|RainDance|[upkeep]\n|upkeep\n|turn|19\n|-message|TheRealDiabeto forfeited.\n|\n|win|harmony6\n","uploadtime":1698515964,"views":11,"p1id":"therealdiabeto","p2id":"harmony6","formatid":"gen9nationaldexubers","rating":0,"private":0,"password":""}