{"id":"gen9nationaldexubers-1997741562","p1":"satoshikuso","p2":"jannyster","format":"[Gen 9] National Dex Ubers","log":"|j|\u2606satoshikuso\n|j|\u2606jannyster\n|t:|1700847766\n|gametype|singles\n|player|p1|satoshikuso|red|1059\n|player|p2|jannyster|li|1075\n|teamsize|p1|6\n|teamsize|p2|6\n|gen|9\n|tier|[Gen 9] National Dex Ubers\n|rated|\n|rule|HP Percentage Mod: HP is shown in percentages\n|rule|Endless Battle Clause: Forcing endless battles is banned\n|rule|OHKO Clause: OHKO moves are banned\n|rule|Evasion Moves Clause: Evasion moves are banned\n|rule|Evasion Items Clause: Evasion items are banned\n|rule|Species Clause: Limit one of each Pok\u00e9mon\n|rule|Sleep Clause Mod: Limit one foe put to sleep\n|rule|Mega Rayquaza Clause: You cannot mega evolve Rayquaza\n|clearpoke\n|poke|p1|Pikachu-Partner, M|\n|poke|p1|Dragonite, M|\n|poke|p1|Gengar, M|\n|poke|p1|Lucario, M|\n|poke|p1|Sirfetch\u2019d, M|\n|poke|p1|Dracovish|\n|poke|p2|Walking Wake|\n|poke|p2|Garchomp, F|\n|poke|p2|Gliscor, M|\n|poke|p2|Iron Valiant|\n|poke|p2|Roaring Moon|\n|poke|p2|Lopunny, F|\n|teampreview\n|inactive|Battle timer is ON: inactive players will automatically lose when time's up. (requested by satoshikuso)\n|\n|t:|1700847773\n|start\n|switch|p1a: Pikachu|Pikachu-Partner, M|100\/100\n|switch|p2a: Lopunny|Lopunny, F|100\/100\n|turn|1\n|\n|t:|1700847778\n|detailschange|p2a: Lopunny|Lopunny-Mega, F\n|-mega|p2a: Lopunny|Lopunny|Lopunnite\n|move|p2a: Lopunny|Fake Out|p1a: Pikachu\n|-damage|p1a: Pikachu|28\/100\n|cant|p1a: Pikachu|flinch\n|\n|upkeep\n|turn|2\n|\n|t:|1700847789\n|move|p2a: Lopunny|Return|p1a: Pikachu\n|-damage|p1a: Pikachu|0 fnt\n|faint|p1a: Pikachu\n|\n|upkeep\n|\n|t:|1700847792\n|switch|p1a: Dragonite|Dragonite, M|100\/100\n|turn|3\n|\n|t:|1700847798\n|-terastallize|p1a: Dragonite|Steel\n|move|p2a: Lopunny|Ice Punch|p1a: Dragonite\n|-resisted|p1a: Dragonite\n|-damage|p1a: Dragonite|95\/100\n|move|p1a: Dragonite|Dragon Dance|p1a: Dragonite\n|-boost|p1a: Dragonite|atk|1\n|-boost|p1a: Dragonite|spe|1\n|\n|upkeep\n|turn|4\n|c|\u2606jannyster|Wink wink\n|c|\u2606jannyster|Nani\n|\n|t:|1700847810\n|move|p1a: Dragonite|Extreme Speed|p2a: Lopunny\n|-damage|p2a: Lopunny|40\/100\n|move|p2a: Lopunny|Drain Punch|p1a: Dragonite\n|-supereffective|p1a: Dragonite\n|-damage|p1a: Dragonite|24\/100\n|-heal|p2a: Lopunny|82\/100|[from] drain|[of] p1a: Dragonite\n|-enditem|p1a: Dragonite|Weakness Policy\n|-boost|p1a: Dragonite|atk|2|[from] item: Weakness Policy\n|-boost|p1a: Dragonite|spa|2|[from] item: Weakness Policy\n|\n|upkeep\n|turn|5\n|\n|t:|1700847816\n|move|p1a: Dragonite|Extreme Speed|p2a: Lopunny\n|-damage|p2a: Lopunny|0 fnt\n|faint|p2a: Lopunny\n|\n|upkeep\n|\n|t:|1700847822\n|switch|p2a: Roaring Moon|Roaring Moon|100\/100\n|turn|6\n|\n|t:|1700847827\n|move|p1a: Dragonite|Extreme Speed|p2a: Roaring Moon\n|-enditem|p2a: Roaring Moon|Focus Sash\n|-damage|p2a: Roaring Moon|1\/100\n|move|p2a: Roaring Moon|Earthquake|p1a: Dragonite\n|-supereffective|p1a: Dragonite\n|-crit|p1a: Dragonite\n|-damage|p1a: Dragonite|0 fnt\n|faint|p1a: Dragonite\n|\n|upkeep\n|\n|t:|1700847832\n|switch|p1a: Lucario|Lucario, M|100\/100\n|turn|7\n|\n|t:|1700847838\n|move|p1a: Lucario|Bullet Punch|p2a: Roaring Moon\n|-damage|p2a: Roaring Moon|0 fnt\n|faint|p2a: Roaring Moon\n|-end|p2a: Roaring Moon|Protosynthesis|[silent]\n|\n|upkeep\n|\n|t:|1700847841\n|switch|p2a: Iron Valiant|Iron Valiant|100\/100\n|turn|8\n|\n|t:|1700847848\n|detailschange|p1a: Lucario|Lucario-Mega, M\n|-mega|p1a: Lucario|Lucario|Lucarionite\n|move|p1a: Lucario|Bullet Punch|p2a: Iron Valiant\n|-supereffective|p2a: Iron Valiant\n|-damage|p2a: Iron Valiant|20\/100\n|move|p2a: Iron Valiant|Moonblast|p1a: Lucario\n|-crit|p1a: Lucario\n|-damage|p1a: Lucario|0 fnt\n|faint|p1a: Lucario\n|\n|upkeep\n|\n|t:|1700847854\n|switch|p1a: Gengar|Gengar, M|100\/100\n|turn|9\n|\n|t:|1700847862\n|move|p2a: Iron Valiant|Moonblast|p1a: Gengar\n|-resisted|p1a: Gengar\n|-crit|p1a: Gengar\n|-damage|p1a: Gengar|45\/100\n|-start|p2a: Iron Valiant|Disable|Moonblast|[from] ability: Cursed Body|[of] p1a: Gengar\n|move|p1a: Gengar|Psychic|p2a: Iron Valiant\n|-supereffective|p2a: Iron Valiant\n|-damage|p2a: Iron Valiant|0 fnt\n|faint|p2a: Iron Valiant\n|-end|p2a: Iron Valiant|Quark Drive|[silent]\n|\n|upkeep\n|\n|t:|1700847865\n|switch|p2a: Walking Wake|Walking Wake|100\/100\n|turn|10\n|\n|t:|1700847874\n|move|p1a: Gengar|Destiny Bond|p1a: Gengar\n|-singlemove|p1a: Gengar|Destiny Bond\n|move|p2a: Walking Wake|Dragon Pulse|p1a: Gengar\n|-damage|p1a: Gengar|0 fnt\n|faint|p1a: Gengar\n|-activate|p1a: Gengar|move: Destiny Bond\n|faint|p2a: Walking Wake\n|-end|p2a: Walking Wake|Protosynthesis|[silent]\n|\n|upkeep\n|\n|t:|1700847897\n|switch|p1a: Dracovish|Dracovish|100\/100\n|switch|p2a: Garchomp|Garchomp, F|100\/100\n|turn|11\n|\n|t:|1700847906\n|-terastallize|p2a: Garchomp|Dragon\n|move|p1a: Dracovish|Dragon Rush|p2a: Garchomp\n|-supereffective|p2a: Garchomp\n|-damage|p2a: Garchomp|8\/100\n|-damage|p1a: Dracovish|88\/100|[from] ability: Rough Skin|[of] p2a: Garchomp\n|-damage|p1a: Dracovish|72\/100|[from] item: Rocky Helmet|[of] p2a: Garchomp\n|move|p2a: Garchomp|Dragon Claw|p1a: Dracovish\n|-supereffective|p1a: Dracovish\n|-damage|p1a: Dracovish|0 fnt\n|faint|p1a: Dracovish\n|\n|upkeep\n|\n|t:|1700847910\n|switch|p1a: Sirfetch\u2019d|Sirfetch\u2019d, M|100\/100\n|turn|12\n|\n|t:|1700847929\n|move|p1a: Sirfetch\u2019d|Brave Bird|p2a: Garchomp\n|-damage|p2a: Garchomp|0 fnt\n|-damage|p1a: Sirfetch\u2019d|88\/100|[from] ability: Rough Skin|[of] p2a: Garchomp\n|-damage|p1a: Sirfetch\u2019d|71\/100|[from] item: Rocky Helmet|[of] p2a: Garchomp\n|faint|p2a: Garchomp\n|-damage|p1a: Sirfetch\u2019d|68\/100|[from] Recoil\n|\n|upkeep\n|\n|t:|1700847931\n|switch|p2a: Gliscor|Gliscor, M|100\/100\n|turn|13\n|\n|t:|1700847935\n|move|p1a: Sirfetch\u2019d|Brave Bird|p2a: Gliscor\n|-damage|p2a: Gliscor|69\/100\n|-damage|p1a: Sirfetch\u2019d|54\/100|[from] Recoil\n|move|p2a: Gliscor|Knock Off|p1a: Sirfetch\u2019d\n|-resisted|p1a: Sirfetch\u2019d\n|-damage|p1a: Sirfetch\u2019d|39\/100\n|-enditem|p1a: Sirfetch\u2019d|Choice Scarf|[from] move: Knock Off|[of] p2a: Gliscor\n|\n|-status|p2a: Gliscor|tox|[from] item: Toxic Orb\n|upkeep\n|turn|14\n|\n|t:|1700847942\n|move|p2a: Gliscor|Protect|p2a: Gliscor\n|-singleturn|p2a: Gliscor|Protect\n|move|p1a: Sirfetch\u2019d|Brave Bird|p2a: Gliscor\n|-activate|p2a: Gliscor|move: Protect\n|\n|-heal|p2a: Gliscor|82\/100 tox|[from] ability: Poison Heal\n|upkeep\n|turn|15\n|\n|t:|1700847944\n|move|p2a: Gliscor|Toxic|p1a: Sirfetch\u2019d\n|-status|p1a: Sirfetch\u2019d|tox\n|move|p1a: Sirfetch\u2019d|Brave Bird|p2a: Gliscor\n|-damage|p2a: Gliscor|50\/100 tox\n|-damage|p1a: Sirfetch\u2019d|25\/100 tox|[from] Recoil\n|\n|-heal|p2a: Gliscor|62\/100 tox|[from] ability: Poison Heal\n|-damage|p1a: Sirfetch\u2019d|19\/100 tox|[from] psn\n|upkeep\n|turn|16\n|\n|t:|1700847952\n|move|p2a: Gliscor|Protect|p2a: Gliscor\n|-singleturn|p2a: Gliscor|Protect\n|move|p1a: Sirfetch\u2019d|Meteor Assault|p2a: Gliscor\n|-activate|p2a: Gliscor|move: Protect\n|\n|-heal|p2a: Gliscor|75\/100 tox|[from] ability: Poison Heal\n|-damage|p1a: Sirfetch\u2019d|7\/100 tox|[from] psn\n|upkeep\n|turn|17\n|\n|t:|1700847961\n|move|p2a: Gliscor|Earthquake|p1a: Sirfetch\u2019d\n|-damage|p1a: Sirfetch\u2019d|0 fnt\n|faint|p1a: Sirfetch\u2019d\n|\n|win|jannyster\n|raw|satoshikuso's rating: 1059 &rarr; <strong>1041<\/strong><br \/>(-18 for losing)\n|raw|jannyster's rating: 1075 &rarr; <strong>1102<\/strong><br \/>(+27 for winning)\n","uploadtime":1700847966,"views":1,"p1id":"satoshikuso","p2id":"jannyster","formatid":"gen9nationaldexubers","rating":1041,"private":0,"password":""}