{"id":"gen9nationaldexubers-1998761898","p1":"kurokodora","p2":"Adheen010","format":"[Gen 9] National Dex Ubers","log":"|j|\u2606kurokodora\n|j|\u2606Adheen010\n|t:|1700985444\n|gametype|singles\n|player|p1|kurokodora|170|1085\n|player|p2|Adheen010|riley|1014\n|teamsize|p1|6\n|teamsize|p2|6\n|gen|9\n|tier|[Gen 9] National Dex Ubers\n|rated|\n|rule|HP Percentage Mod: HP is shown in percentages\n|rule|Endless Battle Clause: Forcing endless battles is banned\n|rule|OHKO Clause: OHKO moves are banned\n|rule|Evasion Moves Clause: Evasion moves are banned\n|rule|Evasion Items Clause: Evasion items are banned\n|rule|Species Clause: Limit one of each Pok\u00e9mon\n|rule|Sleep Clause Mod: Limit one foe put to sleep\n|rule|Mega Rayquaza Clause: You cannot mega evolve Rayquaza\n|clearpoke\n|poke|p1|Shiftry, M|\n|poke|p1|Quaquaval, M|\n|poke|p1|Glimmora, F|\n|poke|p1|Cursola, F|\n|poke|p1|Haxorus, M|\n|poke|p1|Charizard, M|\n|poke|p2|Zygarde|\n|poke|p2|Espathra, M|\n|poke|p2|Palafin, M|\n|poke|p2|Mewtwo|\n|poke|p2|Darmanitan-Galar, M|\n|poke|p2|Gholdengo|\n|teampreview\n|inactive|Battle timer is ON: inactive players will automatically lose when time's up. (requested by kurokodora)\n|\n|t:|1700985465\n|start\n|switch|p1a: Glimmora|Glimmora, F|100\/100\n|switch|p2a: Darmanitan|Darmanitan-Galar, M|100\/100\n|turn|1\n|\n|t:|1700985472\n|move|p2a: Darmanitan|Earthquake|p1a: Glimmora\n|-supereffective|p1a: Glimmora\n|-enditem|p1a: Glimmora|Shuca Berry|[eat]\n|-enditem|p1a: Glimmora|Shuca Berry|[weaken]\n|-damage|p1a: Glimmora|0 fnt\n|-activate|p1a: Glimmora|ability: Toxic Debris\n|-sidestart|p2: Adheen010|move: Toxic Spikes\n|faint|p1a: Glimmora\n|\n|upkeep\n|\n|t:|1700985480\n|switch|p1a: Charizard|Charizard, M|100\/100\n|turn|2\n|\n|t:|1700985487\n|switch|p2a: Palafin|Palafin, M|100\/100\n|-status|p2a: Palafin|psn\n|move|p1a: Charizard|Dragon Dance|p1a: Charizard\n|-boost|p1a: Charizard|atk|1\n|-boost|p1a: Charizard|spe|1\n|\n|-damage|p2a: Palafin|88\/100 psn|[from] psn\n|upkeep\n|turn|3\n|\n|t:|1700985498\n|detailschange|p1a: Charizard|Charizard-Mega-X, M\n|-mega|p1a: Charizard|Charizard|Charizardite X\n|-terastallize|p2a: Palafin|Water\n|move|p1a: Charizard|Thunder Punch|p2a: Palafin\n|-supereffective|p2a: Palafin\n|-damage|p2a: Palafin|0 fnt\n|faint|p2a: Palafin\n|\n|upkeep\n|\n|t:|1700985506\n|switch|p2a: Darmanitan|Darmanitan-Galar, M|100\/100\n|-status|p2a: Darmanitan|psn\n|turn|4\n|\n|t:|1700985512\n|move|p1a: Charizard|Fire Punch|p2a: Darmanitan\n|-supereffective|p2a: Darmanitan\n|-damage|p2a: Darmanitan|0 fnt\n|faint|p2a: Darmanitan\n|\n|upkeep\n|\n|t:|1700985517\n|switch|p2a: Espathra|Espathra, M|100\/100\n|-status|p2a: Espathra|psn\n|turn|5\n|\n|t:|1700985525\n|move|p1a: Charizard|Dragon Dance|p1a: Charizard\n|-boost|p1a: Charizard|atk|1\n|-boost|p1a: Charizard|spe|1\n|-ability|p2a: Espathra|Opportunist|boost\n|-boost|p2a: Espathra|atk|1\n|-boost|p2a: Espathra|spe|1\n|move|p2a: Espathra|Lumina Crash|p1a: Charizard\n|-damage|p1a: Charizard|57\/100\n|-unboost|p1a: Charizard|spd|2\n|\n|-damage|p2a: Espathra|88\/100 psn|[from] psn\n|upkeep\n|turn|6\n|\n|t:|1700985538\n|move|p1a: Charizard|Fire Punch|p2a: Espathra\n|-damage|p2a: Espathra|0 fnt\n|faint|p2a: Espathra\n|\n|upkeep\n|-message|Adheen010 forfeited.\n|\n|win|kurokodora\n|raw|kurokodora's rating: 1085 &rarr; <strong>1107<\/strong><br \/>(+22 for winning)\n|raw|Adheen010's rating: 1014 &rarr; <strong>1004<\/strong><br \/>(-10 for losing)\n|l|\u2606Adheen010\n","uploadtime":1700985547,"views":5,"p1id":"kurokodora","p2id":"adheen010","formatid":"gen9nationaldexubers","rating":1004,"private":0,"password":""}