{"id":"gen9nationaldexubers-1985435663","p1":"MARCEGO","p2":"X3N037","format":"[Gen 9] National Dex Ubers","log":"|j|\u2606MARCEGO\n|j|\u2606X3N037\n|t:|1699374496\n|gametype|singles\n|player|p1|MARCEGO|169|1000\n|player|p2|X3N037|unknown|1127\n|teamsize|p1|6\n|teamsize|p2|6\n|gen|9\n|tier|[Gen 9] National Dex Ubers\n|rated|\n|rule|HP Percentage Mod: HP is shown in percentages\n|rule|Endless Battle Clause: Forcing endless battles is banned\n|rule|OHKO Clause: OHKO moves are banned\n|rule|Evasion Moves Clause: Evasion moves are banned\n|rule|Evasion Items Clause: Evasion items are banned\n|rule|Species Clause: Limit one of each Pok\u00e9mon\n|rule|Sleep Clause Mod: Limit one foe put to sleep\n|rule|Mega Rayquaza Clause: You cannot mega evolve Rayquaza\n|clearpoke\n|poke|p1|Aegislash, M|\n|poke|p1|Blaziken, F|\n|poke|p1|Alakazam, F|\n|poke|p1|Greninja-*, M|\n|poke|p1|Salamence, F|\n|poke|p1|Jolteon, M|\n|poke|p2|Melmetal|\n|poke|p2|Espathra, F|\n|poke|p2|Flutter Mane|\n|poke|p2|Calyrex-Ice|\n|poke|p2|Darkrai|\n|poke|p2|Deoxys-Speed|\n|teampreview\n|\n|t:|1699374499\n|start\n|switch|p1a: Mi pollo favorito|Blaziken, F|100\/100\n|switch|p2a: Deoxys|Deoxys-Speed|100\/100\n|-ability|p2a: Deoxys|Pressure\n|turn|1\n|\n|t:|1699374507\n|switch|p1a: Naruto|Greninja, M|100\/100\n|move|p2a: Deoxys|Cosmic Power|p2a: Deoxys\n|-boost|p2a: Deoxys|def|1\n|-boost|p2a: Deoxys|spd|1\n|\n|upkeep\n|turn|2\n|\n|t:|1699374514\n|move|p2a: Deoxys|Power-Up Punch|p1a: Naruto\n|-supereffective|p1a: Naruto\n|-damage|p1a: Naruto|61\/100\n|-boost|p2a: Deoxys|atk|1\n|move|p1a: Naruto|Dark Pulse|p2a: Deoxys\n|-supereffective|p2a: Deoxys\n|-damage|p2a: Deoxys|21\/100\n|\n|-heal|p2a: Deoxys|27\/100|[from] item: Leftovers\n|upkeep\n|turn|3\n|\n|t:|1699374528\n|switch|p1a: La espada z|Aegislash, M|100\/100\n|move|p2a: Deoxys|Power-Up Punch|p1a: La espada z\n|-immune|p1a: La espada z\n|\n|-heal|p2a: Deoxys|33\/100|[from] item: Leftovers\n|upkeep\n|turn|4\n|\n|t:|1699374533\n|-formechange|p1a: La espada z|Aegislash-Blade||[from] ability: Stance Change\n|move|p1a: La espada z|Shadow Sneak|p2a: Deoxys\n|-supereffective|p2a: Deoxys\n|-damage|p2a: Deoxys|0 fnt\n|faint|p2a: Deoxys\n|\n|upkeep\n|\n|t:|1699374546\n|switch|p2a: Calyrex|Calyrex-Ice|100\/100\n|-ability|p2a: Calyrex|As One\n|-ability|p2a: Calyrex|Unnerve\n|turn|5\n|\n|t:|1699374552\n|move|p1a: La espada z|Brick Break|p2a: Calyrex\n|-damage|p2a: Calyrex|85\/100\n|move|p2a: Calyrex|Trick Room|p2a: Calyrex\n|-fieldstart|move: Trick Room|[of] p2a: Calyrex\n|\n|upkeep\n|turn|6\n|\n|t:|1699374559\n|move|p1a: La espada z|Shadow Sneak|p2a: Calyrex\n|-supereffective|p2a: Calyrex\n|-damage|p2a: Calyrex|61\/100\n|move|p2a: Calyrex|High Horsepower|p1a: La espada z\n|-supereffective|p1a: La espada z\n|-damage|p1a: La espada z|0 fnt\n|faint|p1a: La espada z\n|-ability|p2a: Calyrex|Chilling Neigh|boost\n|-boost|p2a: Calyrex|atk|1\n|\n|upkeep\n|\n|t:|1699374568\n|switch|p1a: Naruto|Greninja, M|61\/100\n|turn|7\n|\n|t:|1699374575\n|move|p2a: Calyrex|High Horsepower|p1a: Naruto\n|-damage|p1a: Naruto|0 fnt\n|faint|p1a: Naruto\n|-ability|p2a: Calyrex|Chilling Neigh|boost\n|-boost|p2a: Calyrex|atk|1\n|\n|upkeep\n|\n|t:|1699374582\n|switch|p1a: Alakama :)|Alakazam, F|100\/100\n|turn|8\n|\n|t:|1699374595\n|move|p2a: Calyrex|Glacial Lance|p1a: Alakama :)\n|-enditem|p1a: Alakama :)|Focus Sash\n|-damage|p1a: Alakama :)|1\/100\n|move|p1a: Alakama :)|Shadow Ball|p2a: Calyrex\n|-supereffective|p2a: Calyrex\n|-damage|p2a: Calyrex|25\/100\n|-enditem|p2a: Calyrex|Aguav Berry|[eat]\n|-heal|p2a: Calyrex|58\/100|[from] item: Aguav Berry\n|\n|upkeep\n|turn|9\n|\n|t:|1699374606\n|move|p2a: Calyrex|Zen Headbutt|p1a: Alakama :)\n|-resisted|p1a: Alakama :)\n|-damage|p1a: Alakama :)|0 fnt\n|faint|p1a: Alakama :)\n|-ability|p2a: Calyrex|Chilling Neigh|boost\n|-boost|p2a: Calyrex|atk|1\n|\n|-fieldend|move: Trick Room\n|upkeep\n|\n|t:|1699374622\n|switch|p1a: The best Dragon|Salamence, F|100\/100\n|turn|10\n|\n|t:|1699374631\n|move|p1a: The best Dragon|Fire Fang|p2a: Calyrex\n|-supereffective|p2a: Calyrex\n|-damage|p2a: Calyrex|32\/100\n|move|p2a: Calyrex|Trick Room|p2a: Calyrex\n|-fieldstart|move: Trick Room|[of] p2a: Calyrex\n|\n|upkeep\n|turn|11\n|\n|t:|1699374638\n|move|p2a: Calyrex|Glacial Lance|p1a: The best Dragon\n|-supereffective|p1a: The best Dragon\n|-enditem|p1a: The best Dragon|Focus Sash\n|-damage|p1a: The best Dragon|1\/100\n|move|p1a: The best Dragon|Fire Fang|p2a: Calyrex\n|-supereffective|p2a: Calyrex\n|-damage|p2a: Calyrex|4\/100\n|\n|upkeep\n|turn|12\n|\n|t:|1699374647\n|move|p2a: Calyrex|Glacial Lance|p1a: The best Dragon\n|-supereffective|p1a: The best Dragon\n|-damage|p1a: The best Dragon|0 fnt\n|faint|p1a: The best Dragon\n|-ability|p2a: Calyrex|Chilling Neigh|boost\n|-boost|p2a: Calyrex|atk|1\n|\n|upkeep\n|\n|t:|1699374655\n|switch|p1a: Eevee el\u00e9ctrico|Jolteon, M|100\/100\n|-item|p1a: Eevee el\u00e9ctrico|Air Balloon\n|turn|13\n|\n|t:|1699374662\n|move|p1a: Eevee el\u00e9ctrico|Quick Attack|p2a: Calyrex\n|-damage|p2a: Calyrex|0 fnt\n|faint|p2a: Calyrex\n|\n|upkeep\n|\n|t:|1699374666\n|switch|p2a: Melmetal|Melmetal, shiny|100\/100\n|turn|14\n|\n|t:|1699374674\n|move|p2a: Melmetal|Rock Slide|p1a: Eevee el\u00e9ctrico\n|-damage|p1a: Eevee el\u00e9ctrico|36\/100\n|-enditem|p1a: Eevee el\u00e9ctrico|Air Balloon\n|move|p1a: Eevee el\u00e9ctrico|Thunderbolt|p2a: Melmetal\n|-damage|p2a: Melmetal|72\/100\n|\n|-fieldend|move: Trick Room\n|upkeep\n|turn|15\n|\n|t:|1699374683\n|move|p1a: Eevee el\u00e9ctrico|Thunderbolt|p2a: Melmetal\n|-damage|p2a: Melmetal|44\/100\n|move|p2a: Melmetal|Rock Slide|p1a: Eevee el\u00e9ctrico\n|-damage|p1a: Eevee el\u00e9ctrico|0 fnt\n|faint|p1a: Eevee el\u00e9ctrico\n|\n|upkeep\n|\n|t:|1699374695\n|switch|p1a: Mi pollo favorito|Blaziken, F|100\/100\n|turn|16\n|\n|t:|1699374701\n|switch|p2a: Flutter Mane|Flutter Mane|100\/100\n|-enditem|p2a: Flutter Mane|Booster Energy\n|-activate|p2a: Flutter Mane|ability: Protosynthesis|[fromitem]\n|-start|p2a: Flutter Mane|protosynthesisspe\n|detailschange|p1a: Mi pollo favorito|Blaziken-Mega, F\n|-mega|p1a: Mi pollo favorito|Blaziken|Blazikenite\n|move|p1a: Mi pollo favorito|Fire Punch|p2a: Flutter Mane\n|-damage|p2a: Flutter Mane|0 fnt\n|faint|p2a: Flutter Mane\n|-end|p2a: Flutter Mane|Protosynthesis|[silent]\n|\n|-ability|p1a: Mi pollo favorito|Speed Boost|boost\n|-boost|p1a: Mi pollo favorito|spe|1\n|upkeep\n|\n|t:|1699374716\n|switch|p2a: Espathra|Espathra, F|100\/100\n|turn|17\n|\n|t:|1699374722\n|-terastallize|p2a: Espathra|Fairy\n|move|p1a: Mi pollo favorito|Earthquake|p2a: Espathra\n|-damage|p2a: Espathra|36\/100\n|move|p2a: Espathra|Calm Mind|p2a: Espathra\n|-boost|p2a: Espathra|spa|1\n|-boost|p2a: Espathra|spd|1\n|\n|-ability|p1a: Mi pollo favorito|Speed Boost|boost\n|-boost|p1a: Mi pollo favorito|spe|1\n|-ability|p2a: Espathra|Speed Boost|boost\n|-boost|p2a: Espathra|spe|1\n|upkeep\n|turn|18\n|\n|t:|1699374733\n|move|p1a: Mi pollo favorito|Earthquake|p2a: Espathra\n|-damage|p2a: Espathra|0 fnt\n|faint|p2a: Espathra\n|\n|-ability|p1a: Mi pollo favorito|Speed Boost|boost\n|-boost|p1a: Mi pollo favorito|spe|1\n|upkeep\n|\n|t:|1699374736\n|switch|p2a: Darkrai|Darkrai|100\/100\n|turn|19\n|\n|t:|1699374743\n|move|p1a: Mi pollo favorito|Brick Break|p2a: Darkrai\n|-supereffective|p2a: Darkrai\n|-damage|p2a: Darkrai|0 fnt\n|faint|p2a: Darkrai\n|\n|-ability|p1a: Mi pollo favorito|Speed Boost|boost\n|-boost|p1a: Mi pollo favorito|spe|1\n|upkeep\n|\n|t:|1699374745\n|switch|p2a: Melmetal|Melmetal, shiny|44\/100\n|turn|20\n|\n|t:|1699374754\n|move|p1a: Mi pollo favorito|Fire Punch|p2a: Melmetal\n|-supereffective|p2a: Melmetal\n|-damage|p2a: Melmetal|0 fnt\n|faint|p2a: Melmetal\n|\n|win|MARCEGO\n|raw|MARCEGO's rating: 1000 &rarr; <strong>1054<\/strong><br \/>(+54 for winning)\n|raw|X3N037's rating: 1127 &rarr; <strong>1093<\/strong><br \/>(-34 for losing)\n","uploadtime":1699374764,"views":9,"p1id":"marcego","p2id":"x3n037","formatid":"gen9nationaldexubers","rating":1054,"private":0,"password":""}