{"id":"gen9nationaldexubers-1980959749","p1":"EpicGamer069420","p2":"KurumiTokisakilove","format":"[Gen 9] National Dex Ubers","log":"|j|\u2606EpicGamer069420\n|j|\u2606KurumiTokisakilove\n|t:|1698852400\n|gametype|singles\n|player|p1|EpicGamer069420|lucas|1636\n|player|p2|KurumiTokisakilove|sabrina-gen2|1960\n|teamsize|p1|6\n|teamsize|p2|6\n|gen|9\n|tier|[Gen 9] National Dex Ubers\n|rated|\n|rule|HP Percentage Mod: HP is shown in percentages\n|rule|Endless Battle Clause: Forcing endless battles is banned\n|rule|OHKO Clause: OHKO moves are banned\n|rule|Evasion Moves Clause: Evasion moves are banned\n|rule|Evasion Items Clause: Evasion items are banned\n|rule|Species Clause: Limit one of each Pok\u00e9mon\n|rule|Sleep Clause Mod: Limit one foe put to sleep\n|rule|Mega Rayquaza Clause: You cannot mega evolve Rayquaza\n|clearpoke\n|poke|p1|Heatran, M|\n|poke|p1|Necrozma-Dusk-Mane|\n|poke|p1|Xerneas-*|\n|poke|p1|Groudon|\n|poke|p1|Lugia|\n|poke|p1|Arceus-Ground|\n|poke|p2|Giratina-Origin|\n|poke|p2|Magearna|\n|poke|p2|Ditto|\n|poke|p2|Arceus-Dark|\n|poke|p2|Necrozma-Dusk-Mane|\n|poke|p2|Kingambit, F|\n|teampreview\n|inactive|Battle timer is ON: inactive players will automatically lose when time's up. (requested by EpicGamer069420)\n|inactive|KurumiTokisakilove also wants the timer to be on.\n|inactive|EpicGamer069420 has 120 seconds left.\n|\n|t:|1698852454\n|start\n|switch|p1a: Xerneas|Xerneas|100\/100\n|switch|p2a: Necrozma|Necrozma-Dusk-Mane|100\/100\n|-ability|p1a: Xerneas|Fairy Aura\n|turn|1\n|\n|t:|1698852473\n|switch|p1a: Lugia|Lugia|100\/100\n|move|p2a: Necrozma|Stealth Rock|p1a: Lugia\n|-sidestart|p1: EpicGamer069420|move: Stealth Rock\n|\n|upkeep\n|turn|2\n|\n|t:|1698852481\n|move|p1a: Lugia|Defog|p2a: Necrozma\n|-unboost|p2a: Necrozma|evasion|1\n|-sideend|p1: EpicGamer069420|Stealth Rock|[from] move: Defog|[of] p1a: Lugia\n|move|p2a: Necrozma|Photon Geyser|p1a: Lugia\n|-resisted|p1a: Lugia\n|-damage|p1a: Lugia|88\/100\n|\n|upkeep\n|turn|3\n|\n|t:|1698852497\n|move|p1a: Lugia|Roost|p1a: Lugia\n|-heal|p1a: Lugia|100\/100\n|-singleturn|p1a: Lugia|move: Roost\n|move|p2a: Necrozma|Stealth Rock|p1a: Lugia\n|-sidestart|p1: EpicGamer069420|move: Stealth Rock\n|\n|upkeep\n|turn|4\n|\n|t:|1698852507\n|move|p1a: Lugia|Defog|p2a: Necrozma\n|-unboost|p2a: Necrozma|evasion|1\n|-sideend|p1: EpicGamer069420|Stealth Rock|[from] move: Defog|[of] p1a: Lugia\n|move|p2a: Necrozma|Photon Geyser|p1a: Lugia\n|-resisted|p1a: Lugia\n|-damage|p1a: Lugia|88\/100\n|\n|upkeep\n|turn|5\n|\n|t:|1698852518\n|switch|p1a: Heatran|Heatran, M|100\/100\n|-item|p1a: Heatran|Air Balloon\n|move|p2a: Necrozma|Stealth Rock|p1a: Heatran\n|-sidestart|p1: EpicGamer069420|move: Stealth Rock\n|\n|upkeep\n|turn|6\n|\n|t:|1698852535\n|detailschange|p2a: Necrozma|Necrozma-Ultra\n|-burst|p2a: Necrozma|Necrozma|Ultranecrozium Z\n|move|p2a: Necrozma|Photon Geyser|p1a: Heatran\n|-resisted|p1a: Heatran\n|-damage|p1a: Heatran|72\/100\n|-enditem|p1a: Heatran|Air Balloon\n|move|p1a: Heatran|Stealth Rock|p2a: Necrozma\n|-sidestart|p2: KurumiTokisakilove|move: Stealth Rock\n|\n|upkeep\n|turn|7\n|\n|t:|1698852549\n|switch|p1a: Lugia|Lugia|88\/100\n|move|p2a: Necrozma|Earth Power|p1a: Lugia\n|-immune|p1a: Lugia\n|\n|upkeep\n|turn|8\n|\n|t:|1698852554\n|switch|p2a: Magearna|Magearna|100\/100\n|-damage|p2a: Magearna|94\/100|[from] Stealth Rock\n|move|p1a: Lugia|Toxic|p2a: Magearna|[miss]\n|-miss|p1a: Lugia|p2a: Magearna\n|\n|upkeep\n|turn|9\n|\n|t:|1698852559\n|switch|p2a: Kingambit|Kingambit, F|100\/100\n|-damage|p2a: Kingambit|94\/100|[from] Stealth Rock\n|move|p1a: Lugia|Defog|p2a: Kingambit\n|-unboost|p2a: Kingambit|evasion|1\n|-sideend|p2: KurumiTokisakilove|Stealth Rock|[from] move: Defog|[of] p1a: Lugia\n|-sideend|p1: EpicGamer069420|Stealth Rock|[from] move: Defog|[of] p1a: Lugia\n|\n|upkeep\n|turn|10\n|\n|t:|1698852564\n|switch|p1a: Arceus|Arceus-Ground|100\/100\n|-end|p2a: Kingambit|fallenundefined|[silent]\n|switch|p2a: Giratina|Giratina-Origin|100\/100\n|\n|upkeep\n|turn|11\n|\n|t:|1698852569\n|switch|p1a: Xerneas|Xerneas|100\/100\n|-ability|p1a: Xerneas|Fairy Aura\n|move|p2a: Giratina|Hone Claws|p2a: Giratina\n|-boost|p2a: Giratina|atk|1\n|-boost|p2a: Giratina|accuracy|1\n|\n|upkeep\n|turn|12\n|\n|t:|1698852572\n|move|p2a: Giratina|Poltergeist|p1a: Xerneas\n|-activate|p1a: Xerneas|move: Poltergeist|Leftovers\n|-damage|p1a: Xerneas|49\/100\n|move|p1a: Xerneas|Moonblast|p2a: Giratina\n|-supereffective|p2a: Giratina\n|-damage|p2a: Giratina|10\/100\n|\n|-heal|p1a: Xerneas|55\/100|[from] item: Leftovers\n|upkeep\n|turn|13\n|\n|t:|1698852582\n|move|p2a: Giratina|Poltergeist|p1a: Xerneas\n|-activate|p1a: Xerneas|move: Poltergeist|Leftovers\n|-damage|p1a: Xerneas|4\/100\n|move|p1a: Xerneas|Moonblast|p2a: Giratina\n|-supereffective|p2a: Giratina\n|-damage|p2a: Giratina|0 fnt\n|faint|p2a: Giratina\n|\n|-heal|p1a: Xerneas|10\/100|[from] item: Leftovers\n|upkeep\n|\n|t:|1698852593\n|switch|p2a: Necrozma|Necrozma-Ultra|100\/100\n|turn|14\n|\n|t:|1698852602\n|switch|p1a: Arceus|Arceus-Ground|100\/100\n|move|p2a: Necrozma|Photon Geyser|p1a: Arceus\n|-damage|p1a: Arceus|60\/100\n|\n|upkeep\n|turn|15\n|\n|t:|1698852616\n|move|p2a: Necrozma|Stealth Rock|p1a: Arceus\n|-sidestart|p1: EpicGamer069420|move: Stealth Rock\n|move|p1a: Arceus|Recover|p1a: Arceus\n|-heal|p1a: Arceus|100\/100\n|\n|upkeep\n|turn|16\n|\n|t:|1698852626\n|move|p2a: Necrozma|Photon Geyser|p1a: Arceus\n|-damage|p1a: Arceus|56\/100\n|move|p1a: Arceus|Calm Mind|p1a: Arceus\n|-boost|p1a: Arceus|spa|1\n|-boost|p1a: Arceus|spd|1\n|\n|upkeep\n|turn|17\n|\n|t:|1698852634\n|-zpower|p2a: Necrozma\n|move|p2a: Necrozma|Light That Burns the Sky|p1a: Arceus|[zeffect]\n|-damage|p1a: Arceus|0 fnt\n|faint|p1a: Arceus\n|\n|upkeep\n|\n|t:|1698852646\n|switch|p1a: Lugia|Lugia|88\/100\n|turn|18\n|\n|t:|1698852650\n|switch|p2a: Magearna|Magearna|94\/100\n|move|p1a: Lugia|Toxic|p2a: Magearna\n|-immune|p2a: Magearna\n|\n|upkeep\n|turn|19\n|\n|t:|1698852654\n|switch|p2a: Arceus|Arceus-Dark|100\/100\n|move|p1a: Lugia|Defog|p2a: Arceus\n|-unboost|p2a: Arceus|evasion|1\n|-sideend|p1: EpicGamer069420|Stealth Rock|[from] move: Defog|[of] p1a: Lugia\n|\n|upkeep\n|turn|20\n|\n|t:|1698852663\n|switch|p1a: Heatran|Heatran, M|72\/100\n|move|p2a: Arceus|Toxic|p1a: Heatran\n|-immune|p1a: Heatran\n|\n|upkeep\n|turn|21\n|\n|t:|1698852674\n|move|p2a: Arceus|Foul Play|p1a: Heatran\n|-damage|p1a: Heatran|44\/100\n|move|p1a: Heatran|Magma Storm|p2a: Arceus\n|-damage|p2a: Arceus|61\/100\n|-activate|p2a: Arceus|move: Magma Storm|[of] p1a: Heatran\n|\n|-damage|p2a: Arceus|49\/100|[from] move: Magma Storm|[partiallytrapped]\n|upkeep\n|turn|22\n|\n|t:|1698852680\n|move|p2a: Arceus|Taunt|p1a: Heatran\n|-start|p1a: Heatran|move: Taunt\n|cant|p1a: Heatran|move: Taunt|Toxic\n|\n|-damage|p2a: Arceus|36\/100|[from] move: Magma Storm|[partiallytrapped]\n|upkeep\n|turn|23\n|inactive|EpicGamer069420 has 120 seconds left.\n|\n|t:|1698852712\n|switch|p1a: Lugia|Lugia|88\/100\n|move|p2a: Arceus|Recover|p2a: Arceus\n|-heal|p2a: Arceus|86\/100\n|\n|-end|p2a: Arceus|Magma Storm|[partiallytrapped]|[silent]\n|upkeep\n|turn|24\n|\n|t:|1698852718\n|move|p2a: Arceus|Taunt|p1a: Lugia\n|-start|p1a: Lugia|move: Taunt\n|cant|p1a: Lugia|move: Taunt|Toxic\n|\n|upkeep\n|turn|25\n|\n|t:|1698852722\n|switch|p1a: Heatran|Heatran, M|44\/100\n|move|p2a: Arceus|Toxic|p1a: Heatran\n|-immune|p1a: Heatran\n|\n|upkeep\n|turn|26\n|\n|t:|1698852725\n|switch|p1a: Necrozma|Necrozma-Dusk-Mane|100\/100\n|move|p2a: Arceus|Taunt|p1a: Necrozma\n|-start|p1a: Necrozma|move: Taunt\n|\n|upkeep\n|turn|27\n|\n|t:|1698852728\n|move|p2a: Arceus|Foul Play|p1a: Necrozma\n|-supereffective|p1a: Necrozma\n|-damage|p1a: Necrozma|57\/100\n|move|p1a: Necrozma|Earthquake|p2a: Arceus\n|-damage|p2a: Arceus|64\/100\n|\n|-heal|p1a: Necrozma|63\/100|[from] item: Leftovers\n|upkeep\n|turn|28\n|\n|t:|1698852738\n|switch|p1a: Heatran|Heatran, M|44\/100\n|move|p2a: Arceus|Foul Play|p1a: Heatran\n|-damage|p1a: Heatran|19\/100\n|\n|upkeep\n|turn|29\n|\n|t:|1698852750\n|move|p2a: Arceus|Foul Play|p1a: Heatran\n|-damage|p1a: Heatran|0 fnt\n|faint|p1a: Heatran\n|\n|upkeep\n|\n|t:|1698852752\n|switch|p1a: Groudon|Groudon|100\/100\n|detailschange|p1a: Groudon|Groudon-Primal\n|-primal|p1a: Groudon|Red Orb\n|-weather|DesolateLand|[from] ability: Desolate Land|[of] p1a: Groudon\n|turn|30\n|\n|t:|1698852766\n|move|p2a: Arceus|Foul Play|p1a: Groudon\n|-damage|p1a: Groudon|45\/100\n|move|p1a: Groudon|Earthquake|p2a: Arceus\n|-crit|p2a: Arceus\n|-damage|p2a: Arceus|0 fnt\n|faint|p2a: Arceus\n|\n|-weather|DesolateLand|[upkeep]\n|upkeep\n|\n|t:|1698852776\n|switch|p2a: Necrozma|Necrozma-Ultra|100\/100\n|turn|31\n|\n|t:|1698852780\n|-weather|none\n|switch|p1a: Lugia|Lugia|88\/100\n|move|p2a: Necrozma|Dragon Pulse|p1a: Lugia\n|-damage|p1a: Lugia|59\/100\n|\n|upkeep\n|turn|32\n|\n|t:|1698852784\n|switch|p2a: Kingambit|Kingambit, F|94\/100\n|-activate|p2a: Kingambit|ability: Supreme Overlord\n|-start|p2a: Kingambit|fallen2|[silent]\n|move|p1a: Lugia|Roost|p1a: Lugia\n|-heal|p1a: Lugia|100\/100\n|-singleturn|p1a: Lugia|move: Roost\n|\n|upkeep\n|turn|33\n|\n|t:|1698852794\n|switch|p1a: Groudon|Groudon-Primal|45\/100\n|-weather|DesolateLand|[from] ability: Desolate Land|[of] p1a: Groudon\n|move|p2a: Kingambit|Knock Off|p1a: Groudon\n|-damage|p1a: Groudon|7\/100\n|\n|-weather|DesolateLand|[upkeep]\n|upkeep\n|turn|34\n|\n|t:|1698852806\n|-weather|none\n|switch|p1a: Necrozma|Necrozma-Dusk-Mane|63\/100\n|move|p2a: Kingambit|Sucker Punch||[still]\n|-fail|p2a: Kingambit\n|\n|-heal|p1a: Necrozma|69\/100|[from] item: Leftovers\n|upkeep\n|turn|35\n|\n|t:|1698852809\n|-terastallize|p1a: Necrozma|Ground\n|move|p1a: Necrozma|Earthquake|p2a: Kingambit\n|-supereffective|p2a: Kingambit\n|-damage|p2a: Kingambit|16\/100\n|move|p2a: Kingambit|Knock Off|p1a: Necrozma\n|-damage|p1a: Necrozma|26\/100\n|-enditem|p1a: Necrozma|Leftovers|[from] move: Knock Off|[of] p2a: Kingambit\n|\n|upkeep\n|turn|36\n|inactive|KurumiTokisakilove has 120 seconds left.\n|\n|t:|1698852840\n|-end|p2a: Kingambit|fallen2|[silent]\n|switch|p2a: Necrozma|Necrozma-Ultra|100\/100\n|move|p1a: Necrozma|Morning Sun|p1a: Necrozma\n|-heal|p1a: Necrozma|76\/100\n|\n|upkeep\n|turn|37\n|\n|t:|1698852848\n|move|p2a: Necrozma|Photon Geyser|p1a: Necrozma\n|-damage|p1a: Necrozma|29\/100\n|move|p1a: Necrozma|Toxic|p2a: Necrozma\n|-status|p2a: Necrozma|tox\n|\n|-damage|p2a: Necrozma|94\/100 tox|[from] psn\n|upkeep\n|turn|38\n|\n|t:|1698852860\n|switch|p1a: Lugia|Lugia|100\/100\n|move|p2a: Necrozma|Dragon Pulse|p1a: Lugia\n|-damage|p1a: Lugia|86\/100\n|\n|-damage|p2a: Necrozma|82\/100 tox|[from] psn\n|upkeep\n|turn|39\n|\n|t:|1698852869\n|switch|p1a: Necrozma|Necrozma-Dusk-Mane, tera:Ground|29\/100\n|move|p2a: Necrozma|Stealth Rock|p1a: Necrozma\n|-sidestart|p1: EpicGamer069420|move: Stealth Rock\n|\n|-damage|p2a: Necrozma|63\/100 tox|[from] psn\n|upkeep\n|turn|40\n|\n|t:|1698852877\n|switch|p2a: Kingambit|Kingambit, F|16\/100\n|-activate|p2a: Kingambit|ability: Supreme Overlord\n|-start|p2a: Kingambit|fallen2|[silent]\n|switch|p1a: Lugia|Lugia|86\/100\n|\n|upkeep\n|turn|41\n|\n|t:|1698852880\n|move|p1a: Lugia|Aeroblast|p2a: Kingambit\n|-resisted|p2a: Kingambit\n|-damage|p2a: Kingambit|1\/100\n|move|p2a: Kingambit|Knock Off|p1a: Lugia\n|-supereffective|p1a: Lugia\n|-damage|p1a: Lugia|0 fnt\n|-enditem|p1a: Lugia|Heavy-Duty Boots|[from] move: Knock Off|[of] p2a: Kingambit\n|faint|p1a: Lugia\n|\n|upkeep\n|\n|t:|1698852892\n|switch|p1a: Necrozma|Necrozma-Dusk-Mane, tera:Ground|29\/100\n|-damage|p1a: Necrozma|23\/100|[from] Stealth Rock\n|turn|42\n|\n|t:|1698852897\n|move|p1a: Necrozma|Morning Sun|p1a: Necrozma\n|-heal|p1a: Necrozma|73\/100\n|move|p2a: Kingambit|Iron Head|p1a: Necrozma\n|-damage|p1a: Necrozma|44\/100\n|\n|upkeep\n|turn|43\n|\n|t:|1698852906\n|move|p1a: Necrozma|Morning Sun|p1a: Necrozma\n|-heal|p1a: Necrozma|94\/100\n|move|p2a: Kingambit|Iron Head|p1a: Necrozma\n|-damage|p1a: Necrozma|66\/100\n|\n|upkeep\n|turn|44\n|\n|t:|1698852914\n|move|p2a: Kingambit|Sucker Punch||[still]\n|-fail|p2a: Kingambit\n|move|p1a: Necrozma|Morning Sun|p1a: Necrozma\n|-heal|p1a: Necrozma|100\/100\n|\n|upkeep\n|turn|45\n|\n|t:|1698852918\n|move|p2a: Kingambit|Sucker Punch|p1a: Necrozma\n|-crit|p1a: Necrozma\n|-damage|p1a: Necrozma|57\/100\n|move|p1a: Necrozma|Knock Off|p2a: Kingambit\n|-resisted|p2a: Kingambit\n|-damage|p2a: Kingambit|0 fnt\n|-enditem|p2a: Kingambit|Black Glasses|[from] move: Knock Off|[of] p1a: Necrozma\n|faint|p2a: Kingambit\n|-end|p2a: Kingambit|fallen2|[silent]\n|\n|upkeep\n|\n|t:|1698852933\n|switch|p2a: Ditto|Ditto, shiny|100\/100\n|-transform|p2a: Ditto|p1a: Necrozma|[from] ability: Imposter\n|turn|46\n|\n|t:|1698852940\n|move|p2a: Ditto|Toxic|p1a: Necrozma\n|-status|p1a: Necrozma|tox\n|move|p1a: Necrozma|Earthquake|p2a: Ditto\n|-supereffective|p2a: Ditto\n|-damage|p2a: Ditto|43\/100\n|\n|-damage|p1a: Necrozma|51\/100 tox|[from] psn\n|upkeep\n|turn|47\n|\n|t:|1698852944\n|switch|p2a: Magearna|Magearna|94\/100\n|move|p1a: Necrozma|Earthquake|p2a: Magearna\n|-supereffective|p2a: Magearna\n|-damage|p2a: Magearna|15\/100\n|\n|-damage|p1a: Necrozma|39\/100 tox|[from] psn\n|upkeep\n|turn|48\n|\n|t:|1698852949\n|move|p1a: Necrozma|Morning Sun|p1a: Necrozma\n|-heal|p1a: Necrozma|89\/100 tox\n|move|p2a: Magearna|Fleur Cannon|p1a: Necrozma\n|-damage|p1a: Necrozma|47\/100 tox\n|-unboost|p2a: Magearna|spa|2\n|\n|-damage|p1a: Necrozma|29\/100 tox|[from] psn\n|upkeep\n|turn|49\n|\n|t:|1698852957\n|move|p1a: Necrozma|Morning Sun|p1a: Necrozma\n|-heal|p1a: Necrozma|79\/100 tox\n|move|p2a: Magearna|Pain Split|p1a: Necrozma\n|-sethp|p1a: Necrozma|46\/100 tox|[from] move: Pain Split|[silent]\n|-sethp|p2a: Magearna|51\/100|[from] move: Pain Split\n|\n|-damage|p1a: Necrozma|22\/100 tox|[from] psn\n|upkeep\n|turn|50\n|\n|t:|1698852963\n|switch|p1a: Groudon|Groudon-Primal|7\/100\n|-damage|p1a: Groudon|0 fnt|[from] Stealth Rock\n|faint|p1a: Groudon\n|-ability|p2a: Magearna|Soul-Heart|boost\n|-boost|p2a: Magearna|spa|1\n|move|p2a: Magearna|Fleur Cannon|p1: Groudon|[notarget]\n|-fail|p2a: Magearna\n|\n|upkeep\n|\n|t:|1698852965\n|switch|p1a: Necrozma|Necrozma-Dusk-Mane, tera:Ground|22\/100 tox\n|-damage|p1a: Necrozma|16\/100 tox|[from] Stealth Rock\n|turn|51\n|\n|t:|1698852969\n|move|p1a: Necrozma|Morning Sun|p1a: Necrozma\n|-heal|p1a: Necrozma|66\/100 tox\n|move|p2a: Magearna|Pain Split|p1a: Necrozma\n|-sethp|p1a: Necrozma|56\/100 tox|[from] move: Pain Split|[silent]\n|-sethp|p2a: Magearna|61\/100|[from] move: Pain Split\n|\n|-damage|p1a: Necrozma|50\/100 tox|[from] psn\n|upkeep\n|turn|52\n|\n|t:|1698852978\n|move|p1a: Necrozma|Morning Sun|p1a: Necrozma\n|-heal|p1a: Necrozma|99\/100 tox\n|move|p2a: Magearna|Fleur Cannon|p1a: Necrozma\n|-damage|p1a: Necrozma|70\/100 tox\n|-unboost|p2a: Magearna|spa|2\n|\n|-damage|p1a: Necrozma|58\/100 tox|[from] psn\n|upkeep\n|turn|53\n|\n|t:|1698852988\n|move|p1a: Necrozma|Earthquake|p2a: Magearna\n|-supereffective|p2a: Magearna\n|-damage|p2a: Magearna|0 fnt\n|faint|p2a: Magearna\n|\n|-damage|p1a: Necrozma|40\/100 tox|[from] psn\n|upkeep\n|\n|t:|1698852992\n|switch|p2a: Necrozma|Necrozma-Ultra|63\/100 tox\n|turn|54\n|\n|t:|1698852995\n|switch|p1a: Xerneas|Xerneas|10\/100\n|-damage|p1a: Xerneas|0 fnt|[from] Stealth Rock\n|faint|p1a: Xerneas\n|move|p2a: Necrozma|Photon Geyser|p1: Xerneas|[notarget]\n|-fail|p2a: Necrozma\n|\n|-damage|p2a: Necrozma|57\/100 tox|[from] psn\n|upkeep\n|\n|t:|1698852997\n|switch|p1a: Necrozma|Necrozma-Dusk-Mane, tera:Ground|40\/100 tox\n|-damage|p1a: Necrozma|34\/100 tox|[from] Stealth Rock\n|turn|55\n|\n|t:|1698853000\n|move|p2a: Necrozma|Dragon Pulse|p1a: Necrozma\n|-damage|p1a: Necrozma|0 fnt\n|faint|p1a: Necrozma\n|\n|win|KurumiTokisakilove\n|raw|EpicGamer069420's rating: 1636 &rarr; <strong>1631<\/strong><br \/>(-5 for losing)\n|raw|KurumiTokisakilove's rating: 1960 &rarr; <strong>1965<\/strong><br \/>(+5 for winning)\n|l|\u2606EpicGamer069420\n|l|\u2606KurumiTokisakilove\n","uploadtime":1698853012,"views":11,"p1id":"epicgamer069420","p2id":"kurumitokisakilove","formatid":"gen9nationaldexubers","rating":1631,"private":0,"password":""}