{"id":"gen9nationaldexubers-1980082460","p1":"Magvegito","p2":"Luigi20000","format":"[Gen 9] National Dex Ubers","log":"|j|\u2606Magvegito\n|j|\u2606Luigi20000\n|t:|1698755417\n|gametype|singles\n|player|p1|Magvegito|lucas-gen4pt|1138\n|player|p2|Luigi20000|lucas-gen4pt|1235\n|teamsize|p1|6\n|teamsize|p2|6\n|gen|9\n|tier|[Gen 9] National Dex Ubers\n|rated|\n|rule|HP Percentage Mod: HP is shown in percentages\n|rule|Endless Battle Clause: Forcing endless battles is banned\n|rule|OHKO Clause: OHKO moves are banned\n|rule|Evasion Moves Clause: Evasion moves are banned\n|rule|Evasion Items Clause: Evasion items are banned\n|rule|Species Clause: Limit one of each Pok\u00e9mon\n|rule|Sleep Clause Mod: Limit one foe put to sleep\n|rule|Mega Rayquaza Clause: You cannot mega evolve Rayquaza\n|clearpoke\n|poke|p1|Greninja-*, M|\n|poke|p1|Pelipper, F|\n|poke|p1|Toxapex, M|\n|poke|p1|Urshifu-*, M|\n|poke|p1|Slowking, F|\n|poke|p1|Swampert, F|\n|poke|p2|Chandelure, M|\n|poke|p2|Dusknoir, M|\n|poke|p2|Mimikyu, M|\n|poke|p2|Aegislash, M|\n|poke|p2|Dhelmise|\n|poke|p2|Runerigus, M|\n|teampreview\n|\n|t:|1698755441\n|start\n|switch|p1a: Pelipper|Pelipper, F|100\/100\n|switch|p2a: Mimikyu|Mimikyu, M|100\/100\n|-weather|RainDance|[from] ability: Drizzle|[of] p1a: Pelipper\n|turn|1\n|\n|t:|1698755448\n|move|p2a: Mimikyu|Swords Dance|p2a: Mimikyu\n|-boost|p2a: Mimikyu|atk|2\n|move|p1a: Pelipper|Hurricane|p2a: Mimikyu\n|-activate|p2a: Mimikyu|ability: Disguise\n|-damage|p2a: Mimikyu|100\/100\n|detailschange|p2a: Mimikyu|Mimikyu-Busted, M\n|-damage|p2a: Mimikyu|88\/100|[from] pokemon: Mimikyu-Busted\n|\n|-weather|RainDance|[upkeep]\n|upkeep\n|turn|2\n|\n|t:|1698755459\n|move|p2a: Mimikyu|Shadow Claw|p1a: Pelipper\n|-damage|p1a: Pelipper|22\/100\n|move|p1a: Pelipper|Hydro Pump|p2a: Mimikyu\n|-damage|p2a: Mimikyu|0 fnt\n|faint|p2a: Mimikyu\n|\n|-weather|RainDance|[upkeep]\n|upkeep\n|\n|t:|1698755472\n|switch|p2a: Aegislash|Aegislash, M|100\/100\n|turn|3\n|\n|t:|1698755475\n|move|p1a: Pelipper|Hydro Pump|p2a: Aegislash\n|-damage|p2a: Aegislash|38\/100\n|-formechange|p2a: Aegislash|Aegislash-Blade||[from] ability: Stance Change\n|move|p2a: Aegislash|Shadow Claw|p1a: Pelipper\n|-damage|p1a: Pelipper|0 fnt\n|faint|p1a: Pelipper\n|\n|-weather|RainDance|[upkeep]\n|upkeep\n|\n|t:|1698755485\n|switch|p1a: Swampert|Swampert, F|100\/100\n|turn|4\n|\n|t:|1698755490\n|detailschange|p1a: Swampert|Swampert-Mega, F\n|-mega|p1a: Swampert|Swampert|Swampertite\n|-formechange|p2a: Aegislash|Aegislash||[from] ability: Stance Change\n|move|p2a: Aegislash|King's Shield|p2a: Aegislash\n|-singleturn|p2a: Aegislash|Protect\n|move|p1a: Swampert|Stealth Rock|p2a: Aegislash\n|-sidestart|p2: Luigi20000|move: Stealth Rock\n|\n|-weather|RainDance|[upkeep]\n|upkeep\n|turn|5\n|\n|t:|1698755497\n|move|p1a: Swampert|Earthquake|p2a: Aegislash\n|-supereffective|p2a: Aegislash\n|-crit|p2a: Aegislash\n|-damage|p2a: Aegislash|0 fnt\n|faint|p2a: Aegislash\n|\n|-weather|RainDance|[upkeep]\n|upkeep\n|\n|t:|1698755502\n|switch|p2a: Dhelmise|Dhelmise|100\/100\n|-damage|p2a: Dhelmise|88\/100|[from] Stealth Rock\n|turn|6\n|\n|t:|1698755508\n|move|p1a: Swampert|Ice Punch|p2a: Dhelmise\n|-supereffective|p2a: Dhelmise\n|-damage|p2a: Dhelmise|32\/100\n|-status|p2a: Dhelmise|frz\n|cant|p2a: Dhelmise|frz\n|\n|-weather|RainDance|[upkeep]\n|upkeep\n|turn|7\n|\n|t:|1698755514\n|move|p1a: Swampert|Ice Punch|p2a: Dhelmise\n|-supereffective|p2a: Dhelmise\n|-damage|p2a: Dhelmise|0 fnt\n|faint|p2a: Dhelmise\n|\n|-weather|RainDance|[upkeep]\n|upkeep\n|\n|t:|1698755519\n|switch|p2a: Runerigus|Runerigus, M|100\/100\n|-damage|p2a: Runerigus|94\/100|[from] Stealth Rock\n|turn|8\n|\n|t:|1698755523\n|move|p1a: Swampert|Waterfall|p2a: Runerigus\n|-supereffective|p2a: Runerigus\n|-damage|p2a: Runerigus|0 fnt\n|-activate|p2a: Runerigus|ability: Wandering Spirit|Swift Swim|Wandering Spirit|[of] p1a: Swampert\n|faint|p2a: Runerigus\n|\n|-weather|none\n|upkeep\n|\n|t:|1698755530\n|switch|p2a: Chandelure|Chandelure, M|100\/100\n|turn|9\n|\n|t:|1698755535\n|move|p2a: Chandelure|Energy Ball|p1a: Swampert\n|-supereffective|p1a: Swampert\n|-damage|p1a: Swampert|0 fnt\n|faint|p1a: Swampert\n|\n|upkeep\n|\n|t:|1698755543\n|switch|p1a: Greninja|Greninja, M|100\/100\n|turn|10\n|\n|t:|1698755547\n|-terastallize|p1a: Greninja|Dark\n|move|p1a: Greninja|Dark Pulse|p2a: Chandelure\n|-supereffective|p2a: Chandelure\n|-damage|p2a: Chandelure|0 fnt\n|faint|p2a: Chandelure\n|\n|upkeep\n|\n|t:|1698755552\n|switch|p2a: Dusknoir|Dusknoir, M|100\/100\n|-damage|p2a: Dusknoir|88\/100|[from] Stealth Rock\n|-ability|p2a: Dusknoir|Pressure\n|turn|11\n|-message|Luigi20000 forfeited.\n|\n|win|Magvegito\n|raw|Magvegito's rating: 1138 &rarr; <strong>1170<\/strong><br \/>(+32 for winning)\n|raw|Luigi20000's rating: 1235 &rarr; <strong>1203<\/strong><br \/>(-32 for losing)\n|l|\u2606Luigi20000\n","uploadtime":1698755561,"views":8,"p1id":"magvegito","p2id":"luigi20000","formatid":"gen9nationaldexubers","rating":1170,"private":0,"password":""}