{"id":"gen9nationaldexubers-1986815048","p1":"zomboks134","p2":"BlackStar150520","format":"[Gen 9] National Dex Ubers","log":"|j|\u2606zomboks134\n|j|\u2606BlackStar150520\n|t:|1699529293\n|gametype|singles\n|player|p1|zomboks134|pokemaniac|1599\n|player|p2|BlackStar150520|unknown|1812\n|teamsize|p1|6\n|teamsize|p2|6\n|gen|9\n|tier|[Gen 9] National Dex Ubers\n|rated|\n|rule|HP Percentage Mod: HP is shown in percentages\n|rule|Endless Battle Clause: Forcing endless battles is banned\n|rule|OHKO Clause: OHKO moves are banned\n|rule|Evasion Moves Clause: Evasion moves are banned\n|rule|Evasion Items Clause: Evasion items are banned\n|rule|Species Clause: Limit one of each Pok\u00e9mon\n|rule|Sleep Clause Mod: Limit one foe put to sleep\n|rule|Mega Rayquaza Clause: You cannot mega evolve Rayquaza\n|clearpoke\n|poke|p1|Garganacl, M|\n|poke|p1|Kingambit, M|\n|poke|p1|Ditto|\n|poke|p1|Mewtwo|\n|poke|p1|Arceus-Ground|\n|poke|p1|Ho-Oh|\n|poke|p2|Zygarde|\n|poke|p2|Magearna|\n|poke|p2|Ditto|\n|poke|p2|Rayquaza|\n|poke|p2|Arceus-Water|\n|poke|p2|Necrozma-Dusk-Mane|\n|teampreview\n|inactive|Battle timer is ON: inactive players will automatically lose when time's up. (requested by zomboks134)\n|inactive|BlackStar150520 also wants the timer to be on.\n|inactive|zomboks134 has 120 seconds left.\n|\n|t:|1699529335\n|start\n|switch|p1a: Arceus|Arceus-Ground|100\/100\n|switch|p2a: Arceus|Arceus-Water|100\/100\n|turn|1\n|\n|t:|1699529360\n|move|p2a: Arceus|Taunt|p1a: Arceus\n|-start|p1a: Arceus|move: Taunt\n|cant|p1a: Arceus|move: Taunt|Toxic\n|\n|upkeep\n|turn|2\n|\n|t:|1699529365\n|switch|p1a: Ditto|Ditto|100\/100\n|-transform|p1a: Ditto|p2a: Arceus|[from] ability: Imposter\n|move|p2a: Arceus|Judgment|p1a: Ditto\n|-resisted|p1a: Ditto\n|-damage|p1a: Ditto|75\/100\n|\n|upkeep\n|turn|3\n|\n|t:|1699529369\n|switch|p2a: Necrozma|Necrozma-Dusk-Mane|100\/100\n|move|p1a: Ditto|Taunt|p2a: Necrozma\n|-start|p2a: Necrozma|move: Taunt\n|\n|upkeep\n|turn|4\n|\n|t:|1699529373\n|switch|p1a: Ho-Oh|Ho-Oh|100\/100\n|switch|p2a: Arceus|Arceus-Water|100\/100\n|\n|upkeep\n|turn|5\n|\n|t:|1699529375\n|move|p2a: Arceus|Taunt|p1a: Ho-Oh\n|-start|p1a: Ho-Oh|move: Taunt\n|cant|p1a: Ho-Oh|move: Taunt|Toxic\n|\n|upkeep\n|turn|6\n|inactive|zomboks134 has 120 seconds left.\n|\n|t:|1699529429\n|switch|p1a: Kingambit|Kingambit, M|100\/100\n|move|p2a: Arceus|Toxic|p1a: Kingambit\n|-immune|p1a: Kingambit\n|\n|upkeep\n|turn|7\n|\n|t:|1699529441\n|move|p2a: Arceus|Judgment|p1a: Kingambit\n|-damage|p1a: Kingambit|52\/100\n|move|p1a: Kingambit|Swords Dance|p1a: Kingambit\n|-boost|p1a: Kingambit|atk|2\n|\n|upkeep\n|turn|8\n|\n|t:|1699529453\n|switch|p2a: Magearna|Magearna|100\/100\n|move|p1a: Kingambit|Knock Off|p2a: Magearna\n|-resisted|p2a: Magearna\n|-damage|p2a: Magearna|65\/100\n|\n|upkeep\n|turn|9\n|inactive|zomboks134 has 90 seconds left.\n|\n|t:|1699529479\n|-end|p1a: Kingambit|fallenundefined|[silent]\n|switch|p1a: Arceus|Arceus-Ground|100\/100\n|move|p2a: Magearna|Fleur Cannon|p1a: Arceus\n|-damage|p1a: Arceus|66\/100\n|-unboost|p2a: Magearna|spa|2\n|\n|upkeep\n|turn|10\n|\n|t:|1699529495\n|switch|p2a: Necrozma|Necrozma-Dusk-Mane|100\/100\n|move|p1a: Arceus|Judgment|p2a: Necrozma\n|-supereffective|p2a: Necrozma\n|-damage|p2a: Necrozma|32\/100\n|\n|upkeep\n|turn|11\n|inactive|zomboks134 has 90 seconds left.\n|\n|t:|1699529513\n|detailschange|p2a: Necrozma|Necrozma-Ultra\n|-burst|p2a: Necrozma|Necrozma|Ultranecrozium Z\n|move|p2a: Necrozma|Stealth Rock|p1a: Arceus\n|-sidestart|p1: zomboks134|move: Stealth Rock\n|move|p1a: Arceus|Judgment|p2a: Necrozma\n|-damage|p2a: Necrozma|0 fnt\n|faint|p2a: Necrozma\n|\n|upkeep\n|\n|t:|1699529519\n|switch|p2a: Arceus|Arceus-Water|100\/100\n|turn|12\n|inactive|zomboks134 has 90 seconds left.\n|\n|t:|1699529542\n|move|p2a: Arceus|Taunt|p1a: Arceus\n|-start|p1a: Arceus|move: Taunt\n|cant|p1a: Arceus|move: Taunt|Toxic\n|\n|upkeep\n|turn|13\n|inactive|zomboks134 has 90 seconds left.\n|\n|t:|1699529548\n|switch|p1a: Ho-Oh|Ho-Oh|100\/100\n|move|p2a: Arceus|Judgment|p1a: Ho-Oh\n|-supereffective|p1a: Ho-Oh\n|-damage|p1a: Ho-Oh|57\/100\n|\n|upkeep\n|turn|14\n|\n|t:|1699529555\n|move|p2a: Arceus|Taunt|p1a: Ho-Oh\n|-start|p1a: Ho-Oh|move: Taunt\n|move|p1a: Ho-Oh|Sacred Fire|p2a: Arceus\n|-resisted|p2a: Arceus\n|-damage|p2a: Arceus|87\/100\n|\n|upkeep\n|turn|15\n|\n|t:|1699529559\n|move|p2a: Arceus|Judgment|p1a: Ho-Oh\n|-supereffective|p1a: Ho-Oh\n|-damage|p1a: Ho-Oh|14\/100\n|move|p1a: Ho-Oh|Sacred Fire|p2a: Arceus\n|-resisted|p2a: Arceus\n|-damage|p2a: Arceus|72\/100\n|-status|p2a: Arceus|brn\n|\n|-damage|p2a: Arceus|66\/100 brn|[from] brn\n|upkeep\n|turn|16\n|\n|t:|1699529566\n|move|p2a: Arceus|Judgment|p1a: Ho-Oh\n|-supereffective|p1a: Ho-Oh\n|-damage|p1a: Ho-Oh|0 fnt\n|faint|p1a: Ho-Oh\n|\n|-damage|p2a: Arceus|60\/100 brn|[from] brn\n|upkeep\n|\n|t:|1699529576\n|switch|p1a: Kingambit|Kingambit, M|52\/100\n|-damage|p1a: Kingambit|46\/100|[from] Stealth Rock\n|-activate|p1a: Kingambit|ability: Supreme Overlord\n|-start|p1a: Kingambit|fallen1|[silent]\n|turn|17\n|\n|t:|1699529586\n|move|p2a: Arceus|Judgment|p1a: Kingambit\n|-damage|p1a: Kingambit|0 fnt\n|faint|p1a: Kingambit\n|-end|p1a: Kingambit|fallen1|[silent]\n|\n|-damage|p2a: Arceus|53\/100 brn|[from] brn\n|upkeep\n|\n|t:|1699529603\n|switch|p1a: Mewtwo|Mewtwo|100\/100\n|-damage|p1a: Mewtwo|88\/100|[from] Stealth Rock\n|-ability|p1a: Mewtwo|Pressure\n|turn|18\n|\n|t:|1699529609\n|switch|p2a: Magearna|Magearna|65\/100\n|detailschange|p1a: Mewtwo|Mewtwo-Mega-Y\n|-mega|p1a: Mewtwo|Mewtwo|Mewtwonite Y\n|move|p1a: Mewtwo|Psystrike|p2a: Magearna\n|-resisted|p2a: Magearna\n|-damage|p2a: Magearna|34\/100\n|\n|upkeep\n|turn|19\n|\n|t:|1699529629\n|move|p1a: Mewtwo|Psystrike|p2a: Magearna\n|-resisted|p2a: Magearna\n|-damage|p2a: Magearna|3\/100\n|-zpower|p2a: Magearna\n|move|p2a: Magearna|Z-Heal Bell|p2a: Magearna|[anim]Heal Bell\n|-heal|p2a: Magearna|100\/100|[zeffect]\n|-activate|p2a: Magearna|move: Heal Bell\n|-curestatus|p2: Arceus|brn|[msg]\n|\n|upkeep\n|turn|20\n|\n|t:|1699529639\n|move|p1a: Mewtwo|Fire Blast|p2a: Magearna\n|-supereffective|p2a: Magearna\n|-damage|p2a: Magearna|41\/100\n|move|p2a: Magearna|Fleur Cannon|p1a: Mewtwo\n|-damage|p1a: Mewtwo|44\/100\n|-unboost|p2a: Magearna|spa|2\n|\n|upkeep\n|turn|21\n|\n|t:|1699529644\n|move|p1a: Mewtwo|Fire Blast|p2a: Magearna\n|-supereffective|p2a: Magearna\n|-damage|p2a: Magearna|0 fnt\n|faint|p2a: Magearna\n|\n|upkeep\n|\n|t:|1699529649\n|switch|p2a: Rayquaza|Rayquaza|100\/100\n|-ability|p2a: Rayquaza|Air Lock\n|turn|22\n|inactive|zomboks134 has 120 seconds left.\n|\n|t:|1699529684\n|switch|p1a: Garganacl|Garganacl, M|100\/100\n|-damage|p1a: Garganacl|88\/100|[from] Stealth Rock\n|-terastallize|p2a: Rayquaza|Normal\n|move|p2a: Rayquaza|Extreme Speed|p1a: Garganacl\n|-resisted|p1a: Garganacl\n|-damage|p1a: Garganacl|76\/100\n|\n|-heal|p1a: Garganacl|82\/100|[from] item: Leftovers\n|upkeep\n|turn|23\n|inactive|zomboks134 has 90 seconds left.\n|inactive|zomboks134 has 60 seconds left.\n|\n|t:|1699529729\n|move|p2a: Rayquaza|Earthquake|p1a: Garganacl\n|-supereffective|p1a: Garganacl\n|-damage|p1a: Garganacl|39\/100\n|move|p1a: Garganacl|Salt Cure|p2a: Rayquaza\n|-damage|p2a: Rayquaza|87\/100\n|-start|p2a: Rayquaza|Salt Cure\n|\n|-heal|p1a: Garganacl|46\/100|[from] item: Leftovers\n|-damage|p2a: Rayquaza|74\/100|[from] Salt Cure\n|upkeep\n|turn|24\n|inactive|zomboks134 has 60 seconds left.\n|\n|t:|1699529739\n|move|p1a: Garganacl|Protect|p1a: Garganacl\n|-singleturn|p1a: Garganacl|Protect\n|move|p2a: Rayquaza|Dragon Dance|p2a: Rayquaza\n|-boost|p2a: Rayquaza|atk|1\n|-boost|p2a: Rayquaza|spe|1\n|\n|-heal|p1a: Garganacl|52\/100|[from] item: Leftovers\n|-damage|p2a: Rayquaza|62\/100|[from] Salt Cure\n|upkeep\n|turn|25\n|inactive|zomboks134 has 60 seconds left.\n|\n|t:|1699529755\n|move|p1a: Garganacl|Protect|p1a: Garganacl\n|-singleturn|p1a: Garganacl|Protect\n|move|p2a: Rayquaza|Dragon Ascent|p1a: Garganacl\n|-activate|p1a: Garganacl|move: Protect\n|\n|-heal|p1a: Garganacl|58\/100|[from] item: Leftovers\n|-damage|p2a: Rayquaza|50\/100|[from] Salt Cure\n|upkeep\n|turn|26\n|inactive|zomboks134 has 60 seconds left.\n|\n|t:|1699529765\n|move|p1a: Garganacl|Protect||[still]\n|-fail|p1a: Garganacl\n|move|p2a: Rayquaza|Earthquake|p1a: Garganacl\n|-supereffective|p1a: Garganacl\n|-damage|p1a: Garganacl|0 fnt\n|faint|p1a: Garganacl\n|\n|-damage|p2a: Rayquaza|38\/100|[from] Salt Cure\n|upkeep\n|\n|t:|1699529767\n|switch|p1a: Ditto|Ditto|75\/100\n|-damage|p1a: Ditto|62\/100|[from] Stealth Rock\n|-transform|p1a: Ditto|p2a: Rayquaza|[from] ability: Imposter\n|-start|p1a: Ditto|typechange|Dragon\/Flying|[silent]\n|turn|27\n|\n|t:|1699529778\n|-terastallize|p1a: Ditto|Ghost\n|move|p2a: Rayquaza|Extreme Speed|p1a: Ditto\n|-immune|p1a: Ditto\n|move|p1a: Ditto|Dragon Ascent|p2a: Rayquaza\n|-damage|p2a: Rayquaza|0 fnt\n|-unboost|p1a: Ditto|def|1\n|-unboost|p1a: Ditto|spd|1\n|faint|p2a: Rayquaza\n|\n|upkeep\n|\n|t:|1699529786\n|switch|p2a: Zygarde|Zygarde, shiny|100\/100\n|turn|28\n|\n|t:|1699529790\n|move|p1a: Ditto|Dragon Ascent|p2a: Zygarde\n|-damage|p2a: Zygarde|10\/100\n|-unboost|p1a: Ditto|def|1\n|-unboost|p1a: Ditto|spd|1\n|move|p2a: Zygarde|Thousand Arrows|p1a: Ditto\n|-damage|p1a: Ditto|0 fnt\n|faint|p1a: Ditto\n|\n|-heal|p2a: Zygarde|16\/100|[from] item: Leftovers\n|-activate|p2a: Zygarde|ability: Power Construct\n|detailschange|p2a: Zygarde|Zygarde-Complete, shiny\n|-heal|p2a: Zygarde|48\/100|[silent]\n|upkeep\n|\n|t:|1699529793\n|switch|p1a: Mewtwo|Mewtwo-Mega-Y|44\/100\n|-damage|p1a: Mewtwo|32\/100|[from] Stealth Rock\n|turn|29\n|\n|t:|1699529798\n|move|p2a: Zygarde|Extreme Speed|p1a: Mewtwo\n|-damage|p1a: Mewtwo|0 fnt\n|faint|p1a: Mewtwo\n|\n|-heal|p2a: Zygarde|54\/100|[from] item: Leftovers\n|upkeep\n|c|\u2606zomboks134|Xd\n|c|\u2606zomboks134|Xd\n|c|\u2606zomboks134|Xd\n|inactive|zomboks134 has 90 seconds left.\n|c|\u2606zomboks134|Xd\n|c|\u2606zomboks134|Xd\n|c|\u2606zomboks134|Xd\n|c|\u2606zomboks134|Xfx\n|c|\u2606zomboks134|Dxd\n|c|\u2606zomboks134|Xd\n|c|\u2606zomboks134|Xd\n|c|\u2606zomboks134|Xd\n|c|\u2606zomboks134|Xd\n|c|\u2606zomboks134|Xd\n|c|\u2606zomboks134|Xdx\n|c|\u2606zomboks134|Xd\n|c|\u2606zomboks134|Xd\n|c|\u2606zomboks134|Xd\n|c|\u2606zomboks134|Xd\n|c|\u2606zomboks134|Xd\n|c|\u2606zomboks134|Xd\n|c|\u2606zomboks134|Xxd\n|c|\u2606zomboks134|Xd\n|c|\u2606zomboks134|Xx\n|c|\u2606zomboks134|D\n|c|\u2606zomboks134|Dx\n|c|\u2606zomboks134|D\n|c|\u2606zomboks134|D\n|c|\u2606zomboks134|D\n|\n|t:|1699529823\n|switch|p1a: Arceus|Arceus-Ground|66\/100\n|-damage|p1a: Arceus|60\/100|[from] Stealth Rock\n|turn|30\n|\n|t:|1699529829\n|move|p1a: Arceus|Recover|p1a: Arceus\n|-heal|p1a: Arceus|100\/100\n|move|p2a: Zygarde|Dragon Dance|p2a: Zygarde\n|-boost|p2a: Zygarde|atk|1\n|-boost|p2a: Zygarde|spe|1\n|\n|-heal|p2a: Zygarde|60\/100|[from] item: Leftovers\n|upkeep\n|turn|31\n|\n|t:|1699529833\n|move|p2a: Zygarde|Thousand Arrows|p1a: Arceus\n|-damage|p1a: Arceus|70\/100\n|move|p1a: Arceus|Toxic|p2a: Zygarde\n|-status|p2a: Zygarde|tox\n|\n|-heal|p2a: Zygarde|66\/100 tox|[from] item: Leftovers\n|-damage|p2a: Zygarde|60\/100 tox|[from] psn\n|upkeep\n|turn|32\n|\n|t:|1699529838\n|move|p2a: Zygarde|Thousand Arrows|p1a: Arceus\n|-damage|p1a: Arceus|39\/100\n|move|p1a: Arceus|Taunt|p2a: Zygarde\n|-start|p2a: Zygarde|move: Taunt\n|\n|-heal|p2a: Zygarde|66\/100 tox|[from] item: Leftovers\n|-damage|p2a: Zygarde|54\/100 tox|[from] psn\n|upkeep\n|turn|33\n|\n|t:|1699529842\n|move|p2a: Zygarde|Thousand Arrows|p1a: Arceus\n|-damage|p1a: Arceus|10\/100\n|move|p1a: Arceus|Recover|p1a: Arceus\n|-heal|p1a: Arceus|60\/100\n|\n|-heal|p2a: Zygarde|60\/100 tox|[from] item: Leftovers\n|-damage|p2a: Zygarde|42\/100 tox|[from] psn\n|upkeep\n|turn|34\n|\n|t:|1699529846\n|move|p2a: Zygarde|Thousand Arrows|p1a: Arceus\n|-damage|p1a: Arceus|27\/100\n|move|p1a: Arceus|Judgment|p2a: Zygarde\n|-damage|p2a: Zygarde|13\/100 tox\n|\n|-heal|p2a: Zygarde|19\/100 tox|[from] item: Leftovers\n|-damage|p2a: Zygarde|0 fnt|[from] psn\n|faint|p2a: Zygarde\n|upkeep\n|\n|t:|1699529848\n|switch|p2a: Arceus|Arceus-Water|53\/100\n|turn|35\n|\n|t:|1699529851\n|move|p2a: Arceus|Judgment|p1a: Arceus\n|-supereffective|p1a: Arceus\n|-damage|p1a: Arceus|0 fnt\n|faint|p1a: Arceus\n|\n|win|BlackStar150520\n|raw|zomboks134's rating: 1599 &rarr; <strong>1590<\/strong><br \/>(-9 for losing)\n|raw|BlackStar150520's rating: 1812 &rarr; <strong>1821<\/strong><br \/>(+9 for winning)\n|l|\u2606zomboks134\n|l|\u2606BlackStar150520\n","uploadtime":1699529856,"views":4,"p1id":"zomboks134","p2id":"blackstar150520","formatid":"gen9nationaldexubers","rating":1590,"private":0,"password":""}