{"id":"gen9nationaldexubers-1989187035","p1":"JG981","p2":"Jesus \\uwu\/","format":"[Gen 9] National Dex Ubers","log":"|j|\u2606JG981\n|j|\u2606Jesus \\uwu\/\n|t:|1699821364\n|gametype|singles\n|player|p1|JG981|ingo|\n|player|p2|Jesus \\uwu\/|102|\n|teamsize|p1|6\n|teamsize|p2|6\n|gen|9\n|tier|[Gen 9] National Dex Ubers\n|rule|HP Percentage Mod: HP is shown in percentages\n|rule|Endless Battle Clause: Forcing endless battles is banned\n|rule|OHKO Clause: OHKO moves are banned\n|rule|Evasion Moves Clause: Evasion moves are banned\n|rule|Evasion Items Clause: Evasion items are banned\n|rule|Species Clause: Limit one of each Pok\u00e9mon\n|rule|Sleep Clause Mod: Limit one foe put to sleep\n|rule|Mega Rayquaza Clause: You cannot mega evolve Rayquaza\n|clearpoke\n|poke|p1|Sableye, F|\n|poke|p1|Zoroark-Hisui, M|\n|poke|p1|Dragapult, F|\n|poke|p1|Gholdengo|\n|poke|p1|Flutter Mane|\n|poke|p1|Marshadow|\n|poke|p2|Gyarados, M|\n|poke|p2|Celesteela|\n|poke|p2|Dragonite, M|\n|poke|p2|Zapdos|\n|poke|p2|Minior|\n|poke|p2|Talonflame, M|\n|teampreview\n|\n|t:|1699821386\n|start\n|switch|p1a: Sableye|Sableye, F|100\/100\n|switch|p2a: Talonflame|Talonflame, M|100\/100\n|turn|1\n|\n|t:|1699821393\n|detailschange|p1a: Sableye|Sableye-Mega, F\n|-mega|p1a: Sableye|Sableye|Sablenite\n|move|p2a: Talonflame|Flame Charge|p1a: Sableye\n|-damage|p1a: Sableye|81\/100\n|-boost|p2a: Talonflame|spe|1\n|move|p1a: Sableye|Will-O-Wisp|p2a: Talonflame\n|-immune|p2a: Talonflame\n|\n|upkeep\n|turn|2\n|c|\u2606JG981|Ando pendejo\n|\n|t:|1699821408\n|move|p2a: Talonflame|Brave Bird|p1a: Sableye\n|-damage|p1a: Sableye|41\/100\n|-damage|p2a: Talonflame|88\/100|[from] Recoil\n|move|p1a: Sableye|Calm Mind|p1a: Sableye\n|-boost|p1a: Sableye|spa|1\n|-boost|p1a: Sableye|spd|1\n|\n|upkeep\n|turn|3\n|\n|t:|1699821412\n|move|p2a: Talonflame|Brave Bird|p1a: Sableye\n|-damage|p1a: Sableye|1\/100\n|-damage|p2a: Talonflame|76\/100|[from] Recoil\n|move|p1a: Sableye|Recover|p1a: Sableye\n|-heal|p1a: Sableye|51\/100\n|\n|upkeep\n|turn|4\n|\n|t:|1699821416\n|move|p2a: Talonflame|Brave Bird|p1a: Sableye\n|-damage|p1a: Sableye|11\/100\n|-damage|p2a: Talonflame|64\/100|[from] Recoil\n|move|p1a: Sableye|Recover|p1a: Sableye\n|-heal|p1a: Sableye|62\/100\n|\n|upkeep\n|turn|5\n|\n|t:|1699821420\n|move|p2a: Talonflame|Flame Charge|p1a: Sableye\n|-damage|p1a: Sableye|42\/100\n|-boost|p2a: Talonflame|spe|1\n|move|p1a: Sableye|Recover|p1a: Sableye\n|-heal|p1a: Sableye|92\/100\n|\n|upkeep\n|turn|6\n|\n|t:|1699821426\n|move|p2a: Talonflame|Brave Bird|p1a: Sableye\n|-damage|p1a: Sableye|50\/100\n|-damage|p2a: Talonflame|52\/100|[from] Recoil\n|move|p1a: Sableye|Dark Pulse|p2a: Talonflame\n|-damage|p2a: Talonflame|0 fnt\n|faint|p2a: Talonflame\n|\n|upkeep\n|\n|t:|1699821436\n|switch|p2a: Minior|Minior|100\/100\n|-formechange|p2a: Minior|Minior-Meteor||[from] ability: Shields Down\n|turn|7\n|\n|t:|1699821440\n|move|p2a: Minior|Shell Smash|p2a: Minior\n|-unboost|p2a: Minior|def|1\n|-unboost|p2a: Minior|spd|1\n|-boost|p2a: Minior|atk|2\n|-boost|p2a: Minior|spa|2\n|-boost|p2a: Minior|spe|2\n|-enditem|p2a: Minior|White Herb\n|-clearnegativeboost|p2a: Minior|[silent]\n|move|p1a: Sableye|Recover|p1a: Sableye\n|-heal|p1a: Sableye|99\/100\n|\n|upkeep\n|turn|8\n|\n|t:|1699821445\n|move|p2a: Minior|Acrobatics|p1a: Sableye\n|-damage|p1a: Sableye|36\/100\n|move|p1a: Sableye|Calm Mind|p1a: Sableye\n|-boost|p1a: Sableye|spa|1\n|-boost|p1a: Sableye|spd|1\n|\n|upkeep\n|turn|9\n|\n|t:|1699821448\n|move|p2a: Minior|Acrobatics|p1a: Sableye\n|-damage|p1a: Sableye|0 fnt\n|faint|p1a: Sableye\n|\n|upkeep\n|\n|t:|1699821466\n|switch|p1a: Gholdengo|Gholdengo|100\/100\n|turn|10\n|\n|t:|1699821472\n|move|p2a: Minior|Earthquake|p1a: Gholdengo\n|-supereffective|p1a: Gholdengo\n|-damage|p1a: Gholdengo|0 fnt\n|faint|p1a: Gholdengo\n|\n|upkeep\n|\n|t:|1699821477\n|switch|p1a: Flutter Mane|Flutter Mane|100\/100\n|turn|11\n|\n|t:|1699821489\n|move|p1a: Flutter Mane|Bitter Malice|p2a: Minior\n|-damage|p2a: Minior|56\/100\n|-unboost|p2a: Minior|atk|1\n|move|p2a: Minior|Acrobatics|p1a: Flutter Mane\n|-damage|p1a: Flutter Mane|0 fnt\n|replace|p1a: Zoroark|Zoroark-Hisui, M\n|-end|p1a: Zoroark|Illusion\n|faint|p1a: Zoroark\n|\n|upkeep\n|\n|t:|1699821502\n|switch|p1a: Marshadow|Marshadow|100\/100\n|turn|12\n|\n|t:|1699821512\n|move|p2a: Minior|Acrobatics|p1a: Marshadow\n|-supereffective|p1a: Marshadow\n|-enditem|p1a: Marshadow|Focus Sash\n|-damage|p1a: Marshadow|1\/100\n|move|p1a: Marshadow|Bulk Up|p1a: Marshadow\n|-boost|p1a: Marshadow|atk|1\n|-boost|p1a: Marshadow|def|1\n|\n|upkeep\n|turn|13\n|\n|t:|1699821517\n|move|p1a: Marshadow|Shadow Sneak|p2a: Minior\n|-damage|p2a: Minior|0 fnt\n|faint|p2a: Minior\n|\n|upkeep\n|\n|t:|1699821520\n|switch|p2a: Gyarados|Gyarados, M|100\/100\n|-ability|p2a: Gyarados|Intimidate|boost\n|-unboost|p1a: Marshadow|atk|1\n|turn|14\n|\n|t:|1699821532\n|detailschange|p2a: Gyarados|Gyarados-Mega, M\n|-mega|p2a: Gyarados|Gyarados|Gyaradosite\n|-ability|p2a: Gyarados|Mold Breaker\n|move|p1a: Marshadow|Ice Punch|p2a: Gyarados\n|-resisted|p2a: Gyarados\n|-damage|p2a: Gyarados|89\/100\n|move|p2a: Gyarados|Crunch|p1a: Marshadow\n|-crit|p1a: Marshadow\n|-damage|p1a: Marshadow|0 fnt\n|faint|p1a: Marshadow\n|\n|upkeep\n|\n|t:|1699821539\n|switch|p1a: Flutter Mane|Flutter Mane|100\/100\n|-enditem|p1a: Flutter Mane|Booster Energy\n|-activate|p1a: Flutter Mane|ability: Protosynthesis|[fromitem]\n|-start|p1a: Flutter Mane|protosynthesisspa\n|turn|15\n|\n|t:|1699821553\n|move|p1a: Flutter Mane|Moonblast|p2a: Gyarados\n|-supereffective|p2a: Gyarados\n|-damage|p2a: Gyarados|0 fnt\n|faint|p2a: Gyarados\n|\n|upkeep\n|\n|t:|1699821556\n|switch|p2a: Celesteela|Celesteela|100\/100\n|turn|16\n|\n|t:|1699821564\n|-end|p1a: Flutter Mane|Protosynthesis|[silent]\n|switch|p1a: Dragapult|Dragapult, F|100\/100\n|move|p2a: Celesteela|Autotomize|p2a: Celesteela\n|-boost|p2a: Celesteela|spe|2\n|-start|p2a: Celesteela|Autotomize\n|\n|upkeep\n|turn|17\n|\n|t:|1699821573\n|move|p2a: Celesteela|Meteor Beam||[still]\n|-prepare|p2a: Celesteela|Meteor Beam\n|-boost|p2a: Celesteela|spa|1\n|-enditem|p2a: Celesteela|Power Herb\n|-anim|p2a: Celesteela|Meteor Beam|p1a: Dragapult\n|-damage|p1a: Dragapult|30\/100\n|move|p1a: Dragapult|Flamethrower|p2a: Celesteela\n|-supereffective|p2a: Celesteela\n|-damage|p2a: Celesteela|47\/100\n|\n|upkeep\n|turn|18\n|\n|t:|1699821579\n|move|p2a: Celesteela|Flash Cannon|p1a: Dragapult\n|-damage|p1a: Dragapult|0 fnt\n|faint|p1a: Dragapult\n|-ability|p2a: Celesteela|Beast Boost|boost\n|-boost|p2a: Celesteela|spa|1\n|\n|upkeep\n|\n|t:|1699821581\n|switch|p1a: Flutter Mane|Flutter Mane|100\/100\n|turn|19\n|\n|t:|1699821590\n|move|p2a: Celesteela|Flash Cannon|p1a: Flutter Mane\n|-supereffective|p1a: Flutter Mane\n|-damage|p1a: Flutter Mane|0 fnt\n|faint|p1a: Flutter Mane\n|-end|p1a: Flutter Mane|Protosynthesis|[silent]\n|\n|win|Jesus \\uwu\/\n","uploadtime":1699821597,"views":8,"p1id":"jg981","p2id":"jesusuwu","formatid":"gen9nationaldexubers","rating":0,"private":0,"password":""}