{"id":"gen9nationaldexubers-1979011444","p1":"Mizuharamami","p2":"hexagonereal","format":"[Gen 9] National Dex Ubers","log":"|j|\u2606Mizuharamami\n|j|\u2606hexagonereal\n|t:|1698620912\n|gametype|singles\n|player|p1|Mizuharamami|erika-gen1|1866\n|player|p2|hexagonereal|cyrus|1637\n|teamsize|p1|6\n|teamsize|p2|6\n|gen|9\n|tier|[Gen 9] National Dex Ubers\n|rated|\n|rule|HP Percentage Mod: HP is shown in percentages\n|rule|Endless Battle Clause: Forcing endless battles is banned\n|rule|OHKO Clause: OHKO moves are banned\n|rule|Evasion Moves Clause: Evasion moves are banned\n|rule|Evasion Items Clause: Evasion items are banned\n|rule|Species Clause: Limit one of each Pok\u00e9mon\n|rule|Sleep Clause Mod: Limit one foe put to sleep\n|rule|Mega Rayquaza Clause: You cannot mega evolve Rayquaza\n|clearpoke\n|poke|p1|Zygarde|\n|poke|p1|Garganacl, F|\n|poke|p1|Ditto|\n|poke|p1|Lunala|\n|poke|p1|Arceus-Fairy|\n|poke|p1|Kingambit, M|\n|poke|p2|Zacian-*|\n|poke|p2|Groudon|\n|poke|p2|Ho-Oh|\n|poke|p2|Xerneas-*|\n|poke|p2|Arceus-Water|\n|poke|p2|Necrozma-Dusk-Mane|\n|teampreview\n|inactive|Battle timer is ON: inactive players will automatically lose when time's up. (requested by Mizuharamami)\n|\n|t:|1698620932\n|start\n|switch|p1a: Ditto|Ditto, shiny|100\/100\n|switch|p2a: womp womp|Arceus-Water|100\/100\n|-transform|p1a: Ditto|p2a: womp womp|[from] ability: Imposter\n|turn|1\n|\n|t:|1698620941\n|switch|p1a: Arceus|Arceus-Fairy|100\/100\n|move|p2a: womp womp|Stealth Rock|p1a: Arceus\n|-sidestart|p1: Mizuharamami|move: Stealth Rock\n|\n|upkeep\n|turn|2\n|\n|t:|1698620947\n|switch|p2a: need a snickers|Necrozma-Dusk-Mane|100\/100\n|move|p1a: Arceus|Toxic|p2a: need a snickers|[miss]\n|-miss|p1a: Arceus|p2a: need a snickers\n|\n|upkeep\n|turn|3\n|\n|t:|1698620960\n|switch|p1a: Zygarde|Zygarde, shiny|100\/100\n|-damage|p1a: Zygarde|94\/100|[from] Stealth Rock\n|move|p2a: need a snickers|Sunsteel Strike|p1a: Zygarde\n|-damage|p1a: Zygarde|48\/100\n|\n|-heal|p1a: Zygarde|55\/100|[from] item: Leftovers\n|upkeep\n|turn|4\n|\n|t:|1698620971\n|move|p2a: need a snickers|Photon Geyser|p1a: Zygarde\n|-crit|p1a: Zygarde\n|-damage|p1a: Zygarde|0 fnt\n|faint|p1a: Zygarde\n|\n|upkeep\n|\n|t:|1698620994\n|switch|p1a: Lunala|Lunala, shiny|100\/100\n|turn|5\n|\n|t:|1698621001\n|move|p1a: Lunala|Calm Mind|p1a: Lunala\n|-boost|p1a: Lunala|spa|1\n|-boost|p1a: Lunala|spd|1\n|move|p2a: need a snickers|Sunsteel Strike|p1a: Lunala\n|-damage|p1a: Lunala|71\/100\n|\n|upkeep\n|turn|6\n|\n|t:|1698621010\n|move|p1a: Lunala|Moongeist Beam|p2a: need a snickers\n|-supereffective|p2a: need a snickers\n|-damage|p2a: need a snickers|0 fnt\n|faint|p2a: need a snickers\n|\n|upkeep\n|\n|t:|1698621020\n|switch|p2a: big bird|Ho-Oh|100\/100\n|turn|7\n|\n|t:|1698621023\n|move|p1a: Lunala|Psyshock|p2a: big bird\n|-damage|p2a: big bird|51\/100\n|move|p2a: big bird|Toxic|p1a: Lunala\n|-status|p1a: Lunala|tox\n|\n|-damage|p1a: Lunala|65\/100 tox|[from] psn\n|upkeep\n|turn|8\n|\n|t:|1698621033\n|switch|p2a: DAWG|Zacian-Crowned|100\/100\n|-ability|p2a: DAWG|Intrepid Sword|boost\n|-boost|p2a: DAWG|atk|1\n|move|p1a: Lunala|Moongeist Beam|p2a: DAWG\n|-damage|p2a: DAWG|24\/100\n|\n|-damage|p1a: Lunala|52\/100 tox|[from] psn\n|upkeep\n|turn|9\n|\n|t:|1698621041\n|move|p2a: DAWG|Behemoth Blade|p1a: Lunala\n|-damage|p1a: Lunala|0 fnt\n|faint|p1a: Lunala\n|\n|upkeep\n|\n|t:|1698621044\n|switch|p1a: Ditto|Ditto, shiny|100\/100\n|-damage|p1a: Ditto|88\/100|[from] Stealth Rock\n|-transform|p1a: Ditto|p2a: DAWG|[from] ability: Imposter\n|-ability|p1a: Ditto|Intrepid Sword|boost\n|-boost|p1a: Ditto|atk|1\n|turn|10\n|\n|t:|1698621051\n|move|p1a: Ditto|Close Combat|p2a: DAWG\n|-damage|p2a: DAWG|0 fnt\n|-unboost|p1a: Ditto|def|1\n|-unboost|p1a: Ditto|spd|1\n|faint|p2a: DAWG\n|\n|upkeep\n|\n|t:|1698621057\n|switch|p2a: big bird|Ho-Oh|84\/100\n|turn|11\n|\n|t:|1698621065\n|switch|p1a: Garganacl|Garganacl, F|100\/100\n|-damage|p1a: Garganacl|88\/100|[from] Stealth Rock\n|move|p2a: big bird|Sacred Fire|p1a: Garganacl\n|-resisted|p1a: Garganacl\n|-damage|p1a: Garganacl|78\/100\n|\n|-heal|p1a: Garganacl|84\/100|[from] item: Leftovers\n|upkeep\n|turn|12\n|\n|t:|1698621069\n|switch|p2a: womp womp|Arceus-Water|100\/100\n|move|p1a: Garganacl|Salt Cure|p2a: womp womp\n|-damage|p2a: womp womp|92\/100\n|-start|p2a: womp womp|Salt Cure\n|\n|-heal|p1a: Garganacl|90\/100|[from] item: Leftovers\n|-damage|p2a: womp womp|67\/100|[from] Salt Cure\n|upkeep\n|turn|13\n|\n|t:|1698621074\n|move|p1a: Garganacl|Protect|p1a: Garganacl\n|-singleturn|p1a: Garganacl|Protect\n|move|p2a: womp womp|Judgment|p1a: Garganacl\n|-activate|p1a: Garganacl|move: Protect\n|\n|-heal|p1a: Garganacl|96\/100|[from] item: Leftovers\n|-damage|p2a: womp womp|42\/100|[from] Salt Cure\n|upkeep\n|turn|14\n|\n|t:|1698621080\n|switch|p1a: Arceus|Arceus-Fairy|100\/100\n|-damage|p1a: Arceus|88\/100|[from] Stealth Rock\n|move|p2a: womp womp|Recover|p2a: womp womp\n|-heal|p2a: womp womp|92\/100\n|\n|-damage|p2a: womp womp|67\/100|[from] Salt Cure\n|upkeep\n|turn|15\n|\n|t:|1698621092\n|switch|p2a: big bird|Ho-Oh|100\/100\n|move|p1a: Arceus|Toxic|p2a: big bird|[miss]\n|-miss|p1a: Arceus|p2a: big bird\n|\n|upkeep\n|turn|16\n|c|\u2606Mizuharamami|First crit and now this what else more\n|\n|t:|1698621114\n|switch|p1a: Garganacl|Garganacl, F|96\/100\n|-damage|p1a: Garganacl|84\/100|[from] Stealth Rock\n|switch|p2a: womp womp|Arceus-Water|67\/100\n|\n|-heal|p1a: Garganacl|90\/100|[from] item: Leftovers\n|upkeep\n|turn|17\n|\n|t:|1698621118\n|switch|p1a: Arceus|Arceus-Fairy|88\/100\n|-damage|p1a: Arceus|76\/100|[from] Stealth Rock\n|move|p2a: womp womp|Judgment|p1a: Arceus\n|-damage|p1a: Arceus|44\/100\n|\n|upkeep\n|turn|18\n|\n|t:|1698621122\n|move|p1a: Arceus|Toxic|p2a: womp womp\n|-status|p2a: womp womp|tox\n|move|p2a: womp womp|Judgment|p1a: Arceus\n|-damage|p1a: Arceus|15\/100\n|\n|-damage|p2a: womp womp|61\/100 tox|[from] psn\n|upkeep\n|turn|19\n|\n|t:|1698621125\n|move|p1a: Arceus|Recover|p1a: Arceus\n|-heal|p1a: Arceus|65\/100\n|move|p2a: womp womp|Judgment|p1a: Arceus\n|-damage|p1a: Arceus|33\/100\n|\n|-damage|p2a: womp womp|48\/100 tox|[from] psn\n|upkeep\n|turn|20\n|\n|t:|1698621128\n|move|p1a: Arceus|Recover|p1a: Arceus\n|-heal|p1a: Arceus|83\/100\n|move|p2a: womp womp|Recover|p2a: womp womp\n|-heal|p2a: womp womp|98\/100 tox\n|\n|-damage|p2a: womp womp|80\/100 tox|[from] psn\n|upkeep\n|turn|21\n|\n|t:|1698621139\n|switch|p2a: baked|Groudon|100\/100\n|detailschange|p2a: baked|Groudon-Primal\n|-primal|p2a: baked|Red Orb\n|-weather|DesolateLand|[from] ability: Desolate Land|[of] p2a: baked\n|move|p1a: Arceus|Taunt|p2a: baked\n|-start|p2a: baked|move: Taunt\n|\n|-weather|DesolateLand|[upkeep]\n|upkeep\n|turn|22\n|\n|t:|1698621146\n|move|p1a: Arceus|Toxic|p2a: baked\n|-status|p2a: baked|tox\n|move|p2a: baked|Precipice Blades|p1a: Arceus\n|-damage|p1a: Arceus|32\/100\n|\n|-weather|DesolateLand|[upkeep]\n|-damage|p2a: baked|94\/100 tox|[from] psn\n|upkeep\n|turn|23\n|\n|t:|1698621149\n|move|p1a: Arceus|Recover|p1a: Arceus\n|-heal|p1a: Arceus|82\/100\n|move|p2a: baked|Precipice Blades|p1a: Arceus\n|-damage|p1a: Arceus|29\/100\n|\n|-weather|DesolateLand|[upkeep]\n|-damage|p2a: baked|82\/100 tox|[from] psn\n|-end|p2a: baked|move: Taunt\n|upkeep\n|turn|24\n|\n|t:|1698621154\n|move|p1a: Arceus|Recover|p1a: Arceus\n|-heal|p1a: Arceus|79\/100\n|move|p2a: baked|Thunder Wave|p1a: Arceus\n|-status|p1a: Arceus|par\n|\n|-weather|DesolateLand|[upkeep]\n|-damage|p2a: baked|64\/100 tox|[from] psn\n|upkeep\n|turn|25\n|\n|t:|1698621159\n|-weather|none\n|switch|p2a: big bird|Ho-Oh|100\/100\n|move|p1a: Arceus|Recover|p1a: Arceus\n|-heal|p1a: Arceus|100\/100 par\n|\n|upkeep\n|turn|26\n|\n|t:|1698621164\n|switch|p1a: Garganacl|Garganacl, F|90\/100\n|-damage|p1a: Garganacl|78\/100|[from] Stealth Rock\n|move|p2a: big bird|Whirlwind|p1a: Garganacl\n|drag|p1a: Ditto|Ditto, shiny|88\/100\n|-damage|p1a: Ditto|76\/100|[from] Stealth Rock\n|-transform|p1a: Ditto|p2a: big bird|[from] ability: Imposter\n|\n|upkeep\n|turn|27\n|\n|t:|1698621170\n|switch|p2a: womp womp|Arceus-Water|80\/100 tox\n|move|p1a: Ditto|Defog|p2a: womp womp\n|-unboost|p2a: womp womp|evasion|1\n|-sideend|p1: Mizuharamami|Stealth Rock|[from] move: Defog|[of] p1a: Ditto\n|\n|-damage|p2a: womp womp|74\/100 tox|[from] psn\n|upkeep\n|turn|28\n|\n|t:|1698621175\n|switch|p1a: Arceus|Arceus-Fairy|100\/100 par\n|move|p2a: womp womp|Stealth Rock|p1a: Arceus\n|-sidestart|p1: Mizuharamami|move: Stealth Rock\n|\n|-damage|p2a: womp womp|61\/100 tox|[from] psn\n|upkeep\n|turn|29\n|\n|t:|1698621180\n|move|p2a: womp womp|Judgment|p1a: Arceus\n|-damage|p1a: Arceus|68\/100 par\n|cant|p1a: Arceus|par\n|\n|-damage|p2a: womp womp|43\/100 tox|[from] psn\n|upkeep\n|turn|30\n|\n|t:|1698621185\n|move|p2a: womp womp|Judgment|p1a: Arceus\n|-damage|p1a: Arceus|35\/100 par\n|cant|p1a: Arceus|par\n|\n|-damage|p2a: womp womp|18\/100 tox|[from] psn\n|upkeep\n|turn|31\n|\n|t:|1698621196\n|move|p2a: womp womp|Recover|p2a: womp womp\n|-heal|p2a: womp womp|68\/100 tox\n|cant|p1a: Arceus|par\n|\n|-damage|p2a: womp womp|37\/100 tox|[from] psn\n|upkeep\n|turn|32\n|\n|t:|1698621219\n|switch|p2a: baked|Groudon-Primal|64\/100 tox\n|-weather|DesolateLand|[from] ability: Desolate Land|[of] p2a: baked\n|cant|p1a: Arceus|par\n|\n|-weather|DesolateLand|[upkeep]\n|-damage|p2a: baked|58\/100 tox|[from] psn\n|upkeep\n|turn|33\n|c|\u2606Mizuharamami|Have some mercy Pokemon showdown\n|\n|t:|1698621242\n|move|p2a: baked|Precipice Blades|p1a: Arceus\n|-damage|p1a: Arceus|0 fnt\n|faint|p1a: Arceus\n|\n|-weather|DesolateLand|[upkeep]\n|-damage|p2a: baked|46\/100 tox|[from] psn\n|upkeep\n|\n|t:|1698621247\n|switch|p1a: Ditto|Ditto, shiny|100\/100\n|-damage|p1a: Ditto|88\/100|[from] Stealth Rock\n|-transform|p1a: Ditto|p2a: baked|[from] ability: Imposter\n|turn|34\n|\n|t:|1698621255\n|switch|p2a: womp womp|Arceus-Water|37\/100 tox\n|move|p1a: Ditto|Stealth Rock|p2a: womp womp\n|-sidestart|p2: hexagonereal|move: Stealth Rock\n|\n|-weather|DesolateLand|[upkeep]\n|-damage|p2a: womp womp|31\/100 tox|[from] psn\n|upkeep\n|turn|35\n|\n|t:|1698621266\n|-weather|none\n|switch|p1a: Kingambit|Kingambit, M|100\/100\n|-damage|p1a: Kingambit|94\/100|[from] Stealth Rock\n|-activate|p1a: Kingambit|ability: Supreme Overlord\n|-start|p1a: Kingambit|fallen3|[silent]\n|move|p2a: womp womp|Recover|p2a: womp womp\n|-heal|p2a: womp womp|81\/100 tox\n|\n|-damage|p2a: womp womp|69\/100 tox|[from] psn\n|upkeep\n|turn|36\n|\n|t:|1698621274\n|-end|p1a: Kingambit|fallen3|[silent]\n|switch|p1a: Garganacl|Garganacl, F|78\/100\n|-damage|p1a: Garganacl|65\/100|[from] Stealth Rock\n|move|p2a: womp womp|Will-O-Wisp|p1a: Garganacl\n|-immune|p1a: Garganacl|[from] ability: Purifying Salt\n|\n|-heal|p1a: Garganacl|72\/100|[from] item: Leftovers\n|-damage|p2a: womp womp|50\/100 tox|[from] psn\n|upkeep\n|turn|37\n|\n|t:|1698621278\n|move|p1a: Garganacl|Protect|p1a: Garganacl\n|-singleturn|p1a: Garganacl|Protect\n|move|p2a: womp womp|Judgment|p1a: Garganacl\n|-activate|p1a: Garganacl|move: Protect\n|\n|-heal|p1a: Garganacl|78\/100|[from] item: Leftovers\n|-damage|p2a: womp womp|26\/100 tox|[from] psn\n|upkeep\n|turn|38\n|\n|t:|1698621281\n|switch|p1a: Ditto|Ditto, shiny|88\/100\n|-damage|p1a: Ditto|76\/100|[from] Stealth Rock\n|-transform|p1a: Ditto|p2a: womp womp|[from] ability: Imposter\n|move|p2a: womp womp|Judgment|p1a: Ditto\n|-resisted|p1a: Ditto\n|-damage|p1a: Ditto|58\/100\n|\n|-damage|p2a: womp womp|0 fnt|[from] psn\n|faint|p2a: womp womp\n|upkeep\n|\n|t:|1698621288\n|switch|p2a: baked|Groudon-Primal|46\/100 tox\n|-damage|p2a: baked|34\/100 tox|[from] Stealth Rock\n|-weather|DesolateLand|[from] ability: Desolate Land|[of] p2a: baked\n|turn|39\n|\n|t:|1698621302\n|switch|p1a: Kingambit|Kingambit, M|94\/100\n|-damage|p1a: Kingambit|88\/100|[from] Stealth Rock\n|-activate|p1a: Kingambit|ability: Supreme Overlord\n|-start|p1a: Kingambit|fallen3|[silent]\n|move|p2a: baked|Precipice Blades|p1a: Kingambit|[miss]\n|-miss|p2a: baked|p1a: Kingambit\n|\n|-weather|DesolateLand|[upkeep]\n|-damage|p2a: baked|28\/100 tox|[from] psn\n|upkeep\n|turn|40\n|\n|t:|1698621306\n|move|p1a: Kingambit|Sucker Punch|p2a: baked\n|-damage|p2a: baked|0 fnt\n|faint|p2a: baked\n|-weather|none\n|\n|upkeep\n|\n|t:|1698621310\n|switch|p2a: big bird|Ho-Oh|100\/100\n|turn|41\n|\n|t:|1698621315\n|-end|p1a: Kingambit|fallen3|[silent]\n|switch|p1a: Garganacl|Garganacl, F|78\/100\n|-damage|p1a: Garganacl|65\/100|[from] Stealth Rock\n|move|p2a: big bird|Sacred Fire|p1a: Garganacl|[miss]\n|-miss|p2a: big bird|p1a: Garganacl\n|\n|-heal|p1a: Garganacl|72\/100|[from] item: Leftovers\n|upkeep\n|turn|42\n|\n|t:|1698621320\n|move|p2a: big bird|Sacred Fire|p1a: Garganacl\n|-resisted|p1a: Garganacl\n|-damage|p1a: Garganacl|61\/100\n|move|p1a: Garganacl|Salt Cure|p2a: big bird\n|-supereffective|p2a: big bird\n|-damage|p2a: big bird|57\/100\n|-start|p2a: big bird|Salt Cure\n|\n|-heal|p1a: Garganacl|67\/100|[from] item: Leftovers\n|-damage|p2a: big bird|45\/100|[from] Salt Cure\n|upkeep\n|turn|43\n|\n|t:|1698621325\n|switch|p2a: bambi|Xerneas|100\/100\n|-damage|p2a: bambi|88\/100|[from] Stealth Rock\n|-ability|p2a: bambi|Fairy Aura\n|move|p1a: Garganacl|Recover|p1a: Garganacl\n|-heal|p1a: Garganacl|100\/100\n|\n|upkeep\n|turn|44\n|\n|t:|1698621332\n|-terastallize|p2a: bambi|Ground\n|move|p2a: bambi|Hidden Power|p1a: Garganacl\n|-supereffective|p1a: Garganacl\n|-damage|p1a: Garganacl|38\/100\n|move|p1a: Garganacl|Salt Cure|p2a: bambi\n|-resisted|p2a: bambi\n|-crit|p2a: bambi\n|-damage|p2a: bambi|79\/100\n|-start|p2a: bambi|Salt Cure\n|\n|-heal|p1a: Garganacl|44\/100|[from] item: Leftovers\n|-damage|p2a: bambi|66\/100|[from] Salt Cure\n|upkeep\n|turn|45\n|\n|t:|1698621336\n|move|p1a: Garganacl|Protect|p1a: Garganacl\n|-singleturn|p1a: Garganacl|Protect\n|move|p2a: bambi|Hidden Power|p1a: Garganacl\n|-activate|p1a: Garganacl|move: Protect\n|\n|-heal|p1a: Garganacl|50\/100|[from] item: Leftovers\n|-damage|p2a: bambi|54\/100|[from] Salt Cure\n|upkeep\n|turn|46\n|\n|t:|1698621341\n|-terastallize|p1a: Garganacl|Flying\n|move|p2a: bambi|Hidden Power|p1a: Garganacl\n|-immune|p1a: Garganacl\n|move|p1a: Garganacl|Recover|p1a: Garganacl\n|-heal|p1a: Garganacl|99\/100\n|\n|-heal|p1a: Garganacl|100\/100|[from] item: Leftovers\n|-damage|p2a: bambi|41\/100|[from] Salt Cure\n|upkeep\n|turn|47\n|c|\u2606hexagonereal|gg\n|\n|t:|1698621345\n|move|p1a: Garganacl|Protect|p1a: Garganacl\n|-singleturn|p1a: Garganacl|Protect\n|move|p2a: bambi|Thunder|p1a: Garganacl\n|-activate|p1a: Garganacl|move: Protect\n|\n|-damage|p2a: bambi|29\/100|[from] Salt Cure\n|upkeep\n|turn|48\n|\n|t:|1698621348\n|move|p2a: bambi|Thunder|p1a: Garganacl\n|-supereffective|p1a: Garganacl\n|-damage|p1a: Garganacl|30\/100\n|move|p1a: Garganacl|Recover|p1a: Garganacl\n|-heal|p1a: Garganacl|80\/100\n|\n|-heal|p1a: Garganacl|86\/100|[from] item: Leftovers\n|-damage|p2a: bambi|17\/100|[from] Salt Cure\n|upkeep\n|turn|49\n|-message|hexagonereal forfeited.\n|\n|win|Mizuharamami\n|raw|Mizuharamami's rating: 1866 &rarr; <strong>1874<\/strong><br \/>(+8 for winning)\n|raw|hexagonereal's rating: 1637 &rarr; <strong>1629<\/strong><br \/>(-8 for losing)\n","uploadtime":1698621360,"views":10,"p1id":"mizuharamami","p2id":"hexagonereal","formatid":"gen9nationaldexubers","rating":1629,"private":0,"password":""}