{"id":"gen9nationaldexubers-1986040611","p1":"topszy","p2":"Obito 2001","format":"[Gen 9] National Dex Ubers","log":"|j|\u2606topszy\n|j|\u2606Obito 2001\n|t:|1699442637\n|gametype|singles\n|player|p1|topszy|2|1735\n|player|p2|Obito 2001|blue-gen3two|1919\n|teamsize|p1|6\n|teamsize|p2|6\n|gen|9\n|tier|[Gen 9] National Dex Ubers\n|rated|\n|rule|HP Percentage Mod: HP is shown in percentages\n|rule|Endless Battle Clause: Forcing endless battles is banned\n|rule|OHKO Clause: OHKO moves are banned\n|rule|Evasion Moves Clause: Evasion moves are banned\n|rule|Evasion Items Clause: Evasion items are banned\n|rule|Species Clause: Limit one of each Pok\u00e9mon\n|rule|Sleep Clause Mod: Limit one foe put to sleep\n|rule|Mega Rayquaza Clause: You cannot mega evolve Rayquaza\n|clearpoke\n|poke|p1|Yveltal|\n|poke|p1|Groudon|\n|poke|p1|Marshadow|\n|poke|p1|Ho-Oh|\n|poke|p1|Xerneas-*|\n|poke|p1|Zygarde|\n|poke|p2|Arceus-Dark|\n|poke|p2|Dondozo, M|\n|poke|p2|Magearna|\n|poke|p2|Ditto|\n|poke|p2|Zygarde|\n|poke|p2|Necrozma-Dusk-Mane|\n|teampreview\n|inactive|Battle timer is ON: inactive players will automatically lose when time's up. (requested by Obito 2001)\n|\n|t:|1699442648\n|start\n|switch|p1a: Yveltal|Yveltal|100\/100\n|switch|p2a: Necrozma|Necrozma-Dusk-Mane|100\/100\n|-ability|p1a: Yveltal|Dark Aura\n|turn|1\n|\n|t:|1699442656\n|switch|p2a: Arceus|Arceus-Dark|100\/100\n|move|p1a: Yveltal|Dark Pulse|p2a: Arceus\n|-resisted|p2a: Arceus\n|-damage|p2a: Arceus|73\/100\n|\n|upkeep\n|turn|2\n|\n|t:|1699442661\n|switch|p1a: Xerneas|Xerneas|100\/100\n|-ability|p1a: Xerneas|Fairy Aura\n|move|p2a: Arceus|Toxic|p1a: Xerneas\n|-status|p1a: Xerneas|tox\n|\n|-damage|p1a: Xerneas|94\/100 tox|[from] psn\n|upkeep\n|turn|3\n|\n|t:|1699442664\n|switch|p2a: Magearna|Magearna|100\/100\n|move|p1a: Xerneas|Moonblast|p2a: Magearna\n|-resisted|p2a: Magearna\n|-damage|p2a: Magearna|81\/100\n|\n|-damage|p1a: Xerneas|82\/100 tox|[from] psn\n|upkeep\n|turn|4\n|\n|t:|1699442671\n|switch|p1a: Groudon|Groudon|100\/100\n|detailschange|p1a: Groudon|Groudon-Primal\n|-primal|p1a: Groudon|Red Orb\n|-weather|DesolateLand|[from] ability: Desolate Land|[of] p1a: Groudon\n|move|p2a: Magearna|Fleur Cannon|p1a: Groudon\n|-resisted|p1a: Groudon\n|-damage|p1a: Groudon|72\/100\n|-unboost|p2a: Magearna|spa|2\n|\n|-weather|DesolateLand|[upkeep]\n|upkeep\n|turn|5\n|\n|t:|1699442674\n|switch|p2a: Zygarde|Zygarde, shiny|100\/100\n|move|p1a: Groudon|Precipice Blades|p2a: Zygarde\n|-damage|p2a: Zygarde|31\/100\n|\n|-weather|DesolateLand|[upkeep]\n|-heal|p2a: Zygarde|37\/100|[from] item: Leftovers\n|-activate|p2a: Zygarde|ability: Power Construct\n|detailschange|p2a: Zygarde|Zygarde-Complete, shiny\n|-heal|p2a: Zygarde|61\/100|[silent]\n|upkeep\n|turn|6\n|\n|t:|1699442682\n|-weather|none\n|switch|p1a: Xerneas|Xerneas|82\/100 tox\n|-ability|p1a: Xerneas|Fairy Aura\n|move|p2a: Zygarde|Thousand Arrows|p1a: Xerneas\n|-damage|p1a: Xerneas|48\/100 tox\n|\n|-heal|p2a: Zygarde|67\/100|[from] item: Leftovers\n|-damage|p1a: Xerneas|42\/100 tox|[from] psn\n|upkeep\n|turn|7\n|\n|t:|1699442687\n|switch|p2a: Magearna|Magearna|81\/100\n|move|p1a: Xerneas|Moonblast|p2a: Magearna\n|-resisted|p2a: Magearna\n|-damage|p2a: Magearna|60\/100\n|\n|-damage|p1a: Xerneas|30\/100 tox|[from] psn\n|upkeep\n|turn|8\n|\n|t:|1699442693\n|move|p1a: Xerneas|Thunder|p2a: Magearna|[miss]\n|-miss|p1a: Xerneas|p2a: Magearna\n|move|p2a: Magearna|Fleur Cannon|p1a: Xerneas|[miss]\n|-miss|p2a: Magearna|p1a: Xerneas\n|\n|-damage|p1a: Xerneas|11\/100 tox|[from] psn\n|upkeep\n|turn|9\n|\n|t:|1699442698\n|switch|p1a: Groudon|Groudon-Primal|72\/100\n|-weather|DesolateLand|[from] ability: Desolate Land|[of] p1a: Groudon\n|move|p2a: Magearna|Fleur Cannon|p1a: Groudon\n|-resisted|p1a: Groudon\n|-damage|p1a: Groudon|45\/100\n|-unboost|p2a: Magearna|spa|2\n|\n|-weather|DesolateLand|[upkeep]\n|upkeep\n|turn|10\n|\n|t:|1699442703\n|switch|p2a: Zygarde|Zygarde-Complete, shiny|67\/100\n|move|p1a: Groudon|Precipice Blades|p2a: Zygarde\n|-damage|p2a: Zygarde|24\/100\n|\n|-weather|DesolateLand|[upkeep]\n|-heal|p2a: Zygarde|30\/100|[from] item: Leftovers\n|upkeep\n|turn|11\n|\n|t:|1699442712\n|-weather|none\n|switch|p1a: Zygarde|Zygarde|100\/100\n|move|p2a: Zygarde|Thousand Arrows|p1a: Zygarde\n|-damage|p1a: Zygarde|79\/100\n|\n|-heal|p2a: Zygarde|36\/100|[from] item: Leftovers\n|-heal|p1a: Zygarde|85\/100|[from] item: Leftovers\n|upkeep\n|turn|12\n|\n|t:|1699442717\n|switch|p2a: Dondozo|Dondozo, M|100\/100\n|move|p1a: Zygarde|Glare|p2a: Dondozo\n|-status|p2a: Dondozo|par\n|\n|-heal|p1a: Zygarde|91\/100|[from] item: Leftovers\n|upkeep\n|turn|13\n|\n|t:|1699442725\n|switch|p1a: Groudon|Groudon-Primal|45\/100\n|-weather|DesolateLand|[from] ability: Desolate Land|[of] p1a: Groudon\n|switch|p2a: Magearna|Magearna|60\/100\n|\n|-weather|DesolateLand|[upkeep]\n|upkeep\n|turn|14\n|\n|t:|1699442740\n|switch|p2a: Zygarde|Zygarde-Complete, shiny|36\/100\n|move|p1a: Groudon|Precipice Blades|p2a: Zygarde\n|-damage|p2a: Zygarde|0 fnt\n|faint|p2a: Zygarde\n|\n|-weather|DesolateLand|[upkeep]\n|upkeep\n|\n|t:|1699442744\n|switch|p2a: Necrozma|Necrozma-Dusk-Mane|100\/100\n|turn|15\n|\n|t:|1699442747\n|detailschange|p2a: Necrozma|Necrozma-Ultra\n|-burst|p2a: Necrozma|Necrozma|Ultranecrozium Z\n|move|p2a: Necrozma|Earth Power|p1a: Groudon\n|-supereffective|p1a: Groudon\n|-damage|p1a: Groudon|0 fnt\n|faint|p1a: Groudon\n|-weather|none\n|\n|upkeep\n|\n|t:|1699442758\n|switch|p1a: Yveltal|Yveltal|100\/100\n|-ability|p1a: Yveltal|Dark Aura\n|turn|16\n|\n|t:|1699442762\n|switch|p2a: Magearna|Magearna|60\/100\n|-terastallize|p1a: Yveltal|Dark\n|move|p1a: Yveltal|Dark Pulse|p2a: Magearna\n|-resisted|p2a: Magearna\n|-damage|p2a: Magearna|25\/100\n|\n|upkeep\n|turn|17\n|\n|t:|1699442767\n|move|p1a: Yveltal|Dark Pulse|p2a: Magearna\n|-resisted|p2a: Magearna\n|-damage|p2a: Magearna|0 fnt\n|faint|p2a: Magearna\n|\n|upkeep\n|\n|t:|1699442770\n|switch|p2a: Arceus|Arceus-Dark|73\/100\n|turn|18\n|\n|t:|1699442782\n|move|p2a: Arceus|Toxic|p1a: Yveltal\n|-status|p1a: Yveltal|tox\n|move|p1a: Yveltal|Dark Pulse|p2a: Arceus\n|-resisted|p2a: Arceus\n|-damage|p2a: Arceus|37\/100\n|\n|-damage|p1a: Yveltal|94\/100 tox|[from] psn\n|upkeep\n|turn|19\n|\n|t:|1699442785\n|switch|p1a: Marshadow|Marshadow|100\/100\n|move|p2a: Arceus|Recover|p2a: Arceus\n|-heal|p2a: Arceus|87\/100\n|\n|upkeep\n|turn|20\n|\n|t:|1699442789\n|switch|p2a: Dondozo|Dondozo, M|100\/100 par\n|move|p1a: Marshadow|Close Combat|p2a: Dondozo\n|-damage|p2a: Dondozo|69\/100 par\n|-unboost|p1a: Marshadow|def|1\n|-unboost|p1a: Marshadow|spd|1\n|\n|-heal|p2a: Dondozo|75\/100 par|[from] item: Leftovers\n|upkeep\n|turn|21\n|\n|t:|1699442793\n|switch|p1a: Yveltal|Yveltal, tera:Dark|94\/100 tox\n|-ability|p1a: Yveltal|Dark Aura\n|move|p2a: Dondozo|Rest|p2a: Dondozo\n|-status|p2a: Dondozo|slp|[from] move: Rest\n|-heal|p2a: Dondozo|100\/100 slp|[silent]\n|\n|-damage|p1a: Yveltal|88\/100 tox|[from] psn\n|upkeep\n|turn|22\n|\n|t:|1699442796\n|switch|p2a: Arceus|Arceus-Dark|87\/100\n|move|p1a: Yveltal|Oblivion Wing|p2a: Arceus\n|-damage|p2a: Arceus|45\/100\n|-heal|p1a: Yveltal|100\/100 tox|[from] drain|[of] p2a: Arceus\n|\n|-damage|p1a: Yveltal|88\/100 tox|[from] psn\n|upkeep\n|turn|23\n|\n|t:|1699442801\n|move|p2a: Arceus|Recover|p2a: Arceus\n|-heal|p2a: Arceus|95\/100\n|move|p1a: Yveltal|Oblivion Wing|p2a: Arceus\n|-damage|p2a: Arceus|56\/100\n|-heal|p1a: Yveltal|100\/100 tox|[from] drain|[of] p2a: Arceus\n|\n|-damage|p1a: Yveltal|82\/100 tox|[from] psn\n|upkeep\n|turn|24\n|\n|t:|1699442804\n|switch|p1a: Marshadow|Marshadow|100\/100\n|move|p2a: Arceus|Recover|p2a: Arceus\n|-heal|p2a: Arceus|100\/100\n|\n|upkeep\n|turn|25\n|\n|t:|1699442810\n|switch|p2a: Dondozo|Dondozo, M|100\/100 slp\n|move|p1a: Marshadow|Close Combat|p2a: Dondozo\n|-damage|p2a: Dondozo|70\/100 slp\n|-unboost|p1a: Marshadow|def|1\n|-unboost|p1a: Marshadow|spd|1\n|\n|-heal|p2a: Dondozo|76\/100 slp|[from] item: Leftovers\n|upkeep\n|turn|26\n|\n|t:|1699442817\n|switch|p1a: Xerneas|Xerneas|11\/100 tox\n|-ability|p1a: Xerneas|Fairy Aura\n|cant|p2a: Dondozo|slp\n|\n|-heal|p2a: Dondozo|82\/100 slp|[from] item: Leftovers\n|-damage|p1a: Xerneas|5\/100 tox|[from] psn\n|upkeep\n|turn|27\n|\n|t:|1699442824\n|switch|p2a: Ditto|Ditto, shiny|100\/100\n|-transform|p2a: Ditto|p1a: Xerneas|[from] ability: Imposter\n|-ability|p2a: Ditto|Fairy Aura\n|move|p1a: Xerneas|Moonblast|p2a: Ditto\n|-damage|p2a: Ditto|30\/100\n|\n|-damage|p1a: Xerneas|0 fnt|[from] psn\n|faint|p1a: Xerneas\n|upkeep\n|\n|t:|1699442831\n|switch|p1a: Ho-Oh|Ho-Oh|100\/100\n|turn|28\n|\n|t:|1699442836\n|switch|p2a: Dondozo|Dondozo, M|82\/100 slp\n|move|p1a: Ho-Oh|Sacred Fire|p2a: Dondozo\n|-resisted|p2a: Dondozo\n|-damage|p2a: Dondozo|72\/100 slp\n|\n|-heal|p2a: Dondozo|78\/100 slp|[from] item: Leftovers\n|upkeep\n|turn|29\n|\n|t:|1699442841\n|switch|p1a: Yveltal|Yveltal, tera:Dark|82\/100 tox\n|-ability|p1a: Yveltal|Dark Aura\n|cant|p2a: Dondozo|slp\n|\n|-heal|p2a: Dondozo|85\/100 slp|[from] item: Leftovers\n|-damage|p1a: Yveltal|76\/100 tox|[from] psn\n|upkeep\n|turn|30\n|\n|t:|1699442843\n|switch|p2a: Arceus|Arceus-Dark|100\/100\n|move|p1a: Yveltal|Oblivion Wing|p2a: Arceus\n|-damage|p2a: Arceus|58\/100\n|-heal|p1a: Yveltal|100\/100 tox|[from] drain|[of] p2a: Arceus\n|\n|-damage|p1a: Yveltal|88\/100 tox|[from] psn\n|upkeep\n|turn|31\n|\n|t:|1699442847\n|switch|p1a: Ho-Oh|Ho-Oh|100\/100\n|move|p2a: Arceus|Recover|p2a: Arceus\n|-heal|p2a: Arceus|100\/100\n|\n|upkeep\n|turn|32\n|\n|t:|1699442850\n|switch|p2a: Dondozo|Dondozo, M|85\/100 slp\n|move|p1a: Ho-Oh|Toxic||[still]\n|-fail|p1a: Ho-Oh\n|\n|-heal|p2a: Dondozo|91\/100 slp|[from] item: Leftovers\n|upkeep\n|turn|33\n|\n|t:|1699442853\n|switch|p1a: Yveltal|Yveltal, tera:Dark|88\/100 tox\n|-ability|p1a: Yveltal|Dark Aura\n|-curestatus|p2a: Dondozo|slp|[msg]\n|move|p2a: Dondozo|Liquidation|p1a: Yveltal\n|-damage|p1a: Yveltal|62\/100 tox\n|\n|-heal|p2a: Dondozo|97\/100|[from] item: Leftovers\n|-damage|p1a: Yveltal|55\/100 tox|[from] psn\n|upkeep\n|turn|34\n|\n|t:|1699442858\n|switch|p2a: Arceus|Arceus-Dark|100\/100\n|move|p1a: Yveltal|Oblivion Wing|p2a: Arceus\n|-damage|p2a: Arceus|57\/100\n|-heal|p1a: Yveltal|93\/100 tox|[from] drain|[of] p2a: Arceus\n|\n|-damage|p1a: Yveltal|80\/100 tox|[from] psn\n|upkeep\n|turn|35\n|\n|t:|1699442861\n|switch|p1a: Ho-Oh|Ho-Oh|100\/100\n|move|p2a: Arceus|Foul Play|p1a: Ho-Oh\n|-damage|p1a: Ho-Oh|57\/100\n|\n|upkeep\n|turn|36\n|\n|t:|1699442864\n|switch|p2a: Dondozo|Dondozo, M|97\/100\n|move|p1a: Ho-Oh|Toxic|p2a: Dondozo|[miss]\n|-miss|p1a: Ho-Oh|p2a: Dondozo\n|\n|-heal|p2a: Dondozo|100\/100|[from] item: Leftovers\n|upkeep\n|turn|37\n|\n|t:|1699442871\n|switch|p1a: Zygarde|Zygarde|91\/100\n|move|p2a: Dondozo|Body Press|p1a: Zygarde\n|-damage|p1a: Zygarde|76\/100\n|\n|-heal|p1a: Zygarde|82\/100|[from] item: Leftovers\n|upkeep\n|turn|38\n|\n|t:|1699442880\n|move|p1a: Zygarde|Thousand Arrows|p2a: Dondozo\n|-damage|p2a: Dondozo|88\/100\n|move|p2a: Dondozo|Curse|p2a: Dondozo\n|-unboost|p2a: Dondozo|spe|1\n|-boost|p2a: Dondozo|atk|1\n|-boost|p2a: Dondozo|def|1\n|\n|-heal|p1a: Zygarde|88\/100|[from] item: Leftovers\n|-heal|p2a: Dondozo|94\/100|[from] item: Leftovers\n|upkeep\n|turn|39\n|\n|t:|1699442884\n|switch|p1a: Ho-Oh|Ho-Oh|90\/100\n|move|p2a: Dondozo|Liquidation|p1a: Ho-Oh\n|-supereffective|p1a: Ho-Oh\n|-damage|p1a: Ho-Oh|7\/100\n|-unboost|p1a: Ho-Oh|def|1\n|\n|-heal|p2a: Dondozo|99\/100|[from] item: Leftovers\n|upkeep\n|turn|40\n|\n|t:|1699442890\n|switch|p1a: Zygarde|Zygarde|88\/100\n|move|p2a: Dondozo|Liquidation|p1a: Zygarde\n|-damage|p1a: Zygarde|66\/100\n|\n|-heal|p1a: Zygarde|72\/100|[from] item: Leftovers\n|-heal|p2a: Dondozo|100\/100|[from] item: Leftovers\n|upkeep\n|turn|41\n|\n|t:|1699442893\n|move|p1a: Zygarde|Glare|p2a: Dondozo\n|-status|p2a: Dondozo|par\n|move|p2a: Dondozo|Curse|p2a: Dondozo\n|-unboost|p2a: Dondozo|spe|1\n|-boost|p2a: Dondozo|atk|1\n|-boost|p2a: Dondozo|def|1\n|\n|-heal|p1a: Zygarde|78\/100|[from] item: Leftovers\n|upkeep\n|turn|42\n|\n|t:|1699442905\n|switch|p1a: Marshadow|Marshadow|100\/100\n|move|p2a: Dondozo|Liquidation|p1a: Marshadow\n|-damage|p1a: Marshadow|32\/100\n|\n|upkeep\n|turn|43\n|\n|t:|1699442910\n|move|p1a: Marshadow|Spectral Thief||[still]\n|-clearpositiveboost|p2a: Dondozo|p1a: Marshadow|move: Spectral Thief\n|-boost|p1a: Marshadow|atk|2\n|-boost|p1a: Marshadow|def|2\n|-anim|p1a: Marshadow|Spectral Thief|p2a: Dondozo\n|-damage|p2a: Dondozo|78\/100 par\n|move|p2a: Dondozo|Liquidation|p1a: Marshadow\n|-damage|p1a: Marshadow|0 fnt\n|faint|p1a: Marshadow\n|\n|-heal|p2a: Dondozo|84\/100 par|[from] item: Leftovers\n|upkeep\n|\n|t:|1699442913\n|switch|p1a: Yveltal|Yveltal, tera:Dark|80\/100 tox\n|-ability|p1a: Yveltal|Dark Aura\n|turn|44\n|\n|t:|1699442919\n|switch|p2a: Ditto|Ditto, shiny|30\/100\n|-transform|p2a: Ditto|p1a: Yveltal|[from] ability: Imposter\n|-ability|p2a: Ditto|Dark Aura\n|move|p1a: Yveltal|Oblivion Wing|p2a: Ditto\n|-damage|p2a: Ditto|0 fnt\n|-heal|p1a: Yveltal|97\/100 tox|[from] drain|[of] p2a: Ditto\n|faint|p2a: Ditto\n|\n|-damage|p1a: Yveltal|91\/100 tox|[from] psn\n|upkeep\n|\n|t:|1699442921\n|switch|p2a: Arceus|Arceus-Dark|57\/100\n|turn|45\n|\n|t:|1699442923\n|move|p2a: Arceus|Recover|p2a: Arceus\n|-heal|p2a: Arceus|100\/100\n|move|p1a: Yveltal|Oblivion Wing|p2a: Arceus\n|-damage|p2a: Arceus|60\/100\n|-heal|p1a: Yveltal|100\/100 tox|[from] drain|[of] p2a: Arceus\n|\n|-damage|p1a: Yveltal|88\/100 tox|[from] psn\n|upkeep\n|turn|46\n|\n|t:|1699442927\n|move|p2a: Arceus|Recover|p2a: Arceus\n|-heal|p2a: Arceus|100\/100\n|move|p1a: Yveltal|Oblivion Wing|p2a: Arceus\n|-damage|p2a: Arceus|62\/100\n|-heal|p1a: Yveltal|100\/100 tox|[from] drain|[of] p2a: Arceus\n|\n|-damage|p1a: Yveltal|82\/100 tox|[from] psn\n|upkeep\n|turn|47\n|\n|t:|1699442931\n|switch|p1a: Ho-Oh|Ho-Oh|41\/100\n|move|p2a: Arceus|Foul Play|p1a: Ho-Oh\n|-damage|p1a: Ho-Oh|0 fnt\n|faint|p1a: Ho-Oh\n|\n|upkeep\n|-message|topszy forfeited.\n|\n|win|Obito 2001\n|raw|topszy's rating: 1735 &rarr; <strong>1725<\/strong><br \/>(-10 for losing)\n|raw|Obito 2001's rating: 1919 &rarr; <strong>1929<\/strong><br \/>(+10 for winning)\n|l|\u2606topszy\n|l|\u2606Obito 2001\n","uploadtime":1699443036,"views":34,"p1id":"topszy","p2id":"obito2001","formatid":"gen9nationaldexubers","rating":1725,"private":0,"password":""}