{"id":"gen9nationaldexubers-1984831737","p1":"waljul190","p2":"AerixThorn","format":"[Gen 9] National Dex Ubers","log":"|j|\u2606waljul190\n|j|\u2606AerixThorn\n|t:|1699302732\n|gametype|singles\n|player|p1|waljul190|cynthia-gen4|1015\n|player|p2|AerixThorn|pryce|1125\n|teamsize|p1|6\n|teamsize|p2|6\n|gen|9\n|tier|[Gen 9] National Dex Ubers\n|rated|\n|rule|HP Percentage Mod: HP is shown in percentages\n|rule|Endless Battle Clause: Forcing endless battles is banned\n|rule|OHKO Clause: OHKO moves are banned\n|rule|Evasion Moves Clause: Evasion moves are banned\n|rule|Evasion Items Clause: Evasion items are banned\n|rule|Species Clause: Limit one of each Pok\u00e9mon\n|rule|Sleep Clause Mod: Limit one foe put to sleep\n|rule|Mega Rayquaza Clause: You cannot mega evolve Rayquaza\n|clearpoke\n|poke|p1|Kyogre|\n|poke|p1|Palkia|\n|poke|p1|Tapu Fini|\n|poke|p1|Drednaw, M|\n|poke|p1|Kingdra, M|\n|poke|p1|Primarina, F|\n|poke|p2|Munkidori, M|\n|poke|p2|Infernape, M|\n|poke|p2|Annihilape, M|\n|poke|p2|Darmanitan-Galar, M|\n|poke|p2|Zarude|\n|poke|p2|Ambipom, M|\n|teampreview\n|inactive|Battle timer is ON: inactive players will automatically lose when time's up. (requested by AerixThorn)\n|\n|t:|1699302737\n|start\n|switch|p1a: lola|Tapu Fini, shiny|100\/100\n|switch|p2a: M O N K E|Ambipom, M|100\/100\n|-fieldstart|move: Misty Terrain|[from] ability: Misty Surge|[of] p1a: lola\n|turn|1\n|\n|t:|1699302748\n|move|p2a: M O N K E|Trailblaze|p1a: lola\n|-supereffective|p1a: lola\n|-damage|p1a: lola|54\/100\n|-boost|p2a: M O N K E|spe|1\n|move|p1a: lola|Moonblast|p2a: M O N K E\n|-damage|p2a: M O N K E|30\/100\n|\n|upkeep\n|turn|2\n|\n|t:|1699302765\n|move|p2a: M O N K E|Trailblaze|p1a: lola\n|-supereffective|p1a: lola\n|-damage|p1a: lola|9\/100\n|-boost|p2a: M O N K E|spe|1\n|move|p1a: lola|Scald|p2a: M O N K E\n|-damage|p2a: M O N K E|0 fnt\n|faint|p2a: M O N K E\n|\n|upkeep\n|\n|t:|1699302772\n|switch|p2a: M O N K E DAD|Zarude|100\/100\n|turn|3\n|\n|t:|1699302792\n|move|p2a: M O N K E DAD|Seed Bomb|p1a: lola\n|-supereffective|p1a: lola\n|-damage|p1a: lola|0 fnt\n|faint|p1a: lola\n|\n|upkeep\n|\n|t:|1699302804\n|switch|p1a: luna|Primarina, F, shiny|100\/100\n|turn|4\n|\n|t:|1699302809\n|move|p2a: M O N K E DAD|Seed Bomb|p1a: luna\n|-supereffective|p1a: luna\n|-damage|p1a: luna|4\/100\n|move|p1a: luna|Moonblast|p2a: M O N K E DAD\n|-supereffective|p2a: M O N K E DAD\n|-damage|p2a: M O N K E DAD|0 fnt\n|faint|p2a: M O N K E DAD\n|\n|upkeep\n|\n|t:|1699302818\n|switch|p2a: M O N K E FIST|Infernape, M|100\/100\n|turn|5\n|\n|t:|1699302831\n|move|p2a: M O N K E FIST|Thunder Punch|p1a: luna\n|-supereffective|p1a: luna\n|-damage|p1a: luna|0 fnt\n|faint|p1a: luna\n|\n|-fieldend|Misty Terrain\n|upkeep\n|\n|t:|1699302838\n|switch|p1a: king|Kingdra, M, shiny|100\/100\n|turn|6\n|\n|t:|1699302851\n|move|p2a: M O N K E FIST|Thunder Punch|p1a: king\n|-crit|p1a: king\n|-damage|p1a: king|39\/100\n|move|p1a: king|Hydro Pump|p2a: M O N K E FIST|[miss]\n|-miss|p1a: king|p2a: M O N K E FIST\n|\n|upkeep\n|turn|7\n|c|\u2606waljul190|monkee\n|\n|t:|1699302861\n|move|p2a: M O N K E FIST|Thunder Punch|p1a: king\n|-damage|p1a: king|0 fnt\n|faint|p1a: king\n|\n|upkeep\n|\n|t:|1699302865\n|switch|p1a: aqua|Kyogre, shiny|100\/100\n|detailschange|p1a: aqua|Kyogre-Primal, shiny\n|-primal|p1a: aqua|Blue Orb\n|-weather|PrimordialSea|[from] ability: Primordial Sea|[of] p1a: aqua\n|turn|8\n|\n|t:|1699302873\n|move|p2a: M O N K E FIST|Thunder Punch|p1a: aqua\n|-supereffective|p1a: aqua\n|-damage|p1a: aqua|28\/100\n|move|p1a: aqua|Thunder|p2a: M O N K E FIST\n|-damage|p2a: M O N K E FIST|27\/100\n|\n|-weather|PrimordialSea|[upkeep]\n|upkeep\n|turn|9\n|\n|t:|1699302885\n|move|p2a: M O N K E FIST|Drain Punch|p1a: aqua\n|-damage|p1a: aqua|0 fnt\n|-heal|p2a: M O N K E FIST|43\/100|[from] drain|[of] p1a: aqua\n|faint|p1a: aqua\n|-weather|none\n|\n|upkeep\n|\n|t:|1699302888\n|switch|p1a: ocean|Palkia, shiny|100\/100\n|-ability|p1a: ocean|Pressure\n|turn|10\n|\n|t:|1699302898\n|move|p2a: M O N K E FIST|Drain Punch|p1a: ocean\n|-damage|p1a: ocean|57\/100\n|-heal|p2a: M O N K E FIST|67\/100|[from] drain|[of] p1a: ocean\n|move|p1a: ocean|Surf|p2a: M O N K E FIST\n|-supereffective|p2a: M O N K E FIST\n|-damage|p2a: M O N K E FIST|0 fnt\n|faint|p2a: M O N K E FIST\n|\n|upkeep\n|\n|t:|1699302912\n|switch|p2a: M O N K E YETI|Darmanitan-Galar, M|100\/100\n|turn|11\n|\n|t:|1699302922\n|switch|p1a: bowser|Drednaw, M, shiny|100\/100\n|move|p2a: M O N K E YETI|Brick Break|p1a: bowser\n|-supereffective|p1a: bowser\n|-damage|p1a: bowser|26\/100\n|\n|upkeep\n|turn|12\n|\n|t:|1699302932\n|move|p2a: M O N K E YETI|Brick Break|p1a: bowser\n|-supereffective|p1a: bowser\n|-damage|p1a: bowser|0 fnt\n|faint|p1a: bowser\n|\n|upkeep\n|-message|waljul190 forfeited.\n|\n|win|AerixThorn\n|raw|waljul190's rating: 1015 &rarr; <strong>1007<\/strong><br \/>(-8 for losing)\n|raw|AerixThorn's rating: 1125 &rarr; <strong>1142<\/strong><br \/>(+17 for winning)\n|l|\u2606waljul190\n","uploadtime":1699303058,"views":5,"p1id":"waljul190","p2id":"aerixthorn","formatid":"gen9nationaldexubers","rating":1007,"private":0,"password":""}