{"id":"gen9nationaldexubers-1987614132","p1":"NotGlitchXD","p2":"anil kottu god","format":"[Gen 9] National Dex Ubers","log":"|j|\u2606NotGlitchXD\n|j|\u2606anil kottu god\n|t:|1699619744\n|gametype|singles\n|player|p1|NotGlitchXD|richboy-gen4|\n|player|p2|anil kottu god|red|\n|teamsize|p1|6\n|teamsize|p2|6\n|gen|9\n|tier|[Gen 9] National Dex Ubers\n|rule|HP Percentage Mod: HP is shown in percentages\n|rule|Endless Battle Clause: Forcing endless battles is banned\n|rule|OHKO Clause: OHKO moves are banned\n|rule|Evasion Moves Clause: Evasion moves are banned\n|rule|Evasion Items Clause: Evasion items are banned\n|rule|Species Clause: Limit one of each Pok\u00e9mon\n|rule|Sleep Clause Mod: Limit one foe put to sleep\n|rule|Mega Rayquaza Clause: You cannot mega evolve Rayquaza\n|clearpoke\n|poke|p1|Kommo-o, M|\n|poke|p1|Azumarill, F|\n|poke|p1|Decidueye, M|\n|poke|p1|Scizor, M|\n|poke|p1|Toxapex, F|\n|poke|p1|Klefki, F|\n|poke|p2|Garchomp, F|\n|poke|p2|Blaziken, F|\n|poke|p2|Clefable, F|\n|poke|p2|Ferrothorn, M|\n|poke|p2|Cloyster, M|\n|poke|p2|Noivern, M|\n|teampreview\n|\n|t:|1699619752\n|start\n|switch|p1a: Pearl|Azumarill, F|100\/100\n|switch|p2a: Ferrothorn|Ferrothorn, M|100\/100\n|turn|1\n|c|\u2606anil kottu god|no z move da\n|\n|t:|1699619771\n|-terastallize|p2a: Ferrothorn|Grass\n|-zpower|p1a: Pearl\n|move|p1a: Pearl|Z-Belly Drum|p1a: Pearl|[anim]Belly Drum\n|-damage|p1a: Pearl|50\/100\n|-setboost|p1a: Pearl|atk|6|[from] move: Belly Drum\n|move|p2a: Ferrothorn|Leech Seed|p1a: Pearl|[miss]\n|-miss|p2a: Ferrothorn|p1a: Pearl\n|\n|upkeep\n|turn|2\n|\n|t:|1699619788\n|move|p1a: Pearl|Play Rough|p2a: Ferrothorn\n|-damage|p2a: Ferrothorn|0 fnt\n|faint|p2a: Ferrothorn\n|\n|upkeep\n|c|\u2606anil kottu god|wait da gain\n|c|\u2606anil kottu god|once more\n|c|\u2606anil kottu god|ree\n|c|\u2606NotGlitchXD|No\n|\n|t:|1699619815\n|switch|p2a: Cloyster|Cloyster, M|100\/100\n|turn|3\n|c|\u2606NotGlitchXD|After this random\n|\n|t:|1699619822\n|move|p2a: Cloyster|Blizzard|p1a: Pearl|[miss]\n|-miss|p2a: Cloyster|p1a: Pearl\n|move|p1a: Pearl|Knock Off|p2a: Cloyster\n|-crit|p2a: Cloyster\n|-damage|p2a: Cloyster|0 fnt\n|-enditem|p2a: Cloyster|Figy Berry|[from] move: Knock Off|[of] p1a: Pearl\n|faint|p2a: Cloyster\n|\n|upkeep\n|c|\u2606anil kottu god|how da\n|c|\u2606anil kottu god|ths game fking dumb\n|c|\u2606NotGlitchXD|Huge power\n|\n|t:|1699619835\n|switch|p2a: Clefable|Clefable, F, shiny|100\/100\n|turn|4\n|\n|t:|1699619842\n|move|p1a: Pearl|Aqua Jet|p2a: Clefable\n|-damage|p2a: Clefable|72\/100\n|move|p2a: Clefable|Moonblast|p1a: Pearl\n|-damage|p1a: Pearl|0 fnt\n|faint|p1a: Pearl\n|-damage|p2a: Clefable|62\/100|[from] item: Life Orb\n|\n|upkeep\n|c|\u2606NotGlitchXD|Yeah\n|c|\u2606NotGlitchXD|Its dumb\n|c|\u2606NotGlitchXD|Really dum\n|\n|t:|1699619864\n|switch|p1a: Death|Scizor, M|100\/100\n|turn|5\n|c|\u2606anil kottu god|yea\n|c|\u2606anil kottu god|i agree\n|c|\u2606anil kottu god|and i played cricket with samyukth ask him\n|inactive|Battle timer is ON: inactive players will automatically lose when time's up. (requested by NotGlitchXD)\n|\n|t:|1699619884\n|detailschange|p1a: Death|Scizor-Mega, M\n|-mega|p1a: Death|Scizor|Scizorite\n|move|p1a: Death|Swords Dance|p1a: Death\n|-boost|p1a: Death|atk|2\n|move|p2a: Clefable|Moonblast|p1a: Death\n|-resisted|p1a: Death\n|-damage|p1a: Death|80\/100\n|-damage|p2a: Clefable|53\/100|[from] item: Life Orb\n|\n|upkeep\n|turn|6\n|c|\u2606NotGlitchXD|Ok\n|\n|t:|1699619898\n|switch|p2a: Blaziken|Blaziken, F|100\/100\n|move|p1a: Death|Swords Dance|p1a: Death\n|-boost|p1a: Death|atk|2\n|\n|upkeep\n|turn|7\n|\n|t:|1699619921\n|detailschange|p2a: Blaziken|Blaziken-Mega, F\n|-mega|p2a: Blaziken|Blaziken|Blazikenite\n|move|p1a: Death|Bullet Punch|p2a: Blaziken\n|-resisted|p2a: Blaziken\n|-damage|p2a: Blaziken|52\/100\n|move|p2a: Blaziken|Flare Blitz|p1a: Death\n|-supereffective|p1a: Death\n|-damage|p1a: Death|0 fnt\n|faint|p1a: Death\n|-damage|p2a: Blaziken|24\/100|[from] Recoil\n|\n|-ability|p2a: Blaziken|Speed Boost|boost\n|-boost|p2a: Blaziken|spe|1\n|upkeep\n|\n|t:|1699619939\n|switch|p1a: XD|Toxapex, F, shiny|100\/100\n|turn|8\n|\n|t:|1699619950\n|move|p2a: Blaziken|Thunder Punch|p1a: XD\n|-supereffective|p1a: XD\n|-damage|p1a: XD|69\/100\n|move|p1a: XD|Toxic|p2a: Blaziken\n|-status|p2a: Blaziken|tox\n|\n|-heal|p1a: XD|75\/100|[from] item: Black Sludge\n|-damage|p2a: Blaziken|18\/100 tox|[from] psn\n|-ability|p2a: Blaziken|Speed Boost|boost\n|-boost|p2a: Blaziken|spe|1\n|upkeep\n|turn|9\n|\n|t:|1699619966\n|move|p1a: XD|Baneful Bunker|p1a: XD\n|-singleturn|p1a: XD|move: Protect\n|move|p2a: Blaziken|Thunder Punch|p1a: XD\n|-activate|p1a: XD|move: Protect\n|\n|-heal|p1a: XD|81\/100|[from] item: Black Sludge\n|-damage|p2a: Blaziken|6\/100 tox|[from] psn\n|-ability|p2a: Blaziken|Speed Boost|boost\n|-boost|p2a: Blaziken|spe|1\n|upkeep\n|turn|10\n|\n|t:|1699619981\n|move|p2a: Blaziken|Thunder Punch|p1a: XD\n|-supereffective|p1a: XD\n|-damage|p1a: XD|46\/100\n|move|p1a: XD|Recover|p1a: XD\n|-heal|p1a: XD|96\/100\n|\n|-heal|p1a: XD|100\/100|[from] item: Black Sludge\n|-damage|p2a: Blaziken|0 fnt|[from] psn\n|faint|p2a: Blaziken\n|upkeep\n|c|\u2606NotGlitchXD|Gg\n|\n|t:|1699620008\n|switch|p2a: Noivern|Noivern, M|100\/100\n|turn|11\n|\n|t:|1699620015\n|move|p2a: Noivern|Draco Meteor|p1a: XD\n|-damage|p1a: XD|64\/100\n|-unboost|p2a: Noivern|spa|2\n|move|p1a: XD|Toxic|p2a: Noivern\n|-status|p2a: Noivern|tox\n|\n|-heal|p1a: XD|70\/100|[from] item: Black Sludge\n|-damage|p2a: Noivern|94\/100 tox|[from] psn\n|upkeep\n|turn|12\n|inactive|NotGlitchXD has 270 seconds left.\n|inactive|NotGlitchXD has 240 seconds left.\n|inactive|NotGlitchXD has 210 seconds left.\n|inactive|NotGlitchXD has 180 seconds left.\n|inactive|NotGlitchXD has 150 seconds left.\n|inactive|NotGlitchXD has 120 seconds left.\n|inactive|NotGlitchXD has 90 seconds left.\n|inactive|NotGlitchXD has 60 seconds left.\n|c|\u2606anil kottu god|u lost babby\n|\n|t:|1699620269\n|move|p1a: XD|Baneful Bunker|p1a: XD\n|-singleturn|p1a: XD|move: Protect\n|move|p2a: Noivern|Draco Meteor|p1a: XD\n|-activate|p1a: XD|move: Protect\n|\n|-heal|p1a: XD|76\/100|[from] item: Black Sludge\n|-damage|p2a: Noivern|82\/100 tox|[from] psn\n|upkeep\n|turn|13\n|\n|t:|1699620283\n|move|p2a: Noivern|Draco Meteor|p1a: XD\n|-damage|p1a: XD|57\/100\n|-unboost|p2a: Noivern|spa|2\n|move|p1a: XD|Recover|p1a: XD\n|-heal|p1a: XD|100\/100\n|\n|-damage|p2a: Noivern|64\/100 tox|[from] psn\n|upkeep\n|turn|14\n|c|\u2606NotGlitchXD|Oh no\n|c|\u2606NotGlitchXD|I'm scared\n|c|\u2606NotGlitchXD|What will I do\n|c|\u2606anil kottu god|okk da\n|c|\u2606NotGlitchXD|Ahhhhh\n|\n|t:|1699620310\n|switch|p2a: Garchomp|Garchomp, F|100\/100\n|move|p1a: XD|Baneful Bunker||[still]\n|-fail|p1a: XD\n|\n|upkeep\n|turn|15\n|c|\u2606anil kottu god|play\n|\n|t:|1699620318\n|move|p2a: Garchomp|Swords Dance|p2a: Garchomp\n|-boost|p2a: Garchomp|atk|2\n|move|p1a: XD|Toxic|p2a: Garchomp\n|-status|p2a: Garchomp|tox\n|\n|-damage|p2a: Garchomp|94\/100 tox|[from] psn\n|upkeep\n|turn|16\n|\n|t:|1699620330\n|move|p2a: Garchomp|Swords Dance|p2a: Garchomp\n|-boost|p2a: Garchomp|atk|2\n|move|p1a: XD|Substitute|p1a: XD\n|-start|p1a: XD|Substitute\n|-damage|p1a: XD|76\/100\n|\n|-heal|p1a: XD|82\/100|[from] item: Black Sludge\n|-damage|p2a: Garchomp|82\/100 tox|[from] psn\n|upkeep\n|turn|17\n|c|\u2606anil kottu god|why cant i do anyother move da\n|\n|t:|1699620342\n|move|p1a: XD|Baneful Bunker|p1a: XD\n|-singleturn|p1a: XD|move: Protect\n|move|p2a: Garchomp|Swords Dance|p2a: Garchomp\n|-boost|p2a: Garchomp|atk|2\n|\n|-heal|p1a: XD|88\/100|[from] item: Black Sludge\n|-damage|p2a: Garchomp|64\/100 tox|[from] psn\n|upkeep\n|turn|18\n|c|\u2606NotGlitchXD|Choice band\n|c|\u2606anil kottu god|broooooooooooooooooooooooo\n|c|\u2606anil kottu god|now wt\n|inactive|NotGlitchXD has 30 seconds left.\n|c|\u2606NotGlitchXD|Switch out\n|\n|t:|1699620371\n|switch|p2a: Noivern|Noivern, M|64\/100 tox\n|move|p1a: XD|Toxic|p2a: Noivern\n|-fail|p2a: Noivern|tox\n|\n|-heal|p1a: XD|94\/100|[from] item: Black Sludge\n|-damage|p2a: Noivern|57\/100 tox|[from] psn\n|upkeep\n|turn|19\n|inactive|NotGlitchXD has 30 seconds left.\n|inactive|anil kottu god has 270 seconds left.\n|\n|t:|1699620399\n|move|p1a: XD|Baneful Bunker|p1a: XD\n|-singleturn|p1a: XD|move: Protect\n|move|p2a: Noivern|Roost|p2a: Noivern\n|-heal|p2a: Noivern|100\/100 tox\n|-singleturn|p2a: Noivern|move: Roost\n|\n|-heal|p1a: XD|99\/100|[from] item: Black Sludge\n|-damage|p2a: Noivern|88\/100 tox|[from] psn\n|upkeep\n|turn|20\n|inactive|NotGlitchXD has 30 seconds left.\n|inactive|NotGlitchXD has 20 seconds left.\n|c|\u2606anil kottu god|playyy\n|inactive|NotGlitchXD has 15 seconds left.\n|c|\u2606anil kottu god|otherwise u loose\n|\n|t:|1699620423\n|switch|p1a: Gold|Klefki, F|100\/100\n|move|p2a: Noivern|Roost|p2a: Noivern\n|-heal|p2a: Noivern|100\/100 tox\n|-singleturn|p2a: Noivern|move: Roost\n|\n|-damage|p2a: Noivern|82\/100 tox|[from] psn\n|upkeep\n|turn|21\n|inactive|NotGlitchXD has 25 seconds left this turn.\n|inactive|NotGlitchXD has 20 seconds left.\n|c|\u2606NotGlitchXD|Ooooh\n|inactive|NotGlitchXD has 15 seconds left.\n|c|\u2606NotGlitchXD|I'm scared\n|inactive|NotGlitchXD has 10 seconds left.\n|c|\u2606NotGlitchXD|I pissed my pants\n|inactive|NotGlitchXD has 5 seconds left.\n|\n|t:|1699620443\n|switch|p2a: Clefable|Clefable, F, shiny|53\/100\n|move|p1a: Gold|Light Screen|p1a: Gold\n|-sidestart|p1: NotGlitchXD|move: Light Screen\n|\n|upkeep\n|turn|22\n|inactive|NotGlitchXD has 15 seconds left this turn.\n|inactive|NotGlitchXD has 10 seconds left.\n|inactiveoff|Battle timer is now OFF.\n|\n|t:|1699620468\n|move|p1a: Gold|Reflect|p1a: Gold\n|-sidestart|p1: NotGlitchXD|Reflect\n|move|p2a: Clefable|Moonblast|p1a: Gold\n|-resisted|p1a: Gold\n|-damage|p1a: Gold|88\/100\n|-damage|p2a: Clefable|43\/100|[from] item: Life Orb\n|\n|upkeep\n|turn|23\n|\n|t:|1699620479\n|move|p1a: Gold|Fairy Lock|p1a: Gold\n|-fieldactivate|move: Fairy Lock\n|move|p2a: Clefable|Calm Mind|p2a: Clefable\n|-boost|p2a: Clefable|spa|1\n|-boost|p2a: Clefable|spd|1\n|\n|upkeep\n|turn|24\n|c|\u2606NotGlitchXD|Oh no\n|c|\u2606NotGlitchXD|I'm loosing\n|c|\u2606NotGlitchXD|Ahh\n|c|\u2606NotGlitchXD|Help\n|c|\u2606NotGlitchXD|What will I do\n|\n|t:|1699620520\n|move|p1a: Gold|Spikes|p2a: Clefable\n|-sidestart|p2: anil kottu god|Spikes\n|move|p2a: Clefable|Disarming Voice|p1a: Gold\n|-resisted|p1a: Gold\n|-damage|p1a: Gold|80\/100\n|-damage|p2a: Clefable|33\/100|[from] item: Life Orb\n|\n|upkeep\n|turn|25\n|c|\u2606NotGlitchXD|Ooooh\n|\n|t:|1699620531\n|move|p1a: Gold|Spikes|p2a: Clefable\n|-sidestart|p2: anil kottu god|Spikes\n|move|p2a: Clefable|Calm Mind|p2a: Clefable\n|-boost|p2a: Clefable|spa|1\n|-boost|p2a: Clefable|spd|1\n|\n|upkeep\n|turn|26\n|\n|t:|1699620541\n|move|p1a: Gold|Spikes|p2a: Clefable\n|-sidestart|p2: anil kottu god|Spikes\n|move|p2a: Clefable|Calm Mind|p2a: Clefable\n|-boost|p2a: Clefable|spa|1\n|-boost|p2a: Clefable|spd|1\n|\n|upkeep\n|turn|27\n|\n|t:|1699620559\n|switch|p1a: Saitama|Kommo-o, M|100\/100\n|move|p2a: Clefable|Rest|p2a: Clefable\n|-status|p2a: Clefable|slp|[from] move: Rest\n|-heal|p2a: Clefable|100\/100 slp|[silent]\n|\n|upkeep\n|turn|28\n|\n|t:|1699620574\n|move|p1a: Saitama|Substitute|p1a: Saitama\n|-start|p1a: Saitama|Substitute\n|-damage|p1a: Saitama|75\/100\n|cant|p2a: Clefable|slp\n|\n|-sideend|p1: NotGlitchXD|move: Light Screen\n|upkeep\n|turn|29\n|\n|t:|1699620585\n|-terastallize|p1a: Saitama|Steel\n|move|p1a: Saitama|Belly Drum|p1a: Saitama\n|-damage|p1a: Saitama|25\/100\n|-setboost|p1a: Saitama|atk|6|[from] move: Belly Drum\n|-enditem|p1a: Saitama|Salac Berry|[eat]\n|-boost|p1a: Saitama|spe|1|[from] item: Salac Berry\n|cant|p2a: Clefable|slp\n|\n|-sideend|p1: NotGlitchXD|Reflect\n|upkeep\n|turn|30\n|\n|t:|1699620604\n|move|p1a: Saitama|Iron Tail|p2a: Clefable\n|-supereffective|p2a: Clefable\n|-damage|p2a: Clefable|1\/100 slp\n|-curestatus|p2a: Clefable|slp|[msg]\n|move|p2a: Clefable|Disarming Voice|p1a: Saitama\n|-resisted|p1a: Saitama\n|-damage|p1a: Saitama|1\/100\n|-damage|p2a: Clefable|0 fnt|[from] item: Life Orb\n|faint|p2a: Clefable\n|\n|upkeep\n|\n|t:|1699620616\n|switch|p2a: Noivern|Noivern, M|82\/100 tox\n|turn|31\n|\n|t:|1699620622\n|move|p1a: Saitama|Iron Tail|p2a: Noivern\n|-damage|p2a: Noivern|0 fnt\n|faint|p2a: Noivern\n|\n|upkeep\n|\n|t:|1699620627\n|switch|p2a: Garchomp|Garchomp, F|64\/100 tox\n|-damage|p2a: Garchomp|39\/100 tox|[from] Spikes\n|turn|32\n|\n|t:|1699620634\n|move|p1a: Saitama|Drain Punch|p2a: Garchomp\n|-damage|p2a: Garchomp|0 fnt\n|-heal|p1a: Saitama|24\/100|[from] drain|[of] p2a: Garchomp\n|-damage|p1a: Saitama|11\/100|[from] ability: Rough Skin|[of] p2a: Garchomp\n|faint|p2a: Garchomp\n|\n|win|NotGlitchXD\n|c|\u2606anil kottu god|random??\n","uploadtime":1699620650,"views":8,"p1id":"notglitchxd","p2id":"anilkottugod","formatid":"gen9nationaldexubers","rating":0,"private":0,"password":""}