{"id":"gen9nationaldexubers-1994946768","p1":"insanejokester","p2":"Taelds","format":"[Gen 9] National Dex Ubers","log":"|j|\u2606insanejokester\n|j|\u2606Taelds\n|t:|1700507102\n|gametype|singles\n|player|p1|insanejokester|flannery|1187\n|player|p2|Taelds|169|1234\n|teamsize|p1|6\n|teamsize|p2|6\n|gen|9\n|tier|[Gen 9] National Dex Ubers\n|rated|\n|rule|HP Percentage Mod: HP is shown in percentages\n|rule|Endless Battle Clause: Forcing endless battles is banned\n|rule|OHKO Clause: OHKO moves are banned\n|rule|Evasion Moves Clause: Evasion moves are banned\n|rule|Evasion Items Clause: Evasion items are banned\n|rule|Species Clause: Limit one of each Pok\u00e9mon\n|rule|Sleep Clause Mod: Limit one foe put to sleep\n|rule|Mega Rayquaza Clause: You cannot mega evolve Rayquaza\n|clearpoke\n|poke|p1|Darmanitan-Galar, F|\n|poke|p1|Corsola-Galar, M|\n|poke|p1|Chansey, F|\n|poke|p1|Shaymin-Sky|\n|poke|p1|Arceus-Steel|\n|poke|p1|Yveltal|\n|poke|p2|Kingambit, F|\n|poke|p2|Durant, F|\n|poke|p2|Smeargle, M|\n|poke|p2|Murkrow, L1, M|\n|poke|p2|Dugtrio, F|\n|poke|p2|Gothitelle, M|\n|teampreview\n|\n|t:|1700507110\n|start\n|switch|p1a: Darmanitan|Darmanitan-Galar, F|100\/100\n|switch|p2a: Smeargle|Smeargle, M|100\/100\n|turn|1\n|\n|t:|1700507116\n|move|p1a: Darmanitan|U-turn|p2a: Smeargle\n|-enditem|p2a: Smeargle|Focus Sash\n|-damage|p2a: Smeargle|1\/100\n|\n|t:|1700507121\n|switch|p1a: Shaymin|Shaymin-Sky|100\/100|[from] U-turn\n|move|p2a: Smeargle|Sticky Web|p1a: Shaymin\n|-sidestart|p1: insanejokester|move: Sticky Web\n|\n|-ability|p2a: Smeargle|Moody|boost\n|-boost|p2a: Smeargle|def|2\n|-unboost|p2a: Smeargle|spa|1\n|upkeep\n|turn|2\n|\n|t:|1700507134\n|move|p1a: Shaymin|Energy Ball|p2a: Smeargle\n|-damage|p2a: Smeargle|0 fnt\n|faint|p2a: Smeargle\n|-damage|p1a: Shaymin|91\/100|[from] item: Life Orb\n|\n|upkeep\n|\n|t:|1700507142\n|switch|p2a: Murkrow|Murkrow, L1, M|100\/100\n|turn|3\n|\n|t:|1700507159\n|move|p1a: Shaymin|Air Slash|p2a: Murkrow\n|-enditem|p2a: Murkrow|Focus Sash\n|-damage|p2a: Murkrow|8\/100\n|-damage|p1a: Shaymin|81\/100|[from] item: Life Orb\n|move|p2a: Murkrow|Whirlwind|p1a: Shaymin\n|drag|p1a: Chansey|Chansey, F|100\/100\n|-activate|p1a: Chansey|move: Sticky Web\n|-unboost|p1a: Chansey|spe|1\n|\n|upkeep\n|turn|4\n|inactive|Battle timer is ON: inactive players will automatically lose when time's up. (requested by Taelds)\n|\n|t:|1700507171\n|move|p2a: Murkrow|Taunt|p1a: Chansey\n|-start|p1a: Chansey|move: Taunt\n|cant|p1a: Chansey|move: Taunt|Stealth Rock\n|\n|upkeep\n|turn|5\n|\n|t:|1700507182\n|switch|p1a: Darmanitan|Darmanitan-Galar, F|100\/100\n|-activate|p1a: Darmanitan|move: Sticky Web\n|-unboost|p1a: Darmanitan|spe|1\n|move|p2a: Murkrow|Tailwind|p2a: Murkrow\n|-sidestart|p2: Taelds|move: Tailwind\n|\n|upkeep\n|turn|6\n|\n|t:|1700507190\n|move|p2a: Murkrow|Tailwind||[still]\n|-fail|p2a: Murkrow\n|move|p1a: Darmanitan|U-turn|p2a: Murkrow\n|-damage|p2a: Murkrow|0 fnt\n|faint|p2a: Murkrow\n|\n|t:|1700507198\n|switch|p1a: Yveltal|Yveltal|100\/100|[from] U-turn\n|-ability|p1a: Yveltal|Dark Aura\n|\n|upkeep\n|\n|t:|1700507203\n|switch|p2a: Durant|Durant, F|100\/100\n|turn|7\n|\n|t:|1700507211\n|move|p2a: Durant|Entrainment|p1a: Yveltal\n|-endability|p1a: Yveltal|Dark Aura|[from] move: Entrainment\n|-ability|p1a: Yveltal|Truant|[from] move: Entrainment\n|move|p1a: Yveltal|Defog|p2a: Durant\n|-unboost|p2a: Durant|evasion|1\n|-sideend|p1: insanejokester|Sticky Web|[from] move: Defog|[of] p1a: Yveltal\n|\n|upkeep\n|turn|8\n|\n|t:|1700507224\n|switch|p2a: Gothitelle|Gothitelle, M|100\/100\n|switch|p1a: Corsola|Corsola-Galar, M|100\/100\n|\n|-sideend|p2: Taelds|move: Tailwind\n|upkeep\n|turn|9\n|\n|t:|1700507234\n|move|p2a: Gothitelle|Protect|p2a: Gothitelle\n|-singleturn|p2a: Gothitelle|Protect\n|move|p1a: Corsola|Night Shade|p2a: Gothitelle\n|-activate|p2a: Gothitelle|move: Protect\n|\n|upkeep\n|turn|10\n|-message|Taelds forfeited.\n|\n|win|insanejokester\n|raw|insanejokester's rating: 1187 &rarr; <strong>1215<\/strong><br \/>(+28 for winning)\n|raw|Taelds's rating: 1234 &rarr; <strong>1206<\/strong><br \/>(-28 for losing)\n|l|\u2606Taelds\n","uploadtime":1700507256,"views":7,"p1id":"insanejokester","p2id":"taelds","formatid":"gen9nationaldexubers","rating":1206,"private":0,"password":""}