{"id":"gen9nationaldexubers-1998026402","p1":"Czar_agon","p2":"speedykidyo","format":"[Gen 9] National Dex Ubers","log":"|j|\u2606Czar_agon\n|j|\u2606speedykidyo\n|t:|1700880635\n|gametype|singles\n|player|p1|Czar_agon|iris|\n|player|p2|speedykidyo|101|\n|teamsize|p1|6\n|teamsize|p2|6\n|gen|9\n|tier|[Gen 9] National Dex Ubers\n|rule|HP Percentage Mod: HP is shown in percentages\n|rule|Endless Battle Clause: Forcing endless battles is banned\n|rule|OHKO Clause: OHKO moves are banned\n|rule|Evasion Moves Clause: Evasion moves are banned\n|rule|Evasion Items Clause: Evasion items are banned\n|rule|Species Clause: Limit one of each Pok\u00e9mon\n|rule|Sleep Clause Mod: Limit one foe put to sleep\n|rule|Mega Rayquaza Clause: You cannot mega evolve Rayquaza\n|clearpoke\n|poke|p1|Tornadus-Therian, M|\n|poke|p1|Slowking-Galar, M|\n|poke|p1|Swampert, F|\n|poke|p1|Baxcalibur, M|\n|poke|p1|Skeledirge, F|\n|poke|p1|Krookodile, M|\n|poke|p2|Tyranitar, F|\n|poke|p2|Dracozolt|\n|poke|p2|Urshifu-*, M|\n|poke|p2|Typhlosion, M|\n|poke|p2|Crobat, F|\n|poke|p2|Ting-Lu|\n|teampreview\n|j| Demolution545\n|j| ZBFusion\n|c|\u2606speedykidyo|wanna wait a few minutes\n|c|\u2606Czar_agon|nah, wait for volteon to join then we can go\n|c|\u2606speedykidyo|ok\n|j| VoIteon\n|inactive|Battle timer is ON: inactive players will automatically lose when time's up. (requested by Czar_agon)\n|\n|t:|1700880742\n|start\n|switch|p1a: Swampert|Swampert, F|100\/100\n|switch|p2a: Typhlosion|Typhlosion, M|100\/100\n|turn|1\n|\n|t:|1700880766\n|switch|p2a: Urshifu|Urshifu-Rapid-Strike, M|100\/100\n|move|p1a: Swampert|Stealth Rock|p2a: Urshifu\n|-sidestart|p2: speedykidyo|move: Stealth Rock\n|\n|upkeep\n|turn|2\n|\n|t:|1700880773\n|switch|p1a: Slowking|Slowking-Galar, M|100\/100\n|move|p2a: Urshifu|Trailblaze|p1a: Slowking\n|-resisted|p1a: Slowking\n|-damage|p1a: Slowking|94\/100\n|-boost|p2a: Urshifu|spe|1\n|\n|-heal|p1a: Slowking|99\/100|[from] item: Leftovers\n|upkeep\n|turn|3\n|\n|t:|1700880784\n|move|p2a: Urshifu|U-turn|p1a: Slowking\n|-damage|p1a: Slowking|84\/100\n|\n|t:|1700880792\n|switch|p2a: Tyranitar|Tyranitar, F|100\/100|[from] U-turn\n|-damage|p2a: Tyranitar|88\/100|[from] Stealth Rock\n|-weather|Sandstorm|[from] ability: Sand Stream|[of] p2a: Tyranitar\n|move|p1a: Slowking|Chilly Reception|p1a: Slowking\n|-weather|Snow\n|\n|t:|1700880803\n|switch|p1a: Tornadus|Tornadus-Therian, M|100\/100|[from] Chilly Reception\n|\n|-weather|Snow|[upkeep]\n|upkeep\n|turn|4\n|\n|t:|1700880829\n|switch|p2a: Crobat|Crobat, F|100\/100\n|-zpower|p1a: Tornadus\n|move|p1a: Tornadus|All-Out Pummeling|p2a: Crobat|[zeffect]\n|-resisted|p2a: Crobat\n|-damage|p2a: Crobat|84\/100\n|\n|-weather|Snow|[upkeep]\n|upkeep\n|turn|5\n|c|\u2606speedykidyo|there we go\n|inactive|speedykidyo has 270 seconds left.\n|\n|t:|1700880851\n|switch|p1a: Skeledirge|Skeledirge, F|100\/100\n|move|p2a: Crobat|Super Fang|p1a: Skeledirge\n|-immune|p1a: Skeledirge\n|\n|-weather|Snow|[upkeep]\n|upkeep\n|turn|6\n|inactive|speedykidyo has 270 seconds left.\n|\n|t:|1700880861\n|move|p2a: Crobat|Brave Bird|p1a: Skeledirge\n|-damage|p1a: Skeledirge|68\/100\n|-damage|p2a: Crobat|72\/100|[from] Recoil\n|move|p1a: Skeledirge|Will-O-Wisp|p2a: Crobat\n|-status|p2a: Crobat|brn\n|\n|-weather|Snow|[upkeep]\n|-damage|p2a: Crobat|66\/100 brn|[from] brn\n|upkeep\n|turn|7\n|inactive|speedykidyo has 270 seconds left.\n|\n|t:|1700880879\n|move|p2a: Crobat|Defog|p1a: Skeledirge\n|-unboost|p1a: Skeledirge|evasion|1\n|-sideend|p2: speedykidyo|Stealth Rock|[from] move: Defog|[of] p2a: Crobat\n|move|p1a: Skeledirge|Slack Off|p1a: Skeledirge\n|-heal|p1a: Skeledirge|100\/100\n|\n|-weather|none\n|-damage|p2a: Crobat|60\/100 brn|[from] brn\n|upkeep\n|turn|8\n|inactive|speedykidyo has 270 seconds left.\n|\n|t:|1700880899\n|switch|p2a: Urshifu|Urshifu-Rapid-Strike, M|100\/100\n|move|p1a: Skeledirge|Hex|p2a: Urshifu\n|-damage|p2a: Urshifu|66\/100\n|\n|upkeep\n|turn|9\n|j| Lunar Sloth\n|\n|t:|1700880912\n|switch|p1a: Slowking|Slowking-Galar, M|100\/100\n|move|p2a: Urshifu|Trailblaze|p1a: Slowking\n|-resisted|p1a: Slowking\n|-damage|p1a: Slowking|94\/100\n|-boost|p2a: Urshifu|spe|1\n|\n|-heal|p1a: Slowking|99\/100|[from] item: Leftovers\n|upkeep\n|turn|10\n|l| Lunar Sloth\n|\n|t:|1700880929\n|move|p2a: Urshifu|U-turn|p1a: Slowking\n|-damage|p1a: Slowking|83\/100\n|j| Lunar Sloth\n|inactive|speedykidyo has 240 seconds left.\n|\n|t:|1700880953\n|switch|p2a: Tyranitar|Tyranitar, F|88\/100|[from] U-turn\n|-weather|Sandstorm|[from] ability: Sand Stream|[of] p2a: Tyranitar\n|move|p1a: Slowking|Chilly Reception|p1a: Slowking\n|-weather|Snow\n|\n|t:|1700880965\n|switch|p1a: Krookodile|Krookodile, M|100\/100|[from] Chilly Reception\n|\n|-weather|Snow|[upkeep]\n|upkeep\n|turn|11\n|inactive|speedykidyo has 240 seconds left.\n|\n|t:|1700880993\n|switch|p2a: Urshifu|Urshifu-Rapid-Strike, M|66\/100\n|move|p1a: Krookodile|Close Combat|p2a: Urshifu\n|-damage|p2a: Urshifu|26\/100\n|-unboost|p1a: Krookodile|def|1\n|-unboost|p1a: Krookodile|spd|1\n|\n|-weather|Snow|[upkeep]\n|upkeep\n|turn|12\n|\n|t:|1700881004\n|switch|p1a: Slowking|Slowking-Galar, M|100\/100\n|move|p2a: Urshifu|Close Combat|p1a: Slowking\n|-resisted|p1a: Slowking\n|-damage|p1a: Slowking|90\/100\n|-unboost|p2a: Urshifu|def|1\n|-unboost|p2a: Urshifu|spd|1\n|\n|-weather|Snow|[upkeep]\n|-heal|p1a: Slowking|96\/100|[from] item: Leftovers\n|upkeep\n|turn|13\n|inactive|speedykidyo has 240 seconds left.\n|\n|t:|1700881035\n|move|p2a: Urshifu|Trailblaze|p1a: Slowking\n|-resisted|p1a: Slowking\n|-damage|p1a: Slowking|90\/100\n|-boost|p2a: Urshifu|spe|1\n|move|p1a: Slowking|Chilly Reception|p1a: Slowking\n|\n|t:|1700881043\n|switch|p1a: Tornadus|Tornadus-Therian, M|100\/100|[from] Chilly Reception\n|\n|-weather|Snow|[upkeep]\n|upkeep\n|turn|14\n|\n|t:|1700881061\n|switch|p2a: Tyranitar|Tyranitar, F|88\/100\n|-weather|Sandstorm|[from] ability: Sand Stream|[of] p2a: Tyranitar\n|move|p1a: Tornadus|Bleakwind Storm|p2a: Tyranitar\n|-resisted|p2a: Tyranitar\n|-damage|p2a: Tyranitar|76\/100\n|\n|-weather|Sandstorm|[upkeep]\n|-damage|p1a: Tornadus|94\/100|[from] Sandstorm\n|upkeep\n|turn|15\n|l| Lunar Sloth\n|\n|t:|1700881072\n|detailschange|p2a: Tyranitar|Tyranitar-Mega, F\n|-mega|p2a: Tyranitar|Tyranitar|Tyranitarite\n|move|p1a: Tornadus|Focus Blast|p2a: Tyranitar\n|-supereffective|p2a: Tyranitar\n|-crit|p2a: Tyranitar\n|-damage|p2a: Tyranitar|0 fnt\n|faint|p2a: Tyranitar\n|\n|-weather|Sandstorm|[upkeep]\n|-damage|p1a: Tornadus|88\/100|[from] Sandstorm\n|upkeep\n|inactive|speedykidyo has 210 seconds left.\n|c|\u2606speedykidyo|wow I actually thought it would survive\n|inactive|speedykidyo has 180 seconds left.\n|\n|t:|1700881121\n|switch|p2a: Typhlosion|Typhlosion, M|100\/100\n|turn|16\n|inactive|speedykidyo has 180 seconds left.\n|\n|t:|1700881135\n|switch|p1a: Swampert|Swampert, F|100\/100\n|move|p2a: Typhlosion|Hidden Power|p1a: Swampert\n|-supereffective|p1a: Swampert\n|-damage|p1a: Swampert|38\/100\n|\n|-weather|Sandstorm|[upkeep]\n|-damage|p2a: Typhlosion|94\/100|[from] Sandstorm\n|-heal|p1a: Swampert|44\/100|[from] item: Leftovers\n|upkeep\n|turn|17\n|inactive|speedykidyo has 180 seconds left.\n|\n|t:|1700881159\n|switch|p1a: Baxcalibur|Baxcalibur, M|100\/100\n|move|p2a: Typhlosion|Hidden Power|p1a: Baxcalibur\n|-resisted|p1a: Baxcalibur\n|-damage|p1a: Baxcalibur|90\/100\n|\n|-weather|Sandstorm|[upkeep]\n|-damage|p2a: Typhlosion|88\/100|[from] Sandstorm\n|-damage|p1a: Baxcalibur|84\/100|[from] Sandstorm\n|upkeep\n|turn|18\n|inactive|speedykidyo has 180 seconds left.\n|inactive|speedykidyo has 150 seconds left.\n|\n|t:|1700881223\n|switch|p2a: Dracozolt|Dracozolt|100\/100\n|move|p1a: Baxcalibur|Dragon Dance|p1a: Baxcalibur\n|-boost|p1a: Baxcalibur|atk|1\n|-boost|p1a: Baxcalibur|spe|1\n|\n|-weather|none\n|upkeep\n|turn|19\n|inactive|Czar_agon has 270 seconds left.\n|\n|t:|1700881272\n|switch|p2a: Crobat|Crobat, F|60\/100 brn\n|move|p1a: Baxcalibur|Glaive Rush|p2a: Crobat\n|-crit|p2a: Crobat\n|-damage|p2a: Crobat|0 fnt\n|-singlemove|p1a: Baxcalibur|Glaive Rush|[silent]\n|faint|p2a: Crobat\n|\n|upkeep\n|inactive|speedykidyo has 120 seconds left.\n|\n|t:|1700881299\n|switch|p2a: Urshifu|Urshifu-Rapid-Strike, M|26\/100\n|turn|20\n|\n|t:|1700881312\n|-terastallize|p1a: Baxcalibur|Ghost\n|move|p1a: Baxcalibur|Dragon Dance|p1a: Baxcalibur\n|-boost|p1a: Baxcalibur|atk|1\n|-boost|p1a: Baxcalibur|spe|1\n|move|p2a: Urshifu|Close Combat|p1a: Baxcalibur\n|-immune|p1a: Baxcalibur\n|\n|upkeep\n|turn|21\n|\n|t:|1700881338\n|move|p1a: Baxcalibur|Glaive Rush|p2a: Urshifu\n|-damage|p2a: Urshifu|0 fnt\n|-singlemove|p1a: Baxcalibur|Glaive Rush|[silent]\n|faint|p2a: Urshifu\n|\n|upkeep\n|c| Demolution545|thats foul\n|inactive|speedykidyo has 90 seconds left.\n|c|\u2606speedykidyo|yeah\n|\n|t:|1700881369\n|switch|p2a: Typhlosion|Typhlosion, M|88\/100\n|turn|22\n|j| Lunar Sloth\n|\n|t:|1700881380\n|move|p1a: Baxcalibur|Earthquake|p2a: Typhlosion\n|-supereffective|p2a: Typhlosion\n|-damage|p2a: Typhlosion|0 fnt\n|faint|p2a: Typhlosion\n|\n|upkeep\n|c|\u2606speedykidyo|ok yeah\n|inactive|speedykidyo has 60 seconds left.\n|c| VoIteon|its joever\n|c|\u2606speedykidyo|i was hoping you would predict the switch with ice shard\n|c|\u2606speedykidyo|whatever\n|c|\u2606speedykidyo|at least I took a game\n|inactive|speedykidyo has 30 seconds left.\n|\n|t:|1700881428\n|switch|p2a: Ting-Lu|Ting-Lu|100\/100\n|-ability|p2a: Ting-Lu|Vessel of Ruin\n|turn|23\n|c|\u2606Czar_agon|yeah, i don't have ice shard\n|inactive|speedykidyo has 30 seconds left.\n|inactive|Czar_agon has 270 seconds left.\n|inactive|speedykidyo has 20 seconds left.\n|c|\u2606speedykidyo|you don't have an ice move?\n|inactive|speedykidyo has 15 seconds left.\n|inactive|speedykidyo has 10 seconds left.\n|c|\u2606speedykidyo|i thought you showed one last ganme\n|c|\u2606Czar_agon|yeah, icicle crash\n|\n|t:|1700881461\n|-terastallize|p2a: Ting-Lu|Poison\n|move|p1a: Baxcalibur|Icicle Crash|p2a: Ting-Lu\n|-damage|p2a: Ting-Lu|49\/100\n|move|p2a: Ting-Lu|Ruination|p1a: Baxcalibur\n|-damage|p1a: Baxcalibur|42\/100\n|\n|-heal|p2a: Ting-Lu|55\/100|[from] item: Leftovers\n|upkeep\n|turn|24\n|inactive|speedykidyo has 20 seconds left this turn.\n|inactive|speedykidyo has 15 seconds left.\n|c|\u2606Czar_agon|but earthquake hits almost all your mon\n|inactive|Czar_agon has 270 seconds left.\n|inactive|speedykidyo has 10 seconds left.\n|l| Lunar Sloth\n|\n|t:|1700881476\n|move|p1a: Baxcalibur|Glaive Rush|p2a: Ting-Lu\n|-damage|p2a: Ting-Lu|0 fnt\n|-singlemove|p1a: Baxcalibur|Glaive Rush|[silent]\n|faint|p2a: Ting-Lu\n|\n|upkeep\n|inactive|speedykidyo has 15 seconds left this turn.\n|\n|t:|1700881481\n|switch|p2a: Dracozolt|Dracozolt|100\/100\n|turn|25\n|inactive|speedykidyo has 25 seconds left this turn.\n|\n|t:|1700881485\n|move|p1a: Baxcalibur|Glaive Rush|p2a: Dracozolt\n|-supereffective|p2a: Dracozolt\n|-damage|p2a: Dracozolt|0 fnt\n|-singlemove|p1a: Baxcalibur|Glaive Rush|[silent]\n|faint|p2a: Dracozolt\n|\n|win|Czar_agon\n|inactive|speedykidyo has 30 seconds left this turn.\n|c|\u2606speedykidyo|gg\n|c|\u2606speedykidyo|ggs\n|c|\u2606Czar_agon|gg\n|l|\u2606speedykidyo\n|l| Demolution545\n","uploadtime":1700881504,"views":14,"p1id":"czaragon","p2id":"speedykidyo","formatid":"gen9nationaldexubers","rating":0,"private":0,"password":""}