{"id":"gen9nationaldexubers-1977866122","p1":"chozalo","p2":"volca272","format":"[Gen 9] National Dex Ubers","log":"|j|\u2606chozalo\n|j|\u2606volca272\n|t:|1698459274\n|gametype|singles\n|player|p1|chozalo|steven|\n|player|p2|volca272|n|\n|teamsize|p1|6\n|teamsize|p2|6\n|gen|9\n|tier|[Gen 9] National Dex Ubers\n|rule|HP Percentage Mod: HP is shown in percentages\n|rule|Endless Battle Clause: Forcing endless battles is banned\n|rule|OHKO Clause: OHKO moves are banned\n|rule|Evasion Moves Clause: Evasion moves are banned\n|rule|Evasion Items Clause: Evasion items are banned\n|rule|Species Clause: Limit one of each Pok\u00e9mon\n|rule|Sleep Clause Mod: Limit one foe put to sleep\n|rule|Mega Rayquaza Clause: You cannot mega evolve Rayquaza\n|clearpoke\n|poke|p1|Greninja-*, F|\n|poke|p1|Garchomp, F|\n|poke|p1|Quaquaval, F|\n|poke|p1|Palafin, F|\n|poke|p1|Swampert, F|\n|poke|p1|Gliscor, F|\n|poke|p2|Scizor, M|\n|poke|p2|Heracross, F|\n|poke|p2|Vikavolt, F|\n|poke|p2|Dracovish|\n|poke|p2|Roaring Moon|\n|poke|p2|Cyclizar, M|\n|teampreview\n|inactive|Battle timer is ON: inactive players will automatically lose when time's up. (requested by chozalo)\n|j| matatias\n|\n|t:|1698459286\n|start\n|switch|p1a: Palafin|Palafin, F, shiny|100\/100\n|switch|p2a: Cyclizar|Cyclizar, M|100\/100\n|turn|1\n|\n|t:|1698459290\n|move|p1a: Palafin|Flip Turn|p2a: Cyclizar\n|-resisted|p2a: Cyclizar\n|-damage|p2a: Cyclizar|84\/100\n|j| venga29\n|\n|t:|1698459299\n|detailschange|p1a: Palafin|Palafin-Hero, F, shiny\n|switch|p1a: Swampert|Swampert, F|100\/100|[from] Flip Turn\n|move|p2a: Cyclizar|Shed Tail|p2a: Cyclizar\n|-start|p2a: Cyclizar|Substitute|[from] move: Shed Tail\n|-damage|p2a: Cyclizar|34\/100\n|j| Godofwarlover42\n|\n|t:|1698459309\n|switch|p2a: Vikavolt|Vikavolt, F|100\/100|[from] Shed Tail\n|\n|upkeep\n|turn|2\n|\n|t:|1698459329\n|detailschange|p1a: Swampert|Swampert-Mega, F\n|-mega|p1a: Swampert|Swampert|Swampertite\n|move|p1a: Swampert|Earthquake|p2a: Vikavolt\n|-immune|p2a: Vikavolt|[from] ability: Levitate\n|move|p2a: Vikavolt|Sticky Web|p1a: Swampert\n|-sidestart|p1: chozalo|move: Sticky Web\n|\n|upkeep\n|turn|3\n|\n|t:|1698459342\n|move|p1a: Swampert|Ice Punch|p2a: Vikavolt\n|-end|p2a: Vikavolt|Substitute\n|move|p2a: Vikavolt|Signal Beam|p1a: Swampert\n|-damage|p1a: Swampert|68\/100\n|\n|upkeep\n|turn|4\n|\n|t:|1698459350\n|move|p1a: Swampert|Power-Up Punch|p2a: Vikavolt\n|-resisted|p2a: Vikavolt\n|-damage|p2a: Vikavolt|91\/100\n|-boost|p1a: Swampert|atk|1\n|move|p2a: Vikavolt|Signal Beam|p1a: Swampert\n|-damage|p1a: Swampert|34\/100\n|\n|upkeep\n|turn|5\n|\n|t:|1698459359\n|move|p1a: Swampert|Ice Punch|p2a: Vikavolt\n|-damage|p2a: Vikavolt|47\/100\n|move|p2a: Vikavolt|Signal Beam|p1a: Swampert\n|-damage|p1a: Swampert|1\/100\n|\n|upkeep\n|turn|6\n|\n|t:|1698459366\n|move|p1a: Swampert|Aqua Tail|p2a: Vikavolt\n|-crit|p2a: Vikavolt\n|-damage|p2a: Vikavolt|0 fnt\n|faint|p2a: Vikavolt\n|\n|upkeep\n|\n|t:|1698459371\n|switch|p2a: Tijeras|Scizor, M|100\/100\n|turn|7\n|\n|t:|1698459381\n|detailschange|p2a: Tijeras|Scizor-Mega, M\n|-mega|p2a: Tijeras|Scizor|Scizorite\n|move|p2a: Tijeras|Bullet Punch|p1a: Swampert\n|-resisted|p1a: Swampert\n|-damage|p1a: Swampert|0 fnt\n|faint|p1a: Swampert\n|\n|upkeep\n|\n|t:|1698459388\n|switch|p1a: Palafin|Palafin-Hero, F, shiny|100\/100\n|-activate|p1a: Palafin|move: Sticky Web\n|-unboost|p1a: Palafin|spe|1\n|-activate|p1a: Palafin|ability: Zero to Hero\n|turn|8\n|\n|t:|1698459400\n|move|p1a: Palafin|Close Combat|p2a: Tijeras\n|-damage|p2a: Tijeras|58\/100\n|-unboost|p1a: Palafin|def|1\n|-unboost|p1a: Palafin|spd|1\n|move|p2a: Tijeras|Swords Dance|p2a: Tijeras\n|-boost|p2a: Tijeras|atk|2\n|\n|upkeep\n|turn|9\n|\n|t:|1698459409\n|move|p1a: Palafin|Close Combat|p2a: Tijeras\n|-damage|p2a: Tijeras|19\/100\n|-unboost|p1a: Palafin|def|1\n|-unboost|p1a: Palafin|spd|1\n|move|p2a: Tijeras|Dual Wingbeat|p1a: Palafin\n|-damage|p1a: Palafin|0 fnt\n|faint|p1a: Palafin\n|-hitcount|p1: Palafin|1\n|\n|upkeep\n|\n|t:|1698459413\n|switch|p1a: Greninja|Greninja, F, shiny|100\/100\n|-activate|p1a: Greninja|move: Sticky Web\n|-unboost|p1a: Greninja|spe|1\n|turn|10\n|\n|t:|1698459423\n|move|p2a: Tijeras|Bullet Punch|p1a: Greninja\n|-resisted|p1a: Greninja\n|-crit|p1a: Greninja\n|-damage|p1a: Greninja|17\/100\n|-enditem|p1a: Greninja|Aguav Berry|[eat]\n|-heal|p1a: Greninja|51\/100|[from] item: Aguav Berry\n|move|p1a: Greninja|Scald|p2a: Tijeras\n|-start|p1a: Greninja|typechange|Water|[from] ability: Protean\n|-damage|p2a: Tijeras|0 fnt\n|faint|p2a: Tijeras\n|\n|upkeep\n|\n|t:|1698459431\n|switch|p2a: Cyclizar|Cyclizar, M|68\/100\n|turn|11\n|\n|t:|1698459441\n|switch|p1a: Gliscor|Gliscor, F, shiny|100\/100\n|move|p2a: Cyclizar|Shed Tail|p2a: Cyclizar\n|-start|p2a: Cyclizar|Substitute|[from] move: Shed Tail\n|-damage|p2a: Cyclizar|18\/100\n|\n|t:|1698459446\n|switch|p2a: Dracovish|Dracovish|100\/100|[from] Shed Tail\n|\n|upkeep\n|turn|12\n|\n|t:|1698459451\n|move|p2a: Dracovish|Ice Fang|p1a: Gliscor\n|-supereffective|p1a: Gliscor\n|-damage|p1a: Gliscor|7\/100\n|-enditem|p1a: Gliscor|Salac Berry|[eat]\n|-boost|p1a: Gliscor|spe|1|[from] item: Salac Berry\n|move|p1a: Gliscor|Swords Dance|p1a: Gliscor\n|-boost|p1a: Gliscor|atk|2\n|\n|upkeep\n|turn|13\n|\n|t:|1698459459\n|switch|p1a: Quaquaval|Quaquaval, F, shiny|100\/100\n|-activate|p1a: Quaquaval|move: Sticky Web\n|-unboost|p1a: Quaquaval|spe|1\n|move|p2a: Dracovish|Ice Fang|p1a: Quaquaval\n|-resisted|p1a: Quaquaval\n|-damage|p1a: Quaquaval|82\/100\n|\n|upkeep\n|turn|14\n|\n|t:|1698459471\n|-terastallize|p2a: Dracovish|Water\n|move|p2a: Dracovish|Fishious Rend|p1a: Quaquaval\n|-resisted|p1a: Quaquaval\n|-damage|p1a: Quaquaval|0 fnt\n|faint|p1a: Quaquaval\n|\n|upkeep\n|\n|t:|1698459478\n|switch|p1a: Garchomp|Garchomp, F, shiny|100\/100\n|-activate|p1a: Garchomp|move: Sticky Web\n|-unboost|p1a: Garchomp|spe|1\n|turn|15\n|\n|t:|1698459482\n|-terastallize|p1a: Garchomp|Poison\n|move|p2a: Dracovish|Ice Fang|p1a: Garchomp\n|-damage|p1a: Garchomp|76\/100\n|-damage|p2a: Dracovish|88\/100|[from] ability: Rough Skin|[of] p1a: Garchomp\n|-damage|p2a: Dracovish|72\/100|[from] item: Rocky Helmet|[of] p1a: Garchomp\n|move|p1a: Garchomp|Swords Dance|p1a: Garchomp\n|-boost|p1a: Garchomp|atk|2\n|\n|upkeep\n|turn|16\n|\n|t:|1698459497\n|move|p2a: Dracovish|Fishious Rend|p1a: Garchomp\n|-damage|p1a: Garchomp|0 fnt\n|-damage|p2a: Dracovish|59\/100|[from] ability: Rough Skin|[of] p1a: Garchomp\n|-damage|p2a: Dracovish|43\/100|[from] item: Rocky Helmet|[of] p1a: Garchomp\n|faint|p1a: Garchomp\n|\n|upkeep\n|\n|t:|1698459500\n|switch|p1a: Greninja|Greninja, F, shiny|51\/100\n|-activate|p1a: Greninja|move: Sticky Web\n|-unboost|p1a: Greninja|spe|1\n|turn|17\n|\n|t:|1698459508\n|move|p2a: Dracovish|Fishious Rend|p1a: Greninja\n|-resisted|p1a: Greninja\n|-damage|p1a: Greninja|0 fnt\n|faint|p1a: Greninja\n|\n|upkeep\n|\n|t:|1698459519\n|switch|p1a: Gliscor|Gliscor, F, shiny|7\/100\n|turn|18\n|\n|t:|1698459521\n|move|p2a: Dracovish|Fishious Rend|p1a: Gliscor\n|-supereffective|p1a: Gliscor\n|-damage|p1a: Gliscor|0 fnt\n|faint|p1a: Gliscor\n|\n|win|volca272\n|l|\u2606chozalo\n","uploadtime":1698459532,"views":7,"p1id":"chozalo","p2id":"volca272","formatid":"gen9nationaldexubers","rating":0,"private":0,"password":""}