{"id":"gen9nationaldexubers-1995332488","p1":"LuckyPlays10136","p2":"UrLordAndSavoir","format":"[Gen 9] National Dex Ubers","log":"|j|\u2606LuckyPlays10136\n|j|\u2606UrLordAndSavoir\n|t:|1700555175\n|gametype|singles\n|player|p1|LuckyPlays10136|hilbert|\n|player|p2|UrLordAndSavoir|1|\n|teamsize|p1|6\n|teamsize|p2|6\n|gen|9\n|tier|[Gen 9] National Dex Ubers\n|rule|HP Percentage Mod: HP is shown in percentages\n|rule|Endless Battle Clause: Forcing endless battles is banned\n|rule|OHKO Clause: OHKO moves are banned\n|rule|Evasion Moves Clause: Evasion moves are banned\n|rule|Evasion Items Clause: Evasion items are banned\n|rule|Species Clause: Limit one of each Pok\u00e9mon\n|rule|Sleep Clause Mod: Limit one foe put to sleep\n|rule|Mega Rayquaza Clause: You cannot mega evolve Rayquaza\n|clearpoke\n|poke|p1|Klefki, F|\n|poke|p1|Ninetales, M|\n|poke|p1|Chi-Yu|\n|poke|p1|Mimikyu, F|\n|poke|p1|Clodsire, M|\n|poke|p1|Rotom-Wash|\n|poke|p2|Pelipper, F|\n|poke|p2|Zapdos|\n|poke|p2|Manaphy|\n|poke|p2|Swampert, M|\n|poke|p2|Ferrothorn, M|\n|poke|p2|Greninja-*, M|\n|teampreview\n|inactive|Battle timer is ON: inactive players will automatically lose when time's up. (requested by LuckyPlays10136)\n|\n|t:|1700555179\n|start\n|switch|p1a: Ninetales|Ninetales, M|100\/100\n|switch|p2a: Pelipper|Pelipper, F|100\/100\n|-weather|SunnyDay|[from] ability: Drought|[of] p1a: Ninetales\n|-weather|RainDance|[from] ability: Drizzle|[of] p2a: Pelipper\n|turn|1\n|\n|t:|1700555188\n|switch|p1a: Rotom|Rotom-Wash|100\/100\n|move|p2a: Pelipper|U-turn|p1a: Rotom\n|-damage|p1a: Rotom|92\/100\n|\n|t:|1700555195\n|switch|p2a: Ferrothorn|Ferrothorn, M|100\/100|[from] U-turn\n|\n|-weather|RainDance|[upkeep]\n|-heal|p1a: Rotom|98\/100|[from] item: Leftovers\n|upkeep\n|turn|2\n|\n|t:|1700555204\n|move|p1a: Rotom|Volt Switch|p2a: Ferrothorn\n|-resisted|p2a: Ferrothorn\n|-damage|p2a: Ferrothorn|89\/100\n|\n|t:|1700555209\n|switch|p1a: Ninetales|Ninetales, M|100\/100|[from] Volt Switch\n|-weather|SunnyDay|[from] ability: Drought|[of] p1a: Ninetales\n|move|p2a: Ferrothorn|Stealth Rock|p1a: Ninetales\n|-sidestart|p1: LuckyPlays10136|move: Stealth Rock\n|\n|-weather|SunnyDay|[upkeep]\n|upkeep\n|turn|3\n|\n|t:|1700555221\n|switch|p1a: Klefki|Klefki, F|100\/100\n|-damage|p1a: Klefki|95\/100|[from] Stealth Rock\n|switch|p2a: Swampert|Swampert, M|100\/100\n|\n|-weather|SunnyDay|[upkeep]\n|upkeep\n|turn|4\n|\n|t:|1700555229\n|detailschange|p2a: Swampert|Swampert-Mega, M\n|-mega|p2a: Swampert|Swampert|Swampertite\n|move|p1a: Klefki|Fairy Lock|p1a: Klefki\n|-fieldactivate|move: Fairy Lock\n|move|p2a: Swampert|Bulk Up|p2a: Swampert\n|-boost|p2a: Swampert|atk|1\n|-boost|p2a: Swampert|def|1\n|\n|-weather|SunnyDay|[upkeep]\n|upkeep\n|turn|5\n|\n|t:|1700555238\n|move|p1a: Klefki|Reflect|p1a: Klefki\n|-sidestart|p1: LuckyPlays10136|Reflect\n|move|p2a: Swampert|Earthquake|p1a: Klefki\n|-supereffective|p1a: Klefki\n|-damage|p1a: Klefki|10\/100\n|-enditem|p1a: Klefki|Eject Button\n|\n|t:|1700555246\n|switch|p1a: Chi-Yu|Chi-Yu|100\/100\n|-damage|p1a: Chi-Yu|76\/100|[from] Stealth Rock\n|-ability|p1a: Chi-Yu|Beads of Ruin\n|\n|-weather|SunnyDay|[upkeep]\n|upkeep\n|turn|6\n|c|\u2606LuckyPlays10136|ok this is why i need practice\n|c|\u2606UrLordAndSavoir|lol\n|\n|t:|1700555266\n|-terastallize|p1a: Chi-Yu|Dark\n|move|p1a: Chi-Yu|Dark Pulse|p2a: Swampert\n|-damage|p2a: Swampert|24\/100\n|-damage|p1a: Chi-Yu|66\/100|[from] item: Life Orb\n|move|p2a: Swampert|Flip Turn|p1a: Chi-Yu\n|-crit|p1a: Chi-Yu\n|-damage|p1a: Chi-Yu|0 fnt\n|faint|p1a: Chi-Yu\n|c|\u2606LuckyPlays10136|bruh\n|\n|t:|1700555279\n|switch|p2a: Pelipper|Pelipper, F|100\/100|[from] Flip Turn\n|-weather|RainDance|[from] ability: Drizzle|[of] p2a: Pelipper\n|\n|-weather|RainDance|[upkeep]\n|upkeep\n|c|\u2606LuckyPlays10136|i wont be able to tera in the draft league\n|\n|t:|1700555288\n|switch|p1a: Rotom|Rotom-Wash|98\/100\n|-damage|p1a: Rotom|86\/100|[from] Stealth Rock\n|turn|7\n|c|\u2606UrLordAndSavoir|yeah\n|\n|t:|1700555296\n|move|p1a: Rotom|Defog|p2a: Pelipper\n|-unboost|p2a: Pelipper|evasion|1\n|-sideend|p1: LuckyPlays10136|Stealth Rock|[from] move: Defog|[of] p1a: Rotom\n|move|p2a: Pelipper|U-turn|p1a: Rotom\n|-damage|p1a: Rotom|82\/100\n|c|\u2606UrLordAndSavoir|ill use my draft team next ig\n|c|\u2606UrLordAndSavoir|built for seb tho\n|\n|t:|1700555312\n|switch|p2a: Ferrothorn|Ferrothorn, M|89\/100|[from] U-turn\n|\n|-weather|RainDance|[upkeep]\n|-heal|p1a: Rotom|88\/100|[from] item: Leftovers\n|upkeep\n|turn|8\n|c|\u2606LuckyPlays10136|btw do u understand this strat\n|c|\u2606LuckyPlays10136|yea ill use the one i built for hayden\n|\n|t:|1700555326\n|move|p1a: Rotom|Volt Switch|p2a: Ferrothorn\n|-resisted|p2a: Ferrothorn\n|-damage|p2a: Ferrothorn|80\/100\n|\n|t:|1700555331\n|switch|p1a: Ninetales|Ninetales, M|100\/100|[from] Volt Switch\n|-weather|SunnyDay|[from] ability: Drought|[of] p1a: Ninetales\n|move|p2a: Ferrothorn|Leech Seed|p1a: Ninetales\n|-start|p1a: Ninetales|move: Leech Seed\n|\n|-weather|SunnyDay|[upkeep]\n|-damage|p1a: Ninetales|88\/100|[from] Leech Seed|[of] p2a: Ferrothorn\n|-heal|p2a: Ferrothorn|92\/100|[silent]\n|upkeep\n|turn|9\n|\n|t:|1700555338\n|switch|p1a: Klefki|Klefki, F|10\/100\n|switch|p2a: Greninja|Greninja, M|100\/100\n|\n|-weather|SunnyDay|[upkeep]\n|-sideend|p1: LuckyPlays10136|Reflect\n|upkeep\n|turn|10\n|\n|t:|1700555346\n|move|p1a: Klefki|Fairy Lock|p1a: Klefki\n|-fieldactivate|move: Fairy Lock\n|move|p2a: Greninja|Dark Pulse|p1a: Klefki\n|-resisted|p1a: Klefki\n|-damage|p1a: Klefki|0 fnt\n|faint|p1a: Klefki\n|-ability|p2a: Greninja|Battle Bond|boost\n|-boost|p2a: Greninja|atk|1\n|-boost|p2a: Greninja|spa|1\n|-boost|p2a: Greninja|spe|1\n|-activate|p2a: Greninja|ability: Battle Bond\n|\n|-weather|SunnyDay|[upkeep]\n|upkeep\n|\n|t:|1700555350\n|switch|p1a: Mimikyu|Mimikyu, F|100\/100\n|turn|11\n|\n|t:|1700555353\n|move|p2a: Greninja|Dark Pulse|p1a: Mimikyu\n|-activate|p1a: Mimikyu|ability: Disguise\n|-damage|p1a: Mimikyu|100\/100\n|detailschange|p1a: Mimikyu|Mimikyu-Busted, F\n|-damage|p1a: Mimikyu|88\/100|[from] pokemon: Mimikyu-Busted\n|move|p1a: Mimikyu|Swords Dance|p1a: Mimikyu\n|-boost|p1a: Mimikyu|atk|2\n|\n|-weather|SunnyDay|[upkeep]\n|upkeep\n|turn|12\n|\n|t:|1700555359\n|move|p2a: Greninja|Dark Pulse|p1a: Mimikyu\n|-damage|p1a: Mimikyu|0 fnt\n|faint|p1a: Mimikyu\n|\n|-weather|none\n|upkeep\n|c|\u2606LuckyPlays10136|FUCK\n|c|\u2606UrLordAndSavoir|BATTLE BOND\n|c|\u2606UrLordAndSavoir|IS STILL USABLE\n|c|\u2606LuckyPlays10136|WHY NO PROTEAN\n|\n|t:|1700555381\n|switch|p1a: Clodsire|Clodsire, M|100\/100\n|turn|13\n|\n|t:|1700555388\n|move|p2a: Greninja|Dark Pulse|p1a: Clodsire\n|-damage|p1a: Clodsire|55\/100\n|move|p1a: Clodsire|Toxic|p2a: Greninja\n|-status|p2a: Greninja|tox\n|\n|-heal|p1a: Clodsire|61\/100|[from] item: Black Sludge\n|-damage|p2a: Greninja|95\/100 tox|[from] psn\n|upkeep\n|turn|14\n|\n|t:|1700555396\n|switch|p2a: Swampert|Swampert-Mega, M|24\/100\n|move|p1a: Clodsire|Recover|p1a: Clodsire\n|-heal|p1a: Clodsire|100\/100\n|\n|upkeep\n|turn|15\n|\n|t:|1700555401\n|move|p2a: Swampert|Earthquake|p1a: Clodsire\n|-supereffective|p1a: Clodsire\n|-crit|p1a: Clodsire\n|-damage|p1a: Clodsire|0 fnt\n|faint|p1a: Clodsire\n|\n|upkeep\n|c|\u2606LuckyPlays10136|CRIT????\n|\n|t:|1700555409\n|switch|p1a: Rotom|Rotom-Wash|88\/100\n|turn|16\n|\n|t:|1700555412\n|move|p1a: Rotom|Protect|p1a: Rotom\n|-singleturn|p1a: Rotom|Protect\n|move|p2a: Swampert|Liquidation|p1a: Rotom\n|-activate|p1a: Rotom|move: Protect\n|\n|-heal|p1a: Rotom|93\/100|[from] item: Leftovers\n|upkeep\n|turn|17\n|\n|t:|1700555420\n|move|p1a: Rotom|Defog|p2a: Swampert\n|-unboost|p2a: Swampert|evasion|1\n|move|p2a: Swampert|Flip Turn|p1a: Rotom\n|-resisted|p1a: Rotom\n|-damage|p1a: Rotom|75\/100\n|\n|t:|1700555426\n|switch|p2a: Manaphy|Manaphy|100\/100|[from] Flip Turn\n|\n|-heal|p1a: Rotom|81\/100|[from] item: Leftovers\n|upkeep\n|turn|18\n|\n|t:|1700555431\n|move|p1a: Rotom|Thunderbolt|p2a: Manaphy\n|-supereffective|p2a: Manaphy\n|-damage|p2a: Manaphy|48\/100\n|move|p2a: Manaphy|Tail Glow|p2a: Manaphy\n|-boost|p2a: Manaphy|spa|3\n|\n|-heal|p1a: Rotom|86\/100|[from] item: Leftovers\n|-heal|p2a: Manaphy|54\/100|[from] item: Leftovers\n|upkeep\n|turn|19\n|\n|t:|1700555436\n|move|p1a: Rotom|Thunderbolt|p2a: Manaphy\n|-supereffective|p2a: Manaphy\n|-damage|p2a: Manaphy|0 fnt\n|faint|p2a: Manaphy\n|\n|-heal|p1a: Rotom|92\/100|[from] item: Leftovers\n|upkeep\n|\n|t:|1700555445\n|switch|p2a: Ferrothorn|Ferrothorn, M|92\/100\n|turn|20\n|\n|t:|1700555451\n|switch|p2a: Pelipper|Pelipper, F|100\/100\n|-weather|RainDance|[from] ability: Drizzle|[of] p2a: Pelipper\n|move|p1a: Rotom|Volt Switch|p2a: Pelipper\n|-supereffective|p2a: Pelipper\n|-crit|p2a: Pelipper\n|-damage|p2a: Pelipper|0 fnt\n|faint|p2a: Pelipper\n|c|\u2606LuckyPlays10136|AHA\n|\n|t:|1700555461\n|switch|p1a: Ninetales|Ninetales, M|88\/100|[from] Volt Switch\n|-weather|SunnyDay|[from] ability: Drought|[of] p1a: Ninetales\n|\n|-weather|SunnyDay|[upkeep]\n|-heal|p1a: Ninetales|94\/100|[from] item: Leftovers\n|upkeep\n|\n|t:|1700555466\n|switch|p2a: Greninja|Greninja, M|95\/100 tox\n|turn|21\n|\n|t:|1700555471\n|-terastallize|p2a: Greninja|Water\n|move|p1a: Ninetales|Protect|p1a: Ninetales\n|-singleturn|p1a: Ninetales|Protect\n|move|p2a: Greninja|Surf|p1a: Ninetales\n|-activate|p1a: Ninetales|move: Protect\n|\n|-weather|SunnyDay|[upkeep]\n|-heal|p1a: Ninetales|99\/100|[from] item: Leftovers\n|-damage|p2a: Greninja|89\/100 tox|[from] psn\n|upkeep\n|turn|22\n|\n|t:|1700555480\n|switch|p1a: Rotom|Rotom-Wash|92\/100\n|move|p2a: Greninja|Surf|p1a: Rotom\n|-resisted|p1a: Rotom\n|-damage|p1a: Rotom|69\/100\n|\n|-weather|SunnyDay|[upkeep]\n|-heal|p1a: Rotom|75\/100|[from] item: Leftovers\n|-damage|p2a: Greninja|77\/100 tox|[from] psn\n|upkeep\n|turn|23\n|\n|t:|1700555494\n|switch|p2a: Swampert|Swampert-Mega, M|24\/100\n|move|p1a: Rotom|Volt Switch|p2a: Swampert\n|-immune|p2a: Swampert\n|\n|-weather|SunnyDay|[upkeep]\n|-heal|p1a: Rotom|81\/100|[from] item: Leftovers\n|upkeep\n|turn|24\n|\n|t:|1700555501\n|move|p1a: Rotom|Protect|p1a: Rotom\n|-singleturn|p1a: Rotom|Protect\n|move|p2a: Swampert|Liquidation|p1a: Rotom\n|-activate|p1a: Rotom|move: Protect\n|\n|-weather|none\n|-heal|p1a: Rotom|87\/100|[from] item: Leftovers\n|upkeep\n|turn|25\n|\n|t:|1700555512\n|switch|p1a: Ninetales|Ninetales, M|99\/100\n|-weather|SunnyDay|[from] ability: Drought|[of] p1a: Ninetales\n|move|p2a: Swampert|Flip Turn|p1a: Ninetales\n|-supereffective|p1a: Ninetales\n|-damage|p1a: Ninetales|55\/100\n|\n|t:|1700555521\n|switch|p2a: Greninja|Greninja, M, tera:Water|77\/100 tox|[from] Flip Turn\n|\n|-weather|SunnyDay|[upkeep]\n|-heal|p1a: Ninetales|61\/100|[from] item: Leftovers\n|-damage|p2a: Greninja|71\/100 tox|[from] psn\n|upkeep\n|turn|26\n|\n|t:|1700555528\n|move|p1a: Ninetales|Protect|p1a: Ninetales\n|-singleturn|p1a: Ninetales|Protect\n|move|p2a: Greninja|Grass Knot|p1a: Ninetales\n|-activate|p1a: Ninetales|move: Protect\n|\n|-weather|SunnyDay|[upkeep]\n|-heal|p1a: Ninetales|67\/100|[from] item: Leftovers\n|-damage|p2a: Greninja|59\/100 tox|[from] psn\n|upkeep\n|turn|27\n|c|\u2606UrLordAndSavoir|fuc why u run protect\n|c|\u2606UrLordAndSavoir|in singles\n|\n|t:|1700555541\n|switch|p2a: Zapdos|Zapdos|100\/100\n|switch|p1a: Rotom|Rotom-Wash|87\/100\n|\n|-weather|SunnyDay|[upkeep]\n|-heal|p1a: Rotom|93\/100|[from] item: Leftovers\n|upkeep\n|turn|28\n|\n|t:|1700555545\n|move|p2a: Zapdos|Volt Switch|p1a: Rotom\n|-damage|p1a: Rotom|57\/100\n|\n|t:|1700555548\n|switch|p2a: Ferrothorn|Ferrothorn, M|92\/100|[from] Volt Switch\n|move|p1a: Rotom|Thunderbolt|p2a: Ferrothorn\n|-resisted|p2a: Ferrothorn\n|-damage|p2a: Ferrothorn|80\/100\n|\n|-weather|SunnyDay|[upkeep]\n|-heal|p1a: Rotom|63\/100|[from] item: Leftovers\n|upkeep\n|turn|29\n|\n|t:|1700555555\n|move|p1a: Rotom|Protect|p1a: Rotom\n|-singleturn|p1a: Rotom|Protect\n|move|p2a: Ferrothorn|Thunder Wave|p1a: Rotom\n|-activate|p1a: Rotom|move: Protect\n|\n|-weather|none\n|-heal|p1a: Rotom|69\/100|[from] item: Leftovers\n|upkeep\n|turn|30\n|\n|t:|1700555563\n|move|p1a: Rotom|Volt Switch|p2a: Ferrothorn\n|-resisted|p2a: Ferrothorn\n|-damage|p2a: Ferrothorn|70\/100\n|\n|t:|1700555565\n|switch|p1a: Ninetales|Ninetales, M|67\/100|[from] Volt Switch\n|-weather|SunnyDay|[from] ability: Drought|[of] p1a: Ninetales\n|move|p2a: Ferrothorn|Power Whip|p1a: Ninetales|[miss]\n|-miss|p2a: Ferrothorn|p1a: Ninetales\n|\n|-weather|SunnyDay|[upkeep]\n|-heal|p1a: Ninetales|73\/100|[from] item: Leftovers\n|upkeep\n|turn|31\n|\n|t:|1700555574\n|switch|p2a: Swampert|Swampert-Mega, M|24\/100\n|move|p1a: Ninetales|Flamethrower|p2a: Swampert\n|-resisted|p2a: Swampert\n|-damage|p2a: Swampert|6\/100\n|-status|p2a: Swampert|brn\n|\n|-weather|SunnyDay|[upkeep]\n|-heal|p1a: Ninetales|79\/100|[from] item: Leftovers\n|-damage|p2a: Swampert|0 fnt|[from] brn\n|faint|p2a: Swampert\n|upkeep\n|\n|t:|1700555577\n|switch|p2a: Greninja|Greninja, M, tera:Water|59\/100 tox\n|turn|32\n|\n|t:|1700555586\n|move|p1a: Ninetales|Protect|p1a: Ninetales\n|-singleturn|p1a: Ninetales|Protect\n|move|p2a: Greninja|Surf|p1a: Ninetales\n|-activate|p1a: Ninetales|move: Protect\n|\n|-weather|SunnyDay|[upkeep]\n|-heal|p1a: Ninetales|85\/100|[from] item: Leftovers\n|-damage|p2a: Greninja|53\/100 tox|[from] psn\n|upkeep\n|turn|33\n|\n|t:|1700555591\n|switch|p2a: Ferrothorn|Ferrothorn, M|70\/100\n|switch|p1a: Rotom|Rotom-Wash|69\/100\n|\n|-weather|SunnyDay|[upkeep]\n|-heal|p1a: Rotom|75\/100|[from] item: Leftovers\n|upkeep\n|turn|34\n|\n|t:|1700555596\n|move|p1a: Rotom|Protect|p1a: Rotom\n|-singleturn|p1a: Rotom|Protect\n|move|p2a: Ferrothorn|Stealth Rock|p1a: Rotom\n|-sidestart|p1: LuckyPlays10136|move: Stealth Rock\n|\n|-weather|none\n|-heal|p1a: Rotom|81\/100|[from] item: Leftovers\n|upkeep\n|turn|35\n|\n|t:|1700555602\n|move|p1a: Rotom|Defog|p2a: Ferrothorn\n|-unboost|p2a: Ferrothorn|evasion|1\n|-sideend|p1: LuckyPlays10136|Stealth Rock|[from] move: Defog|[of] p1a: Rotom\n|move|p2a: Ferrothorn|Leech Seed|p1a: Rotom\n|-start|p1a: Rotom|move: Leech Seed\n|\n|-heal|p1a: Rotom|87\/100|[from] item: Leftovers\n|-damage|p1a: Rotom|75\/100|[from] Leech Seed|[of] p2a: Ferrothorn\n|-heal|p2a: Ferrothorn|80\/100|[silent]\n|upkeep\n|turn|36\n|\n|t:|1700555608\n|switch|p1a: Ninetales|Ninetales, M|85\/100\n|-weather|SunnyDay|[from] ability: Drought|[of] p1a: Ninetales\n|move|p2a: Ferrothorn|Stealth Rock|p1a: Ninetales\n|-sidestart|p1: LuckyPlays10136|move: Stealth Rock\n|\n|-weather|SunnyDay|[upkeep]\n|-heal|p1a: Ninetales|91\/100|[from] item: Leftovers\n|upkeep\n|turn|37\n|\n|t:|1700555613\n|switch|p2a: Zapdos|Zapdos|100\/100\n|move|p1a: Ninetales|Will-O-Wisp|p2a: Zapdos|[miss]\n|-miss|p1a: Ninetales|p2a: Zapdos\n|\n|-weather|SunnyDay|[upkeep]\n|-heal|p1a: Ninetales|97\/100|[from] item: Leftovers\n|upkeep\n|turn|38\n|\n|t:|1700555625\n|move|p2a: Zapdos|Volt Switch|p1a: Ninetales\n|-damage|p1a: Ninetales|74\/100\n|\n|t:|1700555631\n|switch|p2a: Ferrothorn|Ferrothorn, M|80\/100|[from] Volt Switch\n|move|p1a: Ninetales|Flamethrower|p2a: Ferrothorn\n|-supereffective|p2a: Ferrothorn\n|-damage|p2a: Ferrothorn|0 fnt\n|faint|p2a: Ferrothorn\n|\n|-weather|SunnyDay|[upkeep]\n|-heal|p1a: Ninetales|80\/100|[from] item: Leftovers\n|upkeep\n|\n|t:|1700555634\n|switch|p2a: Greninja|Greninja, M, tera:Water|53\/100 tox\n|turn|39\n|\n|t:|1700555639\n|move|p1a: Ninetales|Protect|p1a: Ninetales\n|-singleturn|p1a: Ninetales|Protect\n|move|p2a: Greninja|Dark Pulse|p1a: Ninetales\n|-activate|p1a: Ninetales|move: Protect\n|\n|-weather|SunnyDay|[upkeep]\n|-heal|p1a: Ninetales|86\/100|[from] item: Leftovers\n|-damage|p2a: Greninja|47\/100 tox|[from] psn\n|upkeep\n|turn|40\n|c|\u2606LuckyPlays10136|aint no fucking wya\n|c|\u2606LuckyPlays10136|way\n|\n|t:|1700555652\n|move|p2a: Greninja|Dark Pulse|p1a: Ninetales\n|-damage|p1a: Ninetales|51\/100\n|move|p1a: Ninetales|Flamethrower|p2a: Greninja\n|-resisted|p2a: Greninja\n|-damage|p2a: Greninja|15\/100 tox\n|\n|-weather|none\n|-heal|p1a: Ninetales|57\/100|[from] item: Leftovers\n|-damage|p2a: Greninja|3\/100 tox|[from] psn\n|upkeep\n|turn|41\n|\n|t:|1700555658\n|move|p1a: Ninetales|Protect|p1a: Ninetales\n|-singleturn|p1a: Ninetales|Protect\n|move|p2a: Greninja|Dark Pulse|p1a: Ninetales\n|-activate|p1a: Ninetales|move: Protect\n|\n|-heal|p1a: Ninetales|63\/100|[from] item: Leftovers\n|-damage|p2a: Greninja|0 fnt|[from] psn\n|faint|p2a: Greninja\n|upkeep\n|c|\u2606UrLordAndSavoir|FUCK YOU\n|c|\u2606LuckyPlays10136|NO SHOT\n|\n|t:|1700555664\n|switch|p2a: Zapdos|Zapdos|100\/100\n|turn|42\n|c|\u2606LuckyPlays10136|LMAOOOOO\n|\n|t:|1700555671\n|move|p1a: Ninetales|Protect|p1a: Ninetales\n|-singleturn|p1a: Ninetales|Protect\n|move|p2a: Zapdos|Volt Switch|p1a: Ninetales\n|-activate|p1a: Ninetales|move: Protect\n|\n|-heal|p1a: Ninetales|69\/100|[from] item: Leftovers\n|upkeep\n|turn|43\n|\n|t:|1700555681\n|move|p2a: Zapdos|Volt Switch|p1a: Ninetales\n|-damage|p1a: Ninetales|47\/100\n|move|p1a: Ninetales|Will-O-Wisp|p2a: Zapdos\n|-status|p2a: Zapdos|brn\n|\n|-heal|p1a: Ninetales|53\/100|[from] item: Leftovers\n|-damage|p2a: Zapdos|94\/100 brn|[from] brn\n|upkeep\n|turn|44\n|c|\u2606UrLordAndSavoir|actually\n|\n|t:|1700555689\n|move|p1a: Ninetales|Protect|p1a: Ninetales\n|-singleturn|p1a: Ninetales|Protect\n|move|p2a: Zapdos|Hurricane|p1a: Ninetales\n|-activate|p1a: Ninetales|move: Protect\n|\n|-heal|p1a: Ninetales|59\/100|[from] item: Leftovers\n|-damage|p2a: Zapdos|88\/100 brn|[from] brn\n|upkeep\n|turn|45\n|\n|t:|1700555693\n|switch|p1a: Rotom|Rotom-Wash|75\/100\n|-damage|p1a: Rotom|62\/100|[from] Stealth Rock\n|move|p2a: Zapdos|Hurricane|p1a: Rotom\n|-resisted|p1a: Rotom\n|-damage|p1a: Rotom|35\/100\n|\n|-heal|p1a: Rotom|41\/100|[from] item: Leftovers\n|-damage|p2a: Zapdos|82\/100 brn|[from] brn\n|upkeep\n|turn|46\n|c|\u2606UrLordAndSavoir|how u kill me\n|\n|t:|1700555703\n|move|p1a: Rotom|Protect|p1a: Rotom\n|-singleturn|p1a: Rotom|Protect\n|move|p2a: Zapdos|Volt Switch|p1a: Rotom\n|-activate|p1a: Rotom|move: Protect\n|\n|-heal|p1a: Rotom|47\/100|[from] item: Leftovers\n|-damage|p2a: Zapdos|75\/100 brn|[from] brn\n|upkeep\n|turn|47\n|\n|t:|1700555723\n|move|p2a: Zapdos|Volt Switch|p1a: Rotom\n|-damage|p1a: Rotom|10\/100\n|move|p1a: Rotom|Volt Switch|p2a: Zapdos\n|-damage|p2a: Zapdos|53\/100 brn\n|\n|t:|1700555726\n|switch|p1a: Ninetales|Ninetales, M|59\/100|[from] Volt Switch\n|-damage|p1a: Ninetales|34\/100|[from] Stealth Rock\n|-weather|SunnyDay|[from] ability: Drought|[of] p1a: Ninetales\n|\n|-weather|SunnyDay|[upkeep]\n|-heal|p1a: Ninetales|40\/100|[from] item: Leftovers\n|-damage|p2a: Zapdos|46\/100 brn|[from] brn\n|upkeep\n|turn|48\n|\n|t:|1700555744\n|move|p1a: Ninetales|Protect|p1a: Ninetales\n|-singleturn|p1a: Ninetales|Protect\n|move|p2a: Zapdos|Roost|p2a: Zapdos\n|-heal|p2a: Zapdos|96\/100 brn\n|-singleturn|p2a: Zapdos|move: Roost\n|\n|-weather|SunnyDay|[upkeep]\n|-heal|p1a: Ninetales|46\/100|[from] item: Leftovers\n|-damage|p2a: Zapdos|90\/100 brn|[from] brn\n|upkeep\n|turn|49\n|c|\u2606LuckyPlays10136|ah shit\n|\n|t:|1700555753\n|move|p2a: Zapdos|Volt Switch|p1a: Ninetales\n|-damage|p1a: Ninetales|22\/100\n|move|p1a: Ninetales|Flamethrower|p2a: Zapdos\n|-damage|p2a: Zapdos|49\/100 brn\n|\n|-weather|SunnyDay|[upkeep]\n|-heal|p1a: Ninetales|28\/100|[from] item: Leftovers\n|-damage|p2a: Zapdos|42\/100 brn|[from] brn\n|upkeep\n|turn|50\n|\n|t:|1700555764\n|move|p2a: Zapdos|Roost|p2a: Zapdos\n|-heal|p2a: Zapdos|92\/100 brn\n|-singleturn|p2a: Zapdos|move: Roost\n|move|p1a: Ninetales|Flamethrower|p2a: Zapdos\n|-damage|p2a: Zapdos|56\/100 brn\n|\n|-weather|SunnyDay|[upkeep]\n|-heal|p1a: Ninetales|34\/100|[from] item: Leftovers\n|-damage|p2a: Zapdos|49\/100 brn|[from] brn\n|upkeep\n|turn|51\n|\n|t:|1700555770\n|move|p2a: Zapdos|Hurricane|p1a: Ninetales\n|-damage|p1a: Ninetales|0 fnt\n|faint|p1a: Ninetales\n|\n|-weather|none\n|-damage|p2a: Zapdos|43\/100 brn|[from] brn\n|upkeep\n|c|\u2606LuckyPlays10136|dang\n|\n|t:|1700555776\n|switch|p1a: Rotom|Rotom-Wash|10\/100\n|-damage|p1a: Rotom|0 fnt|[from] Stealth Rock\n|faint|p1a: Rotom\n|\n|win|UrLordAndSavoir\n|c|\u2606LuckyPlays10136|ggs\n|c|\u2606LuckyPlays10136|that was way closer than it should have been\n|c|\u2606UrLordAndSavoir|how did i beat u with zapdos of all things\n|c|\u2606UrLordAndSavoir|with a rain vs sun team\n|c|\u2606LuckyPlays10136|idk\n|c|\u2606LuckyPlays10136|but still\n|c|\u2606LuckyPlays10136|the fact u almost lost\n|c|\u2606UrLordAndSavoir|yeah\n|c|\u2606LuckyPlays10136|if clod didnt get crit i actually might have won\n|l|\u2606LuckyPlays10136\n|j|\u2606LuckyPlays10136\n|player|p1|LuckyPlays10136|hilbert\n","uploadtime":1700555854,"views":6,"p1id":"luckyplays10136","p2id":"urlordandsavoir","formatid":"gen9nationaldexubers","rating":0,"private":0,"password":""}