{"id":"gen9nationaldexubers-1979150003","p1":"Guj Genera","p2":"ninjamage13","format":"[Gen 9] National Dex Ubers","log":"|j|\u2606Guj Genera\n|j|\u2606ninjamage13\n|t:|1698639391\n|gametype|singles\n|player|p1|Guj Genera|red|\n|player|p2|ninjamage13|pokemonranger-gen6xy|\n|teamsize|p1|6\n|teamsize|p2|6\n|gen|9\n|tier|[Gen 9] National Dex Ubers\n|rule|HP Percentage Mod: HP is shown in percentages\n|rule|Endless Battle Clause: Forcing endless battles is banned\n|rule|OHKO Clause: OHKO moves are banned\n|rule|Evasion Moves Clause: Evasion moves are banned\n|rule|Evasion Items Clause: Evasion items are banned\n|rule|Species Clause: Limit one of each Pok\u00e9mon\n|rule|Sleep Clause Mod: Limit one foe put to sleep\n|rule|Mega Rayquaza Clause: You cannot mega evolve Rayquaza\n|clearpoke\n|poke|p1|Zeraora|\n|poke|p1|Inteleon, F|\n|poke|p1|Kartana|\n|poke|p1|Cinderace, M|\n|poke|p1|Kommo-o, M|\n|poke|p1|Cryogonal|\n|poke|p2|Venusaur, F|\n|poke|p2|Meowscarada, M|\n|poke|p2|Breloom, M|\n|poke|p2|Ferrothorn, F|\n|poke|p2|Whimsicott, F|\n|poke|p2|Torterra, M|\n|teampreview\n|inactive|Battle timer is ON: inactive players will automatically lose when time's up. (requested by Guj Genera)\n|j| vespyyy\n|inactive|ninjamage13 has 270 seconds left.\n|j| Serise\n|c|\u2606Guj Genera|Glhf\n|c|\u2606ninjamage13|u2\n|inactive|ninjamage13 has 240 seconds left.\n|c| Serise|my prediction\n|c| Serise|it ends on turn 34\n|\n|t:|1698639465\n|start\n|switch|p1a: Cinderace|Cinderace, M, shiny|100\/100\n|switch|p2a: SPINE CURVES|Ferrothorn, F|100\/100\n|turn|1\n|c|\u2606Guj Genera|Serise please let the battle just play out\n|\n|t:|1698639485\n|move|p2a: SPINE CURVES|Protect|p2a: SPINE CURVES\n|-singleturn|p2a: SPINE CURVES|Protect\n|move|p1a: Cinderace|Pyro Ball|p2a: SPINE CURVES\n|-activate|p2a: SPINE CURVES|move: Protect\n|\n|upkeep\n|turn|2\n|j| Pex hater\n|inactive|ninjamage13 has 270 seconds left.\n|j| NDMSB1 Excali\n|j| Qontent\n|\n|t:|1698639536\n|switch|p2a: ATLAS UNDERGROUND|Torterra, M|100\/100\n|move|p1a: Cinderace|Pyro Ball|p2a: ATLAS UNDERGROUND\n|-supereffective|p2a: ATLAS UNDERGROUND\n|-damage|p2a: ATLAS UNDERGROUND|0 fnt\n|faint|p2a: ATLAS UNDERGROUND\n|\n|upkeep\n|\n|t:|1698639544\n|switch|p2a: EVERLONG|Breloom, M|100\/100\n|turn|3\n|j| Disco 2003\n|\n|t:|1698639558\n|switch|p1a: Kartana|Kartana, shiny|100\/100\n|move|p2a: EVERLONG|Spore|p1a: Kartana\n|-immune|p1a: Kartana\n|\n|upkeep\n|turn|4\n|\n|t:|1698639564\n|switch|p2a: OK I'M SICK|Venusaur, F|100\/100\n|move|p1a: Kartana|Psycho Cut|p2a: OK I'M SICK\n|-supereffective|p2a: OK I'M SICK\n|-damage|p2a: OK I'M SICK|48\/100\n|\n|upkeep\n|turn|5\n|\n|t:|1698639569\n|detailschange|p2a: OK I'M SICK|Venusaur-Mega, F\n|-mega|p2a: OK I'M SICK|Venusaur|Venusaurite\n|move|p1a: Kartana|Psycho Cut|p2a: OK I'M SICK\n|-supereffective|p2a: OK I'M SICK\n|-damage|p2a: OK I'M SICK|14\/100\n|move|p2a: OK I'M SICK|Synthesis|p2a: OK I'M SICK\n|-heal|p2a: OK I'M SICK|64\/100\n|\n|upkeep\n|turn|6\n|inactive|ninjamage13 has 270 seconds left.\n|\n|t:|1698639578\n|move|p1a: Kartana|Psycho Cut|p2a: OK I'M SICK\n|-supereffective|p2a: OK I'M SICK\n|-damage|p2a: OK I'M SICK|23\/100\n|move|p2a: OK I'M SICK|Synthesis|p2a: OK I'M SICK\n|-heal|p2a: OK I'M SICK|73\/100\n|\n|upkeep\n|turn|7\n|c| Pex hater|i was hoping for a crit there ngl\n|\n|t:|1698639580\n|switch|p2a: USE YOUR ILLUSION|Meowscarada, M|100\/100\n|move|p1a: Kartana|Psycho Cut|p2a: USE YOUR ILLUSION\n|-immune|p2a: USE YOUR ILLUSION\n|\n|upkeep\n|turn|8\n|\n|t:|1698639586\n|switch|p1a: Zeraora|Zeraora, shiny|100\/100\n|move|p2a: USE YOUR ILLUSION|U-turn|p1a: Zeraora\n|-start|p2a: USE YOUR ILLUSION|typechange|Bug|[from] ability: Protean\n|-damage|p1a: Zeraora|53\/100\n|\n|t:|1698639595\n|switch|p2a: OK I'M SICK|Venusaur-Mega, F|73\/100|[from] U-turn\n|\n|upkeep\n|turn|9\n|\n|t:|1698639600\n|move|p1a: Zeraora|Plasma Fists|p2a: OK I'M SICK\n|-resisted|p2a: OK I'M SICK\n|-damage|p2a: OK I'M SICK|60\/100\n|-fieldactivate|move: Ion Deluge\n|-hint|Normal-type moves become Electric-type after using Plasma Fists.\n|move|p2a: OK I'M SICK|Synthesis|p2a: OK I'M SICK\n|-heal|p2a: OK I'M SICK|100\/100\n|\n|upkeep\n|turn|10\n|\n|t:|1698639605\n|move|p1a: Zeraora|Close Combat|p2a: OK I'M SICK\n|-resisted|p2a: OK I'M SICK\n|-damage|p2a: OK I'M SICK|89\/100\n|-unboost|p1a: Zeraora|def|1\n|-unboost|p1a: Zeraora|spd|1\n|move|p2a: OK I'M SICK|Sludge Bomb|p1a: Zeraora\n|-damage|p1a: Zeraora|0 fnt\n|faint|p1a: Zeraora\n|\n|upkeep\n|\n|t:|1698639608\n|switch|p1a: Cryogonal|Cryogonal, shiny|100\/100\n|turn|11\n|\n|t:|1698639618\n|switch|p2a: SPINE CURVES|Ferrothorn, F|100\/100\n|move|p1a: Cryogonal|Freeze-Dry|p2a: SPINE CURVES\n|-damage|p2a: SPINE CURVES|85\/100\n|-status|p2a: SPINE CURVES|frz\n|\n|-heal|p2a: SPINE CURVES|91\/100 frz|[from] item: Leftovers\n|upkeep\n|turn|12\n|\n|t:|1698639630\n|switch|p1a: Cinderace|Cinderace, M, shiny|100\/100\n|-curestatus|p2a: SPINE CURVES|frz|[msg]\n|move|p2a: SPINE CURVES|Gyro Ball|p1a: Cinderace\n|-resisted|p1a: Cinderace\n|-damage|p1a: Cinderace|65\/100\n|\n|-heal|p2a: SPINE CURVES|97\/100|[from] item: Leftovers\n|upkeep\n|turn|13\n|inactive|ninjamage13 has 270 seconds left.\n|l| Disco 2003\n|\n|t:|1698639685\n|move|p2a: SPINE CURVES|Protect|p2a: SPINE CURVES\n|-singleturn|p2a: SPINE CURVES|Protect\n|move|p1a: Cinderace|Pyro Ball|p2a: SPINE CURVES\n|-activate|p2a: SPINE CURVES|move: Protect\n|\n|-heal|p2a: SPINE CURVES|100\/100|[from] item: Leftovers\n|upkeep\n|turn|14\n|j| Disco 2003\n|inactive|ninjamage13 has 240 seconds left.\n|inactive|ninjamage13 has 210 seconds left.\n|inactive|ninjamage13 has 180 seconds left.\n|\n|t:|1698639761\n|switch|p2a: EVERLONG|Breloom, M|100\/100\n|move|p1a: Cinderace|Pyro Ball|p2a: EVERLONG\n|-supereffective|p2a: EVERLONG\n|-enditem|p2a: EVERLONG|Focus Sash\n|-damage|p2a: EVERLONG|1\/100\n|\n|upkeep\n|turn|15\n|\n|t:|1698639773\n|switch|p1a: Kartana|Kartana, shiny|100\/100\n|move|p2a: EVERLONG|Mach Punch|p1a: Kartana\n|-supereffective|p1a: Kartana\n|-damage|p1a: Kartana|35\/100\n|\n|upkeep\n|turn|16\n|j| High Midgardsormr\n|\n|t:|1698639779\n|move|p2a: EVERLONG|Mach Punch|p1a: Kartana\n|-supereffective|p1a: Kartana\n|-damage|p1a: Kartana|0 fnt\n|faint|p1a: Kartana\n|\n|upkeep\n|\n|t:|1698639782\n|switch|p1a: Inteleon|Inteleon, F, shiny|100\/100\n|turn|17\n|\n|t:|1698639787\n|switch|p2a: SPINE CURVES|Ferrothorn, F|100\/100\n|move|p1a: Inteleon|Flip Turn|p2a: SPINE CURVES\n|-resisted|p2a: SPINE CURVES\n|-damage|p2a: SPINE CURVES|95\/100\n|-damage|p1a: Inteleon|88\/100|[from] ability: Iron Barbs|[of] p2a: SPINE CURVES\n|\n|t:|1698639793\n|switch|p1a: Kommo-o|Kommo-o, M, shiny|100\/100|[from] Flip Turn\n|\n|-heal|p2a: SPINE CURVES|100\/100|[from] item: Leftovers\n|upkeep\n|turn|18\n|\n|t:|1698639806\n|-zpower|p1a: Kommo-o\n|move|p1a: Kommo-o|Clangorous Soulblaze|p2a: SPINE CURVES|[zeffect]\n|-resisted|p2a: SPINE CURVES\n|-damage|p2a: SPINE CURVES|80\/100\n|-boost|p1a: Kommo-o|atk|1\n|-boost|p1a: Kommo-o|def|1\n|-boost|p1a: Kommo-o|spa|1\n|-boost|p1a: Kommo-o|spd|1\n|-boost|p1a: Kommo-o|spe|1\n|move|p2a: SPINE CURVES|Spikes|p1a: Kommo-o\n|-sidestart|p1: Guj Genera|Spikes\n|\n|-heal|p2a: SPINE CURVES|86\/100|[from] item: Leftovers\n|upkeep\n|turn|19\n|\n|t:|1698639821\n|switch|p2a: POLYESTER ZEAL|Whimsicott, F|100\/100\n|move|p1a: Kommo-o|Earthquake|p2a: POLYESTER ZEAL\n|-resisted|p2a: POLYESTER ZEAL\n|-damage|p2a: POLYESTER ZEAL|63\/100\n|\n|-heal|p2a: POLYESTER ZEAL|69\/100|[from] item: Leftovers\n|upkeep\n|turn|20\n|\n|t:|1698639828\n|move|p1a: Kommo-o|Earthquake|p2a: POLYESTER ZEAL\n|-resisted|p2a: POLYESTER ZEAL\n|-crit|p2a: POLYESTER ZEAL\n|-damage|p2a: POLYESTER ZEAL|12\/100\n|move|p2a: POLYESTER ZEAL|Moonblast|p1a: Kommo-o\n|-supereffective|p1a: Kommo-o\n|-damage|p1a: Kommo-o|0 fnt\n|faint|p1a: Kommo-o\n|\n|-heal|p2a: POLYESTER ZEAL|18\/100|[from] item: Leftovers\n|upkeep\n|\n|t:|1698639832\n|switch|p1a: Inteleon|Inteleon, F, shiny|88\/100\n|-damage|p1a: Inteleon|76\/100|[from] Spikes\n|turn|21\n|\n|t:|1698639841\n|switch|p2a: SPINE CURVES|Ferrothorn, F|86\/100\n|move|p1a: Inteleon|Snipe Shot|p2a: SPINE CURVES\n|-resisted|p2a: SPINE CURVES\n|-damage|p2a: SPINE CURVES|68\/100\n|\n|-heal|p2a: SPINE CURVES|74\/100|[from] item: Leftovers\n|upkeep\n|turn|22\n|\n|t:|1698639845\n|switch|p1a: Cryogonal|Cryogonal, shiny|100\/100\n|move|p2a: SPINE CURVES|Leech Seed|p1a: Cryogonal\n|-start|p1a: Cryogonal|move: Leech Seed\n|\n|-heal|p2a: SPINE CURVES|80\/100|[from] item: Leftovers\n|-damage|p1a: Cryogonal|88\/100|[from] Leech Seed|[of] p2a: SPINE CURVES\n|-heal|p2a: SPINE CURVES|93\/100|[silent]\n|upkeep\n|turn|23\n|\n|t:|1698639851\n|move|p1a: Cryogonal|Rapid Spin|p2a: SPINE CURVES\n|-resisted|p2a: SPINE CURVES\n|-damage|p2a: SPINE CURVES|91\/100\n|-boost|p1a: Cryogonal|spe|1\n|-damage|p1a: Cryogonal|76\/100|[from] ability: Iron Barbs|[of] p2a: SPINE CURVES\n|-end|p1a: Cryogonal|Leech Seed|[from] move: Rapid Spin|[of] p1a: Cryogonal\n|-sideend|p1: Guj Genera|Spikes|[from] move: Rapid Spin|[of] p1a: Cryogonal\n|move|p2a: SPINE CURVES|Spikes|p1a: Cryogonal\n|-sidestart|p1: Guj Genera|Spikes\n|\n|-heal|p2a: SPINE CURVES|97\/100|[from] item: Leftovers\n|upkeep\n|turn|24\n|\n|t:|1698639855\n|move|p1a: Cryogonal|Freeze-Dry|p2a: SPINE CURVES\n|-damage|p2a: SPINE CURVES|83\/100\n|move|p2a: SPINE CURVES|Spikes|p1a: Cryogonal\n|-sidestart|p1: Guj Genera|Spikes\n|\n|-heal|p2a: SPINE CURVES|89\/100|[from] item: Leftovers\n|upkeep\n|turn|25\n|\n|t:|1698639858\n|move|p1a: Cryogonal|Freeze-Dry|p2a: SPINE CURVES\n|-damage|p2a: SPINE CURVES|75\/100\n|move|p2a: SPINE CURVES|Spikes|p1a: Cryogonal\n|-sidestart|p1: Guj Genera|Spikes\n|\n|-heal|p2a: SPINE CURVES|81\/100|[from] item: Leftovers\n|upkeep\n|turn|26\n|\n|t:|1698639860\n|move|p1a: Cryogonal|Freeze-Dry|p2a: SPINE CURVES\n|-crit|p2a: SPINE CURVES\n|-damage|p2a: SPINE CURVES|58\/100\n|move|p2a: SPINE CURVES|Spikes||[still]\n|-fail|p2a: SPINE CURVES\n|\n|-heal|p2a: SPINE CURVES|64\/100|[from] item: Leftovers\n|upkeep\n|turn|27\n|\n|t:|1698639865\n|move|p1a: Cryogonal|Freeze-Dry|p2a: SPINE CURVES\n|-damage|p2a: SPINE CURVES|49\/100\n|move|p2a: SPINE CURVES|Spikes||[still]\n|-fail|p2a: SPINE CURVES\n|\n|-heal|p2a: SPINE CURVES|55\/100|[from] item: Leftovers\n|upkeep\n|turn|28\n|\n|t:|1698639868\n|move|p1a: Cryogonal|Freeze-Dry|p2a: SPINE CURVES\n|-damage|p2a: SPINE CURVES|41\/100\n|move|p2a: SPINE CURVES|Gyro Ball|p1a: Cryogonal\n|-supereffective|p1a: Cryogonal\n|-damage|p1a: Cryogonal|0 fnt\n|faint|p1a: Cryogonal\n|\n|-heal|p2a: SPINE CURVES|47\/100|[from] item: Leftovers\n|upkeep\n|\n|t:|1698639874\n|switch|p1a: Inteleon|Inteleon, F, shiny|76\/100\n|-damage|p1a: Inteleon|51\/100|[from] Spikes\n|turn|29\n|\n|t:|1698639878\n|move|p2a: SPINE CURVES|Protect|p2a: SPINE CURVES\n|-singleturn|p2a: SPINE CURVES|Protect\n|move|p1a: Inteleon|Ice Beam|p2a: SPINE CURVES\n|-activate|p2a: SPINE CURVES|move: Protect\n|\n|-heal|p2a: SPINE CURVES|53\/100|[from] item: Leftovers\n|upkeep\n|turn|30\n|\n|t:|1698639881\n|move|p1a: Inteleon|Ice Beam|p2a: SPINE CURVES\n|-damage|p2a: SPINE CURVES|24\/100\n|move|p2a: SPINE CURVES|Leech Seed|p1a: Inteleon\n|-start|p1a: Inteleon|move: Leech Seed\n|\n|-heal|p2a: SPINE CURVES|30\/100|[from] item: Leftovers\n|-damage|p1a: Inteleon|38\/100|[from] Leech Seed|[of] p2a: SPINE CURVES\n|-heal|p2a: SPINE CURVES|40\/100|[silent]\n|upkeep\n|turn|31\n|\n|t:|1698639884\n|move|p1a: Inteleon|Ice Beam|p2a: SPINE CURVES\n|-damage|p2a: SPINE CURVES|9\/100\n|move|p2a: SPINE CURVES|Gyro Ball|p1a: Inteleon\n|-resisted|p1a: Inteleon\n|-damage|p1a: Inteleon|0 fnt\n|faint|p1a: Inteleon\n|\n|-heal|p2a: SPINE CURVES|15\/100|[from] item: Leftovers\n|upkeep\n|\n|t:|1698639886\n|switch|p1a: Cinderace|Cinderace, M, shiny|65\/100\n|-damage|p1a: Cinderace|40\/100|[from] Spikes\n|turn|32\n|\n|t:|1698639889\n|move|p1a: Cinderace|Pyro Ball|p2a: SPINE CURVES\n|-supereffective|p2a: SPINE CURVES\n|-damage|p2a: SPINE CURVES|0 fnt\n|faint|p2a: SPINE CURVES\n|\n|upkeep\n|\n|t:|1698639890\n|switch|p2a: EVERLONG|Breloom, M|1\/100\n|turn|33\n|\n|t:|1698639892\n|move|p2a: EVERLONG|Mach Punch|p1a: Cinderace\n|-damage|p1a: Cinderace|0 fnt\n|faint|p1a: Cinderace\n|\n|win|ninjamage13\n|c|\u2606Guj Genera|Ggwp\n|l| Pex hater\n|c|\u2606ninjamage13|gg\n|l| High Midgardsormr\n|l| vespyyy\n|c|\u2606Guj Genera|Serise u were wrong about the turn\n|c| Serise|I was right about the winner tho\n","uploadtime":1698639939,"views":17,"p1id":"gujgenera","p2id":"ninjamage13","formatid":"gen9nationaldexubers","rating":0,"private":0,"password":""}