{"id":"gen9nationaldexubers-1978656610","p1":"Drei D Lawrence","p2":"Dozkek","format":"[Gen 9] National Dex Ubers","log":"|j|\u2606Drei D Lawrence\n|j|\u2606Dozkek\n|t:|1698575999\n|gametype|singles\n|player|p1|Drei D Lawrence|blue-masters|\n|player|p2|Dozkek|adaman|\n|teamsize|p1|6\n|teamsize|p2|6\n|gen|9\n|tier|[Gen 9] National Dex Ubers\n|rule|HP Percentage Mod: HP is shown in percentages\n|rule|Endless Battle Clause: Forcing endless battles is banned\n|rule|OHKO Clause: OHKO moves are banned\n|rule|Evasion Moves Clause: Evasion moves are banned\n|rule|Evasion Items Clause: Evasion items are banned\n|rule|Species Clause: Limit one of each Pok\u00e9mon\n|rule|Sleep Clause Mod: Limit one foe put to sleep\n|rule|Mega Rayquaza Clause: You cannot mega evolve Rayquaza\n|clearpoke\n|poke|p1|Ribombee, F|\n|poke|p1|Pinsir, M|\n|poke|p1|Ursaluna, M|\n|poke|p1|Haxorus, F|\n|poke|p1|Gholdengo|\n|poke|p1|Urshifu-*, M|\n|poke|p2|Tapu Koko|\n|poke|p2|Magearna|\n|poke|p2|Iron Valiant|\n|poke|p2|Tapu Bulu|\n|poke|p2|Tapu Lele|\n|poke|p2|Ursaluna, F|\n|teampreview\n|inactive|Battle timer is ON: inactive players will automatically lose when time's up. (requested by Drei D Lawrence)\n|inactive|Dozkek also wants the timer to be on.\n|c|\u2606Drei D Lawrence|hf\n|\n|t:|1698576011\n|start\n|switch|p1a: Ribombee|Ribombee, F|100\/100\n|switch|p2a: Tapu Koko|Tapu Koko|100\/100\n|-fieldstart|move: Electric Terrain|[from] ability: Electric Surge|[of] p2a: Tapu Koko\n|turn|1\n|c|\u2606Dozkek|U2\n|\n|t:|1698576025\n|move|p2a: Tapu Koko|Taunt|p1a: Ribombee\n|-start|p1a: Ribombee|move: Taunt\n|cant|p1a: Ribombee|move: Taunt|Sticky Web\n|\n|upkeep\n|turn|2\n|\n|t:|1698576032\n|move|p2a: Tapu Koko|Light Screen|p2a: Tapu Koko\n|-sidestart|p2: Dozkek|move: Light Screen\n|move|p1a: Ribombee|U-turn|p2a: Tapu Koko\n|-resisted|p2a: Tapu Koko\n|-damage|p2a: Tapu Koko|92\/100\n|c|\u2606Drei D Lawrence|what restriction?\n|inactive|Drei D Lawrence has 270 seconds left.\n|c|\u2606Dozkek|None\n|c|\u2606Dozkek|You can just check\n|inactive|Drei D Lawrence has 240 seconds left.\n|\n|t:|1698576110\n|switch|p1a: Gholdengo|Gholdengo|100\/100|[from] U-turn\n|-item|p1a: Gholdengo|Air Balloon\n|\n|upkeep\n|turn|3\n|\n|t:|1698576120\n|move|p2a: Tapu Koko|U-turn|p1a: Gholdengo\n|-resisted|p1a: Gholdengo\n|-damage|p1a: Gholdengo|96\/100\n|-enditem|p1a: Gholdengo|Air Balloon\n|\n|t:|1698576133\n|switch|p2a: Ursaluna|Ursaluna, F|100\/100|[from] U-turn\n|move|p1a: Gholdengo|Nasty Plot|p1a: Gholdengo\n|-boost|p1a: Gholdengo|spa|2\n|\n|-status|p2a: Ursaluna|brn|[from] item: Flame Orb\n|upkeep\n|turn|4\n|inactive|Drei D Lawrence has 240 seconds left.\n|\n|t:|1698576156\n|move|p1a: Gholdengo|Make It Rain|p2a: Ursaluna\n|-damage|p2a: Ursaluna|31\/100 brn\n|-unboost|p1a: Gholdengo|spa|1\n|move|p2a: Ursaluna|Headlong Rush|p1a: Gholdengo\n|-supereffective|p1a: Gholdengo\n|-damage|p1a: Gholdengo|0 fnt\n|-unboost|p2a: Ursaluna|def|1\n|-unboost|p2a: Ursaluna|spd|1\n|faint|p1a: Gholdengo\n|\n|-damage|p2a: Ursaluna|25\/100 brn|[from] brn\n|upkeep\n|inactive|Drei D Lawrence has 240 seconds left.\n|\n|t:|1698576165\n|switch|p1a: Ribombee|Ribombee, F|100\/100\n|turn|5\n|\n|t:|1698576184\n|move|p1a: Ribombee|Sticky Web|p2a: Ursaluna\n|-sidestart|p2: Dozkek|move: Sticky Web\n|move|p2a: Ursaluna|Fire Punch|p1a: Ribombee\n|-supereffective|p1a: Ribombee\n|-enditem|p1a: Ribombee|Focus Sash\n|-damage|p1a: Ribombee|1\/100\n|\n|-damage|p2a: Ursaluna|19\/100 brn|[from] brn\n|-fieldend|move: Electric Terrain\n|upkeep\n|turn|6\n|inactive|Dozkek has 270 seconds left.\n|\n|t:|1698576208\n|move|p1a: Ribombee|Moonblast|p2a: Ursaluna\n|-damage|p2a: Ursaluna|0 fnt\n|faint|p2a: Ursaluna\n|\n|upkeep\n|inactive|Dozkek has 270 seconds left.\n|inactive|Dozkek has 240 seconds left.\n|\n|t:|1698576246\n|switch|p2a: Tapu Koko|Tapu Koko|92\/100\n|-activate|p2a: Tapu Koko|move: Sticky Web\n|-unboost|p2a: Tapu Koko|spe|1\n|-fieldstart|move: Electric Terrain|[from] ability: Electric Surge|[of] p2a: Tapu Koko\n|turn|7\n|\n|t:|1698576252\n|move|p1a: Ribombee|Moonblast|p2a: Tapu Koko\n|-damage|p2a: Tapu Koko|67\/100\n|move|p2a: Tapu Koko|Reflect|p2a: Tapu Koko\n|-sidestart|p2: Dozkek|Reflect\n|\n|upkeep\n|turn|8\n|\n|t:|1698576256\n|move|p1a: Ribombee|Moonblast|p2a: Tapu Koko\n|-damage|p2a: Tapu Koko|41\/100\n|move|p2a: Tapu Koko|U-turn|p1a: Ribombee\n|-resisted|p1a: Ribombee\n|-damage|p1a: Ribombee|0 fnt\n|faint|p1a: Ribombee\n|\n|t:|1698576271\n|switch|p2a: Iron Valiant|Iron Valiant|100\/100|[from] U-turn\n|-activate|p2a: Iron Valiant|move: Sticky Web\n|-unboost|p2a: Iron Valiant|spe|1\n|-activate|p2a: Iron Valiant|ability: Quark Drive\n|-start|p2a: Iron Valiant|quarkdrivespa\n|\n|upkeep\n|inactive|Drei D Lawrence has 270 seconds left.\n|\n|t:|1698576292\n|switch|p1a: Haxorus|Haxorus, F|100\/100\n|-ability|p1a: Haxorus|Mold Breaker\n|turn|9\n|c|\u2606Drei D Lawrence|hm\n|c|\u2606Drei D Lawrence|i might lose this\n|inactive|Dozkek has 240 seconds left.\n|\n|t:|1698576327\n|-terastallize|p1a: Haxorus|Steel\n|move|p1a: Haxorus|Swords Dance|p1a: Haxorus\n|-boost|p1a: Haxorus|atk|2\n|move|p2a: Iron Valiant|Focus Blast|p1a: Haxorus\n|-supereffective|p1a: Haxorus\n|-damage|p1a: Haxorus|0 fnt\n|faint|p1a: Haxorus\n|\n|-sideend|p2: Dozkek|move: Light Screen\n|upkeep\n|inactive|Drei D Lawrence has 270 seconds left.\n|c|\u2606Dozkek|Who knows\n|inactive|Drei D Lawrence has 240 seconds left.\n|c|\u2606Drei D Lawrence|ah\n|c|\u2606Drei D Lawrence|wtf\n|\n|t:|1698576378\n|switch|p1a: Pinsir|Pinsir, M|100\/100\n|turn|10\n|inactive|Dozkek has 240 seconds left.\n|\n|t:|1698576391\n|detailschange|p1a: Pinsir|Pinsir-Mega, M\n|-mega|p1a: Pinsir|Pinsir|Pinsirite\n|move|p1a: Pinsir|Quick Attack|p2a: Iron Valiant\n|-supereffective|p2a: Iron Valiant\n|-crit|p2a: Iron Valiant\n|-damage|p2a: Iron Valiant|0 fnt\n|faint|p2a: Iron Valiant\n|-end|p2a: Iron Valiant|Quark Drive|[silent]\n|\n|upkeep\n|inactive|Dozkek has 240 seconds left.\n|c|\u2606Dozkek|See\n|inactive|Dozkek has 210 seconds left.\n|\n|t:|1698576433\n|switch|p2a: Magearna|Magearna|100\/100\n|-activate|p2a: Magearna|move: Sticky Web\n|-unboost|p2a: Magearna|spe|1\n|turn|11\n|inactive|Dozkek has 210 seconds left.\n|inactive|Drei D Lawrence has 240 seconds left.\n|\n|t:|1698576472\n|move|p1a: Pinsir|Swords Dance|p1a: Pinsir\n|-boost|p1a: Pinsir|atk|2\n|move|p2a: Magearna|Shift Gear|p2a: Magearna\n|-boost|p2a: Magearna|spe|2\n|-boost|p2a: Magearna|atk|1\n|\n|-fieldend|move: Electric Terrain\n|upkeep\n|turn|12\n|\n|t:|1698576486\n|-zpower|p2a: Magearna\n|move|p2a: Magearna|Gigavolt Havoc|p1a: Pinsir|[zeffect]\n|-supereffective|p1a: Pinsir\n|-damage|p1a: Pinsir|0 fnt\n|faint|p1a: Pinsir\n|-ability|p2a: Magearna|Soul-Heart|boost\n|-boost|p2a: Magearna|spa|1\n|\n|upkeep\n|c|\u2606Drei D Lawrence|ah\n|c|\u2606Drei D Lawrence|z moves is allowed\n|c|\u2606Drei D Lawrence|i didnt know\n|\n|t:|1698576506\n|switch|p1a: Ursaluna|Ursaluna, M|100\/100\n|turn|13\n|\n|t:|1698576532\n|move|p1a: Ursaluna|Protect|p1a: Ursaluna\n|-singleturn|p1a: Ursaluna|Protect\n|move|p2a: Magearna|Ice Beam|p1a: Ursaluna\n|-activate|p1a: Ursaluna|move: Protect\n|\n|-status|p1a: Ursaluna|brn|[from] item: Flame Orb\n|upkeep\n|turn|14\n|\n|t:|1698576544\n|move|p2a: Magearna|Focus Blast|p1a: Ursaluna\n|-supereffective|p1a: Ursaluna\n|-damage|p1a: Ursaluna|0 fnt\n|faint|p1a: Ursaluna\n|-ability|p2a: Magearna|Soul-Heart|boost\n|-boost|p2a: Magearna|spa|1\n|\n|-sideend|p2: Dozkek|Reflect\n|upkeep\n|\n|t:|1698576547\n|switch|p1a: Urshifu|Urshifu, M|100\/100\n|turn|15\n|c|\u2606Drei D Lawrence|gg\n|\n|t:|1698576566\n|move|p2a: Magearna|Thunderbolt|p1a: Urshifu\n|-damage|p1a: Urshifu|13\/100\n|-status|p1a: Urshifu|par\n|move|p1a: Urshifu|Close Combat|p2a: Magearna\n|-damage|p2a: Magearna|39\/100\n|-unboost|p1a: Urshifu|def|1\n|-unboost|p1a: Urshifu|spd|1\n|\n|upkeep\n|turn|16\n|\n|t:|1698576574\n|move|p2a: Magearna|Thunderbolt|p1a: Urshifu\n|-damage|p1a: Urshifu|0 fnt\n|faint|p1a: Urshifu\n|\n|win|Dozkek\n|c|\u2606Dozkek|Gg\n|c|\u2606Drei D Lawrence|gg\n","uploadtime":1698576581,"views":13,"p1id":"dreidlawrence","p2id":"dozkek","formatid":"gen9nationaldexubers","rating":0,"private":0,"password":""}