{"id":"gen9nationaldexubers-1984411773","p1":"lwc10086","p2":"Incredible Gassy","format":"[Gen 9] National Dex Ubers","log":"|j|\u2606lwc10086\n|j|\u2606Incredible Gassy\n|t:|1699258995\n|gametype|singles\n|player|p1|lwc10086|266|1523\n|player|p2|Incredible Gassy|kieran|1660\n|teamsize|p1|6\n|teamsize|p2|6\n|gen|9\n|tier|[Gen 9] National Dex Ubers\n|rated|\n|rule|HP Percentage Mod: HP is shown in percentages\n|rule|Endless Battle Clause: Forcing endless battles is banned\n|rule|OHKO Clause: OHKO moves are banned\n|rule|Evasion Moves Clause: Evasion moves are banned\n|rule|Evasion Items Clause: Evasion items are banned\n|rule|Species Clause: Limit one of each Pok\u00e9mon\n|rule|Sleep Clause Mod: Limit one foe put to sleep\n|rule|Mega Rayquaza Clause: You cannot mega evolve Rayquaza\n|clearpoke\n|poke|p1|Arceus|\n|poke|p1|Blastoise, F|\n|poke|p1|Groudon|\n|poke|p1|Chien-Pao|\n|poke|p1|Ho-Oh|\n|poke|p1|Zacian-*|\n|poke|p2|Groudon|\n|poke|p2|Arceus-Ground|\n|poke|p2|Magearna|\n|poke|p2|Chansey, F|\n|poke|p2|Marshadow|\n|poke|p2|Ho-Oh|\n|teampreview\n|inactive|Battle timer is ON: inactive players will automatically lose when time's up. (requested by Incredible Gassy)\n|\n|t:|1699259004\n|start\n|switch|p1a: Chien-Pao|Chien-Pao|100\/100\n|switch|p2a: Dead Voxel|Marshadow|100\/100\n|-ability|p1a: Chien-Pao|Sword of Ruin\n|turn|1\n|\n|t:|1699259008\n|switch|p2a: Concrete Halls|Groudon, shiny|100\/100\n|detailschange|p2a: Concrete Halls|Groudon-Primal, shiny\n|-primal|p2a: Concrete Halls|Red Orb\n|-weather|DesolateLand|[from] ability: Desolate Land|[of] p2a: Concrete Halls\n|move|p1a: Chien-Pao|Sucker Punch||[still]\n|-fail|p1a: Chien-Pao\n|\n|-weather|DesolateLand|[upkeep]\n|upkeep\n|turn|2\n|\n|t:|1699259011\n|move|p1a: Chien-Pao|Swords Dance|p1a: Chien-Pao\n|-boost|p1a: Chien-Pao|atk|2\n|move|p2a: Concrete Halls|Lava Plume|p1a: Chien-Pao\n|-supereffective|p1a: Chien-Pao\n|-enditem|p1a: Chien-Pao|Focus Sash\n|-damage|p1a: Chien-Pao|1\/100\n|-status|p1a: Chien-Pao|brn\n|\n|-weather|DesolateLand|[upkeep]\n|-damage|p1a: Chien-Pao|0 fnt|[from] brn\n|faint|p1a: Chien-Pao\n|upkeep\n|inactive|lwc10086 has 120 seconds left.\n|\n|t:|1699259063\n|switch|p1a: Groudon|Groudon|100\/100\n|detailschange|p1a: Groudon|Groudon-Primal\n|-primal|p1a: Groudon|Red Orb\n|turn|3\n|\n|t:|1699259066\n|switch|p2a: The End|Arceus-Ground, shiny|100\/100\n|move|p1a: Groudon|Precipice Blades|p2a: The End\n|-damage|p2a: The End|38\/100\n|\n|-weather|DesolateLand|[upkeep]\n|upkeep\n|turn|4\n|inactive|lwc10086 has 90 seconds left.\n|\n|t:|1699259097\n|move|p2a: The End|Recover|p2a: The End\n|-heal|p2a: The End|88\/100\n|move|p1a: Groudon|Dragon Tail|p2a: The End\n|-damage|p2a: The End|69\/100\n|drag|p2a: Concrete Halls|Groudon-Primal, shiny|100\/100\n|\n|-weather|DesolateLand|[upkeep]\n|upkeep\n|turn|5\n|inactive|lwc10086 has 90 seconds left.\n|\n|t:|1699259123\n|switch|p2a: The End|Arceus-Ground, shiny|69\/100\n|move|p1a: Groudon|Precipice Blades|p2a: The End\n|-damage|p2a: The End|15\/100\n|\n|-weather|DesolateLand|[upkeep]\n|upkeep\n|turn|6\n|\n|t:|1699259129\n|move|p2a: The End|Earthquake|p1a: Groudon\n|-supereffective|p1a: Groudon\n|-damage|p1a: Groudon|34\/100\n|move|p1a: Groudon|Dragon Tail|p2a: The End|[miss]\n|-miss|p1a: Groudon|p2a: The End\n|\n|-weather|DesolateLand|[upkeep]\n|upkeep\n|turn|7\n|\n|t:|1699259133\n|move|p2a: The End|Earthquake|p1a: Groudon\n|-supereffective|p1a: Groudon\n|-damage|p1a: Groudon|0 fnt\n|faint|p1a: Groudon\n|-weather|none\n|\n|upkeep\n|\n|t:|1699259138\n|switch|p1a: Arceus|Arceus|100\/100\n|turn|8\n|\n|t:|1699259147\n|switch|p2a: Dead Voxel|Marshadow|100\/100\n|move|p1a: Arceus|Extreme Speed|p2a: Dead Voxel\n|-immune|p2a: Dead Voxel\n|\n|upkeep\n|turn|9\n|\n|t:|1699259152\n|switch|p2a: The End|Arceus-Ground, shiny|15\/100\n|-terastallize|p1a: Arceus|Ghost\n|move|p1a: Arceus|Substitute|p1a: Arceus\n|-start|p1a: Arceus|Substitute\n|-damage|p1a: Arceus|76\/100\n|\n|-heal|p1a: Arceus|82\/100|[from] item: Leftovers\n|upkeep\n|turn|10\n|\n|t:|1699259158\n|move|p2a: The End|Earthquake|p1a: Arceus\n|-end|p1a: Arceus|Substitute\n|move|p1a: Arceus|Swords Dance|p1a: Arceus\n|-boost|p1a: Arceus|atk|2\n|\n|-heal|p1a: Arceus|88\/100|[from] item: Leftovers\n|upkeep\n|turn|11\n|inactive|lwc10086 has 90 seconds left.\n|inactive|lwc10086 has 60 seconds left.\n|\n|t:|1699259221\n|move|p1a: Arceus|Extreme Speed|p2a: The End\n|-damage|p2a: The End|0 fnt\n|faint|p2a: The End\n|\n|-heal|p1a: Arceus|94\/100|[from] item: Leftovers\n|upkeep\n|\n|t:|1699259223\n|switch|p2a: Dead Voxel|Marshadow|100\/100\n|turn|12\n|\n|t:|1699259228\n|move|p2a: Dead Voxel|Poltergeist|p1a: Arceus\n|-activate|p1a: Arceus|move: Poltergeist|Leftovers\n|-supereffective|p1a: Arceus\n|-damage|p1a: Arceus|0 fnt\n|faint|p1a: Arceus\n|\n|upkeep\n|\n|t:|1699259235\n|switch|p1a: Zacian|Zacian-Crowned|100\/100\n|-ability|p1a: Zacian|Intrepid Sword|boost\n|-boost|p1a: Zacian|atk|1\n|turn|13\n|\n|t:|1699259237\n|switch|p2a: Concrete Halls|Groudon-Primal, shiny|100\/100\n|-weather|DesolateLand|[from] ability: Desolate Land|[of] p2a: Concrete Halls\n|move|p1a: Zacian|Play Rough|p2a: Concrete Halls\n|-resisted|p2a: Concrete Halls\n|-damage|p2a: Concrete Halls|84\/100\n|\n|-weather|DesolateLand|[upkeep]\n|upkeep\n|turn|14\n|inactive|lwc10086 has 90 seconds left.\n|\n|t:|1699259262\n|move|p1a: Zacian|Sacred Sword|p2a: Concrete Halls\n|-damage|p2a: Concrete Halls|62\/100\n|move|p2a: Concrete Halls|Lava Plume|p1a: Zacian\n|-supereffective|p1a: Zacian\n|-damage|p1a: Zacian|0 fnt\n|faint|p1a: Zacian\n|\n|-weather|DesolateLand|[upkeep]\n|upkeep\n|\n|t:|1699259269\n|switch|p1a: Blastoise|Blastoise, F|100\/100\n|turn|15\n|inactive|lwc10086 has 60 seconds left.\n|\n|t:|1699259311\n|detailschange|p1a: Blastoise|Blastoise-Mega, F\n|-mega|p1a: Blastoise|Blastoise|Blastoisinite\n|move|p1a: Blastoise|Shell Smash|p1a: Blastoise\n|-unboost|p1a: Blastoise|def|1\n|-unboost|p1a: Blastoise|spd|1\n|-boost|p1a: Blastoise|atk|2\n|-boost|p1a: Blastoise|spa|2\n|-boost|p1a: Blastoise|spe|2\n|move|p2a: Concrete Halls|Earthquake|p1a: Blastoise\n|-damage|p1a: Blastoise|11\/100\n|\n|-weather|DesolateLand|[upkeep]\n|upkeep\n|turn|16\n|\n|t:|1699259317\n|move|p1a: Blastoise|Aura Sphere|p2a: Concrete Halls\n|-damage|p2a: Concrete Halls|0 fnt\n|faint|p2a: Concrete Halls\n|-weather|none\n|\n|upkeep\n|\n|t:|1699259319\n|switch|p2a: Dead Voxel|Marshadow|100\/100\n|turn|17\n|\n|t:|1699259324\n|move|p2a: Dead Voxel|Shadow Sneak|p1a: Blastoise\n|-damage|p1a: Blastoise|0 fnt\n|faint|p1a: Blastoise\n|\n|upkeep\n|\n|t:|1699259327\n|switch|p1a: Ho-Oh|Ho-Oh|100\/100\n|turn|18\n|c|\u2606Incredible Gassy|was this the most boring game ive ever played in my entire life? the answer might shock you\n|l|\u2606lwc10086\n|inactive|lwc10086 disconnected and has a minute to reconnect!\n|player|p1|\n|inactive|Incredible Gassy has 120 seconds left.\n|\n|t:|1699259360\n|switch|p2a: Warmth|Ho-Oh|100\/100\n|move|p1a: Ho-Oh|Sacred Fire|p2a: Warmth\n|-resisted|p2a: Warmth\n|-damage|p2a: Warmth|80\/100\n|\n|upkeep\n|turn|19\n|inactive|lwc10086 has 30 seconds to reconnect!\n|inactive|lwc10086 has 20 seconds to reconnect!\n|inactive|lwc10086 has 15 seconds to reconnect!\n|inactive|lwc10086 has 10 seconds to reconnect!\n|inactive|lwc10086 has 5 seconds to reconnect!\n|-message|lwc10086 lost due to inactivity.\n|\n|win|Incredible Gassy\n|raw|lwc10086's rating: 1523 &rarr; <strong>1511<\/strong><br \/>(-12 for losing)\n|raw|Incredible Gassy's rating: 1660 &rarr; <strong>1672<\/strong><br \/>(+12 for winning)\n","uploadtime":1699259468,"views":4,"p1id":"lwc10086","p2id":"incrediblegassy","formatid":"gen9nationaldexubers","rating":1511,"private":0,"password":""}