{"id":"gen9nationaldexubers-1991001884","p1":"FlameNinja2","p2":"Tinen","format":"[Gen 9] National Dex Ubers","log":"|j|\u2606FlameNinja2\n|j|\u2606Tinen\n|t:|1700026042\n|gametype|singles\n|player|p1|FlameNinja2|2|1186\n|player|p2|Tinen|dancer|1088\n|teamsize|p1|6\n|teamsize|p2|6\n|gen|9\n|tier|[Gen 9] National Dex Ubers\n|rated|\n|rule|HP Percentage Mod: HP is shown in percentages\n|rule|Endless Battle Clause: Forcing endless battles is banned\n|rule|OHKO Clause: OHKO moves are banned\n|rule|Evasion Moves Clause: Evasion moves are banned\n|rule|Evasion Items Clause: Evasion items are banned\n|rule|Species Clause: Limit one of each Pok\u00e9mon\n|rule|Sleep Clause Mod: Limit one foe put to sleep\n|rule|Mega Rayquaza Clause: You cannot mega evolve Rayquaza\n|clearpoke\n|poke|p1|Brambleghast, M|\n|poke|p1|Dusclops, M|\n|poke|p1|Gengar, M|\n|poke|p1|Skeledirge, F|\n|poke|p1|Dragapult, M|\n|poke|p1|Corsola-Galar, M|\n|poke|p2|Darmanitan-Galar, F|\n|poke|p2|Kangaskhan, F|\n|poke|p2|Deoxys-Attack|\n|poke|p2|Shaymin-Sky|\n|poke|p2|Pheromosa|\n|poke|p2|Flutter Mane|\n|teampreview\n|\n|t:|1700026058\n|start\n|switch|p1a: Corsola|Corsola-Galar, M|100\/100\n|switch|p2a: Kangaskhan|Kangaskhan, F|100\/100\n|turn|1\n|\n|t:|1700026065\n|detailschange|p2a: Kangaskhan|Kangaskhan-Mega, F\n|-mega|p2a: Kangaskhan|Kangaskhan|Kangaskhanite\n|move|p2a: Kangaskhan|Crunch|p1a: Corsola\n|-supereffective|p1a: Corsola\n|-damage|p1a: Corsola|63\/100\n|-unboost|p1a: Corsola|def|1\n|-supereffective|p1a: Corsola\n|-damage|p1a: Corsola|50\/100\n|-hitcount|p1a: Corsola|2\n|move|p1a: Corsola|Whirlpool|p2a: Kangaskhan\n|-damage|p2a: Kangaskhan|95\/100\n|-activate|p2a: Kangaskhan|move: Whirlpool|[of] p1a: Corsola\n|\n|-damage|p2a: Kangaskhan|83\/100|[from] move: Whirlpool|[partiallytrapped]\n|upkeep\n|turn|2\n|\n|t:|1700026074\n|move|p2a: Kangaskhan|Crunch|p1a: Corsola\n|-supereffective|p1a: Corsola\n|-damage|p1a: Corsola|0 fnt\n|-start|p2a: Kangaskhan|Disable|Crunch|[from] ability: Cursed Body|[of] p1a: Corsola\n|faint|p1a: Corsola\n|-hitcount|p1: Corsola|1\n|\n|-end|p2a: Kangaskhan|Whirlpool|[partiallytrapped]|[silent]\n|upkeep\n|\n|t:|1700026089\n|switch|p1a: Skeledirge|Skeledirge, F|100\/100\n|turn|3\n|\n|t:|1700026095\n|move|p2a: Kangaskhan|Rock Slide|p1a: Skeledirge\n|-supereffective|p1a: Skeledirge\n|-damage|p1a: Skeledirge|62\/100\n|-supereffective|p1a: Skeledirge\n|-damage|p1a: Skeledirge|52\/100\n|-hitcount|p1a: Skeledirge|2\n|move|p1a: Skeledirge|Torch Song|p2a: Kangaskhan\n|-damage|p2a: Kangaskhan|51\/100\n|-boost|p1a: Skeledirge|spa|1\n|\n|-heal|p1a: Skeledirge|58\/100|[from] item: Leftovers\n|upkeep\n|turn|4\n|\n|t:|1700026112\n|-terastallize|p1a: Skeledirge|Fairy\n|move|p2a: Kangaskhan|Rock Slide|p1a: Skeledirge\n|-damage|p1a: Skeledirge|36\/100\n|-crit|p1a: Skeledirge\n|-damage|p1a: Skeledirge|29\/100\n|-hitcount|p1a: Skeledirge|2\n|cant|p1a: Skeledirge|flinch\n|\n|-heal|p1a: Skeledirge|35\/100|[from] item: Leftovers\n|upkeep\n|turn|5\n|\n|t:|1700026126\n|move|p2a: Kangaskhan|Rock Slide|p1a: Skeledirge\n|-damage|p1a: Skeledirge|16\/100\n|-damage|p1a: Skeledirge|11\/100\n|-hitcount|p1a: Skeledirge|2\n|move|p1a: Skeledirge|Slack Off|p1a: Skeledirge\n|-heal|p1a: Skeledirge|61\/100\n|\n|-heal|p1a: Skeledirge|67\/100|[from] item: Leftovers\n|-end|p2a: Kangaskhan|Disable\n|upkeep\n|turn|6\n|\n|t:|1700026147\n|switch|p2a: Darmanitan|Darmanitan-Galar, F|100\/100\n|move|p1a: Skeledirge|Torch Song|p2a: Darmanitan\n|-supereffective|p2a: Darmanitan\n|-damage|p2a: Darmanitan|0 fnt\n|-boost|p1a: Skeledirge|spa|1\n|faint|p2a: Darmanitan\n|\n|-heal|p1a: Skeledirge|74\/100|[from] item: Leftovers\n|upkeep\n|\n|t:|1700026152\n|switch|p2a: Deoxys|Deoxys-Attack|100\/100\n|-ability|p2a: Deoxys|Pressure\n|turn|7\n|c|\u2606FlameNinja2|that was weird\n|\n|t:|1700026161\n|move|p2a: Deoxys|Flash Cannon|p1a: Skeledirge\n|-supereffective|p1a: Skeledirge\n|-damage|p1a: Skeledirge|13\/100\n|move|p1a: Skeledirge|Torch Song|p2a: Deoxys\n|-damage|p2a: Deoxys|0 fnt\n|-boost|p1a: Skeledirge|spa|1\n|faint|p2a: Deoxys\n|\n|-heal|p1a: Skeledirge|19\/100|[from] item: Leftovers\n|upkeep\n|\n|t:|1700026166\n|switch|p2a: Shaymin|Shaymin-Sky|100\/100\n|turn|8\n|\n|t:|1700026169\n|move|p1a: Skeledirge|Protect|p1a: Skeledirge\n|-singleturn|p1a: Skeledirge|Protect\n|move|p2a: Shaymin|Air Slash|p1a: Skeledirge\n|-activate|p1a: Skeledirge|move: Protect\n|\n|-heal|p1a: Skeledirge|25\/100|[from] item: Leftovers\n|upkeep\n|turn|9\n|\n|t:|1700026179\n|switch|p1a: Dusclops|Dusclops, M|100\/100\n|-ability|p1a: Dusclops|Pressure\n|move|p2a: Shaymin|Air Slash|p1a: Dusclops\n|-damage|p1a: Dusclops|83\/100\n|\n|upkeep\n|turn|10\n|\n|t:|1700026183\n|move|p2a: Shaymin|Ominous Wind|p1a: Dusclops\n|-supereffective|p1a: Dusclops\n|-damage|p1a: Dusclops|64\/100\n|-boost|p2a: Shaymin|atk|1\n|-boost|p2a: Shaymin|def|1\n|-boost|p2a: Shaymin|spa|1\n|-boost|p2a: Shaymin|spd|1\n|-boost|p2a: Shaymin|spe|1\n|move|p1a: Dusclops|Toxic|p2a: Shaymin\n|-status|p2a: Shaymin|tox\n|\n|-damage|p2a: Shaymin|94\/100 tox|[from] psn\n|upkeep\n|turn|11\n|\n|t:|1700026194\n|move|p2a: Shaymin|Air Slash|p1a: Dusclops\n|-damage|p1a: Dusclops|40\/100\n|cant|p1a: Dusclops|flinch\n|\n|-heal|p2a: Shaymin|100\/100 tox|[from] item: Leftovers\n|-damage|p2a: Shaymin|88\/100 tox|[from] psn\n|upkeep\n|turn|12\n|\n|t:|1700026199\n|move|p2a: Shaymin|Air Slash|p1a: Dusclops\n|-damage|p1a: Dusclops|12\/100\n|move|p1a: Dusclops|Disable|p2a: Shaymin\n|-start|p2a: Shaymin|Disable|Air Slash\n|\n|-heal|p2a: Shaymin|94\/100 tox|[from] item: Leftovers\n|-damage|p2a: Shaymin|76\/100 tox|[from] psn\n|upkeep\n|turn|13\n|\n|t:|1700026208\n|switch|p1a: Dragapult|Dragapult, M|100\/100\n|move|p2a: Shaymin|Ominous Wind|p1a: Dragapult\n|-supereffective|p1a: Dragapult\n|-damage|p1a: Dragapult|24\/100\n|\n|-heal|p2a: Shaymin|82\/100 tox|[from] item: Leftovers\n|-damage|p2a: Shaymin|57\/100 tox|[from] psn\n|upkeep\n|turn|14\n|\n|t:|1700026214\n|move|p2a: Shaymin|Ominous Wind|p1a: Dragapult\n|-supereffective|p1a: Dragapult\n|-damage|p1a: Dragapult|0 fnt\n|faint|p1a: Dragapult\n|\n|-heal|p2a: Shaymin|64\/100 tox|[from] item: Leftovers\n|-damage|p2a: Shaymin|33\/100 tox|[from] psn\n|upkeep\n|\n|t:|1700026225\n|switch|p1a: Brambleghast|Brambleghast, M|100\/100\n|turn|15\n|\n|t:|1700026230\n|move|p1a: Brambleghast|Shadow Sneak|p2a: Shaymin\n|-damage|p2a: Shaymin|11\/100 tox\n|-damage|p1a: Brambleghast|91\/100|[from] item: Life Orb\n|move|p2a: Shaymin|Ominous Wind|p1a: Brambleghast\n|-supereffective|p1a: Brambleghast\n|-damage|p1a: Brambleghast|0 fnt\n|-boost|p2a: Shaymin|atk|1\n|-boost|p2a: Shaymin|def|1\n|-boost|p2a: Shaymin|spa|1\n|-boost|p2a: Shaymin|spd|1\n|-boost|p2a: Shaymin|spe|1\n|faint|p1a: Brambleghast\n|\n|-heal|p2a: Shaymin|17\/100 tox|[from] item: Leftovers\n|-damage|p2a: Shaymin|0 fnt|[from] psn\n|faint|p2a: Shaymin\n|upkeep\n|\n|t:|1700026241\n|switch|p2a: Pheromosa|Pheromosa|100\/100\n|switch|p1a: Skeledirge|Skeledirge, F, tera:Fairy|25\/100\n|turn|16\n|\n|t:|1700026247\n|move|p2a: Pheromosa|Lunge|p1a: Skeledirge\n|-resisted|p1a: Skeledirge\n|-damage|p1a: Skeledirge|9\/100\n|-unboost|p1a: Skeledirge|atk|1\n|move|p1a: Skeledirge|Torch Song|p2a: Pheromosa\n|-supereffective|p2a: Pheromosa\n|-damage|p2a: Pheromosa|0 fnt\n|-boost|p1a: Skeledirge|spa|1\n|faint|p2a: Pheromosa\n|\n|-heal|p1a: Skeledirge|15\/100|[from] item: Leftovers\n|upkeep\n|\n|t:|1700026253\n|switch|p2a: Kangaskhan|Kangaskhan-Mega, F|51\/100\n|turn|17\n|\n|t:|1700026264\n|move|p1a: Skeledirge|Protect|p1a: Skeledirge\n|-singleturn|p1a: Skeledirge|Protect\n|move|p2a: Kangaskhan|Rock Slide|p1a: Skeledirge\n|-activate|p1a: Skeledirge|move: Protect\n|\n|-heal|p1a: Skeledirge|21\/100|[from] item: Leftovers\n|upkeep\n|turn|18\n|\n|t:|1700026271\n|move|p2a: Kangaskhan|Rock Slide|p1a: Skeledirge|[miss]\n|-miss|p2a: Kangaskhan|p1a: Skeledirge\n|move|p1a: Skeledirge|Slack Off|p1a: Skeledirge\n|-heal|p1a: Skeledirge|71\/100\n|\n|-heal|p1a: Skeledirge|77\/100|[from] item: Leftovers\n|upkeep\n|turn|19\n|\n|t:|1700026278\n|move|p2a: Kangaskhan|Rock Slide|p1a: Skeledirge\n|-damage|p1a: Skeledirge|57\/100\n|-damage|p1a: Skeledirge|52\/100\n|-hitcount|p1a: Skeledirge|2\n|move|p1a: Skeledirge|Torch Song|p2a: Kangaskhan\n|-crit|p2a: Kangaskhan\n|-damage|p2a: Kangaskhan|0 fnt\n|-boost|p1a: Skeledirge|spa|1\n|faint|p2a: Kangaskhan\n|\n|-heal|p1a: Skeledirge|59\/100|[from] item: Leftovers\n|upkeep\n|\n|t:|1700026282\n|switch|p2a: Flutter Mane|Flutter Mane|100\/100\n|-enditem|p2a: Flutter Mane|Booster Energy\n|-activate|p2a: Flutter Mane|ability: Protosynthesis|[fromitem]\n|-start|p2a: Flutter Mane|protosynthesisspe\n|turn|20\n|\n|t:|1700026289\n|move|p1a: Skeledirge|Protect|p1a: Skeledirge\n|-singleturn|p1a: Skeledirge|Protect\n|move|p2a: Flutter Mane|Psyshock|p1a: Skeledirge\n|-activate|p1a: Skeledirge|move: Protect\n|\n|-heal|p1a: Skeledirge|65\/100|[from] item: Leftovers\n|upkeep\n|turn|21\n|\n|t:|1700026295\n|move|p2a: Flutter Mane|Psyshock|p1a: Skeledirge\n|-damage|p1a: Skeledirge|42\/100\n|move|p1a: Skeledirge|Torch Song|p2a: Flutter Mane\n|-damage|p2a: Flutter Mane|36\/100\n|-boost|p1a: Skeledirge|spa|1\n|\n|-heal|p1a: Skeledirge|48\/100|[from] item: Leftovers\n|upkeep\n|turn|22\n|c|\u2606FlameNinja2|gg\n|c|\u2606FlameNinja2|buckaroo\n|\n|t:|1700026321\n|-terastallize|p2a: Flutter Mane|Ghost\n|move|p2a: Flutter Mane|Shadow Ball|p1a: Skeledirge\n|-damage|p1a: Skeledirge|0 fnt\n|faint|p1a: Skeledirge\n|\n|upkeep\n|c|\u2606FlameNinja2|oh?\n|\n|t:|1700026332\n|switch|p1a: Dusclops|Dusclops, M|12\/100\n|-ability|p1a: Dusclops|Pressure\n|turn|23\n|\n|t:|1700026337\n|move|p2a: Flutter Mane|Shadow Ball|p1a: Dusclops\n|-supereffective|p1a: Dusclops\n|-damage|p1a: Dusclops|0 fnt\n|faint|p1a: Dusclops\n|\n|upkeep\n|\n|t:|1700026339\n|switch|p1a: Gengar|Gengar, M|100\/100\n|turn|24\n|\n|t:|1700026344\n|move|p2a: Flutter Mane|Shadow Ball|p1a: Gengar\n|-supereffective|p1a: Gengar\n|-damage|p1a: Gengar|0 fnt\n|faint|p1a: Gengar\n|\n|win|Tinen\n|raw|FlameNinja2's rating: 1186 &rarr; <strong>1154<\/strong><br \/>(-32 for losing)\n|raw|Tinen's rating: 1088 &rarr; <strong>1122<\/strong><br \/>(+34 for winning)\n|c|\u2606FlameNinja2|damn gg\n|c|\u2606Tinen|gg\n|l|\u2606FlameNinja2\n","uploadtime":1700026353,"views":7,"p1id":"flameninja2","p2id":"tinen","formatid":"gen9nationaldexubers","rating":1122,"private":0,"password":""}