{"id":"gen9nationaldexubers-1987637305","p1":"NeonJolteonWasUsed","p2":"Tahz","format":"[Gen 9] National Dex Ubers","log":"|j|\u2606NeonJolteonWasUsed\n|j|\u2606Tahz\n|t:|1699622543\n|gametype|singles\n|player|p1|NeonJolteonWasUsed|tourist|1726\n|player|p2|Tahz|veteran|1642\n|teamsize|p1|6\n|teamsize|p2|6\n|gen|9\n|tier|[Gen 9] National Dex Ubers\n|rated|\n|rule|HP Percentage Mod: HP is shown in percentages\n|rule|Endless Battle Clause: Forcing endless battles is banned\n|rule|OHKO Clause: OHKO moves are banned\n|rule|Evasion Moves Clause: Evasion moves are banned\n|rule|Evasion Items Clause: Evasion items are banned\n|rule|Species Clause: Limit one of each Pok\u00e9mon\n|rule|Sleep Clause Mod: Limit one foe put to sleep\n|rule|Mega Rayquaza Clause: You cannot mega evolve Rayquaza\n|clearpoke\n|poke|p1|Smeargle, F|\n|poke|p1|Landorus, M|\n|poke|p1|Yveltal|\n|poke|p1|Kyogre|\n|poke|p1|Arceus-Ground|\n|poke|p1|Groudon|\n|poke|p2|Marshadow|\n|poke|p2|Ho-Oh|\n|poke|p2|Zacian-*|\n|poke|p2|Groudon|\n|poke|p2|Eternatus|\n|poke|p2|Arceus-Dark|\n|teampreview\n|inactive|Battle timer is ON: inactive players will automatically lose when time's up. (requested by NeonJolteonWasUsed)\n|c|\u2606Tahz|oh\n|\n|t:|1699622557\n|start\n|switch|p1a: Smeargle|Smeargle, F|100\/100\n|switch|p2a: Black Blood|Arceus-Dark|100\/100\n|turn|1\n|\n|t:|1699622567\n|move|p2a: Black Blood|Foul Play|p1a: Smeargle\n|-damage|p1a: Smeargle|76\/100\n|move|p1a: Smeargle|Mortal Spin|p2a: Black Blood\n|-damage|p2a: Black Blood|99\/100\n|-status|p2a: Black Blood|psn\n|\n|-damage|p2a: Black Blood|87\/100 psn|[from] psn\n|upkeep\n|turn|2\n|\n|t:|1699622573\n|move|p2a: Black Blood|Taunt|p1a: Smeargle\n|-start|p1a: Smeargle|move: Taunt\n|cant|p1a: Smeargle|move: Taunt|Sticky Web\n|\n|-damage|p2a: Black Blood|74\/100 psn|[from] psn\n|upkeep\n|turn|3\n|\n|t:|1699622584\n|switch|p2a: Noxious Basilisk|Eternatus|100\/100\n|-ability|p2a: Noxious Basilisk|Pressure\n|switch|p1a: Landorus|Landorus, M|100\/100\n|\n|upkeep\n|turn|4\n|\n|t:|1699622590\n|switch|p2a: Fenghuang|Ho-Oh|100\/100\n|move|p1a: Landorus|Stealth Rock|p2a: Fenghuang\n|-sidestart|p2: Tahz|move: Stealth Rock\n|\n|upkeep\n|turn|5\n|\n|t:|1699622598\n|switch|p2a: Blade Wolf|Zacian-Crowned|100\/100\n|-damage|p2a: Blade Wolf|94\/100|[from] Stealth Rock\n|-ability|p2a: Blade Wolf|Intrepid Sword|boost\n|-boost|p2a: Blade Wolf|atk|1\n|move|p1a: Landorus|Rock Slide|p2a: Blade Wolf\n|-resisted|p2a: Blade Wolf\n|-damage|p2a: Blade Wolf|78\/100\n|\n|upkeep\n|turn|6\n|\n|t:|1699622601\n|move|p2a: Blade Wolf|Behemoth Blade|p1a: Landorus\n|-damage|p1a: Landorus|7\/100\n|move|p1a: Landorus|Earth Power|p2a: Blade Wolf\n|-supereffective|p2a: Blade Wolf\n|-damage|p2a: Blade Wolf|0 fnt\n|faint|p2a: Blade Wolf\n|\n|upkeep\n|\n|t:|1699622613\n|switch|p2a: Shadow Boxer|Marshadow|100\/100\n|-damage|p2a: Shadow Boxer|94\/100|[from] Stealth Rock\n|turn|7\n|\n|t:|1699622620\n|move|p2a: Shadow Boxer|Low Kick|p1a: Landorus\n|-resisted|p1a: Landorus\n|-damage|p1a: Landorus|0 fnt\n|faint|p1a: Landorus\n|\n|upkeep\n|\n|t:|1699622628\n|switch|p1a: Arceus|Arceus-Ground|100\/100\n|turn|8\n|\n|t:|1699622640\n|move|p2a: Shadow Boxer|Low Kick|p1a: Arceus\n|-damage|p1a: Arceus|29\/100\n|move|p1a: Arceus|Earthquake|p2a: Shadow Boxer\n|-damage|p2a: Shadow Boxer|20\/100\n|\n|upkeep\n|turn|9\n|\n|t:|1699622649\n|move|p2a: Shadow Boxer|Low Kick|p1a: Arceus\n|-damage|p1a: Arceus|0 fnt\n|faint|p1a: Arceus\n|\n|upkeep\n|\n|t:|1699622651\n|switch|p1a: Groudon|Groudon|100\/100\n|detailschange|p1a: Groudon|Groudon-Primal\n|-primal|p1a: Groudon|Red Orb\n|-weather|DesolateLand|[from] ability: Desolate Land|[of] p1a: Groudon\n|turn|10\n|\n|t:|1699622654\n|move|p2a: Shadow Boxer|Low Kick|p1a: Groudon\n|-damage|p1a: Groudon|38\/100\n|move|p1a: Groudon|Precipice Blades|p2a: Shadow Boxer\n|-damage|p2a: Shadow Boxer|0 fnt\n|faint|p2a: Shadow Boxer\n|\n|-weather|DesolateLand|[upkeep]\n|upkeep\n|\n|t:|1699622659\n|switch|p2a: Black Blood|Arceus-Dark|74\/100 psn\n|-damage|p2a: Black Blood|62\/100 psn|[from] Stealth Rock\n|turn|11\n|\n|t:|1699622663\n|move|p2a: Black Blood|Foul Play|p1a: Groudon\n|-damage|p1a: Groudon|0 fnt\n|faint|p1a: Groudon\n|-weather|none\n|\n|-damage|p2a: Black Blood|49\/100 psn|[from] psn\n|upkeep\n|\n|t:|1699622665\n|switch|p1a: Yveltal|Yveltal|100\/100\n|-ability|p1a: Yveltal|Dark Aura\n|turn|12\n|\n|t:|1699622674\n|move|p2a: Black Blood|Recover|p2a: Black Blood\n|-heal|p2a: Black Blood|99\/100 psn\n|move|p1a: Yveltal|Taunt|p2a: Black Blood\n|-start|p2a: Black Blood|move: Taunt\n|\n|-damage|p2a: Black Blood|87\/100 psn|[from] psn\n|upkeep\n|turn|13\n|\n|t:|1699622677\n|move|p2a: Black Blood|Foul Play|p1a: Yveltal\n|-resisted|p1a: Yveltal\n|-damage|p1a: Yveltal|78\/100\n|move|p1a: Yveltal|Oblivion Wing|p2a: Black Blood\n|-damage|p2a: Black Blood|47\/100 psn\n|-heal|p1a: Yveltal|100\/100|[from] drain|[of] p2a: Black Blood\n|-damage|p1a: Yveltal|91\/100|[from] item: Life Orb\n|\n|-damage|p2a: Black Blood|34\/100 psn|[from] psn\n|upkeep\n|turn|14\n|\n|t:|1699622681\n|switch|p2a: Noxious Basilisk|Eternatus|100\/100\n|-damage|p2a: Noxious Basilisk|88\/100|[from] Stealth Rock\n|-ability|p2a: Noxious Basilisk|Pressure\n|move|p1a: Yveltal|Oblivion Wing|p2a: Noxious Basilisk\n|-damage|p2a: Noxious Basilisk|52\/100\n|-heal|p1a: Yveltal|100\/100|[from] drain|[of] p2a: Noxious Basilisk\n|-damage|p1a: Yveltal|91\/100|[from] item: Life Orb\n|\n|-heal|p2a: Noxious Basilisk|59\/100|[from] item: Leftovers\n|upkeep\n|turn|15\n|\n|t:|1699622687\n|-terastallize|p2a: Noxious Basilisk|Fairy\n|move|p2a: Noxious Basilisk|Toxic Spikes|p1a: Yveltal\n|-sidestart|p1: NeonJolteonWasUsed|move: Toxic Spikes\n|move|p1a: Yveltal|Dark Pulse|p2a: Noxious Basilisk\n|-resisted|p2a: Noxious Basilisk\n|-damage|p2a: Noxious Basilisk|36\/100\n|-damage|p1a: Yveltal|81\/100|[from] item: Life Orb\n|\n|-heal|p2a: Noxious Basilisk|42\/100|[from] item: Leftovers\n|upkeep\n|turn|16\n|\n|t:|1699622690\n|move|p2a: Noxious Basilisk|Recover|p2a: Noxious Basilisk\n|-heal|p2a: Noxious Basilisk|92\/100\n|move|p1a: Yveltal|Oblivion Wing|p2a: Noxious Basilisk\n|-damage|p2a: Noxious Basilisk|59\/100\n|-heal|p1a: Yveltal|100\/100|[from] drain|[of] p2a: Noxious Basilisk\n|-damage|p1a: Yveltal|91\/100|[from] item: Life Orb\n|\n|-heal|p2a: Noxious Basilisk|65\/100|[from] item: Leftovers\n|upkeep\n|turn|17\n|\n|t:|1699622694\n|move|p2a: Noxious Basilisk|Sludge Bomb|p1a: Yveltal\n|-damage|p1a: Yveltal|53\/100\n|-status|p1a: Yveltal|psn\n|move|p1a: Yveltal|Taunt|p2a: Noxious Basilisk\n|-start|p2a: Noxious Basilisk|move: Taunt\n|\n|-heal|p2a: Noxious Basilisk|72\/100|[from] item: Leftovers\n|-damage|p1a: Yveltal|41\/100 psn|[from] psn\n|upkeep\n|turn|18\n|\n|t:|1699622696\n|move|p2a: Noxious Basilisk|Sludge Bomb|p1a: Yveltal\n|-crit|p1a: Yveltal\n|-damage|p1a: Yveltal|0 fnt\n|faint|p1a: Yveltal\n|\n|-heal|p2a: Noxious Basilisk|78\/100|[from] item: Leftovers\n|upkeep\n|\n|t:|1699622699\n|switch|p1a: Smeargle|Smeargle, F|76\/100\n|-status|p1a: Smeargle|psn\n|turn|19\n|j| 1 em trach thu\n|c|\u2606Tahz|gg\n|\n|t:|1699622706\n|-terastallize|p1a: Smeargle|Steel\n|move|p2a: Noxious Basilisk|Sludge Bomb|p1a: Smeargle\n|-immune|p1a: Smeargle\n|move|p1a: Smeargle|Mortal Spin|p2a: Noxious Basilisk\n|-supereffective|p2a: Noxious Basilisk\n|-damage|p2a: Noxious Basilisk|74\/100\n|-status|p2a: Noxious Basilisk|psn\n|-sideend|p1: NeonJolteonWasUsed|Toxic Spikes|[from] move: Mortal Spin|[of] p1a: Smeargle\n|\n|-heal|p2a: Noxious Basilisk|81\/100 psn|[from] item: Leftovers\n|-damage|p2a: Noxious Basilisk|68\/100 psn|[from] psn\n|-damage|p1a: Smeargle|64\/100 psn|[from] psn\n|upkeep\n|turn|20\n|\n|t:|1699622724\n|move|p2a: Noxious Basilisk|Flamethrower|p1a: Smeargle\n|-supereffective|p1a: Smeargle\n|-damage|p1a: Smeargle|0 fnt\n|faint|p1a: Smeargle\n|\n|-heal|p2a: Noxious Basilisk|74\/100 psn|[from] item: Leftovers\n|-damage|p2a: Noxious Basilisk|62\/100 psn|[from] psn\n|-end|p2a: Noxious Basilisk|move: Taunt\n|upkeep\n|\n|t:|1699622727\n|switch|p1a: Kyogre|Kyogre|100\/100\n|detailschange|p1a: Kyogre|Kyogre-Primal\n|-primal|p1a: Kyogre|Blue Orb\n|-weather|PrimordialSea|[from] ability: Primordial Sea|[of] p1a: Kyogre\n|turn|21\n|\n|t:|1699622730\n|move|p2a: Noxious Basilisk|Sludge Bomb|p1a: Kyogre\n|-damage|p1a: Kyogre|71\/100\n|move|p1a: Kyogre|Origin Pulse|p2a: Noxious Basilisk|[miss]\n|-miss|p1a: Kyogre|p2a: Noxious Basilisk\n|\n|-weather|PrimordialSea|[upkeep]\n|-heal|p2a: Noxious Basilisk|68\/100 psn|[from] item: Leftovers\n|-damage|p2a: Noxious Basilisk|56\/100 psn|[from] psn\n|upkeep\n|turn|22\n|\n|t:|1699622732\n|move|p2a: Noxious Basilisk|Sludge Bomb|p1a: Kyogre\n|-damage|p1a: Kyogre|41\/100\n|-status|p1a: Kyogre|psn\n|move|p1a: Kyogre|Origin Pulse|p2a: Noxious Basilisk|[miss]\n|-miss|p1a: Kyogre|p2a: Noxious Basilisk\n|\n|-weather|PrimordialSea|[upkeep]\n|-heal|p2a: Noxious Basilisk|62\/100 psn|[from] item: Leftovers\n|-damage|p2a: Noxious Basilisk|50\/100 psn|[from] psn\n|-damage|p1a: Kyogre|28\/100 psn|[from] psn\n|upkeep\n|turn|23\n|\n|t:|1699622735\n|move|p2a: Noxious Basilisk|Sludge Bomb|p1a: Kyogre\n|-damage|p1a: Kyogre|0 fnt\n|faint|p1a: Kyogre\n|-weather|none\n|\n|win|Tahz\n|raw|NeonJolteonWasUsed's rating: 1726 &rarr; <strong>1701<\/strong><br \/>(-25 for losing)\n|raw|Tahz's rating: 1642 &rarr; <strong>1667<\/strong><br \/>(+25 for winning)\n|l|\u2606NeonJolteonWasUsed\n","uploadtime":1699622744,"views":11,"p1id":"neonjolteonwasused","p2id":"tahz","formatid":"gen9nationaldexubers","rating":1667,"private":0,"password":""}