{"id":"gen9nationaldexubers-1982345462","p1":"Chaitanya15","p2":"Zsv","format":"[Gen 9] National Dex Ubers","log":"|j|\u2606Chaitanya15\n|j|\u2606Zsv\n|t:|1699001373\n|gametype|singles\n|player|p1|Chaitanya15|101|1471\n|player|p2|Zsv|lusamine-nihilego|1398\n|teamsize|p1|6\n|teamsize|p2|6\n|gen|9\n|tier|[Gen 9] National Dex Ubers\n|rated|\n|rule|HP Percentage Mod: HP is shown in percentages\n|rule|Endless Battle Clause: Forcing endless battles is banned\n|rule|OHKO Clause: OHKO moves are banned\n|rule|Evasion Moves Clause: Evasion moves are banned\n|rule|Evasion Items Clause: Evasion items are banned\n|rule|Species Clause: Limit one of each Pok\u00e9mon\n|rule|Sleep Clause Mod: Limit one foe put to sleep\n|rule|Mega Rayquaza Clause: You cannot mega evolve Rayquaza\n|clearpoke\n|poke|p1|Kingambit, F|\n|poke|p1|Basculegion, M|\n|poke|p1|Pikachu, F|\n|poke|p1|Kyogre|\n|poke|p1|Flutter Mane|\n|poke|p1|Deoxys-Speed|\n|poke|p2|Zacian-*|\n|poke|p2|Mewtwo|\n|poke|p2|Palkia|\n|poke|p2|Arceus|\n|poke|p2|Dialga|\n|poke|p2|Giratina|\n|teampreview\n|inactive|Battle timer is ON: inactive players will automatically lose when time's up. (requested by Zsv)\n|\n|t:|1699001397\n|start\n|switch|p1a: Deoxys|Deoxys-Speed|100\/100\n|switch|p2a: Timeless|Dialga, shiny|100\/100\n|-ability|p1a: Deoxys|Pressure\n|-ability|p2a: Timeless|Pressure\n|turn|1\n|\n|t:|1699001406\n|move|p1a: Deoxys|Stealth Rock|p2a: Timeless\n|-sidestart|p2: Zsv|move: Stealth Rock\n|move|p2a: Timeless|Bulk Up|p2a: Timeless\n|-boost|p2a: Timeless|atk|1\n|-boost|p2a: Timeless|def|1\n|\n|upkeep\n|turn|2\n|\n|t:|1699001413\n|move|p1a: Deoxys|Spikes|p2a: Timeless\n|-sidestart|p2: Zsv|Spikes\n|move|p2a: Timeless|Dragon Claw|p1a: Deoxys\n|-damage|p1a: Deoxys|9\/100\n|\n|upkeep\n|turn|3\n|\n|t:|1699001420\n|move|p1a: Deoxys|Spikes|p2a: Timeless\n|-sidestart|p2: Zsv|Spikes\n|move|p2a: Timeless|Dragon Claw|p1a: Deoxys\n|-damage|p1a: Deoxys|0 fnt\n|faint|p1a: Deoxys\n|\n|upkeep\n|\n|t:|1699001432\n|switch|p1a: Pikachu|Pikachu, F|100\/100\n|turn|4\n|\n|t:|1699001436\n|move|p1a: Pikachu|Fake Out|p2a: Timeless\n|-resisted|p2a: Timeless\n|-damage|p2a: Timeless|97\/100\n|cant|p2a: Timeless|flinch\n|\n|-heal|p2a: Timeless|100\/100|[from] item: Leftovers\n|upkeep\n|turn|5\n|\n|t:|1699001444\n|move|p1a: Pikachu|Brick Break|p2a: Timeless\n|-supereffective|p2a: Timeless\n|-damage|p2a: Timeless|71\/100\n|move|p2a: Timeless|Earthquake|p1a: Pikachu\n|-supereffective|p1a: Pikachu\n|-damage|p1a: Pikachu|0 fnt\n|faint|p1a: Pikachu\n|\n|-heal|p2a: Timeless|77\/100|[from] item: Leftovers\n|upkeep\n|\n|t:|1699001464\n|switch|p1a: Flutter Mane|Flutter Mane|100\/100\n|-enditem|p1a: Flutter Mane|Booster Energy\n|-activate|p1a: Flutter Mane|ability: Protosynthesis|[fromitem]\n|-start|p1a: Flutter Mane|protosynthesisspe\n|turn|6\n|\n|t:|1699001471\n|move|p1a: Flutter Mane|Moonblast|p2a: Timeless\n|-damage|p2a: Timeless|31\/100\n|move|p2a: Timeless|Iron Head|p1a: Flutter Mane\n|-supereffective|p1a: Flutter Mane\n|-damage|p1a: Flutter Mane|0 fnt\n|faint|p1a: Flutter Mane\n|-end|p1a: Flutter Mane|Protosynthesis|[silent]\n|\n|-heal|p2a: Timeless|38\/100|[from] item: Leftovers\n|upkeep\n|\n|t:|1699001481\n|switch|p1a: Kyogre|Kyogre|100\/100\n|-weather|RainDance|[from] ability: Drizzle|[of] p1a: Kyogre\n|turn|7\n|\n|t:|1699001489\n|move|p1a: Kyogre|Water Spout|p2a: Timeless\n|-resisted|p2a: Timeless\n|-damage|p2a: Timeless|0 fnt\n|faint|p2a: Timeless\n|\n|-weather|RainDance|[upkeep]\n|upkeep\n|\n|t:|1699001501\n|switch|p2a: Astral|Palkia, shiny|100\/100\n|-damage|p2a: Astral|88\/100|[from] Stealth Rock\n|-damage|p2a: Astral|72\/100|[from] Spikes\n|-ability|p2a: Astral|Pressure\n|turn|8\n|\n|t:|1699001508\n|move|p1a: Kyogre|Water Spout|p2a: Astral\n|-resisted|p2a: Astral\n|-damage|p2a: Astral|40\/100\n|move|p2a: Astral|Spacial Rend|p1a: Kyogre\n|-crit|p1a: Kyogre\n|-damage|p1a: Kyogre|16\/100\n|\n|-weather|RainDance|[upkeep]\n|upkeep\n|turn|9\n|\n|t:|1699001519\n|switch|p1a: Kingambit|Kingambit, F|100\/100\n|-activate|p1a: Kingambit|ability: Supreme Overlord\n|-start|p1a: Kingambit|fallen3|[silent]\n|move|p2a: Astral|Surf|p1a: Kingambit\n|-damage|p1a: Kingambit|8\/100\n|\n|-weather|RainDance|[upkeep]\n|upkeep\n|turn|10\n|\n|t:|1699001528\n|move|p1a: Kingambit|Sucker Punch|p2a: Astral\n|-damage|p2a: Astral|0 fnt\n|faint|p2a: Astral\n|-damage|p1a: Kingambit|0 fnt|[from] item: Life Orb\n|faint|p1a: Kingambit\n|-end|p1a: Kingambit|fallen3|[silent]\n|\n|-weather|RainDance|[upkeep]\n|upkeep\n|\n|t:|1699001538\n|switch|p2a: Sanguine|Giratina, shiny|100\/100\n|switch|p1a: Basculegion|Basculegion, M|100\/100\n|-damage|p2a: Sanguine|88\/100|[from] Stealth Rock\n|-damage|p2a: Sanguine|71\/100|[from] Spikes\n|-ability|p2a: Sanguine|Pressure\n|turn|11\n|\n|t:|1699001547\n|move|p1a: Basculegion|Last Respects|p2a: Sanguine\n|-supereffective|p2a: Sanguine\n|-damage|p2a: Sanguine|0 fnt\n|faint|p2a: Sanguine\n|\n|-weather|none\n|upkeep\n|\n|t:|1699001553\n|switch|p2a: Arceus The Creator|Arceus, shiny|100\/100\n|-damage|p2a: Arceus The Creator|88\/100|[from] Stealth Rock\n|-damage|p2a: Arceus The Creator|72\/100|[from] Spikes\n|turn|12\n|\n|t:|1699001561\n|switch|p1a: Kyogre|Kyogre|16\/100\n|-weather|RainDance|[from] ability: Drizzle|[of] p1a: Kyogre\n|move|p2a: Arceus The Creator|Earthquake|p1a: Kyogre\n|-damage|p1a: Kyogre|0 fnt\n|faint|p1a: Kyogre\n|-damage|p2a: Arceus The Creator|62\/100|[from] item: Life Orb\n|\n|-weather|RainDance|[upkeep]\n|upkeep\n|\n|t:|1699001572\n|switch|p1a: Basculegion|Basculegion, M|100\/100\n|turn|13\n|\n|t:|1699001578\n|-terastallize|p1a: Basculegion|Water\n|move|p1a: Basculegion|Wave Crash|p2a: Arceus The Creator\n|-damage|p2a: Arceus The Creator|0 fnt\n|faint|p2a: Arceus The Creator\n|-damage|p1a: Basculegion|80\/100|[from] Recoil\n|\n|-weather|RainDance|[upkeep]\n|upkeep\n|\n|t:|1699001586\n|switch|p2a: Deus|Mewtwo|100\/100\n|-damage|p2a: Deus|88\/100|[from] Stealth Rock\n|-damage|p2a: Deus|71\/100|[from] Spikes\n|-ability|p2a: Deus|Pressure\n|turn|14\n|\n|t:|1699001593\n|move|p1a: Basculegion|Wave Crash|p2a: Deus\n|-damage|p2a: Deus|0 fnt\n|faint|p2a: Deus\n|-damage|p1a: Basculegion|59\/100|[from] Recoil\n|\n|-weather|RainDance|[upkeep]\n|upkeep\n|\n|t:|1699001598\n|switch|p2a: Zacian The Knight|Zacian-Crowned, shiny|100\/100\n|-damage|p2a: Zacian The Knight|94\/100|[from] Stealth Rock\n|-damage|p2a: Zacian The Knight|78\/100|[from] Spikes\n|-ability|p2a: Zacian The Knight|Intrepid Sword|boost\n|-boost|p2a: Zacian The Knight|atk|1\n|turn|15\n|\n|t:|1699001606\n|move|p1a: Basculegion|Wave Crash|p2a: Zacian The Knight\n|-crit|p2a: Zacian The Knight\n|-damage|p2a: Zacian The Knight|0 fnt\n|faint|p2a: Zacian The Knight\n|-damage|p1a: Basculegion|37\/100|[from] Recoil\n|\n|win|Chaitanya15\n|raw|Chaitanya15's rating: 1471 &rarr; <strong>1487<\/strong><br \/>(+16 for winning)\n|raw|Zsv's rating: 1398 &rarr; <strong>1382<\/strong><br \/>(-16 for losing)\n|l|\u2606Zsv\n|c|\u2606Chaitanya15|Gg\n","uploadtime":1699001616,"views":12,"p1id":"chaitanya15","p2id":"zsv","formatid":"gen9nationaldexubers","rating":1382,"private":0,"password":""}