{"id":"gen9nationaldexubers-1987660806","p1":"siiuubangal","p2":"fdbsisixifidi","format":"[Gen 9] National Dex Ubers","log":"|j|\u2606siiuubangal\n|j|\u2606fdbsisixifidi\n|t:|1699625100\n|gametype|singles\n|player|p1|siiuubangal|beauty-gen4dp|1293\n|player|p2|fdbsisixifidi|bellelba|1222\n|teamsize|p1|6\n|teamsize|p2|6\n|gen|9\n|tier|[Gen 9] National Dex Ubers\n|rated|\n|rule|HP Percentage Mod: HP is shown in percentages\n|rule|Endless Battle Clause: Forcing endless battles is banned\n|rule|OHKO Clause: OHKO moves are banned\n|rule|Evasion Moves Clause: Evasion moves are banned\n|rule|Evasion Items Clause: Evasion items are banned\n|rule|Species Clause: Limit one of each Pok\u00e9mon\n|rule|Sleep Clause Mod: Limit one foe put to sleep\n|rule|Mega Rayquaza Clause: You cannot mega evolve Rayquaza\n|clearpoke\n|poke|p1|Eternatus|\n|poke|p1|Mewtwo|\n|poke|p1|Dragapult, M|\n|poke|p1|Zacian-*|\n|poke|p1|Zamazenta-*|\n|poke|p1|Groudon|\n|poke|p2|Lucario, F|\n|poke|p2|Greninja-*, M|\n|poke|p2|Staraptor, M|\n|poke|p2|Weavile, M|\n|poke|p2|Garchomp, F|\n|poke|p2|Ribombee, M|\n|teampreview\n|\n|t:|1699625106\n|start\n|switch|p1a: Groudon|Groudon|100\/100\n|switch|p2a: Ribombee|Ribombee, M|100\/100\n|detailschange|p1a: Groudon|Groudon-Primal\n|-primal|p1a: Groudon|Red Orb\n|-weather|DesolateLand|[from] ability: Desolate Land|[of] p1a: Groudon\n|turn|1\n|\n|t:|1699625119\n|move|p2a: Ribombee|Moonblast|p1a: Groudon\n|-resisted|p1a: Groudon\n|-damage|p1a: Groudon|77\/100\n|-unboost|p1a: Groudon|spa|1\n|move|p1a: Groudon|Rock Polish|p1a: Groudon\n|-boost|p1a: Groudon|spe|2\n|\n|-weather|DesolateLand|[upkeep]\n|upkeep\n|turn|2\n|\n|t:|1699625134\n|move|p1a: Groudon|Rock Polish|p1a: Groudon\n|-boost|p1a: Groudon|spe|2\n|move|p2a: Ribombee|Moonblast|p1a: Groudon\n|-resisted|p1a: Groudon\n|-damage|p1a: Groudon|56\/100\n|\n|-weather|DesolateLand|[upkeep]\n|upkeep\n|turn|3\n|\n|t:|1699625151\n|move|p1a: Groudon|Eruption|p2a: Ribombee\n|-supereffective|p2a: Ribombee\n|-enditem|p2a: Ribombee|Focus Sash\n|-damage|p2a: Ribombee|1\/100\n|move|p2a: Ribombee|Moonblast|p1a: Groudon\n|-resisted|p1a: Groudon\n|-damage|p1a: Groudon|31\/100\n|\n|-weather|DesolateLand|[upkeep]\n|upkeep\n|turn|4\n|\n|t:|1699625166\n|move|p1a: Groudon|Eruption|p2a: Ribombee\n|-supereffective|p2a: Ribombee\n|-damage|p2a: Ribombee|0 fnt\n|faint|p2a: Ribombee\n|\n|-weather|DesolateLand|[upkeep]\n|upkeep\n|\n|t:|1699625173\n|switch|p2a: Staraptor|Staraptor, M|100\/100\n|-ability|p2a: Staraptor|Intimidate|boost\n|-unboost|p1a: Groudon|atk|1\n|turn|5\n|\n|t:|1699625178\n|move|p2a: Staraptor|Quick Attack|p1a: Groudon\n|-damage|p1a: Groudon|19\/100\n|move|p1a: Groudon|Eruption|p2a: Staraptor\n|-damage|p2a: Staraptor|77\/100\n|\n|-weather|DesolateLand|[upkeep]\n|upkeep\n|turn|6\n|\n|t:|1699625187\n|-weather|none\n|switch|p1a: Zamazenta|Zamazenta-Crowned|100\/100\n|-ability|p1a: Zamazenta|Dauntless Shield|boost\n|-boost|p1a: Zamazenta|def|1\n|move|p2a: Staraptor|Dual Wingbeat|p1a: Zamazenta\n|-damage|p1a: Zamazenta|89\/100\n|-damage|p1a: Zamazenta|76\/100\n|-hitcount|p1a: Zamazenta|2\n|\n|upkeep\n|turn|7\n|\n|t:|1699625203\n|move|p1a: Zamazenta|Psychic Fangs|p2a: Staraptor\n|-damage|p2a: Staraptor|28\/100\n|move|p2a: Staraptor|Close Combat|p1a: Zamazenta\n|-supereffective|p1a: Zamazenta\n|-damage|p1a: Zamazenta|30\/100\n|-unboost|p2a: Staraptor|def|1\n|-unboost|p2a: Staraptor|spd|1\n|\n|upkeep\n|turn|8\n|\n|t:|1699625214\n|move|p2a: Staraptor|Quick Attack|p1a: Zamazenta\n|-resisted|p1a: Zamazenta\n|-damage|p1a: Zamazenta|24\/100\n|move|p1a: Zamazenta|Behemoth Bash|p2a: Staraptor\n|-damage|p2a: Staraptor|0 fnt\n|faint|p2a: Staraptor\n|\n|upkeep\n|\n|t:|1699625233\n|switch|p2a: Garchomp|Garchomp, F|100\/100\n|turn|9\n|\n|t:|1699625239\n|move|p2a: Garchomp|Earthquake|p1a: Zamazenta\n|-supereffective|p1a: Zamazenta\n|-damage|p1a: Zamazenta|0 fnt\n|faint|p1a: Zamazenta\n|\n|upkeep\n|\n|t:|1699625247\n|switch|p1a: Zacian|Zacian-Crowned|100\/100\n|-ability|p1a: Zacian|Intrepid Sword|boost\n|-boost|p1a: Zacian|atk|1\n|turn|10\n|inactive|Battle timer is ON: inactive players will automatically lose when time's up. (requested by fdbsisixifidi)\n|\n|t:|1699625269\n|move|p2a: Garchomp|Earthquake|p1a: Zacian\n|-supereffective|p1a: Zacian\n|-damage|p1a: Zacian|2\/100\n|move|p1a: Zacian|Play Rough|p2a: Garchomp\n|-supereffective|p2a: Garchomp\n|-damage|p2a: Garchomp|0 fnt\n|faint|p2a: Garchomp\n|\n|upkeep\n|\n|t:|1699625280\n|switch|p2a: Lucario|Lucario, F|100\/100\n|turn|11\n|\n|t:|1699625292\n|detailschange|p2a: Lucario|Lucario-Mega, F\n|-mega|p2a: Lucario|Lucario|Lucarionite\n|move|p2a: Lucario|Bullet Punch|p1a: Zacian\n|-damage|p1a: Zacian|0 fnt\n|faint|p1a: Zacian\n|\n|upkeep\n|\n|t:|1699625303\n|switch|p1a: Groudon|Groudon-Primal|19\/100\n|-weather|DesolateLand|[from] ability: Desolate Land|[of] p1a: Groudon\n|turn|12\n|\n|t:|1699625310\n|move|p2a: Lucario|Crunch|p1a: Groudon\n|-damage|p1a: Groudon|0 fnt\n|faint|p1a: Groudon\n|-weather|none\n|\n|upkeep\n|\n|t:|1699625318\n|switch|p1a: Eternatus|Eternatus|100\/100\n|-ability|p1a: Eternatus|Pressure\n|-item|p1a: Eternatus|Air Balloon\n|turn|13\n|\n|t:|1699625326\n|move|p2a: Lucario|Bullet Punch|p1a: Eternatus\n|-damage|p1a: Eternatus|75\/100\n|-enditem|p1a: Eternatus|Air Balloon\n|move|p1a: Eternatus|Flamethrower|p2a: Lucario\n|-supereffective|p2a: Lucario\n|-damage|p2a: Lucario|0 fnt\n|faint|p2a: Lucario\n|\n|upkeep\n|\n|t:|1699625335\n|switch|p2a: Weavile|Weavile, M|100\/100\n|turn|14\n|\n|t:|1699625342\n|-terastallize|p1a: Eternatus|Steel\n|move|p1a: Eternatus|Dynamax Cannon|p2a: Weavile\n|-damage|p2a: Weavile|27\/100\n|move|p2a: Weavile|Triple Axel|p1a: Eternatus\n|-resisted|p1a: Eternatus\n|-damage|p1a: Eternatus|71\/100\n|-resisted|p1a: Eternatus\n|-damage|p1a: Eternatus|63\/100\n|-resisted|p1a: Eternatus\n|-damage|p1a: Eternatus|52\/100\n|-hitcount|p1a: Eternatus|3\n|\n|upkeep\n|turn|15\n|\n|t:|1699625361\n|move|p2a: Weavile|Ice Shard|p1a: Eternatus\n|-resisted|p1a: Eternatus\n|-damage|p1a: Eternatus|43\/100\n|move|p1a: Eternatus|Dynamax Cannon|p2a: Weavile\n|-damage|p2a: Weavile|0 fnt\n|faint|p2a: Weavile\n|\n|upkeep\n|\n|t:|1699625365\n|switch|p2a: Greninja|Greninja, M|100\/100\n|turn|16\n|\n|t:|1699625373\n|move|p1a: Eternatus|Recover|p1a: Eternatus\n|-heal|p1a: Eternatus|93\/100\n|move|p2a: Greninja|Surf|p1a: Eternatus\n|-damage|p1a: Eternatus|46\/100\n|-damage|p2a: Greninja|91\/100|[from] item: Life Orb\n|\n|upkeep\n|turn|17\n|\n|t:|1699625381\n|move|p1a: Eternatus|Recover|p1a: Eternatus\n|-heal|p1a: Eternatus|96\/100\n|move|p2a: Greninja|Surf|p1a: Eternatus\n|-damage|p1a: Eternatus|46\/100\n|-damage|p2a: Greninja|81\/100|[from] item: Life Orb\n|\n|upkeep\n|turn|18\n|\n|t:|1699625389\n|move|p1a: Eternatus|Recover|p1a: Eternatus\n|-heal|p1a: Eternatus|96\/100\n|move|p2a: Greninja|Surf|p1a: Eternatus\n|-damage|p1a: Eternatus|45\/100\n|-damage|p2a: Greninja|71\/100|[from] item: Life Orb\n|\n|upkeep\n|turn|19\n|\n|t:|1699625398\n|move|p1a: Eternatus|Recover|p1a: Eternatus\n|-heal|p1a: Eternatus|96\/100\n|move|p2a: Greninja|Surf|p1a: Eternatus\n|-damage|p1a: Eternatus|49\/100\n|-damage|p2a: Greninja|61\/100|[from] item: Life Orb\n|\n|upkeep\n|turn|20\n|\n|t:|1699625411\n|move|p1a: Eternatus|Recover|p1a: Eternatus\n|-heal|p1a: Eternatus|99\/100\n|move|p2a: Greninja|Surf|p1a: Eternatus\n|-damage|p1a: Eternatus|48\/100\n|-damage|p2a: Greninja|52\/100|[from] item: Life Orb\n|\n|upkeep\n|turn|21\n|\n|t:|1699625419\n|move|p1a: Eternatus|Recover|p1a: Eternatus\n|-heal|p1a: Eternatus|98\/100\n|move|p2a: Greninja|Surf|p1a: Eternatus\n|-damage|p1a: Eternatus|46\/100\n|-damage|p2a: Greninja|42\/100|[from] item: Life Orb\n|\n|upkeep\n|turn|22\n|-message|fdbsisixifidi forfeited.\n|\n|win|siiuubangal\n|raw|siiuubangal's rating: 1293 &rarr; <strong>1313<\/strong><br \/>(+20 for winning)\n|raw|fdbsisixifidi's rating: 1222 &rarr; <strong>1202<\/strong><br \/>(-20 for losing)\n|l|\u2606fdbsisixifidi\n","uploadtime":1699625433,"views":7,"p1id":"siiuubangal","p2id":"fdbsisixifidi","formatid":"gen9nationaldexubers","rating":1202,"private":0,"password":""}