{"id":"gen9nationaldexubers-1981492914","p1":"Dracho23","p2":"GL Lukas","format":"[Gen 9] National Dex Ubers","log":"|j|\u2606Dracho23\n|j|\u2606GL Lukas\n|t:|1698906020\n|gametype|singles\n|player|p1|Dracho23|blue|1320\n|player|p2|GL Lukas|volkner|1327\n|teamsize|p1|6\n|teamsize|p2|6\n|gen|9\n|tier|[Gen 9] National Dex Ubers\n|rated|\n|rule|HP Percentage Mod: HP is shown in percentages\n|rule|Endless Battle Clause: Forcing endless battles is banned\n|rule|OHKO Clause: OHKO moves are banned\n|rule|Evasion Moves Clause: Evasion moves are banned\n|rule|Evasion Items Clause: Evasion items are banned\n|rule|Species Clause: Limit one of each Pok\u00e9mon\n|rule|Sleep Clause Mod: Limit one foe put to sleep\n|rule|Mega Rayquaza Clause: You cannot mega evolve Rayquaza\n|clearpoke\n|poke|p1|Gengar, M|\n|poke|p1|Gardevoir, F|\n|poke|p1|Golduck, M|\n|poke|p1|Ursaluna-Bloodmoon, M|\n|poke|p1|Roaring Moon|\n|poke|p1|Groudon|\n|poke|p2|Annihilape, M|\n|poke|p2|Ursaluna-Bloodmoon, M|\n|poke|p2|Metagross|\n|poke|p2|Amoonguss, M|\n|poke|p2|Gyarados, M|\n|poke|p2|Incineroar, M|\n|teampreview\n|inactive|Battle timer is ON: inactive players will automatically lose when time's up. (requested by Dracho23)\n|\n|t:|1698906028\n|start\n|switch|p1a: Queenzy|Gardevoir, F, shiny|100\/100\n|switch|p2a: Ursaluna|Ursaluna-Bloodmoon, M|100\/100\n|-ability|p1a: Queenzy|Mind's Eye|[from] ability: Trace|[of] p2a: Ursaluna\n|turn|1\n|\n|t:|1698906040\n|move|p1a: Queenzy|Energy Ball|p2a: Ursaluna\n|-supereffective|p2a: Ursaluna\n|-damage|p2a: Ursaluna|29\/100\n|-unboost|p2a: Ursaluna|spd|1\n|move|p2a: Ursaluna|Blood Moon|p1a: Queenzy\n|-damage|p1a: Queenzy|34\/100\n|\n|-heal|p2a: Ursaluna|35\/100|[from] item: Leftovers\n|upkeep\n|turn|2\n|\n|t:|1698906052\n|switch|p2a: Incineroar|Incineroar, M|100\/100\n|-ability|p2a: Incineroar|Intimidate|boost\n|-unboost|p1a: Queenzy|atk|1\n|move|p1a: Queenzy|Energy Ball|p2a: Incineroar\n|-resisted|p2a: Incineroar\n|-damage|p2a: Incineroar|83\/100\n|\n|upkeep\n|turn|3\n|\n|t:|1698906061\n|move|p2a: Incineroar|Fake Out|p1a: Queenzy\n|-damage|p1a: Queenzy|9\/100\n|cant|p1a: Queenzy|flinch\n|\n|upkeep\n|turn|4\n|\n|t:|1698906068\n|move|p1a: Queenzy|Moonblast|p2a: Incineroar\n|-damage|p2a: Incineroar|37\/100\n|move|p2a: Incineroar|Darkest Lariat|p1a: Queenzy\n|-damage|p1a: Queenzy|0 fnt\n|faint|p1a: Queenzy\n|\n|upkeep\n|\n|t:|1698906076\n|switch|p1a: Misha|Ursaluna-Bloodmoon, M|100\/100\n|turn|5\n|\n|t:|1698906081\n|move|p2a: Incineroar|Parting Shot|p1a: Misha\n|-unboost|p1a: Misha|atk|1\n|-unboost|p1a: Misha|spa|1\n|\n|t:|1698906108\n|switch|p2a: Annihilape|Annihilape, M|100\/100|[from] Parting Shot\n|move|p1a: Misha|Calm Mind|p1a: Misha\n|-boost|p1a: Misha|spa|1\n|-boost|p1a: Misha|spd|1\n|\n|upkeep\n|turn|6\n|\n|t:|1698906123\n|move|p2a: Annihilape|Bulk Up|p2a: Annihilape\n|-boost|p2a: Annihilape|atk|1\n|-boost|p2a: Annihilape|def|1\n|move|p1a: Misha|Calm Mind|p1a: Misha\n|-boost|p1a: Misha|spa|1\n|-boost|p1a: Misha|spd|1\n|\n|upkeep\n|turn|7\n|\n|t:|1698906131\n|move|p2a: Annihilape|Drain Punch|p1a: Misha\n|-supereffective|p1a: Misha\n|-damage|p1a: Misha|43\/100\n|-damage|p2a: Annihilape|84\/100|[from] item: Rocky Helmet|[of] p1a: Misha\n|move|p1a: Misha|Blood Moon|p2a: Annihilape\n|-damage|p2a: Annihilape|14\/100\n|\n|-heal|p2a: Annihilape|20\/100|[from] item: Leftovers\n|upkeep\n|turn|8\n|\n|t:|1698906141\n|move|p1a: Misha|Vacuum Wave|p2a: Annihilape\n|-damage|p2a: Annihilape|5\/100\n|move|p2a: Annihilape|Drain Punch|p1a: Misha\n|-supereffective|p1a: Misha\n|-damage|p1a: Misha|0 fnt\n|-heal|p2a: Annihilape|27\/100|[from] drain|[of] p1a: Misha\n|-damage|p2a: Annihilape|10\/100|[from] item: Rocky Helmet|[of] p1a: Misha\n|faint|p1a: Misha\n|\n|-heal|p2a: Annihilape|17\/100|[from] item: Leftovers\n|upkeep\n|\n|t:|1698906153\n|switch|p1a: Bhoo|Gengar, M|100\/100\n|turn|9\n|\n|t:|1698906160\n|switch|p2a: Incineroar|Incineroar, M|37\/100\n|-ability|p2a: Incineroar|Intimidate|boost\n|-unboost|p1a: Bhoo|atk|1\n|move|p1a: Bhoo|Dazzling Gleam|p2a: Incineroar\n|-damage|p2a: Incineroar|11\/100\n|\n|upkeep\n|turn|10\n|\n|t:|1698906168\n|move|p1a: Bhoo|Shadow Ball|p2a: Incineroar\n|-resisted|p2a: Incineroar\n|-damage|p2a: Incineroar|0 fnt\n|faint|p2a: Incineroar\n|\n|upkeep\n|\n|t:|1698906174\n|switch|p2a: Gyarados|Gyarados, M|100\/100\n|-ability|p2a: Gyarados|Intimidate|boost\n|-unboost|p1a: Bhoo|atk|1\n|turn|11\n|\n|t:|1698906181\n|move|p1a: Bhoo|Thunderbolt|p2a: Gyarados\n|-supereffective|p2a: Gyarados\n|-damage|p2a: Gyarados|0 fnt\n|faint|p2a: Gyarados\n|\n|upkeep\n|\n|t:|1698906187\n|switch|p2a: Metagross|Metagross|100\/100\n|turn|12\n|\n|t:|1698906191\n|detailschange|p2a: Metagross|Metagross-Mega\n|-mega|p2a: Metagross|Metagross|Metagrossite\n|move|p1a: Bhoo|Shadow Ball|p2a: Metagross\n|-supereffective|p2a: Metagross\n|-damage|p2a: Metagross|5\/100\n|move|p2a: Metagross|Hone Claws|p2a: Metagross\n|-boost|p2a: Metagross|atk|1\n|-boost|p2a: Metagross|accuracy|1\n|\n|upkeep\n|turn|13\n|\n|t:|1698906203\n|move|p1a: Bhoo|Shadow Ball|p2a: Metagross\n|-supereffective|p2a: Metagross\n|-damage|p2a: Metagross|0 fnt\n|faint|p2a: Metagross\n|\n|upkeep\n|-message|GL Lukas forfeited.\n|\n|win|Dracho23\n|raw|Dracho23's rating: 1320 &rarr; <strong>1340<\/strong><br \/>(+20 for winning)\n|raw|GL Lukas's rating: 1327 &rarr; <strong>1307<\/strong><br \/>(-20 for losing)\n|l|\u2606GL Lukas\n","uploadtime":1698906250,"views":8,"p1id":"dracho23","p2id":"gllukas","formatid":"gen9nationaldexubers","rating":1307,"private":0,"password":""}