{"id":"gen9nationaldexubers-1983471910","p1":"goobiathan","p2":"Tudedude_cooldude","format":"[Gen 9] National Dex Ubers","log":"|j|\u2606goobiathan\n|j|\u2606Tudedude_cooldude\n|t:|1699133730\n|gametype|singles\n|player|p1|goobiathan|n|\n|player|p2|Tudedude_cooldude|170|\n|teamsize|p1|6\n|teamsize|p2|6\n|gen|9\n|tier|[Gen 9] National Dex Ubers\n|rule|HP Percentage Mod: HP is shown in percentages\n|rule|Endless Battle Clause: Forcing endless battles is banned\n|rule|OHKO Clause: OHKO moves are banned\n|rule|Evasion Moves Clause: Evasion moves are banned\n|rule|Evasion Items Clause: Evasion items are banned\n|rule|Species Clause: Limit one of each Pok\u00e9mon\n|rule|Sleep Clause Mod: Limit one foe put to sleep\n|rule|Mega Rayquaza Clause: You cannot mega evolve Rayquaza\n|clearpoke\n|poke|p1|Urshifu-*, M|\n|poke|p1|Silvally-*|\n|poke|p1|Ninetales, F|\n|poke|p1|Moltres-Galar|\n|poke|p1|Charizard, F|\n|poke|p1|Brute Bonnet|\n|poke|p2|Beedrill, F|\n|poke|p2|Clefairy, F|\n|poke|p2|Infernape, M|\n|poke|p2|Sandslash, M|\n|poke|p2|Skarmory, M|\n|poke|p2|Vivillon, F|\n|teampreview\n|j| The23rdPower\n|j| aplestick\n|\n|t:|1699133765\n|start\n|switch|p1a: Urshifu|Urshifu-Rapid-Strike, M|100\/100\n|switch|p2a: Cardi Bee|Beedrill, F|100\/100\n|turn|1\n|j| danbultheman\n|\n|t:|1699133807\n|detailschange|p2a: Cardi Bee|Beedrill-Mega, F\n|-mega|p2a: Cardi Bee|Beedrill|Beedrillite\n|move|p2a: Cardi Bee|Knock Off|p1a: Urshifu\n|-resisted|p1a: Urshifu\n|-crit|p1a: Urshifu\n|-damage|p1a: Urshifu|69\/100\n|-enditem|p1a: Urshifu|Life Orb|[from] move: Knock Off|[of] p2a: Cardi Bee\n|move|p1a: Urshifu|Bulk Up|p1a: Urshifu\n|-boost|p1a: Urshifu|atk|1\n|-boost|p1a: Urshifu|def|1\n|\n|upkeep\n|turn|2\n|\n|t:|1699133819\n|move|p2a: Cardi Bee|U-turn|p1a: Urshifu\n|-resisted|p1a: Urshifu\n|-damage|p1a: Urshifu|48\/100\n|l| aplestick\n|c| danbultheman|Tude is clinically insane\n|\n|t:|1699133825\n|switch|p2a: Wyvern|Skarmory, M|100\/100|[from] U-turn\n|move|p1a: Urshifu|Bulk Up|p1a: Urshifu\n|-boost|p1a: Urshifu|atk|1\n|-boost|p1a: Urshifu|def|1\n|\n|upkeep\n|turn|3\n|j| superoinge22\n|\n|t:|1699133832\n|move|p1a: Urshifu|Drain Punch|p2a: Wyvern\n|-damage|p2a: Wyvern|58\/100\n|-heal|p1a: Urshifu|69\/100|[from] drain|[of] p2a: Wyvern\n|-damage|p1a: Urshifu|52\/100|[from] item: Rocky Helmet|[of] p2a: Wyvern\n|move|p2a: Wyvern|Drill Peck|p1a: Urshifu\n|-supereffective|p1a: Urshifu\n|-damage|p1a: Urshifu|31\/100\n|\n|upkeep\n|turn|4\n|j| aplestick\n|\n|t:|1699133841\n|move|p1a: Urshifu|Drain Punch|p2a: Wyvern\n|-damage|p2a: Wyvern|10\/100\n|-heal|p1a: Urshifu|54\/100|[from] drain|[of] p2a: Wyvern\n|-damage|p1a: Urshifu|38\/100|[from] item: Rocky Helmet|[of] p2a: Wyvern\n|move|p2a: Wyvern|Roost|p2a: Wyvern\n|-heal|p2a: Wyvern|60\/100\n|-singleturn|p2a: Wyvern|move: Roost\n|\n|upkeep\n|turn|5\n|c| superoinge22|Rocky helmet is nice\n|\n|t:|1699133856\n|move|p1a: Urshifu|Bulk Up|p1a: Urshifu\n|-boost|p1a: Urshifu|atk|1\n|-boost|p1a: Urshifu|def|1\n|move|p2a: Wyvern|Roost|p2a: Wyvern\n|-heal|p2a: Wyvern|100\/100\n|-singleturn|p2a: Wyvern|move: Roost\n|\n|upkeep\n|turn|6\n|c| superoinge22|Oh dear\n|c| superoinge22|Surely he doesnt get swept clueless\n|c| The23rdPower|I think he will not\n|l| danbultheman\n|c| The23rdPower|But he needs to play correctly\n|j| danbultheman\n|\n|t:|1699133909\n|move|p1a: Urshifu|Bulk Up|p1a: Urshifu\n|-boost|p1a: Urshifu|atk|1\n|-boost|p1a: Urshifu|def|1\n|move|p2a: Wyvern|Drill Peck|p1a: Urshifu\n|-supereffective|p1a: Urshifu\n|-damage|p1a: Urshifu|23\/100\n|\n|upkeep\n|turn|7\n|\n|t:|1699133916\n|move|p1a: Urshifu|Drain Punch|p2a: Wyvern\n|-damage|p2a: Wyvern|36\/100\n|-heal|p1a: Urshifu|55\/100|[from] drain|[of] p2a: Wyvern\n|-damage|p1a: Urshifu|39\/100|[from] item: Rocky Helmet|[of] p2a: Wyvern\n|move|p2a: Wyvern|Spikes|p1a: Urshifu\n|-sidestart|p1: goobiathan|Spikes\n|\n|upkeep\n|turn|8\n|c| danbultheman|Ok\n|\n|t:|1699133927\n|move|p1a: Urshifu|Drain Punch|p2a: Wyvern\n|-damage|p2a: Wyvern|0 fnt\n|-heal|p1a: Urshifu|56\/100|[from] drain|[of] p2a: Wyvern\n|-damage|p1a: Urshifu|40\/100|[from] item: Rocky Helmet|[of] p2a: Wyvern\n|faint|p2a: Wyvern\n|\n|upkeep\n|c| superoinge22|Oh dear\n|\n|t:|1699133933\n|switch|p2a: noodle boy|Infernape, M|100\/100\n|turn|9\n|\n|t:|1699133938\n|move|p1a: Urshifu|Surging Strikes|p2a: noodle boy\n|-supereffective|p2a: noodle boy\n|-crit|p2a: noodle boy\n|-enditem|p2a: noodle boy|Focus Sash\n|-damage|p2a: noodle boy|1\/100\n|-supereffective|p2a: noodle boy\n|-crit|p2a: noodle boy\n|-damage|p2a: noodle boy|0 fnt\n|faint|p2a: noodle boy\n|-hitcount|p2: noodle boy|2\n|\n|upkeep\n|l| aplestick\n|c| superoinge22|Oh dear\n|c| danbultheman|Not max speed infernape\n|c| superoinge22|He did not know\n|c| danbultheman|wow\n|c| superoinge22|23rd influence got to him rip\n|\n|t:|1699133984\n|switch|p2a: Cardi Bee|Beedrill-Mega, F|100\/100\n|turn|10\n|\n|t:|1699134029\n|move|p2a: Cardi Bee|Poison Jab|p1a: Urshifu\n|-damage|p1a: Urshifu|16\/100\n|move|p1a: Urshifu|Surging Strikes|p2a: Cardi Bee\n|-crit|p2a: Cardi Bee\n|-damage|p2a: Cardi Bee|0 fnt\n|faint|p2a: Cardi Bee\n|-hitcount|p2: Cardi Bee|1\n|\n|upkeep\n|c| superoinge22|Oh dear\n|j| NotMHP\n|l| danbultheman\n|\n|t:|1699134069\n|switch|p2a: Ali|Vivillon, F|100\/100\n|turn|11\n|\n|t:|1699134076\n|move|p1a: Urshifu|Surging Strikes|p2a: Ali\n|-crit|p2a: Ali\n|-damage|p2a: Ali|12\/100\n|-crit|p2a: Ali\n|-damage|p2a: Ali|0 fnt\n|faint|p2a: Ali\n|-hitcount|p2: Ali|2\n|\n|upkeep\n|c| NotMHP|this is what I tab into\n|\n|t:|1699134086\n|switch|p2a: Chamsey|Clefairy, F|100\/100\n|turn|12\n|\n|t:|1699134094\n|move|p1a: Urshifu|Surging Strikes|p2a: Chamsey\n|-crit|p2a: Chamsey\n|-damage|p2a: Chamsey|36\/100\n|-crit|p2a: Chamsey\n|-damage|p2a: Chamsey|0 fnt\n|faint|p2a: Chamsey\n|-hitcount|p2: Chamsey|2\n|\n|upkeep\n|\n|t:|1699134100\n|switch|p2a: Knuckles|Sandslash, M, shiny|100\/100\n|turn|13\n|c| The23rdPower|Rematch Tude rn\n|\n|t:|1699134103\n|move|p1a: Urshifu|Surging Strikes|p2a: Knuckles\n|-supereffective|p2a: Knuckles\n|-crit|p2a: Knuckles\n|-damage|p2a: Knuckles|0 fnt\n|faint|p2a: Knuckles\n|-hitcount|p2: Knuckles|1\n|\n|win|goobiathan\n|c| superoinge22|Truly an oh dear moment\n|c| The23rdPower|Coward\n","uploadtime":1699134113,"views":31,"p1id":"goobiathan","p2id":"tudedudecooldude","formatid":"gen9nationaldexubers","rating":0,"private":0,"password":""}