{"id":"gen9nationaldexubers-1991507292","p1":"IdontKnowHow949","p2":"RedemptionDeath","format":"[Gen 9] National Dex Ubers","log":"|j|\u2606IdontKnowHow949\n|j|\u2606RedemptionDeath\n|t:|1700083278\n|gametype|singles\n|player|p1|IdontKnowHow949|steven|1153\n|player|p2|RedemptionDeath|169|1106\n|teamsize|p1|6\n|teamsize|p2|6\n|gen|9\n|tier|[Gen 9] National Dex Ubers\n|rated|\n|rule|HP Percentage Mod: HP is shown in percentages\n|rule|Endless Battle Clause: Forcing endless battles is banned\n|rule|OHKO Clause: OHKO moves are banned\n|rule|Evasion Moves Clause: Evasion moves are banned\n|rule|Evasion Items Clause: Evasion items are banned\n|rule|Species Clause: Limit one of each Pok\u00e9mon\n|rule|Sleep Clause Mod: Limit one foe put to sleep\n|rule|Mega Rayquaza Clause: You cannot mega evolve Rayquaza\n|clearpoke\n|poke|p1|Kartana|\n|poke|p1|Chi-Yu|\n|poke|p1|Hitmonlee, M|\n|poke|p1|Cyclizar, F|\n|poke|p1|Gholdengo|\n|poke|p1|Mewtwo|\n|poke|p2|Dondozo, F|\n|poke|p2|Gliscor, F|\n|poke|p2|Dubwool, F|\n|poke|p2|Corviknight, M|\n|poke|p2|Clefable, F|\n|poke|p2|Dragapult, M|\n|teampreview\n|inactive|Battle timer is ON: inactive players will automatically lose when time's up. (requested by RedemptionDeath)\n|\n|t:|1700083293\n|start\n|switch|p1a: Hitmonlee|Hitmonlee, M|100\/100\n|switch|p2a: Dragapult|Dragapult, M|100\/100\n|turn|1\n|\n|t:|1700083315\n|move|p2a: Dragapult|Dragon Dance|p2a: Dragapult\n|-boost|p2a: Dragapult|atk|1\n|-boost|p2a: Dragapult|spe|1\n|move|p1a: Hitmonlee|Curse|p1a: Hitmonlee\n|-unboost|p1a: Hitmonlee|spe|1\n|-boost|p1a: Hitmonlee|atk|1\n|-boost|p1a: Hitmonlee|def|1\n|-enditem|p1a: Hitmonlee|White Herb\n|-clearnegativeboost|p1a: Hitmonlee|[silent]\n|\n|upkeep\n|turn|2\n|inactive|IdontKnowHow949 has 120 seconds left.\n|\n|t:|1700083337\n|move|p2a: Dragapult|Dragon Dance|p2a: Dragapult\n|-boost|p2a: Dragapult|atk|1\n|-boost|p2a: Dragapult|spe|1\n|move|p1a: Hitmonlee|Earthquake|p2a: Dragapult\n|-damage|p2a: Dragapult|33\/100\n|\n|upkeep\n|turn|3\n|\n|t:|1700083346\n|-terastallize|p1a: Hitmonlee|Steel\n|move|p2a: Dragapult|Dragon Darts|p1a: Hitmonlee\n|-resisted|p1a: Hitmonlee\n|-damage|p1a: Hitmonlee|74\/100\n|-anim|p2a: Dragapult|Dragon Darts|p1a: Hitmonlee\n|-resisted|p1a: Hitmonlee\n|-crit|p1a: Hitmonlee\n|-damage|p1a: Hitmonlee|12\/100\n|move|p1a: Hitmonlee|Earthquake|p2a: Dragapult\n|-damage|p2a: Dragapult|0 fnt\n|faint|p2a: Dragapult\n|\n|upkeep\n|inactive|RedemptionDeath has 120 seconds left.\n|\n|t:|1700083380\n|switch|p2a: Clefable|Clefable, F|100\/100\n|turn|4\n|\n|t:|1700083396\n|move|p1a: Hitmonlee|Earthquake|p2a: Clefable\n|-damage|p2a: Clefable|52\/100\n|move|p2a: Clefable|Moonblast|p1a: Hitmonlee\n|-resisted|p1a: Hitmonlee\n|-damage|p1a: Hitmonlee|0 fnt\n|faint|p1a: Hitmonlee\n|\n|-heal|p2a: Clefable|58\/100|[from] item: Leftovers\n|upkeep\n|inactive|IdontKnowHow949 has 120 seconds left.\n|\n|t:|1700083415\n|switch|p1a: Kartana|Kartana|100\/100\n|turn|5\n|inactive|IdontKnowHow949 has 120 seconds left.\n|inactive|RedemptionDeath has 120 seconds left.\n|\n|t:|1700083446\n|move|p1a: Kartana|Smart Strike|p2a: Clefable\n|-supereffective|p2a: Clefable\n|-damage|p2a: Clefable|0 fnt\n|faint|p2a: Clefable\n|-ability|p1a: Kartana|Beast Boost|boost\n|-boost|p1a: Kartana|atk|1\n|-damage|p1a: Kartana|91\/100|[from] item: Life Orb\n|\n|upkeep\n|inactive|RedemptionDeath has 120 seconds left.\n|\n|t:|1700083464\n|switch|p2a: Dubwool|Dubwool, F|100\/100\n|turn|6\n|\n|t:|1700083477\n|move|p1a: Kartana|Psycho Cut|p2a: Dubwool\n|-crit|p2a: Dubwool\n|-damage|p2a: Dubwool|16\/100\n|-damage|p1a: Kartana|81\/100|[from] item: Life Orb\n|move|p2a: Dubwool|Cotton Guard|p2a: Dubwool\n|-boost|p2a: Dubwool|def|3\n|\n|-heal|p2a: Dubwool|22\/100|[from] item: Leftovers\n|upkeep\n|turn|7\n|c|\u2606RedemptionDeath|dawg\n|n|!RedemptionDeath|redemptiondeath\n|inactive|RedemptionDeath has 120 seconds left.\n|\n|t:|1700083490\n|move|p1a: Kartana|Psycho Cut|p2a: Dubwool\n|-damage|p2a: Dubwool|0 fnt\n|faint|p2a: Dubwool\n|-ability|p1a: Kartana|Beast Boost|boost\n|-boost|p1a: Kartana|atk|1\n|-damage|p1a: Kartana|72\/100|[from] item: Life Orb\n|\n|upkeep\n|\n|t:|1700083492\n|switch|p2a: Corviknight|Corviknight, M|100\/100\n|-ability|p2a: Corviknight|Pressure\n|turn|8\n|\n|t:|1700083500\n|move|p1a: Kartana|Sacred Sword|p2a: Corviknight\n|-damage|p2a: Corviknight|18\/100\n|-damage|p1a: Kartana|55\/100|[from] item: Rocky Helmet|[of] p2a: Corviknight\n|-damage|p1a: Kartana|45\/100|[from] item: Life Orb\n|move|p2a: Corviknight|Bulk Up|p2a: Corviknight\n|-boost|p2a: Corviknight|atk|1\n|-boost|p2a: Corviknight|def|1\n|\n|upkeep\n|turn|9\n|-message|RedemptionDeath forfeited.\n|\n|win|IdontKnowHow949\n|raw|IdontKnowHow949's rating: 1153 &rarr; <strong>1175<\/strong><br \/>(+22 for winning)\n|raw|RedemptionDeath's rating: 1106 &rarr; <strong>1084<\/strong><br \/>(-22 for losing)\n|l|!RedemptionDeath\n","uploadtime":1700083486,"views":7,"p1id":"idontknowhow949","p2id":"redemptiondeath","formatid":"gen9nationaldexubers","rating":1084,"private":0,"password":""}