{"id":"gen9nationaldexubers-1989568821","p1":"sub_0strike>(","p2":"C0ld as Ice","format":"[Gen 9] National Dex Ubers","log":"|j|\u2606sub_0strike>(\n|j|\u2606C0ld as Ice\n|t:|1699872683\n|gametype|singles\n|player|p1|sub_0strike>(|unknown|1490\n|player|p2|C0ld as Ice|schoolkid-gen4dp|1614\n|teamsize|p1|6\n|teamsize|p2|6\n|gen|9\n|tier|[Gen 9] National Dex Ubers\n|rated|\n|rule|HP Percentage Mod: HP is shown in percentages\n|rule|Endless Battle Clause: Forcing endless battles is banned\n|rule|OHKO Clause: OHKO moves are banned\n|rule|Evasion Moves Clause: Evasion moves are banned\n|rule|Evasion Items Clause: Evasion items are banned\n|rule|Species Clause: Limit one of each Pok\u00e9mon\n|rule|Sleep Clause Mod: Limit one foe put to sleep\n|rule|Mega Rayquaza Clause: You cannot mega evolve Rayquaza\n|clearpoke\n|poke|p1|Yveltal|\n|poke|p1|Eternatus|\n|poke|p1|Necrozma-Dusk-Mane|\n|poke|p1|Zygarde|\n|poke|p1|Ferrothorn, F|\n|poke|p1|Marshadow|\n|poke|p2|Zygarde|\n|poke|p2|Necrozma-Dusk-Mane|\n|poke|p2|Arceus|\n|poke|p2|Samurott-Hisui, M|\n|poke|p2|Flutter Mane|\n|poke|p2|Marshadow|\n|teampreview\n|inactive|Battle timer is ON: inactive players will automatically lose when time's up. (requested by C0ld as Ice)\n|inactive|C0ld as Ice has 120 seconds left.\n|\n|t:|1699872723\n|start\n|switch|p1a: Eternatus|Eternatus|100\/100\n|switch|p2a: Samurott|Samurott-Hisui, M, shiny|100\/100\n|-ability|p1a: Eternatus|Pressure\n|turn|1\n|\n|t:|1699872726\n|move|p1a: Eternatus|Dynamax Cannon|p2a: Samurott\n|-damage|p2a: Samurott|26\/100\n|move|p2a: Samurott|Bulldoze|p1a: Eternatus\n|-supereffective|p1a: Eternatus\n|-damage|p1a: Eternatus|74\/100\n|-unboost|p1a: Eternatus|spe|1\n|\n|-heal|p1a: Eternatus|80\/100|[from] item: Leftovers\n|upkeep\n|turn|2\n|\n|t:|1699872733\n|move|p2a: Samurott|Ceaseless Edge|p1a: Eternatus\n|-damage|p1a: Eternatus|45\/100\n|-sidestart|p1: sub_0strike>(|Spikes\n|move|p1a: Eternatus|Dynamax Cannon|p2a: Samurott\n|-damage|p2a: Samurott|0 fnt\n|faint|p2a: Samurott\n|\n|-heal|p1a: Eternatus|51\/100|[from] item: Leftovers\n|upkeep\n|\n|t:|1699872747\n|switch|p2a: Necrozma|Necrozma-Dusk-Mane, shiny|100\/100\n|turn|3\n|\n|t:|1699872752\n|move|p1a: Eternatus|Recover|p1a: Eternatus\n|-heal|p1a: Eternatus|100\/100\n|move|p2a: Necrozma|Dragon Dance|p2a: Necrozma\n|-boost|p2a: Necrozma|atk|1\n|-boost|p2a: Necrozma|spe|1\n|\n|upkeep\n|turn|4\n|\n|t:|1699872769\n|switch|p1a: Necrozma|Necrozma-Dusk-Mane|100\/100\n|-damage|p1a: Necrozma|88\/100|[from] Spikes\n|move|p2a: Necrozma|Dragon Dance|p2a: Necrozma\n|-boost|p2a: Necrozma|atk|1\n|-boost|p2a: Necrozma|spe|1\n|\n|-heal|p1a: Necrozma|94\/100|[from] item: Leftovers\n|upkeep\n|turn|5\n|\n|t:|1699872774\n|move|p2a: Necrozma|Earthquake|p1a: Necrozma\n|-supereffective|p1a: Necrozma\n|-damage|p1a: Necrozma|7\/100\n|move|p1a: Necrozma|Toxic|p2a: Necrozma\n|-immune|p2a: Necrozma\n|\n|-heal|p1a: Necrozma|13\/100|[from] item: Leftovers\n|upkeep\n|turn|6\n|\n|t:|1699872778\n|move|p2a: Necrozma|Photon Geyser|p1a: Necrozma\n|-resisted|p1a: Necrozma\n|-damage|p1a: Necrozma|0 fnt\n|faint|p1a: Necrozma\n|\n|upkeep\n|\n|t:|1699872781\n|switch|p1a: Ferrothorn|Ferrothorn, F|100\/100\n|-damage|p1a: Ferrothorn|88\/100|[from] Spikes\n|turn|7\n|\n|t:|1699872784\n|-zpower|p2a: Necrozma\n|move|p2a: Necrozma|Searing Sunraze Smash|p1a: Ferrothorn|[zeffect]\n|-resisted|p1a: Ferrothorn\n|-damage|p1a: Ferrothorn|0 fnt\n|-damage|p2a: Necrozma|88\/100|[from] ability: Iron Barbs|[of] p1a: Ferrothorn\n|faint|p1a: Ferrothorn\n|\n|upkeep\n|-message|sub_0strike>( forfeited.\n|\n|win|C0ld as Ice\n|raw|sub_0strike&gt;('s rating: 1490 &rarr; <strong>1475<\/strong><br \/>(-15 for losing)\n|raw|C0ld as Ice's rating: 1585 &rarr; <strong>1600<\/strong><br \/>(+15 for winning)\n|l|\u2606sub_0strike>(\n","uploadtime":1699872971,"views":4,"p1id":"sub0strike","p2id":"c0ldasice","formatid":"gen9nationaldexubers","rating":1475,"private":0,"password":""}