{"id":"gen9nationaldexubers-1980037496","p1":"zuberto","p2":"FLAME HEART BR","format":"[Gen 9] National Dex Ubers","log":"|j|\u2606zuberto\n|j|\u2606FLAME HEART BR\n|t:|1698750011\n|gametype|singles\n|player|p1|zuberto|pokemaniac|1111\n|player|p2|FLAME HEART BR|cynthia|1158\n|teamsize|p1|6\n|teamsize|p2|6\n|gen|9\n|tier|[Gen 9] National Dex Ubers\n|rated|\n|rule|HP Percentage Mod: HP is shown in percentages\n|rule|Endless Battle Clause: Forcing endless battles is banned\n|rule|OHKO Clause: OHKO moves are banned\n|rule|Evasion Moves Clause: Evasion moves are banned\n|rule|Evasion Items Clause: Evasion items are banned\n|rule|Species Clause: Limit one of each Pok\u00e9mon\n|rule|Sleep Clause Mod: Limit one foe put to sleep\n|rule|Mega Rayquaza Clause: You cannot mega evolve Rayquaza\n|clearpoke\n|poke|p1|Garchomp, M|\n|poke|p1|Krookodile, M|\n|poke|p1|Runerigus, M|\n|poke|p1|Grapploct, M|\n|poke|p1|Nidoking, M|\n|poke|p1|Giratina-Origin|\n|poke|p2|Dracovish|\n|poke|p2|Meowstic, M|\n|poke|p2|Lopunny, F|\n|poke|p2|Groudon|\n|poke|p2|Morpeko, F|\n|poke|p2|Cyclizar, F|\n|teampreview\n|inactive|Battle timer is ON: inactive players will automatically lose when time's up. (requested by FLAME HEART BR)\n|\n|t:|1698750016\n|start\n|switch|p1a: Runerigus|Runerigus, M|100\/100\n|switch|p2a: Meowstic|Meowstic, M|100\/100\n|turn|1\n|\n|t:|1698750023\n|move|p2a: Meowstic|Reflect|p2a: Meowstic\n|-sidestart|p2: FLAME HEART BR|Reflect\n|move|p1a: Runerigus|Trick Room|p1a: Runerigus\n|-fieldstart|move: Trick Room|[of] p1a: Runerigus\n|\n|upkeep\n|turn|2\n|\n|t:|1698750032\n|switch|p1a: Obito Uchira|Giratina-Origin|100\/100\n|move|p2a: Meowstic|Light Screen|p2a: Meowstic\n|-sidestart|p2: FLAME HEART BR|move: Light Screen\n|\n|upkeep\n|turn|3\n|\n|t:|1698750036\n|move|p2a: Meowstic|Toxic|p1a: Obito Uchira\n|-status|p1a: Obito Uchira|tox\n|move|p1a: Obito Uchira|Dark Pulse|p2a: Meowstic\n|-supereffective|p2a: Meowstic\n|-damage|p2a: Meowstic|82\/100\n|\n|-damage|p1a: Obito Uchira|94\/100 tox|[from] psn\n|upkeep\n|turn|4\n|\n|t:|1698750042\n|move|p2a: Meowstic|Heal Bell||[still]\n|-activate|p2a: Meowstic|move: Heal Bell\n|-fail|p2a: Meowstic\n|move|p1a: Obito Uchira|Shadow Force||[still]\n|-prepare|p1a: Obito Uchira|Shadow Force\n|\n|-damage|p1a: Obito Uchira|82\/100 tox|[from] psn\n|upkeep\n|turn|5\n|\n|t:|1698750048\n|switch|p2a: Lopunny|Lopunny, F|100\/100\n|move|p1a: Obito Uchira|Shadow Force|p2a: Lopunny|[from]lockedmove\n|-immune|p2a: Lopunny\n|\n|-damage|p1a: Obito Uchira|64\/100 tox|[from] psn\n|-fieldend|move: Trick Room\n|upkeep\n|turn|6\n|\n|t:|1698750055\n|detailschange|p2a: Lopunny|Lopunny-Mega, F\n|-mega|p2a: Lopunny|Lopunny|Lopunnite\n|move|p2a: Lopunny|Fake Out|p1a: Obito Uchira\n|-damage|p1a: Obito Uchira|48\/100 tox\n|cant|p1a: Obito Uchira|flinch\n|\n|-damage|p1a: Obito Uchira|24\/100 tox|[from] psn\n|upkeep\n|turn|7\n|\n|t:|1698750062\n|move|p2a: Lopunny|Power-Up Punch|p1a: Obito Uchira\n|-damage|p1a: Obito Uchira|9\/100 tox\n|-boost|p2a: Lopunny|atk|1\n|move|p1a: Obito Uchira|Draco Meteor|p2a: Lopunny\n|-damage|p2a: Lopunny|58\/100\n|-unboost|p1a: Obito Uchira|spa|2\n|\n|-damage|p1a: Obito Uchira|0 fnt|[from] psn\n|faint|p1a: Obito Uchira\n|upkeep\n|\n|t:|1698750066\n|switch|p1a: Runerigus|Runerigus, M|100\/100\n|turn|8\n|\n|t:|1698750073\n|move|p2a: Lopunny|Drain Punch|p1a: Runerigus\n|-damage|p1a: Runerigus|65\/100\n|-heal|p2a: Lopunny|79\/100|[from] drain|[of] p1a: Runerigus\n|-activate|p1a: Runerigus|ability: Wandering Spirit|Scrappy|Wandering Spirit|[of] p2a: Lopunny\n|move|p1a: Runerigus|Trick Room|p1a: Runerigus\n|-fieldstart|move: Trick Room|[of] p1a: Runerigus\n|\n|-heal|p1a: Runerigus|72\/100|[from] item: Leftovers\n|-sideend|p2: FLAME HEART BR|Reflect\n|upkeep\n|turn|9\n|\n|t:|1698750091\n|move|p1a: Runerigus|Earthquake|p2a: Lopunny\n|-damage|p2a: Lopunny|32\/100\n|move|p2a: Lopunny|Return|p1a: Runerigus\n|-immune|p1a: Runerigus\n|\n|-heal|p1a: Runerigus|78\/100|[from] item: Leftovers\n|-sideend|p2: FLAME HEART BR|move: Light Screen\n|upkeep\n|turn|10\n|\n|t:|1698750108\n|move|p1a: Runerigus|Earthquake|p2a: Lopunny\n|-damage|p2a: Lopunny|0 fnt\n|faint|p2a: Lopunny\n|\n|-heal|p1a: Runerigus|84\/100|[from] item: Leftovers\n|upkeep\n|\n|t:|1698750111\n|switch|p2a: Meowstic|Meowstic, M|82\/100\n|turn|11\n|\n|t:|1698750117\n|move|p2a: Meowstic|Reflect|p2a: Meowstic\n|-sidestart|p2: FLAME HEART BR|Reflect\n|move|p1a: Runerigus|Earthquake|p2a: Meowstic\n|-damage|p2a: Meowstic|61\/100\n|\n|-heal|p1a: Runerigus|90\/100|[from] item: Leftovers\n|upkeep\n|turn|12\n|\n|t:|1698750126\n|switch|p1a: Krookodile|Krookodile, M|100\/100\n|move|p2a: Meowstic|Light Screen|p2a: Meowstic\n|-sidestart|p2: FLAME HEART BR|move: Light Screen\n|\n|-fieldend|move: Trick Room\n|upkeep\n|turn|13\n|\n|t:|1698750133\n|move|p2a: Meowstic|Toxic|p1a: Krookodile\n|-hint|Since gen 7, Dark is immune to Prankster moves.\n|-immune|p1a: Krookodile\n|move|p1a: Krookodile|Crunch|p2a: Meowstic\n|-supereffective|p2a: Meowstic\n|-damage|p2a: Meowstic|13\/100\n|-unboost|p2a: Meowstic|def|1\n|\n|upkeep\n|turn|14\n|\n|t:|1698750146\n|switch|p2a: Dracovish|Dracovish|100\/100\n|move|p1a: Krookodile|Crunch|p2a: Dracovish\n|-damage|p2a: Dracovish|80\/100\n|\n|upkeep\n|turn|15\n|\n|t:|1698750159\n|switch|p1a: Grapploct|Grapploct, M|100\/100\n|-terastallize|p2a: Dracovish|Water\n|move|p2a: Dracovish|Fishious Rend|p1a: Grapploct\n|-damage|p1a: Grapploct|0 fnt\n|faint|p1a: Grapploct\n|\n|upkeep\n|\n|t:|1698750162\n|switch|p1a: Garchomp|Garchomp, M|100\/100\n|turn|16\n|\n|t:|1698750169\n|-terastallize|p1a: Garchomp|Ghost\n|move|p2a: Dracovish|Fishious Rend|p1a: Garchomp\n|-damage|p1a: Garchomp|0 fnt\n|-damage|p2a: Dracovish|67\/100|[from] ability: Rough Skin|[of] p1a: Garchomp\n|faint|p1a: Garchomp\n|\n|upkeep\n|-message|zuberto forfeited.\n|\n|win|FLAME HEART BR\n|raw|zuberto's rating: 1111 &rarr; <strong>1089<\/strong><br \/>(-22 for losing)\n|raw|FLAME HEART BR's rating: 1158 &rarr; <strong>1180<\/strong><br \/>(+22 for winning)\n|l|\u2606zuberto\n","uploadtime":1698750178,"views":8,"p1id":"zuberto","p2id":"flameheartbr","formatid":"gen9nationaldexubers","rating":1089,"private":0,"password":""}