{"id":"gen9nationaldexubers-1991497684","p1":"CloysterEnjoyer","p2":"Xanvoir","format":"[Gen 9] National Dex Ubers","log":"|j|\u2606CloysterEnjoyer\n|j|\u2606Xanvoir\n|t:|1700082385\n|gametype|singles\n|player|p1|CloysterEnjoyer|bruno|\n|player|p2|Xanvoir|grimsley|\n|teamsize|p1|6\n|teamsize|p2|6\n|gen|9\n|tier|[Gen 9] National Dex Ubers\n|rule|HP Percentage Mod: HP is shown in percentages\n|rule|Endless Battle Clause: Forcing endless battles is banned\n|rule|OHKO Clause: OHKO moves are banned\n|rule|Evasion Moves Clause: Evasion moves are banned\n|rule|Evasion Items Clause: Evasion items are banned\n|rule|Species Clause: Limit one of each Pok\u00e9mon\n|rule|Sleep Clause Mod: Limit one foe put to sleep\n|rule|Mega Rayquaza Clause: You cannot mega evolve Rayquaza\n|clearpoke\n|poke|p1|Zoroark-Hisui, F|\n|poke|p1|Cyclizar, F|\n|poke|p1|Ursaluna-Bloodmoon, M|\n|poke|p1|Ditto|\n|poke|p1|Lopunny, F|\n|poke|p1|Dragonite, F|\n|poke|p2|Sableye, M|\n|poke|p2|Weavile, F|\n|poke|p2|Mandibuzz, F|\n|poke|p2|Meowscarada, M|\n|poke|p2|Roaring Moon|\n|poke|p2|Kingambit, M|\n|teampreview\n|l|\u2606Xanvoir\n|player|p2|\n|j| RaVeDreNch\n|j|\u2606Xanvoir\n|player|p2|Xanvoir|grimsley\n|j| ApocalypticTofu\n|\n|t:|1700082420\n|start\n|switch|p1a: Cyclizar|Cyclizar, F|100\/100\n|switch|p2a: Weavile|Weavile, F|100\/100\n|-ability|p2a: Weavile|Pressure\n|turn|1\n|j| Rainer367\n|c| ApocalypticTofu|bb\n|c| ApocalypticTofu|a\n|\n|t:|1700082428\n|move|p1a: Cyclizar|Shed Tail|p1a: Cyclizar\n|-start|p1a: Cyclizar|Substitute|[from] move: Shed Tail\n|-damage|p1a: Cyclizar|50\/100\n|\n|t:|1700082431\n|switch|p1a: Dragonite|Dragonite, F|100\/100|[from] Shed Tail\n|move|p2a: Weavile|Knock Off|p1a: Dragonite\n|-end|p1a: Dragonite|Substitute\n|\n|upkeep\n|turn|2\n|c| ApocalypticTofu|axis powers strike again\n|\n|t:|1700082445\n|-terastallize|p1a: Dragonite|Normal\n|move|p2a: Weavile|Knock Off|p1a: Dragonite\n|-damage|p1a: Dragonite|73\/100\n|-enditem|p1a: Dragonite|Heavy-Duty Boots|[from] move: Knock Off|[of] p2a: Weavile\n|move|p1a: Dragonite|Dragon Dance|p1a: Dragonite\n|-boost|p1a: Dragonite|atk|1\n|-boost|p1a: Dragonite|spe|1\n|\n|upkeep\n|turn|3\n|c| Rainer367|TOFU\n|\n|t:|1700082456\n|move|p1a: Dragonite|Extreme Speed|p2a: Weavile\n|-damage|p2a: Weavile|0 fnt\n|faint|p2a: Weavile\n|\n|upkeep\n|\n|t:|1700082463\n|switch|p2a: Sableye|Sableye, M|100\/100\n|turn|4\n|\n|t:|1700082469\n|detailschange|p2a: Sableye|Sableye-Mega, M\n|-mega|p2a: Sableye|Sableye|Sablenite\n|move|p1a: Dragonite|Dragon Dance|p1a: Dragonite\n|-boost|p1a: Dragonite|atk|1\n|-boost|p1a: Dragonite|spe|1\n|move|p2a: Sableye|Foul Play|p1a: Dragonite\n|-damage|p1a: Dragonite|0 fnt\n|faint|p1a: Dragonite\n|\n|upkeep\n|\n|t:|1700082480\n|switch|p1a: Lopunny|Lopunny, F|100\/100\n|turn|5\n|\n|t:|1700082486\n|detailschange|p1a: Lopunny|Lopunny-Mega, F\n|-mega|p1a: Lopunny|Lopunny|Lopunnite\n|move|p1a: Lopunny|Close Combat|p2a: Sableye\n|-supereffective|p2a: Sableye\n|-damage|p2a: Sableye|0 fnt\n|-unboost|p1a: Lopunny|def|1\n|-unboost|p1a: Lopunny|spd|1\n|faint|p2a: Sableye\n|\n|upkeep\n|c|\u2606Xanvoir|Damn\n|\n|t:|1700082493\n|switch|p2a: Roaring Moon|Roaring Moon|100\/100\n|-enditem|p2a: Roaring Moon|Booster Energy\n|-activate|p2a: Roaring Moon|ability: Protosynthesis|[fromitem]\n|-start|p2a: Roaring Moon|protosynthesisspe\n|turn|6\n|\n|t:|1700082505\n|switch|p1a: Ursaluna|Ursaluna-Bloodmoon, M|100\/100\n|move|p2a: Roaring Moon|Acrobatics|p1a: Ursaluna\n|-damage|p1a: Ursaluna|80\/100\n|\n|-heal|p1a: Ursaluna|86\/100|[from] item: Leftovers\n|upkeep\n|turn|7\n|c| ApocalypticTofu|wher es   picachu?\n|c| ApocalypticTofu|pikachu is the strongest ever\n|\n|t:|1700082520\n|-end|p2a: Roaring Moon|Protosynthesis|[silent]\n|switch|p2a: Mandibuzz|Mandibuzz, F|100\/100\n|move|p1a: Ursaluna|Calm Mind|p1a: Ursaluna\n|-boost|p1a: Ursaluna|spa|1\n|-boost|p1a: Ursaluna|spd|1\n|\n|-heal|p1a: Ursaluna|92\/100|[from] item: Leftovers\n|upkeep\n|turn|8\n|\n|t:|1700082528\n|move|p2a: Mandibuzz|Foul Play|p1a: Ursaluna\n|-damage|p1a: Ursaluna|82\/100\n|move|p1a: Ursaluna|Blood Moon|p2a: Mandibuzz\n|-crit|p2a: Mandibuzz\n|-damage|p2a: Mandibuzz|0 fnt\n|faint|p2a: Mandibuzz\n|\n|-heal|p1a: Ursaluna|88\/100|[from] item: Leftovers\n|upkeep\n|\n|t:|1700082530\n|switch|p2a: Meowscarada|Meowscarada, M|100\/100\n|turn|9\n|c| ApocalypticTofu|because ash is pikachu is really cool and strong\n|j| Wujuh\n|c| Rainer367|Tofu, u ok?\n|c| ApocalypticTofu|yeah\n|\n|t:|1700082550\n|switch|p1a: Lopunny|Lopunny-Mega, F|100\/100\n|move|p2a: Meowscarada|Flower Trick|p1a: Lopunny\n|-crit|p1a: Lopunny\n|-damage|p1a: Lopunny|4\/100\n|\n|upkeep\n|turn|10\n|c|\u2606Xanvoir|Tofu is drunk\n|\n|t:|1700082556\n|move|p1a: Lopunny|Close Combat|p2a: Meowscarada\n|-supereffective|p2a: Meowscarada\n|-damage|p2a: Meowscarada|0 fnt\n|-unboost|p1a: Lopunny|def|1\n|-unboost|p1a: Lopunny|spd|1\n|faint|p2a: Meowscarada\n|\n|upkeep\n|\n|t:|1700082558\n|switch|p2a: Roaring Moon|Roaring Moon|100\/100\n|turn|11\n|c| ApocalypticTofu|ash greninja is second strongest because it is really big water shuriken and hat\n|\n|t:|1700082569\n|switch|p1a: Ursaluna|Ursaluna-Bloodmoon, M|88\/100\n|-terastallize|p2a: Roaring Moon|Flying\n|move|p2a: Roaring Moon|Dragon Dance|p2a: Roaring Moon\n|-boost|p2a: Roaring Moon|atk|1\n|-boost|p2a: Roaring Moon|spe|1\n|\n|-heal|p1a: Ursaluna|94\/100|[from] item: Leftovers\n|upkeep\n|turn|12\n|c| ApocalypticTofu|bond phenomenon\n|c|\u2606CloysterEnjoyer|i gtg after this im sorry\n|c| ApocalypticTofu|NO\n|\n|t:|1700082580\n|move|p2a: Roaring Moon|Acrobatics|p1a: Ursaluna\n|-damage|p1a: Ursaluna|51\/100\n|move|p1a: Ursaluna|Calm Mind|p1a: Ursaluna\n|-boost|p1a: Ursaluna|spa|1\n|-boost|p1a: Ursaluna|spd|1\n|\n|-heal|p1a: Ursaluna|57\/100|[from] item: Leftovers\n|upkeep\n|turn|13\n|c| ApocalypticTofu|WE'RE NOT ENDING ON A CLIFFHANGER\n|\n|t:|1700082584\n|move|p2a: Roaring Moon|Acrobatics|p1a: Ursaluna\n|-damage|p1a: Ursaluna|13\/100\n|move|p1a: Ursaluna|Blood Moon|p2a: Roaring Moon\n|-damage|p2a: Roaring Moon|8\/100\n|\n|-heal|p1a: Ursaluna|19\/100|[from] item: Leftovers\n|upkeep\n|turn|14\n|\n|t:|1700082590\n|move|p2a: Roaring Moon|Acrobatics|p1a: Ursaluna\n|-damage|p1a: Ursaluna|0 fnt\n|faint|p1a: Ursaluna\n|\n|upkeep\n|\n|t:|1700082593\n|switch|p1a: Ditto|Ditto, shiny|100\/100\n|-transform|p1a: Ditto|p2a: Roaring Moon|[from] ability: Imposter\n|-start|p1a: Ditto|typechange|Dragon\/Dark|[silent]\n|turn|15\n|\n|t:|1700082606\n|move|p1a: Ditto|Dragon Claw|p2a: Roaring Moon\n|-damage|p2a: Roaring Moon|0 fnt\n|faint|p2a: Roaring Moon\n|-end|p2a: Roaring Moon|Protosynthesis|[silent]\n|\n|upkeep\n|\n|t:|1700082608\n|switch|p2a: Kingambit|Kingambit, M|100\/100\n|-activate|p2a: Kingambit|ability: Supreme Overlord\n|-start|p2a: Kingambit|fallen5|[silent]\n|turn|16\n|\n|t:|1700082620\n|-end|p1a: Ditto|Protosynthesis|[silent]\n|switch|p1a: Cyclizar|Cyclizar, F|84\/100\n|move|p2a: Kingambit|Sucker Punch||[still]\n|-fail|p2a: Kingambit\n|\n|upkeep\n|turn|17\n|c| ApocalypticTofu|i wish there were some insanely op bug types lol\n|\n|t:|1700082631\n|move|p1a: Cyclizar|Overheat|p2a: Kingambit\n|-supereffective|p2a: Kingambit\n|-damage|p2a: Kingambit|51\/100\n|-unboost|p1a: Cyclizar|spa|2\n|move|p2a: Kingambit|Kowtow Cleave|p1a: Cyclizar\n|-damage|p1a: Cyclizar|0 fnt\n|faint|p1a: Cyclizar\n|\n|upkeep\n|\n|t:|1700082637\n|switch|p1a: Lopunny|Lopunny-Mega, F|100\/100\n|turn|18\n|c|\u2606Xanvoir|Ah, I think first win is for Sir\n|\n|t:|1700082647\n|move|p2a: Kingambit|Sucker Punch||[still]\n|-fail|p2a: Kingambit\n|move|p1a: Lopunny|Trick|p2a: Kingambit\n|-activate|p1a: Lopunny|move: Trick|[of] p2a: Kingambit\n|-item|p2a: Kingambit|Choice Specs|[from] move: Trick\n|-item|p1a: Lopunny|Black Glasses|[from] move: Trick\n|\n|upkeep\n|turn|19\n|c| ApocalypticTofu|they're either rubbish, pretty decent or OP to the point of being banned, i want something inbetween the last two lol\n|c| Rainer367|lol\n|\n|t:|1700082657\n|move|p1a: Lopunny|Focus Blast|p2a: Kingambit\n|-supereffective|p2a: Kingambit\n|-damage|p2a: Kingambit|0 fnt\n|faint|p2a: Kingambit\n|-end|p2a: Kingambit|fallen5|[silent]\n|\n|win|CloysterEnjoyer\n|c|\u2606CloysterEnjoyer|gg\n|c| Rainer367|damn\n|c| Rainer367|gg\n|c|\u2606Xanvoir|Gg\n|c| ApocalypticTofu|gg\n","uploadtime":1700082668,"views":33,"p1id":"cloysterenjoyer","p2id":"xanvoir","formatid":"gen9nationaldexubers","rating":0,"private":0,"password":""}