{"id":"gen9nationaldexubers-1991280652","p1":"700club","p2":"MadFrost","format":"[Gen 9] National Dex Ubers","log":"|j|\u2606700club\n|j|\u2606MadFrost\n|t:|1700063907\n|gametype|singles\n|player|p1|700club|shadowtriad|1286\n|player|p2|MadFrost|n|1307\n|teamsize|p1|6\n|teamsize|p2|6\n|gen|9\n|tier|[Gen 9] National Dex Ubers\n|rated|\n|rule|HP Percentage Mod: HP is shown in percentages\n|rule|Endless Battle Clause: Forcing endless battles is banned\n|rule|OHKO Clause: OHKO moves are banned\n|rule|Evasion Moves Clause: Evasion moves are banned\n|rule|Evasion Items Clause: Evasion items are banned\n|rule|Species Clause: Limit one of each Pok\u00e9mon\n|rule|Sleep Clause Mod: Limit one foe put to sleep\n|rule|Mega Rayquaza Clause: You cannot mega evolve Rayquaza\n|clearpoke\n|poke|p1|Ogerpon-Hearthflame, F|\n|poke|p1|Ditto|\n|poke|p1|Deoxys-Speed|\n|poke|p1|Mewtwo|\n|poke|p1|Necrozma-Dusk-Mane|\n|poke|p1|Dondozo, F|\n|poke|p2|Quagsire, M|\n|poke|p2|Genesect|\n|poke|p2|Banette, M|\n|poke|p2|Hitmonlee, M|\n|poke|p2|Forretress, M|\n|poke|p2|Landorus, M|\n|teampreview\n|inactive|Battle timer is ON: inactive players will automatically lose when time's up. (requested by MadFrost)\n|c|\u2606700club|hi\n|\n|t:|1700063917\n|start\n|switch|p1a: Deoxys|Deoxys-Speed|100\/100\n|switch|p2a: Forretress|Forretress, M|100\/100\n|-ability|p1a: Deoxys|Pressure\n|turn|1\n|c|\u2606MadFrost|Hi\n|\n|t:|1700063925\n|move|p1a: Deoxys|Taunt|p2a: Forretress\n|-start|p2a: Forretress|move: Taunt\n|move|p2a: Forretress|Gyro Ball|p1a: Deoxys\n|-damage|p1a: Deoxys|16\/100\n|\n|upkeep\n|turn|2\n|\n|t:|1700063933\n|move|p1a: Deoxys|Stealth Rock|p2a: Forretress\n|-sidestart|p2: MadFrost|move: Stealth Rock\n|move|p2a: Forretress|Rapid Spin|p1a: Deoxys\n|-damage|p1a: Deoxys|0 fnt\n|-boost|p2a: Forretress|spe|1\n|-sideend|p2: MadFrost|Stealth Rock|[from] move: Rapid Spin|[of] p2a: Forretress\n|faint|p1a: Deoxys\n|\n|upkeep\n|\n|t:|1700063951\n|switch|p1a: Ogerpon|Ogerpon-Hearthflame, F|100\/100\n|-ability|p1a: Ogerpon|Mold Breaker\n|turn|3\n|\n|t:|1700063963\n|-terastallize|p1a: Ogerpon|Fire\n|detailschange|p1a: Ogerpon|Ogerpon-Hearthflame-Tera, F, tera:Fire\n|-ability|p1a: Ogerpon|Embody Aspect (Hearthflame)|boost\n|-boost|p1a: Ogerpon|atk|1\n|move|p1a: Ogerpon|Substitute|p1a: Ogerpon\n|-start|p1a: Ogerpon|Substitute\n|-damage|p1a: Ogerpon|76\/100\n|move|p2a: Forretress|Rapid Spin|p1a: Ogerpon\n|-activate|p1a: Ogerpon|move: Substitute|[damage]\n|-boost|p2a: Forretress|spe|1\n|\n|-end|p2a: Forretress|move: Taunt\n|upkeep\n|turn|4\n|\n|t:|1700063978\n|move|p1a: Ogerpon|Substitute|p1a: Ogerpon\n|-fail|p1a: Ogerpon|move: Substitute\n|move|p2a: Forretress|Rapid Spin|p1a: Ogerpon\n|-end|p1a: Ogerpon|Substitute\n|-boost|p2a: Forretress|spe|1\n|\n|upkeep\n|turn|5\n|\n|t:|1700063989\n|move|p1a: Ogerpon|Ivy Cudgel|p2a: Forretress|[anim] Ivy Cudgel Fire\n|-supereffective|p2a: Forretress\n|-ability|p2a: Forretress|Sturdy\n|-damage|p2a: Forretress|1\/100\n|move|p2a: Forretress|Stealth Rock|p1a: Ogerpon\n|-sidestart|p1: 700club|move: Stealth Rock\n|\n|upkeep\n|turn|6\n|-enditem|p2a: Forretress|Custap Berry|[eat]\n|-activate|p2a: Forretress|item: Custap Berry|[consumed]\n|\n|t:|1700064008\n|move|p2a: Forretress|Explosion|p1a: Ogerpon\n|-damage|p1a: Ogerpon|0 fnt\n|faint|p2a: Forretress\n|faint|p1a: Ogerpon\n|\n|upkeep\n|inactive|700club has 120 seconds left.\n|\n|t:|1700064038\n|switch|p1a: Mewtwo|Mewtwo|100\/100\n|switch|p2a: Banette|Banette, M|100\/100\n|-ability|p1a: Mewtwo|Unnerve\n|-damage|p1a: Mewtwo|88\/100|[from] Stealth Rock\n|-item|p1a: Mewtwo|Mewtwonite Y|[from] ability: Frisk|[of] p2a: Banette|[identify]\n|turn|7\n|\n|t:|1700064053\n|detailschange|p1a: Mewtwo|Mewtwo-Mega-Y\n|-mega|p1a: Mewtwo|Mewtwo|Mewtwonite Y\n|detailschange|p2a: Banette|Banette-Mega, M\n|-mega|p2a: Banette|Banette|Banettite\n|move|p2a: Banette|Shadow Sneak|p1a: Mewtwo\n|-supereffective|p1a: Mewtwo\n|-damage|p1a: Mewtwo|16\/100\n|move|p1a: Mewtwo|Psystrike|p2a: Banette\n|-damage|p2a: Banette|7\/100\n|\n|upkeep\n|turn|8\n|\n|t:|1700064064\n|move|p2a: Banette|Shadow Sneak|p1a: Mewtwo\n|-supereffective|p1a: Mewtwo\n|-crit|p1a: Mewtwo\n|-damage|p1a: Mewtwo|0 fnt\n|faint|p1a: Mewtwo\n|\n|upkeep\n|\n|t:|1700064074\n|switch|p1a: Dondozo|Dondozo, F|100\/100\n|-damage|p1a: Dondozo|88\/100|[from] Stealth Rock\n|turn|9\n|\n|t:|1700064086\n|move|p2a: Banette|Destiny Bond|p2a: Banette\n|-singlemove|p2a: Banette|Destiny Bond\n|move|p1a: Dondozo|Curse|p1a: Dondozo\n|-unboost|p1a: Dondozo|spe|1\n|-boost|p1a: Dondozo|atk|1\n|-boost|p1a: Dondozo|def|1\n|\n|-heal|p1a: Dondozo|94\/100|[from] item: Leftovers\n|upkeep\n|turn|10\n|\n|t:|1700064107\n|move|p2a: Banette|Encore|p1a: Dondozo\n|-start|p1a: Dondozo|Encore\n|move|p1a: Dondozo|Curse|p1a: Dondozo\n|-unboost|p1a: Dondozo|spe|1\n|-boost|p1a: Dondozo|atk|1\n|-boost|p1a: Dondozo|def|1\n|\n|-heal|p1a: Dondozo|99\/100|[from] item: Leftovers\n|upkeep\n|turn|11\n|\n|t:|1700064114\n|switch|p2a: Genesect|Genesect|100\/100\n|-ability|p2a: Genesect|Download|boost\n|-boost|p2a: Genesect|spa|1\n|move|p1a: Dondozo|Curse|p1a: Dondozo\n|-unboost|p1a: Dondozo|spe|1\n|-boost|p1a: Dondozo|atk|1\n|-boost|p1a: Dondozo|def|1\n|\n|-heal|p1a: Dondozo|100\/100|[from] item: Leftovers\n|upkeep\n|turn|12\n|\n|t:|1700064124\n|move|p2a: Genesect|Thunderbolt|p1a: Dondozo\n|-supereffective|p1a: Dondozo\n|-damage|p1a: Dondozo|47\/100\n|move|p1a: Dondozo|Curse|p1a: Dondozo\n|-unboost|p1a: Dondozo|spe|1\n|-boost|p1a: Dondozo|atk|1\n|-boost|p1a: Dondozo|def|1\n|\n|-heal|p1a: Dondozo|53\/100|[from] item: Leftovers\n|-end|p1a: Dondozo|Encore\n|upkeep\n|turn|13\n|\n|t:|1700064135\n|move|p2a: Genesect|Thunderbolt|p1a: Dondozo\n|-supereffective|p1a: Dondozo\n|-damage|p1a: Dondozo|0 fnt\n|faint|p1a: Dondozo\n|\n|upkeep\n|\n|t:|1700064143\n|switch|p1a: Necrozma|Necrozma-Dusk-Mane|100\/100\n|-damage|p1a: Necrozma|95\/100|[from] Stealth Rock\n|turn|14\n|\n|t:|1700064154\n|switch|p2a: Landorus|Landorus, M|100\/100\n|move|p1a: Necrozma|Dragon Dance|p1a: Necrozma\n|-boost|p1a: Necrozma|atk|1\n|-boost|p1a: Necrozma|spe|1\n|\n|upkeep\n|turn|15\n|\n|t:|1700064175\n|detailschange|p1a: Necrozma|Necrozma-Ultra\n|-burst|p1a: Necrozma|Necrozma|Ultranecrozium Z\n|move|p1a: Necrozma|Photon Geyser|p2a: Landorus\n|-damage|p2a: Landorus|0 fnt\n|faint|p2a: Landorus\n|\n|upkeep\n|\n|t:|1700064186\n|switch|p2a: Banette|Banette-Mega, M|7\/100\n|turn|16\n|\n|t:|1700064204\n|move|p2a: Banette|Destiny Bond|p2a: Banette\n|-singlemove|p2a: Banette|Destiny Bond\n|-zpower|p1a: Necrozma\n|move|p1a: Necrozma|Light That Burns the Sky|p2a: Banette|[zeffect]\n|-damage|p2a: Banette|0 fnt\n|faint|p2a: Banette\n|-activate|p2a: Banette|move: Destiny Bond\n|faint|p1a: Necrozma\n|\n|upkeep\n|\n|t:|1700064221\n|switch|p1a: Ditto|Ditto|100\/100\n|switch|p2a: Hitmonlee|Hitmonlee, M|100\/100\n|-damage|p1a: Ditto|88\/100|[from] Stealth Rock\n|-transform|p1a: Ditto|p2a: Hitmonlee|[from] ability: Imposter\n|turn|17\n|\n|t:|1700064236\n|move|p2a: Hitmonlee|Mach Punch|p1a: Ditto\n|-damage|p1a: Ditto|48\/100\n|move|p1a: Ditto|Stone Edge|p2a: Hitmonlee\n|-resisted|p2a: Hitmonlee\n|-damage|p2a: Hitmonlee|60\/100\n|\n|upkeep\n|turn|18\n|\n|t:|1700064244\n|move|p2a: Hitmonlee|Mach Punch|p1a: Ditto\n|-damage|p1a: Ditto|9\/100\n|move|p1a: Ditto|Stone Edge|p2a: Hitmonlee\n|-resisted|p2a: Hitmonlee\n|-damage|p2a: Hitmonlee|19\/100\n|-enditem|p2a: Hitmonlee|Liechi Berry|[eat]\n|-boost|p2a: Hitmonlee|atk|1|[from] item: Liechi Berry\n|\n|upkeep\n|turn|19\n|c|\u2606MadFrost|Gg\n|c|\u2606700club|gg\n|\n|t:|1700064256\n|move|p2a: Hitmonlee|Mach Punch|p1a: Ditto\n|-damage|p1a: Ditto|0 fnt\n|faint|p1a: Ditto\n|\n|win|MadFrost\n|raw|700club's rating: 1286 &rarr; <strong>1263<\/strong><br \/>(-23 for losing)\n|raw|MadFrost's rating: 1307 &rarr; <strong>1326<\/strong><br \/>(+19 for winning)\n|l|\u2606MadFrost\n","uploadtime":1700064262,"views":10,"p1id":"700club","p2id":"madfrost","formatid":"gen9nationaldexubers","rating":1263,"private":0,"password":""}