{"id":"gen9nationaldexubers-1995518313","p1":"The power of ROCK","p2":"Reality_Check56","format":"[Gen 9] National Dex Ubers","log":"|j|\u2606The power of ROCK\n|j|\u2606Reality_Check56\n|t:|1700579166\n|gametype|singles\n|player|p1|The power of ROCK|roark|\n|player|p2|Reality_Check56|korrina-masters|\n|teamsize|p1|6\n|teamsize|p2|6\n|gen|9\n|tier|[Gen 9] National Dex Ubers\n|rule|HP Percentage Mod: HP is shown in percentages\n|rule|Endless Battle Clause: Forcing endless battles is banned\n|rule|OHKO Clause: OHKO moves are banned\n|rule|Evasion Moves Clause: Evasion moves are banned\n|rule|Evasion Items Clause: Evasion items are banned\n|rule|Species Clause: Limit one of each Pok\u00e9mon\n|rule|Sleep Clause Mod: Limit one foe put to sleep\n|rule|Mega Rayquaza Clause: You cannot mega evolve Rayquaza\n|clearpoke\n|poke|p1|Tyranitar, F|\n|poke|p1|Garganacl, M|\n|poke|p1|Aggron, F|\n|poke|p1|Cradily, M|\n|poke|p1|Arceus-Rock|\n|poke|p1|Glimmora, M|\n|poke|p2|Yveltal|\n|poke|p2|Necrozma-Dusk-Mane|\n|poke|p2|Arceus|\n|poke|p2|Eternatus|\n|poke|p2|Giratina-Origin|\n|poke|p2|Xerneas-*|\n|teampreview\n|c|\u2606Reality_Check56|glhf\n|j| Joltik Was Taken\n|j| SyntaxError614\n|c|\u2606The power of ROCK|Welcome to the ROCK gym\n|c| SyntaxError614|ROCK\n|c|\u2606Reality_Check56|blah blah blah\n|\n|t:|1700579218\n|start\n|switch|p1a: Arceus|Arceus-Rock|100\/100\n|switch|p2a: Necrozma|Necrozma-Dusk-Mane|100\/100\n|turn|1\n|\n|t:|1700579225\n|move|p1a: Arceus|Whirlpool|p2a: Necrozma\n|-damage|p2a: Necrozma|94\/100\n|-activate|p2a: Necrozma|move: Whirlpool|[of] p1a: Arceus\n|move|p2a: Necrozma|Stealth Rock|p1a: Arceus\n|-sidestart|p1: The power of ROCK|move: Stealth Rock\n|\n|-damage|p2a: Necrozma|81\/100|[from] move: Whirlpool|[partiallytrapped]\n|upkeep\n|turn|2\n|c| SyntaxError614|God of ROCK\n|j| Mik-Gor\n|j| jannyster\n|\n|t:|1700579241\n|move|p1a: Arceus|Perish Song|p1a: Arceus\n|-start|p1a: Arceus|perish3|[silent]\n|-start|p2a: Necrozma|perish3|[silent]\n|-fieldactivate|move: Perish Song\n|move|p2a: Necrozma|Sunsteel Strike|p1a: Arceus\n|-supereffective|p1a: Arceus\n|-damage|p1a: Arceus|35\/100\n|\n|-damage|p2a: Necrozma|69\/100|[from] move: Whirlpool|[partiallytrapped]\n|-start|p1a: Arceus|perish3\n|-start|p2a: Necrozma|perish3\n|upkeep\n|turn|3\n|l| jannyster\n|j| BeeZeeSD\n|c|\u2606Reality_Check56|Heh\n|\n|t:|1700579250\n|-terastallize|p1a: Arceus|Water\n|move|p1a: Arceus|Recover|p1a: Arceus\n|-heal|p1a: Arceus|85\/100\n|move|p2a: Necrozma|Sunsteel Strike|p1a: Arceus\n|-resisted|p1a: Arceus\n|-damage|p1a: Arceus|70\/100\n|\n|-damage|p2a: Necrozma|57\/100|[from] move: Whirlpool|[partiallytrapped]\n|-start|p1a: Arceus|perish2\n|-start|p2a: Necrozma|perish2\n|upkeep\n|turn|4\n|c| SyntaxError614|Perish trap\n|c|\u2606Reality_Check56|meh\n|c| BeeZeeSD|Ooh, a perish trap\n|\n|t:|1700579262\n|move|p1a: Arceus|Recover|p1a: Arceus\n|-heal|p1a: Arceus|100\/100\n|move|p2a: Necrozma|Toxic|p1a: Arceus\n|-status|p1a: Arceus|tox\n|\n|-damage|p1a: Arceus|94\/100 tox|[from] psn\n|-damage|p2a: Necrozma|44\/100|[from] move: Whirlpool|[partiallytrapped]\n|-start|p1a: Arceus|perish1\n|-start|p2a: Necrozma|perish1\n|upkeep\n|turn|5\n|j| Neodith\n|c| BeeZeeSD|Love me a good perish trap\n|\n|t:|1700579276\n|switch|p1a: Cradily|Cradily, M|100\/100\n|-damage|p1a: Cradily|88\/100|[from] Stealth Rock\n|move|p2a: Necrozma|Sunsteel Strike|p1a: Cradily\n|-supereffective|p1a: Cradily\n|-damage|p1a: Cradily|4\/100\n|\n|-heal|p1a: Cradily|11\/100|[from] item: Leftovers\n|-end|p2a: Necrozma|Whirlpool|[partiallytrapped]\n|-start|p2a: Necrozma|perish0\n|upkeep\n|faint|p2a: Necrozma\n|\n|t:|1700579286\n|switch|p2a: Xerneas|Xerneas|100\/100\n|-ability|p2a: Xerneas|Fairy Aura\n|turn|6\n|c| Neodith|I MADE THE QUAGSIRE TEAM IN PURE HACKMONS\n|\n|t:|1700579290\n|move|p2a: Xerneas|Geomancy||[still]\n|-prepare|p2a: Xerneas|Geomancy\n|-enditem|p2a: Xerneas|Power Herb\n|-anim|p2a: Xerneas|Geomancy|p2a: Xerneas\n|-boost|p2a: Xerneas|spa|2\n|-boost|p2a: Xerneas|spd|2\n|-boost|p2a: Xerneas|spe|2\n|move|p1a: Cradily|Leech Seed|p2a: Xerneas\n|-start|p2a: Xerneas|move: Leech Seed\n|\n|-heal|p1a: Cradily|17\/100|[from] item: Leftovers\n|-damage|p2a: Xerneas|88\/100|[from] Leech Seed|[of] p1a: Cradily\n|-heal|p1a: Cradily|30\/100|[silent]\n|upkeep\n|turn|7\n|c| SyntaxError614|LET'S QUAGGGGGG\n|c|\u2606Reality_Check56|meh\n|\n|t:|1700579303\n|move|p1a: Cradily|Protect|p1a: Cradily\n|-singleturn|p1a: Cradily|Protect\n|move|p2a: Xerneas|Moonblast|p1a: Cradily\n|-activate|p1a: Cradily|move: Protect\n|\n|-heal|p1a: Cradily|36\/100|[from] item: Leftovers\n|-damage|p2a: Xerneas|76\/100|[from] Leech Seed|[of] p1a: Cradily\n|-heal|p1a: Cradily|49\/100|[silent]\n|upkeep\n|turn|8\n|\n|t:|1700579312\n|switch|p1a: Arceus|Arceus-Rock, tera:Water|94\/100 tox\n|-damage|p1a: Arceus|82\/100 tox|[from] Stealth Rock\n|move|p2a: Xerneas|Moonblast|p1a: Arceus\n|-damage|p1a: Arceus|3\/100 tox\n|\n|-damage|p2a: Xerneas|63\/100|[from] Leech Seed|[of] p1a: Arceus\n|-heal|p1a: Arceus|16\/100 tox|[silent]\n|-damage|p1a: Arceus|10\/100 tox|[from] psn\n|upkeep\n|turn|9\n|c| Neodith|all of them have sap sipper >:)\n|l| Mik-Gor\n|\n|t:|1700579321\n|move|p2a: Xerneas|Thunderbolt|p1a: Arceus\n|-supereffective|p1a: Arceus\n|-damage|p1a: Arceus|0 fnt\n|faint|p1a: Arceus\n|\n|upkeep\n|\n|t:|1700579323\n|switch|p1a: Tyranitar|Tyranitar, F|100\/100\n|-damage|p1a: Tyranitar|88\/100|[from] Stealth Rock\n|-weather|Sandstorm|[from] ability: Sand Stream|[of] p1a: Tyranitar\n|turn|10\n|c| SyntaxError614|bad choice\n|c|\u2606Reality_Check56|welp\n|c| Neodith|why?\n|c| BeeZeeSD|Now that is some solid damage\n|\n|t:|1700579330\n|move|p2a: Xerneas|Moonblast|p1a: Tyranitar\n|-supereffective|p1a: Tyranitar\n|-damage|p1a: Tyranitar|19\/100\n|-unboost|p1a: Tyranitar|spa|1\n|move|p1a: Tyranitar|Rock Blast|p2a: Xerneas|[miss]\n|-miss|p1a: Tyranitar|p2a: Xerneas\n|\n|-weather|Sandstorm|[upkeep]\n|-damage|p2a: Xerneas|57\/100|[from] Sandstorm\n|-damage|p2a: Xerneas|45\/100|[from] Leech Seed|[of] p1a: Tyranitar\n|-heal|p1a: Tyranitar|32\/100|[silent]\n|upkeep\n|turn|11\n|\n|t:|1700579340\n|move|p2a: Xerneas|Moonblast|p1a: Tyranitar\n|-supereffective|p1a: Tyranitar\n|-damage|p1a: Tyranitar|0 fnt\n|faint|p1a: Tyranitar\n|\n|-weather|Sandstorm|[upkeep]\n|-damage|p2a: Xerneas|39\/100|[from] Sandstorm\n|upkeep\n|\n|t:|1700579345\n|switch|p1a: Glimmora|Glimmora, M|100\/100\n|-damage|p1a: Glimmora|88\/100|[from] Stealth Rock\n|turn|12\n|c| BeeZeeSD|69% to spdef ttar, that's also quite huge\n|\n|t:|1700579348\n|move|p2a: Xerneas|Moonblast|p1a: Glimmora\n|-resisted|p1a: Glimmora\n|-damage|p1a: Glimmora|28\/100\n|move|p1a: Glimmora|Mortal Spin|p2a: Xerneas\n|-supereffective|p2a: Xerneas\n|-damage|p2a: Xerneas|28\/100\n|-status|p2a: Xerneas|psn\n|-sideend|p1: The power of ROCK|Stealth Rock|[from] move: Mortal Spin|[of] p1a: Glimmora\n|\n|-weather|Sandstorm|[upkeep]\n|-damage|p2a: Xerneas|22\/100 psn|[from] Sandstorm\n|-damage|p2a: Xerneas|9\/100 psn|[from] Leech Seed|[of] p1a: Glimmora\n|-heal|p1a: Glimmora|44\/100|[silent]\n|-damage|p2a: Xerneas|0 fnt|[from] psn\n|faint|p2a: Xerneas\n|upkeep\n|\n|t:|1700579366\n|switch|p2a: Giratina|Giratina-Origin|100\/100\n|turn|13\n|\n|t:|1700579375\n|switch|p1a: Garganacl|Garganacl, M|100\/100\n|-terastallize|p2a: Giratina|Poison\n|move|p2a: Giratina|Will-O-Wisp|p1a: Garganacl\n|-immune|p1a: Garganacl|[from] ability: Purifying Salt\n|\n|-weather|Sandstorm|[upkeep]\n|-damage|p2a: Giratina|94\/100|[from] Sandstorm\n|upkeep\n|turn|14\n|c|\u2606Reality_Check56|welp\n|\n|t:|1700579385\n|move|p2a: Giratina|Hex|p1a: Garganacl\n|-damage|p1a: Garganacl|91\/100\n|-enditem|p1a: Garganacl|Maranga Berry|[eat]\n|-boost|p1a: Garganacl|spd|1|[from] item: Maranga Berry\n|move|p1a: Garganacl|Salt Cure|p2a: Giratina\n|-damage|p2a: Giratina|85\/100\n|-start|p2a: Giratina|Salt Cure\n|\n|-weather|none\n|-damage|p2a: Giratina|73\/100|[from] Salt Cure\n|upkeep\n|turn|15\n|c|\u2606Reality_Check56|heheh\n|c| SyntaxError614|Is welp your only reaction\n|\n|t:|1700579397\n|switch|p2a: Yveltal|Yveltal|100\/100\n|-ability|p2a: Yveltal|Dark Aura\n|move|p1a: Garganacl|Iron Defense|p1a: Garganacl\n|-boost|p1a: Garganacl|def|2\n|\n|upkeep\n|turn|16\n|c|\u2606Reality_Check56|Alot yes\n|c| Neodith|syntax, want to see my quad\n|\n|t:|1700579406\n|move|p2a: Yveltal|Taunt|p1a: Garganacl\n|-start|p1a: Garganacl|move: Taunt\n|move|p1a: Garganacl|Salt Cure|p2a: Yveltal\n|-supereffective|p2a: Yveltal\n|-crit|p2a: Yveltal\n|-damage|p2a: Yveltal|71\/100\n|-start|p2a: Yveltal|Salt Cure\n|\n|-damage|p2a: Yveltal|59\/100|[from] Salt Cure\n|upkeep\n|turn|17\n|c| BeeZeeSD|I am a fan of that little berry innovation you've made\n|\n|t:|1700579416\n|switch|p2a: Eternatus|Eternatus|100\/100\n|-ability|p2a: Eternatus|Pressure\n|move|p1a: Garganacl|Body Press|p2a: Eternatus\n|-resisted|p2a: Eternatus\n|-damage|p2a: Eternatus|82\/100\n|\n|-heal|p2a: Eternatus|89\/100|[from] item: Leftovers\n|upkeep\n|turn|18\n|j| I like cool birbs\n|c| Neodith|i challenged you syntax\n|\n|t:|1700579427\n|move|p2a: Eternatus|Sludge Bomb|p1a: Garganacl\n|-resisted|p1a: Garganacl\n|-damage|p1a: Garganacl|82\/100\n|move|p1a: Garganacl|Salt Cure|p2a: Eternatus\n|-damage|p2a: Eternatus|79\/100\n|-start|p2a: Eternatus|Salt Cure\n|\n|-heal|p2a: Eternatus|85\/100|[from] item: Leftovers\n|-damage|p2a: Eternatus|72\/100|[from] Salt Cure\n|-end|p1a: Garganacl|move: Taunt\n|upkeep\n|turn|19\n|c|\u2606Reality_Check56|heheeheh\n|\n|t:|1700579439\n|move|p2a: Eternatus|Flamethrower|p1a: Garganacl\n|-resisted|p1a: Garganacl\n|-damage|p1a: Garganacl|76\/100\n|move|p1a: Garganacl|Iron Defense|p1a: Garganacl\n|-boost|p1a: Garganacl|def|2\n|\n|-heal|p2a: Eternatus|79\/100|[from] item: Leftovers\n|-damage|p2a: Eternatus|66\/100|[from] Salt Cure\n|upkeep\n|turn|20\n|c|\u2606Reality_Check56|hmm\n|\n|t:|1700579451\n|move|p2a: Eternatus|Sludge Bomb|p1a: Garganacl\n|-resisted|p1a: Garganacl\n|-damage|p1a: Garganacl|67\/100\n|move|p1a: Garganacl|Iron Defense|p1a: Garganacl\n|-boost|p1a: Garganacl|def|2\n|\n|-heal|p2a: Eternatus|72\/100|[from] item: Leftovers\n|-damage|p2a: Eternatus|60\/100|[from] Salt Cure\n|upkeep\n|turn|21\n|c|\u2606Reality_Check56|Tera\n|c|\u2606The power of ROCK|ok\n|\n|t:|1700579458\n|move|p2a: Eternatus|Flamethrower|p1a: Garganacl\n|-resisted|p1a: Garganacl\n|-damage|p1a: Garganacl|61\/100\n|move|p1a: Garganacl|Recover|p1a: Garganacl\n|-heal|p1a: Garganacl|100\/100\n|\n|-heal|p2a: Eternatus|66\/100|[from] item: Leftovers\n|-damage|p2a: Eternatus|54\/100|[from] Salt Cure\n|upkeep\n|turn|22\n|c| BeeZeeSD|lol\n|c|\u2606Reality_Check56|NO\n|c| I like cool birbs|big rock man\n|c|\u2606The power of ROCK|tera is good\n|c|\u2606The power of ROCK|let me tera\n|c| BeeZeeSD|Give etern the bonk\n|c|\u2606Reality_Check56|I might go back to ladder in a min\n|\n|t:|1700579482\n|move|p2a: Eternatus|Flamethrower|p1a: Garganacl\n|-resisted|p1a: Garganacl\n|-damage|p1a: Garganacl|95\/100\n|move|p1a: Garganacl|Body Press|p2a: Eternatus\n|-resisted|p2a: Eternatus\n|-damage|p2a: Eternatus|23\/100\n|\n|-heal|p2a: Eternatus|29\/100|[from] item: Leftovers\n|-damage|p2a: Eternatus|16\/100|[from] Salt Cure\n|upkeep\n|turn|23\n|c| BeeZeeSD|bomk\n|\n|t:|1700579492\n|move|p2a: Eternatus|Sludge Bomb|p1a: Garganacl\n|-resisted|p1a: Garganacl\n|-damage|p1a: Garganacl|86\/100\n|move|p1a: Garganacl|Body Press|p2a: Eternatus\n|-resisted|p2a: Eternatus\n|-damage|p2a: Eternatus|0 fnt\n|faint|p2a: Eternatus\n|\n|upkeep\n|j| WitchICantSEE\n|c|\u2606Reality_Check56|no dmg\n|l| WitchICantSEE\n|\n|t:|1700579500\n|switch|p2a: Giratina|Giratina-Origin, tera:Poison|73\/100\n|turn|24\n|\n|t:|1700579506\n|move|p2a: Giratina|Draco Meteor|p1a: Garganacl\n|-damage|p1a: Garganacl|50\/100\n|-unboost|p2a: Giratina|spa|2\n|move|p1a: Garganacl|Salt Cure|p2a: Giratina\n|-damage|p2a: Giratina|63\/100\n|-start|p2a: Giratina|Salt Cure\n|\n|-damage|p2a: Giratina|50\/100|[from] Salt Cure\n|upkeep\n|turn|25\n|\n|t:|1700579515\n|switch|p2a: Arceus|Arceus|100\/100\n|move|p1a: Garganacl|Recover|p1a: Garganacl\n|-heal|p1a: Garganacl|100\/100\n|\n|upkeep\n|turn|26\n|\n|t:|1700579520\n|move|p2a: Arceus|Swords Dance|p2a: Arceus\n|-boost|p2a: Arceus|atk|2\n|move|p1a: Garganacl|Body Press|p2a: Arceus\n|-supereffective|p2a: Arceus\n|-damage|p2a: Arceus|0 fnt\n|faint|p2a: Arceus\n|\n|upkeep\n|c|\u2606Reality_Check56|welp\n|\n|t:|1700579528\n|switch|p2a: Yveltal|Yveltal|59\/100\n|-ability|p2a: Yveltal|Dark Aura\n|turn|27\n|\n|t:|1700579532\n|move|p2a: Yveltal|Foul Play|p1a: Garganacl\n|-damage|p1a: Garganacl|93\/100\n|move|p1a: Garganacl|Salt Cure|p2a: Yveltal\n|-supereffective|p2a: Yveltal\n|-damage|p2a: Yveltal|40\/100\n|-start|p2a: Yveltal|Salt Cure\n|\n|-damage|p2a: Yveltal|28\/100|[from] Salt Cure\n|upkeep\n|turn|28\n|c| I like cool birbs|big rock man stronk\n|c|\u2606Reality_Check56|yea\n|c|\u2606Reality_Check56|TERA\n|\n|t:|1700579541\n|move|p2a: Yveltal|Foul Play|p1a: Garganacl\n|-damage|p1a: Garganacl|85\/100\n|move|p1a: Garganacl|Body Press|p2a: Yveltal\n|-damage|p2a: Yveltal|0 fnt\n|faint|p2a: Yveltal\n|\n|upkeep\n|c|\u2606Reality_Check56|:<\n|c|\u2606Reality_Check56|>:0\n|\n|t:|1700579549\n|switch|p2a: Giratina|Giratina-Origin, tera:Poison|50\/100\n|turn|29\n|c|\u2606The power of ROCK|i would LOVE TO TERA\n|c|\u2606The power of ROCK|BUT I TERA ARCEUS xD\n|c|\u2606Reality_Check56|Ah\n|\n|t:|1700579562\n|move|p2a: Giratina|Draco Meteor|p1a: Garganacl\n|-damage|p1a: Garganacl|50\/100\n|-unboost|p2a: Giratina|spa|2\n|move|p1a: Garganacl|Salt Cure|p2a: Giratina\n|-damage|p2a: Giratina|40\/100\n|-start|p2a: Giratina|Salt Cure\n|\n|-damage|p2a: Giratina|28\/100|[from] Salt Cure\n|upkeep\n|turn|30\n|c|\u2606Reality_Check56|i forgot\n|c|\u2606The power of ROCK|ye\n|c| BeeZeeSD|You're forgetting the tera water lead Reality lol\n|c|\u2606Reality_Check56|GG\n|\n|t:|1700579575\n|move|p2a: Giratina|Draco Meteor|p1a: Garganacl|[miss]\n|-miss|p2a: Giratina|p1a: Garganacl\n|move|p1a: Garganacl|Recover|p1a: Garganacl\n|-heal|p1a: Garganacl|99\/100\n|\n|-damage|p2a: Giratina|16\/100|[from] Salt Cure\n|upkeep\n|turn|31\n|c|\u2606The power of ROCK|gg : )\n|\n|t:|1700579582\n|move|p2a: Giratina|Draco Meteor|p1a: Garganacl\n|-damage|p1a: Garganacl|83\/100\n|-unboost|p2a: Giratina|spa|2\n|move|p1a: Garganacl|Body Press|p2a: Giratina\n|-resisted|p2a: Giratina\n|-damage|p2a: Giratina|0 fnt\n|faint|p2a: Giratina\n|\n|win|The power of ROCK\n|c|\u2606Reality_Check56|Back to ladderin\n|l|\u2606Reality_Check56\n","uploadtime":1700579586,"views":1,"p1id":"thepowerofrock","p2id":"realitycheck56","formatid":"gen9nationaldexubers","rating":0,"private":0,"password":""}