{"id":"gen9nationaldexubers-1986603377","p1":"cincinnaticynda","p2":"chikinwang","format":"[Gen 9] National Dex Ubers","log":"|j|\u2606cincinnaticynda\n|j|\u2606chikinwang\n|t:|1699496833\n|gametype|singles\n|player|p1|cincinnaticynda|2|\n|player|p2|chikinwang|steven|\n|teamsize|p1|6\n|teamsize|p2|6\n|gen|9\n|tier|[Gen 9] National Dex Ubers\n|rule|HP Percentage Mod: HP is shown in percentages\n|rule|Endless Battle Clause: Forcing endless battles is banned\n|rule|OHKO Clause: OHKO moves are banned\n|rule|Evasion Moves Clause: Evasion moves are banned\n|rule|Evasion Items Clause: Evasion items are banned\n|rule|Species Clause: Limit one of each Pok\u00e9mon\n|rule|Sleep Clause Mod: Limit one foe put to sleep\n|rule|Mega Rayquaza Clause: You cannot mega evolve Rayquaza\n|clearpoke\n|poke|p1|Kyogre|\n|poke|p1|Rotom-Wash|\n|poke|p1|Goodra-Hisui, F|\n|poke|p1|Hippowdon, F|\n|poke|p1|Incineroar, M|\n|poke|p1|Tapu Lele|\n|poke|p2|Melmetal|\n|poke|p2|Xurkitree|\n|poke|p2|Dragonite, F|\n|poke|p2|Heracross, M|\n|poke|p2|Blastoise, M|\n|poke|p2|Obstagoon, F|\n|teampreview\n|\n|t:|1699496910\n|start\n|switch|p1a: Hubba Bubba|Goodra-Hisui, F|100\/100\n|switch|p2a: Livewire|Xurkitree|100\/100\n|turn|1\n|c|\u2606cincinnaticynda|glhf!\n|\n|t:|1699496937\n|move|p2a: Livewire|Hidden Power|p1a: Hubba Bubba\n|-damage|p1a: Hubba Bubba|87\/100\n|move|p1a: Hubba Bubba|Acid Armor|p1a: Hubba Bubba\n|-boost|p1a: Hubba Bubba|def|2\n|\n|-heal|p1a: Hubba Bubba|93\/100|[from] item: Leftovers\n|upkeep\n|turn|2\n|j| medi34\n|j| BoyzArbokInTown03\n|c| medi34|wuddup\n|\n|t:|1699496972\n|switch|p2a: Troll-time|Obstagoon, F|100\/100\n|move|p1a: Hubba Bubba|Acid Armor|p1a: Hubba Bubba\n|-boost|p1a: Hubba Bubba|def|2\n|\n|-heal|p1a: Hubba Bubba|99\/100|[from] item: Leftovers\n|upkeep\n|turn|3\n|\n|t:|1699497000\n|move|p2a: Troll-time|Obstruct|p2a: Troll-time\n|-singleturn|p2a: Troll-time|Protect\n|move|p1a: Hubba Bubba|Body Press|p2a: Troll-time\n|-activate|p2a: Troll-time|move: Protect\n|-unboost|p1a: Hubba Bubba|def|2\n|\n|-heal|p1a: Hubba Bubba|100\/100|[from] item: Leftovers\n|upkeep\n|turn|4\n|c| medi34|obstruct what the\n|\n|t:|1699497024\n|move|p2a: Troll-time|Switcheroo|p1a: Hubba Bubba\n|-activate|p2a: Troll-time|move: Trick|[of] p1a: Hubba Bubba\n|-item|p1a: Hubba Bubba|Focus Sash|[from] move: Switcheroo\n|-item|p2a: Troll-time|Leftovers|[from] move: Switcheroo\n|move|p1a: Hubba Bubba|Body Press|p2a: Troll-time\n|-supereffective|p2a: Troll-time\n|-damage|p2a: Troll-time|0 fnt\n|faint|p2a: Troll-time\n|\n|upkeep\n|\n|t:|1699497046\n|switch|p2a: Melmetal|Melmetal|100\/100\n|turn|5\n|\n|t:|1699497071\n|move|p2a: Melmetal|Darkest Lariat|p1a: Hubba Bubba\n|-damage|p1a: Hubba Bubba|76\/100\n|move|p1a: Hubba Bubba|Dragon Tail|p2a: Melmetal\n|-resisted|p2a: Melmetal\n|-damage|p2a: Melmetal|95\/100\n|drag|p2a: Livewire|Xurkitree|100\/100\n|\n|upkeep\n|turn|6\n|\n|t:|1699497092\n|move|p2a: Livewire|Hidden Power|p1a: Hubba Bubba\n|-damage|p1a: Hubba Bubba|63\/100\n|move|p1a: Hubba Bubba|Acid Armor|p1a: Hubba Bubba\n|-boost|p1a: Hubba Bubba|def|2\n|\n|upkeep\n|turn|7\n|j| Lets goooo Glhf\n|\n|t:|1699497113\n|switch|p2a: FatherAquarius|Blastoise, M|100\/100\n|move|p1a: Hubba Bubba|Body Press|p2a: FatherAquarius\n|-damage|p2a: FatherAquarius|43\/100\n|\n|upkeep\n|turn|8\n|c| medi34|Father Aquarius xD\n|\n|t:|1699497133\n|move|p2a: FatherAquarius|Aura Sphere|p1a: Hubba Bubba\n|-supereffective|p1a: Hubba Bubba\n|-damage|p1a: Hubba Bubba|40\/100\n|move|p1a: Hubba Bubba|Body Press|p2a: FatherAquarius\n|-damage|p2a: FatherAquarius|0 fnt\n|faint|p2a: FatherAquarius\n|\n|upkeep\n|\n|t:|1699497151\n|switch|p2a: Hercules|Heracross, M|100\/100\n|turn|9\n|\n|t:|1699497172\n|detailschange|p2a: Hercules|Heracross-Mega, M\n|-mega|p2a: Hercules|Heracross|Heracronite\n|move|p2a: Hercules|Arm Thrust|p1a: Hubba Bubba\n|-supereffective|p1a: Hubba Bubba\n|-damage|p1a: Hubba Bubba|33\/100\n|-supereffective|p1a: Hubba Bubba\n|-damage|p1a: Hubba Bubba|26\/100\n|-supereffective|p1a: Hubba Bubba\n|-damage|p1a: Hubba Bubba|19\/100\n|-supereffective|p1a: Hubba Bubba\n|-damage|p1a: Hubba Bubba|12\/100\n|-supereffective|p1a: Hubba Bubba\n|-damage|p1a: Hubba Bubba|6\/100\n|-hitcount|p1a: Hubba Bubba|5\n|move|p1a: Hubba Bubba|Heavy Slam|p2a: Hercules\n|-damage|p2a: Hercules|66\/100\n|\n|upkeep\n|turn|10\n|\n|t:|1699497194\n|move|p2a: Hercules|Arm Thrust|p1a: Hubba Bubba\n|-supereffective|p1a: Hubba Bubba\n|-damage|p1a: Hubba Bubba|0 fnt\n|faint|p1a: Hubba Bubba\n|-hitcount|p1: Hubba Bubba|1\n|\n|upkeep\n|\n|t:|1699497209\n|switch|p1a: Free Willy|Kyogre, shiny|100\/100\n|-weather|RainDance|[from] ability: Drizzle|[of] p1a: Free Willy\n|turn|11\n|\n|t:|1699497217\n|move|p1a: Free Willy|Water Spout|p2a: Hercules\n|-damage|p2a: Hercules|0 fnt\n|faint|p2a: Hercules\n|\n|-weather|RainDance|[upkeep]\n|upkeep\n|\n|t:|1699497225\n|switch|p2a: Livewire|Xurkitree|100\/100\n|turn|12\n|\n|t:|1699497275\n|-terastallize|p2a: Livewire|Electric\n|-terastallize|p1a: Free Willy|Ground\n|move|p2a: Livewire|Thunderbolt|p1a: Free Willy\n|-immune|p1a: Free Willy\n|move|p1a: Free Willy|Water Spout|p2a: Livewire\n|-damage|p2a: Livewire|0 fnt\n|faint|p2a: Livewire\n|\n|-weather|RainDance|[upkeep]\n|upkeep\n|\n|t:|1699497300\n|switch|p2a: Melmetal|Melmetal|95\/100\n|turn|13\n|c| medi34|:o\n|\n|t:|1699497314\n|move|p1a: Free Willy|Water Spout|p2a: Melmetal\n|-damage|p2a: Melmetal|1\/100\n|move|p2a: Melmetal|Double Iron Bash|p1a: Free Willy\n|-damage|p1a: Free Willy|66\/100\n|-damage|p1a: Free Willy|31\/100\n|-hitcount|p1a: Free Willy|2\n|\n|-weather|RainDance|[upkeep]\n|upkeep\n|turn|14\n|\n|t:|1699497329\n|move|p1a: Free Willy|Water Spout|p2a: Melmetal\n|-crit|p2a: Melmetal\n|-damage|p2a: Melmetal|0 fnt\n|faint|p2a: Melmetal\n|\n|-weather|RainDance|[upkeep]\n|upkeep\n|j| Waikiki Woopers\n|\n|t:|1699497336\n|switch|p2a: Darius|Dragonite, F|100\/100\n|turn|15\n|l| Lets goooo Glhf\n|\n|t:|1699497364\n|switch|p1a: Hell Tigre|Incineroar, M|100\/100\n|-ability|p1a: Hell Tigre|Intimidate|boost\n|-unboost|p2a: Darius|atk|1\n|move|p2a: Darius|Extreme Speed|p1a: Hell Tigre\n|-damage|p1a: Hell Tigre|82\/100\n|\n|-weather|none\n|upkeep\n|turn|16\n|\n|t:|1699497375\n|move|p1a: Hell Tigre|Fake Out|p2a: Darius\n|-damage|p2a: Darius|92\/100\n|cant|p2a: Darius|flinch\n|\n|-heal|p2a: Darius|99\/100|[from] item: Leftovers\n|upkeep\n|turn|17\n|\n|t:|1699497383\n|move|p2a: Darius|Earthquake|p1a: Hell Tigre\n|-supereffective|p1a: Hell Tigre\n|-damage|p1a: Hell Tigre|33\/100\n|move|p1a: Hell Tigre|Parting Shot|p2a: Darius\n|-unboost|p2a: Darius|atk|1\n|-unboost|p2a: Darius|spa|1\n|c|\u2606chikinwang|Rude\n|\n|t:|1699497405\n|switch|p1a: Bruce|Tapu Lele|100\/100|[from] Parting Shot\n|-fieldstart|move: Psychic Terrain|[from] ability: Psychic Surge|[of] p1a: Bruce\n|\n|-heal|p2a: Darius|100\/100|[from] item: Leftovers\n|upkeep\n|turn|18\n|\n|t:|1699497422\n|move|p1a: Bruce|Moonblast|p2a: Darius\n|-supereffective|p2a: Darius\n|-damage|p2a: Darius|32\/100\n|-damage|p1a: Bruce|91\/100|[from] item: Life Orb\n|move|p2a: Darius|Fire Blast|p1a: Bruce\n|-damage|p1a: Bruce|75\/100\n|\n|-heal|p2a: Darius|38\/100|[from] item: Leftovers\n|upkeep\n|turn|19\n|\n|t:|1699497433\n|move|p1a: Bruce|Moonblast|p2a: Darius\n|-supereffective|p2a: Darius\n|-damage|p2a: Darius|0 fnt\n|faint|p2a: Darius\n|-damage|p1a: Bruce|65\/100|[from] item: Life Orb\n|\n|win|cincinnaticynda\n|c| medi34|Dragonite is always so deceptively bulky to me\n|c|\u2606cincinnaticynda|gg\n|c|\u2606chikinwang|Gg\n|l|\u2606chikinwang\n","uploadtime":1699497444,"views":5,"p1id":"cincinnaticynda","p2id":"chikinwang","formatid":"gen9nationaldexubers","rating":0,"private":0,"password":""}