{"id":"gen9nationaldexubers-1980475503","p1":"EpicGamer069420","p2":"jolly natured","format":"[Gen 9] National Dex Ubers","log":"|j|\u2606EpicGamer069420\n|j|\u2606jolly natured\n|t:|1698788467\n|gametype|singles\n|player|p1|EpicGamer069420|lucas|1585\n|player|p2|jolly natured|skierf|1553\n|teamsize|p1|6\n|teamsize|p2|6\n|gen|9\n|tier|[Gen 9] National Dex Ubers\n|rated|\n|rule|HP Percentage Mod: HP is shown in percentages\n|rule|Endless Battle Clause: Forcing endless battles is banned\n|rule|OHKO Clause: OHKO moves are banned\n|rule|Evasion Moves Clause: Evasion moves are banned\n|rule|Evasion Items Clause: Evasion items are banned\n|rule|Species Clause: Limit one of each Pok\u00e9mon\n|rule|Sleep Clause Mod: Limit one foe put to sleep\n|rule|Mega Rayquaza Clause: You cannot mega evolve Rayquaza\n|clearpoke\n|poke|p1|Heatran, F|\n|poke|p1|Necrozma-Dusk-Mane|\n|poke|p1|Xerneas-*|\n|poke|p1|Groudon|\n|poke|p1|Lugia|\n|poke|p1|Arceus-Ground|\n|poke|p2|Arceus-Ground|\n|poke|p2|Yveltal|\n|poke|p2|Necrozma-Dusk-Mane|\n|poke|p2|Marshadow|\n|poke|p2|Ho-Oh|\n|poke|p2|Eternatus|\n|teampreview\n|inactive|Battle timer is ON: inactive players will automatically lose when time's up. (requested by jolly natured)\n|inactive|EpicGamer069420 also wants the timer to be on.\n|inactive|EpicGamer069420 has 120 seconds left.\n|inactive|EpicGamer069420 has 90 seconds left.\n|\n|t:|1698788538\n|start\n|switch|p1a: Necrozma|Necrozma-Dusk-Mane|100\/100\n|switch|p2a: Ho-Oh|Ho-Oh, shiny|100\/100\n|turn|1\n|\n|t:|1698788545\n|switch|p1a: Groudon|Groudon|100\/100\n|detailschange|p1a: Groudon|Groudon-Primal\n|-primal|p1a: Groudon|Red Orb\n|-weather|DesolateLand|[from] ability: Desolate Land|[of] p1a: Groudon\n|move|p2a: Ho-Oh|Sacred Fire|p1a: Groudon\n|-resisted|p1a: Groudon\n|-damage|p1a: Groudon|73\/100\n|\n|-weather|DesolateLand|[upkeep]\n|upkeep\n|turn|2\n|\n|t:|1698788549\n|switch|p2a: Arceus|Arceus-Ground|100\/100\n|move|p1a: Groudon|Heat Crash|p2a: Arceus\n|-damage|p2a: Arceus|43\/100\n|\n|-weather|DesolateLand|[upkeep]\n|upkeep\n|turn|3\n|\n|t:|1698788564\n|-weather|none\n|switch|p1a: Lugia|Lugia|100\/100\n|move|p2a: Arceus|Judgment|p1a: Lugia\n|-immune|p1a: Lugia\n|\n|upkeep\n|turn|4\n|\n|t:|1698788573\n|switch|p2a: Necrozma|Necrozma-Dusk-Mane|100\/100\n|move|p1a: Lugia|Toxic|p2a: Necrozma\n|-immune|p2a: Necrozma\n|\n|upkeep\n|turn|5\n|\n|t:|1698788581\n|switch|p1a: Necrozma|Necrozma-Dusk-Mane|100\/100\n|move|p2a: Necrozma|Sunsteel Strike|p1a: Necrozma\n|-resisted|p1a: Necrozma\n|-damage|p1a: Necrozma|87\/100\n|\n|-heal|p1a: Necrozma|93\/100|[from] item: Leftovers\n|upkeep\n|turn|6\n|\n|t:|1698788585\n|move|p1a: Necrozma|Knock Off|p2a: Necrozma\n|-supereffective|p2a: Necrozma\n|-damage|p2a: Necrozma|73\/100\n|-enditem|p2a: Necrozma|Leftovers|[from] move: Knock Off|[of] p1a: Necrozma\n|move|p2a: Necrozma|Thunder Wave|p1a: Necrozma\n|-status|p1a: Necrozma|par\n|\n|-heal|p1a: Necrozma|99\/100 par|[from] item: Leftovers\n|upkeep\n|turn|7\n|\n|t:|1698788591\n|move|p2a: Necrozma|Earthquake|p1a: Necrozma\n|-supereffective|p1a: Necrozma\n|-damage|p1a: Necrozma|73\/100 par\n|cant|p1a: Necrozma|par\n|\n|-heal|p1a: Necrozma|79\/100 par|[from] item: Leftovers\n|upkeep\n|turn|8\n|\n|t:|1698788599\n|move|p2a: Necrozma|Earthquake|p1a: Necrozma\n|-supereffective|p1a: Necrozma\n|-damage|p1a: Necrozma|55\/100 par\n|move|p1a: Necrozma|Earthquake|p2a: Necrozma\n|-supereffective|p2a: Necrozma\n|-damage|p2a: Necrozma|48\/100\n|\n|-heal|p1a: Necrozma|61\/100 par|[from] item: Leftovers\n|upkeep\n|turn|9\n|\n|t:|1698788602\n|move|p2a: Necrozma|Morning Sun|p2a: Necrozma\n|-heal|p2a: Necrozma|98\/100\n|move|p1a: Necrozma|Morning Sun|p1a: Necrozma\n|-heal|p1a: Necrozma|100\/100 par\n|\n|upkeep\n|turn|10\n|\n|t:|1698788613\n|switch|p2a: Yveltal|Yveltal, shiny|100\/100\n|-ability|p2a: Yveltal|Dark Aura\n|switch|p1a: Arceus|Arceus-Ground|100\/100\n|\n|upkeep\n|turn|11\n|\n|t:|1698788621\n|switch|p1a: Xerneas|Xerneas|100\/100\n|-ability|p1a: Xerneas|Fairy Aura\n|move|p2a: Yveltal|Toxic|p1a: Xerneas|[miss]\n|-miss|p2a: Yveltal|p1a: Xerneas\n|\n|upkeep\n|turn|12\n|\n|t:|1698788624\n|move|p1a: Xerneas|Moonblast|p2a: Yveltal\n|-supereffective|p2a: Yveltal\n|-damage|p2a: Yveltal|15\/100\n|move|p2a: Yveltal|Toxic|p1a: Xerneas\n|-status|p1a: Xerneas|tox\n|\n|-damage|p1a: Xerneas|94\/100 tox|[from] psn\n|upkeep\n|turn|13\n|\n|t:|1698788629\n|switch|p2a: Necrozma|Necrozma-Dusk-Mane|98\/100\n|move|p1a: Xerneas|Aromatherapy|p1a: Xerneas\n|-activate|p1a: Xerneas|move: Aromatherapy\n|-curestatus|p1a: Xerneas|tox|[msg]\n|-curestatus|p1: Necrozma|par|[msg]\n|\n|-heal|p1a: Xerneas|100\/100|[from] item: Leftovers\n|upkeep\n|turn|14\n|\n|t:|1698788643\n|switch|p1a: Heatran|Heatran, F|100\/100\n|-item|p1a: Heatran|Air Balloon\n|move|p2a: Necrozma|Earthquake|p1a: Heatran\n|-immune|p1a: Heatran\n|\n|upkeep\n|turn|15\n|\n|t:|1698788648\n|move|p1a: Heatran|Magma Storm|p2a: Necrozma|[miss]\n|-miss|p1a: Heatran|p2a: Necrozma\n|move|p2a: Necrozma|Sunsteel Strike|p1a: Heatran\n|-resisted|p1a: Heatran\n|-damage|p1a: Heatran|89\/100\n|-enditem|p1a: Heatran|Air Balloon\n|\n|upkeep\n|turn|16\n|\n|t:|1698788663\n|-terastallize|p1a: Heatran|Grass\n|move|p1a: Heatran|Magma Storm|p2a: Necrozma\n|-supereffective|p2a: Necrozma\n|-damage|p2a: Necrozma|34\/100\n|-activate|p2a: Necrozma|move: Magma Storm|[of] p1a: Heatran\n|move|p2a: Necrozma|Earthquake|p1a: Heatran\n|-resisted|p1a: Heatran\n|-damage|p1a: Heatran|74\/100\n|\n|-damage|p2a: Necrozma|22\/100|[from] move: Magma Storm|[partiallytrapped]\n|upkeep\n|turn|17\n|inactive|EpicGamer069420 has 120 seconds left.\n|\n|t:|1698788697\n|move|p1a: Heatran|Earth Power|p2a: Necrozma\n|-supereffective|p2a: Necrozma\n|-damage|p2a: Necrozma|0 fnt\n|faint|p2a: Necrozma\n|\n|upkeep\n|\n|t:|1698788699\n|switch|p2a: Ho-Oh|Ho-Oh, shiny|100\/100\n|turn|18\n|\n|t:|1698788709\n|move|p1a: Heatran|Stealth Rock|p2a: Ho-Oh\n|-sidestart|p2: jolly natured|move: Stealth Rock\n|move|p2a: Ho-Oh|Brave Bird|p1a: Heatran\n|-supereffective|p1a: Heatran\n|-damage|p1a: Heatran|0 fnt\n|faint|p1a: Heatran\n|-damage|p2a: Ho-Oh|80\/100|[from] Recoil\n|\n|upkeep\n|\n|t:|1698788718\n|switch|p1a: Groudon|Groudon-Primal|73\/100\n|-weather|DesolateLand|[from] ability: Desolate Land|[of] p1a: Groudon\n|turn|19\n|\n|t:|1698788726\n|-terastallize|p2a: Ho-Oh|Ground\n|move|p1a: Groudon|Swords Dance|p1a: Groudon\n|-boost|p1a: Groudon|atk|2\n|move|p2a: Ho-Oh|Earthquake|p1a: Groudon\n|-supereffective|p1a: Groudon\n|-damage|p1a: Groudon|0 fnt\n|faint|p1a: Groudon\n|-weather|none\n|\n|upkeep\n|inactive|EpicGamer069420 has 120 seconds left.\n|\n|t:|1698788747\n|switch|p1a: Arceus|Arceus-Ground|100\/100\n|turn|20\n|\n|t:|1698788750\n|move|p1a: Arceus|Calm Mind|p1a: Arceus\n|-boost|p1a: Arceus|spa|1\n|-boost|p1a: Arceus|spd|1\n|move|p2a: Ho-Oh|Sacred Fire|p1a: Arceus|[miss]\n|-miss|p2a: Ho-Oh|p1a: Arceus\n|\n|upkeep\n|turn|21\n|\n|t:|1698788754\n|move|p1a: Arceus|Ice Beam|p2a: Ho-Oh\n|-supereffective|p2a: Ho-Oh\n|-damage|p2a: Ho-Oh|42\/100\n|move|p2a: Ho-Oh|Sacred Fire|p1a: Arceus\n|-damage|p1a: Arceus|70\/100\n|\n|upkeep\n|turn|22\n|\n|t:|1698788760\n|move|p1a: Arceus|Ice Beam|p2a: Ho-Oh\n|-supereffective|p2a: Ho-Oh\n|-damage|p2a: Ho-Oh|0 fnt\n|faint|p2a: Ho-Oh\n|\n|upkeep\n|\n|t:|1698788768\n|switch|p2a: Marshadow|Marshadow|100\/100\n|-damage|p2a: Marshadow|94\/100|[from] Stealth Rock\n|turn|23\n|\n|t:|1698788772\n|move|p2a: Marshadow|Close Combat|p1a: Arceus\n|-damage|p1a: Arceus|20\/100\n|-unboost|p2a: Marshadow|def|1\n|-unboost|p2a: Marshadow|spd|1\n|move|p1a: Arceus|Judgment|p2a: Marshadow\n|-damage|p2a: Marshadow|0 fnt\n|faint|p2a: Marshadow\n|\n|upkeep\n|\n|t:|1698788779\n|switch|p2a: Arceus|Arceus-Ground|43\/100\n|-damage|p2a: Arceus|37\/100|[from] Stealth Rock\n|turn|24\n|\n|t:|1698788783\n|move|p2a: Arceus|Judgment|p1a: Arceus\n|-damage|p1a: Arceus|0 fnt\n|faint|p1a: Arceus\n|\n|upkeep\n|\n|t:|1698788795\n|switch|p1a: Lugia|Lugia|100\/100\n|turn|25\n|\n|t:|1698788798\n|move|p2a: Arceus|Recover|p2a: Arceus\n|-heal|p2a: Arceus|87\/100\n|move|p1a: Lugia|Aeroblast|p2a: Arceus\n|-damage|p2a: Arceus|68\/100\n|\n|upkeep\n|turn|26\n|\n|t:|1698788801\n|move|p2a: Arceus|Defog|p1a: Lugia\n|-unboost|p1a: Lugia|evasion|1\n|-sideend|p2: jolly natured|Stealth Rock|[from] move: Defog|[of] p2a: Arceus\n|move|p1a: Lugia|Toxic|p2a: Arceus\n|-status|p2a: Arceus|tox\n|\n|-damage|p2a: Arceus|62\/100 tox|[from] psn\n|upkeep\n|turn|27\n|\n|t:|1698788806\n|move|p2a: Arceus|Ice Beam|p1a: Lugia\n|-supereffective|p1a: Lugia\n|-damage|p1a: Lugia|88\/100\n|move|p1a: Lugia|Aeroblast|p2a: Arceus\n|-damage|p2a: Arceus|43\/100 tox\n|\n|-damage|p2a: Arceus|30\/100 tox|[from] psn\n|upkeep\n|turn|28\n|\n|t:|1698788810\n|move|p2a: Arceus|Ice Beam|p1a: Lugia\n|-supereffective|p1a: Lugia\n|-damage|p1a: Lugia|60\/100\n|move|p1a: Lugia|Roost|p1a: Lugia\n|-heal|p1a: Lugia|100\/100\n|-singleturn|p1a: Lugia|move: Roost\n|\n|-damage|p2a: Arceus|12\/100 tox|[from] psn\n|upkeep\n|turn|29\n|\n|t:|1698788813\n|move|p2a: Arceus|Ice Beam|p1a: Lugia\n|-supereffective|p1a: Lugia\n|-damage|p1a: Lugia|87\/100\n|-status|p1a: Lugia|frz\n|cant|p1a: Lugia|frz\n|\n|-damage|p2a: Arceus|0 fnt|[from] psn\n|faint|p2a: Arceus\n|upkeep\n|\n|t:|1698788819\n|switch|p2a: Yveltal|Yveltal, shiny|15\/100\n|-ability|p2a: Yveltal|Dark Aura\n|turn|30\n|\n|t:|1698788825\n|switch|p1a: Xerneas|Xerneas|100\/100\n|-ability|p1a: Xerneas|Fairy Aura\n|switch|p2a: Eternatus|Eternatus|100\/100\n|-ability|p2a: Eternatus|Pressure\n|\n|upkeep\n|turn|31\n|\n|t:|1698788829\n|switch|p1a: Necrozma|Necrozma-Dusk-Mane|100\/100\n|move|p2a: Eternatus|Sludge Wave|p1a: Necrozma\n|-immune|p1a: Necrozma\n|\n|upkeep\n|turn|32\n|\n|t:|1698788833\n|switch|p2a: Yveltal|Yveltal, shiny|15\/100\n|-ability|p2a: Yveltal|Dark Aura\n|move|p1a: Necrozma|Knock Off|p2a: Yveltal\n|-resisted|p2a: Yveltal\n|-damage|p2a: Yveltal|0 fnt\n|-enditem|p2a: Yveltal|Heavy-Duty Boots|[from] move: Knock Off|[of] p1a: Necrozma\n|faint|p2a: Yveltal\n|\n|upkeep\n|\n|t:|1698788836\n|switch|p2a: Eternatus|Eternatus|100\/100\n|-ability|p2a: Eternatus|Pressure\n|turn|33\n|\n|t:|1698788839\n|move|p2a: Eternatus|Flamethrower|p1a: Necrozma\n|-supereffective|p1a: Necrozma\n|-damage|p1a: Necrozma|59\/100\n|move|p1a: Necrozma|Earthquake|p2a: Eternatus\n|-supereffective|p2a: Eternatus\n|-damage|p2a: Eternatus|41\/100\n|\n|-heal|p1a: Necrozma|65\/100|[from] item: Leftovers\n|upkeep\n|turn|34\n|\n|t:|1698788844\n|move|p2a: Eternatus|Flamethrower|p1a: Necrozma\n|-supereffective|p1a: Necrozma\n|-damage|p1a: Necrozma|21\/100\n|move|p1a: Necrozma|Earthquake|p2a: Eternatus\n|-supereffective|p2a: Eternatus\n|-damage|p2a: Eternatus|0 fnt\n|faint|p2a: Eternatus\n|\n|win|EpicGamer069420\n|raw|EpicGamer069420's rating: 1585 &rarr; <strong>1603<\/strong><br \/>(+18 for winning)\n|raw|jolly natured's rating: 1553 &rarr; <strong>1535<\/strong><br \/>(-18 for losing)\n|l|\u2606jolly natured\n","uploadtime":1698788907,"views":7,"p1id":"epicgamer069420","p2id":"jollynatured","formatid":"gen9nationaldexubers","rating":1535,"private":0,"password":""}