{"id":"gen9nationaldexubers-1980751077","p1":"Nikalas\/IxuYT","p2":"ankitlegend69","format":"[Gen 9] National Dex Ubers","log":"|j|\u2606Nikalas\/IxuYT\n|j|\u2606ankitlegend69\n|t:|1698825751\n|gametype|singles\n|player|p1|Nikalas\/IxuYT|pokekid|1166\n|player|p2|ankitlegend69|cynthia|1238\n|teamsize|p1|6\n|teamsize|p2|6\n|gen|9\n|tier|[Gen 9] National Dex Ubers\n|rated|\n|rule|HP Percentage Mod: HP is shown in percentages\n|rule|Endless Battle Clause: Forcing endless battles is banned\n|rule|OHKO Clause: OHKO moves are banned\n|rule|Evasion Moves Clause: Evasion moves are banned\n|rule|Evasion Items Clause: Evasion items are banned\n|rule|Species Clause: Limit one of each Pok\u00e9mon\n|rule|Sleep Clause Mod: Limit one foe put to sleep\n|rule|Mega Rayquaza Clause: You cannot mega evolve Rayquaza\n|clearpoke\n|poke|p1|Zygarde-10%|\n|poke|p1|Xerneas-*|\n|poke|p1|Yveltal|\n|poke|p1|Marshadow|\n|poke|p1|Groudon|\n|poke|p1|Magearna|\n|poke|p2|Arceus|\n|poke|p2|Necrozma-Dusk-Mane|\n|poke|p2|Giratina-Origin|\n|poke|p2|Groudon|\n|poke|p2|Regieleki|\n|poke|p2|Mewtwo|\n|teampreview\n|c|\u2606Nikalas\/IxuYT|hey\n|\n|t:|1698825760\n|start\n|switch|p1a: Marshadow|Marshadow|100\/100\n|switch|p2a: Regieleki|Regieleki, shiny|100\/100\n|turn|1\n|\n|t:|1698825771\n|move|p2a: Regieleki|Volt Switch|p1a: Marshadow\n|-damage|p1a: Marshadow|42\/100\n|-damage|p2a: Regieleki|91\/100|[from] item: Life Orb\n|\n|t:|1698825776\n|switch|p2a: Arceus|Arceus, shiny|100\/100|[from] Volt Switch\n|move|p1a: Marshadow|Ice Punch|p2a: Arceus\n|-damage|p2a: Arceus|78\/100\n|\n|-heal|p2a: Arceus|84\/100|[from] item: Leftovers\n|upkeep\n|turn|2\n|\n|t:|1698825785\n|move|p1a: Marshadow|Close Combat|p2a: Arceus\n|-supereffective|p2a: Arceus\n|-damage|p2a: Arceus|0 fnt\n|-unboost|p1a: Marshadow|def|1\n|-unboost|p1a: Marshadow|spd|1\n|faint|p2a: Arceus\n|\n|upkeep\n|\n|t:|1698825791\n|switch|p2a: Regieleki|Regieleki, shiny|91\/100\n|turn|3\n|\n|t:|1698825795\n|move|p2a: Regieleki|Volt Switch|p1a: Marshadow\n|-damage|p1a: Marshadow|0 fnt\n|faint|p1a: Marshadow\n|-damage|p2a: Regieleki|81\/100|[from] item: Life Orb\n|\n|t:|1698825800\n|switch|p2a: Giratina|Giratina-Origin, shiny|100\/100|[from] Volt Switch\n|\n|upkeep\n|\n|t:|1698825810\n|switch|p1a: Yveltal|Yveltal|100\/100\n|-ability|p1a: Yveltal|Dark Aura\n|turn|4\n|\n|t:|1698825818\n|-terastallize|p2a: Giratina|Electric\n|move|p1a: Yveltal|Dark Pulse|p2a: Giratina\n|-damage|p2a: Giratina|50\/100\n|move|p2a: Giratina|Dragon Pulse|p1a: Yveltal\n|-damage|p1a: Yveltal|49\/100\n|\n|upkeep\n|turn|5\n|\n|t:|1698825831\n|move|p1a: Yveltal|Dark Pulse|p2a: Giratina\n|-damage|p2a: Giratina|4\/100\n|move|p2a: Giratina|Dragon Pulse|p1a: Yveltal\n|-crit|p1a: Yveltal\n|-damage|p1a: Yveltal|0 fnt\n|faint|p1a: Yveltal\n|\n|upkeep\n|\n|t:|1698825838\n|switch|p1a: Groudon|Groudon|100\/100\n|detailschange|p1a: Groudon|Groudon-Primal\n|-primal|p1a: Groudon|Red Orb\n|-weather|DesolateLand|[from] ability: Desolate Land|[of] p1a: Groudon\n|turn|6\n|\n|t:|1698825845\n|move|p1a: Groudon|Stone Edge|p2a: Giratina\n|-damage|p2a: Giratina|0 fnt\n|faint|p2a: Giratina\n|\n|-weather|DesolateLand|[upkeep]\n|upkeep\n|\n|t:|1698825852\n|switch|p2a: Groudon|Groudon, shiny|100\/100\n|detailschange|p2a: Groudon|Groudon-Primal, shiny\n|-primal|p2a: Groudon|Red Orb\n|turn|7\n|\n|t:|1698825856\n|move|p2a: Groudon|Precipice Blades|p1a: Groudon\n|-supereffective|p1a: Groudon\n|-damage|p1a: Groudon|6\/100\n|move|p1a: Groudon|Precipice Blades|p2a: Groudon\n|-supereffective|p2a: Groudon\n|-crit|p2a: Groudon\n|-damage|p2a: Groudon|0 fnt\n|faint|p2a: Groudon\n|\n|-weather|DesolateLand|[upkeep]\n|upkeep\n|\n|t:|1698825864\n|switch|p2a: Regieleki|Regieleki, shiny|81\/100\n|turn|8\n|\n|t:|1698825867\n|move|p2a: Regieleki|Extreme Speed|p1a: Groudon\n|-damage|p1a: Groudon|0 fnt\n|faint|p1a: Groudon\n|-weather|none\n|-damage|p2a: Regieleki|71\/100|[from] item: Life Orb\n|\n|upkeep\n|\n|t:|1698825876\n|switch|p1a: Zygarde|Zygarde-10%|100\/100\n|turn|9\n|\n|t:|1698825884\n|move|p2a: Regieleki|Tera Blast|p1a: Zygarde\n|-damage|p1a: Zygarde|53\/100\n|-damage|p2a: Regieleki|61\/100|[from] item: Life Orb\n|move|p1a: Zygarde|Thousand Arrows|p2a: Regieleki\n|-supereffective|p2a: Regieleki\n|-damage|p2a: Regieleki|0 fnt\n|faint|p2a: Regieleki\n|\n|upkeep\n|\n|t:|1698825887\n|switch|p2a: Necrozma|Necrozma-Dusk-Mane, shiny|100\/100\n|turn|10\n|\n|t:|1698825894\n|detailschange|p2a: Necrozma|Necrozma-Ultra, shiny\n|-burst|p2a: Necrozma|Necrozma|Ultranecrozium Z\n|move|p1a: Zygarde|Outrage|p2a: Necrozma\n|-supereffective|p2a: Necrozma\n|-damage|p2a: Necrozma|5\/100\n|move|p2a: Necrozma|Dragon Pulse|p1a: Zygarde\n|-supereffective|p1a: Zygarde\n|-damage|p1a: Zygarde|0 fnt\n|faint|p1a: Zygarde\n|\n|upkeep\n|\n|t:|1698825905\n|switch|p1a: Xerneas|Xerneas|100\/100\n|-ability|p1a: Xerneas|Fairy Aura\n|turn|11\n|\n|t:|1698825909\n|move|p1a: Xerneas|Moonblast|p2a: Necrozma\n|-supereffective|p2a: Necrozma\n|-damage|p2a: Necrozma|0 fnt\n|faint|p2a: Necrozma\n|\n|upkeep\n|\n|t:|1698825912\n|switch|p2a: Mewtwo|Mewtwo, shiny|100\/100\n|-ability|p2a: Mewtwo|Pressure\n|turn|12\n|\n|t:|1698825919\n|detailschange|p2a: Mewtwo|Mewtwo-Mega-Y, shiny\n|-mega|p2a: Mewtwo|Mewtwo|Mewtwonite Y\n|move|p2a: Mewtwo|Calm Mind|p2a: Mewtwo\n|-boost|p2a: Mewtwo|spa|1\n|-boost|p2a: Mewtwo|spd|1\n|move|p1a: Xerneas|Geomancy||[still]\n|-prepare|p1a: Xerneas|Geomancy\n|-enditem|p1a: Xerneas|Power Herb\n|-anim|p1a: Xerneas|Geomancy|p1a: Xerneas\n|-boost|p1a: Xerneas|spa|2\n|-boost|p1a: Xerneas|spd|2\n|-boost|p1a: Xerneas|spe|2\n|\n|upkeep\n|turn|13\n|\n|t:|1698825929\n|move|p1a: Xerneas|Moonblast|p2a: Mewtwo\n|-damage|p2a: Mewtwo|30\/100\n|move|p2a: Mewtwo|Calm Mind|p2a: Mewtwo\n|-boost|p2a: Mewtwo|spa|1\n|-boost|p2a: Mewtwo|spd|1\n|\n|upkeep\n|turn|14\n|\n|t:|1698825935\n|move|p1a: Xerneas|Moonblast|p2a: Mewtwo\n|-damage|p2a: Mewtwo|0 fnt\n|faint|p2a: Mewtwo\n|\n|win|Nikalas\/IxuYT\n|raw|Nikalas&#x2f;IxuYT's rating: 1166 &rarr; <strong>1196<\/strong><br \/>(+30 for winning)\n|raw|ankitlegend69's rating: 1238 &rarr; <strong>1208<\/strong><br \/>(-30 for losing)\n|c|\u2606Nikalas\/IxuYT|gg\n|l|\u2606ankitlegend69\n","uploadtime":1698825952,"views":10,"p1id":"nikalasixuyt","p2id":"ankitlegend69","formatid":"gen9nationaldexubers","rating":1196,"private":0,"password":""}