{"id":"gen9nationaldexubers-1996893687","p1":"KarmaKazama0","p2":"5555555555555abc","format":"[Gen 9] National Dex Ubers","log":"|j|\u2606KarmaKazama0\n|j|\u26065555555555555abc\n|t:|1700741409\n|gametype|singles\n|player|p1|KarmaKazama0|169|1542\n|player|p2|5555555555555abc|pokemaniac|1464\n|teamsize|p1|6\n|teamsize|p2|6\n|gen|9\n|tier|[Gen 9] National Dex Ubers\n|rated|\n|rule|HP Percentage Mod: HP is shown in percentages\n|rule|Endless Battle Clause: Forcing endless battles is banned\n|rule|OHKO Clause: OHKO moves are banned\n|rule|Evasion Moves Clause: Evasion moves are banned\n|rule|Evasion Items Clause: Evasion items are banned\n|rule|Species Clause: Limit one of each Pok\u00e9mon\n|rule|Sleep Clause Mod: Limit one foe put to sleep\n|rule|Mega Rayquaza Clause: You cannot mega evolve Rayquaza\n|clearpoke\n|poke|p1|Groudon|\n|poke|p1|Ho-Oh|\n|poke|p1|Arceus-Dark|\n|poke|p1|Zygarde|\n|poke|p1|Necrozma-Dusk-Mane|\n|poke|p1|Kyogre|\n|poke|p2|Marshadow|\n|poke|p2|Ho-Oh|\n|poke|p2|Xerneas-*|\n|poke|p2|Arceus|\n|poke|p2|Necrozma-Dusk-Mane|\n|poke|p2|Kyogre|\n|teampreview\n|inactive|Battle timer is ON: inactive players will automatically lose when time's up. (requested by KarmaKazama0)\n|inactive|5555555555555abc also wants the timer to be on.\n|\n|t:|1700741424\n|start\n|switch|p1a: Zygarde|Zygarde|100\/100\n|switch|p2a: Marshadow|Marshadow|100\/100\n|turn|1\n|\n|t:|1700741433\n|move|p2a: Marshadow|Spectral Thief|p1a: Zygarde\n|-damage|p1a: Zygarde|77\/100\n|move|p1a: Zygarde|Glare|p2a: Marshadow\n|-status|p2a: Marshadow|par\n|\n|-heal|p1a: Zygarde|83\/100|[from] item: Leftovers\n|upkeep\n|turn|2\n|\n|t:|1700741443\n|switch|p2a: Kyogre|Kyogre, shiny|100\/100\n|detailschange|p2a: Kyogre|Kyogre-Primal, shiny\n|-primal|p2a: Kyogre|Blue Orb\n|-weather|PrimordialSea|[from] ability: Primordial Sea|[of] p2a: Kyogre\n|move|p1a: Zygarde|Thousand Arrows|p2a: Kyogre\n|-damage|p2a: Kyogre|70\/100\n|\n|-weather|PrimordialSea|[upkeep]\n|-heal|p1a: Zygarde|89\/100|[from] item: Leftovers\n|upkeep\n|turn|3\n|\n|t:|1700741452\n|switch|p1a: Groudon|Groudon|100\/100\n|detailschange|p1a: Groudon|Groudon-Primal\n|-primal|p1a: Groudon|Red Orb\n|-weather|DesolateLand|[from] ability: Desolate Land|[of] p1a: Groudon\n|move|p2a: Kyogre|Ice Beam|p1a: Groudon\n|-damage|p1a: Groudon|72\/100\n|\n|-weather|DesolateLand|[upkeep]\n|upkeep\n|turn|4\n|\n|t:|1700741470\n|switch|p2a: Marshadow|Marshadow|100\/100 par\n|move|p1a: Groudon|Toxic||[still]\n|-fail|p1a: Groudon\n|\n|-weather|DesolateLand|[upkeep]\n|upkeep\n|turn|5\n|\n|t:|1700741478\n|move|p1a: Groudon|Precipice Blades|p2a: Marshadow\n|-damage|p2a: Marshadow|15\/100 par\n|move|p2a: Marshadow|Rock Tomb|p1a: Groudon\n|-damage|p1a: Groudon|55\/100\n|-unboost|p1a: Groudon|spe|1\n|\n|-weather|DesolateLand|[upkeep]\n|upkeep\n|turn|6\n|\n|t:|1700741489\n|cant|p2a: Marshadow|par\n|move|p1a: Groudon|Precipice Blades|p2a: Marshadow\n|-damage|p2a: Marshadow|0 fnt\n|faint|p2a: Marshadow\n|\n|-weather|DesolateLand|[upkeep]\n|upkeep\n|\n|t:|1700741495\n|switch|p2a: Kyogre|Kyogre-Primal, shiny|70\/100\n|-weather|PrimordialSea|[from] ability: Primordial Sea|[of] p2a: Kyogre\n|turn|7\n|\n|t:|1700741501\n|switch|p1a: Kyogre|Kyogre|100\/100\n|detailschange|p1a: Kyogre|Kyogre-Primal\n|-primal|p1a: Kyogre|Blue Orb\n|move|p2a: Kyogre|Origin Pulse|p1a: Kyogre\n|-resisted|p1a: Kyogre\n|-damage|p1a: Kyogre|70\/100\n|\n|-weather|PrimordialSea|[upkeep]\n|upkeep\n|turn|8\n|\n|t:|1700741508\n|switch|p1a: Groudon|Groudon-Primal|55\/100\n|-weather|DesolateLand|[from] ability: Desolate Land|[of] p1a: Groudon\n|move|p2a: Kyogre|Thunder|p1a: Groudon\n|-immune|p1a: Groudon\n|\n|-weather|DesolateLand|[upkeep]\n|upkeep\n|turn|9\n|\n|t:|1700741522\n|switch|p2a: Ho-Oh|Ho-Oh, shiny|100\/100\n|move|p1a: Groudon|Precipice Blades|p2a: Ho-Oh\n|-immune|p2a: Ho-Oh\n|\n|-weather|DesolateLand|[upkeep]\n|upkeep\n|turn|10\n|\n|t:|1700741535\n|switch|p2a: Necrozma|Necrozma-Dusk-Mane, shiny|100\/100\n|move|p1a: Groudon|Toxic|p2a: Necrozma\n|-immune|p2a: Necrozma\n|\n|-weather|DesolateLand|[upkeep]\n|upkeep\n|turn|11\n|\n|t:|1700741542\n|detailschange|p2a: Necrozma|Necrozma-Ultra, shiny\n|-burst|p2a: Necrozma|Necrozma|Ultranecrozium Z\n|move|p2a: Necrozma|Earthquake|p1a: Groudon\n|-supereffective|p1a: Groudon\n|-crit|p1a: Groudon\n|-damage|p1a: Groudon|0 fnt\n|faint|p1a: Groudon\n|-weather|none\n|\n|upkeep\n|\n|t:|1700741552\n|switch|p1a: Arceus|Arceus-Dark|100\/100\n|turn|12\n|\n|t:|1700741558\n|switch|p2a: Xerneas|Xerneas|100\/100\n|-ability|p2a: Xerneas|Fairy Aura\n|move|p1a: Arceus|Judgment|p2a: Xerneas\n|-resisted|p2a: Xerneas\n|-damage|p2a: Xerneas|79\/100\n|\n|upkeep\n|turn|13\n|\n|t:|1700741571\n|switch|p1a: Necrozma|Necrozma-Dusk-Mane|100\/100\n|move|p2a: Xerneas|Moonblast|p1a: Necrozma\n|-resisted|p1a: Necrozma\n|-damage|p1a: Necrozma|78\/100\n|\n|-heal|p1a: Necrozma|84\/100|[from] item: Leftovers\n|upkeep\n|turn|14\n|\n|t:|1700741579\n|-terastallize|p2a: Xerneas|Ground\n|move|p2a: Xerneas|Geomancy||[still]\n|-prepare|p2a: Xerneas|Geomancy\n|-enditem|p2a: Xerneas|Power Herb\n|-anim|p2a: Xerneas|Geomancy|p2a: Xerneas\n|-boost|p2a: Xerneas|spa|2\n|-boost|p2a: Xerneas|spd|2\n|-boost|p2a: Xerneas|spe|2\n|move|p1a: Necrozma|Stealth Rock|p2a: Xerneas\n|-sidestart|p2: 5555555555555abc|move: Stealth Rock\n|\n|-heal|p1a: Necrozma|90\/100|[from] item: Leftovers\n|upkeep\n|turn|15\n|\n|t:|1700741592\n|move|p2a: Xerneas|Hidden Power|p1a: Necrozma\n|-supereffective|p1a: Necrozma\n|-damage|p1a: Necrozma|27\/100\n|move|p1a: Necrozma|Toxic|p2a: Xerneas\n|-status|p2a: Xerneas|tox\n|\n|-heal|p1a: Necrozma|33\/100|[from] item: Leftovers\n|-damage|p2a: Xerneas|73\/100 tox|[from] psn\n|upkeep\n|turn|16\n|\n|t:|1700741614\n|switch|p1a: Ho-Oh|Ho-Oh|100\/100\n|move|p2a: Xerneas|Moonblast|p1a: Ho-Oh\n|-resisted|p1a: Ho-Oh\n|-damage|p1a: Ho-Oh|62\/100\n|\n|-damage|p2a: Xerneas|61\/100 tox|[from] psn\n|upkeep\n|turn|17\n|\n|t:|1700741624\n|move|p2a: Xerneas|Moonblast|p1a: Ho-Oh\n|-resisted|p1a: Ho-Oh\n|-damage|p1a: Ho-Oh|27\/100\n|move|p1a: Ho-Oh|Whirlwind|p2a: Xerneas\n|drag|p2a: Arceus|Arceus|100\/100\n|-damage|p2a: Arceus|88\/100|[from] Stealth Rock\n|\n|upkeep\n|turn|18\n|\n|t:|1700741633\n|move|p2a: Arceus|Extreme Speed|p1a: Ho-Oh\n|-damage|p1a: Ho-Oh|0 fnt\n|faint|p1a: Ho-Oh\n|-damage|p2a: Arceus|78\/100|[from] item: Life Orb\n|\n|upkeep\n|\n|t:|1700741636\n|switch|p1a: Zygarde|Zygarde|89\/100\n|turn|19\n|\n|t:|1700741642\n|switch|p2a: Xerneas|Xerneas, tera:Ground|61\/100 tox\n|-damage|p2a: Xerneas|55\/100 tox|[from] Stealth Rock\n|-ability|p2a: Xerneas|Fairy Aura\n|move|p1a: Zygarde|Thousand Arrows|p2a: Xerneas\n|-damage|p2a: Xerneas|25\/100 tox\n|\n|-heal|p1a: Zygarde|95\/100|[from] item: Leftovers\n|-damage|p2a: Xerneas|19\/100 tox|[from] psn\n|upkeep\n|turn|20\n|\n|t:|1700741654\n|switch|p1a: Necrozma|Necrozma-Dusk-Mane|33\/100\n|move|p2a: Xerneas|Moonblast|p1a: Necrozma\n|-resisted|p1a: Necrozma\n|-damage|p1a: Necrozma|12\/100\n|-unboost|p1a: Necrozma|spa|1\n|\n|-heal|p1a: Necrozma|18\/100|[from] item: Leftovers\n|-damage|p2a: Xerneas|7\/100 tox|[from] psn\n|upkeep\n|turn|21\n|\n|t:|1700741663\n|move|p2a: Xerneas|Moonblast|p1a: Necrozma\n|-resisted|p1a: Necrozma\n|-damage|p1a: Necrozma|0 fnt\n|faint|p1a: Necrozma\n|\n|-damage|p2a: Xerneas|0 fnt|[from] psn\n|faint|p2a: Xerneas\n|upkeep\n|\n|t:|1700741676\n|switch|p2a: Ho-Oh|Ho-Oh, shiny|100\/100\n|switch|p1a: Kyogre|Kyogre-Primal|70\/100\n|-weather|PrimordialSea|[from] ability: Primordial Sea|[of] p1a: Kyogre\n|turn|22\n|\n|t:|1700741688\n|move|p1a: Kyogre|Calm Mind|p1a: Kyogre\n|-boost|p1a: Kyogre|spa|1\n|-boost|p1a: Kyogre|spd|1\n|move|p2a: Ho-Oh|Defog|p1a: Kyogre\n|-unboost|p1a: Kyogre|evasion|1\n|-sideend|p2: 5555555555555abc|Stealth Rock|[from] move: Defog|[of] p2a: Ho-Oh\n|\n|-weather|PrimordialSea|[upkeep]\n|upkeep\n|turn|23\n|\n|t:|1700741695\n|move|p2a: Ho-Oh|Toxic|p1a: Kyogre\n|-status|p1a: Kyogre|tox\n|move|p1a: Kyogre|Scald|p2a: Ho-Oh\n|-supereffective|p2a: Ho-Oh\n|-damage|p2a: Ho-Oh|0 fnt\n|faint|p2a: Ho-Oh\n|\n|-weather|PrimordialSea|[upkeep]\n|-damage|p1a: Kyogre|64\/100 tox|[from] psn\n|upkeep\n|\n|t:|1700741706\n|switch|p2a: Necrozma|Necrozma-Ultra, shiny|100\/100\n|turn|24\n|\n|t:|1700741711\n|move|p2a: Necrozma|Sunsteel Strike|p1a: Kyogre\n|-resisted|p1a: Kyogre\n|-damage|p1a: Kyogre|50\/100 tox\n|move|p1a: Kyogre|Ice Beam|p2a: Necrozma\n|-supereffective|p2a: Necrozma\n|-damage|p2a: Necrozma|0 fnt\n|faint|p2a: Necrozma\n|\n|-weather|PrimordialSea|[upkeep]\n|-damage|p1a: Kyogre|38\/100 tox|[from] psn\n|upkeep\n|\n|t:|1700741720\n|switch|p2a: Arceus|Arceus|78\/100\n|turn|25\n|\n|t:|1700741724\n|move|p2a: Arceus|Extreme Speed|p1a: Kyogre\n|-damage|p1a: Kyogre|3\/100 tox\n|-damage|p2a: Arceus|68\/100|[from] item: Life Orb\n|move|p1a: Kyogre|Scald|p2a: Arceus\n|-damage|p2a: Arceus|0 fnt\n|faint|p2a: Arceus\n|\n|-weather|PrimordialSea|[upkeep]\n|-damage|p1a: Kyogre|0 fnt|[from] psn\n|faint|p1a: Kyogre\n|-weather|none\n|upkeep\n|\n|t:|1700741738\n|switch|p2a: Kyogre|Kyogre-Primal, shiny|70\/100\n|switch|p1a: Zygarde|Zygarde|95\/100\n|-weather|PrimordialSea|[from] ability: Primordial Sea|[of] p2a: Kyogre\n|turn|26\n|\n|t:|1700741744\n|-terastallize|p1a: Zygarde|Fairy\n|move|p2a: Kyogre|Ice Beam|p1a: Zygarde\n|-damage|p1a: Zygarde|62\/100\n|move|p1a: Zygarde|Glare|p2a: Kyogre\n|-status|p2a: Kyogre|par\n|\n|-weather|PrimordialSea|[upkeep]\n|-heal|p1a: Zygarde|68\/100|[from] item: Leftovers\n|upkeep\n|turn|27\n|\n|t:|1700741753\n|move|p1a: Zygarde|Thousand Arrows|p2a: Kyogre\n|-damage|p2a: Kyogre|36\/100 par\n|move|p2a: Kyogre|Origin Pulse|p1a: Zygarde\n|-damage|p1a: Zygarde|0 fnt\n|faint|p1a: Zygarde\n|\n|-weather|PrimordialSea|[upkeep]\n|upkeep\n|\n|t:|1700741759\n|switch|p1a: Arceus|Arceus-Dark|100\/100\n|turn|28\n|\n|t:|1700741762\n|move|p1a: Arceus|Judgment|p2a: Kyogre\n|-damage|p2a: Kyogre|4\/100 par\n|move|p2a: Kyogre|Origin Pulse|p1a: Arceus\n|-damage|p1a: Arceus|27\/100\n|\n|-weather|PrimordialSea|[upkeep]\n|upkeep\n|turn|29\n|-message|5555555555555abc forfeited.\n|\n|win|KarmaKazama0\n|raw|KarmaKazama0's rating: 1542 &rarr; <strong>1558<\/strong><br \/>(+16 for winning)\n|raw|5555555555555abc's rating: 1464 &rarr; <strong>1448<\/strong><br \/>(-16 for losing)\n|l|\u26065555555555555abc\n","uploadtime":1700741779,"views":1,"p1id":"karmakazama0","p2id":"5555555555555abc","formatid":"gen9nationaldexubers","rating":1448,"private":0,"password":""}