{"id":"gen9nationaldexubers-1978701057","p1":"R1quelmee","p2":"micon01","format":"[Gen 9] National Dex Ubers","log":"|j|\u2606R1quelmee\n|j|\u2606micon01\n|t:|1698583816\n|gametype|singles\n|player|p1|R1quelmee|marnie-masters|\n|player|p2|micon01|101|\n|teamsize|p1|6\n|teamsize|p2|6\n|gen|9\n|tier|[Gen 9] National Dex Ubers\n|rule|HP Percentage Mod: HP is shown in percentages\n|rule|Endless Battle Clause: Forcing endless battles is banned\n|rule|OHKO Clause: OHKO moves are banned\n|rule|Evasion Moves Clause: Evasion moves are banned\n|rule|Evasion Items Clause: Evasion items are banned\n|rule|Species Clause: Limit one of each Pok\u00e9mon\n|rule|Sleep Clause Mod: Limit one foe put to sleep\n|rule|Mega Rayquaza Clause: You cannot mega evolve Rayquaza\n|clearpoke\n|poke|p1|Greninja-*, M|\n|poke|p1|Sylveon, F|\n|poke|p1|Melmetal|\n|poke|p1|Annihilape, M|\n|poke|p1|Charizard, M|\n|poke|p1|Haxorus, M|\n|poke|p2|Kommo-o, M|\n|poke|p2|Gyarados, M|\n|poke|p2|Alakazam, F|\n|poke|p2|Slither Wing|\n|poke|p2|Tyranitar, M|\n|poke|p2|Kingambit, F|\n|teampreview\n|\n|t:|1698583824\n|start\n|switch|p1a: Haxorus|Haxorus, M|100\/100\n|switch|p2a: Alakazam|Alakazam, F, shiny|100\/100\n|-ability|p1a: Haxorus|Mold Breaker\n|turn|1\n|\n|t:|1698583834\n|-terastallize|p2a: Alakazam|Fairy\n|move|p2a: Alakazam|Dazzling Gleam|p1a: Haxorus\n|-supereffective|p1a: Haxorus\n|-damage|p1a: Haxorus|0 fnt\n|faint|p1a: Haxorus\n|\n|upkeep\n|\n|t:|1698583844\n|switch|p1a: Melmetal|Melmetal, shiny|100\/100\n|turn|2\n|\n|t:|1698583848\n|switch|p2a: Tyranitar|Tyranitar, M, shiny|100\/100\n|-weather|Sandstorm|[from] ability: Sand Stream|[of] p2a: Tyranitar\n|move|p1a: Melmetal|Double Iron Bash|p2a: Tyranitar\n|-supereffective|p2a: Tyranitar\n|-damage|p2a: Tyranitar|23\/100\n|-supereffective|p2a: Tyranitar\n|-damage|p2a: Tyranitar|0 fnt\n|faint|p2a: Tyranitar\n|-hitcount|p2: Tyranitar|2\n|\n|-weather|Sandstorm|[upkeep]\n|upkeep\n|\n|t:|1698583862\n|switch|p2a: Slither Wing|Slither Wing|100\/100\n|turn|3\n|\n|t:|1698583871\n|-terastallize|p1a: Melmetal|Water\n|move|p2a: Slither Wing|Close Combat|p1a: Melmetal\n|-damage|p1a: Melmetal|42\/100\n|-unboost|p2a: Slither Wing|def|1\n|-unboost|p2a: Slither Wing|spd|1\n|move|p1a: Melmetal|Acid Armor|p1a: Melmetal\n|-boost|p1a: Melmetal|def|2\n|\n|-weather|Sandstorm|[upkeep]\n|-damage|p2a: Slither Wing|94\/100|[from] Sandstorm\n|-damage|p1a: Melmetal|36\/100|[from] Sandstorm\n|-heal|p1a: Melmetal|42\/100|[from] item: Leftovers\n|upkeep\n|turn|4\n|\n|t:|1698583888\n|-end|p2a: Slither Wing|Protosynthesis|[silent]\n|switch|p2a: Gyarados|Gyarados, M, shiny|100\/100\n|-ability|p2a: Gyarados|Intimidate|boost\n|-unboost|p1a: Melmetal|atk|1\n|move|p1a: Melmetal|Earthquake|p2a: Gyarados\n|-immune|p2a: Gyarados\n|\n|-weather|Sandstorm|[upkeep]\n|-damage|p2a: Gyarados|94\/100|[from] Sandstorm\n|-damage|p1a: Melmetal|36\/100|[from] Sandstorm\n|-heal|p1a: Melmetal|42\/100|[from] item: Leftovers\n|upkeep\n|turn|5\n|\n|t:|1698583901\n|detailschange|p2a: Gyarados|Gyarados-Mega, M, shiny\n|-mega|p2a: Gyarados|Gyarados|Gyaradosite\n|-ability|p2a: Gyarados|Mold Breaker\n|move|p2a: Gyarados|Substitute|p2a: Gyarados\n|-start|p2a: Gyarados|Substitute\n|-damage|p2a: Gyarados|70\/100\n|move|p1a: Melmetal|Double Iron Bash|p2a: Gyarados\n|-resisted|p2a: Gyarados\n|-activate|p2a: Gyarados|move: Substitute|[damage]\n|-resisted|p2a: Gyarados\n|-end|p2a: Gyarados|Substitute\n|-hitcount|p2a: Gyarados|2\n|\n|-weather|Sandstorm|[upkeep]\n|-damage|p2a: Gyarados|64\/100|[from] Sandstorm\n|-damage|p1a: Melmetal|36\/100|[from] Sandstorm\n|-heal|p1a: Melmetal|42\/100|[from] item: Leftovers\n|upkeep\n|turn|6\n|\n|t:|1698583917\n|move|p2a: Gyarados|Substitute|p2a: Gyarados\n|-start|p2a: Gyarados|Substitute\n|-damage|p2a: Gyarados|39\/100\n|move|p1a: Melmetal|Double Iron Bash|p2a: Gyarados\n|-resisted|p2a: Gyarados\n|-activate|p2a: Gyarados|move: Substitute|[damage]\n|-resisted|p2a: Gyarados\n|-end|p2a: Gyarados|Substitute\n|-hitcount|p2a: Gyarados|2\n|\n|-weather|none\n|-heal|p1a: Melmetal|48\/100|[from] item: Leftovers\n|upkeep\n|turn|7\n|\n|t:|1698583941\n|move|p2a: Gyarados|Crunch|p1a: Melmetal\n|-damage|p1a: Melmetal|35\/100\n|move|p1a: Melmetal|Double Iron Bash|p2a: Gyarados\n|-resisted|p2a: Gyarados\n|-damage|p2a: Gyarados|24\/100\n|-resisted|p2a: Gyarados\n|-damage|p2a: Gyarados|9\/100\n|-hitcount|p2a: Gyarados|2\n|\n|-heal|p1a: Melmetal|41\/100|[from] item: Leftovers\n|upkeep\n|turn|8\n|\n|t:|1698583956\n|move|p2a: Gyarados|Crunch|p1a: Melmetal\n|-damage|p1a: Melmetal|27\/100\n|move|p1a: Melmetal|Earthquake|p2a: Gyarados\n|-damage|p2a: Gyarados|0 fnt\n|faint|p2a: Gyarados\n|\n|-heal|p1a: Melmetal|33\/100|[from] item: Leftovers\n|upkeep\n|\n|t:|1698583972\n|switch|p2a: Alakazam|Alakazam, F, shiny, tera:Fairy|100\/100\n|turn|9\n|\n|t:|1698583982\n|switch|p1a: Sylvie|Sylveon, F|100\/100\n|move|p2a: Alakazam|Dazzling Gleam|p1a: Sylvie\n|-damage|p1a: Sylvie|56\/100\n|\n|-heal|p1a: Sylvie|62\/100|[from] item: Leftovers\n|upkeep\n|turn|10\n|\n|t:|1698583993\n|switch|p2a: Kingambit|Kingambit, F, shiny|100\/100\n|-activate|p2a: Kingambit|ability: Supreme Overlord\n|-start|p2a: Kingambit|fallen2|[silent]\n|move|p1a: Sylvie|Calm Mind|p1a: Sylvie\n|-boost|p1a: Sylvie|spa|1\n|-boost|p1a: Sylvie|spd|1\n|\n|-heal|p1a: Sylvie|68\/100|[from] item: Leftovers\n|upkeep\n|turn|11\n|\n|t:|1698584006\n|move|p1a: Sylvie|Hyper Beam|p2a: Kingambit\n|-damage|p2a: Kingambit|0 fnt\n|-mustrecharge|p1a: Sylvie\n|faint|p2a: Kingambit\n|-end|p2a: Kingambit|fallen2|[silent]\n|\n|-heal|p1a: Sylvie|74\/100|[from] item: Leftovers\n|upkeep\n|\n|t:|1698584014\n|switch|p2a: Slither Wing|Slither Wing|94\/100\n|turn|12\n|\n|t:|1698584023\n|move|p2a: Slither Wing|Flare Blitz|p1a: Sylvie\n|-damage|p1a: Sylvie|0 fnt\n|faint|p1a: Sylvie\n|-damage|p2a: Slither Wing|68\/100|[from] Recoil\n|\n|upkeep\n|\n|t:|1698584032\n|switch|p1a: Melmetal|Melmetal, shiny, tera:Water|33\/100\n|turn|13\n|\n|t:|1698584038\n|-end|p2a: Slither Wing|Protosynthesis|[silent]\n|switch|p2a: Kommo-o|Kommo-o, M|100\/100\n|move|p1a: Melmetal|Double Iron Bash|p2a: Kommo-o\n|-damage|p2a: Kommo-o|59\/100\n|-damage|p2a: Kommo-o|16\/100\n|-hitcount|p2a: Kommo-o|2\n|\n|-heal|p1a: Melmetal|39\/100|[from] item: Leftovers\n|upkeep\n|turn|14\n|\n|t:|1698584049\n|switch|p1a: Annihilape|Annihilape, M|100\/100\n|-zpower|p2a: Kommo-o\n|move|p2a: Kommo-o|Clangorous Soulblaze|p1a: Annihilape|[zeffect]\n|-damage|p1a: Annihilape|41\/100\n|-boost|p2a: Kommo-o|atk|1\n|-boost|p2a: Kommo-o|def|1\n|-boost|p2a: Kommo-o|spa|1\n|-boost|p2a: Kommo-o|spd|1\n|-boost|p2a: Kommo-o|spe|1\n|\n|-heal|p1a: Annihilape|48\/100|[from] item: Leftovers\n|upkeep\n|turn|15\n|\n|t:|1698584067\n|move|p2a: Kommo-o|Clanging Scales|p1a: Annihilape\n|-damage|p1a: Annihilape|0 fnt\n|faint|p1a: Annihilape\n|-unboost|p2a: Kommo-o|def|1\n|\n|upkeep\n|\n|t:|1698584074\n|switch|p1a: Greninja|Greninja, M, shiny|100\/100\n|turn|16\n|\n|t:|1698584080\n|move|p2a: Kommo-o|Focus Blast|p1a: Greninja|[miss]\n|-miss|p2a: Kommo-o|p1a: Greninja\n|move|p1a: Greninja|Surf|p2a: Kommo-o\n|-start|p1a: Greninja|typechange|Water|[from] ability: Protean\n|-resisted|p2a: Kommo-o\n|-damage|p2a: Kommo-o|2\/100\n|\n|upkeep\n|turn|17\n|\n|t:|1698584092\n|move|p2a: Kommo-o|Clanging Scales|p1a: Greninja\n|-damage|p1a: Greninja|0 fnt\n|faint|p1a: Greninja\n|-unboost|p2a: Kommo-o|def|1\n|\n|upkeep\n|\n|t:|1698584098\n|switch|p1a: Charizard|Charizard, M|100\/100\n|turn|18\n|\n|t:|1698584105\n|detailschange|p1a: Charizard|Charizard-Mega-Y, M\n|-mega|p1a: Charizard|Charizard|Charizardite Y\n|-weather|SunnyDay|[from] ability: Drought|[of] p1a: Charizard\n|move|p2a: Kommo-o|Clanging Scales|p1a: Charizard\n|-damage|p1a: Charizard|16\/100\n|-unboost|p2a: Kommo-o|def|1\n|move|p1a: Charizard|Flamethrower|p2a: Kommo-o\n|-resisted|p2a: Kommo-o\n|-damage|p2a: Kommo-o|0 fnt\n|faint|p2a: Kommo-o\n|\n|-weather|SunnyDay|[upkeep]\n|upkeep\n|\n|t:|1698584120\n|switch|p2a: Alakazam|Alakazam, F, shiny, tera:Fairy|100\/100\n|turn|19\n|\n|t:|1698584136\n|move|p2a: Alakazam|Energy Ball|p1a: Charizard\n|-resisted|p1a: Charizard\n|-damage|p1a: Charizard|3\/100\n|move|p1a: Charizard|Air Slash|p2a: Alakazam\n|-crit|p2a: Alakazam\n|-damage|p2a: Alakazam|4\/100\n|\n|-weather|SunnyDay|[upkeep]\n|upkeep\n|turn|20\n|\n|t:|1698584150\n|move|p2a: Alakazam|Energy Ball|p1a: Charizard\n|-resisted|p1a: Charizard\n|-damage|p1a: Charizard|0 fnt\n|faint|p1a: Charizard\n|\n|-weather|SunnyDay|[upkeep]\n|upkeep\n|\n|t:|1698584153\n|switch|p1a: Melmetal|Melmetal, shiny, tera:Water|39\/100\n|turn|21\n|\n|t:|1698584159\n|move|p2a: Alakazam|Energy Ball|p1a: Melmetal\n|-supereffective|p1a: Melmetal\n|-damage|p1a: Melmetal|0 fnt\n|faint|p1a: Melmetal\n|\n|win|micon01\n","uploadtime":1698584168,"views":14,"p1id":"r1quelmee","p2id":"micon01","formatid":"gen9nationaldexubers","rating":0,"private":0,"password":""}