{"id":"gen9nationaldexubers-1998974034","p1":"Xanvoir","p2":"MrTRB","format":"[Gen 9] National Dex Ubers","log":"|j|\u2606Xanvoir\n|j|\u2606MrTRB\n|t:|1701019581\n|gametype|singles\n|player|p1|Xanvoir|grimsley|\n|player|p2|MrTRB|benga|\n|teamsize|p1|6\n|teamsize|p2|6\n|gen|9\n|tier|[Gen 9] National Dex Ubers\n|rule|HP Percentage Mod: HP is shown in percentages\n|rule|Endless Battle Clause: Forcing endless battles is banned\n|rule|OHKO Clause: OHKO moves are banned\n|rule|Evasion Moves Clause: Evasion moves are banned\n|rule|Evasion Items Clause: Evasion items are banned\n|rule|Species Clause: Limit one of each Pok\u00e9mon\n|rule|Sleep Clause Mod: Limit one foe put to sleep\n|rule|Mega Rayquaza Clause: You cannot mega evolve Rayquaza\n|clearpoke\n|poke|p1|Sableye, M|\n|poke|p1|Weavile, F|\n|poke|p1|Mandibuzz, F|\n|poke|p1|Meowscarada, M|\n|poke|p1|Roaring Moon|\n|poke|p1|Kingambit, M|\n|poke|p2|Garganacl, F|\n|poke|p2|Gholdengo|\n|poke|p2|Pelipper, M|\n|poke|p2|Serperior, F|\n|poke|p2|Palafin, F|\n|poke|p2|Baxcalibur, F|\n|teampreview\n|\n|t:|1701019597\n|start\n|switch|p1a: Meowscarada|Meowscarada, M|100\/100\n|switch|p2a: Baxcalibur|Baxcalibur, F|100\/100\n|turn|1\n|\n|t:|1701019609\n|move|p1a: Meowscarada|Play Rough|p2a: Baxcalibur\n|-start|p1a: Meowscarada|typechange|Fairy|[from] ability: Protean\n|-supereffective|p2a: Baxcalibur\n|-damage|p2a: Baxcalibur|23\/100\n|move|p2a: Baxcalibur|Swords Dance|p2a: Baxcalibur\n|-boost|p2a: Baxcalibur|atk|2\n|\n|upkeep\n|turn|2\n|\n|t:|1701019619\n|move|p1a: Meowscarada|Play Rough|p2a: Baxcalibur\n|-supereffective|p2a: Baxcalibur\n|-damage|p2a: Baxcalibur|0 fnt\n|faint|p2a: Baxcalibur\n|\n|upkeep\n|\n|t:|1701019627\n|switch|p2a: Pelipper|Pelipper, M, shiny|100\/100\n|-weather|RainDance|[from] ability: Drizzle|[of] p2a: Pelipper\n|turn|3\n|\n|t:|1701019633\n|switch|p1a: Sableye|Sableye, M|100\/100\n|move|p2a: Pelipper|Tailwind|p2a: Pelipper\n|-sidestart|p2: MrTRB|move: Tailwind\n|\n|-weather|RainDance|[upkeep]\n|upkeep\n|turn|4\n|\n|t:|1701019643\n|detailschange|p1a: Sableye|Sableye-Mega, M\n|-mega|p1a: Sableye|Sableye|Sablenite\n|move|p2a: Pelipper|Hurricane|p1a: Sableye\n|-damage|p1a: Sableye|58\/100\n|move|p1a: Sableye|Light Screen|p1a: Sableye\n|-sidestart|p1: Xanvoir|move: Light Screen\n|\n|-weather|RainDance|[upkeep]\n|upkeep\n|turn|5\n|\n|t:|1701019653\n|move|p2a: Pelipper|U-turn|p1a: Sableye\n|-damage|p1a: Sableye|51\/100\n|\n|t:|1701019662\n|switch|p2a: Gholdengo|Gholdengo|100\/100|[from] U-turn\n|move|p1a: Sableye|Recover|p1a: Sableye\n|-heal|p1a: Sableye|100\/100\n|\n|-weather|RainDance|[upkeep]\n|upkeep\n|turn|6\n|\n|t:|1701019675\n|switch|p1a: Mandibuzz|Mandibuzz, F|100\/100\n|move|p2a: Gholdengo|Nasty Plot|p2a: Gholdengo\n|-boost|p2a: Gholdengo|spa|2\n|\n|-weather|RainDance|[upkeep]\n|-sideend|p2: MrTRB|move: Tailwind\n|upkeep\n|turn|7\n|\n|t:|1701019686\n|move|p2a: Gholdengo|Make It Rain|p1a: Mandibuzz\n|-damage|p1a: Mandibuzz|48\/100\n|-unboost|p2a: Gholdengo|spa|1\n|move|p1a: Mandibuzz|Whirlwind|p2a: Gholdengo\n|-immune|p2a: Gholdengo|[from] ability: Good as Gold\n|\n|-weather|RainDance|[upkeep]\n|upkeep\n|turn|8\n|c|\u2606Xanvoir|Oh boy\n|\n|t:|1701019699\n|move|p2a: Gholdengo|Nasty Plot|p2a: Gholdengo\n|-boost|p2a: Gholdengo|spa|2\n|move|p1a: Mandibuzz|Foul Play|p2a: Gholdengo\n|-supereffective|p2a: Gholdengo\n|-damage|p2a: Gholdengo|66\/100\n|\n|-weather|RainDance|[upkeep]\n|-sideend|p1: Xanvoir|move: Light Screen\n|upkeep\n|turn|9\n|\n|t:|1701019709\n|move|p2a: Gholdengo|Make It Rain|p1a: Mandibuzz\n|-damage|p1a: Mandibuzz|0 fnt\n|-unboost|p2a: Gholdengo|spa|1\n|faint|p1a: Mandibuzz\n|\n|-weather|RainDance|[upkeep]\n|upkeep\n|\n|t:|1701019715\n|switch|p1a: Roaring Moon|Roaring Moon|100\/100\n|-enditem|p1a: Roaring Moon|Booster Energy\n|-activate|p1a: Roaring Moon|ability: Protosynthesis|[fromitem]\n|-start|p1a: Roaring Moon|protosynthesisatk\n|turn|10\n|\n|t:|1701019723\n|move|p1a: Roaring Moon|Earthquake|p2a: Gholdengo\n|-supereffective|p2a: Gholdengo\n|-damage|p2a: Gholdengo|0 fnt\n|faint|p2a: Gholdengo\n|\n|-weather|none\n|upkeep\n|\n|t:|1701019736\n|switch|p2a: Palafin|Palafin, F|100\/100\n|turn|11\n|\n|t:|1701019741\n|detailschange|p2a: Palafin|Palafin-Hero, F\n|switch|p2a: Pelipper|Pelipper, M, shiny|100\/100\n|-weather|RainDance|[from] ability: Drizzle|[of] p2a: Pelipper\n|move|p1a: Roaring Moon|Dragon Dance|p1a: Roaring Moon\n|-boost|p1a: Roaring Moon|atk|1\n|-boost|p1a: Roaring Moon|spe|1\n|\n|-weather|RainDance|[upkeep]\n|upkeep\n|turn|12\n|\n|t:|1701019748\n|move|p1a: Roaring Moon|Dragon Claw|p2a: Pelipper\n|-damage|p2a: Pelipper|5\/100\n|move|p2a: Pelipper|Tailwind|p2a: Pelipper\n|-sidestart|p2: MrTRB|move: Tailwind\n|\n|-weather|RainDance|[upkeep]\n|upkeep\n|turn|13\n|\n|t:|1701019755\n|move|p1a: Roaring Moon|Dragon Dance|p1a: Roaring Moon\n|-boost|p1a: Roaring Moon|atk|1\n|-boost|p1a: Roaring Moon|spe|1\n|move|p2a: Pelipper|Hurricane|p1a: Roaring Moon\n|-damage|p1a: Roaring Moon|51\/100\n|\n|-weather|RainDance|[upkeep]\n|upkeep\n|turn|14\n|\n|t:|1701019769\n|move|p1a: Roaring Moon|Dragon Claw|p2a: Pelipper\n|-damage|p2a: Pelipper|0 fnt\n|faint|p2a: Pelipper\n|\n|-weather|RainDance|[upkeep]\n|upkeep\n|\n|t:|1701019773\n|switch|p2a: Palafin|Palafin-Hero, F|100\/100\n|-activate|p2a: Palafin|ability: Zero to Hero\n|turn|15\n|\n|t:|1701019790\n|-terastallize|p1a: Roaring Moon|Dark\n|move|p2a: Palafin|Jet Punch|p1a: Roaring Moon\n|-damage|p1a: Roaring Moon|0 fnt\n|faint|p1a: Roaring Moon\n|-end|p1a: Roaring Moon|Protosynthesis|[silent]\n|\n|-weather|RainDance|[upkeep]\n|-sideend|p2: MrTRB|move: Tailwind\n|upkeep\n|\n|t:|1701019795\n|switch|p1a: Meowscarada|Meowscarada, M|100\/100\n|turn|16\n|\n|t:|1701019804\n|move|p2a: Palafin|Jet Punch|p1a: Meowscarada\n|-resisted|p1a: Meowscarada\n|-damage|p1a: Meowscarada|41\/100\n|move|p1a: Meowscarada|Thunder Punch|p2a: Palafin\n|-start|p1a: Meowscarada|typechange|Electric|[from] ability: Protean\n|-supereffective|p2a: Palafin\n|-damage|p2a: Palafin|36\/100\n|\n|-weather|RainDance|[upkeep]\n|upkeep\n|turn|17\n|\n|t:|1701019815\n|switch|p1a: Sableye|Sableye-Mega, M|100\/100\n|move|p2a: Palafin|Jet Punch|p1a: Sableye\n|-damage|p1a: Sableye|30\/100\n|\n|-weather|RainDance|[upkeep]\n|upkeep\n|turn|18\n|c|\u2606Xanvoir|Damn\n|\n|t:|1701019826\n|move|p2a: Palafin|Jet Punch|p1a: Sableye\n|-damage|p1a: Sableye|0 fnt\n|faint|p1a: Sableye\n|\n|-weather|none\n|upkeep\n|\n|t:|1701019833\n|switch|p1a: Weavile|Weavile, F|100\/100\n|turn|19\n|\n|t:|1701019839\n|move|p2a: Palafin|Jet Punch|p1a: Weavile\n|-damage|p1a: Weavile|14\/100\n|move|p1a: Weavile|Knock Off|p2a: Palafin\n|-damage|p2a: Palafin|0 fnt\n|-enditem|p2a: Palafin|Choice Band|[from] move: Knock Off|[of] p1a: Weavile\n|faint|p2a: Palafin\n|\n|upkeep\n|\n|t:|1701019853\n|switch|p2a: Garganacl|Garganacl, F|100\/100\n|turn|20\n|\n|t:|1701019861\n|move|p1a: Weavile|Knock Off|p2a: Garganacl\n|-damage|p2a: Garganacl|69\/100\n|-enditem|p2a: Garganacl|Leftovers|[from] move: Knock Off|[of] p1a: Weavile\n|move|p2a: Garganacl|Iron Defense|p2a: Garganacl\n|-boost|p2a: Garganacl|def|2\n|\n|upkeep\n|turn|21\n|\n|t:|1701019871\n|move|p1a: Weavile|Knock Off|p2a: Garganacl\n|-damage|p2a: Garganacl|58\/100\n|move|p2a: Garganacl|Recover|p2a: Garganacl\n|-heal|p2a: Garganacl|100\/100\n|\n|upkeep\n|turn|22\n|\n|t:|1701019877\n|move|p1a: Weavile|Knock Off|p2a: Garganacl\n|-damage|p2a: Garganacl|89\/100\n|move|p2a: Garganacl|Body Press|p1a: Weavile\n|-supereffective|p1a: Weavile\n|-damage|p1a: Weavile|0 fnt\n|faint|p1a: Weavile\n|\n|upkeep\n|\n|t:|1701019878\n|switch|p1a: Meowscarada|Meowscarada, M|41\/100\n|turn|23\n|\n|t:|1701019889\n|move|p1a: Meowscarada|Flower Trick|p2a: Garganacl\n|-start|p1a: Meowscarada|typechange|Grass|[from] ability: Protean\n|-supereffective|p2a: Garganacl\n|-crit|p2a: Garganacl\n|-damage|p2a: Garganacl|20\/100\n|move|p2a: Garganacl|Salt Cure|p1a: Meowscarada\n|-damage|p1a: Meowscarada|20\/100\n|-start|p1a: Meowscarada|Salt Cure\n|\n|-damage|p1a: Meowscarada|8\/100|[from] Salt Cure\n|upkeep\n|turn|24\n|\n|t:|1701019905\n|switch|p2a: Serperior|Serperior, F, shiny|100\/100\n|move|p1a: Meowscarada|Flower Trick|p2a: Serperior\n|-resisted|p2a: Serperior\n|-crit|p2a: Serperior\n|-damage|p2a: Serperior|76\/100\n|\n|-heal|p2a: Serperior|82\/100|[from] item: Leftovers\n|-damage|p1a: Meowscarada|0 fnt|[from] Salt Cure\n|faint|p1a: Meowscarada\n|upkeep\n|\n|t:|1701019907\n|switch|p1a: Kingambit|Kingambit, M|100\/100\n|-activate|p1a: Kingambit|ability: Supreme Overlord\n|-start|p1a: Kingambit|fallen5|[silent]\n|turn|25\n|\n|t:|1701019917\n|move|p2a: Serperior|Glare|p1a: Kingambit\n|-status|p1a: Kingambit|par\n|move|p1a: Kingambit|Kowtow Cleave|p2a: Serperior\n|-damage|p2a: Serperior|0 fnt\n|faint|p2a: Serperior\n|\n|upkeep\n|\n|t:|1701019925\n|switch|p2a: Garganacl|Garganacl, F|20\/100\n|turn|26\n|\n|t:|1701019933\n|move|p2a: Garganacl|Recover|p2a: Garganacl\n|-heal|p2a: Garganacl|70\/100\n|move|p1a: Kingambit|Iron Head|p2a: Garganacl\n|-supereffective|p2a: Garganacl\n|-damage|p2a: Garganacl|0 fnt\n|faint|p2a: Garganacl\n|\n|win|Xanvoir\n|c|\u2606Xanvoir|Gg\n|c|\u2606MrTRB|Gg\n","uploadtime":1701019950,"views":3,"p1id":"xanvoir","p2id":"mrtrb","formatid":"gen9nationaldexubers","rating":0,"private":0,"password":""}