{"id":"gen9nationaldexubers-1979160705","p1":"Disco 2003","p2":"ninjamage13","format":"[Gen 9] National Dex Ubers","log":"|j|\u2606Disco 2003\n|j|\u2606ninjamage13\n|t:|1698641308\n|gametype|singles\n|player|p1|Disco 2003|101|\n|player|p2|ninjamage13|pokemonranger-gen6xy|\n|teamsize|p1|6\n|teamsize|p2|6\n|gen|9\n|tier|[Gen 9] National Dex Ubers\n|rule|HP Percentage Mod: HP is shown in percentages\n|rule|Endless Battle Clause: Forcing endless battles is banned\n|rule|OHKO Clause: OHKO moves are banned\n|rule|Evasion Moves Clause: Evasion moves are banned\n|rule|Evasion Items Clause: Evasion items are banned\n|rule|Species Clause: Limit one of each Pok\u00e9mon\n|rule|Sleep Clause Mod: Limit one foe put to sleep\n|rule|Mega Rayquaza Clause: You cannot mega evolve Rayquaza\n|clearpoke\n|poke|p1|Kingambit, M|\n|poke|p1|Lopunny, M|\n|poke|p1|Baxcalibur, M|\n|poke|p1|Hatterene, F|\n|poke|p1|Ninetales-Alola, M|\n|poke|p1|Magnezone|\n|poke|p2|Venusaur, F|\n|poke|p2|Ogerpon-Cornerstone, F|\n|poke|p2|Breloom, M|\n|poke|p2|Decidueye-Hisui, M|\n|poke|p2|Brute Bonnet|\n|poke|p2|Tapu Bulu|\n|teampreview\n|j| Serise\n|j| Qontent\n|\n|t:|1698641366\n|start\n|switch|p1a: Buneary+|Lopunny, M|100\/100\n|switch|p2a: YOUNG LORE|Ogerpon-Cornerstone, F|100\/100\n|turn|1\n|j| High Midgardsormr\n|j| Pex hater\n|l| High Midgardsormr\n|j| Astro nation y\n|\n|t:|1698641427\n|switch|p2a: OK I'M SICK|Venusaur, F|100\/100\n|detailschange|p1a: Buneary+|Lopunny-Mega, M\n|-mega|p1a: Buneary+|Lopunny|Lopunnite\n|move|p1a: Buneary+|U-turn|p2a: OK I'M SICK\n|-damage|p2a: OK I'M SICK|80\/100\n|\n|t:|1698641433\n|switch|p1a: Comeback Szn|Magnezone|100\/100|[from] U-turn\n|\n|upkeep\n|turn|2\n|j| High Midgardsormr\n|\n|t:|1698641472\n|detailschange|p2a: OK I'M SICK|Venusaur-Mega, F\n|-mega|p2a: OK I'M SICK|Venusaur|Venusaurite\n|move|p1a: Comeback Szn|Volt Switch|p2a: OK I'M SICK\n|-resisted|p2a: OK I'M SICK\n|-damage|p2a: OK I'M SICK|55\/100\n|\n|t:|1698641480\n|switch|p1a: Hey Oh|Ninetales-Alola, M|100\/100|[from] Volt Switch\n|-weather|Snow|[from] ability: Snow Warning|[of] p1a: Hey Oh\n|move|p2a: OK I'M SICK|Synthesis|p2a: OK I'M SICK\n|-heal|p2a: OK I'M SICK|80\/100\n|\n|-weather|Snow|[upkeep]\n|upkeep\n|turn|3\n|\n|t:|1698641495\n|move|p1a: Hey Oh|Aurora Veil|p1a: Hey Oh\n|-sidestart|p1: Disco 2003|move: Aurora Veil\n|move|p2a: OK I'M SICK|Sludge Bomb|p1a: Hey Oh\n|-supereffective|p1a: Hey Oh\n|-damage|p1a: Hey Oh|64\/100\n|-status|p1a: Hey Oh|psn\n|\n|-weather|Snow|[upkeep]\n|-damage|p1a: Hey Oh|52\/100 psn|[from] psn\n|upkeep\n|turn|4\n|\n|t:|1698641530\n|switch|p1a: Comeback Szn|Magnezone|100\/100\n|switch|p2a: BROKEN ARROWS|Decidueye-Hisui, M|100\/100\n|\n|-weather|Snow|[upkeep]\n|upkeep\n|turn|5\n|j| k7eenex\n|\n|t:|1698641562\n|move|p1a: Comeback Szn|Volt Switch|p2a: BROKEN ARROWS\n|-resisted|p2a: BROKEN ARROWS\n|-damage|p2a: BROKEN ARROWS|78\/100\n|c| Astro nation y|Look\n|\n|t:|1698641568\n|switch|p1a: Mirror Mirror|Hatterene, F, shiny|100\/100|[from] Volt Switch\n|move|p2a: BROKEN ARROWS|Defog|p1a: Mirror Mirror\n|move|p1a: Mirror Mirror|Defog|p2a: BROKEN ARROWS|[from]ability: Magic Bounce\n|-unboost|p2a: BROKEN ARROWS|evasion|1\n|\n|-weather|Snow|[upkeep]\n|upkeep\n|turn|6\n|c| Astro nation y|Chaitanya decideye\n|c| Astro nation y|very nice ninja\n|\n|t:|1698641588\n|move|p2a: BROKEN ARROWS|U-turn|p1a: Mirror Mirror\n|-damage|p1a: Mirror Mirror|94\/100\n|\n|t:|1698641590\n|switch|p2a: BULLS ON PARADE|Tapu Bulu|100\/100|[from] U-turn\n|-fieldstart|move: Grassy Terrain|[from] ability: Grassy Surge|[of] p2a: BULLS ON PARADE\n|move|p1a: Mirror Mirror|Calm Mind|p1a: Mirror Mirror\n|-boost|p1a: Mirror Mirror|spa|1\n|-boost|p1a: Mirror Mirror|spd|1\n|\n|-weather|none\n|-heal|p1a: Mirror Mirror|99\/100|[from] Grassy Terrain\n|-heal|p1a: Mirror Mirror|100\/100|[from] item: Leftovers\n|upkeep\n|turn|7\n|\n|t:|1698641644\n|switch|p2a: OK I'M SICK|Venusaur-Mega, F|80\/100\n|move|p1a: Mirror Mirror|Psyshock|p2a: OK I'M SICK\n|-supereffective|p2a: OK I'M SICK\n|-damage|p2a: OK I'M SICK|12\/100\n|\n|-heal|p2a: OK I'M SICK|18\/100|[from] Grassy Terrain\n|upkeep\n|turn|8\n|\n|t:|1698641660\n|switch|p2a: BULLS ON PARADE|Tapu Bulu|100\/100\n|move|p1a: Mirror Mirror|Psyshock|p2a: BULLS ON PARADE\n|-damage|p2a: BULLS ON PARADE|56\/100\n|\n|-heal|p2a: BULLS ON PARADE|62\/100|[from] Grassy Terrain\n|-heal|p2a: BULLS ON PARADE|69\/100|[from] item: Leftovers\n|upkeep\n|turn|9\n|l| High Midgardsormr\n|c| Serise|deja vu\n|\n|t:|1698641684\n|move|p2a: BULLS ON PARADE|Swords Dance|p2a: BULLS ON PARADE\n|-boost|p2a: BULLS ON PARADE|atk|2\n|move|p1a: Mirror Mirror|Psyshock|p2a: BULLS ON PARADE\n|-damage|p2a: BULLS ON PARADE|21\/100\n|\n|-heal|p2a: BULLS ON PARADE|28\/100|[from] Grassy Terrain\n|-heal|p2a: BULLS ON PARADE|34\/100|[from] item: Leftovers\n|upkeep\n|turn|10\n|\n|t:|1698641691\n|switch|p1a: Comeback Szn|Magnezone|100\/100\n|move|p2a: BULLS ON PARADE|Horn Leech|p1a: Comeback Szn\n|-resisted|p1a: Comeback Szn\n|-damage|p1a: Comeback Szn|77\/100\n|-heal|p2a: BULLS ON PARADE|44\/100|[from] drain|[of] p1a: Comeback Szn\n|\n|-heal|p1a: Comeback Szn|84\/100|[from] Grassy Terrain\n|-heal|p2a: BULLS ON PARADE|50\/100|[from] Grassy Terrain\n|-heal|p2a: BULLS ON PARADE|56\/100|[from] item: Leftovers\n|-sideend|p1: Disco 2003|move: Aurora Veil\n|-fieldend|move: Grassy Terrain\n|upkeep\n|turn|11\n|\n|t:|1698641704\n|move|p1a: Comeback Szn|Flash Cannon|p2a: BULLS ON PARADE\n|-supereffective|p2a: BULLS ON PARADE\n|-damage|p2a: BULLS ON PARADE|0 fnt\n|faint|p2a: BULLS ON PARADE\n|\n|upkeep\n|c| Serise|first blood\n|\n|t:|1698641734\n|switch|p2a: EVERLONG|Breloom, M|100\/100\n|turn|12\n|\n|t:|1698641784\n|move|p2a: EVERLONG|Spore|p1a: Comeback Szn\n|-status|p1a: Comeback Szn|slp|[from] move: Spore\n|cant|p1a: Comeback Szn|slp\n|\n|upkeep\n|turn|13\n|\n|t:|1698641816\n|switch|p1a: Mirror Mirror|Hatterene, F, shiny|100\/100\n|move|p2a: EVERLONG|Mach Punch|p1a: Mirror Mirror\n|-resisted|p1a: Mirror Mirror\n|-damage|p1a: Mirror Mirror|93\/100\n|\n|-heal|p1a: Mirror Mirror|99\/100|[from] item: Leftovers\n|upkeep\n|turn|14\n|\n|t:|1698641846\n|switch|p2a: OK I'M SICK|Venusaur-Mega, F|18\/100\n|move|p1a: Mirror Mirror|Draining Kiss|p2a: OK I'M SICK\n|-resisted|p2a: OK I'M SICK\n|-damage|p2a: OK I'M SICK|9\/100\n|-heal|p1a: Mirror Mirror|100\/100|[from] drain|[of] p2a: OK I'M SICK\n|\n|upkeep\n|turn|15\n|\n|t:|1698641858\n|switch|p1a: Hey Oh|Ninetales-Alola, M|52\/100 psn\n|-weather|Snow|[from] ability: Snow Warning|[of] p1a: Hey Oh\n|move|p2a: OK I'M SICK|Sludge Bomb|p1a: Hey Oh\n|-supereffective|p1a: Hey Oh\n|-damage|p1a: Hey Oh|0 fnt\n|faint|p1a: Hey Oh\n|\n|-weather|Snow|[upkeep]\n|upkeep\n|\n|t:|1698641867\n|switch|p1a: Buneary+|Lopunny-Mega, M|100\/100\n|turn|16\n|\n|t:|1698641872\n|switch|p2a: BROKEN ARROWS|Decidueye-Hisui, M|78\/100\n|move|p1a: Buneary+|U-turn|p2a: BROKEN ARROWS\n|-damage|p2a: BROKEN ARROWS|49\/100\n|j| kritath\n|\n|t:|1698641880\n|switch|p1a: Duraludon-Ice|Baxcalibur, M|100\/100|[from] U-turn\n|\n|-weather|Snow|[upkeep]\n|upkeep\n|turn|17\n|c| kritath|So many spectators\n|\n|t:|1698641927\n|move|p1a: Duraludon-Ice|Scale Shot|p2a: BROKEN ARROWS\n|-damage|p2a: BROKEN ARROWS|33\/100\n|-damage|p2a: BROKEN ARROWS|17\/100\n|-damage|p2a: BROKEN ARROWS|1\/100\n|-damage|p2a: BROKEN ARROWS|0 fnt\n|faint|p2a: BROKEN ARROWS\n|-hitcount|p2: BROKEN ARROWS|4\n|-unboost|p1a: Duraludon-Ice|def|1\n|-boost|p1a: Duraludon-Ice|spe|1\n|\n|-weather|Snow|[upkeep]\n|upkeep\n|c| kritath|Are y'all his friends?\n|c|\u2606Disco 2003|no i dont know them\n|c| Serise|I sometimes think we're friends\n|c|\u2606Disco 2003|dont yall have better things to do than spectate random people playing mons online\n|c| Qontent|I just got bored and joined a random game\n|c| Qontent|kirath do you have discord\n|\n|t:|1698641971\n|switch|p2a: YOUNG LORE|Ogerpon-Cornerstone, F|100\/100\n|turn|18\n|j| Astro Cage\n|c| kritath|I am 1500 rated\n|c| Serise|that's cool do you have discord tho\n|c| kritath|No id ont ha e discors\n|l| Astro Cage\n|c| Qontent|brainrot player heard\n|c| kritath|No i dont have discord\n|c| Astro nation y|LOL\n|c| Serise|Qontent you know who that is right\n|c| kritath|Lmao\n|c| Qontent|alice?\n|c| Serise|no lol\n|\n|t:|1698642023\n|switch|p2a: OK I'M SICK|Venusaur-Mega, F|9\/100\n|move|p1a: Duraludon-Ice|Icicle Spear|p2a: OK I'M SICK\n|-supereffective|p2a: OK I'M SICK\n|-damage|p2a: OK I'M SICK|1\/100\n|-supereffective|p2a: OK I'M SICK\n|-damage|p2a: OK I'M SICK|0 fnt\n|faint|p2a: OK I'M SICK\n|-hitcount|p2: OK I'M SICK|2\n|\n|-weather|Snow|[upkeep]\n|upkeep\n|c| Astro nation y|Thats pred\n|c| Serise|Qontent\n|\n|t:|1698642034\n|switch|p2a: DREAMSCAPE|Brute Bonnet|100\/100\n|turn|19\n|c| Serise|look in general chat\n|c| Serise|it's fucking Rin\n|c| Serise|RIN IS IN RINNKA WHAT DO YOU MEAN\n|c| Serise|WHO IS RIN\n|\n|t:|1698642069\n|switch|p1a: Mirror Mirror|Hatterene, F, shiny|100\/100\n|move|p2a: DREAMSCAPE|Payback|p1a: Mirror Mirror\n|-damage|p1a: Mirror Mirror|83\/100\n|\n|-weather|none\n|-heal|p1a: Mirror Mirror|89\/100|[from] item: Leftovers\n|upkeep\n|turn|20\n|c| Pex hater|run is funny\n|c| Qontent|RINNKA ]\n|c| Pex hater|rin*\n|\n|t:|1698642083\n|-end|p2a: DREAMSCAPE|Protosynthesis|[silent]\n|switch|p2a: YOUNG LORE|Ogerpon-Cornerstone, F|100\/100\n|switch|p1a: Buneary+|Lopunny-Mega, M|100\/100\n|\n|upkeep\n|turn|21\n|c| Pex hater|kirin\n|c| Qontent|JOIN VC\n|\n|t:|1698642090\n|switch|p2a: DREAMSCAPE|Brute Bonnet|100\/100\n|move|p1a: Buneary+|Fake Out|p2a: DREAMSCAPE\n|-damage|p2a: DREAMSCAPE|82\/100\n|\n|-heal|p2a: DREAMSCAPE|88\/100|[from] item: Leftovers\n|upkeep\n|turn|22\n|\n|t:|1698642098\n|move|p1a: Buneary+|U-turn|p2a: DREAMSCAPE\n|-supereffective|p2a: DREAMSCAPE\n|-damage|p2a: DREAMSCAPE|6\/100\n|c| Qontent|SO WE CAN TELL THEM ABOUT NEW MOON LORE\n|c| Qontent|LOL\n|\n|t:|1698642103\n|switch|p1a: Mirror Mirror|Hatterene, F, shiny|89\/100|[from] U-turn\n|move|p2a: DREAMSCAPE|Spore|p1a: Mirror Mirror\n|move|p1a: Mirror Mirror|Spore|p2a: DREAMSCAPE|[from]ability: Magic Bounce\n|-immune|p2a: DREAMSCAPE\n|\n|-heal|p2a: DREAMSCAPE|12\/100|[from] item: Leftovers\n|-heal|p1a: Mirror Mirror|95\/100|[from] item: Leftovers\n|upkeep\n|turn|23\n|\n|t:|1698642110\n|-end|p2a: DREAMSCAPE|Protosynthesis|[silent]\n|switch|p2a: YOUNG LORE|Ogerpon-Cornerstone, F|100\/100\n|move|p1a: Mirror Mirror|Draining Kiss|p2a: YOUNG LORE\n|-damage|p2a: YOUNG LORE|73\/100\n|-heal|p1a: Mirror Mirror|100\/100|[from] drain|[of] p2a: YOUNG LORE\n|\n|upkeep\n|turn|24\n|\n|t:|1698642139\n|switch|p1a: Pawn Shop|Kingambit, M|100\/100\n|-activate|p1a: Pawn Shop|ability: Supreme Overlord\n|-start|p1a: Pawn Shop|fallen1|[silent]\n|move|p2a: YOUNG LORE|Horn Leech|p1a: Pawn Shop\n|-resisted|p1a: Pawn Shop\n|-damage|p1a: Pawn Shop|81\/100\n|-heal|p2a: YOUNG LORE|85\/100|[from] drain|[of] p1a: Pawn Shop\n|\n|upkeep\n|turn|25\n|\n|t:|1698642151\n|move|p2a: YOUNG LORE|Superpower|p1a: Pawn Shop\n|-supereffective|p1a: Pawn Shop\n|-damage|p1a: Pawn Shop|0 fnt\n|-unboost|p2a: YOUNG LORE|atk|1\n|-unboost|p2a: YOUNG LORE|def|1\n|faint|p1a: Pawn Shop\n|-end|p1a: Pawn Shop|fallen1|[silent]\n|\n|upkeep\n|\n|t:|1698642154\n|switch|p1a: Mirror Mirror|Hatterene, F, shiny|100\/100\n|turn|26\n|\n|t:|1698642166\n|switch|p1a: Buneary+|Lopunny-Mega, M|100\/100\n|move|p2a: YOUNG LORE|Swords Dance|p2a: YOUNG LORE\n|-boost|p2a: YOUNG LORE|atk|2\n|\n|upkeep\n|turn|27\n|\n|t:|1698642170\n|switch|p2a: DREAMSCAPE|Brute Bonnet|12\/100\n|move|p1a: Buneary+|Close Combat|p2a: DREAMSCAPE\n|-supereffective|p2a: DREAMSCAPE\n|-damage|p2a: DREAMSCAPE|0 fnt\n|-unboost|p1a: Buneary+|def|1\n|-unboost|p1a: Buneary+|spd|1\n|faint|p2a: DREAMSCAPE\n|-end|p2a: DREAMSCAPE|Protosynthesis|[silent]\n|\n|upkeep\n|\n|t:|1698642173\n|switch|p2a: EVERLONG|Breloom, M|100\/100\n|turn|28\n|\n|t:|1698642186\n|switch|p1a: Comeback Szn|Magnezone|84\/100 slp\n|switch|p2a: YOUNG LORE|Ogerpon-Cornerstone, F|85\/100\n|\n|upkeep\n|turn|29\n|\n|t:|1698642203\n|switch|p1a: Duraludon-Ice|Baxcalibur, M|100\/100\n|move|p2a: YOUNG LORE|Superpower|p1a: Duraludon-Ice\n|-supereffective|p1a: Duraludon-Ice\n|-damage|p1a: Duraludon-Ice|3\/100\n|-unboost|p2a: YOUNG LORE|atk|1\n|-unboost|p2a: YOUNG LORE|def|1\n|\n|upkeep\n|turn|30\n|\n|t:|1698642215\n|move|p2a: YOUNG LORE|Horn Leech|p1a: Duraludon-Ice\n|-resisted|p1a: Duraludon-Ice\n|-damage|p1a: Duraludon-Ice|0 fnt\n|-heal|p2a: YOUNG LORE|86\/100|[from] drain|[of] p1a: Duraludon-Ice\n|faint|p1a: Duraludon-Ice\n|\n|upkeep\n|\n|t:|1698642218\n|switch|p1a: Buneary+|Lopunny-Mega, M|100\/100\n|turn|31\n|\n|t:|1698642252\n|move|p1a: Buneary+|Fake Out|p2a: YOUNG LORE\n|-resisted|p2a: YOUNG LORE\n|-damage|p2a: YOUNG LORE|65\/100\n|cant|p2a: YOUNG LORE|flinch\n|\n|upkeep\n|turn|32\n|\n|t:|1698642264\n|move|p1a: Buneary+|U-turn|p2a: YOUNG LORE\n|-supereffective|p2a: YOUNG LORE\n|-damage|p2a: YOUNG LORE|0 fnt\n|faint|p2a: YOUNG LORE\n|\n|t:|1698642268\n|switch|p1a: Mirror Mirror|Hatterene, F, shiny|100\/100|[from] U-turn\n|\n|upkeep\n|\n|t:|1698642290\n|switch|p2a: EVERLONG|Breloom, M|100\/100\n|turn|33\n|\n|t:|1698642325\n|move|p2a: EVERLONG|Bullet Seed|p1a: Mirror Mirror\n|-damage|p1a: Mirror Mirror|83\/100\n|-damage|p1a: Mirror Mirror|65\/100\n|-damage|p1a: Mirror Mirror|47\/100\n|-damage|p1a: Mirror Mirror|29\/100\n|-damage|p1a: Mirror Mirror|11\/100\n|-hitcount|p1a: Mirror Mirror|5\n|move|p1a: Mirror Mirror|Draining Kiss|p2a: EVERLONG\n|-supereffective|p2a: EVERLONG\n|-damage|p2a: EVERLONG|4\/100\n|-heal|p1a: Mirror Mirror|70\/100|[from] drain|[of] p2a: EVERLONG\n|\n|-heal|p1a: Mirror Mirror|76\/100|[from] item: Leftovers\n|upkeep\n|turn|34\n|\n|t:|1698642345\n|move|p2a: EVERLONG|Bullet Seed|p1a: Mirror Mirror\n|-damage|p1a: Mirror Mirror|58\/100\n|-damage|p1a: Mirror Mirror|41\/100\n|-hitcount|p1a: Mirror Mirror|2\n|move|p1a: Mirror Mirror|Draining Kiss|p2a: EVERLONG\n|-supereffective|p2a: EVERLONG\n|-damage|p2a: EVERLONG|0 fnt\n|-heal|p1a: Mirror Mirror|43\/100|[from] drain|[of] p2a: EVERLONG\n|faint|p2a: EVERLONG\n|\n|win|Disco 2003\n|l| k7eenex\n|c|\u2606Disco 2003|gg\n|c|\u2606ninjamage13|gg\n|l| Astro nation y\n|l|\u2606Disco 2003\n|l| Serise\n","uploadtime":1698642356,"views":19,"p1id":"disco2003","p2id":"ninjamage13","formatid":"gen9nationaldexubers","rating":0,"private":0,"password":""}