{"id":"gen9nationaldexubers-1981632299","p1":"Phenixclause","p2":"Chacharealsmoove","format":"[Gen 9] National Dex Ubers","log":"|j|\u2606Phenixclause\n|j|\u2606Chacharealsmoove\n|t:|1698928296\n|gametype|singles\n|player|p1|Phenixclause|266|1081\n|player|p2|Chacharealsmoove|ingo|1092\n|teamsize|p1|6\n|teamsize|p2|6\n|gen|9\n|tier|[Gen 9] National Dex Ubers\n|rated|\n|rule|HP Percentage Mod: HP is shown in percentages\n|rule|Endless Battle Clause: Forcing endless battles is banned\n|rule|OHKO Clause: OHKO moves are banned\n|rule|Evasion Moves Clause: Evasion moves are banned\n|rule|Evasion Items Clause: Evasion items are banned\n|rule|Species Clause: Limit one of each Pok\u00e9mon\n|rule|Sleep Clause Mod: Limit one foe put to sleep\n|rule|Mega Rayquaza Clause: You cannot mega evolve Rayquaza\n|clearpoke\n|poke|p1|Rotom-Mow|\n|poke|p1|Charizard, F|\n|poke|p1|Garganacl, F|\n|poke|p1|Lugia|\n|poke|p1|Palafin, F|\n|poke|p1|Genesect-Douse|\n|poke|p2|Chandelure, M|\n|poke|p2|Rotom-Wash|\n|poke|p2|Garchomp, M|\n|poke|p2|Lugia|\n|poke|p2|Lucario, F|\n|poke|p2|Excadrill, F|\n|teampreview\n|\n|t:|1698928310\n|start\n|switch|p1a: Palafin|Palafin, F|100\/100\n|switch|p2a: Garchomp|Garchomp, M|100\/100\n|turn|1\n|\n|t:|1698928324\n|detailschange|p1a: Palafin|Palafin-Hero, F\n|switch|p1a: Lugia|Lugia|100\/100\n|-ability|p1a: Lugia|Pressure\n|move|p2a: Garchomp|Stealth Rock|p1a: Lugia\n|-sidestart|p1: Phenixclause|move: Stealth Rock\n|\n|upkeep\n|turn|2\n|\n|t:|1698928342\n|switch|p2a: Rotom|Rotom-Wash|100\/100\n|move|p1a: Lugia|Toxic|p2a: Rotom\n|-status|p2a: Rotom|tox\n|\n|-damage|p2a: Rotom|94\/100 tox|[from] psn\n|upkeep\n|turn|3\n|\n|t:|1698928353\n|move|p1a: Lugia|Defog|p2a: Rotom\n|-unboost|p2a: Rotom|evasion|1\n|-sideend|p1: Phenixclause|Stealth Rock|[from] move: Defog|[of] p1a: Lugia\n|move|p2a: Rotom|Volt Switch|p1a: Lugia\n|-supereffective|p1a: Lugia\n|-damage|p1a: Lugia|70\/100\n|\n|t:|1698928358\n|switch|p2a: Chandelure|Chandelure, M|100\/100|[from] Volt Switch\n|\n|-heal|p1a: Lugia|76\/100|[from] item: Leftovers\n|upkeep\n|turn|4\n|\n|t:|1698928364\n|move|p1a: Lugia|Toxic|p2a: Chandelure\n|-status|p2a: Chandelure|tox\n|move|p2a: Chandelure|Energy Ball|p1a: Lugia\n|-resisted|p1a: Lugia\n|-damage|p1a: Lugia|59\/100\n|\n|-heal|p1a: Lugia|65\/100|[from] item: Leftovers\n|-damage|p2a: Chandelure|94\/100 tox|[from] psn\n|upkeep\n|turn|5\n|\n|t:|1698928378\n|switch|p2a: Excadrill|Excadrill, F|100\/100\n|move|p1a: Lugia|Roost|p1a: Lugia\n|-heal|p1a: Lugia|100\/100\n|-singleturn|p1a: Lugia|move: Roost\n|\n|upkeep\n|turn|6\n|c|\u2606Phenixclause|Bro made the wrong prediction\n|\n|t:|1698928391\n|switch|p1a: Better version|Rotom-Mow|100\/100\n|move|p2a: Excadrill|Rock Slide|p1a: Better version\n|-damage|p1a: Better version|62\/100\n|\n|upkeep\n|turn|7\n|\n|t:|1698928396\n|switch|p2a: Lugia|Lugia|100\/100\n|move|p1a: Better version|Leaf Storm|p2a: Lugia\n|-resisted|p2a: Lugia\n|-damage|p2a: Lugia|94\/100\n|-unboost|p1a: Better version|spa|2\n|\n|-heal|p2a: Lugia|100\/100|[from] item: Leftovers\n|upkeep\n|turn|8\n|\n|t:|1698928402\n|switch|p1a: Garganacl|Garganacl, F|100\/100\n|move|p2a: Lugia|Thunder Wave|p1a: Garganacl\n|-immune|p1a: Garganacl|[from] ability: Purifying Salt\n|\n|upkeep\n|turn|9\n|\n|t:|1698928405\n|move|p1a: Garganacl|Iron Defense|p1a: Garganacl\n|-boost|p1a: Garganacl|def|2\n|move|p2a: Lugia|Dragon Tail|p1a: Garganacl|[miss]\n|-miss|p2a: Lugia|p1a: Garganacl\n|\n|upkeep\n|turn|10\n|\n|t:|1698928414\n|move|p1a: Garganacl|Salt Cure|p2a: Lugia\n|-supereffective|p2a: Lugia\n|-damage|p2a: Lugia|91\/100\n|-start|p2a: Lugia|Salt Cure\n|move|p2a: Lugia|Dragon Tail|p1a: Garganacl\n|-crit|p1a: Garganacl\n|-damage|p1a: Garganacl|89\/100\n|drag|p1a: Genesect|Genesect-Douse|100\/100\n|-ability|p1a: Genesect|Download|boost\n|-boost|p1a: Genesect|atk|1\n|\n|-heal|p2a: Lugia|97\/100|[from] item: Leftovers\n|-damage|p2a: Lugia|85\/100|[from] Salt Cure\n|upkeep\n|turn|11\n|\n|t:|1698928421\n|move|p1a: Genesect|Rock Polish|p1a: Genesect\n|-boost|p1a: Genesect|spe|2\n|move|p2a: Lugia|Thunder Wave|p1a: Genesect\n|-status|p1a: Genesect|par\n|\n|-heal|p2a: Lugia|91\/100|[from] item: Leftovers\n|-damage|p2a: Lugia|79\/100|[from] Salt Cure\n|upkeep\n|turn|12\n|\n|t:|1698928427\n|move|p1a: Genesect|Ice Beam|p2a: Lugia\n|-supereffective|p2a: Lugia\n|-damage|p2a: Lugia|52\/100\n|move|p2a: Lugia|Dragon Tail|p1a: Genesect\n|-resisted|p1a: Genesect\n|-damage|p1a: Genesect|93\/100 par\n|drag|p1a: Better version|Rotom-Mow|62\/100\n|\n|-heal|p2a: Lugia|58\/100|[from] item: Leftovers\n|-damage|p2a: Lugia|45\/100|[from] Salt Cure\n|upkeep\n|turn|13\n|\n|t:|1698928438\n|switch|p1a: Palafin|Palafin-Hero, F|100\/100\n|-activate|p1a: Palafin|ability: Zero to Hero\n|switch|p2a: Lucario|Lucario, F|100\/100\n|\n|upkeep\n|turn|14\n|\n|t:|1698928449\n|switch|p2a: Garchomp|Garchomp, M|100\/100\n|move|p1a: Palafin|Drain Punch|p2a: Garchomp\n|-damage|p2a: Garchomp|60\/100\n|-damage|p1a: Palafin|88\/100|[from] ability: Rough Skin|[of] p2a: Garchomp\n|-damage|p1a: Palafin|72\/100|[from] item: Rocky Helmet|[of] p2a: Garchomp\n|\n|upkeep\n|turn|15\n|\n|t:|1698928453\n|switch|p1a: Genesect|Genesect-Douse|93\/100 par\n|-ability|p1a: Genesect|Download|boost\n|-boost|p1a: Genesect|spa|1\n|move|p2a: Garchomp|Stealth Rock|p1a: Genesect\n|-sidestart|p1: Phenixclause|move: Stealth Rock\n|\n|upkeep\n|turn|16\n|\n|t:|1698928458\n|move|p2a: Garchomp|Earthquake|p1a: Genesect\n|-damage|p1a: Genesect|34\/100 par\n|move|p1a: Genesect|Ice Beam|p2a: Garchomp\n|-supereffective|p2a: Garchomp\n|-damage|p2a: Garchomp|0 fnt\n|faint|p2a: Garchomp\n|\n|upkeep\n|\n|t:|1698928466\n|switch|p2a: Chandelure|Chandelure, M|94\/100 tox\n|turn|17\n|\n|t:|1698928483\n|switch|p1a: Better version|Rotom-Mow|62\/100\n|-damage|p1a: Better version|49\/100|[from] Stealth Rock\n|move|p2a: Chandelure|Shadow Ball|p1a: Better version\n|-damage|p1a: Better version|0 fnt\n|faint|p1a: Better version\n|\n|-damage|p2a: Chandelure|88\/100 tox|[from] psn\n|upkeep\n|\n|t:|1698928490\n|switch|p1a: Palafin|Palafin-Hero, F|72\/100\n|-damage|p1a: Palafin|59\/100|[from] Stealth Rock\n|turn|18\n|\n|t:|1698928499\n|switch|p2a: Rotom|Rotom-Wash|94\/100 tox\n|-terastallize|p1a: Palafin|Water\n|move|p1a: Palafin|Jet Punch|p2a: Rotom\n|-resisted|p2a: Rotom\n|-damage|p2a: Rotom|65\/100 tox\n|\n|-heal|p2a: Rotom|72\/100 tox|[from] item: Leftovers\n|-damage|p2a: Rotom|65\/100 tox|[from] psn\n|upkeep\n|turn|19\n|\n|t:|1698928515\n|switch|p1a: Genesect|Genesect-Douse|34\/100 par\n|-damage|p1a: Genesect|21\/100 par|[from] Stealth Rock\n|-ability|p1a: Genesect|Download|boost\n|-boost|p1a: Genesect|spa|1\n|move|p2a: Rotom|Will-O-Wisp|p1a: Genesect|[miss]\n|-miss|p2a: Rotom|p1a: Genesect\n|\n|-heal|p2a: Rotom|72\/100 tox|[from] item: Leftovers\n|-damage|p2a: Rotom|59\/100 tox|[from] psn\n|upkeep\n|turn|20\n|\n|t:|1698928523\n|move|p2a: Rotom|Volt Switch|p1a: Genesect\n|-damage|p1a: Genesect|0 fnt\n|faint|p1a: Genesect\n|\n|t:|1698928543\n|switch|p2a: Lugia|Lugia|45\/100|[from] Volt Switch\n|\n|-heal|p2a: Lugia|52\/100|[from] item: Leftovers\n|upkeep\n|\n|t:|1698928571\n|switch|p1a: Garganacl|Garganacl, F|89\/100\n|-damage|p1a: Garganacl|77\/100|[from] Stealth Rock\n|turn|21\n|\n|t:|1698928577\n|move|p2a: Lugia|Roost|p2a: Lugia\n|-heal|p2a: Lugia|100\/100\n|-singleturn|p2a: Lugia|move: Roost\n|move|p1a: Garganacl|Salt Cure|p2a: Lugia\n|-damage|p2a: Lugia|96\/100\n|-start|p2a: Lugia|Salt Cure\n|\n|-heal|p2a: Lugia|100\/100|[from] item: Leftovers\n|-heal|p1a: Garganacl|83\/100|[from] item: Leftovers\n|-damage|p2a: Lugia|88\/100|[from] Salt Cure\n|upkeep\n|turn|22\n|\n|t:|1698928583\n|switch|p2a: Rotom|Rotom-Wash|59\/100 tox\n|move|p1a: Garganacl|Iron Defense|p1a: Garganacl\n|-boost|p1a: Garganacl|def|2\n|\n|-heal|p2a: Rotom|65\/100 tox|[from] item: Leftovers\n|-heal|p1a: Garganacl|89\/100|[from] item: Leftovers\n|-damage|p2a: Rotom|59\/100 tox|[from] psn\n|upkeep\n|turn|23\n|\n|t:|1698928612\n|move|p2a: Rotom|Hydro Pump|p1a: Garganacl\n|-supereffective|p1a: Garganacl\n|-damage|p1a: Garganacl|34\/100\n|move|p1a: Garganacl|Salt Cure|p2a: Rotom\n|-damage|p2a: Rotom|48\/100 tox\n|-start|p2a: Rotom|Salt Cure\n|\n|-heal|p2a: Rotom|54\/100 tox|[from] item: Leftovers\n|-heal|p1a: Garganacl|41\/100|[from] item: Leftovers\n|-damage|p2a: Rotom|42\/100 tox|[from] psn\n|-damage|p2a: Rotom|17\/100 tox|[from] Salt Cure\n|upkeep\n|turn|24\n|\n|t:|1698928619\n|move|p2a: Rotom|Volt Switch|p1a: Garganacl\n|-damage|p1a: Garganacl|25\/100\n|\n|t:|1698928628\n|switch|p2a: Excadrill|Excadrill, F|100\/100|[from] Volt Switch\n|move|p1a: Garganacl|Recover|p1a: Garganacl\n|-heal|p1a: Garganacl|75\/100\n|\n|-heal|p1a: Garganacl|81\/100|[from] item: Leftovers\n|upkeep\n|turn|25\n|\n|t:|1698928634\n|move|p2a: Excadrill|Earthquake|p1a: Garganacl\n|-supereffective|p1a: Garganacl\n|-damage|p1a: Garganacl|45\/100\n|move|p1a: Garganacl|Iron Defense|p1a: Garganacl\n|-boost|p1a: Garganacl|def|2\n|\n|-heal|p1a: Garganacl|51\/100|[from] item: Leftovers\n|upkeep\n|turn|26\n|\n|t:|1698928637\n|move|p2a: Excadrill|Earthquake|p1a: Garganacl\n|-supereffective|p1a: Garganacl\n|-damage|p1a: Garganacl|25\/100\n|move|p1a: Garganacl|Recover|p1a: Garganacl\n|-heal|p1a: Garganacl|75\/100\n|\n|-heal|p1a: Garganacl|81\/100|[from] item: Leftovers\n|upkeep\n|turn|27\n|\n|t:|1698928642\n|switch|p2a: Lugia|Lugia|88\/100\n|move|p1a: Garganacl|Body Press|p2a: Lugia\n|-resisted|p2a: Lugia\n|-damage|p2a: Lugia|78\/100\n|\n|-heal|p2a: Lugia|84\/100|[from] item: Leftovers\n|-heal|p1a: Garganacl|87\/100|[from] item: Leftovers\n|upkeep\n|turn|28\n|\n|t:|1698928647\n|move|p1a: Garganacl|Salt Cure|p2a: Lugia\n|-supereffective|p2a: Lugia\n|-damage|p2a: Lugia|65\/100\n|-start|p2a: Lugia|Salt Cure\n|move|p2a: Lugia|Dragon Tail|p1a: Garganacl\n|-damage|p1a: Garganacl|84\/100\n|drag|p1a: Palafin|Palafin-Hero, F, tera:Water|59\/100\n|-damage|p1a: Palafin|47\/100|[from] Stealth Rock\n|\n|-heal|p2a: Lugia|71\/100|[from] item: Leftovers\n|-damage|p2a: Lugia|58\/100|[from] Salt Cure\n|upkeep\n|turn|29\n|\n|t:|1698928670\n|switch|p2a: Lucario|Lucario, F|100\/100\n|move|p1a: Palafin|Ice Punch|p2a: Lucario\n|-resisted|p2a: Lucario\n|-damage|p2a: Lucario|62\/100\n|\n|upkeep\n|turn|30\n|\n|t:|1698928690\n|switch|p1a: Lugia|Lugia|100\/100\n|-damage|p1a: Lugia|75\/100|[from] Stealth Rock\n|-ability|p1a: Lugia|Pressure\n|switch|p2a: Lugia|Lugia|58\/100\n|\n|-heal|p1a: Lugia|82\/100|[from] item: Leftovers\n|-heal|p2a: Lugia|65\/100|[from] item: Leftovers\n|upkeep\n|turn|31\n|\n|t:|1698928702\n|switch|p2a: Rotom|Rotom-Wash|17\/100 tox\n|move|p1a: Lugia|Toxic|p2a: Rotom\n|-fail|p2a: Rotom|tox\n|\n|-heal|p1a: Lugia|88\/100|[from] item: Leftovers\n|-heal|p2a: Rotom|23\/100 tox|[from] item: Leftovers\n|-damage|p2a: Rotom|17\/100 tox|[from] psn\n|upkeep\n|turn|32\n|\n|t:|1698928709\n|move|p1a: Lugia|Aeroblast|p2a: Rotom\n|-resisted|p2a: Rotom\n|-damage|p2a: Rotom|0 fnt\n|faint|p2a: Rotom\n|\n|-heal|p1a: Lugia|94\/100|[from] item: Leftovers\n|upkeep\n|\n|t:|1698928714\n|switch|p2a: Lugia|Lugia|65\/100\n|turn|33\n|\n|t:|1698928746\n|move|p1a: Lugia|Defog|p2a: Lugia\n|-unboost|p2a: Lugia|evasion|1\n|-sideend|p1: Phenixclause|Stealth Rock|[from] move: Defog|[of] p1a: Lugia\n|move|p2a: Lugia|Thunder Wave|p1a: Lugia\n|-status|p1a: Lugia|par\n|\n|-heal|p2a: Lugia|71\/100|[from] item: Leftovers\n|-heal|p1a: Lugia|100\/100 par|[from] item: Leftovers\n|upkeep\n|turn|34\n|\n|t:|1698928756\n|switch|p2a: Excadrill|Excadrill, F|100\/100\n|cant|p1a: Lugia|par\n|\n|upkeep\n|turn|35\n|\n|t:|1698928785\n|move|p2a: Excadrill|Earthquake|p1a: Lugia\n|-immune|p1a: Lugia\n|move|p1a: Lugia|Aeroblast|p2a: Excadrill\n|-resisted|p2a: Excadrill\n|-damage|p2a: Excadrill|81\/100\n|\n|upkeep\n|turn|36\n|\n|t:|1698928792\n|switch|p2a: Lugia|Lugia|71\/100\n|move|p1a: Lugia|Aeroblast|p2a: Lugia\n|-damage|p2a: Lugia|57\/100\n|\n|-heal|p2a: Lugia|63\/100|[from] item: Leftovers\n|upkeep\n|turn|37\n|\n|t:|1698928799\n|switch|p2a: Excadrill|Excadrill, F|81\/100\n|switch|p1a: Palafin|Palafin-Hero, F, tera:Water|47\/100\n|\n|upkeep\n|turn|38\n|\n|t:|1698928812\n|switch|p2a: Lugia|Lugia|63\/100\n|move|p1a: Palafin|Drain Punch|p2a: Lugia\n|-resisted|p2a: Lugia\n|-damage|p2a: Lugia|56\/100\n|-heal|p1a: Palafin|51\/100|[from] drain|[of] p2a: Lugia\n|\n|-heal|p2a: Lugia|62\/100|[from] item: Leftovers\n|upkeep\n|turn|39\n|\n|t:|1698928816\n|switch|p1a: Lugia|Lugia|100\/100 par\n|-ability|p1a: Lugia|Pressure\n|move|p2a: Lugia|Roost|p2a: Lugia\n|-heal|p2a: Lugia|100\/100\n|-singleturn|p2a: Lugia|move: Roost\n|\n|upkeep\n|turn|40\n|\n|t:|1698928822\n|switch|p2a: Lucario|Lucario, F|62\/100\n|move|p1a: Lugia|Toxic|p2a: Lucario\n|-immune|p2a: Lucario\n|\n|upkeep\n|turn|41\n|\n|t:|1698928832\n|switch|p2a: Excadrill|Excadrill, F|81\/100\n|cant|p1a: Lugia|par\n|\n|upkeep\n|turn|42\n|\n|t:|1698928902\n|move|p2a: Excadrill|Rock Slide|p1a: Lugia\n|-supereffective|p1a: Lugia\n|-damage|p1a: Lugia|66\/100 par\n|move|p1a: Lugia|Aeroblast|p2a: Excadrill\n|-resisted|p2a: Excadrill\n|-damage|p2a: Excadrill|59\/100\n|\n|-heal|p1a: Lugia|73\/100 par|[from] item: Leftovers\n|upkeep\n|turn|43\n|\n|t:|1698928912\n|move|p2a: Excadrill|Rock Slide|p1a: Lugia\n|-supereffective|p1a: Lugia\n|-damage|p1a: Lugia|36\/100 par\n|move|p1a: Lugia|Aeroblast|p2a: Excadrill\n|-resisted|p2a: Excadrill\n|-damage|p2a: Excadrill|37\/100\n|\n|-heal|p1a: Lugia|42\/100 par|[from] item: Leftovers\n|upkeep\n|turn|44\n|\n|t:|1698928918\n|switch|p1a: Garganacl|Garganacl, F|84\/100\n|move|p2a: Excadrill|Rock Slide|p1a: Garganacl\n|-damage|p1a: Garganacl|66\/100\n|\n|-heal|p1a: Garganacl|72\/100|[from] item: Leftovers\n|upkeep\n|turn|45\n|\n|t:|1698928924\n|switch|p2a: Lucario|Lucario, F|62\/100\n|move|p1a: Garganacl|Iron Defense|p1a: Garganacl\n|-boost|p1a: Garganacl|def|2\n|\n|-heal|p1a: Garganacl|78\/100|[from] item: Leftovers\n|upkeep\n|turn|46\n|\n|t:|1698928932\n|detailschange|p2a: Lucario|Lucario-Mega, F\n|-mega|p2a: Lucario|Lucario|Lucarionite\n|move|p2a: Lucario|Swords Dance|p2a: Lucario\n|-boost|p2a: Lucario|atk|2\n|move|p1a: Garganacl|Salt Cure|p2a: Lucario\n|-resisted|p2a: Lucario\n|-damage|p2a: Lucario|58\/100\n|-start|p2a: Lucario|Salt Cure\n|\n|-heal|p1a: Garganacl|84\/100|[from] item: Leftovers\n|-damage|p2a: Lucario|33\/100|[from] Salt Cure\n|upkeep\n|turn|47\n|\n|t:|1698928938\n|move|p2a: Lucario|Close Combat|p1a: Garganacl\n|-supereffective|p1a: Garganacl\n|-damage|p1a: Garganacl|0 fnt\n|-unboost|p2a: Lucario|def|1\n|-unboost|p2a: Lucario|spd|1\n|faint|p1a: Garganacl\n|\n|-damage|p2a: Lucario|8\/100|[from] Salt Cure\n|upkeep\n|\n|t:|1698928943\n|switch|p1a: Lugia|Lugia|42\/100 par\n|-ability|p1a: Lugia|Pressure\n|turn|48\n|\n|t:|1698928962\n|move|p2a: Lucario|Meteor Mash|p1a: Lugia\n|-damage|p1a: Lugia|0 fnt\n|-boost|p2a: Lucario|atk|1\n|faint|p1a: Lugia\n|\n|-damage|p2a: Lucario|0 fnt|[from] Salt Cure\n|faint|p2a: Lucario\n|upkeep\n|\n|t:|1698929010\n|switch|p2a: Lugia|Lugia|100\/100\n|switch|p1a: Palafin|Palafin-Hero, F, tera:Water|51\/100\n|turn|49\n|\n|t:|1698929040\n|move|p1a: Palafin|Ice Punch|p2a: Lugia\n|-supereffective|p2a: Lugia\n|-damage|p2a: Lugia|73\/100\n|-status|p2a: Lugia|frz\n|cant|p2a: Lugia|frz\n|\n|-heal|p2a: Lugia|79\/100 frz|[from] item: Leftovers\n|upkeep\n|turn|50\n|c|\u2606Phenixclause|Let\u2019s goooo\n|\n|t:|1698929051\n|switch|p1a: Red and blue|Charizard, F|100\/100\n|cant|p2a: Lugia|frz\n|\n|-heal|p2a: Lugia|86\/100 frz|[from] item: Leftovers\n|upkeep\n|turn|51\n|\n|t:|1698929057\n|detailschange|p1a: Red and blue|Charizard-Mega-X, F\n|-mega|p1a: Red and blue|Charizard|Charizardite X\n|move|p1a: Red and blue|Dragon Dance|p1a: Red and blue\n|-boost|p1a: Red and blue|atk|1\n|-boost|p1a: Red and blue|spe|1\n|cant|p2a: Lugia|frz\n|\n|-heal|p2a: Lugia|92\/100 frz|[from] item: Leftovers\n|upkeep\n|turn|52\n|\n|t:|1698929061\n|move|p1a: Red and blue|Dragon Dance|p1a: Red and blue\n|-boost|p1a: Red and blue|atk|1\n|-boost|p1a: Red and blue|spe|1\n|cant|p2a: Lugia|frz\n|\n|-heal|p2a: Lugia|98\/100 frz|[from] item: Leftovers\n|upkeep\n|turn|53\n|\n|t:|1698929064\n|move|p1a: Red and blue|Flare Blitz|p2a: Lugia\n|-damage|p2a: Lugia|0 fnt\n|faint|p2a: Lugia\n|-damage|p1a: Red and blue|55\/100|[from] Recoil\n|\n|upkeep\n|c|\u2606Chacharealsmoove|ofc\n|\n|t:|1698929083\n|switch|p2a: Excadrill|Excadrill, F|37\/100\n|turn|54\n|c|\u2606Phenixclause|Loo\n|c|\u2606Phenixclause|lol\n|\n|t:|1698929096\n|move|p1a: Red and blue|Earthquake|p2a: Excadrill\n|-supereffective|p2a: Excadrill\n|-damage|p2a: Excadrill|0 fnt\n|faint|p2a: Excadrill\n|\n|upkeep\n|-message|Chacharealsmoove forfeited.\n|\n|win|Phenixclause\n|raw|Phenixclause's rating: 1081 &rarr; <strong>1110<\/strong><br \/>(+29 for winning)\n|raw|Chacharealsmoove's rating: 1092 &rarr; <strong>1067<\/strong><br \/>(-25 for losing)\n|c|\u2606Phenixclause|Gg\n|l|\u2606Chacharealsmoove\n|l|\u2606Phenixclause\n|j|\u2606Phenixclause\n|player|p1|Phenixclause|266\n","uploadtime":1698929553,"views":14,"p1id":"phenixclause","p2id":"chacharealsmoove","formatid":"gen9nationaldexubers","rating":1067,"private":0,"password":""}