{"id":"gen9nationaldexubers-1990726794","p1":"Guj Genera","p2":"Coo1313","format":"[Gen 9] National Dex Ubers","log":"|j|\u2606Guj Genera\n|j|\u2606Coo1313\n|t:|1699995209\n|gametype|singles\n|player|p1|Guj Genera|red|\n|player|p2|Coo1313|pryce-gen2|\n|teamsize|p1|6\n|teamsize|p2|6\n|gen|9\n|tier|[Gen 9] National Dex Ubers\n|rule|HP Percentage Mod: HP is shown in percentages\n|rule|Endless Battle Clause: Forcing endless battles is banned\n|rule|OHKO Clause: OHKO moves are banned\n|rule|Evasion Moves Clause: Evasion moves are banned\n|rule|Evasion Items Clause: Evasion items are banned\n|rule|Species Clause: Limit one of each Pok\u00e9mon\n|rule|Sleep Clause Mod: Limit one foe put to sleep\n|rule|Mega Rayquaza Clause: You cannot mega evolve Rayquaza\n|clearpoke\n|poke|p1|Cinderace, M|\n|poke|p1|Inteleon, F|\n|poke|p1|Diancie|\n|poke|p1|Zeraora|\n|poke|p1|Kartana|\n|poke|p1|Kommo-o, F|\n|poke|p2|Ninetales-Alola, M|\n|poke|p2|Cloyster, F|\n|poke|p2|Sandslash-Alola, F|\n|poke|p2|Weavile, F|\n|poke|p2|Kyurem|\n|poke|p2|Piloswine, M|\n|teampreview\n|inactive|Battle timer is ON: inactive players will automatically lose when time's up. (requested by Guj Genera)\n|c|\u2606Guj Genera|Glhf\n|c|\u2606Coo1313|gl hf\n|\n|t:|1699995221\n|start\n|switch|p1a: Diancie|Diancie, shiny|100\/100\n|switch|p2a: Ninetales|Ninetales-Alola, M|100\/100\n|-weather|Snow|[from] ability: Snow Warning|[of] p2a: Ninetales\n|turn|1\n|\n|t:|1699995227\n|switch|p2a: Piloswine|Piloswine, M|100\/100\n|detailschange|p1a: Diancie|Diancie-Mega, shiny\n|-mega|p1a: Diancie|Diancie|Diancite\n|move|p1a: Diancie|Diamond Storm|p2a: Piloswine|[miss]\n|-miss|p1a: Diancie|p2a: Piloswine\n|\n|-weather|Snow|[upkeep]\n|upkeep\n|turn|2\n|\n|t:|1699995236\n|move|p1a: Diancie|Diamond Storm|p2a: Piloswine\n|-damage|p2a: Piloswine|75\/100\n|move|p2a: Piloswine|Earthquake|p1a: Diancie\n|-supereffective|p1a: Diancie\n|-damage|p1a: Diancie|0 fnt\n|faint|p1a: Diancie\n|\n|-weather|Snow|[upkeep]\n|upkeep\n|\n|t:|1699995242\n|switch|p1a: Kartana|Kartana, shiny|100\/100\n|turn|3\n|\n|t:|1699995250\n|switch|p2a: Kyurem|Kyurem|100\/100\n|-ability|p2a: Kyurem|Pressure\n|move|p1a: Kartana|Sacred Sword|p2a: Kyurem\n|-supereffective|p2a: Kyurem\n|-damage|p2a: Kyurem|50\/100\n|\n|-weather|Snow|[upkeep]\n|upkeep\n|turn|4\n|\n|t:|1699995253\n|switch|p2a: Ninetales|Ninetales-Alola, M|100\/100\n|move|p1a: Kartana|Sacred Sword|p2a: Ninetales\n|-damage|p2a: Ninetales|63\/100\n|\n|-weather|Snow|[upkeep]\n|upkeep\n|turn|5\n|\n|t:|1699995256\n|move|p1a: Kartana|Sacred Sword|p2a: Ninetales\n|-crit|p2a: Ninetales\n|-damage|p2a: Ninetales|0 fnt\n|faint|p2a: Ninetales\n|-ability|p1a: Kartana|Beast Boost|boost\n|-boost|p1a: Kartana|atk|1\n|\n|-weather|Snow|[upkeep]\n|upkeep\n|\n|t:|1699995262\n|switch|p2a: Sandslash|Sandslash-Alola, F|100\/100\n|turn|6\n|\n|t:|1699995265\n|move|p1a: Kartana|Sacred Sword|p2a: Sandslash\n|-supereffective|p2a: Sandslash\n|-damage|p2a: Sandslash|0 fnt\n|faint|p2a: Sandslash\n|-ability|p1a: Kartana|Beast Boost|boost\n|-boost|p1a: Kartana|atk|1\n|\n|-weather|Snow|[upkeep]\n|upkeep\n|\n|t:|1699995272\n|switch|p2a: Cloyster|Cloyster, F|100\/100\n|turn|7\n|\n|t:|1699995275\n|move|p1a: Kartana|Sacred Sword|p2a: Cloyster\n|-supereffective|p2a: Cloyster\n|-damage|p2a: Cloyster|15\/100\n|move|p2a: Cloyster|Hidden Power|p1a: Kartana\n|-supereffective|p1a: Kartana\n|-damage|p1a: Kartana|0 fnt\n|faint|p1a: Kartana\n|\n|-weather|Snow|[upkeep]\n|upkeep\n|\n|t:|1699995282\n|switch|p1a: Zeraora|Zeraora, shiny|100\/100\n|turn|8\n|\n|t:|1699995284\n|switch|p2a: Piloswine|Piloswine, M|75\/100\n|move|p1a: Zeraora|Plasma Fists|p2a: Piloswine\n|-immune|p2a: Piloswine\n|\n|-weather|none\n|upkeep\n|turn|9\n|\n|t:|1699995286\n|move|p1a: Zeraora|Close Combat|p2a: Piloswine\n|-supereffective|p2a: Piloswine\n|-damage|p2a: Piloswine|16\/100\n|-unboost|p1a: Zeraora|def|1\n|-unboost|p1a: Zeraora|spd|1\n|move|p2a: Piloswine|Earthquake|p1a: Zeraora\n|-supereffective|p1a: Zeraora\n|-damage|p1a: Zeraora|0 fnt\n|faint|p1a: Zeraora\n|\n|upkeep\n|\n|t:|1699995290\n|switch|p1a: Kommo-o|Kommo-o, F, shiny|100\/100\n|turn|10\n|\n|t:|1699995295\n|-zpower|p1a: Kommo-o\n|move|p1a: Kommo-o|Clangorous Soulblaze|p2a: Piloswine|[zeffect]\n|-damage|p2a: Piloswine|0 fnt\n|faint|p2a: Piloswine\n|-boost|p1a: Kommo-o|atk|1\n|-boost|p1a: Kommo-o|def|1\n|-boost|p1a: Kommo-o|spa|1\n|-boost|p1a: Kommo-o|spd|1\n|-boost|p1a: Kommo-o|spe|1\n|\n|upkeep\n|\n|t:|1699995299\n|switch|p2a: Kyurem|Kyurem|50\/100\n|-ability|p2a: Kyurem|Pressure\n|turn|11\n|\n|t:|1699995303\n|move|p1a: Kommo-o|Dragon Claw|p2a: Kyurem\n|-supereffective|p2a: Kyurem\n|-damage|p2a: Kyurem|0 fnt\n|faint|p2a: Kyurem\n|\n|upkeep\n|\n|t:|1699995305\n|switch|p2a: Weavile|Weavile, F|100\/100\n|-ability|p2a: Weavile|Pressure\n|turn|12\n|\n|t:|1699995308\n|move|p1a: Kommo-o|Close Combat|p2a: Weavile\n|-supereffective|p2a: Weavile\n|-damage|p2a: Weavile|0 fnt\n|-unboost|p1a: Kommo-o|def|1\n|-unboost|p1a: Kommo-o|spd|1\n|faint|p2a: Weavile\n|\n|upkeep\n|c|\u2606Coo1313|gg that crit sucked but all g\n|\n|t:|1699995322\n|switch|p2a: Cloyster|Cloyster, F|15\/100\n|turn|13\n|\n|t:|1699995324\n|move|p1a: Kommo-o|Close Combat|p2a: Cloyster\n|-supereffective|p2a: Cloyster\n|-damage|p2a: Cloyster|0 fnt\n|-unboost|p1a: Kommo-o|def|1\n|-unboost|p1a: Kommo-o|spd|1\n|faint|p2a: Cloyster\n|\n|win|Guj Genera\n|c|\u2606Guj Genera|Ggwp\n","uploadtime":1699995328,"views":23,"p1id":"gujgenera","p2id":"coo1313","formatid":"gen9nationaldexubers","rating":0,"private":0,"password":""}