{"id":"gen9nationaldexubers-1997187383","p1":"SirCheesy","p2":"Olie4","format":"[Gen 9] National Dex Ubers","log":"|j|\u2606SirCheesy\n|j|\u2606Olie4\n|t:|1700773487\n|gametype|singles\n|player|p1|SirCheesy|psychic-lgpe|1256\n|player|p2|Olie4|lady|1296\n|teamsize|p1|6\n|teamsize|p2|6\n|gen|9\n|tier|[Gen 9] National Dex Ubers\n|rated|\n|rule|HP Percentage Mod: HP is shown in percentages\n|rule|Endless Battle Clause: Forcing endless battles is banned\n|rule|OHKO Clause: OHKO moves are banned\n|rule|Evasion Moves Clause: Evasion moves are banned\n|rule|Evasion Items Clause: Evasion items are banned\n|rule|Species Clause: Limit one of each Pok\u00e9mon\n|rule|Sleep Clause Mod: Limit one foe put to sleep\n|rule|Mega Rayquaza Clause: You cannot mega evolve Rayquaza\n|clearpoke\n|poke|p1|Kyurem-Black|\n|poke|p1|Melmetal|\n|poke|p1|Kyogre|\n|poke|p1|Great Tusk|\n|poke|p1|Charizard, M|\n|poke|p1|Dottler, F|\n|poke|p2|Regieleki|\n|poke|p2|Togekiss, M|\n|poke|p2|Greninja-*, M|\n|poke|p2|Ferrothorn, M|\n|poke|p2|Urshifu-*, M|\n|poke|p2|Pawmot, M|\n|teampreview\n|inactive|Battle timer is ON: inactive players will automatically lose when time's up. (requested by SirCheesy)\n|c|\u2606Olie4|gl\n|c|\u2606SirCheesy|glhf\n|\n|t:|1700773513\n|start\n|switch|p1a: Melmetal|Melmetal|100\/100\n|switch|p2a: Ferrothorns|Ferrothorn, M|100\/100\n|turn|1\n|\n|t:|1700773519\n|move|p1a: Melmetal|Thunder Wave|p2a: Ferrothorns\n|-status|p2a: Ferrothorns|par\n|move|p2a: Ferrothorns|Stealth Rock|p1a: Melmetal\n|-sidestart|p1: SirCheesy|move: Stealth Rock\n|\n|upkeep\n|turn|2\n|\n|t:|1700773524\n|switch|p1a: Great Tusk|Great Tusk|100\/100\n|cant|p2a: Ferrothorns|par\n|\n|upkeep\n|turn|3\n|c|\u2606Olie4|if i win i hit 1300, im excited\n|\n|t:|1700773530\n|move|p1a: Great Tusk|Rapid Spin|p2a: Ferrothorns\n|-resisted|p2a: Ferrothorns\n|-damage|p2a: Ferrothorns|95\/100 par\n|-boost|p1a: Great Tusk|spe|1\n|-damage|p1a: Great Tusk|88\/100|[from] ability: Iron Barbs|[of] p2a: Ferrothorns\n|-sideend|p1: SirCheesy|Stealth Rock|[from] move: Rapid Spin|[of] p1a: Great Tusk\n|move|p2a: Ferrothorns|Knock Off|p1a: Great Tusk\n|-resisted|p1a: Great Tusk\n|-damage|p1a: Great Tusk|81\/100\n|-enditem|p1a: Great Tusk|Heavy-Duty Boots|[from] move: Knock Off|[of] p2a: Ferrothorns\n|\n|-heal|p2a: Ferrothorns|100\/100 par|[from] item: Leftovers\n|upkeep\n|turn|4\n|c|\u2606SirCheesy|nice\n|\n|t:|1700773536\n|move|p1a: Great Tusk|Earthquake|p2a: Ferrothorns\n|-damage|p2a: Ferrothorns|70\/100 par\n|cant|p2a: Ferrothorns|par\n|\n|-heal|p2a: Ferrothorns|76\/100 par|[from] item: Leftovers\n|upkeep\n|turn|5\n|c|\u2606Olie4|if i lose then i cry\n|\n|t:|1700773544\n|move|p1a: Great Tusk|Close Combat|p2a: Ferrothorns\n|-supereffective|p2a: Ferrothorns\n|-damage|p2a: Ferrothorns|9\/100 par\n|-unboost|p1a: Great Tusk|def|1\n|-unboost|p1a: Great Tusk|spd|1\n|-damage|p1a: Great Tusk|68\/100|[from] ability: Iron Barbs|[of] p2a: Ferrothorns\n|move|p2a: Ferrothorns|Leech Seed|p1a: Great Tusk\n|-start|p1a: Great Tusk|move: Leech Seed\n|\n|-heal|p2a: Ferrothorns|15\/100 par|[from] item: Leftovers\n|-damage|p1a: Great Tusk|56\/100|[from] Leech Seed|[of] p2a: Ferrothorns\n|-heal|p2a: Ferrothorns|28\/100 par|[silent]\n|upkeep\n|turn|6\n|c|\u2606SirCheesy|welp\n|\n|t:|1700773551\n|-end|p1a: Great Tusk|Protosynthesis|[silent]\n|switch|p1a: Melmetal|Melmetal|100\/100\n|switch|p2a: Togekiss|Togekiss, M, shiny|100\/100\n|\n|upkeep\n|turn|7\n|\n|t:|1700773556\n|switch|p2a: Ferrothorns|Ferrothorn, M|28\/100 par\n|move|p1a: Melmetal|Double Iron Bash|p2a: Ferrothorns\n|-resisted|p2a: Ferrothorns\n|-damage|p2a: Ferrothorns|16\/100 par\n|-damage|p1a: Melmetal|88\/100|[from] ability: Iron Barbs|[of] p2a: Ferrothorns\n|-resisted|p2a: Ferrothorns\n|-damage|p2a: Ferrothorns|2\/100 par\n|-damage|p1a: Melmetal|76\/100|[from] ability: Iron Barbs|[of] p2a: Ferrothorns\n|-hitcount|p2a: Ferrothorns|2\n|\n|-heal|p1a: Melmetal|82\/100|[from] item: Leftovers\n|-heal|p2a: Ferrothorns|9\/100 par|[from] item: Leftovers\n|upkeep\n|turn|8\n|\n|t:|1700773560\n|move|p1a: Melmetal|Double Iron Bash|p2a: Ferrothorns\n|-resisted|p2a: Ferrothorns\n|-damage|p2a: Ferrothorns|0 fnt\n|-damage|p1a: Melmetal|69\/100|[from] ability: Iron Barbs|[of] p2a: Ferrothorns\n|faint|p2a: Ferrothorns\n|-hitcount|p2: Ferrothorns|1\n|\n|-heal|p1a: Melmetal|75\/100|[from] item: Leftovers\n|upkeep\n|\n|t:|1700773571\n|switch|p2a: yourShifu|Urshifu-Rapid-Strike, M|100\/100\n|turn|9\n|\n|t:|1700773578\n|move|p2a: yourShifu|Surging Strikes|p1a: Melmetal\n|-crit|p1a: Melmetal\n|-damage|p1a: Melmetal|64\/100\n|-crit|p1a: Melmetal\n|-damage|p1a: Melmetal|54\/100\n|-crit|p1a: Melmetal\n|-damage|p1a: Melmetal|43\/100\n|-hitcount|p1a: Melmetal|3\n|move|p1a: Melmetal|Thunder Wave|p2a: yourShifu\n|-status|p2a: yourShifu|par\n|\n|-heal|p1a: Melmetal|49\/100|[from] item: Leftovers\n|upkeep\n|turn|10\n|\n|t:|1700773587\n|move|p2a: yourShifu|Surging Strikes|p1a: Melmetal\n|-crit|p1a: Melmetal\n|-damage|p1a: Melmetal|39\/100\n|-crit|p1a: Melmetal\n|-damage|p1a: Melmetal|29\/100\n|-crit|p1a: Melmetal\n|-damage|p1a: Melmetal|18\/100\n|-hitcount|p1a: Melmetal|3\n|move|p1a: Melmetal|Double Iron Bash|p2a: yourShifu\n|-resisted|p2a: yourShifu\n|-damage|p2a: yourShifu|79\/100 par\n|-resisted|p2a: yourShifu\n|-damage|p2a: yourShifu|55\/100 par\n|-hitcount|p2a: yourShifu|2\n|\n|-heal|p1a: Melmetal|24\/100|[from] item: Leftovers\n|upkeep\n|turn|11\n|c|\u2606Olie4|dang i was expecting the switch\n|c|\u2606SirCheesy|nope\n|c|\u2606Olie4|the fact that im still faster is something\n|\n|t:|1700773618\n|switch|p1a: Kyurem|Kyurem-Black|100\/100\n|-ability|p1a: Kyurem|Teravolt\n|cant|p2a: yourShifu|par\n|\n|upkeep\n|turn|12\n|c|\u2606SirCheesy|welp\n|\n|t:|1700773626\n|move|p1a: Kyurem|Fusion Bolt|p2a: yourShifu\n|-supereffective|p2a: yourShifu\n|-damage|p2a: yourShifu|0 fnt\n|faint|p2a: yourShifu\n|\n|upkeep\n|\n|t:|1700773633\n|switch|p2a: Tall Pawmo|Pawmot, M|100\/100\n|turn|13\n|\n|t:|1700773644\n|-terastallize|p1a: Kyurem|Electric\n|move|p2a: Tall Pawmo|Revival Blessing|p2a: Tall Pawmo\n|-enditem|p2a: Tall Pawmo|Leppa Berry|[eat]\n|-activate|p2a: Tall Pawmo|item: Leppa Berry|Revival Blessing|[consumed]\n|\n|t:|1700773647\n|-heal|p2: yourShifu|50\/100|[from] move: Revival Blessing\n|move|p1a: Kyurem|Dragon Dance|p1a: Kyurem\n|-boost|p1a: Kyurem|atk|1\n|-boost|p1a: Kyurem|spe|1\n|\n|upkeep\n|turn|14\n|\n|t:|1700773651\n|move|p1a: Kyurem|Dragon Dance|p1a: Kyurem\n|-boost|p1a: Kyurem|atk|1\n|-boost|p1a: Kyurem|spe|1\n|move|p2a: Tall Pawmo|Close Combat|p1a: Kyurem\n|-crit|p1a: Kyurem\n|-damage|p1a: Kyurem|27\/100\n|-unboost|p2a: Tall Pawmo|def|1\n|-unboost|p2a: Tall Pawmo|spd|1\n|\n|upkeep\n|turn|15\n|c|\u2606SirCheesy|oh no\n|\n|t:|1700773657\n|move|p1a: Kyurem|Icicle Spear|p2a: Tall Pawmo\n|-damage|p2a: Tall Pawmo|12\/100\n|-damage|p2a: Tall Pawmo|0 fnt\n|faint|p2a: Tall Pawmo\n|-hitcount|p2: Tall Pawmo|2\n|\n|upkeep\n|\n|t:|1700773660\n|switch|p2a: Greeninja|Greninja, M|100\/100\n|turn|16\n|\n|t:|1700773664\n|move|p1a: Kyurem|Fusion Bolt|p2a: Greeninja\n|-supereffective|p2a: Greeninja\n|-enditem|p2a: Greeninja|Focus Sash\n|-damage|p2a: Greeninja|1\/100\n|move|p2a: Greeninja|Ice Beam|p1a: Kyurem\n|-start|p2a: Greeninja|typechange|Ice|[from] ability: Protean\n|-damage|p1a: Kyurem|0 fnt\n|faint|p1a: Kyurem\n|\n|upkeep\n|c|\u2606Olie4|always carry a sasher\n|\n|t:|1700773673\n|switch|p1a: Dottler|Dottler, F|100\/100\n|turn|17\n|c|\u2606SirCheesy|hm\n|\n|t:|1700773679\n|move|p2a: Greeninja|Ice Beam|p1a: Dottler\n|-damage|p1a: Dottler|75\/100\n|move|p1a: Dottler|Sticky Web|p2a: Greeninja\n|-sidestart|p2: Olie4|move: Sticky Web\n|\n|upkeep\n|turn|18\n|\n|t:|1700773682\n|move|p2a: Greeninja|Ice Beam|p1a: Dottler\n|-damage|p1a: Dottler|53\/100\n|-status|p1a: Dottler|frz\n|-curestatus|p1a: Dottler|frz|[msg]\n|move|p1a: Dottler|Infestation|p2a: Greeninja\n|-damage|p2a: Greeninja|0 fnt\n|faint|p2a: Greeninja\n|\n|upkeep\n|\n|t:|1700773685\n|switch|p2a: Regieleki|Regieleki|100\/100\n|turn|19\n|\n|t:|1700773690\n|move|p2a: Regieleki|Thunderbolt|p1a: Dottler\n|-damage|p1a: Dottler|23\/100\n|move|p1a: Dottler|Recover|p1a: Dottler\n|-heal|p1a: Dottler|73\/100\n|\n|upkeep\n|turn|20\n|c|\u2606SirCheesy|oh that's your spinner\n|\n|t:|1700773698\n|move|p2a: Regieleki|Tera Blast|p1a: Dottler\n|-damage|p1a: Dottler|59\/100\n|move|p1a: Dottler|Infestation|p2a: Regieleki\n|-damage|p2a: Regieleki|93\/100\n|-activate|p2a: Regieleki|move: Infestation|[of] p1a: Dottler\n|\n|-damage|p2a: Regieleki|80\/100|[from] move: Infestation|[partiallytrapped]\n|upkeep\n|turn|21\n|\n|t:|1700773701\n|move|p2a: Regieleki|Rapid Spin|p1a: Dottler\n|-damage|p1a: Dottler|49\/100\n|-boost|p2a: Regieleki|spe|1\n|-sideend|p2: Olie4|Sticky Web|[from] move: Rapid Spin|[of] p2a: Regieleki\n|-end|p2a: Regieleki|Infestation|[partiallytrapped]\n|move|p1a: Dottler|Recover|p1a: Dottler\n|-heal|p1a: Dottler|99\/100\n|\n|upkeep\n|turn|22\n|\n|t:|1700773705\n|switch|p2a: Togekiss|Togekiss, M, shiny|100\/100\n|move|p1a: Dottler|Sticky Web|p2a: Togekiss\n|-sidestart|p2: Olie4|move: Sticky Web\n|\n|upkeep\n|turn|23\n|\n|t:|1700773708\n|move|p2a: Togekiss|Thunder Wave|p1a: Dottler\n|-status|p1a: Dottler|par\n|move|p1a: Dottler|Infestation|p2a: Togekiss\n|-resisted|p2a: Togekiss\n|-damage|p2a: Togekiss|99\/100\n|-activate|p2a: Togekiss|move: Infestation|[of] p1a: Dottler\n|\n|-heal|p2a: Togekiss|100\/100|[from] item: Leftovers\n|-damage|p2a: Togekiss|88\/100|[from] move: Infestation|[partiallytrapped]\n|upkeep\n|turn|24\n|\n|t:|1700773711\n|move|p2a: Togekiss|Air Slash|p1a: Dottler\n|-supereffective|p1a: Dottler\n|-damage|p1a: Dottler|57\/100 par\n|move|p1a: Dottler|Trick Room|p1a: Dottler\n|-fieldstart|move: Trick Room|[of] p1a: Dottler\n|\n|-heal|p2a: Togekiss|94\/100|[from] item: Leftovers\n|-damage|p2a: Togekiss|82\/100|[from] move: Infestation|[partiallytrapped]\n|upkeep\n|turn|25\n|\n|t:|1700773719\n|move|p1a: Dottler|Infestation|p2a: Togekiss\n|-resisted|p2a: Togekiss\n|-damage|p2a: Togekiss|81\/100\n|move|p2a: Togekiss|Air Slash|p1a: Dottler\n|-supereffective|p1a: Dottler\n|-damage|p1a: Dottler|12\/100 par\n|\n|-heal|p2a: Togekiss|87\/100|[from] item: Leftovers\n|-damage|p2a: Togekiss|75\/100|[from] move: Infestation|[partiallytrapped]\n|upkeep\n|turn|26\n|\n|t:|1700773722\n|cant|p1a: Dottler|par\n|move|p2a: Togekiss|Air Slash|p1a: Dottler\n|-supereffective|p1a: Dottler\n|-damage|p1a: Dottler|0 fnt\n|faint|p1a: Dottler\n|\n|-heal|p2a: Togekiss|81\/100|[from] item: Leftovers\n|-end|p2a: Togekiss|Infestation|[partiallytrapped]|[silent]\n|upkeep\n|\n|t:|1700773725\n|switch|p1a: Kyogre|Kyogre|100\/100\n|detailschange|p1a: Kyogre|Kyogre-Primal\n|-primal|p1a: Kyogre|Blue Orb\n|-weather|PrimordialSea|[from] ability: Primordial Sea|[of] p1a: Kyogre\n|turn|27\n|\n|t:|1700773728\n|move|p2a: Togekiss|Thunder Wave|p1a: Kyogre\n|-status|p1a: Kyogre|par\n|move|p1a: Kyogre|Water Spout|p2a: Togekiss\n|-damage|p2a: Togekiss|0 fnt\n|faint|p2a: Togekiss\n|\n|-weather|PrimordialSea|[upkeep]\n|upkeep\n|\n|t:|1700773734\n|switch|p2a: Regieleki|Regieleki|80\/100\n|turn|28\n|\n|t:|1700773737\n|cant|p1a: Kyogre|par\n|move|p2a: Regieleki|Rapid Spin|p1a: Kyogre\n|-damage|p1a: Kyogre|87\/100 par\n|-boost|p2a: Regieleki|spe|1\n|-sideend|p2: Olie4|Sticky Web|[from] move: Rapid Spin|[of] p2a: Regieleki\n|\n|-weather|PrimordialSea|[upkeep]\n|-fieldend|move: Trick Room\n|upkeep\n|turn|29\n|c|\u2606Olie4|holy luck\n|c|\u2606SirCheesy|dang\n|\n|t:|1700773745\n|move|p2a: Regieleki|Thunderbolt|p1a: Kyogre\n|-supereffective|p1a: Kyogre\n|-damage|p1a: Kyogre|18\/100 par\n|move|p1a: Kyogre|Surf|p2a: Regieleki\n|-damage|p2a: Regieleki|0 fnt\n|faint|p2a: Regieleki\n|\n|-weather|PrimordialSea|[upkeep]\n|upkeep\n|\n|t:|1700773749\n|switch|p2a: yourShifu|Urshifu-Rapid-Strike, M|50\/100\n|turn|30\n|\n|t:|1700773757\n|move|p2a: yourShifu|Surging Strikes|p1a: Kyogre\n|-resisted|p1a: Kyogre\n|-crit|p1a: Kyogre\n|-damage|p1a: Kyogre|1\/100 par\n|-resisted|p1a: Kyogre\n|-crit|p1a: Kyogre\n|-damage|p1a: Kyogre|0 fnt\n|faint|p1a: Kyogre\n|-weather|none\n|-hitcount|p1: Kyogre|2\n|\n|upkeep\n|\n|t:|1700773759\n|switch|p1a: Charizard|Charizard, M|100\/100\n|turn|31\n|c|\u2606SirCheesy|ggwp\n|\n|t:|1700773764\n|detailschange|p1a: Charizard|Charizard-Mega-Y, M\n|-mega|p1a: Charizard|Charizard|Charizardite Y\n|-weather|SunnyDay|[from] ability: Drought|[of] p1a: Charizard\n|-terastallize|p2a: yourShifu|Water\n|move|p2a: yourShifu|Surging Strikes|p1a: Charizard\n|-supereffective|p1a: Charizard\n|-crit|p1a: Charizard\n|-damage|p1a: Charizard|61\/100\n|-supereffective|p1a: Charizard\n|-crit|p1a: Charizard\n|-damage|p1a: Charizard|24\/100\n|-supereffective|p1a: Charizard\n|-crit|p1a: Charizard\n|-damage|p1a: Charizard|0 fnt\n|faint|p1a: Charizard\n|-hitcount|p1: Charizard|3\n|\n|-weather|SunnyDay|[upkeep]\n|upkeep\n|c|\u2606Olie4|gg\n|c|\u2606SirCheesy|oh?\n|c|\u2606SirCheesy|welp ggs\n|c|\u2606Olie4|im scarfed :D\n|c|\u2606SirCheesy|ohhhh\n|-message|SirCheesy forfeited.\n|\n|win|Olie4\n|raw|SirCheesy's rating: 1256 &rarr; <strong>1234<\/strong><br \/>(-22 for losing)\n|raw|Olie4's rating: 1296 &rarr; <strong>1318<\/strong><br \/>(+22 for winning)\n|l|\u2606SirCheesy\n|c|\u2606Olie4|hence why after para melmetal outsped\n|c|\u2606Olie4|1300 LETS GO\n","uploadtime":1700773800,"views":5,"p1id":"sircheesy","p2id":"olie4","formatid":"gen9nationaldexubers","rating":1234,"private":0,"password":""}