{"id":"gen9nationaldexubers-1979719827","p1":"Aetherious8","p2":"VerduOsane","format":"[Gen 9] National Dex Ubers","log":"|j|\u2606Aetherious8\n|j|\u2606VerduOsane\n|t:|1698706369\n|gametype|singles\n|player|p1|Aetherious8|adaman|1172\n|player|p2|VerduOsane|102|1155\n|teamsize|p1|6\n|teamsize|p2|6\n|gen|9\n|tier|[Gen 9] National Dex Ubers\n|rated|\n|rule|HP Percentage Mod: HP is shown in percentages\n|rule|Endless Battle Clause: Forcing endless battles is banned\n|rule|OHKO Clause: OHKO moves are banned\n|rule|Evasion Moves Clause: Evasion moves are banned\n|rule|Evasion Items Clause: Evasion items are banned\n|rule|Species Clause: Limit one of each Pok\u00e9mon\n|rule|Sleep Clause Mod: Limit one foe put to sleep\n|rule|Mega Rayquaza Clause: You cannot mega evolve Rayquaza\n|clearpoke\n|poke|p1|Uxie|\n|poke|p1|Slowbro-Galar, F|\n|poke|p1|Moltres-Galar|\n|poke|p1|Maushold-Four|\n|poke|p1|Zacian-*|\n|poke|p1|Marshadow|\n|poke|p2|Durant, M|\n|poke|p2|Meowscarada, M|\n|poke|p2|Iron Moth|\n|poke|p2|Hoopa|\n|poke|p2|Gliscor, F|\n|poke|p2|Kommo-o, F|\n|teampreview\n|\n|t:|1698706396\n|start\n|switch|p1a: Walnut|Uxie|100\/100\n|switch|p2a: Hoopa|Hoopa|100\/100\n|turn|1\n|\n|t:|1698706406\n|move|p1a: Walnut|Reflect|p1a: Walnut\n|-sidestart|p1: Aetherious8|Reflect\n|move|p2a: Hoopa|Shadow Ball|p1a: Walnut\n|-supereffective|p1a: Walnut\n|-damage|p1a: Walnut|42\/100\n|\n|upkeep\n|turn|2\n|\n|t:|1698706422\n|move|p1a: Walnut|Light Screen|p1a: Walnut\n|-sidestart|p1: Aetherious8|move: Light Screen\n|move|p2a: Hoopa|Calm Mind|p2a: Hoopa\n|-boost|p2a: Hoopa|spa|1\n|-boost|p2a: Hoopa|spd|1\n|\n|upkeep\n|turn|3\n|\n|t:|1698706437\n|move|p1a: Walnut|Yawn|p2a: Hoopa\n|-start|p2a: Hoopa|move: Yawn|[of] p1a: Walnut\n|move|p2a: Hoopa|Shadow Ball|p1a: Walnut\n|-supereffective|p1a: Walnut\n|-damage|p1a: Walnut|0 fnt\n|faint|p1a: Walnut\n|\n|upkeep\n|\n|t:|1698706444\n|switch|p1a: Toast|Slowbro-Galar, F|100\/100\n|turn|4\n|\n|t:|1698706450\n|move|p2a: Hoopa|Shadow Ball|p1a: Toast\n|-supereffective|p1a: Toast\n|-damage|p1a: Toast|30\/100\n|move|p1a: Toast|Belly Drum||[still]\n|-fail|p1a: Toast\n|\n|-end|p2a: Hoopa|move: Yawn|[silent]\n|-status|p2a: Hoopa|slp\n|upkeep\n|turn|5\n|-activate|p1a: Toast|item: Quick Claw\n|\n|t:|1698706465\n|move|p1a: Toast|Earthquake|p2a: Hoopa\n|-damage|p2a: Hoopa|71\/100 slp\n|cant|p2a: Hoopa|slp\n|\n|upkeep\n|turn|6\n|\n|t:|1698706481\n|-curestatus|p2a: Hoopa|slp|[msg]\n|move|p2a: Hoopa|Shadow Ball|p1a: Toast\n|-supereffective|p1a: Toast\n|-damage|p1a: Toast|0 fnt\n|faint|p1a: Toast\n|\n|upkeep\n|\n|t:|1698706493\n|switch|p1a: Moltres-Kanto|Moltres-Galar, shiny|100\/100\n|turn|7\n|\n|t:|1698706503\n|-terastallize|p2a: Hoopa|Dark\n|move|p1a: Moltres-Kanto|Agility|p1a: Moltres-Kanto\n|-boost|p1a: Moltres-Kanto|spe|2\n|move|p2a: Hoopa|Calm Mind|p2a: Hoopa\n|-boost|p2a: Hoopa|spa|1\n|-boost|p2a: Hoopa|spd|1\n|\n|upkeep\n|turn|8\n|\n|t:|1698706515\n|move|p1a: Moltres-Kanto|Nasty Plot|p1a: Moltres-Kanto\n|-boost|p1a: Moltres-Kanto|spa|2\n|move|p2a: Hoopa|Calm Mind|p2a: Hoopa\n|-boost|p2a: Hoopa|spa|1\n|-boost|p2a: Hoopa|spd|1\n|\n|-sideend|p1: Aetherious8|Reflect\n|upkeep\n|turn|9\n|\n|t:|1698706529\n|move|p1a: Moltres-Kanto|Fiery Wrath|p2a: Hoopa\n|-resisted|p2a: Hoopa\n|-damage|p2a: Hoopa|58\/100\n|move|p2a: Hoopa|Calm Mind|p2a: Hoopa\n|-boost|p2a: Hoopa|spa|1\n|-boost|p2a: Hoopa|spd|1\n|\n|-sideend|p1: Aetherious8|move: Light Screen\n|upkeep\n|turn|10\n|\n|t:|1698706536\n|move|p1a: Moltres-Kanto|Air Slash|p2a: Hoopa\n|-damage|p2a: Hoopa|41\/100\n|move|p2a: Hoopa|Shadow Ball|p1a: Moltres-Kanto\n|-resisted|p1a: Moltres-Kanto\n|-crit|p1a: Moltres-Kanto\n|-damage|p1a: Moltres-Kanto|30\/100\n|-unboost|p1a: Moltres-Kanto|spd|1\n|-ability|p1a: Moltres-Kanto|Berserk|boost\n|-boost|p1a: Moltres-Kanto|spa|1\n|\n|upkeep\n|turn|11\n|\n|t:|1698706543\n|move|p1a: Moltres-Kanto|Fiery Wrath|p2a: Hoopa\n|-resisted|p2a: Hoopa\n|-damage|p2a: Hoopa|28\/100\n|move|p2a: Hoopa|Shadow Ball|p1a: Moltres-Kanto\n|-resisted|p1a: Moltres-Kanto\n|-damage|p1a: Moltres-Kanto|0 fnt\n|faint|p1a: Moltres-Kanto\n|\n|upkeep\n|\n|t:|1698706566\n|switch|p1a: Mice on Venus|Maushold-Four|100\/100\n|turn|12\n|\n|t:|1698706572\n|move|p1a: Mice on Venus|Tidy Up|p1a: Mice on Venus\n|-boost|p1a: Mice on Venus|atk|1\n|-boost|p1a: Mice on Venus|spe|1\n|move|p2a: Hoopa|Foul Play|p1a: Mice on Venus\n|-damage|p1a: Mice on Venus|22\/100\n|\n|upkeep\n|turn|13\n|\n|t:|1698706580\n|move|p1a: Mice on Venus|Population Bomb|p2a: Hoopa\n|-damage|p2a: Hoopa|14\/100\n|-hitcount|p2a: Hoopa|1\n|move|p2a: Hoopa|Foul Play|p1a: Mice on Venus\n|-damage|p1a: Mice on Venus|0 fnt\n|faint|p1a: Mice on Venus\n|\n|upkeep\n|-message|Aetherious8 forfeited.\n|\n|win|VerduOsane\n|raw|Aetherious8's rating: 1172 &rarr; <strong>1146<\/strong><br \/>(-26 for losing)\n|raw|VerduOsane's rating: 1155 &rarr; <strong>1181<\/strong><br \/>(+26 for winning)\n|l|\u2606Aetherious8\n","uploadtime":1698706593,"views":130,"p1id":"aetherious8","p2id":"verduosane","formatid":"gen9nationaldexubers","rating":1146,"private":0,"password":""}