{"id":"gen9nationaldexubers-1989049044","p1":"Neosouls","p2":"Half_A_Ako","format":"[Gen 9] National Dex Ubers","log":"|j|\u2606Neosouls\n|j|\u2606Half_A_Ako\n|t:|1699806481\n|gametype|singles\n|player|p1|Neosouls|marlon|\n|player|p2|Half_A_Ako|victor-dojo|\n|teamsize|p1|6\n|teamsize|p2|6\n|gen|9\n|tier|[Gen 9] National Dex Ubers\n|rule|HP Percentage Mod: HP is shown in percentages\n|rule|Endless Battle Clause: Forcing endless battles is banned\n|rule|OHKO Clause: OHKO moves are banned\n|rule|Evasion Moves Clause: Evasion moves are banned\n|rule|Evasion Items Clause: Evasion items are banned\n|rule|Species Clause: Limit one of each Pok\u00e9mon\n|rule|Sleep Clause Mod: Limit one foe put to sleep\n|rule|Mega Rayquaza Clause: You cannot mega evolve Rayquaza\n|clearpoke\n|poke|p1|Charmeleon, L35, M|\n|poke|p1|Staraptor, L35, F|\n|poke|p1|Gyarados, L35, M|\n|poke|p1|Primeape, L35, M|\n|poke|p1|Lycanroc-Dusk, L35, M|\n|poke|p1|Scyther, L35, F|\n|poke|p2|Dartrix, L28, M|\n|poke|p2|Gabite, L30, F|\n|poke|p2|Politoed, L26, M|\n|poke|p2|Luxray, L30, M|\n|poke|p2|Darmanitan-Galar, L30, M|\n|poke|p2|Slowpoke-Galar, L21, M|\n|teampreview\n|c|\u2606Half_A_Ako|euh\n|c|\u2606Half_A_Ako|wallahim i am finish\n|\n|t:|1699806503\n|start\n|switch|p1a: Gyarados|Gyarados, L35, M|100\/100\n|switch|p2a: Knight|Politoed, L26, M|100\/100\n|-ability|p1a: Gyarados|Intimidate|boost\n|-unboost|p2a: Knight|atk|1\n|-weather|RainDance|[from] ability: Drizzle|[of] p2a: Knight\n|turn|1\n|\n|t:|1699806514\n|move|p1a: Gyarados|Ice Fang|p2a: Knight\n|-resisted|p2a: Knight\n|-damage|p2a: Knight|76\/100\n|cant|p2a: Knight|flinch\n|\n|-weather|RainDance|[upkeep]\n|upkeep\n|turn|2\n|\n|t:|1699806525\n|move|p1a: Gyarados|Crunch|p2a: Knight\n|-damage|p2a: Knight|18\/100\n|move|p2a: Knight|Hypnosis|p1a: Gyarados\n|-status|p1a: Gyarados|slp|[from] move: Hypnosis\n|\n|-weather|RainDance|[upkeep]\n|upkeep\n|turn|3\n|\n|t:|1699806538\n|switch|p1a: Scyther|Scyther, L35, F|100\/100\n|switch|p2a: Luxure|Luxray, L30, M|100\/100\n|-ability|p2a: Luxure|Intimidate|boost\n|-unboost|p1a: Scyther|atk|1\n|\n|-weather|RainDance|[upkeep]\n|upkeep\n|turn|4\n|\n|t:|1699806555\n|move|p1a: Scyther|Lunge|p2a: Luxure\n|-damage|p2a: Luxure|58\/100\n|-unboost|p2a: Luxure|atk|1\n|move|p2a: Luxure|Spark|p1a: Scyther\n|-supereffective|p1a: Scyther\n|-damage|p1a: Scyther|49\/100\n|-status|p1a: Scyther|par\n|\n|-weather|RainDance|[upkeep]\n|upkeep\n|turn|5\n|\n|t:|1699806567\n|move|p2a: Luxure|Spark|p1a: Scyther\n|-supereffective|p1a: Scyther\n|-damage|p1a: Scyther|3\/100 par\n|move|p1a: Scyther|Lunge|p2a: Luxure\n|-damage|p2a: Luxure|0 fnt\n|faint|p2a: Luxure\n|\n|-weather|none\n|upkeep\n|\n|t:|1699806577\n|switch|p2a: Robindibou|Dartrix, L28, M|100\/100\n|turn|6\n|\n|t:|1699806585\n|move|p2a: Robindibou|Shadow Sneak|p1a: Scyther\n|-damage|p1a: Scyther|0 fnt\n|faint|p1a: Scyther\n|\n|upkeep\n|\n|t:|1699806594\n|switch|p1a: Rex|Lycanroc-Dusk, L35, M|100\/100\n|turn|7\n|\n|t:|1699806603\n|switch|p2a: King|Gabite, L30, F|100\/100\n|move|p1a: Rex|Rock Tomb|p2a: King\n|-resisted|p2a: King\n|-damage|p2a: King|67\/100\n|-unboost|p2a: King|spe|1\n|\n|upkeep\n|turn|8\n|\n|t:|1699806616\n|move|p2a: King|Bulldoze|p1a: Rex\n|-supereffective|p1a: Rex\n|-crit|p1a: Rex\n|-damage|p1a: Rex|6\/100\n|-unboost|p1a: Rex|spe|1\n|move|p1a: Rex|Counter|p2a: King\n|-damage|p2a: King|0 fnt\n|-damage|p1a: Rex|0 fnt|[from] ability: Rough Skin|[of] p2a: King\n|faint|p2a: King\n|faint|p1a: Rex\n|\n|upkeep\n|\n|t:|1699806630\n|switch|p1a: Wilder|Primeape, L35, M|100\/100\n|switch|p2a: Knight|Politoed, L26, M|18\/100\n|-weather|RainDance|[from] ability: Drizzle|[of] p2a: Knight\n|turn|9\n|\n|t:|1699806639\n|move|p1a: Wilder|Low Kick|p2a: Knight\n|-damage|p2a: Knight|0 fnt\n|faint|p2a: Knight\n|\n|-weather|RainDance|[upkeep]\n|upkeep\n|\n|t:|1699806647\n|switch|p2a: Robindibou|Dartrix, L28, M|100\/100\n|turn|10\n|\n|t:|1699806654\n|move|p1a: Wilder|Rage Fist|p2a: Robindibou\n|-damage|p2a: Robindibou|70\/100\n|move|p2a: Robindibou|Pluck|p1a: Wilder\n|-supereffective|p1a: Wilder\n|-damage|p1a: Wilder|41\/100\n|\n|-weather|RainDance|[upkeep]\n|upkeep\n|turn|11\n|\n|t:|1699806666\n|move|p1a: Wilder|Rage Fist|p2a: Robindibou\n|-damage|p2a: Robindibou|2\/100\n|move|p2a: Robindibou|Synthesis|p2a: Robindibou\n|-heal|p2a: Robindibou|27\/100\n|\n|-weather|RainDance|[upkeep]\n|upkeep\n|turn|12\n|\n|t:|1699806677\n|switch|p2a: Paresse|Slowpoke-Galar, L21, M|100\/100\n|move|p1a: Wilder|Rage Fist|p2a: Paresse\n|-supereffective|p2a: Paresse\n|-damage|p2a: Paresse|0 fnt\n|faint|p2a: Paresse\n|\n|-weather|RainDance|[upkeep]\n|upkeep\n|\n|t:|1699806687\n|switch|p2a: Yeti|Darmanitan-Galar, L30, M|100\/100\n|turn|13\n|\n|t:|1699806693\n|move|p1a: Wilder|Cross Chop|p2a: Yeti\n|-supereffective|p2a: Yeti\n|-damage|p2a: Yeti|0 fnt\n|faint|p2a: Yeti\n|\n|-weather|none\n|upkeep\n|c|\u2606Half_A_Ako|mdr\n|\n|t:|1699806702\n|switch|p2a: Robindibou|Dartrix, L28, M|27\/100\n|turn|14\n|c|\u2606Neosouls|hors rp t'es bon par contre\n|c|\u2606Half_A_Ako|sa team de raciste\n|\n|t:|1699806723\n|move|p2a: Robindibou|Shadow Sneak|p1a: Wilder\n|-damage|p1a: Wilder|28\/100\n|move|p1a: Wilder|Rage Fist|p2a: Robindibou\n|-damage|p2a: Robindibou|0 fnt\n|faint|p2a: Robindibou\n|\n|win|Neosouls\n|c|\u2606Half_A_Ako|full level 34\n|c|\u2606Neosouls|gg\n|c|\u2606Half_A_Ako|35\n","uploadtime":1699806739,"views":12,"p1id":"neosouls","p2id":"halfaako","formatid":"gen9nationaldexubers","rating":0,"private":0,"password":""}