{"id":"gen9nationaldexubers-1992891739","p1":"Ezael_Stormblood","p2":"TRIPLE RILABOOM","format":"[Gen 9] National Dex Ubers","log":"|j|\u2606Ezael_Stormblood\n|j|\u2606TRIPLE RILABOOM\n|t:|1700244414\n|gametype|singles\n|player|p1|Ezael_Stormblood|hiker-gen4|1144\n|player|p2|TRIPLE RILABOOM|170|1168\n|teamsize|p1|6\n|teamsize|p2|6\n|gen|9\n|tier|[Gen 9] National Dex Ubers\n|rated|\n|rule|HP Percentage Mod: HP is shown in percentages\n|rule|Endless Battle Clause: Forcing endless battles is banned\n|rule|OHKO Clause: OHKO moves are banned\n|rule|Evasion Moves Clause: Evasion moves are banned\n|rule|Evasion Items Clause: Evasion items are banned\n|rule|Species Clause: Limit one of each Pok\u00e9mon\n|rule|Sleep Clause Mod: Limit one foe put to sleep\n|rule|Mega Rayquaza Clause: You cannot mega evolve Rayquaza\n|clearpoke\n|poke|p1|Zamazenta-*|\n|poke|p1|Arceus|\n|poke|p1|Milotic, F|\n|poke|p1|Spiritomb, F|\n|poke|p1|Shaymin-Sky|\n|poke|p1|Xerneas-*|\n|poke|p2|Marshadow|\n|poke|p2|Darmanitan-Galar, M|\n|poke|p2|Gholdengo|\n|poke|p2|Galvantula, F|\n|poke|p2|Zarude|\n|poke|p2|Great Tusk|\n|teampreview\n|\n|t:|1700244428\n|start\n|switch|p1a: Xerneas|Xerneas|100\/100\n|switch|p2a: Galvantula|Galvantula, F|100\/100\n|-ability|p1a: Xerneas|Fairy Aura\n|turn|1\n|\n|t:|1700244451\n|move|p2a: Galvantula|Sticky Web|p1a: Xerneas\n|-sidestart|p1: Ezael_Stormblood|move: Sticky Web\n|move|p1a: Xerneas|Geomancy||[still]\n|-prepare|p1a: Xerneas|Geomancy\n|-enditem|p1a: Xerneas|Power Herb\n|-anim|p1a: Xerneas|Geomancy|p1a: Xerneas\n|-boost|p1a: Xerneas|spa|2\n|-boost|p1a: Xerneas|spd|2\n|-boost|p1a: Xerneas|spe|2\n|\n|upkeep\n|turn|2\n|inactive|Battle timer is ON: inactive players will automatically lose when time's up. (requested by TRIPLE RILABOOM)\n|\n|t:|1700244461\n|move|p1a: Xerneas|Moonblast|p2a: Galvantula\n|-enditem|p2a: Galvantula|Focus Sash\n|-damage|p2a: Galvantula|1\/100\n|move|p2a: Galvantula|Thunder|p1a: Xerneas\n|-damage|p1a: Xerneas|80\/100\n|\n|upkeep\n|turn|3\n|\n|t:|1700244469\n|-terastallize|p1a: Xerneas|Fairy\n|move|p1a: Xerneas|Moonblast|p2a: Galvantula\n|-damage|p2a: Galvantula|0 fnt\n|faint|p2a: Galvantula\n|\n|upkeep\n|\n|t:|1700244481\n|switch|p2a: Gholdengo|Gholdengo|100\/100\n|turn|4\n|\n|t:|1700244491\n|-terastallize|p2a: Gholdengo|Steel\n|move|p1a: Xerneas|Psychic|p2a: Gholdengo\n|-resisted|p2a: Gholdengo\n|-damage|p2a: Gholdengo|61\/100\n|move|p2a: Gholdengo|Make It Rain|p1a: Xerneas\n|-supereffective|p1a: Xerneas\n|-damage|p1a: Xerneas|0 fnt\n|-unboost|p2a: Gholdengo|spa|1\n|faint|p1a: Xerneas\n|\n|upkeep\n|\n|t:|1700244506\n|switch|p1a: Zamazenta|Zamazenta-Crowned|100\/100\n|-activate|p1a: Zamazenta|move: Sticky Web\n|-unboost|p1a: Zamazenta|spe|1\n|-ability|p1a: Zamazenta|Dauntless Shield|boost\n|-boost|p1a: Zamazenta|def|1\n|turn|5\n|\n|t:|1700244522\n|switch|p2a: Marshadow|Marshadow|100\/100\n|move|p1a: Zamazenta|Close Combat|p2a: Marshadow\n|-immune|p2a: Marshadow\n|\n|upkeep\n|turn|6\n|\n|t:|1700244529\n|move|p2a: Marshadow|Swagger|p1a: Zamazenta\n|-boost|p1a: Zamazenta|atk|2\n|-enditem|p2a: Marshadow|Mirror Herb\n|-boost|p2a: Marshadow|atk|2|[from] item: Mirror Herb\n|-start|p1a: Zamazenta|confusion\n|-activate|p1a: Zamazenta|confusion\n|move|p1a: Zamazenta|Play Rough|p2a: Marshadow\n|-supereffective|p2a: Marshadow\n|-damage|p2a: Marshadow|0 fnt\n|faint|p2a: Marshadow\n|\n|upkeep\n|\n|t:|1700244541\n|switch|p2a: Great Tusk|Great Tusk, shiny|100\/100\n|-enditem|p2a: Great Tusk|Booster Energy\n|-activate|p2a: Great Tusk|ability: Protosynthesis|[fromitem]\n|-start|p2a: Great Tusk|protosynthesisatk\n|turn|7\n|\n|t:|1700244549\n|move|p2a: Great Tusk|Rapid Spin|p1a: Zamazenta\n|-resisted|p1a: Zamazenta\n|-damage|p1a: Zamazenta|95\/100\n|-boost|p2a: Great Tusk|spe|1\n|-end|p1a: Zamazenta|confusion\n|move|p1a: Zamazenta|Play Rough|p2a: Great Tusk\n|-supereffective|p2a: Great Tusk\n|-damage|p2a: Great Tusk|20\/100\n|\n|upkeep\n|turn|8\n|\n|t:|1700244558\n|move|p1a: Zamazenta|Quick Attack|p2a: Great Tusk\n|-damage|p2a: Great Tusk|2\/100\n|move|p2a: Great Tusk|Earthquake|p1a: Zamazenta\n|-supereffective|p1a: Zamazenta\n|-damage|p1a: Zamazenta|25\/100\n|\n|upkeep\n|turn|9\n|\n|t:|1700244567\n|move|p1a: Zamazenta|Quick Attack|p2a: Great Tusk\n|-damage|p2a: Great Tusk|0 fnt\n|faint|p2a: Great Tusk\n|-end|p2a: Great Tusk|Protosynthesis|[silent]\n|\n|upkeep\n|\n|t:|1700244572\n|switch|p2a: Zarude|Zarude|100\/100\n|turn|10\n|\n|t:|1700244596\n|move|p1a: Zamazenta|Close Combat|p2a: Zarude\n|-supereffective|p2a: Zarude\n|-crit|p2a: Zarude\n|-damage|p2a: Zarude|0 fnt\n|-unboost|p1a: Zamazenta|def|1\n|-unboost|p1a: Zamazenta|spd|1\n|faint|p2a: Zarude\n|\n|upkeep\n|\n|t:|1700244603\n|switch|p2a: Darmanitan|Darmanitan-Galar, M|100\/100\n|turn|11\n|\n|t:|1700244609\n|move|p2a: Darmanitan|Earthquake|p1a: Zamazenta\n|-supereffective|p1a: Zamazenta\n|-damage|p1a: Zamazenta|0 fnt\n|faint|p1a: Zamazenta\n|\n|upkeep\n|\n|t:|1700244613\n|switch|p1a: Shaymin|Shaymin-Sky|100\/100\n|turn|12\n|\n|t:|1700244620\n|move|p1a: Shaymin|Air Slash|p2a: Darmanitan\n|-damage|p2a: Darmanitan|41\/100\n|-enditem|p2a: Darmanitan|Sitrus Berry|[eat]\n|-heal|p2a: Darmanitan|66\/100|[from] item: Sitrus Berry\n|move|p2a: Darmanitan|Icicle Crash|p1a: Shaymin\n|-supereffective|p1a: Shaymin\n|-damage|p1a: Shaymin|0 fnt\n|faint|p1a: Shaymin\n|\n|upkeep\n|\n|t:|1700244627\n|switch|p1a: Spiritomb|Spiritomb, F|100\/100\n|-activate|p1a: Spiritomb|move: Sticky Web\n|-unboost|p1a: Spiritomb|spe|1\n|turn|13\n|\n|t:|1700244634\n|move|p2a: Darmanitan|Substitute|p2a: Darmanitan\n|-start|p2a: Darmanitan|Substitute\n|-damage|p2a: Darmanitan|41\/100\n|move|p1a: Spiritomb|Poltergeist||[still]\n|-fail|p1a: Spiritomb\n|\n|-formechange|p2a: Darmanitan|Darmanitan-Galar-Zen|\n|upkeep\n|turn|14\n|\n|t:|1700244643\n|move|p1a: Spiritomb|Sucker Punch|p2a: Darmanitan\n|-damage|p2a: Darmanitan|2\/100\n|move|p2a: Darmanitan|Icicle Crash|p1a: Spiritomb\n|-damage|p1a: Spiritomb|41\/100\n|\n|upkeep\n|turn|15\n|\n|t:|1700244663\n|move|p1a: Spiritomb|Sucker Punch||[still]\n|-fail|p1a: Spiritomb\n|move|p2a: Darmanitan|Substitute|p2a: Darmanitan\n|-fail|p2a: Darmanitan|move: Substitute\n|\n|upkeep\n|turn|16\n|\n|t:|1700244670\n|move|p2a: Darmanitan|Substitute|p2a: Darmanitan\n|-fail|p2a: Darmanitan|move: Substitute\n|move|p1a: Spiritomb|Taunt|p2a: Darmanitan\n|-start|p2a: Darmanitan|move: Taunt\n|\n|upkeep\n|turn|17\n|\n|t:|1700244690\n|move|p1a: Spiritomb|Sucker Punch|p2a: Darmanitan\n|-damage|p2a: Darmanitan|0 fnt\n|faint|p2a: Darmanitan\n|\n|upkeep\n|\n|t:|1700244694\n|switch|p2a: Gholdengo|Gholdengo, tera:Steel|61\/100\n|turn|18\n|\n|t:|1700244702\n|move|p2a: Gholdengo|Dazzling Gleam|p1a: Spiritomb\n|-supereffective|p1a: Spiritomb\n|-damage|p1a: Spiritomb|0 fnt\n|faint|p1a: Spiritomb\n|\n|upkeep\n|\n|t:|1700244710\n|switch|p1a: Milotic|Milotic, F|100\/100\n|-activate|p1a: Milotic|move: Sticky Web\n|-unboost|p1a: Milotic|spe|1\n|turn|19\n|\n|t:|1700244715\n|move|p2a: Gholdengo|Dazzling Gleam|p1a: Milotic\n|-damage|p1a: Milotic|66\/100\n|move|p1a: Milotic|Mirror Coat|p2a: Gholdengo\n|-damage|p2a: Gholdengo|0 fnt\n|faint|p2a: Gholdengo\n|\n|win|Ezael_Stormblood\n|raw|Ezael_Stormblood's rating: 1144 &rarr; <strong>1171<\/strong><br \/>(+27 for winning)\n|raw|TRIPLE RILABOOM's rating: 1168 &rarr; <strong>1141<\/strong><br \/>(-27 for losing)\n|c|\u2606Ezael_Stormblood|ggs\n|l|\u2606TRIPLE RILABOOM\n","uploadtime":1700244743,"views":8,"p1id":"ezaelstormblood","p2id":"triplerilaboom","formatid":"gen9nationaldexubers","rating":1141,"private":0,"password":""}