{"id":"gen9nationaldexubers-1987980616","p1":"ambatusmurf","p2":"WintryY","format":"[Gen 9] National Dex Ubers","log":"|j|\u2606ambatusmurf\n|j|\u2606WintryY\n|t:|1699655540\n|gametype|singles\n|player|p1|ambatusmurf|rocker-gen3|1115\n|player|p2|WintryY|gambler|1175\n|teamsize|p1|6\n|teamsize|p2|6\n|gen|9\n|tier|[Gen 9] National Dex Ubers\n|rated|\n|rule|HP Percentage Mod: HP is shown in percentages\n|rule|Endless Battle Clause: Forcing endless battles is banned\n|rule|OHKO Clause: OHKO moves are banned\n|rule|Evasion Moves Clause: Evasion moves are banned\n|rule|Evasion Items Clause: Evasion items are banned\n|rule|Species Clause: Limit one of each Pok\u00e9mon\n|rule|Sleep Clause Mod: Limit one foe put to sleep\n|rule|Mega Rayquaza Clause: You cannot mega evolve Rayquaza\n|clearpoke\n|poke|p1|Ledyba, F|\n|poke|p1|Diggersby, M|\n|poke|p1|Bisharp, M|\n|poke|p1|Giratina-Origin|\n|poke|p1|Druddigon, M|\n|poke|p1|Salamence, M|\n|poke|p2|Marshadow|\n|poke|p2|Slowking-Galar, M|\n|poke|p2|Urshifu-*, F|\n|poke|p2|Ho-Oh|\n|poke|p2|Metagross|\n|poke|p2|Toxapex, F|\n|teampreview\n|inactive|Battle timer is ON: inactive players will automatically lose when time's up. (requested by ambatusmurf)\n|j| Aljninja\n|c|\u2606WintryY|glhf\n|c|\u2606WintryY|why a ledyba\n|c|\u2606ambatusmurf|he's your worst fucking nightmare\n|c|\u2606ambatusmurf|lay off\n|inactive|ambatusmurf has 120 seconds left.\n|inactive|WintryY has 120 seconds left.\n|c|\u2606WintryY|calm down lil bro\n|c|\u2606ambatusmurf|glhf! :-) - flatz\n|c|\u2606ambatusmurf|glhf -katie\n|\n|t:|1699655580\n|start\n|switch|p1a: Giratina|Giratina-Origin|100\/100\n|switch|p2a: Ho-Oh|Ho-Oh|100\/100\n|turn|1\n|c|\u2606WintryY|huh\n|c|\u2606ambatusmurf|I love cock -pika\n|c|\u2606WintryY|real\n|c|\u2606ambatusmurf|pika when did you get here\n|c| Aljninja|darn\n|c|\u2606ambatusmurf|my nuts itch\n|c|\u2606ambatusmurf|TRUE!\n|c|\u2606WintryY|dawg is NOT talking to himself\n|c|\u2606ambatusmurf|thats right\n|c| Aljninja|darn\n|inactive|WintryY has 120 seconds left.\n|c|\u2606ambatusmurf|were talking to eachother\n|\n|t:|1699655613\n|switch|p2a: Urshifu|Urshifu-Rapid-Strike, F|100\/100\n|switch|p1a: super hornio bros|Bisharp, M, shiny|100\/100\n|-ability|p1a: super hornio bros|Pressure\n|\n|upkeep\n|turn|2\n|c|\u2606ambatusmurf|theres three of us\n|c|\u2606ambatusmurf|we're a trifecta\n|c|\u2606ambatusmurf|were like a hivemind\n|c| Aljninja|darn\n|\n|t:|1699655623\n|-terastallize|p1a: super hornio bros|Water\n|move|p2a: Urshifu|Swords Dance|p2a: Urshifu\n|-boost|p2a: Urshifu|atk|2\n|move|p1a: super hornio bros|Mean Look|p2a: Urshifu\n|-activate|p2a: Urshifu|trapped\n|\n|upkeep\n|turn|3\n|\n|t:|1699655630\n|move|p2a: Urshifu|Dynamic Punch|p1a: super hornio bros\n|-damage|p1a: super hornio bros|26\/100\n|-start|p1a: super hornio bros|confusion\n|-activate|p1a: super hornio bros|confusion\n|move|p1a: super hornio bros|Iron Defense|p1a: super hornio bros\n|-boost|p1a: super hornio bros|def|2\n|\n|upkeep\n|turn|4\n|c| Aljninja|say darn with me\n|c| Aljninja|darn\n|c|\u2606ambatusmurf|what the fuck\n|\n|t:|1699655638\n|move|p2a: Urshifu|Dynamic Punch|p1a: super hornio bros|[miss]\n|-miss|p2a: Urshifu|p1a: super hornio bros\n|-activate|p1a: super hornio bros|confusion\n|move|p1a: super hornio bros|Rest|p1a: super hornio bros\n|-status|p1a: super hornio bros|slp|[from] move: Rest\n|-heal|p1a: super hornio bros|100\/100 slp|[silent]\n|\n|upkeep\n|turn|5\n|c|\u2606WintryY|bro\n|c| Aljninja|what the darn\n|c|\u2606WintryY|i gave my urshifu the wrong item\n|c|\u2606ambatusmurf|im darning\n|\n|t:|1699655662\n|move|p2a: Urshifu|Substitute|p2a: Urshifu\n|-start|p2a: Urshifu|Substitute\n|-damage|p2a: Urshifu|76\/100\n|cant|p1a: super hornio bros|slp\n|\n|upkeep\n|turn|6\n|c| Aljninja|darn\n|\n|t:|1699655667\n|move|p2a: Urshifu|Swords Dance|p2a: Urshifu\n|-boost|p2a: Urshifu|atk|2\n|cant|p1a: super hornio bros|slp\n|\n|upkeep\n|turn|7\n|c| Aljninja|darn darnce\n|\n|t:|1699655675\n|move|p2a: Urshifu|Dynamic Punch|p1a: super hornio bros\n|-damage|p1a: super hornio bros|38\/100 slp\n|-curestatus|p1a: super hornio bros|slp|[msg]\n|-activate|p1a: super hornio bros|confusion\n|move|p1a: super hornio bros|Iron Defense|p1a: super hornio bros\n|-boost|p1a: super hornio bros|def|2\n|\n|upkeep\n|turn|8\n|c| Aljninja|dynamic darn\n|\n|t:|1699655683\n|move|p2a: Urshifu|Surging Strikes|p1a: super hornio bros\n|-resisted|p1a: super hornio bros\n|-crit|p1a: super hornio bros\n|-damage|p1a: super hornio bros|14\/100\n|-resisted|p1a: super hornio bros\n|-crit|p1a: super hornio bros\n|-damage|p1a: super hornio bros|0 fnt\n|faint|p1a: super hornio bros\n|-hitcount|p1: super hornio bros|2\n|\n|upkeep\n|c|\u2606ambatusmurf|im feeling surging\n|c| Aljninja|surging darns\n|\n|t:|1699655692\n|switch|p1a: halloweenie|Druddigon, M, shiny|100\/100\n|turn|9\n|c|\u2606WintryY|bru\n|\n|t:|1699655698\n|switch|p1a: Giratina|Giratina-Origin|100\/100\n|move|p2a: Urshifu|Surging Strikes|p1a: Giratina\n|-resisted|p1a: Giratina\n|-crit|p1a: Giratina\n|-damage|p1a: Giratina|73\/100\n|-resisted|p1a: Giratina\n|-crit|p1a: Giratina\n|-damage|p1a: Giratina|45\/100\n|-resisted|p1a: Giratina\n|-crit|p1a: Giratina\n|-damage|p1a: Giratina|20\/100\n|-hitcount|p1a: Giratina|3\n|\n|upkeep\n|turn|10\n|c| Aljninja|druddidarn\n|c| Aljninja|giradarn\n|c| Aljninja|critidarn hit\n|c|\u2606ambatusmurf|we get it\n|c| Aljninja|if we get it so badly wheres the meme from\n|inactive|WintryY has 120 seconds left.\n|c|\u2606WintryY|giritina is NOT going to save bro \ud83d\ude2d\ud83d\ude4f\n|c|\u2606ambatusmurf|i know\n|\n|t:|1699655743\n|switch|p1a: halloweenie|Druddigon, M, shiny|100\/100\n|move|p2a: Urshifu|Surging Strikes|p1a: halloweenie\n|-resisted|p1a: halloweenie\n|-crit|p1a: halloweenie\n|-damage|p1a: halloweenie|72\/100\n|-damage|p2a: Urshifu|63\/100|[from] ability: Rough Skin|[of] p1a: halloweenie\n|-damage|p2a: Urshifu|47\/100|[from] item: Rocky Helmet|[of] p1a: halloweenie\n|-resisted|p1a: halloweenie\n|-crit|p1a: halloweenie\n|-damage|p1a: halloweenie|44\/100\n|-damage|p2a: Urshifu|35\/100|[from] ability: Rough Skin|[of] p1a: halloweenie\n|-damage|p2a: Urshifu|18\/100|[from] item: Rocky Helmet|[of] p1a: halloweenie\n|-resisted|p1a: halloweenie\n|-crit|p1a: halloweenie\n|-damage|p1a: halloweenie|14\/100\n|-damage|p2a: Urshifu|6\/100|[from] ability: Rough Skin|[of] p1a: halloweenie\n|-damage|p2a: Urshifu|0 fnt|[from] item: Rocky Helmet|[of] p1a: halloweenie\n|faint|p2a: Urshifu\n|-hitcount|p1a: halloweenie|3\n|\n|upkeep\n|c|\u2606ambatusmurf|but halloweenie is\n|c|\u2606ambatusmurf|lol?\n|c|\u2606WintryY|fair\n|\n|t:|1699655758\n|switch|p2a: Metagross|Metagross|100\/100\n|turn|11\n|\n|t:|1699655764\n|detailschange|p2a: Metagross|Metagross-Mega\n|-mega|p2a: Metagross|Metagross|Metagrossite\n|move|p2a: Metagross|Hone Claws|p2a: Metagross\n|-boost|p2a: Metagross|atk|1\n|-boost|p2a: Metagross|accuracy|1\n|move|p1a: halloweenie|Glare|p2a: Metagross\n|-status|p2a: Metagross|par\n|\n|upkeep\n|turn|12\n|\n|t:|1699655774\n|move|p2a: Metagross|Bullet Punch|p1a: halloweenie\n|-damage|p1a: halloweenie|0 fnt\n|-damage|p2a: Metagross|88\/100 par|[from] ability: Rough Skin|[of] p1a: halloweenie\n|-damage|p2a: Metagross|72\/100 par|[from] item: Rocky Helmet|[of] p1a: halloweenie\n|faint|p1a: halloweenie\n|\n|upkeep\n|j| StupidusRex\n|\n|t:|1699655778\n|switch|p1a: Diggersby|Diggersby, M, shiny|100\/100\n|turn|13\n|\n|t:|1699655785\n|switch|p2a: Ho-Oh|Ho-Oh|100\/100\n|move|p1a: Diggersby|Earthquake|p2a: Ho-Oh\n|-immune|p2a: Ho-Oh\n|\n|upkeep\n|turn|14\n|c| StupidusRex|the chungus\n|\n|t:|1699655789\n|switch|p1a: Giratina|Giratina-Origin|20\/100\n|move|p2a: Ho-Oh|Tailwind|p2a: Ho-Oh\n|-sidestart|p2: WintryY|move: Tailwind\n|\n|upkeep\n|turn|15\n|c|\u2606ambatusmurf|hi matt\n|c|\u2606WintryY|that meme dies 8 years ago\n|c|\u2606WintryY|died*\n|c|\u2606ambatusmurf|dies\n|\n|t:|1699655804\n|move|p2a: Ho-Oh|Dual Wingbeat|p1a: Giratina\n|-damage|p1a: Giratina|5\/100\n|-damage|p1a: Giratina|0 fnt\n|faint|p1a: Giratina\n|-hitcount|p1: Giratina|2\n|\n|upkeep\n|c| StupidusRex|hey flatz\n|c|\u2606ambatusmurf|dies\n|\n|t:|1699655811\n|switch|p1a: bimmy|Ledyba, F|100\/100\n|turn|16\n|\n|t:|1699655814\n|move|p2a: Ho-Oh|Sacred Fire|p1a: bimmy\n|-supereffective|p1a: bimmy\n|-enditem|p1a: bimmy|Focus Sash\n|-damage|p1a: bimmy|1\/100\n|move|p1a: bimmy|Counter|p2a: Ho-Oh\n|-damage|p2a: Ho-Oh|0 fnt\n|faint|p2a: Ho-Oh\n|\n|upkeep\n|c| StupidusRex|bimmy\n|c|\u2606ambatusmurf|BIMMY\n|c|\u2606ambatusmurf|BIMMYYYY\n|c| StupidusRex|get bimmy'd\n|c|\u2606ambatusmurf|BIMMMY\n|c|\u2606WintryY|what the fuck\n|c|\u2606ambatusmurf|BIMMY!!!!!!!!!\n|c| Aljninja|real\n|c| StupidusRex|BIMMY!!!!!!!!!!!!\n|\n|t:|1699655829\n|switch|p2a: Toxapex|Toxapex, F|100\/100\n|turn|17\n|\n|t:|1699655836\n|move|p2a: Toxapex|Sludge Wave|p1a: bimmy\n|-damage|p1a: bimmy|0 fnt\n|faint|p1a: bimmy\n|\n|-sideend|p2: WintryY|move: Tailwind\n|upkeep\n|c|\u2606ambatusmurf|also I'm back -pika\n|\n|t:|1699655839\n|switch|p1a: Diggersby|Diggersby, M, shiny|100\/100\n|turn|18\n|\n|t:|1699655844\n|move|p1a: Diggersby|Spikes|p2a: Toxapex\n|-sidestart|p2: WintryY|Spikes\n|move|p2a: Toxapex|Scald|p1a: Diggersby\n|-supereffective|p1a: Diggersby\n|-damage|p1a: Diggersby|50\/100\n|\n|upkeep\n|turn|19\n|\n|t:|1699655850\n|move|p1a: Diggersby|Spikes|p2a: Toxapex\n|-sidestart|p2: WintryY|Spikes\n|move|p2a: Toxapex|Scald|p1a: Diggersby\n|-supereffective|p1a: Diggersby\n|-damage|p1a: Diggersby|0 fnt\n|faint|p1a: Diggersby\n|\n|upkeep\n|\n|t:|1699655853\n|switch|p1a: Salamence|Salamence, M, shiny|100\/100\n|-ability|p1a: Salamence|Intimidate|boost\n|-unboost|p2a: Toxapex|atk|1\n|turn|20\n|\n|t:|1699655860\n|detailschange|p1a: Salamence|Salamence-Mega, M, shiny\n|-mega|p1a: Salamence|Salamence|Salamencite\n|move|p1a: Salamence|Dragon Dance|p1a: Salamence\n|-boost|p1a: Salamence|atk|1\n|-boost|p1a: Salamence|spe|1\n|move|p2a: Toxapex|Scald|p1a: Salamence\n|-resisted|p1a: Salamence\n|-crit|p1a: Salamence\n|-damage|p1a: Salamence|86\/100\n|\n|upkeep\n|turn|21\n|\n|t:|1699655868\n|move|p1a: Salamence|Dragon Dance|p1a: Salamence\n|-boost|p1a: Salamence|atk|1\n|-boost|p1a: Salamence|spe|1\n|move|p2a: Toxapex|Scald|p1a: Salamence\n|-resisted|p1a: Salamence\n|-damage|p1a: Salamence|76\/100\n|-status|p1a: Salamence|brn\n|\n|-damage|p1a: Salamence|70\/100 brn|[from] brn\n|upkeep\n|turn|22\n|c|\u2606WintryY|it might be over for bro \ud83d\ude2d\ud83d\ude4f\n|\n|t:|1699655884\n|move|p1a: Salamence|Facade|p2a: Toxapex\n|-damage|p2a: Toxapex|0 fnt\n|faint|p2a: Toxapex\n|\n|-damage|p1a: Salamence|64\/100 brn|[from] brn\n|upkeep\n|c|\u2606ambatusmurf|nah\n|c| StupidusRex|DEATH\n|c|\u2606ambatusmurf|nah\n|c|\u2606ambatusmurf|just getting started\n|c|\u2606ambatusmurf|sit down\n|\n|t:|1699655892\n|switch|p2a: Metagross|Metagross-Mega|72\/100 par\n|-damage|p2a: Metagross|55\/100 par|[from] Spikes\n|turn|23\n|\n|t:|1699655898\n|move|p2a: Metagross|Bullet Punch|p1a: Salamence\n|-damage|p1a: Salamence|41\/100 brn\n|move|p1a: Salamence|Roost|p1a: Salamence\n|-heal|p1a: Salamence|91\/100 brn\n|-singleturn|p1a: Salamence|move: Roost\n|\n|-damage|p1a: Salamence|85\/100 brn|[from] brn\n|upkeep\n|turn|24\n|\n|t:|1699655904\n|move|p1a: Salamence|Facade|p2a: Metagross\n|-resisted|p2a: Metagross\n|-damage|p2a: Metagross|0 fnt\n|faint|p2a: Metagross\n|\n|-damage|p1a: Salamence|79\/100 brn|[from] brn\n|upkeep\n|c|\u2606ambatusmurf|sit down lil bro\n|\n|t:|1699655907\n|switch|p2a: Slowking|Slowking-Galar, M|100\/100\n|-damage|p2a: Slowking|84\/100|[from] Spikes\n|turn|25\n|c| StupidusRex|facade mence truly the goat\n|\n|t:|1699655920\n|move|p1a: Salamence|Facade|p2a: Slowking\n|-damage|p2a: Slowking|0 fnt\n|faint|p2a: Slowking\n|\n|-damage|p1a: Salamence|73\/100 brn|[from] brn\n|upkeep\n|c|\u2606ambatusmurf|ggs lil bro\n|\n|t:|1699655923\n|switch|p2a: Market Fire|Marshadow|100\/100\n|-damage|p2a: Market Fire|84\/100|[from] Spikes\n|turn|26\n|c|\u2606ambatusmurf|This Game Is Easy\n|c|\u2606ambatusmurf|wheres your shifu now\n|c| StupidusRex|a magnificent creation\n|c|\u2606ambatusmurf|ggs\n|c|\u2606ambatusmurf|its over for bro\n|c|\u2606WintryY|we're rematching after this lil bro\n|\n|t:|1699655942\n|move|p2a: Market Fire|Sucker Punch|p1a: Salamence\n|-damage|p1a: Salamence|53\/100 brn\n|move|p1a: Salamence|Facade|p2a: Market Fire\n|-supereffective|p2a: Market Fire\n|-damage|p2a: Market Fire|0 fnt\n|faint|p2a: Market Fire\n|\n|win|ambatusmurf\n|raw|ambatusmurf's rating: 1115 &rarr; <strong>1144<\/strong><br \/>(+29 for winning)\n|raw|WintryY's rating: 1175 &rarr; <strong>1146<\/strong><br \/>(-29 for losing)\n|c|\u2606ambatusmurf|you bet lil bro\n|l|\u2606WintryY\n","uploadtime":1699655948,"views":5,"p1id":"ambatusmurf","p2id":"wintryy","formatid":"gen9nationaldexubers","rating":1144,"private":0,"password":""}