{"id":"gen9nationaldexubers-1984148166","p1":"georgefable1","p2":"Boyca","format":"[Gen 9] National Dex Ubers","log":"|j|\u2606georgefable1\n|j|\u2606Boyca\n|t:|1699223711\n|gametype|singles\n|player|p1|georgefable1|169|\n|player|p2|Boyca|li|\n|teamsize|p1|4\n|teamsize|p2|4\n|gen|9\n|tier|[Gen 9] National Dex Ubers\n|rule|HP Percentage Mod: HP is shown in percentages\n|rule|Endless Battle Clause: Forcing endless battles is banned\n|rule|OHKO Clause: OHKO moves are banned\n|rule|Evasion Moves Clause: Evasion moves are banned\n|rule|Evasion Items Clause: Evasion items are banned\n|rule|Species Clause: Limit one of each Pok\u00e9mon\n|rule|Sleep Clause Mod: Limit one foe put to sleep\n|rule|Mega Rayquaza Clause: You cannot mega evolve Rayquaza\n|clearpoke\n|poke|p1|Sceptile, M|\n|poke|p1|Mienshao, F|\n|poke|p1|Gardevoir, F|\n|poke|p1|Infernape, M|\n|poke|p2|Victini|\n|poke|p2|Trevenant, F|\n|poke|p2|Wo-Chien|\n|poke|p2|Bellossom, M|\n|teampreview\n|c|\u2606Boyca|gl!\n|c|\u2606georgefable1|good luck!!!!!!\n|c|\u2606Boyca|This one's for all the marbles\n|c|\u2606georgefable1|ye fr\n|\n|t:|1699223744\n|start\n|switch|p1a: RevolvingDoor|Mienshao, F|100\/100\n|switch|p2a: liveWo-Chienreact|Wo-Chien|100\/100\n|-ability|p2a: liveWo-Chienreact|Tablets of Ruin\n|turn|1\n|\n|t:|1699223752\n|move|p2a: liveWo-Chienreact|Protect|p2a: liveWo-Chienreact\n|-singleturn|p2a: liveWo-Chienreact|Protect\n|move|p1a: RevolvingDoor|U-turn|p2a: liveWo-Chienreact\n|-activate|p2a: liveWo-Chienreact|move: Protect\n|\n|upkeep\n|turn|2\n|\n|t:|1699223765\n|move|p1a: RevolvingDoor|U-turn|p2a: liveWo-Chienreact\n|-supereffective|p2a: liveWo-Chienreact\n|-damage|p2a: liveWo-Chienreact|29\/100\n|\n|t:|1699223780\n|switch|p1a: Better Blaziken|Infernape, M|100\/100|[from] U-turn\n|move|p2a: liveWo-Chienreact|Substitute|p2a: liveWo-Chienreact\n|-start|p2a: liveWo-Chienreact|Substitute\n|-damage|p2a: liveWo-Chienreact|4\/100\n|\n|-heal|p2a: liveWo-Chienreact|10\/100|[from] item: Leftovers\n|upkeep\n|turn|3\n|\n|t:|1699223793\n|move|p2a: liveWo-Chienreact|Protect|p2a: liveWo-Chienreact\n|-singleturn|p2a: liveWo-Chienreact|Protect\n|move|p1a: Better Blaziken|Fire Blast|p2a: liveWo-Chienreact\n|-activate|p2a: liveWo-Chienreact|move: Protect\n|\n|-heal|p2a: liveWo-Chienreact|16\/100|[from] item: Leftovers\n|upkeep\n|turn|4\n|c|\u2606georgefable1|fuck getting that sub was clutch\n|\n|t:|1699223801\n|move|p1a: Better Blaziken|Fire Blast|p2a: liveWo-Chienreact\n|-supereffective|p2a: liveWo-Chienreact\n|-end|p2a: liveWo-Chienreact|Substitute\n|-damage|p1a: Better Blaziken|91\/100|[from] item: Life Orb\n|move|p2a: liveWo-Chienreact|Leech Seed|p1a: Better Blaziken\n|-start|p1a: Better Blaziken|move: Leech Seed\n|\n|-heal|p2a: liveWo-Chienreact|22\/100|[from] item: Leftovers\n|-damage|p1a: Better Blaziken|78\/100|[from] Leech Seed|[of] p2a: liveWo-Chienreact\n|-heal|p2a: liveWo-Chienreact|32\/100|[silent]\n|upkeep\n|turn|5\n|\n|t:|1699223821\n|move|p2a: liveWo-Chienreact|Protect|p2a: liveWo-Chienreact\n|-singleturn|p2a: liveWo-Chienreact|Protect\n|move|p1a: Better Blaziken|Fire Blast|p2a: liveWo-Chienreact\n|-activate|p2a: liveWo-Chienreact|move: Protect\n|\n|-heal|p2a: liveWo-Chienreact|38\/100|[from] item: Leftovers\n|-damage|p1a: Better Blaziken|66\/100|[from] Leech Seed|[of] p2a: liveWo-Chienreact\n|-heal|p2a: liveWo-Chienreact|48\/100|[silent]\n|upkeep\n|turn|6\n|\n|t:|1699223834\n|switch|p2a: Victorious(2010)|Victini|100\/100\n|move|p1a: Better Blaziken|Fire Blast|p2a: Victorious(2010)\n|-resisted|p2a: Victorious(2010)\n|-damage|p2a: Victorious(2010)|83\/100\n|-damage|p1a: Better Blaziken|56\/100|[from] item: Life Orb\n|\n|-damage|p1a: Better Blaziken|44\/100|[from] Leech Seed|[of] p2a: Victorious(2010)\n|-heal|p2a: Victorious(2010)|94\/100|[silent]\n|upkeep\n|turn|7\n|\n|t:|1699223847\n|move|p1a: Better Blaziken|Thunder Punch|p2a: Victorious(2010)\n|-damage|p2a: Victorious(2010)|65\/100\n|-damage|p1a: Better Blaziken|34\/100|[from] item: Life Orb\n|move|p2a: Victorious(2010)|Zen Headbutt|p1a: Better Blaziken\n|-supereffective|p1a: Better Blaziken\n|-damage|p1a: Better Blaziken|0 fnt\n|faint|p1a: Better Blaziken\n|\n|upkeep\n|\n|t:|1699223854\n|switch|p1a: RevolvingDoor|Mienshao, F|100\/100\n|turn|8\n|\n|t:|1699223866\n|switch|p2a: liveWo-Chienreact|Wo-Chien|48\/100\n|-ability|p2a: liveWo-Chienreact|Tablets of Ruin\n|move|p1a: RevolvingDoor|Knock Off|p2a: liveWo-Chienreact\n|-resisted|p2a: liveWo-Chienreact\n|-damage|p2a: liveWo-Chienreact|36\/100\n|-enditem|p2a: liveWo-Chienreact|Leftovers|[from] move: Knock Off|[of] p1a: RevolvingDoor\n|\n|upkeep\n|turn|9\n|\n|t:|1699223883\n|move|p1a: RevolvingDoor|U-turn|p2a: liveWo-Chienreact\n|-supereffective|p2a: liveWo-Chienreact\n|-crit|p2a: liveWo-Chienreact\n|-damage|p2a: liveWo-Chienreact|0 fnt\n|faint|p2a: liveWo-Chienreact\n|\n|t:|1699223891\n|switch|p1a: gal-'ade|Gardevoir, F|100\/100|[from] U-turn\n|\n|upkeep\n|\n|t:|1699223908\n|switch|p2a: SHUT UP AND DANCE|Bellossom, M|100\/100\n|-ability|p1a: gal-'ade|Chlorophyll|[from] ability: Trace|[of] p2a: SHUT UP AND DANCE\n|turn|10\n|\n|t:|1699223918\n|detailschange|p1a: gal-'ade|Gardevoir-Mega, F\n|-mega|p1a: gal-'ade|Gardevoir|Gardevoirite\n|move|p1a: gal-'ade|Knock Off|p2a: SHUT UP AND DANCE\n|-damage|p2a: SHUT UP AND DANCE|67\/100\n|-enditem|p2a: SHUT UP AND DANCE|Focus Sash|[from] move: Knock Off|[of] p1a: gal-'ade\n|move|p2a: SHUT UP AND DANCE|Petal Dance|p1a: gal-'ade\n|-damage|p1a: gal-'ade|53\/100\n|\n|upkeep\n|turn|11\n|\n|t:|1699223930\n|move|p1a: gal-'ade|Double-Edge|p2a: SHUT UP AND DANCE\n|-damage|p2a: SHUT UP AND DANCE|2\/100\n|-damage|p1a: gal-'ade|30\/100|[from] Recoil\n|move|p2a: SHUT UP AND DANCE|Petal Dance|p1a: gal-'ade|[from]lockedmove\n|-damage|p1a: gal-'ade|0 fnt\n|faint|p1a: gal-'ade\n|-start|p2a: SHUT UP AND DANCE|confusion|[fatigue]\n|\n|upkeep\n|\n|t:|1699223940\n|switch|p1a: RevolvingDoor|Mienshao, F|100\/100\n|turn|12\n|\n|t:|1699223947\n|move|p1a: RevolvingDoor|Knock Off|p2a: SHUT UP AND DANCE\n|-damage|p2a: SHUT UP AND DANCE|0 fnt\n|faint|p2a: SHUT UP AND DANCE\n|\n|upkeep\n|\n|t:|1699223956\n|switch|p2a: Halloween Special|Trevenant, F|100\/100\n|turn|13\n|\n|t:|1699223969\n|move|p1a: RevolvingDoor|Knock Off|p2a: Halloween Special\n|-supereffective|p2a: Halloween Special\n|-damage|p2a: Halloween Special|45\/100\n|-zpower|p2a: Halloween Special\n|move|p2a: Halloween Special|Z-Forest's Curse|p1a: RevolvingDoor|[anim]Forest's Curse\n|-boost|p2a: Halloween Special|atk|1|[zeffect]\n|-boost|p2a: Halloween Special|def|1|[zeffect]\n|-boost|p2a: Halloween Special|spa|1|[zeffect]\n|-boost|p2a: Halloween Special|spd|1|[zeffect]\n|-boost|p2a: Halloween Special|spe|1|[zeffect]\n|-start|p1a: RevolvingDoor|typeadd|Grass|[from] move: Forest's Curse\n|\n|upkeep\n|turn|14\n|\n|t:|1699223986\n|move|p2a: Halloween Special|Poltergeist|p1a: RevolvingDoor\n|-activate|p1a: RevolvingDoor|move: Poltergeist|Eject Pack\n|-damage|p1a: RevolvingDoor|0 fnt\n|faint|p1a: RevolvingDoor\n|\n|upkeep\n|c|\u2606georgefable1|FUCKL\n|c|\u2606georgefable1|NOOOO\n|\n|t:|1699223995\n|switch|p1a: green with envy|Sceptile, M|100\/100\n|turn|15\n|c|\u2606georgefable1|yea this is wraps\n|\n|t:|1699224010\n|move|p1a: green with envy|Giga Drain|p2a: Halloween Special\n|-resisted|p2a: Halloween Special\n|-damage|p2a: Halloween Special|23\/100\n|move|p2a: Halloween Special|Poltergeist|p1a: green with envy\n|-activate|p1a: green with envy|move: Poltergeist|Choice Specs\n|-damage|p1a: green with envy|0 fnt\n|faint|p1a: green with envy\n|\n|win|Boyca\n|c|\u2606georgefable1|ggs\n|c|\u2606georgefable1|man\n|c|\u2606georgefable1|ffs\n|c|\u2606Boyca|gg!!\n|c|\u2606Boyca|wp\n|c|\u2606georgefable1|that z came outta nowehre\n","uploadtime":1699224025,"views":7,"p1id":"georgefable1","p2id":"boyca","formatid":"gen9nationaldexubers","rating":0,"private":0,"password":""}