{"id":"gen9nationaldexubers-1978513151","p1":"Philip Lombard","p2":"Nuggitooo","format":"[Gen 9] National Dex Ubers","log":"|j|\u2606Philip Lombard\n|j|\u2606Nuggitooo\n|t:|1698548854\n|gametype|singles\n|player|p1|Philip Lombard|266|1295\n|player|p2|Nuggitooo|blue|1340\n|teamsize|p1|6\n|teamsize|p2|6\n|gen|9\n|tier|[Gen 9] National Dex Ubers\n|rated|\n|rule|HP Percentage Mod: HP is shown in percentages\n|rule|Endless Battle Clause: Forcing endless battles is banned\n|rule|OHKO Clause: OHKO moves are banned\n|rule|Evasion Moves Clause: Evasion moves are banned\n|rule|Evasion Items Clause: Evasion items are banned\n|rule|Species Clause: Limit one of each Pok\u00e9mon\n|rule|Sleep Clause Mod: Limit one foe put to sleep\n|rule|Mega Rayquaza Clause: You cannot mega evolve Rayquaza\n|clearpoke\n|poke|p1|Weezing-Galar, M|\n|poke|p1|Palafin, M|\n|poke|p1|Morpeko, M|\n|poke|p1|Wooper-Paldea, F|\n|poke|p1|Mamoswine, F|\n|poke|p1|Garbodor, M|\n|poke|p2|Glimmora, M|\n|poke|p2|Xerneas-*|\n|poke|p2|Yveltal|\n|poke|p2|Zygarde|\n|poke|p2|Kyogre|\n|poke|p2|Zacian-*|\n|teampreview\n|inactive|Battle timer is ON: inactive players will automatically lose when time's up. (requested by Nuggitooo)\n|\n|t:|1698548860\n|start\n|switch|p1a: Thumb|Wooper-Paldea, F|100\/100\n|switch|p2a: Glimmora|Glimmora, M|100\/100\n|turn|1\n|\n|t:|1698548887\n|switch|p2a: Xerneas|Xerneas, shiny|100\/100\n|-ability|p2a: Xerneas|Fairy Aura\n|move|p1a: Thumb|Stealth Rock|p2a: Xerneas\n|-sidestart|p2: Nuggitooo|move: Stealth Rock\n|\n|upkeep\n|turn|2\n|\n|t:|1698548895\n|move|p2a: Xerneas|Geomancy||[still]\n|-prepare|p2a: Xerneas|Geomancy\n|-enditem|p2a: Xerneas|Power Herb\n|-anim|p2a: Xerneas|Geomancy|p2a: Xerneas\n|-boost|p2a: Xerneas|spa|2\n|-boost|p2a: Xerneas|spd|2\n|-boost|p2a: Xerneas|spe|2\n|move|p1a: Thumb|Yawn|p2a: Xerneas\n|-start|p2a: Xerneas|move: Yawn|[of] p1a: Thumb\n|\n|upkeep\n|turn|3\n|\n|t:|1698548906\n|move|p2a: Xerneas|Moonblast|p1a: Thumb\n|-resisted|p1a: Thumb\n|-damage|p1a: Thumb|36\/100\n|move|p1a: Thumb|Recover|p1a: Thumb\n|-heal|p1a: Thumb|86\/100\n|\n|-end|p2a: Xerneas|move: Yawn|[silent]\n|-status|p2a: Xerneas|slp\n|upkeep\n|turn|4\n|\n|t:|1698548920\n|switch|p1a: Gassy|Weezing-Galar, M|100\/100\n|-ability|p1a: Gassy|Neutralizing Gas\n|cant|p2a: Xerneas|slp\n|\n|upkeep\n|turn|5\n|inactive|Nuggitooo has 120 seconds left.\n|\n|t:|1698548951\n|switch|p2a: Zacian|Zacian-Crowned|100\/100\n|-damage|p2a: Zacian|94\/100|[from] Stealth Rock\n|move|p1a: Gassy|Clear Smog|p2a: Zacian\n|-immune|p2a: Zacian\n|\n|upkeep\n|turn|6\n|inactive|Nuggitooo has 120 seconds left.\n|\n|t:|1698548970\n|-end|p1a: Gassy|ability: Neutralizing Gas\n|-ability|p2a: Zacian|Intrepid Sword|boost\n|-boost|p2a: Zacian|atk|1\n|switch|p1a: Mr Dweller|Garbodor, M|100\/100\n|move|p2a: Zacian|Behemoth Blade|p1a: Mr Dweller\n|-damage|p1a: Mr Dweller|2\/100\n|\n|-heal|p1a: Mr Dweller|8\/100|[from] item: Black Sludge\n|upkeep\n|turn|7\n|\n|t:|1698548982\n|move|p2a: Zacian|Behemoth Blade|p1a: Mr Dweller\n|-damage|p1a: Mr Dweller|0 fnt\n|faint|p1a: Mr Dweller\n|\n|upkeep\n|\n|t:|1698548990\n|switch|p1a: Bob Parr|Palafin, M|100\/100\n|turn|8\n|\n|t:|1698548995\n|detailschange|p1a: Bob Parr|Palafin-Hero, M\n|switch|p1a: Thumb|Wooper-Paldea, F|86\/100\n|move|p2a: Zacian|Wild Charge|p1a: Thumb\n|-immune|p1a: Thumb\n|\n|upkeep\n|turn|9\n|\n|t:|1698549006\n|move|p2a: Zacian|Behemoth Blade|p1a: Thumb\n|-damage|p1a: Thumb|35\/100\n|move|p1a: Thumb|Recover|p1a: Thumb\n|-heal|p1a: Thumb|85\/100\n|\n|upkeep\n|turn|10\n|\n|t:|1698549015\n|move|p2a: Zacian|Behemoth Blade|p1a: Thumb\n|-damage|p1a: Thumb|34\/100\n|move|p1a: Thumb|Recover|p1a: Thumb\n|-heal|p1a: Thumb|84\/100\n|\n|upkeep\n|turn|11\n|\n|t:|1698549022\n|move|p2a: Zacian|Sacred Sword|p1a: Thumb\n|-resisted|p1a: Thumb\n|-damage|p1a: Thumb|69\/100\n|move|p1a: Thumb|Recover|p1a: Thumb\n|-heal|p1a: Thumb|100\/100\n|\n|upkeep\n|turn|12\n|\n|t:|1698549034\n|switch|p2a: Kyogre|Kyogre|100\/100\n|-damage|p2a: Kyogre|88\/100|[from] Stealth Rock\n|detailschange|p2a: Kyogre|Kyogre-Primal\n|-primal|p2a: Kyogre|Blue Orb\n|-weather|PrimordialSea|[from] ability: Primordial Sea|[of] p2a: Kyogre\n|switch|p1a: Bob Parr|Palafin-Hero, M|100\/100\n|-activate|p1a: Bob Parr|ability: Zero to Hero\n|\n|-weather|PrimordialSea|[upkeep]\n|upkeep\n|turn|13\n|\n|t:|1698549044\n|switch|p1a: Favorite Lunch|Mamoswine, F|100\/100\n|move|p2a: Kyogre|Thunder|p1a: Favorite Lunch\n|-immune|p1a: Favorite Lunch\n|\n|-weather|PrimordialSea|[upkeep]\n|upkeep\n|turn|14\n|\n|t:|1698549052\n|move|p2a: Kyogre|Origin Pulse|p1a: Favorite Lunch\n|-supereffective|p1a: Favorite Lunch\n|-damage|p1a: Favorite Lunch|0 fnt\n|faint|p1a: Favorite Lunch\n|\n|-weather|PrimordialSea|[upkeep]\n|upkeep\n|\n|t:|1698549058\n|switch|p1a: Gassy|Weezing-Galar, M|100\/100\n|-ability|p1a: Gassy|Neutralizing Gas\n|-weather|none\n|turn|15\n|\n|t:|1698549065\n|move|p2a: Kyogre|Origin Pulse|p1a: Gassy\n|-damage|p1a: Gassy|21\/100\n|move|p1a: Gassy|Strange Steam|p2a: Kyogre\n|-damage|p2a: Kyogre|61\/100\n|\n|-heal|p1a: Gassy|27\/100|[from] item: Black Sludge\n|upkeep\n|turn|16\n|\n|t:|1698549072\n|move|p2a: Kyogre|Origin Pulse|p1a: Gassy\n|-damage|p1a: Gassy|0 fnt\n|faint|p1a: Gassy\n|-end|p1a: Gassy|ability: Neutralizing Gas\n|-weather|PrimordialSea|[from] ability: Primordial Sea|[of] p2a: Kyogre\n|\n|-weather|PrimordialSea|[upkeep]\n|upkeep\n|\n|t:|1698549079\n|switch|p1a: Uncanny|Morpeko, M|100\/100\n|turn|17\n|\n|t:|1698549083\n|move|p1a: Uncanny|Aura Wheel|p2a: Kyogre\n|-supereffective|p2a: Kyogre\n|-damage|p2a: Kyogre|0 fnt\n|-boost|p1a: Uncanny|spe|1\n|faint|p2a: Kyogre\n|-weather|none\n|\n|-formechange|p1a: Uncanny|Morpeko-Hangry||[from] ability: Hunger Switch\n|upkeep\n|\n|t:|1698549093\n|switch|p2a: Zacian|Zacian-Crowned|94\/100\n|-damage|p2a: Zacian|88\/100|[from] Stealth Rock\n|turn|18\n|\n|t:|1698549099\n|move|p1a: Uncanny|Parting Shot|p2a: Zacian\n|-unboost|p2a: Zacian|atk|1\n|-unboost|p2a: Zacian|spa|1\n|\n|t:|1698549103\n|switch|p1a: Bob Parr|Palafin-Hero, M|100\/100|[from] Parting Shot\n|move|p2a: Zacian|Play Rough|p1a: Bob Parr\n|-damage|p1a: Bob Parr|68\/100\n|\n|-heal|p1a: Bob Parr|74\/100|[from] item: Leftovers\n|upkeep\n|turn|19\n|\n|t:|1698549114\n|switch|p2a: Yveltal|Yveltal, shiny|100\/100\n|-damage|p2a: Yveltal|76\/100|[from] Stealth Rock\n|-ability|p2a: Yveltal|Dark Aura\n|move|p1a: Bob Parr|Bulk Up|p1a: Bob Parr\n|-boost|p1a: Bob Parr|atk|1\n|-boost|p1a: Bob Parr|def|1\n|\n|-heal|p2a: Yveltal|82\/100|[from] item: Leftovers\n|-heal|p1a: Bob Parr|80\/100|[from] item: Leftovers\n|upkeep\n|turn|20\n|\n|t:|1698549126\n|move|p1a: Bob Parr|Jet Punch|p2a: Yveltal\n|-damage|p2a: Yveltal|23\/100\n|move|p2a: Yveltal|Oblivion Wing|p1a: Bob Parr\n|-damage|p1a: Bob Parr|41\/100\n|-heal|p2a: Yveltal|53\/100|[from] drain|[of] p1a: Bob Parr\n|\n|-heal|p2a: Yveltal|60\/100|[from] item: Leftovers\n|-heal|p1a: Bob Parr|48\/100|[from] item: Leftovers\n|upkeep\n|turn|21\n|\n|t:|1698549136\n|move|p2a: Yveltal|Sucker Punch|p1a: Bob Parr\n|-damage|p1a: Bob Parr|27\/100\n|move|p1a: Bob Parr|Jet Punch|p2a: Yveltal\n|-damage|p2a: Yveltal|3\/100\n|\n|-heal|p2a: Yveltal|9\/100|[from] item: Leftovers\n|-heal|p1a: Bob Parr|33\/100|[from] item: Leftovers\n|upkeep\n|turn|22\n|\n|t:|1698549147\n|move|p2a: Yveltal|Sucker Punch||[still]\n|-fail|p2a: Yveltal\n|move|p1a: Bob Parr|Bulk Up|p1a: Bob Parr\n|-boost|p1a: Bob Parr|atk|1\n|-boost|p1a: Bob Parr|def|1\n|\n|-heal|p2a: Yveltal|15\/100|[from] item: Leftovers\n|-heal|p1a: Bob Parr|40\/100|[from] item: Leftovers\n|upkeep\n|turn|23\n|\n|t:|1698549155\n|move|p1a: Bob Parr|Jet Punch|p2a: Yveltal\n|-crit|p2a: Yveltal\n|-damage|p2a: Yveltal|0 fnt\n|faint|p2a: Yveltal\n|\n|-heal|p1a: Bob Parr|46\/100|[from] item: Leftovers\n|upkeep\n|\n|t:|1698549166\n|switch|p2a: Glimmora|Glimmora, M|100\/100\n|-damage|p2a: Glimmora|88\/100|[from] Stealth Rock\n|turn|24\n|\n|t:|1698549170\n|move|p1a: Bob Parr|Jet Punch|p2a: Glimmora\n|-supereffective|p2a: Glimmora\n|-crit|p2a: Glimmora\n|-damage|p2a: Glimmora|0 fnt\n|-activate|p2a: Glimmora|ability: Toxic Debris\n|-sidestart|p1: Philip Lombard|move: Toxic Spikes\n|faint|p2a: Glimmora\n|\n|-heal|p1a: Bob Parr|52\/100|[from] item: Leftovers\n|upkeep\n|\n|t:|1698549182\n|switch|p2a: Zacian|Zacian-Crowned|88\/100\n|-damage|p2a: Zacian|82\/100|[from] Stealth Rock\n|turn|25\n|\n|t:|1698549191\n|move|p2a: Zacian|Behemoth Blade|p1a: Bob Parr\n|-resisted|p1a: Bob Parr\n|-damage|p1a: Bob Parr|38\/100\n|move|p1a: Bob Parr|Drain Punch|p2a: Zacian\n|-damage|p2a: Zacian|23\/100\n|-heal|p1a: Bob Parr|62\/100|[from] drain|[of] p2a: Zacian\n|\n|-heal|p1a: Bob Parr|68\/100|[from] item: Leftovers\n|upkeep\n|turn|26\n|\n|t:|1698549201\n|move|p1a: Bob Parr|Jet Punch|p2a: Zacian\n|-damage|p2a: Zacian|0 fnt\n|faint|p2a: Zacian\n|\n|-heal|p1a: Bob Parr|75\/100|[from] item: Leftovers\n|upkeep\n|\n|t:|1698549207\n|switch|p2a: Zygarde|Zygarde, shiny|100\/100\n|-damage|p2a: Zygarde|94\/100|[from] Stealth Rock\n|turn|27\n|\n|t:|1698549215\n|-terastallize|p2a: Zygarde|Normal\n|-terastallize|p1a: Bob Parr|Water\n|move|p1a: Bob Parr|Jet Punch|p2a: Zygarde\n|-damage|p2a: Zygarde|6\/100\n|move|p2a: Zygarde|Coil|p2a: Zygarde\n|-boost|p2a: Zygarde|atk|1\n|-boost|p2a: Zygarde|def|1\n|-boost|p2a: Zygarde|accuracy|1\n|\n|-heal|p2a: Zygarde|13\/100|[from] item: Leftovers\n|-heal|p1a: Bob Parr|81\/100|[from] item: Leftovers\n|-activate|p2a: Zygarde|ability: Power Construct\n|detailschange|p2a: Zygarde|Zygarde-Complete, shiny, tera:Normal\n|-heal|p2a: Zygarde|46\/100|[silent]\n|upkeep\n|turn|28\n|\n|t:|1698549235\n|move|p2a: Zygarde|Extreme Speed|p1a: Bob Parr\n|-damage|p1a: Bob Parr|60\/100\n|move|p1a: Bob Parr|Bulk Up|p1a: Bob Parr\n|-boost|p1a: Bob Parr|atk|1\n|-boost|p1a: Bob Parr|def|1\n|\n|-heal|p2a: Zygarde|52\/100|[from] item: Leftovers\n|-heal|p1a: Bob Parr|66\/100|[from] item: Leftovers\n|upkeep\n|turn|29\n|\n|t:|1698549246\n|move|p1a: Bob Parr|Jet Punch|p2a: Zygarde\n|-damage|p2a: Zygarde|4\/100\n|move|p2a: Zygarde|Outrage|p1a: Bob Parr\n|-damage|p1a: Bob Parr|41\/100\n|\n|-heal|p2a: Zygarde|10\/100|[from] item: Leftovers\n|-heal|p1a: Bob Parr|47\/100|[from] item: Leftovers\n|upkeep\n|turn|30\n|\n|t:|1698549255\n|move|p1a: Bob Parr|Jet Punch|p2a: Zygarde\n|-damage|p2a: Zygarde|0 fnt\n|faint|p2a: Zygarde\n|\n|-heal|p1a: Bob Parr|53\/100|[from] item: Leftovers\n|upkeep\n|\n|t:|1698549260\n|switch|p2a: Xerneas|Xerneas, shiny|100\/100 slp\n|-damage|p2a: Xerneas|88\/100 slp|[from] Stealth Rock\n|-ability|p2a: Xerneas|Fairy Aura\n|turn|31\n|\n|t:|1698549266\n|move|p1a: Bob Parr|Jet Punch|p2a: Xerneas\n|-damage|p2a: Xerneas|0 fnt\n|faint|p2a: Xerneas\n|\n|win|Philip Lombard\n|raw|Philip Lombard's rating: 1295 &rarr; <strong>1323<\/strong><br \/>(+28 for winning)\n|raw|Nuggitooo's rating: 1340 &rarr; <strong>1317<\/strong><br \/>(-23 for losing)\n|l|\u2606Nuggitooo\n","uploadtime":1698549275,"views":13,"p1id":"philiplombard","p2id":"nuggitooo","formatid":"gen9nationaldexubers","rating":1317,"private":0,"password":""}