{"id":"gen9nationaldexubers-1986249115","p1":"haii x3","p2":"JustMonika_CARR","format":"[Gen 9] National Dex Ubers","log":"|j|\u2606haii x3\n|j|\u2606JustMonika_CARR\n|t:|1699463285\n|gametype|singles\n|player|p1|haii x3|rosa-masters|1457\n|player|p2|JustMonika_CARR|101|1464\n|teamsize|p1|6\n|teamsize|p2|6\n|gen|9\n|tier|[Gen 9] National Dex Ubers\n|rated|\n|rule|HP Percentage Mod: HP is shown in percentages\n|rule|Endless Battle Clause: Forcing endless battles is banned\n|rule|OHKO Clause: OHKO moves are banned\n|rule|Evasion Moves Clause: Evasion moves are banned\n|rule|Evasion Items Clause: Evasion items are banned\n|rule|Species Clause: Limit one of each Pok\u00e9mon\n|rule|Sleep Clause Mod: Limit one foe put to sleep\n|rule|Mega Rayquaza Clause: You cannot mega evolve Rayquaza\n|clearpoke\n|poke|p1|Salamence, M|\n|poke|p1|Kyurem-Black|\n|poke|p1|Kyogre|\n|poke|p1|Ho-Oh|\n|poke|p1|Marshadow|\n|poke|p1|Palkia-Origin|\n|poke|p2|Marshadow|\n|poke|p2|Lopunny, F|\n|poke|p2|Dialga|\n|poke|p2|Forretress, F|\n|poke|p2|Pheromosa|\n|poke|p2|Grimmsnarl, M|\n|teampreview\n|inactive|Battle timer is ON: inactive players will automatically lose when time's up. (requested by haii x3)\n|c|\u2606JustMonika_CARR|Glhf\n|\n|t:|1699463296\n|start\n|switch|p1a: Salamence|Salamence, M|100\/100\n|switch|p2a: Forretress|Forretress, F, shiny|100\/100\n|-ability|p1a: Salamence|Intimidate|boost\n|-unboost|p2a: Forretress|atk|1\n|turn|1\n|\n|t:|1699463307\n|detailschange|p1a: Salamence|Salamence-Mega, M\n|-mega|p1a: Salamence|Salamence|Salamencite\n|move|p1a: Salamence|Dragon Dance|p1a: Salamence\n|-boost|p1a: Salamence|atk|1\n|-boost|p1a: Salamence|spe|1\n|move|p2a: Forretress|Toxic Spikes|p1a: Salamence\n|-sidestart|p1: haii x3|move: Toxic Spikes\n|\n|upkeep\n|turn|2\n|\n|t:|1699463316\n|move|p1a: Salamence|Earthquake|p2a: Forretress\n|-damage|p2a: Forretress|67\/100\n|-enditem|p2a: Forretress|Red Card|[of] p1a: Salamence\n|drag|p1a: Marshadow|Marshadow|100\/100\n|-status|p1a: Marshadow|psn\n|move|p2a: Forretress|Stealth Rock|p1a: Marshadow\n|-sidestart|p1: haii x3|move: Stealth Rock\n|\n|-damage|p1a: Marshadow|88\/100 psn|[from] psn\n|upkeep\n|turn|3\n|\n|t:|1699463329\n|move|p1a: Marshadow|Close Combat|p2a: Forretress\n|-damage|p2a: Forretress|34\/100\n|-unboost|p1a: Marshadow|def|1\n|-unboost|p1a: Marshadow|spd|1\n|move|p2a: Forretress|Toxic Spikes|p1a: Marshadow\n|-sidestart|p1: haii x3|move: Toxic Spikes\n|\n|-damage|p1a: Marshadow|76\/100 psn|[from] psn\n|upkeep\n|turn|4\n|\n|t:|1699463359\n|move|p2a: Forretress|Endure|p2a: Forretress\n|-singleturn|p2a: Forretress|move: Endure\n|move|p1a: Marshadow|Close Combat|p2a: Forretress\n|-activate|p2a: Forretress|move: Endure\n|-damage|p2a: Forretress|1\/100\n|-unboost|p1a: Marshadow|def|1\n|-unboost|p1a: Marshadow|spd|1\n|\n|-damage|p1a: Marshadow|63\/100 psn|[from] psn\n|upkeep\n|turn|5\n|c|\u2606haii x3|dawg\n|\n|t:|1699463370\n|move|p2a: Forretress|Endure||[still]\n|-fail|p2a: Forretress\n|move|p1a: Marshadow|Shadow Sneak|p2a: Forretress\n|-crit|p2a: Forretress\n|-damage|p2a: Forretress|0 fnt\n|faint|p2a: Forretress\n|\n|-damage|p1a: Marshadow|51\/100 psn|[from] psn\n|upkeep\n|\n|t:|1699463381\n|switch|p2a: Lopunny|Lopunny, F, shiny|100\/100\n|turn|6\n|\n|t:|1699463386\n|switch|p1a: Ho-Oh|Ho-Oh, shiny|100\/100\n|detailschange|p2a: Lopunny|Lopunny-Mega, F, shiny\n|-mega|p2a: Lopunny|Lopunny|Lopunnite\n|move|p2a: Lopunny|Power-Up Punch|p1a: Ho-Oh\n|-resisted|p1a: Ho-Oh\n|-damage|p1a: Ho-Oh|94\/100\n|-boost|p2a: Lopunny|atk|1\n|\n|upkeep\n|turn|7\n|\n|t:|1699463395\n|move|p2a: Lopunny|Return|p1a: Ho-Oh\n|-damage|p1a: Ho-Oh|44\/100\n|move|p1a: Ho-Oh|Defog|p2a: Lopunny\n|-unboost|p2a: Lopunny|evasion|1\n|-sideend|p1: haii x3|Toxic Spikes|[from] move: Defog|[of] p1a: Ho-Oh\n|-sideend|p1: haii x3|Stealth Rock|[from] move: Defog|[of] p1a: Ho-Oh\n|\n|upkeep\n|turn|8\n|\n|t:|1699463409\n|switch|p1a: Salamence|Salamence-Mega, M|100\/100\n|move|p2a: Lopunny|Return|p1a: Salamence\n|-damage|p1a: Salamence|30\/100\n|\n|upkeep\n|turn|9\n|\n|t:|1699463424\n|move|p2a: Lopunny|Return|p1a: Salamence\n|-damage|p1a: Salamence|0 fnt\n|faint|p1a: Salamence\n|\n|upkeep\n|\n|t:|1699463438\n|switch|p1a: Ho-Oh|Ho-Oh, shiny|77\/100\n|turn|10\n|\n|t:|1699463447\n|move|p2a: Lopunny|Return|p1a: Ho-Oh\n|-damage|p1a: Ho-Oh|24\/100\n|move|p1a: Ho-Oh|Sacred Fire|p2a: Lopunny\n|-damage|p2a: Lopunny|45\/100\n|\n|upkeep\n|turn|11\n|\n|t:|1699463457\n|switch|p1a: Kyurem|Kyurem-Black, shiny|100\/100\n|-ability|p1a: Kyurem|Teravolt\n|move|p2a: Lopunny|Return|p1a: Kyurem\n|-damage|p1a: Kyurem|30\/100\n|\n|upkeep\n|turn|12\n|\n|t:|1699463469\n|move|p2a: Lopunny|Power-Up Punch|p1a: Kyurem\n|-supereffective|p1a: Kyurem\n|-crit|p1a: Kyurem\n|-damage|p1a: Kyurem|0 fnt\n|-boost|p2a: Lopunny|atk|1\n|faint|p1a: Kyurem\n|\n|upkeep\n|\n|t:|1699463478\n|switch|p1a: Ho-Oh|Ho-Oh, shiny|57\/100\n|turn|13\n|\n|t:|1699463481\n|move|p2a: Lopunny|Return|p1a: Ho-Oh\n|-damage|p1a: Ho-Oh|0 fnt\n|faint|p1a: Ho-Oh\n|\n|upkeep\n|\n|t:|1699463491\n|switch|p1a: Marshadow|Marshadow|51\/100 psn\n|turn|14\n|\n|t:|1699463495\n|move|p2a: Lopunny|Return|p1a: Marshadow\n|-damage|p1a: Marshadow|0 fnt\n|faint|p1a: Marshadow\n|\n|upkeep\n|\n|t:|1699463498\n|switch|p1a: Kyogre|Kyogre, shiny|100\/100\n|detailschange|p1a: Kyogre|Kyogre-Primal, shiny\n|-primal|p1a: Kyogre|Blue Orb\n|-weather|PrimordialSea|[from] ability: Primordial Sea|[of] p1a: Kyogre\n|turn|15\n|\n|t:|1699463505\n|move|p2a: Lopunny|Close Combat|p1a: Kyogre\n|-damage|p1a: Kyogre|0 fnt\n|-unboost|p2a: Lopunny|def|1\n|-unboost|p2a: Lopunny|spd|1\n|faint|p1a: Kyogre\n|-weather|none\n|\n|upkeep\n|c|\u2606haii x3|they should make it so that dragon resists normal\n|\n|t:|1699463519\n|switch|p1a: Palkia|Palkia-Origin|100\/100\n|-ability|p1a: Palkia|Pressure\n|turn|16\n|\n|t:|1699463527\n|-terastallize|p1a: Palkia|Water\n|move|p2a: Lopunny|Close Combat|p1a: Palkia\n|-damage|p1a: Palkia|0 fnt\n|-unboost|p2a: Lopunny|def|1\n|-unboost|p2a: Lopunny|spd|1\n|faint|p1a: Palkia\n|\n|win|JustMonika_CARR\n|raw|haii x3's rating: 1457 &rarr; <strong>1437<\/strong><br \/>(-20 for losing)\n|raw|JustMonika_CARR's rating: 1464 &rarr; <strong>1484<\/strong><br \/>(+20 for winning)\n|c|\u2606JustMonika_CARR|Gg\n|c|\u2606JustMonika_CARR|Nah\n|l|\u2606haii x3\n","uploadtime":1699463542,"views":6,"p1id":"haiix3","p2id":"justmonikacarr","formatid":"gen9nationaldexubers","rating":1437,"private":0,"password":""}