{"id":"gen9nationaldexubers-1985910221","p1":"Demolution545","p2":"Smackey_5","format":"[Gen 9] National Dex Ubers","log":"|j|\u2606Demolution545\n|j|\u2606Smackey_5\n|t:|1699421205\n|gametype|singles\n|player|p1|Demolution545|170|\n|player|p2|Smackey_5|silver|\n|teamsize|p1|6\n|teamsize|p2|6\n|gen|9\n|tier|[Gen 9] National Dex Ubers\n|rule|HP Percentage Mod: HP is shown in percentages\n|rule|Endless Battle Clause: Forcing endless battles is banned\n|rule|OHKO Clause: OHKO moves are banned\n|rule|Evasion Moves Clause: Evasion moves are banned\n|rule|Evasion Items Clause: Evasion items are banned\n|rule|Species Clause: Limit one of each Pok\u00e9mon\n|rule|Sleep Clause Mod: Limit one foe put to sleep\n|rule|Mega Rayquaza Clause: You cannot mega evolve Rayquaza\n|clearpoke\n|poke|p1|Torkoal, M|\n|poke|p1|Hattrem, F|\n|poke|p1|Walking Wake|\n|poke|p1|Houndoom, M|\n|poke|p1|Lilligant-Hisui, F|\n|poke|p1|Roaring Moon|\n|poke|p2|Umbreon, F|\n|poke|p2|Kommo-o, F|\n|poke|p2|Quagsire, M|\n|poke|p2|Cresselia, F|\n|poke|p2|Kingambit, F|\n|poke|p2|Typhlosion-Hisui, M|\n|teampreview\n|j| Lunar Sloth\n|j| ZBFusion\n|j| VoIteon\n|j| CelestialSquidKid\n|c| Lunar Sloth|it feels like all of smackeys sets have involved para in some way\n|c|\u2606Smackey_5|yerp\n|j| Czar_agon\n|c| VoIteon|para my ballz\n|c|\u2606Demolution545|did he even get parad other than one time\n|c| CelestialSquidKid|I was also going to bring para but brought toxic instead\n|c|\u2606Smackey_5|nope just that once I think\n|c|\u2606Demolution545|what are the odds\n|c|\u2606Demolution545|wait another minute or start?\n|c|\u2606Smackey_5|I don't think it mattered that much\n|c|\u2606Smackey_5|nah start\n|c|\u2606Demolution545|not really\n|c|\u2606Demolution545|okay\n|inactive|Battle timer is ON: inactive players will automatically lose when time's up. (requested by Smackey_5)\n|c| Lunar Sloth|yeah cresselia just won there anyway\n|c| Lunar Sloth|unless like 3 paras in a row\n|\n|t:|1699421365\n|start\n|switch|p1a: Quote #1 Hater PR|Torkoal, M|100\/100\n|switch|p2a: Typhlosion|Typhlosion-Hisui, M|100\/100\n|-weather|SunnyDay|[from] ability: Drought|[of] p1a: Quote #1 Hater PR\n|turn|1\n|\n|t:|1699421373\n|move|p2a: Typhlosion|Eruption|p1a: Quote #1 Hater PR\n|-resisted|p1a: Quote #1 Hater PR\n|-damage|p1a: Quote #1 Hater PR|0 fnt\n|faint|p1a: Quote #1 Hater PR\n|\n|-weather|SunnyDay|[upkeep]\n|upkeep\n|c|\u2606Smackey_5|that was for din...\n|c| VoIteon|BRO\n|c|\u2606Demolution545|darn\n|c| VoIteon|BROOOOO\n|c| Lunar Sloth|i was expecting houndoom to come in\n|c| ZBFusion|Holy sh\u2014\n|c| CelestialSquidKid|specs\n|c| VoIteon|S tier....\n|inactive|Demolution545 has 270 seconds left.\n|c|\u2606Demolution545|i didnt think\n|\n|t:|1699421415\n|switch|p1a: W.M.U.W.S.E.|Walking Wake|100\/100\n|-activate|p1a: W.M.U.W.S.E.|ability: Protosynthesis\n|-start|p1a: W.M.U.W.S.E.|protosynthesisspe\n|turn|2\n|c| CelestialSquidKid|me when I didn't switch out to swampert\n|c|\u2606Smackey_5|I didn't either\n|\n|t:|1699421428\n|switch|p2a: Quagsire|Quagsire, M|100\/100\n|move|p1a: W.M.U.W.S.E.|Dragon Pulse|p2a: Quagsire\n|-damage|p2a: Quagsire|55\/100\n|-damage|p1a: W.M.U.W.S.E.|91\/100|[from] item: Life Orb\n|\n|-weather|SunnyDay|[upkeep]\n|upkeep\n|turn|3\n|\n|t:|1699421454\n|move|p1a: W.M.U.W.S.E.|Dragon Pulse|p2a: Quagsire\n|-damage|p2a: Quagsire|16\/100\n|-damage|p1a: W.M.U.W.S.E.|81\/100|[from] item: Life Orb\n|move|p2a: Quagsire|Sludge Bomb|p1a: W.M.U.W.S.E.\n|-damage|p1a: W.M.U.W.S.E.|65\/100\n|-status|p1a: W.M.U.W.S.E.|psn\n|\n|-weather|SunnyDay|[upkeep]\n|-damage|p1a: W.M.U.W.S.E.|52\/100 psn|[from] psn\n|upkeep\n|turn|4\n|inactive|Demolution545 has 240 seconds left.\n|\n|t:|1699421470\n|switch|p2a: Kingambit|Kingambit, F|100\/100\n|move|p1a: W.M.U.W.S.E.|Dragon Pulse|p2a: Kingambit\n|-resisted|p2a: Kingambit\n|-damage|p2a: Kingambit|83\/100\n|-damage|p1a: W.M.U.W.S.E.|43\/100 psn|[from] item: Life Orb\n|\n|-weather|SunnyDay|[upkeep]\n|-damage|p1a: W.M.U.W.S.E.|30\/100 psn|[from] psn\n|upkeep\n|turn|5\n|inactive|Demolution545 has 240 seconds left.\n|\n|t:|1699421482\n|move|p2a: Kingambit|Sucker Punch|p1a: W.M.U.W.S.E.\n|-damage|p1a: W.M.U.W.S.E.|0 fnt\n|faint|p1a: W.M.U.W.S.E.\n|-end|p1a: W.M.U.W.S.E.|Protosynthesis|[silent]\n|\n|-weather|SunnyDay|[upkeep]\n|upkeep\n|inactive|Demolution545 has 240 seconds left.\n|\n|t:|1699421516\n|switch|p1a: H.D.L.|Lilligant-Hisui, F, shiny|100\/100\n|turn|6\n|\n|t:|1699421525\n|-end|p2a: Kingambit|fallenundefined|[silent]\n|switch|p2a: Quagsire|Quagsire, M|16\/100\n|move|p1a: H.D.L.|Victory Dance|p1a: H.D.L.\n|-boost|p1a: H.D.L.|atk|1\n|-boost|p1a: H.D.L.|def|1\n|-boost|p1a: H.D.L.|spe|1\n|\n|-weather|SunnyDay|[upkeep]\n|upkeep\n|turn|7\n|\n|t:|1699421536\n|move|p1a: H.D.L.|Solar Blade||[still]\n|-prepare|p1a: H.D.L.|Solar Blade\n|-anim|p1a: H.D.L.|Solar Blade|p2a: Quagsire\n|-supereffective|p2a: Quagsire\n|-damage|p2a: Quagsire|0 fnt\n|faint|p2a: Quagsire\n|\n|-weather|SunnyDay|[upkeep]\n|upkeep\n|\n|t:|1699421556\n|switch|p2a: Cresselia|Cresselia, F|100\/100\n|turn|8\n|inactive|Demolution545 has 210 seconds left.\n|\n|t:|1699421590\n|switch|p1a: H.O.T.L.|Hattrem, F|100\/100\n|move|p2a: Cresselia|Trick Room|p2a: Cresselia\n|-fieldstart|move: Trick Room|[of] p2a: Cresselia\n|\n|-weather|none\n|upkeep\n|turn|9\n|inactive|Demolution545 has 210 seconds left.\n|c| Lunar Sloth|hm\n|\n|t:|1699421607\n|move|p2a: Cresselia|Calm Mind|p2a: Cresselia\n|-boost|p2a: Cresselia|spa|1\n|-boost|p2a: Cresselia|spd|1\n|move|p1a: H.O.T.L.|Trick Room|p1a: H.O.T.L.\n|-fieldend|move: Trick Room\n|\n|upkeep\n|turn|10\n|c|\u2606Smackey_5|you needed drapion\n|c|\u2606Smackey_5|bring it next time\n|\n|t:|1699421618\n|move|p2a: Cresselia|Calm Mind|p2a: Cresselia\n|-boost|p2a: Cresselia|spa|1\n|-boost|p2a: Cresselia|spd|1\n|move|p1a: H.O.T.L.|Imprison|p1a: H.O.T.L.\n|-start|p1a: H.O.T.L.|move: Imprison\n|\n|upkeep\n|turn|11\n|inactive|Demolution545 has 210 seconds left.\n|\n|t:|1699421635\n|move|p2a: Cresselia|Calm Mind|p2a: Cresselia\n|-boost|p2a: Cresselia|spa|1\n|-boost|p2a: Cresselia|spd|1\n|move|p1a: H.O.T.L.|Nuzzle|p2a: Cresselia\n|-damage|p2a: Cresselia|99\/100\n|-status|p2a: Cresselia|par\n|\n|-heal|p2a: Cresselia|100\/100 par|[from] item: Leftovers\n|upkeep\n|turn|12\n|\n|t:|1699421659\n|move|p1a: H.O.T.L.|Nuzzle|p2a: Cresselia\n|-damage|p2a: Cresselia|99\/100 par\n|move|p2a: Cresselia|Moonblast|p1a: H.O.T.L.\n|-damage|p1a: H.O.T.L.|60\/100\n|-unboost|p1a: H.O.T.L.|spa|1\n|-enditem|p1a: H.O.T.L.|Eject Button\n|\n|t:|1699421666\n|switch|p1a: T.T.M.A.B.|Roaring Moon|100\/100\n|\n|-heal|p2a: Cresselia|100\/100 par|[from] item: Leftovers\n|upkeep\n|turn|13\n|inactive|Demolution545 has 180 seconds left.\n|\n|t:|1699421706\n|-terastallize|p1a: T.T.M.A.B.|Fairy\n|-terastallize|p2a: Cresselia|Fairy\n|move|p1a: T.T.M.A.B.|Knock Off|p2a: Cresselia\n|-resisted|p2a: Cresselia\n|-damage|p2a: Cresselia|82\/100 par\n|-enditem|p2a: Cresselia|Leftovers|[from] move: Knock Off|[of] p1a: T.T.M.A.B.\n|cant|p2a: Cresselia|par\n|\n|upkeep\n|turn|14\n|\n|t:|1699421725\n|-end|p1a: T.T.M.A.B.|Protosynthesis|[silent]\n|switch|p1a: H.O.T.L.|Hattrem, F|60\/100\n|move|p2a: Cresselia|Stored Power|p1a: H.O.T.L.\n|-resisted|p1a: H.O.T.L.\n|-damage|p1a: H.O.T.L.|14\/100\n|\n|upkeep\n|turn|15\n|inactive|Demolution545 has 150 seconds left.\n|\n|t:|1699421752\n|move|p1a: H.O.T.L.|Imprison|p1a: H.O.T.L.\n|-start|p1a: H.O.T.L.|move: Imprison\n|move|p2a: Cresselia|Moonblast|p1a: H.O.T.L.\n|-damage|p1a: H.O.T.L.|0 fnt\n|faint|p1a: H.O.T.L.\n|\n|upkeep\n|inactive|Demolution545 has 120 seconds left.\n|\n|t:|1699421809\n|switch|p1a: T.T.M.A.B.|Roaring Moon, tera:Fairy|100\/100\n|turn|16\n|c| Lunar Sloth|moon\n|c| Lunar Sloth|s\n|inactive|Demolution545 has 90 seconds left.\n|\n|t:|1699421826\n|move|p1a: T.T.M.A.B.|Knock Off|p2a: Cresselia\n|-resisted|p2a: Cresselia\n|-damage|p2a: Cresselia|68\/100 par\n|move|p2a: Cresselia|Moonblast|p1a: T.T.M.A.B.\n|-damage|p1a: T.T.M.A.B.|34\/100\n|-unboost|p1a: T.T.M.A.B.|spa|1\n|\n|upkeep\n|turn|17\n|\n|t:|1699421835\n|move|p1a: T.T.M.A.B.|Knock Off|p2a: Cresselia\n|-resisted|p2a: Cresselia\n|-damage|p2a: Cresselia|55\/100 par\n|move|p2a: Cresselia|Moonblast|p1a: T.T.M.A.B.\n|-damage|p1a: T.T.M.A.B.|0 fnt\n|faint|p1a: T.T.M.A.B.\n|-end|p1a: T.T.M.A.B.|Protosynthesis|[silent]\n|\n|upkeep\n|inactive|Demolution545 has 90 seconds left.\n|\n|t:|1699421874\n|switch|p1a: M.A.Y.A.A.D.N.B.|Houndoom, M, shiny|100\/100\n|turn|18\n|inactive|Demolution545 has 60 seconds left.\n|l| ZBFusion\n|\n|t:|1699421896\n|detailschange|p1a: M.A.Y.A.A.D.N.B.|Houndoom-Mega, M, shiny\n|-mega|p1a: M.A.Y.A.A.D.N.B.|Houndoom|Houndoominite\n|move|p1a: M.A.Y.A.A.D.N.B.|Flamethrower|p2a: Cresselia\n|-damage|p2a: Cresselia|43\/100 par\n|move|p2a: Cresselia|Moonblast|p1a: M.A.Y.A.A.D.N.B.\n|-damage|p1a: M.A.Y.A.A.D.N.B.|13\/100\n|\n|upkeep\n|turn|19\n|inactive|Demolution545 has 60 seconds left.\n|\n|t:|1699421912\n|move|p1a: M.A.Y.A.A.D.N.B.|Dark Pulse|p2a: Cresselia\n|-resisted|p2a: Cresselia\n|-damage|p2a: Cresselia|37\/100 par\n|move|p2a: Cresselia|Moonblast|p1a: M.A.Y.A.A.D.N.B.\n|-damage|p1a: M.A.Y.A.A.D.N.B.|0 fnt\n|faint|p1a: M.A.Y.A.A.D.N.B.\n|\n|upkeep\n|\n|t:|1699421920\n|switch|p1a: H.D.L.|Lilligant-Hisui, F, shiny|100\/100\n|turn|20\n|\n|t:|1699421930\n|move|p1a: H.D.L.|Victory Dance|p1a: H.D.L.\n|-boost|p1a: H.D.L.|atk|1\n|-boost|p1a: H.D.L.|def|1\n|-boost|p1a: H.D.L.|spe|1\n|move|p2a: Cresselia|Stored Power|p1a: H.D.L.\n|-supereffective|p1a: H.D.L.\n|-damage|p1a: H.D.L.|0 fnt\n|faint|p1a: H.D.L.\n|\n|win|Smackey_5\n|c|\u2606Demolution545|gg\n|c|\u2606Smackey_5|gg\n|c| CelestialSquidKid|gg\n|l| Czar_agon\n|l| CelestialSquidKid\n|j| MiniBearGrahams\n|l|\u2606Demolution545\n","uploadtime":1699421939,"views":76,"p1id":"demolution545","p2id":"smackey5","formatid":"gen9nationaldexubers","rating":0,"private":0,"password":""}