{"id":"gen9nationaldexubers-1994240618","p1":"Jneil92","p2":"Preparegetstatus","format":"[Gen 9] National Dex Ubers","log":"|j|\u2606Jneil92\n|j|\u2606Preparegetstatus\n|t:|1700422440\n|gametype|singles\n|player|p1|Jneil92|265|1120\n|player|p2|Preparegetstatus|hiker-gen4|1000\n|teamsize|p1|6\n|teamsize|p2|6\n|gen|9\n|tier|[Gen 9] National Dex Ubers\n|rated|\n|rule|HP Percentage Mod: HP is shown in percentages\n|rule|Endless Battle Clause: Forcing endless battles is banned\n|rule|OHKO Clause: OHKO moves are banned\n|rule|Evasion Moves Clause: Evasion moves are banned\n|rule|Evasion Items Clause: Evasion items are banned\n|rule|Species Clause: Limit one of each Pok\u00e9mon\n|rule|Sleep Clause Mod: Limit one foe put to sleep\n|rule|Mega Rayquaza Clause: You cannot mega evolve Rayquaza\n|clearpoke\n|poke|p1|Machamp, F|\n|poke|p1|Rhydon, M|\n|poke|p1|Pidgeot, M|\n|poke|p1|Gengar, M|\n|poke|p1|Arcanine, F|\n|poke|p1|Blastoise, F|\n|poke|p2|Shuckle, F|\n|poke|p2|Glimmora, F|\n|poke|p2|Kleavor, M|\n|poke|p2|Exeggutor-Alola, M|\n|poke|p2|Charizard, F|\n|poke|p2|Kyurem-White|\n|teampreview\n|inactive|Battle timer is ON: inactive players will automatically lose when time's up. (requested by Preparegetstatus)\n|\n|t:|1700422473\n|start\n|switch|p1a: Blastoise|Blastoise, F|100\/100\n|switch|p2a: Shuckle|Shuckle, F, shiny|100\/100\n|turn|1\n|\n|t:|1700422480\n|move|p1a: Blastoise|Shell Smash|p1a: Blastoise\n|-unboost|p1a: Blastoise|def|1\n|-unboost|p1a: Blastoise|spd|1\n|-boost|p1a: Blastoise|atk|2\n|-boost|p1a: Blastoise|spa|2\n|-boost|p1a: Blastoise|spe|2\n|-enditem|p1a: Blastoise|White Herb\n|-clearnegativeboost|p1a: Blastoise|[silent]\n|move|p2a: Shuckle|Sticky Web|p1a: Blastoise\n|-sidestart|p1: Jneil92|move: Sticky Web\n|\n|upkeep\n|turn|2\n|\n|t:|1700422490\n|move|p1a: Blastoise|Scald|p2a: Shuckle\n|-supereffective|p2a: Shuckle\n|-damage|p2a: Shuckle|20\/100\n|move|p2a: Shuckle|Stealth Rock|p1a: Blastoise\n|-sidestart|p1: Jneil92|move: Stealth Rock\n|\n|upkeep\n|turn|3\n|\n|t:|1700422497\n|move|p1a: Blastoise|Scald|p2a: Shuckle\n|-supereffective|p2a: Shuckle\n|-damage|p2a: Shuckle|0 fnt\n|faint|p2a: Shuckle\n|\n|upkeep\n|\n|t:|1700422499\n|switch|p2a: Glimmora|Glimmora, F|100\/100\n|turn|4\n|\n|t:|1700422507\n|move|p1a: Blastoise|Scald|p2a: Glimmora\n|-supereffective|p2a: Glimmora\n|-enditem|p2a: Glimmora|Focus Sash\n|-damage|p2a: Glimmora|1\/100\n|move|p2a: Glimmora|Mortal Spin|p1a: Blastoise\n|-damage|p1a: Blastoise|95\/100\n|-status|p1a: Blastoise|psn\n|\n|-damage|p1a: Blastoise|83\/100 psn|[from] psn\n|upkeep\n|turn|5\n|\n|t:|1700422519\n|move|p1a: Blastoise|Scald|p2a: Glimmora\n|-supereffective|p2a: Glimmora\n|-damage|p2a: Glimmora|0 fnt\n|faint|p2a: Glimmora\n|\n|-damage|p1a: Blastoise|70\/100 psn|[from] psn\n|upkeep\n|\n|t:|1700422522\n|switch|p2a: Kleavor|Kleavor, M|100\/100\n|turn|6\n|\n|t:|1700422533\n|move|p1a: Blastoise|Scald|p2a: Kleavor\n|-supereffective|p2a: Kleavor\n|-enditem|p2a: Kleavor|Focus Sash\n|-damage|p2a: Kleavor|1\/100\n|move|p2a: Kleavor|Stone Axe|p1a: Blastoise\n|-damage|p1a: Blastoise|29\/100 psn\n|\n|-damage|p1a: Blastoise|17\/100 psn|[from] psn\n|upkeep\n|turn|7\n|n|!Jneil92|jneil92\n|\n|t:|1700422557\n|move|p1a: Blastoise|Scald|p2a: Kleavor\n|-supereffective|p2a: Kleavor\n|-damage|p2a: Kleavor|0 fnt\n|faint|p2a: Kleavor\n|\n|-damage|p1a: Blastoise|4\/100 psn|[from] psn\n|upkeep\n|\n|t:|1700422563\n|switch|p2a: Exeggutor|Exeggutor-Alola, M, shiny|100\/100\n|turn|8\n|\n|t:|1700422580\n|move|p1a: Blastoise|Flash Cannon|p2a: Exeggutor\n|-damage|p2a: Exeggutor|62\/100\n|move|p2a: Exeggutor|Swords Dance|p2a: Exeggutor\n|-boost|p2a: Exeggutor|atk|2\n|\n|-damage|p1a: Blastoise|0 fnt|[from] psn\n|faint|p1a: Blastoise\n|upkeep\n|\n|t:|1700422590\n|switch|p1a: Arcanine|Arcanine, F|100\/100\n|-activate|p1a: Arcanine|move: Sticky Web\n|-unboost|p1a: Arcanine|spe|1\n|-damage|p1a: Arcanine|76\/100|[from] Stealth Rock\n|-ability|p1a: Arcanine|Intimidate|boost\n|-unboost|p2a: Exeggutor|atk|1\n|turn|9\n|\n|t:|1700422604\n|-terastallize|p1a: Arcanine|Normal\n|move|p1a: Arcanine|Extreme Speed|p2a: Exeggutor\n|-damage|p2a: Exeggutor|0 fnt\n|faint|p2a: Exeggutor\n|\n|upkeep\n|\n|t:|1700422609\n|switch|p2a: Charizard|Charizard, F, shiny|100\/100\n|turn|10\n|\n|t:|1700422620\n|detailschange|p2a: Charizard|Charizard-Mega-Y, F, shiny\n|-mega|p2a: Charizard|Charizard|Charizardite Y\n|-weather|SunnyDay|[from] ability: Drought|[of] p2a: Charizard\n|move|p1a: Arcanine|Extreme Speed|p2a: Charizard\n|-damage|p2a: Charizard|18\/100\n|move|p2a: Charizard|Heat Wave|p1a: Arcanine\n|-damage|p1a: Arcanine|0 fnt\n|faint|p1a: Arcanine\n|\n|-weather|SunnyDay|[upkeep]\n|upkeep\n|\n|t:|1700422633\n|switch|p1a: Pidgeot|Pidgeot, M|100\/100\n|-damage|p1a: Pidgeot|76\/100|[from] Stealth Rock\n|turn|11\n|\n|t:|1700422638\n|detailschange|p1a: Pidgeot|Pidgeot-Mega, M\n|-mega|p1a: Pidgeot|Pidgeot|Pidgeotite\n|move|p1a: Pidgeot|Ominous Wind|p2a: Charizard\n|-damage|p2a: Charizard|0 fnt\n|faint|p2a: Charizard\n|\n|-weather|SunnyDay|[upkeep]\n|upkeep\n|\n|t:|1700422643\n|switch|p2a: Kyurem|Kyurem-White, shiny|100\/100\n|-ability|p2a: Kyurem|Turboblaze\n|turn|12\n|\n|t:|1700422659\n|-terastallize|p2a: Kyurem|Fire\n|move|p1a: Pidgeot|Hyper Beam|p2a: Kyurem\n|-damage|p2a: Kyurem|30\/100\n|-mustrecharge|p1a: Pidgeot\n|move|p2a: Kyurem|Fusion Flare|p1a: Pidgeot\n|-crit|p1a: Pidgeot\n|-damage|p1a: Pidgeot|0 fnt\n|faint|p1a: Pidgeot\n|\n|-weather|SunnyDay|[upkeep]\n|-heal|p2a: Kyurem|36\/100|[from] item: Leftovers\n|upkeep\n|\n|t:|1700422671\n|switch|p1a: Rhydon|Rhydon, M|100\/100\n|-activate|p1a: Rhydon|move: Sticky Web\n|-unboost|p1a: Rhydon|spe|1\n|-damage|p1a: Rhydon|95\/100|[from] Stealth Rock\n|turn|13\n|\n|t:|1700422684\n|move|p2a: Kyurem|Ice Beam|p1a: Rhydon\n|-supereffective|p1a: Rhydon\n|-damage|p1a: Rhydon|0 fnt\n|faint|p1a: Rhydon\n|\n|-weather|SunnyDay|[upkeep]\n|-heal|p2a: Kyurem|42\/100|[from] item: Leftovers\n|upkeep\n|\n|t:|1700422692\n|switch|p1a: Machamp|Machamp, F|100\/100\n|-activate|p1a: Machamp|move: Sticky Web\n|-unboost|p1a: Machamp|spe|1\n|-damage|p1a: Machamp|94\/100|[from] Stealth Rock\n|turn|14\n|\n|t:|1700422699\n|move|p2a: Kyurem|Fusion Flare|p1a: Machamp\n|-damage|p1a: Machamp|13\/100\n|move|p1a: Machamp|Stone Edge|p2a: Kyurem\n|-supereffective|p2a: Kyurem\n|-damage|p2a: Kyurem|0 fnt\n|faint|p2a: Kyurem\n|\n|win|Jneil92\n|raw|Jneil92's rating: 1120 &rarr; <strong>1137<\/strong><br \/>(+17 for winning)\n|raw|Preparegetstatus's rating: 1000 &rarr; <strong>1000<\/strong><br \/>(+0 for losing)\n","uploadtime":1700422552,"views":3,"p1id":"jneil92","p2id":"preparegetstatus","formatid":"gen9nationaldexubers","rating":1000,"private":0,"password":""}