{"id":"gen9nationaldexubers-1987055126","p1":"aquiles meo","p2":"Milguell","format":"[Gen 9] National Dex Ubers","log":"|j|\u2606aquiles meo\n|j|\u2606Milguell\n|t:|1699552405\n|gametype|singles\n|player|p1|aquiles meo|266|1076\n|player|p2|Milguell|grimsley|1155\n|teamsize|p1|6\n|teamsize|p2|6\n|gen|9\n|tier|[Gen 9] National Dex Ubers\n|rated|\n|rule|HP Percentage Mod: HP is shown in percentages\n|rule|Endless Battle Clause: Forcing endless battles is banned\n|rule|OHKO Clause: OHKO moves are banned\n|rule|Evasion Moves Clause: Evasion moves are banned\n|rule|Evasion Items Clause: Evasion items are banned\n|rule|Species Clause: Limit one of each Pok\u00e9mon\n|rule|Sleep Clause Mod: Limit one foe put to sleep\n|rule|Mega Rayquaza Clause: You cannot mega evolve Rayquaza\n|clearpoke\n|poke|p1|Jirachi|\n|poke|p1|Ho-Oh|\n|poke|p1|Rayquaza|\n|poke|p1|Pidgeot, M|\n|poke|p1|Lucario, M|\n|poke|p1|Luxray, M|\n|poke|p2|Swellow, F|\n|poke|p2|Salamence, M|\n|poke|p2|Rayquaza|\n|poke|p2|Skarmory, M|\n|poke|p2|Moltres-Galar|\n|poke|p2|Ninjask, F|\n|teampreview\n|\n|t:|1699552415\n|start\n|switch|p1a: Jirachi|Jirachi, shiny|100\/100\n|switch|p2a: Skarmory|Skarmory, M|100\/100\n|turn|1\n|\n|t:|1699552423\n|move|p1a: Jirachi|Iron Head|p2a: Skarmory\n|-resisted|p2a: Skarmory\n|-damage|p2a: Skarmory|92\/100\n|cant|p2a: Skarmory|flinch\n|\n|upkeep\n|turn|2\n|\n|t:|1699552432\n|move|p1a: Jirachi|Iron Head|p2a: Skarmory\n|-resisted|p2a: Skarmory\n|-damage|p2a: Skarmory|82\/100\n|cant|p2a: Skarmory|flinch\n|\n|upkeep\n|turn|3\n|inactive|Battle timer is ON: inactive players will automatically lose when time's up. (requested by Milguell)\n|\n|t:|1699552441\n|move|p1a: Jirachi|Iron Head|p2a: Skarmory\n|-resisted|p2a: Skarmory\n|-damage|p2a: Skarmory|73\/100\n|move|p2a: Skarmory|Stealth Rock|p1a: Jirachi\n|-sidestart|p1: aquiles meo|move: Stealth Rock\n|\n|upkeep\n|turn|4\n|\n|t:|1699552449\n|move|p1a: Jirachi|Iron Head|p2a: Skarmory\n|-resisted|p2a: Skarmory\n|-damage|p2a: Skarmory|65\/100\n|cant|p2a: Skarmory|flinch\n|\n|upkeep\n|turn|5\n|\n|t:|1699552456\n|move|p1a: Jirachi|Iron Head|p2a: Skarmory\n|-resisted|p2a: Skarmory\n|-damage|p2a: Skarmory|56\/100\n|move|p2a: Skarmory|Roost|p2a: Skarmory\n|-heal|p2a: Skarmory|100\/100\n|-singleturn|p2a: Skarmory|move: Roost\n|\n|upkeep\n|turn|6\n|\n|t:|1699552466\n|move|p1a: Jirachi|Doom Desire|p2a: Skarmory\n|-start|p1a: Jirachi|Doom Desire\n|move|p2a: Skarmory|Whirlwind|p1a: Jirachi\n|drag|p1a: Lucario|Lucario, M, shiny|100\/100\n|-damage|p1a: Lucario|98\/100|[from] Stealth Rock\n|\n|upkeep\n|turn|7\n|\n|t:|1699552495\n|move|p1a: Lucario|Aura Sphere|p2a: Skarmory\n|-damage|p2a: Skarmory|57\/100\n|move|p2a: Skarmory|Whirlwind|p1a: Lucario\n|drag|p1a: Rayquaza|Rayquaza, shiny|100\/100\n|-ability|p1a: Rayquaza|Air Lock\n|\n|upkeep\n|turn|8\n|inactive|aquiles meo has 120 seconds left.\n|\n|t:|1699552514\n|move|p1a: Rayquaza|Dragon Ascent|p2a: Skarmory\n|-resisted|p2a: Skarmory\n|-crit|p2a: Skarmory\n|-damage|p2a: Skarmory|30\/100\n|-unboost|p1a: Rayquaza|def|1\n|-unboost|p1a: Rayquaza|spd|1\n|move|p2a: Skarmory|Roost|p2a: Skarmory\n|-heal|p2a: Skarmory|80\/100\n|-singleturn|p2a: Skarmory|move: Roost\n|\n|-end|p2a: Skarmory|move: Doom Desire\n|-resisted|p2a: Skarmory\n|-damage|p2a: Skarmory|50\/100\n|upkeep\n|turn|9\n|inactive|aquiles meo has 120 seconds left.\n|inactive|Milguell has 120 seconds left.\n|\n|t:|1699552558\n|move|p1a: Rayquaza|Dragon Pulse|p2a: Skarmory\n|-resisted|p2a: Skarmory\n|-damage|p2a: Skarmory|22\/100\n|move|p2a: Skarmory|Roost|p2a: Skarmory\n|-heal|p2a: Skarmory|72\/100\n|-singleturn|p2a: Skarmory|move: Roost\n|\n|upkeep\n|turn|10\n|\n|t:|1699552582\n|switch|p1a: Jirachi|Jirachi, shiny|100\/100\n|-damage|p1a: Jirachi|95\/100|[from] Stealth Rock\n|move|p2a: Skarmory|Roost|p2a: Skarmory\n|-heal|p2a: Skarmory|100\/100\n|-singleturn|p2a: Skarmory|move: Roost\n|\n|-heal|p1a: Jirachi|100\/100|[from] item: Leftovers\n|upkeep\n|turn|11\n|\n|t:|1699552597\n|move|p1a: Jirachi|Wish|p1a: Jirachi\n|move|p2a: Skarmory|Whirlwind|p1a: Jirachi\n|drag|p1a: Luxray|Luxray, M, shiny|100\/100\n|-damage|p1a: Luxray|88\/100|[from] Stealth Rock\n|\n|upkeep\n|turn|12\n|\n|t:|1699552610\n|-zpower|p1a: Luxray\n|move|p1a: Luxray|Gigavolt Havoc|p2a: Skarmory|[zeffect]\n|-supereffective|p2a: Skarmory\n|-damage|p2a: Skarmory|5\/100\n|move|p2a: Skarmory|Whirlwind|p1a: Luxray\n|drag|p1a: Jirachi|Jirachi, shiny|100\/100\n|-damage|p1a: Jirachi|95\/100|[from] Stealth Rock\n|\n|-heal|p1a: Jirachi|100\/100|[from] move: Wish|[wisher] Jirachi\n|upkeep\n|turn|13\n|inactive|aquiles meo has 90 seconds left.\n|\n|t:|1699552626\n|move|p1a: Jirachi|Iron Head|p2a: Skarmory\n|-resisted|p2a: Skarmory\n|-damage|p2a: Skarmory|0 fnt\n|faint|p2a: Skarmory\n|\n|upkeep\n|\n|t:|1699552635\n|switch|p2a: Moltres|Moltres-Galar|100\/100\n|turn|14\n|inactive|aquiles meo has 90 seconds left.\n|\n|t:|1699552651\n|move|p1a: Jirachi|Iron Head|p2a: Moltres\n|-damage|p2a: Moltres|65\/100\n|cant|p2a: Moltres|flinch\n|\n|upkeep\n|turn|15\n|inactive|aquiles meo has 90 seconds left.\n|\n|t:|1699552676\n|move|p1a: Jirachi|Iron Head|p2a: Moltres\n|-damage|p2a: Moltres|32\/100\n|-ability|p2a: Moltres|Berserk|boost\n|-boost|p2a: Moltres|spa|1\n|move|p2a: Moltres|Fiery Wrath|p1a: Jirachi\n|-supereffective|p1a: Jirachi\n|-damage|p1a: Jirachi|0 fnt\n|faint|p1a: Jirachi\n|\n|upkeep\n|c|\u2606aquiles meo|!dt fiery wrath\n|raw|<ul class=\"utilichart\"><li class=\"result\"><span class=\"col movenamecol\"><a href=\"https:\/\/dex.pokemonshowdown.com\/moves\/fierywrath\">Fiery Wrath<\/a><\/span> <span class=\"col typecol\"><img src=\"\/\/play.pokemonshowdown.com\/sprites\/types\/Dark.png\" alt=\"Dark\" width=\"32\" height=\"14\"><img src=\"\/\/play.pokemonshowdown.com\/sprites\/categories\/Special.png\" alt=\"Special\" width=\"32\" height=\"14\"><\/span> <span class=\"col labelcol\"><em>Power<\/em><br>90<\/span> <span class=\"col widelabelcol\"><em>Accuracy<\/em><br>100%<\/span> <span class=\"col pplabelcol\"><em>PP<\/em><br>16<\/span> <span class=\"col movedesccol\">20% chance to make the foe(s) flinch.<\/span> <\/li><li style=\"clear:both\"><\/li><\/ul>\n|raw|<font size=\"1\"><font color=\"#686868\">Priority:<\/font> 0&nbsp;|&ThickSpace;<font color=\"#686868\">Gen:<\/font> 8&nbsp;|&ThickSpace;&#10003; Boosted by Sheer Force&nbsp;|&ThickSpace;<font color=\"#686868\">Z-Power:<\/font> 175&nbsp;|&ThickSpace;<font color=\"#686868\">Dynamax Power:<\/font> 130&nbsp;|&ThickSpace;<font color=\"#686868\">Target:<\/font> All Adjacent Opponents<\/font>\n\n|inactive|aquiles meo has 60 seconds left.\n|\n|t:|1699552715\n|switch|p1a: Ho-Oh|Ho-Oh, shiny|100\/100\n|-damage|p1a: Ho-Oh|51\/100|[from] Stealth Rock\n|turn|16\n|c|\u2606Milguell|!dt doom desire\n|raw|<ul class=\"utilichart\"><li class=\"result\"><span class=\"col movenamecol\"><a href=\"https:\/\/dex.pokemonshowdown.com\/moves\/doomdesire\">Doom Desire<\/a><\/span> <span class=\"col typecol\"><img src=\"\/\/play.pokemonshowdown.com\/sprites\/types\/Steel.png\" alt=\"Steel\" width=\"32\" height=\"14\"><img src=\"\/\/play.pokemonshowdown.com\/sprites\/categories\/Special.png\" alt=\"Special\" width=\"32\" height=\"14\"><\/span> <span class=\"col labelcol\"><em>Power<\/em><br>140<\/span> <span class=\"col widelabelcol\"><em>Accuracy<\/em><br>100%<\/span> <span class=\"col pplabelcol\"><em>PP<\/em><br>8<\/span> <span class=\"col movedesccol\">Hits two turns after being used.<\/span> <\/li><li style=\"clear:both\"><\/li><\/ul>\n|raw|<font size=\"1\"><font color=\"#686868\">Priority:<\/font> 0&nbsp;|&ThickSpace;<font color=\"#686868\">Gen:<\/font> 3&nbsp;|&ThickSpace;&#10003; Bypasses Protect&nbsp;|&ThickSpace;<font color=\"#686868\">Z-Power:<\/font> 200&nbsp;|&ThickSpace;<font color=\"#686868\">Dynamax Power:<\/font> 140&nbsp;|&ThickSpace;<font color=\"#686868\">Target:<\/font> One Adjacent Pok\u00e9mon<\/font>\n\n|\n|t:|1699552745\n|move|p2a: Moltres|Fiery Wrath|p1a: Ho-Oh\n|-damage|p1a: Ho-Oh|13\/100\n|move|p1a: Ho-Oh|Ancient Power|p2a: Moltres\n|-supereffective|p2a: Moltres\n|-damage|p2a: Moltres|0 fnt\n|faint|p2a: Moltres\n|\n|upkeep\n|\n|t:|1699552754\n|switch|p2a: Ninjask|Ninjask, F|100\/100\n|turn|17\n|\n|t:|1699552764\n|move|p2a: Ninjask|Dual Wingbeat|p1a: Ho-Oh\n|-damage|p1a: Ho-Oh|0 fnt\n|faint|p1a: Ho-Oh\n|-hitcount|p1: Ho-Oh|1\n|\n|-ability|p2a: Ninjask|Speed Boost|boost\n|-boost|p2a: Ninjask|spe|1\n|upkeep\n|inactive|aquiles meo has 60 seconds left.\n|\n|t:|1699552785\n|switch|p1a: Rayquaza|Rayquaza, shiny|100\/100\n|-ability|p1a: Rayquaza|Air Lock\n|turn|18\n|\n|t:|1699552789\n|move|p2a: Ninjask|Swords Dance|p2a: Ninjask\n|-boost|p2a: Ninjask|atk|2\n|move|p1a: Rayquaza|Dragon Dance|p1a: Rayquaza\n|-boost|p1a: Rayquaza|atk|1\n|-boost|p1a: Rayquaza|spe|1\n|\n|-ability|p2a: Ninjask|Speed Boost|boost\n|-boost|p2a: Ninjask|spe|1\n|upkeep\n|turn|19\n|inactive|aquiles meo has 60 seconds left.\n|\n|t:|1699552800\n|move|p2a: Ninjask|Swords Dance|p2a: Ninjask\n|-boost|p2a: Ninjask|atk|2\n|move|p1a: Rayquaza|Dragon Ascent|p2a: Ninjask\n|-supereffective|p2a: Ninjask\n|-enditem|p2a: Ninjask|Focus Sash\n|-damage|p2a: Ninjask|1\/100\n|-unboost|p1a: Rayquaza|def|1\n|-unboost|p1a: Rayquaza|spd|1\n|\n|-ability|p2a: Ninjask|Speed Boost|boost\n|-boost|p2a: Ninjask|spe|1\n|upkeep\n|turn|20\n|inactive|aquiles meo has 60 seconds left.\n|\n|t:|1699552813\n|move|p1a: Rayquaza|Extreme Speed|p2a: Ninjask\n|-damage|p2a: Ninjask|0 fnt\n|faint|p2a: Ninjask\n|\n|upkeep\n|\n|t:|1699552823\n|switch|p2a: Salamence|Salamence, M|100\/100\n|-ability|p2a: Salamence|Intimidate|boost\n|-unboost|p1a: Rayquaza|atk|1\n|turn|21\n|\n|t:|1699552838\n|detailschange|p2a: Salamence|Salamence-Mega, M\n|-mega|p2a: Salamence|Salamence|Salamencite\n|-terastallize|p1a: Rayquaza|Flying\n|move|p1a: Rayquaza|Dragon Dance|p1a: Rayquaza\n|-boost|p1a: Rayquaza|atk|1\n|-boost|p1a: Rayquaza|spe|1\n|move|p2a: Salamence|Dragon Dance|p2a: Salamence\n|-boost|p2a: Salamence|atk|1\n|-boost|p2a: Salamence|spe|1\n|\n|upkeep\n|turn|22\n|\n|t:|1699552849\n|move|p1a: Rayquaza|Dragon Pulse|p2a: Salamence\n|-supereffective|p2a: Salamence\n|-damage|p2a: Salamence|0 fnt\n|faint|p2a: Salamence\n|\n|upkeep\n|\n|t:|1699552854\n|switch|p2a: Rayquaza|Rayquaza|100\/100\n|-ability|p2a: Rayquaza|Air Lock\n|turn|23\n|\n|t:|1699552870\n|move|p1a: Rayquaza|Dragon Pulse|p2a: Rayquaza\n|-supereffective|p2a: Rayquaza\n|-damage|p2a: Rayquaza|12\/100\n|move|p2a: Rayquaza|Dragon Claw|p1a: Rayquaza\n|-damage|p1a: Rayquaza|24\/100\n|\n|upkeep\n|turn|24\n|\n|t:|1699552879\n|move|p1a: Rayquaza|Extreme Speed|p2a: Rayquaza\n|-crit|p2a: Rayquaza\n|-damage|p2a: Rayquaza|0 fnt\n|faint|p2a: Rayquaza\n|\n|upkeep\n|\n|t:|1699552881\n|switch|p2a: Swellow|Swellow, F|100\/100\n|turn|25\n|c|\u2606aquiles meo|sorry for being so disrespectful\n|c|\u2606aquiles meo|I'm in class\n|\n|t:|1699552904\n|move|p1a: Rayquaza|Dragon Pulse|p2a: Swellow\n|-damage|p2a: Swellow|0 fnt\n|faint|p2a: Swellow\n|\n|win|aquiles meo\n|raw|aquiles meo's rating: 1076 &rarr; <strong>1111<\/strong><br \/>(+35 for winning)\n|raw|Milguell's rating: 1155 &rarr; <strong>1124<\/strong><br \/>(-31 for losing)\n","uploadtime":1699552911,"views":13,"p1id":"aquilesmeo","p2id":"milguell","formatid":"gen9nationaldexubers","rating":1111,"private":0,"password":""}