{"id":"gen9nationaldexubers-1981406148","p1":"RealAthenaCykes","p2":"pikakip379","format":"[Gen 9] National Dex Ubers","log":"|j|\u2606RealAthenaCykes\n|j|\u2606pikakip379\n|t:|1698892258\n|gametype|singles\n|player|p1|RealAthenaCykes|clemont|\n|player|p2|pikakip379|ninjaboy-gen3|\n|teamsize|p1|1\n|teamsize|p2|1\n|gen|9\n|tier|[Gen 9] National Dex Ubers\n|rule|HP Percentage Mod: HP is shown in percentages\n|rule|Endless Battle Clause: Forcing endless battles is banned\n|rule|OHKO Clause: OHKO moves are banned\n|rule|Evasion Moves Clause: Evasion moves are banned\n|rule|Evasion Items Clause: Evasion items are banned\n|rule|Species Clause: Limit one of each Pok\u00e9mon\n|rule|Sleep Clause Mod: Limit one foe put to sleep\n|rule|Mega Rayquaza Clause: You cannot mega evolve Rayquaza\n|clearpoke\n|poke|p1|Okidogi, M|\n|poke|p2|Okidogi, M|\n|teampreview\n|inactive|Battle timer is ON: inactive players will automatically lose when time's up. (requested by RealAthenaCykes)\n|\n|t:|1698892261\n|start\n|switch|p1a: Okidogi|Okidogi, M|100\/100\n|switch|p2a: Okidobe|Okidogi, M|100\/100\n|turn|1\n|j| girlboss for hire\n|\n|t:|1698892267\n|-terastallize|p2a: Okidobe|Psychic\n|-terastallize|p1a: Okidogi|Dark\n|move|p2a: Okidobe|Psychic Fangs|p1a: Okidogi\n|-immune|p1a: Okidogi\n|move|p1a: Okidogi|Bulk Up|p1a: Okidogi\n|-boost|p1a: Okidogi|atk|1\n|-boost|p1a: Okidogi|def|1\n|\n|upkeep\n|turn|2\n|j| Incredible Gassy\n|\n|t:|1698892276\n|move|p2a: Okidobe|Poison Fang|p1a: Okidogi\n|-damage|p1a: Okidogi|89\/100\n|move|p1a: Okidogi|Bulk Up|p1a: Okidogi\n|-boost|p1a: Okidogi|atk|1\n|-boost|p1a: Okidogi|def|1\n|\n|upkeep\n|turn|3\n|\n|t:|1698892282\n|move|p2a: Okidobe|Drain Punch|p1a: Okidogi\n|-supereffective|p1a: Okidogi\n|-damage|p1a: Okidogi|64\/100\n|-status|p1a: Okidogi|tox|[from] ability: Toxic Chain|[of] p2a: Okidobe\n|move|p1a: Okidogi|Bulk Up|p1a: Okidogi\n|-boost|p1a: Okidogi|atk|1\n|-boost|p1a: Okidogi|def|1\n|\n|-damage|p1a: Okidogi|58\/100 tox|[from] psn\n|upkeep\n|turn|4\n|\n|t:|1698892288\n|move|p2a: Okidobe|Drain Punch|p1a: Okidogi\n|-supereffective|p1a: Okidogi\n|-damage|p1a: Okidogi|37\/100 tox\n|move|p1a: Okidogi|Facade|p2a: Okidobe\n|-damage|p2a: Okidobe|10\/100\n|\n|-damage|p1a: Okidogi|25\/100 tox|[from] psn\n|upkeep\n|turn|5\n|\n|t:|1698892294\n|move|p2a: Okidobe|Rest|p2a: Okidobe\n|-status|p2a: Okidobe|slp|[from] move: Rest\n|-heal|p2a: Okidobe|100\/100 slp|[silent]\n|-enditem|p2a: Okidobe|Chesto Berry|[eat]\n|-curestatus|p2a: Okidobe|slp|[msg]\n|move|p1a: Okidogi|Facade|p2a: Okidobe\n|-damage|p2a: Okidobe|3\/100\n|\n|-damage|p1a: Okidogi|7\/100 tox|[from] psn\n|upkeep\n|turn|6\n|\n|t:|1698892304\n|move|p2a: Okidobe|Drain Punch|p1a: Okidogi\n|-supereffective|p1a: Okidogi\n|-damage|p1a: Okidogi|0 fnt\n|-heal|p2a: Okidobe|7\/100|[from] drain|[of] p1a: Okidogi\n|faint|p1a: Okidogi\n|\n|win|pikakip379\n|l| Incredible Gassy\n|l|\u2606pikakip379\n","uploadtime":1698892331,"views":10,"p1id":"realathenacykes","p2id":"pikakip379","formatid":"gen9nationaldexubers","rating":0,"private":0,"password":""}