{"id":"gen9nationaldexubers-1984844568","p1":"Walter black 0000","p2":"85792195wwww","format":"[Gen 9] National Dex Ubers","log":"|j|\u2606Walter black 0000\n|j|\u260685792195wwww\n|t:|1699303845\n|gametype|singles\n|player|p1|Walter black 0000|lance-gen2|1812\n|player|p2|85792195wwww|mira|1847\n|teamsize|p1|6\n|teamsize|p2|6\n|gen|9\n|tier|[Gen 9] National Dex Ubers\n|rated|\n|rule|HP Percentage Mod: HP is shown in percentages\n|rule|Endless Battle Clause: Forcing endless battles is banned\n|rule|OHKO Clause: OHKO moves are banned\n|rule|Evasion Moves Clause: Evasion moves are banned\n|rule|Evasion Items Clause: Evasion items are banned\n|rule|Species Clause: Limit one of each Pok\u00e9mon\n|rule|Sleep Clause Mod: Limit one foe put to sleep\n|rule|Mega Rayquaza Clause: You cannot mega evolve Rayquaza\n|clearpoke\n|poke|p1|Eternatus|\n|poke|p1|Arceus-Fairy|\n|poke|p1|Ditto|\n|poke|p1|Necrozma-Dusk-Mane|\n|poke|p1|Zekrom|\n|poke|p1|Kingambit, M|\n|poke|p2|Zacian-*|\n|poke|p2|Groudon|\n|poke|p2|Krookodile, F|\n|poke|p2|Mewtwo|\n|poke|p2|Xerneas-*|\n|poke|p2|Arceus|\n|teampreview\n|inactive|Battle timer is ON: inactive players will automatically lose when time's up. (requested by Walter black 0000)\n|\n|t:|1699303858\n|start\n|switch|p1a: Arceus|Arceus-Fairy|100\/100\n|switch|p2a: Krookodile|Krookodile, F|100\/100\n|-ability|p2a: Krookodile|Intimidate|boost\n|-unboost|p1a: Arceus|atk|1\n|turn|1\n|\n|t:|1699303866\n|switch|p2a: Zacian|Zacian-Crowned|100\/100\n|-ability|p2a: Zacian|Intrepid Sword|boost\n|-boost|p2a: Zacian|atk|1\n|move|p1a: Arceus|Judgment|p2a: Zacian\n|-resisted|p2a: Zacian\n|-damage|p2a: Zacian|79\/100\n|\n|upkeep\n|turn|2\n|\n|t:|1699303882\n|switch|p1a: Necrozma|Necrozma-Dusk-Mane|100\/100\n|move|p2a: Zacian|Behemoth Blade|p1a: Necrozma\n|-resisted|p1a: Necrozma\n|-damage|p1a: Necrozma|62\/100\n|\n|upkeep\n|turn|3\n|\n|t:|1699303890\n|switch|p2a: Krookodile|Krookodile, F|100\/100\n|-ability|p2a: Krookodile|Intimidate|boost\n|-unboost|p1a: Necrozma|atk|1\n|move|p1a: Necrozma|Stealth Rock|p2a: Krookodile\n|-sidestart|p2: 85792195wwww|move: Stealth Rock\n|\n|upkeep\n|turn|4\n|\n|t:|1699303899\n|switch|p1a: Arceus|Arceus-Fairy|100\/100\n|move|p2a: Krookodile|Bulldoze|p1a: Arceus\n|-damage|p1a: Arceus|83\/100\n|-unboost|p1a: Arceus|spe|1\n|\n|upkeep\n|turn|5\n|\n|t:|1699303907\n|move|p2a: Krookodile|Stealth Rock|p1a: Arceus\n|-sidestart|p1: Walter black 0000|move: Stealth Rock\n|move|p1a: Arceus|Judgment|p2a: Krookodile\n|-supereffective|p2a: Krookodile\n|-enditem|p2a: Krookodile|Focus Sash\n|-damage|p2a: Krookodile|1\/100\n|\n|upkeep\n|turn|6\n|\n|t:|1699303925\n|switch|p2a: Zacian|Zacian-Crowned|79\/100\n|-damage|p2a: Zacian|73\/100|[from] Stealth Rock\n|move|p1a: Arceus|Judgment|p2a: Zacian\n|-resisted|p2a: Zacian\n|-damage|p2a: Zacian|52\/100\n|\n|upkeep\n|turn|7\n|\n|t:|1699303937\n|switch|p1a: Necrozma|Necrozma-Dusk-Mane|62\/100\n|-damage|p1a: Necrozma|56\/100|[from] Stealth Rock\n|move|p2a: Zacian|Behemoth Blade|p1a: Necrozma\n|-resisted|p1a: Necrozma\n|-damage|p1a: Necrozma|34\/100\n|\n|upkeep\n|turn|8\n|\n|t:|1699303952\n|switch|p2a: Krookodile|Krookodile, F|1\/100\n|-damage|p2a: Krookodile|0 fnt|[from] Stealth Rock\n|faint|p2a: Krookodile\n|move|p1a: Necrozma|Earth Power|p2: Krookodile|[notarget]\n|-fail|p1a: Necrozma\n|\n|upkeep\n|\n|t:|1699303962\n|switch|p2a: Mewtwo|Mewtwo|100\/100\n|-damage|p2a: Mewtwo|88\/100|[from] Stealth Rock\n|-ability|p2a: Mewtwo|Pressure\n|turn|9\n|\n|t:|1699303976\n|switch|p1a: Arceus|Arceus-Fairy|83\/100\n|-damage|p1a: Arceus|70\/100|[from] Stealth Rock\n|move|p2a: Mewtwo|Earth Power|p1a: Arceus\n|-damage|p1a: Arceus|41\/100\n|-damage|p2a: Mewtwo|78\/100|[from] item: Life Orb\n|\n|upkeep\n|turn|10\n|\n|t:|1699303985\n|move|p2a: Mewtwo|Psystrike|p1a: Arceus\n|-damage|p1a: Arceus|0 fnt\n|faint|p1a: Arceus\n|-damage|p2a: Mewtwo|68\/100|[from] item: Life Orb\n|\n|upkeep\n|\n|t:|1699304014\n|switch|p1a: Kingambit|Kingambit, M|100\/100\n|-damage|p1a: Kingambit|94\/100|[from] Stealth Rock\n|-activate|p1a: Kingambit|ability: Supreme Overlord\n|-start|p1a: Kingambit|fallen1|[silent]\n|turn|11\n|\n|t:|1699304027\n|-terastallize|p2a: Mewtwo|Dark\n|move|p1a: Kingambit|Sucker Punch|p2a: Mewtwo\n|-resisted|p2a: Mewtwo\n|-damage|p2a: Mewtwo|41\/100\n|move|p2a: Mewtwo|Earth Power|p1a: Kingambit\n|-supereffective|p1a: Kingambit\n|-crit|p1a: Kingambit\n|-damage|p1a: Kingambit|0 fnt\n|faint|p1a: Kingambit\n|-end|p1a: Kingambit|fallen1|[silent]\n|-damage|p2a: Mewtwo|31\/100|[from] item: Life Orb\n|\n|upkeep\n|\n|t:|1699304033\n|switch|p1a: Ditto|Ditto, shiny|100\/100\n|-damage|p1a: Ditto|88\/100|[from] Stealth Rock\n|-transform|p1a: Ditto|p2a: Mewtwo|[from] ability: Imposter\n|-ability|p1a: Ditto|Pressure\n|-start|p1a: Ditto|typechange|Psychic|[silent]\n|turn|12\n|\n|t:|1699304049\n|switch|p2a: Zacian|Zacian-Crowned|52\/100\n|-damage|p2a: Zacian|46\/100|[from] Stealth Rock\n|move|p1a: Ditto|Earth Power|p2a: Zacian\n|-supereffective|p2a: Zacian\n|-damage|p2a: Zacian|0 fnt\n|faint|p2a: Zacian\n|\n|upkeep\n|inactive|85792195wwww has 120 seconds left.\n|\n|t:|1699304070\n|switch|p2a: Arceus|Arceus|100\/100\n|-damage|p2a: Arceus|88\/100|[from] Stealth Rock\n|turn|13\n|\n|t:|1699304081\n|switch|p1a: Necrozma|Necrozma-Dusk-Mane|34\/100\n|-damage|p1a: Necrozma|28\/100|[from] Stealth Rock\n|move|p2a: Arceus|Earthquake|p1a: Necrozma\n|-supereffective|p1a: Necrozma\n|-damage|p1a: Necrozma|0 fnt\n|faint|p1a: Necrozma\n|-damage|p2a: Arceus|78\/100|[from] item: Life Orb\n|\n|upkeep\n|\n|t:|1699304088\n|switch|p1a: Eternatus|Eternatus|100\/100\n|-damage|p1a: Eternatus|88\/100|[from] Stealth Rock\n|-ability|p1a: Eternatus|Pressure\n|turn|14\n|\n|t:|1699304097\n|move|p1a: Eternatus|Cosmic Power|p1a: Eternatus\n|-boost|p1a: Eternatus|def|1\n|-boost|p1a: Eternatus|spd|1\n|move|p2a: Arceus|Earthquake|p1a: Eternatus\n|-supereffective|p1a: Eternatus\n|-damage|p1a: Eternatus|38\/100\n|-damage|p2a: Arceus|69\/100|[from] item: Life Orb\n|\n|-heal|p1a: Eternatus|44\/100|[from] item: Leftovers\n|upkeep\n|turn|15\n|\n|t:|1699304107\n|move|p1a: Eternatus|Recover|p1a: Eternatus\n|-heal|p1a: Eternatus|94\/100\n|move|p2a: Arceus|Swords Dance|p2a: Arceus\n|-boost|p2a: Arceus|atk|2\n|\n|-heal|p1a: Eternatus|100\/100|[from] item: Leftovers\n|upkeep\n|turn|16\n|\n|t:|1699304116\n|move|p1a: Eternatus|Sludge Bomb|p2a: Arceus\n|-damage|p2a: Arceus|38\/100\n|move|p2a: Arceus|Earthquake|p1a: Eternatus\n|-supereffective|p1a: Eternatus\n|-damage|p1a: Eternatus|7\/100\n|-damage|p2a: Arceus|28\/100|[from] item: Life Orb\n|\n|-heal|p1a: Eternatus|13\/100|[from] item: Leftovers\n|upkeep\n|turn|17\n|\n|t:|1699304127\n|move|p2a: Arceus|Extreme Speed|p1a: Eternatus\n|-damage|p1a: Eternatus|0 fnt\n|faint|p1a: Eternatus\n|-damage|p2a: Arceus|18\/100|[from] item: Life Orb\n|\n|upkeep\n|\n|t:|1699304129\n|switch|p1a: Ditto|Ditto, shiny|88\/100\n|-damage|p1a: Ditto|76\/100|[from] Stealth Rock\n|-transform|p1a: Ditto|p2a: Arceus|[from] ability: Imposter\n|turn|18\n|\n|t:|1699304139\n|-terastallize|p1a: Ditto|Ghost\n|move|p2a: Arceus|Extreme Speed|p1a: Ditto\n|-immune|p1a: Ditto\n|move|p1a: Ditto|Earthquake|p2a: Arceus\n|-damage|p2a: Arceus|0 fnt\n|faint|p2a: Arceus\n|\n|upkeep\n|inactive|85792195wwww has 120 seconds left.\n|\n|t:|1699304172\n|switch|p2a: Groudon|Groudon|100\/100\n|-damage|p2a: Groudon|94\/100|[from] Stealth Rock\n|detailschange|p2a: Groudon|Groudon-Primal\n|-primal|p2a: Groudon|Red Orb\n|-weather|DesolateLand|[from] ability: Desolate Land|[of] p2a: Groudon\n|turn|19\n|\n|t:|1699304178\n|move|p1a: Ditto|Earthquake|p2a: Groudon\n|-supereffective|p2a: Groudon\n|-damage|p2a: Groudon|9\/100\n|move|p2a: Groudon|Heat Crash|p1a: Ditto\n|-damage|p1a: Ditto|0 fnt\n|faint|p1a: Ditto\n|\n|-weather|DesolateLand|[upkeep]\n|upkeep\n|\n|t:|1699304185\n|switch|p1a: Zekrom|Zekrom|100\/100\n|-damage|p1a: Zekrom|88\/100|[from] Stealth Rock\n|-ability|p1a: Zekrom|Teravolt\n|turn|20\n|\n|t:|1699304192\n|move|p1a: Zekrom|Dragon Dance|p1a: Zekrom\n|-boost|p1a: Zekrom|atk|1\n|-boost|p1a: Zekrom|spe|1\n|move|p2a: Groudon|Precipice Blades|p1a: Zekrom\n|-supereffective|p1a: Zekrom\n|-damage|p1a: Zekrom|0 fnt\n|faint|p1a: Zekrom\n|\n|win|85792195wwww\n|raw|Walter black 0000's rating: 1812 &rarr; <strong>1794<\/strong><br \/>(-18 for losing)\n|raw|85792195wwww's rating: 1847 &rarr; <strong>1865<\/strong><br \/>(+18 for winning)\n|l|\u2606Walter black 0000\n","uploadtime":1699304234,"views":17,"p1id":"walterblack0000","p2id":"85792195wwww","formatid":"gen9nationaldexubers","rating":1794,"private":0,"password":""}