{"id":"gen9nationaldexubers-1993493749","p1":"Thtbrklynguy","p2":"Ricky490","format":"[Gen 9] National Dex Ubers","log":"|j|\u2606Thtbrklynguy\n|j|\u2606Ricky490\n|t:|1700324515\n|gametype|singles\n|player|p1|Thtbrklynguy|shadowtriad|1163\n|player|p2|Ricky490|1|1143\n|teamsize|p1|6\n|teamsize|p2|6\n|gen|9\n|tier|[Gen 9] National Dex Ubers\n|rated|\n|rule|HP Percentage Mod: HP is shown in percentages\n|rule|Endless Battle Clause: Forcing endless battles is banned\n|rule|OHKO Clause: OHKO moves are banned\n|rule|Evasion Moves Clause: Evasion moves are banned\n|rule|Evasion Items Clause: Evasion items are banned\n|rule|Species Clause: Limit one of each Pok\u00e9mon\n|rule|Sleep Clause Mod: Limit one foe put to sleep\n|rule|Mega Rayquaza Clause: You cannot mega evolve Rayquaza\n|clearpoke\n|poke|p1|Ninetales-Alola, F|\n|poke|p1|Umbreon, F|\n|poke|p1|Serperior, M|\n|poke|p1|Dragapult, F|\n|poke|p1|Kyogre|\n|poke|p1|Regieleki|\n|poke|p2|Infernape, M|\n|poke|p2|Primarina, F|\n|poke|p2|Ferrothorn, F|\n|poke|p2|Kingambit, M|\n|poke|p2|Latias, F|\n|poke|p2|Clodsire, M|\n|teampreview\n|\n|t:|1700324519\n|start\n|switch|p1a: Serperior|Serperior, M|100\/100\n|switch|p2a: Clodsire|Clodsire, M|100\/100\n|turn|1\n|\n|t:|1700324527\n|move|p1a: Serperior|Leaf Storm|p2a: Clodsire\n|-damage|p2a: Clodsire|78\/100\n|-boost|p1a: Serperior|spa|2\n|move|p2a: Clodsire|Stealth Rock|p1a: Serperior\n|-sidestart|p1: Thtbrklynguy|move: Stealth Rock\n|\n|-heal|p2a: Clodsire|85\/100|[from] item: Black Sludge\n|upkeep\n|turn|2\n|\n|t:|1700324542\n|move|p1a: Serperior|Glare|p2a: Clodsire\n|-status|p2a: Clodsire|par\n|cant|p2a: Clodsire|par\n|\n|-heal|p2a: Clodsire|91\/100 par|[from] item: Black Sludge\n|upkeep\n|turn|3\n|\n|t:|1700324549\n|move|p1a: Serperior|Leaf Storm|p2a: Clodsire\n|-damage|p2a: Clodsire|43\/100 par\n|-boost|p1a: Serperior|spa|2\n|move|p2a: Clodsire|Toxic|p1a: Serperior\n|-status|p1a: Serperior|tox\n|\n|-heal|p2a: Clodsire|50\/100 par|[from] item: Black Sludge\n|-damage|p1a: Serperior|94\/100 tox|[from] psn\n|upkeep\n|turn|4\n|\n|t:|1700324561\n|switch|p2a: Ferrothorn|Ferrothorn, F|100\/100\n|move|p1a: Serperior|Leaf Storm|p2a: Ferrothorn\n|-resisted|p2a: Ferrothorn\n|-damage|p2a: Ferrothorn|72\/100\n|-boost|p1a: Serperior|spa|2\n|\n|-damage|p1a: Serperior|82\/100 tox|[from] psn\n|upkeep\n|turn|5\n|\n|t:|1700324571\n|move|p1a: Serperior|Hidden Power|p2a: Ferrothorn\n|-supereffective|p2a: Ferrothorn\n|-damage|p2a: Ferrothorn|0 fnt\n|faint|p2a: Ferrothorn\n|\n|-damage|p1a: Serperior|63\/100 tox|[from] psn\n|upkeep\n|\n|t:|1700324581\n|switch|p2a: Infernape|Infernape, M|100\/100\n|turn|6\n|\n|t:|1700324590\n|move|p1a: Serperior|Leaf Storm|p2a: Infernape\n|-resisted|p2a: Infernape\n|-enditem|p2a: Infernape|Focus Sash\n|-damage|p2a: Infernape|1\/100\n|move|p2a: Infernape|Fire Punch|p1a: Serperior\n|-supereffective|p1a: Serperior\n|-damage|p1a: Serperior|0 fnt\n|faint|p1a: Serperior\n|\n|upkeep\n|\n|t:|1700324600\n|switch|p1a: Regieleki|Regieleki, shiny|100\/100\n|-damage|p1a: Regieleki|88\/100|[from] Stealth Rock\n|turn|7\n|\n|t:|1700324612\n|move|p1a: Regieleki|Volt Switch|p2a: Infernape\n|-damage|p2a: Infernape|0 fnt\n|faint|p2a: Infernape\n|\n|t:|1700324616\n|switch|p1a: Ninetales|Ninetales-Alola, F, shiny|100\/100|[from] Volt Switch\n|-damage|p1a: Ninetales|76\/100|[from] Stealth Rock\n|-weather|Snow|[from] ability: Snow Warning|[of] p1a: Ninetales\n|\n|-weather|Snow|[upkeep]\n|upkeep\n|\n|t:|1700324636\n|switch|p2a: Kingambit|Kingambit, M|100\/100\n|-activate|p2a: Kingambit|ability: Supreme Overlord\n|-start|p2a: Kingambit|fallen2|[silent]\n|turn|8\n|\n|t:|1700324647\n|move|p1a: Ninetales|Aurora Veil|p1a: Ninetales\n|-sidestart|p1: Thtbrklynguy|move: Aurora Veil\n|move|p2a: Kingambit|Iron Head|p1a: Ninetales\n|-supereffective|p1a: Ninetales\n|-damage|p1a: Ninetales|0 fnt\n|faint|p1a: Ninetales\n|\n|-weather|Snow|[upkeep]\n|upkeep\n|\n|t:|1700324656\n|switch|p1a: Kyogre|Kyogre|100\/100\n|-damage|p1a: Kyogre|88\/100|[from] Stealth Rock\n|detailschange|p1a: Kyogre|Kyogre-Primal\n|-primal|p1a: Kyogre|Blue Orb\n|-weather|PrimordialSea|[from] ability: Primordial Sea|[of] p1a: Kyogre\n|turn|9\n|\n|t:|1700324665\n|move|p2a: Kingambit|Sucker Punch|p1a: Kyogre\n|-damage|p1a: Kyogre|61\/100\n|move|p1a: Kyogre|Water Spout|p2a: Kingambit\n|-damage|p2a: Kingambit|13\/100\n|\n|-weather|PrimordialSea|[upkeep]\n|upkeep\n|turn|10\n|\n|t:|1700324683\n|-end|p2a: Kingambit|fallen2|[silent]\n|switch|p2a: Clodsire|Clodsire, M|50\/100 par\n|move|p1a: Kyogre|Origin Pulse|p2a: Clodsire\n|-heal|p2a: Clodsire|75\/100 par|[from] ability: Water Absorb|[of] p1a: Kyogre\n|\n|-weather|PrimordialSea|[upkeep]\n|-heal|p2a: Clodsire|81\/100 par|[from] item: Black Sludge\n|upkeep\n|turn|11\n|\n|t:|1700324695\n|-weather|none\n|switch|p1a: Dragapult|Dragapult, F|100\/100\n|cant|p2a: Clodsire|par\n|\n|-heal|p2a: Clodsire|87\/100 par|[from] item: Black Sludge\n|upkeep\n|turn|12\n|\n|t:|1700324704\n|move|p1a: Dragapult|Hex|p2a: Clodsire\n|-damage|p2a: Clodsire|62\/100 par\n|cant|p2a: Clodsire|par\n|\n|-heal|p2a: Clodsire|69\/100 par|[from] item: Black Sludge\n|upkeep\n|turn|13\n|\n|t:|1700324714\n|-terastallize|p1a: Dragapult|Steel\n|move|p1a: Dragapult|Substitute|p1a: Dragapult\n|-start|p1a: Dragapult|Substitute\n|-damage|p1a: Dragapult|76\/100\n|move|p2a: Clodsire|Toxic||[still]\n|-fail|p2a: Clodsire\n|\n|-heal|p2a: Clodsire|75\/100 par|[from] item: Black Sludge\n|upkeep\n|turn|14\n|\n|t:|1700324730\n|move|p1a: Dragapult|Hex|p2a: Clodsire\n|-damage|p2a: Clodsire|50\/100 par\n|move|p2a: Clodsire|Earthquake|p1a: Dragapult\n|-supereffective|p1a: Dragapult\n|-end|p1a: Dragapult|Substitute\n|\n|-heal|p2a: Clodsire|57\/100 par|[from] item: Black Sludge\n|upkeep\n|turn|15\n|\n|t:|1700324739\n|move|p1a: Dragapult|Hex|p2a: Clodsire\n|-damage|p2a: Clodsire|35\/100 par\n|cant|p2a: Clodsire|par\n|\n|-heal|p2a: Clodsire|41\/100 par|[from] item: Black Sludge\n|-sideend|p1: Thtbrklynguy|move: Aurora Veil\n|upkeep\n|turn|16\n|\n|t:|1700324750\n|switch|p2a: Kingambit|Kingambit, M|13\/100\n|-activate|p2a: Kingambit|ability: Supreme Overlord\n|-start|p2a: Kingambit|fallen2|[silent]\n|move|p1a: Dragapult|Dragon Darts|p2a: Kingambit\n|-resisted|p2a: Kingambit\n|-damage|p2a: Kingambit|5\/100\n|-anim|p1a: Dragapult|Dragon Darts|p2a: Kingambit\n|-resisted|p2a: Kingambit\n|-damage|p2a: Kingambit|0 fnt\n|faint|p2a: Kingambit\n|-end|p2a: Kingambit|fallen2|[silent]\n|\n|upkeep\n|\n|t:|1700324758\n|switch|p2a: Primarina|Primarina, F|100\/100\n|turn|17\n|\n|t:|1700324763\n|move|p1a: Dragapult|Thunder Wave|p2a: Primarina\n|-status|p2a: Primarina|par\n|cant|p2a: Primarina|par\n|\n|upkeep\n|turn|18\n|\n|t:|1700324774\n|move|p1a: Dragapult|Substitute|p1a: Dragapult\n|-start|p1a: Dragapult|Substitute\n|-damage|p1a: Dragapult|51\/100\n|-zpower|p2a: Primarina\n|move|p2a: Primarina|Oceanic Operetta|p1a: Dragapult|[zeffect]\n|-end|p1a: Dragapult|Substitute\n|\n|upkeep\n|turn|19\n|\n|t:|1700324784\n|move|p1a: Dragapult|Substitute|p1a: Dragapult\n|-start|p1a: Dragapult|Substitute\n|-damage|p1a: Dragapult|26\/100\n|move|p2a: Primarina|Sparkling Aria|p1a: Dragapult\n|-damage|p1a: Dragapult|0 fnt\n|faint|p1a: Dragapult\n|\n|upkeep\n|\n|t:|1700324795\n|switch|p1a: Regieleki|Regieleki, shiny|88\/100\n|-damage|p1a: Regieleki|76\/100|[from] Stealth Rock\n|turn|20\n|\n|t:|1700324800\n|switch|p2a: Clodsire|Clodsire, M|41\/100 par\n|move|p1a: Regieleki|Thunderbolt|p2a: Clodsire\n|-immune|p2a: Clodsire\n|\n|-heal|p2a: Clodsire|47\/100 par|[from] item: Black Sludge\n|upkeep\n|turn|21\n|\n|t:|1700324809\n|switch|p1a: Umbreon|Umbreon, F, shiny|100\/100\n|-damage|p1a: Umbreon|88\/100|[from] Stealth Rock\n|move|p2a: Clodsire|Earthquake|p1a: Umbreon\n|-damage|p1a: Umbreon|70\/100\n|\n|-heal|p1a: Umbreon|76\/100|[from] item: Leftovers\n|-heal|p2a: Clodsire|53\/100 par|[from] item: Black Sludge\n|upkeep\n|turn|22\n|\n|t:|1700324819\n|switch|p2a: Primarina|Primarina, F|100\/100 par\n|move|p1a: Umbreon|Foul Play|p2a: Primarina\n|-resisted|p2a: Primarina\n|-damage|p2a: Primarina|86\/100 par\n|\n|-heal|p1a: Umbreon|82\/100|[from] item: Leftovers\n|upkeep\n|turn|23\n|\n|t:|1700324828\n|move|p1a: Umbreon|Snarl|p2a: Primarina\n|-resisted|p2a: Primarina\n|-damage|p2a: Primarina|81\/100 par\n|-unboost|p2a: Primarina|spa|1\n|move|p2a: Primarina|Moonblast|p1a: Umbreon\n|-supereffective|p1a: Umbreon\n|-damage|p1a: Umbreon|36\/100\n|-unboost|p1a: Umbreon|spa|1\n|\n|-heal|p1a: Umbreon|42\/100|[from] item: Leftovers\n|upkeep\n|turn|24\n|\n|t:|1700324844\n|move|p1a: Umbreon|Snarl|p2a: Primarina\n|-resisted|p2a: Primarina\n|-damage|p2a: Primarina|76\/100 par\n|-unboost|p2a: Primarina|spa|1\n|cant|p2a: Primarina|par\n|\n|-heal|p1a: Umbreon|48\/100|[from] item: Leftovers\n|upkeep\n|turn|25\n|\n|t:|1700324853\n|switch|p2a: Clodsire|Clodsire, M|53\/100 par\n|move|p1a: Umbreon|Moonlight|p1a: Umbreon\n|-heal|p1a: Umbreon|98\/100\n|\n|-heal|p1a: Umbreon|100\/100|[from] item: Leftovers\n|-heal|p2a: Clodsire|60\/100 par|[from] item: Black Sludge\n|upkeep\n|turn|26\n|\n|t:|1700324862\n|move|p1a: Umbreon|Foul Play|p2a: Clodsire\n|-damage|p2a: Clodsire|31\/100 par\n|move|p2a: Clodsire|Toxic|p1a: Umbreon\n|-status|p1a: Umbreon|tox\n|\n|-heal|p2a: Clodsire|37\/100 par|[from] item: Black Sludge\n|-damage|p1a: Umbreon|94\/100 tox|[from] psn\n|upkeep\n|turn|27\n|\n|t:|1700324871\n|move|p1a: Umbreon|Foul Play|p2a: Clodsire\n|-damage|p2a: Clodsire|11\/100 par\n|cant|p2a: Clodsire|par\n|\n|-heal|p1a: Umbreon|100\/100 tox|[from] item: Leftovers\n|-heal|p2a: Clodsire|17\/100 par|[from] item: Black Sludge\n|-damage|p1a: Umbreon|88\/100 tox|[from] psn\n|upkeep\n|turn|28\n|\n|t:|1700324884\n|move|p1a: Umbreon|Foul Play|p2a: Clodsire\n|-damage|p2a: Clodsire|0 fnt\n|faint|p2a: Clodsire\n|\n|-heal|p1a: Umbreon|94\/100 tox|[from] item: Leftovers\n|-damage|p1a: Umbreon|76\/100 tox|[from] psn\n|upkeep\n|\n|t:|1700324897\n|switch|p2a: Primarina|Primarina, F|76\/100 par\n|turn|29\n|\n|t:|1700324907\n|switch|p1a: Regieleki|Regieleki, shiny|76\/100\n|-damage|p1a: Regieleki|64\/100|[from] Stealth Rock\n|move|p2a: Primarina|Moonblast|p1a: Regieleki\n|-damage|p1a: Regieleki|0 fnt\n|faint|p1a: Regieleki\n|\n|upkeep\n|\n|t:|1700324916\n|switch|p1a: Kyogre|Kyogre-Primal|61\/100\n|-damage|p1a: Kyogre|49\/100|[from] Stealth Rock\n|-weather|PrimordialSea|[from] ability: Primordial Sea|[of] p1a: Kyogre\n|turn|30\n|\n|t:|1700324928\n|move|p1a: Kyogre|Thunder|p2a: Primarina\n|-supereffective|p2a: Primarina\n|-damage|p2a: Primarina|0 fnt\n|faint|p2a: Primarina\n|\n|-weather|PrimordialSea|[upkeep]\n|upkeep\n|\n|t:|1700324932\n|switch|p2a: Latias|Latias, F|100\/100\n|turn|31\n|\n|t:|1700324944\n|detailschange|p2a: Latias|Latias-Mega, F\n|-mega|p2a: Latias|Latias|Latiasite\n|move|p1a: Kyogre|Water Spout|p2a: Latias\n|-resisted|p2a: Latias\n|-damage|p2a: Latias|77\/100\n|move|p2a: Latias|Draco Meteor|p1a: Kyogre\n|-damage|p1a: Kyogre|0 fnt\n|-unboost|p2a: Latias|spa|2\n|faint|p1a: Kyogre\n|-weather|none\n|\n|upkeep\n|\n|t:|1700324956\n|switch|p1a: Umbreon|Umbreon, F, shiny|76\/100 tox\n|-damage|p1a: Umbreon|64\/100 tox|[from] Stealth Rock\n|turn|32\n|\n|t:|1700324962\n|move|p2a: Latias|Draco Meteor|p1a: Umbreon\n|-damage|p1a: Umbreon|38\/100 tox\n|-unboost|p2a: Latias|spa|2\n|move|p1a: Umbreon|Foul Play|p2a: Latias\n|-supereffective|p2a: Latias\n|-damage|p2a: Latias|34\/100\n|\n|-heal|p1a: Umbreon|44\/100 tox|[from] item: Leftovers\n|-damage|p1a: Umbreon|38\/100 tox|[from] psn\n|upkeep\n|turn|33\n|\n|t:|1700324974\n|move|p2a: Latias|Roost|p2a: Latias\n|-heal|p2a: Latias|84\/100\n|-singleturn|p2a: Latias|move: Roost\n|move|p1a: Umbreon|Foul Play|p2a: Latias\n|-supereffective|p2a: Latias\n|-damage|p2a: Latias|41\/100\n|\n|-heal|p1a: Umbreon|44\/100 tox|[from] item: Leftovers\n|-damage|p1a: Umbreon|32\/100 tox|[from] psn\n|upkeep\n|turn|34\n|\n|t:|1700324989\n|move|p2a: Latias|Roost|p2a: Latias\n|-heal|p2a: Latias|91\/100\n|-singleturn|p2a: Latias|move: Roost\n|move|p1a: Umbreon|Moonlight|p1a: Umbreon\n|-heal|p1a: Umbreon|82\/100 tox\n|\n|-heal|p1a: Umbreon|88\/100 tox|[from] item: Leftovers\n|-damage|p1a: Umbreon|70\/100 tox|[from] psn\n|upkeep\n|turn|35\n|\n|t:|1700325002\n|move|p2a: Latias|Ice Beam|p1a: Umbreon\n|-crit|p1a: Umbreon\n|-damage|p1a: Umbreon|35\/100 tox\n|move|p1a: Umbreon|Foul Play|p2a: Latias\n|-supereffective|p2a: Latias\n|-damage|p2a: Latias|46\/100\n|\n|-heal|p1a: Umbreon|41\/100 tox|[from] item: Leftovers\n|-damage|p1a: Umbreon|17\/100 tox|[from] psn\n|upkeep\n|turn|36\n|\n|t:|1700325013\n|move|p2a: Latias|Ice Beam|p1a: Umbreon\n|-damage|p1a: Umbreon|8\/100 tox\n|move|p1a: Umbreon|Foul Play|p2a: Latias\n|-supereffective|p2a: Latias\n|-damage|p2a: Latias|8\/100\n|\n|-heal|p1a: Umbreon|14\/100 tox|[from] item: Leftovers\n|-damage|p1a: Umbreon|0 fnt|[from] psn\n|faint|p1a: Umbreon\n|\n|win|Ricky490\n|upkeep\n|raw|Thtbrklynguy's rating: 1163 &rarr; <strong>1137<\/strong><br \/>(-26 for losing)\n|raw|Ricky490's rating: 1143 &rarr; <strong>1169<\/strong><br \/>(+26 for winning)\n|c|\u2606Ricky490|gg\n","uploadtime":1700325043,"views":7,"p1id":"thtbrklynguy","p2id":"ricky490","formatid":"gen9nationaldexubers","rating":1137,"private":0,"password":""}