{"id":"gen9nationaldexubers-1987360438","p1":"Mewzp","p2":"Rhyfinn sr.","format":"[Gen 9] National Dex Ubers","log":"|j|\u2606Mewzp\n|j|\u2606Rhyfinn sr.\n|t:|1699581680\n|gametype|singles\n|player|p1|Mewzp|riley|1258\n|player|p2|Rhyfinn sr.|alder|1399\n|teamsize|p1|6\n|teamsize|p2|6\n|gen|9\n|tier|[Gen 9] National Dex Ubers\n|rated|\n|rule|HP Percentage Mod: HP is shown in percentages\n|rule|Endless Battle Clause: Forcing endless battles is banned\n|rule|OHKO Clause: OHKO moves are banned\n|rule|Evasion Moves Clause: Evasion moves are banned\n|rule|Evasion Items Clause: Evasion items are banned\n|rule|Species Clause: Limit one of each Pok\u00e9mon\n|rule|Sleep Clause Mod: Limit one foe put to sleep\n|rule|Mega Rayquaza Clause: You cannot mega evolve Rayquaza\n|clearpoke\n|poke|p1|Cloyster, M|\n|poke|p1|Dragapult, M|\n|poke|p1|Zacian-*|\n|poke|p1|Cinderace, M|\n|poke|p1|Marshadow|\n|poke|p1|Mimikyu, M|\n|poke|p2|Groudon|\n|poke|p2|Xerneas-*|\n|poke|p2|Marshadow|\n|poke|p2|Necrozma-Dusk-Mane|\n|poke|p2|Deoxys-Speed|\n|poke|p2|Rayquaza|\n|teampreview\n|inactive|Battle timer is ON: inactive players will automatically lose when time's up. (requested by Mewzp)\n|inactive|Rhyfinn sr. also wants the timer to be on.\n|\n|t:|1699581692\n|start\n|switch|p1a: Cloyster|Cloyster, M, shiny|100\/100\n|switch|p2a: Deoxys|Deoxys-Speed|100\/100\n|-ability|p2a: Deoxys|Pressure\n|turn|1\n|\n|t:|1699581705\n|move|p1a: Cloyster|Protect|p1a: Cloyster\n|-singleturn|p1a: Cloyster|Protect\n|move|p2a: Deoxys|Taunt|p1a: Cloyster\n|-activate|p1a: Cloyster|move: Protect\n|\n|upkeep\n|turn|2\n|\n|t:|1699581718\n|move|p2a: Deoxys|Taunt|p1a: Cloyster\n|-start|p1a: Cloyster|move: Taunt\n|cant|p1a: Cloyster|move: Taunt|Shell Smash\n|\n|upkeep\n|turn|3\n|\n|t:|1699581728\n|move|p2a: Deoxys|Stealth Rock|p1a: Cloyster\n|-sidestart|p1: Mewzp|move: Stealth Rock\n|move|p1a: Cloyster|Icicle Spear|p2a: Deoxys\n|-damage|p2a: Deoxys|87\/100\n|-damage|p2a: Deoxys|71\/100\n|-damage|p2a: Deoxys|57\/100\n|-damage|p2a: Deoxys|43\/100\n|-damage|p2a: Deoxys|30\/100\n|-hitcount|p2a: Deoxys|5\n|\n|upkeep\n|turn|4\n|\n|t:|1699581739\n|move|p2a: Deoxys|Spikes|p1a: Cloyster\n|-sidestart|p1: Mewzp|Spikes\n|move|p1a: Cloyster|Icicle Spear|p2a: Deoxys\n|-damage|p2a: Deoxys|16\/100\n|-damage|p2a: Deoxys|2\/100\n|-damage|p2a: Deoxys|0 fnt\n|faint|p2a: Deoxys\n|-hitcount|p2: Deoxys|3\n|\n|-end|p1a: Cloyster|move: Taunt\n|upkeep\n|\n|t:|1699581756\n|switch|p2a: Groudon|Groudon, shiny|100\/100\n|detailschange|p2a: Groudon|Groudon-Primal, shiny\n|-primal|p2a: Groudon|Red Orb\n|-weather|DesolateLand|[from] ability: Desolate Land|[of] p2a: Groudon\n|turn|5\n|\n|t:|1699581769\n|move|p2a: Groudon|Rock Polish|p2a: Groudon\n|-boost|p2a: Groudon|spe|2\n|move|p1a: Cloyster|Shell Smash|p1a: Cloyster\n|-unboost|p1a: Cloyster|def|1\n|-unboost|p1a: Cloyster|spd|1\n|-boost|p1a: Cloyster|atk|2\n|-boost|p1a: Cloyster|spa|2\n|-boost|p1a: Cloyster|spe|2\n|-enditem|p1a: Cloyster|White Herb\n|-clearnegativeboost|p1a: Cloyster|[silent]\n|\n|-weather|DesolateLand|[upkeep]\n|upkeep\n|turn|6\n|\n|t:|1699581776\n|move|p2a: Groudon|Solar Beam||[still]\n|-prepare|p2a: Groudon|Solar Beam\n|-anim|p2a: Groudon|Solar Beam|p1a: Cloyster\n|-supereffective|p1a: Cloyster\n|-damage|p1a: Cloyster|0 fnt\n|faint|p1a: Cloyster\n|\n|-weather|DesolateLand|[upkeep]\n|upkeep\n|\n|t:|1699581784\n|switch|p1a: Cinderace|Cinderace, M|100\/100\n|-damage|p1a: Cinderace|76\/100|[from] Stealth Rock\n|-damage|p1a: Cinderace|63\/100|[from] Spikes\n|turn|7\n|\n|t:|1699581791\n|move|p2a: Groudon|Earth Power|p1a: Cinderace\n|-supereffective|p1a: Cinderace\n|-damage|p1a: Cinderace|0 fnt\n|faint|p1a: Cinderace\n|\n|-weather|DesolateLand|[upkeep]\n|upkeep\n|\n|t:|1699581802\n|switch|p1a: Zacian|Zacian-Crowned, shiny|100\/100\n|-damage|p1a: Zacian|94\/100|[from] Stealth Rock\n|-damage|p1a: Zacian|82\/100|[from] Spikes\n|-ability|p1a: Zacian|Intrepid Sword|boost\n|-boost|p1a: Zacian|atk|1\n|turn|8\n|\n|t:|1699581817\n|-terastallize|p1a: Zacian|Water\n|move|p2a: Groudon|Flamethrower|p1a: Zacian\n|-resisted|p1a: Zacian\n|-damage|p1a: Zacian|45\/100\n|-status|p1a: Zacian|brn\n|move|p1a: Zacian|Dig||[still]\n|-prepare|p1a: Zacian|Dig\n|\n|-weather|DesolateLand|[upkeep]\n|-damage|p1a: Zacian|39\/100 brn|[from] brn\n|upkeep\n|turn|9\n|\n|t:|1699581829\n|-weather|none\n|switch|p2a: Rayquaza|Rayquaza|100\/100\n|-ability|p2a: Rayquaza|Air Lock\n|move|p1a: Zacian|Dig|p2a: Rayquaza|[from]lockedmove\n|-immune|p2a: Rayquaza\n|\n|-damage|p1a: Zacian|33\/100 brn|[from] brn\n|upkeep\n|turn|10\n|\n|t:|1699581836\n|move|p2a: Rayquaza|Dragon Ascent|p1a: Zacian\n|-damage|p1a: Zacian|0 fnt\n|-unboost|p2a: Rayquaza|def|1\n|-unboost|p2a: Rayquaza|spd|1\n|faint|p1a: Zacian\n|\n|upkeep\n|\n|t:|1699581841\n|switch|p1a: Mimikyu|Mimikyu, M, shiny|100\/100\n|-damage|p1a: Mimikyu|88\/100|[from] Stealth Rock\n|-damage|p1a: Mimikyu|76\/100|[from] Spikes\n|turn|11\n|\n|t:|1699581850\n|move|p2a: Rayquaza|Dragon Ascent|p1a: Mimikyu\n|-activate|p1a: Mimikyu|ability: Disguise\n|-damage|p1a: Mimikyu|76\/100\n|-unboost|p2a: Rayquaza|def|1\n|-unboost|p2a: Rayquaza|spd|1\n|detailschange|p1a: Mimikyu|Mimikyu-Busted, M, shiny\n|-damage|p1a: Mimikyu|63\/100|[from] pokemon: Mimikyu-Busted\n|-zpower|p1a: Mimikyu\n|move|p1a: Mimikyu|Let's Snuggle Forever|p2a: Rayquaza|[zeffect]\n|-supereffective|p2a: Rayquaza\n|-crit|p2a: Rayquaza\n|-damage|p2a: Rayquaza|0 fnt\n|faint|p2a: Rayquaza\n|\n|upkeep\n|\n|t:|1699581870\n|switch|p2a: Groudon|Groudon-Primal, shiny|100\/100\n|-weather|DesolateLand|[from] ability: Desolate Land|[of] p2a: Groudon\n|turn|12\n|\n|t:|1699581885\n|move|p1a: Mimikyu|Shadow Sneak|p2a: Groudon\n|-damage|p2a: Groudon|92\/100\n|move|p2a: Groudon|Rock Polish|p2a: Groudon\n|-boost|p2a: Groudon|spe|2\n|\n|-weather|DesolateLand|[upkeep]\n|upkeep\n|turn|13\n|\n|t:|1699581891\n|move|p1a: Mimikyu|Shadow Sneak|p2a: Groudon\n|-damage|p2a: Groudon|83\/100\n|move|p2a: Groudon|Flamethrower|p1a: Mimikyu\n|-damage|p1a: Mimikyu|0 fnt\n|faint|p1a: Mimikyu\n|\n|-weather|DesolateLand|[upkeep]\n|upkeep\n|l|\u2606Mewzp\n|inactive|Mewzp disconnected and has a minute to reconnect!\n|player|p1|\n|inactive|Mewzp has 30 seconds to reconnect!\n|inactive|Mewzp has 20 seconds to reconnect!\n|inactive|Mewzp has 15 seconds to reconnect!\n|inactive|Mewzp has 10 seconds to reconnect!\n|inactive|Mewzp has 5 seconds to reconnect!\n|-message|Mewzp lost due to inactivity.\n|\n|win|Rhyfinn sr.\n|raw|Mewzp's rating: 1258 &rarr; <strong>1243<\/strong><br \/>(-15 for losing)\n|raw|Rhyfinn sr.'s rating: 1399 &rarr; <strong>1411<\/strong><br \/>(+12 for winning)\n","uploadtime":1699581978,"views":5,"p1id":"mewzp","p2id":"rhyfinnsr","formatid":"gen9nationaldexubers","rating":1243,"private":0,"password":""}