{"id":"gen9nationaldexubers-1992916438","p1":"Samgard\u3150\u3134\u3150\u315c\u315b\u3150\u3134","p2":"JustMonika_CARR","format":"[Gen 9] National Dex Ubers","log":"|j|\u203dSamgard\u3150\u3134\u3150\u315c\u315b\u3150\u3134\n|j|\u2606JustMonika_CARR\n|t:|1700246566\n|gametype|singles\n|player|p1|Samgard\u3150\u3134\u3150\u315c\u315b\u3150\u3134|blackbelt-gen4dp|1368\n|player|p2|JustMonika_CARR|rosa|1392\n|teamsize|p1|6\n|teamsize|p2|6\n|gen|9\n|tier|[Gen 9] National Dex Ubers\n|rated|\n|rule|HP Percentage Mod: HP is shown in percentages\n|rule|Endless Battle Clause: Forcing endless battles is banned\n|rule|OHKO Clause: OHKO moves are banned\n|rule|Evasion Moves Clause: Evasion moves are banned\n|rule|Evasion Items Clause: Evasion items are banned\n|rule|Species Clause: Limit one of each Pok\u00e9mon\n|rule|Sleep Clause Mod: Limit one foe put to sleep\n|rule|Mega Rayquaza Clause: You cannot mega evolve Rayquaza\n|clearpoke\n|poke|p1|Xerneas-*|\n|poke|p1|Zacian-*|\n|poke|p1|Zekrom|\n|poke|p1|Reshiram|\n|poke|p1|Groudon|\n|poke|p1|Kyogre|\n|poke|p2|Marshadow|\n|poke|p2|Lopunny, F|\n|poke|p2|Eternatus|\n|poke|p2|Forretress, F|\n|poke|p2|Pheromosa|\n|poke|p2|Grimmsnarl, M|\n|teampreview\n|inactive|Battle timer is ON: inactive players will automatically lose when time's up. (requested by Samgard\u3150\u3134\u3150\u315c\u315b\u3150\u3134)\n|\n|t:|1700246570\n|start\n|switch|p1a: Reshiram|Reshiram|100\/100\n|switch|p2a: Forretress|Forretress, F, shiny|100\/100\n|-ability|p1a: Reshiram|Turboblaze\n|turn|1\n|\n|t:|1700246582\n|switch|p2a: Grimmsnarl|Grimmsnarl, M, shiny|100\/100\n|move|p1a: Reshiram|Blue Flare|p2a: Grimmsnarl\n|-damage|p2a: Grimmsnarl|0 fnt\n|faint|p2a: Grimmsnarl\n|\n|upkeep\n|\n|t:|1700246592\n|switch|p2a: Eternatus|Eternatus|100\/100\n|-ability|p2a: Eternatus|Pressure\n|turn|2\n|\n|t:|1700246599\n|switch|p1a: Xerneas|Xerneas|100\/100\n|-ability|p1a: Xerneas|Fairy Aura\n|-terastallize|p2a: Eternatus|Ground\n|move|p2a: Eternatus|Tera Blast|p1a: Xerneas|[anim] Tera Blast Ground\n|-damage|p1a: Xerneas|61\/100\n|\n|upkeep\n|turn|3\n|\n|t:|1700246614\n|switch|p2a: Forretress|Forretress, F, shiny|100\/100\n|move|p1a: Xerneas|Geomancy||[still]\n|-prepare|p1a: Xerneas|Geomancy\n|-enditem|p1a: Xerneas|Power Herb\n|-anim|p1a: Xerneas|Geomancy|p1a: Xerneas\n|-boost|p1a: Xerneas|spa|2\n|-boost|p1a: Xerneas|spd|2\n|-boost|p1a: Xerneas|spe|2\n|\n|upkeep\n|turn|4\n|\n|t:|1700246624\n|move|p1a: Xerneas|Moonblast|p2a: Forretress\n|-resisted|p2a: Forretress\n|-ability|p2a: Forretress|Sturdy\n|-damage|p2a: Forretress|1\/100\n|-unboost|p2a: Forretress|spa|1\n|-enditem|p2a: Forretress|Red Card|[of] p1a: Xerneas\n|drag|p1a: Groudon|Groudon|100\/100\n|detailschange|p1a: Groudon|Groudon-Primal\n|-primal|p1a: Groudon|Red Orb\n|-weather|DesolateLand|[from] ability: Desolate Land|[of] p1a: Groudon\n|move|p2a: Forretress|Toxic Spikes|p1a: Groudon\n|-sidestart|p1: Samgard\u3150\u3134\u3150\u315c\u315b\u3150\u3134|move: Toxic Spikes\n|\n|-weather|DesolateLand|[upkeep]\n|upkeep\n|turn|5\n|\n|t:|1700246642\n|move|p1a: Groudon|Swords Dance|p1a: Groudon\n|-boost|p1a: Groudon|atk|2\n|move|p2a: Forretress|Stealth Rock|p1a: Groudon\n|-sidestart|p1: Samgard\u3150\u3134\u3150\u315c\u315b\u3150\u3134|move: Stealth Rock\n|\n|-weather|DesolateLand|[upkeep]\n|upkeep\n|turn|6\n|\n|t:|1700246648\n|move|p1a: Groudon|Heat Crash|p2a: Forretress\n|-supereffective|p2a: Forretress\n|-damage|p2a: Forretress|0 fnt\n|faint|p2a: Forretress\n|\n|-weather|DesolateLand|[upkeep]\n|upkeep\n|\n|t:|1700246654\n|switch|p2a: Marshadow|Marshadow|100\/100\n|turn|7\n|\n|t:|1700246657\n|move|p2a: Marshadow|Spectral Thief||[still]\n|-clearpositiveboost|p1a: Groudon|p2a: Marshadow|move: Spectral Thief\n|-boost|p2a: Marshadow|atk|2\n|-anim|p2a: Marshadow|Spectral Thief|p1a: Groudon\n|-damage|p1a: Groudon|43\/100\n|move|p1a: Groudon|Heat Crash|p2a: Marshadow\n|-crit|p2a: Marshadow\n|-enditem|p2a: Marshadow|Focus Sash\n|-damage|p2a: Marshadow|1\/100\n|\n|-weather|DesolateLand|[upkeep]\n|upkeep\n|turn|8\n|\n|t:|1700246671\n|move|p2a: Marshadow|Spectral Thief|p1a: Groudon\n|-damage|p1a: Groudon|0 fnt\n|faint|p1a: Groudon\n|-weather|none\n|\n|upkeep\n|\n|t:|1700246673\n|switch|p1a: Zacian|Zacian-Crowned|100\/100\n|-damage|p1a: Zacian|94\/100|[from] Stealth Rock\n|-ability|p1a: Zacian|Intrepid Sword|boost\n|-boost|p1a: Zacian|atk|1\n|turn|9\n|\n|t:|1700246682\n|move|p2a: Marshadow|Shadow Sneak|p1a: Zacian\n|-damage|p1a: Zacian|35\/100\n|move|p1a: Zacian|Play Rough|p2a: Marshadow\n|-supereffective|p2a: Marshadow\n|-damage|p2a: Marshadow|0 fnt\n|faint|p2a: Marshadow\n|\n|upkeep\n|\n|t:|1700246696\n|switch|p2a: Pheromosa|Pheromosa, shiny|100\/100\n|turn|10\n|\n|t:|1700246701\n|-terastallize|p1a: Zacian|Fairy\n|move|p1a: Zacian|Play Rough|p2a: Pheromosa\n|-supereffective|p2a: Pheromosa\n|-enditem|p2a: Pheromosa|Focus Sash\n|-damage|p2a: Pheromosa|1\/100\n|move|p2a: Pheromosa|Rapid Spin|p1a: Zacian\n|-damage|p1a: Zacian|20\/100\n|-boost|p2a: Pheromosa|spe|1\n|\n|upkeep\n|turn|11\n|\n|t:|1700246712\n|move|p2a: Pheromosa|Ice Beam|p1a: Zacian\n|-damage|p1a: Zacian|0 fnt\n|faint|p1a: Zacian\n|-ability|p2a: Pheromosa|Beast Boost|boost\n|-boost|p2a: Pheromosa|spa|1\n|\n|upkeep\n|\n|t:|1700246716\n|switch|p1a: Kyogre|Kyogre|100\/100\n|-status|p1a: Kyogre|psn\n|-damage|p1a: Kyogre|88\/100 psn|[from] Stealth Rock\n|detailschange|p1a: Kyogre|Kyogre-Primal\n|-primal|p1a: Kyogre|Blue Orb\n|-weather|PrimordialSea|[from] ability: Primordial Sea|[of] p1a: Kyogre\n|turn|12\n|\n|t:|1700246726\n|move|p2a: Pheromosa|Close Combat|p1a: Kyogre\n|-damage|p1a: Kyogre|31\/100 psn\n|-unboost|p2a: Pheromosa|def|1\n|-unboost|p2a: Pheromosa|spd|1\n|move|p1a: Kyogre|Ice Beam|p2a: Pheromosa\n|-damage|p2a: Pheromosa|0 fnt\n|faint|p2a: Pheromosa\n|\n|-weather|PrimordialSea|[upkeep]\n|-damage|p1a: Kyogre|19\/100 psn|[from] psn\n|upkeep\n|\n|t:|1700246738\n|switch|p2a: Eternatus|Eternatus, tera:Ground|100\/100\n|-ability|p2a: Eternatus|Pressure\n|turn|13\n|inactive|Samgard\u3150\u3134\u3150\u315c\u315b\u3150\u3134 has 120 seconds left.\n|\n|t:|1700246781\n|move|p2a: Eternatus|Tera Blast|p1a: Kyogre|[anim] Tera Blast Ground\n|-damage|p1a: Kyogre|0 fnt\n|faint|p1a: Kyogre\n|-weather|none\n|\n|upkeep\n|\n|t:|1700246785\n|switch|p1a: Reshiram|Reshiram|100\/100\n|-status|p1a: Reshiram|psn\n|-damage|p1a: Reshiram|76\/100 psn|[from] Stealth Rock\n|-ability|p1a: Reshiram|Turboblaze\n|turn|14\n|\n|t:|1700246796\n|move|p2a: Eternatus|Tera Blast|p1a: Reshiram|[anim] Tera Blast Ground\n|-supereffective|p1a: Reshiram\n|-damage|p1a: Reshiram|0 fnt\n|faint|p1a: Reshiram\n|\n|upkeep\n|\n|t:|1700246803\n|switch|p1a: Zekrom|Zekrom|100\/100\n|-status|p1a: Zekrom|psn\n|-damage|p1a: Zekrom|88\/100 psn|[from] Stealth Rock\n|-ability|p1a: Zekrom|Teravolt\n|turn|15\n|\n|t:|1700246810\n|move|p2a: Eternatus|Tera Blast|p1a: Zekrom|[anim] Tera Blast Ground\n|-supereffective|p1a: Zekrom\n|-damage|p1a: Zekrom|0 fnt\n|faint|p1a: Zekrom\n|\n|upkeep\n|\n|t:|1700246829\n|switch|p1a: Xerneas|Xerneas|61\/100\n|-status|p1a: Xerneas|psn\n|-damage|p1a: Xerneas|48\/100 psn|[from] Stealth Rock\n|-ability|p1a: Xerneas|Fairy Aura\n|turn|16\n|\n|t:|1700246838\n|move|p2a: Eternatus|Tera Blast|p1a: Xerneas|[anim] Tera Blast Ground\n|-damage|p1a: Xerneas|9\/100 psn\n|move|p1a: Xerneas|Moonblast|p2a: Eternatus\n|-damage|p2a: Eternatus|42\/100\n|\n|-damage|p1a: Xerneas|0 fnt|[from] psn\n|faint|p1a: Xerneas\n|\n|win|JustMonika_CARR\n|upkeep\n|raw|Samgard\u3150\u3134\u3150\u315c\u315b\u3150\u3134's rating: 1368 &rarr; <strong>1349<\/strong><br \/>(-19 for losing)\n|raw|JustMonika_CARR's rating: 1392 &rarr; <strong>1411<\/strong><br \/>(+19 for winning)\n|l|\u203dSamgard\u3150\u3134\u3150\u315c\u315b\u3150\u3134\n|c|\u2606JustMonika_CARR|Gg\n","uploadtime":1700246853,"views":12,"p1id":"samgard","p2id":"justmonikacarr","formatid":"gen9nationaldexubers","rating":1349,"private":0,"password":""}