{"id":"gen9nationaldexubers-1999330212","p1":"Kaliya750","p2":"Sidd750","format":"[Gen 9] National Dex Ubers","log":"|j|\u2606Kaliya750\n|j|\u2606Sidd750\n|t:|1701061375\n|gametype|singles\n|player|p1|Kaliya750|dawn|\n|player|p2|Sidd750|169|\n|teamsize|p1|6\n|teamsize|p2|6\n|gen|9\n|tier|[Gen 9] National Dex Ubers\n|rule|HP Percentage Mod: HP is shown in percentages\n|rule|Endless Battle Clause: Forcing endless battles is banned\n|rule|OHKO Clause: OHKO moves are banned\n|rule|Evasion Moves Clause: Evasion moves are banned\n|rule|Evasion Items Clause: Evasion items are banned\n|rule|Species Clause: Limit one of each Pok\u00e9mon\n|rule|Sleep Clause Mod: Limit one foe put to sleep\n|rule|Mega Rayquaza Clause: You cannot mega evolve Rayquaza\n|rule|Sleep Moves Clause: Sleep-inducing moves are banned\n|rule|Terastal Clause: You cannot Terastallize\n|clearpoke\n|poke|p1|Tyranitar, F|\n|poke|p1|Indeedee, M|\n|poke|p1|Azelf|\n|poke|p1|Toxapex, M|\n|poke|p1|Tsareena, F|\n|poke|p1|Drapion, M|\n|poke|p2|Ribombee, M|\n|poke|p2|Skarmory, M|\n|poke|p2|Iron Hands|\n|poke|p2|Cosmoem|\n|poke|p2|Seismitoad, M|\n|poke|p2|Walking Wake|\n|teampreview\n|c|\u2606Sidd750|Kuch calcs gadbad ho gaye yaar\n|c|\u2606Sidd750|Walking wake should not die from ex force after sub\n|\n|t:|1701061431\n|start\n|switch|p1a: Tsareena|Tsareena, F|100\/100\n|switch|p2a: Iron Hands|Iron Hands|100\/100\n|turn|1\n|\n|t:|1701061447\n|move|p1a: Tsareena|Flower Trick|p2a: Iron Hands\n|-crit|p2a: Iron Hands\n|-damage|p2a: Iron Hands|63\/100\n|move|p2a: Iron Hands|Close Combat|p1a: Tsareena\n|-damage|p1a: Tsareena|13\/100\n|-unboost|p2a: Iron Hands|def|1\n|-unboost|p2a: Iron Hands|spd|1\n|\n|upkeep\n|turn|2\n|c|\u2606Sidd750|So u wanna fight me\n|c|\u2606Kaliya750|Weak\n|\n|t:|1701061463\n|-end|p2a: Iron Hands|Quark Drive|[silent]\n|switch|p2a: Skarmory|Skarmory, M|100\/100\n|move|p1a: Tsareena|Flower Trick|p2a: Skarmory\n|-resisted|p2a: Skarmory\n|-crit|p2a: Skarmory\n|-damage|p2a: Skarmory|92\/100\n|\n|upkeep\n|turn|3\n|\n|t:|1701061471\n|move|p1a: Tsareena|Flower Trick|p2a: Skarmory\n|-resisted|p2a: Skarmory\n|-crit|p2a: Skarmory\n|-damage|p2a: Skarmory|85\/100\n|move|p2a: Skarmory|Toxic|p1a: Tsareena\n|-status|p1a: Tsareena|tox\n|\n|-damage|p1a: Tsareena|7\/100 tox|[from] psn\n|upkeep\n|turn|4\n|\n|t:|1701061476\n|move|p1a: Tsareena|Flower Trick|p2a: Skarmory\n|-resisted|p2a: Skarmory\n|-crit|p2a: Skarmory\n|-damage|p2a: Skarmory|77\/100\n|move|p2a: Skarmory|Roost|p2a: Skarmory\n|-heal|p2a: Skarmory|100\/100\n|-singleturn|p2a: Skarmory|move: Roost\n|\n|-damage|p1a: Tsareena|0 fnt|[from] psn\n|faint|p1a: Tsareena\n|upkeep\n|\n|t:|1701061481\n|switch|p1a: Azelf|Azelf|100\/100\n|turn|5\n|\n|t:|1701061486\n|switch|p2a: Cosmoem|Cosmoem|100\/100\n|move|p1a: Azelf|Stealth Rock|p2a: Cosmoem\n|-sidestart|p2: Sidd750|move: Stealth Rock\n|\n|upkeep\n|turn|6\n|\n|t:|1701061492\n|move|p1a: Azelf|Explosion|p2a: Cosmoem\n|-damage|p2a: Cosmoem|57\/100\n|faint|p1a: Azelf\n|move|p2a: Cosmoem|Psychic|p1: Azelf|[notarget]\n|-fail|p2a: Cosmoem\n|\n|upkeep\n|c|\u2606Sidd750|Shukriya\n|\n|t:|1701061506\n|switch|p1a: Tyranitar|Tyranitar, F|100\/100\n|-weather|Sandstorm|[from] ability: Sand Stream|[of] p1a: Tyranitar\n|turn|7\n|\n|t:|1701061514\n|switch|p2a: Skarmory|Skarmory, M|100\/100\n|-damage|p2a: Skarmory|88\/100|[from] Stealth Rock\n|move|p1a: Tyranitar|Ceaseless Edge|p2a: Skarmory\n|-damage|p2a: Skarmory|70\/100\n|-sidestart|p2: Sidd750|Spikes\n|\n|-weather|Sandstorm|[upkeep]\n|upkeep\n|turn|8\n|\n|t:|1701061522\n|switch|p1a: Drapion|Drapion, M|100\/100\n|move|p2a: Skarmory|Defog|p1a: Drapion\n|-unboost|p1a: Drapion|evasion|1\n|-sideend|p2: Sidd750|Spikes|[from] move: Defog|[of] p2a: Skarmory\n|-sideend|p2: Sidd750|Stealth Rock|[from] move: Defog|[of] p2a: Skarmory\n|\n|-weather|Sandstorm|[upkeep]\n|-damage|p1a: Drapion|94\/100|[from] Sandstorm\n|upkeep\n|turn|9\n|\n|t:|1701061539\n|move|p1a: Drapion|Swords Dance|p1a: Drapion\n|-boost|p1a: Drapion|atk|2\n|move|p2a: Skarmory|Body Press|p1a: Drapion\n|-damage|p1a: Drapion|61\/100\n|\n|-weather|Sandstorm|[upkeep]\n|-damage|p1a: Drapion|55\/100|[from] Sandstorm\n|upkeep\n|turn|10\n|\n|t:|1701061565\n|move|p1a: Drapion|Ceaseless Edge|p2a: Skarmory\n|-damage|p2a: Skarmory|34\/100\n|-sidestart|p2: Sidd750|Spikes\n|move|p2a: Skarmory|Roost|p2a: Skarmory\n|-heal|p2a: Skarmory|84\/100\n|-singleturn|p2a: Skarmory|move: Roost\n|\n|-weather|Sandstorm|[upkeep]\n|-damage|p1a: Drapion|49\/100|[from] Sandstorm\n|upkeep\n|turn|11\n|\n|t:|1701061584\n|move|p1a: Drapion|Ceaseless Edge|p2a: Skarmory\n|-damage|p2a: Skarmory|45\/100\n|-sidestart|p2: Sidd750|Spikes\n|move|p2a: Skarmory|Body Press|p1a: Drapion\n|-damage|p1a: Drapion|15\/100\n|\n|-weather|none\n|upkeep\n|turn|12\n|\n|t:|1701061596\n|move|p1a: Drapion|Ceaseless Edge|p2a: Skarmory\n|-damage|p2a: Skarmory|9\/100\n|-sidestart|p2: Sidd750|Spikes\n|move|p2a: Skarmory|Roost|p2a: Skarmory\n|-heal|p2a: Skarmory|59\/100\n|-singleturn|p2a: Skarmory|move: Roost\n|\n|upkeep\n|turn|13\n|\n|t:|1701061620\n|switch|p1a: Indeedee|Indeedee, M|100\/100\n|-fieldstart|move: Psychic Terrain|[from] ability: Psychic Surge|[of] p1a: Indeedee\n|move|p2a: Skarmory|Roost|p2a: Skarmory\n|-heal|p2a: Skarmory|100\/100\n|-singleturn|p2a: Skarmory|move: Roost\n|\n|upkeep\n|turn|14\n|\n|t:|1701061627\n|move|p1a: Indeedee|Expanding Force|p2a: Skarmory\n|-resisted|p2a: Skarmory\n|-damage|p2a: Skarmory|56\/100\n|move|p2a: Skarmory|Defog|p1a: Indeedee\n|-unboost|p1a: Indeedee|evasion|1\n|-sideend|p2: Sidd750|Spikes|[from] move: Defog|[of] p2a: Skarmory\n|-fieldend|move: Psychic Terrain\n|\n|upkeep\n|turn|15\n|c|\u2606Sidd750|Weak\n|\n|t:|1701061651\n|switch|p1a: Toxapex|Toxapex, M|100\/100\n|move|p2a: Skarmory|Roost|p2a: Skarmory\n|-heal|p2a: Skarmory|100\/100\n|-singleturn|p2a: Skarmory|move: Roost\n|\n|upkeep\n|turn|16\n|\n|t:|1701061675\n|switch|p2a: Cosmoem|Cosmoem|57\/100\n|move|p1a: Toxapex|Flip Turn|p2a: Cosmoem\n|-damage|p2a: Cosmoem|48\/100\n|\n|t:|1701061680\n|switch|p1a: Tyranitar|Tyranitar, F|100\/100|[from] Flip Turn\n|-weather|Sandstorm|[from] ability: Sand Stream|[of] p1a: Tyranitar\n|\n|-weather|Sandstorm|[upkeep]\n|-damage|p2a: Cosmoem|42\/100|[from] Sandstorm\n|upkeep\n|turn|17\n|\n|t:|1701061685\n|switch|p2a: Skarmory|Skarmory, M|100\/100\n|move|p1a: Tyranitar|Stone Axe|p2a: Skarmory\n|-damage|p2a: Skarmory|82\/100\n|-sidestart|p2: Sidd750|move: Stealth Rock\n|\n|-weather|Sandstorm|[upkeep]\n|upkeep\n|turn|18\n|\n|t:|1701061705\n|move|p2a: Skarmory|Body Press|p1a: Tyranitar\n|-supereffective|p1a: Tyranitar\n|-damage|p1a: Tyranitar|0 fnt\n|faint|p1a: Tyranitar\n|\n|-weather|Sandstorm|[upkeep]\n|upkeep\n|\n|t:|1701061708\n|switch|p1a: Indeedee|Indeedee, M|100\/100\n|-fieldstart|move: Psychic Terrain|[from] ability: Psychic Surge|[of] p1a: Indeedee\n|turn|19\n|\n|t:|1701061722\n|switch|p2a: Cosmoem|Cosmoem|42\/100\n|-damage|p2a: Cosmoem|30\/100|[from] Stealth Rock\n|move|p1a: Indeedee|Boomburst|p2a: Cosmoem\n|-damage|p2a: Cosmoem|3\/100\n|\n|-weather|Sandstorm|[upkeep]\n|-damage|p1a: Indeedee|94\/100|[from] Sandstorm\n|-damage|p2a: Cosmoem|0 fnt|[from] Sandstorm\n|faint|p2a: Cosmoem\n|upkeep\n|\n|t:|1701061729\n|switch|p2a: Ribombee|Ribombee, M|100\/100\n|-damage|p2a: Ribombee|76\/100|[from] Stealth Rock\n|turn|20\n|\n|t:|1701061754\n|move|p2a: Ribombee|Bug Buzz|p1a: Indeedee\n|-supereffective|p1a: Indeedee\n|-damage|p1a: Indeedee|0 fnt\n|faint|p1a: Indeedee\n|\n|-weather|none\n|upkeep\n|\n|t:|1701061764\n|switch|p1a: Toxapex|Toxapex, M|100\/100\n|turn|21\n|c|\u2606Sidd750|Aha consistent victory\n|\n|t:|1701061779\n|switch|p2a: Skarmory|Skarmory, M|82\/100\n|-damage|p2a: Skarmory|69\/100|[from] Stealth Rock\n|move|p1a: Toxapex|Flip Turn|p2a: Skarmory\n|-damage|p2a: Skarmory|60\/100\n|c|\u2606Sidd750|That pex will get trapped\n|\n|t:|1701061799\n|switch|p1a: Drapion|Drapion, M|15\/100|[from] Flip Turn\n|\n|upkeep\n|turn|22\n|\n|t:|1701061803\n|move|p1a: Drapion|Swords Dance|p1a: Drapion\n|-boost|p1a: Drapion|atk|2\n|move|p2a: Skarmory|Body Press|p1a: Drapion\n|-damage|p1a: Drapion|0 fnt\n|faint|p1a: Drapion\n|\n|upkeep\n|c|\u2606Kaliya750|Night slash Lana padega kya\n|\n|t:|1701061825\n|switch|p1a: Toxapex|Toxapex, M|100\/100\n|turn|23\n|\n|t:|1701061828\n|move|p2a: Skarmory|Defog|p1a: Toxapex\n|-unboost|p1a: Toxapex|evasion|1\n|-sideend|p2: Sidd750|Stealth Rock|[from] move: Defog|[of] p2a: Skarmory\n|-fieldend|move: Psychic Terrain\n|move|p1a: Toxapex|Flip Turn|p2a: Skarmory\n|-crit|p2a: Skarmory\n|-damage|p2a: Skarmory|47\/100\n|\n|upkeep\n|turn|24\n|\n|t:|1701061834\n|move|p2a: Skarmory|Roost|p2a: Skarmory\n|-heal|p2a: Skarmory|97\/100\n|-singleturn|p2a: Skarmory|move: Roost\n|move|p1a: Toxapex|Toxic|p2a: Skarmory\n|-immune|p2a: Skarmory\n|\n|upkeep\n|turn|25\n|\n|t:|1701061841\n|switch|p2a: Ribombee|Ribombee, M|76\/100\n|move|p1a: Toxapex|Toxic|p2a: Ribombee\n|-status|p2a: Ribombee|tox\n|\n|-damage|p2a: Ribombee|69\/100 tox|[from] psn\n|upkeep\n|turn|26\n|c|\u2606Sidd750|Pick your move\n|l|\u2606Kaliya750\n|player|p1|\n|c|\u2606Sidd750|Wtf\n|inactive|Battle timer is ON: inactive players will automatically lose when time's up. (requested by Sidd750)\n|inactive|Kaliya750 has 270 seconds to reconnect!\n|inactive|Kaliya750 has 240 seconds to reconnect!\n|j|\u2606Kaliya750\n|inactive|Kaliya750 reconnected and has 300 seconds left.\n|player|p1|Kaliya750|dawn\n|\n|t:|1701061978\n|move|p2a: Ribombee|Switcheroo|p1a: Toxapex\n|-activate|p2a: Ribombee|move: Trick|[of] p1a: Toxapex\n|-item|p1a: Toxapex|Choice Scarf|[from] move: Switcheroo\n|-item|p2a: Ribombee|Rocky Helmet|[from] move: Switcheroo\n|move|p1a: Toxapex|Flip Turn|p2a: Ribombee\n|-damage|p2a: Ribombee|42\/100 tox\n|-damage|p1a: Toxapex|84\/100|[from] item: Rocky Helmet|[of] p2a: Ribombee\n|\n|-damage|p2a: Ribombee|30\/100 tox|[from] psn\n|upkeep\n|turn|27\n|-message|Kaliya750 forfeited.\n|\n|win|Sidd750\n|l|\u2606Kaliya750\n","uploadtime":1701062013,"views":6,"p1id":"kaliya750","p2id":"sidd750","formatid":"gen9nationaldexubers","rating":0,"private":0,"password":""}