{"id":"gen9nationaldexubers-1986849573","p1":"200824a","p2":"85792195wwww","format":"[Gen 9] National Dex Ubers","log":"|j|\u2606200824a\n|j|\u260685792195wwww\n|t:|1699533844\n|gametype|singles\n|player|p1|200824a|misty|1501\n|player|p2|85792195wwww|mira|1755\n|teamsize|p1|6\n|teamsize|p2|6\n|gen|9\n|tier|[Gen 9] National Dex Ubers\n|rated|\n|rule|HP Percentage Mod: HP is shown in percentages\n|rule|Endless Battle Clause: Forcing endless battles is banned\n|rule|OHKO Clause: OHKO moves are banned\n|rule|Evasion Moves Clause: Evasion moves are banned\n|rule|Evasion Items Clause: Evasion items are banned\n|rule|Species Clause: Limit one of each Pok\u00e9mon\n|rule|Sleep Clause Mod: Limit one foe put to sleep\n|rule|Mega Rayquaza Clause: You cannot mega evolve Rayquaza\n|clearpoke\n|poke|p1|Ditto|\n|poke|p1|Glalie, F|\n|poke|p1|Darmanitan-Galar, M|\n|poke|p1|Regieleki|\n|poke|p1|Naganadel|\n|poke|p1|Genesect|\n|poke|p2|Ribombee, F|\n|poke|p2|Arceus-Ground|\n|poke|p2|Groudon|\n|poke|p2|Krookodile, M|\n|poke|p2|Gholdengo|\n|poke|p2|Kyurem-Black|\n|teampreview\n|inactive|Battle timer is ON: inactive players will automatically lose when time's up. (requested by 200824a)\n|\n|t:|1699533860\n|start\n|switch|p1a: Genesect|Genesect, shiny|100\/100\n|switch|p2a: Ribombee|Ribombee, F|100\/100\n|-ability|p1a: Genesect|Download|boost\n|-boost|p1a: Genesect|atk|1\n|turn|1\n|\n|t:|1699533869\n|move|p2a: Ribombee|Sticky Web|p1a: Genesect\n|-sidestart|p1: 200824a|move: Sticky Web\n|move|p1a: Genesect|Shift Gear|p1a: Genesect\n|-boost|p1a: Genesect|spe|2\n|-boost|p1a: Genesect|atk|1\n|\n|upkeep\n|turn|2\n|\n|t:|1699533885\n|switch|p2a: Groudon|Groudon|100\/100\n|detailschange|p2a: Groudon|Groudon-Primal\n|-primal|p2a: Groudon|Red Orb\n|-weather|DesolateLand|[from] ability: Desolate Land|[of] p2a: Groudon\n|move|p1a: Genesect|Iron Head|p2a: Groudon\n|-resisted|p2a: Groudon\n|-damage|p2a: Groudon|61\/100\n|-damage|p1a: Genesect|91\/100|[from] item: Life Orb\n|\n|-weather|DesolateLand|[upkeep]\n|upkeep\n|turn|3\n|\n|t:|1699533898\n|-terastallize|p1a: Genesect|Fire\n|move|p1a: Genesect|Iron Head|p2a: Groudon\n|-resisted|p2a: Groudon\n|-damage|p2a: Groudon|22\/100\n|-damage|p1a: Genesect|81\/100|[from] item: Life Orb\n|move|p2a: Groudon|Earth Power|p1a: Genesect\n|-supereffective|p1a: Genesect\n|-damage|p1a: Genesect|0 fnt\n|faint|p1a: Genesect\n|\n|-weather|DesolateLand|[upkeep]\n|upkeep\n|\n|t:|1699533911\n|switch|p1a: Darmanitan|Darmanitan-Galar, M|100\/100\n|-activate|p1a: Darmanitan|move: Sticky Web\n|-unboost|p1a: Darmanitan|spe|1\n|turn|4\n|\n|t:|1699533925\n|-weather|none\n|switch|p2a: Ribombee|Ribombee, F|100\/100\n|move|p1a: Darmanitan|Flare Blitz|p2a: Ribombee\n|-supereffective|p2a: Ribombee\n|-crit|p2a: Ribombee\n|-enditem|p2a: Ribombee|Focus Sash\n|-damage|p2a: Ribombee|1\/100\n|-damage|p1a: Darmanitan|76\/100|[from] Recoil\n|\n|upkeep\n|turn|5\n|\n|t:|1699533937\n|move|p2a: Ribombee|Moonblast|p1a: Darmanitan\n|-damage|p1a: Darmanitan|11\/100\n|move|p1a: Darmanitan|Flare Blitz|p2a: Ribombee\n|-supereffective|p2a: Ribombee\n|-damage|p2a: Ribombee|0 fnt\n|faint|p2a: Ribombee\n|-damage|p1a: Darmanitan|11\/100|[from] Recoil\n|\n|upkeep\n|\n|t:|1699533948\n|switch|p2a: Krookodile|Krookodile, M|100\/100\n|-ability|p2a: Krookodile|Intimidate|boost\n|-unboost|p1a: Darmanitan|atk|1\n|turn|6\n|\n|t:|1699533953\n|move|p1a: Darmanitan|Flare Blitz|p2a: Krookodile\n|-damage|p2a: Krookodile|46\/100\n|-status|p2a: Krookodile|brn\n|-damage|p1a: Darmanitan|0 fnt|[from] Recoil\n|faint|p1a: Darmanitan\n|move|p2a: Krookodile|Stealth Rock|p1: Darmanitan\n|-sidestart|p1: 200824a|move: Stealth Rock\n|\n|-damage|p2a: Krookodile|40\/100 brn|[from] brn\n|upkeep\n|\n|t:|1699533962\n|switch|p1a: Glalie|Glalie, F|100\/100\n|-activate|p1a: Glalie|move: Sticky Web\n|-unboost|p1a: Glalie|spe|1\n|-damage|p1a: Glalie|76\/100|[from] Stealth Rock\n|turn|7\n|\n|t:|1699533972\n|detailschange|p1a: Glalie|Glalie-Mega, F\n|-mega|p1a: Glalie|Glalie|Glalitite\n|move|p2a: Krookodile|Taunt|p1a: Glalie\n|-start|p1a: Glalie|move: Taunt\n|move|p1a: Glalie|Trailblaze|p2a: Krookodile\n|-supereffective|p2a: Krookodile\n|-damage|p2a: Krookodile|0 fnt\n|-boost|p1a: Glalie|spe|1\n|faint|p2a: Krookodile\n|\n|upkeep\n|\n|t:|1699533996\n|switch|p2a: Gholdengo|Gholdengo|100\/100\n|-item|p2a: Gholdengo|Air Balloon\n|turn|8\n|\n|t:|1699534007\n|move|p1a: Glalie|Explosion|p2a: Gholdengo\n|-resisted|p2a: Gholdengo\n|-damage|p2a: Gholdengo|17\/100\n|-enditem|p2a: Gholdengo|Air Balloon\n|faint|p1a: Glalie\n|move|p2a: Gholdengo|Make It Rain|p1: Glalie|[notarget]\n|-fail|p2a: Gholdengo\n|\n|upkeep\n|\n|t:|1699534013\n|switch|p1a: Regieleki|Regieleki|100\/100\n|-activate|p1a: Regieleki|move: Sticky Web\n|-unboost|p1a: Regieleki|spe|1\n|-damage|p1a: Regieleki|88\/100|[from] Stealth Rock\n|turn|9\n|\n|t:|1699534023\n|move|p1a: Regieleki|Tera Blast|p2a: Gholdengo\n|-immune|p2a: Gholdengo\n|move|p2a: Gholdengo|Shadow Ball|p1a: Regieleki\n|-damage|p1a: Regieleki|0 fnt\n|faint|p1a: Regieleki\n|\n|upkeep\n|\n|t:|1699534028\n|switch|p1a: Naganadel|Naganadel|100\/100\n|-activate|p1a: Naganadel|move: Sticky Web\n|-unboost|p1a: Naganadel|spe|1\n|-damage|p1a: Naganadel|88\/100|[from] Stealth Rock\n|turn|10\n|\n|t:|1699534048\n|switch|p2a: Arceus|Arceus-Ground|100\/100\n|move|p1a: Naganadel|Dragon Pulse|p2a: Arceus\n|-damage|p2a: Arceus|66\/100\n|\n|upkeep\n|turn|11\n|\n|t:|1699534056\n|move|p1a: Naganadel|Dragon Pulse|p2a: Arceus\n|-damage|p2a: Arceus|28\/100\n|move|p2a: Arceus|Earthquake|p1a: Naganadel\n|-supereffective|p1a: Naganadel\n|-damage|p1a: Naganadel|0 fnt\n|faint|p1a: Naganadel\n|\n|upkeep\n|\n|t:|1699534060\n|switch|p1a: Ditto|Ditto|100\/100\n|-activate|p1a: Ditto|move: Sticky Web\n|-unboost|p1a: Ditto|spe|1\n|-damage|p1a: Ditto|88\/100|[from] Stealth Rock\n|-transform|p1a: Ditto|p2a: Arceus|[from] ability: Imposter\n|turn|12\n|\n|t:|1699534072\n|move|p1a: Ditto|Earthquake|p2a: Arceus\n|-damage|p2a: Arceus|0 fnt\n|faint|p2a: Arceus\n|\n|upkeep\n|\n|t:|1699534081\n|switch|p2a: Kyurem|Kyurem-Black|100\/100\n|-ability|p2a: Kyurem|Teravolt\n|turn|13\n|\n|t:|1699534086\n|move|p1a: Ditto|Earthquake|p2a: Kyurem\n|-damage|p2a: Kyurem|57\/100\n|move|p2a: Kyurem|Icicle Spear|p1a: Ditto\n|-supereffective|p1a: Ditto\n|-damage|p1a: Ditto|43\/100\n|-supereffective|p1a: Ditto\n|-damage|p1a: Ditto|0 fnt\n|faint|p1a: Ditto\n|-hitcount|p1: Ditto|2\n|\n|win|85792195wwww\n|raw|200824a's rating: 1501 &rarr; <strong>1493<\/strong><br \/>(-8 for losing)\n|raw|85792195wwww's rating: 1755 &rarr; <strong>1763<\/strong><br \/>(+8 for winning)\n|l|\u2606200824a\n","uploadtime":1699534098,"views":7,"p1id":"200824a","p2id":"85792195wwww","formatid":"gen9nationaldexubers","rating":1493,"private":0,"password":""}