{"id":"gen9nationaldexubers-1993858743","p1":"Whoeveruknow","p2":"GraysonWaddell","format":"[Gen 9] National Dex Ubers","log":"|j|\u2606Whoeveruknow\n|j|\u2606GraysonWaddell\n|t:|1700366257\n|gametype|singles\n|player|p1|Whoeveruknow|1|\n|player|p2|GraysonWaddell|marlon|\n|teamsize|p1|6\n|teamsize|p2|6\n|gen|9\n|tier|[Gen 9] National Dex Ubers\n|rule|HP Percentage Mod: HP is shown in percentages\n|rule|Endless Battle Clause: Forcing endless battles is banned\n|rule|OHKO Clause: OHKO moves are banned\n|rule|Evasion Moves Clause: Evasion moves are banned\n|rule|Evasion Items Clause: Evasion items are banned\n|rule|Species Clause: Limit one of each Pok\u00e9mon\n|rule|Sleep Clause Mod: Limit one foe put to sleep\n|rule|Mega Rayquaza Clause: You cannot mega evolve Rayquaza\n|clearpoke\n|poke|p1|Arceus|\n|poke|p1|Empoleon, F|\n|poke|p1|Charizard, F|\n|poke|p1|Lucario, F|\n|poke|p1|Turtwig, F|\n|poke|p1|Salamence, M|\n|poke|p2|Krookodile, M|\n|poke|p2|Whimsicott, M|\n|poke|p2|Garchomp, M|\n|poke|p2|Arceus|\n|poke|p2|Gothitelle, M|\n|poke|p2|Marowak, M|\n|teampreview\n|\n|t:|1700366268\n|start\n|switch|p1a: Empoleon|Empoleon, F|100\/100\n|switch|p2a: Marowak|Marowak, M|100\/100\n|turn|1\n|\n|t:|1700366277\n|move|p2a: Marowak|Protect|p2a: Marowak\n|-singleturn|p2a: Marowak|Protect\n|move|p1a: Empoleon|Ice Beam|p2a: Marowak\n|-activate|p2a: Marowak|move: Protect\n|\n|upkeep\n|turn|2\n|\n|t:|1700366297\n|move|p1a: Empoleon|Ice Beam|p2a: Marowak\n|-supereffective|p2a: Marowak\n|-damage|p2a: Marowak|30\/100\n|move|p2a: Marowak|Perish Song|p2a: Marowak\n|-start|p1a: Empoleon|perish3|[silent]\n|-start|p2a: Marowak|perish3|[silent]\n|-fieldactivate|move: Perish Song\n|\n|-heal|p2a: Marowak|36\/100|[from] item: Leftovers\n|-start|p1a: Empoleon|perish3\n|-start|p2a: Marowak|perish3\n|upkeep\n|turn|3\n|\n|t:|1700366307\n|switch|p2a: Gothitelle|Gothitelle, M|100\/100\n|move|p1a: Empoleon|Blizzard|p2a: Gothitelle\n|-damage|p2a: Gothitelle|73\/100\n|\n|-start|p1a: Empoleon|perish2\n|upkeep\n|turn|4\n|\n|t:|1700366324\n|move|p2a: Gothitelle|Thunder Wave|p1a: Empoleon\n|-status|p1a: Empoleon|par\n|cant|p1a: Empoleon|par\n|\n|-start|p1a: Empoleon|perish1\n|upkeep\n|turn|5\n|\n|t:|1700366333\n|move|p2a: Gothitelle|Protect|p2a: Gothitelle\n|-singleturn|p2a: Gothitelle|Protect\n|cant|p1a: Empoleon|par\n|\n|-start|p1a: Empoleon|perish0\n|faint|p1a: Empoleon\n|upkeep\n|\n|t:|1700366351\n|switch|p1a: Charizard|Charizard, F|100\/100\n|turn|6\n|\n|t:|1700366361\n|move|p1a: Charizard|Overheat|p2a: Gothitelle\n|-damage|p2a: Gothitelle|27\/100\n|-unboost|p1a: Charizard|spa|2\n|move|p2a: Gothitelle|Thunder Wave|p1a: Charizard\n|-status|p1a: Charizard|par\n|\n|upkeep\n|turn|7\n|\n|t:|1700366370\n|move|p2a: Gothitelle|Rest|p2a: Gothitelle\n|-status|p2a: Gothitelle|slp|[from] move: Rest\n|-enditem|p2a: Gothitelle|Lum Berry|[eat]\n|-curestatus|p2a: Gothitelle|slp|[msg]\n|-heal|p2a: Gothitelle|100\/100|[silent]\n|cant|p1a: Charizard|par\n|\n|upkeep\n|turn|8\n|\n|t:|1700366385\n|switch|p2a: Krookodile|Krookodile, M|100\/100\n|move|p1a: Charizard|Overheat|p2a: Krookodile\n|-damage|p2a: Krookodile|54\/100\n|-unboost|p1a: Charizard|spa|2\n|\n|upkeep\n|turn|9\n|\n|t:|1700366398\n|move|p2a: Krookodile|Hone Claws|p2a: Krookodile\n|-boost|p2a: Krookodile|atk|1\n|-boost|p2a: Krookodile|accuracy|1\n|move|p1a: Charizard|Overheat|p2a: Krookodile\n|-damage|p2a: Krookodile|23\/100\n|-unboost|p1a: Charizard|spa|2\n|-enditem|p2a: Krookodile|Salac Berry|[eat]\n|-boost|p2a: Krookodile|spe|1|[from] item: Salac Berry\n|\n|upkeep\n|turn|10\n|\n|t:|1700366413\n|move|p2a: Krookodile|Crunch|p1a: Charizard\n|-damage|p1a: Charizard|6\/100 par\n|move|p1a: Charizard|Overheat|p2a: Krookodile\n|-damage|p2a: Krookodile|0 fnt\n|faint|p2a: Krookodile\n|\n|upkeep\n|\n|t:|1700366430\n|switch|p2a: Marowak|Marowak, M|36\/100\n|turn|11\n|\n|t:|1700366435\n|move|p1a: Charizard|Outrage|p2a: Marowak\n|-damage|p2a: Marowak|16\/100\n|move|p2a: Marowak|Stealth Rock|p1a: Charizard\n|-sidestart|p1: Whoeveruknow|move: Stealth Rock\n|\n|-heal|p2a: Marowak|22\/100|[from] item: Leftovers\n|upkeep\n|turn|12\n|\n|t:|1700366445\n|move|p1a: Charizard|Outrage|p2a: Marowak|[from]lockedmove\n|-damage|p2a: Marowak|2\/100\n|-start|p1a: Charizard|confusion|[fatigue]\n|move|p2a: Marowak|Knock Off|p1a: Charizard\n|-damage|p1a: Charizard|0 fnt\n|-enditem|p1a: Charizard|Flame Plate|[from] move: Knock Off|[of] p2a: Marowak\n|faint|p1a: Charizard\n|\n|-heal|p2a: Marowak|8\/100|[from] item: Leftovers\n|upkeep\n|\n|t:|1700366462\n|switch|p1a: Salamence|Salamence, M|100\/100\n|-damage|p1a: Salamence|76\/100|[from] Stealth Rock\n|-ability|p1a: Salamence|Intimidate|boost\n|-unboost|p2a: Marowak|atk|1\n|turn|13\n|\n|t:|1700366474\n|move|p1a: Salamence|Hydro Pump|p2a: Marowak\n|-supereffective|p2a: Marowak\n|-damage|p2a: Marowak|0 fnt\n|faint|p2a: Marowak\n|\n|upkeep\n|\n|t:|1700366481\n|switch|p2a: Gothitelle|Gothitelle, M|100\/100\n|turn|14\n|\n|t:|1700366493\n|move|p1a: Salamence|Hydro Pump|p2a: Gothitelle\n|-damage|p2a: Gothitelle|80\/100\n|move|p2a: Gothitelle|Thunder Wave|p1a: Salamence\n|-status|p1a: Salamence|par\n|\n|upkeep\n|turn|15\n|\n|t:|1700366514\n|switch|p2a: Whimsicott|Whimsicott, M|100\/100\n|move|p1a: Salamence|Draco Meteor|p2a: Whimsicott\n|-immune|p2a: Whimsicott\n|\n|upkeep\n|turn|16\n|\n|t:|1700366522\n|move|p2a: Whimsicott|Leech Seed|p1a: Salamence\n|-start|p1a: Salamence|move: Leech Seed\n|move|p1a: Salamence|Earthquake|p2a: Whimsicott\n|-resisted|p2a: Whimsicott\n|-damage|p2a: Whimsicott|85\/100\n|\n|-damage|p1a: Salamence|63\/100 par|[from] Leech Seed|[of] p2a: Whimsicott\n|-heal|p2a: Whimsicott|98\/100|[silent]\n|upkeep\n|turn|17\n|\n|t:|1700366536\n|switch|p1a: Lucario|Lucario, F|100\/100\n|-damage|p1a: Lucario|98\/100|[from] Stealth Rock\n|move|p2a: Whimsicott|Tailwind|p2a: Whimsicott\n|-sidestart|p2: GraysonWaddell|move: Tailwind\n|\n|upkeep\n|turn|18\n|\n|t:|1700366544\n|move|p2a: Whimsicott|Leech Seed|p1a: Lucario\n|-start|p1a: Lucario|move: Leech Seed\n|move|p1a: Lucario|Close Combat|p2a: Whimsicott\n|-resisted|p2a: Whimsicott\n|-damage|p2a: Whimsicott|69\/100\n|-unboost|p1a: Lucario|def|1\n|-unboost|p1a: Lucario|spd|1\n|\n|-damage|p1a: Lucario|85\/100|[from] Leech Seed|[of] p2a: Whimsicott\n|-heal|p2a: Whimsicott|80\/100|[silent]\n|upkeep\n|turn|19\n|\n|t:|1700366555\n|-singleturn|p1a: Lucario|move: Focus Punch\n|move|p2a: Whimsicott|Taunt|p1a: Lucario\n|-start|p1a: Lucario|move: Taunt\n|move|p1a: Lucario|Focus Punch|p2a: Whimsicott\n|-resisted|p2a: Whimsicott\n|-damage|p2a: Whimsicott|46\/100\n|\n|-damage|p1a: Lucario|73\/100|[from] Leech Seed|[of] p2a: Whimsicott\n|-heal|p2a: Whimsicott|56\/100|[silent]\n|upkeep\n|turn|20\n|\n|t:|1700366570\n|-singleturn|p1a: Lucario|move: Focus Punch\n|move|p2a: Whimsicott|Tailwind||[still]\n|-fail|p2a: Whimsicott\n|move|p1a: Lucario|Focus Punch|p2a: Whimsicott\n|-resisted|p2a: Whimsicott\n|-damage|p2a: Whimsicott|19\/100\n|\n|-damage|p1a: Lucario|60\/100|[from] Leech Seed|[of] p2a: Whimsicott\n|-heal|p2a: Whimsicott|30\/100|[silent]\n|-sideend|p2: GraysonWaddell|move: Tailwind\n|upkeep\n|turn|21\n|\n|t:|1700366582\n|switch|p2a: Gothitelle|Gothitelle, M|80\/100\n|move|p1a: Lucario|Close Combat|p2a: Gothitelle\n|-resisted|p2a: Gothitelle\n|-damage|p2a: Gothitelle|47\/100\n|-unboost|p1a: Lucario|def|1\n|-unboost|p1a: Lucario|spd|1\n|\n|-damage|p1a: Lucario|48\/100|[from] Leech Seed|[of] p2a: Gothitelle\n|-heal|p2a: Gothitelle|57\/100|[silent]\n|-end|p1a: Lucario|move: Taunt\n|upkeep\n|turn|22\n|\n|t:|1700366600\n|move|p1a: Lucario|Close Combat|p2a: Gothitelle\n|-resisted|p2a: Gothitelle\n|-damage|p2a: Gothitelle|25\/100\n|-unboost|p1a: Lucario|def|1\n|-unboost|p1a: Lucario|spd|1\n|move|p2a: Gothitelle|Thunder Wave|p1a: Lucario\n|-status|p1a: Lucario|par\n|\n|-damage|p1a: Lucario|35\/100 par|[from] Leech Seed|[of] p2a: Gothitelle\n|-heal|p2a: Gothitelle|35\/100|[silent]\n|upkeep\n|turn|23\n|\n|t:|1700366611\n|move|p2a: Gothitelle|Protect|p2a: Gothitelle\n|-singleturn|p2a: Gothitelle|Protect\n|move|p1a: Lucario|Close Combat|p2a: Gothitelle\n|-activate|p2a: Gothitelle|move: Protect\n|\n|-damage|p1a: Lucario|23\/100 par|[from] Leech Seed|[of] p2a: Gothitelle\n|-heal|p2a: Gothitelle|46\/100|[silent]\n|upkeep\n|turn|24\n|\n|t:|1700366621\n|move|p2a: Gothitelle|Rest|p2a: Gothitelle\n|-status|p2a: Gothitelle|slp|[from] move: Rest\n|-heal|p2a: Gothitelle|100\/100 slp|[silent]\n|cant|p1a: Lucario|par\n|\n|-damage|p1a: Lucario|10\/100 par|[from] Leech Seed|[of] p2a: Gothitelle\n|upkeep\n|turn|25\n|\n|t:|1700366633\n|cant|p2a: Gothitelle|slp\n|move|p1a: Lucario|Earthquake|p2a: Gothitelle\n|-damage|p2a: Gothitelle|69\/100 slp\n|\n|-damage|p1a: Lucario|0 fnt|[from] Leech Seed|[of] p2a: Gothitelle\n|-heal|p2a: Gothitelle|77\/100 slp|[silent]\n|faint|p1a: Lucario\n|upkeep\n|\n|t:|1700366645\n|switch|p1a: Arceus|Arceus|100\/100\n|-damage|p1a: Arceus|88\/100|[from] Stealth Rock\n|turn|26\n|\n|t:|1700366650\n|move|p1a: Arceus|Outrage|p2a: Gothitelle\n|-damage|p2a: Gothitelle|36\/100 slp\n|cant|p2a: Gothitelle|slp\n|\n|upkeep\n|turn|27\n|\n|t:|1700366657\n|switch|p2a: Whimsicott|Whimsicott, M|30\/100\n|move|p1a: Arceus|Outrage|p2a: Whimsicott|[from]lockedmove\n|-immune|p2a: Whimsicott\n|\n|upkeep\n|turn|28\n|\n|t:|1700366667\n|move|p2a: Whimsicott|Leech Seed|p1a: Arceus\n|-start|p1a: Arceus|move: Leech Seed\n|move|p1a: Arceus|Heat Wave|p2a: Whimsicott\n|-supereffective|p2a: Whimsicott\n|-damage|p2a: Whimsicott|0 fnt\n|faint|p2a: Whimsicott\n|\n|upkeep\n|\n|t:|1700366680\n|switch|p2a: Arceus|Arceus|100\/100\n|turn|29\n|\n|t:|1700366689\n|move|p2a: Arceus|Swords Dance|p2a: Arceus\n|-boost|p2a: Arceus|atk|2\n|move|p1a: Arceus|Outrage|p2a: Arceus\n|-damage|p2a: Arceus|72\/100\n|\n|-damage|p1a: Arceus|76\/100|[from] Leech Seed|[of] p2a: Arceus\n|-heal|p2a: Arceus|84\/100|[silent]\n|upkeep\n|turn|30\n|\n|t:|1700366701\n|move|p2a: Arceus|Swords Dance|p2a: Arceus\n|-boost|p2a: Arceus|atk|2\n|move|p1a: Arceus|Outrage|p2a: Arceus|[from]lockedmove\n|-damage|p2a: Arceus|55\/100\n|-start|p1a: Arceus|confusion|[fatigue]\n|\n|-damage|p1a: Arceus|63\/100|[from] Leech Seed|[of] p2a: Arceus\n|-heal|p2a: Arceus|67\/100|[silent]\n|upkeep\n|turn|31\n|\n|t:|1700366723\n|move|p2a: Arceus|Extreme Speed|p1a: Arceus\n|-damage|p1a: Arceus|0 fnt\n|faint|p1a: Arceus\n|\n|upkeep\n|\n|t:|1700366732\n|switch|p1a: Turtwig|Turtwig, F|100\/100\n|-damage|p1a: Turtwig|88\/100|[from] Stealth Rock\n|turn|32\n|\n|t:|1700366740\n|move|p2a: Arceus|Extreme Speed|p1a: Turtwig\n|-damage|p1a: Turtwig|0 fnt\n|faint|p1a: Turtwig\n|\n|upkeep\n|\n|t:|1700366747\n|switch|p1a: Salamence|Salamence, M|63\/100 par\n|-damage|p1a: Salamence|39\/100 par|[from] Stealth Rock\n|-ability|p1a: Salamence|Intimidate|boost\n|-unboost|p2a: Arceus|atk|1\n|turn|33\n|\n|t:|1700366753\n|move|p2a: Arceus|Extreme Speed|p1a: Salamence\n|-damage|p1a: Salamence|0 fnt\n|faint|p1a: Salamence\n|\n|win|GraysonWaddell\n","uploadtime":1700366770,"views":16,"p1id":"whoeveruknow","p2id":"graysonwaddell","formatid":"gen9nationaldexubers","rating":0,"private":0,"password":""}