{"id":"gen9nationaldexubers-1996881817","p1":"SyntaxError614","p2":"Akashi Tatsuya","format":"[Gen 9] National Dex Ubers","log":"|j|\u2606SyntaxError614\n|j|\u2606Akashi Tatsuya\n|t:|1700739748\n|gametype|singles\n|player|p1|SyntaxError614|proton|1141\n|player|p2|Akashi Tatsuya|lucas-gen4pt|1116\n|teamsize|p1|6\n|teamsize|p2|6\n|gen|9\n|tier|[Gen 9] National Dex Ubers\n|rated|\n|rule|HP Percentage Mod: HP is shown in percentages\n|rule|Endless Battle Clause: Forcing endless battles is banned\n|rule|OHKO Clause: OHKO moves are banned\n|rule|Evasion Moves Clause: Evasion moves are banned\n|rule|Evasion Items Clause: Evasion items are banned\n|rule|Species Clause: Limit one of each Pok\u00e9mon\n|rule|Sleep Clause Mod: Limit one foe put to sleep\n|rule|Mega Rayquaza Clause: You cannot mega evolve Rayquaza\n|clearpoke\n|poke|p1|Deoxys-Speed|\n|poke|p1|Blastoise, M|\n|poke|p1|Ferrothorn, F|\n|poke|p1|Greninja-*, M|\n|poke|p1|Darmanitan-Galar, F|\n|poke|p1|Kingambit, F|\n|poke|p2|Dragonite, M|\n|poke|p2|Sylveon, F|\n|poke|p2|Quilava, M|\n|poke|p2|Swampert, M|\n|poke|p2|Sandslash-Alola, M|\n|poke|p2|Raichu, M|\n|teampreview\n|\n|t:|1700739753\n|start\n|switch|p1a: Deoxys|Deoxys-Speed|100\/100\n|switch|p2a: Sandslash|Sandslash-Alola, M|100\/100\n|-ability|p1a: Deoxys|Pressure\n|turn|1\n|\n|t:|1700739761\n|move|p1a: Deoxys|Stealth Rock|p2a: Sandslash\n|-sidestart|p2: Akashi Tatsuya|move: Stealth Rock\n|move|p2a: Sandslash|Rapid Spin|p1a: Deoxys\n|-damage|p1a: Deoxys|81\/100\n|-boost|p2a: Sandslash|spe|1\n|-sideend|p2: Akashi Tatsuya|Stealth Rock|[from] move: Rapid Spin|[of] p2a: Sandslash\n|\n|upkeep\n|turn|2\n|\n|t:|1700739769\n|move|p1a: Deoxys|Skill Swap|p2a: Sandslash\n|-activate|p1a: Deoxys|move: Skill Swap|Slush Rush|Pressure|[of] p2a: Sandslash\n|-ability|p2a: Sandslash|Pressure\n|move|p2a: Sandslash|Rapid Spin|p1a: Deoxys\n|-damage|p1a: Deoxys|62\/100\n|-boost|p2a: Sandslash|spe|1\n|\n|upkeep\n|turn|3\n|\n|t:|1700739785\n|move|p1a: Deoxys|Stealth Rock|p2a: Sandslash\n|-sidestart|p2: Akashi Tatsuya|move: Stealth Rock\n|move|p2a: Sandslash|Icicle Spear|p1a: Deoxys\n|-damage|p1a: Deoxys|49\/100\n|-damage|p1a: Deoxys|37\/100\n|-crit|p1a: Deoxys\n|-damage|p1a: Deoxys|16\/100\n|-damage|p1a: Deoxys|1\/100\n|-damage|p1a: Deoxys|0 fnt\n|faint|p1a: Deoxys\n|-hitcount|p1: Deoxys|5\n|\n|upkeep\n|\n|t:|1700739796\n|switch|p1a: Blastoise|Blastoise, M|100\/100\n|turn|4\n|\n|t:|1700739799\n|move|p2a: Sandslash|Rapid Spin|p1a: Blastoise\n|-damage|p1a: Blastoise|86\/100\n|-boost|p2a: Sandslash|spe|1\n|-sideend|p2: Akashi Tatsuya|Stealth Rock|[from] move: Rapid Spin|[of] p2a: Sandslash\n|move|p1a: Blastoise|Shell Smash|p1a: Blastoise\n|-unboost|p1a: Blastoise|def|1\n|-unboost|p1a: Blastoise|spd|1\n|-boost|p1a: Blastoise|atk|2\n|-boost|p1a: Blastoise|spa|2\n|-boost|p1a: Blastoise|spe|2\n|\n|upkeep\n|turn|5\n|\n|t:|1700739812\n|detailschange|p1a: Blastoise|Blastoise-Mega, M\n|-mega|p1a: Blastoise|Blastoise|Blastoisinite\n|-zpower|p2a: Sandslash\n|move|p2a: Sandslash|Subzero Slammer|p1a: Blastoise|[zeffect]\n|-resisted|p1a: Blastoise\n|-damage|p1a: Blastoise|47\/100\n|move|p1a: Blastoise|Aura Sphere|p2a: Sandslash\n|-supereffective|p2a: Sandslash\n|-damage|p2a: Sandslash|0 fnt\n|faint|p2a: Sandslash\n|\n|upkeep\n|\n|t:|1700739831\n|switch|p2a: Sylveon|Sylveon, F|100\/100\n|turn|6\n|\n|t:|1700739836\n|move|p1a: Blastoise|Ice Beam|p2a: Sylveon\n|-damage|p2a: Sylveon|46\/100\n|move|p2a: Sylveon|Hyper Voice|p1a: Blastoise\n|-damage|p1a: Blastoise|0 fnt\n|faint|p1a: Blastoise\n|-enditem|p2a: Sylveon|Throat Spray\n|-boost|p2a: Sylveon|spa|1|[from] item: Throat Spray\n|\n|upkeep\n|\n|t:|1700739848\n|switch|p1a: Darmanitan|Darmanitan-Galar, F|100\/100\n|turn|7\n|\n|t:|1700739855\n|move|p1a: Darmanitan|Earthquake|p2a: Sylveon\n|-damage|p2a: Sylveon|0 fnt\n|faint|p2a: Sylveon\n|\n|upkeep\n|\n|t:|1700739867\n|switch|p2a: Quilava|Quilava, M|100\/100\n|turn|8\n|\n|t:|1700739883\n|move|p1a: Darmanitan|Earthquake|p2a: Quilava\n|-supereffective|p2a: Quilava\n|-damage|p2a: Quilava|0 fnt\n|faint|p2a: Quilava\n|\n|upkeep\n|\n|t:|1700739893\n|switch|p2a: Raichu|Raichu, M|100\/100\n|turn|9\n|\n|t:|1700739897\n|move|p1a: Darmanitan|Earthquake|p2a: Raichu\n|-supereffective|p2a: Raichu\n|-damage|p2a: Raichu|0 fnt\n|faint|p2a: Raichu\n|\n|upkeep\n|\n|t:|1700739908\n|switch|p2a: Swampert|Swampert, M|100\/100\n|turn|10\n|\n|t:|1700739912\n|move|p1a: Darmanitan|Earthquake|p2a: Swampert\n|-damage|p2a: Swampert|46\/100\n|move|p2a: Swampert|Brick Break|p1a: Darmanitan\n|-supereffective|p1a: Darmanitan\n|-damage|p1a: Darmanitan|26\/100\n|\n|upkeep\n|turn|11\n|\n|t:|1700739920\n|move|p1a: Darmanitan|Earthquake|p2a: Swampert\n|-damage|p2a: Swampert|0 fnt\n|faint|p2a: Swampert\n|\n|upkeep\n|\n|t:|1700739925\n|switch|p2a: Dragonite|Dragonite, M|100\/100\n|turn|12\n|\n|t:|1700739932\n|switch|p1a: Greninja|Greninja, M|100\/100\n|-terastallize|p2a: Dragonite|Normal\n|move|p2a: Dragonite|Dragon Dance|p2a: Dragonite\n|-boost|p2a: Dragonite|atk|1\n|-boost|p2a: Dragonite|spe|1\n|\n|upkeep\n|turn|13\n|\n|t:|1700739942\n|move|p1a: Greninja|Gunk Shot|p2a: Dragonite|[miss]\n|-start|p1a: Greninja|typechange|Poison|[from] ability: Protean\n|-miss|p1a: Greninja|p2a: Dragonite\n|move|p2a: Dragonite|Dragon Dance|p2a: Dragonite\n|-boost|p2a: Dragonite|atk|1\n|-boost|p2a: Dragonite|spe|1\n|\n|upkeep\n|turn|14\n|\n|t:|1700739952\n|move|p1a: Greninja|Gunk Shot|p2a: Dragonite|[miss]\n|-miss|p1a: Greninja|p2a: Dragonite\n|move|p2a: Dragonite|Earthquake|p1a: Greninja\n|-supereffective|p1a: Greninja\n|-damage|p1a: Greninja|0 fnt\n|faint|p1a: Greninja\n|\n|upkeep\n|\n|t:|1700739958\n|switch|p1a: Ferrothorn|Ferrothorn, F|100\/100\n|turn|15\n|\n|t:|1700739965\n|move|p2a: Dragonite|Earthquake|p1a: Ferrothorn\n|-damage|p1a: Ferrothorn|35\/100\n|move|p1a: Ferrothorn|Thunder Wave|p2a: Dragonite\n|-status|p2a: Dragonite|par\n|\n|-heal|p1a: Ferrothorn|42\/100|[from] item: Leftovers\n|upkeep\n|turn|16\n|\n|t:|1700739977\n|cant|p2a: Dragonite|par\n|move|p1a: Ferrothorn|Gyro Ball|p2a: Dragonite\n|-damage|p2a: Dragonite|76\/100 par\n|\n|-heal|p2a: Dragonite|83\/100 par|[from] item: Leftovers\n|-heal|p1a: Ferrothorn|48\/100|[from] item: Leftovers\n|upkeep\n|turn|17\n|\n|t:|1700739986\n|cant|p2a: Dragonite|par\n|move|p1a: Ferrothorn|Leech Seed|p2a: Dragonite\n|-start|p2a: Dragonite|move: Leech Seed\n|\n|-heal|p2a: Dragonite|89\/100 par|[from] item: Leftovers\n|-heal|p1a: Ferrothorn|54\/100|[from] item: Leftovers\n|-damage|p2a: Dragonite|76\/100 par|[from] Leech Seed|[of] p1a: Ferrothorn\n|-heal|p1a: Ferrothorn|68\/100|[silent]\n|upkeep\n|turn|18\n|\n|t:|1700739996\n|move|p2a: Dragonite|Earthquake|p1a: Ferrothorn\n|-damage|p1a: Ferrothorn|10\/100\n|move|p1a: Ferrothorn|Substitute|p1a: Ferrothorn\n|-fail|p1a: Ferrothorn|move: Substitute|[weak]\n|\n|-heal|p2a: Dragonite|83\/100 par|[from] item: Leftovers\n|-heal|p1a: Ferrothorn|16\/100|[from] item: Leftovers\n|-damage|p2a: Dragonite|70\/100 par|[from] Leech Seed|[of] p1a: Ferrothorn\n|-heal|p1a: Ferrothorn|30\/100|[silent]\n|upkeep\n|turn|19\n|\n|t:|1700740007\n|move|p2a: Dragonite|Earthquake|p1a: Ferrothorn\n|-damage|p1a: Ferrothorn|0 fnt\n|faint|p1a: Ferrothorn\n|\n|-heal|p2a: Dragonite|76\/100 par|[from] item: Leftovers\n|upkeep\n|\n|t:|1700740011\n|switch|p1a: Darmanitan|Darmanitan-Galar, F|26\/100\n|turn|20\n|\n|t:|1700740016\n|move|p2a: Dragonite|Extreme Speed|p1a: Darmanitan\n|-damage|p1a: Darmanitan|0 fnt\n|faint|p1a: Darmanitan\n|\n|-heal|p2a: Dragonite|83\/100 par|[from] item: Leftovers\n|upkeep\n|\n|t:|1700740019\n|switch|p1a: Kingambit|Kingambit, F|100\/100\n|-activate|p1a: Kingambit|ability: Supreme Overlord\n|-start|p1a: Kingambit|fallen5|[silent]\n|turn|21\n|\n|t:|1700740028\n|-terastallize|p1a: Kingambit|Dark\n|move|p2a: Dragonite|Earthquake|p1a: Kingambit\n|-damage|p1a: Kingambit|37\/100\n|move|p1a: Kingambit|Iron Head|p2a: Dragonite\n|-damage|p2a: Dragonite|0 fnt\n|faint|p2a: Dragonite\n|\n|win|SyntaxError614\n|raw|SyntaxError614's rating: 1141 &rarr; <strong>1164<\/strong><br \/>(+23 for winning)\n|raw|Akashi Tatsuya's rating: 1116 &rarr; <strong>1093<\/strong><br \/>(-23 for losing)\n|l|\u2606Akashi Tatsuya\n|c|\u2606SyntaxError614|gg\n","uploadtime":1700740043,"views":5,"p1id":"syntaxerror614","p2id":"akashitatsuya","formatid":"gen9nationaldexubers","rating":1093,"private":0,"password":""}