{"id":"gen9nationaldexubers-1988115099","p1":"Master Kirbs","p2":"IsaiahxKillua","format":"[Gen 9] National Dex Ubers","log":"|j|\u2606Master Kirbs\n|j|\u2606IsaiahxKillua\n|t:|1699671389\n|gametype|singles\n|player|p1|Master Kirbs|hiker-gen4|1192\n|player|p2|IsaiahxKillua|169|1246\n|teamsize|p1|6\n|teamsize|p2|6\n|gen|9\n|tier|[Gen 9] National Dex Ubers\n|rated|\n|rule|HP Percentage Mod: HP is shown in percentages\n|rule|Endless Battle Clause: Forcing endless battles is banned\n|rule|OHKO Clause: OHKO moves are banned\n|rule|Evasion Moves Clause: Evasion moves are banned\n|rule|Evasion Items Clause: Evasion items are banned\n|rule|Species Clause: Limit one of each Pok\u00e9mon\n|rule|Sleep Clause Mod: Limit one foe put to sleep\n|rule|Mega Rayquaza Clause: You cannot mega evolve Rayquaza\n|clearpoke\n|poke|p1|Enamorus, F|\n|poke|p1|Miltank, F|\n|poke|p1|Masquerain, F|\n|poke|p1|Palafin, F|\n|poke|p1|Kleavor, M|\n|poke|p1|Zoroark-Hisui, F|\n|poke|p2|Palkia|\n|poke|p2|Kecleon, F|\n|poke|p2|Scizor, F|\n|poke|p2|Meganium, M|\n|poke|p2|Bouffalant, F|\n|poke|p2|Goodra-Hisui, M|\n|teampreview\n|inactive|Battle timer is ON: inactive players will automatically lose when time's up. (requested by Master Kirbs)\n|inactive|Master Kirbs has 120 seconds left.\n|inactive|IsaiahxKillua has 120 seconds left.\n|\n|t:|1699671435\n|start\n|switch|p1a: Masquerain|Masquerain, F|100\/100\n|switch|p2a: Kecleon|Kecleon, F|100\/100\n|-ability|p1a: Masquerain|Intimidate|boost\n|-unboost|p2a: Kecleon|atk|1\n|turn|1\n|\n|t:|1699671443\n|move|p2a: Kecleon|Fake Out|p1a: Masquerain\n|-damage|p1a: Masquerain|84\/100\n|cant|p1a: Masquerain|flinch\n|\n|upkeep\n|turn|2\n|\n|t:|1699671453\n|move|p1a: Masquerain|Sticky Web|p2a: Kecleon\n|-sidestart|p2: IsaiahxKillua|move: Sticky Web\n|move|p2a: Kecleon|Ice Punch|p1a: Masquerain\n|-start|p2a: Kecleon|typechange|Ice|[from] ability: Protean\n|-supereffective|p1a: Masquerain\n|-damage|p1a: Masquerain|15\/100\n|\n|upkeep\n|turn|3\n|\n|t:|1699671462\n|-terastallize|p2a: Kecleon|Ghost\n|move|p2a: Kecleon|Shadow Sneak|p1a: Masquerain\n|-damage|p1a: Masquerain|0 fnt\n|faint|p1a: Masquerain\n|\n|upkeep\n|\n|t:|1699671467\n|switch|p1a: Miltank|Miltank, F|100\/100\n|turn|4\n|\n|t:|1699671477\n|switch|p2a: Bouffalant|Bouffalant, F|100\/100\n|-activate|p2a: Bouffalant|move: Sticky Web\n|-unboost|p2a: Bouffalant|spe|1\n|move|p1a: Miltank|Curse|p1a: Miltank\n|-unboost|p1a: Miltank|spe|1\n|-boost|p1a: Miltank|atk|1\n|-boost|p1a: Miltank|def|1\n|\n|upkeep\n|turn|5\n|\n|t:|1699671486\n|move|p1a: Miltank|Curse|p1a: Miltank\n|-unboost|p1a: Miltank|spe|1\n|-boost|p1a: Miltank|atk|1\n|-boost|p1a: Miltank|def|1\n|move|p2a: Bouffalant|Close Combat|p1a: Miltank\n|-supereffective|p1a: Miltank\n|-damage|p1a: Miltank|47\/100\n|-unboost|p2a: Bouffalant|def|1\n|-unboost|p2a: Bouffalant|spd|1\n|\n|-heal|p1a: Miltank|53\/100|[from] item: Leftovers\n|upkeep\n|turn|6\n|\n|t:|1699671496\n|move|p1a: Miltank|Milk Drink|p1a: Miltank\n|-heal|p1a: Miltank|100\/100\n|move|p2a: Bouffalant|Close Combat|p1a: Miltank\n|-supereffective|p1a: Miltank\n|-damage|p1a: Miltank|50\/100\n|-unboost|p2a: Bouffalant|def|1\n|-unboost|p2a: Bouffalant|spd|1\n|\n|-heal|p1a: Miltank|56\/100|[from] item: Leftovers\n|upkeep\n|turn|7\n|\n|t:|1699671516\n|switch|p2a: Goodra|Goodra-Hisui, M|100\/100\n|-activate|p2a: Goodra|move: Sticky Web\n|-unboost|p2a: Goodra|spe|1\n|move|p1a: Miltank|Body Press|p2a: Goodra\n|-supereffective|p2a: Goodra\n|-damage|p2a: Goodra|31\/100\n|-ability|p2a: Goodra|Gooey\n|-unboost|p1a: Miltank|spe|1\n|\n|-heal|p1a: Miltank|62\/100|[from] item: Leftovers\n|upkeep\n|turn|8\n|\n|t:|1699671528\n|move|p2a: Goodra|Draco Meteor|p1a: Miltank\n|-damage|p1a: Miltank|0 fnt\n|-unboost|p2a: Goodra|spa|2\n|faint|p1a: Miltank\n|\n|upkeep\n|\n|t:|1699671533\n|switch|p1a: Enamorus|Enamorus, F|100\/100\n|turn|9\n|\n|t:|1699671537\n|move|p1a: Enamorus|Superpower|p2a: Goodra\n|-supereffective|p2a: Goodra\n|-damage|p2a: Goodra|0 fnt\n|-boost|p1a: Enamorus|atk|1\n|-boost|p1a: Enamorus|def|1\n|-ability|p2a: Goodra|Gooey\n|-boost|p1a: Enamorus|spe|1\n|faint|p2a: Goodra\n|\n|upkeep\n|\n|t:|1699671551\n|switch|p2a: Kecleon|Kecleon, F, tera:Ghost|100\/100\n|-activate|p2a: Kecleon|move: Sticky Web\n|-unboost|p2a: Kecleon|spe|1\n|turn|10\n|\n|t:|1699671557\n|move|p2a: Kecleon|Fake Out|p1a: Enamorus\n|-damage|p1a: Enamorus|80\/100\n|cant|p1a: Enamorus|flinch\n|\n|-heal|p1a: Enamorus|86\/100|[from] item: Leftovers\n|upkeep\n|turn|11\n|\n|t:|1699671564\n|move|p1a: Enamorus|Fly||[still]\n|-prepare|p1a: Enamorus|Fly\n|move|p2a: Kecleon|Ice Punch|p1a: Enamorus|[miss]\n|-miss|p2a: Kecleon|p1a: Enamorus\n|\n|-heal|p1a: Enamorus|92\/100|[from] item: Leftovers\n|upkeep\n|turn|12\n|\n|t:|1699671584\n|switch|p2a: Scizor|Scizor, F|100\/100\n|-activate|p2a: Scizor|move: Sticky Web\n|-unboost|p2a: Scizor|spe|1\n|move|p1a: Enamorus|Fly|p2a: Scizor|[from]lockedmove\n|-damage|p2a: Scizor|38\/100\n|\n|-heal|p1a: Enamorus|98\/100|[from] item: Leftovers\n|upkeep\n|turn|13\n|\n|t:|1699671593\n|-terastallize|p1a: Enamorus|Fighting\n|move|p1a: Enamorus|Superpower|p2a: Scizor\n|-damage|p2a: Scizor|0 fnt\n|-boost|p1a: Enamorus|atk|1\n|-boost|p1a: Enamorus|def|1\n|faint|p2a: Scizor\n|\n|-heal|p1a: Enamorus|100\/100|[from] item: Leftovers\n|upkeep\n|\n|t:|1699671602\n|switch|p2a: Kecleon|Kecleon, F, tera:Ghost|100\/100\n|-activate|p2a: Kecleon|move: Sticky Web\n|-unboost|p2a: Kecleon|spe|1\n|turn|14\n|\n|t:|1699671609\n|move|p1a: Enamorus|Fly||[still]\n|-prepare|p1a: Enamorus|Fly\n|move|p2a: Kecleon|Knock Off|p1a: Enamorus|[miss]\n|-miss|p2a: Kecleon|p1a: Enamorus\n|\n|upkeep\n|turn|15\n|\n|t:|1699671615\n|move|p2a: Kecleon|Fake Out||[still]\n|-hint|Fake Out only works on your first turn out.\n|-fail|p2a: Kecleon\n|move|p1a: Enamorus|Fly|p2a: Kecleon|[from]lockedmove\n|-damage|p2a: Kecleon|0 fnt\n|faint|p2a: Kecleon\n|\n|upkeep\n|\n|t:|1699671634\n|switch|p2a: Palkia|Palkia|100\/100\n|-activate|p2a: Palkia|move: Sticky Web\n|-unboost|p2a: Palkia|spe|1\n|-ability|p2a: Palkia|Pressure\n|turn|16\n|\n|t:|1699671646\n|move|p1a: Enamorus|Superpower|p2a: Palkia\n|-damage|p2a: Palkia|0 fnt\n|-boost|p1a: Enamorus|atk|1\n|-boost|p1a: Enamorus|def|1\n|faint|p2a: Palkia\n|\n|upkeep\n|-message|IsaiahxKillua forfeited.\n|\n|win|Master Kirbs\n|raw|Master Kirbs's rating: 1192 &rarr; <strong>1221<\/strong><br \/>(+29 for winning)\n|raw|IsaiahxKillua's rating: 1246 &rarr; <strong>1217<\/strong><br \/>(-29 for losing)\n|l|\u2606IsaiahxKillua\n","uploadtime":1699671653,"views":5,"p1id":"masterkirbs","p2id":"isaiahxkillua","formatid":"gen9nationaldexubers","rating":1217,"private":0,"password":""}