{"id":"gen9nationaldexubers-1992066166","p1":"Tecklekiin2","p2":"Drew Ekstrum","format":"[Gen 9] National Dex Ubers","log":"|j|\u2606Tecklekiin2\n|j|\u2606Drew Ekstrum\n|t:|1700152233\n|gametype|singles\n|player|p1|Tecklekiin2|169|\n|player|p2|Drew Ekstrum|101|\n|teamsize|p1|6\n|teamsize|p2|6\n|gen|9\n|tier|[Gen 9] National Dex Ubers\n|rule|HP Percentage Mod: HP is shown in percentages\n|rule|Endless Battle Clause: Forcing endless battles is banned\n|rule|OHKO Clause: OHKO moves are banned\n|rule|Evasion Moves Clause: Evasion moves are banned\n|rule|Evasion Items Clause: Evasion items are banned\n|rule|Species Clause: Limit one of each Pok\u00e9mon\n|rule|Sleep Clause Mod: Limit one foe put to sleep\n|rule|Mega Rayquaza Clause: You cannot mega evolve Rayquaza\n|clearpoke\n|poke|p1|Slaking, F|\n|poke|p1|Pikachu-Partner, M|\n|poke|p1|Blastoise, F|\n|poke|p1|Arcanine, F|\n|poke|p1|Spiritomb, F|\n|poke|p1|Milotic, M|\n|poke|p2|Salamence, M|\n|poke|p2|Blissey, F|\n|poke|p2|Chansey, F|\n|poke|p2|Wobbuffet, F|\n|poke|p2|Lapras, M|\n|poke|p2|Froslass, F|\n|teampreview\n|c|\u2606Tecklekiin2|glhf\n|c|\u2606Tecklekiin2|i'm not gonna lie. i am terrified\n|c|\u2606Drew Ekstrum|glhf\n|c|\u2606Drew Ekstrum|lol\n|\n|t:|1700152306\n|start\n|switch|p1a: Blastoise|Blastoise, F|100\/100\n|switch|p2a: Lapras|Lapras, M|100\/100\n|turn|1\n|\n|t:|1700152317\n|move|p1a: Blastoise|Toxic|p2a: Lapras\n|-status|p2a: Lapras|tox\n|move|p2a: Lapras|Perish Song|p2a: Lapras\n|-start|p1a: Blastoise|perish3|[silent]\n|-start|p2a: Lapras|perish3|[silent]\n|-fieldactivate|move: Perish Song\n|\n|-damage|p2a: Lapras|94\/100 tox|[from] psn\n|-start|p1a: Blastoise|perish3\n|-start|p2a: Lapras|perish3\n|upkeep\n|turn|2\n|\n|t:|1700152337\n|switch|p1a: Spiritomb|Spiritomb, F|100\/100\n|move|p2a: Lapras|Freeze-Dry|p1a: Spiritomb\n|-damage|p1a: Spiritomb|83\/100\n|\n|-heal|p2a: Lapras|100\/100 tox|[from] item: Leftovers\n|-damage|p2a: Lapras|88\/100 tox|[from] psn\n|-start|p2a: Lapras|perish2\n|-damage|p1a: Spiritomb|70\/100|[from] item: Sticky Barb\n|upkeep\n|turn|3\n|\n|t:|1700152351\n|move|p2a: Lapras|Perish Song|p2a: Lapras\n|-start|p1a: Spiritomb|perish3|[silent]\n|-fieldactivate|move: Perish Song\n|move|p1a: Spiritomb|Trick|p2a: Lapras\n|-activate|p1a: Spiritomb|move: Trick|[of] p2a: Lapras\n|-item|p2a: Lapras|Sticky Barb|[from] move: Trick\n|-item|p1a: Spiritomb|Leftovers|[from] move: Trick\n|\n|-heal|p1a: Spiritomb|76\/100|[from] item: Leftovers\n|-damage|p2a: Lapras|69\/100 tox|[from] psn\n|-start|p2a: Lapras|perish1\n|-start|p1a: Spiritomb|perish3\n|-damage|p2a: Lapras|57\/100 tox|[from] item: Sticky Barb\n|upkeep\n|turn|4\n|\n|t:|1700152377\n|switch|p2a: Blissey|Blissey, F|100\/100\n|switch|p1a: Pikachu|Pikachu-Partner, M|100\/100\n|\n|upkeep\n|turn|5\n|\n|t:|1700152384\n|move|p1a: Pikachu|Fake Out|p2a: Blissey\n|-damage|p2a: Blissey|86\/100\n|cant|p2a: Blissey|flinch\n|\n|-heal|p2a: Blissey|92\/100|[from] item: Leftovers\n|upkeep\n|turn|6\n|\n|t:|1700152390\n|move|p1a: Pikachu|Knock Off|p2a: Blissey\n|-damage|p2a: Blissey|57\/100\n|-enditem|p2a: Blissey|Leftovers|[from] move: Knock Off|[of] p1a: Pikachu\n|move|p2a: Blissey|Toxic|p1a: Pikachu\n|-status|p1a: Pikachu|tox\n|\n|-damage|p1a: Pikachu|94\/100 tox|[from] psn\n|upkeep\n|turn|7\n|\n|t:|1700152405\n|move|p1a: Pikachu|Volt Tackle|p2a: Blissey\n|-damage|p2a: Blissey|0 fnt\n|faint|p2a: Blissey\n|-damage|p1a: Pikachu|31\/100 tox|[from] Recoil\n|\n|-damage|p1a: Pikachu|19\/100 tox|[from] psn\n|upkeep\n|c|\u2606Tecklekiin2|pikachu got a kill. i can finally retire him\n|\n|t:|1700152422\n|switch|p2a: Salamence|Salamence, M|100\/100\n|turn|8\n|\n|t:|1700152433\n|move|p1a: Pikachu|Knock Off|p2a: Salamence\n|-damage|p2a: Salamence|48\/100\n|-enditem|p2a: Salamence|Focus Sash|[from] move: Knock Off|[of] p1a: Pikachu\n|move|p2a: Salamence|Dragon Dance|p2a: Salamence\n|-boost|p2a: Salamence|atk|1\n|-boost|p2a: Salamence|spe|1\n|\n|-damage|p1a: Pikachu|0 fnt|[from] psn\n|faint|p1a: Pikachu\n|upkeep\n|\n|t:|1700152487\n|switch|p1a: Blastoise|Blastoise, F|100\/100\n|turn|9\n|\n|t:|1700152495\n|move|p2a: Salamence|Dual Wingbeat|p1a: Blastoise\n|-damage|p1a: Blastoise|65\/100\n|-damage|p1a: Blastoise|23\/100\n|-hitcount|p1a: Blastoise|2\n|move|p1a: Blastoise|Shell Smash|p1a: Blastoise\n|-unboost|p1a: Blastoise|def|1\n|-unboost|p1a: Blastoise|spd|1\n|-boost|p1a: Blastoise|atk|2\n|-boost|p1a: Blastoise|spa|2\n|-boost|p1a: Blastoise|spe|2\n|-enditem|p1a: Blastoise|White Herb\n|-clearnegativeboost|p1a: Blastoise|[silent]\n|\n|upkeep\n|turn|10\n|\n|t:|1700152506\n|move|p2a: Salamence|Dual Wingbeat|p1a: Blastoise\n|-damage|p1a: Blastoise|0 fnt\n|faint|p1a: Blastoise\n|-ability|p2a: Salamence|Moxie|boost\n|-boost|p2a: Salamence|atk|1\n|-hitcount|p1: Blastoise|1\n|\n|upkeep\n|\n|t:|1700152513\n|switch|p1a: Milotic|Milotic, M|100\/100\n|turn|11\n|\n|t:|1700152516\n|move|p2a: Salamence|Dual Wingbeat|p1a: Milotic|[miss]\n|-miss|p2a: Salamence|p1a: Milotic\n|move|p1a: Milotic|Ice Beam|p2a: Salamence\n|-supereffective|p2a: Salamence\n|-crit|p2a: Salamence\n|-damage|p2a: Salamence|0 fnt\n|faint|p2a: Salamence\n|\n|upkeep\n|c|\u2606Drew Ekstrum|unfort\n|\n|t:|1700152524\n|switch|p2a: Lapras|Lapras, M|57\/100 tox\n|turn|12\n|\n|t:|1700152545\n|switch|p1a: Spiritomb|Spiritomb, F|76\/100\n|move|p2a: Lapras|Perish Song|p2a: Lapras\n|-start|p1a: Spiritomb|perish3|[silent]\n|-start|p2a: Lapras|perish3|[silent]\n|-fieldactivate|move: Perish Song\n|\n|-heal|p1a: Spiritomb|82\/100|[from] item: Leftovers\n|-damage|p2a: Lapras|50\/100 tox|[from] psn\n|-start|p2a: Lapras|perish3\n|-start|p1a: Spiritomb|perish3\n|-damage|p2a: Lapras|38\/100 tox|[from] item: Sticky Barb\n|upkeep\n|turn|13\n|\n|t:|1700152558\n|move|p2a: Lapras|Hydro Pump|p1a: Spiritomb\n|-damage|p1a: Spiritomb|58\/100\n|move|p1a: Spiritomb|Psyshock|p2a: Lapras\n|-damage|p2a: Lapras|22\/100 tox\n|\n|-heal|p1a: Spiritomb|64\/100|[from] item: Leftovers\n|-damage|p2a: Lapras|10\/100 tox|[from] psn\n|-start|p2a: Lapras|perish2\n|-start|p1a: Spiritomb|perish2\n|-damage|p2a: Lapras|0 fnt|[from] item: Sticky Barb\n|faint|p2a: Lapras\n|upkeep\n|\n|t:|1700152576\n|switch|p2a: Chansey|Chansey, F|100\/100\n|turn|14\n|\n|t:|1700152582\n|move|p2a: Chansey|Toxic|p1a: Spiritomb\n|-status|p1a: Spiritomb|tox\n|move|p1a: Spiritomb|Toxic|p2a: Chansey\n|-status|p2a: Chansey|tox\n|\n|-heal|p1a: Spiritomb|69\/100 tox|[from] item: Leftovers\n|-damage|p2a: Chansey|94\/100 tox|[from] psn\n|-damage|p1a: Spiritomb|64\/100 tox|[from] psn\n|-start|p1a: Spiritomb|perish1\n|upkeep\n|turn|15\n|\n|t:|1700152591\n|-curestatus|p2a: Chansey|tox|[from] ability: Natural Cure\n|switch|p2a: Wobbuffet|Wobbuffet, F|100\/100\n|move|p1a: Spiritomb|Pain Split|p2a: Wobbuffet\n|-sethp|p2a: Wobbuffet|67\/100|[from] move: Pain Split|[silent]\n|-sethp|p1a: Spiritomb|100\/100 tox|[from] move: Pain Split\n|\n|-damage|p1a: Spiritomb|89\/100 tox|[from] psn\n|-start|p1a: Spiritomb|perish0\n|upkeep\n|faint|p1a: Spiritomb\n|\n|t:|1700152613\n|switch|p1a: Slaking|Slaking, F|100\/100\n|turn|16\n|\n|t:|1700152618\n|move|p1a: Slaking|Giga Impact|p2a: Wobbuffet\n|-damage|p2a: Wobbuffet|0 fnt\n|-mustrecharge|p1a: Slaking\n|faint|p2a: Wobbuffet\n|\n|upkeep\n|\n|t:|1700152624\n|switch|p2a: Chansey|Chansey, F|94\/100\n|turn|17\n|\n|t:|1700152627\n|cant|p1a: Slaking|recharge\n|move|p2a: Chansey|Toxic|p1a: Slaking\n|-status|p1a: Slaking|tox\n|\n|-damage|p1a: Slaking|94\/100 tox|[from] psn\n|upkeep\n|turn|18\n|\n|t:|1700152637\n|switch|p1a: Milotic|Milotic, M|100\/100\n|switch|p2a: Froslass|Froslass, F|100\/100\n|\n|upkeep\n|turn|19\n|\n|t:|1700152645\n|move|p2a: Froslass|Shadow Ball|p1a: Milotic\n|-damage|p1a: Milotic|80\/100\n|-unboost|p1a: Milotic|spd|1\n|-ability|p1a: Milotic|Competitive|boost\n|-boost|p1a: Milotic|spa|2\n|move|p1a: Milotic|Attract|p2a: Froslass\n|-start|p2a: Froslass|Attract\n|\n|-heal|p1a: Milotic|86\/100|[from] item: Leftovers\n|upkeep\n|turn|20\n|c|\u2606Drew Ekstrum|unfort\n|\n|t:|1700152659\n|-activate|p2a: Froslass|move: Attract|[of] p1a: Milotic\n|move|p2a: Froslass|Shadow Ball|p1a: Milotic\n|-damage|p1a: Milotic|55\/100\n|move|p1a: Milotic|Scald|p2a: Froslass\n|-damage|p2a: Froslass|0 fnt\n|faint|p2a: Froslass\n|\n|-heal|p1a: Milotic|61\/100|[from] item: Leftovers\n|upkeep\n|\n|t:|1700152666\n|switch|p2a: Chansey|Chansey, F|94\/100\n|turn|21\n|\n|t:|1700152670\n|move|p1a: Milotic|Recover|p1a: Milotic\n|-heal|p1a: Milotic|100\/100\n|move|p2a: Chansey|Seismic Toss|p1a: Milotic\n|-damage|p1a: Milotic|75\/100\n|\n|-heal|p1a: Milotic|81\/100|[from] item: Leftovers\n|upkeep\n|turn|22\n|\n|t:|1700152677\n|move|p1a: Milotic|Scald|p2a: Chansey\n|-damage|p2a: Chansey|71\/100\n|-status|p2a: Chansey|brn\n|move|p2a: Chansey|Toxic|p1a: Milotic|[miss]\n|-miss|p2a: Chansey|p1a: Milotic\n|\n|-heal|p1a: Milotic|87\/100|[from] item: Leftovers\n|-damage|p2a: Chansey|65\/100 brn|[from] brn\n|upkeep\n|turn|23\n|c|\u2606Drew Ekstrum|ahhhhhhhhh\n|\n|t:|1700152690\n|switch|p1a: Slaking|Slaking, F|94\/100 tox\n|move|p2a: Chansey|Toxic|p1a: Slaking\n|-fail|p1a: Slaking|tox\n|\n|-damage|p1a: Slaking|88\/100 tox|[from] psn\n|-damage|p2a: Chansey|59\/100 brn|[from] brn\n|upkeep\n|turn|24\n|\n|t:|1700152698\n|move|p1a: Slaking|Giga Impact|p2a: Chansey\n|-damage|p2a: Chansey|0 fnt\n|-mustrecharge|p1a: Slaking\n|faint|p2a: Chansey\n|\n|win|Tecklekiin2\n|c|\u2606Drew Ekstrum|gg\n|c|\u2606Tecklekiin2|gg\n","uploadtime":1700152707,"views":36,"p1id":"tecklekiin2","p2id":"drewekstrum","formatid":"gen9nationaldexubers","rating":0,"private":0,"password":""}