{"id":"gen9nationaldexubers-1983699819","p1":"Chaitanya15","p2":"Helpnoname","format":"[Gen 9] National Dex Ubers","log":"|j|\u2606Chaitanya15\n|j|\u2606Helpnoname\n|t:|1699163153\n|gametype|singles\n|player|p1|Chaitanya15|101|1484\n|player|p2|Helpnoname|102|1688\n|teamsize|p1|6\n|teamsize|p2|6\n|gen|9\n|tier|[Gen 9] National Dex Ubers\n|rated|\n|rule|HP Percentage Mod: HP is shown in percentages\n|rule|Endless Battle Clause: Forcing endless battles is banned\n|rule|OHKO Clause: OHKO moves are banned\n|rule|Evasion Moves Clause: Evasion moves are banned\n|rule|Evasion Items Clause: Evasion items are banned\n|rule|Species Clause: Limit one of each Pok\u00e9mon\n|rule|Sleep Clause Mod: Limit one foe put to sleep\n|rule|Mega Rayquaza Clause: You cannot mega evolve Rayquaza\n|clearpoke\n|poke|p1|Kingambit, M|\n|poke|p1|Basculegion, M|\n|poke|p1|Pikachu, F|\n|poke|p1|Kyogre|\n|poke|p1|Flutter Mane|\n|poke|p1|Deoxys-Speed|\n|poke|p2|Ferrothorn, M|\n|poke|p2|Eternatus|\n|poke|p2|Giratina|\n|poke|p2|Yveltal|\n|poke|p2|Toxapex, F|\n|poke|p2|Ho-Oh|\n|teampreview\n|\n|t:|1699163170\n|start\n|switch|p1a: Deoxys|Deoxys-Speed|100\/100\n|switch|p2a: Yveltal|Yveltal|100\/100\n|-ability|p1a: Deoxys|Pressure\n|-ability|p2a: Yveltal|Dark Aura\n|turn|1\n|inactive|Battle timer is ON: inactive players will automatically lose when time's up. (requested by Chaitanya15)\n|\n|t:|1699163180\n|move|p1a: Deoxys|Stealth Rock|p2a: Yveltal\n|-sidestart|p2: Helpnoname|move: Stealth Rock\n|move|p2a: Yveltal|Dark Pulse|p1a: Deoxys\n|-supereffective|p1a: Deoxys\n|-enditem|p1a: Deoxys|Focus Sash\n|-damage|p1a: Deoxys|1\/100\n|\n|upkeep\n|turn|2\n|\n|t:|1699163192\n|move|p1a: Deoxys|Spikes|p2a: Yveltal\n|-sidestart|p2: Helpnoname|Spikes\n|move|p2a: Yveltal|Dark Pulse|p1a: Deoxys\n|-supereffective|p1a: Deoxys\n|-damage|p1a: Deoxys|0 fnt\n|faint|p1a: Deoxys\n|\n|upkeep\n|\n|t:|1699163200\n|switch|p1a: Flutter Mane|Flutter Mane|100\/100\n|-enditem|p1a: Flutter Mane|Booster Energy\n|-activate|p1a: Flutter Mane|ability: Protosynthesis|[fromitem]\n|-start|p1a: Flutter Mane|protosynthesisspe\n|turn|3\n|\n|t:|1699163210\n|switch|p2a: Ho-Oh|Ho-Oh|100\/100\n|move|p1a: Flutter Mane|Moonblast|p2a: Ho-Oh\n|-resisted|p2a: Ho-Oh\n|-damage|p2a: Ho-Oh|88\/100\n|\n|upkeep\n|turn|4\n|\n|t:|1699163217\n|-end|p1a: Flutter Mane|Protosynthesis|[silent]\n|switch|p1a: Pikachu|Pikachu, F|100\/100\n|move|p2a: Ho-Oh|Toxic|p1a: Pikachu|[miss]\n|-miss|p2a: Ho-Oh|p1a: Pikachu\n|\n|upkeep\n|turn|5\n|\n|t:|1699163224\n|switch|p2a: Ferrothorn|Ferrothorn, M|100\/100\n|-damage|p2a: Ferrothorn|94\/100|[from] Stealth Rock\n|-damage|p2a: Ferrothorn|82\/100|[from] Spikes\n|move|p1a: Pikachu|Volt Tackle|p2a: Ferrothorn\n|-resisted|p2a: Ferrothorn\n|-damage|p2a: Ferrothorn|55\/100\n|-damage|p1a: Pikachu|88\/100|[from] ability: Iron Barbs|[of] p2a: Ferrothorn\n|-damage|p1a: Pikachu|73\/100|[from] Recoil\n|\n|-heal|p2a: Ferrothorn|62\/100|[from] item: Leftovers\n|upkeep\n|turn|6\n|\n|t:|1699163238\n|switch|p1a: Flutter Mane|Flutter Mane|100\/100\n|move|p2a: Ferrothorn|Leech Seed|p1a: Flutter Mane|[miss]\n|-miss|p2a: Ferrothorn|p1a: Flutter Mane\n|\n|-heal|p2a: Ferrothorn|68\/100|[from] item: Leftovers\n|upkeep\n|turn|7\n|\n|t:|1699163248\n|switch|p2a: Ho-Oh|Ho-Oh|100\/100\n|move|p1a: Flutter Mane|Mystical Fire|p2a: Ho-Oh\n|-resisted|p2a: Ho-Oh\n|-damage|p2a: Ho-Oh|95\/100\n|-unboost|p2a: Ho-Oh|spa|1\n|\n|upkeep\n|turn|8\n|\n|t:|1699163257\n|-end|p1a: Flutter Mane|Protosynthesis|[silent]\n|switch|p1a: Pikachu|Pikachu, F|73\/100\n|move|p2a: Ho-Oh|Sacred Fire|p1a: Pikachu\n|-damage|p1a: Pikachu|0 fnt\n|faint|p1a: Pikachu\n|\n|upkeep\n|\n|t:|1699163267\n|switch|p1a: Kyogre|Kyogre|100\/100\n|-weather|RainDance|[from] ability: Drizzle|[of] p1a: Kyogre\n|turn|9\n|\n|t:|1699163274\n|switch|p2a: Giratina|Giratina|100\/100\n|-damage|p2a: Giratina|88\/100|[from] Stealth Rock\n|-damage|p2a: Giratina|75\/100|[from] Spikes\n|-ability|p2a: Giratina|Pressure\n|move|p1a: Kyogre|Water Spout|p2a: Giratina\n|-resisted|p2a: Giratina\n|-damage|p2a: Giratina|34\/100\n|\n|-weather|RainDance|[upkeep]\n|-heal|p2a: Giratina|41\/100|[from] item: Leftovers\n|upkeep\n|turn|10\n|\n|t:|1699163289\n|switch|p2a: Zoroerk|Toxapex, F|100\/100\n|-damage|p2a: Zoroerk|88\/100|[from] Stealth Rock\n|-damage|p2a: Zoroerk|75\/100|[from] Spikes\n|move|p1a: Kyogre|Water Spout|p2a: Zoroerk\n|-resisted|p2a: Zoroerk\n|-damage|p2a: Zoroerk|35\/100\n|\n|-weather|RainDance|[upkeep]\n|upkeep\n|turn|11\n|\n|t:|1699163303\n|move|p2a: Zoroerk|Baneful Bunker|p2a: Zoroerk\n|-singleturn|p2a: Zoroerk|move: Protect\n|move|p1a: Kyogre|Water Spout|p2a: Zoroerk\n|-activate|p2a: Zoroerk|move: Protect\n|\n|-weather|RainDance|[upkeep]\n|upkeep\n|turn|12\n|\n|t:|1699163325\n|switch|p2a: Eternatus|Eternatus|100\/100\n|-damage|p2a: Eternatus|88\/100|[from] Stealth Rock\n|-damage|p2a: Eternatus|76\/100|[from] Spikes\n|-ability|p2a: Eternatus|Pressure\n|move|p1a: Kyogre|Water Spout|p2a: Eternatus\n|-resisted|p2a: Eternatus\n|-damage|p2a: Eternatus|28\/100\n|\n|-weather|RainDance|[upkeep]\n|-heal|p2a: Eternatus|34\/100|[from] item: Leftovers\n|upkeep\n|turn|13\n|\n|t:|1699163338\n|move|p1a: Kyogre|Water Spout|p2a: Eternatus\n|-resisted|p2a: Eternatus\n|-damage|p2a: Eternatus|0 fnt\n|faint|p2a: Eternatus\n|\n|-weather|none\n|upkeep\n|\n|t:|1699163340\n|switch|p2a: Giratina|Giratina|41\/100\n|-damage|p2a: Giratina|28\/100|[from] Stealth Rock\n|-damage|p2a: Giratina|16\/100|[from] Spikes\n|-ability|p2a: Giratina|Pressure\n|turn|14\n|\n|t:|1699163351\n|switch|p1a: Flutter Mane|Flutter Mane|100\/100\n|move|p2a: Giratina|Defog|p1a: Flutter Mane\n|-unboost|p1a: Flutter Mane|evasion|1\n|-sideend|p2: Helpnoname|Spikes|[from] move: Defog|[of] p2a: Giratina\n|-sideend|p2: Helpnoname|Stealth Rock|[from] move: Defog|[of] p2a: Giratina\n|\n|-heal|p2a: Giratina|22\/100|[from] item: Leftovers\n|upkeep\n|turn|15\n|\n|t:|1699163361\n|switch|p2a: Zoroerk|Toxapex, F|68\/100\n|move|p1a: Flutter Mane|Shadow Ball|p2a: Zoroerk\n|-damage|p2a: Zoroerk|40\/100\n|\n|upkeep\n|turn|16\n|\n|t:|1699163368\n|switch|p2a: Ho-Oh|Ho-Oh|100\/100\n|move|p1a: Flutter Mane|Psyshock|p2a: Ho-Oh\n|-damage|p2a: Ho-Oh|75\/100\n|\n|upkeep\n|turn|17\n|\n|t:|1699163384\n|move|p1a: Flutter Mane|Psyshock|p2a: Ho-Oh\n|-damage|p2a: Ho-Oh|49\/100\n|move|p2a: Ho-Oh|Toxic|p1a: Flutter Mane\n|-status|p1a: Flutter Mane|tox\n|\n|-damage|p1a: Flutter Mane|95\/100 tox|[from] psn\n|upkeep\n|turn|18\n|\n|t:|1699163392\n|move|p1a: Flutter Mane|Psyshock|p2a: Ho-Oh\n|-crit|p2a: Ho-Oh\n|-damage|p2a: Ho-Oh|7\/100\n|move|p2a: Ho-Oh|Roost|p2a: Ho-Oh\n|-heal|p2a: Ho-Oh|57\/100\n|-singleturn|p2a: Ho-Oh|move: Roost\n|\n|-damage|p1a: Flutter Mane|83\/100 tox|[from] psn\n|upkeep\n|turn|19\n|\n|t:|1699163403\n|move|p1a: Flutter Mane|Shadow Ball|p2a: Ho-Oh\n|-damage|p2a: Ho-Oh|40\/100\n|move|p2a: Ho-Oh|Roost|p2a: Ho-Oh\n|-heal|p2a: Ho-Oh|90\/100\n|-singleturn|p2a: Ho-Oh|move: Roost\n|\n|-damage|p1a: Flutter Mane|65\/100 tox|[from] psn\n|upkeep\n|turn|20\n|\n|t:|1699163414\n|switch|p2a: Zoroerk|Toxapex, F|74\/100\n|move|p1a: Flutter Mane|Shadow Ball|p2a: Zoroerk\n|-damage|p2a: Zoroerk|45\/100\n|\n|-damage|p1a: Flutter Mane|41\/100 tox|[from] psn\n|upkeep\n|turn|21\n|\n|t:|1699163422\n|switch|p2a: Yveltal|Yveltal|100\/100\n|-ability|p2a: Yveltal|Dark Aura\n|move|p1a: Flutter Mane|Psyshock|p2a: Yveltal\n|-immune|p2a: Yveltal\n|\n|-damage|p1a: Flutter Mane|11\/100 tox|[from] psn\n|upkeep\n|turn|22\n|\n|t:|1699163434\n|move|p2a: Yveltal|Knock Off|p1a: Flutter Mane\n|-damage|p1a: Flutter Mane|0 fnt\n|faint|p1a: Flutter Mane\n|-end|p1a: Flutter Mane|Protosynthesis|[silent]\n|\n|upkeep\n|\n|t:|1699163443\n|switch|p1a: Kyogre|Kyogre|100\/100\n|-weather|RainDance|[from] ability: Drizzle|[of] p1a: Kyogre\n|turn|23\n|\n|t:|1699163451\n|switch|p2a: Ferrothorn|Ferrothorn, M|68\/100\n|move|p1a: Kyogre|Thunder|p2a: Ferrothorn\n|-resisted|p2a: Ferrothorn\n|-damage|p2a: Ferrothorn|54\/100\n|\n|-weather|RainDance|[upkeep]\n|-heal|p2a: Ferrothorn|60\/100|[from] item: Leftovers\n|upkeep\n|turn|24\n|\n|t:|1699163461\n|switch|p1a: Kingambit|Kingambit, M|100\/100\n|-activate|p1a: Kingambit|ability: Supreme Overlord\n|-start|p1a: Kingambit|fallen3|[silent]\n|move|p2a: Ferrothorn|Leech Seed|p1a: Kingambit\n|-start|p1a: Kingambit|move: Leech Seed\n|\n|-weather|RainDance|[upkeep]\n|-heal|p2a: Ferrothorn|66\/100|[from] item: Leftovers\n|-damage|p1a: Kingambit|88\/100|[from] Leech Seed|[of] p2a: Ferrothorn\n|-heal|p2a: Ferrothorn|81\/100|[silent]\n|upkeep\n|turn|25\n|\n|t:|1699163471\n|move|p1a: Kingambit|Swords Dance|p1a: Kingambit\n|-boost|p1a: Kingambit|atk|2\n|move|p2a: Ferrothorn|Substitute|p2a: Ferrothorn\n|-start|p2a: Ferrothorn|Substitute\n|-damage|p2a: Ferrothorn|56\/100\n|\n|-weather|RainDance|[upkeep]\n|-heal|p2a: Ferrothorn|62\/100|[from] item: Leftovers\n|-damage|p1a: Kingambit|76\/100|[from] Leech Seed|[of] p2a: Ferrothorn\n|-heal|p2a: Ferrothorn|76\/100|[silent]\n|upkeep\n|turn|26\n|\n|t:|1699163481\n|move|p2a: Ferrothorn|Protect|p2a: Ferrothorn\n|-singleturn|p2a: Ferrothorn|Protect\n|move|p1a: Kingambit|Kowtow Cleave|p2a: Ferrothorn\n|-activate|p2a: Ferrothorn|move: Protect\n|\n|-weather|RainDance|[upkeep]\n|-heal|p2a: Ferrothorn|82\/100|[from] item: Leftovers\n|-damage|p1a: Kingambit|63\/100|[from] Leech Seed|[of] p2a: Ferrothorn\n|-heal|p2a: Ferrothorn|97\/100|[silent]\n|upkeep\n|turn|27\n|\n|t:|1699163491\n|move|p1a: Kingambit|Kowtow Cleave|p2a: Ferrothorn\n|-end|p2a: Ferrothorn|Substitute\n|-damage|p1a: Kingambit|53\/100|[from] item: Life Orb\n|move|p2a: Ferrothorn|Substitute|p2a: Ferrothorn\n|-start|p2a: Ferrothorn|Substitute\n|-damage|p2a: Ferrothorn|72\/100\n|\n|-weather|none\n|-heal|p2a: Ferrothorn|78\/100|[from] item: Leftovers\n|-damage|p1a: Kingambit|41\/100|[from] Leech Seed|[of] p2a: Ferrothorn\n|-heal|p2a: Ferrothorn|92\/100|[silent]\n|upkeep\n|turn|28\n|\n|t:|1699163503\n|-end|p1a: Kingambit|fallen3|[silent]\n|switch|p1a: Basculegion|Basculegion, M|100\/100\n|move|p2a: Ferrothorn|Protect||[still]\n|-fail|p2a: Ferrothorn\n|\n|-heal|p2a: Ferrothorn|98\/100|[from] item: Leftovers\n|upkeep\n|turn|29\n|\n|t:|1699163511\n|move|p1a: Basculegion|Last Respects|p2a: Ferrothorn\n|-end|p2a: Ferrothorn|Substitute\n|move|p2a: Ferrothorn|Leech Seed|p1a: Basculegion\n|-start|p1a: Basculegion|move: Leech Seed\n|\n|-heal|p2a: Ferrothorn|100\/100|[from] item: Leftovers\n|-damage|p1a: Basculegion|88\/100|[from] Leech Seed|[of] p2a: Ferrothorn\n|upkeep\n|turn|30\n|\n|t:|1699163521\n|move|p1a: Basculegion|Last Respects|p2a: Ferrothorn\n|-damage|p2a: Ferrothorn|0 fnt\n|faint|p2a: Ferrothorn\n|\n|upkeep\n|\n|t:|1699163525\n|switch|p2a: Yveltal|Yveltal|100\/100\n|-ability|p2a: Yveltal|Dark Aura\n|turn|31\n|\n|t:|1699163533\n|switch|p1a: Kingambit|Kingambit, M|41\/100\n|-activate|p1a: Kingambit|ability: Supreme Overlord\n|-start|p1a: Kingambit|fallen3|[silent]\n|-terastallize|p2a: Yveltal|Dark\n|move|p2a: Yveltal|Dark Pulse|p1a: Kingambit\n|-resisted|p1a: Kingambit\n|-damage|p1a: Kingambit|7\/100\n|\n|upkeep\n|turn|32\n|\n|t:|1699163544\n|move|p1a: Kingambit|Sucker Punch|p2a: Yveltal\n|-resisted|p2a: Yveltal\n|-damage|p2a: Yveltal|61\/100\n|-damage|p1a: Kingambit|0 fnt|[from] item: Life Orb\n|faint|p1a: Kingambit\n|-end|p1a: Kingambit|fallen3|[silent]\n|move|p2a: Yveltal|Dark Pulse|p1: Kingambit|[notarget]\n|-fail|p2a: Yveltal\n|\n|upkeep\n|\n|t:|1699163553\n|switch|p1a: Kyogre|Kyogre|100\/100\n|-weather|RainDance|[from] ability: Drizzle|[of] p1a: Kyogre\n|turn|33\n|\n|t:|1699163560\n|switch|p2a: Giratina|Giratina|22\/100\n|-ability|p2a: Giratina|Pressure\n|move|p1a: Kyogre|Thunder|p2a: Giratina\n|-resisted|p2a: Giratina\n|-damage|p2a: Giratina|9\/100\n|\n|-weather|RainDance|[upkeep]\n|-heal|p2a: Giratina|15\/100|[from] item: Leftovers\n|upkeep\n|turn|34\n|\n|t:|1699163574\n|move|p1a: Kyogre|Thunder|p2a: Giratina\n|-resisted|p2a: Giratina\n|-damage|p2a: Giratina|2\/100\n|move|p2a: Giratina|Rest|p2a: Giratina\n|-status|p2a: Giratina|slp|[from] move: Rest\n|-heal|p2a: Giratina|100\/100 slp|[silent]\n|\n|-weather|RainDance|[upkeep]\n|upkeep\n|turn|35\n|\n|t:|1699163584\n|switch|p1a: Basculegion|Basculegion, M|88\/100\n|cant|p2a: Giratina|slp\n|\n|-weather|RainDance|[upkeep]\n|upkeep\n|turn|36\n|\n|t:|1699163599\n|switch|p2a: Ho-Oh|Ho-Oh|100\/100\n|move|p1a: Basculegion|Last Respects|p2a: Ho-Oh\n|-damage|p2a: Ho-Oh|0 fnt\n|faint|p2a: Ho-Oh\n|\n|-weather|RainDance|[upkeep]\n|upkeep\n|\n|t:|1699163602\n|switch|p2a: Yveltal|Yveltal, tera:Dark|61\/100\n|-ability|p2a: Yveltal|Dark Aura\n|turn|37\n|\n|t:|1699163611\n|-terastallize|p1a: Basculegion|Water\n|move|p1a: Basculegion|Last Respects|p2a: Yveltal\n|-resisted|p2a: Yveltal\n|-damage|p2a: Yveltal|0 fnt\n|faint|p2a: Yveltal\n|\n|-weather|none\n|upkeep\n|\n|t:|1699163618\n|switch|p2a: Zoroerk|Toxapex, F|78\/100\n|turn|38\n|\n|t:|1699163622\n|move|p1a: Basculegion|Last Respects|p2a: Zoroerk\n|-damage|p2a: Zoroerk|0 fnt\n|faint|p2a: Zoroerk\n|\n|upkeep\n|-message|Helpnoname forfeited.\n|\n|win|Chaitanya15\n|raw|Chaitanya15's rating: 1484 &rarr; <strong>1515<\/strong><br \/>(+31 for winning)\n|raw|Helpnoname's rating: 1688 &rarr; <strong>1657<\/strong><br \/>(-31 for losing)\n|l|\u2606Helpnoname\n","uploadtime":1699163631,"views":9,"p1id":"chaitanya15","p2id":"helpnoname","formatid":"gen9nationaldexubers","rating":1515,"private":0,"password":""}