{"id":"gen9nationaldexubers-1995729679","p1":"Kraken1414","p2":"joaojr","format":"[Gen 9] National Dex Ubers","log":"|j|\u2606Kraken1414\n|j|\u2606joaojr\n|t:|1700597758\n|gametype|singles\n|player|p1|Kraken1414|101|1509\n|player|p2|joaojr|karen|1532\n|teamsize|p1|6\n|teamsize|p2|6\n|gen|9\n|tier|[Gen 9] National Dex Ubers\n|rated|\n|rule|HP Percentage Mod: HP is shown in percentages\n|rule|Endless Battle Clause: Forcing endless battles is banned\n|rule|OHKO Clause: OHKO moves are banned\n|rule|Evasion Moves Clause: Evasion moves are banned\n|rule|Evasion Items Clause: Evasion items are banned\n|rule|Species Clause: Limit one of each Pok\u00e9mon\n|rule|Sleep Clause Mod: Limit one foe put to sleep\n|rule|Mega Rayquaza Clause: You cannot mega evolve Rayquaza\n|clearpoke\n|poke|p1|Zygarde|\n|poke|p1|Deoxys-Speed|\n|poke|p1|Marshadow|\n|poke|p1|Shaymin-Sky|\n|poke|p1|Zacian-*|\n|poke|p1|Necrozma-Dusk-Mane|\n|poke|p2|Kyogre|\n|poke|p2|Necrozma-Dusk-Mane|\n|poke|p2|Ho-Oh|\n|poke|p2|Zacian-*|\n|poke|p2|Arceus-Dark|\n|poke|p2|Gliscor, F|\n|teampreview\n|\n|t:|1700597789\n|start\n|switch|p1a: Deoxys|Deoxys-Speed|100\/100\n|switch|p2a: Arceus|Arceus-Dark|100\/100\n|-ability|p1a: Deoxys|Pressure\n|turn|1\n|\n|t:|1700597794\n|move|p1a: Deoxys|Magic Coat|p1a: Deoxys\n|-singleturn|p1a: Deoxys|move: Magic Coat\n|move|p2a: Arceus|Foul Play|p1a: Deoxys\n|-supereffective|p1a: Deoxys\n|-enditem|p1a: Deoxys|Focus Sash\n|-damage|p1a: Deoxys|1\/100\n|\n|upkeep\n|turn|2\n|\n|t:|1700597800\n|move|p1a: Deoxys|Stealth Rock|p2a: Arceus\n|-sidestart|p2: joaojr|move: Stealth Rock\n|move|p2a: Arceus|Foul Play|p1a: Deoxys\n|-supereffective|p1a: Deoxys\n|-damage|p1a: Deoxys|0 fnt\n|faint|p1a: Deoxys\n|\n|upkeep\n|\n|t:|1700597811\n|switch|p1a: Zacian|Zacian-Crowned, shiny|100\/100\n|-ability|p1a: Zacian|Intrepid Sword|boost\n|-boost|p1a: Zacian|atk|1\n|turn|3\n|\n|t:|1700597819\n|move|p1a: Zacian|Play Rough|p2a: Arceus\n|-supereffective|p2a: Arceus\n|-damage|p2a: Arceus|0 fnt\n|faint|p2a: Arceus\n|\n|upkeep\n|\n|t:|1700597822\n|switch|p2a: Necrozma|Necrozma-Dusk-Mane|100\/100\n|-damage|p2a: Necrozma|94\/100|[from] Stealth Rock\n|turn|4\n|\n|t:|1700597825\n|move|p1a: Zacian|Crunch|p2a: Necrozma\n|-supereffective|p2a: Necrozma\n|-damage|p2a: Necrozma|59\/100\n|-damage|p1a: Zacian|84\/100|[from] item: Rocky Helmet|[of] p2a: Necrozma\n|move|p2a: Necrozma|Thunder Wave|p1a: Zacian\n|-status|p1a: Zacian|par\n|\n|upkeep\n|turn|5\n|\n|t:|1700597835\n|move|p1a: Zacian|Crunch|p2a: Necrozma\n|-supereffective|p2a: Necrozma\n|-damage|p2a: Necrozma|17\/100\n|-damage|p1a: Zacian|67\/100 par|[from] item: Rocky Helmet|[of] p2a: Necrozma\n|move|p2a: Necrozma|Earthquake|p1a: Zacian\n|-supereffective|p1a: Zacian\n|-damage|p1a: Zacian|1\/100 par\n|\n|upkeep\n|turn|6\n|\n|t:|1700597842\n|move|p1a: Zacian|Crunch|p2a: Necrozma\n|-supereffective|p2a: Necrozma\n|-damage|p2a: Necrozma|0 fnt\n|-damage|p1a: Zacian|0 fnt|[from] item: Rocky Helmet|[of] p2a: Necrozma\n|faint|p2a: Necrozma\n|faint|p1a: Zacian\n|\n|upkeep\n|\n|t:|1700597856\n|switch|p1a: Necrozma|Necrozma-Dusk-Mane, shiny|100\/100\n|switch|p2a: Gliscor|Gliscor, F|100\/100\n|-damage|p2a: Gliscor|88\/100|[from] Stealth Rock\n|turn|7\n|\n|t:|1700597862\n|move|p1a: Necrozma|Dragon Dance|p1a: Necrozma\n|-boost|p1a: Necrozma|atk|1\n|-boost|p1a: Necrozma|spe|1\n|move|p2a: Gliscor|Spikes|p1a: Necrozma\n|-sidestart|p1: Kraken1414|Spikes\n|\n|-status|p2a: Gliscor|tox|[from] item: Toxic Orb\n|upkeep\n|turn|8\n|\n|t:|1700597872\n|switch|p2a: Ho-Oh|Ho-Oh|100\/100\n|move|p1a: Necrozma|Dragon Dance|p1a: Necrozma\n|-boost|p1a: Necrozma|atk|1\n|-boost|p1a: Necrozma|spe|1\n|\n|upkeep\n|turn|9\n|\n|t:|1700597877\n|detailschange|p1a: Necrozma|Necrozma-Ultra, shiny\n|-burst|p1a: Necrozma|Necrozma|Ultranecrozium Z\n|move|p1a: Necrozma|Photon Geyser|p2a: Ho-Oh\n|-damage|p2a: Ho-Oh|0 fnt\n|faint|p2a: Ho-Oh\n|\n|upkeep\n|-message|joaojr forfeited.\n|\n|win|Kraken1414\n|raw|Kraken1414's rating: 1509 &rarr; <strong>1530<\/strong><br \/>(+21 for winning)\n|raw|joaojr's rating: 1532 &rarr; <strong>1511<\/strong><br \/>(-21 for losing)\n|l|\u2606joaojr\n","uploadtime":1700597889,"views":0,"p1id":"kraken1414","p2id":"joaojr","formatid":"gen9nationaldexubers","rating":1511,"private":0,"password":""}