{"id":"gen9nationaldexubers-1978375346","p1":"wsgjah","p2":"Harttt___","format":"[Gen 9] National Dex Ubers","log":"|j|\u2606wsgjah\n|j|\u2606Harttt___\n|t:|1698531029\n|gametype|singles\n|player|p1|wsgjah|roxie|1227\n|player|p2|Harttt___|artist-gen4|1232\n|teamsize|p1|6\n|teamsize|p2|6\n|gen|9\n|tier|[Gen 9] National Dex Ubers\n|rated|\n|rule|HP Percentage Mod: HP is shown in percentages\n|rule|Endless Battle Clause: Forcing endless battles is banned\n|rule|OHKO Clause: OHKO moves are banned\n|rule|Evasion Moves Clause: Evasion moves are banned\n|rule|Evasion Items Clause: Evasion items are banned\n|rule|Species Clause: Limit one of each Pok\u00e9mon\n|rule|Sleep Clause Mod: Limit one foe put to sleep\n|rule|Mega Rayquaza Clause: You cannot mega evolve Rayquaza\n|clearpoke\n|poke|p1|Melmetal|\n|poke|p1|Kyogre|\n|poke|p1|Pyukumuku, F|\n|poke|p1|Necrozma-Dusk-Mane|\n|poke|p1|Galvantula, M|\n|poke|p1|Sneasler, M|\n|poke|p2|Rayquaza|\n|poke|p2|Lapras, M|\n|poke|p2|Arboliva, F|\n|poke|p2|Moltres-Galar|\n|poke|p2|Entei|\n|poke|p2|Kleavor, M|\n|teampreview\n|c|\u2606wsgjah|yo\n|\n|t:|1698531039\n|start\n|switch|p1a: Galvantula|Galvantula, M|100\/100\n|switch|p2a: Kleavor|Kleavor, M|100\/100\n|turn|1\n|\n|t:|1698531049\n|move|p1a: Galvantula|Sticky Web|p2a: Kleavor\n|-sidestart|p2: Harttt___|move: Sticky Web\n|move|p2a: Kleavor|Stone Axe|p1a: Galvantula\n|-supereffective|p1a: Galvantula\n|-enditem|p1a: Galvantula|Focus Sash\n|-damage|p1a: Galvantula|1\/100\n|-sidestart|p1: wsgjah|move: Stealth Rock\n|\n|upkeep\n|turn|2\n|\n|t:|1698531054\n|move|p1a: Galvantula|Thunder Wave|p2a: Kleavor\n|-status|p2a: Kleavor|par\n|cant|p2a: Kleavor|par\n|\n|upkeep\n|turn|3\n|\n|t:|1698531060\n|move|p1a: Galvantula|Screech|p2a: Kleavor\n|-unboost|p2a: Kleavor|def|2\n|move|p2a: Kleavor|U-turn|p1a: Galvantula\n|-damage|p1a: Galvantula|0 fnt\n|faint|p1a: Galvantula\n|\n|t:|1698531070\n|switch|p2a: Lapras|Lapras, M|100\/100|[from] U-turn\n|-activate|p2a: Lapras|move: Sticky Web\n|-unboost|p2a: Lapras|spe|1\n|\n|upkeep\n|\n|t:|1698531087\n|switch|p1a: Melmetal|Melmetal|100\/100\n|-damage|p1a: Melmetal|94\/100|[from] Stealth Rock\n|turn|4\n|\n|t:|1698531098\n|move|p2a: Lapras|Sing|p1a: Melmetal\n|-status|p1a: Melmetal|slp|[from] move: Sing\n|cant|p1a: Melmetal|slp\n|\n|upkeep\n|turn|5\n|c|\u2606wsgjah|awh\n|\n|t:|1698531105\n|cant|p1a: Melmetal|slp\n|move|p2a: Lapras|Hydro Pump|p1a: Melmetal\n|-damage|p1a: Melmetal|70\/100 slp\n|\n|upkeep\n|turn|6\n|\n|t:|1698531109\n|move|p2a: Lapras|Zap Cannon|p1a: Melmetal|[miss]\n|-miss|p2a: Lapras|p1a: Melmetal\n|-curestatus|p1a: Melmetal|slp|[msg]\n|move|p1a: Melmetal|Double Iron Bash|p2a: Lapras\n|-damage|p2a: Lapras|64\/100\n|-damage|p2a: Lapras|26\/100\n|-hitcount|p2a: Lapras|2\n|\n|upkeep\n|turn|7\n|\n|t:|1698531117\n|move|p2a: Lapras|Blizzard|p1a: Melmetal\n|-resisted|p1a: Melmetal\n|-damage|p1a: Melmetal|58\/100\n|move|p1a: Melmetal|Double Iron Bash|p2a: Lapras\n|-damage|p2a: Lapras|0 fnt\n|faint|p2a: Lapras\n|-hitcount|p2: Lapras|1\n|\n|upkeep\n|\n|t:|1698531127\n|switch|p2a: Moltres|Moltres-Galar|100\/100\n|turn|8\n|\n|t:|1698531132\n|move|p2a: Moltres|Agility|p2a: Moltres\n|-boost|p2a: Moltres|spe|2\n|move|p1a: Melmetal|Ice Punch|p2a: Moltres\n|-supereffective|p2a: Moltres\n|-damage|p2a: Moltres|28\/100\n|-enditem|p2a: Moltres|Weakness Policy\n|-boost|p2a: Moltres|atk|2|[from] item: Weakness Policy\n|-boost|p2a: Moltres|spa|2|[from] item: Weakness Policy\n|-ability|p2a: Moltres|Berserk|boost\n|-boost|p2a: Moltres|spa|1\n|\n|upkeep\n|turn|9\n|\n|t:|1698531143\n|move|p2a: Moltres|Fiery Wrath|p1a: Melmetal\n|-damage|p1a: Melmetal|4\/100\n|move|p1a: Melmetal|Ice Punch|p2a: Moltres\n|-supereffective|p2a: Moltres\n|-damage|p2a: Moltres|0 fnt\n|faint|p2a: Moltres\n|\n|upkeep\n|\n|t:|1698531151\n|switch|p2a: Kleavor|Kleavor, M|100\/100 par\n|turn|10\n|-message|Harttt___ forfeited.\n|\n|win|wsgjah\n|raw|wsgjah's rating: 1227 &rarr; <strong>1252<\/strong><br \/>(+25 for winning)\n|raw|Harttt___'s rating: 1232 &rarr; <strong>1207<\/strong><br \/>(-25 for losing)\n|l|\u2606Harttt___\n|l|\u2606wsgjah\n|j|\u2606wsgjah\n|player|p1|wsgjah|roxie\n","uploadtime":1698531188,"views":5,"p1id":"wsgjah","p2id":"harttt","formatid":"gen9nationaldexubers","rating":1207,"private":0,"password":""}