{"id":"gen9nationaldexubers-1985061549","p1":"Mr.Shadowdusk","p2":"hanagakiUBD","format":"[Gen 9] National Dex Ubers","log":"|j|\u2606Mr.Shadowdusk\n|j|\u2606hanagakiUBD\n|t:|1699326037\n|gametype|singles\n|player|p1|Mr.Shadowdusk|ghetsis|\n|player|p2|hanagakiUBD|iris-gen5bw2|\n|teamsize|p1|6\n|teamsize|p2|6\n|gen|9\n|tier|[Gen 9] National Dex Ubers\n|rule|HP Percentage Mod: HP is shown in percentages\n|rule|Endless Battle Clause: Forcing endless battles is banned\n|rule|OHKO Clause: OHKO moves are banned\n|rule|Evasion Moves Clause: Evasion moves are banned\n|rule|Evasion Items Clause: Evasion items are banned\n|rule|Species Clause: Limit one of each Pok\u00e9mon\n|rule|Sleep Clause Mod: Limit one foe put to sleep\n|rule|Mega Rayquaza Clause: You cannot mega evolve Rayquaza\n|clearpoke\n|poke|p1|Ninetales-Alola, F|\n|poke|p1|Blaziken, M|\n|poke|p1|Hydreigon, F|\n|poke|p1|Ferrothorn, F|\n|poke|p1|Mantine, F|\n|poke|p1|Baxcalibur, M|\n|poke|p2|Sneasler, M|\n|poke|p2|Annihilape, F|\n|poke|p2|Lucario, F|\n|poke|p2|Blaziken, F|\n|poke|p2|Kommo-o, M|\n|poke|p2|Palafin, M|\n|teampreview\n|inactive|Battle timer is ON: inactive players will automatically lose when time's up. (requested by hanagakiUBD)\n|\n|t:|1699326047\n|start\n|switch|p1a: Ninetales|Ninetales-Alola, F|100\/100\n|switch|p2a: All might|Palafin, M|100\/100\n|-weather|Snow|[from] ability: Snow Warning|[of] p1a: Ninetales\n|turn|1\n|\n|t:|1699326065\n|-terastallize|p2a: All might|Fighting\n|move|p1a: Ninetales|Aurora Veil|p1a: Ninetales\n|-sidestart|p1: Mr.Shadowdusk|move: Aurora Veil\n|move|p2a: All might|Flip Turn|p1a: Ninetales\n|-damage|p1a: Ninetales|86\/100\n|-damage|p2a: All might|91\/100|[from] item: Life Orb\n|\n|t:|1699326076\n|detailschange|p2a: All might|Palafin-Hero, M, tera:Fighting\n|switch|p2a: Frozono|Annihilape, F|100\/100|[from] Flip Turn\n|\n|-weather|Snow|[upkeep]\n|upkeep\n|turn|2\n|l|\u2606Mr.Shadowdusk\n|inactive|Mr.Shadowdusk disconnected and has 300 seconds to reconnect!\n|player|p1|\n|inactive|Mr.Shadowdusk has 270 seconds to reconnect!\n|j|\u2606Mr.Shadowdusk\n|inactive|Mr.Shadowdusk reconnected and has 290 seconds left.\n|player|p1|Mr.Shadowdusk|ghetsis\n|\n|t:|1699326142\n|move|p1a: Ninetales|Moonblast|p2a: Frozono\n|-supereffective|p2a: Frozono\n|-damage|p2a: Frozono|45\/100\n|move|p2a: Frozono|Bulk Up|p2a: Frozono\n|-boost|p2a: Frozono|atk|1\n|-boost|p2a: Frozono|def|1\n|\n|-weather|Snow|[upkeep]\n|-heal|p2a: Frozono|51\/100|[from] item: Leftovers\n|upkeep\n|turn|3\n|inactive|Mr.Shadowdusk has 270 seconds left.\n|l|\u2606Mr.Shadowdusk\n|inactive|Mr.Shadowdusk disconnected and has 260 seconds to reconnect!\n|player|p1|\n|inactive|Mr.Shadowdusk has 240 seconds to reconnect!\n|j|\u2606Mr.Shadowdusk\n|inactive|Mr.Shadowdusk reconnected and has 270 seconds left.\n|player|p1|Mr.Shadowdusk|ghetsis\n|\n|t:|1699326200\n|move|p1a: Ninetales|Moonblast|p2a: Frozono\n|-supereffective|p2a: Frozono\n|-damage|p2a: Frozono|0 fnt\n|faint|p2a: Frozono\n|\n|-weather|Snow|[upkeep]\n|upkeep\n|\n|t:|1699326213\n|switch|p2a: La t\u00f3xica|Sneasler, M|100\/100\n|turn|4\n|inactive|Mr.Shadowdusk has 270 seconds left.\n|\n|t:|1699326237\n|switch|p1a: Ferrothorn|Ferrothorn, F|100\/100\n|move|p2a: La t\u00f3xica|Fake Out|p1a: Ferrothorn\n|-enditem|p2a: La t\u00f3xica|Normal Gem|[from] gem\n|-resisted|p1a: Ferrothorn\n|-damage|p1a: Ferrothorn|98\/100\n|-damage|p2a: La t\u00f3xica|88\/100|[from] ability: Iron Barbs|[of] p1a: Ferrothorn\n|-damage|p2a: La t\u00f3xica|72\/100|[from] item: Rocky Helmet|[of] p1a: Ferrothorn\n|\n|-weather|Snow|[upkeep]\n|upkeep\n|turn|5\n|inactive|Mr.Shadowdusk has 270 seconds left.\n|l|\u2606Mr.Shadowdusk\n|inactive|Mr.Shadowdusk disconnected and has 220 seconds to reconnect!\n|player|p1|\n|inactive|Mr.Shadowdusk has 210 seconds to reconnect!\n|j|\u2606Mr.Shadowdusk\n|inactive|Mr.Shadowdusk reconnected and has 260 seconds left.\n|player|p1|Mr.Shadowdusk|ghetsis\n|\n|t:|1699326288\n|switch|p2a: All might|Palafin-Hero, M, tera:Fighting|91\/100\n|-activate|p2a: All might|ability: Zero to Hero\n|move|p1a: Ferrothorn|Leech Seed|p2a: All might\n|-start|p2a: All might|move: Leech Seed\n|\n|-weather|none\n|-damage|p2a: All might|78\/100|[from] Leech Seed|[of] p1a: Ferrothorn\n|-heal|p1a: Ferrothorn|100\/100|[silent]\n|upkeep\n|turn|6\n|\n|t:|1699326311\n|switch|p1a: Mantine|Mantine, F|100\/100\n|move|p2a: All might|Flip Turn|p1a: Mantine\n|-immune|p1a: Mantine|[from] ability: Water Absorb\n|\n|-damage|p2a: All might|66\/100|[from] Leech Seed|[of] p1a: Mantine\n|upkeep\n|turn|7\n|\n|t:|1699326321\n|switch|p2a: La t\u00f3xica|Sneasler, M|72\/100\n|move|p1a: Mantine|Scald|p2a: La t\u00f3xica\n|-damage|p2a: La t\u00f3xica|43\/100\n|\n|upkeep\n|turn|8\n|\n|t:|1699326333\n|switch|p1a: Ferrothorn|Ferrothorn, F|100\/100\n|move|p2a: La t\u00f3xica|Dire Claw|p1a: Ferrothorn\n|-immune|p1a: Ferrothorn\n|\n|-sideend|p1: Mr.Shadowdusk|move: Aurora Veil\n|upkeep\n|turn|9\n|\n|t:|1699326340\n|move|p2a: La t\u00f3xica|Acrobatics|p1a: Ferrothorn\n|-damage|p1a: Ferrothorn|76\/100\n|-damage|p2a: La t\u00f3xica|31\/100|[from] ability: Iron Barbs|[of] p1a: Ferrothorn\n|-damage|p2a: La t\u00f3xica|14\/100|[from] item: Rocky Helmet|[of] p1a: Ferrothorn\n|move|p1a: Ferrothorn|Leech Seed|p2a: La t\u00f3xica\n|-start|p2a: La t\u00f3xica|move: Leech Seed\n|\n|-damage|p2a: La t\u00f3xica|2\/100|[from] Leech Seed|[of] p1a: Ferrothorn\n|-heal|p1a: Ferrothorn|86\/100|[silent]\n|upkeep\n|turn|10\n|\n|t:|1699326350\n|move|p1a: Ferrothorn|Protect|p1a: Ferrothorn\n|-singleturn|p1a: Ferrothorn|Protect\n|move|p2a: La t\u00f3xica|X-Scissor|p1a: Ferrothorn\n|-activate|p1a: Ferrothorn|move: Protect\n|\n|-damage|p2a: La t\u00f3xica|0 fnt|[from] Leech Seed|[of] p1a: Ferrothorn\n|-heal|p1a: Ferrothorn|87\/100|[silent]\n|faint|p2a: La t\u00f3xica\n|upkeep\n|c|\u2606hanagakiUBD|Como jode ese tipo\n|\n|t:|1699326357\n|switch|p2a: KFC|Blaziken, F, shiny|100\/100\n|turn|11\n|\n|t:|1699326364\n|switch|p1a: Ninetales|Ninetales-Alola, F|86\/100\n|-weather|Snow|[from] ability: Snow Warning|[of] p1a: Ninetales\n|move|p2a: KFC|Swords Dance|p2a: KFC\n|-boost|p2a: KFC|atk|2\n|\n|-weather|Snow|[upkeep]\n|-ability|p2a: KFC|Speed Boost|boost\n|-boost|p2a: KFC|spe|1\n|upkeep\n|turn|12\n|\n|t:|1699326372\n|move|p2a: KFC|Fire Punch|p1a: Ninetales\n|-supereffective|p1a: Ninetales\n|-damage|p1a: Ninetales|0 fnt\n|faint|p1a: Ninetales\n|\n|-weather|Snow|[upkeep]\n|-ability|p2a: KFC|Speed Boost|boost\n|-boost|p2a: KFC|spe|1\n|upkeep\n|inactive|Mr.Shadowdusk has 270 seconds left.\n|\n|t:|1699326384\n|switch|p1a: Mantine|Mantine, F|100\/100\n|turn|13\n|j| Davarv\n|\n|t:|1699326391\n|move|p2a: KFC|Rock Slide|p1a: Mantine\n|-supereffective|p1a: Mantine\n|-damage|p1a: Mantine|0 fnt\n|faint|p1a: Mantine\n|\n|-weather|Snow|[upkeep]\n|-ability|p2a: KFC|Speed Boost|boost\n|-boost|p2a: KFC|spe|1\n|upkeep\n|\n|t:|1699326398\n|switch|p1a: Blaziken|Blaziken, M|100\/100\n|turn|14\n|\n|t:|1699326402\n|detailschange|p1a: Blaziken|Blaziken-Mega, M\n|-mega|p1a: Blaziken|Blaziken|Blazikenite\n|move|p1a: Blaziken|Protect|p1a: Blaziken\n|-singleturn|p1a: Blaziken|Protect\n|move|p2a: KFC|Earthquake|p1a: Blaziken\n|-activate|p1a: Blaziken|move: Protect\n|\n|-weather|Snow|[upkeep]\n|-ability|p2a: KFC|Speed Boost|boost\n|-boost|p2a: KFC|spe|1\n|-ability|p1a: Blaziken|Speed Boost|boost\n|-boost|p1a: Blaziken|spe|1\n|upkeep\n|turn|15\n|\n|t:|1699326413\n|move|p2a: KFC|Earthquake|p1a: Blaziken\n|-supereffective|p1a: Blaziken\n|-crit|p1a: Blaziken\n|-damage|p1a: Blaziken|0 fnt\n|faint|p1a: Blaziken\n|\n|-weather|none\n|-ability|p2a: KFC|Speed Boost|boost\n|-boost|p2a: KFC|spe|1\n|upkeep\n|\n|t:|1699326418\n|switch|p1a: Baxcalibur|Baxcalibur, M|100\/100\n|turn|16\n|\n|t:|1699326430\n|move|p2a: KFC|Rock Slide|p1a: Baxcalibur\n|-supereffective|p1a: Baxcalibur\n|-damage|p1a: Baxcalibur|11\/100\n|move|p1a: Baxcalibur|Glaive Rush|p2a: KFC\n|-enditem|p2a: KFC|Focus Sash\n|-damage|p2a: KFC|1\/100\n|-singlemove|p1a: Baxcalibur|Glaive Rush|[silent]\n|\n|-ability|p2a: KFC|Speed Boost|boost\n|-boost|p2a: KFC|spe|1\n|upkeep\n|turn|17\n|\n|t:|1699326451\n|move|p2a: KFC|Fire Punch|p1a: Baxcalibur\n|-crit|p1a: Baxcalibur\n|-damage|p1a: Baxcalibur|0 fnt\n|faint|p1a: Baxcalibur\n|\n|upkeep\n|\n|t:|1699326456\n|switch|p1a: Ferrothorn|Ferrothorn, F|87\/100\n|turn|18\n|\n|t:|1699326462\n|move|p1a: Ferrothorn|Protect|p1a: Ferrothorn\n|-singleturn|p1a: Ferrothorn|Protect\n|move|p2a: KFC|Fire Punch|p1a: Ferrothorn\n|-activate|p1a: Ferrothorn|move: Protect\n|\n|upkeep\n|turn|19\n|\n|t:|1699326475\n|move|p2a: KFC|Fire Punch|p1a: Ferrothorn\n|-supereffective|p1a: Ferrothorn\n|-damage|p1a: Ferrothorn|0 fnt\n|-damage|p2a: KFC|0 fnt|[from] ability: Iron Barbs|[of] p1a: Ferrothorn\n|faint|p1a: Ferrothorn\n|faint|p2a: KFC\n|\n|upkeep\n|\n|t:|1699326482\n|switch|p2a: All might|Palafin-Hero, M, tera:Fighting|66\/100\n|switch|p1a: Hydreigon|Hydreigon, F|100\/100\n|turn|20\n|c|\u2606hanagakiUBD|Y gg creo\n|c|\u2606Mr.Shadowdusk|Me olvide poner tera.\n|\n|t:|1699326509\n|move|p1a: Hydreigon|Draco Meteor|p2a: All might\n|-damage|p2a: All might|0 fnt\n|-unboost|p1a: Hydreigon|spa|2\n|faint|p2a: All might\n|\n|upkeep\n|c|\u2606hanagakiUBD|Ohno\n|\n|t:|1699326521\n|switch|p2a: Lucario|Lucario, F|100\/100\n|turn|21\n|c|\u2606hanagakiUBD|Mi MVP carreando\n|\n|t:|1699326539\n|move|p1a: Hydreigon|Draco Meteor|p2a: Lucario\n|-resisted|p2a: Lucario\n|-damage|p2a: Lucario|70\/100\n|-unboost|p1a: Hydreigon|spa|2\n|move|p2a: Lucario|Metronome|p2a: Lucario\n|move|p2a: Lucario|Electroweb|p1a: Hydreigon|[from]move: Metronome|[miss]\n|-miss|p2a: Lucario|p1a: Hydreigon\n|\n|upkeep\n|turn|22\n|\n|t:|1699326547\n|move|p1a: Hydreigon|Draco Meteor|p2a: Lucario\n|-resisted|p2a: Lucario\n|-damage|p2a: Lucario|52\/100\n|-unboost|p1a: Hydreigon|spa|2\n|move|p2a: Lucario|Metronome|p2a: Lucario\n|move|p2a: Lucario|Rock Tomb|p1a: Hydreigon|[from]move: Metronome\n|-damage|p1a: Hydreigon|79\/100\n|-unboost|p1a: Hydreigon|spe|1\n|\n|upkeep\n|turn|23\n|c|\u2606hanagakiUBD|Encima lo fallo XD\n|\n|t:|1699326557\n|move|p2a: Lucario|Metronome|p2a: Lucario\n|move|p2a: Lucario|Power Split|p1a: Hydreigon|[from]move: Metronome\n|-activate|p2a: Lucario|move: Power Split|[of] p1a: Hydreigon\n|move|p1a: Hydreigon|Draco Meteor|p2a: Lucario\n|-resisted|p2a: Lucario\n|-damage|p2a: Lucario|41\/100\n|\n|upkeep\n|turn|24\n|\n|t:|1699326564\n|move|p2a: Lucario|Metronome|p2a: Lucario\n|move|p2a: Lucario|Extreme Speed|p1a: Hydreigon|[from]move: Metronome\n|-damage|p1a: Hydreigon|56\/100\n|move|p1a: Hydreigon|Draco Meteor|p2a: Lucario\n|-resisted|p2a: Lucario\n|-damage|p2a: Lucario|28\/100\n|\n|upkeep\n|turn|25\n|\n|t:|1699326573\n|move|p2a: Lucario|Metronome|p2a: Lucario\n|move|p2a: Lucario|Imprison|p2a: Lucario|[from]move: Metronome\n|-start|p2a: Lucario|move: Imprison\n|move|p1a: Hydreigon|Draco Meteor|p2a: Lucario\n|-resisted|p2a: Lucario\n|-damage|p2a: Lucario|16\/100\n|\n|upkeep\n|turn|26\n|c|\u2606hanagakiUBD|Fe\n|\n|t:|1699326586\n|move|p2a: Lucario|Metronome|p2a: Lucario\n|move|p2a: Lucario|Ember|p1a: Hydreigon|[from]move: Metronome\n|-resisted|p1a: Hydreigon\n|-damage|p1a: Hydreigon|49\/100\n|move|p1a: Hydreigon|Draco Meteor|p2a: Lucario\n|-resisted|p2a: Lucario\n|-damage|p2a: Lucario|3\/100\n|\n|upkeep\n|turn|27\n|\n|t:|1699326601\n|move|p2a: Lucario|Metronome|p2a: Lucario\n|move|p2a: Lucario|Icy Wind|p1a: Hydreigon|[from]move: Metronome\n|-supereffective|p1a: Hydreigon\n|-damage|p1a: Hydreigon|13\/100\n|-unboost|p1a: Hydreigon|spe|1\n|move|p1a: Hydreigon|Draco Meteor|p2a: Lucario\n|-resisted|p2a: Lucario\n|-damage|p2a: Lucario|0 fnt\n|faint|p2a: Lucario\n|\n|upkeep\n|\n|t:|1699326609\n|switch|p2a: Folla hadas|Kommo-o, M|100\/100\n|turn|28\n|c| Davarv|Pense que era mito ese Lucario\n|\n|t:|1699326613\n|-zpower|p2a: Folla hadas\n|move|p2a: Folla hadas|Clangorous Soulblaze|p1a: Hydreigon|[zeffect]\n|-supereffective|p1a: Hydreigon\n|-damage|p1a: Hydreigon|0 fnt\n|faint|p1a: Hydreigon\n|\n|win|hanagakiUBD\n|c|\u2606hanagakiUBD|XD\n|l|\u2606Mr.Shadowdusk\n|c|\u2606hanagakiUBD|Mi MVP\n|c|\u2606hanagakiUBD|Putario\n|c| Davarv|Te puedo sugerir nick para ese folla hadas?\n","uploadtime":1699326630,"views":5,"p1id":"mrshadowdusk","p2id":"hanagakiubd","formatid":"gen9nationaldexubers","rating":0,"private":0,"password":""}