{"id":"gen9nationaldexubers-1989610474","p1":"Akinori664","p2":"ILoveJ","format":"[Gen 9] National Dex Ubers","log":"|j|\u2606Akinori664\n|j|\u2606ILoveJ\n|t:|1699878539\n|gametype|singles\n|player|p1|Akinori664|dancer|1130\n|player|p2|ILoveJ|lyra|1159\n|teamsize|p1|6\n|teamsize|p2|6\n|gen|9\n|tier|[Gen 9] National Dex Ubers\n|rated|\n|rule|HP Percentage Mod: HP is shown in percentages\n|rule|Endless Battle Clause: Forcing endless battles is banned\n|rule|OHKO Clause: OHKO moves are banned\n|rule|Evasion Moves Clause: Evasion moves are banned\n|rule|Evasion Items Clause: Evasion items are banned\n|rule|Species Clause: Limit one of each Pok\u00e9mon\n|rule|Sleep Clause Mod: Limit one foe put to sleep\n|rule|Mega Rayquaza Clause: You cannot mega evolve Rayquaza\n|clearpoke\n|poke|p1|Genesect|\n|poke|p1|Braviary-Hisui, M|\n|poke|p1|Serperior, F|\n|poke|p1|Haxorus, M|\n|poke|p1|Samurott-Hisui, M|\n|poke|p1|Runerigus, F|\n|poke|p2|Baxcalibur, F|\n|poke|p2|Dragonite, M|\n|poke|p2|Greninja-*, M|\n|poke|p2|Groudon|\n|poke|p2|Mewtwo|\n|poke|p2|Cinderace, F|\n|teampreview\n|inactive|Battle timer is ON: inactive players will automatically lose when time's up. (requested by Akinori664)\n|\n|t:|1699878546\n|start\n|switch|p1a: Runerigus|Runerigus, F|100\/100\n|switch|p2a: Mewtwo|Mewtwo|100\/100\n|-ability|p2a: Mewtwo|Pressure\n|turn|1\n|\n|t:|1699878560\n|detailschange|p2a: Mewtwo|Mewtwo-Mega-Y\n|-mega|p2a: Mewtwo|Mewtwo|Mewtwonite Y\n|move|p2a: Mewtwo|Psystrike|p1a: Runerigus\n|-damage|p1a: Runerigus|56\/100\n|move|p1a: Runerigus|Will-O-Wisp|p2a: Mewtwo\n|-status|p2a: Mewtwo|brn\n|\n|-heal|p1a: Runerigus|63\/100|[from] item: Leftovers\n|-damage|p2a: Mewtwo|94\/100 brn|[from] brn\n|upkeep\n|turn|2\n|\n|t:|1699878569\n|move|p2a: Mewtwo|Ice Beam|p1a: Runerigus\n|-supereffective|p1a: Runerigus\n|-damage|p1a: Runerigus|0 fnt\n|faint|p1a: Runerigus\n|\n|-damage|p2a: Mewtwo|88\/100 brn|[from] brn\n|upkeep\n|\n|t:|1699878572\n|switch|p1a: Samurott|Samurott-Hisui, M, shiny|100\/100\n|turn|3\n|\n|t:|1699878579\n|move|p2a: Mewtwo|Aura Sphere|p1a: Samurott\n|-supereffective|p1a: Samurott\n|-enditem|p1a: Samurott|Focus Sash\n|-damage|p1a: Samurott|1\/100\n|move|p1a: Samurott|Ceaseless Edge|p2a: Mewtwo\n|-supereffective|p2a: Mewtwo\n|-damage|p2a: Mewtwo|0 fnt\n|-sidestart|p2: ILoveJ|Spikes\n|faint|p2a: Mewtwo\n|\n|upkeep\n|\n|t:|1699878586\n|switch|p2a: Greninja|Greninja, M|100\/100\n|-damage|p2a: Greninja|88\/100|[from] Spikes\n|turn|4\n|\n|t:|1699878595\n|move|p2a: Greninja|Water Shuriken|p1a: Samurott\n|-resisted|p1a: Samurott\n|-damage|p1a: Samurott|0 fnt\n|faint|p1a: Samurott\n|-ability|p2a: Greninja|Battle Bond|boost\n|-boost|p2a: Greninja|atk|1\n|-boost|p2a: Greninja|spa|1\n|-boost|p2a: Greninja|spe|1\n|-activate|p2a: Greninja|ability: Battle Bond\n|-hitcount|p1: Samurott|1\n|-damage|p2a: Greninja|78\/100|[from] item: Life Orb\n|\n|upkeep\n|\n|t:|1699878605\n|switch|p1a: Serperior|Serperior, F|100\/100\n|turn|5\n|\n|t:|1699878618\n|move|p2a: Greninja|Ice Beam|p1a: Serperior\n|-supereffective|p1a: Serperior\n|-damage|p1a: Serperior|0 fnt\n|faint|p1a: Serperior\n|-damage|p2a: Greninja|69\/100|[from] item: Life Orb\n|\n|upkeep\n|\n|t:|1699878624\n|switch|p1a: Genesect|Genesect, shiny|100\/100\n|-ability|p1a: Genesect|Download|boost\n|-boost|p1a: Genesect|atk|1\n|turn|6\n|\n|t:|1699878629\n|move|p2a: Greninja|Dark Pulse|p1a: Genesect\n|-damage|p1a: Genesect|16\/100\n|-damage|p2a: Greninja|59\/100|[from] item: Life Orb\n|move|p1a: Genesect|Shift Gear|p1a: Genesect\n|-boost|p1a: Genesect|spe|2\n|-boost|p1a: Genesect|atk|1\n|\n|-heal|p1a: Genesect|22\/100|[from] item: Leftovers\n|upkeep\n|turn|7\n|\n|t:|1699878641\n|move|p2a: Greninja|Water Shuriken|p1a: Genesect\n|-damage|p1a: Genesect|5\/100\n|-damage|p1a: Genesect|0 fnt\n|faint|p1a: Genesect\n|-hitcount|p1: Genesect|2\n|-damage|p2a: Greninja|49\/100|[from] item: Life Orb\n|\n|upkeep\n|\n|t:|1699878644\n|switch|p1a: Haxorus|Haxorus, M, shiny|100\/100\n|-ability|p1a: Haxorus|Mold Breaker\n|turn|8\n|-message|Akinori664 forfeited.\n|\n|win|ILoveJ\n|raw|Akinori664's rating: 1130 &rarr; <strong>1107<\/strong><br \/>(-23 for losing)\n|raw|ILoveJ's rating: 1159 &rarr; <strong>1182<\/strong><br \/>(+23 for winning)\n|l|\u2606Akinori664\n","uploadtime":1699878651,"views":7,"p1id":"akinori664","p2id":"ilovej","formatid":"gen9nationaldexubers","rating":1107,"private":0,"password":""}