{"id":"gen9nationaldexubers-1996077081","p1":"markinos17","p2":"FunnyBunny8","format":"[Gen 9] National Dex Ubers","log":"|j|\u2606markinos17\n|j|\u2606FunnyBunny8\n|t:|1700640299\n|gametype|singles\n|player|p1|markinos17|cameraman|1084\n|player|p2|FunnyBunny8|waiter|1285\n|teamsize|p1|6\n|teamsize|p2|6\n|gen|9\n|tier|[Gen 9] National Dex Ubers\n|rated|\n|rule|HP Percentage Mod: HP is shown in percentages\n|rule|Endless Battle Clause: Forcing endless battles is banned\n|rule|OHKO Clause: OHKO moves are banned\n|rule|Evasion Moves Clause: Evasion moves are banned\n|rule|Evasion Items Clause: Evasion items are banned\n|rule|Species Clause: Limit one of each Pok\u00e9mon\n|rule|Sleep Clause Mod: Limit one foe put to sleep\n|rule|Mega Rayquaza Clause: You cannot mega evolve Rayquaza\n|clearpoke\n|poke|p1|Goodra-Hisui, F|\n|poke|p1|Rillaboom, M|\n|poke|p1|Gyarados, F|\n|poke|p1|Flutter Mane|\n|poke|p1|Volcarona, M|\n|poke|p1|Conkeldurr, M|\n|poke|p2|Ditto|\n|poke|p2|Dracovish|\n|poke|p2|Metagross|\n|poke|p2|Blaziken, F|\n|poke|p2|Sableye, F|\n|poke|p2|Necrozma-Dusk-Mane|\n|teampreview\n|\n|t:|1700640307\n|start\n|switch|p1a: Rillaboom|Rillaboom, M|100\/100\n|switch|p2a: Blaziken|Blaziken, F|100\/100\n|-fieldstart|move: Grassy Terrain|[from] ability: Grassy Surge|[of] p1a: Rillaboom\n|turn|1\n|inactive|Battle timer is ON: inactive players will automatically lose when time's up. (requested by FunnyBunny8)\n|\n|t:|1700640321\n|move|p2a: Blaziken|Swords Dance|p2a: Blaziken\n|-boost|p2a: Blaziken|atk|2\n|move|p1a: Rillaboom|High Horsepower|p2a: Blaziken\n|-supereffective|p2a: Blaziken\n|-enditem|p2a: Blaziken|Focus Sash\n|-damage|p2a: Blaziken|1\/100\n|\n|-heal|p2a: Blaziken|7\/100|[from] Grassy Terrain\n|-ability|p2a: Blaziken|Speed Boost|boost\n|-boost|p2a: Blaziken|spe|1\n|upkeep\n|turn|2\n|\n|t:|1700640339\n|switch|p1a: Gyarados|Gyarados, F, shiny|100\/100\n|-ability|p1a: Gyarados|Intimidate|boost\n|-unboost|p2a: Blaziken|atk|1\n|move|p2a: Blaziken|Fire Punch|p1a: Gyarados\n|-resisted|p1a: Gyarados\n|-damage|p1a: Gyarados|68\/100\n|-status|p1a: Gyarados|brn\n|\n|-heal|p2a: Blaziken|13\/100|[from] Grassy Terrain\n|-damage|p1a: Gyarados|62\/100 brn|[from] brn\n|-ability|p2a: Blaziken|Speed Boost|boost\n|-boost|p2a: Blaziken|spe|1\n|upkeep\n|turn|3\n|\n|t:|1700640354\n|move|p2a: Blaziken|Fire Punch|p1a: Gyarados\n|-resisted|p1a: Gyarados\n|-damage|p1a: Gyarados|33\/100 brn\n|move|p1a: Gyarados|Waterfall|p2a: Blaziken\n|-supereffective|p2a: Blaziken\n|-damage|p2a: Blaziken|0 fnt\n|faint|p2a: Blaziken\n|\n|-damage|p1a: Gyarados|26\/100 brn|[from] brn\n|upkeep\n|\n|t:|1700640359\n|switch|p2a: Necrozma|Necrozma-Dusk-Mane, shiny|100\/100\n|turn|4\n|inactive|markinos17 has 120 seconds left.\n|\n|t:|1700640417\n|move|p1a: Gyarados|Thunder Wave|p2a: Necrozma\n|-status|p2a: Necrozma|par\n|move|p2a: Necrozma|Dragon Dance|p2a: Necrozma\n|-boost|p2a: Necrozma|atk|1\n|-boost|p2a: Necrozma|spe|1\n|\n|-damage|p1a: Gyarados|20\/100 brn|[from] brn\n|upkeep\n|turn|5\n|\n|t:|1700640430\n|move|p1a: Gyarados|Taunt|p2a: Necrozma\n|-start|p2a: Necrozma|move: Taunt\n|cant|p2a: Necrozma|move: Taunt|Dragon Dance\n|\n|-damage|p1a: Gyarados|14\/100 brn|[from] brn\n|-fieldend|move: Grassy Terrain\n|upkeep\n|turn|6\n|\n|t:|1700640441\n|move|p1a: Gyarados|Waterfall|p2a: Necrozma\n|-damage|p2a: Necrozma|80\/100 par\n|move|p2a: Necrozma|Earthquake|p1a: Gyarados\n|-immune|p1a: Gyarados\n|\n|-damage|p1a: Gyarados|8\/100 brn|[from] brn\n|upkeep\n|turn|7\n|\n|t:|1700640451\n|move|p1a: Gyarados|Waterfall|p2a: Necrozma\n|-damage|p2a: Necrozma|61\/100 par\n|cant|p2a: Necrozma|flinch\n|\n|-damage|p1a: Gyarados|2\/100 brn|[from] brn\n|-end|p2a: Necrozma|move: Taunt\n|upkeep\n|turn|8\n|\n|t:|1700640460\n|move|p1a: Gyarados|Waterfall|p2a: Necrozma\n|-damage|p2a: Necrozma|43\/100 par\n|cant|p2a: Necrozma|par\n|\n|-damage|p1a: Gyarados|0 fnt|[from] brn\n|faint|p1a: Gyarados\n|upkeep\n|\n|t:|1700640469\n|switch|p1a: Volcarona|Volcarona, M|100\/100\n|turn|9\n|\n|t:|1700640488\n|detailschange|p2a: Necrozma|Necrozma-Ultra, shiny\n|-burst|p2a: Necrozma|Necrozma|Ultranecrozium Z\n|move|p1a: Volcarona|Fiery Dance|p2a: Necrozma\n|-resisted|p2a: Necrozma\n|-damage|p2a: Necrozma|18\/100 par\n|move|p2a: Necrozma|Photon Geyser|p1a: Volcarona\n|-damage|p1a: Volcarona|0 fnt\n|faint|p1a: Volcarona\n|\n|upkeep\n|\n|t:|1700640503\n|switch|p1a: Flutter Mane|Flutter Mane|100\/100\n|turn|10\n|\n|t:|1700640513\n|move|p1a: Flutter Mane|Moonblast|p2a: Necrozma\n|-supereffective|p2a: Necrozma\n|-crit|p2a: Necrozma\n|-damage|p2a: Necrozma|0 fnt\n|faint|p2a: Necrozma\n|\n|upkeep\n|\n|t:|1700640516\n|switch|p2a: Sableye|Sableye, F, shiny|100\/100\n|turn|11\n|\n|t:|1700640523\n|move|p2a: Sableye|Thunder Wave|p1a: Flutter Mane\n|-status|p1a: Flutter Mane|par\n|cant|p1a: Flutter Mane|par\n|\n|upkeep\n|turn|12\n|inactive|markinos17 has 120 seconds left.\n|\n|t:|1700640532\n|switch|p2a: Metagross|Metagross, shiny|100\/100\n|move|p1a: Flutter Mane|Moonblast|p2a: Metagross\n|-resisted|p2a: Metagross\n|-damage|p2a: Metagross|53\/100\n|\n|upkeep\n|turn|13\n|inactive|markinos17 has 120 seconds left.\n|\n|t:|1700640552\n|-end|p1a: Flutter Mane|Protosynthesis|[silent]\n|switch|p1a: Goodra|Goodra-Hisui, F|100\/100\n|detailschange|p2a: Metagross|Metagross-Mega, shiny\n|-mega|p2a: Metagross|Metagross|Metagrossite\n|move|p2a: Metagross|Meteor Mash|p1a: Goodra\n|-resisted|p1a: Goodra\n|-damage|p1a: Goodra|77\/100\n|-boost|p2a: Metagross|atk|1\n|\n|-heal|p1a: Goodra|84\/100|[from] item: Leftovers\n|upkeep\n|turn|14\n|inactive|markinos17 has 120 seconds left.\n|\n|t:|1700640564\n|switch|p2a: Ditto|Ditto|100\/100\n|-transform|p2a: Ditto|p1a: Goodra|[from] ability: Imposter\n|move|p1a: Goodra|Shelter|p1a: Goodra\n|-boost|p1a: Goodra|def|2\n|\n|-heal|p1a: Goodra|90\/100|[from] item: Leftovers\n|upkeep\n|turn|15\n|inactive|markinos17 has 120 seconds left.\n|\n|t:|1700640574\n|switch|p2a: Sableye|Sableye, F, shiny|100\/100\n|move|p1a: Goodra|Shelter|p1a: Goodra\n|-boost|p1a: Goodra|def|2\n|\n|-heal|p1a: Goodra|96\/100|[from] item: Leftovers\n|upkeep\n|turn|16\n|inactive|markinos17 has 120 seconds left.\n|\n|t:|1700640591\n|switch|p1a: Conkeldurr|Conkeldurr, M|100\/100\n|move|p2a: Sableye|Encore||[still]\n|-fail|p2a: Sableye\n|\n|-status|p1a: Conkeldurr|brn|[from] item: Flame Orb\n|upkeep\n|turn|17\n|\n|t:|1700640600\n|move|p2a: Sableye|Thunder Wave||[still]\n|-fail|p2a: Sableye\n|move|p1a: Conkeldurr|Ice Punch|p2a: Sableye\n|-damage|p2a: Sableye|46\/100\n|\n|-heal|p2a: Sableye|52\/100|[from] item: Leftovers\n|-damage|p1a: Conkeldurr|94\/100 brn|[from] brn\n|upkeep\n|turn|18\n|inactive|markinos17 has 120 seconds left.\n|\n|t:|1700640609\n|move|p2a: Sableye|Encore|p1a: Conkeldurr\n|-start|p1a: Conkeldurr|Encore\n|move|p1a: Conkeldurr|Ice Punch|p2a: Sableye\n|-damage|p2a: Sableye|0 fnt\n|faint|p2a: Sableye\n|\n|-damage|p1a: Conkeldurr|88\/100 brn|[from] brn\n|upkeep\n|\n|t:|1700640613\n|switch|p2a: Metagross|Metagross-Mega, shiny|53\/100\n|turn|19\n|\n|t:|1700640629\n|switch|p1a: Goodra|Goodra-Hisui, F|96\/100\n|move|p2a: Metagross|Zen Headbutt|p1a: Goodra\n|-resisted|p1a: Goodra\n|-damage|p1a: Goodra|73\/100\n|\n|-heal|p1a: Goodra|79\/100|[from] item: Leftovers\n|upkeep\n|turn|20\n|\n|t:|1700640638\n|move|p2a: Metagross|Earthquake|p1a: Goodra\n|-supereffective|p1a: Goodra\n|-damage|p1a: Goodra|22\/100\n|move|p1a: Goodra|Shelter|p1a: Goodra\n|-boost|p1a: Goodra|def|2\n|\n|-heal|p1a: Goodra|28\/100|[from] item: Leftovers\n|upkeep\n|turn|21\n|\n|t:|1700640654\n|move|p2a: Metagross|Earthquake|p1a: Goodra\n|-supereffective|p1a: Goodra\n|-damage|p1a: Goodra|0 fnt\n|faint|p1a: Goodra\n|\n|upkeep\n|inactive|markinos17 has 120 seconds left.\n|\n|t:|1700640691\n|switch|p1a: Rillaboom|Rillaboom, M|100\/100\n|-fieldstart|move: Grassy Terrain|[from] ability: Grassy Surge|[of] p1a: Rillaboom\n|turn|22\n|\n|t:|1700640696\n|move|p2a: Metagross|Meteor Mash|p1a: Rillaboom|[miss]\n|-miss|p2a: Metagross|p1a: Rillaboom\n|move|p1a: Rillaboom|Knock Off|p2a: Metagross\n|-supereffective|p2a: Metagross\n|-damage|p2a: Metagross|11\/100\n|\n|-heal|p2a: Metagross|17\/100|[from] Grassy Terrain\n|upkeep\n|turn|23\n|\n|t:|1700640710\n|switch|p1a: Conkeldurr|Conkeldurr, M|88\/100 brn\n|move|p2a: Metagross|Meteor Mash|p1a: Conkeldurr\n|-damage|p1a: Conkeldurr|29\/100 brn\n|\n|-heal|p2a: Metagross|23\/100|[from] Grassy Terrain\n|-heal|p1a: Conkeldurr|35\/100 brn|[from] Grassy Terrain\n|-damage|p1a: Conkeldurr|29\/100 brn|[from] brn\n|upkeep\n|turn|24\n|\n|t:|1700640721\n|move|p1a: Conkeldurr|Mach Punch|p2a: Metagross\n|-damage|p2a: Metagross|0 fnt\n|faint|p2a: Metagross\n|\n|-heal|p1a: Conkeldurr|35\/100 brn|[from] Grassy Terrain\n|-damage|p1a: Conkeldurr|29\/100 brn|[from] brn\n|upkeep\n|\n|t:|1700640725\n|switch|p2a: Dracovish|Dracovish, shiny|100\/100\n|turn|25\n|\n|t:|1700640732\n|move|p2a: Dracovish|Ice Fang|p1a: Conkeldurr\n|-damage|p1a: Conkeldurr|8\/100 brn\n|move|p1a: Conkeldurr|Ice Punch|p2a: Dracovish\n|-damage|p2a: Dracovish|52\/100\n|-status|p2a: Dracovish|frz\n|\n|-heal|p2a: Dracovish|59\/100 frz|[from] Grassy Terrain\n|-heal|p1a: Conkeldurr|14\/100 brn|[from] Grassy Terrain\n|-damage|p1a: Conkeldurr|8\/100 brn|[from] brn\n|upkeep\n|turn|26\n|\n|t:|1700640744\n|-curestatus|p2a: Dracovish|frz|[msg]\n|move|p2a: Dracovish|Ice Fang|p1a: Conkeldurr\n|-crit|p1a: Conkeldurr\n|-damage|p1a: Conkeldurr|0 fnt\n|faint|p1a: Conkeldurr\n|\n|-heal|p2a: Dracovish|65\/100|[from] Grassy Terrain\n|-fieldend|move: Grassy Terrain\n|upkeep\n|\n|t:|1700640755\n|switch|p1a: Flutter Mane|Flutter Mane|100\/100 par\n|turn|27\n|\n|t:|1700640759\n|switch|p2a: Ditto|Ditto|100\/100\n|-transform|p2a: Ditto|p1a: Flutter Mane|[from] ability: Imposter\n|cant|p1a: Flutter Mane|par\n|\n|upkeep\n|turn|28\n|inactive|markinos17 has 120 seconds left.\n|\n|t:|1700640769\n|-terastallize|p2a: Ditto|Normal\n|move|p2a: Ditto|Shadow Ball|p1a: Flutter Mane\n|-supereffective|p1a: Flutter Mane\n|-damage|p1a: Flutter Mane|0 fnt\n|faint|p1a: Flutter Mane\n|-end|p1a: Flutter Mane|Protosynthesis|[silent]\n|\n|upkeep\n|\n|t:|1700640776\n|switch|p1a: Rillaboom|Rillaboom, M|100\/100\n|-fieldstart|move: Grassy Terrain|[from] ability: Grassy Surge|[of] p1a: Rillaboom\n|turn|29\n|inactive|markinos17 has 120 seconds left.\n|\n|t:|1700640781\n|move|p2a: Ditto|Shadow Ball|p1a: Rillaboom\n|-damage|p1a: Rillaboom|65\/100\n|move|p1a: Rillaboom|Knock Off|p2a: Ditto\n|-damage|p2a: Ditto|35\/100\n|-enditem|p2a: Ditto|Choice Scarf|[from] move: Knock Off|[of] p1a: Rillaboom\n|\n|-heal|p2a: Ditto|41\/100|[from] Grassy Terrain\n|-heal|p1a: Rillaboom|71\/100|[from] Grassy Terrain\n|upkeep\n|turn|30\n|inactive|markinos17 has 120 seconds left.\n|\n|t:|1700640796\n|move|p2a: Ditto|Moonblast|p1a: Rillaboom\n|-damage|p1a: Rillaboom|33\/100\n|move|p1a: Rillaboom|Knock Off|p2a: Ditto\n|-damage|p2a: Ditto|1\/100\n|\n|-heal|p2a: Ditto|7\/100|[from] Grassy Terrain\n|-heal|p1a: Rillaboom|39\/100|[from] Grassy Terrain\n|upkeep\n|turn|31\n|\n|t:|1700640806\n|move|p2a: Ditto|Moonblast|p1a: Rillaboom\n|-crit|p1a: Rillaboom\n|-damage|p1a: Rillaboom|0 fnt\n|faint|p1a: Rillaboom\n|\n|win|FunnyBunny8\n|raw|markinos17's rating: 1084 &rarr; <strong>1073<\/strong><br \/>(-11 for losing)\n|raw|FunnyBunny8's rating: 1285 &rarr; <strong>1297<\/strong><br \/>(+12 for winning)\n|l|\u2606FunnyBunny8\n","uploadtime":1700640814,"views":9,"p1id":"markinos17","p2id":"funnybunny8","formatid":"gen9nationaldexubers","rating":1073,"private":0,"password":""}