{"id":"gen9nationaldexubers-1980417052","p1":"aguinaldo124","p2":"Cuyler575","format":"[Gen 9] National Dex Ubers","log":"|j|\u2606aguinaldo124\n|j|\u2606Cuyler575\n|t:|1698783067\n|gametype|singles\n|player|p1|aguinaldo124|red|1210\n|player|p2|Cuyler575|169|1210\n|teamsize|p1|6\n|teamsize|p2|6\n|gen|9\n|tier|[Gen 9] National Dex Ubers\n|rated|\n|rule|HP Percentage Mod: HP is shown in percentages\n|rule|Endless Battle Clause: Forcing endless battles is banned\n|rule|OHKO Clause: OHKO moves are banned\n|rule|Evasion Moves Clause: Evasion moves are banned\n|rule|Evasion Items Clause: Evasion items are banned\n|rule|Species Clause: Limit one of each Pok\u00e9mon\n|rule|Sleep Clause Mod: Limit one foe put to sleep\n|rule|Mega Rayquaza Clause: You cannot mega evolve Rayquaza\n|clearpoke\n|poke|p1|Komala, M|\n|poke|p1|Maushold-Four|\n|poke|p1|Gholdengo|\n|poke|p1|Toxapex, F|\n|poke|p1|Murkrow, M|\n|poke|p1|Krookodile, F|\n|poke|p2|Quaquaval, F|\n|poke|p2|Darkrai|\n|poke|p2|Garchomp, M|\n|poke|p2|Palafin, F|\n|poke|p2|Meowscarada, F|\n|poke|p2|Grimmsnarl, M|\n|teampreview\n|inactive|Battle timer is ON: inactive players will automatically lose when time's up. (requested by aguinaldo124)\n|\n|t:|1698783082\n|start\n|switch|p1a: Komala|Komala, M|100\/100\n|switch|p2a: Palafin|Palafin, F|100\/100\n|-ability|p1a: Komala|Comatose\n|turn|1\n|\n|t:|1698783091\n|move|p1a: Komala|Sleep Talk|p1a: Komala\n|move|p1a: Komala|Last Resort|p2a: Palafin|[from]move: Sleep Talk\n|-damage|p2a: Palafin|4\/100\n|move|p2a: Palafin|Flip Turn|p1a: Komala\n|-damage|p1a: Komala|60\/100\n|\n|t:|1698783098\n|detailschange|p2a: Palafin|Palafin-Hero, F\n|switch|p2a: Grimmsnarl|Grimmsnarl, M|100\/100|[from] Flip Turn\n|\n|upkeep\n|turn|2\n|\n|t:|1698783103\n|move|p2a: Grimmsnarl|Reflect|p2a: Grimmsnarl\n|-sidestart|p2: Cuyler575|Reflect\n|move|p1a: Komala|Sleep Talk|p1a: Komala\n|move|p1a: Komala|Last Resort|p2a: Grimmsnarl|[from]move: Sleep Talk\n|-damage|p2a: Grimmsnarl|54\/100\n|\n|upkeep\n|turn|3\n|\n|t:|1698783110\n|move|p2a: Grimmsnarl|Light Screen|p2a: Grimmsnarl\n|-sidestart|p2: Cuyler575|move: Light Screen\n|move|p1a: Komala|Sleep Talk|p1a: Komala\n|move|p1a: Komala|Last Resort|p2a: Grimmsnarl|[from]move: Sleep Talk\n|-damage|p2a: Grimmsnarl|6\/100\n|\n|upkeep\n|turn|4\n|\n|t:|1698783118\n|move|p2a: Grimmsnarl|Taunt|p1a: Komala\n|-start|p1a: Komala|move: Taunt\n|cant|p1a: Komala|move: Taunt|Sleep Talk\n|\n|upkeep\n|turn|5\n|\n|t:|1698783124\n|move|p2a: Grimmsnarl|Parting Shot|p1a: Komala\n|-unboost|p1a: Komala|atk|1\n|-unboost|p1a: Komala|spa|1\n|\n|t:|1698783133\n|switch|p2a: Garchomp|Garchomp, M|100\/100|[from] Parting Shot\n|-activate|p1a: Komala|move: Struggle\n|move|p1a: Komala|Struggle|p2a: Garchomp\n|-damage|p2a: Garchomp|95\/100\n|-damage|p1a: Komala|48\/100|[from] ability: Rough Skin|[of] p2a: Garchomp\n|-damage|p1a: Komala|23\/100|[from] recoil\n|\n|upkeep\n|turn|6\n|\n|t:|1698783143\n|-activate|p1a: Komala|move: Struggle\n|move|p1a: Komala|Struggle|p2a: Garchomp\n|-damage|p2a: Garchomp|90\/100\n|-damage|p1a: Komala|10\/100|[from] ability: Rough Skin|[of] p2a: Garchomp\n|-damage|p1a: Komala|0 fnt|[from] recoil\n|faint|p1a: Komala\n|move|p2a: Garchomp|Swords Dance|p2a: Garchomp\n|-boost|p2a: Garchomp|atk|2\n|\n|upkeep\n|\n|t:|1698783162\n|switch|p1a: Murkrow|Murkrow, M|100\/100\n|turn|7\n|\n|t:|1698783170\n|move|p1a: Murkrow|Haze|p1a: Murkrow\n|-clearallboost\n|move|p2a: Garchomp|Outrage|p1a: Murkrow\n|-damage|p1a: Murkrow|34\/100\n|\n|upkeep\n|turn|8\n|\n|t:|1698783179\n|move|p1a: Murkrow|Defog|p2a: Garchomp\n|-unboost|p2a: Garchomp|evasion|1\n|-sideend|p2: Cuyler575|Reflect\n|-sideend|p2: Cuyler575|move: Light Screen\n|move|p2a: Garchomp|Outrage|p1a: Murkrow|[from]lockedmove\n|-damage|p1a: Murkrow|0 fnt\n|faint|p1a: Murkrow\n|\n|upkeep\n|\n|t:|1698783191\n|switch|p1a: Gholdengo|Gholdengo|100\/100\n|turn|9\n|\n|t:|1698783197\n|move|p1a: Gholdengo|Trick|p2a: Garchomp\n|-activate|p1a: Gholdengo|move: Trick|[of] p2a: Garchomp\n|-item|p2a: Garchomp|Choice Scarf|[from] move: Trick\n|-item|p1a: Gholdengo|Lum Berry|[from] move: Trick\n|move|p2a: Garchomp|Outrage|p1a: Gholdengo|[from]lockedmove\n|-resisted|p1a: Gholdengo\n|-damage|p1a: Gholdengo|63\/100\n|-start|p2a: Garchomp|confusion|[fatigue]\n|\n|upkeep\n|turn|10\n|\n|t:|1698783212\n|switch|p2a: Darkrai|Darkrai|100\/100\n|switch|p1a: Toxapex|Toxapex, F|100\/100\n|\n|upkeep\n|turn|11\n|\n|t:|1698783220\n|move|p2a: Darkrai|Hypnosis|p1a: Toxapex\n|-status|p1a: Toxapex|slp|[from] move: Hypnosis\n|cant|p1a: Toxapex|slp\n|\n|-damage|p1a: Toxapex|88\/100 slp|[from] ability: Bad Dreams|[of] p2a: Darkrai\n|upkeep\n|turn|12\n|\n|t:|1698783229\n|move|p2a: Darkrai|Dark Pulse|p1a: Toxapex\n|-damage|p1a: Toxapex|49\/100 slp\n|-curestatus|p1a: Toxapex|slp|[msg]\n|move|p1a: Toxapex|Toxic|p2a: Darkrai\n|-status|p2a: Darkrai|tox\n|\n|-heal|p1a: Toxapex|55\/100|[from] item: Black Sludge\n|-damage|p2a: Darkrai|94\/100 tox|[from] psn\n|upkeep\n|turn|13\n|\n|t:|1698783240\n|move|p1a: Toxapex|Baneful Bunker|p1a: Toxapex\n|-singleturn|p1a: Toxapex|move: Protect\n|move|p2a: Darkrai|Hypnosis|p1a: Toxapex\n|-activate|p1a: Toxapex|move: Protect\n|\n|-heal|p1a: Toxapex|62\/100|[from] item: Black Sludge\n|-damage|p2a: Darkrai|82\/100 tox|[from] psn\n|upkeep\n|turn|14\n|\n|t:|1698783251\n|switch|p1a: Gholdengo|Gholdengo|63\/100\n|move|p2a: Darkrai|Hypnosis|p1a: Gholdengo\n|-immune|p1a: Gholdengo|[from] ability: Good as Gold\n|\n|-damage|p2a: Darkrai|64\/100 tox|[from] psn\n|upkeep\n|turn|15\n|\n|t:|1698783262\n|switch|p1a: Krookodile|Krookodile, F|100\/100\n|move|p2a: Darkrai|Dark Pulse|p1a: Krookodile\n|-resisted|p1a: Krookodile\n|-damage|p1a: Krookodile|73\/100\n|\n|-damage|p2a: Darkrai|40\/100 tox|[from] psn\n|upkeep\n|turn|16\n|\n|t:|1698783276\n|move|p1a: Krookodile|Close Combat|p2a: Darkrai\n|-supereffective|p2a: Darkrai\n|-damage|p2a: Darkrai|0 fnt\n|-unboost|p1a: Krookodile|def|1\n|-unboost|p1a: Krookodile|spd|1\n|faint|p2a: Darkrai\n|-ability|p1a: Krookodile|Moxie|boost\n|-boost|p1a: Krookodile|atk|1\n|\n|upkeep\n|\n|t:|1698783287\n|switch|p2a: Quaquaval|Quaquaval, F|100\/100\n|turn|17\n|\n|t:|1698783305\n|move|p1a: Krookodile|Close Combat|p2a: Quaquaval\n|-damage|p2a: Quaquaval|17\/100\n|-unboost|p1a: Krookodile|def|1\n|-unboost|p1a: Krookodile|spd|1\n|move|p2a: Quaquaval|Aqua Step|p1a: Krookodile\n|-supereffective|p1a: Krookodile\n|-damage|p1a: Krookodile|0 fnt\n|-boost|p2a: Quaquaval|spe|1\n|faint|p1a: Krookodile\n|-ability|p2a: Quaquaval|Moxie|boost\n|-boost|p2a: Quaquaval|atk|1\n|\n|-heal|p2a: Quaquaval|23\/100|[from] item: Leftovers\n|upkeep\n|\n|t:|1698783323\n|switch|p1a: Toxapex|Toxapex, F|95\/100\n|turn|18\n|\n|t:|1698783333\n|move|p1a: Toxapex|Baneful Bunker|p1a: Toxapex\n|-singleturn|p1a: Toxapex|move: Protect\n|move|p2a: Quaquaval|Aqua Step|p1a: Toxapex\n|-activate|p1a: Toxapex|move: Protect\n|-status|p2a: Quaquaval|psn\n|\n|-heal|p2a: Quaquaval|29\/100 psn|[from] item: Leftovers\n|-heal|p1a: Toxapex|100\/100|[from] item: Black Sludge\n|-damage|p2a: Quaquaval|17\/100 psn|[from] psn\n|upkeep\n|turn|19\n|\n|t:|1698783346\n|-terastallize|p2a: Quaquaval|Electric\n|move|p2a: Quaquaval|Tera Blast|p1a: Toxapex|[anim] Tera Blast Electric\n|-supereffective|p1a: Toxapex\n|-damage|p1a: Toxapex|23\/100\n|move|p1a: Toxapex|Scald|p2a: Quaquaval\n|-damage|p2a: Quaquaval|0 fnt\n|faint|p2a: Quaquaval\n|\n|-heal|p1a: Toxapex|29\/100|[from] item: Black Sludge\n|upkeep\n|\n|t:|1698783356\n|switch|p2a: Meowscarada|Meowscarada, F|100\/100\n|turn|20\n|\n|t:|1698783362\n|move|p1a: Toxapex|Baneful Bunker|p1a: Toxapex\n|-singleturn|p1a: Toxapex|move: Protect\n|move|p2a: Meowscarada|Knock Off|p1a: Toxapex\n|-start|p2a: Meowscarada|typechange|Dark|[from] ability: Protean\n|-activate|p1a: Toxapex|move: Protect\n|-status|p2a: Meowscarada|psn\n|\n|-heal|p1a: Toxapex|35\/100|[from] item: Black Sludge\n|-damage|p2a: Meowscarada|88\/100 psn|[from] psn\n|upkeep\n|turn|21\n|\n|t:|1698783377\n|switch|p2a: Grimmsnarl|Grimmsnarl, M|6\/100\n|move|p1a: Toxapex|Recover|p1a: Toxapex\n|-heal|p1a: Toxapex|85\/100\n|\n|-heal|p1a: Toxapex|92\/100|[from] item: Black Sludge\n|upkeep\n|turn|22\n|\n|t:|1698783386\n|switch|p1a: Maushold|Maushold-Four|100\/100\n|move|p2a: Grimmsnarl|Taunt|p1a: Maushold\n|-start|p1a: Maushold|move: Taunt\n|\n|upkeep\n|turn|23\n|\n|t:|1698783402\n|move|p2a: Grimmsnarl|Reflect|p2a: Grimmsnarl\n|-sidestart|p2: Cuyler575|Reflect\n|move|p1a: Maushold|Bullet Seed|p2a: Grimmsnarl\n|-damage|p2a: Grimmsnarl|1\/100\n|-damage|p2a: Grimmsnarl|0 fnt\n|faint|p2a: Grimmsnarl\n|-hitcount|p2: Grimmsnarl|2\n|\n|upkeep\n|\n|t:|1698783409\n|switch|p2a: Palafin|Palafin-Hero, F|4\/100\n|-activate|p2a: Palafin|ability: Zero to Hero\n|turn|24\n|\n|t:|1698783416\n|switch|p1a: Toxapex|Toxapex, F|100\/100\n|move|p2a: Palafin|Flip Turn|p1a: Toxapex\n|-resisted|p1a: Toxapex\n|-damage|p1a: Toxapex|91\/100\n|\n|t:|1698783424\n|switch|p2a: Garchomp|Garchomp, M|90\/100|[from] Flip Turn\n|\n|-heal|p1a: Toxapex|97\/100|[from] item: Black Sludge\n|upkeep\n|turn|25\n|\n|t:|1698783431\n|move|p1a: Toxapex|Baneful Bunker|p1a: Toxapex\n|-singleturn|p1a: Toxapex|move: Protect\n|move|p2a: Garchomp|Swords Dance|p2a: Garchomp\n|-boost|p2a: Garchomp|atk|2\n|\n|-heal|p1a: Toxapex|100\/100|[from] item: Black Sludge\n|upkeep\n|turn|26\n|\n|t:|1698783445\n|switch|p2a: Palafin|Palafin-Hero, F|4\/100\n|move|p1a: Toxapex|Toxic|p2a: Palafin\n|-status|p2a: Palafin|tox\n|\n|-damage|p2a: Palafin|0 fnt|[from] psn\n|faint|p2a: Palafin\n|upkeep\n|\n|t:|1698783457\n|switch|p2a: Meowscarada|Meowscarada, F|88\/100 psn\n|turn|27\n|\n|t:|1698783468\n|move|p1a: Toxapex|Baneful Bunker|p1a: Toxapex\n|-singleturn|p1a: Toxapex|move: Protect\n|move|p2a: Meowscarada|U-turn|p1a: Toxapex\n|-start|p2a: Meowscarada|typechange|Bug|[from] ability: Protean\n|-activate|p1a: Toxapex|move: Protect\n|\n|-damage|p2a: Meowscarada|76\/100 psn|[from] psn\n|upkeep\n|turn|28\n|\n|t:|1698783481\n|switch|p2a: Garchomp|Garchomp, M|90\/100\n|move|p1a: Toxapex|Toxic|p2a: Garchomp\n|-status|p2a: Garchomp|tox\n|\n|-damage|p2a: Garchomp|83\/100 tox|[from] psn\n|upkeep\n|turn|29\n|\n|t:|1698783492\n|switch|p2a: Meowscarada|Meowscarada, F|76\/100 psn\n|move|p1a: Toxapex|Baneful Bunker||[still]\n|-fail|p1a: Toxapex\n|\n|-damage|p2a: Meowscarada|64\/100 psn|[from] psn\n|upkeep\n|turn|30\n|\n|t:|1698783502\n|move|p2a: Meowscarada|Flower Trick|p1a: Toxapex\n|-start|p2a: Meowscarada|typechange|Grass|[from] ability: Protean\n|-crit|p1a: Toxapex\n|-damage|p1a: Toxapex|73\/100\n|move|p1a: Toxapex|Recover|p1a: Toxapex\n|-heal|p1a: Toxapex|100\/100\n|\n|-damage|p2a: Meowscarada|51\/100 psn|[from] psn\n|-sideend|p2: Cuyler575|Reflect\n|upkeep\n|turn|31\n|\n|t:|1698783517\n|move|p2a: Meowscarada|Flower Trick|p1a: Toxapex\n|-crit|p1a: Toxapex\n|-damage|p1a: Toxapex|72\/100\n|move|p1a: Toxapex|Scald|p2a: Meowscarada\n|-resisted|p2a: Meowscarada\n|-damage|p2a: Meowscarada|38\/100 psn\n|\n|-heal|p1a: Toxapex|78\/100|[from] item: Black Sludge\n|-damage|p2a: Meowscarada|26\/100 psn|[from] psn\n|upkeep\n|turn|32\n|\n|t:|1698783529\n|move|p1a: Toxapex|Baneful Bunker|p1a: Toxapex\n|-singleturn|p1a: Toxapex|move: Protect\n|move|p2a: Meowscarada|Flower Trick|p1a: Toxapex\n|-activate|p1a: Toxapex|move: Protect\n|\n|-heal|p1a: Toxapex|84\/100|[from] item: Black Sludge\n|-damage|p2a: Meowscarada|13\/100 psn|[from] psn\n|upkeep\n|turn|33\n|\n|t:|1698783540\n|move|p2a: Meowscarada|Flower Trick|p1a: Toxapex\n|-crit|p1a: Toxapex\n|-damage|p1a: Toxapex|56\/100\n|move|p1a: Toxapex|Recover|p1a: Toxapex\n|-heal|p1a: Toxapex|100\/100\n|\n|-damage|p2a: Meowscarada|1\/100 psn|[from] psn\n|upkeep\n|turn|34\n|\n|t:|1698783549\n|move|p1a: Toxapex|Baneful Bunker|p1a: Toxapex\n|-singleturn|p1a: Toxapex|move: Protect\n|move|p2a: Meowscarada|Flower Trick|p1a: Toxapex\n|-activate|p1a: Toxapex|move: Protect\n|\n|-damage|p2a: Meowscarada|0 fnt|[from] psn\n|faint|p2a: Meowscarada\n|upkeep\n|\n|t:|1698783557\n|switch|p2a: Garchomp|Garchomp, M|83\/100 tox\n|turn|35\n|\n|t:|1698783564\n|move|p2a: Garchomp|Earthquake|p1a: Toxapex\n|-supereffective|p1a: Toxapex\n|-crit|p1a: Toxapex\n|-damage|p1a: Toxapex|6\/100\n|move|p1a: Toxapex|Scald|p2a: Garchomp\n|-crit|p2a: Garchomp\n|-damage|p2a: Garchomp|54\/100 tox\n|\n|-heal|p1a: Toxapex|12\/100|[from] item: Black Sludge\n|-damage|p2a: Garchomp|48\/100 tox|[from] psn\n|upkeep\n|turn|36\n|\n|t:|1698783585\n|move|p1a: Toxapex|Baneful Bunker|p1a: Toxapex\n|-singleturn|p1a: Toxapex|move: Protect\n|move|p2a: Garchomp|Earthquake|p1a: Toxapex\n|-activate|p1a: Toxapex|move: Protect\n|\n|-heal|p1a: Toxapex|18\/100|[from] item: Black Sludge\n|-damage|p2a: Garchomp|36\/100 tox|[from] psn\n|upkeep\n|turn|37\n|\n|t:|1698783603\n|switch|p1a: Gholdengo|Gholdengo|63\/100\n|move|p2a: Garchomp|Earthquake|p1a: Gholdengo\n|-supereffective|p1a: Gholdengo\n|-damage|p1a: Gholdengo|0 fnt\n|faint|p1a: Gholdengo\n|\n|-damage|p2a: Garchomp|17\/100 tox|[from] psn\n|upkeep\n|\n|t:|1698783613\n|switch|p1a: Toxapex|Toxapex, F|51\/100\n|turn|38\n|\n|t:|1698783622\n|move|p1a: Toxapex|Baneful Bunker|p1a: Toxapex\n|-singleturn|p1a: Toxapex|move: Protect\n|move|p2a: Garchomp|Earthquake|p1a: Toxapex\n|-activate|p1a: Toxapex|move: Protect\n|\n|-heal|p1a: Toxapex|58\/100|[from] item: Black Sludge\n|-damage|p2a: Garchomp|0 fnt|[from] psn\n|faint|p2a: Garchomp\n|\n|win|aguinaldo124\n|upkeep\n|raw|aguinaldo124's rating: 1210 &rarr; <strong>1235<\/strong><br \/>(+25 for winning)\n|raw|Cuyler575's rating: 1210 &rarr; <strong>1185<\/strong><br \/>(-25 for losing)\n","uploadtime":1698783633,"views":10,"p1id":"aguinaldo124","p2id":"cuyler575","formatid":"gen9nationaldexubers","rating":1185,"private":0,"password":""}