{"id":"gen9nationaldexubers-1979634790","p1":"Salfy","p2":"GrundleGrimace","format":"[Gen 9] National Dex Ubers","log":"|j|\u2606Salfy\n|j|\u2606GrundleGrimace\n|t:|1698698560\n|gametype|singles\n|player|p1|Salfy|depotagent|\n|player|p2|GrundleGrimace|265|\n|teamsize|p1|6\n|teamsize|p2|6\n|gen|9\n|tier|[Gen 9] National Dex Ubers\n|rule|HP Percentage Mod: HP is shown in percentages\n|rule|Endless Battle Clause: Forcing endless battles is banned\n|rule|OHKO Clause: OHKO moves are banned\n|rule|Evasion Moves Clause: Evasion moves are banned\n|rule|Evasion Items Clause: Evasion items are banned\n|rule|Species Clause: Limit one of each Pok\u00e9mon\n|rule|Sleep Clause Mod: Limit one foe put to sleep\n|rule|Mega Rayquaza Clause: You cannot mega evolve Rayquaza\n|clearpoke\n|poke|p1|Darmanitan-Galar, M|\n|poke|p1|Ninetales-Alola, M|\n|poke|p1|Baxcalibur, M|\n|poke|p1|Avalugg, M|\n|poke|p1|Kyurem|\n|poke|p1|Arctozolt|\n|poke|p2|Hippowdon, M|\n|poke|p2|Excadrill, F|\n|poke|p2|Landorus, M|\n|poke|p2|Clodsire, F|\n|poke|p2|Mamoswine, F|\n|poke|p2|Garchomp, M|\n|teampreview\n|c|\u2606GrundleGrimace|glhf\n|c|\u2606Salfy|glhf\n|\n|t:|1698698589\n|start\n|switch|p1a: Pools Open|Darmanitan-Galar, M|100\/100\n|switch|p2a: Mr. Redundant|Hippowdon, M|100\/100\n|-weather|Sandstorm|[from] ability: Sand Stream|[of] p2a: Mr. Redundant\n|turn|1\n|j| Destinum\n|\n|t:|1698698624\n|switch|p2a: Pacific Love|Clodsire, F|100\/100\n|move|p1a: Pools Open|Icicle Crash|p2a: Pacific Love\n|-supereffective|p2a: Pacific Love\n|-damage|p2a: Pacific Love|0 fnt\n|faint|p2a: Pacific Love\n|\n|-weather|Sandstorm|[upkeep]\n|-damage|p1a: Pools Open|95\/100|[from] Sandstorm\n|upkeep\n|\n|t:|1698698629\n|switch|p2a: Lady Lie|Excadrill, F|100\/100\n|turn|2\n|\n|t:|1698698636\n|switch|p1a: Bubbles|Arctozolt|100\/100\n|move|p2a: Lady Lie|Iron Head|p1a: Bubbles\n|-damage|p1a: Bubbles|54\/100\n|\n|-weather|Sandstorm|[upkeep]\n|-damage|p1a: Bubbles|48\/100|[from] Sandstorm\n|upkeep\n|turn|3\n|\n|t:|1698698644\n|move|p2a: Lady Lie|Earthquake|p1a: Bubbles\n|-supereffective|p1a: Bubbles\n|-damage|p1a: Bubbles|0 fnt\n|faint|p1a: Bubbles\n|\n|-weather|Sandstorm|[upkeep]\n|upkeep\n|c| Destinum|I feel like this battle always starts with Clodsire getting sacced.\n|\n|t:|1698698649\n|switch|p1a: Cold Dog|Ninetales-Alola, M|100\/100\n|-weather|Snow|[from] ability: Snow Warning|[of] p1a: Cold Dog\n|turn|4\n|c|\u2606GrundleGrimace|it has been that way the past 2 times\n|c| Destinum|Pacific Hate. :(\n|\n|t:|1698698683\n|switch|p1a: Table|Avalugg, M|100\/100\n|move|p2a: Lady Lie|Rapid Spin|p1a: Table\n|-damage|p1a: Table|95\/100\n|-boost|p2a: Lady Lie|spe|1\n|\n|-weather|Snow|[upkeep]\n|upkeep\n|turn|5\n|\n|t:|1698698707\n|switch|p2a: Mr. Redundant|Hippowdon, M|100\/100\n|-weather|Sandstorm|[from] ability: Sand Stream|[of] p2a: Mr. Redundant\n|move|p1a: Table|Avalanche|p2a: Mr. Redundant\n|-supereffective|p2a: Mr. Redundant\n|-damage|p2a: Mr. Redundant|76\/100\n|\n|-weather|Sandstorm|[upkeep]\n|-damage|p1a: Table|89\/100|[from] Sandstorm\n|-heal|p2a: Mr. Redundant|82\/100|[from] item: Leftovers\n|upkeep\n|turn|6\n|\n|t:|1698698731\n|move|p1a: Table|Rapid Spin|p2a: Mr. Redundant\n|-damage|p2a: Mr. Redundant|75\/100\n|-boost|p1a: Table|spe|1\n|move|p2a: Mr. Redundant|Whirlwind|p1a: Table\n|drag|p1a: Balance|Kyurem|100\/100\n|-ability|p1a: Balance|Pressure\n|\n|-weather|Sandstorm|[upkeep]\n|-damage|p1a: Balance|94\/100|[from] Sandstorm\n|-heal|p2a: Mr. Redundant|81\/100|[from] item: Leftovers\n|upkeep\n|turn|7\n|c| Destinum|Where sneaky pebbles?\n|\n|t:|1698698767\n|switch|p2a: Cocaine Jesus|Landorus, M|100\/100\n|move|p1a: Balance|Freeze-Dry|p2a: Cocaine Jesus\n|-supereffective|p2a: Cocaine Jesus\n|-damage|p2a: Cocaine Jesus|0 fnt\n|faint|p2a: Cocaine Jesus\n|\n|-weather|Sandstorm|[upkeep]\n|-damage|p1a: Balance|88\/100|[from] Sandstorm\n|upkeep\n|c|\u2606GrundleGrimace|was trying to catch an A-Ninetails switch on SR\n|\n|t:|1698698773\n|switch|p2a: Lady Lie|Excadrill, F|100\/100\n|turn|8\n|\n|t:|1698698780\n|move|p2a: Lady Lie|Iron Head|p1a: Balance\n|-supereffective|p1a: Balance\n|-damage|p1a: Balance|2\/100\n|move|p1a: Balance|Freeze-Dry|p2a: Lady Lie\n|-damage|p2a: Lady Lie|26\/100\n|\n|-weather|Sandstorm|[upkeep]\n|-damage|p1a: Balance|0 fnt|[from] Sandstorm\n|faint|p1a: Balance\n|upkeep\n|c|\u2606Salfy|the goat\n|c| Destinum|Too thicc.\n|c|\u2606GrundleGrimace|this makes things\n|c|\u2606GrundleGrimace|complicated\n|\n|t:|1698698804\n|switch|p1a: Cold Dog|Ninetales-Alola, M|100\/100\n|-weather|Snow|[from] ability: Snow Warning|[of] p1a: Cold Dog\n|turn|9\n|\n|t:|1698698816\n|switch|p1a: Table|Avalugg, M|89\/100\n|switch|p2a: Mr. Redundant|Hippowdon, M|81\/100\n|-weather|Sandstorm|[from] ability: Sand Stream|[of] p2a: Mr. Redundant\n|\n|-weather|Sandstorm|[upkeep]\n|-damage|p1a: Table|83\/100|[from] Sandstorm\n|-heal|p2a: Mr. Redundant|87\/100|[from] item: Leftovers\n|upkeep\n|turn|10\n|\n|t:|1698698823\n|switch|p2a: Polite Company|Garchomp, M|100\/100\n|move|p1a: Table|Avalanche|p2a: Polite Company\n|-supereffective|p2a: Polite Company\n|-damage|p2a: Polite Company|0 fnt\n|-damage|p1a: Table|71\/100|[from] ability: Rough Skin|[of] p2a: Polite Company\n|faint|p2a: Polite Company\n|\n|-weather|Sandstorm|[upkeep]\n|-damage|p1a: Table|65\/100|[from] Sandstorm\n|upkeep\n|\n|t:|1698698828\n|switch|p2a: Lady Lie|Excadrill, F|26\/100\n|turn|11\n|\n|t:|1698698833\n|-zpower|p2a: Lady Lie\n|move|p2a: Lady Lie|Corkscrew Crash|p1a: Table|[zeffect]\n|-supereffective|p1a: Table\n|-damage|p1a: Table|0 fnt\n|faint|p1a: Table\n|\n|-weather|Sandstorm|[upkeep]\n|upkeep\n|\n|t:|1698698838\n|switch|p1a: Cold Dog|Ninetales-Alola, M|100\/100\n|-weather|Snow|[from] ability: Snow Warning|[of] p1a: Cold Dog\n|turn|12\n|\n|t:|1698698853\n|switch|p1a: Chilla|Baxcalibur, M|100\/100\n|switch|p2a: Mr. Redundant|Hippowdon, M|87\/100\n|-weather|Sandstorm|[from] ability: Sand Stream|[of] p2a: Mr. Redundant\n|\n|-weather|Sandstorm|[upkeep]\n|-damage|p1a: Chilla|94\/100|[from] Sandstorm\n|-heal|p2a: Mr. Redundant|93\/100|[from] item: Leftovers\n|upkeep\n|turn|13\n|\n|t:|1698698857\n|switch|p2a: Cold Love|Mamoswine, F|100\/100\n|move|p1a: Chilla|Icicle Spear|p2a: Cold Love\n|-damage|p2a: Cold Love|93\/100\n|-damage|p2a: Cold Love|84\/100\n|-damage|p2a: Cold Love|77\/100\n|-crit|p2a: Cold Love\n|-damage|p2a: Cold Love|64\/100\n|-hitcount|p2a: Cold Love|4\n|\n|-weather|Sandstorm|[upkeep]\n|-damage|p1a: Chilla|88\/100|[from] Sandstorm\n|upkeep\n|turn|14\n|\n|t:|1698698865\n|-terastallize|p1a: Chilla|Steel\n|-terastallize|p2a: Cold Love|Ice\n|move|p1a: Chilla|Iron Head|p2a: Cold Love\n|-supereffective|p2a: Cold Love\n|-damage|p2a: Cold Love|0 fnt\n|faint|p2a: Cold Love\n|\n|-weather|Sandstorm|[upkeep]\n|upkeep\n|\n|t:|1698698886\n|switch|p2a: Lady Lie|Excadrill, F|26\/100\n|turn|15\n|\n|t:|1698698902\n|move|p2a: Lady Lie|Earthquake|p1a: Chilla\n|-supereffective|p1a: Chilla\n|-crit|p1a: Chilla\n|-damage|p1a: Chilla|0 fnt\n|faint|p1a: Chilla\n|\n|-weather|Sandstorm|[upkeep]\n|upkeep\n|\n|t:|1698698906\n|switch|p1a: Cold Dog|Ninetales-Alola, M|100\/100\n|-weather|Snow|[from] ability: Snow Warning|[of] p1a: Cold Dog\n|turn|16\n|c|\u2606GrundleGrimace|IM SO GOOD\n|\n|t:|1698698912\n|switch|p2a: Mr. Redundant|Hippowdon, M|93\/100\n|-weather|Sandstorm|[from] ability: Sand Stream|[of] p2a: Mr. Redundant\n|move|p1a: Cold Dog|Freeze-Dry|p2a: Mr. Redundant\n|-supereffective|p2a: Mr. Redundant\n|-damage|p2a: Mr. Redundant|50\/100\n|\n|-weather|Sandstorm|[upkeep]\n|-damage|p1a: Cold Dog|94\/100|[from] Sandstorm\n|-heal|p2a: Mr. Redundant|56\/100|[from] item: Leftovers\n|upkeep\n|turn|17\n|\n|t:|1698698924\n|move|p1a: Cold Dog|Freeze-Dry|p2a: Mr. Redundant\n|-supereffective|p2a: Mr. Redundant\n|-damage|p2a: Mr. Redundant|15\/100\n|move|p2a: Mr. Redundant|Earthquake|p1a: Cold Dog\n|-damage|p1a: Cold Dog|44\/100\n|\n|-weather|Sandstorm|[upkeep]\n|-damage|p1a: Cold Dog|38\/100|[from] Sandstorm\n|-heal|p2a: Mr. Redundant|21\/100|[from] item: Leftovers\n|upkeep\n|turn|18\n|\n|t:|1698698930\n|move|p1a: Cold Dog|Freeze-Dry|p2a: Mr. Redundant\n|-supereffective|p2a: Mr. Redundant\n|-damage|p2a: Mr. Redundant|0 fnt\n|faint|p2a: Mr. Redundant\n|\n|-weather|Sandstorm|[upkeep]\n|-damage|p1a: Cold Dog|32\/100|[from] Sandstorm\n|upkeep\n|\n|t:|1698698931\n|switch|p2a: Lady Lie|Excadrill, F|26\/100\n|turn|19\n|\n|t:|1698698949\n|switch|p1a: Pools Open|Darmanitan-Galar, M|95\/100\n|move|p2a: Lady Lie|Rapid Spin|p1a: Pools Open\n|-damage|p1a: Pools Open|69\/100\n|-boost|p2a: Lady Lie|spe|1\n|\n|-weather|Sandstorm|[upkeep]\n|-damage|p1a: Pools Open|63\/100|[from] Sandstorm\n|upkeep\n|turn|20\n|\n|t:|1698698952\n|switch|p1a: Cold Dog|Ninetales-Alola, M|32\/100\n|-weather|Snow|[from] ability: Snow Warning|[of] p1a: Cold Dog\n|move|p2a: Lady Lie|Iron Head|p1a: Cold Dog\n|-supereffective|p1a: Cold Dog\n|-damage|p1a: Cold Dog|0 fnt\n|faint|p1a: Cold Dog\n|\n|-weather|Snow|[upkeep]\n|upkeep\n|\n|t:|1698698954\n|switch|p1a: Pools Open|Darmanitan-Galar, M|63\/100\n|turn|21\n|c|\u2606Salfy|honestly thought you'd rapid spin twice\n|c|\u2606Salfy|then you won\n|c|\u2606GrundleGrimace|I considered it\n|\n|t:|1698698977\n|move|p1a: Pools Open|Superpower|p2a: Lady Lie\n|-supereffective|p2a: Lady Lie\n|-damage|p2a: Lady Lie|0 fnt\n|-unboost|p1a: Pools Open|atk|1\n|-unboost|p1a: Pools Open|def|1\n|faint|p2a: Lady Lie\n|\n|win|Salfy\n|c|\u2606GrundleGrimace|gg\n","uploadtime":1698698984,"views":13,"p1id":"salfy","p2id":"grundlegrimace","formatid":"gen9nationaldexubers","rating":0,"private":0,"password":""}