{"id":"gen9nationaldexubers-1994532070","p1":"momfr","p2":"WonderIsTheFool","format":"[Gen 9] National Dex Ubers","log":"|j|\u2606momfr\n|j|\u2606WonderIsTheFool\n|t:|1700455517\n|gametype|singles\n|player|p1|momfr|265|1212\n|player|p2|WonderIsTheFool|will|1220\n|teamsize|p1|6\n|teamsize|p2|6\n|gen|9\n|tier|[Gen 9] National Dex Ubers\n|rated|\n|rule|HP Percentage Mod: HP is shown in percentages\n|rule|Endless Battle Clause: Forcing endless battles is banned\n|rule|OHKO Clause: OHKO moves are banned\n|rule|Evasion Moves Clause: Evasion moves are banned\n|rule|Evasion Items Clause: Evasion items are banned\n|rule|Species Clause: Limit one of each Pok\u00e9mon\n|rule|Sleep Clause Mod: Limit one foe put to sleep\n|rule|Mega Rayquaza Clause: You cannot mega evolve Rayquaza\n|clearpoke\n|poke|p1|Deoxys-Attack|\n|poke|p1|Gliscor, F|\n|poke|p1|Darkrai|\n|poke|p1|Dragonite, F|\n|poke|p1|Mewtwo|\n|poke|p1|Rayquaza|\n|poke|p2|Zamazenta-*|\n|poke|p2|Blaziken, M|\n|poke|p2|Marshadow|\n|poke|p2|Iron Valiant|\n|poke|p2|Urshifu-*, F|\n|poke|p2|Buzzwole|\n|teampreview\n|inactive|Battle timer is ON: inactive players will automatically lose when time's up. (requested by WonderIsTheFool)\n|j| gayspotter2\n|j| kung fu pokechu\n|\n|t:|1700455537\n|start\n|switch|p1a: normie in space|Deoxys-Attack|100\/100\n|switch|p2a: Blaziken|Blaziken, M, shiny|100\/100\n|-ability|p1a: normie in space|Pressure\n|turn|1\n|\n|t:|1700455548\n|detailschange|p2a: Blaziken|Blaziken-Mega, M, shiny\n|-mega|p2a: Blaziken|Blaziken|Blazikenite\n|move|p2a: Blaziken|Protect|p2a: Blaziken\n|-singleturn|p2a: Blaziken|Protect\n|move|p1a: normie in space|Zen Headbutt|p2a: Blaziken\n|-activate|p2a: Blaziken|move: Protect\n|\n|-ability|p2a: Blaziken|Speed Boost|boost\n|-boost|p2a: Blaziken|spe|1\n|upkeep\n|turn|2\n|\n|t:|1700455557\n|-terastallize|p1a: normie in space|Normal\n|move|p1a: normie in space|Extreme Speed|p2a: Blaziken\n|-damage|p2a: Blaziken|14\/100\n|move|p2a: Blaziken|Blaze Kick|p1a: normie in space\n|-damage|p1a: normie in space|0 fnt\n|faint|p1a: normie in space\n|\n|-ability|p2a: Blaziken|Speed Boost|boost\n|-boost|p2a: Blaziken|spe|1\n|upkeep\n|\n|t:|1700455565\n|switch|p1a: GUF|Rayquaza|100\/100\n|-ability|p1a: GUF|Air Lock\n|turn|3\n|\n|t:|1700455572\n|move|p1a: GUF|Extreme Speed|p2a: Blaziken\n|-damage|p2a: Blaziken|0 fnt\n|faint|p2a: Blaziken\n|-damage|p1a: GUF|91\/100|[from] item: Life Orb\n|\n|upkeep\n|\n|t:|1700455578\n|switch|p2a: Marshadow|Marshadow|100\/100\n|turn|4\n|\n|t:|1700455582\n|-zpower|p2a: Marshadow\n|move|p2a: Marshadow|Soul-Stealing 7-Star Strike|p1a: GUF|[zeffect]\n|-damage|p1a: GUF|0 fnt\n|faint|p1a: GUF\n|\n|upkeep\n|j| Adamanzane\n|\n|t:|1700455597\n|switch|p1a: OJ Simpson|Gliscor, F|100\/100\n|turn|5\n|\n|t:|1700455601\n|move|p2a: Marshadow|Spectral Thief|p1a: OJ Simpson\n|-damage|p1a: OJ Simpson|65\/100\n|move|p1a: OJ Simpson|Earthquake|p2a: Marshadow\n|-damage|p2a: Marshadow|62\/100\n|\n|-status|p1a: OJ Simpson|tox|[from] item: Toxic Orb\n|upkeep\n|turn|6\n|\n|t:|1700455617\n|move|p2a: Marshadow|Shadow Sneak|p1a: OJ Simpson\n|-damage|p1a: OJ Simpson|42\/100 tox\n|move|p1a: OJ Simpson|Roost|p1a: OJ Simpson\n|-heal|p1a: OJ Simpson|92\/100 tox\n|-singleturn|p1a: OJ Simpson|move: Roost\n|\n|-heal|p1a: OJ Simpson|100\/100 tox|[from] ability: Poison Heal\n|upkeep\n|turn|7\n|\n|t:|1700455625\n|move|p2a: Marshadow|Spectral Thief|p1a: OJ Simpson\n|-damage|p1a: OJ Simpson|61\/100 tox\n|move|p1a: OJ Simpson|Earthquake|p2a: Marshadow\n|-damage|p2a: Marshadow|17\/100\n|\n|-heal|p1a: OJ Simpson|74\/100 tox|[from] ability: Poison Heal\n|upkeep\n|turn|8\n|\n|t:|1700455634\n|move|p2a: Marshadow|Spectral Thief|p1a: OJ Simpson\n|-damage|p1a: OJ Simpson|34\/100 tox\n|move|p1a: OJ Simpson|Roost|p1a: OJ Simpson\n|-heal|p1a: OJ Simpson|84\/100 tox\n|-singleturn|p1a: OJ Simpson|move: Roost\n|\n|-heal|p1a: OJ Simpson|97\/100 tox|[from] ability: Poison Heal\n|upkeep\n|turn|9\n|\n|t:|1700455644\n|move|p2a: Marshadow|Spectral Thief|p1a: OJ Simpson\n|-damage|p1a: OJ Simpson|60\/100 tox\n|move|p1a: OJ Simpson|Earthquake|p2a: Marshadow\n|-damage|p2a: Marshadow|0 fnt\n|faint|p2a: Marshadow\n|\n|-heal|p1a: OJ Simpson|72\/100 tox|[from] ability: Poison Heal\n|upkeep\n|\n|t:|1700455658\n|switch|p2a: Urshifu|Urshifu, F|100\/100\n|turn|10\n|\n|t:|1700455664\n|move|p2a: Urshifu|Wicked Blow|p1a: OJ Simpson\n|-crit|p1a: OJ Simpson\n|-damage|p1a: OJ Simpson|12\/100 tox\n|move|p1a: OJ Simpson|Earthquake|p2a: Urshifu\n|-damage|p2a: Urshifu|65\/100\n|\n|-heal|p1a: OJ Simpson|24\/100 tox|[from] ability: Poison Heal\n|upkeep\n|turn|11\n|\n|t:|1700455674\n|-terastallize|p2a: Urshifu|Dark\n|move|p2a: Urshifu|Bulk Up|p2a: Urshifu\n|-boost|p2a: Urshifu|atk|1\n|-boost|p2a: Urshifu|def|1\n|move|p1a: OJ Simpson|Roost|p1a: OJ Simpson\n|-heal|p1a: OJ Simpson|74\/100 tox\n|-singleturn|p1a: OJ Simpson|move: Roost\n|\n|-heal|p1a: OJ Simpson|87\/100 tox|[from] ability: Poison Heal\n|upkeep\n|turn|12\n|\n|t:|1700455684\n|move|p2a: Urshifu|Bulk Up|p2a: Urshifu\n|-boost|p2a: Urshifu|atk|1\n|-boost|p2a: Urshifu|def|1\n|move|p1a: OJ Simpson|Earthquake|p2a: Urshifu\n|-damage|p2a: Urshifu|49\/100\n|\n|-heal|p1a: OJ Simpson|99\/100 tox|[from] ability: Poison Heal\n|upkeep\n|turn|13\n|\n|t:|1700455694\n|move|p2a: Urshifu|Wicked Blow|p1a: OJ Simpson\n|-crit|p1a: OJ Simpson\n|-damage|p1a: OJ Simpson|0 fnt\n|faint|p1a: OJ Simpson\n|\n|upkeep\n|\n|t:|1700455698\n|switch|p1a: Barney|Dragonite, F|100\/100\n|turn|14\n|\n|t:|1700455707\n|move|p1a: Barney|Extreme Speed|p2a: Urshifu\n|-damage|p2a: Urshifu|33\/100\n|move|p2a: Urshifu|Wicked Blow|p1a: Barney\n|-crit|p1a: Barney\n|-damage|p1a: Barney|4\/100\n|\n|upkeep\n|turn|15\n|\n|t:|1700455714\n|move|p1a: Barney|Extreme Speed|p2a: Urshifu\n|-damage|p2a: Urshifu|18\/100\n|move|p2a: Urshifu|Wicked Blow|p1a: Barney\n|-crit|p1a: Barney\n|-damage|p1a: Barney|0 fnt\n|faint|p1a: Barney\n|\n|upkeep\n|\n|t:|1700455718\n|switch|p1a: KANTOOOOOOOOOOOOOO|Mewtwo|100\/100\n|-ability|p1a: KANTOOOOOOOOOOOOOO|Pressure\n|turn|16\n|\n|t:|1700455723\n|detailschange|p1a: KANTOOOOOOOOOOOOOO|Mewtwo-Mega-X\n|-mega|p1a: KANTOOOOOOOOOOOOOO|Mewtwo|Mewtwonite X\n|move|p1a: KANTOOOOOOOOOOOOOO|Low Kick|p2a: Urshifu\n|-supereffective|p2a: Urshifu\n|-damage|p2a: Urshifu|0 fnt\n|faint|p2a: Urshifu\n|\n|upkeep\n|\n|t:|1700455731\n|switch|p2a: Iron Valiant|Iron Valiant|100\/100\n|-enditem|p2a: Iron Valiant|Booster Energy\n|-activate|p2a: Iron Valiant|ability: Quark Drive|[fromitem]\n|-start|p2a: Iron Valiant|quarkdrivespe\n|turn|17\n|\n|t:|1700455739\n|move|p2a: Iron Valiant|Spirit Break|p1a: KANTOOOOOOOOOOOOOO\n|-supereffective|p1a: KANTOOOOOOOOOOOOOO\n|-damage|p1a: KANTOOOOOOOOOOOOOO|39\/100\n|-unboost|p1a: KANTOOOOOOOOOOOOOO|spa|1\n|move|p1a: KANTOOOOOOOOOOOOOO|Earthquake|p2a: Iron Valiant\n|-damage|p2a: Iron Valiant|45\/100\n|\n|upkeep\n|turn|18\n|\n|t:|1700455747\n|move|p2a: Iron Valiant|Spirit Break|p1a: KANTOOOOOOOOOOOOOO\n|-supereffective|p1a: KANTOOOOOOOOOOOOOO\n|-damage|p1a: KANTOOOOOOOOOOOOOO|0 fnt\n|faint|p1a: KANTOOOOOOOOOOOOOO\n|\n|upkeep\n|\n|t:|1700455749\n|switch|p1a: Stall is Evil|Darkrai|100\/100\n|turn|19\n|\n|t:|1700455754\n|move|p2a: Iron Valiant|Spirit Break|p1a: Stall is Evil\n|-supereffective|p1a: Stall is Evil\n|-damage|p1a: Stall is Evil|28\/100\n|-unboost|p1a: Stall is Evil|spa|1\n|move|p1a: Stall is Evil|Hypnosis|p2a: Iron Valiant\n|-status|p2a: Iron Valiant|slp|[from] move: Hypnosis\n|\n|-heal|p1a: Stall is Evil|35\/100|[from] item: Leftovers\n|-damage|p2a: Iron Valiant|33\/100 slp|[from] ability: Bad Dreams|[of] p1a: Stall is Evil\n|upkeep\n|turn|20\n|\n|t:|1700455766\n|cant|p2a: Iron Valiant|slp\n|move|p1a: Stall is Evil|Dream Eater|p2a: Iron Valiant\n|-supereffective|p2a: Iron Valiant\n|-damage|p2a: Iron Valiant|0 fnt\n|-heal|p1a: Stall is Evil|48\/100|[from] drain|[of] p2a: Iron Valiant\n|faint|p2a: Iron Valiant\n|-end|p2a: Iron Valiant|Quark Drive|[silent]\n|\n|-heal|p1a: Stall is Evil|54\/100|[from] item: Leftovers\n|upkeep\n|\n|t:|1700455775\n|switch|p2a: Zamazenta|Zamazenta-Crowned, shiny|100\/100\n|-ability|p2a: Zamazenta|Dauntless Shield|boost\n|-boost|p2a: Zamazenta|def|1\n|turn|21\n|\n|t:|1700455780\n|move|p2a: Zamazenta|Body Press|p1a: Stall is Evil\n|-supereffective|p1a: Stall is Evil\n|-damage|p1a: Stall is Evil|0 fnt\n|faint|p1a: Stall is Evil\n|\n|win|WonderIsTheFool\n|raw|momfr's rating: 1212 &rarr; <strong>1188<\/strong><br \/>(-24 for losing)\n|raw|WonderIsTheFool's rating: 1220 &rarr; <strong>1244<\/strong><br \/>(+24 for winning)\n","uploadtime":1700455784,"views":9,"p1id":"momfr","p2id":"wonderisthefool","formatid":"gen9nationaldexubers","rating":1188,"private":0,"password":""}