{"id":"gen9nationaldexubers-1993684562","p1":"FrostBv","p2":"KJ.nyc","format":"[Gen 9] National Dex Ubers","log":"|j|\u2606FrostBv\n|j|\u2606KJ.nyc\n|t:|1700345306\n|gametype|singles\n|player|p1|FrostBv|giovanni|1222\n|player|p2|KJ.nyc|hilbert|1302\n|teamsize|p1|6\n|teamsize|p2|6\n|gen|9\n|tier|[Gen 9] National Dex Ubers\n|rated|\n|rule|HP Percentage Mod: HP is shown in percentages\n|rule|Endless Battle Clause: Forcing endless battles is banned\n|rule|OHKO Clause: OHKO moves are banned\n|rule|Evasion Moves Clause: Evasion moves are banned\n|rule|Evasion Items Clause: Evasion items are banned\n|rule|Species Clause: Limit one of each Pok\u00e9mon\n|rule|Sleep Clause Mod: Limit one foe put to sleep\n|rule|Mega Rayquaza Clause: You cannot mega evolve Rayquaza\n|clearpoke\n|poke|p1|Deoxys-Defense|\n|poke|p1|Yveltal|\n|poke|p1|Groudon|\n|poke|p1|Dragapult, M|\n|poke|p1|Metagross|\n|poke|p1|Zygarde|\n|poke|p2|Pikachu, M|\n|poke|p2|Dragonite, F|\n|poke|p2|Gengar, M|\n|poke|p2|Lucario, M|\n|poke|p2|Sirfetch\u2019d, M|\n|poke|p2|Dracovish|\n|teampreview\n|c|\u2606KJ.nyc|glhf\n|inactive|Battle timer is ON: inactive players will automatically lose when time's up. (requested by KJ.nyc)\n|\n|t:|1700345315\n|start\n|switch|p1a: Deoxys|Deoxys-Defense|100\/100\n|switch|p2a: Dracovish|Dracovish|100\/100\n|-ability|p1a: Deoxys|Pressure\n|turn|1\n|c|\u2606FrostBv|:v\n|\n|t:|1700345320\n|move|p2a: Dracovish|Fishious Rend|p1a: Deoxys\n|-damage|p1a: Deoxys|0 fnt\n|faint|p1a: Deoxys\n|\n|upkeep\n|\n|t:|1700345327\n|switch|p1a: Groudon|Groudon|100\/100\n|detailschange|p1a: Groudon|Groudon-Primal\n|-primal|p1a: Groudon|Red Orb\n|-weather|DesolateLand|[from] ability: Desolate Land|[of] p1a: Groudon\n|turn|2\n|\n|t:|1700345332\n|switch|p2a: Dragonite|Dragonite, F|100\/100\n|move|p1a: Groudon|Precipice Blades|p2a: Dragonite\n|-immune|p2a: Dragonite\n|\n|-weather|DesolateLand|[upkeep]\n|upkeep\n|turn|3\n|\n|t:|1700345338\n|move|p1a: Groudon|Hidden Power|p2a: Dragonite\n|-supereffective|p2a: Dragonite\n|-damage|p2a: Dragonite|48\/100\n|move|p2a: Dragonite|Hurricane|p1a: Groudon\n|-damage|p1a: Groudon|51\/100\n|\n|-weather|DesolateLand|[upkeep]\n|-heal|p2a: Dragonite|55\/100|[from] item: Leftovers\n|upkeep\n|turn|4\n|\n|t:|1700345353\n|-terastallize|p2a: Dragonite|Steel\n|move|p1a: Groudon|Hidden Power|p2a: Dragonite\n|-resisted|p2a: Dragonite\n|-damage|p2a: Dragonite|43\/100\n|move|p2a: Dragonite|Hurricane|p1a: Groudon\n|-damage|p1a: Groudon|0 fnt\n|faint|p1a: Groudon\n|-weather|none\n|\n|-heal|p2a: Dragonite|49\/100|[from] item: Leftovers\n|upkeep\n|\n|t:|1700345367\n|switch|p1a: Metagross|Metagross, shiny|100\/100\n|turn|5\n|\n|t:|1700345370\n|detailschange|p1a: Metagross|Metagross-Mega, shiny\n|-mega|p1a: Metagross|Metagross|Metagrossite\n|move|p1a: Metagross|Power-Up Punch|p2a: Dragonite\n|-supereffective|p2a: Dragonite\n|-damage|p2a: Dragonite|10\/100\n|-boost|p1a: Metagross|atk|1\n|move|p2a: Dragonite|Fire Punch|p1a: Metagross\n|-supereffective|p1a: Metagross\n|-damage|p1a: Metagross|59\/100\n|\n|-heal|p2a: Dragonite|16\/100|[from] item: Leftovers\n|upkeep\n|turn|6\n|\n|t:|1700345380\n|move|p1a: Metagross|Power-Up Punch|p2a: Dragonite\n|-supereffective|p2a: Dragonite\n|-damage|p2a: Dragonite|0 fnt\n|-boost|p1a: Metagross|atk|1\n|faint|p2a: Dragonite\n|\n|upkeep\n|\n|t:|1700345382\n|switch|p2a: Gengar|Gengar, M|100\/100\n|turn|7\n|\n|t:|1700345390\n|move|p1a: Metagross|Bullet Punch|p2a: Gengar\n|-enditem|p2a: Gengar|Focus Sash\n|-damage|p2a: Gengar|1\/100\n|move|p2a: Gengar|Shadow Ball|p1a: Metagross\n|-supereffective|p1a: Metagross\n|-damage|p1a: Metagross|0 fnt\n|faint|p1a: Metagross\n|\n|upkeep\n|\n|t:|1700345398\n|switch|p1a: Yveltal|Yveltal|100\/100\n|-ability|p1a: Yveltal|Dark Aura\n|turn|8\n|\n|t:|1700345418\n|move|p2a: Gengar|Dazzling Gleam|p1a: Yveltal\n|-supereffective|p1a: Yveltal\n|-damage|p1a: Yveltal|50\/100\n|move|p1a: Yveltal|Hidden Power|p2a: Gengar\n|-damage|p2a: Gengar|0 fnt\n|-start|p1a: Yveltal|Disable|Hidden Power|[from] ability: Cursed Body|[of] p2a: Gengar\n|faint|p2a: Gengar\n|\n|upkeep\n|\n|t:|1700345428\n|switch|p2a: Sirfetch\u2019d|Sirfetch\u2019d, M|100\/100\n|turn|9\n|\n|t:|1700345431\n|move|p2a: Sirfetch\u2019d|First Impression|p1a: Yveltal\n|-damage|p1a: Yveltal|13\/100\n|move|p1a: Yveltal|Oblivion Wing|p2a: Sirfetch\u2019d\n|-supereffective|p2a: Sirfetch\u2019d\n|-crit|p2a: Sirfetch\u2019d\n|-damage|p2a: Sirfetch\u2019d|0 fnt\n|-heal|p1a: Yveltal|70\/100|[from] drain|[of] p2a: Sirfetch\u2019d\n|faint|p2a: Sirfetch\u2019d\n|\n|upkeep\n|\n|t:|1700345437\n|switch|p2a: Dracovish|Dracovish|100\/100\n|turn|10\n|\n|t:|1700345443\n|move|p1a: Yveltal|Toxic|p2a: Dracovish\n|-status|p2a: Dracovish|tox\n|move|p2a: Dracovish|Ice Fang|p1a: Yveltal\n|-supereffective|p1a: Yveltal\n|-damage|p1a: Yveltal|0 fnt\n|faint|p1a: Yveltal\n|\n|-damage|p2a: Dracovish|94\/100 tox|[from] psn\n|upkeep\n|\n|t:|1700345451\n|switch|p1a: Dragapult|Dragapult, M|100\/100\n|turn|11\n|\n|t:|1700345454\n|move|p1a: Dragapult|Phantom Force||[still]\n|-prepare|p1a: Dragapult|Phantom Force\n|move|p2a: Dracovish|Ice Fang|p1a: Dragapult|[miss]\n|-miss|p2a: Dracovish|p1a: Dragapult\n|\n|-damage|p2a: Dracovish|82\/100 tox|[from] psn\n|upkeep\n|turn|12\n|\n|t:|1700345460\n|switch|p2a: Pikachu|Pikachu, M|100\/100\n|move|p1a: Dragapult|Phantom Force|p2a: Pikachu|[from]lockedmove\n|-damage|p2a: Pikachu|0 fnt\n|faint|p2a: Pikachu\n|\n|upkeep\n|\n|t:|1700345467\n|switch|p2a: Lucario|Lucario, M|100\/100\n|turn|13\n|\n|t:|1700345471\n|detailschange|p2a: Lucario|Lucario-Mega, M\n|-mega|p2a: Lucario|Lucario|Lucarionite\n|move|p1a: Dragapult|Phantom Force||[still]\n|-prepare|p1a: Dragapult|Phantom Force\n|move|p2a: Lucario|Ice Punch|p1a: Dragapult|[miss]\n|-miss|p2a: Lucario|p1a: Dragapult\n|\n|upkeep\n|turn|14\n|\n|t:|1700345476\n|move|p1a: Dragapult|Phantom Force|p2a: Lucario|[from]lockedmove\n|-damage|p2a: Lucario|32\/100\n|move|p2a: Lucario|Ice Punch|p1a: Dragapult\n|-supereffective|p1a: Dragapult\n|-damage|p1a: Dragapult|27\/100\n|\n|upkeep\n|turn|15\n|\n|t:|1700345483\n|switch|p2a: Dracovish|Dracovish|82\/100 tox\n|move|p1a: Dragapult|Phantom Force||[still]\n|-prepare|p1a: Dragapult|Phantom Force\n|\n|-damage|p2a: Dracovish|76\/100 tox|[from] psn\n|upkeep\n|turn|16\n|\n|t:|1700345488\n|move|p1a: Dragapult|Phantom Force|p2a: Dracovish|[from]lockedmove\n|-damage|p2a: Dracovish|28\/100 tox\n|move|p2a: Dracovish|Ice Fang|p1a: Dragapult\n|-supereffective|p1a: Dragapult\n|-damage|p1a: Dragapult|0 fnt\n|faint|p1a: Dragapult\n|\n|-damage|p2a: Dracovish|16\/100 tox|[from] psn\n|upkeep\n|\n|t:|1700345496\n|switch|p1a: Zygarde|Zygarde|100\/100\n|turn|17\n|\n|t:|1700345500\n|move|p1a: Zygarde|Extreme Speed|p2a: Dracovish\n|-damage|p2a: Dracovish|0 fnt\n|faint|p2a: Dracovish\n|\n|upkeep\n|\n|t:|1700345503\n|switch|p2a: Lucario|Lucario-Mega, M|32\/100\n|turn|18\n|\n|t:|1700345509\n|-terastallize|p1a: Zygarde|Ice\n|move|p2a: Lucario|Ice Punch|p1a: Zygarde\n|-resisted|p1a: Zygarde\n|-damage|p1a: Zygarde|90\/100\n|move|p1a: Zygarde|Thousand Arrows|p2a: Lucario\n|-supereffective|p2a: Lucario\n|-damage|p2a: Lucario|0 fnt\n|faint|p2a: Lucario\n|\n|win|FrostBv\n|raw|FrostBv's rating: 1222 &rarr; <strong>1253<\/strong><br \/>(+31 for winning)\n|raw|KJ.nyc's rating: 1302 &rarr; <strong>1277<\/strong><br \/>(-25 for losing)\n|c|\u2606KJ.nyc|gg\n|l|\u2606KJ.nyc\n","uploadtime":1700345522,"views":14,"p1id":"frostbv","p2id":"kjnyc","formatid":"gen9nationaldexubers","rating":1253,"private":0,"password":""}