{"id":"gen9nationaldexubers-1983193207","p1":"Scrytre","p2":"wewowewowewowewo","format":"[Gen 9] National Dex Ubers","log":"|j|\u2606Scrytre\n|j|\u2606wewowewowewowewo\n|t:|1699103305\n|gametype|singles\n|player|p1|Scrytre|buck|1087\n|player|p2|wewowewowewowewo|cynthia|1067\n|teamsize|p1|6\n|teamsize|p2|6\n|gen|9\n|tier|[Gen 9] National Dex Ubers\n|rated|\n|rule|HP Percentage Mod: HP is shown in percentages\n|rule|Endless Battle Clause: Forcing endless battles is banned\n|rule|OHKO Clause: OHKO moves are banned\n|rule|Evasion Moves Clause: Evasion moves are banned\n|rule|Evasion Items Clause: Evasion items are banned\n|rule|Species Clause: Limit one of each Pok\u00e9mon\n|rule|Sleep Clause Mod: Limit one foe put to sleep\n|rule|Mega Rayquaza Clause: You cannot mega evolve Rayquaza\n|clearpoke\n|poke|p1|Zygarde-10%|\n|poke|p1|Xerneas-*|\n|poke|p1|Yveltal|\n|poke|p1|Groudon|\n|poke|p1|Venusaur, F|\n|poke|p1|Kyogre|\n|poke|p2|Toxapex, M|\n|poke|p2|Gliscor, F|\n|poke|p2|Blaziken, F|\n|poke|p2|Avalugg-Hisui, F|\n|poke|p2|Hatterene, F|\n|poke|p2|Greninja-*, M|\n|teampreview\n|inactive|Battle timer is ON: inactive players will automatically lose when time's up. (requested by wewowewowewowewo)\n|\n|t:|1699103316\n|start\n|switch|p1a: Venusaur|Venusaur, F|100\/100\n|switch|p2a: Avalugg|Avalugg-Hisui, F|100\/100\n|turn|1\n|\n|t:|1699103336\n|switch|p1a: Kyoko|Kyogre, shiny|100\/100\n|detailschange|p1a: Kyoko|Kyogre-Primal, shiny\n|-primal|p1a: Kyoko|Blue Orb\n|-weather|PrimordialSea|[from] ability: Primordial Sea|[of] p1a: Kyoko\n|move|p2a: Avalugg|Iron Defense|p2a: Avalugg\n|-boost|p2a: Avalugg|def|2\n|\n|-weather|PrimordialSea|[upkeep]\n|upkeep\n|turn|2\n|inactive|Scrytre has 120 seconds left.\n|inactive|Scrytre has 90 seconds left.\n|inactive|Scrytre has 60 seconds left.\n|\n|t:|1699103433\n|move|p1a: Kyoko|Hydro Pump|p2a: Avalugg\n|-supereffective|p2a: Avalugg\n|-ability|p2a: Avalugg|Sturdy\n|-damage|p2a: Avalugg|1\/100\n|move|p2a: Avalugg|Body Press|p1a: Kyoko\n|-damage|p1a: Kyoko|2\/100\n|\n|-weather|PrimordialSea|[upkeep]\n|upkeep\n|turn|3\n|\n|t:|1699103445\n|move|p1a: Kyoko|Hydro Pump|p2a: Avalugg\n|-supereffective|p2a: Avalugg\n|-damage|p2a: Avalugg|0 fnt\n|faint|p2a: Avalugg\n|\n|-weather|PrimordialSea|[upkeep]\n|upkeep\n|\n|t:|1699103450\n|switch|p2a: Greninja|Greninja, M|100\/100\n|turn|4\n|inactive|Scrytre has 60 seconds left.\n|\n|t:|1699103470\n|move|p2a: Greninja|Water Shuriken|p1a: Kyoko\n|-resisted|p1a: Kyoko\n|-damage|p1a: Kyoko|0 fnt\n|faint|p1a: Kyoko\n|-weather|none\n|-ability|p2a: Greninja|Battle Bond|boost\n|-boost|p2a: Greninja|atk|1\n|-boost|p2a: Greninja|spa|1\n|-boost|p2a: Greninja|spe|1\n|-activate|p2a: Greninja|ability: Battle Bond\n|-hitcount|p1: Kyoko|1\n|-damage|p2a: Greninja|91\/100|[from] item: Life Orb\n|\n|upkeep\n|\n|t:|1699103487\n|switch|p1a: Venusaur|Venusaur, F|100\/100\n|turn|5\n|\n|t:|1699103493\n|move|p2a: Greninja|Ice Beam|p1a: Venusaur\n|-supereffective|p1a: Venusaur\n|-damage|p1a: Venusaur|0 fnt\n|faint|p1a: Venusaur\n|-damage|p2a: Greninja|81\/100|[from] item: Life Orb\n|\n|upkeep\n|\n|t:|1699103504\n|switch|p1a: Xerneas|Xerneas|100\/100\n|-ability|p1a: Xerneas|Fairy Aura\n|turn|6\n|\n|t:|1699103515\n|-terastallize|p2a: Greninja|Water\n|move|p2a: Greninja|Hydro Pump|p1a: Xerneas|[miss]\n|-miss|p2a: Greninja|p1a: Xerneas\n|move|p1a: Xerneas|Geomancy||[still]\n|-prepare|p1a: Xerneas|Geomancy\n|-enditem|p1a: Xerneas|Power Herb\n|-anim|p1a: Xerneas|Geomancy|p1a: Xerneas\n|-boost|p1a: Xerneas|spa|2\n|-boost|p1a: Xerneas|spd|2\n|-boost|p1a: Xerneas|spe|2\n|\n|upkeep\n|turn|7\n|\n|t:|1699103527\n|switch|p2a: pex|Toxapex, M|100\/100\n|move|p1a: Xerneas|Moonblast|p2a: pex\n|-resisted|p2a: pex\n|-damage|p2a: pex|36\/100\n|\n|-heal|p2a: pex|42\/100|[from] item: Black Sludge\n|upkeep\n|turn|8\n|\n|t:|1699103541\n|move|p1a: Xerneas|Hidden Power|p2a: pex\n|-resisted|p2a: pex\n|-crit|p2a: pex\n|-damage|p2a: pex|15\/100\n|move|p2a: pex|Haze|p2a: pex\n|-clearallboost\n|\n|-heal|p2a: pex|21\/100|[from] item: Black Sludge\n|upkeep\n|turn|9\n|inactive|Scrytre has 30 seconds left.\n|inactive|Scrytre has 20 seconds left.\n|inactive|Scrytre has 15 seconds left.\n|inactive|Scrytre has 10 seconds left.\n|inactive|Scrytre has 5 seconds left.\n|-message|Scrytre lost due to inactivity.\n|\n|win|wewowewowewowewo\n|raw|Scrytre's rating: 1087 &rarr; <strong>1063<\/strong><br \/>(-24 for losing)\n|raw|wewowewowewowewo's rating: 1067 &rarr; <strong>1099<\/strong><br \/>(+32 for winning)\n|l|\u2606wewowewowewowewo\n","uploadtime":1699103755,"views":6,"p1id":"scrytre","p2id":"wewowewowewowewo","formatid":"gen9nationaldexubers","rating":1063,"private":0,"password":""}