{"id":"gen9nationaldexubers-1988180603","p1":"Helpnoname","p2":"siamsee","format":"[Gen 9] National Dex Ubers","log":"|j|\u2606Helpnoname\n|j|\u2606siamsee\n|t:|1699680552\n|gametype|singles\n|player|p1|Helpnoname|2|1576\n|player|p2|siamsee|blue|1615\n|teamsize|p1|6\n|teamsize|p2|6\n|gen|9\n|tier|[Gen 9] National Dex Ubers\n|rated|\n|rule|HP Percentage Mod: HP is shown in percentages\n|rule|Endless Battle Clause: Forcing endless battles is banned\n|rule|OHKO Clause: OHKO moves are banned\n|rule|Evasion Moves Clause: Evasion moves are banned\n|rule|Evasion Items Clause: Evasion items are banned\n|rule|Species Clause: Limit one of each Pok\u00e9mon\n|rule|Sleep Clause Mod: Limit one foe put to sleep\n|rule|Mega Rayquaza Clause: You cannot mega evolve Rayquaza\n|clearpoke\n|poke|p1|Ferrothorn, M|\n|poke|p1|Eternatus|\n|poke|p1|Giratina|\n|poke|p1|Toxapex, F|\n|poke|p1|Ho-Oh|\n|poke|p1|Yveltal|\n|poke|p2|Zygarde|\n|poke|p2|Kyogre|\n|poke|p2|Necrozma-Dusk-Mane|\n|poke|p2|Arceus|\n|poke|p2|Yveltal|\n|poke|p2|Calyrex-Ice|\n|teampreview\n|inactive|Battle timer is ON: inactive players will automatically lose when time's up. (requested by siamsee)\n|\n|t:|1699680560\n|start\n|switch|p1a: Yveltal|Yveltal|100\/100\n|switch|p2a: Yveltal|Yveltal, shiny|100\/100\n|-ability|p1a: Yveltal|Dark Aura\n|-ability|p2a: Yveltal|Dark Aura\n|turn|1\n|\n|t:|1699680564\n|switch|p1a: Zoroerk|Toxapex, F|100\/100\n|move|p2a: Yveltal|Oblivion Wing|p1a: Zoroerk\n|-damage|p1a: Zoroerk|74\/100\n|\n|upkeep\n|turn|2\n|\n|t:|1699680569\n|move|p1a: Zoroerk|Baneful Bunker|p1a: Zoroerk\n|-singleturn|p1a: Zoroerk|move: Protect\n|move|p2a: Yveltal|Dark Pulse|p1a: Zoroerk\n|-activate|p1a: Zoroerk|move: Protect\n|\n|upkeep\n|turn|3\n|\n|t:|1699680576\n|switch|p1a: Ho-Oh|Ho-Oh|100\/100\n|move|p2a: Yveltal|Dark Pulse|p1a: Ho-Oh\n|-damage|p1a: Ho-Oh|75\/100\n|\n|upkeep\n|turn|4\n|\n|t:|1699680582\n|move|p2a: Yveltal|Dark Pulse|p1a: Ho-Oh\n|-crit|p1a: Ho-Oh\n|-damage|p1a: Ho-Oh|38\/100\n|move|p1a: Ho-Oh|Toxic|p2a: Yveltal\n|-status|p2a: Yveltal|tox\n|\n|-damage|p2a: Yveltal|94\/100 tox|[from] psn\n|upkeep\n|turn|5\n|\n|t:|1699680590\n|switch|p1a: Zoroerk|Toxapex, F|100\/100\n|-zpower|p2a: Yveltal\n|move|p2a: Yveltal|Z-Defog|p1a: Zoroerk|[anim]Defog\n|-boost|p2a: Yveltal|accuracy|1|[zeffect]\n|-unboost|p1a: Zoroerk|evasion|1\n|\n|-damage|p2a: Yveltal|82\/100 tox|[from] psn\n|upkeep\n|turn|6\n|c|\u2606Helpnoname|What\n|\n|t:|1699680608\n|move|p2a: Yveltal|Dark Pulse|p1a: Zoroerk\n|-damage|p1a: Zoroerk|68\/100\n|move|p1a: Zoroerk|Infestation|p2a: Yveltal\n|-crit|p2a: Yveltal\n|-damage|p2a: Yveltal|78\/100 tox\n|-activate|p2a: Yveltal|move: Infestation|[of] p1a: Zoroerk\n|\n|-damage|p2a: Yveltal|60\/100 tox|[from] psn\n|-damage|p2a: Yveltal|47\/100 tox|[from] move: Infestation|[partiallytrapped]\n|upkeep\n|turn|7\n|\n|t:|1699680620\n|move|p1a: Zoroerk|Baneful Bunker|p1a: Zoroerk\n|-singleturn|p1a: Zoroerk|move: Protect\n|move|p2a: Yveltal|Dark Pulse|p1a: Zoroerk\n|-activate|p1a: Zoroerk|move: Protect\n|\n|-damage|p2a: Yveltal|23\/100 tox|[from] psn\n|-damage|p2a: Yveltal|10\/100 tox|[from] move: Infestation|[partiallytrapped]\n|upkeep\n|turn|8\n|\n|t:|1699680624\n|move|p2a: Yveltal|Dark Pulse|p1a: Zoroerk\n|-damage|p1a: Zoroerk|32\/100\n|move|p1a: Zoroerk|Recover|p1a: Zoroerk\n|-heal|p1a: Zoroerk|82\/100\n|\n|-damage|p2a: Yveltal|0 fnt|[from] psn\n|faint|p2a: Yveltal\n|upkeep\n|\n|t:|1699680633\n|switch|p2a: Zygarde|Zygarde, shiny|100\/100\n|turn|9\n|\n|t:|1699680637\n|switch|p1a: Giratina|Giratina|100\/100\n|-ability|p1a: Giratina|Pressure\n|move|p2a: Zygarde|Substitute|p2a: Zygarde\n|-start|p2a: Zygarde|Substitute\n|-damage|p2a: Zygarde|76\/100\n|\n|-heal|p2a: Zygarde|82\/100|[from] item: Leftovers\n|upkeep\n|turn|10\n|\n|t:|1699680646\n|switch|p1a: Ho-Oh|Ho-Oh|71\/100\n|move|p2a: Zygarde|Coil|p2a: Zygarde\n|-boost|p2a: Zygarde|atk|1\n|-boost|p2a: Zygarde|def|1\n|-boost|p2a: Zygarde|accuracy|1\n|\n|-heal|p2a: Zygarde|88\/100|[from] item: Leftovers\n|upkeep\n|turn|11\n|\n|t:|1699680651\n|move|p2a: Zygarde|Thousand Arrows|p1a: Ho-Oh\n|-damage|p1a: Ho-Oh|13\/100\n|-start|p1a: Ho-Oh|Smack Down\n|move|p1a: Ho-Oh|Whirlwind|p2a: Zygarde\n|drag|p2a: Kyogre|Kyogre, shiny|100\/100\n|detailschange|p2a: Kyogre|Kyogre-Primal, shiny\n|-primal|p2a: Kyogre|Blue Orb\n|-weather|PrimordialSea|[from] ability: Primordial Sea|[of] p2a: Kyogre\n|\n|-weather|PrimordialSea|[upkeep]\n|upkeep\n|turn|12\n|\n|t:|1699680663\n|switch|p1a: Ferrothorn|Ferrothorn, M|100\/100\n|move|p2a: Kyogre|Ice Beam|p1a: Ferrothorn\n|-damage|p1a: Ferrothorn|71\/100\n|\n|-weather|PrimordialSea|[upkeep]\n|-heal|p1a: Ferrothorn|77\/100|[from] item: Leftovers\n|upkeep\n|turn|13\n|\n|t:|1699680668\n|move|p2a: Kyogre|Ice Beam|p1a: Ferrothorn\n|-damage|p1a: Ferrothorn|48\/100\n|move|p1a: Ferrothorn|Leech Seed|p2a: Kyogre\n|-start|p2a: Kyogre|move: Leech Seed\n|\n|-weather|PrimordialSea|[upkeep]\n|-heal|p1a: Ferrothorn|54\/100|[from] item: Leftovers\n|-damage|p2a: Kyogre|88\/100|[from] Leech Seed|[of] p1a: Ferrothorn\n|-heal|p1a: Ferrothorn|68\/100|[silent]\n|upkeep\n|turn|14\n|\n|t:|1699680674\n|-weather|none\n|switch|p2a: Zygarde|Zygarde, shiny|88\/100\n|move|p1a: Ferrothorn|Stealth Rock|p2a: Zygarde\n|-sidestart|p2: siamsee|move: Stealth Rock\n|\n|-heal|p2a: Zygarde|94\/100|[from] item: Leftovers\n|-heal|p1a: Ferrothorn|75\/100|[from] item: Leftovers\n|upkeep\n|turn|15\n|\n|t:|1699680680\n|switch|p1a: Yveltal|Yveltal|100\/100\n|-ability|p1a: Yveltal|Dark Aura\n|move|p2a: Zygarde|Substitute|p2a: Zygarde\n|-start|p2a: Zygarde|Substitute\n|-damage|p2a: Zygarde|69\/100\n|\n|-heal|p2a: Zygarde|76\/100|[from] item: Leftovers\n|upkeep\n|turn|16\n|\n|t:|1699680688\n|move|p1a: Yveltal|Dark Pulse|p2a: Zygarde\n|-end|p2a: Zygarde|Substitute\n|move|p2a: Zygarde|Coil|p2a: Zygarde\n|-boost|p2a: Zygarde|atk|1\n|-boost|p2a: Zygarde|def|1\n|-boost|p2a: Zygarde|accuracy|1\n|\n|-heal|p2a: Zygarde|82\/100|[from] item: Leftovers\n|upkeep\n|turn|17\n|\n|t:|1699680701\n|-terastallize|p1a: Yveltal|Dark\n|move|p1a: Yveltal|Dark Pulse|p2a: Zygarde\n|-damage|p2a: Zygarde|16\/100\n|move|p2a: Zygarde|Thousand Arrows|p1a: Yveltal\n|-damage|p1a: Yveltal|47\/100\n|\n|-heal|p2a: Zygarde|23\/100|[from] item: Leftovers\n|-activate|p2a: Zygarde|ability: Power Construct\n|detailschange|p2a: Zygarde|Zygarde-Complete, shiny\n|-heal|p2a: Zygarde|49\/100|[silent]\n|upkeep\n|turn|18\n|\n|t:|1699680716\n|-terastallize|p2a: Zygarde|Normal\n|move|p2a: Zygarde|Extreme Speed|p1a: Yveltal\n|-damage|p1a: Yveltal|0 fnt\n|faint|p1a: Yveltal\n|\n|-heal|p2a: Zygarde|55\/100|[from] item: Leftovers\n|upkeep\n|\n|t:|1699680725\n|switch|p1a: Giratina|Giratina|100\/100\n|-ability|p1a: Giratina|Pressure\n|turn|19\n|\n|t:|1699680729\n|move|p1a: Giratina|Will-O-Wisp|p2a: Zygarde\n|-status|p2a: Zygarde|brn\n|move|p2a: Zygarde|Substitute|p2a: Zygarde\n|-start|p2a: Zygarde|Substitute\n|-damage|p2a: Zygarde|30\/100 brn\n|\n|-heal|p2a: Zygarde|37\/100 brn|[from] item: Leftovers\n|-damage|p2a: Zygarde|30\/100 brn|[from] brn\n|upkeep\n|turn|20\n|\n|t:|1699680738\n|switch|p1a: Ho-Oh|Ho-Oh|46\/100\n|move|p2a: Zygarde|Coil|p2a: Zygarde\n|-boost|p2a: Zygarde|atk|1\n|-boost|p2a: Zygarde|def|1\n|-boost|p2a: Zygarde|accuracy|1\n|\n|-heal|p2a: Zygarde|37\/100 brn|[from] item: Leftovers\n|-damage|p2a: Zygarde|30\/100 brn|[from] brn\n|upkeep\n|turn|21\n|\n|t:|1699680746\n|switch|p1a: Ferrothorn|Ferrothorn, M|75\/100\n|move|p2a: Zygarde|Thousand Arrows|p1a: Ferrothorn\n|-damage|p1a: Ferrothorn|44\/100\n|\n|-heal|p2a: Zygarde|37\/100 brn|[from] item: Leftovers\n|-heal|p1a: Ferrothorn|50\/100|[from] item: Leftovers\n|-damage|p2a: Zygarde|30\/100 brn|[from] brn\n|upkeep\n|turn|22\n|\n|t:|1699680750\n|switch|p1a: Ho-Oh|Ho-Oh|79\/100\n|move|p2a: Zygarde|Coil|p2a: Zygarde\n|-boost|p2a: Zygarde|atk|1\n|-boost|p2a: Zygarde|def|1\n|-boost|p2a: Zygarde|accuracy|1\n|\n|-heal|p2a: Zygarde|37\/100 brn|[from] item: Leftovers\n|-damage|p2a: Zygarde|30\/100 brn|[from] brn\n|upkeep\n|turn|23\n|\n|t:|1699680754\n|move|p2a: Zygarde|Thousand Arrows|p1a: Ho-Oh\n|-damage|p1a: Ho-Oh|29\/100\n|-start|p1a: Ho-Oh|Smack Down\n|move|p1a: Ho-Oh|Whirlwind|p2a: Zygarde\n|drag|p2a: Calyrex|Calyrex-Ice|100\/100\n|-ability|p2a: Calyrex|As One\n|-ability|p2a: Calyrex|Unnerve\n|-damage|p2a: Calyrex|75\/100|[from] Stealth Rock\n|\n|-heal|p2a: Calyrex|82\/100|[from] item: Leftovers\n|upkeep\n|turn|24\n|\n|t:|1699680771\n|switch|p1a: Zoroerk|Toxapex, F|100\/100\n|move|p2a: Calyrex|Trick Room|p2a: Calyrex\n|-fieldstart|move: Trick Room|[of] p2a: Calyrex\n|\n|-heal|p2a: Calyrex|88\/100|[from] item: Leftovers\n|upkeep\n|turn|25\n|\n|t:|1699680779\n|move|p1a: Zoroerk|Baneful Bunker|p1a: Zoroerk\n|-singleturn|p1a: Zoroerk|move: Protect\n|move|p2a: Calyrex|Glacial Lance|p1a: Zoroerk\n|-activate|p1a: Zoroerk|move: Protect\n|\n|-heal|p2a: Calyrex|94\/100|[from] item: Leftovers\n|upkeep\n|turn|26\n|\n|t:|1699680783\n|move|p2a: Calyrex|Glacial Lance|p1a: Zoroerk\n|-resisted|p1a: Zoroerk\n|-damage|p1a: Zoroerk|67\/100\n|move|p1a: Zoroerk|Infestation|p2a: Calyrex\n|-supereffective|p2a: Calyrex\n|-crit|p2a: Calyrex\n|-damage|p2a: Calyrex|87\/100\n|-activate|p2a: Calyrex|move: Infestation|[of] p1a: Zoroerk\n|\n|-heal|p2a: Calyrex|93\/100|[from] item: Leftovers\n|-damage|p2a: Calyrex|81\/100|[from] move: Infestation|[partiallytrapped]\n|upkeep\n|turn|27\n|\n|t:|1699680791\n|move|p1a: Zoroerk|Baneful Bunker|p1a: Zoroerk\n|-singleturn|p1a: Zoroerk|move: Protect\n|move|p2a: Calyrex|Glacial Lance|p1a: Zoroerk\n|-activate|p1a: Zoroerk|move: Protect\n|\n|-heal|p2a: Calyrex|87\/100|[from] item: Leftovers\n|-damage|p2a: Calyrex|75\/100|[from] move: Infestation|[partiallytrapped]\n|upkeep\n|turn|28\n|\n|t:|1699680798\n|move|p2a: Calyrex|High Horsepower|p1a: Zoroerk\n|-supereffective|p1a: Zoroerk\n|-damage|p1a: Zoroerk|1\/100\n|-damage|p2a: Calyrex|58\/100|[from] item: Rocky Helmet|[of] p1a: Zoroerk\n|move|p1a: Zoroerk|Recover|p1a: Zoroerk\n|-heal|p1a: Zoroerk|51\/100\n|\n|-heal|p2a: Calyrex|64\/100|[from] item: Leftovers\n|-damage|p2a: Calyrex|52\/100|[from] move: Infestation|[partiallytrapped]\n|-fieldend|move: Trick Room\n|upkeep\n|turn|29\n|\n|t:|1699680807\n|move|p1a: Zoroerk|Recover|p1a: Zoroerk\n|-heal|p1a: Zoroerk|100\/100\n|move|p2a: Calyrex|Glacial Lance|p1a: Zoroerk\n|-resisted|p1a: Zoroerk\n|-damage|p1a: Zoroerk|71\/100\n|\n|-heal|p2a: Calyrex|58\/100|[from] item: Leftovers\n|-damage|p2a: Calyrex|46\/100|[from] move: Infestation|[partiallytrapped]\n|upkeep\n|turn|30\n|\n|t:|1699680815\n|switch|p1a: Ho-Oh|Ho-Oh|63\/100\n|move|p2a: Calyrex|High Horsepower|p1a: Ho-Oh\n|-immune|p1a: Ho-Oh\n|\n|-heal|p2a: Calyrex|52\/100|[from] item: Leftovers\n|-end|p2a: Calyrex|Infestation|[partiallytrapped]\n|upkeep\n|turn|31\n|\n|t:|1699680820\n|move|p1a: Ho-Oh|Sacred Fire|p2a: Calyrex\n|-supereffective|p2a: Calyrex\n|-damage|p2a: Calyrex|0 fnt\n|faint|p2a: Calyrex\n|\n|upkeep\n|\n|t:|1699680831\n|switch|p2a: Kyogre|Kyogre-Primal, shiny|88\/100\n|-damage|p2a: Kyogre|76\/100|[from] Stealth Rock\n|-weather|PrimordialSea|[from] ability: Primordial Sea|[of] p2a: Kyogre\n|turn|32\n|\n|t:|1699680839\n|switch|p1a: Zoroerk|Toxapex, F|100\/100\n|move|p2a: Kyogre|Scald|p1a: Zoroerk\n|-resisted|p1a: Zoroerk\n|-damage|p1a: Zoroerk|70\/100\n|\n|-weather|PrimordialSea|[upkeep]\n|upkeep\n|turn|33\n|\n|t:|1699680845\n|switch|p1a: Ferrothorn|Ferrothorn, M|50\/100\n|move|p2a: Kyogre|Thunder|p1a: Ferrothorn\n|-resisted|p1a: Ferrothorn\n|-damage|p1a: Ferrothorn|33\/100\n|\n|-weather|PrimordialSea|[upkeep]\n|-heal|p1a: Ferrothorn|39\/100|[from] item: Leftovers\n|upkeep\n|turn|34\n|\n|t:|1699680849\n|move|p2a: Kyogre|Scald|p1a: Ferrothorn\n|-resisted|p1a: Ferrothorn\n|-damage|p1a: Ferrothorn|13\/100\n|move|p1a: Ferrothorn|Leech Seed|p2a: Kyogre|[miss]\n|-miss|p1a: Ferrothorn|p2a: Kyogre\n|\n|-weather|PrimordialSea|[upkeep]\n|-heal|p1a: Ferrothorn|19\/100|[from] item: Leftovers\n|upkeep\n|turn|35\n|\n|t:|1699680858\n|move|p1a: Ferrothorn|Protect|p1a: Ferrothorn\n|-singleturn|p1a: Ferrothorn|Protect\n|move|p2a: Kyogre|Scald|p1a: Ferrothorn\n|-activate|p1a: Ferrothorn|move: Protect\n|\n|-weather|PrimordialSea|[upkeep]\n|-heal|p1a: Ferrothorn|25\/100|[from] item: Leftovers\n|upkeep\n|turn|36\n|\n|t:|1699680865\n|move|p2a: Kyogre|Scald|p1a: Ferrothorn\n|-resisted|p1a: Ferrothorn\n|-damage|p1a: Ferrothorn|0 fnt\n|faint|p1a: Ferrothorn\n|\n|-weather|PrimordialSea|[upkeep]\n|upkeep\n|\n|t:|1699680877\n|switch|p1a: Eternatus|Eternatus|100\/100\n|-ability|p1a: Eternatus|Pressure\n|turn|37\n|\n|t:|1699680881\n|move|p1a: Eternatus|Cosmic Power|p1a: Eternatus\n|-boost|p1a: Eternatus|def|1\n|-boost|p1a: Eternatus|spd|1\n|move|p2a: Kyogre|Ice Beam|p1a: Eternatus\n|-supereffective|p1a: Eternatus\n|-damage|p1a: Eternatus|53\/100\n|\n|-weather|PrimordialSea|[upkeep]\n|-heal|p1a: Eternatus|60\/100|[from] item: Leftovers\n|upkeep\n|turn|38\n|\n|t:|1699680886\n|move|p1a: Eternatus|Cosmic Power|p1a: Eternatus\n|-boost|p1a: Eternatus|def|1\n|-boost|p1a: Eternatus|spd|1\n|move|p2a: Kyogre|Ice Beam|p1a: Eternatus\n|-supereffective|p1a: Eternatus\n|-damage|p1a: Eternatus|27\/100\n|\n|-weather|PrimordialSea|[upkeep]\n|-heal|p1a: Eternatus|34\/100|[from] item: Leftovers\n|upkeep\n|turn|39\n|\n|t:|1699680896\n|move|p1a: Eternatus|Recover|p1a: Eternatus\n|-heal|p1a: Eternatus|84\/100\n|move|p2a: Kyogre|Ice Beam|p1a: Eternatus\n|-supereffective|p1a: Eternatus\n|-damage|p1a: Eternatus|53\/100\n|\n|-weather|PrimordialSea|[upkeep]\n|-heal|p1a: Eternatus|60\/100|[from] item: Leftovers\n|upkeep\n|turn|40\n|\n|t:|1699680901\n|move|p1a: Eternatus|Toxic Spikes|p2a: Kyogre\n|-sidestart|p2: siamsee|move: Toxic Spikes\n|move|p2a: Kyogre|Ice Beam|p1a: Eternatus\n|-supereffective|p1a: Eternatus\n|-damage|p1a: Eternatus|27\/100\n|\n|-weather|PrimordialSea|[upkeep]\n|-heal|p1a: Eternatus|33\/100|[from] item: Leftovers\n|upkeep\n|turn|41\n|\n|t:|1699680907\n|move|p1a: Eternatus|Recover|p1a: Eternatus\n|-heal|p1a: Eternatus|83\/100\n|move|p2a: Kyogre|Ice Beam|p1a: Eternatus\n|-supereffective|p1a: Eternatus\n|-crit|p1a: Eternatus\n|-damage|p1a: Eternatus|0 fnt\n|faint|p1a: Eternatus\n|\n|-weather|PrimordialSea|[upkeep]\n|upkeep\n|\n|t:|1699680914\n|switch|p1a: Ho-Oh|Ho-Oh|96\/100\n|turn|42\n|\n|t:|1699680920\n|move|p1a: Ho-Oh|Toxic|p2a: Kyogre\n|-status|p2a: Kyogre|tox\n|move|p2a: Kyogre|Ice Beam|p1a: Ho-Oh\n|-damage|p1a: Ho-Oh|77\/100\n|\n|-weather|PrimordialSea|[upkeep]\n|-damage|p2a: Kyogre|70\/100 tox|[from] psn\n|upkeep\n|turn|43\n|\n|t:|1699680926\n|switch|p1a: Zoroerk|Toxapex, F|100\/100\n|move|p2a: Kyogre|Scald|p1a: Zoroerk\n|-resisted|p1a: Zoroerk\n|-damage|p1a: Zoroerk|75\/100\n|\n|-weather|PrimordialSea|[upkeep]\n|-damage|p2a: Kyogre|57\/100 tox|[from] psn\n|upkeep\n|turn|44\n|\n|t:|1699680930\n|switch|p1a: Ho-Oh|Ho-Oh|100\/100\n|move|p2a: Kyogre|Thunder|p1a: Ho-Oh\n|-supereffective|p1a: Ho-Oh\n|-crit|p1a: Ho-Oh\n|-damage|p1a: Ho-Oh|27\/100\n|-status|p1a: Ho-Oh|par\n|\n|-weather|PrimordialSea|[upkeep]\n|-damage|p2a: Kyogre|39\/100 tox|[from] psn\n|upkeep\n|turn|45\n|\n|t:|1699680936\n|switch|p1a: Giratina|Giratina|100\/100\n|-ability|p1a: Giratina|Pressure\n|move|p2a: Kyogre|Thunder|p1a: Giratina\n|-resisted|p1a: Giratina\n|-damage|p1a: Giratina|85\/100\n|\n|-weather|PrimordialSea|[upkeep]\n|-heal|p1a: Giratina|91\/100|[from] item: Leftovers\n|-damage|p2a: Kyogre|14\/100 tox|[from] psn\n|upkeep\n|turn|46\n|\n|t:|1699680945\n|switch|p1a: Zoroerk|Toxapex, F|100\/100\n|move|p2a: Kyogre|Ice Beam|p1a: Zoroerk\n|-resisted|p1a: Zoroerk\n|-damage|p1a: Zoroerk|86\/100\n|\n|-weather|PrimordialSea|[upkeep]\n|-damage|p2a: Kyogre|0 fnt|[from] psn\n|faint|p2a: Kyogre\n|-weather|none\n|upkeep\n|\n|t:|1699680950\n|switch|p2a: Necrozma|Necrozma-Dusk-Mane, shiny|100\/100\n|-damage|p2a: Necrozma|94\/100|[from] Stealth Rock\n|turn|47\n|\n|t:|1699680958\n|switch|p1a: Giratina|Giratina|91\/100\n|-ability|p1a: Giratina|Pressure\n|move|p2a: Necrozma|Photon Geyser|p1a: Giratina\n|-damage|p1a: Giratina|65\/100\n|\n|-heal|p1a: Giratina|71\/100|[from] item: Leftovers\n|upkeep\n|turn|48\n|\n|t:|1699680965\n|switch|p2a: Zygarde|Zygarde-Complete, shiny, tera:Normal|30\/100 brn\n|-damage|p2a: Zygarde|18\/100 brn|[from] Stealth Rock\n|move|p1a: Giratina|Will-O-Wisp|p2a: Zygarde\n|-fail|p2a: Zygarde|brn\n|\n|-heal|p1a: Giratina|77\/100|[from] item: Leftovers\n|-heal|p2a: Zygarde|24\/100 brn|[from] item: Leftovers\n|-damage|p2a: Zygarde|18\/100 brn|[from] brn\n|upkeep\n|turn|49\n|\n|t:|1699680973\n|switch|p1a: Ho-Oh|Ho-Oh|61\/100 par\n|move|p2a: Zygarde|Coil|p2a: Zygarde\n|-boost|p2a: Zygarde|atk|1\n|-boost|p2a: Zygarde|def|1\n|-boost|p2a: Zygarde|accuracy|1\n|\n|-heal|p2a: Zygarde|24\/100 brn|[from] item: Leftovers\n|-damage|p2a: Zygarde|18\/100 brn|[from] brn\n|upkeep\n|turn|50\n|\n|t:|1699680979\n|move|p2a: Zygarde|Thousand Arrows|p1a: Ho-Oh\n|-damage|p1a: Ho-Oh|31\/100 par\n|-start|p1a: Ho-Oh|Smack Down\n|cant|p1a: Ho-Oh|par\n|\n|-heal|p2a: Zygarde|24\/100 brn|[from] item: Leftovers\n|-damage|p2a: Zygarde|18\/100 brn|[from] brn\n|upkeep\n|turn|51\n|\n|t:|1699680988\n|switch|p1a: Giratina|Giratina|77\/100\n|-ability|p1a: Giratina|Pressure\n|move|p2a: Zygarde|Thousand Arrows|p1a: Giratina\n|-damage|p1a: Giratina|64\/100\n|\n|-heal|p1a: Giratina|70\/100|[from] item: Leftovers\n|-heal|p2a: Zygarde|24\/100 brn|[from] item: Leftovers\n|-damage|p2a: Zygarde|18\/100 brn|[from] brn\n|upkeep\n|turn|52\n|\n|t:|1699680995\n|switch|p1a: Ho-Oh|Ho-Oh|64\/100 par\n|move|p2a: Zygarde|Coil|p2a: Zygarde\n|-boost|p2a: Zygarde|atk|1\n|-boost|p2a: Zygarde|def|1\n|-boost|p2a: Zygarde|accuracy|1\n|\n|-heal|p2a: Zygarde|24\/100 brn|[from] item: Leftovers\n|-damage|p2a: Zygarde|18\/100 brn|[from] brn\n|upkeep\n|turn|53\n|\n|t:|1699680999\n|move|p2a: Zygarde|Thousand Arrows|p1a: Ho-Oh\n|-damage|p1a: Ho-Oh|23\/100 par\n|-start|p1a: Ho-Oh|Smack Down\n|move|p1a: Ho-Oh|Sacred Fire|p2a: Zygarde\n|-damage|p2a: Zygarde|8\/100 brn\n|\n|-heal|p2a: Zygarde|14\/100 brn|[from] item: Leftovers\n|-damage|p2a: Zygarde|8\/100 brn|[from] brn\n|upkeep\n|turn|54\n|\n|t:|1699681009\n|switch|p1a: Giratina|Giratina|70\/100\n|-ability|p1a: Giratina|Pressure\n|move|p2a: Zygarde|Thousand Arrows|p1a: Giratina\n|-damage|p1a: Giratina|52\/100\n|\n|-heal|p1a: Giratina|58\/100|[from] item: Leftovers\n|-heal|p2a: Zygarde|14\/100 brn|[from] item: Leftovers\n|-damage|p2a: Zygarde|8\/100 brn|[from] brn\n|upkeep\n|turn|55\n|\n|t:|1699681021\n|move|p1a: Giratina|Will-O-Wisp|p2a: Zygarde\n|-fail|p2a: Zygarde|brn\n|move|p2a: Zygarde|Coil|p2a: Zygarde\n|-boost|p2a: Zygarde|atk|1\n|-boost|p2a: Zygarde|def|1\n|-boost|p2a: Zygarde|accuracy|1\n|\n|-heal|p1a: Giratina|64\/100|[from] item: Leftovers\n|-heal|p2a: Zygarde|14\/100 brn|[from] item: Leftovers\n|-damage|p2a: Zygarde|8\/100 brn|[from] brn\n|upkeep\n|turn|56\n|\n|t:|1699681035\n|move|p1a: Giratina|Hex|p2a: Zygarde\n|-immune|p2a: Zygarde\n|move|p2a: Zygarde|Coil|p2a: Zygarde\n|-boost|p2a: Zygarde|atk|1\n|-boost|p2a: Zygarde|def|1\n|-boost|p2a: Zygarde|accuracy|1\n|\n|-heal|p1a: Giratina|70\/100|[from] item: Leftovers\n|-heal|p2a: Zygarde|14\/100 brn|[from] item: Leftovers\n|-damage|p2a: Zygarde|8\/100 brn|[from] brn\n|upkeep\n|turn|57\n|\n|t:|1699681041\n|switch|p1a: Ho-Oh|Ho-Oh|56\/100 par\n|move|p2a: Zygarde|Coil|p2a: Zygarde\n|-boost|p2a: Zygarde|atk|1\n|-boost|p2a: Zygarde|def|1\n|-boost|p2a: Zygarde|accuracy|1\n|\n|-heal|p2a: Zygarde|14\/100 brn|[from] item: Leftovers\n|-damage|p2a: Zygarde|8\/100 brn|[from] brn\n|upkeep\n|turn|58\n|\n|t:|1699681046\n|switch|p1a: Giratina|Giratina|70\/100\n|-ability|p1a: Giratina|Pressure\n|move|p2a: Zygarde|Thousand Arrows|p1a: Giratina\n|-damage|p1a: Giratina|36\/100\n|\n|-heal|p1a: Giratina|42\/100|[from] item: Leftovers\n|-heal|p2a: Zygarde|14\/100 brn|[from] item: Leftovers\n|-damage|p2a: Zygarde|8\/100 brn|[from] brn\n|upkeep\n|turn|59\n|\n|t:|1699681056\n|move|p1a: Giratina|Rest|p1a: Giratina\n|-status|p1a: Giratina|slp|[from] move: Rest\n|-heal|p1a: Giratina|100\/100 slp|[silent]\n|move|p2a: Zygarde|Coil|p2a: Zygarde\n|-boost|p2a: Zygarde|atk|1\n|-boost|p2a: Zygarde|def|1\n|-boost|p2a: Zygarde|accuracy|1\n|\n|-heal|p2a: Zygarde|14\/100 brn|[from] item: Leftovers\n|-damage|p2a: Zygarde|8\/100 brn|[from] brn\n|upkeep\n|turn|60\n|\n|t:|1699681063\n|cant|p1a: Giratina|slp\n|move|p2a: Zygarde|Thousand Arrows|p1a: Giratina\n|-damage|p1a: Giratina|62\/100 slp\n|\n|-heal|p1a: Giratina|68\/100 slp|[from] item: Leftovers\n|-heal|p2a: Zygarde|14\/100 brn|[from] item: Leftovers\n|-damage|p2a: Zygarde|8\/100 brn|[from] brn\n|upkeep\n|turn|61\n|\n|t:|1699681068\n|cant|p1a: Giratina|slp\n|move|p2a: Zygarde|Thousand Arrows|p1a: Giratina\n|-damage|p1a: Giratina|31\/100 slp\n|\n|-heal|p1a: Giratina|37\/100 slp|[from] item: Leftovers\n|-heal|p2a: Zygarde|14\/100 brn|[from] item: Leftovers\n|-damage|p2a: Zygarde|8\/100 brn|[from] brn\n|upkeep\n|turn|62\n|\n|t:|1699681088\n|switch|p2a: Arceus|Arceus, shiny|100\/100\n|-damage|p2a: Arceus|88\/100|[from] Stealth Rock\n|-status|p2a: Arceus|psn\n|-curestatus|p1a: Giratina|slp|[msg]\n|move|p1a: Giratina|Will-O-Wisp||[still]\n|-fail|p1a: Giratina\n|\n|-heal|p1a: Giratina|43\/100|[from] item: Leftovers\n|-damage|p2a: Arceus|76\/100 psn|[from] psn\n|upkeep\n|turn|63\n|\n|t:|1699681094\n|switch|p1a: Ho-Oh|Ho-Oh|89\/100 par\n|move|p2a: Arceus|Swords Dance|p2a: Arceus\n|-boost|p2a: Arceus|atk|2\n|\n|-damage|p2a: Arceus|63\/100 psn|[from] psn\n|upkeep\n|turn|64\n|\n|t:|1699681105\n|move|p2a: Arceus|Extreme Speed|p1a: Ho-Oh\n|-damage|p1a: Ho-Oh|7\/100 par\n|move|p1a: Ho-Oh|Whirlwind|p2a: Arceus\n|drag|p2a: Zygarde|Zygarde-Complete, shiny, tera:Normal|8\/100 brn\n|-damage|p2a: Zygarde|0 fnt|[from] Stealth Rock\n|faint|p2a: Zygarde\n|\n|upkeep\n|\n|t:|1699681116\n|switch|p2a: Arceus|Arceus, shiny|63\/100 psn\n|-damage|p2a: Arceus|51\/100 psn|[from] Stealth Rock\n|turn|65\n|\n|t:|1699681120\n|switch|p1a: Zoroerk|Toxapex, F|100\/100\n|move|p2a: Arceus|Swords Dance|p2a: Arceus\n|-boost|p2a: Arceus|atk|2\n|\n|-damage|p2a: Arceus|39\/100 psn|[from] psn\n|upkeep\n|turn|66\n|\n|t:|1699681124\n|move|p2a: Arceus|Earthquake|p1a: Zoroerk\n|-supereffective|p1a: Zoroerk\n|-damage|p1a: Zoroerk|0 fnt\n|faint|p1a: Zoroerk\n|\n|-damage|p2a: Arceus|26\/100 psn|[from] psn\n|upkeep\n|\n|t:|1699681126\n|switch|p1a: Giratina|Giratina|43\/100\n|-ability|p1a: Giratina|Pressure\n|turn|67\n|\n|t:|1699681131\n|move|p2a: Arceus|Shadow Claw|p1a: Giratina\n|-supereffective|p1a: Giratina\n|-crit|p1a: Giratina\n|-damage|p1a: Giratina|0 fnt\n|faint|p1a: Giratina\n|\n|-damage|p2a: Arceus|14\/100 psn|[from] psn\n|upkeep\n|-message|Helpnoname forfeited.\n|\n|win|siamsee\n|raw|Helpnoname's rating: 1576 &rarr; <strong>1558<\/strong><br \/>(-18 for losing)\n|raw|siamsee's rating: 1615 &rarr; <strong>1633<\/strong><br \/>(+18 for winning)\n|l|\u2606Helpnoname\n|l|\u2606siamsee\n","uploadtime":1699681282,"views":5,"p1id":"helpnoname","p2id":"siamsee","formatid":"gen9nationaldexubers","rating":1558,"private":0,"password":""}