{"id":"gen9nationaldexubers-1980645762","p1":"Aroma Nobody","p2":"XX_1nfinity_XX","format":"[Gen 9] National Dex Ubers","log":"|j|\u2606Aroma Nobody\n|j|\u2606XX_1nfinity_XX\n|t:|1698807206\n|gametype|singles\n|player|p1|Aroma Nobody|2|\n|player|p2|XX_1nfinity_XX|lucas|\n|teamsize|p1|6\n|teamsize|p2|6\n|gen|9\n|tier|[Gen 9] National Dex Ubers\n|rule|HP Percentage Mod: HP is shown in percentages\n|rule|Endless Battle Clause: Forcing endless battles is banned\n|rule|OHKO Clause: OHKO moves are banned\n|rule|Evasion Moves Clause: Evasion moves are banned\n|rule|Evasion Items Clause: Evasion items are banned\n|rule|Species Clause: Limit one of each Pok\u00e9mon\n|rule|Sleep Clause Mod: Limit one foe put to sleep\n|rule|Mega Rayquaza Clause: You cannot mega evolve Rayquaza\n|clearpoke\n|poke|p1|Blacephalon|\n|poke|p1|Celesteela|\n|poke|p1|Buzzwole|\n|poke|p1|Nihilego|\n|poke|p1|Xurkitree|\n|poke|p1|Kartana|\n|poke|p2|Ceruledge, M|\n|poke|p2|Flutter Mane|\n|poke|p2|Sableye, F|\n|poke|p2|Torkoal, F|\n|poke|p2|Sinistcha|\n|poke|p2|Typhlosion-Hisui, F|\n|teampreview\n|inactive|Battle timer is ON: inactive players will automatically lose when time's up. (requested by XX_1nfinity_XX)\n|c|\u2606XX_1nfinity_XX|hmmm\n|c|\u2606Aroma Nobody|glhf\n|c|\u2606XX_1nfinity_XX|your team looks week to flutter mane\n|c|\u2606XX_1nfinity_XX|glhf\n|inactive|Aroma Nobody has 270 seconds left.\n|c|\u2606XX_1nfinity_XX|weak*\n|\n|t:|1698807249\n|start\n|switch|p1a: Nihilego|Nihilego|100\/100\n|switch|p2a: Torkoal|Torkoal, F|100\/100\n|-weather|SunnyDay|[from] ability: Drought|[of] p2a: Torkoal\n|turn|1\n|\n|t:|1698807256\n|switch|p2a: Sableye|Sableye, F|100\/100\n|move|p1a: Nihilego|Meteor Beam||[still]\n|-prepare|p1a: Nihilego|Meteor Beam\n|-boost|p1a: Nihilego|spa|1\n|-enditem|p1a: Nihilego|Power Herb\n|-anim|p1a: Nihilego|Meteor Beam|p2a: Sableye\n|-crit|p2a: Sableye\n|-damage|p2a: Sableye|0 fnt\n|faint|p2a: Sableye\n|-ability|p1a: Nihilego|Beast Boost|boost\n|-boost|p1a: Nihilego|spe|1\n|\n|-weather|SunnyDay|[upkeep]\n|upkeep\n|c|\u2606XX_1nfinity_XX|noooo\n|c|\u2606Aroma Nobody|sup\n|\n|t:|1698807266\n|switch|p2a: Flutter Mane|Flutter Mane|100\/100\n|-activate|p2a: Flutter Mane|ability: Protosynthesis\n|-start|p2a: Flutter Mane|protosynthesisspe\n|turn|2\n|\n|t:|1698807278\n|move|p2a: Flutter Mane|Shadow Ball|p1a: Nihilego\n|-damage|p1a: Nihilego|51\/100\n|-unboost|p1a: Nihilego|spd|1\n|move|p1a: Nihilego|Sludge Wave|p2a: Flutter Mane\n|-damage|p2a: Flutter Mane|28\/100\n|-status|p2a: Flutter Mane|psn\n|\n|-weather|SunnyDay|[upkeep]\n|-damage|p2a: Flutter Mane|16\/100 psn|[from] psn\n|upkeep\n|turn|3\n|\n|t:|1698807288\n|-end|p2a: Flutter Mane|Protosynthesis|[silent]\n|switch|p2a: Typhlosion|Typhlosion-Hisui, F|100\/100\n|move|p1a: Nihilego|Sludge Wave|p2a: Typhlosion\n|-resisted|p2a: Typhlosion\n|-damage|p2a: Typhlosion|52\/100\n|\n|-weather|SunnyDay|[upkeep]\n|upkeep\n|turn|4\n|\n|t:|1698807292\n|move|p1a: Nihilego|Sludge Wave|p2a: Typhlosion\n|-resisted|p2a: Typhlosion\n|-damage|p2a: Typhlosion|6\/100\n|move|p2a: Typhlosion|Solar Beam||[still]\n|-prepare|p2a: Typhlosion|Solar Beam\n|-anim|p2a: Typhlosion|Solar Beam|p1a: Nihilego\n|-damage|p1a: Nihilego|7\/100\n|\n|-weather|SunnyDay|[upkeep]\n|upkeep\n|turn|5\n|\n|t:|1698807296\n|move|p1a: Nihilego|Sludge Wave|p2a: Typhlosion\n|-resisted|p2a: Typhlosion\n|-damage|p2a: Typhlosion|0 fnt\n|faint|p2a: Typhlosion\n|-ability|p1a: Nihilego|Beast Boost|boost\n|-boost|p1a: Nihilego|spe|1\n|\n|-weather|SunnyDay|[upkeep]\n|upkeep\n|\n|t:|1698807298\n|switch|p2a: Ceruledge|Ceruledge, M|100\/100\n|turn|6\n|\n|t:|1698807301\n|move|p2a: Ceruledge|Shadow Sneak|p1a: Nihilego\n|-damage|p1a: Nihilego|0 fnt\n|faint|p1a: Nihilego\n|\n|-weather|SunnyDay|[upkeep]\n|upkeep\n|\n|t:|1698807319\n|switch|p1a: Blacephalon|Blacephalon|100\/100\n|turn|7\n|\n|t:|1698807325\n|move|p1a: Blacephalon|Shadow Ball|p2a: Ceruledge\n|-supereffective|p2a: Ceruledge\n|-damage|p2a: Ceruledge|1\/100\n|move|p2a: Ceruledge|Poltergeist|p1a: Blacephalon|[miss]\n|-miss|p2a: Ceruledge|p1a: Blacephalon\n|\n|-weather|SunnyDay|[upkeep]\n|upkeep\n|turn|8\n|\n|t:|1698807331\n|move|p2a: Ceruledge|Shadow Sneak|p1a: Blacephalon\n|-supereffective|p1a: Blacephalon\n|-damage|p1a: Blacephalon|15\/100\n|move|p1a: Blacephalon|Shadow Ball|p2a: Ceruledge\n|-supereffective|p2a: Ceruledge\n|-damage|p2a: Ceruledge|0 fnt\n|faint|p2a: Ceruledge\n|-ability|p1a: Blacephalon|Beast Boost|boost\n|-boost|p1a: Blacephalon|spa|1\n|\n|-weather|none\n|upkeep\n|c|\u2606XX_1nfinity_XX|bruh\n|c|\u2606Aroma Nobody|the hidden sash for the hidden miss I guess\n|c|\u2606XX_1nfinity_XX|why am i getting soo unlucky\n|\n|t:|1698807357\n|switch|p2a: Flutter Mane|Flutter Mane|16\/100 psn\n|turn|9\n|\n|t:|1698807372\n|move|p1a: Blacephalon|Shadow Ball|p2a: Flutter Mane\n|-supereffective|p2a: Flutter Mane\n|-damage|p2a: Flutter Mane|0 fnt\n|faint|p2a: Flutter Mane\n|-end|p2a: Flutter Mane|Protosynthesis|[silent]\n|-ability|p1a: Blacephalon|Beast Boost|boost\n|-boost|p1a: Blacephalon|spa|1\n|\n|upkeep\n|c|\u2606XX_1nfinity_XX|ohh frick forgot\n|\n|t:|1698807383\n|switch|p2a: Torkoal|Torkoal, F|100\/100\n|-weather|SunnyDay|[from] ability: Drought|[of] p2a: Torkoal\n|turn|10\n|c|\u2606Aroma Nobody|scerf\n|\n|t:|1698807387\n|move|p1a: Blacephalon|Shadow Ball|p2a: Torkoal\n|-damage|p2a: Torkoal|0 fnt\n|faint|p2a: Torkoal\n|-ability|p1a: Blacephalon|Beast Boost|boost\n|-boost|p1a: Blacephalon|spa|1\n|\n|-weather|SunnyDay|[upkeep]\n|upkeep\n|\n|t:|1698807389\n|switch|p2a: Sinistcha|Sinistcha|100\/100\n|turn|11\n|\n|t:|1698807395\n|-terastallize|p2a: Sinistcha|Grass\n|move|p1a: Blacephalon|Shadow Ball|p2a: Sinistcha\n|-damage|p2a: Sinistcha|0 fnt\n|faint|p2a: Sinistcha\n|\n|win|Aroma Nobody\n|l|\u2606XX_1nfinity_XX\n|c|\u2606Aroma Nobody|btw, you living that with ceruledge was like a 4% chance\n","uploadtime":1698807402,"views":10,"p1id":"aromanobody","p2id":"xx1nfinityxx","formatid":"gen9nationaldexubers","rating":0,"private":0,"password":""}