{"id":"gen9nationaldexubers-1977857665","p1":"Minior God Complex","p2":"i am no long","format":"[Gen 9] National Dex Ubers","log":"|j|\u2606Minior God Complex\n|j|\u2606i am no long\n|t:|1698458204\n|gametype|singles\n|player|p1|Minior God Complex|bellelba|1307\n|player|p2|i am no long|elio|1372\n|teamsize|p1|6\n|teamsize|p2|6\n|gen|9\n|tier|[Gen 9] National Dex Ubers\n|rated|\n|rule|HP Percentage Mod: HP is shown in percentages\n|rule|Endless Battle Clause: Forcing endless battles is banned\n|rule|OHKO Clause: OHKO moves are banned\n|rule|Evasion Moves Clause: Evasion moves are banned\n|rule|Evasion Items Clause: Evasion items are banned\n|rule|Species Clause: Limit one of each Pok\u00e9mon\n|rule|Sleep Clause Mod: Limit one foe put to sleep\n|rule|Mega Rayquaza Clause: You cannot mega evolve Rayquaza\n|clearpoke\n|poke|p1|Dracovish|\n|poke|p1|Annihilape, F|\n|poke|p1|Kyogre|\n|poke|p1|Mewtwo|\n|poke|p1|Slurpuff, M|\n|poke|p1|Naganadel|\n|poke|p2|Dracovish|\n|poke|p2|Kyogre|\n|poke|p2|Landorus, M|\n|poke|p2|Ribombee, M|\n|poke|p2|Zacian-*|\n|poke|p2|Genesect|\n|teampreview\n|inactive|Battle timer is ON: inactive players will automatically lose when time's up. (requested by Minior God Complex)\n|c|\u2606i am no long|glhf\n|c|\u2606Minior God Complex|u2\n|\n|t:|1698458221\n|start\n|switch|p1a: Slurpuff|Slurpuff, M|100\/100\n|switch|p2a: Landorus|Landorus, M|100\/100\n|turn|1\n|\n|t:|1698458225\n|move|p2a: Landorus|Sludge Wave|p1a: Slurpuff\n|-supereffective|p1a: Slurpuff\n|-damage|p1a: Slurpuff|0 fnt\n|faint|p1a: Slurpuff\n|\n|upkeep\n|\n|t:|1698458236\n|switch|p1a: Mr. Fish|Dracovish|100\/100\n|turn|2\n|\n|t:|1698458242\n|switch|p2a: Dracovish|Dracovish|100\/100\n|move|p1a: Mr. Fish|Fishious Rend|p2a: Dracovish\n|-resisted|p2a: Dracovish\n|-damage|p2a: Dracovish|72\/100\n|\n|upkeep\n|turn|3\n|\n|t:|1698458250\n|switch|p1a: Psythicc|Mewtwo|100\/100\n|-ability|p1a: Psythicc|Pressure\n|switch|p2a: Ribombee|Ribombee, M|100\/100\n|\n|upkeep\n|turn|4\n|\n|t:|1698458256\n|detailschange|p1a: Psythicc|Mewtwo-Mega-Y\n|-mega|p1a: Psythicc|Mewtwo|Mewtwonite Y\n|move|p1a: Psythicc|Flamethrower|p2a: Ribombee\n|-supereffective|p2a: Ribombee\n|-enditem|p2a: Ribombee|Focus Sash\n|-damage|p2a: Ribombee|1\/100\n|move|p2a: Ribombee|Sticky Web|p1a: Psythicc\n|-sidestart|p1: Minior God Complex|move: Sticky Web\n|\n|upkeep\n|turn|5\n|\n|t:|1698458264\n|move|p1a: Psythicc|Flamethrower|p2a: Ribombee\n|-supereffective|p2a: Ribombee\n|-damage|p2a: Ribombee|0 fnt\n|faint|p2a: Ribombee\n|\n|upkeep\n|\n|t:|1698458269\n|switch|p2a: Zacian|Zacian-Crowned|100\/100\n|-ability|p2a: Zacian|Intrepid Sword|boost\n|-boost|p2a: Zacian|atk|1\n|turn|6\n|\n|t:|1698458274\n|switch|p1a: Drip too heavy|Kyogre|100\/100\n|-activate|p1a: Drip too heavy|move: Sticky Web\n|-unboost|p1a: Drip too heavy|spe|1\n|detailschange|p1a: Drip too heavy|Kyogre-Primal\n|-primal|p1a: Drip too heavy|Blue Orb\n|-weather|PrimordialSea|[from] ability: Primordial Sea|[of] p1a: Drip too heavy\n|move|p2a: Zacian|Behemoth Blade|p1a: Drip too heavy\n|-resisted|p1a: Drip too heavy\n|-damage|p1a: Drip too heavy|63\/100\n|\n|-weather|PrimordialSea|[upkeep]\n|upkeep\n|turn|7\n|\n|t:|1698458285\n|move|p2a: Zacian|Wild Charge|p1a: Drip too heavy\n|-supereffective|p1a: Drip too heavy\n|-damage|p1a: Drip too heavy|0 fnt\n|faint|p1a: Drip too heavy\n|-weather|none\n|-damage|p2a: Zacian|81\/100|[from] Recoil\n|\n|upkeep\n|\n|t:|1698458299\n|switch|p1a: Saitama|Annihilape, F|100\/100\n|-activate|p1a: Saitama|move: Sticky Web\n|-unboost|p1a: Saitama|spe|1\n|-ability|p1a: Saitama|Defiant|boost\n|-boost|p1a: Saitama|atk|2\n|turn|8\n|\n|t:|1698458306\n|switch|p2a: Dracovish|Dracovish|72\/100\n|move|p1a: Saitama|Earthquake|p2a: Dracovish\n|-damage|p2a: Dracovish|18\/100\n|\n|upkeep\n|turn|9\n|\n|t:|1698458312\n|move|p2a: Dracovish|Fishious Rend|p1a: Saitama\n|-crit|p1a: Saitama\n|-damage|p1a: Saitama|0 fnt\n|faint|p1a: Saitama\n|\n|upkeep\n|\n|t:|1698458315\n|switch|p1a: Mr. Fish|Dracovish|100\/100\n|-activate|p1a: Mr. Fish|move: Sticky Web\n|-unboost|p1a: Mr. Fish|spe|1\n|turn|10\n|\n|t:|1698458320\n|move|p2a: Dracovish|Fishious Rend|p1a: Mr. Fish\n|-resisted|p1a: Mr. Fish\n|-damage|p1a: Mr. Fish|71\/100\n|move|p1a: Mr. Fish|Fishious Rend|p2a: Dracovish\n|-resisted|p2a: Dracovish\n|-damage|p2a: Dracovish|3\/100\n|\n|upkeep\n|turn|11\n|\n|t:|1698458323\n|move|p2a: Dracovish|Fishious Rend|p1a: Mr. Fish\n|-resisted|p1a: Mr. Fish\n|-damage|p1a: Mr. Fish|42\/100\n|move|p1a: Mr. Fish|Fishious Rend|p2a: Dracovish\n|-resisted|p2a: Dracovish\n|-damage|p2a: Dracovish|0 fnt\n|faint|p2a: Dracovish\n|\n|upkeep\n|\n|t:|1698458326\n|switch|p2a: Zacian|Zacian-Crowned|81\/100\n|turn|12\n|\n|t:|1698458329\n|move|p2a: Zacian|Close Combat|p1a: Mr. Fish\n|-damage|p1a: Mr. Fish|0 fnt\n|-unboost|p2a: Zacian|def|1\n|-unboost|p2a: Zacian|spd|1\n|faint|p1a: Mr. Fish\n|\n|upkeep\n|\n|t:|1698458334\n|switch|p1a: Psythicc|Mewtwo-Mega-Y|100\/100\n|-activate|p1a: Psythicc|move: Sticky Web\n|-unboost|p1a: Psythicc|spe|1\n|turn|13\n|\n|t:|1698458337\n|move|p2a: Zacian|Behemoth Blade|p1a: Psythicc\n|-crit|p1a: Psythicc\n|-damage|p1a: Psythicc|0 fnt\n|faint|p1a: Psythicc\n|\n|upkeep\n|\n|t:|1698458341\n|switch|p1a: Naganadel|Naganadel|100\/100\n|-activate|p1a: Naganadel|move: Sticky Web\n|-unboost|p1a: Naganadel|spe|1\n|turn|14\n|\n|t:|1698458355\n|-terastallize|p1a: Naganadel|Poison\n|move|p2a: Zacian|Behemoth Blade|p1a: Naganadel\n|-damage|p1a: Naganadel|18\/100\n|move|p1a: Naganadel|Thunderbolt|p2a: Zacian\n|-damage|p2a: Zacian|18\/100\n|\n|upkeep\n|turn|15\n|\n|t:|1698458366\n|move|p2a: Zacian|Behemoth Blade|p1a: Naganadel\n|-damage|p1a: Naganadel|0 fnt\n|faint|p1a: Naganadel\n|\n|win|i am no long\n|raw|Minior God Complex's rating: 1307 &rarr; <strong>1291<\/strong><br \/>(-16 for losing)\n|raw|i am no long's rating: 1372 &rarr; <strong>1388<\/strong><br \/>(+16 for winning)\n|l|\u2606Minior God Complex\n|c|\u2606i am no long|Gg\n","uploadtime":1698458618,"views":12,"p1id":"miniorgodcomplex","p2id":"iamnolong","formatid":"gen9nationaldexubers","rating":1291,"private":0,"password":""}