{"id":"gen9nationaldexubers-1986463507","p1":"wsgjah","p2":"Hazervex2.0","format":"[Gen 9] National Dex Ubers","log":"|j|\u2606wsgjah\n|j|\u2606Hazervex2.0\n|t:|1699481655\n|gametype|singles\n|player|p1|wsgjah|roxie|1217\n|player|p2|Hazervex2.0|giovanni|1393\n|teamsize|p1|6\n|teamsize|p2|6\n|gen|9\n|tier|[Gen 9] National Dex Ubers\n|rated|\n|rule|HP Percentage Mod: HP is shown in percentages\n|rule|Endless Battle Clause: Forcing endless battles is banned\n|rule|OHKO Clause: OHKO moves are banned\n|rule|Evasion Moves Clause: Evasion moves are banned\n|rule|Evasion Items Clause: Evasion items are banned\n|rule|Species Clause: Limit one of each Pok\u00e9mon\n|rule|Sleep Clause Mod: Limit one foe put to sleep\n|rule|Mega Rayquaza Clause: You cannot mega evolve Rayquaza\n|clearpoke\n|poke|p1|Melmetal|\n|poke|p1|Kyogre|\n|poke|p1|Pyukumuku, F|\n|poke|p1|Necrozma-Dusk-Mane|\n|poke|p1|Galvantula, F|\n|poke|p1|Hitmonlee, M|\n|poke|p2|Garchomp, M|\n|poke|p2|Tatsugiri, M|\n|poke|p2|Dragapult, M|\n|poke|p2|Dracovish|\n|poke|p2|Salamence, M|\n|poke|p2|Roaring Moon|\n|teampreview\n|c|\u2606wsgjah|yo\n|inactive|Battle timer is ON: inactive players will automatically lose when time's up. (requested by Hazervex2.0)\n|c|\u2606Hazervex2.0|hi!\n|\n|t:|1699481678\n|start\n|switch|p1a: Galvantula|Galvantula, F|100\/100\n|switch|p2a: Garchomp|Garchomp, M|100\/100\n|turn|1\n|\n|t:|1699481685\n|switch|p2a: Dracovish|Dracovish|100\/100\n|move|p1a: Galvantula|Sticky Web|p2a: Dracovish\n|-sidestart|p2: Hazervex2.0|move: Sticky Web\n|\n|upkeep\n|turn|2\n|\n|t:|1699481694\n|-terastallize|p2a: Dracovish|Water\n|move|p2a: Dracovish|Fishious Rend|p1a: Galvantula\n|-enditem|p1a: Galvantula|Focus Sash\n|-damage|p1a: Galvantula|1\/100\n|move|p1a: Galvantula|String Shot|p2a: Dracovish\n|-unboost|p2a: Dracovish|spe|2\n|\n|upkeep\n|turn|3\n|\n|t:|1699481705\n|switch|p2a: Tatsugiri|Tatsugiri, M|100\/100\n|-activate|p2a: Tatsugiri|move: Sticky Web\n|-unboost|p2a: Tatsugiri|spe|1\n|move|p1a: Galvantula|Thunder Wave|p2a: Tatsugiri\n|-status|p2a: Tatsugiri|par\n|\n|upkeep\n|turn|4\n|\n|t:|1699481715\n|move|p1a: Galvantula|Screech|p2a: Tatsugiri\n|-unboost|p2a: Tatsugiri|def|2\n|move|p2a: Tatsugiri|Rapid Spin|p1a: Galvantula\n|-damage|p1a: Galvantula|0 fnt\n|-boost|p2a: Tatsugiri|spe|1\n|-sideend|p2: Hazervex2.0|Sticky Web|[from] move: Rapid Spin|[of] p2a: Tatsugiri\n|faint|p1a: Galvantula\n|\n|upkeep\n|c|\u2606wsgjah|forgot he learned that NGL\n|inactive|wsgjah has 120 seconds left.\n|\n|t:|1699481750\n|switch|p1a: Kyogre|Kyogre|100\/100\n|detailschange|p1a: Kyogre|Kyogre-Primal\n|-primal|p1a: Kyogre|Blue Orb\n|-weather|PrimordialSea|[from] ability: Primordial Sea|[of] p1a: Kyogre\n|turn|5\n|inactive|Hazervex2.0 has 120 seconds left.\n|c|\u2606wsgjah|should para haxed your dracovish\n|c|\u2606wsgjah|oh well\n|\n|t:|1699481793\n|move|p1a: Kyogre|Thunder|p2a: Tatsugiri\n|-damage|p2a: Tatsugiri|37\/100 par\n|move|p2a: Tatsugiri|Rapid Spin|p1a: Kyogre\n|-damage|p1a: Kyogre|94\/100\n|-boost|p2a: Tatsugiri|spe|1\n|\n|-weather|PrimordialSea|[upkeep]\n|upkeep\n|turn|6\n|inactive|Hazervex2.0 has 90 seconds left.\n|c|\u2606Hazervex2.0|yeah, vish is very problematic\n|\n|t:|1699481829\n|move|p2a: Tatsugiri|Rapid Spin|p1a: Kyogre\n|-damage|p1a: Kyogre|88\/100\n|-boost|p2a: Tatsugiri|spe|1\n|move|p1a: Kyogre|Thunder|p2a: Tatsugiri\n|-damage|p2a: Tatsugiri|0 fnt\n|faint|p2a: Tatsugiri\n|\n|-weather|PrimordialSea|[upkeep]\n|upkeep\n|c|\u2606Hazervex2.0|broken signature move\n|\n|t:|1699481851\n|switch|p2a: Dragapult|Dragapult, M|100\/100\n|turn|7\n|c|\u2606wsgjah|i think i got it still\n|\n|t:|1699481857\n|move|p2a: Dragapult|Draco Meteor|p1a: Kyogre|[miss]\n|-miss|p2a: Dragapult|p1a: Kyogre\n|move|p1a: Kyogre|Ice Beam|p2a: Dragapult\n|-supereffective|p2a: Dragapult\n|-crit|p2a: Dragapult\n|-damage|p2a: Dragapult|0 fnt\n|faint|p2a: Dragapult\n|\n|-weather|PrimordialSea|[upkeep]\n|upkeep\n|c|\u2606wsgjah|oof\n|\n|t:|1699481867\n|switch|p2a: Roaring Moon|Roaring Moon|100\/100\n|turn|8\n|\n|t:|1699481873\n|move|p2a: Roaring Moon|Outrage|p1a: Kyogre\n|-damage|p1a: Kyogre|14\/100\n|move|p1a: Kyogre|Ice Beam|p2a: Roaring Moon\n|-supereffective|p2a: Roaring Moon\n|-damage|p2a: Roaring Moon|25\/100\n|-status|p2a: Roaring Moon|frz\n|\n|-weather|PrimordialSea|[upkeep]\n|upkeep\n|turn|9\n|inactive|Hazervex2.0 has 90 seconds left.\n|\n|t:|1699481883\n|cant|p2a: Roaring Moon|frz\n|move|p1a: Kyogre|Ice Beam|p2a: Roaring Moon\n|-supereffective|p2a: Roaring Moon\n|-damage|p2a: Roaring Moon|0 fnt\n|faint|p2a: Roaring Moon\n|-end|p2a: Roaring Moon|Protosynthesis|[silent]\n|\n|-weather|PrimordialSea|[upkeep]\n|upkeep\n|inactive|Hazervex2.0 has 90 seconds left.\n|\n|t:|1699481889\n|switch|p2a: Dracovish|Dracovish, tera:Water|100\/100\n|turn|10\n|c|\u2606wsgjah|rng is really on my side rn\n|inactive|Hazervex2.0 has 90 seconds left.\n|\n|t:|1699481902\n|move|p2a: Dracovish|Fishious Rend|p1a: Kyogre\n|-resisted|p1a: Kyogre\n|-damage|p1a: Kyogre|0 fnt\n|faint|p1a: Kyogre\n|-weather|none\n|\n|upkeep\n|c|\u2606Hazervex2.0|here we go\n|\n|t:|1699481913\n|switch|p1a: Hitmonlee|Hitmonlee, M|100\/100\n|turn|11\n|\n|t:|1699481921\n|switch|p2a: Garchomp|Garchomp, M|100\/100\n|move|p1a: Hitmonlee|Endure||[still]\n|-fail|p1a: Hitmonlee\n|\n|upkeep\n|turn|12\n|inactive|Hazervex2.0 has 90 seconds left.\n|c|\u2606Hazervex2.0|i knew it, reversal set\n|\n|t:|1699481950\n|switch|p1a: Pyukumuku|Pyukumuku, F|100\/100\n|move|p2a: Garchomp|Toxic|p1a: Pyukumuku\n|-status|p1a: Pyukumuku|tox\n|\n|-damage|p1a: Pyukumuku|94\/100 tox|[from] psn\n|upkeep\n|turn|13\n|inactive|Hazervex2.0 has 90 seconds left.\n|\n|t:|1699481956\n|move|p2a: Garchomp|Stealth Rock|p1a: Pyukumuku\n|-sidestart|p1: wsgjah|move: Stealth Rock\n|move|p1a: Pyukumuku|Toxic|p2a: Garchomp\n|-status|p2a: Garchomp|tox\n|\n|-heal|p1a: Pyukumuku|100\/100 tox|[from] item: Leftovers\n|-damage|p2a: Garchomp|94\/100 tox|[from] psn\n|-damage|p1a: Pyukumuku|88\/100 tox|[from] psn\n|upkeep\n|turn|14\n|\n|t:|1699481965\n|move|p2a: Garchomp|Earthquake|p1a: Pyukumuku\n|-damage|p1a: Pyukumuku|53\/100 tox\n|move|p1a: Pyukumuku|Reflect|p1a: Pyukumuku\n|-sidestart|p1: wsgjah|Reflect\n|\n|-heal|p1a: Pyukumuku|59\/100 tox|[from] item: Leftovers\n|-damage|p2a: Garchomp|82\/100 tox|[from] psn\n|-damage|p1a: Pyukumuku|41\/100 tox|[from] psn\n|upkeep\n|turn|15\n|\n|t:|1699481974\n|move|p2a: Garchomp|Earthquake|p1a: Pyukumuku\n|-damage|p1a: Pyukumuku|23\/100 tox\n|move|p1a: Pyukumuku|Recover|p1a: Pyukumuku\n|-heal|p1a: Pyukumuku|73\/100 tox\n|\n|-heal|p1a: Pyukumuku|79\/100 tox|[from] item: Leftovers\n|-damage|p2a: Garchomp|63\/100 tox|[from] psn\n|-damage|p1a: Pyukumuku|55\/100 tox|[from] psn\n|upkeep\n|turn|16\n|\n|t:|1699481993\n|switch|p1a: Melmetal|Melmetal|100\/100\n|-damage|p1a: Melmetal|94\/100|[from] Stealth Rock\n|move|p2a: Garchomp|Earthquake|p1a: Melmetal\n|-supereffective|p1a: Melmetal\n|-damage|p1a: Melmetal|73\/100\n|\n|-damage|p2a: Garchomp|39\/100 tox|[from] psn\n|upkeep\n|turn|17\n|\n|t:|1699482002\n|-terastallize|p1a: Melmetal|Flying\n|move|p2a: Garchomp|Earthquake|p1a: Melmetal\n|-immune|p1a: Melmetal\n|move|p1a: Melmetal|Ice Punch|p2a: Garchomp\n|-supereffective|p2a: Garchomp\n|-damage|p2a: Garchomp|0 fnt\n|-damage|p1a: Melmetal|60\/100|[from] ability: Rough Skin|[of] p2a: Garchomp\n|-damage|p1a: Melmetal|44\/100|[from] item: Rocky Helmet|[of] p2a: Garchomp\n|faint|p2a: Garchomp\n|\n|upkeep\n|\n|t:|1699482014\n|switch|p2a: Salamence|Salamence, M|100\/100\n|-ability|p2a: Salamence|Intimidate|boost\n|-unboost|p1a: Melmetal|atk|1\n|turn|18\n|\n|t:|1699482022\n|detailschange|p2a: Salamence|Salamence-Mega, M\n|-mega|p2a: Salamence|Salamence|Salamencite\n|move|p2a: Salamence|Double-Edge|p1a: Melmetal\n|-damage|p1a: Melmetal|20\/100\n|-damage|p2a: Salamence|89\/100|[from] Recoil\n|move|p1a: Melmetal|Ice Punch|p2a: Salamence\n|-supereffective|p2a: Salamence\n|-damage|p2a: Salamence|6\/100\n|\n|-sideend|p1: wsgjah|Reflect\n|upkeep\n|turn|19\n|\n|t:|1699482033\n|move|p2a: Salamence|Double-Edge|p1a: Melmetal\n|-damage|p1a: Melmetal|0 fnt\n|faint|p1a: Melmetal\n|-damage|p2a: Salamence|0 fnt|[from] Recoil\n|faint|p2a: Salamence\n|\n|upkeep\n|inactive|Hazervex2.0 has 120 seconds left.\n|\n|t:|1699482041\n|switch|p2a: Dracovish|Dracovish, tera:Water|100\/100\n|switch|p1a: Hitmonlee|Hitmonlee, M|100\/100\n|-damage|p1a: Hitmonlee|94\/100|[from] Stealth Rock\n|turn|20\n|\n|t:|1699482047\n|move|p1a: Hitmonlee|Endure|p1a: Hitmonlee\n|-singleturn|p1a: Hitmonlee|move: Endure\n|move|p2a: Dracovish|Fishious Rend|p1a: Hitmonlee\n|-activate|p1a: Hitmonlee|move: Endure\n|-damage|p1a: Hitmonlee|1\/100\n|-enditem|p1a: Hitmonlee|Liechi Berry|[eat]\n|-boost|p1a: Hitmonlee|atk|1|[from] item: Liechi Berry\n|\n|upkeep\n|turn|21\n|c|\u2606Hazervex2.0|gg i guess\n|inactive|Hazervex2.0 has 120 seconds left.\n|\n|t:|1699482062\n|move|p1a: Hitmonlee|Reversal|p2a: Dracovish\n|-damage|p2a: Dracovish|0 fnt\n|faint|p2a: Dracovish\n|\n|win|wsgjah\n|raw|wsgjah's rating: 1217 &rarr; <strong>1254<\/strong><br \/>(+37 for winning)\n|raw|Hazervex2.0's rating: 1393 &rarr; <strong>1364<\/strong><br \/>(-29 for losing)\n|c|\u2606wsgjah|ggs\n|c|\u2606wsgjah|wp\n","uploadtime":1699482080,"views":5,"p1id":"wsgjah","p2id":"hazervex20","formatid":"gen9nationaldexubers","rating":1254,"private":0,"password":""}