{"id":"gen9nationaldexubers-1991971859","p1":"DivineCrimso","p2":"RetroGameBoy","format":"[Gen 9] National Dex Ubers","log":"|j|\u2606DivineCrimso\n|j|\u2606RetroGameBoy\n|t:|1700143901\n|gametype|singles\n|player|p1|DivineCrimso|benga|1080\n|player|p2|RetroGameBoy|rika|1094\n|teamsize|p1|6\n|teamsize|p2|6\n|gen|9\n|tier|[Gen 9] National Dex Ubers\n|rated|\n|rule|HP Percentage Mod: HP is shown in percentages\n|rule|Endless Battle Clause: Forcing endless battles is banned\n|rule|OHKO Clause: OHKO moves are banned\n|rule|Evasion Moves Clause: Evasion moves are banned\n|rule|Evasion Items Clause: Evasion items are banned\n|rule|Species Clause: Limit one of each Pok\u00e9mon\n|rule|Sleep Clause Mod: Limit one foe put to sleep\n|rule|Mega Rayquaza Clause: You cannot mega evolve Rayquaza\n|clearpoke\n|poke|p1|Darkrai|\n|poke|p1|Mewtwo|\n|poke|p1|Lucario, F|\n|poke|p1|Blaziken, M|\n|poke|p1|Alakazam, F|\n|poke|p1|Kingambit, M|\n|poke|p2|Aurorus, M|\n|poke|p2|Baxcalibur, M|\n|poke|p2|Lopunny, M|\n|poke|p2|Murkrow, F|\n|poke|p2|Togekiss, F|\n|poke|p2|Orbeetle, F|\n|teampreview\n|\n|t:|1700143948\n|start\n|switch|p1a: Darkrai|Darkrai|100\/100\n|switch|p2a: Crowmon|Murkrow, F|100\/100\n|turn|1\n|\n|t:|1700143959\n|move|p2a: Crowmon|Tailwind|p2a: Crowmon\n|-sidestart|p2: RetroGameBoy|move: Tailwind\n|move|p1a: Darkrai|Dark Void|p2a: Crowmon|[miss]\n|-miss|p1a: Darkrai|p2a: Crowmon\n|\n|upkeep\n|turn|2\n|\n|t:|1700143982\n|switch|p2a: BeholdDeception!|Togekiss, F|100\/100\n|move|p1a: Darkrai|Nasty Plot|p1a: Darkrai\n|-boost|p1a: Darkrai|spa|2\n|-enditem|p2a: BeholdDeception!|Mirror Herb\n|-boost|p2a: BeholdDeception!|spa|2|[from] item: Mirror Herb\n|\n|upkeep\n|turn|3\n|\n|t:|1700143992\n|move|p2a: BeholdDeception!|Air Slash|p1a: Darkrai\n|-damage|p1a: Darkrai|10\/100\n|cant|p1a: Darkrai|flinch\n|\n|upkeep\n|turn|4\n|\n|t:|1700143997\n|move|p2a: BeholdDeception!|Draining Kiss|p1a: Darkrai\n|-supereffective|p1a: Darkrai\n|-damage|p1a: Darkrai|0 fnt\n|faint|p1a: Darkrai\n|\n|-sideend|p2: RetroGameBoy|move: Tailwind\n|upkeep\n|\n|t:|1700144007\n|switch|p1a: Lucario|Lucario, F|100\/100\n|turn|5\n|\n|t:|1700144012\n|move|p1a: Lucario|Bullet Punch|p2a: BeholdDeception!\n|-supereffective|p2a: BeholdDeception!\n|-damage|p2a: BeholdDeception!|62\/100\n|move|p2a: BeholdDeception!|Flamethrower|p1a: Lucario\n|-supereffective|p1a: Lucario\n|-damage|p1a: Lucario|0 fnt\n|faint|p1a: Lucario\n|\n|upkeep\n|\n|t:|1700144023\n|switch|p1a: Mewtwo|Mewtwo|100\/100\n|-ability|p1a: Mewtwo|Unnerve\n|turn|6\n|\n|t:|1700144027\n|move|p1a: Mewtwo|Calm Mind|p1a: Mewtwo\n|-boost|p1a: Mewtwo|spa|1\n|-boost|p1a: Mewtwo|spd|1\n|move|p2a: BeholdDeception!|Draining Kiss|p1a: Mewtwo\n|-damage|p1a: Mewtwo|67\/100\n|-heal|p2a: BeholdDeception!|91\/100|[from] drain|[of] p1a: Mewtwo\n|\n|upkeep\n|turn|7\n|\n|t:|1700144035\n|move|p1a: Mewtwo|Calm Mind|p1a: Mewtwo\n|-boost|p1a: Mewtwo|spa|1\n|-boost|p1a: Mewtwo|spd|1\n|move|p2a: BeholdDeception!|Air Slash|p1a: Mewtwo\n|-damage|p1a: Mewtwo|30\/100\n|\n|upkeep\n|turn|8\n|\n|t:|1700144044\n|-terastallize|p1a: Mewtwo|Psychic\n|move|p1a: Mewtwo|Ice Beam|p2a: BeholdDeception!\n|-supereffective|p2a: BeholdDeception!\n|-damage|p2a: BeholdDeception!|0 fnt\n|faint|p2a: BeholdDeception!\n|\n|upkeep\n|\n|t:|1700144051\n|switch|p2a: Crowmon|Murkrow, F|100\/100\n|turn|9\n|\n|t:|1700144063\n|move|p2a: Crowmon|Haze|p2a: Crowmon\n|-clearallboost\n|move|p1a: Mewtwo|Ice Beam|p2a: Crowmon\n|-supereffective|p2a: Crowmon\n|-damage|p2a: Crowmon|5\/100\n|-status|p2a: Crowmon|frz\n|-enditem|p2a: Crowmon|Eject Button\n|\n|t:|1700144077\n|switch|p2a: Beetlemon|Orbeetle, F|100\/100\n|\n|upkeep\n|turn|10\n|\n|t:|1700144083\n|-terastallize|p2a: Beetlemon|Bug\n|move|p1a: Mewtwo|Fire Blast|p2a: Beetlemon\n|-supereffective|p2a: Beetlemon\n|-damage|p2a: Beetlemon|0 fnt\n|faint|p2a: Beetlemon\n|\n|upkeep\n|\n|t:|1700144091\n|switch|p2a: Aurorus|Aurorus, M, shiny|100\/100\n|-weather|Snow|[from] ability: Snow Warning|[of] p2a: Aurorus\n|turn|11\n|\n|t:|1700144096\n|move|p1a: Mewtwo|Fire Blast|p2a: Aurorus\n|-damage|p2a: Aurorus|60\/100\n|move|p2a: Aurorus|Charge Beam|p1a: Mewtwo\n|-damage|p1a: Mewtwo|14\/100\n|-boost|p2a: Aurorus|spa|1\n|\n|-weather|Snow|[upkeep]\n|upkeep\n|turn|12\n|-activate|p2a: Aurorus|item: Quick Claw\n|\n|t:|1700144105\n|move|p2a: Aurorus|Charge Beam|p1a: Mewtwo\n|-damage|p1a: Mewtwo|0 fnt\n|-boost|p2a: Aurorus|spa|1\n|faint|p1a: Mewtwo\n|\n|-weather|Snow|[upkeep]\n|upkeep\n|\n|t:|1700144114\n|switch|p1a: Blaziken|Blaziken, M|100\/100\n|turn|13\n|\n|t:|1700144122\n|detailschange|p1a: Blaziken|Blaziken-Mega, M\n|-mega|p1a: Blaziken|Blaziken|Blazikenite\n|move|p1a: Blaziken|Swords Dance|p1a: Blaziken\n|-boost|p1a: Blaziken|atk|2\n|move|p2a: Aurorus|Earth Power|p1a: Blaziken\n|-supereffective|p1a: Blaziken\n|-damage|p1a: Blaziken|0 fnt\n|faint|p1a: Blaziken\n|\n|-weather|Snow|[upkeep]\n|upkeep\n|\n|t:|1700144131\n|switch|p1a: Alakazam|Alakazam, F|100\/100\n|turn|14\n|\n|t:|1700144137\n|move|p1a: Alakazam|Calm Mind|p1a: Alakazam\n|-boost|p1a: Alakazam|spa|1\n|-boost|p1a: Alakazam|spd|1\n|move|p2a: Aurorus|Blizzard|p1a: Alakazam\n|-crit|p1a: Alakazam\n|-damage|p1a: Alakazam|0 fnt\n|faint|p1a: Alakazam\n|\n|-weather|Snow|[upkeep]\n|upkeep\n|\n|t:|1700144145\n|switch|p1a: Kingambit|Kingambit, M|100\/100\n|-activate|p1a: Kingambit|ability: Supreme Overlord\n|-start|p1a: Kingambit|fallen5|[silent]\n|turn|15\n|\n|t:|1700144150\n|move|p1a: Kingambit|Sucker Punch|p2a: Aurorus\n|-damage|p2a: Aurorus|13\/100\n|move|p2a: Aurorus|Earth Power|p1a: Kingambit\n|-supereffective|p1a: Kingambit\n|-damage|p1a: Kingambit|0 fnt\n|faint|p1a: Kingambit\n|-end|p1a: Kingambit|fallen5|[silent]\n|\n|win|RetroGameBoy\n|raw|DivineCrimso's rating: 1080 &rarr; <strong>1059<\/strong><br \/>(-21 for losing)\n|raw|RetroGameBoy's rating: 1094 &rarr; <strong>1119<\/strong><br \/>(+25 for winning)\n|l|\u2606DivineCrimso\n","uploadtime":1700144197,"views":34,"p1id":"divinecrimso","p2id":"retrogameboy","formatid":"gen9nationaldexubers","rating":1059,"private":0,"password":""}