{"id":"gen9nationaldexubers-1987600315","p1":"Careca Safadinha","p2":"Autismo27","format":"[Gen 9] National Dex Ubers","log":"|j|\u2606Careca Safadinha\n|j|\u2606Autismo27\n|t:|1699617901\n|gametype|singles\n|player|p1|Careca Safadinha|2|1096\n|player|p2|Autismo27|benga|1098\n|teamsize|p1|6\n|teamsize|p2|6\n|gen|9\n|tier|[Gen 9] National Dex Ubers\n|rated|\n|rule|HP Percentage Mod: HP is shown in percentages\n|rule|Endless Battle Clause: Forcing endless battles is banned\n|rule|OHKO Clause: OHKO moves are banned\n|rule|Evasion Moves Clause: Evasion moves are banned\n|rule|Evasion Items Clause: Evasion items are banned\n|rule|Species Clause: Limit one of each Pok\u00e9mon\n|rule|Sleep Clause Mod: Limit one foe put to sleep\n|rule|Mega Rayquaza Clause: You cannot mega evolve Rayquaza\n|clearpoke\n|poke|p1|Blaziken, M|\n|poke|p1|Lycanroc-Dusk, M|\n|poke|p1|Galvantula, M|\n|poke|p1|Serperior, M|\n|poke|p1|Toxapex, F|\n|poke|p1|Goodra-Hisui, F|\n|poke|p2|Tyranitar, M|\n|poke|p2|Kommo-o, F|\n|poke|p2|Excadrill, M|\n|poke|p2|Ogerpon-Hearthflame, F|\n|poke|p2|Kingambit, M|\n|poke|p2|Baxcalibur, F|\n|teampreview\n|\n|t:|1699617913\n|start\n|switch|p1a: Galvantula|Galvantula, M|100\/100\n|switch|p2a: Tyranitar|Tyranitar, M|100\/100\n|-weather|Sandstorm|[from] ability: Sand Stream|[of] p2a: Tyranitar\n|turn|1\n|\n|t:|1699617921\n|move|p1a: Galvantula|Sticky Web|p2a: Tyranitar\n|-sidestart|p2: Autismo27|move: Sticky Web\n|move|p2a: Tyranitar|Knock Off|p1a: Galvantula\n|-damage|p1a: Galvantula|18\/100\n|-enditem|p1a: Galvantula|Focus Sash|[from] move: Knock Off|[of] p2a: Tyranitar\n|\n|-weather|Sandstorm|[upkeep]\n|-damage|p1a: Galvantula|12\/100|[from] Sandstorm\n|upkeep\n|turn|2\n|\n|t:|1699617929\n|move|p1a: Galvantula|Bug Buzz|p2a: Tyranitar\n|-supereffective|p2a: Tyranitar\n|-damage|p2a: Tyranitar|45\/100\n|move|p2a: Tyranitar|Stealth Rock|p1a: Galvantula\n|-sidestart|p1: Careca Safadinha|move: Stealth Rock\n|\n|-weather|Sandstorm|[upkeep]\n|-damage|p1a: Galvantula|5\/100|[from] Sandstorm\n|upkeep\n|turn|3\n|\n|t:|1699617938\n|move|p1a: Galvantula|Bug Buzz|p2a: Tyranitar\n|-supereffective|p2a: Tyranitar\n|-damage|p2a: Tyranitar|0 fnt\n|faint|p2a: Tyranitar\n|\n|-weather|Sandstorm|[upkeep]\n|-damage|p1a: Galvantula|0 fnt|[from] Sandstorm\n|faint|p1a: Galvantula\n|upkeep\n|\n|t:|1699617951\n|switch|p1a: Lycanroc|Lycanroc-Dusk, M|100\/100\n|switch|p2a: Excadrill|Excadrill, M|100\/100\n|-activate|p2a: Excadrill|move: Sticky Web\n|-unboost|p2a: Excadrill|spe|1\n|-damage|p1a: Lycanroc|88\/100|[from] Stealth Rock\n|turn|4\n|\n|t:|1699617960\n|move|p2a: Excadrill|Drill Run|p1a: Lycanroc|[miss]\n|-miss|p2a: Excadrill|p1a: Lycanroc\n|move|p1a: Lycanroc|Close Combat|p2a: Excadrill\n|-supereffective|p2a: Excadrill\n|-damage|p2a: Excadrill|0 fnt\n|-unboost|p1a: Lycanroc|def|1\n|-unboost|p1a: Lycanroc|spd|1\n|faint|p2a: Excadrill\n|\n|-weather|Sandstorm|[upkeep]\n|upkeep\n|\n|t:|1699617973\n|switch|p2a: Kommo-o|Kommo-o, F|100\/100\n|-activate|p2a: Kommo-o|move: Sticky Web\n|-unboost|p2a: Kommo-o|spe|1\n|turn|5\n|\n|t:|1699617980\n|move|p1a: Lycanroc|Close Combat|p2a: Kommo-o\n|-damage|p2a: Kommo-o|44\/100\n|-unboost|p1a: Lycanroc|def|1\n|-unboost|p1a: Lycanroc|spd|1\n|move|p2a: Kommo-o|Body Press|p1a: Lycanroc\n|-supereffective|p1a: Lycanroc\n|-damage|p1a: Lycanroc|0 fnt\n|faint|p1a: Lycanroc\n|\n|-weather|none\n|upkeep\n|\n|t:|1699617991\n|switch|p1a: Serperior|Serperior, M|100\/100\n|-damage|p1a: Serperior|88\/100|[from] Stealth Rock\n|turn|6\n|\n|t:|1699618002\n|move|p1a: Serperior|Leech Seed|p2a: Kommo-o\n|-start|p2a: Kommo-o|move: Leech Seed\n|move|p2a: Kommo-o|Dragon Tail|p1a: Serperior\n|-damage|p1a: Serperior|58\/100\n|drag|p1a: Goodra|Goodra-Hisui, F|100\/100\n|-damage|p1a: Goodra|94\/100|[from] Stealth Rock\n|\n|-damage|p2a: Kommo-o|32\/100|[from] Leech Seed|[of] p1a: Goodra\n|-heal|p1a: Goodra|100\/100|[silent]\n|upkeep\n|turn|7\n|\n|t:|1699618015\n|move|p1a: Goodra|Draco Meteor|p2a: Kommo-o\n|-supereffective|p2a: Kommo-o\n|-damage|p2a: Kommo-o|0 fnt\n|-unboost|p1a: Goodra|spa|2\n|faint|p2a: Kommo-o\n|\n|upkeep\n|\n|t:|1699618024\n|switch|p2a: Kingambit|Kingambit, M|100\/100\n|-activate|p2a: Kingambit|move: Sticky Web\n|-unboost|p2a: Kingambit|spe|1\n|-activate|p2a: Kingambit|ability: Supreme Overlord\n|-start|p2a: Kingambit|fallen3|[silent]\n|turn|8\n|\n|t:|1699618032\n|move|p1a: Goodra|Flamethrower|p2a: Kingambit\n|-supereffective|p2a: Kingambit\n|-damage|p2a: Kingambit|72\/100\n|move|p2a: Kingambit|Brick Break|p1a: Goodra\n|-supereffective|p1a: Goodra\n|-damage|p1a: Goodra|0 fnt\n|faint|p1a: Goodra\n|\n|upkeep\n|\n|t:|1699618042\n|switch|p1a: Serperior|Serperior, M|58\/100\n|-damage|p1a: Serperior|45\/100|[from] Stealth Rock\n|turn|9\n|\n|t:|1699618057\n|-end|p2a: Kingambit|fallen3|[silent]\n|switch|p2a: Ogerpon|Ogerpon-Hearthflame, F|100\/100\n|-activate|p2a: Ogerpon|move: Sticky Web\n|-unboost|p2a: Ogerpon|spe|1\n|-ability|p2a: Ogerpon|Mold Breaker\n|move|p1a: Serperior|Leech Seed|p2a: Ogerpon\n|-immune|p2a: Ogerpon\n|\n|-heal|p1a: Serperior|51\/100|[from] item: Leftovers\n|upkeep\n|turn|10\n|\n|t:|1699618070\n|-terastallize|p1a: Serperior|Normal\n|move|p1a: Serperior|Substitute|p1a: Serperior\n|-start|p1a: Serperior|Substitute\n|-damage|p1a: Serperior|26\/100\n|move|p2a: Ogerpon|Trailblaze|p1a: Serperior\n|-end|p1a: Serperior|Substitute\n|-boost|p2a: Ogerpon|spe|1\n|\n|-heal|p1a: Serperior|33\/100|[from] item: Leftovers\n|upkeep\n|turn|11\n|\n|t:|1699618083\n|move|p1a: Serperior|Protect|p1a: Serperior\n|-singleturn|p1a: Serperior|Protect\n|move|p2a: Ogerpon|Trailblaze|p1a: Serperior\n|-activate|p1a: Serperior|move: Protect\n|\n|-heal|p1a: Serperior|39\/100|[from] item: Leftovers\n|upkeep\n|turn|12\n|\n|t:|1699618093\n|move|p1a: Serperior|Leaf Storm|p2a: Ogerpon\n|-resisted|p2a: Ogerpon\n|-damage|p2a: Ogerpon|90\/100\n|-boost|p1a: Serperior|spa|2\n|move|p2a: Ogerpon|Trailblaze|p1a: Serperior\n|-damage|p1a: Serperior|8\/100\n|-boost|p2a: Ogerpon|spe|1\n|\n|-heal|p1a: Serperior|15\/100|[from] item: Leftovers\n|upkeep\n|turn|13\n|\n|t:|1699618104\n|move|p2a: Ogerpon|Trailblaze|p1a: Serperior\n|-damage|p1a: Serperior|0 fnt\n|-boost|p2a: Ogerpon|spe|1\n|faint|p1a: Serperior\n|\n|upkeep\n|\n|t:|1699618112\n|switch|p1a: Toxapex|Toxapex, F|100\/100\n|-damage|p1a: Toxapex|88\/100|[from] Stealth Rock\n|turn|14\n|\n|t:|1699618121\n|move|p2a: Ogerpon|Trailblaze|p1a: Toxapex\n|-damage|p1a: Toxapex|70\/100\n|-boost|p2a: Ogerpon|spe|1\n|move|p1a: Toxapex|Toxic|p2a: Ogerpon\n|-status|p2a: Ogerpon|tox\n|\n|-heal|p1a: Toxapex|76\/100|[from] item: Black Sludge\n|-damage|p2a: Ogerpon|84\/100 tox|[from] psn\n|upkeep\n|turn|15\n|\n|t:|1699618135\n|-terastallize|p2a: Ogerpon|Fire\n|detailschange|p2a: Ogerpon|Ogerpon-Hearthflame-Tera, F, tera:Fire\n|-ability|p2a: Ogerpon|Embody Aspect (Hearthflame)|boost\n|-boost|p2a: Ogerpon|atk|1\n|move|p2a: Ogerpon|Wood Hammer|p1a: Toxapex\n|-damage|p1a: Toxapex|9\/100\n|-damage|p2a: Ogerpon|62\/100 tox|[from] Recoil\n|move|p1a: Toxapex|Scald|p2a: Ogerpon\n|-supereffective|p2a: Ogerpon\n|-damage|p2a: Ogerpon|25\/100 tox\n|\n|-heal|p1a: Toxapex|15\/100|[from] item: Black Sludge\n|-damage|p2a: Ogerpon|13\/100 tox|[from] psn\n|upkeep\n|turn|16\n|\n|t:|1699618150\n|move|p1a: Toxapex|Baneful Bunker|p1a: Toxapex\n|-singleturn|p1a: Toxapex|move: Protect\n|move|p2a: Ogerpon|Wood Hammer|p1a: Toxapex\n|-activate|p1a: Toxapex|move: Protect\n|\n|-heal|p1a: Toxapex|22\/100|[from] item: Black Sludge\n|-damage|p2a: Ogerpon|0 fnt|[from] psn\n|faint|p2a: Ogerpon\n|upkeep\n|\n|t:|1699618160\n|switch|p2a: Baxcalibur|Baxcalibur, F|100\/100\n|-activate|p2a: Baxcalibur|move: Sticky Web\n|-unboost|p2a: Baxcalibur|spe|1\n|turn|17\n|\n|t:|1699618170\n|move|p1a: Toxapex|Baneful Bunker||[still]\n|-fail|p1a: Toxapex\n|move|p2a: Baxcalibur|Dragon Dance|p2a: Baxcalibur\n|-boost|p2a: Baxcalibur|atk|1\n|-boost|p2a: Baxcalibur|spe|1\n|\n|-heal|p1a: Toxapex|28\/100|[from] item: Black Sludge\n|upkeep\n|turn|18\n|\n|t:|1699618181\n|move|p2a: Baxcalibur|Dragon Dance|p2a: Baxcalibur\n|-boost|p2a: Baxcalibur|atk|1\n|-boost|p2a: Baxcalibur|spe|1\n|move|p1a: Toxapex|Toxic|p2a: Baxcalibur\n|-status|p2a: Baxcalibur|tox\n|\n|-heal|p1a: Toxapex|34\/100|[from] item: Black Sludge\n|-damage|p2a: Baxcalibur|94\/100 tox|[from] psn\n|upkeep\n|turn|19\n|\n|t:|1699618190\n|move|p1a: Toxapex|Baneful Bunker|p1a: Toxapex\n|-singleturn|p1a: Toxapex|move: Protect\n|move|p2a: Baxcalibur|Dragon Dance|p2a: Baxcalibur\n|-boost|p2a: Baxcalibur|atk|1\n|-boost|p2a: Baxcalibur|spe|1\n|\n|-heal|p1a: Toxapex|40\/100|[from] item: Black Sludge\n|-damage|p2a: Baxcalibur|82\/100 tox|[from] psn\n|upkeep\n|turn|20\n|\n|t:|1699618201\n|move|p2a: Baxcalibur|Dragon Claw|p1a: Toxapex\n|-damage|p1a: Toxapex|0 fnt\n|faint|p1a: Toxapex\n|\n|-damage|p2a: Baxcalibur|63\/100 tox|[from] psn\n|upkeep\n|\n|t:|1699618208\n|switch|p1a: Blaziken|Blaziken, M|100\/100\n|-damage|p1a: Blaziken|88\/100|[from] Stealth Rock\n|turn|21\n|\n|t:|1699618214\n|detailschange|p1a: Blaziken|Blaziken-Mega, M\n|-mega|p1a: Blaziken|Blaziken|Blazikenite\n|move|p1a: Blaziken|Protect|p1a: Blaziken\n|-singleturn|p1a: Blaziken|Protect\n|move|p2a: Baxcalibur|Aqua Tail|p1a: Blaziken\n|-activate|p1a: Blaziken|move: Protect\n|\n|-damage|p2a: Baxcalibur|39\/100 tox|[from] psn\n|-ability|p1a: Blaziken|Speed Boost|boost\n|-boost|p1a: Blaziken|spe|1\n|upkeep\n|turn|22\n|\n|t:|1699618238\n|move|p1a: Blaziken|Protect||[still]\n|-fail|p1a: Blaziken\n|move|p2a: Baxcalibur|Aqua Tail|p1a: Blaziken\n|-supereffective|p1a: Blaziken\n|-damage|p1a: Blaziken|0 fnt\n|faint|p1a: Blaziken\n|\n|win|Autismo27\n|raw|Careca Safadinha's rating: 1096 &rarr; <strong>1072<\/strong><br \/>(-24 for losing)\n|raw|Autismo27's rating: 1098 &rarr; <strong>1123<\/strong><br \/>(+25 for winning)\n|l|\u2606Careca Safadinha\n","uploadtime":1699618248,"views":5,"p1id":"carecasafadinha","p2id":"autismo27","formatid":"gen9nationaldexubers","rating":1072,"private":0,"password":""}