{"id":"gen9nationaldexubers-1982323286","p1":"xinnobu","p2":"KurumiTokisakilove","format":"[Gen 9] National Dex Ubers","log":"|j|\u2606xinnobu\n|j|\u2606KurumiTokisakilove\n|t:|1698997360\n|gametype|singles\n|player|p1|xinnobu|elesa-gen5bw2|1785\n|player|p2|KurumiTokisakilove|sabrina-gen2|1989\n|teamsize|p1|6\n|teamsize|p2|6\n|gen|9\n|tier|[Gen 9] National Dex Ubers\n|rated|\n|rule|HP Percentage Mod: HP is shown in percentages\n|rule|Endless Battle Clause: Forcing endless battles is banned\n|rule|OHKO Clause: OHKO moves are banned\n|rule|Evasion Moves Clause: Evasion moves are banned\n|rule|Evasion Items Clause: Evasion items are banned\n|rule|Species Clause: Limit one of each Pok\u00e9mon\n|rule|Sleep Clause Mod: Limit one foe put to sleep\n|rule|Mega Rayquaza Clause: You cannot mega evolve Rayquaza\n|clearpoke\n|poke|p1|Groudon|\n|poke|p1|Deoxys-Attack|\n|poke|p1|Rayquaza|\n|poke|p1|Xerneas-*|\n|poke|p1|Arceus-Ground|\n|poke|p1|Zacian-*|\n|poke|p2|Lunala|\n|poke|p2|Kingambit, F|\n|poke|p2|Ditto|\n|poke|p2|Arceus-Fairy|\n|poke|p2|Salamence, M|\n|poke|p2|Necrozma-Dusk-Mane|\n|teampreview\n|inactive|Battle timer is ON: inactive players will automatically lose when time's up. (requested by KurumiTokisakilove)\n|\n|t:|1698997370\n|start\n|switch|p1a: Deoxys|Deoxys-Attack|100\/100\n|switch|p2a: Necrozma|Necrozma-Dusk-Mane, shiny|100\/100\n|-ability|p1a: Deoxys|Pressure\n|turn|1\n|\n|t:|1698997376\n|move|p1a: Deoxys|Taunt|p2a: Necrozma\n|-start|p2a: Necrozma|move: Taunt\n|move|p2a: Necrozma|Photon Geyser|p1a: Deoxys\n|-resisted|p1a: Deoxys\n|-enditem|p1a: Deoxys|Focus Sash\n|-damage|p1a: Deoxys|1\/100\n|\n|upkeep\n|turn|2\n|\n|t:|1698997385\n|move|p1a: Deoxys|Stealth Rock|p2a: Necrozma\n|-sidestart|p2: KurumiTokisakilove|move: Stealth Rock\n|move|p2a: Necrozma|Photon Geyser|p1a: Deoxys\n|-resisted|p1a: Deoxys\n|-crit|p1a: Deoxys\n|-damage|p1a: Deoxys|0 fnt\n|faint|p1a: Deoxys\n|\n|upkeep\n|\n|t:|1698997393\n|switch|p1a: Arceus|Arceus-Ground|100\/100\n|turn|3\n|\n|t:|1698997396\n|detailschange|p2a: Necrozma|Necrozma-Ultra, shiny\n|-burst|p2a: Necrozma|Necrozma|Ultranecrozium Z\n|move|p2a: Necrozma|Photon Geyser|p1a: Arceus\n|-crit|p1a: Arceus\n|-damage|p1a: Arceus|19\/100\n|move|p1a: Arceus|Earthquake|p2a: Necrozma\n|-damage|p2a: Necrozma|45\/100\n|\n|-end|p2a: Necrozma|move: Taunt\n|upkeep\n|turn|4\n|\n|t:|1698997418\n|move|p2a: Necrozma|Stealth Rock|p1a: Arceus\n|-sidestart|p1: xinnobu|move: Stealth Rock\n|move|p1a: Arceus|Blizzard|p2a: Necrozma\n|-supereffective|p2a: Necrozma\n|-damage|p2a: Necrozma|0 fnt\n|faint|p2a: Necrozma\n|\n|upkeep\n|\n|t:|1698997425\n|switch|p2a: Arceus|Arceus-Fairy|100\/100\n|-damage|p2a: Arceus|88\/100|[from] Stealth Rock\n|turn|5\n|\n|t:|1698997430\n|move|p2a: Arceus|Judgment|p1a: Arceus\n|-damage|p1a: Arceus|0 fnt\n|faint|p1a: Arceus\n|\n|upkeep\n|\n|t:|1698997434\n|switch|p1a: Zacian|Zacian-Crowned|100\/100\n|-damage|p1a: Zacian|94\/100|[from] Stealth Rock\n|-ability|p1a: Zacian|Intrepid Sword|boost\n|-boost|p1a: Zacian|atk|1\n|turn|6\n|\n|t:|1698997444\n|switch|p2a: Salamence|Salamence, M|100\/100\n|-damage|p2a: Salamence|76\/100|[from] Stealth Rock\n|-ability|p2a: Salamence|Intimidate|boost\n|-unboost|p1a: Zacian|atk|1\n|move|p1a: Zacian|Behemoth Blade|p2a: Salamence\n|-damage|p2a: Salamence|9\/100\n|\n|upkeep\n|turn|7\n|\n|t:|1698997452\n|move|p1a: Zacian|Behemoth Blade|p2a: Salamence\n|-damage|p2a: Salamence|0 fnt\n|faint|p2a: Salamence\n|\n|upkeep\n|\n|t:|1698997463\n|switch|p2a: Ditto|Ditto, shiny|100\/100\n|-damage|p2a: Ditto|88\/100|[from] Stealth Rock\n|-transform|p2a: Ditto|p1a: Zacian|[from] ability: Imposter\n|-ability|p2a: Ditto|Intrepid Sword|boost\n|-boost|p2a: Ditto|atk|1\n|turn|8\n|\n|t:|1698997470\n|move|p2a: Ditto|Behemoth Blade|p1a: Zacian\n|-damage|p1a: Zacian|15\/100\n|move|p1a: Zacian|Behemoth Blade|p2a: Ditto\n|-damage|p2a: Ditto|25\/100\n|\n|upkeep\n|turn|9\n|\n|t:|1698997476\n|move|p2a: Ditto|Behemoth Blade|p1a: Zacian\n|-damage|p1a: Zacian|0 fnt\n|faint|p1a: Zacian\n|\n|upkeep\n|\n|t:|1698997480\n|switch|p1a: Groudon|Groudon|100\/100\n|-damage|p1a: Groudon|94\/100|[from] Stealth Rock\n|detailschange|p1a: Groudon|Groudon-Primal\n|-primal|p1a: Groudon|Red Orb\n|-weather|DesolateLand|[from] ability: Desolate Land|[of] p1a: Groudon\n|turn|10\n|\n|t:|1698997490\n|switch|p2a: Lunala|Lunala, shiny|100\/100\n|move|p1a: Groudon|Heat Crash|p2a: Lunala\n|-damage|p2a: Lunala|43\/100\n|\n|-weather|DesolateLand|[upkeep]\n|upkeep\n|turn|11\n|\n|t:|1698997495\n|move|p2a: Lunala|Moongeist Beam|p1a: Groudon\n|-damage|p1a: Groudon|45\/100\n|move|p1a: Groudon|Heat Crash|p2a: Lunala\n|-damage|p2a: Lunala|0 fnt\n|faint|p2a: Lunala\n|\n|-weather|DesolateLand|[upkeep]\n|upkeep\n|\n|t:|1698997506\n|switch|p2a: Ditto|Ditto, shiny|25\/100\n|-damage|p2a: Ditto|13\/100|[from] Stealth Rock\n|-transform|p2a: Ditto|p1a: Groudon|[from] ability: Imposter\n|turn|12\n|\n|t:|1698997513\n|move|p2a: Ditto|Precipice Blades|p1a: Groudon|[miss]\n|-miss|p2a: Ditto|p1a: Groudon\n|move|p1a: Groudon|Heat Crash|p2a: Ditto\n|-resisted|p2a: Ditto\n|-damage|p2a: Ditto|0 fnt\n|faint|p2a: Ditto\n|\n|-weather|DesolateLand|[upkeep]\n|upkeep\n|\n|t:|1698997526\n|switch|p2a: Arceus|Arceus-Fairy|88\/100\n|-damage|p2a: Arceus|76\/100|[from] Stealth Rock\n|turn|13\n|\n|t:|1698997529\n|move|p2a: Arceus|Toxic|p1a: Groudon\n|-status|p1a: Groudon|tox\n|move|p1a: Groudon|Heat Crash|p2a: Arceus\n|-damage|p2a: Arceus|22\/100\n|\n|-weather|DesolateLand|[upkeep]\n|-damage|p1a: Groudon|39\/100 tox|[from] psn\n|upkeep\n|turn|14\n|\n|t:|1698997536\n|move|p2a: Arceus|Recover|p2a: Arceus\n|-heal|p2a: Arceus|72\/100\n|move|p1a: Groudon|Heat Crash|p2a: Arceus\n|-damage|p2a: Arceus|19\/100\n|\n|-weather|DesolateLand|[upkeep]\n|-damage|p1a: Groudon|27\/100 tox|[from] psn\n|upkeep\n|turn|15\n|\n|t:|1698997542\n|move|p2a: Arceus|Recover|p2a: Arceus\n|-heal|p2a: Arceus|69\/100\n|move|p1a: Groudon|Heat Crash|p2a: Arceus\n|-damage|p2a: Arceus|15\/100\n|\n|-weather|DesolateLand|[upkeep]\n|-damage|p1a: Groudon|8\/100 tox|[from] psn\n|upkeep\n|turn|16\n|\n|t:|1698997549\n|move|p2a: Arceus|Judgment|p1a: Groudon\n|-resisted|p1a: Groudon\n|-damage|p1a: Groudon|0 fnt\n|faint|p1a: Groudon\n|-weather|none\n|\n|upkeep\n|\n|t:|1698997554\n|switch|p1a: Rayquaza|Rayquaza|100\/100\n|-damage|p1a: Rayquaza|75\/100|[from] Stealth Rock\n|-ability|p1a: Rayquaza|Air Lock\n|turn|17\n|\n|t:|1698997561\n|-terastallize|p2a: Arceus|Steel\n|move|p1a: Rayquaza|Extreme Speed|p2a: Arceus\n|-resisted|p2a: Arceus\n|-damage|p2a: Arceus|0 fnt\n|faint|p2a: Arceus\n|\n|upkeep\n|\n|t:|1698997568\n|switch|p2a: Kingambit|Kingambit, F|100\/100\n|-damage|p2a: Kingambit|94\/100|[from] Stealth Rock\n|-activate|p2a: Kingambit|ability: Supreme Overlord\n|-start|p2a: Kingambit|fallen5|[silent]\n|turn|18\n|\n|t:|1698997573\n|switch|p1a: Xerneas|Xerneas|100\/100\n|-damage|p1a: Xerneas|88\/100|[from] Stealth Rock\n|-ability|p1a: Xerneas|Fairy Aura\n|move|p2a: Kingambit|Sucker Punch||[still]\n|-fail|p2a: Kingambit\n|\n|upkeep\n|turn|19\n|\n|t:|1698997583\n|-terastallize|p1a: Xerneas|Ground\n|move|p1a: Xerneas|Geomancy||[still]\n|-prepare|p1a: Xerneas|Geomancy\n|-enditem|p1a: Xerneas|Power Herb\n|-anim|p1a: Xerneas|Geomancy|p1a: Xerneas\n|-boost|p1a: Xerneas|spa|2\n|-boost|p1a: Xerneas|spd|2\n|-boost|p1a: Xerneas|spe|2\n|move|p2a: Kingambit|Iron Head|p1a: Xerneas\n|-damage|p1a: Xerneas|27\/100\n|\n|upkeep\n|turn|20\n|\n|t:|1698997596\n|move|p1a: Xerneas|Hidden Power|p2a: Kingambit\n|-supereffective|p2a: Kingambit\n|-damage|p2a: Kingambit|0 fnt\n|faint|p2a: Kingambit\n|-end|p2a: Kingambit|fallen5|[silent]\n|\n|win|xinnobu\n|raw|xinnobu's rating: 1785 &rarr; <strong>1816<\/strong><br \/>(+31 for winning)\n|raw|KurumiTokisakilove's rating: 1989 &rarr; <strong>1958<\/strong><br \/>(-31 for losing)\n|c|\u2606KurumiTokisakilove|Fk miss\n|l|\u2606KurumiTokisakilove\n|l|\u2606xinnobu\n","uploadtime":1698997680,"views":18,"p1id":"xinnobu","p2id":"kurumitokisakilove","formatid":"gen9nationaldexubers","rating":1816,"private":0,"password":""}