{"id":"gen9nationaldexubers-1990234699","p1":"Riggs300","p2":"Sly Killdex 2","format":"[Gen 9] National Dex Ubers","log":"|j|\u2606Riggs300\n|j|\u2606Sly Killdex 2\n|t:|1699941811\n|gametype|singles\n|player|p1|Riggs300|leon-masters|1340\n|player|p2|Sly Killdex 2|volkner|1101\n|teamsize|p1|6\n|teamsize|p2|6\n|gen|9\n|tier|[Gen 9] National Dex Ubers\n|rated|\n|rule|HP Percentage Mod: HP is shown in percentages\n|rule|Endless Battle Clause: Forcing endless battles is banned\n|rule|OHKO Clause: OHKO moves are banned\n|rule|Evasion Moves Clause: Evasion moves are banned\n|rule|Evasion Items Clause: Evasion items are banned\n|rule|Species Clause: Limit one of each Pok\u00e9mon\n|rule|Sleep Clause Mod: Limit one foe put to sleep\n|rule|Mega Rayquaza Clause: You cannot mega evolve Rayquaza\n|clearpoke\n|poke|p1|Salamence, F|\n|poke|p1|Galvantula, F|\n|poke|p1|Gastrodon-East, M|\n|poke|p1|Gengar, F|\n|poke|p1|Excadrill, F|\n|poke|p1|Emboar, M|\n|poke|p2|Silvally-*|\n|poke|p2|Litten, F|\n|poke|p2|Rowlet, M|\n|poke|p2|Zygarde-10%|\n|poke|p2|Yveltal|\n|poke|p2|Xerneas-*|\n|teampreview\n|inactive|Battle timer is ON: inactive players will automatically lose when time's up. (requested by Riggs300)\n|\n|t:|1699941826\n|start\n|switch|p1a: Gengar|Gengar, F|100\/100\n|switch|p2a: Litten|Litten, F|100\/100\n|-ability|p2a: Litten|Intimidate|boost\n|-unboost|p1a: Gengar|atk|1\n|turn|1\n|\n|t:|1699941841\n|switch|p2a: Yveltal|Yveltal|100\/100\n|-ability|p2a: Yveltal|Dark Aura\n|move|p1a: Gengar|Sludge Wave|p2a: Yveltal\n|-damage|p2a: Yveltal|66\/100\n|\n|upkeep\n|turn|2\n|\n|t:|1699941851\n|move|p1a: Gengar|Sludge Wave|p2a: Yveltal\n|-damage|p2a: Yveltal|30\/100\n|move|p2a: Yveltal|Dark Pulse|p1a: Gengar\n|-supereffective|p1a: Gengar\n|-damage|p1a: Gengar|0 fnt\n|faint|p1a: Gengar\n|\n|upkeep\n|\n|t:|1699941858\n|switch|p1a: Galvantula|Galvantula, F|100\/100\n|turn|3\n|\n|t:|1699941870\n|move|p1a: Galvantula|Thunder|p2a: Yveltal\n|-supereffective|p2a: Yveltal\n|-damage|p2a: Yveltal|0 fnt\n|faint|p2a: Yveltal\n|\n|upkeep\n|\n|t:|1699941882\n|switch|p2a: Litten|Litten, F|100\/100\n|-ability|p2a: Litten|Intimidate|boost\n|-unboost|p1a: Galvantula|atk|1\n|turn|4\n|\n|t:|1699941886\n|move|p1a: Galvantula|Thunder|p2a: Litten\n|-enditem|p2a: Litten|Focus Sash\n|-damage|p2a: Litten|1\/100\n|move|p2a: Litten|Overheat|p1a: Galvantula\n|-supereffective|p1a: Galvantula\n|-enditem|p1a: Galvantula|Focus Sash\n|-damage|p1a: Galvantula|1\/100\n|-unboost|p2a: Litten|spa|2\n|\n|upkeep\n|turn|5\n|\n|t:|1699941893\n|move|p1a: Galvantula|Bug Buzz|p2a: Litten\n|-resisted|p2a: Litten\n|-damage|p2a: Litten|0 fnt\n|faint|p2a: Litten\n|\n|upkeep\n|\n|t:|1699941897\n|switch|p2a: Rowlet|Rowlet, M|100\/100\n|turn|6\n|\n|t:|1699941901\n|move|p1a: Galvantula|Thunder|p2a: Rowlet\n|-damage|p2a: Rowlet|35\/100\n|-status|p2a: Rowlet|par\n|cant|p2a: Rowlet|par\n|\n|upkeep\n|turn|7\n|\n|t:|1699941907\n|move|p1a: Galvantula|Bug Buzz|p2a: Rowlet\n|-damage|p2a: Rowlet|0 fnt\n|faint|p2a: Rowlet\n|\n|upkeep\n|\n|t:|1699941921\n|switch|p2a: Xerneas|Xerneas|100\/100\n|-ability|p2a: Xerneas|Fairy Aura\n|turn|8\n|\n|t:|1699941926\n|-terastallize|p2a: Xerneas|Electric\n|move|p1a: Galvantula|Thunder Wave|p2a: Xerneas\n|-immune|p2a: Xerneas\n|move|p2a: Xerneas|Geomancy||[still]\n|-prepare|p2a: Xerneas|Geomancy\n|-enditem|p2a: Xerneas|Power Herb\n|-anim|p2a: Xerneas|Geomancy|p2a: Xerneas\n|-boost|p2a: Xerneas|spa|2\n|-boost|p2a: Xerneas|spd|2\n|-boost|p2a: Xerneas|spe|2\n|\n|upkeep\n|turn|9\n|\n|t:|1699941932\n|move|p2a: Xerneas|Substitute|p2a: Xerneas\n|-start|p2a: Xerneas|Substitute\n|-damage|p2a: Xerneas|76\/100\n|move|p1a: Galvantula|Bug Buzz|p2a: Xerneas\n|-damage|p2a: Xerneas|58\/100\n|\n|upkeep\n|turn|10\n|\n|t:|1699941935\n|move|p2a: Xerneas|Moonblast|p1a: Galvantula\n|-damage|p1a: Galvantula|0 fnt\n|faint|p1a: Galvantula\n|\n|upkeep\n|\n|t:|1699941939\n|switch|p1a: Gastrodon|Gastrodon-East, M|100\/100\n|turn|11\n|\n|t:|1699941941\n|move|p2a: Xerneas|Moonblast|p1a: Gastrodon\n|-damage|p1a: Gastrodon|0 fnt\n|faint|p1a: Gastrodon\n|\n|upkeep\n|\n|t:|1699941946\n|switch|p1a: Excadrill|Excadrill, F|100\/100\n|-ability|p1a: Excadrill|Mold Breaker\n|turn|12\n|\n|t:|1699941950\n|move|p2a: Xerneas|Moonblast|p1a: Excadrill\n|-resisted|p1a: Excadrill\n|-damage|p1a: Excadrill|7\/100\n|move|p1a: Excadrill|Earthquake|p2a: Xerneas\n|-supereffective|p2a: Xerneas\n|-end|p2a: Xerneas|Substitute\n|\n|upkeep\n|turn|13\n|-message|Riggs300 forfeited.\n|\n|win|Sly Killdex 2\n|raw|Riggs300's rating: 1340 &rarr; <strong>1308<\/strong><br \/>(-32 for losing)\n|raw|Sly Killdex 2's rating: 1101 &rarr; <strong>1141<\/strong><br \/>(+40 for winning)\n|l|\u2606Riggs300\n","uploadtime":1699941959,"views":7,"p1id":"riggs300","p2id":"slykilldex2","formatid":"gen9nationaldexubers","rating":1141,"private":0,"password":""}