{"id":"gen9nationaldexubers-1995109217","p1":"ColdSobaNoodle","p2":"Gran gran","format":"[Gen 9] National Dex Ubers","log":"|j|\u2606ColdSobaNoodle\n|j|\u2606Gran gran\n|t:|1700523552\n|gametype|singles\n|player|p1|ColdSobaNoodle|cynthia|\n|player|p2|Gran gran|101|\n|teamsize|p1|6\n|teamsize|p2|6\n|gen|9\n|tier|[Gen 9] National Dex Ubers\n|rule|HP Percentage Mod: HP is shown in percentages\n|rule|Endless Battle Clause: Forcing endless battles is banned\n|rule|OHKO Clause: OHKO moves are banned\n|rule|Evasion Moves Clause: Evasion moves are banned\n|rule|Evasion Items Clause: Evasion items are banned\n|rule|Species Clause: Limit one of each Pok\u00e9mon\n|rule|Sleep Clause Mod: Limit one foe put to sleep\n|rule|Mega Rayquaza Clause: You cannot mega evolve Rayquaza\n|clearpoke\n|poke|p1|Dachsbun, M|\n|poke|p1|Zygarde-10%|\n|poke|p1|Banette, M|\n|poke|p1|Ninetales-Alola, F|\n|poke|p1|Corviknight, F|\n|poke|p1|Arctozolt|\n|poke|p2|Blaziken, F|\n|poke|p2|Nidoking, M|\n|poke|p2|Chansey, F|\n|poke|p2|Gastrodon, M|\n|poke|p2|Rillaboom, F|\n|poke|p2|Skarmory, M|\n|teampreview\n|j| m444rf\n|j| pawket\n|j| Lunar Sloth\n|j| Demolution545\n|c| pawket|:3\n|c|\u2606ColdSobaNoodle|hello fellas\n|c|\u2606Gran gran|ello\n|c| m444rf|turn the timer on...\n|c|\u2606Gran gran|waiting for start at least\n|c|\u2606ColdSobaNoodle|I am good to start when you are\n|inactive|Battle timer is ON: inactive players will automatically lose when time's up. (requested by ColdSobaNoodle)\n|c|\u2606Gran gran|ok\n|\n|t:|1700523681\n|start\n|switch|p1a: Oogie Boogie|Banette, M, shiny|100\/100\n|switch|p2a: Blaziken|Blaziken, F|100\/100\n|-item|p2a: Blaziken|Blazikenite|[from] ability: Frisk|[of] p1a: Oogie Boogie|[identify]\n|turn|1\n|\n|t:|1700523698\n|switch|p2a: Chansey|Chansey, F|100\/100\n|detailschange|p1a: Oogie Boogie|Banette-Mega, M, shiny\n|-mega|p1a: Oogie Boogie|Banette|Banettite\n|move|p1a: Oogie Boogie|Shadow Claw|p2a: Chansey\n|-immune|p2a: Chansey\n|\n|upkeep\n|turn|2\n|\n|t:|1700523707\n|move|p1a: Oogie Boogie|Knock Off|p2a: Chansey\n|-damage|p2a: Chansey|72\/100\n|-enditem|p2a: Chansey|Eviolite|[from] move: Knock Off|[of] p1a: Oogie Boogie\n|move|p2a: Chansey|Thunder Wave|p1a: Oogie Boogie\n|-status|p1a: Oogie Boogie|par\n|\n|upkeep\n|turn|3\n|\n|t:|1700523732\n|switch|p2a: Skarmory|Skarmory, M|100\/100\n|cant|p1a: Oogie Boogie|par\n|\n|upkeep\n|turn|4\n|\n|t:|1700523748\n|switch|p1a: \u7a32\u8377|Ninetales-Alola, F, shiny|100\/100\n|-weather|Snow|[from] ability: Snow Warning|[of] p1a: \u7a32\u8377\n|move|p2a: Skarmory|Iron Defense|p2a: Skarmory\n|-boost|p2a: Skarmory|def|2\n|\n|-weather|Snow|[upkeep]\n|upkeep\n|turn|5\n|\n|t:|1700523760\n|move|p1a: \u7a32\u8377|Aurora Veil|p1a: \u7a32\u8377\n|-sidestart|p1: ColdSobaNoodle|move: Aurora Veil\n|move|p2a: Skarmory|Iron Head|p1a: \u7a32\u8377\n|-supereffective|p1a: \u7a32\u8377\n|-damage|p1a: \u7a32\u8377|50\/100\n|\n|-weather|Snow|[upkeep]\n|upkeep\n|turn|6\n|\n|t:|1700523772\n|switch|p1a: Zeppelin|Corviknight, F|100\/100\n|-ability|p1a: Zeppelin|Pressure\n|move|p2a: Skarmory|Body Press|p1a: Zeppelin\n|-damage|p1a: Zeppelin|87\/100\n|-damage|p2a: Skarmory|84\/100|[from] item: Rocky Helmet|[of] p1a: Zeppelin\n|\n|-weather|Snow|[upkeep]\n|-heal|p2a: Skarmory|90\/100|[from] item: Leftovers\n|upkeep\n|turn|7\n|\n|t:|1700523779\n|move|p2a: Skarmory|Roost|p2a: Skarmory\n|-heal|p2a: Skarmory|100\/100\n|-singleturn|p2a: Skarmory|move: Roost\n|move|p1a: Zeppelin|U-turn|p2a: Skarmory\n|-resisted|p2a: Skarmory\n|-damage|p2a: Skarmory|98\/100\n|\n|t:|1700523785\n|switch|p1a: Jax|Zygarde-10%, shiny|100\/100|[from] U-turn\n|-ability|p1a: Jax|Aura Break\n|\n|-weather|Snow|[upkeep]\n|-heal|p2a: Skarmory|100\/100|[from] item: Leftovers\n|upkeep\n|turn|8\n|j| Smackey_5\n|c| Lunar Sloth|first\n|\n|t:|1700523802\n|move|p1a: Jax|Dragon Dance|p1a: Jax\n|-boost|p1a: Jax|atk|1\n|-boost|p1a: Jax|spe|1\n|move|p2a: Skarmory|Body Press|p1a: Jax\n|-damage|p1a: Jax|59\/100\n|\n|-weather|Snow|[upkeep]\n|upkeep\n|turn|9\n|\n|t:|1700523812\n|-terastallize|p1a: Jax|Ground\n|move|p1a: Jax|Thousand Arrows|p2a: Skarmory\n|-damage|p2a: Skarmory|61\/100\n|-start|p2a: Skarmory|Smack Down\n|move|p2a: Skarmory|Body Press|p1a: Jax\n|-damage|p1a: Jax|12\/100\n|\n|-weather|Snow|[upkeep]\n|-heal|p2a: Skarmory|67\/100|[from] item: Leftovers\n|-sideend|p1: ColdSobaNoodle|move: Aurora Veil\n|upkeep\n|turn|10\n|c| pawket|lfg jax\n|\n|t:|1700523820\n|switch|p2a: Rillaboom|Rillaboom, F|100\/100\n|-fieldstart|move: Grassy Terrain|[from] ability: Grassy Surge|[of] p2a: Rillaboom\n|move|p1a: Jax|Thousand Arrows|p2a: Rillaboom\n|-resisted|p2a: Rillaboom\n|-damage|p2a: Rillaboom|45\/100\n|\n|-weather|Snow|[upkeep]\n|-heal|p1a: Jax|18\/100|[from] Grassy Terrain\n|-heal|p2a: Rillaboom|51\/100|[from] Grassy Terrain\n|upkeep\n|turn|11\n|\n|t:|1700523832\n|switch|p1a: Zeppelin|Corviknight, F|87\/100\n|-ability|p1a: Zeppelin|Pressure\n|move|p2a: Rillaboom|Grassy Glide|p1a: Zeppelin\n|-resisted|p1a: Zeppelin\n|-damage|p1a: Zeppelin|79\/100\n|-damage|p2a: Rillaboom|35\/100|[from] item: Rocky Helmet|[of] p1a: Zeppelin\n|\n|-weather|none\n|-heal|p2a: Rillaboom|41\/100|[from] Grassy Terrain\n|upkeep\n|turn|12\n|\n|t:|1700523844\n|switch|p2a: Skarmory|Skarmory, M|67\/100\n|move|p1a: Zeppelin|Brave Bird|p2a: Skarmory\n|-resisted|p2a: Skarmory\n|-damage|p2a: Skarmory|53\/100\n|-damage|p1a: Zeppelin|75\/100|[from] Recoil\n|\n|-heal|p2a: Skarmory|59\/100|[from] item: Leftovers\n|upkeep\n|turn|13\n|\n|t:|1700523856\n|move|p2a: Skarmory|Roost|p2a: Skarmory\n|-heal|p2a: Skarmory|100\/100\n|-singleturn|p2a: Skarmory|move: Roost\n|move|p1a: Zeppelin|U-turn|p2a: Skarmory\n|-resisted|p2a: Skarmory\n|-damage|p2a: Skarmory|95\/100\n|\n|t:|1700523862\n|switch|p1a: Munchies|Dachsbun, M|100\/100|[from] U-turn\n|\n|-heal|p2a: Skarmory|100\/100|[from] Grassy Terrain\n|upkeep\n|turn|14\n|c| pawket|Goddamn I love these metal birds\n|\n|t:|1700523868\n|switch|p1a: Zeppelin|Corviknight, F|75\/100\n|-ability|p1a: Zeppelin|Pressure\n|move|p2a: Skarmory|Iron Head|p1a: Zeppelin\n|-resisted|p1a: Zeppelin\n|-damage|p1a: Zeppelin|68\/100\n|-damage|p2a: Skarmory|84\/100|[from] item: Rocky Helmet|[of] p1a: Zeppelin\n|\n|-heal|p2a: Skarmory|90\/100|[from] item: Leftovers\n|-fieldend|move: Grassy Terrain\n|upkeep\n|turn|15\n|\n|t:|1700523893\n|move|p2a: Skarmory|Iron Defense|p2a: Skarmory\n|-boost|p2a: Skarmory|def|2\n|move|p1a: Zeppelin|U-turn|p2a: Skarmory\n|-resisted|p2a: Skarmory\n|-damage|p2a: Skarmory|89\/100\n|\n|t:|1700523898\n|switch|p1a: Chic Fil A|Arctozolt, shiny|100\/100|[from] U-turn\n|\n|-heal|p2a: Skarmory|95\/100|[from] item: Leftovers\n|upkeep\n|turn|16\n|j| VoIteon\n|inactive|Gran gran has 270 seconds left.\n|c| pawket|15 turns, 6:6\n|c| pawket|Singles sux\n|\n|t:|1700523951\n|switch|p1a: Oogie Boogie|Banette-Mega, M, shiny|100\/100 par\n|move|p2a: Skarmory|Body Press|p1a: Oogie Boogie\n|-immune|p1a: Oogie Boogie\n|\n|-heal|p2a: Skarmory|100\/100|[from] item: Leftovers\n|upkeep\n|turn|17\n|\n|t:|1700523964\n|move|p2a: Skarmory|Iron Defense|p2a: Skarmory\n|-boost|p2a: Skarmory|def|2\n|move|p1a: Oogie Boogie|Knock Off|p2a: Skarmory\n|-damage|p2a: Skarmory|89\/100\n|-enditem|p2a: Skarmory|Leftovers|[from] move: Knock Off|[of] p1a: Oogie Boogie\n|\n|upkeep\n|turn|18\n|\n|t:|1700523974\n|move|p2a: Skarmory|Iron Defense|p2a: Skarmory\n|-boost|p2a: Skarmory|def|2\n|move|p1a: Oogie Boogie|Shadow Claw|p2a: Skarmory\n|-damage|p2a: Skarmory|80\/100\n|\n|upkeep\n|turn|19\n|\n|t:|1700523982\n|move|p2a: Skarmory|Iron Head|p1a: Oogie Boogie\n|-damage|p1a: Oogie Boogie|69\/100 par\n|move|p1a: Oogie Boogie|Shadow Claw|p2a: Skarmory\n|-damage|p2a: Skarmory|70\/100\n|\n|upkeep\n|turn|20\n|\n|t:|1700523994\n|move|p2a: Skarmory|Iron Head|p1a: Oogie Boogie\n|-damage|p1a: Oogie Boogie|40\/100 par\n|move|p1a: Oogie Boogie|Shadow Claw|p2a: Skarmory\n|-crit|p2a: Skarmory\n|-damage|p2a: Skarmory|15\/100\n|\n|upkeep\n|turn|21\n|\n|t:|1700524001\n|switch|p1a: Zeppelin|Corviknight, F|68\/100\n|-ability|p1a: Zeppelin|Pressure\n|move|p2a: Skarmory|Roost|p2a: Skarmory\n|-heal|p2a: Skarmory|65\/100\n|-singleturn|p2a: Skarmory|move: Roost\n|\n|upkeep\n|turn|22\n|c| pawket|There it is\n|\n|t:|1700524006\n|move|p2a: Skarmory|Roost|p2a: Skarmory\n|-heal|p2a: Skarmory|100\/100\n|-singleturn|p2a: Skarmory|move: Roost\n|move|p1a: Zeppelin|Roost|p1a: Zeppelin\n|-heal|p1a: Zeppelin|100\/100\n|-singleturn|p1a: Zeppelin|move: Roost\n|\n|upkeep\n|turn|23\n|\n|t:|1700524022\n|move|p2a: Skarmory|Body Press|p1a: Zeppelin\n|-damage|p1a: Zeppelin|42\/100\n|-damage|p2a: Skarmory|84\/100|[from] item: Rocky Helmet|[of] p1a: Zeppelin\n|move|p1a: Zeppelin|U-turn|p2a: Skarmory\n|-resisted|p2a: Skarmory\n|-damage|p2a: Skarmory|83\/100\n|\n|t:|1700524029\n|switch|p1a: Oogie Boogie|Banette-Mega, M, shiny|40\/100 par|[from] U-turn\n|\n|upkeep\n|turn|24\n|\n|t:|1700524033\n|move|p1a: Oogie Boogie|Pain Split|p2a: Skarmory\n|-sethp|p2a: Skarmory|62\/100|[from] move: Pain Split|[silent]\n|-sethp|p1a: Oogie Boogie|62\/100 par|[from] move: Pain Split\n|move|p2a: Skarmory|Iron Head|p1a: Oogie Boogie\n|-damage|p1a: Oogie Boogie|29\/100 par\n|\n|upkeep\n|turn|25\n|\n|t:|1700524042\n|move|p1a: Oogie Boogie|Pain Split|p2a: Skarmory\n|-sethp|p2a: Skarmory|45\/100|[from] move: Pain Split|[silent]\n|-sethp|p1a: Oogie Boogie|46\/100 par|[from] move: Pain Split\n|move|p2a: Skarmory|Roost|p2a: Skarmory\n|-heal|p2a: Skarmory|95\/100\n|-singleturn|p2a: Skarmory|move: Roost\n|\n|upkeep\n|turn|26\n|\n|t:|1700524046\n|move|p1a: Oogie Boogie|Pain Split|p2a: Skarmory\n|-sethp|p2a: Skarmory|70\/100|[from] move: Pain Split|[silent]\n|-sethp|p1a: Oogie Boogie|71\/100 par|[from] move: Pain Split\n|move|p2a: Skarmory|Iron Head|p1a: Oogie Boogie\n|-damage|p1a: Oogie Boogie|42\/100 par\n|\n|upkeep\n|turn|27\n|\n|t:|1700524051\n|move|p1a: Oogie Boogie|Pain Split|p2a: Skarmory\n|-sethp|p2a: Skarmory|56\/100|[from] move: Pain Split|[silent]\n|-sethp|p1a: Oogie Boogie|56\/100 par|[from] move: Pain Split\n|move|p2a: Skarmory|Iron Head|p1a: Oogie Boogie\n|-damage|p1a: Oogie Boogie|25\/100 par\n|\n|upkeep\n|turn|28\n|\n|t:|1700524055\n|move|p1a: Oogie Boogie|Pain Split|p2a: Skarmory\n|-sethp|p2a: Skarmory|41\/100|[from] move: Pain Split|[silent]\n|-sethp|p1a: Oogie Boogie|41\/100 par|[from] move: Pain Split\n|move|p2a: Skarmory|Iron Head|p1a: Oogie Boogie\n|-damage|p1a: Oogie Boogie|10\/100 par\n|\n|upkeep\n|turn|29\n|c| pawket|27 turns, 6:6\n|\n|t:|1700524064\n|cant|p1a: Oogie Boogie|par\n|move|p2a: Skarmory|Roost|p2a: Skarmory\n|-heal|p2a: Skarmory|91\/100\n|-singleturn|p2a: Skarmory|move: Roost\n|\n|upkeep\n|turn|30\n|c| pawket|Singles.\n|\n|t:|1700524069\n|move|p1a: Oogie Boogie|Pain Split|p2a: Skarmory\n|-sethp|p2a: Skarmory|50\/100|[from] move: Pain Split|[silent]\n|-sethp|p1a: Oogie Boogie|50\/100 par|[from] move: Pain Split\n|move|p2a: Skarmory|Iron Head|p1a: Oogie Boogie\n|-damage|p1a: Oogie Boogie|20\/100 par\n|\n|upkeep\n|turn|31\n|c| Lunar Sloth|27 turns is nothing\n|c| pawket|2 u\n|\n|t:|1700524087\n|cant|p1a: Oogie Boogie|par\n|move|p2a: Skarmory|Iron Head|p1a: Oogie Boogie\n|-damage|p1a: Oogie Boogie|0 fnt\n|faint|p1a: Oogie Boogie\n|\n|upkeep\n|c| m444rf|rookie numbers\n|c|\u2606ColdSobaNoodle|para on d bond]\n|\n|t:|1700524100\n|switch|p1a: Zeppelin|Corviknight, F|42\/100\n|-ability|p1a: Zeppelin|Pressure\n|turn|32\n|c| pawket|My undiagnosed adhd is vibrating\n|\n|t:|1700524105\n|move|p2a: Skarmory|Roost|p2a: Skarmory\n|-heal|p2a: Skarmory|99\/100\n|-singleturn|p2a: Skarmory|move: Roost\n|move|p1a: Zeppelin|Roost|p1a: Zeppelin\n|-heal|p1a: Zeppelin|92\/100\n|-singleturn|p1a: Zeppelin|move: Roost\n|\n|upkeep\n|turn|33\n|\n|t:|1700524116\n|move|p2a: Skarmory|Body Press|p1a: Zeppelin\n|-damage|p1a: Zeppelin|33\/100\n|-damage|p2a: Skarmory|84\/100|[from] item: Rocky Helmet|[of] p1a: Zeppelin\n|move|p1a: Zeppelin|Roost|p1a: Zeppelin\n|-heal|p1a: Zeppelin|83\/100\n|-singleturn|p1a: Zeppelin|move: Roost\n|\n|upkeep\n|turn|34\n|\n|t:|1700524125\n|move|p2a: Skarmory|Body Press|p1a: Zeppelin\n|-damage|p1a: Zeppelin|26\/100\n|-damage|p2a: Skarmory|67\/100|[from] item: Rocky Helmet|[of] p1a: Zeppelin\n|move|p1a: Zeppelin|Roost|p1a: Zeppelin\n|-heal|p1a: Zeppelin|76\/100\n|-singleturn|p1a: Zeppelin|move: Roost\n|\n|upkeep\n|turn|35\n|\n|t:|1700524137\n|move|p2a: Skarmory|Body Press|p1a: Zeppelin\n|-damage|p1a: Zeppelin|17\/100\n|-damage|p2a: Skarmory|51\/100|[from] item: Rocky Helmet|[of] p1a: Zeppelin\n|move|p1a: Zeppelin|Roost|p1a: Zeppelin\n|-heal|p1a: Zeppelin|67\/100\n|-singleturn|p1a: Zeppelin|move: Roost\n|\n|upkeep\n|turn|36\n|\n|t:|1700524145\n|switch|p1a: Munchies|Dachsbun, M|100\/100\n|move|p2a: Skarmory|Body Press|p1a: Munchies\n|-resisted|p1a: Munchies\n|-damage|p1a: Munchies|63\/100\n|-damage|p2a: Skarmory|34\/100|[from] item: Rocky Helmet|[of] p1a: Munchies\n|\n|upkeep\n|turn|37\n|\n|t:|1700524150\n|switch|p1a: Zeppelin|Corviknight, F|67\/100\n|-ability|p1a: Zeppelin|Pressure\n|move|p2a: Skarmory|Roost|p2a: Skarmory\n|-heal|p2a: Skarmory|84\/100\n|-singleturn|p2a: Skarmory|move: Roost\n|\n|upkeep\n|turn|38\n|c| pawket|c'mon corv bb ur the better bird\n|\n|t:|1700524156\n|move|p2a: Skarmory|Body Press|p1a: Zeppelin\n|-damage|p1a: Zeppelin|9\/100\n|-damage|p2a: Skarmory|68\/100|[from] item: Rocky Helmet|[of] p1a: Zeppelin\n|move|p1a: Zeppelin|Roost|p1a: Zeppelin\n|-heal|p1a: Zeppelin|59\/100\n|-singleturn|p1a: Zeppelin|move: Roost\n|\n|upkeep\n|turn|39\n|\n|t:|1700524168\n|switch|p2a: Chansey|Chansey, F|72\/100\n|switch|p1a: Munchies|Dachsbun, M|63\/100\n|\n|upkeep\n|turn|40\n|\n|t:|1700524175\n|move|p1a: Munchies|Yawn|p2a: Chansey\n|-start|p2a: Chansey|move: Yawn|[of] p1a: Munchies\n|move|p2a: Chansey|Thunder Wave|p1a: Munchies\n|-status|p1a: Munchies|par\n|\n|upkeep\n|turn|41\n|\n|t:|1700524178\n|move|p1a: Munchies|Wish|p1a: Munchies\n|move|p2a: Chansey|Teleport|p2a: Chansey\n|\n|t:|1700524181\n|switch|p2a: Nidoking|Nidoking, M|100\/100|[from] Teleport\n|\n|upkeep\n|turn|42\n|\n|t:|1700524197\n|switch|p1a: Zeppelin|Corviknight, F|59\/100\n|-ability|p1a: Zeppelin|Pressure\n|move|p2a: Nidoking|Thunderbolt|p1a: Zeppelin\n|-supereffective|p1a: Zeppelin\n|-damage|p1a: Zeppelin|0 fnt\n|faint|p1a: Zeppelin\n|\n|upkeep\n|\n|t:|1700524199\n|switch|p1a: Jax|Zygarde-10%, shiny, tera:Ground|18\/100\n|-ability|p1a: Jax|Aura Break\n|turn|43\n|\n|t:|1700524206\n|switch|p2a: Skarmory|Skarmory, M|68\/100\n|move|p1a: Jax|Thousand Arrows|p2a: Skarmory\n|-damage|p2a: Skarmory|19\/100\n|-start|p2a: Skarmory|Smack Down\n|\n|upkeep\n|turn|44\n|\n|t:|1700524213\n|move|p1a: Jax|Thousand Arrows|p2a: Skarmory\n|-supereffective|p2a: Skarmory\n|-damage|p2a: Skarmory|0 fnt\n|faint|p2a: Skarmory\n|\n|upkeep\n|\n|t:|1700524216\n|switch|p2a: Rillaboom|Rillaboom, F|41\/100\n|-fieldstart|move: Grassy Terrain|[from] ability: Grassy Surge|[of] p2a: Rillaboom\n|turn|45\n|\n|t:|1700524221\n|switch|p1a: Munchies|Dachsbun, M|63\/100 par\n|move|p2a: Rillaboom|Grassy Glide|p1a: Munchies\n|-damage|p1a: Munchies|27\/100 par\n|-damage|p2a: Rillaboom|25\/100|[from] item: Rocky Helmet|[of] p1a: Munchies\n|\n|-heal|p2a: Rillaboom|31\/100|[from] Grassy Terrain\n|-heal|p1a: Munchies|33\/100 par|[from] Grassy Terrain\n|upkeep\n|turn|46\n|\n|t:|1700524225\n|move|p2a: Rillaboom|Grassy Glide|p1a: Munchies\n|-damage|p1a: Munchies|0 fnt\n|-damage|p2a: Rillaboom|14\/100|[from] item: Rocky Helmet|[of] p1a: Munchies\n|faint|p1a: Munchies\n|\n|-heal|p2a: Rillaboom|20\/100|[from] Grassy Terrain\n|upkeep\n|\n|t:|1700524229\n|switch|p1a: Jax|Zygarde-10%, shiny, tera:Ground|18\/100\n|-ability|p1a: Jax|Aura Break\n|turn|47\n|inactive|Gran gran has 270 seconds left.\n|\n|t:|1700524281\n|switch|p2a: Gastrodon|Gastrodon, M|100\/100\n|move|p1a: Jax|Extreme Speed|p2a: Gastrodon\n|-damage|p2a: Gastrodon|83\/100\n|\n|-heal|p1a: Jax|24\/100|[from] Grassy Terrain\n|-heal|p2a: Gastrodon|89\/100|[from] Grassy Terrain\n|-heal|p2a: Gastrodon|96\/100|[from] item: Leftovers\n|upkeep\n|turn|48\n|\n|t:|1700524290\n|switch|p1a: \u7a32\u8377|Ninetales-Alola, F, shiny|50\/100\n|-weather|Snow|[from] ability: Snow Warning|[of] p1a: \u7a32\u8377\n|move|p2a: Gastrodon|Earth Power|p1a: \u7a32\u8377\n|-damage|p1a: \u7a32\u8377|17\/100\n|\n|-weather|Snow|[upkeep]\n|-heal|p1a: \u7a32\u8377|23\/100|[from] Grassy Terrain\n|-heal|p2a: Gastrodon|100\/100|[from] Grassy Terrain\n|upkeep\n|turn|49\n|\n|t:|1700524319\n|-terastallize|p2a: Gastrodon|Fire\n|move|p1a: \u7a32\u8377|Freeze-Dry|p2a: Gastrodon\n|-resisted|p2a: Gastrodon\n|-damage|p2a: Gastrodon|89\/100\n|move|p2a: Gastrodon|Earth Power|p1a: \u7a32\u8377\n|-damage|p1a: \u7a32\u8377|0 fnt\n|faint|p1a: \u7a32\u8377\n|\n|-weather|Snow|[upkeep]\n|-heal|p2a: Gastrodon|95\/100|[from] Grassy Terrain\n|-heal|p2a: Gastrodon|100\/100|[from] item: Leftovers\n|-fieldend|move: Grassy Terrain\n|upkeep\n|\n|t:|1700524323\n|switch|p1a: Jax|Zygarde-10%, shiny, tera:Ground|24\/100\n|-ability|p1a: Jax|Aura Break\n|turn|50\n|\n|t:|1700524327\n|switch|p2a: Chansey|Chansey, F|72\/100\n|move|p1a: Jax|Thousand Arrows|p2a: Chansey\n|-damage|p2a: Chansey|3\/100\n|\n|-weather|Snow|[upkeep]\n|upkeep\n|turn|51\n|\n|t:|1700524331\n|move|p1a: Jax|Thousand Arrows|p2a: Chansey\n|-damage|p2a: Chansey|0 fnt\n|faint|p2a: Chansey\n|\n|-weather|Snow|[upkeep]\n|upkeep\n|\n|t:|1700524336\n|switch|p2a: Rillaboom|Rillaboom, F|20\/100\n|-fieldstart|move: Grassy Terrain|[from] ability: Grassy Surge|[of] p2a: Rillaboom\n|turn|52\n|\n|t:|1700524339\n|move|p1a: Jax|Extreme Speed|p2a: Rillaboom\n|-damage|p2a: Rillaboom|0 fnt\n|faint|p2a: Rillaboom\n|\n|-weather|Snow|[upkeep]\n|-heal|p1a: Jax|30\/100|[from] Grassy Terrain\n|upkeep\n|c| pawket|Jax my goat\n|\n|t:|1700524350\n|switch|p2a: Blaziken|Blaziken, F|100\/100\n|turn|53\n|\n|t:|1700524353\n|detailschange|p2a: Blaziken|Blaziken-Mega, F\n|-mega|p2a: Blaziken|Blaziken|Blazikenite\n|move|p2a: Blaziken|Protect|p2a: Blaziken\n|-singleturn|p2a: Blaziken|Protect\n|move|p1a: Jax|Dragon Dance|p1a: Jax\n|-boost|p1a: Jax|atk|1\n|-boost|p1a: Jax|spe|1\n|\n|-weather|Snow|[upkeep]\n|-heal|p1a: Jax|36\/100|[from] Grassy Terrain\n|-ability|p2a: Blaziken|Speed Boost|boost\n|-boost|p2a: Blaziken|spe|1\n|upkeep\n|turn|54\n|c| VoIteon|Holy\n|c| VoIteon|Its joever\n|inactive|Gran gran has 270 seconds left.\n|c| Demolution545|uh oh\n|c| VoIteon|Read like a book\n|c| pawket|J A X\n|c| Lunar Sloth|unless\n|c| pawket|hush\n|inactive|Gran gran has 240 seconds left.\n|\n|t:|1700524419\n|move|p2a: Blaziken|Protect||[still]\n|-fail|p2a: Blaziken\n|move|p1a: Jax|Thousand Arrows|p2a: Blaziken\n|-supereffective|p2a: Blaziken\n|-damage|p2a: Blaziken|0 fnt\n|faint|p2a: Blaziken\n|\n|-weather|Snow|[upkeep]\n|-heal|p1a: Jax|42\/100|[from] Grassy Terrain\n|upkeep\n|c| VoIteon|the double protect???\n|\n|t:|1700524426\n|switch|p2a: Gastrodon|Gastrodon, M, tera:Fire|100\/100\n|turn|55\n|c| VoIteon|nvm\n|inactive|Gran gran has 240 seconds left.\n|c|\u2606ColdSobaNoodle|he risked it for the biscuit\n|\n|t:|1700524435\n|move|p1a: Jax|Thousand Arrows|p2a: Gastrodon\n|-supereffective|p2a: Gastrodon\n|-damage|p2a: Gastrodon|0 fnt\n|faint|p2a: Gastrodon\n|\n|-weather|none\n|-heal|p1a: Jax|48\/100|[from] Grassy Terrain\n|upkeep\n|\n|t:|1700524438\n|switch|p2a: Nidoking|Nidoking, M|100\/100\n|turn|56\n|c|\u2606ColdSobaNoodle|I respect risk\n|c|\u2606Gran gran|gg\n|\n|t:|1700524443\n|move|p1a: Jax|Thousand Arrows|p2a: Nidoking\n|-supereffective|p2a: Nidoking\n|-damage|p2a: Nidoking|0 fnt\n|faint|p2a: Nidoking\n|\n|win|ColdSobaNoodle\n|c| pawket|I'm screaming\n|c|\u2606ColdSobaNoodle|ggs\n|c| Lunar Sloth|it was the only way to win\n","uploadtime":1700524451,"views":7,"p1id":"coldsobanoodle","p2id":"grangran","formatid":"gen9nationaldexubers","rating":0,"private":0,"password":""}