{"id":"gen9nationaldexubers-1999388713","p1":"BluishDragon01","p2":"a super gay llama","format":"[Gen 9] National Dex Ubers","log":"|j|\u2606BluishDragon01\n|j|\u2606a super gay llama\n|t:|1701071991\n|gametype|singles\n|player|p1|BluishDragon01|steven|1480\n|player|p2|a super gay llama|tate|1497\n|teamsize|p1|6\n|teamsize|p2|6\n|gen|9\n|tier|[Gen 9] National Dex Ubers\n|rated|\n|rule|HP Percentage Mod: HP is shown in percentages\n|rule|Endless Battle Clause: Forcing endless battles is banned\n|rule|OHKO Clause: OHKO moves are banned\n|rule|Evasion Moves Clause: Evasion moves are banned\n|rule|Evasion Items Clause: Evasion items are banned\n|rule|Species Clause: Limit one of each Pok\u00e9mon\n|rule|Sleep Clause Mod: Limit one foe put to sleep\n|rule|Mega Rayquaza Clause: You cannot mega evolve Rayquaza\n|clearpoke\n|poke|p1|Palkia-Origin|\n|poke|p1|Darmanitan-Galar, F|\n|poke|p1|Thundurus, M|\n|poke|p1|Smeargle, M|\n|poke|p1|Groudon|\n|poke|p1|Beedrill, M|\n|poke|p2|Registeel|\n|poke|p2|Lycanroc, F|\n|poke|p2|Blaziken, M|\n|poke|p2|Kyogre|\n|poke|p2|Ursaluna-Bloodmoon, M|\n|poke|p2|Lunala|\n|teampreview\n|inactive|Battle timer is ON: inactive players will automatically lose when time's up. (requested by a super gay llama)\n|inactive|BluishDragon01 also wants the timer to be on.\n|\n|t:|1701072009\n|start\n|switch|p1a: Palkia|Palkia-Origin|100\/100\n|switch|p2a: Lycanroc|Lycanroc, F|100\/100\n|-ability|p1a: Palkia|Pressure\n|turn|1\n|\n|t:|1701072032\n|switch|p1a: Beedrill|Beedrill, M|100\/100\n|move|p2a: Lycanroc|Endeavor|p1a: Beedrill\n|-damage|p1a: Beedrill|96\/100\n|\n|upkeep\n|turn|2\n|\n|t:|1701072046\n|detailschange|p1a: Beedrill|Beedrill-Mega, M\n|-mega|p1a: Beedrill|Beedrill|Beedrillite\n|move|p2a: Lycanroc|Accelerock|p1a: Beedrill\n|-supereffective|p1a: Beedrill\n|-crit|p1a: Beedrill\n|-damage|p1a: Beedrill|0 fnt\n|faint|p1a: Beedrill\n|\n|upkeep\n|\n|t:|1701072055\n|switch|p1a: Smeargle|Smeargle, M|100\/100\n|turn|3\n|inactive|BluishDragon01 has 120 seconds left.\n|\n|t:|1701072081\n|-terastallize|p1a: Smeargle|Ghost\n|move|p2a: Lycanroc|Accelerock|p1a: Smeargle\n|-damage|p1a: Smeargle|56\/100\n|move|p1a: Smeargle|Stealth Rock|p2a: Lycanroc\n|-sidestart|p2: a super gay llama|move: Stealth Rock\n|\n|-ability|p1a: Smeargle|Moody|boost\n|-boost|p1a: Smeargle|def|2\n|-unboost|p1a: Smeargle|spe|1\n|upkeep\n|turn|4\n|inactive|BluishDragon01 has 120 seconds left.\n|\n|t:|1701072094\n|move|p2a: Lycanroc|Accelerock|p1a: Smeargle\n|-damage|p1a: Smeargle|33\/100\n|move|p1a: Smeargle|Spore|p2a: Lycanroc\n|-status|p2a: Lycanroc|slp|[from] move: Spore\n|\n|-ability|p1a: Smeargle|Moody|boost\n|-boost|p1a: Smeargle|spe|2\n|-unboost|p1a: Smeargle|atk|1\n|upkeep\n|turn|5\n|\n|t:|1701072111\n|cant|p2a: Lycanroc|slp\n|move|p1a: Smeargle|Sticky Web|p2a: Lycanroc\n|-sidestart|p2: a super gay llama|move: Sticky Web\n|\n|-ability|p1a: Smeargle|Moody|boost\n|-boost|p1a: Smeargle|atk|2\n|-unboost|p1a: Smeargle|spa|1\n|upkeep\n|turn|6\n|\n|t:|1701072120\n|cant|p2a: Lycanroc|slp\n|move|p1a: Smeargle|Destiny Bond|p1a: Smeargle\n|-singlemove|p1a: Smeargle|Destiny Bond\n|\n|-ability|p1a: Smeargle|Moody|boost\n|-boost|p1a: Smeargle|spd|2\n|-unboost|p1a: Smeargle|def|1\n|upkeep\n|turn|7\n|\n|t:|1701072134\n|-curestatus|p2a: Lycanroc|slp|[msg]\n|move|p2a: Lycanroc|Accelerock|p1a: Smeargle\n|-damage|p1a: Smeargle|2\/100\n|move|p1a: Smeargle|Stealth Rock||[still]\n|-fail|p1a: Smeargle\n|\n|-ability|p1a: Smeargle|Moody|boost\n|-boost|p1a: Smeargle|spa|2\n|-unboost|p1a: Smeargle|spe|1\n|upkeep\n|turn|8\n|\n|t:|1701072144\n|move|p2a: Lycanroc|Accelerock|p1a: Smeargle\n|-damage|p1a: Smeargle|0 fnt\n|faint|p1a: Smeargle\n|\n|upkeep\n|\n|t:|1701072148\n|switch|p1a: Thundurus|Thundurus, M|100\/100\n|turn|9\n|\n|t:|1701072172\n|move|p2a: Lycanroc|Accelerock|p1a: Thundurus\n|-supereffective|p1a: Thundurus\n|-damage|p1a: Thundurus|54\/100\n|move|p1a: Thundurus|Volt Switch|p2a: Lycanroc\n|-damage|p2a: Lycanroc|44\/100\n|\n|t:|1701072179\n|switch|p1a: Palkia|Palkia-Origin|100\/100|[from] Volt Switch\n|-ability|p1a: Palkia|Pressure\n|\n|upkeep\n|turn|10\n|\n|t:|1701072191\n|move|p2a: Lycanroc|Accelerock|p1a: Palkia\n|-damage|p1a: Palkia|81\/100\n|move|p1a: Palkia|Spacial Rend|p2a: Lycanroc\n|-damage|p2a: Lycanroc|0 fnt\n|faint|p2a: Lycanroc\n|\n|upkeep\n|\n|t:|1701072205\n|switch|p2a: Ursaluna|Ursaluna-Bloodmoon, M|100\/100\n|-damage|p2a: Ursaluna|94\/100|[from] Stealth Rock\n|-activate|p2a: Ursaluna|move: Sticky Web\n|-unboost|p2a: Ursaluna|spe|1\n|turn|11\n|\n|t:|1701072214\n|move|p1a: Palkia|Surf|p2a: Ursaluna\n|-supereffective|p2a: Ursaluna\n|-damage|p2a: Ursaluna|9\/100\n|move|p2a: Ursaluna|Moonblast|p1a: Palkia\n|-supereffective|p1a: Palkia\n|-damage|p1a: Palkia|13\/100\n|\n|upkeep\n|turn|12\n|\n|t:|1701072227\n|move|p2a: Ursaluna|Vacuum Wave|p1a: Palkia\n|-damage|p1a: Palkia|0 fnt\n|faint|p1a: Palkia\n|\n|upkeep\n|\n|t:|1701072235\n|switch|p1a: Groudon|Groudon|100\/100\n|detailschange|p1a: Groudon|Groudon-Primal\n|-primal|p1a: Groudon|Red Orb\n|-weather|DesolateLand|[from] ability: Desolate Land|[of] p1a: Groudon\n|turn|13\n|\n|t:|1701072245\n|move|p1a: Groudon|Heat Crash|p2a: Ursaluna\n|-damage|p2a: Ursaluna|0 fnt\n|faint|p2a: Ursaluna\n|\n|-weather|DesolateLand|[upkeep]\n|upkeep\n|\n|t:|1701072262\n|switch|p2a: Registeel|Registeel|100\/100\n|-damage|p2a: Registeel|95\/100|[from] Stealth Rock\n|-activate|p2a: Registeel|move: Sticky Web\n|-fail|p2a: Registeel|unboost|[from] ability: Clear Body|[of] p2a: Registeel\n|turn|14\n|\n|t:|1701072280\n|move|p2a: Registeel|Protect|p2a: Registeel\n|-singleturn|p2a: Registeel|Protect\n|move|p1a: Groudon|Heat Crash|p2a: Registeel\n|-activate|p2a: Registeel|move: Protect\n|\n|-weather|DesolateLand|[upkeep]\n|-heal|p2a: Registeel|100\/100|[from] item: Leftovers\n|upkeep\n|turn|15\n|\n|t:|1701072302\n|-weather|none\n|switch|p1a: Thundurus|Thundurus, M|54\/100\n|-terastallize|p2a: Registeel|Flying\n|move|p2a: Registeel|Counter||[still]\n|-fail|p2a: Registeel\n|\n|upkeep\n|turn|16\n|\n|t:|1701072322\n|switch|p2a: Lunala|Lunala|100\/100\n|move|p1a: Thundurus|Thunder Wave|p2a: Lunala\n|-status|p2a: Lunala|par\n|\n|upkeep\n|turn|17\n|\n|t:|1701072330\n|move|p1a: Thundurus|Volt Switch|p2a: Lunala\n|-damage|p2a: Lunala|88\/100 par\n|\n|t:|1701072334\n|switch|p1a: Darmanitan|Darmanitan-Galar, F|100\/100|[from] Volt Switch\n|move|p2a: Lunala|Moongeist Beam|p1a: Darmanitan\n|-damage|p1a: Darmanitan|17\/100\n|-enditem|p1a: Darmanitan|Salac Berry|[eat]\n|-boost|p1a: Darmanitan|spe|1|[from] item: Salac Berry\n|\n|-formechange|p1a: Darmanitan|Darmanitan-Galar-Zen|\n|upkeep\n|turn|18\n|\n|t:|1701072347\n|move|p1a: Darmanitan|Fire Punch|p2a: Lunala\n|-damage|p2a: Lunala|50\/100 par\n|move|p2a: Lunala|Moongeist Beam|p1a: Darmanitan\n|-crit|p1a: Darmanitan\n|-damage|p1a: Darmanitan|0 fnt\n|faint|p1a: Darmanitan\n|\n|upkeep\n|\n|t:|1701072353\n|switch|p1a: Groudon|Groudon-Primal|100\/100\n|-weather|DesolateLand|[from] ability: Desolate Land|[of] p1a: Groudon\n|turn|19\n|\n|t:|1701072362\n|move|p1a: Groudon|Precipice Blades|p2a: Lunala|[miss]\n|-miss|p1a: Groudon|p2a: Lunala\n|move|p2a: Lunala|Moongeist Beam|p1a: Groudon\n|-damage|p1a: Groudon|44\/100\n|\n|-weather|DesolateLand|[upkeep]\n|upkeep\n|turn|20\n|\n|t:|1701072366\n|move|p1a: Groudon|Heat Crash|p2a: Lunala\n|-damage|p2a: Lunala|0 fnt\n|faint|p2a: Lunala\n|\n|-weather|DesolateLand|[upkeep]\n|upkeep\n|\n|t:|1701072379\n|switch|p2a: Kyogre|Kyogre|100\/100\n|-damage|p2a: Kyogre|88\/100|[from] Stealth Rock\n|-activate|p2a: Kyogre|move: Sticky Web\n|-unboost|p2a: Kyogre|spe|1\n|-ability|p2a: Kyogre|Drizzle|[from] desolateland|[fail]\n|turn|21\n|\n|t:|1701072386\n|move|p2a: Kyogre|Ice Beam|p1a: Groudon\n|-damage|p1a: Groudon|5\/100\n|move|p1a: Groudon|Precipice Blades|p2a: Kyogre\n|-damage|p2a: Kyogre|0 fnt\n|faint|p2a: Kyogre\n|\n|-weather|DesolateLand|[upkeep]\n|upkeep\n|c|\u2606BluishDragon01|dang\n|\n|t:|1701072396\n|switch|p2a: Registeel|Registeel, tera:Flying|100\/100\n|-damage|p2a: Registeel|76\/100|[from] Stealth Rock\n|turn|22\n|\n|t:|1701072399\n|-weather|none\n|switch|p1a: Thundurus|Thundurus, M|54\/100\n|move|p2a: Registeel|Body Press|p1a: Thundurus\n|-resisted|p1a: Thundurus\n|-damage|p1a: Thundurus|33\/100\n|\n|-heal|p2a: Registeel|82\/100|[from] item: Leftovers\n|upkeep\n|turn|23\n|\n|t:|1701072405\n|switch|p2a: Blaziken|Blaziken, M|100\/100\n|-damage|p2a: Blaziken|88\/100|[from] Stealth Rock\n|-activate|p2a: Blaziken|move: Sticky Web\n|-unboost|p2a: Blaziken|spe|1\n|move|p1a: Thundurus|Volt Switch|p2a: Blaziken\n|-damage|p2a: Blaziken|45\/100\n|\n|t:|1701072407\n|switch|p1a: Groudon|Groudon-Primal|5\/100|[from] Volt Switch\n|-weather|DesolateLand|[from] ability: Desolate Land|[of] p1a: Groudon\n|\n|-weather|DesolateLand|[upkeep]\n|upkeep\n|turn|24\n|\n|t:|1701072413\n|detailschange|p2a: Blaziken|Blaziken-Mega, M\n|-mega|p2a: Blaziken|Blaziken|Blazikenite\n|move|p2a: Blaziken|Protect|p2a: Blaziken\n|-singleturn|p2a: Blaziken|Protect\n|move|p1a: Groudon|Rock Polish|p1a: Groudon\n|-boost|p1a: Groudon|spe|2\n|\n|-weather|DesolateLand|[upkeep]\n|-ability|p2a: Blaziken|Speed Boost|boost\n|-boost|p2a: Blaziken|spe|1\n|upkeep\n|turn|25\n|-message|a super gay llama forfeited.\n|\n|win|BluishDragon01\n|raw|BluishDragon01's rating: 1480 &rarr; <strong>1501<\/strong><br \/>(+21 for winning)\n|raw|a super gay llama's rating: 1497 &rarr; <strong>1476<\/strong><br \/>(-21 for losing)\n|l|\u2606a super gay llama\n","uploadtime":1701072429,"views":2,"p1id":"bluishdragon01","p2id":"asupergayllama","formatid":"gen9nationaldexubers","rating":1476,"private":0,"password":""}