{"id":"gen9nationaldexubers-1980029094","p1":"Batoim","p2":"jmrdrogzxx","format":"[Gen 9] National Dex Ubers","log":"|j|\u2606Batoim\n|j|\u2606jmrdrogzxx\n|t:|1698748843\n|gametype|singles\n|player|p1|Batoim|170|1287\n|player|p2|jmrdrogzxx|169|1313\n|teamsize|p1|6\n|teamsize|p2|6\n|gen|9\n|tier|[Gen 9] National Dex Ubers\n|rated|\n|rule|HP Percentage Mod: HP is shown in percentages\n|rule|Endless Battle Clause: Forcing endless battles is banned\n|rule|OHKO Clause: OHKO moves are banned\n|rule|Evasion Moves Clause: Evasion moves are banned\n|rule|Evasion Items Clause: Evasion items are banned\n|rule|Species Clause: Limit one of each Pok\u00e9mon\n|rule|Sleep Clause Mod: Limit one foe put to sleep\n|rule|Mega Rayquaza Clause: You cannot mega evolve Rayquaza\n|clearpoke\n|poke|p1|Grimmsnarl, M|\n|poke|p1|Volcarona, F|\n|poke|p1|Metagross|\n|poke|p1|Cloyster, M|\n|poke|p1|Dragapult, M|\n|poke|p1|Amoonguss, F|\n|poke|p2|Chansey, F|\n|poke|p2|Blaziken, M|\n|poke|p2|Ferrothorn, M|\n|poke|p2|Arceus|\n|poke|p2|Cloyster, M|\n|poke|p2|Marshadow|\n|teampreview\n|\n|t:|1698748875\n|start\n|switch|p1a: Metagross|Metagross, shiny|100\/100\n|switch|p2a: Cloyster|Cloyster, M|100\/100\n|turn|1\n|\n|t:|1698748897\n|detailschange|p1a: Metagross|Metagross-Mega, shiny\n|-mega|p1a: Metagross|Metagross|Metagrossite\n|move|p1a: Metagross|Body Press|p2a: Cloyster\n|-supereffective|p2a: Cloyster\n|-damage|p2a: Cloyster|39\/100\n|move|p2a: Cloyster|Shell Smash|p2a: Cloyster\n|-unboost|p2a: Cloyster|def|1\n|-unboost|p2a: Cloyster|spd|1\n|-boost|p2a: Cloyster|atk|2\n|-boost|p2a: Cloyster|spa|2\n|-boost|p2a: Cloyster|spe|2\n|\n|upkeep\n|turn|2\n|\n|t:|1698748909\n|move|p1a: Metagross|Bullet Punch|p2a: Cloyster\n|-damage|p2a: Cloyster|0 fnt\n|faint|p2a: Cloyster\n|\n|upkeep\n|\n|t:|1698748915\n|switch|p2a: Blaziken|Blaziken, M|100\/100\n|turn|3\n|\n|t:|1698748924\n|detailschange|p2a: Blaziken|Blaziken-Mega, M\n|-mega|p2a: Blaziken|Blaziken|Blazikenite\n|move|p1a: Metagross|Body Press|p2a: Blaziken\n|-crit|p2a: Blaziken\n|-damage|p2a: Blaziken|45\/100\n|move|p2a: Blaziken|Blaze Kick|p1a: Metagross\n|-supereffective|p1a: Metagross\n|-damage|p1a: Metagross|10\/100\n|\n|-ability|p2a: Blaziken|Speed Boost|boost\n|-boost|p2a: Blaziken|spe|1\n|upkeep\n|turn|4\n|\n|t:|1698748941\n|move|p2a: Blaziken|Protect|p2a: Blaziken\n|-singleturn|p2a: Blaziken|Protect\n|move|p1a: Metagross|Bullet Punch|p2a: Blaziken\n|-activate|p2a: Blaziken|move: Protect\n|\n|-ability|p2a: Blaziken|Speed Boost|boost\n|-boost|p2a: Blaziken|spe|1\n|upkeep\n|turn|5\n|\n|t:|1698748994\n|move|p2a: Blaziken|Earthquake|p1a: Metagross\n|-supereffective|p1a: Metagross\n|-damage|p1a: Metagross|0 fnt\n|faint|p1a: Metagross\n|\n|-ability|p2a: Blaziken|Speed Boost|boost\n|-boost|p2a: Blaziken|spe|1\n|upkeep\n|\n|t:|1698749003\n|switch|p1a: Grimmsnarl|Grimmsnarl, M, shiny|100\/100\n|turn|6\n|\n|t:|1698749012\n|move|p2a: Blaziken|Protect|p2a: Blaziken\n|-singleturn|p2a: Blaziken|Protect\n|move|p1a: Grimmsnarl|Thunder Wave|p2a: Blaziken\n|-activate|p2a: Blaziken|move: Protect\n|\n|-ability|p2a: Blaziken|Speed Boost|boost\n|-boost|p2a: Blaziken|spe|1\n|upkeep\n|turn|7\n|\n|t:|1698749018\n|move|p1a: Grimmsnarl|Thunder Wave|p2a: Blaziken\n|-status|p2a: Blaziken|par\n|move|p2a: Blaziken|Earthquake|p1a: Grimmsnarl\n|-damage|p1a: Grimmsnarl|45\/100\n|\n|-ability|p2a: Blaziken|Speed Boost|boost\n|-boost|p2a: Blaziken|spe|1\n|upkeep\n|turn|8\n|\n|t:|1698749026\n|move|p1a: Grimmsnarl|Reflect|p1a: Grimmsnarl\n|-sidestart|p1: Batoim|Reflect\n|move|p2a: Blaziken|Earthquake|p1a: Grimmsnarl\n|-damage|p1a: Grimmsnarl|18\/100\n|\n|-ability|p2a: Blaziken|Speed Boost|boost\n|-boost|p2a: Blaziken|spe|1\n|upkeep\n|turn|9\n|\n|t:|1698749034\n|move|p2a: Blaziken|Earthquake|p1a: Grimmsnarl\n|-damage|p1a: Grimmsnarl|0 fnt\n|faint|p1a: Grimmsnarl\n|\n|upkeep\n|\n|t:|1698749042\n|switch|p1a: Volcarona|Volcarona, F, shiny|100\/100\n|turn|10\n|\n|t:|1698749046\n|move|p2a: Blaziken|Earthquake|p1a: Volcarona\n|-damage|p1a: Volcarona|68\/100\n|move|p1a: Volcarona|Fire Blast|p2a: Blaziken\n|-resisted|p2a: Blaziken\n|-damage|p2a: Blaziken|11\/100 par\n|\n|upkeep\n|turn|11\n|\n|t:|1698749050\n|move|p2a: Blaziken|Earthquake|p1a: Volcarona\n|-damage|p1a: Volcarona|34\/100\n|-enditem|p1a: Volcarona|Sitrus Berry|[eat]\n|-heal|p1a: Volcarona|59\/100|[from] item: Sitrus Berry\n|move|p1a: Volcarona|Fire Blast|p2a: Blaziken\n|-resisted|p2a: Blaziken\n|-damage|p2a: Blaziken|0 fnt\n|faint|p2a: Blaziken\n|\n|upkeep\n|\n|t:|1698749056\n|switch|p2a: Arceus|Arceus|100\/100\n|turn|12\n|\n|t:|1698749060\n|move|p1a: Volcarona|Quiver Dance|p1a: Volcarona\n|-boost|p1a: Volcarona|spa|1\n|-boost|p1a: Volcarona|spd|1\n|-boost|p1a: Volcarona|spe|1\n|move|p2a: Arceus|Substitute|p2a: Arceus\n|-start|p2a: Arceus|Substitute\n|-damage|p2a: Arceus|76\/100\n|\n|-heal|p2a: Arceus|82\/100|[from] item: Leftovers\n|upkeep\n|turn|13\n|\n|t:|1698749073\n|move|p1a: Volcarona|Bug Buzz|p2a: Arceus\n|-damage|p2a: Arceus|37\/100\n|move|p2a: Arceus|Swords Dance|p2a: Arceus\n|-boost|p2a: Arceus|atk|2\n|\n|-heal|p2a: Arceus|43\/100|[from] item: Leftovers\n|upkeep\n|turn|14\n|\n|t:|1698749099\n|move|p1a: Volcarona|Bug Buzz|p2a: Arceus\n|-damage|p2a: Arceus|0 fnt\n|faint|p2a: Arceus\n|\n|upkeep\n|inactive|Battle timer is ON: inactive players will automatically lose when time's up. (requested by Batoim)\n|\n|t:|1698749109\n|switch|p2a: Chansey|Chansey, F|100\/100\n|turn|15\n|\n|t:|1698749120\n|-terastallize|p1a: Volcarona|Bug\n|move|p1a: Volcarona|Bug Buzz|p2a: Chansey\n|-damage|p2a: Chansey|69\/100\n|move|p2a: Chansey|Toxic|p1a: Volcarona\n|-status|p1a: Volcarona|tox\n|\n|-damage|p1a: Volcarona|53\/100 tox|[from] psn\n|-sideend|p1: Batoim|Reflect\n|upkeep\n|turn|16\n|\n|t:|1698749125\n|move|p1a: Volcarona|Fire Blast|p2a: Chansey\n|-damage|p2a: Chansey|42\/100\n|move|p2a: Chansey|Soft-Boiled|p2a: Chansey\n|-heal|p2a: Chansey|93\/100\n|\n|-damage|p1a: Volcarona|40\/100 tox|[from] psn\n|upkeep\n|turn|17\n|\n|t:|1698749146\n|move|p1a: Volcarona|Quiver Dance|p1a: Volcarona\n|-boost|p1a: Volcarona|spa|1\n|-boost|p1a: Volcarona|spd|1\n|-boost|p1a: Volcarona|spe|1\n|move|p2a: Chansey|Soft-Boiled|p2a: Chansey\n|-heal|p2a: Chansey|100\/100\n|\n|-damage|p1a: Volcarona|22\/100 tox|[from] psn\n|upkeep\n|turn|18\n|\n|t:|1698749153\n|move|p1a: Volcarona|Fire Blast|p2a: Chansey\n|-damage|p2a: Chansey|63\/100\n|move|p2a: Chansey|Soft-Boiled|p2a: Chansey\n|-heal|p2a: Chansey|100\/100\n|\n|-damage|p1a: Volcarona|0 fnt|[from] psn\n|faint|p1a: Volcarona\n|upkeep\n|\n|t:|1698749172\n|switch|p1a: Cloyster|Cloyster, M, shiny|100\/100\n|turn|19\n|\n|t:|1698749176\n|move|p1a: Cloyster|Shell Smash|p1a: Cloyster\n|-unboost|p1a: Cloyster|def|1\n|-unboost|p1a: Cloyster|spd|1\n|-boost|p1a: Cloyster|atk|2\n|-boost|p1a: Cloyster|spa|2\n|-boost|p1a: Cloyster|spe|2\n|-enditem|p1a: Cloyster|White Herb\n|-clearnegativeboost|p1a: Cloyster|[silent]\n|move|p2a: Chansey|Toxic|p1a: Cloyster\n|-status|p1a: Cloyster|tox\n|\n|-damage|p1a: Cloyster|94\/100 tox|[from] psn\n|upkeep\n|turn|20\n|\n|t:|1698749193\n|move|p1a: Cloyster|Icicle Spear|p2a: Chansey\n|-damage|p2a: Chansey|85\/100\n|-damage|p2a: Chansey|71\/100\n|-damage|p2a: Chansey|57\/100\n|-damage|p2a: Chansey|42\/100\n|-damage|p2a: Chansey|27\/100\n|-hitcount|p2a: Chansey|5\n|move|p2a: Chansey|Seismic Toss|p1a: Cloyster\n|-damage|p1a: Cloyster|53\/100 tox\n|\n|-damage|p1a: Cloyster|40\/100 tox|[from] psn\n|upkeep\n|turn|21\n|\n|t:|1698749206\n|switch|p2a: Ferrothorn|Ferrothorn, M|100\/100\n|move|p1a: Cloyster|Icicle Spear|p2a: Ferrothorn\n|-damage|p2a: Ferrothorn|87\/100\n|-damage|p2a: Ferrothorn|74\/100\n|-damage|p2a: Ferrothorn|60\/100\n|-damage|p2a: Ferrothorn|46\/100\n|-crit|p2a: Ferrothorn\n|-damage|p2a: Ferrothorn|26\/100\n|-hitcount|p2a: Ferrothorn|5\n|\n|-heal|p2a: Ferrothorn|32\/100|[from] item: Leftovers\n|-damage|p1a: Cloyster|22\/100 tox|[from] psn\n|upkeep\n|turn|22\n|\n|t:|1698749212\n|move|p2a: Ferrothorn|Protect|p2a: Ferrothorn\n|-singleturn|p2a: Ferrothorn|Protect\n|move|p1a: Cloyster|Icicle Spear|p2a: Ferrothorn\n|-activate|p2a: Ferrothorn|move: Protect\n|\n|-heal|p2a: Ferrothorn|38\/100|[from] item: Leftovers\n|-damage|p1a: Cloyster|0 fnt|[from] psn\n|faint|p1a: Cloyster\n|upkeep\n|\n|t:|1698749216\n|switch|p1a: Dragapult|Dragapult, M, shiny|100\/100\n|turn|23\n|\n|t:|1698749226\n|move|p2a: Ferrothorn|Protect||[still]\n|-fail|p2a: Ferrothorn\n|move|p1a: Dragapult|Dragon Dance|p1a: Dragapult\n|-boost|p1a: Dragapult|atk|1\n|-boost|p1a: Dragapult|spe|1\n|\n|-heal|p2a: Ferrothorn|45\/100|[from] item: Leftovers\n|upkeep\n|turn|24\n|\n|t:|1698749232\n|move|p1a: Dragapult|Dragon Dance|p1a: Dragapult\n|-boost|p1a: Dragapult|atk|1\n|-boost|p1a: Dragapult|spe|1\n|move|p2a: Ferrothorn|Leech Seed|p1a: Dragapult\n|-start|p1a: Dragapult|move: Leech Seed\n|\n|-heal|p2a: Ferrothorn|51\/100|[from] item: Leftovers\n|-damage|p1a: Dragapult|88\/100|[from] Leech Seed|[of] p2a: Ferrothorn\n|-heal|p2a: Ferrothorn|62\/100|[silent]\n|upkeep\n|turn|25\n|\n|t:|1698749241\n|move|p2a: Ferrothorn|Protect|p2a: Ferrothorn\n|-singleturn|p2a: Ferrothorn|Protect\n|move|p1a: Dragapult|Dragon Darts|p2a: Ferrothorn\n|-activate|p2a: Ferrothorn|move: Protect\n|\n|-heal|p2a: Ferrothorn|68\/100|[from] item: Leftovers\n|-damage|p1a: Dragapult|76\/100|[from] Leech Seed|[of] p2a: Ferrothorn\n|-heal|p2a: Ferrothorn|79\/100|[silent]\n|upkeep\n|turn|26\n|\n|t:|1698749246\n|move|p1a: Dragapult|Dragon Darts|p2a: Ferrothorn\n|-resisted|p2a: Ferrothorn\n|-damage|p2a: Ferrothorn|61\/100\n|-anim|p1a: Dragapult|Dragon Darts|p2a: Ferrothorn\n|-resisted|p2a: Ferrothorn\n|-damage|p2a: Ferrothorn|41\/100\n|move|p2a: Ferrothorn|Toxic|p1a: Dragapult\n|-status|p1a: Dragapult|tox\n|\n|-heal|p2a: Ferrothorn|47\/100|[from] item: Leftovers\n|-damage|p1a: Dragapult|64\/100 tox|[from] Leech Seed|[of] p2a: Ferrothorn\n|-heal|p2a: Ferrothorn|58\/100|[silent]\n|-damage|p1a: Dragapult|58\/100 tox|[from] psn\n|upkeep\n|turn|27\n|\n|t:|1698749258\n|move|p2a: Ferrothorn|Protect|p2a: Ferrothorn\n|-singleturn|p2a: Ferrothorn|Protect\n|move|p1a: Dragapult|Dragon Dance|p1a: Dragapult\n|-boost|p1a: Dragapult|atk|1\n|-boost|p1a: Dragapult|spe|1\n|\n|-heal|p2a: Ferrothorn|64\/100|[from] item: Leftovers\n|-damage|p1a: Dragapult|45\/100 tox|[from] Leech Seed|[of] p2a: Ferrothorn\n|-heal|p2a: Ferrothorn|75\/100|[silent]\n|-damage|p1a: Dragapult|34\/100 tox|[from] psn\n|upkeep\n|turn|28\n|\n|t:|1698749267\n|move|p1a: Dragapult|Dragon Darts|p2a: Ferrothorn\n|-resisted|p2a: Ferrothorn\n|-damage|p2a: Ferrothorn|51\/100\n|-anim|p1a: Dragapult|Dragon Darts|p2a: Ferrothorn\n|-resisted|p2a: Ferrothorn\n|-damage|p2a: Ferrothorn|29\/100\n|move|p2a: Ferrothorn|Gyro Ball|p1a: Dragapult\n|-damage|p1a: Dragapult|0 fnt\n|faint|p1a: Dragapult\n|\n|-heal|p2a: Ferrothorn|35\/100|[from] item: Leftovers\n|upkeep\n|\n|t:|1698749271\n|switch|p1a: Amoonguss|Amoonguss, F, shiny|100\/100\n|turn|29\n|\n|t:|1698749279\n|move|p2a: Ferrothorn|Protect|p2a: Ferrothorn\n|-singleturn|p2a: Ferrothorn|Protect\n|move|p1a: Amoonguss|Giga Drain|p2a: Ferrothorn\n|-activate|p2a: Ferrothorn|move: Protect\n|\n|-heal|p2a: Ferrothorn|42\/100|[from] item: Leftovers\n|upkeep\n|turn|30\n|\n|t:|1698749285\n|move|p1a: Amoonguss|Spore|p2a: Ferrothorn\n|-immune|p2a: Ferrothorn\n|move|p2a: Ferrothorn|Gyro Ball|p1a: Amoonguss\n|-damage|p1a: Amoonguss|79\/100\n|\n|-heal|p1a: Amoonguss|86\/100|[from] item: Black Sludge\n|-heal|p2a: Ferrothorn|48\/100|[from] item: Leftovers\n|upkeep\n|turn|31\n|\n|t:|1698749293\n|move|p1a: Amoonguss|Giga Drain|p2a: Ferrothorn\n|-resisted|p2a: Ferrothorn\n|-damage|p2a: Ferrothorn|41\/100\n|-heal|p1a: Amoonguss|89\/100|[from] drain|[of] p2a: Ferrothorn\n|move|p2a: Ferrothorn|Gyro Ball|p1a: Amoonguss\n|-damage|p1a: Amoonguss|66\/100\n|\n|-heal|p1a: Amoonguss|73\/100|[from] item: Black Sludge\n|-heal|p2a: Ferrothorn|47\/100|[from] item: Leftovers\n|upkeep\n|turn|32\n|-message|Batoim forfeited.\n|\n|win|jmrdrogzxx\n|raw|Batoim's rating: 1287 &rarr; <strong>1264<\/strong><br \/>(-23 for losing)\n|raw|jmrdrogzxx's rating: 1313 &rarr; <strong>1332<\/strong><br \/>(+19 for winning)\n|l|\u2606Batoim\n|j|\u2606Batoim\n|player|p1|Batoim|170\n|l|\u2606Batoim\n|player|p1|\n","uploadtime":1698749645,"views":10,"p1id":"batoim","p2id":"jmrdrogzxx","formatid":"gen9nationaldexubers","rating":1264,"private":0,"password":""}