{"id":"gen9nationaldexubers-1986813988","p1":"thyddkkj","p2":"Szymszym134","format":"[Gen 9] National Dex Ubers","log":"|j|\u2606thyddkkj\n|j|\u2606Szymszym134\n|t:|1699529142\n|gametype|singles\n|player|p1|thyddkkj|cilan|1558\n|player|p2|Szymszym134|elesa|1632\n|teamsize|p1|6\n|teamsize|p2|6\n|gen|9\n|tier|[Gen 9] National Dex Ubers\n|rated|\n|rule|HP Percentage Mod: HP is shown in percentages\n|rule|Endless Battle Clause: Forcing endless battles is banned\n|rule|OHKO Clause: OHKO moves are banned\n|rule|Evasion Moves Clause: Evasion moves are banned\n|rule|Evasion Items Clause: Evasion items are banned\n|rule|Species Clause: Limit one of each Pok\u00e9mon\n|rule|Sleep Clause Mod: Limit one foe put to sleep\n|rule|Mega Rayquaza Clause: You cannot mega evolve Rayquaza\n|clearpoke\n|poke|p1|Necrozma-Dusk-Mane|\n|poke|p1|Landorus, M|\n|poke|p1|Marshadow|\n|poke|p1|Xerneas-*|\n|poke|p1|Salamence, F|\n|poke|p1|Ho-Oh|\n|poke|p2|Mewtwo|\n|poke|p2|Kingambit, M|\n|poke|p2|Garganacl, M|\n|poke|p2|Arceus-Ground|\n|poke|p2|Ditto|\n|poke|p2|Kyurem-Black|\n|teampreview\n|inactive|Battle timer is ON: inactive players will automatically lose when time's up. (requested by Szymszym134)\n|c|\u2606thyddkkj|Lol\n|\n|t:|1699529167\n|start\n|switch|p1a: Necrozma|Necrozma-Dusk-Mane|100\/100\n|switch|p2a: Kyurem|Kyurem-Black|100\/100\n|-ability|p2a: Kyurem|Teravolt\n|turn|1\n|\n|t:|1699529174\n|switch|p2a: Kingambit|Kingambit, M|100\/100\n|move|p1a: Necrozma|Dragon Dance|p1a: Necrozma\n|-boost|p1a: Necrozma|atk|1\n|-boost|p1a: Necrozma|spe|1\n|\n|upkeep\n|turn|2\n|\n|t:|1699529188\n|switch|p1a: Ho-Oh|Ho-Oh|100\/100\n|-terastallize|p2a: Kingambit|Dark\n|move|p2a: Kingambit|Knock Off|p1a: Ho-Oh\n|-damage|p1a: Ho-Oh|40\/100\n|-enditem|p1a: Ho-Oh|Heavy-Duty Boots|[from] move: Knock Off|[of] p2a: Kingambit\n|\n|upkeep\n|turn|3\n|inactive|Szymszym134 has 120 seconds left.\n|\n|t:|1699529220\n|switch|p1a: Necrozma|Necrozma-Dusk-Mane|100\/100\n|-end|p2a: Kingambit|fallenundefined|[silent]\n|switch|p2a: Garganacl|Garganacl, M|100\/100\n|\n|upkeep\n|turn|4\n|\n|t:|1699529231\n|detailschange|p1a: Necrozma|Necrozma-Ultra\n|-burst|p1a: Necrozma|Necrozma|Ultranecrozium Z\n|move|p1a: Necrozma|Sunsteel Strike|p2a: Garganacl\n|-supereffective|p2a: Garganacl\n|-damage|p2a: Garganacl|42\/100\n|move|p2a: Garganacl|Salt Cure|p1a: Necrozma\n|-damage|p1a: Necrozma|86\/100\n|-start|p1a: Necrozma|Salt Cure\n|\n|-heal|p2a: Garganacl|49\/100|[from] item: Leftovers\n|-damage|p1a: Necrozma|74\/100|[from] Salt Cure\n|upkeep\n|turn|5\n|inactive|Szymszym134 has 120 seconds left.\n|\n|t:|1699529258\n|move|p2a: Garganacl|Protect|p2a: Garganacl\n|-singleturn|p2a: Garganacl|Protect\n|move|p1a: Necrozma|Sunsteel Strike|p2a: Garganacl\n|-activate|p2a: Garganacl|move: Protect\n|\n|-heal|p2a: Garganacl|55\/100|[from] item: Leftovers\n|-damage|p1a: Necrozma|62\/100|[from] Salt Cure\n|upkeep\n|turn|6\n|inactive|Szymszym134 has 120 seconds left.\n|\n|t:|1699529288\n|-zpower|p1a: Necrozma\n|move|p1a: Necrozma|Light That Burns the Sky|p2a: Garganacl|[zeffect]\n|-damage|p2a: Garganacl|0 fnt\n|faint|p2a: Garganacl\n|\n|-damage|p1a: Necrozma|49\/100|[from] Salt Cure\n|upkeep\n|\n|t:|1699529299\n|switch|p2a: Mewtwo|Mewtwo|100\/100\n|-ability|p2a: Mewtwo|Unnerve\n|turn|7\n|\n|t:|1699529302\n|detailschange|p2a: Mewtwo|Mewtwo-Mega-Y\n|-mega|p2a: Mewtwo|Mewtwo|Mewtwonite Y\n|move|p2a: Mewtwo|Ice Beam|p1a: Necrozma\n|-supereffective|p1a: Necrozma\n|-damage|p1a: Necrozma|0 fnt\n|faint|p1a: Necrozma\n|\n|upkeep\n|\n|t:|1699529322\n|switch|p1a: Marshadow|Marshadow|100\/100\n|turn|8\n|\n|t:|1699529334\n|switch|p2a: Arceus|Arceus-Ground|100\/100\n|move|p1a: Marshadow|Shadow Sneak|p2a: Arceus\n|-damage|p2a: Arceus|84\/100\n|\n|upkeep\n|turn|9\n|\n|t:|1699529340\n|switch|p1a: Ho-Oh|Ho-Oh|73\/100\n|move|p2a: Arceus|Toxic|p1a: Ho-Oh\n|-status|p1a: Ho-Oh|tox\n|\n|-damage|p1a: Ho-Oh|67\/100 tox|[from] psn\n|upkeep\n|turn|10\n|inactive|Szymszym134 has 120 seconds left.\n|\n|t:|1699529351\n|switch|p2a: Ditto|Ditto|100\/100\n|-transform|p2a: Ditto|p1a: Ho-Oh|[from] ability: Imposter\n|move|p1a: Ho-Oh|Toxic|p2a: Ditto\n|-status|p2a: Ditto|tox\n|\n|-damage|p2a: Ditto|94\/100 tox|[from] psn\n|-damage|p1a: Ho-Oh|55\/100 tox|[from] psn\n|upkeep\n|turn|11\n|\n|t:|1699529359\n|switch|p1a: Landorus|Landorus, M|100\/100\n|move|p2a: Ditto|Sacred Fire|p1a: Landorus\n|-damage|p1a: Landorus|53\/100\n|-status|p1a: Landorus|brn\n|\n|-damage|p2a: Ditto|82\/100 tox|[from] psn\n|-damage|p1a: Landorus|47\/100 brn|[from] brn\n|upkeep\n|turn|12\n|\n|t:|1699529366\n|move|p1a: Landorus|Stealth Rock|p2a: Ditto\n|-sidestart|p2: Szymszym134|move: Stealth Rock\n|move|p2a: Ditto|Sacred Fire|p1a: Landorus\n|-damage|p1a: Landorus|0 fnt\n|faint|p1a: Landorus\n|\n|-damage|p2a: Ditto|64\/100 tox|[from] psn\n|upkeep\n|\n|t:|1699529372\n|switch|p1a: Salamence|Salamence, F|100\/100\n|-ability|p1a: Salamence|Intimidate|boost\n|-unboost|p2a: Ditto|atk|1\n|turn|13\n|\n|t:|1699529377\n|switch|p2a: Arceus|Arceus-Ground|84\/100\n|-damage|p2a: Arceus|78\/100|[from] Stealth Rock\n|detailschange|p1a: Salamence|Salamence-Mega, F\n|-mega|p1a: Salamence|Salamence|Salamencite\n|move|p1a: Salamence|Substitute|p1a: Salamence\n|-start|p1a: Salamence|Substitute\n|-damage|p1a: Salamence|76\/100\n|\n|upkeep\n|turn|14\n|\n|t:|1699529384\n|move|p1a: Salamence|Dragon Dance|p1a: Salamence\n|-boost|p1a: Salamence|atk|1\n|-boost|p1a: Salamence|spe|1\n|move|p2a: Arceus|Defog|p1a: Salamence\n|-sideend|p2: Szymszym134|Stealth Rock|[from] move: Defog|[of] p2a: Arceus\n|\n|upkeep\n|turn|15\n|\n|t:|1699529389\n|switch|p2a: Kyurem|Kyurem-Black|100\/100\n|-ability|p2a: Kyurem|Teravolt\n|move|p1a: Salamence|Frustration|p2a: Kyurem\n|-damage|p2a: Kyurem|9\/100\n|\n|upkeep\n|turn|16\n|\n|t:|1699529393\n|move|p1a: Salamence|Frustration|p2a: Kyurem\n|-damage|p2a: Kyurem|0 fnt\n|faint|p2a: Kyurem\n|\n|upkeep\n|\n|t:|1699529398\n|switch|p2a: Kingambit|Kingambit, M, tera:Dark|100\/100\n|-activate|p2a: Kingambit|ability: Supreme Overlord\n|-start|p2a: Kingambit|fallen2|[silent]\n|turn|17\n|\n|t:|1699529402\n|move|p2a: Kingambit|Sucker Punch|p1a: Salamence\n|-end|p1a: Salamence|Substitute\n|move|p1a: Salamence|Frustration|p2a: Kingambit\n|-damage|p2a: Kingambit|30\/100\n|\n|upkeep\n|turn|18\n|\n|t:|1699529408\n|move|p1a: Salamence|Frustration|p2a: Kingambit\n|-damage|p2a: Kingambit|0 fnt\n|faint|p2a: Kingambit\n|-end|p2a: Kingambit|fallen2|[silent]\n|\n|upkeep\n|\n|t:|1699529412\n|switch|p2a: Ditto|Ditto|97\/100 tox\n|-transform|p2a: Ditto|p1a: Salamence|[from] ability: Imposter\n|turn|19\n|\n|t:|1699529416\n|move|p2a: Ditto|Frustration|p1a: Salamence\n|-damage|p1a: Salamence|0 fnt\n|faint|p1a: Salamence\n|\n|-damage|p2a: Ditto|91\/100 tox|[from] psn\n|upkeep\n|c|\u2606thyddkkj|Bro u running 0 happiness?\n|c|\u2606thyddkkj|Crazy\n|inactive|thyddkkj has 120 seconds left.\n|\n|t:|1699529451\n|switch|p1a: Ho-Oh|Ho-Oh|88\/100 tox\n|turn|20\n|\n|t:|1699529454\n|move|p2a: Ditto|Frustration|p1a: Ho-Oh\n|-damage|p1a: Ho-Oh|23\/100 tox\n|move|p1a: Ho-Oh|Whirlwind|p2a: Ditto\n|drag|p2a: Arceus|Arceus-Ground|78\/100\n|\n|-damage|p1a: Ho-Oh|17\/100 tox|[from] psn\n|upkeep\n|turn|21\n|\n|t:|1699529465\n|move|p2a: Arceus|Judgment|p1a: Ho-Oh\n|-immune|p1a: Ho-Oh\n|move|p1a: Ho-Oh|Toxic|p2a: Arceus\n|-status|p2a: Arceus|tox\n|\n|-damage|p2a: Arceus|72\/100 tox|[from] psn\n|-damage|p1a: Ho-Oh|5\/100 tox|[from] psn\n|upkeep\n|turn|22\n|\n|t:|1699529469\n|move|p2a: Arceus|Recover|p2a: Arceus\n|-heal|p2a: Arceus|100\/100 tox\n|move|p1a: Ho-Oh|Sacred Fire|p2a: Arceus\n|-damage|p2a: Arceus|75\/100 tox\n|\n|-damage|p2a: Arceus|63\/100 tox|[from] psn\n|-damage|p1a: Ho-Oh|0 fnt|[from] psn\n|faint|p1a: Ho-Oh\n|upkeep\n|\n|t:|1699529472\n|switch|p1a: Xerneas|Xerneas|100\/100\n|-ability|p1a: Xerneas|Fairy Aura\n|turn|23\n|\n|t:|1699529479\n|move|p1a: Xerneas|Substitute|p1a: Xerneas\n|-start|p1a: Xerneas|Substitute\n|-damage|p1a: Xerneas|76\/100\n|move|p2a: Arceus|Judgment|p1a: Xerneas\n|-end|p1a: Xerneas|Substitute\n|\n|-damage|p2a: Arceus|45\/100 tox|[from] psn\n|upkeep\n|turn|24\n|\n|t:|1699529490\n|move|p1a: Xerneas|Geomancy||[still]\n|-prepare|p1a: Xerneas|Geomancy\n|-enditem|p1a: Xerneas|Power Herb\n|-anim|p1a: Xerneas|Geomancy|p1a: Xerneas\n|-boost|p1a: Xerneas|spa|2\n|-boost|p1a: Xerneas|spd|2\n|-boost|p1a: Xerneas|spe|2\n|move|p2a: Arceus|Judgment|p1a: Xerneas\n|-damage|p1a: Xerneas|54\/100\n|\n|-damage|p2a: Arceus|21\/100 tox|[from] psn\n|upkeep\n|turn|25\n|\n|t:|1699529496\n|switch|p2a: Ditto|Ditto|91\/100 tox\n|-transform|p2a: Ditto|p1a: Xerneas|[from] ability: Imposter\n|-ability|p2a: Ditto|Fairy Aura\n|move|p1a: Xerneas|Substitute|p1a: Xerneas\n|-start|p1a: Xerneas|Substitute\n|-damage|p1a: Xerneas|29\/100\n|\n|-damage|p2a: Ditto|85\/100 tox|[from] psn\n|upkeep\n|turn|26\n|\n|t:|1699529500\n|move|p2a: Ditto|Moonblast|p1a: Xerneas\n|-end|p1a: Xerneas|Substitute\n|move|p1a: Xerneas|Moonblast|p2a: Ditto\n|-damage|p2a: Ditto|10\/100 tox\n|\n|-damage|p2a: Ditto|0 fnt|[from] psn\n|faint|p2a: Ditto\n|upkeep\n|\n|t:|1699529504\n|switch|p2a: Mewtwo|Mewtwo-Mega-Y|100\/100\n|turn|27\n|\n|t:|1699529506\n|move|p1a: Xerneas|Moonblast|p2a: Mewtwo\n|-damage|p2a: Mewtwo|0 fnt\n|faint|p2a: Mewtwo\n|\n|upkeep\n|-message|Szymszym134 forfeited.\n|\n|win|thyddkkj\n|raw|thyddkkj's rating: 1558 &rarr; <strong>1582<\/strong><br \/>(+24 for winning)\n|raw|Szymszym134's rating: 1632 &rarr; <strong>1608<\/strong><br \/>(-24 for losing)\n|l|\u2606Szymszym134\n|l|\u2606thyddkkj\n","uploadtime":1699529609,"views":5,"p1id":"thyddkkj","p2id":"szymszym134","formatid":"gen9nationaldexubers","rating":1582,"private":0,"password":""}