{"id":"gen9nationaldexubers-1985167650","p1":"Black_Wicked","p2":"7s Recruit","format":"[Gen 9] National Dex Ubers","log":"|j|\u2606Black_Wicked\n|j|\u26067s Recruit\n|t:|1699341982\n|gametype|singles\n|player|p1|Black_Wicked|ghetsis|\n|player|p2|7s Recruit|ethan|\n|teamsize|p1|6\n|teamsize|p2|6\n|gen|9\n|tier|[Gen 9] National Dex Ubers\n|rule|HP Percentage Mod: HP is shown in percentages\n|rule|Endless Battle Clause: Forcing endless battles is banned\n|rule|OHKO Clause: OHKO moves are banned\n|rule|Evasion Moves Clause: Evasion moves are banned\n|rule|Evasion Items Clause: Evasion items are banned\n|rule|Species Clause: Limit one of each Pok\u00e9mon\n|rule|Sleep Clause Mod: Limit one foe put to sleep\n|rule|Mega Rayquaza Clause: You cannot mega evolve Rayquaza\n|clearpoke\n|poke|p1|Sharpedo, F|\n|poke|p1|Tauros, M|\n|poke|p1|Orbeetle, F|\n|poke|p1|Aegislash, F|\n|poke|p1|Cofagrigus, F|\n|poke|p1|Empoleon, F|\n|poke|p2|Alakazam, M|\n|poke|p2|Tapu Lele|\n|poke|p2|Garchomp, F|\n|poke|p2|Greninja-*, M|\n|poke|p2|Weavile, F|\n|poke|p2|Hawlucha, F|\n|teampreview\n|inactive|Battle timer is ON: inactive players will automatically lose when time's up. (requested by Black_Wicked)\n|\n|t:|1699341989\n|start\n|switch|p1a: Orbeetle|Orbeetle, F, shiny|100\/100\n|switch|p2a: Tapu Lele|Tapu Lele|100\/100\n|-fieldstart|move: Psychic Terrain|[from] ability: Psychic Surge|[of] p2a: Tapu Lele\n|-item|p2a: Tapu Lele|Choice Scarf|[from] ability: Frisk|[of] p1a: Orbeetle|[identify]\n|turn|1\n|\n|t:|1699342003\n|switch|p2a: Alakazam|Alakazam, M|100\/100\n|move|p1a: Orbeetle|Trick||[still]\n|-fail|p1a: Orbeetle\n|\n|upkeep\n|turn|2\n|\n|t:|1699342011\n|detailschange|p2a: Alakazam|Alakazam-Mega, M\n|-mega|p2a: Alakazam|Alakazam|Alakazite\n|-item|p1a: Orbeetle|Lagging Tail|[from] ability: Frisk|[of] p2a: Alakazam|[identify]\n|-ability|p2a: Alakazam|Frisk|[from] ability: Trace|[of] p1a: Orbeetle\n|move|p2a: Alakazam|Substitute|p2a: Alakazam\n|-start|p2a: Alakazam|Substitute\n|-damage|p2a: Alakazam|75\/100\n|move|p1a: Orbeetle|Sticky Web|p2a: Alakazam\n|-sidestart|p2: 7s Recruit|move: Sticky Web\n|\n|upkeep\n|turn|3\n|\n|t:|1699342022\n|move|p2a: Alakazam|Calm Mind|p2a: Alakazam\n|-boost|p2a: Alakazam|spa|1\n|-boost|p2a: Alakazam|spd|1\n|move|p1a: Orbeetle|Bug Buzz|p2a: Alakazam\n|-supereffective|p2a: Alakazam\n|-crit|p2a: Alakazam\n|-damage|p2a: Alakazam|0 fnt\n|faint|p2a: Alakazam\n|\n|upkeep\n|c|\u2606Black_Wicked|\u263a\ufe0f\n|inactive|7s Recruit has 270 seconds left.\n|c|\u26067s Recruit|Explain me how it does happen\n|\n|t:|1699342055\n|switch|p2a: Hawlucha|Hawlucha, F|100\/100\n|-enditem|p2a: Hawlucha|Psychic Seed\n|-boost|p2a: Hawlucha|spd|1|[from] item: Psychic Seed\n|turn|4\n|inactive|7s Recruit has 270 seconds left.\n|\n|t:|1699342062\n|move|p2a: Hawlucha|Swords Dance|p2a: Hawlucha\n|-boost|p2a: Hawlucha|atk|2\n|move|p1a: Orbeetle|Psychic|p2a: Hawlucha\n|-supereffective|p2a: Hawlucha\n|-damage|p2a: Hawlucha|1\/100\n|\n|upkeep\n|turn|5\n|\n|t:|1699342071\n|move|p2a: Hawlucha|Stone Edge|p1a: Orbeetle\n|-supereffective|p1a: Orbeetle\n|-damage|p1a: Orbeetle|0 fnt\n|faint|p1a: Orbeetle\n|\n|-fieldend|move: Psychic Terrain\n|upkeep\n|\n|t:|1699342077\n|switch|p1a: Aegislash|Aegislash, F, shiny|100\/100\n|turn|6\n|\n|t:|1699342082\n|switch|p2a: Tapu Lele|Tapu Lele|100\/100\n|-activate|p2a: Tapu Lele|move: Sticky Web\n|-unboost|p2a: Tapu Lele|spe|1\n|-fieldstart|move: Psychic Terrain|[from] ability: Psychic Surge|[of] p2a: Tapu Lele\n|-formechange|p1a: Aegislash|Aegislash-Blade||[from] ability: Stance Change\n|move|p1a: Aegislash|Shadow Sneak|p2a: Tapu Lele\n|-activate|p2a: Tapu Lele|move: Psychic Terrain\n|\n|upkeep\n|turn|7\n|\n|t:|1699342098\n|-formechange|p1a: Aegislash|Aegislash||[from] ability: Stance Change\n|move|p1a: Aegislash|King's Shield|p1a: Aegislash\n|-singleturn|p1a: Aegislash|Protect\n|move|p2a: Tapu Lele|Thunderbolt|p1a: Aegislash\n|-activate|p1a: Aegislash|move: Protect\n|\n|upkeep\n|turn|8\n|\n|t:|1699342109\n|switch|p2a: Hawlucha|Hawlucha, F|1\/100\n|-formechange|p1a: Aegislash|Aegislash-Blade||[from] ability: Stance Change\n|move|p1a: Aegislash|Shadow Ball|p2a: Hawlucha\n|-damage|p2a: Hawlucha|0 fnt\n|faint|p2a: Hawlucha\n|\n|upkeep\n|\n|t:|1699342124\n|switch|p2a: Weavile|Weavile, F|100\/100\n|-activate|p2a: Weavile|move: Sticky Web\n|-unboost|p2a: Weavile|spe|1\n|-ability|p2a: Weavile|Pressure\n|turn|9\n|\n|t:|1699342132\n|-formechange|p1a: Aegislash|Aegislash||[from] ability: Stance Change\n|move|p1a: Aegislash|King's Shield|p1a: Aegislash\n|-singleturn|p1a: Aegislash|Protect\n|move|p2a: Weavile|Knock Off|p1a: Aegislash\n|-activate|p1a: Aegislash|move: Protect\n|-unboost|p2a: Weavile|atk|1\n|\n|upkeep\n|turn|10\n|\n|t:|1699342144\n|switch|p2a: Greninja|Greninja, M|100\/100\n|-activate|p2a: Greninja|move: Sticky Web\n|-unboost|p2a: Greninja|spe|1\n|-formechange|p1a: Aegislash|Aegislash-Blade||[from] ability: Stance Change\n|move|p1a: Aegislash|Close Combat|p2a: Greninja\n|-supereffective|p2a: Greninja\n|-damage|p2a: Greninja|0 fnt\n|-unboost|p1a: Aegislash|def|1\n|-unboost|p1a: Aegislash|spd|1\n|faint|p2a: Greninja\n|\n|-fieldend|move: Psychic Terrain\n|upkeep\n|inactive|7s Recruit has 270 seconds left.\n|\n|t:|1699342159\n|switch|p2a: Tapu Lele|Tapu Lele|100\/100\n|-activate|p2a: Tapu Lele|move: Sticky Web\n|-unboost|p2a: Tapu Lele|spe|1\n|-fieldstart|move: Psychic Terrain|[from] ability: Psychic Surge|[of] p2a: Tapu Lele\n|turn|11\n|\n|t:|1699342167\n|-formechange|p1a: Aegislash|Aegislash||[from] ability: Stance Change\n|move|p1a: Aegislash|King's Shield|p1a: Aegislash\n|-singleturn|p1a: Aegislash|Protect\n|move|p2a: Tapu Lele|Thunderbolt|p1a: Aegislash\n|-activate|p1a: Aegislash|move: Protect\n|\n|upkeep\n|turn|12\n|\n|t:|1699342176\n|switch|p1a: Cofagrigus|Cofagrigus, F, shiny|100\/100\n|move|p2a: Tapu Lele|Thunderbolt|p1a: Cofagrigus\n|-damage|p1a: Cofagrigus|75\/100\n|-status|p1a: Cofagrigus|par\n|\n|-heal|p1a: Cofagrigus|81\/100 par|[from] item: Leftovers\n|upkeep\n|turn|13\n|\n|t:|1699342188\n|switch|p2a: Weavile|Weavile, F|100\/100\n|-activate|p2a: Weavile|move: Sticky Web\n|-unboost|p2a: Weavile|spe|1\n|-ability|p2a: Weavile|Pressure\n|move|p1a: Cofagrigus|Will-O-Wisp|p2a: Weavile\n|-status|p2a: Weavile|brn\n|\n|-heal|p1a: Cofagrigus|88\/100 par|[from] item: Leftovers\n|-damage|p2a: Weavile|94\/100 brn|[from] brn\n|upkeep\n|turn|14\n|\n|t:|1699342202\n|move|p2a: Weavile|Swords Dance|p2a: Weavile\n|-boost|p2a: Weavile|atk|2\n|move|p1a: Cofagrigus|Shadow Ball|p2a: Weavile\n|-resisted|p2a: Weavile\n|-damage|p2a: Weavile|75\/100 brn\n|\n|-heal|p1a: Cofagrigus|94\/100 par|[from] item: Leftovers\n|-damage|p2a: Weavile|69\/100 brn|[from] brn\n|upkeep\n|turn|15\n|\n|t:|1699342213\n|move|p2a: Weavile|Swords Dance|p2a: Weavile\n|-boost|p2a: Weavile|atk|2\n|cant|p1a: Cofagrigus|par\n|\n|-heal|p1a: Cofagrigus|99\/100 par|[from] item: Leftovers\n|-damage|p2a: Weavile|63\/100 brn|[from] brn\n|-fieldend|move: Psychic Terrain\n|upkeep\n|turn|16\n|\n|t:|1699342223\n|move|p2a: Weavile|Knock Off|p1a: Cofagrigus\n|-supereffective|p1a: Cofagrigus\n|-damage|p1a: Cofagrigus|0 fnt\n|-activate|p1a: Cofagrigus|ability: Mummy|Pressure|[of] p2a: Weavile\n|-enditem|p1a: Cofagrigus|Leftovers|[from] move: Knock Off|[of] p2a: Weavile\n|faint|p1a: Cofagrigus\n|-damage|p2a: Weavile|53\/100 brn|[from] item: Life Orb\n|\n|-damage|p2a: Weavile|47\/100 brn|[from] brn\n|upkeep\n|\n|t:|1699342233\n|switch|p1a: Empoleon|Empoleon, F|100\/100\n|turn|17\n|\n|t:|1699342239\n|move|p2a: Weavile|Knock Off|p1a: Empoleon\n|-damage|p1a: Empoleon|3\/100\n|-enditem|p1a: Empoleon|Leftovers|[from] move: Knock Off|[of] p2a: Weavile\n|-damage|p2a: Weavile|37\/100 brn|[from] item: Life Orb\n|move|p1a: Empoleon|Surf|p2a: Weavile\n|-damage|p2a: Weavile|0 fnt\n|faint|p2a: Weavile\n|\n|upkeep\n|\n|t:|1699342249\n|switch|p2a: Tapu Lele|Tapu Lele|100\/100\n|-activate|p2a: Tapu Lele|move: Sticky Web\n|-unboost|p2a: Tapu Lele|spe|1\n|-fieldstart|move: Psychic Terrain|[from] ability: Psychic Surge|[of] p2a: Tapu Lele\n|turn|18\n|\n|t:|1699342259\n|move|p2a: Tapu Lele|Thunderbolt|p1a: Empoleon\n|-supereffective|p1a: Empoleon\n|-damage|p1a: Empoleon|0 fnt\n|faint|p1a: Empoleon\n|\n|upkeep\n|\n|t:|1699342262\n|switch|p1a: Aegislash|Aegislash, F, shiny|100\/100\n|turn|19\n|\n|t:|1699342268\n|move|p2a: Tapu Lele|Thunderbolt|p1a: Aegislash\n|-damage|p1a: Aegislash|74\/100\n|-formechange|p1a: Aegislash|Aegislash-Blade||[from] ability: Stance Change\n|move|p1a: Aegislash|Shadow Ball|p2a: Tapu Lele\n|-supereffective|p2a: Tapu Lele\n|-damage|p2a: Tapu Lele|0 fnt\n|faint|p2a: Tapu Lele\n|\n|-heal|p1a: Aegislash|80\/100|[from] item: Leftovers\n|upkeep\n|\n|t:|1699342280\n|switch|p2a: Garchomp|Garchomp, F|100\/100\n|-activate|p2a: Garchomp|move: Sticky Web\n|-unboost|p2a: Garchomp|spe|1\n|turn|20\n|\n|t:|1699342295\n|-terastallize|p2a: Garchomp|Dragon\n|-formechange|p1a: Aegislash|Aegislash||[from] ability: Stance Change\n|move|p1a: Aegislash|King's Shield|p1a: Aegislash\n|-singleturn|p1a: Aegislash|Protect\n|move|p2a: Garchomp|Outrage|p1a: Aegislash\n|-activate|p1a: Aegislash|move: Protect\n|-unboost|p2a: Garchomp|atk|1\n|\n|-heal|p1a: Aegislash|86\/100|[from] item: Leftovers\n|upkeep\n|turn|21\n|\n|t:|1699342315\n|move|p2a: Garchomp|Outrage|p1a: Aegislash\n|-resisted|p1a: Aegislash\n|-damage|p1a: Aegislash|43\/100\n|-formechange|p1a: Aegislash|Aegislash-Blade||[from] ability: Stance Change\n|move|p1a: Aegislash|Shadow Ball|p2a: Garchomp\n|-damage|p2a: Garchomp|49\/100\n|\n|-heal|p1a: Aegislash|49\/100|[from] item: Leftovers\n|upkeep\n|turn|22\n|\n|t:|1699342328\n|-formechange|p1a: Aegislash|Aegislash||[from] ability: Stance Change\n|move|p1a: Aegislash|King's Shield|p1a: Aegislash\n|-singleturn|p1a: Aegislash|Protect\n|move|p2a: Garchomp|Outrage|p1a: Aegislash|[from]lockedmove\n|-activate|p1a: Aegislash|move: Protect\n|-unboost|p2a: Garchomp|atk|1\n|\n|-heal|p1a: Aegislash|55\/100|[from] item: Leftovers\n|-fieldend|move: Psychic Terrain\n|upkeep\n|turn|23\n|\n|t:|1699342342\n|switch|p1a: Tauros|Tauros, M, shiny|100\/100\n|move|p2a: Garchomp|Outrage|p1a: Tauros\n|-damage|p1a: Tauros|30\/100\n|\n|upkeep\n|turn|24\n|\n|t:|1699342354\n|switch|p1a: Sharpedo|Sharpedo, F, shiny|100\/100\n|move|p2a: Garchomp|Outrage|p1a: Sharpedo|[from]lockedmove\n|-damage|p1a: Sharpedo|0 fnt\n|faint|p1a: Sharpedo\n|\n|upkeep\n|\n|t:|1699342361\n|switch|p1a: Aegislash|Aegislash, F, shiny|55\/100\n|turn|25\n|\n|t:|1699342365\n|move|p1a: Aegislash|King's Shield|p1a: Aegislash\n|-singleturn|p1a: Aegislash|Protect\n|move|p2a: Garchomp|Outrage|p1a: Aegislash|[from]lockedmove\n|-activate|p1a: Aegislash|move: Protect\n|-unboost|p2a: Garchomp|atk|1\n|-start|p2a: Garchomp|confusion|[fatigue]\n|\n|-heal|p1a: Aegislash|61\/100|[from] item: Leftovers\n|upkeep\n|turn|26\n|\n|t:|1699342378\n|switch|p1a: Tauros|Tauros, M, shiny|30\/100\n|-activate|p2a: Garchomp|confusion\n|-damage|p2a: Garchomp|43\/100|[from] confusion\n|\n|upkeep\n|turn|27\n|\n|t:|1699342385\n|move|p1a: Tauros|Close Combat|p2a: Garchomp\n|-damage|p2a: Garchomp|1\/100\n|-unboost|p1a: Tauros|def|1\n|-unboost|p1a: Tauros|spd|1\n|-damage|p1a: Tauros|18\/100|[from] ability: Rough Skin|[of] p2a: Garchomp\n|-damage|p1a: Tauros|8\/100|[from] item: Life Orb\n|-end|p2a: Garchomp|confusion\n|move|p2a: Garchomp|Outrage|p1a: Tauros\n|-damage|p1a: Tauros|0 fnt\n|faint|p1a: Tauros\n|\n|upkeep\n|\n|t:|1699342390\n|switch|p1a: Aegislash|Aegislash, F, shiny|61\/100\n|turn|28\n|\n|t:|1699342402\n|-formechange|p1a: Aegislash|Aegislash-Blade||[from] ability: Stance Change\n|move|p1a: Aegislash|Shadow Sneak|p2a: Garchomp\n|-damage|p2a: Garchomp|0 fnt\n|-damage|p1a: Aegislash|49\/100|[from] ability: Rough Skin|[of] p2a: Garchomp\n|faint|p2a: Garchomp\n|\n|win|Black_Wicked\n|l|\u26067s Recruit\n|l|\u2606Black_Wicked\n|j|\u2606Black_Wicked\n|player|p1|Black_Wicked|ghetsis\n","uploadtime":1699342509,"views":7,"p1id":"blackwicked","p2id":"7srecruit","formatid":"gen9nationaldexubers","rating":0,"private":0,"password":""}