{"id":"gen9nationaldexubers-1996876705","p1":"Moonlight_th07","p2":"JustMonika_CARR","format":"[Gen 9] National Dex Ubers","log":"|j|\u2606Moonlight_th07\n|j|\u2606JustMonika_CARR\n|t:|1700739046\n|gametype|singles\n|player|p1|Moonlight_th07|dawn-gen4pt|1198\n|player|p2|JustMonika_CARR|rosa|1332\n|teamsize|p1|6\n|teamsize|p2|6\n|gen|9\n|tier|[Gen 9] National Dex Ubers\n|rated|\n|rule|HP Percentage Mod: HP is shown in percentages\n|rule|Endless Battle Clause: Forcing endless battles is banned\n|rule|OHKO Clause: OHKO moves are banned\n|rule|Evasion Moves Clause: Evasion moves are banned\n|rule|Evasion Items Clause: Evasion items are banned\n|rule|Species Clause: Limit one of each Pok\u00e9mon\n|rule|Sleep Clause Mod: Limit one foe put to sleep\n|rule|Mega Rayquaza Clause: You cannot mega evolve Rayquaza\n|clearpoke\n|poke|p1|Morpeko, M|\n|poke|p1|Lilligant, F|\n|poke|p1|Dracovish|\n|poke|p1|Kingambit, M|\n|poke|p1|Garchomp, F|\n|poke|p1|Marshadow|\n|poke|p2|Blaziken, M|\n|poke|p2|Pheromosa|\n|poke|p2|Gothitelle, F|\n|poke|p2|Deoxys-Speed|\n|poke|p2|Shuckle, M|\n|poke|p2|Durant, F|\n|teampreview\n|inactive|Battle timer is ON: inactive players will automatically lose when time's up. (requested by Moonlight_th07)\n|\n|t:|1700739052\n|start\n|switch|p1a: Morpeko|Morpeko, M|100\/100\n|switch|p2a: Deoxys|Deoxys-Speed, shiny|100\/100\n|-ability|p2a: Deoxys|Pressure\n|turn|1\n|\n|t:|1700739060\n|move|p2a: Deoxys|Reflect|p2a: Deoxys\n|-sidestart|p2: JustMonika_CARR|Reflect\n|move|p1a: Morpeko|Thunder Wave|p2a: Deoxys\n|-status|p2a: Deoxys|par\n|\n|-formechange|p1a: Morpeko|Morpeko-Hangry||[from] ability: Hunger Switch\n|upkeep\n|turn|2\n|\n|t:|1700739068\n|move|p1a: Morpeko|Parting Shot|p2a: Deoxys\n|-unboost|p2a: Deoxys|atk|1\n|-unboost|p2a: Deoxys|spa|1\n|\n|t:|1700739073\n|switch|p1a: Kingambit|Kingambit, M|100\/100|[from] Parting Shot\n|move|p2a: Deoxys|Stealth Rock|p1a: Kingambit\n|-sidestart|p1: Moonlight_th07|move: Stealth Rock\n|\n|upkeep\n|turn|3\n|\n|t:|1700739081\n|move|p2a: Deoxys|Light Screen|p2a: Deoxys\n|-sidestart|p2: JustMonika_CARR|move: Light Screen\n|move|p1a: Kingambit|Swords Dance|p1a: Kingambit\n|-boost|p1a: Kingambit|atk|2\n|\n|upkeep\n|turn|4\n|\n|t:|1700739092\n|switch|p2a: Blaziken|Blaziken, M, shiny|100\/100\n|move|p1a: Kingambit|Sucker Punch||[still]\n|-fail|p1a: Kingambit\n|\n|upkeep\n|turn|5\n|\n|t:|1700739100\n|detailschange|p2a: Blaziken|Blaziken-Mega, M, shiny\n|-mega|p2a: Blaziken|Blaziken|Blazikenite\n|move|p1a: Kingambit|Sucker Punch||[still]\n|-fail|p1a: Kingambit\n|move|p2a: Blaziken|Hone Claws|p2a: Blaziken\n|-boost|p2a: Blaziken|atk|1\n|-boost|p2a: Blaziken|accuracy|1\n|\n|-ability|p2a: Blaziken|Speed Boost|boost\n|-boost|p2a: Blaziken|spe|1\n|upkeep\n|turn|6\n|\n|t:|1700739105\n|move|p2a: Blaziken|Protect|p2a: Blaziken\n|-singleturn|p2a: Blaziken|Protect\n|move|p1a: Kingambit|Sucker Punch||[still]\n|-fail|p1a: Kingambit\n|\n|-ability|p2a: Blaziken|Speed Boost|boost\n|-boost|p2a: Blaziken|spe|1\n|upkeep\n|turn|7\n|\n|t:|1700739117\n|move|p1a: Kingambit|Sucker Punch|p2a: Blaziken\n|-resisted|p2a: Blaziken\n|-damage|p2a: Blaziken|69\/100\n|move|p2a: Blaziken|High Jump Kick|p1a: Kingambit\n|-supereffective|p1a: Kingambit\n|-damage|p1a: Kingambit|0 fnt\n|faint|p1a: Kingambit\n|\n|-ability|p2a: Blaziken|Speed Boost|boost\n|-boost|p2a: Blaziken|spe|1\n|upkeep\n|\n|t:|1700739128\n|switch|p1a: Marshadow|Marshadow|100\/100\n|-damage|p1a: Marshadow|94\/100|[from] Stealth Rock\n|turn|8\n|\n|t:|1700739140\n|switch|p2a: Deoxys|Deoxys-Speed, shiny|100\/100 par\n|-ability|p2a: Deoxys|Pressure\n|-terastallize|p1a: Marshadow|Ghost\n|move|p1a: Marshadow|Spectral Thief|p2a: Deoxys\n|-supereffective|p2a: Deoxys\n|-damage|p2a: Deoxys|0 fnt\n|faint|p2a: Deoxys\n|-damage|p1a: Marshadow|84\/100|[from] item: Life Orb\n|\n|-sideend|p2: JustMonika_CARR|Reflect\n|upkeep\n|\n|t:|1700739149\n|switch|p2a: Shuckle|Shuckle, M, shiny|100\/100\n|turn|9\n|\n|t:|1700739158\n|move|p1a: Marshadow|Force Palm|p2a: Shuckle\n|-damage|p2a: Shuckle|65\/100\n|-status|p2a: Shuckle|par\n|-damage|p1a: Marshadow|74\/100|[from] item: Life Orb\n|move|p2a: Shuckle|Shell Smash|p2a: Shuckle\n|-boost|p2a: Shuckle|def|1\n|-boost|p2a: Shuckle|spd|1\n|-unboost|p2a: Shuckle|atk|2\n|-unboost|p2a: Shuckle|spa|2\n|-unboost|p2a: Shuckle|spe|2\n|\n|upkeep\n|turn|10\n|\n|t:|1700739172\n|-terastallize|p2a: Shuckle|Normal\n|move|p1a: Marshadow|Bulk Up|p1a: Marshadow\n|-boost|p1a: Marshadow|atk|1\n|-boost|p1a: Marshadow|def|1\n|move|p2a: Shuckle|Shell Smash|p2a: Shuckle\n|-boost|p2a: Shuckle|def|1\n|-boost|p2a: Shuckle|spd|1\n|-unboost|p2a: Shuckle|atk|2\n|-unboost|p2a: Shuckle|spa|2\n|-unboost|p2a: Shuckle|spe|2\n|\n|-sideend|p2: JustMonika_CARR|move: Light Screen\n|upkeep\n|turn|11\n|\n|t:|1700739184\n|move|p1a: Marshadow|Force Palm|p2a: Shuckle\n|-supereffective|p2a: Shuckle\n|-damage|p2a: Shuckle|11\/100 par\n|-damage|p1a: Marshadow|64\/100|[from] item: Life Orb\n|cant|p2a: Shuckle|par\n|\n|upkeep\n|turn|12\n|\n|t:|1700739191\n|move|p1a: Marshadow|Force Palm|p2a: Shuckle\n|-supereffective|p2a: Shuckle\n|-damage|p2a: Shuckle|0 fnt\n|faint|p2a: Shuckle\n|-damage|p1a: Marshadow|54\/100|[from] item: Life Orb\n|\n|upkeep\n|\n|t:|1700739197\n|switch|p2a: Blaziken|Blaziken-Mega, M, shiny|69\/100\n|turn|13\n|\n|t:|1700739205\n|move|p1a: Marshadow|Bulk Up|p1a: Marshadow\n|-boost|p1a: Marshadow|atk|1\n|-boost|p1a: Marshadow|def|1\n|move|p2a: Blaziken|Blaze Kick|p1a: Marshadow\n|-damage|p1a: Marshadow|16\/100\n|\n|-ability|p2a: Blaziken|Speed Boost|boost\n|-boost|p2a: Blaziken|spe|1\n|upkeep\n|turn|14\n|\n|t:|1700739215\n|move|p1a: Marshadow|Shadow Sneak|p2a: Blaziken\n|-damage|p2a: Blaziken|0 fnt\n|faint|p2a: Blaziken\n|-damage|p1a: Marshadow|6\/100|[from] item: Life Orb\n|\n|upkeep\n|\n|t:|1700739220\n|switch|p2a: Pheromosa|Pheromosa, shiny|100\/100\n|turn|15\n|\n|t:|1700739224\n|move|p1a: Marshadow|Shadow Sneak|p2a: Pheromosa\n|-enditem|p2a: Pheromosa|Focus Sash\n|-damage|p2a: Pheromosa|1\/100\n|-damage|p1a: Marshadow|0 fnt|[from] item: Life Orb\n|faint|p1a: Marshadow\n|move|p2a: Pheromosa|Ice Beam|p1: Marshadow|[notarget]\n|-fail|p2a: Pheromosa\n|\n|upkeep\n|\n|t:|1700739236\n|switch|p1a: Morpeko|Morpeko, M|100\/100\n|-damage|p1a: Morpeko|88\/100|[from] Stealth Rock\n|turn|16\n|\n|t:|1700739242\n|move|p2a: Pheromosa|Bug Buzz|p1a: Morpeko\n|-supereffective|p1a: Morpeko\n|-damage|p1a: Morpeko|0 fnt\n|faint|p1a: Morpeko\n|-ability|p2a: Pheromosa|Beast Boost|boost\n|-boost|p2a: Pheromosa|spa|1\n|\n|upkeep\n|\n|t:|1700739250\n|switch|p1a: Dracovish|Dracovish|100\/100\n|-damage|p1a: Dracovish|88\/100|[from] Stealth Rock\n|turn|17\n|\n|t:|1700739260\n|move|p2a: Pheromosa|Bug Buzz|p1a: Dracovish\n|-damage|p1a: Dracovish|0 fnt\n|faint|p1a: Dracovish\n|-ability|p2a: Pheromosa|Beast Boost|boost\n|-boost|p2a: Pheromosa|spa|1\n|\n|upkeep\n|\n|t:|1700739266\n|switch|p1a: Garchomp|Garchomp, F|100\/100\n|-damage|p1a: Garchomp|94\/100|[from] Stealth Rock\n|turn|18\n|\n|t:|1700739274\n|move|p2a: Pheromosa|Ice Beam|p1a: Garchomp\n|-supereffective|p1a: Garchomp\n|-damage|p1a: Garchomp|0 fnt\n|faint|p1a: Garchomp\n|-ability|p2a: Pheromosa|Beast Boost|boost\n|-boost|p2a: Pheromosa|spa|1\n|\n|upkeep\n|\n|t:|1700739281\n|switch|p1a: Lilligant|Lilligant, F|100\/100\n|-damage|p1a: Lilligant|88\/100|[from] Stealth Rock\n|turn|19\n|\n|t:|1700739290\n|move|p2a: Pheromosa|Ice Beam|p1a: Lilligant\n|-supereffective|p1a: Lilligant\n|-damage|p1a: Lilligant|0 fnt\n|faint|p1a: Lilligant\n|\n|win|JustMonika_CARR\n|raw|Moonlight_th07's rating: 1198 &rarr; <strong>1182<\/strong><br \/>(-16 for losing)\n|raw|JustMonika_CARR's rating: 1332 &rarr; <strong>1345<\/strong><br \/>(+13 for winning)\n|l|\u2606Moonlight_th07\n","uploadtime":1700739301,"views":0,"p1id":"moonlightth07","p2id":"justmonikacarr","formatid":"gen9nationaldexubers","rating":1182,"private":0,"password":""}