{"id":"gen9nationaldexubers-1988690161","p1":"happy skadi","p2":"bailongzhenshuai","format":"[Gen 9] National Dex Ubers","log":"|j|\u2606happy skadi\n|j|\u2606bailongzhenshuai\n|t:|1699751047\n|gametype|singles\n|player|p1|happy skadi|170|1422\n|player|p2|bailongzhenshuai|roxie|1471\n|teamsize|p1|6\n|teamsize|p2|6\n|gen|9\n|tier|[Gen 9] National Dex Ubers\n|rated|\n|rule|HP Percentage Mod: HP is shown in percentages\n|rule|Endless Battle Clause: Forcing endless battles is banned\n|rule|OHKO Clause: OHKO moves are banned\n|rule|Evasion Moves Clause: Evasion moves are banned\n|rule|Evasion Items Clause: Evasion items are banned\n|rule|Species Clause: Limit one of each Pok\u00e9mon\n|rule|Sleep Clause Mod: Limit one foe put to sleep\n|rule|Mega Rayquaza Clause: You cannot mega evolve Rayquaza\n|clearpoke\n|poke|p1|Mewtwo|\n|poke|p1|Calyrex-Ice|\n|poke|p1|Tapu Fini|\n|poke|p1|Yveltal|\n|poke|p1|Necrozma-Dusk-Mane|\n|poke|p1|Groudon|\n|poke|p2|Slurpuff, F|\n|poke|p2|Reshiram|\n|poke|p2|Necrozma-Dusk-Mane|\n|poke|p2|Arceus-Ground|\n|poke|p2|Zacian-*|\n|poke|p2|Mewtwo|\n|teampreview\n|inactive|Battle timer is ON: inactive players will automatically lose when time's up. (requested by bailongzhenshuai)\n|j| AGisgood\u82cd\u54cd\u4fa0\n|inactive|bailongzhenshuai has 120 seconds left.\n|\n|t:|1699751085\n|start\n|switch|p1a: Yveltal|Yveltal|100\/100\n|switch|p2a: Slurpuff|Slurpuff, F|100\/100\n|-ability|p1a: Yveltal|Dark Aura\n|turn|1\n|\n|t:|1699751097\n|move|p1a: Yveltal|U-turn|p2a: Slurpuff\n|-resisted|p2a: Slurpuff\n|-damage|p2a: Slurpuff|91\/100\n|\n|t:|1699751101\n|switch|p1a: Mewtwo|Mewtwo|100\/100|[from] U-turn\n|-ability|p1a: Mewtwo|Unnerve\n|move|p2a: Slurpuff|Sticky Web|p1a: Mewtwo\n|-sidestart|p1: happy skadi|move: Sticky Web\n|\n|upkeep\n|turn|2\n|\n|t:|1699751106\n|detailschange|p1a: Mewtwo|Mewtwo-Mega-X\n|-mega|p1a: Mewtwo|Mewtwo|Mewtwonite X\n|move|p1a: Mewtwo|Bulk Up|p1a: Mewtwo\n|-boost|p1a: Mewtwo|atk|1\n|-boost|p1a: Mewtwo|def|1\n|move|p2a: Slurpuff|Yawn|p1a: Mewtwo\n|-start|p1a: Mewtwo|move: Yawn|[of] p2a: Slurpuff\n|\n|upkeep\n|turn|3\n|\n|t:|1699751120\n|move|p1a: Mewtwo|Zen Headbutt|p2a: Slurpuff\n|-damage|p2a: Slurpuff|9\/100\n|cant|p2a: Slurpuff|flinch\n|\n|-end|p1a: Mewtwo|move: Yawn|[silent]\n|-status|p1a: Mewtwo|slp\n|upkeep\n|turn|4\n|\n|t:|1699751131\n|cant|p1a: Mewtwo|slp\n|move|p2a: Slurpuff|Misty Explosion|p1a: Mewtwo\n|-supereffective|p1a: Mewtwo\n|-damage|p1a: Mewtwo|44\/100 slp\n|faint|p2a: Slurpuff\n|\n|upkeep\n|\n|t:|1699751155\n|switch|p2a: Zacian|Zacian-Crowned|100\/100\n|-ability|p2a: Zacian|Intrepid Sword|boost\n|-boost|p2a: Zacian|atk|1\n|turn|5\n|\n|t:|1699751166\n|cant|p1a: Mewtwo|slp\n|move|p2a: Zacian|Swords Dance|p2a: Zacian\n|-boost|p2a: Zacian|atk|2\n|\n|upkeep\n|turn|6\n|\n|t:|1699751169\n|cant|p1a: Mewtwo|slp\n|move|p2a: Zacian|Behemoth Blade|p1a: Mewtwo\n|-damage|p1a: Mewtwo|0 fnt\n|faint|p1a: Mewtwo\n|\n|upkeep\n|\n|t:|1699751174\n|switch|p1a: Necrozma|Necrozma-Dusk-Mane|100\/100\n|-activate|p1a: Necrozma|move: Sticky Web\n|-unboost|p1a: Necrozma|spe|1\n|turn|7\n|\n|t:|1699751202\n|-terastallize|p2a: Zacian|Fighting\n|move|p2a: Zacian|Close Combat|p1a: Necrozma\n|-damage|p1a: Necrozma|0 fnt\n|-unboost|p2a: Zacian|def|1\n|-unboost|p2a: Zacian|spd|1\n|faint|p1a: Necrozma\n|\n|upkeep\n|\n|t:|1699751220\n|switch|p1a: Groudon|Groudon|100\/100\n|-activate|p1a: Groudon|move: Sticky Web\n|-unboost|p1a: Groudon|spe|1\n|detailschange|p1a: Groudon|Groudon-Primal\n|-primal|p1a: Groudon|Red Orb\n|-weather|DesolateLand|[from] ability: Desolate Land|[of] p1a: Groudon\n|turn|8\n|inactive|bailongzhenshuai has 120 seconds left.\n|\n|t:|1699751242\n|move|p2a: Zacian|Close Combat|p1a: Groudon\n|-damage|p1a: Groudon|0 fnt\n|-unboost|p2a: Zacian|def|1\n|-unboost|p2a: Zacian|spd|1\n|faint|p1a: Groudon\n|-weather|none\n|\n|upkeep\n|-message|happy skadi forfeited.\n|\n|win|bailongzhenshuai\n|raw|happy skadi's rating: 1422 &rarr; <strong>1405<\/strong><br \/>(-17 for losing)\n|raw|bailongzhenshuai's rating: 1471 &rarr; <strong>1488<\/strong><br \/>(+17 for winning)\n|l|\u2606happy skadi\n|l|\u2606bailongzhenshuai\n|l| AGisgood\u82cd\u54cd\u4fa0\n","uploadtime":1699751453,"views":4,"p1id":"happyskadi","p2id":"bailongzhenshuai","formatid":"gen9nationaldexubers","rating":1405,"private":0,"password":""}