{"id":"gen9nationaldexubers-1991797075","p1":"KingoftheTitans","p2":"akysai","format":"[Gen 9] National Dex Ubers","log":"|j|\u2606KingoftheTitans\n|j|\u2606akysai\n|t:|1700119134\n|gametype|singles\n|player|p1|KingoftheTitans|265|1225\n|player|p2|akysai|ghetsis|1205\n|teamsize|p1|6\n|teamsize|p2|6\n|gen|9\n|tier|[Gen 9] National Dex Ubers\n|rated|\n|rule|HP Percentage Mod: HP is shown in percentages\n|rule|Endless Battle Clause: Forcing endless battles is banned\n|rule|OHKO Clause: OHKO moves are banned\n|rule|Evasion Moves Clause: Evasion moves are banned\n|rule|Evasion Items Clause: Evasion items are banned\n|rule|Species Clause: Limit one of each Pok\u00e9mon\n|rule|Sleep Clause Mod: Limit one foe put to sleep\n|rule|Mega Rayquaza Clause: You cannot mega evolve Rayquaza\n|clearpoke\n|poke|p1|Charizard, M|\n|poke|p1|Greninja-*, M|\n|poke|p1|Serperior, F|\n|poke|p1|Tyranitar, M|\n|poke|p1|Excadrill, M|\n|poke|p1|Dracozolt|\n|poke|p2|Serperior, F|\n|poke|p2|Mawile, F|\n|poke|p2|Volcarona, F|\n|poke|p2|Weavile, M|\n|poke|p2|Mantine, M|\n|poke|p2|Garchomp, M|\n|teampreview\n|inactive|Battle timer is ON: inactive players will automatically lose when time's up. (requested by akysai)\n|\n|t:|1700119146\n|start\n|switch|p1a: Tyranitar|Tyranitar, M|100\/100\n|switch|p2a: Chi|Mawile, F|100\/100\n|-weather|Sandstorm|[from] ability: Sand Stream|[of] p1a: Tyranitar\n|-ability|p2a: Chi|Intimidate|boost\n|-unboost|p1a: Tyranitar|atk|1\n|turn|1\n|\n|t:|1700119155\n|switch|p1a: Excadrill|Excadrill, M|100\/100\n|switch|p2a: Rei|Mantine, M|100\/100\n|\n|-weather|Sandstorm|[upkeep]\n|-damage|p2a: Rei|94\/100|[from] Sandstorm\n|-heal|p2a: Rei|100\/100|[from] item: Leftovers\n|upkeep\n|turn|2\n|\n|t:|1700119172\n|switch|p1a: Tyranitar|Tyranitar, M|100\/100\n|move|p2a: Rei|Scald|p1a: Tyranitar\n|-supereffective|p1a: Tyranitar\n|-damage|p1a: Tyranitar|73\/100\n|\n|-weather|Sandstorm|[upkeep]\n|-damage|p2a: Rei|94\/100|[from] Sandstorm\n|-heal|p2a: Rei|100\/100|[from] item: Leftovers\n|upkeep\n|turn|3\n|\n|t:|1700119180\n|move|p2a: Rei|Scald|p1a: Tyranitar\n|-supereffective|p1a: Tyranitar\n|-damage|p1a: Tyranitar|48\/100\n|move|p1a: Tyranitar|Stone Edge|p2a: Rei\n|-supereffective|p2a: Rei\n|-damage|p2a: Rei|2\/100\n|\n|-weather|Sandstorm|[upkeep]\n|-damage|p2a: Rei|0 fnt|[from] Sandstorm\n|faint|p2a: Rei\n|upkeep\n|\n|t:|1700119186\n|switch|p2a: Lio|Garchomp, M|100\/100\n|turn|4\n|\n|t:|1700119194\n|switch|p1a: Charizard|Charizard, M|100\/100\n|move|p2a: Lio|Earthquake|p1a: Charizard\n|-immune|p1a: Charizard\n|\n|-weather|Sandstorm|[upkeep]\n|-damage|p1a: Charizard|94\/100|[from] Sandstorm\n|upkeep\n|turn|5\n|\n|t:|1700119201\n|switch|p2a: Joi|Volcarona, F|100\/100\n|detailschange|p1a: Charizard|Charizard-Mega-X, M\n|-mega|p1a: Charizard|Charizard|Charizardite X\n|move|p1a: Charizard|Dragon Dance|p1a: Charizard\n|-boost|p1a: Charizard|atk|1\n|-boost|p1a: Charizard|spe|1\n|\n|-weather|Sandstorm|[upkeep]\n|-damage|p1a: Charizard|88\/100|[from] Sandstorm\n|-damage|p2a: Joi|94\/100|[from] Sandstorm\n|upkeep\n|turn|6\n|\n|t:|1700119210\n|move|p1a: Charizard|Flare Blitz|p2a: Joi\n|-damage|p2a: Joi|0 fnt\n|faint|p2a: Joi\n|-damage|p1a: Charizard|56\/100|[from] Recoil\n|\n|-weather|Sandstorm|[upkeep]\n|-damage|p1a: Charizard|50\/100|[from] Sandstorm\n|upkeep\n|\n|t:|1700119215\n|switch|p2a: Chi|Mawile, F|100\/100\n|-ability|p2a: Chi|Intimidate|boost\n|-unboost|p1a: Charizard|atk|1\n|turn|7\n|\n|t:|1700119220\n|detailschange|p2a: Chi|Mawile-Mega, F\n|-mega|p2a: Chi|Mawile|Mawilite\n|move|p2a: Chi|Sucker Punch|p1a: Charizard\n|-crit|p1a: Charizard\n|-damage|p1a: Charizard|0 fnt\n|faint|p1a: Charizard\n|\n|-weather|Sandstorm|[upkeep]\n|upkeep\n|\n|t:|1700119227\n|switch|p1a: Excadrill|Excadrill, M|100\/100\n|turn|8\n|\n|t:|1700119232\n|move|p1a: Excadrill|Earthquake|p2a: Chi\n|-supereffective|p2a: Chi\n|-damage|p2a: Chi|0 fnt\n|faint|p2a: Chi\n|\n|-weather|none\n|upkeep\n|\n|t:|1700119236\n|switch|p2a: Ivy|Serperior, F|100\/100\n|turn|9\n|\n|t:|1700119239\n|move|p2a: Ivy|Leaf Storm|p1a: Excadrill|[miss]\n|-miss|p2a: Ivy|p1a: Excadrill\n|move|p1a: Excadrill|Rapid Spin|p2a: Ivy\n|-damage|p2a: Ivy|75\/100\n|-boost|p1a: Excadrill|spe|1\n|\n|upkeep\n|turn|10\n|\n|t:|1700119245\n|move|p1a: Excadrill|Iron Head|p2a: Ivy\n|-damage|p2a: Ivy|14\/100\n|move|p2a: Ivy|Leaf Storm|p1a: Excadrill\n|-damage|p1a: Excadrill|33\/100\n|-boost|p2a: Ivy|spa|2\n|\n|upkeep\n|turn|11\n|\n|t:|1700119252\n|move|p1a: Excadrill|Rapid Spin|p2a: Ivy\n|-damage|p2a: Ivy|0 fnt\n|-boost|p1a: Excadrill|spe|1\n|faint|p2a: Ivy\n|\n|upkeep\n|\n|t:|1700119254\n|switch|p2a: Sai|Weavile, M|100\/100\n|-ability|p2a: Sai|Pressure\n|turn|12\n|\n|t:|1700119259\n|move|p2a: Sai|Ice Shard|p1a: Excadrill\n|-damage|p1a: Excadrill|0 fnt\n|faint|p1a: Excadrill\n|-damage|p2a: Sai|91\/100|[from] item: Life Orb\n|\n|upkeep\n|\n|t:|1700119263\n|switch|p1a: Tyranitar|Tyranitar, M|48\/100\n|-weather|Sandstorm|[from] ability: Sand Stream|[of] p1a: Tyranitar\n|turn|13\n|\n|t:|1700119268\n|move|p2a: Sai|Low Kick|p1a: Tyranitar\n|-supereffective|p1a: Tyranitar\n|-damage|p1a: Tyranitar|0 fnt\n|faint|p1a: Tyranitar\n|-damage|p2a: Sai|81\/100|[from] item: Life Orb\n|\n|-weather|Sandstorm|[upkeep]\n|-damage|p2a: Sai|75\/100|[from] Sandstorm\n|upkeep\n|\n|t:|1700119278\n|switch|p1a: Dracozolt|Dracozolt|100\/100\n|turn|14\n|\n|t:|1700119284\n|switch|p2a: Lio|Garchomp, M|100\/100\n|move|p1a: Dracozolt|Dragon Claw|p2a: Lio\n|-supereffective|p2a: Lio\n|-damage|p2a: Lio|0 fnt\n|-damage|p1a: Dracozolt|88\/100|[from] ability: Rough Skin|[of] p2a: Lio\n|faint|p2a: Lio\n|\n|-weather|Sandstorm|[upkeep]\n|-damage|p1a: Dracozolt|82\/100|[from] Sandstorm\n|upkeep\n|\n|t:|1700119287\n|switch|p2a: Sai|Weavile, M|75\/100\n|-ability|p2a: Sai|Pressure\n|turn|15\n|c|\u2606KingoftheTitans|gg\n|\n|t:|1700119298\n|move|p1a: Dracozolt|Dragon Claw|p2a: Sai\n|-damage|p2a: Sai|0 fnt\n|faint|p2a: Sai\n|\n|win|KingoftheTitans\n|raw|KingoftheTitans's rating: 1225 &rarr; <strong>1249<\/strong><br \/>(+24 for winning)\n|raw|akysai's rating: 1205 &rarr; <strong>1181<\/strong><br \/>(-24 for losing)\n|l|\u2606akysai\n","uploadtime":1700119304,"views":8,"p1id":"kingofthetitans","p2id":"akysai","formatid":"gen9nationaldexubers","rating":1181,"private":0,"password":""}