{"id":"gen9nationaldexubers-1981593255","p1":"ArcheonOfWinter","p2":"Iyandelian","format":"[Gen 9] National Dex Ubers","log":"|j|\u2606ArcheonOfWinter\n|j|\u2606Iyandelian\n|t:|1698923459\n|gametype|singles\n|player|p1|ArcheonOfWinter|102|\n|player|p2|Iyandelian|depotagent|\n|teamsize|p1|6\n|teamsize|p2|6\n|gen|9\n|tier|[Gen 9] National Dex Ubers\n|rule|HP Percentage Mod: HP is shown in percentages\n|rule|Endless Battle Clause: Forcing endless battles is banned\n|rule|OHKO Clause: OHKO moves are banned\n|rule|Evasion Moves Clause: Evasion moves are banned\n|rule|Evasion Items Clause: Evasion items are banned\n|rule|Species Clause: Limit one of each Pok\u00e9mon\n|rule|Sleep Clause Mod: Limit one foe put to sleep\n|rule|Mega Rayquaza Clause: You cannot mega evolve Rayquaza\n|clearpoke\n|poke|p1|Cinderace, F|\n|poke|p1|Hatterene, F|\n|poke|p1|Roaring Moon|\n|poke|p1|Slowking, F|\n|poke|p1|Ninetales-Alola, F|\n|poke|p1|Arctozolt|\n|poke|p2|Typhlosion-Hisui, M|\n|poke|p2|Clefable, M|\n|poke|p2|Crawdaunt, F|\n|poke|p2|Shuckle, F|\n|poke|p2|Mawile, F|\n|poke|p2|Corviknight, M|\n|teampreview\n|j| PorygonTheBot\n|c| PorygonTheBot|You got this!\n|c|\u2606Iyandelian|gl and hf\n|\n|t:|1698923506\n|start\n|switch|p1a: Slowking|Slowking, F|100\/100\n|switch|p2a: Pebble|Shuckle, F|100\/100\n|turn|1\n|\n|t:|1698923529\n|switch|p1a: Hatterene|Hatterene, F|100\/100\n|move|p2a: Pebble|Infestation|p1a: Hatterene\n|-damage|p1a: Hatterene|99\/100\n|-activate|p1a: Hatterene|move: Infestation|[of] p2a: Pebble\n|\n|-heal|p1a: Hatterene|100\/100|[from] item: Leftovers\n|-damage|p1a: Hatterene|88\/100|[from] move: Infestation|[partiallytrapped]\n|upkeep\n|turn|2\n|c|\u2606ArcheonOfWinter|gl hf!\n|\n|t:|1698923559\n|move|p1a: Hatterene|Calm Mind|p1a: Hatterene\n|-boost|p1a: Hatterene|spa|1\n|-boost|p1a: Hatterene|spd|1\n|move|p2a: Pebble|Stone Edge|p1a: Hatterene\n|-damage|p1a: Hatterene|81\/100\n|\n|-heal|p1a: Hatterene|87\/100|[from] item: Leftovers\n|-damage|p1a: Hatterene|74\/100|[from] move: Infestation|[partiallytrapped]\n|upkeep\n|turn|3\n|\n|t:|1698923571\n|move|p1a: Hatterene|Calm Mind|p1a: Hatterene\n|-boost|p1a: Hatterene|spa|1\n|-boost|p1a: Hatterene|spd|1\n|move|p2a: Pebble|Power Split|p1a: Hatterene\n|-activate|p2a: Pebble|move: Power Split|[of] p1a: Hatterene\n|\n|-heal|p1a: Hatterene|80\/100|[from] item: Leftovers\n|-damage|p1a: Hatterene|68\/100|[from] move: Infestation|[partiallytrapped]\n|upkeep\n|turn|4\n|\n|t:|1698923585\n|switch|p2a: The Closer|Crawdaunt, F|100\/100\n|move|p1a: Hatterene|Mystical Fire|p2a: The Closer\n|-resisted|p2a: The Closer\n|-damage|p2a: The Closer|86\/100\n|-unboost|p2a: The Closer|spa|1\n|\n|-heal|p1a: Hatterene|74\/100|[from] item: Leftovers\n|-end|p1a: Hatterene|Infestation|[partiallytrapped]|[silent]\n|upkeep\n|turn|5\n|\n|t:|1698923605\n|move|p2a: The Closer|Crunch|p1a: Hatterene\n|-damage|p1a: Hatterene|21\/100\n|move|p1a: Hatterene|Draining Kiss|p2a: The Closer\n|-supereffective|p2a: The Closer\n|-damage|p2a: The Closer|27\/100\n|-heal|p1a: Hatterene|67\/100|[from] drain|[of] p2a: The Closer\n|\n|-heal|p1a: Hatterene|73\/100|[from] item: Leftovers\n|upkeep\n|turn|6\n|\n|t:|1698923619\n|move|p2a: The Closer|Crunch|p1a: Hatterene\n|-damage|p1a: Hatterene|20\/100\n|move|p1a: Hatterene|Draining Kiss|p2a: The Closer\n|-supereffective|p2a: The Closer\n|-damage|p2a: The Closer|0 fnt\n|-heal|p1a: Hatterene|41\/100|[from] drain|[of] p2a: The Closer\n|faint|p2a: The Closer\n|\n|-heal|p1a: Hatterene|47\/100|[from] item: Leftovers\n|upkeep\n|\n|t:|1698923633\n|switch|p2a: Shinji|Typhlosion-Hisui, M|100\/100\n|turn|7\n|\n|t:|1698923649\n|switch|p1a: Roaring Moon|Roaring Moon|100\/100\n|-enditem|p1a: Roaring Moon|Booster Energy\n|-activate|p1a: Roaring Moon|ability: Protosynthesis|[fromitem]\n|-start|p1a: Roaring Moon|protosynthesisatk\n|move|p2a: Shinji|Burn Up|p1a: Roaring Moon\n|-resisted|p1a: Roaring Moon\n|-damage|p1a: Roaring Moon|66\/100\n|-start|p2a: Shinji|typechange|???\/Ghost|[from] move: Burn Up\n|\n|upkeep\n|turn|8\n|\n|t:|1698923664\n|switch|p2a: Maurice|Clefable, M|100\/100\n|move|p1a: Roaring Moon|Dragon Dance|p1a: Roaring Moon\n|-boost|p1a: Roaring Moon|atk|1\n|-boost|p1a: Roaring Moon|spe|1\n|\n|upkeep\n|turn|9\n|\n|t:|1698923693\n|-end|p1a: Roaring Moon|Protosynthesis|[silent]\n|switch|p1a: Ninetales|Ninetales-Alola, F|100\/100\n|-weather|Snow|[from] ability: Snow Warning|[of] p1a: Ninetales\n|move|p2a: Maurice|Moonblast|p1a: Ninetales\n|-damage|p1a: Ninetales|64\/100\n|\n|-weather|Snow|[upkeep]\n|upkeep\n|turn|10\n|\n|t:|1698923710\n|move|p1a: Ninetales|Aurora Veil|p1a: Ninetales\n|-sidestart|p1: ArcheonOfWinter|move: Aurora Veil\n|move|p2a: Maurice|Reflect|p2a: Maurice\n|-sidestart|p2: Iyandelian|Reflect\n|\n|-weather|Snow|[upkeep]\n|upkeep\n|turn|11\n|\n|t:|1698923719\n|move|p1a: Ninetales|Encore|p2a: Maurice\n|-start|p2a: Maurice|Encore\n|move|p2a: Maurice|Reflect||[still]\n|-fail|p2a: Maurice\n|\n|-weather|Snow|[upkeep]\n|upkeep\n|turn|12\n|j| Captain_118\n|\n|t:|1698923736\n|switch|p1a: Arctozolt|Arctozolt|100\/100\n|switch|p2a: Laurance|Corviknight, M|100\/100\n|-ability|p2a: Laurance|Pressure\n|\n|-weather|Snow|[upkeep]\n|upkeep\n|turn|13\n|\n|t:|1698923761\n|switch|p2a: Shinji|Typhlosion-Hisui, M|100\/100\n|move|p1a: Arctozolt|Bolt Beak|p2a: Shinji\n|-damage|p2a: Shinji|14\/100\n|\n|-weather|Snow|[upkeep]\n|upkeep\n|turn|14\n|\n|t:|1698923788\n|switch|p2a: Saki|Mawile, F|100\/100\n|-ability|p2a: Saki|Intimidate|boost\n|-unboost|p1a: Arctozolt|atk|1\n|move|p1a: Arctozolt|Bolt Beak|p2a: Saki\n|-damage|p2a: Saki|57\/100\n|\n|-weather|Snow|[upkeep]\n|-sideend|p2: Iyandelian|Reflect\n|-sideend|p1: ArcheonOfWinter|move: Aurora Veil\n|upkeep\n|turn|15\n|\n|t:|1698923816\n|switch|p1a: Hatterene|Hatterene, F|47\/100\n|detailschange|p2a: Saki|Mawile-Mega, F\n|-mega|p2a: Saki|Mawile|Mawilite\n|move|p2a: Saki|Play Rough|p1a: Hatterene\n|-damage|p1a: Hatterene|0 fnt\n|faint|p1a: Hatterene\n|\n|-weather|Snow|[upkeep]\n|upkeep\n|\n|t:|1698923825\n|switch|p1a: Cinderace|Cinderace, F|100\/100\n|turn|16\n|\n|t:|1698923847\n|switch|p2a: Pebble|Shuckle, F|100\/100\n|move|p1a: Cinderace|Pyro Ball|p2a: Pebble\n|-damage|p2a: Pebble|50\/100\n|-enditem|p2a: Pebble|Red Card|[of] p1a: Cinderace\n|drag|p1a: Slowking|Slowking, F|100\/100\n|\n|-weather|none\n|upkeep\n|turn|17\n|\n|t:|1698923857\n|move|p1a: Slowking|Future Sight|p2a: Pebble\n|-start|p1a: Slowking|move: Future Sight\n|move|p2a: Pebble|Infestation|p1a: Slowking\n|-supereffective|p1a: Slowking\n|-damage|p1a: Slowking|97\/100\n|-activate|p1a: Slowking|move: Infestation|[of] p2a: Pebble\n|-damage|p2a: Pebble|34\/100|[from] item: Rocky Helmet|[of] p1a: Slowking\n|\n|-damage|p1a: Slowking|85\/100|[from] move: Infestation|[partiallytrapped]\n|upkeep\n|turn|18\n|\n|t:|1698923877\n|switch|p2a: Laurance|Corviknight, M|100\/100\n|-ability|p2a: Laurance|Pressure\n|move|p1a: Slowking|Chilly Reception|p1a: Slowking\n|-weather|Snow\n|\n|t:|1698923883\n|switch|p1a: Arctozolt|Arctozolt|100\/100|[from] Chilly Reception\n|\n|-weather|Snow|[upkeep]\n|upkeep\n|turn|19\n|\n|t:|1698923901\n|move|p1a: Arctozolt|Bolt Beak|p2a: Laurance\n|-supereffective|p2a: Laurance\n|-damage|p2a: Laurance|0 fnt\n|-damage|p1a: Arctozolt|84\/100|[from] item: Rocky Helmet|[of] p2a: Laurance\n|faint|p2a: Laurance\n|\n|-weather|Snow|[upkeep]\n|-hint|Future Sight did not hit because the target is fainted.\n|upkeep\n|\n|t:|1698923908\n|switch|p2a: Maurice|Clefable, M|100\/100\n|turn|20\n|\n|t:|1698923913\n|move|p1a: Arctozolt|Bolt Beak|p2a: Maurice\n|-damage|p2a: Maurice|0 fnt\n|faint|p2a: Maurice\n|\n|-weather|Snow|[upkeep]\n|upkeep\n|\n|t:|1698923920\n|switch|p2a: Pebble|Shuckle, F|34\/100\n|turn|21\n|\n|t:|1698923927\n|move|p1a: Arctozolt|Bolt Beak|p2a: Pebble\n|-damage|p2a: Pebble|0 fnt\n|faint|p2a: Pebble\n|\n|-weather|Snow|[upkeep]\n|upkeep\n|\n|t:|1698923933\n|switch|p2a: Shinji|Typhlosion-Hisui, M|14\/100\n|turn|22\n|\n|t:|1698923937\n|move|p1a: Arctozolt|Bolt Beak|p2a: Shinji\n|-damage|p2a: Shinji|0 fnt\n|faint|p2a: Shinji\n|\n|-weather|none\n|upkeep\n|\n|t:|1698923942\n|switch|p2a: Saki|Mawile-Mega, F|57\/100\n|turn|23\n|\n|t:|1698923949\n|move|p1a: Arctozolt|Bolt Beak|p2a: Saki\n|-damage|p2a: Saki|0 fnt\n|faint|p2a: Saki\n|\n|win|ArcheonOfWinter\n|l| PorygonTheBot\n|l| Captain_118\n|c|\u2606ArcheonOfWinter|gg!\n|c|\u2606Iyandelian|gg\n","uploadtime":1698923951,"views":19,"p1id":"archeonofwinter","p2id":"iyandelian","formatid":"gen9nationaldexubers","rating":0,"private":0,"password":""}