{"id":"gen9nationaldexubers-1997629615","p1":"SpencerJRock","p2":"JustMonika_CARR","format":"[Gen 9] National Dex Ubers","log":"|j|\u2606SpencerJRock\n|j|\u2606JustMonika_CARR\n|t:|1700835076\n|gametype|singles\n|player|p1|SpencerJRock|artist-gen4|1466\n|player|p2|JustMonika_CARR|rosa|1410\n|teamsize|p1|6\n|teamsize|p2|6\n|gen|9\n|tier|[Gen 9] National Dex Ubers\n|rated|\n|rule|HP Percentage Mod: HP is shown in percentages\n|rule|Endless Battle Clause: Forcing endless battles is banned\n|rule|OHKO Clause: OHKO moves are banned\n|rule|Evasion Moves Clause: Evasion moves are banned\n|rule|Evasion Items Clause: Evasion items are banned\n|rule|Species Clause: Limit one of each Pok\u00e9mon\n|rule|Sleep Clause Mod: Limit one foe put to sleep\n|rule|Mega Rayquaza Clause: You cannot mega evolve Rayquaza\n|clearpoke\n|poke|p1|Deoxys-Speed|\n|poke|p1|Xerneas-*|\n|poke|p1|Necrozma-Dusk-Mane|\n|poke|p1|Arceus|\n|poke|p1|Eternatus|\n|poke|p1|Dracovish|\n|poke|p2|Blaziken, M|\n|poke|p2|Pheromosa|\n|poke|p2|Gothitelle, F|\n|poke|p2|Deoxys-Speed|\n|poke|p2|Arceus|\n|poke|p2|Durant, F|\n|teampreview\n|inactive|Battle timer is ON: inactive players will automatically lose when time's up. (requested by SpencerJRock)\n|\n|t:|1700835080\n|start\n|switch|p1a: Deoxys|Deoxys-Speed|100\/100\n|switch|p2a: Pheromosa|Pheromosa, shiny|100\/100\n|-ability|p1a: Deoxys|Pressure\n|turn|1\n|c|\u2606JustMonika_CARR|Glhf\n|l|\u2606SpencerJRock\n|inactive|SpencerJRock disconnected and has a minute to reconnect!\n|player|p1|\n|c|\u2606JustMonika_CARR|?\n|inactive|SpencerJRock has 30 seconds to reconnect!\n|j|\u2606SpencerJRock\n|inactive|SpencerJRock reconnected and has 110 seconds left.\n|player|p1|SpencerJRock|artist-gen4\n|\n|t:|1700835129\n|move|p1a: Deoxys|Psycho Boost|p2a: Pheromosa|[miss]\n|-miss|p1a: Deoxys|p2a: Pheromosa\n|move|p2a: Pheromosa|Rapid Spin|p1a: Deoxys\n|-damage|p1a: Deoxys|82\/100\n|-boost|p2a: Pheromosa|spe|1\n|-damage|p2a: Pheromosa|84\/100|[from] item: Rocky Helmet|[of] p1a: Deoxys\n|\n|upkeep\n|turn|2\n|\n|t:|1700835136\n|move|p2a: Pheromosa|Bug Buzz|p1a: Deoxys\n|-supereffective|p1a: Deoxys\n|-damage|p1a: Deoxys|0 fnt\n|faint|p1a: Deoxys\n|-ability|p2a: Pheromosa|Beast Boost|boost\n|-boost|p2a: Pheromosa|spa|1\n|\n|upkeep\n|\n|t:|1700835155\n|switch|p1a: Arceus|Arceus|100\/100\n|turn|3\n|\n|t:|1700835162\n|move|p1a: Arceus|Extreme Speed|p2a: Pheromosa\n|-damage|p2a: Pheromosa|0 fnt\n|faint|p2a: Pheromosa\n|\n|upkeep\n|\n|t:|1700835166\n|switch|p2a: Deoxys|Deoxys-Speed, shiny|100\/100\n|-ability|p2a: Deoxys|Pressure\n|turn|4\n|\n|t:|1700835172\n|move|p1a: Arceus|Extreme Speed|p2a: Deoxys\n|-damage|p2a: Deoxys|50\/100\n|move|p2a: Deoxys|Reflect|p2a: Deoxys\n|-sidestart|p2: JustMonika_CARR|Reflect\n|\n|upkeep\n|turn|5\n|\n|t:|1700835178\n|move|p2a: Deoxys|Stealth Rock|p1a: Arceus\n|-sidestart|p1: SpencerJRock|move: Stealth Rock\n|move|p1a: Arceus|Shadow Claw|p2a: Deoxys\n|-supereffective|p2a: Deoxys\n|-damage|p2a: Deoxys|22\/100\n|\n|upkeep\n|turn|6\n|\n|t:|1700835182\n|move|p2a: Deoxys|Toxic|p1a: Arceus\n|-status|p1a: Arceus|tox\n|move|p1a: Arceus|Swords Dance|p1a: Arceus\n|-boost|p1a: Arceus|atk|2\n|\n|-damage|p1a: Arceus|94\/100 tox|[from] psn\n|upkeep\n|turn|7\n|\n|t:|1700835185\n|move|p1a: Arceus|Extreme Speed|p2a: Deoxys\n|-damage|p2a: Deoxys|0 fnt\n|faint|p2a: Deoxys\n|\n|-damage|p1a: Arceus|82\/100 tox|[from] psn\n|upkeep\n|\n|t:|1700835190\n|switch|p2a: Blaziken|Blaziken, M, shiny|100\/100\n|turn|8\n|\n|t:|1700835199\n|detailschange|p2a: Blaziken|Blaziken-Mega, M, shiny\n|-mega|p2a: Blaziken|Blaziken|Blazikenite\n|move|p2a: Blaziken|Protect|p2a: Blaziken\n|-singleturn|p2a: Blaziken|Protect\n|move|p1a: Arceus|Extreme Speed|p2a: Blaziken\n|-activate|p2a: Blaziken|move: Protect\n|\n|-damage|p1a: Arceus|64\/100 tox|[from] psn\n|-ability|p2a: Blaziken|Speed Boost|boost\n|-boost|p2a: Blaziken|spe|1\n|upkeep\n|turn|9\n|\n|t:|1700835206\n|move|p1a: Arceus|Extreme Speed|p2a: Blaziken\n|-damage|p2a: Blaziken|49\/100\n|move|p2a: Blaziken|High Jump Kick|p1a: Arceus\n|-supereffective|p1a: Arceus\n|-enditem|p1a: Arceus|Chople Berry|[eat]\n|-enditem|p1a: Arceus|Chople Berry|[weaken]\n|-damage|p1a: Arceus|0 fnt\n|faint|p1a: Arceus\n|\n|-ability|p2a: Blaziken|Speed Boost|boost\n|-boost|p2a: Blaziken|spe|1\n|upkeep\n|\n|t:|1700835214\n|switch|p1a: Necrozma|Necrozma-Dusk-Mane|100\/100\n|-damage|p1a: Necrozma|94\/100|[from] Stealth Rock\n|turn|10\n|\n|t:|1700835224\n|move|p2a: Blaziken|Hone Claws|p2a: Blaziken\n|-boost|p2a: Blaziken|atk|1\n|-boost|p2a: Blaziken|accuracy|1\n|move|p1a: Necrozma|Earthquake|p2a: Blaziken\n|-supereffective|p2a: Blaziken\n|-damage|p2a: Blaziken|0 fnt\n|faint|p2a: Blaziken\n|\n|upkeep\n|\n|t:|1700835227\n|switch|p2a: Arceus|Arceus|100\/100\n|turn|11\n|\n|t:|1700835230\n|move|p2a: Arceus|Cosmic Power|p2a: Arceus\n|-boost|p2a: Arceus|def|1\n|-boost|p2a: Arceus|spd|1\n|move|p1a: Necrozma|Photon Geyser|p2a: Arceus\n|-damage|p2a: Arceus|88\/100\n|\n|-sideend|p2: JustMonika_CARR|Reflect\n|upkeep\n|turn|12\n|\n|t:|1700835239\n|move|p2a: Arceus|Cosmic Power|p2a: Arceus\n|-boost|p2a: Arceus|def|1\n|-boost|p2a: Arceus|spd|1\n|move|p1a: Necrozma|Photon Geyser|p2a: Arceus\n|-damage|p2a: Arceus|70\/100\n|\n|upkeep\n|turn|13\n|\n|t:|1700835242\n|move|p2a: Arceus|Cosmic Power|p2a: Arceus\n|-boost|p2a: Arceus|def|1\n|-boost|p2a: Arceus|spd|1\n|move|p1a: Necrozma|Photon Geyser|p2a: Arceus\n|-damage|p2a: Arceus|56\/100\n|\n|upkeep\n|turn|14\n|\n|t:|1700835244\n|move|p2a: Arceus|Cosmic Power|p2a: Arceus\n|-boost|p2a: Arceus|def|1\n|-boost|p2a: Arceus|spd|1\n|move|p1a: Necrozma|Photon Geyser|p2a: Arceus\n|-damage|p2a: Arceus|44\/100\n|\n|upkeep\n|turn|15\n|\n|t:|1700835246\n|move|p2a: Arceus|Cosmic Power|p2a: Arceus\n|-boost|p2a: Arceus|def|1\n|-boost|p2a: Arceus|spd|1\n|move|p1a: Necrozma|Photon Geyser|p2a: Arceus\n|-damage|p2a: Arceus|33\/100\n|\n|upkeep\n|turn|16\n|\n|t:|1700835249\n|move|p2a: Arceus|Rest|p2a: Arceus\n|-status|p2a: Arceus|slp|[from] move: Rest\n|-heal|p2a: Arceus|100\/100 slp|[silent]\n|-enditem|p2a: Arceus|Chesto Berry|[eat]\n|-curestatus|p2a: Arceus|slp|[msg]\n|move|p1a: Necrozma|Photon Geyser|p2a: Arceus\n|-damage|p2a: Arceus|90\/100\n|\n|upkeep\n|turn|17\n|\n|t:|1700835252\n|move|p2a: Arceus|Cosmic Power|p2a: Arceus\n|-boost|p2a: Arceus|def|1\n|-boost|p2a: Arceus|spd|1\n|move|p1a: Necrozma|Photon Geyser|p2a: Arceus\n|-damage|p2a: Arceus|80\/100\n|\n|upkeep\n|turn|18\n|\n|t:|1700835254\n|move|p2a: Arceus|Charge Beam|p1a: Necrozma\n|-damage|p1a: Necrozma|84\/100\n|-boost|p2a: Arceus|spa|1\n|move|p1a: Necrozma|Photon Geyser|p2a: Arceus\n|-damage|p2a: Arceus|71\/100\n|\n|upkeep\n|turn|19\n|\n|t:|1700835257\n|move|p2a: Arceus|Charge Beam|p1a: Necrozma\n|-damage|p1a: Necrozma|69\/100\n|move|p1a: Necrozma|Sunsteel Strike|p2a: Arceus\n|-damage|p2a: Arceus|61\/100\n|\n|upkeep\n|turn|20\n|\n|t:|1700835259\n|move|p2a: Arceus|Charge Beam|p1a: Necrozma\n|-damage|p1a: Necrozma|53\/100\n|-boost|p2a: Arceus|spa|1\n|move|p1a: Necrozma|Sunsteel Strike|p2a: Arceus\n|-damage|p2a: Arceus|52\/100\n|\n|upkeep\n|turn|21\n|\n|t:|1700835262\n|move|p2a: Arceus|Charge Beam|p1a: Necrozma\n|-damage|p1a: Necrozma|30\/100\n|-boost|p2a: Arceus|spa|1\n|move|p1a: Necrozma|Sunsteel Strike|p2a: Arceus\n|-damage|p2a: Arceus|43\/100\n|\n|upkeep\n|turn|22\n|\n|t:|1700835266\n|move|p2a: Arceus|Charge Beam|p1a: Necrozma\n|-damage|p1a: Necrozma|2\/100\n|move|p1a: Necrozma|Sunsteel Strike|p2a: Arceus\n|-damage|p2a: Arceus|34\/100\n|\n|upkeep\n|turn|23\n|\n|t:|1700835271\n|move|p2a: Arceus|Rest|p2a: Arceus\n|-status|p2a: Arceus|slp|[from] move: Rest\n|-heal|p2a: Arceus|100\/100 slp|[silent]\n|move|p1a: Necrozma|Sunsteel Strike|p2a: Arceus\n|-damage|p2a: Arceus|90\/100 slp\n|\n|upkeep\n|turn|24\n|\n|t:|1700835275\n|cant|p2a: Arceus|slp\n|move|p1a: Necrozma|Sunsteel Strike|p2a: Arceus\n|-damage|p2a: Arceus|81\/100 slp\n|\n|upkeep\n|turn|25\n|\n|t:|1700835277\n|cant|p2a: Arceus|slp\n|move|p1a: Necrozma|Sunsteel Strike|p2a: Arceus\n|-damage|p2a: Arceus|71\/100 slp\n|\n|upkeep\n|turn|26\n|\n|t:|1700835279\n|-curestatus|p2a: Arceus|slp|[msg]\n|move|p2a: Arceus|Charge Beam|p1a: Necrozma\n|-damage|p1a: Necrozma|0 fnt\n|faint|p1a: Necrozma\n|\n|upkeep\n|\n|t:|1700835293\n|switch|p1a: Eternatus|Eternatus|100\/100\n|-damage|p1a: Eternatus|88\/100|[from] Stealth Rock\n|-ability|p1a: Eternatus|Pressure\n|turn|27\n|\n|t:|1700835298\n|move|p1a: Eternatus|Meteor Beam||[still]\n|-prepare|p1a: Eternatus|Meteor Beam\n|-boost|p1a: Eternatus|spa|1\n|-enditem|p1a: Eternatus|Power Herb\n|-anim|p1a: Eternatus|Meteor Beam|p2a: Arceus\n|-damage|p2a: Arceus|62\/100\n|move|p2a: Arceus|Stored Power|p1a: Eternatus\n|-supereffective|p1a: Eternatus\n|-damage|p1a: Eternatus|0 fnt\n|faint|p1a: Eternatus\n|\n|upkeep\n|\n|t:|1700835307\n|switch|p1a: Xerneas|Xerneas|100\/100\n|-damage|p1a: Xerneas|88\/100|[from] Stealth Rock\n|-ability|p1a: Xerneas|Fairy Aura\n|turn|28\n|\n|t:|1700835311\n|move|p1a: Xerneas|Substitute|p1a: Xerneas\n|-start|p1a: Xerneas|Substitute\n|-damage|p1a: Xerneas|63\/100\n|move|p2a: Arceus|Stored Power|p1a: Xerneas\n|-end|p1a: Xerneas|Substitute\n|\n|upkeep\n|turn|29\n|\n|t:|1700835318\n|move|p1a: Xerneas|Moonblast|p2a: Arceus\n|-damage|p2a: Arceus|52\/100\n|-unboost|p2a: Arceus|spa|1\n|move|p2a: Arceus|Stored Power|p1a: Xerneas\n|-damage|p1a: Xerneas|0 fnt\n|faint|p1a: Xerneas\n|\n|upkeep\n|\n|t:|1700835322\n|switch|p1a: Dracovish|Dracovish|100\/100\n|-damage|p1a: Dracovish|88\/100|[from] Stealth Rock\n|turn|30\n|\n|t:|1700835325\n|-terastallize|p1a: Dracovish|Water\n|move|p2a: Arceus|Stored Power|p1a: Dracovish\n|-damage|p1a: Dracovish|0 fnt\n|faint|p1a: Dracovish\n|\n|win|JustMonika_CARR\n|raw|SpencerJRock's rating: 1466 &rarr; <strong>1443<\/strong><br \/>(-23 for losing)\n|raw|JustMonika_CARR's rating: 1410 &rarr; <strong>1433<\/strong><br \/>(+23 for winning)\n|l|\u2606SpencerJRock\n","uploadtime":1700835340,"views":3,"p1id":"spencerjrock","p2id":"justmonikacarr","formatid":"gen9nationaldexubers","rating":1433,"private":0,"password":""}