{"id":"gen9nationaldexubers-1990813094","p1":"hoarahlouxwarriorr","p2":"straightoutta14BC","format":"[Gen 9] National Dex Ubers","log":"|j|\u2606hoarahlouxwarriorr\n|j|\u2606straightoutta14BC\n|inactive|Battle timer is ON: inactive players will automatically lose when time's up.\n|t:|1700003433\n|gametype|singles\n|player|p1|hoarahlouxwarriorr|brycen|\n|player|p2|straightoutta14BC|169|\n|teamsize|p1|6\n|teamsize|p2|6\n|gen|9\n|tier|[Gen 9] National Dex Ubers\n|rated|Tournament battle\n|rule|HP Percentage Mod: HP is shown in percentages\n|rule|Endless Battle Clause: Forcing endless battles is banned\n|rule|OHKO Clause: OHKO moves are banned\n|rule|Evasion Moves Clause: Evasion moves are banned\n|rule|Evasion Items Clause: Evasion items are banned\n|rule|Species Clause: Limit one of each Pok\u00e9mon\n|rule|Sleep Clause Mod: Limit one foe put to sleep\n|rule|Mega Rayquaza Clause: You cannot mega evolve Rayquaza\n|rule|Dynamax Clause: You cannot dynamax\n|rule|Terastal Clause: You cannot Terastallize\n|rule|Same Type Clause: Pok\u00e9mon in a team must share a type\n|clearpoke\n|poke|p1|Espathra, M|\n|poke|p1|Metagross|\n|poke|p1|Tapu Lele|\n|poke|p1|Latias, F|\n|poke|p1|Lunala|\n|poke|p1|Necrozma-Dusk-Mane|\n|poke|p2|Klinklang|\n|poke|p2|Bronzong|\n|poke|p2|Mawile, F|\n|poke|p2|Melmetal|\n|poke|p2|Stakataka|\n|poke|p2|Ferrothorn, F|\n|teampreview\n|j| Franko159\n|inactive|hoarahlouxwarriorr has 120 seconds left.\n|inactive|straightoutta14BC has 120 seconds left.\n|c|\u2606hoarahlouxwarriorr|way to kickstart things\n|inactive|straightoutta14BC has 90 seconds left.\n|inactive|straightoutta14BC has 60 seconds left.\n|\n|t:|1700003546\n|start\n|switch|p1a: Espathra|Espathra, M|100\/100\n|switch|p2a: Shenzhou|Klinklang|100\/100\n|turn|1\n|\n|t:|1700003564\n|move|p1a: Espathra|Substitute|p1a: Espathra\n|-start|p1a: Espathra|Substitute\n|-damage|p1a: Espathra|76\/100\n|move|p2a: Shenzhou|Volt Switch|p1a: Espathra\n|-end|p1a: Espathra|Substitute\n|\n|t:|1700003567\n|switch|p2a: Nova|Melmetal|100\/100|[from] Volt Switch\n|\n|-ability|p1a: Espathra|Speed Boost|boost\n|-boost|p1a: Espathra|spe|1\n|upkeep\n|turn|2\n|inactive|straightoutta14BC has 90 seconds left.\n|inactive|hoarahlouxwarriorr has 120 seconds left.\n|j| NoahTheGreat6\n|l| NoahTheGreat6\n|\n|t:|1700003617\n|switch|p1a: Necrozma|Necrozma-Dusk-Mane|100\/100\n|move|p2a: Nova|Double Iron Bash|p1a: Necrozma\n|-resisted|p1a: Necrozma\n|-damage|p1a: Necrozma|72\/100\n|-resisted|p1a: Necrozma\n|-damage|p1a: Necrozma|46\/100\n|-hitcount|p1a: Necrozma|2\n|\n|-heal|p1a: Necrozma|52\/100|[from] item: Leftovers\n|upkeep\n|turn|3\n|\n|t:|1700003635\n|move|p1a: Necrozma|Moonlight|p1a: Necrozma\n|-heal|p1a: Necrozma|100\/100\n|move|p2a: Nova|Double Iron Bash|p1a: Necrozma\n|-resisted|p1a: Necrozma\n|-damage|p1a: Necrozma|73\/100\n|-resisted|p1a: Necrozma\n|-damage|p1a: Necrozma|43\/100\n|-hitcount|p1a: Necrozma|2\n|\n|-heal|p1a: Necrozma|49\/100|[from] item: Leftovers\n|upkeep\n|turn|4\n|c|\u2606hoarahlouxwarriorr|why are there so many hyperrealistic moons now\n|\n|t:|1700003664\n|switch|p2a: Shenzhou|Klinklang|100\/100\n|move|p1a: Necrozma|Knock Off|p2a: Shenzhou\n|-damage|p2a: Shenzhou|66\/100\n|-enditem|p2a: Shenzhou|Focus Sash|[from] move: Knock Off|[of] p1a: Necrozma\n|\n|-heal|p1a: Necrozma|55\/100|[from] item: Leftovers\n|upkeep\n|turn|5\n|inactive|hoarahlouxwarriorr has 120 seconds left.\n|\n|t:|1700003683\n|switch|p1a: Espathra|Espathra, M|76\/100\n|move|p2a: Shenzhou|Trick Room|p2a: Shenzhou\n|-fieldstart|move: Trick Room|[of] p2a: Shenzhou\n|\n|upkeep\n|turn|6\n|\n|t:|1700003690\n|move|p2a: Shenzhou|Volt Switch|p1a: Espathra\n|-damage|p1a: Espathra|46\/100\n|\n|t:|1700003698\n|switch|p2a: Nova|Melmetal|100\/100|[from] Volt Switch\n|move|p1a: Espathra|Substitute|p1a: Espathra\n|-start|p1a: Espathra|Substitute\n|-damage|p1a: Espathra|21\/100\n|\n|-ability|p1a: Espathra|Speed Boost|boost\n|-boost|p1a: Espathra|spe|1\n|upkeep\n|turn|7\n|inactive|hoarahlouxwarriorr has 120 seconds left.\n|\n|t:|1700003713\n|move|p2a: Nova|Double Iron Bash|p1a: Espathra\n|-end|p1a: Espathra|Substitute\n|-damage|p1a: Espathra|0 fnt\n|faint|p1a: Espathra\n|-hitcount|p1: Espathra|2\n|\n|upkeep\n|inactive|hoarahlouxwarriorr has 120 seconds left.\n|\n|t:|1700003739\n|switch|p1a: Metagross|Metagross|100\/100\n|turn|8\n|\n|t:|1700003743\n|detailschange|p1a: Metagross|Metagross-Mega\n|-mega|p1a: Metagross|Metagross|Metagrossite\n|move|p2a: Nova|Double Iron Bash|p1a: Metagross\n|-resisted|p1a: Metagross\n|-damage|p1a: Metagross|76\/100\n|-resisted|p1a: Metagross\n|-damage|p1a: Metagross|47\/100\n|-hitcount|p1a: Metagross|2\n|move|p1a: Metagross|Earthquake|p2a: Nova\n|-supereffective|p2a: Nova\n|-damage|p2a: Nova|58\/100\n|\n|upkeep\n|turn|9\n|inactive|hoarahlouxwarriorr has 90 seconds left.\n|\n|t:|1700003799\n|switch|p1a: Necrozma|Necrozma-Dusk-Mane|55\/100\n|move|p2a: Nova|Double Iron Bash|p1a: Necrozma\n|-resisted|p1a: Necrozma\n|-damage|p1a: Necrozma|28\/100\n|-resisted|p1a: Necrozma\n|-damage|p1a: Necrozma|0 fnt\n|faint|p1a: Necrozma\n|-hitcount|p1: Necrozma|2\n|\n|-fieldend|move: Trick Room\n|upkeep\n|inactive|hoarahlouxwarriorr has 60 seconds left.\n|\n|t:|1700003811\n|switch|p1a: Lunala|Lunala|100\/100\n|turn|10\n|inactive|straightoutta14BC has 120 seconds left.\n|\n|t:|1700003825\n|switch|p2a: Shenzhou|Klinklang|66\/100\n|move|p1a: Lunala|Will-O-Wisp|p2a: Shenzhou\n|-status|p2a: Shenzhou|brn\n|\n|-damage|p2a: Shenzhou|60\/100 brn|[from] brn\n|upkeep\n|turn|11\n|inactive|hoarahlouxwarriorr has 60 seconds left.\n|\n|t:|1700003848\n|move|p1a: Lunala|Moongeist Beam|p2a: Shenzhou\n|-damage|p2a: Shenzhou|7\/100 brn\n|move|p2a: Shenzhou|Trick Room|p2a: Shenzhou\n|-fieldstart|move: Trick Room|[of] p2a: Shenzhou\n|\n|-damage|p2a: Shenzhou|0 fnt|[from] brn\n|faint|p2a: Shenzhou\n|upkeep\n|\n|t:|1700003856\n|switch|p2a: Nova|Melmetal|58\/100\n|turn|12\n|inactive|hoarahlouxwarriorr has 60 seconds left.\n|c|\u2606hoarahlouxwarriorr|it feels like a monty python skect; everything that can go wrong just... does\n|\n|t:|1700003874\n|move|p2a: Nova|Double Iron Bash|p1a: Lunala\n|-damage|p1a: Lunala|76\/100\n|-damage|p1a: Lunala|27\/100\n|-hitcount|p1a: Lunala|2\n|cant|p1a: Lunala|flinch\n|\n|-heal|p1a: Lunala|34\/100|[from] item: Leftovers\n|upkeep\n|turn|13\n|\n|t:|1700003883\n|switch|p1a: Latias|Latias, F|100\/100\n|move|p2a: Nova|Double Iron Bash|p1a: Latias\n|-damage|p1a: Latias|17\/100\n|-damage|p1a: Latias|0 fnt\n|faint|p1a: Latias\n|-hitcount|p1: Latias|2\n|\n|upkeep\n|\n|t:|1700003889\n|switch|p1a: Metagross|Metagross-Mega|47\/100\n|turn|14\n|\n|t:|1700003897\n|move|p1a: Metagross|Bullet Punch|p2a: Nova\n|-resisted|p2a: Nova\n|-crit|p2a: Nova\n|-damage|p2a: Nova|48\/100\n|move|p2a: Nova|Double Iron Bash|p1a: Metagross\n|-resisted|p1a: Metagross\n|-damage|p1a: Metagross|20\/100\n|-resisted|p1a: Metagross\n|-damage|p1a: Metagross|0 fnt\n|faint|p1a: Metagross\n|-hitcount|p1: Metagross|2\n|\n|upkeep\n|\n|t:|1700003899\n|switch|p1a: Lunala|Lunala|34\/100\n|turn|15\n|\n|t:|1700003914\n|switch|p2a: ISS|Stakataka|100\/100\n|move|p1a: Lunala|Moongeist Beam|p2a: ISS\n|-crit|p2a: ISS\n|-damage|p2a: ISS|36\/100\n|\n|-heal|p1a: Lunala|40\/100|[from] item: Leftovers\n|-fieldend|move: Trick Room\n|upkeep\n|turn|16\n|inactive|hoarahlouxwarriorr has 90 seconds left.\n|\n|t:|1700003922\n|move|p1a: Lunala|Will-O-Wisp|p2a: ISS\n|-status|p2a: ISS|brn\n|move|p2a: ISS|Trick Room|p2a: ISS\n|-fieldstart|move: Trick Room|[of] p2a: ISS\n|\n|-heal|p1a: Lunala|46\/100|[from] item: Leftovers\n|-damage|p2a: ISS|30\/100 brn|[from] brn\n|upkeep\n|turn|17\n|\n|t:|1700003929\n|move|p2a: ISS|Gyro Ball|p1a: Lunala\n|-damage|p1a: Lunala|0 fnt\n|faint|p1a: Lunala\n|-ability|p2a: ISS|Beast Boost|boost\n|-boost|p2a: ISS|atk|1\n|-damage|p2a: ISS|20\/100 brn|[from] item: Life Orb\n|\n|-damage|p2a: ISS|14\/100 brn|[from] brn\n|upkeep\n|\n|t:|1700003934\n|switch|p1a: Tapu Lele|Tapu Lele|100\/100\n|-fieldstart|move: Psychic Terrain|[from] ability: Psychic Surge|[of] p1a: Tapu Lele\n|turn|18\n|\n|t:|1700003942\n|move|p2a: ISS|Gyro Ball|p1a: Tapu Lele\n|-supereffective|p1a: Tapu Lele\n|-damage|p1a: Tapu Lele|0 fnt\n|faint|p1a: Tapu Lele\n|-damage|p2a: ISS|4\/100 brn|[from] item: Life Orb\n|\n|win|straightoutta14BC\n|n|\u2606hoarahlouxwarriorr|hoarahlouxwarriorr\n|n|\u2606straightoutta14BC|straightoutta14bc\n|n| Franko159|franko159\n|l| Franko159\n|j| looking 4 horizons\n|l| looking 4 horizons\n","uploadtime":1700003947,"views":7,"p1id":"hoarahlouxwarriorr","p2id":"straightoutta14bc","formatid":"gen9nationaldexubers","rating":0,"private":0,"password":""}