{"id":"gen9nationaldexubers-1989192446","p1":"tbor2002","p2":"BriefStar","format":"[Gen 9] National Dex Ubers","log":"|j|\u2606tbor2002\n|j|\u2606BriefStar\n|t:|1699821911\n|gametype|singles\n|player|p1|tbor2002|wattson|\n|player|p2|BriefStar|benga|\n|teamsize|p1|6\n|teamsize|p2|6\n|gen|9\n|tier|[Gen 9] National Dex Ubers\n|rule|HP Percentage Mod: HP is shown in percentages\n|rule|Endless Battle Clause: Forcing endless battles is banned\n|rule|OHKO Clause: OHKO moves are banned\n|rule|Evasion Moves Clause: Evasion moves are banned\n|rule|Evasion Items Clause: Evasion items are banned\n|rule|Species Clause: Limit one of each Pok\u00e9mon\n|rule|Sleep Clause Mod: Limit one foe put to sleep\n|rule|Mega Rayquaza Clause: You cannot mega evolve Rayquaza\n|clearpoke\n|poke|p1|Walking Wake|\n|poke|p1|Muk-Alola, F|\n|poke|p1|Jolteon, M|\n|poke|p1|Toxicroak, M|\n|poke|p1|Crabominable, F|\n|poke|p1|Glimmet, M|\n|poke|p2|Torkoal, F|\n|poke|p2|Tinkaton, F|\n|poke|p2|Bellibolt, M|\n|poke|p2|Mismagius, M|\n|poke|p2|Charizard, F|\n|poke|p2|Fraxure, M|\n|teampreview\n|j| Jam20Jam\n|\n|t:|1699821935\n|start\n|switch|p1a: Crabominable|Crabominable, F|100\/100\n|switch|p2a: Hey There|Fraxure, M|100\/100\n|-ability|p2a: Hey There|Mold Breaker\n|turn|1\n|\n|t:|1699821947\n|switch|p2a: Donny|Torkoal, F|100\/100\n|-weather|SunnyDay|[from] ability: Drought|[of] p2a: Donny\n|move|p1a: Crabominable|Ice Hammer|p2a: Donny\n|-resisted|p2a: Donny\n|-damage|p2a: Donny|82\/100\n|-unboost|p1a: Crabominable|spe|1\n|\n|-weather|SunnyDay|[upkeep]\n|upkeep\n|turn|2\n|\n|t:|1699821958\n|switch|p1a: Glimmet|Glimmet, M|100\/100\n|move|p2a: Donny|Stealth Rock|p1a: Glimmet\n|-sidestart|p1: tbor2002|move: Stealth Rock\n|\n|-weather|SunnyDay|[upkeep]\n|upkeep\n|turn|3\n|\n|t:|1699821964\n|move|p1a: Glimmet|Stealth Rock|p2a: Donny\n|-sidestart|p2: BriefStar|move: Stealth Rock\n|move|p2a: Donny|Yawn|p1a: Glimmet\n|-start|p1a: Glimmet|move: Yawn|[of] p2a: Donny\n|\n|-weather|SunnyDay|[upkeep]\n|upkeep\n|turn|4\n|\n|t:|1699821977\n|-terastallize|p2a: Donny|Water\n|move|p1a: Glimmet|Power Gem|p2a: Donny\n|-damage|p2a: Donny|34\/100\n|move|p2a: Donny|Rapid Spin|p1a: Glimmet\n|-resisted|p1a: Glimmet\n|-damage|p1a: Glimmet|88\/100\n|-boost|p2a: Donny|spe|1\n|-activate|p1a: Glimmet|ability: Toxic Debris\n|-sidestart|p2: BriefStar|move: Toxic Spikes\n|-sideend|p2: BriefStar|Toxic Spikes|[from] move: Rapid Spin|[of] p2a: Donny\n|-sideend|p2: BriefStar|Stealth Rock|[from] move: Rapid Spin|[of] p2a: Donny\n|\n|-weather|SunnyDay|[upkeep]\n|-end|p1a: Glimmet|move: Yawn|[silent]\n|-status|p1a: Glimmet|slp\n|upkeep\n|turn|5\n|\n|t:|1699821996\n|switch|p1a: Walking Wake|Walking Wake|100\/100\n|-damage|p1a: Walking Wake|88\/100|[from] Stealth Rock\n|-activate|p1a: Walking Wake|ability: Protosynthesis\n|-start|p1a: Walking Wake|protosynthesisspa\n|switch|p2a: Charizard|Charizard, F, shiny|100\/100\n|\n|-weather|SunnyDay|[upkeep]\n|-damage|p2a: Charizard|88\/100|[from] ability: Solar Power|[of] p2a: Charizard\n|upkeep\n|turn|6\n|\n|t:|1699822022\n|switch|p2a: Donny|Torkoal, F, tera:Water|34\/100\n|move|p1a: Walking Wake|Hydro Steam|p2a: Donny\n|-resisted|p2a: Donny\n|-damage|p2a: Donny|0 fnt\n|faint|p2a: Donny\n|\n|-weather|SunnyDay|[upkeep]\n|upkeep\n|\n|t:|1699822034\n|switch|p2a: Megaton|Tinkaton, F|100\/100\n|-ability|p2a: Megaton|Mold Breaker\n|turn|7\n|\n|t:|1699822040\n|move|p1a: Walking Wake|Hydro Steam|p2a: Megaton\n|-damage|p2a: Megaton|37\/100\n|move|p2a: Megaton|Play Rough|p1a: Walking Wake\n|-supereffective|p1a: Walking Wake\n|-damage|p1a: Walking Wake|22\/100\n|\n|-weather|SunnyDay|[upkeep]\n|upkeep\n|turn|8\n|\n|t:|1699822053\n|move|p1a: Walking Wake|Hydro Steam|p2a: Megaton\n|-damage|p2a: Megaton|0 fnt\n|faint|p2a: Megaton\n|\n|-weather|none\n|-end|p1a: Walking Wake|Protosynthesis\n|upkeep\n|\n|t:|1699822059\n|switch|p2a: Get in MY BELLY|Bellibolt, M|100\/100\n|turn|9\n|\n|t:|1699822063\n|-end|p1a: Walking Wake|Protosynthesis|[silent]\n|switch|p1a: Glimmet|Glimmet, M|88\/100 slp\n|-damage|p1a: Glimmet|76\/100 slp|[from] Stealth Rock\n|move|p2a: Get in MY BELLY|Volt Switch|p1a: Glimmet\n|-damage|p1a: Glimmet|17\/100 slp\n|\n|t:|1699822072\n|switch|p2a: Charizard|Charizard, F, shiny|88\/100|[from] Volt Switch\n|\n|upkeep\n|turn|10\n|\n|t:|1699822080\n|move|p2a: Charizard|Dragon Pulse|p1a: Glimmet\n|-damage|p1a: Glimmet|0 fnt\n|faint|p1a: Glimmet\n|\n|upkeep\n|\n|t:|1699822085\n|switch|p1a: Jolteon|Jolteon, M|100\/100\n|turn|11\n|\n|t:|1699822100\n|switch|p2a: Hey There|Fraxure, M|100\/100\n|-ability|p2a: Hey There|Mold Breaker\n|move|p1a: Jolteon|Thunderbolt|p2a: Hey There\n|-resisted|p2a: Hey There\n|-damage|p2a: Hey There|69\/100\n|-status|p2a: Hey There|par\n|\n|upkeep\n|turn|12\n|\n|t:|1699822112\n|-terastallize|p1a: Jolteon|Ice\n|move|p1a: Jolteon|Tera Blast|p2a: Hey There|[anim] Tera Blast Ice\n|-supereffective|p2a: Hey There\n|-damage|p2a: Hey There|0 fnt\n|faint|p2a: Hey There\n|\n|upkeep\n|\n|t:|1699822118\n|switch|p2a: Charizard|Charizard, F, shiny|88\/100\n|turn|13\n|\n|t:|1699822122\n|move|p1a: Jolteon|Thunderbolt|p2a: Charizard\n|-supereffective|p2a: Charizard\n|-damage|p2a: Charizard|0 fnt\n|faint|p2a: Charizard\n|\n|upkeep\n|\n|t:|1699822128\n|switch|p2a: Magic|Mismagius, M|100\/100\n|turn|14\n|\n|t:|1699822133\n|move|p1a: Jolteon|Volt Switch|p2a: Magic\n|-damage|p2a: Magic|61\/100\n|\n|t:|1699822137\n|switch|p1a: Crabominable|Crabominable, F|100\/100|[from] Volt Switch\n|-damage|p1a: Crabominable|88\/100|[from] Stealth Rock\n|move|p2a: Magic|Shadow Ball|p1a: Crabominable\n|-damage|p1a: Crabominable|50\/100\n|-unboost|p1a: Crabominable|spd|1\n|-damage|p2a: Magic|51\/100|[from] item: Life Orb\n|\n|upkeep\n|turn|15\n|\n|t:|1699822151\n|move|p2a: Magic|Mystical Fire|p1a: Crabominable\n|-supereffective|p1a: Crabominable\n|-damage|p1a: Crabominable|0 fnt\n|faint|p1a: Crabominable\n|-damage|p2a: Magic|41\/100|[from] item: Life Orb\n|\n|upkeep\n|\n|t:|1699822165\n|switch|p1a: Muk|Muk-Alola, F|100\/100\n|-damage|p1a: Muk|88\/100|[from] Stealth Rock\n|turn|16\n|\n|t:|1699822169\n|switch|p2a: Get in MY BELLY|Bellibolt, M|100\/100\n|move|p1a: Muk|Knock Off|p2a: Get in MY BELLY\n|-damage|p2a: Get in MY BELLY|70\/100\n|-start|p2a: Get in MY BELLY|Charge|Knock Off|[from] ability: Electromorphosis\n|-status|p2a: Get in MY BELLY|psn|[from] ability: Poison Touch|[of] p1a: Muk\n|-enditem|p2a: Get in MY BELLY|Heavy-Duty Boots|[from] move: Knock Off|[of] p1a: Muk\n|\n|-damage|p2a: Get in MY BELLY|58\/100 psn|[from] psn\n|upkeep\n|turn|17\n|\n|t:|1699822188\n|move|p2a: Get in MY BELLY|Chilling Water|p1a: Muk\n|-damage|p1a: Muk|81\/100\n|-unboost|p1a: Muk|atk|1\n|move|p1a: Muk|Poison Jab|p2a: Get in MY BELLY\n|-damage|p2a: Get in MY BELLY|41\/100 psn\n|-start|p2a: Get in MY BELLY|Charge|Poison Jab|[from] ability: Electromorphosis\n|\n|-damage|p2a: Get in MY BELLY|29\/100 psn|[from] psn\n|upkeep\n|turn|18\n|\n|t:|1699822208\n|move|p2a: Get in MY BELLY|Volt Switch|p1a: Muk\n|-damage|p1a: Muk|53\/100\n|-end|p2a: Get in MY BELLY|Charge|[silent]\n|\n|t:|1699822211\n|switch|p2a: Magic|Mismagius, M|41\/100|[from] Volt Switch\n|move|p1a: Muk|Clear Smog|p2a: Magic\n|-resisted|p2a: Magic\n|-damage|p2a: Magic|35\/100\n|-clearboost|p2a: Magic\n|\n|upkeep\n|turn|19\n|\n|t:|1699822220\n|move|p2a: Magic|Shadow Ball|p1a: Muk\n|-resisted|p1a: Muk\n|-damage|p1a: Muk|39\/100\n|-damage|p2a: Magic|25\/100|[from] item: Life Orb\n|move|p1a: Muk|Poison Jab|p2a: Magic\n|-resisted|p2a: Magic\n|-damage|p2a: Magic|0 fnt\n|faint|p2a: Magic\n|\n|upkeep\n|\n|t:|1699822229\n|switch|p2a: Get in MY BELLY|Bellibolt, M|29\/100 psn\n|turn|20\n|\n|t:|1699822236\n|move|p2a: Get in MY BELLY|Parabolic Charge|p1a: Muk\n|-crit|p1a: Muk\n|-damage|p1a: Muk|21\/100\n|-heal|p2a: Get in MY BELLY|38\/100 psn|[from] drain|[of] p1a: Muk\n|move|p1a: Muk|Brick Break|p2a: Get in MY BELLY\n|-damage|p2a: Get in MY BELLY|27\/100 psn\n|-start|p2a: Get in MY BELLY|Charge|Brick Break|[from] ability: Electromorphosis\n|\n|-damage|p2a: Get in MY BELLY|15\/100 psn|[from] psn\n|upkeep\n|turn|21\n|\n|t:|1699822246\n|switch|p1a: Jolteon|Jolteon, M, tera:Ice|100\/100\n|move|p2a: Get in MY BELLY|Parabolic Charge|p1a: Jolteon\n|-immune|p1a: Jolteon|[from] ability: Volt Absorb\n|-end|p2a: Get in MY BELLY|Charge|[silent]\n|\n|-damage|p2a: Get in MY BELLY|2\/100 psn|[from] psn\n|upkeep\n|turn|22\n|\n|t:|1699822255\n|move|p1a: Jolteon|Tera Blast|p2a: Get in MY BELLY|[anim] Tera Blast Ice\n|-damage|p2a: Get in MY BELLY|0 fnt\n|faint|p2a: Get in MY BELLY\n|\n|win|tbor2002\n","uploadtime":1699822263,"views":6,"p1id":"tbor2002","p2id":"briefstar","formatid":"gen9nationaldexubers","rating":0,"private":0,"password":""}