{"id":"gen9nationaldexubers-1981978939","p1":"tryharderidontlose","p2":"Onyx2413","format":"[Gen 9] National Dex Ubers","log":"|j|\u2606tryharderidontlose\n|j|\u2606Onyx2413\n|t:|1698956644\n|gametype|singles\n|player|p1|tryharderidontlose|hugh|1071\n|player|p2|Onyx2413|elesa|1136\n|teamsize|p1|6\n|teamsize|p2|6\n|gen|9\n|tier|[Gen 9] National Dex Ubers\n|rated|\n|rule|HP Percentage Mod: HP is shown in percentages\n|rule|Endless Battle Clause: Forcing endless battles is banned\n|rule|OHKO Clause: OHKO moves are banned\n|rule|Evasion Moves Clause: Evasion moves are banned\n|rule|Evasion Items Clause: Evasion items are banned\n|rule|Species Clause: Limit one of each Pok\u00e9mon\n|rule|Sleep Clause Mod: Limit one foe put to sleep\n|rule|Mega Rayquaza Clause: You cannot mega evolve Rayquaza\n|clearpoke\n|poke|p1|Charizard, M|\n|poke|p1|Dragonite, M|\n|poke|p1|Lugia|\n|poke|p1|Jolteon, M|\n|poke|p1|Golem, M|\n|poke|p1|Forretress, F|\n|poke|p2|Clodsire, M|\n|poke|p2|Ting-Lu|\n|poke|p2|Garchomp, F|\n|poke|p2|Rotom-Wash|\n|poke|p2|Palkia|\n|poke|p2|Venusaur, F|\n|teampreview\n|\n|t:|1698956655\n|start\n|switch|p1a: Lugia|Lugia|100\/100\n|switch|p2a: Rotom|Rotom-Wash|100\/100\n|turn|1\n|\n|t:|1698956662\n|move|p1a: Lugia|Tailwind|p1a: Lugia\n|-sidestart|p1: tryharderidontlose|move: Tailwind\n|move|p2a: Rotom|Will-O-Wisp|p1a: Lugia\n|-status|p1a: Lugia|brn\n|\n|-damage|p1a: Lugia|94\/100 brn|[from] brn\n|upkeep\n|turn|2\n|\n|t:|1698956669\n|move|p1a: Lugia|Psychic|p2a: Rotom\n|-damage|p2a: Rotom|58\/100\n|move|p2a: Rotom|Hydro Pump|p1a: Lugia\n|-damage|p1a: Lugia|54\/100 brn\n|-damage|p2a: Rotom|48\/100|[from] item: Life Orb\n|\n|-damage|p1a: Lugia|48\/100 brn|[from] brn\n|upkeep\n|turn|3\n|\n|t:|1698956677\n|switch|p1a: Forretress|Forretress, F|100\/100\n|switch|p2a: Ting-Lu|Ting-Lu|100\/100\n|-ability|p2a: Ting-Lu|Vessel of Ruin\n|\n|upkeep\n|turn|4\n|\n|t:|1698956688\n|switch|p2a: Terrafin|Garchomp, F|100\/100\n|move|p1a: Forretress|Lunge|p2a: Terrafin\n|-damage|p2a: Terrafin|67\/100\n|-unboost|p2a: Terrafin|atk|1\n|-damage|p1a: Forretress|88\/100|[from] ability: Rough Skin|[of] p2a: Terrafin\n|\n|-sideend|p1: tryharderidontlose|move: Tailwind\n|upkeep\n|turn|5\n|\n|t:|1698956700\n|switch|p1a: Dragonite|Dragonite, M|100\/100\n|-terastallize|p2a: Terrafin|Fire\n|move|p2a: Terrafin|Swords Dance|p2a: Terrafin\n|-boost|p2a: Terrafin|atk|2\n|\n|upkeep\n|turn|6\n|\n|t:|1698956705\n|move|p2a: Terrafin|Scale Shot|p1a: Dragonite\n|-supereffective|p1a: Dragonite\n|-damage|p1a: Dragonite|82\/100\n|-enditem|p1a: Dragonite|Weakness Policy\n|-boost|p1a: Dragonite|atk|2|[from] item: Weakness Policy\n|-boost|p1a: Dragonite|spa|2|[from] item: Weakness Policy\n|-supereffective|p1a: Dragonite\n|-damage|p1a: Dragonite|45\/100\n|-supereffective|p1a: Dragonite\n|-damage|p1a: Dragonite|12\/100\n|-supereffective|p1a: Dragonite\n|-damage|p1a: Dragonite|0 fnt\n|faint|p1a: Dragonite\n|-hitcount|p1: Dragonite|4\n|-unboost|p2a: Terrafin|def|1\n|-boost|p2a: Terrafin|spe|1\n|\n|upkeep\n|\n|t:|1698956718\n|switch|p1a: Golem|Golem, M|100\/100\n|turn|7\n|\n|t:|1698956722\n|move|p2a: Terrafin|Earthquake|p1a: Golem\n|-supereffective|p1a: Golem\n|-ability|p1a: Golem|Sturdy\n|-damage|p1a: Golem|1\/100\n|-enditem|p1a: Golem|Weakness Policy\n|-boost|p1a: Golem|atk|2|[from] item: Weakness Policy\n|-boost|p1a: Golem|spa|2|[from] item: Weakness Policy\n|move|p1a: Golem|Earthquake|p2a: Terrafin\n|-supereffective|p2a: Terrafin\n|-damage|p2a: Terrafin|0 fnt\n|faint|p2a: Terrafin\n|\n|upkeep\n|\n|t:|1698956741\n|switch|p2a: Rotom|Rotom-Wash|48\/100\n|turn|8\n|\n|t:|1698956746\n|move|p2a: Rotom|Volt Switch|p1a: Golem\n|-immune|p1a: Golem\n|move|p1a: Golem|Stealth Rock|p2a: Rotom\n|-sidestart|p2: Onyx2413|move: Stealth Rock\n|\n|upkeep\n|turn|9\n|\n|t:|1698956752\n|move|p2a: Rotom|Defog|p1a: Golem\n|-unboost|p1a: Golem|evasion|1\n|-sideend|p2: Onyx2413|Stealth Rock|[from] move: Defog|[of] p2a: Rotom\n|move|p1a: Golem|Rock Blast|p2a: Rotom\n|-damage|p2a: Rotom|19\/100\n|-damage|p2a: Rotom|0 fnt\n|faint|p2a: Rotom\n|-hitcount|p2: Rotom|2\n|\n|upkeep\n|c|\u2606Onyx2413|i forgot about ground types\n|\n|t:|1698956759\n|switch|p2a: Palkia|Palkia|100\/100\n|-ability|p2a: Palkia|Pressure\n|turn|10\n|\n|t:|1698956765\n|move|p2a: Palkia|Earth Power|p1a: Golem\n|-supereffective|p1a: Golem\n|-damage|p1a: Golem|0 fnt\n|faint|p1a: Golem\n|\n|upkeep\n|\n|t:|1698956769\n|switch|p1a: Forretress|Forretress, F|88\/100\n|turn|11\n|\n|t:|1698956784\n|switch|p2a: Clodsire|Clodsire, M|100\/100\n|move|p1a: Forretress|Thunder Wave|p2a: Clodsire\n|-immune|p2a: Clodsire\n|\n|upkeep\n|turn|12\n|\n|t:|1698956793\n|move|p1a: Forretress|Rapid Spin|p2a: Clodsire\n|-damage|p2a: Clodsire|89\/100\n|-boost|p1a: Forretress|spe|1\n|move|p2a: Clodsire|Earthquake|p1a: Forretress\n|-damage|p1a: Forretress|69\/100\n|\n|-heal|p2a: Clodsire|95\/100|[from] item: Leftovers\n|upkeep\n|turn|13\n|\n|t:|1698956807\n|switch|p1a: Lugia|Lugia|48\/100 brn\n|move|p2a: Clodsire|Haze|p2a: Clodsire\n|-clearallboost\n|\n|-heal|p2a: Clodsire|100\/100|[from] item: Leftovers\n|-damage|p1a: Lugia|42\/100 brn|[from] brn\n|upkeep\n|turn|14\n|\n|t:|1698956810\n|move|p1a: Lugia|Tailwind|p1a: Lugia\n|-sidestart|p1: tryharderidontlose|move: Tailwind\n|move|p2a: Clodsire|Toxic||[still]\n|-fail|p2a: Clodsire\n|\n|-damage|p1a: Lugia|36\/100 brn|[from] brn\n|upkeep\n|turn|15\n|\n|t:|1698956819\n|switch|p2a: Ting-Lu|Ting-Lu|100\/100\n|-ability|p2a: Ting-Lu|Vessel of Ruin\n|move|p1a: Lugia|Psychic|p2a: Ting-Lu\n|-immune|p2a: Ting-Lu\n|\n|-damage|p1a: Lugia|30\/100 brn|[from] brn\n|upkeep\n|turn|16\n|\n|t:|1698956833\n|switch|p1a: Charizard|Charizard, M|100\/100\n|move|p2a: Ting-Lu|Ruination|p1a: Charizard\n|-damage|p1a: Charizard|51\/100\n|\n|upkeep\n|turn|17\n|\n|t:|1698956840\n|switch|p2a: Palkia|Palkia|100\/100\n|-ability|p2a: Palkia|Pressure\n|detailschange|p1a: Charizard|Charizard-Mega-Y, M\n|-mega|p1a: Charizard|Charizard|Charizardite Y\n|-weather|SunnyDay|[from] ability: Drought|[of] p1a: Charizard\n|move|p1a: Charizard|Mystical Fire|p2a: Palkia\n|-resisted|p2a: Palkia\n|-damage|p2a: Palkia|85\/100\n|-unboost|p2a: Palkia|spa|1\n|\n|-weather|SunnyDay|[upkeep]\n|-sideend|p1: tryharderidontlose|move: Tailwind\n|upkeep\n|turn|18\n|\n|t:|1698956855\n|switch|p2a: Ting-Lu|Ting-Lu|100\/100\n|-ability|p2a: Ting-Lu|Vessel of Ruin\n|move|p1a: Charizard|Will-O-Wisp|p2a: Ting-Lu|[miss]\n|-miss|p1a: Charizard|p2a: Ting-Lu\n|\n|-weather|SunnyDay|[upkeep]\n|upkeep\n|turn|19\n|\n|t:|1698956869\n|switch|p2a: Clodsire|Clodsire, M|100\/100\n|move|p1a: Charizard|Hone Claws|p1a: Charizard\n|-boost|p1a: Charizard|atk|1\n|-boost|p1a: Charizard|accuracy|1\n|\n|-weather|SunnyDay|[upkeep]\n|upkeep\n|turn|20\n|\n|t:|1698956879\n|switch|p1a: Forretress|Forretress, F|69\/100\n|move|p2a: Clodsire|Toxic|p1a: Forretress\n|-immune|p1a: Forretress\n|\n|-weather|SunnyDay|[upkeep]\n|upkeep\n|turn|21\n|\n|t:|1698956885\n|move|p1a: Forretress|Lunge|p2a: Clodsire\n|-resisted|p2a: Clodsire\n|-damage|p2a: Clodsire|88\/100\n|-unboost|p2a: Clodsire|atk|1\n|move|p2a: Clodsire|Earthquake|p1a: Forretress\n|-damage|p1a: Forretress|56\/100\n|\n|-weather|none\n|-heal|p2a: Clodsire|94\/100|[from] item: Leftovers\n|upkeep\n|turn|22\n|\n|t:|1698956892\n|switch|p2a: Palkia|Palkia|85\/100\n|-ability|p2a: Palkia|Pressure\n|move|p1a: Forretress|Lunge|p2a: Palkia\n|-damage|p2a: Palkia|46\/100\n|-unboost|p2a: Palkia|atk|1\n|\n|upkeep\n|turn|23\n|\n|t:|1698956901\n|move|p2a: Palkia|Hydro Pump|p1a: Forretress\n|-damage|p1a: Forretress|0 fnt\n|faint|p1a: Forretress\n|\n|upkeep\n|\n|t:|1698956910\n|switch|p1a: Jolteon|Jolteon, M|100\/100\n|turn|24\n|\n|t:|1698956916\n|move|p2a: Palkia|Hydro Pump|p1a: Jolteon\n|-damage|p1a: Jolteon|9\/100\n|move|p1a: Jolteon|Zap Cannon|p2a: Palkia\n|-damage|p2a: Palkia|0 fnt\n|faint|p2a: Palkia\n|\n|upkeep\n|\n|t:|1698956921\n|switch|p2a: Clodsire|Clodsire, M|94\/100\n|turn|25\n|\n|t:|1698956925\n|switch|p1a: Lugia|Lugia|30\/100 brn\n|move|p2a: Clodsire|Toxic||[still]\n|-fail|p2a: Clodsire\n|\n|-heal|p2a: Clodsire|99\/100|[from] item: Leftovers\n|-damage|p1a: Lugia|24\/100 brn|[from] brn\n|upkeep\n|turn|26\n|\n|t:|1698956931\n|move|p1a: Lugia|Earth Power|p2a: Clodsire\n|-supereffective|p2a: Clodsire\n|-damage|p2a: Clodsire|63\/100\n|move|p2a: Clodsire|Toxic||[still]\n|-fail|p2a: Clodsire\n|\n|-heal|p2a: Clodsire|69\/100|[from] item: Leftovers\n|-damage|p1a: Lugia|18\/100 brn|[from] brn\n|upkeep\n|turn|27\n|\n|t:|1698956936\n|move|p1a: Lugia|Psychic|p2a: Clodsire\n|-supereffective|p2a: Clodsire\n|-damage|p2a: Clodsire|6\/100\n|move|p2a: Clodsire|Recover|p2a: Clodsire\n|-heal|p2a: Clodsire|56\/100\n|\n|-heal|p2a: Clodsire|62\/100|[from] item: Leftovers\n|-damage|p1a: Lugia|12\/100 brn|[from] brn\n|upkeep\n|turn|28\n|\n|t:|1698956939\n|move|p1a: Lugia|Tailwind|p1a: Lugia\n|-sidestart|p1: tryharderidontlose|move: Tailwind\n|move|p2a: Clodsire|Recover|p2a: Clodsire\n|-heal|p2a: Clodsire|100\/100\n|\n|-damage|p1a: Lugia|6\/100 brn|[from] brn\n|upkeep\n|turn|29\n|\n|t:|1698956945\n|switch|p1a: Jolteon|Jolteon, M|9\/100\n|switch|p2a: Ting-Lu|Ting-Lu|100\/100\n|-ability|p2a: Ting-Lu|Vessel of Ruin\n|\n|upkeep\n|turn|30\n|\n|t:|1698956953\n|move|p1a: Jolteon|Shadow Ball|p2a: Ting-Lu\n|-resisted|p2a: Ting-Lu\n|-damage|p2a: Ting-Lu|91\/100\n|move|p2a: Ting-Lu|Body Press|p1a: Jolteon\n|-damage|p1a: Jolteon|0 fnt\n|faint|p1a: Jolteon\n|\n|upkeep\n|\n|t:|1698956959\n|switch|p1a: Charizard|Charizard-Mega-Y, M|51\/100\n|-weather|SunnyDay|[from] ability: Drought|[of] p1a: Charizard\n|turn|31\n|\n|t:|1698956965\n|move|p1a: Charizard|Will-O-Wisp|p2a: Ting-Lu\n|-status|p2a: Ting-Lu|brn\n|move|p2a: Ting-Lu|Ruination|p1a: Charizard\n|-damage|p1a: Charizard|26\/100\n|\n|-weather|SunnyDay|[upkeep]\n|-damage|p2a: Ting-Lu|85\/100 brn|[from] brn\n|-sideend|p1: tryharderidontlose|move: Tailwind\n|upkeep\n|turn|32\n|\n|t:|1698956969\n|move|p1a: Charizard|Hone Claws|p1a: Charizard\n|-boost|p1a: Charizard|atk|1\n|-boost|p1a: Charizard|accuracy|1\n|move|p2a: Ting-Lu|Ruination|p1a: Charizard|[miss]\n|-miss|p2a: Ting-Lu|p1a: Charizard\n|\n|-weather|SunnyDay|[upkeep]\n|-damage|p2a: Ting-Lu|78\/100 brn|[from] brn\n|upkeep\n|turn|33\n|\n|t:|1698956976\n|switch|p2a: Clodsire|Clodsire, M|100\/100\n|move|p1a: Charizard|Mystical Fire|p2a: Clodsire\n|-damage|p2a: Clodsire|52\/100\n|-unboost|p2a: Clodsire|spa|1\n|\n|-weather|SunnyDay|[upkeep]\n|-heal|p2a: Clodsire|59\/100|[from] item: Leftovers\n|upkeep\n|turn|34\n|\n|t:|1698956996\n|move|p1a: Charizard|Mystical Fire|p2a: Clodsire\n|-damage|p2a: Clodsire|10\/100\n|-unboost|p2a: Clodsire|spa|1\n|move|p2a: Clodsire|Recover|p2a: Clodsire\n|-heal|p2a: Clodsire|60\/100\n|\n|-weather|SunnyDay|[upkeep]\n|-heal|p2a: Clodsire|66\/100|[from] item: Leftovers\n|upkeep\n|turn|35\n|\n|t:|1698957002\n|move|p1a: Charizard|Mystical Fire|p2a: Clodsire\n|-crit|p2a: Clodsire\n|-damage|p2a: Clodsire|0 fnt\n|faint|p2a: Clodsire\n|\n|-weather|none\n|upkeep\n|c|\u2606Onyx2413|that crit mattered so much\n|\n|t:|1698957012\n|switch|p2a: Venusaur|Venusaur, F|100\/100\n|turn|36\n|\n|t:|1698957017\n|detailschange|p2a: Venusaur|Venusaur-Mega, F\n|-mega|p2a: Venusaur|Venusaur|Venusaurite\n|move|p1a: Charizard|Hurricane|p2a: Venusaur\n|-supereffective|p2a: Venusaur\n|-damage|p2a: Venusaur|0 fnt\n|faint|p2a: Venusaur\n|\n|upkeep\n|c|\u2606Onyx2413|...\n|\n|t:|1698957024\n|switch|p2a: Ting-Lu|Ting-Lu|78\/100 brn\n|-ability|p2a: Ting-Lu|Vessel of Ruin\n|turn|37\n|\n|t:|1698957033\n|move|p1a: Charizard|Hurricane|p2a: Ting-Lu\n|-damage|p2a: Ting-Lu|40\/100 brn\n|move|p2a: Ting-Lu|Ruination|p1a: Charizard\n|-damage|p1a: Charizard|13\/100\n|\n|-damage|p2a: Ting-Lu|33\/100 brn|[from] brn\n|upkeep\n|turn|38\n|\n|t:|1698957039\n|move|p1a: Charizard|Mystical Fire|p2a: Ting-Lu\n|-damage|p2a: Ting-Lu|8\/100 brn\n|-unboost|p2a: Ting-Lu|spa|1\n|-enditem|p2a: Ting-Lu|Iapapa Berry|[eat]\n|-heal|p2a: Ting-Lu|42\/100 brn|[from] item: Iapapa Berry\n|move|p2a: Ting-Lu|Body Press|p1a: Charizard\n|-resisted|p1a: Charizard\n|-damage|p1a: Charizard|4\/100\n|\n|-damage|p2a: Ting-Lu|35\/100 brn|[from] brn\n|upkeep\n|turn|39\n|\n|t:|1698957051\n|move|p1a: Charizard|Mystical Fire|p2a: Ting-Lu\n|-damage|p2a: Ting-Lu|12\/100 brn\n|-unboost|p2a: Ting-Lu|spa|1\n|move|p2a: Ting-Lu|Body Press|p1a: Charizard\n|-resisted|p1a: Charizard\n|-damage|p1a: Charizard|0 fnt\n|faint|p1a: Charizard\n|\n|-damage|p2a: Ting-Lu|6\/100 brn|[from] brn\n|upkeep\n|\n|t:|1698957060\n|switch|p1a: Lugia|Lugia|6\/100 brn\n|turn|40\n|\n|t:|1698957064\n|move|p1a: Lugia|Earth Power|p2a: Ting-Lu\n|-damage|p2a: Ting-Lu|0 fnt\n|faint|p2a: Ting-Lu\n|\n|win|tryharderidontlose\n|raw|tryharderidontlose's rating: 1071 &rarr; <strong>1106<\/strong><br \/>(+35 for winning)\n|raw|Onyx2413's rating: 1136 &rarr; <strong>1106<\/strong><br \/>(-30 for losing)\n|c|\u2606tryharderidontlose|yes\n|l|\u2606tryharderidontlose\n","uploadtime":1698957093,"views":17,"p1id":"tryharderidontlose","p2id":"onyx2413","formatid":"gen9nationaldexubers","rating":1106,"private":0,"password":""}