{"id":"gen9nationaldexubers-1990486165","p1":"85792195wwww","p2":"Zatanna rs","format":"[Gen 9] National Dex Ubers","log":"|j|\u260685792195wwww\n|j|\u2606Zatanna rs\n|t:|1699975337\n|gametype|singles\n|player|p1|85792195wwww|mira|1618\n|player|p2|Zatanna rs|skyla-masters|1558\n|teamsize|p1|6\n|teamsize|p2|6\n|gen|9\n|tier|[Gen 9] National Dex Ubers\n|rated|\n|rule|HP Percentage Mod: HP is shown in percentages\n|rule|Endless Battle Clause: Forcing endless battles is banned\n|rule|OHKO Clause: OHKO moves are banned\n|rule|Evasion Moves Clause: Evasion moves are banned\n|rule|Evasion Items Clause: Evasion items are banned\n|rule|Species Clause: Limit one of each Pok\u00e9mon\n|rule|Sleep Clause Mod: Limit one foe put to sleep\n|rule|Mega Rayquaza Clause: You cannot mega evolve Rayquaza\n|clearpoke\n|poke|p1|Zacian-*|\n|poke|p1|Arceus-Ground|\n|poke|p1|Deoxys-Speed|\n|poke|p1|Landorus, M|\n|poke|p1|Groudon|\n|poke|p1|Kyurem-Black|\n|poke|p2|Groudon|\n|poke|p2|Yveltal|\n|poke|p2|Arceus-Steel|\n|poke|p2|Kyogre|\n|poke|p2|Ho-Oh|\n|poke|p2|Chansey, F|\n|teampreview\n|inactive|Battle timer is ON: inactive players will automatically lose when time's up. (requested by Zatanna rs)\n|\n|t:|1699975353\n|start\n|switch|p1a: Deoxys|Deoxys-Speed|100\/100\n|switch|p2a: Arceus|Arceus-Steel|100\/100\n|-ability|p1a: Deoxys|Pressure\n|turn|1\n|\n|t:|1699975362\n|move|p1a: Deoxys|Stealth Rock|p2a: Arceus\n|-sidestart|p2: Zatanna rs|move: Stealth Rock\n|move|p2a: Arceus|Judgment|p1a: Deoxys\n|-damage|p1a: Deoxys|21\/100\n|\n|upkeep\n|turn|2\n|\n|t:|1699975369\n|move|p1a: Deoxys|Spikes|p2a: Arceus\n|-sidestart|p2: Zatanna rs|Spikes\n|move|p2a: Arceus|Judgment|p1a: Deoxys\n|-damage|p1a: Deoxys|0 fnt\n|faint|p1a: Deoxys\n|\n|upkeep\n|\n|t:|1699975377\n|switch|p1a: Arceus|Arceus-Ground|100\/100\n|turn|3\n|inactive|Zatanna rs has 120 seconds left.\n|\n|t:|1699975411\n|switch|p2a: Ho-Oh|Ho-Oh|100\/100\n|move|p1a: Arceus|Dragon Dance|p1a: Arceus\n|-boost|p1a: Arceus|atk|1\n|-boost|p1a: Arceus|spe|1\n|\n|upkeep\n|turn|4\n|inactive|Zatanna rs has 120 seconds left.\n|\n|t:|1699975424\n|switch|p2a: Arceus|Arceus-Steel|100\/100\n|-damage|p2a: Arceus|94\/100|[from] Stealth Rock\n|-damage|p2a: Arceus|82\/100|[from] Spikes\n|move|p1a: Arceus|Stone Edge|p2a: Arceus\n|-resisted|p2a: Arceus\n|-damage|p2a: Arceus|66\/100\n|\n|upkeep\n|turn|5\n|\n|t:|1699975434\n|move|p1a: Arceus|Dragon Dance|p1a: Arceus\n|-boost|p1a: Arceus|atk|1\n|-boost|p1a: Arceus|spe|1\n|move|p2a: Arceus|Perish Song|p2a: Arceus\n|-start|p1a: Arceus|perish3|[silent]\n|-start|p2a: Arceus|perish3|[silent]\n|-fieldactivate|move: Perish Song\n|\n|-start|p1a: Arceus|perish3\n|-start|p2a: Arceus|perish3\n|upkeep\n|turn|6\n|\n|t:|1699975443\n|switch|p2a: Ho-Oh|Ho-Oh|100\/100\n|move|p1a: Arceus|Earthquake|p2a: Ho-Oh\n|-immune|p2a: Ho-Oh\n|\n|-start|p1a: Arceus|perish2\n|upkeep\n|turn|7\n|inactive|Zatanna rs has 120 seconds left.\n|inactive|Zatanna rs has 90 seconds left.\n|\n|t:|1699975510\n|move|p1a: Arceus|Stone Edge|p2a: Ho-Oh\n|-supereffective|p2a: Ho-Oh\n|-damage|p2a: Ho-Oh|0 fnt\n|faint|p2a: Ho-Oh\n|\n|-start|p1a: Arceus|perish1\n|upkeep\n|\n|t:|1699975518\n|switch|p2a: Kyogre|Kyogre|100\/100\n|-damage|p2a: Kyogre|88\/100|[from] Stealth Rock\n|-damage|p2a: Kyogre|76\/100|[from] Spikes\n|-weather|RainDance|[from] ability: Drizzle|[of] p2a: Kyogre\n|turn|8\n|\n|t:|1699975526\n|move|p1a: Arceus|Stone Edge|p2a: Kyogre\n|-damage|p2a: Kyogre|2\/100\n|move|p2a: Kyogre|Ice Beam|p1a: Arceus\n|-supereffective|p1a: Arceus\n|-damage|p1a: Arceus|47\/100\n|\n|-weather|RainDance|[upkeep]\n|-start|p1a: Arceus|perish0\n|upkeep\n|faint|p1a: Arceus\n|\n|t:|1699975538\n|switch|p1a: Zacian|Zacian-Crowned|100\/100\n|-ability|p1a: Zacian|Intrepid Sword|boost\n|-boost|p1a: Zacian|atk|1\n|turn|9\n|inactive|Zatanna rs has 90 seconds left.\n|\n|t:|1699975567\n|move|p2a: Kyogre|Ice Beam|p1a: Zacian\n|-resisted|p1a: Zacian\n|-damage|p1a: Zacian|84\/100\n|move|p1a: Zacian|Swords Dance|p1a: Zacian\n|-boost|p1a: Zacian|atk|2\n|\n|-weather|RainDance|[upkeep]\n|upkeep\n|turn|10\n|\n|t:|1699975575\n|move|p2a: Kyogre|Ice Beam|p1a: Zacian\n|-resisted|p1a: Zacian\n|-damage|p1a: Zacian|67\/100\n|-status|p1a: Zacian|frz\n|cant|p1a: Zacian|frz\n|\n|-weather|RainDance|[upkeep]\n|upkeep\n|turn|11\n|\n|t:|1699975585\n|move|p2a: Kyogre|Ice Beam|p1a: Zacian\n|-resisted|p1a: Zacian\n|-damage|p1a: Zacian|51\/100 frz\n|cant|p1a: Zacian|frz\n|\n|-weather|RainDance|[upkeep]\n|upkeep\n|turn|12\n|\n|t:|1699975594\n|move|p2a: Kyogre|Ice Beam|p1a: Zacian\n|-resisted|p1a: Zacian\n|-damage|p1a: Zacian|35\/100 frz\n|-curestatus|p1a: Zacian|frz|[msg]\n|move|p1a: Zacian|Behemoth Blade|p2a: Kyogre\n|-resisted|p2a: Kyogre\n|-damage|p2a: Kyogre|0 fnt\n|faint|p2a: Kyogre\n|\n|-weather|none\n|upkeep\n|\n|t:|1699975601\n|switch|p2a: Groudon|Groudon, shiny|100\/100\n|-damage|p2a: Groudon|94\/100|[from] Stealth Rock\n|-damage|p2a: Groudon|82\/100|[from] Spikes\n|detailschange|p2a: Groudon|Groudon-Primal, shiny\n|-primal|p2a: Groudon|Red Orb\n|-weather|DesolateLand|[from] ability: Desolate Land|[of] p2a: Groudon\n|turn|13\n|\n|t:|1699975613\n|-terastallize|p1a: Zacian|Ground\n|move|p1a: Zacian|Tera Blast|p2a: Groudon|[anim] Tera Blast Ground\n|-supereffective|p2a: Groudon\n|-damage|p2a: Groudon|0 fnt\n|faint|p2a: Groudon\n|-weather|none\n|\n|upkeep\n|\n|t:|1699975620\n|switch|p2a: Yveltal|Yveltal|100\/100\n|-damage|p2a: Yveltal|76\/100|[from] Stealth Rock\n|-ability|p2a: Yveltal|Dark Aura\n|turn|14\n|\n|t:|1699975627\n|switch|p1a: Kyurem|Kyurem-Black|100\/100\n|-ability|p1a: Kyurem|Teravolt\n|move|p2a: Yveltal|Sucker Punch||[still]\n|-fail|p2a: Yveltal\n|\n|-heal|p2a: Yveltal|82\/100|[from] item: Leftovers\n|upkeep\n|turn|15\n|\n|t:|1699975638\n|-terastallize|p2a: Yveltal|Dark\n|move|p1a: Kyurem|Substitute|p1a: Kyurem\n|-start|p1a: Kyurem|Substitute\n|-damage|p1a: Kyurem|75\/100\n|move|p2a: Yveltal|Foul Play|p1a: Kyurem\n|-end|p1a: Kyurem|Substitute\n|\n|-heal|p2a: Yveltal|88\/100|[from] item: Leftovers\n|upkeep\n|turn|16\n|\n|t:|1699975650\n|move|p1a: Kyurem|Fusion Bolt|p2a: Yveltal\n|-damage|p2a: Yveltal|60\/100\n|move|p2a: Yveltal|Foul Play|p1a: Kyurem\n|-damage|p1a: Kyurem|0 fnt\n|faint|p1a: Kyurem\n|\n|-heal|p2a: Yveltal|66\/100|[from] item: Leftovers\n|upkeep\n|\n|t:|1699975661\n|switch|p1a: Landorus|Landorus, M|100\/100\n|turn|17\n|\n|t:|1699975674\n|move|p1a: Landorus|Earth Power|p2a: Yveltal\n|-damage|p2a: Yveltal|11\/100\n|move|p2a: Yveltal|Foul Play|p1a: Landorus\n|-damage|p1a: Landorus|32\/100\n|\n|-heal|p2a: Yveltal|17\/100|[from] item: Leftovers\n|upkeep\n|turn|18\n|\n|t:|1699975684\n|move|p2a: Yveltal|Sucker Punch|p1a: Landorus\n|-damage|p1a: Landorus|0 fnt\n|faint|p1a: Landorus\n|\n|-heal|p2a: Yveltal|23\/100|[from] item: Leftovers\n|upkeep\n|\n|t:|1699975692\n|switch|p1a: Groudon|Groudon|100\/100\n|detailschange|p1a: Groudon|Groudon-Primal\n|-primal|p1a: Groudon|Red Orb\n|-weather|DesolateLand|[from] ability: Desolate Land|[of] p1a: Groudon\n|turn|19\n|\n|t:|1699975700\n|switch|p2a: Chansey|Chansey, F|100\/100\n|-damage|p2a: Chansey|88\/100|[from] Stealth Rock\n|-damage|p2a: Chansey|76\/100|[from] Spikes\n|move|p1a: Groudon|Heat Crash|p2a: Chansey\n|-damage|p2a: Chansey|0 fnt\n|faint|p2a: Chansey\n|\n|-weather|DesolateLand|[upkeep]\n|upkeep\n|\n|t:|1699975703\n|switch|p2a: Arceus|Arceus-Steel|66\/100\n|-damage|p2a: Arceus|60\/100|[from] Stealth Rock\n|-damage|p2a: Arceus|47\/100|[from] Spikes\n|turn|20\n|\n|t:|1699975714\n|move|p2a: Arceus|Judgment|p1a: Groudon\n|-resisted|p1a: Groudon\n|-damage|p1a: Groudon|79\/100\n|move|p1a: Groudon|Rock Polish|p1a: Groudon\n|-boost|p1a: Groudon|spe|2\n|\n|-weather|DesolateLand|[upkeep]\n|upkeep\n|turn|21\n|-message|Zatanna rs forfeited.\n|\n|win|85792195wwww\n|raw|85792195wwww's rating: 1618 &rarr; <strong>1635<\/strong><br \/>(+17 for winning)\n|raw|Zatanna rs's rating: 1558 &rarr; <strong>1541<\/strong><br \/>(-17 for losing)\n|l|\u2606Zatanna rs\n","uploadtime":1699975792,"views":6,"p1id":"85792195wwww","p2id":"zatannars","formatid":"gen9nationaldexubers","rating":1541,"private":0,"password":""}