{"id":"gen9nationaldexubers-1987009983","p1":"metrobobin","p2":"PancakePancake","format":"[Gen 9] National Dex Ubers","log":"|j|\u2606metrobobin\n|j|\u2606PancakePancake\n|t:|1699548726\n|gametype|singles\n|player|p1|metrobobin|harlequin|\n|player|p2|PancakePancake|waiter-gen4|\n|teamsize|p1|6\n|teamsize|p2|6\n|gen|9\n|tier|[Gen 9] National Dex Ubers\n|rule|HP Percentage Mod: HP is shown in percentages\n|rule|Endless Battle Clause: Forcing endless battles is banned\n|rule|OHKO Clause: OHKO moves are banned\n|rule|Evasion Moves Clause: Evasion moves are banned\n|rule|Evasion Items Clause: Evasion items are banned\n|rule|Species Clause: Limit one of each Pok\u00e9mon\n|rule|Sleep Clause Mod: Limit one foe put to sleep\n|rule|Mega Rayquaza Clause: You cannot mega evolve Rayquaza\n|clearpoke\n|poke|p1|Walking Wake|\n|poke|p1|Pelipper, F|\n|poke|p1|Electrode-Hisui|\n|poke|p1|Diancie|\n|poke|p1|Palafin, F|\n|poke|p1|Manaphy|\n|poke|p2|Ferrothorn, F|\n|poke|p2|Buzzwole|\n|poke|p2|Kyurem|\n|poke|p2|Tapu Koko|\n|poke|p2|Gengar, F|\n|poke|p2|Audino, F|\n|teampreview\n|j|+MC PrincessPearl~\n|c|\u2606metrobobin|glhf\n|c|\u2606PancakePancake|hf\n|\n|t:|1699548776\n|start\n|switch|p1a: Palafin|Palafin, F|100\/100\n|switch|p2a: Susie|Tapu Koko|100\/100\n|-fieldstart|move: Electric Terrain|[from] ability: Electric Surge|[of] p2a: Susie\n|turn|1\n|\n|t:|1699548786\n|move|p1a: Palafin|Flip Turn|p2a: Susie\n|-damage|p2a: Susie|74\/100\n|\n|t:|1699548797\n|detailschange|p1a: Palafin|Palafin-Hero, F\n|switch|p1a: Diancie|Diancie|100\/100|[from] Flip Turn\n|move|p2a: Susie|Thunderbolt|p1a: Diancie\n|-damage|p1a: Diancie|64\/100\n|\n|-heal|p1a: Diancie|70\/100|[from] item: Leftovers\n|upkeep\n|turn|2\n|\n|t:|1699548809\n|switch|p2a: Gregor|Gengar, F|100\/100\n|move|p1a: Diancie|Diamond Storm|p2a: Gregor\n|-damage|p2a: Gregor|21\/100\n|\n|-heal|p1a: Diancie|76\/100|[from] item: Leftovers\n|upkeep\n|turn|3\n|\n|t:|1699548818\n|move|p2a: Gregor|Energy Ball|p1a: Diancie\n|-supereffective|p1a: Diancie\n|-damage|p1a: Diancie|28\/100\n|move|p1a: Diancie|Diamond Storm|p2a: Gregor\n|-crit|p2a: Gregor\n|-damage|p2a: Gregor|0 fnt\n|-boost|p1a: Diancie|def|2\n|-start|p1a: Diancie|Disable|Diamond Storm|[from] ability: Cursed Body|[of] p2a: Gregor\n|faint|p2a: Gregor\n|\n|-heal|p1a: Diancie|34\/100|[from] item: Leftovers\n|upkeep\n|\n|t:|1699548835\n|switch|p2a: Susie|Tapu Koko|74\/100\n|turn|4\n|\n|t:|1699548896\n|move|p2a: Susie|Thunderbolt|p1a: Diancie\n|-damage|p1a: Diancie|0 fnt\n|faint|p1a: Diancie\n|\n|upkeep\n|\n|t:|1699548906\n|switch|p1a: Electrode|Electrode-Hisui|100\/100\n|turn|5\n|\n|t:|1699548914\n|switch|p2a: Parvati|Audino, F|100\/100\n|move|p1a: Electrode|Volt Switch|p2a: Parvati\n|-damage|p2a: Parvati|67\/100\n|\n|t:|1699548922\n|switch|p1a: Palafin|Palafin-Hero, F|100\/100|[from] Volt Switch\n|-activate|p1a: Palafin|ability: Zero to Hero\n|\n|-fieldend|move: Electric Terrain\n|upkeep\n|turn|6\n|\n|t:|1699548929\n|move|p2a: Parvati|Protect|p2a: Parvati\n|-singleturn|p2a: Parvati|Protect\n|move|p1a: Palafin|Close Combat|p2a: Parvati\n|-activate|p2a: Parvati|move: Protect\n|\n|upkeep\n|turn|7\n|\n|t:|1699548935\n|switch|p1a: Walking Wake|Walking Wake|100\/100\n|switch|p2a: Henry|Buzzwole|100\/100\n|\n|upkeep\n|turn|8\n|\n|t:|1699548942\n|switch|p2a: Parvati|Audino, F|100\/100\n|move|p1a: Walking Wake|Flamethrower|p2a: Parvati\n|-damage|p2a: Parvati|80\/100\n|\n|upkeep\n|turn|9\n|\n|t:|1699548947\n|move|p1a: Walking Wake|Flip Turn|p2a: Parvati\n|-damage|p2a: Parvati|61\/100\n|\n|t:|1699548949\n|-end|p1a: Walking Wake|Protosynthesis|[silent]\n|switch|p1a: Pelipper|Pelipper, F|100\/100|[from] Flip Turn\n|-weather|RainDance|[from] ability: Drizzle|[of] p1a: Pelipper\n|move|p2a: Parvati|Toxic|p1a: Pelipper|[miss]\n|-miss|p2a: Parvati|p1a: Pelipper\n|\n|-weather|RainDance|[upkeep]\n|upkeep\n|turn|10\n|\n|t:|1699548961\n|move|p1a: Pelipper|Hurricane|p2a: Parvati\n|-damage|p2a: Parvati|34\/100\n|move|p2a: Parvati|Toxic|p1a: Pelipper\n|-status|p1a: Pelipper|tox\n|\n|-weather|RainDance|[upkeep]\n|-damage|p1a: Pelipper|94\/100 tox|[from] psn\n|upkeep\n|turn|11\n|\n|t:|1699548966\n|move|p1a: Pelipper|Hurricane|p2a: Parvati\n|-damage|p2a: Parvati|8\/100\n|-start|p2a: Parvati|confusion\n|-activate|p2a: Parvati|confusion\n|-damage|p2a: Parvati|2\/100|[from] confusion\n|\n|-weather|RainDance|[upkeep]\n|-damage|p1a: Pelipper|82\/100 tox|[from] psn\n|upkeep\n|turn|12\n|\n|t:|1699548974\n|-activate|p2a: Parvati|confusion\n|-damage|p2a: Parvati|0 fnt|[from] confusion\n|faint|p2a: Parvati\n|move|p1a: Pelipper|U-turn|p2: Parvati|[notarget]\n|-fail|p1a: Pelipper\n|\n|-weather|RainDance|[upkeep]\n|-damage|p1a: Pelipper|63\/100 tox|[from] psn\n|upkeep\n|\n|t:|1699548994\n|switch|p2a: Steve|Kyurem|100\/100\n|-ability|p2a: Steve|Pressure\n|turn|13\n|\n|t:|1699549003\n|move|p2a: Steve|Substitute|p2a: Steve\n|-start|p2a: Steve|Substitute\n|-damage|p2a: Steve|76\/100\n|move|p1a: Pelipper|Knock Off|p2a: Steve\n|-activate|p2a: Steve|move: Substitute|[damage]\n|\n|-weather|RainDance|[upkeep]\n|-damage|p1a: Pelipper|39\/100 tox|[from] psn\n|upkeep\n|turn|14\n|\n|t:|1699549009\n|move|p2a: Steve|Freeze-Dry|p1a: Pelipper\n|-supereffective|p1a: Pelipper\n|-damage|p1a: Pelipper|0 fnt\n|faint|p1a: Pelipper\n|\n|-weather|RainDance|[upkeep]\n|upkeep\n|\n|t:|1699549011\n|switch|p1a: Electrode|Electrode-Hisui|100\/100\n|turn|15\n|\n|t:|1699549019\n|-terastallize|p1a: Electrode|Ice\n|move|p1a: Electrode|Tera Blast|p2a: Steve|[anim] Tera Blast Ice\n|-end|p2a: Steve|Substitute\n|move|p2a: Steve|Freeze-Dry|p1a: Electrode\n|-resisted|p1a: Electrode\n|-damage|p1a: Electrode|77\/100\n|\n|-weather|RainDance|[upkeep]\n|upkeep\n|turn|16\n|\n|t:|1699549030\n|switch|p2a: Catalyst|Ferrothorn, F|100\/100\n|move|p1a: Electrode|Tera Blast|p2a: Catalyst|[anim] Tera Blast Ice\n|-damage|p2a: Catalyst|64\/100\n|\n|-weather|none\n|upkeep\n|turn|17\n|\n|t:|1699549038\n|switch|p1a: Walking Wake|Walking Wake|100\/100\n|move|p2a: Catalyst|Leech Seed|p1a: Walking Wake\n|-start|p1a: Walking Wake|move: Leech Seed\n|\n|-damage|p1a: Walking Wake|88\/100|[from] Leech Seed|[of] p2a: Catalyst\n|-heal|p2a: Catalyst|76\/100|[silent]\n|upkeep\n|turn|18\n|\n|t:|1699549045\n|move|p2a: Catalyst|Protect|p2a: Catalyst\n|-singleturn|p2a: Catalyst|Protect\n|move|p1a: Walking Wake|Flip Turn|p2a: Catalyst\n|-activate|p2a: Catalyst|move: Protect\n|\n|-damage|p1a: Walking Wake|76\/100|[from] Leech Seed|[of] p2a: Catalyst\n|-heal|p2a: Catalyst|88\/100|[silent]\n|upkeep\n|turn|19\n|\n|t:|1699549070\n|switch|p2a: Susie|Tapu Koko|74\/100\n|-fieldstart|move: Electric Terrain|[from] ability: Electric Surge|[of] p2a: Susie\n|move|p1a: Walking Wake|Flamethrower|p2a: Susie\n|-damage|p2a: Susie|37\/100\n|\n|-damage|p1a: Walking Wake|63\/100|[from] Leech Seed|[of] p2a: Susie\n|-heal|p2a: Susie|50\/100|[silent]\n|upkeep\n|turn|20\n|\n|t:|1699549128\n|-end|p1a: Walking Wake|Protosynthesis|[silent]\n|switch|p1a: Electrode|Electrode-Hisui, tera:Ice|77\/100\n|move|p2a: Susie|Dazzling Gleam|p1a: Electrode\n|-damage|p1a: Electrode|29\/100\n|\n|upkeep\n|turn|21\n|\n|t:|1699549190\n|switch|p2a: Catalyst|Ferrothorn, F|88\/100\n|move|p1a: Electrode|Tera Blast|p2a: Catalyst|[anim] Tera Blast Ice\n|-damage|p2a: Catalyst|54\/100\n|\n|upkeep\n|turn|22\n|\n|t:|1699549203\n|switch|p1a: Walking Wake|Walking Wake|63\/100\n|move|p2a: Catalyst|Leech Seed|p1a: Walking Wake\n|-start|p1a: Walking Wake|move: Leech Seed\n|\n|-damage|p1a: Walking Wake|51\/100|[from] Leech Seed|[of] p2a: Catalyst\n|-heal|p2a: Catalyst|66\/100|[silent]\n|upkeep\n|turn|23\n|\n|t:|1699549220\n|-end|p1a: Walking Wake|Protosynthesis|[silent]\n|switch|p1a: Manaphy|Manaphy|100\/100\n|move|p2a: Catalyst|Protect||[still]\n|-fail|p2a: Catalyst\n|\n|-fieldend|move: Electric Terrain\n|upkeep\n|turn|24\n|\n|t:|1699549232\n|move|p1a: Manaphy|Take Heart|p1a: Manaphy\n|-boost|p1a: Manaphy|spa|1\n|-boost|p1a: Manaphy|spd|1\n|move|p2a: Catalyst|Leech Seed|p1a: Manaphy\n|-start|p1a: Manaphy|move: Leech Seed\n|\n|-damage|p1a: Manaphy|88\/100|[from] Leech Seed|[of] p2a: Catalyst\n|-heal|p2a: Catalyst|80\/100|[silent]\n|upkeep\n|turn|25\n|\n|t:|1699549237\n|move|p1a: Manaphy|Take Heart|p1a: Manaphy\n|-boost|p1a: Manaphy|spa|1\n|-boost|p1a: Manaphy|spd|1\n|move|p2a: Catalyst|Stealth Rock|p1a: Manaphy\n|-sidestart|p1: metrobobin|move: Stealth Rock\n|\n|-heal|p1a: Manaphy|94\/100|[from] item: Leftovers\n|-damage|p1a: Manaphy|82\/100|[from] Leech Seed|[of] p2a: Catalyst\n|-heal|p2a: Catalyst|95\/100|[silent]\n|upkeep\n|turn|26\n|\n|t:|1699549240\n|move|p1a: Manaphy|Take Heart|p1a: Manaphy\n|-boost|p1a: Manaphy|spa|1\n|-boost|p1a: Manaphy|spd|1\n|move|p2a: Catalyst|Power Whip|p1a: Manaphy\n|-supereffective|p1a: Manaphy\n|-damage|p1a: Manaphy|18\/100\n|\n|-heal|p1a: Manaphy|24\/100|[from] item: Leftovers\n|-damage|p1a: Manaphy|12\/100|[from] Leech Seed|[of] p2a: Catalyst\n|-heal|p2a: Catalyst|100\/100|[silent]\n|upkeep\n|turn|27\n|\n|t:|1699549257\n|move|p2a: Catalyst|Protect|p2a: Catalyst\n|-singleturn|p2a: Catalyst|Protect\n|move|p1a: Manaphy|Scald|p2a: Catalyst\n|-activate|p2a: Catalyst|move: Protect\n|\n|-heal|p1a: Manaphy|18\/100|[from] item: Leftovers\n|-damage|p1a: Manaphy|6\/100|[from] Leech Seed|[of] p2a: Catalyst\n|upkeep\n|turn|28\n|\n|t:|1699549269\n|move|p2a: Catalyst|Protect|p2a: Catalyst\n|-singleturn|p2a: Catalyst|Protect\n|move|p1a: Manaphy|Stored Power|p2a: Catalyst\n|-activate|p2a: Catalyst|move: Protect\n|\n|-heal|p1a: Manaphy|12\/100|[from] item: Leftovers\n|-damage|p1a: Manaphy|0 fnt|[from] Leech Seed|[of] p2a: Catalyst\n|faint|p1a: Manaphy\n|upkeep\n|c|\u2606metrobobin|double protect is nutty\n|\n|t:|1699549280\n|switch|p1a: Electrode|Electrode-Hisui, tera:Ice|29\/100\n|-damage|p1a: Electrode|4\/100|[from] Stealth Rock\n|turn|29\n|\n|t:|1699549286\n|move|p1a: Electrode|Thunder|p2a: Catalyst\n|-resisted|p2a: Catalyst\n|-damage|p2a: Catalyst|76\/100\n|move|p2a: Catalyst|Power Whip|p1a: Electrode\n|-damage|p1a: Electrode|0 fnt\n|-damage|p2a: Catalyst|51\/100|[from] ability: Aftermath|[of] p1a: Electrode\n|faint|p1a: Electrode\n|\n|upkeep\n|\n|t:|1699549292\n|switch|p1a: Walking Wake|Walking Wake|51\/100\n|-damage|p1a: Walking Wake|39\/100|[from] Stealth Rock\n|turn|30\n|\n|t:|1699549298\n|move|p1a: Walking Wake|Flamethrower|p2a: Catalyst\n|-supereffective|p2a: Catalyst\n|-damage|p2a: Catalyst|0 fnt\n|faint|p2a: Catalyst\n|\n|upkeep\n|\n|t:|1699549304\n|switch|p2a: Susie|Tapu Koko|50\/100\n|-fieldstart|move: Electric Terrain|[from] ability: Electric Surge|[of] p2a: Susie\n|turn|31\n|\n|t:|1699549331\n|move|p2a: Susie|Dazzling Gleam|p1a: Walking Wake\n|-supereffective|p1a: Walking Wake\n|-damage|p1a: Walking Wake|0 fnt\n|faint|p1a: Walking Wake\n|-end|p1a: Walking Wake|Protosynthesis|[silent]\n|\n|upkeep\n|\n|t:|1699549332\n|switch|p1a: Palafin|Palafin-Hero, F|100\/100\n|-damage|p1a: Palafin|88\/100|[from] Stealth Rock\n|turn|32\n|\n|t:|1699549339\n|switch|p2a: Henry|Buzzwole|100\/100\n|move|p1a: Palafin|Iron Head|p2a: Henry\n|-damage|p2a: Henry|84\/100\n|-damage|p1a: Palafin|72\/100|[from] item: Rocky Helmet|[of] p2a: Henry\n|\n|upkeep\n|turn|33\n|c|\u2606metrobobin|gg\n|\n|t:|1699549348\n|move|p1a: Palafin|Iron Head|p2a: Henry\n|-damage|p2a: Henry|67\/100\n|-damage|p1a: Palafin|55\/100|[from] item: Rocky Helmet|[of] p2a: Henry\n|cant|p2a: Henry|flinch\n|\n|upkeep\n|turn|34\n|c|\u2606PancakePancake|gg\n|l|+MC PrincessPearl~\n|l|\u2606metrobobin\n|player|p1|\n|inactive|Battle timer is ON: inactive players will automatically lose when time's up. (requested by PancakePancake)\n|j| Weredude08\n|inactive|metrobobin has 270 seconds to reconnect!\n|inactive|metrobobin has 240 seconds to reconnect!\n|inactive|metrobobin has 210 seconds to reconnect!\n|j| Space Odyssey\n|c| Space Odyssey|Did he leave?\n|inactive|metrobobin has 180 seconds to reconnect!\n|c|\u2606PancakePancake|their internet died\n|c| Space Odyssey|Ah I see I see\n|c|\u2606PancakePancake|so we agreed it go to timer\n|l| Space Odyssey\n|inactive|metrobobin has 150 seconds to reconnect!\n|inactive|metrobobin has 120 seconds to reconnect!\n|j| Space Odyssey\n|l| Space Odyssey\n|j| Space Odyssey\n|l| Space Odyssey\n|inactive|metrobobin has 90 seconds to reconnect!\n|inactive|metrobobin has 60 seconds to reconnect!\n|inactive|metrobobin has 30 seconds to reconnect!\n|inactive|metrobobin has 20 seconds to reconnect!\n|inactive|metrobobin has 15 seconds to reconnect!\n|inactive|metrobobin has 10 seconds to reconnect!\n|inactive|metrobobin has 5 seconds to reconnect!\n|-message|metrobobin lost due to inactivity.\n|\n|win|PancakePancake\n","uploadtime":1699549801,"views":25,"p1id":"metrobobin","p2id":"pancakepancake","formatid":"gen9nationaldexubers","rating":0,"private":0,"password":""}