{"id":"gen9nationaldexubers-1979288691","p1":"ResearcherShrapnel","p2":"quaj","format":"[Gen 9] National Dex Ubers","log":"|j|\u203dResearcherShrapnel\n|j|\u203dquaj\n|t:|1698666888\n|gametype|singles\n|player|p1|ResearcherShrapnel|allister|1268\n|player|p2|quaj|2|1243\n|teamsize|p1|6\n|teamsize|p2|6\n|gen|9\n|tier|[Gen 9] National Dex Ubers\n|rated|\n|rule|HP Percentage Mod: HP is shown in percentages\n|rule|Endless Battle Clause: Forcing endless battles is banned\n|rule|OHKO Clause: OHKO moves are banned\n|rule|Evasion Moves Clause: Evasion moves are banned\n|rule|Evasion Items Clause: Evasion items are banned\n|rule|Species Clause: Limit one of each Pok\u00e9mon\n|rule|Sleep Clause Mod: Limit one foe put to sleep\n|rule|Mega Rayquaza Clause: You cannot mega evolve Rayquaza\n|clearpoke\n|poke|p1|Ho-Oh|\n|poke|p1|Zygarde|\n|poke|p1|Marshadow|\n|poke|p1|Groudon|\n|poke|p1|Porygon-Z|\n|poke|p1|Inteleon, M|\n|poke|p2|Hippowdon, F|\n|poke|p2|Dracovish|\n|poke|p2|Metagross|\n|poke|p2|Lycanroc-Dusk, M|\n|poke|p2|Great Tusk|\n|poke|p2|Nihilego|\n|teampreview\n|inactive|Battle timer is ON: inactive players will automatically lose when time's up. (requested by ResearcherShrapnel)\n|\n|t:|1698666898\n|start\n|switch|p1a: Porygon-Z|Porygon-Z|100\/100\n|switch|p2a: Hippowdon|Hippowdon, F|100\/100\n|-weather|Sandstorm|[from] ability: Sand Stream|[of] p2a: Hippowdon\n|turn|1\n|inactive|quaj has 120 seconds left.\n|\n|t:|1698666941\n|switch|p1a: Groudon|Groudon, shiny|100\/100\n|detailschange|p1a: Groudon|Groudon-Primal, shiny\n|-primal|p1a: Groudon|Red Orb\n|-weather|DesolateLand|[from] ability: Desolate Land|[of] p1a: Groudon\n|switch|p2a: Dracovish|Dracovish|100\/100\n|\n|-weather|DesolateLand|[upkeep]\n|upkeep\n|turn|2\n|\n|t:|1698666946\n|switch|p2a: Great Tusk|Great Tusk|100\/100\n|move|p1a: Groudon|Precipice Blades|p2a: Great Tusk\n|-damage|p2a: Great Tusk|41\/100\n|\n|-weather|DesolateLand|[upkeep]\n|upkeep\n|turn|3\n|\n|t:|1698666950\n|-zpower|p2a: Great Tusk\n|move|p2a: Great Tusk|Tectonic Rage|p1a: Groudon|[zeffect]\n|-supereffective|p1a: Groudon\n|-damage|p1a: Groudon|0 fnt\n|faint|p1a: Groudon\n|-weather|none\n|\n|upkeep\n|\n|t:|1698666958\n|switch|p1a: Zygarde|Zygarde, shiny|100\/100\n|turn|4\n|\n|t:|1698666967\n|-terastallize|p1a: Zygarde|Normal\n|move|p1a: Zygarde|Extreme Speed|p2a: Great Tusk\n|-damage|p2a: Great Tusk|22\/100\n|move|p2a: Great Tusk|Ice Spinner|p1a: Zygarde\n|-damage|p1a: Zygarde|84\/100\n|\n|upkeep\n|turn|5\n|\n|t:|1698666975\n|move|p2a: Great Tusk|Brick Break|p1a: Zygarde\n|-supereffective|p1a: Zygarde\n|-damage|p1a: Zygarde|36\/100\n|move|p1a: Zygarde|Thousand Arrows|p2a: Great Tusk\n|-damage|p2a: Great Tusk|0 fnt\n|faint|p2a: Great Tusk\n|-end|p2a: Great Tusk|Protosynthesis|[silent]\n|\n|-activate|p1a: Zygarde|ability: Power Construct\n|detailschange|p1a: Zygarde|Zygarde-Complete, shiny, tera:Normal\n|-heal|p1a: Zygarde|58\/100|[silent]\n|upkeep\n|\n|t:|1698666981\n|switch|p2a: Lycanroc|Lycanroc-Dusk, M|100\/100\n|turn|6\n|\n|t:|1698666984\n|move|p1a: Zygarde|Extreme Speed|p2a: Lycanroc\n|-resisted|p2a: Lycanroc\n|-damage|p2a: Lycanroc|76\/100\n|move|p2a: Lycanroc|Close Combat|p1a: Zygarde\n|-supereffective|p1a: Zygarde\n|-damage|p1a: Zygarde|21\/100\n|-unboost|p2a: Lycanroc|def|1\n|-unboost|p2a: Lycanroc|spd|1\n|\n|upkeep\n|turn|7\n|\n|t:|1698666991\n|move|p2a: Lycanroc|Accelerock|p1a: Zygarde\n|-damage|p1a: Zygarde|11\/100\n|move|p1a: Zygarde|Thousand Arrows|p2a: Lycanroc\n|-supereffective|p2a: Lycanroc\n|-crit|p2a: Lycanroc\n|-damage|p2a: Lycanroc|0 fnt\n|faint|p2a: Lycanroc\n|\n|upkeep\n|\n|t:|1698667019\n|switch|p2a: Hippowdon|Hippowdon, F|100\/100\n|-weather|Sandstorm|[from] ability: Sand Stream|[of] p2a: Hippowdon\n|turn|8\n|\n|t:|1698667029\n|move|p1a: Zygarde|Rest|p1a: Zygarde\n|-status|p1a: Zygarde|slp|[from] move: Rest\n|-heal|p1a: Zygarde|100\/100 slp|[silent]\n|-enditem|p1a: Zygarde|Chesto Berry|[eat]\n|-curestatus|p1a: Zygarde|slp|[msg]\n|move|p2a: Hippowdon|Earthquake|p1a: Zygarde\n|-damage|p1a: Zygarde|80\/100\n|\n|-weather|Sandstorm|[upkeep]\n|-damage|p1a: Zygarde|74\/100|[from] Sandstorm\n|upkeep\n|turn|9\n|\n|t:|1698667036\n|switch|p2a: Dracovish|Dracovish|100\/100\n|move|p1a: Zygarde|Extreme Speed|p2a: Dracovish\n|-damage|p2a: Dracovish|68\/100\n|\n|-weather|Sandstorm|[upkeep]\n|-damage|p1a: Zygarde|68\/100|[from] Sandstorm\n|upkeep\n|turn|10\n|\n|t:|1698667045\n|-terastallize|p2a: Dracovish|Water\n|move|p1a: Zygarde|Extreme Speed|p2a: Dracovish\n|-damage|p2a: Dracovish|38\/100\n|move|p2a: Dracovish|Fishious Rend|p1a: Zygarde\n|-damage|p1a: Zygarde|38\/100\n|\n|-weather|Sandstorm|[upkeep]\n|-damage|p1a: Zygarde|32\/100|[from] Sandstorm\n|upkeep\n|turn|11\n|\n|t:|1698667050\n|move|p1a: Zygarde|Extreme Speed|p2a: Dracovish\n|-damage|p2a: Dracovish|8\/100\n|move|p2a: Dracovish|Fishious Rend|p1a: Zygarde\n|-damage|p1a: Zygarde|2\/100\n|\n|-weather|Sandstorm|[upkeep]\n|-damage|p1a: Zygarde|0 fnt|[from] Sandstorm\n|faint|p1a: Zygarde\n|upkeep\n|\n|t:|1698667054\n|switch|p1a: Marshadow|Marshadow|100\/100\n|turn|12\n|\n|t:|1698667059\n|move|p1a: Marshadow|Shadow Sneak|p2a: Dracovish\n|-damage|p2a: Dracovish|0 fnt\n|faint|p2a: Dracovish\n|\n|-weather|Sandstorm|[upkeep]\n|-damage|p1a: Marshadow|94\/100|[from] Sandstorm\n|upkeep\n|\n|t:|1698667062\n|switch|p2a: Nihilego|Nihilego, shiny|100\/100\n|turn|13\n|\n|t:|1698667072\n|move|p2a: Nihilego|Sludge Wave|p1a: Marshadow\n|-resisted|p1a: Marshadow\n|-damage|p1a: Marshadow|65\/100\n|move|p1a: Marshadow|Low Kick|p2a: Nihilego\n|-damage|p2a: Nihilego|28\/100\n|\n|-weather|Sandstorm|[upkeep]\n|-damage|p1a: Marshadow|59\/100|[from] Sandstorm\n|upkeep\n|turn|14\n|\n|t:|1698667076\n|move|p2a: Nihilego|Sludge Wave|p1a: Marshadow\n|-resisted|p1a: Marshadow\n|-damage|p1a: Marshadow|29\/100\n|move|p1a: Marshadow|Low Kick|p2a: Nihilego\n|-damage|p2a: Nihilego|0 fnt\n|faint|p2a: Nihilego\n|\n|-weather|Sandstorm|[upkeep]\n|-damage|p1a: Marshadow|23\/100|[from] Sandstorm\n|upkeep\n|\n|t:|1698667078\n|switch|p2a: Hippowdon|Hippowdon, F|100\/100\n|turn|15\n|\n|t:|1698667085\n|move|p1a: Marshadow|Low Kick|p2a: Hippowdon\n|-damage|p2a: Hippowdon|58\/100\n|move|p2a: Hippowdon|Crunch|p1a: Marshadow\n|-damage|p1a: Marshadow|0 fnt\n|faint|p1a: Marshadow\n|\n|-weather|none\n|upkeep\n|\n|t:|1698667091\n|switch|p1a: Inteleon|Inteleon, M|100\/100\n|turn|16\n|\n|t:|1698667102\n|move|p1a: Inteleon|Snipe Shot|p2a: Hippowdon\n|-supereffective|p2a: Hippowdon\n|-damage|p2a: Hippowdon|0 fnt\n|faint|p2a: Hippowdon\n|\n|upkeep\n|\n|t:|1698667106\n|switch|p2a: Metagross|Metagross|100\/100\n|turn|17\n|\n|t:|1698667129\n|detailschange|p2a: Metagross|Metagross-Mega\n|-mega|p2a: Metagross|Metagross|Metagrossite\n|move|p1a: Inteleon|Dark Pulse|p2a: Metagross\n|-supereffective|p2a: Metagross\n|-damage|p2a: Metagross|42\/100\n|cant|p2a: Metagross|flinch\n|\n|upkeep\n|turn|18\n|\n|t:|1698667136\n|move|p1a: Inteleon|Dark Pulse|p2a: Metagross\n|-supereffective|p2a: Metagross\n|-crit|p2a: Metagross\n|-damage|p2a: Metagross|0 fnt\n|faint|p2a: Metagross\n|\n|win|ResearcherShrapnel\n|raw|ResearcherShrapnel's rating: 1268 &rarr; <strong>1291<\/strong><br \/>(+23 for winning)\n|raw|quaj's rating: 1243 &rarr; <strong>1220<\/strong><br \/>(-23 for losing)\n|l|\u203dquaj\n","uploadtime":1698667141,"views":10,"p1id":"researchershrapnel","p2id":"quaj","formatid":"gen9nationaldexubers","rating":1220,"private":0,"password":""}