{"id":"gen9nationaldexubers-1993686716","p1":"7evenGhosT","p2":"TTeTyLLloK","format":"[Gen 9] National Dex Ubers","log":"|j|\u26067evenGhosT\n|j|\u2606TTeTyLLloK\n|t:|1700345548\n|gametype|singles\n|player|p1|7evenGhosT|caitlin|1375\n|player|p2|TTeTyLLloK|bruno|1472\n|teamsize|p1|6\n|teamsize|p2|6\n|gen|9\n|tier|[Gen 9] National Dex Ubers\n|rated|\n|rule|HP Percentage Mod: HP is shown in percentages\n|rule|Endless Battle Clause: Forcing endless battles is banned\n|rule|OHKO Clause: OHKO moves are banned\n|rule|Evasion Moves Clause: Evasion moves are banned\n|rule|Evasion Items Clause: Evasion items are banned\n|rule|Species Clause: Limit one of each Pok\u00e9mon\n|rule|Sleep Clause Mod: Limit one foe put to sleep\n|rule|Mega Rayquaza Clause: You cannot mega evolve Rayquaza\n|clearpoke\n|poke|p1|Blaziken, M|\n|poke|p1|Darmanitan-Galar, F|\n|poke|p1|Groudon|\n|poke|p1|Necrozma-Dusk-Mane|\n|poke|p1|Yveltal|\n|poke|p1|Xerneas-*|\n|poke|p2|Chesnaught, M|\n|poke|p2|Dugtrio, F|\n|poke|p2|Deoxys-Speed|\n|poke|p2|Slaking, F|\n|poke|p2|Mewtwo|\n|poke|p2|Ribombee, M|\n|teampreview\n|inactive|Battle timer is ON: inactive players will automatically lose when time's up. (requested by TTeTyLLloK)\n|j| revaz\n|\n|t:|1700345561\n|start\n|switch|p1a: Blaziken|Blaziken, M|100\/100\n|switch|p2a: Deoxys|Deoxys-Speed|100\/100\n|-ability|p2a: Deoxys|Pressure\n|turn|1\n|\n|t:|1700345577\n|detailschange|p1a: Blaziken|Blaziken-Mega, M\n|-mega|p1a: Blaziken|Blaziken|Blazikenite\n|move|p1a: Blaziken|Protect|p1a: Blaziken\n|-singleturn|p1a: Blaziken|Protect\n|move|p2a: Deoxys|Stealth Rock|p1a: Blaziken\n|-sidestart|p1: 7evenGhosT|move: Stealth Rock\n|\n|-ability|p1a: Blaziken|Speed Boost|boost\n|-boost|p1a: Blaziken|spe|1\n|upkeep\n|turn|2\n|l| revaz\n|\n|t:|1700345588\n|move|p2a: Deoxys|Spikes|p1a: Blaziken\n|-sidestart|p1: 7evenGhosT|Spikes\n|move|p1a: Blaziken|Swords Dance|p1a: Blaziken\n|-boost|p1a: Blaziken|atk|2\n|\n|-ability|p1a: Blaziken|Speed Boost|boost\n|-boost|p1a: Blaziken|spe|1\n|upkeep\n|turn|3\n|\n|t:|1700345596\n|move|p1a: Blaziken|Blaze Kick|p2a: Deoxys|[miss]\n|-miss|p1a: Blaziken|p2a: Deoxys\n|move|p2a: Deoxys|Spikes|p1a: Blaziken\n|-sidestart|p1: 7evenGhosT|Spikes\n|\n|-ability|p1a: Blaziken|Speed Boost|boost\n|-boost|p1a: Blaziken|spe|1\n|upkeep\n|turn|4\n|\n|t:|1700345604\n|move|p1a: Blaziken|Blaze Kick|p2a: Deoxys\n|-damage|p2a: Deoxys|0 fnt\n|-damage|p1a: Blaziken|84\/100|[from] item: Rocky Helmet|[of] p2a: Deoxys\n|faint|p2a: Deoxys\n|\n|-ability|p1a: Blaziken|Speed Boost|boost\n|-boost|p1a: Blaziken|spe|1\n|upkeep\n|\n|t:|1700345606\n|switch|p2a: Dugtrio|Dugtrio, F|100\/100\n|turn|5\n|\n|t:|1700345614\n|move|p1a: Blaziken|Blaze Kick|p2a: Dugtrio\n|-enditem|p2a: Dugtrio|Focus Sash\n|-damage|p2a: Dugtrio|1\/100\n|move|p2a: Dugtrio|Earthquake|p1a: Blaziken\n|-supereffective|p1a: Blaziken\n|-damage|p1a: Blaziken|0 fnt\n|faint|p1a: Blaziken\n|\n|upkeep\n|\n|t:|1700345626\n|switch|p1a: Yveltal|Yveltal|100\/100\n|-damage|p1a: Yveltal|76\/100|[from] Stealth Rock\n|-ability|p1a: Yveltal|Dark Aura\n|turn|6\n|\n|t:|1700345634\n|move|p1a: Yveltal|Oblivion Wing|p2a: Dugtrio\n|-damage|p2a: Dugtrio|0 fnt\n|-heal|p1a: Yveltal|76\/100|[from] drain|[of] p2a: Dugtrio\n|faint|p2a: Dugtrio\n|\n|upkeep\n|\n|t:|1700345640\n|switch|p2a: Slaking|Slaking, F|100\/100\n|turn|7\n|\n|t:|1700345655\n|switch|p1a: Necrozma|Necrozma-Dusk-Mane|100\/100\n|-damage|p1a: Necrozma|94\/100|[from] Stealth Rock\n|-damage|p1a: Necrozma|78\/100|[from] Spikes\n|move|p2a: Slaking|Giga Impact|p1a: Necrozma\n|-resisted|p1a: Necrozma\n|-damage|p1a: Necrozma|21\/100\n|-mustrecharge|p2a: Slaking\n|\n|-heal|p1a: Necrozma|27\/100|[from] item: Leftovers\n|upkeep\n|turn|8\n|\n|t:|1700345679\n|cant|p2a: Slaking|recharge\n|move|p1a: Necrozma|Knock Off|p2a: Slaking\n|-damage|p2a: Slaking|70\/100\n|-enditem|p2a: Slaking|Choice Band|[from] move: Knock Off|[of] p1a: Necrozma\n|\n|-heal|p1a: Necrozma|33\/100|[from] item: Leftovers\n|upkeep\n|turn|9\n|\n|t:|1700345694\n|move|p2a: Slaking|Earthquake|p1a: Necrozma\n|-supereffective|p1a: Necrozma\n|-damage|p1a: Necrozma|0 fnt\n|faint|p1a: Necrozma\n|\n|upkeep\n|inactive|7evenGhosT has 120 seconds left.\n|\n|t:|1700345716\n|switch|p1a: Yveltal|Yveltal|76\/100\n|-damage|p1a: Yveltal|51\/100|[from] Stealth Rock\n|-ability|p1a: Yveltal|Dark Aura\n|turn|10\n|\n|t:|1700345725\n|move|p1a: Yveltal|Oblivion Wing|p2a: Slaking\n|-damage|p2a: Slaking|20\/100\n|-heal|p1a: Yveltal|93\/100|[from] drain|[of] p2a: Slaking\n|cant|p2a: Slaking|ability: Truant\n|\n|upkeep\n|turn|11\n|\n|t:|1700345734\n|move|p2a: Slaking|Sucker Punch|p1a: Yveltal\n|-resisted|p1a: Yveltal\n|-damage|p1a: Yveltal|74\/100\n|move|p1a: Yveltal|Oblivion Wing|p2a: Slaking\n|-damage|p2a: Slaking|0 fnt\n|-heal|p1a: Yveltal|91\/100|[from] drain|[of] p2a: Slaking\n|faint|p2a: Slaking\n|\n|upkeep\n|\n|t:|1700345762\n|switch|p2a: Ribombee|Ribombee, M|100\/100\n|turn|12\n|\n|t:|1700345776\n|move|p1a: Yveltal|Oblivion Wing|p2a: Ribombee\n|-supereffective|p2a: Ribombee\n|-enditem|p2a: Ribombee|Focus Sash\n|-damage|p2a: Ribombee|1\/100\n|-heal|p1a: Yveltal|100\/100|[from] drain|[of] p2a: Ribombee\n|move|p2a: Ribombee|Stun Spore|p1a: Yveltal|[miss]\n|-miss|p2a: Ribombee|p1a: Yveltal\n|\n|upkeep\n|turn|13\n|inactive|TTeTyLLloK has 120 seconds left.\n|\n|t:|1700345809\n|move|p1a: Yveltal|Oblivion Wing|p2a: Ribombee\n|-supereffective|p2a: Ribombee\n|-crit|p2a: Ribombee\n|-damage|p2a: Ribombee|0 fnt\n|faint|p2a: Ribombee\n|\n|upkeep\n|\n|t:|1700345814\n|switch|p2a: Mewtwo|Mewtwo|100\/100\n|-ability|p2a: Mewtwo|Unnerve\n|turn|14\n|\n|t:|1700345821\n|detailschange|p2a: Mewtwo|Mewtwo-Mega-Y\n|-mega|p2a: Mewtwo|Mewtwo|Mewtwonite Y\n|move|p1a: Yveltal|Oblivion Wing|p2a: Mewtwo\n|-damage|p2a: Mewtwo|66\/100\n|move|p2a: Mewtwo|Thunderbolt|p1a: Yveltal\n|-supereffective|p1a: Yveltal\n|-damage|p1a: Yveltal|31\/100\n|\n|upkeep\n|turn|15\n|\n|t:|1700345831\n|move|p1a: Yveltal|Oblivion Wing|p2a: Mewtwo\n|-damage|p2a: Mewtwo|31\/100\n|-heal|p1a: Yveltal|54\/100|[from] drain|[of] p2a: Mewtwo\n|move|p2a: Mewtwo|Nasty Plot|p2a: Mewtwo\n|-boost|p2a: Mewtwo|spa|2\n|\n|upkeep\n|turn|16\n|-message|TTeTyLLloK forfeited.\n|\n|win|7evenGhosT\n|raw|7evenGhosT's rating: 1375 &rarr; <strong>1400<\/strong><br \/>(+25 for winning)\n|raw|TTeTyLLloK's rating: 1472 &rarr; <strong>1447<\/strong><br \/>(-25 for losing)\n|l|\u26067evenGhosT\n","uploadtime":1700345842,"views":7,"p1id":"7evenghost","p2id":"ttetylllok","formatid":"gen9nationaldexubers","rating":1400,"private":0,"password":""}