{"id":"gen9nationaldexubers-1996170691","p1":"joker76","p2":"KurumiTokisakilove","format":"[Gen 9] National Dex Ubers","log":"|j|\u2606joker76\n|j|\u2606KurumiTokisakilove\n|t:|1700654545\n|gametype|singles\n|player|p1|joker76|ash-alola|1634\n|player|p2|KurumiTokisakilove|sabrina-gen2|1917\n|teamsize|p1|6\n|teamsize|p2|6\n|gen|9\n|tier|[Gen 9] National Dex Ubers\n|rated|\n|rule|HP Percentage Mod: HP is shown in percentages\n|rule|Endless Battle Clause: Forcing endless battles is banned\n|rule|OHKO Clause: OHKO moves are banned\n|rule|Evasion Moves Clause: Evasion moves are banned\n|rule|Evasion Items Clause: Evasion items are banned\n|rule|Species Clause: Limit one of each Pok\u00e9mon\n|rule|Sleep Clause Mod: Limit one foe put to sleep\n|rule|Mega Rayquaza Clause: You cannot mega evolve Rayquaza\n|clearpoke\n|poke|p1|Hatterene, F|\n|poke|p1|Melmetal|\n|poke|p1|Cresselia, F|\n|poke|p1|Arceus|\n|poke|p1|Kyogre|\n|poke|p1|Groudon|\n|poke|p2|Ditto|\n|poke|p2|Necrozma-Dusk-Mane|\n|poke|p2|Magearna|\n|poke|p2|Dondozo, M|\n|poke|p2|Kingambit, F|\n|poke|p2|Arceus-Ground|\n|teampreview\n|inactive|Battle timer is ON: inactive players will automatically lose when time's up. (requested by KurumiTokisakilove)\n|\n|t:|1700654553\n|start\n|switch|p1a: Groudon|Groudon, shiny|100\/100\n|switch|p2a: Necrozma|Necrozma-Dusk-Mane|100\/100\n|detailschange|p1a: Groudon|Groudon-Primal, shiny\n|-primal|p1a: Groudon|Red Orb\n|-weather|DesolateLand|[from] ability: Desolate Land|[of] p1a: Groudon\n|turn|1\n|\n|t:|1700654562\n|detailschange|p2a: Necrozma|Necrozma-Ultra\n|-burst|p2a: Necrozma|Necrozma|Ultranecrozium Z\n|move|p2a: Necrozma|Photon Geyser|p1a: Groudon\n|-damage|p1a: Groudon|45\/100\n|move|p1a: Groudon|Earthquake|p2a: Necrozma\n|-damage|p2a: Necrozma|17\/100\n|\n|-weather|DesolateLand|[upkeep]\n|upkeep\n|turn|2\n|\n|t:|1700654575\n|move|p2a: Necrozma|Photon Geyser|p1a: Groudon\n|-damage|p1a: Groudon|0 fnt\n|faint|p1a: Groudon\n|-weather|none\n|\n|upkeep\n|\n|t:|1700654578\n|switch|p1a: Arceus|Arceus, shiny|100\/100\n|turn|3\n|\n|t:|1700654586\n|switch|p2a: Kingambit|Kingambit, F, shiny|100\/100\n|move|p1a: Arceus|Extreme Speed|p2a: Kingambit\n|-resisted|p2a: Kingambit\n|-damage|p2a: Kingambit|88\/100\n|\n|upkeep\n|turn|4\n|\n|t:|1700654591\n|switch|p1a: Kyogre|Kyogre, shiny|100\/100\n|detailschange|p1a: Kyogre|Kyogre-Primal, shiny\n|-primal|p1a: Kyogre|Blue Orb\n|-weather|PrimordialSea|[from] ability: Primordial Sea|[of] p1a: Kyogre\n|move|p2a: Kingambit|Swords Dance|p2a: Kingambit\n|-boost|p2a: Kingambit|atk|2\n|\n|-weather|PrimordialSea|[upkeep]\n|upkeep\n|turn|5\n|\n|t:|1700654601\n|-end|p2a: Kingambit|fallenundefined|[silent]\n|switch|p2a: Ditto|Ditto, shiny|100\/100\n|-transform|p2a: Ditto|p1a: Kyogre|[from] ability: Imposter\n|move|p1a: Kyogre|Surf|p2a: Ditto\n|-resisted|p2a: Ditto\n|-damage|p2a: Ditto|63\/100\n|\n|-weather|PrimordialSea|[upkeep]\n|upkeep\n|turn|6\n|\n|t:|1700654604\n|move|p2a: Ditto|Thunder|p1a: Kyogre\n|-supereffective|p1a: Kyogre\n|-damage|p1a: Kyogre|38\/100\n|move|p1a: Kyogre|Thunder|p2a: Ditto\n|-supereffective|p2a: Ditto\n|-damage|p2a: Ditto|0 fnt\n|faint|p2a: Ditto\n|\n|-weather|PrimordialSea|[upkeep]\n|upkeep\n|\n|t:|1700654610\n|switch|p2a: Necrozma|Necrozma-Ultra|17\/100\n|turn|7\n|\n|t:|1700654613\n|-weather|none\n|switch|p1a: Arceus|Arceus, shiny|100\/100\n|move|p2a: Necrozma|Photon Geyser|p1a: Arceus\n|-damage|p1a: Arceus|65\/100\n|\n|upkeep\n|turn|8\n|\n|t:|1700654617\n|switch|p2a: Kingambit|Kingambit, F, shiny|88\/100\n|-activate|p2a: Kingambit|ability: Supreme Overlord\n|-start|p2a: Kingambit|fallen1|[silent]\n|move|p1a: Arceus|Extreme Speed|p2a: Kingambit\n|-resisted|p2a: Kingambit\n|-damage|p2a: Kingambit|75\/100\n|\n|upkeep\n|turn|9\n|\n|t:|1700654621\n|move|p2a: Kingambit|Swords Dance|p2a: Kingambit\n|-boost|p2a: Kingambit|atk|2\n|move|p1a: Arceus|Trick Room|p1a: Arceus\n|-fieldstart|move: Trick Room|[of] p1a: Arceus\n|\n|upkeep\n|turn|10\n|\n|t:|1700654626\n|move|p1a: Arceus|Extreme Speed|p2a: Kingambit\n|-resisted|p2a: Kingambit\n|-damage|p2a: Kingambit|63\/100\n|move|p2a: Kingambit|Knock Off|p1a: Arceus\n|-damage|p1a: Arceus|0 fnt\n|-enditem|p1a: Arceus|Chople Berry|[from] move: Knock Off|[of] p2a: Kingambit\n|faint|p1a: Arceus\n|\n|upkeep\n|\n|t:|1700654631\n|switch|p1a: Melmetal|Melmetal, shiny|100\/100\n|turn|11\n|\n|t:|1700654636\n|-end|p2a: Kingambit|fallen1|[silent]\n|switch|p2a: Dondozo|Dondozo, M|100\/100\n|-terastallize|p1a: Melmetal|Steel\n|move|p1a: Melmetal|Double Iron Bash|p2a: Dondozo\n|-resisted|p2a: Dondozo\n|-damage|p2a: Dondozo|79\/100\n|-resisted|p2a: Dondozo\n|-damage|p2a: Dondozo|61\/100\n|-hitcount|p2a: Dondozo|2\n|\n|-heal|p2a: Dondozo|67\/100|[from] item: Leftovers\n|upkeep\n|turn|12\n|\n|t:|1700654641\n|move|p1a: Melmetal|Double Iron Bash|p2a: Dondozo\n|-resisted|p2a: Dondozo\n|-damage|p2a: Dondozo|47\/100\n|-resisted|p2a: Dondozo\n|-damage|p2a: Dondozo|28\/100\n|-hitcount|p2a: Dondozo|2\n|cant|p2a: Dondozo|flinch\n|\n|-heal|p2a: Dondozo|34\/100|[from] item: Leftovers\n|upkeep\n|turn|13\n|\n|t:|1700654644\n|move|p1a: Melmetal|Double Iron Bash|p2a: Dondozo\n|-resisted|p2a: Dondozo\n|-damage|p2a: Dondozo|14\/100\n|-resisted|p2a: Dondozo\n|-damage|p2a: Dondozo|0 fnt\n|faint|p2a: Dondozo\n|-hitcount|p2: Dondozo|2\n|\n|-fieldend|move: Trick Room\n|upkeep\n|\n|t:|1700654648\n|switch|p2a: Arceus|Arceus-Ground|100\/100\n|turn|14\n|\n|t:|1700654652\n|switch|p1a: Cresselia|Cresselia, F, shiny|100\/100\n|move|p2a: Arceus|Taunt|p1a: Cresselia\n|-start|p1a: Cresselia|move: Taunt\n|-enditem|p1a: Cresselia|Mental Herb\n|-end|p1a: Cresselia|move: Taunt\n|\n|upkeep\n|turn|15\n|\n|t:|1700654657\n|switch|p1a: Hatterene|Hatterene, F, shiny|100\/100\n|move|p2a: Arceus|Judgment|p1a: Hatterene\n|-damage|p1a: Hatterene|51\/100\n|\n|upkeep\n|turn|16\n|\n|t:|1700654660\n|move|p2a: Arceus|Judgment|p1a: Hatterene\n|-damage|p1a: Hatterene|0 fnt\n|faint|p1a: Hatterene\n|\n|upkeep\n|\n|t:|1700654666\n|switch|p1a: Cresselia|Cresselia, F, shiny|100\/100\n|turn|17\n|\n|t:|1700654668\n|move|p2a: Arceus|Taunt|p1a: Cresselia\n|-start|p1a: Cresselia|move: Taunt\n|move|p1a: Cresselia|Ice Beam|p2a: Arceus\n|-supereffective|p2a: Arceus\n|-damage|p2a: Arceus|80\/100\n|\n|upkeep\n|turn|18\n|\n|t:|1700654672\n|move|p2a: Arceus|Toxic|p1a: Cresselia\n|-status|p1a: Cresselia|tox\n|move|p1a: Cresselia|Ice Beam|p2a: Arceus\n|-supereffective|p2a: Arceus\n|-damage|p2a: Arceus|60\/100\n|\n|-damage|p1a: Cresselia|94\/100 tox|[from] psn\n|upkeep\n|turn|19\n|\n|t:|1700654675\n|move|p2a: Arceus|Recover|p2a: Arceus\n|-heal|p2a: Arceus|100\/100\n|move|p1a: Cresselia|Ice Beam|p2a: Arceus\n|-supereffective|p2a: Arceus\n|-damage|p2a: Arceus|80\/100\n|\n|-damage|p1a: Cresselia|82\/100 tox|[from] psn\n|-end|p1a: Cresselia|move: Taunt\n|upkeep\n|turn|20\n|\n|t:|1700654679\n|move|p2a: Arceus|Taunt|p1a: Cresselia\n|-start|p1a: Cresselia|move: Taunt\n|cant|p1a: Cresselia|move: Taunt|Trick Room\n|\n|-damage|p1a: Cresselia|64\/100 tox|[from] psn\n|upkeep\n|turn|21\n|\n|t:|1700654682\n|switch|p1a: Melmetal|Melmetal, shiny, tera:Steel|100\/100\n|move|p2a: Arceus|Judgment|p1a: Melmetal\n|-supereffective|p1a: Melmetal\n|-damage|p1a: Melmetal|16\/100\n|\n|upkeep\n|turn|22\n|\n|t:|1700654684\n|move|p2a: Arceus|Judgment|p1a: Melmetal\n|-supereffective|p1a: Melmetal\n|-damage|p1a: Melmetal|0 fnt\n|faint|p1a: Melmetal\n|\n|upkeep\n|-message|joker76 forfeited.\n|\n|win|KurumiTokisakilove\n|raw|joker76's rating: 1634 &rarr; <strong>1627<\/strong><br \/>(-7 for losing)\n|raw|KurumiTokisakilove's rating: 1917 &rarr; <strong>1924<\/strong><br \/>(+7 for winning)\n|l|\u2606joker76\n|l|\u2606KurumiTokisakilove\n","uploadtime":1700654699,"views":0,"p1id":"joker76","p2id":"kurumitokisakilove","formatid":"gen9nationaldexubers","rating":1627,"private":0,"password":""}