{"id":"gen9nationaldexubers-1990541718","p1":"HeatInferno","p2":"85792195wwww","format":"[Gen 9] National Dex Ubers","log":"|j|\u2606HeatInferno\n|j|\u260685792195wwww\n|t:|1699979972\n|gametype|singles\n|player|p1|HeatInferno|steven|1530\n|player|p2|85792195wwww|mira|1674\n|teamsize|p1|6\n|teamsize|p2|6\n|gen|9\n|tier|[Gen 9] National Dex Ubers\n|rated|\n|rule|HP Percentage Mod: HP is shown in percentages\n|rule|Endless Battle Clause: Forcing endless battles is banned\n|rule|OHKO Clause: OHKO moves are banned\n|rule|Evasion Moves Clause: Evasion moves are banned\n|rule|Evasion Items Clause: Evasion items are banned\n|rule|Species Clause: Limit one of each Pok\u00e9mon\n|rule|Sleep Clause Mod: Limit one foe put to sleep\n|rule|Mega Rayquaza Clause: You cannot mega evolve Rayquaza\n|clearpoke\n|poke|p1|Ferrothorn, M|\n|poke|p1|Ho-Oh|\n|poke|p1|Lopunny, F|\n|poke|p1|Groudon|\n|poke|p1|Arceus|\n|poke|p1|Chi-Yu|\n|poke|p2|Zacian-*|\n|poke|p2|Arceus-Ground|\n|poke|p2|Deoxys-Speed|\n|poke|p2|Landorus, M|\n|poke|p2|Groudon|\n|poke|p2|Kyurem-Black|\n|teampreview\n|\n|t:|1699979977\n|start\n|switch|p1a: Chi-Yu|Chi-Yu|100\/100\n|switch|p2a: Deoxys|Deoxys-Speed|100\/100\n|-ability|p2a: Deoxys|Pressure\n|-ability|p1a: Chi-Yu|Beads of Ruin\n|turn|1\n|inactive|Battle timer is ON: inactive players will automatically lose when time's up. (requested by HeatInferno)\n|\n|t:|1699979986\n|move|p2a: Deoxys|Spikes|p1a: Chi-Yu\n|-sidestart|p1: HeatInferno|Spikes\n|move|p1a: Chi-Yu|Nasty Plot|p1a: Chi-Yu\n|-boost|p1a: Chi-Yu|spa|2\n|\n|upkeep\n|turn|2\n|\n|t:|1699979993\n|move|p2a: Deoxys|Spikes|p1a: Chi-Yu\n|-sidestart|p1: HeatInferno|Spikes\n|move|p1a: Chi-Yu|Dark Pulse|p2a: Deoxys\n|-supereffective|p2a: Deoxys\n|-enditem|p2a: Deoxys|Focus Sash\n|-damage|p2a: Deoxys|1\/100\n|\n|upkeep\n|turn|3\n|\n|t:|1699980001\n|move|p2a: Deoxys|Stealth Rock|p1a: Chi-Yu\n|-sidestart|p1: HeatInferno|move: Stealth Rock\n|move|p1a: Chi-Yu|Dark Pulse|p2a: Deoxys\n|-supereffective|p2a: Deoxys\n|-damage|p2a: Deoxys|0 fnt\n|faint|p2a: Deoxys\n|\n|upkeep\n|\n|t:|1699980009\n|switch|p2a: Arceus|Arceus-Ground|100\/100\n|turn|4\n|\n|t:|1699980016\n|-zpower|p1a: Chi-Yu\n|move|p1a: Chi-Yu|Inferno Overdrive|p2a: Arceus|[zeffect]\n|-damage|p2a: Arceus|0 fnt\n|faint|p2a: Arceus\n|\n|upkeep\n|\n|t:|1699980029\n|switch|p2a: Zacian|Zacian-Crowned|100\/100\n|-ability|p2a: Zacian|Intrepid Sword|boost\n|-boost|p2a: Zacian|atk|1\n|turn|5\n|\n|t:|1699980034\n|move|p2a: Zacian|Close Combat|p1a: Chi-Yu\n|-supereffective|p1a: Chi-Yu\n|-damage|p1a: Chi-Yu|0 fnt\n|-unboost|p2a: Zacian|def|1\n|-unboost|p2a: Zacian|spd|1\n|faint|p1a: Chi-Yu\n|\n|upkeep\n|\n|t:|1699980038\n|switch|p1a: Ho-Oh|Ho-Oh|100\/100\n|turn|6\n|\n|t:|1699980043\n|move|p2a: Zacian|Swords Dance|p2a: Zacian\n|-boost|p2a: Zacian|atk|2\n|move|p1a: Ho-Oh|Defog|p2a: Zacian\n|-unboost|p2a: Zacian|evasion|1\n|-sideend|p1: HeatInferno|Spikes|[from] move: Defog|[of] p1a: Ho-Oh\n|-sideend|p1: HeatInferno|Stealth Rock|[from] move: Defog|[of] p1a: Ho-Oh\n|\n|upkeep\n|turn|7\n|\n|t:|1699980051\n|move|p2a: Zacian|Wild Charge|p1a: Ho-Oh\n|-supereffective|p1a: Ho-Oh\n|-damage|p1a: Ho-Oh|0 fnt\n|faint|p1a: Ho-Oh\n|-damage|p2a: Zacian|68\/100|[from] Recoil\n|\n|upkeep\n|\n|t:|1699980054\n|switch|p1a: Groudon|Groudon|100\/100\n|detailschange|p1a: Groudon|Groudon-Primal\n|-primal|p1a: Groudon|Red Orb\n|-weather|DesolateLand|[from] ability: Desolate Land|[of] p1a: Groudon\n|turn|8\n|\n|t:|1699980063\n|-terastallize|p2a: Zacian|Fighting\n|move|p2a: Zacian|Close Combat|p1a: Groudon\n|-damage|p1a: Groudon|0 fnt\n|-unboost|p2a: Zacian|def|1\n|-unboost|p2a: Zacian|spd|1\n|faint|p1a: Groudon\n|-weather|none\n|\n|upkeep\n|\n|t:|1699980079\n|switch|p1a: Lopunny|Lopunny, F|100\/100\n|turn|9\n|\n|t:|1699980085\n|switch|p2a: Landorus|Landorus, M|100\/100\n|detailschange|p1a: Lopunny|Lopunny-Mega, F\n|-mega|p1a: Lopunny|Lopunny|Lopunnite\n|move|p1a: Lopunny|Fake Out|p2a: Landorus\n|-damage|p2a: Landorus|74\/100\n|\n|upkeep\n|turn|10\n|\n|t:|1699980093\n|move|p1a: Lopunny|Ice Punch|p2a: Landorus\n|-supereffective|p2a: Landorus\n|-damage|p2a: Landorus|0 fnt\n|faint|p2a: Landorus\n|\n|upkeep\n|\n|t:|1699980102\n|switch|p2a: Groudon|Groudon|100\/100\n|detailschange|p2a: Groudon|Groudon-Primal\n|-primal|p2a: Groudon|Red Orb\n|-weather|DesolateLand|[from] ability: Desolate Land|[of] p2a: Groudon\n|turn|11\n|\n|t:|1699980108\n|switch|p1a: Ferrothorn|Ferrothorn, M|100\/100\n|move|p2a: Groudon|Rock Polish|p2a: Groudon\n|-boost|p2a: Groudon|spe|2\n|\n|-weather|DesolateLand|[upkeep]\n|upkeep\n|turn|12\n|\n|t:|1699980116\n|move|p2a: Groudon|Heat Crash|p1a: Ferrothorn\n|-supereffective|p1a: Ferrothorn\n|-damage|p1a: Ferrothorn|0 fnt\n|-damage|p2a: Groudon|88\/100|[from] ability: Iron Barbs|[of] p1a: Ferrothorn\n|faint|p1a: Ferrothorn\n|\n|-weather|DesolateLand|[upkeep]\n|upkeep\n|\n|t:|1699980118\n|switch|p1a: Lopunny|Lopunny-Mega, F|100\/100\n|turn|13\n|\n|t:|1699980126\n|move|p1a: Lopunny|Fake Out|p2a: Groudon\n|-damage|p2a: Groudon|74\/100\n|cant|p2a: Groudon|flinch\n|\n|-weather|DesolateLand|[upkeep]\n|upkeep\n|turn|14\n|\n|t:|1699980132\n|move|p2a: Groudon|Swords Dance|p2a: Groudon\n|-boost|p2a: Groudon|atk|2\n|move|p1a: Lopunny|High Jump Kick|p2a: Groudon\n|-damage|p2a: Groudon|34\/100\n|\n|-weather|DesolateLand|[upkeep]\n|upkeep\n|turn|15\n|\n|t:|1699980138\n|move|p2a: Groudon|Heat Crash|p1a: Lopunny\n|-damage|p1a: Lopunny|0 fnt\n|faint|p1a: Lopunny\n|\n|-weather|DesolateLand|[upkeep]\n|upkeep\n|\n|t:|1699980141\n|switch|p1a: Arceus|Arceus|100\/100\n|turn|16\n|\n|t:|1699980146\n|-terastallize|p1a: Arceus|Normal\n|move|p1a: Arceus|Extreme Speed|p2a: Groudon\n|-damage|p2a: Groudon|0 fnt\n|faint|p2a: Groudon\n|-weather|none\n|\n|upkeep\n|\n|t:|1699980155\n|switch|p2a: Zacian|Zacian-Crowned, tera:Fighting|68\/100\n|turn|17\n|\n|t:|1699980159\n|move|p1a: Arceus|Extreme Speed|p2a: Zacian\n|-damage|p2a: Zacian|10\/100\n|move|p2a: Zacian|Close Combat|p1a: Arceus\n|-supereffective|p1a: Arceus\n|-damage|p1a: Arceus|14\/100\n|-unboost|p2a: Zacian|def|1\n|-unboost|p2a: Zacian|spd|1\n|\n|upkeep\n|turn|18\n|\n|t:|1699980169\n|move|p1a: Arceus|Extreme Speed|p2a: Zacian\n|-damage|p2a: Zacian|0 fnt\n|faint|p2a: Zacian\n|\n|upkeep\n|\n|t:|1699980175\n|switch|p2a: Kyurem|Kyurem-Black|100\/100\n|-ability|p2a: Kyurem|Teravolt\n|turn|19\n|\n|t:|1699980179\n|move|p1a: Arceus|Extreme Speed|p2a: Kyurem\n|-damage|p2a: Kyurem|50\/100\n|move|p2a: Kyurem|Icicle Spear|p1a: Arceus\n|-damage|p1a: Arceus|2\/100\n|-damage|p1a: Arceus|0 fnt\n|faint|p1a: Arceus\n|-hitcount|p1: Arceus|2\n|\n|win|85792195wwww\n|raw|HeatInferno's rating: 1530 &rarr; <strong>1518<\/strong><br \/>(-12 for losing)\n|raw|85792195wwww's rating: 1674 &rarr; <strong>1686<\/strong><br \/>(+12 for winning)\n|l|\u2606HeatInferno\n","uploadtime":1699980197,"views":7,"p1id":"heatinferno","p2id":"85792195wwww","formatid":"gen9nationaldexubers","rating":1518,"private":0,"password":""}