{"id":"gen9nationaldexubers-1995815405","p1":"Snorkle Porkle","p2":"JP13treinador","format":"[Gen 9] National Dex Ubers","log":"|j|\u2606Snorkle Porkle\n|j|\u2606JP13treinador\n|t:|1700605864\n|gametype|singles\n|player|p1|Snorkle Porkle|266|1104\n|player|p2|JP13treinador|blue|1075\n|teamsize|p1|6\n|teamsize|p2|6\n|gen|9\n|tier|[Gen 9] National Dex Ubers\n|rated|\n|rule|HP Percentage Mod: HP is shown in percentages\n|rule|Endless Battle Clause: Forcing endless battles is banned\n|rule|OHKO Clause: OHKO moves are banned\n|rule|Evasion Moves Clause: Evasion moves are banned\n|rule|Evasion Items Clause: Evasion items are banned\n|rule|Species Clause: Limit one of each Pok\u00e9mon\n|rule|Sleep Clause Mod: Limit one foe put to sleep\n|rule|Mega Rayquaza Clause: You cannot mega evolve Rayquaza\n|clearpoke\n|poke|p1|Drapion, F|\n|poke|p1|Talonflame, F|\n|poke|p1|Basculegion-F, F|\n|poke|p1|Garchomp, F|\n|poke|p1|Tapu Koko|\n|poke|p1|Metagross|\n|poke|p2|Greninja-*, M|\n|poke|p2|Blaziken, M|\n|poke|p2|Garchomp, M|\n|poke|p2|Wyrdeer, M|\n|poke|p2|Mimikyu, M|\n|poke|p2|Venusaur, M|\n|teampreview\n|inactive|Battle timer is ON: inactive players will automatically lose when time's up. (requested by JP13treinador)\n|\n|t:|1700605889\n|start\n|switch|p1a: 4 And 10|Tapu Koko, shiny|100\/100\n|switch|p2a: Mimikyu|Mimikyu, M|100\/100\n|-fieldstart|move: Electric Terrain|[from] ability: Electric Surge|[of] p1a: 4 And 10\n|turn|1\n|\n|t:|1700605917\n|switch|p2a: Venusaur|Venusaur, M|100\/100\n|move|p1a: 4 And 10|Dazzling Gleam|p2a: Venusaur\n|-resisted|p2a: Venusaur\n|-crit|p2a: Venusaur\n|-damage|p2a: Venusaur|75\/100\n|\n|-heal|p2a: Venusaur|81\/100|[from] item: Leftovers\n|upkeep\n|turn|2\n|\n|t:|1700605926\n|move|p1a: 4 And 10|U-turn|p2a: Venusaur\n|-damage|p2a: Venusaur|62\/100\n|\n|t:|1700605941\n|switch|p1a: The Brave Bird|Talonflame, F|100\/100|[from] U-turn\n|move|p2a: Venusaur|Sunny Day|p2a: Venusaur\n|-weather|SunnyDay\n|\n|-weather|SunnyDay|[upkeep]\n|-heal|p2a: Venusaur|68\/100|[from] item: Leftovers\n|upkeep\n|turn|3\n|\n|t:|1700605962\n|switch|p2a: Wyrdeer|Wyrdeer, M|100\/100\n|-ability|p2a: Wyrdeer|Intimidate|boost\n|-unboost|p1a: The Brave Bird|atk|1\n|move|p1a: The Brave Bird|Flamethrower|p2a: Wyrdeer\n|-damage|p2a: Wyrdeer|51\/100\n|\n|-weather|SunnyDay|[upkeep]\n|upkeep\n|turn|4\n|\n|t:|1700605973\n|move|p1a: The Brave Bird|Flamethrower|p2a: Wyrdeer\n|-damage|p2a: Wyrdeer|0 fnt\n|faint|p2a: Wyrdeer\n|\n|-weather|SunnyDay|[upkeep]\n|upkeep\n|\n|t:|1700605979\n|switch|p2a: Garchomp|Garchomp, M|100\/100\n|turn|5\n|\n|t:|1700606002\n|switch|p1a: 4 And 10|Tapu Koko, shiny|100\/100\n|move|p2a: Garchomp|Swords Dance|p2a: Garchomp\n|-boost|p2a: Garchomp|atk|2\n|\n|-weather|SunnyDay|[upkeep]\n|-fieldend|move: Electric Terrain\n|upkeep\n|turn|6\n|\n|t:|1700606009\n|-terastallize|p2a: Garchomp|Steel\n|move|p1a: 4 And 10|Dazzling Gleam|p2a: Garchomp\n|-resisted|p2a: Garchomp\n|-damage|p2a: Garchomp|82\/100\n|cant|p2a: Garchomp|flinch\n|\n|-weather|none\n|upkeep\n|turn|7\n|inactive|Snorkle Porkle has 120 seconds left.\n|\n|t:|1700606031\n|move|p1a: 4 And 10|U-turn|p2a: Garchomp\n|-resisted|p2a: Garchomp\n|-damage|p2a: Garchomp|74\/100\n|-damage|p1a: 4 And 10|88\/100|[from] ability: Rough Skin|[of] p2a: Garchomp\n|inactive|Snorkle Porkle has 120 seconds left.\n|\n|t:|1700606038\n|switch|p1a: The Brave Bird|Talonflame, F|100\/100|[from] U-turn\n|move|p2a: Garchomp|Earthquake|p1a: The Brave Bird\n|-immune|p1a: The Brave Bird\n|\n|upkeep\n|turn|8\n|\n|t:|1700606052\n|switch|p2a: Blaziken|Blaziken, M|100\/100\n|move|p1a: The Brave Bird|Flamethrower|p2a: Blaziken\n|-resisted|p2a: Blaziken\n|-damage|p2a: Blaziken|81\/100\n|\n|upkeep\n|turn|9\n|\n|t:|1700606059\n|move|p2a: Blaziken|Protect|p2a: Blaziken\n|-singleturn|p2a: Blaziken|Protect\n|move|p1a: The Brave Bird|Air Slash|p2a: Blaziken\n|-activate|p2a: Blaziken|move: Protect\n|\n|-ability|p2a: Blaziken|Speed Boost|boost\n|-boost|p2a: Blaziken|spe|1\n|upkeep\n|turn|10\n|\n|t:|1700606067\n|detailschange|p2a: Blaziken|Blaziken-Mega, M\n|-mega|p2a: Blaziken|Blaziken|Blazikenite\n|move|p1a: The Brave Bird|Air Slash|p2a: Blaziken\n|-supereffective|p2a: Blaziken\n|-damage|p2a: Blaziken|16\/100\n|move|p2a: Blaziken|Thunder Punch|p1a: The Brave Bird\n|-supereffective|p1a: The Brave Bird\n|-damage|p1a: The Brave Bird|34\/100\n|\n|-ability|p2a: Blaziken|Speed Boost|boost\n|-boost|p2a: Blaziken|spe|1\n|upkeep\n|turn|11\n|\n|t:|1700606089\n|switch|p1a: Buried Treasure|Metagross, shiny|100\/100\n|move|p2a: Blaziken|Thunder Punch|p1a: Buried Treasure\n|-damage|p1a: Buried Treasure|77\/100\n|\n|-ability|p2a: Blaziken|Speed Boost|boost\n|-boost|p2a: Blaziken|spe|1\n|upkeep\n|turn|12\n|\n|t:|1700606098\n|switch|p1a: AQUA...Woman?|Basculegion-F, F, shiny|100\/100\n|move|p2a: Blaziken|Fire Punch|p1a: AQUA...Woman?\n|-resisted|p1a: AQUA...Woman?\n|-damage|p1a: AQUA...Woman?|81\/100\n|\n|-ability|p2a: Blaziken|Speed Boost|boost\n|-boost|p2a: Blaziken|spe|1\n|upkeep\n|turn|13\n|\n|t:|1700606106\n|move|p1a: AQUA...Woman?|Aqua Jet|p2a: Blaziken\n|-supereffective|p2a: Blaziken\n|-damage|p2a: Blaziken|0 fnt\n|faint|p2a: Blaziken\n|\n|upkeep\n|\n|t:|1700606111\n|switch|p2a: Venusaur|Venusaur, M|68\/100\n|turn|14\n|\n|t:|1700606135\n|switch|p1a: Buried Treasure|Metagross, shiny|77\/100\n|move|p2a: Venusaur|Sunny Day|p2a: Venusaur\n|-weather|SunnyDay\n|\n|-weather|SunnyDay|[upkeep]\n|-heal|p2a: Venusaur|74\/100|[from] item: Leftovers\n|upkeep\n|turn|15\n|\n|t:|1700606143\n|move|p2a: Venusaur|Giga Drain|p1a: Buried Treasure\n|-resisted|p1a: Buried Treasure\n|-damage|p1a: Buried Treasure|68\/100\n|-heal|p2a: Venusaur|79\/100|[from] drain|[of] p1a: Buried Treasure\n|move|p1a: Buried Treasure|Earthquake|p2a: Venusaur\n|-damage|p2a: Venusaur|47\/100\n|\n|-weather|SunnyDay|[upkeep]\n|-heal|p2a: Venusaur|53\/100|[from] item: Leftovers\n|upkeep\n|turn|16\n|\n|t:|1700606159\n|move|p2a: Venusaur|Giga Drain|p1a: Buried Treasure\n|-resisted|p1a: Buried Treasure\n|-damage|p1a: Buried Treasure|59\/100\n|-heal|p2a: Venusaur|57\/100|[from] drain|[of] p1a: Buried Treasure\n|move|p1a: Buried Treasure|Meteor Mash|p2a: Venusaur\n|-damage|p2a: Venusaur|11\/100\n|\n|-weather|SunnyDay|[upkeep]\n|-heal|p2a: Venusaur|17\/100|[from] item: Leftovers\n|upkeep\n|turn|17\n|\n|t:|1700606168\n|move|p2a: Venusaur|Giga Drain|p1a: Buried Treasure\n|-resisted|p1a: Buried Treasure\n|-damage|p1a: Buried Treasure|50\/100\n|-heal|p2a: Venusaur|21\/100|[from] drain|[of] p1a: Buried Treasure\n|move|p1a: Buried Treasure|Meteor Mash|p2a: Venusaur\n|-damage|p2a: Venusaur|0 fnt\n|faint|p2a: Venusaur\n|\n|-weather|SunnyDay|[upkeep]\n|upkeep\n|\n|t:|1700606170\n|switch|p2a: Greninja|Greninja, M|100\/100\n|turn|18\n|\n|t:|1700606190\n|switch|p1a: The Brave Bird|Talonflame, F|34\/100\n|move|p2a: Greninja|Dark Pulse|p1a: The Brave Bird\n|-damage|p1a: The Brave Bird|0 fnt\n|faint|p1a: The Brave Bird\n|-ability|p2a: Greninja|Battle Bond|boost\n|-boost|p2a: Greninja|atk|1\n|-boost|p2a: Greninja|spa|1\n|-boost|p2a: Greninja|spe|1\n|-activate|p2a: Greninja|ability: Battle Bond\n|\n|-weather|none\n|upkeep\n|\n|t:|1700606206\n|switch|p1a: 4 And 10|Tapu Koko, shiny|88\/100\n|-fieldstart|move: Electric Terrain|[from] ability: Electric Surge|[of] p1a: 4 And 10\n|turn|19\n|\n|t:|1700606216\n|switch|p2a: Garchomp|Garchomp, M, tera:Steel|74\/100\n|move|p1a: 4 And 10|Thunderbolt|p2a: Garchomp\n|-damage|p2a: Garchomp|18\/100\n|\n|upkeep\n|turn|20\n|\n|t:|1700606227\n|move|p1a: 4 And 10|Thunderbolt|p2a: Garchomp\n|-damage|p2a: Garchomp|0 fnt\n|faint|p2a: Garchomp\n|\n|upkeep\n|-message|JP13treinador forfeited.\n|\n|win|Snorkle Porkle\n|raw|Snorkle Porkle's rating: 1104 &rarr; <strong>1127<\/strong><br \/>(+23 for winning)\n|raw|JP13treinador's rating: 1075 &rarr; <strong>1056<\/strong><br \/>(-19 for losing)\n|l|\u2606JP13treinador\n","uploadtime":1700606239,"views":1,"p1id":"snorkleporkle","p2id":"jp13treinador","formatid":"gen9nationaldexubers","rating":1056,"private":0,"password":""}