{"id":"gen9nationaldexubers-1992096374","p1":"MARCEGO","p2":"bohemiantoe","format":"[Gen 9] National Dex Ubers","log":"|j|\u2606MARCEGO\n|j|\u2606bohemiantoe\n|t:|1700154770\n|gametype|singles\n|player|p1|MARCEGO|102|1133\n|player|p2|bohemiantoe|guitarist|1000\n|teamsize|p1|6\n|teamsize|p2|6\n|gen|9\n|tier|[Gen 9] National Dex Ubers\n|rated|\n|rule|HP Percentage Mod: HP is shown in percentages\n|rule|Endless Battle Clause: Forcing endless battles is banned\n|rule|OHKO Clause: OHKO moves are banned\n|rule|Evasion Moves Clause: Evasion moves are banned\n|rule|Evasion Items Clause: Evasion items are banned\n|rule|Species Clause: Limit one of each Pok\u00e9mon\n|rule|Sleep Clause Mod: Limit one foe put to sleep\n|rule|Mega Rayquaza Clause: You cannot mega evolve Rayquaza\n|clearpoke\n|poke|p1|Aegislash, M|\n|poke|p1|Blaziken, M|\n|poke|p1|Alakazam, M|\n|poke|p1|Greninja-*, M|\n|poke|p1|Salamence, M|\n|poke|p1|Jolteon, M|\n|poke|p2|Grimmsnarl, M|\n|poke|p2|Mew|\n|poke|p2|Magearna|\n|poke|p2|Zygarde|\n|poke|p2|Hawlucha, F|\n|poke|p2|Blastoise, M|\n|teampreview\n|\n|t:|1700154791\n|start\n|switch|p1a: The best Dragon|Salamence, M|100\/100\n|switch|p2a: Grimmsnarl|Grimmsnarl, M|100\/100\n|turn|1\n|\n|t:|1700154803\n|move|p2a: Grimmsnarl|Reflect|p2a: Grimmsnarl\n|-sidestart|p2: bohemiantoe|Reflect\n|move|p1a: The best Dragon|Dragon Dance|p1a: The best Dragon\n|-boost|p1a: The best Dragon|atk|1\n|-boost|p1a: The best Dragon|spe|1\n|\n|upkeep\n|turn|2\n|\n|t:|1700154814\n|move|p2a: Grimmsnarl|Light Screen|p2a: Grimmsnarl\n|-sidestart|p2: bohemiantoe|move: Light Screen\n|move|p1a: The best Dragon|Earthquake|p2a: Grimmsnarl\n|-damage|p2a: Grimmsnarl|74\/100\n|\n|upkeep\n|turn|3\n|\n|t:|1700154829\n|switch|p2a: Mew|Mew|100\/100\n|move|p1a: The best Dragon|Dragon Dance|p1a: The best Dragon\n|-boost|p1a: The best Dragon|atk|1\n|-boost|p1a: The best Dragon|spe|1\n|\n|upkeep\n|turn|4\n|\n|t:|1700154840\n|move|p1a: The best Dragon|Dragon Claw|p2a: Mew\n|-crit|p2a: Mew\n|-damage|p2a: Mew|0 fnt\n|faint|p2a: Mew\n|-ability|p1a: The best Dragon|Moxie|boost\n|-boost|p1a: The best Dragon|atk|1\n|\n|upkeep\n|\n|t:|1700154847\n|switch|p2a: Magearna|Magearna|100\/100\n|turn|5\n|\n|t:|1700154854\n|move|p1a: The best Dragon|Fire Fang|p2a: Magearna\n|-supereffective|p2a: Magearna\n|-damage|p2a: Magearna|46\/100\n|-status|p2a: Magearna|brn\n|move|p2a: Magearna|Shift Gear|p2a: Magearna\n|-boost|p2a: Magearna|spe|2\n|-boost|p2a: Magearna|atk|1\n|\n|-damage|p2a: Magearna|40\/100 brn|[from] brn\n|upkeep\n|turn|6\n|\n|t:|1700154865\n|move|p1a: The best Dragon|Fire Fang|p2a: Magearna\n|-supereffective|p2a: Magearna\n|-damage|p2a: Magearna|0 fnt\n|faint|p2a: Magearna\n|-ability|p1a: The best Dragon|Moxie|boost\n|-boost|p1a: The best Dragon|atk|1\n|\n|upkeep\n|\n|t:|1700154872\n|switch|p2a: Zygarde|Zygarde|100\/100\n|-ability|p2a: Zygarde|Aura Break\n|turn|7\n|\n|t:|1700154883\n|move|p1a: The best Dragon|Dragon Claw|p2a: Zygarde\n|-supereffective|p2a: Zygarde\n|-damage|p2a: Zygarde|8\/100\n|move|p2a: Zygarde|Dragon Dance|p2a: Zygarde\n|-boost|p2a: Zygarde|atk|1\n|-boost|p2a: Zygarde|spe|1\n|\n|-heal|p2a: Zygarde|14\/100|[from] item: Leftovers\n|upkeep\n|turn|8\n|\n|t:|1700154894\n|move|p1a: The best Dragon|Dragon Claw|p2a: Zygarde\n|-supereffective|p2a: Zygarde\n|-damage|p2a: Zygarde|0 fnt\n|faint|p2a: Zygarde\n|-ability|p1a: The best Dragon|Moxie|boost\n|-boost|p1a: The best Dragon|atk|1\n|\n|-sideend|p2: bohemiantoe|Reflect\n|upkeep\n|\n|t:|1700154901\n|switch|p2a: Hawlucha|Hawlucha, F|100\/100\n|turn|9\n|\n|t:|1700154909\n|move|p1a: The best Dragon|Dragon Claw|p2a: Hawlucha\n|-damage|p2a: Hawlucha|0 fnt\n|faint|p2a: Hawlucha\n|-ability|p1a: The best Dragon|Moxie|boost\n|-boost|p1a: The best Dragon|atk|1\n|\n|-sideend|p2: bohemiantoe|move: Light Screen\n|upkeep\n|\n|t:|1700154919\n|switch|p2a: Blastoise|Blastoise, M|100\/100\n|turn|10\n|\n|t:|1700154924\n|move|p1a: The best Dragon|Dragon Claw|p2a: Blastoise\n|-damage|p2a: Blastoise|0 fnt\n|faint|p2a: Blastoise\n|\n|upkeep\n|\n|t:|1700154929\n|switch|p2a: Grimmsnarl|Grimmsnarl, M|74\/100\n|turn|11\n|\n|t:|1700154934\n|move|p2a: Grimmsnarl|Taunt|p1a: The best Dragon\n|-start|p1a: The best Dragon|move: Taunt\n|move|p1a: The best Dragon|Earthquake|p2a: Grimmsnarl\n|-crit|p2a: Grimmsnarl\n|-damage|p2a: Grimmsnarl|0 fnt\n|faint|p2a: Grimmsnarl\n|\n|win|MARCEGO\n|raw|MARCEGO's rating: 1133 &rarr; <strong>1149<\/strong><br \/>(+16 for winning)\n|raw|bohemiantoe's rating: 1000 &rarr; <strong>1000<\/strong><br \/>(+0 for losing)\n|l|\u2606bohemiantoe\n","uploadtime":1700154961,"views":14,"p1id":"marcego","p2id":"bohemiantoe","formatid":"gen9nationaldexubers","rating":1000,"private":0,"password":""}