{"id":"gen9nationaldexubers-1987410554","p1":"magnetic north","p2":"AERO-M0DE\u2b06\ufe0f","format":"[Gen 9] National Dex Ubers","log":"|j|\u2606magnetic north\n|j|\u2606AERO-M0DE\u2b06\ufe0f\n|t:|1699587755\n|gametype|singles\n|player|p1|magnetic north|swimmer-gen4|1001\n|player|p2|AERO-M0DE\u2b06\ufe0f|winona-gen6|1000\n|teamsize|p1|6\n|teamsize|p2|6\n|gen|9\n|tier|[Gen 9] National Dex Ubers\n|rated|\n|rule|HP Percentage Mod: HP is shown in percentages\n|rule|Endless Battle Clause: Forcing endless battles is banned\n|rule|OHKO Clause: OHKO moves are banned\n|rule|Evasion Moves Clause: Evasion moves are banned\n|rule|Evasion Items Clause: Evasion items are banned\n|rule|Species Clause: Limit one of each Pok\u00e9mon\n|rule|Sleep Clause Mod: Limit one foe put to sleep\n|rule|Mega Rayquaza Clause: You cannot mega evolve Rayquaza\n|clearpoke\n|poke|p1|Sharpedo, M|\n|poke|p1|Garchomp, M|\n|poke|p1|Tyrantrum, M|\n|poke|p1|Exploud, F|\n|poke|p1|Golem-Alola, M|\n|poke|p1|Scizor, M|\n|poke|p2|Pidgeot, F|\n|poke|p2|Tornadus-Therian, M|\n|poke|p2|Swellow, F|\n|poke|p2|Staraptor, M|\n|poke|p2|Kilowattrel, M|\n|poke|p2|Pelipper, M|\n|teampreview\n|inactive|Battle timer is ON: inactive players will automatically lose when time's up. (requested by magnetic north)\n|\n|t:|1699587781\n|start\n|switch|p1a: POCKET SAND|Golem-Alola, M, shiny|100\/100\n|switch|p2a: \ud83c\udf2cPELLIPPER\ud83c\udf2a|Pelipper, M|100\/100\n|-weather|RainDance|[from] ability: Drizzle|[of] p2a: \ud83c\udf2cPELLIPPER\ud83c\udf2a\n|turn|1\n|\n|t:|1699587791\n|move|p1a: POCKET SAND|Electric Terrain|p1a: POCKET SAND\n|-fieldstart|move: Electric Terrain\n|move|p2a: \ud83c\udf2cPELLIPPER\ud83c\udf2a|U-turn|p1a: POCKET SAND\n|-damage|p1a: POCKET SAND|93\/100\n|\n|t:|1699587806\n|switch|p2a: \ud83c\udf2cSTARAPTOR\ud83c\udf2a\ud83c\udf2a|Staraptor, M|100\/100|[from] U-turn\n|\n|-weather|RainDance|[upkeep]\n|upkeep\n|turn|2\n|\n|t:|1699587814\n|move|p2a: \ud83c\udf2cSTARAPTOR\ud83c\udf2a\ud83c\udf2a|Close Combat|p1a: POCKET SAND\n|-supereffective|p1a: POCKET SAND\n|-damage|p1a: POCKET SAND|18\/100\n|-unboost|p2a: \ud83c\udf2cSTARAPTOR\ud83c\udf2a\ud83c\udf2a|def|1\n|-unboost|p2a: \ud83c\udf2cSTARAPTOR\ud83c\udf2a\ud83c\udf2a|spd|1\n|-enditem|p1a: POCKET SAND|Salac Berry|[eat]\n|-boost|p1a: POCKET SAND|spe|1|[from] item: Salac Berry\n|move|p1a: POCKET SAND|Counter|p2a: \ud83c\udf2cSTARAPTOR\ud83c\udf2a\ud83c\udf2a\n|-damage|p2a: \ud83c\udf2cSTARAPTOR\ud83c\udf2a\ud83c\udf2a|0 fnt\n|faint|p2a: \ud83c\udf2cSTARAPTOR\ud83c\udf2a\ud83c\udf2a\n|\n|-weather|RainDance|[upkeep]\n|upkeep\n|inactive|AERO-M0DE\u2b06\ufe0f has 120 seconds left.\n|\n|t:|1699587846\n|switch|p2a: \ud83c\udf2cPIDGEOT\ud83c\udf2a\ud83c\udf2a|Pidgeot, F, shiny|100\/100\n|turn|3\n|\n|t:|1699587860\n|detailschange|p2a: \ud83c\udf2cPIDGEOT\ud83c\udf2a\ud83c\udf2a|Pidgeot-Mega, F, shiny\n|-mega|p2a: \ud83c\udf2cPIDGEOT\ud83c\udf2a\ud83c\udf2a|Pidgeot|Pidgeotite\n|move|p2a: \ud83c\udf2cPIDGEOT\ud83c\udf2a\ud83c\udf2a|Hurricane|p1a: POCKET SAND\n|-resisted|p1a: POCKET SAND\n|-crit|p1a: POCKET SAND\n|-damage|p1a: POCKET SAND|0 fnt\n|faint|p1a: POCKET SAND\n|\n|-weather|RainDance|[upkeep]\n|upkeep\n|\n|t:|1699587869\n|switch|p1a: Exploud|Exploud, F, shiny|100\/100\n|turn|4\n|\n|t:|1699587874\n|move|p2a: \ud83c\udf2cPIDGEOT\ud83c\udf2a\ud83c\udf2a|Hurricane|p1a: Exploud\n|-damage|p1a: Exploud|44\/100\n|move|p1a: Exploud|Ice Beam|p2a: \ud83c\udf2cPIDGEOT\ud83c\udf2a\ud83c\udf2a\n|-supereffective|p2a: \ud83c\udf2cPIDGEOT\ud83c\udf2a\ud83c\udf2a\n|-damage|p2a: \ud83c\udf2cPIDGEOT\ud83c\udf2a\ud83c\udf2a|29\/100\n|\n|-weather|RainDance|[upkeep]\n|upkeep\n|turn|5\n|\n|t:|1699587890\n|move|p2a: \ud83c\udf2cPIDGEOT\ud83c\udf2a\ud83c\udf2a|Hurricane|p1a: Exploud\n|-damage|p1a: Exploud|0 fnt\n|faint|p1a: Exploud\n|\n|-weather|RainDance|[upkeep]\n|-fieldend|move: Electric Terrain\n|upkeep\n|\n|t:|1699587897\n|switch|p1a: Scizor|Scizor, M|100\/100\n|turn|6\n|\n|t:|1699587911\n|detailschange|p1a: Scizor|Scizor-Mega, M\n|-mega|p1a: Scizor|Scizor|Scizorite\n|move|p1a: Scizor|Bullet Punch|p2a: \ud83c\udf2cPIDGEOT\ud83c\udf2a\ud83c\udf2a\n|-damage|p2a: \ud83c\udf2cPIDGEOT\ud83c\udf2a\ud83c\udf2a|0 fnt\n|faint|p2a: \ud83c\udf2cPIDGEOT\ud83c\udf2a\ud83c\udf2a\n|\n|-weather|RainDance|[upkeep]\n|upkeep\n|\n|t:|1699587918\n|switch|p2a: \ud83c\udf2cKILOWATTREL\ud83c\udf2a\u26a1\ufe0f|Kilowattrel, M, shiny|100\/100\n|turn|7\n|\n|t:|1699587924\n|switch|p1a: Garchomp|Garchomp, M, shiny|100\/100\n|move|p2a: \ud83c\udf2cKILOWATTREL\ud83c\udf2a\u26a1\ufe0f|Thunder|p1a: Garchomp\n|-immune|p1a: Garchomp\n|\n|-weather|RainDance|[upkeep]\n|upkeep\n|turn|8\n|\n|t:|1699587938\n|switch|p1a: Tyrantrum|Tyrantrum, M, shiny|100\/100\n|-zpower|p2a: \ud83c\udf2cKILOWATTREL\ud83c\udf2a\u26a1\ufe0f\n|move|p2a: \ud83c\udf2cKILOWATTREL\ud83c\udf2a\u26a1\ufe0f|Supersonic Skystrike|p1a: Tyrantrum|[zeffect]\n|-resisted|p1a: Tyrantrum\n|-damage|p1a: Tyrantrum|32\/100\n|\n|-weather|none\n|upkeep\n|turn|9\n|\n|t:|1699587952\n|move|p2a: \ud83c\udf2cKILOWATTREL\ud83c\udf2a\u26a1\ufe0f|Hurricane|p1a: Tyrantrum\n|-resisted|p1a: Tyrantrum\n|-damage|p1a: Tyrantrum|0 fnt\n|faint|p1a: Tyrantrum\n|\n|upkeep\n|\n|t:|1699587957\n|switch|p1a: Sharpedo|Sharpedo, M, shiny|100\/100\n|turn|10\n|\n|t:|1699587965\n|move|p1a: Sharpedo|Protect|p1a: Sharpedo\n|-singleturn|p1a: Sharpedo|Protect\n|move|p2a: \ud83c\udf2cKILOWATTREL\ud83c\udf2a\u26a1\ufe0f|Thunder|p1a: Sharpedo\n|-activate|p1a: Sharpedo|move: Protect\n|\n|-ability|p1a: Sharpedo|Speed Boost|boost\n|-boost|p1a: Sharpedo|spe|1\n|upkeep\n|turn|11\n|\n|t:|1699587974\n|move|p1a: Sharpedo|Destiny Bond|p1a: Sharpedo\n|-singlemove|p1a: Sharpedo|Destiny Bond\n|move|p2a: \ud83c\udf2cKILOWATTREL\ud83c\udf2a\u26a1\ufe0f|Thunder|p1a: Sharpedo\n|-supereffective|p1a: Sharpedo\n|-enditem|p1a: Sharpedo|Focus Sash\n|-damage|p1a: Sharpedo|1\/100\n|\n|-ability|p1a: Sharpedo|Speed Boost|boost\n|-boost|p1a: Sharpedo|spe|1\n|upkeep\n|turn|12\n|\n|t:|1699587987\n|switch|p2a: \ud83c\udf2cPELLIPPER\ud83c\udf2a|Pelipper, M|100\/100\n|-weather|RainDance|[from] ability: Drizzle|[of] p2a: \ud83c\udf2cPELLIPPER\ud83c\udf2a\n|move|p1a: Sharpedo|Protect||[still]\n|-fail|p1a: Sharpedo\n|\n|-weather|RainDance|[upkeep]\n|-ability|p1a: Sharpedo|Speed Boost|boost\n|-boost|p1a: Sharpedo|spe|1\n|upkeep\n|turn|13\n|c|\u2606magnetic north|dude\n|\n|t:|1699587999\n|move|p1a: Sharpedo|Toxic|p2a: \ud83c\udf2cPELLIPPER\ud83c\udf2a\n|-status|p2a: \ud83c\udf2cPELLIPPER\ud83c\udf2a|tox\n|move|p2a: \ud83c\udf2cPELLIPPER\ud83c\udf2a|U-turn|p1a: Sharpedo\n|-supereffective|p1a: Sharpedo\n|-damage|p1a: Sharpedo|0 fnt\n|faint|p1a: Sharpedo\n|\n|t:|1699588012\n|switch|p2a: \ud83c\udf2cKILOWATTREL\ud83c\udf2a\u26a1\ufe0f|Kilowattrel, M, shiny|100\/100|[from] U-turn\n|\n|-weather|RainDance|[upkeep]\n|upkeep\n|\n|t:|1699588017\n|switch|p1a: Garchomp|Garchomp, M, shiny|100\/100\n|turn|14\n|\n|t:|1699588028\n|move|p2a: \ud83c\udf2cKILOWATTREL\ud83c\udf2a\u26a1\ufe0f|Hurricane|p1a: Garchomp\n|-damage|p1a: Garchomp|73\/100\n|move|p1a: Garchomp|Dual Chop|p2a: \ud83c\udf2cKILOWATTREL\ud83c\udf2a\u26a1\ufe0f\n|-damage|p2a: \ud83c\udf2cKILOWATTREL\ud83c\udf2a\u26a1\ufe0f|63\/100\n|-damage|p2a: \ud83c\udf2cKILOWATTREL\ud83c\udf2a\u26a1\ufe0f|26\/100\n|-hitcount|p2a: \ud83c\udf2cKILOWATTREL\ud83c\udf2a\u26a1\ufe0f|2\n|\n|-weather|RainDance|[upkeep]\n|upkeep\n|turn|15\n|\n|t:|1699588046\n|move|p2a: \ud83c\udf2cKILOWATTREL\ud83c\udf2a\u26a1\ufe0f|Hurricane|p1a: Garchomp\n|-damage|p1a: Garchomp|45\/100\n|move|p1a: Garchomp|Dual Chop|p2a: \ud83c\udf2cKILOWATTREL\ud83c\udf2a\u26a1\ufe0f\n|-damage|p2a: \ud83c\udf2cKILOWATTREL\ud83c\udf2a\u26a1\ufe0f|0 fnt\n|faint|p2a: \ud83c\udf2cKILOWATTREL\ud83c\udf2a\u26a1\ufe0f\n|-hitcount|p2: \ud83c\udf2cKILOWATTREL\ud83c\udf2a\u26a1\ufe0f|1\n|\n|-weather|RainDance|[upkeep]\n|upkeep\n|\n|t:|1699588056\n|switch|p2a: \ud83c\udf2cTORNADUS\ud83c\udf2a\ud83c\udf2a|Tornadus-Therian, M, shiny|100\/100\n|turn|16\n|\n|t:|1699588069\n|-terastallize|p2a: \ud83c\udf2cTORNADUS\ud83c\udf2a\ud83c\udf2a|Flying\n|move|p2a: \ud83c\udf2cTORNADUS\ud83c\udf2a\ud83c\udf2a|Hurricane|p1a: Garchomp\n|-damage|p1a: Garchomp|0 fnt\n|faint|p1a: Garchomp\n|\n|-weather|RainDance|[upkeep]\n|upkeep\n|\n|t:|1699588076\n|switch|p1a: Scizor|Scizor-Mega, M|100\/100\n|turn|17\n|\n|t:|1699588080\n|move|p2a: \ud83c\udf2cTORNADUS\ud83c\udf2a\ud83c\udf2a|Hurricane|p1a: Scizor\n|-damage|p1a: Scizor|0 fnt\n|faint|p1a: Scizor\n|\n|win|AERO-M0DE\u2b06\ufe0f\n|raw|magnetic north's rating: 1001 &rarr; <strong>1000<\/strong><br \/>(-1 for losing)\n|raw|AERO-M0DE\u2b06\ufe0f's rating: 1000 &rarr; <strong>1040<\/strong><br \/>(+40 for winning)\n|l|\u2606magnetic north\n|n|\u2606AERO-M0DE\u2b06\ufe0f|aerom0de\n","uploadtime":1699588110,"views":4,"p1id":"magneticnorth","p2id":"aerom0de","formatid":"gen9nationaldexubers","rating":1000,"private":0,"password":""}