{"id":"gen9nationaldexubers-1984225553","p1":"C-Rad1","p2":"plusonedex","format":"[Gen 9] National Dex Ubers","log":"|j|\u2606C-Rad1\n|j|\u2606plusonedex\n|t:|1699232267\n|gametype|singles\n|player|p1|C-Rad1|nemona-s|\n|player|p2|plusonedex|sabrina|\n|teamsize|p1|6\n|teamsize|p2|6\n|gen|9\n|tier|[Gen 9] National Dex Ubers\n|rule|HP Percentage Mod: HP is shown in percentages\n|rule|Endless Battle Clause: Forcing endless battles is banned\n|rule|OHKO Clause: OHKO moves are banned\n|rule|Evasion Moves Clause: Evasion moves are banned\n|rule|Evasion Items Clause: Evasion items are banned\n|rule|Species Clause: Limit one of each Pok\u00e9mon\n|rule|Sleep Clause Mod: Limit one foe put to sleep\n|rule|Mega Rayquaza Clause: You cannot mega evolve Rayquaza\n|clearpoke\n|poke|p1|Mew|\n|poke|p1|Camerupt, F|\n|poke|p1|Milotic, M|\n|poke|p1|Corviknight, F|\n|poke|p1|Jolteon, M|\n|poke|p1|Grimmsnarl, M|\n|poke|p2|Toxapex, F|\n|poke|p2|Ferrothorn, F|\n|poke|p2|Iron Hands|\n|poke|p2|Blacephalon|\n|poke|p2|Flygon, F|\n|poke|p2|Leavanny, F|\n|teampreview\n|c|\u2606C-Rad1|glhf!\n|c|\u2606plusonedex|glhf\n|c|\u2606plusonedex|>:3\n|\n|t:|1699232316\n|start\n|switch|p1a: Grimmsnarl|Grimmsnarl, M|100\/100\n|switch|p2a: Umber Ox|Leavanny, F, shiny|100\/100\n|turn|1\n|j| PayForRhystic\n|\n|t:|1699232339\n|move|p1a: Grimmsnarl|Thunder Wave|p2a: Umber Ox\n|-status|p2a: Umber Ox|par\n|move|p2a: Umber Ox|Sticky Web|p1a: Grimmsnarl\n|-sidestart|p1: C-Rad1|move: Sticky Web\n|\n|upkeep\n|turn|2\n|\n|t:|1699232350\n|move|p1a: Grimmsnarl|Spirit Break|p2a: Umber Ox\n|-damage|p2a: Umber Ox|59\/100 par\n|-unboost|p2a: Umber Ox|spa|1\n|move|p2a: Umber Ox|Knock Off|p1a: Grimmsnarl\n|-resisted|p1a: Grimmsnarl\n|-damage|p1a: Grimmsnarl|94\/100\n|-enditem|p1a: Grimmsnarl|Leftovers|[from] move: Knock Off|[of] p2a: Umber Ox\n|\n|upkeep\n|turn|3\n|\n|t:|1699232472\n|switch|p2a: Deep Down|Toxapex, F, shiny|100\/100\n|move|p1a: Grimmsnarl|Spirit Break|p2a: Deep Down\n|-resisted|p2a: Deep Down\n|-damage|p2a: Deep Down|91\/100\n|-unboost|p2a: Deep Down|spa|1\n|\n|-heal|p2a: Deep Down|98\/100|[from] item: Black Sludge\n|upkeep\n|turn|4\n|j| Brockplazz\n|\n|t:|1699232511\n|move|p2a: Deep Down|Baneful Bunker|p2a: Deep Down\n|-singleturn|p2a: Deep Down|move: Protect\n|move|p1a: Grimmsnarl|Thunder Wave|p2a: Deep Down\n|-activate|p2a: Deep Down|move: Protect\n|\n|-heal|p2a: Deep Down|100\/100|[from] item: Black Sludge\n|upkeep\n|turn|5\n|j| seejay6\n|\n|t:|1699232595\n|switch|p2a: Steel Haze|Flygon, F|100\/100\n|move|p1a: Grimmsnarl|Thunder Wave|p2a: Steel Haze\n|-immune|p2a: Steel Haze\n|\n|upkeep\n|turn|6\n|\n|t:|1699232608\n|move|p1a: Grimmsnarl|Parting Shot|p2a: Steel Haze\n|-unboost|p2a: Steel Haze|atk|1\n|-unboost|p2a: Steel Haze|spa|1\n|\n|t:|1699232611\n|switch|p1a: Corviknight|Corviknight, F|100\/100|[from] Parting Shot\n|-ability|p1a: Corviknight|Pressure\n|move|p2a: Steel Haze|U-turn|p1a: Corviknight\n|-resisted|p1a: Corviknight\n|-damage|p1a: Corviknight|98\/100\n|-damage|p2a: Steel Haze|84\/100|[from] item: Rocky Helmet|[of] p1a: Corviknight\n|\n|t:|1699232641\n|switch|p2a: Head Bringer|Iron Hands, shiny|100\/100|[from] U-turn\n|\n|upkeep\n|turn|7\n|\n|t:|1699232711\n|move|p2a: Head Bringer|Fake Out|p1a: Corviknight\n|-resisted|p1a: Corviknight\n|-damage|p1a: Corviknight|95\/100\n|-damage|p2a: Head Bringer|84\/100|[from] item: Rocky Helmet|[of] p1a: Corviknight\n|cant|p1a: Corviknight|flinch\n|\n|-heal|p2a: Head Bringer|90\/100|[from] item: Leftovers\n|upkeep\n|turn|8\n|\n|t:|1699232728\n|switch|p1a: Camerupt|Camerupt, F|100\/100\n|-activate|p1a: Camerupt|move: Sticky Web\n|-unboost|p1a: Camerupt|spe|1\n|move|p2a: Head Bringer|Volt Switch|p1a: Camerupt\n|-immune|p1a: Camerupt\n|\n|-heal|p2a: Head Bringer|96\/100|[from] item: Leftovers\n|upkeep\n|turn|9\n|\n|t:|1699232760\n|-end|p2a: Head Bringer|Quark Drive|[silent]\n|switch|p2a: Steel Haze|Flygon, F|84\/100\n|detailschange|p1a: Camerupt|Camerupt-Mega, F\n|-mega|p1a: Camerupt|Camerupt|Cameruptite\n|move|p1a: Camerupt|Stealth Rock|p2a: Steel Haze\n|-sidestart|p2: plusonedex|move: Stealth Rock\n|\n|upkeep\n|turn|10\n|\n|t:|1699232781\n|switch|p1a: Corviknight|Corviknight, F|95\/100\n|-ability|p1a: Corviknight|Pressure\n|move|p2a: Steel Haze|Earthquake|p1a: Corviknight\n|-immune|p1a: Corviknight\n|\n|upkeep\n|turn|11\n|\n|t:|1699232811\n|switch|p2a: Liger Tail|Ferrothorn, F, shiny|100\/100\n|-damage|p2a: Liger Tail|94\/100|[from] Stealth Rock\n|move|p1a: Corviknight|U-turn|p2a: Liger Tail\n|-damage|p2a: Liger Tail|85\/100\n|-damage|p1a: Corviknight|82\/100|[from] ability: Iron Barbs|[of] p2a: Liger Tail\n|\n|t:|1699232834\n|switch|p1a: Camerupt|Camerupt-Mega, F|100\/100|[from] U-turn\n|-activate|p1a: Camerupt|move: Sticky Web\n|-unboost|p1a: Camerupt|spe|1\n|\n|-heal|p2a: Liger Tail|92\/100|[from] item: Leftovers\n|upkeep\n|turn|12\n|\n|t:|1699232857\n|move|p2a: Liger Tail|Protect|p2a: Liger Tail\n|-singleturn|p2a: Liger Tail|Protect\n|move|p1a: Camerupt|Hidden Power|p2a: Liger Tail\n|-activate|p2a: Liger Tail|move: Protect\n|\n|-heal|p2a: Liger Tail|98\/100|[from] item: Leftovers\n|upkeep\n|turn|13\n|\n|t:|1699232898\n|switch|p2a: Umber Ox|Leavanny, F, shiny|59\/100 par\n|-damage|p2a: Umber Ox|34\/100 par|[from] Stealth Rock\n|move|p1a: Camerupt|Flamethrower|p2a: Umber Ox\n|-supereffective|p2a: Umber Ox\n|-damage|p2a: Umber Ox|0 fnt\n|faint|p2a: Umber Ox\n|\n|upkeep\n|\n|t:|1699232940\n|switch|p2a: Steel Haze|Flygon, F|84\/100\n|-damage|p2a: Steel Haze|78\/100|[from] Stealth Rock\n|turn|14\n|\n|t:|1699233013\n|switch|p1a: Grimmsnarl|Grimmsnarl, M|94\/100\n|-activate|p1a: Grimmsnarl|move: Sticky Web\n|-unboost|p1a: Grimmsnarl|spe|1\n|move|p2a: Steel Haze|Earthquake|p1a: Grimmsnarl\n|-damage|p1a: Grimmsnarl|57\/100\n|\n|upkeep\n|turn|15\n|\n|t:|1699233036\n|switch|p2a: Liger Tail|Ferrothorn, F, shiny|98\/100\n|-damage|p2a: Liger Tail|92\/100|[from] Stealth Rock\n|move|p1a: Grimmsnarl|Parting Shot|p2a: Liger Tail\n|-unboost|p2a: Liger Tail|atk|1\n|-unboost|p2a: Liger Tail|spa|1\n|\n|t:|1699233043\n|switch|p1a: Camerupt|Camerupt-Mega, F|100\/100|[from] Parting Shot\n|-activate|p1a: Camerupt|move: Sticky Web\n|-unboost|p1a: Camerupt|spe|1\n|\n|-heal|p2a: Liger Tail|98\/100|[from] item: Leftovers\n|upkeep\n|turn|16\n|\n|t:|1699233058\n|move|p2a: Liger Tail|Protect|p2a: Liger Tail\n|-singleturn|p2a: Liger Tail|Protect\n|move|p1a: Camerupt|Flamethrower|p2a: Liger Tail\n|-activate|p2a: Liger Tail|move: Protect\n|\n|-heal|p2a: Liger Tail|100\/100|[from] item: Leftovers\n|upkeep\n|turn|17\n|\n|t:|1699233073\n|switch|p2a: Deep Down|Toxapex, F, shiny|100\/100\n|-damage|p2a: Deep Down|88\/100|[from] Stealth Rock\n|move|p1a: Camerupt|Flamethrower|p2a: Deep Down\n|-resisted|p2a: Deep Down\n|-damage|p2a: Deep Down|65\/100\n|\n|-heal|p2a: Deep Down|72\/100|[from] item: Black Sludge\n|upkeep\n|turn|18\n|\n|t:|1699233085\n|switch|p1a: Corviknight|Corviknight, F|82\/100\n|-ability|p1a: Corviknight|Pressure\n|move|p2a: Deep Down|Scald|p1a: Corviknight\n|-damage|p1a: Corviknight|64\/100\n|\n|-heal|p2a: Deep Down|78\/100|[from] item: Black Sludge\n|upkeep\n|turn|19\n|\n|t:|1699233153\n|move|p2a: Deep Down|Baneful Bunker|p2a: Deep Down\n|-singleturn|p2a: Deep Down|move: Protect\n|move|p1a: Corviknight|Defog|p2a: Deep Down\n|-activate|p2a: Deep Down|move: Protect\n|\n|-heal|p2a: Deep Down|84\/100|[from] item: Black Sludge\n|upkeep\n|turn|20\n|\n|t:|1699233193\n|move|p1a: Corviknight|Defog|p2a: Deep Down\n|-unboost|p2a: Deep Down|evasion|1\n|-sideend|p2: plusonedex|Stealth Rock|[from] move: Defog|[of] p1a: Corviknight\n|-sideend|p1: C-Rad1|Sticky Web|[from] move: Defog|[of] p1a: Corviknight\n|move|p2a: Deep Down|Knock Off|p1a: Corviknight\n|-damage|p1a: Corviknight|56\/100\n|-damage|p2a: Deep Down|68\/100|[from] item: Rocky Helmet|[of] p1a: Corviknight\n|-enditem|p1a: Corviknight|Rocky Helmet|[from] move: Knock Off|[of] p2a: Deep Down\n|\n|-heal|p2a: Deep Down|74\/100|[from] item: Black Sludge\n|upkeep\n|turn|21\n|\n|t:|1699233218\n|move|p1a: Corviknight|Roost|p1a: Corviknight\n|-heal|p1a: Corviknight|100\/100\n|-singleturn|p1a: Corviknight|move: Roost\n|move|p2a: Deep Down|Scald|p1a: Corviknight\n|-damage|p1a: Corviknight|85\/100\n|-status|p1a: Corviknight|brn\n|\n|-heal|p2a: Deep Down|80\/100|[from] item: Black Sludge\n|-damage|p1a: Corviknight|79\/100 brn|[from] brn\n|upkeep\n|turn|22\n|\n|t:|1699233307\n|switch|p2a: Steel Haze|Flygon, F|78\/100\n|move|p1a: Corviknight|U-turn|p2a: Steel Haze\n|-damage|p2a: Steel Haze|67\/100\n|l| Brockplazz\n|\n|t:|1699233347\n|switch|p1a: Jolteon|Jolteon, M|100\/100|[from] U-turn\n|\n|upkeep\n|turn|23\n|j| Brockplazz\n|\n|t:|1699233407\n|move|p2a: Steel Haze|U-turn|p1a: Jolteon\n|-damage|p1a: Jolteon|69\/100\n|\n|t:|1699233435\n|switch|p2a: Liger Tail|Ferrothorn, F, shiny|100\/100|[from] U-turn\n|move|p1a: Jolteon|Hidden Power|p2a: Liger Tail\n|-damage|p2a: Liger Tail|87\/100\n|\n|-heal|p2a: Liger Tail|94\/100|[from] item: Leftovers\n|upkeep\n|turn|24\n|\n|t:|1699233496\n|switch|p1a: Grimmsnarl|Grimmsnarl, M|57\/100\n|move|p2a: Liger Tail|Stealth Rock|p1a: Grimmsnarl\n|-sidestart|p1: C-Rad1|move: Stealth Rock\n|\n|-heal|p2a: Liger Tail|99\/100|[from] item: Leftovers\n|upkeep\n|turn|25\n|\n|t:|1699233533\n|move|p1a: Grimmsnarl|Thunder Wave|p2a: Liger Tail\n|-status|p2a: Liger Tail|par\n|cant|p2a: Liger Tail|par\n|\n|-heal|p2a: Liger Tail|100\/100 par|[from] item: Leftovers\n|upkeep\n|turn|26\n|\n|t:|1699233545\n|move|p1a: Grimmsnarl|Parting Shot|p2a: Liger Tail\n|-unboost|p2a: Liger Tail|atk|1\n|-unboost|p2a: Liger Tail|spa|1\n|\n|t:|1699233552\n|switch|p1a: Corviknight|Corviknight, F|79\/100 brn|[from] Parting Shot\n|-damage|p1a: Corviknight|66\/100 brn|[from] Stealth Rock\n|-ability|p1a: Corviknight|Pressure\n|move|p2a: Liger Tail|Leech Seed|p1a: Corviknight\n|-start|p1a: Corviknight|move: Leech Seed\n|\n|-damage|p1a: Corviknight|54\/100 brn|[from] Leech Seed|[of] p2a: Liger Tail\n|-damage|p1a: Corviknight|48\/100 brn|[from] brn\n|upkeep\n|turn|27\n|\n|t:|1699233584\n|move|p2a: Liger Tail|Protect|p2a: Liger Tail\n|-singleturn|p2a: Liger Tail|Protect\n|move|p1a: Corviknight|Roost|p1a: Corviknight\n|-heal|p1a: Corviknight|98\/100 brn\n|-singleturn|p1a: Corviknight|move: Roost\n|\n|-damage|p1a: Corviknight|85\/100 brn|[from] Leech Seed|[of] p2a: Liger Tail\n|-damage|p1a: Corviknight|79\/100 brn|[from] brn\n|upkeep\n|turn|28\n|\n|t:|1699233602\n|switch|p1a: Camerupt|Camerupt-Mega, F|100\/100\n|-damage|p1a: Camerupt|88\/100|[from] Stealth Rock\n|cant|p2a: Liger Tail|par\n|\n|upkeep\n|turn|29\n|\n|t:|1699233642\n|switch|p2a: Deep Down|Toxapex, F, shiny|100\/100\n|move|p1a: Camerupt|Flamethrower|p2a: Deep Down\n|-resisted|p2a: Deep Down\n|-crit|p2a: Deep Down\n|-damage|p2a: Deep Down|67\/100\n|\n|-heal|p2a: Deep Down|73\/100|[from] item: Black Sludge\n|upkeep\n|turn|30\n|l| PayForRhystic\n|j| PayForRhystic\n|\n|t:|1699233757\n|move|p1a: Camerupt|Earth Power|p2a: Deep Down\n|-supereffective|p2a: Deep Down\n|-damage|p2a: Deep Down|0 fnt\n|faint|p2a: Deep Down\n|\n|upkeep\n|\n|t:|1699233772\n|switch|p2a: Cannon Head|Blacephalon, shiny|100\/100\n|turn|31\n|\n|t:|1699233789\n|switch|p1a: Milotic|Milotic, M|100\/100\n|move|p2a: Cannon Head|Hidden Power|p1a: Milotic\n|-resisted|p1a: Milotic\n|-damage|p1a: Milotic|92\/100\n|-damage|p2a: Cannon Head|91\/100|[from] item: Life Orb\n|\n|upkeep\n|turn|32\n|\n|t:|1699233855\n|switch|p2a: Head Bringer|Iron Hands, shiny|96\/100\n|move|p1a: Milotic|Scald|p2a: Head Bringer\n|-damage|p2a: Head Bringer|71\/100\n|\n|-heal|p2a: Head Bringer|77\/100|[from] item: Leftovers\n|upkeep\n|turn|33\n|\n|t:|1699233872\n|move|p2a: Head Bringer|Fake Out|p1a: Milotic\n|-damage|p1a: Milotic|78\/100\n|cant|p1a: Milotic|flinch\n|\n|-heal|p2a: Head Bringer|83\/100|[from] item: Leftovers\n|upkeep\n|turn|34\n|\n|t:|1699233880\n|-end|p2a: Head Bringer|Quark Drive|[silent]\n|switch|p2a: Steel Haze|Flygon, F|67\/100\n|move|p1a: Milotic|Flip Turn|p2a: Steel Haze\n|-damage|p2a: Steel Haze|50\/100\n|\n|t:|1699233898\n|switch|p1a: Grimmsnarl|Grimmsnarl, M|57\/100|[from] Flip Turn\n|-damage|p1a: Grimmsnarl|45\/100|[from] Stealth Rock\n|\n|upkeep\n|turn|35\n|l| PayForRhystic\n|j| PayForRhystic\n|\n|t:|1699233943\n|move|p1a: Grimmsnarl|Parting Shot|p2a: Steel Haze\n|-unboost|p2a: Steel Haze|atk|1\n|-unboost|p2a: Steel Haze|spa|1\n|l| seejay6\n|\n|t:|1699233952\n|switch|p1a: Corviknight|Corviknight, F|79\/100 brn|[from] Parting Shot\n|-damage|p1a: Corviknight|66\/100 brn|[from] Stealth Rock\n|-ability|p1a: Corviknight|Pressure\n|move|p2a: Steel Haze|U-turn|p1a: Corviknight\n|-resisted|p1a: Corviknight\n|-damage|p1a: Corviknight|64\/100 brn\n|\n|t:|1699233961\n|switch|p2a: Cannon Head|Blacephalon, shiny|91\/100|[from] U-turn\n|\n|-damage|p1a: Corviknight|58\/100 brn|[from] brn\n|upkeep\n|turn|36\n|\n|t:|1699234005\n|move|p2a: Cannon Head|Shadow Ball|p1a: Corviknight\n|-damage|p1a: Corviknight|0 fnt\n|faint|p1a: Corviknight\n|-ability|p2a: Cannon Head|Beast Boost|boost\n|-boost|p2a: Cannon Head|spa|1\n|-damage|p2a: Cannon Head|81\/100|[from] item: Life Orb\n|\n|upkeep\n|\n|t:|1699234020\n|switch|p1a: Milotic|Milotic, M|78\/100\n|turn|37\n|l| PayForRhystic\n|\n|t:|1699234122\n|switch|p2a: Liger Tail|Ferrothorn, F, shiny|100\/100 par\n|move|p1a: Milotic|Scald|p2a: Liger Tail\n|-resisted|p2a: Liger Tail\n|-damage|p2a: Liger Tail|89\/100 par\n|\n|-heal|p2a: Liger Tail|95\/100 par|[from] item: Leftovers\n|upkeep\n|turn|38\n|j| PayForRhystic\n|\n|t:|1699234146\n|move|p1a: Milotic|Hidden Power|p2a: Liger Tail\n|-supereffective|p2a: Liger Tail\n|-damage|p2a: Liger Tail|44\/100 par\n|move|p2a: Liger Tail|Leech Seed|p1a: Milotic\n|-start|p1a: Milotic|move: Leech Seed\n|\n|-heal|p2a: Liger Tail|50\/100 par|[from] item: Leftovers\n|-damage|p1a: Milotic|66\/100|[from] Leech Seed|[of] p2a: Liger Tail\n|-heal|p2a: Liger Tail|64\/100 par|[silent]\n|upkeep\n|turn|39\n|\n|t:|1699234155\n|cant|p2a: Liger Tail|par\n|move|p1a: Milotic|Recover|p1a: Milotic\n|-heal|p1a: Milotic|100\/100\n|\n|-heal|p2a: Liger Tail|70\/100 par|[from] item: Leftovers\n|-damage|p1a: Milotic|88\/100|[from] Leech Seed|[of] p2a: Liger Tail\n|-heal|p2a: Liger Tail|84\/100 par|[silent]\n|upkeep\n|turn|40\n|\n|t:|1699234176\n|switch|p1a: Camerupt|Camerupt-Mega, F|88\/100\n|-damage|p1a: Camerupt|75\/100|[from] Stealth Rock\n|move|p2a: Liger Tail|Protect||[still]\n|-fail|p2a: Liger Tail\n|\n|-heal|p2a: Liger Tail|91\/100 par|[from] item: Leftovers\n|upkeep\n|turn|41\n|\n|t:|1699234196\n|move|p2a: Liger Tail|Protect|p2a: Liger Tail\n|-singleturn|p2a: Liger Tail|Protect\n|move|p1a: Camerupt|Flamethrower|p2a: Liger Tail\n|-activate|p2a: Liger Tail|move: Protect\n|\n|-heal|p2a: Liger Tail|97\/100 par|[from] item: Leftovers\n|upkeep\n|turn|42\n|\n|t:|1699234212\n|switch|p2a: Head Bringer|Iron Hands, shiny|83\/100\n|move|p1a: Camerupt|Flamethrower|p2a: Head Bringer\n|-damage|p2a: Head Bringer|36\/100\n|\n|-heal|p2a: Head Bringer|42\/100|[from] item: Leftovers\n|upkeep\n|turn|43\n|\n|t:|1699234258\n|switch|p1a: Jolteon|Jolteon, M|69\/100\n|-damage|p1a: Jolteon|56\/100|[from] Stealth Rock\n|move|p2a: Head Bringer|Fake Out|p1a: Jolteon\n|-damage|p1a: Jolteon|40\/100\n|\n|-heal|p2a: Head Bringer|49\/100|[from] item: Leftovers\n|upkeep\n|turn|44\n|\n|t:|1699234277\n|move|p1a: Jolteon|Synchronoise|p2a: Head Bringer\n|-supereffective|p2a: Head Bringer\n|-crit|p2a: Head Bringer\n|-damage|p2a: Head Bringer|0 fnt\n|faint|p2a: Head Bringer\n|-end|p2a: Head Bringer|Quark Drive|[silent]\n|\n|upkeep\n|l| PayForRhystic\n|j| PayForRhystic\n|\n|t:|1699234333\n|switch|p2a: Steel Haze|Flygon, F|50\/100\n|turn|45\n|\n|t:|1699234352\n|move|p2a: Steel Haze|Earthquake|p1a: Jolteon\n|-supereffective|p1a: Jolteon\n|-enditem|p1a: Jolteon|Shuca Berry|[eat]\n|-enditem|p1a: Jolteon|Shuca Berry|[weaken]\n|-damage|p1a: Jolteon|0 fnt\n|faint|p1a: Jolteon\n|\n|upkeep\n|\n|t:|1699234362\n|switch|p1a: Milotic|Milotic, M|88\/100\n|turn|46\n|\n|t:|1699234405\n|switch|p2a: Liger Tail|Ferrothorn, F, shiny|97\/100 par\n|move|p1a: Milotic|Scald|p2a: Liger Tail\n|-resisted|p2a: Liger Tail\n|-damage|p2a: Liger Tail|86\/100 par\n|\n|-heal|p2a: Liger Tail|92\/100 par|[from] item: Leftovers\n|upkeep\n|turn|47\n|\n|t:|1699234422\n|move|p1a: Milotic|Hidden Power|p2a: Liger Tail\n|-supereffective|p2a: Liger Tail\n|-damage|p2a: Liger Tail|42\/100 par\n|move|p2a: Liger Tail|Leech Seed|p1a: Milotic\n|-start|p1a: Milotic|move: Leech Seed\n|\n|-heal|p2a: Liger Tail|48\/100 par|[from] item: Leftovers\n|-damage|p1a: Milotic|76\/100|[from] Leech Seed|[of] p2a: Liger Tail\n|-heal|p2a: Liger Tail|62\/100 par|[silent]\n|upkeep\n|turn|48\n|l| Brockplazz\n|\n|t:|1699234474\n|switch|p1a: Camerupt|Camerupt-Mega, F|75\/100\n|-damage|p1a: Camerupt|63\/100|[from] Stealth Rock\n|cant|p2a: Liger Tail|par\n|\n|-heal|p2a: Liger Tail|68\/100 par|[from] item: Leftovers\n|upkeep\n|turn|49\n|\n|t:|1699234525\n|switch|p2a: Steel Haze|Flygon, F|50\/100\n|move|p1a: Camerupt|Hidden Power|p2a: Steel Haze\n|-supereffective|p2a: Steel Haze\n|-crit|p2a: Steel Haze\n|-damage|p2a: Steel Haze|0 fnt\n|faint|p2a: Steel Haze\n|\n|upkeep\n|c|\u2606plusonedex|gg\n|\n|t:|1699234562\n|switch|p2a: Cannon Head|Blacephalon, shiny|81\/100\n|turn|50\n|\n|t:|1699234575\n|move|p2a: Cannon Head|Hidden Power|p1a: Camerupt\n|-supereffective|p1a: Camerupt\n|-damage|p1a: Camerupt|0 fnt\n|faint|p1a: Camerupt\n|-ability|p2a: Cannon Head|Beast Boost|boost\n|-boost|p2a: Cannon Head|spa|1\n|-damage|p2a: Cannon Head|71\/100|[from] item: Life Orb\n|\n|upkeep\n|\n|t:|1699234582\n|switch|p1a: Grimmsnarl|Grimmsnarl, M|45\/100\n|-damage|p1a: Grimmsnarl|32\/100|[from] Stealth Rock\n|turn|51\n|l| PayForRhystic\n|\n|t:|1699234651\n|move|p1a: Grimmsnarl|Sucker Punch|p2a: Cannon Head\n|-supereffective|p2a: Cannon Head\n|-damage|p2a: Cannon Head|0 fnt\n|faint|p2a: Cannon Head\n|\n|upkeep\n|\n|t:|1699234657\n|switch|p2a: Liger Tail|Ferrothorn, F, shiny|68\/100 par\n|turn|52\n|j| PayForRhystic\n|\n|t:|1699234667\n|move|p1a: Grimmsnarl|Spirit Break|p2a: Liger Tail\n|-resisted|p2a: Liger Tail\n|-damage|p2a: Liger Tail|59\/100 par\n|-unboost|p2a: Liger Tail|spa|1\n|-damage|p1a: Grimmsnarl|20\/100|[from] ability: Iron Barbs|[of] p2a: Liger Tail\n|move|p2a: Liger Tail|Leech Seed|p1a: Grimmsnarl\n|-start|p1a: Grimmsnarl|move: Leech Seed\n|\n|-heal|p2a: Liger Tail|65\/100 par|[from] item: Leftovers\n|-damage|p1a: Grimmsnarl|7\/100|[from] Leech Seed|[of] p2a: Liger Tail\n|-heal|p2a: Liger Tail|79\/100 par|[silent]\n|upkeep\n|turn|53\n|j| Brockplazz\n|\n|t:|1699234684\n|move|p1a: Grimmsnarl|Spirit Break|p2a: Liger Tail\n|-resisted|p2a: Liger Tail\n|-damage|p2a: Liger Tail|71\/100 par\n|-unboost|p2a: Liger Tail|spa|1\n|-damage|p1a: Grimmsnarl|0 fnt|[from] ability: Iron Barbs|[of] p2a: Liger Tail\n|faint|p1a: Grimmsnarl\n|move|p2a: Liger Tail|Gyro Ball|p1: Grimmsnarl|[notarget]\n|-fail|p2a: Liger Tail\n|\n|-heal|p2a: Liger Tail|77\/100 par|[from] item: Leftovers\n|upkeep\n|\n|t:|1699234693\n|switch|p1a: Mew|Mew|100\/100\n|-damage|p1a: Mew|88\/100|[from] Stealth Rock\n|turn|54\n|\n|t:|1699234712\n|move|p1a: Mew|Flamethrower|p2a: Liger Tail\n|-supereffective|p2a: Liger Tail\n|-damage|p2a: Liger Tail|0 fnt\n|faint|p2a: Liger Tail\n|\n|win|C-Rad1\n|c|\u2606C-Rad1|gg!\n","uploadtime":1699234719,"views":4,"p1id":"crad1","p2id":"plusonedex","formatid":"gen9nationaldexubers","rating":0,"private":0,"password":""}