{"id":"gen9nationaldexubers-1978251518","p1":"Elonias","p2":"KennyMckor","format":"[Gen 9] National Dex Ubers","log":"|j|\u2606Elonias\n|j|\u2606KennyMckor\n|t:|1698517242\n|gametype|singles\n|player|p1|Elonias|101|\n|player|p2|KennyMckor|biker-gen4|\n|teamsize|p1|6\n|teamsize|p2|6\n|gen|9\n|tier|[Gen 9] National Dex Ubers\n|rule|HP Percentage Mod: HP is shown in percentages\n|rule|Endless Battle Clause: Forcing endless battles is banned\n|rule|OHKO Clause: OHKO moves are banned\n|rule|Evasion Moves Clause: Evasion moves are banned\n|rule|Evasion Items Clause: Evasion items are banned\n|rule|Species Clause: Limit one of each Pok\u00e9mon\n|rule|Sleep Clause Mod: Limit one foe put to sleep\n|rule|Mega Rayquaza Clause: You cannot mega evolve Rayquaza\n|clearpoke\n|poke|p1|Dragapult, F|\n|poke|p1|Gengar, M|\n|poke|p1|Ting-Lu|\n|poke|p1|Greninja-*, F|\n|poke|p1|Sneasler, F|\n|poke|p1|Meowscarada, M|\n|poke|p2|Skeledirge, M|\n|poke|p2|Mimikyu, F|\n|poke|p2|Gengar, M|\n|poke|p2|Toxapex, F|\n|poke|p2|Basculegion, M|\n|poke|p2|Absol, F|\n|teampreview\n|inactive|Battle timer is ON: inactive players will automatically lose when time's up. (requested by Elonias)\n|c|\u2606KennyMckor|heyo !\n|inactiveoff|Battle timer is now OFF.\n|c|\u2606Elonias|GLHF\n|c|\u2606KennyMckor|gl hf to you !\n|c|\u2606KennyMckor|nice team from what I can see already\n|j| JoshuaMC\n|c| JoshuaMC|there we are\n|c| JoshuaMC|gl and hf\n|c|\u2606Elonias|ty\n|\n|t:|1698517311\n|start\n|switch|p1a: Ting-Lu|Ting-Lu|100\/100\n|switch|p2a: My Son|Skeledirge, M|100\/100\n|-ability|p1a: Ting-Lu|Vessel of Ruin\n|turn|1\n|c|\u2606KennyMckor|ty :)\n|\n|t:|1698517322\n|switch|p2a: Absol|Absol, F|100\/100\n|move|p1a: Ting-Lu|Earthquake|p2a: Absol\n|-damage|p2a: Absol|10\/100\n|\n|upkeep\n|turn|2\n|\n|t:|1698517337\n|detailschange|p2a: Absol|Absol-Mega, F\n|-mega|p2a: Absol|Absol|Absolite\n|move|p2a: Absol|Knock Off|p1a: Ting-Lu\n|-resisted|p1a: Ting-Lu\n|-damage|p1a: Ting-Lu|86\/100\n|-enditem|p1a: Ting-Lu|Leftovers|[from] move: Knock Off|[of] p2a: Absol\n|move|p1a: Ting-Lu|Earthquake|p2a: Absol\n|-damage|p2a: Absol|0 fnt\n|faint|p2a: Absol\n|\n|upkeep\n|\n|t:|1698517346\n|switch|p2a: Basculegion|Basculegion, M|100\/100\n|turn|3\n|\n|t:|1698517355\n|switch|p1a: Gengar|Gengar, M|100\/100\n|move|p2a: Basculegion|Wave Crash|p1a: Gengar\n|-enditem|p1a: Gengar|Focus Sash\n|-damage|p1a: Gengar|1\/100\n|-damage|p2a: Basculegion|78\/100|[from] Recoil\n|\n|upkeep\n|turn|4\n|\n|t:|1698517363\n|move|p2a: Basculegion|Wave Crash|p1a: Gengar\n|-damage|p1a: Gengar|0 fnt\n|faint|p1a: Gengar\n|-damage|p2a: Basculegion|78\/100|[from] Recoil\n|\n|upkeep\n|\n|t:|1698517376\n|switch|p1a: Sneasler|Sneasler, F|100\/100\n|turn|5\n|\n|t:|1698517383\n|switch|p2a: Gengar|Gengar, M|100\/100\n|move|p1a: Sneasler|Fake Out|p2a: Gengar\n|-immune|p2a: Gengar\n|\n|upkeep\n|turn|6\n|\n|t:|1698517394\n|switch|p1a: Ting-Lu|Ting-Lu|86\/100\n|-ability|p1a: Ting-Lu|Vessel of Ruin\n|move|p2a: Gengar|Thunder Wave|p1a: Ting-Lu\n|-immune|p1a: Ting-Lu\n|\n|upkeep\n|turn|7\n|\n|t:|1698517403\n|switch|p2a: Toxapex|Toxapex, F|100\/100\n|move|p1a: Ting-Lu|Stealth Rock|p2a: Toxapex\n|-sidestart|p2: KennyMckor|move: Stealth Rock\n|\n|upkeep\n|turn|8\n|\n|t:|1698517412\n|switch|p1a: Meowscarada|Meowscarada, M, shiny|100\/100\n|move|p2a: Toxapex|Surf|p1a: Meowscarada\n|-resisted|p1a: Meowscarada\n|-damage|p1a: Meowscarada|86\/100\n|\n|upkeep\n|turn|9\n|\n|t:|1698517425\n|move|p2a: Toxapex|Baneful Bunker|p2a: Toxapex\n|-singleturn|p2a: Toxapex|move: Protect\n|move|p1a: Meowscarada|Trick|p2a: Toxapex\n|-start|p1a: Meowscarada|typechange|Psychic|[from] ability: Protean\n|-activate|p2a: Toxapex|move: Protect\n|\n|upkeep\n|turn|10\n|\n|t:|1698517451\n|switch|p1a: Greninja|Greninja, F|100\/100\n|switch|p2a: Basculegion|Basculegion, M|78\/100\n|-damage|p2a: Basculegion|65\/100|[from] Stealth Rock\n|\n|upkeep\n|turn|11\n|\n|t:|1698517466\n|move|p2a: Basculegion|Phantom Force||[still]\n|-prepare|p2a: Basculegion|Phantom Force\n|move|p1a: Greninja|Extrasensory|p2a: Basculegion|[miss]\n|-start|p1a: Greninja|typechange|Psychic|[from] ability: Protean\n|-miss|p1a: Greninja|p2a: Basculegion\n|\n|upkeep\n|turn|12\n|\n|t:|1698517474\n|switch|p1a: Ting-Lu|Ting-Lu|86\/100\n|-ability|p1a: Ting-Lu|Vessel of Ruin\n|move|p2a: Basculegion|Phantom Force|p1a: Ting-Lu|[from]lockedmove\n|-resisted|p1a: Ting-Lu\n|-damage|p1a: Ting-Lu|70\/100\n|\n|upkeep\n|turn|13\n|\n|t:|1698517508\n|switch|p2a: Toxapex|Toxapex, F|100\/100\n|-damage|p2a: Toxapex|88\/100|[from] Stealth Rock\n|move|p1a: Ting-Lu|Throat Chop|p2a: Toxapex\n|-damage|p2a: Toxapex|59\/100\n|-start|p2a: Toxapex|Throat Chop|[silent]\n|\n|-heal|p2a: Toxapex|65\/100|[from] item: Black Sludge\n|upkeep\n|turn|14\n|\n|t:|1698517520\n|switch|p1a: Sneasler|Sneasler, F|100\/100\n|move|p2a: Toxapex|Baneful Bunker||[still]\n|-fail|p2a: Toxapex\n|\n|-heal|p2a: Toxapex|71\/100|[from] item: Black Sludge\n|-end|p2a: Toxapex|Throat Chop|[silent]\n|upkeep\n|turn|15\n|\n|t:|1698517531\n|switch|p2a: Gengar|Gengar, M|100\/100\n|-damage|p2a: Gengar|88\/100|[from] Stealth Rock\n|move|p1a: Sneasler|Lash Out|p2a: Gengar\n|-supereffective|p2a: Gengar\n|-damage|p2a: Gengar|0 fnt\n|faint|p2a: Gengar\n|\n|upkeep\n|\n|t:|1698517540\n|switch|p2a: Basculegion|Basculegion, M|65\/100\n|-damage|p2a: Basculegion|53\/100|[from] Stealth Rock\n|turn|16\n|\n|t:|1698517544\n|move|p2a: Basculegion|Psychic Fangs|p1a: Sneasler\n|-supereffective|p1a: Sneasler\n|-damage|p1a: Sneasler|0 fnt\n|faint|p1a: Sneasler\n|\n|upkeep\n|\n|t:|1698517552\n|switch|p1a: Meowscarada|Meowscarada, M, shiny|86\/100\n|turn|17\n|\n|t:|1698517559\n|switch|p2a: Toxapex|Toxapex, F|100\/100\n|-damage|p2a: Toxapex|88\/100|[from] Stealth Rock\n|move|p1a: Meowscarada|Flower Trick|p2a: Toxapex\n|-start|p1a: Meowscarada|typechange|Grass|[from] ability: Protean\n|-crit|p2a: Toxapex\n|-damage|p2a: Toxapex|55\/100\n|\n|-heal|p2a: Toxapex|61\/100|[from] item: Black Sludge\n|upkeep\n|turn|18\n|\n|t:|1698517574\n|switch|p1a: Greninja|Greninja, F|100\/100\n|move|p2a: Toxapex|Gunk Shot|p1a: Greninja\n|-damage|p1a: Greninja|56\/100\n|\n|-heal|p2a: Toxapex|67\/100|[from] item: Black Sludge\n|upkeep\n|turn|19\n|\n|t:|1698517584\n|move|p2a: Toxapex|Baneful Bunker|p2a: Toxapex\n|-singleturn|p2a: Toxapex|move: Protect\n|move|p1a: Greninja|Extrasensory|p2a: Toxapex\n|-start|p1a: Greninja|typechange|Psychic|[from] ability: Protean\n|-activate|p2a: Toxapex|move: Protect\n|\n|-heal|p2a: Toxapex|73\/100|[from] item: Black Sludge\n|upkeep\n|turn|20\n|\n|t:|1698517600\n|move|p1a: Greninja|Extrasensory|p2a: Toxapex\n|-supereffective|p2a: Toxapex\n|-damage|p2a: Toxapex|0 fnt\n|faint|p2a: Toxapex\n|\n|upkeep\n|\n|t:|1698517606\n|switch|p2a: Basculegion|Basculegion, M|53\/100\n|-damage|p2a: Basculegion|41\/100|[from] Stealth Rock\n|turn|21\n|\n|t:|1698517614\n|move|p2a: Basculegion|Wave Crash|p1a: Greninja\n|-damage|p1a: Greninja|0 fnt\n|faint|p1a: Greninja\n|-damage|p2a: Basculegion|27\/100|[from] Recoil\n|\n|upkeep\n|\n|t:|1698517619\n|switch|p1a: Meowscarada|Meowscarada, M, shiny|86\/100\n|turn|22\n|\n|t:|1698517628\n|switch|p2a: My Son|Skeledirge, M|100\/100\n|-damage|p2a: My Son|76\/100|[from] Stealth Rock\n|move|p1a: Meowscarada|Flower Trick|p2a: My Son\n|-start|p1a: Meowscarada|typechange|Grass|[from] ability: Protean\n|-resisted|p2a: My Son\n|-crit|p2a: My Son\n|-damage|p2a: My Son|58\/100\n|\n|-heal|p2a: My Son|64\/100|[from] item: Leftovers\n|upkeep\n|turn|23\n|\n|t:|1698517640\n|switch|p1a: Ting-Lu|Ting-Lu|70\/100\n|-ability|p1a: Ting-Lu|Vessel of Ruin\n|move|p2a: My Son|Torch Song|p1a: Ting-Lu\n|-damage|p1a: Ting-Lu|49\/100\n|-boost|p2a: My Son|spa|1\n|\n|-heal|p2a: My Son|70\/100|[from] item: Leftovers\n|upkeep\n|turn|24\n|\n|t:|1698517651\n|move|p2a: My Son|Rest|p2a: My Son\n|-status|p2a: My Son|slp|[from] move: Rest\n|-heal|p2a: My Son|100\/100 slp|[silent]\n|move|p1a: Ting-Lu|Earthquake|p2a: My Son\n|-supereffective|p2a: My Son\n|-damage|p2a: My Son|23\/100 slp\n|\n|-heal|p2a: My Son|29\/100 slp|[from] item: Leftovers\n|upkeep\n|turn|25\n|\n|t:|1698517663\n|cant|p2a: My Son|slp\n|move|p1a: Ting-Lu|Earthquake|p2a: My Son\n|-supereffective|p2a: My Son\n|-damage|p2a: My Son|0 fnt\n|faint|p2a: My Son\n|\n|upkeep\n|\n|t:|1698517668\n|switch|p2a: Basculegion|Basculegion, M|27\/100\n|-damage|p2a: Basculegion|15\/100|[from] Stealth Rock\n|turn|26\n|\n|t:|1698517677\n|move|p2a: Basculegion|Wave Crash|p1a: Ting-Lu\n|-supereffective|p1a: Ting-Lu\n|-damage|p1a: Ting-Lu|0 fnt\n|faint|p1a: Ting-Lu\n|-damage|p2a: Basculegion|0 fnt|[from] Recoil\n|faint|p2a: Basculegion\n|\n|upkeep\n|\n|t:|1698517687\n|switch|p2a: Mimikyu|Mimikyu, F|100\/100\n|switch|p1a: Meowscarada|Meowscarada, M, shiny|86\/100\n|-damage|p2a: Mimikyu|88\/100|[from] Stealth Rock\n|turn|27\n|\n|t:|1698517693\n|move|p1a: Meowscarada|Trick|p2a: Mimikyu\n|-start|p1a: Meowscarada|typechange|Psychic|[from] ability: Protean\n|-activate|p1a: Meowscarada|move: Trick|[of] p2a: Mimikyu\n|-item|p2a: Mimikyu|Choice Scarf|[from] move: Trick\n|-item|p1a: Meowscarada|Focus Sash|[from] move: Trick\n|move|p2a: Mimikyu|Swords Dance|p2a: Mimikyu\n|-boost|p2a: Mimikyu|atk|2\n|\n|upkeep\n|turn|28\n|-message|KennyMckor forfeited.\n|\n|win|Elonias\n|c|\u2606KennyMckor|gg\n|c|\u2606Elonias|gg\n","uploadtime":1698517716,"views":11,"p1id":"elonias","p2id":"kennymckor","formatid":"gen9nationaldexubers","rating":0,"private":0,"password":""}