{"id":"gen9nationaldexubers-1980035624","p1":"85792195wwww","p2":"kritath","format":"[Gen 9] National Dex Ubers","log":"|j|\u203d85792195wwww\n|j|\u2606kritath\n|t:|1698749751\n|gametype|singles\n|player|p1|85792195wwww|lady|1682\n|player|p2|kritath|policeman-gen4|1578\n|teamsize|p1|6\n|teamsize|p2|6\n|gen|9\n|tier|[Gen 9] National Dex Ubers\n|rated|\n|rule|HP Percentage Mod: HP is shown in percentages\n|rule|Endless Battle Clause: Forcing endless battles is banned\n|rule|OHKO Clause: OHKO moves are banned\n|rule|Evasion Moves Clause: Evasion moves are banned\n|rule|Evasion Items Clause: Evasion items are banned\n|rule|Species Clause: Limit one of each Pok\u00e9mon\n|rule|Sleep Clause Mod: Limit one foe put to sleep\n|rule|Mega Rayquaza Clause: You cannot mega evolve Rayquaza\n|clearpoke\n|poke|p1|Zacian-*|\n|poke|p1|Kyogre|\n|poke|p1|Xerneas-*|\n|poke|p1|Deoxys-Speed|\n|poke|p1|Groudon|\n|poke|p1|Arceus|\n|poke|p2|Eternatus|\n|poke|p2|Kyogre|\n|poke|p2|Xerneas-*|\n|poke|p2|Arceus-Ground|\n|poke|p2|Zacian-*|\n|poke|p2|Marshadow|\n|teampreview\n|inactive|Battle timer is ON: inactive players will automatically lose when time's up. (requested by kritath)\n|inactive|kritath has 120 seconds left.\n|\n|t:|1698749785\n|start\n|switch|p1a: Deoxys|Deoxys-Speed|100\/100\n|switch|p2a: Xern hater|Marshadow|100\/100\n|-ability|p1a: Deoxys|Pressure\n|turn|1\n|\n|t:|1698749794\n|move|p1a: Deoxys|Spikes|p2a: Xern hater\n|-sidestart|p2: kritath|Spikes\n|move|p2a: Xern hater|Spectral Thief|p1a: Deoxys\n|-supereffective|p1a: Deoxys\n|-damage|p1a: Deoxys|6\/100\n|-damage|p2a: Xern hater|84\/100|[from] item: Rocky Helmet|[of] p1a: Deoxys\n|\n|upkeep\n|turn|2\n|\n|t:|1698749803\n|switch|p1a: Arceus|Arceus|100\/100\n|move|p2a: Xern hater|Shadow Sneak|p1a: Arceus\n|-immune|p1a: Arceus\n|\n|upkeep\n|turn|3\n|\n|t:|1698749827\n|switch|p2a: Sweeper|Zacian-Crowned|100\/100\n|-damage|p2a: Sweeper|88\/100|[from] Spikes\n|-ability|p2a: Sweeper|Intrepid Sword|boost\n|-boost|p2a: Sweeper|atk|1\n|switch|p1a: Deoxys|Deoxys-Speed|6\/100\n|-ability|p1a: Deoxys|Pressure\n|\n|upkeep\n|turn|4\n|\n|t:|1698749838\n|move|p1a: Deoxys|Taunt|p2a: Sweeper\n|-start|p2a: Sweeper|move: Taunt\n|move|p2a: Sweeper|Wild Charge|p1a: Deoxys\n|-damage|p1a: Deoxys|0 fnt\n|-damage|p2a: Sweeper|72\/100|[from] item: Rocky Helmet|[of] p1a: Deoxys\n|faint|p1a: Deoxys\n|-damage|p2a: Sweeper|70\/100|[from] Recoil\n|\n|upkeep\n|\n|t:|1698749852\n|switch|p1a: Groudon|Groudon|100\/100\n|detailschange|p1a: Groudon|Groudon-Primal\n|-primal|p1a: Groudon|Red Orb\n|-weather|DesolateLand|[from] ability: Desolate Land|[of] p1a: Groudon\n|turn|5\n|\n|t:|1698749858\n|switch|p2a: Xern hater|Marshadow|84\/100\n|-damage|p2a: Xern hater|72\/100|[from] Spikes\n|move|p1a: Groudon|Rock Polish|p1a: Groudon\n|-boost|p1a: Groudon|spe|2\n|\n|-weather|DesolateLand|[upkeep]\n|upkeep\n|turn|6\n|\n|t:|1698749866\n|move|p1a: Groudon|Heat Crash|p2a: Xern hater\n|-damage|p2a: Xern hater|0 fnt\n|faint|p2a: Xern hater\n|\n|-weather|DesolateLand|[upkeep]\n|upkeep\n|\n|t:|1698749892\n|switch|p2a: Arceus|Arceus-Ground|100\/100\n|-damage|p2a: Arceus|88\/100|[from] Spikes\n|turn|7\n|\n|t:|1698749897\n|-weather|none\n|switch|p1a: Kyogre|Kyogre|100\/100\n|detailschange|p1a: Kyogre|Kyogre-Primal\n|-primal|p1a: Kyogre|Blue Orb\n|-weather|PrimordialSea|[from] ability: Primordial Sea|[of] p1a: Kyogre\n|move|p2a: Arceus|Defog|p1a: Kyogre\n|-unboost|p1a: Kyogre|evasion|1\n|-sideend|p2: kritath|Spikes|[from] move: Defog|[of] p2a: Arceus\n|\n|-weather|PrimordialSea|[upkeep]\n|upkeep\n|turn|8\n|\n|t:|1698749908\n|-terastallize|p2a: Arceus|Electric\n|move|p2a: Arceus|Thunderbolt|p1a: Kyogre\n|-supereffective|p1a: Kyogre\n|-damage|p1a: Kyogre|40\/100\n|move|p1a: Kyogre|Water Spout|p2a: Arceus\n|-damage|p2a: Arceus|38\/100\n|\n|-weather|PrimordialSea|[upkeep]\n|upkeep\n|turn|9\n|\n|t:|1698749918\n|-weather|none\n|switch|p1a: Zacian|Zacian-Crowned|100\/100\n|-ability|p1a: Zacian|Intrepid Sword|boost\n|-boost|p1a: Zacian|atk|1\n|move|p2a: Arceus|Thunderbolt|p1a: Zacian\n|-damage|p1a: Zacian|52\/100\n|\n|upkeep\n|turn|10\n|j| shamatetuanzhang\n|\n|t:|1698749939\n|switch|p2a: Eternatus|Eternatus|100\/100\n|-ability|p2a: Eternatus|Pressure\n|-terastallize|p1a: Zacian|Ground\n|move|p1a: Zacian|Tera Blast|p2a: Eternatus|[anim] Tera Blast Ground\n|-supereffective|p2a: Eternatus\n|-damage|p2a: Eternatus|0 fnt\n|faint|p2a: Eternatus\n|\n|upkeep\n|\n|t:|1698749959\n|switch|p2a: Sweeper|Zacian-Crowned|70\/100\n|turn|11\n|\n|t:|1698749963\n|move|p1a: Zacian|Tera Blast|p2a: Sweeper|[anim] Tera Blast Ground\n|-supereffective|p2a: Sweeper\n|-damage|p2a: Sweeper|0 fnt\n|faint|p2a: Sweeper\n|\n|upkeep\n|\n|t:|1698749970\n|switch|p2a: Oger1|Kyogre, shiny|100\/100\n|detailschange|p2a: Oger1|Kyogre-Primal, shiny\n|-primal|p2a: Oger1|Blue Orb\n|-weather|PrimordialSea|[from] ability: Primordial Sea|[of] p2a: Oger1\n|turn|12\n|\n|t:|1698749976\n|move|p1a: Zacian|Wild Charge|p2a: Oger1\n|-supereffective|p2a: Oger1\n|-damage|p2a: Oger1|0 fnt\n|faint|p2a: Oger1\n|-weather|none\n|-damage|p1a: Zacian|26\/100|[from] Recoil\n|\n|upkeep\n|\n|t:|1698749983\n|switch|p2a: Arceus|Arceus-Ground, tera:Electric|38\/100\n|turn|13\n|\n|t:|1698749986\n|move|p1a: Zacian|Tera Blast|p2a: Arceus|[anim] Tera Blast Ground\n|-supereffective|p2a: Arceus\n|-damage|p2a: Arceus|0 fnt\n|faint|p2a: Arceus\n|\n|upkeep\n|\n|t:|1698749989\n|switch|p2a: Geomancy|Xerneas|100\/100\n|-ability|p2a: Geomancy|Fairy Aura\n|turn|14\n|\n|t:|1698749995\n|move|p1a: Zacian|Behemoth Blade|p2a: Geomancy\n|-supereffective|p2a: Geomancy\n|-damage|p2a: Geomancy|0 fnt\n|faint|p2a: Geomancy\n|\n|win|85792195wwww\n|raw|85792195wwww's rating: 1682 &rarr; <strong>1696<\/strong><br \/>(+14 for winning)\n|raw|kritath's rating: 1578 &rarr; <strong>1564<\/strong><br \/>(-14 for losing)\n|c|\u2606kritath|Gg\n|l|\u2606kritath\n|l|\u203d85792195wwww\n|l| shamatetuanzhang\n","uploadtime":1698750003,"views":9,"p1id":"85792195wwww","p2id":"kritath","formatid":"gen9nationaldexubers","rating":1564,"private":0,"password":""}