{"id":"gen9nationaldexubers-1980213137","p1":"12345Carter","p2":"KETAMlNE","format":"[Gen 9] National Dex Ubers","log":"|j|\u260612345Carter\n|j|\u2606KETAMlNE\n|t:|1698766768\n|gametype|singles\n|player|p1|12345Carter|2|1263\n|player|p2|KETAMlNE|2|1263\n|teamsize|p1|6\n|teamsize|p2|6\n|gen|9\n|tier|[Gen 9] National Dex Ubers\n|rated|\n|rule|HP Percentage Mod: HP is shown in percentages\n|rule|Endless Battle Clause: Forcing endless battles is banned\n|rule|OHKO Clause: OHKO moves are banned\n|rule|Evasion Moves Clause: Evasion moves are banned\n|rule|Evasion Items Clause: Evasion items are banned\n|rule|Species Clause: Limit one of each Pok\u00e9mon\n|rule|Sleep Clause Mod: Limit one foe put to sleep\n|rule|Mega Rayquaza Clause: You cannot mega evolve Rayquaza\n|clearpoke\n|poke|p1|Dracovish|\n|poke|p1|Necrozma-Dusk-Mane|\n|poke|p1|Mewtwo|\n|poke|p1|Ho-Oh|\n|poke|p1|Darkrai|\n|poke|p1|Genesect-Douse|\n|poke|p2|Salamence, F|\n|poke|p2|Heatran, M|\n|poke|p2|Meowscarada, F|\n|poke|p2|Annihilape, M|\n|poke|p2|Rotom-Wash|\n|poke|p2|Landorus-Therian, M|\n|teampreview\n|\n|t:|1698766773\n|start\n|switch|p1a: Necrozma|Necrozma-Dusk-Mane|100\/100\n|switch|p2a: Annihilape|Annihilape, M|100\/100\n|turn|1\n|inactive|Battle timer is ON: inactive players will automatically lose when time's up. (requested by KETAMlNE)\n|\n|t:|1698766779\n|move|p1a: Necrozma|Dragon Dance|p1a: Necrozma\n|-boost|p1a: Necrozma|atk|1\n|-boost|p1a: Necrozma|spe|1\n|move|p2a: Annihilape|Bulk Up|p2a: Annihilape\n|-boost|p2a: Annihilape|atk|1\n|-boost|p2a: Annihilape|def|1\n|\n|upkeep\n|turn|2\n|\n|t:|1698766784\n|detailschange|p1a: Necrozma|Necrozma-Ultra\n|-burst|p1a: Necrozma|Necrozma|Ultranecrozium Z\n|move|p1a: Necrozma|Photon Geyser|p2a: Annihilape\n|-supereffective|p2a: Annihilape\n|-damage|p2a: Annihilape|0 fnt\n|faint|p2a: Annihilape\n|\n|upkeep\n|\n|t:|1698766796\n|switch|p2a: Landorus|Landorus-Therian, M|100\/100\n|-ability|p2a: Landorus|Intimidate|boost\n|-unboost|p1a: Necrozma|atk|1\n|turn|3\n|\n|t:|1698766801\n|-zpower|p1a: Necrozma\n|move|p1a: Necrozma|Light That Burns the Sky|p2a: Landorus|[zeffect]\n|-damage|p2a: Landorus|0 fnt\n|faint|p2a: Landorus\n|\n|upkeep\n|\n|t:|1698766812\n|switch|p2a: Meowscarada|Meowscarada, F|100\/100\n|turn|4\n|\n|t:|1698766815\n|move|p1a: Necrozma|Sunsteel Strike|p2a: Meowscarada\n|-damage|p2a: Meowscarada|31\/100\n|move|p2a: Meowscarada|Knock Off|p1a: Necrozma\n|-start|p2a: Meowscarada|typechange|Dark|[from] ability: Protean\n|-supereffective|p1a: Necrozma\n|-damage|p1a: Necrozma|13\/100\n|\n|upkeep\n|turn|5\n|\n|t:|1698766824\n|move|p1a: Necrozma|Sunsteel Strike|p2a: Meowscarada\n|-damage|p2a: Meowscarada|0 fnt\n|faint|p2a: Meowscarada\n|\n|upkeep\n|\n|t:|1698766829\n|switch|p2a: Salamence|Salamence, F|100\/100\n|-ability|p2a: Salamence|Intimidate|boost\n|-unboost|p1a: Necrozma|atk|1\n|turn|6\n|\n|t:|1698766836\n|detailschange|p2a: Salamence|Salamence-Mega, F\n|-mega|p2a: Salamence|Salamence|Salamencite\n|move|p1a: Necrozma|Photon Geyser|p2a: Salamence\n|-damage|p2a: Salamence|55\/100\n|move|p2a: Salamence|Return|p1a: Necrozma\n|-damage|p1a: Necrozma|0 fnt\n|faint|p1a: Necrozma\n|\n|upkeep\n|\n|t:|1698766845\n|switch|p1a: Darkrai|Darkrai|100\/100\n|turn|7\n|\n|t:|1698766848\n|switch|p2a: Rotom|Rotom-Wash, shiny|100\/100\n|move|p1a: Darkrai|Dark Pulse|p2a: Rotom\n|-damage|p2a: Rotom|58\/100\n|\n|-heal|p2a: Rotom|64\/100|[from] item: Leftovers\n|upkeep\n|turn|8\n|\n|t:|1698766854\n|move|p1a: Darkrai|Hypnosis|p2a: Rotom\n|-status|p2a: Rotom|slp|[from] move: Hypnosis\n|cant|p2a: Rotom|slp\n|\n|-heal|p2a: Rotom|69\/100 slp|[from] item: Leftovers\n|-damage|p2a: Rotom|57\/100 slp|[from] ability: Bad Dreams|[of] p1a: Darkrai\n|upkeep\n|turn|9\n|\n|t:|1698766858\n|switch|p2a: Heatran|Heatran, M, shiny|100\/100\n|move|p1a: Darkrai|Hex|p2a: Heatran\n|-damage|p2a: Heatran|84\/100\n|\n|-heal|p2a: Heatran|90\/100|[from] item: Leftovers\n|upkeep\n|turn|10\n|\n|t:|1698766864\n|move|p1a: Darkrai|Dark Pulse|p2a: Heatran\n|-damage|p2a: Heatran|60\/100\n|move|p2a: Heatran|Stealth Rock|p1a: Darkrai\n|-sidestart|p1: 12345Carter|move: Stealth Rock\n|\n|-heal|p2a: Heatran|66\/100|[from] item: Leftovers\n|upkeep\n|turn|11\n|\n|t:|1698766868\n|move|p1a: Darkrai|Dark Pulse|p2a: Heatran\n|-damage|p2a: Heatran|34\/100\n|move|p2a: Heatran|Flamethrower|p1a: Darkrai\n|-damage|p1a: Darkrai|48\/100\n|-status|p1a: Darkrai|brn\n|\n|-heal|p2a: Heatran|41\/100|[from] item: Leftovers\n|-damage|p1a: Darkrai|42\/100 brn|[from] brn\n|upkeep\n|turn|12\n|\n|t:|1698766875\n|move|p1a: Darkrai|Dark Pulse|p2a: Heatran\n|-damage|p2a: Heatran|12\/100\n|move|p2a: Heatran|Flamethrower|p1a: Darkrai\n|-damage|p1a: Darkrai|0 fnt\n|faint|p1a: Darkrai\n|\n|-heal|p2a: Heatran|18\/100|[from] item: Leftovers\n|upkeep\n|\n|t:|1698766882\n|switch|p1a: Mewtwo|Mewtwo|100\/100\n|-ability|p1a: Mewtwo|Unnerve\n|-damage|p1a: Mewtwo|88\/100|[from] Stealth Rock\n|turn|13\n|\n|t:|1698766890\n|detailschange|p1a: Mewtwo|Mewtwo-Mega-X\n|-mega|p1a: Mewtwo|Mewtwo|Mewtwonite X\n|move|p1a: Mewtwo|Knock Off|p2a: Heatran\n|-damage|p2a: Heatran|0 fnt\n|-enditem|p2a: Heatran|Leftovers|[from] move: Knock Off|[of] p1a: Mewtwo\n|faint|p2a: Heatran\n|\n|upkeep\n|\n|t:|1698766897\n|switch|p2a: Rotom|Rotom-Wash, shiny|57\/100 slp\n|turn|14\n|\n|t:|1698766900\n|move|p1a: Mewtwo|Psycho Cut|p2a: Rotom\n|-crit|p2a: Rotom\n|-damage|p2a: Rotom|0 fnt\n|faint|p2a: Rotom\n|\n|upkeep\n|\n|t:|1698766904\n|switch|p2a: Salamence|Salamence-Mega, F|55\/100\n|turn|15\n|\n|t:|1698766907\n|move|p1a: Mewtwo|Psycho Cut|p2a: Salamence\n|-damage|p2a: Salamence|23\/100\n|move|p2a: Salamence|Dragon Dance|p2a: Salamence\n|-boost|p2a: Salamence|atk|1\n|-boost|p2a: Salamence|spe|1\n|\n|upkeep\n|turn|16\n|\n|t:|1698766914\n|move|p2a: Salamence|Return|p1a: Mewtwo\n|-supereffective|p1a: Mewtwo\n|-damage|p1a: Mewtwo|0 fnt\n|faint|p1a: Mewtwo\n|\n|upkeep\n|\n|t:|1698766917\n|switch|p1a: Genesect|Genesect-Douse, shiny|100\/100\n|-damage|p1a: Genesect|88\/100|[from] Stealth Rock\n|-ability|p1a: Genesect|Download|boost\n|-boost|p1a: Genesect|spa|1\n|turn|17\n|\n|t:|1698766923\n|move|p1a: Genesect|Extreme Speed|p2a: Salamence\n|-damage|p2a: Salamence|7\/100\n|move|p2a: Salamence|Return|p1a: Genesect\n|-damage|p1a: Genesect|0 fnt\n|faint|p1a: Genesect\n|\n|upkeep\n|\n|t:|1698766926\n|switch|p1a: Ho-Oh|Ho-Oh|100\/100\n|-damage|p1a: Ho-Oh|50\/100|[from] Stealth Rock\n|turn|18\n|\n|t:|1698766932\n|move|p2a: Salamence|Return|p1a: Ho-Oh\n|-damage|p1a: Ho-Oh|0 fnt\n|faint|p1a: Ho-Oh\n|\n|upkeep\n|\n|t:|1698766934\n|switch|p1a: Dracovish|Dracovish|100\/100\n|-damage|p1a: Dracovish|88\/100|[from] Stealth Rock\n|turn|19\n|\n|t:|1698766940\n|-terastallize|p1a: Dracovish|Water\n|move|p2a: Salamence|Return|p1a: Dracovish\n|-damage|p1a: Dracovish|0 fnt\n|faint|p1a: Dracovish\n|\n|win|KETAMlNE\n|raw|12345Carter's rating: 1263 &rarr; <strong>1238<\/strong><br \/>(-25 for losing)\n|raw|KETAMlNE's rating: 1263 &rarr; <strong>1288<\/strong><br \/>(+25 for winning)\n|l|\u260612345Carter\n|c|\u2606KETAMlNE|damn\n","uploadtime":1698766951,"views":9,"p1id":"12345carter","p2id":"ketamlne","formatid":"gen9nationaldexubers","rating":1238,"private":0,"password":""}