{"id":"gen9nationaldexubers-1998551191","p1":"TristanPlaysPKMN","p2":"Saber iron","format":"[Gen 9] National Dex Ubers","log":"|j|\u2606TristanPlaysPKMN\n|j|\u2606Saber iron\n|t:|1700955306\n|gametype|singles\n|player|p1|TristanPlaysPKMN|eusine|1371\n|player|p2|Saber iron|teamrocket|1326\n|teamsize|p1|6\n|teamsize|p2|6\n|gen|9\n|tier|[Gen 9] National Dex Ubers\n|rated|\n|rule|HP Percentage Mod: HP is shown in percentages\n|rule|Endless Battle Clause: Forcing endless battles is banned\n|rule|OHKO Clause: OHKO moves are banned\n|rule|Evasion Moves Clause: Evasion moves are banned\n|rule|Evasion Items Clause: Evasion items are banned\n|rule|Species Clause: Limit one of each Pok\u00e9mon\n|rule|Sleep Clause Mod: Limit one foe put to sleep\n|rule|Mega Rayquaza Clause: You cannot mega evolve Rayquaza\n|clearpoke\n|poke|p1|Zacian-*|\n|poke|p1|Ogerpon-Hearthflame, F|\n|poke|p1|Pheromosa|\n|poke|p1|Marshadow|\n|poke|p1|Gyarados, F|\n|poke|p1|Xerneas-*|\n|poke|p2|Victini|\n|poke|p2|Ursaluna-Bloodmoon, M|\n|poke|p2|Glimmora, M|\n|poke|p2|Quaquaval, F|\n|poke|p2|Sceptile, F|\n|poke|p2|Marshadow|\n|teampreview\n|inactive|Battle timer is ON: inactive players will automatically lose when time's up. (requested by Saber iron)\n|inactive|TristanPlaysPKMN also wants the timer to be on.\n|\n|t:|1700955313\n|start\n|switch|p1a: Leaping Roach|Pheromosa, shiny|100\/100\n|switch|p2a: Quaquaval|Quaquaval, F|100\/100\n|turn|1\n|\n|t:|1700955317\n|move|p1a: Leaping Roach|U-turn|p2a: Quaquaval\n|-resisted|p2a: Quaquaval\n|-damage|p2a: Quaquaval|73\/100\n|\n|t:|1700955321\n|switch|p1a: Fanged Sail|Gyarados, F, shiny|100\/100|[from] U-turn\n|-ability|p1a: Fanged Sail|Intimidate|boost\n|-unboost|p2a: Quaquaval|atk|1\n|move|p2a: Quaquaval|Aqua Step|p1a: Fanged Sail\n|-resisted|p1a: Fanged Sail\n|-damage|p1a: Fanged Sail|84\/100\n|-boost|p2a: Quaquaval|spe|1\n|\n|upkeep\n|turn|2\n|\n|t:|1700955347\n|switch|p2a: Glimmora|Glimmora, M|100\/100\n|switch|p1a: Shadow Thief|Marshadow|100\/100\n|\n|upkeep\n|turn|3\n|inactive|TristanPlaysPKMN has 120 seconds left.\n|\n|t:|1700955365\n|move|p1a: Shadow Thief|Close Combat|p2a: Glimmora\n|-damage|p2a: Glimmora|33\/100\n|-unboost|p1a: Shadow Thief|def|1\n|-unboost|p1a: Shadow Thief|spd|1\n|-activate|p2a: Glimmora|ability: Toxic Debris\n|-sidestart|p1: TristanPlaysPKMN|move: Toxic Spikes\n|move|p2a: Glimmora|Stealth Rock|p1a: Shadow Thief\n|-sidestart|p1: TristanPlaysPKMN|move: Stealth Rock\n|\n|upkeep\n|turn|4\n|\n|t:|1700955373\n|move|p1a: Shadow Thief|Close Combat|p2a: Glimmora\n|-damage|p2a: Glimmora|0 fnt\n|-unboost|p1a: Shadow Thief|def|1\n|-unboost|p1a: Shadow Thief|spd|1\n|-activate|p2a: Glimmora|ability: Toxic Debris\n|-sidestart|p1: TristanPlaysPKMN|move: Toxic Spikes\n|faint|p2a: Glimmora\n|\n|upkeep\n|\n|t:|1700955379\n|switch|p2a: Ursaluna|Ursaluna-Bloodmoon, M|100\/100\n|turn|5\n|\n|t:|1700955384\n|-terastallize|p2a: Ursaluna|Fairy\n|move|p1a: Shadow Thief|Close Combat|p2a: Ursaluna\n|-resisted|p2a: Ursaluna\n|-damage|p2a: Ursaluna|82\/100\n|-unboost|p1a: Shadow Thief|def|1\n|-unboost|p1a: Shadow Thief|spd|1\n|move|p2a: Ursaluna|Moonblast|p1a: Shadow Thief\n|-supereffective|p1a: Shadow Thief\n|-enditem|p1a: Shadow Thief|Focus Sash\n|-damage|p1a: Shadow Thief|1\/100\n|-unboost|p1a: Shadow Thief|spa|1\n|\n|upkeep\n|turn|6\n|\n|t:|1700955395\n|move|p1a: Shadow Thief|Spectral Thief|p2a: Ursaluna\n|-damage|p2a: Ursaluna|51\/100\n|move|p2a: Ursaluna|Moonblast|p1a: Shadow Thief\n|-supereffective|p1a: Shadow Thief\n|-damage|p1a: Shadow Thief|0 fnt\n|faint|p1a: Shadow Thief\n|\n|upkeep\n|\n|t:|1700955401\n|switch|p1a: Leaping Roach|Pheromosa, shiny|100\/100\n|-status|p1a: Leaping Roach|tox\n|-damage|p1a: Leaping Roach|88\/100 tox|[from] Stealth Rock\n|turn|7\n|\n|t:|1700955406\n|move|p1a: Leaping Roach|Rapid Spin|p2a: Ursaluna\n|-damage|p2a: Ursaluna|38\/100\n|-boost|p1a: Leaping Roach|spe|1\n|-sideend|p1: TristanPlaysPKMN|Toxic Spikes|[from] move: Rapid Spin|[of] p1a: Leaping Roach\n|-sideend|p1: TristanPlaysPKMN|Stealth Rock|[from] move: Rapid Spin|[of] p1a: Leaping Roach\n|move|p2a: Ursaluna|Moonblast|p1a: Leaping Roach\n|-supereffective|p1a: Leaping Roach\n|-damage|p1a: Leaping Roach|0 fnt\n|faint|p1a: Leaping Roach\n|\n|upkeep\n|\n|t:|1700955416\n|switch|p1a: Masked Ogre|Ogerpon-Hearthflame, F|100\/100\n|-ability|p1a: Masked Ogre|Mold Breaker\n|turn|8\n|\n|t:|1700955429\n|-terastallize|p1a: Masked Ogre|Fire\n|detailschange|p1a: Masked Ogre|Ogerpon-Hearthflame-Tera, F, tera:Fire\n|-ability|p1a: Masked Ogre|Embody Aspect (Hearthflame)|boost\n|-boost|p1a: Masked Ogre|atk|1\n|move|p1a: Masked Ogre|Swords Dance|p1a: Masked Ogre\n|-boost|p1a: Masked Ogre|atk|2\n|move|p2a: Ursaluna|Blood Moon|p1a: Masked Ogre\n|-damage|p1a: Masked Ogre|7\/100\n|\n|upkeep\n|turn|9\n|\n|t:|1700955457\n|move|p1a: Masked Ogre|Horn Leech|p2a: Ursaluna\n|-damage|p2a: Ursaluna|0 fnt\n|-heal|p1a: Masked Ogre|34\/100|[from] drain|[of] p2a: Ursaluna\n|faint|p2a: Ursaluna\n|\n|upkeep\n|\n|t:|1700955459\n|switch|p2a: Marshadow|Marshadow|100\/100\n|turn|10\n|\n|t:|1700955463\n|move|p2a: Marshadow|Spectral Thief||[still]\n|-clearpositiveboost|p1a: Masked Ogre|p2a: Marshadow|move: Spectral Thief\n|-boost|p2a: Marshadow|atk|3\n|-anim|p2a: Marshadow|Spectral Thief|p1a: Masked Ogre\n|-damage|p1a: Masked Ogre|0 fnt\n|faint|p1a: Masked Ogre\n|\n|upkeep\n|\n|t:|1700955472\n|switch|p1a: Loyal Blade|Zacian-Crowned, shiny|100\/100\n|-ability|p1a: Loyal Blade|Intrepid Sword|boost\n|-boost|p1a: Loyal Blade|atk|1\n|turn|11\n|\n|t:|1700955480\n|move|p2a: Marshadow|Shadow Sneak|p1a: Loyal Blade\n|-damage|p1a: Loyal Blade|29\/100\n|move|p1a: Loyal Blade|Play Rough|p2a: Marshadow\n|-supereffective|p2a: Marshadow\n|-damage|p2a: Marshadow|0 fnt\n|faint|p2a: Marshadow\n|\n|upkeep\n|\n|t:|1700955485\n|switch|p2a: Victini|Victini|100\/100\n|turn|12\n|\n|t:|1700955488\n|switch|p1a: Fanged Sail|Gyarados, F, shiny|84\/100\n|-ability|p1a: Fanged Sail|Intimidate|boost\n|-unboost|p2a: Victini|atk|1\n|move|p2a: Victini|V-create|p1a: Fanged Sail\n|-resisted|p1a: Fanged Sail\n|-damage|p1a: Fanged Sail|50\/100\n|-unboost|p2a: Victini|spe|1\n|-unboost|p2a: Victini|def|1\n|-unboost|p2a: Victini|spd|1\n|\n|upkeep\n|turn|13\n|\n|t:|1700955500\n|switch|p2a: Quaquaval|Quaquaval, F|73\/100\n|detailschange|p1a: Fanged Sail|Gyarados-Mega, F, shiny\n|-mega|p1a: Fanged Sail|Gyarados|Gyaradosite\n|-ability|p1a: Fanged Sail|Mold Breaker\n|move|p1a: Fanged Sail|Crunch|p2a: Quaquaval\n|-resisted|p2a: Quaquaval\n|-damage|p2a: Quaquaval|39\/100\n|-unboost|p2a: Quaquaval|def|1\n|\n|upkeep\n|turn|14\n|\n|t:|1700955506\n|move|p2a: Quaquaval|Close Combat|p1a: Fanged Sail\n|-supereffective|p1a: Fanged Sail\n|-damage|p1a: Fanged Sail|0 fnt\n|-unboost|p2a: Quaquaval|def|1\n|-unboost|p2a: Quaquaval|spd|1\n|faint|p1a: Fanged Sail\n|-ability|p2a: Quaquaval|Moxie|boost\n|-boost|p2a: Quaquaval|atk|1\n|\n|upkeep\n|\n|t:|1700955512\n|switch|p1a: Loyal Blade|Zacian-Crowned, shiny|29\/100\n|turn|15\n|\n|t:|1700955514\n|move|p1a: Loyal Blade|Play Rough|p2a: Quaquaval\n|-supereffective|p2a: Quaquaval\n|-damage|p2a: Quaquaval|0 fnt\n|faint|p2a: Quaquaval\n|\n|upkeep\n|\n|t:|1700955516\n|switch|p2a: Victini|Victini|100\/100\n|turn|16\n|\n|t:|1700955532\n|move|p2a: Victini|V-create|p1a: Loyal Blade\n|-supereffective|p1a: Loyal Blade\n|-damage|p1a: Loyal Blade|0 fnt\n|-unboost|p2a: Victini|spe|1\n|-unboost|p2a: Victini|def|1\n|-unboost|p2a: Victini|spd|1\n|faint|p1a: Loyal Blade\n|\n|upkeep\n|\n|t:|1700955534\n|switch|p1a: Mystic Majesty|Xerneas, shiny|100\/100\n|-ability|p1a: Mystic Majesty|Fairy Aura\n|turn|17\n|\n|t:|1700955543\n|switch|p2a: Sceptile|Sceptile, F|100\/100\n|move|p1a: Mystic Majesty|Substitute|p1a: Mystic Majesty\n|-start|p1a: Mystic Majesty|Substitute\n|-damage|p1a: Mystic Majesty|76\/100\n|\n|upkeep\n|turn|18\n|\n|t:|1700955548\n|detailschange|p2a: Sceptile|Sceptile-Mega, F\n|-mega|p2a: Sceptile|Sceptile|Sceptilite\n|move|p2a: Sceptile|Leaf Storm|p1a: Mystic Majesty\n|-end|p1a: Mystic Majesty|Substitute\n|-unboost|p2a: Sceptile|spa|2\n|move|p1a: Mystic Majesty|Geomancy||[still]\n|-prepare|p1a: Mystic Majesty|Geomancy\n|-enditem|p1a: Mystic Majesty|Power Herb\n|-anim|p1a: Mystic Majesty|Geomancy|p1a: Mystic Majesty\n|-boost|p1a: Mystic Majesty|spa|2\n|-boost|p1a: Mystic Majesty|spd|2\n|-boost|p1a: Mystic Majesty|spe|2\n|\n|upkeep\n|turn|19\n|\n|t:|1700955557\n|move|p1a: Mystic Majesty|Substitute|p1a: Mystic Majesty\n|-start|p1a: Mystic Majesty|Substitute\n|-damage|p1a: Mystic Majesty|51\/100\n|move|p2a: Sceptile|Leaf Storm|p1a: Mystic Majesty|[miss]\n|-miss|p2a: Sceptile|p1a: Mystic Majesty\n|\n|upkeep\n|turn|20\n|\n|t:|1700955562\n|move|p1a: Mystic Majesty|Geomancy||[still]\n|-prepare|p1a: Mystic Majesty|Geomancy\n|move|p2a: Sceptile|Leaf Storm|p1a: Mystic Majesty\n|-activate|p1a: Mystic Majesty|move: Substitute|[damage]\n|-unboost|p2a: Sceptile|spa|2\n|\n|upkeep\n|turn|21\n|\n|t:|1700955566\n|move|p1a: Mystic Majesty|Geomancy|p1a: Mystic Majesty|[from]lockedmove\n|-boost|p1a: Mystic Majesty|spa|2\n|-boost|p1a: Mystic Majesty|spd|2\n|-boost|p1a: Mystic Majesty|spe|2\n|move|p2a: Sceptile|Leaf Storm|p1a: Mystic Majesty\n|-activate|p1a: Mystic Majesty|move: Substitute|[damage]\n|-unboost|p2a: Sceptile|spa|2\n|\n|upkeep\n|turn|22\n|\n|t:|1700955572\n|move|p1a: Mystic Majesty|Moonblast|p2a: Sceptile\n|-supereffective|p2a: Sceptile\n|-damage|p2a: Sceptile|0 fnt\n|faint|p2a: Sceptile\n|\n|upkeep\n|\n|t:|1700955574\n|switch|p2a: Victini|Victini|100\/100\n|turn|23\n|\n|t:|1700955583\n|move|p1a: Mystic Majesty|Thunderbolt|p2a: Victini\n|-damage|p2a: Victini|4\/100\n|-status|p2a: Victini|par\n|move|p2a: Victini|V-create|p1a: Mystic Majesty\n|-end|p1a: Mystic Majesty|Substitute\n|-unboost|p2a: Victini|spe|1\n|-unboost|p2a: Victini|def|1\n|-unboost|p2a: Victini|spd|1\n|\n|upkeep\n|turn|24\n|-message|Saber iron forfeited.\n|\n|win|TristanPlaysPKMN\n|raw|TristanPlaysPKMN's rating: 1371 &rarr; <strong>1388<\/strong><br \/>(+17 for winning)\n|raw|Saber iron's rating: 1326 &rarr; <strong>1309<\/strong><br \/>(-17 for losing)\n|l|\u2606Saber iron\n","uploadtime":1700955593,"views":3,"p1id":"tristanplayspkmn","p2id":"saberiron","formatid":"gen9nationaldexubers","rating":1309,"private":0,"password":""}