{"id":"gen9nationaldexubers-1978551459","p1":"ImNotJorgito","p2":"Angel Karma","format":"[Gen 9] National Dex Ubers","log":"|j|\u2606ImNotJorgito\n|j|\u2606Angel Karma\n|t:|1698554607\n|gametype|singles\n|player|p1|ImNotJorgito|101|1448\n|player|p2|Angel Karma|unknown|1516\n|teamsize|p1|6\n|teamsize|p2|6\n|gen|9\n|tier|[Gen 9] National Dex Ubers\n|rated|\n|rule|HP Percentage Mod: HP is shown in percentages\n|rule|Endless Battle Clause: Forcing endless battles is banned\n|rule|OHKO Clause: OHKO moves are banned\n|rule|Evasion Moves Clause: Evasion moves are banned\n|rule|Evasion Items Clause: Evasion items are banned\n|rule|Species Clause: Limit one of each Pok\u00e9mon\n|rule|Sleep Clause Mod: Limit one foe put to sleep\n|rule|Mega Rayquaza Clause: You cannot mega evolve Rayquaza\n|clearpoke\n|poke|p1|Grimmsnarl, M|\n|poke|p1|Groudon|\n|poke|p1|Necrozma-Dusk-Mane|\n|poke|p1|Xerneas-*|\n|poke|p1|Arceus-Ground|\n|poke|p1|Marshadow|\n|poke|p2|Haxorus, M|\n|poke|p2|Groudon|\n|poke|p2|Basculegion, M|\n|poke|p2|Yveltal|\n|poke|p2|Flutter Mane|\n|poke|p2|Lucario, M|\n|teampreview\n|\n|t:|1698554620\n|start\n|switch|p1a: Grimmsnarl|Grimmsnarl, M, shiny|100\/100\n|switch|p2a: Groudon|Groudon, shiny|100\/100\n|detailschange|p2a: Groudon|Groudon-Primal, shiny\n|-primal|p2a: Groudon|Red Orb\n|-weather|DesolateLand|[from] ability: Desolate Land|[of] p2a: Groudon\n|turn|1\n|\n|t:|1698554631\n|move|p1a: Grimmsnarl|Taunt|p2a: Groudon\n|-start|p2a: Groudon|move: Taunt\n|move|p2a: Groudon|Heat Crash|p1a: Grimmsnarl\n|-damage|p1a: Grimmsnarl|2\/100\n|\n|-weather|DesolateLand|[upkeep]\n|upkeep\n|turn|2\n|\n|t:|1698554642\n|move|p1a: Grimmsnarl|Parting Shot|p2a: Groudon\n|-unboost|p2a: Groudon|atk|1\n|-unboost|p2a: Groudon|spa|1\n|\n|t:|1698554645\n|switch|p1a: Groudon|Groudon|100\/100|[from] Parting Shot\n|detailschange|p1a: Groudon|Groudon-Primal\n|-primal|p1a: Groudon|Red Orb\n|move|p2a: Groudon|Heat Crash|p1a: Groudon\n|-resisted|p1a: Groudon\n|-damage|p1a: Groudon|91\/100\n|\n|-weather|DesolateLand|[upkeep]\n|upkeep\n|turn|3\n|\n|t:|1698554656\n|switch|p2a: Yveltal|Yveltal|100\/100\n|-ability|p2a: Yveltal|Dark Aura\n|move|p1a: Groudon|Precipice Blades|p2a: Yveltal\n|-immune|p2a: Yveltal\n|\n|-weather|DesolateLand|[upkeep]\n|upkeep\n|turn|4\n|\n|t:|1698554665\n|move|p2a: Yveltal|Dark Pulse|p1a: Groudon\n|-damage|p1a: Groudon|33\/100\n|move|p1a: Groudon|Stealth Rock|p2a: Yveltal\n|-sidestart|p2: Angel Karma|move: Stealth Rock\n|\n|-weather|DesolateLand|[upkeep]\n|upkeep\n|turn|5\n|\n|t:|1698554675\n|-weather|none\n|switch|p1a: Grimmsnarl|Grimmsnarl, M, shiny|2\/100\n|move|p2a: Yveltal|Dark Pulse|p1a: Grimmsnarl\n|-resisted|p1a: Grimmsnarl\n|-damage|p1a: Grimmsnarl|0 fnt\n|faint|p1a: Grimmsnarl\n|\n|upkeep\n|\n|t:|1698554683\n|switch|p1a: Necrozma|Necrozma-Dusk-Mane|100\/100\n|turn|6\n|\n|t:|1698554689\n|-terastallize|p2a: Yveltal|Dark\n|move|p2a: Yveltal|Dark Pulse|p1a: Necrozma\n|-supereffective|p1a: Necrozma\n|-damage|p1a: Necrozma|0 fnt\n|faint|p1a: Necrozma\n|\n|upkeep\n|\n|t:|1698554700\n|switch|p1a: Xerneas|Xerneas, shiny|100\/100\n|-ability|p1a: Xerneas|Fairy Aura\n|turn|7\n|\n|t:|1698554706\n|switch|p2a: Haxorus|Haxorus, M|100\/100\n|-damage|p2a: Haxorus|88\/100|[from] Stealth Rock\n|-ability|p2a: Haxorus|Mold Breaker\n|move|p1a: Xerneas|Moonblast|p2a: Haxorus\n|-supereffective|p2a: Haxorus\n|-crit|p2a: Haxorus\n|-damage|p2a: Haxorus|0 fnt\n|faint|p2a: Haxorus\n|\n|upkeep\n|\n|t:|1698554718\n|switch|p2a: Groudon|Groudon-Primal, shiny|100\/100\n|-damage|p2a: Groudon|88\/100|[from] Stealth Rock\n|-weather|DesolateLand|[from] ability: Desolate Land|[of] p2a: Groudon\n|turn|8\n|\n|t:|1698554725\n|switch|p1a: Groudon|Groudon-Primal|33\/100\n|move|p2a: Groudon|Rock Polish|p2a: Groudon\n|-boost|p2a: Groudon|spe|2\n|\n|-weather|DesolateLand|[upkeep]\n|upkeep\n|turn|9\n|\n|t:|1698554732\n|move|p2a: Groudon|Precipice Blades|p1a: Groudon\n|-supereffective|p1a: Groudon\n|-damage|p1a: Groudon|0 fnt\n|faint|p1a: Groudon\n|\n|-weather|DesolateLand|[upkeep]\n|upkeep\n|\n|t:|1698554738\n|switch|p1a: Arceus|Arceus-Ground|100\/100\n|turn|10\n|\n|t:|1698554742\n|-weather|none\n|switch|p2a: Yveltal|Yveltal, tera:Dark|100\/100\n|-damage|p2a: Yveltal|88\/100|[from] Stealth Rock\n|-ability|p2a: Yveltal|Dark Aura\n|move|p1a: Arceus|Judgment|p2a: Yveltal\n|-damage|p2a: Yveltal|38\/100\n|\n|upkeep\n|turn|11\n|\n|t:|1698554767\n|move|p2a: Yveltal|Oblivion Wing|p1a: Arceus\n|-damage|p1a: Arceus|68\/100\n|-heal|p2a: Yveltal|61\/100|[from] drain|[of] p1a: Arceus\n|move|p1a: Arceus|Judgment|p2a: Yveltal\n|-damage|p2a: Yveltal|14\/100\n|\n|upkeep\n|turn|12\n|\n|t:|1698554778\n|move|p2a: Yveltal|Oblivion Wing|p1a: Arceus\n|-damage|p1a: Arceus|34\/100\n|-heal|p2a: Yveltal|38\/100|[from] drain|[of] p1a: Arceus\n|move|p1a: Arceus|Judgment|p2a: Yveltal\n|-damage|p2a: Yveltal|0 fnt\n|faint|p2a: Yveltal\n|\n|upkeep\n|\n|t:|1698554791\n|switch|p2a: Basculegion|Basculegion, M|100\/100\n|-damage|p2a: Basculegion|88\/100|[from] Stealth Rock\n|turn|13\n|\n|t:|1698554799\n|move|p2a: Basculegion|Last Respects|p1a: Arceus\n|-damage|p1a: Arceus|0 fnt\n|faint|p1a: Arceus\n|\n|upkeep\n|\n|t:|1698554803\n|switch|p1a: Xerneas|Xerneas, shiny|100\/100\n|-ability|p1a: Xerneas|Fairy Aura\n|turn|14\n|\n|t:|1698554809\n|move|p2a: Basculegion|Last Respects|p1a: Xerneas\n|-crit|p1a: Xerneas\n|-damage|p1a: Xerneas|0 fnt\n|faint|p1a: Xerneas\n|\n|upkeep\n|\n|t:|1698554813\n|switch|p1a: Marshadow|Marshadow|100\/100\n|turn|15\n|\n|t:|1698554817\n|-terastallize|p1a: Marshadow|Ghost\n|move|p1a: Marshadow|Shadow Sneak|p2a: Basculegion\n|-supereffective|p2a: Basculegion\n|-damage|p2a: Basculegion|0 fnt\n|faint|p2a: Basculegion\n|\n|upkeep\n|\n|t:|1698554824\n|switch|p2a: Groudon|Groudon-Primal, shiny|88\/100\n|-damage|p2a: Groudon|76\/100|[from] Stealth Rock\n|-weather|DesolateLand|[from] ability: Desolate Land|[of] p2a: Groudon\n|turn|16\n|\n|t:|1698554832\n|move|p1a: Marshadow|Swagger|p2a: Groudon\n|-boost|p2a: Groudon|atk|2\n|-enditem|p1a: Marshadow|Mirror Herb\n|-boost|p1a: Marshadow|atk|2|[from] item: Mirror Herb\n|-start|p2a: Groudon|confusion\n|-activate|p2a: Groudon|confusion\n|move|p2a: Groudon|Heat Crash|p1a: Marshadow\n|-damage|p1a: Marshadow|0 fnt\n|faint|p1a: Marshadow\n|\n|win|Angel Karma\n|raw|ImNotJorgito's rating: 1448 &rarr; <strong>1432<\/strong><br \/>(-16 for losing)\n|raw|Angel Karma's rating: 1516 &rarr; <strong>1532<\/strong><br \/>(+16 for winning)\n|c|\u2606ImNotJorgito|Gg\n|l|\u2606ImNotJorgito\n","uploadtime":1698554857,"views":10,"p1id":"imnotjorgito","p2id":"angelkarma","formatid":"gen9nationaldexubers","rating":1432,"private":0,"password":""}