{"id":"gen9nationaldexubers-2000448409","p1":"Mistery Gold","p2":"SandSkeleton","format":"[Gen 9] National Dex Ubers","log":"|j|\u2606Mistery Gold\n|j|\u2606SandSkeleton\n|t:|1701195689\n|gametype|singles\n|player|p1|Mistery Gold|tate|1287\n|player|p2|SandSkeleton|265|1336\n|teamsize|p1|6\n|teamsize|p2|6\n|gen|9\n|tier|[Gen 9] National Dex Ubers\n|rated|\n|rule|HP Percentage Mod: HP is shown in percentages\n|rule|Endless Battle Clause: Forcing endless battles is banned\n|rule|OHKO Clause: OHKO moves are banned\n|rule|Evasion Moves Clause: Evasion moves are banned\n|rule|Evasion Items Clause: Evasion items are banned\n|rule|Species Clause: Limit one of each Pok\u00e9mon\n|rule|Sleep Clause Mod: Limit one foe put to sleep\n|rule|Mega Rayquaza Clause: You cannot mega evolve Rayquaza\n|clearpoke\n|poke|p1|Xerneas-*|\n|poke|p1|Lucario, M|\n|poke|p1|Greninja-*, M|\n|poke|p1|Palafin, M|\n|poke|p1|Roaring Moon|\n|poke|p1|Gastrodon-East, F|\n|poke|p2|Arceus-Flying|\n|poke|p2|Marshadow|\n|poke|p2|Groudon|\n|poke|p2|Gliscor, F|\n|poke|p2|Grimmsnarl, M|\n|poke|p2|Iron Bundle|\n|teampreview\n|\n|t:|1701195700\n|start\n|switch|p1a: Gastrodon|Gastrodon-East, F|100\/100\n|switch|p2a: heheheha|Grimmsnarl, M|100\/100\n|turn|1\n|\n|t:|1701195710\n|move|p2a: heheheha|Fake Out|p1a: Gastrodon\n|-damage|p1a: Gastrodon|90\/100\n|cant|p1a: Gastrodon|flinch\n|\n|-heal|p1a: Gastrodon|96\/100|[from] item: Leftovers\n|upkeep\n|turn|2\n|\n|t:|1701195731\n|move|p2a: heheheha|Trick|p1a: Gastrodon\n|-activate|p2a: heheheha|move: Trick|[of] p1a: Gastrodon\n|-item|p1a: Gastrodon|Lagging Tail|[from] move: Trick\n|-item|p2a: heheheha|Leftovers|[from] move: Trick\n|move|p1a: Gastrodon|Stealth Rock|p2a: heheheha\n|-sidestart|p2: SandSkeleton|move: Stealth Rock\n|\n|upkeep\n|turn|3\n|\n|t:|1701195744\n|move|p2a: heheheha|Taunt|p1a: Gastrodon\n|-start|p1a: Gastrodon|move: Taunt\n|cant|p1a: Gastrodon|move: Taunt|Toxic\n|\n|upkeep\n|turn|4\n|\n|t:|1701195749\n|move|p2a: heheheha|Parting Shot|p1a: Gastrodon\n|-unboost|p1a: Gastrodon|atk|1\n|-unboost|p1a: Gastrodon|spa|1\n|\n|t:|1701195755\n|switch|p2a: a few hazards|Gliscor, F|100\/100|[from] Parting Shot\n|-damage|p2a: a few hazards|88\/100|[from] Stealth Rock\n|move|p1a: Gastrodon|Scald|p2a: a few hazards\n|-supereffective|p2a: a few hazards\n|-damage|p2a: a few hazards|41\/100\n|\n|-status|p2a: a few hazards|tox|[from] item: Toxic Orb\n|upkeep\n|turn|5\n|\n|t:|1701195772\n|move|p2a: a few hazards|Tailwind|p2a: a few hazards\n|-sidestart|p2: SandSkeleton|move: Tailwind\n|move|p1a: Gastrodon|Scald|p2a: a few hazards\n|-supereffective|p2a: a few hazards\n|-damage|p2a: a few hazards|0 fnt\n|faint|p2a: a few hazards\n|\n|-end|p1a: Gastrodon|move: Taunt\n|upkeep\n|\n|t:|1701195791\n|switch|p2a: eggman|Iron Bundle|100\/100\n|-damage|p2a: eggman|76\/100|[from] Stealth Rock\n|-enditem|p2a: eggman|Booster Energy\n|-activate|p2a: eggman|ability: Quark Drive|[fromitem]\n|-start|p2a: eggman|quarkdrivespa\n|turn|6\n|\n|t:|1701195797\n|move|p2a: eggman|Freeze-Dry|p1a: Gastrodon\n|-supereffective|p1a: Gastrodon\n|-damage|p1a: Gastrodon|0 fnt\n|faint|p1a: Gastrodon\n|\n|upkeep\n|\n|t:|1701195813\n|switch|p1a: Xerneas|Xerneas|100\/100\n|-ability|p1a: Xerneas|Fairy Aura\n|turn|7\n|\n|t:|1701195827\n|-end|p2a: eggman|Quark Drive|[silent]\n|switch|p2a: yoink|Marshadow|100\/100\n|-damage|p2a: yoink|94\/100|[from] Stealth Rock\n|move|p1a: Xerneas|Geomancy||[still]\n|-prepare|p1a: Xerneas|Geomancy\n|-enditem|p1a: Xerneas|Power Herb\n|-anim|p1a: Xerneas|Geomancy|p1a: Xerneas\n|-boost|p1a: Xerneas|spa|2\n|-boost|p1a: Xerneas|spd|2\n|-boost|p1a: Xerneas|spe|2\n|\n|upkeep\n|turn|8\n|\n|t:|1701195839\n|-terastallize|p1a: Xerneas|Fairy\n|move|p2a: yoink|Iron Head|p1a: Xerneas\n|-supereffective|p1a: Xerneas\n|-damage|p1a: Xerneas|51\/100\n|move|p1a: Xerneas|Moonblast|p2a: yoink\n|-supereffective|p2a: yoink\n|-damage|p2a: yoink|0 fnt\n|faint|p2a: yoink\n|\n|-sideend|p2: SandSkeleton|move: Tailwind\n|upkeep\n|\n|t:|1701195895\n|switch|p2a: heheheha|Grimmsnarl, M|100\/100\n|-damage|p2a: heheheha|88\/100|[from] Stealth Rock\n|turn|9\n|\n|t:|1701195905\n|move|p2a: heheheha|Fake Out|p1a: Xerneas\n|-damage|p1a: Xerneas|41\/100\n|cant|p1a: Xerneas|flinch\n|\n|-heal|p2a: heheheha|94\/100|[from] item: Leftovers\n|upkeep\n|turn|10\n|\n|t:|1701195912\n|move|p2a: heheheha|Parting Shot|p1a: Xerneas\n|-unboost|p1a: Xerneas|atk|1\n|-unboost|p1a: Xerneas|spa|1\n|\n|t:|1701195918\n|switch|p2a: Groudon|Groudon|100\/100|[from] Parting Shot\n|-damage|p2a: Groudon|94\/100|[from] Stealth Rock\n|detailschange|p2a: Groudon|Groudon-Primal\n|-primal|p2a: Groudon|Red Orb\n|-weather|DesolateLand|[from] ability: Desolate Land|[of] p2a: Groudon\n|move|p1a: Xerneas|Moonblast|p2a: Groudon\n|-resisted|p2a: Groudon\n|-damage|p2a: Groudon|30\/100\n|\n|-weather|DesolateLand|[upkeep]\n|upkeep\n|turn|11\n|\n|t:|1701195931\n|move|p1a: Xerneas|Moonblast|p2a: Groudon\n|-resisted|p2a: Groudon\n|-damage|p2a: Groudon|0 fnt\n|faint|p2a: Groudon\n|-weather|none\n|\n|upkeep\n|\n|t:|1701195939\n|switch|p2a: Arceus Steel|Arceus-Flying|100\/100\n|-damage|p2a: Arceus Steel|76\/100|[from] Stealth Rock\n|turn|12\n|\n|t:|1701195953\n|-terastallize|p2a: Arceus Steel|Normal\n|move|p2a: Arceus Steel|Extreme Speed|p1a: Xerneas\n|-damage|p1a: Xerneas|0 fnt\n|faint|p1a: Xerneas\n|\n|upkeep\n|\n|t:|1701195960\n|switch|p1a: Lucario|Lucario, M|100\/100\n|turn|13\n|\n|t:|1701195967\n|detailschange|p1a: Lucario|Lucario-Mega, M\n|-mega|p1a: Lucario|Lucario|Lucarionite\n|move|p2a: Arceus Steel|Flare Blitz|p1a: Lucario\n|-supereffective|p1a: Lucario\n|-crit|p1a: Lucario\n|-damage|p1a: Lucario|0 fnt\n|faint|p1a: Lucario\n|-damage|p2a: Arceus Steel|51\/100|[from] Recoil\n|\n|upkeep\n|\n|t:|1701195973\n|switch|p1a: Palafin|Palafin, M|100\/100\n|turn|14\n|\n|t:|1701195978\n|move|p2a: Arceus Steel|Swords Dance|p2a: Arceus Steel\n|-boost|p2a: Arceus Steel|atk|2\n|move|p1a: Palafin|Drain Punch|p2a: Arceus Steel\n|-supereffective|p2a: Arceus Steel\n|-damage|p2a: Arceus Steel|7\/100\n|\n|upkeep\n|turn|15\n|\n|t:|1701195985\n|move|p2a: Arceus Steel|Extreme Speed|p1a: Palafin\n|-damage|p1a: Palafin|0 fnt\n|faint|p1a: Palafin\n|\n|upkeep\n|\n|t:|1701195988\n|switch|p1a: Greninja|Greninja, M|100\/100\n|turn|16\n|\n|t:|1701195995\n|move|p2a: Arceus Steel|Extreme Speed|p1a: Greninja\n|-enditem|p1a: Greninja|Focus Sash\n|-damage|p1a: Greninja|1\/100\n|move|p1a: Greninja|Dark Pulse|p2a: Arceus Steel\n|-damage|p2a: Arceus Steel|0 fnt\n|faint|p2a: Arceus Steel\n|-ability|p1a: Greninja|Battle Bond|boost\n|-boost|p1a: Greninja|atk|1\n|-boost|p1a: Greninja|spa|1\n|-boost|p1a: Greninja|spe|1\n|-activate|p1a: Greninja|ability: Battle Bond\n|\n|upkeep\n|\n|t:|1701196007\n|switch|p2a: eggman|Iron Bundle|76\/100\n|-damage|p2a: eggman|51\/100|[from] Stealth Rock\n|turn|17\n|\n|t:|1701196020\n|move|p1a: Greninja|Dark Pulse|p2a: eggman\n|-damage|p2a: eggman|0 fnt\n|faint|p2a: eggman\n|-end|p2a: eggman|Quark Drive|[silent]\n|\n|upkeep\n|\n|t:|1701196033\n|switch|p2a: heheheha|Grimmsnarl, M|94\/100\n|-damage|p2a: heheheha|82\/100|[from] Stealth Rock\n|turn|18\n|\n|t:|1701196051\n|move|p2a: heheheha|Fake Out|p1a: Greninja\n|-damage|p1a: Greninja|0 fnt\n|faint|p1a: Greninja\n|\n|-heal|p2a: heheheha|88\/100|[from] item: Leftovers\n|upkeep\n|\n|t:|1701196053\n|switch|p1a: Roaring Moon|Roaring Moon|100\/100\n|turn|19\n|\n|t:|1701196068\n|move|p2a: heheheha|Trick|p1a: Roaring Moon\n|-hint|Since gen 7, Dark is immune to Prankster moves.\n|-immune|p1a: Roaring Moon\n|move|p1a: Roaring Moon|Dragon Dance|p1a: Roaring Moon\n|-boost|p1a: Roaring Moon|atk|1\n|-boost|p1a: Roaring Moon|spe|1\n|\n|-heal|p2a: heheheha|94\/100|[from] item: Leftovers\n|upkeep\n|turn|20\n|\n|t:|1701196078\n|move|p2a: heheheha|Taunt|p1a: Roaring Moon\n|-hint|Since gen 7, Dark is immune to Prankster moves.\n|-immune|p1a: Roaring Moon\n|move|p1a: Roaring Moon|Iron Head|p2a: heheheha\n|-supereffective|p2a: heheheha\n|-damage|p2a: heheheha|0 fnt\n|faint|p2a: heheheha\n|\n|win|Mistery Gold\n|raw|Mistery Gold's rating: 1287 &rarr; <strong>1316<\/strong><br \/>(+29 for winning)\n|raw|SandSkeleton's rating: 1336 &rarr; <strong>1313<\/strong><br \/>(-23 for losing)\n","uploadtime":1701196135,"views":1,"p1id":"misterygold","p2id":"sandskeleton","formatid":"gen9nationaldexubers","rating":1313,"private":0,"password":""}