{"id":"gen9nationaldexubers-1986184702","p1":"Chaitanya15","p2":"Incredible Gassy","format":"[Gen 9] National Dex Ubers","log":"|j|\u2606Chaitanya15\n|j|\u2606Incredible Gassy\n|t:|1699457942\n|gametype|singles\n|player|p1|Chaitanya15|266|1474\n|player|p2|Incredible Gassy|kieran|1752\n|teamsize|p1|6\n|teamsize|p2|6\n|gen|9\n|tier|[Gen 9] National Dex Ubers\n|rated|\n|rule|HP Percentage Mod: HP is shown in percentages\n|rule|Endless Battle Clause: Forcing endless battles is banned\n|rule|OHKO Clause: OHKO moves are banned\n|rule|Evasion Moves Clause: Evasion moves are banned\n|rule|Evasion Items Clause: Evasion items are banned\n|rule|Species Clause: Limit one of each Pok\u00e9mon\n|rule|Sleep Clause Mod: Limit one foe put to sleep\n|rule|Mega Rayquaza Clause: You cannot mega evolve Rayquaza\n|clearpoke\n|poke|p1|Kingambit, M|\n|poke|p1|Basculegion, M|\n|poke|p1|Kyogre|\n|poke|p1|Flutter Mane|\n|poke|p1|Deoxys-Speed|\n|poke|p1|Groudon|\n|poke|p2|Rayquaza|\n|poke|p2|Hatterene, F|\n|poke|p2|Melmetal|\n|poke|p2|Kyogre|\n|poke|p2|Calyrex-Ice|\n|poke|p2|Arceus|\n|teampreview\n|inactive|Battle timer is ON: inactive players will automatically lose when time's up. (requested by Incredible Gassy)\n|\n|t:|1699457959\n|start\n|switch|p1a: Kyogre|Kyogre|100\/100\n|switch|p2a: Emerald|Rayquaza|100\/100\n|-weather|RainDance|[from] ability: Drizzle|[of] p1a: Kyogre\n|-ability|p2a: Emerald|Air Lock\n|turn|1\n|\n|t:|1699457968\n|-terastallize|p2a: Emerald|Normal\n|move|p1a: Kyogre|Hidden Power|p2a: Emerald\n|-damage|p2a: Emerald|81\/100\n|move|p2a: Emerald|Dragon Ascent|p1a: Kyogre\n|-damage|p1a: Kyogre|0 fnt\n|-unboost|p2a: Emerald|def|1\n|-unboost|p2a: Emerald|spd|1\n|faint|p1a: Kyogre\n|-damage|p2a: Emerald|71\/100|[from] item: Life Orb\n|\n|-weather|RainDance|[upkeep]\n|upkeep\n|\n|t:|1699457994\n|switch|p1a: Groudon|Groudon|100\/100\n|detailschange|p1a: Groudon|Groudon-Primal\n|-primal|p1a: Groudon|Red Orb\n|-weather|DesolateLand|[from] ability: Desolate Land|[of] p1a: Groudon\n|turn|2\n|\n|t:|1699458004\n|move|p1a: Groudon|Rock Polish|p1a: Groudon\n|-boost|p1a: Groudon|spe|2\n|move|p2a: Emerald|Surf|p1a: Groudon\n|-supereffective|p1a: Groudon\n|-damage|p1a: Groudon|0 fnt\n|faint|p1a: Groudon\n|-weather|none\n|-damage|p2a: Emerald|61\/100|[from] item: Life Orb\n|\n|upkeep\n|\n|t:|1699458015\n|switch|p1a: Kingambit|Kingambit, M|100\/100\n|-activate|p1a: Kingambit|ability: Supreme Overlord\n|-start|p1a: Kingambit|fallen2|[silent]\n|turn|3\n|\n|t:|1699458021\n|move|p2a: Emerald|V-create|p1a: Kingambit\n|-supereffective|p1a: Kingambit\n|-damage|p1a: Kingambit|0 fnt\n|-unboost|p2a: Emerald|spe|1\n|-unboost|p2a: Emerald|def|1\n|-unboost|p2a: Emerald|spd|1\n|faint|p1a: Kingambit\n|-end|p1a: Kingambit|fallen2|[silent]\n|-damage|p2a: Emerald|51\/100|[from] item: Life Orb\n|\n|upkeep\n|\n|t:|1699458033\n|switch|p1a: Deoxys|Deoxys-Speed|100\/100\n|-ability|p1a: Deoxys|Pressure\n|turn|4\n|\n|t:|1699458040\n|switch|p2a: The Biggest One|Arceus|100\/100\n|move|p1a: Deoxys|Psychic|p2a: The Biggest One\n|-damage|p2a: The Biggest One|82\/100\n|\n|upkeep\n|turn|5\n|\n|t:|1699458049\n|move|p2a: The Biggest One|Extreme Speed|p1a: Deoxys\n|-damage|p1a: Deoxys|38\/100\n|move|p1a: Deoxys|Psychic|p2a: The Biggest One\n|-damage|p2a: The Biggest One|62\/100\n|\n|upkeep\n|turn|6\n|\n|t:|1699458056\n|move|p2a: The Biggest One|Extreme Speed|p1a: Deoxys\n|-damage|p1a: Deoxys|0 fnt\n|faint|p1a: Deoxys\n|\n|upkeep\n|\n|t:|1699458062\n|switch|p1a: Flutter Mane|Flutter Mane|100\/100\n|-enditem|p1a: Flutter Mane|Booster Energy\n|-activate|p1a: Flutter Mane|ability: Protosynthesis|[fromitem]\n|-start|p1a: Flutter Mane|protosynthesisspe\n|turn|7\n|\n|t:|1699458068\n|move|p1a: Flutter Mane|Moonblast|p2a: The Biggest One\n|-damage|p2a: The Biggest One|26\/100\n|move|p2a: The Biggest One|Trick Room|p2a: The Biggest One\n|-fieldstart|move: Trick Room|[of] p2a: The Biggest One\n|\n|upkeep\n|turn|8\n|\n|t:|1699458088\n|move|p2a: The Biggest One|Healing Wish|p2a: The Biggest One\n|faint|p2a: The Biggest One\n|move|p1a: Flutter Mane|Moonblast|p2: The Biggest One|[notarget]\n|-fail|p1a: Flutter Mane\n|\n|upkeep\n|\n|t:|1699458090\n|switch|p2a: Emerald|Rayquaza, tera:Normal|51\/100\n|-heal|p2a: Emerald|100\/100|[from] move: Healing Wish\n|-ability|p2a: Emerald|Air Lock\n|turn|9\n|\n|t:|1699458104\n|move|p2a: Emerald|Dragon Ascent|p1a: Flutter Mane\n|-damage|p1a: Flutter Mane|0 fnt\n|-unboost|p2a: Emerald|def|1\n|-unboost|p2a: Emerald|spd|1\n|faint|p1a: Flutter Mane\n|-end|p1a: Flutter Mane|Protosynthesis|[silent]\n|-damage|p2a: Emerald|91\/100|[from] item: Life Orb\n|\n|upkeep\n|\n|t:|1699458113\n|switch|p1a: Basculegion|Basculegion, M|100\/100\n|turn|10\n|\n|t:|1699458118\n|-terastallize|p1a: Basculegion|Water\n|move|p2a: Emerald|Dragon Ascent|p1a: Basculegion\n|-damage|p1a: Basculegion|0 fnt\n|-unboost|p2a: Emerald|def|1\n|-unboost|p2a: Emerald|spd|1\n|faint|p1a: Basculegion\n|-damage|p2a: Emerald|81\/100|[from] item: Life Orb\n|\n|win|Incredible Gassy\n|raw|Chaitanya15's rating: 1474 &rarr; <strong>1467<\/strong><br \/>(-7 for losing)\n|raw|Incredible Gassy's rating: 1752 &rarr; <strong>1759<\/strong><br \/>(+7 for winning)\n","uploadtime":1699458124,"views":20,"p1id":"chaitanya15","p2id":"incrediblegassy","formatid":"gen9nationaldexubers","rating":1467,"private":0,"password":""}