{"id":"gen9nationaldexubers-1980497511","p1":"father_arnau","p2":"SrPorquet","format":"[Gen 9] National Dex Ubers","log":"|j|\u2606father_arnau\n|j|\u203dSrPorquet\n|t:|1698790648\n|gametype|singles\n|player|p1|father_arnau|acetrainer-gen4dp|\n|player|p2|SrPorquet|falkner|\n|teamsize|p1|6\n|teamsize|p2|6\n|gen|9\n|tier|[Gen 9] National Dex Ubers\n|rule|HP Percentage Mod: HP is shown in percentages\n|rule|Endless Battle Clause: Forcing endless battles is banned\n|rule|OHKO Clause: OHKO moves are banned\n|rule|Evasion Moves Clause: Evasion moves are banned\n|rule|Evasion Items Clause: Evasion items are banned\n|rule|Species Clause: Limit one of each Pok\u00e9mon\n|rule|Sleep Clause Mod: Limit one foe put to sleep\n|rule|Mega Rayquaza Clause: You cannot mega evolve Rayquaza\n|clearpoke\n|poke|p1|Torkoal, M|\n|poke|p1|Cloyster, M|\n|poke|p1|Mimikyu, M|\n|poke|p1|Amoonguss, M|\n|poke|p1|Pelipper, M|\n|poke|p1|Barraskewda, F|\n|poke|p2|Stoutland, M|\n|poke|p2|Unfezant, M|\n|poke|p2|Conkeldurr, M|\n|poke|p2|Scolipede, M|\n|poke|p2|Reuniclus, M|\n|poke|p2|Vanilluxe, M|\n|teampreview\n|\n|t:|1698790655\n|start\n|switch|p1a: Pelipper|Pelipper, M|100\/100\n|switch|p2a: Vanilluxe|Vanilluxe, M|100\/100\n|-weather|Snow|[from] ability: Snow Warning|[of] p2a: Vanilluxe\n|-weather|RainDance|[from] ability: Drizzle|[of] p1a: Pelipper\n|turn|1\n|\n|t:|1698790665\n|move|p2a: Vanilluxe|Freeze-Dry|p1a: Pelipper\n|-supereffective|p1a: Pelipper\n|-damage|p1a: Pelipper|0 fnt\n|faint|p1a: Pelipper\n|\n|-weather|RainDance|[upkeep]\n|upkeep\n|\n|t:|1698790673\n|switch|p1a: Torkoal|Torkoal, M|100\/100\n|-weather|SunnyDay|[from] ability: Drought|[of] p1a: Torkoal\n|turn|2\n|\n|t:|1698790688\n|switch|p2a: Reuniclus|Reuniclus, M|100\/100\n|move|p1a: Torkoal|Lava Plume|p2a: Reuniclus\n|-damage|p2a: Reuniclus|70\/100\n|\n|-weather|SunnyDay|[upkeep]\n|upkeep\n|turn|3\n|\n|t:|1698790698\n|move|p1a: Torkoal|Lava Plume|p2a: Reuniclus\n|-damage|p2a: Reuniclus|36\/100\n|move|p2a: Reuniclus|Psychic|p1a: Torkoal\n|-damage|p1a: Torkoal|30\/100\n|\n|-weather|SunnyDay|[upkeep]\n|upkeep\n|turn|4\n|\n|t:|1698790706\n|move|p1a: Torkoal|Lava Plume|p2a: Reuniclus\n|-damage|p2a: Reuniclus|3\/100\n|-status|p2a: Reuniclus|brn\n|move|p2a: Reuniclus|Recover|p2a: Reuniclus\n|-heal|p2a: Reuniclus|53\/100 brn\n|\n|-weather|SunnyDay|[upkeep]\n|upkeep\n|turn|5\n|-activate|p1a: Torkoal|item: Quick Claw\n|\n|t:|1698790715\n|move|p1a: Torkoal|Lava Plume|p2a: Reuniclus\n|-damage|p2a: Reuniclus|23\/100 brn\n|move|p2a: Reuniclus|Recover|p2a: Reuniclus\n|-heal|p2a: Reuniclus|73\/100 brn\n|\n|-weather|SunnyDay|[upkeep]\n|upkeep\n|turn|6\n|-activate|p1a: Torkoal|item: Quick Claw\n|\n|t:|1698790724\n|move|p1a: Torkoal|Lava Plume|p2a: Reuniclus\n|-damage|p2a: Reuniclus|37\/100 brn\n|move|p2a: Reuniclus|Psychic|p1a: Torkoal\n|-damage|p1a: Torkoal|0 fnt\n|faint|p1a: Torkoal\n|\n|-weather|none\n|upkeep\n|\n|t:|1698790734\n|switch|p1a: Mimikyu|Mimikyu, M|100\/100\n|turn|7\n|\n|t:|1698790739\n|move|p1a: Mimikyu|Shadow Sneak|p2a: Reuniclus\n|-supereffective|p2a: Reuniclus\n|-damage|p2a: Reuniclus|5\/100 brn\n|move|p2a: Reuniclus|Shadow Ball|p1a: Mimikyu\n|-activate|p1a: Mimikyu|ability: Disguise\n|-damage|p1a: Mimikyu|100\/100\n|detailschange|p1a: Mimikyu|Mimikyu-Busted, M\n|-damage|p1a: Mimikyu|88\/100|[from] pokemon: Mimikyu-Busted\n|\n|upkeep\n|turn|8\n|\n|t:|1698790749\n|switch|p2a: Stoutland|Stoutland, M|100\/100\n|-ability|p2a: Stoutland|Intimidate|boost\n|-unboost|p1a: Mimikyu|atk|1\n|move|p1a: Mimikyu|Shadow Sneak|p2a: Stoutland\n|-immune|p2a: Stoutland\n|\n|upkeep\n|turn|9\n|\n|t:|1698790759\n|move|p2a: Stoutland|Iron Head|p1a: Mimikyu\n|-supereffective|p1a: Mimikyu\n|-damage|p1a: Mimikyu|24\/100\n|move|p1a: Mimikyu|Leech Life|p2a: Stoutland\n|-damage|p2a: Stoutland|81\/100\n|-heal|p1a: Mimikyu|34\/100|[from] drain|[of] p2a: Stoutland\n|\n|upkeep\n|turn|10\n|-activate|p1a: Mimikyu|item: Quick Claw\n|\n|t:|1698790767\n|move|p1a: Mimikyu|Leech Life|p2a: Stoutland\n|-damage|p2a: Stoutland|61\/100\n|-heal|p1a: Mimikyu|44\/100|[from] drain|[of] p2a: Stoutland\n|move|p2a: Stoutland|Iron Head|p1a: Mimikyu\n|-supereffective|p1a: Mimikyu\n|-damage|p1a: Mimikyu|0 fnt\n|faint|p1a: Mimikyu\n|\n|upkeep\n|\n|t:|1698790781\n|switch|p1a: Cloyster|Cloyster, M|100\/100\n|turn|11\n|\n|t:|1698790789\n|move|p2a: Stoutland|Return|p1a: Cloyster\n|-damage|p1a: Cloyster|59\/100\n|move|p1a: Cloyster|Shell Smash|p1a: Cloyster\n|-unboost|p1a: Cloyster|def|1\n|-unboost|p1a: Cloyster|spd|1\n|-boost|p1a: Cloyster|atk|2\n|-boost|p1a: Cloyster|spa|2\n|-boost|p1a: Cloyster|spe|2\n|\n|upkeep\n|turn|12\n|\n|t:|1698790799\n|switch|p2a: Reuniclus|Reuniclus, M|5\/100 brn\n|move|p1a: Cloyster|Icicle Spear|p2a: Reuniclus\n|-damage|p2a: Reuniclus|0 fnt\n|faint|p2a: Reuniclus\n|-hitcount|p2: Reuniclus|1\n|\n|upkeep\n|\n|t:|1698790806\n|switch|p2a: Stoutland|Stoutland, M|61\/100\n|-ability|p2a: Stoutland|Intimidate|boost\n|-unboost|p1a: Cloyster|atk|1\n|turn|13\n|\n|t:|1698790811\n|move|p1a: Cloyster|Icicle Spear|p2a: Stoutland\n|-damage|p2a: Stoutland|40\/100\n|-damage|p2a: Stoutland|22\/100\n|-damage|p2a: Stoutland|1\/100\n|-damage|p2a: Stoutland|0 fnt\n|faint|p2a: Stoutland\n|-hitcount|p2: Stoutland|4\n|\n|upkeep\n|\n|t:|1698790814\n|switch|p2a: Conkeldurr|Conkeldurr, M|100\/100\n|turn|14\n|\n|t:|1698790822\n|move|p1a: Cloyster|Icicle Spear|p2a: Conkeldurr\n|-damage|p2a: Conkeldurr|85\/100\n|-damage|p2a: Conkeldurr|70\/100\n|-damage|p2a: Conkeldurr|54\/100\n|-damage|p2a: Conkeldurr|39\/100\n|-damage|p2a: Conkeldurr|23\/100\n|-hitcount|p2a: Conkeldurr|5\n|move|p2a: Conkeldurr|Drain Punch|p1a: Cloyster\n|-supereffective|p1a: Cloyster\n|-damage|p1a: Cloyster|0 fnt\n|-heal|p2a: Conkeldurr|43\/100|[from] drain|[of] p1a: Cloyster\n|faint|p1a: Cloyster\n|\n|-status|p2a: Conkeldurr|brn|[from] item: Flame Orb\n|upkeep\n|\n|t:|1698790837\n|switch|p1a: Barraskewda|Barraskewda, F|100\/100\n|turn|15\n|\n|t:|1698790843\n|move|p2a: Conkeldurr|Mach Punch|p1a: Barraskewda\n|-damage|p1a: Barraskewda|37\/100\n|move|p1a: Barraskewda|Flip Turn|p2a: Conkeldurr\n|-damage|p2a: Conkeldurr|21\/100 brn\n|\n|t:|1698790848\n|switch|p1a: Amoonguss|Amoonguss, M|100\/100|[from] Flip Turn\n|\n|-damage|p2a: Conkeldurr|15\/100 brn|[from] brn\n|upkeep\n|turn|16\n|\n|t:|1698790862\n|move|p2a: Conkeldurr|Earthquake|p1a: Amoonguss\n|-damage|p1a: Amoonguss|48\/100\n|-enditem|p1a: Amoonguss|Sitrus Berry|[eat]\n|-heal|p1a: Amoonguss|73\/100|[from] item: Sitrus Berry\n|move|p1a: Amoonguss|Sludge Bomb|p2a: Conkeldurr\n|-damage|p2a: Conkeldurr|0 fnt\n|faint|p2a: Conkeldurr\n|\n|upkeep\n|\n|t:|1698790865\n|switch|p2a: Unfezant|Unfezant, M|100\/100\n|turn|17\n|\n|t:|1698790879\n|move|p2a: Unfezant|Brave Bird|p1a: Amoonguss\n|-supereffective|p1a: Amoonguss\n|-crit|p1a: Amoonguss\n|-damage|p1a: Amoonguss|0 fnt\n|faint|p1a: Amoonguss\n|-damage|p2a: Unfezant|71\/100|[from] Recoil\n|\n|upkeep\n|\n|t:|1698790885\n|switch|p1a: Barraskewda|Barraskewda, F|37\/100\n|turn|18\n|\n|t:|1698790889\n|move|p2a: Unfezant|Quick Attack|p1a: Barraskewda\n|-damage|p1a: Barraskewda|0 fnt\n|faint|p1a: Barraskewda\n|\n|win|SrPorquet\n|l|\u2606father_arnau\n","uploadtime":1698790893,"views":10,"p1id":"fatherarnau","p2id":"srporquet","formatid":"gen9nationaldexubers","rating":0,"private":0,"password":""}