{"id":"gen9nationaldexubers-1998776148","p1":"xiaozhaolaogong","p2":"ndou\u6389\u5206\u84dd\u67d0\u4fa0996","format":"[Gen 9] National Dex Ubers","log":"|j|\u2606xiaozhaolaogong\n|j|\u2606ndou\u6389\u5206\u84dd\u67d0\u4fa0996\n|t:|1700988458\n|gametype|singles\n|player|p1|xiaozhaolaogong|dawn|\n|player|p2|ndou\u6389\u5206\u84dd\u67d0\u4fa0996|hilbert|\n|teamsize|p1|6\n|teamsize|p2|6\n|gen|9\n|tier|[Gen 9] National Dex Ubers\n|rule|HP Percentage Mod: HP is shown in percentages\n|rule|Endless Battle Clause: Forcing endless battles is banned\n|rule|OHKO Clause: OHKO moves are banned\n|rule|Evasion Moves Clause: Evasion moves are banned\n|rule|Evasion Items Clause: Evasion items are banned\n|rule|Species Clause: Limit one of each Pok\u00e9mon\n|rule|Sleep Clause Mod: Limit one foe put to sleep\n|rule|Mega Rayquaza Clause: You cannot mega evolve Rayquaza\n|clearpoke\n|poke|p1|Dracovish|\n|poke|p1|Necrozma-Dusk-Mane|\n|poke|p1|Landorus-Therian, M|\n|poke|p1|Charizard, F|\n|poke|p1|Swampert, M|\n|poke|p1|Bruxish, F|\n|poke|p2|Dondozo, M|\n|poke|p2|Clodsire, M|\n|poke|p2|Skeledirge, F|\n|poke|p2|Chansey, F|\n|poke|p2|Yveltal|\n|poke|p2|Ho-Oh|\n|teampreview\n|c|\u2606ndou\u6389\u5206\u84dd\u67d0\u4fa0996|\u8349\n|inactive|Battle timer is ON: inactive players will automatically lose when time's up. (requested by xiaozhaolaogong)\n|\n|t:|1700988472\n|start\n|switch|p1a: Dracovish|Dracovish|100\/100\n|switch|p2a: \u53ef\u7231\u634f|Ho-Oh|100\/100\n|turn|1\n|\n|t:|1700988486\n|switch|p1a: Charizard|Charizard, F|100\/100\n|switch|p2a: \u4e11\u9738\u4e0d\u6b7b|Dondozo, M|100\/100\n|\n|upkeep\n|turn|2\n|\n|t:|1700988494\n|switch|p1a: Landorus|Landorus-Therian, M|100\/100\n|-ability|p1a: Landorus|Intimidate|boost\n|-unboost|p2a: \u4e11\u9738\u4e0d\u6b7b|atk|1\n|switch|p2a: \u7259?|Clodsire, M|100\/100\n|\n|upkeep\n|turn|3\n|\n|t:|1700988511\n|switch|p2a: \u6211\u8981\u5403\u996d|Yveltal|100\/100\n|-ability|p2a: \u6211\u8981\u5403\u996d|Dark Aura\n|move|p1a: Landorus|Earthquake|p2a: \u6211\u8981\u5403\u996d\n|-immune|p2a: \u6211\u8981\u5403\u996d\n|\n|upkeep\n|turn|4\n|\n|t:|1700988516\n|move|p2a: \u6211\u8981\u5403\u996d|Knock Off|p1a: Landorus\n|-damage|p1a: Landorus|35\/100\n|-enditem|p1a: Landorus|Leftovers|[from] move: Knock Off|[of] p2a: \u6211\u8981\u5403\u996d\n|move|p1a: Landorus|U-turn|p2a: \u6211\u8981\u5403\u996d\n|-crit|p2a: \u6211\u8981\u5403\u996d\n|-damage|p2a: \u6211\u8981\u5403\u996d|70\/100\n|\n|t:|1700988528\n|switch|p1a: \u78e8\u7259\u5f69\u76ae\u6731\u5143\u748b|Bruxish, F|100\/100|[from] U-turn\n|\n|upkeep\n|turn|5\n|\n|t:|1700988538\n|switch|p2a: \u4e11\u9738\u4e0d\u6b7b|Dondozo, M|100\/100\n|move|p1a: \u78e8\u7259\u5f69\u76ae\u6731\u5143\u748b|Wave Crash|p2a: \u4e11\u9738\u4e0d\u6b7b\n|-resisted|p2a: \u4e11\u9738\u4e0d\u6b7b\n|-damage|p2a: \u4e11\u9738\u4e0d\u6b7b|87\/100\n|-damage|p1a: \u78e8\u7259\u5f69\u76ae\u6731\u5143\u748b|93\/100|[from] Recoil\n|\n|upkeep\n|turn|6\n|\n|t:|1700988548\n|switch|p1a: Necrozma|Necrozma-Dusk-Mane|100\/100\n|move|p2a: \u4e11\u9738\u4e0d\u6b7b|Liquidation|p1a: Necrozma\n|-damage|p1a: Necrozma|82\/100\n|-damage|p2a: \u4e11\u9738\u4e0d\u6b7b|70\/100|[from] item: Rocky Helmet|[of] p1a: Necrozma\n|\n|upkeep\n|turn|7\n|\n|t:|1700988558\n|switch|p2a: \u53ef\u7231\u634f|Ho-Oh|100\/100\n|move|p1a: Necrozma|Stealth Rock|p2a: \u53ef\u7231\u634f\n|-sidestart|p2: ndou\u6389\u5206\u84dd\u67d0\u4fa0996|move: Stealth Rock\n|\n|upkeep\n|turn|8\n|\n|t:|1700988564\n|move|p2a: \u53ef\u7231\u634f|Sacred Fire|p1a: Necrozma\n|-supereffective|p1a: Necrozma\n|-damage|p1a: Necrozma|44\/100\n|move|p1a: Necrozma|Toxic|p2a: \u53ef\u7231\u634f\n|-status|p2a: \u53ef\u7231\u634f|tox\n|\n|-damage|p2a: \u53ef\u7231\u634f|94\/100 tox|[from] psn\n|upkeep\n|turn|9\n|\n|t:|1700988573\n|move|p2a: \u53ef\u7231\u634f|Defog|p1a: Necrozma\n|-unboost|p1a: Necrozma|evasion|1\n|-sideend|p2: ndou\u6389\u5206\u84dd\u67d0\u4fa0996|Stealth Rock|[from] move: Defog|[of] p2a: \u53ef\u7231\u634f\n|move|p1a: Necrozma|Morning Sun|p1a: Necrozma\n|-heal|p1a: Necrozma|94\/100\n|\n|-damage|p2a: \u53ef\u7231\u634f|82\/100 tox|[from] psn\n|upkeep\n|turn|10\n|\n|t:|1700988580\n|switch|p2a: \u5c0f\u86cb|Chansey, F|100\/100\n|move|p1a: Necrozma|Stealth Rock|p2a: \u5c0f\u86cb\n|-sidestart|p2: ndou\u6389\u5206\u84dd\u67d0\u4fa0996|move: Stealth Rock\n|\n|upkeep\n|turn|11\n|c|\u2606ndou\u6389\u5206\u84dd\u67d0\u4fa0996|\u6211\u4e09\u4e2a\u539a\u5e95\u9774\n|\n|t:|1700988585\n|move|p1a: Necrozma|Earthquake|p2a: \u5c0f\u86cb\n|-damage|p2a: \u5c0f\u86cb|79\/100\n|move|p2a: \u5c0f\u86cb|Aromatherapy|p2a: \u5c0f\u86cb\n|-activate|p2a: \u5c0f\u86cb|move: Aromatherapy\n|-curestatus|p2: \u53ef\u7231\u634f|tox|[msg]\n|\n|upkeep\n|turn|12\n|\n|t:|1700988597\n|move|p1a: Necrozma|Toxic|p2a: \u5c0f\u86cb\n|-status|p2a: \u5c0f\u86cb|tox\n|move|p2a: \u5c0f\u86cb|Soft-Boiled|p2a: \u5c0f\u86cb\n|-heal|p2a: \u5c0f\u86cb|100\/100 tox\n|\n|-damage|p2a: \u5c0f\u86cb|94\/100 tox|[from] psn\n|upkeep\n|turn|13\n|\n|t:|1700988604\n|switch|p1a: Dracovish|Dracovish|100\/100\n|-curestatus|p2a: \u5c0f\u86cb|tox|[from] ability: Natural Cure\n|switch|p2a: \u6211\u8981\u5403\u996d|Yveltal|70\/100\n|-ability|p2a: \u6211\u8981\u5403\u996d|Dark Aura\n|\n|upkeep\n|turn|14\n|\n|t:|1700988619\n|switch|p2a: \u4e11\u9738\u4e0d\u6b7b|Dondozo, M|70\/100\n|-damage|p2a: \u4e11\u9738\u4e0d\u6b7b|58\/100|[from] Stealth Rock\n|move|p1a: Dracovish|Outrage|p2a: \u4e11\u9738\u4e0d\u6b7b\n|-crit|p2a: \u4e11\u9738\u4e0d\u6b7b\n|-damage|p2a: \u4e11\u9738\u4e0d\u6b7b|27\/100\n|\n|upkeep\n|turn|15\n|\n|t:|1700988625\n|move|p1a: Dracovish|Outrage|p2a: \u4e11\u9738\u4e0d\u6b7b|[from]lockedmove\n|-damage|p2a: \u4e11\u9738\u4e0d\u6b7b|5\/100\n|-start|p1a: Dracovish|confusion|[fatigue]\n|move|p2a: \u4e11\u9738\u4e0d\u6b7b|Rest|p2a: \u4e11\u9738\u4e0d\u6b7b\n|-status|p2a: \u4e11\u9738\u4e0d\u6b7b|slp|[from] move: Rest\n|-heal|p2a: \u4e11\u9738\u4e0d\u6b7b|100\/100 slp|[silent]\n|\n|upkeep\n|turn|16\n|\n|t:|1700988632\n|switch|p1a: Necrozma|Necrozma-Dusk-Mane|94\/100\n|switch|p2a: \u53ef\u7231\u634f|Ho-Oh|100\/100\n|\n|upkeep\n|turn|17\n|\n|t:|1700988639\n|move|p2a: \u53ef\u7231\u634f|Will-O-Wisp|p1a: Necrozma\n|-status|p1a: Necrozma|brn\n|move|p1a: Necrozma|Toxic|p2a: \u53ef\u7231\u634f|[miss]\n|-miss|p1a: Necrozma|p2a: \u53ef\u7231\u634f\n|\n|-damage|p1a: Necrozma|87\/100 brn|[from] brn\n|upkeep\n|turn|18\n|\n|t:|1700988651\n|move|p2a: \u53ef\u7231\u634f|Defog|p1a: Necrozma\n|-unboost|p1a: Necrozma|evasion|1\n|-sideend|p2: ndou\u6389\u5206\u84dd\u67d0\u4fa0996|Stealth Rock|[from] move: Defog|[of] p2a: \u53ef\u7231\u634f\n|move|p1a: Necrozma|Earthquake|p2a: \u53ef\u7231\u634f\n|-immune|p2a: \u53ef\u7231\u634f\n|\n|-damage|p1a: Necrozma|81\/100 brn|[from] brn\n|upkeep\n|turn|19\n|\n|t:|1700988656\n|switch|p2a: \u4e11\u9738\u4e0d\u6b7b|Dondozo, M|100\/100 slp\n|move|p1a: Necrozma|Toxic||[still]\n|-fail|p1a: Necrozma\n|\n|-damage|p1a: Necrozma|75\/100 brn|[from] brn\n|upkeep\n|turn|20\n|\n|t:|1700988660\n|move|p1a: Necrozma|Stealth Rock|p2a: \u4e11\u9738\u4e0d\u6b7b\n|-sidestart|p2: ndou\u6389\u5206\u84dd\u67d0\u4fa0996|move: Stealth Rock\n|cant|p2a: \u4e11\u9738\u4e0d\u6b7b|slp\n|move|p2a: \u4e11\u9738\u4e0d\u6b7b|Sleep Talk|p2a: \u4e11\u9738\u4e0d\u6b7b\n|move|p2a: \u4e11\u9738\u4e0d\u6b7b|Rest||[from]move: Sleep Talk|[still]\n|-fail|p2a: \u4e11\u9738\u4e0d\u6b7b\n|\n|-damage|p1a: Necrozma|69\/100 brn|[from] brn\n|upkeep\n|turn|21\n|\n|t:|1700988670\n|switch|p1a: Charizard|Charizard, F|100\/100\n|switch|p2a: \u6211\u8981\u5403\u996d|Yveltal|70\/100\n|-ability|p2a: \u6211\u8981\u5403\u996d|Dark Aura\n|\n|upkeep\n|turn|22\n|\n|t:|1700988680\n|switch|p2a: \u5c0f\u86cb|Chansey, F|94\/100\n|-damage|p2a: \u5c0f\u86cb|82\/100|[from] Stealth Rock\n|move|p1a: Charizard|Overheat|p2a: \u5c0f\u86cb|[miss]\n|-miss|p1a: Charizard|p2a: \u5c0f\u86cb\n|\n|upkeep\n|turn|23\n|\n|t:|1700988688\n|switch|p1a: Landorus|Landorus-Therian, M|35\/100\n|-ability|p1a: Landorus|Intimidate|boost\n|-unboost|p2a: \u5c0f\u86cb|atk|1\n|switch|p2a: \u53ef\u7231\u634f|Ho-Oh|100\/100\n|\n|upkeep\n|turn|24\n|\n|t:|1700988698\n|move|p1a: Landorus|Sandstorm|p1a: Landorus\n|-weather|Sandstorm\n|move|p2a: \u53ef\u7231\u634f|Sacred Fire|p1a: Landorus\n|-damage|p1a: Landorus|0 fnt\n|faint|p1a: Landorus\n|\n|-weather|Sandstorm|[upkeep]\n|-damage|p2a: \u53ef\u7231\u634f|94\/100|[from] Sandstorm\n|upkeep\n|\n|t:|1700988709\n|switch|p1a: Charizard|Charizard, F|100\/100\n|turn|25\n|\n|t:|1700988713\n|move|p1a: Charizard|Weather Ball|p2a: \u53ef\u7231\u634f\n|-supereffective|p2a: \u53ef\u7231\u634f\n|-damage|p2a: \u53ef\u7231\u634f|18\/100\n|move|p2a: \u53ef\u7231\u634f|Defog|p1a: Charizard\n|-unboost|p1a: Charizard|evasion|1\n|-sideend|p2: ndou\u6389\u5206\u84dd\u67d0\u4fa0996|Stealth Rock|[from] move: Defog|[of] p2a: \u53ef\u7231\u634f\n|\n|-weather|Sandstorm|[upkeep]\n|-damage|p1a: Charizard|94\/100|[from] Sandstorm\n|-damage|p2a: \u53ef\u7231\u634f|12\/100|[from] Sandstorm\n|upkeep\n|turn|26\n|\n|t:|1700988723\n|switch|p1a: Dracovish|Dracovish|100\/100\n|switch|p2a: \u4e11\u9738\u4e0d\u6b7b|Dondozo, M|100\/100 slp\n|\n|-weather|Sandstorm|[upkeep]\n|-damage|p2a: \u4e11\u9738\u4e0d\u6b7b|94\/100 slp|[from] Sandstorm\n|upkeep\n|turn|27\n|\n|t:|1700988729\n|move|p1a: Dracovish|Fishious Rend|p2a: \u4e11\u9738\u4e0d\u6b7b\n|-resisted|p2a: \u4e11\u9738\u4e0d\u6b7b\n|-damage|p2a: \u4e11\u9738\u4e0d\u6b7b|80\/100 slp\n|cant|p2a: \u4e11\u9738\u4e0d\u6b7b|slp\n|move|p2a: \u4e11\u9738\u4e0d\u6b7b|Sleep Talk|p2a: \u4e11\u9738\u4e0d\u6b7b\n|move|p2a: \u4e11\u9738\u4e0d\u6b7b|Rest||[from]move: Sleep Talk|[still]\n|-fail|p2a: \u4e11\u9738\u4e0d\u6b7b\n|\n|-weather|Sandstorm|[upkeep]\n|-damage|p2a: \u4e11\u9738\u4e0d\u6b7b|74\/100 slp|[from] Sandstorm\n|upkeep\n|turn|28\n|\n|t:|1700988739\n|move|p1a: Dracovish|Fishious Rend|p2a: \u4e11\u9738\u4e0d\u6b7b\n|-resisted|p2a: \u4e11\u9738\u4e0d\u6b7b\n|-damage|p2a: \u4e11\u9738\u4e0d\u6b7b|58\/100 slp\n|-curestatus|p2a: \u4e11\u9738\u4e0d\u6b7b|slp|[msg]\n|move|p2a: \u4e11\u9738\u4e0d\u6b7b|Curse|p2a: \u4e11\u9738\u4e0d\u6b7b\n|-unboost|p2a: \u4e11\u9738\u4e0d\u6b7b|spe|1\n|-boost|p2a: \u4e11\u9738\u4e0d\u6b7b|atk|1\n|-boost|p2a: \u4e11\u9738\u4e0d\u6b7b|def|1\n|\n|-weather|none\n|upkeep\n|turn|29\n|\n|t:|1700988746\n|-zpower|p1a: Dracovish\n|move|p1a: Dracovish|Z-Rain Dance|p1a: Dracovish|[anim]Rain Dance\n|-boost|p1a: Dracovish|spe|1|[zeffect]\n|-weather|RainDance\n|move|p2a: \u4e11\u9738\u4e0d\u6b7b|Rest|p2a: \u4e11\u9738\u4e0d\u6b7b\n|-status|p2a: \u4e11\u9738\u4e0d\u6b7b|slp|[from] move: Rest\n|-heal|p2a: \u4e11\u9738\u4e0d\u6b7b|100\/100 slp|[silent]\n|\n|-weather|RainDance|[upkeep]\n|upkeep\n|turn|30\n|\n|t:|1700988753\n|move|p1a: Dracovish|Fishious Rend|p2a: \u4e11\u9738\u4e0d\u6b7b\n|-resisted|p2a: \u4e11\u9738\u4e0d\u6b7b\n|-damage|p2a: \u4e11\u9738\u4e0d\u6b7b|84\/100 slp\n|cant|p2a: \u4e11\u9738\u4e0d\u6b7b|slp\n|move|p2a: \u4e11\u9738\u4e0d\u6b7b|Sleep Talk|p2a: \u4e11\u9738\u4e0d\u6b7b\n|move|p2a: \u4e11\u9738\u4e0d\u6b7b|Curse|p2a: \u4e11\u9738\u4e0d\u6b7b|[from]move: Sleep Talk\n|-unboost|p2a: \u4e11\u9738\u4e0d\u6b7b|spe|1\n|-boost|p2a: \u4e11\u9738\u4e0d\u6b7b|atk|1\n|-boost|p2a: \u4e11\u9738\u4e0d\u6b7b|def|1\n|\n|-weather|RainDance|[upkeep]\n|upkeep\n|turn|31\n|\n|t:|1700988759\n|move|p1a: Dracovish|Fishious Rend|p2a: \u4e11\u9738\u4e0d\u6b7b\n|-resisted|p2a: \u4e11\u9738\u4e0d\u6b7b\n|-damage|p2a: \u4e11\u9738\u4e0d\u6b7b|72\/100 slp\n|cant|p2a: \u4e11\u9738\u4e0d\u6b7b|slp\n|move|p2a: \u4e11\u9738\u4e0d\u6b7b|Sleep Talk|p2a: \u4e11\u9738\u4e0d\u6b7b\n|move|p2a: \u4e11\u9738\u4e0d\u6b7b|Curse|p2a: \u4e11\u9738\u4e0d\u6b7b|[from]move: Sleep Talk\n|-unboost|p2a: \u4e11\u9738\u4e0d\u6b7b|spe|1\n|-boost|p2a: \u4e11\u9738\u4e0d\u6b7b|atk|1\n|-boost|p2a: \u4e11\u9738\u4e0d\u6b7b|def|1\n|\n|-weather|RainDance|[upkeep]\n|upkeep\n|turn|32\n|\n|t:|1700988766\n|move|p1a: Dracovish|Fishious Rend|p2a: \u4e11\u9738\u4e0d\u6b7b\n|-resisted|p2a: \u4e11\u9738\u4e0d\u6b7b\n|-damage|p2a: \u4e11\u9738\u4e0d\u6b7b|62\/100 slp\n|-curestatus|p2a: \u4e11\u9738\u4e0d\u6b7b|slp|[msg]\n|move|p2a: \u4e11\u9738\u4e0d\u6b7b|Liquidation|p1a: Dracovish\n|-resisted|p1a: Dracovish\n|-crit|p1a: Dracovish\n|-damage|p1a: Dracovish|56\/100\n|\n|-weather|RainDance|[upkeep]\n|upkeep\n|turn|33\n|\n|t:|1700988774\n|move|p1a: Dracovish|Fishious Rend|p2a: \u4e11\u9738\u4e0d\u6b7b\n|-resisted|p2a: \u4e11\u9738\u4e0d\u6b7b\n|-damage|p2a: \u4e11\u9738\u4e0d\u6b7b|52\/100\n|move|p2a: \u4e11\u9738\u4e0d\u6b7b|Curse|p2a: \u4e11\u9738\u4e0d\u6b7b\n|-unboost|p2a: \u4e11\u9738\u4e0d\u6b7b|spe|1\n|-boost|p2a: \u4e11\u9738\u4e0d\u6b7b|atk|1\n|-boost|p2a: \u4e11\u9738\u4e0d\u6b7b|def|1\n|\n|-weather|none\n|upkeep\n|turn|34\n|\n|t:|1700988780\n|switch|p1a: Charizard|Charizard, F|94\/100\n|move|p2a: \u4e11\u9738\u4e0d\u6b7b|Curse|p2a: \u4e11\u9738\u4e0d\u6b7b\n|-unboost|p2a: \u4e11\u9738\u4e0d\u6b7b|spe|1\n|-boost|p2a: \u4e11\u9738\u4e0d\u6b7b|atk|1\n|-boost|p2a: \u4e11\u9738\u4e0d\u6b7b|def|1\n|\n|upkeep\n|turn|35\n|\n|t:|1700988786\n|-terastallize|p1a: Charizard|Flying\n|-terastallize|p2a: \u4e11\u9738\u4e0d\u6b7b|Dragon\n|move|p1a: Charizard|Hurricane|p2a: \u4e11\u9738\u4e0d\u6b7b|[miss]\n|-miss|p1a: Charizard|p2a: \u4e11\u9738\u4e0d\u6b7b\n|move|p2a: \u4e11\u9738\u4e0d\u6b7b|Rest|p2a: \u4e11\u9738\u4e0d\u6b7b\n|-status|p2a: \u4e11\u9738\u4e0d\u6b7b|slp|[from] move: Rest\n|-heal|p2a: \u4e11\u9738\u4e0d\u6b7b|100\/100 slp|[silent]\n|\n|upkeep\n|turn|36\n|\n|t:|1700988795\n|switch|p2a: \u7259?|Clodsire, M|100\/100\n|move|p1a: Charizard|Hurricane|p2a: \u7259?\n|-damage|p2a: \u7259?|62\/100\n|\n|-heal|p2a: \u7259?|68\/100|[from] item: Leftovers\n|upkeep\n|turn|37\n|\n|t:|1700988803\n|switch|p2a: \u58ee\u58ee\u5988|Skeledirge, F|100\/100\n|move|p1a: Charizard|Hurricane|p2a: \u58ee\u58ee\u5988\n|-damage|p2a: \u58ee\u58ee\u5988|32\/100\n|\n|upkeep\n|turn|38\n|\n|t:|1700988812\n|switch|p1a: Swampert|Swampert, M|100\/100\n|switch|p2a: \u5c0f\u86cb|Chansey, F|82\/100\n|\n|upkeep\n|turn|39\n|\n|t:|1700988821\n|detailschange|p1a: Swampert|Swampert-Mega, M\n|-mega|p1a: Swampert|Swampert|Swampertite\n|move|p1a: Swampert|Earthquake|p2a: \u5c0f\u86cb\n|-damage|p2a: \u5c0f\u86cb|45\/100\n|move|p2a: \u5c0f\u86cb|Toxic|p1a: Swampert\n|-status|p1a: Swampert|tox\n|\n|-damage|p1a: Swampert|94\/100 tox|[from] psn\n|upkeep\n|turn|40\n|\n|t:|1700988832\n|move|p1a: Swampert|Liquidation|p2a: \u5c0f\u86cb\n|-damage|p2a: \u5c0f\u86cb|11\/100\n|move|p2a: \u5c0f\u86cb|Soft-Boiled|p2a: \u5c0f\u86cb\n|-heal|p2a: \u5c0f\u86cb|61\/100\n|\n|-damage|p1a: Swampert|82\/100 tox|[from] psn\n|upkeep\n|turn|41\n|\n|t:|1700988837\n|switch|p2a: \u4e11\u9738\u4e0d\u6b7b|Dondozo, M, tera:Dragon|100\/100 slp\n|move|p1a: Swampert|Flip Turn|p2a: \u4e11\u9738\u4e0d\u6b7b\n|-resisted|p2a: \u4e11\u9738\u4e0d\u6b7b\n|-damage|p2a: \u4e11\u9738\u4e0d\u6b7b|93\/100 slp\n|\n|t:|1700988840\n|switch|p1a: Dracovish|Dracovish|56\/100|[from] Flip Turn\n|\n|upkeep\n|turn|42\n|\n|t:|1700988866\n|move|p1a: Dracovish|Outrage|p2a: \u4e11\u9738\u4e0d\u6b7b\n|-supereffective|p2a: \u4e11\u9738\u4e0d\u6b7b\n|-damage|p2a: \u4e11\u9738\u4e0d\u6b7b|49\/100 slp\n|cant|p2a: \u4e11\u9738\u4e0d\u6b7b|slp\n|move|p2a: \u4e11\u9738\u4e0d\u6b7b|Sleep Talk|p2a: \u4e11\u9738\u4e0d\u6b7b\n|move|p2a: \u4e11\u9738\u4e0d\u6b7b|Rest||[from]move: Sleep Talk|[still]\n|-fail|p2a: \u4e11\u9738\u4e0d\u6b7b\n|\n|upkeep\n|turn|43\n|\n|t:|1700988872\n|move|p1a: Dracovish|Outrage|p2a: \u4e11\u9738\u4e0d\u6b7b|[from]lockedmove\n|-supereffective|p2a: \u4e11\u9738\u4e0d\u6b7b\n|-damage|p2a: \u4e11\u9738\u4e0d\u6b7b|3\/100 slp\n|-start|p1a: Dracovish|confusion|[fatigue]\n|cant|p2a: \u4e11\u9738\u4e0d\u6b7b|slp\n|move|p2a: \u4e11\u9738\u4e0d\u6b7b|Sleep Talk|p2a: \u4e11\u9738\u4e0d\u6b7b\n|move|p2a: \u4e11\u9738\u4e0d\u6b7b|Rest||[from]move: Sleep Talk|[still]\n|-fail|p2a: \u4e11\u9738\u4e0d\u6b7b\n|\n|upkeep\n|turn|44\n|\n|t:|1700988881\n|-activate|p1a: Dracovish|confusion\n|move|p1a: Dracovish|Fishious Rend|p2a: \u4e11\u9738\u4e0d\u6b7b\n|-resisted|p2a: \u4e11\u9738\u4e0d\u6b7b\n|-crit|p2a: \u4e11\u9738\u4e0d\u6b7b\n|-damage|p2a: \u4e11\u9738\u4e0d\u6b7b|0 fnt\n|faint|p2a: \u4e11\u9738\u4e0d\u6b7b\n|\n|upkeep\n|\n|t:|1700988884\n|switch|p2a: \u6211\u8981\u5403\u996d|Yveltal|70\/100\n|-ability|p2a: \u6211\u8981\u5403\u996d|Dark Aura\n|turn|45\n|\n|t:|1700988889\n|move|p2a: \u6211\u8981\u5403\u996d|Sucker Punch|p1a: Dracovish\n|-damage|p1a: Dracovish|2\/100\n|-activate|p1a: Dracovish|confusion\n|move|p1a: Dracovish|Fishious Rend|p2a: \u6211\u8981\u5403\u996d\n|-crit|p2a: \u6211\u8981\u5403\u996d\n|-damage|p2a: \u6211\u8981\u5403\u996d|27\/100\n|\n|upkeep\n|turn|46\n|\n|t:|1700988903\n|move|p2a: \u6211\u8981\u5403\u996d|Knock Off|p1a: Dracovish\n|-damage|p1a: Dracovish|0 fnt\n|faint|p1a: Dracovish\n|\n|upkeep\n|\n|t:|1700988914\n|switch|p1a: Charizard|Charizard, F, tera:Flying|94\/100\n|turn|47\n|\n|t:|1700988923\n|switch|p1a: \u78e8\u7259\u5f69\u76ae\u6731\u5143\u748b|Bruxish, F|93\/100\n|switch|p2a: \u5c0f\u86cb|Chansey, F|61\/100\n|\n|upkeep\n|turn|48\n|\n|t:|1700988929\n|move|p1a: \u78e8\u7259\u5f69\u76ae\u6731\u5143\u748b|Wave Crash|p2a: \u5c0f\u86cb\n|-damage|p2a: \u5c0f\u86cb|22\/100\n|-damage|p1a: \u78e8\u7259\u5f69\u76ae\u6731\u5143\u748b|62\/100|[from] Recoil\n|move|p2a: \u5c0f\u86cb|Soft-Boiled|p2a: \u5c0f\u86cb\n|-heal|p2a: \u5c0f\u86cb|72\/100\n|\n|upkeep\n|turn|49\n|\n|t:|1700988939\n|move|p1a: \u78e8\u7259\u5f69\u76ae\u6731\u5143\u748b|Wave Crash|p2a: \u5c0f\u86cb\n|-damage|p2a: \u5c0f\u86cb|34\/100\n|-damage|p1a: \u78e8\u7259\u5f69\u76ae\u6731\u5143\u748b|31\/100|[from] Recoil\n|move|p2a: \u5c0f\u86cb|Toxic|p1a: \u78e8\u7259\u5f69\u76ae\u6731\u5143\u748b\n|-status|p1a: \u78e8\u7259\u5f69\u76ae\u6731\u5143\u748b|tox\n|\n|-damage|p1a: \u78e8\u7259\u5f69\u76ae\u6731\u5143\u748b|25\/100 tox|[from] psn\n|upkeep\n|turn|50\n|\n|t:|1700988945\n|switch|p2a: \u58ee\u58ee\u5988|Skeledirge, F|32\/100\n|move|p1a: \u78e8\u7259\u5f69\u76ae\u6731\u5143\u748b|Wave Crash|p2a: \u58ee\u58ee\u5988\n|-supereffective|p2a: \u58ee\u58ee\u5988\n|-damage|p2a: \u58ee\u58ee\u5988|0 fnt\n|faint|p2a: \u58ee\u58ee\u5988\n|-damage|p1a: \u78e8\u7259\u5f69\u76ae\u6731\u5143\u748b|10\/100 tox|[from] Recoil\n|\n|-damage|p1a: \u78e8\u7259\u5f69\u76ae\u6731\u5143\u748b|0 fnt|[from] psn\n|faint|p1a: \u78e8\u7259\u5f69\u76ae\u6731\u5143\u748b\n|upkeep\n|\n|t:|1700988951\n|switch|p1a: Swampert|Swampert-Mega, M|82\/100 tox\n|switch|p2a: \u6211\u8981\u5403\u996d|Yveltal|27\/100\n|-ability|p2a: \u6211\u8981\u5403\u996d|Dark Aura\n|turn|51\n|\n|t:|1700988954\n|move|p2a: \u6211\u8981\u5403\u996d|Roost|p2a: \u6211\u8981\u5403\u996d\n|-heal|p2a: \u6211\u8981\u5403\u996d|77\/100\n|-singleturn|p2a: \u6211\u8981\u5403\u996d|move: Roost\n|move|p1a: Swampert|Flip Turn|p2a: \u6211\u8981\u5403\u996d\n|-damage|p2a: \u6211\u8981\u5403\u996d|45\/100\n|\n|t:|1700988961\n|switch|p1a: Charizard|Charizard, F, tera:Flying|94\/100|[from] Flip Turn\n|\n|upkeep\n|turn|52\n|\n|t:|1700988967\n|switch|p2a: \u53ef\u7231\u634f|Ho-Oh|45\/100\n|move|p1a: Charizard|Hurricane|p2a: \u53ef\u7231\u634f\n|-damage|p2a: \u53ef\u7231\u634f|4\/100\n|\n|upkeep\n|turn|53\n|\n|t:|1700988973\n|move|p1a: Charizard|Hurricane|p2a: \u53ef\u7231\u634f\n|-damage|p2a: \u53ef\u7231\u634f|0 fnt\n|faint|p2a: \u53ef\u7231\u634f\n|\n|upkeep\n|\n|t:|1700988976\n|switch|p2a: \u5c0f\u86cb|Chansey, F|34\/100\n|turn|54\n|\n|t:|1700988980\n|move|p1a: Charizard|Hurricane|p2a: \u5c0f\u86cb\n|-damage|p2a: \u5c0f\u86cb|12\/100\n|-start|p2a: \u5c0f\u86cb|confusion\n|-activate|p2a: \u5c0f\u86cb|confusion\n|move|p2a: \u5c0f\u86cb|Soft-Boiled|p2a: \u5c0f\u86cb\n|-heal|p2a: \u5c0f\u86cb|62\/100\n|\n|upkeep\n|turn|55\n|\n|t:|1700988987\n|switch|p1a: Swampert|Swampert-Mega, M|82\/100 tox\n|-activate|p2a: \u5c0f\u86cb|confusion\n|-damage|p2a: \u5c0f\u86cb|62\/100|[from] confusion\n|\n|-damage|p1a: Swampert|76\/100 tox|[from] psn\n|upkeep\n|turn|56\n|\n|t:|1700989001\n|move|p1a: Swampert|Liquidation|p2a: \u5c0f\u86cb\n|-damage|p2a: \u5c0f\u86cb|27\/100\n|-activate|p2a: \u5c0f\u86cb|confusion\n|-damage|p2a: \u5c0f\u86cb|26\/100|[from] confusion\n|\n|-damage|p1a: Swampert|64\/100 tox|[from] psn\n|upkeep\n|turn|57\n|\n|t:|1700989009\n|move|p1a: Swampert|Liquidation|p2a: \u5c0f\u86cb\n|-damage|p2a: \u5c0f\u86cb|0 fnt\n|faint|p2a: \u5c0f\u86cb\n|\n|-damage|p1a: Swampert|45\/100 tox|[from] psn\n|upkeep\n|\n|t:|1700989014\n|switch|p2a: \u6211\u8981\u5403\u996d|Yveltal|45\/100\n|-ability|p2a: \u6211\u8981\u5403\u996d|Dark Aura\n|turn|58\n|\n|t:|1700989019\n|switch|p1a: Necrozma|Necrozma-Dusk-Mane|69\/100 brn\n|move|p2a: \u6211\u8981\u5403\u996d|Roost|p2a: \u6211\u8981\u5403\u996d\n|-heal|p2a: \u6211\u8981\u5403\u996d|95\/100\n|-singleturn|p2a: \u6211\u8981\u5403\u996d|move: Roost\n|\n|-damage|p1a: Necrozma|63\/100 brn|[from] brn\n|upkeep\n|turn|59\n|\n|t:|1700989024\n|move|p2a: \u6211\u8981\u5403\u996d|Knock Off|p1a: Necrozma\n|-supereffective|p1a: Necrozma\n|-damage|p1a: Necrozma|0 fnt\n|-damage|p2a: \u6211\u8981\u5403\u996d|79\/100|[from] item: Rocky Helmet|[of] p1a: Necrozma\n|-enditem|p1a: Necrozma|Rocky Helmet|[from] move: Knock Off|[of] p2a: \u6211\u8981\u5403\u996d\n|faint|p1a: Necrozma\n|\n|upkeep\n|\n|t:|1700989026\n|switch|p1a: Charizard|Charizard, F, tera:Flying|94\/100\n|turn|60\n|\n|t:|1700989035\n|move|p2a: \u6211\u8981\u5403\u996d|Sucker Punch|p1a: Charizard\n|-damage|p1a: Charizard|24\/100\n|move|p1a: Charizard|Hurricane|p2a: \u6211\u8981\u5403\u996d\n|-damage|p2a: \u6211\u8981\u5403\u996d|16\/100\n|-start|p2a: \u6211\u8981\u5403\u996d|confusion\n|\n|upkeep\n|turn|61\n|\n|t:|1700989044\n|switch|p2a: \u7259?|Clodsire, M|68\/100\n|move|p1a: Charizard|Hurricane|p2a: \u7259?\n|-damage|p2a: \u7259?|30\/100\n|-start|p2a: \u7259?|confusion\n|\n|-heal|p2a: \u7259?|37\/100|[from] item: Leftovers\n|upkeep\n|turn|62\n|\n|t:|1700989052\n|move|p1a: Charizard|Hurricane|p2a: \u7259?\n|-damage|p2a: \u7259?|0 fnt\n|faint|p2a: \u7259?\n|\n|upkeep\n|\n|t:|1700989056\n|switch|p2a: \u6211\u8981\u5403\u996d|Yveltal|16\/100\n|-ability|p2a: \u6211\u8981\u5403\u996d|Dark Aura\n|turn|63\n|\n|t:|1700989058\n|move|p2a: \u6211\u8981\u5403\u996d|Sucker Punch|p1a: Charizard\n|-damage|p1a: Charizard|0 fnt\n|faint|p1a: Charizard\n|\n|upkeep\n|\n|t:|1700989060\n|switch|p1a: Swampert|Swampert-Mega, M|45\/100 tox\n|turn|64\n|\n|t:|1700989063\n|move|p2a: \u6211\u8981\u5403\u996d|Sucker Punch|p1a: Swampert\n|-crit|p1a: Swampert\n|-damage|p1a: Swampert|0 fnt\n|faint|p1a: Swampert\n|\n|win|ndou\u6389\u5206\u84dd\u67d0\u4fa0996\n","uploadtime":1700989069,"views":9,"p1id":"xiaozhaolaogong","p2id":"ndou996","formatid":"gen9nationaldexubers","rating":0,"private":0,"password":""}