{"id":"gen9nationaldexubers-1979729777","p1":"Bluetool","p2":"TACOB3I","format":"[Gen 9] National Dex Ubers","log":"|j|\u2606Bluetool\n|j|\u2606TACOB3I\n|t:|1698707340\n|gametype|singles\n|player|p1|Bluetool|morty|1420\n|player|p2|TACOB3I|ghetsis|1403\n|teamsize|p1|6\n|teamsize|p2|6\n|gen|9\n|tier|[Gen 9] National Dex Ubers\n|rated|\n|rule|HP Percentage Mod: HP is shown in percentages\n|rule|Endless Battle Clause: Forcing endless battles is banned\n|rule|OHKO Clause: OHKO moves are banned\n|rule|Evasion Moves Clause: Evasion moves are banned\n|rule|Evasion Items Clause: Evasion items are banned\n|rule|Species Clause: Limit one of each Pok\u00e9mon\n|rule|Sleep Clause Mod: Limit one foe put to sleep\n|rule|Mega Rayquaza Clause: You cannot mega evolve Rayquaza\n|clearpoke\n|poke|p1|Ho-Oh|\n|poke|p1|Zygarde|\n|poke|p1|Groudon|\n|poke|p1|Kyogre|\n|poke|p1|Arceus-Dark|\n|poke|p1|Marshadow|\n|poke|p2|Groudon|\n|poke|p2|Rayquaza|\n|poke|p2|Kangaskhan, F|\n|poke|p2|Kingambit, F|\n|poke|p2|Grimmsnarl, M|\n|poke|p2|Kyogre|\n|teampreview\n|\n|t:|1698707390\n|start\n|switch|p1a: Arceus|Arceus-Dark|100\/100\n|switch|p2a: Rayquaza|Rayquaza|100\/100\n|-ability|p2a: Rayquaza|Air Lock\n|turn|1\n|inactive|Battle timer is ON: inactive players will automatically lose when time's up. (requested by Bluetool)\n|\n|t:|1698707414\n|move|p1a: Arceus|Will-O-Wisp|p2a: Rayquaza\n|-status|p2a: Rayquaza|brn\n|move|p2a: Rayquaza|V-create|p1a: Arceus\n|-damage|p1a: Arceus|70\/100\n|-unboost|p2a: Rayquaza|spe|1\n|-unboost|p2a: Rayquaza|def|1\n|-unboost|p2a: Rayquaza|spd|1\n|-damage|p2a: Rayquaza|91\/100 brn|[from] item: Life Orb\n|\n|-damage|p2a: Rayquaza|85\/100 brn|[from] brn\n|upkeep\n|turn|2\n|\n|t:|1698707432\n|move|p1a: Arceus|Foul Play|p2a: Rayquaza\n|-damage|p2a: Rayquaza|0 fnt\n|faint|p2a: Rayquaza\n|\n|upkeep\n|\n|t:|1698707436\n|switch|p2a: Groudon|Groudon|100\/100\n|detailschange|p2a: Groudon|Groudon-Primal\n|-primal|p2a: Groudon|Red Orb\n|-weather|DesolateLand|[from] ability: Desolate Land|[of] p2a: Groudon\n|turn|3\n|\n|t:|1698707444\n|switch|p1a: Kyogre|Kyogre, shiny|100\/100\n|detailschange|p1a: Kyogre|Kyogre-Primal, shiny\n|-primal|p1a: Kyogre|Blue Orb\n|-weather|PrimordialSea|[from] ability: Primordial Sea|[of] p1a: Kyogre\n|move|p2a: Groudon|Precipice Blades|p1a: Kyogre|[miss]\n|-miss|p2a: Groudon|p1a: Kyogre\n|\n|-weather|PrimordialSea|[upkeep]\n|upkeep\n|turn|4\n|\n|t:|1698707449\n|move|p1a: Kyogre|Origin Pulse|p2a: Groudon|[miss]\n|-miss|p1a: Kyogre|p2a: Groudon\n|move|p2a: Groudon|Precipice Blades|p1a: Kyogre\n|-damage|p1a: Kyogre|33\/100\n|\n|-weather|PrimordialSea|[upkeep]\n|upkeep\n|turn|5\n|\n|t:|1698707452\n|switch|p2a: Kyogre|Kyogre|100\/100\n|detailschange|p2a: Kyogre|Kyogre-Primal\n|-primal|p2a: Kyogre|Blue Orb\n|move|p1a: Kyogre|Origin Pulse|p2a: Kyogre|[miss]\n|-miss|p1a: Kyogre|p2a: Kyogre\n|\n|-weather|PrimordialSea|[upkeep]\n|upkeep\n|turn|6\n|\n|t:|1698707455\n|switch|p1a: Groudon|Groudon, shiny|100\/100\n|detailschange|p1a: Groudon|Groudon-Primal, shiny\n|-primal|p1a: Groudon|Red Orb\n|-weather|DesolateLand|[from] ability: Desolate Land|[of] p1a: Groudon\n|move|p2a: Kyogre|Thunder|p1a: Groudon\n|-immune|p1a: Groudon\n|\n|-weather|DesolateLand|[upkeep]\n|upkeep\n|turn|7\n|\n|t:|1698707461\n|switch|p2a: \ud83d\ude08|Grimmsnarl, M|100\/100\n|move|p1a: Groudon|Precipice Blades|p2a: \ud83d\ude08\n|-damage|p2a: \ud83d\ude08|7\/100\n|\n|-weather|DesolateLand|[upkeep]\n|upkeep\n|turn|8\n|\n|t:|1698707463\n|move|p2a: \ud83d\ude08|Reflect|p2a: \ud83d\ude08\n|-sidestart|p2: TACOB3I|Reflect\n|move|p1a: Groudon|Heat Crash|p2a: \ud83d\ude08\n|-damage|p2a: \ud83d\ude08|0 fnt\n|faint|p2a: \ud83d\ude08\n|\n|-weather|DesolateLand|[upkeep]\n|upkeep\n|\n|t:|1698707469\n|switch|p2a: Groudon|Groudon-Primal|100\/100\n|turn|9\n|\n|t:|1698707479\n|switch|p1a: Kyogre|Kyogre-Primal, shiny|33\/100\n|-weather|PrimordialSea|[from] ability: Primordial Sea|[of] p1a: Kyogre\n|move|p2a: Groudon|Precipice Blades|p1a: Kyogre\n|-damage|p1a: Kyogre|0 fnt\n|faint|p1a: Kyogre\n|-weather|none\n|\n|upkeep\n|\n|t:|1698707484\n|switch|p1a: Zygarde|Zygarde, shiny|100\/100\n|turn|10\n|\n|t:|1698707487\n|switch|p2a: Kangaskhan|Kangaskhan, F|100\/100\n|move|p1a: Zygarde|Coil|p1a: Zygarde\n|-boost|p1a: Zygarde|atk|1\n|-boost|p1a: Zygarde|def|1\n|-boost|p1a: Zygarde|accuracy|1\n|\n|upkeep\n|turn|11\n|\n|t:|1698707493\n|move|p2a: Kangaskhan|Fake Out|p1a: Zygarde\n|-damage|p1a: Zygarde|95\/100\n|cant|p1a: Zygarde|flinch\n|\n|upkeep\n|turn|12\n|\n|t:|1698707495\n|detailschange|p2a: Kangaskhan|Kangaskhan-Mega, F\n|-mega|p2a: Kangaskhan|Kangaskhan|Kangaskhanite\n|move|p2a: Kangaskhan|Icy Wind|p1a: Zygarde\n|-supereffective|p1a: Zygarde\n|-damage|p1a: Zygarde|69\/100\n|-unboost|p1a: Zygarde|spe|1\n|-supereffective|p1a: Zygarde\n|-damage|p1a: Zygarde|63\/100\n|-unboost|p1a: Zygarde|spe|1\n|-hitcount|p1a: Zygarde|2\n|move|p1a: Zygarde|Coil|p1a: Zygarde\n|-boost|p1a: Zygarde|atk|1\n|-boost|p1a: Zygarde|def|1\n|-boost|p1a: Zygarde|accuracy|1\n|\n|upkeep\n|turn|13\n|\n|t:|1698707503\n|-terastallize|p1a: Zygarde|Normal\n|move|p2a: Kangaskhan|Icy Wind|p1a: Zygarde\n|-damage|p1a: Zygarde|57\/100\n|-unboost|p1a: Zygarde|spe|1\n|-damage|p1a: Zygarde|56\/100\n|-unboost|p1a: Zygarde|spe|1\n|-hitcount|p1a: Zygarde|2\n|move|p1a: Zygarde|Coil|p1a: Zygarde\n|-boost|p1a: Zygarde|atk|1\n|-boost|p1a: Zygarde|def|1\n|-boost|p1a: Zygarde|accuracy|1\n|\n|upkeep\n|turn|14\n|\n|t:|1698707507\n|move|p2a: Kangaskhan|Seismic Toss|p1a: Zygarde\n|-damage|p1a: Zygarde|32\/100\n|-damage|p1a: Zygarde|9\/100\n|-hitcount|p1a: Zygarde|2\n|move|p1a: Zygarde|Thousand Arrows|p2a: Kangaskhan\n|-damage|p2a: Kangaskhan|56\/100\n|\n|-activate|p1a: Zygarde|ability: Power Construct\n|detailschange|p1a: Zygarde|Zygarde-Complete, shiny, tera:Normal\n|-heal|p1a: Zygarde|40\/100|[silent]\n|upkeep\n|turn|15\n|\n|t:|1698707514\n|move|p2a: Kangaskhan|Seismic Toss|p1a: Zygarde\n|-damage|p1a: Zygarde|24\/100\n|-damage|p1a: Zygarde|8\/100\n|-hitcount|p1a: Zygarde|2\n|move|p1a: Zygarde|Rest|p1a: Zygarde\n|-status|p1a: Zygarde|slp|[from] move: Rest\n|-heal|p1a: Zygarde|100\/100 slp|[silent]\n|-enditem|p1a: Zygarde|Chesto Berry|[eat]\n|-curestatus|p1a: Zygarde|slp|[msg]\n|\n|-sideend|p2: TACOB3I|Reflect\n|upkeep\n|turn|16\n|\n|t:|1698707520\n|move|p2a: Kangaskhan|Seismic Toss|p1a: Zygarde\n|-damage|p1a: Zygarde|85\/100\n|-damage|p1a: Zygarde|69\/100\n|-hitcount|p1a: Zygarde|2\n|move|p1a: Zygarde|Thousand Arrows|p2a: Kangaskhan\n|-damage|p2a: Kangaskhan|0 fnt\n|faint|p2a: Kangaskhan\n|\n|upkeep\n|\n|t:|1698707523\n|switch|p2a: Kyogre|Kyogre-Primal|100\/100\n|-weather|PrimordialSea|[from] ability: Primordial Sea|[of] p2a: Kyogre\n|turn|17\n|\n|t:|1698707529\n|move|p2a: Kyogre|Water Spout|p1a: Zygarde\n|-damage|p1a: Zygarde|0 fnt\n|faint|p1a: Zygarde\n|\n|-weather|PrimordialSea|[upkeep]\n|upkeep\n|\n|t:|1698707533\n|switch|p1a: Groudon|Groudon-Primal, shiny|100\/100\n|-weather|DesolateLand|[from] ability: Desolate Land|[of] p1a: Groudon\n|turn|18\n|\n|t:|1698707536\n|move|p1a: Groudon|Precipice Blades|p2a: Kyogre|[miss]\n|-miss|p1a: Groudon|p2a: Kyogre\n|move|p2a: Kyogre|Ice Beam|p1a: Groudon\n|-damage|p1a: Groudon|57\/100\n|\n|-weather|DesolateLand|[upkeep]\n|upkeep\n|turn|19\n|\n|t:|1698707539\n|move|p1a: Groudon|Precipice Blades|p2a: Kyogre\n|-damage|p2a: Kyogre|13\/100\n|move|p2a: Kyogre|Ice Beam|p1a: Groudon\n|-damage|p1a: Groudon|13\/100\n|\n|-weather|DesolateLand|[upkeep]\n|upkeep\n|turn|20\n|\n|t:|1698707546\n|move|p1a: Groudon|Precipice Blades|p2a: Kyogre\n|-damage|p2a: Kyogre|0 fnt\n|faint|p2a: Kyogre\n|\n|-weather|DesolateLand|[upkeep]\n|upkeep\n|\n|t:|1698707551\n|switch|p2a: Groudon|Groudon-Primal|100\/100\n|turn|21\n|\n|t:|1698707562\n|switch|p1a: Ho-Oh|Ho-Oh, shiny|100\/100\n|move|p2a: Groudon|Stone Edge|p1a: Ho-Oh\n|-supereffective|p1a: Ho-Oh\n|-damage|p1a: Ho-Oh|0 fnt\n|faint|p1a: Ho-Oh\n|\n|-weather|DesolateLand|[upkeep]\n|upkeep\n|\n|t:|1698707569\n|switch|p1a: Arceus|Arceus-Dark|70\/100\n|turn|22\n|\n|t:|1698707572\n|move|p1a: Arceus|Foul Play|p2a: Groudon\n|-damage|p2a: Groudon|51\/100\n|move|p2a: Groudon|Precipice Blades|p1a: Arceus\n|-damage|p1a: Arceus|11\/100\n|\n|-weather|DesolateLand|[upkeep]\n|upkeep\n|turn|23\n|\n|t:|1698707576\n|move|p1a: Arceus|Foul Play|p2a: Groudon\n|-damage|p2a: Groudon|3\/100\n|move|p2a: Groudon|Precipice Blades|p1a: Arceus\n|-damage|p1a: Arceus|0 fnt\n|faint|p1a: Arceus\n|\n|-weather|DesolateLand|[upkeep]\n|upkeep\n|\n|t:|1698707580\n|switch|p1a: Marshadow|Marshadow|100\/100\n|turn|24\n|\n|t:|1698707582\n|move|p1a: Marshadow|Low Kick|p2a: Groudon\n|-damage|p2a: Groudon|0 fnt\n|faint|p2a: Groudon\n|-weather|none\n|\n|upkeep\n|\n|t:|1698707584\n|switch|p2a: Gabriel gambit|Kingambit, F|100\/100\n|-activate|p2a: Gabriel gambit|ability: Supreme Overlord\n|-start|p2a: Gabriel gambit|fallen5|[silent]\n|turn|25\n|\n|t:|1698707589\n|-terastallize|p2a: Gabriel gambit|Flying\n|move|p1a: Marshadow|Low Kick|p2a: Gabriel gambit\n|-resisted|p2a: Gabriel gambit\n|-damage|p2a: Gabriel gambit|74\/100\n|move|p2a: Gabriel gambit|Kowtow Cleave|p1a: Marshadow\n|-damage|p1a: Marshadow|0 fnt\n|faint|p1a: Marshadow\n|\n|upkeep\n|\n|t:|1698707592\n|switch|p1a: Groudon|Groudon-Primal, shiny|13\/100\n|-weather|DesolateLand|[from] ability: Desolate Land|[of] p1a: Groudon\n|turn|26\n|\n|t:|1698707594\n|move|p2a: Gabriel gambit|Sucker Punch|p1a: Groudon\n|-damage|p1a: Groudon|0 fnt\n|faint|p1a: Groudon\n|-weather|none\n|\n|win|TACOB3I\n|raw|Bluetool's rating: 1420 &rarr; <strong>1399<\/strong><br \/>(-21 for losing)\n|raw|TACOB3I's rating: 1403 &rarr; <strong>1424<\/strong><br \/>(+21 for winning)\n|l|\u2606Bluetool\n","uploadtime":1698707603,"views":6,"p1id":"bluetool","p2id":"tacob3i","formatid":"gen9nationaldexubers","rating":1399,"private":0,"password":""}