{"id":"gen9nationaldexubers-1995476099","p1":"Muralik29","p2":"Aphgale","format":"[Gen 9] National Dex Ubers","log":"|j|\u2606Muralik29\n|j|\u2606Aphgale\n|t:|1700575027\n|gametype|singles\n|player|p1|Muralik29|swimmerf-gen4|1385\n|player|p2|Aphgale|dahlia|1393\n|teamsize|p1|6\n|teamsize|p2|6\n|gen|9\n|tier|[Gen 9] National Dex Ubers\n|rated|\n|rule|HP Percentage Mod: HP is shown in percentages\n|rule|Endless Battle Clause: Forcing endless battles is banned\n|rule|OHKO Clause: OHKO moves are banned\n|rule|Evasion Moves Clause: Evasion moves are banned\n|rule|Evasion Items Clause: Evasion items are banned\n|rule|Species Clause: Limit one of each Pok\u00e9mon\n|rule|Sleep Clause Mod: Limit one foe put to sleep\n|rule|Mega Rayquaza Clause: You cannot mega evolve Rayquaza\n|clearpoke\n|poke|p1|Ogerpon-Hearthflame, F|\n|poke|p1|Zacian-*|\n|poke|p1|Groudon|\n|poke|p1|Zygarde|\n|poke|p1|Lugia|\n|poke|p1|Xerneas-*|\n|poke|p2|Clodsire, M|\n|poke|p2|Dondozo, F|\n|poke|p2|Landorus, M|\n|poke|p2|Darmanitan-Galar, F|\n|poke|p2|Kingambit, M|\n|poke|p2|Zacian-*|\n|teampreview\n|inactive|Battle timer is ON: inactive players will automatically lose when time's up. (requested by Muralik29)\n|\n|t:|1700575038\n|start\n|switch|p1a: Xerneas|Xerneas|100\/100\n|switch|p2a: Clodsire|Clodsire, M|100\/100\n|-ability|p1a: Xerneas|Fairy Aura\n|turn|1\n|\n|t:|1700575045\n|-zpower|p1a: Xerneas\n|move|p1a: Xerneas|Z-Geomancy||[anim]Geomancy|[still]\n|-boost|p1a: Xerneas|atk|1|[zeffect]\n|-boost|p1a: Xerneas|def|1|[zeffect]\n|-boost|p1a: Xerneas|spa|1|[zeffect]\n|-boost|p1a: Xerneas|spd|1|[zeffect]\n|-boost|p1a: Xerneas|spe|1|[zeffect]\n|-prepare|p1a: Xerneas|Geomancy\n|move|p2a: Clodsire|Stealth Rock|p1a: Xerneas\n|-sidestart|p1: Muralik29|move: Stealth Rock\n|\n|upkeep\n|turn|2\n|\n|t:|1700575053\n|move|p1a: Xerneas|Geomancy|p1a: Xerneas|[from]lockedmove\n|-boost|p1a: Xerneas|spa|2\n|-boost|p1a: Xerneas|spd|2\n|-boost|p1a: Xerneas|spe|2\n|move|p2a: Clodsire|Toxic|p1a: Xerneas\n|-status|p1a: Xerneas|tox\n|\n|-damage|p1a: Xerneas|94\/100 tox|[from] psn\n|upkeep\n|turn|3\n|\n|t:|1700575057\n|move|p1a: Xerneas|Ingrain|p1a: Xerneas\n|-start|p1a: Xerneas|move: Ingrain\n|move|p2a: Clodsire|Earthquake|p1a: Xerneas\n|-damage|p1a: Xerneas|69\/100 tox\n|\n|-heal|p1a: Xerneas|75\/100 tox|[from] Ingrain\n|-damage|p1a: Xerneas|63\/100 tox|[from] psn\n|upkeep\n|turn|4\n|\n|t:|1700575066\n|move|p1a: Xerneas|Rest|p1a: Xerneas\n|-status|p1a: Xerneas|slp|[from] move: Rest\n|-heal|p1a: Xerneas|100\/100 slp|[silent]\n|move|p2a: Clodsire|Earthquake|p1a: Xerneas\n|-damage|p1a: Xerneas|75\/100 slp\n|\n|-heal|p1a: Xerneas|82\/100 slp|[from] Ingrain\n|upkeep\n|turn|5\n|\n|t:|1700575071\n|cant|p1a: Xerneas|slp\n|move|p2a: Clodsire|Earthquake|p1a: Xerneas\n|-damage|p1a: Xerneas|57\/100 slp\n|\n|-heal|p1a: Xerneas|63\/100 slp|[from] Ingrain\n|upkeep\n|turn|6\n|\n|t:|1700575074\n|cant|p1a: Xerneas|slp\n|move|p2a: Clodsire|Earthquake|p1a: Xerneas\n|-damage|p1a: Xerneas|40\/100 slp\n|\n|-heal|p1a: Xerneas|46\/100 slp|[from] Ingrain\n|upkeep\n|turn|7\n|\n|t:|1700575080\n|-curestatus|p1a: Xerneas|slp|[msg]\n|move|p1a: Xerneas|Moonblast|p2a: Clodsire\n|-resisted|p2a: Clodsire\n|-damage|p2a: Clodsire|79\/100\n|move|p2a: Clodsire|Toxic|p1a: Xerneas\n|-status|p1a: Xerneas|tox\n|\n|-heal|p2a: Clodsire|85\/100|[from] item: Leftovers\n|-heal|p1a: Xerneas|52\/100 tox|[from] Ingrain\n|-damage|p1a: Xerneas|46\/100 tox|[from] psn\n|upkeep\n|turn|8\n|\n|t:|1700575088\n|move|p1a: Xerneas|Rest|p1a: Xerneas\n|-status|p1a: Xerneas|slp|[from] move: Rest\n|-heal|p1a: Xerneas|100\/100 slp|[silent]\n|move|p2a: Clodsire|Earthquake|p1a: Xerneas\n|-damage|p1a: Xerneas|77\/100 slp\n|\n|-heal|p2a: Clodsire|91\/100|[from] item: Leftovers\n|-heal|p1a: Xerneas|84\/100 slp|[from] Ingrain\n|upkeep\n|turn|9\n|\n|t:|1700575094\n|cant|p1a: Xerneas|slp\n|move|p2a: Clodsire|Earthquake|p1a: Xerneas\n|-damage|p1a: Xerneas|62\/100 slp\n|\n|-heal|p2a: Clodsire|97\/100|[from] item: Leftovers\n|-heal|p1a: Xerneas|68\/100 slp|[from] Ingrain\n|upkeep\n|turn|10\n|\n|t:|1700575101\n|cant|p1a: Xerneas|slp\n|move|p2a: Clodsire|Earthquake|p1a: Xerneas\n|-damage|p1a: Xerneas|45\/100 slp\n|\n|-heal|p2a: Clodsire|100\/100|[from] item: Leftovers\n|-heal|p1a: Xerneas|51\/100 slp|[from] Ingrain\n|upkeep\n|turn|11\n|\n|t:|1700575110\n|-curestatus|p1a: Xerneas|slp|[msg]\n|move|p1a: Xerneas|Moonblast|p2a: Clodsire\n|-resisted|p2a: Clodsire\n|-damage|p2a: Clodsire|81\/100\n|-unboost|p2a: Clodsire|spa|1\n|move|p2a: Clodsire|Toxic|p1a: Xerneas\n|-status|p1a: Xerneas|tox\n|\n|-heal|p2a: Clodsire|87\/100|[from] item: Leftovers\n|-heal|p1a: Xerneas|57\/100 tox|[from] Ingrain\n|-damage|p1a: Xerneas|51\/100 tox|[from] psn\n|upkeep\n|turn|12\n|\n|t:|1700575117\n|move|p1a: Xerneas|Rest|p1a: Xerneas\n|-status|p1a: Xerneas|slp|[from] move: Rest\n|-heal|p1a: Xerneas|100\/100 slp|[silent]\n|move|p2a: Clodsire|Earthquake|p1a: Xerneas\n|-damage|p1a: Xerneas|75\/100 slp\n|\n|-heal|p2a: Clodsire|94\/100|[from] item: Leftovers\n|-heal|p1a: Xerneas|82\/100 slp|[from] Ingrain\n|upkeep\n|turn|13\n|\n|t:|1700575140\n|switch|p2a: Zacian|Zacian-Crowned|100\/100\n|-ability|p2a: Zacian|Intrepid Sword|boost\n|-boost|p2a: Zacian|atk|1\n|cant|p1a: Xerneas|slp\n|\n|-heal|p1a: Xerneas|88\/100 slp|[from] Ingrain\n|upkeep\n|turn|14\n|\n|t:|1700575147\n|cant|p1a: Xerneas|slp\n|move|p2a: Zacian|Behemoth Blade|p1a: Xerneas\n|-supereffective|p1a: Xerneas\n|-damage|p1a: Xerneas|4\/100 slp\n|\n|-heal|p1a: Xerneas|10\/100 slp|[from] Ingrain\n|upkeep\n|turn|15\n|\n|t:|1700575150\n|switch|p2a: Clodsire|Clodsire, M|94\/100\n|-curestatus|p1a: Xerneas|slp|[msg]\n|move|p1a: Xerneas|Moonblast|p2a: Clodsire\n|-resisted|p2a: Clodsire\n|-damage|p2a: Clodsire|74\/100\n|\n|-heal|p2a: Clodsire|80\/100|[from] item: Leftovers\n|-heal|p1a: Xerneas|17\/100|[from] Ingrain\n|upkeep\n|turn|16\n|\n|t:|1700575157\n|move|p1a: Xerneas|Rest|p1a: Xerneas\n|-status|p1a: Xerneas|slp|[from] move: Rest\n|-heal|p1a: Xerneas|100\/100 slp|[silent]\n|move|p2a: Clodsire|Earthquake|p1a: Xerneas\n|-damage|p1a: Xerneas|79\/100 slp\n|\n|-heal|p2a: Clodsire|86\/100|[from] item: Leftovers\n|-heal|p1a: Xerneas|85\/100 slp|[from] Ingrain\n|upkeep\n|turn|17\n|\n|t:|1700575161\n|switch|p2a: Zacian|Zacian-Crowned|100\/100\n|cant|p1a: Xerneas|slp\n|\n|-heal|p1a: Xerneas|91\/100 slp|[from] Ingrain\n|upkeep\n|turn|18\n|\n|t:|1700575165\n|cant|p1a: Xerneas|slp\n|move|p2a: Zacian|Behemoth Blade|p1a: Xerneas\n|-supereffective|p1a: Xerneas\n|-damage|p1a: Xerneas|35\/100 slp\n|\n|-heal|p1a: Xerneas|41\/100 slp|[from] Ingrain\n|upkeep\n|turn|19\n|\n|t:|1700575168\n|switch|p2a: Clodsire|Clodsire, M|86\/100\n|-curestatus|p1a: Xerneas|slp|[msg]\n|move|p1a: Xerneas|Moonblast|p2a: Clodsire\n|-resisted|p2a: Clodsire\n|-damage|p2a: Clodsire|66\/100\n|-unboost|p2a: Clodsire|spa|1\n|\n|-heal|p2a: Clodsire|72\/100|[from] item: Leftovers\n|-heal|p1a: Xerneas|47\/100|[from] Ingrain\n|upkeep\n|turn|20\n|\n|t:|1700575175\n|move|p1a: Xerneas|Rest|p1a: Xerneas\n|-status|p1a: Xerneas|slp|[from] move: Rest\n|-heal|p1a: Xerneas|100\/100 slp|[silent]\n|move|p2a: Clodsire|Earthquake|p1a: Xerneas\n|-damage|p1a: Xerneas|75\/100 slp\n|\n|-heal|p2a: Clodsire|78\/100|[from] item: Leftovers\n|-heal|p1a: Xerneas|81\/100 slp|[from] Ingrain\n|upkeep\n|turn|21\n|\n|t:|1700575179\n|switch|p2a: Zacian|Zacian-Crowned|100\/100\n|cant|p1a: Xerneas|slp\n|\n|-heal|p1a: Xerneas|87\/100 slp|[from] Ingrain\n|upkeep\n|turn|22\n|\n|t:|1700575181\n|cant|p1a: Xerneas|slp\n|move|p2a: Zacian|Behemoth Blade|p1a: Xerneas\n|-supereffective|p1a: Xerneas\n|-damage|p1a: Xerneas|24\/100 slp\n|\n|-heal|p1a: Xerneas|30\/100 slp|[from] Ingrain\n|upkeep\n|turn|23\n|\n|t:|1700575188\n|switch|p2a: Clodsire|Clodsire, M|78\/100\n|-curestatus|p1a: Xerneas|slp|[msg]\n|move|p1a: Xerneas|Moonblast|p2a: Clodsire\n|-resisted|p2a: Clodsire\n|-damage|p2a: Clodsire|59\/100\n|\n|-heal|p2a: Clodsire|65\/100|[from] item: Leftovers\n|-heal|p1a: Xerneas|36\/100|[from] Ingrain\n|upkeep\n|turn|24\n|\n|t:|1700575197\n|move|p1a: Xerneas|Moonblast|p2a: Clodsire\n|-resisted|p2a: Clodsire\n|-damage|p2a: Clodsire|46\/100\n|move|p2a: Clodsire|Earthquake|p1a: Xerneas\n|-damage|p1a: Xerneas|12\/100\n|\n|-heal|p2a: Clodsire|52\/100|[from] item: Leftovers\n|-heal|p1a: Xerneas|18\/100|[from] Ingrain\n|upkeep\n|turn|25\n|\n|t:|1700575202\n|move|p1a: Xerneas|Rest|p1a: Xerneas\n|-status|p1a: Xerneas|slp|[from] move: Rest\n|-heal|p1a: Xerneas|100\/100 slp|[silent]\n|move|p2a: Clodsire|Recover|p2a: Clodsire\n|-heal|p2a: Clodsire|100\/100\n|\n|upkeep\n|turn|26\n|\n|t:|1700575208\n|switch|p2a: Zacian|Zacian-Crowned|100\/100\n|cant|p1a: Xerneas|slp\n|\n|upkeep\n|turn|27\n|\n|t:|1700575213\n|cant|p1a: Xerneas|slp\n|move|p2a: Zacian|Behemoth Blade|p1a: Xerneas\n|-supereffective|p1a: Xerneas\n|-damage|p1a: Xerneas|37\/100 slp\n|\n|-heal|p1a: Xerneas|43\/100 slp|[from] Ingrain\n|upkeep\n|turn|28\n|\n|t:|1700575217\n|switch|p2a: Clodsire|Clodsire, M|100\/100\n|-curestatus|p1a: Xerneas|slp|[msg]\n|move|p1a: Xerneas|Moonblast|p2a: Clodsire\n|-resisted|p2a: Clodsire\n|-damage|p2a: Clodsire|79\/100\n|\n|-heal|p2a: Clodsire|85\/100|[from] item: Leftovers\n|-heal|p1a: Xerneas|50\/100|[from] Ingrain\n|upkeep\n|turn|29\n|\n|t:|1700575233\n|move|p1a: Xerneas|Moonblast|p2a: Clodsire\n|-resisted|p2a: Clodsire\n|-damage|p2a: Clodsire|66\/100\n|move|p2a: Clodsire|Earthquake|p1a: Xerneas\n|-damage|p1a: Xerneas|26\/100\n|\n|-heal|p2a: Clodsire|72\/100|[from] item: Leftovers\n|-heal|p1a: Xerneas|33\/100|[from] Ingrain\n|upkeep\n|turn|30\n|\n|t:|1700575243\n|move|p1a: Xerneas|Rest|p1a: Xerneas\n|-status|p1a: Xerneas|slp|[from] move: Rest\n|-heal|p1a: Xerneas|100\/100 slp|[silent]\n|move|p2a: Clodsire|Earthquake|p1a: Xerneas\n|-damage|p1a: Xerneas|76\/100 slp\n|\n|-heal|p2a: Clodsire|78\/100|[from] item: Leftovers\n|-heal|p1a: Xerneas|82\/100 slp|[from] Ingrain\n|upkeep\n|turn|31\n|\n|t:|1700575262\n|switch|p2a: Zacian|Zacian-Crowned|100\/100\n|cant|p1a: Xerneas|slp\n|\n|-heal|p1a: Xerneas|88\/100 slp|[from] Ingrain\n|upkeep\n|turn|32\n|j| spcplayzz\n|\n|t:|1700575273\n|cant|p1a: Xerneas|slp\n|move|p2a: Zacian|Behemoth Blade|p1a: Xerneas\n|-supereffective|p1a: Xerneas\n|-damage|p1a: Xerneas|30\/100 slp\n|\n|-heal|p1a: Xerneas|36\/100 slp|[from] Ingrain\n|upkeep\n|turn|33\n|\n|t:|1700575278\n|switch|p2a: Clodsire|Clodsire, M|78\/100\n|-curestatus|p1a: Xerneas|slp|[msg]\n|move|p1a: Xerneas|Moonblast|p2a: Clodsire\n|-resisted|p2a: Clodsire\n|-damage|p2a: Clodsire|59\/100\n|\n|-heal|p2a: Clodsire|65\/100|[from] item: Leftovers\n|-heal|p1a: Xerneas|42\/100|[from] Ingrain\n|upkeep\n|turn|34\n|\n|t:|1700575294\n|move|p1a: Xerneas|Moonblast|p2a: Clodsire\n|-resisted|p2a: Clodsire\n|-damage|p2a: Clodsire|43\/100\n|-unboost|p2a: Clodsire|spa|1\n|move|p2a: Clodsire|Earthquake|p1a: Xerneas\n|-damage|p1a: Xerneas|19\/100\n|\n|-heal|p2a: Clodsire|49\/100|[from] item: Leftovers\n|-heal|p1a: Xerneas|25\/100|[from] Ingrain\n|upkeep\n|turn|35\n|\n|t:|1700575300\n|move|p1a: Xerneas|Rest|p1a: Xerneas\n|-status|p1a: Xerneas|slp|[from] move: Rest\n|-heal|p1a: Xerneas|100\/100 slp|[silent]\n|move|p2a: Clodsire|Recover|p2a: Clodsire\n|-heal|p2a: Clodsire|99\/100\n|\n|-heal|p2a: Clodsire|100\/100|[from] item: Leftovers\n|upkeep\n|turn|36\n|\n|t:|1700575307\n|switch|p2a: Zacian|Zacian-Crowned|100\/100\n|cant|p1a: Xerneas|slp\n|\n|upkeep\n|turn|37\n|\n|t:|1700575310\n|cant|p1a: Xerneas|slp\n|move|p2a: Zacian|Behemoth Blade|p1a: Xerneas\n|-supereffective|p1a: Xerneas\n|-damage|p1a: Xerneas|38\/100 slp\n|\n|-heal|p1a: Xerneas|44\/100 slp|[from] Ingrain\n|upkeep\n|turn|38\n|\n|t:|1700575317\n|switch|p2a: Clodsire|Clodsire, M|100\/100\n|-curestatus|p1a: Xerneas|slp|[msg]\n|move|p1a: Xerneas|Moonblast|p2a: Clodsire\n|-resisted|p2a: Clodsire\n|-damage|p2a: Clodsire|81\/100\n|\n|-heal|p2a: Clodsire|87\/100|[from] item: Leftovers\n|-heal|p1a: Xerneas|50\/100|[from] Ingrain\n|upkeep\n|turn|39\n|\n|t:|1700575326\n|move|p1a: Xerneas|Moonblast|p2a: Clodsire\n|-resisted|p2a: Clodsire\n|-damage|p2a: Clodsire|66\/100\n|move|p2a: Clodsire|Toxic|p1a: Xerneas\n|-status|p1a: Xerneas|tox\n|\n|-heal|p2a: Clodsire|72\/100|[from] item: Leftovers\n|-heal|p1a: Xerneas|57\/100 tox|[from] Ingrain\n|-damage|p1a: Xerneas|50\/100 tox|[from] psn\n|upkeep\n|turn|40\n|\n|t:|1700575331\n|move|p1a: Xerneas|Moonblast|p2a: Clodsire\n|-resisted|p2a: Clodsire\n|-damage|p2a: Clodsire|52\/100\n|move|p2a: Clodsire|Earthquake|p1a: Xerneas\n|-damage|p1a: Xerneas|27\/100 tox\n|\n|-heal|p2a: Clodsire|58\/100|[from] item: Leftovers\n|-heal|p1a: Xerneas|33\/100 tox|[from] Ingrain\n|-damage|p1a: Xerneas|21\/100 tox|[from] psn\n|upkeep\n|turn|41\n|\n|t:|1700575333\n|move|p1a: Xerneas|Moonblast|p2a: Clodsire\n|-resisted|p2a: Clodsire\n|-damage|p2a: Clodsire|37\/100\n|move|p2a: Clodsire|Recover|p2a: Clodsire\n|-heal|p2a: Clodsire|87\/100\n|\n|-heal|p2a: Clodsire|93\/100|[from] item: Leftovers\n|-heal|p1a: Xerneas|27\/100 tox|[from] Ingrain\n|-damage|p1a: Xerneas|9\/100 tox|[from] psn\n|upkeep\n|turn|42\n|\n|t:|1700575337\n|move|p1a: Xerneas|Moonblast|p2a: Clodsire\n|-resisted|p2a: Clodsire\n|-damage|p2a: Clodsire|74\/100\n|-unboost|p2a: Clodsire|spa|1\n|move|p2a: Clodsire|Earthquake|p1a: Xerneas\n|-damage|p1a: Xerneas|0 fnt\n|faint|p1a: Xerneas\n|\n|-heal|p2a: Clodsire|80\/100|[from] item: Leftovers\n|upkeep\n|\n|t:|1700575341\n|switch|p1a: Lugia|Lugia|100\/100\n|-damage|p1a: Lugia|75\/100|[from] Stealth Rock\n|turn|43\n|\n|t:|1700575350\n|move|p1a: Lugia|Defog|p2a: Clodsire\n|-unboost|p2a: Clodsire|evasion|1\n|-sideend|p1: Muralik29|Stealth Rock|[from] move: Defog|[of] p1a: Lugia\n|move|p2a: Clodsire|Toxic|p1a: Lugia\n|-status|p1a: Lugia|tox\n|\n|-heal|p1a: Lugia|82\/100 tox|[from] item: Leftovers\n|-heal|p2a: Clodsire|86\/100|[from] item: Leftovers\n|-damage|p1a: Lugia|75\/100 tox|[from] psn\n|upkeep\n|turn|44\n|\n|t:|1700575356\n|switch|p1a: Zacian|Zacian-Crowned|100\/100\n|-ability|p1a: Zacian|Intrepid Sword|boost\n|-boost|p1a: Zacian|atk|1\n|move|p2a: Clodsire|Stealth Rock|p1a: Zacian\n|-sidestart|p1: Muralik29|move: Stealth Rock\n|\n|-heal|p2a: Clodsire|92\/100|[from] item: Leftovers\n|upkeep\n|turn|45\n|\n|t:|1700575372\n|switch|p2a: Dondozo|Dondozo, F|100\/100\n|-terastallize|p1a: Zacian|Ground\n|move|p1a: Zacian|Tera Blast|p2a: Dondozo|[anim] Tera Blast Ground\n|-damage|p2a: Dondozo|80\/100\n|\n|-heal|p2a: Dondozo|86\/100|[from] item: Leftovers\n|upkeep\n|turn|46\n|inactive|Muralik29 has 120 seconds left.\n|\n|t:|1700575420\n|switch|p1a: Groudon|Groudon, shiny|100\/100\n|-damage|p1a: Groudon|94\/100|[from] Stealth Rock\n|detailschange|p1a: Groudon|Groudon-Primal, shiny\n|-primal|p1a: Groudon|Red Orb\n|-weather|DesolateLand|[from] ability: Desolate Land|[of] p1a: Groudon\n|move|p2a: Dondozo|Curse|p2a: Dondozo\n|-unboost|p2a: Dondozo|spe|1\n|-boost|p2a: Dondozo|atk|1\n|-boost|p2a: Dondozo|def|1\n|\n|-weather|DesolateLand|[upkeep]\n|-heal|p2a: Dondozo|92\/100|[from] item: Leftovers\n|upkeep\n|turn|47\n|\n|t:|1700575434\n|move|p1a: Groudon|Earthquake|p2a: Dondozo\n|-damage|p2a: Dondozo|66\/100\n|move|p2a: Dondozo|Curse|p2a: Dondozo\n|-unboost|p2a: Dondozo|spe|1\n|-boost|p2a: Dondozo|atk|1\n|-boost|p2a: Dondozo|def|1\n|\n|-weather|DesolateLand|[upkeep]\n|-heal|p2a: Dondozo|72\/100|[from] item: Leftovers\n|upkeep\n|turn|48\n|\n|t:|1700575440\n|move|p1a: Groudon|Earthquake|p2a: Dondozo\n|-damage|p2a: Dondozo|55\/100\n|move|p2a: Dondozo|Curse|p2a: Dondozo\n|-unboost|p2a: Dondozo|spe|1\n|-boost|p2a: Dondozo|atk|1\n|-boost|p2a: Dondozo|def|1\n|\n|-weather|DesolateLand|[upkeep]\n|-heal|p2a: Dondozo|61\/100|[from] item: Leftovers\n|upkeep\n|turn|49\n|\n|t:|1700575444\n|-weather|none\n|switch|p1a: Lugia|Lugia|75\/100 tox\n|-damage|p1a: Lugia|50\/100 tox|[from] Stealth Rock\n|move|p2a: Dondozo|Curse|p2a: Dondozo\n|-unboost|p2a: Dondozo|spe|1\n|-boost|p2a: Dondozo|atk|1\n|-boost|p2a: Dondozo|def|1\n|\n|-heal|p1a: Lugia|57\/100 tox|[from] item: Leftovers\n|-heal|p2a: Dondozo|67\/100|[from] item: Leftovers\n|-damage|p1a: Lugia|50\/100 tox|[from] psn\n|upkeep\n|turn|50\n|\n|t:|1700575449\n|move|p1a: Lugia|Aeroblast|p2a: Dondozo\n|-damage|p2a: Dondozo|38\/100\n|move|p2a: Dondozo|Wave Crash|p1a: Lugia\n|-damage|p1a: Lugia|0 fnt\n|faint|p1a: Lugia\n|-damage|p2a: Dondozo|24\/100|[from] Recoil\n|\n|-heal|p2a: Dondozo|30\/100|[from] item: Leftovers\n|upkeep\n|\n|t:|1700575456\n|switch|p1a: Ogerpon|Ogerpon-Hearthflame, F|100\/100\n|-damage|p1a: Ogerpon|76\/100|[from] Stealth Rock\n|-ability|p1a: Ogerpon|Mold Breaker\n|turn|51\n|\n|t:|1700575462\n|move|p1a: Ogerpon|Power Whip|p2a: Dondozo\n|-supereffective|p2a: Dondozo\n|-damage|p2a: Dondozo|8\/100\n|move|p2a: Dondozo|Rest|p2a: Dondozo\n|-status|p2a: Dondozo|slp|[from] move: Rest\n|-heal|p2a: Dondozo|100\/100 slp|[silent]\n|\n|upkeep\n|turn|52\n|\n|t:|1700575468\n|move|p1a: Ogerpon|Swords Dance|p1a: Ogerpon\n|-boost|p1a: Ogerpon|atk|2\n|cant|p2a: Dondozo|slp\n|move|p2a: Dondozo|Sleep Talk|p2a: Dondozo\n|move|p2a: Dondozo|Rest||[from]move: Sleep Talk|[still]\n|-fail|p2a: Dondozo\n|\n|upkeep\n|turn|53\n|\n|t:|1700575480\n|move|p1a: Ogerpon|Power Whip|p2a: Dondozo\n|-supereffective|p2a: Dondozo\n|-damage|p2a: Dondozo|56\/100 slp\n|cant|p2a: Dondozo|slp\n|move|p2a: Dondozo|Sleep Talk|p2a: Dondozo\n|move|p2a: Dondozo|Rest||[from]move: Sleep Talk|[still]\n|-fail|p2a: Dondozo\n|\n|-heal|p2a: Dondozo|62\/100 slp|[from] item: Leftovers\n|upkeep\n|turn|54\n|\n|t:|1700575488\n|move|p1a: Ogerpon|Power Whip|p2a: Dondozo\n|-supereffective|p2a: Dondozo\n|-damage|p2a: Dondozo|15\/100 slp\n|-curestatus|p2a: Dondozo|slp|[msg]\n|move|p2a: Dondozo|Wave Crash|p1a: Ogerpon\n|-damage|p1a: Ogerpon|0 fnt\n|faint|p1a: Ogerpon\n|-damage|p2a: Dondozo|0 fnt|[from] Recoil\n|faint|p2a: Dondozo\n|\n|upkeep\n|\n|t:|1700575502\n|switch|p1a: Groudon|Groudon-Primal, shiny|94\/100\n|switch|p2a: Darmanitan|Darmanitan-Galar, F|100\/100\n|-damage|p1a: Groudon|82\/100|[from] Stealth Rock\n|-weather|DesolateLand|[from] ability: Desolate Land|[of] p1a: Groudon\n|turn|55\n|\n|t:|1700575511\n|move|p2a: Darmanitan|U-turn|p1a: Groudon\n|-resisted|p1a: Groudon\n|-damage|p1a: Groudon|68\/100\n|\n|t:|1700575515\n|switch|p2a: Landorus|Landorus, M|100\/100|[from] U-turn\n|move|p1a: Groudon|Heat Crash|p2a: Landorus\n|-damage|p2a: Landorus|0 fnt\n|faint|p2a: Landorus\n|\n|-weather|DesolateLand|[upkeep]\n|upkeep\n|\n|t:|1700575530\n|switch|p2a: Clodsire|Clodsire, M|92\/100\n|turn|56\n|\n|t:|1700575535\n|move|p1a: Groudon|Earthquake|p2a: Clodsire\n|-supereffective|p2a: Clodsire\n|-damage|p2a: Clodsire|0 fnt\n|faint|p2a: Clodsire\n|\n|-weather|DesolateLand|[upkeep]\n|upkeep\n|\n|t:|1700575546\n|switch|p2a: Zacian|Zacian-Crowned|100\/100\n|turn|57\n|\n|t:|1700575564\n|move|p2a: Zacian|Close Combat|p1a: Groudon\n|-damage|p1a: Groudon|38\/100\n|-unboost|p2a: Zacian|def|1\n|-unboost|p2a: Zacian|spd|1\n|move|p1a: Groudon|Heat Crash|p2a: Zacian\n|-supereffective|p2a: Zacian\n|-damage|p2a: Zacian|0 fnt\n|faint|p2a: Zacian\n|\n|-weather|DesolateLand|[upkeep]\n|upkeep\n|\n|t:|1700575567\n|switch|p2a: Darmanitan|Darmanitan-Galar, F|100\/100\n|turn|58\n|\n|t:|1700575571\n|move|p2a: Darmanitan|Icicle Crash|p1a: Groudon\n|-damage|p1a: Groudon|0 fnt\n|faint|p1a: Groudon\n|-weather|none\n|\n|upkeep\n|\n|t:|1700575573\n|switch|p1a: Zacian|Zacian-Crowned, tera:Ground|100\/100\n|-damage|p1a: Zacian|94\/100|[from] Stealth Rock\n|turn|59\n|\n|t:|1700575577\n|switch|p2a: Kingambit|Kingambit, M|100\/100\n|-activate|p2a: Kingambit|ability: Supreme Overlord\n|-start|p2a: Kingambit|fallen4|[silent]\n|move|p1a: Zacian|Behemoth Blade|p2a: Kingambit\n|-resisted|p2a: Kingambit\n|-damage|p2a: Kingambit|77\/100\n|\n|-heal|p2a: Kingambit|83\/100|[from] item: Leftovers\n|upkeep\n|turn|60\n|\n|t:|1700575589\n|move|p2a: Kingambit|Sucker Punch|p1a: Zacian\n|-damage|p1a: Zacian|49\/100\n|move|p1a: Zacian|Sacred Sword|p2a: Kingambit\n|-supereffective|p2a: Kingambit\n|-damage|p2a: Kingambit|0 fnt\n|faint|p2a: Kingambit\n|-end|p2a: Kingambit|fallen4|[silent]\n|\n|upkeep\n|\n|t:|1700575593\n|switch|p2a: Darmanitan|Darmanitan-Galar, F|100\/100\n|turn|61\n|\n|t:|1700575608\n|-terastallize|p2a: Darmanitan|Fire\n|move|p1a: Zacian|Behemoth Blade|p2a: Darmanitan\n|-resisted|p2a: Darmanitan\n|-damage|p2a: Darmanitan|54\/100\n|move|p2a: Darmanitan|Icicle Crash|p1a: Zacian\n|-supereffective|p1a: Zacian\n|-damage|p1a: Zacian|0 fnt\n|faint|p1a: Zacian\n|\n|upkeep\n|\n|t:|1700575612\n|switch|p1a: Zygarde|Zygarde|100\/100\n|-damage|p1a: Zygarde|94\/100|[from] Stealth Rock\n|turn|62\n|\n|t:|1700575616\n|move|p2a: Darmanitan|Icicle Crash|p1a: Zygarde\n|-supereffective|p1a: Zygarde\n|-damage|p1a: Zygarde|0 fnt\n|faint|p1a: Zygarde\n|\n|win|Aphgale\n|raw|Muralik29's rating: 1385 &rarr; <strong>1365<\/strong><br \/>(-20 for losing)\n|raw|Aphgale's rating: 1393 &rarr; <strong>1413<\/strong><br \/>(+20 for winning)\n|l| spcplayzz\n|l|\u2606Muralik29\n|j|\u2606Muralik29\n|player|p1|Muralik29|swimmerf-gen4\n|l|\u2606Muralik29\n|player|p1|\n","uploadtime":1700575830,"views":7,"p1id":"muralik29","p2id":"aphgale","formatid":"gen9nationaldexubers","rating":1365,"private":0,"password":""}