{"id":"gen9nationaldexubers-1991663405","p1":"Smackey_5","p2":"speedykidyo","format":"[Gen 9] National Dex Ubers","log":"|j|\u2606Smackey_5\n|j|\u2606speedykidyo\n|t:|1700099943\n|gametype|singles\n|player|p1|Smackey_5|silver|\n|player|p2|speedykidyo|1|\n|teamsize|p1|6\n|teamsize|p2|6\n|gen|9\n|tier|[Gen 9] National Dex Ubers\n|rule|HP Percentage Mod: HP is shown in percentages\n|rule|Endless Battle Clause: Forcing endless battles is banned\n|rule|OHKO Clause: OHKO moves are banned\n|rule|Evasion Moves Clause: Evasion moves are banned\n|rule|Evasion Items Clause: Evasion items are banned\n|rule|Species Clause: Limit one of each Pok\u00e9mon\n|rule|Sleep Clause Mod: Limit one foe put to sleep\n|rule|Mega Rayquaza Clause: You cannot mega evolve Rayquaza\n|clearpoke\n|poke|p1|Kingambit, F|\n|poke|p1|Cresselia, F|\n|poke|p1|Kommo-o, M|\n|poke|p1|Donphan, M|\n|poke|p1|Charizard, M|\n|poke|p1|Quagsire, F|\n|poke|p2|Ting-Lu|\n|poke|p2|Urshifu-*, F|\n|poke|p2|Typhlosion, M|\n|poke|p2|Crobat, M|\n|poke|p2|Tyranitar, F|\n|poke|p2|Dracozolt|\n|teampreview\n|j| MiniBearGrahams\n|j| pawket\n|l| pawket\n|c| MiniBearGrahams|first\n|j| CelestialSquidKid\n|j| Lunar Sloth\n|j| pawket\n|c| CelestialSquidKid|thirst\n|c|\u2606speedykidyo|based\n|c| pawket|worst\n|c|\u2606Smackey_5|wanna go ahead and start\n|c|\u2606speedykidyo|yeah\n|inactive|Battle timer is ON: inactive players will automatically lose when time's up. (requested by Smackey_5)\n|inactive|speedykidyo has 270 seconds left.\n|\n|t:|1700100048\n|start\n|switch|p1a: Quagsire|Quagsire, F|100\/100\n|switch|p2a: tier 4 btw|Typhlosion, M|100\/100\n|turn|1\n|c|\u2606speedykidyo|oop\n|inactive|speedykidyo has 270 seconds left.\n|\n|t:|1700100098\n|switch|p2a: funny bear|Urshifu-Rapid-Strike, F|100\/100\n|move|p1a: Quagsire|Toxic Spikes|p2a: funny bear\n|-sidestart|p2: speedykidyo|move: Toxic Spikes\n|\n|upkeep\n|turn|2\n|\n|t:|1700100104\n|move|p2a: funny bear|Trailblaze|p1a: Quagsire\n|-supereffective|p1a: Quagsire\n|-damage|p1a: Quagsire|54\/100\n|-boost|p2a: funny bear|spe|1\n|move|p1a: Quagsire|Toxic Spikes|p2a: funny bear\n|-sidestart|p2: speedykidyo|move: Toxic Spikes\n|\n|-heal|p1a: Quagsire|60\/100|[from] item: Leftovers\n|upkeep\n|turn|3\n|\n|t:|1700100112\n|switch|p1a: Charizard|Charizard, M|100\/100\n|move|p2a: funny bear|Trailblaze|p1a: Charizard\n|-resisted|p1a: Charizard\n|-damage|p1a: Charizard|95\/100\n|-boost|p2a: funny bear|spe|1\n|\n|upkeep\n|turn|4\n|j| VoIteon\n|inactive|speedykidyo has 270 seconds left.\n|c| CelestialSquidKid|har har har har\n|c|\u2606speedykidyo|what\n|inactive|speedykidyo has 240 seconds left.\n|\n|t:|1700100165\n|switch|p2a: Dracozolt|Dracozolt|100\/100\n|-status|p2a: Dracozolt|tox\n|detailschange|p1a: Charizard|Charizard-Mega-Y, M\n|-mega|p1a: Charizard|Charizard|Charizardite Y\n|-weather|SunnyDay|[from] ability: Drought|[of] p1a: Charizard\n|move|p1a: Charizard|Scorching Sands|p2a: Dracozolt\n|-supereffective|p2a: Dracozolt\n|-damage|p2a: Dracozolt|9\/100 tox\n|\n|-weather|SunnyDay|[upkeep]\n|-damage|p2a: Dracozolt|3\/100 tox|[from] psn\n|upkeep\n|turn|5\n|c|\u2606speedykidyo|wait i'm stupid\n|inactive|speedykidyo has 210 seconds left.\n|\n|t:|1700100204\n|switch|p1a: Quagsire|Quagsire, F|60\/100\n|move|p2a: Dracozolt|Bolt Beak|p1a: Quagsire\n|-immune|p1a: Quagsire\n|\n|-weather|SunnyDay|[upkeep]\n|-heal|p1a: Quagsire|66\/100|[from] item: Leftovers\n|-damage|p2a: Dracozolt|0 fnt|[from] psn\n|faint|p2a: Dracozolt\n|upkeep\n|inactive|speedykidyo has 180 seconds left.\n|\n|t:|1700100250\n|switch|p2a: funny bear|Urshifu-Rapid-Strike, F|100\/100\n|-status|p2a: funny bear|tox\n|turn|6\n|\n|t:|1700100262\n|switch|p1a: Cresselia|Cresselia, F|100\/100\n|move|p2a: funny bear|Trailblaze|p1a: Cresselia\n|-damage|p1a: Cresselia|91\/100\n|-boost|p2a: funny bear|spe|1\n|\n|-weather|SunnyDay|[upkeep]\n|-damage|p2a: funny bear|94\/100 tox|[from] psn\n|upkeep\n|turn|7\n|c| CelestialSquidKid|for my reference right. If not then you go dude cook bro woo\n|c|\u2606Smackey_5|tf\n|c|\u2606Smackey_5|are you on\n|inactive|speedykidyo has 150 seconds left.\n|c|\u2606speedykidyo|lol what\n|c|\u2606Smackey_5|not you\n|\n|t:|1700100301\n|switch|p2a: Tyranitar|Tyranitar, F|100\/100\n|-status|p2a: Tyranitar|tox\n|-weather|Sandstorm|[from] ability: Sand Stream|[of] p2a: Tyranitar\n|move|p1a: Cresselia|Reflect|p1a: Cresselia\n|-sidestart|p1: Smackey_5|Reflect\n|\n|-weather|Sandstorm|[upkeep]\n|-damage|p1a: Cresselia|85\/100|[from] Sandstorm\n|-damage|p2a: Tyranitar|94\/100 tox|[from] psn\n|upkeep\n|turn|8\n|\n|t:|1700100314\n|detailschange|p2a: Tyranitar|Tyranitar-Mega, F\n|-mega|p2a: Tyranitar|Tyranitar|Tyranitarite\n|move|p2a: Tyranitar|Knock Off|p1a: Cresselia\n|-supereffective|p1a: Cresselia\n|-damage|p1a: Cresselia|55\/100\n|-enditem|p1a: Cresselia|Light Clay|[from] move: Knock Off|[of] p2a: Tyranitar\n|move|p1a: Cresselia|Light Screen|p1a: Cresselia\n|-sidestart|p1: Smackey_5|move: Light Screen\n|\n|-weather|Sandstorm|[upkeep]\n|-damage|p1a: Cresselia|49\/100|[from] Sandstorm\n|-damage|p2a: Tyranitar|82\/100 tox|[from] psn\n|upkeep\n|turn|9\n|c| pawket|I do believe my man was making a fnaf reference. it should be ignored tho.\n|\n|t:|1700100327\n|-activate|p1a: Cresselia|move: Pursuit\n|move|p2a: Tyranitar|Pursuit|p1a: Cresselia|[from]Pursuit\n|-supereffective|p1a: Cresselia\n|-damage|p1a: Cresselia|23\/100\n|switch|p1a: Charizard|Charizard-Mega-Y, M|95\/100\n|-weather|SunnyDay|[from] ability: Drought|[of] p1a: Charizard\n|\n|-weather|SunnyDay|[upkeep]\n|-damage|p2a: Tyranitar|64\/100 tox|[from] psn\n|upkeep\n|turn|10\n|c| CelestialSquidKid|I'm cheering because I was about to be inadvertently mean again\n|c|\u2606Smackey_5|oh ok I don't know that franchise\n|inactive|speedykidyo has 120 seconds left.\n|\n|t:|1700100364\n|switch|p2a: funny bear|Urshifu-Rapid-Strike, F|94\/100 tox\n|move|p1a: Charizard|Focus Blast|p2a: funny bear|[miss]\n|-miss|p1a: Charizard|p2a: funny bear\n|\n|-weather|SunnyDay|[upkeep]\n|-damage|p2a: funny bear|88\/100 tox|[from] psn\n|upkeep\n|turn|11\n|inactive|speedykidyo has 120 seconds left.\n|\n|t:|1700100378\n|switch|p1a: Quagsire|Quagsire, F|66\/100\n|-terastallize|p2a: funny bear|Water\n|move|p2a: funny bear|Surging Strikes|p1a: Quagsire\n|-heal|p1a: Quagsire|91\/100|[from] ability: Water Absorb|[of] p2a: funny bear\n|\n|-weather|SunnyDay|[upkeep]\n|-heal|p1a: Quagsire|97\/100|[from] item: Leftovers\n|-damage|p2a: funny bear|76\/100 tox|[from] psn\n|upkeep\n|turn|12\n|inactive|speedykidyo has 120 seconds left.\n|c| CelestialSquidKid|Every time I watch your set I get mad Smackey because who tf let you draft this team in peace\n|c|\u2606Smackey_5|lmao\n|c|\u2606speedykidyo|we all did\n|\n|t:|1700100410\n|switch|p2a: fwiend|Crobat, M|100\/100\n|move|p1a: Quagsire|Spikes|p2a: fwiend\n|-sidestart|p2: speedykidyo|Spikes\n|\n|-weather|SunnyDay|[upkeep]\n|-heal|p1a: Quagsire|100\/100|[from] item: Leftovers\n|-sideend|p1: Smackey_5|move: Light Screen\n|upkeep\n|turn|13\n|\n|t:|1700100426\n|switch|p1a: Cresselia|Cresselia, F|23\/100\n|move|p2a: fwiend|Defog|p1a: Cresselia\n|-unboost|p1a: Cresselia|evasion|1\n|-sideend|p1: Smackey_5|Reflect\n|-sideend|p2: speedykidyo|Spikes|[from] move: Defog|[of] p2a: fwiend\n|-sideend|p2: speedykidyo|Toxic Spikes|[from] move: Defog|[of] p2a: fwiend\n|\n|-weather|none\n|upkeep\n|turn|14\n|\n|t:|1700100438\n|move|p2a: fwiend|U-turn|p1a: Cresselia\n|-supereffective|p1a: Cresselia\n|-damage|p1a: Cresselia|6\/100\n|c|\u2606speedykidyo|it didn't kill\n|c|\u2606speedykidyo|fuck\n|c|\u2606Smackey_5|I miscounted sun dang\n|inactive|speedykidyo has 90 seconds left.\n|c|\u2606Smackey_5|forgot I only get 5\n|\n|t:|1700100462\n|switch|p2a: funny bear|Urshifu-Rapid-Strike, F, tera:Water|76\/100 tox|[from] U-turn\n|move|p1a: Cresselia|Moonlight|p1a: Cresselia\n|-heal|p1a: Cresselia|56\/100\n|\n|-damage|p2a: funny bear|70\/100 tox|[from] psn\n|upkeep\n|turn|15\n|inactive|speedykidyo has 90 seconds left.\n|\n|t:|1700100471\n|move|p2a: funny bear|U-turn|p1a: Cresselia\n|-supereffective|p1a: Cresselia\n|-damage|p1a: Cresselia|28\/100\n|inactive|speedykidyo has 90 seconds left.\n|\n|t:|1700100476\n|switch|p2a: fwiend|Crobat, M|100\/100|[from] U-turn\n|move|p1a: Cresselia|Reflect|p1a: Cresselia\n|-sidestart|p1: Smackey_5|Reflect\n|\n|upkeep\n|turn|16\n|c| CelestialSquidKid|dual screens, Hazards value typlo value quagsire value trevenant\n|inactive|speedykidyo has 90 seconds left.\n|\n|t:|1700100500\n|move|p2a: fwiend|U-turn|p1a: Cresselia\n|-supereffective|p1a: Cresselia\n|-damage|p1a: Cresselia|9\/100\n|\n|t:|1700100504\n|switch|p2a: funny bear|Urshifu-Rapid-Strike, F, tera:Water|70\/100 tox|[from] U-turn\n|move|p1a: Cresselia|Moonlight|p1a: Cresselia\n|-heal|p1a: Cresselia|59\/100\n|\n|-damage|p2a: funny bear|64\/100 tox|[from] psn\n|upkeep\n|turn|17\n|inactive|speedykidyo has 90 seconds left.\n|\n|t:|1700100522\n|move|p2a: funny bear|U-turn|p1a: Cresselia\n|-supereffective|p1a: Cresselia\n|-damage|p1a: Cresselia|46\/100\n|\n|t:|1700100525\n|switch|p2a: fwiend|Crobat, M|100\/100|[from] U-turn\n|move|p1a: Cresselia|Moonlight|p1a: Cresselia\n|-heal|p1a: Cresselia|96\/100\n|\n|upkeep\n|turn|18\n|inactive|speedykidyo has 90 seconds left.\n|\n|t:|1700100541\n|switch|p1a: Charizard|Charizard-Mega-Y, M|95\/100\n|-weather|SunnyDay|[from] ability: Drought|[of] p1a: Charizard\n|move|p2a: fwiend|Defog|p1a: Charizard\n|-unboost|p1a: Charizard|evasion|1\n|-sideend|p1: Smackey_5|Reflect\n|\n|-weather|SunnyDay|[upkeep]\n|upkeep\n|turn|19\n|inactive|speedykidyo has 90 seconds left.\n|\n|t:|1700100566\n|move|p2a: fwiend|Super Fang|p1a: Charizard\n|-damage|p1a: Charizard|48\/100\n|move|p1a: Charizard|Focus Blast|p2a: fwiend\n|-resisted|p2a: fwiend\n|-damage|p2a: fwiend|87\/100\n|\n|-weather|SunnyDay|[upkeep]\n|upkeep\n|turn|20\n|\n|t:|1700100577\n|move|p2a: fwiend|Super Fang|p1a: Charizard\n|-damage|p1a: Charizard|24\/100\n|move|p1a: Charizard|Roost|p1a: Charizard\n|-heal|p1a: Charizard|74\/100\n|-singleturn|p1a: Charizard|move: Roost\n|\n|-weather|SunnyDay|[upkeep]\n|upkeep\n|turn|21\n|inactive|speedykidyo has 90 seconds left.\n|\n|t:|1700100584\n|move|p2a: fwiend|Super Fang|p1a: Charizard\n|-damage|p1a: Charizard|38\/100\n|move|p1a: Charizard|Weather Ball|p2a: fwiend\n|-damage|p2a: fwiend|0 fnt\n|faint|p2a: fwiend\n|\n|-weather|SunnyDay|[upkeep]\n|upkeep\n|l| pawket\n|inactive|speedykidyo has 90 seconds left.\n|c|\u2606speedykidyo|uh oh\n|c|\u2606speedykidyo|why does pawket keep leaving\n|c|\u2606Smackey_5|he mad\n|c|\u2606speedykidyo|why\n|inactive|speedykidyo has 60 seconds left.\n|c|\u2606Smackey_5|jk\n|c| CelestialSquidKid|yeah maybe he just had enough\n|\n|t:|1700100639\n|switch|p2a: tier 4 btw|Typhlosion, M|100\/100\n|turn|22\n|c|\u2606speedykidyo|sun\n|c|\u2606speedykidyo|sun\n|c|\u2606speedykidyo|mr golden sun\n|c|\u2606speedykidyo|please shine down on me\n|inactive|Smackey_5 has 270 seconds left.\n|\n|t:|1700100680\n|switch|p1a: Quagsire|Quagsire, F|100\/100\n|move|p2a: tier 4 btw|Eruption|p1a: Quagsire\n|-resisted|p1a: Quagsire\n|-damage|p1a: Quagsire|34\/100\n|\n|-weather|none\n|-heal|p1a: Quagsire|40\/100|[from] item: Leftovers\n|upkeep\n|turn|23\n|\n|t:|1700100688\n|switch|p1a: Kommo-o|Kommo-o, M|100\/100\n|move|p2a: tier 4 btw|Eruption|p1a: Kommo-o\n|-resisted|p1a: Kommo-o\n|-damage|p1a: Kommo-o|59\/100\n|\n|upkeep\n|turn|24\n|inactive|Smackey_5 has 270 seconds left.\n|\n|t:|1700100701\n|move|p2a: tier 4 btw|Eruption|p1a: Kommo-o\n|-resisted|p1a: Kommo-o\n|-damage|p1a: Kommo-o|16\/100\n|move|p1a: Kommo-o|Drain Punch|p2a: tier 4 btw\n|-crit|p2a: tier 4 btw\n|-damage|p2a: tier 4 btw|25\/100\n|-heal|p1a: Kommo-o|55\/100|[from] drain|[of] p2a: tier 4 btw\n|\n|upkeep\n|turn|25\n|inactive|Smackey_5 has 270 seconds left.\n|inactive|speedykidyo has 60 seconds left.\n|c|\u2606Smackey_5|dang\n|c| MiniBearGrahams|not the crit\n|c|\u2606speedykidyo|bruh\n|inactive|speedykidyo has 30 seconds left.\n|c|\u2606Smackey_5|you ain't deserve that\n|c| CelestialSquidKid|timer\n|c|\u2606Smackey_5|I got you bro\n|inactive|speedykidyo has 20 seconds left.\n|inactiveoff|Battle timer is now OFF.\n|\n|t:|1700100749\n|switch|p2a: funny bear|Urshifu-Rapid-Strike, F, tera:Water|64\/100 tox\n|-zpower|p1a: Kommo-o\n|move|p1a: Kommo-o|Clangorous Soulblaze|p2a: funny bear|[zeffect]\n|-damage|p2a: funny bear|0 fnt\n|faint|p2a: funny bear\n|-boost|p1a: Kommo-o|atk|1\n|-boost|p1a: Kommo-o|def|1\n|-boost|p1a: Kommo-o|spa|1\n|-boost|p1a: Kommo-o|spd|1\n|-boost|p1a: Kommo-o|spe|1\n|\n|upkeep\n|c| MiniBearGrahams|well\n|c|\u2606speedykidyo|yaaaay\n|c|\u2606speedykidyo|z moves...\n|c| MiniBearGrahams|any z move haters\n|c|\u2606speedykidyo|me rn\n|c|\u2606speedykidyo|mr smackey would you be so kind as to bring back mr golden sun\n|c|\u2606Smackey_5|um\n|c|\u2606Smackey_5|but then I lose my boosts\n|c| MiniBearGrahams|give up ur boosts now !\n|c|\u2606speedykidyo|just ignore that part\n|c| Lunar Sloth|We all make sacrifices\n|c|\u2606speedykidyo|yep\n|c|\u2606Smackey_5|LOL\n|c|\u2606speedykidyo|it's for the greater good\n|c| VoIteon|Lol\n|c| CelestialSquidKid|he is haggling?! put the timer back on lmao\n|c|\u2606speedykidyo|no\n|inactive|Battle timer is ON: inactive players will automatically lose when time's up. (requested by Smackey_5)\n|inactive|speedykidyo has 25 seconds left this turn.\n|inactiveoff|Battle timer is now OFF.\n|c| CelestialSquidKid|LOL\n|c|\u2606Smackey_5|LMAO\n|c|\u2606speedykidyo|im thinking\n|c|\u2606Smackey_5|I was curious if it would go back to 25 seconds or reset\n|c| VoIteon|I can think for you.\n|c|\u2606speedykidyo|ok\n|c| VoIteon|Match up is unwinnable give up\n|\n|t:|1700100945\n|switch|p2a: tier 4 btw|Typhlosion, M|25\/100\n|turn|26\n|\n|t:|1700100949\n|move|p2a: tier 4 btw|Toxic|p1a: Kommo-o\n|-status|p1a: Kommo-o|tox\n|move|p1a: Kommo-o|Drain Punch|p2a: tier 4 btw\n|-damage|p2a: tier 4 btw|0 fnt\n|-heal|p1a: Kommo-o|68\/100 tox|[from] drain|[of] p2a: tier 4 btw\n|faint|p2a: tier 4 btw\n|\n|-damage|p1a: Kommo-o|61\/100 tox|[from] psn\n|upkeep\n|c| Lunar Sloth|Ima be real I don\u2019t think there\u2019s a way to win\n|c|\u2606speedykidyo|probably not\n|c| CelestialSquidKid|ting lu bodies\n|c|\u2606Smackey_5|it's always the praise of the plane and not the pilot..\n|c|\u2606speedykidyo|but i dont forfeit'\n|c| Lunar Sloth|Ting-Lu eats!!!\n|c|\u2606speedykidyo|does he though?\n|c| CelestialSquidKid|Bing chillin\n|\n|t:|1700101003\n|switch|p2a: haha fissure go br|Ting-Lu|100\/100\n|-ability|p2a: haha fissure go br|Vessel of Ruin\n|turn|27\n|\n|t:|1700101018\n|move|p1a: Kommo-o|Drain Punch|p2a: haha fissure go br\n|-supereffective|p2a: haha fissure go br\n|-damage|p2a: haha fissure go br|43\/100\n|-heal|p1a: Kommo-o|100\/100 tox|[from] drain|[of] p2a: haha fissure go br\n|move|p2a: haha fissure go br|Earthquake|p1a: Kommo-o\n|-damage|p1a: Kommo-o|77\/100 tox\n|\n|-heal|p2a: haha fissure go br|49\/100|[from] item: Leftovers\n|-damage|p1a: Kommo-o|64\/100 tox|[from] psn\n|upkeep\n|turn|28\n|c|\u2606speedykidyo|oop\n|c| Lunar Sloth|You wanna switch so bad rn\n|\n|t:|1700101041\n|move|p1a: Kommo-o|Drain Punch|p2a: haha fissure go br\n|-supereffective|p2a: haha fissure go br\n|-damage|p2a: haha fissure go br|0 fnt\n|-heal|p1a: Kommo-o|100\/100 tox|[from] drain|[of] p2a: haha fissure go br\n|faint|p2a: haha fissure go br\n|\n|-damage|p1a: Kommo-o|82\/100 tox|[from] psn\n|upkeep\n|c|\u2606speedykidyo|ggs\n|c|\u2606Smackey_5|shoulda whirlwind :\/\n|\n|t:|1700101050\n|switch|p2a: Tyranitar|Tyranitar-Mega, F|64\/100 tox\n|-weather|Sandstorm|[from] ability: Sand Stream|[of] p2a: Tyranitar\n|turn|29\n|c|\u2606speedykidyo|wait fuck'\n|c|\u2606speedykidyo|i'm actually so stupid\n|c|\u2606Smackey_5|you learned it's ok\n|c|\u2606Smackey_5|see you in grands\n|c| Lunar Sloth|It wouldn\u2019t matter\n|c|\u2606speedykidyo|cya\n|c|\u2606speedykidyo|shhhhhh\n|c|\u2606speedykidyo|let me wallow in self pity over my stupidity\n|c|\u2606speedykidyo|don't make me feel better\n|c| Lunar Sloth|ok\n|c|\u2606speedykidyo|thanks!\n|c|\u2606speedykidyo|niw if this was vgc\n|c|\u2606speedykidyo|my ass would cook\n|c|\u2606Smackey_5|that's it\n|inactive|Battle timer is ON: inactive players will automatically lose when time's up. (requested by Smackey_5)\n|inactive|speedykidyo has 30 seconds left this turn.\n|c| Lunar Sloth|Lol\n|c|\u2606speedykidyo|NOOOOOO\n|inactive|speedykidyo has 20 seconds left.\n|inactive|speedykidyo has 15 seconds left.\n|\n|t:|1700101172\n|move|p1a: Kommo-o|Drain Punch|p2a: Tyranitar\n|-supereffective|p2a: Tyranitar\n|-damage|p2a: Tyranitar|0 fnt\n|-heal|p1a: Kommo-o|100\/100 tox|[from] drain|[of] p2a: Tyranitar\n|faint|p2a: Tyranitar\n|\n|win|Smackey_5\n|inactive|speedykidyo has 20 seconds left this turn.\n|c|\u2606Smackey_5|gg\n|c|\u2606speedykidyo|ggs\n","uploadtime":1700101181,"views":43,"p1id":"smackey5","p2id":"speedykidyo","formatid":"gen9nationaldexubers","rating":0,"private":0,"password":""}