{"id":"gen9nationaldexubers-1992554265","p1":"VerduOsane","p2":"TEDOO","format":"[Gen 9] National Dex Ubers","log":"|j|\u2606VerduOsane\n|j|\u2606TEDOO\n|t:|1700204757\n|gametype|singles\n|player|p1|VerduOsane|101|1135\n|player|p2|TEDOO|blackbelt-gen4dp|1182\n|teamsize|p1|6\n|teamsize|p2|6\n|gen|9\n|tier|[Gen 9] National Dex Ubers\n|rated|\n|rule|HP Percentage Mod: HP is shown in percentages\n|rule|Endless Battle Clause: Forcing endless battles is banned\n|rule|OHKO Clause: OHKO moves are banned\n|rule|Evasion Moves Clause: Evasion moves are banned\n|rule|Evasion Items Clause: Evasion items are banned\n|rule|Species Clause: Limit one of each Pok\u00e9mon\n|rule|Sleep Clause Mod: Limit one foe put to sleep\n|rule|Mega Rayquaza Clause: You cannot mega evolve Rayquaza\n|clearpoke\n|poke|p1|Xurkitree|\n|poke|p1|Rampardos, M|\n|poke|p1|Ninjask, F|\n|poke|p1|Mantine, M|\n|poke|p1|Chansey, F|\n|poke|p1|Cloyster, M|\n|poke|p2|Chansey, F|\n|poke|p2|Gholdengo|\n|poke|p2|Accelgor, M|\n|poke|p2|Ting-Lu|\n|poke|p2|Palkia|\n|poke|p2|Regieleki|\n|teampreview\n|c|\u2606TEDOO|glhf\n|c|\u2606VerduOsane|I\u2019ll try\n|\n|t:|1700204784\n|start\n|switch|p1a: Sp. Atk|Xurkitree, shiny|100\/100\n|switch|p2a: Regieleki|Regieleki|100\/100\n|turn|1\n|c|\u2606VerduOsane|this team is hella stupid\n|\n|t:|1700204796\n|move|p2a: Regieleki|Volt Switch|p1a: Sp. Atk\n|-resisted|p1a: Sp. Atk\n|-damage|p1a: Sp. Atk|68\/100\n|c|\u2606TEDOO|so is mine-\n|c|\u2606TEDOO|LO\n|c|\u2606TEDOO|LOL\n|\n|t:|1700204804\n|switch|p2a: Chansey|Chansey, F|100\/100|[from] Volt Switch\n|move|p1a: Sp. Atk|Thunderbolt|p2a: Chansey\n|-damage|p2a: Chansey|87\/100\n|\n|upkeep\n|turn|2\n|c|\u2606VerduOsane|nah, yurs looks deceny\n|c|\u2606VerduOsane|*decent\n|c|\u2606TEDOO|thx :3\n|c|\u2606TEDOO|I really like urs tbh\n|c|\u2606VerduOsane|mine is just complete shit\n|c|\u2606TEDOO|ALSO\n|c|\u2606TEDOO|do you agree\n|c|\u2606TEDOO|that palk is 100% viable\n|c|\u2606TEDOO|?\n|c|\u2606VerduOsane|I guess?\n|c|\u2606TEDOO|LESS GOOO\n|c|\u2606TEDOO|gigachad\n|c|\u2606VerduOsane|i never use mons of this tier\n|c|\u2606TEDOO|people say its unviable\n|\n|t:|1700204858\n|switch|p1a: Def|Cloyster, M|100\/100\n|move|p2a: Chansey|Toxic|p1a: Def\n|-status|p1a: Def|tox\n|\n|-damage|p1a: Def|94\/100 tox|[from] psn\n|upkeep\n|turn|3\n|c|\u2606TEDOO|its my fav mon\n|c|\u2606VerduOsane|ok\n|c|\u2606TEDOO|hurts-\n|\n|t:|1700204873\n|switch|p2a: Accelgor|Accelgor, M|100\/100\n|move|p1a: Def|Shell Smash|p1a: Def\n|-unboost|p1a: Def|def|1\n|-unboost|p1a: Def|spd|1\n|-boost|p1a: Def|atk|2\n|-boost|p1a: Def|spa|2\n|-boost|p1a: Def|spe|2\n|-enditem|p1a: Def|White Herb\n|-clearnegativeboost|p1a: Def|[silent]\n|\n|-damage|p1a: Def|82\/100 tox|[from] psn\n|upkeep\n|turn|4\n|c|\u2606VerduOsane|I can\u2019t say, I don\u2019t use Uber tier mons\n|c|\u2606TEDOO|fair\n|\n|t:|1700204888\n|move|p1a: Def|Rock Blast|p2a: Accelgor\n|-supereffective|p2a: Accelgor\n|-damage|p2a: Accelgor|42\/100\n|-supereffective|p2a: Accelgor\n|-damage|p2a: Accelgor|0 fnt\n|faint|p2a: Accelgor\n|-hitcount|p2: Accelgor|2\n|\n|-damage|p1a: Def|63\/100 tox|[from] psn\n|upkeep\n|\n|t:|1700204905\n|switch|p2a: Ting-Lu|Ting-Lu|100\/100\n|-ability|p2a: Ting-Lu|Vessel of Ruin\n|turn|5\n|c|\u2606VerduOsane|I only have one full Ubers team but all of them are low BST\n|\n|t:|1700204923\n|move|p2a: Ting-Lu|Protect|p2a: Ting-Lu\n|-singleturn|p2a: Ting-Lu|Protect\n|move|p1a: Def|Icicle Spear|p2a: Ting-Lu\n|-activate|p2a: Ting-Lu|move: Protect\n|\n|-damage|p1a: Def|38\/100 tox|[from] psn\n|upkeep\n|turn|6\n|c|\u2606TEDOO|ah I see\n|c|\u2606TEDOO|respect\n|c|\u2606TEDOO|you got enough skill to not spam ubers\n|\n|t:|1700204957\n|move|p1a: Def|Icicle Spear|p2a: Ting-Lu\n|-supereffective|p2a: Ting-Lu\n|-damage|p2a: Ting-Lu|81\/100\n|-supereffective|p2a: Ting-Lu\n|-damage|p2a: Ting-Lu|58\/100\n|-supereffective|p2a: Ting-Lu\n|-damage|p2a: Ting-Lu|36\/100\n|-supereffective|p2a: Ting-Lu\n|-damage|p2a: Ting-Lu|14\/100\n|-supereffective|p2a: Ting-Lu\n|-damage|p2a: Ting-Lu|0 fnt\n|faint|p2a: Ting-Lu\n|-hitcount|p2: Ting-Lu|5\n|\n|-damage|p1a: Def|7\/100 tox|[from] psn\n|upkeep\n|c|\u2606VerduOsane|hell yea\n|c|\u2606VerduOsane|in fact, that\u2019s kinda my whole thong\n|c|\u2606TEDOO|the only ones I rlly use are the \"unviable\" ones\n|c|\u2606VerduOsane|*thing\n|\n|t:|1700204975\n|switch|p2a: Chansey|Chansey, F|87\/100\n|turn|7\n|c|\u2606TEDOO|thats awesome bro\n|c|\u2606TEDOO|massive respect\n|\n|t:|1700204985\n|move|p2a: Chansey|Protect|p2a: Chansey\n|-singleturn|p2a: Chansey|Protect\n|move|p1a: Def|Icicle Spear|p2a: Chansey\n|-activate|p2a: Chansey|move: Protect\n|\n|-damage|p1a: Def|0 fnt|[from] psn\n|faint|p1a: Def\n|upkeep\n|\n|t:|1700204996\n|switch|p1a: Atk|Rampardos, M|100\/100\n|turn|8\n|\n|t:|1700205021\n|switch|p2a: Regieleki|Regieleki|100\/100\n|move|p1a: Atk|Iron Head|p2a: Regieleki\n|-resisted|p2a: Regieleki\n|-damage|p2a: Regieleki|51\/100\n|\n|upkeep\n|turn|9\n|\n|t:|1700205030\n|move|p2a: Regieleki|Thunder|p1a: Atk\n|-enditem|p1a: Atk|Focus Sash\n|-damage|p1a: Atk|1\/100\n|move|p1a: Atk|Crunch|p2a: Regieleki\n|-damage|p2a: Regieleki|0 fnt\n|faint|p2a: Regieleki\n|\n|upkeep\n|\n|t:|1700205035\n|switch|p2a: Palkia|Palkia|100\/100\n|-ability|p2a: Palkia|Pressure\n|turn|10\n|\n|t:|1700205038\n|move|p2a: Palkia|Spacial Rend|p1a: Atk\n|-damage|p1a: Atk|0 fnt\n|faint|p1a: Atk\n|\n|upkeep\n|\n|t:|1700205041\n|switch|p1a: Hp|Chansey, F|100\/100\n|turn|11\n|\n|t:|1700205051\n|switch|p2a: Chansey|Chansey, F|87\/100\n|move|p1a: Hp|Toxic|p2a: Chansey\n|-status|p2a: Chansey|tox\n|\n|-damage|p2a: Chansey|81\/100 tox|[from] psn\n|upkeep\n|turn|12\n|\n|t:|1700205057\n|move|p1a: Hp|Wish|p1a: Hp\n|move|p2a: Chansey|Toxic|p1a: Hp\n|-status|p1a: Hp|tox\n|\n|-damage|p1a: Hp|94\/100 tox|[from] psn\n|-damage|p2a: Chansey|68\/100 tox|[from] psn\n|upkeep\n|turn|13\n|\n|t:|1700205066\n|-curestatus|p2a: Chansey|tox|[from] ability: Natural Cure\n|switch|p2a: Gholdengo|Gholdengo|100\/100\n|-curestatus|p1a: Hp|tox|[from] ability: Natural Cure\n|switch|p1a: Sp. Atk|Xurkitree, shiny|68\/100\n|\n|-heal|p1a: Sp. Atk|100\/100|[from] move: Wish|[wisher] Hp\n|upkeep\n|turn|14\n|c|\u2606TEDOO|I mean if you use a mon enough\n|c|\u2606TEDOO|you start to learn how to use it and its flaws\n|c|\u2606VerduOsane|I\u2019ve barely used any of these\n|c|\u2606TEDOO|I use palk on every team-\n|c|\u2606TEDOO|LOL\n|c|\u2606TEDOO|this teams a throwtogeather anyways\n|c|\u2606VerduOsane|I never use Chansey because i hate using stall\n|c|\u2606TEDOO|but ye, theres always a palk\n|c|\u2606VerduOsane|its only here for the theme of this theme\n|c|\u2606TEDOO|unless its non ubers\n|c|\u2606VerduOsane|*team\n|c|\u2606TEDOO|ong-\n|\n|t:|1700205135\n|switch|p2a: Chansey|Chansey, F|68\/100\n|move|p1a: Sp. Atk|Thunderbolt|p2a: Chansey\n|-damage|p2a: Chansey|55\/100\n|-status|p2a: Chansey|par\n|\n|upkeep\n|turn|15\n|c|\u2606TEDOO|broo you use non ubers without stall??\n|c|\u2606TEDOO|you got my full respect bruh\n|\n|t:|1700205150\n|-zpower|p1a: Sp. Atk\n|move|p1a: Sp. Atk|Z-Hypnosis|p2a: Chansey|[anim]Hypnosis|[miss]\n|-boost|p1a: Sp. Atk|spe|1|[zeffect]\n|-miss|p1a: Sp. Atk|p2a: Chansey\n|cant|p2a: Chansey|par\n|\n|upkeep\n|turn|16\n|c|\u2606VerduOsane|I just hate stall\n|c|\u2606VerduOsane|its boring\n|\n|t:|1700205168\n|move|p1a: Sp. Atk|Energy Ball|p2a: Chansey\n|-damage|p2a: Chansey|46\/100 par\n|cant|p2a: Chansey|par\n|\n|upkeep\n|turn|17\n|c|\u2606TEDOO|ong-\n|\n|t:|1700205175\n|move|p1a: Sp. Atk|Energy Ball|p2a: Chansey\n|-damage|p2a: Chansey|37\/100 par\n|move|p2a: Chansey|Wish|p2a: Chansey\n|\n|upkeep\n|turn|18\n|\n|t:|1700205182\n|move|p2a: Chansey|Protect|p2a: Chansey\n|-singleturn|p2a: Chansey|Protect\n|move|p1a: Sp. Atk|Energy Ball|p2a: Chansey\n|-activate|p2a: Chansey|move: Protect\n|\n|-heal|p2a: Chansey|87\/100 par|[from] move: Wish|[wisher] Chansey\n|upkeep\n|turn|19\n|\n|t:|1700205190\n|move|p1a: Sp. Atk|Energy Ball|p2a: Chansey\n|-damage|p2a: Chansey|78\/100 par\n|move|p2a: Chansey|Toxic|p1a: Sp. Atk\n|-status|p1a: Sp. Atk|tox\n|\n|-damage|p1a: Sp. Atk|94\/100 tox|[from] psn\n|upkeep\n|turn|20\n|c|\u2606VerduOsane|I guess no drops..\n|c|\u2606TEDOO|yeah-\n|c|\u2606TEDOO|unlucky\n|\n|t:|1700205215\n|move|p1a: Sp. Atk|Energy Ball|p2a: Chansey\n|-damage|p2a: Chansey|70\/100 par\n|move|p2a: Chansey|Seismic Toss|p1a: Sp. Atk\n|-damage|p1a: Sp. Atk|62\/100 tox\n|\n|-damage|p1a: Sp. Atk|49\/100 tox|[from] psn\n|upkeep\n|turn|21\n|\n|t:|1700205223\n|switch|p1a: Hp|Chansey, F|94\/100\n|cant|p2a: Chansey|par\n|\n|upkeep\n|turn|22\n|\n|t:|1700205226\n|move|p1a: Hp|Wish|p1a: Hp\n|cant|p2a: Chansey|par\n|\n|upkeep\n|turn|23\n|\n|t:|1700205238\n|switch|p1a: Speed|Ninjask, F|100\/100\n|cant|p2a: Chansey|par\n|\n|upkeep\n|turn|24\n|\n|t:|1700205243\n|-curestatus|p2a: Chansey|par|[from] ability: Natural Cure\n|switch|p2a: Gholdengo|Gholdengo|100\/100\n|move|p1a: Speed|Swords Dance|p1a: Speed\n|-boost|p1a: Speed|atk|2\n|\n|-ability|p1a: Speed|Speed Boost|boost\n|-boost|p1a: Speed|spe|1\n|upkeep\n|turn|25\n|\n|t:|1700205253\n|move|p1a: Speed|Night Slash|p2a: Gholdengo\n|-supereffective|p2a: Gholdengo\n|-damage|p2a: Gholdengo|29\/100\n|move|p2a: Gholdengo|Shadow Ball|p1a: Speed\n|-damage|p1a: Speed|28\/100\n|-unboost|p1a: Speed|spd|1\n|\n|-ability|p1a: Speed|Speed Boost|boost\n|-boost|p1a: Speed|spe|1\n|upkeep\n|turn|26\n|\n|t:|1700205256\n|move|p1a: Speed|Night Slash|p2a: Gholdengo\n|-supereffective|p2a: Gholdengo\n|-damage|p2a: Gholdengo|0 fnt\n|faint|p2a: Gholdengo\n|\n|-ability|p1a: Speed|Speed Boost|boost\n|-boost|p1a: Speed|spe|1\n|upkeep\n|\n|t:|1700205259\n|switch|p2a: Palkia|Palkia|100\/100\n|-ability|p2a: Palkia|Pressure\n|turn|27\n|c|\u2606VerduOsane|but ofc you get the drop..\n|c|\u2606TEDOO|yeah...\n|\n|t:|1700205273\n|move|p1a: Speed|Dual Wingbeat|p2a: Palkia\n|-damage|p2a: Palkia|64\/100\n|-damage|p2a: Palkia|29\/100\n|-hitcount|p2a: Palkia|2\n|move|p2a: Palkia|Spacial Rend|p1a: Speed\n|-damage|p1a: Speed|0 fnt\n|faint|p1a: Speed\n|\n|upkeep\n|c|\u2606TEDOO|unlucky bro\n|\n|t:|1700205283\n|switch|p1a: Sp. Atk|Xurkitree, shiny|49\/100 tox\n|turn|28\n|\n|t:|1700205286\n|move|p2a: Palkia|Spacial Rend|p1a: Sp. Atk\n|-damage|p1a: Sp. Atk|0 fnt\n|faint|p1a: Sp. Atk\n|\n|upkeep\n|\n|t:|1700205292\n|switch|p1a: Hp|Chansey, F|94\/100\n|turn|29\n|\n|t:|1700205297\n|switch|p2a: Chansey|Chansey, F|70\/100\n|move|p1a: Hp|Wish|p1a: Hp\n|\n|upkeep\n|turn|30\n|\n|t:|1700205299\n|move|p1a: Hp|Toxic|p2a: Chansey\n|-status|p2a: Chansey|tox\n|move|p2a: Chansey|Wish|p2a: Chansey\n|\n|-heal|p1a: Hp|100\/100|[from] move: Wish|[wisher] Hp\n|-damage|p2a: Chansey|64\/100 tox|[from] psn\n|upkeep\n|turn|31\n|\n|t:|1700205304\n|-curestatus|p2a: Chansey|tox|[from] ability: Natural Cure\n|switch|p2a: Palkia|Palkia|29\/100\n|-ability|p2a: Palkia|Pressure\n|-terastallize|p1a: Hp|Poison\n|move|p1a: Hp|Seismic Toss|p2a: Palkia\n|-damage|p2a: Palkia|0 fnt\n|faint|p2a: Palkia\n|\n|upkeep\n|\n|t:|1700205310\n|switch|p2a: Chansey|Chansey, F|64\/100\n|turn|32\n|c|\u2606TEDOO|fff-\n|c|\u2606TEDOO|that was a lil too aggressive\n|\n|t:|1700205320\n|move|p1a: Hp|Toxic|p2a: Chansey\n|-status|p2a: Chansey|tox\n|move|p2a: Chansey|Seismic Toss|p1a: Hp\n|-damage|p1a: Hp|86\/100\n|\n|-damage|p2a: Chansey|57\/100 tox|[from] psn\n|upkeep\n|turn|33\n|c|\u2606VerduOsane|no more Toxic\n|\n|t:|1700205330\n|move|p1a: Hp|Seismic Toss|p2a: Chansey\n|-damage|p2a: Chansey|43\/100 tox\n|move|p2a: Chansey|Seismic Toss|p1a: Hp\n|-damage|p1a: Hp|72\/100\n|\n|-damage|p2a: Chansey|31\/100 tox|[from] psn\n|upkeep\n|turn|34\n|c|\u2606TEDOO|lol\n|c|\u2606TEDOO|gg bro\n|c|\u2606TEDOO|massive respect\n|c|\u2606VerduOsane|gg, I need to sleep after this\n|\n|t:|1700205346\n|move|p1a: Hp|Seismic Toss|p2a: Chansey\n|-damage|p2a: Chansey|16\/100 tox\n|move|p2a: Chansey|Seismic Toss|p1a: Hp\n|-damage|p1a: Hp|58\/100\n|\n|-damage|p2a: Chansey|0 fnt|[from] psn\n|faint|p2a: Chansey\n|\n|win|VerduOsane\n|upkeep\n|raw|VerduOsane's rating: 1135 &rarr; <strong>1163<\/strong><br \/>(+28 for winning)\n|raw|TEDOO's rating: 1182 &rarr; <strong>1154<\/strong><br \/>(-28 for losing)\n|c|\u2606TEDOO|LOL-\n|c|\u2606TEDOO|well played!\n|c|\u2606VerduOsane|yu too bro\n","uploadtime":1700205360,"views":16,"p1id":"verduosane","p2id":"tedoo","formatid":"gen9nationaldexubers","rating":1154,"private":0,"password":""}