{"id":"gen9nationaldexubers-1980397512","p1":"BlueSirknight","p2":"Cris2040","format":"[Gen 9] National Dex Ubers","log":"|j|\u2606BlueSirknight\n|j|\u2606Cris2040\n|t:|1698781373\n|gametype|singles\n|player|p1|BlueSirknight|lady|1152\n|player|p2|Cris2040|1|1179\n|teamsize|p1|6\n|teamsize|p2|6\n|gen|9\n|tier|[Gen 9] National Dex Ubers\n|rated|\n|rule|HP Percentage Mod: HP is shown in percentages\n|rule|Endless Battle Clause: Forcing endless battles is banned\n|rule|OHKO Clause: OHKO moves are banned\n|rule|Evasion Moves Clause: Evasion moves are banned\n|rule|Evasion Items Clause: Evasion items are banned\n|rule|Species Clause: Limit one of each Pok\u00e9mon\n|rule|Sleep Clause Mod: Limit one foe put to sleep\n|rule|Mega Rayquaza Clause: You cannot mega evolve Rayquaza\n|clearpoke\n|poke|p1|Malamar, M|\n|poke|p1|Blissey, F|\n|poke|p1|Naganadel|\n|poke|p1|Hatterene, F|\n|poke|p1|Aggron, M|\n|poke|p1|Golisopod, F|\n|poke|p2|Klawf, F|\n|poke|p2|Mawile, F|\n|poke|p2|Luxray, M|\n|poke|p2|Quaquaval, M|\n|poke|p2|Calyrex-Ice|\n|poke|p2|Roaring Moon|\n|teampreview\n|\n|t:|1698781377\n|start\n|switch|p1a: Hatterene|Hatterene, F|100\/100\n|switch|p2a: Luxray|Luxray, M|100\/100\n|turn|1\n|\n|t:|1698781383\n|move|p2a: Luxray|Agility|p2a: Luxray\n|-boost|p2a: Luxray|spe|2\n|move|p1a: Hatterene|Draining Kiss|p2a: Luxray\n|-damage|p2a: Luxray|69\/100\n|\n|-status|p2a: Luxray|brn|[from] item: Flame Orb\n|upkeep\n|turn|2\n|\n|t:|1698781390\n|-terastallize|p2a: Luxray|Normal\n|move|p2a: Luxray|Facade|p1a: Hatterene\n|-damage|p1a: Hatterene|6\/100\n|move|p1a: Hatterene|Draining Kiss|p2a: Luxray\n|-damage|p2a: Luxray|35\/100 brn\n|-heal|p1a: Hatterene|30\/100|[from] drain|[of] p2a: Luxray\n|\n|-heal|p1a: Hatterene|36\/100|[from] item: Leftovers\n|-damage|p2a: Luxray|29\/100 brn|[from] brn\n|upkeep\n|turn|3\n|\n|t:|1698781401\n|switch|p1a: Blissey|Blissey, F|100\/100\n|move|p2a: Luxray|Facade|p1a: Blissey\n|-damage|p1a: Blissey|8\/100\n|\n|-damage|p2a: Luxray|23\/100 brn|[from] brn\n|upkeep\n|turn|4\n|\n|t:|1698781409\n|-terastallize|p1a: Blissey|Ghost\n|move|p2a: Luxray|Facade|p1a: Blissey\n|-immune|p1a: Blissey\n|move|p1a: Blissey|Wish|p1a: Blissey\n|\n|-damage|p2a: Luxray|17\/100 brn|[from] brn\n|upkeep\n|turn|5\n|c|\u2606Cris2040|wt\n|\n|t:|1698781421\n|switch|p1a: Hatterene|Hatterene, F|36\/100\n|move|p2a: Luxray|Ice Fang|p1a: Hatterene\n|-damage|p1a: Hatterene|10\/100\n|\n|-heal|p1a: Hatterene|100\/100|[from] move: Wish|[wisher] Blissey\n|-damage|p2a: Luxray|11\/100 brn|[from] brn\n|upkeep\n|turn|6\n|\n|t:|1698781430\n|move|p2a: Luxray|Facade|p1a: Hatterene\n|-damage|p1a: Hatterene|4\/100\n|move|p1a: Hatterene|Draining Kiss|p2a: Luxray\n|-damage|p2a: Luxray|0 fnt\n|-heal|p1a: Hatterene|12\/100|[from] drain|[of] p2a: Luxray\n|faint|p2a: Luxray\n|\n|-heal|p1a: Hatterene|18\/100|[from] item: Leftovers\n|upkeep\n|\n|t:|1698781440\n|switch|p2a: Mawile|Mawile, F|100\/100\n|turn|7\n|\n|t:|1698781449\n|detailschange|p2a: Mawile|Mawile-Mega, F\n|-mega|p2a: Mawile|Mawile|Mawilite\n|move|p2a: Mawile|Swords Dance|p2a: Mawile\n|-boost|p2a: Mawile|atk|2\n|move|p1a: Hatterene|Mystical Fire|p2a: Mawile\n|-supereffective|p2a: Mawile\n|-damage|p2a: Mawile|44\/100\n|-unboost|p2a: Mawile|spa|1\n|\n|-heal|p1a: Hatterene|24\/100|[from] item: Leftovers\n|upkeep\n|turn|8\n|\n|t:|1698781458\n|move|p2a: Mawile|Sucker Punch|p1a: Hatterene\n|-damage|p1a: Hatterene|0 fnt\n|faint|p1a: Hatterene\n|\n|upkeep\n|\n|t:|1698781465\n|switch|p1a: Blissey|Blissey, F, tera:Ghost|8\/100\n|turn|9\n|\n|t:|1698781471\n|move|p1a: Blissey|Wish|p1a: Blissey\n|move|p2a: Mawile|Iron Head|p1a: Blissey\n|-damage|p1a: Blissey|0 fnt\n|faint|p1a: Blissey\n|\n|upkeep\n|\n|t:|1698781476\n|switch|p1a: Malamar|Malamar, M|100\/100\n|turn|10\n|\n|t:|1698781484\n|move|p2a: Mawile|Sucker Punch||[still]\n|-fail|p2a: Mawile\n|move|p1a: Malamar|Topsy-Turvy|p2a: Mawile\n|-invertboost|p2a: Mawile|[from] move: Topsy-Turvy\n|\n|upkeep\n|turn|11\n|\n|t:|1698781494\n|move|p1a: Malamar|Superpower|p2a: Mawile\n|-damage|p2a: Mawile|14\/100\n|-boost|p1a: Malamar|atk|1\n|-boost|p1a: Malamar|def|1\n|move|p2a: Mawile|Play Rough|p1a: Malamar\n|-supereffective|p1a: Malamar\n|-damage|p1a: Malamar|27\/100\n|\n|-heal|p1a: Malamar|33\/100|[from] item: Leftovers\n|upkeep\n|turn|12\n|\n|t:|1698781503\n|move|p2a: Mawile|Sucker Punch|p1a: Malamar\n|-damage|p1a: Malamar|16\/100\n|move|p1a: Malamar|Superpower|p2a: Mawile\n|-damage|p2a: Mawile|0 fnt\n|-boost|p1a: Malamar|atk|1\n|-boost|p1a: Malamar|def|1\n|faint|p2a: Mawile\n|\n|-heal|p1a: Malamar|22\/100|[from] item: Leftovers\n|upkeep\n|\n|t:|1698781516\n|switch|p2a: Calyrex|Calyrex-Ice|100\/100\n|-ability|p2a: Calyrex|As One\n|-ability|p2a: Calyrex|Unnerve\n|turn|13\n|\n|t:|1698781523\n|move|p2a: Calyrex|Agility|p2a: Calyrex\n|-boost|p2a: Calyrex|spe|2\n|move|p1a: Malamar|Rest|p1a: Malamar\n|-status|p1a: Malamar|slp|[from] move: Rest\n|-heal|p1a: Malamar|100\/100 slp|[silent]\n|\n|upkeep\n|turn|14\n|\n|t:|1698781533\n|move|p2a: Calyrex|Glacial Lance|p1a: Malamar\n|-damage|p1a: Malamar|56\/100 slp\n|cant|p1a: Malamar|slp\n|move|p1a: Malamar|Sleep Talk|p1a: Malamar\n|move|p1a: Malamar|Rest||[from]move: Sleep Talk|[still]\n|-fail|p1a: Malamar\n|\n|-heal|p1a: Malamar|62\/100 slp|[from] item: Leftovers\n|upkeep\n|turn|15\n|\n|t:|1698781543\n|move|p2a: Calyrex|Glacial Lance|p1a: Malamar\n|-damage|p1a: Malamar|16\/100 slp\n|cant|p1a: Malamar|slp\n|move|p1a: Malamar|Sleep Talk|p1a: Malamar\n|move|p1a: Malamar|Topsy-Turvy|p2a: Calyrex|[from]move: Sleep Talk\n|-invertboost|p2a: Calyrex|[from] move: Topsy-Turvy\n|\n|-heal|p1a: Malamar|22\/100 slp|[from] item: Leftovers\n|upkeep\n|turn|16\n|\n|t:|1698781551\n|-curestatus|p1a: Malamar|slp|[msg]\n|move|p1a: Malamar|Superpower|p2a: Calyrex\n|-damage|p2a: Calyrex|57\/100\n|-boost|p1a: Malamar|atk|1\n|-boost|p1a: Malamar|def|1\n|move|p2a: Calyrex|Glacial Lance|p1a: Malamar\n|-damage|p1a: Malamar|0 fnt\n|faint|p1a: Malamar\n|-ability|p2a: Calyrex|Chilling Neigh|boost\n|-boost|p2a: Calyrex|atk|1\n|\n|-heal|p2a: Calyrex|63\/100|[from] item: Leftovers\n|upkeep\n|\n|t:|1698781562\n|switch|p1a: Aggron|Aggron, M|100\/100\n|turn|17\n|\n|t:|1698781566\n|detailschange|p1a: Aggron|Aggron-Mega, M\n|-mega|p1a: Aggron|Aggron|Aggronite\n|move|p1a: Aggron|Iron Defense|p1a: Aggron\n|-boost|p1a: Aggron|def|2\n|move|p2a: Calyrex|Agility|p2a: Calyrex\n|-boost|p2a: Calyrex|spe|2\n|\n|-heal|p2a: Calyrex|69\/100|[from] item: Leftovers\n|upkeep\n|turn|18\n|\n|t:|1698781576\n|move|p2a: Calyrex|Close Combat|p1a: Aggron\n|-supereffective|p1a: Aggron\n|-damage|p1a: Aggron|78\/100\n|-unboost|p2a: Calyrex|def|1\n|-unboost|p2a: Calyrex|spd|1\n|move|p1a: Aggron|Body Press|p2a: Calyrex\n|-damage|p2a: Calyrex|0 fnt\n|faint|p2a: Calyrex\n|\n|upkeep\n|\n|t:|1698781594\n|switch|p2a: Klawf|Klawf, F|100\/100\n|turn|19\n|inactive|Battle timer is ON: inactive players will automatically lose when time's up. (requested by Cris2040)\n|\n|t:|1698781627\n|move|p2a: Klawf|High Horsepower|p1a: Aggron\n|-supereffective|p1a: Aggron\n|-crit|p1a: Aggron\n|-damage|p1a: Aggron|56\/100\n|move|p1a: Aggron|Iron Defense|p1a: Aggron\n|-boost|p1a: Aggron|def|2\n|\n|upkeep\n|turn|20\n|\n|t:|1698781634\n|move|p2a: Klawf|Swords Dance|p2a: Klawf\n|-boost|p2a: Klawf|atk|2\n|move|p1a: Aggron|Iron Defense|p1a: Aggron\n|-boost|p1a: Aggron|def|2\n|\n|upkeep\n|turn|21\n|\n|t:|1698781640\n|move|p2a: Klawf|High Horsepower|p1a: Aggron\n|-supereffective|p1a: Aggron\n|-damage|p1a: Aggron|48\/100\n|move|p1a: Aggron|Heavy Slam|p2a: Klawf\n|-supereffective|p2a: Klawf\n|-damage|p2a: Klawf|0 fnt\n|faint|p2a: Klawf\n|\n|upkeep\n|c|\u2606Cris2040|youjust suck\n|\n|t:|1698781647\n|switch|p2a: Quaquaval|Quaquaval, M|100\/100\n|turn|22\n|\n|t:|1698781653\n|move|p2a: Quaquaval|Bulk Up|p2a: Quaquaval\n|-boost|p2a: Quaquaval|atk|1\n|-boost|p2a: Quaquaval|def|1\n|move|p1a: Aggron|Body Press|p2a: Quaquaval\n|-damage|p2a: Quaquaval|0 fnt\n|faint|p2a: Quaquaval\n|\n|upkeep\n|\n|t:|1698781659\n|switch|p2a: Roaring Moon|Roaring Moon|100\/100\n|-enditem|p2a: Roaring Moon|Booster Energy\n|-activate|p2a: Roaring Moon|ability: Protosynthesis|[fromitem]\n|-start|p2a: Roaring Moon|protosynthesisatk\n|turn|23\n|c|\u2606BlueSirknight|You should have gone for the head\n|\n|t:|1698781681\n|move|p2a: Roaring Moon|Earthquake|p1a: Aggron\n|-supereffective|p1a: Aggron\n|-damage|p1a: Aggron|39\/100\n|move|p1a: Aggron|Body Press|p2a: Roaring Moon\n|-supereffective|p2a: Roaring Moon\n|-damage|p2a: Roaring Moon|0 fnt\n|faint|p2a: Roaring Moon\n|-end|p2a: Roaring Moon|Protosynthesis|[silent]\n|\n|win|BlueSirknight\n|raw|BlueSirknight's rating: 1152 &rarr; <strong>1179<\/strong><br \/>(+27 for winning)\n|raw|Cris2040's rating: 1179 &rarr; <strong>1152<\/strong><br \/>(-27 for losing)\n|c|\u2606Cris2040|shut upkid\n|c|\u2606Cris2040|yousuck\n|l|\u2606Cris2040\n","uploadtime":1698781715,"views":7,"p1id":"bluesirknight","p2id":"cris2040","formatid":"gen9nationaldexubers","rating":1152,"private":0,"password":""}