{"id":"gen9nationaldexubers-1978707967","p1":"ING OJAS","p2":"thattomattguy","format":"[Gen 9] National Dex Ubers","log":"|j|\u2606ING OJAS\n|j|\u2606thattomattguy\n|t:|1698584867\n|gametype|singles\n|player|p1|ING OJAS|266|1056\n|player|p2|thattomattguy|102|1111\n|teamsize|p1|6\n|teamsize|p2|6\n|gen|9\n|tier|[Gen 9] National Dex Ubers\n|rated|\n|rule|HP Percentage Mod: HP is shown in percentages\n|rule|Endless Battle Clause: Forcing endless battles is banned\n|rule|OHKO Clause: OHKO moves are banned\n|rule|Evasion Moves Clause: Evasion moves are banned\n|rule|Evasion Items Clause: Evasion items are banned\n|rule|Species Clause: Limit one of each Pok\u00e9mon\n|rule|Sleep Clause Mod: Limit one foe put to sleep\n|rule|Mega Rayquaza Clause: You cannot mega evolve Rayquaza\n|clearpoke\n|poke|p1|Groudon|\n|poke|p1|Zacian-*|\n|poke|p1|Maushold|\n|poke|p1|Arceus-Flying|\n|poke|p1|Hatterene, F|\n|poke|p1|Scizor, M|\n|poke|p2|Marshadow|\n|poke|p2|Metagross|\n|poke|p2|Cinderace, F|\n|poke|p2|Hydreigon, F|\n|poke|p2|Corviknight, F|\n|poke|p2|Toxapex, M|\n|teampreview\n|l|\u2606ING OJAS\n|player|p1|\n|j|\u2606ING OJAS\n|player|p1|ING OJAS|266\n|inactive|Battle timer is ON: inactive players will automatically lose when time's up. (requested by ING OJAS)\n|\n|t:|1698584899\n|start\n|switch|p1a: Hatterene|Hatterene, F|100\/100\n|switch|p2a: Cinderace|Cinderace, F|100\/100\n|turn|1\n|\n|t:|1698584924\n|switch|p1a: Groudon|Groudon|100\/100\n|detailschange|p1a: Groudon|Groudon-Primal\n|-primal|p1a: Groudon|Red Orb\n|-weather|DesolateLand|[from] ability: Desolate Land|[of] p1a: Groudon\n|move|p2a: Cinderace|U-turn|p1a: Groudon\n|-start|p2a: Cinderace|typechange|Bug|[from] ability: Libero\n|-resisted|p1a: Groudon\n|-damage|p1a: Groudon|89\/100\n|inactive|thattomattguy has 120 seconds left.\n|\n|t:|1698584949\n|switch|p2a: Hydreigon|Hydreigon, F|100\/100|[from] U-turn\n|\n|-weather|DesolateLand|[upkeep]\n|upkeep\n|turn|2\n|\n|t:|1698584963\n|-terastallize|p2a: Hydreigon|Dark\n|move|p2a: Hydreigon|Dark Pulse|p1a: Groudon\n|-crit|p1a: Groudon\n|-damage|p1a: Groudon|0 fnt\n|faint|p1a: Groudon\n|-weather|none\n|\n|upkeep\n|\n|t:|1698584972\n|switch|p1a: Hatterene|Hatterene, F|100\/100\n|turn|3\n|inactive|thattomattguy has 120 seconds left.\n|\n|t:|1698584978\n|switch|p2a: Corviknight|Corviknight, F|100\/100\n|-ability|p2a: Corviknight|Pressure\n|move|p1a: Hatterene|Draining Kiss|p2a: Corviknight\n|-resisted|p2a: Corviknight\n|-damage|p2a: Corviknight|86\/100\n|\n|-heal|p2a: Corviknight|93\/100|[from] item: Leftovers\n|upkeep\n|turn|4\n|\n|t:|1698584988\n|-terastallize|p1a: Hatterene|Psychic\n|move|p2a: Corviknight|Iron Head|p1a: Hatterene\n|-damage|p1a: Hatterene|74\/100\n|cant|p1a: Hatterene|flinch\n|\n|-heal|p2a: Corviknight|99\/100|[from] item: Leftovers\n|-heal|p1a: Hatterene|80\/100|[from] item: Leftovers\n|upkeep\n|turn|5\n|inactive|thattomattguy has 120 seconds left.\n|\n|t:|1698585012\n|switch|p1a: Maushold|Maushold|100\/100\n|move|p2a: Corviknight|Iron Head|p1a: Maushold\n|-damage|p1a: Maushold|62\/100\n|\n|-heal|p2a: Corviknight|100\/100|[from] item: Leftovers\n|upkeep\n|turn|6\n|inactive|thattomattguy has 120 seconds left.\n|\n|t:|1698585025\n|move|p1a: Maushold|Population Bomb|p2a: Corviknight\n|-resisted|p2a: Corviknight\n|-damage|p2a: Corviknight|97\/100\n|-resisted|p2a: Corviknight\n|-damage|p2a: Corviknight|93\/100\n|-resisted|p2a: Corviknight\n|-crit|p2a: Corviknight\n|-damage|p2a: Corviknight|87\/100\n|-resisted|p2a: Corviknight\n|-damage|p2a: Corviknight|83\/100\n|-resisted|p2a: Corviknight\n|-damage|p2a: Corviknight|80\/100\n|-resisted|p2a: Corviknight\n|-damage|p2a: Corviknight|76\/100\n|-resisted|p2a: Corviknight\n|-damage|p2a: Corviknight|72\/100\n|-resisted|p2a: Corviknight\n|-damage|p2a: Corviknight|69\/100\n|-resisted|p2a: Corviknight\n|-damage|p2a: Corviknight|65\/100\n|-resisted|p2a: Corviknight\n|-damage|p2a: Corviknight|61\/100\n|-hitcount|p2a: Corviknight|10\n|move|p2a: Corviknight|Brave Bird|p1a: Maushold\n|-damage|p1a: Maushold|4\/100\n|-damage|p2a: Corviknight|47\/100|[from] Recoil\n|\n|-heal|p2a: Corviknight|54\/100|[from] item: Leftovers\n|upkeep\n|turn|7\n|inactive|thattomattguy has 120 seconds left.\n|\n|t:|1698585054\n|move|p1a: Maushold|Bullet Seed|p2a: Corviknight\n|-resisted|p2a: Corviknight\n|-damage|p2a: Corviknight|52\/100\n|-resisted|p2a: Corviknight\n|-damage|p2a: Corviknight|51\/100\n|-resisted|p2a: Corviknight\n|-damage|p2a: Corviknight|49\/100\n|-hitcount|p2a: Corviknight|3\n|move|p2a: Corviknight|Iron Head|p1a: Maushold\n|-damage|p1a: Maushold|0 fnt\n|faint|p1a: Maushold\n|\n|-heal|p2a: Corviknight|56\/100|[from] item: Leftovers\n|upkeep\n|-message|ING OJAS forfeited.\n|\n|win|thattomattguy\n|raw|ING OJAS's rating: 1056 &rarr; <strong>1040<\/strong><br \/>(-16 for losing)\n|raw|thattomattguy's rating: 1111 &rarr; <strong>1132<\/strong><br \/>(+21 for winning)\n|l|\u2606ING OJAS\n","uploadtime":1698585075,"views":13,"p1id":"ingojas","p2id":"thattomattguy","formatid":"gen9nationaldexubers","rating":1040,"private":0,"password":""}