{"id":"gen9nationaldexubers-1985903723","p1":"OscarToscar","p2":"flamingwrench11234","format":"[Gen 9] National Dex Ubers","log":"|j|\u2606OscarToscar\n|j|\u2606flamingwrench11234\n|t:|1699420167\n|gametype|singles\n|player|p1|OscarToscar|ash|1488\n|player|p2|flamingwrench11234|2|1697\n|teamsize|p1|6\n|teamsize|p2|6\n|gen|9\n|tier|[Gen 9] National Dex Ubers\n|rated|\n|rule|HP Percentage Mod: HP is shown in percentages\n|rule|Endless Battle Clause: Forcing endless battles is banned\n|rule|OHKO Clause: OHKO moves are banned\n|rule|Evasion Moves Clause: Evasion moves are banned\n|rule|Evasion Items Clause: Evasion items are banned\n|rule|Species Clause: Limit one of each Pok\u00e9mon\n|rule|Sleep Clause Mod: Limit one foe put to sleep\n|rule|Mega Rayquaza Clause: You cannot mega evolve Rayquaza\n|clearpoke\n|poke|p1|Zacian-*|\n|poke|p1|Zygarde|\n|poke|p1|Kyogre|\n|poke|p1|Arceus-Dark|\n|poke|p1|Ho-Oh|\n|poke|p1|Landorus-Therian, M|\n|poke|p2|Arceus-Ground|\n|poke|p2|Zygarde|\n|poke|p2|Yveltal|\n|poke|p2|Ho-Oh|\n|poke|p2|Groudon, L99|\n|poke|p2|Zacian-*|\n|teampreview\n|inactive|Battle timer is ON: inactive players will automatically lose when time's up. (requested by OscarToscar)\n|j| whitebeard solos\n|inactive|flamingwrench11234 has 120 seconds left.\n|\n|t:|1699420211\n|start\n|switch|p1a: Landorus|Landorus-Therian, M|100\/100\n|switch|p2a: Arceus|Arceus-Ground|100\/100\n|-ability|p1a: Landorus|Intimidate|boost\n|-unboost|p2a: Arceus|atk|1\n|turn|1\n|\n|t:|1699420221\n|switch|p1a: Kyogre|Kyogre|100\/100\n|-weather|RainDance|[from] ability: Drizzle|[of] p1a: Kyogre\n|move|p2a: Arceus|Taunt|p1a: Kyogre\n|-start|p1a: Kyogre|move: Taunt\n|\n|-weather|RainDance|[upkeep]\n|upkeep\n|turn|2\n|\n|t:|1699420244\n|switch|p2a: Groudon|Groudon, L99, shiny|100\/100\n|detailschange|p2a: Groudon|Groudon-Primal, L99, shiny\n|-primal|p2a: Groudon|Red Orb\n|-weather|DesolateLand|[from] ability: Desolate Land|[of] p2a: Groudon\n|move|p1a: Kyogre|Ice Beam|p2a: Groudon\n|-damage|p2a: Groudon|75\/100\n|\n|-weather|DesolateLand|[upkeep]\n|upkeep\n|turn|3\n|\n|t:|1699420255\n|switch|p1a: Zygarde|Zygarde|100\/100\n|move|p2a: Groudon|Lava Plume|p1a: Zygarde\n|-resisted|p1a: Zygarde\n|-damage|p1a: Zygarde|72\/100\n|\n|-weather|DesolateLand|[upkeep]\n|-heal|p1a: Zygarde|78\/100|[from] item: Leftovers\n|upkeep\n|turn|4\n|\n|t:|1699420260\n|-weather|none\n|switch|p2a: Yveltal|Yveltal|100\/100\n|-ability|p2a: Yveltal|Dark Aura\n|move|p1a: Zygarde|Thousand Waves|p2a: Yveltal\n|-immune|p2a: Yveltal\n|\n|-heal|p1a: Zygarde|84\/100|[from] item: Leftovers\n|upkeep\n|turn|5\n|\n|t:|1699420265\n|switch|p1a: Arceus|Arceus-Dark|100\/100\n|-terastallize|p2a: Yveltal|Dark\n|move|p2a: Yveltal|Dark Pulse|p1a: Arceus\n|-resisted|p1a: Arceus\n|-damage|p1a: Arceus|63\/100\n|-damage|p2a: Yveltal|91\/100|[from] item: Life Orb\n|\n|upkeep\n|turn|6\n|\n|t:|1699420273\n|move|p1a: Arceus|Will-O-Wisp|p2a: Yveltal\n|-status|p2a: Yveltal|brn\n|move|p2a: Yveltal|Oblivion Wing|p1a: Arceus\n|-damage|p1a: Arceus|22\/100\n|-heal|p2a: Yveltal|100\/100 brn|[from] drain|[of] p1a: Arceus\n|-damage|p2a: Yveltal|91\/100 brn|[from] item: Life Orb\n|\n|-damage|p2a: Yveltal|84\/100 brn|[from] brn\n|upkeep\n|turn|7\n|\n|t:|1699420278\n|move|p1a: Arceus|Will-O-Wisp|p2a: Yveltal\n|-fail|p2a: Yveltal|brn\n|move|p2a: Yveltal|Oblivion Wing|p1a: Arceus\n|-damage|p1a: Arceus|0 fnt\n|-heal|p2a: Yveltal|100\/100 brn|[from] drain|[of] p1a: Arceus\n|faint|p1a: Arceus\n|-damage|p2a: Yveltal|91\/100 brn|[from] item: Life Orb\n|\n|-damage|p2a: Yveltal|84\/100 brn|[from] brn\n|upkeep\n|c|\u2606flamingwrench11234|What?\n|\n|t:|1699420286\n|switch|p1a: Zacian|Zacian-Crowned|100\/100\n|-ability|p1a: Zacian|Intrepid Sword|boost\n|-boost|p1a: Zacian|atk|1\n|turn|8\n|\n|t:|1699420289\n|switch|p2a: Groudon|Groudon-Primal, L99, shiny|75\/100\n|-weather|DesolateLand|[from] ability: Desolate Land|[of] p2a: Groudon\n|move|p1a: Zacian|Play Rough|p2a: Groudon\n|-resisted|p2a: Groudon\n|-damage|p2a: Groudon|54\/100\n|\n|-weather|DesolateLand|[upkeep]\n|upkeep\n|turn|9\n|\n|t:|1699420295\n|switch|p1a: Zygarde|Zygarde|84\/100\n|move|p2a: Groudon|Lava Plume|p1a: Zygarde\n|-resisted|p1a: Zygarde\n|-damage|p1a: Zygarde|56\/100\n|\n|-weather|DesolateLand|[upkeep]\n|-heal|p1a: Zygarde|62\/100|[from] item: Leftovers\n|upkeep\n|turn|10\n|\n|t:|1699420300\n|move|p1a: Zygarde|Thousand Arrows|p2a: Groudon\n|-supereffective|p2a: Groudon\n|-damage|p2a: Groudon|10\/100\n|move|p2a: Groudon|Stealth Rock|p1a: Zygarde\n|-sidestart|p1: OscarToscar|move: Stealth Rock\n|\n|-weather|DesolateLand|[upkeep]\n|-heal|p1a: Zygarde|68\/100|[from] item: Leftovers\n|upkeep\n|turn|11\n|\n|t:|1699420305\n|move|p1a: Zygarde|Thousand Arrows|p2a: Groudon\n|-supereffective|p2a: Groudon\n|-damage|p2a: Groudon|0 fnt\n|faint|p2a: Groudon\n|-weather|none\n|\n|-heal|p1a: Zygarde|74\/100|[from] item: Leftovers\n|upkeep\n|\n|t:|1699420308\n|switch|p2a: Arceus|Arceus-Ground|100\/100\n|turn|12\n|\n|t:|1699420314\n|switch|p1a: Kyogre|Kyogre|100\/100\n|-damage|p1a: Kyogre|88\/100|[from] Stealth Rock\n|-weather|RainDance|[from] ability: Drizzle|[of] p1a: Kyogre\n|move|p2a: Arceus|Taunt|p1a: Kyogre\n|-start|p1a: Kyogre|move: Taunt\n|\n|-weather|RainDance|[upkeep]\n|upkeep\n|turn|13\n|\n|t:|1699420322\n|switch|p2a: Zygarde|Zygarde|100\/100\n|move|p1a: Kyogre|Water Spout|p2a: Zygarde\n|-crit|p2a: Zygarde\n|-damage|p2a: Zygarde|0 fnt\n|faint|p2a: Zygarde\n|\n|-weather|RainDance|[upkeep]\n|upkeep\n|\n|t:|1699420325\n|switch|p2a: Yveltal|Yveltal, tera:Dark|84\/100 brn\n|-ability|p2a: Yveltal|Dark Aura\n|turn|14\n|\n|t:|1699420328\n|move|p2a: Yveltal|Sucker Punch|p1a: Kyogre\n|-damage|p1a: Kyogre|55\/100\n|-damage|p2a: Yveltal|75\/100 brn|[from] item: Life Orb\n|move|p1a: Kyogre|Water Spout|p2a: Yveltal\n|-damage|p2a: Yveltal|11\/100 brn\n|\n|-weather|RainDance|[upkeep]\n|-damage|p2a: Yveltal|5\/100 brn|[from] brn\n|-end|p1a: Kyogre|move: Taunt\n|upkeep\n|turn|15\n|\n|t:|1699420333\n|move|p2a: Yveltal|Sucker Punch|p1a: Kyogre\n|-damage|p1a: Kyogre|19\/100\n|-damage|p2a: Yveltal|0 fnt|[from] item: Life Orb\n|faint|p2a: Yveltal\n|move|p1a: Kyogre|Water Spout|p2: Yveltal|[notarget]\n|-fail|p1a: Kyogre\n|\n|-weather|RainDance|[upkeep]\n|upkeep\n|\n|t:|1699420335\n|switch|p2a: Zacian|Zacian-Crowned|100\/100\n|-ability|p2a: Zacian|Intrepid Sword|boost\n|-boost|p2a: Zacian|atk|1\n|turn|16\n|\n|t:|1699420357\n|switch|p1a: Ho-Oh|Ho-Oh|100\/100\n|move|p2a: Zacian|Swords Dance|p2a: Zacian\n|-boost|p2a: Zacian|atk|2\n|\n|-weather|none\n|upkeep\n|turn|17\n|j| ShedinjaIsFunnyBug\n|\n|t:|1699420371\n|move|p2a: Zacian|Wild Charge|p1a: Ho-Oh\n|-supereffective|p1a: Ho-Oh\n|-damage|p1a: Ho-Oh|0 fnt\n|faint|p1a: Ho-Oh\n|-damage|p2a: Zacian|73\/100|[from] Recoil\n|\n|upkeep\n|\n|t:|1699420380\n|switch|p1a: Landorus|Landorus-Therian, M|100\/100\n|-damage|p1a: Landorus|88\/100|[from] Stealth Rock\n|-ability|p1a: Landorus|Intimidate|boost\n|-unboost|p2a: Zacian|atk|1\n|turn|18\n|\n|t:|1699420384\n|move|p2a: Zacian|Behemoth Blade|p1a: Landorus\n|-damage|p1a: Landorus|10\/100\n|move|p1a: Landorus|Earthquake|p2a: Zacian\n|-supereffective|p2a: Zacian\n|-damage|p2a: Zacian|0 fnt\n|faint|p2a: Zacian\n|\n|-heal|p1a: Landorus|16\/100|[from] item: Leftovers\n|upkeep\n|-message|flamingwrench11234 forfeited.\n|\n|win|OscarToscar\n|raw|OscarToscar's rating: 1488 &rarr; <strong>1519<\/strong><br \/>(+31 for winning)\n|raw|flamingwrench11234's rating: 1697 &rarr; <strong>1666<\/strong><br \/>(-31 for losing)\n|l|\u2606flamingwrench11234\n|j|\u2606flamingwrench11234\n|player|p2|flamingwrench11234|2\n|l|\u2606flamingwrench11234\n|player|p2|\n|l|\u2606OscarToscar\n","uploadtime":1699420470,"views":5,"p1id":"oscartoscar","p2id":"flamingwrench11234","formatid":"gen9nationaldexubers","rating":1519,"private":0,"password":""}