{"id":"gen9nationaldexubers-1991294469","p1":"DevilAshka","p2":"JustMonika_CARR","format":"[Gen 9] National Dex Ubers","log":"|j|\u2606DevilAshka\n|j|\u2606JustMonika_CARR\n|t:|1700065077\n|gametype|singles\n|player|p1|DevilAshka|iris-gen5bw2|1299\n|player|p2|JustMonika_CARR|rosa|1460\n|teamsize|p1|6\n|teamsize|p2|6\n|gen|9\n|tier|[Gen 9] National Dex Ubers\n|rated|\n|rule|HP Percentage Mod: HP is shown in percentages\n|rule|Endless Battle Clause: Forcing endless battles is banned\n|rule|OHKO Clause: OHKO moves are banned\n|rule|Evasion Moves Clause: Evasion moves are banned\n|rule|Evasion Items Clause: Evasion items are banned\n|rule|Species Clause: Limit one of each Pok\u00e9mon\n|rule|Sleep Clause Mod: Limit one foe put to sleep\n|rule|Mega Rayquaza Clause: You cannot mega evolve Rayquaza\n|clearpoke\n|poke|p1|Rayquaza|\n|poke|p1|Reshiram|\n|poke|p1|Arceus-Water|\n|poke|p1|Zacian-*|\n|poke|p1|Necrozma-Dusk-Mane|\n|poke|p1|Groudon|\n|poke|p2|Marshadow|\n|poke|p2|Lopunny, F|\n|poke|p2|Dialga|\n|poke|p2|Forretress, F|\n|poke|p2|Pheromosa|\n|poke|p2|Grimmsnarl, M|\n|teampreview\n|inactive|Battle timer is ON: inactive players will automatically lose when time's up. (requested by DevilAshka)\n|c|\u2606JustMonika_CARR|Glhf\n|\n|t:|1700065096\n|start\n|switch|p1a: Reshiram|Reshiram|100\/100\n|switch|p2a: Forretress|Forretress, F, shiny|100\/100\n|-ability|p1a: Reshiram|Turboblaze\n|turn|1\n|\n|t:|1700065110\n|move|p2a: Forretress|Endure|p2a: Forretress\n|-singleturn|p2a: Forretress|move: Endure\n|move|p1a: Reshiram|Blue Flare|p2a: Forretress\n|-supereffective|p2a: Forretress\n|-activate|p2a: Forretress|move: Endure\n|-damage|p2a: Forretress|1\/100\n|-enditem|p2a: Forretress|Red Card|[of] p1a: Reshiram\n|drag|p1a: Zacian|Zacian-Crowned|100\/100\n|-ability|p1a: Zacian|Intrepid Sword|boost\n|-boost|p1a: Zacian|atk|1\n|\n|upkeep\n|turn|2\n|\n|t:|1700065121\n|move|p1a: Zacian|Behemoth Blade|p2a: Forretress\n|-resisted|p2a: Forretress\n|-damage|p2a: Forretress|0 fnt\n|faint|p2a: Forretress\n|\n|upkeep\n|\n|t:|1700065127\n|switch|p2a: Marshadow|Marshadow|100\/100\n|turn|3\n|\n|t:|1700065134\n|switch|p1a: Arceus|Arceus-Water|100\/100\n|move|p2a: Marshadow|Spectral Thief|p1a: Arceus\n|-damage|p1a: Arceus|68\/100\n|\n|upkeep\n|turn|4\n|\n|t:|1700065143\n|switch|p2a: Grimmsnarl|Grimmsnarl, M, shiny|100\/100\n|move|p1a: Arceus|Recover|p1a: Arceus\n|-heal|p1a: Arceus|100\/100\n|\n|upkeep\n|turn|5\n|\n|t:|1700065150\n|move|p2a: Grimmsnarl|Light Screen|p2a: Grimmsnarl\n|-sidestart|p2: JustMonika_CARR|move: Light Screen\n|move|p1a: Arceus|Calm Mind|p1a: Arceus\n|-boost|p1a: Arceus|spa|1\n|-boost|p1a: Arceus|spd|1\n|\n|upkeep\n|turn|6\n|\n|t:|1700065162\n|move|p2a: Grimmsnarl|Taunt|p1a: Arceus\n|-start|p1a: Arceus|move: Taunt\n|cant|p1a: Arceus|move: Taunt|Calm Mind\n|\n|upkeep\n|turn|7\n|\n|t:|1700065168\n|move|p1a: Arceus|Judgment|p2a: Grimmsnarl\n|-damage|p2a: Grimmsnarl|62\/100\n|move|p2a: Grimmsnarl|Spirit Break|p1a: Arceus\n|-damage|p1a: Arceus|79\/100\n|-unboost|p1a: Arceus|spa|1\n|\n|-heal|p2a: Grimmsnarl|68\/100|[from] item: Leftovers\n|upkeep\n|turn|8\n|\n|t:|1700065191\n|move|p1a: Arceus|Judgment|p2a: Grimmsnarl\n|-damage|p2a: Grimmsnarl|42\/100\n|move|p2a: Grimmsnarl|Spirit Break|p1a: Arceus\n|-damage|p1a: Arceus|59\/100\n|-unboost|p1a: Arceus|spa|1\n|\n|-heal|p2a: Grimmsnarl|48\/100|[from] item: Leftovers\n|-end|p1a: Arceus|move: Taunt\n|upkeep\n|turn|9\n|\n|t:|1700065209\n|move|p2a: Grimmsnarl|Taunt|p1a: Arceus\n|-start|p1a: Arceus|move: Taunt\n|cant|p1a: Arceus|move: Taunt|Calm Mind\n|\n|-heal|p2a: Grimmsnarl|54\/100|[from] item: Leftovers\n|-sideend|p2: JustMonika_CARR|move: Light Screen\n|upkeep\n|turn|10\n|\n|t:|1700065218\n|move|p2a: Grimmsnarl|Light Screen|p2a: Grimmsnarl\n|-sidestart|p2: JustMonika_CARR|move: Light Screen\n|move|p1a: Arceus|Judgment|p2a: Grimmsnarl\n|-damage|p2a: Grimmsnarl|38\/100\n|\n|-heal|p2a: Grimmsnarl|44\/100|[from] item: Leftovers\n|upkeep\n|turn|11\n|\n|t:|1700065232\n|switch|p1a: Zacian|Zacian-Crowned|100\/100\n|move|p2a: Grimmsnarl|Spirit Break|p1a: Zacian\n|-resisted|p1a: Zacian\n|-damage|p1a: Zacian|84\/100\n|-unboost|p1a: Zacian|spa|1\n|\n|-heal|p2a: Grimmsnarl|50\/100|[from] item: Leftovers\n|upkeep\n|turn|12\n|\n|t:|1700065246\n|move|p2a: Grimmsnarl|Reflect|p2a: Grimmsnarl\n|-sidestart|p2: JustMonika_CARR|Reflect\n|move|p1a: Zacian|Behemoth Blade|p2a: Grimmsnarl\n|-supereffective|p2a: Grimmsnarl\n|-damage|p2a: Grimmsnarl|0 fnt\n|faint|p2a: Grimmsnarl\n|\n|upkeep\n|\n|t:|1700065261\n|switch|p2a: Dialga|Dialga, shiny|100\/100\n|-ability|p2a: Dialga|Pressure\n|turn|13\n|\n|t:|1700065268\n|move|p1a: Zacian|Close Combat|p2a: Dialga\n|-supereffective|p2a: Dialga\n|-damage|p2a: Dialga|59\/100\n|-unboost|p1a: Zacian|def|1\n|-unboost|p1a: Zacian|spd|1\n|move|p2a: Dialga|Earth Power|p1a: Zacian\n|-supereffective|p1a: Zacian\n|-damage|p1a: Zacian|0 fnt\n|faint|p1a: Zacian\n|\n|upkeep\n|\n|t:|1700065276\n|switch|p1a: Rayquaza|Rayquaza|100\/100\n|-ability|p1a: Rayquaza|Air Lock\n|turn|14\n|\n|t:|1700065285\n|switch|p2a: Marshadow|Marshadow|100\/100\n|move|p1a: Rayquaza|Flamethrower|p2a: Marshadow\n|-damage|p2a: Marshadow|73\/100\n|\n|-sideend|p2: JustMonika_CARR|move: Light Screen\n|upkeep\n|turn|15\n|\n|t:|1700065295\n|move|p2a: Marshadow|Rock Tomb|p1a: Rayquaza|[miss]\n|-miss|p2a: Marshadow|p1a: Rayquaza\n|move|p1a: Rayquaza|Flamethrower|p2a: Marshadow\n|-damage|p2a: Marshadow|8\/100\n|-status|p2a: Marshadow|brn\n|\n|-damage|p2a: Marshadow|2\/100 brn|[from] brn\n|upkeep\n|turn|16\n|\n|t:|1700065310\n|switch|p1a: Arceus|Arceus-Water|59\/100\n|move|p2a: Marshadow|Rock Tomb|p1a: Arceus\n|-damage|p1a: Arceus|48\/100\n|-unboost|p1a: Arceus|spe|1\n|\n|-damage|p2a: Marshadow|0 fnt|[from] brn\n|faint|p2a: Marshadow\n|-sideend|p2: JustMonika_CARR|Reflect\n|upkeep\n|\n|t:|1700065326\n|switch|p2a: Pheromosa|Pheromosa, shiny|100\/100\n|turn|17\n|\n|t:|1700065342\n|move|p2a: Pheromosa|Close Combat|p1a: Arceus\n|-damage|p1a: Arceus|13\/100\n|-unboost|p2a: Pheromosa|def|1\n|-unboost|p2a: Pheromosa|spd|1\n|move|p1a: Arceus|Recover|p1a: Arceus\n|-heal|p1a: Arceus|63\/100\n|\n|upkeep\n|turn|18\n|\n|t:|1700065364\n|move|p2a: Pheromosa|Bug Buzz|p1a: Arceus\n|-damage|p1a: Arceus|29\/100\n|move|p1a: Arceus|Calm Mind|p1a: Arceus\n|-boost|p1a: Arceus|spa|1\n|-boost|p1a: Arceus|spd|1\n|\n|upkeep\n|turn|19\n|\n|t:|1700065373\n|move|p2a: Pheromosa|Close Combat|p1a: Arceus\n|-damage|p1a: Arceus|0 fnt\n|-unboost|p2a: Pheromosa|def|1\n|-unboost|p2a: Pheromosa|spd|1\n|faint|p1a: Arceus\n|-ability|p2a: Pheromosa|Beast Boost|boost\n|-boost|p2a: Pheromosa|spa|1\n|\n|upkeep\n|\n|t:|1700065381\n|switch|p1a: Rayquaza|Rayquaza|100\/100\n|-ability|p1a: Rayquaza|Air Lock\n|turn|20\n|\n|t:|1700065388\n|move|p2a: Pheromosa|Ice Beam|p1a: Rayquaza\n|-supereffective|p1a: Rayquaza\n|-damage|p1a: Rayquaza|0 fnt\n|faint|p1a: Rayquaza\n|-ability|p2a: Pheromosa|Beast Boost|boost\n|-boost|p2a: Pheromosa|spa|1\n|\n|upkeep\n|\n|t:|1700065393\n|switch|p1a: Reshiram|Reshiram|100\/100\n|-ability|p1a: Reshiram|Turboblaze\n|turn|21\n|\n|t:|1700065402\n|move|p2a: Pheromosa|Ice Beam|p1a: Reshiram\n|-damage|p1a: Reshiram|53\/100\n|move|p1a: Reshiram|Blue Flare|p2a: Pheromosa\n|-supereffective|p2a: Pheromosa\n|-enditem|p2a: Pheromosa|Focus Sash\n|-damage|p2a: Pheromosa|1\/100\n|-status|p2a: Pheromosa|brn\n|\n|-damage|p2a: Pheromosa|0 fnt|[from] brn\n|faint|p2a: Pheromosa\n|upkeep\n|\n|t:|1700065418\n|switch|p2a: Dialga|Dialga, shiny|59\/100\n|-ability|p2a: Dialga|Pressure\n|turn|22\n|\n|t:|1700065428\n|-terastallize|p2a: Dialga|Ground\n|move|p2a: Dialga|Earth Power|p1a: Reshiram\n|-supereffective|p1a: Reshiram\n|-damage|p1a: Reshiram|0 fnt\n|faint|p1a: Reshiram\n|\n|upkeep\n|\n|t:|1700065433\n|switch|p1a: Necrozma|Necrozma-Dusk-Mane|100\/100\n|turn|23\n|\n|t:|1700065441\n|detailschange|p1a: Necrozma|Necrozma-Ultra\n|-burst|p1a: Necrozma|Necrozma|Ultranecrozium Z\n|move|p2a: Dialga|Earth Power|p1a: Necrozma\n|-crit|p1a: Necrozma\n|-damage|p1a: Necrozma|16\/100\n|move|p1a: Necrozma|Earthquake|p2a: Dialga\n|-crit|p2a: Dialga\n|-damage|p2a: Dialga|3\/100\n|\n|upkeep\n|turn|24\n|\n|t:|1700065451\n|move|p2a: Dialga|Earth Power|p1a: Necrozma\n|-damage|p1a: Necrozma|0 fnt\n|faint|p1a: Necrozma\n|\n|upkeep\n|\n|t:|1700065453\n|switch|p1a: Groudon|Groudon|100\/100\n|detailschange|p1a: Groudon|Groudon-Primal\n|-primal|p1a: Groudon|Red Orb\n|-weather|DesolateLand|[from] ability: Desolate Land|[of] p1a: Groudon\n|turn|25\n|\n|t:|1700065461\n|move|p2a: Dialga|Earth Power|p1a: Groudon\n|-supereffective|p1a: Groudon\n|-damage|p1a: Groudon|0 fnt\n|faint|p1a: Groudon\n|-weather|none\n|\n|win|JustMonika_CARR\n|raw|DevilAshka's rating: 1299 &rarr; <strong>1285<\/strong><br \/>(-14 for losing)\n|raw|JustMonika_CARR's rating: 1460 &rarr; <strong>1471<\/strong><br \/>(+11 for winning)\n|l|\u2606DevilAshka\n","uploadtime":1700065469,"views":8,"p1id":"devilashka","p2id":"justmonikacarr","formatid":"gen9nationaldexubers","rating":1285,"private":0,"password":""}