{"id":"gen9nationaldexubers-1997653501","p1":"ouooyo","p2":"yuiiopii1010","format":"[Gen 9] National Dex Ubers","log":"|j|\u2606ouooyo\n|j|\u2606yuiiopii1010\n|t:|1700837946\n|gametype|singles\n|player|p1|ouooyo|red|1105\n|player|p2|yuiiopii1010|red|1114\n|teamsize|p1|6\n|teamsize|p2|6\n|gen|9\n|tier|[Gen 9] National Dex Ubers\n|rated|\n|rule|HP Percentage Mod: HP is shown in percentages\n|rule|Endless Battle Clause: Forcing endless battles is banned\n|rule|OHKO Clause: OHKO moves are banned\n|rule|Evasion Moves Clause: Evasion moves are banned\n|rule|Evasion Items Clause: Evasion items are banned\n|rule|Species Clause: Limit one of each Pok\u00e9mon\n|rule|Sleep Clause Mod: Limit one foe put to sleep\n|rule|Mega Rayquaza Clause: You cannot mega evolve Rayquaza\n|clearpoke\n|poke|p1|Marshadow|\n|poke|p1|Greninja-*, M|\n|poke|p1|Lucario, M|\n|poke|p1|Zeraora|\n|poke|p1|Garchomp, M|\n|poke|p1|Scizor, M|\n|poke|p2|Ursaluna-Bloodmoon, M|\n|poke|p2|Lurantis, M|\n|poke|p2|Zacian-*|\n|poke|p2|Dracovish|\n|poke|p2|Dragapult, F|\n|poke|p2|Urshifu-*, F|\n|teampreview\n|\n|t:|1700837952\n|start\n|switch|p1a: Scizor|Scizor, M|100\/100\n|switch|p2a: Lurantis|Lurantis, M|100\/100\n|turn|1\n|\n|t:|1700837958\n|move|p1a: Scizor|Swords Dance|p1a: Scizor\n|-boost|p1a: Scizor|atk|2\n|move|p2a: Lurantis|Superpower|p1a: Scizor\n|-damage|p1a: Scizor|56\/100\n|-boost|p2a: Lurantis|atk|1\n|-boost|p2a: Lurantis|def|1\n|\n|upkeep\n|turn|2\n|\n|t:|1700837968\n|move|p1a: Scizor|X-Scissor|p2a: Lurantis\n|-supereffective|p2a: Lurantis\n|-damage|p2a: Lurantis|0 fnt\n|faint|p2a: Lurantis\n|\n|upkeep\n|\n|t:|1700837977\n|switch|p2a: Dragapult|Dragapult, F|100\/100\n|turn|3\n|\n|t:|1700837983\n|-terastallize|p1a: Scizor|Steel\n|move|p1a: Scizor|Bullet Punch|p2a: Dragapult\n|-damage|p2a: Dragapult|0 fnt\n|faint|p2a: Dragapult\n|\n|upkeep\n|\n|t:|1700837991\n|switch|p2a: Dracovish|Dracovish|100\/100\n|turn|4\n|\n|t:|1700837998\n|move|p1a: Scizor|Bullet Punch|p2a: Dracovish\n|-resisted|p2a: Dracovish\n|-damage|p2a: Dracovish|43\/100\n|move|p2a: Dracovish|Fishious Rend|p1a: Scizor\n|-damage|p1a: Scizor|7\/100\n|\n|upkeep\n|turn|5\n|\n|t:|1700838004\n|move|p1a: Scizor|Bullet Punch|p2a: Dracovish\n|-resisted|p2a: Dracovish\n|-crit|p2a: Dracovish\n|-damage|p2a: Dracovish|0 fnt\n|faint|p2a: Dracovish\n|\n|upkeep\n|\n|t:|1700838007\n|switch|p2a: Urshifu|Urshifu-Rapid-Strike, F|100\/100\n|turn|6\n|\n|t:|1700838015\n|move|p1a: Scizor|Bullet Punch|p2a: Urshifu\n|-resisted|p2a: Urshifu\n|-damage|p2a: Urshifu|48\/100\n|move|p2a: Urshifu|Thunder Punch|p1a: Scizor\n|-damage|p1a: Scizor|0 fnt\n|faint|p1a: Scizor\n|\n|upkeep\n|\n|t:|1700838025\n|switch|p1a: Zeraora|Zeraora, shiny|100\/100\n|turn|7\n|\n|t:|1700838036\n|move|p1a: Zeraora|Plasma Fists|p2a: Urshifu\n|-supereffective|p2a: Urshifu\n|-damage|p2a: Urshifu|0 fnt\n|-fieldactivate|move: Ion Deluge\n|-hint|Normal-type moves become Electric-type after using Plasma Fists.\n|faint|p2a: Urshifu\n|\n|upkeep\n|\n|t:|1700838038\n|switch|p2a: Ursaluna|Ursaluna-Bloodmoon, M|100\/100\n|turn|8\n|\n|t:|1700838049\n|move|p1a: Zeraora|Close Combat|p2a: Ursaluna\n|-supereffective|p2a: Ursaluna\n|-damage|p2a: Ursaluna|52\/100\n|-unboost|p1a: Zeraora|def|1\n|-unboost|p1a: Zeraora|spd|1\n|move|p2a: Ursaluna|Blood Moon|p1a: Zeraora\n|-damage|p1a: Zeraora|0 fnt\n|faint|p1a: Zeraora\n|\n|-heal|p2a: Ursaluna|58\/100|[from] item: Leftovers\n|upkeep\n|\n|t:|1700838062\n|switch|p1a: Lucario|Lucario, M|100\/100\n|turn|9\n|\n|t:|1700838068\n|detailschange|p1a: Lucario|Lucario-Mega, M\n|-mega|p1a: Lucario|Lucario|Lucarionite\n|move|p1a: Lucario|Aura Sphere|p2a: Ursaluna\n|-supereffective|p2a: Ursaluna\n|-damage|p2a: Ursaluna|0 fnt\n|faint|p2a: Ursaluna\n|\n|upkeep\n|\n|t:|1700838071\n|switch|p2a: Zacian|Zacian-Crowned|100\/100\n|-ability|p2a: Zacian|Intrepid Sword|boost\n|-boost|p2a: Zacian|atk|1\n|turn|10\n|\n|t:|1700838089\n|-terastallize|p2a: Zacian|Fairy\n|move|p2a: Zacian|Play Rough|p1a: Lucario\n|-damage|p1a: Lucario|0 fnt\n|faint|p1a: Lucario\n|\n|upkeep\n|\n|t:|1700838108\n|switch|p1a: Greninja|Greninja, M|100\/100\n|turn|11\n|c|\u2606ouooyo|g\n|c|\u2606ouooyo|gg\n|\n|t:|1700838142\n|move|p2a: Zacian|Play Rough|p1a: Greninja|[miss]\n|-miss|p2a: Zacian|p1a: Greninja\n|move|p1a: Greninja|Hydro Pump|p2a: Zacian\n|-damage|p2a: Zacian|54\/100\n|\n|upkeep\n|turn|12\n|\n|t:|1700838150\n|move|p2a: Zacian|Play Rough|p1a: Greninja|[miss]\n|-miss|p2a: Zacian|p1a: Greninja\n|move|p1a: Greninja|Hydro Pump|p2a: Zacian\n|-damage|p2a: Zacian|6\/100\n|\n|upkeep\n|turn|13\n|\n|t:|1700838158\n|move|p2a: Zacian|Close Combat|p1a: Greninja\n|-supereffective|p1a: Greninja\n|-damage|p1a: Greninja|0 fnt\n|-unboost|p2a: Zacian|def|1\n|-unboost|p2a: Zacian|spd|1\n|faint|p1a: Greninja\n|\n|upkeep\n|\n|t:|1700838178\n|switch|p1a: Marshadow|Marshadow|100\/100\n|turn|14\n|\n|t:|1700838194\n|move|p2a: Zacian|Play Rough|p1a: Marshadow\n|-supereffective|p1a: Marshadow\n|-damage|p1a: Marshadow|0 fnt\n|faint|p1a: Marshadow\n|\n|upkeep\n|\n|t:|1700838202\n|switch|p1a: Garchomp|Garchomp, M|100\/100\n|turn|15\n|c|\u2606ouooyo|gg\n|\n|t:|1700838217\n|move|p2a: Zacian|Play Rough|p1a: Garchomp\n|-supereffective|p1a: Garchomp\n|-damage|p1a: Garchomp|0 fnt\n|-damage|p2a: Zacian|0 fnt|[from] ability: Rough Skin|[of] p1a: Garchomp\n|faint|p1a: Garchomp\n|faint|p2a: Zacian\n|\n|win|yuiiopii1010\n|raw|ouooyo's rating: 1105 &rarr; <strong>1081<\/strong><br \/>(-24 for losing)\n|raw|yuiiopii1010's rating: 1114 &rarr; <strong>1138<\/strong><br \/>(+24 for winning)\n","uploadtime":1700838230,"views":1,"p1id":"ouooyo","p2id":"yuiiopii1010","formatid":"gen9nationaldexubers","rating":1081,"private":0,"password":""}