{"id":"gen9nationaldexubers-1989768029","p1":"bepsi-can","p2":"Dragonnightwing","format":"[Gen 9] National Dex Ubers","log":"|j|\u2606bepsi-can\n|j|\u2606Dragonnightwing\n|t:|1699894070\n|gametype|singles\n|player|p1|bepsi-can|elesa|\n|player|p2|Dragonnightwing|lance|\n|teamsize|p1|6\n|teamsize|p2|6\n|gen|9\n|tier|[Gen 9] National Dex Ubers\n|rule|HP Percentage Mod: HP is shown in percentages\n|rule|Endless Battle Clause: Forcing endless battles is banned\n|rule|OHKO Clause: OHKO moves are banned\n|rule|Evasion Moves Clause: Evasion moves are banned\n|rule|Evasion Items Clause: Evasion items are banned\n|rule|Species Clause: Limit one of each Pok\u00e9mon\n|rule|Sleep Clause Mod: Limit one foe put to sleep\n|rule|Mega Rayquaza Clause: You cannot mega evolve Rayquaza\n|clearpoke\n|poke|p1|Annihilape, F|\n|poke|p1|Pelipper, F|\n|poke|p1|Tentacruel, F|\n|poke|p1|Sylveon, M|\n|poke|p1|Relicanth, M|\n|poke|p1|Flygon, F|\n|poke|p2|Maushold-Four|\n|poke|p2|Malamar, M|\n|poke|p2|Orthworm, M|\n|poke|p2|Toxapex, M|\n|poke|p2|Dragonite, F|\n|poke|p2|Mamoswine, F|\n|teampreview\n|inactive|Battle timer is ON: inactive players will automatically lose when time's up. (requested by bepsi-can)\n|\n|t:|1699894084\n|start\n|switch|p1a: Costco Kyogre|Pelipper, F|100\/100\n|switch|p2a: Muahaha|Malamar, M|100\/100\n|-weather|RainDance|[from] ability: Drizzle|[of] p1a: Costco Kyogre\n|turn|1\n|j| El!te 00f\n|\n|t:|1699894095\n|move|p2a: Muahaha|Superpower|p1a: Costco Kyogre\n|-resisted|p1a: Costco Kyogre\n|-damage|p1a: Costco Kyogre|88\/100\n|-boost|p2a: Muahaha|atk|1\n|-boost|p2a: Muahaha|def|1\n|move|p1a: Costco Kyogre|Toxic|p2a: Muahaha\n|-status|p2a: Muahaha|tox\n|\n|-weather|RainDance|[upkeep]\n|-damage|p2a: Muahaha|94\/100 tox|[from] psn\n|upkeep\n|turn|2\n|\n|t:|1699894109\n|move|p2a: Muahaha|Facade|p1a: Costco Kyogre\n|-damage|p1a: Costco Kyogre|39\/100\n|move|p1a: Costco Kyogre|Hydro Pump|p2a: Muahaha\n|-damage|p2a: Muahaha|34\/100 tox\n|\n|-weather|RainDance|[upkeep]\n|-damage|p2a: Muahaha|22\/100 tox|[from] psn\n|upkeep\n|turn|3\n|\n|t:|1699894120\n|switch|p1a: Mankey Mk II|Annihilape, F|100\/100\n|move|p2a: Muahaha|Facade|p1a: Mankey Mk II\n|-immune|p1a: Mankey Mk II\n|\n|-weather|RainDance|[upkeep]\n|-damage|p2a: Muahaha|4\/100 tox|[from] psn\n|upkeep\n|turn|4\n|\n|t:|1699894132\n|move|p1a: Mankey Mk II|Substitute|p1a: Mankey Mk II\n|-start|p1a: Mankey Mk II|Substitute\n|-damage|p1a: Mankey Mk II|75\/100\n|move|p2a: Muahaha|Stored Power|p1a: Mankey Mk II\n|-supereffective|p1a: Mankey Mk II\n|-end|p1a: Mankey Mk II|Substitute\n|\n|-weather|RainDance|[upkeep]\n|-heal|p1a: Mankey Mk II|82\/100|[from] item: Leftovers\n|-damage|p2a: Muahaha|0 fnt|[from] psn\n|faint|p2a: Muahaha\n|upkeep\n|\n|t:|1699894149\n|switch|p2a: Sarge|Toxapex, M|100\/100\n|turn|5\n|\n|t:|1699894157\n|move|p1a: Mankey Mk II|Substitute|p1a: Mankey Mk II\n|-start|p1a: Mankey Mk II|Substitute\n|-damage|p1a: Mankey Mk II|57\/100\n|move|p2a: Sarge|Toxic Spikes|p1a: Mankey Mk II\n|-sidestart|p1: bepsi-can|move: Toxic Spikes\n|\n|-weather|RainDance|[upkeep]\n|-heal|p1a: Mankey Mk II|63\/100|[from] item: Leftovers\n|upkeep\n|turn|6\n|\n|t:|1699894166\n|move|p1a: Mankey Mk II|Bulk Up|p1a: Mankey Mk II\n|-boost|p1a: Mankey Mk II|atk|1\n|-boost|p1a: Mankey Mk II|def|1\n|move|p2a: Sarge|Liquidation|p1a: Mankey Mk II\n|-end|p1a: Mankey Mk II|Substitute\n|\n|-weather|RainDance|[upkeep]\n|-heal|p1a: Mankey Mk II|69\/100|[from] item: Leftovers\n|upkeep\n|turn|7\n|\n|t:|1699894177\n|move|p1a: Mankey Mk II|Rage Fist|p2a: Sarge\n|-damage|p2a: Sarge|70\/100\n|move|p2a: Sarge|Knock Off|p1a: Mankey Mk II\n|-damage|p1a: Mankey Mk II|53\/100\n|-enditem|p1a: Mankey Mk II|Leftovers|[from] move: Knock Off|[of] p2a: Sarge\n|\n|-weather|RainDance|[upkeep]\n|-heal|p2a: Sarge|76\/100|[from] item: Leftovers\n|upkeep\n|turn|8\n|\n|t:|1699894189\n|move|p2a: Sarge|Baneful Bunker|p2a: Sarge\n|-singleturn|p2a: Sarge|move: Protect\n|move|p1a: Mankey Mk II|Rage Fist|p2a: Sarge\n|-activate|p2a: Sarge|move: Protect\n|-status|p1a: Mankey Mk II|psn\n|\n|-weather|none\n|-heal|p2a: Sarge|82\/100|[from] item: Leftovers\n|-damage|p1a: Mankey Mk II|40\/100 psn|[from] psn\n|upkeep\n|turn|9\n|\n|t:|1699894200\n|move|p1a: Mankey Mk II|Rage Fist|p2a: Sarge\n|-damage|p2a: Sarge|25\/100\n|move|p2a: Sarge|Liquidation|p1a: Mankey Mk II\n|-crit|p1a: Mankey Mk II\n|-damage|p1a: Mankey Mk II|0 fnt\n|faint|p1a: Mankey Mk II\n|\n|-heal|p2a: Sarge|31\/100|[from] item: Leftovers\n|upkeep\n|\n|t:|1699894206\n|switch|p1a: Sleeper Pick|Tentacruel, F|100\/100\n|-sideend|p1: bepsi-can|move: Toxic Spikes|[of] p1a: Sleeper Pick\n|turn|10\n|\n|t:|1699894220\n|move|p1a: Sleeper Pick|Whirlpool|p2a: Sarge\n|-resisted|p2a: Sarge\n|-damage|p2a: Sarge|27\/100\n|-activate|p2a: Sarge|move: Whirlpool|[of] p1a: Sleeper Pick\n|move|p2a: Sarge|Knock Off|p1a: Sleeper Pick\n|-damage|p1a: Sleeper Pick|71\/100\n|-enditem|p1a: Sleeper Pick|Black Sludge|[from] move: Knock Off|[of] p2a: Sarge\n|\n|-heal|p2a: Sarge|33\/100|[from] item: Leftovers\n|-damage|p2a: Sarge|21\/100|[from] move: Whirlpool|[partiallytrapped]\n|upkeep\n|turn|11\n|\n|t:|1699894232\n|move|p1a: Sleeper Pick|Rapid Spin|p2a: Sarge\n|-damage|p2a: Sarge|15\/100\n|-boost|p1a: Sleeper Pick|spe|1\n|move|p2a: Sarge|Toxic Spikes|p1a: Sleeper Pick\n|-sidestart|p1: bepsi-can|move: Toxic Spikes\n|\n|-heal|p2a: Sarge|21\/100|[from] item: Leftovers\n|-damage|p2a: Sarge|8\/100|[from] move: Whirlpool|[partiallytrapped]\n|upkeep\n|turn|12\n|\n|t:|1699894244\n|move|p2a: Sarge|Baneful Bunker|p2a: Sarge\n|-singleturn|p2a: Sarge|move: Protect\n|move|p1a: Sleeper Pick|Rapid Spin|p2a: Sarge\n|-activate|p2a: Sarge|move: Protect\n|\n|-heal|p2a: Sarge|15\/100|[from] item: Leftovers\n|-damage|p2a: Sarge|2\/100|[from] move: Whirlpool|[partiallytrapped]\n|upkeep\n|turn|13\n|\n|t:|1699894254\n|move|p1a: Sleeper Pick|Rapid Spin|p2a: Sarge\n|-damage|p2a: Sarge|0 fnt\n|-boost|p1a: Sleeper Pick|spe|1\n|-sideend|p1: bepsi-can|Toxic Spikes|[from] move: Rapid Spin|[of] p1a: Sleeper Pick\n|faint|p2a: Sarge\n|\n|upkeep\n|\n|t:|1699894262\n|switch|p2a: Kiba|Dragonite, F|100\/100\n|turn|14\n|\n|t:|1699894269\n|move|p1a: Sleeper Pick|Toxic|p2a: Kiba\n|-status|p2a: Kiba|tox\n|move|p2a: Kiba|Dragon Dance|p2a: Kiba\n|-boost|p2a: Kiba|atk|1\n|-boost|p2a: Kiba|spe|1\n|\n|-damage|p2a: Kiba|94\/100 tox|[from] psn\n|upkeep\n|turn|15\n|\n|t:|1699894281\n|move|p2a: Kiba|Extreme Speed|p1a: Sleeper Pick\n|-damage|p1a: Sleeper Pick|11\/100\n|move|p1a: Sleeper Pick|Acid Spray|p2a: Kiba\n|-damage|p2a: Kiba|82\/100 tox\n|-unboost|p2a: Kiba|spd|2\n|\n|-damage|p2a: Kiba|70\/100 tox|[from] psn\n|upkeep\n|turn|16\n|\n|t:|1699894294\n|move|p1a: Sleeper Pick|Acid Spray|p2a: Kiba\n|-damage|p2a: Kiba|45\/100 tox\n|-unboost|p2a: Kiba|spd|2\n|move|p2a: Kiba|Dual Wingbeat|p1a: Sleeper Pick\n|-damage|p1a: Sleeper Pick|0 fnt\n|faint|p1a: Sleeper Pick\n|-hitcount|p1: Sleeper Pick|1\n|\n|-damage|p2a: Kiba|27\/100 tox|[from] psn\n|upkeep\n|\n|t:|1699894299\n|switch|p1a: Costco Kyogre|Pelipper, F|39\/100\n|-weather|RainDance|[from] ability: Drizzle|[of] p1a: Costco Kyogre\n|turn|17\n|\n|t:|1699894311\n|move|p2a: Kiba|Extreme Speed|p1a: Costco Kyogre\n|-crit|p1a: Costco Kyogre\n|-damage|p1a: Costco Kyogre|0 fnt\n|faint|p1a: Costco Kyogre\n|\n|-weather|RainDance|[upkeep]\n|-damage|p2a: Kiba|2\/100 tox|[from] psn\n|upkeep\n|\n|t:|1699894315\n|switch|p1a: Relican!|Relicanth, M|100\/100\n|turn|18\n|\n|t:|1699894324\n|move|p2a: Kiba|Extreme Speed|p1a: Relican!\n|-resisted|p1a: Relican!\n|-damage|p1a: Relican!|83\/100\n|move|p1a: Relican!|Liquidation|p2a: Kiba\n|-resisted|p2a: Kiba\n|-damage|p2a: Kiba|0 fnt\n|faint|p2a: Kiba\n|\n|-weather|RainDance|[upkeep]\n|upkeep\n|\n|t:|1699894338\n|switch|p2a: Mimo|Mamoswine, F|100\/100\n|turn|19\n|\n|t:|1699894345\n|-terastallize|p1a: Relican!|Water\n|move|p1a: Relican!|Liquidation|p2a: Mimo\n|-supereffective|p2a: Mimo\n|-damage|p2a: Mimo|0 fnt\n|faint|p2a: Mimo\n|\n|-weather|RainDance|[upkeep]\n|upkeep\n|\n|t:|1699894354\n|switch|p2a: Picket fence lyfe|Maushold-Four|100\/100\n|turn|20\n|\n|t:|1699894362\n|move|p1a: Relican!|Liquidation|p2a: Picket fence lyfe\n|-damage|p2a: Picket fence lyfe|0 fnt\n|faint|p2a: Picket fence lyfe\n|\n|-weather|RainDance|[upkeep]\n|upkeep\n|\n|t:|1699894368\n|switch|p2a: Squirmy|Orthworm, M|100\/100\n|turn|21\n|\n|t:|1699894383\n|-terastallize|p2a: Squirmy|Electric\n|move|p1a: Relican!|Liquidation|p2a: Squirmy\n|-damage|p2a: Squirmy|22\/100\n|-unboost|p2a: Squirmy|def|1\n|move|p2a: Squirmy|Body Press|p1a: Relican!\n|-damage|p1a: Relican!|70\/100\n|\n|-weather|RainDance|[upkeep]\n|upkeep\n|turn|22\n|c|\u2606bepsi-can|holay molay\n|c|\u2606bepsi-can|gee gee\n|\n|t:|1699894398\n|move|p1a: Relican!|Liquidation|p2a: Squirmy\n|-damage|p2a: Squirmy|0 fnt\n|faint|p2a: Squirmy\n|\n|win|bepsi-can\n|l|\u2606bepsi-can\n|c|\u2606Dragonnightwing|Gg\n|c| El!te 00f|ggs\n|l|\u2606Dragonnightwing\n","uploadtime":1699894422,"views":9,"p1id":"bepsican","p2id":"dragonnightwing","formatid":"gen9nationaldexubers","rating":0,"private":0,"password":""}