{"id":"gen9nationaldexubers-1987145366","p1":"bugs are funny","p2":"huit7rdh","format":"[Gen 9] National Dex Ubers","log":"|j|\u2606bugs are funny\n|j|\u2606huit7rdh\n|t:|1699559827\n|gametype|singles\n|player|p1|bugs are funny|winona|1165\n|player|p2|huit7rdh|gentleman-gen4dp|1110\n|teamsize|p1|6\n|teamsize|p2|6\n|gen|9\n|tier|[Gen 9] National Dex Ubers\n|rated|\n|rule|HP Percentage Mod: HP is shown in percentages\n|rule|Endless Battle Clause: Forcing endless battles is banned\n|rule|OHKO Clause: OHKO moves are banned\n|rule|Evasion Moves Clause: Evasion moves are banned\n|rule|Evasion Items Clause: Evasion items are banned\n|rule|Species Clause: Limit one of each Pok\u00e9mon\n|rule|Sleep Clause Mod: Limit one foe put to sleep\n|rule|Mega Rayquaza Clause: You cannot mega evolve Rayquaza\n|clearpoke\n|poke|p1|Hydreigon, M|\n|poke|p1|Druddigon, M|\n|poke|p1|Lapras, F|\n|poke|p1|Beedrill, F|\n|poke|p1|Silvally-*|\n|poke|p1|Serperior, F|\n|poke|p2|Houndstone, M|\n|poke|p2|Dracovish|\n|poke|p2|Excadrill, F|\n|poke|p2|Tyranitar, M|\n|poke|p2|Clodsire, M|\n|poke|p2|Flutter Mane|\n|teampreview\n|\n|t:|1699559834\n|start\n|switch|p1a: Druddigon|Druddigon, M|100\/100\n|switch|p2a: Tyranitar|Tyranitar, M|100\/100\n|-weather|Sandstorm|[from] ability: Sand Stream|[of] p2a: Tyranitar\n|turn|1\n|\n|t:|1699559851\n|detailschange|p2a: Tyranitar|Tyranitar-Mega, M\n|-mega|p2a: Tyranitar|Tyranitar|Tyranitarite\n|move|p2a: Tyranitar|Stealth Rock|p1a: Druddigon\n|-sidestart|p1: bugs are funny|move: Stealth Rock\n|move|p1a: Druddigon|Stealth Rock|p2a: Tyranitar\n|-sidestart|p2: huit7rdh|move: Stealth Rock\n|\n|-weather|Sandstorm|[upkeep]\n|-damage|p1a: Druddigon|94\/100|[from] Sandstorm\n|upkeep\n|turn|2\n|\n|t:|1699559858\n|move|p2a: Tyranitar|Knock Off|p1a: Druddigon\n|-damage|p1a: Druddigon|31\/100\n|-damage|p2a: Tyranitar|88\/100|[from] ability: Rough Skin|[of] p1a: Druddigon\n|-damage|p2a: Tyranitar|72\/100|[from] item: Rocky Helmet|[of] p1a: Druddigon\n|-enditem|p1a: Druddigon|Rocky Helmet|[from] move: Knock Off|[of] p2a: Tyranitar\n|move|p1a: Druddigon|Glare|p2a: Tyranitar\n|-status|p2a: Tyranitar|par\n|\n|-weather|Sandstorm|[upkeep]\n|-damage|p1a: Druddigon|25\/100|[from] Sandstorm\n|upkeep\n|turn|3\n|\n|t:|1699559871\n|cant|p2a: Tyranitar|par\n|move|p1a: Druddigon|Roar|p2a: Tyranitar\n|drag|p2a: Houndstone|Houndstone, M|100\/100\n|-damage|p2a: Houndstone|88\/100|[from] Stealth Rock\n|\n|-weather|Sandstorm|[upkeep]\n|-damage|p1a: Druddigon|19\/100|[from] Sandstorm\n|upkeep\n|turn|4\n|\n|t:|1699559879\n|move|p2a: Houndstone|Ice Fang|p1a: Druddigon\n|-supereffective|p1a: Druddigon\n|-damage|p1a: Druddigon|0 fnt\n|-damage|p2a: Houndstone|76\/100|[from] ability: Rough Skin|[of] p1a: Druddigon\n|faint|p1a: Druddigon\n|\n|-weather|Sandstorm|[upkeep]\n|upkeep\n|\n|t:|1699559902\n|switch|p1a: Serperior|Serperior, F|100\/100\n|-damage|p1a: Serperior|88\/100|[from] Stealth Rock\n|turn|5\n|\n|t:|1699559908\n|move|p2a: Houndstone|Ice Fang|p1a: Serperior\n|-supereffective|p1a: Serperior\n|-damage|p1a: Serperior|28\/100\n|move|p1a: Serperior|Glare|p2a: Houndstone\n|-status|p2a: Houndstone|par\n|\n|-weather|none\n|-heal|p1a: Serperior|34\/100|[from] item: Leftovers\n|upkeep\n|turn|6\n|\n|t:|1699559915\n|move|p1a: Serperior|Substitute|p1a: Serperior\n|-start|p1a: Serperior|Substitute\n|-damage|p1a: Serperior|9\/100\n|cant|p2a: Houndstone|par\n|\n|-heal|p1a: Serperior|15\/100|[from] item: Leftovers\n|upkeep\n|turn|7\n|\n|t:|1699559919\n|move|p1a: Serperior|Leech Seed|p2a: Houndstone\n|-start|p2a: Houndstone|move: Leech Seed\n|move|p2a: Houndstone|Ice Fang|p1a: Serperior|[miss]\n|-miss|p2a: Houndstone|p1a: Serperior\n|\n|-heal|p1a: Serperior|21\/100|[from] item: Leftovers\n|-damage|p2a: Houndstone|64\/100 par|[from] Leech Seed|[of] p1a: Serperior\n|-heal|p1a: Serperior|31\/100|[silent]\n|upkeep\n|turn|8\n|n|!huit7rdh|huit7rdh\n|\n|t:|1699559935\n|move|p1a: Serperior|Leaf Storm|p2a: Houndstone\n|-damage|p2a: Houndstone|18\/100 par\n|-boost|p1a: Serperior|spa|2\n|move|p2a: Houndstone|Ice Fang|p1a: Serperior\n|-supereffective|p1a: Serperior\n|-end|p1a: Serperior|Substitute\n|\n|-heal|p1a: Serperior|38\/100|[from] item: Leftovers\n|-damage|p2a: Houndstone|6\/100 par|[from] Leech Seed|[of] p1a: Serperior\n|-heal|p1a: Serperior|47\/100|[silent]\n|upkeep\n|turn|9\n|\n|t:|1699559945\n|switch|p2a: Flutter Mane|Flutter Mane|100\/100\n|-damage|p2a: Flutter Mane|88\/100|[from] Stealth Rock\n|move|p1a: Serperior|Substitute|p1a: Serperior\n|-start|p1a: Serperior|Substitute\n|-damage|p1a: Serperior|23\/100\n|\n|-heal|p1a: Serperior|29\/100|[from] item: Leftovers\n|upkeep\n|turn|10\n|\n|t:|1699559966\n|move|p2a: Flutter Mane|Mystical Fire|p1a: Serperior\n|-supereffective|p1a: Serperior\n|-end|p1a: Serperior|Substitute\n|-damage|p2a: Flutter Mane|78\/100|[from] item: Life Orb\n|move|p1a: Serperior|Leaf Storm|p2a: Flutter Mane|[miss]\n|-miss|p1a: Serperior|p2a: Flutter Mane\n|\n|-heal|p1a: Serperior|35\/100|[from] item: Leftovers\n|upkeep\n|turn|11\n|\n|t:|1699559975\n|move|p2a: Flutter Mane|Mystical Fire|p1a: Serperior\n|-supereffective|p1a: Serperior\n|-damage|p1a: Serperior|0 fnt\n|faint|p1a: Serperior\n|-damage|p2a: Flutter Mane|68\/100|[from] item: Life Orb\n|\n|upkeep\n|\n|t:|1699559981\n|switch|p1a: Lapras|Lapras, F|100\/100\n|-damage|p1a: Lapras|75\/100|[from] Stealth Rock\n|turn|12\n|\n|t:|1699559986\n|move|p2a: Flutter Mane|Calm Mind|p2a: Flutter Mane\n|-boost|p2a: Flutter Mane|spa|1\n|-boost|p2a: Flutter Mane|spd|1\n|move|p1a: Lapras|Dragon Dance|p1a: Lapras\n|-boost|p1a: Lapras|atk|1\n|-boost|p1a: Lapras|spe|1\n|\n|-heal|p1a: Lapras|82\/100|[from] item: Leftovers\n|upkeep\n|turn|13\n|\n|t:|1699559994\n|move|p1a: Lapras|Ice Shard|p2a: Flutter Mane\n|-damage|p2a: Flutter Mane|28\/100\n|move|p2a: Flutter Mane|Moonblast|p1a: Lapras\n|-damage|p1a: Lapras|13\/100\n|-damage|p2a: Flutter Mane|18\/100|[from] item: Life Orb\n|\n|-heal|p1a: Lapras|19\/100|[from] item: Leftovers\n|upkeep\n|turn|14\n|\n|t:|1699560001\n|move|p1a: Lapras|Ice Shard|p2a: Flutter Mane\n|-damage|p2a: Flutter Mane|0 fnt\n|faint|p2a: Flutter Mane\n|-end|p2a: Flutter Mane|Protosynthesis|[silent]\n|\n|-heal|p1a: Lapras|25\/100|[from] item: Leftovers\n|upkeep\n|\n|t:|1699560007\n|switch|p2a: Excadrill|Excadrill, F|100\/100\n|-damage|p2a: Excadrill|97\/100|[from] Stealth Rock\n|-ability|p2a: Excadrill|Mold Breaker\n|turn|15\n|\n|t:|1699560012\n|move|p2a: Excadrill|Rapid Spin|p1a: Lapras\n|-damage|p1a: Lapras|9\/100\n|-boost|p2a: Excadrill|spe|1\n|-sideend|p2: huit7rdh|Stealth Rock|[from] move: Rapid Spin|[of] p2a: Excadrill\n|move|p1a: Lapras|Waterfall|p2a: Excadrill\n|-supereffective|p2a: Excadrill\n|-damage|p2a: Excadrill|0 fnt\n|faint|p2a: Excadrill\n|\n|-heal|p1a: Lapras|15\/100|[from] item: Leftovers\n|upkeep\n|\n|t:|1699560020\n|switch|p2a: Houndstone|Houndstone, M|6\/100 par\n|turn|16\n|\n|t:|1699560023\n|move|p1a: Lapras|Ice Shard|p2a: Houndstone\n|-crit|p2a: Houndstone\n|-damage|p2a: Houndstone|0 fnt\n|faint|p2a: Houndstone\n|\n|-heal|p1a: Lapras|22\/100|[from] item: Leftovers\n|upkeep\n|\n|t:|1699560033\n|switch|p2a: Clodsire|Clodsire, M|100\/100\n|turn|17\n|\n|t:|1699560035\n|move|p1a: Lapras|Ice Shard|p2a: Clodsire\n|-supereffective|p2a: Clodsire\n|-damage|p2a: Clodsire|72\/100\n|move|p2a: Clodsire|Yawn|p1a: Lapras\n|-start|p1a: Lapras|move: Yawn|[of] p2a: Clodsire\n|\n|-heal|p1a: Lapras|28\/100|[from] item: Leftovers\n|-heal|p2a: Clodsire|78\/100|[from] item: Leftovers\n|upkeep\n|turn|18\n|\n|t:|1699560045\n|switch|p1a: Silvally|Silvally|100\/100\n|-damage|p1a: Silvally|88\/100|[from] Stealth Rock\n|move|p2a: Clodsire|Spikes|p1a: Silvally\n|-sidestart|p1: bugs are funny|Spikes\n|\n|-heal|p2a: Clodsire|85\/100|[from] item: Leftovers\n|upkeep\n|turn|19\n|\n|t:|1699560067\n|move|p1a: Silvally|Explosion|p2a: Clodsire\n|-damage|p2a: Clodsire|0 fnt\n|faint|p1a: Silvally\n|faint|p2a: Clodsire\n|\n|upkeep\n|\n|t:|1699560080\n|switch|p1a: Hydreigon|Hydreigon, M|100\/100\n|switch|p2a: Tyranitar|Tyranitar-Mega, M|72\/100 par\n|-damage|p1a: Hydreigon|88\/100|[from] Stealth Rock\n|-weather|Sandstorm|[from] ability: Sand Stream|[of] p2a: Tyranitar\n|turn|20\n|\n|t:|1699560110\n|move|p1a: Hydreigon|Substitute|p1a: Hydreigon\n|-start|p1a: Hydreigon|Substitute\n|-damage|p1a: Hydreigon|63\/100\n|cant|p2a: Tyranitar|par\n|\n|-weather|Sandstorm|[upkeep]\n|-damage|p1a: Hydreigon|57\/100|[from] Sandstorm\n|-heal|p1a: Hydreigon|63\/100|[from] item: Leftovers\n|upkeep\n|turn|21\n|\n|t:|1699560114\n|move|p1a: Hydreigon|Nasty Plot|p1a: Hydreigon\n|-boost|p1a: Hydreigon|spa|2\n|move|p2a: Tyranitar|Knock Off|p1a: Hydreigon\n|-resisted|p1a: Hydreigon\n|-end|p1a: Hydreigon|Substitute\n|\n|-weather|Sandstorm|[upkeep]\n|-damage|p1a: Hydreigon|57\/100|[from] Sandstorm\n|-heal|p1a: Hydreigon|63\/100|[from] item: Leftovers\n|upkeep\n|turn|22\n|\n|t:|1699560121\n|move|p1a: Hydreigon|Substitute|p1a: Hydreigon\n|-start|p1a: Hydreigon|Substitute\n|-damage|p1a: Hydreigon|38\/100\n|move|p2a: Tyranitar|Knock Off|p1a: Hydreigon\n|-resisted|p1a: Hydreigon\n|-end|p1a: Hydreigon|Substitute\n|\n|-weather|Sandstorm|[upkeep]\n|-damage|p1a: Hydreigon|32\/100|[from] Sandstorm\n|-heal|p1a: Hydreigon|38\/100|[from] item: Leftovers\n|upkeep\n|turn|23\n|\n|t:|1699560131\n|move|p1a: Hydreigon|Earth Power|p2a: Tyranitar\n|-supereffective|p2a: Tyranitar\n|-damage|p2a: Tyranitar|3\/100 par\n|move|p2a: Tyranitar|Knock Off|p1a: Hydreigon\n|-resisted|p1a: Hydreigon\n|-crit|p1a: Hydreigon\n|-damage|p1a: Hydreigon|0 fnt\n|-enditem|p1a: Hydreigon|Leftovers|[from] move: Knock Off|[of] p2a: Tyranitar\n|faint|p1a: Hydreigon\n|\n|-weather|Sandstorm|[upkeep]\n|upkeep\n|\n|t:|1699560138\n|switch|p1a: Beedrill|Beedrill, F|100\/100\n|-damage|p1a: Beedrill|76\/100|[from] Stealth Rock\n|-damage|p1a: Beedrill|64\/100|[from] Spikes\n|turn|24\n|\n|t:|1699560164\n|switch|p2a: Dracovish|Dracovish|100\/100\n|detailschange|p1a: Beedrill|Beedrill-Mega, F\n|-mega|p1a: Beedrill|Beedrill|Beedrillite\n|move|p1a: Beedrill|Fell Stinger|p2a: Dracovish\n|-damage|p2a: Dracovish|59\/100\n|\n|-weather|none\n|upkeep\n|turn|25\n|\n|t:|1699560189\n|switch|p2a: Tyranitar|Tyranitar-Mega, M|3\/100 par\n|-weather|Sandstorm|[from] ability: Sand Stream|[of] p2a: Tyranitar\n|move|p1a: Beedrill|Poison Jab|p2a: Tyranitar\n|-resisted|p2a: Tyranitar\n|-damage|p2a: Tyranitar|0 fnt\n|faint|p2a: Tyranitar\n|\n|-weather|Sandstorm|[upkeep]\n|-damage|p1a: Beedrill|58\/100|[from] Sandstorm\n|upkeep\n|\n|t:|1699560195\n|switch|p2a: Dracovish|Dracovish|59\/100\n|turn|26\n|\n|t:|1699560198\n|-terastallize|p2a: Dracovish|Water\n|move|p2a: Dracovish|Fishious Rend|p1a: Beedrill\n|-damage|p1a: Beedrill|0 fnt\n|faint|p1a: Beedrill\n|\n|-weather|Sandstorm|[upkeep]\n|upkeep\n|\n|t:|1699560210\n|switch|p1a: Lapras|Lapras, F|28\/100\n|-damage|p1a: Lapras|3\/100|[from] Stealth Rock\n|-damage|p1a: Lapras|0 fnt|[from] Spikes\n|faint|p1a: Lapras\n|\n|win|huit7rdh\n|raw|bugs are funny's rating: 1165 &rarr; <strong>1134<\/strong><br \/>(-31 for losing)\n|raw|huit7rdh's rating: 1083 &rarr; <strong>1117<\/strong><br \/>(+34 for winning)\n","uploadtime":1699559935,"views":5,"p1id":"bugsarefunny","p2id":"huit7rdh","formatid":"gen9nationaldexubers","rating":1117,"private":0,"password":""}