{"id":"gen9nationaldexubers-1988589607","p1":"khgjooo","p2":"Nimezin","format":"[Gen 9] National Dex Ubers","log":"|j|\u2606khgjooo\n|j|\u2606Nimezin\n|t:|1699739389\n|gametype|singles\n|player|p1|khgjooo|102|1006\n|player|p2|Nimezin|pokemonbreederf-gen4|1033\n|teamsize|p1|6\n|teamsize|p2|3\n|gen|9\n|tier|[Gen 9] National Dex Ubers\n|rated|\n|rule|HP Percentage Mod: HP is shown in percentages\n|rule|Endless Battle Clause: Forcing endless battles is banned\n|rule|OHKO Clause: OHKO moves are banned\n|rule|Evasion Moves Clause: Evasion moves are banned\n|rule|Evasion Items Clause: Evasion items are banned\n|rule|Species Clause: Limit one of each Pok\u00e9mon\n|rule|Sleep Clause Mod: Limit one foe put to sleep\n|rule|Mega Rayquaza Clause: You cannot mega evolve Rayquaza\n|clearpoke\n|poke|p1|Cinderace, F|\n|poke|p1|Groudon|\n|poke|p1|Moltres|\n|poke|p1|Ho-Oh|\n|poke|p1|Charizard, M|\n|poke|p1|Arcanine, F|\n|poke|p2|Latios, M|\n|poke|p2|Mew|\n|poke|p2|Smeargle, F|\n|teampreview\n|\n|t:|1699739396\n|start\n|switch|p1a: Moltres|Moltres|100\/100\n|switch|p2a: Smeargle|Smeargle, F|100\/100\n|-ability|p1a: Moltres|Pressure\n|turn|1\n|\n|t:|1699739408\n|move|p1a: Moltres|Flamethrower|p2a: Smeargle\n|-damage|p2a: Smeargle|4\/100\n|-enditem|p2a: Smeargle|Sitrus Berry|[eat]\n|-heal|p2a: Smeargle|29\/100|[from] item: Sitrus Berry\n|move|p2a: Smeargle|Light Screen|p2a: Smeargle\n|-sidestart|p2: Nimezin|move: Light Screen\n|\n|-ability|p2a: Smeargle|Moody|boost\n|-boost|p2a: Smeargle|spa|2\n|-unboost|p2a: Smeargle|spd|1\n|upkeep\n|turn|2\n|\n|t:|1699739420\n|switch|p2a: Im so sorry|Latios, M|100\/100\n|move|p1a: Moltres|Flamethrower|p2a: Im so sorry\n|-resisted|p2a: Im so sorry\n|-damage|p2a: Im so sorry|89\/100\n|-status|p2a: Im so sorry|brn\n|\n|-damage|p2a: Im so sorry|83\/100 brn|[from] brn\n|upkeep\n|turn|3\n|\n|t:|1699739443\n|move|p2a: Im so sorry|Memento|p1a: Moltres\n|-unboost|p1a: Moltres|atk|2\n|-unboost|p1a: Moltres|spa|2\n|faint|p2a: Im so sorry\n|move|p1a: Moltres|Air Slash|p2: Im so sorry|[notarget]\n|-fail|p1a: Moltres\n|\n|upkeep\n|\n|t:|1699739450\n|switch|p2a: Smeargle|Smeargle, F|29\/100\n|turn|4\n|\n|t:|1699739455\n|move|p1a: Moltres|Flamethrower|p2a: Smeargle\n|-damage|p2a: Smeargle|7\/100\n|-status|p2a: Smeargle|brn\n|move|p2a: Smeargle|Spirit Shackle|p1a: Moltres\n|-damage|p1a: Moltres|97\/100\n|-activate|p1a: Moltres|trapped\n|\n|-damage|p2a: Smeargle|0 fnt|[from] brn\n|faint|p2a: Smeargle\n|upkeep\n|\n|t:|1699739468\n|switch|p2a: Im sorry again|Mew|100\/100\n|turn|5\n|\n|t:|1699739483\n|move|p1a: Moltres|Flamethrower|p2a: Im sorry again\n|-damage|p2a: Im sorry again|91\/100\n|move|p2a: Im sorry again|Cosmic Power|p2a: Im sorry again\n|-boost|p2a: Im sorry again|def|1\n|-boost|p2a: Im sorry again|spd|1\n|\n|-sideend|p2: Nimezin|move: Light Screen\n|upkeep\n|turn|6\n|\n|t:|1699739492\n|-terastallize|p2a: Im sorry again|Steel\n|move|p1a: Moltres|Flamethrower|p2a: Im sorry again\n|-supereffective|p2a: Im sorry again\n|-damage|p2a: Im sorry again|66\/100\n|-enditem|p2a: Im sorry again|Weakness Policy\n|-boost|p2a: Im sorry again|atk|2|[from] item: Weakness Policy\n|-boost|p2a: Im sorry again|spa|2|[from] item: Weakness Policy\n|move|p2a: Im sorry again|Agility|p2a: Im sorry again\n|-boost|p2a: Im sorry again|spe|2\n|\n|upkeep\n|turn|7\n|\n|t:|1699739505\n|move|p2a: Im sorry again|Stored Power|p1a: Moltres\n|-damage|p1a: Moltres|0 fnt\n|faint|p1a: Moltres\n|\n|upkeep\n|\n|t:|1699739520\n|switch|p1a: Cinderace|Cinderace, F|100\/100\n|turn|8\n|\n|t:|1699739526\n|move|p2a: Im sorry again|Stored Power|p1a: Cinderace\n|-damage|p1a: Cinderace|0 fnt\n|faint|p1a: Cinderace\n|\n|upkeep\n|\n|t:|1699739534\n|switch|p1a: Arcanine|Arcanine, F|100\/100\n|turn|9\n|\n|t:|1699739542\n|move|p2a: Im sorry again|Stored Power|p1a: Arcanine\n|-damage|p1a: Arcanine|0 fnt\n|faint|p1a: Arcanine\n|\n|upkeep\n|\n|t:|1699739546\n|switch|p1a: Charizard|Charizard, M|100\/100\n|turn|10\n|\n|t:|1699739550\n|detailschange|p1a: Charizard|Charizard-Mega-X, M\n|-mega|p1a: Charizard|Charizard|Charizardite X\n|move|p2a: Im sorry again|Stored Power|p1a: Charizard\n|-damage|p1a: Charizard|0 fnt\n|faint|p1a: Charizard\n|\n|upkeep\n|\n|t:|1699739557\n|switch|p1a: Groudon|Groudon, shiny|100\/100\n|detailschange|p1a: Groudon|Groudon-Primal, shiny\n|-primal|p1a: Groudon|Red Orb\n|-weather|DesolateLand|[from] ability: Desolate Land|[of] p1a: Groudon\n|turn|11\n|\n|t:|1699739565\n|move|p2a: Im sorry again|Stored Power|p1a: Groudon\n|-damage|p1a: Groudon|0 fnt\n|faint|p1a: Groudon\n|-weather|none\n|\n|upkeep\n|\n|t:|1699739570\n|switch|p1a: Ho-Oh|Ho-Oh, shiny|100\/100\n|-ability|p1a: Ho-Oh|Pressure\n|turn|12\n|\n|t:|1699739578\n|move|p2a: Im sorry again|Stored Power|p1a: Ho-Oh\n|-enditem|p1a: Ho-Oh|Focus Sash\n|-damage|p1a: Ho-Oh|1\/100\n|move|p1a: Ho-Oh|Earthquake|p2a: Im sorry again\n|-supereffective|p2a: Im sorry again\n|-damage|p2a: Im sorry again|26\/100\n|\n|upkeep\n|turn|13\n|\n|t:|1699739589\n|-terastallize|p1a: Ho-Oh|Fire\n|move|p2a: Im sorry again|Giga Drain|p1a: Ho-Oh\n|-resisted|p1a: Ho-Oh\n|-damage|p1a: Ho-Oh|0 fnt\n|-heal|p2a: Im sorry again|26\/100|[from] drain|[of] p1a: Ho-Oh\n|faint|p1a: Ho-Oh\n|\n|win|Nimezin\n|raw|khgjooo's rating: 1006 &rarr; <strong>1000<\/strong><br \/>(-6 for losing)\n|raw|Nimezin's rating: 1033 &rarr; <strong>1065<\/strong><br \/>(+32 for winning)\n|l|\u2606khgjooo\n|c|\u2606Nimezin|!help\nCOMMANDS: \/report, \/msg, \/reply, \/logout, \/challenge, \/search, \/rating, \/whois, \/user, \/join, \/leave, \/userauth, \/roomauth\nBATTLE ROOM COMMANDS: \/savereplay, \/hideroom, \/inviteonly, \/invite, \/timer, \/forfeit\nOPTION COMMANDS: \/nick, \/avatar, \/ignore, \/status, \/away, \/busy, \/back, \/timestamps, \/highlight, \/showjoins, \/hidejoins, \/blockchallenges, \/blockpms\nINFORMATIONAL\/RESOURCE COMMANDS: \/groups, \/faq, \/rules, \/intro, \/formatshelp, \/othermetas, \/analysis, \/punishments, \/calc, \/git, \/cap, \/roomhelp, \/roomfaq (replace \/ with ! to broadcast. Broadcasting requires: + % @ # &)\nDATA COMMANDS: \/data, \/dexsearch, \/movesearch, \/itemsearch, \/learn, \/statcalc, \/effectiveness, \/weakness, \/coverage, \/randommove, \/randompokemon (replace \/ with ! to broadcast. Broadcasting requires: + % @ # &)\nFor an overview of room commands, use \/roomhelp\nFor details of a specific command, use something like: \/help data\n","uploadtime":1699740029,"views":4,"p1id":"khgjooo","p2id":"nimezin","formatid":"gen9nationaldexubers","rating":1000,"private":0,"password":""}