{"id":"gen9nationaldexubers-1983463507","p1":"Captain_118","p2":"DrBunns","format":"[Gen 9] National Dex Ubers","log":"|j|\u2606Captain_118\n|j|\u2606DrBunns\n|t:|1699132825\n|gametype|singles\n|player|p1|Captain_118|n|\n|player|p2|DrBunns|swimmer-gen4dp|\n|teamsize|p1|6\n|teamsize|p2|6\n|gen|9\n|tier|[Gen 9] National Dex Ubers\n|rule|HP Percentage Mod: HP is shown in percentages\n|rule|Endless Battle Clause: Forcing endless battles is banned\n|rule|OHKO Clause: OHKO moves are banned\n|rule|Evasion Moves Clause: Evasion moves are banned\n|rule|Evasion Items Clause: Evasion items are banned\n|rule|Species Clause: Limit one of each Pok\u00e9mon\n|rule|Sleep Clause Mod: Limit one foe put to sleep\n|rule|Mega Rayquaza Clause: You cannot mega evolve Rayquaza\n|clearpoke\n|poke|p1|Zamazenta-*|\n|poke|p1|Rotom-Mow|\n|poke|p1|Gallade, M|\n|poke|p1|Diancie|\n|poke|p1|Weavile, M|\n|poke|p1|Empoleon, M|\n|poke|p2|Zapdos-Galar|\n|poke|p2|Cyclizar, M|\n|poke|p2|Gyarados, F|\n|poke|p2|Hatterene, F|\n|poke|p2|Garganacl, F|\n|poke|p2|Swampert, F|\n|teampreview\n|j| dlrrpu\n|j| birdnie\n|j| AndohRuruka\n|c|\u2606Captain_118|guess we wait a lil for spectators?\n|c| birdnie|they might be in the battle nights stream hehehe\n|c|\u2606Captain_118|ah true\n|c|\u2606Captain_118|guess we go\n|\n|t:|1699132963\n|start\n|switch|p1a: Home Sweet Grave|Rotom-Mow|100\/100\n|switch|p2a: Swampert|Swampert, F|100\/100\n|turn|1\n|\n|t:|1699132976\n|switch|p2a: Cyclizar|Cyclizar, M|100\/100\n|move|p1a: Home Sweet Grave|Leaf Storm|p2a: Cyclizar\n|-resisted|p2a: Cyclizar\n|-damage|p2a: Cyclizar|61\/100\n|-unboost|p1a: Home Sweet Grave|spa|2\n|\n|upkeep\n|turn|2\n|\n|t:|1699132983\n|move|p2a: Cyclizar|Shed Tail|p2a: Cyclizar\n|-start|p2a: Cyclizar|Substitute|[from] move: Shed Tail\n|-damage|p2a: Cyclizar|11\/100\n|-enditem|p2a: Cyclizar|Sitrus Berry|[eat]\n|-heal|p2a: Cyclizar|36\/100|[from] item: Sitrus Berry\n|\n|t:|1699132990\n|switch|p2a: Zapdos|Zapdos-Galar|100\/100|[from] Shed Tail\n|move|p1a: Home Sweet Grave|Volt Switch|p2a: Zapdos\n|-supereffective|p2a: Zapdos\n|-end|p2a: Zapdos|Substitute\n|\n|t:|1699132997\n|switch|p1a: Juno|Diancie|100\/100|[from] Volt Switch\n|\n|upkeep\n|turn|3\n|\n|t:|1699133026\n|move|p2a: Zapdos|U-turn|p1a: Juno\n|-resisted|p1a: Juno\n|-damage|p1a: Juno|92\/100\n|\n|t:|1699133030\n|switch|p2a: Swampert|Swampert, F|100\/100|[from] U-turn\n|move|p1a: Juno|Calm Mind|p1a: Juno\n|-boost|p1a: Juno|spa|1\n|-boost|p1a: Juno|spd|1\n|\n|-heal|p1a: Juno|99\/100|[from] item: Leftovers\n|upkeep\n|turn|4\n|\n|t:|1699133062\n|switch|p1a: Home Sweet Grave|Rotom-Mow|100\/100\n|move|p2a: Swampert|Yawn|p1a: Home Sweet Grave\n|-start|p1a: Home Sweet Grave|move: Yawn|[of] p2a: Swampert\n|\n|upkeep\n|turn|5\n|\n|t:|1699133104\n|move|p1a: Home Sweet Grave|Leaf Storm|p2a: Swampert\n|-supereffective|p2a: Swampert\n|-enditem|p2a: Swampert|Rindo Berry|[eat]\n|-enditem|p2a: Swampert|Rindo Berry|[weaken]\n|-damage|p2a: Swampert|0 fnt\n|-unboost|p1a: Home Sweet Grave|spa|2\n|faint|p2a: Swampert\n|\n|-end|p1a: Home Sweet Grave|move: Yawn|[silent]\n|-status|p1a: Home Sweet Grave|slp\n|upkeep\n|\n|t:|1699133120\n|switch|p2a: Cyclizar|Cyclizar, M|69\/100\n|turn|6\n|\n|t:|1699133130\n|switch|p1a: Magnolia \u00c9clair|Empoleon, M|100\/100\n|move|p2a: Cyclizar|Shed Tail|p2a: Cyclizar\n|-start|p2a: Cyclizar|Substitute|[from] move: Shed Tail\n|-damage|p2a: Cyclizar|19\/100\n|\n|t:|1699133137\n|switch|p2a: Zapdos|Zapdos-Galar|100\/100|[from] Shed Tail\n|\n|upkeep\n|turn|7\n|\n|t:|1699133156\n|switch|p1a: Juno|Diancie|99\/100\n|move|p2a: Zapdos|Close Combat|p1a: Juno\n|-damage|p1a: Juno|58\/100\n|-unboost|p2a: Zapdos|def|1\n|-unboost|p2a: Zapdos|spd|1\n|\n|-heal|p1a: Juno|64\/100|[from] item: Leftovers\n|upkeep\n|turn|8\n|\n|t:|1699133168\n|move|p2a: Zapdos|Close Combat|p1a: Juno\n|-damage|p1a: Juno|22\/100\n|-unboost|p2a: Zapdos|def|1\n|-unboost|p2a: Zapdos|spd|1\n|move|p1a: Juno|Draining Kiss|p2a: Zapdos\n|-supereffective|p2a: Zapdos\n|-end|p2a: Zapdos|Substitute\n|-heal|p1a: Juno|43\/100|[from] drain|[of] p2a: Zapdos\n|\n|-heal|p1a: Juno|49\/100|[from] item: Leftovers\n|upkeep\n|turn|9\n|\n|t:|1699133187\n|switch|p2a: Garganacl|Garganacl, F|100\/100\n|move|p1a: Juno|Draining Kiss|p2a: Garganacl\n|-damage|p2a: Garganacl|90\/100\n|-heal|p1a: Juno|60\/100|[from] drain|[of] p2a: Garganacl\n|\n|-heal|p1a: Juno|66\/100|[from] item: Leftovers\n|-heal|p2a: Garganacl|96\/100|[from] item: Leftovers\n|upkeep\n|turn|10\n|\n|t:|1699133197\n|switch|p1a: Magnolia \u00c9clair|Empoleon, M|100\/100\n|move|p2a: Garganacl|Salt Cure|p1a: Magnolia \u00c9clair\n|-resisted|p1a: Magnolia \u00c9clair\n|-damage|p1a: Magnolia \u00c9clair|94\/100\n|\n|-heal|p2a: Garganacl|100\/100|[from] item: Leftovers\n|upkeep\n|turn|11\n|\n|t:|1699133213\n|switch|p2a: Gyarados|Gyarados, F|100\/100\n|-ability|p2a: Gyarados|Intimidate|boost\n|-unboost|p1a: Magnolia \u00c9clair|atk|1\n|-ability|p1a: Magnolia \u00c9clair|Competitive|boost\n|-boost|p1a: Magnolia \u00c9clair|spa|2\n|move|p1a: Magnolia \u00c9clair|Flip Turn|p2a: Gyarados\n|-resisted|p2a: Gyarados\n|-damage|p2a: Gyarados|93\/100\n|\n|t:|1699133255\n|switch|p1a: Day of Judgment|Gallade, M|100\/100|[from] Flip Turn\n|\n|upkeep\n|turn|12\n|\n|t:|1699133268\n|switch|p2a: Hatterene|Hatterene, F|100\/100\n|detailschange|p1a: Day of Judgment|Gallade-Mega, M\n|-mega|p1a: Day of Judgment|Gallade|Galladite\n|move|p1a: Day of Judgment|Sacred Sword|p2a: Hatterene\n|-resisted|p2a: Hatterene\n|-damage|p2a: Hatterene|89\/100\n|\n|upkeep\n|turn|13\n|\n|t:|1699133280\n|switch|p1a: Magnolia \u00c9clair|Empoleon, M|94\/100\n|move|p2a: Hatterene|Future Sight|p1a: Magnolia \u00c9clair\n|-start|p2a: Hatterene|move: Future Sight\n|\n|upkeep\n|turn|14\n|\n|t:|1699133288\n|switch|p2a: Cyclizar|Cyclizar, M|52\/100\n|move|p1a: Magnolia \u00c9clair|Scald|p2a: Cyclizar\n|-resisted|p2a: Cyclizar\n|-damage|p2a: Cyclizar|29\/100\n|-status|p2a: Cyclizar|brn\n|\n|-damage|p2a: Cyclizar|23\/100 brn|[from] brn\n|upkeep\n|turn|15\n|\n|t:|1699133303\n|move|p2a: Cyclizar|Knock Off|p1a: Magnolia \u00c9clair\n|-damage|p1a: Magnolia \u00c9clair|84\/100\n|-enditem|p1a: Magnolia \u00c9clair|Covert Cloak|[from] move: Knock Off|[of] p2a: Cyclizar\n|move|p1a: Magnolia \u00c9clair|Flip Turn|p2a: Cyclizar\n|-resisted|p2a: Cyclizar\n|-damage|p2a: Cyclizar|10\/100 brn\n|\n|t:|1699133320\n|switch|p1a: Drumhead Pulsation|Weavile, M|100\/100|[from] Flip Turn\n|-ability|p1a: Drumhead Pulsation|Pressure\n|\n|-end|p1a: Drumhead Pulsation|move: Future Sight\n|-immune|p1a: Drumhead Pulsation\n|-damage|p2a: Cyclizar|4\/100 brn|[from] brn\n|upkeep\n|turn|16\n|\n|t:|1699133339\n|move|p1a: Drumhead Pulsation|Icicle Crash|p2a: Cyclizar\n|-supereffective|p2a: Cyclizar\n|-damage|p2a: Cyclizar|0 fnt\n|faint|p2a: Cyclizar\n|\n|upkeep\n|\n|t:|1699133367\n|switch|p2a: Garganacl|Garganacl, F|100\/100\n|turn|17\n|\n|t:|1699133374\n|switch|p1a: Day of Judgment|Gallade-Mega, M|100\/100\n|move|p2a: Garganacl|Salt Cure|p1a: Day of Judgment\n|-resisted|p1a: Day of Judgment\n|-damage|p1a: Day of Judgment|91\/100\n|-start|p1a: Day of Judgment|Salt Cure\n|\n|-damage|p1a: Day of Judgment|78\/100|[from] Salt Cure\n|upkeep\n|turn|18\n|\n|t:|1699133385\n|switch|p2a: Hatterene|Hatterene, F|89\/100\n|move|p1a: Day of Judgment|Poison Jab|p2a: Hatterene\n|-supereffective|p2a: Hatterene\n|-damage|p2a: Hatterene|35\/100\n|\n|-damage|p1a: Day of Judgment|66\/100|[from] Salt Cure\n|upkeep\n|turn|19\n|\n|t:|1699133406\n|move|p1a: Day of Judgment|Poison Jab|p2a: Hatterene\n|-supereffective|p2a: Hatterene\n|-damage|p2a: Hatterene|0 fnt\n|faint|p2a: Hatterene\n|\n|-damage|p1a: Day of Judgment|54\/100|[from] Salt Cure\n|upkeep\n|\n|t:|1699133415\n|switch|p2a: Zapdos|Zapdos-Galar|100\/100\n|turn|20\n|\n|t:|1699133431\n|switch|p1a: Magnolia \u00c9clair|Empoleon, M|84\/100\n|move|p2a: Zapdos|Brave Bird|p1a: Magnolia \u00c9clair\n|-resisted|p1a: Magnolia \u00c9clair\n|-damage|p1a: Magnolia \u00c9clair|49\/100\n|-damage|p2a: Zapdos|87\/100|[from] Recoil\n|\n|upkeep\n|turn|21\n|\n|t:|1699133443\n|move|p2a: Zapdos|Brave Bird|p1a: Magnolia \u00c9clair\n|-resisted|p1a: Magnolia \u00c9clair\n|-damage|p1a: Magnolia \u00c9clair|15\/100\n|-damage|p2a: Zapdos|74\/100|[from] Recoil\n|move|p1a: Magnolia \u00c9clair|Roost|p1a: Magnolia \u00c9clair\n|-heal|p1a: Magnolia \u00c9clair|65\/100\n|-singleturn|p1a: Magnolia \u00c9clair|move: Roost\n|\n|upkeep\n|turn|22\n|\n|t:|1699133451\n|switch|p2a: Garganacl|Garganacl, F|100\/100\n|move|p1a: Magnolia \u00c9clair|Flip Turn|p2a: Garganacl\n|-supereffective|p2a: Garganacl\n|-damage|p2a: Garganacl|77\/100\n|\n|t:|1699133463\n|switch|p1a: Day of Judgment|Gallade-Mega, M|54\/100|[from] Flip Turn\n|\n|-heal|p2a: Garganacl|83\/100|[from] item: Leftovers\n|upkeep\n|turn|23\n|\n|t:|1699133478\n|move|p1a: Day of Judgment|Sacred Sword|p2a: Garganacl\n|-supereffective|p2a: Garganacl\n|-damage|p2a: Garganacl|8\/100\n|move|p2a: Garganacl|Salt Cure|p1a: Day of Judgment\n|-resisted|p1a: Day of Judgment\n|-damage|p1a: Day of Judgment|45\/100\n|-start|p1a: Day of Judgment|Salt Cure\n|\n|-heal|p2a: Garganacl|14\/100|[from] item: Leftovers\n|-damage|p1a: Day of Judgment|33\/100|[from] Salt Cure\n|upkeep\n|turn|24\n|\n|t:|1699133491\n|move|p1a: Day of Judgment|Sacred Sword|p2a: Garganacl\n|-supereffective|p2a: Garganacl\n|-damage|p2a: Garganacl|0 fnt\n|faint|p2a: Garganacl\n|\n|-damage|p1a: Day of Judgment|21\/100|[from] Salt Cure\n|upkeep\n|\n|t:|1699133497\n|switch|p2a: Zapdos|Zapdos-Galar|74\/100\n|turn|25\n|\n|t:|1699133503\n|switch|p1a: Juno|Diancie|66\/100\n|move|p2a: Zapdos|Brave Bird|p1a: Juno\n|-resisted|p1a: Juno\n|-damage|p1a: Juno|46\/100\n|-damage|p2a: Zapdos|68\/100|[from] Recoil\n|\n|-heal|p1a: Juno|52\/100|[from] item: Leftovers\n|upkeep\n|turn|26\n|\n|t:|1699133512\n|switch|p2a: Gyarados|Gyarados, F|93\/100\n|-ability|p2a: Gyarados|Intimidate|boost\n|-fail|p1a: Juno|unboost|[from] ability: Clear Body|[of] p1a: Juno\n|move|p1a: Juno|Draining Kiss|p2a: Gyarados\n|-damage|p2a: Gyarados|75\/100\n|-heal|p1a: Juno|68\/100|[from] drain|[of] p2a: Gyarados\n|\n|-heal|p1a: Juno|74\/100|[from] item: Leftovers\n|upkeep\n|turn|27\n|\n|t:|1699133555\n|detailschange|p2a: Gyarados|Gyarados-Mega, F\n|-mega|p2a: Gyarados|Gyarados|Gyaradosite\n|-ability|p2a: Gyarados|Mold Breaker\n|move|p2a: Gyarados|Earthquake|p1a: Juno\n|-supereffective|p1a: Juno\n|-damage|p1a: Juno|23\/100\n|move|p1a: Juno|Draining Kiss|p2a: Gyarados\n|-supereffective|p2a: Gyarados\n|-damage|p2a: Gyarados|47\/100\n|-heal|p1a: Juno|45\/100|[from] drain|[of] p2a: Gyarados\n|\n|-heal|p1a: Juno|51\/100|[from] item: Leftovers\n|upkeep\n|turn|28\n|\n|t:|1699133572\n|move|p2a: Gyarados|Dragon Dance|p2a: Gyarados\n|-boost|p2a: Gyarados|atk|1\n|-boost|p2a: Gyarados|spe|1\n|move|p1a: Juno|Draining Kiss|p2a: Gyarados\n|-supereffective|p2a: Gyarados\n|-damage|p2a: Gyarados|16\/100\n|-heal|p1a: Juno|77\/100|[from] drain|[of] p2a: Gyarados\n|\n|-heal|p1a: Juno|83\/100|[from] item: Leftovers\n|upkeep\n|turn|29\n|\n|t:|1699133597\n|move|p2a: Gyarados|Waterfall|p1a: Juno\n|-supereffective|p1a: Juno\n|-damage|p1a: Juno|3\/100\n|move|p1a: Juno|Draining Kiss|p2a: Gyarados\n|-supereffective|p2a: Gyarados\n|-damage|p2a: Gyarados|0 fnt\n|-heal|p1a: Juno|16\/100|[from] drain|[of] p2a: Gyarados\n|faint|p2a: Gyarados\n|\n|-heal|p1a: Juno|23\/100|[from] item: Leftovers\n|upkeep\n|\n|t:|1699133606\n|switch|p2a: Zapdos|Zapdos-Galar|68\/100\n|turn|30\n|\n|t:|1699133619\n|move|p1a: Juno|Protect|p1a: Juno\n|-singleturn|p1a: Juno|Protect\n|move|p2a: Zapdos|Close Combat|p1a: Juno\n|-activate|p1a: Juno|move: Protect\n|\n|-heal|p1a: Juno|29\/100|[from] item: Leftovers\n|upkeep\n|turn|31\n|\n|t:|1699133626\n|switch|p1a: Find Your One Way|Zamazenta|100\/100\n|-ability|p1a: Find Your One Way|Dauntless Shield|boost\n|-boost|p1a: Find Your One Way|def|1\n|move|p2a: Zapdos|Close Combat|p1a: Find Your One Way\n|-damage|p1a: Find Your One Way|62\/100\n|-unboost|p2a: Zapdos|def|1\n|-unboost|p2a: Zapdos|spd|1\n|\n|upkeep\n|turn|32\n|\n|t:|1699133634\n|move|p1a: Find Your One Way|Psychic Fangs|p2a: Zapdos\n|-supereffective|p2a: Zapdos\n|-crit|p2a: Zapdos\n|-damage|p2a: Zapdos|0 fnt\n|faint|p2a: Zapdos\n|\n|win|Captain_118\n|c|\u2606Captain_118|gg bro\n|c|\u2606DrBunns|dam gg\n|l| dlrrpu\n|l| AndohRuruka\n|l|\u2606DrBunns\n","uploadtime":1699133650,"views":37,"p1id":"captain118","p2id":"drbunns","formatid":"gen9nationaldexubers","rating":0,"private":0,"password":""}