{"id":"gen9nationaldexubers-1985347749","p1":"MintyRevnant","p2":"Careca Safadinha","format":"[Gen 9] National Dex Ubers","log":"|j|\u2606MintyRevnant\n|j|\u2606Careca Safadinha\n|t:|1699366882\n|gametype|singles\n|player|p1|MintyRevnant|beauty-gen4dp|1003\n|player|p2|Careca Safadinha|266|1068\n|teamsize|p1|6\n|teamsize|p2|6\n|gen|9\n|tier|[Gen 9] National Dex Ubers\n|rated|\n|rule|HP Percentage Mod: HP is shown in percentages\n|rule|Endless Battle Clause: Forcing endless battles is banned\n|rule|OHKO Clause: OHKO moves are banned\n|rule|Evasion Moves Clause: Evasion moves are banned\n|rule|Evasion Items Clause: Evasion items are banned\n|rule|Species Clause: Limit one of each Pok\u00e9mon\n|rule|Sleep Clause Mod: Limit one foe put to sleep\n|rule|Mega Rayquaza Clause: You cannot mega evolve Rayquaza\n|clearpoke\n|poke|p1|Grimmsnarl, M|\n|poke|p1|Iron Valiant|\n|poke|p1|Gardevoir, F|\n|poke|p1|Whimsicott, M|\n|poke|p1|Hatterene, F|\n|poke|p1|Dachsbun, F|\n|poke|p2|Breloom, F|\n|poke|p2|Eiscue, M|\n|poke|p2|Skeledirge, F|\n|poke|p2|Shuckle, M|\n|poke|p2|Kommo-o, F|\n|poke|p2|Gyarados, F|\n|teampreview\n|\n|t:|1699366892\n|start\n|switch|p1a: Whimsicott|Whimsicott, M, shiny|100\/100\n|switch|p2a: Shuckle|Shuckle, M|100\/100\n|turn|1\n|\n|t:|1699366904\n|move|p1a: Whimsicott|Giga Drain|p2a: Shuckle\n|-damage|p2a: Shuckle|87\/100\n|move|p2a: Shuckle|Encore|p1a: Whimsicott\n|-start|p1a: Whimsicott|Encore\n|\n|upkeep\n|turn|2\n|\n|t:|1699366912\n|move|p1a: Whimsicott|Giga Drain|p2a: Shuckle\n|-damage|p2a: Shuckle|73\/100\n|move|p2a: Shuckle|Sticky Web|p1a: Whimsicott\n|-sidestart|p1: MintyRevnant|move: Sticky Web\n|\n|upkeep\n|turn|3\n|\n|t:|1699366918\n|switch|p2a: Skeledirge|Skeledirge, F|100\/100\n|move|p1a: Whimsicott|Giga Drain|p2a: Skeledirge\n|-resisted|p2a: Skeledirge\n|-damage|p2a: Skeledirge|87\/100\n|\n|upkeep\n|turn|4\n|\n|t:|1699366925\n|move|p1a: Whimsicott|Giga Drain|p2a: Skeledirge\n|-resisted|p2a: Skeledirge\n|-damage|p2a: Skeledirge|74\/100\n|move|p2a: Skeledirge|Torch Song|p1a: Whimsicott\n|-supereffective|p1a: Whimsicott\n|-damage|p1a: Whimsicott|0 fnt\n|-boost|p2a: Skeledirge|spa|1\n|faint|p1a: Whimsicott\n|\n|upkeep\n|\n|t:|1699366937\n|switch|p1a: Dachsbun|Dachsbun, F, shiny|100\/100\n|-activate|p1a: Dachsbun|move: Sticky Web\n|-unboost|p1a: Dachsbun|spe|1\n|turn|5\n|\n|t:|1699366943\n|move|p1a: Dachsbun|Body Press|p2a: Skeledirge\n|-immune|p2a: Skeledirge\n|move|p2a: Skeledirge|Torch Song|p1a: Dachsbun\n|-ability|p1a: Dachsbun|Well-Baked Body|boost\n|-boost|p1a: Dachsbun|def|2\n|\n|upkeep\n|turn|6\n|\n|t:|1699366955\n|switch|p1a: Grimmsnarl|Grimmsnarl, M, shiny|100\/100\n|-activate|p1a: Grimmsnarl|move: Sticky Web\n|-unboost|p1a: Grimmsnarl|spe|1\n|-item|p2a: Skeledirge|Heavy-Duty Boots|[from] ability: Frisk|[of] p1a: Grimmsnarl|[identify]\n|move|p2a: Skeledirge|Will-O-Wisp|p1a: Grimmsnarl\n|-status|p1a: Grimmsnarl|brn\n|\n|-damage|p1a: Grimmsnarl|94\/100 brn|[from] brn\n|upkeep\n|turn|7\n|\n|t:|1699366970\n|move|p2a: Skeledirge|Torch Song|p1a: Grimmsnarl\n|-damage|p1a: Grimmsnarl|33\/100 brn\n|-boost|p2a: Skeledirge|spa|1\n|move|p1a: Grimmsnarl|Play Rough|p2a: Skeledirge\n|-resisted|p2a: Skeledirge\n|-damage|p2a: Skeledirge|66\/100\n|\n|-damage|p1a: Grimmsnarl|27\/100 brn|[from] brn\n|upkeep\n|turn|8\n|\n|t:|1699366983\n|move|p2a: Skeledirge|Slack Off|p2a: Skeledirge\n|-heal|p2a: Skeledirge|100\/100\n|move|p1a: Grimmsnarl|Draining Kiss|p2a: Skeledirge\n|-resisted|p2a: Skeledirge\n|-damage|p2a: Skeledirge|93\/100\n|-heal|p1a: Grimmsnarl|33\/100 brn|[from] drain|[of] p2a: Skeledirge\n|\n|-damage|p1a: Grimmsnarl|27\/100 brn|[from] brn\n|upkeep\n|turn|9\n|\n|t:|1699366993\n|switch|p1a: Dachsbun|Dachsbun, F, shiny|100\/100\n|-activate|p1a: Dachsbun|move: Sticky Web\n|-unboost|p1a: Dachsbun|spe|1\n|move|p2a: Skeledirge|Torch Song|p1a: Dachsbun\n|-ability|p1a: Dachsbun|Well-Baked Body|boost\n|-boost|p1a: Dachsbun|def|2\n|\n|upkeep\n|turn|10\n|\n|t:|1699367005\n|move|p1a: Dachsbun|Psychic Fangs|p2a: Skeledirge\n|-damage|p2a: Skeledirge|76\/100\n|move|p2a: Skeledirge|Torch Song|p1a: Dachsbun\n|-ability|p1a: Dachsbun|Well-Baked Body|boost\n|-boost|p1a: Dachsbun|def|2\n|\n|upkeep\n|turn|11\n|\n|t:|1699367013\n|move|p1a: Dachsbun|Psychic Fangs|p2a: Skeledirge\n|-crit|p2a: Skeledirge\n|-damage|p2a: Skeledirge|47\/100\n|move|p2a: Skeledirge|Will-O-Wisp|p1a: Dachsbun\n|-ability|p1a: Dachsbun|Well-Baked Body|boost\n|-boost|p1a: Dachsbun|def|2\n|\n|upkeep\n|turn|12\n|\n|t:|1699367021\n|move|p1a: Dachsbun|Psychic Fangs|p2a: Skeledirge\n|-damage|p2a: Skeledirge|29\/100\n|move|p2a: Skeledirge|Slack Off|p2a: Skeledirge\n|-heal|p2a: Skeledirge|79\/100\n|\n|upkeep\n|turn|13\n|\n|t:|1699367027\n|move|p1a: Dachsbun|Psychic Fangs|p2a: Skeledirge\n|-damage|p2a: Skeledirge|61\/100\n|move|p2a: Skeledirge|Hex|p1a: Dachsbun\n|-damage|p1a: Dachsbun|0 fnt\n|faint|p1a: Dachsbun\n|\n|upkeep\n|\n|t:|1699367035\n|switch|p1a: Nerd|Iron Valiant, shiny|100\/100\n|-activate|p1a: Nerd|move: Sticky Web\n|-unboost|p1a: Nerd|spe|1\n|-enditem|p1a: Nerd|Booster Energy\n|-activate|p1a: Nerd|ability: Quark Drive|[fromitem]\n|-start|p1a: Nerd|quarkdriveatk\n|turn|14\n|\n|t:|1699367045\n|move|p1a: Nerd|Close Combat|p2a: Skeledirge\n|-immune|p2a: Skeledirge\n|move|p2a: Skeledirge|Torch Song|p1a: Nerd\n|-damage|p1a: Nerd|0 fnt\n|-boost|p2a: Skeledirge|spa|1\n|faint|p1a: Nerd\n|-end|p1a: Nerd|Quark Drive|[silent]\n|\n|upkeep\n|\n|t:|1699367055\n|switch|p1a: Gardevoir|Gardevoir, F, shiny|100\/100\n|-activate|p1a: Gardevoir|move: Sticky Web\n|-unboost|p1a: Gardevoir|spe|1\n|turn|15\n|\n|t:|1699367063\n|detailschange|p1a: Gardevoir|Gardevoir-Mega, F, shiny\n|-mega|p1a: Gardevoir|Gardevoir|Gardevoirite\n|move|p1a: Gardevoir|Hyper Voice|p2a: Skeledirge\n|-resisted|p2a: Skeledirge\n|-damage|p2a: Skeledirge|25\/100\n|move|p2a: Skeledirge|Torch Song|p1a: Gardevoir\n|-damage|p1a: Gardevoir|5\/100\n|-boost|p2a: Skeledirge|spa|1\n|\n|upkeep\n|turn|16\n|\n|t:|1699367072\n|move|p1a: Gardevoir|Hyper Voice|p2a: Skeledirge\n|-resisted|p2a: Skeledirge\n|-damage|p2a: Skeledirge|0 fnt\n|faint|p2a: Skeledirge\n|\n|upkeep\n|\n|t:|1699367079\n|switch|p2a: Shuckle|Shuckle, M|73\/100\n|turn|17\n|\n|t:|1699367083\n|move|p1a: Gardevoir|Hyper Voice|p2a: Shuckle\n|-damage|p2a: Shuckle|37\/100\n|move|p2a: Shuckle|Encore|p1a: Gardevoir\n|-start|p1a: Gardevoir|Encore\n|\n|upkeep\n|turn|18\n|\n|t:|1699367092\n|move|p1a: Gardevoir|Hyper Voice|p2a: Shuckle\n|-damage|p2a: Shuckle|0 fnt\n|faint|p2a: Shuckle\n|\n|upkeep\n|\n|t:|1699367110\n|switch|p2a: Gyarados|Gyarados, F|100\/100\n|-ability|p2a: Gyarados|Intimidate|boost\n|-unboost|p1a: Gardevoir|atk|1\n|turn|19\n|\n|t:|1699367115\n|move|p2a: Gyarados|Dragon Dance|p2a: Gyarados\n|-boost|p2a: Gyarados|atk|1\n|-boost|p2a: Gyarados|spe|1\n|move|p1a: Gardevoir|Hyper Voice|p2a: Gyarados\n|-damage|p2a: Gyarados|37\/100\n|\n|upkeep\n|turn|20\n|\n|t:|1699367128\n|detailschange|p2a: Gyarados|Gyarados-Mega, F\n|-mega|p2a: Gyarados|Gyarados|Gyaradosite\n|-ability|p2a: Gyarados|Mold Breaker\n|move|p2a: Gyarados|Crunch|p1a: Gardevoir\n|-damage|p1a: Gardevoir|0 fnt\n|faint|p1a: Gardevoir\n|\n|upkeep\n|\n|t:|1699367136\n|switch|p1a: Grimmsnarl|Grimmsnarl, M, shiny|27\/100 brn\n|-activate|p1a: Grimmsnarl|move: Sticky Web\n|-unboost|p1a: Grimmsnarl|spe|1\n|-item|p2a: Gyarados|Gyaradosite|[from] ability: Frisk|[of] p1a: Grimmsnarl|[identify]\n|turn|21\n|\n|t:|1699367145\n|move|p2a: Gyarados|Waterfall|p1a: Grimmsnarl\n|-damage|p1a: Grimmsnarl|0 fnt\n|faint|p1a: Grimmsnarl\n|\n|upkeep\n|\n|t:|1699367150\n|switch|p1a: Hatterene|Hatterene, F, shiny|100\/100\n|-activate|p1a: Hatterene|move: Sticky Web\n|-unboost|p1a: Hatterene|spe|1\n|turn|22\n|\n|t:|1699367156\n|move|p2a: Gyarados|Crunch|p1a: Hatterene\n|-damage|p1a: Hatterene|25\/100\n|-unboost|p1a: Hatterene|def|1\n|move|p1a: Hatterene|Dazzling Gleam|p2a: Gyarados\n|-supereffective|p2a: Gyarados\n|-damage|p2a: Gyarados|0 fnt\n|faint|p2a: Gyarados\n|\n|-heal|p1a: Hatterene|31\/100|[from] item: Leftovers\n|upkeep\n|\n|t:|1699367167\n|switch|p2a: Breloom|Breloom, F|100\/100\n|turn|23\n|\n|t:|1699367171\n|move|p2a: Breloom|Spore|p1a: Hatterene\n|move|p1a: Hatterene|Spore|p2a: Breloom|[from]ability: Magic Bounce\n|-immune|p2a: Breloom\n|move|p1a: Hatterene|Mystical Fire|p2a: Breloom\n|-supereffective|p2a: Breloom\n|-damage|p2a: Breloom|13\/100\n|-unboost|p2a: Breloom|spa|1\n|\n|-heal|p1a: Hatterene|37\/100|[from] item: Leftovers\n|-status|p2a: Breloom|tox|[from] item: Toxic Orb\n|upkeep\n|turn|24\n|\n|t:|1699367186\n|move|p2a: Breloom|Leech Seed|p1a: Hatterene\n|move|p1a: Hatterene|Leech Seed|p2a: Breloom|[from]ability: Magic Bounce\n|-immune|p2a: Breloom\n|move|p1a: Hatterene|Psyshock|p2a: Breloom\n|-supereffective|p2a: Breloom\n|-damage|p2a: Breloom|0 fnt\n|faint|p2a: Breloom\n|\n|-heal|p1a: Hatterene|43\/100|[from] item: Leftovers\n|upkeep\n|\n|t:|1699367197\n|switch|p2a: Kommo-o|Kommo-o, F|100\/100\n|turn|25\n|\n|t:|1699367206\n|-terastallize|p2a: Kommo-o|Normal\n|move|p2a: Kommo-o|Substitute|p2a: Kommo-o\n|-start|p2a: Kommo-o|Substitute\n|-damage|p2a: Kommo-o|76\/100\n|move|p1a: Hatterene|Dazzling Gleam|p2a: Kommo-o\n|-end|p2a: Kommo-o|Substitute\n|\n|-heal|p2a: Kommo-o|82\/100|[from] item: Leftovers\n|-heal|p1a: Hatterene|49\/100|[from] item: Leftovers\n|upkeep\n|turn|26\n|\n|t:|1699367218\n|move|p2a: Kommo-o|Iron Defense|p2a: Kommo-o\n|-boost|p2a: Kommo-o|def|2\n|move|p1a: Hatterene|Dazzling Gleam|p2a: Kommo-o\n|-damage|p2a: Kommo-o|40\/100\n|\n|-heal|p2a: Kommo-o|47\/100|[from] item: Leftovers\n|-heal|p1a: Hatterene|55\/100|[from] item: Leftovers\n|upkeep\n|turn|27\n|\n|t:|1699367229\n|move|p2a: Kommo-o|Body Press|p1a: Hatterene\n|-resisted|p1a: Hatterene\n|-damage|p1a: Hatterene|23\/100\n|move|p1a: Hatterene|Dazzling Gleam|p2a: Kommo-o\n|-crit|p2a: Kommo-o\n|-damage|p2a: Kommo-o|0 fnt\n|faint|p2a: Kommo-o\n|\n|-heal|p1a: Hatterene|28\/100|[from] item: Leftovers\n|upkeep\n|\n|t:|1699367238\n|switch|p2a: Eiscue|Eiscue, M|100\/100\n|turn|28\n|\n|t:|1699367245\n|move|p2a: Eiscue|Belly Drum|p2a: Eiscue\n|-damage|p2a: Eiscue|50\/100\n|-setboost|p2a: Eiscue|atk|6|[from] move: Belly Drum\n|move|p1a: Hatterene|Mystical Fire|p2a: Eiscue\n|-supereffective|p2a: Eiscue\n|-damage|p2a: Eiscue|0 fnt\n|faint|p2a: Eiscue\n|\n|win|MintyRevnant\n|raw|MintyRevnant's rating: 1003 &rarr; <strong>1050<\/strong><br \/>(+47 for winning)\n|raw|Careca Safadinha's rating: 1068 &rarr; <strong>1044<\/strong><br \/>(-24 for losing)\n|l|\u2606Careca Safadinha\n|c|\u2606MintyRevnant|Gg\n","uploadtime":1699367260,"views":10,"p1id":"mintyrevnant","p2id":"carecasafadinha","formatid":"gen9nationaldexubers","rating":1044,"private":0,"password":""}