{"id":"gen9nationaldexubers-1983506730","p1":"aguinaldo124","p2":"JordanNg","format":"[Gen 9] National Dex Ubers","log":"|j|\u2606aguinaldo124\n|j|\u2606JordanNg\n|t:|1699137547\n|gametype|singles\n|player|p1|aguinaldo124|bruno|1104\n|player|p2|JordanNg|170|1026\n|teamsize|p1|6\n|teamsize|p2|6\n|gen|9\n|tier|[Gen 9] National Dex Ubers\n|rated|\n|rule|HP Percentage Mod: HP is shown in percentages\n|rule|Endless Battle Clause: Forcing endless battles is banned\n|rule|OHKO Clause: OHKO moves are banned\n|rule|Evasion Moves Clause: Evasion moves are banned\n|rule|Evasion Items Clause: Evasion items are banned\n|rule|Species Clause: Limit one of each Pok\u00e9mon\n|rule|Sleep Clause Mod: Limit one foe put to sleep\n|rule|Mega Rayquaza Clause: You cannot mega evolve Rayquaza\n|clearpoke\n|poke|p1|Decidueye, M|\n|poke|p1|Salazzle, F|\n|poke|p1|Scyther, M|\n|poke|p1|Hariyama, M|\n|poke|p1|Lycanroc, F|\n|poke|p1|Tatsugiri, M|\n|poke|p2|Hippowdon, F|\n|poke|p2|Excadrill, F|\n|poke|p2|Tyranitar, M|\n|poke|p2|Scizor, M|\n|poke|p2|Dracozolt|\n|poke|p2|Dracovish|\n|teampreview\n|inactive|Battle timer is ON: inactive players will automatically lose when time's up. (requested by aguinaldo124)\n|\n|t:|1699137560\n|start\n|switch|p1a: Lycanroc|Lycanroc, F|100\/100\n|switch|p2a: Tyranitar|Tyranitar, M|100\/100\n|-weather|Sandstorm|[from] ability: Sand Stream|[of] p2a: Tyranitar\n|turn|1\n|\n|t:|1699137570\n|move|p1a: Lycanroc|Taunt|p2a: Tyranitar\n|-start|p2a: Tyranitar|move: Taunt\n|cant|p2a: Tyranitar|move: Taunt|Stealth Rock\n|\n|-weather|Sandstorm|[upkeep]\n|upkeep\n|turn|2\n|\n|t:|1699137578\n|detailschange|p2a: Tyranitar|Tyranitar-Mega, M\n|-mega|p2a: Tyranitar|Tyranitar|Tyranitarite\n|move|p1a: Lycanroc|Stealth Rock|p2a: Tyranitar\n|-sidestart|p2: JordanNg|move: Stealth Rock\n|move|p2a: Tyranitar|Crunch|p1a: Lycanroc\n|-damage|p1a: Lycanroc|7\/100\n|\n|-weather|Sandstorm|[upkeep]\n|upkeep\n|turn|3\n|\n|t:|1699137587\n|move|p1a: Lycanroc|Endeavor|p2a: Tyranitar\n|-damage|p2a: Tyranitar|6\/100\n|move|p2a: Tyranitar|Crunch|p1a: Lycanroc\n|-damage|p1a: Lycanroc|0 fnt\n|faint|p1a: Lycanroc\n|\n|-weather|Sandstorm|[upkeep]\n|-end|p2a: Tyranitar|move: Taunt\n|upkeep\n|\n|t:|1699137607\n|switch|p1a: Tatsugiri|Tatsugiri, M|100\/100\n|turn|4\n|j| Ds_Moon\n|\n|t:|1699137618\n|switch|p2a: Excadrill|Excadrill, F|100\/100\n|-damage|p2a: Excadrill|97\/100|[from] Stealth Rock\n|move|p1a: Tatsugiri|Surf|p2a: Excadrill\n|-supereffective|p2a: Excadrill\n|-damage|p2a: Excadrill|0 fnt\n|faint|p2a: Excadrill\n|\n|-weather|Sandstorm|[upkeep]\n|-damage|p1a: Tatsugiri|94\/100|[from] Sandstorm\n|-heal|p1a: Tatsugiri|100\/100|[from] item: Leftovers\n|upkeep\n|\n|t:|1699137628\n|switch|p2a: Scizor|Scizor, M|100\/100\n|turn|5\n|\n|t:|1699137647\n|move|p1a: Tatsugiri|Surf|p2a: Scizor\n|-damage|p2a: Scizor|43\/100\n|move|p2a: Scizor|Swords Dance|p2a: Scizor\n|-boost|p2a: Scizor|atk|2\n|\n|-weather|none\n|upkeep\n|turn|6\n|\n|t:|1699137657\n|move|p1a: Tatsugiri|Surf|p2a: Scizor\n|-damage|p2a: Scizor|0 fnt\n|faint|p2a: Scizor\n|\n|upkeep\n|\n|t:|1699137662\n|switch|p2a: Tyranitar|Tyranitar-Mega, M|6\/100\n|-damage|p2a: Tyranitar|0 fnt|[from] Stealth Rock\n|faint|p2a: Tyranitar\n|\n|t:|1699137665\n|switch|p2a: Hippowdon|Hippowdon, F|100\/100\n|-damage|p2a: Hippowdon|94\/100|[from] Stealth Rock\n|-weather|Sandstorm|[from] ability: Sand Stream|[of] p2a: Hippowdon\n|turn|7\n|\n|t:|1699137672\n|move|p1a: Tatsugiri|Surf|p2a: Hippowdon\n|-supereffective|p2a: Hippowdon\n|-damage|p2a: Hippowdon|25\/100\n|move|p2a: Hippowdon|Whirlwind|p1a: Tatsugiri\n|drag|p1a: Decidueye|Decidueye, M|100\/100\n|\n|-weather|Sandstorm|[upkeep]\n|-damage|p1a: Decidueye|95\/100|[from] Sandstorm\n|-heal|p2a: Hippowdon|31\/100|[from] item: Leftovers\n|upkeep\n|turn|8\n|\n|t:|1699137685\n|switch|p2a: Dracozolt|Dracozolt|100\/100\n|-damage|p2a: Dracozolt|88\/100|[from] Stealth Rock\n|move|p1a: Decidueye|Leaf Blade|p2a: Dracozolt\n|-resisted|p2a: Dracozolt\n|-damage|p2a: Dracozolt|58\/100\n|\n|-weather|Sandstorm|[upkeep]\n|-damage|p1a: Decidueye|89\/100|[from] Sandstorm\n|upkeep\n|turn|9\n|\n|t:|1699137700\n|move|p2a: Dracozolt|Substitute|p2a: Dracozolt\n|-start|p2a: Dracozolt|Substitute\n|-damage|p2a: Dracozolt|33\/100\n|move|p1a: Decidueye|Swords Dance|p1a: Decidueye\n|-boost|p1a: Decidueye|atk|2\n|\n|-weather|Sandstorm|[upkeep]\n|-damage|p1a: Decidueye|83\/100|[from] Sandstorm\n|upkeep\n|turn|10\n|\n|t:|1699137709\n|move|p1a: Decidueye|Shadow Sneak|p2a: Dracozolt\n|-end|p2a: Dracozolt|Substitute\n|move|p2a: Dracozolt|Bolt Beak|p1a: Decidueye\n|-resisted|p1a: Decidueye\n|-damage|p1a: Decidueye|47\/100\n|-damage|p2a: Dracozolt|23\/100|[from] item: Life Orb\n|\n|-weather|Sandstorm|[upkeep]\n|-damage|p1a: Decidueye|41\/100|[from] Sandstorm\n|upkeep\n|turn|11\n|\n|t:|1699137720\n|move|p1a: Decidueye|Shadow Sneak|p2a: Dracozolt\n|-damage|p2a: Dracozolt|0 fnt\n|faint|p2a: Dracozolt\n|\n|-weather|none\n|upkeep\n|\n|t:|1699137724\n|switch|p2a: Dracovish|Dracovish|100\/100\n|-damage|p2a: Dracovish|88\/100|[from] Stealth Rock\n|turn|12\n|\n|t:|1699137737\n|move|p1a: Decidueye|Shadow Sneak|p2a: Dracovish\n|-damage|p2a: Dracovish|34\/100\n|move|p2a: Dracovish|Fishious Rend|p1a: Decidueye\n|-resisted|p1a: Decidueye\n|-crit|p1a: Decidueye\n|-damage|p1a: Decidueye|0 fnt\n|faint|p1a: Decidueye\n|\n|upkeep\n|\n|t:|1699137746\n|switch|p1a: Tatsugiri|Tatsugiri, M|100\/100\n|turn|13\n|c|\u2606aguinaldo124|Gg\n|\n|t:|1699137755\n|-terastallize|p2a: Dracovish|Water\n|move|p1a: Tatsugiri|Draco Meteor|p2a: Dracovish\n|-damage|p2a: Dracovish|0 fnt\n|-unboost|p1a: Tatsugiri|spa|2\n|faint|p2a: Dracovish\n|\n|upkeep\n|\n|t:|1699137762\n|switch|p2a: Hippowdon|Hippowdon, F|31\/100\n|-damage|p2a: Hippowdon|25\/100|[from] Stealth Rock\n|-weather|Sandstorm|[from] ability: Sand Stream|[of] p2a: Hippowdon\n|turn|14\n|-message|JordanNg forfeited.\n|\n|win|aguinaldo124\n|raw|aguinaldo124's rating: 1104 &rarr; <strong>1123<\/strong><br \/>(+19 for winning)\n|raw|JordanNg's rating: 1026 &rarr; <strong>1015<\/strong><br \/>(-11 for losing)\n|l|\u2606JordanNg\n|c|\u2606aguinaldo124|Wp\n|l| Ds_Moon\n","uploadtime":1699137784,"views":8,"p1id":"aguinaldo124","p2id":"jordanng","formatid":"gen9nationaldexubers","rating":1015,"private":0,"password":""}