{"id":"gen9nationaldexubers-1991148786","p1":"Jarak","p2":"Void Puppeteer","format":"[Gen 9] National Dex Ubers","log":"|j|\u2606Jarak\n|j|\u2606Void Puppeteer\n|t:|1700050263\n|gametype|singles\n|player|p1|Jarak|veteran|1129\n|player|p2|Void Puppeteer|colress|1100\n|teamsize|p1|6\n|teamsize|p2|6\n|gen|9\n|tier|[Gen 9] National Dex Ubers\n|rated|\n|rule|HP Percentage Mod: HP is shown in percentages\n|rule|Endless Battle Clause: Forcing endless battles is banned\n|rule|OHKO Clause: OHKO moves are banned\n|rule|Evasion Moves Clause: Evasion moves are banned\n|rule|Evasion Items Clause: Evasion items are banned\n|rule|Species Clause: Limit one of each Pok\u00e9mon\n|rule|Sleep Clause Mod: Limit one foe put to sleep\n|rule|Mega Rayquaza Clause: You cannot mega evolve Rayquaza\n|clearpoke\n|poke|p1|Tyranitar, M|\n|poke|p1|Nidoking, M|\n|poke|p1|Metagross|\n|poke|p1|Gliscor, M|\n|poke|p1|Starmie|\n|poke|p1|Hoopa-Unbound|\n|poke|p2|Gliscor, F|\n|poke|p2|Golurk|\n|poke|p2|Nidoking, M|\n|poke|p2|Claydol|\n|poke|p2|Steelix, M|\n|poke|p2|Groudon|\n|teampreview\n|\n|t:|1700050272\n|start\n|switch|p1a: Gliscor|Gliscor, M|100\/100\n|switch|p2a: Gliscor|Gliscor, F|100\/100\n|turn|1\n|\n|t:|1700050298\n|switch|p1a: Nidoking|Nidoking, M|100\/100\n|move|p2a: Gliscor|Roost||[still]\n|-fail|p2a: Gliscor|heal\n|\n|-status|p2a: Gliscor|tox|[from] item: Toxic Orb\n|upkeep\n|turn|2\n|\n|t:|1700050309\n|move|p1a: Nidoking|Ice Beam|p2a: Gliscor\n|-supereffective|p2a: Gliscor\n|-damage|p2a: Gliscor|0 fnt\n|faint|p2a: Gliscor\n|\n|upkeep\n|\n|t:|1700050315\n|switch|p2a: Claydol|Claydol|100\/100\n|turn|3\n|\n|t:|1700050327\n|move|p1a: Nidoking|Ice Beam|p2a: Claydol\n|-supereffective|p2a: Claydol\n|-damage|p2a: Claydol|41\/100\n|move|p2a: Claydol|Trick Room|p2a: Claydol\n|-fieldstart|move: Trick Room|[of] p2a: Claydol\n|\n|upkeep\n|turn|4\n|\n|t:|1700050333\n|move|p2a: Claydol|Earthquake|p1a: Nidoking\n|-supereffective|p1a: Nidoking\n|-damage|p1a: Nidoking|1\/100\n|move|p1a: Nidoking|Ice Beam|p2a: Claydol\n|-supereffective|p2a: Claydol\n|-damage|p2a: Claydol|0 fnt\n|faint|p2a: Claydol\n|\n|upkeep\n|\n|t:|1700050342\n|switch|p2a: Nidoking|Nidoking, M|100\/100\n|turn|5\n|\n|t:|1700050355\n|move|p2a: Nidoking|Earth Power|p1a: Nidoking\n|-supereffective|p1a: Nidoking\n|-damage|p1a: Nidoking|0 fnt\n|faint|p1a: Nidoking\n|\n|upkeep\n|\n|t:|1700050367\n|switch|p1a: Starmie|Starmie|100\/100\n|turn|6\n|inactive|Battle timer is ON: inactive players will automatically lose when time's up. (requested by Void Puppeteer)\n|\n|t:|1700050381\n|move|p2a: Nidoking|Amnesia|p2a: Nidoking\n|-boost|p2a: Nidoking|spd|2\n|move|p1a: Starmie|Cosmic Power|p1a: Starmie\n|-boost|p1a: Starmie|def|1\n|-boost|p1a: Starmie|spd|1\n|\n|upkeep\n|turn|7\n|\n|t:|1700050387\n|move|p2a: Nidoking|Amnesia|p2a: Nidoking\n|-boost|p2a: Nidoking|spd|2\n|move|p1a: Starmie|Cosmic Power|p1a: Starmie\n|-boost|p1a: Starmie|def|1\n|-boost|p1a: Starmie|spd|1\n|\n|-fieldend|move: Trick Room\n|upkeep\n|turn|8\n|\n|t:|1700050396\n|move|p1a: Starmie|Cosmic Power|p1a: Starmie\n|-boost|p1a: Starmie|def|1\n|-boost|p1a: Starmie|spd|1\n|move|p2a: Nidoking|Sludge Bomb|p1a: Starmie\n|-damage|p1a: Starmie|72\/100\n|\n|upkeep\n|turn|9\n|\n|t:|1700050402\n|move|p1a: Starmie|Cosmic Power|p1a: Starmie\n|-boost|p1a: Starmie|def|1\n|-boost|p1a: Starmie|spd|1\n|move|p2a: Nidoking|Amnesia|p2a: Nidoking\n|-boost|p2a: Nidoking|spd|2\n|\n|upkeep\n|turn|10\n|\n|t:|1700050406\n|move|p1a: Starmie|Cosmic Power|p1a: Starmie\n|-boost|p1a: Starmie|def|1\n|-boost|p1a: Starmie|spd|1\n|move|p2a: Nidoking|Ice Beam|p1a: Starmie\n|-resisted|p1a: Starmie\n|-damage|p1a: Starmie|65\/100\n|\n|upkeep\n|turn|11\n|\n|t:|1700050409\n|move|p1a: Starmie|Cosmic Power|p1a: Starmie\n|-boost|p1a: Starmie|def|1\n|-boost|p1a: Starmie|spd|1\n|move|p2a: Nidoking|Sludge Bomb|p1a: Starmie\n|-damage|p1a: Starmie|45\/100\n|\n|upkeep\n|turn|12\n|\n|t:|1700050417\n|move|p1a: Starmie|Recover|p1a: Starmie\n|-heal|p1a: Starmie|96\/100\n|move|p2a: Nidoking|Sludge Bomb|p1a: Starmie\n|-damage|p1a: Starmie|76\/100\n|\n|upkeep\n|turn|13\n|\n|t:|1700050423\n|move|p1a: Starmie|Psychic|p2a: Nidoking\n|-supereffective|p2a: Nidoking\n|-damage|p2a: Nidoking|79\/100\n|move|p2a: Nidoking|Sludge Bomb|p1a: Starmie\n|-damage|p1a: Starmie|55\/100\n|\n|upkeep\n|turn|14\n|\n|t:|1700050426\n|move|p1a: Starmie|Psychic|p2a: Nidoking\n|-supereffective|p2a: Nidoking\n|-damage|p2a: Nidoking|58\/100\n|move|p2a: Nidoking|Sludge Bomb|p1a: Starmie\n|-damage|p1a: Starmie|33\/100\n|\n|upkeep\n|turn|15\n|\n|t:|1700050428\n|move|p1a: Starmie|Recover|p1a: Starmie\n|-heal|p1a: Starmie|84\/100\n|move|p2a: Nidoking|Sludge Bomb|p1a: Starmie\n|-damage|p1a: Starmie|66\/100\n|\n|upkeep\n|turn|16\n|\n|t:|1700050430\n|move|p1a: Starmie|Scald|p2a: Nidoking\n|-supereffective|p2a: Nidoking\n|-damage|p2a: Nidoking|36\/100\n|-status|p2a: Nidoking|brn\n|move|p2a: Nidoking|Sludge Bomb|p1a: Starmie\n|-damage|p1a: Starmie|46\/100\n|\n|-damage|p2a: Nidoking|31\/100 brn|[from] brn\n|upkeep\n|turn|17\n|\n|t:|1700050435\n|move|p1a: Starmie|Recover|p1a: Starmie\n|-heal|p1a: Starmie|96\/100\n|move|p2a: Nidoking|Sludge Bomb|p1a: Starmie\n|-damage|p1a: Starmie|75\/100\n|\n|-damage|p2a: Nidoking|25\/100 brn|[from] brn\n|upkeep\n|turn|18\n|\n|t:|1700050442\n|move|p1a: Starmie|Scald|p2a: Nidoking\n|-supereffective|p2a: Nidoking\n|-damage|p2a: Nidoking|3\/100 brn\n|move|p2a: Nidoking|Sludge Bomb|p1a: Starmie\n|-damage|p1a: Starmie|56\/100\n|\n|-damage|p2a: Nidoking|0 fnt|[from] brn\n|faint|p2a: Nidoking\n|upkeep\n|\n|t:|1700050449\n|switch|p2a: Groudon|Groudon|100\/100\n|detailschange|p2a: Groudon|Groudon-Primal\n|-primal|p2a: Groudon|Red Orb\n|-weather|DesolateLand|[from] ability: Desolate Land|[of] p2a: Groudon\n|turn|19\n|\n|t:|1700050454\n|move|p1a: Starmie|Recover|p1a: Starmie\n|-heal|p1a: Starmie|100\/100\n|move|p2a: Groudon|Rock Polish|p2a: Groudon\n|-boost|p2a: Groudon|spe|2\n|\n|-weather|DesolateLand|[upkeep]\n|upkeep\n|turn|20\n|\n|t:|1700050461\n|move|p2a: Groudon|Dragon Claw|p1a: Starmie\n|-damage|p1a: Starmie|87\/100\n|move|p1a: Starmie|Scald||[still]\n|-fail|p1a: Starmie|Scald|[from] Desolate Land\n|\n|-weather|DesolateLand|[upkeep]\n|upkeep\n|turn|21\n|\n|t:|1700050474\n|move|p2a: Groudon|Fire Punch|p1a: Starmie\n|-resisted|p1a: Starmie\n|-damage|p1a: Starmie|74\/100\n|move|p1a: Starmie|Cosmic Power|p1a: Starmie\n|-boost|p1a: Starmie|def|0\n|-boost|p1a: Starmie|spd|0\n|\n|-weather|DesolateLand|[upkeep]\n|upkeep\n|turn|22\n|\n|t:|1700050483\n|move|p2a: Groudon|Precipice Blades|p1a: Starmie|[miss]\n|-miss|p2a: Groudon|p1a: Starmie\n|move|p1a: Starmie|Psychic|p2a: Groudon\n|-damage|p2a: Groudon|69\/100\n|\n|-weather|DesolateLand|[upkeep]\n|upkeep\n|turn|23\n|\n|t:|1700050489\n|move|p2a: Groudon|Precipice Blades|p1a: Starmie|[miss]\n|-miss|p2a: Groudon|p1a: Starmie\n|move|p1a: Starmie|Recover|p1a: Starmie\n|-heal|p1a: Starmie|100\/100\n|\n|-weather|DesolateLand|[upkeep]\n|upkeep\n|turn|24\n|\n|t:|1700050492\n|move|p2a: Groudon|Precipice Blades|p1a: Starmie\n|-damage|p1a: Starmie|73\/100\n|move|p1a: Starmie|Psychic|p2a: Groudon\n|-damage|p2a: Groudon|33\/100\n|\n|-weather|DesolateLand|[upkeep]\n|upkeep\n|turn|25\n|\n|t:|1700050498\n|move|p2a: Groudon|Fire Punch|p1a: Starmie\n|-resisted|p1a: Starmie\n|-damage|p1a: Starmie|58\/100\n|move|p1a: Starmie|Psychic|p2a: Groudon\n|-damage|p2a: Groudon|0 fnt\n|faint|p2a: Groudon\n|-weather|none\n|\n|upkeep\n|c|\u2606Void Puppeteer|Fuck this game\n|-message|Void Puppeteer forfeited.\n|\n|win|Jarak\n|raw|Jarak's rating: 1129 &rarr; <strong>1152<\/strong><br \/>(+23 for winning)\n|raw|Void Puppeteer's rating: 1100 &rarr; <strong>1077<\/strong><br \/>(-23 for losing)\n|l|\u2606Void Puppeteer\n","uploadtime":1700050521,"views":8,"p1id":"jarak","p2id":"voidpuppeteer","formatid":"gen9nationaldexubers","rating":1077,"private":0,"password":""}