{"id":"gen9nationaldexubers-1996164549","p1":"whaah","p2":"123Mika321","format":"[Gen 9] National Dex Ubers","log":"|j|\u2606whaah\n|j|\u2606123Mika321\n|t:|1700653690\n|gametype|singles\n|player|p1|whaah|plasmagrunt-gen5bw|1541\n|player|p2|123Mika321|nate|1393\n|teamsize|p1|6\n|teamsize|p2|6\n|gen|9\n|tier|[Gen 9] National Dex Ubers\n|rated|\n|rule|HP Percentage Mod: HP is shown in percentages\n|rule|Endless Battle Clause: Forcing endless battles is banned\n|rule|OHKO Clause: OHKO moves are banned\n|rule|Evasion Moves Clause: Evasion moves are banned\n|rule|Evasion Items Clause: Evasion items are banned\n|rule|Species Clause: Limit one of each Pok\u00e9mon\n|rule|Sleep Clause Mod: Limit one foe put to sleep\n|rule|Mega Rayquaza Clause: You cannot mega evolve Rayquaza\n|clearpoke\n|poke|p1|Zygarde|\n|poke|p1|Dondozo, F|\n|poke|p1|Chansey, F|\n|poke|p1|Ho-Oh|\n|poke|p1|Eternatus|\n|poke|p1|Groudon|\n|poke|p2|Necrozma-Dawn-Wings|\n|poke|p2|Kangaskhan, F|\n|poke|p2|Rayquaza|\n|poke|p2|Urshifu-*, F|\n|poke|p2|Kyogre|\n|poke|p2|Xerneas-*|\n|teampreview\n|inactive|Battle timer is ON: inactive players will automatically lose when time's up. (requested by whaah)\n|c|\u2606123Mika321|Did You play VGC\n|\n|t:|1700653711\n|start\n|switch|p1a: Eternatus|Eternatus|100\/100\n|switch|p2a: Xerneas|Xerneas|100\/100\n|-ability|p1a: Eternatus|Pressure\n|-ability|p2a: Xerneas|Fairy Aura\n|turn|1\n|\n|t:|1700653721\n|switch|p1a: Chansey|Chansey, F|100\/100\n|switch|p2a: Kangaskhan|Kangaskhan, F|100\/100\n|\n|upkeep\n|turn|2\n|\n|t:|1700653732\n|switch|p1a: Dondozo|Dondozo, F|100\/100\n|detailschange|p2a: Kangaskhan|Kangaskhan-Mega, F\n|-mega|p2a: Kangaskhan|Kangaskhan|Kangaskhanite\n|move|p2a: Kangaskhan|Fake Out|p1a: Dondozo\n|-damage|p1a: Dondozo|91\/100\n|-damage|p1a: Dondozo|89\/100\n|-hitcount|p1a: Dondozo|2\n|\n|-heal|p1a: Dondozo|96\/100|[from] item: Leftovers\n|upkeep\n|turn|3\n|\n|t:|1700653743\n|move|p2a: Kangaskhan|Power-Up Punch|p1a: Dondozo\n|-damage|p1a: Dondozo|88\/100\n|-boost|p2a: Kangaskhan|atk|1\n|-damage|p1a: Dondozo|87\/100\n|-boost|p2a: Kangaskhan|atk|1\n|-hitcount|p1a: Dondozo|2\n|move|p1a: Dondozo|Liquidation|p2a: Kangaskhan\n|-damage|p2a: Kangaskhan|73\/100\n|\n|-heal|p1a: Dondozo|93\/100|[from] item: Leftovers\n|upkeep\n|turn|4\n|\n|t:|1700653753\n|move|p2a: Kangaskhan|Return|p1a: Dondozo\n|-damage|p1a: Dondozo|69\/100\n|-damage|p1a: Dondozo|63\/100\n|-hitcount|p1a: Dondozo|2\n|move|p1a: Dondozo|Curse|p1a: Dondozo\n|-unboost|p1a: Dondozo|spe|1\n|-boost|p1a: Dondozo|atk|1\n|-boost|p1a: Dondozo|def|1\n|\n|-heal|p1a: Dondozo|69\/100|[from] item: Leftovers\n|upkeep\n|turn|5\n|\n|t:|1700653764\n|move|p2a: Kangaskhan|Return|p1a: Dondozo\n|-damage|p1a: Dondozo|53\/100\n|-damage|p1a: Dondozo|50\/100\n|-hitcount|p1a: Dondozo|2\n|move|p1a: Dondozo|Curse|p1a: Dondozo\n|-unboost|p1a: Dondozo|spe|1\n|-boost|p1a: Dondozo|atk|1\n|-boost|p1a: Dondozo|def|1\n|\n|-heal|p1a: Dondozo|56\/100|[from] item: Leftovers\n|upkeep\n|turn|6\n|\n|t:|1700653776\n|move|p2a: Kangaskhan|Return|p1a: Dondozo\n|-damage|p1a: Dondozo|43\/100\n|-damage|p1a: Dondozo|40\/100\n|-hitcount|p1a: Dondozo|2\n|move|p1a: Dondozo|Liquidation|p2a: Kangaskhan\n|-damage|p2a: Kangaskhan|21\/100\n|-unboost|p2a: Kangaskhan|def|1\n|\n|-heal|p1a: Dondozo|46\/100|[from] item: Leftovers\n|upkeep\n|turn|7\n|c|\u2606123Mika321|Can you please answer if you play VGC\n|inactive|123Mika321 has 120 seconds left.\n|c|\u2606whaah|oh hi sorry I didn't read\n|\n|t:|1700653813\n|move|p2a: Kangaskhan|Return|p1a: Dondozo\n|-crit|p1a: Dondozo\n|-damage|p1a: Dondozo|5\/100\n|-damage|p1a: Dondozo|2\/100\n|-hitcount|p1a: Dondozo|2\n|move|p1a: Dondozo|Rest|p1a: Dondozo\n|-status|p1a: Dondozo|slp|[from] move: Rest\n|-heal|p1a: Dondozo|100\/100 slp|[silent]\n|\n|upkeep\n|turn|8\n|inactive|123Mika321 has 120 seconds left.\n|c|\u2606whaah|actually no\n|inactive|whaah has 120 seconds left.\n|j| cheese miestro\n|c|\u2606123Mika321|I play and already won a tournament\n|\n|t:|1700653858\n|move|p2a: Kangaskhan|Return|p1a: Dondozo\n|-damage|p1a: Dondozo|89\/100 slp\n|-damage|p1a: Dondozo|86\/100 slp\n|-hitcount|p1a: Dondozo|2\n|cant|p1a: Dondozo|slp\n|\n|-heal|p1a: Dondozo|92\/100 slp|[from] item: Leftovers\n|upkeep\n|turn|9\n|inactive|123Mika321 has 120 seconds left.\n|\n|t:|1700653869\n|switch|p2a: Necrozma|Necrozma-Dawn-Wings, shiny|100\/100\n|cant|p1a: Dondozo|slp\n|\n|-heal|p1a: Dondozo|98\/100 slp|[from] item: Leftovers\n|upkeep\n|turn|10\n|c|\u2606whaah|oh nice\n|inactive|123Mika321 has 120 seconds left.\n|l| cheese miestro\n|inactive|whaah has 120 seconds left.\n|\n|t:|1700653900\n|switch|p1a: Eternatus|Eternatus|100\/100\n|-ability|p1a: Eternatus|Pressure\n|detailschange|p2a: Necrozma|Necrozma-Ultra, shiny\n|-burst|p2a: Necrozma|Necrozma|Ultranecrozium Z\n|move|p2a: Necrozma|Photon Geyser|p1a: Eternatus\n|-supereffective|p1a: Eternatus\n|-damage|p1a: Eternatus|0 fnt\n|faint|p1a: Eternatus\n|\n|upkeep\n|\n|t:|1700653911\n|switch|p1a: Chansey|Chansey, F|100\/100\n|turn|11\n|\n|t:|1700653916\n|switch|p2a: Kangaskhan|Kangaskhan-Mega, F|21\/100\n|move|p1a: Chansey|Confide|p2a: Kangaskhan\n|-unboost|p2a: Kangaskhan|spa|1\n|\n|upkeep\n|turn|12\n|\n|t:|1700653931\n|switch|p1a: Dondozo|Dondozo, F|98\/100 slp\n|move|p2a: Kangaskhan|Fake Out|p1a: Dondozo\n|-damage|p1a: Dondozo|88\/100 slp\n|-damage|p1a: Dondozo|86\/100 slp\n|-hitcount|p1a: Dondozo|2\n|\n|-heal|p1a: Dondozo|92\/100 slp|[from] item: Leftovers\n|upkeep\n|turn|13\n|\n|t:|1700653943\n|move|p2a: Kangaskhan|Return|p1a: Dondozo\n|-damage|p1a: Dondozo|65\/100 slp\n|-damage|p1a: Dondozo|59\/100 slp\n|-hitcount|p1a: Dondozo|2\n|-curestatus|p1a: Dondozo|slp|[msg]\n|move|p1a: Dondozo|Liquidation|p2a: Kangaskhan\n|-damage|p2a: Kangaskhan|0 fnt\n|faint|p2a: Kangaskhan\n|\n|-heal|p1a: Dondozo|65\/100|[from] item: Leftovers\n|upkeep\n|\n|t:|1700653954\n|switch|p2a: Necrozma|Necrozma-Ultra, shiny|100\/100\n|turn|14\n|\n|t:|1700653963\n|switch|p1a: Chansey|Chansey, F|100\/100\n|-zpower|p2a: Necrozma\n|move|p2a: Necrozma|Light That Burns the Sky|p1a: Chansey|[zeffect]\n|-damage|p1a: Chansey|63\/100\n|\n|upkeep\n|turn|15\n|\n|t:|1700653974\n|switch|p2a: Urshifu|Urshifu-Rapid-Strike, F|100\/100\n|move|p1a: Chansey|Soft-Boiled|p1a: Chansey\n|-heal|p1a: Chansey|100\/100\n|\n|upkeep\n|turn|16\n|\n|t:|1700653984\n|switch|p1a: Groudon|Groudon|100\/100\n|detailschange|p1a: Groudon|Groudon-Primal\n|-primal|p1a: Groudon|Red Orb\n|-weather|DesolateLand|[from] ability: Desolate Land|[of] p1a: Groudon\n|move|p2a: Urshifu|Close Combat|p1a: Groudon\n|-damage|p1a: Groudon|56\/100\n|-unboost|p2a: Urshifu|def|1\n|-unboost|p2a: Urshifu|spd|1\n|\n|-weather|DesolateLand|[upkeep]\n|upkeep\n|turn|17\n|\n|t:|1700653997\n|switch|p2a: Rayquaza|Rayquaza|100\/100\n|-ability|p2a: Rayquaza|Air Lock\n|move|p1a: Groudon|Thunder Punch|p2a: Rayquaza\n|-damage|p2a: Rayquaza|69\/100\n|\n|-weather|DesolateLand|[upkeep]\n|upkeep\n|turn|18\n|\n|t:|1700654011\n|-weather|none\n|switch|p1a: Dondozo|Dondozo, F|65\/100\n|move|p2a: Rayquaza|Dragon Ascent|p1a: Dondozo\n|-damage|p1a: Dondozo|11\/100\n|-unboost|p2a: Rayquaza|def|1\n|-unboost|p2a: Rayquaza|spd|1\n|\n|-heal|p1a: Dondozo|18\/100|[from] item: Leftovers\n|upkeep\n|turn|19\n|\n|t:|1700654027\n|switch|p1a: Zygarde|Zygarde|100\/100\n|move|p2a: Rayquaza|Dragon Ascent|p1a: Zygarde\n|-damage|p1a: Zygarde|45\/100\n|-unboost|p2a: Rayquaza|def|1\n|-unboost|p2a: Rayquaza|spd|1\n|\n|-heal|p1a: Zygarde|52\/100|[from] item: Leftovers\n|upkeep\n|turn|20\n|\n|t:|1700654041\n|move|p2a: Rayquaza|Dragon Ascent|p1a: Zygarde\n|-damage|p1a: Zygarde|0 fnt\n|-unboost|p2a: Rayquaza|def|1\n|-unboost|p2a: Rayquaza|spd|1\n|faint|p1a: Zygarde\n|\n|upkeep\n|\n|t:|1700654047\n|switch|p1a: Ho-Oh|Ho-Oh|100\/100\n|turn|21\n|\n|t:|1700654052\n|switch|p2a: Kyogre|Kyogre|100\/100\n|detailschange|p2a: Kyogre|Kyogre-Primal\n|-primal|p2a: Kyogre|Blue Orb\n|-weather|PrimordialSea|[from] ability: Primordial Sea|[of] p2a: Kyogre\n|move|p1a: Ho-Oh|Toxic|p2a: Kyogre\n|-status|p2a: Kyogre|tox\n|\n|-weather|PrimordialSea|[upkeep]\n|-damage|p2a: Kyogre|94\/100 tox|[from] psn\n|upkeep\n|turn|22\n|\n|t:|1700654063\n|switch|p1a: Groudon|Groudon-Primal|56\/100\n|-weather|DesolateLand|[from] ability: Desolate Land|[of] p1a: Groudon\n|move|p2a: Kyogre|Thunder|p1a: Groudon\n|-immune|p1a: Groudon\n|\n|-weather|DesolateLand|[upkeep]\n|-damage|p2a: Kyogre|82\/100 tox|[from] psn\n|upkeep\n|turn|23\n|\n|t:|1700654075\n|switch|p2a: Rayquaza|Rayquaza|69\/100\n|-ability|p2a: Rayquaza|Air Lock\n|move|p1a: Groudon|Stealth Rock|p2a: Rayquaza\n|-sidestart|p2: 123Mika321|move: Stealth Rock\n|\n|-weather|DesolateLand|[upkeep]\n|upkeep\n|turn|24\n|\n|t:|1700654085\n|-terastallize|p2a: Rayquaza|Dragon\n|move|p1a: Groudon|Thunder Punch|p2a: Rayquaza\n|-resisted|p2a: Rayquaza\n|-crit|p2a: Rayquaza\n|-damage|p2a: Rayquaza|48\/100\n|-status|p2a: Rayquaza|par\n|move|p2a: Rayquaza|Outrage|p1a: Groudon\n|-damage|p1a: Groudon|0 fnt\n|faint|p1a: Groudon\n|-weather|none\n|\n|upkeep\n|\n|t:|1700654095\n|switch|p1a: Dondozo|Dondozo, F|18\/100\n|turn|25\n|\n|t:|1700654101\n|-terastallize|p1a: Dondozo|Fairy\n|move|p2a: Rayquaza|Outrage|p1a: Dondozo|[from]lockedmove\n|-immune|p1a: Dondozo\n|move|p1a: Dondozo|Curse|p1a: Dondozo\n|-unboost|p1a: Dondozo|spe|1\n|-boost|p1a: Dondozo|atk|1\n|-boost|p1a: Dondozo|def|1\n|\n|-heal|p1a: Dondozo|24\/100|[from] item: Leftovers\n|upkeep\n|turn|26\n|\n|t:|1700654115\n|switch|p2a: Necrozma|Necrozma-Ultra, shiny|100\/100\n|-damage|p2a: Necrozma|88\/100|[from] Stealth Rock\n|move|p1a: Dondozo|Rest|p1a: Dondozo\n|-status|p1a: Dondozo|slp|[from] move: Rest\n|-heal|p1a: Dondozo|100\/100 slp|[silent]\n|\n|upkeep\n|turn|27\n|\n|t:|1700654124\n|switch|p1a: Chansey|Chansey, F|100\/100\n|move|p2a: Necrozma|Photon Geyser|p1a: Chansey\n|-damage|p1a: Chansey|84\/100\n|\n|upkeep\n|turn|28\n|\n|t:|1700654136\n|switch|p2a: Rayquaza|Rayquaza, tera:Dragon|48\/100 par\n|-damage|p2a: Rayquaza|36\/100 par|[from] Stealth Rock\n|-ability|p2a: Rayquaza|Air Lock\n|move|p1a: Chansey|Heal Bell|p1a: Chansey\n|-activate|p1a: Chansey|move: Heal Bell\n|-curestatus|p1: Dondozo|slp|[msg]\n|\n|upkeep\n|turn|29\n|\n|t:|1700654146\n|switch|p1a: Dondozo|Dondozo, F, tera:Fairy|100\/100\n|move|p2a: Rayquaza|Outrage|p1a: Dondozo\n|-immune|p1a: Dondozo\n|\n|upkeep\n|turn|30\n|\n|t:|1700654154\n|switch|p2a: Kyogre|Kyogre-Primal|82\/100 tox\n|-damage|p2a: Kyogre|70\/100 tox|[from] Stealth Rock\n|-weather|PrimordialSea|[from] ability: Primordial Sea|[of] p2a: Kyogre\n|move|p1a: Dondozo|Curse|p1a: Dondozo\n|-unboost|p1a: Dondozo|spe|1\n|-boost|p1a: Dondozo|atk|1\n|-boost|p1a: Dondozo|def|1\n|\n|-weather|PrimordialSea|[upkeep]\n|-damage|p2a: Kyogre|63\/100 tox|[from] psn\n|upkeep\n|turn|31\n|\n|t:|1700654165\n|switch|p1a: Chansey|Chansey, F|84\/100\n|move|p2a: Kyogre|Thunder|p1a: Chansey\n|-damage|p1a: Chansey|72\/100\n|\n|-weather|PrimordialSea|[upkeep]\n|-damage|p2a: Kyogre|51\/100 tox|[from] psn\n|upkeep\n|turn|32\n|\n|t:|1700654172\n|-weather|none\n|switch|p2a: Rayquaza|Rayquaza, tera:Dragon|36\/100 par\n|-damage|p2a: Rayquaza|24\/100 par|[from] Stealth Rock\n|-ability|p2a: Rayquaza|Air Lock\n|move|p1a: Chansey|Seismic Toss|p2a: Rayquaza\n|-damage|p2a: Rayquaza|0 fnt\n|faint|p2a: Rayquaza\n|\n|upkeep\n|\n|t:|1700654181\n|switch|p2a: Urshifu|Urshifu-Rapid-Strike, F|100\/100\n|-damage|p2a: Urshifu|94\/100|[from] Stealth Rock\n|turn|33\n|\n|t:|1700654194\n|switch|p1a: Dondozo|Dondozo, F, tera:Fairy|100\/100\n|move|p2a: Urshifu|Surging Strikes|p1a: Dondozo\n|-crit|p1a: Dondozo\n|-damage|p1a: Dondozo|90\/100\n|-crit|p1a: Dondozo\n|-damage|p1a: Dondozo|77\/100\n|-crit|p1a: Dondozo\n|-damage|p1a: Dondozo|66\/100\n|-hitcount|p1a: Dondozo|3\n|\n|-heal|p1a: Dondozo|72\/100|[from] item: Leftovers\n|upkeep\n|turn|34\n|\n|t:|1700654209\n|move|p2a: Urshifu|Surging Strikes|p1a: Dondozo\n|-crit|p1a: Dondozo\n|-damage|p1a: Dondozo|61\/100\n|-crit|p1a: Dondozo\n|-damage|p1a: Dondozo|48\/100\n|-crit|p1a: Dondozo\n|-damage|p1a: Dondozo|37\/100\n|-hitcount|p1a: Dondozo|3\n|move|p1a: Dondozo|Avalanche|p2a: Urshifu\n|-resisted|p2a: Urshifu\n|-damage|p2a: Urshifu|79\/100\n|\n|-heal|p1a: Dondozo|43\/100|[from] item: Leftovers\n|upkeep\n|turn|35\n|\n|t:|1700654220\n|move|p2a: Urshifu|Surging Strikes|p1a: Dondozo\n|-crit|p1a: Dondozo\n|-damage|p1a: Dondozo|31\/100\n|-crit|p1a: Dondozo\n|-damage|p1a: Dondozo|18\/100\n|-crit|p1a: Dondozo\n|-damage|p1a: Dondozo|6\/100\n|-hitcount|p1a: Dondozo|3\n|move|p1a: Dondozo|Rest|p1a: Dondozo\n|-status|p1a: Dondozo|slp|[from] move: Rest\n|-heal|p1a: Dondozo|100\/100 slp|[silent]\n|\n|upkeep\n|turn|36\n|\n|t:|1700654231\n|move|p2a: Urshifu|Surging Strikes|p1a: Dondozo\n|-crit|p1a: Dondozo\n|-damage|p1a: Dondozo|89\/100 slp\n|-crit|p1a: Dondozo\n|-damage|p1a: Dondozo|76\/100 slp\n|-crit|p1a: Dondozo\n|-damage|p1a: Dondozo|64\/100 slp\n|-hitcount|p1a: Dondozo|3\n|cant|p1a: Dondozo|slp\n|\n|-heal|p1a: Dondozo|71\/100 slp|[from] item: Leftovers\n|upkeep\n|turn|37\n|\n|t:|1700654240\n|move|p2a: Urshifu|Surging Strikes|p1a: Dondozo\n|-crit|p1a: Dondozo\n|-damage|p1a: Dondozo|58\/100 slp\n|-crit|p1a: Dondozo\n|-damage|p1a: Dondozo|46\/100 slp\n|-crit|p1a: Dondozo\n|-damage|p1a: Dondozo|33\/100 slp\n|-hitcount|p1a: Dondozo|3\n|cant|p1a: Dondozo|slp\n|\n|-heal|p1a: Dondozo|40\/100 slp|[from] item: Leftovers\n|upkeep\n|turn|38\n|\n|t:|1700654250\n|move|p2a: Urshifu|Surging Strikes|p1a: Dondozo\n|-crit|p1a: Dondozo\n|-damage|p1a: Dondozo|28\/100 slp\n|-crit|p1a: Dondozo\n|-damage|p1a: Dondozo|16\/100 slp\n|-crit|p1a: Dondozo\n|-damage|p1a: Dondozo|5\/100 slp\n|-hitcount|p1a: Dondozo|3\n|-curestatus|p1a: Dondozo|slp|[msg]\n|move|p1a: Dondozo|Rest|p1a: Dondozo\n|-status|p1a: Dondozo|slp|[from] move: Rest\n|-heal|p1a: Dondozo|100\/100 slp|[silent]\n|\n|upkeep\n|turn|39\n|\n|t:|1700654264\n|switch|p2a: Xerneas|Xerneas|100\/100\n|-damage|p2a: Xerneas|88\/100|[from] Stealth Rock\n|-ability|p2a: Xerneas|Fairy Aura\n|cant|p1a: Dondozo|slp\n|\n|upkeep\n|turn|40\n|\n|t:|1700654272\n|switch|p1a: Ho-Oh|Ho-Oh|100\/100\n|move|p2a: Xerneas|Geomancy||[still]\n|-prepare|p2a: Xerneas|Geomancy\n|-enditem|p2a: Xerneas|Power Herb\n|-anim|p2a: Xerneas|Geomancy|p2a: Xerneas\n|-boost|p2a: Xerneas|spa|2\n|-boost|p2a: Xerneas|spd|2\n|-boost|p2a: Xerneas|spe|2\n|\n|upkeep\n|turn|41\n|\n|t:|1700654286\n|move|p2a: Xerneas|Moonblast|p1a: Ho-Oh\n|-resisted|p1a: Ho-Oh\n|-damage|p1a: Ho-Oh|59\/100\n|move|p1a: Ho-Oh|Whirlwind|p2a: Xerneas\n|drag|p2a: Necrozma|Necrozma-Ultra, shiny|88\/100\n|-damage|p2a: Necrozma|75\/100|[from] Stealth Rock\n|\n|upkeep\n|turn|42\n|\n|t:|1700654297\n|switch|p1a: Chansey|Chansey, F|72\/100\n|move|p2a: Necrozma|Photon Geyser|p1a: Chansey\n|-damage|p1a: Chansey|54\/100\n|\n|upkeep\n|turn|43\n|\n|t:|1700654315\n|switch|p2a: Urshifu|Urshifu-Rapid-Strike, F|79\/100\n|-damage|p2a: Urshifu|73\/100|[from] Stealth Rock\n|move|p1a: Chansey|Heal Bell|p1a: Chansey\n|-activate|p1a: Chansey|move: Heal Bell\n|-curestatus|p1: Dondozo|slp|[msg]\n|\n|upkeep\n|turn|44\n|\n|t:|1700654327\n|switch|p1a: Dondozo|Dondozo, F, tera:Fairy|100\/100\n|move|p2a: Urshifu|U-turn|p1a: Dondozo\n|-resisted|p1a: Dondozo\n|-damage|p1a: Dondozo|95\/100\n|\n|t:|1700654339\n|switch|p2a: Necrozma|Necrozma-Ultra, shiny|75\/100|[from] U-turn\n|-damage|p2a: Necrozma|63\/100|[from] Stealth Rock\n|\n|-heal|p1a: Dondozo|100\/100|[from] item: Leftovers\n|upkeep\n|turn|45\n|\n|t:|1700654348\n|switch|p1a: Chansey|Chansey, F|54\/100\n|move|p2a: Necrozma|Photon Geyser|p1a: Chansey\n|-damage|p1a: Chansey|36\/100\n|\n|upkeep\n|turn|46\n|\n|t:|1700654358\n|move|p2a: Necrozma|Photon Geyser|p1a: Chansey\n|-damage|p1a: Chansey|20\/100\n|move|p1a: Chansey|Soft-Boiled|p1a: Chansey\n|-heal|p1a: Chansey|70\/100\n|\n|upkeep\n|turn|47\n|\n|t:|1700654367\n|switch|p2a: Urshifu|Urshifu-Rapid-Strike, F|73\/100\n|-damage|p2a: Urshifu|67\/100|[from] Stealth Rock\n|move|p1a: Chansey|Seismic Toss|p2a: Urshifu\n|-damage|p2a: Urshifu|38\/100\n|\n|upkeep\n|turn|48\n|\n|t:|1700654375\n|switch|p1a: Dondozo|Dondozo, F, tera:Fairy|100\/100\n|move|p2a: Urshifu|Surging Strikes|p1a: Dondozo\n|-crit|p1a: Dondozo\n|-damage|p1a: Dondozo|90\/100\n|-crit|p1a: Dondozo\n|-damage|p1a: Dondozo|79\/100\n|-crit|p1a: Dondozo\n|-damage|p1a: Dondozo|67\/100\n|-hitcount|p1a: Dondozo|3\n|\n|-heal|p1a: Dondozo|73\/100|[from] item: Leftovers\n|upkeep\n|turn|49\n|\n|t:|1700654386\n|move|p2a: Urshifu|Surging Strikes|p1a: Dondozo\n|-crit|p1a: Dondozo\n|-damage|p1a: Dondozo|62\/100\n|-crit|p1a: Dondozo\n|-damage|p1a: Dondozo|50\/100\n|-crit|p1a: Dondozo\n|-damage|p1a: Dondozo|39\/100\n|-hitcount|p1a: Dondozo|3\n|move|p1a: Dondozo|Avalanche|p2a: Urshifu\n|-resisted|p2a: Urshifu\n|-damage|p2a: Urshifu|24\/100\n|\n|-heal|p1a: Dondozo|45\/100|[from] item: Leftovers\n|upkeep\n|turn|50\n|\n|t:|1700654399\n|switch|p2a: Necrozma|Necrozma-Ultra, shiny|63\/100\n|-damage|p2a: Necrozma|50\/100|[from] Stealth Rock\n|move|p1a: Dondozo|Rest|p1a: Dondozo\n|-status|p1a: Dondozo|slp|[from] move: Rest\n|-heal|p1a: Dondozo|100\/100 slp|[silent]\n|\n|upkeep\n|turn|51\n|\n|t:|1700654408\n|switch|p1a: Chansey|Chansey, F|70\/100\n|move|p2a: Necrozma|Photon Geyser|p1a: Chansey\n|-damage|p1a: Chansey|54\/100\n|\n|upkeep\n|turn|52\n|\n|t:|1700654420\n|switch|p2a: Xerneas|Xerneas|88\/100\n|-damage|p2a: Xerneas|76\/100|[from] Stealth Rock\n|-ability|p2a: Xerneas|Fairy Aura\n|move|p1a: Chansey|Soft-Boiled|p1a: Chansey\n|-heal|p1a: Chansey|100\/100\n|\n|upkeep\n|turn|53\n|\n|t:|1700654435\n|move|p2a: Xerneas|Geomancy||[still]\n|-prepare|p2a: Xerneas|Geomancy\n|move|p1a: Chansey|Confide|p2a: Xerneas\n|-unboost|p2a: Xerneas|spa|1\n|\n|upkeep\n|turn|54\n|\n|t:|1700654440\n|move|p2a: Xerneas|Geomancy|p2a: Xerneas|[from]lockedmove\n|-boost|p2a: Xerneas|spa|2\n|-boost|p2a: Xerneas|spd|2\n|-boost|p2a: Xerneas|spe|2\n|move|p1a: Chansey|Confide|p2a: Xerneas\n|-unboost|p2a: Xerneas|spa|1\n|\n|upkeep\n|turn|55\n|\n|t:|1700654464\n|move|p2a: Xerneas|Draining Kiss|p1a: Chansey\n|-damage|p1a: Chansey|91\/100\n|-heal|p2a: Xerneas|88\/100|[from] drain|[of] p1a: Chansey\n|move|p1a: Chansey|Seismic Toss|p2a: Xerneas\n|-damage|p2a: Xerneas|62\/100\n|\n|upkeep\n|turn|56\n|\n|t:|1700654472\n|move|p2a: Xerneas|Geomancy||[still]\n|-prepare|p2a: Xerneas|Geomancy\n|move|p1a: Chansey|Confide|p2a: Xerneas\n|-unboost|p2a: Xerneas|spa|1\n|\n|upkeep\n|turn|57\n|\n|t:|1700654480\n|move|p2a: Xerneas|Geomancy|p2a: Xerneas|[from]lockedmove\n|-boost|p2a: Xerneas|spa|2\n|-boost|p2a: Xerneas|spd|2\n|-boost|p2a: Xerneas|spe|2\n|move|p1a: Chansey|Confide|p2a: Xerneas\n|-unboost|p2a: Xerneas|spa|1\n|\n|upkeep\n|turn|58\n|\n|t:|1700654493\n|move|p2a: Xerneas|Moonblast|p1a: Chansey\n|-damage|p1a: Chansey|74\/100\n|move|p1a: Chansey|Confide|p2a: Xerneas\n|-unboost|p2a: Xerneas|spa|1\n|\n|upkeep\n|turn|59\n|\n|t:|1700654505\n|switch|p2a: Urshifu|Urshifu-Rapid-Strike, F|24\/100\n|-damage|p2a: Urshifu|18\/100|[from] Stealth Rock\n|move|p1a: Chansey|Seismic Toss|p2a: Urshifu\n|-damage|p2a: Urshifu|0 fnt\n|faint|p2a: Urshifu\n|\n|upkeep\n|\n|t:|1700654512\n|switch|p2a: Necrozma|Necrozma-Ultra, shiny|50\/100\n|-damage|p2a: Necrozma|38\/100|[from] Stealth Rock\n|turn|60\n|\n|t:|1700654521\n|move|p2a: Necrozma|Dragon Pulse|p1a: Chansey\n|-damage|p1a: Chansey|58\/100\n|move|p1a: Chansey|Seismic Toss|p2a: Necrozma\n|-damage|p2a: Necrozma|8\/100\n|\n|upkeep\n|turn|61\n|\n|t:|1700654528\n|move|p2a: Necrozma|Dragon Pulse|p1a: Chansey\n|-damage|p1a: Chansey|44\/100\n|move|p1a: Chansey|Soft-Boiled|p1a: Chansey\n|-heal|p1a: Chansey|94\/100\n|\n|upkeep\n|turn|62\n|\n|t:|1700654533\n|move|p2a: Necrozma|Dragon Pulse|p1a: Chansey\n|-damage|p1a: Chansey|79\/100\n|move|p1a: Chansey|Heal Bell|p1a: Chansey\n|-activate|p1a: Chansey|move: Heal Bell\n|-curestatus|p1: Dondozo|slp|[msg]\n|\n|upkeep\n|turn|63\n|\n|t:|1700654539\n|move|p2a: Necrozma|Dragon Pulse|p1a: Chansey\n|-damage|p1a: Chansey|64\/100\n|move|p1a: Chansey|Seismic Toss|p2a: Necrozma\n|-damage|p2a: Necrozma|0 fnt\n|faint|p2a: Necrozma\n|\n|upkeep\n|\n|t:|1700654546\n|switch|p2a: Xerneas|Xerneas|62\/100\n|-damage|p2a: Xerneas|50\/100|[from] Stealth Rock\n|-ability|p2a: Xerneas|Fairy Aura\n|turn|64\n|\n|t:|1700654551\n|switch|p1a: Ho-Oh|Ho-Oh|92\/100\n|move|p2a: Xerneas|Moonblast|p1a: Ho-Oh\n|-resisted|p1a: Ho-Oh\n|-damage|p1a: Ho-Oh|73\/100\n|-unboost|p1a: Ho-Oh|spa|1\n|\n|upkeep\n|turn|65\n|\n|t:|1700654558\n|move|p2a: Xerneas|Psychic|p1a: Ho-Oh\n|-crit|p1a: Ho-Oh\n|-damage|p1a: Ho-Oh|43\/100\n|move|p1a: Ho-Oh|Toxic|p2a: Xerneas\n|-status|p2a: Xerneas|tox\n|\n|-damage|p2a: Xerneas|44\/100 tox|[from] psn\n|upkeep\n|turn|66\n|\n|t:|1700654564\n|switch|p1a: Chansey|Chansey, F|64\/100\n|move|p2a: Xerneas|Psychic|p1a: Chansey\n|-damage|p1a: Chansey|54\/100\n|\n|-damage|p2a: Xerneas|31\/100 tox|[from] psn\n|upkeep\n|turn|67\n|\n|t:|1700654572\n|move|p2a: Xerneas|Moonblast|p1a: Chansey\n|-damage|p1a: Chansey|37\/100\n|-unboost|p1a: Chansey|spa|1\n|move|p1a: Chansey|Soft-Boiled|p1a: Chansey\n|-heal|p1a: Chansey|87\/100\n|\n|-damage|p2a: Xerneas|13\/100 tox|[from] psn\n|upkeep\n|turn|68\n|\n|t:|1700654593\n|move|p2a: Xerneas|Moonblast|p1a: Chansey\n|-damage|p1a: Chansey|68\/100\n|-unboost|p1a: Chansey|spa|1\n|move|p1a: Chansey|Seismic Toss|p2a: Xerneas\n|-damage|p2a: Xerneas|0 fnt\n|faint|p2a: Xerneas\n|\n|upkeep\n|\n|t:|1700654600\n|switch|p2a: Kyogre|Kyogre-Primal|51\/100 tox\n|-damage|p2a: Kyogre|39\/100 tox|[from] Stealth Rock\n|-weather|PrimordialSea|[from] ability: Primordial Sea|[of] p2a: Kyogre\n|turn|69\n|\n|t:|1700654608\n|move|p2a: Kyogre|Origin Pulse|p1a: Chansey\n|-damage|p1a: Chansey|36\/100\n|move|p1a: Chansey|Soft-Boiled|p1a: Chansey\n|-heal|p1a: Chansey|86\/100\n|\n|-weather|PrimordialSea|[upkeep]\n|-damage|p2a: Kyogre|32\/100 tox|[from] psn\n|upkeep\n|turn|70\n|\n|t:|1700654619\n|move|p2a: Kyogre|Origin Pulse|p1a: Chansey\n|-damage|p1a: Chansey|55\/100\n|move|p1a: Chansey|Seismic Toss|p2a: Kyogre\n|-damage|p2a: Kyogre|8\/100 tox\n|\n|-weather|PrimordialSea|[upkeep]\n|-damage|p2a: Kyogre|0 fnt|[from] psn\n|faint|p2a: Kyogre\n|-weather|none\n|\n|win|whaah\n|upkeep\n|raw|whaah's rating: 1541 &rarr; <strong>1553<\/strong><br \/>(+12 for winning)\n|raw|123Mika321's rating: 1393 &rarr; <strong>1381<\/strong><br \/>(-12 for losing)\n|c|\u2606whaah|gg\n|l|\u2606123Mika321\n","uploadtime":1700654698,"views":7,"p1id":"whaah","p2id":"123mika321","formatid":"gen9nationaldexubers","rating":1381,"private":0,"password":""}