{"id":"gen9nationaldexubers-1999418638","p1":"Raincoba","p2":"Th3Soci3ty","format":"[Gen 9] National Dex Ubers","log":"|j|\u2606Raincoba\n|j|\u2606Th3Soci3ty\n|t:|1701077291\n|gametype|singles\n|player|p1|Raincoba|emmet|1080\n|player|p2|Th3Soci3ty|zinzolin|1125\n|teamsize|p1|6\n|teamsize|p2|6\n|gen|9\n|tier|[Gen 9] National Dex Ubers\n|rated|\n|rule|HP Percentage Mod: HP is shown in percentages\n|rule|Endless Battle Clause: Forcing endless battles is banned\n|rule|OHKO Clause: OHKO moves are banned\n|rule|Evasion Moves Clause: Evasion moves are banned\n|rule|Evasion Items Clause: Evasion items are banned\n|rule|Species Clause: Limit one of each Pok\u00e9mon\n|rule|Sleep Clause Mod: Limit one foe put to sleep\n|rule|Mega Rayquaza Clause: You cannot mega evolve Rayquaza\n|clearpoke\n|poke|p1|Kangaskhan, F|\n|poke|p1|Togekiss, F|\n|poke|p1|Kyurem-White|\n|poke|p1|Naganadel|\n|poke|p1|Galvantula, M|\n|poke|p1|Darmanitan-Galar, M|\n|poke|p2|Glimmora, F|\n|poke|p2|Sneasler, M|\n|poke|p2|Dusclops, M|\n|poke|p2|Garganacl, F|\n|poke|p2|Noivern, M|\n|poke|p2|Mamoswine, F|\n|teampreview\n|\n|t:|1701077298\n|start\n|switch|p1a: Nebby|Galvantula, M, shiny|100\/100\n|switch|p2a: Glimmora|Glimmora, F|100\/100\n|turn|1\n|inactive|Battle timer is ON: inactive players will automatically lose when time's up. (requested by Raincoba)\n|\n|t:|1701077305\n|move|p1a: Nebby|Thunder|p2a: Glimmora\n|-damage|p2a: Glimmora|46\/100\n|move|p2a: Glimmora|Stealth Rock|p1a: Nebby\n|-sidestart|p1: Raincoba|move: Stealth Rock\n|\n|upkeep\n|turn|2\n|\n|t:|1701077312\n|switch|p2a: Mamoswine|Mamoswine, F|100\/100\n|move|p1a: Nebby|Sticky Web|p2a: Mamoswine\n|-sidestart|p2: Th3Soci3ty|move: Sticky Web\n|\n|upkeep\n|turn|3\n|\n|t:|1701077320\n|switch|p1a: :|Darmanitan-Galar, M, shiny|100\/100\n|-damage|p1a: :|76\/100|[from] Stealth Rock\n|move|p2a: Mamoswine|Rock Slide|p1a: :|[miss]\n|-miss|p2a: Mamoswine|p1a: :\n|\n|-heal|p1a: :|82\/100|[from] item: Leftovers\n|upkeep\n|turn|4\n|\n|t:|1701077330\n|move|p1a: :|Flare Blitz|p2a: Mamoswine\n|-supereffective|p2a: Mamoswine\n|-damage|p2a: Mamoswine|49\/100\n|-damage|p1a: :|65\/100|[from] Recoil\n|move|p2a: Mamoswine|Iron Head|p1a: :\n|-supereffective|p1a: :\n|-damage|p1a: :|0 fnt\n|faint|p1a: :\n|-damage|p2a: Mamoswine|39\/100|[from] item: Life Orb\n|\n|upkeep\n|\n|t:|1701077345\n|switch|p1a: Benga|Naganadel, shiny|100\/100\n|-damage|p1a: Benga|88\/100|[from] Stealth Rock\n|turn|5\n|\n|t:|1701077350\n|move|p2a: Mamoswine|Ice Shard|p1a: Benga\n|-supereffective|p1a: Benga\n|-damage|p1a: Benga|8\/100\n|-damage|p2a: Mamoswine|29\/100|[from] item: Life Orb\n|-zpower|p1a: Benga\n|move|p1a: Benga|Black Hole Eclipse|p2a: Mamoswine|[zeffect]\n|-crit|p2a: Mamoswine\n|-damage|p2a: Mamoswine|0 fnt\n|faint|p2a: Mamoswine\n|-ability|p1a: Benga|Beast Boost|boost\n|-boost|p1a: Benga|spa|1\n|\n|upkeep\n|\n|t:|1701077359\n|switch|p2a: Glimmora|Glimmora, F|46\/100\n|-activate|p2a: Glimmora|move: Sticky Web\n|-unboost|p2a: Glimmora|spe|1\n|turn|6\n|\n|t:|1701077369\n|move|p1a: Benga|Dragon Pulse|p2a: Glimmora\n|-damage|p2a: Glimmora|0 fnt\n|faint|p2a: Glimmora\n|-ability|p1a: Benga|Beast Boost|boost\n|-boost|p1a: Benga|spa|1\n|\n|upkeep\n|\n|t:|1701077373\n|switch|p2a: Sneasler|Sneasler, M|100\/100\n|-activate|p2a: Sneasler|move: Sticky Web\n|-unboost|p2a: Sneasler|spe|1\n|turn|7\n|\n|t:|1701077381\n|move|p2a: Sneasler|Fake Out|p1a: Benga\n|-damage|p1a: Benga|0 fnt\n|faint|p1a: Benga\n|\n|upkeep\n|\n|t:|1701077386\n|switch|p1a: Nebby|Galvantula, M, shiny|100\/100\n|-damage|p1a: Nebby|75\/100|[from] Stealth Rock\n|turn|8\n|\n|t:|1701077402\n|switch|p2a: Dusclops|Dusclops, M|100\/100\n|-activate|p2a: Dusclops|move: Sticky Web\n|-unboost|p2a: Dusclops|spe|1\n|-ability|p2a: Dusclops|Pressure\n|move|p1a: Nebby|Thunder|p2a: Dusclops\n|-damage|p2a: Dusclops|72\/100\n|\n|upkeep\n|turn|9\n|\n|t:|1701077414\n|move|p1a: Nebby|Thunder|p2a: Dusclops\n|-damage|p2a: Dusclops|45\/100\n|move|p2a: Dusclops|Poltergeist|p1a: Nebby\n|-activate|p1a: Nebby|move: Poltergeist|Wide Lens\n|-damage|p1a: Nebby|11\/100\n|\n|upkeep\n|turn|10\n|\n|t:|1701077422\n|move|p2a: Dusclops|Shadow Sneak|p1a: Nebby\n|-damage|p1a: Nebby|0 fnt\n|faint|p1a: Nebby\n|\n|upkeep\n|\n|t:|1701077430\n|switch|p1a: Favourite o mine|Kyurem-White, shiny|100\/100\n|-damage|p1a: Favourite o mine|76\/100|[from] Stealth Rock\n|-ability|p1a: Favourite o mine|Turboblaze\n|turn|11\n|\n|t:|1701077442\n|move|p1a: Favourite o mine|Ice Beam|p2a: Dusclops\n|-damage|p2a: Dusclops|0 fnt\n|faint|p2a: Dusclops\n|\n|upkeep\n|\n|t:|1701077444\n|switch|p2a: Garganacl|Garganacl, F|100\/100\n|-activate|p2a: Garganacl|move: Sticky Web\n|-unboost|p2a: Garganacl|spe|1\n|turn|12\n|\n|t:|1701077452\n|switch|p1a: Mommy?|Kangaskhan, F, shiny|100\/100\n|-damage|p1a: Mommy?|88\/100|[from] Stealth Rock\n|move|p2a: Garganacl|Salt Cure|p1a: Mommy?\n|-damage|p1a: Mommy?|75\/100\n|-start|p1a: Mommy?|Salt Cure\n|\n|-damage|p1a: Mommy?|63\/100|[from] Salt Cure\n|upkeep\n|turn|13\n|\n|t:|1701077462\n|detailschange|p1a: Mommy?|Kangaskhan-Mega, F, shiny\n|-mega|p1a: Mommy?|Kangaskhan|Kangaskhanite\n|move|p1a: Mommy?|Fake Out|p2a: Garganacl\n|-resisted|p2a: Garganacl\n|-damage|p2a: Garganacl|95\/100\n|-resisted|p2a: Garganacl\n|-damage|p2a: Garganacl|93\/100\n|-hitcount|p2a: Garganacl|2\n|cant|p2a: Garganacl|flinch\n|\n|-heal|p2a: Garganacl|99\/100|[from] item: Leftovers\n|-damage|p1a: Mommy?|50\/100|[from] Salt Cure\n|upkeep\n|turn|14\n|\n|t:|1701077475\n|move|p1a: Mommy?|Drain Punch|p2a: Garganacl\n|-supereffective|p2a: Garganacl\n|-damage|p2a: Garganacl|68\/100\n|-heal|p1a: Mommy?|68\/100|[from] drain|[of] p2a: Garganacl\n|-supereffective|p2a: Garganacl\n|-damage|p2a: Garganacl|61\/100\n|-heal|p1a: Mommy?|72\/100|[from] drain|[of] p2a: Garganacl\n|-hitcount|p2a: Garganacl|2\n|move|p2a: Garganacl|Body Press|p1a: Mommy?\n|-supereffective|p1a: Mommy?\n|-damage|p1a: Mommy?|27\/100\n|\n|-heal|p2a: Garganacl|67\/100|[from] item: Leftovers\n|-damage|p1a: Mommy?|15\/100|[from] Salt Cure\n|upkeep\n|turn|15\n|\n|t:|1701077490\n|move|p1a: Mommy?|Seismic Toss|p2a: Garganacl\n|-damage|p2a: Garganacl|42\/100\n|-damage|p2a: Garganacl|18\/100\n|-hitcount|p2a: Garganacl|2\n|move|p2a: Garganacl|Recover|p2a: Garganacl\n|-heal|p2a: Garganacl|68\/100\n|\n|-heal|p2a: Garganacl|74\/100|[from] item: Leftovers\n|-damage|p1a: Mommy?|2\/100|[from] Salt Cure\n|upkeep\n|turn|16\n|\n|t:|1701077501\n|move|p1a: Mommy?|Seismic Toss|p2a: Garganacl\n|-damage|p2a: Garganacl|49\/100\n|-damage|p2a: Garganacl|24\/100\n|-hitcount|p2a: Garganacl|2\n|move|p2a: Garganacl|Recover|p2a: Garganacl\n|-heal|p2a: Garganacl|74\/100\n|\n|-heal|p2a: Garganacl|80\/100|[from] item: Leftovers\n|-damage|p1a: Mommy?|0 fnt|[from] Salt Cure\n|faint|p1a: Mommy?\n|upkeep\n|\n|t:|1701077512\n|switch|p1a: Favourite o mine|Kyurem-White, shiny|76\/100\n|-damage|p1a: Favourite o mine|51\/100|[from] Stealth Rock\n|-ability|p1a: Favourite o mine|Turboblaze\n|turn|17\n|\n|t:|1701077524\n|move|p1a: Favourite o mine|Flash Cannon|p2a: Garganacl\n|-supereffective|p2a: Garganacl\n|-damage|p2a: Garganacl|0 fnt\n|faint|p2a: Garganacl\n|\n|upkeep\n|\n|t:|1701077528\n|switch|p2a: Noivern|Noivern, M|100\/100\n|turn|18\n|\n|t:|1701077534\n|switch|p1a: Queen of air|Togekiss, F, shiny|100\/100\n|-damage|p1a: Queen of air|75\/100|[from] Stealth Rock\n|move|p2a: Noivern|Dragon Pulse|p1a: Queen of air\n|-immune|p1a: Queen of air\n|\n|-heal|p1a: Queen of air|82\/100|[from] item: Leftovers\n|upkeep\n|turn|19\n|\n|t:|1701077545\n|-zpower|p2a: Noivern\n|move|p2a: Noivern|Supersonic Skystrike|p1a: Queen of air|[zeffect]\n|-damage|p1a: Queen of air|11\/100\n|move|p1a: Queen of air|Thunder Wave|p2a: Noivern\n|-status|p2a: Noivern|par\n|\n|-heal|p1a: Queen of air|17\/100|[from] item: Leftovers\n|upkeep\n|turn|20\n|\n|t:|1701077557\n|move|p1a: Queen of air|Dazzling Gleam|p2a: Noivern\n|-supereffective|p2a: Noivern\n|-damage|p2a: Noivern|0 fnt\n|faint|p2a: Noivern\n|\n|-heal|p1a: Queen of air|23\/100|[from] item: Leftovers\n|upkeep\n|\n|t:|1701077568\n|switch|p2a: Sneasler|Sneasler, M|100\/100\n|-activate|p2a: Sneasler|move: Sticky Web\n|-unboost|p2a: Sneasler|spe|1\n|turn|21\n|\n|t:|1701077574\n|move|p2a: Sneasler|Fake Out|p1a: Queen of air\n|-damage|p1a: Queen of air|10\/100\n|cant|p1a: Queen of air|flinch\n|\n|-heal|p1a: Queen of air|16\/100|[from] item: Leftovers\n|upkeep\n|turn|22\n|\n|t:|1701077582\n|move|p2a: Sneasler|Dire Claw|p1a: Queen of air\n|-supereffective|p1a: Queen of air\n|-damage|p1a: Queen of air|0 fnt\n|faint|p1a: Queen of air\n|\n|upkeep\n|\n|t:|1701077588\n|switch|p1a: Favourite o mine|Kyurem-White, shiny|51\/100\n|-damage|p1a: Favourite o mine|26\/100|[from] Stealth Rock\n|-ability|p1a: Favourite o mine|Turboblaze\n|turn|23\n|\n|t:|1701077594\n|move|p1a: Favourite o mine|Draco Meteor|p2a: Sneasler\n|-damage|p2a: Sneasler|0 fnt\n|-unboost|p1a: Favourite o mine|spa|2\n|faint|p2a: Sneasler\n|\n|win|Raincoba\n|raw|Raincoba's rating: 1055 &rarr; <strong>1093<\/strong><br \/>(+38 for winning)\n|raw|Th3Soci3ty's rating: 1125 &rarr; <strong>1095<\/strong><br \/>(-30 for losing)\n","uploadtime":1701077599,"views":3,"p1id":"raincoba","p2id":"th3soci3ty","formatid":"gen9nationaldexubers","rating":1093,"private":0,"password":""}