{"id":"gen9nationaldexubers-1992135008","p1":"CloysterEnjoyer","p2":"Xanvoir","format":"[Gen 9] National Dex Ubers","log":"|j|\u2606CloysterEnjoyer\n|j|\u2606Xanvoir\n|t:|1700157940\n|gametype|singles\n|player|p1|CloysterEnjoyer|bruno|\n|player|p2|Xanvoir|grimsley|\n|teamsize|p1|6\n|teamsize|p2|6\n|gen|9\n|tier|[Gen 9] National Dex Ubers\n|rule|HP Percentage Mod: HP is shown in percentages\n|rule|Endless Battle Clause: Forcing endless battles is banned\n|rule|OHKO Clause: OHKO moves are banned\n|rule|Evasion Moves Clause: Evasion moves are banned\n|rule|Evasion Items Clause: Evasion items are banned\n|rule|Species Clause: Limit one of each Pok\u00e9mon\n|rule|Sleep Clause Mod: Limit one foe put to sleep\n|rule|Mega Rayquaza Clause: You cannot mega evolve Rayquaza\n|clearpoke\n|poke|p1|Zoroark-Hisui, M|\n|poke|p1|Cyclizar, F|\n|poke|p1|Ursaluna-Bloodmoon, M|\n|poke|p1|Ditto|\n|poke|p1|Lopunny, F|\n|poke|p1|Dragonite, F|\n|poke|p2|Sableye, M|\n|poke|p2|Weavile, F|\n|poke|p2|Mandibuzz, F|\n|poke|p2|Meowscarada, M|\n|poke|p2|Roaring Moon|\n|poke|p2|Kingambit, M|\n|teampreview\n|j| Rainer565\n|\n|t:|1700157964\n|start\n|switch|p1a: Lopunny|Lopunny, F|100\/100\n|switch|p2a: Meowscarada|Meowscarada, M|100\/100\n|turn|1\n|c|\u2606CloysterEnjoyer|ok\n|\n|t:|1700157971\n|detailschange|p1a: Lopunny|Lopunny-Mega, F\n|-mega|p1a: Lopunny|Lopunny|Lopunnite\n|move|p1a: Lopunny|Fake Out|p2a: Meowscarada\n|-damage|p2a: Meowscarada|65\/100\n|cant|p2a: Meowscarada|flinch\n|\n|upkeep\n|turn|2\n|\n|t:|1700157981\n|move|p2a: Meowscarada|Play Rough|p1a: Lopunny\n|-start|p2a: Meowscarada|typechange|Fairy|[from] ability: Protean\n|-supereffective|p1a: Lopunny\n|-damage|p1a: Lopunny|0 fnt\n|faint|p1a: Lopunny\n|\n|upkeep\n|c| Rainer565|Cmon sir\n|\n|t:|1700157994\n|switch|p1a: Dragonite|Dragonite, F|100\/100\n|turn|3\n|\n|t:|1700158006\n|switch|p2a: Mandibuzz|Mandibuzz, F|100\/100\n|-terastallize|p1a: Dragonite|Normal\n|move|p1a: Dragonite|Dragon Dance|p1a: Dragonite\n|-boost|p1a: Dragonite|atk|1\n|-boost|p1a: Dragonite|spe|1\n|\n|upkeep\n|turn|4\n|\n|t:|1700158020\n|switch|p1a: Ursaluna|Ursaluna-Bloodmoon, M|100\/100\n|move|p2a: Mandibuzz|Foul Play|p1a: Ursaluna\n|-supereffective|p1a: Ursaluna\n|-damage|p1a: Ursaluna|0 fnt\n|replace|p1a: Zoroark|Zoroark-Hisui, M\n|-end|p1a: Zoroark|Illusion\n|faint|p1a: Zoroark\n|\n|upkeep\n|\n|t:|1700158025\n|switch|p1a: Dragonite|Dragonite, F, tera:Normal|100\/100\n|turn|5\n|\n|t:|1700158038\n|move|p1a: Dragonite|Extreme Speed|p2a: Mandibuzz\n|-damage|p2a: Mandibuzz|75\/100\n|move|p2a: Mandibuzz|Toxic|p1a: Dragonite|[miss]\n|-miss|p2a: Mandibuzz|p1a: Dragonite\n|\n|upkeep\n|turn|6\n|\n|t:|1700158047\n|move|p1a: Dragonite|Extreme Speed|p2a: Mandibuzz\n|-damage|p2a: Mandibuzz|47\/100\n|move|p2a: Mandibuzz|Toxic|p1a: Dragonite\n|-status|p1a: Dragonite|tox\n|\n|-damage|p1a: Dragonite|94\/100 tox|[from] psn\n|upkeep\n|turn|7\n|\n|t:|1700158050\n|move|p1a: Dragonite|Extreme Speed|p2a: Mandibuzz\n|-damage|p2a: Mandibuzz|23\/100\n|move|p2a: Mandibuzz|Foul Play|p1a: Dragonite\n|-damage|p1a: Dragonite|34\/100 tox\n|\n|-damage|p1a: Dragonite|21\/100 tox|[from] psn\n|upkeep\n|turn|8\n|\n|t:|1700158055\n|switch|p2a: Sableye|Sableye, M|100\/100\n|move|p1a: Dragonite|Extreme Speed|p2a: Sableye\n|-immune|p2a: Sableye\n|\n|-damage|p1a: Dragonite|3\/100 tox|[from] psn\n|upkeep\n|turn|9\n|\n|t:|1700158065\n|detailschange|p2a: Sableye|Sableye-Mega, M\n|-mega|p2a: Sableye|Sableye|Sablenite\n|move|p1a: Dragonite|Earthquake|p2a: Sableye\n|-damage|p2a: Sableye|70\/100\n|move|p2a: Sableye|Light Screen|p2a: Sableye\n|-sidestart|p2: Xanvoir|move: Light Screen\n|\n|-damage|p1a: Dragonite|0 fnt|[from] psn\n|faint|p1a: Dragonite\n|upkeep\n|\n|t:|1700158072\n|switch|p1a: Ursaluna|Ursaluna-Bloodmoon, M|100\/100\n|turn|10\n|\n|t:|1700158089\n|move|p1a: Ursaluna|Calm Mind|p1a: Ursaluna\n|-boost|p1a: Ursaluna|spa|1\n|-boost|p1a: Ursaluna|spd|1\n|move|p2a: Sableye|Foul Play|p1a: Ursaluna\n|-damage|p1a: Ursaluna|90\/100\n|\n|-heal|p1a: Ursaluna|96\/100|[from] item: Leftovers\n|upkeep\n|turn|11\n|\n|t:|1700158094\n|move|p1a: Ursaluna|Calm Mind|p1a: Ursaluna\n|-boost|p1a: Ursaluna|spa|1\n|-boost|p1a: Ursaluna|spd|1\n|move|p2a: Sableye|Will-O-Wisp|p1a: Ursaluna\n|-status|p1a: Ursaluna|brn\n|\n|-heal|p1a: Ursaluna|100\/100 brn|[from] item: Leftovers\n|-damage|p1a: Ursaluna|94\/100 brn|[from] brn\n|upkeep\n|turn|12\n|j| Rainer367\n|\n|t:|1700158110\n|move|p1a: Ursaluna|Blood Moon|p2a: Sableye\n|-damage|p2a: Sableye|18\/100\n|move|p2a: Sableye|Foul Play|p1a: Ursaluna\n|-damage|p1a: Ursaluna|85\/100 brn\n|\n|-heal|p1a: Ursaluna|91\/100 brn|[from] item: Leftovers\n|-damage|p1a: Ursaluna|85\/100 brn|[from] brn\n|upkeep\n|turn|13\n|\n|t:|1700158116\n|move|p1a: Ursaluna|Calm Mind|p1a: Ursaluna\n|-boost|p1a: Ursaluna|spa|1\n|-boost|p1a: Ursaluna|spd|1\n|move|p2a: Sableye|Light Screen||[still]\n|-fail|p2a: Sableye\n|\n|-heal|p1a: Ursaluna|91\/100 brn|[from] item: Leftovers\n|-damage|p1a: Ursaluna|85\/100 brn|[from] brn\n|-sideend|p2: Xanvoir|move: Light Screen\n|upkeep\n|turn|14\n|\n|t:|1700158118\n|move|p1a: Ursaluna|Calm Mind|p1a: Ursaluna\n|-boost|p1a: Ursaluna|spa|1\n|-boost|p1a: Ursaluna|spd|1\n|move|p2a: Sableye|Light Screen|p2a: Sableye\n|-sidestart|p2: Xanvoir|move: Light Screen\n|\n|-heal|p1a: Ursaluna|91\/100 brn|[from] item: Leftovers\n|-damage|p1a: Ursaluna|85\/100 brn|[from] brn\n|upkeep\n|turn|15\n|\n|t:|1700158121\n|move|p1a: Ursaluna|Calm Mind|p1a: Ursaluna\n|-boost|p1a: Ursaluna|spa|1\n|-boost|p1a: Ursaluna|spd|1\n|move|p2a: Sableye|Foul Play|p1a: Ursaluna\n|-damage|p1a: Ursaluna|75\/100 brn\n|\n|-heal|p1a: Ursaluna|81\/100 brn|[from] item: Leftovers\n|-damage|p1a: Ursaluna|75\/100 brn|[from] brn\n|upkeep\n|turn|16\n|c| Rainer367|Just got home\n|\n|t:|1700158124\n|move|p1a: Ursaluna|Calm Mind|p1a: Ursaluna\n|-boost|p1a: Ursaluna|spa|1\n|-boost|p1a: Ursaluna|spd|1\n|move|p2a: Sableye|Will-O-Wisp|p1a: Ursaluna\n|-fail|p1a: Ursaluna|brn\n|\n|-heal|p1a: Ursaluna|81\/100 brn|[from] item: Leftovers\n|-damage|p1a: Ursaluna|75\/100 brn|[from] brn\n|upkeep\n|turn|17\n|\n|t:|1700158131\n|switch|p2a: Mandibuzz|Mandibuzz, F|23\/100\n|move|p1a: Ursaluna|Moonlight|p1a: Ursaluna\n|-heal|p1a: Ursaluna|100\/100 brn\n|\n|-damage|p1a: Ursaluna|94\/100 brn|[from] brn\n|upkeep\n|turn|18\n|\n|t:|1700158137\n|move|p2a: Mandibuzz|Foul Play|p1a: Ursaluna\n|-damage|p1a: Ursaluna|85\/100 brn\n|move|p1a: Ursaluna|Blood Moon|p2a: Mandibuzz\n|-damage|p2a: Mandibuzz|0 fnt\n|faint|p2a: Mandibuzz\n|\n|-heal|p1a: Ursaluna|91\/100 brn|[from] item: Leftovers\n|-damage|p1a: Ursaluna|85\/100 brn|[from] brn\n|-sideend|p2: Xanvoir|move: Light Screen\n|upkeep\n|\n|t:|1700158139\n|switch|p2a: Weavile|Weavile, F|100\/100\n|turn|19\n|\n|t:|1700158145\n|move|p2a: Weavile|Swords Dance|p2a: Weavile\n|-boost|p2a: Weavile|atk|2\n|move|p1a: Ursaluna|Earth Power|p2a: Weavile\n|-enditem|p2a: Weavile|Focus Sash\n|-damage|p2a: Weavile|1\/100\n|\n|-heal|p1a: Ursaluna|91\/100 brn|[from] item: Leftovers\n|-damage|p1a: Ursaluna|85\/100 brn|[from] brn\n|upkeep\n|turn|20\n|\n|t:|1700158154\n|switch|p1a: Ditto|Ditto, shiny|100\/100\n|-transform|p1a: Ditto|p2a: Weavile|[from] ability: Imposter\n|move|p2a: Weavile|Triple Axel|p1a: Ditto\n|-resisted|p1a: Ditto\n|-damage|p1a: Ditto|84\/100\n|-resisted|p1a: Ditto\n|-damage|p1a: Ditto|50\/100\n|-resisted|p1a: Ditto\n|-damage|p1a: Ditto|1\/100\n|-hitcount|p1a: Ditto|3\n|\n|upkeep\n|turn|21\n|\n|t:|1700158164\n|move|p1a: Ditto|Ice Shard|p2a: Weavile\n|-resisted|p2a: Weavile\n|-damage|p2a: Weavile|0 fnt\n|faint|p2a: Weavile\n|\n|upkeep\n|\n|t:|1700158171\n|switch|p2a: Meowscarada|Meowscarada, M|65\/100\n|turn|22\n|\n|t:|1700158183\n|switch|p1a: Cyclizar|Cyclizar, F|100\/100\n|switch|p2a: Sableye|Sableye-Mega, M|18\/100\n|\n|upkeep\n|turn|23\n|\n|t:|1700158201\n|switch|p2a: Roaring Moon|Roaring Moon|100\/100\n|-enditem|p2a: Roaring Moon|Booster Energy\n|-activate|p2a: Roaring Moon|ability: Protosynthesis|[fromitem]\n|-start|p2a: Roaring Moon|protosynthesisatk\n|move|p1a: Cyclizar|Shed Tail|p1a: Cyclizar\n|-start|p1a: Cyclizar|Substitute|[from] move: Shed Tail\n|-damage|p1a: Cyclizar|50\/100\n|\n|t:|1700158203\n|switch|p1a: Ursaluna|Ursaluna-Bloodmoon, M|85\/100 brn|[from] Shed Tail\n|\n|-heal|p1a: Ursaluna|91\/100 brn|[from] item: Leftovers\n|-damage|p1a: Ursaluna|85\/100 brn|[from] brn\n|upkeep\n|turn|24\n|\n|t:|1700158215\n|-terastallize|p2a: Roaring Moon|Flying\n|move|p2a: Roaring Moon|Acrobatics|p1a: Ursaluna\n|-end|p1a: Ursaluna|Substitute\n|move|p1a: Ursaluna|Calm Mind|p1a: Ursaluna\n|-boost|p1a: Ursaluna|spa|1\n|-boost|p1a: Ursaluna|spd|1\n|\n|-heal|p1a: Ursaluna|91\/100 brn|[from] item: Leftovers\n|-damage|p1a: Ursaluna|85\/100 brn|[from] brn\n|upkeep\n|turn|25\n|\n|t:|1700158221\n|move|p2a: Roaring Moon|Acrobatics|p1a: Ursaluna\n|-damage|p1a: Ursaluna|40\/100 brn\n|move|p1a: Ursaluna|Blood Moon|p2a: Roaring Moon\n|-damage|p2a: Roaring Moon|9\/100\n|\n|-heal|p1a: Ursaluna|47\/100 brn|[from] item: Leftovers\n|-damage|p1a: Ursaluna|40\/100 brn|[from] brn\n|upkeep\n|turn|26\n|\n|t:|1700158227\n|move|p2a: Roaring Moon|Acrobatics|p1a: Ursaluna\n|-damage|p1a: Ursaluna|0 fnt\n|faint|p1a: Ursaluna\n|\n|upkeep\n|\n|t:|1700158230\n|switch|p1a: Ditto|Ditto, shiny|1\/100\n|-transform|p1a: Ditto|p2a: Roaring Moon|[from] ability: Imposter\n|-start|p1a: Ditto|typechange|Dragon\/Dark|[silent]\n|turn|27\n|c| Rainer565|nooooo\n|\n|t:|1700158243\n|move|p1a: Ditto|Dragon Claw|p2a: Roaring Moon\n|-damage|p2a: Roaring Moon|0 fnt\n|faint|p2a: Roaring Moon\n|-end|p2a: Roaring Moon|Protosynthesis|[silent]\n|\n|upkeep\n|\n|t:|1700158247\n|switch|p2a: Meowscarada|Meowscarada, M|65\/100\n|turn|28\n|\n|t:|1700158252\n|-end|p1a: Ditto|Protosynthesis|[silent]\n|switch|p1a: Cyclizar|Cyclizar, F|84\/100\n|move|p2a: Meowscarada|Play Rough|p1a: Cyclizar\n|-start|p2a: Meowscarada|typechange|Fairy|[from] ability: Protean\n|-supereffective|p1a: Cyclizar\n|-damage|p1a: Cyclizar|0 fnt\n|faint|p1a: Cyclizar\n|\n|upkeep\n|\n|t:|1700158255\n|switch|p1a: Ditto|Ditto, shiny|1\/100\n|-transform|p1a: Ditto|p2a: Meowscarada|[from] ability: Imposter\n|turn|29\n|\n|t:|1700158262\n|move|p2a: Meowscarada|Play Rough|p1a: Ditto\n|-damage|p1a: Ditto|0 fnt\n|faint|p1a: Ditto\n|\n|win|Xanvoir\n|c|\u2606Xanvoir|GG\n|c| Rainer565|Gg\n|c| Rainer367|GG\n","uploadtime":1700158277,"views":24,"p1id":"cloysterenjoyer","p2id":"xanvoir","formatid":"gen9nationaldexubers","rating":0,"private":0,"password":""}