{"id":"gen9nationaldexubers-1998774418","p1":"bloody moth","p2":"ndou\u6389\u5206\u84dd\u67d0\u4fa0996","format":"[Gen 9] National Dex Ubers","log":"|j|\u2606bloody moth\n|j|\u2606ndou\u6389\u5206\u84dd\u67d0\u4fa0996\n|t:|1700988086\n|gametype|singles\n|player|p1|bloody moth|dawn|\n|player|p2|ndou\u6389\u5206\u84dd\u67d0\u4fa0996|hilbert|\n|teamsize|p1|6\n|teamsize|p2|6\n|gen|9\n|tier|[Gen 9] National Dex Ubers\n|rule|HP Percentage Mod: HP is shown in percentages\n|rule|Endless Battle Clause: Forcing endless battles is banned\n|rule|OHKO Clause: OHKO moves are banned\n|rule|Evasion Moves Clause: Evasion moves are banned\n|rule|Evasion Items Clause: Evasion items are banned\n|rule|Species Clause: Limit one of each Pok\u00e9mon\n|rule|Sleep Clause Mod: Limit one foe put to sleep\n|rule|Mega Rayquaza Clause: You cannot mega evolve Rayquaza\n|clearpoke\n|poke|p1|Eternatus|\n|poke|p1|Ho-Oh|\n|poke|p1|Scizor, M|\n|poke|p1|Ditto|\n|poke|p1|Tapu Koko|\n|poke|p1|Garchomp, M|\n|poke|p2|Dondozo, M|\n|poke|p2|Clodsire, M|\n|poke|p2|Skeledirge, F|\n|poke|p2|Chansey, F|\n|poke|p2|Yveltal|\n|poke|p2|Ho-Oh|\n|teampreview\n|\n|t:|1700988101\n|start\n|switch|p1a: Eternatus|Eternatus|100\/100\n|switch|p2a: \u6211\u8981\u5403\u996d|Yveltal|100\/100\n|-ability|p1a: Eternatus|Pressure\n|-ability|p2a: \u6211\u8981\u5403\u996d|Dark Aura\n|turn|1\n|\n|t:|1700988109\n|switch|p2a: \u7259?|Clodsire, M|100\/100\n|move|p1a: Eternatus|Dynamax Cannon|p2a: \u7259?\n|-damage|p2a: \u7259?|71\/100\n|\n|-heal|p2a: \u7259?|78\/100|[from] item: Leftovers\n|upkeep\n|turn|2\n|\n|t:|1700988117\n|switch|p1a: Ho-Oh|Ho-Oh|100\/100\n|switch|p2a: \u58ee\u58ee\u5988|Skeledirge, F|100\/100\n|\n|upkeep\n|turn|3\n|j| xiaozhaolaogong\n|\n|t:|1700988123\n|switch|p2a: \u53ef\u7231\u634f|Ho-Oh|100\/100\n|move|p1a: Ho-Oh|Earthquake|p2a: \u53ef\u7231\u634f\n|-immune|p2a: \u53ef\u7231\u634f\n|\n|upkeep\n|turn|4\n|\n|t:|1700988134\n|switch|p1a: Eternatus|Eternatus|100\/100\n|-ability|p1a: Eternatus|Pressure\n|move|p2a: \u53ef\u7231\u634f|Sacred Fire|p1a: Eternatus\n|-resisted|p1a: Eternatus\n|-damage|p1a: Eternatus|84\/100\n|\n|-heal|p1a: Eternatus|90\/100|[from] item: Leftovers\n|upkeep\n|turn|5\n|\n|t:|1700988141\n|switch|p2a: \u5c0f\u86cb|Chansey, F|100\/100\n|move|p1a: Eternatus|Dynamax Cannon|p2a: \u5c0f\u86cb\n|-damage|p2a: \u5c0f\u86cb|84\/100\n|\n|-heal|p1a: Eternatus|97\/100|[from] item: Leftovers\n|upkeep\n|turn|6\n|\n|t:|1700988150\n|switch|p1a: Ditto|Ditto|100\/100\n|-transform|p1a: Ditto|p2a: \u5c0f\u86cb|[from] ability: Imposter\n|move|p2a: \u5c0f\u86cb|Toxic|p1a: Ditto\n|-status|p1a: Ditto|tox\n|\n|-damage|p1a: Ditto|94\/100 tox|[from] psn\n|upkeep\n|turn|7\n|l| xiaozhaolaogong\n|\n|t:|1700988161\n|-curestatus|p1a: Ditto|tox|[from] ability: Natural Cure\n|switch|p1a: Garchomp|Garchomp, M, shiny|100\/100\n|move|p2a: \u5c0f\u86cb|Toxic|p1a: Garchomp\n|-status|p1a: Garchomp|tox\n|\n|-damage|p1a: Garchomp|94\/100 tox|[from] psn\n|upkeep\n|turn|8\n|\n|t:|1700988168\n|switch|p2a: \u4e11\u9738\u4e0d\u6b7b|Dondozo, M|100\/100\n|move|p1a: Garchomp|Stealth Rock|p2a: \u4e11\u9738\u4e0d\u6b7b\n|-sidestart|p2: ndou\u6389\u5206\u84dd\u67d0\u4fa0996|move: Stealth Rock\n|\n|-damage|p1a: Garchomp|82\/100 tox|[from] psn\n|upkeep\n|turn|9\n|\n|t:|1700988175\n|switch|p1a: Tapu Koko|Tapu Koko|100\/100\n|-fieldstart|move: Electric Terrain|[from] ability: Electric Surge|[of] p1a: Tapu Koko\n|move|p2a: \u4e11\u9738\u4e0d\u6b7b|Liquidation|p1a: Tapu Koko\n|-damage|p1a: Tapu Koko|58\/100\n|\n|upkeep\n|turn|10\n|\n|t:|1700988180\n|switch|p2a: \u7259?|Clodsire, M|78\/100\n|-damage|p2a: \u7259?|71\/100|[from] Stealth Rock\n|move|p1a: Tapu Koko|U-turn|p2a: \u7259?\n|-resisted|p2a: \u7259?\n|-damage|p2a: \u7259?|59\/100\n|-damage|p1a: Tapu Koko|48\/100|[from] item: Life Orb\n|\n|t:|1700988188\n|switch|p1a: Ho-Oh|Ho-Oh|100\/100|[from] U-turn\n|\n|-heal|p2a: \u7259?|65\/100|[from] item: Leftovers\n|upkeep\n|turn|11\n|j| xiaozhaolaogong\n|\n|t:|1700988194\n|switch|p2a: \u53ef\u7231\u634f|Ho-Oh|100\/100\n|move|p1a: Ho-Oh|Brave Bird|p2a: \u53ef\u7231\u634f\n|-damage|p2a: \u53ef\u7231\u634f|57\/100\n|-damage|p1a: Ho-Oh|84\/100|[from] Recoil\n|\n|upkeep\n|turn|12\n|\n|t:|1700988205\n|move|p1a: Ho-Oh|Brave Bird|p2a: \u53ef\u7231\u634f\n|-damage|p2a: \u53ef\u7231\u634f|13\/100\n|-damage|p1a: Ho-Oh|68\/100|[from] Recoil\n|move|p2a: \u53ef\u7231\u634f|Defog|p1a: Ho-Oh\n|-unboost|p1a: Ho-Oh|evasion|1\n|-sideend|p2: ndou\u6389\u5206\u84dd\u67d0\u4fa0996|Stealth Rock|[from] move: Defog|[of] p2a: \u53ef\u7231\u634f\n|-fieldend|move: Electric Terrain\n|\n|upkeep\n|turn|13\n|c| xiaozhaolaogong|\u770b\u6765\u76f4\u5230\u6211\u53bb\u4e0a\u665a\u81ea\u4e60\u4f60\u4eec\u4e5f\u6253\u4e0d\u5b8c\u8fd9\u4e00\u628a\u4e86\n|\n|t:|1700988222\n|switch|p2a: \u4e11\u9738\u4e0d\u6b7b|Dondozo, M|100\/100\n|move|p1a: Ho-Oh|Brave Bird|p2a: \u4e11\u9738\u4e0d\u6b7b\n|-damage|p2a: \u4e11\u9738\u4e0d\u6b7b|66\/100\n|-damage|p1a: Ho-Oh|53\/100|[from] Recoil\n|\n|upkeep\n|turn|14\n|\n|t:|1700988228\n|switch|p1a: Ditto|Ditto|94\/100\n|-transform|p1a: Ditto|p2a: \u4e11\u9738\u4e0d\u6b7b|[from] ability: Imposter\n|switch|p2a: \u6211\u8981\u5403\u996d|Yveltal|100\/100\n|-ability|p2a: \u6211\u8981\u5403\u996d|Dark Aura\n|\n|upkeep\n|turn|15\n|\n|t:|1700988235\n|switch|p1a: Tapu Koko|Tapu Koko|48\/100\n|-fieldstart|move: Electric Terrain|[from] ability: Electric Surge|[of] p1a: Tapu Koko\n|-terastallize|p2a: \u6211\u8981\u5403\u996d|Dark\n|move|p2a: \u6211\u8981\u5403\u996d|Knock Off|p1a: Tapu Koko\n|-resisted|p1a: Tapu Koko\n|-damage|p1a: Tapu Koko|0 fnt\n|-enditem|p1a: Tapu Koko|Life Orb|[from] move: Knock Off|[of] p2a: \u6211\u8981\u5403\u996d\n|faint|p1a: Tapu Koko\n|\n|upkeep\n|\n|t:|1700988243\n|switch|p1a: Scizor|Scizor, M|100\/100\n|turn|16\n|\n|t:|1700988247\n|switch|p2a: \u53ef\u7231\u634f|Ho-Oh|46\/100\n|detailschange|p1a: Scizor|Scizor-Mega, M\n|-mega|p1a: Scizor|Scizor|Scizorite\n|move|p1a: Scizor|U-turn|p2a: \u53ef\u7231\u634f\n|-resisted|p2a: \u53ef\u7231\u634f\n|-damage|p2a: \u53ef\u7231\u634f|40\/100\n|\n|t:|1700988252\n|switch|p1a: Ditto|Ditto|94\/100|[from] U-turn\n|-transform|p1a: Ditto|p2a: \u53ef\u7231\u634f|[from] ability: Imposter\n|\n|upkeep\n|turn|17\n|\n|t:|1700988261\n|switch|p2a: \u58ee\u58ee\u5988|Skeledirge, F|100\/100\n|move|p1a: Ditto|Sacred Fire|p2a: \u58ee\u58ee\u5988\n|-resisted|p2a: \u58ee\u58ee\u5988\n|-damage|p2a: \u58ee\u58ee\u5988|87\/100\n|\n|upkeep\n|turn|18\n|\n|t:|1700988265\n|switch|p1a: Ho-Oh|Ho-Oh|86\/100\n|move|p2a: \u58ee\u58ee\u5988|Will-O-Wisp|p1a: Ho-Oh\n|-immune|p1a: Ho-Oh\n|\n|upkeep\n|turn|19\n|\n|t:|1700988272\n|switch|p2a: \u4e11\u9738\u4e0d\u6b7b|Dondozo, M|66\/100\n|move|p1a: Ho-Oh|Brave Bird|p2a: \u4e11\u9738\u4e0d\u6b7b\n|-damage|p2a: \u4e11\u9738\u4e0d\u6b7b|32\/100\n|-damage|p1a: Ho-Oh|71\/100|[from] Recoil\n|\n|-fieldend|move: Electric Terrain\n|upkeep\n|turn|20\n|\n|t:|1700988275\n|move|p1a: Ho-Oh|Brave Bird|p2a: \u4e11\u9738\u4e0d\u6b7b\n|-damage|p2a: \u4e11\u9738\u4e0d\u6b7b|1\/100\n|-damage|p1a: Ho-Oh|58\/100|[from] Recoil\n|move|p2a: \u4e11\u9738\u4e0d\u6b7b|Rest|p2a: \u4e11\u9738\u4e0d\u6b7b\n|-status|p2a: \u4e11\u9738\u4e0d\u6b7b|slp|[from] move: Rest\n|-heal|p2a: \u4e11\u9738\u4e0d\u6b7b|100\/100 slp|[silent]\n|\n|upkeep\n|turn|21\n|c|\u2606ndou\u6389\u5206\u84dd\u67d0\u4fa0996|\u70b9\u4f4f\n|l| xiaozhaolaogong\n|\n|t:|1700988288\n|switch|p1a: Eternatus|Eternatus|97\/100\n|-ability|p1a: Eternatus|Pressure\n|cant|p2a: \u4e11\u9738\u4e0d\u6b7b|slp\n|move|p2a: \u4e11\u9738\u4e0d\u6b7b|Sleep Talk|p2a: \u4e11\u9738\u4e0d\u6b7b\n|move|p2a: \u4e11\u9738\u4e0d\u6b7b|Curse|p2a: \u4e11\u9738\u4e0d\u6b7b|[from]move: Sleep Talk\n|-unboost|p2a: \u4e11\u9738\u4e0d\u6b7b|spe|1\n|-boost|p2a: \u4e11\u9738\u4e0d\u6b7b|atk|1\n|-boost|p2a: \u4e11\u9738\u4e0d\u6b7b|def|1\n|\n|-heal|p1a: Eternatus|100\/100|[from] item: Leftovers\n|upkeep\n|turn|22\n|\n|t:|1700988294\n|switch|p2a: \u7259?|Clodsire, M|65\/100\n|move|p1a: Eternatus|Sludge Wave|p2a: \u7259?\n|-resisted|p2a: \u7259?\n|-damage|p2a: \u7259?|58\/100\n|\n|-heal|p2a: \u7259?|65\/100|[from] item: Leftovers\n|upkeep\n|turn|23\n|\n|t:|1700988300\n|switch|p1a: Scizor|Scizor-Mega, M|100\/100\n|move|p2a: \u7259?|Recover|p2a: \u7259?\n|-heal|p2a: \u7259?|100\/100\n|\n|upkeep\n|turn|24\n|\n|t:|1700988308\n|switch|p2a: \u53ef\u7231\u634f|Ho-Oh|74\/100\n|move|p1a: Scizor|U-turn|p2a: \u53ef\u7231\u634f\n|-resisted|p2a: \u53ef\u7231\u634f\n|-crit|p2a: \u53ef\u7231\u634f\n|-damage|p2a: \u53ef\u7231\u634f|66\/100\n|\n|t:|1700988311\n|switch|p1a: Eternatus|Eternatus|100\/100|[from] U-turn\n|-ability|p1a: Eternatus|Pressure\n|\n|upkeep\n|turn|25\n|\n|t:|1700988315\n|switch|p2a: \u5c0f\u86cb|Chansey, F|84\/100\n|move|p1a: Eternatus|Dynamax Cannon|p2a: \u5c0f\u86cb\n|-damage|p2a: \u5c0f\u86cb|69\/100\n|\n|upkeep\n|turn|26\n|inactive|Battle timer is ON: inactive players will automatically lose when time's up. (requested by bloody moth)\n|\n|t:|1700988318\n|switch|p1a: Scizor|Scizor-Mega, M|100\/100\n|switch|p2a: \u53ef\u7231\u634f|Ho-Oh|99\/100\n|\n|upkeep\n|turn|27\n|\n|t:|1700988324\n|switch|p1a: Ditto|Ditto|100\/100\n|-transform|p1a: Ditto|p2a: \u53ef\u7231\u634f|[from] ability: Imposter\n|move|p2a: \u53ef\u7231\u634f|Will-O-Wisp|p1a: Ditto\n|-immune|p1a: Ditto\n|\n|upkeep\n|turn|28\n|j| xiaozhaolaogong\n|\n|t:|1700988336\n|switch|p1a: Scizor|Scizor-Mega, M|100\/100\n|switch|p2a: \u4e11\u9738\u4e0d\u6b7b|Dondozo, M|100\/100 slp\n|\n|upkeep\n|turn|29\n|\n|t:|1700988341\n|move|p1a: Scizor|U-turn|p2a: \u4e11\u9738\u4e0d\u6b7b\n|-damage|p2a: \u4e11\u9738\u4e0d\u6b7b|82\/100 slp\n|\n|t:|1700988344\n|switch|p1a: Eternatus|Eternatus|100\/100|[from] U-turn\n|-ability|p1a: Eternatus|Pressure\n|cant|p2a: \u4e11\u9738\u4e0d\u6b7b|slp\n|move|p2a: \u4e11\u9738\u4e0d\u6b7b|Sleep Talk|p2a: \u4e11\u9738\u4e0d\u6b7b\n|move|p2a: \u4e11\u9738\u4e0d\u6b7b|Curse|p2a: \u4e11\u9738\u4e0d\u6b7b|[from]move: Sleep Talk\n|-unboost|p2a: \u4e11\u9738\u4e0d\u6b7b|spe|1\n|-boost|p2a: \u4e11\u9738\u4e0d\u6b7b|atk|1\n|-boost|p2a: \u4e11\u9738\u4e0d\u6b7b|def|1\n|\n|upkeep\n|turn|30\n|\n|t:|1700988351\n|switch|p2a: \u7259?|Clodsire, M|100\/100\n|move|p1a: Eternatus|Dynamax Cannon|p2a: \u7259?\n|-damage|p2a: \u7259?|72\/100\n|\n|-heal|p2a: \u7259?|79\/100|[from] item: Leftovers\n|upkeep\n|turn|31\n|\n|t:|1700988356\n|switch|p1a: Ho-Oh|Ho-Oh|91\/100\n|move|p2a: \u7259?|Toxic|p1a: Ho-Oh\n|-status|p1a: Ho-Oh|tox\n|\n|-heal|p2a: \u7259?|85\/100|[from] item: Leftovers\n|-damage|p1a: Ho-Oh|85\/100 tox|[from] psn\n|upkeep\n|turn|32\n|\n|t:|1700988366\n|switch|p1a: Eternatus|Eternatus|100\/100\n|-ability|p1a: Eternatus|Pressure\n|switch|p2a: \u53ef\u7231\u634f|Ho-Oh|100\/100\n|\n|upkeep\n|turn|33\n|\n|t:|1700988371\n|switch|p2a: \u5c0f\u86cb|Chansey, F|69\/100\n|move|p1a: Eternatus|Dynamax Cannon|p2a: \u5c0f\u86cb\n|-damage|p2a: \u5c0f\u86cb|54\/100\n|\n|upkeep\n|turn|34\n|\n|t:|1700988376\n|move|p1a: Eternatus|Dynamax Cannon|p2a: \u5c0f\u86cb\n|-damage|p2a: \u5c0f\u86cb|38\/100\n|move|p2a: \u5c0f\u86cb|Soft-Boiled|p2a: \u5c0f\u86cb\n|-heal|p2a: \u5c0f\u86cb|88\/100\n|\n|upkeep\n|turn|35\n|\n|t:|1700988381\n|move|p1a: Eternatus|Dynamax Cannon|p2a: \u5c0f\u86cb\n|-damage|p2a: \u5c0f\u86cb|71\/100\n|move|p2a: \u5c0f\u86cb|Seismic Toss|p1a: Eternatus\n|-damage|p1a: Eternatus|78\/100\n|\n|-heal|p1a: Eternatus|84\/100|[from] item: Leftovers\n|upkeep\n|turn|36\n|\n|t:|1700988386\n|switch|p1a: Scizor|Scizor-Mega, M|100\/100\n|switch|p2a: \u7259?|Clodsire, M|85\/100\n|\n|-heal|p2a: \u7259?|91\/100|[from] item: Leftovers\n|upkeep\n|turn|37\n|\n|t:|1700988394\n|move|p1a: Scizor|U-turn|p2a: \u7259?\n|-resisted|p2a: \u7259?\n|-damage|p2a: \u7259?|73\/100\n|\n|t:|1700988398\n|switch|p1a: Ditto|Ditto|100\/100|[from] U-turn\n|-transform|p1a: Ditto|p2a: \u7259?|[from] ability: Imposter\n|move|p2a: \u7259?|Earthquake|p1a: Ditto\n|-supereffective|p1a: Ditto\n|-damage|p1a: Ditto|12\/100\n|\n|-heal|p2a: \u7259?|79\/100|[from] item: Leftovers\n|upkeep\n|turn|38\n|c|\u2606ndou\u6389\u5206\u84dd\u67d0\u4fa0996|\u6210po\u5c40\u4e86\n|\n|t:|1700988409\n|switch|p2a: \u53ef\u7231\u634f|Ho-Oh|100\/100\n|move|p1a: Ditto|Recover|p1a: Ditto\n|-heal|p1a: Ditto|62\/100\n|\n|upkeep\n|turn|39\n|\n|t:|1700988416\n|move|p2a: \u53ef\u7231\u634f|Sacred Fire|p1a: Ditto\n|-damage|p1a: Ditto|0 fnt\n|faint|p1a: Ditto\n|\n|upkeep\n|-message|bloody moth forfeited.\n|\n|win|ndou\u6389\u5206\u84dd\u67d0\u4fa0996\n","uploadtime":1700988425,"views":10,"p1id":"bloodymoth","p2id":"ndou996","formatid":"gen9nationaldexubers","rating":0,"private":0,"password":""}