{"id":"gen9nationaldexubers-1986983469","p1":"KETAMlNE","p2":"Zeke Latias","format":"[Gen 9] National Dex Ubers","log":"|j|\u2606KETAMlNE\n|j|\u2606Zeke Latias\n|t:|1699546558\n|gametype|singles\n|player|p1|KETAMlNE|hugh|1370\n|player|p2|Zeke Latias|unknown|1379\n|teamsize|p1|6\n|teamsize|p2|6\n|gen|9\n|tier|[Gen 9] National Dex Ubers\n|rated|\n|rule|HP Percentage Mod: HP is shown in percentages\n|rule|Endless Battle Clause: Forcing endless battles is banned\n|rule|OHKO Clause: OHKO moves are banned\n|rule|Evasion Moves Clause: Evasion moves are banned\n|rule|Evasion Items Clause: Evasion items are banned\n|rule|Species Clause: Limit one of each Pok\u00e9mon\n|rule|Sleep Clause Mod: Limit one foe put to sleep\n|rule|Mega Rayquaza Clause: You cannot mega evolve Rayquaza\n|clearpoke\n|poke|p1|Salamence, F|\n|poke|p1|Heatran, M|\n|poke|p1|Meowscarada, F|\n|poke|p1|Annihilape, M|\n|poke|p1|Rotom-Wash|\n|poke|p1|Landorus-Therian, M|\n|poke|p2|Galvantula, F|\n|poke|p2|Marshadow|\n|poke|p2|Smeargle, M|\n|poke|p2|Necrozma-Dusk-Mane|\n|poke|p2|Zacian-*|\n|poke|p2|Shaymin-Sky|\n|teampreview\n|\n|t:|1699546594\n|start\n|switch|p1a: Meowscarada|Meowscarada, F|100\/100\n|switch|p2a: gohma|Galvantula, F, shiny|100\/100\n|turn|1\n|c|\u2606Zeke Latias|glhf\n|\n|t:|1699546602\n|switch|p1a: Heatran|Heatran, M, shiny|100\/100\n|move|p2a: gohma|Thunder Wave|p1a: Heatran\n|-status|p1a: Heatran|par\n|\n|upkeep\n|turn|2\n|c|\u2606KETAMlNE|fr\n|\n|t:|1699546608\n|move|p2a: gohma|Sticky Web|p1a: Heatran\n|-sidestart|p1: KETAMlNE|move: Sticky Web\n|move|p1a: Heatran|Flamethrower|p2a: gohma\n|-supereffective|p2a: gohma\n|-enditem|p2a: gohma|Focus Sash\n|-damage|p2a: gohma|1\/100\n|\n|upkeep\n|turn|3\n|\n|t:|1699546611\n|move|p2a: gohma|Thunder|p1a: Heatran\n|-damage|p1a: Heatran|70\/100 par\n|move|p1a: Heatran|Stealth Rock|p2a: gohma\n|-sidestart|p2: Zeke Latias|move: Stealth Rock\n|\n|-heal|p1a: Heatran|76\/100 par|[from] item: Leftovers\n|upkeep\n|turn|4\n|\n|t:|1699546616\n|move|p2a: gohma|Thunder|p1a: Heatran\n|-damage|p1a: Heatran|43\/100 par\n|move|p1a: Heatran|Flamethrower|p2a: gohma\n|-supereffective|p2a: gohma\n|-damage|p2a: gohma|0 fnt\n|faint|p2a: gohma\n|\n|-heal|p1a: Heatran|49\/100 par|[from] item: Leftovers\n|upkeep\n|\n|t:|1699546618\n|switch|p2a: korok|Smeargle, M|100\/100\n|-damage|p2a: korok|88\/100|[from] Stealth Rock\n|turn|5\n|\n|t:|1699546623\n|switch|p1a: Meowscarada|Meowscarada, F|100\/100\n|-activate|p1a: Meowscarada|move: Sticky Web\n|-unboost|p1a: Meowscarada|spe|1\n|move|p2a: korok|Substitute|p2a: korok\n|-start|p2a: korok|Substitute\n|-damage|p2a: korok|63\/100\n|\n|-heal|p2a: korok|69\/100|[from] item: Leftovers\n|-ability|p2a: korok|Moody|boost\n|-boost|p2a: korok|spa|2\n|-unboost|p2a: korok|spd|1\n|upkeep\n|turn|6\n|\n|t:|1699546634\n|move|p2a: korok|Spiky Shield|p2a: korok\n|-singleturn|p2a: korok|move: Protect\n|move|p1a: Meowscarada|Flower Trick|p2a: korok\n|-start|p1a: Meowscarada|typechange|Grass|[from] ability: Protean\n|-activate|p2a: korok|move: Protect\n|\n|-heal|p2a: korok|75\/100|[from] item: Leftovers\n|-ability|p2a: korok|Moody|boost\n|-boost|p2a: korok|spa|2\n|-unboost|p2a: korok|spe|1\n|upkeep\n|turn|7\n|\n|t:|1699546637\n|move|p1a: Meowscarada|Flower Trick|p2a: korok\n|-crit|p2a: korok\n|-end|p2a: korok|Substitute\n|move|p2a: korok|Substitute|p2a: korok\n|-start|p2a: korok|Substitute\n|-damage|p2a: korok|51\/100\n|\n|-heal|p2a: korok|57\/100|[from] item: Leftovers\n|-ability|p2a: korok|Moody|boost\n|-boost|p2a: korok|def|2\n|-unboost|p2a: korok|atk|1\n|upkeep\n|turn|8\n|\n|t:|1699546642\n|move|p2a: korok|Spiky Shield|p2a: korok\n|-singleturn|p2a: korok|move: Protect\n|move|p1a: Meowscarada|Flower Trick|p2a: korok\n|-activate|p2a: korok|move: Protect\n|\n|-heal|p2a: korok|63\/100|[from] item: Leftovers\n|-ability|p2a: korok|Moody|boost\n|-boost|p2a: korok|def|2\n|-unboost|p2a: korok|spd|1\n|upkeep\n|turn|9\n|\n|t:|1699546646\n|move|p1a: Meowscarada|Flower Trick|p2a: korok\n|-crit|p2a: korok\n|-end|p2a: korok|Substitute\n|move|p2a: korok|Substitute|p2a: korok\n|-start|p2a: korok|Substitute\n|-damage|p2a: korok|38\/100\n|\n|-heal|p2a: korok|44\/100|[from] item: Leftovers\n|-ability|p2a: korok|Moody|boost\n|-boost|p2a: korok|spe|2\n|-unboost|p2a: korok|spa|1\n|upkeep\n|turn|10\n|\n|t:|1699546651\n|switch|p1a: Landorus|Landorus-Therian, M|100\/100\n|-ability|p1a: Landorus|Intimidate|boost\n|-immune|p2a: korok\n|move|p2a: korok|Spiky Shield||[still]\n|-fail|p2a: korok\n|\n|-heal|p2a: korok|50\/100|[from] item: Leftovers\n|-ability|p2a: korok|Moody|boost\n|-boost|p2a: korok|spd|2\n|-unboost|p2a: korok|atk|1\n|upkeep\n|turn|11\n|\n|t:|1699546653\n|move|p2a: korok|Spore|p1a: Landorus\n|-status|p1a: Landorus|slp|[from] move: Spore\n|cant|p1a: Landorus|slp\n|\n|-heal|p2a: korok|56\/100|[from] item: Leftovers\n|-ability|p2a: korok|Moody|boost\n|-boost|p2a: korok|spd|2\n|-unboost|p2a: korok|spa|1\n|upkeep\n|turn|12\n|\n|t:|1699546667\n|switch|p1a: Annihilape|Annihilape, M|100\/100\n|-activate|p1a: Annihilape|move: Sticky Web\n|-unboost|p1a: Annihilape|spe|1\n|-ability|p1a: Annihilape|Defiant|boost\n|-boost|p1a: Annihilape|atk|2\n|move|p2a: korok|Spiky Shield||[still]\n|-fail|p2a: korok\n|\n|-heal|p2a: korok|62\/100|[from] item: Leftovers\n|-ability|p2a: korok|Moody|boost\n|-boost|p2a: korok|spd|2\n|-unboost|p2a: korok|spa|1\n|upkeep\n|turn|13\n|\n|t:|1699546675\n|move|p2a: korok|Spiky Shield|p2a: korok\n|-singleturn|p2a: korok|move: Protect\n|move|p1a: Annihilape|Drain Punch|p2a: korok\n|-activate|p2a: korok|move: Protect\n|-damage|p1a: Annihilape|88\/100|[from] Spiky Shield|[of] p2a: korok\n|\n|-heal|p2a: korok|68\/100|[from] item: Leftovers\n|-ability|p2a: korok|Moody|boost\n|-boost|p2a: korok|spe|2\n|-unboost|p2a: korok|def|1\n|upkeep\n|turn|14\n|\n|t:|1699546680\n|move|p2a: korok|Substitute|p2a: korok\n|-fail|p2a: korok|move: Substitute\n|move|p1a: Annihilape|Drain Punch|p2a: korok\n|-supereffective|p2a: korok\n|-end|p2a: korok|Substitute\n|-heal|p1a: Annihilape|95\/100|[from] drain|[of] p2a: korok\n|\n|-heal|p2a: korok|74\/100|[from] item: Leftovers\n|-ability|p2a: korok|Moody|boost\n|-boost|p2a: korok|atk|2\n|-unboost|p2a: korok|def|1\n|upkeep\n|turn|15\n|c|\u2606KETAMlNE|gay strat\n|\n|t:|1699546690\n|move|p2a: korok|Spiky Shield|p2a: korok\n|-singleturn|p2a: korok|move: Protect\n|move|p1a: Annihilape|Drain Punch|p2a: korok\n|-activate|p2a: korok|move: Protect\n|-damage|p1a: Annihilape|83\/100|[from] Spiky Shield|[of] p2a: korok\n|\n|-heal|p2a: korok|80\/100|[from] item: Leftovers\n|-ability|p2a: korok|Moody|boost\n|-boost|p2a: korok|spe|2\n|-unboost|p2a: korok|spa|1\n|upkeep\n|turn|16\n|\n|t:|1699546703\n|move|p2a: korok|Substitute|p2a: korok\n|-start|p2a: korok|Substitute\n|-damage|p2a: korok|55\/100\n|move|p1a: Annihilape|Drain Punch|p2a: korok\n|-supereffective|p2a: korok\n|-end|p2a: korok|Substitute\n|-heal|p1a: Annihilape|90\/100|[from] drain|[of] p2a: korok\n|\n|-heal|p2a: korok|61\/100|[from] item: Leftovers\n|-ability|p2a: korok|Moody|boost\n|-boost|p2a: korok|def|2\n|-unboost|p2a: korok|spe|1\n|upkeep\n|turn|17\n|\n|t:|1699546714\n|move|p2a: korok|Spiky Shield|p2a: korok\n|-singleturn|p2a: korok|move: Protect\n|move|p1a: Annihilape|Drain Punch|p2a: korok\n|-activate|p2a: korok|move: Protect\n|-damage|p1a: Annihilape|78\/100|[from] Spiky Shield|[of] p2a: korok\n|\n|-heal|p2a: korok|67\/100|[from] item: Leftovers\n|-ability|p2a: korok|Moody|boost\n|-boost|p2a: korok|spe|2\n|-unboost|p2a: korok|atk|1\n|upkeep\n|turn|18\n|\n|t:|1699546718\n|move|p2a: korok|Substitute|p2a: korok\n|-start|p2a: korok|Substitute\n|-damage|p2a: korok|42\/100\n|move|p1a: Annihilape|Drain Punch|p2a: korok\n|-supereffective|p2a: korok\n|-end|p2a: korok|Substitute\n|-heal|p1a: Annihilape|85\/100|[from] drain|[of] p2a: korok\n|\n|-heal|p2a: korok|48\/100|[from] item: Leftovers\n|-ability|p2a: korok|Moody|boost\n|-boost|p2a: korok|spd|2\n|-unboost|p2a: korok|atk|1\n|upkeep\n|turn|19\n|\n|t:|1699546722\n|move|p2a: korok|Spiky Shield|p2a: korok\n|-singleturn|p2a: korok|move: Protect\n|move|p1a: Annihilape|Ice Punch|p2a: korok\n|-activate|p2a: korok|move: Protect\n|-damage|p1a: Annihilape|72\/100|[from] Spiky Shield|[of] p2a: korok\n|\n|-heal|p2a: korok|54\/100|[from] item: Leftovers\n|-ability|p2a: korok|Moody|boost\n|-boost|p2a: korok|atk|2\n|-unboost|p2a: korok|spa|1\n|upkeep\n|turn|20\n|\n|t:|1699546725\n|move|p2a: korok|Substitute|p2a: korok\n|-start|p2a: korok|Substitute\n|-damage|p2a: korok|30\/100\n|move|p1a: Annihilape|Ice Punch|p2a: korok\n|-end|p2a: korok|Substitute\n|\n|-heal|p2a: korok|36\/100|[from] item: Leftovers\n|-ability|p2a: korok|Moody|boost\n|-boost|p2a: korok|atk|2\n|-unboost|p2a: korok|spd|1\n|upkeep\n|turn|21\n|\n|t:|1699546731\n|move|p2a: korok|Spiky Shield|p2a: korok\n|-singleturn|p2a: korok|move: Protect\n|move|p1a: Annihilape|Ice Punch|p2a: korok\n|-activate|p2a: korok|move: Protect\n|-damage|p1a: Annihilape|60\/100|[from] Spiky Shield|[of] p2a: korok\n|\n|-heal|p2a: korok|42\/100|[from] item: Leftovers\n|-ability|p2a: korok|Moody|boost\n|-boost|p2a: korok|spa|2\n|-unboost|p2a: korok|spd|1\n|upkeep\n|turn|22\n|\n|t:|1699546735\n|-terastallize|p2a: korok|Dark\n|move|p2a: korok|Power Trip|p1a: Annihilape\n|-damage|p1a: Annihilape|0 fnt\n|faint|p1a: Annihilape\n|\n|-heal|p2a: korok|48\/100|[from] item: Leftovers\n|-ability|p2a: korok|Moody|boost\n|-boost|p2a: korok|def|2\n|-unboost|p2a: korok|spe|1\n|upkeep\n|\n|t:|1699546750\n|switch|p1a: Salamence|Salamence, F, shiny|100\/100\n|-ability|p1a: Salamence|Intimidate|boost\n|-unboost|p2a: korok|atk|1\n|turn|23\n|\n|t:|1699546757\n|switch|p1a: Landorus|Landorus-Therian, M|100\/100 slp\n|-ability|p1a: Landorus|Intimidate|boost\n|-unboost|p2a: korok|atk|1\n|move|p2a: korok|Power Trip|p1a: Landorus\n|-damage|p1a: Landorus|42\/100 slp\n|-damage|p2a: korok|31\/100|[from] item: Rocky Helmet|[of] p1a: Landorus\n|\n|-heal|p2a: korok|37\/100|[from] item: Leftovers\n|-ability|p2a: korok|Moody|boost\n|-boost|p2a: korok|spa|2\n|-unboost|p2a: korok|atk|1\n|upkeep\n|turn|24\n|\n|t:|1699546768\n|move|p2a: korok|Substitute|p2a: korok\n|-start|p2a: korok|Substitute\n|-damage|p2a: korok|12\/100\n|-curestatus|p1a: Landorus|slp|[msg]\n|move|p1a: Landorus|Earthquake|p2a: korok\n|-end|p2a: korok|Substitute\n|\n|-heal|p2a: korok|18\/100|[from] item: Leftovers\n|-ability|p2a: korok|Moody|boost\n|-boost|p2a: korok|spe|1\n|-unboost|p2a: korok|spa|1\n|upkeep\n|turn|25\n|\n|t:|1699546782\n|switch|p1a: Rotom|Rotom-Wash, shiny|100\/100\n|move|p2a: korok|Spore|p1a: Rotom\n|-status|p1a: Rotom|slp|[from] move: Spore\n|\n|-heal|p2a: korok|24\/100|[from] item: Leftovers\n|-ability|p2a: korok|Moody|boost\n|-boost|p2a: korok|spd|2\n|-unboost|p2a: korok|spe|1\n|upkeep\n|turn|26\n|\n|t:|1699546790\n|switch|p1a: Meowscarada|Meowscarada, F|100\/100\n|-activate|p1a: Meowscarada|move: Sticky Web\n|-unboost|p1a: Meowscarada|spe|1\n|move|p2a: korok|Substitute|p2a: korok\n|-fail|p2a: korok|move: Substitute|[weak]\n|\n|-heal|p2a: korok|30\/100|[from] item: Leftovers\n|-ability|p2a: korok|Moody|boost\n|-boost|p2a: korok|spa|2\n|-unboost|p2a: korok|atk|1\n|upkeep\n|turn|27\n|\n|t:|1699546795\n|move|p2a: korok|Spiky Shield|p2a: korok\n|-singleturn|p2a: korok|move: Protect\n|move|p1a: Meowscarada|Flower Trick|p2a: korok\n|-start|p1a: Meowscarada|typechange|Grass|[from] ability: Protean\n|-activate|p2a: korok|move: Protect\n|\n|-heal|p2a: korok|36\/100|[from] item: Leftovers\n|-ability|p2a: korok|Moody|boost\n|-boost|p2a: korok|spa|2\n|-unboost|p2a: korok|atk|1\n|upkeep\n|turn|28\n|\n|t:|1699546798\n|move|p2a: korok|Substitute|p2a: korok\n|-start|p2a: korok|Substitute\n|-damage|p2a: korok|12\/100\n|move|p1a: Meowscarada|Flower Trick|p2a: korok\n|-crit|p2a: korok\n|-end|p2a: korok|Substitute\n|\n|-heal|p2a: korok|18\/100|[from] item: Leftovers\n|-ability|p2a: korok|Moody|boost\n|-boost|p2a: korok|spe|1\n|-unboost|p2a: korok|spa|1\n|upkeep\n|turn|29\n|\n|t:|1699546801\n|move|p2a: korok|Spiky Shield|p2a: korok\n|-singleturn|p2a: korok|move: Protect\n|move|p1a: Meowscarada|Flower Trick|p2a: korok\n|-activate|p2a: korok|move: Protect\n|\n|-heal|p2a: korok|24\/100|[from] item: Leftovers\n|-ability|p2a: korok|Moody|boost\n|-boost|p2a: korok|atk|2\n|-unboost|p2a: korok|spa|1\n|upkeep\n|turn|30\n|\n|t:|1699546804\n|move|p2a: korok|Power Trip|p1a: Meowscarada\n|-damage|p1a: Meowscarada|5\/100\n|move|p1a: Meowscarada|Flower Trick|p2a: korok\n|-crit|p2a: korok\n|-damage|p2a: korok|0 fnt\n|faint|p2a: korok\n|\n|upkeep\n|\n|t:|1699546807\n|switch|p2a: link|Zacian-Crowned|100\/100\n|-damage|p2a: link|94\/100|[from] Stealth Rock\n|-ability|p2a: link|Intrepid Sword|boost\n|-boost|p2a: link|atk|1\n|turn|31\n|c|\u2606KETAMlNE|LMFAO\n|\n|t:|1699546815\n|move|p2a: link|Sacred Sword|p1a: Meowscarada\n|-damage|p1a: Meowscarada|0 fnt\n|faint|p1a: Meowscarada\n|\n|upkeep\n|\n|t:|1699546820\n|switch|p1a: Heatran|Heatran, M, shiny|49\/100 par\n|-activate|p1a: Heatran|move: Sticky Web\n|-unboost|p1a: Heatran|spe|1\n|turn|32\n|\n|t:|1699546824\n|-terastallize|p1a: Heatran|Fire\n|move|p2a: link|Sacred Sword|p1a: Heatran\n|-damage|p1a: Heatran|6\/100 par\n|move|p1a: Heatran|Flamethrower|p2a: link\n|-supereffective|p2a: link\n|-damage|p2a: link|0 fnt\n|faint|p2a: link\n|\n|-heal|p1a: Heatran|13\/100 par|[from] item: Leftovers\n|upkeep\n|\n|t:|1699546829\n|switch|p2a: king of red lions|Necrozma-Dusk-Mane|100\/100\n|-damage|p2a: king of red lions|94\/100|[from] Stealth Rock\n|turn|33\n|c|\u2606KETAMlNE|ofc\n|\n|t:|1699546879\n|move|p2a: king of red lions|Dragon Dance|p2a: king of red lions\n|-boost|p2a: king of red lions|atk|1\n|-boost|p2a: king of red lions|spe|1\n|cant|p1a: Heatran|par\n|\n|-heal|p1a: Heatran|19\/100 par|[from] item: Leftovers\n|upkeep\n|turn|34\n|\n|t:|1699546885\n|move|p2a: king of red lions|Dragon Dance|p2a: king of red lions\n|-boost|p2a: king of red lions|atk|1\n|-boost|p2a: king of red lions|spe|1\n|move|p1a: Heatran|Flamethrower|p2a: king of red lions\n|-supereffective|p2a: king of red lions\n|-damage|p2a: king of red lions|32\/100\n|-enditem|p2a: king of red lions|Weakness Policy\n|-boost|p2a: king of red lions|atk|2|[from] item: Weakness Policy\n|-boost|p2a: king of red lions|spa|2|[from] item: Weakness Policy\n|\n|-heal|p1a: Heatran|25\/100 par|[from] item: Leftovers\n|upkeep\n|turn|35\n|\n|t:|1699546891\n|move|p2a: king of red lions|Photon Geyser|p1a: Heatran\n|-damage|p1a: Heatran|0 fnt\n|faint|p1a: Heatran\n|\n|upkeep\n|\n|t:|1699546895\n|switch|p1a: Landorus|Landorus-Therian, M|42\/100\n|-ability|p1a: Landorus|Intimidate|boost\n|-unboost|p2a: king of red lions|atk|1\n|turn|36\n|\n|t:|1699546898\n|move|p2a: king of red lions|Photon Geyser|p1a: Landorus\n|-damage|p1a: Landorus|0 fnt\n|faint|p1a: Landorus\n|\n|upkeep\n|\n|t:|1699546900\n|switch|p1a: Rotom|Rotom-Wash, shiny|100\/100 slp\n|turn|37\n|\n|t:|1699546910\n|move|p2a: king of red lions|Photon Geyser|p1a: Rotom\n|-damage|p1a: Rotom|0 fnt\n|faint|p1a: Rotom\n|\n|upkeep\n|\n|t:|1699546915\n|switch|p1a: Salamence|Salamence, F, shiny|100\/100\n|-ability|p1a: Salamence|Intimidate|boost\n|-unboost|p2a: king of red lions|atk|1\n|turn|38\n|\n|t:|1699546918\n|detailschange|p1a: Salamence|Salamence-Mega, F, shiny\n|-mega|p1a: Salamence|Salamence|Salamencite\n|move|p2a: king of red lions|Sunsteel Strike|p1a: Salamence\n|-damage|p1a: Salamence|15\/100\n|move|p1a: Salamence|Earthquake|p2a: king of red lions\n|-supereffective|p2a: king of red lions\n|-damage|p2a: king of red lions|0 fnt\n|faint|p2a: king of red lions\n|\n|upkeep\n|\n|t:|1699546922\n|switch|p2a: ganondorf|Marshadow|100\/100\n|-damage|p2a: ganondorf|94\/100|[from] Stealth Rock\n|turn|39\n|\n|t:|1699546931\n|move|p2a: ganondorf|Shadow Sneak|p1a: Salamence\n|-damage|p1a: Salamence|0 fnt\n|faint|p1a: Salamence\n|\n|win|Zeke Latias\n|raw|KETAMlNE's rating: 1370 &rarr; <strong>1351<\/strong><br \/>(-19 for losing)\n|raw|Zeke Latias's rating: 1379 &rarr; <strong>1398<\/strong><br \/>(+19 for winning)\n","uploadtime":1699546701,"views":5,"p1id":"ketamlne","p2id":"zekelatias","formatid":"gen9nationaldexubers","rating":1351,"private":0,"password":""}