{"id":"gen9nationaldexubers-1997578618","p1":"yuanshensb","p2":"JustMonika_CARR","format":"[Gen 9] National Dex Ubers","log":"|j|\u2606yuanshensb\n|j|\u2606JustMonika_CARR\n|t:|1700828312\n|gametype|singles\n|player|p1|yuanshensb|cynthia|1267\n|player|p2|JustMonika_CARR|rosa|1359\n|teamsize|p1|6\n|teamsize|p2|6\n|gen|9\n|tier|[Gen 9] National Dex Ubers\n|rated|\n|rule|HP Percentage Mod: HP is shown in percentages\n|rule|Endless Battle Clause: Forcing endless battles is banned\n|rule|OHKO Clause: OHKO moves are banned\n|rule|Evasion Moves Clause: Evasion moves are banned\n|rule|Evasion Items Clause: Evasion items are banned\n|rule|Species Clause: Limit one of each Pok\u00e9mon\n|rule|Sleep Clause Mod: Limit one foe put to sleep\n|rule|Mega Rayquaza Clause: You cannot mega evolve Rayquaza\n|clearpoke\n|poke|p1|Xerneas-*|\n|poke|p1|Zacian-*|\n|poke|p1|Arceus|\n|poke|p1|Groudon|\n|poke|p1|Blaziken, M|\n|poke|p1|Baxcalibur, F|\n|poke|p2|Blaziken, M|\n|poke|p2|Pheromosa|\n|poke|p2|Gothitelle, F|\n|poke|p2|Deoxys-Speed|\n|poke|p2|Arceus|\n|poke|p2|Durant, F|\n|teampreview\n|\n|t:|1700828317\n|start\n|switch|p1a: Baxcalibur|Baxcalibur, F|100\/100\n|switch|p2a: Deoxys|Deoxys-Speed, shiny|100\/100\n|-ability|p2a: Deoxys|Pressure\n|turn|1\n|\n|t:|1700828324\n|move|p2a: Deoxys|Reflect|p2a: Deoxys\n|-sidestart|p2: JustMonika_CARR|Reflect\n|move|p1a: Baxcalibur|Dragon Dance|p1a: Baxcalibur\n|-boost|p1a: Baxcalibur|atk|1\n|-boost|p1a: Baxcalibur|spe|1\n|\n|upkeep\n|turn|2\n|\n|t:|1700828329\n|move|p2a: Deoxys|Toxic|p1a: Baxcalibur\n|-status|p1a: Baxcalibur|tox\n|move|p1a: Baxcalibur|Dragon Dance|p1a: Baxcalibur\n|-boost|p1a: Baxcalibur|atk|1\n|-boost|p1a: Baxcalibur|spe|1\n|\n|-damage|p1a: Baxcalibur|94\/100 tox|[from] psn\n|upkeep\n|turn|3\n|\n|t:|1700828333\n|move|p1a: Baxcalibur|Icicle Spear|p2a: Deoxys\n|-damage|p2a: Deoxys|81\/100\n|-damage|p2a: Deoxys|64\/100\n|-damage|p2a: Deoxys|43\/100\n|-damage|p2a: Deoxys|26\/100\n|-damage|p2a: Deoxys|6\/100\n|-hitcount|p2a: Deoxys|5\n|move|p2a: Deoxys|Stealth Rock|p1a: Baxcalibur\n|-sidestart|p1: yuanshensb|move: Stealth Rock\n|\n|-damage|p1a: Baxcalibur|82\/100 tox|[from] psn\n|upkeep\n|turn|4\n|\n|t:|1700828344\n|move|p1a: Baxcalibur|Earthquake|p2a: Deoxys\n|-damage|p2a: Deoxys|0 fnt\n|faint|p2a: Deoxys\n|\n|-damage|p1a: Baxcalibur|63\/100 tox|[from] psn\n|upkeep\n|\n|t:|1700828357\n|switch|p2a: Pheromosa|Pheromosa, shiny|100\/100\n|turn|5\n|\n|t:|1700828361\n|move|p1a: Baxcalibur|Icicle Spear|p2a: Pheromosa\n|-damage|p2a: Pheromosa|57\/100\n|-damage|p2a: Pheromosa|19\/100\n|-damage|p2a: Pheromosa|0 fnt\n|faint|p2a: Pheromosa\n|-hitcount|p2: Pheromosa|3\n|\n|-damage|p1a: Baxcalibur|39\/100 tox|[from] psn\n|upkeep\n|\n|t:|1700828368\n|switch|p2a: Blaziken|Blaziken, M, shiny|100\/100\n|turn|6\n|\n|t:|1700828373\n|detailschange|p2a: Blaziken|Blaziken-Mega, M, shiny\n|-mega|p2a: Blaziken|Blaziken|Blazikenite\n|move|p2a: Blaziken|Protect|p2a: Blaziken\n|-singleturn|p2a: Blaziken|Protect\n|move|p1a: Baxcalibur|Icicle Spear|p2a: Blaziken\n|-activate|p2a: Blaziken|move: Protect\n|\n|-damage|p1a: Baxcalibur|8\/100 tox|[from] psn\n|-ability|p2a: Blaziken|Speed Boost|boost\n|-boost|p2a: Blaziken|spe|1\n|upkeep\n|turn|7\n|\n|t:|1700828379\n|move|p2a: Blaziken|Protect|p2a: Blaziken\n|-singleturn|p2a: Blaziken|Protect\n|move|p1a: Baxcalibur|Icicle Spear|p2a: Blaziken\n|-activate|p2a: Blaziken|move: Protect\n|\n|-damage|p1a: Baxcalibur|0 fnt|[from] psn\n|faint|p1a: Baxcalibur\n|-ability|p2a: Blaziken|Speed Boost|boost\n|-boost|p2a: Blaziken|spe|1\n|upkeep\n|\n|t:|1700828388\n|switch|p1a: \u69df\u57ce\u7684dog|Zacian-Crowned|100\/100\n|-damage|p1a: \u69df\u57ce\u7684dog|94\/100|[from] Stealth Rock\n|-ability|p1a: \u69df\u57ce\u7684dog|Intrepid Sword|boost\n|-boost|p1a: \u69df\u57ce\u7684dog|atk|1\n|turn|8\n|\n|t:|1700828393\n|move|p2a: Blaziken|Hone Claws|p2a: Blaziken\n|-boost|p2a: Blaziken|atk|1\n|-boost|p2a: Blaziken|accuracy|1\n|move|p1a: \u69df\u57ce\u7684dog|Behemoth Blade|p2a: Blaziken\n|-resisted|p2a: Blaziken\n|-crit|p2a: Blaziken\n|-damage|p2a: Blaziken|5\/100\n|\n|-sideend|p2: JustMonika_CARR|Reflect\n|-ability|p2a: Blaziken|Speed Boost|boost\n|-boost|p2a: Blaziken|spe|1\n|upkeep\n|turn|9\n|\n|t:|1700828402\n|move|p2a: Blaziken|Blaze Kick|p1a: \u69df\u57ce\u7684dog\n|-supereffective|p1a: \u69df\u57ce\u7684dog\n|-damage|p1a: \u69df\u57ce\u7684dog|0 fnt\n|faint|p1a: \u69df\u57ce\u7684dog\n|\n|-ability|p2a: Blaziken|Speed Boost|boost\n|-boost|p2a: Blaziken|spe|1\n|upkeep\n|\n|t:|1700828405\n|switch|p1a: Arceus|Arceus|100\/100\n|-damage|p1a: Arceus|88\/100|[from] Stealth Rock\n|turn|10\n|\n|t:|1700828414\n|move|p1a: Arceus|Extreme Speed|p2a: Blaziken\n|-damage|p2a: Blaziken|0 fnt\n|faint|p2a: Blaziken\n|\n|upkeep\n|\n|t:|1700828417\n|switch|p2a: Arceus|Arceus|100\/100\n|turn|11\n|\n|t:|1700828422\n|move|p1a: Arceus|Earthquake|p2a: Arceus\n|-damage|p2a: Arceus|78\/100\n|move|p2a: Arceus|Stored Power|p1a: Arceus\n|-damage|p1a: Arceus|83\/100\n|\n|upkeep\n|turn|12\n|c|\u2606JustMonika_CARR|Tf\n|c|\u2606JustMonika_CARR|Misclick\n|\n|t:|1700828444\n|move|p1a: Arceus|Swords Dance|p1a: Arceus\n|-boost|p1a: Arceus|atk|2\n|move|p2a: Arceus|Cosmic Power|p2a: Arceus\n|-boost|p2a: Arceus|def|1\n|-boost|p2a: Arceus|spd|1\n|\n|upkeep\n|turn|13\n|\n|t:|1700828453\n|move|p1a: Arceus|Extreme Speed|p2a: Arceus\n|-damage|p2a: Arceus|40\/100\n|move|p2a: Arceus|Cosmic Power|p2a: Arceus\n|-boost|p2a: Arceus|def|1\n|-boost|p2a: Arceus|spd|1\n|\n|upkeep\n|turn|14\n|\n|t:|1700828458\n|move|p1a: Arceus|Extreme Speed|p2a: Arceus\n|-damage|p2a: Arceus|9\/100\n|move|p2a: Arceus|Rest|p2a: Arceus\n|-status|p2a: Arceus|slp|[from] move: Rest\n|-heal|p2a: Arceus|100\/100 slp|[silent]\n|-enditem|p2a: Arceus|Chesto Berry|[eat]\n|-curestatus|p2a: Arceus|slp|[msg]\n|\n|upkeep\n|turn|15\n|\n|t:|1700828465\n|move|p1a: Arceus|Extreme Speed|p2a: Arceus\n|-damage|p2a: Arceus|71\/100\n|move|p2a: Arceus|Charge Beam|p1a: Arceus\n|-damage|p1a: Arceus|72\/100\n|-boost|p2a: Arceus|spa|1\n|\n|upkeep\n|turn|16\n|\n|t:|1700828480\n|move|p1a: Arceus|Swords Dance|p1a: Arceus\n|-boost|p1a: Arceus|atk|2\n|move|p2a: Arceus|Stored Power|p1a: Arceus\n|-damage|p1a: Arceus|34\/100\n|\n|upkeep\n|turn|17\n|\n|t:|1700828489\n|move|p1a: Arceus|Extreme Speed|p2a: Arceus\n|-damage|p2a: Arceus|23\/100\n|move|p2a: Arceus|Stored Power|p1a: Arceus\n|-damage|p1a: Arceus|0 fnt\n|faint|p1a: Arceus\n|\n|upkeep\n|\n|t:|1700828495\n|switch|p1a: Blaziken|Blaziken, M|100\/100\n|-damage|p1a: Blaziken|88\/100|[from] Stealth Rock\n|turn|18\n|\n|t:|1700828500\n|detailschange|p1a: Blaziken|Blaziken-Mega, M\n|-mega|p1a: Blaziken|Blaziken|Blazikenite\n|move|p1a: Blaziken|Close Combat|p2a: Arceus\n|-supereffective|p2a: Arceus\n|-damage|p2a: Arceus|0 fnt\n|-unboost|p1a: Blaziken|def|1\n|-unboost|p1a: Blaziken|spd|1\n|faint|p2a: Arceus\n|\n|-ability|p1a: Blaziken|Speed Boost|boost\n|-boost|p1a: Blaziken|spe|1\n|upkeep\n|\n|t:|1700828505\n|switch|p2a: Durant|Durant, F, shiny|100\/100\n|turn|19\n|\n|t:|1700828510\n|move|p2a: Durant|Entrainment|p1a: Blaziken\n|-endability|p1a: Blaziken|Speed Boost|[from] move: Entrainment\n|-ability|p1a: Blaziken|Truant|[from] move: Entrainment\n|move|p1a: Blaziken|Brick Break|p2a: Durant\n|-damage|p2a: Durant|37\/100\n|\n|upkeep\n|turn|20\n|\n|t:|1700828516\n|cant|p2a: Durant|ability: Truant\n|cant|p1a: Blaziken|ability: Truant\n|\n|upkeep\n|turn|21\n|\n|t:|1700828522\n|move|p2a: Durant|Entrainment||[still]\n|-fail|p2a: Durant\n|move|p1a: Blaziken|Swords Dance|p1a: Blaziken\n|-boost|p1a: Blaziken|atk|2\n|\n|upkeep\n|turn|22\n|\n|t:|1700828527\n|cant|p2a: Durant|ability: Truant\n|cant|p1a: Blaziken|ability: Truant\n|\n|upkeep\n|turn|23\n|\n|t:|1700828531\n|move|p2a: Durant|Entrainment||[still]\n|-fail|p2a: Durant\n|move|p1a: Blaziken|Swords Dance|p1a: Blaziken\n|-boost|p1a: Blaziken|atk|2\n|\n|upkeep\n|turn|24\n|\n|t:|1700828536\n|cant|p2a: Durant|ability: Truant\n|cant|p1a: Blaziken|ability: Truant\n|\n|upkeep\n|turn|25\n|\n|t:|1700828539\n|move|p2a: Durant|Entrainment||[still]\n|-fail|p2a: Durant\n|move|p1a: Blaziken|Fire Blast|p2a: Durant\n|-supereffective|p2a: Durant\n|-damage|p2a: Durant|0 fnt\n|faint|p2a: Durant\n|\n|upkeep\n|\n|t:|1700828544\n|switch|p2a: Gothitelle|Gothitelle, F, shiny|100\/100\n|turn|26\n|\n|t:|1700828548\n|cant|p1a: Blaziken|ability: Truant\n|move|p2a: Gothitelle|Substitute|p2a: Gothitelle\n|-start|p2a: Gothitelle|Substitute\n|-damage|p2a: Gothitelle|75\/100\n|\n|upkeep\n|turn|27\n|\n|t:|1700828553\n|move|p1a: Blaziken|Close Combat|p2a: Gothitelle\n|-resisted|p2a: Gothitelle\n|-end|p2a: Gothitelle|Substitute\n|-unboost|p1a: Blaziken|def|1\n|-unboost|p1a: Blaziken|spd|1\n|move|p2a: Gothitelle|Substitute|p2a: Gothitelle\n|-start|p2a: Gothitelle|Substitute\n|-damage|p2a: Gothitelle|50\/100\n|\n|upkeep\n|turn|28\n|\n|t:|1700828559\n|cant|p1a: Blaziken|ability: Truant\n|move|p2a: Gothitelle|Dark Pulse|p1a: Blaziken\n|-resisted|p1a: Blaziken\n|-damage|p1a: Blaziken|56\/100\n|\n|upkeep\n|turn|29\n|\n|t:|1700828565\n|move|p1a: Blaziken|Brick Break|p2a: Gothitelle\n|-resisted|p2a: Gothitelle\n|-end|p2a: Gothitelle|Substitute\n|move|p2a: Gothitelle|Substitute|p2a: Gothitelle\n|-start|p2a: Gothitelle|Substitute\n|-damage|p2a: Gothitelle|25\/100\n|-enditem|p2a: Gothitelle|Starf Berry|[eat]\n|-boost|p2a: Gothitelle|spd|2|[from] item: Starf Berry\n|\n|upkeep\n|turn|30\n|\n|t:|1700828570\n|cant|p1a: Blaziken|ability: Truant\n|move|p2a: Gothitelle|Recycle|p2a: Gothitelle\n|-item|p2a: Gothitelle|Starf Berry|[from] move: Recycle\n|-enditem|p2a: Gothitelle|Starf Berry|[eat]\n|-boost|p2a: Gothitelle|spa|2|[from] item: Starf Berry\n|\n|upkeep\n|turn|31\n|\n|t:|1700828573\n|move|p2a: Gothitelle|Protect|p2a: Gothitelle\n|-singleturn|p2a: Gothitelle|Protect\n|move|p1a: Blaziken|Brick Break|p2a: Gothitelle\n|-activate|p2a: Gothitelle|move: Protect\n|\n|upkeep\n|turn|32\n|\n|t:|1700828583\n|cant|p1a: Blaziken|ability: Truant\n|move|p2a: Gothitelle|Recycle|p2a: Gothitelle\n|-item|p2a: Gothitelle|Starf Berry|[from] move: Recycle\n|-enditem|p2a: Gothitelle|Starf Berry|[eat]\n|-boost|p2a: Gothitelle|def|2|[from] item: Starf Berry\n|\n|upkeep\n|turn|33\n|\n|t:|1700828590\n|move|p2a: Gothitelle|Protect|p2a: Gothitelle\n|-singleturn|p2a: Gothitelle|Protect\n|move|p1a: Blaziken|Close Combat|p2a: Gothitelle\n|-activate|p2a: Gothitelle|move: Protect\n|\n|upkeep\n|turn|34\n|\n|t:|1700828598\n|cant|p1a: Blaziken|ability: Truant\n|move|p2a: Gothitelle|Recycle|p2a: Gothitelle\n|-item|p2a: Gothitelle|Starf Berry|[from] move: Recycle\n|-enditem|p2a: Gothitelle|Starf Berry|[eat]\n|-boost|p2a: Gothitelle|atk|2|[from] item: Starf Berry\n|\n|upkeep\n|turn|35\n|\n|t:|1700828608\n|move|p2a: Gothitelle|Protect|p2a: Gothitelle\n|-singleturn|p2a: Gothitelle|Protect\n|move|p1a: Blaziken|Close Combat|p2a: Gothitelle\n|-activate|p2a: Gothitelle|move: Protect\n|\n|upkeep\n|turn|36\n|\n|t:|1700828614\n|cant|p1a: Blaziken|ability: Truant\n|move|p2a: Gothitelle|Recycle|p2a: Gothitelle\n|-item|p2a: Gothitelle|Starf Berry|[from] move: Recycle\n|-enditem|p2a: Gothitelle|Starf Berry|[eat]\n|-boost|p2a: Gothitelle|spa|2|[from] item: Starf Berry\n|\n|upkeep\n|turn|37\n|\n|t:|1700828619\n|move|p2a: Gothitelle|Protect|p2a: Gothitelle\n|-singleturn|p2a: Gothitelle|Protect\n|move|p1a: Blaziken|Close Combat|p2a: Gothitelle\n|-activate|p2a: Gothitelle|move: Protect\n|\n|upkeep\n|turn|38\n|inactive|Battle timer is ON: inactive players will automatically lose when time's up. (requested by JustMonika_CARR)\n|\n|t:|1700828626\n|cant|p1a: Blaziken|ability: Truant\n|move|p2a: Gothitelle|Recycle|p2a: Gothitelle\n|-item|p2a: Gothitelle|Starf Berry|[from] move: Recycle\n|-enditem|p2a: Gothitelle|Starf Berry|[eat]\n|-boost|p2a: Gothitelle|atk|2|[from] item: Starf Berry\n|\n|upkeep\n|turn|39\n|c|\u2606JustMonika_CARR|Please skip a few turns\n|\n|t:|1700828638\n|move|p2a: Gothitelle|Protect|p2a: Gothitelle\n|-singleturn|p2a: Gothitelle|Protect\n|move|p1a: Blaziken|Close Combat|p2a: Gothitelle\n|-activate|p2a: Gothitelle|move: Protect\n|\n|upkeep\n|turn|40\n|\n|t:|1700828642\n|cant|p1a: Blaziken|ability: Truant\n|move|p2a: Gothitelle|Recycle|p2a: Gothitelle\n|-item|p2a: Gothitelle|Starf Berry|[from] move: Recycle\n|-enditem|p2a: Gothitelle|Starf Berry|[eat]\n|-boost|p2a: Gothitelle|spe|2|[from] item: Starf Berry\n|\n|upkeep\n|turn|41\n|\n|t:|1700828645\n|move|p2a: Gothitelle|Protect|p2a: Gothitelle\n|-singleturn|p2a: Gothitelle|Protect\n|move|p1a: Blaziken|Close Combat|p2a: Gothitelle\n|-activate|p2a: Gothitelle|move: Protect\n|\n|upkeep\n|turn|42\n|\n|t:|1700828650\n|cant|p1a: Blaziken|ability: Truant\n|move|p2a: Gothitelle|Recycle|p2a: Gothitelle\n|-item|p2a: Gothitelle|Starf Berry|[from] move: Recycle\n|-enditem|p2a: Gothitelle|Starf Berry|[eat]\n|-boost|p2a: Gothitelle|spa|2|[from] item: Starf Berry\n|\n|upkeep\n|turn|43\n|\n|t:|1700828659\n|move|p2a: Gothitelle|Protect|p2a: Gothitelle\n|-singleturn|p2a: Gothitelle|Protect\n|move|p1a: Blaziken|Swords Dance|p1a: Blaziken\n|-boost|p1a: Blaziken|atk|2\n|\n|upkeep\n|turn|44\n|c|\u2606yuanshensb|fuk you\n|\n|t:|1700828683\n|cant|p1a: Blaziken|ability: Truant\n|move|p2a: Gothitelle|Recycle|p2a: Gothitelle\n|-item|p2a: Gothitelle|Starf Berry|[from] move: Recycle\n|-enditem|p2a: Gothitelle|Starf Berry|[eat]\n|-boost|p2a: Gothitelle|spe|2|[from] item: Starf Berry\n|\n|upkeep\n|turn|45\n|c|\u2606JustMonika_CARR|?\n|c|\u2606JustMonika_CARR|Bro it's just a game\n|\n|t:|1700828706\n|move|p2a: Gothitelle|Protect|p2a: Gothitelle\n|-singleturn|p2a: Gothitelle|Protect\n|move|p1a: Blaziken|Brick Break|p2a: Gothitelle\n|-activate|p2a: Gothitelle|move: Protect\n|\n|upkeep\n|turn|46\n|\n|t:|1700828712\n|move|p2a: Gothitelle|Recycle|p2a: Gothitelle\n|-item|p2a: Gothitelle|Starf Berry|[from] move: Recycle\n|-enditem|p2a: Gothitelle|Starf Berry|[eat]\n|-boost|p2a: Gothitelle|spe|2|[from] item: Starf Berry\n|cant|p1a: Blaziken|ability: Truant\n|\n|upkeep\n|turn|47\n|inactive|yuanshensb has 120 seconds left.\n|c|\u2606yuanshensb|Sorry\n|c|\u2606yuanshensb|I apologize to you\n|inactive|yuanshensb has 90 seconds left.\n|\n|t:|1700828774\n|move|p2a: Gothitelle|Protect|p2a: Gothitelle\n|-singleturn|p2a: Gothitelle|Protect\n|move|p1a: Blaziken|Brick Break|p2a: Gothitelle\n|-activate|p2a: Gothitelle|move: Protect\n|\n|upkeep\n|turn|48\n|inactive|yuanshensb has 90 seconds left.\n|\n|t:|1700828801\n|move|p2a: Gothitelle|Recycle|p2a: Gothitelle\n|-item|p2a: Gothitelle|Starf Berry|[from] move: Recycle\n|-enditem|p2a: Gothitelle|Starf Berry|[eat]\n|-boost|p2a: Gothitelle|def|2|[from] item: Starf Berry\n|cant|p1a: Blaziken|ability: Truant\n|\n|upkeep\n|turn|49\n|\n|t:|1700828807\n|move|p2a: Gothitelle|Protect|p2a: Gothitelle\n|-singleturn|p2a: Gothitelle|Protect\n|move|p1a: Blaziken|Brick Break|p2a: Gothitelle\n|-activate|p2a: Gothitelle|move: Protect\n|\n|upkeep\n|turn|50\n|\n|t:|1700828810\n|move|p2a: Gothitelle|Recycle|p2a: Gothitelle\n|-item|p2a: Gothitelle|Starf Berry|[from] move: Recycle\n|-enditem|p2a: Gothitelle|Starf Berry|[eat]\n|-boost|p2a: Gothitelle|def|2|[from] item: Starf Berry\n|cant|p1a: Blaziken|ability: Truant\n|\n|upkeep\n|turn|51\n|\n|t:|1700828816\n|move|p2a: Gothitelle|Protect|p2a: Gothitelle\n|-singleturn|p2a: Gothitelle|Protect\n|move|p1a: Blaziken|Brick Break|p2a: Gothitelle\n|-activate|p2a: Gothitelle|move: Protect\n|\n|upkeep\n|turn|52\n|\n|t:|1700828819\n|move|p2a: Gothitelle|Recycle|p2a: Gothitelle\n|-item|p2a: Gothitelle|Starf Berry|[from] move: Recycle\n|-enditem|p2a: Gothitelle|Starf Berry|[eat]\n|-boost|p2a: Gothitelle|atk|2|[from] item: Starf Berry\n|cant|p1a: Blaziken|ability: Truant\n|\n|upkeep\n|turn|53\n|\n|t:|1700828822\n|move|p2a: Gothitelle|Protect|p2a: Gothitelle\n|-singleturn|p2a: Gothitelle|Protect\n|move|p1a: Blaziken|Fire Blast|p2a: Gothitelle\n|-activate|p2a: Gothitelle|move: Protect\n|\n|upkeep\n|turn|54\n|\n|t:|1700828824\n|move|p2a: Gothitelle|Recycle|p2a: Gothitelle\n|-item|p2a: Gothitelle|Starf Berry|[from] move: Recycle\n|-enditem|p2a: Gothitelle|Starf Berry|[eat]\n|-boost|p2a: Gothitelle|spd|2|[from] item: Starf Berry\n|cant|p1a: Blaziken|ability: Truant\n|\n|upkeep\n|turn|55\n|\n|t:|1700828828\n|move|p2a: Gothitelle|Protect|p2a: Gothitelle\n|-singleturn|p2a: Gothitelle|Protect\n|move|p1a: Blaziken|Fire Blast|p2a: Gothitelle\n|-activate|p2a: Gothitelle|move: Protect\n|\n|upkeep\n|turn|56\n|\n|t:|1700828831\n|move|p2a: Gothitelle|Recycle|p2a: Gothitelle\n|-item|p2a: Gothitelle|Starf Berry|[from] move: Recycle\n|-enditem|p2a: Gothitelle|Starf Berry|[eat]\n|-boost|p2a: Gothitelle|spd|2|[from] item: Starf Berry\n|cant|p1a: Blaziken|ability: Truant\n|\n|upkeep\n|turn|57\n|\n|t:|1700828837\n|move|p2a: Gothitelle|Protect|p2a: Gothitelle\n|-singleturn|p2a: Gothitelle|Protect\n|move|p1a: Blaziken|Fire Blast|p2a: Gothitelle\n|-activate|p2a: Gothitelle|move: Protect\n|\n|upkeep\n|turn|58\n|\n|t:|1700828840\n|move|p2a: Gothitelle|Dark Pulse|p1a: Blaziken\n|-resisted|p1a: Blaziken\n|-damage|p1a: Blaziken|0 fnt\n|faint|p1a: Blaziken\n|\n|upkeep\n|\n|t:|1700828848\n|switch|p1a: Xerneas|Xerneas|100\/100\n|-damage|p1a: Xerneas|88\/100|[from] Stealth Rock\n|-ability|p1a: Xerneas|Fairy Aura\n|turn|59\n|\n|t:|1700828855\n|-terastallize|p1a: Xerneas|Electric\n|move|p2a: Gothitelle|Dark Pulse|p1a: Xerneas\n|-damage|p1a: Xerneas|7\/100\n|cant|p1a: Xerneas|flinch\n|\n|upkeep\n|turn|60\n|\n|t:|1700828864\n|move|p2a: Gothitelle|Dark Pulse|p1a: Xerneas\n|-damage|p1a: Xerneas|0 fnt\n|faint|p1a: Xerneas\n|\n|upkeep\n|\n|t:|1700828867\n|switch|p1a: Groudon|Groudon, shiny|100\/100\n|-damage|p1a: Groudon|94\/100|[from] Stealth Rock\n|detailschange|p1a: Groudon|Groudon-Primal, shiny\n|-primal|p1a: Groudon|Red Orb\n|-weather|DesolateLand|[from] ability: Desolate Land|[of] p1a: Groudon\n|turn|61\n|\n|t:|1700828870\n|-terastallize|p2a: Gothitelle|Dark\n|move|p2a: Gothitelle|Dark Pulse|p1a: Groudon\n|-damage|p1a: Groudon|0 fnt\n|faint|p1a: Groudon\n|-weather|none\n|\n|win|JustMonika_CARR\n|raw|yuanshensb's rating: 1267 &rarr; <strong>1248<\/strong><br \/>(-19 for losing)\n|raw|JustMonika_CARR's rating: 1359 &rarr; <strong>1374<\/strong><br \/>(+15 for winning)\n|c|\u2606JustMonika_CARR|Gg\n|l|\u2606yuanshensb\n","uploadtime":1700828888,"views":4,"p1id":"yuanshensb","p2id":"justmonikacarr","formatid":"gen9nationaldexubers","rating":1248,"private":0,"password":""}