{"id":"gen9nationaldexubers-1986124675","p1":"yxszd","p2":"Arnau_Media","format":"[Gen 9] National Dex Ubers","log":"|j|\u2606yxszd\n|j|\u2606Arnau_Media\n|t:|1699452569\n|gametype|singles\n|player|p1|yxszd|dawn-gen4pt|1443\n|player|p2|Arnau_Media|1|1618\n|teamsize|p1|6\n|teamsize|p2|6\n|gen|9\n|tier|[Gen 9] National Dex Ubers\n|rated|\n|rule|HP Percentage Mod: HP is shown in percentages\n|rule|Endless Battle Clause: Forcing endless battles is banned\n|rule|OHKO Clause: OHKO moves are banned\n|rule|Evasion Moves Clause: Evasion moves are banned\n|rule|Evasion Items Clause: Evasion items are banned\n|rule|Species Clause: Limit one of each Pok\u00e9mon\n|rule|Sleep Clause Mod: Limit one foe put to sleep\n|rule|Mega Rayquaza Clause: You cannot mega evolve Rayquaza\n|clearpoke\n|poke|p1|Banette, M|\n|poke|p1|Alomomola, M|\n|poke|p1|Landorus-Therian, M|\n|poke|p1|Heatran, F|\n|poke|p1|Gholdengo|\n|poke|p1|Ursaluna-Bloodmoon, M|\n|poke|p2|Necrozma-Dusk-Mane|\n|poke|p2|Marshadow|\n|poke|p2|Groudon|\n|poke|p2|Kyogre|\n|poke|p2|Slurpuff, M|\n|poke|p2|Lugia|\n|teampreview\n|inactive|Battle timer is ON: inactive players will automatically lose when time's up. (requested by yxszd)\n|\n|t:|1699452594\n|start\n|switch|p1a: Alomomola|Alomomola, M, shiny|100\/100\n|switch|p2a: Kyogre|Kyogre|100\/100\n|detailschange|p2a: Kyogre|Kyogre-Primal\n|-primal|p2a: Kyogre|Blue Orb\n|-weather|PrimordialSea|[from] ability: Primordial Sea|[of] p2a: Kyogre\n|turn|1\n|\n|t:|1699452612\n|switch|p1a: Landorus|Landorus-Therian, M|100\/100\n|-ability|p1a: Landorus|Intimidate|boost\n|-unboost|p2a: Kyogre|atk|1\n|move|p2a: Kyogre|Thunder|p1a: Landorus\n|-immune|p1a: Landorus\n|\n|-weather|PrimordialSea|[upkeep]\n|upkeep\n|turn|2\n|\n|t:|1699452619\n|-zpower|p1a: Landorus\n|move|p1a: Landorus|Supersonic Skystrike|p2a: Kyogre|[zeffect]\n|-damage|p2a: Kyogre|0 fnt\n|faint|p2a: Kyogre\n|-weather|none\n|\n|upkeep\n|\n|t:|1699452627\n|switch|p2a: Slurpuff|Slurpuff, M|100\/100\n|turn|3\n|\n|t:|1699452630\n|switch|p1a: Banette|Banette, M|100\/100\n|-item|p2a: Slurpuff|Focus Sash|[from] ability: Frisk|[of] p1a: Banette|[identify]\n|move|p2a: Slurpuff|Sticky Web|p1a: Banette\n|-sidestart|p1: yxszd|move: Sticky Web\n|\n|upkeep\n|turn|4\n|\n|t:|1699452638\n|detailschange|p1a: Banette|Banette-Mega, M\n|-mega|p1a: Banette|Banette|Banettite\n|move|p1a: Banette|Encore|p2a: Slurpuff\n|-start|p2a: Slurpuff|Encore\n|move|p2a: Slurpuff|Sticky Web||[still]\n|-fail|p2a: Slurpuff\n|\n|upkeep\n|turn|5\n|\n|t:|1699452644\n|switch|p2a: Necrozma|Necrozma-Dusk-Mane|100\/100\n|move|p1a: Banette|Poltergeist|p2a: Necrozma\n|-activate|p2a: Necrozma|move: Poltergeist|Rocky Helmet\n|-supereffective|p2a: Necrozma\n|-damage|p2a: Necrozma|42\/100\n|\n|upkeep\n|turn|6\n|\n|t:|1699452651\n|switch|p1a: Landorus|Landorus-Therian, M|100\/100\n|-ability|p1a: Landorus|Intimidate|boost\n|-unboost|p2a: Necrozma|atk|1\n|move|p2a: Necrozma|Knock Off|p1a: Landorus\n|-damage|p1a: Landorus|84\/100\n|\n|upkeep\n|turn|7\n|\n|t:|1699452659\n|switch|p2a: Groudon|Groudon|100\/100\n|detailschange|p2a: Groudon|Groudon-Primal\n|-primal|p2a: Groudon|Red Orb\n|-weather|DesolateLand|[from] ability: Desolate Land|[of] p2a: Groudon\n|move|p1a: Landorus|Defog|p2a: Groudon\n|-unboost|p2a: Groudon|evasion|1\n|-sideend|p1: yxszd|Sticky Web|[from] move: Defog|[of] p1a: Landorus\n|\n|-weather|DesolateLand|[upkeep]\n|upkeep\n|turn|8\n|\n|t:|1699452685\n|move|p1a: Landorus|Earthquake|p2a: Groudon\n|-supereffective|p2a: Groudon\n|-damage|p2a: Groudon|31\/100\n|move|p2a: Groudon|Eruption|p1a: Landorus\n|-damage|p1a: Landorus|27\/100\n|\n|-weather|DesolateLand|[upkeep]\n|upkeep\n|turn|9\n|-message|Arnau_Media forfeited.\n|\n|win|yxszd\n|raw|yxszd's rating: 1443 &rarr; <strong>1472<\/strong><br \/>(+29 for winning)\n|raw|Arnau_Media's rating: 1618 &rarr; <strong>1589<\/strong><br \/>(-29 for losing)\n|l|\u2606Arnau_Media\n","uploadtime":1699452703,"views":6,"p1id":"yxszd","p2id":"arnaumedia","formatid":"gen9nationaldexubers","rating":1472,"private":0,"password":""}