{"id":"gen9nationaldexubers-1993590684","p1":"kpoc12","p2":"parkle","format":"[Gen 9] National Dex Ubers","log":"|j|\u2606kpoc12\n|j|\u2606parkle\n|t:|1700335106\n|gametype|singles\n|player|p1|kpoc12|larry|\n|player|p2|parkle|hassel|\n|teamsize|p1|6\n|teamsize|p2|6\n|gen|9\n|tier|[Gen 9] National Dex Ubers\n|rule|HP Percentage Mod: HP is shown in percentages\n|rule|Endless Battle Clause: Forcing endless battles is banned\n|rule|OHKO Clause: OHKO moves are banned\n|rule|Evasion Moves Clause: Evasion moves are banned\n|rule|Evasion Items Clause: Evasion items are banned\n|rule|Species Clause: Limit one of each Pok\u00e9mon\n|rule|Sleep Clause Mod: Limit one foe put to sleep\n|rule|Mega Rayquaza Clause: You cannot mega evolve Rayquaza\n|clearpoke\n|poke|p1|Komala, M|\n|poke|p1|Dudunsparce-*, F|\n|poke|p1|Ambipom, F|\n|poke|p1|Maushold-Four|\n|poke|p1|Smeargle, M|\n|poke|p1|Staraptor, M|\n|poke|p2|Noivern, F|\n|poke|p2|Haxorus, M|\n|poke|p2|Dragalge, M|\n|poke|p2|Flapple, F|\n|poke|p2|Dragonite, M|\n|poke|p2|Baxcalibur, M|\n|teampreview\n|\n|t:|1700335139\n|start\n|switch|p1a: Smeargle|Smeargle, M|100\/100\n|switch|p2a: Haxorus|Haxorus, M|100\/100\n|-ability|p2a: Haxorus|Mold Breaker\n|turn|1\n|\n|t:|1700335171\n|move|p2a: Haxorus|Crunch|p1a: Smeargle\n|-damage|p1a: Smeargle|8\/100\n|-damage|p2a: Haxorus|91\/100|[from] item: Life Orb\n|move|p1a: Smeargle|Spore|p2a: Haxorus\n|-status|p2a: Haxorus|slp|[from] move: Spore\n|\n|upkeep\n|turn|2\n|\n|t:|1700335190\n|cant|p2a: Haxorus|slp\n|move|p1a: Smeargle|Swords Dance|p1a: Smeargle\n|-boost|p1a: Smeargle|atk|2\n|\n|upkeep\n|turn|3\n|c|\u2606parkle|BRO EEPING\n|\n|t:|1700335205\n|-curestatus|p2a: Haxorus|slp|[msg]\n|move|p2a: Haxorus|Rock Tomb|p1a: Smeargle\n|-damage|p1a: Smeargle|0 fnt\n|faint|p1a: Smeargle\n|-damage|p2a: Haxorus|81\/100|[from] item: Life Orb\n|\n|upkeep\n|c|\u2606kpoc12|me when one turn fucking sleep\n|c|\u2606kpoc12|ok\n|\n|t:|1700335223\n|switch|p1a: Dudunsparce|Dudunsparce, F|100\/100\n|turn|4\n|\n|t:|1700335236\n|move|p2a: Haxorus|Dragon Claw|p1a: Dudunsparce\n|-damage|p1a: Dudunsparce|47\/100\n|-damage|p2a: Haxorus|71\/100|[from] item: Life Orb\n|move|p1a: Dudunsparce|Coil|p1a: Dudunsparce\n|-boost|p1a: Dudunsparce|atk|1\n|-boost|p1a: Dudunsparce|def|1\n|-boost|p1a: Dudunsparce|accuracy|1\n|\n|upkeep\n|turn|5\n|c|\u2606kpoc12|THATS THE ONLY BUILD GOOD ON IT\n|\n|t:|1700335252\n|move|p2a: Haxorus|Iron Head|p1a: Dudunsparce\n|-damage|p1a: Dudunsparce|22\/100\n|-damage|p2a: Haxorus|61\/100|[from] item: Life Orb\n|move|p1a: Dudunsparce|Dragon Tail|p2a: Haxorus\n|-supereffective|p2a: Haxorus\n|-damage|p2a: Haxorus|0 fnt\n|faint|p2a: Haxorus\n|\n|upkeep\n|j| AutumnCookie\n|\n|t:|1700335265\n|switch|p2a: Noivern|Noivern, F|100\/100\n|turn|6\n|\n|t:|1700335280\n|move|p2a: Noivern|Super Fang|p1a: Dudunsparce\n|-damage|p1a: Dudunsparce|11\/100\n|move|p1a: Dudunsparce|Dragon Tail|p2a: Noivern\n|-supereffective|p2a: Noivern\n|-damage|p2a: Noivern|31\/100\n|drag|p2a: Flapple|Flapple, F|100\/100\n|\n|upkeep\n|turn|7\n|\n|t:|1700335297\n|move|p2a: Flapple|Leech Seed|p1a: Dudunsparce\n|-start|p1a: Dudunsparce|move: Leech Seed\n|move|p1a: Dudunsparce|Dragon Tail|p2a: Flapple\n|-supereffective|p2a: Flapple\n|-damage|p2a: Flapple|35\/100\n|-enditem|p2a: Flapple|Sitrus Berry|[eat]\n|-heal|p2a: Flapple|60\/100|[from] item: Sitrus Berry\n|drag|p2a: Baxcalibur|Baxcalibur, M|100\/100\n|\n|-damage|p1a: Dudunsparce|0 fnt|[from] Leech Seed|[of] p2a: Baxcalibur\n|faint|p1a: Dudunsparce\n|upkeep\n|\n|t:|1700335320\n|switch|p1a: Ambipom|Ambipom, F|100\/100\n|turn|8\n|\n|t:|1700335342\n|move|p1a: Ambipom|Fake Out|p2a: Baxcalibur\n|-damage|p2a: Baxcalibur|73\/100\n|cant|p2a: Baxcalibur|flinch\n|\n|upkeep\n|turn|9\n|\n|t:|1700335347\n|-terastallize|p1a: Ambipom|Fighting\n|move|p1a: Ambipom|Power-Up Punch|p2a: Baxcalibur\n|-supereffective|p2a: Baxcalibur\n|-damage|p2a: Baxcalibur|24\/100\n|-boost|p1a: Ambipom|atk|1\n|move|p2a: Baxcalibur|Brick Break|p1a: Ambipom\n|-damage|p1a: Ambipom|52\/100\n|\n|-heal|p1a: Ambipom|58\/100|[from] item: Leftovers\n|upkeep\n|turn|10\n|\n|t:|1700335389\n|move|p1a: Ambipom|Power-Up Punch|p2a: Baxcalibur\n|-supereffective|p2a: Baxcalibur\n|-damage|p2a: Baxcalibur|0 fnt\n|-boost|p1a: Ambipom|atk|1\n|faint|p2a: Baxcalibur\n|\n|-heal|p1a: Ambipom|64\/100|[from] item: Leftovers\n|upkeep\n|\n|t:|1700335399\n|switch|p2a: Dragalge|Dragalge, M|100\/100\n|turn|11\n|\n|t:|1700335411\n|move|p1a: Ambipom|Knock Off|p2a: Dragalge\n|-damage|p2a: Dragalge|33\/100\n|-enditem|p2a: Dragalge|Black Sludge|[from] move: Knock Off|[of] p1a: Ambipom\n|move|p2a: Dragalge|Thunderbolt|p1a: Ambipom\n|-damage|p1a: Ambipom|21\/100\n|\n|-heal|p1a: Ambipom|27\/100|[from] item: Leftovers\n|upkeep\n|turn|12\n|j| cassinidivision\n|\n|t:|1700335420\n|move|p1a: Ambipom|Double Hit|p2a: Dragalge|[miss]\n|-miss|p1a: Ambipom|p2a: Dragalge\n|move|p2a: Dragalge|Dragon Pulse|p1a: Ambipom\n|-damage|p1a: Ambipom|0 fnt\n|faint|p1a: Ambipom\n|\n|upkeep\n|c|\u2606kpoc12|90 accuracy move btw\n|c|\u2606parkle|THE MISS\n|c| AutumnCookie|lol\n|\n|t:|1700335444\n|switch|p1a: Komala|Komala, M|100\/100\n|-ability|p1a: Komala|Comatose\n|turn|13\n|\n|t:|1700335466\n|move|p1a: Komala|Yawn|p2a: Dragalge\n|-start|p2a: Dragalge|move: Yawn|[of] p1a: Komala\n|move|p2a: Dragalge|Sludge Bomb|p1a: Komala\n|-damage|p1a: Komala|65\/100\n|\n|-heal|p1a: Komala|71\/100|[from] item: Leftovers\n|upkeep\n|turn|14\n|\n|t:|1700335474\n|move|p1a: Komala|Protect|p1a: Komala\n|-singleturn|p1a: Komala|Protect\n|move|p2a: Dragalge|Sludge Bomb|p1a: Komala\n|-activate|p1a: Komala|move: Protect\n|\n|-heal|p1a: Komala|77\/100|[from] item: Leftovers\n|-end|p2a: Dragalge|move: Yawn|[silent]\n|-status|p2a: Dragalge|slp\n|upkeep\n|turn|15\n|\n|t:|1700335491\n|move|p1a: Komala|Return|p2a: Dragalge\n|-damage|p2a: Dragalge|0 fnt\n|faint|p2a: Dragalge\n|\n|-heal|p1a: Komala|83\/100|[from] item: Leftovers\n|upkeep\n|\n|t:|1700335538\n|switch|p2a: Noivern|Noivern, F|31\/100\n|turn|16\n|c|\u2606kpoc12|WOE POPULATION BOMB UPON YE\n|\n|t:|1700335548\n|move|p2a: Noivern|Boomburst|p1a: Komala\n|-damage|p1a: Komala|52\/100\n|move|p1a: Komala|Return|p2a: Noivern\n|-crit|p2a: Noivern\n|-damage|p2a: Noivern|0 fnt\n|faint|p2a: Noivern\n|\n|-heal|p1a: Komala|58\/100|[from] item: Leftovers\n|upkeep\n|\n|t:|1700335558\n|switch|p2a: Flapple|Flapple, F|60\/100\n|turn|17\n|\n|t:|1700335570\n|move|p2a: Flapple|Leech Seed|p1a: Komala\n|-start|p1a: Komala|move: Leech Seed\n|move|p1a: Komala|Yawn|p2a: Flapple\n|-start|p2a: Flapple|move: Yawn|[of] p1a: Komala\n|\n|-heal|p1a: Komala|64\/100|[from] item: Leftovers\n|-damage|p1a: Komala|52\/100|[from] Leech Seed|[of] p2a: Flapple\n|-heal|p2a: Flapple|72\/100|[silent]\n|upkeep\n|turn|18\n|\n|t:|1700335587\n|move|p1a: Komala|Protect|p1a: Komala\n|-singleturn|p1a: Komala|Protect\n|move|p2a: Flapple|Seed Bomb|p1a: Komala\n|-activate|p1a: Komala|move: Protect\n|\n|-heal|p1a: Komala|58\/100|[from] item: Leftovers\n|-damage|p1a: Komala|45\/100|[from] Leech Seed|[of] p2a: Flapple\n|-heal|p2a: Flapple|84\/100|[silent]\n|-end|p2a: Flapple|move: Yawn|[silent]\n|-status|p2a: Flapple|slp\n|upkeep\n|turn|19\n|\n|t:|1700335598\n|cant|p2a: Flapple|slp\n|move|p1a: Komala|Return|p2a: Flapple\n|-damage|p2a: Flapple|33\/100 slp\n|\n|-heal|p1a: Komala|51\/100|[from] item: Leftovers\n|-damage|p1a: Komala|39\/100|[from] Leech Seed|[of] p2a: Flapple\n|-heal|p2a: Flapple|45\/100 slp|[silent]\n|upkeep\n|turn|20\n|\n|t:|1700335611\n|cant|p2a: Flapple|slp\n|move|p1a: Komala|Return|p2a: Flapple\n|-damage|p2a: Flapple|0 fnt\n|faint|p2a: Flapple\n|\n|-heal|p1a: Komala|45\/100|[from] item: Leftovers\n|upkeep\n|\n|t:|1700335619\n|switch|p2a: Dragonite|Dragonite, M|100\/100\n|turn|21\n|\n|t:|1700335632\n|move|p2a: Dragonite|Stone Edge|p1a: Komala\n|-damage|p1a: Komala|0 fnt\n|faint|p1a: Komala\n|\n|upkeep\n|\n|t:|1700335637\n|switch|p1a: Maushold|Maushold-Four, shiny|100\/100\n|turn|22\n|c|\u2606kpoc12|HE HAS NO IDEA\n|c|\u2606kpoc12|ZERO IDEA ITS SHINY\n|\n|t:|1700335661\n|move|p1a: Maushold|Population Bomb|p2a: Dragonite\n|-damage|p2a: Dragonite|88\/100\n|-damage|p2a: Dragonite|75\/100\n|-damage|p2a: Dragonite|63\/100\n|-damage|p2a: Dragonite|52\/100\n|-damage|p2a: Dragonite|39\/100\n|-damage|p2a: Dragonite|26\/100\n|-damage|p2a: Dragonite|15\/100\n|-damage|p2a: Dragonite|2\/100\n|-damage|p2a: Dragonite|0 fnt\n|faint|p2a: Dragonite\n|-hitcount|p2: Dragonite|9\n|\n|win|kpoc12\n|c|\u2606kpoc12|HEDUSGFUSGUS\n|c|\u2606parkle|WHAT THE SHIT\n|c|\u2606kpoc12|WOE POPULATION BOMB BE UPON YE\n|c|\u2606kpoc12|NO IT HAS WIDE LENS\n|c|\u2606kpoc12|WHY DOES HE ONLY WIN WHEN HES DRUNK\n","uploadtime":1700335731,"views":24,"p1id":"kpoc12","p2id":"parkle","formatid":"gen9nationaldexubers","rating":0,"private":0,"password":""}