{"id":"gen9nationaldexubers-1986064864","p1":"1 em trach thu","p2":"BlackStar150520","format":"[Gen 9] National Dex Ubers","log":"|j|\u26061 em trach thu\n|j|\u2606BlackStar150520\n|t:|1699445952\n|gametype|singles\n|player|p1|1 em trach thu|1|1519\n|player|p2|BlackStar150520|unknown|1830\n|teamsize|p1|6\n|teamsize|p2|6\n|gen|9\n|tier|[Gen 9] National Dex Ubers\n|rated|\n|rule|HP Percentage Mod: HP is shown in percentages\n|rule|Endless Battle Clause: Forcing endless battles is banned\n|rule|OHKO Clause: OHKO moves are banned\n|rule|Evasion Moves Clause: Evasion moves are banned\n|rule|Evasion Items Clause: Evasion items are banned\n|rule|Species Clause: Limit one of each Pok\u00e9mon\n|rule|Sleep Clause Mod: Limit one foe put to sleep\n|rule|Mega Rayquaza Clause: You cannot mega evolve Rayquaza\n|clearpoke\n|poke|p1|Kyogre|\n|poke|p1|Groudon|\n|poke|p1|Zacian-*|\n|poke|p1|Arceus|\n|poke|p1|Rayquaza|\n|poke|p1|Banette, F|\n|poke|p2|Arceus-Dark|\n|poke|p2|Dondozo, M|\n|poke|p2|Magearna|\n|poke|p2|Ditto|\n|poke|p2|Zygarde|\n|poke|p2|Necrozma-Dusk-Mane|\n|teampreview\n|inactive|Battle timer is ON: inactive players will automatically lose when time's up. (requested by BlackStar150520)\n|\n|t:|1699445967\n|start\n|switch|p1a: Arceus|Arceus|100\/100\n|switch|p2a: Necrozma|Necrozma-Dusk-Mane|100\/100\n|turn|1\n|\n|t:|1699445975\n|move|p1a: Arceus|Stealth Rock|p2a: Necrozma\n|-sidestart|p2: BlackStar150520|move: Stealth Rock\n|move|p2a: Necrozma|Stealth Rock|p1a: Arceus\n|-sidestart|p1: 1 em trach thu|move: Stealth Rock\n|\n|upkeep\n|turn|2\n|\n|t:|1699445981\n|switch|p1a: Groudon|Groudon|100\/100\n|-damage|p1a: Groudon|94\/100|[from] Stealth Rock\n|detailschange|p1a: Groudon|Groudon-Primal\n|-primal|p1a: Groudon|Red Orb\n|-weather|DesolateLand|[from] ability: Desolate Land|[of] p1a: Groudon\n|move|p2a: Necrozma|Photon Geyser|p1a: Groudon\n|-damage|p1a: Groudon|46\/100\n|\n|-weather|DesolateLand|[upkeep]\n|upkeep\n|turn|3\n|\n|t:|1699445995\n|detailschange|p2a: Necrozma|Necrozma-Ultra\n|-burst|p2a: Necrozma|Necrozma|Ultranecrozium Z\n|move|p2a: Necrozma|Photon Geyser|p1a: Groudon\n|-damage|p1a: Groudon|0 fnt\n|faint|p1a: Groudon\n|-weather|none\n|\n|upkeep\n|\n|t:|1699446005\n|switch|p1a: Kyogre|Kyogre|100\/100\n|-damage|p1a: Kyogre|88\/100|[from] Stealth Rock\n|detailschange|p1a: Kyogre|Kyogre-Primal\n|-primal|p1a: Kyogre|Blue Orb\n|-weather|PrimordialSea|[from] ability: Primordial Sea|[of] p1a: Kyogre\n|turn|4\n|\n|t:|1699446013\n|-zpower|p2a: Necrozma\n|move|p2a: Necrozma|Light That Burns the Sky|p1a: Kyogre|[zeffect]\n|-damage|p1a: Kyogre|9\/100\n|move|p1a: Kyogre|Ice Beam|p2a: Necrozma\n|-supereffective|p2a: Necrozma\n|-damage|p2a: Necrozma|15\/100\n|\n|-weather|PrimordialSea|[upkeep]\n|upkeep\n|turn|5\n|\n|t:|1699446024\n|move|p2a: Necrozma|Photon Geyser|p1a: Kyogre\n|-damage|p1a: Kyogre|0 fnt\n|faint|p1a: Kyogre\n|-weather|none\n|\n|upkeep\n|\n|t:|1699446032\n|switch|p1a: Rayquaza|Rayquaza|100\/100\n|-damage|p1a: Rayquaza|76\/100|[from] Stealth Rock\n|-ability|p1a: Rayquaza|Air Lock\n|turn|6\n|\n|t:|1699446039\n|move|p1a: Rayquaza|Extreme Speed|p2a: Necrozma\n|-damage|p2a: Necrozma|0 fnt\n|faint|p2a: Necrozma\n|\n|upkeep\n|\n|t:|1699446043\n|switch|p2a: Arceus|Arceus-Dark|100\/100\n|-damage|p2a: Arceus|88\/100|[from] Stealth Rock\n|turn|7\n|\n|t:|1699446048\n|move|p2a: Arceus|Foul Play|p1a: Rayquaza\n|-damage|p1a: Rayquaza|16\/100\n|move|p1a: Rayquaza|Draco Meteor|p2a: Arceus\n|-damage|p2a: Arceus|37\/100\n|-unboost|p1a: Rayquaza|spa|2\n|\n|upkeep\n|turn|8\n|\n|t:|1699446056\n|move|p2a: Arceus|Recover|p2a: Arceus\n|-heal|p2a: Arceus|87\/100\n|move|p1a: Rayquaza|V-create|p2a: Arceus\n|-damage|p2a: Arceus|51\/100\n|-unboost|p1a: Rayquaza|spe|1\n|-unboost|p1a: Rayquaza|def|1\n|-unboost|p1a: Rayquaza|spd|1\n|\n|upkeep\n|turn|9\n|\n|t:|1699446067\n|move|p2a: Arceus|Recover|p2a: Arceus\n|-heal|p2a: Arceus|100\/100\n|move|p1a: Rayquaza|V-create|p2a: Arceus\n|-damage|p2a: Arceus|64\/100\n|-unboost|p1a: Rayquaza|spe|1\n|-unboost|p1a: Rayquaza|def|1\n|-unboost|p1a: Rayquaza|spd|1\n|\n|upkeep\n|turn|10\n|\n|t:|1699446076\n|move|p2a: Arceus|Foul Play|p1a: Rayquaza\n|-damage|p1a: Rayquaza|0 fnt\n|faint|p1a: Rayquaza\n|\n|upkeep\n|\n|t:|1699446083\n|switch|p1a: Arceus|Arceus|100\/100\n|-damage|p1a: Arceus|88\/100|[from] Stealth Rock\n|turn|11\n|\n|t:|1699446091\n|move|p1a: Arceus|Toxic|p2a: Arceus\n|-status|p2a: Arceus|tox\n|move|p2a: Arceus|Toxic|p1a: Arceus\n|-status|p1a: Arceus|tox\n|\n|-heal|p1a: Arceus|94\/100 tox|[from] item: Leftovers\n|-damage|p2a: Arceus|58\/100 tox|[from] psn\n|-damage|p1a: Arceus|88\/100 tox|[from] psn\n|upkeep\n|turn|12\n|\n|t:|1699446103\n|switch|p2a: Magearna|Magearna|100\/100\n|-damage|p2a: Magearna|94\/100|[from] Stealth Rock\n|move|p1a: Arceus|Extreme Speed|p2a: Magearna\n|-resisted|p2a: Magearna\n|-damage|p2a: Magearna|82\/100\n|\n|-heal|p1a: Arceus|94\/100 tox|[from] item: Leftovers\n|-damage|p1a: Arceus|82\/100 tox|[from] psn\n|upkeep\n|turn|13\n|\n|t:|1699446115\n|move|p1a: Arceus|Defog|p2a: Magearna\n|-unboost|p2a: Magearna|evasion|1\n|-sideend|p2: BlackStar150520|Stealth Rock|[from] move: Defog|[of] p1a: Arceus\n|-sideend|p1: 1 em trach thu|Stealth Rock|[from] move: Defog|[of] p1a: Arceus\n|move|p2a: Magearna|Heal Bell|p2a: Magearna\n|-activate|p2a: Magearna|move: Heal Bell\n|-curestatus|p2: Arceus|tox|[msg]\n|\n|-heal|p1a: Arceus|88\/100 tox|[from] item: Leftovers\n|-damage|p1a: Arceus|70\/100 tox|[from] psn\n|upkeep\n|turn|14\n|\n|t:|1699446127\n|move|p1a: Arceus|Stealth Rock|p2a: Magearna\n|-sidestart|p2: BlackStar150520|move: Stealth Rock\n|move|p2a: Magearna|Fleur Cannon|p1a: Arceus\n|-damage|p1a: Arceus|25\/100 tox\n|-unboost|p2a: Magearna|spa|2\n|\n|-heal|p1a: Arceus|31\/100 tox|[from] item: Leftovers\n|-damage|p1a: Arceus|7\/100 tox|[from] psn\n|upkeep\n|turn|15\n|\n|t:|1699446137\n|move|p1a: Arceus|Extreme Speed|p2a: Magearna\n|-resisted|p2a: Magearna\n|-damage|p2a: Magearna|68\/100\n|move|p2a: Magearna|Heart Swap|p1a: Arceus\n|-swapboost|p2a: Magearna|p1a: Arceus|[from] move: Heart Swap\n|\n|-heal|p1a: Arceus|13\/100 tox|[from] item: Leftovers\n|-damage|p1a: Arceus|0 fnt|[from] psn\n|faint|p1a: Arceus\n|-ability|p2a: Magearna|Soul-Heart|boost\n|-boost|p2a: Magearna|spa|1\n|upkeep\n|\n|t:|1699446149\n|switch|p1a: Zacian|Zacian-Crowned|100\/100\n|-ability|p1a: Zacian|Intrepid Sword|boost\n|-boost|p1a: Zacian|atk|1\n|turn|16\n|\n|t:|1699446156\n|switch|p2a: Dondozo|Dondozo, M|100\/100\n|-damage|p2a: Dondozo|88\/100|[from] Stealth Rock\n|-terastallize|p1a: Zacian|Ground\n|move|p1a: Zacian|Tera Blast|p2a: Dondozo|[anim] Tera Blast Ground\n|-damage|p2a: Dondozo|67\/100\n|\n|-heal|p2a: Dondozo|73\/100|[from] item: Leftovers\n|upkeep\n|turn|17\n|\n|t:|1699446167\n|move|p1a: Zacian|Wild Charge|p2a: Dondozo\n|-supereffective|p2a: Dondozo\n|-damage|p2a: Dondozo|39\/100\n|-damage|p1a: Zacian|88\/100|[from] Recoil\n|move|p2a: Dondozo|Liquidation|p1a: Zacian\n|-supereffective|p1a: Zacian\n|-damage|p1a: Zacian|32\/100\n|\n|-heal|p2a: Dondozo|46\/100|[from] item: Leftovers\n|upkeep\n|turn|18\n|\n|t:|1699446177\n|move|p1a: Zacian|Wild Charge|p2a: Dondozo\n|-supereffective|p2a: Dondozo\n|-damage|p2a: Dondozo|12\/100\n|-damage|p1a: Zacian|19\/100|[from] Recoil\n|move|p2a: Dondozo|Liquidation|p1a: Zacian\n|-supereffective|p1a: Zacian\n|-damage|p1a: Zacian|0 fnt\n|faint|p1a: Zacian\n|\n|-heal|p2a: Dondozo|18\/100|[from] item: Leftovers\n|upkeep\n|\n|t:|1699446189\n|switch|p1a: Banette|Banette, F|100\/100\n|-item|p2a: Dondozo|Leftovers|[from] ability: Frisk|[of] p1a: Banette|[identify]\n|turn|19\n|\n|t:|1699446194\n|detailschange|p1a: Banette|Banette-Mega, F\n|-mega|p1a: Banette|Banette|Banettite\n|move|p1a: Banette|Knock Off|p2a: Dondozo\n|-damage|p2a: Dondozo|0 fnt\n|-enditem|p2a: Dondozo|Leftovers|[from] move: Knock Off|[of] p1a: Banette\n|faint|p2a: Dondozo\n|\n|upkeep\n|\n|t:|1699446199\n|switch|p2a: Ditto|Ditto, shiny|100\/100\n|-damage|p2a: Ditto|88\/100|[from] Stealth Rock\n|-transform|p2a: Ditto|p1a: Banette|[from] ability: Imposter\n|turn|20\n|\n|t:|1699446206\n|move|p2a: Ditto|Destiny Bond|p2a: Ditto\n|-singlemove|p2a: Ditto|Destiny Bond\n|move|p1a: Banette|Destiny Bond|p1a: Banette\n|-singlemove|p1a: Banette|Destiny Bond\n|\n|upkeep\n|turn|21\n|\n|t:|1699446218\n|switch|p2a: Arceus|Arceus-Dark|58\/100\n|-damage|p2a: Arceus|45\/100|[from] Stealth Rock\n|move|p1a: Banette|Taunt|p2a: Arceus\n|-hint|Since gen 7, Dark is immune to Prankster moves.\n|-immune|p2a: Arceus\n|\n|upkeep\n|turn|22\n|\n|t:|1699446226\n|move|p2a: Arceus|Recover|p2a: Arceus\n|-heal|p2a: Arceus|95\/100\n|move|p1a: Banette|Knock Off|p2a: Arceus\n|-resisted|p2a: Arceus\n|-damage|p2a: Arceus|86\/100\n|\n|upkeep\n|turn|23\n|\n|t:|1699446239\n|move|p2a: Arceus|Foul Play|p1a: Banette\n|-supereffective|p1a: Banette\n|-damage|p1a: Banette|0 fnt\n|faint|p1a: Banette\n|\n|win|BlackStar150520\n|raw|1 em trach thu's rating: 1519 &rarr; <strong>1513<\/strong><br \/>(-6 for losing)\n|raw|BlackStar150520's rating: 1830 &rarr; <strong>1836<\/strong><br \/>(+6 for winning)\n|l|\u2606BlackStar150520\n|l|\u26061 em trach thu\n","uploadtime":1699446247,"views":6,"p1id":"1emtrachthu","p2id":"blackstar150520","formatid":"gen9nationaldexubers","rating":1513,"private":0,"password":""}