{"id":"gen9nationaldexubers-1988633297","p1":"tbor2002","p2":"HeirEhm","format":"[Gen 9] National Dex Ubers","log":"|j|\u2606tbor2002\n|j|\u2606HeirEhm\n|t:|1699744296\n|gametype|singles\n|player|p1|tbor2002|wattson|\n|player|p2|HeirEhm|cynthia-gen7|\n|teamsize|p1|6\n|teamsize|p2|6\n|gen|9\n|tier|[Gen 9] National Dex Ubers\n|rule|HP Percentage Mod: HP is shown in percentages\n|rule|Endless Battle Clause: Forcing endless battles is banned\n|rule|OHKO Clause: OHKO moves are banned\n|rule|Evasion Moves Clause: Evasion moves are banned\n|rule|Evasion Items Clause: Evasion items are banned\n|rule|Species Clause: Limit one of each Pok\u00e9mon\n|rule|Sleep Clause Mod: Limit one foe put to sleep\n|rule|Mega Rayquaza Clause: You cannot mega evolve Rayquaza\n|clearpoke\n|poke|p1|Walking Wake|\n|poke|p1|Muk-Alola, F|\n|poke|p1|Jolteon, M|\n|poke|p1|Toxicroak, M|\n|poke|p1|Crabominable, F|\n|poke|p1|Glimmet, F|\n|poke|p2|Garganacl, F|\n|poke|p2|Ceruledge, F|\n|poke|p2|Klefki, F|\n|poke|p2|Electrode-Hisui|\n|poke|p2|Chansey, F|\n|poke|p2|Murkrow, F|\n|teampreview\n|j| PyroGaleZX\n|\n|t:|1699744313\n|start\n|switch|p1a: Crabominable|Crabominable, F|100\/100\n|switch|p2a: RegiSalt|Garganacl, F, shiny|100\/100\n|turn|1\n|\n|t:|1699744324\n|-terastallize|p2a: RegiSalt|Ghost\n|move|p1a: Crabominable|Drain Punch|p2a: RegiSalt\n|-immune|p2a: RegiSalt\n|move|p2a: RegiSalt|Iron Defense|p2a: RegiSalt\n|-boost|p2a: RegiSalt|def|2\n|\n|upkeep\n|turn|2\n|\n|t:|1699744338\n|move|p1a: Crabominable|Ice Hammer|p2a: RegiSalt\n|-damage|p2a: RegiSalt|78\/100\n|-unboost|p1a: Crabominable|spe|1\n|move|p2a: RegiSalt|Salt Cure|p1a: Crabominable\n|-damage|p1a: Crabominable|86\/100\n|-start|p1a: Crabominable|Salt Cure\n|\n|-heal|p2a: RegiSalt|84\/100|[from] item: Leftovers\n|-damage|p1a: Crabominable|74\/100|[from] Salt Cure\n|upkeep\n|turn|3\n|\n|t:|1699744385\n|switch|p1a: Glimmet|Glimmet, F|100\/100\n|move|p2a: RegiSalt|Iron Defense|p2a: RegiSalt\n|-boost|p2a: RegiSalt|def|2\n|\n|-heal|p2a: RegiSalt|91\/100|[from] item: Leftovers\n|upkeep\n|turn|4\n|\n|t:|1699744392\n|move|p1a: Glimmet|Stealth Rock|p2a: RegiSalt\n|-sidestart|p2: HeirEhm|move: Stealth Rock\n|move|p2a: RegiSalt|Salt Cure|p1a: Glimmet\n|-damage|p1a: Glimmet|60\/100\n|-start|p1a: Glimmet|Salt Cure\n|-activate|p1a: Glimmet|ability: Toxic Debris\n|-sidestart|p2: HeirEhm|move: Toxic Spikes\n|\n|-heal|p2a: RegiSalt|97\/100|[from] item: Leftovers\n|-damage|p1a: Glimmet|47\/100|[from] Salt Cure\n|upkeep\n|turn|5\n|\n|t:|1699744405\n|move|p1a: Glimmet|Sunny Day|p1a: Glimmet\n|-weather|SunnyDay\n|move|p2a: RegiSalt|Body Press|p1a: Glimmet\n|-damage|p1a: Glimmet|0 fnt\n|-activate|p1a: Glimmet|ability: Toxic Debris\n|-sidestart|p2: HeirEhm|move: Toxic Spikes\n|faint|p1a: Glimmet\n|\n|-weather|SunnyDay|[upkeep]\n|-heal|p2a: RegiSalt|100\/100|[from] item: Leftovers\n|upkeep\n|\n|t:|1699744415\n|switch|p1a: Muk|Muk-Alola, F|100\/100\n|turn|6\n|\n|t:|1699744424\n|move|p1a: Muk|Clear Smog|p2a: RegiSalt\n|-resisted|p2a: RegiSalt\n|-damage|p2a: RegiSalt|96\/100\n|-clearboost|p2a: RegiSalt\n|move|p2a: RegiSalt|Body Press|p1a: Muk\n|-damage|p1a: Muk|75\/100\n|\n|-weather|SunnyDay|[upkeep]\n|-heal|p2a: RegiSalt|100\/100|[from] item: Leftovers\n|upkeep\n|turn|7\n|\n|t:|1699744435\n|move|p1a: Muk|Knock Off|p2a: RegiSalt\n|-supereffective|p2a: RegiSalt\n|-damage|p2a: RegiSalt|35\/100\n|-enditem|p2a: RegiSalt|Leftovers|[from] move: Knock Off|[of] p1a: Muk\n|move|p2a: RegiSalt|Salt Cure|p1a: Muk\n|-damage|p1a: Muk|60\/100\n|-start|p1a: Muk|Salt Cure\n|\n|-weather|SunnyDay|[upkeep]\n|-damage|p1a: Muk|48\/100|[from] Salt Cure\n|upkeep\n|turn|8\n|\n|t:|1699744459\n|switch|p2a: Jingle Jingle|Klefki, F|100\/100\n|-damage|p2a: Jingle Jingle|95\/100|[from] Stealth Rock\n|move|p1a: Muk|Knock Off|p2a: Jingle Jingle\n|-resisted|p2a: Jingle Jingle\n|-damage|p2a: Jingle Jingle|77\/100\n|-enditem|p2a: Jingle Jingle|Light Clay|[from] move: Knock Off|[of] p1a: Muk\n|\n|-weather|SunnyDay|[upkeep]\n|-damage|p1a: Muk|36\/100|[from] Salt Cure\n|upkeep\n|turn|9\n|\n|t:|1699744478\n|switch|p1a: Toxicroak|Toxicroak, M|100\/100\n|move|p2a: Jingle Jingle|Play Rough|p1a: Toxicroak\n|-damage|p1a: Toxicroak|61\/100\n|\n|-weather|none\n|upkeep\n|turn|10\n|\n|t:|1699744490\n|move|p1a: Toxicroak|Swords Dance|p1a: Toxicroak\n|-boost|p1a: Toxicroak|atk|2\n|move|p2a: Jingle Jingle|Play Rough|p1a: Toxicroak|[miss]\n|-miss|p2a: Jingle Jingle|p1a: Toxicroak\n|\n|upkeep\n|turn|11\n|\n|t:|1699744501\n|move|p1a: Toxicroak|Drain Punch|p2a: Jingle Jingle\n|-damage|p2a: Jingle Jingle|0 fnt\n|-heal|p1a: Toxicroak|100\/100|[from] drain|[of] p2a: Jingle Jingle\n|faint|p2a: Jingle Jingle\n|-damage|p1a: Toxicroak|91\/100|[from] item: Life Orb\n|\n|upkeep\n|\n|t:|1699744509\n|switch|p2a: Rowkrum|Murkrow, F|100\/100\n|-damage|p2a: Rowkrum|76\/100|[from] Stealth Rock\n|turn|12\n|\n|t:|1699744534\n|-terastallize|p1a: Toxicroak|Dark\n|move|p2a: Rowkrum|Defog|p1a: Toxicroak\n|-hint|Since gen 7, Dark is immune to Prankster moves.\n|-immune|p1a: Toxicroak\n|move|p1a: Toxicroak|Gunk Shot|p2a: Rowkrum\n|-damage|p2a: Rowkrum|0 fnt\n|faint|p2a: Rowkrum\n|-damage|p1a: Toxicroak|81\/100|[from] item: Life Orb\n|\n|upkeep\n|\n|t:|1699744575\n|switch|p2a: SWORDSFORHANDS|Ceruledge, F|100\/100\n|turn|13\n|\n|t:|1699744582\n|move|p1a: Toxicroak|Sucker Punch||[still]\n|-fail|p1a: Toxicroak\n|move|p2a: SWORDSFORHANDS|Bulk Up|p2a: SWORDSFORHANDS\n|-boost|p2a: SWORDSFORHANDS|atk|1\n|-boost|p2a: SWORDSFORHANDS|def|1\n|\n|upkeep\n|turn|14\n|\n|t:|1699744592\n|move|p1a: Toxicroak|Sucker Punch||[still]\n|-fail|p1a: Toxicroak\n|move|p2a: SWORDSFORHANDS|Bulk Up|p2a: SWORDSFORHANDS\n|-boost|p2a: SWORDSFORHANDS|atk|1\n|-boost|p2a: SWORDSFORHANDS|def|1\n|\n|upkeep\n|turn|15\n|\n|t:|1699744603\n|move|p1a: Toxicroak|Sucker Punch||[still]\n|-fail|p1a: Toxicroak\n|move|p2a: SWORDSFORHANDS|Bulk Up|p2a: SWORDSFORHANDS\n|-boost|p2a: SWORDSFORHANDS|atk|1\n|-boost|p2a: SWORDSFORHANDS|def|1\n|\n|upkeep\n|turn|16\n|\n|t:|1699744623\n|move|p1a: Toxicroak|Sucker Punch||[still]\n|-fail|p1a: Toxicroak\n|move|p2a: SWORDSFORHANDS|Bulk Up|p2a: SWORDSFORHANDS\n|-boost|p2a: SWORDSFORHANDS|atk|1\n|-boost|p2a: SWORDSFORHANDS|def|1\n|\n|upkeep\n|turn|17\n|\n|t:|1699744631\n|move|p2a: SWORDSFORHANDS|Bulk Up|p2a: SWORDSFORHANDS\n|-boost|p2a: SWORDSFORHANDS|atk|1\n|-boost|p2a: SWORDSFORHANDS|def|1\n|move|p1a: Toxicroak|Gunk Shot|p2a: SWORDSFORHANDS\n|-resisted|p2a: SWORDSFORHANDS\n|-damage|p2a: SWORDSFORHANDS|74\/100\n|-status|p2a: SWORDSFORHANDS|psn\n|-ability|p2a: SWORDSFORHANDS|Weak Armor|boost\n|-unboost|p2a: SWORDSFORHANDS|def|1\n|-boost|p2a: SWORDSFORHANDS|spe|2\n|-damage|p1a: Toxicroak|71\/100|[from] item: Life Orb\n|\n|-damage|p2a: SWORDSFORHANDS|61\/100 psn|[from] psn\n|upkeep\n|turn|18\n|\n|t:|1699744648\n|move|p1a: Toxicroak|Sucker Punch|p2a: SWORDSFORHANDS\n|-supereffective|p2a: SWORDSFORHANDS\n|-damage|p2a: SWORDSFORHANDS|0 fnt\n|faint|p2a: SWORDSFORHANDS\n|-damage|p1a: Toxicroak|61\/100|[from] item: Life Orb\n|\n|upkeep\n|\n|t:|1699744658\n|switch|p2a: Wambulance|Chansey, F|100\/100\n|-damage|p2a: Wambulance|88\/100|[from] Stealth Rock\n|-status|p2a: Wambulance|tox\n|turn|19\n|\n|t:|1699744664\n|move|p1a: Toxicroak|Drain Punch|p2a: Wambulance\n|-supereffective|p2a: Wambulance\n|-damage|p2a: Wambulance|0 fnt\n|-heal|p1a: Toxicroak|100\/100|[from] drain|[of] p2a: Wambulance\n|faint|p2a: Wambulance\n|-damage|p1a: Toxicroak|91\/100|[from] item: Life Orb\n|\n|upkeep\n|\n|t:|1699744666\n|switch|p2a: Beyblade beyblade|Electrode-Hisui|100\/100\n|-damage|p2a: Beyblade beyblade|88\/100|[from] Stealth Rock\n|-status|p2a: Beyblade beyblade|tox\n|turn|20\n|\n|t:|1699744674\n|move|p2a: Beyblade beyblade|Thunderbolt|p1a: Toxicroak\n|-damage|p1a: Toxicroak|19\/100\n|-damage|p2a: Beyblade beyblade|78\/100 tox|[from] item: Life Orb\n|move|p1a: Toxicroak|Gunk Shot|p2a: Beyblade beyblade|[miss]\n|-miss|p1a: Toxicroak|p2a: Beyblade beyblade\n|\n|-damage|p2a: Beyblade beyblade|72\/100 tox|[from] psn\n|upkeep\n|turn|21\n|\n|t:|1699744682\n|move|p1a: Toxicroak|Sucker Punch|p2a: Beyblade beyblade\n|-damage|p2a: Beyblade beyblade|0 fnt\n|faint|p2a: Beyblade beyblade\n|-damage|p1a: Toxicroak|9\/100|[from] item: Life Orb\n|\n|upkeep\n|\n|t:|1699744684\n|switch|p2a: RegiSalt|Garganacl, F, shiny, tera:Ghost|35\/100\n|-damage|p2a: RegiSalt|22\/100|[from] Stealth Rock\n|turn|22\n|\n|t:|1699744691\n|move|p1a: Toxicroak|Gunk Shot|p2a: RegiSalt\n|-resisted|p2a: RegiSalt\n|-damage|p2a: RegiSalt|0 fnt\n|faint|p2a: RegiSalt\n|-damage|p1a: Toxicroak|0 fnt|[from] item: Life Orb\n|faint|p1a: Toxicroak\n|\n|win|tbor2002\n","uploadtime":1699744694,"views":14,"p1id":"tbor2002","p2id":"heirehm","formatid":"gen9nationaldexubers","rating":0,"private":0,"password":""}