{"id":"gen9nationaldexubers-1986727919","p1":"BirdMaster#260","p2":"LeaderMagnus","format":"[Gen 9] National Dex Ubers","log":"|j|\u2606BirdMaster#260\n|j|\u2606LeaderMagnus\n|t:|1699515244\n|gametype|singles\n|player|p1|BirdMaster#260|falkner|1165\n|player|p2|LeaderMagnus|lucas|1148\n|teamsize|p1|6\n|teamsize|p2|6\n|gen|9\n|tier|[Gen 9] National Dex Ubers\n|rated|\n|rule|HP Percentage Mod: HP is shown in percentages\n|rule|Endless Battle Clause: Forcing endless battles is banned\n|rule|OHKO Clause: OHKO moves are banned\n|rule|Evasion Moves Clause: Evasion moves are banned\n|rule|Evasion Items Clause: Evasion items are banned\n|rule|Species Clause: Limit one of each Pok\u00e9mon\n|rule|Sleep Clause Mod: Limit one foe put to sleep\n|rule|Mega Rayquaza Clause: You cannot mega evolve Rayquaza\n|clearpoke\n|poke|p1|Blaziken, F|\n|poke|p1|Mudsdale, M|\n|poke|p1|Slowbro-Galar, M|\n|poke|p1|Iron Bundle|\n|poke|p1|Thundurus-Therian, M|\n|poke|p1|Giratina-Origin|\n|poke|p2|Mewtwo|\n|poke|p2|Ho-Oh|\n|poke|p2|Rayquaza|\n|poke|p2|Groudon|\n|poke|p2|Kyogre|\n|poke|p2|Xerneas-*|\n|teampreview\n|inactive|Battle timer is ON: inactive players will automatically lose when time's up. (requested by BirdMaster#260)\n|\n|t:|1699515254\n|start\n|switch|p1a: Spartacus|Mudsdale, M|100\/100\n|switch|p2a: Mewtwo|Mewtwo|100\/100\n|-ability|p2a: Mewtwo|Pressure\n|turn|1\n|\n|t:|1699515268\n|switch|p2a: Kyogre|Kyogre|100\/100\n|detailschange|p2a: Kyogre|Kyogre-Primal\n|-primal|p2a: Kyogre|Blue Orb\n|-weather|PrimordialSea|[from] ability: Primordial Sea|[of] p2a: Kyogre\n|move|p1a: Spartacus|Stealth Rock|p2a: Kyogre\n|-sidestart|p2: LeaderMagnus|move: Stealth Rock\n|\n|-weather|PrimordialSea|[upkeep]\n|upkeep\n|turn|2\n|\n|t:|1699515280\n|switch|p1a: TheRuthlessRaijin|Thundurus-Therian, M|100\/100\n|move|p2a: Kyogre|Water Spout|p1a: TheRuthlessRaijin\n|-damage|p1a: TheRuthlessRaijin|0 fnt\n|faint|p1a: TheRuthlessRaijin\n|\n|-weather|PrimordialSea|[upkeep]\n|upkeep\n|\n|t:|1699515287\n|switch|p1a: King-Hades|Giratina-Origin|100\/100\n|turn|3\n|\n|t:|1699515296\n|move|p2a: Kyogre|Ice Beam|p1a: King-Hades\n|-supereffective|p1a: King-Hades\n|-damage|p1a: King-Hades|43\/100\n|move|p1a: King-Hades|Shadow Force||[still]\n|-prepare|p1a: King-Hades|Shadow Force\n|\n|-weather|PrimordialSea|[upkeep]\n|upkeep\n|turn|4\n|l|\u2606BirdMaster#260\n|inactive|BirdMaster#260 disconnected and has a minute to reconnect!\n|player|p1|\n|inactive|BirdMaster#260 has 30 seconds to reconnect!\n|j|\u2606BirdMaster#260\n|inactive|BirdMaster#260 reconnected and has 110 seconds left.\n|player|p1|BirdMaster#260|falkner\n|inactive|LeaderMagnus has 120 seconds left.\n|\n|t:|1699515349\n|-weather|none\n|switch|p2a: Groudon|Groudon|100\/100\n|-damage|p2a: Groudon|94\/100|[from] Stealth Rock\n|detailschange|p2a: Groudon|Groudon-Primal\n|-primal|p2a: Groudon|Red Orb\n|-weather|DesolateLand|[from] ability: Desolate Land|[of] p2a: Groudon\n|move|p1a: King-Hades|Shadow Force|p2a: Groudon|[from]lockedmove\n|-damage|p2a: Groudon|42\/100\n|\n|-weather|DesolateLand|[upkeep]\n|upkeep\n|turn|5\n|inactive|LeaderMagnus has 120 seconds left.\n|\n|t:|1699515364\n|move|p2a: Groudon|Stone Edge|p1a: King-Hades\n|-damage|p1a: King-Hades|13\/100\n|move|p1a: King-Hades|Dragon Claw|p2a: Groudon\n|-damage|p2a: Groudon|8\/100\n|\n|-weather|DesolateLand|[upkeep]\n|upkeep\n|turn|6\n|inactive|LeaderMagnus has 120 seconds left.\n|\n|t:|1699515374\n|move|p1a: King-Hades|Shadow Sneak|p2a: Groudon\n|-damage|p2a: Groudon|0 fnt\n|faint|p2a: Groudon\n|-weather|none\n|\n|upkeep\n|inactive|LeaderMagnus has 120 seconds left.\n|\n|t:|1699515382\n|switch|p2a: Kyogre|Kyogre-Primal|100\/100\n|-damage|p2a: Kyogre|88\/100|[from] Stealth Rock\n|-weather|PrimordialSea|[from] ability: Primordial Sea|[of] p2a: Kyogre\n|turn|7\n|\n|t:|1699515390\n|move|p1a: King-Hades|Shadow Sneak|p2a: Kyogre\n|-damage|p2a: Kyogre|59\/100\n|move|p2a: Kyogre|Ice Beam|p1a: King-Hades\n|-supereffective|p1a: King-Hades\n|-damage|p1a: King-Hades|0 fnt\n|faint|p1a: King-Hades\n|\n|-weather|PrimordialSea|[upkeep]\n|upkeep\n|\n|t:|1699515396\n|switch|p1a: The Heavily-Armed|Slowbro-Galar, M|100\/100\n|turn|8\n|\n|t:|1699515409\n|move|p2a: Kyogre|Thunder|p1a: The Heavily-Armed\n|-damage|p1a: The Heavily-Armed|46\/100\n|-status|p1a: The Heavily-Armed|par\n|move|p1a: The Heavily-Armed|Psychic|p2a: Kyogre\n|-damage|p2a: Kyogre|31\/100\n|\n|-weather|PrimordialSea|[upkeep]\n|-heal|p1a: The Heavily-Armed|52\/100 par|[from] item: Leftovers\n|upkeep\n|turn|9\n|-activate|p1a: The Heavily-Armed|ability: Quick Draw\n|\n|t:|1699515421\n|move|p1a: The Heavily-Armed|Sludge Wave|p2a: Kyogre\n|-damage|p2a: Kyogre|3\/100\n|move|p2a: Kyogre|Thunder|p1a: The Heavily-Armed\n|-damage|p1a: The Heavily-Armed|0 fnt\n|faint|p1a: The Heavily-Armed\n|\n|-weather|PrimordialSea|[upkeep]\n|upkeep\n|\n|t:|1699515429\n|switch|p1a: Ski-Splasher 5000|Iron Bundle|100\/100\n|-enditem|p1a: Ski-Splasher 5000|Booster Energy\n|-activate|p1a: Ski-Splasher 5000|ability: Quark Drive|[fromitem]\n|-start|p1a: Ski-Splasher 5000|quarkdrivespa\n|turn|10\n|\n|t:|1699515438\n|move|p1a: Ski-Splasher 5000|Chilling Water|p2a: Kyogre\n|-resisted|p2a: Kyogre\n|-damage|p2a: Kyogre|0 fnt\n|faint|p2a: Kyogre\n|-weather|none\n|\n|upkeep\n|\n|t:|1699515454\n|switch|p2a: Mewtwo|Mewtwo|100\/100\n|-damage|p2a: Mewtwo|88\/100|[from] Stealth Rock\n|-ability|p2a: Mewtwo|Pressure\n|turn|11\n|\n|t:|1699515464\n|detailschange|p2a: Mewtwo|Mewtwo-Mega-X\n|-mega|p2a: Mewtwo|Mewtwo|Mewtwonite X\n|move|p2a: Mewtwo|Psystrike|p1a: Ski-Splasher 5000\n|-damage|p1a: Ski-Splasher 5000|28\/100\n|move|p1a: Ski-Splasher 5000|Ice Beam|p2a: Mewtwo\n|-damage|p2a: Mewtwo|31\/100\n|\n|upkeep\n|turn|12\n|\n|t:|1699515476\n|move|p2a: Mewtwo|Psystrike|p1a: Ski-Splasher 5000\n|-damage|p1a: Ski-Splasher 5000|0 fnt\n|faint|p1a: Ski-Splasher 5000\n|-end|p1a: Ski-Splasher 5000|Quark Drive|[silent]\n|\n|upkeep\n|\n|t:|1699515481\n|switch|p1a: Spartacus|Mudsdale, M|100\/100\n|turn|13\n|\n|t:|1699515496\n|move|p2a: Mewtwo|Psystrike|p1a: Spartacus\n|-damage|p1a: Spartacus|44\/100\n|-ability|p1a: Spartacus|Stamina|boost\n|-boost|p1a: Spartacus|def|1\n|move|p1a: Spartacus|Earthquake|p2a: Mewtwo\n|-damage|p2a: Mewtwo|0 fnt\n|faint|p2a: Mewtwo\n|\n|upkeep\n|\n|t:|1699515509\n|switch|p2a: Rayquaza|Rayquaza|100\/100\n|-damage|p2a: Rayquaza|76\/100|[from] Stealth Rock\n|-ability|p2a: Rayquaza|Air Lock\n|turn|14\n|\n|t:|1699515517\n|-terastallize|p1a: Spartacus|Steel\n|move|p2a: Rayquaza|Dragon Ascent|p1a: Spartacus\n|-resisted|p1a: Spartacus\n|-damage|p1a: Spartacus|24\/100\n|-unboost|p2a: Rayquaza|def|1\n|-unboost|p2a: Rayquaza|spd|1\n|-ability|p1a: Spartacus|Stamina|boost\n|-boost|p1a: Spartacus|def|1\n|-enditem|p2a: Rayquaza|White Herb\n|-clearnegativeboost|p2a: Rayquaza|[silent]\n|move|p1a: Spartacus|Heavy Slam|p2a: Rayquaza\n|-damage|p2a: Rayquaza|23\/100\n|\n|upkeep\n|turn|15\n|\n|t:|1699515531\n|move|p2a: Rayquaza|Earthquake|p1a: Spartacus\n|-supereffective|p1a: Spartacus\n|-damage|p1a: Spartacus|0 fnt\n|faint|p1a: Spartacus\n|\n|upkeep\n|\n|t:|1699515535\n|switch|p1a: Joella|Blaziken, F|100\/100\n|turn|16\n|\n|t:|1699515544\n|detailschange|p1a: Joella|Blaziken-Mega, F\n|-mega|p1a: Joella|Blaziken|Blazikenite\n|move|p2a: Rayquaza|Dragon Dance|p2a: Rayquaza\n|-boost|p2a: Rayquaza|atk|1\n|-boost|p2a: Rayquaza|spe|1\n|move|p1a: Joella|Knock Off|p2a: Rayquaza\n|-damage|p2a: Rayquaza|0 fnt\n|faint|p2a: Rayquaza\n|\n|-ability|p1a: Joella|Speed Boost|boost\n|-boost|p1a: Joella|spe|1\n|upkeep\n|\n|t:|1699515559\n|switch|p2a: Xerneas|Xerneas|100\/100\n|-damage|p2a: Xerneas|88\/100|[from] Stealth Rock\n|-ability|p2a: Xerneas|Fairy Aura\n|turn|17\n|\n|t:|1699515566\n|move|p1a: Joella|Power-Up Punch|p2a: Xerneas\n|-resisted|p2a: Xerneas\n|-damage|p2a: Xerneas|76\/100\n|-boost|p1a: Joella|atk|1\n|move|p2a: Xerneas|Moonblast|p1a: Joella\n|-damage|p1a: Joella|0 fnt\n|faint|p1a: Joella\n|-damage|p2a: Xerneas|66\/100|[from] item: Life Orb\n|\n|win|LeaderMagnus\n|raw|BirdMaster#260's rating: 1165 &rarr; <strong>1140<\/strong><br \/>(-25 for losing)\n|raw|LeaderMagnus's rating: 1166 &rarr; <strong>1191<\/strong><br \/>(+25 for winning)\n|l|\u2606BirdMaster#260\n","uploadtime":1699515577,"views":5,"p1id":"birdmaster260","p2id":"leadermagnus","formatid":"gen9nationaldexubers","rating":1140,"private":0,"password":""}