{"id":"gen9nationaldexubers-1987702719","p1":"gabigol1","p2":"DynaTheCryo","format":"[Gen 9] National Dex Ubers","log":"|j|\u2606gabigol1\n|j|\u2606DynaTheCryo\n|t:|1699629162\n|gametype|singles\n|player|p1|gabigol1|lucas|1146\n|player|p2|DynaTheCryo|unknown|1111\n|teamsize|p1|6\n|teamsize|p2|6\n|gen|9\n|tier|[Gen 9] National Dex Ubers\n|rated|\n|rule|HP Percentage Mod: HP is shown in percentages\n|rule|Endless Battle Clause: Forcing endless battles is banned\n|rule|OHKO Clause: OHKO moves are banned\n|rule|Evasion Moves Clause: Evasion moves are banned\n|rule|Evasion Items Clause: Evasion items are banned\n|rule|Species Clause: Limit one of each Pok\u00e9mon\n|rule|Sleep Clause Mod: Limit one foe put to sleep\n|rule|Mega Rayquaza Clause: You cannot mega evolve Rayquaza\n|clearpoke\n|poke|p1|Tatsugiri, M|\n|poke|p1|Kingambit, F|\n|poke|p1|Milotic, M|\n|poke|p1|Sylveon, F|\n|poke|p1|Volcarona, F|\n|poke|p1|Glimmora, F|\n|poke|p2|Hawlucha, M|\n|poke|p2|Heatran, M|\n|poke|p2|Tapu Lele|\n|poke|p2|Gliscor, F|\n|poke|p2|Corviknight, M|\n|poke|p2|Palafin, M|\n|teampreview\n|\n|t:|1699629167\n|start\n|switch|p1a: Glimmora|Glimmora, F|100\/100\n|switch|p2a: Heatran|Heatran, M|100\/100\n|turn|1\n|\n|t:|1699629172\n|move|p2a: Heatran|Earth Power|p1a: Glimmora\n|-supereffective|p1a: Glimmora\n|-enditem|p1a: Glimmora|Focus Sash\n|-damage|p1a: Glimmora|1\/100\n|move|p1a: Glimmora|Stealth Rock|p2a: Heatran\n|-sidestart|p2: DynaTheCryo|move: Stealth Rock\n|\n|upkeep\n|turn|2\n|\n|t:|1699629183\n|switch|p1a: Milotic|Milotic, M|100\/100\n|move|p2a: Heatran|Earth Power|p1a: Milotic\n|-damage|p1a: Milotic|76\/100\n|\n|upkeep\n|turn|3\n|\n|t:|1699629188\n|switch|p2a: Corviknight|Corviknight, M|100\/100\n|move|p1a: Milotic|Scald|p2a: Corviknight\n|-damage|p2a: Corviknight|79\/100\n|-status|p2a: Corviknight|brn\n|\n|-damage|p2a: Corviknight|73\/100 brn|[from] brn\n|upkeep\n|turn|4\n|\n|t:|1699629195\n|move|p1a: Milotic|Scald|p2a: Corviknight\n|-damage|p2a: Corviknight|51\/100 brn\n|move|p2a: Corviknight|Defog|p1a: Milotic\n|-unboost|p1a: Milotic|evasion|1\n|-ability|p1a: Milotic|Competitive|boost\n|-boost|p1a: Milotic|spa|2\n|-sideend|p2: DynaTheCryo|Stealth Rock|[from] move: Defog|[of] p2a: Corviknight\n|\n|-damage|p2a: Corviknight|44\/100 brn|[from] brn\n|upkeep\n|turn|5\n|inactive|Battle timer is ON: inactive players will automatically lose when time's up. (requested by DynaTheCryo)\n|\n|t:|1699629200\n|move|p1a: Milotic|Scald|p2a: Corviknight\n|-damage|p2a: Corviknight|1\/100 brn\n|move|p2a: Corviknight|Roost|p2a: Corviknight\n|-heal|p2a: Corviknight|51\/100 brn\n|-singleturn|p2a: Corviknight|move: Roost\n|\n|-damage|p2a: Corviknight|45\/100 brn|[from] brn\n|upkeep\n|turn|6\n|\n|t:|1699629213\n|move|p1a: Milotic|Scald|p2a: Corviknight\n|-damage|p2a: Corviknight|0 fnt\n|faint|p2a: Corviknight\n|\n|upkeep\n|\n|t:|1699629215\n|switch|p2a: Heatran|Heatran, M|100\/100\n|turn|7\n|\n|t:|1699629219\n|-terastallize|p2a: Heatran|Grass\n|move|p2a: Heatran|Tera Blast|p1a: Milotic|[anim] Tera Blast Grass\n|-supereffective|p1a: Milotic\n|-damage|p1a: Milotic|9\/100\n|move|p1a: Milotic|Scald|p2a: Heatran\n|-resisted|p2a: Heatran\n|-damage|p2a: Heatran|75\/100\n|\n|upkeep\n|turn|8\n|\n|t:|1699629229\n|switch|p1a: Glimmora|Glimmora, F|1\/100\n|move|p2a: Heatran|Tera Blast|p1a: Glimmora|[anim] Tera Blast Grass\n|-damage|p1a: Glimmora|0 fnt\n|faint|p1a: Glimmora\n|\n|upkeep\n|\n|t:|1699629238\n|switch|p1a: Kingambit|Kingambit, F|100\/100\n|-activate|p1a: Kingambit|ability: Supreme Overlord\n|-start|p1a: Kingambit|fallen1|[silent]\n|turn|9\n|\n|t:|1699629250\n|switch|p2a: Tapu Lele|Tapu Lele|100\/100\n|-fieldstart|move: Psychic Terrain|[from] ability: Psychic Surge|[of] p2a: Tapu Lele\n|move|p1a: Kingambit|Sucker Punch||[still]\n|-fail|p1a: Kingambit\n|\n|upkeep\n|turn|10\n|\n|t:|1699629255\n|move|p2a: Tapu Lele|Taunt|p1a: Kingambit\n|-start|p1a: Kingambit|move: Taunt\n|cant|p1a: Kingambit|move: Taunt|Swords Dance\n|\n|upkeep\n|turn|11\n|\n|t:|1699629259\n|move|p1a: Kingambit|Sucker Punch||[still]\n|-fail|p1a: Kingambit\n|move|p2a: Tapu Lele|Reflect|p2a: Tapu Lele\n|-sidestart|p2: DynaTheCryo|Reflect\n|\n|upkeep\n|turn|12\n|\n|t:|1699629261\n|move|p2a: Tapu Lele|Future Sight|p1a: Kingambit\n|-start|p2a: Tapu Lele|move: Future Sight\n|move|p1a: Kingambit|Knock Off|p2a: Tapu Lele\n|-damage|p2a: Tapu Lele|40\/100\n|-enditem|p2a: Tapu Lele|Heavy-Duty Boots|[from] move: Knock Off|[of] p1a: Kingambit\n|\n|-end|p1a: Kingambit|move: Taunt\n|upkeep\n|turn|13\n|\n|t:|1699629267\n|switch|p2a: Hawlucha|Hawlucha, M, shiny|100\/100\n|move|p1a: Kingambit|Knock Off|p2a: Hawlucha\n|-resisted|p2a: Hawlucha\n|-damage|p2a: Hawlucha|73\/100\n|-enditem|p2a: Hawlucha|Weakness Policy|[from] move: Knock Off|[of] p1a: Kingambit\n|\n|-fieldend|move: Psychic Terrain\n|upkeep\n|turn|14\n|\n|t:|1699629274\n|-end|p1a: Kingambit|fallen1|[silent]\n|switch|p1a: Sylveon|Sylveon, F|100\/100\n|move|p2a: Hawlucha|Brick Break|p1a: Sylveon\n|-resisted|p1a: Sylveon\n|-damage|p1a: Sylveon|87\/100\n|\n|-end|p1a: Sylveon|move: Future Sight\n|-damage|p1a: Sylveon|53\/100\n|upkeep\n|turn|15\n|\n|t:|1699629284\n|move|p2a: Hawlucha|Acrobatics|p1a: Sylveon\n|-damage|p1a: Sylveon|13\/100\n|move|p1a: Sylveon|Calm Mind|p1a: Sylveon\n|-boost|p1a: Sylveon|spa|1\n|-boost|p1a: Sylveon|spd|1\n|\n|-sideend|p2: DynaTheCryo|Reflect\n|upkeep\n|turn|16\n|\n|t:|1699629291\n|switch|p1a: Volcarona|Volcarona, F|100\/100\n|move|p2a: Hawlucha|Acrobatics|p1a: Volcarona\n|-supereffective|p1a: Volcarona\n|-damage|p1a: Volcarona|0 fnt\n|faint|p1a: Volcarona\n|\n|upkeep\n|\n|t:|1699629298\n|switch|p1a: Kingambit|Kingambit, F|100\/100\n|-activate|p1a: Kingambit|ability: Supreme Overlord\n|-start|p1a: Kingambit|fallen2|[silent]\n|turn|17\n|\n|t:|1699629302\n|-end|p1a: Kingambit|fallen2|[silent]\n|switch|p1a: Tatsugiri|Tatsugiri, M|100\/100\n|move|p2a: Hawlucha|Brick Break|p1a: Tatsugiri\n|-damage|p1a: Tatsugiri|39\/100\n|\n|-heal|p1a: Tatsugiri|46\/100|[from] item: Leftovers\n|upkeep\n|turn|18\n|\n|t:|1699629309\n|move|p2a: Hawlucha|Acrobatics|p1a: Tatsugiri\n|-damage|p1a: Tatsugiri|0 fnt\n|faint|p1a: Tatsugiri\n|\n|upkeep\n|\n|t:|1699629312\n|switch|p1a: Milotic|Milotic, M|9\/100\n|turn|19\n|\n|t:|1699629316\n|move|p2a: Hawlucha|Acrobatics|p1a: Milotic\n|-damage|p1a: Milotic|0 fnt\n|faint|p1a: Milotic\n|\n|upkeep\n|\n|t:|1699629318\n|switch|p1a: Sylveon|Sylveon, F|13\/100\n|turn|20\n|\n|t:|1699629321\n|move|p2a: Hawlucha|Acrobatics|p1a: Sylveon\n|-damage|p1a: Sylveon|0 fnt\n|faint|p1a: Sylveon\n|\n|upkeep\n|\n|t:|1699629324\n|switch|p1a: Kingambit|Kingambit, F|100\/100\n|-activate|p1a: Kingambit|ability: Supreme Overlord\n|-start|p1a: Kingambit|fallen5|[silent]\n|turn|21\n|\n|t:|1699629327\n|move|p1a: Kingambit|Sucker Punch|p2a: Hawlucha\n|-resisted|p2a: Hawlucha\n|-damage|p2a: Hawlucha|22\/100\n|move|p2a: Hawlucha|Brick Break|p1a: Kingambit\n|-supereffective|p1a: Kingambit\n|-damage|p1a: Kingambit|2\/100\n|\n|upkeep\n|turn|22\n|\n|t:|1699629331\n|move|p2a: Hawlucha|Endure|p2a: Hawlucha\n|-singleturn|p2a: Hawlucha|move: Endure\n|move|p1a: Kingambit|Sucker Punch||[still]\n|-fail|p1a: Kingambit\n|\n|upkeep\n|turn|23\n|inactive|gabigol1 has 120 seconds left.\n|inactive|gabigol1 has 90 seconds left.\n|inactive|gabigol1 has 60 seconds left.\n|c|\u2606DynaTheCryo|?\n|inactive|gabigol1 has 30 seconds left.\n|inactive|gabigol1 has 20 seconds left.\n|c|\u2606DynaTheCryo|you going or nah?\n|inactive|gabigol1 has 15 seconds left.\n|inactive|gabigol1 has 10 seconds left.\n|inactive|gabigol1 has 5 seconds left.\n|-message|gabigol1 lost due to inactivity.\n|\n|win|DynaTheCryo\n|raw|gabigol1's rating: 1146 &rarr; <strong>1118<\/strong><br \/>(-28 for losing)\n|raw|DynaTheCryo's rating: 1111 &rarr; <strong>1139<\/strong><br \/>(+28 for winning)\n|c|\u2606DynaTheCryo|ight then gg\n|l|\u2606gabigol1\n","uploadtime":1699629490,"views":12,"p1id":"gabigol1","p2id":"dynathecryo","formatid":"gen9nationaldexubers","rating":1118,"private":0,"password":""}