{"id":"gen9nationaldexubers-1983624500","p1":"mostgoodX","p2":"SuperOinge22","format":"[Gen 9] National Dex Ubers","log":"|j|\u2606mostgoodX\n|j|\u2606SuperOinge22\n|t:|1699150811\n|gametype|singles\n|player|p1|mostgoodX|mars|\n|player|p2|SuperOinge22|170|\n|teamsize|p1|6\n|teamsize|p2|6\n|gen|9\n|tier|[Gen 9] National Dex Ubers\n|rule|HP Percentage Mod: HP is shown in percentages\n|rule|Endless Battle Clause: Forcing endless battles is banned\n|rule|OHKO Clause: OHKO moves are banned\n|rule|Evasion Moves Clause: Evasion moves are banned\n|rule|Evasion Items Clause: Evasion items are banned\n|rule|Species Clause: Limit one of each Pok\u00e9mon\n|rule|Sleep Clause Mod: Limit one foe put to sleep\n|rule|Mega Rayquaza Clause: You cannot mega evolve Rayquaza\n|clearpoke\n|poke|p1|Darkrai|\n|poke|p1|Crocalor, M|\n|poke|p1|Fezandipiti, M|\n|poke|p1|Starmie|\n|poke|p1|Scyther, F|\n|poke|p1|Ditto|\n|poke|p2|Eelektross, F|\n|poke|p2|Mew|\n|poke|p2|Armarouge, F|\n|poke|p2|Jigglypuff, M|\n|poke|p2|Salamence, M|\n|poke|p2|Sharpedo, F|\n|teampreview\n|c|\u2606mostgoodX|oh it's a blessed day\n|\n|t:|1699150842\n|start\n|switch|p1a: Darkrai|Darkrai|100\/100\n|switch|p2a: Jigglypuff|Jigglypuff, M|100\/100\n|turn|1\n|c|\u2606SuperOinge22|dont mind if i try out this new jigglypuff set on you\n|\n|t:|1699150857\n|move|p1a: Darkrai|Poison Jab|p2a: Jigglypuff\n|-supereffective|p2a: Jigglypuff\n|-damage|p2a: Jigglypuff|54\/100\n|-status|p2a: Jigglypuff|psn\n|move|p2a: Jigglypuff|Stockpile|p2a: Jigglypuff\n|-start|p2a: Jigglypuff|stockpile1\n|-boost|p2a: Jigglypuff|def|1\n|-boost|p2a: Jigglypuff|spd|1\n|\n|-damage|p2a: Jigglypuff|42\/100 psn|[from] psn\n|upkeep\n|turn|2\n|j| goobiathan\n|c|\u2606mostgoodX|stockpile\n|c|\u2606SuperOinge22|thats kind of annoying rip\n|j| The23rdPower\n|c|\u2606SuperOinge22|oh well\n|\n|t:|1699150878\n|move|p1a: Darkrai|Swords Dance|p1a: Darkrai\n|-boost|p1a: Darkrai|atk|2\n|move|p2a: Jigglypuff|Body Press|p1a: Darkrai\n|-supereffective|p1a: Darkrai\n|-damage|p1a: Darkrai|58\/100\n|\n|-damage|p2a: Jigglypuff|30\/100 psn|[from] psn\n|upkeep\n|turn|3\n|\n|t:|1699150887\n|move|p1a: Darkrai|Poison Jab|p2a: Jigglypuff\n|-supereffective|p2a: Jigglypuff\n|-damage|p2a: Jigglypuff|0 fnt\n|faint|p2a: Jigglypuff\n|\n|upkeep\n|\n|t:|1699150891\n|switch|p2a: Sharpedo|Sharpedo, F|100\/100\n|turn|4\n|c| goobiathan|sd here\n|\n|t:|1699150900\n|move|p2a: Sharpedo|Protect|p2a: Sharpedo\n|-singleturn|p2a: Sharpedo|Protect\n|move|p1a: Darkrai|Swords Dance|p1a: Darkrai\n|-boost|p1a: Darkrai|atk|2\n|\n|-ability|p2a: Sharpedo|Speed Boost|boost\n|-boost|p2a: Sharpedo|spe|1\n|upkeep\n|turn|5\n|c| goobiathan|w\n|c| goobiathan|you die now\n|c|\u2606SuperOinge22|coaching damn ok man\n|\n|t:|1699150910\n|detailschange|p2a: Sharpedo|Sharpedo-Mega, F\n|-mega|p2a: Sharpedo|Sharpedo|Sharpedonite\n|move|p2a: Sharpedo|Close Combat|p1a: Darkrai\n|-supereffective|p1a: Darkrai\n|-damage|p1a: Darkrai|0 fnt\n|-unboost|p2a: Sharpedo|def|1\n|-unboost|p2a: Sharpedo|spd|1\n|faint|p1a: Darkrai\n|\n|upkeep\n|c|\u2606mostgoodX|nah im living\n|c|\u2606mostgoodX|i did not live\n|c| The23rdPower|This isn't a real match anyway\n|\n|t:|1699150922\n|switch|p1a: Ditto|Ditto|100\/100\n|-transform|p1a: Ditto|p2a: Sharpedo|[from] ability: Imposter\n|turn|6\n|c| The23rdPower|Most\n|c|\u2606SuperOinge22|i'm just kidding man\n|c| The23rdPower|Yes\n|c| The23rdPower|Ditto him\n|c|\u2606SuperOinge22|oh dear\n|c|\u2606mostgoodX|ditto ain't soul he said\n|\n|t:|1699150939\n|move|p2a: Sharpedo|Protect|p2a: Sharpedo\n|-singleturn|p2a: Sharpedo|Protect\n|move|p1a: Ditto|Close Combat|p2a: Sharpedo\n|-activate|p2a: Sharpedo|move: Protect\n|\n|upkeep\n|turn|7\n|c|\u2606mostgoodX|i can literally copy your soul\n|\n|t:|1699150954\n|switch|p1a: Scyther|Scyther, F|100\/100\n|switch|p2a: Salamence|Salamence, M|100\/100\n|\n|upkeep\n|turn|8\n|c| goobiathan|click crunch on his switch\n|c| goobiathan|YOU TROLL\n|c| goobiathan|NO\n|c|\u2606SuperOinge22|hes prolly choiced\n|l| The23rdPower\n|j| The23rdPower\n|c| The23rdPower|Neutralizing Gas stops Imposter\n|c| goobiathan|Wait that's so based\n|c| goobiathan|I take it back\n|\n|t:|1699151001\n|move|p2a: Salamence|Dual Wingbeat|p1a: Scyther\n|-supereffective|p1a: Scyther\n|-damage|p1a: Scyther|50\/100\n|-supereffective|p1a: Scyther\n|-damage|p1a: Scyther|1\/100\n|-hitcount|p1a: Scyther|2\n|move|p1a: Scyther|Bug Bite|p2a: Salamence\n|-resisted|p2a: Salamence\n|-damage|p2a: Salamence|74\/100\n|\n|upkeep\n|turn|9\n|c| goobiathan|W\n|c|\u2606SuperOinge22|man\n|c| goobiathan|huh\n|\n|t:|1699151016\n|move|p2a: Salamence|Dual Wingbeat|p1a: Scyther\n|-supereffective|p1a: Scyther\n|-damage|p1a: Scyther|0 fnt\n|faint|p1a: Scyther\n|-ability|p2a: Salamence|Moxie|boost\n|-boost|p2a: Salamence|atk|1\n|-hitcount|p1: Scyther|1\n|\n|upkeep\n|\n|t:|1699151018\n|switch|p1a: Crocalor|Crocalor, M|100\/100\n|turn|10\n|c| goobiathan|gg\n|c|\u2606mostgoodX|im more bothered it survived a hit\n|l| The23rdPower\n|c|\u2606SuperOinge22|true\n|\n|t:|1699151032\n|switch|p2a: Sharpedo|Sharpedo-Mega, F|100\/100\n|move|p1a: Crocalor|Will-O-Wisp|p2a: Sharpedo\n|-status|p2a: Sharpedo|brn\n|\n|-damage|p2a: Sharpedo|94\/100 brn|[from] brn\n|upkeep\n|turn|11\n|j| The23rdPower\n|c| goobiathan|w\n|c| goobiathan|w\n|c| goobiathan|w\n|c| goobiathan|w\n|c| goobiathan|w\n|c|\u2606SuperOinge22|oh no\n|c| goobiathan|w\n|c| goobiathan|w\n|\n|t:|1699151052\n|switch|p2a: Mew|Mew|100\/100\n|switch|p1a: Ditto|Ditto|100\/100\n|-transform|p1a: Ditto|p2a: Mew|[from] ability: Imposter\n|\n|upkeep\n|turn|12\n|c| goobiathan|CROCALOR SWEEP\n|c|\u2606mostgoodX|greetings\n|c|\u2606SuperOinge22|NOOOOO\n|c|\u2606SuperOinge22|HE KNOWS\n|c| The23rdPower|He scouts your set with Ditto\n|c|\u2606mostgoodX|YOU SNAKE\n|c|\u2606mostgoodX|YOU SNAKE ASS MF\n|c| goobiathan|Reveal the set\n|c|\u2606mostgoodX|YOU SICKEN ME\n|c|\u2606mostgoodX|THIS FUCKS GOT PSYCHIC TERRAIN AND EXPANDING FORCE\n|\n|t:|1699151085\n|move|p1a: Ditto|Expanding Force|p2a: Mew\n|-resisted|p2a: Mew\n|-damage|p2a: Mew|90\/100\n|move|p2a: Mew|Psychic Terrain|p2a: Mew\n|-fieldstart|move: Psychic Terrain\n|\n|upkeep\n|turn|13\n|c| The23rdPower|Oinge\n|\n|t:|1699151093\n|move|p1a: Ditto|Expanding Force|p2a: Mew\n|-resisted|p2a: Mew\n|-damage|p2a: Mew|71\/100\n|move|p2a: Mew|U-turn|p1a: Ditto\n|-supereffective|p1a: Ditto\n|-damage|p1a: Ditto|68\/100\n|c| The23rdPower|What the hell is this?\n|\n|t:|1699151098\n|switch|p2a: Armarouge|Armarouge, F|100\/100|[from] U-turn\n|\n|upkeep\n|turn|14\n|c| The23rdPower|Manual terrain set up??\n|c| goobiathan|W\n|c| goobiathan|Oinge got that dog in here\n|\n|t:|1699151113\n|-terastallize|p2a: Armarouge|Psychic\n|move|p1a: Ditto|Expanding Force|p2a: Armarouge\n|-resisted|p2a: Armarouge\n|-damage|p2a: Armarouge|68\/100\n|move|p2a: Armarouge|Expanding Force|p1a: Ditto\n|-resisted|p1a: Ditto\n|-crit|p1a: Ditto\n|-damage|p1a: Ditto|0 fnt\n|faint|p1a: Ditto\n|\n|upkeep\n|c|\u2606SuperOinge22|watch the magic\n|c|\u2606mostgoodX|fuck\n|\n|t:|1699151119\n|switch|p1a: Crocalor|Crocalor, M|100\/100\n|turn|15\n|c|\u2606SuperOinge22|lol\n|c| The23rdPower|Flash Fire will come through\n|c|\u2606SuperOinge22|his ass is not living this man\n|\n|t:|1699151137\n|move|p2a: Armarouge|Expanding Force|p1a: Crocalor\n|-damage|p1a: Crocalor|0 fnt\n|faint|p1a: Crocalor\n|\n|upkeep\n|c| The23rdPower|Right?\n|c|\u2606mostgoodX|FUCK\n|c| The23rdPower|Nvm\n|\n|t:|1699151143\n|switch|p1a: Starmie|Starmie|100\/100\n|turn|16\n|c|\u2606SuperOinge22|hmmm\n|\n|t:|1699151153\n|move|p1a: Starmie|Hydro Pump|p2a: Armarouge\n|-damage|p2a: Armarouge|0 fnt\n|faint|p2a: Armarouge\n|-damage|p1a: Starmie|91\/100|[from] item: Life Orb\n|\n|upkeep\n|c|\u2606mostgoodX|starmie my child\n|c|\u2606mostgoodX|MY CHILD\n|c|\u2606SuperOinge22|rip\n|c|\u2606mostgoodX|maybe should've done that over crocalor\n|c|\u2606mostgoodX|oh well\n|\n|t:|1699151171\n|switch|p2a: Mew|Mew|71\/100\n|turn|17\n|\n|t:|1699151180\n|move|p1a: Starmie|Hydro Pump|p2a: Mew\n|-damage|p2a: Mew|25\/100\n|-damage|p1a: Starmie|81\/100|[from] item: Life Orb\n|move|p2a: Mew|Grass Knot|p1a: Starmie\n|-supereffective|p1a: Starmie\n|-damage|p1a: Starmie|25\/100\n|\n|upkeep\n|turn|18\n|\n|t:|1699151189\n|move|p1a: Starmie|Hydro Pump|p2a: Mew\n|-damage|p2a: Mew|0 fnt\n|faint|p2a: Mew\n|-damage|p1a: Starmie|15\/100|[from] item: Life Orb\n|\n|upkeep\n|\n|t:|1699151194\n|switch|p2a: Sharpedo|Sharpedo-Mega, F|94\/100 brn\n|turn|19\n|c|\u2606mostgoodX|STARMIE\n|c|\u2606mostgoodX|OUR FINAL STAND\n|c| goobiathan|Fez is in the back he wins these\n|\n|t:|1699151203\n|move|p1a: Starmie|Hydro Pump|p2a: Sharpedo\n|-resisted|p2a: Sharpedo\n|-damage|p2a: Sharpedo|38\/100 brn\n|-damage|p1a: Starmie|5\/100|[from] item: Life Orb\n|move|p2a: Sharpedo|Earthquake|p1a: Starmie\n|-damage|p1a: Starmie|0 fnt\n|faint|p1a: Starmie\n|\n|-damage|p2a: Sharpedo|31\/100 brn|[from] brn\n|-fieldend|move: Psychic Terrain\n|upkeep\n|\n|t:|1699151205\n|switch|p1a: Fezandipiti|Fezandipiti, M|100\/100\n|turn|20\n|\n|t:|1699151210\n|move|p2a: Sharpedo|Earthquake|p1a: Fezandipiti\n|-supereffective|p1a: Fezandipiti\n|-damage|p1a: Fezandipiti|60\/100\n|move|p1a: Fezandipiti|Play Rough|p2a: Sharpedo\n|-supereffective|p2a: Sharpedo\n|-damage|p2a: Sharpedo|0 fnt\n|faint|p2a: Sharpedo\n|\n|upkeep\n|\n|t:|1699151220\n|switch|p2a: Eelektross|Eelektross, F|100\/100\n|turn|21\n|c| goobiathan|tera here\n|\n|t:|1699151228\n|-zpower|p1a: Fezandipiti\n|move|p1a: Fezandipiti|Acid Downpour|p2a: Eelektross|[zeffect]\n|-damage|p2a: Eelektross|19\/100\n|move|p2a: Eelektross|Thunder Punch|p1a: Fezandipiti\n|-damage|p1a: Fezandipiti|15\/100\n|\n|upkeep\n|turn|22\n|c| goobiathan|gg\n|c| The23rdPower|Cringe\n|\n|t:|1699151238\n|move|p1a: Fezandipiti|Poison Jab|p2a: Eelektross\n|-damage|p2a: Eelektross|0 fnt\n|faint|p2a: Eelektross\n|\n|upkeep\n|c| The23rdPower|How did that live?\n|\n|t:|1699151242\n|switch|p2a: Salamence|Salamence, M|74\/100\n|turn|23\n|c| goobiathan|TERA\n|c| The23rdPower|It's ok\n|c| goobiathan|OINGE ISNT MAX SPEED\n|c|\u2606mostgoodX|my tera captain is crocalor\n|c|\u2606SuperOinge22|wait the 2 moves i can use are 95% and 90% accurate\n|c| goobiathan|TERA ANYWAYS\n|c|\u2606SuperOinge22|surely i win right\n|c|\u2606mostgoodX|i pray\n|\n|t:|1699151270\n|move|p2a: Salamence|Fire Fang|p1a: Fezandipiti\n|-damage|p1a: Fezandipiti|0 fnt\n|faint|p1a: Fezandipiti\n|\n|win|SuperOinge22\n|c| goobiathan|man.\n|c|\u2606mostgoodX|NOOOOOOOOOOO\n|c|\u2606SuperOinge22|gg\n|c|\u2606mostgoodX|JUPITER DID NOT LISTEN\n|c|\u2606mostgoodX|gg\n|c| The23rdPower|Oinge wtf\n|c| The23rdPower|Run Fly\n|c| goobiathan|ok my turn\n|c| The23rdPower|More accurate\n|c|\u2606SuperOinge22|lol\n|c| The23rdPower|Stronger\n|l|\u2606mostgoodX\n|j|\u2606mostgoodX\n|player|p1|mostgoodX|mars\n|c|\u2606SuperOinge22|goob man you will play me in the masters 8\n|c|\u2606SuperOinge22|wait your turn\n|l| goobiathan\n|c| The23rdPower|Tude wanted to play me in an exhibition\n|c| The23rdPower|But\n|c| The23rdPower|How am I supposed to help him in that match?\n|c| The23rdPower|Build, I mean\n|l| The23rdPower\n|l|\u2606SuperOinge22\n|j| danbultheman\n","uploadtime":1699151299,"views":9,"p1id":"mostgoodx","p2id":"superoinge22","formatid":"gen9nationaldexubers","rating":0,"private":0,"password":""}