{"id":"gen9nationaldexubers-1991329523","p1":"El!te 00f","p2":"squawkazone \u269d\u5f61","format":"[Gen 9] National Dex Ubers","log":"|j|\u2606El!te 00f\n|j|\u2606squawkazone \u269d\u5f61\n|t:|1700068093\n|gametype|singles\n|player|p1|El!te 00f|serena-masters2|1109\n|player|p2|squawkazone \u269d\u5f61|psychic-gen2|1133\n|teamsize|p1|6\n|teamsize|p2|6\n|gen|9\n|tier|[Gen 9] National Dex Ubers\n|rated|\n|rule|HP Percentage Mod: HP is shown in percentages\n|rule|Endless Battle Clause: Forcing endless battles is banned\n|rule|OHKO Clause: OHKO moves are banned\n|rule|Evasion Moves Clause: Evasion moves are banned\n|rule|Evasion Items Clause: Evasion items are banned\n|rule|Species Clause: Limit one of each Pok\u00e9mon\n|rule|Sleep Clause Mod: Limit one foe put to sleep\n|rule|Mega Rayquaza Clause: You cannot mega evolve Rayquaza\n|clearpoke\n|poke|p1|Pelipper, M|\n|poke|p1|Cyclizar, F|\n|poke|p1|Kingdra, F|\n|poke|p1|Manectric, F|\n|poke|p1|Durant, F|\n|poke|p1|Amoonguss, M|\n|poke|p2|Ledyba, F|\n|poke|p2|Diggersby, F|\n|poke|p2|Bisharp, M|\n|poke|p2|Giratina-Origin|\n|poke|p2|Druddigon, F|\n|poke|p2|Salamence, M|\n|teampreview\n|inactive|Battle timer is ON: inactive players will automatically lose when time's up. (requested by squawkazone \u269d\u5f61)\n|\n|t:|1700068121\n|start\n|switch|p1a: \u00bfQuieres Agua?|Pelipper, M|100\/100\n|switch|p2a: bimmy|Ledyba, F|100\/100\n|-weather|RainDance|[from] ability: Drizzle|[of] p1a: \u00bfQuieres Agua?\n|turn|1\n|\n|t:|1700068135\n|switch|p2a: Giratina|Giratina-Origin|100\/100\n|move|p1a: \u00bfQuieres Agua?|Hurricane|p2a: Giratina\n|-damage|p2a: Giratina|81\/100\n|\n|-weather|RainDance|[upkeep]\n|upkeep\n|turn|2\n|\n|t:|1700068142\n|switch|p1a: I'm Boutta Vent|Amoonguss, M|100\/100\n|move|p2a: Giratina|Will-O-Wisp|p1a: I'm Boutta Vent|[miss]\n|-miss|p2a: Giratina|p1a: I'm Boutta Vent\n|\n|-weather|RainDance|[upkeep]\n|upkeep\n|turn|3\n|inactive|squawkazone \u269d\u5f61 has 120 seconds left.\n|\n|t:|1700068185\n|move|p2a: Giratina|Will-O-Wisp|p1a: I'm Boutta Vent\n|-status|p1a: I'm Boutta Vent|brn\n|move|p1a: I'm Boutta Vent|Spore|p2a: Giratina\n|-status|p2a: Giratina|slp|[from] move: Spore\n|\n|-weather|RainDance|[upkeep]\n|-damage|p1a: I'm Boutta Vent|94\/100 brn|[from] brn\n|upkeep\n|turn|4\n|\n|t:|1700068198\n|switch|p1a: TheySeeMeRollin'|Cyclizar, F, shiny|100\/100\n|cant|p2a: Giratina|slp\n|\n|-weather|RainDance|[upkeep]\n|upkeep\n|turn|5\n|\n|t:|1700068204\n|move|p1a: TheySeeMeRollin'|Shed Tail|p1a: TheySeeMeRollin'\n|-start|p1a: TheySeeMeRollin'|Substitute|[from] move: Shed Tail\n|-damage|p1a: TheySeeMeRollin'|50\/100\n|\n|t:|1700068209\n|switch|p1a: Queendra|Kingdra, F, shiny|100\/100|[from] Shed Tail\n|-curestatus|p2a: Giratina|slp|[msg]\n|move|p2a: Giratina|Dragon Tail|p1a: Queendra\n|-supereffective|p1a: Queendra\n|-end|p1a: Queendra|Substitute\n|\n|-weather|RainDance|[upkeep]\n|upkeep\n|turn|6\n|inactive|squawkazone \u269d\u5f61 has 120 seconds left.\n|\n|t:|1700068230\n|switch|p2a: halloweenie|Druddigon, F, shiny|100\/100\n|move|p1a: Queendra|Draco Meteor|p2a: halloweenie\n|-supereffective|p2a: halloweenie\n|-damage|p2a: halloweenie|0 fnt\n|-unboost|p1a: Queendra|spa|2\n|faint|p2a: halloweenie\n|\n|-weather|RainDance|[upkeep]\n|upkeep\n|\n|t:|1700068233\n|switch|p2a: Salamence|Salamence, M, shiny|100\/100\n|-ability|p2a: Salamence|Intimidate|boost\n|-unboost|p1a: Queendra|atk|1\n|turn|7\n|\n|t:|1700068248\n|switch|p1a: \u00bfCom\u00f3 estas usted?|Durant, F|100\/100\n|switch|p2a: super hornio bros|Bisharp, M, shiny|100\/100\n|-ability|p2a: super hornio bros|Pressure\n|\n|-weather|RainDance|[upkeep]\n|upkeep\n|turn|8\n|\n|t:|1700068254\n|move|p1a: \u00bfCom\u00f3 estas usted?|Stomping Tantrum|p2a: super hornio bros|[miss]\n|-miss|p1a: \u00bfCom\u00f3 estas usted?|p2a: super hornio bros\n|move|p2a: super hornio bros|Mean Look|p1a: \u00bfCom\u00f3 estas usted?\n|-activate|p1a: \u00bfCom\u00f3 estas usted?|trapped\n|\n|-weather|none\n|upkeep\n|turn|9\n|\n|t:|1700068261\n|-terastallize|p2a: super hornio bros|Water\n|move|p1a: \u00bfCom\u00f3 estas usted?|Stomping Tantrum|p2a: super hornio bros|[miss]\n|-miss|p1a: \u00bfCom\u00f3 estas usted?|p2a: super hornio bros\n|move|p2a: super hornio bros|Iron Defense|p2a: super hornio bros\n|-boost|p2a: super hornio bros|def|2\n|\n|upkeep\n|turn|10\n|\n|t:|1700068266\n|move|p1a: \u00bfCom\u00f3 estas usted?|Hone Claws|p1a: \u00bfCom\u00f3 estas usted?\n|-boost|p1a: \u00bfCom\u00f3 estas usted?|atk|1\n|-boost|p1a: \u00bfCom\u00f3 estas usted?|accuracy|1\n|move|p2a: super hornio bros|Iron Defense|p2a: super hornio bros\n|-boost|p2a: super hornio bros|def|2\n|\n|upkeep\n|turn|11\n|\n|t:|1700068270\n|move|p1a: \u00bfCom\u00f3 estas usted?|Hone Claws|p1a: \u00bfCom\u00f3 estas usted?\n|-boost|p1a: \u00bfCom\u00f3 estas usted?|atk|1\n|-boost|p1a: \u00bfCom\u00f3 estas usted?|accuracy|1\n|move|p2a: super hornio bros|Iron Defense|p2a: super hornio bros\n|-boost|p2a: super hornio bros|def|2\n|\n|upkeep\n|turn|12\n|j| jc4life16\n|\n|t:|1700068277\n|move|p1a: \u00bfCom\u00f3 estas usted?|Stomping Tantrum|p2a: super hornio bros\n|-damage|p2a: super hornio bros|88\/100\n|move|p2a: super hornio bros|Spite|p1a: \u00bfCom\u00f3 estas usted?\n|-activate|p1a: \u00bfCom\u00f3 estas usted?|move: Spite|Stomping Tantrum|4\n|\n|upkeep\n|turn|13\n|\n|t:|1700068281\n|move|p1a: \u00bfCom\u00f3 estas usted?|Hone Claws|p1a: \u00bfCom\u00f3 estas usted?\n|-boost|p1a: \u00bfCom\u00f3 estas usted?|atk|1\n|-boost|p1a: \u00bfCom\u00f3 estas usted?|accuracy|1\n|move|p2a: super hornio bros|Spite|p1a: \u00bfCom\u00f3 estas usted?\n|-activate|p1a: \u00bfCom\u00f3 estas usted?|move: Spite|Hone Claws|4\n|\n|upkeep\n|turn|14\n|\n|t:|1700068284\n|move|p1a: \u00bfCom\u00f3 estas usted?|Hone Claws|p1a: \u00bfCom\u00f3 estas usted?\n|-boost|p1a: \u00bfCom\u00f3 estas usted?|atk|1\n|-boost|p1a: \u00bfCom\u00f3 estas usted?|accuracy|1\n|move|p2a: super hornio bros|Spite|p1a: \u00bfCom\u00f3 estas usted?\n|-activate|p1a: \u00bfCom\u00f3 estas usted?|move: Spite|Hone Claws|4\n|\n|upkeep\n|turn|15\n|\n|t:|1700068287\n|move|p1a: \u00bfCom\u00f3 estas usted?|Hone Claws|p1a: \u00bfCom\u00f3 estas usted?\n|-boost|p1a: \u00bfCom\u00f3 estas usted?|atk|1\n|-boost|p1a: \u00bfCom\u00f3 estas usted?|accuracy|1\n|move|p2a: super hornio bros|Spite|p1a: \u00bfCom\u00f3 estas usted?\n|-activate|p1a: \u00bfCom\u00f3 estas usted?|move: Spite|Hone Claws|4\n|\n|upkeep\n|turn|16\n|\n|t:|1700068289\n|move|p1a: \u00bfCom\u00f3 estas usted?|Hone Claws|p1a: \u00bfCom\u00f3 estas usted?\n|-boost|p1a: \u00bfCom\u00f3 estas usted?|atk|1\n|-boost|p1a: \u00bfCom\u00f3 estas usted?|accuracy|1\n|move|p2a: super hornio bros|Spite|p1a: \u00bfCom\u00f3 estas usted?\n|-activate|p1a: \u00bfCom\u00f3 estas usted?|move: Spite|Hone Claws|4\n|\n|upkeep\n|turn|17\n|\n|t:|1700068296\n|move|p1a: \u00bfCom\u00f3 estas usted?|Iron Head|p2a: super hornio bros\n|-resisted|p2a: super hornio bros\n|-damage|p2a: super hornio bros|69\/100\n|cant|p2a: super hornio bros|flinch\n|\n|upkeep\n|turn|18\n|\n|t:|1700068301\n|move|p1a: \u00bfCom\u00f3 estas usted?|Iron Head|p2a: super hornio bros\n|-resisted|p2a: super hornio bros\n|-damage|p2a: super hornio bros|48\/100\n|move|p2a: super hornio bros|Spite|p1a: \u00bfCom\u00f3 estas usted?\n|-activate|p1a: \u00bfCom\u00f3 estas usted?|move: Spite|Iron Head|4\n|\n|upkeep\n|turn|19\n|\n|t:|1700068306\n|move|p1a: \u00bfCom\u00f3 estas usted?|Iron Head|p2a: super hornio bros\n|-resisted|p2a: super hornio bros\n|-damage|p2a: super hornio bros|26\/100\n|cant|p2a: super hornio bros|flinch\n|\n|upkeep\n|turn|20\n|\n|t:|1700068310\n|move|p1a: \u00bfCom\u00f3 estas usted?|Iron Head|p2a: super hornio bros\n|-resisted|p2a: super hornio bros\n|-crit|p2a: super hornio bros\n|-damage|p2a: super hornio bros|0 fnt\n|faint|p2a: super hornio bros\n|\n|upkeep\n|\n|t:|1700068314\n|switch|p2a: bimmy|Ledyba, F|100\/100\n|turn|21\n|\n|t:|1700068333\n|move|p1a: \u00bfCom\u00f3 estas usted?|Iron Head|p2a: bimmy\n|-enditem|p2a: bimmy|Focus Sash\n|-damage|p2a: bimmy|1\/100\n|move|p2a: bimmy|Counter|p1a: \u00bfCom\u00f3 estas usted?\n|-damage|p1a: \u00bfCom\u00f3 estas usted?|0 fnt\n|faint|p1a: \u00bfCom\u00f3 estas usted?\n|\n|upkeep\n|\n|t:|1700068341\n|switch|p1a: Goofy Lookin' MoFo|Manectric, F, shiny|100\/100\n|turn|22\n|\n|t:|1700068344\n|detailschange|p1a: Goofy Lookin' MoFo|Manectric-Mega, F, shiny\n|-mega|p1a: Goofy Lookin' MoFo|Manectric|Manectite\n|-ability|p1a: Goofy Lookin' MoFo|Intimidate|boost\n|-unboost|p2a: bimmy|atk|1\n|move|p1a: Goofy Lookin' MoFo|Volt Switch|p2a: bimmy\n|-supereffective|p2a: bimmy\n|-crit|p2a: bimmy\n|-damage|p2a: bimmy|0 fnt\n|faint|p2a: bimmy\n|\n|t:|1700068350\n|switch|p1a: \u00bfQuieres Agua?|Pelipper, M|100\/100|[from] Volt Switch\n|-weather|RainDance|[from] ability: Drizzle|[of] p1a: \u00bfQuieres Agua?\n|\n|-weather|RainDance|[upkeep]\n|upkeep\n|\n|t:|1700068352\n|switch|p2a: Salamence|Salamence, M, shiny|100\/100\n|-ability|p2a: Salamence|Intimidate|boost\n|-unboost|p1a: \u00bfQuieres Agua?|atk|1\n|turn|23\n|\n|t:|1700068356\n|detailschange|p2a: Salamence|Salamence-Mega, M, shiny\n|-mega|p2a: Salamence|Salamence|Salamencite\n|move|p2a: Salamence|Dragon Dance|p2a: Salamence\n|-boost|p2a: Salamence|atk|1\n|-boost|p2a: Salamence|spe|1\n|move|p1a: \u00bfQuieres Agua?|U-turn|p2a: Salamence\n|-resisted|p2a: Salamence\n|-damage|p2a: Salamence|98\/100\n|\n|t:|1700068361\n|switch|p1a: Queendra|Kingdra, F, shiny|100\/100|[from] U-turn\n|\n|-weather|RainDance|[upkeep]\n|upkeep\n|turn|24\n|\n|t:|1700068365\n|switch|p2a: Giratina|Giratina-Origin|81\/100\n|-terastallize|p1a: Queendra|Water\n|move|p1a: Queendra|Draco Meteor|p2a: Giratina\n|-supereffective|p2a: Giratina\n|-damage|p2a: Giratina|3\/100\n|-unboost|p1a: Queendra|spa|2\n|\n|-weather|RainDance|[upkeep]\n|upkeep\n|turn|25\n|\n|t:|1700068369\n|move|p1a: Queendra|Draco Meteor|p2a: Giratina\n|-supereffective|p2a: Giratina\n|-damage|p2a: Giratina|0 fnt\n|-unboost|p1a: Queendra|spa|2\n|faint|p2a: Giratina\n|\n|-weather|RainDance|[upkeep]\n|upkeep\n|\n|t:|1700068371\n|switch|p2a: Salamence|Salamence-Mega, M, shiny|98\/100\n|turn|26\n|\n|t:|1700068375\n|switch|p1a: TheySeeMeRollin'|Cyclizar, F, shiny|84\/100\n|move|p2a: Salamence|Dragon Dance|p2a: Salamence\n|-boost|p2a: Salamence|atk|1\n|-boost|p2a: Salamence|spe|1\n|\n|-weather|RainDance|[upkeep]\n|upkeep\n|turn|27\n|\n|t:|1700068380\n|move|p2a: Salamence|Facade|p1a: TheySeeMeRollin'\n|-damage|p1a: TheySeeMeRollin'|0 fnt\n|faint|p1a: TheySeeMeRollin'\n|\n|-weather|RainDance|[upkeep]\n|upkeep\n|\n|t:|1700068384\n|switch|p1a: Queendra|Kingdra, F, shiny, tera:Water|100\/100\n|turn|28\n|\n|t:|1700068386\n|move|p1a: Queendra|Draco Meteor|p2a: Salamence\n|-supereffective|p2a: Salamence\n|-damage|p2a: Salamence|0 fnt\n|-unboost|p1a: Queendra|spa|2\n|faint|p2a: Salamence\n|\n|-weather|RainDance|[upkeep]\n|upkeep\n|\n|t:|1700068388\n|switch|p2a: Diggersby|Diggersby, F, shiny|100\/100\n|turn|29\n|\n|t:|1700068391\n|switch|p1a: Goofy Lookin' MoFo|Manectric-Mega, F, shiny|100\/100\n|-ability|p1a: Goofy Lookin' MoFo|Intimidate|boost\n|-unboost|p2a: Diggersby|atk|1\n|move|p2a: Diggersby|Return|p1a: Goofy Lookin' MoFo\n|-damage|p1a: Goofy Lookin' MoFo|42\/100\n|\n|-weather|none\n|upkeep\n|turn|30\n|\n|t:|1700068397\n|move|p2a: Diggersby|Return|p1a: Goofy Lookin' MoFo\n|-damage|p1a: Goofy Lookin' MoFo|0 fnt\n|faint|p1a: Goofy Lookin' MoFo\n|\n|upkeep\n|\n|t:|1700068400\n|switch|p1a: \u00bfQuieres Agua?|Pelipper, M|100\/100\n|-weather|RainDance|[from] ability: Drizzle|[of] p1a: \u00bfQuieres Agua?\n|turn|31\n|\n|t:|1700068403\n|move|p2a: Diggersby|Return|p1a: \u00bfQuieres Agua?\n|-damage|p1a: \u00bfQuieres Agua?|70\/100\n|move|p1a: \u00bfQuieres Agua?|Surf|p2a: Diggersby\n|-supereffective|p2a: Diggersby\n|-damage|p2a: Diggersby|0 fnt\n|faint|p2a: Diggersby\n|\n|win|El!te 00f\n|raw|El!te 00f's rating: 1109 &rarr; <strong>1136<\/strong><br \/>(+27 for winning)\n|raw|squawkazone \u269d\u5f61's rating: 1133 &rarr; <strong>1106<\/strong><br \/>(-27 for losing)\n|l|\u2606squawkazone \u269d\u5f61\n|l| jc4life16\n","uploadtime":1700068626,"views":8,"p1id":"elte00f","p2id":"squawkazone","formatid":"gen9nationaldexubers","rating":1106,"private":0,"password":""}