{"id":"gen9nationaldexubers-1998432025","p1":"Elonias","p2":"Orangesodapop","format":"[Gen 9] National Dex Ubers","log":"|j|\u2606Elonias\n|j|\u2606Orangesodapop\n|t:|1700941632\n|gametype|singles\n|player|p1|Elonias|265|\n|player|p2|Orangesodapop|crasherwake|\n|teamsize|p1|6\n|teamsize|p2|6\n|gen|9\n|tier|[Gen 9] National Dex Ubers\n|rule|HP Percentage Mod: HP is shown in percentages\n|rule|Endless Battle Clause: Forcing endless battles is banned\n|rule|OHKO Clause: OHKO moves are banned\n|rule|Evasion Moves Clause: Evasion moves are banned\n|rule|Evasion Items Clause: Evasion items are banned\n|rule|Species Clause: Limit one of each Pok\u00e9mon\n|rule|Sleep Clause Mod: Limit one foe put to sleep\n|rule|Mega Rayquaza Clause: You cannot mega evolve Rayquaza\n|clearpoke\n|poke|p1|Garchomp, M|\n|poke|p1|Hatterene, F|\n|poke|p1|Heatran, M|\n|poke|p1|Meowscarada, M|\n|poke|p1|Sneasler, F|\n|poke|p1|Dragapult, F|\n|poke|p2|Mawile, M|\n|poke|p2|Rotom-Wash|\n|poke|p2|Cinderace, F|\n|poke|p2|Slowking-Galar, M|\n|poke|p2|Samurott-Hisui, M|\n|poke|p2|Landorus-Therian, M|\n|teampreview\n|inactive|Battle timer is ON: inactive players will automatically lose when time's up. (requested by Elonias)\n|c|\u2606Orangesodapop|Glhf\n|inactiveoff|Battle timer is now OFF.\n|c|\u2606Elonias|u too\n|j| KennyMckor\n|j| Nekolo\n|l| KennyMckor\n|c|\u2606Orangesodapop|We good to go?\n|c| Nekolo|yeeee\n|c| Nekolo|go\n|c|\u2606Elonias|kk\n|\n|t:|1700941748\n|start\n|switch|p1a: Hatterene|Hatterene, F|100\/100\n|switch|p2a: Landorus|Landorus-Therian, M|100\/100\n|-ability|p2a: Landorus|Intimidate|boost\n|-unboost|p1a: Hatterene|atk|1\n|turn|1\n|\n|t:|1700941758\n|switch|p1a: Sneasler|Sneasler, F|100\/100\n|-item|p1a: Sneasler|Air Balloon\n|move|p2a: Landorus|U-turn|p1a: Sneasler\n|-resisted|p1a: Sneasler\n|-damage|p1a: Sneasler|92\/100\n|-enditem|p1a: Sneasler|Air Balloon\n|\n|t:|1700941762\n|switch|p2a: Rotom|Rotom-Wash|100\/100|[from] U-turn\n|\n|upkeep\n|turn|2\n|\n|t:|1700941780\n|move|p1a: Sneasler|Dire Claw|p2a: Rotom\n|-damage|p2a: Rotom|55\/100\n|move|p2a: Rotom|Will-O-Wisp|p1a: Sneasler\n|-status|p1a: Sneasler|brn\n|\n|-damage|p1a: Sneasler|86\/100 brn|[from] brn\n|upkeep\n|turn|3\n|\n|t:|1700941790\n|switch|p2a: Landorus|Landorus-Therian, M|100\/100\n|-ability|p2a: Landorus|Intimidate|boost\n|-unboost|p1a: Sneasler|atk|1\n|move|p1a: Sneasler|Dire Claw|p2a: Landorus\n|-resisted|p2a: Landorus\n|-damage|p2a: Landorus|96\/100\n|-damage|p1a: Sneasler|69\/100 brn|[from] item: Rocky Helmet|[of] p2a: Landorus\n|\n|-damage|p1a: Sneasler|63\/100 brn|[from] brn\n|upkeep\n|turn|4\n|\n|t:|1700941802\n|switch|p1a: Garchomp|Garchomp, M|100\/100\n|move|p2a: Landorus|Earthquake|p1a: Garchomp\n|-damage|p1a: Garchomp|54\/100\n|\n|upkeep\n|turn|5\n|\n|t:|1700941818\n|move|p1a: Garchomp|Swords Dance|p1a: Garchomp\n|-boost|p1a: Garchomp|atk|2\n|move|p2a: Landorus|Stealth Rock|p1a: Garchomp\n|-sidestart|p1: Elonias|move: Stealth Rock\n|\n|upkeep\n|turn|6\n|\n|t:|1700941831\n|switch|p2a: Rotom|Rotom-Wash|55\/100\n|move|p1a: Garchomp|Scale Shot|p2a: Rotom\n|-damage|p2a: Rotom|28\/100\n|-damage|p2a: Rotom|2\/100\n|-damage|p2a: Rotom|0 fnt\n|faint|p2a: Rotom\n|-hitcount|p2: Rotom|3\n|-unboost|p1a: Garchomp|def|1\n|-boost|p1a: Garchomp|spe|1\n|\n|upkeep\n|\n|t:|1700941833\n|switch|p2a: Landorus|Landorus-Therian, M|96\/100\n|-ability|p2a: Landorus|Intimidate|boost\n|-unboost|p1a: Garchomp|atk|1\n|turn|7\n|\n|t:|1700941846\n|move|p1a: Garchomp|Scale Shot|p2a: Landorus\n|-damage|p2a: Landorus|81\/100\n|-damage|p2a: Landorus|67\/100\n|-damage|p2a: Landorus|54\/100\n|-damage|p2a: Landorus|41\/100\n|-hitcount|p2a: Landorus|4\n|-unboost|p1a: Garchomp|def|1\n|-boost|p1a: Garchomp|spe|1\n|move|p2a: Landorus|Earthquake|p1a: Garchomp\n|-damage|p1a: Garchomp|0 fnt\n|faint|p1a: Garchomp\n|\n|upkeep\n|\n|t:|1700941860\n|switch|p1a: Meowscarada|Meowscarada, M|100\/100\n|-damage|p1a: Meowscarada|88\/100|[from] Stealth Rock\n|turn|8\n|\n|t:|1700941870\n|move|p1a: Meowscarada|Play Rough|p2a: Landorus\n|-start|p1a: Meowscarada|typechange|Fairy|[from] ability: Protean\n|-damage|p2a: Landorus|13\/100\n|-damage|p1a: Meowscarada|72\/100|[from] item: Rocky Helmet|[of] p2a: Landorus\n|move|p2a: Landorus|U-turn|p1a: Meowscarada\n|-resisted|p1a: Meowscarada\n|-damage|p1a: Meowscarada|54\/100\n|\n|t:|1700941874\n|switch|p2a: Slowking|Slowking-Galar, M|100\/100|[from] U-turn\n|\n|upkeep\n|turn|9\n|\n|t:|1700941889\n|switch|p1a: Dragapult|Dragapult, F|100\/100\n|move|p2a: Slowking|Thunder Wave|p1a: Dragapult\n|-status|p1a: Dragapult|par\n|\n|upkeep\n|turn|10\n|\n|t:|1700941895\n|switch|p2a: Samurott|Samurott-Hisui, M|100\/100\n|move|p1a: Dragapult|Dragon Dance|p1a: Dragapult\n|-boost|p1a: Dragapult|atk|1\n|-boost|p1a: Dragapult|spe|1\n|\n|upkeep\n|turn|11\n|\n|t:|1700941908\n|switch|p1a: Meowscarada|Meowscarada, M|54\/100\n|-damage|p1a: Meowscarada|41\/100|[from] Stealth Rock\n|move|p2a: Samurott|Ceaseless Edge|p1a: Meowscarada\n|-resisted|p1a: Meowscarada\n|-damage|p1a: Meowscarada|0 fnt\n|-sidestart|p1: Elonias|Spikes\n|faint|p1a: Meowscarada\n|\n|upkeep\n|\n|t:|1700941921\n|switch|p1a: Sneasler|Sneasler, F|63\/100 brn\n|-damage|p1a: Sneasler|57\/100 brn|[from] Stealth Rock\n|-damage|p1a: Sneasler|45\/100 brn|[from] Spikes\n|turn|12\n|\n|t:|1700941929\n|switch|p2a: Landorus|Landorus-Therian, M|13\/100\n|-ability|p2a: Landorus|Intimidate|boost\n|-unboost|p1a: Sneasler|atk|1\n|move|p1a: Sneasler|Fake Out|p2a: Landorus\n|-damage|p2a: Landorus|10\/100\n|-damage|p1a: Sneasler|28\/100 brn|[from] item: Rocky Helmet|[of] p2a: Landorus\n|\n|-damage|p1a: Sneasler|22\/100 brn|[from] brn\n|upkeep\n|turn|13\n|\n|t:|1700941939\n|move|p1a: Sneasler|Acrobatics|p2a: Landorus\n|-damage|p2a: Landorus|0 fnt\n|-damage|p1a: Sneasler|6\/100 brn|[from] item: Rocky Helmet|[of] p2a: Landorus\n|faint|p2a: Landorus\n|\n|-damage|p1a: Sneasler|0 fnt|[from] brn\n|faint|p1a: Sneasler\n|upkeep\n|\n|t:|1700941950\n|switch|p1a: Dragapult|Dragapult, F|100\/100 par\n|switch|p2a: Samurott|Samurott-Hisui, M|100\/100\n|turn|14\n|\n|t:|1700941963\n|move|p1a: Dragapult|Sucker Punch|p2a: Samurott\n|-resisted|p2a: Samurott\n|-damage|p2a: Samurott|85\/100\n|move|p2a: Samurott|Ceaseless Edge|p1a: Dragapult\n|-supereffective|p1a: Dragapult\n|-damage|p1a: Dragapult|0 fnt\n|-sidestart|p1: Elonias|Spikes\n|faint|p1a: Dragapult\n|\n|upkeep\n|\n|t:|1700941975\n|switch|p1a: Hatterene|Hatterene, F|100\/100\n|-damage|p1a: Hatterene|88\/100|[from] Stealth Rock\n|-damage|p1a: Hatterene|72\/100|[from] Spikes\n|turn|15\n|\n|t:|1700941981\n|move|p2a: Samurott|Flip Turn|p1a: Hatterene\n|-damage|p1a: Hatterene|36\/100\n|\n|t:|1700941984\n|switch|p2a: Slowking|Slowking-Galar, M|100\/100|[from] Flip Turn\n|move|p1a: Hatterene|Giga Drain|p2a: Slowking\n|-resisted|p2a: Slowking\n|-damage|p2a: Slowking|89\/100\n|-heal|p1a: Hatterene|43\/100|[from] drain|[of] p2a: Slowking\n|\n|-heal|p1a: Hatterene|49\/100|[from] item: Leftovers\n|upkeep\n|turn|16\n|\n|t:|1700941993\n|move|p1a: Hatterene|Psyshock|p2a: Slowking\n|-damage|p2a: Slowking|52\/100\n|move|p2a: Slowking|Chilly Reception|p2a: Slowking\n|-weather|Snow\n|\n|t:|1700941999\n|switch|p2a: Mawile|Mawile, M|100\/100|[from] Chilly Reception\n|-ability|p2a: Mawile|Intimidate|boost\n|-unboost|p1a: Hatterene|atk|1\n|\n|-weather|Snow|[upkeep]\n|-heal|p1a: Hatterene|55\/100|[from] item: Leftovers\n|upkeep\n|turn|17\n|\n|t:|1700942007\n|detailschange|p2a: Mawile|Mawile-Mega, M\n|-mega|p2a: Mawile|Mawile|Mawilite\n|move|p2a: Mawile|Knock Off|p1a: Hatterene\n|-damage|p1a: Hatterene|0 fnt\n|-enditem|p1a: Hatterene|Leftovers|[from] move: Knock Off|[of] p2a: Mawile\n|faint|p1a: Hatterene\n|\n|-weather|Snow|[upkeep]\n|upkeep\n|\n|t:|1700942013\n|switch|p1a: Heatran|Heatran, M|100\/100\n|-damage|p1a: Heatran|88\/100|[from] Stealth Rock\n|-damage|p1a: Heatran|71\/100|[from] Spikes\n|turn|18\n|\n|t:|1700942019\n|move|p2a: Mawile|Sucker Punch|p1a: Heatran\n|-damage|p1a: Heatran|34\/100\n|-zpower|p1a: Heatran\n|move|p1a: Heatran|Inferno Overdrive|p2a: Mawile|[zeffect]\n|-supereffective|p2a: Mawile\n|-damage|p2a: Mawile|0 fnt\n|faint|p2a: Mawile\n|\n|-weather|Snow|[upkeep]\n|upkeep\n|\n|t:|1700942023\n|switch|p2a: Samurott|Samurott-Hisui, M|85\/100\n|turn|19\n|c|\u2606Elonias|gg\n|\n|t:|1700942036\n|move|p2a: Samurott|Flip Turn|p1a: Heatran\n|-supereffective|p1a: Heatran\n|-damage|p1a: Heatran|0 fnt\n|faint|p1a: Heatran\n|\n|win|Orangesodapop\n|c|\u2606Orangesodapop|Gg\n","uploadtime":1700942046,"views":3,"p1id":"elonias","p2id":"orangesodapop","formatid":"gen9nationaldexubers","rating":0,"private":0,"password":""}