{"id":"gen9nationaldexubers-1992944806","p1":"KingoftheTitans","p2":"KallaxDino","format":"[Gen 9] National Dex Ubers","log":"|j|\u2606KingoftheTitans\n|j|\u2606KallaxDino\n|t:|1700249095\n|gametype|singles\n|player|p1|KingoftheTitans|266|\n|player|p2|KallaxDino|266|\n|teamsize|p1|6\n|teamsize|p2|6\n|gen|9\n|tier|[Gen 9] National Dex Ubers\n|rule|HP Percentage Mod: HP is shown in percentages\n|rule|Endless Battle Clause: Forcing endless battles is banned\n|rule|OHKO Clause: OHKO moves are banned\n|rule|Evasion Moves Clause: Evasion moves are banned\n|rule|Evasion Items Clause: Evasion items are banned\n|rule|Species Clause: Limit one of each Pok\u00e9mon\n|rule|Sleep Clause Mod: Limit one foe put to sleep\n|rule|Mega Rayquaza Clause: You cannot mega evolve Rayquaza\n|clearpoke\n|poke|p1|Charizard, M|\n|poke|p1|Greninja-*, M|\n|poke|p1|Serperior, F|\n|poke|p1|Tyranitar, M|\n|poke|p1|Excadrill, M|\n|poke|p1|Dracozolt|\n|poke|p2|Zygarde|\n|poke|p2|Groudon|\n|poke|p2|Kyurem-White|\n|poke|p2|Mewtwo|\n|poke|p2|Zacian-*|\n|poke|p2|Necrozma-Dusk-Mane|\n|teampreview\n|\n|t:|1700249102\n|start\n|switch|p1a: Tyranitar|Tyranitar, M|100\/100\n|switch|p2a: Groudon|Groudon|100\/100\n|-weather|Sandstorm|[from] ability: Sand Stream|[of] p1a: Tyranitar\n|detailschange|p2a: Groudon|Groudon-Primal\n|-primal|p2a: Groudon|Red Orb\n|-weather|DesolateLand|[from] ability: Desolate Land|[of] p2a: Groudon\n|turn|1\n|\n|t:|1700249116\n|switch|p1a: Charizard|Charizard, M|100\/100\n|move|p2a: Groudon|Heat Crash|p1a: Charizard\n|-resisted|p1a: Charizard\n|-damage|p1a: Charizard|10\/100\n|\n|-weather|DesolateLand|[upkeep]\n|upkeep\n|turn|2\n|\n|t:|1700249124\n|detailschange|p1a: Charizard|Charizard-Mega-X, M\n|-mega|p1a: Charizard|Charizard|Charizardite X\n|move|p2a: Groudon|Precipice Blades|p1a: Charizard\n|-supereffective|p1a: Charizard\n|-damage|p1a: Charizard|0 fnt\n|faint|p1a: Charizard\n|\n|-weather|DesolateLand|[upkeep]\n|upkeep\n|\n|t:|1700249132\n|switch|p1a: Excadrill|Excadrill, M|100\/100\n|turn|3\n|\n|t:|1700249144\n|-weather|none\n|switch|p2a: Zacian|Zacian-Crowned|100\/100\n|-ability|p2a: Zacian|Intrepid Sword|boost\n|-boost|p2a: Zacian|atk|1\n|move|p1a: Excadrill|Rapid Spin|p2a: Zacian\n|-resisted|p2a: Zacian\n|-damage|p2a: Zacian|91\/100\n|-boost|p1a: Excadrill|spe|1\n|\n|upkeep\n|turn|4\n|\n|t:|1700249158\n|move|p2a: Zacian|Swords Dance|p2a: Zacian\n|-boost|p2a: Zacian|atk|2\n|move|p1a: Excadrill|Earthquake|p2a: Zacian\n|-supereffective|p2a: Zacian\n|-damage|p2a: Zacian|0 fnt\n|faint|p2a: Zacian\n|\n|upkeep\n|\n|t:|1700249168\n|switch|p2a: Groudon|Groudon-Primal|100\/100\n|-weather|DesolateLand|[from] ability: Desolate Land|[of] p2a: Groudon\n|turn|5\n|\n|t:|1700249173\n|move|p1a: Excadrill|Earthquake|p2a: Groudon\n|-supereffective|p2a: Groudon\n|-damage|p2a: Groudon|24\/100\n|move|p2a: Groudon|Heat Crash|p1a: Excadrill\n|-supereffective|p1a: Excadrill\n|-enditem|p1a: Excadrill|Focus Sash\n|-damage|p1a: Excadrill|1\/100\n|\n|-weather|DesolateLand|[upkeep]\n|upkeep\n|turn|6\n|\n|t:|1700249187\n|-weather|none\n|switch|p2a: Necrozma|Necrozma-Dusk-Mane|100\/100\n|move|p1a: Excadrill|Earthquake|p2a: Necrozma\n|-supereffective|p2a: Necrozma\n|-damage|p2a: Necrozma|29\/100\n|\n|upkeep\n|turn|7\n|\n|t:|1700249194\n|move|p1a: Excadrill|Earthquake|p2a: Necrozma\n|-supereffective|p2a: Necrozma\n|-damage|p2a: Necrozma|0 fnt\n|faint|p2a: Necrozma\n|\n|upkeep\n|\n|t:|1700249200\n|switch|p2a: Groudon|Groudon-Primal|24\/100\n|-weather|DesolateLand|[from] ability: Desolate Land|[of] p2a: Groudon\n|turn|8\n|\n|t:|1700249208\n|move|p1a: Excadrill|Earthquake|p2a: Groudon\n|-supereffective|p2a: Groudon\n|-damage|p2a: Groudon|0 fnt\n|faint|p2a: Groudon\n|-weather|none\n|\n|upkeep\n|\n|t:|1700249214\n|switch|p2a: Zygarde|Zygarde|100\/100\n|turn|9\n|\n|t:|1700249219\n|move|p1a: Excadrill|Iron Head|p2a: Zygarde\n|-damage|p2a: Zygarde|65\/100\n|move|p2a: Zygarde|Dragon Dance|p2a: Zygarde\n|-boost|p2a: Zygarde|atk|1\n|-boost|p2a: Zygarde|spe|1\n|\n|-heal|p2a: Zygarde|71\/100|[from] item: Leftovers\n|upkeep\n|turn|10\n|\n|t:|1700249229\n|switch|p1a: Tyranitar|Tyranitar, M|100\/100\n|-weather|Sandstorm|[from] ability: Sand Stream|[of] p1a: Tyranitar\n|-terastallize|p2a: Zygarde|Dragon\n|move|p2a: Zygarde|Substitute|p2a: Zygarde\n|-start|p2a: Zygarde|Substitute\n|-damage|p2a: Zygarde|46\/100\n|\n|-weather|Sandstorm|[upkeep]\n|-damage|p2a: Zygarde|40\/100|[from] Sandstorm\n|-heal|p2a: Zygarde|46\/100|[from] item: Leftovers\n|-activate|p2a: Zygarde|ability: Power Construct\n|detailschange|p2a: Zygarde|Zygarde-Complete, tera:Dragon\n|-heal|p2a: Zygarde|67\/100|[silent]\n|upkeep\n|turn|11\n|\n|t:|1700249243\n|move|p2a: Zygarde|Thousand Arrows|p1a: Tyranitar\n|-supereffective|p1a: Tyranitar\n|-damage|p1a: Tyranitar|0 fnt\n|faint|p1a: Tyranitar\n|\n|-weather|Sandstorm|[upkeep]\n|-damage|p2a: Zygarde|61\/100|[from] Sandstorm\n|-heal|p2a: Zygarde|67\/100|[from] item: Leftovers\n|upkeep\n|\n|t:|1700249251\n|switch|p1a: Excadrill|Excadrill, M|1\/100\n|turn|12\n|\n|t:|1700249255\n|move|p2a: Zygarde|Extreme Speed|p1a: Excadrill\n|-resisted|p1a: Excadrill\n|-damage|p1a: Excadrill|0 fnt\n|faint|p1a: Excadrill\n|\n|-weather|Sandstorm|[upkeep]\n|-damage|p2a: Zygarde|61\/100|[from] Sandstorm\n|-heal|p2a: Zygarde|67\/100|[from] item: Leftovers\n|upkeep\n|\n|t:|1700249264\n|switch|p1a: Serperior|Serperior, F|100\/100\n|turn|13\n|\n|t:|1700249266\n|move|p2a: Zygarde|Dragon Dance|p2a: Zygarde\n|-boost|p2a: Zygarde|atk|1\n|-boost|p2a: Zygarde|spe|1\n|move|p1a: Serperior|Dragon Pulse|p2a: Zygarde\n|-supereffective|p2a: Zygarde\n|-end|p2a: Zygarde|Substitute\n|\n|-weather|Sandstorm|[upkeep]\n|-damage|p2a: Zygarde|61\/100|[from] Sandstorm\n|-damage|p1a: Serperior|94\/100|[from] Sandstorm\n|-heal|p2a: Zygarde|67\/100|[from] item: Leftovers\n|-heal|p1a: Serperior|100\/100|[from] item: Leftovers\n|upkeep\n|turn|14\n|\n|t:|1700249280\n|move|p2a: Zygarde|Substitute|p2a: Zygarde\n|-start|p2a: Zygarde|Substitute\n|-damage|p2a: Zygarde|42\/100\n|move|p1a: Serperior|Dragon Pulse|p2a: Zygarde\n|-supereffective|p2a: Zygarde\n|-end|p2a: Zygarde|Substitute\n|\n|-weather|Sandstorm|[upkeep]\n|-damage|p2a: Zygarde|36\/100|[from] Sandstorm\n|-damage|p1a: Serperior|94\/100|[from] Sandstorm\n|-heal|p2a: Zygarde|42\/100|[from] item: Leftovers\n|-heal|p1a: Serperior|100\/100|[from] item: Leftovers\n|upkeep\n|turn|15\n|\n|t:|1700249290\n|move|p2a: Zygarde|Thousand Arrows|p1a: Serperior\n|-resisted|p1a: Serperior\n|-damage|p1a: Serperior|51\/100\n|move|p1a: Serperior|Dragon Pulse|p2a: Zygarde\n|-supereffective|p2a: Zygarde\n|-damage|p2a: Zygarde|15\/100\n|\n|-weather|Sandstorm|[upkeep]\n|-damage|p2a: Zygarde|9\/100|[from] Sandstorm\n|-damage|p1a: Serperior|44\/100|[from] Sandstorm\n|-heal|p2a: Zygarde|15\/100|[from] item: Leftovers\n|-heal|p1a: Serperior|51\/100|[from] item: Leftovers\n|upkeep\n|turn|16\n|\n|t:|1700249305\n|move|p2a: Zygarde|Thousand Arrows|p1a: Serperior\n|-resisted|p1a: Serperior\n|-damage|p1a: Serperior|0 fnt\n|faint|p1a: Serperior\n|\n|-weather|Sandstorm|[upkeep]\n|-damage|p2a: Zygarde|9\/100|[from] Sandstorm\n|-heal|p2a: Zygarde|15\/100|[from] item: Leftovers\n|upkeep\n|\n|t:|1700249312\n|switch|p1a: Greninja|Greninja, M|100\/100\n|turn|17\n|\n|t:|1700249317\n|move|p1a: Greninja|Water Shuriken|p2a: Zygarde\n|-resisted|p2a: Zygarde\n|-damage|p2a: Zygarde|12\/100\n|-resisted|p2a: Zygarde\n|-crit|p2a: Zygarde\n|-damage|p2a: Zygarde|8\/100\n|-resisted|p2a: Zygarde\n|-damage|p2a: Zygarde|6\/100\n|-resisted|p2a: Zygarde\n|-damage|p2a: Zygarde|3\/100\n|-resisted|p2a: Zygarde\n|-damage|p2a: Zygarde|0 fnt\n|faint|p2a: Zygarde\n|-ability|p1a: Greninja|Battle Bond|boost\n|-boost|p1a: Greninja|atk|1\n|-boost|p1a: Greninja|spa|1\n|-boost|p1a: Greninja|spe|1\n|-activate|p1a: Greninja|ability: Battle Bond\n|-hitcount|p2: Zygarde|5\n|-damage|p1a: Greninja|91\/100|[from] item: Life Orb\n|\n|-weather|none\n|upkeep\n|\n|t:|1700249334\n|switch|p2a: Mewtwo|Mewtwo|100\/100\n|-ability|p2a: Mewtwo|Pressure\n|turn|18\n|\n|t:|1700249339\n|move|p1a: Greninja|Dark Pulse|p2a: Mewtwo\n|-supereffective|p2a: Mewtwo\n|-damage|p2a: Mewtwo|0 fnt\n|faint|p2a: Mewtwo\n|-damage|p1a: Greninja|81\/100|[from] item: Life Orb\n|\n|upkeep\n|\n|t:|1700249345\n|switch|p2a: Kyurem|Kyurem-White|100\/100\n|-ability|p2a: Kyurem|Turboblaze\n|turn|19\n|\n|t:|1700249353\n|-terastallize|p1a: Greninja|Ice\n|move|p1a: Greninja|Ice Beam|p2a: Kyurem\n|-damage|p2a: Kyurem|32\/100\n|-damage|p1a: Greninja|71\/100|[from] item: Life Orb\n|move|p2a: Kyurem|Fusion Flare|p1a: Greninja\n|-supereffective|p1a: Greninja\n|-damage|p1a: Greninja|0 fnt\n|faint|p1a: Greninja\n|\n|upkeep\n|\n|t:|1700249362\n|switch|p1a: Dracozolt|Dracozolt|100\/100\n|turn|20\n|\n|t:|1700249367\n|move|p1a: Dracozolt|Dragon Claw|p2a: Kyurem|[miss]\n|-miss|p1a: Dracozolt|p2a: Kyurem\n|move|p2a: Kyurem|Fusion Flare|p1a: Dracozolt\n|-resisted|p1a: Dracozolt\n|-damage|p1a: Dracozolt|55\/100\n|\n|upkeep\n|turn|21\n|\n|t:|1700249380\n|move|p1a: Dracozolt|Dragon Claw|p2a: Kyurem\n|-supereffective|p2a: Kyurem\n|-damage|p2a: Kyurem|0 fnt\n|faint|p2a: Kyurem\n|\n|win|KingoftheTitans\n","uploadtime":1700249388,"views":10,"p1id":"kingofthetitans","p2id":"kallaxdino","formatid":"gen9nationaldexubers","rating":0,"private":0,"password":""}