{"id":"gen9nationaldexubers-1998859173","p1":"Gymnasiar","p2":"Petznov","format":"[Gen 9] National Dex Ubers","log":"|j|\u2606Gymnasiar\n|j|\u2606Petznov\n|t:|1701004437\n|gametype|singles\n|player|p1|Gymnasiar|1|\n|player|p2|Petznov|266|\n|teamsize|p1|6\n|teamsize|p2|6\n|gen|9\n|tier|[Gen 9] National Dex Ubers\n|rule|HP Percentage Mod: HP is shown in percentages\n|rule|Endless Battle Clause: Forcing endless battles is banned\n|rule|OHKO Clause: OHKO moves are banned\n|rule|Evasion Moves Clause: Evasion moves are banned\n|rule|Evasion Items Clause: Evasion items are banned\n|rule|Species Clause: Limit one of each Pok\u00e9mon\n|rule|Sleep Clause Mod: Limit one foe put to sleep\n|rule|Mega Rayquaza Clause: You cannot mega evolve Rayquaza\n|clearpoke\n|poke|p1|Zapdos|\n|poke|p1|Milotic, F|\n|poke|p1|Grimmsnarl, M|\n|poke|p1|Blissey, F|\n|poke|p1|Haxorus, F|\n|poke|p1|Excadrill, F|\n|poke|p2|Garchomp, F|\n|poke|p2|Celesteela|\n|poke|p2|Jellicent, F|\n|poke|p2|Kingambit, M|\n|poke|p2|Accelgor, M|\n|poke|p2|Chesnaught, F|\n|teampreview\n|\n|t:|1701004481\n|start\n|switch|p1a: Lissy|Excadrill, F, shiny|100\/100\n|switch|p2a: Nara|Accelgor, M|100\/100\n|-ability|p1a: Lissy|Mold Breaker\n|turn|1\n|inactive|Battle timer is ON: inactive players will automatically lose when time's up. (requested by Petznov)\n|\n|t:|1701004512\n|move|p2a: Nara|U-turn|p1a: Lissy\n|-resisted|p1a: Lissy\n|-damage|p1a: Lissy|89\/100\n|\n|t:|1701004515\n|switch|p2a: Kofun|Jellicent, F|100\/100|[from] U-turn\n|move|p1a: Lissy|Stealth Rock|p2a: Kofun\n|-sidestart|p2: Petznov|move: Stealth Rock\n|\n|upkeep\n|turn|2\n|\n|t:|1701004529\n|move|p1a: Lissy|Earthquake|p2a: Kofun\n|-damage|p2a: Kofun|30\/100\n|-start|p1a: Lissy|Disable|Earthquake|[from] ability: Cursed Body|[of] p2a: Kofun\n|move|p2a: Kofun|Scald|p1a: Lissy\n|-supereffective|p1a: Lissy\n|-damage|p1a: Lissy|24\/100\n|\n|upkeep\n|turn|3\n|\n|t:|1701004541\n|move|p1a: Lissy|Aerial Ace|p2a: Kofun\n|-damage|p2a: Kofun|5\/100\n|move|p2a: Kofun|Scald|p1a: Lissy\n|-supereffective|p1a: Lissy\n|-damage|p1a: Lissy|0 fnt\n|faint|p1a: Lissy\n|\n|upkeep\n|\n|t:|1701004561\n|switch|p1a: Birb|Zapdos|100\/100\n|turn|4\n|\n|t:|1701004574\n|switch|p2a: Jomon|Garchomp, F|100\/100\n|-damage|p2a: Jomon|94\/100|[from] Stealth Rock\n|move|p1a: Birb|U-turn|p2a: Jomon\n|-damage|p2a: Jomon|82\/100\n|-damage|p1a: Birb|88\/100|[from] ability: Rough Skin|[of] p2a: Jomon\n|\n|t:|1701004583\n|switch|p1a: Snek|Milotic, F|100\/100|[from] U-turn\n|\n|-status|p1a: Snek|brn|[from] item: Flame Orb\n|upkeep\n|turn|5\n|\n|t:|1701004599\n|switch|p2a: Edo|Chesnaught, F|100\/100\n|-damage|p2a: Edo|94\/100|[from] Stealth Rock\n|move|p1a: Snek|Toxic|p2a: Edo\n|-status|p2a: Edo|tox\n|\n|-damage|p2a: Edo|88\/100 tox|[from] psn\n|-damage|p1a: Snek|94\/100 brn|[from] brn\n|upkeep\n|turn|6\n|\n|t:|1701004614\n|switch|p1a: Birb|Zapdos|88\/100\n|move|p2a: Edo|Spikes|p1a: Birb\n|-sidestart|p1: Gymnasiar|Spikes\n|\n|-damage|p2a: Edo|76\/100 tox|[from] psn\n|upkeep\n|turn|7\n|inactive|Petznov has 270 seconds left.\n|\n|t:|1701004644\n|switch|p2a: Jomon|Garchomp, F|82\/100\n|-damage|p2a: Jomon|76\/100|[from] Stealth Rock\n|move|p1a: Birb|Hurricane|p2a: Jomon|[miss]\n|-miss|p1a: Birb|p2a: Jomon\n|\n|upkeep\n|turn|8\n|inactive|Petznov has 270 seconds left.\n|\n|t:|1701004655\n|switch|p1a: Snek|Milotic, F|94\/100 brn\n|-damage|p1a: Snek|82\/100 brn|[from] Spikes\n|move|p2a: Jomon|Swords Dance|p2a: Jomon\n|-boost|p2a: Jomon|atk|2\n|\n|-damage|p1a: Snek|76\/100 brn|[from] brn\n|upkeep\n|turn|9\n|inactive|Petznov has 270 seconds left.\n|\n|t:|1701004672\n|move|p2a: Jomon|Earthquake|p1a: Snek\n|-damage|p1a: Snek|9\/100 brn\n|-damage|p2a: Jomon|66\/100|[from] item: Life Orb\n|move|p1a: Snek|Ice Beam|p2a: Jomon\n|-supereffective|p2a: Jomon\n|-damage|p2a: Jomon|0 fnt\n|faint|p2a: Jomon\n|\n|-damage|p1a: Snek|3\/100 brn|[from] brn\n|upkeep\n|inactive|Petznov has 270 seconds left.\n|\n|t:|1701004688\n|switch|p2a: Kofun|Jellicent, F|5\/100\n|turn|10\n|\n|t:|1701004698\n|move|p1a: Snek|Recover|p1a: Snek\n|-heal|p1a: Snek|53\/100 brn\n|move|p2a: Kofun|Strength Sap|p1a: Snek\n|-unboost|p1a: Snek|atk|1\n|-heal|p2a: Kofun|33\/100\n|\n|-damage|p1a: Snek|47\/100 brn|[from] brn\n|upkeep\n|turn|11\n|inactive|Petznov has 270 seconds left.\n|\n|t:|1701004709\n|move|p1a: Snek|Recover|p1a: Snek\n|-heal|p1a: Snek|97\/100 brn\n|move|p2a: Kofun|Strength Sap|p1a: Snek\n|-unboost|p1a: Snek|atk|1\n|-heal|p2a: Kofun|51\/100\n|\n|-damage|p1a: Snek|91\/100 brn|[from] brn\n|upkeep\n|turn|12\n|inactive|Petznov has 270 seconds left.\n|\n|t:|1701004722\n|move|p1a: Snek|Toxic|p2a: Kofun\n|-status|p2a: Kofun|tox\n|move|p2a: Kofun|Strength Sap|p1a: Snek\n|-unboost|p1a: Snek|atk|1\n|-heal|p2a: Kofun|65\/100 tox\n|\n|-damage|p2a: Kofun|59\/100 tox|[from] psn\n|-damage|p1a: Snek|85\/100 brn|[from] brn\n|upkeep\n|turn|13\n|inactive|Petznov has 270 seconds left.\n|\n|t:|1701004743\n|move|p1a: Snek|Ice Beam|p2a: Kofun\n|-resisted|p2a: Kofun\n|-damage|p2a: Kofun|52\/100 tox\n|move|p2a: Kofun|Dazzling Gleam|p1a: Snek\n|-crit|p1a: Snek\n|-damage|p1a: Snek|66\/100 brn\n|\n|-damage|p2a: Kofun|40\/100 tox|[from] psn\n|-damage|p1a: Snek|60\/100 brn|[from] brn\n|upkeep\n|turn|14\n|\n|t:|1701004753\n|move|p1a: Snek|Recover|p1a: Snek\n|-heal|p1a: Snek|100\/100 brn\n|move|p2a: Kofun|Dazzling Gleam|p1a: Snek\n|-damage|p1a: Snek|88\/100 brn\n|\n|-damage|p2a: Kofun|21\/100 tox|[from] psn\n|-damage|p1a: Snek|82\/100 brn|[from] brn\n|upkeep\n|turn|15\n|\n|t:|1701004768\n|move|p1a: Snek|Recover|p1a: Snek\n|-heal|p1a: Snek|100\/100 brn\n|move|p2a: Kofun|Strength Sap|p1a: Snek\n|-unboost|p1a: Snek|atk|1\n|-heal|p2a: Kofun|32\/100 tox\n|\n|-damage|p2a: Kofun|7\/100 tox|[from] psn\n|-damage|p1a: Snek|94\/100 brn|[from] brn\n|upkeep\n|turn|16\n|inactive|Petznov has 270 seconds left.\n|\n|t:|1701004781\n|move|p1a: Snek|Ice Beam|p2a: Kofun\n|-resisted|p2a: Kofun\n|-damage|p2a: Kofun|1\/100 tox\n|move|p2a: Kofun|Strength Sap|p1a: Snek\n|-unboost|p1a: Snek|atk|1\n|-heal|p2a: Kofun|10\/100 tox\n|\n|-damage|p2a: Kofun|0 fnt|[from] psn\n|faint|p2a: Kofun\n|-damage|p1a: Snek|88\/100 brn|[from] brn\n|upkeep\n|inactive|Petznov has 270 seconds left.\n|\n|t:|1701004816\n|switch|p2a: Edo|Chesnaught, F|76\/100 tox\n|-damage|p2a: Edo|70\/100 tox|[from] Stealth Rock\n|turn|17\n|\n|t:|1701004841\n|move|p1a: Snek|Ice Beam|p2a: Edo\n|-supereffective|p2a: Edo\n|-damage|p2a: Edo|26\/100 tox\n|move|p2a: Edo|Wood Hammer|p1a: Snek\n|-supereffective|p1a: Snek\n|-damage|p1a: Snek|13\/100 brn\n|-damage|p2a: Edo|0 fnt|[from] Recoil\n|faint|p2a: Edo\n|\n|-damage|p1a: Snek|7\/100 brn|[from] brn\n|upkeep\n|inactive|Petznov has 240 seconds left.\n|j| cosmojenkins\n|\n|t:|1701004869\n|switch|p2a: Nara|Accelgor, M|100\/100\n|-damage|p2a: Nara|76\/100|[from] Stealth Rock\n|turn|18\n|inactive|Petznov has 240 seconds left.\n|\n|t:|1701004881\n|move|p2a: Nara|Bug Buzz|p1a: Snek\n|-damage|p1a: Snek|0 fnt\n|faint|p1a: Snek\n|\n|upkeep\n|inactive|Gymnasiar has 270 seconds left.\n|\n|t:|1701004900\n|switch|p1a: Tim the most Evil|Haxorus, F, shiny|100\/100\n|-damage|p1a: Tim the most Evil|88\/100|[from] Spikes\n|-ability|p1a: Tim the most Evil|Mold Breaker\n|turn|19\n|inactive|Petznov has 240 seconds left.\n|\n|t:|1701004928\n|switch|p2a: Yayoi|Celesteela|100\/100\n|-damage|p2a: Yayoi|88\/100|[from] Stealth Rock\n|move|p1a: Tim the most Evil|Dragon Dance|p1a: Tim the most Evil\n|-boost|p1a: Tim the most Evil|atk|1\n|-boost|p1a: Tim the most Evil|spe|1\n|\n|-heal|p2a: Yayoi|94\/100|[from] item: Leftovers\n|upkeep\n|turn|20\n|inactive|Gymnasiar has 270 seconds left.\n|\n|t:|1701004959\n|move|p1a: Tim the most Evil|Dragon Dance|p1a: Tim the most Evil\n|-boost|p1a: Tim the most Evil|atk|1\n|-boost|p1a: Tim the most Evil|spe|1\n|move|p2a: Yayoi|Leech Seed|p1a: Tim the most Evil\n|-start|p1a: Tim the most Evil|move: Leech Seed\n|\n|-heal|p2a: Yayoi|99\/100|[from] item: Leftovers\n|-damage|p1a: Tim the most Evil|76\/100|[from] Leech Seed|[of] p2a: Yayoi\n|-heal|p2a: Yayoi|100\/100|[silent]\n|upkeep\n|turn|21\n|\n|t:|1701004972\n|move|p1a: Tim the most Evil|Close Combat|p2a: Yayoi\n|-damage|p2a: Yayoi|32\/100\n|-unboost|p1a: Tim the most Evil|def|1\n|-unboost|p1a: Tim the most Evil|spd|1\n|-damage|p1a: Tim the most Evil|66\/100|[from] item: Life Orb\n|move|p2a: Yayoi|Heavy Slam|p1a: Tim the most Evil\n|-damage|p1a: Tim the most Evil|0 fnt\n|faint|p1a: Tim the most Evil\n|-ability|p2a: Yayoi|Beast Boost|boost\n|-boost|p2a: Yayoi|def|1\n|\n|-heal|p2a: Yayoi|38\/100|[from] item: Leftovers\n|upkeep\n|\n|t:|1701004990\n|switch|p1a: Birb|Zapdos|88\/100\n|turn|22\n|inactive|Petznov has 240 seconds left.\n|inactive|Petznov has 210 seconds left.\n|\n|t:|1701005028\n|switch|p2a: Nara|Accelgor, M|76\/100\n|-damage|p2a: Nara|51\/100|[from] Stealth Rock\n|move|p1a: Birb|Thunderbolt|p2a: Nara\n|-damage|p2a: Nara|0 fnt\n|faint|p2a: Nara\n|\n|upkeep\n|inactive|Petznov has 210 seconds left.\n|\n|t:|1701005055\n|switch|p2a: Yayoi|Celesteela|38\/100\n|-damage|p2a: Yayoi|26\/100|[from] Stealth Rock\n|turn|23\n|\n|t:|1701005064\n|move|p1a: Birb|Thunderbolt|p2a: Yayoi\n|-supereffective|p2a: Yayoi\n|-damage|p2a: Yayoi|0 fnt\n|faint|p2a: Yayoi\n|\n|upkeep\n|\n|t:|1701005068\n|switch|p2a: Asuka|Kingambit, M|100\/100\n|-damage|p2a: Asuka|94\/100|[from] Stealth Rock\n|-activate|p2a: Asuka|ability: Supreme Overlord\n|-start|p2a: Asuka|fallen5|[silent]\n|turn|24\n|inactive|Petznov has 210 seconds left.\n|inactive|Gymnasiar has 270 seconds left.\n|\n|t:|1701005092\n|move|p2a: Asuka|Sucker Punch|p1a: Birb\n|-crit|p1a: Birb\n|-damage|p1a: Birb|0 fnt\n|faint|p1a: Birb\n|\n|upkeep\n|\n|t:|1701005097\n|switch|p1a: Angery|Grimmsnarl, M|100\/100\n|-damage|p1a: Angery|88\/100|[from] Spikes\n|turn|25\n|inactive|Gymnasiar has 270 seconds left.\n|\n|t:|1701005102\n|move|p1a: Angery|Low Kick|p2a: Asuka\n|-supereffective|p2a: Asuka\n|-damage|p2a: Asuka|0 fnt\n|faint|p2a: Asuka\n|-end|p2a: Asuka|fallen5|[silent]\n|\n|win|Gymnasiar\n|c|\u2606Petznov|gg\n","uploadtime":1701005354,"views":35,"p1id":"gymnasiar","p2id":"petznov","formatid":"gen9nationaldexubers","rating":0,"private":0,"password":""}