{"id":"gen9nationaldexubers-1980459269","p1":"m444rf","p2":"Factor64","format":"[Gen 9] National Dex Ubers","log":"|j|\u2606m444rf\n|j|\u2606Factor64\n|t:|1698786898\n|gametype|singles\n|player|p1|m444rf|2|\n|player|p2|Factor64|red-gen2|\n|teamsize|p1|6\n|teamsize|p2|6\n|gen|9\n|tier|[Gen 9] National Dex Ubers\n|rule|HP Percentage Mod: HP is shown in percentages\n|rule|Endless Battle Clause: Forcing endless battles is banned\n|rule|OHKO Clause: OHKO moves are banned\n|rule|Evasion Moves Clause: Evasion moves are banned\n|rule|Evasion Items Clause: Evasion items are banned\n|rule|Species Clause: Limit one of each Pok\u00e9mon\n|rule|Sleep Clause Mod: Limit one foe put to sleep\n|rule|Mega Rayquaza Clause: You cannot mega evolve Rayquaza\n|clearpoke\n|poke|p1|Dragapult, F|\n|poke|p1|Great Tusk|\n|poke|p1|Slowking, M|\n|poke|p1|Moltres|\n|poke|p1|Scolipede, F|\n|poke|p1|Bronzong|\n|poke|p2|Tyranitar, M|\n|poke|p2|Excadrill, M|\n|poke|p2|Rotom-Heat|\n|poke|p2|Toxapex, F|\n|poke|p2|Ogerpon-Wellspring, F|\n|poke|p2|Florges-White, F|\n|teampreview\n|\n|t:|1698786911\n|start\n|switch|p1a: Dragapult|Dragapult, F|100\/100\n|switch|p2a: Rotom|Rotom-Heat|100\/100\n|turn|1\n|j| Lunar Sloth\n|\n|t:|1698786916\n|switch|p2a: Florges|Florges-White, F, shiny|100\/100\n|move|p1a: Dragapult|Draco Meteor|p2a: Florges\n|-immune|p2a: Florges\n|\n|upkeep\n|turn|2\n|\n|t:|1698786921\n|switch|p1a: Bronzong|Bronzong|100\/100\n|move|p2a: Florges|Calm Mind|p2a: Florges\n|-boost|p2a: Florges|spa|1\n|-boost|p2a: Florges|spd|1\n|\n|upkeep\n|turn|3\n|j| Smackey_5\n|\n|t:|1698786927\n|switch|p2a: Rotom|Rotom-Heat|100\/100\n|move|p1a: Bronzong|Stealth Rock|p2a: Rotom\n|-sidestart|p2: Factor64|move: Stealth Rock\n|\n|upkeep\n|turn|4\n|c| Smackey_5|Bro what\n|j| speedykidyo\n|\n|t:|1698786935\n|switch|p1a: Slowking|Slowking, M|100\/100\n|move|p2a: Rotom|Volt Switch|p1a: Slowking\n|-supereffective|p1a: Slowking\n|-damage|p1a: Slowking|71\/100\n|c| Smackey_5|Waste no time\n|\n|t:|1698786946\n|switch|p2a: Toxapex|Toxapex, F|100\/100|[from] Volt Switch\n|-damage|p2a: Toxapex|88\/100|[from] Stealth Rock\n|\n|-heal|p2a: Toxapex|94\/100|[from] item: Leftovers\n|upkeep\n|turn|5\n|j| Demolution545\n|c| speedykidyo|yeah how did they do that so fast\\\n|\n|t:|1698786961\n|move|p1a: Slowking|Chilly Reception|p1a: Slowking\n|-weather|Snow\n|\n|t:|1698786965\n|switch|p1a: Great Tusk|Great Tusk|100\/100|[from] Chilly Reception\n|move|p2a: Toxapex|Knock Off|p1a: Great Tusk\n|-resisted|p1a: Great Tusk\n|-damage|p1a: Great Tusk|97\/100\n|-enditem|p1a: Great Tusk|Leftovers|[from] move: Knock Off|[of] p2a: Toxapex\n|\n|-weather|Snow|[upkeep]\n|-heal|p2a: Toxapex|100\/100|[from] item: Leftovers\n|upkeep\n|turn|6\n|j| MiniBearGrahams\n|c| Lunar Sloth|zoom\n|\n|t:|1698786974\n|move|p1a: Great Tusk|Knock Off|p2a: Toxapex\n|-damage|p2a: Toxapex|83\/100\n|-enditem|p2a: Toxapex|Leftovers|[from] move: Knock Off|[of] p1a: Great Tusk\n|move|p2a: Toxapex|Scald|p1a: Great Tusk\n|-supereffective|p1a: Great Tusk\n|-damage|p1a: Great Tusk|55\/100\n|-status|p1a: Great Tusk|brn\n|\n|-weather|Snow|[upkeep]\n|-damage|p1a: Great Tusk|49\/100 brn|[from] brn\n|upkeep\n|turn|7\n|c|\u2606m444rf|fatty so lucky\n|c| speedykidyo|nyoom\n|c| speedykidyo|dang\n|\n|t:|1698787004\n|-end|p1a: Great Tusk|Protosynthesis|[silent]\n|switch|p1a: Slowking|Slowking, M|100\/100\n|move|p2a: Toxapex|Scald|p1a: Slowking\n|-resisted|p1a: Slowking\n|-damage|p1a: Slowking|95\/100\n|\n|-weather|Snow|[upkeep]\n|upkeep\n|turn|8\n|\n|t:|1698787008\n|move|p1a: Slowking|Chilly Reception|p1a: Slowking\n|\n|t:|1698787009\n|switch|p1a: Moltres|Moltres|100\/100|[from] Chilly Reception\n|-ability|p1a: Moltres|Pressure\n|move|p2a: Toxapex|Toxic|p1a: Moltres\n|-status|p1a: Moltres|tox\n|\n|-weather|Snow|[upkeep]\n|-damage|p1a: Moltres|94\/100 tox|[from] psn\n|upkeep\n|turn|9\n|\n|t:|1698787012\n|move|p1a: Moltres|Will-O-Wisp|p2a: Toxapex\n|-status|p2a: Toxapex|brn\n|move|p2a: Toxapex|Scald|p1a: Moltres\n|-supereffective|p1a: Moltres\n|-damage|p1a: Moltres|61\/100 tox\n|\n|-weather|none\n|-damage|p1a: Moltres|48\/100 tox|[from] psn\n|-damage|p2a: Toxapex|77\/100 brn|[from] brn\n|upkeep\n|turn|10\n|\n|t:|1698787017\n|move|p1a: Moltres|U-turn|p2a: Toxapex\n|-resisted|p2a: Toxapex\n|-crit|p2a: Toxapex\n|-damage|p2a: Toxapex|70\/100 brn\n|\n|t:|1698787022\n|switch|p1a: Slowking|Slowking, M|100\/100|[from] U-turn\n|move|p2a: Toxapex|Scald|p1a: Slowking\n|-resisted|p1a: Slowking\n|-damage|p1a: Slowking|95\/100\n|-status|p1a: Slowking|brn\n|\n|-damage|p1a: Slowking|89\/100 brn|[from] brn\n|-damage|p2a: Toxapex|64\/100 brn|[from] brn\n|upkeep\n|turn|11\n|\n|t:|1698787028\n|move|p1a: Slowking|Scald|p2a: Toxapex\n|-resisted|p2a: Toxapex\n|-damage|p2a: Toxapex|52\/100 brn\n|move|p2a: Toxapex|Knock Off|p1a: Slowking\n|-supereffective|p1a: Slowking\n|-damage|p1a: Slowking|75\/100 brn\n|-enditem|p1a: Slowking|Heavy-Duty Boots|[from] move: Knock Off|[of] p2a: Toxapex\n|\n|-damage|p1a: Slowking|69\/100 brn|[from] brn\n|-damage|p2a: Toxapex|46\/100 brn|[from] brn\n|upkeep\n|turn|12\n|\n|t:|1698787031\n|move|p1a: Slowking|Scald|p2a: Toxapex\n|-resisted|p2a: Toxapex\n|-damage|p2a: Toxapex|34\/100 brn\n|move|p2a: Toxapex|Recover|p2a: Toxapex\n|-heal|p2a: Toxapex|84\/100 brn\n|\n|-damage|p1a: Slowking|63\/100 brn|[from] brn\n|-damage|p2a: Toxapex|78\/100 brn|[from] brn\n|upkeep\n|turn|13\n|\n|t:|1698787034\n|move|p1a: Slowking|Scald|p2a: Toxapex\n|-resisted|p2a: Toxapex\n|-damage|p2a: Toxapex|66\/100 brn\n|move|p2a: Toxapex|Knock Off|p1a: Slowking\n|-supereffective|p1a: Slowking\n|-crit|p1a: Slowking\n|-damage|p1a: Slowking|46\/100 brn\n|\n|-damage|p1a: Slowking|40\/100 brn|[from] brn\n|-damage|p2a: Toxapex|60\/100 brn|[from] brn\n|upkeep\n|turn|14\n|\n|t:|1698787036\n|move|p1a: Slowking|Slack Off|p1a: Slowking\n|-heal|p1a: Slowking|90\/100 brn\n|move|p2a: Toxapex|Recover|p2a: Toxapex\n|-heal|p2a: Toxapex|100\/100 brn\n|\n|-damage|p1a: Slowking|84\/100 brn|[from] brn\n|-damage|p2a: Toxapex|94\/100 brn|[from] brn\n|upkeep\n|turn|15\n|\n|t:|1698787040\n|switch|p2a: Rotom|Rotom-Heat|100\/100\n|-damage|p2a: Rotom|75\/100|[from] Stealth Rock\n|move|p1a: Slowking|Scald|p2a: Rotom\n|-supereffective|p2a: Rotom\n|-damage|p2a: Rotom|30\/100\n|\n|-heal|p2a: Rotom|36\/100|[from] item: Leftovers\n|-damage|p1a: Slowking|78\/100 brn|[from] brn\n|upkeep\n|turn|16\n|\n|t:|1698787043\n|move|p2a: Rotom|Volt Switch|p1a: Slowking\n|-supereffective|p1a: Slowking\n|-crit|p1a: Slowking\n|-damage|p1a: Slowking|31\/100 brn\n|\n|t:|1698787053\n|switch|p2a: Toxapex|Toxapex, F|100\/100 brn|[from] Volt Switch\n|-damage|p2a: Toxapex|88\/100 brn|[from] Stealth Rock\n|move|p1a: Slowking|Scald|p2a: Toxapex\n|-resisted|p2a: Toxapex\n|-damage|p2a: Toxapex|77\/100 brn\n|\n|-damage|p1a: Slowking|25\/100 brn|[from] brn\n|-damage|p2a: Toxapex|71\/100 brn|[from] brn\n|upkeep\n|turn|17\n|\n|t:|1698787060\n|move|p1a: Slowking|Slack Off|p1a: Slowking\n|-heal|p1a: Slowking|75\/100 brn\n|move|p2a: Toxapex|Knock Off|p1a: Slowking\n|-supereffective|p1a: Slowking\n|-damage|p1a: Slowking|65\/100 brn\n|\n|-damage|p1a: Slowking|59\/100 brn|[from] brn\n|-damage|p2a: Toxapex|65\/100 brn|[from] brn\n|upkeep\n|turn|18\n|c| speedykidyo|oh boy they're both burned\n|c| MiniBearGrahams|uu pokemon\n|\n|t:|1698787076\n|move|p1a: Slowking|Slack Off|p1a: Slowking\n|-heal|p1a: Slowking|100\/100 brn\n|move|p2a: Toxapex|Recover|p2a: Toxapex\n|-heal|p2a: Toxapex|100\/100 brn\n|\n|-damage|p1a: Slowking|94\/100 brn|[from] brn\n|-damage|p2a: Toxapex|94\/100 brn|[from] brn\n|upkeep\n|turn|19\n|c| speedykidyo|which one'\n|\n|t:|1698787091\n|switch|p2a: Florges|Florges-White, F, shiny|100\/100\n|-damage|p2a: Florges|88\/100|[from] Stealth Rock\n|move|p1a: Slowking|Chilly Reception|p1a: Slowking\n|-weather|Snow\n|\n|t:|1698787093\n|switch|p1a: Bronzong|Bronzong|100\/100|[from] Chilly Reception\n|\n|-weather|Snow|[upkeep]\n|-heal|p2a: Florges|94\/100|[from] item: Leftovers\n|upkeep\n|turn|20\n|c| Smackey_5|Fattor luck\n|c| MiniBearGrahams|Toxapex is apparently gonna drop to uu today\n|c| speedykidyo|WHY?!?!?!\n|c| MiniBearGrahams|Usage\n|c| speedykidyo|it's literally so good\n|\n|t:|1698787127\n|switch|p2a: Ogerpon|Ogerpon-Wellspring, F|100\/100\n|-damage|p2a: Ogerpon|88\/100|[from] Stealth Rock\n|move|p1a: Bronzong|Psychic|p2a: Ogerpon\n|-damage|p2a: Ogerpon|55\/100\n|\n|-weather|Snow|[upkeep]\n|upkeep\n|turn|21\n|c| MiniBearGrahams|It hasn\u2019t been getting enough usage I guess\n|j| ZBFusion\n|l| MiniBearGrahams\n|c| ZBFusion|Pex and Lando-T, yeah\n|\n|t:|1698787170\n|switch|p2a: Toxapex|Toxapex, F|100\/100 brn\n|-damage|p2a: Toxapex|88\/100 brn|[from] Stealth Rock\n|move|p1a: Bronzong|Psychic|p2a: Toxapex\n|-supereffective|p2a: Toxapex\n|-damage|p2a: Toxapex|47\/100 brn\n|\n|-weather|Snow|[upkeep]\n|-damage|p2a: Toxapex|40\/100 brn|[from] brn\n|upkeep\n|turn|22\n|c| ZBFusion|it's insane\n|\n|t:|1698787176\n|switch|p2a: Tyranitar|Tyranitar, M|100\/100\n|-damage|p2a: Tyranitar|88\/100|[from] Stealth Rock\n|-weather|Sandstorm|[from] ability: Sand Stream|[of] p2a: Tyranitar\n|move|p1a: Bronzong|Psychic|p2a: Tyranitar\n|-immune|p2a: Tyranitar\n|\n|-weather|Sandstorm|[upkeep]\n|-heal|p2a: Tyranitar|94\/100|[from] item: Leftovers\n|upkeep\n|turn|23\n|c| speedykidyo|wait si is it based on usage or how good they are\n|c| ZBFusion|usage\n|c| speedykidyo|ok\n|\n|t:|1698787214\n|move|p2a: Tyranitar|Pursuit|p1a: Bronzong\n|-supereffective|p1a: Bronzong\n|-damage|p1a: Bronzong|67\/100\n|move|p1a: Bronzong|Body Press|p2a: Tyranitar\n|-supereffective|p2a: Tyranitar\n|-damage|p2a: Tyranitar|0 fnt\n|faint|p2a: Tyranitar\n|\n|-weather|Sandstorm|[upkeep]\n|-heal|p1a: Bronzong|73\/100|[from] item: Leftovers\n|upkeep\n|c| Demolution545|garchomp is also uu\n|j| VoIteon\n|\n|t:|1698787265\n|switch|p2a: Rotom|Rotom-Heat|36\/100\n|-damage|p2a: Rotom|11\/100|[from] Stealth Rock\n|turn|24\n|\n|t:|1698787270\n|switch|p1a: Slowking|Slowking, M|100\/100 brn\n|move|p2a: Rotom|Defog|p1a: Slowking\n|-unboost|p1a: Slowking|evasion|1\n|-sideend|p2: Factor64|Stealth Rock|[from] move: Defog|[of] p2a: Rotom\n|\n|-weather|Sandstorm|[upkeep]\n|-damage|p2a: Rotom|5\/100|[from] Sandstorm\n|-damage|p1a: Slowking|94\/100 brn|[from] Sandstorm\n|-heal|p2a: Rotom|11\/100|[from] item: Leftovers\n|-damage|p1a: Slowking|88\/100 brn|[from] brn\n|upkeep\n|turn|25\n|\n|t:|1698787273\n|move|p2a: Rotom|Volt Switch|p1a: Slowking\n|-supereffective|p1a: Slowking\n|-damage|p1a: Slowking|56\/100 brn\n|\n|t:|1698787282\n|switch|p2a: Ogerpon|Ogerpon-Wellspring, F|55\/100|[from] Volt Switch\n|move|p1a: Slowking|Chilly Reception|p1a: Slowking\n|-weather|Snow\n|\n|t:|1698787284\n|switch|p1a: Dragapult|Dragapult, F|100\/100|[from] Chilly Reception\n|\n|-weather|Snow|[upkeep]\n|upkeep\n|turn|26\n|\n|t:|1698787289\n|switch|p2a: Florges|Florges-White, F, shiny|94\/100\n|move|p1a: Dragapult|U-turn|p2a: Florges\n|-resisted|p2a: Florges\n|-damage|p2a: Florges|86\/100\n|\n|t:|1698787292\n|switch|p1a: Bronzong|Bronzong|73\/100|[from] U-turn\n|\n|-weather|Snow|[upkeep]\n|-heal|p2a: Florges|92\/100|[from] item: Leftovers\n|-heal|p1a: Bronzong|79\/100|[from] item: Leftovers\n|upkeep\n|turn|27\n|\n|t:|1698787320\n|-terastallize|p2a: Florges|Fire\n|move|p2a: Florges|Calm Mind|p2a: Florges\n|-boost|p2a: Florges|spa|1\n|-boost|p2a: Florges|spd|1\n|move|p1a: Bronzong|Stealth Rock|p2a: Florges\n|-sidestart|p2: Factor64|move: Stealth Rock\n|\n|-weather|Snow|[upkeep]\n|-heal|p2a: Florges|98\/100|[from] item: Leftovers\n|-heal|p1a: Bronzong|85\/100|[from] item: Leftovers\n|upkeep\n|turn|28\n|\n|t:|1698787344\n|switch|p1a: Slowking|Slowking, M|90\/100 brn\n|move|p2a: Florges|Calm Mind|p2a: Florges\n|-boost|p2a: Florges|spa|1\n|-boost|p2a: Florges|spd|1\n|\n|-weather|Snow|[upkeep]\n|-heal|p2a: Florges|100\/100|[from] item: Leftovers\n|-damage|p1a: Slowking|83\/100 brn|[from] brn\n|upkeep\n|turn|29\n|c| Lunar Sloth|what i miss\n|\n|t:|1698787355\n|move|p2a: Florges|Calm Mind|p2a: Florges\n|-boost|p2a: Florges|spa|1\n|-boost|p2a: Florges|spd|1\n|move|p1a: Slowking|Scald|p2a: Florges\n|-supereffective|p2a: Florges\n|-damage|p2a: Florges|85\/100\n|\n|-weather|none\n|-heal|p2a: Florges|91\/100|[from] item: Leftovers\n|-damage|p1a: Slowking|77\/100 brn|[from] brn\n|upkeep\n|turn|30\n|j| MiniBearGrahams\n|c| Lunar Sloth|oh jesus\n|c| ZBFusion|i love shiny white florges, it's so pretty\n|c| Lunar Sloth|i love shiny florges sm\n|c| Lunar Sloth|all variants look cool\n|\n|t:|1698787381\n|move|p2a: Florges|Calm Mind|p2a: Florges\n|-boost|p2a: Florges|spa|1\n|-boost|p2a: Florges|spd|1\n|move|p1a: Slowking|Chilly Reception|p1a: Slowking\n|-weather|Snow\n|c| ZBFusion|yeah I really like the red one too\n|\n|t:|1698787384\n|switch|p1a: Scolipede|Scolipede, F|100\/100|[from] Chilly Reception\n|\n|-weather|Snow|[upkeep]\n|-heal|p2a: Florges|97\/100|[from] item: Leftovers\n|upkeep\n|turn|31\n|c| speedykidyo|yeah\n|\n|t:|1698787391\n|move|p1a: Scolipede|Earthquake|p2a: Florges\n|-supereffective|p2a: Florges\n|-damage|p2a: Florges|18\/100\n|-damage|p1a: Scolipede|91\/100|[from] item: Life Orb\n|move|p2a: Florges|Moonblast|p1a: Scolipede\n|-resisted|p1a: Scolipede\n|-damage|p1a: Scolipede|0 fnt\n|faint|p1a: Scolipede\n|\n|-weather|Snow|[upkeep]\n|-heal|p2a: Florges|24\/100|[from] item: Leftovers\n|upkeep\n|\n|t:|1698787395\n|switch|p1a: Dragapult|Dragapult, F|100\/100\n|turn|32\n|\n|t:|1698787399\n|move|p2a: Florges|Protect|p2a: Florges\n|-singleturn|p2a: Florges|Protect\n|move|p1a: Dragapult|Draco Meteor|p2a: Florges\n|-activate|p2a: Florges|move: Protect\n|\n|-weather|Snow|[upkeep]\n|-heal|p2a: Florges|30\/100|[from] item: Leftovers\n|upkeep\n|turn|33\n|c| speedykidyo|uh oh\n|c| speedykidyo|he let him set up\n|c| Lunar Sloth|jesus\n|c| ZBFusion|flower powerrrr\n|\n|t:|1698787454\n|move|p1a: Dragapult|Draco Meteor|p2a: Florges\n|-damage|p2a: Florges|12\/100\n|-unboost|p1a: Dragapult|spa|2\n|move|p2a: Florges|Moonblast|p1a: Dragapult\n|-supereffective|p1a: Dragapult\n|-damage|p1a: Dragapult|0 fnt\n|faint|p1a: Dragapult\n|\n|-weather|Snow|[upkeep]\n|-heal|p2a: Florges|19\/100|[from] item: Leftovers\n|upkeep\n|\n|t:|1698787459\n|switch|p1a: Great Tusk|Great Tusk|49\/100 brn\n|turn|34\n|c| MiniBearGrahams|Wow\n|c| speedykidyo|i think that merf lost\n|c|\u2606m444rf|me too\n|c| speedykidyo|no offense merf\n|\n|t:|1698787487\n|move|p2a: Florges|Protect|p2a: Florges\n|-singleturn|p2a: Florges|Protect\n|move|p1a: Great Tusk|Body Press|p2a: Florges\n|-activate|p2a: Florges|move: Protect\n|\n|-weather|none\n|-heal|p2a: Florges|25\/100|[from] item: Leftovers\n|-damage|p1a: Great Tusk|43\/100 brn|[from] brn\n|upkeep\n|turn|35\n|\n|t:|1698787489\n|move|p1a: Great Tusk|Bulk Up|p1a: Great Tusk\n|-boost|p1a: Great Tusk|atk|1\n|-boost|p1a: Great Tusk|def|1\n|move|p2a: Florges|Moonblast|p1a: Great Tusk\n|-supereffective|p1a: Great Tusk\n|-damage|p1a: Great Tusk|0 fnt\n|faint|p1a: Great Tusk\n|-end|p1a: Great Tusk|Protosynthesis|[silent]\n|\n|-heal|p2a: Florges|31\/100|[from] item: Leftovers\n|upkeep\n|-message|m444rf forfeited.\n|\n|win|Factor64\n|l|\u2606m444rf\n|l| Lunar Sloth\n|l| MiniBearGrahams\n|j| Lunar Sloth\n|l| ZBFusion\n|c| speedykidyo|merf nooooo\n|l| speedykidyo\n|l| Demolution545\n|l| Lunar Sloth\n|l| Smackey_5\n","uploadtime":1698787620,"views":5,"p1id":"m444rf","p2id":"factor64","formatid":"gen9nationaldexubers","rating":0,"private":0,"password":""}