{"id":"gen9nationaldexubers-1980170714","p1":"aquiles meo","p2":"LooneyTunesShow","format":"[Gen 9] National Dex Ubers","log":"|j|\u2606aquiles meo\n|j|\u2606LooneyTunesShow\n|t:|1698763414\n|gametype|singles\n|player|p1|aquiles meo|ethan|1101\n|player|p2|LooneyTunesShow|florian-bb|1161\n|teamsize|p1|6\n|teamsize|p2|6\n|gen|9\n|tier|[Gen 9] National Dex Ubers\n|rated|\n|rule|HP Percentage Mod: HP is shown in percentages\n|rule|Endless Battle Clause: Forcing endless battles is banned\n|rule|OHKO Clause: OHKO moves are banned\n|rule|Evasion Moves Clause: Evasion moves are banned\n|rule|Evasion Items Clause: Evasion items are banned\n|rule|Species Clause: Limit one of each Pok\u00e9mon\n|rule|Sleep Clause Mod: Limit one foe put to sleep\n|rule|Mega Rayquaza Clause: You cannot mega evolve Rayquaza\n|clearpoke\n|poke|p1|Jirachi|\n|poke|p1|Ho-Oh|\n|poke|p1|Rayquaza|\n|poke|p1|Pidgeot, M|\n|poke|p1|Lucario, M|\n|poke|p1|Luxray, M|\n|poke|p2|Banette, F|\n|poke|p2|Grimmsnarl, M|\n|poke|p2|Klefki, F|\n|poke|p2|Tornadus, M|\n|poke|p2|Thundurus, M|\n|poke|p2|Whimsicott, M|\n|teampreview\n|inactive|Battle timer is ON: inactive players will automatically lose when time's up. (requested by LooneyTunesShow)\n|c|\u2606aquiles meo|eh whats up doc\n|\n|t:|1698763441\n|start\n|switch|p1a: Jirachi|Jirachi, shiny|100\/100\n|switch|p2a: Goblin|Grimmsnarl, M|100\/100\n|turn|1\n|\n|t:|1698763452\n|move|p2a: Goblin|Trick|p1a: Jirachi\n|-activate|p2a: Goblin|move: Trick|[of] p1a: Jirachi\n|-item|p1a: Jirachi|Choice Scarf|[from] move: Trick\n|-item|p2a: Goblin|Leftovers|[from] move: Trick\n|move|p1a: Jirachi|Iron Head|p2a: Goblin\n|-supereffective|p2a: Goblin\n|-damage|p2a: Goblin|17\/100\n|\n|-heal|p2a: Goblin|23\/100|[from] item: Leftovers\n|upkeep\n|turn|2\n|\n|t:|1698763461\n|move|p2a: Goblin|Taunt|p1a: Jirachi\n|-start|p1a: Jirachi|move: Taunt\n|move|p1a: Jirachi|Iron Head|p2a: Goblin\n|-supereffective|p2a: Goblin\n|-damage|p2a: Goblin|0 fnt\n|faint|p2a: Goblin\n|\n|upkeep\n|\n|t:|1698763467\n|switch|p2a: HangingKeys|Klefki, F|100\/100\n|turn|3\n|\n|t:|1698763472\n|move|p2a: HangingKeys|Reflect|p2a: HangingKeys\n|-sidestart|p2: LooneyTunesShow|Reflect\n|move|p1a: Jirachi|Iron Head|p2a: HangingKeys\n|-damage|p2a: HangingKeys|88\/100\n|\n|upkeep\n|turn|4\n|\n|t:|1698763484\n|switch|p1a: Ho-Oh|Ho-Oh, shiny|100\/100\n|move|p2a: HangingKeys|Light Screen|p2a: HangingKeys\n|-sidestart|p2: LooneyTunesShow|move: Light Screen\n|\n|upkeep\n|turn|5\n|\n|t:|1698763492\n|move|p2a: HangingKeys|Spikes|p1a: Ho-Oh\n|-sidestart|p1: aquiles meo|Spikes\n|move|p1a: Ho-Oh|Sacred Fire|p2a: HangingKeys\n|-supereffective|p2a: HangingKeys\n|-damage|p2a: HangingKeys|49\/100\n|-status|p2a: HangingKeys|brn\n|\n|-damage|p2a: HangingKeys|43\/100 brn|[from] brn\n|upkeep\n|turn|6\n|\n|t:|1698763517\n|move|p2a: HangingKeys|Spikes|p1a: Ho-Oh\n|-sidestart|p1: aquiles meo|Spikes\n|move|p1a: Ho-Oh|Calm Mind|p1a: Ho-Oh\n|-boost|p1a: Ho-Oh|spa|1\n|-boost|p1a: Ho-Oh|spd|1\n|\n|-damage|p2a: HangingKeys|37\/100 brn|[from] brn\n|upkeep\n|turn|7\n|\n|t:|1698763524\n|move|p2a: HangingKeys|Spikes|p1a: Ho-Oh\n|-sidestart|p1: aquiles meo|Spikes\n|move|p1a: Ho-Oh|Calm Mind|p1a: Ho-Oh\n|-boost|p1a: Ho-Oh|spa|1\n|-boost|p1a: Ho-Oh|spd|1\n|\n|-damage|p2a: HangingKeys|31\/100 brn|[from] brn\n|upkeep\n|turn|8\n|\n|t:|1698763533\n|move|p1a: Ho-Oh|Burn Up|p2a: HangingKeys\n|-supereffective|p2a: HangingKeys\n|-crit|p2a: HangingKeys\n|-damage|p2a: HangingKeys|0 fnt\n|-start|p1a: Ho-Oh|typechange|???\/Flying|[from] move: Burn Up\n|faint|p2a: HangingKeys\n|\n|upkeep\n|\n|t:|1698763539\n|switch|p2a: Raijin Kami|Thundurus, M|100\/100\n|turn|9\n|c|\u2606aquiles meo|kore ga\n|\n|t:|1698763556\n|move|p2a: Raijin Kami|Rain Dance|p2a: Raijin Kami\n|-weather|RainDance\n|move|p1a: Ho-Oh|Ancient Power|p2a: Raijin Kami\n|-supereffective|p2a: Raijin Kami\n|-damage|p2a: Raijin Kami|47\/100\n|\n|-weather|RainDance|[upkeep]\n|upkeep\n|turn|10\n|\n|t:|1698763567\n|-terastallize|p1a: Ho-Oh|Poison\n|move|p2a: Raijin Kami|Wildbolt Storm|p1a: Ho-Oh\n|-damage|p1a: Ho-Oh|83\/100\n|move|p1a: Ho-Oh|Ancient Power|p2a: Raijin Kami\n|-supereffective|p2a: Raijin Kami\n|-damage|p2a: Raijin Kami|0 fnt\n|faint|p2a: Raijin Kami\n|\n|-weather|RainDance|[upkeep]\n|-sideend|p2: LooneyTunesShow|Reflect\n|upkeep\n|\n|t:|1698763574\n|switch|p2a: Fujin Kami|Tornadus, M|100\/100\n|turn|11\n|\n|t:|1698763594\n|-zpower|p2a: Fujin Kami\n|move|p2a: Fujin Kami|Supersonic Skystrike|p1a: Ho-Oh|[zeffect]\n|-damage|p1a: Ho-Oh|57\/100\n|move|p1a: Ho-Oh|Ancient Power|p2a: Fujin Kami\n|-supereffective|p2a: Fujin Kami\n|-damage|p2a: Fujin Kami|69\/100\n|-boost|p1a: Ho-Oh|atk|1\n|-boost|p1a: Ho-Oh|def|1\n|-boost|p1a: Ho-Oh|spa|1\n|-boost|p1a: Ho-Oh|spd|1\n|-boost|p1a: Ho-Oh|spe|1\n|\n|-weather|RainDance|[upkeep]\n|-sideend|p2: LooneyTunesShow|move: Light Screen\n|upkeep\n|turn|12\n|\n|t:|1698763610\n|move|p1a: Ho-Oh|Ancient Power|p2a: Fujin Kami\n|-supereffective|p2a: Fujin Kami\n|-damage|p2a: Fujin Kami|0 fnt\n|faint|p2a: Fujin Kami\n|\n|-weather|RainDance|[upkeep]\n|upkeep\n|\n|t:|1698763613\n|switch|p2a: Cotton|Whimsicott, M|100\/100\n|turn|13\n|\n|t:|1698763617\n|move|p2a: Cotton|Switcheroo|p1a: Ho-Oh\n|-activate|p2a: Cotton|move: Trick|[of] p1a: Ho-Oh\n|-item|p1a: Ho-Oh|Choice Scarf|[from] move: Switcheroo\n|-item|p2a: Cotton|Clear Amulet|[from] move: Switcheroo\n|move|p1a: Ho-Oh|Sacred Fire|p2a: Cotton\n|-supereffective|p2a: Cotton\n|-damage|p2a: Cotton|40\/100\n|\n|-weather|RainDance|[upkeep]\n|upkeep\n|turn|14\n|\n|t:|1698763627\n|move|p2a: Cotton|Leech Seed|p1a: Ho-Oh\n|-start|p1a: Ho-Oh|move: Leech Seed\n|move|p1a: Ho-Oh|Sacred Fire|p2a: Cotton\n|-supereffective|p2a: Cotton\n|-damage|p2a: Cotton|0 fnt\n|faint|p2a: Cotton\n|\n|-weather|RainDance|[upkeep]\n|upkeep\n|\n|t:|1698763630\n|switch|p2a: Annabelle|Banette, F|100\/100\n|-item|p1a: Ho-Oh|Choice Scarf|[from] ability: Frisk|[of] p2a: Annabelle|[identify]\n|turn|15\n|\n|t:|1698763636\n|detailschange|p2a: Annabelle|Banette-Mega, F\n|-mega|p2a: Annabelle|Banette|Banettite\n|move|p1a: Ho-Oh|Sacred Fire|p2a: Annabelle\n|-damage|p2a: Annabelle|73\/100\n|-status|p2a: Annabelle|brn\n|move|p2a: Annabelle|Trick Room|p2a: Annabelle\n|-fieldstart|move: Trick Room|[of] p2a: Annabelle\n|\n|-weather|RainDance|[upkeep]\n|-damage|p1a: Ho-Oh|45\/100|[from] Leech Seed|[of] p2a: Annabelle\n|-heal|p2a: Annabelle|89\/100 brn|[silent]\n|-damage|p2a: Annabelle|83\/100 brn|[from] brn\n|upkeep\n|turn|16\n|\n|t:|1698763650\n|move|p2a: Annabelle|Swords Dance|p2a: Annabelle\n|-boost|p2a: Annabelle|atk|2\n|move|p1a: Ho-Oh|Sacred Fire|p2a: Annabelle\n|-damage|p2a: Annabelle|56\/100 brn\n|\n|-weather|none\n|-damage|p1a: Ho-Oh|33\/100|[from] Leech Seed|[of] p2a: Annabelle\n|-heal|p2a: Annabelle|72\/100 brn|[silent]\n|-damage|p2a: Annabelle|66\/100 brn|[from] brn\n|upkeep\n|turn|17\n|\n|t:|1698763660\n|move|p2a: Annabelle|Shadow Claw|p1a: Ho-Oh\n|-damage|p1a: Ho-Oh|3\/100\n|move|p1a: Ho-Oh|Sacred Fire|p2a: Annabelle\n|-damage|p2a: Annabelle|7\/100 brn\n|\n|-damage|p1a: Ho-Oh|0 fnt|[from] Leech Seed|[of] p2a: Annabelle\n|-heal|p2a: Annabelle|10\/100 brn|[silent]\n|faint|p1a: Ho-Oh\n|-damage|p2a: Annabelle|4\/100 brn|[from] brn\n|upkeep\n|\n|t:|1698763670\n|switch|p1a: Luxray|Luxray, M, shiny|100\/100\n|-damage|p1a: Luxray|76\/100|[from] Spikes\n|turn|18\n|\n|t:|1698763688\n|move|p2a: Annabelle|Sucker Punch|p1a: Luxray\n|-damage|p1a: Luxray|41\/100\n|move|p1a: Luxray|Wild Charge|p2a: Annabelle\n|-crit|p2a: Annabelle\n|-damage|p2a: Annabelle|0 fnt\n|faint|p2a: Annabelle\n|-damage|p1a: Luxray|41\/100|[from] Recoil\n|\n|win|aquiles meo\n|raw|aquiles meo's rating: 1101 &rarr; <strong>1130<\/strong><br \/>(+29 for winning)\n|raw|LooneyTunesShow's rating: 1161 &rarr; <strong>1132<\/strong><br \/>(-29 for losing)\n|l|\u2606LooneyTunesShow\n|c|\u2606aquiles meo|cya doc\n","uploadtime":1698763701,"views":6,"p1id":"aquilesmeo","p2id":"looneytunesshow","formatid":"gen9nationaldexubers","rating":1130,"private":0,"password":""}