{"id":"gen9nationaldexubers-1983241297","p1":"85792195wwww","p2":"jlsdfhpjksdhfni","format":"[Gen 9] National Dex Ubers","log":"|j|\u260685792195wwww\n|j|\u2606jlsdfhpjksdhfni\n|t:|1699109404\n|gametype|singles\n|player|p1|85792195wwww|102|1866\n|player|p2|jlsdfhpjksdhfni|2|1737\n|teamsize|p1|6\n|teamsize|p2|6\n|gen|9\n|tier|[Gen 9] National Dex Ubers\n|rated|\n|rule|HP Percentage Mod: HP is shown in percentages\n|rule|Endless Battle Clause: Forcing endless battles is banned\n|rule|OHKO Clause: OHKO moves are banned\n|rule|Evasion Moves Clause: Evasion moves are banned\n|rule|Evasion Items Clause: Evasion items are banned\n|rule|Species Clause: Limit one of each Pok\u00e9mon\n|rule|Sleep Clause Mod: Limit one foe put to sleep\n|rule|Mega Rayquaza Clause: You cannot mega evolve Rayquaza\n|clearpoke\n|poke|p1|Arceus|\n|poke|p1|Xerneas-*|\n|poke|p1|Groudon|\n|poke|p1|Zacian-*|\n|poke|p1|Samurott-Hisui, M|\n|poke|p1|Rayquaza|\n|poke|p2|Smeargle, M|\n|poke|p2|Stakataka|\n|poke|p2|Zygarde|\n|poke|p2|Arceus-Ghost|\n|poke|p2|Mewtwo|\n|poke|p2|Rayquaza|\n|teampreview\n|\n|t:|1699109430\n|start\n|switch|p1a: Rayquaza|Rayquaza|100\/100\n|switch|p2a: Arceus|Arceus-Ghost|100\/100\n|-ability|p1a: Rayquaza|Air Lock\n|turn|1\n|\n|t:|1699109439\n|move|p2a: Arceus|Shadow Force||[still]\n|-prepare|p2a: Arceus|Shadow Force\n|move|p1a: Rayquaza|Dragon Ascent|p2a: Arceus|[miss]\n|-miss|p1a: Rayquaza|p2a: Arceus\n|\n|upkeep\n|turn|2\n|\n|t:|1699109446\n|move|p2a: Arceus|Shadow Force|p1a: Rayquaza|[from]lockedmove\n|-damage|p1a: Rayquaza|26\/100\n|move|p1a: Rayquaza|Dragon Ascent|p2a: Arceus\n|-damage|p2a: Arceus|12\/100\n|-unboost|p1a: Rayquaza|def|1\n|-unboost|p1a: Rayquaza|spd|1\n|\n|upkeep\n|turn|3\n|\n|t:|1699109455\n|move|p2a: Arceus|Brick Break|p1a: Rayquaza\n|-resisted|p1a: Rayquaza\n|-damage|p1a: Rayquaza|8\/100\n|move|p1a: Rayquaza|Dragon Ascent|p2a: Arceus\n|-damage|p2a: Arceus|0 fnt\n|-unboost|p1a: Rayquaza|def|1\n|-unboost|p1a: Rayquaza|spd|1\n|faint|p2a: Arceus\n|\n|upkeep\n|\n|t:|1699109464\n|switch|p2a: Rayquaza|Rayquaza|100\/100\n|-ability|p2a: Rayquaza|Air Lock\n|turn|4\n|\n|t:|1699109472\n|move|p2a: Rayquaza|Extreme Speed|p1a: Rayquaza\n|-damage|p1a: Rayquaza|0 fnt\n|faint|p1a: Rayquaza\n|\n|upkeep\n|\n|t:|1699109478\n|switch|p1a: Samurott|Samurott-Hisui, M|100\/100\n|turn|5\n|\n|t:|1699109486\n|move|p2a: Rayquaza|Dragon Ascent|p1a: Samurott\n|-damage|p1a: Samurott|27\/100\n|-unboost|p2a: Rayquaza|def|1\n|-unboost|p2a: Rayquaza|spd|1\n|move|p1a: Samurott|Ceaseless Edge|p2a: Rayquaza\n|-damage|p2a: Rayquaza|23\/100\n|-sidestart|p2: jlsdfhpjksdhfni|Spikes\n|\n|upkeep\n|turn|6\n|\n|t:|1699109495\n|move|p2a: Rayquaza|Extreme Speed|p1a: Samurott\n|-damage|p1a: Samurott|0 fnt\n|faint|p1a: Samurott\n|\n|upkeep\n|\n|t:|1699109503\n|switch|p1a: Arceus|Arceus|100\/100\n|turn|7\n|\n|t:|1699109513\n|switch|p2a: Stakataka|Stakataka|100\/100\n|-damage|p2a: Stakataka|88\/100|[from] Spikes\n|move|p1a: Arceus|Extreme Speed|p2a: Stakataka\n|-resisted|p2a: Stakataka\n|-damage|p2a: Stakataka|81\/100\n|-damage|p1a: Arceus|91\/100|[from] item: Life Orb\n|\n|upkeep\n|turn|8\n|\n|t:|1699109523\n|move|p1a: Arceus|Will-O-Wisp|p2a: Stakataka\n|-status|p2a: Stakataka|brn\n|move|p2a: Stakataka|Body Press|p1a: Arceus\n|-supereffective|p1a: Arceus\n|-damage|p1a: Arceus|65\/100\n|\n|-damage|p2a: Stakataka|75\/100 brn|[from] brn\n|upkeep\n|turn|9\n|\n|t:|1699109534\n|switch|p1a: Zacian|Zacian-Crowned|100\/100\n|-ability|p1a: Zacian|Intrepid Sword|boost\n|-boost|p1a: Zacian|atk|1\n|move|p2a: Stakataka|Gyro Ball|p1a: Zacian\n|-damage|p1a: Zacian|70\/100\n|\n|-damage|p2a: Stakataka|69\/100 brn|[from] brn\n|upkeep\n|turn|10\n|\n|t:|1699109544\n|move|p1a: Zacian|Swords Dance|p1a: Zacian\n|-boost|p1a: Zacian|atk|2\n|move|p2a: Stakataka|Gyro Ball|p1a: Zacian\n|-damage|p1a: Zacian|38\/100\n|\n|-damage|p2a: Stakataka|63\/100 brn|[from] brn\n|upkeep\n|turn|11\n|\n|t:|1699109555\n|move|p1a: Zacian|Behemoth Blade|p2a: Stakataka\n|-damage|p2a: Stakataka|0 fnt\n|faint|p2a: Stakataka\n|\n|upkeep\n|\n|t:|1699109576\n|switch|p2a: Zygarde|Zygarde|100\/100\n|-damage|p2a: Zygarde|88\/100|[from] Spikes\n|turn|12\n|\n|t:|1699109582\n|move|p1a: Zacian|Behemoth Blade|p2a: Zygarde\n|-crit|p2a: Zygarde\n|-damage|p2a: Zygarde|0 fnt\n|faint|p2a: Zygarde\n|\n|upkeep\n|c|\u2606jlsdfhpjksdhfni|gg\n|-message|jlsdfhpjksdhfni forfeited.\n|\n|win|85792195wwww\n|raw|85792195wwww's rating: 1866 &rarr; <strong>1879<\/strong><br \/>(+13 for winning)\n|raw|jlsdfhpjksdhfni's rating: 1737 &rarr; <strong>1724<\/strong><br \/>(-13 for losing)\n|l|\u2606jlsdfhpjksdhfni\n","uploadtime":1699109592,"views":5,"p1id":"85792195wwww","p2id":"jlsdfhpjksdhfni","formatid":"gen9nationaldexubers","rating":1724,"private":0,"password":""}