{"id":"gen9nationaldexubers-1999702164","p1":"Dewyut2342","p2":"SceptileSnak","format":"[Gen 9] National Dex Ubers","log":"|j|\u2606Dewyut2342\n|j|\u2606SceptileSnak\n|t:|1701109157\n|gametype|singles\n|player|p1|Dewyut2342|2|1070\n|player|p2|SceptileSnak|101|1000\n|teamsize|p1|6\n|teamsize|p2|6\n|gen|9\n|tier|[Gen 9] National Dex Ubers\n|rated|\n|rule|HP Percentage Mod: HP is shown in percentages\n|rule|Endless Battle Clause: Forcing endless battles is banned\n|rule|OHKO Clause: OHKO moves are banned\n|rule|Evasion Moves Clause: Evasion moves are banned\n|rule|Evasion Items Clause: Evasion items are banned\n|rule|Species Clause: Limit one of each Pok\u00e9mon\n|rule|Sleep Clause Mod: Limit one foe put to sleep\n|rule|Mega Rayquaza Clause: You cannot mega evolve Rayquaza\n|clearpoke\n|poke|p1|Eternatus|\n|poke|p1|Darkrai|\n|poke|p1|Mimikyu, M|\n|poke|p1|Pikachu, F|\n|poke|p1|Arceus-Flying|\n|poke|p1|Xurkitree|\n|poke|p2|Sceptile, M|\n|poke|p2|Emboar, M|\n|poke|p2|Walrein, F|\n|poke|p2|Kangaskhan, F|\n|poke|p2|Beedrill, F|\n|poke|p2|Togekiss, M|\n|teampreview\n|\n|t:|1701109164\n|start\n|switch|p1a: Darkrai|Darkrai|100\/100\n|switch|p2a: Toothy|Walrein, F, shiny|100\/100\n|turn|1\n|\n|t:|1701109171\n|move|p1a: Darkrai|Dark Void|p2a: Toothy|[miss]\n|-miss|p1a: Darkrai|p2a: Toothy\n|move|p2a: Toothy|Roar|p1a: Darkrai\n|drag|p1a: Mimikyu|Mimikyu, M|100\/100\n|\n|upkeep\n|turn|2\n|\n|t:|1701109179\n|move|p1a: Mimikyu|Leech Life|p2a: Toothy\n|-damage|p2a: Toothy|85\/100\n|move|p2a: Toothy|Super Fang|p1a: Mimikyu\n|-immune|p1a: Mimikyu\n|\n|-heal|p2a: Toothy|92\/100|[from] item: Leftovers\n|upkeep\n|turn|3\n|\n|t:|1701109188\n|move|p1a: Mimikyu|Leech Life|p2a: Toothy\n|-damage|p2a: Toothy|77\/100\n|move|p2a: Toothy|Blizzard|p1a: Mimikyu\n|-activate|p1a: Mimikyu|ability: Disguise\n|-damage|p1a: Mimikyu|100\/100\n|detailschange|p1a: Mimikyu|Mimikyu-Busted, M\n|-damage|p1a: Mimikyu|88\/100|[from] pokemon: Mimikyu-Busted\n|\n|-heal|p2a: Toothy|83\/100|[from] item: Leftovers\n|upkeep\n|turn|4\n|\n|t:|1701109200\n|move|p1a: Mimikyu|Leech Life|p2a: Toothy\n|-damage|p2a: Toothy|69\/100\n|-heal|p1a: Mimikyu|99\/100|[from] drain|[of] p2a: Toothy\n|move|p2a: Toothy|Roar|p1a: Mimikyu\n|drag|p1a: Arceus|Arceus-Flying|100\/100\n|\n|-heal|p2a: Toothy|75\/100|[from] item: Leftovers\n|upkeep\n|turn|5\n|\n|t:|1701109211\n|move|p1a: Arceus|Draco Meteor|p2a: Toothy\n|-damage|p2a: Toothy|50\/100\n|-unboost|p1a: Arceus|spa|2\n|move|p2a: Toothy|Super Fang|p1a: Arceus\n|-damage|p1a: Arceus|50\/100\n|\n|-heal|p2a: Toothy|56\/100|[from] item: Leftovers\n|upkeep\n|turn|6\n|\n|t:|1701109221\n|move|p1a: Arceus|Seismic Toss|p2a: Toothy\n|-damage|p2a: Toothy|32\/100\n|move|p2a: Toothy|Blizzard|p1a: Arceus|[miss]\n|-miss|p2a: Toothy|p1a: Arceus\n|\n|-heal|p2a: Toothy|38\/100|[from] item: Leftovers\n|upkeep\n|turn|7\n|\n|t:|1701109230\n|move|p1a: Arceus|Draco Meteor|p2a: Toothy\n|-damage|p2a: Toothy|25\/100\n|-unboost|p1a: Arceus|spa|2\n|move|p2a: Toothy|Blizzard|p1a: Arceus\n|-supereffective|p1a: Arceus\n|-damage|p1a: Arceus|0 fnt\n|faint|p1a: Arceus\n|\n|-heal|p2a: Toothy|31\/100|[from] item: Leftovers\n|upkeep\n|\n|t:|1701109243\n|switch|p1a: Darkrai|Darkrai|100\/100\n|turn|8\n|\n|t:|1701109253\n|move|p1a: Darkrai|Taunt|p2a: Toothy\n|-start|p2a: Toothy|move: Taunt\n|move|p2a: Toothy|Super Fang|p1a: Darkrai\n|-damage|p1a: Darkrai|50\/100\n|\n|-heal|p2a: Toothy|37\/100|[from] item: Leftovers\n|upkeep\n|turn|9\n|\n|t:|1701109262\n|move|p1a: Darkrai|Dark Void|p2a: Toothy\n|-status|p2a: Toothy|slp|[from] move: Dark Void\n|cant|p2a: Toothy|slp\n|\n|-heal|p2a: Toothy|43\/100 slp|[from] item: Leftovers\n|-damage|p2a: Toothy|31\/100 slp|[from] ability: Bad Dreams|[of] p1a: Darkrai\n|upkeep\n|turn|10\n|\n|t:|1701109271\n|move|p1a: Darkrai|Dream Eater|p2a: Toothy\n|-damage|p2a: Toothy|7\/100 slp\n|-heal|p1a: Darkrai|68\/100|[from] drain|[of] p2a: Toothy\n|cant|p2a: Toothy|slp\n|\n|-heal|p2a: Toothy|13\/100 slp|[from] item: Leftovers\n|-end|p2a: Toothy|move: Taunt\n|-damage|p2a: Toothy|1\/100 slp|[from] ability: Bad Dreams|[of] p1a: Darkrai\n|upkeep\n|turn|11\n|\n|t:|1701109292\n|move|p1a: Darkrai|Dream Eater|p2a: Toothy\n|-damage|p2a: Toothy|0 fnt\n|-heal|p1a: Darkrai|69\/100|[from] drain|[of] p2a: Toothy\n|faint|p2a: Toothy\n|\n|upkeep\n|\n|t:|1701109297\n|switch|p2a: Corparate|Emboar, M, shiny|100\/100\n|turn|12\n|\n|t:|1701109302\n|move|p1a: Darkrai|Dark Void|p2a: Corparate\n|-status|p2a: Corparate|slp|[from] move: Dark Void\n|cant|p2a: Corparate|slp\n|\n|-damage|p2a: Corparate|88\/100 slp|[from] ability: Bad Dreams|[of] p1a: Darkrai\n|upkeep\n|turn|13\n|\n|t:|1701109310\n|move|p1a: Darkrai|Dream Eater|p2a: Corparate\n|-supereffective|p2a: Corparate\n|-damage|p2a: Corparate|9\/100 slp\n|-heal|p1a: Darkrai|100\/100|[from] drain|[of] p2a: Corparate\n|cant|p2a: Corparate|slp\n|\n|-damage|p2a: Corparate|0 fnt|[from] ability: Bad Dreams|[of] p1a: Darkrai\n|faint|p2a: Corparate\n|upkeep\n|\n|t:|1701109320\n|switch|p2a: Taiyo|Sceptile, M, shiny|100\/100\n|turn|14\n|\n|t:|1701109325\n|move|p1a: Darkrai|Dark Void|p2a: Taiyo|[miss]\n|-miss|p1a: Darkrai|p2a: Taiyo\n|move|p2a: Taiyo|Drain Punch|p1a: Darkrai\n|-supereffective|p1a: Darkrai\n|-damage|p1a: Darkrai|46\/100\n|\n|upkeep\n|turn|15\n|\n|t:|1701109335\n|switch|p2a: Pointy|Beedrill, F, shiny|100\/100\n|move|p1a: Darkrai|Dark Void|p2a: Pointy\n|-status|p2a: Pointy|slp|[from] move: Dark Void\n|\n|-damage|p2a: Pointy|88\/100 slp|[from] ability: Bad Dreams|[of] p1a: Darkrai\n|upkeep\n|turn|16\n|\n|t:|1701109343\n|move|p1a: Darkrai|Dream Eater|p2a: Pointy\n|-supereffective|p2a: Pointy\n|-damage|p2a: Pointy|0 fnt\n|-heal|p1a: Darkrai|88\/100|[from] drain|[of] p2a: Pointy\n|faint|p2a: Pointy\n|\n|upkeep\n|\n|t:|1701109350\n|switch|p2a: MOMMA|Kangaskhan, F, shiny|100\/100\n|turn|17\n|\n|t:|1701109355\n|detailschange|p2a: MOMMA|Kangaskhan-Mega, F, shiny\n|-mega|p2a: MOMMA|Kangaskhan|Kangaskhanite\n|move|p2a: MOMMA|Fake Out|p1a: Darkrai\n|-damage|p1a: Darkrai|63\/100\n|-damage|p1a: Darkrai|57\/100\n|-hitcount|p1a: Darkrai|2\n|cant|p1a: Darkrai|flinch\n|\n|upkeep\n|turn|18\n|\n|t:|1701109367\n|move|p1a: Darkrai|Dark Void|p2a: MOMMA|[miss]\n|-miss|p1a: Darkrai|p2a: MOMMA\n|move|p2a: MOMMA|Drain Punch|p1a: Darkrai\n|-supereffective|p1a: Darkrai\n|-crit|p1a: Darkrai\n|-damage|p1a: Darkrai|0 fnt\n|faint|p1a: Darkrai\n|-hitcount|p1: Darkrai|1\n|\n|upkeep\n|\n|t:|1701109380\n|switch|p1a: Xurkitree|Xurkitree|100\/100\n|turn|19\n|\n|t:|1701109385\n|move|p2a: MOMMA|Drain Punch|p1a: Xurkitree\n|-damage|p1a: Xurkitree|67\/100\n|-damage|p1a: Xurkitree|58\/100\n|-hitcount|p1a: Xurkitree|2\n|move|p1a: Xurkitree|Hidden Power|p2a: MOMMA\n|-damage|p2a: MOMMA|77\/100\n|\n|upkeep\n|turn|20\n|\n|t:|1701109394\n|move|p2a: MOMMA|Drain Punch|p1a: Xurkitree\n|-damage|p1a: Xurkitree|25\/100\n|-heal|p2a: MOMMA|92\/100|[from] drain|[of] p1a: Xurkitree\n|-damage|p1a: Xurkitree|18\/100\n|-heal|p2a: MOMMA|96\/100|[from] drain|[of] p1a: Xurkitree\n|-hitcount|p1a: Xurkitree|2\n|move|p1a: Xurkitree|Electro Ball|p2a: MOMMA\n|-damage|p2a: MOMMA|70\/100\n|\n|upkeep\n|turn|21\n|\n|t:|1701109405\n|move|p2a: MOMMA|Drain Punch|p1a: Xurkitree\n|-damage|p1a: Xurkitree|0 fnt\n|-heal|p2a: MOMMA|78\/100|[from] drain|[of] p1a: Xurkitree\n|faint|p1a: Xurkitree\n|-hitcount|p1: Xurkitree|1\n|\n|upkeep\n|\n|t:|1701109414\n|switch|p1a: Pikachu|Pikachu, F|100\/100\n|turn|22\n|\n|t:|1701109419\n|move|p2a: MOMMA|Drain Punch|p1a: Pikachu\n|-damage|p1a: Pikachu|23\/100\n|-heal|p2a: MOMMA|100\/100|[from] drain|[of] p1a: Pikachu\n|-status|p2a: MOMMA|par|[from] ability: Static|[of] p1a: Pikachu\n|-damage|p1a: Pikachu|2\/100\n|-hitcount|p1a: Pikachu|2\n|move|p1a: Pikachu|Volt Tackle|p2a: MOMMA\n|-damage|p2a: MOMMA|52\/100 par\n|-damage|p1a: Pikachu|0 fnt|[from] Recoil\n|faint|p1a: Pikachu\n|\n|upkeep\n|\n|t:|1701109433\n|switch|p1a: Mimikyu|Mimikyu-Busted, M|99\/100\n|turn|23\n|\n|t:|1701109437\n|cant|p2a: MOMMA|par\n|move|p1a: Mimikyu|Drain Punch|p2a: MOMMA\n|-supereffective|p2a: MOMMA\n|-damage|p2a: MOMMA|20\/100 par\n|-heal|p1a: Mimikyu|100\/100|[from] drain|[of] p2a: MOMMA\n|\n|upkeep\n|turn|24\n|\n|t:|1701109444\n|cant|p2a: MOMMA|par\n|move|p1a: Mimikyu|Drain Punch|p2a: MOMMA\n|-supereffective|p2a: MOMMA\n|-damage|p2a: MOMMA|0 fnt\n|faint|p2a: MOMMA\n|\n|upkeep\n|\n|t:|1701109451\n|switch|p2a: Taiyo|Sceptile, M, shiny|100\/100\n|turn|25\n|\n|t:|1701109457\n|move|p2a: Taiyo|Leaf Blade|p1a: Mimikyu\n|-damage|p1a: Mimikyu|46\/100\n|move|p1a: Mimikyu|Drain Punch|p2a: Taiyo\n|-crit|p2a: Taiyo\n|-damage|p2a: Taiyo|58\/100\n|-heal|p1a: Mimikyu|67\/100|[from] drain|[of] p2a: Taiyo\n|\n|upkeep\n|turn|26\n|\n|t:|1701109465\n|move|p2a: Taiyo|Leaf Blade|p1a: Mimikyu\n|-damage|p1a: Mimikyu|11\/100\n|move|p1a: Mimikyu|Drain Punch|p2a: Taiyo\n|-damage|p2a: Taiyo|30\/100\n|-heal|p1a: Mimikyu|26\/100|[from] drain|[of] p2a: Taiyo\n|\n|upkeep\n|turn|27\n|\n|t:|1701109474\n|move|p2a: Taiyo|Leaf Blade|p1a: Mimikyu\n|-damage|p1a: Mimikyu|0 fnt\n|faint|p1a: Mimikyu\n|\n|upkeep\n|\n|t:|1701109479\n|switch|p1a: Eternatus|Eternatus|100\/100\n|-ability|p1a: Eternatus|Pressure\n|turn|28\n|\n|t:|1701109485\n|move|p1a: Eternatus|Toxic|p2a: Taiyo\n|-status|p2a: Taiyo|tox\n|move|p2a: Taiyo|Dragon Claw|p1a: Eternatus\n|-supereffective|p1a: Eternatus\n|-crit|p1a: Eternatus\n|-damage|p1a: Eternatus|47\/100\n|\n|-damage|p2a: Taiyo|24\/100 tox|[from] psn\n|upkeep\n|turn|29\n|\n|t:|1701109494\n|move|p1a: Eternatus|Gunk Shot|p2a: Taiyo\n|-supereffective|p2a: Taiyo\n|-crit|p2a: Taiyo\n|-damage|p2a: Taiyo|0 fnt\n|faint|p2a: Taiyo\n|\n|upkeep\n|\n|t:|1701109499\n|switch|p2a: Tower Killer|Togekiss, M|100\/100\n|turn|30\n|\n|t:|1701109507\n|move|p1a: Eternatus|Toxic|p2a: Tower Killer\n|-status|p2a: Tower Killer|tox\n|move|p2a: Tower Killer|Draining Kiss|p1a: Eternatus\n|-damage|p1a: Eternatus|24\/100\n|-enditem|p1a: Eternatus|Mago Berry|[eat]\n|-heal|p1a: Eternatus|57\/100|[from] item: Mago Berry\n|\n|-damage|p2a: Tower Killer|94\/100 tox|[from] psn\n|upkeep\n|turn|31\n|\n|t:|1701109519\n|move|p1a: Eternatus|Gunk Shot|p2a: Tower Killer\n|-supereffective|p2a: Tower Killer\n|-crit|p2a: Tower Killer\n|-damage|p2a: Tower Killer|0 fnt\n|faint|p2a: Tower Killer\n|\n|win|Dewyut2342\n|raw|Dewyut2342's rating: 1070 &rarr; <strong>1094<\/strong><br \/>(+24 for winning)\n|raw|SceptileSnak's rating: 1000 &rarr; <strong>1000<\/strong><br \/>(+0 for losing)\n|c|\u2606SceptileSnak|lucky fr\n|c|\u2606SceptileSnak|but gg\n|l|\u2606SceptileSnak\n","uploadtime":1701109528,"views":1,"p1id":"dewyut2342","p2id":"sceptilesnak","formatid":"gen9nationaldexubers","rating":1000,"private":0,"password":""}