{"id":"gen9nationaldexubers-1982825549","p1":"Phenixclause","p2":"fancyostriches","format":"[Gen 9] National Dex Ubers","log":"|j|\u2606Phenixclause\n|j|\u2606fancyostriches\n|t:|1699048613\n|gametype|singles\n|player|p1|Phenixclause|102|\n|player|p2|fancyostriches|flannery|\n|teamsize|p1|6\n|teamsize|p2|6\n|gen|9\n|tier|[Gen 9] National Dex Ubers\n|rule|HP Percentage Mod: HP is shown in percentages\n|rule|Endless Battle Clause: Forcing endless battles is banned\n|rule|OHKO Clause: OHKO moves are banned\n|rule|Evasion Moves Clause: Evasion moves are banned\n|rule|Evasion Items Clause: Evasion items are banned\n|rule|Species Clause: Limit one of each Pok\u00e9mon\n|rule|Sleep Clause Mod: Limit one foe put to sleep\n|rule|Mega Rayquaza Clause: You cannot mega evolve Rayquaza\n|clearpoke\n|poke|p1|Rotom-Mow|\n|poke|p1|Charizard, M|\n|poke|p1|Garganacl, M|\n|poke|p1|Palafin, F|\n|poke|p1|Lugia|\n|poke|p1|Genesect-Douse|\n|poke|p2|Snorlax, F|\n|poke|p2|Charizard, M|\n|poke|p2|Indeedee-F, F|\n|poke|p2|Polteageist|\n|poke|p2|Drednaw, F|\n|poke|p2|Torterra, M|\n|teampreview\n|l|\u2606Phenixclause\n|player|p1|\n|inactive|Battle timer is ON: inactive players will automatically lose when time's up. (requested by fancyostriches)\n|inactive|Phenixclause has 270 seconds to reconnect!\n|inactive|Phenixclause has 240 seconds to reconnect!\n|inactive|Phenixclause has 210 seconds to reconnect!\n|inactive|Phenixclause has 180 seconds to reconnect!\n|j|\u2606Phenixclause\n|inactive|Phenixclause reconnected and has 300 seconds left.\n|player|p1|Phenixclause|102\n|\n|t:|1699048825\n|start\n|switch|p1a: Genesect|Genesect-Douse|100\/100\n|switch|p2a: Indeedee|Indeedee-F, F|100\/100\n|-ability|p1a: Genesect|Download|boost\n|-boost|p1a: Genesect|spa|1\n|-fieldstart|move: Psychic Terrain|[from] ability: Psychic Surge|[of] p2a: Indeedee\n|turn|1\n|\n|t:|1699048844\n|move|p1a: Genesect|Rock Polish|p1a: Genesect\n|-boost|p1a: Genesect|spe|2\n|move|p2a: Indeedee|Trick Room|p2a: Indeedee\n|-fieldstart|move: Trick Room|[of] p2a: Indeedee\n|\n|upkeep\n|turn|2\n|\n|t:|1699048851\n|switch|p2a: Snorlax|Snorlax, F|100\/100\n|move|p1a: Genesect|Techno Blast|p2a: Snorlax\n|-damage|p2a: Snorlax|57\/100\n|\n|upkeep\n|turn|3\n|\n|t:|1699048859\n|switch|p1a: Lugia|Lugia|100\/100\n|-ability|p1a: Lugia|Pressure\n|move|p2a: Snorlax|Belly Drum|p2a: Snorlax\n|-damage|p2a: Snorlax|7\/100\n|-setboost|p2a: Snorlax|atk|6|[from] move: Belly Drum\n|-enditem|p2a: Snorlax|Sitrus Berry|[eat]\n|-heal|p2a: Snorlax|32\/100|[from] item: Sitrus Berry\n|\n|upkeep\n|turn|4\n|inactive|Phenixclause has 270 seconds left.\n|\n|t:|1699048893\n|move|p2a: Snorlax|Thunder Punch|p1a: Lugia\n|-supereffective|p1a: Lugia\n|-damage|p1a: Lugia|0 fnt\n|faint|p1a: Lugia\n|\n|upkeep\n|inactive|Phenixclause has 270 seconds left.\n|\n|t:|1699048898\n|switch|p1a: Palafin|Palafin, F|100\/100\n|turn|5\n|inactive|Phenixclause has 270 seconds left.\n|\n|t:|1699048909\n|detailschange|p1a: Palafin|Palafin-Hero, F\n|switch|p1a: Garganacl|Garganacl, M|100\/100\n|move|p2a: Snorlax|Thunder Punch|p1a: Garganacl\n|-damage|p1a: Garganacl|54\/100\n|\n|-heal|p1a: Garganacl|61\/100|[from] item: Leftovers\n|-fieldend|move: Trick Room\n|upkeep\n|turn|6\n|inactive|fancyostriches has 270 seconds left.\n|\n|t:|1699048942\n|move|p1a: Garganacl|Body Press|p2a: Snorlax\n|-supereffective|p2a: Snorlax\n|-damage|p2a: Snorlax|0 fnt\n|faint|p2a: Snorlax\n|\n|-heal|p1a: Garganacl|67\/100|[from] item: Leftovers\n|upkeep\n|inactive|fancyostriches has 270 seconds left.\n|inactive|fancyostriches has 240 seconds left.\n|c|\u2606Phenixclause|Why you put me in time out\n|\n|t:|1699048997\n|switch|p2a: Torterra|Torterra, M|100\/100\n|turn|7\n|inactive|Phenixclause has 270 seconds left.\n|l|\u2606Phenixclause\n|inactive|Phenixclause disconnected and has 175 seconds to reconnect!\n|player|p1|\n|j|\u2606Phenixclause\n|inactive|Phenixclause reconnected and has 270 seconds left.\n|player|p1|Phenixclause|102\n|\n|t:|1699049051\n|move|p2a: Torterra|Shell Smash|p2a: Torterra\n|-unboost|p2a: Torterra|def|1\n|-unboost|p2a: Torterra|spd|1\n|-boost|p2a: Torterra|atk|2\n|-boost|p2a: Torterra|spa|2\n|-boost|p2a: Torterra|spe|2\n|move|p1a: Garganacl|Salt Cure|p2a: Torterra\n|-resisted|p2a: Torterra\n|-damage|p2a: Torterra|90\/100\n|-start|p2a: Torterra|Salt Cure\n|\n|-heal|p1a: Garganacl|73\/100|[from] item: Leftovers\n|-damage|p2a: Torterra|78\/100|[from] Salt Cure\n|upkeep\n|turn|8\n|\n|t:|1699049070\n|move|p2a: Torterra|Bullet Seed|p1a: Garganacl\n|-supereffective|p1a: Garganacl\n|-damage|p1a: Garganacl|46\/100\n|-supereffective|p1a: Garganacl\n|-damage|p1a: Garganacl|19\/100\n|-supereffective|p1a: Garganacl\n|-damage|p1a: Garganacl|0 fnt\n|faint|p1a: Garganacl\n|-hitcount|p1: Garganacl|3\n|\n|-damage|p2a: Torterra|65\/100|[from] Salt Cure\n|-fieldend|move: Psychic Terrain\n|upkeep\n|inactive|Phenixclause has 270 seconds left.\n|\n|t:|1699049097\n|switch|p1a: Palafin|Palafin-Hero, F|100\/100\n|-activate|p1a: Palafin|ability: Zero to Hero\n|turn|9\n|\n|t:|1699049112\n|-terastallize|p1a: Palafin|Water\n|move|p1a: Palafin|Jet Punch|p2a: Torterra\n|-damage|p2a: Torterra|0 fnt\n|faint|p2a: Torterra\n|\n|upkeep\n|\n|t:|1699049118\n|switch|p2a: Indeedee|Indeedee-F, F|100\/100\n|-fieldstart|move: Psychic Terrain|[from] ability: Psychic Surge|[of] p2a: Indeedee\n|turn|10\n|inactive|Phenixclause has 270 seconds left.\n|l|\u2606Phenixclause\n|inactive|Phenixclause disconnected and has 160 seconds to reconnect!\n|player|p1|\n|inactive|Phenixclause has 150 seconds to reconnect!\n|j|\u2606Phenixclause\n|inactive|Phenixclause reconnected and has 250 seconds left.\n|player|p1|Phenixclause|102\n|\n|t:|1699049174\n|move|p1a: Palafin|Jet Punch|p2a: Indeedee\n|-activate|p2a: Indeedee|move: Psychic Terrain\n|move|p2a: Indeedee|Reflect|p2a: Indeedee\n|-sidestart|p2: fancyostriches|Reflect\n|\n|upkeep\n|turn|11\n|\n|t:|1699049179\n|switch|p1a: Better version|Rotom-Mow|100\/100\n|move|p2a: Indeedee|Light Screen|p2a: Indeedee\n|-sidestart|p2: fancyostriches|move: Light Screen\n|\n|upkeep\n|turn|12\n|inactive|fancyostriches has 240 seconds left.\n|\n|t:|1699049205\n|switch|p2a: Charizard|Charizard, M|100\/100\n|move|p1a: Better version|Volt Switch|p2a: Charizard\n|-supereffective|p2a: Charizard\n|-damage|p2a: Charizard|61\/100\n|\n|t:|1699049208\n|switch|p1a: Red and blue|Charizard, M|100\/100|[from] Volt Switch\n|\n|upkeep\n|turn|13\n|\n|t:|1699049220\n|detailschange|p1a: Red and blue|Charizard-Mega-X, M\n|-mega|p1a: Red and blue|Charizard|Charizardite X\n|move|p1a: Red and blue|Dragon Dance|p1a: Red and blue\n|-boost|p1a: Red and blue|atk|1\n|-boost|p1a: Red and blue|spe|1\n|move|p2a: Charizard|Belly Drum|p2a: Charizard\n|-damage|p2a: Charizard|11\/100\n|-setboost|p2a: Charizard|atk|6|[from] move: Belly Drum\n|\n|upkeep\n|turn|14\n|c|\u2606Phenixclause|Famm\n|\n|t:|1699049240\n|detailschange|p2a: Charizard|Charizard-Mega-X, M\n|-mega|p2a: Charizard|Charizard|Charizardite X\n|move|p1a: Red and blue|Thunder Punch|p2a: Charizard\n|-resisted|p2a: Charizard\n|-damage|p2a: Charizard|0 fnt\n|faint|p2a: Charizard\n|\n|-sideend|p2: fancyostriches|Reflect\n|upkeep\n|inactive|fancyostriches has 210 seconds left.\n|\n|t:|1699049280\n|switch|p2a: Indeedee|Indeedee-F, F|100\/100\n|turn|15\n|inactive|Phenixclause has 270 seconds left.\n|l|\u2606Phenixclause\n|inactive|Phenixclause disconnected and has 135 seconds to reconnect!\n|player|p1|\n|inactive|Phenixclause has 120 seconds to reconnect!\n|j|\u2606Phenixclause\n|inactive|Phenixclause reconnected and has 265 seconds left.\n|player|p1|Phenixclause|102\n|\n|t:|1699049337\n|move|p1a: Red and blue|Dragon Dance|p1a: Red and blue\n|-boost|p1a: Red and blue|atk|1\n|-boost|p1a: Red and blue|spe|1\n|move|p2a: Indeedee|Trick Room|p2a: Indeedee\n|-fieldstart|move: Trick Room|[of] p2a: Indeedee\n|\n|-sideend|p2: fancyostriches|move: Light Screen\n|upkeep\n|turn|16\n|\n|t:|1699049356\n|move|p2a: Indeedee|Reflect|p2a: Indeedee\n|-sidestart|p2: fancyostriches|Reflect\n|move|p1a: Red and blue|Dragon Claw|p2a: Indeedee\n|-damage|p2a: Indeedee|43\/100\n|\n|upkeep\n|turn|17\n|\n|t:|1699049362\n|move|p2a: Indeedee|Light Screen|p2a: Indeedee\n|-sidestart|p2: fancyostriches|move: Light Screen\n|move|p1a: Red and blue|Dragon Claw|p2a: Indeedee\n|-damage|p2a: Indeedee|0 fnt\n|faint|p2a: Indeedee\n|\n|-fieldend|move: Psychic Terrain\n|upkeep\n|\n|t:|1699049375\n|switch|p2a: Drednaw|Drednaw, F|100\/100\n|turn|18\n|\n|t:|1699049387\n|move|p2a: Drednaw|Shell Smash|p2a: Drednaw\n|-unboost|p2a: Drednaw|def|1\n|-unboost|p2a: Drednaw|spd|1\n|-boost|p2a: Drednaw|atk|2\n|-boost|p2a: Drednaw|spa|2\n|-boost|p2a: Drednaw|spe|2\n|move|p1a: Red and blue|Thunder Punch|p2a: Drednaw\n|-supereffective|p2a: Drednaw\n|-enditem|p2a: Drednaw|Focus Sash\n|-damage|p2a: Drednaw|1\/100\n|\n|upkeep\n|turn|19\n|\n|t:|1699049399\n|move|p2a: Drednaw|Liquidation|p1a: Red and blue\n|-damage|p1a: Red and blue|12\/100\n|move|p1a: Red and blue|Thunder Punch|p2a: Drednaw\n|-supereffective|p2a: Drednaw\n|-damage|p2a: Drednaw|0 fnt\n|faint|p2a: Drednaw\n|\n|-fieldend|move: Trick Room\n|upkeep\n|\n|t:|1699049411\n|switch|p2a: Polteageist|Polteageist|100\/100\n|turn|20\n|\n|t:|1699049425\n|move|p1a: Red and blue|Dragon Claw|p2a: Polteageist\n|-enditem|p2a: Polteageist|Focus Sash\n|-damage|p2a: Polteageist|1\/100\n|-ability|p2a: Polteageist|Weak Armor|boost\n|-unboost|p2a: Polteageist|def|1\n|-boost|p2a: Polteageist|spe|2\n|move|p2a: Polteageist|Shell Smash|p2a: Polteageist\n|-unboost|p2a: Polteageist|def|1\n|-unboost|p2a: Polteageist|spd|1\n|-boost|p2a: Polteageist|atk|2\n|-boost|p2a: Polteageist|spa|2\n|-boost|p2a: Polteageist|spe|2\n|\n|-sideend|p2: fancyostriches|Reflect\n|upkeep\n|turn|21\n|c|\u2606fancyostriches|Fuck this game\n|inactive|fancyostriches has 180 seconds left.\n|c|\u2606Phenixclause|Lol\n|c|\u2606Phenixclause|used a water move on a dragon type\n|l|\u2606fancyostriches\n|inactive|fancyostriches disconnected and has 300 seconds to reconnect!\n|player|p2|\n|inactive|fancyostriches has 270 seconds to reconnect!\n|inactive|fancyostriches has 240 seconds to reconnect!\n|inactive|fancyostriches has 210 seconds to reconnect!\n|inactive|fancyostriches has 180 seconds to reconnect!\n|inactive|fancyostriches has 150 seconds to reconnect!\n|inactive|fancyostriches has 120 seconds to reconnect!\n|inactive|fancyostriches has 90 seconds to reconnect!\n|inactive|fancyostriches has 60 seconds to reconnect!\n|inactive|fancyostriches has 30 seconds to reconnect!\n|inactive|fancyostriches has 20 seconds to reconnect!\n|inactive|fancyostriches has 15 seconds to reconnect!\n|inactive|fancyostriches has 10 seconds to reconnect!\n|inactive|fancyostriches has 5 seconds to reconnect!\n|-message|fancyostriches lost due to inactivity.\n|\n|win|Phenixclause\n","uploadtime":1699049772,"views":12,"p1id":"phenixclause","p2id":"fancyostriches","formatid":"gen9nationaldexubers","rating":0,"private":0,"password":""}