{"id":"gen9nationaldexubers-1984648306","p1":"Atsign-235","p2":"bepsi-can","format":"[Gen 9] National Dex Ubers","log":"|j|\u2606Atsign-235\n|j|\u2606bepsi-can\n|t:|1699287679\n|gametype|singles\n|player|p1|Atsign-235|2|1038\n|player|p2|bepsi-can|elesa|1116\n|teamsize|p1|6\n|teamsize|p2|6\n|gen|9\n|tier|[Gen 9] National Dex Ubers\n|rated|\n|rule|HP Percentage Mod: HP is shown in percentages\n|rule|Endless Battle Clause: Forcing endless battles is banned\n|rule|OHKO Clause: OHKO moves are banned\n|rule|Evasion Moves Clause: Evasion moves are banned\n|rule|Evasion Items Clause: Evasion items are banned\n|rule|Species Clause: Limit one of each Pok\u00e9mon\n|rule|Sleep Clause Mod: Limit one foe put to sleep\n|rule|Mega Rayquaza Clause: You cannot mega evolve Rayquaza\n|clearpoke\n|poke|p1|Tyrantrum, M|\n|poke|p1|Dragonite, M|\n|poke|p1|Volcarona, M|\n|poke|p1|Ursaluna-Bloodmoon, M|\n|poke|p1|Blastoise, F|\n|poke|p1|Baxcalibur, M|\n|poke|p2|Serperior, F|\n|poke|p2|Ditto|\n|poke|p2|Weezing, F|\n|poke|p2|Hatterene, F|\n|poke|p2|Porygon-Z|\n|poke|p2|Chandelure, F|\n|teampreview\n|inactive|Battle timer is ON: inactive players will automatically lose when time's up. (requested by bepsi-can)\n|c|\u2606bepsi-can|setup mon central\n|\n|t:|1699287693\n|start\n|switch|p1a: Volcarona|Volcarona, M|100\/100\n|switch|p2a: Heeheehee|Hatterene, F|100\/100\n|turn|1\n|\n|t:|1699287701\n|move|p1a: Volcarona|Quiver Dance|p1a: Volcarona\n|-boost|p1a: Volcarona|spa|1\n|-boost|p1a: Volcarona|spd|1\n|-boost|p1a: Volcarona|spe|1\n|move|p2a: Heeheehee|Calm Mind|p2a: Heeheehee\n|-boost|p2a: Heeheehee|spa|1\n|-boost|p2a: Heeheehee|spd|1\n|\n|upkeep\n|turn|2\n|\n|t:|1699287707\n|move|p1a: Volcarona|Quiver Dance|p1a: Volcarona\n|-boost|p1a: Volcarona|spa|1\n|-boost|p1a: Volcarona|spd|1\n|-boost|p1a: Volcarona|spe|1\n|move|p2a: Heeheehee|Calm Mind|p2a: Heeheehee\n|-boost|p2a: Heeheehee|spa|1\n|-boost|p2a: Heeheehee|spd|1\n|\n|upkeep\n|turn|3\n|\n|t:|1699287723\n|move|p1a: Volcarona|Quiver Dance|p1a: Volcarona\n|-boost|p1a: Volcarona|spa|1\n|-boost|p1a: Volcarona|spd|1\n|-boost|p1a: Volcarona|spe|1\n|move|p2a: Heeheehee|Psyshock|p1a: Volcarona\n|-crit|p1a: Volcarona\n|-damage|p1a: Volcarona|0 fnt\n|faint|p1a: Volcarona\n|\n|upkeep\n|c|\u2606bepsi-can|crit mattered\n|\n|t:|1699287737\n|switch|p1a: Tyrantrum|Tyrantrum, M|100\/100\n|turn|4\n|\n|t:|1699287741\n|move|p1a: Tyrantrum|Crunch|p2a: Heeheehee\n|-damage|p2a: Heeheehee|55\/100\n|-damage|p1a: Tyrantrum|91\/100|[from] item: Life Orb\n|move|p2a: Heeheehee|Draining Kiss|p1a: Tyrantrum\n|-supereffective|p1a: Tyrantrum\n|-damage|p1a: Tyrantrum|0 fnt\n|-heal|p2a: Heeheehee|100\/100|[from] drain|[of] p1a: Tyrantrum\n|faint|p1a: Tyrantrum\n|\n|upkeep\n|\n|t:|1699287754\n|switch|p1a: Blastoise|Blastoise, F|100\/100\n|turn|5\n|\n|t:|1699287759\n|move|p1a: Blastoise|Shell Smash|p1a: Blastoise\n|-unboost|p1a: Blastoise|def|1\n|-unboost|p1a: Blastoise|spd|1\n|-boost|p1a: Blastoise|atk|2\n|-boost|p1a: Blastoise|spa|2\n|-boost|p1a: Blastoise|spe|2\n|-enditem|p1a: Blastoise|White Herb\n|-clearnegativeboost|p1a: Blastoise|[silent]\n|move|p2a: Heeheehee|Psyshock|p1a: Blastoise\n|-damage|p1a: Blastoise|42\/100\n|\n|upkeep\n|turn|6\n|\n|t:|1699287770\n|move|p1a: Blastoise|Earthquake|p2a: Heeheehee\n|-damage|p2a: Heeheehee|68\/100\n|move|p2a: Heeheehee|Psyshock|p1a: Blastoise\n|-damage|p1a: Blastoise|0 fnt\n|faint|p1a: Blastoise\n|\n|-heal|p2a: Heeheehee|74\/100|[from] item: Leftovers\n|upkeep\n|\n|t:|1699287777\n|switch|p1a: Ursaluna|Ursaluna-Bloodmoon, M|100\/100\n|turn|7\n|\n|t:|1699287782\n|move|p1a: Ursaluna|Blood Moon|p2a: Heeheehee\n|-damage|p2a: Heeheehee|32\/100\n|move|p2a: Heeheehee|Draining Kiss|p1a: Ursaluna\n|-damage|p1a: Ursaluna|43\/100\n|-heal|p2a: Heeheehee|81\/100|[from] drain|[of] p1a: Ursaluna\n|\n|-heal|p1a: Ursaluna|49\/100|[from] item: Leftovers\n|-heal|p2a: Heeheehee|87\/100|[from] item: Leftovers\n|upkeep\n|turn|8\n|\n|t:|1699287791\n|move|p1a: Ursaluna|Earth Power|p2a: Heeheehee\n|-damage|p2a: Heeheehee|60\/100\n|move|p2a: Heeheehee|Draining Kiss|p1a: Ursaluna\n|-damage|p1a: Ursaluna|0 fnt\n|-heal|p2a: Heeheehee|100\/100|[from] drain|[of] p1a: Ursaluna\n|faint|p1a: Ursaluna\n|\n|upkeep\n|\n|t:|1699287798\n|switch|p1a: Baxcalibur|Baxcalibur, M|100\/100\n|turn|9\n|\n|t:|1699287804\n|move|p1a: Baxcalibur|Icicle Spear|p2a: Heeheehee\n|-damage|p2a: Heeheehee|88\/100\n|-damage|p2a: Heeheehee|76\/100\n|-crit|p2a: Heeheehee\n|-damage|p2a: Heeheehee|56\/100\n|-damage|p2a: Heeheehee|44\/100\n|-hitcount|p2a: Heeheehee|4\n|move|p2a: Heeheehee|Draining Kiss|p1a: Baxcalibur\n|-supereffective|p1a: Baxcalibur\n|-damage|p1a: Baxcalibur|5\/100\n|-heal|p2a: Heeheehee|100\/100|[from] drain|[of] p1a: Baxcalibur\n|\n|upkeep\n|turn|10\n|\n|t:|1699287815\n|move|p1a: Baxcalibur|Icicle Spear|p2a: Heeheehee\n|-damage|p2a: Heeheehee|88\/100\n|-damage|p2a: Heeheehee|76\/100\n|-damage|p2a: Heeheehee|64\/100\n|-damage|p2a: Heeheehee|52\/100\n|-hitcount|p2a: Heeheehee|4\n|move|p2a: Heeheehee|Draining Kiss|p1a: Baxcalibur\n|-supereffective|p1a: Baxcalibur\n|-damage|p1a: Baxcalibur|0 fnt\n|-heal|p2a: Heeheehee|56\/100|[from] drain|[of] p1a: Baxcalibur\n|faint|p1a: Baxcalibur\n|\n|-heal|p2a: Heeheehee|62\/100|[from] item: Leftovers\n|upkeep\n|\n|t:|1699287827\n|switch|p1a: Dragonite|Dragonite, M|100\/100\n|turn|11\n|\n|t:|1699287840\n|move|p1a: Dragonite|Extreme Speed|p2a: Heeheehee\n|-damage|p2a: Heeheehee|28\/100\n|-damage|p1a: Dragonite|91\/100|[from] item: Life Orb\n|move|p2a: Heeheehee|Draining Kiss|p1a: Dragonite\n|-supereffective|p1a: Dragonite\n|-damage|p1a: Dragonite|0 fnt\n|-heal|p2a: Heeheehee|96\/100|[from] drain|[of] p1a: Dragonite\n|faint|p1a: Dragonite\n|\n|win|bepsi-can\n|raw|Atsign-235's rating: 1038 &rarr; <strong>1026<\/strong><br \/>(-12 for losing)\n|raw|bepsi-can's rating: 1116 &rarr; <strong>1135<\/strong><br \/>(+19 for winning)\n","uploadtime":1699287845,"views":7,"p1id":"atsign235","p2id":"bepsican","formatid":"gen9nationaldexubers","rating":1026,"private":0,"password":""}