{"id":"gen9nationaldexubers-2000241725","p1":"AquaticPokemon","p2":"guvv11wanhao","format":"[Gen 9] National Dex Ubers","log":"|j|\u2606AquaticPokemon\n|j|\u2606guvv11wanhao\n|t:|1701176550\n|gametype|singles\n|player|p1|AquaticPokemon|gambler|1266\n|player|p2|guvv11wanhao|marnie|1181\n|teamsize|p1|6\n|teamsize|p2|6\n|gen|9\n|tier|[Gen 9] National Dex Ubers\n|rated|\n|rule|HP Percentage Mod: HP is shown in percentages\n|rule|Endless Battle Clause: Forcing endless battles is banned\n|rule|OHKO Clause: OHKO moves are banned\n|rule|Evasion Moves Clause: Evasion moves are banned\n|rule|Evasion Items Clause: Evasion items are banned\n|rule|Species Clause: Limit one of each Pok\u00e9mon\n|rule|Sleep Clause Mod: Limit one foe put to sleep\n|rule|Mega Rayquaza Clause: You cannot mega evolve Rayquaza\n|clearpoke\n|poke|p1|Zygarde|\n|poke|p1|Blastoise, F|\n|poke|p1|Kyogre|\n|poke|p1|Lugia|\n|poke|p1|Mewtwo|\n|poke|p1|Ogerpon-Hearthflame, F|\n|poke|p2|Pikachu, M|\n|poke|p2|Zekrom|\n|poke|p2|Tapu Koko|\n|poke|p2|Vikavolt, M|\n|poke|p2|Zeraora|\n|poke|p2|Eldegoss, M|\n|teampreview\n|inactive|Battle timer is ON: inactive players will automatically lose when time's up. (requested by guvv11wanhao)\n|c|\u2606AquaticPokemon|yknow\n|c|\u2606AquaticPokemon|i thought it was mono\n|\n|t:|1701176581\n|start\n|switch|p1a: Blastoise|Blastoise, F|100\/100\n|switch|p2a: \u9539\u519c\u70ae\u866bv|Vikavolt, M|100\/100\n|turn|1\n|\n|t:|1701176601\n|detailschange|p1a: Blastoise|Blastoise-Mega, F\n|-mega|p1a: Blastoise|Blastoise|Blastoisinite\n|move|p1a: Blastoise|Water Pulse|p2a: \u9539\u519c\u70ae\u866bv\n|-crit|p2a: \u9539\u519c\u70ae\u866bv\n|-enditem|p2a: \u9539\u519c\u70ae\u866bv|Focus Sash\n|-damage|p2a: \u9539\u519c\u70ae\u866bv|1\/100\n|move|p2a: \u9539\u519c\u70ae\u866bv|Substitute|p2a: \u9539\u519c\u70ae\u866bv\n|-fail|p2a: \u9539\u519c\u70ae\u866bv|move: Substitute|[weak]\n|\n|upkeep\n|turn|2\n|\n|t:|1701176606\n|move|p1a: Blastoise|Water Pulse|p2a: \u9539\u519c\u70ae\u866bv\n|-damage|p2a: \u9539\u519c\u70ae\u866bv|0 fnt\n|faint|p2a: \u9539\u519c\u70ae\u866bv\n|\n|upkeep\n|\n|t:|1701176617\n|switch|p2a: \u6377\u62c9\u5965\u62c9gx|Zeraora|100\/100\n|turn|3\n|c|\u2606AquaticPokemon|pokemon tcg moment\n|c|\u2606guvv11wanhao|yes\n|inactive|AquaticPokemon has 120 seconds left.\n|\n|t:|1701176652\n|move|p2a: \u6377\u62c9\u5965\u62c9gx|Fake Out|p1a: Blastoise\n|-damage|p1a: Blastoise|86\/100\n|-damage|p2a: \u6377\u62c9\u5965\u62c9gx|91\/100|[from] item: Life Orb\n|cant|p1a: Blastoise|flinch\n|\n|upkeep\n|turn|4\n|j| Squawkabully\n|c|\u2606AquaticPokemon|yeeowch\n|\n|t:|1701176657\n|move|p2a: \u6377\u62c9\u5965\u62c9gx|Plasma Fists|p1a: Blastoise\n|-supereffective|p1a: Blastoise\n|-damage|p1a: Blastoise|0 fnt\n|-fieldactivate|move: Ion Deluge\n|-hint|Normal-type moves become Electric-type after using Plasma Fists.\n|faint|p1a: Blastoise\n|-damage|p2a: \u6377\u62c9\u5965\u62c9gx|81\/100|[from] item: Life Orb\n|\n|upkeep\n|\n|t:|1701176671\n|switch|p1a: Ogerpon|Ogerpon-Hearthflame, F|100\/100\n|-ability|p1a: Ogerpon|Mold Breaker\n|turn|5\n|c|\u2606AquaticPokemon|haha i broke your mold\n|\n|t:|1701176690\n|move|p2a: \u6377\u62c9\u5965\u62c9gx|Close Combat|p1a: Ogerpon\n|-damage|p1a: Ogerpon|34\/100\n|-unboost|p2a: \u6377\u62c9\u5965\u62c9gx|def|1\n|-unboost|p2a: \u6377\u62c9\u5965\u62c9gx|spd|1\n|-damage|p2a: \u6377\u62c9\u5965\u62c9gx|71\/100|[from] item: Life Orb\n|move|p1a: Ogerpon|Stomping Tantrum|p2a: \u6377\u62c9\u5965\u62c9gx\n|-supereffective|p2a: \u6377\u62c9\u5965\u62c9gx\n|-damage|p2a: \u6377\u62c9\u5965\u62c9gx|0 fnt\n|faint|p2a: \u6377\u62c9\u5965\u62c9gx\n|\n|upkeep\n|\n|t:|1701176699\n|switch|p2a: \u6377\u514b\u7f57\u59c6gx|Zekrom|100\/100\n|-ability|p2a: \u6377\u514b\u7f57\u59c6gx|Teravolt\n|turn|6\n|\n|t:|1701176707\n|move|p1a: Ogerpon|Stomping Tantrum|p2a: \u6377\u514b\u7f57\u59c6gx\n|-supereffective|p2a: \u6377\u514b\u7f57\u59c6gx\n|-damage|p2a: \u6377\u514b\u7f57\u59c6gx|51\/100\n|move|p2a: \u6377\u514b\u7f57\u59c6gx|Dragon Tail|p1a: Ogerpon\n|-damage|p1a: Ogerpon|0 fnt\n|faint|p1a: Ogerpon\n|\n|upkeep\n|c| Squawkabully|i like the nicknames\n|\n|t:|1701176712\n|switch|p1a: Zygarde|Zygarde|100\/100\n|turn|7\n|\n|t:|1701176715\n|move|p1a: Zygarde|Thousand Arrows|p2a: \u6377\u514b\u7f57\u59c6gx\n|-supereffective|p2a: \u6377\u514b\u7f57\u59c6gx\n|-damage|p2a: \u6377\u514b\u7f57\u59c6gx|0 fnt\n|faint|p2a: \u6377\u514b\u7f57\u59c6gx\n|\n|upkeep\n|c|\u2606AquaticPokemon|real\n|\n|t:|1701176721\n|switch|p2a: \u767d\u84ec\u84ecv|Eldegoss, M|100\/100\n|turn|8\n|\n|t:|1701176737\n|move|p1a: Zygarde|Dragon Dance|p1a: Zygarde\n|-boost|p1a: Zygarde|atk|1\n|-boost|p1a: Zygarde|spe|1\n|move|p2a: \u767d\u84ec\u84ecv|Cotton Guard|p2a: \u767d\u84ec\u84ecv\n|-boost|p2a: \u767d\u84ec\u84ecv|def|3\n|\n|upkeep\n|turn|9\n|\n|t:|1701176749\n|switch|p1a: Kyogre|Kyogre|100\/100\n|detailschange|p1a: Kyogre|Kyogre-Primal\n|-primal|p1a: Kyogre|Blue Orb\n|-weather|PrimordialSea|[from] ability: Primordial Sea|[of] p1a: Kyogre\n|move|p2a: \u767d\u84ec\u84ecv|Leech Seed|p1a: Kyogre\n|-start|p1a: Kyogre|move: Leech Seed\n|\n|-weather|PrimordialSea|[upkeep]\n|-damage|p1a: Kyogre|88\/100|[from] Leech Seed|[of] p2a: \u767d\u84ec\u84ecv\n|upkeep\n|turn|10\n|\n|t:|1701176773\n|switch|p2a: \u5361\u749e\u9e23\u9e23\u25c6|Tapu Koko|100\/100\n|-fieldstart|move: Electric Terrain|[from] ability: Electric Surge|[of] p2a: \u5361\u749e\u9e23\u9e23\u25c6\n|move|p1a: Kyogre|Ice Beam|p2a: \u5361\u749e\u9e23\u9e23\u25c6\n|-damage|p2a: \u5361\u749e\u9e23\u9e23\u25c6|48\/100\n|\n|-weather|PrimordialSea|[upkeep]\n|-damage|p1a: Kyogre|76\/100|[from] Leech Seed|[of] p2a: \u5361\u749e\u9e23\u9e23\u25c6\n|-heal|p2a: \u5361\u749e\u9e23\u9e23\u25c6|60\/100|[silent]\n|upkeep\n|turn|11\n|c|\u2606guvv11wanhao|-_-\n|\n|t:|1701176790\n|-weather|none\n|switch|p1a: Lugia|Lugia|100\/100\n|-ability|p1a: Lugia|Pressure\n|move|p2a: \u5361\u749e\u9e23\u9e23\u25c6|Volt Switch|p1a: Lugia\n|-supereffective|p1a: Lugia\n|-damage|p1a: Lugia|53\/100\n|\n|t:|1701176798\n|switch|p2a: \u76ae\u5361\u4e18&|Pikachu, M|100\/100|[from] Volt Switch\n|\n|upkeep\n|turn|12\n|c|\u2606AquaticPokemon|cowa bunga dude\n|c| Squawkabully|that was a switch of all time\n|c|\u2606AquaticPokemon|i forgot that lugia was a flying type\n|inactiveoff|Battle timer is now OFF.\n|c|\u2606guvv11wanhao|can\n|c|\u2606guvv11wanhao|wen\n|c|\u2606AquaticPokemon|wen what where\n|c|\u2606guvv11wanhao|I want to do a test\n|c|\u2606guvv11wanhao|\u3001\n|c| Squawkabully|pikachu!!!!!!!!!!!!!!\n|c|\u2606AquaticPokemon|pick a chu\n|c|\u2606guvv11wanhao|Pikachu, do you think you can kill Mew Two with one shot\n|c|\u2606guvv11wanhao|\uff1f\n|c| Squawkabully|Mew Two\n|c|\u2606AquaticPokemon|pikachu said no you should forfiet\n|c|\u2606guvv11wanhao|Please send Mew Two\n|c|\u2606AquaticPokemon|but for why\n|c|\u2606guvv11wanhao|If I don't succeed, I surrender immediately\n|c|\u2606AquaticPokemon|okey doke\n|\n|t:|1701176965\n|switch|p1a: Mewtwo|Mewtwo|100\/100\n|-ability|p1a: Mewtwo|Unnerve\n|-terastallize|p2a: \u76ae\u5361\u4e18&|Electric\n|move|p2a: \u76ae\u5361\u4e18&|Rising Voltage|p1a: Mewtwo\n|-hint|Rising Voltage's BP doubled on grounded target.\n|-damage|p1a: Mewtwo|0 fnt\n|faint|p1a: Mewtwo\n|\n|upkeep\n|c|\u2606AquaticPokemon|he could in fact\n|c|\u2606AquaticPokemon|kill mewtwo\n|\n|t:|1701176975\n|switch|p1a: Zygarde|Zygarde|100\/100\n|turn|13\n|c|\u2606guvv11wanhao|\uff01\n|\n|t:|1701176979\n|move|p2a: \u76ae\u5361\u4e18&|Yawn|p1a: Zygarde\n|-activate|p1a: Zygarde|move: Electric Terrain\n|move|p1a: Zygarde|Thousand Arrows|p2a: \u76ae\u5361\u4e18&\n|-supereffective|p2a: \u76ae\u5361\u4e18&\n|-damage|p2a: \u76ae\u5361\u4e18&|0 fnt\n|faint|p2a: \u76ae\u5361\u4e18&\n|\n|upkeep\n|c| Squawkabully|252 Atk Light Ball Pikachu Volt Tackle vs. 0 HP \/ 0 Def Mewtwo in Electric Terrain: 324-382 (91.7 - 108.2%) -- 50% chance to OHKO\n|c|\u2606guvv11wanhao|\u563f\n|c|\u2606guvv11wanhao|ha\n|\n|t:|1701176994\n|switch|p2a: \u767d\u84ec\u84ecv|Eldegoss, M|100\/100\n|turn|14\n|c| Squawkabully|it doesnt ohko lmao\n|c| Squawkabully|oh\n|c| Squawkabully|rising voltage exists\n|\n|t:|1701177008\n|move|p1a: Zygarde|Thousand Arrows|p2a: \u767d\u84ec\u84ecv\n|-resisted|p2a: \u767d\u84ec\u84ecv\n|-crit|p2a: \u767d\u84ec\u84ecv\n|-damage|p2a: \u767d\u84ec\u84ecv|75\/100\n|move|p2a: \u767d\u84ec\u84ecv|Energy Ball|p1a: Zygarde\n|-damage|p1a: Zygarde|74\/100\n|\n|-heal|p1a: Zygarde|80\/100|[from] item: Leftovers\n|-heal|p2a: \u767d\u84ec\u84ecv|82\/100|[from] item: Leftovers\n|upkeep\n|turn|15\n|\n|t:|1701177016\n|move|p1a: Zygarde|Dragon Dance|p1a: Zygarde\n|-boost|p1a: Zygarde|atk|1\n|-boost|p1a: Zygarde|spe|1\n|move|p2a: \u767d\u84ec\u84ecv|Leech Seed|p1a: Zygarde\n|-start|p1a: Zygarde|move: Leech Seed\n|\n|-heal|p1a: Zygarde|86\/100|[from] item: Leftovers\n|-heal|p2a: \u767d\u84ec\u84ecv|88\/100|[from] item: Leftovers\n|-damage|p1a: Zygarde|74\/100|[from] Leech Seed|[of] p2a: \u767d\u84ec\u84ecv\n|-heal|p2a: \u767d\u84ec\u84ecv|100\/100|[silent]\n|upkeep\n|turn|16\n|\n|t:|1701177020\n|move|p1a: Zygarde|Dragon Dance|p1a: Zygarde\n|-boost|p1a: Zygarde|atk|1\n|-boost|p1a: Zygarde|spe|1\n|move|p2a: \u767d\u84ec\u84ecv|Cotton Guard|p2a: \u767d\u84ec\u84ecv\n|-boost|p2a: \u767d\u84ec\u84ecv|def|3\n|\n|-heal|p1a: Zygarde|80\/100|[from] item: Leftovers\n|-damage|p1a: Zygarde|67\/100|[from] Leech Seed|[of] p2a: \u767d\u84ec\u84ecv\n|upkeep\n|turn|17\n|\n|t:|1701177024\n|switch|p1a: Kyogre|Kyogre-Primal|76\/100\n|-weather|PrimordialSea|[from] ability: Primordial Sea|[of] p1a: Kyogre\n|move|p2a: \u767d\u84ec\u84ecv|Energy Ball|p1a: Kyogre\n|-supereffective|p1a: Kyogre\n|-damage|p1a: Kyogre|42\/100\n|\n|-weather|PrimordialSea|[upkeep]\n|-fieldend|move: Electric Terrain\n|upkeep\n|turn|18\n|\n|t:|1701177035\n|move|p1a: Kyogre|Ice Beam|p2a: \u767d\u84ec\u84ecv\n|-supereffective|p2a: \u767d\u84ec\u84ecv\n|-damage|p2a: \u767d\u84ec\u84ecv|34\/100\n|move|p2a: \u767d\u84ec\u84ecv|Leech Seed|p1a: Kyogre\n|-start|p1a: Kyogre|move: Leech Seed\n|\n|-weather|PrimordialSea|[upkeep]\n|-heal|p2a: \u767d\u84ec\u84ecv|41\/100|[from] item: Leftovers\n|-damage|p1a: Kyogre|30\/100|[from] Leech Seed|[of] p2a: \u767d\u84ec\u84ecv\n|-heal|p2a: \u767d\u84ec\u84ecv|54\/100|[silent]\n|upkeep\n|turn|19\n|c|\u2606AquaticPokemon|the problem with electric type is that a type is immune to it\n|\n|t:|1701177045\n|switch|p2a: \u5361\u749e\u9e23\u9e23\u25c6|Tapu Koko|60\/100\n|-fieldstart|move: Electric Terrain|[from] ability: Electric Surge|[of] p2a: \u5361\u749e\u9e23\u9e23\u25c6\n|move|p1a: Kyogre|Ice Beam|p2a: \u5361\u749e\u9e23\u9e23\u25c6\n|-damage|p2a: \u5361\u749e\u9e23\u9e23\u25c6|9\/100\n|\n|-weather|PrimordialSea|[upkeep]\n|-damage|p1a: Kyogre|17\/100|[from] Leech Seed|[of] p2a: \u5361\u749e\u9e23\u9e23\u25c6\n|-heal|p2a: \u5361\u749e\u9e23\u9e23\u25c6|21\/100|[silent]\n|upkeep\n|turn|20\n|c| Squawkabully|252 SpA Light Ball Pikachu Rising Voltage (140 BP) vs. 0 HP \/ 4 SpD Mewtwo in Electric Terrain: 358-423 (101.4 - 119.8%) -- guaranteed OHKO\n|c|\u2606AquaticPokemon|rigged\n|\n|t:|1701177055\n|-weather|none\n|switch|p1a: Zygarde|Zygarde|67\/100\n|switch|p2a: \u767d\u84ec\u84ecv|Eldegoss, M|87\/100\n|\n|-heal|p1a: Zygarde|74\/100|[from] item: Leftovers\n|-heal|p2a: \u767d\u84ec\u84ecv|93\/100|[from] item: Leftovers\n|upkeep\n|turn|21\n|\n|t:|1701177062\n|move|p1a: Zygarde|Extreme Speed|p2a: \u767d\u84ec\u84ecv\n|-damage|p2a: \u767d\u84ec\u84ecv|73\/100\n|move|p2a: \u767d\u84ec\u84ecv|Leech Seed|p1a: Zygarde\n|-start|p1a: Zygarde|move: Leech Seed\n|\n|-heal|p1a: Zygarde|80\/100|[from] item: Leftovers\n|-heal|p2a: \u767d\u84ec\u84ecv|79\/100|[from] item: Leftovers\n|-damage|p1a: Zygarde|67\/100|[from] Leech Seed|[of] p2a: \u767d\u84ec\u84ecv\n|-heal|p2a: \u767d\u84ec\u84ecv|93\/100|[silent]\n|upkeep\n|turn|22\n|\n|t:|1701177067\n|switch|p1a: Lugia|Lugia|53\/100\n|-ability|p1a: Lugia|Pressure\n|move|p2a: \u767d\u84ec\u84ecv|Energy Ball|p1a: Lugia\n|-resisted|p1a: Lugia\n|-damage|p1a: Lugia|46\/100\n|\n|-heal|p2a: \u767d\u84ec\u84ecv|99\/100|[from] item: Leftovers\n|upkeep\n|turn|23\n|\n|t:|1701177071\n|move|p1a: Lugia|Dual Wingbeat|p2a: \u767d\u84ec\u84ecv\n|-supereffective|p2a: \u767d\u84ec\u84ecv\n|-damage|p2a: \u767d\u84ec\u84ecv|69\/100\n|-supereffective|p2a: \u767d\u84ec\u84ecv\n|-damage|p2a: \u767d\u84ec\u84ecv|37\/100\n|-hitcount|p2a: \u767d\u84ec\u84ecv|2\n|move|p2a: \u767d\u84ec\u84ecv|Leech Seed|p1a: Lugia\n|-start|p1a: Lugia|move: Leech Seed\n|\n|-heal|p2a: \u767d\u84ec\u84ecv|43\/100|[from] item: Leftovers\n|-damage|p1a: Lugia|34\/100|[from] Leech Seed|[of] p2a: \u767d\u84ec\u84ecv\n|-heal|p2a: \u767d\u84ec\u84ecv|59\/100|[silent]\n|upkeep\n|turn|24\n|\n|t:|1701177085\n|move|p1a: Lugia|Dual Wingbeat|p2a: \u767d\u84ec\u84ecv\n|-supereffective|p2a: \u767d\u84ec\u84ecv\n|-damage|p2a: \u767d\u84ec\u84ecv|29\/100\n|-supereffective|p2a: \u767d\u84ec\u84ecv\n|-damage|p2a: \u767d\u84ec\u84ecv|0 fnt\n|faint|p2a: \u767d\u84ec\u84ecv\n|-hitcount|p2: \u767d\u84ec\u84ecv|2\n|\n|upkeep\n|\n|t:|1701177089\n|switch|p2a: \u5361\u749e\u9e23\u9e23\u25c6|Tapu Koko|21\/100\n|turn|25\n|\n|t:|1701177092\n|move|p1a: Lugia|Earthquake|p2a: \u5361\u749e\u9e23\u9e23\u25c6\n|-supereffective|p2a: \u5361\u749e\u9e23\u9e23\u25c6\n|-damage|p2a: \u5361\u749e\u9e23\u9e23\u25c6|0 fnt\n|faint|p2a: \u5361\u749e\u9e23\u9e23\u25c6\n|\n|win|AquaticPokemon\n|raw|AquaticPokemon's rating: 1266 &rarr; <strong>1285<\/strong><br \/>(+19 for winning)\n|raw|guvv11wanhao's rating: 1181 &rarr; <strong>1162<\/strong><br \/>(-19 for losing)\n|c|\u2606AquaticPokemon|gg\n|l| Squawkabully\n|l|\u2606AquaticPokemon\n","uploadtime":1701177241,"views":2,"p1id":"aquaticpokemon","p2id":"guvv11wanhao","formatid":"gen9nationaldexubers","rating":1162,"private":0,"password":""}