{"id":"gen9nationaldexubers-1997687031","p1":"KingCow5228","p2":"Robin d Trayne","format":"[Gen 9] National Dex Ubers","log":"|j|\u2606KingCow5228\n|j|\u2606Robin d Trayne\n|t:|1700841799\n|gametype|singles\n|player|p1|KingCow5228|blackbelt-gen4dp|\n|player|p2|Robin d Trayne|veteran|\n|teamsize|p1|6\n|teamsize|p2|6\n|gen|9\n|tier|[Gen 9] National Dex Ubers\n|rule|HP Percentage Mod: HP is shown in percentages\n|rule|Endless Battle Clause: Forcing endless battles is banned\n|rule|OHKO Clause: OHKO moves are banned\n|rule|Evasion Moves Clause: Evasion moves are banned\n|rule|Evasion Items Clause: Evasion items are banned\n|rule|Species Clause: Limit one of each Pok\u00e9mon\n|rule|Sleep Clause Mod: Limit one foe put to sleep\n|rule|Mega Rayquaza Clause: You cannot mega evolve Rayquaza\n|clearpoke\n|poke|p1|Skeledirge, M|\n|poke|p1|Shuckle, M|\n|poke|p1|Swampert, M|\n|poke|p1|Regirock|\n|poke|p1|Sylveon, M|\n|poke|p1|Cloyster, M|\n|poke|p2|Dugtrio, F|\n|poke|p2|Gogoat, F|\n|poke|p2|Giratina-Origin|\n|poke|p2|Palkia|\n|poke|p2|Arceus-Ghost|\n|poke|p2|Magmortar, M|\n|teampreview\n|\n|t:|1700841810\n|start\n|switch|p1a: Shuckle|Shuckle, M|100\/100\n|switch|p2a: Gogoat|Gogoat, F, shiny|100\/100\n|turn|1\n|\n|t:|1700841818\n|move|p2a: Gogoat|Horn Leech|p1a: Shuckle\n|-damage|p1a: Shuckle|79\/100\n|move|p1a: Shuckle|Shell Smash|p1a: Shuckle\n|-boost|p1a: Shuckle|def|1\n|-boost|p1a: Shuckle|spd|1\n|-unboost|p1a: Shuckle|atk|2\n|-unboost|p1a: Shuckle|spa|2\n|-unboost|p1a: Shuckle|spe|2\n|\n|-heal|p1a: Shuckle|85\/100|[from] item: Leftovers\n|upkeep\n|turn|2\n|\n|t:|1700841830\n|move|p2a: Gogoat|Double-Edge|p1a: Shuckle\n|-resisted|p1a: Shuckle\n|-damage|p1a: Shuckle|78\/100\n|-damage|p2a: Gogoat|99\/100|[from] Recoil\n|move|p1a: Shuckle|Shell Smash|p1a: Shuckle\n|-boost|p1a: Shuckle|def|1\n|-boost|p1a: Shuckle|spd|1\n|-unboost|p1a: Shuckle|atk|2\n|-unboost|p1a: Shuckle|spa|2\n|-unboost|p1a: Shuckle|spe|2\n|\n|-heal|p2a: Gogoat|100\/100|[from] item: Leftovers\n|-heal|p1a: Shuckle|84\/100|[from] item: Leftovers\n|upkeep\n|turn|3\n|\n|t:|1700841843\n|move|p2a: Gogoat|Horn Leech|p1a: Shuckle\n|-damage|p1a: Shuckle|74\/100\n|move|p1a: Shuckle|Shell Smash|p1a: Shuckle\n|-boost|p1a: Shuckle|def|1\n|-boost|p1a: Shuckle|spd|1\n|-unboost|p1a: Shuckle|atk|2\n|-unboost|p1a: Shuckle|spa|2\n|-unboost|p1a: Shuckle|spe|2\n|\n|-heal|p1a: Shuckle|80\/100|[from] item: Leftovers\n|upkeep\n|turn|4\n|\n|t:|1700841854\n|move|p2a: Gogoat|Horn Leech|p1a: Shuckle\n|-damage|p1a: Shuckle|73\/100\n|move|p1a: Shuckle|Shell Smash|p1a: Shuckle\n|-boost|p1a: Shuckle|def|1\n|-boost|p1a: Shuckle|spd|1\n|-unboost|p1a: Shuckle|atk|0\n|-unboost|p1a: Shuckle|spa|0\n|-unboost|p1a: Shuckle|spe|0\n|\n|-heal|p1a: Shuckle|79\/100|[from] item: Leftovers\n|upkeep\n|turn|5\n|\n|t:|1700841865\n|move|p2a: Gogoat|Double-Edge|p1a: Shuckle\n|-resisted|p1a: Shuckle\n|-damage|p1a: Shuckle|75\/100\n|-damage|p2a: Gogoat|99\/100|[from] Recoil\n|move|p1a: Shuckle|Shell Smash|p1a: Shuckle\n|-boost|p1a: Shuckle|def|1\n|-boost|p1a: Shuckle|spd|1\n|-unboost|p1a: Shuckle|atk|0\n|-unboost|p1a: Shuckle|spa|0\n|-unboost|p1a: Shuckle|spe|0\n|\n|-heal|p2a: Gogoat|100\/100|[from] item: Leftovers\n|-heal|p1a: Shuckle|82\/100|[from] item: Leftovers\n|upkeep\n|turn|6\n|\n|t:|1700841884\n|switch|p2a: Dugtrio|Dugtrio, F, shiny|100\/100\n|move|p1a: Shuckle|Shell Smash|p1a: Shuckle\n|-boost|p1a: Shuckle|def|1\n|-boost|p1a: Shuckle|spd|1\n|-unboost|p1a: Shuckle|atk|0\n|-unboost|p1a: Shuckle|spa|0\n|-unboost|p1a: Shuckle|spe|0\n|\n|-heal|p1a: Shuckle|88\/100|[from] item: Leftovers\n|upkeep\n|turn|7\n|\n|t:|1700841896\n|move|p2a: Dugtrio|Attract|p1a: Shuckle\n|-start|p1a: Shuckle|Attract\n|-activate|p1a: Shuckle|move: Attract|[of] p2a: Dugtrio\n|move|p1a: Shuckle|Acid|p2a: Dugtrio\n|-resisted|p2a: Dugtrio\n|-crit|p2a: Dugtrio\n|-damage|p2a: Dugtrio|94\/100\n|-unboost|p2a: Dugtrio|spd|1\n|\n|-heal|p2a: Dugtrio|100\/100|[from] item: Leftovers\n|-heal|p1a: Shuckle|94\/100|[from] item: Leftovers\n|upkeep\n|turn|8\n|\n|t:|1700841919\n|move|p2a: Dugtrio|Earthquake|p1a: Shuckle\n|-damage|p1a: Shuckle|89\/100\n|-activate|p1a: Shuckle|move: Attract|[of] p2a: Dugtrio\n|move|p1a: Shuckle|Acid|p2a: Dugtrio\n|-resisted|p2a: Dugtrio\n|-damage|p2a: Dugtrio|99\/100\n|\n|-heal|p2a: Dugtrio|100\/100|[from] item: Leftovers\n|-heal|p1a: Shuckle|95\/100|[from] item: Leftovers\n|upkeep\n|turn|9\n|\n|t:|1700841936\n|move|p2a: Dugtrio|Earthquake|p1a: Shuckle\n|-damage|p1a: Shuckle|89\/100\n|-activate|p1a: Shuckle|move: Attract|[of] p2a: Dugtrio\n|move|p1a: Shuckle|Acid|p2a: Dugtrio\n|-resisted|p2a: Dugtrio\n|-damage|p2a: Dugtrio|99\/100\n|\n|-heal|p2a: Dugtrio|100\/100|[from] item: Leftovers\n|-heal|p1a: Shuckle|96\/100|[from] item: Leftovers\n|upkeep\n|turn|10\n|\n|t:|1700841947\n|move|p2a: Dugtrio|Attract||[still]\n|-fail|p2a: Dugtrio\n|-activate|p1a: Shuckle|move: Attract|[of] p2a: Dugtrio\n|cant|p1a: Shuckle|Attract\n|\n|-heal|p1a: Shuckle|100\/100|[from] item: Leftovers\n|upkeep\n|turn|11\n|\n|t:|1700841955\n|move|p2a: Dugtrio|Mud-Slap|p1a: Shuckle\n|-damage|p1a: Shuckle|99\/100\n|-boost|p1a: Shuckle|accuracy|1\n|-activate|p1a: Shuckle|move: Attract|[of] p2a: Dugtrio\n|cant|p1a: Shuckle|Attract\n|\n|-heal|p1a: Shuckle|100\/100|[from] item: Leftovers\n|upkeep\n|turn|12\n|\n|t:|1700841964\n|move|p2a: Dugtrio|Dig||[still]\n|-prepare|p2a: Dugtrio|Dig\n|-activate|p1a: Shuckle|move: Attract|[of] p2a: Dugtrio\n|cant|p1a: Shuckle|Attract\n|\n|upkeep\n|turn|13\n|\n|t:|1700841971\n|move|p2a: Dugtrio|Dig|p1a: Shuckle|[from]lockedmove\n|-damage|p1a: Shuckle|96\/100\n|-activate|p1a: Shuckle|move: Attract|[of] p2a: Dugtrio\n|move|p1a: Shuckle|Rest|p1a: Shuckle\n|-status|p1a: Shuckle|slp|[from] move: Rest\n|-heal|p1a: Shuckle|100\/100 slp|[silent]\n|\n|upkeep\n|turn|14\n|\n|t:|1700841982\n|move|p2a: Dugtrio|Earthquake|p1a: Shuckle\n|-damage|p1a: Shuckle|94\/100 slp\n|cant|p1a: Shuckle|slp\n|\n|-heal|p1a: Shuckle|100\/100 slp|[from] item: Leftovers\n|upkeep\n|turn|15\n|\n|t:|1700841990\n|move|p2a: Dugtrio|Mud-Slap|p1a: Shuckle\n|-damage|p1a: Shuckle|99\/100 slp\n|-boost|p1a: Shuckle|accuracy|1\n|cant|p1a: Shuckle|slp\n|\n|-heal|p1a: Shuckle|100\/100 slp|[from] item: Leftovers\n|upkeep\n|turn|16\n|\n|t:|1700842005\n|move|p2a: Dugtrio|Dig||[still]\n|-prepare|p2a: Dugtrio|Dig\n|-curestatus|p1a: Shuckle|slp|[msg]\n|-activate|p1a: Shuckle|move: Attract|[of] p2a: Dugtrio\n|cant|p1a: Shuckle|Attract\n|\n|upkeep\n|turn|17\n|\n|t:|1700842012\n|move|p2a: Dugtrio|Dig|p1a: Shuckle|[from]lockedmove\n|-damage|p1a: Shuckle|96\/100\n|-activate|p1a: Shuckle|move: Attract|[of] p2a: Dugtrio\n|move|p1a: Shuckle|Acid|p2a: Dugtrio\n|-resisted|p2a: Dugtrio\n|-damage|p2a: Dugtrio|99\/100\n|\n|-heal|p2a: Dugtrio|100\/100|[from] item: Leftovers\n|-heal|p1a: Shuckle|100\/100|[from] item: Leftovers\n|upkeep\n|turn|18\n|\n|t:|1700842029\n|move|p2a: Dugtrio|Earthquake|p1a: Shuckle\n|-damage|p1a: Shuckle|95\/100\n|-activate|p1a: Shuckle|move: Attract|[of] p2a: Dugtrio\n|cant|p1a: Shuckle|Attract\n|\n|-heal|p1a: Shuckle|100\/100|[from] item: Leftovers\n|upkeep\n|turn|19\n|\n|t:|1700842041\n|move|p2a: Dugtrio|Mud-Slap|p1a: Shuckle\n|-damage|p1a: Shuckle|99\/100\n|-boost|p1a: Shuckle|accuracy|1\n|-activate|p1a: Shuckle|move: Attract|[of] p2a: Dugtrio\n|move|p1a: Shuckle|Acid|p2a: Dugtrio\n|-resisted|p2a: Dugtrio\n|-damage|p2a: Dugtrio|99\/100\n|\n|-heal|p2a: Dugtrio|100\/100|[from] item: Leftovers\n|-heal|p1a: Shuckle|100\/100|[from] item: Leftovers\n|upkeep\n|turn|20\n|\n|t:|1700842056\n|move|p2a: Dugtrio|Dig||[still]\n|-prepare|p2a: Dugtrio|Dig\n|-activate|p1a: Shuckle|move: Attract|[of] p2a: Dugtrio\n|move|p1a: Shuckle|Acid|p2a: Dugtrio|[miss]\n|-miss|p1a: Shuckle|p2a: Dugtrio\n|\n|upkeep\n|turn|21\n|\n|t:|1700842063\n|move|p2a: Dugtrio|Dig|p1a: Shuckle|[from]lockedmove\n|-damage|p1a: Shuckle|96\/100\n|-activate|p1a: Shuckle|move: Attract|[of] p2a: Dugtrio\n|cant|p1a: Shuckle|Attract\n|\n|-heal|p1a: Shuckle|100\/100|[from] item: Leftovers\n|upkeep\n|turn|22\n|\n|t:|1700842075\n|move|p2a: Dugtrio|Earthquake|p1a: Shuckle\n|-damage|p1a: Shuckle|94\/100\n|-activate|p1a: Shuckle|move: Attract|[of] p2a: Dugtrio\n|move|p1a: Shuckle|Acid|p2a: Dugtrio\n|-resisted|p2a: Dugtrio\n|-damage|p2a: Dugtrio|99\/100\n|\n|-heal|p2a: Dugtrio|100\/100|[from] item: Leftovers\n|-heal|p1a: Shuckle|100\/100|[from] item: Leftovers\n|upkeep\n|turn|23\n|\n|t:|1700842086\n|-terastallize|p2a: Dugtrio|Ground\n|move|p2a: Dugtrio|Earthquake|p1a: Shuckle\n|-damage|p1a: Shuckle|93\/100\n|-activate|p1a: Shuckle|move: Attract|[of] p2a: Dugtrio\n|move|p1a: Shuckle|Acid|p2a: Dugtrio\n|-resisted|p2a: Dugtrio\n|-damage|p2a: Dugtrio|99\/100\n|\n|-heal|p2a: Dugtrio|100\/100|[from] item: Leftovers\n|-heal|p1a: Shuckle|99\/100|[from] item: Leftovers\n|upkeep\n|turn|24\n|\n|t:|1700842104\n|move|p2a: Dugtrio|Earthquake|p1a: Shuckle\n|-damage|p1a: Shuckle|92\/100\n|-activate|p1a: Shuckle|move: Attract|[of] p2a: Dugtrio\n|move|p1a: Shuckle|Acid|p2a: Dugtrio\n|-resisted|p2a: Dugtrio\n|-damage|p2a: Dugtrio|99\/100\n|-unboost|p2a: Dugtrio|spd|1\n|\n|-heal|p2a: Dugtrio|100\/100|[from] item: Leftovers\n|-heal|p1a: Shuckle|98\/100|[from] item: Leftovers\n|upkeep\n|turn|25\n|\n|t:|1700842121\n|move|p2a: Dugtrio|Earthquake|p1a: Shuckle\n|-damage|p1a: Shuckle|91\/100\n|-activate|p1a: Shuckle|move: Attract|[of] p2a: Dugtrio\n|cant|p1a: Shuckle|Attract\n|\n|-heal|p1a: Shuckle|97\/100|[from] item: Leftovers\n|upkeep\n|turn|26\n|\n|t:|1700842129\n|move|p2a: Dugtrio|Earthquake|p1a: Shuckle\n|-damage|p1a: Shuckle|89\/100\n|-activate|p1a: Shuckle|move: Attract|[of] p2a: Dugtrio\n|cant|p1a: Shuckle|Attract\n|\n|-heal|p1a: Shuckle|95\/100|[from] item: Leftovers\n|upkeep\n|turn|27\n|\n|t:|1700842144\n|move|p2a: Dugtrio|Earthquake|p1a: Shuckle\n|-damage|p1a: Shuckle|87\/100\n|-activate|p1a: Shuckle|move: Attract|[of] p2a: Dugtrio\n|cant|p1a: Shuckle|Attract\n|\n|-heal|p1a: Shuckle|94\/100|[from] item: Leftovers\n|upkeep\n|turn|28\n|\n|t:|1700842154\n|move|p2a: Dugtrio|Earthquake|p1a: Shuckle\n|-crit|p1a: Shuckle\n|-damage|p1a: Shuckle|50\/100\n|-activate|p1a: Shuckle|move: Attract|[of] p2a: Dugtrio\n|cant|p1a: Shuckle|Attract\n|\n|-heal|p1a: Shuckle|56\/100|[from] item: Leftovers\n|upkeep\n|turn|29\n|\n|t:|1700842163\n|move|p2a: Dugtrio|Earthquake|p1a: Shuckle\n|-damage|p1a: Shuckle|48\/100\n|-activate|p1a: Shuckle|move: Attract|[of] p2a: Dugtrio\n|move|p1a: Shuckle|Rest|p1a: Shuckle\n|-status|p1a: Shuckle|slp|[from] move: Rest\n|-heal|p1a: Shuckle|100\/100 slp|[silent]\n|\n|upkeep\n|turn|30\n|\n|t:|1700842172\n|move|p2a: Dugtrio|Dig||[still]\n|-prepare|p2a: Dugtrio|Dig\n|cant|p1a: Shuckle|slp\n|\n|upkeep\n|turn|31\n|\n|t:|1700842177\n|move|p2a: Dugtrio|Dig|p1a: Shuckle|[from]lockedmove\n|-damage|p1a: Shuckle|94\/100 slp\n|cant|p1a: Shuckle|slp\n|\n|-heal|p1a: Shuckle|99\/100 slp|[from] item: Leftovers\n|upkeep\n|turn|32\n|\n|t:|1700842184\n|move|p2a: Dugtrio|Earthquake|p1a: Shuckle\n|-damage|p1a: Shuckle|92\/100 slp\n|-curestatus|p1a: Shuckle|slp|[msg]\n|-activate|p1a: Shuckle|move: Attract|[of] p2a: Dugtrio\n|cant|p1a: Shuckle|Attract\n|\n|-heal|p1a: Shuckle|98\/100|[from] item: Leftovers\n|upkeep\n|turn|33\n|\n|t:|1700842212\n|move|p2a: Dugtrio|Earthquake|p1a: Shuckle\n|-damage|p1a: Shuckle|90\/100\n|-activate|p1a: Shuckle|move: Attract|[of] p2a: Dugtrio\n|cant|p1a: Shuckle|Attract\n|\n|-heal|p1a: Shuckle|96\/100|[from] item: Leftovers\n|upkeep\n|turn|34\n|\n|t:|1700842220\n|move|p2a: Dugtrio|Earthquake|p1a: Shuckle\n|-damage|p1a: Shuckle|88\/100\n|-activate|p1a: Shuckle|move: Attract|[of] p2a: Dugtrio\n|cant|p1a: Shuckle|Attract\n|\n|-heal|p1a: Shuckle|94\/100|[from] item: Leftovers\n|upkeep\n|turn|35\n|\n|t:|1700842228\n|move|p2a: Dugtrio|Earthquake|p1a: Shuckle\n|-damage|p1a: Shuckle|86\/100\n|-activate|p1a: Shuckle|move: Attract|[of] p2a: Dugtrio\n|cant|p1a: Shuckle|Attract\n|\n|-heal|p1a: Shuckle|92\/100|[from] item: Leftovers\n|upkeep\n|turn|36\n|\n|t:|1700842236\n|move|p2a: Dugtrio|Dig||[still]\n|-prepare|p2a: Dugtrio|Dig\n|-activate|p1a: Shuckle|move: Attract|[of] p2a: Dugtrio\n|cant|p1a: Shuckle|Attract\n|\n|-heal|p1a: Shuckle|98\/100|[from] item: Leftovers\n|upkeep\n|turn|37\n|\n|t:|1700842243\n|move|p2a: Dugtrio|Dig|p1a: Shuckle|[from]lockedmove\n|-damage|p1a: Shuckle|92\/100\n|-activate|p1a: Shuckle|move: Attract|[of] p2a: Dugtrio\n|cant|p1a: Shuckle|Attract\n|\n|-heal|p1a: Shuckle|98\/100|[from] item: Leftovers\n|upkeep\n|turn|38\n|\n|t:|1700842252\n|move|p2a: Dugtrio|Mud-Slap|p1a: Shuckle\n|-damage|p1a: Shuckle|95\/100\n|-boost|p1a: Shuckle|accuracy|1\n|-activate|p1a: Shuckle|move: Attract|[of] p2a: Dugtrio\n|cant|p1a: Shuckle|Attract\n|\n|-heal|p1a: Shuckle|100\/100|[from] item: Leftovers\n|upkeep\n|turn|39\n|\n|t:|1700842275\n|move|p2a: Dugtrio|Attract||[still]\n|-fail|p2a: Dugtrio\n|-activate|p1a: Shuckle|move: Attract|[of] p2a: Dugtrio\n|cant|p1a: Shuckle|Attract\n|\n|upkeep\n|turn|40\n|\n|t:|1700842284\n|move|p2a: Dugtrio|Dig||[still]\n|-prepare|p2a: Dugtrio|Dig\n|-activate|p1a: Shuckle|move: Attract|[of] p2a: Dugtrio\n|move|p1a: Shuckle|Power Split|p2a: Dugtrio|[miss]\n|-miss|p1a: Shuckle|p2a: Dugtrio\n|\n|upkeep\n|turn|41\n|\n|t:|1700842290\n|move|p2a: Dugtrio|Dig|p1a: Shuckle|[from]lockedmove\n|-damage|p1a: Shuckle|94\/100\n|-activate|p1a: Shuckle|move: Attract|[of] p2a: Dugtrio\n|move|p1a: Shuckle|Power Split|p2a: Dugtrio\n|-activate|p1a: Shuckle|move: Power Split|[of] p2a: Dugtrio\n|\n|-heal|p1a: Shuckle|99\/100|[from] item: Leftovers\n|upkeep\n|turn|42\n|\n|t:|1700842302\n|move|p2a: Dugtrio|Mud-Slap|p1a: Shuckle\n|-damage|p1a: Shuckle|97\/100\n|-boost|p1a: Shuckle|accuracy|1\n|-activate|p1a: Shuckle|move: Attract|[of] p2a: Dugtrio\n|move|p1a: Shuckle|Acid|p2a: Dugtrio\n|-resisted|p2a: Dugtrio\n|-damage|p2a: Dugtrio|98\/100\n|\n|-heal|p2a: Dugtrio|100\/100|[from] item: Leftovers\n|-heal|p1a: Shuckle|100\/100|[from] item: Leftovers\n|upkeep\n|turn|43\n|\n|t:|1700842317\n|switch|p2a: Arceus|Arceus-Ghost, shiny|100\/100\n|-end|p1a: Shuckle|Attract|[silent]\n|move|p1a: Shuckle|Power Split|p2a: Arceus\n|-activate|p1a: Shuckle|move: Power Split|[of] p2a: Arceus\n|\n|upkeep\n|turn|44\n|\n|t:|1700842327\n|move|p2a: Arceus|Calm Mind|p2a: Arceus\n|-boost|p2a: Arceus|spa|1\n|-boost|p2a: Arceus|spd|1\n|move|p1a: Shuckle|Acid|p2a: Arceus\n|-resisted|p2a: Arceus\n|-damage|p2a: Arceus|99\/100\n|\n|upkeep\n|turn|45\n|\n|t:|1700842334\n|move|p2a: Arceus|Calm Mind|p2a: Arceus\n|-boost|p2a: Arceus|spa|1\n|-boost|p2a: Arceus|spd|1\n|move|p1a: Shuckle|Acid|p2a: Arceus\n|-resisted|p2a: Arceus\n|-damage|p2a: Arceus|99\/100\n|\n|upkeep\n|turn|46\n|\n|t:|1700842341\n|move|p2a: Arceus|Calm Mind|p2a: Arceus\n|-boost|p2a: Arceus|spa|1\n|-boost|p2a: Arceus|spd|1\n|move|p1a: Shuckle|Acid|p2a: Arceus\n|-resisted|p2a: Arceus\n|-damage|p2a: Arceus|99\/100\n|\n|upkeep\n|turn|47\n|\n|t:|1700842348\n|move|p2a: Arceus|Calm Mind|p2a: Arceus\n|-boost|p2a: Arceus|spa|1\n|-boost|p2a: Arceus|spd|1\n|move|p1a: Shuckle|Acid|p2a: Arceus\n|-resisted|p2a: Arceus\n|-damage|p2a: Arceus|99\/100\n|\n|upkeep\n|turn|48\n|\n|t:|1700842356\n|move|p2a: Arceus|Calm Mind|p2a: Arceus\n|-boost|p2a: Arceus|spa|1\n|-boost|p2a: Arceus|spd|1\n|move|p1a: Shuckle|Acid|p2a: Arceus\n|-resisted|p2a: Arceus\n|-damage|p2a: Arceus|99\/100\n|\n|upkeep\n|turn|49\n|\n|t:|1700842367\n|move|p2a: Arceus|Calm Mind|p2a: Arceus\n|-boost|p2a: Arceus|spa|1\n|-boost|p2a: Arceus|spd|1\n|move|p1a: Shuckle|Acid|p2a: Arceus\n|-resisted|p2a: Arceus\n|-damage|p2a: Arceus|99\/100\n|\n|upkeep\n|turn|50\n|\n|t:|1700842379\n|move|p2a: Arceus|Blizzard|p1a: Shuckle\n|-damage|p1a: Shuckle|86\/100\n|move|p1a: Shuckle|Acid|p2a: Arceus\n|-resisted|p2a: Arceus\n|-damage|p2a: Arceus|98\/100\n|\n|-heal|p1a: Shuckle|92\/100|[from] item: Leftovers\n|upkeep\n|turn|51\n|\n|t:|1700842391\n|move|p2a: Arceus|Air Slash|p1a: Shuckle\n|-damage|p1a: Shuckle|81\/100\n|move|p1a: Shuckle|Acid|p2a: Arceus\n|-resisted|p2a: Arceus\n|-damage|p2a: Arceus|98\/100\n|\n|-heal|p1a: Shuckle|87\/100|[from] item: Leftovers\n|upkeep\n|turn|52\n|\n|t:|1700842400\n|move|p2a: Arceus|Blizzard|p1a: Shuckle\n|-damage|p1a: Shuckle|70\/100\n|move|p1a: Shuckle|Acid|p2a: Arceus\n|-resisted|p2a: Arceus\n|-damage|p2a: Arceus|98\/100\n|\n|-heal|p1a: Shuckle|76\/100|[from] item: Leftovers\n|upkeep\n|turn|53\n|\n|t:|1700842413\n|move|p2a: Arceus|Blizzard|p1a: Shuckle|[miss]\n|-miss|p2a: Arceus|p1a: Shuckle\n|move|p1a: Shuckle|Power Split|p2a: Arceus\n|-activate|p1a: Shuckle|move: Power Split|[of] p2a: Arceus\n|\n|-heal|p1a: Shuckle|82\/100|[from] item: Leftovers\n|upkeep\n|turn|54\n|\n|t:|1700842422\n|move|p2a: Arceus|Blizzard|p1a: Shuckle\n|-damage|p1a: Shuckle|66\/100\n|move|p1a: Shuckle|Acid|p2a: Arceus\n|-resisted|p2a: Arceus\n|-damage|p2a: Arceus|98\/100\n|\n|-heal|p1a: Shuckle|72\/100|[from] item: Leftovers\n|upkeep\n|turn|55\n|\n|t:|1700842431\n|move|p2a: Arceus|Air Slash|p1a: Shuckle\n|-damage|p1a: Shuckle|61\/100\n|cant|p1a: Shuckle|flinch\n|\n|-heal|p1a: Shuckle|67\/100|[from] item: Leftovers\n|upkeep\n|turn|56\n|\n|t:|1700842438\n|move|p2a: Arceus|Blizzard|p1a: Shuckle|[miss]\n|-miss|p2a: Arceus|p1a: Shuckle\n|move|p1a: Shuckle|Acid|p2a: Arceus\n|-resisted|p2a: Arceus\n|-damage|p2a: Arceus|97\/100\n|\n|-heal|p1a: Shuckle|73\/100|[from] item: Leftovers\n|upkeep\n|turn|57\n|\n|t:|1700842447\n|move|p2a: Arceus|Air Slash|p1a: Shuckle|[miss]\n|-miss|p2a: Arceus|p1a: Shuckle\n|move|p1a: Shuckle|Acid|p2a: Arceus\n|-resisted|p2a: Arceus\n|-damage|p2a: Arceus|97\/100\n|\n|-heal|p1a: Shuckle|79\/100|[from] item: Leftovers\n|upkeep\n|turn|58\n|\n|t:|1700842455\n|move|p2a: Arceus|Air Slash|p1a: Shuckle\n|-damage|p1a: Shuckle|68\/100\n|move|p1a: Shuckle|Acid|p2a: Arceus\n|-resisted|p2a: Arceus\n|-damage|p2a: Arceus|97\/100\n|\n|-heal|p1a: Shuckle|74\/100|[from] item: Leftovers\n|upkeep\n|turn|59\n|\n|t:|1700842463\n|move|p2a: Arceus|Air Slash|p1a: Shuckle\n|-damage|p1a: Shuckle|64\/100\n|move|p1a: Shuckle|Acid|p2a: Arceus\n|-resisted|p2a: Arceus\n|-damage|p2a: Arceus|97\/100\n|\n|-heal|p1a: Shuckle|70\/100|[from] item: Leftovers\n|upkeep\n|turn|60\n|\n|t:|1700842471\n|move|p2a: Arceus|Air Slash|p1a: Shuckle\n|-damage|p1a: Shuckle|60\/100\n|move|p1a: Shuckle|Acid|p2a: Arceus\n|-resisted|p2a: Arceus\n|-damage|p2a: Arceus|96\/100\n|\n|-heal|p1a: Shuckle|66\/100|[from] item: Leftovers\n|upkeep\n|turn|61\n|\n|t:|1700842482\n|move|p2a: Arceus|Air Slash|p1a: Shuckle\n|-damage|p1a: Shuckle|55\/100\n|move|p1a: Shuckle|Acid|p2a: Arceus\n|-resisted|p2a: Arceus\n|-damage|p2a: Arceus|96\/100\n|\n|-heal|p1a: Shuckle|62\/100|[from] item: Leftovers\n|upkeep\n|turn|62\n|\n|t:|1700842491\n|move|p2a: Arceus|Blizzard|p1a: Shuckle\n|-damage|p1a: Shuckle|46\/100\n|move|p1a: Shuckle|Acid|p2a: Arceus\n|-resisted|p2a: Arceus\n|-damage|p2a: Arceus|96\/100\n|\n|-heal|p1a: Shuckle|52\/100|[from] item: Leftovers\n|upkeep\n|turn|63\n|\n|t:|1700842500\n|move|p2a: Arceus|Air Slash|p1a: Shuckle\n|-damage|p1a: Shuckle|41\/100\n|move|p1a: Shuckle|Shell Smash|p1a: Shuckle\n|-boost|p1a: Shuckle|def|0\n|-boost|p1a: Shuckle|spd|0\n|-unboost|p1a: Shuckle|atk|0\n|-unboost|p1a: Shuckle|spa|0\n|-unboost|p1a: Shuckle|spe|0\n|\n|-heal|p1a: Shuckle|47\/100|[from] item: Leftovers\n|upkeep\n|turn|64\n|\n|t:|1700842510\n|move|p2a: Arceus|Blizzard|p1a: Shuckle\n|-damage|p1a: Shuckle|32\/100\n|move|p1a: Shuckle|Rest|p1a: Shuckle\n|-status|p1a: Shuckle|slp|[from] move: Rest\n|-heal|p1a: Shuckle|100\/100 slp|[silent]\n|\n|upkeep\n|turn|65\n|\n|t:|1700842520\n|move|p2a: Arceus|Air Slash|p1a: Shuckle\n|-damage|p1a: Shuckle|90\/100 slp\n|cant|p1a: Shuckle|slp\n|\n|-heal|p1a: Shuckle|96\/100 slp|[from] item: Leftovers\n|upkeep\n|turn|66\n|\n|t:|1700842528\n|move|p2a: Arceus|Blizzard|p1a: Shuckle\n|-damage|p1a: Shuckle|80\/100 slp\n|cant|p1a: Shuckle|slp\n|\n|-heal|p1a: Shuckle|86\/100 slp|[from] item: Leftovers\n|upkeep\n|turn|67\n|\n|t:|1700842535\n|move|p2a: Arceus|Air Slash|p1a: Shuckle\n|-damage|p1a: Shuckle|74\/100 slp\n|-curestatus|p1a: Shuckle|slp|[msg]\n|move|p1a: Shuckle|Acid|p2a: Arceus\n|-resisted|p2a: Arceus\n|-damage|p2a: Arceus|96\/100\n|\n|-heal|p1a: Shuckle|80\/100|[from] item: Leftovers\n|upkeep\n|turn|68\n|\n|t:|1700842554\n|move|p2a: Arceus|Air Slash|p1a: Shuckle|[miss]\n|-miss|p2a: Arceus|p1a: Shuckle\n|move|p1a: Shuckle|Acid|p2a: Arceus\n|-resisted|p2a: Arceus\n|-damage|p2a: Arceus|95\/100\n|\n|-heal|p1a: Shuckle|87\/100|[from] item: Leftovers\n|upkeep\n|turn|69\n|\n|t:|1700842563\n|move|p2a: Arceus|Air Slash|p1a: Shuckle\n|-damage|p1a: Shuckle|75\/100\n|cant|p1a: Shuckle|flinch\n|\n|-heal|p1a: Shuckle|82\/100|[from] item: Leftovers\n|upkeep\n|turn|70\n|\n|t:|1700842574\n|move|p2a: Arceus|Tera Blast|p1a: Shuckle\n|-resisted|p1a: Shuckle\n|-damage|p1a: Shuckle|76\/100\n|move|p1a: Shuckle|Acid|p2a: Arceus\n|-resisted|p2a: Arceus\n|-damage|p2a: Arceus|95\/100\n|-unboost|p2a: Arceus|spd|1\n|\n|-heal|p1a: Shuckle|82\/100|[from] item: Leftovers\n|upkeep\n|turn|71\n|\n|t:|1700842584\n|move|p2a: Arceus|Air Slash|p1a: Shuckle\n|-damage|p1a: Shuckle|71\/100\n|move|p1a: Shuckle|Acid|p2a: Arceus\n|-resisted|p2a: Arceus\n|-damage|p2a: Arceus|95\/100\n|\n|-heal|p1a: Shuckle|77\/100|[from] item: Leftovers\n|upkeep\n|turn|72\n|\n|t:|1700842594\n|move|p2a: Arceus|Air Slash|p1a: Shuckle\n|-damage|p1a: Shuckle|67\/100\n|move|p1a: Shuckle|Acid|p2a: Arceus\n|-resisted|p2a: Arceus\n|-damage|p2a: Arceus|95\/100\n|\n|-heal|p1a: Shuckle|73\/100|[from] item: Leftovers\n|upkeep\n|turn|73\n|\n|t:|1700842603\n|move|p2a: Arceus|Air Slash|p1a: Shuckle\n|-damage|p1a: Shuckle|62\/100\n|move|p1a: Shuckle|Acid|p2a: Arceus\n|-resisted|p2a: Arceus\n|-damage|p2a: Arceus|94\/100\n|\n|-heal|p1a: Shuckle|68\/100|[from] item: Leftovers\n|upkeep\n|turn|74\n|\n|t:|1700842612\n|move|p2a: Arceus|Air Slash|p1a: Shuckle\n|-damage|p1a: Shuckle|58\/100\n|cant|p1a: Shuckle|flinch\n|\n|-heal|p1a: Shuckle|64\/100|[from] item: Leftovers\n|upkeep\n|turn|75\n|\n|t:|1700842620\n|move|p2a: Arceus|Air Slash|p1a: Shuckle\n|-damage|p1a: Shuckle|53\/100\n|cant|p1a: Shuckle|flinch\n|\n|-heal|p1a: Shuckle|60\/100|[from] item: Leftovers\n|upkeep\n|turn|76\n|\n|t:|1700842627\n|move|p2a: Arceus|Air Slash|p1a: Shuckle\n|-damage|p1a: Shuckle|49\/100\n|move|p1a: Shuckle|Acid|p2a: Arceus\n|-resisted|p2a: Arceus\n|-damage|p2a: Arceus|94\/100\n|\n|-heal|p1a: Shuckle|55\/100|[from] item: Leftovers\n|upkeep\n|turn|77\n|\n|t:|1700842635\n|move|p2a: Arceus|Air Slash|p1a: Shuckle\n|-damage|p1a: Shuckle|44\/100\n|move|p1a: Shuckle|Rest|p1a: Shuckle\n|-status|p1a: Shuckle|slp|[from] move: Rest\n|-heal|p1a: Shuckle|100\/100 slp|[silent]\n|\n|upkeep\n|turn|78\n|\n|t:|1700842644\n|move|p2a: Arceus|Air Slash|p1a: Shuckle\n|-damage|p1a: Shuckle|89\/100 slp\n|cant|p1a: Shuckle|slp\n|\n|-heal|p1a: Shuckle|95\/100 slp|[from] item: Leftovers\n|upkeep\n|turn|79\n|\n|t:|1700842657\n|move|p2a: Arceus|Air Slash|p1a: Shuckle\n|-damage|p1a: Shuckle|85\/100 slp\n|cant|p1a: Shuckle|slp\n|\n|-heal|p1a: Shuckle|91\/100 slp|[from] item: Leftovers\n|upkeep\n|turn|80\n|\n|t:|1700842666\n|move|p2a: Arceus|Air Slash|p1a: Shuckle\n|-damage|p1a: Shuckle|81\/100 slp\n|-curestatus|p1a: Shuckle|slp|[msg]\n|move|p1a: Shuckle|Acid|p2a: Arceus\n|-resisted|p2a: Arceus\n|-damage|p2a: Arceus|94\/100\n|\n|-heal|p1a: Shuckle|87\/100|[from] item: Leftovers\n|upkeep\n|turn|81\n|\n|t:|1700842677\n|move|p2a: Arceus|Air Slash|p1a: Shuckle\n|-damage|p1a: Shuckle|77\/100\n|cant|p1a: Shuckle|flinch\n|\n|-heal|p1a: Shuckle|83\/100|[from] item: Leftovers\n|upkeep\n|turn|82\n|\n|t:|1700842684\n|move|p2a: Arceus|Air Slash|p1a: Shuckle\n|-damage|p1a: Shuckle|71\/100\n|move|p1a: Shuckle|Acid|p2a: Arceus\n|-resisted|p2a: Arceus\n|-damage|p2a: Arceus|94\/100\n|\n|-heal|p1a: Shuckle|77\/100|[from] item: Leftovers\n|upkeep\n|turn|83\n|\n|t:|1700842694\n|move|p2a: Arceus|Tera Blast|p1a: Shuckle\n|-resisted|p1a: Shuckle\n|-damage|p1a: Shuckle|72\/100\n|move|p1a: Shuckle|Acid|p2a: Arceus\n|-resisted|p2a: Arceus\n|-damage|p2a: Arceus|93\/100\n|\n|-heal|p1a: Shuckle|78\/100|[from] item: Leftovers\n|upkeep\n|turn|84\n|\n|t:|1700842705\n|switch|p2a: Giratina|Giratina-Origin, shiny|100\/100\n|move|p1a: Shuckle|Acid|p2a: Giratina\n|-resisted|p2a: Giratina\n|-damage|p2a: Giratina|99\/100\n|\n|-heal|p1a: Shuckle|84\/100|[from] item: Leftovers\n|upkeep\n|turn|85\n|\n|t:|1700842717\n|move|p2a: Giratina|Shadow Force||[still]\n|-prepare|p2a: Giratina|Shadow Force\n|move|p1a: Shuckle|Acid|p2a: Giratina|[miss]\n|-miss|p1a: Shuckle|p2a: Giratina\n|\n|-heal|p1a: Shuckle|90\/100|[from] item: Leftovers\n|upkeep\n|turn|86\n|\n|t:|1700842725\n|move|p2a: Giratina|Shadow Force|p1a: Shuckle|[from]lockedmove\n|-crit|p1a: Shuckle\n|-damage|p1a: Shuckle|28\/100\n|move|p1a: Shuckle|Acid|p2a: Giratina\n|-resisted|p2a: Giratina\n|-damage|p2a: Giratina|99\/100\n|\n|-heal|p1a: Shuckle|35\/100|[from] item: Leftovers\n|upkeep\n|turn|87\n|\n|t:|1700842735\n|move|p2a: Giratina|Shadow Force||[still]\n|-prepare|p2a: Giratina|Shadow Force\n|move|p1a: Shuckle|Rest|p1a: Shuckle\n|-status|p1a: Shuckle|slp|[from] move: Rest\n|-heal|p1a: Shuckle|100\/100 slp|[silent]\n|\n|upkeep\n|turn|88\n|\n|t:|1700842742\n|move|p2a: Giratina|Shadow Force|p1a: Shuckle|[from]lockedmove\n|-damage|p1a: Shuckle|90\/100 slp\n|cant|p1a: Shuckle|slp\n|\n|-heal|p1a: Shuckle|96\/100 slp|[from] item: Leftovers\n|upkeep\n|turn|89\n|\n|t:|1700842751\n|move|p2a: Giratina|Earthquake|p1a: Shuckle\n|-damage|p1a: Shuckle|91\/100 slp\n|cant|p1a: Shuckle|slp\n|\n|-heal|p1a: Shuckle|97\/100 slp|[from] item: Leftovers\n|upkeep\n|turn|90\n|\n|t:|1700842759\n|move|p2a: Giratina|Will-O-Wisp||[still]\n|-fail|p2a: Giratina\n|-curestatus|p1a: Shuckle|slp|[msg]\n|move|p1a: Shuckle|Acid|p2a: Giratina\n|-resisted|p2a: Giratina\n|-damage|p2a: Giratina|98\/100\n|\n|-heal|p1a: Shuckle|100\/100|[from] item: Leftovers\n|upkeep\n|turn|91\n|\n|t:|1700842768\n|move|p2a: Giratina|Shadow Force||[still]\n|-prepare|p2a: Giratina|Shadow Force\n|move|p1a: Shuckle|Acid|p2a: Giratina|[miss]\n|-miss|p1a: Shuckle|p2a: Giratina\n|\n|upkeep\n|turn|92\n|\n|t:|1700842777\n|move|p2a: Giratina|Shadow Force|p1a: Shuckle|[from]lockedmove\n|-damage|p1a: Shuckle|89\/100\n|move|p1a: Shuckle|Acid|p2a: Giratina\n|-resisted|p2a: Giratina\n|-damage|p2a: Giratina|98\/100\n|\n|-heal|p1a: Shuckle|95\/100|[from] item: Leftovers\n|upkeep\n|turn|93\n|\n|t:|1700842791\n|move|p2a: Giratina|Earthquake|p1a: Shuckle\n|-damage|p1a: Shuckle|89\/100\n|move|p1a: Shuckle|Power Split|p2a: Giratina\n|-activate|p1a: Shuckle|move: Power Split|[of] p2a: Giratina\n|\n|-heal|p1a: Shuckle|96\/100|[from] item: Leftovers\n|upkeep\n|turn|94\n|\n|t:|1700842805\n|move|p2a: Giratina|Earthquake|p1a: Shuckle\n|-damage|p1a: Shuckle|91\/100\n|move|p1a: Shuckle|Acid|p2a: Giratina\n|-resisted|p2a: Giratina\n|-damage|p2a: Giratina|97\/100\n|\n|-heal|p1a: Shuckle|98\/100|[from] item: Leftovers\n|upkeep\n|turn|95\n|\n|t:|1700842815\n|switch|p2a: Palkia|Palkia, shiny|100\/100\n|-ability|p2a: Palkia|Pressure\n|move|p1a: Shuckle|Acid|p2a: Palkia\n|-crit|p2a: Palkia\n|-damage|p2a: Palkia|90\/100\n|\n|-heal|p1a: Shuckle|100\/100|[from] item: Leftovers\n|upkeep\n|turn|96\n|\n|t:|1700842829\n|move|p2a: Palkia|Bulk Up|p2a: Palkia\n|-boost|p2a: Palkia|atk|1\n|-boost|p2a: Palkia|def|1\n|move|p1a: Shuckle|Power Split|p2a: Palkia\n|-activate|p1a: Shuckle|move: Power Split|[of] p2a: Palkia\n|\n|upkeep\n|turn|97\n|\n|t:|1700842835\n|move|p2a: Palkia|Bulk Up|p2a: Palkia\n|-boost|p2a: Palkia|atk|1\n|-boost|p2a: Palkia|def|1\n|move|p1a: Shuckle|Acid|p2a: Palkia\n|-damage|p2a: Palkia|88\/100\n|\n|upkeep\n|turn|98\n|\n|t:|1700842849\n|switch|p1a: Sylveon|Sylveon, M|100\/100\n|move|p2a: Palkia|Bulk Up|p2a: Palkia\n|-boost|p2a: Palkia|atk|1\n|-boost|p2a: Palkia|def|1\n|\n|upkeep\n|turn|99\n|\n|t:|1700842856\n|move|p2a: Palkia|Brick Break|p1a: Sylveon\n|-resisted|p1a: Sylveon\n|-damage|p1a: Sylveon|56\/100\n|move|p1a: Sylveon|Hyper Voice|p2a: Palkia\n|-supereffective|p2a: Palkia\n|-damage|p2a: Palkia|0 fnt\n|faint|p2a: Palkia\n|\n|-heal|p1a: Sylveon|62\/100|[from] item: Leftovers\n|upkeep\n|\n|t:|1700842867\n|switch|p2a: Arceus|Arceus-Ghost, shiny|93\/100\n|turn|100\n|\n|t:|1700842879\n|switch|p2a: Giratina|Giratina-Origin, shiny|97\/100\n|move|p1a: Sylveon|Wish|p1a: Sylveon\n|\n|-heal|p1a: Sylveon|68\/100|[from] item: Leftovers\n|upkeep\n|turn|101\n|\n|t:|1700842886\n|move|p2a: Giratina|Shadow Force||[still]\n|-prepare|p2a: Giratina|Shadow Force\n|move|p1a: Sylveon|Hyper Voice|p2a: Giratina|[miss]\n|-miss|p1a: Sylveon|p2a: Giratina\n|\n|-heal|p1a: Sylveon|100\/100|[from] move: Wish|[wisher] Sylveon\n|upkeep\n|turn|102\n|\n|t:|1700842894\n|move|p2a: Giratina|Shadow Force|p1a: Sylveon|[from]lockedmove\n|-damage|p1a: Sylveon|0 fnt\n|faint|p1a: Sylveon\n|\n|upkeep\n|\n|t:|1700842902\n|switch|p1a: Cloyster|Cloyster, M|100\/100\n|turn|103\n|\n|t:|1700842905\n|move|p2a: Giratina|Shadow Force||[still]\n|-prepare|p2a: Giratina|Shadow Force\n|move|p1a: Cloyster|Iron Defense|p1a: Cloyster\n|-boost|p1a: Cloyster|def|2\n|\n|upkeep\n|turn|104\n|\n|t:|1700842911\n|move|p2a: Giratina|Shadow Force|p1a: Cloyster|[from]lockedmove\n|-damage|p1a: Cloyster|78\/100\n|move|p1a: Cloyster|Iron Defense|p1a: Cloyster\n|-boost|p1a: Cloyster|def|2\n|\n|upkeep\n|turn|105\n|\n|t:|1700842920\n|move|p2a: Giratina|Earthquake|p1a: Cloyster\n|-damage|p1a: Cloyster|71\/100\n|move|p1a: Cloyster|Iron Defense|p1a: Cloyster\n|-boost|p1a: Cloyster|def|2\n|\n|upkeep\n|turn|106\n|\n|t:|1700842928\n|switch|p2a: Magmortar|Magmortar, M, shiny|100\/100\n|move|p1a: Cloyster|Reflect|p1a: Cloyster\n|-sidestart|p1: KingCow5228|Reflect\n|\n|upkeep\n|turn|107\n|\n|t:|1700842934\n|move|p2a: Magmortar|Metronome|p2a: Magmortar\n|move|p2a: Magmortar|Crabhammer|p1a: Cloyster|[from]move: Metronome\n|-resisted|p1a: Cloyster\n|-damage|p1a: Cloyster|70\/100\n|move|p1a: Cloyster|Rapid Spin|p2a: Magmortar\n|-damage|p2a: Magmortar|91\/100\n|-boost|p1a: Cloyster|spe|1\n|\n|upkeep\n|turn|108\n|\n|t:|1700842945\n|move|p1a: Cloyster|Rapid Spin|p2a: Magmortar\n|-damage|p2a: Magmortar|80\/100\n|-boost|p1a: Cloyster|spe|1\n|-status|p1a: Cloyster|brn|[from] ability: Flame Body|[of] p2a: Magmortar\n|move|p2a: Magmortar|Flare Blitz|p1a: Cloyster\n|-damage|p1a: Cloyster|66\/100 brn\n|-damage|p2a: Magmortar|79\/100|[from] Recoil\n|\n|-damage|p1a: Cloyster|60\/100 brn|[from] brn\n|upkeep\n|turn|109\n|\n|t:|1700842963\n|move|p1a: Cloyster|Rapid Spin|p2a: Magmortar\n|-damage|p2a: Magmortar|74\/100\n|-boost|p1a: Cloyster|spe|1\n|move|p2a: Magmortar|Metronome|p2a: Magmortar\n|move|p2a: Magmortar|Feather Dance|p1a: Cloyster|[from]move: Metronome\n|-unboost|p1a: Cloyster|atk|2\n|\n|-damage|p1a: Cloyster|54\/100 brn|[from] brn\n|upkeep\n|turn|110\n|\n|t:|1700842973\n|move|p1a: Cloyster|Icicle Spear|p2a: Magmortar\n|-resisted|p2a: Magmortar\n|-crit|p2a: Magmortar\n|-damage|p2a: Magmortar|71\/100\n|-resisted|p2a: Magmortar\n|-damage|p2a: Magmortar|71\/100\n|-resisted|p2a: Magmortar\n|-damage|p2a: Magmortar|70\/100\n|-resisted|p2a: Magmortar\n|-damage|p2a: Magmortar|69\/100\n|-resisted|p2a: Magmortar\n|-damage|p2a: Magmortar|68\/100\n|-hitcount|p2a: Magmortar|5\n|cant|p2a: Magmortar|flinch\n|\n|-damage|p1a: Cloyster|48\/100 brn|[from] brn\n|-sideend|p1: KingCow5228|Reflect\n|upkeep\n|turn|111\n|\n|t:|1700842991\n|move|p1a: Cloyster|Icicle Spear|p2a: Magmortar\n|-resisted|p2a: Magmortar\n|-damage|p2a: Magmortar|67\/100\n|-resisted|p2a: Magmortar\n|-damage|p2a: Magmortar|66\/100\n|-resisted|p2a: Magmortar\n|-damage|p2a: Magmortar|65\/100\n|-resisted|p2a: Magmortar\n|-damage|p2a: Magmortar|65\/100\n|-resisted|p2a: Magmortar\n|-damage|p2a: Magmortar|64\/100\n|-hitcount|p2a: Magmortar|5\n|move|p2a: Magmortar|Flare Blitz|p1a: Cloyster\n|-damage|p1a: Cloyster|41\/100 brn\n|-damage|p2a: Magmortar|62\/100|[from] Recoil\n|\n|-damage|p1a: Cloyster|35\/100 brn|[from] brn\n|upkeep\n|turn|112\n|\n|t:|1700843007\n|-terastallize|p1a: Cloyster|Water\n|move|p1a: Cloyster|Icicle Spear|p2a: Magmortar\n|-resisted|p2a: Magmortar\n|-damage|p2a: Magmortar|61\/100\n|-resisted|p2a: Magmortar\n|-damage|p2a: Magmortar|60\/100\n|-resisted|p2a: Magmortar\n|-damage|p2a: Magmortar|59\/100\n|-resisted|p2a: Magmortar\n|-damage|p2a: Magmortar|58\/100\n|-resisted|p2a: Magmortar\n|-damage|p2a: Magmortar|57\/100\n|-hitcount|p2a: Magmortar|5\n|cant|p2a: Magmortar|flinch\n|\n|-damage|p1a: Cloyster|29\/100 brn|[from] brn\n|upkeep\n|turn|113\n|\n|t:|1700843025\n|switch|p2a: Gogoat|Gogoat, F, shiny|100\/100\n|move|p1a: Cloyster|Icicle Spear|p2a: Gogoat\n|-supereffective|p2a: Gogoat\n|-damage|p2a: Gogoat|96\/100\n|-supereffective|p2a: Gogoat\n|-crit|p2a: Gogoat\n|-damage|p2a: Gogoat|84\/100\n|-supereffective|p2a: Gogoat\n|-damage|p2a: Gogoat|79\/100\n|-supereffective|p2a: Gogoat\n|-damage|p2a: Gogoat|75\/100\n|-supereffective|p2a: Gogoat\n|-damage|p2a: Gogoat|71\/100\n|-hitcount|p2a: Gogoat|5\n|\n|-heal|p2a: Gogoat|77\/100|[from] item: Leftovers\n|-damage|p1a: Cloyster|23\/100 brn|[from] brn\n|upkeep\n|turn|114\n|\n|t:|1700843059\n|move|p1a: Cloyster|Icicle Spear|p2a: Gogoat\n|-supereffective|p2a: Gogoat\n|-damage|p2a: Gogoat|73\/100\n|-supereffective|p2a: Gogoat\n|-damage|p2a: Gogoat|69\/100\n|-supereffective|p2a: Gogoat\n|-damage|p2a: Gogoat|64\/100\n|-supereffective|p2a: Gogoat\n|-damage|p2a: Gogoat|60\/100\n|-supereffective|p2a: Gogoat\n|-damage|p2a: Gogoat|55\/100\n|-hitcount|p2a: Gogoat|5\n|cant|p2a: Gogoat|flinch\n|\n|-heal|p2a: Gogoat|61\/100|[from] item: Leftovers\n|-damage|p1a: Cloyster|17\/100 brn|[from] brn\n|upkeep\n|turn|115\n|\n|t:|1700843074\n|move|p1a: Cloyster|Icicle Spear|p2a: Gogoat\n|-supereffective|p2a: Gogoat\n|-damage|p2a: Gogoat|56\/100\n|-supereffective|p2a: Gogoat\n|-damage|p2a: Gogoat|52\/100\n|-supereffective|p2a: Gogoat\n|-damage|p2a: Gogoat|48\/100\n|-supereffective|p2a: Gogoat\n|-damage|p2a: Gogoat|43\/100\n|-supereffective|p2a: Gogoat\n|-damage|p2a: Gogoat|39\/100\n|-hitcount|p2a: Gogoat|5\n|move|p2a: Gogoat|Horn Leech|p1a: Cloyster\n|-supereffective|p1a: Cloyster\n|-damage|p1a: Cloyster|7\/100 brn\n|-heal|p2a: Gogoat|43\/100|[from] drain|[of] p1a: Cloyster\n|\n|-heal|p2a: Gogoat|49\/100|[from] item: Leftovers\n|-damage|p1a: Cloyster|1\/100 brn|[from] brn\n|upkeep\n|turn|116\n|\n|t:|1700843091\n|move|p1a: Cloyster|Icicle Spear|p2a: Gogoat\n|-supereffective|p2a: Gogoat\n|-damage|p2a: Gogoat|45\/100\n|-supereffective|p2a: Gogoat\n|-damage|p2a: Gogoat|41\/100\n|-supereffective|p2a: Gogoat\n|-damage|p2a: Gogoat|36\/100\n|-supereffective|p2a: Gogoat\n|-damage|p2a: Gogoat|32\/100\n|-supereffective|p2a: Gogoat\n|-damage|p2a: Gogoat|28\/100\n|-hitcount|p2a: Gogoat|5\n|move|p2a: Gogoat|Milk Drink|p2a: Gogoat\n|-heal|p2a: Gogoat|78\/100\n|\n|-heal|p2a: Gogoat|84\/100|[from] item: Leftovers\n|-damage|p1a: Cloyster|0 fnt|[from] brn\n|faint|p1a: Cloyster\n|upkeep\n|\n|t:|1700843108\n|switch|p1a: Skeledirge|Skeledirge, M|100\/100\n|turn|117\n|\n|t:|1700843133\n|switch|p2a: Arceus|Arceus-Ghost, shiny|93\/100\n|move|p1a: Skeledirge|Torch Song|p2a: Arceus\n|-damage|p2a: Arceus|55\/100\n|-boost|p1a: Skeledirge|spa|1\n|\n|upkeep\n|turn|118\n|\n|t:|1700843142\n|switch|p2a: Dugtrio|Dugtrio, F, shiny, tera:Ground|100\/100\n|move|p1a: Skeledirge|Torch Song|p2a: Dugtrio\n|-damage|p2a: Dugtrio|0 fnt\n|-boost|p1a: Skeledirge|spa|1\n|faint|p2a: Dugtrio\n|\n|upkeep\n|\n|t:|1700843153\n|switch|p2a: Giratina|Giratina-Origin, shiny|97\/100\n|turn|119\n|\n|t:|1700843157\n|move|p2a: Giratina|Shadow Force||[still]\n|-prepare|p2a: Giratina|Shadow Force\n|move|p1a: Skeledirge|Torch Song|p2a: Giratina|[miss]\n|-miss|p1a: Skeledirge|p2a: Giratina\n|\n|upkeep\n|turn|120\n|\n|t:|1700843162\n|move|p2a: Giratina|Shadow Force|p1a: Skeledirge|[from]lockedmove\n|-supereffective|p1a: Skeledirge\n|-damage|p1a: Skeledirge|0 fnt\n|faint|p1a: Skeledirge\n|\n|upkeep\n|\n|t:|1700843171\n|switch|p1a: Regirock|Regirock|100\/100\n|turn|121\n|\n|t:|1700843175\n|move|p2a: Giratina|Shadow Force||[still]\n|-prepare|p2a: Giratina|Shadow Force\n|move|p1a: Regirock|Substitute|p1a: Regirock\n|-start|p1a: Regirock|Substitute\n|-damage|p1a: Regirock|76\/100\n|\n|-heal|p1a: Regirock|82\/100|[from] item: Leftovers\n|upkeep\n|turn|122\n|\n|t:|1700843182\n|move|p2a: Giratina|Shadow Force|p1a: Regirock|[from]lockedmove\n|-end|p1a: Regirock|Substitute\n|move|p1a: Regirock|Mud-Slap|p2a: Giratina\n|-immune|p2a: Giratina|[from] ability: Levitate\n|\n|-heal|p1a: Regirock|88\/100|[from] item: Leftovers\n|upkeep\n|turn|123\n|\n|t:|1700843192\n|move|p2a: Giratina|Shadow Force||[still]\n|-prepare|p2a: Giratina|Shadow Force\n|move|p1a: Regirock|Substitute|p1a: Regirock\n|-start|p1a: Regirock|Substitute\n|-damage|p1a: Regirock|63\/100\n|\n|-heal|p1a: Regirock|69\/100|[from] item: Leftovers\n|upkeep\n|turn|124\n|\n|t:|1700843200\n|-singleturn|p1a: Regirock|move: Focus Punch\n|move|p2a: Giratina|Shadow Force|p1a: Regirock|[from]lockedmove\n|-end|p1a: Regirock|Substitute\n|move|p1a: Regirock|Focus Punch|p2a: Giratina\n|-immune|p2a: Giratina\n|\n|-heal|p1a: Regirock|75\/100|[from] item: Leftovers\n|upkeep\n|turn|125\n|\n|t:|1700843214\n|switch|p1a: Swampert|Swampert, M, shiny|100\/100\n|move|p2a: Giratina|Earthquake|p1a: Swampert\n|-damage|p1a: Swampert|70\/100\n|\n|upkeep\n|turn|126\n|\n|t:|1700843223\n|detailschange|p1a: Swampert|Swampert-Mega, M, shiny\n|-mega|p1a: Swampert|Swampert|Swampertite\n|move|p2a: Giratina|Destiny Bond|p2a: Giratina\n|-singlemove|p2a: Giratina|Destiny Bond\n|move|p1a: Swampert|Endeavor|p2a: Giratina\n|-immune|p2a: Giratina\n|\n|upkeep\n|turn|127\n|\n|t:|1700843231\n|move|p2a: Giratina|Earthquake|p1a: Swampert\n|-crit|p1a: Swampert\n|-damage|p1a: Swampert|36\/100\n|move|p1a: Swampert|Darkest Lariat|p2a: Giratina\n|-supereffective|p2a: Giratina\n|-damage|p2a: Giratina|52\/100\n|\n|upkeep\n|turn|128\n|\n|t:|1700843239\n|move|p2a: Giratina|Earthquake|p1a: Swampert\n|-damage|p1a: Swampert|11\/100\n|move|p1a: Swampert|Darkest Lariat|p2a: Giratina\n|-supereffective|p2a: Giratina\n|-damage|p2a: Giratina|3\/100\n|\n|upkeep\n|turn|129\n|\n|t:|1700843247\n|move|p2a: Giratina|Earthquake|p1a: Swampert\n|-damage|p1a: Swampert|0 fnt\n|faint|p1a: Swampert\n|\n|upkeep\n|\n|t:|1700843253\n|switch|p1a: Shuckle|Shuckle, M|100\/100\n|turn|130\n|\n|t:|1700843261\n|move|p2a: Giratina|Destiny Bond|p2a: Giratina\n|-singlemove|p2a: Giratina|Destiny Bond\n|move|p1a: Shuckle|Shell Smash|p1a: Shuckle\n|-boost|p1a: Shuckle|def|1\n|-boost|p1a: Shuckle|spd|1\n|-unboost|p1a: Shuckle|atk|2\n|-unboost|p1a: Shuckle|spa|2\n|-unboost|p1a: Shuckle|spe|2\n|\n|upkeep\n|turn|131\n|\n|t:|1700843269\n|move|p2a: Giratina|Destiny Bond||[still]\n|-fail|p2a: Giratina\n|move|p1a: Shuckle|Shell Smash|p1a: Shuckle\n|-boost|p1a: Shuckle|def|1\n|-boost|p1a: Shuckle|spd|1\n|-unboost|p1a: Shuckle|atk|2\n|-unboost|p1a: Shuckle|spa|2\n|-unboost|p1a: Shuckle|spe|2\n|\n|upkeep\n|turn|132\n|\n|t:|1700843279\n|move|p2a: Giratina|Destiny Bond|p2a: Giratina\n|-singlemove|p2a: Giratina|Destiny Bond\n|move|p1a: Shuckle|Shell Smash|p1a: Shuckle\n|-boost|p1a: Shuckle|def|1\n|-boost|p1a: Shuckle|spd|1\n|-unboost|p1a: Shuckle|atk|2\n|-unboost|p1a: Shuckle|spa|2\n|-unboost|p1a: Shuckle|spe|2\n|\n|upkeep\n|turn|133\n|\n|t:|1700843290\n|move|p2a: Giratina|Earthquake|p1a: Shuckle\n|-damage|p1a: Shuckle|92\/100\n|move|p1a: Shuckle|Shell Smash|p1a: Shuckle\n|-boost|p1a: Shuckle|def|1\n|-boost|p1a: Shuckle|spd|1\n|-unboost|p1a: Shuckle|atk|0\n|-unboost|p1a: Shuckle|spa|0\n|-unboost|p1a: Shuckle|spe|0\n|\n|-heal|p1a: Shuckle|98\/100|[from] item: Leftovers\n|upkeep\n|turn|134\n|\n|t:|1700843300\n|move|p2a: Giratina|Will-O-Wisp|p1a: Shuckle|[miss]\n|-miss|p2a: Giratina|p1a: Shuckle\n|move|p1a: Shuckle|Shell Smash|p1a: Shuckle\n|-boost|p1a: Shuckle|def|1\n|-boost|p1a: Shuckle|spd|1\n|-unboost|p1a: Shuckle|atk|0\n|-unboost|p1a: Shuckle|spa|0\n|-unboost|p1a: Shuckle|spe|0\n|\n|-heal|p1a: Shuckle|100\/100|[from] item: Leftovers\n|upkeep\n|turn|135\n|\n|t:|1700843311\n|move|p2a: Giratina|Earthquake|p1a: Shuckle\n|-damage|p1a: Shuckle|95\/100\n|move|p1a: Shuckle|Shell Smash|p1a: Shuckle\n|-boost|p1a: Shuckle|def|1\n|-boost|p1a: Shuckle|spd|1\n|-unboost|p1a: Shuckle|atk|0\n|-unboost|p1a: Shuckle|spa|0\n|-unboost|p1a: Shuckle|spe|0\n|\n|-heal|p1a: Shuckle|100\/100|[from] item: Leftovers\n|upkeep\n|turn|136\n|\n|t:|1700843321\n|move|p2a: Giratina|Destiny Bond|p2a: Giratina\n|-singlemove|p2a: Giratina|Destiny Bond\n|move|p1a: Shuckle|Power Split|p2a: Giratina\n|-activate|p1a: Shuckle|move: Power Split|[of] p2a: Giratina\n|\n|upkeep\n|turn|137\n|\n|t:|1700843336\n|move|p2a: Giratina|Destiny Bond||[still]\n|-fail|p2a: Giratina\n|move|p1a: Shuckle|Power Split|p2a: Giratina\n|-activate|p1a: Shuckle|move: Power Split|[of] p2a: Giratina\n|\n|upkeep\n|turn|138\n|\n|t:|1700843344\n|move|p2a: Giratina|Will-O-Wisp|p1a: Shuckle\n|-status|p1a: Shuckle|brn\n|move|p1a: Shuckle|Power Split|p2a: Giratina\n|-activate|p1a: Shuckle|move: Power Split|[of] p2a: Giratina\n|\n|-damage|p1a: Shuckle|94\/100 brn|[from] brn\n|upkeep\n|turn|139\n|\n|t:|1700843354\n|move|p2a: Giratina|Destiny Bond|p2a: Giratina\n|-singlemove|p2a: Giratina|Destiny Bond\n|move|p1a: Shuckle|Power Split|p2a: Giratina\n|-activate|p1a: Shuckle|move: Power Split|[of] p2a: Giratina\n|\n|-heal|p1a: Shuckle|100\/100 brn|[from] item: Leftovers\n|-damage|p1a: Shuckle|94\/100 brn|[from] brn\n|upkeep\n|turn|140\n|\n|t:|1700843363\n|move|p2a: Giratina|Earthquake|p1a: Shuckle\n|-damage|p1a: Shuckle|91\/100 brn\n|move|p1a: Shuckle|Power Split|p2a: Giratina\n|-activate|p1a: Shuckle|move: Power Split|[of] p2a: Giratina\n|\n|-heal|p1a: Shuckle|97\/100 brn|[from] item: Leftovers\n|-damage|p1a: Shuckle|91\/100 brn|[from] brn\n|upkeep\n|turn|141\n|\n|t:|1700843380\n|move|p2a: Giratina|Destiny Bond|p2a: Giratina\n|-singlemove|p2a: Giratina|Destiny Bond\n|move|p1a: Shuckle|Power Split|p2a: Giratina\n|-activate|p1a: Shuckle|move: Power Split|[of] p2a: Giratina\n|\n|-heal|p1a: Shuckle|97\/100 brn|[from] item: Leftovers\n|-damage|p1a: Shuckle|91\/100 brn|[from] brn\n|upkeep\n|turn|142\n|\n|t:|1700843392\n|move|p2a: Giratina|Earthquake|p1a: Shuckle\n|-damage|p1a: Shuckle|88\/100 brn\n|move|p1a: Shuckle|Power Split|p2a: Giratina\n|-activate|p1a: Shuckle|move: Power Split|[of] p2a: Giratina\n|\n|-heal|p1a: Shuckle|94\/100 brn|[from] item: Leftovers\n|-damage|p1a: Shuckle|88\/100 brn|[from] brn\n|upkeep\n|turn|143\n|\n|t:|1700843402\n|move|p2a: Giratina|Earthquake|p1a: Shuckle\n|-damage|p1a: Shuckle|85\/100 brn\n|move|p1a: Shuckle|Power Split|p2a: Giratina\n|-activate|p1a: Shuckle|move: Power Split|[of] p2a: Giratina\n|\n|-heal|p1a: Shuckle|91\/100 brn|[from] item: Leftovers\n|-damage|p1a: Shuckle|85\/100 brn|[from] brn\n|upkeep\n|turn|144\n|\n|t:|1700843414\n|move|p2a: Giratina|Earthquake|p1a: Shuckle\n|-damage|p1a: Shuckle|81\/100 brn\n|move|p1a: Shuckle|Power Split|p2a: Giratina\n|-activate|p1a: Shuckle|move: Power Split|[of] p2a: Giratina\n|\n|-heal|p1a: Shuckle|87\/100 brn|[from] item: Leftovers\n|-damage|p1a: Shuckle|81\/100 brn|[from] brn\n|upkeep\n|turn|145\n|\n|t:|1700843427\n|move|p2a: Giratina|Earthquake|p1a: Shuckle\n|-damage|p1a: Shuckle|78\/100 brn\n|move|p1a: Shuckle|Shell Smash|p1a: Shuckle\n|-boost|p1a: Shuckle|def|0\n|-boost|p1a: Shuckle|spd|0\n|-unboost|p1a: Shuckle|atk|0\n|-unboost|p1a: Shuckle|spa|0\n|-unboost|p1a: Shuckle|spe|0\n|\n|-heal|p1a: Shuckle|84\/100 brn|[from] item: Leftovers\n|-damage|p1a: Shuckle|78\/100 brn|[from] brn\n|upkeep\n|turn|146\n|\n|t:|1700843441\n|move|p2a: Giratina|Earthquake|p1a: Shuckle\n|-damage|p1a: Shuckle|74\/100 brn\n|move|p1a: Shuckle|Shell Smash|p1a: Shuckle\n|-boost|p1a: Shuckle|def|0\n|-boost|p1a: Shuckle|spd|0\n|-unboost|p1a: Shuckle|atk|0\n|-unboost|p1a: Shuckle|spa|0\n|-unboost|p1a: Shuckle|spe|0\n|\n|-heal|p1a: Shuckle|80\/100 brn|[from] item: Leftovers\n|-damage|p1a: Shuckle|74\/100 brn|[from] brn\n|upkeep\n|turn|147\n|\n|t:|1700843455\n|switch|p1a: Regirock|Regirock|75\/100\n|move|p2a: Giratina|Will-O-Wisp|p1a: Regirock\n|-status|p1a: Regirock|brn\n|\n|-heal|p1a: Regirock|81\/100 brn|[from] item: Leftovers\n|-damage|p1a: Regirock|75\/100 brn|[from] brn\n|upkeep\n|turn|148\n|\n|t:|1700843466\n|move|p2a: Giratina|Will-O-Wisp|p1a: Regirock\n|-fail|p1a: Regirock|brn\n|move|p1a: Regirock|Mud-Slap|p2a: Giratina\n|-immune|p2a: Giratina|[from] ability: Levitate\n|\n|-heal|p1a: Regirock|81\/100 brn|[from] item: Leftovers\n|-damage|p1a: Regirock|75\/100 brn|[from] brn\n|upkeep\n|turn|149\n|\n|t:|1700843477\n|move|p2a: Giratina|Will-O-Wisp|p1a: Regirock\n|-fail|p1a: Regirock|brn\n|move|p1a: Regirock|Mud-Slap|p2a: Giratina\n|-immune|p2a: Giratina|[from] ability: Levitate\n|\n|-heal|p1a: Regirock|81\/100 brn|[from] item: Leftovers\n|-damage|p1a: Regirock|75\/100 brn|[from] brn\n|upkeep\n|turn|150\n|\n|t:|1700843489\n|move|p2a: Giratina|Will-O-Wisp|p1a: Regirock\n|-fail|p1a: Regirock|brn\n|move|p1a: Regirock|Toxic|p2a: Giratina\n|-status|p2a: Giratina|tox\n|\n|-heal|p1a: Regirock|81\/100 brn|[from] item: Leftovers\n|-damage|p2a: Giratina|0 fnt|[from] psn\n|faint|p2a: Giratina\n|-damage|p1a: Regirock|75\/100 brn|[from] brn\n|upkeep\n|\n|t:|1700843503\n|switch|p2a: Gogoat|Gogoat, F, shiny|84\/100\n|turn|151\n|\n|t:|1700843506\n|move|p2a: Gogoat|Horn Leech|p1a: Regirock\n|-supereffective|p1a: Regirock\n|-damage|p1a: Regirock|50\/100 brn\n|-heal|p2a: Gogoat|96\/100|[from] drain|[of] p1a: Regirock\n|move|p1a: Regirock|Mud-Slap|p2a: Gogoat\n|-resisted|p2a: Gogoat\n|-damage|p2a: Gogoat|94\/100\n|-unboost|p2a: Gogoat|accuracy|1\n|\n|-heal|p2a: Gogoat|100\/100|[from] item: Leftovers\n|-heal|p1a: Regirock|56\/100 brn|[from] item: Leftovers\n|-damage|p1a: Regirock|50\/100 brn|[from] brn\n|upkeep\n|turn|152\n|\n|t:|1700843523\n|move|p2a: Gogoat|Double-Edge|p1a: Regirock\n|-resisted|p1a: Regirock\n|-damage|p1a: Regirock|44\/100 brn\n|-damage|p2a: Gogoat|98\/100|[from] Recoil\n|move|p1a: Regirock|Toxic|p2a: Gogoat\n|-status|p2a: Gogoat|tox\n|\n|-heal|p2a: Gogoat|100\/100 tox|[from] item: Leftovers\n|-heal|p1a: Regirock|50\/100 brn|[from] item: Leftovers\n|-damage|p2a: Gogoat|94\/100 tox|[from] psn\n|-damage|p1a: Regirock|44\/100 brn|[from] brn\n|upkeep\n|turn|153\n|\n|t:|1700843537\n|move|p2a: Gogoat|Horn Leech|p1a: Regirock\n|-supereffective|p1a: Regirock\n|-damage|p1a: Regirock|21\/100 brn\n|-heal|p2a: Gogoat|100\/100 tox|[from] drain|[of] p1a: Regirock\n|move|p1a: Regirock|Mud-Slap|p2a: Gogoat\n|-resisted|p2a: Gogoat\n|-damage|p2a: Gogoat|99\/100 tox\n|-unboost|p2a: Gogoat|accuracy|1\n|\n|-heal|p2a: Gogoat|100\/100 tox|[from] item: Leftovers\n|-heal|p1a: Regirock|27\/100 brn|[from] item: Leftovers\n|-damage|p2a: Gogoat|88\/100 tox|[from] psn\n|-damage|p1a: Regirock|21\/100 brn|[from] brn\n|upkeep\n|turn|154\n|\n|t:|1700843553\n|switch|p1a: Shuckle|Shuckle, M|74\/100 brn\n|move|p2a: Gogoat|Horn Leech|p1a: Shuckle\n|-damage|p1a: Shuckle|56\/100 brn\n|-heal|p2a: Gogoat|94\/100 tox|[from] drain|[of] p1a: Shuckle\n|\n|-heal|p2a: Gogoat|99\/100 tox|[from] item: Leftovers\n|-heal|p1a: Shuckle|62\/100 brn|[from] item: Leftovers\n|-damage|p2a: Gogoat|82\/100 tox|[from] psn\n|-damage|p1a: Shuckle|56\/100 brn|[from] brn\n|upkeep\n|turn|155\n|\n|t:|1700843567\n|move|p2a: Gogoat|Double-Edge|p1a: Shuckle\n|-resisted|p1a: Shuckle\n|-damage|p1a: Shuckle|46\/100 brn\n|-damage|p2a: Gogoat|80\/100 tox|[from] Recoil\n|move|p1a: Shuckle|Shell Smash|p1a: Shuckle\n|-boost|p1a: Shuckle|def|1\n|-boost|p1a: Shuckle|spd|1\n|-unboost|p1a: Shuckle|atk|2\n|-unboost|p1a: Shuckle|spa|2\n|-unboost|p1a: Shuckle|spe|2\n|\n|-heal|p2a: Gogoat|86\/100 tox|[from] item: Leftovers\n|-heal|p1a: Shuckle|52\/100 brn|[from] item: Leftovers\n|-damage|p2a: Gogoat|61\/100 tox|[from] psn\n|-damage|p1a: Shuckle|46\/100 brn|[from] brn\n|upkeep\n|turn|156\n|\n|t:|1700843582\n|move|p2a: Gogoat|Horn Leech|p1a: Shuckle\n|-damage|p1a: Shuckle|33\/100 brn\n|-heal|p2a: Gogoat|65\/100 tox|[from] drain|[of] p1a: Shuckle\n|move|p1a: Shuckle|Shell Smash|p1a: Shuckle\n|-boost|p1a: Shuckle|def|1\n|-boost|p1a: Shuckle|spd|1\n|-unboost|p1a: Shuckle|atk|2\n|-unboost|p1a: Shuckle|spa|2\n|-unboost|p1a: Shuckle|spe|2\n|\n|-heal|p2a: Gogoat|71\/100 tox|[from] item: Leftovers\n|-heal|p1a: Shuckle|39\/100 brn|[from] item: Leftovers\n|-damage|p2a: Gogoat|40\/100 tox|[from] psn\n|-damage|p1a: Shuckle|33\/100 brn|[from] brn\n|upkeep\n|turn|157\n|\n|t:|1700843597\n|move|p2a: Gogoat|Horn Leech|p1a: Shuckle\n|-damage|p1a: Shuckle|23\/100 brn\n|-heal|p2a: Gogoat|44\/100 tox|[from] drain|[of] p1a: Shuckle\n|move|p1a: Shuckle|Rest|p1a: Shuckle\n|-status|p1a: Shuckle|slp|[from] move: Rest\n|-heal|p1a: Shuckle|100\/100 slp|[silent]\n|\n|-heal|p2a: Gogoat|50\/100 tox|[from] item: Leftovers\n|-damage|p2a: Gogoat|13\/100 tox|[from] psn\n|upkeep\n|turn|158\n|\n|t:|1700843610\n|move|p2a: Gogoat|Milk Drink|p2a: Gogoat\n|-heal|p2a: Gogoat|63\/100 tox\n|cant|p1a: Shuckle|slp\n|\n|-heal|p2a: Gogoat|69\/100 tox|[from] item: Leftovers\n|-damage|p2a: Gogoat|26\/100 tox|[from] psn\n|upkeep\n|turn|159\n|\n|t:|1700843618\n|move|p2a: Gogoat|Milk Drink|p2a: Gogoat\n|-heal|p2a: Gogoat|76\/100 tox\n|cant|p1a: Shuckle|slp\n|\n|-heal|p2a: Gogoat|82\/100 tox|[from] item: Leftovers\n|-damage|p2a: Gogoat|32\/100 tox|[from] psn\n|upkeep\n|turn|160\n|\n|t:|1700843629\n|move|p2a: Gogoat|Milk Drink|p2a: Gogoat\n|-heal|p2a: Gogoat|82\/100 tox\n|-curestatus|p1a: Shuckle|slp|[msg]\n|move|p1a: Shuckle|Shell Smash|p1a: Shuckle\n|-boost|p1a: Shuckle|def|1\n|-boost|p1a: Shuckle|spd|1\n|-unboost|p1a: Shuckle|atk|2\n|-unboost|p1a: Shuckle|spa|2\n|-unboost|p1a: Shuckle|spe|2\n|\n|-heal|p2a: Gogoat|89\/100 tox|[from] item: Leftovers\n|-damage|p2a: Gogoat|33\/100 tox|[from] psn\n|upkeep\n|turn|161\n|\n|t:|1700843642\n|move|p2a: Gogoat|Milk Drink|p2a: Gogoat\n|-heal|p2a: Gogoat|83\/100 tox\n|move|p1a: Shuckle|Shell Smash|p1a: Shuckle\n|-boost|p1a: Shuckle|def|1\n|-boost|p1a: Shuckle|spd|1\n|-unboost|p1a: Shuckle|atk|0\n|-unboost|p1a: Shuckle|spa|0\n|-unboost|p1a: Shuckle|spe|0\n|\n|-heal|p2a: Gogoat|89\/100 tox|[from] item: Leftovers\n|-damage|p2a: Gogoat|27\/100 tox|[from] psn\n|upkeep\n|turn|162\n|\n|t:|1700843655\n|move|p2a: Gogoat|Milk Drink|p2a: Gogoat\n|-heal|p2a: Gogoat|77\/100 tox\n|move|p1a: Shuckle|Shell Smash|p1a: Shuckle\n|-boost|p1a: Shuckle|def|1\n|-boost|p1a: Shuckle|spd|1\n|-unboost|p1a: Shuckle|atk|0\n|-unboost|p1a: Shuckle|spa|0\n|-unboost|p1a: Shuckle|spe|0\n|\n|-heal|p2a: Gogoat|83\/100 tox|[from] item: Leftovers\n|-damage|p2a: Gogoat|15\/100 tox|[from] psn\n|upkeep\n|turn|163\n|\n|t:|1700843667\n|switch|p2a: Arceus|Arceus-Ghost, shiny|55\/100\n|move|p1a: Shuckle|Shell Smash|p1a: Shuckle\n|-boost|p1a: Shuckle|def|1\n|-boost|p1a: Shuckle|spd|1\n|-unboost|p1a: Shuckle|atk|0\n|-unboost|p1a: Shuckle|spa|0\n|-unboost|p1a: Shuckle|spe|0\n|\n|upkeep\n|turn|164\n|\n|t:|1700843692\n|move|p2a: Arceus|Calm Mind|p2a: Arceus\n|-boost|p2a: Arceus|spa|1\n|-boost|p2a: Arceus|spd|1\n|move|p1a: Shuckle|Shell Smash|p1a: Shuckle\n|-boost|p1a: Shuckle|def|0\n|-boost|p1a: Shuckle|spd|0\n|-unboost|p1a: Shuckle|atk|0\n|-unboost|p1a: Shuckle|spa|0\n|-unboost|p1a: Shuckle|spe|0\n|\n|upkeep\n|turn|165\n|\n|t:|1700843704\n|move|p2a: Arceus|Tera Blast|p1a: Shuckle\n|-resisted|p1a: Shuckle\n|-damage|p1a: Shuckle|98\/100\n|move|p1a: Shuckle|Shell Smash|p1a: Shuckle\n|-boost|p1a: Shuckle|def|0\n|-boost|p1a: Shuckle|spd|0\n|-unboost|p1a: Shuckle|atk|0\n|-unboost|p1a: Shuckle|spa|0\n|-unboost|p1a: Shuckle|spe|0\n|\n|-heal|p1a: Shuckle|100\/100|[from] item: Leftovers\n|upkeep\n|turn|166\n|\n|t:|1700843716\n|move|p2a: Arceus|Tera Blast|p1a: Shuckle\n|-resisted|p1a: Shuckle\n|-damage|p1a: Shuckle|97\/100\n|move|p1a: Shuckle|Shell Smash|p1a: Shuckle\n|-boost|p1a: Shuckle|def|0\n|-boost|p1a: Shuckle|spd|0\n|-unboost|p1a: Shuckle|atk|0\n|-unboost|p1a: Shuckle|spa|0\n|-unboost|p1a: Shuckle|spe|0\n|\n|-heal|p1a: Shuckle|100\/100|[from] item: Leftovers\n|upkeep\n|turn|167\n|inactive|Battle timer is ON: inactive players will automatically lose when time's up. (requested by Robin d Trayne)\n|\n|t:|1700843731\n|move|p2a: Arceus|Calm Mind|p2a: Arceus\n|-boost|p2a: Arceus|spa|1\n|-boost|p2a: Arceus|spd|1\n|move|p1a: Shuckle|Rest|p1a: Shuckle\n|-fail|p1a: Shuckle|heal\n|\n|upkeep\n|turn|168\n|\n|t:|1700843741\n|move|p2a: Arceus|Calm Mind|p2a: Arceus\n|-boost|p2a: Arceus|spa|1\n|-boost|p2a: Arceus|spd|1\n|move|p1a: Shuckle|Rest|p1a: Shuckle\n|-fail|p1a: Shuckle|heal\n|\n|upkeep\n|turn|169\n|\n|t:|1700843756\n|move|p2a: Arceus|Calm Mind|p2a: Arceus\n|-boost|p2a: Arceus|spa|1\n|-boost|p2a: Arceus|spd|1\n|-activate|p1a: Shuckle|move: Struggle\n|move|p1a: Shuckle|Struggle|p2a: Arceus\n|-damage|p2a: Arceus|55\/100\n|-damage|p1a: Shuckle|75\/100|[from] recoil\n|\n|-heal|p1a: Shuckle|82\/100|[from] item: Leftovers\n|upkeep\n|turn|170\n|\n|t:|1700843771\n|move|p2a: Arceus|Calm Mind|p2a: Arceus\n|-boost|p2a: Arceus|spa|1\n|-boost|p2a: Arceus|spd|1\n|-activate|p1a: Shuckle|move: Struggle\n|move|p1a: Shuckle|Struggle|p2a: Arceus\n|-damage|p2a: Arceus|55\/100\n|-damage|p1a: Shuckle|57\/100|[from] recoil\n|\n|-heal|p1a: Shuckle|63\/100|[from] item: Leftovers\n|upkeep\n|turn|171\n|\n|t:|1700843781\n|move|p2a: Arceus|Calm Mind|p2a: Arceus\n|-boost|p2a: Arceus|spa|1\n|-boost|p2a: Arceus|spd|1\n|-activate|p1a: Shuckle|move: Struggle\n|move|p1a: Shuckle|Struggle|p2a: Arceus\n|-damage|p2a: Arceus|55\/100\n|-damage|p1a: Shuckle|38\/100|[from] recoil\n|\n|-heal|p1a: Shuckle|44\/100|[from] item: Leftovers\n|upkeep\n|turn|172\n|\n|t:|1700843800\n|move|p2a: Arceus|Calm Mind|p2a: Arceus\n|-boost|p2a: Arceus|spa|0\n|-boost|p2a: Arceus|spd|0\n|-activate|p1a: Shuckle|move: Struggle\n|move|p1a: Shuckle|Struggle|p2a: Arceus\n|-damage|p2a: Arceus|54\/100\n|-damage|p1a: Shuckle|19\/100|[from] recoil\n|\n|-heal|p1a: Shuckle|25\/100|[from] item: Leftovers\n|upkeep\n|turn|173\n|\n|t:|1700843809\n|move|p2a: Arceus|Tera Blast|p1a: Shuckle\n|-resisted|p1a: Shuckle\n|-damage|p1a: Shuckle|18\/100\n|-activate|p1a: Shuckle|move: Struggle\n|move|p1a: Shuckle|Struggle|p2a: Arceus\n|-damage|p2a: Arceus|54\/100\n|-damage|p1a: Shuckle|0 fnt|[from] recoil\n|faint|p1a: Shuckle\n|\n|upkeep\n|\n|t:|1700843819\n|switch|p1a: Regirock|Regirock|21\/100 brn\n|turn|174\n|inactiveoff|Battle timer is now OFF.\n|\n|t:|1700843827\n|move|p2a: Arceus|Tera Blast|p1a: Regirock\n|-resisted|p1a: Regirock\n|-damage|p1a: Regirock|0 fnt\n|faint|p1a: Regirock\n|\n|win|Robin d Trayne\n|l|\u2606KingCow5228\n","uploadtime":1700843854,"views":3,"p1id":"kingcow5228","p2id":"robindtrayne","formatid":"gen9nationaldexubers","rating":0,"private":0,"password":""}