{"id":"gen9nationaldexubers-1984560403","p1":"Aeon Blue","p2":"Save a Solar","format":"[Gen 9] National Dex Ubers","log":"|j|\u2606Aeon Blue\n|j|\u2606Save a Solar\n|t:|1699279855\n|gametype|singles\n|player|p1|Aeon Blue|hilbert|1036\n|player|p2|Save a Solar|266|1032\n|teamsize|p1|6\n|teamsize|p2|6\n|gen|9\n|tier|[Gen 9] National Dex Ubers\n|rated|\n|rule|HP Percentage Mod: HP is shown in percentages\n|rule|Endless Battle Clause: Forcing endless battles is banned\n|rule|OHKO Clause: OHKO moves are banned\n|rule|Evasion Moves Clause: Evasion moves are banned\n|rule|Evasion Items Clause: Evasion items are banned\n|rule|Species Clause: Limit one of each Pok\u00e9mon\n|rule|Sleep Clause Mod: Limit one foe put to sleep\n|rule|Mega Rayquaza Clause: You cannot mega evolve Rayquaza\n|clearpoke\n|poke|p1|Beedrill, M|\n|poke|p1|Dhelmise|\n|poke|p1|Clawitzer, M|\n|poke|p1|Lucario, M|\n|poke|p1|Ogerpon-Hearthflame, F|\n|poke|p1|Lugia|\n|poke|p2|Zygarde|\n|poke|p2|Necrozma-Dusk-Mane|\n|poke|p2|Palkia-Origin|\n|poke|p2|Ditto|\n|poke|p2|Ribombee, F|\n|poke|p2|Grimmsnarl, M|\n|teampreview\n|inactive|Battle timer is ON: inactive players will automatically lose when time's up. (requested by Aeon Blue)\n|\n|t:|1699279862\n|start\n|switch|p1a: Cutlass|Beedrill, M, shiny|100\/100\n|switch|p2a: uwu bee|Ribombee, F, shiny|100\/100\n|turn|1\n|\n|t:|1699279873\n|move|p2a: uwu bee|Sticky Web|p1a: Cutlass\n|-sidestart|p1: Aeon Blue|move: Sticky Web\n|move|p1a: Cutlass|Agility|p1a: Cutlass\n|-boost|p1a: Cutlass|spe|2\n|\n|upkeep\n|turn|2\n|\n|t:|1699279882\n|move|p1a: Cutlass|Poison Jab|p2a: uwu bee\n|-supereffective|p2a: uwu bee\n|-enditem|p2a: uwu bee|Focus Sash\n|-damage|p2a: uwu bee|1\/100\n|move|p2a: uwu bee|U-turn|p1a: Cutlass\n|-resisted|p1a: Cutlass\n|-damage|p1a: Cutlass|82\/100\n|\n|t:|1699279890\n|switch|p2a: HARRY|Grimmsnarl, M, shiny|100\/100|[from] U-turn\n|\n|upkeep\n|turn|3\n|\n|t:|1699279900\n|move|p2a: HARRY|Reflect|p2a: HARRY\n|-sidestart|p2: Save a Solar|Reflect\n|move|p1a: Cutlass|Poison Jab|p2a: HARRY\n|-supereffective|p2a: HARRY\n|-damage|p2a: HARRY|76\/100\n|-status|p2a: HARRY|psn\n|\n|-damage|p2a: HARRY|64\/100 psn|[from] psn\n|upkeep\n|turn|4\n|\n|t:|1699279913\n|move|p2a: HARRY|Light Screen|p2a: HARRY\n|-sidestart|p2: Save a Solar|move: Light Screen\n|move|p1a: Cutlass|Poison Jab|p2a: HARRY\n|-supereffective|p2a: HARRY\n|-damage|p2a: HARRY|35\/100 psn\n|\n|-damage|p2a: HARRY|22\/100 psn|[from] psn\n|upkeep\n|turn|5\n|\n|t:|1699279921\n|move|p2a: HARRY|Parting Shot|p1a: Cutlass\n|-unboost|p1a: Cutlass|atk|1\n|-unboost|p1a: Cutlass|spa|1\n|\n|t:|1699279928\n|switch|p2a: #T2: STEELION|Necrozma-Dusk-Mane, shiny|100\/100|[from] Parting Shot\n|move|p1a: Cutlass|Fell Stinger|p2a: #T2: STEELION\n|-damage|p2a: #T2: STEELION|96\/100\n|\n|upkeep\n|turn|6\n|\n|t:|1699279936\n|move|p1a: Cutlass|Drill Run|p2a: #T2: STEELION\n|-supereffective|p2a: #T2: STEELION\n|-damage|p2a: #T2: STEELION|87\/100\n|-enditem|p2a: #T2: STEELION|Weakness Policy\n|-boost|p2a: #T2: STEELION|atk|2|[from] item: Weakness Policy\n|-boost|p2a: #T2: STEELION|spa|2|[from] item: Weakness Policy\n|move|p2a: #T2: STEELION|Dragon Dance|p2a: #T2: STEELION\n|-boost|p2a: #T2: STEELION|atk|1\n|-boost|p2a: #T2: STEELION|spe|1\n|\n|upkeep\n|turn|7\n|\n|t:|1699279950\n|move|p1a: Cutlass|Drill Run|p2a: #T2: STEELION\n|-supereffective|p2a: #T2: STEELION\n|-damage|p2a: #T2: STEELION|79\/100\n|move|p2a: #T2: STEELION|Dragon Dance|p2a: #T2: STEELION\n|-boost|p2a: #T2: STEELION|atk|1\n|-boost|p2a: #T2: STEELION|spe|1\n|\n|upkeep\n|turn|8\n|\n|t:|1699279963\n|move|p1a: Cutlass|Drill Run|p2a: #T2: STEELION\n|-supereffective|p2a: #T2: STEELION\n|-damage|p2a: #T2: STEELION|69\/100\n|move|p2a: #T2: STEELION|Photon Geyser|p1a: Cutlass\n|-supereffective|p1a: Cutlass\n|-damage|p1a: Cutlass|0 fnt\n|faint|p1a: Cutlass\n|\n|upkeep\n|\n|t:|1699279978\n|switch|p1a: Santiana|Ogerpon-Hearthflame, F|100\/100\n|-activate|p1a: Santiana|move: Sticky Web\n|-unboost|p1a: Santiana|spe|1\n|-ability|p1a: Santiana|Mold Breaker\n|turn|9\n|\n|t:|1699279986\n|-terastallize|p1a: Santiana|Fire\n|detailschange|p1a: Santiana|Ogerpon-Hearthflame-Tera, F, tera:Fire\n|-ability|p1a: Santiana|Embody Aspect (Hearthflame)|boost\n|-boost|p1a: Santiana|atk|1\n|move|p2a: #T2: STEELION|Photon Geyser|p1a: Santiana\n|-damage|p1a: Santiana|0 fnt\n|faint|p1a: Santiana\n|\n|upkeep\n|inactive|Aeon Blue has 120 seconds left.\n|\n|t:|1699280015\n|switch|p1a: Jack|Lucario, M|100\/100\n|-activate|p1a: Jack|move: Sticky Web\n|-unboost|p1a: Jack|spe|1\n|turn|10\n|\n|t:|1699280025\n|move|p2a: #T2: STEELION|Earthquake|p1a: Jack\n|-supereffective|p1a: Jack\n|-damage|p1a: Jack|0 fnt\n|faint|p1a: Jack\n|\n|-sideend|p2: Save a Solar|Reflect\n|upkeep\n|inactive|Aeon Blue has 120 seconds left.\n|\n|t:|1699280038\n|switch|p1a: Cannon|Clawitzer, M, shiny|100\/100\n|-activate|p1a: Cannon|move: Sticky Web\n|-unboost|p1a: Cannon|spe|1\n|turn|11\n|\n|t:|1699280045\n|move|p2a: #T2: STEELION|Photon Geyser|p1a: Cannon\n|-damage|p1a: Cannon|0 fnt\n|faint|p1a: Cannon\n|\n|-sideend|p2: Save a Solar|move: Light Screen\n|upkeep\n|\n|t:|1699280054\n|switch|p1a: Hoist|Dhelmise|100\/100\n|-activate|p1a: Hoist|move: Sticky Web\n|-unboost|p1a: Hoist|spe|1\n|turn|12\n|\n|t:|1699280066\n|move|p2a: #T2: STEELION|Photon Geyser|p1a: Hoist\n|-damage|p1a: Hoist|0 fnt\n|faint|p1a: Hoist\n|\n|upkeep\n|\n|t:|1699280072\n|switch|p1a: Leviathan|Lugia|100\/100\n|-ability|p1a: Leviathan|Pressure\n|turn|13\n|\n|t:|1699280079\n|move|p2a: #T2: STEELION|Sunsteel Strike|p1a: Leviathan\n|-damage|p1a: Leviathan|0 fnt\n|faint|p1a: Leviathan\n|\n|win|Save a Solar\n|raw|Aeon Blue's rating: 1036 &rarr; <strong>1020<\/strong><br \/>(-16 for losing)\n|raw|Save a Solar's rating: 1021 &rarr; <strong>1059<\/strong><br \/>(+38 for winning)\n|l|\u2606Aeon Blue\n|l|\u2606Save a Solar\n|j|\u2606Save a Solar\n|player|p2|Save a Solar|266\n","uploadtime":1699280164,"views":6,"p1id":"aeonblue","p2id":"saveasolar","formatid":"gen9nationaldexubers","rating":1020,"private":0,"password":""}