{"id":"gen9nationaldexubers-2000027481","p1":"QAQAQAQAQAQ","p2":"The_Gh0st_Shadow","format":"[Gen 9] National Dex Ubers","log":"|j|\u2606QAQAQAQAQAQ\n|j|\u2606The_Gh0st_Shadow\n|t:|1701142992\n|gametype|singles\n|player|p1|QAQAQAQAQAQ|unknown|1323\n|player|p2|The_Gh0st_Shadow|ghetsis|1356\n|teamsize|p1|6\n|teamsize|p2|6\n|gen|9\n|tier|[Gen 9] National Dex Ubers\n|rated|\n|rule|HP Percentage Mod: HP is shown in percentages\n|rule|Endless Battle Clause: Forcing endless battles is banned\n|rule|OHKO Clause: OHKO moves are banned\n|rule|Evasion Moves Clause: Evasion moves are banned\n|rule|Evasion Items Clause: Evasion items are banned\n|rule|Species Clause: Limit one of each Pok\u00e9mon\n|rule|Sleep Clause Mod: Limit one foe put to sleep\n|rule|Mega Rayquaza Clause: You cannot mega evolve Rayquaza\n|clearpoke\n|poke|p1|Smeargle, F|\n|poke|p1|Xerneas-*|\n|poke|p1|Arceus|\n|poke|p1|Necrozma-Dusk-Mane|\n|poke|p1|Ditto|\n|poke|p1|Giratina|\n|poke|p2|Ho-Oh|\n|poke|p2|Dialga-Origin|\n|poke|p2|Zygarde|\n|poke|p2|Lugia|\n|poke|p2|Cresselia, F|\n|poke|p2|Groudon|\n|teampreview\n|inactive|Battle timer is ON: inactive players will automatically lose when time's up. (requested by QAQAQAQAQAQ)\n|c|\u2606The_Gh0st_Shadow|HF\n|\n|t:|1701143011\n|start\n|switch|p1a: Smeargle|Smeargle, F|100\/100\n|switch|p2a: Ho-Oh|Ho-Oh|100\/100\n|turn|1\n|\n|t:|1701143018\n|switch|p2a: Lugia|Lugia, shiny|100\/100\n|move|p1a: Smeargle|Spore|p2a: Lugia\n|-status|p2a: Lugia|slp|[from] move: Spore\n|\n|-ability|p1a: Smeargle|Moody|boost\n|-boost|p1a: Smeargle|spd|2\n|-unboost|p1a: Smeargle|spa|1\n|upkeep\n|turn|2\n|\n|t:|1701143032\n|switch|p2a: Ho-Oh|Ho-Oh|100\/100\n|move|p1a: Smeargle|Sticky Web|p2a: Ho-Oh\n|-sidestart|p2: The_Gh0st_Shadow|move: Sticky Web\n|\n|-ability|p1a: Smeargle|Moody|boost\n|-boost|p1a: Smeargle|atk|2\n|-unboost|p1a: Smeargle|spa|1\n|upkeep\n|turn|3\n|\n|t:|1701143041\n|move|p1a: Smeargle|Stealth Rock|p2a: Ho-Oh\n|-sidestart|p2: The_Gh0st_Shadow|move: Stealth Rock\n|move|p2a: Ho-Oh|Toxic|p1a: Smeargle\n|-status|p1a: Smeargle|tox\n|\n|-damage|p1a: Smeargle|94\/100 tox|[from] psn\n|-ability|p1a: Smeargle|Moody|boost\n|-boost|p1a: Smeargle|spa|2\n|-unboost|p1a: Smeargle|spd|1\n|upkeep\n|turn|4\n|\n|t:|1701143055\n|move|p1a: Smeargle|Magic Coat|p1a: Smeargle\n|-singleturn|p1a: Smeargle|move: Magic Coat\n|move|p2a: Ho-Oh|Sacred Fire|p1a: Smeargle\n|-crit|p1a: Smeargle\n|-damage|p1a: Smeargle|0 fnt\n|faint|p1a: Smeargle\n|\n|upkeep\n|\n|t:|1701143071\n|switch|p1a: Necrozma|Necrozma-Dusk-Mane, shiny|100\/100\n|turn|5\n|inactive|The_Gh0st_Shadow has 120 seconds left.\n|\n|t:|1701143110\n|detailschange|p1a: Necrozma|Necrozma-Ultra, shiny\n|-burst|p1a: Necrozma|Necrozma|Ultranecrozium Z\n|move|p1a: Necrozma|Dragon Dance|p1a: Necrozma\n|-boost|p1a: Necrozma|atk|1\n|-boost|p1a: Necrozma|spe|1\n|move|p2a: Ho-Oh|Whirlwind|p1a: Necrozma\n|drag|p1a: Ditto|Ditto, shiny|100\/100\n|-transform|p1a: Ditto|p2a: Ho-Oh|[from] ability: Imposter\n|\n|upkeep\n|turn|6\n|inactive|The_Gh0st_Shadow has 120 seconds left.\n|inactive|QAQAQAQAQAQ has 120 seconds left.\n|\n|t:|1701143131\n|switch|p2a: Dialga|Dialga-Origin, shiny|100\/100\n|-activate|p2a: Dialga|move: Sticky Web\n|-unboost|p2a: Dialga|spe|1\n|-damage|p2a: Dialga|94\/100|[from] Stealth Rock\n|-ability|p2a: Dialga|Pressure\n|move|p1a: Ditto|Toxic|p2a: Dialga\n|-immune|p2a: Dialga\n|\n|upkeep\n|turn|7\n|inactive|QAQAQAQAQAQ has 120 seconds left.\n|inactive|The_Gh0st_Shadow has 120 seconds left.\n|\n|t:|1701143144\n|switch|p1a: Xerneas|Xerneas, shiny|100\/100\n|-ability|p1a: Xerneas|Fairy Aura\n|move|p2a: Dialga|Stealth Rock|p1a: Xerneas\n|-sidestart|p1: QAQAQAQAQAQ|move: Stealth Rock\n|\n|upkeep\n|turn|8\n|\n|t:|1701143153\n|switch|p2a: Ho-Oh|Ho-Oh|100\/100\n|move|p1a: Xerneas|Ingrain|p1a: Xerneas\n|-start|p1a: Xerneas|move: Ingrain\n|\n|upkeep\n|turn|9\n|\n|t:|1701143162\n|-terastallize|p1a: Xerneas|Steel\n|move|p1a: Xerneas|Geomancy||[still]\n|-prepare|p1a: Xerneas|Geomancy\n|-enditem|p1a: Xerneas|Power Herb\n|-anim|p1a: Xerneas|Geomancy|p1a: Xerneas\n|-boost|p1a: Xerneas|spa|2\n|-boost|p1a: Xerneas|spd|2\n|-boost|p1a: Xerneas|spe|2\n|move|p2a: Ho-Oh|Whirlwind|p1a: Xerneas\n|-activate|p1a: Xerneas|move: Ingrain\n|\n|upkeep\n|turn|10\n|c|\u2606The_Gh0st_Shadow|Uh oh\n|\n|t:|1701143178\n|move|p1a: Xerneas|Moonblast|p2a: Ho-Oh\n|-resisted|p2a: Ho-Oh\n|-damage|p2a: Ho-Oh|61\/100\n|move|p2a: Ho-Oh|Defog|p1a: Xerneas\n|-unboost|p1a: Xerneas|evasion|1\n|-sideend|p1: QAQAQAQAQAQ|Stealth Rock|[from] move: Defog|[of] p2a: Ho-Oh\n|-sideend|p2: The_Gh0st_Shadow|Stealth Rock|[from] move: Defog|[of] p2a: Ho-Oh\n|-sideend|p2: The_Gh0st_Shadow|Sticky Web|[from] move: Defog|[of] p2a: Ho-Oh\n|\n|upkeep\n|turn|11\n|\n|t:|1701143188\n|move|p1a: Xerneas|Moonblast|p2a: Ho-Oh\n|-resisted|p2a: Ho-Oh\n|-damage|p2a: Ho-Oh|19\/100\n|move|p2a: Ho-Oh|Sacred Fire|p1a: Xerneas\n|-supereffective|p1a: Xerneas\n|-crit|p1a: Xerneas\n|-damage|p1a: Xerneas|0 fnt\n|faint|p1a: Xerneas\n|\n|upkeep\n|\n|t:|1701143204\n|switch|p1a: Arceus|Arceus, shiny|100\/100\n|turn|12\n|\n|t:|1701143213\n|switch|p2a: Dialga|Dialga-Origin, shiny|94\/100\n|-ability|p2a: Dialga|Pressure\n|move|p1a: Arceus|Taunt|p2a: Dialga\n|-start|p2a: Dialga|move: Taunt\n|\n|upkeep\n|turn|13\n|\n|t:|1701143222\n|move|p1a: Arceus|Extreme Speed|p2a: Dialga\n|-resisted|p2a: Dialga\n|-damage|p2a: Dialga|82\/100\n|move|p2a: Dialga|Dragon Tail|p1a: Arceus\n|-damage|p1a: Arceus|82\/100\n|drag|p1a: Giratina|Giratina, shiny|100\/100\n|-ability|p1a: Giratina|Pressure\n|\n|upkeep\n|turn|14\n|\n|t:|1701143234\n|move|p1a: Giratina|Will-O-Wisp|p2a: Dialga\n|-status|p2a: Dialga|brn\n|move|p2a: Dialga|Dragon Tail|p1a: Giratina\n|-supereffective|p1a: Giratina\n|-damage|p1a: Giratina|89\/100\n|drag|p1a: Arceus|Arceus, shiny|82\/100\n|\n|-damage|p2a: Dialga|76\/100 brn|[from] brn\n|-end|p2a: Dialga|move: Taunt\n|upkeep\n|turn|15\n|\n|t:|1701143248\n|switch|p2a: Ho-Oh|Ho-Oh|52\/100\n|move|p1a: Arceus|Taunt|p2a: Ho-Oh\n|-start|p2a: Ho-Oh|move: Taunt\n|\n|upkeep\n|turn|16\n|\n|t:|1701143257\n|switch|p2a: Dialga|Dialga-Origin, shiny|76\/100 brn\n|-ability|p2a: Dialga|Pressure\n|move|p1a: Arceus|Swords Dance|p1a: Arceus\n|-boost|p1a: Arceus|atk|2\n|\n|-damage|p2a: Dialga|70\/100 brn|[from] brn\n|upkeep\n|turn|17\n|\n|t:|1701143267\n|move|p1a: Arceus|Shadow Claw|p2a: Dialga\n|-damage|p2a: Dialga|40\/100 brn\n|move|p2a: Dialga|Dragon Tail|p1a: Arceus\n|-damage|p1a: Arceus|72\/100\n|drag|p1a: Necrozma|Necrozma-Ultra, shiny|100\/100\n|\n|-damage|p2a: Dialga|34\/100 brn|[from] brn\n|upkeep\n|turn|18\n|\n|t:|1701143280\n|switch|p2a: Lugia|Lugia, shiny|100\/100 slp\n|move|p1a: Necrozma|Earthquake|p2a: Lugia\n|-immune|p2a: Lugia\n|\n|upkeep\n|turn|19\n|\n|t:|1701143291\n|move|p1a: Necrozma|Dragon Dance|p1a: Necrozma\n|-boost|p1a: Necrozma|atk|1\n|-boost|p1a: Necrozma|spe|1\n|cant|p2a: Lugia|slp\n|\n|upkeep\n|turn|20\n|\n|t:|1701143301\n|-zpower|p1a: Necrozma\n|move|p1a: Necrozma|Light That Burns the Sky|p2a: Lugia|[zeffect]\n|-resisted|p2a: Lugia\n|-damage|p2a: Lugia|45\/100 slp\n|cant|p2a: Lugia|slp\n|\n|upkeep\n|turn|21\n|\n|t:|1701143311\n|move|p1a: Necrozma|Photon Geyser|p2a: Lugia\n|-resisted|p2a: Lugia\n|-damage|p2a: Lugia|17\/100 slp\n|-curestatus|p2a: Lugia|slp|[msg]\n|move|p2a: Lugia|Whirlwind|p1a: Necrozma\n|drag|p1a: Giratina|Giratina, shiny|89\/100\n|-ability|p1a: Giratina|Pressure\n|\n|-heal|p1a: Giratina|95\/100|[from] item: Leftovers\n|upkeep\n|turn|22\n|\n|t:|1701143326\n|move|p2a: Lugia|Roost|p2a: Lugia\n|-heal|p2a: Lugia|67\/100\n|-singleturn|p2a: Lugia|move: Roost\n|move|p1a: Giratina|Will-O-Wisp|p2a: Lugia\n|-status|p2a: Lugia|brn\n|\n|-heal|p1a: Giratina|100\/100|[from] item: Leftovers\n|-damage|p2a: Lugia|61\/100 brn|[from] brn\n|upkeep\n|turn|23\n|\n|t:|1701143337\n|move|p2a: Lugia|Toxic|p1a: Giratina\n|-status|p1a: Giratina|tox\n|move|p1a: Giratina|Dragon Tail|p2a: Lugia\n|-damage|p2a: Lugia|50\/100 brn\n|drag|p2a: Ho-Oh|Ho-Oh|85\/100\n|\n|-damage|p1a: Giratina|94\/100 tox|[from] psn\n|upkeep\n|turn|24\n|\n|t:|1701143348\n|switch|p2a: Dialga|Dialga-Origin, shiny|34\/100 brn\n|-ability|p2a: Dialga|Pressure\n|move|p1a: Giratina|Dragon Tail|p2a: Dialga\n|-damage|p2a: Dialga|21\/100 brn\n|drag|p2a: Cresselia|Cresselia, F|100\/100\n|\n|-heal|p1a: Giratina|100\/100 tox|[from] item: Leftovers\n|-damage|p1a: Giratina|88\/100 tox|[from] psn\n|upkeep\n|turn|25\n|\n|t:|1701143360\n|move|p1a: Giratina|Will-O-Wisp|p2a: Cresselia\n|-status|p2a: Cresselia|brn\n|move|p2a: Cresselia|Moonblast|p1a: Giratina\n|-supereffective|p1a: Giratina\n|-damage|p1a: Giratina|66\/100 tox\n|\n|-heal|p1a: Giratina|73\/100 tox|[from] item: Leftovers\n|-damage|p1a: Giratina|54\/100 tox|[from] psn\n|-damage|p2a: Cresselia|94\/100 brn|[from] brn\n|upkeep\n|turn|26\n|\n|t:|1701143372\n|move|p2a: Cresselia|Moonblast|p1a: Giratina\n|-supereffective|p1a: Giratina\n|-damage|p1a: Giratina|33\/100 tox\n|move|p1a: Giratina|Dragon Tail|p2a: Cresselia\n|-damage|p2a: Cresselia|84\/100 brn\n|drag|p2a: Ho-Oh|Ho-Oh|100\/100\n|\n|-heal|p1a: Giratina|39\/100 tox|[from] item: Leftovers\n|-damage|p1a: Giratina|15\/100 tox|[from] psn\n|upkeep\n|turn|27\n|\n|t:|1701143384\n|move|p2a: Ho-Oh|Sacred Fire|p1a: Giratina\n|-resisted|p1a: Giratina\n|-damage|p1a: Giratina|5\/100 tox\n|move|p1a: Giratina|Rest|p1a: Giratina\n|-status|p1a: Giratina|slp|[from] move: Rest\n|-heal|p1a: Giratina|100\/100 slp|[silent]\n|\n|upkeep\n|turn|28\n|\n|t:|1701143400\n|switch|p2a: Zygarde|Zygarde, shiny|100\/100\n|cant|p1a: Giratina|slp\n|\n|upkeep\n|turn|29\n|\n|t:|1701143406\n|move|p2a: Zygarde|Substitute|p2a: Zygarde\n|-start|p2a: Zygarde|Substitute\n|-damage|p2a: Zygarde|76\/100\n|cant|p1a: Giratina|slp\n|\n|-heal|p2a: Zygarde|82\/100|[from] item: Leftovers\n|upkeep\n|turn|30\n|\n|t:|1701143414\n|move|p2a: Zygarde|Dragon Dance|p2a: Zygarde\n|-boost|p2a: Zygarde|atk|1\n|-boost|p2a: Zygarde|spe|1\n|-curestatus|p1a: Giratina|slp|[msg]\n|move|p1a: Giratina|Roar|p2a: Zygarde\n|drag|p2a: Cresselia|Cresselia, F|84\/100 brn\n|\n|-heal|p2a: Cresselia|90\/100 brn|[from] item: Leftovers\n|-damage|p2a: Cresselia|84\/100 brn|[from] brn\n|upkeep\n|turn|31\n|c|\u2606The_Gh0st_Shadow|Bru no way\n|\n|t:|1701143428\n|move|p2a: Cresselia|Toxic|p1a: Giratina\n|-status|p1a: Giratina|tox\n|move|p1a: Giratina|Dragon Tail|p2a: Cresselia\n|-damage|p2a: Cresselia|73\/100 brn\n|drag|p2a: Ho-Oh|Ho-Oh|100\/100\n|\n|-damage|p1a: Giratina|94\/100 tox|[from] psn\n|upkeep\n|turn|32\n|\n|t:|1701143438\n|move|p1a: Giratina|Dragon Tail|p2a: Ho-Oh\n|-damage|p2a: Ho-Oh|86\/100\n|drag|p2a: Cresselia|Cresselia, F|73\/100 brn\n|\n|-heal|p1a: Giratina|100\/100 tox|[from] item: Leftovers\n|-heal|p2a: Cresselia|79\/100 brn|[from] item: Leftovers\n|-damage|p1a: Giratina|88\/100 tox|[from] psn\n|-damage|p2a: Cresselia|73\/100 brn|[from] brn\n|upkeep\n|turn|33\n|\n|t:|1701143453\n|move|p2a: Cresselia|Moonblast|p1a: Giratina\n|-supereffective|p1a: Giratina\n|-damage|p1a: Giratina|67\/100 tox\n|move|p1a: Giratina|Dragon Tail|p2a: Cresselia\n|-damage|p2a: Cresselia|64\/100 brn\n|drag|p2a: Ho-Oh|Ho-Oh|100\/100\n|\n|-heal|p1a: Giratina|73\/100 tox|[from] item: Leftovers\n|-damage|p1a: Giratina|54\/100 tox|[from] psn\n|upkeep\n|turn|34\n|\n|t:|1701143465\n|move|p1a: Giratina|Rest|p1a: Giratina\n|-status|p1a: Giratina|slp|[from] move: Rest\n|-heal|p1a: Giratina|100\/100 slp|[silent]\n|move|p2a: Ho-Oh|Sacred Fire|p1a: Giratina\n|-resisted|p1a: Giratina\n|-damage|p1a: Giratina|92\/100 slp\n|\n|-heal|p1a: Giratina|98\/100 slp|[from] item: Leftovers\n|upkeep\n|turn|35\n|\n|t:|1701143480\n|switch|p1a: Arceus|Arceus, shiny|72\/100\n|switch|p2a: Groudon|Groudon, shiny|100\/100\n|detailschange|p2a: Groudon|Groudon-Primal, shiny\n|-primal|p2a: Groudon|Red Orb\n|-weather|DesolateLand|[from] ability: Desolate Land|[of] p2a: Groudon\n|\n|-weather|DesolateLand|[upkeep]\n|upkeep\n|turn|36\n|\n|t:|1701143494\n|move|p1a: Arceus|Swords Dance|p1a: Arceus\n|-boost|p1a: Arceus|atk|2\n|move|p2a: Groudon|Rock Polish|p2a: Groudon\n|-boost|p2a: Groudon|spe|2\n|\n|-weather|DesolateLand|[upkeep]\n|upkeep\n|turn|37\n|\n|t:|1701143505\n|move|p1a: Arceus|Extreme Speed|p2a: Groudon\n|-damage|p2a: Groudon|45\/100\n|move|p2a: Groudon|Swords Dance|p2a: Groudon\n|-boost|p2a: Groudon|atk|2\n|\n|-weather|DesolateLand|[upkeep]\n|upkeep\n|turn|38\n|\n|t:|1701143514\n|move|p1a: Arceus|Extreme Speed|p2a: Groudon\n|-damage|p2a: Groudon|0 fnt\n|faint|p2a: Groudon\n|-weather|none\n|\n|upkeep\n|c|\u2606The_Gh0st_Shadow|Bru\n|\n|t:|1701143536\n|switch|p2a: Ho-Oh|Ho-Oh|100\/100\n|turn|39\n|\n|t:|1701143542\n|move|p1a: Arceus|Taunt|p2a: Ho-Oh\n|-start|p2a: Ho-Oh|move: Taunt\n|move|p2a: Ho-Oh|Sacred Fire|p1a: Arceus\n|-damage|p1a: Arceus|41\/100\n|\n|upkeep\n|turn|40\n|\n|t:|1701143550\n|move|p1a: Arceus|Extreme Speed|p2a: Ho-Oh\n|-damage|p2a: Ho-Oh|53\/100\n|move|p2a: Ho-Oh|Sacred Fire|p1a: Arceus\n|-damage|p1a: Arceus|6\/100\n|\n|upkeep\n|turn|41\n|\n|t:|1701143564\n|switch|p2a: Cresselia|Cresselia, F|64\/100 brn\n|move|p1a: Arceus|Extreme Speed|p2a: Cresselia\n|-damage|p2a: Cresselia|24\/100 brn\n|\n|-heal|p2a: Cresselia|30\/100 brn|[from] item: Leftovers\n|-damage|p2a: Cresselia|24\/100 brn|[from] brn\n|upkeep\n|turn|42\n|\n|t:|1701143574\n|move|p1a: Arceus|Shadow Claw|p2a: Cresselia\n|-supereffective|p2a: Cresselia\n|-damage|p2a: Cresselia|0 fnt\n|faint|p2a: Cresselia\n|\n|upkeep\n|\n|t:|1701143593\n|switch|p2a: Lugia|Lugia, shiny|50\/100 brn\n|turn|43\n|\n|t:|1701143597\n|move|p1a: Arceus|Extreme Speed|p2a: Lugia\n|-damage|p2a: Lugia|8\/100 brn\n|move|p2a: Lugia|Roost|p2a: Lugia\n|-heal|p2a: Lugia|58\/100 brn\n|-singleturn|p2a: Lugia|move: Roost\n|\n|-damage|p2a: Lugia|52\/100 brn|[from] brn\n|upkeep\n|turn|44\n|\n|t:|1701143607\n|move|p1a: Arceus|Shadow Claw|p2a: Lugia\n|-supereffective|p2a: Lugia\n|-damage|p2a: Lugia|4\/100 brn\n|move|p2a: Lugia|Whirlpool|p1a: Arceus\n|-damage|p1a: Arceus|0 fnt\n|faint|p1a: Arceus\n|\n|-damage|p2a: Lugia|0 fnt|[from] brn\n|faint|p2a: Lugia\n|upkeep\n|\n|t:|1701143620\n|switch|p1a: Necrozma|Necrozma-Ultra, shiny|100\/100\n|switch|p2a: Dialga|Dialga-Origin, shiny|21\/100 brn\n|-ability|p2a: Dialga|Pressure\n|turn|45\n|\n|t:|1701143628\n|move|p1a: Necrozma|Earthquake|p2a: Dialga\n|-supereffective|p2a: Dialga\n|-damage|p2a: Dialga|0 fnt\n|faint|p2a: Dialga\n|\n|upkeep\n|\n|t:|1701143631\n|switch|p2a: Zygarde|Zygarde, shiny|82\/100\n|turn|46\n|\n|t:|1701143643\n|-terastallize|p2a: Zygarde|Ground\n|move|p1a: Necrozma|Dragon Dance|p1a: Necrozma\n|-boost|p1a: Necrozma|atk|1\n|-boost|p1a: Necrozma|spe|1\n|move|p2a: Zygarde|Substitute|p2a: Zygarde\n|-start|p2a: Zygarde|Substitute\n|-damage|p2a: Zygarde|57\/100\n|\n|-heal|p2a: Zygarde|63\/100|[from] item: Leftovers\n|upkeep\n|turn|47\n|\n|t:|1701143659\n|move|p1a: Necrozma|Outrage|p2a: Zygarde\n|-end|p2a: Zygarde|Substitute\n|move|p2a: Zygarde|Dragon Tail|p1a: Necrozma\n|-supereffective|p1a: Necrozma\n|-damage|p1a: Necrozma|43\/100\n|drag|p1a: Ditto|Ditto, shiny|100\/100\n|-transform|p1a: Ditto|p2a: Zygarde|[from] ability: Imposter\n|\n|-heal|p2a: Zygarde|69\/100|[from] item: Leftovers\n|upkeep\n|-start|p1a: Ditto|typechange|Dragon\/Ground|[silent]\n|turn|48\n|\n|t:|1701143672\n|move|p2a: Zygarde|Substitute|p2a: Zygarde\n|-start|p2a: Zygarde|Substitute\n|-damage|p2a: Zygarde|44\/100\n|move|p1a: Ditto|Dragon Tail|p2a: Zygarde|[miss]\n|-miss|p1a: Ditto|p2a: Zygarde\n|\n|-heal|p2a: Zygarde|50\/100|[from] item: Leftovers\n|-activate|p2a: Zygarde|ability: Power Construct\n|detailschange|p2a: Zygarde|Zygarde-Complete, shiny, tera:Ground\n|-heal|p2a: Zygarde|69\/100|[silent]\n|upkeep\n|turn|49\n|\n|t:|1701143688\n|switch|p1a: Giratina|Giratina, shiny|98\/100 slp\n|-ability|p1a: Giratina|Pressure\n|move|p2a: Zygarde|Dragon Tail|p1a: Giratina\n|-supereffective|p1a: Giratina\n|-damage|p1a: Giratina|77\/100 slp\n|drag|p1a: Necrozma|Necrozma-Ultra, shiny|43\/100\n|\n|-heal|p2a: Zygarde|75\/100|[from] item: Leftovers\n|upkeep\n|turn|50\n|\n|t:|1701143704\n|move|p1a: Necrozma|Outrage|p2a: Zygarde\n|-end|p2a: Zygarde|Substitute\n|move|p2a: Zygarde|Dragon Dance|p2a: Zygarde\n|-boost|p2a: Zygarde|atk|1\n|-boost|p2a: Zygarde|spe|1\n|\n|-heal|p2a: Zygarde|81\/100|[from] item: Leftovers\n|upkeep\n|turn|51\n|\n|t:|1701143713\n|move|p2a: Zygarde|Thousand Arrows|p1a: Necrozma\n|-damage|p1a: Necrozma|0 fnt\n|faint|p1a: Necrozma\n|\n|-heal|p2a: Zygarde|88\/100|[from] item: Leftovers\n|upkeep\n|\n|t:|1701143722\n|switch|p1a: Ditto|Ditto, shiny|100\/100\n|-transform|p1a: Ditto|p2a: Zygarde|[from] ability: Imposter\n|-start|p1a: Ditto|typechange|Dragon\/Ground|[silent]\n|turn|52\n|\n|t:|1701143734\n|move|p1a: Ditto|Thousand Arrows|p2a: Zygarde\n|-crit|p2a: Zygarde\n|-damage|p2a: Zygarde|52\/100\n|move|p2a: Zygarde|Substitute|p2a: Zygarde\n|-start|p2a: Zygarde|Substitute\n|-damage|p2a: Zygarde|27\/100\n|\n|-heal|p2a: Zygarde|34\/100|[from] item: Leftovers\n|upkeep\n|turn|53\n|\n|t:|1701143744\n|move|p1a: Ditto|Thousand Arrows|p2a: Zygarde\n|-end|p2a: Zygarde|Substitute\n|move|p2a: Zygarde|Dragon Dance|p2a: Zygarde\n|-boost|p2a: Zygarde|atk|1\n|-boost|p2a: Zygarde|spe|1\n|\n|-heal|p2a: Zygarde|40\/100|[from] item: Leftovers\n|upkeep\n|turn|54\n|\n|t:|1701143754\n|switch|p1a: Giratina|Giratina, shiny|77\/100 slp\n|-ability|p1a: Giratina|Pressure\n|move|p2a: Zygarde|Dragon Tail|p1a: Giratina\n|-supereffective|p1a: Giratina\n|-damage|p1a: Giratina|33\/100 slp\n|drag|p1a: Ditto|Ditto, shiny|100\/100\n|-transform|p1a: Ditto|p2a: Zygarde|[from] ability: Imposter\n|\n|-heal|p2a: Zygarde|46\/100|[from] item: Leftovers\n|upkeep\n|-start|p1a: Ditto|typechange|Dragon\/Ground|[silent]\n|turn|55\n|\n|t:|1701143769\n|move|p1a: Ditto|Thousand Arrows|p2a: Zygarde\n|-damage|p2a: Zygarde|13\/100\n|move|p2a: Zygarde|Dragon Tail|p1a: Ditto\n|-supereffective|p1a: Ditto\n|-damage|p1a: Ditto|0 fnt\n|faint|p1a: Ditto\n|\n|-heal|p2a: Zygarde|20\/100|[from] item: Leftovers\n|upkeep\n|c|\u2606The_Gh0st_Shadow|GG\n|c|\u2606The_Gh0st_Shadow|WP\n|c|\u2606The_Gh0st_Shadow|cant believe I actually won that\n|inactive|QAQAQAQAQAQ has 120 seconds left.\n|inactive|QAQAQAQAQAQ has 90 seconds left.\n|inactive|QAQAQAQAQAQ has 60 seconds left.\n|inactive|QAQAQAQAQAQ has 30 seconds left.\n|inactive|QAQAQAQAQAQ has 20 seconds left.\n|inactive|QAQAQAQAQAQ has 15 seconds left.\n|inactive|QAQAQAQAQAQ has 10 seconds left.\n|inactive|QAQAQAQAQAQ has 5 seconds left.\n|-message|QAQAQAQAQAQ lost due to inactivity.\n|\n|win|The_Gh0st_Shadow\n|raw|QAQAQAQAQAQ's rating: 1323 &rarr; <strong>1305<\/strong><br \/>(-18 for losing)\n|raw|The_Gh0st_Shadow's rating: 1356 &rarr; <strong>1374<\/strong><br \/>(+18 for winning)\n","uploadtime":1701143919,"views":15,"p1id":"qaqaqaqaqaq","p2id":"thegh0stshadow","formatid":"gen9nationaldexubers","rating":1305,"private":0,"password":""}