{"id":"gen9nationaldexubers-1986607911","p1":"The N00B Guy","p2":"Rhyfinn sr.","format":"[Gen 9] National Dex Ubers","log":"|j|\u203dThe N00B Guy\n|j|\u2606Rhyfinn sr.\n|t:|1699497334\n|gametype|singles\n|player|p1|The N00B Guy|nemona-s|1184\n|player|p2|Rhyfinn sr.|alder|1234\n|teamsize|p1|6\n|teamsize|p2|6\n|gen|9\n|tier|[Gen 9] National Dex Ubers\n|rated|\n|rule|HP Percentage Mod: HP is shown in percentages\n|rule|Endless Battle Clause: Forcing endless battles is banned\n|rule|OHKO Clause: OHKO moves are banned\n|rule|Evasion Moves Clause: Evasion moves are banned\n|rule|Evasion Items Clause: Evasion items are banned\n|rule|Species Clause: Limit one of each Pok\u00e9mon\n|rule|Sleep Clause Mod: Limit one foe put to sleep\n|rule|Mega Rayquaza Clause: You cannot mega evolve Rayquaza\n|clearpoke\n|poke|p1|Mimikyu, F|\n|poke|p1|Landorus, M|\n|poke|p1|Dracovish|\n|poke|p1|Farfetch\u2019d-Galar, M|\n|poke|p1|Chi-Yu|\n|poke|p1|Glalie, F|\n|poke|p2|Groudon|\n|poke|p2|Ho-Oh|\n|poke|p2|Xerneas-*|\n|poke|p2|Marshadow|\n|poke|p2|Necrozma-Dusk-Mane|\n|poke|p2|Palkia|\n|teampreview\n|inactive|Battle timer is ON: inactive players will automatically lose when time's up. (requested by Rhyfinn sr.)\n|inactive|The N00B Guy has 120 seconds left.\n|\n|t:|1699497378\n|start\n|switch|p1a: Farfetch\u2019d|Farfetch\u2019d-Galar, M|100\/100\n|switch|p2a: Palkia|Palkia|100\/100\n|-ability|p2a: Palkia|Pressure\n|turn|1\n|\n|t:|1699497387\n|move|p2a: Palkia|Draco Meteor|p1a: Farfetch\u2019d\n|-damage|p1a: Farfetch\u2019d|25\/100\n|-unboost|p2a: Palkia|spa|2\n|move|p1a: Farfetch\u2019d|Knock Off|p2a: Palkia\n|-damage|p2a: Palkia|66\/100\n|-enditem|p2a: Palkia|Choice Scarf|[from] move: Knock Off|[of] p1a: Farfetch\u2019d\n|\n|upkeep\n|turn|2\n|\n|t:|1699497401\n|move|p2a: Palkia|Hydro Pump|p1a: Farfetch\u2019d\n|-damage|p1a: Farfetch\u2019d|0 fnt\n|faint|p1a: Farfetch\u2019d\n|\n|upkeep\n|\n|t:|1699497405\n|switch|p1a: Glalie|Glalie, F|100\/100\n|turn|3\n|\n|t:|1699497413\n|switch|p2a: Ho-Oh|Ho-Oh|100\/100\n|move|p1a: Glalie|Block|p2a: Ho-Oh\n|-activate|p2a: Ho-Oh|trapped\n|\n|-ability|p1a: Glalie|Moody|boost\n|-boost|p1a: Glalie|spa|2\n|-unboost|p1a: Glalie|spd|1\n|upkeep\n|turn|4\n|\n|t:|1699497423\n|move|p1a: Glalie|Protect|p1a: Glalie\n|-singleturn|p1a: Glalie|Protect\n|move|p2a: Ho-Oh|Whirlwind|p1a: Glalie\n|drag|p1a: Landorus|Landorus, M|100\/100\n|\n|upkeep\n|turn|5\n|\n|t:|1699497431\n|move|p1a: Landorus|Nasty Plot|p1a: Landorus\n|-boost|p1a: Landorus|spa|2\n|move|p2a: Ho-Oh|Will-O-Wisp|p1a: Landorus\n|-status|p1a: Landorus|brn\n|\n|-damage|p1a: Landorus|95\/100 brn|[from] brn\n|upkeep\n|turn|6\n|\n|t:|1699497439\n|move|p1a: Landorus|Sludge Wave|p2a: Ho-Oh\n|-crit|p2a: Ho-Oh\n|-damage|p2a: Ho-Oh|32\/100\n|move|p2a: Ho-Oh|Whirlwind|p1a: Landorus\n|drag|p1a: Mimikyu|Mimikyu, F|100\/100\n|\n|upkeep\n|turn|7\n|\n|t:|1699497449\n|switch|p1a: Landorus|Landorus, M|95\/100 brn\n|move|p2a: Ho-Oh|Will-O-Wisp|p1a: Landorus\n|-fail|p1a: Landorus|brn\n|\n|-damage|p1a: Landorus|89\/100 brn|[from] brn\n|upkeep\n|turn|8\n|\n|t:|1699497454\n|switch|p2a: Palkia|Palkia|66\/100\n|-ability|p2a: Palkia|Pressure\n|move|p1a: Landorus|Sludge Wave|p2a: Palkia\n|-damage|p2a: Palkia|15\/100\n|\n|-damage|p1a: Landorus|83\/100 brn|[from] brn\n|upkeep\n|turn|9\n|\n|t:|1699497460\n|move|p1a: Landorus|Earth Power|p2a: Palkia\n|-damage|p2a: Palkia|0 fnt\n|faint|p2a: Palkia\n|\n|-damage|p1a: Landorus|77\/100 brn|[from] brn\n|upkeep\n|inactive|Rhyfinn sr. has 120 seconds left.\n|\n|t:|1699497493\n|switch|p2a: Ho-Oh|Ho-Oh|65\/100\n|turn|10\n|inactive|The N00B Guy has 120 seconds left.\n|\n|t:|1699497526\n|move|p1a: Landorus|Sludge Wave|p2a: Ho-Oh\n|-damage|p2a: Ho-Oh|44\/100\n|move|p2a: Ho-Oh|Sacred Fire|p1a: Landorus\n|-damage|p1a: Landorus|24\/100 brn\n|\n|-damage|p1a: Landorus|18\/100 brn|[from] brn\n|upkeep\n|turn|11\n|inactive|Rhyfinn sr. has 120 seconds left.\n|\n|t:|1699497543\n|move|p1a: Landorus|Earth Power|p2a: Ho-Oh\n|-immune|p2a: Ho-Oh\n|move|p2a: Ho-Oh|Sacred Fire|p1a: Landorus\n|-damage|p1a: Landorus|0 fnt\n|faint|p1a: Landorus\n|\n|upkeep\n|\n|t:|1699497547\n|switch|p1a: Chi-Yu|Chi-Yu|100\/100\n|-ability|p1a: Chi-Yu|Beads of Ruin\n|turn|12\n|\n|t:|1699497558\n|move|p1a: Chi-Yu|Dark Pulse|p2a: Ho-Oh\n|-damage|p2a: Ho-Oh|18\/100\n|move|p2a: Ho-Oh|Whirlwind|p1a: Chi-Yu\n|drag|p1a: Glalie|Glalie, F|100\/100\n|\n|-ability|p1a: Glalie|Moody|boost\n|-boost|p1a: Glalie|spd|2\n|-unboost|p1a: Glalie|atk|1\n|upkeep\n|turn|13\n|\n|t:|1699497577\n|move|p2a: Ho-Oh|Sacred Fire|p1a: Glalie\n|-supereffective|p1a: Glalie\n|-damage|p1a: Glalie|0 fnt\n|faint|p1a: Glalie\n|\n|upkeep\n|\n|t:|1699497585\n|switch|p1a: Dracovish|Dracovish|100\/100\n|turn|14\n|\n|t:|1699497592\n|switch|p2a: Groudon|Groudon|100\/100\n|detailschange|p2a: Groudon|Groudon-Primal\n|-primal|p2a: Groudon|Red Orb\n|-weather|DesolateLand|[from] ability: Desolate Land|[of] p2a: Groudon\n|move|p1a: Dracovish|Ice Fang|p2a: Groudon|[miss]\n|-miss|p1a: Dracovish|p2a: Groudon\n|\n|-weather|DesolateLand|[upkeep]\n|upkeep\n|turn|15\n|\n|t:|1699497598\n|switch|p1a: Chi-Yu|Chi-Yu|100\/100\n|-ability|p1a: Chi-Yu|Beads of Ruin\n|move|p2a: Groudon|Rock Polish|p2a: Groudon\n|-boost|p2a: Groudon|spe|2\n|\n|-weather|DesolateLand|[upkeep]\n|upkeep\n|turn|16\n|\n|t:|1699497603\n|move|p2a: Groudon|Earth Power|p1a: Chi-Yu\n|-supereffective|p1a: Chi-Yu\n|-enditem|p1a: Chi-Yu|Focus Sash\n|-damage|p1a: Chi-Yu|1\/100\n|move|p1a: Chi-Yu|Dark Pulse|p2a: Groudon\n|-damage|p2a: Groudon|34\/100\n|\n|-weather|DesolateLand|[upkeep]\n|upkeep\n|turn|17\n|\n|t:|1699497610\n|move|p2a: Groudon|Earth Power|p1a: Chi-Yu\n|-supereffective|p1a: Chi-Yu\n|-damage|p1a: Chi-Yu|0 fnt\n|faint|p1a: Chi-Yu\n|\n|-weather|DesolateLand|[upkeep]\n|upkeep\n|\n|t:|1699497612\n|switch|p1a: Mimikyu|Mimikyu, F|100\/100\n|turn|18\n|\n|t:|1699497617\n|move|p2a: Groudon|Flamethrower|p1a: Mimikyu\n|-activate|p1a: Mimikyu|ability: Disguise\n|-damage|p1a: Mimikyu|100\/100\n|detailschange|p1a: Mimikyu|Mimikyu-Busted, F\n|-damage|p1a: Mimikyu|88\/100|[from] pokemon: Mimikyu-Busted\n|move|p1a: Mimikyu|Swords Dance|p1a: Mimikyu\n|-boost|p1a: Mimikyu|atk|2\n|\n|-weather|DesolateLand|[upkeep]\n|upkeep\n|turn|19\n|\n|t:|1699497623\n|-terastallize|p1a: Mimikyu|Ghost\n|move|p1a: Mimikyu|Shadow Sneak|p2a: Groudon\n|-damage|p2a: Groudon|0 fnt\n|faint|p2a: Groudon\n|-weather|none\n|-damage|p1a: Mimikyu|78\/100|[from] item: Life Orb\n|\n|upkeep\n|\n|t:|1699497629\n|switch|p2a: Marshadow|Marshadow|100\/100\n|turn|20\n|\n|t:|1699497633\n|move|p1a: Mimikyu|Shadow Sneak|p2a: Marshadow\n|-supereffective|p2a: Marshadow\n|-enditem|p2a: Marshadow|Focus Sash\n|-damage|p2a: Marshadow|1\/100\n|-damage|p1a: Mimikyu|68\/100|[from] item: Life Orb\n|move|p2a: Marshadow|Spectral Thief||[still]\n|-clearpositiveboost|p1a: Mimikyu|p2a: Marshadow|move: Spectral Thief\n|-boost|p2a: Marshadow|atk|2\n|-anim|p2a: Marshadow|Spectral Thief|p1a: Mimikyu\n|-supereffective|p1a: Mimikyu\n|-damage|p1a: Mimikyu|0 fnt\n|faint|p1a: Mimikyu\n|\n|upkeep\n|\n|t:|1699497637\n|switch|p1a: Dracovish|Dracovish|100\/100\n|turn|21\n|\n|t:|1699497642\n|move|p2a: Marshadow|Shadow Sneak|p1a: Dracovish\n|-damage|p1a: Dracovish|40\/100\n|move|p1a: Dracovish|Fishious Rend|p2a: Marshadow\n|-damage|p2a: Marshadow|0 fnt\n|faint|p2a: Marshadow\n|\n|upkeep\n|\n|t:|1699497648\n|switch|p2a: Necrozma|Necrozma-Dusk-Mane|100\/100\n|turn|22\n|\n|t:|1699497655\n|detailschange|p2a: Necrozma|Necrozma-Ultra\n|-burst|p2a: Necrozma|Necrozma|Ultranecrozium Z\n|move|p1a: Dracovish|Fishious Rend|p2a: Necrozma\n|-resisted|p2a: Necrozma\n|-damage|p2a: Necrozma|48\/100\n|move|p2a: Necrozma|Dragon Dance|p2a: Necrozma\n|-boost|p2a: Necrozma|atk|1\n|-boost|p2a: Necrozma|spe|1\n|\n|upkeep\n|turn|23\n|\n|t:|1699497662\n|-zpower|p2a: Necrozma\n|move|p2a: Necrozma|Light That Burns the Sky|p1a: Dracovish|[zeffect]\n|-damage|p1a: Dracovish|0 fnt\n|faint|p1a: Dracovish\n|\n|win|Rhyfinn sr.\n|raw|The N00B Guy's rating: 1184 &rarr; <strong>1163<\/strong><br \/>(-21 for losing)\n|raw|Rhyfinn sr.'s rating: 1245 &rarr; <strong>1266<\/strong><br \/>(+21 for winning)\n|l|\u203dThe N00B Guy\n","uploadtime":1699497669,"views":5,"p1id":"then00bguy","p2id":"rhyfinnsr","formatid":"gen9nationaldexubers","rating":1163,"private":0,"password":""}