{"id":"gen9nationaldexubers-1982262036","p1":"ChupaCabra_6258","p2":"TikToy","format":"[Gen 9] National Dex Ubers","log":"|j|\u2606ChupaCabra_6258\n|j|\u2606TikToy\n|t:|1698986179\n|gametype|singles\n|player|p1|ChupaCabra_6258|pokemaniac|1139\n|player|p2|TikToy|nate|1133\n|teamsize|p1|6\n|teamsize|p2|6\n|gen|9\n|tier|[Gen 9] National Dex Ubers\n|rated|\n|rule|HP Percentage Mod: HP is shown in percentages\n|rule|Endless Battle Clause: Forcing endless battles is banned\n|rule|OHKO Clause: OHKO moves are banned\n|rule|Evasion Moves Clause: Evasion moves are banned\n|rule|Evasion Items Clause: Evasion items are banned\n|rule|Species Clause: Limit one of each Pok\u00e9mon\n|rule|Sleep Clause Mod: Limit one foe put to sleep\n|rule|Mega Rayquaza Clause: You cannot mega evolve Rayquaza\n|clearpoke\n|poke|p1|Zoroark-Hisui, F|\n|poke|p1|Serperior, F|\n|poke|p1|Kommo-o, M|\n|poke|p1|Mawile, F|\n|poke|p1|Azelf|\n|poke|p1|Chien-Pao|\n|poke|p2|Inteleon, M|\n|poke|p2|Cinderace, M|\n|poke|p2|Zeraora|\n|poke|p2|Urshifu-*, M|\n|poke|p2|Dragapult, F|\n|poke|p2|Zacian-*|\n|teampreview\n|\n|t:|1698986193\n|start\n|switch|p1a: Azelf|Azelf|100\/100\n|switch|p2a: Snipzz|Inteleon, M|100\/100\n|turn|1\n|\n|t:|1698986205\n|move|p2a: Snipzz|Dark Pulse|p1a: Azelf\n|-supereffective|p1a: Azelf\n|-damage|p1a: Azelf|28\/100\n|move|p1a: Azelf|Reflect|p1a: Azelf\n|-sidestart|p1: ChupaCabra_6258|Reflect\n|\n|upkeep\n|turn|2\n|\n|t:|1698986212\n|move|p2a: Snipzz|Dark Pulse|p1a: Azelf\n|-supereffective|p1a: Azelf\n|-damage|p1a: Azelf|0 fnt\n|faint|p1a: Azelf\n|\n|upkeep\n|\n|t:|1698986231\n|switch|p1a: Serperior|Serperior, F, shiny|100\/100\n|turn|3\n|\n|t:|1698986237\n|move|p2a: Snipzz|Ice Beam|p1a: Serperior\n|-supereffective|p1a: Serperior\n|-damage|p1a: Serperior|24\/100\n|move|p1a: Serperior|Leaf Storm|p2a: Snipzz\n|-supereffective|p2a: Snipzz\n|-damage|p2a: Snipzz|0 fnt\n|-boost|p1a: Serperior|spa|2\n|faint|p2a: Snipzz\n|\n|-heal|p1a: Serperior|30\/100|[from] item: Leftovers\n|upkeep\n|\n|t:|1698986270\n|switch|p2a: Zacian|Zacian-Crowned|100\/100\n|-ability|p2a: Zacian|Intrepid Sword|boost\n|-boost|p2a: Zacian|atk|1\n|turn|4\n|\n|t:|1698986288\n|move|p2a: Zacian|Psychic Fangs|p1a: Serperior\n|-sideend|p1: ChupaCabra_6258|Reflect\n|-damage|p1a: Serperior|0 fnt\n|faint|p1a: Serperior\n|\n|upkeep\n|\n|t:|1698986296\n|switch|p1a: Chien-Pao|Chien-Pao|100\/100\n|turn|5\n|\n|t:|1698986309\n|move|p2a: Zacian|Sacred Sword|p1a: Chien-Pao\n|-immune|p1a: Chien-Pao\n|move|p1a: Chien-Pao|Flamethrower|p2a: Zacian\n|-supereffective|p2a: Zacian\n|-damage|p2a: Zacian|42\/100\n|\n|upkeep\n|turn|6\n|\n|t:|1698986324\n|move|p2a: Zacian|Play Rough|p1a: Chien-Pao\n|-enditem|p1a: Chien-Pao|Focus Sash\n|-damage|p1a: Chien-Pao|1\/100\n|replace|p1a: Zoroark|Zoroark-Hisui, F\n|-end|p1a: Zoroark|Illusion\n|move|p1a: Zoroark|Flamethrower|p2a: Zacian\n|-supereffective|p2a: Zacian\n|-damage|p2a: Zacian|0 fnt\n|faint|p2a: Zacian\n|\n|upkeep\n|\n|t:|1698986359\n|switch|p2a: Cinderace|Cinderace, M|100\/100\n|turn|7\n|\n|t:|1698986368\n|move|p2a: Cinderace|Sucker Punch|p1a: Zoroark\n|-start|p2a: Cinderace|typechange|Dark|[from] ability: Libero\n|-supereffective|p1a: Zoroark\n|-damage|p1a: Zoroark|0 fnt\n|faint|p1a: Zoroark\n|\n|upkeep\n|\n|t:|1698986376\n|switch|p1a: Kommo-o|Kommo-o, M|100\/100\n|turn|8\n|\n|t:|1698986412\n|switch|p2a: Dragapult|Dragapult, F|100\/100\n|move|p1a: Kommo-o|Belly Drum|p1a: Kommo-o\n|-damage|p1a: Kommo-o|50\/100\n|-setboost|p1a: Kommo-o|atk|6|[from] move: Belly Drum\n|\n|upkeep\n|turn|9\n|\n|t:|1698986427\n|move|p2a: Dragapult|Dragon Darts|p1a: Kommo-o\n|-supereffective|p1a: Kommo-o\n|-damage|p1a: Kommo-o|0 fnt\n|faint|p1a: Kommo-o\n|\n|upkeep\n|\n|t:|1698986433\n|switch|p1a: Chien-Pao|Chien-Pao|100\/100\n|-ability|p1a: Chien-Pao|Sword of Ruin\n|turn|10\n|\n|t:|1698986447\n|move|p2a: Dragapult|U-turn|p1a: Chien-Pao\n|-supereffective|p1a: Chien-Pao\n|-damage|p1a: Chien-Pao|35\/100\n|\n|t:|1698986452\n|switch|p2a: Cinderace|Cinderace, M|100\/100|[from] U-turn\n|move|p1a: Chien-Pao|Icicle Crash|p2a: Cinderace\n|-resisted|p2a: Cinderace\n|-damage|p2a: Cinderace|57\/100\n|\n|upkeep\n|turn|11\n|\n|t:|1698986462\n|move|p1a: Chien-Pao|Sacred Sword|p2a: Cinderace\n|-damage|p2a: Cinderace|0 fnt\n|faint|p2a: Cinderace\n|\n|upkeep\n|\n|t:|1698986470\n|switch|p2a: Dragapult|Dragapult, F|100\/100\n|turn|12\n|\n|t:|1698986475\n|move|p2a: Dragapult|Dragon Darts|p1a: Chien-Pao\n|-damage|p1a: Chien-Pao|0 fnt\n|faint|p1a: Chien-Pao\n|\n|upkeep\n|\n|t:|1698986479\n|switch|p1a: Mawile|Mawile, F|100\/100\n|-ability|p1a: Mawile|Intimidate|boost\n|-unboost|p2a: Dragapult|atk|1\n|turn|13\n|\n|t:|1698986489\n|detailschange|p1a: Mawile|Mawile-Mega, F\n|-mega|p1a: Mawile|Mawile|Mawilite\n|move|p2a: Dragapult|U-turn|p1a: Mawile\n|-resisted|p1a: Mawile\n|-damage|p1a: Mawile|97\/100\n|\n|t:|1698986504\n|switch|p2a: Zeraora|Zeraora|100\/100|[from] U-turn\n|move|p1a: Mawile|Play Rough|p2a: Zeraora\n|-damage|p2a: Zeraora|0 fnt\n|faint|p2a: Zeraora\n|\n|upkeep\n|\n|t:|1698986516\n|switch|p2a: Urshifu|Urshifu, M|100\/100\n|turn|14\n|\n|t:|1698986537\n|-terastallize|p2a: Urshifu|Steel\n|move|p2a: Urshifu|Wicked Blow|p1a: Mawile\n|-resisted|p1a: Mawile\n|-crit|p1a: Mawile\n|-damage|p1a: Mawile|53\/100\n|move|p1a: Mawile|Play Rough|p2a: Urshifu\n|-resisted|p2a: Urshifu\n|-damage|p2a: Urshifu|56\/100\n|\n|upkeep\n|turn|15\n|\n|t:|1698986551\n|move|p2a: Urshifu|Wicked Blow|p1a: Mawile\n|-resisted|p1a: Mawile\n|-crit|p1a: Mawile\n|-damage|p1a: Mawile|10\/100\n|move|p1a: Mawile|Ice Punch|p2a: Urshifu\n|-resisted|p2a: Urshifu\n|-damage|p2a: Urshifu|33\/100\n|-status|p2a: Urshifu|frz\n|\n|upkeep\n|turn|16\n|\n|t:|1698986562\n|cant|p2a: Urshifu|frz\n|move|p1a: Mawile|Swords Dance|p1a: Mawile\n|-boost|p1a: Mawile|atk|2\n|\n|upkeep\n|turn|17\n|\n|t:|1698986568\n|-curestatus|p2a: Urshifu|frz|[msg]\n|move|p2a: Urshifu|Wicked Blow|p1a: Mawile\n|-resisted|p1a: Mawile\n|-crit|p1a: Mawile\n|-damage|p1a: Mawile|0 fnt\n|faint|p1a: Mawile\n|\n|win|TikToy\n|raw|ChupaCabra_6258's rating: 1139 &rarr; <strong>1114<\/strong><br \/>(-25 for losing)\n|raw|TikToy's rating: 1133 &rarr; <strong>1158<\/strong><br \/>(+25 for winning)\n|l|\u2606ChupaCabra_6258\n","uploadtime":1698986580,"views":8,"p1id":"chupacabra6258","p2id":"tiktoy","formatid":"gen9nationaldexubers","rating":1114,"private":0,"password":""}