{"id":"gen9nationaldexubers-1979862576","p1":"Yuinna.","p2":"XX_1nfinity_XX","format":"[Gen 9] National Dex Ubers","log":"|j|\u2606Yuinna.\n|j|\u2606XX_1nfinity_XX\n|t:|1698721353\n|gametype|singles\n|player|p1|Yuinna.|serena-masters|\n|player|p2|XX_1nfinity_XX|lucas|\n|teamsize|p1|6\n|teamsize|p2|6\n|gen|9\n|tier|[Gen 9] National Dex Ubers\n|rule|HP Percentage Mod: HP is shown in percentages\n|rule|Endless Battle Clause: Forcing endless battles is banned\n|rule|OHKO Clause: OHKO moves are banned\n|rule|Evasion Moves Clause: Evasion moves are banned\n|rule|Evasion Items Clause: Evasion items are banned\n|rule|Species Clause: Limit one of each Pok\u00e9mon\n|rule|Sleep Clause Mod: Limit one foe put to sleep\n|rule|Mega Rayquaza Clause: You cannot mega evolve Rayquaza\n|clearpoke\n|poke|p1|Slowking-Galar, F|\n|poke|p1|Ampharos, M|\n|poke|p1|Alomomola, M|\n|poke|p1|Ferrothorn, F|\n|poke|p1|Enamorus-Therian, F|\n|poke|p1|Glastrier|\n|poke|p2|Magearna|\n|poke|p2|Mawile, M|\n|poke|p2|Hatterene, F|\n|poke|p2|Diancie|\n|poke|p2|Cresselia, F|\n|poke|p2|Mimikyu, F|\n|teampreview\n|inactive|Battle timer is ON: inactive players will automatically lose when time's up. (requested by XX_1nfinity_XX)\n|inactive|Yuinna. also wants the timer to be on.\n|c|\u2606Yuinna.|hf\n|\n|t:|1698721366\n|start\n|switch|p1a: Ferrothorn|Ferrothorn, F|100\/100\n|switch|p2a: Diancie|Diancie|100\/100\n|turn|1\n|c|\u2606XX_1nfinity_XX|u2\n|\n|t:|1698721376\n|switch|p2a: Magearna|Magearna|100\/100\n|move|p1a: Ferrothorn|Gyro Ball|p2a: Magearna\n|-crit|p2a: Magearna\n|-damage|p2a: Magearna|66\/100\n|\n|-heal|p2a: Magearna|72\/100|[from] item: Leftovers\n|upkeep\n|turn|2\n|\n|t:|1698721380\n|move|p2a: Magearna|Volt Switch|p1a: Ferrothorn\n|-resisted|p1a: Ferrothorn\n|-damage|p1a: Ferrothorn|90\/100\n|\n|t:|1698721384\n|switch|p2a: Mimikyu|Mimikyu, F|100\/100|[from] Volt Switch\n|move|p1a: Ferrothorn|Thunder Wave|p2a: Mimikyu\n|-status|p2a: Mimikyu|par\n|\n|-heal|p1a: Ferrothorn|96\/100|[from] item: Leftovers\n|upkeep\n|turn|3\n|\n|t:|1698721391\n|move|p2a: Mimikyu|Drain Punch|p1a: Ferrothorn\n|-supereffective|p1a: Ferrothorn\n|-crit|p1a: Ferrothorn\n|-damage|p1a: Ferrothorn|56\/100\n|-damage|p2a: Mimikyu|88\/100 par|[from] ability: Iron Barbs|[of] p1a: Ferrothorn\n|move|p1a: Ferrothorn|Leech Seed|p2a: Mimikyu\n|-start|p2a: Mimikyu|move: Leech Seed\n|\n|-heal|p1a: Ferrothorn|62\/100|[from] item: Leftovers\n|-damage|p2a: Mimikyu|76\/100 par|[from] Leech Seed|[of] p1a: Ferrothorn\n|-heal|p1a: Ferrothorn|74\/100|[silent]\n|upkeep\n|turn|4\n|\n|t:|1698721396\n|move|p2a: Mimikyu|Drain Punch|p1a: Ferrothorn\n|-supereffective|p1a: Ferrothorn\n|-damage|p1a: Ferrothorn|49\/100\n|-heal|p2a: Mimikyu|90\/100 par|[from] drain|[of] p1a: Ferrothorn\n|-damage|p2a: Mimikyu|77\/100 par|[from] ability: Iron Barbs|[of] p1a: Ferrothorn\n|move|p1a: Ferrothorn|Gyro Ball|p2a: Mimikyu\n|-activate|p2a: Mimikyu|ability: Disguise\n|-damage|p2a: Mimikyu|77\/100 par\n|detailschange|p2a: Mimikyu|Mimikyu-Busted, F\n|-damage|p2a: Mimikyu|65\/100 par|[from] pokemon: Mimikyu-Busted\n|\n|-heal|p1a: Ferrothorn|55\/100|[from] item: Leftovers\n|-damage|p2a: Mimikyu|52\/100 par|[from] Leech Seed|[of] p1a: Ferrothorn\n|-heal|p1a: Ferrothorn|66\/100|[silent]\n|upkeep\n|turn|5\n|\n|t:|1698721412\n|switch|p2a: Hatterene|Hatterene, F|100\/100\n|move|p1a: Ferrothorn|Protect||[still]\n|-fail|p1a: Ferrothorn\n|\n|-heal|p1a: Ferrothorn|72\/100|[from] item: Leftovers\n|upkeep\n|turn|6\n|\n|t:|1698721416\n|move|p1a: Ferrothorn|Gyro Ball|p2a: Hatterene\n|-supereffective|p2a: Hatterene\n|-damage|p2a: Hatterene|74\/100\n|move|p2a: Hatterene|Trick Room|p2a: Hatterene\n|-fieldstart|move: Trick Room|[of] p2a: Hatterene\n|\n|-heal|p1a: Ferrothorn|78\/100|[from] item: Leftovers\n|-heal|p2a: Hatterene|80\/100|[from] item: Leftovers\n|upkeep\n|turn|7\n|\n|t:|1698721424\n|move|p1a: Ferrothorn|Gyro Ball|p2a: Hatterene\n|-supereffective|p2a: Hatterene\n|-damage|p2a: Hatterene|52\/100\n|move|p2a: Hatterene|Future Sight|p1a: Ferrothorn\n|-start|p2a: Hatterene|move: Future Sight\n|\n|-heal|p1a: Ferrothorn|85\/100|[from] item: Leftovers\n|-heal|p2a: Hatterene|58\/100|[from] item: Leftovers\n|upkeep\n|turn|8\n|\n|t:|1698721431\n|switch|p1a: Alomomola|Alomomola, M|100\/100\n|switch|p2a: Mimikyu|Mimikyu-Busted, F|52\/100 par\n|\n|upkeep\n|turn|9\n|\n|t:|1698721435\n|-zpower|p2a: Mimikyu\n|move|p2a: Mimikyu|Let's Snuggle Forever|p1a: Alomomola|[zeffect]\n|-crit|p1a: Alomomola\n|-damage|p1a: Alomomola|34\/100\n|-damage|p2a: Mimikyu|36\/100 par|[from] item: Rocky Helmet|[of] p1a: Alomomola\n|move|p1a: Alomomola|Flip Turn|p2a: Mimikyu\n|-damage|p2a: Mimikyu|17\/100 par\n|\n|t:|1698721450\n|switch|p1a: Glastrier|Glastrier|100\/100|[from] Flip Turn\n|\n|-end|p1a: Glastrier|move: Future Sight\n|-damage|p1a: Glastrier|59\/100\n|-heal|p1a: Glastrier|65\/100|[from] item: Leftovers\n|upkeep\n|turn|10\n|\n|t:|1698721462\n|switch|p2a: Cresselia|Cresselia, F|100\/100\n|move|p1a: Glastrier|Icicle Crash|p2a: Cresselia\n|-damage|p2a: Cresselia|61\/100\n|\n|-heal|p1a: Glastrier|71\/100|[from] item: Leftovers\n|-fieldend|move: Trick Room\n|upkeep\n|turn|11\n|\n|t:|1698721473\n|switch|p1a: Ferrothorn|Ferrothorn, F|85\/100\n|move|p2a: Cresselia|Trick Room|p2a: Cresselia\n|-fieldstart|move: Trick Room|[of] p2a: Cresselia\n|\n|-heal|p1a: Ferrothorn|91\/100|[from] item: Leftovers\n|upkeep\n|turn|12\n|\n|t:|1698721476\n|move|p1a: Ferrothorn|Gyro Ball|p2a: Cresselia\n|-damage|p2a: Cresselia|37\/100\n|move|p2a: Cresselia|Lunar Dance|p2a: Cresselia\n|faint|p2a: Cresselia\n|\n|-heal|p1a: Ferrothorn|97\/100|[from] item: Leftovers\n|upkeep\n|\n|t:|1698721479\n|switch|p2a: Mawile|Mawile, M|100\/100\n|turn|13\n|\n|t:|1698721482\n|detailschange|p2a: Mawile|Mawile-Mega, M\n|-mega|p2a: Mawile|Mawile|Mawilite\n|move|p1a: Ferrothorn|Thunder Wave|p2a: Mawile\n|-status|p2a: Mawile|par\n|move|p2a: Mawile|Swords Dance|p2a: Mawile\n|-boost|p2a: Mawile|atk|2\n|\n|-heal|p1a: Ferrothorn|100\/100|[from] item: Leftovers\n|upkeep\n|turn|14\n|\n|t:|1698721489\n|cant|p2a: Mawile|par\n|move|p1a: Ferrothorn|Leech Seed|p2a: Mawile\n|-start|p2a: Mawile|move: Leech Seed\n|\n|-damage|p2a: Mawile|88\/100 par|[from] Leech Seed|[of] p1a: Ferrothorn\n|upkeep\n|turn|15\n|\n|t:|1698721496\n|move|p1a: Ferrothorn|Gyro Ball|p2a: Mawile\n|-damage|p2a: Mawile|78\/100 par\n|move|p2a: Mawile|Swords Dance|p2a: Mawile\n|-boost|p2a: Mawile|atk|2\n|\n|-damage|p2a: Mawile|66\/100 par|[from] Leech Seed|[of] p1a: Ferrothorn\n|-fieldend|move: Trick Room\n|upkeep\n|turn|16\n|\n|t:|1698721513\n|move|p2a: Mawile|Swords Dance|p2a: Mawile\n|-boost|p2a: Mawile|atk|2\n|move|p1a: Ferrothorn|Gyro Ball|p2a: Mawile\n|-damage|p2a: Mawile|56\/100 par\n|\n|-damage|p2a: Mawile|43\/100 par|[from] Leech Seed|[of] p1a: Ferrothorn\n|upkeep\n|turn|17\n|\n|t:|1698721518\n|move|p1a: Ferrothorn|Protect|p1a: Ferrothorn\n|-singleturn|p1a: Ferrothorn|Protect\n|cant|p2a: Mawile|par\n|\n|-damage|p2a: Mawile|31\/100 par|[from] Leech Seed|[of] p1a: Ferrothorn\n|upkeep\n|turn|18\n|\n|t:|1698721527\n|move|p2a: Mawile|Iron Head|p1a: Ferrothorn\n|-resisted|p1a: Ferrothorn\n|-damage|p1a: Ferrothorn|15\/100\n|-damage|p2a: Mawile|18\/100 par|[from] ability: Iron Barbs|[of] p1a: Ferrothorn\n|move|p1a: Ferrothorn|Gyro Ball|p2a: Mawile\n|-damage|p2a: Mawile|9\/100 par\n|\n|-heal|p1a: Ferrothorn|22\/100|[from] item: Leftovers\n|-damage|p2a: Mawile|0 fnt|[from] Leech Seed|[of] p1a: Ferrothorn\n|-heal|p1a: Ferrothorn|29\/100|[silent]\n|faint|p2a: Mawile\n|upkeep\n|\n|t:|1698721533\n|switch|p2a: Magearna|Magearna|72\/100\n|-heal|p2a: Magearna|100\/100|[from] move: Lunar Dance\n|turn|19\n|c|\u2606XX_1nfinity_XX|man\n|\n|t:|1698721542\n|move|p2a: Magearna|Fleur Cannon|p1a: Ferrothorn\n|-resisted|p1a: Ferrothorn\n|-crit|p1a: Ferrothorn\n|-damage|p1a: Ferrothorn|0 fnt\n|-unboost|p2a: Magearna|spa|2\n|faint|p1a: Ferrothorn\n|-ability|p2a: Magearna|Soul-Heart|boost\n|-boost|p2a: Magearna|spa|1\n|\n|upkeep\n|\n|t:|1698721559\n|switch|p1a: Alomomola|Alomomola, M|67\/100\n|turn|20\n|\n|t:|1698721563\n|move|p1a: Alomomola|Wish|p1a: Alomomola\n|move|p2a: Magearna|Fleur Cannon|p1a: Alomomola\n|-damage|p1a: Alomomola|9\/100\n|-unboost|p2a: Magearna|spa|2\n|\n|upkeep\n|turn|21\n|\n|t:|1698721568\n|move|p1a: Alomomola|Protect|p1a: Alomomola\n|-singleturn|p1a: Alomomola|Protect\n|move|p2a: Magearna|Volt Switch|p1a: Alomomola\n|-activate|p1a: Alomomola|move: Protect\n|\n|-heal|p1a: Alomomola|59\/100|[from] move: Wish|[wisher] Alomomola\n|upkeep\n|turn|22\n|\n|t:|1698721580\n|switch|p1a: Slowking|Slowking-Galar, F|100\/100\n|move|p2a: Magearna|Volt Switch|p1a: Slowking\n|-damage|p1a: Slowking|93\/100\n|\n|t:|1698721582\n|switch|p2a: Hatterene|Hatterene, F|58\/100|[from] Volt Switch\n|\n|-heal|p2a: Hatterene|64\/100|[from] item: Leftovers\n|upkeep\n|turn|23\n|\n|t:|1698721598\n|move|p2a: Hatterene|Future Sight|p1a: Slowking\n|-start|p2a: Hatterene|move: Future Sight\n|move|p1a: Slowking|Trick Room|p1a: Slowking\n|-fieldstart|move: Trick Room|[of] p1a: Slowking\n|\n|-heal|p2a: Hatterene|70\/100|[from] item: Leftovers\n|upkeep\n|turn|24\n|\n|t:|1698721604\n|move|p2a: Hatterene|Draining Kiss|p1a: Slowking\n|-resisted|p1a: Slowking\n|-damage|p1a: Slowking|84\/100\n|-heal|p2a: Hatterene|78\/100|[from] drain|[of] p1a: Slowking\n|-damage|p2a: Hatterene|61\/100|[from] item: Rocky Helmet|[of] p1a: Slowking\n|move|p1a: Slowking|Sludge Bomb|p2a: Hatterene\n|-supereffective|p2a: Hatterene\n|-damage|p2a: Hatterene|0 fnt\n|faint|p2a: Hatterene\n|\n|upkeep\n|\n|t:|1698721608\n|switch|p2a: Diancie|Diancie|100\/100\n|turn|25\n|\n|t:|1698721613\n|move|p1a: Slowking|Toxic|p2a: Diancie\n|-status|p2a: Diancie|tox\n|move|p2a: Diancie|Diamond Storm|p1a: Slowking\n|-damage|p1a: Slowking|44\/100\n|\n|-end|p1a: Slowking|move: Future Sight\n|-damage|p1a: Slowking|9\/100\n|-damage|p2a: Diancie|94\/100 tox|[from] psn\n|upkeep\n|turn|26\n|\n|t:|1698721616\n|move|p1a: Slowking|Chilly Reception|p1a: Slowking\n|-weather|Snow\n|\n|t:|1698721621\n|switch|p1a: Ampharos|Ampharos, M|100\/100|[from] Chilly Reception\n|move|p2a: Diancie|Diamond Storm|p1a: Ampharos\n|-damage|p1a: Ampharos|48\/100\n|\n|-weather|Snow|[upkeep]\n|-damage|p2a: Diancie|82\/100 tox|[from] psn\n|upkeep\n|turn|27\n|\n|t:|1698721630\n|detailschange|p1a: Ampharos|Ampharos-Mega, M\n|-mega|p1a: Ampharos|Ampharos|Ampharosite\n|-ability|p1a: Ampharos|Mold Breaker\n|move|p1a: Ampharos|Volt Switch|p2a: Diancie\n|-damage|p2a: Diancie|42\/100 tox\n|\n|t:|1698721636\n|switch|p1a: Alomomola|Alomomola, M|92\/100|[from] Volt Switch\n|move|p2a: Diancie|Diamond Storm|p1a: Alomomola\n|-damage|p1a: Alomomola|68\/100\n|-boost|p2a: Diancie|def|2\n|\n|-weather|Snow|[upkeep]\n|-damage|p2a: Diancie|24\/100 tox|[from] psn\n|-fieldend|move: Trick Room\n|upkeep\n|turn|28\n|\n|t:|1698721642\n|switch|p2a: Magearna|Magearna|100\/100\n|move|p1a: Alomomola|Wish|p1a: Alomomola\n|\n|-weather|Snow|[upkeep]\n|upkeep\n|turn|29\n|\n|t:|1698721646\n|move|p1a: Alomomola|Flip Turn|p2a: Magearna\n|-damage|p2a: Magearna|88\/100\n|\n|t:|1698721663\n|switch|p1a: Slowking|Slowking-Galar, F|42\/100|[from] Flip Turn\n|move|p2a: Magearna|Trick Room|p2a: Magearna\n|-fieldstart|move: Trick Room|[of] p2a: Magearna\n|\n|-weather|Snow|[upkeep]\n|-heal|p1a: Slowking|100\/100|[from] move: Wish|[wisher] Alomomola\n|-heal|p2a: Magearna|94\/100|[from] item: Leftovers\n|upkeep\n|turn|30\n|\n|t:|1698721668\n|switch|p2a: Diancie|Diancie|24\/100 tox\n|move|p1a: Slowking|Chilly Reception|p1a: Slowking\n|\n|t:|1698721670\n|switch|p1a: Ampharos|Ampharos-Mega, M|48\/100|[from] Chilly Reception\n|-ability|p1a: Ampharos|Mold Breaker\n|\n|-weather|none\n|-damage|p2a: Diancie|17\/100 tox|[from] psn\n|upkeep\n|turn|31\n|\n|t:|1698721678\n|move|p1a: Ampharos|Volt Switch|p2a: Diancie\n|-damage|p2a: Diancie|0 fnt\n|faint|p2a: Diancie\n|\n|t:|1698721689\n|switch|p1a: Alomomola|Alomomola, M|100\/100|[from] Volt Switch\n|\n|upkeep\n|\n|t:|1698721692\n|switch|p2a: Magearna|Magearna|94\/100\n|turn|32\n|\n|t:|1698721695\n|move|p2a: Magearna|Fleur Cannon|p1a: Alomomola\n|-damage|p1a: Alomomola|11\/100\n|-unboost|p2a: Magearna|spa|2\n|move|p1a: Alomomola|Wish|p1a: Alomomola\n|\n|-heal|p2a: Magearna|99\/100|[from] item: Leftovers\n|upkeep\n|turn|33\n|\n|t:|1698721703\n|move|p1a: Alomomola|Protect|p1a: Alomomola\n|-singleturn|p1a: Alomomola|Protect\n|move|p2a: Magearna|Volt Switch|p1a: Alomomola\n|-activate|p1a: Alomomola|move: Protect\n|\n|-heal|p1a: Alomomola|61\/100|[from] move: Wish|[wisher] Alomomola\n|-heal|p2a: Magearna|100\/100|[from] item: Leftovers\n|-fieldend|move: Trick Room\n|upkeep\n|turn|34\n|\n|t:|1698721719\n|move|p1a: Alomomola|Wish|p1a: Alomomola\n|move|p2a: Magearna|Fleur Cannon|p1a: Alomomola\n|-damage|p1a: Alomomola|19\/100\n|-unboost|p2a: Magearna|spa|2\n|\n|upkeep\n|turn|35\n|\n|t:|1698721723\n|switch|p2a: Mimikyu|Mimikyu-Busted, F|17\/100 par\n|move|p1a: Alomomola|Protect||[still]\n|-fail|p1a: Alomomola\n|\n|-heal|p1a: Alomomola|69\/100|[from] move: Wish|[wisher] Alomomola\n|upkeep\n|turn|36\n|\n|t:|1698721729\n|switch|p2a: Magearna|Magearna|100\/100\n|move|p1a: Alomomola|Wish|p1a: Alomomola\n|\n|upkeep\n|turn|37\n|\n|t:|1698721738\n|move|p1a: Alomomola|Protect|p1a: Alomomola\n|-singleturn|p1a: Alomomola|Protect\n|move|p2a: Magearna|Volt Switch|p1a: Alomomola\n|-activate|p1a: Alomomola|move: Protect\n|\n|-heal|p1a: Alomomola|100\/100|[from] move: Wish|[wisher] Alomomola\n|upkeep\n|turn|38\n|\n|t:|1698721745\n|move|p1a: Alomomola|Wish|p1a: Alomomola\n|move|p2a: Magearna|Volt Switch|p1a: Alomomola\n|-supereffective|p1a: Alomomola\n|-damage|p1a: Alomomola|32\/100\n|\n|t:|1698721748\n|switch|p2a: Mimikyu|Mimikyu-Busted, F|17\/100 par|[from] Volt Switch\n|\n|upkeep\n|turn|39\n|\n|t:|1698721759\n|move|p1a: Alomomola|Flip Turn|p2a: Mimikyu\n|-damage|p2a: Mimikyu|0 fnt\n|faint|p2a: Mimikyu\n|\n|t:|1698721764\n|switch|p1a: Ampharos|Ampharos-Mega, M|48\/100|[from] Flip Turn\n|-ability|p1a: Ampharos|Mold Breaker\n|\n|-heal|p1a: Ampharos|100\/100|[from] move: Wish|[wisher] Alomomola\n|upkeep\n|\n|t:|1698721766\n|switch|p2a: Magearna|Magearna|100\/100\n|turn|40\n|\n|t:|1698721776\n|move|p2a: Magearna|Fleur Cannon|p1a: Ampharos\n|-supereffective|p1a: Ampharos\n|-damage|p1a: Ampharos|0 fnt\n|-unboost|p2a: Magearna|spa|2\n|faint|p1a: Ampharos\n|-ability|p2a: Magearna|Soul-Heart|boost\n|-boost|p2a: Magearna|spa|1\n|\n|upkeep\n|\n|t:|1698721780\n|switch|p1a: Slowking|Slowking-Galar, F|100\/100\n|turn|41\n|\n|t:|1698721782\n|move|p2a: Magearna|Volt Switch|p1a: Slowking\n|-damage|p1a: Slowking|89\/100\n|move|p1a: Slowking|Trick Room|p1a: Slowking\n|-fieldstart|move: Trick Room|[of] p1a: Slowking\n|\n|upkeep\n|turn|42\n|\n|t:|1698721788\n|move|p1a: Slowking|Chilly Reception|p1a: Slowking\n|-weather|Snow\n|\n|t:|1698721790\n|switch|p1a: Alomomola|Alomomola, M|66\/100|[from] Chilly Reception\n|move|p2a: Magearna|Volt Switch|p1a: Alomomola\n|-supereffective|p1a: Alomomola\n|-damage|p1a: Alomomola|25\/100\n|\n|-weather|Snow|[upkeep]\n|upkeep\n|turn|43\n|\n|t:|1698721796\n|move|p2a: Magearna|Volt Switch|p1a: Alomomola\n|-supereffective|p1a: Alomomola\n|-damage|p1a: Alomomola|0 fnt\n|faint|p1a: Alomomola\n|-ability|p2a: Magearna|Soul-Heart|boost\n|-boost|p2a: Magearna|spa|1\n|\n|-weather|Snow|[upkeep]\n|upkeep\n|\n|t:|1698721803\n|switch|p1a: Enamorus|Enamorus-Therian, F|100\/100\n|turn|44\n|\n|t:|1698721807\n|move|p2a: Magearna|Volt Switch|p1a: Enamorus\n|-supereffective|p1a: Enamorus\n|-crit|p1a: Enamorus\n|-damage|p1a: Enamorus|27\/100\n|move|p1a: Enamorus|Calm Mind|p1a: Enamorus\n|-boost|p1a: Enamorus|spa|1\n|-boost|p1a: Enamorus|spd|1\n|\n|-weather|Snow|[upkeep]\n|-heal|p1a: Enamorus|33\/100|[from] item: Leftovers\n|upkeep\n|turn|45\n|inactive|Yuinna. has 270 seconds left.\n|inactive|Yuinna. has 240 seconds left.\n|c|\u2606XX_1nfinity_XX|uhh move please\n|c|\u2606XX_1nfinity_XX|i gotta go in 4 minutes\n|inactive|Yuinna. has 210 seconds left.\n|\n|t:|1698721907\n|-terastallize|p1a: Enamorus|Fairy\n|move|p2a: Magearna|Volt Switch|p1a: Enamorus\n|-damage|p1a: Enamorus|15\/100\n|move|p1a: Enamorus|Earth Power|p2a: Magearna\n|-supereffective|p2a: Magearna\n|-damage|p2a: Magearna|14\/100\n|\n|-weather|Snow|[upkeep]\n|-heal|p2a: Magearna|20\/100|[from] item: Leftovers\n|-heal|p1a: Enamorus|21\/100|[from] item: Leftovers\n|-fieldend|move: Trick Room\n|upkeep\n|turn|46\n|\n|t:|1698721916\n|move|p1a: Enamorus|Earth Power|p2a: Magearna\n|-supereffective|p2a: Magearna\n|-damage|p2a: Magearna|0 fnt\n|faint|p2a: Magearna\n|\n|win|Yuinna.\n|c|\u2606XX_1nfinity_XX|gg\n|c|\u2606Yuinna.|gg\n","uploadtime":1698721922,"views":10,"p1id":"yuinna","p2id":"xx1nfinityxx","formatid":"gen9nationaldexubers","rating":0,"private":0,"password":""}