{"id":"gen9nationaldexubers-1985212997","p1":"ReDread47","p2":"jdjdissjs","format":"[Gen 9] National Dex Ubers","log":"|j|\u2606ReDread47\n|j|\u2606jdjdissjs\n|t:|1699349691\n|gametype|singles\n|player|p1|ReDread47|2|1045\n|player|p2|jdjdissjs|cynthia|1000\n|teamsize|p1|6\n|teamsize|p2|6\n|gen|9\n|tier|[Gen 9] National Dex Ubers\n|rated|\n|rule|HP Percentage Mod: HP is shown in percentages\n|rule|Endless Battle Clause: Forcing endless battles is banned\n|rule|OHKO Clause: OHKO moves are banned\n|rule|Evasion Moves Clause: Evasion moves are banned\n|rule|Evasion Items Clause: Evasion items are banned\n|rule|Species Clause: Limit one of each Pok\u00e9mon\n|rule|Sleep Clause Mod: Limit one foe put to sleep\n|rule|Mega Rayquaza Clause: You cannot mega evolve Rayquaza\n|clearpoke\n|poke|p1|Corsola-Galar, M|\n|poke|p1|Blacephalon|\n|poke|p1|Dottler, F|\n|poke|p1|Rampardos, F|\n|poke|p1|Tyranitar, M|\n|poke|p1|Whimsicott, L1, M|\n|poke|p2|Garchomp, M|\n|poke|p2|Lucario, F|\n|poke|p2|Roserade, F|\n|poke|p2|Gastrodon, M|\n|poke|p2|Togekiss, M|\n|poke|p2|Milotic, F|\n|teampreview\n|inactive|Battle timer is ON: inactive players will automatically lose when time's up. (requested by ReDread47)\n|\n|t:|1699349699\n|start\n|switch|p1a: Dottler|Dottler, F|100\/100\n|switch|p2a: Milotic|Milotic, F, shiny|100\/100\n|turn|1\n|\n|t:|1699349708\n|move|p1a: Dottler|Sticky Web|p2a: Milotic\n|-sidestart|p2: jdjdissjs|move: Sticky Web\n|move|p2a: Milotic|Dragon Tail|p1a: Dottler\n|-damage|p1a: Dottler|88\/100\n|drag|p1a: Blacephalon|Blacephalon|100\/100\n|\n|upkeep\n|turn|2\n|\n|t:|1699349723\n|switch|p2a: Roserade|Roserade, F|100\/100\n|-activate|p2a: Roserade|move: Sticky Web\n|-unboost|p2a: Roserade|spe|1\n|-zpower|p1a: Blacephalon\n|move|p1a: Blacephalon|Never-Ending Nightmare|p2a: Roserade|[zeffect]\n|-enditem|p2a: Roserade|Focus Sash\n|-damage|p2a: Roserade|1\/100\n|\n|upkeep\n|turn|3\n|\n|t:|1699349735\n|move|p1a: Blacephalon|Shadow Ball|p2a: Roserade\n|-damage|p2a: Roserade|0 fnt\n|faint|p2a: Roserade\n|-ability|p1a: Blacephalon|Beast Boost|boost\n|-boost|p1a: Blacephalon|spe|1\n|\n|upkeep\n|\n|t:|1699349751\n|switch|p2a: Togekiss|Togekiss, M|100\/100\n|turn|4\n|\n|t:|1699349762\n|move|p1a: Blacephalon|Mind Blown|p2a: Togekiss\n|-damage|p2a: Togekiss|23\/100\n|-damage|p1a: Blacephalon|50\/100|[from] mindblown\n|move|p2a: Togekiss|Air Slash|p1a: Blacephalon\n|-damage|p1a: Blacephalon|0 fnt\n|faint|p1a: Blacephalon\n|\n|upkeep\n|\n|t:|1699349773\n|switch|p1a: Dottler|Dottler, F|88\/100\n|turn|5\n|\n|t:|1699349777\n|move|p2a: Togekiss|Air Slash|p1a: Dottler\n|-supereffective|p1a: Dottler\n|-damage|p1a: Dottler|0 fnt\n|faint|p1a: Dottler\n|\n|upkeep\n|\n|t:|1699349785\n|switch|p1a: Corsola|Corsola-Galar, M|100\/100\n|turn|6\n|\n|t:|1699349789\n|move|p2a: Togekiss|Air Slash|p1a: Corsola\n|-crit|p1a: Corsola\n|-damage|p1a: Corsola|59\/100\n|cant|p1a: Corsola|flinch\n|\n|upkeep\n|turn|7\n|\n|t:|1699349795\n|move|p2a: Togekiss|Air Slash|p1a: Corsola\n|-damage|p1a: Corsola|32\/100\n|cant|p1a: Corsola|flinch\n|\n|upkeep\n|turn|8\n|\n|t:|1699349804\n|move|p2a: Togekiss|Air Slash|p1a: Corsola\n|-damage|p1a: Corsola|3\/100\n|move|p1a: Corsola|Strength Sap|p2a: Togekiss\n|-unboost|p2a: Togekiss|atk|1\n|-heal|p1a: Corsola|32\/100\n|\n|upkeep\n|turn|9\n|\n|t:|1699349813\n|switch|p1a: Rampardos|Rampardos, F|100\/100\n|-ability|p1a: Rampardos|Mold Breaker\n|move|p2a: Togekiss|Air Slash|p1a: Rampardos\n|-resisted|p1a: Rampardos\n|-damage|p1a: Rampardos|73\/100\n|\n|upkeep\n|turn|10\n|\n|t:|1699349828\n|move|p2a: Togekiss|Air Slash|p1a: Rampardos\n|-resisted|p1a: Rampardos\n|-damage|p1a: Rampardos|42\/100\n|move|p1a: Rampardos|Iron Head|p2a: Togekiss\n|-supereffective|p2a: Togekiss\n|-damage|p2a: Togekiss|0 fnt\n|faint|p2a: Togekiss\n|-damage|p1a: Rampardos|32\/100|[from] item: Life Orb\n|\n|upkeep\n|\n|t:|1699349855\n|switch|p2a: Lucario|Lucario, F|100\/100\n|-activate|p2a: Lucario|move: Sticky Web\n|-unboost|p2a: Lucario|spe|1\n|turn|11\n|\n|t:|1699349864\n|detailschange|p2a: Lucario|Lucario-Mega, F\n|-mega|p2a: Lucario|Lucario|Lucarionite\n|move|p2a: Lucario|Focus Blast|p1a: Rampardos\n|-supereffective|p1a: Rampardos\n|-damage|p1a: Rampardos|0 fnt\n|faint|p1a: Rampardos\n|\n|upkeep\n|\n|t:|1699349870\n|switch|p1a: Whimsicott|Whimsicott, L1, M|100\/100\n|turn|12\n|\n|t:|1699349893\n|move|p1a: Whimsicott|Leech Seed|p2a: Lucario\n|-start|p2a: Lucario|move: Leech Seed\n|move|p2a: Lucario|Flash Cannon|p1a: Whimsicott\n|-supereffective|p1a: Whimsicott\n|-enditem|p1a: Whimsicott|Focus Sash\n|-damage|p1a: Whimsicott|8\/100\n|\n|-damage|p2a: Lucario|88\/100|[from] Leech Seed|[of] p1a: Whimsicott\n|-heal|p1a: Whimsicott|100\/100|[silent]\n|upkeep\n|turn|13\n|\n|t:|1699349906\n|move|p1a: Whimsicott|Protect|p1a: Whimsicott\n|-singleturn|p1a: Whimsicott|Protect\n|move|p2a: Lucario|Focus Blast|p1a: Whimsicott\n|-activate|p1a: Whimsicott|move: Protect\n|\n|-damage|p2a: Lucario|76\/100|[from] Leech Seed|[of] p1a: Whimsicott\n|upkeep\n|turn|14\n|\n|t:|1699349915\n|move|p1a: Whimsicott|Substitute|p1a: Whimsicott\n|-start|p1a: Whimsicott|Substitute\n|-damage|p1a: Whimsicott|77\/100\n|move|p2a: Lucario|Focus Blast|p1a: Whimsicott|[miss]\n|-miss|p2a: Lucario|p1a: Whimsicott\n|\n|-damage|p2a: Lucario|63\/100|[from] Leech Seed|[of] p1a: Whimsicott\n|-heal|p1a: Whimsicott|100\/100|[silent]\n|upkeep\n|turn|15\n|inactive|jdjdissjs has 120 seconds left.\n|\n|t:|1699349942\n|move|p2a: Lucario|Nasty Plot|p2a: Lucario\n|-boost|p2a: Lucario|spa|2\n|move|p1a: Whimsicott|Endeavor|p2a: Lucario\n|-damage|p2a: Lucario|5\/100\n|\n|-damage|p2a: Lucario|0 fnt|[from] Leech Seed|[of] p1a: Whimsicott\n|faint|p2a: Lucario\n|upkeep\n|\n|t:|1699349953\n|switch|p2a: Gastrodon|Gastrodon, M|100\/100\n|-activate|p2a: Gastrodon|move: Sticky Web\n|-unboost|p2a: Gastrodon|spe|1\n|turn|16\n|\n|t:|1699349963\n|move|p1a: Whimsicott|Leech Seed|p2a: Gastrodon|[miss]\n|-miss|p1a: Whimsicott|p2a: Gastrodon\n|move|p2a: Gastrodon|Curse|p2a: Gastrodon\n|-unboost|p2a: Gastrodon|spe|1\n|-boost|p2a: Gastrodon|atk|1\n|-boost|p2a: Gastrodon|def|1\n|\n|upkeep\n|turn|17\n|inactive|jdjdissjs has 120 seconds left.\n|\n|t:|1699349971\n|move|p1a: Whimsicott|Leech Seed|p2a: Gastrodon\n|-start|p2a: Gastrodon|move: Leech Seed\n|move|p2a: Gastrodon|Curse|p2a: Gastrodon\n|-unboost|p2a: Gastrodon|spe|1\n|-boost|p2a: Gastrodon|atk|1\n|-boost|p2a: Gastrodon|def|1\n|\n|-damage|p2a: Gastrodon|88\/100|[from] Leech Seed|[of] p1a: Whimsicott\n|upkeep\n|turn|18\n|inactive|jdjdissjs has 120 seconds left.\n|\n|t:|1699349988\n|move|p2a: Gastrodon|Liquidation|p1a: Whimsicott\n|-resisted|p1a: Whimsicott\n|-end|p1a: Whimsicott|Substitute\n|move|p1a: Whimsicott|Endeavor|p2a: Gastrodon\n|-damage|p2a: Gastrodon|4\/100\n|\n|-heal|p2a: Gastrodon|10\/100|[from] item: Leftovers\n|-damage|p2a: Gastrodon|0 fnt|[from] Leech Seed|[of] p1a: Whimsicott\n|faint|p2a: Gastrodon\n|upkeep\n|\n|t:|1699350002\n|switch|p2a: Milotic|Milotic, F, shiny|100\/100\n|-activate|p2a: Milotic|move: Sticky Web\n|-unboost|p2a: Milotic|spe|1\n|turn|19\n|\n|t:|1699350010\n|move|p1a: Whimsicott|Substitute|p1a: Whimsicott\n|-start|p1a: Whimsicott|Substitute\n|-damage|p1a: Whimsicott|77\/100\n|move|p2a: Milotic|Dragon Tail|p1a: Whimsicott\n|-immune|p1a: Whimsicott\n|\n|upkeep\n|turn|20\n|inactive|jdjdissjs has 120 seconds left.\n|\n|t:|1699350029\n|switch|p2a: Garchomp|Garchomp, M|100\/100\n|-activate|p2a: Garchomp|move: Sticky Web\n|-unboost|p2a: Garchomp|spe|1\n|move|p1a: Whimsicott|Leech Seed|p2a: Garchomp\n|-start|p2a: Garchomp|move: Leech Seed\n|\n|-damage|p2a: Garchomp|88\/100|[from] Leech Seed|[of] p1a: Whimsicott\n|-heal|p1a: Whimsicott|100\/100|[silent]\n|upkeep\n|turn|21\n|\n|t:|1699350047\n|move|p2a: Garchomp|Scale Shot|p1a: Whimsicott\n|-immune|p1a: Whimsicott\n|move|p1a: Whimsicott|Endeavor|p2a: Garchomp\n|-damage|p2a: Garchomp|4\/100\n|-damage|p1a: Whimsicott|93\/100|[from] ability: Rough Skin|[of] p2a: Garchomp\n|\n|-damage|p2a: Garchomp|0 fnt|[from] Leech Seed|[of] p1a: Whimsicott\n|-heal|p1a: Whimsicott|100\/100|[silent]\n|faint|p2a: Garchomp\n|upkeep\n|\n|t:|1699350062\n|switch|p2a: Milotic|Milotic, F, shiny|100\/100\n|-activate|p2a: Milotic|move: Sticky Web\n|-unboost|p2a: Milotic|spe|1\n|turn|22\n|\n|t:|1699350071\n|move|p1a: Whimsicott|Leech Seed|p2a: Milotic|[miss]\n|-miss|p1a: Whimsicott|p2a: Milotic\n|move|p2a: Milotic|Ice Beam|p1a: Whimsicott\n|-supereffective|p1a: Whimsicott\n|-end|p1a: Whimsicott|Substitute\n|\n|upkeep\n|turn|23\n|\n|t:|1699350081\n|-terastallize|p2a: Milotic|Water\n|move|p1a: Whimsicott|Leech Seed|p2a: Milotic\n|-start|p2a: Milotic|move: Leech Seed\n|move|p2a: Milotic|Ice Beam|p1a: Whimsicott\n|-supereffective|p1a: Whimsicott\n|-damage|p1a: Whimsicott|0 fnt\n|faint|p1a: Whimsicott\n|\n|upkeep\n|\n|t:|1699350089\n|switch|p1a: Tyranitar|Tyranitar, M|100\/100\n|-weather|Sandstorm|[from] ability: Sand Stream|[of] p1a: Tyranitar\n|turn|24\n|\n|t:|1699350099\n|detailschange|p1a: Tyranitar|Tyranitar-Mega, M\n|-mega|p1a: Tyranitar|Tyranitar|Tyranitarite\n|move|p1a: Tyranitar|Stone Edge|p2a: Milotic\n|-damage|p2a: Milotic|49\/100\n|move|p2a: Milotic|Scald|p1a: Tyranitar\n|-supereffective|p1a: Tyranitar\n|-damage|p1a: Tyranitar|64\/100\n|\n|-weather|Sandstorm|[upkeep]\n|-damage|p2a: Milotic|43\/100|[from] Sandstorm\n|-heal|p2a: Milotic|49\/100|[from] item: Leftovers\n|-damage|p2a: Milotic|36\/100|[from] Leech Seed|[of] p1a: Tyranitar\n|-heal|p1a: Tyranitar|76\/100|[silent]\n|upkeep\n|turn|25\n|inactive|jdjdissjs has 120 seconds left.\n|\n|t:|1699350114\n|move|p1a: Tyranitar|Stone Edge|p2a: Milotic\n|-damage|p2a: Milotic|0 fnt\n|faint|p2a: Milotic\n|\n|win|ReDread47\n|raw|ReDread47's rating: 1045 &rarr; <strong>1074<\/strong><br \/>(+29 for winning)\n|raw|jdjdissjs's rating: 1000 &rarr; <strong>1000<\/strong><br \/>(+0 for losing)\n|c|\u2606ReDread47|gg\n","uploadtime":1699350132,"views":9,"p1id":"redread47","p2id":"jdjdissjs","formatid":"gen9nationaldexubers","rating":1000,"private":0,"password":""}