{"id":"gen9nationaldexubers-1992684678","p1":"Mayler3131","p2":"Bigjoocy","format":"[Gen 9] National Dex Ubers","log":"|j|\u2606Mayler3131\n|j|\u2606Bigjoocy\n|t:|1700224993\n|gametype|singles\n|player|p1|Mayler3131|265|1513\n|player|p2|Bigjoocy|pokekid|1609\n|teamsize|p1|6\n|teamsize|p2|6\n|gen|9\n|tier|[Gen 9] National Dex Ubers\n|rated|\n|rule|HP Percentage Mod: HP is shown in percentages\n|rule|Endless Battle Clause: Forcing endless battles is banned\n|rule|OHKO Clause: OHKO moves are banned\n|rule|Evasion Moves Clause: Evasion moves are banned\n|rule|Evasion Items Clause: Evasion items are banned\n|rule|Species Clause: Limit one of each Pok\u00e9mon\n|rule|Sleep Clause Mod: Limit one foe put to sleep\n|rule|Mega Rayquaza Clause: You cannot mega evolve Rayquaza\n|clearpoke\n|poke|p1|Blissey, F|\n|poke|p1|Giratina-Origin|\n|poke|p1|Zygarde|\n|poke|p1|Ho-Oh|\n|poke|p1|Toxapex, M|\n|poke|p1|Sableye, M|\n|poke|p2|Deoxys-Attack|\n|poke|p2|Shaymin-Sky|\n|poke|p2|Mewtwo|\n|poke|p2|Xerneas-*|\n|poke|p2|Ditto|\n|poke|p2|Zygarde|\n|teampreview\n|\n|t:|1700225006\n|start\n|switch|p1a: Sableye|Sableye, M|100\/100\n|switch|p2a: TIM|Xerneas, shiny|100\/100\n|-ability|p2a: TIM|Fairy Aura\n|turn|1\n|\n|t:|1700225013\n|switch|p1a: Blissey|Blissey, F|100\/100\n|move|p2a: TIM|Moonblast|p1a: Blissey\n|-damage|p1a: Blissey|80\/100\n|\n|-heal|p1a: Blissey|86\/100|[from] item: Leftovers\n|upkeep\n|turn|2\n|inactive|Battle timer is ON: inactive players will automatically lose when time's up. (requested by Bigjoocy)\n|\n|t:|1700225022\n|switch|p2a: SISSYOFFREEMONT|Deoxys-Attack|100\/100\n|-ability|p2a: SISSYOFFREEMONT|Pressure\n|move|p1a: Blissey|Stealth Rock|p2a: SISSYOFFREEMONT\n|-sidestart|p2: Bigjoocy|move: Stealth Rock\n|\n|-heal|p1a: Blissey|93\/100|[from] item: Leftovers\n|upkeep\n|turn|3\n|\n|t:|1700225031\n|switch|p1a: Sableye|Sableye, M|100\/100\n|move|p2a: SISSYOFFREEMONT|Stealth Rock|p1a: Sableye\n|-sidestart|p1: Mayler3131|move: Stealth Rock\n|\n|upkeep\n|turn|4\n|\n|t:|1700225036\n|detailschange|p1a: Sableye|Sableye-Mega, M\n|-mega|p1a: Sableye|Sableye|Sablenite\n|move|p2a: SISSYOFFREEMONT|Knock Off|p1a: Sableye\n|-damage|p1a: Sableye|81\/100\n|move|p1a: Sableye|Knock Off|p2a: SISSYOFFREEMONT\n|-supereffective|p2a: SISSYOFFREEMONT\n|-enditem|p2a: SISSYOFFREEMONT|Focus Sash\n|-damage|p2a: SISSYOFFREEMONT|1\/100\n|\n|upkeep\n|turn|5\n|\n|t:|1700225044\n|move|p2a: SISSYOFFREEMONT|Taunt|p1a: Sableye\n|move|p1a: Sableye|Taunt|p2a: SISSYOFFREEMONT|[from]ability: Magic Bounce\n|-start|p2a: SISSYOFFREEMONT|move: Taunt\n|move|p1a: Sableye|Knock Off|p2a: SISSYOFFREEMONT\n|-supereffective|p2a: SISSYOFFREEMONT\n|-damage|p2a: SISSYOFFREEMONT|0 fnt\n|faint|p2a: SISSYOFFREEMONT\n|\n|upkeep\n|\n|t:|1700225051\n|switch|p2a: BZZZZZT \u26a1\ufe0f|Zygarde|100\/100\n|-damage|p2a: BZZZZZT \u26a1\ufe0f|94\/100|[from] Stealth Rock\n|turn|6\n|\n|t:|1700225055\n|move|p2a: BZZZZZT \u26a1\ufe0f|Substitute|p2a: BZZZZZT \u26a1\ufe0f\n|-start|p2a: BZZZZZT \u26a1\ufe0f|Substitute\n|-damage|p2a: BZZZZZT \u26a1\ufe0f|69\/100\n|move|p1a: Sableye|Will-O-Wisp|p2a: BZZZZZT \u26a1\ufe0f|[miss]\n|-miss|p1a: Sableye|p2a: BZZZZZT \u26a1\ufe0f\n|\n|-heal|p2a: BZZZZZT \u26a1\ufe0f|76\/100|[from] item: Leftovers\n|upkeep\n|turn|7\n|\n|t:|1700225062\n|switch|p1a: Ho-Oh|Ho-Oh|100\/100\n|move|p2a: BZZZZZT \u26a1\ufe0f|Coil|p2a: BZZZZZT \u26a1\ufe0f\n|-boost|p2a: BZZZZZT \u26a1\ufe0f|atk|1\n|-boost|p2a: BZZZZZT \u26a1\ufe0f|def|1\n|-boost|p2a: BZZZZZT \u26a1\ufe0f|accuracy|1\n|\n|-heal|p2a: BZZZZZT \u26a1\ufe0f|82\/100|[from] item: Leftovers\n|upkeep\n|turn|8\n|\n|t:|1700225070\n|move|p2a: BZZZZZT \u26a1\ufe0f|Glare|p1a: Ho-Oh\n|-status|p1a: Ho-Oh|par\n|move|p1a: Ho-Oh|Roar|p2a: BZZZZZT \u26a1\ufe0f\n|drag|p2a: FEDSMOKER|Shaymin-Sky, shiny|100\/100\n|-damage|p2a: FEDSMOKER|76\/100|[from] Stealth Rock\n|\n|upkeep\n|turn|9\n|\n|t:|1700225078\n|move|p2a: FEDSMOKER|Air Slash|p1a: Ho-Oh\n|-damage|p1a: Ho-Oh|79\/100 par\n|cant|p1a: Ho-Oh|flinch\n|\n|upkeep\n|turn|10\n|\n|t:|1700225085\n|move|p2a: FEDSMOKER|Air Slash|p1a: Ho-Oh\n|-damage|p1a: Ho-Oh|58\/100 par\n|cant|p1a: Ho-Oh|flinch\n|\n|upkeep\n|turn|11\n|\n|t:|1700225091\n|move|p2a: FEDSMOKER|Air Slash|p1a: Ho-Oh\n|-damage|p1a: Ho-Oh|38\/100 par\n|cant|p1a: Ho-Oh|flinch\n|\n|upkeep\n|turn|12\n|\n|t:|1700225097\n|switch|p1a: Giratina|Giratina-Origin|100\/100\n|-damage|p1a: Giratina|88\/100|[from] Stealth Rock\n|move|p2a: FEDSMOKER|Air Slash|p1a: Giratina|[miss]\n|-miss|p2a: FEDSMOKER|p1a: Giratina\n|\n|upkeep\n|turn|13\n|\n|t:|1700225103\n|move|p2a: FEDSMOKER|Ominous Wind|p1a: Giratina\n|-supereffective|p1a: Giratina\n|-damage|p1a: Giratina|62\/100\n|move|p1a: Giratina|Defog|p2a: FEDSMOKER\n|-unboost|p2a: FEDSMOKER|evasion|1\n|-sideend|p2: Bigjoocy|Stealth Rock|[from] move: Defog|[of] p1a: Giratina\n|-sideend|p1: Mayler3131|Stealth Rock|[from] move: Defog|[of] p1a: Giratina\n|\n|upkeep\n|turn|14\n|\n|t:|1700225113\n|switch|p1a: Blissey|Blissey, F|93\/100\n|move|p2a: FEDSMOKER|Ominous Wind|p1a: Blissey\n|-immune|p1a: Blissey\n|\n|-heal|p1a: Blissey|99\/100|[from] item: Leftovers\n|upkeep\n|turn|15\n|\n|t:|1700225123\n|move|p2a: FEDSMOKER|Seed Flare|p1a: Blissey\n|-damage|p1a: Blissey|83\/100\n|-unboost|p1a: Blissey|spd|2\n|move|p1a: Blissey|Stealth Rock|p2a: FEDSMOKER\n|-sidestart|p2: Bigjoocy|move: Stealth Rock\n|\n|-heal|p1a: Blissey|89\/100|[from] item: Leftovers\n|upkeep\n|turn|16\n|\n|t:|1700225130\n|switch|p1a: Ho-Oh|Ho-Oh|71\/100 par\n|move|p2a: FEDSMOKER|Seed Flare|p1a: Ho-Oh\n|-resisted|p1a: Ho-Oh\n|-damage|p1a: Ho-Oh|63\/100 par\n|\n|upkeep\n|turn|17\n|\n|t:|1700225136\n|switch|p1a: Blissey|Blissey, F|89\/100\n|move|p2a: FEDSMOKER|Air Slash|p1a: Blissey\n|-damage|p1a: Blissey|79\/100\n|\n|-heal|p1a: Blissey|85\/100|[from] item: Leftovers\n|upkeep\n|turn|18\n|\n|t:|1700225143\n|move|p2a: FEDSMOKER|Air Slash|p1a: Blissey\n|-damage|p1a: Blissey|74\/100\n|cant|p1a: Blissey|flinch\n|\n|-heal|p1a: Blissey|80\/100|[from] item: Leftovers\n|upkeep\n|turn|19\n|\n|t:|1700225152\n|switch|p1a: Ho-Oh|Ho-Oh|96\/100 par\n|move|p2a: FEDSMOKER|Seed Flare|p1a: Ho-Oh\n|-resisted|p1a: Ho-Oh\n|-damage|p1a: Ho-Oh|88\/100 par\n|-unboost|p1a: Ho-Oh|spd|2\n|\n|upkeep\n|turn|20\n|\n|t:|1700225159\n|switch|p1a: Blissey|Blissey, F|80\/100\n|move|p2a: FEDSMOKER|Seed Flare|p1a: Blissey|[miss]\n|-miss|p2a: FEDSMOKER|p1a: Blissey\n|\n|-heal|p1a: Blissey|87\/100|[from] item: Leftovers\n|upkeep\n|turn|21\n|\n|t:|1700225166\n|move|p2a: FEDSMOKER|Seed Flare|p1a: Blissey\n|-damage|p1a: Blissey|71\/100\n|-unboost|p1a: Blissey|spd|2\n|move|p1a: Blissey|Aromatherapy|p1a: Blissey\n|-activate|p1a: Blissey|move: Aromatherapy\n|-curestatus|p1: Ho-Oh|par|[msg]\n|\n|-heal|p1a: Blissey|77\/100|[from] item: Leftovers\n|upkeep\n|turn|22\n|\n|t:|1700225175\n|switch|p1a: Ho-Oh|Ho-Oh|100\/100\n|move|p2a: FEDSMOKER|Ominous Wind|p1a: Ho-Oh\n|-damage|p1a: Ho-Oh|89\/100\n|-boost|p2a: FEDSMOKER|atk|1\n|-boost|p2a: FEDSMOKER|def|1\n|-boost|p2a: FEDSMOKER|spa|1\n|-boost|p2a: FEDSMOKER|spd|1\n|-boost|p2a: FEDSMOKER|spe|1\n|\n|upkeep\n|turn|23\n|\n|t:|1700225183\n|move|p2a: FEDSMOKER|Air Slash|p1a: Ho-Oh\n|-damage|p1a: Ho-Oh|57\/100\n|cant|p1a: Ho-Oh|flinch\n|\n|upkeep\n|turn|24\n|\n|t:|1700225188\n|move|p2a: FEDSMOKER|Air Slash|p1a: Ho-Oh\n|-damage|p1a: Ho-Oh|25\/100\n|move|p1a: Ho-Oh|Sacred Fire|p2a: FEDSMOKER\n|-supereffective|p2a: FEDSMOKER\n|-damage|p2a: FEDSMOKER|0 fnt\n|faint|p2a: FEDSMOKER\n|\n|upkeep\n|\n|t:|1700225198\n|switch|p2a: TIM|Xerneas, shiny|100\/100\n|-damage|p2a: TIM|88\/100|[from] Stealth Rock\n|-ability|p2a: TIM|Fairy Aura\n|turn|25\n|\n|t:|1700225203\n|switch|p1a: Blissey|Blissey, F|77\/100\n|move|p2a: TIM|Psyshock|p1a: Blissey\n|-damage|p1a: Blissey|16\/100\n|\n|-heal|p1a: Blissey|22\/100|[from] item: Leftovers\n|upkeep\n|turn|26\n|\n|t:|1700225212\n|switch|p1a: Ho-Oh|Ho-Oh|58\/100\n|-terastallize|p2a: TIM|Steel\n|move|p2a: TIM|Geomancy||[still]\n|-prepare|p2a: TIM|Geomancy\n|-enditem|p2a: TIM|Power Herb\n|-anim|p2a: TIM|Geomancy|p2a: TIM\n|-boost|p2a: TIM|spa|2\n|-boost|p2a: TIM|spd|2\n|-boost|p2a: TIM|spe|2\n|\n|upkeep\n|turn|27\n|\n|t:|1700225224\n|-terastallize|p1a: Ho-Oh|Fire\n|move|p2a: TIM|Psyshock|p1a: Ho-Oh\n|-damage|p1a: Ho-Oh|21\/100\n|move|p1a: Ho-Oh|Sacred Fire|p2a: TIM\n|-supereffective|p2a: TIM\n|-damage|p2a: TIM|0 fnt\n|faint|p2a: TIM\n|\n|upkeep\n|\n|t:|1700225231\n|switch|p2a: ROIDRAGE|Mewtwo|100\/100\n|-damage|p2a: ROIDRAGE|88\/100|[from] Stealth Rock\n|-ability|p2a: ROIDRAGE|Pressure\n|turn|28\n|\n|t:|1700225237\n|move|p2a: ROIDRAGE|Bulk Up|p2a: ROIDRAGE\n|-boost|p2a: ROIDRAGE|atk|1\n|-boost|p2a: ROIDRAGE|def|1\n|move|p1a: Ho-Oh|Sacred Fire|p2a: ROIDRAGE\n|-damage|p2a: ROIDRAGE|50\/100\n|-status|p2a: ROIDRAGE|brn\n|\n|-damage|p2a: ROIDRAGE|44\/100 brn|[from] brn\n|upkeep\n|turn|29\n|\n|t:|1700225246\n|switch|p1a: Zygarde|Zygarde|100\/100\n|detailschange|p2a: ROIDRAGE|Mewtwo-Mega-X\n|-mega|p2a: ROIDRAGE|Mewtwo|Mewtwonite X\n|move|p2a: ROIDRAGE|Drain Punch|p1a: Zygarde\n|-damage|p1a: Zygarde|80\/100\n|-heal|p2a: ROIDRAGE|56\/100 brn|[from] drain|[of] p1a: Zygarde\n|\n|-heal|p1a: Zygarde|86\/100|[from] item: Leftovers\n|-damage|p2a: ROIDRAGE|50\/100 brn|[from] brn\n|upkeep\n|turn|30\n|\n|t:|1700225258\n|switch|p1a: Toxapex|Toxapex, M|100\/100\n|move|p2a: ROIDRAGE|Ice Punch|p1a: Toxapex\n|-resisted|p1a: Toxapex\n|-damage|p1a: Toxapex|93\/100\n|-damage|p2a: ROIDRAGE|33\/100 brn|[from] item: Rocky Helmet|[of] p1a: Toxapex\n|\n|-damage|p2a: ROIDRAGE|27\/100 brn|[from] brn\n|upkeep\n|turn|31\n|-message|Bigjoocy forfeited.\n|\n|win|Mayler3131\n|raw|Mayler3131's rating: 1513 &rarr; <strong>1538<\/strong><br \/>(+25 for winning)\n|raw|Bigjoocy's rating: 1609 &rarr; <strong>1584<\/strong><br \/>(-25 for losing)\n|l|\u2606Bigjoocy\n|l|\u2606Mayler3131\n","uploadtime":1700225433,"views":7,"p1id":"mayler3131","p2id":"bigjoocy","formatid":"gen9nationaldexubers","rating":1538,"private":0,"password":""}