{"id":"gen9nationaldexubers-1983461418","p1":"i like serperior","p2":"The_Garry_13","format":"[Gen 9] National Dex Ubers","log":"|j|\u2606i like serperior\n|j|\u2606The_Garry_13\n|t:|1699132604\n|gametype|singles\n|player|p1|i like serperior|colress|1445\n|player|p2|The_Garry_13|lance-gen1|1461\n|teamsize|p1|6\n|teamsize|p2|6\n|gen|9\n|tier|[Gen 9] National Dex Ubers\n|rated|\n|rule|HP Percentage Mod: HP is shown in percentages\n|rule|Endless Battle Clause: Forcing endless battles is banned\n|rule|OHKO Clause: OHKO moves are banned\n|rule|Evasion Moves Clause: Evasion moves are banned\n|rule|Evasion Items Clause: Evasion items are banned\n|rule|Species Clause: Limit one of each Pok\u00e9mon\n|rule|Sleep Clause Mod: Limit one foe put to sleep\n|rule|Mega Rayquaza Clause: You cannot mega evolve Rayquaza\n|clearpoke\n|poke|p1|Yveltal|\n|poke|p1|Rayquaza|\n|poke|p1|Ribombee, F|\n|poke|p1|Kyurem-Black|\n|poke|p1|Ninetales-Alola, M|\n|poke|p1|Necrozma-Dawn-Wings|\n|poke|p2|Marshadow|\n|poke|p2|Groudon|\n|poke|p2|Kyogre|\n|poke|p2|Darkrai|\n|poke|p2|Rayquaza|\n|poke|p2|Lugia|\n|teampreview\n|\n|t:|1699132636\n|start\n|switch|p1a: Ribombee|Ribombee, F|100\/100\n|switch|p2a: Lugia|Lugia|100\/100\n|turn|1\n|\n|t:|1699132648\n|move|p1a: Ribombee|Stun Spore|p2a: Lugia|[miss]\n|-miss|p1a: Ribombee|p2a: Lugia\n|move|p2a: Lugia|Toxic|p1a: Ribombee\n|-status|p1a: Ribombee|tox\n|\n|-damage|p1a: Ribombee|94\/100 tox|[from] psn\n|upkeep\n|turn|2\n|\n|t:|1699132659\n|move|p1a: Ribombee|Sticky Web|p2a: Lugia\n|-sidestart|p2: The_Garry_13|move: Sticky Web\n|move|p2a: Lugia|Aeroblast|p1a: Ribombee\n|-supereffective|p1a: Ribombee\n|-damage|p1a: Ribombee|0 fnt\n|faint|p1a: Ribombee\n|\n|upkeep\n|\n|t:|1699132664\n|switch|p1a: Blitzwing|Yveltal|100\/100\n|-ability|p1a: Blitzwing|Dark Aura\n|turn|3\n|\n|t:|1699132670\n|-terastallize|p1a: Blitzwing|Steel\n|move|p1a: Blitzwing|Hone Claws|p1a: Blitzwing\n|-boost|p1a: Blitzwing|atk|1\n|-boost|p1a: Blitzwing|accuracy|1\n|move|p2a: Lugia|Defog|p1a: Blitzwing\n|-unboost|p1a: Blitzwing|evasion|1\n|-sideend|p2: The_Garry_13|Sticky Web|[from] move: Defog|[of] p2a: Lugia\n|\n|upkeep\n|turn|4\n|inactive|Battle timer is ON: inactive players will automatically lose when time's up. (requested by The_Garry_13)\n|\n|t:|1699132684\n|switch|p2a: Groudon|Groudon, shiny|100\/100\n|detailschange|p2a: Groudon|Groudon-Primal, shiny\n|-primal|p2a: Groudon|Red Orb\n|-weather|DesolateLand|[from] ability: Desolate Land|[of] p2a: Groudon\n|move|p1a: Blitzwing|Lash Out|p2a: Groudon\n|-damage|p2a: Groudon|55\/100\n|\n|-weather|DesolateLand|[upkeep]\n|upkeep\n|turn|5\n|\n|t:|1699132694\n|move|p1a: Blitzwing|Sky Attack||[still]\n|-prepare|p1a: Blitzwing|Sky Attack\n|-enditem|p1a: Blitzwing|Power Herb\n|-anim|p1a: Blitzwing|Sky Attack|p2a: Groudon\n|-damage|p2a: Groudon|0 fnt\n|faint|p2a: Groudon\n|-weather|none\n|\n|upkeep\n|\n|t:|1699132702\n|switch|p2a: Marshadow|Marshadow|100\/100\n|turn|6\n|\n|t:|1699132709\n|switch|p1a: Ninetales|Ninetales-Alola, M, shiny|100\/100\n|-weather|Snow|[from] ability: Snow Warning|[of] p1a: Ninetales\n|move|p2a: Marshadow|Spectral Thief|p1a: Ninetales\n|-damage|p1a: Ninetales|54\/100\n|\n|-weather|Snow|[upkeep]\n|upkeep\n|turn|7\n|\n|t:|1699132720\n|move|p2a: Marshadow|Iron Head|p1a: Ninetales\n|-supereffective|p1a: Ninetales\n|-damage|p1a: Ninetales|0 fnt\n|faint|p1a: Ninetales\n|\n|-weather|Snow|[upkeep]\n|upkeep\n|\n|t:|1699132722\n|switch|p1a: Rayquaza|Rayquaza|100\/100\n|-ability|p1a: Rayquaza|Air Lock\n|turn|8\n|\n|t:|1699132752\n|switch|p2a: Lugia|Lugia|100\/100\n|move|p1a: Rayquaza|Hurricane|p2a: Lugia\n|-damage|p2a: Lugia|77\/100\n|\n|-weather|Snow|[upkeep]\n|-heal|p2a: Lugia|83\/100|[from] item: Leftovers\n|upkeep\n|turn|9\n|\n|t:|1699132765\n|move|p1a: Rayquaza|Hurricane|p2a: Lugia\n|-damage|p2a: Lugia|35\/100\n|-start|p2a: Lugia|confusion\n|-activate|p2a: Lugia|confusion\n|move|p2a: Lugia|Toxic|p1a: Rayquaza\n|-status|p1a: Rayquaza|tox\n|\n|-weather|Snow|[upkeep]\n|-heal|p2a: Lugia|41\/100|[from] item: Leftovers\n|-damage|p1a: Rayquaza|94\/100 tox|[from] psn\n|upkeep\n|turn|10\n|inactive|The_Garry_13 has 120 seconds left.\n|\n|t:|1699132788\n|move|p1a: Rayquaza|Hurricane|p2a: Lugia|[miss]\n|-miss|p1a: Rayquaza|p2a: Lugia\n|-activate|p2a: Lugia|confusion\n|-damage|p2a: Lugia|36\/100|[from] confusion\n|\n|-weather|none\n|-heal|p2a: Lugia|43\/100|[from] item: Leftovers\n|-damage|p1a: Rayquaza|82\/100 tox|[from] psn\n|upkeep\n|turn|11\n|inactive|The_Garry_13 has 120 seconds left.\n|\n|t:|1699132798\n|move|p1a: Rayquaza|Hurricane|p2a: Lugia\n|-damage|p2a: Lugia|0 fnt\n|faint|p2a: Lugia\n|\n|-damage|p1a: Rayquaza|63\/100 tox|[from] psn\n|upkeep\n|inactive|The_Garry_13 has 120 seconds left.\n|\n|t:|1699132805\n|switch|p2a: Kyogre|Kyogre|100\/100\n|-weather|RainDance|[from] ability: Drizzle|[of] p2a: Kyogre\n|turn|12\n|\n|t:|1699132809\n|move|p2a: Kyogre|Ice Beam|p1a: Rayquaza\n|-supereffective|p1a: Rayquaza\n|-damage|p1a: Rayquaza|0 fnt\n|faint|p1a: Rayquaza\n|\n|-weather|RainDance|[upkeep]\n|upkeep\n|\n|t:|1699132814\n|switch|p1a: Frost bite|Kyurem-Black, shiny|100\/100\n|-ability|p1a: Frost bite|Teravolt\n|turn|13\n|\n|t:|1699132837\n|move|p2a: Kyogre|Ice Beam|p1a: Frost bite\n|-damage|p1a: Frost bite|67\/100\n|move|p1a: Frost bite|Dragon Dance|p1a: Frost bite\n|-boost|p1a: Frost bite|atk|1\n|-boost|p1a: Frost bite|spe|1\n|\n|-weather|RainDance|[upkeep]\n|upkeep\n|turn|14\n|inactive|The_Garry_13 has 120 seconds left.\n|c|\u2606The_Garry_13|U dont learn\n|\n|t:|1699132860\n|move|p1a: Frost bite|Scale Shot|p2a: Kyogre\n|-damage|p2a: Kyogre|72\/100\n|-damage|p2a: Kyogre|41\/100\n|-damage|p2a: Kyogre|13\/100\n|-damage|p2a: Kyogre|0 fnt\n|faint|p2a: Kyogre\n|-hitcount|p2: Kyogre|4\n|-unboost|p1a: Frost bite|def|1\n|-boost|p1a: Frost bite|spe|1\n|\n|-weather|RainDance|[upkeep]\n|upkeep\n|\n|t:|1699132874\n|switch|p2a: Darkrai|Darkrai|100\/100\n|turn|15\n|\n|t:|1699132877\n|move|p1a: Frost bite|Icicle Spear|p2a: Darkrai\n|-damage|p2a: Darkrai|68\/100\n|-damage|p2a: Darkrai|31\/100\n|-damage|p2a: Darkrai|0 fnt\n|faint|p2a: Darkrai\n|-hitcount|p2: Darkrai|3\n|\n|-weather|RainDance|[upkeep]\n|upkeep\n|inactive|The_Garry_13 has 120 seconds left.\n|\n|t:|1699132890\n|switch|p2a: Marshadow|Marshadow|100\/100\n|turn|16\n|\n|t:|1699132893\n|move|p1a: Frost bite|Icicle Spear|p2a: Marshadow\n|-damage|p2a: Marshadow|67\/100\n|-damage|p2a: Marshadow|30\/100\n|-damage|p2a: Marshadow|0 fnt\n|faint|p2a: Marshadow\n|-hitcount|p2: Marshadow|3\n|\n|-weather|none\n|upkeep\n|-message|The_Garry_13 forfeited.\n|\n|win|i like serperior\n|raw|i like serperior's rating: 1445 &rarr; <strong>1466<\/strong><br \/>(+21 for winning)\n|raw|The_Garry_13's rating: 1461 &rarr; <strong>1440<\/strong><br \/>(-21 for losing)\n|l|\u2606The_Garry_13\n","uploadtime":1699132906,"views":15,"p1id":"ilikeserperior","p2id":"thegarry13","formatid":"gen9nationaldexubers","rating":1440,"private":0,"password":""}