{"id":"gen9nationaldexubers-1997075622","p1":"Theimpactassault","p2":"SeamlessStan","format":"[Gen 9] National Dex Ubers","log":"|j|\u2606Theimpactassault\n|j|\u2606SeamlessStan\n|t:|1700762020\n|gametype|singles\n|player|p1|Theimpactassault|hilda|1389\n|player|p2|SeamlessStan|2|1394\n|teamsize|p1|6\n|teamsize|p2|6\n|gen|9\n|tier|[Gen 9] National Dex Ubers\n|rated|\n|rule|HP Percentage Mod: HP is shown in percentages\n|rule|Endless Battle Clause: Forcing endless battles is banned\n|rule|OHKO Clause: OHKO moves are banned\n|rule|Evasion Moves Clause: Evasion moves are banned\n|rule|Evasion Items Clause: Evasion items are banned\n|rule|Species Clause: Limit one of each Pok\u00e9mon\n|rule|Sleep Clause Mod: Limit one foe put to sleep\n|rule|Mega Rayquaza Clause: You cannot mega evolve Rayquaza\n|clearpoke\n|poke|p1|Chi-Yu|\n|poke|p1|Chien-Pao|\n|poke|p1|Zacian-*|\n|poke|p1|Eternatus|\n|poke|p1|Marshadow|\n|poke|p1|Arceus|\n|poke|p2|Arceus-Ground|\n|poke|p2|Marshadow|\n|poke|p2|Chi-Yu|\n|poke|p2|Salamence, F|\n|poke|p2|Palkia-Origin|\n|poke|p2|Xerneas-*|\n|teampreview\n|\n|t:|1700762038\n|start\n|switch|p1a: Zacian|Zacian-Crowned|100\/100\n|switch|p2a: Salamence|Salamence, F|100\/100\n|-ability|p1a: Zacian|Intrepid Sword|boost\n|-boost|p1a: Zacian|atk|1\n|-ability|p2a: Salamence|Intimidate|boost\n|-unboost|p1a: Zacian|atk|1\n|turn|1\n|\n|t:|1700762047\n|switch|p2a: Chi-Yu|Chi-Yu|100\/100\n|-ability|p2a: Chi-Yu|Beads of Ruin\n|move|p1a: Zacian|Play Rough|p2a: Chi-Yu\n|-damage|p2a: Chi-Yu|19\/100\n|\n|upkeep\n|turn|2\n|\n|t:|1700762058\n|switch|p1a: Chi-Yu|Chi-Yu|100\/100\n|-ability|p1a: Chi-Yu|Beads of Ruin\n|move|p2a: Chi-Yu|Fire Blast|p1a: Chi-Yu\n|-resisted|p1a: Chi-Yu\n|-damage|p1a: Chi-Yu|64\/100\n|\n|upkeep\n|turn|3\n|inactive|Battle timer is ON: inactive players will automatically lose when time's up. (requested by Theimpactassault)\n|\n|t:|1700762086\n|switch|p2a: Salamence|Salamence, F|100\/100\n|-ability|p2a: Salamence|Intimidate|boost\n|-unboost|p1a: Chi-Yu|atk|1\n|move|p1a: Chi-Yu|Dark Pulse|p2a: Salamence\n|-damage|p2a: Salamence|29\/100\n|\n|upkeep\n|turn|4\n|\n|t:|1700762097\n|switch|p2a: Xerneas|Xerneas|100\/100\n|-ability|p2a: Xerneas|Fairy Aura\n|move|p1a: Chi-Yu|Dark Pulse|p2a: Xerneas\n|-resisted|p2a: Xerneas\n|-damage|p2a: Xerneas|76\/100\n|\n|upkeep\n|turn|5\n|\n|t:|1700762105\n|switch|p1a: Marshadow|Marshadow|100\/100\n|move|p2a: Xerneas|Moonblast|p1a: Marshadow\n|-supereffective|p1a: Marshadow\n|-enditem|p1a: Marshadow|Focus Sash\n|-damage|p1a: Marshadow|1\/100\n|-unboost|p1a: Marshadow|spa|1\n|\n|upkeep\n|turn|6\n|\n|t:|1700762119\n|move|p1a: Marshadow|Spectral Thief|p2a: Xerneas\n|-damage|p2a: Xerneas|37\/100\n|move|p2a: Xerneas|Moonblast|p1a: Marshadow\n|-supereffective|p1a: Marshadow\n|-crit|p1a: Marshadow\n|-damage|p1a: Marshadow|0 fnt\n|faint|p1a: Marshadow\n|\n|upkeep\n|\n|t:|1700762125\n|switch|p1a: Zacian|Zacian-Crowned|100\/100\n|turn|7\n|\n|t:|1700762133\n|switch|p2a: Salamence|Salamence, F|29\/100\n|-ability|p2a: Salamence|Intimidate|boost\n|-unboost|p1a: Zacian|atk|1\n|move|p1a: Zacian|Swords Dance|p1a: Zacian\n|-boost|p1a: Zacian|atk|2\n|\n|upkeep\n|turn|8\n|\n|t:|1700762158\n|detailschange|p2a: Salamence|Salamence-Mega, F\n|-mega|p2a: Salamence|Salamence|Salamencite\n|move|p1a: Zacian|Behemoth Blade|p2a: Salamence\n|-damage|p2a: Salamence|0 fnt\n|faint|p2a: Salamence\n|\n|upkeep\n|\n|t:|1700762169\n|switch|p2a: Chi-Yu|Chi-Yu|19\/100\n|-ability|p2a: Chi-Yu|Beads of Ruin\n|turn|9\n|inactive|SeamlessStan has 120 seconds left.\n|inactive|SeamlessStan has 90 seconds left.\n|\n|t:|1700762220\n|switch|p1a: Chi-Yu|Chi-Yu|64\/100\n|-ability|p1a: Chi-Yu|Beads of Ruin\n|move|p2a: Chi-Yu|Fire Blast|p1a: Chi-Yu|[miss]\n|-miss|p2a: Chi-Yu|p1a: Chi-Yu\n|\n|upkeep\n|turn|10\n|inactive|SeamlessStan has 90 seconds left.\n|inactive|SeamlessStan has 60 seconds left.\n|\n|t:|1700762284\n|move|p2a: Chi-Yu|Fire Blast|p1a: Chi-Yu\n|-resisted|p1a: Chi-Yu\n|-damage|p1a: Chi-Yu|32\/100\n|move|p1a: Chi-Yu|Fire Blast|p2a: Chi-Yu\n|-resisted|p2a: Chi-Yu\n|-damage|p2a: Chi-Yu|0 fnt\n|faint|p2a: Chi-Yu\n|\n|upkeep\n|\n|t:|1700762294\n|switch|p2a: Palkia|Palkia-Origin|100\/100\n|-ability|p2a: Palkia|Pressure\n|turn|11\n|\n|t:|1700762301\n|move|p1a: Chi-Yu|Fire Blast|p2a: Palkia\n|-resisted|p2a: Palkia\n|-damage|p2a: Palkia|82\/100\n|move|p2a: Palkia|Earth Power|p1a: Chi-Yu\n|-supereffective|p1a: Chi-Yu\n|-damage|p1a: Chi-Yu|0 fnt\n|faint|p1a: Chi-Yu\n|\n|upkeep\n|\n|t:|1700762314\n|switch|p1a: Zacian|Zacian-Crowned|100\/100\n|turn|12\n|\n|t:|1700762324\n|-terastallize|p2a: Palkia|Water\n|move|p1a: Zacian|Play Rough|p2a: Palkia\n|-damage|p2a: Palkia|28\/100\n|move|p2a: Palkia|Hydro Pump|p1a: Zacian\n|-damage|p1a: Zacian|5\/100\n|\n|upkeep\n|turn|13\n|\n|t:|1700762332\n|move|p1a: Zacian|Play Rough|p2a: Palkia\n|-damage|p2a: Palkia|0 fnt\n|faint|p2a: Palkia\n|\n|upkeep\n|\n|t:|1700762335\n|switch|p2a: Marshadow|Marshadow|100\/100\n|turn|14\n|inactive|SeamlessStan has 60 seconds left.\n|\n|t:|1700762347\n|switch|p1a: Arceus|Arceus|100\/100\n|move|p2a: Marshadow|Shadow Sneak|p1a: Arceus\n|-immune|p1a: Arceus\n|\n|upkeep\n|turn|15\n|\n|t:|1700762354\n|switch|p1a: Eternatus|Eternatus|100\/100\n|-ability|p1a: Eternatus|Pressure\n|move|p2a: Marshadow|Bulk Up|p2a: Marshadow\n|-boost|p2a: Marshadow|atk|1\n|-boost|p2a: Marshadow|def|1\n|\n|upkeep\n|turn|16\n|\n|t:|1700762360\n|move|p1a: Eternatus|Sludge Wave|p2a: Marshadow\n|-resisted|p2a: Marshadow\n|-damage|p2a: Marshadow|55\/100\n|move|p2a: Marshadow|Spectral Thief|p1a: Eternatus\n|-crit|p1a: Eternatus\n|-damage|p1a: Eternatus|0 fnt\n|faint|p1a: Eternatus\n|-damage|p2a: Marshadow|45\/100|[from] item: Life Orb\n|\n|upkeep\n|\n|t:|1700762365\n|switch|p1a: Chien-Pao|Chien-Pao|100\/100\n|-ability|p1a: Chien-Pao|Sword of Ruin\n|turn|17\n|\n|t:|1700762371\n|move|p2a: Marshadow|Shadow Sneak|p1a: Chien-Pao\n|-resisted|p1a: Chien-Pao\n|-damage|p1a: Chien-Pao|60\/100\n|-damage|p2a: Marshadow|35\/100|[from] item: Life Orb\n|move|p1a: Chien-Pao|Icicle Crash|p2a: Marshadow\n|-crit|p2a: Marshadow\n|-damage|p2a: Marshadow|0 fnt\n|faint|p2a: Marshadow\n|\n|upkeep\n|inactive|SeamlessStan has 90 seconds left.\n|\n|t:|1700762379\n|switch|p2a: Arceus|Arceus-Ground|100\/100\n|turn|18\n|\n|t:|1700762383\n|move|p1a: Chien-Pao|Icicle Crash|p2a: Arceus\n|-supereffective|p2a: Arceus\n|-damage|p2a: Arceus|0 fnt\n|faint|p2a: Arceus\n|\n|upkeep\n|\n|t:|1700762386\n|switch|p2a: Xerneas|Xerneas|37\/100\n|-ability|p2a: Xerneas|Fairy Aura\n|turn|19\n|inactive|Theimpactassault has 120 seconds left.\n|inactive|Theimpactassault has 90 seconds left.\n|inactive|Theimpactassault has 60 seconds left.\n|inactive|Theimpactassault has 30 seconds left.\n|inactive|Theimpactassault has 20 seconds left.\n|inactive|Theimpactassault has 15 seconds left.\n|inactive|Theimpactassault has 10 seconds left.\n|inactive|Theimpactassault has 5 seconds left.\n|\n|t:|1700762532\n|move|p1a: Chien-Pao|Icicle Crash|p2a: Xerneas\n|-damage|p2a: Xerneas|0 fnt\n|faint|p2a: Xerneas\n|\n|win|Theimpactassault\n|inactive|Theimpactassault has 10 seconds left this turn.\n|raw|Theimpactassault's rating: 1389 &rarr; <strong>1409<\/strong><br \/>(+20 for winning)\n|raw|SeamlessStan's rating: 1394 &rarr; <strong>1374<\/strong><br \/>(-20 for losing)\n|c|\u2606SeamlessStan|gg\n","uploadtime":1700762546,"views":4,"p1id":"theimpactassault","p2id":"seamlessstan","formatid":"gen9nationaldexubers","rating":1374,"private":0,"password":""}