{"id":"gen9nationaldexubers-1989516618","p1":"Garchomp8000","p2":"Isfaar","format":"[Gen 9] National Dex Ubers","log":"|j|\u2606Garchomp8000\n|j|\u2606Isfaar\n|t:|1699864148\n|gametype|singles\n|player|p1|Garchomp8000|policeman-gen4|1369\n|player|p2|Isfaar|gambler|1119\n|teamsize|p1|6\n|teamsize|p2|6\n|gen|9\n|tier|[Gen 9] National Dex Ubers\n|rated|\n|rule|HP Percentage Mod: HP is shown in percentages\n|rule|Endless Battle Clause: Forcing endless battles is banned\n|rule|OHKO Clause: OHKO moves are banned\n|rule|Evasion Moves Clause: Evasion moves are banned\n|rule|Evasion Items Clause: Evasion items are banned\n|rule|Species Clause: Limit one of each Pok\u00e9mon\n|rule|Sleep Clause Mod: Limit one foe put to sleep\n|rule|Mega Rayquaza Clause: You cannot mega evolve Rayquaza\n|clearpoke\n|poke|p1|Yveltal|\n|poke|p1|Volcanion|\n|poke|p1|Zekrom|\n|poke|p1|Ditto|\n|poke|p1|Xatu, M|\n|poke|p1|Malamar, M|\n|poke|p2|Ursaluna-Bloodmoon, M|\n|poke|p2|Stakataka|\n|poke|p2|Dragapult, M|\n|poke|p2|Conkeldurr, F|\n|poke|p2|Charizard, F|\n|poke|p2|Ogerpon-Wellspring, F|\n|teampreview\n|inactive|Battle timer is ON: inactive players will automatically lose when time's up. (requested by Garchomp8000)\n|c|\u2606Isfaar|pretty intresting team you got there\n|\n|t:|1699864184\n|start\n|switch|p1a: Ditto|Ditto|100\/100\n|switch|p2a: Stakataka|Stakataka|100\/100\n|-transform|p1a: Ditto|p2a: Stakataka|[from] ability: Imposter\n|turn|1\n|\n|t:|1699864192\n|-terastallize|p2a: Stakataka|Fighting\n|move|p2a: Stakataka|Body Press|p1a: Ditto\n|-supereffective|p1a: Ditto\n|-damage|p1a: Ditto|0 fnt\n|faint|p1a: Ditto\n|-ability|p2a: Stakataka|Beast Boost|boost\n|-boost|p2a: Stakataka|def|1\n|\n|upkeep\n|\n|t:|1699864195\n|switch|p1a: Malamar|Malamar, M|100\/100\n|turn|2\n|c|\u2606Garchomp8000|I just go with what ever I can get and wish for the best\n|c|\u2606Isfaar|same here\n|\n|t:|1699864224\n|move|p1a: Malamar|Acupressure|p1a: Malamar\n|-boost|p1a: Malamar|atk|2\n|move|p2a: Stakataka|Body Press|p1a: Malamar\n|-damage|p1a: Malamar|33\/100\n|\n|upkeep\n|turn|3\n|inactive|Isfaar has 120 seconds left.\n|c|\u2606Isfaar|go for a psychic attack\n|c|\u2606Isfaar|if you have one\n|\n|t:|1699864255\n|-terastallize|p1a: Malamar|Ghost\n|move|p1a: Malamar|Acupressure|p1a: Malamar\n|-boost|p1a: Malamar|evasion|2\n|move|p2a: Stakataka|Body Press|p1a: Malamar\n|-immune|p1a: Malamar\n|\n|upkeep\n|turn|4\n|c|\u2606Isfaar|Or that also works\n|c|\u2606Isfaar|haha\n|c|\u2606Garchomp8000|=P\n|\n|t:|1699864277\n|move|p1a: Malamar|Acupressure|p1a: Malamar\n|-boost|p1a: Malamar|accuracy|2\n|move|p2a: Stakataka|Gyro Ball|p1a: Malamar|[miss]\n|-miss|p2a: Stakataka|p1a: Malamar\n|\n|upkeep\n|turn|5\n|\n|t:|1699864284\n|move|p1a: Malamar|Acupressure|p1a: Malamar\n|-boost|p1a: Malamar|def|2\n|move|p2a: Stakataka|Gyro Ball|p1a: Malamar|[miss]\n|-miss|p2a: Stakataka|p1a: Malamar\n|\n|upkeep\n|turn|6\n|\n|t:|1699864290\n|move|p1a: Malamar|Topsy-Turvy|p2a: Stakataka\n|-invertboost|p2a: Stakataka|[from] move: Topsy-Turvy\n|move|p2a: Stakataka|Gyro Ball|p1a: Malamar\n|-damage|p1a: Malamar|7\/100\n|\n|upkeep\n|turn|7\n|\n|t:|1699864301\n|move|p1a: Malamar|Rest|p1a: Malamar\n|-status|p1a: Malamar|slp|[from] move: Rest\n|-heal|p1a: Malamar|100\/100 slp|[silent]\n|move|p2a: Stakataka|Earthquake|p1a: Malamar\n|-damage|p1a: Malamar|88\/100 slp\n|\n|upkeep\n|turn|8\n|\n|t:|1699864311\n|switch|p2a: Dragapult|Dragapult, M|100\/100\n|cant|p1a: Malamar|slp\n|\n|upkeep\n|turn|9\n|\n|t:|1699864315\n|move|p2a: Dragapult|Phantom Force||[still]\n|-prepare|p2a: Dragapult|Phantom Force\n|cant|p1a: Malamar|slp\n|\n|upkeep\n|turn|10\n|\n|t:|1699864321\n|move|p2a: Dragapult|Phantom Force|p1a: Malamar|[from]lockedmove\n|-supereffective|p1a: Malamar\n|-damage|p1a: Malamar|38\/100 slp\n|-curestatus|p1a: Malamar|slp|[msg]\n|move|p1a: Malamar|Acupressure|p1a: Malamar\n|-boost|p1a: Malamar|evasion|2\n|\n|upkeep\n|turn|11\n|\n|t:|1699864327\n|move|p2a: Dragapult|Phantom Force||[still]\n|-prepare|p2a: Dragapult|Phantom Force\n|move|p1a: Malamar|Acupressure|p1a: Malamar\n|-boost|p1a: Malamar|atk|2\n|\n|upkeep\n|turn|12\n|\n|t:|1699864330\n|move|p2a: Dragapult|Phantom Force|p1a: Malamar|[from]lockedmove|[miss]\n|-miss|p2a: Dragapult|p1a: Malamar\n|move|p1a: Malamar|Acupressure|p1a: Malamar\n|-boost|p1a: Malamar|evasion|2\n|\n|upkeep\n|turn|13\n|\n|t:|1699864338\n|move|p2a: Dragapult|Phantom Force||[still]\n|-prepare|p2a: Dragapult|Phantom Force\n|move|p1a: Malamar|Acupressure|p1a: Malamar\n|-boost|p1a: Malamar|spe|2\n|\n|upkeep\n|turn|14\n|\n|t:|1699864344\n|move|p2a: Dragapult|Phantom Force|p1a: Malamar|[from]lockedmove|[miss]\n|-miss|p2a: Dragapult|p1a: Malamar\n|move|p1a: Malamar|Stored Power|p2a: Dragapult\n|-damage|p2a: Dragapult|0 fnt\n|faint|p2a: Dragapult\n|\n|upkeep\n|c|\u2606Garchomp8000|Welp, got the psychic powers\n|\n|t:|1699864361\n|switch|p2a: Ursaluna|Ursaluna-Bloodmoon, M|100\/100\n|turn|15\n|c|\u2606Garchomp8000|=P\n|\n|t:|1699864365\n|move|p1a: Malamar|Stored Power|p2a: Ursaluna\n|-crit|p2a: Ursaluna\n|-damage|p2a: Ursaluna|0 fnt\n|faint|p2a: Ursaluna\n|\n|upkeep\n|c|\u2606Isfaar|in real life\n|c|\u2606Isfaar|u got em\n|c|\u2606Isfaar|ur smart\n|c|\u2606Garchomp8000|Always got the\n|c|\u2606Isfaar|even if people call u dumb\n|inactive|Isfaar has 120 seconds left.\n|c|\u2606Garchomp8000|element of surprise\n|c|\u2606Isfaar|your smart in your own way\n|\n|t:|1699864408\n|switch|p2a: Ogerpon|Ogerpon-Wellspring, F|100\/100\n|turn|16\n|\n|t:|1699864414\n|move|p1a: Malamar|Stored Power|p2a: Ogerpon\n|-damage|p2a: Ogerpon|0 fnt\n|faint|p2a: Ogerpon\n|\n|upkeep\n|\n|t:|1699864423\n|switch|p2a: Charizard|Charizard, F|100\/100\n|turn|17\n|\n|t:|1699864426\n|move|p1a: Malamar|Stored Power|p2a: Charizard\n|-damage|p2a: Charizard|0 fnt\n|faint|p2a: Charizard\n|\n|upkeep\n|\n|t:|1699864430\n|switch|p2a: Stakataka|Stakataka, tera:Fighting|100\/100\n|turn|18\n|\n|t:|1699864435\n|move|p1a: Malamar|Stored Power|p2a: Stakataka\n|-supereffective|p2a: Stakataka\n|-damage|p2a: Stakataka|0 fnt\n|faint|p2a: Stakataka\n|\n|upkeep\n|c|\u2606Isfaar|gg im dead\n|\n|t:|1699864444\n|switch|p2a: Conkeldurr|Conkeldurr, F|100\/100\n|turn|19\n|c|\u2606Garchomp8000|GG\n|\n|t:|1699864449\n|move|p1a: Malamar|Stored Power|p2a: Conkeldurr\n|-supereffective|p2a: Conkeldurr\n|-damage|p2a: Conkeldurr|0 fnt\n|faint|p2a: Conkeldurr\n|\n|win|Garchomp8000\n|raw|Garchomp8000's rating: 1369 &rarr; <strong>1377<\/strong><br \/>(+8 for winning)\n|raw|Isfaar's rating: 1119 &rarr; <strong>1109<\/strong><br \/>(-10 for losing)\n|l|\u2606Isfaar\n","uploadtime":1699864461,"views":5,"p1id":"garchomp8000","p2id":"isfaar","formatid":"gen9nationaldexubers","rating":1109,"private":0,"password":""}