{"id":"gen9nationaldexubers-1987218809","p1":"spidernoculus","p2":"BeRad773","format":"[Gen 9] National Dex Ubers","log":"|j|\u2606spidernoculus\n|j|\u2606BeRad773\n|t:|1699566374\n|gametype|singles\n|player|p1|spidernoculus|rosa|\n|player|p2|BeRad773|266|\n|teamsize|p1|6\n|teamsize|p2|6\n|gen|9\n|tier|[Gen 9] National Dex Ubers\n|rule|HP Percentage Mod: HP is shown in percentages\n|rule|Endless Battle Clause: Forcing endless battles is banned\n|rule|OHKO Clause: OHKO moves are banned\n|rule|Evasion Moves Clause: Evasion moves are banned\n|rule|Evasion Items Clause: Evasion items are banned\n|rule|Species Clause: Limit one of each Pok\u00e9mon\n|rule|Sleep Clause Mod: Limit one foe put to sleep\n|rule|Mega Rayquaza Clause: You cannot mega evolve Rayquaza\n|clearpoke\n|poke|p1|Arceus-Fire|\n|poke|p1|Genesect|\n|poke|p1|Deoxys|\n|poke|p1|Naganadel|\n|poke|p1|Metagross|\n|poke|p1|Kingambit, F|\n|poke|p2|Kyurem-Black|\n|poke|p2|Genesect|\n|poke|p2|Blaziken, F|\n|poke|p2|Mewtwo|\n|poke|p2|Groudon|\n|poke|p2|Zacian-*|\n|teampreview\n|c|\u2606spidernoculus|GL HF\n|\n|t:|1699566404\n|start\n|switch|p1a: Deoxys|Deoxys|100\/100\n|switch|p2a: Groudon|Groudon|100\/100\n|-ability|p1a: Deoxys|Pressure\n|-weather|SunnyDay|[from] ability: Drought|[of] p2a: Groudon\n|turn|1\n|\n|t:|1699566425\n|move|p1a: Deoxys|Ice Beam|p2a: Groudon\n|-supereffective|p2a: Groudon\n|-damage|p2a: Groudon|0 fnt\n|faint|p2a: Groudon\n|\n|-weather|SunnyDay|[upkeep]\n|upkeep\n|\n|t:|1699566440\n|switch|p2a: Genesect|Genesect|100\/100\n|-ability|p2a: Genesect|Download|boost\n|-boost|p2a: Genesect|atk|1\n|turn|2\n|\n|t:|1699566454\n|switch|p1a: Naganadel|Naganadel|100\/100\n|move|p2a: Genesect|Bug Buzz|p1a: Naganadel\n|-resisted|p1a: Naganadel\n|-damage|p1a: Naganadel|58\/100\n|-damage|p2a: Genesect|91\/100|[from] item: Life Orb\n|\n|-weather|SunnyDay|[upkeep]\n|upkeep\n|turn|3\n|\n|t:|1699566466\n|move|p1a: Naganadel|Fire Blast|p2a: Genesect|[miss]\n|-miss|p1a: Naganadel|p2a: Genesect\n|move|p2a: Genesect|Ice Beam|p1a: Naganadel\n|-supereffective|p1a: Naganadel\n|-damage|p1a: Naganadel|0 fnt\n|faint|p1a: Naganadel\n|-damage|p2a: Genesect|81\/100|[from] item: Life Orb\n|\n|-weather|SunnyDay|[upkeep]\n|upkeep\n|c|\u2606spidernoculus|Damn\n|\n|t:|1699566482\n|switch|p1a: Arceus|Arceus-Fire|100\/100\n|turn|4\n|\n|t:|1699566492\n|switch|p2a: Blaziken|Blaziken, F|100\/100\n|move|p1a: Arceus|Judgment|p2a: Blaziken\n|-resisted|p2a: Blaziken\n|-damage|p2a: Blaziken|32\/100\n|\n|-weather|SunnyDay|[upkeep]\n|upkeep\n|turn|5\n|\n|t:|1699566503\n|detailschange|p2a: Blaziken|Blaziken-Mega, F\n|-mega|p2a: Blaziken|Blaziken|Blazikenite\n|move|p1a: Arceus|Judgment|p2a: Blaziken\n|-resisted|p2a: Blaziken\n|-damage|p2a: Blaziken|0 fnt\n|faint|p2a: Blaziken\n|\n|-weather|none\n|upkeep\n|\n|t:|1699566514\n|switch|p2a: Mewtwo|Mewtwo|100\/100\n|-ability|p2a: Mewtwo|Pressure\n|turn|6\n|\n|t:|1699566525\n|move|p2a: Mewtwo|Psystrike|p1a: Arceus\n|-damage|p1a: Arceus|29\/100\n|move|p1a: Arceus|Judgment|p2a: Mewtwo\n|-damage|p2a: Mewtwo|30\/100\n|\n|upkeep\n|turn|7\n|\n|t:|1699566538\n|switch|p1a: Kingambit|Kingambit, F|100\/100\n|-activate|p1a: Kingambit|ability: Supreme Overlord\n|-start|p1a: Kingambit|fallen1|[silent]\n|move|p2a: Mewtwo|Psystrike|p1a: Kingambit\n|-immune|p1a: Kingambit\n|\n|upkeep\n|turn|8\n|\n|t:|1699566553\n|switch|p2a: Genesect|Genesect|81\/100\n|-ability|p2a: Genesect|Download|boost\n|-boost|p2a: Genesect|spa|1\n|move|p1a: Kingambit|Kowtow Cleave|p2a: Genesect\n|-damage|p2a: Genesect|0 fnt\n|faint|p2a: Genesect\n|-damage|p1a: Kingambit|91\/100|[from] item: Life Orb\n|\n|upkeep\n|\n|t:|1699566564\n|switch|p2a: Zacian|Zacian|100\/100\n|-ability|p2a: Zacian|Intrepid Sword|boost\n|-boost|p2a: Zacian|atk|1\n|turn|9\n|\n|t:|1699566578\n|-end|p1a: Kingambit|fallen1|[silent]\n|switch|p1a: Arceus|Arceus-Fire|29\/100\n|move|p2a: Zacian|Close Combat|p1a: Arceus\n|-damage|p1a: Arceus|0 fnt\n|-unboost|p2a: Zacian|def|1\n|-unboost|p2a: Zacian|spd|1\n|faint|p1a: Arceus\n|\n|upkeep\n|\n|t:|1699566586\n|switch|p1a: Metagross|Metagross|100\/100\n|turn|10\n|\n|t:|1699566593\n|detailschange|p1a: Metagross|Metagross-Mega\n|-mega|p1a: Metagross|Metagross|Metagrossite\n|move|p2a: Zacian|Close Combat|p1a: Metagross\n|-damage|p1a: Metagross|54\/100\n|-unboost|p2a: Zacian|def|1\n|-unboost|p2a: Zacian|spd|1\n|move|p1a: Metagross|Meteor Mash|p2a: Zacian\n|-supereffective|p2a: Zacian\n|-damage|p2a: Zacian|0 fnt\n|faint|p2a: Zacian\n|\n|upkeep\n|\n|t:|1699566607\n|switch|p2a: Mewtwo|Mewtwo|30\/100\n|-ability|p2a: Mewtwo|Pressure\n|turn|11\n|\n|t:|1699566613\n|move|p2a: Mewtwo|Shadow Ball|p1a: Metagross\n|-supereffective|p1a: Metagross\n|-damage|p1a: Metagross|0 fnt\n|faint|p1a: Metagross\n|\n|upkeep\n|\n|t:|1699566622\n|switch|p1a: Kingambit|Kingambit, F|91\/100\n|-activate|p1a: Kingambit|ability: Supreme Overlord\n|-start|p1a: Kingambit|fallen3|[silent]\n|turn|12\n|\n|t:|1699566630\n|switch|p2a: Kyurem|Kyurem-Black|100\/100\n|-ability|p2a: Kyurem|Teravolt\n|move|p1a: Kingambit|Iron Head|p2a: Kyurem\n|-supereffective|p2a: Kyurem\n|-damage|p2a: Kyurem|0 fnt\n|faint|p2a: Kyurem\n|-damage|p1a: Kingambit|81\/100|[from] item: Life Orb\n|\n|upkeep\n|\n|t:|1699566640\n|switch|p2a: Mewtwo|Mewtwo|30\/100\n|-ability|p2a: Mewtwo|Pressure\n|turn|13\n|\n|t:|1699566648\n|move|p1a: Kingambit|Sucker Punch|p2a: Mewtwo\n|-supereffective|p2a: Mewtwo\n|-damage|p2a: Mewtwo|0 fnt\n|faint|p2a: Mewtwo\n|-damage|p1a: Kingambit|71\/100|[from] item: Life Orb\n|\n|win|spidernoculus\n|c|\u2606BeRad773|Gg\n|c|\u2606spidernoculus|gg\n","uploadtime":1699566668,"views":5,"p1id":"spidernoculus","p2id":"berad773","formatid":"gen9nationaldexubers","rating":0,"private":0,"password":""}