{"id":"gen9nationaldexubers-1983930072","p1":"Chaitanya15","p2":"dodpro","format":"[Gen 9] National Dex Ubers","log":"|j|\u2606Chaitanya15\n|j|\u203ddodpro\n|t:|1699201149\n|gametype|singles\n|player|p1|Chaitanya15|102|1481\n|player|p2|dodpro|101|1472\n|teamsize|p1|6\n|teamsize|p2|6\n|gen|9\n|tier|[Gen 9] National Dex Ubers\n|rated|\n|rule|HP Percentage Mod: HP is shown in percentages\n|rule|Endless Battle Clause: Forcing endless battles is banned\n|rule|OHKO Clause: OHKO moves are banned\n|rule|Evasion Moves Clause: Evasion moves are banned\n|rule|Evasion Items Clause: Evasion items are banned\n|rule|Species Clause: Limit one of each Pok\u00e9mon\n|rule|Sleep Clause Mod: Limit one foe put to sleep\n|rule|Mega Rayquaza Clause: You cannot mega evolve Rayquaza\n|clearpoke\n|poke|p1|Kingambit, M|\n|poke|p1|Basculegion, M|\n|poke|p1|Pikachu, F|\n|poke|p1|Kyogre|\n|poke|p1|Flutter Mane|\n|poke|p1|Deoxys-Speed|\n|poke|p2|Deoxys-Speed|\n|poke|p2|Zamazenta-*|\n|poke|p2|Arceus-Steel|\n|poke|p2|Ho-Oh|\n|poke|p2|Kingambit, M|\n|poke|p2|Pheromosa|\n|teampreview\n|\n|t:|1699201159\n|start\n|switch|p1a: Pikachu|Pikachu, F|100\/100\n|switch|p2a: Deoxys|Deoxys-Speed|100\/100\n|-ability|p2a: Deoxys|Pressure\n|turn|1\n|inactive|Battle timer is ON: inactive players will automatically lose when time's up. (requested by Chaitanya15)\n|\n|t:|1699201169\n|move|p1a: Pikachu|Fake Out|p2a: Deoxys\n|-damage|p2a: Deoxys|74\/100\n|cant|p2a: Deoxys|flinch\n|\n|upkeep\n|turn|2\n|\n|t:|1699201175\n|move|p2a: Deoxys|Psycho Shift||[still]\n|-fail|p2a: Deoxys\n|move|p1a: Pikachu|Volt Tackle|p2a: Deoxys\n|-damage|p2a: Deoxys|0 fnt\n|faint|p2a: Deoxys\n|-damage|p1a: Pikachu|73\/100|[from] Recoil\n|\n|upkeep\n|\n|t:|1699201198\n|switch|p2a: Pheromosa|Pheromosa|100\/100\n|turn|3\n|\n|t:|1699201204\n|move|p1a: Pikachu|Extreme Speed|p2a: Pheromosa\n|-damage|p2a: Pheromosa|7\/100\n|move|p2a: Pheromosa|Close Combat|p1a: Pikachu\n|-damage|p1a: Pikachu|0 fnt\n|-unboost|p2a: Pheromosa|def|1\n|-unboost|p2a: Pheromosa|spd|1\n|-status|p2a: Pheromosa|par|[from] ability: Static|[of] p1a: Pikachu\n|faint|p1a: Pikachu\n|-ability|p2a: Pheromosa|Beast Boost|boost\n|-boost|p2a: Pheromosa|spe|1\n|\n|upkeep\n|\n|t:|1699201216\n|switch|p1a: Deoxys|Deoxys-Speed|100\/100\n|-ability|p1a: Deoxys|Pressure\n|turn|4\n|\n|t:|1699201220\n|move|p1a: Deoxys|Psychic|p2a: Pheromosa\n|-supereffective|p2a: Pheromosa\n|-damage|p2a: Pheromosa|0 fnt\n|faint|p2a: Pheromosa\n|\n|upkeep\n|\n|t:|1699201227\n|switch|p2a: Zamazenta|Zamazenta-Crowned|100\/100\n|-ability|p2a: Zamazenta|Dauntless Shield|boost\n|-boost|p2a: Zamazenta|def|1\n|turn|5\n|\n|t:|1699201232\n|move|p1a: Deoxys|Stealth Rock|p2a: Zamazenta\n|-sidestart|p2: dodpro|move: Stealth Rock\n|move|p2a: Zamazenta|Iron Defense|p2a: Zamazenta\n|-boost|p2a: Zamazenta|def|2\n|\n|upkeep\n|turn|6\n|\n|t:|1699201241\n|move|p1a: Deoxys|Spikes|p2a: Zamazenta\n|-sidestart|p2: dodpro|Spikes\n|move|p2a: Zamazenta|Behemoth Bash|p1a: Deoxys\n|-damage|p1a: Deoxys|49\/100\n|\n|upkeep\n|turn|7\n|\n|t:|1699201248\n|move|p1a: Deoxys|Psychic|p2a: Zamazenta\n|-damage|p2a: Zamazenta|82\/100\n|move|p2a: Zamazenta|Body Press|p1a: Deoxys\n|-resisted|p1a: Deoxys\n|-damage|p1a: Deoxys|0 fnt\n|faint|p1a: Deoxys\n|\n|upkeep\n|\n|t:|1699201257\n|switch|p1a: Flutter Mane|Flutter Mane|100\/100\n|-enditem|p1a: Flutter Mane|Booster Energy\n|-activate|p1a: Flutter Mane|ability: Protosynthesis|[fromitem]\n|-start|p1a: Flutter Mane|protosynthesisspe\n|turn|8\n|\n|t:|1699201264\n|move|p1a: Flutter Mane|Mystical Fire|p2a: Zamazenta\n|-supereffective|p2a: Zamazenta\n|-damage|p2a: Zamazenta|45\/100\n|-unboost|p2a: Zamazenta|spa|1\n|move|p2a: Zamazenta|Behemoth Bash|p1a: Flutter Mane\n|-supereffective|p1a: Flutter Mane\n|-damage|p1a: Flutter Mane|0 fnt\n|faint|p1a: Flutter Mane\n|-end|p1a: Flutter Mane|Protosynthesis|[silent]\n|\n|upkeep\n|\n|t:|1699201276\n|switch|p1a: Kyogre|Kyogre|100\/100\n|-weather|RainDance|[from] ability: Drizzle|[of] p1a: Kyogre\n|turn|9\n|\n|t:|1699201281\n|move|p1a: Kyogre|Water Spout|p2a: Zamazenta\n|-damage|p2a: Zamazenta|0 fnt\n|faint|p2a: Zamazenta\n|\n|-weather|RainDance|[upkeep]\n|upkeep\n|\n|t:|1699201292\n|switch|p2a: Arceus|Arceus-Steel|100\/100\n|-damage|p2a: Arceus|94\/100|[from] Stealth Rock\n|-damage|p2a: Arceus|82\/100|[from] Spikes\n|turn|10\n|\n|t:|1699201297\n|move|p1a: Kyogre|Water Spout|p2a: Arceus\n|-damage|p2a: Arceus|1\/100\n|move|p2a: Arceus|Defog|p1a: Kyogre\n|-unboost|p1a: Kyogre|evasion|1\n|-sideend|p2: dodpro|Spikes|[from] move: Defog|[of] p2a: Arceus\n|-sideend|p2: dodpro|Stealth Rock|[from] move: Defog|[of] p2a: Arceus\n|\n|-weather|RainDance|[upkeep]\n|upkeep\n|turn|11\n|\n|t:|1699201306\n|move|p1a: Kyogre|Water Spout|p2a: Arceus\n|-crit|p2a: Arceus\n|-damage|p2a: Arceus|0 fnt\n|faint|p2a: Arceus\n|\n|-weather|RainDance|[upkeep]\n|upkeep\n|\n|t:|1699201309\n|switch|p2a: Ho-Oh|Ho-Oh|100\/100\n|turn|12\n|\n|t:|1699201316\n|move|p1a: Kyogre|Water Spout|p2a: Ho-Oh\n|-supereffective|p2a: Ho-Oh\n|-damage|p2a: Ho-Oh|0 fnt\n|faint|p2a: Ho-Oh\n|\n|-weather|RainDance|[upkeep]\n|upkeep\n|\n|t:|1699201320\n|switch|p2a: Kingambit|Kingambit, M|100\/100\n|-activate|p2a: Kingambit|ability: Supreme Overlord\n|-start|p2a: Kingambit|fallen5|[silent]\n|turn|13\n|\n|t:|1699201329\n|move|p2a: Kingambit|Sucker Punch|p1a: Kyogre\n|-damage|p1a: Kyogre|26\/100\n|move|p1a: Kyogre|Water Spout|p2a: Kingambit\n|-damage|p2a: Kingambit|66\/100\n|\n|-weather|none\n|upkeep\n|turn|14\n|\n|t:|1699201337\n|move|p2a: Kingambit|Sucker Punch|p1a: Kyogre\n|-damage|p1a: Kyogre|0 fnt\n|faint|p1a: Kyogre\n|\n|upkeep\n|\n|t:|1699201342\n|switch|p1a: Kingambit|Kingambit, M|100\/100\n|-activate|p1a: Kingambit|ability: Supreme Overlord\n|-start|p1a: Kingambit|fallen4|[silent]\n|turn|15\n|\n|t:|1699201349\n|-terastallize|p2a: Kingambit|Fairy\n|move|p2a: Kingambit|Brick Break|p1a: Kingambit\n|-supereffective|p1a: Kingambit\n|-damage|p1a: Kingambit|0 fnt\n|faint|p1a: Kingambit\n|-end|p1a: Kingambit|fallen4|[silent]\n|\n|upkeep\n|\n|t:|1699201362\n|switch|p1a: Basculegion|Basculegion, M|100\/100\n|turn|16\n|\n|t:|1699201368\n|-terastallize|p1a: Basculegion|Water\n|move|p2a: Kingambit|Sucker Punch|p1a: Basculegion\n|-damage|p1a: Basculegion|4\/100\n|move|p1a: Basculegion|Last Respects|p2a: Kingambit\n|-damage|p2a: Kingambit|0 fnt\n|faint|p2a: Kingambit\n|-end|p2a: Kingambit|fallen5|[silent]\n|\n|win|Chaitanya15\n|raw|Chaitanya15's rating: 1481 &rarr; <strong>1500<\/strong><br \/>(+19 for winning)\n|raw|dodpro's rating: 1472 &rarr; <strong>1453<\/strong><br \/>(-19 for losing)\n|c|\u2606Chaitanya15|Gg\n|l|\u203ddodpro\n","uploadtime":1699201382,"views":4,"p1id":"chaitanya15","p2id":"dodpro","formatid":"gen9nationaldexubers","rating":1453,"private":0,"password":""}