{"id":"gen9nationaldexubers-1980617164","p1":"father_arnau","p2":"SrPorquet","format":"[Gen 9] National Dex Ubers","log":"|j|\u2606father_arnau\n|j|\u203dSrPorquet\n|t:|1698803781\n|gametype|singles\n|player|p1|father_arnau|acetrainer-gen4dp|\n|player|p2|SrPorquet|falkner|\n|teamsize|p1|6\n|teamsize|p2|6\n|gen|9\n|tier|[Gen 9] National Dex Ubers\n|rule|HP Percentage Mod: HP is shown in percentages\n|rule|Endless Battle Clause: Forcing endless battles is banned\n|rule|OHKO Clause: OHKO moves are banned\n|rule|Evasion Moves Clause: Evasion moves are banned\n|rule|Evasion Items Clause: Evasion items are banned\n|rule|Species Clause: Limit one of each Pok\u00e9mon\n|rule|Sleep Clause Mod: Limit one foe put to sleep\n|rule|Mega Rayquaza Clause: You cannot mega evolve Rayquaza\n|clearpoke\n|poke|p1|Torkoal, M|\n|poke|p1|Cloyster, M|\n|poke|p1|Mimikyu, F|\n|poke|p1|Amoonguss, M|\n|poke|p1|Pelipper, M|\n|poke|p1|Barraskewda, M|\n|poke|p2|Luxray, M|\n|poke|p2|Roserade, F|\n|poke|p2|Staraptor, M|\n|poke|p2|Floatzel, M|\n|poke|p2|Hippowdon, M|\n|poke|p2|Dusknoir, M|\n|teampreview\n|\n|t:|1698803789\n|start\n|switch|p1a: Pelipper|Pelipper, M|100\/100\n|switch|p2a: Luxray|Luxray, M|100\/100\n|-weather|RainDance|[from] ability: Drizzle|[of] p1a: Pelipper\n|turn|1\n|\n|t:|1698803804\n|switch|p2a: Hippowdon|Hippowdon, M|100\/100\n|-weather|Sandstorm|[from] ability: Sand Stream|[of] p2a: Hippowdon\n|switch|p1a: Torkoal|Torkoal, M|100\/100\n|-weather|SunnyDay|[from] ability: Drought|[of] p1a: Torkoal\n|\n|-weather|SunnyDay|[upkeep]\n|upkeep\n|turn|2\n|-activate|p1a: Torkoal|item: Quick Claw\n|\n|t:|1698803814\n|move|p1a: Torkoal|Solar Beam||[still]\n|-prepare|p1a: Torkoal|Solar Beam\n|-anim|p1a: Torkoal|Solar Beam|p2a: Hippowdon\n|-supereffective|p2a: Hippowdon\n|-damage|p2a: Hippowdon|64\/100\n|move|p2a: Hippowdon|Stealth Rock|p1a: Torkoal\n|-sidestart|p1: father_arnau|move: Stealth Rock\n|\n|-weather|SunnyDay|[upkeep]\n|upkeep\n|turn|3\n|\n|t:|1698803827\n|move|p1a: Torkoal|Solar Beam||[still]\n|-prepare|p1a: Torkoal|Solar Beam\n|-anim|p1a: Torkoal|Solar Beam|p2a: Hippowdon\n|-supereffective|p2a: Hippowdon\n|-damage|p2a: Hippowdon|27\/100\n|move|p2a: Hippowdon|Slack Off|p2a: Hippowdon\n|-heal|p2a: Hippowdon|77\/100\n|\n|-weather|SunnyDay|[upkeep]\n|upkeep\n|turn|4\n|\n|t:|1698803838\n|switch|p1a: Barraskewda|Barraskewda, M|100\/100\n|-damage|p1a: Barraskewda|88\/100|[from] Stealth Rock\n|move|p2a: Hippowdon|Earthquake|p1a: Barraskewda\n|-damage|p1a: Barraskewda|0 fnt\n|faint|p1a: Barraskewda\n|\n|-weather|SunnyDay|[upkeep]\n|upkeep\n|\n|t:|1698803849\n|switch|p1a: Cloyster|Cloyster, M|100\/100\n|-damage|p1a: Cloyster|76\/100|[from] Stealth Rock\n|turn|5\n|\n|t:|1698803857\n|switch|p2a: Dusknoir|Dusknoir, M|100\/100\n|-ability|p2a: Dusknoir|Pressure\n|move|p1a: Cloyster|Ice Shard|p2a: Dusknoir\n|-damage|p2a: Dusknoir|85\/100\n|\n|-weather|none\n|-heal|p2a: Dusknoir|91\/100|[from] item: Leftovers\n|upkeep\n|turn|6\n|\n|t:|1698803866\n|move|p1a: Cloyster|Shell Smash|p1a: Cloyster\n|-unboost|p1a: Cloyster|def|1\n|-unboost|p1a: Cloyster|spd|1\n|-boost|p1a: Cloyster|atk|2\n|-boost|p1a: Cloyster|spa|2\n|-boost|p1a: Cloyster|spe|2\n|move|p2a: Dusknoir|Will-O-Wisp|p1a: Cloyster\n|-status|p1a: Cloyster|brn\n|\n|-heal|p2a: Dusknoir|97\/100|[from] item: Leftovers\n|-damage|p1a: Cloyster|70\/100 brn|[from] brn\n|upkeep\n|turn|7\n|\n|t:|1698803879\n|move|p1a: Cloyster|Shell Smash|p1a: Cloyster\n|-unboost|p1a: Cloyster|def|1\n|-unboost|p1a: Cloyster|spd|1\n|-boost|p1a: Cloyster|atk|2\n|-boost|p1a: Cloyster|spa|2\n|-boost|p1a: Cloyster|spe|2\n|move|p2a: Dusknoir|Brick Break|p1a: Cloyster\n|-supereffective|p1a: Cloyster\n|-damage|p1a: Cloyster|0 fnt\n|faint|p1a: Cloyster\n|\n|-heal|p2a: Dusknoir|100\/100|[from] item: Leftovers\n|upkeep\n|\n|t:|1698803891\n|switch|p1a: Torkoal|Torkoal, M|100\/100\n|-damage|p1a: Torkoal|75\/100|[from] Stealth Rock\n|-weather|SunnyDay|[from] ability: Drought|[of] p1a: Torkoal\n|turn|8\n|\n|t:|1698803900\n|switch|p2a: Hippowdon|Hippowdon, M|77\/100\n|-weather|Sandstorm|[from] ability: Sand Stream|[of] p2a: Hippowdon\n|move|p1a: Torkoal|Lava Plume|p2a: Hippowdon\n|-damage|p2a: Hippowdon|59\/100\n|\n|-weather|Sandstorm|[upkeep]\n|-damage|p1a: Torkoal|69\/100|[from] Sandstorm\n|upkeep\n|turn|9\n|\n|t:|1698803905\n|move|p1a: Torkoal|Solar Beam||[still]\n|-prepare|p1a: Torkoal|Solar Beam\n|move|p2a: Hippowdon|Earthquake|p1a: Torkoal\n|-supereffective|p1a: Torkoal\n|-damage|p1a: Torkoal|11\/100\n|\n|-weather|Sandstorm|[upkeep]\n|-damage|p1a: Torkoal|5\/100|[from] Sandstorm\n|upkeep\n|turn|10\n|\n|t:|1698803909\n|switch|p2a: Roserade|Roserade, F|100\/100\n|move|p1a: Torkoal|Solar Beam|p2a: Roserade|[from]lockedmove\n|-resisted|p2a: Roserade\n|-damage|p2a: Roserade|97\/100\n|\n|-weather|Sandstorm|[upkeep]\n|-damage|p2a: Roserade|91\/100|[from] Sandstorm\n|-damage|p1a: Torkoal|0 fnt|[from] Sandstorm\n|faint|p1a: Torkoal\n|-heal|p2a: Roserade|97\/100|[from] item: Leftovers\n|upkeep\n|\n|t:|1698803923\n|switch|p1a: Amoonguss|Amoonguss, M|100\/100\n|-damage|p1a: Amoonguss|88\/100|[from] Stealth Rock\n|turn|11\n|\n|t:|1698803929\n|move|p2a: Roserade|Sludge Bomb|p1a: Amoonguss\n|-damage|p1a: Amoonguss|38\/100\n|-enditem|p1a: Amoonguss|Sitrus Berry|[eat]\n|-heal|p1a: Amoonguss|63\/100|[from] item: Sitrus Berry\n|move|p1a: Amoonguss|Giga Drain|p2a: Roserade\n|-resisted|p2a: Roserade\n|-damage|p2a: Roserade|88\/100\n|-heal|p1a: Amoonguss|66\/100|[from] drain|[of] p2a: Roserade\n|\n|-weather|Sandstorm|[upkeep]\n|-damage|p2a: Roserade|82\/100|[from] Sandstorm\n|-damage|p1a: Amoonguss|60\/100|[from] Sandstorm\n|-heal|p2a: Roserade|88\/100|[from] item: Leftovers\n|upkeep\n|turn|12\n|\n|t:|1698803932\n|move|p2a: Roserade|Sludge Bomb|p1a: Amoonguss\n|-damage|p1a: Amoonguss|11\/100\n|move|p1a: Amoonguss|Giga Drain|p2a: Roserade\n|-resisted|p2a: Roserade\n|-damage|p2a: Roserade|78\/100\n|-heal|p1a: Amoonguss|14\/100|[from] drain|[of] p2a: Roserade\n|\n|-weather|none\n|-heal|p2a: Roserade|84\/100|[from] item: Leftovers\n|upkeep\n|turn|13\n|\n|t:|1698803940\n|move|p2a: Roserade|Shadow Ball|p1a: Amoonguss\n|-damage|p1a: Amoonguss|0 fnt\n|faint|p1a: Amoonguss\n|\n|-heal|p2a: Roserade|91\/100|[from] item: Leftovers\n|upkeep\n|\n|t:|1698803943\n|switch|p1a: Pelipper|Pelipper, M|100\/100\n|-damage|p1a: Pelipper|76\/100|[from] Stealth Rock\n|-weather|RainDance|[from] ability: Drizzle|[of] p1a: Pelipper\n|turn|14\n|-message|father_arnau forfeited.\n|\n|win|SrPorquet\n|l|\u2606father_arnau\n","uploadtime":1698803972,"views":14,"p1id":"fatherarnau","p2id":"srporquet","formatid":"gen9nationaldexubers","rating":0,"private":0,"password":""}