{"id":"gen9nationaldexubers-1999164534","p1":"Oraclus","p2":"Sencopion","format":"[Gen 9] National Dex Ubers","log":"|j|\u2606Oraclus\n|j|\u2606Sencopion\n|t:|1701040293\n|gametype|singles\n|player|p1|Oraclus|101|\n|player|p2|Sencopion|roxie|\n|teamsize|p1|6\n|teamsize|p2|6\n|gen|9\n|tier|[Gen 9] National Dex Ubers\n|rule|HP Percentage Mod: HP is shown in percentages\n|rule|Endless Battle Clause: Forcing endless battles is banned\n|rule|OHKO Clause: OHKO moves are banned\n|rule|Evasion Moves Clause: Evasion moves are banned\n|rule|Evasion Items Clause: Evasion items are banned\n|rule|Species Clause: Limit one of each Pok\u00e9mon\n|rule|Sleep Clause Mod: Limit one foe put to sleep\n|rule|Mega Rayquaza Clause: You cannot mega evolve Rayquaza\n|clearpoke\n|poke|p1|Breloom, F|\n|poke|p1|Coalossal, M|\n|poke|p1|Torterra, F|\n|poke|p1|Venusaur, F|\n|poke|p1|Ogerpon-Cornerstone, F|\n|poke|p1|Shaymin-Sky|\n|poke|p2|Volcanion|\n|poke|p2|Zacian-*|\n|poke|p2|Ribombee, M|\n|poke|p2|Moltres-Galar|\n|poke|p2|Gliscor, M|\n|poke|p2|Lopunny, F|\n|teampreview\n|inactive|Battle timer is ON: inactive players will automatically lose when time's up. (requested by Oraclus)\n|inactive|Sencopion also wants the timer to be on.\n|c|\u2606Sencopion|glhf\n|c|\u2606Oraclus|\/\/\n|c|\u2606Oraclus|??\n|\n|t:|1701040314\n|start\n|switch|p1a: Ogerpon|Ogerpon-Cornerstone, F|100\/100\n|switch|p2a: Ribombee|Ribombee, M, shiny|100\/100\n|turn|1\n|\n|t:|1701040322\n|move|p2a: Ribombee|Sticky Web|p1a: Ogerpon\n|-sidestart|p1: Oraclus|move: Sticky Web\n|move|p1a: Ogerpon|Ivy Cudgel|p2a: Ribombee|[anim] Ivy Cudgel Rock\n|-supereffective|p2a: Ribombee\n|-enditem|p2a: Ribombee|Focus Sash\n|-damage|p2a: Ribombee|1\/100\n|\n|upkeep\n|turn|2\n|\n|t:|1701040326\n|move|p2a: Ribombee|Bug Buzz|p1a: Ogerpon\n|-supereffective|p1a: Ogerpon\n|-damage|p1a: Ogerpon|16\/100\n|move|p1a: Ogerpon|Trailblaze|p2a: Ribombee\n|-resisted|p2a: Ribombee\n|-damage|p2a: Ribombee|0 fnt\n|-boost|p1a: Ogerpon|spe|1\n|faint|p2a: Ribombee\n|\n|upkeep\n|\n|t:|1701040336\n|switch|p2a: Lopunny|Lopunny, F|100\/100\n|turn|3\n|\n|t:|1701040343\n|detailschange|p2a: Lopunny|Lopunny-Mega, F\n|-mega|p2a: Lopunny|Lopunny|Lopunnite\n|move|p2a: Lopunny|Fake Out|p1a: Ogerpon\n|-resisted|p1a: Ogerpon\n|-damage|p1a: Ogerpon|1\/100\n|cant|p1a: Ogerpon|flinch\n|\n|upkeep\n|turn|4\n|\n|t:|1701040365\n|switch|p2a: Gliscor|Gliscor, M|100\/100\n|move|p1a: Ogerpon|Trailblaze|p2a: Gliscor\n|-damage|p2a: Gliscor|78\/100\n|-boost|p1a: Ogerpon|spe|1\n|\n|-status|p2a: Gliscor|tox|[from] item: Toxic Orb\n|upkeep\n|turn|5\n|\n|t:|1701040376\n|move|p1a: Ogerpon|Ivy Cudgel|p2a: Gliscor|[anim] Ivy Cudgel Rock\n|-damage|p2a: Gliscor|27\/100 tox\n|move|p2a: Gliscor|Dual Wingbeat|p1a: Ogerpon\n|-damage|p1a: Ogerpon|0 fnt\n|faint|p1a: Ogerpon\n|-hitcount|p1: Ogerpon|1\n|\n|-heal|p2a: Gliscor|40\/100 tox|[from] ability: Poison Heal\n|upkeep\n|\n|t:|1701040382\n|switch|p1a: Shaymin|Shaymin-Sky, shiny|100\/100\n|turn|6\n|\n|t:|1701040385\n|move|p2a: Gliscor|Protect|p2a: Gliscor\n|-singleturn|p2a: Gliscor|Protect\n|move|p1a: Shaymin|Hidden Power|p2a: Gliscor\n|-activate|p2a: Gliscor|move: Protect\n|\n|-heal|p2a: Gliscor|52\/100 tox|[from] ability: Poison Heal\n|upkeep\n|turn|7\n|\n|t:|1701040398\n|switch|p2a: Lopunny|Lopunny-Mega, F|100\/100\n|move|p1a: Shaymin|Hidden Power|p2a: Lopunny\n|-damage|p2a: Lopunny|77\/100\n|\n|upkeep\n|turn|8\n|\n|t:|1701040400\n|move|p2a: Lopunny|Fake Out|p1a: Shaymin\n|-damage|p1a: Shaymin|72\/100\n|cant|p1a: Shaymin|flinch\n|\n|upkeep\n|turn|9\n|\n|t:|1701040411\n|move|p2a: Lopunny|U-turn|p1a: Shaymin\n|-damage|p1a: Shaymin|40\/100\n|\n|t:|1701040421\n|switch|p2a: Moltres|Moltres-Galar|100\/100|[from] U-turn\n|move|p1a: Shaymin|Air Slash|p2a: Moltres\n|-damage|p2a: Moltres|69\/100\n|\n|upkeep\n|turn|10\n|\n|t:|1701040427\n|move|p1a: Shaymin|Hidden Power|p2a: Moltres\n|-supereffective|p2a: Moltres\n|-damage|p2a: Moltres|29\/100\n|-ability|p2a: Moltres|Berserk|boost\n|-boost|p2a: Moltres|spa|1\n|move|p2a: Moltres|Agility|p2a: Moltres\n|-boost|p2a: Moltres|spe|2\n|\n|upkeep\n|turn|11\n|\n|t:|1701040432\n|move|p2a: Moltres|Fiery Wrath|p1a: Shaymin\n|-damage|p1a: Shaymin|0 fnt\n|faint|p1a: Shaymin\n|\n|upkeep\n|\n|t:|1701040440\n|switch|p1a: Coalossal|Coalossal, M, shiny|100\/100\n|-activate|p1a: Coalossal|move: Sticky Web\n|-unboost|p1a: Coalossal|spe|1\n|turn|12\n|\n|t:|1701040445\n|-terastallize|p1a: Coalossal|Grass\n|move|p2a: Moltres|Fiery Wrath|p1a: Coalossal\n|-damage|p1a: Coalossal|58\/100\n|cant|p1a: Coalossal|flinch\n|\n|upkeep\n|turn|13\n|\n|t:|1701040451\n|move|p2a: Moltres|Air Slash|p1a: Coalossal\n|-supereffective|p1a: Coalossal\n|-damage|p1a: Coalossal|0 fnt\n|faint|p1a: Coalossal\n|\n|upkeep\n|\n|t:|1701040461\n|switch|p1a: Breloom|Breloom, F, shiny|100\/100\n|-activate|p1a: Breloom|move: Sticky Web\n|-unboost|p1a: Breloom|spe|1\n|turn|14\n|\n|t:|1701040464\n|move|p2a: Moltres|Air Slash|p1a: Breloom\n|-supereffective|p1a: Breloom\n|-enditem|p1a: Breloom|Focus Sash\n|-damage|p1a: Breloom|1\/100\n|move|p1a: Breloom|Spore|p2a: Moltres\n|-status|p2a: Moltres|slp|[from] move: Spore\n|\n|upkeep\n|turn|15\n|\n|t:|1701040469\n|cant|p2a: Moltres|slp\n|move|p1a: Breloom|Rock Tomb|p2a: Moltres\n|-supereffective|p2a: Moltres\n|-damage|p2a: Moltres|0 fnt\n|faint|p2a: Moltres\n|\n|upkeep\n|\n|t:|1701040476\n|switch|p2a: Zacian|Zacian-Crowned|100\/100\n|-ability|p2a: Zacian|Intrepid Sword|boost\n|-boost|p2a: Zacian|atk|1\n|turn|16\n|\n|t:|1701040479\n|move|p1a: Breloom|Mach Punch|p2a: Zacian\n|-damage|p2a: Zacian|75\/100\n|move|p2a: Zacian|Behemoth Blade|p1a: Breloom\n|-crit|p1a: Breloom\n|-damage|p1a: Breloom|0 fnt\n|faint|p1a: Breloom\n|\n|upkeep\n|\n|t:|1701040485\n|switch|p1a: Venusaur|Venusaur, F, shiny|100\/100\n|-activate|p1a: Venusaur|move: Sticky Web\n|-unboost|p1a: Venusaur|spe|1\n|turn|17\n|\n|t:|1701040495\n|detailschange|p1a: Venusaur|Venusaur-Mega, F, shiny\n|-mega|p1a: Venusaur|Venusaur|Venusaurite\n|move|p2a: Zacian|Behemoth Blade|p1a: Venusaur\n|-damage|p1a: Venusaur|44\/100\n|move|p1a: Venusaur|Earth Power|p2a: Zacian\n|-supereffective|p2a: Zacian\n|-damage|p2a: Zacian|25\/100\n|\n|upkeep\n|turn|18\n|\n|t:|1701040500\n|move|p2a: Zacian|Behemoth Blade|p1a: Venusaur\n|-damage|p1a: Venusaur|0 fnt\n|faint|p1a: Venusaur\n|\n|upkeep\n|\n|t:|1701040503\n|switch|p1a: Torterra|Torterra, F, shiny|100\/100\n|-activate|p1a: Torterra|move: Sticky Web\n|-unboost|p1a: Torterra|spe|1\n|turn|19\n|\n|t:|1701040508\n|move|p2a: Zacian|Close Combat|p1a: Torterra\n|-damage|p1a: Torterra|39\/100\n|-unboost|p2a: Zacian|def|1\n|-unboost|p2a: Zacian|spd|1\n|move|p1a: Torterra|Shell Smash|p1a: Torterra\n|-unboost|p1a: Torterra|def|1\n|-unboost|p1a: Torterra|spd|1\n|-boost|p1a: Torterra|atk|2\n|-boost|p1a: Torterra|spa|2\n|-boost|p1a: Torterra|spe|2\n|\n|upkeep\n|turn|20\n|\n|t:|1701040513\n|move|p2a: Zacian|Close Combat|p1a: Torterra\n|-damage|p1a: Torterra|0 fnt\n|-unboost|p2a: Zacian|def|1\n|-unboost|p2a: Zacian|spd|1\n|faint|p1a: Torterra\n|\n|win|Sencopion\n|c|\u2606Sencopion|gg wp\n|c|\u2606Oraclus|gg\n","uploadtime":1701040524,"views":2,"p1id":"oraclus","p2id":"sencopion","formatid":"gen9nationaldexubers","rating":0,"private":0,"password":""}