{"id":"gen9nationaldexubers-1992449794","p1":"Glial","p2":"insignas","format":"[Gen 9] National Dex Ubers","log":"|j|\u2606Glial\n|j|\u2606insignas\n|t:|1700188999\n|gametype|singles\n|player|p1|Glial|lucas-gen4pt|\n|player|p2|insignas|pryce|\n|teamsize|p1|6\n|teamsize|p2|6\n|gen|9\n|tier|[Gen 9] National Dex Ubers\n|rule|HP Percentage Mod: HP is shown in percentages\n|rule|Endless Battle Clause: Forcing endless battles is banned\n|rule|OHKO Clause: OHKO moves are banned\n|rule|Evasion Moves Clause: Evasion moves are banned\n|rule|Evasion Items Clause: Evasion items are banned\n|rule|Species Clause: Limit one of each Pok\u00e9mon\n|rule|Sleep Clause Mod: Limit one foe put to sleep\n|rule|Mega Rayquaza Clause: You cannot mega evolve Rayquaza\n|clearpoke\n|poke|p1|Medicham, M|\n|poke|p1|Tapu Lele|\n|poke|p1|Corviknight, M|\n|poke|p1|Clodsire, F|\n|poke|p1|Slowking, M|\n|poke|p1|Qwilfish-Hisui, M|\n|poke|p2|Zeraora|\n|poke|p2|Ogerpon-Cornerstone, F|\n|poke|p2|Heatran, F|\n|poke|p2|Gliscor, F|\n|poke|p2|Hoopa|\n|poke|p2|Quaquaval, F|\n|teampreview\n|\n|t:|1700189018\n|start\n|switch|p1a: Slowking|Slowking, M|100\/100\n|switch|p2a: Hoopa|Hoopa|100\/100\n|turn|1\n|\n|t:|1700189026\n|move|p2a: Hoopa|Shadow Ball|p1a: Slowking\n|-supereffective|p1a: Slowking\n|-damage|p1a: Slowking|24\/100\n|move|p1a: Slowking|Teleport|p1a: Slowking\n|\n|t:|1700189031\n|switch|p1a: Qwilfish|Qwilfish-Hisui, M|100\/100|[from] Teleport\n|-ability|p1a: Qwilfish|Intimidate|boost\n|-unboost|p2a: Hoopa|atk|1\n|\n|upkeep\n|turn|2\n|\n|t:|1700189038\n|switch|p2a: Gliscor|Gliscor, F|100\/100\n|move|p1a: Qwilfish|Spikes|p2a: Gliscor\n|-sidestart|p2: insignas|Spikes\n|\n|-status|p2a: Gliscor|tox|[from] item: Toxic Orb\n|upkeep\n|turn|3\n|\n|t:|1700189058\n|switch|p1a: Corviknight|Corviknight, M|100\/100\n|-ability|p1a: Corviknight|Pressure\n|move|p2a: Gliscor|U-turn|p1a: Corviknight\n|-resisted|p1a: Corviknight\n|-damage|p1a: Corviknight|98\/100\n|\n|t:|1700189066\n|switch|p2a: Heatran|Heatran, F|100\/100|[from] U-turn\n|-damage|p2a: Heatran|88\/100|[from] Spikes\n|\n|-heal|p2a: Heatran|94\/100|[from] item: Leftovers\n|-heal|p1a: Corviknight|100\/100|[from] item: Leftovers\n|upkeep\n|turn|4\n|\n|t:|1700189080\n|switch|p1a: Clodsire|Clodsire, F|100\/100\n|move|p2a: Heatran|Flamethrower|p1a: Clodsire\n|-damage|p1a: Clodsire|73\/100\n|\n|-heal|p2a: Heatran|100\/100|[from] item: Leftovers\n|-heal|p1a: Clodsire|79\/100|[from] item: Leftovers\n|upkeep\n|turn|5\n|\n|t:|1700189091\n|switch|p2a: Gliscor|Gliscor, F|100\/100 tox\n|move|p1a: Clodsire|Chilling Water|p2a: Gliscor\n|-supereffective|p2a: Gliscor\n|-damage|p2a: Gliscor|85\/100 tox\n|-unboost|p2a: Gliscor|atk|1\n|\n|-heal|p1a: Clodsire|86\/100|[from] item: Leftovers\n|-heal|p2a: Gliscor|98\/100 tox|[from] ability: Poison Heal\n|upkeep\n|turn|6\n|c|\u2606insignas|...crazy tech\n|\n|t:|1700189104\n|switch|p1a: Corviknight|Corviknight, M|100\/100\n|-ability|p1a: Corviknight|Pressure\n|move|p2a: Gliscor|Defog|p1a: Corviknight\n|-unboost|p1a: Corviknight|evasion|1\n|-sideend|p2: insignas|Spikes|[from] move: Defog|[of] p2a: Gliscor\n|\n|-heal|p2a: Gliscor|100\/100 tox|[from] ability: Poison Heal\n|upkeep\n|turn|7\n|\n|t:|1700189112\n|move|p2a: Gliscor|U-turn|p1a: Corviknight\n|-resisted|p1a: Corviknight\n|-damage|p1a: Corviknight|99\/100\n|\n|t:|1700189117\n|switch|p2a: Heatran|Heatran, F|100\/100|[from] U-turn\n|move|p1a: Corviknight|U-turn|p2a: Heatran\n|-resisted|p2a: Heatran\n|-damage|p2a: Heatran|98\/100\n|\n|t:|1700189136\n|switch|p1a: Slowking|Slowking, M|58\/100|[from] U-turn\n|\n|-heal|p2a: Heatran|100\/100|[from] item: Leftovers\n|-heal|p1a: Slowking|64\/100|[from] item: Leftovers\n|upkeep\n|turn|8\n|\n|t:|1700189143\n|move|p2a: Heatran|Flamethrower|p1a: Slowking\n|-resisted|p1a: Slowking\n|-damage|p1a: Slowking|45\/100\n|move|p1a: Slowking|Scald|p2a: Heatran\n|-supereffective|p2a: Heatran\n|-damage|p2a: Heatran|41\/100\n|\n|-heal|p2a: Heatran|48\/100|[from] item: Leftovers\n|-heal|p1a: Slowking|51\/100|[from] item: Leftovers\n|upkeep\n|turn|9\n|\n|t:|1700189152\n|move|p2a: Heatran|Flamethrower|p1a: Slowking\n|-resisted|p1a: Slowking\n|-damage|p1a: Slowking|30\/100\n|-status|p1a: Slowking|brn\n|move|p1a: Slowking|Scald|p2a: Heatran\n|-supereffective|p2a: Heatran\n|-damage|p2a: Heatran|0 fnt\n|faint|p2a: Heatran\n|\n|-heal|p1a: Slowking|37\/100 brn|[from] item: Leftovers\n|-damage|p1a: Slowking|30\/100 brn|[from] brn\n|upkeep\n|\n|t:|1700189158\n|switch|p2a: Hoopa|Hoopa|100\/100\n|turn|10\n|\n|t:|1700189163\n|switch|p1a: Qwilfish|Qwilfish-Hisui, M|100\/100\n|-ability|p1a: Qwilfish|Intimidate|boost\n|-unboost|p2a: Hoopa|atk|1\n|move|p2a: Hoopa|Shadow Ball|p1a: Qwilfish\n|-resisted|p1a: Qwilfish\n|-damage|p1a: Qwilfish|72\/100\n|-unboost|p1a: Qwilfish|spd|1\n|\n|upkeep\n|turn|11\n|\n|t:|1700189181\n|switch|p1a: Clodsire|Clodsire, F|86\/100\n|move|p2a: Hoopa|Magic Coat|p2a: Hoopa\n|-singleturn|p2a: Hoopa|move: Magic Coat\n|\n|-heal|p1a: Clodsire|92\/100|[from] item: Leftovers\n|upkeep\n|turn|12\n|\n|t:|1700189185\n|move|p2a: Hoopa|Psyshock|p1a: Clodsire\n|-supereffective|p1a: Clodsire\n|-damage|p1a: Clodsire|0 fnt\n|faint|p1a: Clodsire\n|\n|upkeep\n|\n|t:|1700189201\n|switch|p1a: Corviknight|Corviknight, M|99\/100\n|-ability|p1a: Corviknight|Pressure\n|turn|13\n|\n|t:|1700189207\n|move|p2a: Hoopa|Shadow Ball|p1a: Corviknight\n|-damage|p1a: Corviknight|46\/100\n|move|p1a: Corviknight|U-turn|p2a: Hoopa\n|-damage|p2a: Hoopa|76\/100\n|\n|t:|1700189227\n|switch|p1a: Qwilfish|Qwilfish-Hisui, M|72\/100|[from] U-turn\n|-ability|p1a: Qwilfish|Intimidate|boost\n|-unboost|p2a: Hoopa|atk|1\n|\n|upkeep\n|turn|14\n|\n|t:|1700189241\n|move|p2a: Hoopa|Magic Coat|p2a: Hoopa\n|-singleturn|p2a: Hoopa|move: Magic Coat\n|move|p1a: Qwilfish|Spikes|p2a: Hoopa\n|move|p2a: Hoopa|Spikes|p1a: Qwilfish|[from]Magic Coat\n|-sidestart|p1: Glial|Spikes\n|\n|upkeep\n|turn|15\n|\n|t:|1700189252\n|move|p2a: Hoopa|Magic Coat|p2a: Hoopa\n|-singleturn|p2a: Hoopa|move: Magic Coat\n|move|p1a: Qwilfish|Destiny Bond|p1a: Qwilfish\n|-singlemove|p1a: Qwilfish|Destiny Bond\n|\n|upkeep\n|turn|16\n|\n|t:|1700189260\n|move|p1a: Qwilfish|Chilling Water|p2a: Hoopa\n|-damage|p2a: Hoopa|70\/100\n|-unboost|p2a: Hoopa|atk|1\n|move|p2a: Hoopa|Shadow Ball|p1a: Qwilfish\n|-resisted|p1a: Qwilfish\n|-damage|p1a: Qwilfish|46\/100\n|-unboost|p1a: Qwilfish|spd|1\n|\n|upkeep\n|turn|17\n|j| warnerssbu\n|c| warnerssbu|woag\n|\n|t:|1700189293\n|switch|p1a: Corviknight|Corviknight, M|46\/100\n|-ability|p1a: Corviknight|Pressure\n|move|p2a: Hoopa|Shadow Ball|p1a: Corviknight\n|-damage|p1a: Corviknight|0 fnt\n|faint|p1a: Corviknight\n|\n|upkeep\n|\n|t:|1700189300\n|switch|p1a: Tapu Lele|Tapu Lele|100\/100\n|-damage|p1a: Tapu Lele|88\/100|[from] Spikes\n|-fieldstart|move: Psychic Terrain|[from] ability: Psychic Surge|[of] p1a: Tapu Lele\n|turn|18\n|\n|t:|1700189312\n|switch|p1a: Qwilfish|Qwilfish-Hisui, M|46\/100\n|-damage|p1a: Qwilfish|34\/100|[from] Spikes\n|-ability|p1a: Qwilfish|Intimidate|boost\n|-unboost|p2a: Hoopa|atk|1\n|move|p2a: Hoopa|Shadow Ball|p1a: Qwilfish\n|-resisted|p1a: Qwilfish\n|-damage|p1a: Qwilfish|5\/100\n|\n|upkeep\n|turn|19\n|\n|t:|1700189330\n|switch|p1a: Medicham|Medicham, M|100\/100\n|-damage|p1a: Medicham|88\/100|[from] Spikes\n|switch|p2a: Quaquaval|Quaquaval, F|100\/100\n|\n|upkeep\n|turn|20\n|\n|t:|1700189337\n|detailschange|p1a: Medicham|Medicham-Mega, M\n|-mega|p1a: Medicham|Medicham|Medichamite\n|move|p1a: Medicham|Trailblaze|p2a: Quaquaval\n|-supereffective|p2a: Quaquaval\n|-damage|p2a: Quaquaval|50\/100\n|-boost|p1a: Medicham|spe|1\n|-enditem|p2a: Quaquaval|Weakness Policy\n|-boost|p2a: Quaquaval|atk|2|[from] item: Weakness Policy\n|-boost|p2a: Quaquaval|spa|2|[from] item: Weakness Policy\n|move|p2a: Quaquaval|Agility|p2a: Quaquaval\n|-boost|p2a: Quaquaval|spe|2\n|\n|upkeep\n|turn|21\n|\n|t:|1700189350\n|move|p2a: Quaquaval|Aqua Step|p1a: Medicham\n|-damage|p1a: Medicham|0 fnt\n|-boost|p2a: Quaquaval|spe|1\n|faint|p1a: Medicham\n|-ability|p2a: Quaquaval|Moxie|boost\n|-boost|p2a: Quaquaval|atk|1\n|\n|upkeep\n|c|\u2606Glial|Holy shit\n|c|\u2606insignas|THE PREP BABY\n|c|\u2606insignas|WOOOOOOOOOOO\n|\n|t:|1700189373\n|switch|p1a: Qwilfish|Qwilfish-Hisui, M|5\/100\n|-damage|p1a: Qwilfish|0 fnt|[from] Spikes\n|faint|p1a: Qwilfish\n|\n|t:|1700189376\n|switch|p1a: Slowking|Slowking, M|64\/100 brn\n|-damage|p1a: Slowking|51\/100 brn|[from] Spikes\n|turn|22\n|\n|t:|1700189380\n|move|p2a: Quaquaval|Aqua Step|p1a: Slowking\n|-resisted|p1a: Slowking\n|-damage|p1a: Slowking|2\/100 brn\n|-boost|p2a: Quaquaval|spe|1\n|move|p1a: Slowking|Teleport|p1a: Slowking\n|\n|t:|1700189383\n|switch|p1a: Tapu Lele|Tapu Lele|88\/100|[from] Teleport\n|-damage|p1a: Tapu Lele|76\/100|[from] Spikes\n|\n|upkeep\n|turn|23\n|\n|t:|1700189387\n|move|p2a: Quaquaval|Aqua Step|p1a: Tapu Lele\n|-damage|p1a: Tapu Lele|0 fnt\n|-boost|p2a: Quaquaval|spe|1\n|faint|p1a: Tapu Lele\n|-ability|p2a: Quaquaval|Moxie|boost\n|-boost|p2a: Quaquaval|atk|1\n|\n|upkeep\n|-message|Glial forfeited.\n|\n|win|insignas\n|l|\u2606Glial\n","uploadtime":1700189396,"views":84,"p1id":"glial","p2id":"insignas","formatid":"gen9nationaldexubers","rating":0,"private":0,"password":""}