{"id":"gen9nationaldexubers-1983437231","p1":"golim","p2":"Plush Candy","format":"[Gen 9] National Dex Ubers","log":"|j|\u2606golim\n|j|\u2606Plush Candy\n|t:|1699130064\n|gametype|singles\n|player|p1|golim|caitlin|1198\n|player|p2|Plush Candy|blue-gen1two|1164\n|teamsize|p1|6\n|teamsize|p2|6\n|gen|9\n|tier|[Gen 9] National Dex Ubers\n|rated|\n|rule|HP Percentage Mod: HP is shown in percentages\n|rule|Endless Battle Clause: Forcing endless battles is banned\n|rule|OHKO Clause: OHKO moves are banned\n|rule|Evasion Moves Clause: Evasion moves are banned\n|rule|Evasion Items Clause: Evasion items are banned\n|rule|Species Clause: Limit one of each Pok\u00e9mon\n|rule|Sleep Clause Mod: Limit one foe put to sleep\n|rule|Mega Rayquaza Clause: You cannot mega evolve Rayquaza\n|clearpoke\n|poke|p1|Calyrex-Ice|\n|poke|p1|Eternatus|\n|poke|p1|Yveltal|\n|poke|p1|Necrozma-Dusk-Mane|\n|poke|p1|Alakazam, M|\n|poke|p1|Espathra, M|\n|poke|p2|Lycanroc-Midnight, F|\n|poke|p2|Bronzong|\n|poke|p2|Necrozma-Dawn-Wings|\n|poke|p2|Aurorus, F|\n|poke|p2|Hatterene, F|\n|poke|p2|Baxcalibur, M|\n|teampreview\n|inactive|Battle timer is ON: inactive players will automatically lose when time's up. (requested by golim)\n|c|\u2606Plush Candy|Oop\n|c|\u2606Plush Candy|Glhf\n|c|\u2606Plush Candy|That's a terrifying team\n|\n|t:|1699130086\n|start\n|switch|p1a: Yveltal|Yveltal|100\/100\n|switch|p2a: Hell Bell|Bronzong, shiny|100\/100\n|-ability|p1a: Yveltal|Dark Aura\n|turn|1\n|\n|t:|1699130095\n|move|p1a: Yveltal|Taunt|p2a: Hell Bell\n|-start|p2a: Hell Bell|move: Taunt\n|cant|p2a: Hell Bell|move: Taunt|Trick Room\n|\n|upkeep\n|turn|2\n|\n|t:|1699130118\n|switch|p1a: Espathra|Espathra, M|100\/100\n|switch|p2a: aurora borealis|Aurorus, F, shiny|100\/100\n|-weather|Snow|[from] ability: Snow Warning|[of] p2a: aurora borealis\n|\n|-weather|Snow|[upkeep]\n|upkeep\n|turn|3\n|\n|t:|1699130128\n|move|p1a: Espathra|Calm Mind|p1a: Espathra\n|-boost|p1a: Espathra|spa|1\n|-boost|p1a: Espathra|spd|1\n|move|p2a: aurora borealis|Aurora Veil|p2a: aurora borealis\n|-sidestart|p2: Plush Candy|move: Aurora Veil\n|\n|-weather|Snow|[upkeep]\n|-ability|p1a: Espathra|Speed Boost|boost\n|-boost|p1a: Espathra|spe|1\n|upkeep\n|turn|4\n|\n|t:|1699130139\n|move|p1a: Espathra|Calm Mind|p1a: Espathra\n|-boost|p1a: Espathra|spa|1\n|-boost|p1a: Espathra|spd|1\n|move|p2a: aurora borealis|Meteor Beam||[still]\n|-prepare|p2a: aurora borealis|Meteor Beam\n|-boost|p2a: aurora borealis|spa|1\n|-enditem|p2a: aurora borealis|Power Herb\n|-anim|p2a: aurora borealis|Meteor Beam|p1a: Espathra\n|-damage|p1a: Espathra|39\/100\n|\n|-weather|Snow|[upkeep]\n|-heal|p1a: Espathra|45\/100|[from] item: Leftovers\n|-ability|p1a: Espathra|Speed Boost|boost\n|-boost|p1a: Espathra|spe|1\n|upkeep\n|turn|5\n|\n|t:|1699130149\n|move|p1a: Espathra|Stored Power|p2a: aurora borealis\n|-damage|p2a: aurora borealis|40\/100\n|move|p2a: aurora borealis|Blizzard|p1a: Espathra\n|-damage|p1a: Espathra|0 fnt\n|faint|p1a: Espathra\n|\n|-weather|Snow|[upkeep]\n|upkeep\n|\n|t:|1699130162\n|switch|p1a: Calyrex|Calyrex-Ice|100\/100\n|-ability|p1a: Calyrex|As One\n|-ability|p1a: Calyrex|Unnerve\n|turn|6\n|\n|t:|1699130168\n|move|p1a: Calyrex|Agility|p1a: Calyrex\n|-boost|p1a: Calyrex|spe|2\n|move|p2a: aurora borealis|Ancient Power|p1a: Calyrex\n|-supereffective|p1a: Calyrex\n|-damage|p1a: Calyrex|35\/100\n|-enditem|p1a: Calyrex|Weakness Policy\n|-boost|p1a: Calyrex|atk|2|[from] item: Weakness Policy\n|-boost|p1a: Calyrex|spa|2|[from] item: Weakness Policy\n|\n|-weather|none\n|upkeep\n|turn|7\n|\n|t:|1699130174\n|move|p1a: Calyrex|Glacial Lance|p2a: aurora borealis\n|-resisted|p2a: aurora borealis\n|-damage|p2a: aurora borealis|6\/100\n|move|p2a: aurora borealis|Ancient Power|p1a: Calyrex\n|-supereffective|p1a: Calyrex\n|-damage|p1a: Calyrex|0 fnt\n|faint|p1a: Calyrex\n|\n|-sideend|p2: Plush Candy|move: Aurora Veil\n|upkeep\n|\n|t:|1699130178\n|switch|p1a: Eternatus|Eternatus|100\/100\n|-ability|p1a: Eternatus|Pressure\n|turn|8\n|\n|t:|1699130190\n|move|p1a: Eternatus|Dynamax Cannon|p2a: aurora borealis\n|-damage|p2a: aurora borealis|0 fnt\n|faint|p2a: aurora borealis\n|\n|upkeep\n|\n|t:|1699130197\n|switch|p2a: Silver Blood|Necrozma-Dawn-Wings, shiny|100\/100\n|turn|9\n|\n|t:|1699130201\n|move|p1a: Eternatus|Dynamax Cannon|p2a: Silver Blood\n|-damage|p2a: Silver Blood|64\/100\n|move|p2a: Silver Blood|Calm Mind|p2a: Silver Blood\n|-boost|p2a: Silver Blood|spa|1\n|-boost|p2a: Silver Blood|spd|1\n|\n|upkeep\n|turn|10\n|\n|t:|1699130204\n|move|p1a: Eternatus|Sludge Wave|p2a: Silver Blood\n|-resisted|p2a: Silver Blood\n|-damage|p2a: Silver Blood|53\/100\n|move|p2a: Silver Blood|Calm Mind|p2a: Silver Blood\n|-boost|p2a: Silver Blood|spa|1\n|-boost|p2a: Silver Blood|spd|1\n|\n|upkeep\n|turn|11\n|\n|t:|1699130214\n|detailschange|p2a: Silver Blood|Necrozma-Ultra, shiny\n|-burst|p2a: Silver Blood|Necrozma|Ultranecrozium Z\n|move|p1a: Eternatus|Dynamax Cannon|p2a: Silver Blood\n|-supereffective|p2a: Silver Blood\n|-damage|p2a: Silver Blood|4\/100\n|move|p2a: Silver Blood|Photon Geyser|p1a: Eternatus\n|-supereffective|p1a: Eternatus\n|-crit|p1a: Eternatus\n|-damage|p1a: Eternatus|0 fnt\n|faint|p1a: Eternatus\n|\n|upkeep\n|\n|t:|1699130221\n|switch|p1a: Yveltal|Yveltal|100\/100\n|-ability|p1a: Yveltal|Dark Aura\n|turn|12\n|\n|t:|1699130228\n|move|p2a: Silver Blood|Calm Mind|p2a: Silver Blood\n|-boost|p2a: Silver Blood|spa|1\n|-boost|p2a: Silver Blood|spd|1\n|move|p1a: Yveltal|Oblivion Wing|p2a: Silver Blood\n|-damage|p2a: Silver Blood|0 fnt\n|faint|p2a: Silver Blood\n|\n|upkeep\n|c|\u2606Plush Candy|Really? No Sucker?\n|\n|t:|1699130253\n|switch|p2a: Lyk|Baxcalibur, M, shiny|100\/100\n|turn|13\n|\n|t:|1699130268\n|move|p1a: Yveltal|Oblivion Wing|p2a: Lyk\n|-damage|p2a: Lyk|67\/100\n|move|p2a: Lyk|Dragon Dance|p2a: Lyk\n|-boost|p2a: Lyk|atk|1\n|-boost|p2a: Lyk|spe|1\n|\n|upkeep\n|turn|14\n|\n|t:|1699130276\n|move|p2a: Lyk|Icicle Spear|p1a: Yveltal\n|-supereffective|p1a: Yveltal\n|-damage|p1a: Yveltal|69\/100\n|-supereffective|p1a: Yveltal\n|-damage|p1a: Yveltal|36\/100\n|-supereffective|p1a: Yveltal\n|-damage|p1a: Yveltal|0 fnt\n|faint|p1a: Yveltal\n|-hitcount|p1: Yveltal|3\n|\n|upkeep\n|\n|t:|1699130281\n|switch|p1a: Necrozma|Necrozma-Dusk-Mane|100\/100\n|turn|15\n|\n|t:|1699130288\n|move|p2a: Lyk|Glaive Rush|p1a: Necrozma\n|-resisted|p1a: Necrozma\n|-damage|p1a: Necrozma|57\/100\n|-singlemove|p2a: Lyk|Glaive Rush|[silent]\n|-damage|p2a: Lyk|51\/100|[from] item: Rocky Helmet|[of] p1a: Necrozma\n|move|p1a: Necrozma|Sunsteel Strike|p2a: Lyk\n|-supereffective|p2a: Lyk\n|-damage|p2a: Lyk|0 fnt\n|faint|p2a: Lyk\n|\n|upkeep\n|\n|t:|1699130295\n|switch|p2a: Hell Bell|Bronzong, shiny|100\/100\n|turn|16\n|\n|t:|1699130308\n|move|p1a: Necrozma|Knock Off|p2a: Hell Bell\n|-supereffective|p2a: Hell Bell\n|-damage|p2a: Hell Bell|34\/100\n|-enditem|p2a: Hell Bell|Normal Gem|[from] move: Knock Off|[of] p1a: Necrozma\n|move|p2a: Hell Bell|Trick Room|p2a: Hell Bell\n|-fieldstart|move: Trick Room|[of] p2a: Hell Bell\n|\n|upkeep\n|turn|17\n|\n|t:|1699130316\n|move|p2a: Hell Bell|Stealth Rock|p1a: Necrozma\n|-sidestart|p1: golim|move: Stealth Rock\n|move|p1a: Necrozma|Knock Off|p2a: Hell Bell\n|-supereffective|p2a: Hell Bell\n|-damage|p2a: Hell Bell|0 fnt\n|faint|p2a: Hell Bell\n|\n|upkeep\n|\n|t:|1699130324\n|switch|p2a: Hatterene|Hatterene, F|100\/100\n|turn|18\n|\n|t:|1699130328\n|move|p2a: Hatterene|Mystical Fire|p1a: Necrozma\n|-supereffective|p1a: Necrozma\n|-damage|p1a: Necrozma|0 fnt\n|faint|p1a: Necrozma\n|-damage|p2a: Hatterene|91\/100|[from] item: Life Orb\n|\n|upkeep\n|\n|t:|1699130335\n|switch|p1a: Alakazam|Alakazam, M|100\/100\n|-damage|p1a: Alakazam|88\/100|[from] Stealth Rock\n|turn|19\n|\n|t:|1699130343\n|detailschange|p1a: Alakazam|Alakazam-Mega, M\n|-mega|p1a: Alakazam|Alakazam|Alakazite\n|-ability|p1a: Alakazam|Magic Bounce|[from] ability: Trace|[of] p2a: Hatterene\n|move|p2a: Hatterene|Dazzling Gleam|p1a: Alakazam\n|-crit|p1a: Alakazam\n|-damage|p1a: Alakazam|0 fnt\n|faint|p1a: Alakazam\n|-damage|p2a: Hatterene|81\/100|[from] item: Life Orb\n|\n|win|Plush Candy\n|raw|golim's rating: 1198 &rarr; <strong>1171<\/strong><br \/>(-27 for losing)\n|raw|Plush Candy's rating: 1164 &rarr; <strong>1191<\/strong><br \/>(+27 for winning)\n|c|\u2606Plush Candy|Gg\n|l|\u2606Plush Candy\n","uploadtime":1699130371,"views":11,"p1id":"golim","p2id":"plushcandy","formatid":"gen9nationaldexubers","rating":1171,"private":0,"password":""}