{"id":"gen9nationaldexubers-1988121115","p1":"I am chicken man","p2":"kitmash","format":"[Gen 9] National Dex Ubers","log":"|j|\u2606I am chicken man\n|j|\u2606kitmash\n|t:|1699672147\n|gametype|singles\n|player|p1|I am chicken man|101|1494\n|player|p2|kitmash|101|1584\n|teamsize|p1|6\n|teamsize|p2|6\n|gen|9\n|tier|[Gen 9] National Dex Ubers\n|rated|\n|rule|HP Percentage Mod: HP is shown in percentages\n|rule|Endless Battle Clause: Forcing endless battles is banned\n|rule|OHKO Clause: OHKO moves are banned\n|rule|Evasion Moves Clause: Evasion moves are banned\n|rule|Evasion Items Clause: Evasion items are banned\n|rule|Species Clause: Limit one of each Pok\u00e9mon\n|rule|Sleep Clause Mod: Limit one foe put to sleep\n|rule|Mega Rayquaza Clause: You cannot mega evolve Rayquaza\n|clearpoke\n|poke|p1|Xerneas-*|\n|poke|p1|Deoxys-Speed|\n|poke|p1|Zekrom|\n|poke|p1|Ditto|\n|poke|p1|Groudon|\n|poke|p1|Mewtwo|\n|poke|p2|Ursaluna-Bloodmoon, M|\n|poke|p2|Chi-Yu|\n|poke|p2|Salamence, M|\n|poke|p2|Arceus-Poison|\n|poke|p2|Lugia|\n|poke|p2|Zacian-*|\n|teampreview\n|inactive|Battle timer is ON: inactive players will automatically lose when time's up. (requested by I am chicken man)\n|\n|t:|1699672166\n|start\n|switch|p1a: Deoxys|Deoxys-Speed|100\/100\n|switch|p2a: Chi-Yu|Chi-Yu|100\/100\n|-ability|p1a: Deoxys|Pressure\n|-ability|p2a: Chi-Yu|Beads of Ruin\n|turn|1\n|\n|t:|1699672176\n|move|p1a: Deoxys|Taunt|p2a: Chi-Yu\n|-start|p2a: Chi-Yu|move: Taunt\n|move|p2a: Chi-Yu|Dark Pulse|p1a: Deoxys\n|-supereffective|p1a: Deoxys\n|-enditem|p1a: Deoxys|Focus Sash\n|-damage|p1a: Deoxys|1\/100\n|\n|upkeep\n|turn|2\n|\n|t:|1699672184\n|move|p1a: Deoxys|Stealth Rock|p2a: Chi-Yu\n|-sidestart|p2: kitmash|move: Stealth Rock\n|move|p2a: Chi-Yu|Dark Pulse|p1a: Deoxys\n|-supereffective|p1a: Deoxys\n|-damage|p1a: Deoxys|0 fnt\n|faint|p1a: Deoxys\n|\n|upkeep\n|inactive|I am chicken man has 120 seconds left.\n|\n|t:|1699672232\n|switch|p1a: Mewtwo|Mewtwo|100\/100\n|-ability|p1a: Mewtwo|Unnerve\n|turn|3\n|\n|t:|1699672253\n|switch|p2a: Zacian|Zacian-Crowned|100\/100\n|-damage|p2a: Zacian|94\/100|[from] Stealth Rock\n|-ability|p2a: Zacian|Intrepid Sword|boost\n|-boost|p2a: Zacian|atk|1\n|detailschange|p1a: Mewtwo|Mewtwo-Mega-X\n|-mega|p1a: Mewtwo|Mewtwo|Mewtwonite X\n|move|p1a: Mewtwo|Drain Punch|p2a: Zacian\n|-damage|p2a: Zacian|52\/100\n|\n|upkeep\n|turn|4\n|inactive|I am chicken man has 120 seconds left.\n|\n|t:|1699672269\n|switch|p1a: Ditto|Ditto|100\/100\n|-transform|p1a: Ditto|p2a: Zacian|[from] ability: Imposter\n|-ability|p1a: Ditto|Intrepid Sword|boost\n|-boost|p1a: Ditto|atk|1\n|move|p2a: Zacian|Play Rough|p1a: Ditto\n|-resisted|p1a: Ditto\n|-damage|p1a: Ditto|66\/100\n|\n|upkeep\n|turn|5\n|\n|t:|1699672280\n|switch|p2a: Arceus|Arceus-Poison|100\/100\n|-damage|p2a: Arceus|88\/100|[from] Stealth Rock\n|move|p1a: Ditto|Behemoth Blade|p2a: Arceus\n|-damage|p2a: Arceus|42\/100\n|\n|upkeep\n|turn|6\n|\n|t:|1699672301\n|-terastallize|p2a: Arceus|Electric\n|move|p1a: Ditto|Behemoth Blade|p2a: Arceus\n|-resisted|p2a: Arceus\n|-damage|p2a: Arceus|18\/100\n|move|p2a: Arceus|Recover|p2a: Arceus\n|-heal|p2a: Arceus|68\/100\n|\n|upkeep\n|turn|7\n|inactive|kitmash has 120 seconds left.\n|inactive|I am chicken man has 90 seconds left.\n|\n|t:|1699672329\n|switch|p1a: Groudon|Groudon|100\/100\n|detailschange|p1a: Groudon|Groudon-Primal\n|-primal|p1a: Groudon|Red Orb\n|-weather|DesolateLand|[from] ability: Desolate Land|[of] p1a: Groudon\n|switch|p2a: Salamence|Salamence, M|100\/100\n|-damage|p2a: Salamence|76\/100|[from] Stealth Rock\n|-ability|p2a: Salamence|Intimidate|boost\n|-unboost|p1a: Groudon|atk|1\n|\n|-weather|DesolateLand|[upkeep]\n|upkeep\n|turn|8\n|inactive|I am chicken man has 90 seconds left.\n|inactive|kitmash has 120 seconds left.\n|\n|t:|1699672347\n|detailschange|p2a: Salamence|Salamence-Mega, M\n|-mega|p2a: Salamence|Salamence|Salamencite\n|move|p2a: Salamence|Toxic|p1a: Groudon\n|-status|p1a: Groudon|tox\n|move|p1a: Groudon|Thunder Wave|p2a: Salamence|[miss]\n|-miss|p1a: Groudon|p2a: Salamence\n|\n|-weather|DesolateLand|[upkeep]\n|-damage|p1a: Groudon|94\/100 tox|[from] psn\n|upkeep\n|turn|9\n|\n|t:|1699672355\n|move|p2a: Salamence|Defog|p1a: Groudon\n|-unboost|p1a: Groudon|evasion|1\n|-sideend|p2: kitmash|Stealth Rock|[from] move: Defog|[of] p2a: Salamence\n|move|p1a: Groudon|Rock Slide|p2a: Salamence\n|-supereffective|p2a: Salamence\n|-damage|p2a: Salamence|49\/100\n|\n|-weather|DesolateLand|[upkeep]\n|-damage|p1a: Groudon|82\/100 tox|[from] psn\n|upkeep\n|turn|10\n|inactive|I am chicken man has 90 seconds left.\n|inactive|kitmash has 120 seconds left.\n|\n|t:|1699672364\n|move|p2a: Salamence|Roost|p2a: Salamence\n|-heal|p2a: Salamence|99\/100\n|-singleturn|p2a: Salamence|move: Roost\n|move|p1a: Groudon|Thunder Wave|p2a: Salamence\n|-status|p2a: Salamence|par\n|\n|-weather|DesolateLand|[upkeep]\n|-damage|p1a: Groudon|63\/100 tox|[from] psn\n|upkeep\n|turn|11\n|inactive|I am chicken man has 90 seconds left.\n|\n|t:|1699672381\n|-weather|none\n|switch|p1a: Ditto|Ditto|66\/100\n|-transform|p1a: Ditto|p2a: Salamence|[from] ability: Imposter\n|cant|p2a: Salamence|par\n|\n|upkeep\n|turn|12\n|inactive|I am chicken man has 90 seconds left.\n|\n|t:|1699672392\n|move|p1a: Ditto|Facade|p2a: Salamence\n|-damage|p2a: Salamence|79\/100 par\n|cant|p2a: Salamence|par\n|\n|upkeep\n|turn|13\n|inactive|I am chicken man has 90 seconds left.\n|\n|t:|1699672403\n|switch|p1a: Zekrom|Zekrom|100\/100\n|-ability|p1a: Zekrom|Teravolt\n|move|p2a: Salamence|Facade|p1a: Zekrom\n|-resisted|p1a: Zekrom\n|-damage|p1a: Zekrom|67\/100\n|\n|upkeep\n|turn|14\n|inactive|I am chicken man has 90 seconds left.\n|\n|t:|1699672414\n|switch|p2a: Arceus|Arceus-Poison, tera:Electric|68\/100\n|move|p1a: Zekrom|Dragon Dance|p1a: Zekrom\n|-boost|p1a: Zekrom|atk|1\n|-boost|p1a: Zekrom|spe|1\n|\n|upkeep\n|turn|15\n|\n|t:|1699672422\n|move|p1a: Zekrom|Dragon Claw|p2a: Arceus\n|-damage|p2a: Arceus|36\/100\n|move|p2a: Arceus|Will-O-Wisp|p1a: Zekrom\n|-status|p1a: Zekrom|brn\n|\n|-damage|p1a: Zekrom|61\/100 brn|[from] brn\n|upkeep\n|turn|16\n|\n|t:|1699672430\n|move|p1a: Zekrom|Dragon Dance|p1a: Zekrom\n|-boost|p1a: Zekrom|atk|1\n|-boost|p1a: Zekrom|spe|1\n|move|p2a: Arceus|Recover|p2a: Arceus\n|-heal|p2a: Arceus|86\/100\n|\n|-damage|p1a: Zekrom|55\/100 brn|[from] brn\n|upkeep\n|turn|17\n|\n|t:|1699672437\n|move|p1a: Zekrom|Dragon Dance|p1a: Zekrom\n|-boost|p1a: Zekrom|atk|1\n|-boost|p1a: Zekrom|spe|1\n|move|p2a: Arceus|Gunk Shot|p1a: Zekrom\n|-damage|p1a: Zekrom|7\/100 brn\n|\n|-damage|p1a: Zekrom|1\/100 brn|[from] brn\n|upkeep\n|turn|18\n|\n|t:|1699672447\n|move|p1a: Zekrom|Dragon Claw|p2a: Arceus\n|-damage|p2a: Arceus|60\/100\n|move|p2a: Arceus|Recover|p2a: Arceus\n|-heal|p2a: Arceus|100\/100\n|\n|-damage|p1a: Zekrom|0 fnt|[from] brn\n|faint|p1a: Zekrom\n|upkeep\n|\n|t:|1699672455\n|switch|p1a: Mewtwo|Mewtwo-Mega-X|100\/100\n|turn|19\n|\n|t:|1699672461\n|move|p1a: Mewtwo|Earthquake|p2a: Arceus\n|-supereffective|p2a: Arceus\n|-damage|p2a: Arceus|58\/100\n|move|p2a: Arceus|Will-O-Wisp|p1a: Mewtwo\n|-status|p1a: Mewtwo|brn\n|\n|-damage|p1a: Mewtwo|94\/100 brn|[from] brn\n|upkeep\n|turn|20\n|\n|t:|1699672472\n|move|p1a: Mewtwo|Poison Jab|p2a: Arceus\n|-damage|p2a: Arceus|49\/100\n|move|p2a: Arceus|Recover|p2a: Arceus\n|-heal|p2a: Arceus|99\/100\n|\n|-damage|p1a: Mewtwo|88\/100 brn|[from] brn\n|upkeep\n|turn|21\n|\n|t:|1699672490\n|switch|p2a: Salamence|Salamence-Mega, M|79\/100 par\n|move|p1a: Mewtwo|Poison Jab|p2a: Salamence\n|-damage|p2a: Salamence|70\/100 par\n|\n|-damage|p1a: Mewtwo|82\/100 brn|[from] brn\n|upkeep\n|turn|22\n|\n|t:|1699672498\n|move|p1a: Mewtwo|Lash Out|p2a: Salamence\n|-damage|p2a: Salamence|61\/100 par\n|cant|p2a: Salamence|par\n|\n|-damage|p1a: Mewtwo|76\/100 brn|[from] brn\n|upkeep\n|turn|23\n|\n|t:|1699672513\n|move|p1a: Mewtwo|Lash Out|p2a: Salamence\n|-damage|p2a: Salamence|52\/100 par\n|cant|p2a: Salamence|par\n|\n|-damage|p1a: Mewtwo|69\/100 brn|[from] brn\n|upkeep\n|turn|24\n|\n|t:|1699672521\n|move|p1a: Mewtwo|Lash Out|p2a: Salamence\n|-damage|p2a: Salamence|43\/100 par\n|move|p2a: Salamence|Roost|p2a: Salamence\n|-heal|p2a: Salamence|93\/100 par\n|-singleturn|p2a: Salamence|move: Roost\n|\n|-damage|p1a: Mewtwo|63\/100 brn|[from] brn\n|upkeep\n|turn|25\n|\n|t:|1699672533\n|move|p1a: Mewtwo|Poison Jab|p2a: Salamence\n|-damage|p2a: Salamence|83\/100 par\n|move|p2a: Salamence|Facade|p1a: Mewtwo\n|-supereffective|p1a: Mewtwo\n|-damage|p1a: Mewtwo|0 fnt\n|faint|p1a: Mewtwo\n|\n|upkeep\n|\n|t:|1699672542\n|switch|p1a: Xerneas|Xerneas|100\/100\n|-ability|p1a: Xerneas|Fairy Aura\n|turn|26\n|\n|t:|1699672546\n|switch|p2a: Lugia|Lugia|100\/100\n|-terastallize|p1a: Xerneas|Steel\n|move|p1a: Xerneas|Geomancy||[still]\n|-prepare|p1a: Xerneas|Geomancy\n|-enditem|p1a: Xerneas|Power Herb\n|-anim|p1a: Xerneas|Geomancy|p1a: Xerneas\n|-boost|p1a: Xerneas|spa|2\n|-boost|p1a: Xerneas|spd|2\n|-boost|p1a: Xerneas|spe|2\n|\n|upkeep\n|turn|27\n|\n|t:|1699672555\n|move|p1a: Xerneas|Thunderbolt|p2a: Lugia\n|-supereffective|p2a: Lugia\n|-crit|p2a: Lugia\n|-damage|p2a: Lugia|58\/100\n|move|p2a: Lugia|Whirlwind|p1a: Xerneas\n|drag|p1a: Groudon|Groudon-Primal|63\/100 tox\n|-weather|DesolateLand|[from] ability: Desolate Land|[of] p1a: Groudon\n|\n|-weather|DesolateLand|[upkeep]\n|-damage|p1a: Groudon|57\/100 tox|[from] psn\n|upkeep\n|turn|28\n|inactive|kitmash has 120 seconds left.\n|\n|t:|1699672587\n|switch|p2a: Zacian|Zacian-Crowned|52\/100\n|move|p1a: Groudon|Rock Slide|p2a: Zacian\n|-resisted|p2a: Zacian\n|-damage|p2a: Zacian|37\/100\n|\n|-weather|DesolateLand|[upkeep]\n|-damage|p1a: Groudon|45\/100 tox|[from] psn\n|upkeep\n|turn|29\n|inactive|kitmash has 120 seconds left.\n|\n|t:|1699672600\n|move|p2a: Zacian|Behemoth Blade|p1a: Groudon\n|-resisted|p1a: Groudon\n|-damage|p1a: Groudon|31\/100 tox\n|move|p1a: Groudon|Heat Crash|p2a: Zacian\n|-supereffective|p2a: Zacian\n|-damage|p2a: Zacian|0 fnt\n|faint|p2a: Zacian\n|\n|-weather|DesolateLand|[upkeep]\n|-damage|p1a: Groudon|12\/100 tox|[from] psn\n|upkeep\n|inactive|kitmash has 120 seconds left.\n|\n|t:|1699672621\n|switch|p2a: Lugia|Lugia|58\/100\n|turn|30\n|\n|t:|1699672637\n|move|p2a: Lugia|Aeroblast|p1a: Groudon\n|-damage|p1a: Groudon|0 fnt\n|faint|p1a: Groudon\n|-weather|none\n|\n|upkeep\n|\n|t:|1699672646\n|switch|p1a: Ditto|Ditto|66\/100\n|-transform|p1a: Ditto|p2a: Lugia|[from] ability: Imposter\n|turn|31\n|\n|t:|1699672667\n|switch|p2a: Chi-Yu|Chi-Yu|100\/100\n|-ability|p2a: Chi-Yu|Beads of Ruin\n|move|p1a: Ditto|Toxic|p2a: Chi-Yu\n|-status|p2a: Chi-Yu|tox\n|\n|-damage|p2a: Chi-Yu|95\/100 tox|[from] psn\n|upkeep\n|turn|32\n|-message|I am chicken man forfeited.\n|\n|win|kitmash\n|raw|I am chicken man's rating: 1494 &rarr; <strong>1479<\/strong><br \/>(-15 for losing)\n|raw|kitmash's rating: 1584 &rarr; <strong>1599<\/strong><br \/>(+15 for winning)\n|l|\u2606I am chicken man\n","uploadtime":1699672687,"views":7,"p1id":"iamchickenman","p2id":"kitmash","formatid":"gen9nationaldexubers","rating":1479,"private":0,"password":""}