{"id":"gen9nationaldexubers-1997120692","p1":"Zake202012","p2":"kingkonger666","format":"[Gen 9] National Dex Ubers","log":"|j|\u2606Zake202012\n|j|\u2606kingkonger666\n|t:|1700766583\n|gametype|singles\n|player|p1|Zake202012|n|1125\n|player|p2|kingkonger666|cynthia-gen4|1166\n|teamsize|p1|1\n|teamsize|p2|6\n|gen|9\n|tier|[Gen 9] National Dex Ubers\n|rated|\n|rule|HP Percentage Mod: HP is shown in percentages\n|rule|Endless Battle Clause: Forcing endless battles is banned\n|rule|OHKO Clause: OHKO moves are banned\n|rule|Evasion Moves Clause: Evasion moves are banned\n|rule|Evasion Items Clause: Evasion items are banned\n|rule|Species Clause: Limit one of each Pok\u00e9mon\n|rule|Sleep Clause Mod: Limit one foe put to sleep\n|rule|Mega Rayquaza Clause: You cannot mega evolve Rayquaza\n|clearpoke\n|poke|p1|Arceus|\n|poke|p2|Greninja-*, F|\n|poke|p2|Kingdra, F|\n|poke|p2|Seismitoad, M|\n|poke|p2|Jirachi|\n|poke|p2|Thundurus-Therian, M|\n|poke|p2|Gyarados, M|\n|teampreview\n|inactive|Battle timer is ON: inactive players will automatically lose when time's up. (requested by kingkonger666)\n|inactive|Zake202012 also wants the timer to be on.\n|\n|t:|1700766590\n|start\n|switch|p1a: Arceus|Arceus|100\/100\n|switch|p2a: Greninja|Greninja, F|100\/100\n|turn|1\n|\n|t:|1700766596\n|move|p2a: Greninja|Rain Dance|p2a: Greninja\n|-start|p2a: Greninja|typechange|Water|[from] ability: Protean\n|-weather|RainDance\n|move|p1a: Arceus|Cosmic Power|p1a: Arceus\n|-boost|p1a: Arceus|def|1\n|-boost|p1a: Arceus|spd|1\n|\n|-weather|RainDance|[upkeep]\n|upkeep\n|turn|2\n|\n|t:|1700766607\n|move|p2a: Greninja|U-turn|p1a: Arceus\n|-damage|p1a: Arceus|94\/100\n|inactive|kingkonger666 has 120 seconds left.\n|\n|t:|1700766638\n|switch|p2a: Gyarados|Gyarados, M|100\/100|[from] U-turn\n|-ability|p2a: Gyarados|Intimidate|boost\n|-unboost|p1a: Arceus|atk|1\n|move|p1a: Arceus|Cosmic Power|p1a: Arceus\n|-boost|p1a: Arceus|def|1\n|-boost|p1a: Arceus|spd|1\n|\n|-weather|RainDance|[upkeep]\n|-heal|p1a: Arceus|99\/100|[from] item: Leftovers\n|upkeep\n|turn|3\n|inactive|kingkonger666 has 120 seconds left.\n|\n|t:|1700766651\n|detailschange|p2a: Gyarados|Gyarados-Mega, M\n|-mega|p2a: Gyarados|Gyarados|Gyaradosite\n|-ability|p2a: Gyarados|Mold Breaker\n|move|p1a: Arceus|Cosmic Power|p1a: Arceus\n|-boost|p1a: Arceus|def|1\n|-boost|p1a: Arceus|spd|1\n|move|p2a: Gyarados|Dragon Dance|p2a: Gyarados\n|-boost|p2a: Gyarados|atk|1\n|-boost|p2a: Gyarados|spe|1\n|\n|-weather|RainDance|[upkeep]\n|-heal|p1a: Arceus|100\/100|[from] item: Leftovers\n|upkeep\n|turn|4\n|inactive|kingkonger666 has 120 seconds left.\n|\n|t:|1700766663\n|move|p2a: Gyarados|Dragon Dance|p2a: Gyarados\n|-boost|p2a: Gyarados|atk|1\n|-boost|p2a: Gyarados|spe|1\n|move|p1a: Arceus|Cosmic Power|p1a: Arceus\n|-boost|p1a: Arceus|def|1\n|-boost|p1a: Arceus|spd|1\n|\n|-weather|RainDance|[upkeep]\n|upkeep\n|turn|5\n|inactive|kingkonger666 has 120 seconds left.\n|\n|t:|1700766671\n|move|p2a: Gyarados|Dragon Dance|p2a: Gyarados\n|-boost|p2a: Gyarados|atk|1\n|-boost|p2a: Gyarados|spe|1\n|move|p1a: Arceus|Cosmic Power|p1a: Arceus\n|-boost|p1a: Arceus|def|1\n|-boost|p1a: Arceus|spd|1\n|\n|-weather|none\n|upkeep\n|turn|6\n|\n|t:|1700766680\n|move|p2a: Gyarados|Dragon Dance|p2a: Gyarados\n|-boost|p2a: Gyarados|atk|1\n|-boost|p2a: Gyarados|spe|1\n|move|p1a: Arceus|Cosmic Power|p1a: Arceus\n|-boost|p1a: Arceus|def|1\n|-boost|p1a: Arceus|spd|1\n|\n|upkeep\n|turn|7\n|\n|t:|1700766688\n|move|p2a: Gyarados|Waterfall|p1a: Arceus\n|-damage|p1a: Arceus|78\/100\n|cant|p1a: Arceus|flinch\n|\n|-heal|p1a: Arceus|84\/100|[from] item: Leftovers\n|upkeep\n|turn|8\n|\n|t:|1700766695\n|move|p2a: Gyarados|Dragon Dance|p2a: Gyarados\n|-boost|p2a: Gyarados|atk|1\n|-boost|p2a: Gyarados|spe|1\n|move|p1a: Arceus|Body Press|p2a: Gyarados\n|-supereffective|p2a: Gyarados\n|-damage|p2a: Gyarados|0 fnt\n|faint|p2a: Gyarados\n|\n|-heal|p1a: Arceus|90\/100|[from] item: Leftovers\n|upkeep\n|\n|t:|1700766712\n|switch|p2a: Greninja|Greninja, F|100\/100\n|turn|9\n|\n|t:|1700766717\n|move|p2a: Greninja|Rain Dance|p2a: Greninja\n|-start|p2a: Greninja|typechange|Water|[from] ability: Protean\n|-weather|RainDance\n|move|p1a: Arceus|Body Press|p2a: Greninja\n|-enditem|p2a: Greninja|Focus Sash\n|-damage|p2a: Greninja|1\/100\n|\n|-weather|RainDance|[upkeep]\n|-heal|p1a: Arceus|96\/100|[from] item: Leftovers\n|upkeep\n|turn|10\n|\n|t:|1700766729\n|move|p2a: Greninja|U-turn|p1a: Arceus\n|-damage|p1a: Arceus|94\/100\n|\n|t:|1700766744\n|switch|p2a: Thundurus|Thundurus-Therian, M|100\/100|[from] U-turn\n|move|p1a: Arceus|Body Press|p2a: Thundurus\n|-resisted|p2a: Thundurus\n|-damage|p2a: Thundurus|29\/100\n|\n|-weather|RainDance|[upkeep]\n|-heal|p1a: Arceus|99\/100|[from] item: Leftovers\n|upkeep\n|turn|11\n|\n|t:|1700766755\n|-zpower|p2a: Thundurus\n|move|p2a: Thundurus|All-Out Pummeling|p1a: Arceus|[zeffect]\n|-supereffective|p1a: Arceus\n|-damage|p1a: Arceus|75\/100\n|move|p1a: Arceus|Body Press|p2a: Thundurus\n|-resisted|p2a: Thundurus\n|-damage|p2a: Thundurus|0 fnt\n|faint|p2a: Thundurus\n|\n|-weather|RainDance|[upkeep]\n|-heal|p1a: Arceus|81\/100|[from] item: Leftovers\n|upkeep\n|inactive|kingkonger666 has 120 seconds left.\n|\n|t:|1700766773\n|switch|p2a: Jirachi|Jirachi|100\/100\n|turn|12\n|\n|t:|1700766779\n|move|p1a: Arceus|Body Press|p2a: Jirachi\n|-damage|p2a: Jirachi|6\/100\n|move|p2a: Jirachi|Thunder|p1a: Arceus\n|-damage|p1a: Arceus|77\/100\n|-status|p1a: Arceus|par\n|\n|-weather|RainDance|[upkeep]\n|-heal|p2a: Jirachi|12\/100|[from] item: Leftovers\n|-heal|p1a: Arceus|83\/100 par|[from] item: Leftovers\n|upkeep\n|turn|13\n|\n|t:|1700766793\n|move|p2a: Jirachi|Water Pulse|p1a: Arceus\n|-damage|p1a: Arceus|79\/100 par\n|-start|p1a: Arceus|confusion\n|-activate|p1a: Arceus|confusion\n|move|p1a: Arceus|Body Press|p2a: Jirachi\n|-damage|p2a: Jirachi|0 fnt\n|faint|p2a: Jirachi\n|\n|-weather|none\n|-heal|p1a: Arceus|85\/100 par|[from] item: Leftovers\n|upkeep\n|\n|t:|1700766803\n|switch|p2a: Greninja|Greninja, F|1\/100\n|turn|14\n|\n|t:|1700766809\n|move|p2a: Greninja|Rain Dance|p2a: Greninja\n|-start|p2a: Greninja|typechange|Water|[from] ability: Protean\n|-weather|RainDance\n|-end|p1a: Arceus|confusion\n|move|p1a: Arceus|Body Press|p2a: Greninja\n|-damage|p2a: Greninja|0 fnt\n|faint|p2a: Greninja\n|\n|-weather|RainDance|[upkeep]\n|-heal|p1a: Arceus|91\/100 par|[from] item: Leftovers\n|upkeep\n|inactive|kingkonger666 has 120 seconds left.\n|\n|t:|1700766831\n|switch|p2a: Seismitoad|Seismitoad, M|100\/100\n|turn|15\n|inactive|kingkonger666 has 120 seconds left.\n|\n|t:|1700766838\n|move|p2a: Seismitoad|Weather Ball|p1a: Arceus\n|-damage|p1a: Arceus|81\/100 par\n|-damage|p2a: Seismitoad|91\/100|[from] item: Life Orb\n|move|p1a: Arceus|Body Press|p2a: Seismitoad\n|-damage|p2a: Seismitoad|0 fnt\n|faint|p2a: Seismitoad\n|\n|-weather|RainDance|[upkeep]\n|-heal|p1a: Arceus|87\/100 par|[from] item: Leftovers\n|upkeep\n|inactive|kingkonger666 has 120 seconds left.\n|\n|t:|1700766849\n|switch|p2a: Kingdra|Kingdra, F|100\/100\n|turn|16\n|inactive|kingkonger666 has 120 seconds left.\n|\n|t:|1700766856\n|move|p2a: Kingdra|Hurricane|p1a: Arceus\n|-damage|p1a: Arceus|80\/100 par\n|-damage|p2a: Kingdra|91\/100|[from] item: Life Orb\n|cant|p1a: Arceus|par\n|\n|-weather|RainDance|[upkeep]\n|-heal|p1a: Arceus|86\/100 par|[from] item: Leftovers\n|upkeep\n|turn|17\n|\n|t:|1700766865\n|move|p2a: Kingdra|Hurricane|p1a: Arceus\n|-crit|p1a: Arceus\n|-damage|p1a: Arceus|49\/100 par\n|-damage|p2a: Kingdra|81\/100|[from] item: Life Orb\n|move|p1a: Arceus|Recover|p1a: Arceus\n|-heal|p1a: Arceus|99\/100 par\n|\n|-weather|RainDance|[upkeep]\n|-heal|p1a: Arceus|100\/100 par|[from] item: Leftovers\n|upkeep\n|turn|18\n|\n|t:|1700766875\n|move|p2a: Kingdra|Hurricane|p1a: Arceus\n|-damage|p1a: Arceus|94\/100 par\n|-damage|p2a: Kingdra|71\/100|[from] item: Life Orb\n|cant|p1a: Arceus|par\n|\n|-weather|none\n|-heal|p1a: Arceus|99\/100 par|[from] item: Leftovers\n|upkeep\n|turn|19\n|-message|kingkonger666 forfeited.\n|\n|win|Zake202012\n|raw|Zake202012's rating: 1125 &rarr; <strong>1153<\/strong><br \/>(+28 for winning)\n|raw|kingkonger666's rating: 1166 &rarr; <strong>1138<\/strong><br \/>(-28 for losing)\n|l|\u2606kingkonger666\n","uploadtime":1700766890,"views":3,"p1id":"zake202012","p2id":"kingkonger666","formatid":"gen9nationaldexubers","rating":1138,"private":0,"password":""}