{"id":"gen9nationaldexubers-1993883571","p1":"Magnus69x","p2":"askaboti","format":"[Gen 9] National Dex Ubers","log":"|j|\u2606Magnus69x\n|j|\u2606askaboti\n|t:|1700369752\n|gametype|singles\n|player|p1|Magnus69x|red|1198\n|player|p2|askaboti|170|1411\n|teamsize|p1|6\n|teamsize|p2|6\n|gen|9\n|tier|[Gen 9] National Dex Ubers\n|rated|\n|rule|HP Percentage Mod: HP is shown in percentages\n|rule|Endless Battle Clause: Forcing endless battles is banned\n|rule|OHKO Clause: OHKO moves are banned\n|rule|Evasion Moves Clause: Evasion moves are banned\n|rule|Evasion Items Clause: Evasion items are banned\n|rule|Species Clause: Limit one of each Pok\u00e9mon\n|rule|Sleep Clause Mod: Limit one foe put to sleep\n|rule|Mega Rayquaza Clause: You cannot mega evolve Rayquaza\n|clearpoke\n|poke|p1|Rayquaza|\n|poke|p1|Zacian-*|\n|poke|p1|Groudon|\n|poke|p1|Giratina|\n|poke|p1|Marshadow|\n|poke|p1|Necrozma-Dusk-Mane|\n|poke|p2|Reshiram|\n|poke|p2|Zekrom|\n|poke|p2|Kyurem|\n|poke|p2|Palkia-Origin|\n|poke|p2|Dialga-Origin|\n|poke|p2|Giratina-Origin|\n|teampreview\n|inactive|Battle timer is ON: inactive players will automatically lose when time's up. (requested by askaboti)\n|\n|t:|1700369760\n|start\n|switch|p1a: Necrozma|Necrozma-Dusk-Mane|100\/100\n|switch|p2a: Giratina|Giratina-Origin|100\/100\n|turn|1\n|\n|t:|1700369768\n|move|p2a: Giratina|Shadow Force||[still]\n|-prepare|p2a: Giratina|Shadow Force\n|move|p1a: Necrozma|Calm Mind|p1a: Necrozma\n|-boost|p1a: Necrozma|spa|1\n|-boost|p1a: Necrozma|spd|1\n|\n|upkeep\n|turn|2\n|\n|t:|1700369774\n|move|p2a: Giratina|Shadow Force|p1a: Necrozma|[from]lockedmove\n|-supereffective|p1a: Necrozma\n|-damage|p1a: Necrozma|9\/100\n|move|p1a: Necrozma|Calm Mind|p1a: Necrozma\n|-boost|p1a: Necrozma|spa|1\n|-boost|p1a: Necrozma|spd|1\n|\n|upkeep\n|turn|3\n|\n|t:|1700369787\n|detailschange|p1a: Necrozma|Necrozma-Ultra\n|-burst|p1a: Necrozma|Necrozma|Ultranecrozium Z\n|move|p1a: Necrozma|Photon Geyser|p2a: Giratina\n|-crit|p2a: Giratina\n|-damage|p2a: Giratina|0 fnt\n|faint|p2a: Giratina\n|\n|upkeep\n|\n|t:|1700369807\n|switch|p2a: Reshiram|Reshiram|100\/100\n|-ability|p2a: Reshiram|Turboblaze\n|turn|4\n|\n|t:|1700369819\n|move|p2a: Reshiram|Earth Power|p1a: Necrozma\n|-damage|p1a: Necrozma|0 fnt\n|faint|p1a: Necrozma\n|\n|upkeep\n|\n|t:|1700369826\n|switch|p1a: Rayquaza|Rayquaza|100\/100\n|-ability|p1a: Rayquaza|Air Lock\n|turn|5\n|\n|t:|1700369832\n|switch|p2a: Dialga|Dialga-Origin|100\/100\n|-ability|p2a: Dialga|Pressure\n|move|p1a: Rayquaza|Earth Power|p2a: Dialga\n|-supereffective|p2a: Dialga\n|-damage|p2a: Dialga|39\/100\n|\n|upkeep\n|turn|6\n|\n|t:|1700369848\n|move|p2a: Dialga|Draco Meteor|p1a: Rayquaza\n|-supereffective|p1a: Rayquaza\n|-enditem|p1a: Rayquaza|Focus Sash\n|-damage|p1a: Rayquaza|1\/100\n|-unboost|p2a: Dialga|spa|2\n|move|p1a: Rayquaza|Earth Power|p2a: Dialga\n|-supereffective|p2a: Dialga\n|-damage|p2a: Dialga|0 fnt\n|faint|p2a: Dialga\n|\n|upkeep\n|inactive|askaboti has 120 seconds left.\n|\n|t:|1700369869\n|switch|p2a: Kyurem|Kyurem|100\/100\n|-ability|p2a: Kyurem|Pressure\n|turn|7\n|\n|t:|1700369874\n|move|p2a: Kyurem|Dragon Dance|p2a: Kyurem\n|-boost|p2a: Kyurem|atk|1\n|-boost|p2a: Kyurem|spe|1\n|move|p1a: Rayquaza|Draco Meteor|p2a: Kyurem\n|-supereffective|p2a: Kyurem\n|-damage|p2a: Kyurem|0 fnt\n|-unboost|p1a: Rayquaza|spa|2\n|faint|p2a: Kyurem\n|\n|upkeep\n|\n|t:|1700369885\n|switch|p2a: Reshiram|Reshiram|100\/100\n|-ability|p2a: Reshiram|Turboblaze\n|turn|8\n|\n|t:|1700369891\n|move|p1a: Rayquaza|Extreme Speed|p2a: Reshiram\n|-damage|p2a: Reshiram|72\/100\n|move|p2a: Reshiram|Blue Flare|p1a: Rayquaza\n|-resisted|p1a: Rayquaza\n|-damage|p1a: Rayquaza|0 fnt\n|faint|p1a: Rayquaza\n|\n|upkeep\n|\n|t:|1700369901\n|switch|p1a: Zacian|Zacian-Crowned|100\/100\n|-ability|p1a: Zacian|Intrepid Sword|boost\n|-boost|p1a: Zacian|atk|1\n|turn|9\n|\n|t:|1700369909\n|move|p2a: Reshiram|Blue Flare|p1a: Zacian\n|-supereffective|p1a: Zacian\n|-damage|p1a: Zacian|0 fnt\n|faint|p1a: Zacian\n|\n|upkeep\n|\n|t:|1700369916\n|switch|p1a: Groudon|Groudon|100\/100\n|detailschange|p1a: Groudon|Groudon-Primal\n|-primal|p1a: Groudon|Red Orb\n|-weather|DesolateLand|[from] ability: Desolate Land|[of] p1a: Groudon\n|turn|10\n|\n|t:|1700369923\n|move|p2a: Reshiram|Blue Flare|p1a: Groudon\n|-resisted|p1a: Groudon\n|-damage|p1a: Groudon|28\/100\n|move|p1a: Groudon|Precipice Blades|p2a: Reshiram\n|-supereffective|p2a: Reshiram\n|-damage|p2a: Reshiram|0 fnt\n|faint|p2a: Reshiram\n|\n|-weather|DesolateLand|[upkeep]\n|upkeep\n|\n|t:|1700369933\n|switch|p2a: Palkia|Palkia-Origin|100\/100\n|-ability|p2a: Palkia|Pressure\n|turn|11\n|\n|t:|1700369939\n|move|p2a: Palkia|Spacial Rend|p1a: Groudon\n|-damage|p1a: Groudon|0 fnt\n|faint|p1a: Groudon\n|-weather|none\n|\n|upkeep\n|\n|t:|1700369945\n|switch|p1a: Marshadow|Marshadow|100\/100\n|turn|12\n|\n|t:|1700369950\n|move|p2a: Palkia|Spacial Rend|p1a: Marshadow\n|-damage|p1a: Marshadow|18\/100\n|move|p1a: Marshadow|Close Combat|p2a: Palkia\n|-damage|p2a: Palkia|26\/100\n|-unboost|p1a: Marshadow|def|1\n|-unboost|p1a: Marshadow|spd|1\n|\n|upkeep\n|turn|13\n|\n|t:|1700369960\n|switch|p2a: Zekrom|Zekrom|100\/100\n|-ability|p2a: Zekrom|Teravolt\n|-terastallize|p1a: Marshadow|Ghost\n|move|p1a: Marshadow|Shadow Sneak|p2a: Zekrom\n|-damage|p2a: Zekrom|65\/100\n|\n|upkeep\n|turn|14\n|\n|t:|1700369972\n|move|p1a: Marshadow|Shadow Sneak|p2a: Zekrom\n|-damage|p2a: Zekrom|26\/100\n|move|p2a: Zekrom|Fusion Bolt|p1a: Marshadow\n|-damage|p1a: Marshadow|0 fnt\n|faint|p1a: Marshadow\n|\n|upkeep\n|\n|t:|1700369980\n|switch|p1a: Giratina|Giratina|100\/100\n|-ability|p1a: Giratina|Pressure\n|turn|15\n|c|\u2606askaboti|Gg\n|\n|t:|1700369989\n|-terastallize|p2a: Zekrom|Dragon\n|move|p2a: Zekrom|Outrage|p1a: Giratina\n|-supereffective|p1a: Giratina\n|-damage|p1a: Giratina|4\/100\n|move|p1a: Giratina|Will-O-Wisp|p2a: Zekrom\n|-status|p2a: Zekrom|brn\n|-enditem|p2a: Zekrom|Lum Berry|[eat]\n|-curestatus|p2a: Zekrom|brn|[msg]\n|\n|-heal|p1a: Giratina|11\/100|[from] item: Leftovers\n|upkeep\n|turn|16\n|c|\u2606askaboti|Bruh\n|inactive|Magnus69x has 120 seconds left.\n|c|\u2606askaboti|Make a move\n|inactive|Magnus69x has 90 seconds left.\n|c|\u2606askaboti|Hehhh\n|c|\u2606askaboti|Ayo\n|inactive|Magnus69x has 60 seconds left.\n|n|!askaboti|askaboti\n|inactive|Magnus69x has 30 seconds left.\n|inactive|Magnus69x has 20 seconds left.\n|inactive|Magnus69x has 15 seconds left.\n|inactive|Magnus69x has 10 seconds left.\n|inactive|Magnus69x has 5 seconds left.\n|-message|Magnus69x lost due to inactivity.\n|\n|win|askaboti\n|raw|Magnus69x's rating: 1198 &rarr; <strong>1187<\/strong><br \/>(-11 for losing)\n|raw|askaboti's rating: 1411 &rarr; <strong>1420<\/strong><br \/>(+9 for winning)\n","uploadtime":1700370107,"views":6,"p1id":"magnus69x","p2id":"askaboti","formatid":"gen9nationaldexubers","rating":1187,"private":0,"password":""}