{"id":"gen9nationaldexubers-1994508454","p1":"ParkerMayCry","p2":"momfr","format":"[Gen 9] National Dex Ubers","log":"|j|\u203dParkerMayCry\n|j|\u2606momfr\n|t:|1700452305\n|gametype|singles\n|player|p1|ParkerMayCry|biker-gen4|1019\n|player|p2|momfr|265|1139\n|teamsize|p1|6\n|teamsize|p2|6\n|gen|9\n|tier|[Gen 9] National Dex Ubers\n|rated|\n|rule|HP Percentage Mod: HP is shown in percentages\n|rule|Endless Battle Clause: Forcing endless battles is banned\n|rule|OHKO Clause: OHKO moves are banned\n|rule|Evasion Moves Clause: Evasion moves are banned\n|rule|Evasion Items Clause: Evasion items are banned\n|rule|Species Clause: Limit one of each Pok\u00e9mon\n|rule|Sleep Clause Mod: Limit one foe put to sleep\n|rule|Mega Rayquaza Clause: You cannot mega evolve Rayquaza\n|clearpoke\n|poke|p1|Tyranitar, M|\n|poke|p1|Volcarona, F|\n|poke|p1|Hydreigon, M|\n|poke|p1|Rillaboom, M|\n|poke|p1|Kingambit, M|\n|poke|p1|Aggron, M|\n|poke|p2|Cottonee, L1, F|\n|poke|p2|Eiscue, M|\n|poke|p2|Heatran, F|\n|poke|p2|Groudon|\n|poke|p2|Iron Hands|\n|poke|p2|Deoxys-Defense|\n|teampreview\n|j| kung fu pokechu\n|\n|t:|1700452319\n|start\n|switch|p1a: Tyranitar|Tyranitar, M|100\/100\n|switch|p2a: keknee|Cottonee, L1, F|100\/100\n|-weather|Sandstorm|[from] ability: Sand Stream|[of] p1a: Tyranitar\n|turn|1\n|\n|t:|1700452327\n|detailschange|p1a: Tyranitar|Tyranitar-Mega, M\n|-mega|p1a: Tyranitar|Tyranitar|Tyranitarite\n|move|p1a: Tyranitar|Aerial Ace|p2a: keknee\n|-supereffective|p2a: keknee\n|-enditem|p2a: keknee|Focus Sash\n|-damage|p2a: keknee|10\/100\n|move|p2a: keknee|Endeavor|p1a: Tyranitar\n|-damage|p1a: Tyranitar|1\/100\n|\n|-weather|Sandstorm|[upkeep]\n|-damage|p2a: keknee|0 fnt|[from] Sandstorm\n|faint|p2a: keknee\n|upkeep\n|\n|t:|1700452338\n|switch|p2a: Mega Man Reject|Iron Hands|100\/100\n|turn|2\n|\n|t:|1700452345\n|move|p2a: Mega Man Reject|Fake Out|p1a: Tyranitar\n|-resisted|p1a: Tyranitar\n|-damage|p1a: Tyranitar|0 fnt\n|faint|p1a: Tyranitar\n|\n|-weather|Sandstorm|[upkeep]\n|-damage|p2a: Mega Man Reject|94\/100|[from] Sandstorm\n|upkeep\n|\n|t:|1700452352\n|switch|p1a: Rillaboom|Rillaboom, M, shiny|100\/100\n|-fieldstart|move: Grassy Terrain|[from] ability: Grassy Surge|[of] p1a: Rillaboom\n|turn|3\n|\n|t:|1700452366\n|move|p1a: Rillaboom|Leech Seed|p2a: Mega Man Reject\n|-start|p2a: Mega Man Reject|move: Leech Seed\n|move|p2a: Mega Man Reject|Drain Punch|p1a: Rillaboom\n|-damage|p1a: Rillaboom|51\/100\n|-heal|p2a: Mega Man Reject|100\/100|[from] drain|[of] p1a: Rillaboom\n|\n|-weather|Sandstorm|[upkeep]\n|-damage|p1a: Rillaboom|45\/100|[from] Sandstorm\n|-damage|p2a: Mega Man Reject|94\/100|[from] Sandstorm\n|-heal|p1a: Rillaboom|51\/100|[from] Grassy Terrain\n|-heal|p2a: Mega Man Reject|100\/100|[from] Grassy Terrain\n|-damage|p2a: Mega Man Reject|88\/100|[from] Leech Seed|[of] p1a: Rillaboom\n|-heal|p1a: Rillaboom|69\/100|[silent]\n|upkeep\n|turn|4\n|\n|t:|1700452377\n|move|p1a: Rillaboom|Acrobatics|p2a: Mega Man Reject\n|-damage|p2a: Mega Man Reject|66\/100\n|move|p2a: Mega Man Reject|Ice Punch|p1a: Rillaboom\n|-supereffective|p1a: Rillaboom\n|-damage|p1a: Rillaboom|1\/100\n|\n|-weather|Sandstorm|[upkeep]\n|-damage|p1a: Rillaboom|0 fnt|[from] Sandstorm\n|-damage|p2a: Mega Man Reject|60\/100|[from] Sandstorm\n|faint|p1a: Rillaboom\n|-heal|p2a: Mega Man Reject|66\/100|[from] Grassy Terrain\n|upkeep\n|\n|t:|1700452388\n|switch|p1a: Aggron|Aggron, M|100\/100\n|turn|5\n|\n|t:|1700452393\n|move|p2a: Mega Man Reject|Drain Punch|p1a: Aggron\n|-supereffective|p1a: Aggron\n|-damage|p1a: Aggron|0 fnt\n|-heal|p2a: Mega Man Reject|99\/100|[from] drain|[of] p1a: Aggron\n|faint|p1a: Aggron\n|\n|-weather|none\n|-heal|p2a: Mega Man Reject|100\/100|[from] Grassy Terrain\n|upkeep\n|-message|ParkerMayCry forfeited.\n|\n|win|momfr\n|raw|ParkerMayCry's rating: 1019 &rarr; <strong>1010<\/strong><br \/>(-9 for losing)\n|raw|momfr's rating: 1139 &rarr; <strong>1156<\/strong><br \/>(+17 for winning)\n|l|\u203dParkerMayCry\n","uploadtime":1700452411,"views":3,"p1id":"parkermaycry","p2id":"momfr","formatid":"gen9nationaldexubers","rating":1010,"private":0,"password":""}