{"id":"gen9nationaldexubers-1988793534","p1":"Saradominphat","p2":"Vraptor249","format":"[Gen 9] National Dex Ubers","log":"|j|\u2606Saradominphat\n|j|\u2606Vraptor249\n|t:|1699764004\n|gametype|singles\n|player|p1|Saradominphat|depotagent|\n|player|p2|Vraptor249|benga|\n|teamsize|p1|6\n|teamsize|p2|6\n|gen|9\n|tier|[Gen 9] National Dex Ubers\n|rule|HP Percentage Mod: HP is shown in percentages\n|rule|Endless Battle Clause: Forcing endless battles is banned\n|rule|OHKO Clause: OHKO moves are banned\n|rule|Evasion Moves Clause: Evasion moves are banned\n|rule|Evasion Items Clause: Evasion items are banned\n|rule|Species Clause: Limit one of each Pok\u00e9mon\n|rule|Sleep Clause Mod: Limit one foe put to sleep\n|rule|Mega Rayquaza Clause: You cannot mega evolve Rayquaza\n|clearpoke\n|poke|p1|Nidoking, M|\n|poke|p1|Electrode-Hisui|\n|poke|p1|Qwilfish-Hisui, M|\n|poke|p1|Ursaluna, M|\n|poke|p1|Dodrio, F|\n|poke|p1|Dondozo, F|\n|poke|p2|Tangrowth, F|\n|poke|p2|Runerigus, M|\n|poke|p2|Iron Treads|\n|poke|p2|Victini|\n|poke|p2|Cryogonal|\n|poke|p2|Necrozma|\n|teampreview\n|j| VantaZack\n|j| dcmrulz\n|j| Oakin64\n|\n|t:|1699764051\n|start\n|switch|p1a: Jinbi|Qwilfish-Hisui, M, shiny|100\/100\n|switch|p2a: Yuki|Cryogonal|100\/100\n|-ability|p1a: Jinbi|Intimidate|boost\n|-unboost|p2a: Yuki|atk|1\n|turn|1\n|\n|t:|1699764078\n|move|p2a: Yuki|Knock Off|p1a: Jinbi\n|-resisted|p1a: Jinbi\n|-damage|p1a: Jinbi|97\/100\n|-enditem|p1a: Jinbi|Eviolite|[from] move: Knock Off|[of] p2a: Yuki\n|move|p1a: Jinbi|Spikes|p2a: Yuki\n|-sidestart|p2: Vraptor249|Spikes\n|\n|upkeep\n|turn|2\n|\n|t:|1699764100\n|move|p2a: Yuki|Reflect|p2a: Yuki\n|-sidestart|p2: Vraptor249|Reflect\n|move|p1a: Jinbi|Crunch|p2a: Yuki\n|-damage|p2a: Yuki|78\/100\n|-unboost|p2a: Yuki|def|1\n|\n|upkeep\n|turn|3\n|\n|t:|1699764108\n|move|p2a: Yuki|Defog|p1a: Jinbi\n|-unboost|p1a: Jinbi|evasion|1\n|-sideend|p2: Vraptor249|Spikes|[from] move: Defog|[of] p2a: Yuki\n|move|p1a: Jinbi|Crunch|p2a: Yuki\n|-damage|p2a: Yuki|41\/100\n|\n|upkeep\n|turn|4\n|\n|t:|1699764116\n|switch|p2a: Ford F150|Iron Treads|100\/100\n|move|p1a: Jinbi|Toxic|p2a: Ford F150\n|-immune|p2a: Ford F150\n|\n|upkeep\n|turn|5\n|\n|t:|1699764128\n|move|p2a: Ford F150|Stealth Rock|p1a: Jinbi\n|-sidestart|p1: Saradominphat|move: Stealth Rock\n|move|p1a: Jinbi|Destiny Bond|p1a: Jinbi\n|-singlemove|p1a: Jinbi|Destiny Bond\n|\n|upkeep\n|turn|6\n|\n|t:|1699764210\n|move|p2a: Ford F150|Body Press|p1a: Jinbi\n|-damage|p1a: Jinbi|71\/100\n|move|p1a: Jinbi|Spikes|p2a: Ford F150\n|-sidestart|p2: Vraptor249|Spikes\n|\n|-sideend|p2: Vraptor249|Reflect\n|upkeep\n|turn|7\n|\n|t:|1699764216\n|move|p2a: Ford F150|Earthquake|p1a: Jinbi\n|-supereffective|p1a: Jinbi\n|-damage|p1a: Jinbi|0 fnt\n|faint|p1a: Jinbi\n|\n|upkeep\n|\n|t:|1699764225\n|switch|p1a: Mizuchi|Dondozo, F, shiny|100\/100\n|-damage|p1a: Mizuchi|88\/100|[from] Stealth Rock\n|turn|8\n|\n|t:|1699764236\n|-end|p2a: Ford F150|Quark Drive|[silent]\n|switch|p2a: Bertha|Tangrowth, F|100\/100\n|-damage|p2a: Bertha|88\/100|[from] Spikes\n|move|p1a: Mizuchi|Earthquake|p2a: Bertha\n|-resisted|p2a: Bertha\n|-damage|p2a: Bertha|82\/100\n|\n|upkeep\n|turn|9\n|\n|t:|1699764247\n|move|p2a: Bertha|Knock Off|p1a: Mizuchi\n|-damage|p1a: Mizuchi|76\/100\n|-enditem|p1a: Mizuchi|Assault Vest|[from] move: Knock Off|[of] p2a: Bertha\n|move|p1a: Mizuchi|Avalanche|p2a: Bertha\n|-supereffective|p2a: Bertha\n|-damage|p2a: Bertha|53\/100\n|-damage|p1a: Mizuchi|59\/100|[from] item: Rocky Helmet|[of] p2a: Bertha\n|\n|upkeep\n|turn|10\n|\n|t:|1699764257\n|move|p2a: Bertha|Sleep Powder|p1a: Mizuchi\n|-status|p1a: Mizuchi|slp|[from] move: Sleep Powder\n|cant|p1a: Mizuchi|slp\n|\n|upkeep\n|turn|11\n|\n|t:|1699764262\n|move|p2a: Bertha|Giga Drain|p1a: Mizuchi\n|-supereffective|p1a: Mizuchi\n|-damage|p1a: Mizuchi|21\/100 slp\n|-heal|p2a: Bertha|77\/100|[from] drain|[of] p1a: Mizuchi\n|cant|p1a: Mizuchi|slp\n|\n|upkeep\n|turn|12\n|\n|t:|1699764270\n|switch|p1a: Lee-Lee|Electrode-Hisui|100\/100\n|-damage|p1a: Lee-Lee|88\/100|[from] Stealth Rock\n|move|p2a: Bertha|Giga Drain|p1a: Lee-Lee\n|-resisted|p1a: Lee-Lee\n|-damage|p1a: Lee-Lee|67\/100\n|-heal|p2a: Bertha|84\/100|[from] drain|[of] p1a: Lee-Lee\n|\n|upkeep\n|turn|13\n|\n|t:|1699764300\n|move|p1a: Lee-Lee|Thunder Wave|p2a: Bertha\n|-status|p2a: Bertha|par\n|move|p2a: Bertha|Knock Off|p1a: Lee-Lee\n|-damage|p1a: Lee-Lee|26\/100\n|-enditem|p1a: Lee-Lee|Focus Sash|[from] move: Knock Off|[of] p2a: Bertha\n|\n|upkeep\n|turn|14\n|\n|t:|1699764310\n|move|p1a: Lee-Lee|Volt Switch|p2a: Bertha\n|-resisted|p2a: Bertha\n|-damage|p2a: Bertha|65\/100 par\n|\n|t:|1699764320\n|switch|p1a: Baragon|Nidoking, M|100\/100|[from] Volt Switch\n|-damage|p1a: Baragon|95\/100|[from] Stealth Rock\n|move|p2a: Bertha|Knock Off|p1a: Baragon\n|-crit|p1a: Baragon\n|-damage|p1a: Baragon|51\/100\n|-enditem|p1a: Baragon|Choice Scarf|[from] move: Knock Off|[of] p2a: Bertha\n|\n|upkeep\n|turn|15\n|\n|t:|1699764347\n|move|p1a: Baragon|Stealth Rock|p2a: Bertha\n|-sidestart|p2: Vraptor249|move: Stealth Rock\n|move|p2a: Bertha|Earthquake|p1a: Baragon\n|-supereffective|p1a: Baragon\n|-damage|p1a: Baragon|0 fnt\n|faint|p1a: Baragon\n|\n|upkeep\n|\n|t:|1699764358\n|switch|p1a: Yogi|Ursaluna, M|100\/100\n|-damage|p1a: Yogi|94\/100|[from] Stealth Rock\n|turn|16\n|\n|t:|1699764364\n|move|p1a: Yogi|Bulk Up|p1a: Yogi\n|-boost|p1a: Yogi|atk|1\n|-boost|p1a: Yogi|def|1\n|move|p2a: Bertha|Sleep Powder|p1a: Yogi\n|-message|Sleep Clause Mod activated.\n|-hint|Sleep Clause Mod prevents players from putting more than one of their opponent's Pok\u00e9mon to sleep at a time\n|\n|-status|p1a: Yogi|brn|[from] item: Flame Orb\n|upkeep\n|turn|17\n|\n|t:|1699764373\n|move|p1a: Yogi|Facade|p2a: Bertha\n|-damage|p2a: Bertha|0 fnt\n|-damage|p1a: Yogi|78\/100 brn|[from] item: Rocky Helmet|[of] p2a: Bertha\n|faint|p2a: Bertha\n|\n|-damage|p1a: Yogi|71\/100 brn|[from] brn\n|upkeep\n|\n|t:|1699764380\n|switch|p2a: Sigma|Runerigus, M|100\/100\n|-damage|p2a: Sigma|88\/100|[from] Spikes\n|-damage|p2a: Sigma|82\/100|[from] Stealth Rock\n|turn|18\n|\n|t:|1699764393\n|move|p1a: Yogi|Earthquake|p2a: Sigma\n|-damage|p2a: Sigma|19\/100\n|move|p2a: Sigma|Trick|p1a: Yogi\n|-activate|p2a: Sigma|move: Trick|[of] p1a: Yogi\n|-item|p1a: Yogi|Lum Berry|[from] move: Trick\n|-item|p2a: Sigma|Flame Orb|[from] move: Trick\n|-enditem|p1a: Yogi|Lum Berry|[eat]\n|-curestatus|p1a: Yogi|brn|[msg]\n|\n|-status|p2a: Sigma|brn|[from] item: Flame Orb\n|upkeep\n|turn|19\n|\n|t:|1699764405\n|move|p1a: Yogi|Earthquake|p2a: Sigma\n|-damage|p2a: Sigma|0 fnt\n|faint|p2a: Sigma\n|\n|upkeep\n|c| VantaZack|WHAAAT]\n|c|\u2606Saradominphat|Interesting\n|c| VantaZack|WHHHHHHHHHHHHHHAAAAAAAAAAAAT\n|\n|t:|1699764415\n|switch|p2a: Yuki|Cryogonal|41\/100\n|-damage|p2a: Yuki|16\/100|[from] Stealth Rock\n|turn|20\n|\n|t:|1699764435\n|move|p2a: Yuki|Freeze-Dry|p1a: Yogi\n|-supereffective|p1a: Yogi\n|-damage|p1a: Yogi|44\/100\n|move|p1a: Yogi|Crunch|p2a: Yuki\n|-damage|p2a: Yuki|0 fnt\n|faint|p2a: Yuki\n|\n|upkeep\n|\n|t:|1699764443\n|switch|p2a: Circe|Victini|100\/100\n|-damage|p2a: Circe|88\/100|[from] Spikes\n|-damage|p2a: Circe|63\/100|[from] Stealth Rock\n|turn|21\n|\n|t:|1699764449\n|move|p2a: Circe|Energy Ball|p1a: Yogi\n|-supereffective|p1a: Yogi\n|-damage|p1a: Yogi|13\/100\n|move|p1a: Yogi|Earthquake|p2a: Circe\n|-supereffective|p2a: Circe\n|-damage|p2a: Circe|0 fnt\n|faint|p2a: Circe\n|\n|upkeep\n|\n|t:|1699764462\n|switch|p2a: Ford F150|Iron Treads|100\/100\n|-damage|p2a: Ford F150|88\/100|[from] Spikes\n|-damage|p2a: Ford F150|85\/100|[from] Stealth Rock\n|turn|22\n|c| dcmrulz|guts what?\n|\n|t:|1699764469\n|move|p2a: Ford F150|Body Press|p1a: Yogi\n|-supereffective|p1a: Yogi\n|-damage|p1a: Yogi|0 fnt\n|faint|p1a: Yogi\n|\n|upkeep\n|\n|t:|1699764478\n|switch|p1a: Lee-Lee|Electrode-Hisui|26\/100\n|-damage|p1a: Lee-Lee|14\/100|[from] Stealth Rock\n|turn|23\n|\n|t:|1699764490\n|move|p1a: Lee-Lee|Energy Ball|p2a: Ford F150\n|-damage|p2a: Ford F150|38\/100\n|move|p2a: Ford F150|Rapid Spin|p1a: Lee-Lee\n|-damage|p1a: Lee-Lee|0 fnt\n|-boost|p2a: Ford F150|spe|1\n|-sideend|p2: Vraptor249|Spikes|[from] move: Rapid Spin|[of] p2a: Ford F150\n|-sideend|p2: Vraptor249|Stealth Rock|[from] move: Rapid Spin|[of] p2a: Ford F150\n|faint|p1a: Lee-Lee\n|\n|upkeep\n|\n|t:|1699764497\n|switch|p1a: Hazel Kylie Avila|Dodrio, F|100\/100\n|turn|24\n|\n|t:|1699764503\n|move|p2a: Ford F150|Body Press|p1a: Hazel Kylie Avila\n|-damage|p1a: Hazel Kylie Avila|60\/100\n|move|p1a: Hazel Kylie Avila|Jump Kick|p2a: Ford F150\n|-supereffective|p2a: Ford F150\n|-damage|p2a: Ford F150|0 fnt\n|faint|p2a: Ford F150\n|-end|p2a: Ford F150|Quark Drive|[silent]\n|\n|upkeep\n|\n|t:|1699764510\n|switch|p2a: Aeon|Necrozma|100\/100\n|turn|25\n|\n|t:|1699764516\n|move|p1a: Hazel Kylie Avila|Knock Off|p2a: Aeon\n|-supereffective|p2a: Aeon\n|-damage|p2a: Aeon|65\/100\n|-enditem|p2a: Aeon|Weakness Policy\n|-boost|p2a: Aeon|atk|2|[from] item: Weakness Policy\n|-boost|p2a: Aeon|spa|2|[from] item: Weakness Policy\n|move|p2a: Aeon|Photon Geyser|p1a: Hazel Kylie Avila\n|-damage|p1a: Hazel Kylie Avila|0 fnt\n|faint|p1a: Hazel Kylie Avila\n|\n|upkeep\n|\n|t:|1699764522\n|switch|p1a: Mizuchi|Dondozo, F, shiny|21\/100 slp\n|-damage|p1a: Mizuchi|8\/100 slp|[from] Stealth Rock\n|turn|26\n|\n|t:|1699764529\n|move|p2a: Aeon|Photon Geyser|p1a: Mizuchi\n|-damage|p1a: Mizuchi|0 fnt\n|faint|p1a: Mizuchi\n|\n|win|Vraptor249\n|l|\u2606Vraptor249\n|l| VantaZack\n|l| dcmrulz\n","uploadtime":1699764536,"views":5,"p1id":"saradominphat","p2id":"vraptor249","formatid":"gen9nationaldexubers","rating":0,"private":0,"password":""}