{"id":"gen9nationaldexubers-1989705758","p1":"AutumnCookie","p2":"parkle","format":"[Gen 9] National Dex Ubers","log":"|j|\u2606AutumnCookie\n|j|\u2606parkle\n|t:|1699888635\n|gametype|singles\n|player|p1|AutumnCookie|ortega|\n|player|p2|parkle|nemona-v|\n|teamsize|p1|5\n|teamsize|p2|6\n|gen|9\n|tier|[Gen 9] National Dex Ubers\n|rule|HP Percentage Mod: HP is shown in percentages\n|rule|Endless Battle Clause: Forcing endless battles is banned\n|rule|OHKO Clause: OHKO moves are banned\n|rule|Evasion Moves Clause: Evasion moves are banned\n|rule|Evasion Items Clause: Evasion items are banned\n|rule|Species Clause: Limit one of each Pok\u00e9mon\n|rule|Sleep Clause Mod: Limit one foe put to sleep\n|rule|Mega Rayquaza Clause: You cannot mega evolve Rayquaza\n|clearpoke\n|poke|p1|Klefki, M|\n|poke|p1|Wigglytuff, M|\n|poke|p1|Hatterene, F|\n|poke|p1|Dachsbun, M|\n|poke|p1|Azumarill, F|\n|poke|p2|Lycanroc, F|\n|poke|p2|Goodra, F|\n|poke|p2|Dudunsparce-*, M|\n|poke|p2|Orthworm, M|\n|poke|p2|Pawmot, M|\n|poke|p2|Quaquaval, M|\n|teampreview\n|\n|t:|1699888643\n|start\n|switch|p1a: Klefki|Klefki, M, shiny|100\/100\n|switch|p2a: Lycanroc|Lycanroc, F|100\/100\n|turn|1\n|c|\u2606parkle|oh god its not doubles\n|c|\u2606parkle|i got too used to doubles\n|\n|t:|1699888656\n|move|p1a: Klefki|Reflect|p1a: Klefki\n|-sidestart|p1: AutumnCookie|Reflect\n|move|p2a: Lycanroc|Stealth Rock|p1a: Klefki\n|-sidestart|p1: AutumnCookie|move: Stealth Rock\n|\n|upkeep\n|turn|2\n|c|\u2606AutumnCookie|WE COULS DO DOUBLES IF YOU WANT\n|c|\u2606parkle|NO THIS IS FINE\n|c|\u2606AutumnCookie|OKAY :)\n|c|\u2606parkle|I JUST. FORGOT DOUBLES WASNT THE DEFAULT\n|c|\u2606AutumnCookie|REAL\n|\n|t:|1699888713\n|move|p1a: Klefki|Light Screen|p1a: Klefki\n|-sidestart|p1: AutumnCookie|move: Light Screen\n|move|p2a: Lycanroc|Drill Run|p1a: Klefki\n|-supereffective|p1a: Klefki\n|-damage|p1a: Klefki|73\/100\n|-damage|p2a: Lycanroc|91\/100|[from] item: Life Orb\n|\n|upkeep\n|turn|3\n|c|\u2606parkle|oh this is going to be awful i see\n|\n|t:|1699888725\n|move|p1a: Klefki|Spikes|p2a: Lycanroc\n|-sidestart|p2: parkle|Spikes\n|move|p2a: Lycanroc|Stone Edge|p1a: Klefki\n|-resisted|p1a: Klefki\n|-crit|p1a: Klefki\n|-damage|p1a: Klefki|36\/100\n|-damage|p2a: Lycanroc|81\/100|[from] item: Life Orb\n|\n|upkeep\n|turn|4\n|c|\u2606AutumnCookie|Yeah he's adjusted to make it not impossible anymore but it's still def trolly.\n|c|\u2606AutumnCookie|Like the awful Azumarill is adjusted\n|\n|t:|1699888761\n|move|p1a: Klefki|Spikes|p2a: Lycanroc\n|-sidestart|p2: parkle|Spikes\n|move|p2a: Lycanroc|Drill Run|p1a: Klefki\n|-supereffective|p1a: Klefki\n|-crit|p1a: Klefki\n|-damage|p1a: Klefki|0 fnt\n|faint|p1a: Klefki\n|-damage|p2a: Lycanroc|71\/100|[from] item: Life Orb\n|\n|upkeep\n|\n|t:|1699888771\n|switch|p1a: Azumarill|Azumarill, F|100\/100\n|-damage|p1a: Azumarill|88\/100|[from] Stealth Rock\n|turn|5\n|c|\u2606AutumnCookie|This thing is a monster but CAN be countered\n|c|\u2606parkle|not by lycanroc .\n|c|\u2606AutumnCookie|NOT BY LYCANROC NO\n|c|\u2606parkle|although i'll be shocked if i dont outspeed at least\n|\n|t:|1699888821\n|move|p2a: Lycanroc|Stone Edge|p1a: Azumarill|[miss]\n|-miss|p2a: Lycanroc|p1a: Azumarill\n|move|p1a: Azumarill|Belly Drum|p1a: Azumarill\n|-damage|p1a: Azumarill|38\/100\n|-setboost|p1a: Azumarill|atk|6|[from] move: Belly Drum\n|-enditem|p1a: Azumarill|Sitrus Berry|[eat]\n|-heal|p1a: Azumarill|63\/100|[from] item: Sitrus Berry\n|\n|upkeep\n|turn|6\n|c|\u2606parkle|MISSED MY ASS\n|c|\u2606AutumnCookie|MISSED\n|c|\u2606parkle|Oh .\n|\n|t:|1699888836\n|move|p2a: Lycanroc|Drill Run|p1a: Azumarill\n|-crit|p1a: Azumarill\n|-damage|p1a: Azumarill|16\/100\n|-damage|p2a: Lycanroc|61\/100|[from] item: Life Orb\n|move|p1a: Azumarill|Trailblaze|p2a: Lycanroc\n|-supereffective|p2a: Lycanroc\n|-damage|p2a: Lycanroc|0 fnt\n|-boost|p1a: Azumarill|spe|1\n|faint|p2a: Lycanroc\n|\n|upkeep\n|j| cassinidivision\n|c|\u2606parkle|pleae plaNOOO\n|c|\u2606parkle|its okay its okay its so okay\n|c|\u2606parkle|im so okay its soooo fine\n|c| cassinidivision|h i\n|c|\u2606AutumnCookie|Yeah. It used to have a priority move thougj which is what made it impossible\n|c|\u2606parkle|Hi Cassini .\n|c| cassinidivision|i am on the mobile\n|c|\u2606AutumnCookie|Now she's just obnoxious\n|c|\u2606parkle|NOT THE MOBILE\n|c|\u2606AutumnCookie|Hi Cassini\n|\n|t:|1699888869\n|switch|p2a: Goodra|Goodra, F|100\/100\n|-damage|p2a: Goodra|84\/100|[from] Spikes\n|turn|7\n|c|\u2606AutumnCookie|It's okay everything outspeeds this team is so slow. Even with the trailblaze still slow.\n|\n|t:|1699888893\n|move|p2a: Goodra|Sludge Bomb|p1a: Azumarill\n|-supereffective|p1a: Azumarill\n|-damage|p1a: Azumarill|0 fnt\n|faint|p1a: Azumarill\n|\n|upkeep\n|c|\u2606parkle|thank god\n|\n|t:|1699888912\n|switch|p1a: Hatterene|Hatterene, F|100\/100\n|-damage|p1a: Hatterene|88\/100|[from] Stealth Rock\n|turn|8\n|c| cassinidivision|yeah thars really his main vice\n|c|\u2606parkle|hatterene :)\n|\n|t:|1699888947\n|-terastallize|p1a: Hatterene|Water\n|move|p2a: Goodra|Sludge Bomb|p1a: Hatterene\n|-damage|p1a: Hatterene|73\/100\n|move|p1a: Hatterene|Calm Mind|p1a: Hatterene\n|-boost|p1a: Hatterene|spa|1\n|-boost|p1a: Hatterene|spd|1\n|\n|-heal|p1a: Hatterene|78\/100|[from] item: Leftovers\n|-sideend|p1: AutumnCookie|Reflect\n|upkeep\n|turn|9\n|c|\u2606AutumnCookie|Hatterene :)\n|c|\u2606parkle|Oh No\n|c|\u2606AutumnCookie|TEEHEE\n|c|\u2606parkle|and here i thought this would be easy\n|\n|t:|1699888969\n|move|p2a: Goodra|Body Slam|p1a: Hatterene\n|-damage|p1a: Hatterene|61\/100\n|move|p1a: Hatterene|Calm Mind|p1a: Hatterene\n|-boost|p1a: Hatterene|spa|1\n|-boost|p1a: Hatterene|spd|1\n|\n|-heal|p1a: Hatterene|67\/100|[from] item: Leftovers\n|-sideend|p1: AutumnCookie|move: Light Screen\n|upkeep\n|turn|10\n|c|\u2606AutumnCookie|Yeah no Ortega can be awful\n|c|\u2606parkle|come on 30%\n|\n|t:|1699888995\n|move|p2a: Goodra|Sludge Bomb|p1a: Hatterene\n|-damage|p1a: Hatterene|51\/100\n|move|p1a: Hatterene|Draining Kiss|p2a: Goodra\n|-supereffective|p2a: Goodra\n|-damage|p2a: Goodra|22\/100\n|-heal|p1a: Hatterene|98\/100|[from] drain|[of] p2a: Goodra\n|\n|-heal|p1a: Hatterene|100\/100|[from] item: Leftovers\n|upkeep\n|turn|11\n|c|\u2606parkle|come oonnnnn 30%\n|c|\u2606parkle|SHIT\n|\n|t:|1699889016\n|move|p2a: Goodra|Body Slam|p1a: Hatterene\n|-damage|p1a: Hatterene|81\/100\n|move|p1a: Hatterene|Calm Mind|p1a: Hatterene\n|-boost|p1a: Hatterene|spa|1\n|-boost|p1a: Hatterene|spd|1\n|\n|-heal|p1a: Hatterene|87\/100|[from] item: Leftovers\n|upkeep\n|turn|12\n|c|\u2606parkle|come on other 40%\n|c|\u2606parkle|DAMN IT\n|\n|t:|1699889026\n|move|p2a: Goodra|Sludge Bomb|p1a: Hatterene\n|-damage|p1a: Hatterene|74\/100\n|-status|p1a: Hatterene|psn\n|move|p1a: Hatterene|Calm Mind|p1a: Hatterene\n|-boost|p1a: Hatterene|spa|1\n|-boost|p1a: Hatterene|spd|1\n|\n|-heal|p1a: Hatterene|80\/100 psn|[from] item: Leftovers\n|-damage|p1a: Hatterene|68\/100 psn|[from] psn\n|upkeep\n|turn|13\n|c|\u2606parkle|THERE WE GO\n|c|\u2606AutumnCookie|Ouch\n|c|\u2606parkle|STOP CALM MINDING\n|\n|t:|1699889039\n|move|p2a: Goodra|Muddy Water|p1a: Hatterene\n|-resisted|p1a: Hatterene\n|-damage|p1a: Hatterene|63\/100 psn\n|-unboost|p1a: Hatterene|accuracy|1\n|move|p1a: Hatterene|Draining Kiss|p2a: Goodra\n|-supereffective|p2a: Goodra\n|-damage|p2a: Goodra|0 fnt\n|-heal|p1a: Hatterene|80\/100 psn|[from] drain|[of] p2a: Goodra\n|faint|p2a: Goodra\n|\n|-heal|p1a: Hatterene|86\/100 psn|[from] item: Leftovers\n|-damage|p1a: Hatterene|73\/100 psn|[from] psn\n|upkeep\n|c|\u2606parkle|OKAY\n|c|\u2606AutumnCookie|No\n|c|\u2606parkle|i just wanted the accuracy drop\n|c|\u2606AutumnCookie|ACCURACY DROP IS ANNOYING...\n|c|\u2606parkle|i'll take that\n|c|\u2606parkle|:3\n|\n|t:|1699889069\n|switch|p2a: Pawmot|Pawmot, M|100\/100\n|-damage|p2a: Pawmot|84\/100|[from] Spikes\n|turn|14\n|c|\u2606parkle|The Bear\n|c|\u2606AutumnCookie|Pawmot is horrible for me\n|c|\u2606parkle|what do you meaaaannn\n|\n|t:|1699889102\n|move|p2a: Pawmot|Double Shock|p1a: Hatterene\n|-supereffective|p1a: Hatterene\n|-damage|p1a: Hatterene|0 fnt\n|-start|p2a: Pawmot|typechange|???\/Fighting|[from] move: Double Shock\n|faint|p1a: Hatterene\n|\n|upkeep\n|c|\u2606parkle|shes so little and silly\n|\n|t:|1699889113\n|switch|p1a: Wigglytuff|Wigglytuff, M|100\/100\n|-damage|p1a: Wigglytuff|88\/100|[from] Stealth Rock\n|turn|15\n|c|\u2606AutumnCookie|SILLY LITTLE THANG...\n|\n|t:|1699889151\n|move|p2a: Pawmot|Revival Blessing|p2a: Pawmot\n|-enditem|p2a: Pawmot|Leppa Berry|[eat]\n|-activate|p2a: Pawmot|item: Leppa Berry|Revival Blessing|[consumed]\n|\n|t:|1699889154\n|-heal|p2: Goodra|50\/100|[from] move: Revival Blessing\n|move|p1a: Wigglytuff|Dazzling Gleam|p2a: Pawmot\n|-supereffective|p2a: Pawmot\n|-damage|p2a: Pawmot|0 fnt\n|faint|p2a: Pawmot\n|-damage|p1a: Wigglytuff|78\/100|[from] item: Life Orb\n|\n|upkeep\n|c|\u2606parkle|Oh !\n|\n|t:|1699889163\n|switch|p2a: Orthworm|Orthworm, M|100\/100\n|-damage|p2a: Orthworm|84\/100|[from] Spikes\n|turn|16\n|c|\u2606parkle|ourm\n|c|\u2606AutumnCookie|Ourm..\n|\n|t:|1699889175\n|move|p2a: Orthworm|Iron Tail|p1a: Wigglytuff|[miss]\n|-miss|p2a: Orthworm|p1a: Wigglytuff\n|move|p1a: Wigglytuff|Fire Blast|p2a: Orthworm\n|-supereffective|p2a: Orthworm\n|-damage|p2a: Orthworm|0 fnt\n|faint|p2a: Orthworm\n|-damage|p1a: Wigglytuff|68\/100|[from] item: Life Orb\n|\n|upkeep\n|c|\u2606parkle|fuck\n|c|\u2606parkle|FUC\n|c|\u2606AutumnCookie|YES\n|c|\u2606parkle|WHAT DO YOU HAVE THAT FOR\n|c|\u2606AutumnCookie|Steel types.\n|c|\u2606parkle|WHO GAVE THE WIGGLYTUFF A FLAMTHROWER\n|\n|t:|1699889196\n|switch|p2a: Goodra|Goodra, F|50\/100\n|-damage|p2a: Goodra|34\/100|[from] Spikes\n|turn|17\n|c|\u2606AutumnCookie|Coverage\n|\n|t:|1699889202\n|move|p2a: Goodra|Sludge Bomb|p1a: Wigglytuff\n|-supereffective|p1a: Wigglytuff\n|-damage|p1a: Wigglytuff|0 fnt\n|faint|p1a: Wigglytuff\n|\n|upkeep\n|\n|t:|1699889210\n|switch|p1a: Dachsbun|Dachsbun, M|100\/100\n|turn|18\n|c|\u2606parkle|IT HAPPENED AGAIN\n|c|\u2606AutumnCookie|This dog is really obnoxious btw\n|c|\u2606AutumnCookie|As a warning\n|c|\u2606AutumnCookie|Unless you just kill him\n|c|\u2606AutumnCookie|Also a possibility\n|\n|t:|1699889254\n|move|p2a: Goodra|Sludge Bomb|p1a: Dachsbun\n|-supereffective|p1a: Dachsbun\n|-damage|p1a: Dachsbun|22\/100\n|move|p1a: Dachsbun|Play Rough|p2a: Goodra\n|-supereffective|p2a: Goodra\n|-damage|p2a: Goodra|0 fnt\n|faint|p2a: Goodra\n|\n|upkeep\n|c|\u2606parkle|i think youll outspeeOH\n|c|\u2606parkle|DUCK\n|c|\u2606parkle|FUK FUCK FUCK\n|\n|t:|1699889270\n|switch|p2a: Dudunsparce|Dudunsparce-Three-Segment, M|100\/100\n|-damage|p2a: Dudunsparce|84\/100|[from] Spikes\n|turn|19\n|\n|t:|1699889283\n|move|p1a: Dachsbun|Wish|p1a: Dachsbun\n|move|p2a: Dudunsparce|Hyper Drill|p1a: Dachsbun\n|-damage|p1a: Dachsbun|0 fnt\n|faint|p1a: Dachsbun\n|\n|win|parkle\n|c|\u2606AutumnCookie|It's fine I think you just kill it\n|c|\u2606AutumnCookie|Yeah\n|c|\u2606parkle|:>\n|l|\u2606parkle\n|c|\u2606AutumnCookie|Maybe I should adjust the doggy actually...\n","uploadtime":1699889308,"views":7,"p1id":"autumncookie","p2id":"parkle","formatid":"gen9nationaldexubers","rating":0,"private":0,"password":""}