{"id":"gen9nationaldexubers-1999823012","p1":"allan01234","p2":"CallMeWeeaboo","format":"[Gen 9] National Dex Ubers","log":"|j|\u2606allan01234\n|j|\u2606CallMeWeeaboo\n|t:|1701120004\n|gametype|singles\n|player|p1|allan01234|cynthia-gen4|1050\n|player|p2|CallMeWeeaboo|170|1216\n|teamsize|p1|6\n|teamsize|p2|6\n|gen|9\n|tier|[Gen 9] National Dex Ubers\n|rated|\n|rule|HP Percentage Mod: HP is shown in percentages\n|rule|Endless Battle Clause: Forcing endless battles is banned\n|rule|OHKO Clause: OHKO moves are banned\n|rule|Evasion Moves Clause: Evasion moves are banned\n|rule|Evasion Items Clause: Evasion items are banned\n|rule|Species Clause: Limit one of each Pok\u00e9mon\n|rule|Sleep Clause Mod: Limit one foe put to sleep\n|rule|Mega Rayquaza Clause: You cannot mega evolve Rayquaza\n|clearpoke\n|poke|p1|Grimmsnarl, M|\n|poke|p1|Marshadow|\n|poke|p1|Arceus-Steel|\n|poke|p1|Lugia|\n|poke|p1|Volcanion|\n|poke|p1|Regieleki|\n|poke|p2|Manaphy|\n|poke|p2|Palafin, M|\n|poke|p2|Volcarona, F|\n|poke|p2|Ogerpon-Hearthflame, F|\n|poke|p2|Ursaluna-Bloodmoon, M|\n|poke|p2|Kartana|\n|teampreview\n|\n|t:|1701120015\n|start\n|switch|p1a: Volcanion|Volcanion|100\/100\n|switch|p2a: Palafin|Palafin, M|100\/100\n|turn|1\n|\n|t:|1701120029\n|move|p2a: Palafin|Flip Turn|p1a: Volcanion\n|-immune|p1a: Volcanion|[from] ability: Water Absorb\n|move|p1a: Volcanion|Sludge Wave|p2a: Palafin\n|-damage|p2a: Palafin|26\/100\n|\n|upkeep\n|turn|2\n|\n|t:|1701120037\n|detailschange|p2a: Palafin|Palafin-Hero, M\n|switch|p2a: Kartana|Kartana|100\/100\n|move|p1a: Volcanion|Sludge Wave|p2a: Kartana\n|-immune|p2a: Kartana\n|\n|upkeep\n|turn|3\n|\n|t:|1701120050\n|switch|p1a: Lugia|Lugia|100\/100\n|move|p2a: Kartana|Swords Dance|p2a: Kartana\n|-boost|p2a: Kartana|atk|2\n|\n|upkeep\n|turn|4\n|\n|t:|1701120058\n|move|p2a: Kartana|Smart Strike|p1a: Lugia\n|-damage|p1a: Lugia|76\/100\n|move|p1a: Lugia|Calm Mind|p1a: Lugia\n|-boost|p1a: Lugia|spa|1\n|-boost|p1a: Lugia|spd|1\n|\n|-heal|p1a: Lugia|83\/100|[from] item: Leftovers\n|upkeep\n|turn|5\n|\n|t:|1701120066\n|move|p2a: Kartana|Swords Dance|p2a: Kartana\n|-boost|p2a: Kartana|atk|2\n|move|p1a: Lugia|Recover|p1a: Lugia\n|-heal|p1a: Lugia|100\/100\n|\n|upkeep\n|turn|6\n|\n|t:|1701120073\n|move|p2a: Kartana|Swords Dance|p2a: Kartana\n|-boost|p2a: Kartana|atk|2\n|move|p1a: Lugia|Earth Power|p2a: Kartana\n|-damage|p2a: Kartana|16\/100\n|\n|upkeep\n|turn|7\n|\n|t:|1701120085\n|move|p2a: Kartana|Leaf Blade|p1a: Lugia\n|-resisted|p1a: Lugia\n|-damage|p1a: Lugia|70\/100\n|move|p1a: Lugia|Earth Power|p2a: Kartana\n|-damage|p2a: Kartana|0 fnt\n|faint|p2a: Kartana\n|\n|-heal|p1a: Lugia|76\/100|[from] item: Leftovers\n|upkeep\n|\n|t:|1701120105\n|switch|p2a: Ogerpon|Ogerpon-Hearthflame, F|100\/100\n|-ability|p2a: Ogerpon|Mold Breaker\n|turn|8\n|\n|t:|1701120113\n|move|p2a: Ogerpon|Knock Off|p1a: Lugia\n|-supereffective|p1a: Lugia\n|-damage|p1a: Lugia|38\/100\n|-enditem|p1a: Lugia|Leftovers|[from] move: Knock Off|[of] p2a: Ogerpon\n|move|p1a: Lugia|Recover|p1a: Lugia\n|-heal|p1a: Lugia|88\/100\n|\n|upkeep\n|turn|9\n|\n|t:|1701120127\n|switch|p2a: Manaphy|Manaphy|100\/100\n|move|p1a: Lugia|Earth Power|p2a: Manaphy\n|-crit|p2a: Manaphy\n|-damage|p2a: Manaphy|64\/100\n|-unboost|p2a: Manaphy|spd|1\n|\n|-heal|p2a: Manaphy|71\/100|[from] item: Leftovers\n|upkeep\n|turn|10\n|\n|t:|1701120137\n|move|p1a: Lugia|Psyshock|p2a: Manaphy\n|-damage|p2a: Manaphy|41\/100\n|move|p2a: Manaphy|Tail Glow|p2a: Manaphy\n|-boost|p2a: Manaphy|spa|3\n|\n|-heal|p2a: Manaphy|47\/100|[from] item: Leftovers\n|upkeep\n|turn|11\n|\n|t:|1701120145\n|move|p1a: Lugia|Calm Mind|p1a: Lugia\n|-boost|p1a: Lugia|spa|1\n|-boost|p1a: Lugia|spd|1\n|move|p2a: Manaphy|Ice Beam|p1a: Lugia\n|-supereffective|p1a: Lugia\n|-damage|p1a: Lugia|45\/100\n|\n|-heal|p2a: Manaphy|53\/100|[from] item: Leftovers\n|upkeep\n|turn|12\n|\n|t:|1701120153\n|move|p1a: Lugia|Recover|p1a: Lugia\n|-heal|p1a: Lugia|95\/100\n|move|p2a: Manaphy|Scald|p1a: Lugia\n|-damage|p1a: Lugia|66\/100\n|\n|-heal|p2a: Manaphy|59\/100|[from] item: Leftovers\n|upkeep\n|turn|13\n|\n|t:|1701120165\n|move|p1a: Lugia|Calm Mind|p1a: Lugia\n|-boost|p1a: Lugia|spa|1\n|-boost|p1a: Lugia|spd|1\n|move|p2a: Manaphy|Tail Glow|p2a: Manaphy\n|-boost|p2a: Manaphy|spa|3\n|\n|-heal|p2a: Manaphy|66\/100|[from] item: Leftovers\n|upkeep\n|turn|14\n|\n|t:|1701120172\n|move|p1a: Lugia|Recover|p1a: Lugia\n|-heal|p1a: Lugia|100\/100\n|move|p2a: Manaphy|Ice Beam|p1a: Lugia\n|-supereffective|p1a: Lugia\n|-damage|p1a: Lugia|75\/100\n|\n|-heal|p2a: Manaphy|72\/100|[from] item: Leftovers\n|upkeep\n|turn|15\n|\n|t:|1701120180\n|move|p1a: Lugia|Earth Power|p2a: Manaphy\n|-damage|p2a: Manaphy|9\/100\n|move|p2a: Manaphy|Ice Beam|p1a: Lugia\n|-supereffective|p1a: Lugia\n|-crit|p1a: Lugia\n|-damage|p1a: Lugia|0 fnt\n|faint|p1a: Lugia\n|\n|-heal|p2a: Manaphy|15\/100|[from] item: Leftovers\n|upkeep\n|\n|t:|1701120198\n|switch|p1a: Volcanion|Volcanion|100\/100\n|turn|16\n|\n|t:|1701120212\n|move|p1a: Volcanion|Sludge Wave|p2a: Manaphy\n|-damage|p2a: Manaphy|0 fnt\n|faint|p2a: Manaphy\n|\n|upkeep\n|\n|t:|1701120217\n|switch|p2a: Volcarona|Volcarona, F|100\/100\n|turn|17\n|\n|t:|1701120222\n|move|p2a: Volcarona|Quiver Dance|p2a: Volcarona\n|-boost|p2a: Volcarona|spa|1\n|-boost|p2a: Volcarona|spd|1\n|-boost|p2a: Volcarona|spe|1\n|move|p1a: Volcanion|Sludge Wave|p2a: Volcarona\n|-damage|p2a: Volcarona|63\/100\n|\n|upkeep\n|turn|18\n|\n|t:|1701120230\n|move|p2a: Volcarona|Quiver Dance|p2a: Volcarona\n|-boost|p2a: Volcarona|spa|1\n|-boost|p2a: Volcarona|spd|1\n|-boost|p2a: Volcarona|spe|1\n|move|p1a: Volcanion|Sludge Wave|p2a: Volcarona\n|-damage|p2a: Volcarona|35\/100\n|\n|upkeep\n|turn|19\n|\n|t:|1701120240\n|move|p2a: Volcarona|Giga Drain|p1a: Volcanion\n|-damage|p1a: Volcanion|23\/100\n|-heal|p2a: Volcarona|73\/100|[from] drain|[of] p1a: Volcanion\n|move|p1a: Volcanion|Sludge Wave|p2a: Volcarona\n|-damage|p2a: Volcarona|44\/100\n|\n|upkeep\n|turn|20\n|\n|t:|1701120249\n|move|p2a: Volcarona|Giga Drain|p1a: Volcanion\n|-damage|p1a: Volcanion|0 fnt\n|-heal|p2a: Volcarona|55\/100|[from] drain|[of] p1a: Volcanion\n|faint|p1a: Volcanion\n|\n|upkeep\n|\n|t:|1701120255\n|switch|p1a: Marshadow|Marshadow|100\/100\n|turn|21\n|\n|t:|1701120264\n|move|p2a: Volcarona|Giga Drain|p1a: Marshadow\n|-damage|p1a: Marshadow|36\/100\n|-heal|p2a: Volcarona|88\/100|[from] drain|[of] p1a: Marshadow\n|move|p1a: Marshadow|Spectral Thief||[still]\n|-clearpositiveboost|p2a: Volcarona|p1a: Marshadow|move: Spectral Thief\n|-boost|p1a: Marshadow|spa|2\n|-boost|p1a: Marshadow|spd|2\n|-boost|p1a: Marshadow|spe|2\n|-anim|p1a: Marshadow|Spectral Thief|p2a: Volcarona\n|-damage|p2a: Volcarona|5\/100\n|\n|upkeep\n|turn|22\n|\n|t:|1701120276\n|move|p1a: Marshadow|Spectral Thief|p2a: Volcarona\n|-damage|p2a: Volcarona|0 fnt\n|-status|p1a: Marshadow|brn|[from] ability: Flame Body|[of] p2a: Volcarona\n|faint|p2a: Volcarona\n|\n|-damage|p1a: Marshadow|29\/100 brn|[from] brn\n|upkeep\n|\n|t:|1701120285\n|switch|p2a: Palafin|Palafin-Hero, M|26\/100\n|-activate|p2a: Palafin|ability: Zero to Hero\n|turn|23\n|\n|t:|1701120290\n|move|p2a: Palafin|Jet Punch|p1a: Marshadow\n|-damage|p1a: Marshadow|0 fnt\n|faint|p1a: Marshadow\n|\n|upkeep\n|\n|t:|1701120299\n|switch|p1a: Regieleki|Regieleki|100\/100\n|turn|24\n|\n|t:|1701120305\n|-terastallize|p2a: Palafin|Water\n|move|p2a: Palafin|Jet Punch|p1a: Regieleki\n|-damage|p1a: Regieleki|0 fnt\n|faint|p1a: Regieleki\n|\n|upkeep\n|\n|t:|1701120311\n|switch|p1a: Arceus|Arceus-Steel|100\/100\n|turn|25\n|\n|t:|1701120316\n|switch|p2a: Ogerpon|Ogerpon-Hearthflame, F|100\/100\n|-ability|p2a: Ogerpon|Mold Breaker\n|move|p1a: Arceus|Judgment|p2a: Ogerpon\n|-resisted|p2a: Ogerpon\n|-damage|p2a: Ogerpon|71\/100\n|\n|upkeep\n|turn|26\n|\n|t:|1701120325\n|move|p1a: Arceus|Hydro Pump|p2a: Ogerpon\n|-damage|p2a: Ogerpon|35\/100\n|move|p2a: Ogerpon|Ivy Cudgel|p1a: Arceus|[anim] Ivy Cudgel Fire\n|-supereffective|p1a: Arceus\n|-damage|p1a: Arceus|28\/100\n|\n|upkeep\n|turn|27\n|\n|t:|1701120334\n|move|p1a: Arceus|Judgment|p2a: Ogerpon\n|-resisted|p2a: Ogerpon\n|-damage|p2a: Ogerpon|5\/100\n|move|p2a: Ogerpon|Ivy Cudgel|p1a: Arceus|[anim] Ivy Cudgel Fire\n|-supereffective|p1a: Arceus\n|-damage|p1a: Arceus|0 fnt\n|faint|p1a: Arceus\n|\n|upkeep\n|\n|t:|1701120342\n|switch|p1a: Grimmsnarl|Grimmsnarl, M|100\/100\n|turn|28\n|\n|t:|1701120345\n|move|p2a: Ogerpon|Knock Off|p1a: Grimmsnarl\n|-resisted|p1a: Grimmsnarl\n|-damage|p1a: Grimmsnarl|93\/100\n|-enditem|p1a: Grimmsnarl|Light Clay|[from] move: Knock Off|[of] p2a: Ogerpon\n|move|p1a: Grimmsnarl|Spirit Break|p2a: Ogerpon\n|-resisted|p2a: Ogerpon\n|-damage|p2a: Ogerpon|0 fnt\n|faint|p2a: Ogerpon\n|\n|upkeep\n|\n|t:|1701120354\n|switch|p2a: Ursaluna|Ursaluna-Bloodmoon, M|100\/100\n|turn|29\n|\n|t:|1701120361\n|move|p1a: Grimmsnarl|Reflect|p1a: Grimmsnarl\n|-sidestart|p1: allan01234|Reflect\n|move|p2a: Ursaluna|Calm Mind|p2a: Ursaluna\n|-boost|p2a: Ursaluna|spa|1\n|-boost|p2a: Ursaluna|spd|1\n|\n|upkeep\n|turn|30\n|\n|t:|1701120368\n|move|p1a: Grimmsnarl|Spirit Break|p2a: Ursaluna\n|-damage|p2a: Ursaluna|79\/100\n|-unboost|p2a: Ursaluna|spa|1\n|move|p2a: Ursaluna|Blood Moon|p1a: Grimmsnarl\n|-damage|p1a: Grimmsnarl|6\/100\n|\n|-heal|p2a: Ursaluna|85\/100|[from] item: Leftovers\n|upkeep\n|turn|31\n|\n|t:|1701120377\n|move|p1a: Grimmsnarl|Spirit Break|p2a: Ursaluna\n|-damage|p2a: Ursaluna|66\/100\n|-unboost|p2a: Ursaluna|spa|1\n|move|p2a: Ursaluna|Earth Power|p1a: Grimmsnarl\n|-crit|p1a: Grimmsnarl\n|-damage|p1a: Grimmsnarl|0 fnt\n|faint|p1a: Grimmsnarl\n|\n|win|CallMeWeeaboo\n|raw|allan01234's rating: 1050 &rarr; <strong>1040<\/strong><br \/>(-10 for losing)\n|raw|CallMeWeeaboo's rating: 1216 &rarr; <strong>1230<\/strong><br \/>(+14 for winning)\n|l|\u2606allan01234\n","uploadtime":1701120388,"views":18,"p1id":"allan01234","p2id":"callmeweeaboo","formatid":"gen9nationaldexubers","rating":1040,"private":0,"password":""}