{"id":"gen9nationaldexubers-1990236447","p1":"Sakamoto Ryoma San","p2":"variares DD","format":"[Gen 9] National Dex Ubers","log":"|j|\u2606Sakamoto Ryoma San\n|j|\u2606variares DD\n|t:|1699942108\n|gametype|singles\n|player|p1|Sakamoto Ryoma San|veteran|1305\n|player|p2|variares DD|acetrainercouple|1345\n|teamsize|p1|6\n|teamsize|p2|6\n|gen|9\n|tier|[Gen 9] National Dex Ubers\n|rated|\n|rule|HP Percentage Mod: HP is shown in percentages\n|rule|Endless Battle Clause: Forcing endless battles is banned\n|rule|OHKO Clause: OHKO moves are banned\n|rule|Evasion Moves Clause: Evasion moves are banned\n|rule|Evasion Items Clause: Evasion items are banned\n|rule|Species Clause: Limit one of each Pok\u00e9mon\n|rule|Sleep Clause Mod: Limit one foe put to sleep\n|rule|Mega Rayquaza Clause: You cannot mega evolve Rayquaza\n|clearpoke\n|poke|p1|Arceus|\n|poke|p1|Marshadow|\n|poke|p1|Groudon|\n|poke|p1|Regieleki|\n|poke|p1|Chien-Pao|\n|poke|p1|Genesect-Douse|\n|poke|p2|Skeledirge, F|\n|poke|p2|Samurott-Hisui, M|\n|poke|p2|Corviknight, M|\n|poke|p2|Landorus-Therian, M|\n|poke|p2|Quaquaval, M|\n|poke|p2|Weezing-Galar, M|\n|teampreview\n|inactive|Battle timer is ON: inactive players will automatically lose when time's up. (requested by variares DD)\n|\n|t:|1699942114\n|start\n|switch|p1a: Regieleki|Regieleki|100\/100\n|switch|p2a: Landorus|Landorus-Therian, M|100\/100\n|-ability|p2a: Landorus|Intimidate|boost\n|-unboost|p1a: Regieleki|atk|1\n|turn|1\n|\n|t:|1699942118\n|switch|p1a: Arceus|Arceus|100\/100\n|move|p2a: Landorus|Stealth Rock|p1a: Arceus\n|-sidestart|p1: Sakamoto Ryoma San|move: Stealth Rock\n|\n|upkeep\n|turn|2\n|\n|t:|1699942122\n|switch|p2a: Corviknight|Corviknight, M, shiny|100\/100\n|-ability|p2a: Corviknight|Pressure\n|move|p1a: Arceus|Will-O-Wisp|p2a: Corviknight\n|-status|p2a: Corviknight|brn\n|\n|-damage|p2a: Corviknight|94\/100 brn|[from] brn\n|upkeep\n|turn|3\n|\n|t:|1699942125\n|move|p1a: Arceus|Defog|p2a: Corviknight\n|-unboost|p2a: Corviknight|evasion|1\n|-sideend|p1: Sakamoto Ryoma San|Stealth Rock|[from] move: Defog|[of] p1a: Arceus\n|move|p2a: Corviknight|Iron Defense|p2a: Corviknight\n|-boost|p2a: Corviknight|def|2\n|\n|-heal|p2a: Corviknight|100\/100 brn|[from] item: Leftovers\n|-damage|p2a: Corviknight|94\/100 brn|[from] brn\n|upkeep\n|turn|4\n|\n|t:|1699942128\n|switch|p1a: Marshadow|Marshadow|100\/100\n|move|p2a: Corviknight|Body Press|p1a: Marshadow\n|-immune|p1a: Marshadow\n|\n|-heal|p2a: Corviknight|100\/100 brn|[from] item: Leftovers\n|-damage|p2a: Corviknight|94\/100 brn|[from] brn\n|upkeep\n|turn|5\n|\n|t:|1699942137\n|switch|p1a: Genesect|Genesect-Douse, shiny|100\/100\n|-ability|p1a: Genesect|Download|boost\n|-boost|p1a: Genesect|spa|1\n|switch|p2a: Weezing|Weezing-Galar, M, shiny|100\/100\n|\n|upkeep\n|turn|6\n|\n|t:|1699942144\n|switch|p2a: Samurott|Samurott-Hisui, M, shiny|100\/100\n|move|p1a: Genesect|Flash Cannon|p2a: Samurott\n|-resisted|p2a: Samurott\n|-damage|p2a: Samurott|81\/100\n|\n|upkeep\n|turn|7\n|\n|t:|1699942148\n|switch|p1a: Arceus|Arceus|100\/100\n|move|p2a: Samurott|Ceaseless Edge|p1a: Arceus|[miss]\n|-miss|p2a: Samurott|p1a: Arceus\n|\n|upkeep\n|turn|8\n|\n|t:|1699942155\n|switch|p2a: Skeledirge|Skeledirge, F, shiny|100\/100\n|move|p1a: Arceus|Will-O-Wisp|p2a: Skeledirge\n|-immune|p2a: Skeledirge\n|\n|upkeep\n|turn|9\n|\n|t:|1699942158\n|switch|p2a: Landorus|Landorus-Therian, M|100\/100\n|-ability|p2a: Landorus|Intimidate|boost\n|-unboost|p1a: Arceus|atk|1\n|move|p1a: Arceus|Toxic|p2a: Landorus\n|-status|p2a: Landorus|tox\n|\n|-damage|p2a: Landorus|95\/100 tox|[from] psn\n|upkeep\n|turn|10\n|\n|t:|1699942164\n|move|p1a: Arceus|Toxic|p2a: Landorus\n|-fail|p2a: Landorus|tox\n|move|p2a: Landorus|Stealth Rock|p1a: Arceus\n|-sidestart|p1: Sakamoto Ryoma San|move: Stealth Rock\n|\n|-heal|p2a: Landorus|100\/100 tox|[from] item: Leftovers\n|-damage|p2a: Landorus|89\/100 tox|[from] psn\n|upkeep\n|turn|11\n|\n|t:|1699942166\n|move|p1a: Arceus|Defog|p2a: Landorus\n|-unboost|p2a: Landorus|evasion|1\n|-sideend|p1: Sakamoto Ryoma San|Stealth Rock|[from] move: Defog|[of] p1a: Arceus\n|move|p2a: Landorus|Swords Dance|p2a: Landorus\n|-boost|p2a: Landorus|atk|2\n|\n|-heal|p2a: Landorus|95\/100 tox|[from] item: Leftovers\n|-damage|p2a: Landorus|77\/100 tox|[from] psn\n|upkeep\n|turn|12\n|\n|t:|1699942171\n|move|p1a: Arceus|Recover||[still]\n|-fail|p1a: Arceus|heal\n|move|p2a: Landorus|Rock Polish|p2a: Landorus\n|-boost|p2a: Landorus|spe|2\n|\n|-heal|p2a: Landorus|83\/100 tox|[from] item: Leftovers\n|-damage|p2a: Landorus|59\/100 tox|[from] psn\n|upkeep\n|turn|13\n|\n|t:|1699942174\n|move|p2a: Landorus|Stealth Rock|p1a: Arceus\n|-sidestart|p1: Sakamoto Ryoma San|move: Stealth Rock\n|move|p1a: Arceus|Recover||[still]\n|-fail|p1a: Arceus|heal\n|\n|-heal|p2a: Landorus|65\/100 tox|[from] item: Leftovers\n|-damage|p2a: Landorus|35\/100 tox|[from] psn\n|upkeep\n|turn|14\n|\n|t:|1699942175\n|move|p2a: Landorus|Earthquake|p1a: Arceus\n|-damage|p1a: Arceus|24\/100\n|move|p1a: Arceus|Defog|p2a: Landorus\n|-unboost|p2a: Landorus|evasion|1\n|-sideend|p1: Sakamoto Ryoma San|Stealth Rock|[from] move: Defog|[of] p1a: Arceus\n|\n|-heal|p2a: Landorus|41\/100 tox|[from] item: Leftovers\n|-damage|p2a: Landorus|5\/100 tox|[from] psn\n|upkeep\n|turn|15\n|\n|t:|1699942180\n|move|p2a: Landorus|Stealth Rock|p1a: Arceus\n|-sidestart|p1: Sakamoto Ryoma San|move: Stealth Rock\n|move|p1a: Arceus|Defog|p2a: Landorus\n|-unboost|p2a: Landorus|evasion|1\n|-sideend|p1: Sakamoto Ryoma San|Stealth Rock|[from] move: Defog|[of] p1a: Arceus\n|\n|-heal|p2a: Landorus|11\/100 tox|[from] item: Leftovers\n|-damage|p2a: Landorus|0 fnt|[from] psn\n|faint|p2a: Landorus\n|upkeep\n|\n|t:|1699942185\n|switch|p2a: Samurott|Samurott-Hisui, M, shiny|81\/100\n|turn|16\n|\n|t:|1699942188\n|move|p1a: Arceus|Recover|p1a: Arceus\n|-heal|p1a: Arceus|74\/100\n|move|p2a: Samurott|Ceaseless Edge|p1a: Arceus\n|-damage|p1a: Arceus|50\/100\n|-sidestart|p1: Sakamoto Ryoma San|Spikes\n|\n|upkeep\n|turn|17\n|\n|t:|1699942190\n|move|p1a: Arceus|Will-O-Wisp|p2a: Samurott\n|-status|p2a: Samurott|brn\n|move|p2a: Samurott|Knock Off|p1a: Arceus\n|-damage|p1a: Arceus|39\/100\n|-enditem|p1a: Arceus|Wide Lens|[from] move: Knock Off|[of] p2a: Samurott\n|\n|-damage|p2a: Samurott|75\/100 brn|[from] brn\n|upkeep\n|turn|18\n|\n|t:|1699942198\n|switch|p2a: Weezing|Weezing-Galar, M, shiny|100\/100\n|move|p1a: Arceus|Defog|p2a: Weezing\n|-unboost|p2a: Weezing|evasion|1\n|-sideend|p1: Sakamoto Ryoma San|Spikes|[from] move: Defog|[of] p1a: Arceus\n|\n|upkeep\n|turn|19\n|\n|t:|1699942201\n|move|p1a: Arceus|Will-O-Wisp|p2a: Weezing\n|-status|p2a: Weezing|brn\n|move|p2a: Weezing|Toxic|p1a: Arceus\n|-status|p1a: Arceus|tox\n|\n|-damage|p1a: Arceus|33\/100 tox|[from] psn\n|-damage|p2a: Weezing|95\/100 brn|[from] brn\n|upkeep\n|turn|20\n|\n|t:|1699942203\n|move|p1a: Arceus|Recover|p1a: Arceus\n|-heal|p1a: Arceus|83\/100 tox\n|move|p2a: Weezing|Toxic Spikes|p1a: Arceus\n|-sidestart|p1: Sakamoto Ryoma San|move: Toxic Spikes\n|\n|-heal|p2a: Weezing|100\/100 brn|[from] item: Leftovers\n|-damage|p1a: Arceus|71\/100 tox|[from] psn\n|-damage|p2a: Weezing|95\/100 brn|[from] brn\n|upkeep\n|turn|21\n|\n|t:|1699942206\n|move|p1a: Arceus|Defog|p2a: Weezing\n|-unboost|p2a: Weezing|evasion|1\n|-sideend|p1: Sakamoto Ryoma San|Toxic Spikes|[from] move: Defog|[of] p1a: Arceus\n|move|p2a: Weezing|Toxic Spikes|p1a: Arceus\n|-sidestart|p1: Sakamoto Ryoma San|move: Toxic Spikes\n|\n|-heal|p2a: Weezing|100\/100 brn|[from] item: Leftovers\n|-damage|p1a: Arceus|53\/100 tox|[from] psn\n|-damage|p2a: Weezing|95\/100 brn|[from] brn\n|upkeep\n|turn|22\n|\n|t:|1699942210\n|move|p1a: Arceus|Recover|p1a: Arceus\n|-heal|p1a: Arceus|100\/100 tox\n|move|p2a: Weezing|Toxic Spikes|p1a: Arceus\n|-sidestart|p1: Sakamoto Ryoma San|move: Toxic Spikes\n|\n|-heal|p2a: Weezing|100\/100 brn|[from] item: Leftovers\n|-damage|p1a: Arceus|76\/100 tox|[from] psn\n|-damage|p2a: Weezing|95\/100 brn|[from] brn\n|upkeep\n|turn|23\n|\n|t:|1699942215\n|move|p1a: Arceus|Defog|p2a: Weezing\n|-unboost|p2a: Weezing|evasion|1\n|-sideend|p1: Sakamoto Ryoma San|Toxic Spikes|[from] move: Defog|[of] p1a: Arceus\n|move|p2a: Weezing|Strange Steam|p1a: Arceus\n|-damage|p1a: Arceus|57\/100 tox\n|-start|p1a: Arceus|confusion\n|\n|-heal|p2a: Weezing|100\/100 brn|[from] item: Leftovers\n|-damage|p1a: Arceus|27\/100 tox|[from] psn\n|-damage|p2a: Weezing|95\/100 brn|[from] brn\n|upkeep\n|turn|24\n|\n|t:|1699942218\n|switch|p1a: Regieleki|Regieleki|100\/100\n|move|p2a: Weezing|Toxic Spikes|p1a: Regieleki\n|-sidestart|p1: Sakamoto Ryoma San|move: Toxic Spikes\n|\n|-heal|p2a: Weezing|100\/100 brn|[from] item: Leftovers\n|-damage|p2a: Weezing|95\/100 brn|[from] brn\n|upkeep\n|turn|25\n|\n|t:|1699942221\n|move|p1a: Regieleki|Thunderbolt|p2a: Weezing\n|-damage|p2a: Weezing|0 fnt\n|faint|p2a: Weezing\n|-damage|p1a: Regieleki|91\/100|[from] item: Life Orb\n|\n|upkeep\n|\n|t:|1699942225\n|switch|p2a: Samurott|Samurott-Hisui, M, shiny|75\/100 brn\n|turn|26\n|\n|t:|1699942231\n|move|p1a: Regieleki|Volt Switch|p2a: Samurott\n|-supereffective|p2a: Samurott\n|-damage|p2a: Samurott|7\/100 brn\n|-damage|p1a: Regieleki|81\/100|[from] item: Life Orb\n|\n|t:|1699942233\n|switch|p1a: Arceus|Arceus|27\/100 tox|[from] Volt Switch\n|move|p2a: Samurott|Ceaseless Edge|p1a: Arceus\n|-damage|p1a: Arceus|15\/100 tox\n|-sidestart|p1: Sakamoto Ryoma San|Spikes\n|\n|-damage|p1a: Arceus|9\/100 tox|[from] psn\n|-damage|p2a: Samurott|1\/100 brn|[from] brn\n|upkeep\n|turn|27\n|\n|t:|1699942240\n|move|p1a: Arceus|Recover|p1a: Arceus\n|-heal|p1a: Arceus|59\/100 tox\n|move|p2a: Samurott|Ceaseless Edge|p1a: Arceus\n|-damage|p1a: Arceus|46\/100 tox\n|-sidestart|p1: Sakamoto Ryoma San|Spikes\n|\n|-damage|p1a: Arceus|34\/100 tox|[from] psn\n|-damage|p2a: Samurott|0 fnt|[from] brn\n|faint|p2a: Samurott\n|upkeep\n|\n|t:|1699942242\n|switch|p2a: Quaquaval|Quaquaval, M, shiny|100\/100\n|turn|28\n|\n|t:|1699942248\n|-terastallize|p1a: Arceus|Ghost\n|move|p2a: Quaquaval|Close Combat|p1a: Arceus\n|-immune|p1a: Arceus\n|move|p1a: Arceus|Will-O-Wisp|p2a: Quaquaval\n|-status|p2a: Quaquaval|brn\n|\n|-damage|p1a: Arceus|16\/100 tox|[from] psn\n|-damage|p2a: Quaquaval|94\/100 brn|[from] brn\n|upkeep\n|turn|29\n|\n|t:|1699942252\n|switch|p2a: Skeledirge|Skeledirge, F, shiny|100\/100\n|move|p1a: Arceus|Defog|p2a: Skeledirge\n|-unboost|p2a: Skeledirge|evasion|1\n|-sideend|p1: Sakamoto Ryoma San|Spikes|[from] move: Defog|[of] p1a: Arceus\n|-sideend|p1: Sakamoto Ryoma San|Toxic Spikes|[from] move: Defog|[of] p1a: Arceus\n|\n|-damage|p1a: Arceus|0 fnt|[from] psn\n|faint|p1a: Arceus\n|upkeep\n|\n|t:|1699942258\n|switch|p1a: Groudon|Groudon|100\/100\n|detailschange|p1a: Groudon|Groudon-Primal\n|-primal|p1a: Groudon|Red Orb\n|-weather|DesolateLand|[from] ability: Desolate Land|[of] p1a: Groudon\n|turn|30\n|\n|t:|1699942261\n|switch|p2a: Corviknight|Corviknight, M, shiny|94\/100 brn\n|-ability|p2a: Corviknight|Pressure\n|move|p1a: Groudon|Rock Polish|p1a: Groudon\n|-boost|p1a: Groudon|spe|2\n|\n|-weather|DesolateLand|[upkeep]\n|-heal|p2a: Corviknight|100\/100 brn|[from] item: Leftovers\n|-damage|p2a: Corviknight|94\/100 brn|[from] brn\n|upkeep\n|turn|31\n|\n|t:|1699942266\n|-terastallize|p2a: Corviknight|Fighting\n|move|p1a: Groudon|Heat Crash|p2a: Corviknight\n|-damage|p2a: Corviknight|8\/100 brn\n|move|p2a: Corviknight|Iron Defense|p2a: Corviknight\n|-boost|p2a: Corviknight|def|2\n|\n|-weather|DesolateLand|[upkeep]\n|-heal|p2a: Corviknight|14\/100 brn|[from] item: Leftovers\n|-damage|p2a: Corviknight|8\/100 brn|[from] brn\n|upkeep\n|turn|32\n|-message|variares DD forfeited.\n|\n|win|Sakamoto Ryoma San\n|raw|Sakamoto Ryoma San's rating: 1305 &rarr; <strong>1327<\/strong><br \/>(+22 for winning)\n|raw|variares DD's rating: 1345 &rarr; <strong>1323<\/strong><br \/>(-22 for losing)\n|l|\u2606variares DD\n","uploadtime":1699942283,"views":6,"p1id":"sakamotoryomasan","p2id":"variaresdd","formatid":"gen9nationaldexubers","rating":1323,"private":0,"password":""}