{"id":"gen9nationaldexubers-1979240032","p1":"ironsp1dr","p2":"OmegaM_14","format":"[Gen 9] National Dex Ubers","log":"|j|\u2606ironsp1dr\n|j|\u2606OmegaM_14\n|t:|1698658864\n|gametype|singles\n|player|p1|ironsp1dr|li|1084\n|player|p2|OmegaM_14|marlon|1081\n|teamsize|p1|6\n|teamsize|p2|6\n|gen|9\n|tier|[Gen 9] National Dex Ubers\n|rated|\n|rule|HP Percentage Mod: HP is shown in percentages\n|rule|Endless Battle Clause: Forcing endless battles is banned\n|rule|OHKO Clause: OHKO moves are banned\n|rule|Evasion Moves Clause: Evasion moves are banned\n|rule|Evasion Items Clause: Evasion items are banned\n|rule|Species Clause: Limit one of each Pok\u00e9mon\n|rule|Sleep Clause Mod: Limit one foe put to sleep\n|rule|Mega Rayquaza Clause: You cannot mega evolve Rayquaza\n|clearpoke\n|poke|p1|Absol, F|\n|poke|p1|Samurott-Hisui, M|\n|poke|p1|Meowscarada, F|\n|poke|p1|Krookodile, M|\n|poke|p1|Zoroark, M|\n|poke|p1|Hydreigon, M|\n|poke|p2|Blaziken, F|\n|poke|p2|Sceptile, M|\n|poke|p2|Swampert, F|\n|poke|p2|Metagross|\n|poke|p2|Altaria, F|\n|poke|p2|Snorlax, F|\n|teampreview\n|inactive|Battle timer is ON: inactive players will automatically lose when time's up. (requested by OmegaM_14)\n|\n|t:|1698658872\n|start\n|switch|p1a: Hydreigon|Hydreigon, M|100\/100\n|switch|p2a: Altaria|Altaria, F|100\/100\n|turn|1\n|\n|t:|1698658879\n|move|p1a: Hydreigon|Stealth Rock|p2a: Altaria\n|-sidestart|p2: OmegaM_14|move: Stealth Rock\n|move|p2a: Altaria|Dazzling Gleam|p1a: Hydreigon\n|-supereffective|p1a: Hydreigon\n|-damage|p1a: Hydreigon|6\/100\n|\n|upkeep\n|turn|2\n|\n|t:|1698658884\n|move|p1a: Hydreigon|Tailwind|p1a: Hydreigon\n|-sidestart|p1: ironsp1dr|move: Tailwind\n|move|p2a: Altaria|Dazzling Gleam|p1a: Hydreigon\n|-supereffective|p1a: Hydreigon\n|-damage|p1a: Hydreigon|0 fnt\n|faint|p1a: Hydreigon\n|\n|upkeep\n|\n|t:|1698658891\n|switch|p1a: Primrose|Meowscarada, F|100\/100\n|turn|3\n|\n|t:|1698658895\n|move|p1a: Primrose|Play Rough|p2a: Altaria\n|-start|p1a: Primrose|typechange|Fairy|[from] ability: Protean\n|-supereffective|p2a: Altaria\n|-damage|p2a: Altaria|10\/100\n|move|p2a: Altaria|Dazzling Gleam|p1a: Primrose\n|-damage|p1a: Primrose|66\/100\n|\n|upkeep\n|turn|4\n|\n|t:|1698658913\n|switch|p2a: Metagross|Metagross|100\/100\n|-damage|p2a: Metagross|94\/100|[from] Stealth Rock\n|move|p1a: Primrose|Sucker Punch||[still]\n|-fail|p1a: Primrose\n|\n|upkeep\n|turn|5\n|\n|t:|1698658920\n|move|p1a: Primrose|Knock Off|p2a: Metagross\n|-supereffective|p2a: Metagross\n|-damage|p2a: Metagross|55\/100\n|-enditem|p2a: Metagross|Assault Vest|[from] move: Knock Off|[of] p1a: Primrose\n|move|p2a: Metagross|Meteor Mash|p1a: Primrose\n|-supereffective|p1a: Primrose\n|-damage|p1a: Primrose|0 fnt\n|faint|p1a: Primrose\n|\n|-sideend|p1: ironsp1dr|move: Tailwind\n|upkeep\n|\n|t:|1698658928\n|switch|p1a: Posiedon|Samurott-Hisui, M, shiny|100\/100\n|turn|6\n|\n|t:|1698658936\n|move|p1a: Posiedon|Ceaseless Edge|p2a: Metagross\n|-supereffective|p2a: Metagross\n|-damage|p2a: Metagross|0 fnt\n|-sidestart|p2: OmegaM_14|Spikes\n|faint|p2a: Metagross\n|\n|upkeep\n|\n|t:|1698658946\n|switch|p2a: Altaria|Altaria, F|10\/100\n|-damage|p2a: Altaria|0 fnt|[from] Stealth Rock\n|faint|p2a: Altaria\n|\n|t:|1698658952\n|switch|p2a: Sceptile|Sceptile, M|100\/100\n|-damage|p2a: Sceptile|88\/100|[from] Stealth Rock\n|-damage|p2a: Sceptile|76\/100|[from] Spikes\n|turn|7\n|\n|t:|1698658960\n|move|p1a: Posiedon|Ceaseless Edge|p2a: Sceptile\n|-damage|p2a: Sceptile|0 fnt\n|-sidestart|p2: OmegaM_14|Spikes\n|faint|p2a: Sceptile\n|\n|upkeep\n|\n|t:|1698658966\n|switch|p2a: Swampert|Swampert, F|100\/100\n|-damage|p2a: Swampert|94\/100|[from] Stealth Rock\n|-damage|p2a: Swampert|78\/100|[from] Spikes\n|turn|8\n|\n|t:|1698658971\n|move|p1a: Posiedon|Ceaseless Edge|p2a: Swampert\n|-damage|p2a: Swampert|36\/100\n|-sidestart|p2: OmegaM_14|Spikes\n|move|p2a: Swampert|Facade|p1a: Posiedon\n|-damage|p1a: Posiedon|67\/100\n|\n|upkeep\n|turn|9\n|\n|t:|1698658978\n|move|p1a: Posiedon|Ceaseless Edge|p2a: Swampert\n|-damage|p2a: Swampert|0 fnt\n|faint|p2a: Swampert\n|\n|upkeep\n|\n|t:|1698658983\n|switch|p2a: Snorlax|Snorlax, F|100\/100\n|-damage|p2a: Snorlax|88\/100|[from] Stealth Rock\n|-damage|p2a: Snorlax|63\/100|[from] Spikes\n|turn|10\n|\n|t:|1698658990\n|move|p1a: Posiedon|Ceaseless Edge|p2a: Snorlax\n|-damage|p2a: Snorlax|23\/100\n|-enditem|p2a: Snorlax|Aguav Berry|[eat]\n|-heal|p2a: Snorlax|56\/100|[from] item: Aguav Berry\n|move|p2a: Snorlax|Counter|p1a: Posiedon\n|-damage|p1a: Posiedon|0 fnt\n|faint|p1a: Posiedon\n|\n|upkeep\n|\n|t:|1698658995\n|switch|p1a: Nyx|Absol, F|100\/100\n|turn|11\n|\n|t:|1698659003\n|move|p1a: Nyx|Flamethrower|p2a: Snorlax\n|-damage|p2a: Snorlax|49\/100\n|-status|p2a: Snorlax|brn\n|move|p2a: Snorlax|Counter||[still]\n|-fail|p2a: Snorlax\n|\n|-damage|p2a: Snorlax|43\/100 brn|[from] brn\n|upkeep\n|turn|12\n|\n|t:|1698659013\n|move|p1a: Nyx|Psychic|p2a: Snorlax\n|-damage|p2a: Snorlax|28\/100 brn\n|move|p2a: Snorlax|Earthquake|p1a: Nyx\n|-damage|p1a: Nyx|78\/100\n|replace|p1a: Zoroark|Zoroark, M, shiny\n|-end|p1a: Zoroark|Illusion\n|\n|-damage|p2a: Snorlax|22\/100 brn|[from] brn\n|upkeep\n|turn|13\n|\n|t:|1698659024\n|move|p1a: Zoroark|Knock Off|p2a: Snorlax\n|-damage|p2a: Snorlax|5\/100 brn\n|move|p2a: Snorlax|Earthquake|p1a: Zoroark\n|-damage|p1a: Zoroark|51\/100\n|\n|-damage|p2a: Snorlax|0 fnt|[from] brn\n|faint|p2a: Snorlax\n|upkeep\n|\n|t:|1698659031\n|switch|p2a: Blaziken|Blaziken, F|100\/100\n|-damage|p2a: Blaziken|88\/100|[from] Stealth Rock\n|-damage|p2a: Blaziken|63\/100|[from] Spikes\n|turn|14\n|\n|t:|1698659038\n|detailschange|p2a: Blaziken|Blaziken-Mega, F\n|-mega|p2a: Blaziken|Blaziken|Blazikenite\n|move|p1a: Zoroark|Knock Off|p2a: Blaziken\n|-resisted|p2a: Blaziken\n|-damage|p2a: Blaziken|49\/100\n|move|p2a: Blaziken|Swords Dance|p2a: Blaziken\n|-boost|p2a: Blaziken|atk|2\n|\n|-ability|p2a: Blaziken|Speed Boost|boost\n|-boost|p2a: Blaziken|spe|1\n|upkeep\n|turn|15\n|\n|t:|1698659049\n|move|p2a: Blaziken|Blaze Kick|p1a: Zoroark\n|-damage|p1a: Zoroark|0 fnt\n|faint|p1a: Zoroark\n|\n|-ability|p2a: Blaziken|Speed Boost|boost\n|-boost|p2a: Blaziken|spe|1\n|upkeep\n|\n|t:|1698659055\n|switch|p1a: Sobek|Krookodile, M|100\/100\n|turn|16\n|\n|t:|1698659060\n|move|p2a: Blaziken|Earthquake|p1a: Sobek\n|-enditem|p1a: Sobek|Focus Sash\n|-damage|p1a: Sobek|1\/100\n|move|p1a: Sobek|Earthquake|p2a: Blaziken\n|-supereffective|p2a: Blaziken\n|-damage|p2a: Blaziken|0 fnt\n|faint|p2a: Blaziken\n|\n|win|ironsp1dr\n|raw|ironsp1dr's rating: 1084 &rarr; <strong>1111<\/strong><br \/>(+27 for winning)\n|raw|OmegaM_14's rating: 1081 &rarr; <strong>1059<\/strong><br \/>(-22 for losing)\n|c|\u2606OmegaM_14|noooo\n|l|\u2606OmegaM_14\n","uploadtime":1698659072,"views":11,"p1id":"ironsp1dr","p2id":"omegam14","formatid":"gen9nationaldexubers","rating":1059,"private":0,"password":""}