{"id":"gen9nationaldexubers-1994385851","p1":"ChillLanturnYT","p2":"It is I Freddy","format":"[Gen 9] National Dex Ubers","log":"|j|\u2606ChillLanturnYT\n|j|\u2606It is I Freddy\n|t:|1700437933\n|gametype|singles\n|player|p1|ChillLanturnYT|palmer|\n|player|p2|It is I Freddy|morty|\n|teamsize|p1|6\n|teamsize|p2|6\n|gen|9\n|tier|[Gen 9] National Dex Ubers\n|rule|HP Percentage Mod: HP is shown in percentages\n|rule|Endless Battle Clause: Forcing endless battles is banned\n|rule|OHKO Clause: OHKO moves are banned\n|rule|Evasion Moves Clause: Evasion moves are banned\n|rule|Evasion Items Clause: Evasion items are banned\n|rule|Species Clause: Limit one of each Pok\u00e9mon\n|rule|Sleep Clause Mod: Limit one foe put to sleep\n|rule|Mega Rayquaza Clause: You cannot mega evolve Rayquaza\n|clearpoke\n|poke|p1|Muk-Alola, F|\n|poke|p1|Lopunny, F|\n|poke|p1|Tapu Fini|\n|poke|p1|Baxcalibur, M|\n|poke|p1|Heracross, M|\n|poke|p1|Trevenant, F|\n|poke|p2|Spidops, M|\n|poke|p2|Espeon, M|\n|poke|p2|Gengar, F|\n|poke|p2|Dipplin, M|\n|poke|p2|Mandibuzz, F|\n|poke|p2|Ceruledge, F|\n|teampreview\n|c|\u2606It is I Freddy|hello again!\n|inactive|Battle timer is ON: inactive players will automatically lose when time's up. (requested by It is I Freddy)\n|c|\u2606ChillLanturnYT|helloooooooo\n|\n|t:|1700438001\n|start\n|switch|p1a: Lopunny|Lopunny, F|100\/100\n|switch|p2a: Special Ops|Spidops, M|100\/100\n|turn|1\n|\n|t:|1700438006\n|switch|p2a: Undead Vulture|Mandibuzz, F, shiny|100\/100\n|detailschange|p1a: Lopunny|Lopunny-Mega, F\n|-mega|p1a: Lopunny|Lopunny|Lopunnite\n|move|p1a: Lopunny|Fake Out|p2a: Undead Vulture\n|-damage|p2a: Undead Vulture|88\/100\n|-damage|p1a: Lopunny|84\/100|[from] item: Rocky Helmet|[of] p2a: Undead Vulture\n|\n|upkeep\n|turn|2\n|\n|t:|1700438028\n|switch|p1a: Tapu Fini|Tapu Fini|100\/100\n|-fieldstart|move: Misty Terrain|[from] ability: Misty Surge|[of] p1a: Tapu Fini\n|move|p2a: Undead Vulture|Toxic|p1a: Tapu Fini\n|-activate|p1a: Tapu Fini|move: Misty Terrain\n|\n|upkeep\n|turn|3\n|\n|t:|1700438037\n|switch|p2a: Special Ops|Spidops, M|100\/100\n|move|p1a: Tapu Fini|Scald|p2a: Special Ops\n|-damage|p2a: Special Ops|55\/100\n|\n|-heal|p2a: Special Ops|61\/100|[from] item: Leftovers\n|upkeep\n|turn|4\n|\n|t:|1700438053\n|move|p1a: Tapu Fini|Scald|p2a: Special Ops\n|-damage|p2a: Special Ops|21\/100\n|move|p2a: Special Ops|Sticky Web|p1a: Tapu Fini\n|-sidestart|p1: ChillLanturnYT|move: Sticky Web\n|\n|-heal|p2a: Special Ops|27\/100|[from] item: Leftovers\n|upkeep\n|turn|5\n|\n|t:|1700438064\n|move|p1a: Tapu Fini|Defog|p2a: Special Ops\n|-unboost|p2a: Special Ops|evasion|1\n|-sideend|p1: ChillLanturnYT|Sticky Web|[from] move: Defog|[of] p1a: Tapu Fini\n|-fieldend|Misty Terrain\n|move|p2a: Special Ops|Circle Throw|p1a: Tapu Fini\n|-resisted|p1a: Tapu Fini\n|-damage|p1a: Tapu Fini|94\/100\n|drag|p1a: Muk|Muk-Alola, F|100\/100\n|\n|-heal|p2a: Special Ops|33\/100|[from] item: Leftovers\n|upkeep\n|turn|6\n|\n|t:|1700438073\n|move|p1a: Muk|Poison Jab|p2a: Special Ops\n|-damage|p2a: Special Ops|0 fnt\n|faint|p2a: Special Ops\n|\n|upkeep\n|inactive|It is I Freddy has 270 seconds left.\n|c|\u2606It is I Freddy|I didn't plan around muk unfortunatley\n|\n|t:|1700438122\n|switch|p2a: Ceruledge|Ceruledge, F|100\/100\n|turn|7\n|\n|t:|1700438132\n|move|p2a: Ceruledge|Bitter Blade|p1a: Muk\n|-damage|p1a: Muk|49\/100\n|move|p1a: Muk|Knock Off|p2a: Ceruledge\n|-supereffective|p2a: Ceruledge\n|-enditem|p2a: Ceruledge|Focus Sash\n|-damage|p2a: Ceruledge|1\/100\n|-ability|p2a: Ceruledge|Weak Armor|boost\n|-unboost|p2a: Ceruledge|def|1\n|-boost|p2a: Ceruledge|spe|2\n|\n|upkeep\n|turn|8\n|c|\u2606ChillLanturnYT|first misktake I'm afraid\n|\n|t:|1700438142\n|move|p1a: Muk|Shadow Sneak|p2a: Ceruledge\n|-supereffective|p2a: Ceruledge\n|-damage|p2a: Ceruledge|0 fnt\n|faint|p2a: Ceruledge\n|\n|upkeep\n|inactive|It is I Freddy has 240 seconds left.\n|\n|t:|1700438176\n|switch|p2a: Magician's Cat|Espeon, M|100\/100\n|turn|9\n|\n|t:|1700438192\n|move|p2a: Magician's Cat|Dazzling Gleam|p1a: Muk\n|-damage|p1a: Muk|28\/100\n|move|p1a: Muk|Knock Off|p2a: Magician's Cat\n|-supereffective|p2a: Magician's Cat\n|-damage|p2a: Magician's Cat|0 fnt\n|-enditem|p2a: Magician's Cat|Choice Specs|[from] move: Knock Off|[of] p1a: Muk\n|faint|p2a: Magician's Cat\n|\n|upkeep\n|\n|t:|1700438200\n|switch|p2a: Undead Vulture|Mandibuzz, F, shiny|88\/100\n|turn|10\n|c|\u2606ChillLanturnYT|Muk is going on a rampage\n|inactive|It is I Freddy has 240 seconds left.\n|\n|t:|1700438207\n|move|p2a: Undead Vulture|Foul Play|p1a: Muk\n|-resisted|p1a: Muk\n|-damage|p1a: Muk|5\/100\n|move|p1a: Muk|Drain Punch|p2a: Undead Vulture\n|-damage|p2a: Undead Vulture|75\/100\n|-heal|p1a: Muk|12\/100|[from] drain|[of] p2a: Undead Vulture\n|-damage|p1a: Muk|0 fnt|[from] item: Rocky Helmet|[of] p2a: Undead Vulture\n|faint|p1a: Muk\n|\n|upkeep\n|c|\u2606ChillLanturnYT|until now xD\n|c|\u2606It is I Freddy|true true\n|\n|t:|1700438232\n|switch|p1a: Trevenant|Trevenant, F|100\/100\n|turn|11\n|\n|t:|1700438242\n|move|p2a: Undead Vulture|Toxic|p1a: Trevenant\n|-status|p1a: Trevenant|tox\n|-enditem|p1a: Trevenant|Lum Berry|[eat]\n|-curestatus|p1a: Trevenant|tox|[msg]\n|move|p1a: Trevenant|Will-O-Wisp|p2a: Undead Vulture\n|-status|p2a: Undead Vulture|brn\n|\n|-damage|p2a: Undead Vulture|69\/100 brn|[from] brn\n|upkeep\n|turn|12\n|\n|t:|1700438255\n|move|p2a: Undead Vulture|Foul Play|p1a: Trevenant\n|-supereffective|p1a: Trevenant\n|-damage|p1a: Trevenant|75\/100\n|move|p1a: Trevenant|Horn Leech|p2a: Undead Vulture\n|-resisted|p2a: Undead Vulture\n|-damage|p2a: Undead Vulture|61\/100 brn\n|-heal|p1a: Trevenant|79\/100|[from] drain|[of] p2a: Undead Vulture\n|-damage|p1a: Trevenant|63\/100|[from] item: Rocky Helmet|[of] p2a: Undead Vulture\n|\n|-damage|p2a: Undead Vulture|55\/100 brn|[from] brn\n|-item|p1a: Trevenant|Lum Berry|[from] ability: Harvest\n|upkeep\n|turn|13\n|\n|t:|1700438267\n|move|p2a: Undead Vulture|Foul Play|p1a: Trevenant\n|-supereffective|p1a: Trevenant\n|-damage|p1a: Trevenant|34\/100\n|move|p1a: Trevenant|Rest|p1a: Trevenant\n|-status|p1a: Trevenant|slp|[from] move: Rest\n|-enditem|p1a: Trevenant|Lum Berry|[eat]\n|-curestatus|p1a: Trevenant|slp|[msg]\n|-heal|p1a: Trevenant|100\/100|[silent]\n|\n|-damage|p2a: Undead Vulture|48\/100 brn|[from] brn\n|-item|p1a: Trevenant|Lum Berry|[from] ability: Harvest\n|upkeep\n|turn|14\n|c|\u2606It is I Freddy|oh no what...\n|inactive|It is I Freddy has 240 seconds left.\n|\n|t:|1700438283\n|switch|p1a: Tapu Fini|Tapu Fini|94\/100\n|-fieldstart|move: Misty Terrain|[from] ability: Misty Surge|[of] p1a: Tapu Fini\n|move|p2a: Undead Vulture|Roost|p2a: Undead Vulture\n|-heal|p2a: Undead Vulture|99\/100 brn\n|-singleturn|p2a: Undead Vulture|move: Roost\n|\n|-heal|p1a: Tapu Fini|99\/100|[from] item: Leftovers\n|-damage|p2a: Undead Vulture|92\/100 brn|[from] brn\n|upkeep\n|turn|15\n|inactive|It is I Freddy has 240 seconds left.\n|\n|t:|1700438294\n|switch|p2a: Spook|Gengar, F, shiny|100\/100\n|move|p1a: Tapu Fini|Calm Mind|p1a: Tapu Fini\n|-boost|p1a: Tapu Fini|spa|1\n|-boost|p1a: Tapu Fini|spd|1\n|\n|-heal|p1a: Tapu Fini|100\/100|[from] item: Leftovers\n|upkeep\n|turn|16\n|c|\u2606ChillLanturnYT|lum trevenant is insane!\n|\n|t:|1700438309\n|-terastallize|p1a: Tapu Fini|Water\n|move|p2a: Spook|Sludge Bomb|p1a: Tapu Fini\n|-damage|p1a: Tapu Fini|75\/100\n|move|p1a: Tapu Fini|Calm Mind|p1a: Tapu Fini\n|-boost|p1a: Tapu Fini|spa|1\n|-boost|p1a: Tapu Fini|spd|1\n|\n|-heal|p1a: Tapu Fini|81\/100|[from] item: Leftovers\n|upkeep\n|turn|17\n|c|\u2606It is I Freddy|I see\n|\n|t:|1700438320\n|move|p2a: Spook|Energy Ball|p1a: Tapu Fini\n|-supereffective|p1a: Tapu Fini\n|-damage|p1a: Tapu Fini|56\/100\n|move|p1a: Tapu Fini|Scald|p2a: Spook\n|-damage|p2a: Spook|0 fnt\n|faint|p2a: Spook\n|\n|-heal|p1a: Tapu Fini|62\/100|[from] item: Leftovers\n|upkeep\n|\n|t:|1700438329\n|switch|p2a: Candy Apple|Dipplin, M|100\/100\n|turn|18\n|\n|t:|1700438341\n|-terastallize|p2a: Candy Apple|Fire\n|move|p1a: Tapu Fini|Dazzling Gleam|p2a: Candy Apple\n|-resisted|p2a: Candy Apple\n|-damage|p2a: Candy Apple|77\/100\n|move|p2a: Candy Apple|Giga Drain|p1a: Tapu Fini\n|-supereffective|p1a: Tapu Fini\n|-damage|p1a: Tapu Fini|37\/100\n|-heal|p2a: Candy Apple|89\/100|[from] drain|[of] p1a: Tapu Fini\n|\n|-heal|p1a: Tapu Fini|44\/100|[from] item: Leftovers\n|-fieldend|Misty Terrain\n|upkeep\n|turn|19\n|c|\u2606It is I Freddy|yeah thats gg\n|\n|t:|1700438354\n|move|p1a: Tapu Fini|Scald|p2a: Candy Apple\n|-supereffective|p2a: Candy Apple\n|-damage|p2a: Candy Apple|0 fnt\n|faint|p2a: Candy Apple\n|\n|-heal|p1a: Tapu Fini|50\/100|[from] item: Leftovers\n|upkeep\n|\n|t:|1700438359\n|switch|p2a: Undead Vulture|Mandibuzz, F, shiny|92\/100 brn\n|turn|20\n|c|\u2606ChillLanturnYT|Yh gg :)\n|\n|t:|1700438364\n|move|p1a: Tapu Fini|Dazzling Gleam|p2a: Undead Vulture\n|-supereffective|p2a: Undead Vulture\n|-damage|p2a: Undead Vulture|0 fnt\n|faint|p2a: Undead Vulture\n|\n|win|ChillLanturnYT\n|c|\u2606ChillLanturnYT|Round 2 of 3?\n|c|\u2606ChillLanturnYT|We can swap teams a bit if you want to\n|c|\u2606It is I Freddy|I guess yeah\n","uploadtime":1700438392,"views":7,"p1id":"chilllanturnyt","p2id":"itisifreddy","formatid":"gen9nationaldexubers","rating":0,"private":0,"password":""}