{"id":"gen9nationaldexubers-1985197536","p1":"Samosn","p2":"vptwarrior","format":"[Gen 9] National Dex Ubers","log":"|j|\u2606Samosn\n|j|\u2606vptwarrior\n|t:|1699347137\n|gametype|singles\n|player|p1|Samosn|169|1025\n|player|p2|vptwarrior|swimmer|1022\n|teamsize|p1|6\n|teamsize|p2|6\n|gen|9\n|tier|[Gen 9] National Dex Ubers\n|rated|\n|rule|HP Percentage Mod: HP is shown in percentages\n|rule|Endless Battle Clause: Forcing endless battles is banned\n|rule|OHKO Clause: OHKO moves are banned\n|rule|Evasion Moves Clause: Evasion moves are banned\n|rule|Evasion Items Clause: Evasion items are banned\n|rule|Species Clause: Limit one of each Pok\u00e9mon\n|rule|Sleep Clause Mod: Limit one foe put to sleep\n|rule|Mega Rayquaza Clause: You cannot mega evolve Rayquaza\n|clearpoke\n|poke|p1|Vigoroth, F|\n|poke|p1|Houndstone, M|\n|poke|p1|Dracovish|\n|poke|p1|Volcarona, F|\n|poke|p1|Corviknight, F|\n|poke|p1|Maushold-Four|\n|poke|p2|Ursaluna, M|\n|poke|p2|Sylveon, F|\n|poke|p2|Lopunny, F|\n|poke|p2|Breloom, M|\n|poke|p2|Tsareena, F|\n|poke|p2|Mienshao, F|\n|teampreview\n|\n|t:|1699347148\n|start\n|switch|p1a: Maushold|Maushold-Four|100\/100\n|switch|p2a: Megan|Mienshao, F|100\/100\n|turn|1\n|\n|t:|1699347157\n|move|p2a: Megan|Drain Punch|p1a: Maushold\n|-supereffective|p1a: Maushold\n|-damage|p1a: Maushold|0 fnt\n|faint|p1a: Maushold\n|\n|upkeep\n|\n|t:|1699347162\n|switch|p1a: Dracovish|Dracovish|100\/100\n|turn|2\n|\n|t:|1699347165\n|move|p1a: Dracovish|Fishious Rend|p2a: Megan\n|-damage|p2a: Megan|0 fnt\n|faint|p2a: Megan\n|\n|upkeep\n|\n|t:|1699347169\n|switch|p2a: Alice|Tsareena, F|100\/100\n|turn|3\n|\n|t:|1699347173\n|switch|p1a: Corviknight|Corviknight, F|100\/100\n|move|p2a: Alice|Knock Off|p1a: Corviknight\n|-damage|p1a: Corviknight|76\/100\n|-enditem|p1a: Corviknight|Leftovers|[from] move: Knock Off|[of] p2a: Alice\n|\n|upkeep\n|turn|4\n|\n|t:|1699347180\n|switch|p2a: Moonshine|Ursaluna, M|100\/100\n|move|p1a: Corviknight|Reflect|p1a: Corviknight\n|-sidestart|p1: Samosn|Reflect\n|\n|upkeep\n|turn|5\n|\n|t:|1699347187\n|switch|p1a: Volcarona|Volcarona, F|100\/100\n|move|p2a: Moonshine|Bulk Up|p2a: Moonshine\n|-boost|p2a: Moonshine|atk|1\n|-boost|p2a: Moonshine|def|1\n|\n|upkeep\n|turn|6\n|\n|t:|1699347195\n|move|p1a: Volcarona|Quiver Dance|p1a: Volcarona\n|-boost|p1a: Volcarona|spa|1\n|-boost|p1a: Volcarona|spd|1\n|-boost|p1a: Volcarona|spe|1\n|move|p2a: Moonshine|Earthquake|p1a: Volcarona\n|-damage|p1a: Volcarona|35\/100\n|\n|-heal|p1a: Volcarona|41\/100|[from] item: Leftovers\n|upkeep\n|turn|7\n|\n|t:|1699347206\n|move|p1a: Volcarona|Flamethrower|p2a: Moonshine\n|-damage|p2a: Moonshine|32\/100\n|move|p2a: Moonshine|Earthquake|p1a: Volcarona\n|-damage|p1a: Volcarona|0 fnt\n|faint|p1a: Volcarona\n|\n|-heal|p2a: Moonshine|39\/100|[from] item: Leftovers\n|upkeep\n|\n|t:|1699347216\n|switch|p1a: Vigoroth|Vigoroth, F|100\/100\n|turn|8\n|\n|t:|1699347221\n|move|p1a: Vigoroth|Bulk Up|p1a: Vigoroth\n|-boost|p1a: Vigoroth|atk|1\n|-boost|p1a: Vigoroth|def|1\n|move|p2a: Moonshine|Body Slam|p1a: Vigoroth\n|-damage|p1a: Vigoroth|83\/100\n|-status|p1a: Vigoroth|par\n|\n|-heal|p2a: Moonshine|45\/100|[from] item: Leftovers\n|-sideend|p1: Samosn|Reflect\n|upkeep\n|turn|9\n|\n|t:|1699347231\n|move|p2a: Moonshine|Bulk Up|p2a: Moonshine\n|-boost|p2a: Moonshine|atk|1\n|-boost|p2a: Moonshine|def|1\n|cant|p1a: Vigoroth|par\n|\n|-heal|p2a: Moonshine|51\/100|[from] item: Leftovers\n|upkeep\n|turn|10\n|\n|t:|1699347239\n|move|p2a: Moonshine|Earthquake|p1a: Vigoroth\n|-damage|p1a: Vigoroth|26\/100 par\n|move|p1a: Vigoroth|Earthquake|p2a: Moonshine\n|-damage|p2a: Moonshine|37\/100\n|\n|-heal|p2a: Moonshine|43\/100|[from] item: Leftovers\n|upkeep\n|turn|11\n|\n|t:|1699347247\n|move|p2a: Moonshine|Earthquake|p1a: Vigoroth\n|-damage|p1a: Vigoroth|0 fnt\n|faint|p1a: Vigoroth\n|\n|-heal|p2a: Moonshine|50\/100|[from] item: Leftovers\n|upkeep\n|\n|t:|1699347253\n|switch|p1a: Corviknight|Corviknight, F|76\/100\n|turn|12\n|\n|t:|1699347256\n|move|p1a: Corviknight|Reflect|p1a: Corviknight\n|-sidestart|p1: Samosn|Reflect\n|move|p2a: Moonshine|Body Slam|p1a: Corviknight\n|-resisted|p1a: Corviknight\n|-damage|p1a: Corviknight|58\/100\n|-status|p1a: Corviknight|par\n|\n|-heal|p2a: Moonshine|56\/100|[from] item: Leftovers\n|upkeep\n|turn|13\n|\n|t:|1699347268\n|move|p2a: Moonshine|Bulk Up|p2a: Moonshine\n|-boost|p2a: Moonshine|atk|1\n|-boost|p2a: Moonshine|def|1\n|cant|p1a: Corviknight|par\n|\n|-heal|p2a: Moonshine|62\/100|[from] item: Leftovers\n|upkeep\n|turn|14\n|\n|t:|1699347276\n|cant|p1a: Corviknight|par\n|move|p2a: Moonshine|Avalanche|p1a: Corviknight\n|-crit|p1a: Corviknight\n|-damage|p1a: Corviknight|0 fnt\n|faint|p1a: Corviknight\n|\n|-heal|p2a: Moonshine|68\/100|[from] item: Leftovers\n|upkeep\n|\n|t:|1699347285\n|switch|p1a: Dracovish|Dracovish|100\/100\n|turn|15\n|\n|t:|1699347290\n|move|p1a: Dracovish|Fishious Rend|p2a: Moonshine\n|-supereffective|p2a: Moonshine\n|-damage|p2a: Moonshine|32\/100\n|move|p2a: Moonshine|Body Slam|p1a: Dracovish\n|-damage|p1a: Dracovish|27\/100\n|-status|p1a: Dracovish|par\n|\n|-heal|p2a: Moonshine|38\/100|[from] item: Leftovers\n|upkeep\n|turn|16\n|\n|t:|1699347300\n|cant|p1a: Dracovish|par\n|move|p2a: Moonshine|Body Slam|p1a: Dracovish\n|-damage|p1a: Dracovish|0 fnt\n|faint|p1a: Dracovish\n|\n|-heal|p2a: Moonshine|44\/100|[from] item: Leftovers\n|-sideend|p1: Samosn|Reflect\n|upkeep\n|\n|t:|1699347308\n|switch|p1a: Houndstone|Houndstone, M|100\/100\n|turn|17\n|\n|t:|1699347311\n|move|p1a: Houndstone|Last Respects|p2a: Moonshine\n|-immune|p2a: Moonshine\n|move|p2a: Moonshine|Earthquake|p1a: Houndstone\n|-damage|p1a: Houndstone|0 fnt\n|faint|p1a: Houndstone\n|\n|win|vptwarrior\n|raw|Samosn's rating: 1025 &rarr; <strong>1011<\/strong><br \/>(-14 for losing)\n|raw|vptwarrior's rating: 1022 &rarr; <strong>1059<\/strong><br \/>(+37 for winning)\n|l|\u2606Samosn\n","uploadtime":1699347325,"views":9,"p1id":"samosn","p2id":"vptwarrior","formatid":"gen9nationaldexubers","rating":1011,"private":0,"password":""}