{"id":"gen9nationaldexubers-1982912856","p1":"deivide0x18","p2":"2357oh","format":"[Gen 9] National Dex Ubers","log":"|j|\u2606deivide0x18\n|j|\u26062357oh\n|t:|1699057923\n|gametype|singles\n|player|p1|deivide0x18|cynthia-gen4|1142\n|player|p2|2357oh|2|1131\n|teamsize|p1|6\n|teamsize|p2|6\n|gen|9\n|tier|[Gen 9] National Dex Ubers\n|rated|\n|rule|HP Percentage Mod: HP is shown in percentages\n|rule|Endless Battle Clause: Forcing endless battles is banned\n|rule|OHKO Clause: OHKO moves are banned\n|rule|Evasion Moves Clause: Evasion moves are banned\n|rule|Evasion Items Clause: Evasion items are banned\n|rule|Species Clause: Limit one of each Pok\u00e9mon\n|rule|Sleep Clause Mod: Limit one foe put to sleep\n|rule|Mega Rayquaza Clause: You cannot mega evolve Rayquaza\n|clearpoke\n|poke|p1|Zamazenta-*|\n|poke|p1|Rayquaza|\n|poke|p1|Lucario, M|\n|poke|p1|Groudon|\n|poke|p1|Magearna|\n|poke|p1|Kyogre|\n|poke|p2|Weavile, M|\n|poke|p2|Rillaboom, M|\n|poke|p2|Metagross|\n|poke|p2|Dragapult, F|\n|poke|p2|Urshifu-*, M|\n|poke|p2|Volcarona, F|\n|teampreview\n|inactive|Battle timer is ON: inactive players will automatically lose when time's up. (requested by deivide0x18)\n|\n|t:|1699057939\n|start\n|switch|p1a: Groudon|Groudon, shiny|100\/100\n|switch|p2a: Weavile|Weavile, M|100\/100\n|-ability|p2a: Weavile|Pressure\n|detailschange|p1a: Groudon|Groudon-Primal, shiny\n|-primal|p1a: Groudon|Red Orb\n|-weather|DesolateLand|[from] ability: Desolate Land|[of] p1a: Groudon\n|turn|1\n|\n|t:|1699057948\n|move|p2a: Weavile|Night Slash|p1a: Groudon\n|-damage|p1a: Groudon|79\/100\n|move|p1a: Groudon|Stealth Rock|p2a: Weavile\n|-sidestart|p2: 2357oh|move: Stealth Rock\n|\n|-weather|DesolateLand|[upkeep]\n|upkeep\n|turn|2\n|\n|t:|1699057959\n|move|p2a: Weavile|Night Slash|p1a: Groudon\n|-crit|p1a: Groudon\n|-damage|p1a: Groudon|44\/100\n|move|p1a: Groudon|Eruption|p2a: Weavile\n|-supereffective|p2a: Weavile\n|-damage|p2a: Weavile|0 fnt\n|faint|p2a: Weavile\n|\n|-weather|DesolateLand|[upkeep]\n|upkeep\n|\n|t:|1699057971\n|switch|p2a: Dragapult|Dragapult, F|100\/100\n|-damage|p2a: Dragapult|88\/100|[from] Stealth Rock\n|turn|3\n|\n|t:|1699057980\n|move|p2a: Dragapult|Sucker Punch|p1a: Groudon\n|-damage|p1a: Groudon|20\/100\n|-damage|p2a: Dragapult|78\/100|[from] item: Life Orb\n|move|p1a: Groudon|Eruption|p2a: Dragapult\n|-resisted|p2a: Dragapult\n|-damage|p2a: Dragapult|64\/100\n|\n|-weather|DesolateLand|[upkeep]\n|upkeep\n|turn|4\n|\n|t:|1699057991\n|move|p2a: Dragapult|Sucker Punch|p1a: Groudon\n|-damage|p1a: Groudon|0 fnt\n|faint|p1a: Groudon\n|-weather|none\n|-damage|p2a: Dragapult|54\/100|[from] item: Life Orb\n|\n|upkeep\n|\n|t:|1699057998\n|switch|p1a: Magearna|Magearna|100\/100\n|turn|5\n|\n|t:|1699058005\n|move|p2a: Dragapult|Phantom Force||[still]\n|-prepare|p2a: Dragapult|Phantom Force\n|move|p1a: Magearna|Ice Beam|p2a: Dragapult|[miss]\n|-miss|p1a: Magearna|p2a: Dragapult\n|\n|upkeep\n|turn|6\n|\n|t:|1699058013\n|move|p2a: Dragapult|Phantom Force|p1a: Magearna|[from]lockedmove\n|-damage|p1a: Magearna|52\/100\n|-damage|p2a: Dragapult|45\/100|[from] item: Life Orb\n|move|p1a: Magearna|Ice Beam|p2a: Dragapult\n|-supereffective|p2a: Dragapult\n|-damage|p2a: Dragapult|0 fnt\n|faint|p2a: Dragapult\n|-ability|p1a: Magearna|Soul-Heart|boost\n|-boost|p1a: Magearna|spa|1\n|\n|upkeep\n|\n|t:|1699058026\n|switch|p2a: Metagross|Metagross|100\/100\n|-damage|p2a: Metagross|95\/100|[from] Stealth Rock\n|turn|7\n|\n|t:|1699058032\n|detailschange|p2a: Metagross|Metagross-Mega\n|-mega|p2a: Metagross|Metagross|Metagrossite\n|move|p2a: Metagross|Earthquake|p1a: Magearna\n|-supereffective|p1a: Magearna\n|-damage|p1a: Magearna|0 fnt\n|faint|p1a: Magearna\n|\n|upkeep\n|\n|t:|1699058038\n|switch|p1a: Lucario|Lucario, M, shiny|100\/100\n|turn|8\n|\n|t:|1699058044\n|detailschange|p1a: Lucario|Lucario-Mega, M, shiny\n|-mega|p1a: Lucario|Lucario|Lucarionite\n|move|p1a: Lucario|Close Combat|p2a: Metagross\n|-damage|p2a: Metagross|24\/100\n|-unboost|p1a: Lucario|def|1\n|-unboost|p1a: Lucario|spd|1\n|move|p2a: Metagross|Earthquake|p1a: Lucario\n|-supereffective|p1a: Lucario\n|-damage|p1a: Lucario|0 fnt\n|faint|p1a: Lucario\n|\n|upkeep\n|\n|t:|1699058051\n|switch|p1a: Zamazenta|Zamazenta-Crowned, shiny|100\/100\n|-ability|p1a: Zamazenta|Dauntless Shield|boost\n|-boost|p1a: Zamazenta|def|1\n|turn|9\n|\n|t:|1699058055\n|move|p1a: Zamazenta|Close Combat|p2a: Metagross\n|-damage|p2a: Metagross|0 fnt\n|-unboost|p1a: Zamazenta|def|1\n|-unboost|p1a: Zamazenta|spd|1\n|faint|p2a: Metagross\n|\n|upkeep\n|\n|t:|1699058058\n|switch|p2a: Volcarona|Volcarona, F|100\/100\n|turn|10\n|\n|t:|1699058071\n|move|p1a: Zamazenta|Behemoth Bash|p2a: Volcarona\n|-resisted|p2a: Volcarona\n|-crit|p2a: Volcarona\n|-damage|p2a: Volcarona|43\/100\n|move|p2a: Volcarona|Quiver Dance|p2a: Volcarona\n|-boost|p2a: Volcarona|spa|1\n|-boost|p2a: Volcarona|spd|1\n|-boost|p2a: Volcarona|spe|1\n|\n|upkeep\n|turn|11\n|\n|t:|1699058084\n|move|p2a: Volcarona|Fiery Dance|p1a: Zamazenta\n|-supereffective|p1a: Zamazenta\n|-crit|p1a: Zamazenta\n|-damage|p1a: Zamazenta|0 fnt\n|-boost|p2a: Volcarona|spa|1\n|faint|p1a: Zamazenta\n|\n|upkeep\n|\n|t:|1699058088\n|switch|p1a: Kyogre|Kyogre|100\/100\n|detailschange|p1a: Kyogre|Kyogre-Primal\n|-primal|p1a: Kyogre|Blue Orb\n|-weather|PrimordialSea|[from] ability: Primordial Sea|[of] p1a: Kyogre\n|turn|12\n|\n|t:|1699058099\n|-terastallize|p2a: Volcarona|Grass\n|move|p2a: Volcarona|Giga Drain|p1a: Kyogre\n|-supereffective|p1a: Kyogre\n|-damage|p1a: Kyogre|0 fnt\n|-heal|p2a: Volcarona|98\/100|[from] drain|[of] p1a: Kyogre\n|faint|p1a: Kyogre\n|-weather|none\n|\n|upkeep\n|\n|t:|1699058104\n|switch|p1a: Rayquaza|Rayquaza, shiny|100\/100\n|-ability|p1a: Rayquaza|Air Lock\n|turn|13\n|\n|t:|1699058109\n|move|p2a: Volcarona|Fiery Dance|p1a: Rayquaza\n|-resisted|p1a: Rayquaza\n|-damage|p1a: Rayquaza|48\/100\n|-boost|p2a: Volcarona|spa|1\n|move|p1a: Rayquaza|Dragon Ascent|p2a: Volcarona\n|-supereffective|p2a: Volcarona\n|-damage|p2a: Volcarona|0 fnt\n|-unboost|p1a: Rayquaza|def|1\n|-unboost|p1a: Rayquaza|spd|1\n|faint|p2a: Volcarona\n|\n|upkeep\n|\n|t:|1699058118\n|switch|p2a: Urshifu|Urshifu-Rapid-Strike, M|100\/100\n|-damage|p2a: Urshifu|94\/100|[from] Stealth Rock\n|turn|14\n|\n|t:|1699058125\n|move|p2a: Urshifu|Ice Spinner|p1a: Rayquaza\n|-supereffective|p1a: Rayquaza\n|-damage|p1a: Rayquaza|0 fnt\n|faint|p1a: Rayquaza\n|\n|win|2357oh\n|raw|deivide0x18's rating: 1142 &rarr; <strong>1116<\/strong><br \/>(-26 for losing)\n|raw|2357oh's rating: 1131 &rarr; <strong>1157<\/strong><br \/>(+26 for winning)\n|l|\u2606deivide0x18\n","uploadtime":1699058132,"views":3,"p1id":"deivide0x18","p2id":"2357oh","formatid":"gen9nationaldexubers","rating":1116,"private":0,"password":""}