{"id":"gen9nationaldexubers-1988793072","p1":"vuvu42","p2":"Squire_Twang87","format":"[Gen 9] National Dex Ubers","log":"|j|\u2606vuvu42\n|j|\u2606Squire_Twang87\n|t:|1699763942\n|gametype|singles\n|player|p1|vuvu42|byron|\n|player|p2|Squire_Twang87|102|\n|teamsize|p1|6\n|teamsize|p2|6\n|gen|9\n|tier|[Gen 9] National Dex Ubers\n|rule|HP Percentage Mod: HP is shown in percentages\n|rule|Endless Battle Clause: Forcing endless battles is banned\n|rule|OHKO Clause: OHKO moves are banned\n|rule|Evasion Moves Clause: Evasion moves are banned\n|rule|Evasion Items Clause: Evasion items are banned\n|rule|Species Clause: Limit one of each Pok\u00e9mon\n|rule|Sleep Clause Mod: Limit one foe put to sleep\n|rule|Mega Rayquaza Clause: You cannot mega evolve Rayquaza\n|clearpoke\n|poke|p1|Charizard, M|\n|poke|p1|Great Tusk|\n|poke|p1|Slowbro, F|\n|poke|p1|Gholdengo|\n|poke|p1|Serperior, F|\n|poke|p1|Weavile, M|\n|poke|p2|Lopunny, F|\n|poke|p2|Enamorus-Therian, F|\n|poke|p2|Toxapex, F|\n|poke|p2|Rotom-Wash|\n|poke|p2|Grimmsnarl, M|\n|poke|p2|Nidoqueen, F|\n|teampreview\n|j| dunsparcedingo\n|j| raynee22\n|c| raynee22|first\n|c|\u2606Squire_Twang87|8th\n|\n|t:|1699764035\n|start\n|switch|p1a: serple haze|Serperior, F|100\/100\n|switch|p2a: Jaws|Grimmsnarl, M|100\/100\n|turn|1\n|\n|t:|1699764048\n|move|p2a: Jaws|Reflect|p2a: Jaws\n|-sidestart|p2: Squire_Twang87|Reflect\n|move|p1a: serple haze|Substitute|p1a: serple haze\n|-start|p1a: serple haze|Substitute\n|-damage|p1a: serple haze|76\/100\n|\n|-heal|p1a: serple haze|82\/100|[from] item: Leftovers\n|upkeep\n|turn|2\n|\n|t:|1699764059\n|move|p2a: Jaws|Light Screen|p2a: Jaws\n|-sidestart|p2: Squire_Twang87|move: Light Screen\n|move|p1a: serple haze|Leech Seed|p2a: Jaws\n|-start|p2a: Jaws|move: Leech Seed\n|\n|-heal|p1a: serple haze|88\/100|[from] item: Leftovers\n|-damage|p2a: Jaws|88\/100|[from] Leech Seed|[of] p1a: serple haze\n|-heal|p1a: serple haze|100\/100|[silent]\n|upkeep\n|turn|3\n|\n|t:|1699764070\n|move|p1a: serple haze|Glare|p2a: Jaws\n|-status|p2a: Jaws|par\n|move|p2a: Jaws|Spirit Break|p1a: serple haze\n|-end|p1a: serple haze|Substitute\n|\n|-damage|p2a: Jaws|76\/100 par|[from] Leech Seed|[of] p1a: serple haze\n|upkeep\n|turn|4\n|\n|t:|1699764081\n|move|p2a: Jaws|Parting Shot|p1a: serple haze\n|-boost|p1a: serple haze|atk|1\n|-boost|p1a: serple haze|spa|1\n|j| TheRicoSuave\n|\n|t:|1699764119\n|switch|p2a: Clayton|Toxapex, F|100\/100|[from] Parting Shot\n|move|p1a: serple haze|Substitute|p1a: serple haze\n|-start|p1a: serple haze|Substitute\n|-damage|p1a: serple haze|76\/100\n|\n|-heal|p1a: serple haze|82\/100|[from] item: Leftovers\n|upkeep\n|turn|5\n|\n|t:|1699764129\n|move|p2a: Clayton|Baneful Bunker|p2a: Clayton\n|-singleturn|p2a: Clayton|move: Protect\n|move|p1a: serple haze|Leech Seed|p2a: Clayton\n|-activate|p2a: Clayton|move: Protect\n|\n|-heal|p1a: serple haze|88\/100|[from] item: Leftovers\n|upkeep\n|turn|6\n|\n|t:|1699764148\n|move|p1a: serple haze|Leech Seed|p2a: Clayton\n|-start|p2a: Clayton|move: Leech Seed\n|move|p2a: Clayton|Sludge Wave|p1a: serple haze\n|-supereffective|p1a: serple haze\n|-end|p1a: serple haze|Substitute\n|\n|-heal|p1a: serple haze|94\/100|[from] item: Leftovers\n|-damage|p2a: Clayton|88\/100|[from] Leech Seed|[of] p1a: serple haze\n|-heal|p1a: serple haze|100\/100|[silent]\n|upkeep\n|turn|7\n|\n|t:|1699764169\n|switch|p1a: runescape|Gholdengo|100\/100\n|move|p2a: Clayton|Sludge Wave|p1a: runescape\n|-immune|p1a: runescape\n|\n|-heal|p2a: Clayton|94\/100|[from] item: Leftovers\n|-damage|p2a: Clayton|82\/100|[from] Leech Seed|[of] p1a: runescape\n|upkeep\n|turn|8\n|\n|t:|1699764216\n|switch|p2a: E-Slur|Enamorus-Therian, F|100\/100\n|move|p1a: runescape|Nasty Plot|p1a: runescape\n|-boost|p1a: runescape|spa|2\n|\n|-sideend|p2: Squire_Twang87|Reflect\n|upkeep\n|turn|9\n|\n|t:|1699764224\n|-terastallize|p2a: E-Slur|Steel\n|move|p1a: runescape|Make It Rain|p2a: E-Slur\n|-resisted|p2a: E-Slur\n|-damage|p2a: E-Slur|77\/100\n|-unboost|p1a: runescape|spa|1\n|move|p2a: E-Slur|Tera Blast|p1a: runescape|[anim] Tera Blast Steel\n|-resisted|p1a: runescape\n|-damage|p1a: runescape|83\/100\n|\n|-heal|p1a: runescape|89\/100|[from] item: Leftovers\n|-heal|p2a: E-Slur|83\/100|[from] item: Leftovers\n|-sideend|p2: Squire_Twang87|move: Light Screen\n|upkeep\n|turn|10\n|\n|t:|1699764242\n|move|p1a: runescape|Nasty Plot|p1a: runescape\n|-boost|p1a: runescape|spa|2\n|move|p2a: E-Slur|Moonblast|p1a: runescape\n|-resisted|p1a: runescape\n|-damage|p1a: runescape|69\/100\n|\n|-heal|p1a: runescape|75\/100|[from] item: Leftovers\n|-heal|p2a: E-Slur|89\/100|[from] item: Leftovers\n|upkeep\n|turn|11\n|\n|t:|1699764262\n|move|p1a: runescape|Nasty Plot|p1a: runescape\n|-boost|p1a: runescape|spa|2\n|move|p2a: E-Slur|Tera Blast|p1a: runescape|[anim] Tera Blast Steel\n|-resisted|p1a: runescape\n|-damage|p1a: runescape|57\/100\n|\n|-heal|p1a: runescape|63\/100|[from] item: Leftovers\n|-heal|p2a: E-Slur|95\/100|[from] item: Leftovers\n|upkeep\n|turn|12\n|\n|t:|1699764285\n|move|p1a: runescape|Nasty Plot|p1a: runescape\n|-boost|p1a: runescape|spa|1\n|move|p2a: E-Slur|Moonblast|p1a: runescape\n|-resisted|p1a: runescape\n|-damage|p1a: runescape|42\/100\n|-unboost|p1a: runescape|spa|1\n|\n|-heal|p1a: runescape|48\/100|[from] item: Leftovers\n|-heal|p2a: E-Slur|100\/100|[from] item: Leftovers\n|upkeep\n|turn|13\n|\n|t:|1699764305\n|move|p1a: runescape|Recover|p1a: runescape\n|-heal|p1a: runescape|98\/100\n|move|p2a: E-Slur|Substitute|p2a: E-Slur\n|-start|p2a: E-Slur|Substitute\n|-damage|p2a: E-Slur|76\/100\n|\n|-heal|p1a: runescape|100\/100|[from] item: Leftovers\n|-heal|p2a: E-Slur|82\/100|[from] item: Leftovers\n|upkeep\n|turn|14\n|\n|t:|1699764313\n|move|p1a: runescape|Shadow Ball|p2a: E-Slur\n|-end|p2a: E-Slur|Substitute\n|move|p2a: E-Slur|Moonblast|p1a: runescape\n|-resisted|p1a: runescape\n|-damage|p1a: runescape|82\/100\n|\n|-heal|p1a: runescape|88\/100|[from] item: Leftovers\n|-heal|p2a: E-Slur|88\/100|[from] item: Leftovers\n|upkeep\n|turn|15\n|\n|t:|1699764354\n|move|p1a: runescape|Shadow Ball|p2a: E-Slur\n|-damage|p2a: E-Slur|0 fnt\n|faint|p2a: E-Slur\n|\n|-heal|p1a: runescape|94\/100|[from] item: Leftovers\n|upkeep\n|\n|t:|1699764397\n|switch|p2a: Lofunny|Lopunny, F|100\/100\n|turn|16\n|\n|t:|1699764412\n|detailschange|p2a: Lofunny|Lopunny-Mega, F\n|-mega|p2a: Lofunny|Lopunny|Lopunnite\n|-terastallize|p1a: runescape|Water\n|move|p2a: Lofunny|Close Combat|p1a: runescape\n|-damage|p1a: runescape|36\/100\n|-unboost|p2a: Lofunny|def|1\n|-unboost|p2a: Lofunny|spd|1\n|move|p1a: runescape|Make It Rain|p2a: Lofunny\n|-damage|p2a: Lofunny|0 fnt\n|-unboost|p1a: runescape|spa|1\n|faint|p2a: Lofunny\n|\n|-heal|p1a: runescape|42\/100|[from] item: Leftovers\n|upkeep\n|\n|t:|1699764426\n|switch|p2a: Washing Machine|Rotom-Wash|100\/100\n|turn|17\n|\n|t:|1699764431\n|switch|p1a: serple haze|Serperior, F|100\/100\n|move|p2a: Washing Machine|Hydro Pump|p1a: serple haze\n|-resisted|p1a: serple haze\n|-damage|p1a: serple haze|56\/100\n|\n|-heal|p1a: serple haze|62\/100|[from] item: Leftovers\n|upkeep\n|turn|18\n|\n|t:|1699764443\n|switch|p2a: Clayton|Toxapex, F|100\/100\n|move|p1a: serple haze|Glare|p2a: Clayton\n|-status|p2a: Clayton|par\n|\n|-heal|p1a: serple haze|68\/100|[from] item: Leftovers\n|upkeep\n|turn|19\n|\n|t:|1699764461\n|switch|p1a: runescape|Gholdengo, tera:Water|42\/100\n|move|p2a: Clayton|Toxic|p1a: runescape\n|-immune|p1a: runescape|[from] ability: Good as Gold\n|\n|-heal|p1a: runescape|48\/100|[from] item: Leftovers\n|upkeep\n|turn|20\n|\n|t:|1699764484\n|switch|p2a: Washing Machine|Rotom-Wash|100\/100\n|move|p1a: runescape|Recover|p1a: runescape\n|-heal|p1a: runescape|98\/100\n|\n|-heal|p1a: runescape|100\/100|[from] item: Leftovers\n|upkeep\n|turn|21\n|\n|t:|1699764498\n|switch|p1a: serple haze|Serperior, F|68\/100\n|move|p2a: Washing Machine|Thunder|p1a: serple haze\n|-resisted|p1a: serple haze\n|-damage|p1a: serple haze|25\/100\n|-status|p1a: serple haze|par\n|\n|-heal|p1a: serple haze|31\/100 par|[from] item: Leftovers\n|upkeep\n|turn|22\n|\n|t:|1699764509\n|move|p2a: Washing Machine|Thunder|p1a: serple haze|[miss]\n|-miss|p2a: Washing Machine|p1a: serple haze\n|cant|p1a: serple haze|par\n|\n|-heal|p1a: serple haze|37\/100 par|[from] item: Leftovers\n|upkeep\n|turn|23\n|\n|t:|1699764551\n|move|p2a: Washing Machine|Thunder|p1a: serple haze\n|-resisted|p1a: serple haze\n|-crit|p1a: serple haze\n|-damage|p1a: serple haze|0 fnt\n|faint|p1a: serple haze\n|\n|upkeep\n|\n|t:|1699764560\n|switch|p1a: neopets|Charizard, M|100\/100\n|turn|24\n|\n|t:|1699764565\n|detailschange|p1a: neopets|Charizard-Mega-Y, M\n|-mega|p1a: neopets|Charizard|Charizardite Y\n|-weather|SunnyDay|[from] ability: Drought|[of] p1a: neopets\n|move|p1a: neopets|Solar Beam||[still]\n|-prepare|p1a: neopets|Solar Beam\n|-anim|p1a: neopets|Solar Beam|p2a: Washing Machine\n|-supereffective|p2a: Washing Machine\n|-damage|p2a: Washing Machine|0 fnt\n|faint|p2a: Washing Machine\n|\n|-weather|SunnyDay|[upkeep]\n|upkeep\n|\n|t:|1699764575\n|switch|p2a: Delibirds|Nidoqueen, F|100\/100\n|turn|25\n|\n|t:|1699764590\n|move|p1a: neopets|Flamethrower|p2a: Delibirds\n|-damage|p2a: Delibirds|9\/100\n|move|p2a: Delibirds|Ice Beam|p1a: neopets\n|-damage|p1a: neopets|65\/100\n|\n|-weather|SunnyDay|[upkeep]\n|upkeep\n|turn|26\n|\n|t:|1699764603\n|move|p1a: neopets|Flamethrower|p2a: Delibirds\n|-damage|p2a: Delibirds|0 fnt\n|faint|p2a: Delibirds\n|\n|-weather|SunnyDay|[upkeep]\n|upkeep\n|\n|t:|1699764612\n|switch|p2a: Clayton|Toxapex, F|100\/100 par\n|turn|27\n|\n|t:|1699764620\n|switch|p1a: runescape|Gholdengo, tera:Water|100\/100\n|move|p2a: Clayton|Toxic|p1a: runescape\n|-immune|p1a: runescape|[from] ability: Good as Gold\n|\n|-weather|SunnyDay|[upkeep]\n|upkeep\n|turn|28\n|\n|t:|1699764627\n|move|p1a: runescape|Nasty Plot|p1a: runescape\n|-boost|p1a: runescape|spa|2\n|move|p2a: Clayton|Sludge Wave|p1a: runescape\n|-damage|p1a: runescape|85\/100\n|\n|-weather|none\n|-heal|p1a: runescape|91\/100|[from] item: Leftovers\n|upkeep\n|turn|29\n|\n|t:|1699764635\n|move|p1a: runescape|Nasty Plot|p1a: runescape\n|-boost|p1a: runescape|spa|2\n|cant|p2a: Clayton|par\n|\n|-heal|p1a: runescape|97\/100|[from] item: Leftovers\n|upkeep\n|turn|30\n|\n|t:|1699764641\n|move|p1a: runescape|Nasty Plot|p1a: runescape\n|-boost|p1a: runescape|spa|2\n|cant|p2a: Clayton|par\n|\n|-heal|p1a: runescape|100\/100|[from] item: Leftovers\n|upkeep\n|turn|31\n|\n|t:|1699764652\n|move|p1a: runescape|Shadow Ball|p2a: Clayton\n|-damage|p2a: Clayton|0 fnt\n|faint|p2a: Clayton\n|\n|upkeep\n|\n|t:|1699764657\n|switch|p2a: Jaws|Grimmsnarl, M|76\/100 par\n|turn|32\n|\n|t:|1699764674\n|cant|p2a: Jaws|par\n|move|p1a: runescape|Make It Rain|p2a: Jaws\n|-supereffective|p2a: Jaws\n|-damage|p2a: Jaws|0 fnt\n|-unboost|p1a: runescape|spa|1\n|faint|p2a: Jaws\n|\n|win|vuvu42\n","uploadtime":1699764684,"views":7,"p1id":"vuvu42","p2id":"squiretwang87","formatid":"gen9nationaldexubers","rating":0,"private":0,"password":""}