{"id":"gen9nationaldexubers-1992336200","p1":"kirblaster","p2":"UmberEonsEvolved","format":"[Gen 9] National Dex Ubers","log":"|j|\u2606kirblaster\n|j|\u2606UmberEonsEvolved\n|inactive|Battle timer is ON: inactive players will automatically lose when time's up.\n|t:|1700176004\n|gametype|singles\n|player|p1|kirblaster|yellow|\n|player|p2|UmberEonsEvolved|marley|\n|teamsize|p1|6\n|teamsize|p2|6\n|gen|9\n|tier|[Gen 9] National Dex Ubers\n|rated|Tournament battle\n|rule|HP Percentage Mod: HP is shown in percentages\n|rule|Endless Battle Clause: Forcing endless battles is banned\n|rule|OHKO Clause: OHKO moves are banned\n|rule|Evasion Moves Clause: Evasion moves are banned\n|rule|Evasion Items Clause: Evasion items are banned\n|rule|Species Clause: Limit one of each Pok\u00e9mon\n|rule|Sleep Clause Mod: Limit one foe put to sleep\n|rule|Mega Rayquaza Clause: You cannot mega evolve Rayquaza\n|clearpoke\n|poke|p1|Arceus|\n|poke|p1|Kangaskhan, F|\n|poke|p1|Ursaluna-Bloodmoon, M|\n|poke|p1|Chansey, F|\n|poke|p1|Zoroark-Hisui, F|\n|poke|p1|Porygon-Z|\n|poke|p2|Maushold-Four|\n|poke|p2|Cyclizar, M|\n|poke|p2|Ursaluna, M|\n|poke|p2|Ditto|\n|poke|p2|Staraptor, F|\n|poke|p2|Farigiraf, F|\n|teampreview\n|inactive|kirblaster also wants the timer to be on.\n|inactive|UmberEonsEvolved also wants the timer to be on.\n|j| Franko159\n|\n|t:|1700176021\n|start\n|switch|p1a: Kenghis-Khan|Kangaskhan, F|100\/100\n|switch|p2a: Middle Child|Cyclizar, M, shiny|100\/100\n|turn|1\n|\n|t:|1700176035\n|switch|p2a: Bear Grylls|Ursaluna, M|100\/100\n|move|p1a: Kenghis-Khan|Hyper Voice|p2a: Bear Grylls\n|-damage|p2a: Bear Grylls|34\/100\n|\n|-status|p2a: Bear Grylls|brn|[from] item: Flame Orb\n|upkeep\n|turn|2\n|\n|t:|1700176041\n|move|p1a: Kenghis-Khan|Hyper Voice|p2a: Bear Grylls\n|-damage|p2a: Bear Grylls|0 fnt\n|faint|p2a: Bear Grylls\n|\n|upkeep\n|\n|t:|1700176043\n|switch|p2a: Copycat|Ditto|100\/100\n|turn|3\n|c|\u2606kirblaster|oop\n|c|\u2606UmberEonsEvolved|oop\n|\n|t:|1700176063\n|switch|p2a: Chain Chomp|Farigiraf, F, shiny|100\/100\n|move|p1a: Kenghis-Khan|Hyper Voice|p2a: Chain Chomp\n|-crit|p2a: Chain Chomp\n|-damage|p2a: Chain Chomp|0 fnt\n|faint|p2a: Chain Chomp\n|\n|upkeep\n|\n|t:|1700176065\n|switch|p2a: Middle Child|Cyclizar, M, shiny|100\/100\n|turn|4\n|\n|t:|1700176073\n|switch|p1a: Chancy|Chansey, F|100\/100\n|move|p2a: Middle Child|Crunch|p1a: Chancy\n|-damage|p1a: Chancy|64\/100\n|\n|upkeep\n|turn|5\n|\n|t:|1700176077\n|move|p2a: Middle Child|Shed Tail|p2a: Middle Child\n|-start|p2a: Middle Child|Substitute|[from] move: Shed Tail\n|-damage|p2a: Middle Child|50\/100\n|\n|t:|1700176082\n|switch|p2a: La familia|Maushold-Four, shiny|100\/100|[from] Shed Tail\n|move|p1a: Chancy|Thunder Wave||[still]\n|-fail|p1a: Chancy\n|\n|upkeep\n|turn|6\n|\n|t:|1700176085\n|move|p2a: La familia|Population Bomb|p1a: Chancy\n|-damage|p1a: Chancy|48\/100\n|-damage|p1a: Chancy|29\/100\n|-damage|p1a: Chancy|12\/100\n|-damage|p1a: Chancy|0 fnt\n|faint|p1a: Chancy\n|-hitcount|p1: Chancy|4\n|\n|upkeep\n|\n|t:|1700176091\n|switch|p1a: Bud Moon|Ursaluna-Bloodmoon, M|100\/100\n|turn|7\n|\n|t:|1700176096\n|move|p2a: La familia|Population Bomb|p1a: Bud Moon\n|-damage|p1a: Bud Moon|95\/100\n|-damage|p1a: Bud Moon|90\/100\n|-damage|p1a: Bud Moon|84\/100\n|-damage|p1a: Bud Moon|79\/100\n|-damage|p1a: Bud Moon|72\/100\n|-damage|p1a: Bud Moon|67\/100\n|-damage|p1a: Bud Moon|61\/100\n|-damage|p1a: Bud Moon|55\/100\n|-damage|p1a: Bud Moon|49\/100\n|-damage|p1a: Bud Moon|43\/100\n|-hitcount|p1a: Bud Moon|10\n|move|p1a: Bud Moon|Earth Power|p2a: La familia\n|-end|p2a: La familia|Substitute\n|\n|upkeep\n|turn|8\n|\n|t:|1700176101\n|move|p2a: La familia|Population Bomb|p1a: Bud Moon\n|-damage|p1a: Bud Moon|37\/100\n|-damage|p1a: Bud Moon|32\/100\n|-damage|p1a: Bud Moon|27\/100\n|-damage|p1a: Bud Moon|21\/100\n|-damage|p1a: Bud Moon|15\/100\n|-crit|p1a: Bud Moon\n|-damage|p1a: Bud Moon|7\/100\n|-damage|p1a: Bud Moon|1\/100\n|-damage|p1a: Bud Moon|0 fnt\n|faint|p1a: Bud Moon\n|-hitcount|p1: Bud Moon|8\n|\n|upkeep\n|\n|t:|1700176103\n|switch|p1a: Kenghis-Khan|Kangaskhan, F|100\/100\n|turn|9\n|\n|t:|1700176106\n|move|p2a: La familia|Protect|p2a: La familia\n|-singleturn|p2a: La familia|Protect\n|move|p1a: Kenghis-Khan|Flamethrower|p2a: La familia\n|-activate|p2a: La familia|move: Protect\n|\n|upkeep\n|turn|10\n|c|\u2606UmberEonsEvolved|sus\n|c|\u2606kirblaster|i just want the 20% chance to burn yk\n|inactive|UmberEonsEvolved has 120 seconds left.\n|\n|t:|1700176141\n|switch|p1a: Arkoos|Arceus|100\/100\n|move|p2a: La familia|Bite|p1a: Arkoos\n|-damage|p1a: Arkoos|87\/100\n|\n|upkeep\n|turn|11\n|\n|t:|1700176150\n|-terastallize|p1a: Arkoos|Normal\n|move|p1a: Arkoos|Extreme Speed|p2a: La familia\n|-damage|p2a: La familia|0 fnt\n|faint|p2a: La familia\n|\n|upkeep\n|\n|t:|1700176158\n|switch|p2a: Copycat|Ditto|100\/100\n|-transform|p2a: Copycat|p1a: Arkoos|[from] ability: Imposter\n|turn|12\n|\n|t:|1700176171\n|move|p2a: Copycat|Extreme Speed|p1a: Arkoos\n|-damage|p1a: Arkoos|57\/100\n|move|p1a: Arkoos|Extreme Speed|p2a: Copycat\n|-damage|p2a: Copycat|15\/100\n|\n|upkeep\n|turn|13\n|c|\u2606UmberEonsEvolved|zamn\n|\n|t:|1700176189\n|-terastallize|p2a: Copycat|Normal\n|move|p2a: Copycat|Extreme Speed|p1a: Arkoos\n|-crit|p1a: Arkoos\n|-damage|p1a: Arkoos|0 fnt\n|faint|p1a: Arkoos\n|\n|upkeep\n|\n|t:|1700176193\n|switch|p1a: Kenghis-Khan|Kangaskhan, F|100\/100\n|turn|14\n|\n|t:|1700176202\n|switch|p2a: Middle Child|Cyclizar, M, shiny|83\/100\n|move|p1a: Kenghis-Khan|Trick|p2a: Middle Child\n|-activate|p1a: Kenghis-Khan|move: Trick|[of] p2a: Middle Child\n|-item|p2a: Middle Child|Choice Specs|[from] move: Trick\n|-item|p1a: Kenghis-Khan|Expert Belt|[from] move: Trick\n|\n|upkeep\n|turn|15\n|inactive|UmberEonsEvolved has 120 seconds left.\n|inactive|UmberEonsEvolved has 90 seconds left.\n|\n|t:|1700176265\n|move|p2a: Middle Child|Crunch|p1a: Kenghis-Khan\n|-supereffective|p1a: Kenghis-Khan\n|-damage|p1a: Kenghis-Khan|3\/100\n|replace|p1a: Zorarc|Zoroark-Hisui, F\n|-end|p1a: Zorarc|Illusion\n|move|p1a: Zorarc|Hyper Voice|p2a: Middle Child\n|-damage|p2a: Middle Child|4\/100\n|\n|upkeep\n|turn|16\n|\n|t:|1700176269\n|move|p2a: Middle Child|Crunch|p1a: Zorarc\n|-supereffective|p1a: Zorarc\n|-crit|p1a: Zorarc\n|-damage|p1a: Zorarc|0 fnt\n|faint|p1a: Zorarc\n|\n|upkeep\n|\n|t:|1700176271\n|switch|p1a: Kenghis-Khan|Kangaskhan, F|100\/100\n|turn|17\n|\n|t:|1700176274\n|detailschange|p1a: Kenghis-Khan|Kangaskhan-Mega, F\n|-mega|p1a: Kenghis-Khan|Kangaskhan|Kangaskhanite\n|move|p2a: Middle Child|Crunch|p1a: Kenghis-Khan\n|-damage|p1a: Kenghis-Khan|78\/100\n|-unboost|p1a: Kenghis-Khan|def|1\n|move|p1a: Kenghis-Khan|Power-Up Punch|p2a: Middle Child\n|-supereffective|p2a: Middle Child\n|-damage|p2a: Middle Child|0 fnt\n|-boost|p1a: Kenghis-Khan|atk|1\n|faint|p2a: Middle Child\n|-hitcount|p2: Middle Child|1\n|\n|upkeep\n|\n|t:|1700176281\n|switch|p2a: Copycat|Ditto, tera:Normal|15\/100\n|-transform|p2a: Copycat|p1a: Kenghis-Khan|[from] ability: Imposter\n|turn|18\n|inactive|UmberEonsEvolved has 120 seconds left.\n|\n|t:|1700176294\n|move|p2a: Copycat|Power-Up Punch|p1a: Kenghis-Khan\n|-supereffective|p1a: Kenghis-Khan\n|-damage|p1a: Kenghis-Khan|22\/100\n|-boost|p2a: Copycat|atk|1\n|-supereffective|p1a: Kenghis-Khan\n|-damage|p1a: Kenghis-Khan|2\/100\n|-boost|p2a: Copycat|atk|1\n|-hitcount|p1a: Kenghis-Khan|2\n|move|p1a: Kenghis-Khan|Body Slam|p2a: Copycat\n|-crit|p2a: Copycat\n|-damage|p2a: Copycat|0 fnt\n|faint|p2a: Copycat\n|-hitcount|p2: Copycat|1\n|\n|upkeep\n|\n|t:|1700176298\n|switch|p2a: Emo Kiddo|Staraptor, F|100\/100\n|turn|19\n|\n|t:|1700176304\n|move|p2a: Emo Kiddo|U-turn|p1a: Kenghis-Khan\n|-damage|p1a: Kenghis-Khan|0 fnt\n|faint|p1a: Kenghis-Khan\n|\n|upkeep\n|\n|t:|1700176306\n|switch|p1a: Porigone|Porygon-Z|100\/100\n|turn|20\n|\n|t:|1700176310\n|move|p2a: Emo Kiddo|Close Combat|p1a: Porigone\n|-supereffective|p1a: Porigone\n|-damage|p1a: Porigone|0 fnt\n|-unboost|p2a: Emo Kiddo|def|1\n|-unboost|p2a: Emo Kiddo|spd|1\n|faint|p1a: Porigone\n|\n|win|UmberEonsEvolved\n|n|\u2606kirblaster|kirblaster\n|n|\u2606UmberEonsEvolved|umbereonsevolved\n|n| Franko159|franko159\n|c|\u2606UmberEonsEvolved|gg\n","uploadtime":1700176315,"views":11,"p1id":"kirblaster","p2id":"umbereonsevolved","formatid":"gen9nationaldexubers","rating":0,"private":0,"password":""}