{"id":"gen9nationaldexubers-1984063467","p1":"Jam20Jam","p2":"tbor2002","format":"[Gen 9] National Dex Ubers","log":"|j|\u2606Jam20Jam\n|j|\u2606tbor2002\n|t:|1699214886\n|gametype|singles\n|player|p1|Jam20Jam|carmine|\n|player|p2|tbor2002|wattson|\n|teamsize|p1|6\n|teamsize|p2|6\n|gen|9\n|tier|[Gen 9] National Dex Ubers\n|rule|HP Percentage Mod: HP is shown in percentages\n|rule|Endless Battle Clause: Forcing endless battles is banned\n|rule|OHKO Clause: OHKO moves are banned\n|rule|Evasion Moves Clause: Evasion moves are banned\n|rule|Evasion Items Clause: Evasion items are banned\n|rule|Species Clause: Limit one of each Pok\u00e9mon\n|rule|Sleep Clause Mod: Limit one foe put to sleep\n|rule|Mega Rayquaza Clause: You cannot mega evolve Rayquaza\n|clearpoke\n|poke|p1|Amoonguss, F|\n|poke|p1|Skeledirge, F|\n|poke|p1|Cetitan, M|\n|poke|p1|Coalossal, F|\n|poke|p1|Flapple, F|\n|poke|p1|Grimer-Alola, F|\n|poke|p2|Walking Wake|\n|poke|p2|Muk-Alola, F|\n|poke|p2|Jolteon, F|\n|poke|p2|Toxicroak, F|\n|poke|p2|Falinks|\n|poke|p2|Glimmet, F|\n|teampreview\n|\n|t:|1699214889\n|start\n|switch|p1a: Amoonguss|Amoonguss, F|100\/100\n|switch|p2a: Glimmet|Glimmet, F|100\/100\n|turn|1\n|\n|t:|1699214901\n|move|p2a: Glimmet|Stealth Rock|p1a: Amoonguss\n|-sidestart|p1: Jam20Jam|move: Stealth Rock\n|move|p1a: Amoonguss|Spore|p2a: Glimmet\n|-status|p2a: Glimmet|slp|[from] move: Spore\n|\n|upkeep\n|turn|2\n|\n|t:|1699214914\n|switch|p1a: Skeledirge|Skeledirge, F|100\/100\n|-damage|p1a: Skeledirge|75\/100|[from] Stealth Rock\n|cant|p2a: Glimmet|slp\n|\n|upkeep\n|turn|3\n|\n|t:|1699214943\n|switch|p2a: Muk|Muk-Alola, F|100\/100\n|move|p1a: Skeledirge|Torch Song|p2a: Muk\n|-damage|p2a: Muk|84\/100\n|-boost|p1a: Skeledirge|spa|1\n|\n|upkeep\n|turn|4\n|\n|t:|1699214956\n|switch|p1a: Grimer|Grimer-Alola, F|100\/100\n|-damage|p1a: Grimer|88\/100|[from] Stealth Rock\n|move|p2a: Muk|Knock Off|p1a: Grimer\n|-resisted|p1a: Grimer\n|-damage|p1a: Grimer|70\/100\n|-enditem|p1a: Grimer|Eviolite|[from] move: Knock Off|[of] p2a: Muk\n|\n|upkeep\n|turn|5\n|\n|t:|1699214966\n|switch|p2a: Glimmet|Glimmet, F|100\/100 slp\n|move|p1a: Grimer|Knock Off|p2a: Glimmet\n|-enditem|p2a: Glimmet|Focus Sash\n|-damage|p2a: Glimmet|1\/100 slp\n|-activate|p2a: Glimmet|ability: Toxic Debris\n|-sidestart|p1: Jam20Jam|move: Toxic Spikes\n|\n|upkeep\n|turn|6\n|\n|t:|1699214978\n|switch|p1a: Amoonguss|Amoonguss, F|100\/100\n|-damage|p1a: Amoonguss|88\/100|[from] Stealth Rock\n|-sideend|p1: Jam20Jam|move: Toxic Spikes|[of] p1a: Amoonguss\n|cant|p2a: Glimmet|slp\n|\n|-heal|p1a: Amoonguss|94\/100|[from] item: Leftovers\n|upkeep\n|turn|7\n|\n|t:|1699214991\n|switch|p1a: Cetitan|Cetitan, M|100\/100\n|-damage|p1a: Cetitan|76\/100|[from] Stealth Rock\n|cant|p2a: Glimmet|slp\n|\n|upkeep\n|turn|8\n|\n|t:|1699215000\n|switch|p2a: Muk|Muk-Alola, F|84\/100\n|move|p1a: Cetitan|Belly Drum|p1a: Cetitan\n|-damage|p1a: Cetitan|26\/100\n|-setboost|p1a: Cetitan|atk|6|[from] move: Belly Drum\n|\n|upkeep\n|turn|9\n|\n|t:|1699215019\n|-terastallize|p1a: Cetitan|Ice\n|move|p1a: Cetitan|Ice Shard|p2a: Muk\n|-damage|p2a: Muk|0 fnt\n|faint|p2a: Muk\n|\n|upkeep\n|\n|t:|1699215034\n|switch|p2a: Toxicroak|Toxicroak, F|100\/100\n|turn|10\n|\n|t:|1699215052\n|move|p2a: Toxicroak|Sucker Punch|p1a: Cetitan\n|-damage|p1a: Cetitan|0 fnt\n|faint|p1a: Cetitan\n|-damage|p2a: Toxicroak|91\/100|[from] item: Life Orb\n|\n|upkeep\n|\n|t:|1699215060\n|switch|p1a: Coalossal|Coalossal, F|100\/100\n|-damage|p1a: Coalossal|76\/100|[from] Stealth Rock\n|turn|11\n|\n|t:|1699215065\n|move|p2a: Toxicroak|Close Combat|p1a: Coalossal\n|-supereffective|p1a: Coalossal\n|-damage|p1a: Coalossal|0 fnt\n|-unboost|p2a: Toxicroak|def|1\n|-unboost|p2a: Toxicroak|spd|1\n|faint|p1a: Coalossal\n|-damage|p2a: Toxicroak|81\/100|[from] item: Life Orb\n|\n|upkeep\n|\n|t:|1699215106\n|switch|p1a: Amoonguss|Amoonguss, F|100\/100\n|-damage|p1a: Amoonguss|88\/100|[from] Stealth Rock\n|turn|12\n|\n|t:|1699215115\n|move|p2a: Toxicroak|Gunk Shot|p1a: Amoonguss|[miss]\n|-miss|p2a: Toxicroak|p1a: Amoonguss\n|move|p1a: Amoonguss|Toxic|p2a: Toxicroak\n|-immune|p2a: Toxicroak\n|\n|-heal|p1a: Amoonguss|94\/100|[from] item: Leftovers\n|upkeep\n|turn|13\n|\n|t:|1699215126\n|move|p2a: Toxicroak|Gunk Shot|p1a: Amoonguss\n|-damage|p1a: Amoonguss|23\/100\n|-damage|p2a: Toxicroak|71\/100|[from] item: Life Orb\n|move|p1a: Amoonguss|Stomping Tantrum|p2a: Toxicroak\n|-supereffective|p2a: Toxicroak\n|-damage|p2a: Toxicroak|0 fnt\n|faint|p2a: Toxicroak\n|\n|-heal|p1a: Amoonguss|29\/100|[from] item: Leftovers\n|upkeep\n|\n|t:|1699215141\n|switch|p2a: Glimmet|Glimmet, F|1\/100 slp\n|turn|14\n|\n|t:|1699215153\n|switch|p1a: Flapple|Flapple, F|100\/100\n|-damage|p1a: Flapple|88\/100|[from] Stealth Rock\n|-curestatus|p2a: Glimmet|slp|[msg]\n|move|p2a: Glimmet|Spikes|p1a: Flapple\n|-sidestart|p1: Jam20Jam|Spikes\n|\n|upkeep\n|turn|15\n|\n|t:|1699215169\n|move|p1a: Flapple|Grav Apple|p2a: Glimmet|[miss]\n|-miss|p1a: Flapple|p2a: Glimmet\n|move|p2a: Glimmet|Sunny Day|p2a: Glimmet\n|-weather|SunnyDay\n|\n|-weather|SunnyDay|[upkeep]\n|upkeep\n|turn|16\n|\n|t:|1699215175\n|move|p1a: Flapple|Grav Apple|p2a: Glimmet\n|-damage|p2a: Glimmet|0 fnt\n|-activate|p2a: Glimmet|ability: Toxic Debris\n|-sidestart|p1: Jam20Jam|move: Toxic Spikes\n|faint|p2a: Glimmet\n|\n|-weather|SunnyDay|[upkeep]\n|upkeep\n|\n|t:|1699215194\n|switch|p2a: Walking Wake|Walking Wake|100\/100\n|-activate|p2a: Walking Wake|ability: Protosynthesis\n|-start|p2a: Walking Wake|protosynthesisspe\n|turn|17\n|\n|t:|1699215222\n|switch|p1a: Amoonguss|Amoonguss, F|63\/100\n|-damage|p1a: Amoonguss|50\/100|[from] Stealth Rock\n|-damage|p1a: Amoonguss|38\/100|[from] Spikes\n|-sideend|p1: Jam20Jam|move: Toxic Spikes|[of] p1a: Amoonguss\n|-terastallize|p2a: Walking Wake|Water\n|move|p2a: Walking Wake|Hydro Steam|p1a: Amoonguss\n|-resisted|p1a: Amoonguss\n|-damage|p1a: Amoonguss|0 fnt\n|faint|p1a: Amoonguss\n|\n|-weather|SunnyDay|[upkeep]\n|upkeep\n|\n|t:|1699215242\n|switch|p1a: Flapple|Flapple, F|88\/100\n|-damage|p1a: Flapple|76\/100|[from] Stealth Rock\n|-damage|p1a: Flapple|63\/100|[from] Spikes\n|turn|18\n|\n|t:|1699215250\n|move|p2a: Walking Wake|Hydro Steam|p1a: Flapple\n|-resisted|p1a: Flapple\n|-damage|p1a: Flapple|4\/100\n|move|p1a: Flapple|Grav Apple|p2a: Walking Wake\n|-supereffective|p2a: Walking Wake\n|-damage|p2a: Walking Wake|0 fnt\n|faint|p2a: Walking Wake\n|-end|p2a: Walking Wake|Protosynthesis|[silent]\n|\n|-weather|SunnyDay|[upkeep]\n|upkeep\n|\n|t:|1699215261\n|switch|p2a: Jolteon|Jolteon, F|100\/100\n|turn|19\n|\n|t:|1699215284\n|move|p1a: Flapple|Grav Apple|p2a: Jolteon\n|-damage|p2a: Jolteon|0 fnt\n|faint|p2a: Jolteon\n|\n|-weather|none\n|upkeep\n|\n|t:|1699215289\n|switch|p2a: Falinks|Falinks|100\/100\n|turn|20\n|\n|t:|1699215300\n|move|p2a: Falinks|Close Combat|p1a: Flapple\n|-damage|p1a: Flapple|0 fnt\n|-unboost|p2a: Falinks|def|1\n|-unboost|p2a: Falinks|spd|1\n|faint|p1a: Flapple\n|\n|upkeep\n|\n|t:|1699215328\n|switch|p1a: Grimer|Grimer-Alola, F|70\/100\n|-damage|p1a: Grimer|58\/100|[from] Stealth Rock\n|-damage|p1a: Grimer|46\/100|[from] Spikes\n|turn|21\n|\n|t:|1699215342\n|move|p2a: Falinks|Close Combat|p1a: Grimer\n|-damage|p1a: Grimer|0 fnt\n|-unboost|p2a: Falinks|def|1\n|-unboost|p2a: Falinks|spd|1\n|faint|p1a: Grimer\n|\n|upkeep\n|\n|t:|1699215348\n|switch|p1a: Skeledirge|Skeledirge, F|75\/100\n|-damage|p1a: Skeledirge|50\/100|[from] Stealth Rock\n|-damage|p1a: Skeledirge|38\/100|[from] Spikes\n|turn|22\n|\n|t:|1699215358\n|move|p2a: Falinks|Rock Slide|p1a: Skeledirge\n|-supereffective|p1a: Skeledirge\n|-damage|p1a: Skeledirge|0 fnt\n|faint|p1a: Skeledirge\n|\n|win|tbor2002\n","uploadtime":1699215369,"views":4,"p1id":"jam20jam","p2id":"tbor2002","formatid":"gen9nationaldexubers","rating":0,"private":0,"password":""}