{"id":"gen9nationaldexubers-1979703818","p1":"sora_meg","p2":"goofy goiober","format":"[Gen 9] National Dex Ubers","log":"|j|\u2606sora_meg\n|j|\u2606goofy goiober\n|t:|1698704844\n|gametype|singles\n|player|p1|sora_meg|hilda|1050\n|player|p2|goofy goiober|170|1000\n|teamsize|p1|6\n|teamsize|p2|6\n|gen|9\n|tier|[Gen 9] National Dex Ubers\n|rated|\n|rule|HP Percentage Mod: HP is shown in percentages\n|rule|Endless Battle Clause: Forcing endless battles is banned\n|rule|OHKO Clause: OHKO moves are banned\n|rule|Evasion Moves Clause: Evasion moves are banned\n|rule|Evasion Items Clause: Evasion items are banned\n|rule|Species Clause: Limit one of each Pok\u00e9mon\n|rule|Sleep Clause Mod: Limit one foe put to sleep\n|rule|Mega Rayquaza Clause: You cannot mega evolve Rayquaza\n|clearpoke\n|poke|p1|Lopunny, F|\n|poke|p1|Ferrothorn, M|\n|poke|p1|Azumarill, F|\n|poke|p1|Yveltal|\n|poke|p1|Chandelure, F|\n|poke|p1|Flygon, F|\n|poke|p2|Mewtwo|\n|poke|p2|Blaziken, M|\n|poke|p2|Magearna|\n|poke|p2|Zoroark-Hisui, M|\n|poke|p2|Ceruledge, M|\n|poke|p2|Garchomp, M|\n|teampreview\n|\n|t:|1698704869\n|start\n|switch|p1a: Ferrothorn|Ferrothorn, M|100\/100\n|switch|p2a: Garchomp|Garchomp, M|100\/100\n|turn|1\n|\n|t:|1698704878\n|move|p2a: Garchomp|Sandstorm|p2a: Garchomp\n|-weather|Sandstorm\n|move|p1a: Ferrothorn|Stealth Rock|p2a: Garchomp\n|-sidestart|p2: goofy goiober|move: Stealth Rock\n|\n|-weather|Sandstorm|[upkeep]\n|upkeep\n|turn|2\n|\n|t:|1698704890\n|move|p2a: Garchomp|Sand Attack|p1a: Ferrothorn\n|-unboost|p1a: Ferrothorn|accuracy|1\n|move|p1a: Ferrothorn|Leech Seed|p2a: Garchomp\n|-start|p2a: Garchomp|move: Leech Seed\n|\n|-weather|Sandstorm|[upkeep]\n|-damage|p2a: Garchomp|88\/100|[from] Leech Seed|[of] p1a: Ferrothorn\n|upkeep\n|turn|3\n|\n|t:|1698704900\n|move|p2a: Garchomp|Earthquake|p1a: Ferrothorn\n|-damage|p1a: Ferrothorn|71\/100\n|move|p1a: Ferrothorn|Explosion|p2a: Garchomp\n|-damage|p2a: Garchomp|35\/100\n|faint|p1a: Ferrothorn\n|\n|-weather|Sandstorm|[upkeep]\n|upkeep\n|\n|t:|1698704912\n|switch|p1a: Lopunny|Lopunny, F|100\/100\n|turn|4\n|\n|t:|1698704932\n|detailschange|p1a: Lopunny|Lopunny-Mega, F\n|-mega|p1a: Lopunny|Lopunny|Lopunnite\n|move|p1a: Lopunny|Fake Out|p2a: Garchomp|[miss]\n|-miss|p1a: Lopunny|p2a: Garchomp\n|move|p2a: Garchomp|Sand Attack|p1a: Lopunny\n|-unboost|p1a: Lopunny|accuracy|1\n|\n|-weather|Sandstorm|[upkeep]\n|-damage|p1a: Lopunny|95\/100|[from] Sandstorm\n|-damage|p2a: Garchomp|23\/100|[from] Leech Seed|[of] p1a: Lopunny\n|-heal|p1a: Lopunny|100\/100|[silent]\n|upkeep\n|turn|5\n|\n|t:|1698704946\n|move|p1a: Lopunny|U-turn|p2a: Garchomp|[miss]\n|-miss|p1a: Lopunny|p2a: Garchomp\n|move|p2a: Garchomp|Dragon Claw|p1a: Lopunny\n|-damage|p1a: Lopunny|48\/100\n|\n|-weather|none\n|-damage|p2a: Garchomp|11\/100|[from] Leech Seed|[of] p1a: Lopunny\n|-heal|p1a: Lopunny|65\/100|[silent]\n|upkeep\n|turn|6\n|\n|t:|1698704970\n|move|p1a: Lopunny|U-turn|p2a: Garchomp\n|-damage|p2a: Garchomp|0 fnt\n|faint|p2a: Garchomp\n|\n|t:|1698704976\n|switch|p1a: Flygon|Flygon, F|100\/100|[from] U-turn\n|\n|upkeep\n|\n|t:|1698704998\n|switch|p2a: Blaziken|Blaziken, M|100\/100\n|-damage|p2a: Blaziken|88\/100|[from] Stealth Rock\n|turn|7\n|\n|t:|1698705016\n|move|p1a: Flygon|Earthquake|p2a: Blaziken\n|-damage|p2a: Blaziken|0 fnt\n|replace|p2a: Zoroark|Zoroark-Hisui, M\n|-end|p2a: Zoroark|Illusion\n|faint|p2a: Zoroark\n|\n|upkeep\n|inactive|Battle timer is ON: inactive players will automatically lose when time's up. (requested by sora_meg)\n|\n|t:|1698705085\n|switch|p2a: Ceruledge|Ceruledge, M|100\/100\n|-damage|p2a: Ceruledge|76\/100|[from] Stealth Rock\n|turn|8\n|\n|t:|1698705093\n|-terastallize|p2a: Ceruledge|Grass\n|move|p1a: Flygon|Earthquake|p2a: Ceruledge\n|-resisted|p2a: Ceruledge\n|-damage|p2a: Ceruledge|47\/100\n|move|p2a: Ceruledge|Night Slash|p1a: Flygon\n|-damage|p1a: Flygon|61\/100\n|-damage|p2a: Ceruledge|37\/100|[from] item: Life Orb\n|\n|upkeep\n|turn|9\n|\n|t:|1698705117\n|switch|p1a: Yveltal|Yveltal|100\/100\n|-ability|p1a: Yveltal|Dark Aura\n|move|p2a: Ceruledge|Night Slash|p1a: Yveltal\n|-resisted|p1a: Yveltal\n|-damage|p1a: Yveltal|81\/100\n|-damage|p2a: Ceruledge|27\/100|[from] item: Life Orb\n|\n|upkeep\n|turn|10\n|inactive|goofy goiober has 120 seconds left.\n|\n|t:|1698705145\n|move|p1a: Yveltal|Sucker Punch|p2a: Ceruledge\n|-damage|p2a: Ceruledge|0 fnt\n|faint|p2a: Ceruledge\n|\n|upkeep\n|\n|t:|1698705158\n|switch|p2a: Magearna|Magearna|100\/100\n|-damage|p2a: Magearna|94\/100|[from] Stealth Rock\n|turn|11\n|\n|t:|1698705175\n|switch|p1a: Chandelure|Chandelure, F|100\/100\n|move|p2a: Magearna|Dazzling Gleam|p1a: Chandelure\n|-resisted|p1a: Chandelure\n|-damage|p1a: Chandelure|51\/100\n|\n|upkeep\n|turn|12\n|inactive|goofy goiober has 120 seconds left.\n|inactive|sora_meg has 120 seconds left.\n|\n|t:|1698705204\n|switch|p2a: Blaziken|Blaziken, M|100\/100\n|-damage|p2a: Blaziken|88\/100|[from] Stealth Rock\n|move|p1a: Chandelure|Fire Blast|p2a: Blaziken\n|-resisted|p2a: Blaziken\n|-damage|p2a: Blaziken|14\/100\n|\n|-heal|p2a: Blaziken|20\/100|[from] item: Leftovers\n|upkeep\n|turn|13\n|inactive|sora_meg has 120 seconds left.\n|\n|t:|1698705215\n|move|p1a: Chandelure|Fire Blast|p2a: Blaziken\n|-resisted|p2a: Blaziken\n|-damage|p2a: Blaziken|0 fnt\n|faint|p2a: Blaziken\n|\n|upkeep\n|\n|t:|1698705230\n|switch|p2a: Mewtwo|Mewtwo|100\/100\n|-damage|p2a: Mewtwo|88\/100|[from] Stealth Rock\n|-ability|p2a: Mewtwo|Pressure\n|turn|14\n|\n|t:|1698705237\n|detailschange|p2a: Mewtwo|Mewtwo-Mega-Y\n|-mega|p2a: Mewtwo|Mewtwo|Mewtwonite Y\n|-terastallize|p1a: Chandelure|Ghost\n|move|p2a: Mewtwo|Barrier|p2a: Mewtwo\n|-boost|p2a: Mewtwo|def|2\n|move|p1a: Chandelure|Fire Blast|p2a: Mewtwo\n|-damage|p2a: Mewtwo|27\/100\n|\n|upkeep\n|turn|15\n|\n|t:|1698705250\n|move|p2a: Mewtwo|Recover|p2a: Mewtwo\n|-heal|p2a: Mewtwo|77\/100\n|move|p1a: Chandelure|Fire Blast|p2a: Mewtwo\n|-damage|p2a: Mewtwo|11\/100\n|\n|upkeep\n|turn|16\n|\n|t:|1698705263\n|move|p2a: Mewtwo|Recover|p2a: Mewtwo\n|-heal|p2a: Mewtwo|61\/100\n|move|p1a: Chandelure|Fire Blast|p2a: Mewtwo\n|-damage|p2a: Mewtwo|0 fnt\n|faint|p2a: Mewtwo\n|\n|upkeep\n|\n|t:|1698705277\n|switch|p2a: Magearna|Magearna|94\/100\n|-damage|p2a: Magearna|88\/100|[from] Stealth Rock\n|turn|17\n|\n|t:|1698705283\n|move|p1a: Chandelure|Fire Blast|p2a: Magearna\n|-supereffective|p2a: Magearna\n|-damage|p2a: Magearna|0 fnt\n|faint|p2a: Magearna\n|\n|win|sora_meg\n|raw|sora_meg's rating: 1050 &rarr; <strong>1078<\/strong><br \/>(+28 for winning)\n|raw|goofy goiober's rating: 1000 &rarr; <strong>1000<\/strong><br \/>(+0 for losing)\n|l|\u2606goofy goiober\n","uploadtime":1698705348,"views":15,"p1id":"sorameg","p2id":"goofygoiober","formatid":"gen9nationaldexubers","rating":1000,"private":0,"password":""}