{"id":"gen9nationaldexubers-1995650350","p1":"JustMonika_CARR","p2":"Lord of Capricorn","format":"[Gen 9] National Dex Ubers","log":"|j|\u2606JustMonika_CARR\n|j|\u2606Lord of Capricorn\n|t:|1700590789\n|gametype|singles\n|player|p1|JustMonika_CARR|rosa|1355\n|player|p2|Lord of Capricorn|169|1323\n|teamsize|p1|6\n|teamsize|p2|6\n|gen|9\n|tier|[Gen 9] National Dex Ubers\n|rated|\n|rule|HP Percentage Mod: HP is shown in percentages\n|rule|Endless Battle Clause: Forcing endless battles is banned\n|rule|OHKO Clause: OHKO moves are banned\n|rule|Evasion Moves Clause: Evasion moves are banned\n|rule|Evasion Items Clause: Evasion items are banned\n|rule|Species Clause: Limit one of each Pok\u00e9mon\n|rule|Sleep Clause Mod: Limit one foe put to sleep\n|rule|Mega Rayquaza Clause: You cannot mega evolve Rayquaza\n|clearpoke\n|poke|p1|Shuckle, F|\n|poke|p1|Deoxys-Speed|\n|poke|p1|Arceus|\n|poke|p1|Forretress, M|\n|poke|p1|Magearna|\n|poke|p1|Pyukumuku, F|\n|poke|p2|Yveltal|\n|poke|p2|Lunala|\n|poke|p2|Marshadow|\n|poke|p2|Ferrothorn, F|\n|poke|p2|Iron Bundle|\n|poke|p2|Tapu Koko|\n|teampreview\n|inactive|Battle timer is ON: inactive players will automatically lose when time's up. (requested by Lord of Capricorn)\n|\n|t:|1700590802\n|start\n|switch|p1a: Forretress|Forretress, M, shiny|100\/100\n|switch|p2a: Yveltal|Yveltal|100\/100\n|-ability|p2a: Yveltal|Dark Aura\n|turn|1\n|\n|t:|1700590810\n|move|p2a: Yveltal|Knock Off|p1a: Forretress\n|-damage|p1a: Forretress|59\/100\n|-enditem|p1a: Forretress|Red Card|[from] move: Knock Off|[of] p2a: Yveltal\n|move|p1a: Forretress|Toxic Spikes|p2a: Yveltal\n|-sidestart|p2: Lord of Capricorn|move: Toxic Spikes\n|\n|upkeep\n|turn|2\n|\n|t:|1700590817\n|move|p2a: Yveltal|Defog|p1a: Forretress\n|-unboost|p1a: Forretress|evasion|1\n|-sideend|p2: Lord of Capricorn|Toxic Spikes|[from] move: Defog|[of] p2a: Yveltal\n|move|p1a: Forretress|Toxic Spikes|p2a: Yveltal\n|-sidestart|p2: Lord of Capricorn|move: Toxic Spikes\n|\n|upkeep\n|turn|3\n|\n|t:|1700590823\n|move|p2a: Yveltal|Defog|p1a: Forretress\n|-unboost|p1a: Forretress|evasion|1\n|-sideend|p2: Lord of Capricorn|Toxic Spikes|[from] move: Defog|[of] p2a: Yveltal\n|move|p1a: Forretress|Stealth Rock|p2a: Yveltal\n|-sidestart|p2: Lord of Capricorn|move: Stealth Rock\n|\n|upkeep\n|turn|4\n|\n|t:|1700590830\n|move|p2a: Yveltal|Defog|p1a: Forretress\n|-unboost|p1a: Forretress|evasion|1\n|-sideend|p2: Lord of Capricorn|Stealth Rock|[from] move: Defog|[of] p2a: Yveltal\n|move|p1a: Forretress|Toxic Spikes|p2a: Yveltal\n|-sidestart|p2: Lord of Capricorn|move: Toxic Spikes\n|\n|upkeep\n|turn|5\n|\n|t:|1700590836\n|move|p2a: Yveltal|Oblivion Wing|p1a: Forretress\n|-damage|p1a: Forretress|24\/100\n|move|p1a: Forretress|Stealth Rock|p2a: Yveltal\n|-sidestart|p2: Lord of Capricorn|move: Stealth Rock\n|\n|upkeep\n|turn|6\n|\n|t:|1700590843\n|move|p2a: Yveltal|Defog|p1a: Forretress\n|-unboost|p1a: Forretress|evasion|1\n|-sideend|p2: Lord of Capricorn|Toxic Spikes|[from] move: Defog|[of] p2a: Yveltal\n|-sideend|p2: Lord of Capricorn|Stealth Rock|[from] move: Defog|[of] p2a: Yveltal\n|move|p1a: Forretress|Toxic Spikes|p2a: Yveltal\n|-sidestart|p2: Lord of Capricorn|move: Toxic Spikes\n|\n|upkeep\n|turn|7\n|\n|t:|1700590851\n|move|p2a: Yveltal|Oblivion Wing|p1a: Forretress\n|-damage|p1a: Forretress|0 fnt\n|faint|p1a: Forretress\n|\n|upkeep\n|\n|t:|1700590856\n|switch|p1a: Shuckle|Shuckle, F, shiny|100\/100\n|turn|8\n|\n|t:|1700590861\n|move|p2a: Yveltal|Knock Off|p1a: Shuckle\n|-damage|p1a: Shuckle|64\/100\n|-enditem|p1a: Shuckle|Chesto Berry|[from] move: Knock Off|[of] p2a: Yveltal\n|move|p1a: Shuckle|Infestation|p2a: Yveltal\n|-damage|p2a: Yveltal|99\/100\n|-activate|p2a: Yveltal|move: Infestation|[of] p1a: Shuckle\n|\n|-damage|p2a: Yveltal|87\/100|[from] move: Infestation|[partiallytrapped]\n|upkeep\n|turn|9\n|\n|t:|1700590872\n|move|p2a: Yveltal|Oblivion Wing|p1a: Shuckle\n|-damage|p1a: Shuckle|44\/100\n|-heal|p2a: Yveltal|95\/100|[from] drain|[of] p1a: Shuckle\n|move|p1a: Shuckle|Shell Smash|p1a: Shuckle\n|-boost|p1a: Shuckle|def|1\n|-boost|p1a: Shuckle|spd|1\n|-unboost|p1a: Shuckle|atk|2\n|-unboost|p1a: Shuckle|spa|2\n|-unboost|p1a: Shuckle|spe|2\n|\n|-damage|p2a: Yveltal|83\/100|[from] move: Infestation|[partiallytrapped]\n|upkeep\n|turn|10\n|\n|t:|1700590885\n|move|p2a: Yveltal|Oblivion Wing|p1a: Shuckle\n|-damage|p1a: Shuckle|28\/100\n|-heal|p2a: Yveltal|89\/100|[from] drain|[of] p1a: Shuckle\n|move|p1a: Shuckle|Shell Smash|p1a: Shuckle\n|-boost|p1a: Shuckle|def|1\n|-boost|p1a: Shuckle|spd|1\n|-unboost|p1a: Shuckle|atk|2\n|-unboost|p1a: Shuckle|spa|2\n|-unboost|p1a: Shuckle|spe|2\n|\n|-damage|p2a: Yveltal|76\/100|[from] move: Infestation|[partiallytrapped]\n|upkeep\n|turn|11\n|\n|t:|1700590899\n|move|p2a: Yveltal|Knock Off|p1a: Shuckle\n|-damage|p1a: Shuckle|16\/100\n|move|p1a: Shuckle|Rest|p1a: Shuckle\n|-status|p1a: Shuckle|slp|[from] move: Rest\n|-heal|p1a: Shuckle|100\/100 slp|[silent]\n|\n|-damage|p2a: Yveltal|64\/100|[from] move: Infestation|[partiallytrapped]\n|upkeep\n|turn|12\n|\n|t:|1700590909\n|move|p2a: Yveltal|Defog|p1a: Shuckle\n|-boost|p1a: Shuckle|evasion|1\n|-sideend|p2: Lord of Capricorn|Toxic Spikes|[from] move: Defog|[of] p2a: Yveltal\n|cant|p1a: Shuckle|slp\n|\n|-end|p2a: Yveltal|Infestation|[partiallytrapped]\n|upkeep\n|turn|13\n|\n|t:|1700590918\n|switch|p2a: Marshadow|Marshadow|100\/100\n|cant|p1a: Shuckle|slp\n|\n|upkeep\n|turn|14\n|\n|t:|1700590924\n|move|p2a: Marshadow|Spectral Thief||[still]\n|-clearpositiveboost|p1a: Shuckle|p2a: Marshadow|move: Spectral Thief\n|-boost|p2a: Marshadow|def|2\n|-boost|p2a: Marshadow|spd|2\n|-boost|p2a: Marshadow|evasion|1\n|-anim|p2a: Marshadow|Spectral Thief|p1a: Shuckle\n|-damage|p1a: Shuckle|61\/100 slp\n|-damage|p2a: Marshadow|91\/100|[from] item: Life Orb\n|-curestatus|p1a: Shuckle|slp|[msg]\n|move|p1a: Shuckle|Toxic|p2a: Marshadow\n|-status|p2a: Marshadow|tox\n|\n|-damage|p2a: Marshadow|84\/100 tox|[from] psn\n|upkeep\n|turn|15\n|\n|t:|1700590942\n|move|p2a: Marshadow|Bulk Up|p2a: Marshadow\n|-boost|p2a: Marshadow|atk|1\n|-boost|p2a: Marshadow|def|1\n|move|p1a: Shuckle|Shell Smash|p1a: Shuckle\n|-boost|p1a: Shuckle|def|1\n|-boost|p1a: Shuckle|spd|1\n|-unboost|p1a: Shuckle|atk|2\n|-unboost|p1a: Shuckle|spa|2\n|-unboost|p1a: Shuckle|spe|2\n|\n|-damage|p2a: Marshadow|72\/100 tox|[from] psn\n|upkeep\n|turn|16\n|\n|t:|1700590953\n|move|p2a: Marshadow|Spectral Thief||[still]\n|-clearpositiveboost|p1a: Shuckle|p2a: Marshadow|move: Spectral Thief\n|-boost|p2a: Marshadow|def|1\n|-boost|p2a: Marshadow|spd|1\n|-anim|p2a: Marshadow|Spectral Thief|p1a: Shuckle\n|-damage|p1a: Shuckle|7\/100\n|-damage|p2a: Marshadow|62\/100 tox|[from] item: Life Orb\n|move|p1a: Shuckle|Infestation|p2a: Marshadow\n|-resisted|p2a: Marshadow\n|-damage|p2a: Marshadow|62\/100 tox\n|-activate|p2a: Marshadow|move: Infestation|[of] p1a: Shuckle\n|\n|-damage|p2a: Marshadow|43\/100 tox|[from] psn\n|-damage|p2a: Marshadow|30\/100 tox|[from] move: Infestation|[partiallytrapped]\n|upkeep\n|turn|17\n|\n|t:|1700590970\n|move|p2a: Marshadow|Shadow Sneak|p1a: Shuckle\n|-damage|p1a: Shuckle|0 fnt\n|faint|p1a: Shuckle\n|-damage|p2a: Marshadow|20\/100 tox|[from] item: Life Orb\n|\n|-damage|p2a: Marshadow|0 fnt|[from] psn\n|faint|p2a: Marshadow\n|upkeep\n|\n|t:|1700590982\n|switch|p2a: Tapu Koko|Tapu Koko|100\/100\n|switch|p1a: Deoxys|Deoxys-Speed, shiny|100\/100\n|-ability|p1a: Deoxys|Pressure\n|-fieldstart|move: Electric Terrain|[from] ability: Electric Surge|[of] p2a: Tapu Koko\n|turn|18\n|\n|t:|1700591000\n|move|p1a: Deoxys|Light Screen|p1a: Deoxys\n|-sidestart|p1: JustMonika_CARR|move: Light Screen\n|move|p2a: Tapu Koko|Taunt|p1a: Deoxys\n|-start|p1a: Deoxys|move: Taunt\n|\n|upkeep\n|turn|19\n|\n|t:|1700591009\n|move|p1a: Deoxys|Mud-Slap|p2a: Tapu Koko\n|-supereffective|p2a: Tapu Koko\n|-damage|p2a: Tapu Koko|86\/100\n|-unboost|p2a: Tapu Koko|accuracy|1\n|move|p2a: Tapu Koko|Thunderbolt|p1a: Deoxys\n|-damage|p1a: Deoxys|57\/100\n|-damage|p2a: Tapu Koko|76\/100|[from] item: Life Orb\n|\n|upkeep\n|turn|20\n|\n|t:|1700591019\n|move|p1a: Deoxys|Mud-Slap|p2a: Tapu Koko\n|-supereffective|p2a: Tapu Koko\n|-damage|p2a: Tapu Koko|62\/100\n|-unboost|p2a: Tapu Koko|accuracy|1\n|move|p2a: Tapu Koko|Volt Switch|p1a: Deoxys\n|-damage|p1a: Deoxys|27\/100\n|-damage|p2a: Tapu Koko|52\/100|[from] item: Life Orb\n|\n|t:|1700591028\n|switch|p2a: Iron Bundle|Iron Bundle|100\/100|[from] Volt Switch\n|-activate|p2a: Iron Bundle|ability: Quark Drive\n|-start|p2a: Iron Bundle|quarkdrivespe\n|\n|upkeep\n|turn|21\n|\n|t:|1700591038\n|move|p2a: Iron Bundle|Freeze-Dry|p1a: Deoxys\n|-damage|p1a: Deoxys|0 fnt\n|faint|p1a: Deoxys\n|\n|upkeep\n|\n|t:|1700591043\n|switch|p1a: Arceus|Arceus|100\/100\n|turn|22\n|\n|t:|1700591048\n|move|p2a: Iron Bundle|Freeze-Dry|p1a: Arceus\n|-damage|p1a: Arceus|85\/100\n|move|p1a: Arceus|Cosmic Power|p1a: Arceus\n|-boost|p1a: Arceus|def|1\n|-boost|p1a: Arceus|spd|1\n|\n|-fieldend|move: Electric Terrain\n|-end|p2a: Iron Bundle|Quark Drive\n|upkeep\n|turn|23\n|\n|t:|1700591058\n|-end|p2a: Iron Bundle|Quark Drive|[silent]\n|switch|p2a: Lunala|Lunala|100\/100\n|move|p1a: Arceus|Cosmic Power|p1a: Arceus\n|-boost|p1a: Arceus|def|1\n|-boost|p1a: Arceus|spd|1\n|\n|upkeep\n|turn|24\n|\n|t:|1700591085\n|move|p1a: Arceus|Cosmic Power|p1a: Arceus\n|-boost|p1a: Arceus|def|1\n|-boost|p1a: Arceus|spd|1\n|move|p2a: Lunala|Toxic|p1a: Arceus\n|-status|p1a: Arceus|tox\n|\n|-damage|p1a: Arceus|79\/100 tox|[from] psn\n|upkeep\n|turn|25\n|\n|t:|1700591099\n|move|p1a: Arceus|Cosmic Power|p1a: Arceus\n|-boost|p1a: Arceus|def|1\n|-boost|p1a: Arceus|spd|1\n|move|p2a: Lunala|Psyshock|p1a: Arceus\n|-damage|p1a: Arceus|75\/100 tox\n|\n|-damage|p1a: Arceus|63\/100 tox|[from] psn\n|-sideend|p1: JustMonika_CARR|move: Light Screen\n|upkeep\n|turn|26\n|\n|t:|1700591108\n|move|p1a: Arceus|Charge Beam|p2a: Lunala\n|-damage|p2a: Lunala|96\/100\n|-boost|p1a: Arceus|spa|1\n|move|p2a: Lunala|Psyshock|p1a: Arceus\n|-damage|p1a: Arceus|54\/100 tox\n|\n|-heal|p2a: Lunala|100\/100|[from] item: Leftovers\n|-damage|p1a: Arceus|36\/100 tox|[from] psn\n|upkeep\n|turn|27\n|\n|t:|1700591120\n|move|p1a: Arceus|Rest|p1a: Arceus\n|-status|p1a: Arceus|slp|[from] move: Rest\n|-heal|p1a: Arceus|100\/100 slp|[silent]\n|-enditem|p1a: Arceus|Chesto Berry|[eat]\n|-curestatus|p1a: Arceus|slp|[msg]\n|move|p2a: Lunala|Psyshock|p1a: Arceus\n|-damage|p1a: Arceus|91\/100\n|\n|upkeep\n|turn|28\n|\n|t:|1700591129\n|move|p1a: Arceus|Cosmic Power|p1a: Arceus\n|-boost|p1a: Arceus|def|1\n|-boost|p1a: Arceus|spd|1\n|move|p2a: Lunala|Toxic|p1a: Arceus\n|-status|p1a: Arceus|tox\n|\n|-damage|p1a: Arceus|85\/100 tox|[from] psn\n|upkeep\n|turn|29\n|\n|t:|1700591139\n|move|p1a: Arceus|Cosmic Power|p1a: Arceus\n|-boost|p1a: Arceus|def|1\n|-boost|p1a: Arceus|spd|1\n|move|p2a: Lunala|Psyshock|p1a: Arceus\n|-damage|p1a: Arceus|78\/100 tox\n|\n|-damage|p1a: Arceus|65\/100 tox|[from] psn\n|upkeep\n|turn|30\n|\n|t:|1700591149\n|switch|p2a: Ferrothorn|Ferrothorn, F|100\/100\n|move|p1a: Arceus|Charge Beam|p2a: Ferrothorn\n|-resisted|p2a: Ferrothorn\n|-damage|p2a: Ferrothorn|92\/100\n|-boost|p1a: Arceus|spa|1\n|\n|-damage|p1a: Arceus|47\/100 tox|[from] psn\n|upkeep\n|turn|31\n|\n|t:|1700591161\n|move|p1a: Arceus|Rest|p1a: Arceus\n|-status|p1a: Arceus|slp|[from] move: Rest\n|-heal|p1a: Arceus|100\/100 slp|[silent]\n|move|p2a: Ferrothorn|Stealth Rock|p1a: Arceus\n|-sidestart|p1: JustMonika_CARR|move: Stealth Rock\n|\n|upkeep\n|turn|32\n|\n|t:|1700591169\n|switch|p2a: Yveltal|Yveltal|64\/100\n|-ability|p2a: Yveltal|Dark Aura\n|cant|p1a: Arceus|slp\n|\n|upkeep\n|turn|33\n|\n|t:|1700591177\n|cant|p1a: Arceus|slp\n|move|p2a: Yveltal|Knock Off|p1a: Arceus\n|-damage|p1a: Arceus|95\/100 slp\n|\n|upkeep\n|turn|34\n|\n|t:|1700591184\n|switch|p2a: Tapu Koko|Tapu Koko|52\/100\n|-fieldstart|move: Electric Terrain|[from] ability: Electric Surge|[of] p2a: Tapu Koko\n|-curestatus|p1a: Arceus|slp|[msg]\n|move|p1a: Arceus|Charge Beam|p2a: Tapu Koko\n|-resisted|p2a: Tapu Koko\n|-damage|p2a: Tapu Koko|24\/100\n|\n|upkeep\n|turn|35\n|\n|t:|1700591194\n|move|p2a: Tapu Koko|Taunt|p1a: Arceus\n|-start|p1a: Arceus|move: Taunt\n|move|p1a: Arceus|Charge Beam|p2a: Tapu Koko\n|-resisted|p2a: Tapu Koko\n|-damage|p2a: Tapu Koko|0 fnt\n|-boost|p1a: Arceus|spa|1\n|faint|p2a: Tapu Koko\n|\n|upkeep\n|-message|Lord of Capricorn forfeited.\n|\n|win|JustMonika_CARR\n|raw|JustMonika_CARR's rating: 1355 &rarr; <strong>1373<\/strong><br \/>(+18 for winning)\n|raw|Lord of Capricorn's rating: 1323 &rarr; <strong>1305<\/strong><br \/>(-18 for losing)\n|l|\u2606Lord of Capricorn\n","uploadtime":1700591212,"views":0,"p1id":"justmonikacarr","p2id":"lordofcapricorn","formatid":"gen9nationaldexubers","rating":1305,"private":0,"password":""}