{"id":"gen9nationaldexubers-1998951730","p1":"Plasmacrusader x","p2":"Valerieh\u2740","format":"[Gen 9] National Dex Ubers","log":"|j|\u2606Plasmacrusader x\n|j|\u2606Valerieh\u2740\n|t:|1701017003\n|gametype|singles\n|player|p1|Plasmacrusader x|101|1324\n|player|p2|Valerieh\u2740|valerie|1132\n|teamsize|p1|6\n|teamsize|p2|6\n|gen|9\n|tier|[Gen 9] National Dex Ubers\n|rated|\n|rule|HP Percentage Mod: HP is shown in percentages\n|rule|Endless Battle Clause: Forcing endless battles is banned\n|rule|OHKO Clause: OHKO moves are banned\n|rule|Evasion Moves Clause: Evasion moves are banned\n|rule|Evasion Items Clause: Evasion items are banned\n|rule|Species Clause: Limit one of each Pok\u00e9mon\n|rule|Sleep Clause Mod: Limit one foe put to sleep\n|rule|Mega Rayquaza Clause: You cannot mega evolve Rayquaza\n|clearpoke\n|poke|p1|Rayquaza|\n|poke|p1|Spectrier|\n|poke|p1|Orthworm, F|\n|poke|p1|Shuckle, M|\n|poke|p1|Gholdengo|\n|poke|p1|Grimmsnarl, M|\n|poke|p2|Magearna|\n|poke|p2|Gardevoir, M|\n|poke|p2|Togekiss, F|\n|poke|p2|Mimikyu, F|\n|poke|p2|Milotic, F|\n|poke|p2|Landorus-Therian, M|\n|teampreview\n|\n|t:|1701017024\n|start\n|switch|p1a: Shuckle|Shuckle, M, shiny|100\/100\n|switch|p2a: Togekiss|Togekiss, F|100\/100\n|turn|1\n|\n|t:|1701017045\n|move|p2a: Togekiss|Thunder Wave|p1a: Shuckle\n|-status|p1a: Shuckle|par\n|move|p1a: Shuckle|Stealth Rock|p2a: Togekiss\n|-sidestart|p2: Valerieh\u2740|move: Stealth Rock\n|\n|upkeep\n|turn|2\n|\n|t:|1701017050\n|move|p2a: Togekiss|Air Slash|p1a: Shuckle\n|-damage|p1a: Shuckle|77\/100 par\n|cant|p1a: Shuckle|par\n|\n|upkeep\n|turn|3\n|\n|t:|1701017054\n|switch|p1a: Gholdengo|Gholdengo|100\/100\n|move|p2a: Togekiss|Air Slash|p1a: Gholdengo\n|-resisted|p1a: Gholdengo\n|-crit|p1a: Gholdengo\n|-damage|p1a: Gholdengo|64\/100\n|\n|upkeep\n|turn|4\n|\n|t:|1701017059\n|move|p1a: Gholdengo|Trick|p2a: Togekiss\n|-activate|p1a: Gholdengo|move: Trick|[of] p2a: Togekiss\n|-item|p2a: Togekiss|Choice Scarf|[from] move: Trick\n|-item|p1a: Gholdengo|Leftovers|[from] move: Trick\n|move|p2a: Togekiss|Thunder Wave|p1a: Gholdengo\n|-immune|p1a: Gholdengo|[from] ability: Good as Gold\n|\n|-heal|p1a: Gholdengo|70\/100|[from] item: Leftovers\n|upkeep\n|turn|5\n|\n|t:|1701017069\n|switch|p2a: Landorus|Landorus-Therian, M|100\/100\n|-damage|p2a: Landorus|88\/100|[from] Stealth Rock\n|-ability|p2a: Landorus|Intimidate|boost\n|-unboost|p1a: Gholdengo|atk|1\n|move|p1a: Gholdengo|Make It Rain|p2a: Landorus\n|-crit|p2a: Landorus\n|-damage|p2a: Landorus|0 fnt\n|-unboost|p1a: Gholdengo|spa|1\n|faint|p2a: Landorus\n|\n|-heal|p1a: Gholdengo|76\/100|[from] item: Leftovers\n|upkeep\n|\n|t:|1701017100\n|switch|p2a: Gardevoir|Gardevoir, M|100\/100\n|-damage|p2a: Gardevoir|88\/100|[from] Stealth Rock\n|-ability|p2a: Gardevoir|Good as Gold|[from] ability: Trace|[of] p1a: Gholdengo\n|turn|6\n|\n|t:|1701017105\n|switch|p1a: Grimmsnarl|Grimmsnarl, M, shiny|100\/100\n|detailschange|p2a: Gardevoir|Gardevoir-Mega, M\n|-mega|p2a: Gardevoir|Gardevoir|Gardevoirite\n|move|p2a: Gardevoir|Thunderbolt|p1a: Grimmsnarl\n|-damage|p1a: Grimmsnarl|71\/100\n|\n|upkeep\n|turn|7\n|\n|t:|1701017110\n|move|p1a: Grimmsnarl|Light Screen|p1a: Grimmsnarl\n|-sidestart|p1: Plasmacrusader x|move: Light Screen\n|move|p2a: Gardevoir|Hyper Voice|p1a: Grimmsnarl\n|-supereffective|p1a: Grimmsnarl\n|-damage|p1a: Grimmsnarl|18\/100\n|\n|upkeep\n|turn|8\n|\n|t:|1701017114\n|move|p1a: Grimmsnarl|Parting Shot|p2a: Gardevoir\n|-unboost|p2a: Gardevoir|atk|1\n|-unboost|p2a: Gardevoir|spa|1\n|\n|t:|1701017116\n|switch|p1a: Shuckle|Shuckle, M, shiny|77\/100 par|[from] Parting Shot\n|move|p2a: Gardevoir|Hyper Voice|p1a: Shuckle\n|-damage|p1a: Shuckle|65\/100 par\n|\n|upkeep\n|turn|9\n|\n|t:|1701017122\n|switch|p2a: Togekiss|Togekiss, F|100\/100\n|-damage|p2a: Togekiss|76\/100|[from] Stealth Rock\n|move|p1a: Shuckle|Sticky Web|p2a: Togekiss\n|-sidestart|p2: Valerieh\u2740|move: Sticky Web\n|\n|upkeep\n|turn|10\n|\n|t:|1701017130\n|switch|p1a: Gholdengo|Gholdengo|76\/100\n|move|p2a: Togekiss|Ancient Power|p1a: Gholdengo\n|-resisted|p1a: Gholdengo\n|-damage|p1a: Gholdengo|69\/100\n|\n|-heal|p1a: Gholdengo|75\/100|[from] item: Leftovers\n|upkeep\n|turn|11\n|\n|t:|1701017137\n|move|p2a: Togekiss|Ancient Power|p1a: Gholdengo\n|-resisted|p1a: Gholdengo\n|-damage|p1a: Gholdengo|69\/100\n|move|p1a: Gholdengo|Shadow Ball|p2a: Togekiss\n|-damage|p2a: Togekiss|43\/100\n|\n|-heal|p1a: Gholdengo|75\/100|[from] item: Leftovers\n|upkeep\n|turn|12\n|\n|t:|1701017141\n|move|p2a: Togekiss|Ancient Power|p1a: Gholdengo\n|-resisted|p1a: Gholdengo\n|-damage|p1a: Gholdengo|69\/100\n|move|p1a: Gholdengo|Make It Rain|p2a: Togekiss\n|-supereffective|p2a: Togekiss\n|-damage|p2a: Togekiss|0 fnt\n|-unboost|p1a: Gholdengo|spa|1\n|faint|p2a: Togekiss\n|\n|-heal|p1a: Gholdengo|75\/100|[from] item: Leftovers\n|upkeep\n|\n|t:|1701017148\n|switch|p2a: Magearna|Magearna|100\/100\n|-damage|p2a: Magearna|94\/100|[from] Stealth Rock\n|-activate|p2a: Magearna|move: Sticky Web\n|-unboost|p2a: Magearna|spe|1\n|turn|13\n|\n|t:|1701017153\n|switch|p1a: Shuckle|Shuckle, M, shiny|65\/100 par\n|move|p2a: Magearna|Iron Defense|p2a: Magearna\n|-boost|p2a: Magearna|def|2\n|\n|upkeep\n|turn|14\n|\n|t:|1701017160\n|switch|p1a: Gholdengo|Gholdengo|75\/100\n|move|p2a: Magearna|Shift Gear|p2a: Magearna\n|-boost|p2a: Magearna|spe|2\n|-boost|p2a: Magearna|atk|1\n|\n|-heal|p1a: Gholdengo|81\/100|[from] item: Leftovers\n|-sideend|p1: Plasmacrusader x|move: Light Screen\n|upkeep\n|turn|15\n|\n|t:|1701017173\n|-terastallize|p2a: Magearna|Steel\n|move|p1a: Gholdengo|Make It Rain|p2a: Magearna\n|-resisted|p2a: Magearna\n|-damage|p2a: Magearna|66\/100\n|-unboost|p1a: Gholdengo|spa|1\n|move|p2a: Magearna|Shift Gear|p2a: Magearna\n|-boost|p2a: Magearna|spe|2\n|-boost|p2a: Magearna|atk|1\n|\n|-heal|p1a: Gholdengo|87\/100|[from] item: Leftovers\n|upkeep\n|turn|16\n|\n|t:|1701017183\n|switch|p1a: Grimmsnarl|Grimmsnarl, M, shiny|18\/100\n|move|p2a: Magearna|Iron Defense|p2a: Magearna\n|-boost|p2a: Magearna|def|2\n|\n|upkeep\n|turn|17\n|\n|t:|1701017187\n|move|p1a: Grimmsnarl|Taunt|p2a: Magearna\n|-start|p2a: Magearna|move: Taunt\n|move|p2a: Magearna|Draining Kiss|p1a: Grimmsnarl\n|-supereffective|p1a: Grimmsnarl\n|-damage|p1a: Grimmsnarl|0 fnt\n|-heal|p2a: Magearna|80\/100|[from] drain|[of] p1a: Grimmsnarl\n|faint|p1a: Grimmsnarl\n|-ability|p2a: Magearna|Soul-Heart|boost\n|-boost|p2a: Magearna|spa|1\n|\n|upkeep\n|\n|t:|1701017200\n|switch|p1a: Spectrier|Spectrier|100\/100\n|turn|18\n|\n|t:|1701017205\n|move|p2a: Magearna|Stored Power|p1a: Spectrier\n|-enditem|p1a: Spectrier|Focus Sash\n|-damage|p1a: Spectrier|1\/100\n|move|p1a: Spectrier|Shadow Ball|p2a: Magearna\n|-damage|p2a: Magearna|40\/100\n|\n|upkeep\n|turn|19\n|\n|t:|1701017212\n|move|p2a: Magearna|Draining Kiss|p1a: Spectrier\n|-damage|p1a: Spectrier|0 fnt\n|-heal|p2a: Magearna|40\/100|[from] drain|[of] p1a: Spectrier\n|faint|p1a: Spectrier\n|-ability|p2a: Magearna|Soul-Heart|boost\n|-boost|p2a: Magearna|spa|1\n|\n|-end|p2a: Magearna|move: Taunt\n|upkeep\n|\n|t:|1701017214\n|switch|p1a: Gholdengo|Gholdengo|87\/100\n|turn|20\n|\n|t:|1701017221\n|move|p2a: Magearna|Draining Kiss|p1a: Gholdengo\n|-resisted|p1a: Gholdengo\n|-damage|p1a: Gholdengo|56\/100\n|-heal|p2a: Magearna|61\/100|[from] drain|[of] p1a: Gholdengo\n|move|p1a: Gholdengo|Shadow Ball|p2a: Magearna\n|-damage|p2a: Magearna|24\/100\n|\n|-heal|p1a: Gholdengo|62\/100|[from] item: Leftovers\n|upkeep\n|turn|21\n|\n|t:|1701017228\n|move|p2a: Magearna|Stored Power|p1a: Gholdengo\n|-resisted|p1a: Gholdengo\n|-damage|p1a: Gholdengo|0 fnt\n|faint|p1a: Gholdengo\n|-ability|p2a: Magearna|Soul-Heart|boost\n|-boost|p2a: Magearna|spa|1\n|\n|upkeep\n|\n|t:|1701017236\n|switch|p1a: Orthworm|Orthworm, F|100\/100\n|turn|22\n|\n|t:|1701017240\n|move|p2a: Magearna|Stored Power|p1a: Orthworm\n|-resisted|p1a: Orthworm\n|-damage|p1a: Orthworm|0 fnt\n|faint|p1a: Orthworm\n|-ability|p2a: Magearna|Soul-Heart|boost\n|-boost|p2a: Magearna|spa|1\n|\n|upkeep\n|\n|t:|1701017242\n|switch|p1a: Rayquaza|Rayquaza, shiny|100\/100\n|-ability|p1a: Rayquaza|Air Lock\n|turn|23\n|\n|t:|1701017248\n|-terastallize|p1a: Rayquaza|Normal\n|move|p1a: Rayquaza|Extreme Speed|p2a: Magearna\n|-resisted|p2a: Magearna\n|-damage|p2a: Magearna|18\/100\n|move|p2a: Magearna|Draining Kiss|p1a: Rayquaza\n|-damage|p1a: Rayquaza|14\/100\n|-heal|p2a: Magearna|80\/100|[from] drain|[of] p1a: Rayquaza\n|\n|upkeep\n|turn|24\n|-message|Plasmacrusader x forfeited.\n|\n|win|Valerieh\u2740\n|raw|Plasmacrusader x's rating: 1324 &rarr; <strong>1294<\/strong><br \/>(-30 for losing)\n|raw|Valerieh\u2740's rating: 1132 &rarr; <strong>1170<\/strong><br \/>(+38 for winning)\n|l|\u2606Plasmacrusader x\n","uploadtime":1701017256,"views":11,"p1id":"plasmacrusaderx","p2id":"valerieh","formatid":"gen9nationaldexubers","rating":1170,"private":0,"password":""}