{"id":"gen9nationaldexubers-1989082144","p1":"KarmaKazama0","p2":"AERO-M0DE\u2b06\ufe0f","format":"[Gen 9] National Dex Ubers","log":"|j|\u2606KarmaKazama0\n|j|\u2606AERO-M0DE\u2b06\ufe0f\n|t:|1699810212\n|gametype|singles\n|player|p1|KarmaKazama0|1|1126\n|player|p2|AERO-M0DE\u2b06\ufe0f|winona-gen6|1146\n|teamsize|p1|6\n|teamsize|p2|6\n|gen|9\n|tier|[Gen 9] National Dex Ubers\n|rated|\n|rule|HP Percentage Mod: HP is shown in percentages\n|rule|Endless Battle Clause: Forcing endless battles is banned\n|rule|OHKO Clause: OHKO moves are banned\n|rule|Evasion Moves Clause: Evasion moves are banned\n|rule|Evasion Items Clause: Evasion items are banned\n|rule|Species Clause: Limit one of each Pok\u00e9mon\n|rule|Sleep Clause Mod: Limit one foe put to sleep\n|rule|Mega Rayquaza Clause: You cannot mega evolve Rayquaza\n|clearpoke\n|poke|p1|Accelgor, F|\n|poke|p1|Serperior, F|\n|poke|p1|Groudon|\n|poke|p1|Salamence, M|\n|poke|p1|Cloyster, M|\n|poke|p1|Ditto|\n|poke|p2|Skarmory, F|\n|poke|p2|Talonflame, M|\n|poke|p2|Crobat, M|\n|poke|p2|Noivern, M|\n|poke|p2|Lugia|\n|poke|p2|Arceus-Flying|\n|teampreview\n|inactive|Battle timer is ON: inactive players will automatically lose when time's up. (requested by KarmaKazama0)\n|\n|t:|1699810221\n|start\n|switch|p1a: Groudon|Groudon|100\/100\n|switch|p2a: \ud83c\udf2cSKARMORY\ud83c\udf2a\ud83c\udf2a|Skarmory, F, shiny|100\/100\n|detailschange|p1a: Groudon|Groudon-Primal\n|-primal|p1a: Groudon|Red Orb\n|-weather|DesolateLand|[from] ability: Desolate Land|[of] p1a: Groudon\n|turn|1\n|\n|t:|1699810248\n|move|p2a: \ud83c\udf2cSKARMORY\ud83c\udf2a\ud83c\udf2a|Brave Bird|p1a: Groudon\n|-damage|p1a: Groudon|71\/100\n|-damage|p2a: \ud83c\udf2cSKARMORY\ud83c\udf2a\ud83c\udf2a|86\/100|[from] Recoil\n|move|p1a: Groudon|Stealth Rock|p2a: \ud83c\udf2cSKARMORY\ud83c\udf2a\ud83c\udf2a\n|-sidestart|p2: AERO-M0DE\u2b06\ufe0f|move: Stealth Rock\n|\n|-weather|DesolateLand|[upkeep]\n|upkeep\n|turn|2\n|\n|t:|1699810255\n|move|p2a: \ud83c\udf2cSKARMORY\ud83c\udf2a\ud83c\udf2a|Brave Bird|p1a: Groudon\n|-damage|p1a: Groudon|39\/100\n|-damage|p2a: \ud83c\udf2cSKARMORY\ud83c\udf2a\ud83c\udf2a|70\/100|[from] Recoil\n|move|p1a: Groudon|Fire Punch|p2a: \ud83c\udf2cSKARMORY\ud83c\udf2a\ud83c\udf2a\n|-supereffective|p2a: \ud83c\udf2cSKARMORY\ud83c\udf2a\ud83c\udf2a\n|-damage|p2a: \ud83c\udf2cSKARMORY\ud83c\udf2a\ud83c\udf2a|0 fnt\n|faint|p2a: \ud83c\udf2cSKARMORY\ud83c\udf2a\ud83c\udf2a\n|\n|-weather|DesolateLand|[upkeep]\n|upkeep\n|\n|t:|1699810267\n|switch|p2a: \ud83c\udf2cARCEUS-FLYING\ud83c\udf2a|Arceus-Flying|100\/100\n|-damage|p2a: \ud83c\udf2cARCEUS-FLYING\ud83c\udf2a|76\/100|[from] Stealth Rock\n|turn|3\n|\n|t:|1699810274\n|move|p2a: \ud83c\udf2cARCEUS-FLYING\ud83c\udf2a|Judgment|p1a: Groudon\n|-damage|p1a: Groudon|0 fnt\n|faint|p1a: Groudon\n|-weather|none\n|\n|upkeep\n|\n|t:|1699810278\n|switch|p1a: Pearl Jam|Cloyster, M|100\/100\n|turn|4\n|\n|t:|1699810284\n|move|p2a: \ud83c\udf2cARCEUS-FLYING\ud83c\udf2a|Air Slash|p1a: Pearl Jam\n|-enditem|p1a: Pearl Jam|Focus Sash\n|-damage|p1a: Pearl Jam|1\/100\n|move|p1a: Pearl Jam|Shell Smash|p1a: Pearl Jam\n|-unboost|p1a: Pearl Jam|def|1\n|-unboost|p1a: Pearl Jam|spd|1\n|-boost|p1a: Pearl Jam|atk|2\n|-boost|p1a: Pearl Jam|spa|2\n|-boost|p1a: Pearl Jam|spe|2\n|\n|upkeep\n|turn|5\n|\n|t:|1699810294\n|move|p1a: Pearl Jam|Icicle Spear|p2a: \ud83c\udf2cARCEUS-FLYING\ud83c\udf2a\n|-supereffective|p2a: \ud83c\udf2cARCEUS-FLYING\ud83c\udf2a\n|-damage|p2a: \ud83c\udf2cARCEUS-FLYING\ud83c\udf2a|39\/100\n|-supereffective|p2a: \ud83c\udf2cARCEUS-FLYING\ud83c\udf2a\n|-damage|p2a: \ud83c\udf2cARCEUS-FLYING\ud83c\udf2a|0 fnt\n|faint|p2a: \ud83c\udf2cARCEUS-FLYING\ud83c\udf2a\n|-hitcount|p2: \ud83c\udf2cARCEUS-FLYING\ud83c\udf2a|2\n|\n|upkeep\n|\n|t:|1699810307\n|switch|p2a: \ud83c\udf2cCROBAT\ud83c\udf2a\ud83c\udf2a|Crobat, M, shiny|100\/100\n|-damage|p2a: \ud83c\udf2cCROBAT\ud83c\udf2a\ud83c\udf2a|76\/100|[from] Stealth Rock\n|turn|6\n|\n|t:|1699810313\n|move|p1a: Pearl Jam|Icicle Spear|p2a: \ud83c\udf2cCROBAT\ud83c\udf2a\ud83c\udf2a\n|-supereffective|p2a: \ud83c\udf2cCROBAT\ud83c\udf2a\ud83c\udf2a\n|-damage|p2a: \ud83c\udf2cCROBAT\ud83c\udf2a\ud83c\udf2a|17\/100\n|-supereffective|p2a: \ud83c\udf2cCROBAT\ud83c\udf2a\ud83c\udf2a\n|-damage|p2a: \ud83c\udf2cCROBAT\ud83c\udf2a\ud83c\udf2a|0 fnt\n|faint|p2a: \ud83c\udf2cCROBAT\ud83c\udf2a\ud83c\udf2a\n|-hitcount|p2: \ud83c\udf2cCROBAT\ud83c\udf2a\ud83c\udf2a|2\n|\n|upkeep\n|\n|t:|1699810323\n|switch|p2a: \ud83c\udf2cLUGIA\ud83c\udf2a\ud83c\udf2a|Lugia|100\/100\n|-damage|p2a: \ud83c\udf2cLUGIA\ud83c\udf2a\ud83c\udf2a|76\/100|[from] Stealth Rock\n|turn|7\n|\n|t:|1699810329\n|move|p1a: Pearl Jam|Icicle Spear|p2a: \ud83c\udf2cLUGIA\ud83c\udf2a\ud83c\udf2a\n|-supereffective|p2a: \ud83c\udf2cLUGIA\ud83c\udf2a\ud83c\udf2a\n|-damage|p2a: \ud83c\udf2cLUGIA\ud83c\udf2a\ud83c\udf2a|41\/100\n|-supereffective|p2a: \ud83c\udf2cLUGIA\ud83c\udf2a\ud83c\udf2a\n|-damage|p2a: \ud83c\udf2cLUGIA\ud83c\udf2a\ud83c\udf2a|8\/100\n|-supereffective|p2a: \ud83c\udf2cLUGIA\ud83c\udf2a\ud83c\udf2a\n|-damage|p2a: \ud83c\udf2cLUGIA\ud83c\udf2a\ud83c\udf2a|0 fnt\n|faint|p2a: \ud83c\udf2cLUGIA\ud83c\udf2a\ud83c\udf2a\n|-hitcount|p2: \ud83c\udf2cLUGIA\ud83c\udf2a\ud83c\udf2a|3\n|\n|upkeep\n|-message|AERO-M0DE\u2b06\ufe0f forfeited.\n|\n|win|KarmaKazama0\n|raw|KarmaKazama0's rating: 1126 &rarr; <strong>1152<\/strong><br \/>(+26 for winning)\n|raw|AERO-M0DE\u2b06\ufe0f's rating: 1146 &rarr; <strong>1120<\/strong><br \/>(-26 for losing)\n|l|\u2606AERO-M0DE\u2b06\ufe0f\n","uploadtime":1699810339,"views":14,"p1id":"karmakazama0","p2id":"aerom0de","formatid":"gen9nationaldexubers","rating":1120,"private":0,"password":""}