{"id":"gen9nationaldexubers-1978455395","p1":"KingoftheTitans","p2":"incrediblebraps","format":"[Gen 9] National Dex Ubers","log":"|j|\u2606KingoftheTitans\n|j|\u2606incrediblebraps\n|t:|1698541214\n|gametype|singles\n|player|p1|KingoftheTitans|1|1394\n|player|p2|incrediblebraps|teacher-gen2|1323\n|teamsize|p1|6\n|teamsize|p2|6\n|gen|9\n|tier|[Gen 9] National Dex Ubers\n|rated|\n|rule|HP Percentage Mod: HP is shown in percentages\n|rule|Endless Battle Clause: Forcing endless battles is banned\n|rule|OHKO Clause: OHKO moves are banned\n|rule|Evasion Moves Clause: Evasion moves are banned\n|rule|Evasion Items Clause: Evasion items are banned\n|rule|Species Clause: Limit one of each Pok\u00e9mon\n|rule|Sleep Clause Mod: Limit one foe put to sleep\n|rule|Mega Rayquaza Clause: You cannot mega evolve Rayquaza\n|clearpoke\n|poke|p1|Ogerpon-Hearthflame, F|\n|poke|p1|Deoxys-Attack|\n|poke|p1|Salamence, M|\n|poke|p1|Dragapult, M|\n|poke|p1|Darmanitan-Galar, F|\n|poke|p1|Flutter Mane|\n|poke|p2|Lunala|\n|poke|p2|Magearna|\n|poke|p2|Groudon|\n|poke|p2|Giratina-Origin|\n|poke|p2|Zygarde|\n|poke|p2|Yveltal|\n|teampreview\n|inactive|Battle timer is ON: inactive players will automatically lose when time's up. (requested by incrediblebraps)\n|j| 85792195wwww\n|\n|t:|1698541231\n|start\n|switch|p1a: Deoxys|Deoxys-Attack, shiny|100\/100\n|switch|p2a: Magearna|Magearna|100\/100\n|-ability|p1a: Deoxys|Pressure\n|turn|1\n|c|\u2606incrediblebraps|mama mia\n|\n|t:|1698541250\n|move|p1a: Deoxys|Psycho Boost|p2a: Magearna|[miss]\n|-miss|p1a: Deoxys|p2a: Magearna\n|move|p2a: Magearna|Volt Switch|p1a: Deoxys\n|-damage|p1a: Deoxys|16\/100\n|\n|t:|1698541257\n|switch|p2a: Lunala|Lunala|100\/100|[from] Volt Switch\n|\n|upkeep\n|turn|2\n|\n|t:|1698541263\n|switch|p2a: Magearna|Magearna|100\/100\n|move|p1a: Deoxys|Ice Beam|p2a: Magearna\n|-resisted|p2a: Magearna\n|-damage|p2a: Magearna|88\/100\n|\n|-heal|p2a: Magearna|94\/100|[from] item: Leftovers\n|upkeep\n|turn|3\n|j| grass knot zygarde\n|\n|t:|1698541270\n|move|p1a: Deoxys|Psycho Boost|p2a: Magearna\n|-resisted|p2a: Magearna\n|-damage|p2a: Magearna|63\/100\n|-unboost|p1a: Deoxys|spa|2\n|move|p2a: Magearna|Volt Switch|p1a: Deoxys\n|-damage|p1a: Deoxys|0 fnt\n|faint|p1a: Deoxys\n|-ability|p2a: Magearna|Soul-Heart|boost\n|-boost|p2a: Magearna|spa|1\n|c|\u2606incrediblebraps|this battle needs a hero!!!\n|c|\u2606incrediblebraps|braaaaaaaaap\n|c| grass knot zygarde|that isnt ho btw\n|c|\u2606KingoftheTitans|Uh\n|\n|t:|1698541287\n|switch|p2a: Giratina|Giratina-Origin|100\/100|[from] Volt Switch\n|\n|upkeep\n|c|\u2606KingoftheTitans|What's going on...\n|c|\u2606incrediblebraps|in my beautiful green heart\n|c|\u2606incrediblebraps|it is ho\n|c|\u2606incrediblebraps|it is\n|\n|t:|1698541296\n|switch|p1a: Darmanitan|Darmanitan-Galar, F, shiny|100\/100\n|turn|4\n|\n|t:|1698541300\n|switch|p2a: Groudon|Groudon|100\/100\n|detailschange|p2a: Groudon|Groudon-Primal\n|-primal|p2a: Groudon|Red Orb\n|-weather|DesolateLand|[from] ability: Desolate Land|[of] p2a: Groudon\n|move|p1a: Darmanitan|Icicle Crash|p2a: Groudon\n|-damage|p2a: Groudon|67\/100\n|\n|-weather|DesolateLand|[upkeep]\n|upkeep\n|turn|5\n|\n|t:|1698541318\n|switch|p1a: Salamence|Salamence, M, shiny|100\/100\n|-ability|p1a: Salamence|Intimidate|boost\n|-unboost|p2a: Groudon|atk|1\n|move|p2a: Groudon|Stone Edge|p1a: Salamence|[miss]\n|-miss|p2a: Groudon|p1a: Salamence\n|\n|-weather|DesolateLand|[upkeep]\n|upkeep\n|turn|6\n|c| grass knot zygarde|this dude\n|\n|t:|1698541327\n|detailschange|p1a: Salamence|Salamence-Mega, M, shiny\n|-mega|p1a: Salamence|Salamence|Salamencite\n|move|p1a: Salamence|Dragon Dance|p1a: Salamence\n|-boost|p1a: Salamence|atk|1\n|-boost|p1a: Salamence|spe|1\n|move|p2a: Groudon|Toxic|p1a: Salamence\n|-status|p1a: Salamence|tox\n|\n|-weather|DesolateLand|[upkeep]\n|-damage|p1a: Salamence|94\/100 tox|[from] psn\n|upkeep\n|turn|7\n|c| grass knot zygarde|has a team\n|c| grass knot zygarde|full of green dudes\n|c|\u2606KingoftheTitans|Well yeah\n|c| grass knot zygarde|and thought i wouldnt notice\n|c|\u2606incrediblebraps|he loves incredible gassy\n|c|\u2606KingoftheTitans|It was intentional\n|c|\u2606incrediblebraps|he's brapping up a storm\n|\n|t:|1698541349\n|move|p1a: Salamence|Earthquake|p2a: Groudon\n|-supereffective|p2a: Groudon\n|-damage|p2a: Groudon|3\/100\n|move|p2a: Groudon|Stone Edge|p1a: Salamence|[miss]\n|-miss|p2a: Groudon|p1a: Salamence\n|\n|-weather|DesolateLand|[upkeep]\n|-damage|p1a: Salamence|82\/100 tox|[from] psn\n|upkeep\n|turn|8\n|c|\u2606KingoftheTitans|You guys heard of a YTber called Dream?\n|c|\u2606incrediblebraps|idk who the fuck that is\n|c| grass knot zygarde|no\n|c|\u2606KingoftheTitans|Also, Stone Edge? More like Stone Miss\n|c|\u2606incrediblebraps|i only know incredible gassy\n|c|\u2606KingoftheTitans|Ah okay\n|inactive|KingoftheTitans has 120 seconds left.\n|c|\u2606KingoftheTitans|Pro Minecrafter\n|c|\u2606incrediblebraps|that stone miss joke has been made 340 times already\n|c|\u2606KingoftheTitans|Has an entirely green Minecraft skin\n|c| grass knot zygarde|im better\n|\n|t:|1698541378\n|move|p1a: Salamence|Body Slam|p2a: Groudon\n|-damage|p2a: Groudon|0 fnt\n|faint|p2a: Groudon\n|-weather|none\n|\n|-damage|p1a: Salamence|64\/100 tox|[from] psn\n|upkeep\n|c|\u2606incrediblebraps|gah damn man\n|c| grass knot zygarde|whatever\n|\n|t:|1698541382\n|switch|p2a: Lunala|Lunala|100\/100\n|turn|9\n|\n|t:|1698541388\n|move|p1a: Salamence|Body Slam|p2a: Lunala\n|-damage|p2a: Lunala|67\/100\n|move|p2a: Lunala|Hex|p1a: Salamence\n|-damage|p1a: Salamence|0 fnt\n|faint|p1a: Salamence\n|\n|upkeep\n|c| grass knot zygarde|im better than whoever this dream guy is\n|\n|t:|1698541395\n|switch|p1a: Flutter Mane|Flutter Mane, shiny|100\/100\n|-enditem|p1a: Flutter Mane|Booster Energy\n|-activate|p1a: Flutter Mane|ability: Protosynthesis|[fromitem]\n|-start|p1a: Flutter Mane|protosynthesisspe\n|turn|10\n|c|\u2606KingoftheTitans|Uh\n|c|\u2606KingoftheTitans|Okay then\n|\n|t:|1698541401\n|-terastallize|p2a: Lunala|Dark\n|move|p1a: Flutter Mane|Shadow Ball|p2a: Lunala\n|-resisted|p2a: Lunala\n|-damage|p2a: Lunala|53\/100\n|move|p2a: Lunala|Hex|p1a: Flutter Mane\n|-supereffective|p1a: Flutter Mane\n|-damage|p1a: Flutter Mane|34\/100\n|\n|upkeep\n|turn|11\n|c|\u2606incrediblebraps|i have like\n|c|\u2606incrediblebraps|over 50000 hours\n|c|\u2606incrediblebraps|on that game\n|c|\u2606incrediblebraps|so\n|\n|t:|1698541409\n|switch|p2a: Magearna|Magearna|63\/100\n|move|p1a: Flutter Mane|Moonblast|p2a: Magearna\n|-resisted|p2a: Magearna\n|-damage|p2a: Magearna|48\/100\n|\n|-heal|p2a: Magearna|54\/100|[from] item: Leftovers\n|upkeep\n|turn|12\n|\n|t:|1698541416\n|move|p1a: Flutter Mane|Mystical Fire|p2a: Magearna\n|-supereffective|p2a: Magearna\n|-damage|p2a: Magearna|19\/100\n|-unboost|p2a: Magearna|spa|1\n|move|p2a: Magearna|Fleur Cannon|p1a: Flutter Mane\n|-damage|p1a: Flutter Mane|0 fnt\n|-unboost|p2a: Magearna|spa|2\n|faint|p1a: Flutter Mane\n|-ability|p2a: Magearna|Soul-Heart|boost\n|-boost|p2a: Magearna|spa|1\n|-end|p1a: Flutter Mane|Protosynthesis|[silent]\n|\n|-heal|p2a: Magearna|25\/100|[from] item: Leftovers\n|upkeep\n|\n|t:|1698541432\n|switch|p1a: Ogerpon|Ogerpon-Hearthflame, F|100\/100\n|-ability|p1a: Ogerpon|Mold Breaker\n|turn|13\n|c|\u2606incrediblebraps|this is so gassy\n|\n|t:|1698541436\n|move|p1a: Ogerpon|Ivy Cudgel|p2a: Magearna\n|-supereffective|p2a: Magearna\n|-damage|p2a: Magearna|0 fnt\n|faint|p2a: Magearna\n|\n|upkeep\n|\n|t:|1698541439\n|switch|p2a: Zygarde|Zygarde, shiny|100\/100\n|turn|14\n|\n|t:|1698541443\n|move|p1a: Ogerpon|Swords Dance|p1a: Ogerpon\n|-boost|p1a: Ogerpon|atk|2\n|move|p2a: Zygarde|Glare|p1a: Ogerpon\n|-status|p1a: Ogerpon|par\n|\n|upkeep\n|turn|15\n|\n|t:|1698541453\n|-terastallize|p1a: Ogerpon|Fire\n|detailschange|p1a: Ogerpon|Ogerpon-Hearthflame-Tera, F, tera:Fire\n|-ability|p1a: Ogerpon|Embody Aspect (Hearthflame)|boost\n|-boost|p1a: Ogerpon|atk|1\n|move|p2a: Zygarde|Coil|p2a: Zygarde\n|-boost|p2a: Zygarde|atk|1\n|-boost|p2a: Zygarde|def|1\n|-boost|p2a: Zygarde|accuracy|1\n|move|p1a: Ogerpon|Horn Leech|p2a: Zygarde\n|-crit|p2a: Zygarde\n|-damage|p2a: Zygarde|12\/100\n|\n|-heal|p2a: Zygarde|18\/100|[from] item: Leftovers\n|-activate|p2a: Zygarde|ability: Power Construct\n|detailschange|p2a: Zygarde|Zygarde-Complete, shiny\n|-heal|p2a: Zygarde|46\/100|[silent]\n|upkeep\n|turn|16\n|\n|t:|1698541467\n|move|p2a: Zygarde|Thousand Arrows|p1a: Ogerpon\n|-supereffective|p1a: Ogerpon\n|-damage|p1a: Ogerpon|0 fnt\n|faint|p1a: Ogerpon\n|\n|-heal|p2a: Zygarde|52\/100|[from] item: Leftovers\n|upkeep\n|c| grass knot zygarde|cool crit\n|\n|t:|1698541473\n|switch|p1a: Darmanitan|Darmanitan-Galar, F, shiny|100\/100\n|turn|17\n|\n|t:|1698541478\n|move|p1a: Darmanitan|Icicle Crash|p2a: Zygarde\n|-supereffective|p2a: Zygarde\n|-damage|p2a: Zygarde|0 fnt\n|faint|p2a: Zygarde\n|\n|upkeep\n|\n|t:|1698541481\n|switch|p2a: Giratina|Giratina-Origin|100\/100\n|turn|18\n|\n|t:|1698541484\n|move|p1a: Darmanitan|Icicle Crash|p2a: Giratina\n|-supereffective|p2a: Giratina\n|-damage|p2a: Giratina|5\/100\n|cant|p2a: Giratina|flinch\n|\n|upkeep\n|turn|19\n|c|\u2606incrediblebraps|okay\n|c|\u2606KingoftheTitans|YES\n|\n|t:|1698541490\n|move|p1a: Darmanitan|Icicle Crash|p2a: Giratina\n|-supereffective|p2a: Giratina\n|-damage|p2a: Giratina|0 fnt\n|faint|p2a: Giratina\n|\n|upkeep\n|c|\u2606incrediblebraps|i think\n|c| grass knot zygarde|no way\n|c|\u2606incrediblebraps|i only lose\n|c|\u2606incrediblebraps|if my opponent is worse\n|c|\u2606incrediblebraps|sooo\n|c|\u2606incrediblebraps|wahteverr\n|\n|t:|1698541503\n|switch|p2a: Lunala|Lunala, tera:Dark|53\/100\n|turn|20\n|c|\u2606KingoftheTitans|DREAM TEAM\n|\n|t:|1698541506\n|move|p1a: Darmanitan|Icicle Crash|p2a: Lunala\n|-damage|p2a: Lunala|0 fnt\n|faint|p2a: Lunala\n|\n|upkeep\n|\n|t:|1698541508\n|switch|p2a: Yveltal|Yveltal|100\/100\n|-ability|p2a: Yveltal|Dark Aura\n|turn|21\n|\n|t:|1698541514\n|move|p1a: Darmanitan|Icicle Crash|p2a: Yveltal|[miss]\n|-miss|p1a: Darmanitan|p2a: Yveltal\n|move|p2a: Yveltal|Heat Wave|p1a: Darmanitan\n|-supereffective|p1a: Darmanitan\n|-damage|p1a: Darmanitan|0 fnt\n|faint|p1a: Darmanitan\n|-damage|p2a: Yveltal|91\/100|[from] item: Life Orb\n|\n|upkeep\n|c|\u2606KingoftheTitans|NO\n|c|\u2606incrediblebraps|pffft\n|c|\u2606incrediblebraps|dream sucks\n|c| grass knot zygarde|PFFFFFFT\n|c|\u2606incrediblebraps|that's all u have to know\n|\n|t:|1698541521\n|switch|p1a: Dragapult|Dragapult, M, shiny|100\/100\n|turn|22\n|\n|t:|1698541525\n|move|p1a: Dragapult|Draco Meteor|p2a: Yveltal|[miss]\n|-miss|p1a: Dragapult|p2a: Yveltal\n|move|p2a: Yveltal|Dark Pulse|p1a: Dragapult\n|-supereffective|p1a: Dragapult\n|-damage|p1a: Dragapult|0 fnt\n|-start|p2a: Yveltal|Disable|Dark Pulse|[from] ability: Cursed Body|[of] p1a: Dragapult\n|faint|p1a: Dragapult\n|-damage|p2a: Yveltal|81\/100|[from] item: Life Orb\n|\n|win|incrediblebraps\n|raw|KingoftheTitans's rating: 1394 &rarr; <strong>1370<\/strong><br \/>(-24 for losing)\n|raw|incrediblebraps's rating: 1323 &rarr; <strong>1347<\/strong><br \/>(+24 for winning)\n|c|\u2606incrediblebraps|YEAH\n|c|\u2606KingoftheTitans|NOOOOOOOOOOOO\n|c|\u2606incrediblebraps|HOW IT FEEL\n|c|\u2606incrediblebraps|YEA\n|c|\u2606incrediblebraps|YEA\n|c|\u2606incrediblebraps|YEA\n|l|\u2606incrediblebraps\n|c|\u2606KingoftheTitans|The greeness could not save me\n","uploadtime":1698541538,"views":8,"p1id":"kingofthetitans","p2id":"incrediblebraps","formatid":"gen9nationaldexubers","rating":1347,"private":0,"password":""}