{"id":"gen9nationaldexubers-1987731204","p1":"zMesa","p2":"AdrianGarcia1604","format":"[Gen 9] National Dex Ubers","log":"|j|\u2606zMesa\n|j|\u2606AdrianGarcia1604\n|t:|1699631773\n|gametype|singles\n|player|p1|zMesa|hilbert|\n|player|p2|AdrianGarcia1604|ethan|\n|teamsize|p1|6\n|teamsize|p2|6\n|gen|9\n|tier|[Gen 9] National Dex Ubers\n|rule|HP Percentage Mod: HP is shown in percentages\n|rule|Endless Battle Clause: Forcing endless battles is banned\n|rule|OHKO Clause: OHKO moves are banned\n|rule|Evasion Moves Clause: Evasion moves are banned\n|rule|Evasion Items Clause: Evasion items are banned\n|rule|Species Clause: Limit one of each Pok\u00e9mon\n|rule|Sleep Clause Mod: Limit one foe put to sleep\n|rule|Mega Rayquaza Clause: You cannot mega evolve Rayquaza\n|clearpoke\n|poke|p1|Galvantula, F|\n|poke|p1|Ogerpon-Hearthflame, F|\n|poke|p1|Baxcalibur, M|\n|poke|p1|Greninja-*, M|\n|poke|p1|Lycanroc-Dusk, F|\n|poke|p1|Lucario, M|\n|poke|p2|Lopunny, F|\n|poke|p2|Zoroark-Hisui, F|\n|poke|p2|Cyclizar, F|\n|poke|p2|Porygon2|\n|poke|p2|Staraptor, F|\n|poke|p2|Meloetta|\n|teampreview\n|\n|t:|1699631795\n|start\n|switch|p1a: Ogerpon|Ogerpon-Hearthflame, F|100\/100\n|switch|p2a: Porygon2|Porygon2, shiny|100\/100\n|-ability|p1a: Ogerpon|Mold Breaker\n|-ability|p2a: Porygon2|Mold Breaker\n|-ability|p2a: Porygon2|Mold Breaker|[from] ability: Trace|[of] p1a: Ogerpon\n|turn|1\n|\n|t:|1699631813\n|move|p1a: Ogerpon|Swords Dance|p1a: Ogerpon\n|-boost|p1a: Ogerpon|atk|2\n|move|p2a: Porygon2|Discharge|p1a: Ogerpon\n|-resisted|p1a: Ogerpon\n|-damage|p1a: Ogerpon|91\/100\n|-status|p1a: Ogerpon|par\n|\n|upkeep\n|turn|2\n|\n|t:|1699631825\n|-terastallize|p1a: Ogerpon|Fire\n|detailschange|p1a: Ogerpon|Ogerpon-Hearthflame-Tera, F, tera:Fire\n|-ability|p1a: Ogerpon|Embody Aspect (Hearthflame)|boost\n|-boost|p1a: Ogerpon|atk|1\n|move|p1a: Ogerpon|Trailblaze|p2a: Porygon2\n|-damage|p2a: Porygon2|65\/100\n|-boost|p1a: Ogerpon|spe|1\n|move|p2a: Porygon2|Psychic|p1a: Ogerpon\n|-damage|p1a: Ogerpon|66\/100 par\n|\n|upkeep\n|turn|3\n|\n|t:|1699631840\n|move|p1a: Ogerpon|Trailblaze|p2a: Porygon2\n|-damage|p2a: Porygon2|33\/100\n|-boost|p1a: Ogerpon|spe|1\n|move|p2a: Porygon2|Psychic|p1a: Ogerpon\n|-damage|p1a: Ogerpon|44\/100 par\n|\n|upkeep\n|turn|4\n|\n|t:|1699631850\n|move|p1a: Ogerpon|Trailblaze|p2a: Porygon2\n|-damage|p2a: Porygon2|0 fnt\n|-boost|p1a: Ogerpon|spe|1\n|faint|p2a: Porygon2\n|\n|upkeep\n|\n|t:|1699631866\n|switch|p2a: Cyclizar|Cyclizar, F, shiny|100\/100\n|turn|5\n|\n|t:|1699631874\n|move|p1a: Ogerpon|Knock Off|p2a: Cyclizar\n|-crit|p2a: Cyclizar\n|-damage|p2a: Cyclizar|0 fnt\n|-enditem|p2a: Cyclizar|Sitrus Berry|[from] move: Knock Off|[of] p1a: Ogerpon\n|faint|p2a: Cyclizar\n|\n|upkeep\n|\n|t:|1699631883\n|switch|p2a: Lopunny|Lopunny, F, shiny|100\/100\n|turn|6\n|\n|t:|1699631889\n|detailschange|p2a: Lopunny|Lopunny-Mega, F, shiny\n|-mega|p2a: Lopunny|Lopunny|Lopunnite\n|move|p1a: Ogerpon|Ivy Cudgel|p2a: Lopunny\n|-damage|p2a: Lopunny|0 fnt\n|faint|p2a: Lopunny\n|\n|upkeep\n|\n|t:|1699631896\n|switch|p2a: Staraptor|Staraptor, F, shiny|100\/100\n|turn|7\n|\n|t:|1699631903\n|move|p1a: Ogerpon|Ivy Cudgel|p2a: Staraptor\n|-damage|p2a: Staraptor|0 fnt\n|faint|p2a: Staraptor\n|\n|upkeep\n|\n|t:|1699631907\n|switch|p2a: Meloetta|Meloetta|100\/100\n|turn|8\n|\n|t:|1699631913\n|move|p1a: Ogerpon|Knock Off|p2a: Meloetta\n|-supereffective|p2a: Meloetta\n|-damage|p2a: Meloetta|0 fnt\n|replace|p2a: Zoroark|Zoroark-Hisui, F, shiny\n|-end|p2a: Zoroark|Illusion\n|-enditem|p2a: Zoroark|Life Orb|[from] move: Knock Off|[of] p1a: Ogerpon\n|faint|p2a: Zoroark\n|\n|upkeep\n|\n|t:|1699631917\n|switch|p2a: Meloetta|Meloetta|100\/100\n|turn|9\n|\n|t:|1699631930\n|-terastallize|p2a: Meloetta|Ghost\n|move|p1a: Ogerpon|Knock Off|p2a: Meloetta\n|-supereffective|p2a: Meloetta\n|-damage|p2a: Meloetta|0 fnt\n|-enditem|p2a: Meloetta|Choice Specs|[from] move: Knock Off|[of] p1a: Ogerpon\n|faint|p2a: Meloetta\n|\n|win|zMesa\n|l|\u2606AdrianGarcia1604\n","uploadtime":1699631945,"views":8,"p1id":"zmesa","p2id":"adriangarcia1604","formatid":"gen9nationaldexubers","rating":0,"private":0,"password":""}