{"id":"gen9nationaldexubers-1983233651","p1":"KingoftheTitans","p2":"chenfeng","format":"[Gen 9] National Dex Ubers","log":"|j|\u2606KingoftheTitans\n|j|\u2606chenfeng\n|t:|1699108505\n|gametype|singles\n|player|p1|KingoftheTitans|102|1374\n|player|p2|chenfeng|pokemonranger-gen4|1435\n|teamsize|p1|6\n|teamsize|p2|6\n|gen|9\n|tier|[Gen 9] National Dex Ubers\n|rated|\n|rule|HP Percentage Mod: HP is shown in percentages\n|rule|Endless Battle Clause: Forcing endless battles is banned\n|rule|OHKO Clause: OHKO moves are banned\n|rule|Evasion Moves Clause: Evasion moves are banned\n|rule|Evasion Items Clause: Evasion items are banned\n|rule|Species Clause: Limit one of each Pok\u00e9mon\n|rule|Sleep Clause Mod: Limit one foe put to sleep\n|rule|Mega Rayquaza Clause: You cannot mega evolve Rayquaza\n|clearpoke\n|poke|p1|Landorus, M|\n|poke|p1|Aegislash, M|\n|poke|p1|Rotom-Wash|\n|poke|p1|Blaziken, M|\n|poke|p1|Genesect-Douse|\n|poke|p1|Solgaleo|\n|poke|p2|Flutter Mane|\n|poke|p2|Kingambit, F|\n|poke|p2|Glimmora, M|\n|poke|p2|Umbreon, M|\n|poke|p2|Garganacl, F|\n|poke|p2|Pheromosa|\n|teampreview\n|\n|t:|1699108521\n|start\n|switch|p1a: Genesect|Genesect-Douse, shiny|100\/100\n|switch|p2a: Glimmora|Glimmora, M|100\/100\n|-ability|p1a: Genesect|Download|boost\n|-boost|p1a: Genesect|spa|1\n|turn|1\n|\n|t:|1699108532\n|move|p1a: Genesect|Flash Cannon|p2a: Glimmora\n|-supereffective|p2a: Glimmora\n|-enditem|p2a: Glimmora|Focus Sash\n|-damage|p2a: Glimmora|1\/100\n|-unboost|p2a: Glimmora|spd|1\n|move|p2a: Glimmora|Stealth Rock|p1a: Genesect\n|-sidestart|p1: KingoftheTitans|move: Stealth Rock\n|\n|upkeep\n|turn|2\n|\n|t:|1699108541\n|move|p1a: Genesect|Techno Blast|p2a: Glimmora\n|-supereffective|p2a: Glimmora\n|-damage|p2a: Glimmora|0 fnt\n|faint|p2a: Glimmora\n|\n|upkeep\n|\n|t:|1699108548\n|switch|p2a: Flutter Mane|Flutter Mane|100\/100\n|turn|3\n|\n|t:|1699108553\n|move|p2a: Flutter Mane|Mystical Fire|p1a: Genesect\n|-supereffective|p1a: Genesect\n|-damage|p1a: Genesect|0 fnt\n|faint|p1a: Genesect\n|-damage|p2a: Flutter Mane|91\/100|[from] item: Life Orb\n|\n|upkeep\n|\n|t:|1699108569\n|switch|p1a: Aegislash|Aegislash, M, shiny|100\/100\n|-damage|p1a: Aegislash|94\/100|[from] Stealth Rock\n|turn|4\n|\n|t:|1699108579\n|-terastallize|p2a: Flutter Mane|Ghost\n|-formechange|p1a: Aegislash|Aegislash-Blade||[from] ability: Stance Change\n|move|p1a: Aegislash|Shadow Sneak|p2a: Flutter Mane\n|-supereffective|p2a: Flutter Mane\n|-damage|p2a: Flutter Mane|0 fnt\n|faint|p2a: Flutter Mane\n|-end|p2a: Flutter Mane|Protosynthesis|[silent]\n|\n|upkeep\n|\n|t:|1699108594\n|switch|p2a: Garganacl|Garganacl, F|100\/100\n|turn|5\n|\n|t:|1699108603\n|switch|p1a: Landorus|Landorus, M|100\/100\n|-damage|p1a: Landorus|88\/100|[from] Stealth Rock\n|move|p2a: Garganacl|Iron Defense|p2a: Garganacl\n|-boost|p2a: Garganacl|def|2\n|\n|upkeep\n|turn|6\n|\n|t:|1699108613\n|switch|p2a: Umbreon|Umbreon, M|100\/100\n|move|p1a: Landorus|Sandsear Storm|p2a: Umbreon\n|-damage|p2a: Umbreon|60\/100\n|\n|-heal|p2a: Umbreon|66\/100|[from] item: Leftovers\n|upkeep\n|turn|7\n|\n|t:|1699108623\n|move|p1a: Landorus|Focus Blast|p2a: Umbreon\n|-supereffective|p2a: Umbreon\n|-damage|p2a: Umbreon|0 fnt\n|faint|p2a: Umbreon\n|\n|upkeep\n|\n|t:|1699108627\n|switch|p2a: Pheromosa|Pheromosa|100\/100\n|turn|8\n|\n|t:|1699108637\n|switch|p1a: Aegislash|Aegislash, M, shiny|94\/100\n|-damage|p1a: Aegislash|88\/100|[from] Stealth Rock\n|move|p2a: Pheromosa|Triple Axel|p1a: Aegislash\n|-resisted|p1a: Aegislash\n|-damage|p1a: Aegislash|85\/100\n|-resisted|p1a: Aegislash\n|-damage|p1a: Aegislash|80\/100\n|-resisted|p1a: Aegislash\n|-damage|p1a: Aegislash|71\/100\n|-hitcount|p1a: Aegislash|3\n|\n|upkeep\n|turn|9\n|\n|t:|1699108647\n|move|p2a: Pheromosa|Lunge|p1a: Aegislash\n|-resisted|p1a: Aegislash\n|-damage|p1a: Aegislash|63\/100\n|-unboost|p1a: Aegislash|atk|1\n|-formechange|p1a: Aegislash|Aegislash-Blade||[from] ability: Stance Change\n|move|p1a: Aegislash|Iron Head|p2a: Pheromosa\n|-damage|p2a: Pheromosa|20\/100\n|\n|upkeep\n|turn|10\n|\n|t:|1699108666\n|move|p1a: Aegislash|Shadow Sneak|p2a: Pheromosa\n|-damage|p2a: Pheromosa|0 fnt\n|faint|p2a: Pheromosa\n|\n|upkeep\n|\n|t:|1699108671\n|switch|p2a: Garganacl|Garganacl, F|100\/100\n|turn|11\n|\n|t:|1699108675\n|move|p1a: Aegislash|Iron Head|p2a: Garganacl\n|-supereffective|p2a: Garganacl\n|-damage|p2a: Garganacl|68\/100\n|move|p2a: Garganacl|Salt Cure|p1a: Aegislash\n|-resisted|p1a: Aegislash\n|-damage|p1a: Aegislash|50\/100\n|-start|p1a: Aegislash|Salt Cure\n|\n|-heal|p2a: Garganacl|74\/100|[from] item: Leftovers\n|-damage|p1a: Aegislash|25\/100|[from] Salt Cure\n|upkeep\n|turn|12\n|\n|t:|1699108706\n|switch|p1a: Landorus|Landorus, M|88\/100\n|-damage|p1a: Landorus|76\/100|[from] Stealth Rock\n|move|p2a: Garganacl|Salt Cure|p1a: Landorus\n|-damage|p1a: Landorus|61\/100\n|-start|p1a: Landorus|Salt Cure\n|\n|-heal|p2a: Garganacl|80\/100|[from] item: Leftovers\n|-damage|p1a: Landorus|48\/100|[from] Salt Cure\n|upkeep\n|turn|13\n|\n|t:|1699108718\n|move|p1a: Landorus|Sandsear Storm|p2a: Garganacl\n|-supereffective|p2a: Garganacl\n|-damage|p2a: Garganacl|0 fnt\n|faint|p2a: Garganacl\n|\n|-damage|p1a: Landorus|36\/100|[from] Salt Cure\n|upkeep\n|\n|t:|1699108723\n|switch|p2a: Kingambit|Kingambit, F|100\/100\n|-activate|p2a: Kingambit|ability: Supreme Overlord\n|-start|p2a: Kingambit|fallen5|[silent]\n|turn|14\n|\n|t:|1699108731\n|-terastallize|p1a: Landorus|Fighting\n|move|p1a: Landorus|Focus Blast|p2a: Kingambit\n|-supereffective|p2a: Kingambit\n|-damage|p2a: Kingambit|0 fnt\n|faint|p2a: Kingambit\n|-end|p2a: Kingambit|fallen5|[silent]\n|\n|win|KingoftheTitans\n|raw|KingoftheTitans's rating: 1374 &rarr; <strong>1397<\/strong><br \/>(+23 for winning)\n|raw|chenfeng's rating: 1435 &rarr; <strong>1412<\/strong><br \/>(-23 for losing)\n|c|\u2606KingoftheTitans|gg\n|l|\u2606chenfeng\n","uploadtime":1699108741,"views":8,"p1id":"kingofthetitans","p2id":"chenfeng","formatid":"gen9nationaldexubers","rating":1397,"private":0,"password":""}