{"id":"gen9nationaldexubers-1995066154","p1":"Kdisue","p2":"Save a Solar","format":"[Gen 9] National Dex Ubers","log":"|j|\u2606Kdisue\n|j|\u2606Save a Solar\n|t:|1700518857\n|gametype|singles\n|player|p1|Kdisue|265|1187\n|player|p2|Save a Solar|brassius|1185\n|teamsize|p1|6\n|teamsize|p2|6\n|gen|9\n|tier|[Gen 9] National Dex Ubers\n|rated|\n|rule|HP Percentage Mod: HP is shown in percentages\n|rule|Endless Battle Clause: Forcing endless battles is banned\n|rule|OHKO Clause: OHKO moves are banned\n|rule|Evasion Moves Clause: Evasion moves are banned\n|rule|Evasion Items Clause: Evasion items are banned\n|rule|Species Clause: Limit one of each Pok\u00e9mon\n|rule|Sleep Clause Mod: Limit one foe put to sleep\n|rule|Mega Rayquaza Clause: You cannot mega evolve Rayquaza\n|clearpoke\n|poke|p1|Deoxys-Defense|\n|poke|p1|Chansey, F|\n|poke|p1|Ferrothorn, F|\n|poke|p1|Rotom-Wash|\n|poke|p1|Ho-Oh|\n|poke|p1|Lugia|\n|poke|p2|Palkia-Origin|\n|poke|p2|Necrozma-Dusk-Mane|\n|poke|p2|Zygarde|\n|poke|p2|Grimmsnarl, M|\n|poke|p2|Darmanitan-Galar, M|\n|poke|p2|Ditto|\n|teampreview\n|\n|t:|1700518869\n|start\n|switch|p1a: Washington|Rotom-Wash|100\/100\n|switch|p2a: HARRY|Grimmsnarl, M, shiny|100\/100\n|turn|1\n|\n|t:|1700518883\n|move|p2a: HARRY|Light Screen|p2a: HARRY\n|-sidestart|p2: Save a Solar|move: Light Screen\n|move|p1a: Washington|Trick|p2a: HARRY\n|-activate|p1a: Washington|move: Trick|[of] p2a: HARRY\n|-item|p2a: HARRY|Choice Specs|[from] move: Trick\n|-item|p1a: Washington|Light Clay|[from] move: Trick\n|\n|upkeep\n|turn|2\n|\n|t:|1700518891\n|move|p2a: HARRY|Reflect|p2a: HARRY\n|-sidestart|p2: Save a Solar|Reflect\n|move|p1a: Washington|Thunderbolt|p2a: HARRY\n|-damage|p2a: HARRY|80\/100\n|\n|upkeep\n|turn|3\n|\n|t:|1700518910\n|switch|p2a: #T1: DRACOBRA|Zygarde, shiny|100\/100\n|move|p1a: Washington|Volt Switch|p2a: #T1: DRACOBRA\n|-immune|p2a: #T1: DRACOBRA\n|\n|upkeep\n|turn|4\n|\n|t:|1700518920\n|switch|p1a: Egg woman|Chansey, F|100\/100\n|move|p2a: #T1: DRACOBRA|Substitute|p2a: #T1: DRACOBRA\n|-start|p2a: #T1: DRACOBRA|Substitute\n|-damage|p2a: #T1: DRACOBRA|75\/100\n|\n|-heal|p2a: #T1: DRACOBRA|82\/100|[from] item: Leftovers\n|upkeep\n|turn|5\n|\n|t:|1700518929\n|move|p2a: #T1: DRACOBRA|Dragon Dance|p2a: #T1: DRACOBRA\n|-boost|p2a: #T1: DRACOBRA|atk|1\n|-boost|p2a: #T1: DRACOBRA|spe|1\n|move|p1a: Egg woman|Ice Punch|p2a: #T1: DRACOBRA\n|-supereffective|p2a: #T1: DRACOBRA\n|-crit|p2a: #T1: DRACOBRA\n|-end|p2a: #T1: DRACOBRA|Substitute\n|\n|-heal|p2a: #T1: DRACOBRA|88\/100|[from] item: Leftovers\n|upkeep\n|turn|6\n|\n|t:|1700518939\n|move|p2a: #T1: DRACOBRA|Substitute|p2a: #T1: DRACOBRA\n|-start|p2a: #T1: DRACOBRA|Substitute\n|-damage|p2a: #T1: DRACOBRA|63\/100\n|move|p1a: Egg woman|Ice Punch|p2a: #T1: DRACOBRA\n|-supereffective|p2a: #T1: DRACOBRA\n|-crit|p2a: #T1: DRACOBRA\n|-end|p2a: #T1: DRACOBRA|Substitute\n|\n|-heal|p2a: #T1: DRACOBRA|69\/100|[from] item: Leftovers\n|-sideend|p2: Save a Solar|Reflect\n|upkeep\n|turn|7\n|inactive|Battle timer is ON: inactive players will automatically lose when time's up. (requested by Kdisue)\n|c|\u2606Save a Solar|damn lucky punch or something?\n|c|\u2606Kdisue|Yep\n|\n|t:|1700518974\n|move|p2a: #T1: DRACOBRA|Thousand Arrows|p1a: Egg woman\n|-damage|p1a: Egg woman|30\/100\n|move|p1a: Egg woman|Ice Punch|p2a: #T1: DRACOBRA\n|-supereffective|p2a: #T1: DRACOBRA\n|-crit|p2a: #T1: DRACOBRA\n|-damage|p2a: #T1: DRACOBRA|35\/100\n|\n|-heal|p2a: #T1: DRACOBRA|41\/100|[from] item: Leftovers\n|-activate|p2a: #T1: DRACOBRA|ability: Power Construct\n|detailschange|p2a: #T1: DRACOBRA|Zygarde-Complete, shiny\n|-heal|p2a: #T1: DRACOBRA|61\/100|[silent]\n|upkeep\n|turn|8\n|\n|t:|1700518987\n|move|p2a: #T1: DRACOBRA|Thousand Arrows|p1a: Egg woman\n|-damage|p1a: Egg woman|0 fnt\n|faint|p1a: Egg woman\n|\n|-heal|p2a: #T1: DRACOBRA|67\/100|[from] item: Leftovers\n|-sideend|p2: Save a Solar|move: Light Screen\n|upkeep\n|\n|t:|1700518998\n|switch|p1a: Iron boy|Ferrothorn, F|100\/100\n|turn|9\n|\n|t:|1700519004\n|move|p2a: #T1: DRACOBRA|Substitute|p2a: #T1: DRACOBRA\n|-start|p2a: #T1: DRACOBRA|Substitute\n|-damage|p2a: #T1: DRACOBRA|42\/100\n|move|p1a: Iron boy|Power Whip|p2a: #T1: DRACOBRA\n|-crit|p2a: #T1: DRACOBRA\n|-end|p2a: #T1: DRACOBRA|Substitute\n|\n|-heal|p2a: #T1: DRACOBRA|48\/100|[from] item: Leftovers\n|upkeep\n|turn|10\n|\n|t:|1700519018\n|move|p2a: #T1: DRACOBRA|Dragon Dance|p2a: #T1: DRACOBRA\n|-boost|p2a: #T1: DRACOBRA|atk|1\n|-boost|p2a: #T1: DRACOBRA|spe|1\n|move|p1a: Iron boy|Power Whip|p2a: #T1: DRACOBRA\n|-damage|p2a: #T1: DRACOBRA|13\/100\n|\n|-heal|p2a: #T1: DRACOBRA|19\/100|[from] item: Leftovers\n|upkeep\n|turn|11\n|\n|t:|1700519027\n|move|p2a: #T1: DRACOBRA|Thousand Arrows|p1a: Iron boy\n|-damage|p1a: Iron boy|31\/100\n|move|p1a: Iron boy|Power Whip|p2a: #T1: DRACOBRA\n|-damage|p2a: #T1: DRACOBRA|0 fnt\n|faint|p2a: #T1: DRACOBRA\n|\n|upkeep\n|\n|t:|1700519051\n|switch|p2a: Green Dhar Mann|Darmanitan-Galar, M, shiny|100\/100\n|turn|12\n|\n|t:|1700519059\n|switch|p1a: Washington|Rotom-Wash|100\/100\n|move|p2a: Green Dhar Mann|U-turn|p1a: Washington\n|-damage|p1a: Washington|12\/100\n|\n|t:|1700519068\n|switch|p2a: #T2: STEELION|Necrozma-Dusk-Mane, shiny|100\/100|[from] U-turn\n|\n|upkeep\n|turn|13\n|c|\u2606Save a Solar|insane\n|\n|t:|1700519083\n|move|p1a: Washington|Hydro Pump|p2a: #T2: STEELION|[miss]\n|-miss|p1a: Washington|p2a: #T2: STEELION\n|move|p2a: #T2: STEELION|Photon Geyser|p1a: Washington\n|-damage|p1a: Washington|0 fnt\n|faint|p1a: Washington\n|\n|upkeep\n|c|\u2606Kdisue|What is\n|\n|t:|1700519100\n|switch|p1a: Ho-Oh|Ho-Oh|100\/100\n|turn|14\n|\n|t:|1700519108\n|switch|p2a: #T3: CENTAUR|Palkia-Origin, shiny|100\/100\n|-ability|p2a: #T3: CENTAUR|Pressure\n|move|p1a: Ho-Oh|Sacred Fire|p2a: #T3: CENTAUR\n|-resisted|p2a: #T3: CENTAUR\n|-damage|p2a: #T3: CENTAUR|90\/100\n|\n|upkeep\n|turn|15\n|\n|t:|1700519122\n|move|p2a: #T3: CENTAUR|Hydro Pump|p1a: Ho-Oh|[miss]\n|-miss|p2a: #T3: CENTAUR|p1a: Ho-Oh\n|move|p1a: Ho-Oh|Brave Bird|p2a: #T3: CENTAUR\n|-damage|p2a: #T3: CENTAUR|37\/100\n|-damage|p1a: Ho-Oh|87\/100|[from] Recoil\n|\n|upkeep\n|turn|16\n|c|\u2606Kdisue|I walk this\n|\n|t:|1700519137\n|move|p2a: #T3: CENTAUR|Hydro Pump|p1a: Ho-Oh\n|-supereffective|p1a: Ho-Oh\n|-damage|p1a: Ho-Oh|37\/100\n|move|p1a: Ho-Oh|Brave Bird|p2a: #T3: CENTAUR\n|-crit|p2a: #T3: CENTAUR\n|-damage|p2a: #T3: CENTAUR|0 fnt\n|faint|p2a: #T3: CENTAUR\n|-damage|p1a: Ho-Oh|28\/100|[from] Recoil\n|\n|upkeep\n|c|\u2606Save a Solar|bruhh\n|\n|t:|1700519155\n|switch|p2a: Green Dhar Mann|Darmanitan-Galar, M, shiny|100\/100\n|turn|17\n|c|\u2606Kdisue|I wall*\n|\n|t:|1700519173\n|switch|p1a: Iron boy|Ferrothorn, F|31\/100\n|move|p2a: Green Dhar Mann|Icicle Crash|p1a: Iron boy\n|-damage|p1a: Iron boy|0 fnt\n|faint|p1a: Iron boy\n|\n|upkeep\n|\n|t:|1700519181\n|switch|p1a: Lugia|Lugia|100\/100\n|turn|18\n|\n|t:|1700519189\n|-terastallize|p1a: Lugia|Psychic\n|-terastallize|p2a: Green Dhar Mann|Ice\n|move|p1a: Lugia|Psycho Boost|p2a: Green Dhar Mann\n|-damage|p2a: Green Dhar Mann|0 fnt\n|-unboost|p1a: Lugia|spa|2\n|faint|p2a: Green Dhar Mann\n|-damage|p1a: Lugia|91\/100|[from] item: Life Orb\n|\n|upkeep\n|c|\u2606Save a Solar|that is one unconventional set\n|c|\u2606Save a Solar|props to you\n|c|\u2606Kdisue|It\u2019s fake stall\n|\n|t:|1700519219\n|switch|p2a: #T2: STEELION|Necrozma-Dusk-Mane, shiny|100\/100\n|turn|19\n|c|\u2606Kdisue|thx\n|\n|t:|1700519230\n|move|p1a: Lugia|Calm Mind|p1a: Lugia\n|-boost|p1a: Lugia|spa|1\n|-boost|p1a: Lugia|spd|1\n|move|p2a: #T2: STEELION|Dragon Dance|p2a: #T2: STEELION\n|-boost|p2a: #T2: STEELION|atk|1\n|-boost|p2a: #T2: STEELION|spe|1\n|\n|upkeep\n|turn|20\n|\n|t:|1700519244\n|switch|p1a: Ho-Oh|Ho-Oh|61\/100\n|move|p2a: #T2: STEELION|Sunsteel Strike|p1a: Ho-Oh\n|-resisted|p1a: Ho-Oh\n|-crit|p1a: Ho-Oh\n|-damage|p1a: Ho-Oh|0 fnt\n|faint|p1a: Ho-Oh\n|\n|upkeep\n|\n|t:|1700519264\n|switch|p1a: Sexy Red|Deoxys-Defense|100\/100\n|-ability|p1a: Sexy Red|Pressure\n|turn|21\n|c|\u2606Kdisue|This walls me\n|\n|t:|1700519274\n|move|p2a: #T2: STEELION|Sunsteel Strike|p1a: Sexy Red\n|-damage|p1a: Sexy Red|0 fnt\n|faint|p1a: Sexy Red\n|\n|upkeep\n|\n|t:|1700519280\n|switch|p1a: Lugia|Lugia, tera:Psychic|91\/100\n|turn|22\n|c|\u2606Save a Solar|GOD\n|c|\u2606Save a Solar|one shots deoxys def\n|c|\u2606Save a Solar|never wouldve guessed\n|c|\u2606Save a Solar|is it evd\n|c|\u2606Kdisue|It has no investment\n|inactive|Save a Solar has 120 seconds left.\n|c|\u2606Save a Solar|yeah i thought\n|c|\u2606Kdisue|its special attack and speed invested\n|c|\u2606Save a Solar|wow\n|\n|t:|1700519324\n|move|p2a: #T2: STEELION|Sunsteel Strike|p1a: Lugia\n|-damage|p1a: Lugia|27\/100\n|move|p1a: Lugia|Aeroblast|p2a: #T2: STEELION\n|-resisted|p2a: #T2: STEELION\n|-damage|p2a: #T2: STEELION|82\/100\n|-damage|p1a: Lugia|18\/100|[from] item: Life Orb\n|\n|upkeep\n|turn|23\n|c|\u2606Kdisue|Supposed to lure in pex or st and psycho boost\n|\n|t:|1700519342\n|move|p2a: #T2: STEELION|Sunsteel Strike|p1a: Lugia\n|-damage|p1a: Lugia|0 fnt\n|faint|p1a: Lugia\n|\n|win|Save a Solar\n|raw|Kdisue's rating: 1187 &rarr; <strong>1162<\/strong><br \/>(-25 for losing)\n|raw|Save a Solar's rating: 1185 &rarr; <strong>1210<\/strong><br \/>(+25 for winning)\n|c|\u2606Save a Solar|fair\n|c|\u2606Kdisue|gg\n|c|\u2606Save a Solar|gg\n","uploadtime":1700519354,"views":6,"p1id":"kdisue","p2id":"saveasolar","formatid":"gen9nationaldexubers","rating":1162,"private":0,"password":""}