{"id":"gen9nationaldexubers-1999050199","p1":"Onlymanever","p2":"o comedia","format":"[Gen 9] National Dex Ubers","log":"|j|\u2606Onlymanever\n|j|\u2606o comedia\n|t:|1701027800\n|gametype|singles\n|player|p1|Onlymanever|lyra|1074\n|player|p2|o comedia|harlequin|1031\n|teamsize|p1|6\n|teamsize|p2|6\n|gen|9\n|tier|[Gen 9] National Dex Ubers\n|rated|\n|rule|HP Percentage Mod: HP is shown in percentages\n|rule|Endless Battle Clause: Forcing endless battles is banned\n|rule|OHKO Clause: OHKO moves are banned\n|rule|Evasion Moves Clause: Evasion moves are banned\n|rule|Evasion Items Clause: Evasion items are banned\n|rule|Species Clause: Limit one of each Pok\u00e9mon\n|rule|Sleep Clause Mod: Limit one foe put to sleep\n|rule|Mega Rayquaza Clause: You cannot mega evolve Rayquaza\n|clearpoke\n|poke|p1|Espathra, F|\n|poke|p1|Annihilape, F|\n|poke|p1|Palafin, M|\n|poke|p1|Kingambit, F|\n|poke|p1|Blaziken, M|\n|poke|p1|Dracovish|\n|poke|p2|Serperior, F|\n|poke|p2|Slaking, M|\n|poke|p2|Talonflame, M|\n|poke|p2|Tentacruel, M|\n|poke|p2|Luxray, F|\n|poke|p2|Krookodile, F|\n|teampreview\n|\n|t:|1701027813\n|start\n|switch|p1a: Blaziken|Blaziken, M|100\/100\n|switch|p2a: Serperior|Serperior, F|100\/100\n|turn|1\n|inactive|Battle timer is ON: inactive players will automatically lose when time's up. (requested by Onlymanever)\n|\n|t:|1701027827\n|switch|p2a: Krookodile|Krookodile, F|100\/100\n|-ability|p2a: Krookodile|Intimidate|boost\n|-unboost|p1a: Blaziken|atk|1\n|detailschange|p1a: Blaziken|Blaziken-Mega, M\n|-mega|p1a: Blaziken|Blaziken|Blazikenite\n|move|p1a: Blaziken|Protect||[still]\n|-fail|p1a: Blaziken\n|\n|-ability|p1a: Blaziken|Speed Boost|boost\n|-boost|p1a: Blaziken|spe|1\n|upkeep\n|turn|2\n|\n|t:|1701027840\n|move|p1a: Blaziken|Protect|p1a: Blaziken\n|-singleturn|p1a: Blaziken|Protect\n|move|p2a: Krookodile|Earthquake|p1a: Blaziken\n|-activate|p1a: Blaziken|move: Protect\n|\n|-ability|p1a: Blaziken|Speed Boost|boost\n|-boost|p1a: Blaziken|spe|1\n|upkeep\n|turn|3\n|\n|t:|1701027858\n|move|p1a: Blaziken|Close Combat|p2a: Krookodile\n|-supereffective|p2a: Krookodile\n|-damage|p2a: Krookodile|0 fnt\n|-unboost|p1a: Blaziken|def|1\n|-unboost|p1a: Blaziken|spd|1\n|faint|p2a: Krookodile\n|\n|-ability|p1a: Blaziken|Speed Boost|boost\n|-boost|p1a: Blaziken|spe|1\n|upkeep\n|\n|t:|1701027868\n|switch|p2a: Tentacruel|Tentacruel, M|100\/100\n|turn|4\n|\n|t:|1701027874\n|switch|p1a: Kingambit|Kingambit, F|100\/100\n|move|p2a: Tentacruel|Hydro Pump|p1a: Kingambit\n|-damage|p1a: Kingambit|49\/100\n|\n|-heal|p1a: Kingambit|55\/100|[from] item: Leftovers\n|upkeep\n|turn|5\n|\n|t:|1701027885\n|move|p2a: Tentacruel|Toxic Spikes|p1a: Kingambit\n|-sidestart|p1: Onlymanever|move: Toxic Spikes\n|move|p1a: Kingambit|Swords Dance|p1a: Kingambit\n|-boost|p1a: Kingambit|atk|2\n|\n|-heal|p1a: Kingambit|61\/100|[from] item: Leftovers\n|upkeep\n|turn|6\n|\n|t:|1701027896\n|move|p2a: Tentacruel|Hydro Pump|p1a: Kingambit\n|-damage|p1a: Kingambit|8\/100\n|move|p1a: Kingambit|Kowtow Cleave|p2a: Tentacruel\n|-damage|p2a: Tentacruel|0 fnt\n|faint|p2a: Tentacruel\n|\n|-heal|p1a: Kingambit|14\/100|[from] item: Leftovers\n|upkeep\n|\n|t:|1701027909\n|switch|p2a: Luxray|Luxray, F|100\/100\n|turn|7\n|\n|t:|1701027920\n|move|p1a: Kingambit|Sucker Punch|p2a: Luxray\n|-damage|p2a: Luxray|0 fnt\n|faint|p2a: Luxray\n|\n|-heal|p1a: Kingambit|20\/100|[from] item: Leftovers\n|upkeep\n|\n|t:|1701027928\n|switch|p2a: Serperior|Serperior, F|100\/100\n|turn|8\n|\n|t:|1701027935\n|move|p2a: Serperior|Leaf Storm|p1a: Kingambit\n|-resisted|p1a: Kingambit\n|-damage|p1a: Kingambit|0 fnt\n|-boost|p2a: Serperior|spa|2\n|faint|p1a: Kingambit\n|-end|p1a: Kingambit|fallenundefined|[silent]\n|\n|upkeep\n|\n|t:|1701027946\n|switch|p1a: Espathra|Espathra, F|100\/100\n|-status|p1a: Espathra|psn\n|turn|9\n|\n|t:|1701027955\n|move|p2a: Serperior|Leaf Storm|p1a: Espathra\n|-damage|p1a: Espathra|0 fnt\n|-boost|p2a: Serperior|spa|2\n|faint|p1a: Espathra\n|\n|upkeep\n|\n|t:|1701027962\n|switch|p1a: Blaziken|Blaziken-Mega, M|100\/100\n|-status|p1a: Blaziken|psn\n|turn|10\n|\n|t:|1701027970\n|move|p1a: Blaziken|Protect|p1a: Blaziken\n|-singleturn|p1a: Blaziken|Protect\n|move|p2a: Serperior|Dragon Pulse|p1a: Blaziken\n|-activate|p1a: Blaziken|move: Protect\n|\n|-damage|p1a: Blaziken|88\/100 psn|[from] psn\n|-ability|p1a: Blaziken|Speed Boost|boost\n|-boost|p1a: Blaziken|spe|1\n|upkeep\n|turn|11\n|\n|t:|1701027981\n|move|p1a: Blaziken|Flare Blitz|p2a: Serperior\n|-supereffective|p2a: Serperior\n|-damage|p2a: Serperior|0 fnt\n|faint|p2a: Serperior\n|-damage|p1a: Blaziken|56\/100 psn|[from] Recoil\n|\n|-damage|p1a: Blaziken|44\/100 psn|[from] psn\n|-ability|p1a: Blaziken|Speed Boost|boost\n|-boost|p1a: Blaziken|spe|1\n|upkeep\n|\n|t:|1701027994\n|switch|p2a: Slaking|Slaking, M|100\/100\n|turn|12\n|\n|t:|1701028011\n|move|p1a: Blaziken|Close Combat|p2a: Slaking\n|-supereffective|p2a: Slaking\n|-damage|p2a: Slaking|0 fnt\n|-unboost|p1a: Blaziken|def|1\n|-unboost|p1a: Blaziken|spd|1\n|faint|p2a: Slaking\n|\n|-damage|p1a: Blaziken|32\/100 psn|[from] psn\n|-ability|p1a: Blaziken|Speed Boost|boost\n|-boost|p1a: Blaziken|spe|1\n|upkeep\n|\n|t:|1701028022\n|switch|p2a: Talonflame|Talonflame, M|100\/100\n|turn|13\n|\n|t:|1701028031\n|switch|p1a: Palafin|Palafin, M|100\/100\n|-status|p1a: Palafin|psn\n|move|p2a: Talonflame|Brave Bird|p1a: Palafin\n|-damage|p1a: Palafin|9\/100 psn\n|-damage|p2a: Talonflame|66\/100|[from] Recoil\n|-damage|p2a: Talonflame|56\/100|[from] item: Life Orb\n|\n|-heal|p1a: Palafin|15\/100 psn|[from] item: Leftovers\n|-damage|p1a: Palafin|3\/100 psn|[from] psn\n|upkeep\n|turn|14\n|\n|t:|1701028046\n|-terastallize|p2a: Talonflame|Flying\n|-terastallize|p1a: Palafin|Water\n|move|p1a: Palafin|Aqua Jet|p2a: Talonflame\n|-damage|p2a: Talonflame|30\/100\n|move|p2a: Talonflame|Roost|p2a: Talonflame\n|-heal|p2a: Talonflame|80\/100\n|-hint|If a Flying Terastallized Pokemon uses Roost, it remains Flying-type.\n|\n|-heal|p1a: Palafin|9\/100 psn|[from] item: Leftovers\n|-damage|p1a: Palafin|0 fnt|[from] psn\n|faint|p1a: Palafin\n|upkeep\n|\n|t:|1701028060\n|switch|p1a: Dracovish|Dracovish|100\/100\n|-status|p1a: Dracovish|psn\n|turn|15\n|\n|t:|1701028074\n|move|p1a: Dracovish|Fishious Rend|p2a: Talonflame\n|-damage|p2a: Talonflame|0 fnt\n|faint|p2a: Talonflame\n|\n|win|Onlymanever\n|raw|Onlymanever's rating: 1074 &rarr; <strong>1099<\/strong><br \/>(+25 for winning)\n|raw|o comedia's rating: 1031 &rarr; <strong>1018<\/strong><br \/>(-13 for losing)\n|l|\u2606o comedia\n","uploadtime":1701028090,"views":9,"p1id":"onlymanever","p2id":"ocomedia","formatid":"gen9nationaldexubers","rating":1018,"private":0,"password":""}