{"id":"gen9nationaldexubers-1982005779","p1":"ebwiut","p2":"mynameispaimon","format":"[Gen 9] National Dex Ubers","log":"|j|\u2606ebwiut\n|j|\u2606mynameispaimon\n|t:|1698958953\n|gametype|singles\n|player|p1|ebwiut|liza|1124\n|player|p2|mynameispaimon|102|1202\n|teamsize|p1|6\n|teamsize|p2|6\n|gen|9\n|tier|[Gen 9] National Dex Ubers\n|rated|\n|rule|HP Percentage Mod: HP is shown in percentages\n|rule|Endless Battle Clause: Forcing endless battles is banned\n|rule|OHKO Clause: OHKO moves are banned\n|rule|Evasion Moves Clause: Evasion moves are banned\n|rule|Evasion Items Clause: Evasion items are banned\n|rule|Species Clause: Limit one of each Pok\u00e9mon\n|rule|Sleep Clause Mod: Limit one foe put to sleep\n|rule|Mega Rayquaza Clause: You cannot mega evolve Rayquaza\n|clearpoke\n|poke|p1|Alakazam, M|\n|poke|p1|Zacian-*|\n|poke|p1|Delphox, F|\n|poke|p1|Sneasler, F|\n|poke|p1|Greninja-*, M|\n|poke|p1|Urshifu-*, M|\n|poke|p2|Mewtwo|\n|poke|p2|Eternatus|\n|poke|p2|Groudon|\n|poke|p2|Marshadow|\n|poke|p2|Kingambit, M|\n|poke|p2|Necrozma-Dawn-Wings|\n|teampreview\n|inactive|Battle timer is ON: inactive players will automatically lose when time's up. (requested by mynameispaimon)\n|\n|t:|1698958963\n|start\n|switch|p1a: Good Boi|Zacian-Crowned, shiny|100\/100\n|switch|p2a: Mewtwo|Mewtwo|100\/100\n|-ability|p2a: Mewtwo|Pressure\n|-ability|p1a: Good Boi|Intrepid Sword|boost\n|-boost|p1a: Good Boi|atk|1\n|turn|1\n|c|\u2606ebwiut|my god teams like yours suck\n|\n|t:|1698958972\n|detailschange|p2a: Mewtwo|Mewtwo-Mega-Y\n|-mega|p2a: Mewtwo|Mewtwo|Mewtwonite Y\n|move|p2a: Mewtwo|Flamethrower|p1a: Good Boi\n|-supereffective|p1a: Good Boi\n|-damage|p1a: Good Boi|33\/100\n|move|p1a: Good Boi|Behemoth Blade|p2a: Mewtwo\n|-damage|p2a: Mewtwo|0 fnt\n|faint|p2a: Mewtwo\n|\n|upkeep\n|c|\u2606mynameispaimon|shutup bot\n|\n|t:|1698958982\n|switch|p2a: Eternatus|Eternatus|100\/100\n|-ability|p2a: Eternatus|Pressure\n|turn|2\n|c|\u2606mynameispaimon|bot detected opinion rejected\n|c|\u2606ebwiut|says the loser legend spammer\n|\n|t:|1698958999\n|move|p2a: Eternatus|Flamethrower|p1a: Good Boi\n|-supereffective|p1a: Good Boi\n|-damage|p1a: Good Boi|0 fnt\n|faint|p1a: Good Boi\n|\n|upkeep\n|c|\u2606mynameispaimon|u will gonna lose bot\n|c|\u2606ebwiut|too braindead to think of a actual team\n|inactive|ebwiut has 120 seconds left.\n|\n|t:|1698959021\n|switch|p1a: Old Jenkins|Alakazam, M, shiny|100\/100\n|turn|3\n|\n|t:|1698959026\n|switch|p2a: Kingambit|Kingambit, M|100\/100\n|-activate|p2a: Kingambit|ability: Supreme Overlord\n|-start|p2a: Kingambit|fallen1|[silent]\n|detailschange|p1a: Old Jenkins|Alakazam-Mega, M, shiny\n|-mega|p1a: Old Jenkins|Alakazam|Alakazite\n|-activate|p1a: Old Jenkins|ability: Supreme Overlord\n|-start|p1a: Old Jenkins|fallen1|[silent]\n|-ability|p1a: Old Jenkins|Supreme Overlord|[from] ability: Trace|[of] p2a: Kingambit\n|move|p1a: Old Jenkins|Psychic|p2a: Kingambit\n|-immune|p2a: Kingambit\n|\n|upkeep\n|turn|4\n|\n|t:|1698959042\n|-end|p1a: Old Jenkins|fallen1|[silent]\n|switch|p1a: Tryhard|Urshifu-Rapid-Strike, M|100\/100\n|move|p2a: Kingambit|Kowtow Cleave|p1a: Tryhard\n|-resisted|p1a: Tryhard\n|-damage|p1a: Tryhard|76\/100\n|\n|-heal|p1a: Tryhard|83\/100|[from] item: Leftovers\n|upkeep\n|turn|5\n|\n|t:|1698959052\n|-end|p2a: Kingambit|fallen1|[silent]\n|switch|p2a: Necrozma|Necrozma-Dawn-Wings|100\/100\n|move|p1a: Tryhard|Drain Punch|p2a: Necrozma\n|-immune|p2a: Necrozma\n|\n|-heal|p1a: Tryhard|89\/100|[from] item: Leftovers\n|upkeep\n|turn|6\n|\n|t:|1698959061\n|switch|p1a: Konez|Greninja, M, shiny|100\/100\n|move|p2a: Necrozma|Photon Geyser|p1a: Konez\n|-immune|p1a: Konez\n|\n|upkeep\n|turn|7\n|\n|t:|1698959074\n|switch|p2a: Groudon|Groudon|100\/100\n|detailschange|p2a: Groudon|Groudon-Primal\n|-primal|p2a: Groudon|Red Orb\n|-weather|DesolateLand|[from] ability: Desolate Land|[of] p2a: Groudon\n|move|p1a: Konez|Dark Pulse|p2a: Groudon\n|-damage|p2a: Groudon|68\/100\n|\n|-weather|DesolateLand|[upkeep]\n|upkeep\n|turn|8\n|\n|t:|1698959086\n|move|p1a: Konez|Dark Pulse|p2a: Groudon\n|-damage|p2a: Groudon|33\/100\n|move|p2a: Groudon|Heat Crash|p1a: Konez\n|-resisted|p1a: Konez\n|-damage|p1a: Konez|16\/100\n|\n|-weather|DesolateLand|[upkeep]\n|upkeep\n|turn|9\n|\n|t:|1698959094\n|move|p1a: Konez|Dark Pulse|p2a: Groudon\n|-damage|p2a: Groudon|0 fnt\n|faint|p2a: Groudon\n|-weather|none\n|\n|upkeep\n|\n|t:|1698959104\n|switch|p2a: Marshadow|Marshadow|100\/100\n|turn|10\n|c|\u2606ebwiut|hmmm i \"suck\" when ive killed most of ur mons\n|\n|t:|1698959113\n|move|p2a: Marshadow|Shadow Sneak|p1a: Konez\n|-resisted|p1a: Konez\n|-damage|p1a: Konez|0 fnt\n|faint|p1a: Konez\n|\n|upkeep\n|\n|t:|1698959119\n|switch|p1a: Iso|Sneasler, F, shiny|100\/100\n|turn|11\n|\n|t:|1698959130\n|switch|p2a: Eternatus|Eternatus|100\/100\n|-ability|p2a: Eternatus|Pressure\n|move|p1a: Iso|Dire Claw|p2a: Eternatus\n|-resisted|p2a: Eternatus\n|-damage|p2a: Eternatus|86\/100\n|\n|upkeep\n|turn|12\n|\n|t:|1698959147\n|move|p2a: Eternatus|Dynamax Cannon|p1a: Iso\n|-damage|p1a: Iso|60\/100\n|move|p1a: Iso|Night Slash|p2a: Eternatus\n|-damage|p2a: Eternatus|70\/100\n|\n|upkeep\n|turn|13\n|c|\u2606ebwiut|if you win ur still not good bc look at ur team\n|\n|t:|1698959159\n|move|p2a: Eternatus|Dynamax Cannon|p1a: Iso\n|-damage|p1a: Iso|20\/100\n|move|p1a: Iso|Rock Tomb|p2a: Eternatus\n|-damage|p2a: Eternatus|56\/100\n|-unboost|p2a: Eternatus|spe|1\n|\n|upkeep\n|turn|14\n|c|\u2606mynameispaimon|haha u noob\n|c|\u2606ebwiut|blud cope\n|c|\u2606mynameispaimon|shutup girl\n|inactive|ebwiut has 120 seconds left.\n|c|\u2606ebwiut|u know the only way can \"win\" is by picking legends you infantile fucking wet wipe\n|\n|t:|1698959214\n|move|p2a: Eternatus|Dynamax Cannon|p1a: Iso\n|-damage|p1a: Iso|0 fnt\n|faint|p1a: Iso\n|\n|upkeep\n|\n|t:|1698959219\n|switch|p1a: Furz|Delphox, F, shiny|100\/100\n|turn|15\n|c|\u2606mynameispaimon|u are gonna get banned soon\n|\n|t:|1698959244\n|switch|p2a: Kingambit|Kingambit, M|100\/100\n|-activate|p2a: Kingambit|ability: Supreme Overlord\n|-start|p2a: Kingambit|fallen2|[silent]\n|move|p1a: Furz|Psychic|p2a: Kingambit\n|-immune|p2a: Kingambit\n|\n|upkeep\n|turn|16\n|c|\u2606ebwiut|says the toxic bozo\n|\n|t:|1698959256\n|-terastallize|p1a: Furz|Fire\n|move|p1a: Furz|Fire Blast|p2a: Kingambit\n|-supereffective|p2a: Kingambit\n|-damage|p2a: Kingambit|0 fnt\n|faint|p2a: Kingambit\n|-end|p2a: Kingambit|fallen2|[silent]\n|\n|upkeep\n|\n|t:|1698959272\n|switch|p2a: Necrozma|Necrozma-Dawn-Wings|100\/100\n|turn|17\n|\n|t:|1698959276\n|detailschange|p2a: Necrozma|Necrozma-Ultra\n|-burst|p2a: Necrozma|Necrozma|Ultranecrozium Z\n|move|p2a: Necrozma|Photon Geyser|p1a: Furz\n|-damage|p1a: Furz|32\/100\n|move|p1a: Furz|Shadow Ball|p2a: Necrozma\n|-supereffective|p2a: Necrozma\n|-damage|p2a: Necrozma|50\/100\n|\n|upkeep\n|turn|18\n|inactive|ebwiut has 120 seconds left.\n|\n|t:|1698959287\n|move|p2a: Necrozma|Earthquake|p1a: Furz\n|-supereffective|p1a: Furz\n|-damage|p1a: Furz|0 fnt\n|faint|p1a: Furz\n|\n|upkeep\n|inactive|ebwiut has 120 seconds left.\n|\n|t:|1698959293\n|switch|p1a: Old Jenkins|Alakazam-Mega, M, shiny|100\/100\n|-ability|p1a: Old Jenkins|Neuroforce|[from] ability: Trace|[of] p2a: Necrozma\n|turn|19\n|\n|t:|1698959304\n|move|p1a: Old Jenkins|Shadow Ball|p2a: Necrozma\n|-supereffective|p2a: Necrozma\n|-damage|p2a: Necrozma|0 fnt\n|faint|p2a: Necrozma\n|\n|upkeep\n|\n|t:|1698959311\n|switch|p2a: Marshadow|Marshadow|100\/100\n|turn|20\n|\n|t:|1698959317\n|move|p1a: Old Jenkins|Shadow Ball|p2a: Marshadow\n|-supereffective|p2a: Marshadow\n|-damage|p2a: Marshadow|6\/100\n|move|p2a: Marshadow|Spectral Thief|p1a: Old Jenkins\n|-supereffective|p1a: Old Jenkins\n|-damage|p1a: Old Jenkins|0 fnt\n|faint|p1a: Old Jenkins\n|\n|upkeep\n|\n|t:|1698959326\n|switch|p1a: Tryhard|Urshifu-Rapid-Strike, M|89\/100\n|turn|21\n|\n|t:|1698959336\n|move|p2a: Marshadow|Acrobatics|p1a: Tryhard\n|-supereffective|p1a: Tryhard\n|-damage|p1a: Tryhard|34\/100\n|move|p1a: Tryhard|Surging Strikes|p2a: Marshadow\n|-crit|p2a: Marshadow\n|-damage|p2a: Marshadow|0 fnt\n|faint|p2a: Marshadow\n|-hitcount|p2: Marshadow|1\n|\n|-heal|p1a: Tryhard|40\/100|[from] item: Leftovers\n|upkeep\n|\n|t:|1698959345\n|switch|p2a: Eternatus|Eternatus|56\/100\n|-ability|p2a: Eternatus|Pressure\n|turn|22\n|c|\u2606ebwiut|welp, i dont like in you in the slightest but gg\n|\n|t:|1698959359\n|-terastallize|p2a: Eternatus|Ghost\n|move|p2a: Eternatus|Sludge Bomb|p1a: Tryhard\n|-damage|p1a: Tryhard|0 fnt\n|faint|p1a: Tryhard\n|\n|win|mynameispaimon\n|raw|ebwiut's rating: 1124 &rarr; <strong>1105<\/strong><br \/>(-19 for losing)\n|raw|mynameispaimon's rating: 1202 &rarr; <strong>1221<\/strong><br \/>(+19 for winning)\n","uploadtime":1698959204,"views":5,"p1id":"ebwiut","p2id":"mynameispaimon","formatid":"gen9nationaldexubers","rating":1105,"private":0,"password":""}