{"id":"gen9nationaldexubers-1980207827","p1":"icybro12","p2":"fire heart 222","format":"[Gen 9] National Dex Ubers","log":"|j|\u2606icybro12\n|j|\u2606fire heart 222\n|t:|1698766369\n|gametype|singles\n|player|p1|icybro12|psychic|1411\n|player|p2|fire heart 222|101|1260\n|teamsize|p1|6\n|teamsize|p2|6\n|gen|9\n|tier|[Gen 9] National Dex Ubers\n|rated|\n|rule|HP Percentage Mod: HP is shown in percentages\n|rule|Endless Battle Clause: Forcing endless battles is banned\n|rule|OHKO Clause: OHKO moves are banned\n|rule|Evasion Moves Clause: Evasion moves are banned\n|rule|Evasion Items Clause: Evasion items are banned\n|rule|Species Clause: Limit one of each Pok\u00e9mon\n|rule|Sleep Clause Mod: Limit one foe put to sleep\n|rule|Mega Rayquaza Clause: You cannot mega evolve Rayquaza\n|clearpoke\n|poke|p1|Metagross|\n|poke|p1|Zekrom|\n|poke|p1|Tapu Bulu|\n|poke|p1|Kartana|\n|poke|p1|Palkia|\n|poke|p1|Araquanid, F|\n|poke|p2|Kingambit, M|\n|poke|p2|Arceus-Ghost|\n|poke|p2|Naganadel|\n|poke|p2|Metagross|\n|poke|p2|Groudon|\n|poke|p2|Lugia|\n|teampreview\n|\n|t:|1698766393\n|start\n|switch|p1a: Araquanid|Araquanid, F|100\/100\n|switch|p2a: Groudon|Groudon|100\/100\n|-weather|SunnyDay|[from] ability: Drought|[of] p2a: Groudon\n|turn|1\n|\n|t:|1698766400\n|move|p2a: Groudon|Stealth Rock|p1a: Araquanid\n|-sidestart|p1: icybro12|move: Stealth Rock\n|move|p1a: Araquanid|Liquidation|p2a: Groudon\n|-supereffective|p2a: Groudon\n|-damage|p2a: Groudon|71\/100\n|\n|-weather|SunnyDay|[upkeep]\n|upkeep\n|turn|2\n|\n|t:|1698766407\n|move|p2a: Groudon|Rock Tomb|p1a: Araquanid\n|-supereffective|p1a: Araquanid\n|-damage|p1a: Araquanid|52\/100\n|-unboost|p1a: Araquanid|spe|1\n|move|p1a: Araquanid|Sticky Web|p2a: Groudon\n|-sidestart|p2: fire heart 222|move: Sticky Web\n|\n|-weather|SunnyDay|[upkeep]\n|-heal|p1a: Araquanid|58\/100|[from] item: Leftovers\n|upkeep\n|turn|3\n|\n|t:|1698766419\n|move|p2a: Groudon|Swords Dance|p2a: Groudon\n|-boost|p2a: Groudon|atk|2\n|move|p1a: Araquanid|Liquidation|p2a: Groudon\n|-supereffective|p2a: Groudon\n|-damage|p2a: Groudon|43\/100\n|\n|-weather|SunnyDay|[upkeep]\n|-heal|p1a: Araquanid|65\/100|[from] item: Leftovers\n|upkeep\n|turn|4\n|\n|t:|1698766427\n|move|p2a: Groudon|Rock Tomb|p1a: Araquanid\n|-supereffective|p1a: Araquanid\n|-damage|p1a: Araquanid|0 fnt\n|faint|p1a: Araquanid\n|\n|-weather|SunnyDay|[upkeep]\n|upkeep\n|\n|t:|1698766433\n|switch|p1a: Kartana|Kartana|100\/100\n|-damage|p1a: Kartana|95\/100|[from] Stealth Rock\n|turn|5\n|\n|t:|1698766438\n|move|p1a: Kartana|Leaf Blade|p2a: Groudon\n|-supereffective|p2a: Groudon\n|-damage|p2a: Groudon|0 fnt\n|faint|p2a: Groudon\n|-ability|p1a: Kartana|Beast Boost|boost\n|-boost|p1a: Kartana|atk|1\n|\n|-weather|SunnyDay|[upkeep]\n|upkeep\n|\n|t:|1698766454\n|switch|p2a: Naganadel|Naganadel, shiny|100\/100\n|turn|6\n|\n|t:|1698766462\n|switch|p1a: Metagross|Metagross|100\/100\n|-damage|p1a: Metagross|95\/100|[from] Stealth Rock\n|move|p2a: Naganadel|Fire Blast|p1a: Metagross\n|-supereffective|p1a: Metagross\n|-damage|p1a: Metagross|0 fnt\n|faint|p1a: Metagross\n|-ability|p2a: Naganadel|Beast Boost|boost\n|-boost|p2a: Naganadel|spe|1\n|\n|-weather|SunnyDay|[upkeep]\n|upkeep\n|\n|t:|1698766474\n|switch|p1a: Palkia|Palkia|100\/100\n|-damage|p1a: Palkia|88\/100|[from] Stealth Rock\n|-ability|p1a: Palkia|Pressure\n|turn|7\n|\n|t:|1698766482\n|move|p2a: Naganadel|Draco Meteor|p1a: Palkia\n|-supereffective|p1a: Palkia\n|-damage|p1a: Palkia|15\/100\n|-unboost|p2a: Naganadel|spa|2\n|move|p1a: Palkia|Spacial Rend|p2a: Naganadel\n|-supereffective|p2a: Naganadel\n|-damage|p2a: Naganadel|0 fnt\n|faint|p2a: Naganadel\n|\n|-weather|SunnyDay|[upkeep]\n|upkeep\n|\n|t:|1698766496\n|switch|p2a: Metagross|Metagross, shiny|100\/100\n|-activate|p2a: Metagross|move: Sticky Web\n|-fail|p2a: Metagross|unboost|[from] ability: Clear Body|[of] p2a: Metagross\n|turn|8\n|\n|t:|1698766503\n|detailschange|p2a: Metagross|Metagross-Mega, shiny\n|-mega|p2a: Metagross|Metagross|Metagrossite\n|move|p2a: Metagross|Meteor Mash|p1a: Palkia\n|-resisted|p1a: Palkia\n|-damage|p1a: Palkia|0 fnt\n|faint|p1a: Palkia\n|\n|-weather|none\n|upkeep\n|\n|t:|1698766514\n|switch|p1a: Tapu Bulu|Tapu Bulu|100\/100\n|-damage|p1a: Tapu Bulu|88\/100|[from] Stealth Rock\n|-fieldstart|move: Grassy Terrain|[from] ability: Grassy Surge|[of] p1a: Tapu Bulu\n|turn|9\n|\n|t:|1698766521\n|-terastallize|p1a: Tapu Bulu|Dark\n|move|p2a: Metagross|Meteor Mash|p1a: Tapu Bulu\n|-damage|p1a: Tapu Bulu|40\/100\n|move|p1a: Tapu Bulu|Darkest Lariat|p2a: Metagross\n|-supereffective|p2a: Metagross\n|-damage|p2a: Metagross|0 fnt\n|faint|p2a: Metagross\n|\n|-heal|p1a: Tapu Bulu|46\/100|[from] Grassy Terrain\n|upkeep\n|inactive|Battle timer is ON: inactive players will automatically lose when time's up. (requested by icybro12)\n|l|\u2606fire heart 222\n|inactive|fire heart 222 disconnected and has a minute to reconnect!\n|player|p2|\n|inactive|fire heart 222 has 30 seconds to reconnect!\n|inactive|fire heart 222 has 20 seconds to reconnect!\n|inactive|fire heart 222 has 15 seconds to reconnect!\n|inactive|fire heart 222 has 10 seconds to reconnect!\n|inactive|fire heart 222 has 5 seconds to reconnect!\n|-message|fire heart 222 lost due to inactivity.\n|\n|win|icybro12\n|raw|icybro12's rating: 1411 &rarr; <strong>1423<\/strong><br \/>(+12 for winning)\n|raw|fire heart 222's rating: 1260 &rarr; <strong>1245<\/strong><br \/>(-15 for losing)\n","uploadtime":1698766616,"views":10,"p1id":"icybro12","p2id":"fireheart222","formatid":"gen9nationaldexubers","rating":1245,"private":0,"password":""}