{"id":"gen9nationaldexubers-1993890509","p1":"Rhyfinn08","p2":"mas asido","format":"[Gen 9] National Dex Ubers","log":"|j|\u2606Rhyfinn08\n|j|\u2606mas asido\n|t:|1700370791\n|gametype|singles\n|player|p1|Rhyfinn08|ninjaboy|1308\n|player|p2|mas asido|cynthia-gen4|1206\n|teamsize|p1|6\n|teamsize|p2|6\n|gen|9\n|tier|[Gen 9] National Dex Ubers\n|rated|\n|rule|HP Percentage Mod: HP is shown in percentages\n|rule|Endless Battle Clause: Forcing endless battles is banned\n|rule|OHKO Clause: OHKO moves are banned\n|rule|Evasion Moves Clause: Evasion moves are banned\n|rule|Evasion Items Clause: Evasion items are banned\n|rule|Species Clause: Limit one of each Pok\u00e9mon\n|rule|Sleep Clause Mod: Limit one foe put to sleep\n|rule|Mega Rayquaza Clause: You cannot mega evolve Rayquaza\n|clearpoke\n|poke|p1|Xerneas-*|\n|poke|p1|Marshadow|\n|poke|p1|Groudon|\n|poke|p1|Deoxys-Speed|\n|poke|p1|Necrozma-Dusk-Mane|\n|poke|p1|Pheromosa|\n|poke|p2|Incineroar, M|\n|poke|p2|Groudon|\n|poke|p2|Blaziken, M|\n|poke|p2|Charizard, M|\n|poke|p2|Chi-Yu|\n|poke|p2|Cinderace, M|\n|teampreview\n|inactive|Battle timer is ON: inactive players will automatically lose when time's up. (requested by Rhyfinn08)\n|inactive|mas asido has 120 seconds left.\n|\n|t:|1700370846\n|start\n|switch|p1a: Deoxys|Deoxys-Speed, shiny|100\/100\n|switch|p2a: Incineroar|Incineroar, M|100\/100\n|-ability|p1a: Deoxys|Pressure\n|-ability|p2a: Incineroar|Intimidate|boost\n|-unboost|p1a: Deoxys|atk|1\n|turn|1\n|\n|t:|1700370854\n|move|p2a: Incineroar|Fake Out|p1a: Deoxys\n|-damage|p1a: Deoxys|88\/100\n|cant|p1a: Deoxys|flinch\n|\n|upkeep\n|turn|2\n|inactive|mas asido has 120 seconds left.\n|\n|t:|1700370886\n|move|p1a: Deoxys|Stealth Rock|p2a: Incineroar\n|-sidestart|p2: mas asido|move: Stealth Rock\n|move|p2a: Incineroar|U-turn|p1a: Deoxys\n|-supereffective|p1a: Deoxys\n|-damage|p1a: Deoxys|41\/100\n|inactive|mas asido has 120 seconds left.\n|\n|t:|1700370898\n|switch|p2a: Cinderace|Cinderace, M|100\/100|[from] U-turn\n|\n|upkeep\n|turn|3\n|\n|t:|1700370903\n|move|p1a: Deoxys|Taunt|p2a: Cinderace\n|-start|p2a: Cinderace|move: Taunt\n|cant|p2a: Cinderace|move: Taunt|Court Change\n|\n|upkeep\n|turn|4\n|\n|t:|1700370909\n|move|p1a: Deoxys|Spikes|p2a: Cinderace\n|-sidestart|p2: mas asido|Spikes\n|move|p2a: Cinderace|Pyro Ball|p1a: Deoxys|[miss]\n|-miss|p2a: Cinderace|p1a: Deoxys\n|\n|upkeep\n|turn|5\n|\n|t:|1700370917\n|move|p1a: Deoxys|Spikes|p2a: Cinderace\n|-sidestart|p2: mas asido|Spikes\n|move|p2a: Cinderace|Pyro Ball|p1a: Deoxys\n|-damage|p1a: Deoxys|0 fnt\n|faint|p1a: Deoxys\n|\n|-end|p2a: Cinderace|move: Taunt\n|upkeep\n|\n|t:|1700370925\n|switch|p1a: Pheromosa|Pheromosa, shiny|100\/100\n|turn|6\n|\n|t:|1700370930\n|move|p1a: Pheromosa|Taunt|p2a: Cinderace\n|-start|p2a: Cinderace|move: Taunt\n|cant|p2a: Cinderace|move: Taunt|Court Change\n|\n|upkeep\n|turn|7\n|\n|t:|1700370946\n|switch|p2a: Incineroar|Incineroar, M|100\/100\n|-damage|p2a: Incineroar|76\/100|[from] Stealth Rock\n|-damage|p2a: Incineroar|59\/100|[from] Spikes\n|-ability|p2a: Incineroar|Intimidate|boost\n|-unboost|p1a: Pheromosa|atk|1\n|move|p1a: Pheromosa|Close Combat|p2a: Incineroar\n|-supereffective|p2a: Incineroar\n|-damage|p2a: Incineroar|0 fnt\n|-unboost|p1a: Pheromosa|def|1\n|-unboost|p1a: Pheromosa|spd|1\n|faint|p2a: Incineroar\n|-ability|p1a: Pheromosa|Beast Boost|boost\n|-boost|p1a: Pheromosa|spe|1\n|-damage|p1a: Pheromosa|91\/100|[from] item: Life Orb\n|\n|upkeep\n|inactive|mas asido has 120 seconds left.\n|\n|t:|1700370976\n|switch|p2a: Cinderace|Cinderace, M|100\/100\n|turn|8\n|\n|t:|1700370980\n|move|p1a: Pheromosa|Taunt|p2a: Cinderace\n|-start|p2a: Cinderace|move: Taunt\n|move|p2a: Cinderace|Pyro Ball|p1a: Pheromosa\n|-supereffective|p1a: Pheromosa\n|-damage|p1a: Pheromosa|0 fnt\n|faint|p1a: Pheromosa\n|\n|upkeep\n|\n|t:|1700370984\n|switch|p1a: Groudon|Groudon, shiny|100\/100\n|detailschange|p1a: Groudon|Groudon-Primal, shiny\n|-primal|p1a: Groudon|Red Orb\n|-weather|DesolateLand|[from] ability: Desolate Land|[of] p1a: Groudon\n|turn|9\n|\n|t:|1700370991\n|switch|p2a: Chi-Yu|Chi-Yu|100\/100\n|-ability|p2a: Chi-Yu|Beads of Ruin\n|move|p1a: Groudon|Rock Polish|p1a: Groudon\n|-boost|p1a: Groudon|spe|2\n|\n|-weather|DesolateLand|[upkeep]\n|upkeep\n|turn|10\n|\n|t:|1700371001\n|move|p1a: Groudon|Earth Power|p2a: Chi-Yu\n|-supereffective|p2a: Chi-Yu\n|-damage|p2a: Chi-Yu|0 fnt\n|faint|p2a: Chi-Yu\n|\n|-weather|DesolateLand|[upkeep]\n|upkeep\n|\n|t:|1700371011\n|switch|p2a: Cinderace|Cinderace, M|100\/100\n|turn|11\n|\n|t:|1700371014\n|move|p2a: Cinderace|Sucker Punch|p1a: Groudon\n|-start|p2a: Cinderace|typechange|Dark|[from] ability: Libero\n|-damage|p1a: Groudon|79\/100\n|move|p1a: Groudon|Earth Power|p2a: Cinderace\n|-damage|p2a: Cinderace|22\/100\n|-unboost|p2a: Cinderace|spd|1\n|\n|-weather|DesolateLand|[upkeep]\n|upkeep\n|turn|12\n|\n|t:|1700371020\n|move|p2a: Cinderace|Sucker Punch|p1a: Groudon\n|-damage|p1a: Groudon|56\/100\n|move|p1a: Groudon|Flamethrower|p2a: Cinderace\n|-damage|p2a: Cinderace|0 fnt\n|faint|p2a: Cinderace\n|\n|-weather|DesolateLand|[upkeep]\n|upkeep\n|\n|t:|1700371028\n|switch|p2a: Blaziken|Blaziken, M|100\/100\n|-damage|p2a: Blaziken|88\/100|[from] Stealth Rock\n|-damage|p2a: Blaziken|72\/100|[from] Spikes\n|turn|13\n|\n|t:|1700371032\n|move|p2a: Blaziken|Endure|p2a: Blaziken\n|-singleturn|p2a: Blaziken|move: Endure\n|move|p1a: Groudon|Earth Power|p2a: Blaziken\n|-supereffective|p2a: Blaziken\n|-activate|p2a: Blaziken|move: Endure\n|-damage|p2a: Blaziken|1\/100\n|\n|-weather|DesolateLand|[upkeep]\n|-ability|p2a: Blaziken|Speed Boost|boost\n|-boost|p2a: Blaziken|spe|1\n|upkeep\n|turn|14\n|-message|mas asido forfeited.\n|\n|win|Rhyfinn08\n|raw|Rhyfinn08's rating: 1308 &rarr; <strong>1322<\/strong><br \/>(+14 for winning)\n|raw|mas asido's rating: 1206 &rarr; <strong>1188<\/strong><br \/>(-18 for losing)\n|l|\u2606mas asido\n","uploadtime":1700371048,"views":6,"p1id":"rhyfinn08","p2id":"masasido","formatid":"gen9nationaldexubers","rating":1188,"private":0,"password":""}