{"id":"gen9nationaldexubers-1993968769","p1":"Trainitar3","p2":"douglasdos447","format":"[Gen 9] National Dex Ubers","log":"|j|\u2606Trainitar3\n|j|\u2606douglasdos447\n|t:|1700385019\n|gametype|singles\n|player|p1|Trainitar3|ninjaboy|1090\n|player|p2|douglasdos447|169|1039\n|teamsize|p1|6\n|teamsize|p2|6\n|gen|9\n|tier|[Gen 9] National Dex Ubers\n|rated|\n|rule|HP Percentage Mod: HP is shown in percentages\n|rule|Endless Battle Clause: Forcing endless battles is banned\n|rule|OHKO Clause: OHKO moves are banned\n|rule|Evasion Moves Clause: Evasion moves are banned\n|rule|Evasion Items Clause: Evasion items are banned\n|rule|Species Clause: Limit one of each Pok\u00e9mon\n|rule|Sleep Clause Mod: Limit one foe put to sleep\n|rule|Mega Rayquaza Clause: You cannot mega evolve Rayquaza\n|clearpoke\n|poke|p1|Xerneas-*|\n|poke|p1|Marshadow|\n|poke|p1|Groudon|\n|poke|p1|Deoxys-Speed|\n|poke|p1|Necrozma-Dusk-Mane|\n|poke|p1|Pheromosa|\n|poke|p2|Ampharos, M|\n|poke|p2|Togekiss, M|\n|poke|p2|Lucario, F|\n|poke|p2|Chandelure, F|\n|poke|p2|Leavanny, M|\n|poke|p2|Greninja-*, M|\n|teampreview\n|inactive|Battle timer is ON: inactive players will automatically lose when time's up. (requested by Trainitar3)\n|\n|t:|1700385023\n|start\n|switch|p1a: Deoxys|Deoxys-Speed, shiny|100\/100\n|switch|p2a: Leavanny|Leavanny, M|100\/100\n|-ability|p1a: Deoxys|Pressure\n|turn|1\n|\n|t:|1700385031\n|move|p1a: Deoxys|Taunt|p2a: Leavanny\n|-start|p2a: Leavanny|move: Taunt\n|cant|p2a: Leavanny|move: Taunt|Sticky Web\n|\n|upkeep\n|turn|2\n|\n|t:|1700385035\n|move|p1a: Deoxys|Stealth Rock|p2a: Leavanny\n|-sidestart|p2: douglasdos447|move: Stealth Rock\n|move|p2a: Leavanny|X-Scissor|p1a: Deoxys\n|-supereffective|p1a: Deoxys\n|-crit|p1a: Deoxys\n|-enditem|p1a: Deoxys|Focus Sash\n|-damage|p1a: Deoxys|1\/100\n|\n|upkeep\n|turn|3\n|\n|t:|1700385045\n|move|p1a: Deoxys|Spikes|p2a: Leavanny\n|-sidestart|p2: douglasdos447|Spikes\n|move|p2a: Leavanny|Poison Jab|p1a: Deoxys\n|-damage|p1a: Deoxys|0 fnt\n|faint|p1a: Deoxys\n|\n|-end|p2a: Leavanny|move: Taunt\n|upkeep\n|\n|t:|1700385065\n|switch|p1a: Necrozma|Necrozma-Dusk-Mane, shiny|100\/100\n|turn|4\n|\n|t:|1700385070\n|move|p2a: Leavanny|X-Scissor|p1a: Necrozma\n|-damage|p1a: Necrozma|71\/100\n|move|p1a: Necrozma|Dragon Dance|p1a: Necrozma\n|-boost|p1a: Necrozma|atk|1\n|-boost|p1a: Necrozma|spe|1\n|\n|upkeep\n|turn|5\n|\n|t:|1700385083\n|move|p1a: Necrozma|Sunsteel Strike|p2a: Leavanny\n|-enditem|p2a: Leavanny|Focus Sash\n|-damage|p2a: Leavanny|1\/100\n|move|p2a: Leavanny|X-Scissor|p1a: Necrozma\n|-damage|p1a: Necrozma|25\/100\n|\n|upkeep\n|turn|6\n|\n|t:|1700385093\n|move|p1a: Necrozma|Photon Geyser|p2a: Leavanny\n|-damage|p2a: Leavanny|0 fnt\n|faint|p2a: Leavanny\n|\n|upkeep\n|\n|t:|1700385108\n|switch|p2a: Lucario|Lucario, F|100\/100\n|-damage|p2a: Lucario|98\/100|[from] Stealth Rock\n|-damage|p2a: Lucario|85\/100|[from] Spikes\n|turn|7\n|\n|t:|1700385114\n|move|p2a: Lucario|Extreme Speed|p1a: Necrozma\n|-resisted|p1a: Necrozma\n|-damage|p1a: Necrozma|14\/100\n|move|p1a: Necrozma|Earthquake|p2a: Lucario\n|-supereffective|p2a: Lucario\n|-damage|p2a: Lucario|0 fnt\n|faint|p2a: Lucario\n|\n|upkeep\n|\n|t:|1700385122\n|switch|p2a: Togekiss|Togekiss, M|100\/100\n|-damage|p2a: Togekiss|75\/100|[from] Stealth Rock\n|turn|8\n|\n|t:|1700385127\n|detailschange|p1a: Necrozma|Necrozma-Ultra, shiny\n|-burst|p1a: Necrozma|Necrozma|Ultranecrozium Z\n|move|p1a: Necrozma|Sunsteel Strike|p2a: Togekiss\n|-supereffective|p2a: Togekiss\n|-damage|p2a: Togekiss|0 fnt\n|faint|p2a: Togekiss\n|\n|upkeep\n|\n|t:|1700385133\n|switch|p2a: Chandelure|Chandelure, F|100\/100\n|-damage|p2a: Chandelure|76\/100|[from] Stealth Rock\n|-damage|p2a: Chandelure|63\/100|[from] Spikes\n|turn|9\n|\n|t:|1700385137\n|move|p1a: Necrozma|Earthquake|p2a: Chandelure\n|-supereffective|p2a: Chandelure\n|-damage|p2a: Chandelure|0 fnt\n|faint|p2a: Chandelure\n|\n|upkeep\n|\n|t:|1700385140\n|switch|p2a: Ampharos|Ampharos, M|100\/100\n|-damage|p2a: Ampharos|88\/100|[from] Stealth Rock\n|-damage|p2a: Ampharos|75\/100|[from] Spikes\n|turn|10\n|\n|t:|1700385146\n|move|p1a: Necrozma|Earthquake|p2a: Ampharos\n|-supereffective|p2a: Ampharos\n|-damage|p2a: Ampharos|0 fnt\n|faint|p2a: Ampharos\n|\n|upkeep\n|\n|t:|1700385148\n|switch|p2a: Greninja|Greninja, M|100\/100\n|-damage|p2a: Greninja|88\/100|[from] Stealth Rock\n|-damage|p2a: Greninja|76\/100|[from] Spikes\n|turn|11\n|\n|t:|1700385154\n|switch|p1a: Groudon|Groudon, shiny|100\/100\n|detailschange|p1a: Groudon|Groudon-Primal, shiny\n|-primal|p1a: Groudon|Red Orb\n|-weather|DesolateLand|[from] ability: Desolate Land|[of] p1a: Groudon\n|move|p2a: Greninja|Ice Beam|p1a: Groudon\n|-damage|p1a: Groudon|71\/100\n|\n|-weather|DesolateLand|[upkeep]\n|-heal|p2a: Greninja|82\/100|[from] item: Leftovers\n|upkeep\n|turn|12\n|\n|t:|1700385159\n|move|p2a: Greninja|Dark Pulse|p1a: Groudon\n|-damage|p1a: Groudon|29\/100\n|move|p1a: Groudon|Solar Beam||[still]\n|-prepare|p1a: Groudon|Solar Beam\n|-anim|p1a: Groudon|Solar Beam|p2a: Greninja\n|-supereffective|p2a: Greninja\n|-damage|p2a: Greninja|0 fnt\n|faint|p2a: Greninja\n|\n|win|Trainitar3\n|raw|Trainitar3's rating: 1110 &rarr; <strong>1130<\/strong><br \/>(+20 for winning)\n|raw|douglasdos447's rating: 1039 &rarr; <strong>1026<\/strong><br \/>(-13 for losing)\n|l|\u2606douglasdos447\n","uploadtime":1700385164,"views":6,"p1id":"trainitar3","p2id":"douglasdos447","formatid":"gen9nationaldexubers","rating":1026,"private":0,"password":""}