{"id":"gen9nationaldexubers-1992123236","p1":"Spectro Latios9","p2":"SombreroDog","format":"[Gen 9] National Dex Ubers","log":"|j|\u2606Spectro Latios9\n|j|\u2606SombreroDog\n|t:|1700156978\n|gametype|singles\n|player|p1|Spectro Latios9|unknown|1086\n|player|p2|SombreroDog|veteran|1100\n|teamsize|p1|6\n|teamsize|p2|6\n|gen|9\n|tier|[Gen 9] National Dex Ubers\n|rated|\n|rule|HP Percentage Mod: HP is shown in percentages\n|rule|Endless Battle Clause: Forcing endless battles is banned\n|rule|OHKO Clause: OHKO moves are banned\n|rule|Evasion Moves Clause: Evasion moves are banned\n|rule|Evasion Items Clause: Evasion items are banned\n|rule|Species Clause: Limit one of each Pok\u00e9mon\n|rule|Sleep Clause Mod: Limit one foe put to sleep\n|rule|Mega Rayquaza Clause: You cannot mega evolve Rayquaza\n|clearpoke\n|poke|p1|Galvantula, F|\n|poke|p1|Marshadow|\n|poke|p1|Smeargle, F|\n|poke|p1|Necrozma-Dusk-Mane|\n|poke|p1|Zacian-*|\n|poke|p1|Forretress, M|\n|poke|p2|Feraligatr, M|\n|poke|p2|Naganadel|\n|poke|p2|Skeledirge, M|\n|poke|p2|Yanmega, M|\n|poke|p2|Metagross|\n|poke|p2|Ursaluna, M|\n|teampreview\n|\n|t:|1700156985\n|start\n|switch|p1a: gohma|Galvantula, F, shiny|100\/100\n|switch|p2a: Big Metal Man|Metagross, shiny|100\/100\n|turn|1\n|c|\u2606Spectro Latios9|glhf\n|\n|t:|1700156990\n|detailschange|p2a: Big Metal Man|Metagross-Mega, shiny\n|-mega|p2a: Big Metal Man|Metagross|Metagrossite\n|move|p1a: gohma|Thunder Wave|p2a: Big Metal Man\n|-status|p2a: Big Metal Man|par\n|move|p2a: Big Metal Man|Agility|p2a: Big Metal Man\n|-boost|p2a: Big Metal Man|spe|2\n|\n|upkeep\n|turn|2\n|c|\u2606SombreroDog|u2\n|\n|t:|1700156996\n|move|p1a: gohma|Sticky Web|p2a: Big Metal Man\n|-sidestart|p2: SombreroDog|move: Sticky Web\n|move|p2a: Big Metal Man|Agility|p2a: Big Metal Man\n|-boost|p2a: Big Metal Man|spe|2\n|\n|upkeep\n|turn|3\n|\n|t:|1700157003\n|move|p2a: Big Metal Man|Agility|p2a: Big Metal Man\n|-boost|p2a: Big Metal Man|spe|2\n|move|p1a: gohma|Thunder|p2a: Big Metal Man\n|-damage|p2a: Big Metal Man|50\/100 par\n|\n|upkeep\n|turn|4\n|\n|t:|1700157013\n|cant|p2a: Big Metal Man|par\n|move|p1a: gohma|Thunder|p2a: Big Metal Man\n|-damage|p2a: Big Metal Man|4\/100 par\n|\n|upkeep\n|turn|5\n|\n|t:|1700157019\n|move|p2a: Big Metal Man|Meteor Mash|p1a: gohma\n|-resisted|p1a: gohma\n|-damage|p1a: gohma|31\/100\n|move|p1a: gohma|Bug Buzz|p2a: Big Metal Man\n|-damage|p2a: Big Metal Man|0 fnt\n|faint|p2a: Big Metal Man\n|\n|upkeep\n|c|\u2606SombreroDog|die a painful death.\n|\n|t:|1700157036\n|switch|p2a: Big Croc|Skeledirge, M, shiny|100\/100\n|-activate|p2a: Big Croc|move: Sticky Web\n|-unboost|p2a: Big Croc|spe|1\n|turn|6\n|\n|t:|1700157041\n|move|p1a: gohma|Thunder Wave|p2a: Big Croc\n|-status|p2a: Big Croc|par\n|move|p2a: Big Croc|Flame Charge|p1a: gohma\n|-supereffective|p1a: gohma\n|-damage|p1a: gohma|0 fnt\n|-boost|p2a: Big Croc|spe|1\n|faint|p1a: gohma\n|\n|upkeep\n|\n|t:|1700157060\n|switch|p1a: ancient spinner|Forretress, M|100\/100\n|turn|7\n|\n|t:|1700157064\n|move|p1a: ancient spinner|Stealth Rock|p2a: Big Croc\n|-sidestart|p2: SombreroDog|move: Stealth Rock\n|cant|p2a: Big Croc|par\n|\n|upkeep\n|turn|8\n|\n|t:|1700157068\n|move|p1a: ancient spinner|Toxic Spikes|p2a: Big Croc\n|-sidestart|p2: SombreroDog|move: Toxic Spikes\n|move|p2a: Big Croc|Flame Charge|p1a: ancient spinner\n|-supereffective|p1a: ancient spinner\n|-damage|p1a: ancient spinner|72\/100\n|-boost|p2a: Big Croc|spe|1\n|-enditem|p1a: ancient spinner|Red Card|[of] p2a: Big Croc\n|drag|p2a: Big Wasp|Naganadel, shiny|100\/100\n|-sideend|p2: SombreroDog|move: Toxic Spikes|[of] p2a: Big Wasp\n|\n|upkeep\n|turn|9\n|\n|t:|1700157077\n|move|p2a: Big Wasp|Nasty Plot|p2a: Big Wasp\n|-boost|p2a: Big Wasp|spa|2\n|move|p1a: ancient spinner|Toxic Spikes|p2a: Big Wasp\n|-sidestart|p2: SombreroDog|move: Toxic Spikes\n|\n|upkeep\n|turn|10\n|\n|t:|1700157081\n|move|p2a: Big Wasp|Thunderbolt|p1a: ancient spinner\n|-damage|p1a: ancient spinner|0 fnt\n|faint|p1a: ancient spinner\n|-ability|p2a: Big Wasp|Beast Boost|boost\n|-boost|p2a: Big Wasp|spe|1\n|\n|upkeep\n|\n|t:|1700157083\n|switch|p1a: ganondorf|Marshadow|100\/100\n|turn|11\n|\n|t:|1700157091\n|move|p2a: Big Wasp|Dragon Pulse|p1a: ganondorf\n|-enditem|p1a: ganondorf|Focus Sash\n|-damage|p1a: ganondorf|1\/100\n|move|p1a: ganondorf|Spectral Thief||[still]\n|-clearpositiveboost|p2a: Big Wasp|p1a: ganondorf|move: Spectral Thief\n|-boost|p1a: ganondorf|spa|2\n|-boost|p1a: ganondorf|spe|1\n|-anim|p1a: ganondorf|Spectral Thief|p2a: Big Wasp\n|-damage|p2a: Big Wasp|30\/100\n|\n|upkeep\n|turn|12\n|\n|t:|1700157104\n|move|p1a: ganondorf|Shadow Sneak|p2a: Big Wasp\n|-crit|p2a: Big Wasp\n|-damage|p2a: Big Wasp|0 fnt\n|faint|p2a: Big Wasp\n|\n|upkeep\n|\n|t:|1700157110\n|switch|p2a: Big Bear|Ursaluna, M, shiny|100\/100\n|-activate|p2a: Big Bear|move: Sticky Web\n|-unboost|p2a: Big Bear|spe|1\n|-damage|p2a: Big Bear|94\/100|[from] Stealth Rock\n|-status|p2a: Big Bear|psn\n|turn|13\n|n|\u203dSombreroDog|sombrerodog\n|\n|t:|1700157144\n|-terastallize|p2a: Big Bear|Ghost\n|move|p1a: ganondorf|Drain Punch|p2a: Big Bear\n|-immune|p2a: Big Bear\n|move|p2a: Big Bear|Earthquake|p1a: ganondorf\n|-damage|p1a: ganondorf|0 fnt\n|faint|p1a: ganondorf\n|\n|-damage|p2a: Big Bear|82\/100 psn|[from] psn\n|upkeep\n|\n|t:|1700157147\n|switch|p1a: korok|Smeargle, F|100\/100\n|turn|14\n|\n|t:|1700157164\n|move|p1a: korok|Substitute|p1a: korok\n|-start|p1a: korok|Substitute\n|-damage|p1a: korok|76\/100\n|move|p2a: Big Bear|Brick Break|p1a: korok\n|-supereffective|p1a: korok\n|-end|p1a: korok|Substitute\n|\n|-heal|p1a: korok|82\/100|[from] item: Leftovers\n|-damage|p2a: Big Bear|70\/100 psn|[from] psn\n|-ability|p1a: korok|Moody|boost\n|-boost|p1a: korok|spe|2\n|-unboost|p1a: korok|spa|1\n|upkeep\n|turn|15\n|\n|t:|1700157194\n|move|p1a: korok|Spiky Shield|p1a: korok\n|-singleturn|p1a: korok|move: Protect\n|move|p2a: Big Bear|Facade|p1a: korok\n|-activate|p1a: korok|move: Protect\n|-damage|p2a: Big Bear|58\/100 psn|[from] Spiky Shield|[of] p1a: korok\n|\n|-heal|p1a: korok|88\/100|[from] item: Leftovers\n|-damage|p2a: Big Bear|45\/100 psn|[from] psn\n|-ability|p1a: korok|Moody|boost\n|-boost|p1a: korok|def|2\n|-unboost|p1a: korok|atk|1\n|upkeep\n|turn|16\n|\n|t:|1700157198\n|move|p1a: korok|Substitute|p1a: korok\n|-start|p1a: korok|Substitute\n|-damage|p1a: korok|63\/100\n|move|p2a: Big Bear|Facade|p1a: korok\n|-end|p1a: korok|Substitute\n|\n|-heal|p1a: korok|69\/100|[from] item: Leftovers\n|-damage|p2a: Big Bear|33\/100 psn|[from] psn\n|-ability|p1a: korok|Moody|boost\n|-boost|p1a: korok|spa|2\n|-unboost|p1a: korok|spe|1\n|upkeep\n|turn|17\n|\n|t:|1700157205\n|move|p1a: korok|Spiky Shield|p1a: korok\n|-singleturn|p1a: korok|move: Protect\n|move|p2a: Big Bear|Brick Break|p1a: korok\n|-activate|p1a: korok|move: Protect\n|-damage|p2a: Big Bear|21\/100 psn|[from] Spiky Shield|[of] p1a: korok\n|\n|-heal|p1a: korok|75\/100|[from] item: Leftovers\n|-damage|p2a: Big Bear|8\/100 psn|[from] psn\n|-ability|p1a: korok|Moody|boost\n|-boost|p1a: korok|spd|2\n|-unboost|p1a: korok|def|1\n|upkeep\n|turn|18\n|\n|t:|1700157224\n|-terastallize|p1a: korok|Dark\n|move|p1a: korok|Power Trip|p2a: Big Bear\n|-supereffective|p2a: Big Bear\n|-damage|p2a: Big Bear|0 fnt\n|faint|p2a: Big Bear\n|\n|-heal|p1a: korok|81\/100|[from] item: Leftovers\n|-ability|p1a: korok|Moody|boost\n|-boost|p1a: korok|atk|2\n|-unboost|p1a: korok|spe|1\n|upkeep\n|\n|t:|1700157232\n|switch|p2a: Big Dragonfly|Yanmega, M, shiny|100\/100\n|-damage|p2a: Big Dragonfly|51\/100|[from] Stealth Rock\n|turn|19\n|\n|t:|1700157240\n|move|p2a: Big Dragonfly|Bug Buzz|p1a: korok\n|-supereffective|p1a: korok\n|-damage|p1a: korok|0 fnt\n|faint|p1a: korok\n|\n|-ability|p2a: Big Dragonfly|Speed Boost|boost\n|-boost|p2a: Big Dragonfly|spe|1\n|upkeep\n|\n|t:|1700157243\n|switch|p1a: link|Zacian-Crowned|100\/100\n|-ability|p1a: link|Intrepid Sword|boost\n|-boost|p1a: link|atk|1\n|turn|20\n|\n|t:|1700157254\n|move|p1a: link|Behemoth Blade|p2a: Big Dragonfly\n|-damage|p2a: Big Dragonfly|0 fnt\n|faint|p2a: Big Dragonfly\n|\n|upkeep\n|\n|t:|1700157257\n|switch|p2a: Big Croc|Skeledirge, M, shiny|100\/100 par\n|-activate|p2a: Big Croc|move: Sticky Web\n|-unboost|p2a: Big Croc|spe|1\n|-damage|p2a: Big Croc|75\/100 par|[from] Stealth Rock\n|turn|21\n|\n|t:|1700157261\n|move|p1a: link|Play Rough|p2a: Big Croc|[miss]\n|-miss|p1a: link|p2a: Big Croc\n|move|p2a: Big Croc|Yawn|p1a: link\n|-start|p1a: link|move: Yawn|[of] p2a: Big Croc\n|\n|-heal|p2a: Big Croc|82\/100 par|[from] item: Leftovers\n|upkeep\n|turn|22\n|\n|t:|1700157266\n|switch|p1a: king of red lions|Necrozma-Dusk-Mane|100\/100\n|move|p2a: Big Croc|Flame Charge|p1a: king of red lions\n|-supereffective|p1a: king of red lions\n|-damage|p1a: king of red lions|87\/100\n|-boost|p2a: Big Croc|spe|1\n|-enditem|p1a: king of red lions|Weakness Policy\n|-boost|p1a: king of red lions|atk|2|[from] item: Weakness Policy\n|-boost|p1a: king of red lions|spa|2|[from] item: Weakness Policy\n|\n|-heal|p2a: Big Croc|88\/100 par|[from] item: Leftovers\n|upkeep\n|turn|23\n|\n|t:|1700157269\n|move|p1a: king of red lions|Earthquake|p2a: Big Croc\n|-supereffective|p2a: Big Croc\n|-damage|p2a: Big Croc|38\/100 par\n|move|p2a: Big Croc|Flame Charge|p1a: king of red lions\n|-supereffective|p1a: king of red lions\n|-damage|p1a: king of red lions|72\/100\n|-boost|p2a: Big Croc|spe|1\n|\n|-heal|p2a: Big Croc|44\/100 par|[from] item: Leftovers\n|upkeep\n|turn|24\n|inactive|Battle timer is ON: inactive players will automatically lose when time's up. (requested by Spectro Latios9)\n|l|\u203dSombreroDog\n|inactive|SombreroDog disconnected and has a minute to reconnect!\n|player|p2|\n|inactive|SombreroDog has 30 seconds to reconnect!\n|inactive|SombreroDog has 20 seconds to reconnect!\n|inactive|SombreroDog has 15 seconds to reconnect!\n|inactive|SombreroDog has 10 seconds to reconnect!\n|inactive|SombreroDog has 5 seconds to reconnect!\n|-message|SombreroDog lost due to inactivity.\n|\n|win|Spectro Latios9\n|raw|Spectro Latios9's rating: 1086 &rarr; <strong>1114<\/strong><br \/>(+28 for winning)\n|raw|SombreroDog's rating: 1100 &rarr; <strong>1074<\/strong><br \/>(-26 for losing)\n|l|\u2606Spectro Latios9\n|j|\u2606Spectro Latios9\n|player|p1|Spectro Latios9|unknown\n","uploadtime":1700157055,"views":11,"p1id":"spectrolatios9","p2id":"sombrerodog","formatid":"gen9nationaldexubers","rating":1074,"private":0,"password":""}