{"id":"gen9nationaldexubers-1998625747","p1":"Tytheguy004","p2":"Ginesect","format":"[Gen 9] National Dex Ubers","log":"|j|\u2606Tytheguy004\n|j|\u2606Ginesect\n|t:|1700964539\n|gametype|singles\n|player|p1|Tytheguy004|scientist-gen4dp|\n|player|p2|Ginesect|cynthia|\n|teamsize|p1|6\n|teamsize|p2|6\n|gen|9\n|tier|[Gen 9] National Dex Ubers\n|rule|HP Percentage Mod: HP is shown in percentages\n|rule|Endless Battle Clause: Forcing endless battles is banned\n|rule|OHKO Clause: OHKO moves are banned\n|rule|Evasion Moves Clause: Evasion moves are banned\n|rule|Evasion Items Clause: Evasion items are banned\n|rule|Species Clause: Limit one of each Pok\u00e9mon\n|rule|Sleep Clause Mod: Limit one foe put to sleep\n|rule|Mega Rayquaza Clause: You cannot mega evolve Rayquaza\n|clearpoke\n|poke|p1|Beedrill, F|\n|poke|p1|Tapu Lele|\n|poke|p1|Sneasler, M|\n|poke|p1|Blaziken, F|\n|poke|p1|Serperior, F|\n|poke|p1|Iron Valiant|\n|poke|p2|Ninetales-Alola, F|\n|poke|p2|Arctozolt|\n|poke|p2|Mamoswine, M|\n|poke|p2|Chien-Pao|\n|poke|p2|Cloyster, M|\n|poke|p2|Moltres|\n|teampreview\n|c|\u2606Ginesect|Glhf\n|c|\u2606Tytheguy004|Glhd\n|c|\u2606Tytheguy004|Glhf*\n|\n|t:|1700964564\n|start\n|switch|p1a: Serperior|Serperior, F|100\/100\n|switch|p2a: Mamoswine|Mamoswine, M|100\/100\n|turn|1\n|\n|t:|1700964577\n|move|p1a: Serperior|Aqua Tail|p2a: Mamoswine\n|-supereffective|p2a: Mamoswine\n|-damage|p2a: Mamoswine|67\/100\n|move|p2a: Mamoswine|Stealth Rock|p1a: Serperior\n|-sidestart|p1: Tytheguy004|move: Stealth Rock\n|\n|upkeep\n|turn|2\n|\n|t:|1700964583\n|switch|p2a: Ninetales|Ninetales-Alola, F|100\/100\n|-weather|Snow|[from] ability: Snow Warning|[of] p2a: Ninetales\n|move|p1a: Serperior|Defog|p2a: Ninetales\n|-unboost|p2a: Ninetales|evasion|1\n|-sideend|p1: Tytheguy004|Stealth Rock|[from] move: Defog|[of] p1a: Serperior\n|\n|-weather|Snow|[upkeep]\n|upkeep\n|turn|3\n|\n|t:|1700964591\n|move|p1a: Serperior|Glare|p2a: Ninetales\n|-status|p2a: Ninetales|par\n|move|p2a: Ninetales|Encore|p1a: Serperior\n|-start|p1a: Serperior|Encore\n|\n|-weather|Snow|[upkeep]\n|upkeep\n|turn|4\n|\n|t:|1700964602\n|switch|p1a: Beedrill|Beedrill, F|100\/100\n|move|p2a: Ninetales|Aurora Veil|p2a: Ninetales\n|-sidestart|p2: Ginesect|move: Aurora Veil\n|\n|-weather|Snow|[upkeep]\n|upkeep\n|turn|5\n|\n|t:|1700964608\n|detailschange|p1a: Beedrill|Beedrill-Mega, F\n|-mega|p1a: Beedrill|Beedrill|Beedrillite\n|move|p1a: Beedrill|Toxic Spikes|p2a: Ninetales\n|-sidestart|p2: Ginesect|move: Toxic Spikes\n|move|p2a: Ninetales|Blizzard|p1a: Beedrill\n|-damage|p1a: Beedrill|37\/100\n|\n|-weather|Snow|[upkeep]\n|upkeep\n|turn|6\n|\n|t:|1700964613\n|move|p1a: Beedrill|Toxic Spikes|p2a: Ninetales\n|-sidestart|p2: Ginesect|move: Toxic Spikes\n|cant|p2a: Ninetales|par\n|\n|-weather|Snow|[upkeep]\n|upkeep\n|turn|7\n|\n|t:|1700964616\n|move|p1a: Beedrill|Knock Off|p2a: Ninetales\n|-resisted|p2a: Ninetales\n|-damage|p2a: Ninetales|92\/100 par\n|-enditem|p2a: Ninetales|Icy Rock|[from] move: Knock Off|[of] p1a: Beedrill\n|move|p2a: Ninetales|Blizzard|p1a: Beedrill\n|-damage|p1a: Beedrill|0 fnt\n|faint|p1a: Beedrill\n|\n|-weather|Snow|[upkeep]\n|upkeep\n|\n|t:|1700964635\n|switch|p1a: Tapu Lele|Tapu Lele|100\/100\n|-fieldstart|move: Psychic Terrain|[from] ability: Psychic Surge|[of] p1a: Tapu Lele\n|turn|8\n|\n|t:|1700964644\n|switch|p2a: Moltres|Moltres|100\/100\n|move|p1a: Tapu Lele|Nature's Madness|p2a: Moltres\n|-damage|p2a: Moltres|51\/100\n|\n|-weather|Snow|[upkeep]\n|-sideend|p2: Ginesect|move: Aurora Veil\n|upkeep\n|turn|9\n|\n|t:|1700964653\n|switch|p1a: Serperior|Serperior, F|100\/100\n|move|p2a: Moltres|Roost|p2a: Moltres\n|-heal|p2a: Moltres|100\/100\n|-singleturn|p2a: Moltres|move: Roost\n|\n|-weather|none\n|upkeep\n|turn|10\n|\n|t:|1700964658\n|move|p1a: Serperior|Aqua Tail|p2a: Moltres\n|-supereffective|p2a: Moltres\n|-damage|p2a: Moltres|66\/100\n|move|p2a: Moltres|Defog|p1a: Serperior\n|-boost|p1a: Serperior|evasion|1\n|-sideend|p2: Ginesect|Toxic Spikes|[from] move: Defog|[of] p2a: Moltres\n|-fieldend|move: Psychic Terrain\n|\n|upkeep\n|turn|11\n|\n|t:|1700964663\n|move|p1a: Serperior|Glare|p2a: Moltres\n|-status|p2a: Moltres|par\n|move|p2a: Moltres|Hurricane|p1a: Serperior\n|-supereffective|p1a: Serperior\n|-damage|p1a: Serperior|0 fnt\n|faint|p1a: Serperior\n|\n|upkeep\n|\n|t:|1700964672\n|switch|p1a: Tapu Lele|Tapu Lele|100\/100\n|-fieldstart|move: Psychic Terrain|[from] ability: Psychic Surge|[of] p1a: Tapu Lele\n|turn|12\n|\n|t:|1700964711\n|switch|p2a: Ninetales|Ninetales-Alola, F|92\/100 par\n|-weather|Snow|[from] ability: Snow Warning|[of] p2a: Ninetales\n|move|p1a: Tapu Lele|Psychic|p2a: Ninetales\n|-damage|p2a: Ninetales|15\/100 par\n|-unboost|p2a: Ninetales|spd|1\n|\n|-weather|Snow|[upkeep]\n|upkeep\n|turn|13\n|l|\u2606Ginesect\n|player|p2|\n|j|\u2606Ginesect\n|player|p2|Ginesect|cynthia\n|\n|t:|1700964736\n|switch|p2a: Chien-Pao|Chien-Pao|100\/100\n|-ability|p2a: Chien-Pao|Sword of Ruin\n|move|p1a: Tapu Lele|Psychic|p2a: Chien-Pao\n|-immune|p2a: Chien-Pao\n|\n|-weather|Snow|[upkeep]\n|upkeep\n|turn|14\n|\n|t:|1700964741\n|switch|p1a: Sneasler|Sneasler, M|100\/100\n|-enditem|p1a: Sneasler|Psychic Seed\n|-boost|p1a: Sneasler|spd|1|[from] item: Psychic Seed\n|move|p2a: Chien-Pao|Ice Spinner|p1a: Sneasler\n|-damage|p1a: Sneasler|0 fnt\n|-fieldend|move: Psychic Terrain\n|faint|p1a: Sneasler\n|\n|-weather|Snow|[upkeep]\n|upkeep\n|\n|t:|1700964751\n|switch|p1a: Iron Valiant|Iron Valiant|100\/100\n|-enditem|p1a: Iron Valiant|Booster Energy\n|-activate|p1a: Iron Valiant|ability: Quark Drive|[fromitem]\n|-start|p1a: Iron Valiant|quarkdrivespe\n|turn|15\n|\n|t:|1700964764\n|switch|p2a: Arctozolt|Arctozolt|100\/100\n|move|p1a: Iron Valiant|Close Combat|p2a: Arctozolt\n|-supereffective|p2a: Arctozolt\n|-damage|p2a: Arctozolt|0 fnt\n|-unboost|p1a: Iron Valiant|def|1\n|-unboost|p1a: Iron Valiant|spd|1\n|faint|p2a: Arctozolt\n|\n|-weather|Snow|[upkeep]\n|upkeep\n|c|\u2606Tytheguy004|Thats wonderful\n|\n|t:|1700964784\n|switch|p2a: Mamoswine|Mamoswine, M|67\/100\n|turn|16\n|\n|t:|1700964788\n|move|p2a: Mamoswine|Ice Shard|p1a: Iron Valiant\n|-damage|p1a: Iron Valiant|59\/100\n|move|p1a: Iron Valiant|Aura Sphere|p2a: Mamoswine\n|-supereffective|p2a: Mamoswine\n|-damage|p2a: Mamoswine|0 fnt\n|faint|p2a: Mamoswine\n|\n|-weather|none\n|upkeep\n|c|\u2606Ginesect|Damn\n|\n|t:|1700964808\n|switch|p2a: Moltres|Moltres|66\/100 par\n|turn|17\n|\n|t:|1700964813\n|move|p1a: Iron Valiant|Close Combat|p2a: Moltres\n|-resisted|p2a: Moltres\n|-damage|p2a: Moltres|34\/100 par\n|-unboost|p1a: Iron Valiant|def|1\n|-unboost|p1a: Iron Valiant|spd|1\n|-status|p1a: Iron Valiant|brn|[from] ability: Flame Body|[of] p2a: Moltres\n|move|p2a: Moltres|Hurricane|p1a: Iron Valiant\n|-supereffective|p1a: Iron Valiant\n|-damage|p1a: Iron Valiant|0 fnt\n|faint|p1a: Iron Valiant\n|-end|p1a: Iron Valiant|Quark Drive|[silent]\n|\n|upkeep\n|\n|t:|1700964818\n|switch|p1a: Tapu Lele|Tapu Lele|100\/100\n|-fieldstart|move: Psychic Terrain|[from] ability: Psychic Surge|[of] p1a: Tapu Lele\n|turn|18\n|l|\u2606Ginesect\n|player|p2|\n|j|\u2606Ginesect\n|player|p2|Ginesect|cynthia\n|c|\u2606Tytheguy004|Gin dipped auto win lol\n|\n|t:|1700964879\n|move|p1a: Tapu Lele|Focus Blast|p2a: Moltres\n|-resisted|p2a: Moltres\n|-damage|p2a: Moltres|16\/100 par\n|-unboost|p2a: Moltres|spd|1\n|move|p2a: Moltres|Roost|p2a: Moltres\n|-heal|p2a: Moltres|66\/100 par\n|-singleturn|p2a: Moltres|move: Roost\n|\n|upkeep\n|turn|19\n|c|\u2606Tytheguy004|Fuck\n|c|\u2606Tytheguy004|I thought it killed\n|l|\u2606Ginesect\n|player|p2|\n|j|\u2606Ginesect\n|player|p2|Ginesect|cynthia\n|c|\u2606Ginesect|Fuck my internet\n|c|\u2606Tytheguy004|Lol\n|c|\u2606Tytheguy004|Auto win due to your internet\n|c|\u2606Tytheguy004|You disconnected\n|c|\u2606Tytheguy004|VGC rules auto win\n|\n|t:|1700964935\n|move|p1a: Tapu Lele|Focus Blast|p2a: Moltres\n|-resisted|p2a: Moltres\n|-damage|p2a: Moltres|37\/100 par\n|cant|p2a: Moltres|par\n|\n|upkeep\n|turn|20\n|c|\u2606Ginesect|Lmao\n|c|\u2606Ginesect|Lmao tf\n|c|\u2606Tytheguy004|Those are real rules\n|c|\u2606Tytheguy004|It happened to me before\n|\n|t:|1700964956\n|move|p1a: Tapu Lele|Focus Blast|p2a: Moltres\n|-resisted|p2a: Moltres\n|-damage|p2a: Moltres|9\/100 par\n|move|p2a: Moltres|Hurricane|p1a: Tapu Lele\n|-damage|p1a: Tapu Lele|38\/100\n|\n|upkeep\n|turn|21\n|c|\u2606Ginesect|It's VGC tho\n|\n|t:|1700964969\n|move|p1a: Tapu Lele|Focus Blast|p2a: Moltres\n|-resisted|p2a: Moltres\n|-damage|p2a: Moltres|0 fnt\n|faint|p2a: Moltres\n|\n|upkeep\n|c|\u2606Tytheguy004|I know thats the point\n|\n|t:|1700964980\n|switch|p2a: Chien-Pao|Chien-Pao|100\/100\n|-ability|p2a: Chien-Pao|Sword of Ruin\n|turn|22\n|c|\u2606Ginesect|All focus blasts hit\n|\n|t:|1700964993\n|move|p1a: Tapu Lele|Focus Blast|p2a: Chien-Pao\n|-supereffective|p2a: Chien-Pao\n|-damage|p2a: Chien-Pao|0 fnt\n|faint|p2a: Chien-Pao\n|\n|-fieldend|move: Psychic Terrain\n|upkeep\n|c|\u2606Ginesect|Wtff\n|c|\u2606Ginesect|Holy shit\n|c|\u2606Tytheguy004|Lol lele on top\n|\n|t:|1700965003\n|switch|p2a: Ninetales|Ninetales-Alola, F|15\/100 par\n|-weather|Snow|[from] ability: Snow Warning|[of] p2a: Ninetales\n|turn|23\n|c|\u2606Ginesect|Ah u might win this\n|\n|t:|1700965011\n|move|p1a: Tapu Lele|Focus Blast|p2a: Ninetales\n|-damage|p2a: Ninetales|0 fnt\n|faint|p2a: Ninetales\n|\n|-weather|Snow|[upkeep]\n|upkeep\n|c|\u2606Tytheguy004|Yeah i think so\n|c|\u2606Ginesect|How is focus blast not missing omg\n|c|\u2606Tytheguy004|I know right\n|c|\u2606Tytheguy004|Ong im finally lucky\n|c|\u2606Ginesect|6 FBs in a row damn\n|\n|t:|1700965037\n|switch|p2a: Cloyster|Cloyster, M|100\/100\n|turn|24\n|\n|t:|1700965041\n|-terastallize|p2a: Cloyster|Water\n|move|p1a: Tapu Lele|Focus Blast|p2a: Cloyster\n|-damage|p2a: Cloyster|0 fnt\n|faint|p2a: Cloyster\n|\n|win|Tytheguy004\n|c|\u2606Tytheguy004|7\n|c|\u2606Tytheguy004|7\n|c|\u2606Ginesect|gg\n|c|\u2606Tytheguy004|LETS GO\n|c|\u2606Tytheguy004|Gg\n|c|\u2606Ginesect|Damn..\n|c|\u2606Tytheguy004|7\n|c|\u2606Tytheguy004|7\n|c|\u2606Tytheguy004|7\n|l|\u2606Ginesect\n|c|\u2606Tytheguy004|Nah but i got really lucky\n|l|\u2606Tytheguy004\n|j|\u2606Tytheguy004\n|player|p1|Tytheguy004|scientist-gen4dp\n","uploadtime":1700965054,"views":38,"p1id":"tytheguy004","p2id":"ginesect","formatid":"gen9nationaldexubers","rating":0,"private":0,"password":""}