{"id":"gen9nationaldexubers-1987385530","p1":"IMINDAMGERUwU","p2":"E I C O S","format":"[Gen 9] National Dex Ubers","log":"|j|\u2606IMINDAMGERUwU\n|j|\u2606E I C O S\n|t:|1699584660\n|gametype|singles\n|player|p1|IMINDAMGERUwU|baker|1228\n|player|p2|E I C O S|266|1345\n|teamsize|p1|6\n|teamsize|p2|6\n|gen|9\n|tier|[Gen 9] National Dex Ubers\n|rated|\n|rule|HP Percentage Mod: HP is shown in percentages\n|rule|Endless Battle Clause: Forcing endless battles is banned\n|rule|OHKO Clause: OHKO moves are banned\n|rule|Evasion Moves Clause: Evasion moves are banned\n|rule|Evasion Items Clause: Evasion items are banned\n|rule|Species Clause: Limit one of each Pok\u00e9mon\n|rule|Sleep Clause Mod: Limit one foe put to sleep\n|rule|Mega Rayquaza Clause: You cannot mega evolve Rayquaza\n|clearpoke\n|poke|p1|Xerneas-*|\n|poke|p1|Zacian-*|\n|poke|p1|Necrozma-Dusk-Mane|\n|poke|p1|Kyogre|\n|poke|p1|Ho-Oh|\n|poke|p1|Groudon|\n|poke|p2|Serperior, M|\n|poke|p2|Chien-Pao|\n|poke|p2|Corviknight, M|\n|poke|p2|Iron Moth|\n|poke|p2|Swampert, M|\n|poke|p2|Dragapult, M|\n|teampreview\n|inactive|Battle timer is ON: inactive players will automatically lose when time's up. (requested by E I C O S)\n|\n|t:|1699584675\n|start\n|switch|p1a: Groudon|Groudon, shiny|100\/100\n|switch|p2a: Chien-Pao|Chien-Pao|100\/100\n|-ability|p2a: Chien-Pao|Sword of Ruin\n|detailschange|p1a: Groudon|Groudon-Primal, shiny\n|-primal|p1a: Groudon|Red Orb\n|-weather|DesolateLand|[from] ability: Desolate Land|[of] p1a: Groudon\n|turn|1\n|\n|t:|1699584679\n|move|p2a: Chien-Pao|Crunch|p1a: Groudon\n|-damage|p1a: Groudon|67\/100\n|-unboost|p1a: Groudon|def|1\n|move|p1a: Groudon|Rock Polish|p1a: Groudon\n|-boost|p1a: Groudon|spe|2\n|\n|-weather|DesolateLand|[upkeep]\n|upkeep\n|turn|2\n|\n|t:|1699584688\n|move|p1a: Groudon|Swords Dance|p1a: Groudon\n|-boost|p1a: Groudon|atk|2\n|move|p2a: Chien-Pao|Crunch|p1a: Groudon\n|-damage|p1a: Groudon|12\/100\n|\n|-weather|DesolateLand|[upkeep]\n|upkeep\n|turn|3\n|\n|t:|1699584693\n|move|p2a: Chien-Pao|Ice Shard|p1a: Groudon\n|-damage|p1a: Groudon|0 fnt\n|faint|p1a: Groudon\n|-weather|none\n|\n|upkeep\n|\n|t:|1699584701\n|switch|p1a: Zacian|Zacian-Crowned, shiny|100\/100\n|-ability|p1a: Zacian|Intrepid Sword|boost\n|-boost|p1a: Zacian|atk|1\n|turn|4\n|\n|t:|1699584703\n|move|p1a: Zacian|Swords Dance|p1a: Zacian\n|-boost|p1a: Zacian|atk|2\n|move|p2a: Chien-Pao|Sacred Sword|p1a: Zacian\n|-damage|p1a: Zacian|62\/100\n|\n|upkeep\n|turn|5\n|\n|t:|1699584706\n|move|p1a: Zacian|Behemoth Blade|p2a: Chien-Pao\n|-supereffective|p2a: Chien-Pao\n|-enditem|p2a: Chien-Pao|Focus Sash\n|-damage|p2a: Chien-Pao|1\/100\n|move|p2a: Chien-Pao|Sacred Sword|p1a: Zacian\n|-damage|p1a: Zacian|23\/100\n|\n|upkeep\n|turn|6\n|\n|t:|1699584708\n|move|p2a: Chien-Pao|Ice Shard|p1a: Zacian\n|-resisted|p1a: Zacian\n|-damage|p1a: Zacian|8\/100\n|move|p1a: Zacian|Behemoth Blade|p2a: Chien-Pao\n|-supereffective|p2a: Chien-Pao\n|-damage|p2a: Chien-Pao|0 fnt\n|faint|p2a: Chien-Pao\n|\n|upkeep\n|\n|t:|1699584720\n|switch|p2a: Corviknight|Corviknight, M|100\/100\n|-ability|p2a: Corviknight|Pressure\n|turn|7\n|\n|t:|1699584727\n|move|p1a: Zacian|Wild Charge|p2a: Corviknight\n|-supereffective|p2a: Corviknight\n|-damage|p2a: Corviknight|0 fnt\n|faint|p2a: Corviknight\n|-damage|p1a: Zacian|0 fnt|[from] Recoil\n|faint|p1a: Zacian\n|\n|upkeep\n|\n|t:|1699584732\n|switch|p1a: Necrozma|Necrozma-Dusk-Mane, shiny|100\/100\n|switch|p2a: Dragapult|Dragapult, M|100\/100\n|turn|8\n|\n|t:|1699584736\n|move|p2a: Dragapult|Dragon Dance|p2a: Dragapult\n|-boost|p2a: Dragapult|atk|1\n|-boost|p2a: Dragapult|spe|1\n|move|p1a: Necrozma|Trick Room|p1a: Necrozma\n|-fieldstart|move: Trick Room|[of] p1a: Necrozma\n|\n|upkeep\n|turn|9\n|\n|t:|1699584740\n|-zpower|p1a: Necrozma\n|move|p1a: Necrozma|Searing Sunraze Smash|p2a: Dragapult|[zeffect]\n|-enditem|p2a: Dragapult|Focus Sash\n|-damage|p2a: Dragapult|1\/100\n|move|p2a: Dragapult|Phantom Force||[still]\n|-prepare|p2a: Dragapult|Phantom Force\n|\n|upkeep\n|turn|10\n|\n|t:|1699584750\n|switch|p1a: Ho-Oh|Ho-Oh, shiny|100\/100\n|move|p2a: Dragapult|Phantom Force|p1a: Ho-Oh|[from]lockedmove\n|-damage|p1a: Ho-Oh|52\/100\n|\n|upkeep\n|turn|11\n|\n|t:|1699584754\n|move|p1a: Ho-Oh|Sacred Fire|p2a: Dragapult\n|-resisted|p2a: Dragapult\n|-damage|p2a: Dragapult|0 fnt\n|faint|p2a: Dragapult\n|\n|upkeep\n|\n|t:|1699584768\n|switch|p2a: Swampert|Swampert, M|100\/100\n|turn|12\n|\n|t:|1699584771\n|switch|p1a: Kyogre|Kyogre, shiny|100\/100\n|detailschange|p1a: Kyogre|Kyogre-Primal, shiny\n|-primal|p1a: Kyogre|Blue Orb\n|-weather|PrimordialSea|[from] ability: Primordial Sea|[of] p1a: Kyogre\n|detailschange|p2a: Swampert|Swampert-Mega, M\n|-mega|p2a: Swampert|Swampert|Swampertite\n|move|p2a: Swampert|Earthquake|p1a: Kyogre\n|-damage|p1a: Kyogre|35\/100\n|\n|-weather|PrimordialSea|[upkeep]\n|-fieldend|move: Trick Room\n|upkeep\n|turn|13\n|\n|t:|1699584774\n|move|p2a: Swampert|Earthquake|p1a: Kyogre\n|-damage|p1a: Kyogre|0 fnt\n|faint|p1a: Kyogre\n|-weather|none\n|\n|upkeep\n|\n|t:|1699584780\n|switch|p1a: Xerneas|Xerneas, shiny|100\/100\n|-ability|p1a: Xerneas|Fairy Aura\n|turn|14\n|\n|t:|1699584784\n|move|p1a: Xerneas|Geomancy||[still]\n|-prepare|p1a: Xerneas|Geomancy\n|-enditem|p1a: Xerneas|Power Herb\n|-anim|p1a: Xerneas|Geomancy|p1a: Xerneas\n|-boost|p1a: Xerneas|spa|2\n|-boost|p1a: Xerneas|spd|2\n|-boost|p1a: Xerneas|spe|2\n|move|p2a: Swampert|Waterfall|p1a: Xerneas\n|-damage|p1a: Xerneas|53\/100\n|\n|upkeep\n|turn|15\n|\n|t:|1699584801\n|move|p1a: Xerneas|Moonblast|p2a: Swampert\n|-damage|p2a: Swampert|0 fnt\n|faint|p2a: Swampert\n|\n|upkeep\n|\n|t:|1699584804\n|switch|p2a: Serperior|Serperior, M|100\/100\n|turn|16\n|\n|t:|1699584807\n|move|p1a: Xerneas|Moonblast|p2a: Serperior\n|-enditem|p2a: Serperior|Focus Sash\n|-damage|p2a: Serperior|1\/100\n|move|p2a: Serperior|Leaf Storm|p1a: Xerneas\n|-damage|p1a: Xerneas|30\/100\n|-boost|p2a: Serperior|spa|2\n|\n|upkeep\n|turn|17\n|\n|t:|1699584810\n|move|p1a: Xerneas|Moonblast|p2a: Serperior\n|-damage|p2a: Serperior|0 fnt\n|faint|p2a: Serperior\n|\n|upkeep\n|\n|t:|1699584812\n|switch|p2a: Iron Moth|Iron Moth|100\/100\n|-enditem|p2a: Iron Moth|Booster Energy\n|-activate|p2a: Iron Moth|ability: Quark Drive|[fromitem]\n|-start|p2a: Iron Moth|quarkdrivespa\n|turn|18\n|\n|t:|1699584816\n|-terastallize|p1a: Xerneas|Ground\n|-terastallize|p2a: Iron Moth|Flying\n|move|p1a: Xerneas|Hidden Power|p2a: Iron Moth\n|-immune|p2a: Iron Moth\n|move|p2a: Iron Moth|Agility|p2a: Iron Moth\n|-boost|p2a: Iron Moth|spe|2\n|\n|upkeep\n|turn|19\n|\n|t:|1699584829\n|move|p1a: Xerneas|Moonblast|p2a: Iron Moth\n|-damage|p2a: Iron Moth|0 fnt\n|faint|p2a: Iron Moth\n|-end|p2a: Iron Moth|Quark Drive|[silent]\n|\n|win|IMINDAMGERUwU\n|raw|IMINDAMGERUwU's rating: 1228 &rarr; <strong>1261<\/strong><br \/>(+33 for winning)\n|raw|E I C O S's rating: 1345 &rarr; <strong>1319<\/strong><br \/>(-26 for losing)\n|l|\u2606IMINDAMGERUwU\n|l|\u2606E I C O S\n","uploadtime":1699584847,"views":4,"p1id":"imindamgeruwu","p2id":"eicos","formatid":"gen9nationaldexubers","rating":1261,"private":0,"password":""}