{"id":"gen9nationaldexubers-1984103784","p1":"zillygaming","p2":"krookodilemoxie","format":"[Gen 9] National Dex Ubers","log":"|j|\u2606zillygaming\n|j|\u2606krookodilemoxie\n|t:|1699219038\n|gametype|singles\n|player|p1|zillygaming|ingo|1222\n|player|p2|krookodilemoxie|byron|1171\n|teamsize|p1|6\n|teamsize|p2|6\n|gen|9\n|tier|[Gen 9] National Dex Ubers\n|rated|\n|rule|HP Percentage Mod: HP is shown in percentages\n|rule|Endless Battle Clause: Forcing endless battles is banned\n|rule|OHKO Clause: OHKO moves are banned\n|rule|Evasion Moves Clause: Evasion moves are banned\n|rule|Evasion Items Clause: Evasion items are banned\n|rule|Species Clause: Limit one of each Pok\u00e9mon\n|rule|Sleep Clause Mod: Limit one foe put to sleep\n|rule|Mega Rayquaza Clause: You cannot mega evolve Rayquaza\n|clearpoke\n|poke|p1|Lunala|\n|poke|p1|Groudon|\n|poke|p1|Zacian-*|\n|poke|p1|Gholdengo|\n|poke|p1|Incineroar, F|\n|poke|p1|Urshifu-*, F|\n|poke|p2|Diancie|\n|poke|p2|Alakazam, M|\n|poke|p2|Blissey, F|\n|poke|p2|Calyrex-Ice|\n|poke|p2|Grimmsnarl, M|\n|poke|p2|Munkidori, M|\n|teampreview\n|inactive|Battle timer is ON: inactive players will automatically lose when time's up. (requested by krookodilemoxie)\n|inactive|zillygaming has 120 seconds left.\n|\n|t:|1699219094\n|start\n|switch|p1a: Incineroar|Incineroar, F|100\/100\n|switch|p2a: Diancie|Diancie|100\/100\n|-ability|p1a: Incineroar|Intimidate|boost\n|-fail|p2a: Diancie|unboost|[from] ability: Clear Body|[of] p2a: Diancie\n|turn|1\n|\n|t:|1699219105\n|detailschange|p2a: Diancie|Diancie-Mega\n|-mega|p2a: Diancie|Diancie|Diancite\n|move|p1a: Incineroar|Fake Out|p2a: Diancie\n|-resisted|p2a: Diancie\n|-damage|p2a: Diancie|94\/100\n|cant|p2a: Diancie|flinch\n|\n|upkeep\n|turn|2\n|\n|t:|1699219118\n|move|p2a: Diancie|Metronome|p2a: Diancie\n|move|p2a: Diancie|Dig||[from]move: Metronome|[still]\n|-prepare|p2a: Diancie|Dig\n|move|p1a: Incineroar|Close Combat|p2a: Diancie|[miss]\n|-miss|p1a: Incineroar|p2a: Diancie\n|\n|upkeep\n|turn|3\n|\n|t:|1699219131\n|switch|p1a: Urshifu|Urshifu-Rapid-Strike, F|100\/100\n|move|p2a: Diancie|Dig|p1a: Urshifu|[from]lockedmove\n|-damage|p1a: Urshifu|66\/100\n|\n|-heal|p1a: Urshifu|72\/100|[from] item: Leftovers\n|upkeep\n|turn|4\n|\n|t:|1699219143\n|move|p1a: Urshifu|Detect|p1a: Urshifu\n|-singleturn|p1a: Urshifu|Protect\n|move|p2a: Diancie|Metronome|p2a: Diancie\n|move|p2a: Diancie|Aqua Step|p1a: Urshifu|[from]move: Metronome\n|-activate|p1a: Urshifu|move: Protect\n|\n|-heal|p1a: Urshifu|79\/100|[from] item: Leftovers\n|upkeep\n|turn|5\n|\n|t:|1699219154\n|move|p2a: Diancie|Metronome|p2a: Diancie\n|move|p2a: Diancie|Hydro Steam|p1a: Urshifu|[from]move: Metronome\n|-resisted|p1a: Urshifu\n|-damage|p1a: Urshifu|61\/100\n|move|p1a: Urshifu|Surging Strikes|p2a: Diancie\n|-supereffective|p2a: Diancie\n|-crit|p2a: Diancie\n|-damage|p2a: Diancie|44\/100\n|-supereffective|p2a: Diancie\n|-crit|p2a: Diancie\n|-damage|p2a: Diancie|0 fnt\n|faint|p2a: Diancie\n|-hitcount|p2: Diancie|2\n|\n|-heal|p1a: Urshifu|67\/100|[from] item: Leftovers\n|upkeep\n|\n|t:|1699219160\n|switch|p2a: Calyrex|Calyrex-Ice|100\/100\n|-ability|p2a: Calyrex|As One\n|-ability|p2a: Calyrex|Unnerve\n|turn|6\n|\n|t:|1699219185\n|move|p1a: Urshifu|Iron Head|p2a: Calyrex\n|-supereffective|p2a: Calyrex\n|-damage|p2a: Calyrex|69\/100\n|move|p2a: Calyrex|Metronome|p2a: Calyrex\n|move|p2a: Calyrex|Double Kick|p1a: Urshifu|[from]move: Metronome\n|-damage|p1a: Urshifu|52\/100\n|-damage|p1a: Urshifu|40\/100\n|-hitcount|p1a: Urshifu|2\n|\n|-heal|p1a: Urshifu|46\/100|[from] item: Leftovers\n|-heal|p2a: Calyrex|75\/100|[from] item: Leftovers\n|upkeep\n|turn|7\n|\n|t:|1699219198\n|move|p1a: Urshifu|Detect|p1a: Urshifu\n|-singleturn|p1a: Urshifu|Protect\n|move|p2a: Calyrex|Metronome|p2a: Calyrex\n|move|p2a: Calyrex|Shadow Claw|p1a: Urshifu|[from]move: Metronome\n|-activate|p1a: Urshifu|move: Protect\n|\n|-heal|p1a: Urshifu|52\/100|[from] item: Leftovers\n|-heal|p2a: Calyrex|81\/100|[from] item: Leftovers\n|upkeep\n|turn|8\n|c|\u2606zillygaming|Uhh\n|c|\u2606zillygaming|Why metronome tho?\n|\n|t:|1699219217\n|move|p1a: Urshifu|Surging Strikes|p2a: Calyrex\n|-crit|p2a: Calyrex\n|-damage|p2a: Calyrex|70\/100\n|-crit|p2a: Calyrex\n|-damage|p2a: Calyrex|58\/100\n|-crit|p2a: Calyrex\n|-damage|p2a: Calyrex|46\/100\n|-hitcount|p2a: Calyrex|3\n|move|p2a: Calyrex|Metronome|p2a: Calyrex\n|move|p2a: Calyrex|Sky Attack||[from]move: Metronome|[still]\n|-prepare|p2a: Calyrex|Sky Attack\n|\n|-heal|p1a: Urshifu|58\/100|[from] item: Leftovers\n|-heal|p2a: Calyrex|52\/100|[from] item: Leftovers\n|upkeep\n|turn|9\n|c|\u2606krookodilemoxie|why not\n|c|\u2606zillygaming|Food point.\n|inactive|zillygaming has 120 seconds left.\n|c|\u2606zillygaming|*good\n|c|\u2606zillygaming|GOD DAMMIT AUTO CORRECT \ud83d\ude2d\n|\n|t:|1699219248\n|move|p1a: Urshifu|Drain Punch|p2a: Calyrex\n|-damage|p2a: Calyrex|29\/100\n|-heal|p1a: Urshifu|72\/100|[from] drain|[of] p2a: Calyrex\n|move|p2a: Calyrex|Sky Attack|p1a: Urshifu|[from]lockedmove\n|-supereffective|p1a: Urshifu\n|-damage|p1a: Urshifu|0 fnt\n|faint|p1a: Urshifu\n|-ability|p2a: Calyrex|Chilling Neigh|boost\n|-boost|p2a: Calyrex|atk|1\n|\n|-heal|p2a: Calyrex|36\/100|[from] item: Leftovers\n|upkeep\n|\n|t:|1699219261\n|switch|p1a: Incineroar|Incineroar, F|100\/100\n|-ability|p1a: Incineroar|Intimidate|boost\n|-unboost|p2a: Calyrex|atk|1\n|turn|10\n|\n|t:|1699219266\n|move|p1a: Incineroar|Fake Out|p2a: Calyrex\n|-damage|p2a: Calyrex|29\/100\n|cant|p2a: Calyrex|flinch\n|\n|-heal|p2a: Calyrex|35\/100|[from] item: Leftovers\n|upkeep\n|turn|11\n|\n|t:|1699219278\n|move|p1a: Incineroar|Darkest Lariat|p2a: Calyrex\n|-supereffective|p2a: Calyrex\n|-damage|p2a: Calyrex|0 fnt\n|faint|p2a: Calyrex\n|\n|upkeep\n|\n|t:|1699219283\n|switch|p2a: Munkidori|Munkidori, M|100\/100\n|-item|p2a: Munkidori|Air Balloon\n|turn|12\n|inactive|zillygaming has 120 seconds left.\n|\n|t:|1699219289\n|move|p2a: Munkidori|Metronome|p2a: Munkidori\n|move|p2a: Munkidori|Future Sight|p1a: Incineroar|[from]move: Metronome\n|-start|p2a: Munkidori|move: Future Sight\n|move|p1a: Incineroar|Darkest Lariat|p2a: Munkidori\n|-supereffective|p2a: Munkidori\n|-damage|p2a: Munkidori|12\/100\n|-enditem|p2a: Munkidori|Air Balloon\n|\n|upkeep\n|turn|13\n|\n|t:|1699219297\n|move|p2a: Munkidori|Metronome|p2a: Munkidori\n|move|p2a: Munkidori|Dragon Rush|p1a: Incineroar|[from]move: Metronome|[miss]\n|-miss|p2a: Munkidori|p1a: Incineroar\n|move|p1a: Incineroar|Darkest Lariat|p2a: Munkidori\n|-supereffective|p2a: Munkidori\n|-damage|p2a: Munkidori|0 fnt\n|faint|p2a: Munkidori\n|\n|upkeep\n|-message|krookodilemoxie forfeited.\n|\n|win|zillygaming\n|raw|zillygaming's rating: 1222 &rarr; <strong>1243<\/strong><br \/>(+21 for winning)\n|raw|krookodilemoxie's rating: 1171 &rarr; <strong>1150<\/strong><br \/>(-21 for losing)\n|l|\u2606krookodilemoxie\n","uploadtime":1699219319,"views":4,"p1id":"zillygaming","p2id":"krookodilemoxie","formatid":"gen9nationaldexubers","rating":1150,"private":0,"password":""}