{"id":"gen9nationaldexubers-1989120322","p1":"KarmaKazama0","p2":"idk865","format":"[Gen 9] National Dex Ubers","log":"|j|\u2606KarmaKazama0\n|j|\u2606idk865\n|t:|1699814413\n|gametype|singles\n|player|p1|KarmaKazama0|1|1305\n|player|p2|idk865|265|1339\n|teamsize|p1|6\n|teamsize|p2|6\n|gen|9\n|tier|[Gen 9] National Dex Ubers\n|rated|\n|rule|HP Percentage Mod: HP is shown in percentages\n|rule|Endless Battle Clause: Forcing endless battles is banned\n|rule|OHKO Clause: OHKO moves are banned\n|rule|Evasion Moves Clause: Evasion moves are banned\n|rule|Evasion Items Clause: Evasion items are banned\n|rule|Species Clause: Limit one of each Pok\u00e9mon\n|rule|Sleep Clause Mod: Limit one foe put to sleep\n|rule|Mega Rayquaza Clause: You cannot mega evolve Rayquaza\n|clearpoke\n|poke|p1|Salamence, F|\n|poke|p1|Kyogre|\n|poke|p1|Groudon|\n|poke|p1|Buzzwole|\n|poke|p1|Eternatus|\n|poke|p1|Arceus-Fairy|\n|poke|p2|Groudon|\n|poke|p2|Zacian-*|\n|poke|p2|Mewtwo|\n|poke|p2|Roaring Moon|\n|poke|p2|Arceus|\n|poke|p2|Flamigo, M|\n|teampreview\n|inactive|Battle timer is ON: inactive players will automatically lose when time's up. (requested by KarmaKazama0)\n|\n|t:|1699814422\n|start\n|switch|p1a: Groudon|Groudon|100\/100\n|switch|p2a: Flamigo|Flamigo, M, shiny|100\/100\n|detailschange|p1a: Groudon|Groudon-Primal\n|-primal|p1a: Groudon|Red Orb\n|-weather|DesolateLand|[from] ability: Desolate Land|[of] p1a: Groudon\n|turn|1\n|\n|t:|1699814433\n|move|p2a: Flamigo|Tailwind|p2a: Flamigo\n|-sidestart|p2: idk865|move: Tailwind\n|move|p1a: Groudon|Stealth Rock|p2a: Flamigo\n|-sidestart|p2: idk865|move: Stealth Rock\n|\n|-weather|DesolateLand|[upkeep]\n|upkeep\n|turn|2\n|\n|t:|1699814441\n|move|p2a: Flamigo|Close Combat|p1a: Groudon\n|-crit|p1a: Groudon\n|-damage|p1a: Groudon|56\/100\n|-unboost|p2a: Flamigo|def|1\n|-unboost|p2a: Flamigo|spd|1\n|move|p1a: Groudon|Toxic|p2a: Flamigo\n|-status|p2a: Flamigo|tox\n|\n|-weather|DesolateLand|[upkeep]\n|-damage|p2a: Flamigo|94\/100 tox|[from] psn\n|upkeep\n|turn|3\n|\n|t:|1699814457\n|-weather|none\n|switch|p1a: Eternatus|Eternatus|100\/100\n|-ability|p1a: Eternatus|Pressure\n|move|p2a: Flamigo|Brave Bird|p1a: Eternatus\n|-damage|p1a: Eternatus|43\/100\n|-damage|p2a: Flamigo|68\/100 tox|[from] Recoil\n|\n|-damage|p2a: Flamigo|55\/100 tox|[from] psn\n|upkeep\n|turn|4\n|\n|t:|1699814474\n|move|p2a: Flamigo|Close Combat|p1a: Eternatus\n|-resisted|p1a: Eternatus\n|-damage|p1a: Eternatus|18\/100\n|-unboost|p2a: Flamigo|def|1\n|-unboost|p2a: Flamigo|spd|1\n|move|p1a: Eternatus|Dynamax Cannon|p2a: Flamigo\n|-damage|p2a: Flamigo|0 fnt\n|faint|p2a: Flamigo\n|\n|-sideend|p2: idk865|move: Tailwind\n|upkeep\n|\n|t:|1699814487\n|switch|p2a: Zacian|Zacian-Crowned, shiny|100\/100\n|-damage|p2a: Zacian|94\/100|[from] Stealth Rock\n|-ability|p2a: Zacian|Intrepid Sword|boost\n|-boost|p2a: Zacian|atk|1\n|turn|5\n|\n|t:|1699814493\n|switch|p1a: Groudon|Groudon-Primal|56\/100\n|-weather|DesolateLand|[from] ability: Desolate Land|[of] p1a: Groudon\n|move|p2a: Zacian|Behemoth Blade|p1a: Groudon\n|-resisted|p1a: Groudon\n|-damage|p1a: Groudon|35\/100\n|\n|-weather|DesolateLand|[upkeep]\n|upkeep\n|turn|6\n|-message|idk865 forfeited.\n|\n|win|KarmaKazama0\n|raw|KarmaKazama0's rating: 1305 &rarr; <strong>1327<\/strong><br \/>(+22 for winning)\n|raw|idk865's rating: 1339 &rarr; <strong>1317<\/strong><br \/>(-22 for losing)\n|l|\u2606idk865\n","uploadtime":1699814511,"views":6,"p1id":"karmakazama0","p2id":"idk865","formatid":"gen9nationaldexubers","rating":1317,"private":0,"password":""}