{"id":"gen9nationaldexubers-1992778018","p1":"FrostBv","p2":"Nahtothenonono","format":"[Gen 9] National Dex Ubers","log":"|j|\u2606FrostBv\n|j|\u2606Nahtothenonono\n|t:|1700234614\n|gametype|singles\n|player|p1|FrostBv|giovanni|1147\n|player|p2|Nahtothenonono|1|1053\n|teamsize|p1|6\n|teamsize|p2|6\n|gen|9\n|tier|[Gen 9] National Dex Ubers\n|rated|\n|rule|HP Percentage Mod: HP is shown in percentages\n|rule|Endless Battle Clause: Forcing endless battles is banned\n|rule|OHKO Clause: OHKO moves are banned\n|rule|Evasion Moves Clause: Evasion moves are banned\n|rule|Evasion Items Clause: Evasion items are banned\n|rule|Species Clause: Limit one of each Pok\u00e9mon\n|rule|Sleep Clause Mod: Limit one foe put to sleep\n|rule|Mega Rayquaza Clause: You cannot mega evolve Rayquaza\n|clearpoke\n|poke|p1|Deoxys-Defense|\n|poke|p1|Yveltal|\n|poke|p1|Groudon|\n|poke|p1|Dragapult, F|\n|poke|p1|Metagross|\n|poke|p1|Zygarde|\n|poke|p2|Blaziken, F|\n|poke|p2|Weavile, F|\n|poke|p2|Quagsire, M|\n|poke|p2|Fezandipiti, M|\n|poke|p2|Mew|\n|poke|p2|Pawmot, F|\n|teampreview\n|\n|t:|1700234617\n|start\n|switch|p1a: Deoxys|Deoxys-Defense|100\/100\n|switch|p2a: maow|Mew|100\/100\n|-ability|p1a: Deoxys|Pressure\n|turn|1\n|\n|t:|1700234623\n|move|p2a: maow|Reflect|p2a: maow\n|-sidestart|p2: Nahtothenonono|Reflect\n|move|p1a: Deoxys|Stealth Rock|p2a: maow\n|-sidestart|p2: Nahtothenonono|move: Stealth Rock\n|\n|upkeep\n|turn|2\n|\n|t:|1700234627\n|move|p2a: maow|Light Screen|p2a: maow\n|-sidestart|p2: Nahtothenonono|move: Light Screen\n|move|p1a: Deoxys|Toxic|p2a: maow\n|-status|p2a: maow|tox\n|-activate|p2a: maow|ability: Synchronize\n|-status|p1a: Deoxys|tox\n|\n|-damage|p2a: maow|94\/100 tox|[from] psn\n|-damage|p1a: Deoxys|94\/100 tox|[from] psn\n|upkeep\n|turn|3\n|\n|t:|1700234637\n|switch|p2a: kitty|Weavile, F, shiny|100\/100\n|-damage|p2a: kitty|76\/100|[from] Stealth Rock\n|-ability|p2a: kitty|Pressure\n|move|p1a: Deoxys|Toxic|p2a: kitty\n|-status|p2a: kitty|tox\n|\n|-heal|p1a: Deoxys|100\/100 tox|[from] item: Leftovers\n|-damage|p2a: kitty|70\/100 tox|[from] psn\n|-damage|p1a: Deoxys|88\/100 tox|[from] psn\n|upkeep\n|turn|4\n|\n|t:|1700234649\n|-terastallize|p2a: kitty|Dark\n|move|p2a: kitty|Beat Up|p1a: Deoxys\n|-supereffective|p1a: Deoxys\n|-damage|p1a: Deoxys|71\/100 tox\n|-supereffective|p1a: Deoxys\n|-damage|p1a: Deoxys|56\/100 tox\n|-supereffective|p1a: Deoxys\n|-damage|p1a: Deoxys|41\/100 tox\n|-supereffective|p1a: Deoxys\n|-damage|p1a: Deoxys|22\/100 tox\n|-supereffective|p1a: Deoxys\n|-damage|p1a: Deoxys|6\/100 tox\n|-hitcount|p1a: Deoxys|5\n|cant|p1a: Deoxys|flinch\n|\n|-heal|p1a: Deoxys|13\/100 tox|[from] item: Leftovers\n|-damage|p2a: kitty|57\/100 tox|[from] psn\n|-damage|p1a: Deoxys|0 fnt|[from] psn\n|faint|p1a: Deoxys\n|upkeep\n|\n|t:|1700234666\n|switch|p1a: Metagross|Metagross, shiny|100\/100\n|turn|5\n|\n|t:|1700234671\n|switch|p1a: Yveltal|Yveltal|100\/100\n|-ability|p1a: Yveltal|Dark Aura\n|move|p2a: kitty|Beat Up|p1a: Yveltal\n|-resisted|p1a: Yveltal\n|-damage|p1a: Yveltal|93\/100\n|-resisted|p1a: Yveltal\n|-damage|p1a: Yveltal|87\/100\n|-resisted|p1a: Yveltal\n|-damage|p1a: Yveltal|80\/100\n|-resisted|p1a: Yveltal\n|-damage|p1a: Yveltal|72\/100\n|-resisted|p1a: Yveltal\n|-damage|p1a: Yveltal|65\/100\n|-hitcount|p1a: Yveltal|5\n|\n|-damage|p2a: kitty|39\/100 tox|[from] psn\n|upkeep\n|turn|6\n|\n|t:|1700234715\n|move|p2a: kitty|Triple Axel|p1a: Yveltal\n|-supereffective|p1a: Yveltal\n|-damage|p1a: Yveltal|45\/100\n|-supereffective|p1a: Yveltal\n|-damage|p1a: Yveltal|2\/100\n|-supereffective|p1a: Yveltal\n|-damage|p1a: Yveltal|0 fnt\n|faint|p1a: Yveltal\n|-hitcount|p1: Yveltal|3\n|\n|-damage|p2a: kitty|15\/100 tox|[from] psn\n|upkeep\n|\n|t:|1700234725\n|switch|p1a: Metagross|Metagross, shiny|100\/100\n|turn|7\n|\n|t:|1700234730\n|detailschange|p1a: Metagross|Metagross-Mega, shiny\n|-mega|p1a: Metagross|Metagross|Metagrossite\n|move|p1a: Metagross|Bullet Punch|p2a: kitty\n|-damage|p2a: kitty|0 fnt\n|faint|p2a: kitty\n|\n|upkeep\n|\n|t:|1700234740\n|switch|p2a: kfc!|Blaziken, F, shiny|100\/100\n|-damage|p2a: kfc!|88\/100|[from] Stealth Rock\n|turn|8\n|\n|t:|1700234752\n|detailschange|p2a: kfc!|Blaziken-Mega, F, shiny\n|-mega|p2a: kfc!|Blaziken|Blazikenite\n|move|p1a: Metagross|Earthquake|p2a: kfc!\n|-supereffective|p2a: kfc!\n|-damage|p2a: kfc!|38\/100\n|move|p2a: kfc!|Fire Punch|p1a: Metagross\n|-supereffective|p1a: Metagross\n|-damage|p1a: Metagross|14\/100\n|\n|-sideend|p2: Nahtothenonono|Reflect\n|-ability|p2a: kfc!|Speed Boost|boost\n|-boost|p2a: kfc!|spe|1\n|upkeep\n|turn|9\n|\n|t:|1700234765\n|move|p2a: kfc!|Fire Punch|p1a: Metagross\n|-supereffective|p1a: Metagross\n|-damage|p1a: Metagross|0 fnt\n|faint|p1a: Metagross\n|\n|-sideend|p2: Nahtothenonono|move: Light Screen\n|-ability|p2a: kfc!|Speed Boost|boost\n|-boost|p2a: kfc!|spe|1\n|upkeep\n|\n|t:|1700234775\n|switch|p1a: Dragapult|Dragapult, F|100\/100\n|turn|10\n|\n|t:|1700234785\n|move|p2a: kfc!|Shadow Claw|p1a: Dragapult\n|-supereffective|p1a: Dragapult\n|-damage|p1a: Dragapult|20\/100\n|move|p1a: Dragapult|Dragon Darts|p2a: kfc!\n|-damage|p2a: kfc!|0 fnt\n|faint|p2a: kfc!\n|\n|upkeep\n|\n|t:|1700234790\n|switch|p2a: hm also|Pawmot, F|100\/100\n|-damage|p2a: hm also|94\/100|[from] Stealth Rock\n|turn|11\n|\n|t:|1700234800\n|move|p1a: Dragapult|Dragon Darts|p2a: hm also\n|-damage|p2a: hm also|51\/100\n|-anim|p1a: Dragapult|Dragon Darts|p2a: hm also\n|-damage|p2a: hm also|8\/100\n|move|p2a: hm also|Revival Blessing|p2a: hm also\n|c|\u2606FrostBv|uh\n|\n|t:|1700234813\n|-heal|p2: kitty|50\/100|[from] move: Revival Blessing\n|\n|upkeep\n|turn|12\n|\n|t:|1700234819\n|move|p1a: Dragapult|Dragon Darts|p2a: hm also\n|-damage|p2a: hm also|0 fnt\n|faint|p2a: hm also\n|\n|upkeep\n|c|\u2606Nahtothenonono|mcdonalds\n|\n|t:|1700234832\n|switch|p2a: nope|Quagsire, M, shiny|100\/100\n|-damage|p2a: nope|94\/100|[from] Stealth Rock\n|turn|13\n|\n|t:|1700234846\n|move|p1a: Dragapult|U-turn|p2a: nope\n|-damage|p2a: nope|78\/100\n|\n|t:|1700234848\n|switch|p1a: Zygarde|Zygarde|100\/100|[from] U-turn\n|move|p2a: nope|Earthquake|p1a: Zygarde\n|-damage|p1a: Zygarde|78\/100\n|\n|upkeep\n|turn|14\n|\n|t:|1700234854\n|move|p1a: Zygarde|Glare|p2a: nope\n|-status|p2a: nope|par\n|move|p2a: nope|Liquidation|p1a: Zygarde\n|-damage|p1a: Zygarde|58\/100\n|-unboost|p1a: Zygarde|def|1\n|\n|upkeep\n|turn|15\n|\n|t:|1700234861\n|move|p1a: Zygarde|Dragon Dance|p1a: Zygarde\n|-boost|p1a: Zygarde|atk|1\n|-boost|p1a: Zygarde|spe|1\n|move|p2a: nope|Toxic|p1a: Zygarde|[miss]\n|-miss|p2a: nope|p1a: Zygarde\n|\n|upkeep\n|turn|16\n|\n|t:|1700234868\n|move|p1a: Zygarde|Dragon Dance|p1a: Zygarde\n|-boost|p1a: Zygarde|atk|1\n|-boost|p1a: Zygarde|spe|1\n|cant|p2a: nope|par\n|\n|upkeep\n|turn|17\n|\n|t:|1700234874\n|move|p1a: Zygarde|Thousand Arrows|p2a: nope\n|-damage|p2a: nope|45\/100 par\n|move|p2a: nope|Toxic|p1a: Zygarde\n|-status|p1a: Zygarde|tox\n|\n|-damage|p1a: Zygarde|52\/100 tox|[from] psn\n|upkeep\n|turn|18\n|\n|t:|1700234882\n|move|p1a: Zygarde|Dragon Dance|p1a: Zygarde\n|-boost|p1a: Zygarde|atk|1\n|-boost|p1a: Zygarde|spe|1\n|move|p2a: nope|Haze|p2a: nope\n|-clearallboost\n|\n|-damage|p1a: Zygarde|39\/100 tox|[from] psn\n|-activate|p1a: Zygarde|ability: Power Construct\n|detailschange|p1a: Zygarde|Zygarde-Complete\n|-heal|p1a: Zygarde|62\/100 tox|[silent]\n|upkeep\n|turn|19\n|\n|t:|1700234900\n|switch|p2a: kitty|Weavile, F, shiny|50\/100\n|-damage|p2a: kitty|25\/100|[from] Stealth Rock\n|-ability|p2a: kitty|Pressure\n|move|p1a: Zygarde|Extreme Speed|p2a: kitty\n|-damage|p2a: kitty|0 fnt\n|faint|p2a: kitty\n|\n|-damage|p1a: Zygarde|44\/100 tox|[from] psn\n|upkeep\n|\n|t:|1700234909\n|switch|p2a: hm|Fezandipiti, M|100\/100\n|-damage|p2a: hm|88\/100|[from] Stealth Rock\n|turn|20\n|\n|t:|1700234914\n|move|p1a: Zygarde|Extreme Speed|p2a: hm\n|-damage|p2a: hm|53\/100\n|-zpower|p2a: hm\n|move|p2a: hm|Twinkle Tackle|p1a: Zygarde|[zeffect]\n|-supereffective|p1a: Zygarde\n|-damage|p1a: Zygarde|0 fnt\n|faint|p1a: Zygarde\n|\n|upkeep\n|\n|t:|1700234924\n|switch|p1a: Groudon|Groudon|100\/100\n|detailschange|p1a: Groudon|Groudon-Primal\n|-primal|p1a: Groudon|Red Orb\n|-weather|DesolateLand|[from] ability: Desolate Land|[of] p1a: Groudon\n|turn|21\n|\n|t:|1700234944\n|move|p2a: hm|Dual Wingbeat|p1a: Groudon\n|-damage|p1a: Groudon|90\/100\n|-damage|p1a: Groudon|79\/100\n|-hitcount|p1a: Groudon|2\n|move|p1a: Groudon|Precipice Blades|p2a: hm\n|-supereffective|p2a: hm\n|-damage|p2a: hm|0 fnt\n|faint|p2a: hm\n|\n|-weather|DesolateLand|[upkeep]\n|upkeep\n|\n|t:|1700234949\n|switch|p2a: nope|Quagsire, M, shiny|45\/100 par\n|-damage|p2a: nope|39\/100 par|[from] Stealth Rock\n|turn|22\n|\n|t:|1700234954\n|move|p1a: Groudon|Solar Beam||[still]\n|-prepare|p1a: Groudon|Solar Beam\n|-anim|p1a: Groudon|Solar Beam|p2a: nope\n|-supereffective|p2a: nope\n|-enditem|p2a: nope|Rindo Berry|[eat]\n|-enditem|p2a: nope|Rindo Berry|[weaken]\n|-damage|p2a: nope|0 fnt\n|faint|p2a: nope\n|\n|-weather|DesolateLand|[upkeep]\n|upkeep\n|\n|t:|1700234960\n|switch|p2a: maow|Mew|94\/100 tox\n|-damage|p2a: maow|82\/100 tox|[from] Stealth Rock\n|turn|23\n|\n|t:|1700234966\n|move|p2a: maow|Light Screen|p2a: maow\n|-sidestart|p2: Nahtothenonono|move: Light Screen\n|move|p1a: Groudon|Eruption|p2a: maow\n|-damage|p2a: maow|34\/100 tox\n|\n|-weather|DesolateLand|[upkeep]\n|-damage|p2a: maow|27\/100 tox|[from] psn\n|upkeep\n|turn|24\n|\n|t:|1700234973\n|move|p2a: maow|Psychic|p1a: Groudon\n|-damage|p1a: Groudon|32\/100\n|-unboost|p1a: Groudon|spd|1\n|move|p1a: Groudon|Precipice Blades|p2a: maow\n|-damage|p2a: maow|0 fnt\n|faint|p2a: maow\n|\n|win|FrostBv\n|raw|FrostBv's rating: 1147 &rarr; <strong>1165<\/strong><br \/>(+18 for winning)\n|raw|Nahtothenonono's rating: 1053 &rarr; <strong>1040<\/strong><br \/>(-13 for losing)\n|l|\u2606Nahtothenonono\n","uploadtime":1700234984,"views":9,"p1id":"frostbv","p2id":"nahtothenonono","formatid":"gen9nationaldexubers","rating":1040,"private":0,"password":""}