{"id":"gen9nationaldexubers-1998612431","p1":"ndou\u6389\u5206\u84dd\u67d0\u4fa0996","p2":"Looper RADIO","format":"[Gen 9] National Dex Ubers","log":"|j|\u2606ndou\u6389\u5206\u84dd\u67d0\u4fa0996\n|j|\u2606Looper RADIO\n|t:|1700962898\n|gametype|singles\n|player|p1|ndou\u6389\u5206\u84dd\u67d0\u4fa0996|hilbert|1214\n|player|p2|Looper RADIO|koga|1152\n|teamsize|p1|6\n|teamsize|p2|6\n|gen|9\n|tier|[Gen 9] National Dex Ubers\n|rated|\n|rule|HP Percentage Mod: HP is shown in percentages\n|rule|Endless Battle Clause: Forcing endless battles is banned\n|rule|OHKO Clause: OHKO moves are banned\n|rule|Evasion Moves Clause: Evasion moves are banned\n|rule|Evasion Items Clause: Evasion items are banned\n|rule|Species Clause: Limit one of each Pok\u00e9mon\n|rule|Sleep Clause Mod: Limit one foe put to sleep\n|rule|Mega Rayquaza Clause: You cannot mega evolve Rayquaza\n|clearpoke\n|poke|p1|Dondozo, M|\n|poke|p1|Clodsire, M|\n|poke|p1|Skeledirge, F|\n|poke|p1|Dragonite, M|\n|poke|p1|Yveltal|\n|poke|p1|Blastoise, M|\n|poke|p2|Keldeo-Resolute|\n|poke|p2|Minior-Yellow|\n|poke|p2|Diancie|\n|poke|p2|Darmanitan-Galar, F|\n|poke|p2|Suicune|\n|poke|p2|Celesteela|\n|teampreview\n|\n|t:|1700962904\n|start\n|switch|p1a: \u9f9f\u54aa|Blastoise, M, shiny|100\/100\n|switch|p2a: Darmanitan|Darmanitan-Galar, F|100\/100\n|turn|1\n|\n|t:|1700962910\n|detailschange|p1a: \u9f9f\u54aa|Blastoise-Mega, M, shiny\n|-mega|p1a: \u9f9f\u54aa|Blastoise|Blastoisinite\n|move|p2a: Darmanitan|U-turn|p1a: \u9f9f\u54aa\n|-damage|p1a: \u9f9f\u54aa|61\/100\n|\n|t:|1700962916\n|switch|p2a: Celesteela|Celesteela|100\/100|[from] U-turn\n|move|p1a: \u9f9f\u54aa|Shell Smash|p1a: \u9f9f\u54aa\n|-unboost|p1a: \u9f9f\u54aa|def|1\n|-unboost|p1a: \u9f9f\u54aa|spd|1\n|-boost|p1a: \u9f9f\u54aa|atk|2\n|-boost|p1a: \u9f9f\u54aa|spa|2\n|-boost|p1a: \u9f9f\u54aa|spe|2\n|\n|upkeep\n|turn|2\n|\n|t:|1700962918\n|move|p1a: \u9f9f\u54aa|Water Pulse|p2a: Celesteela\n|-damage|p2a: Celesteela|18\/100\n|move|p2a: Celesteela|Energy Ball|p1a: \u9f9f\u54aa\n|-supereffective|p1a: \u9f9f\u54aa\n|-damage|p1a: \u9f9f\u54aa|0 fnt\n|faint|p1a: \u9f9f\u54aa\n|-ability|p2a: Celesteela|Beast Boost|boost\n|-boost|p2a: Celesteela|spa|1\n|\n|upkeep\n|\n|t:|1700962922\n|switch|p1a: \u6211\u8981\u5403\u996d|Yveltal|100\/100\n|-ability|p1a: \u6211\u8981\u5403\u996d|Dark Aura\n|turn|3\n|\n|t:|1700962925\n|move|p1a: \u6211\u8981\u5403\u996d|Sucker Punch|p2a: Celesteela\n|-damage|p2a: Celesteela|0 fnt\n|faint|p2a: Celesteela\n|\n|upkeep\n|\n|t:|1700962928\n|switch|p2a: Diancie|Diancie|100\/100\n|turn|4\n|\n|t:|1700962932\n|switch|p1a: \u7259?|Clodsire, M|100\/100\n|detailschange|p2a: Diancie|Diancie-Mega\n|-mega|p2a: Diancie|Diancie|Diancite\n|move|p2a: Diancie|Diamond Storm|p1a: \u7259?\n|-resisted|p1a: \u7259?\n|-damage|p1a: \u7259?|72\/100\n|\n|-heal|p1a: \u7259?|79\/100|[from] item: Leftovers\n|upkeep\n|turn|5\n|\n|t:|1700962937\n|move|p2a: Diancie|Earth Power|p1a: \u7259?\n|-supereffective|p1a: \u7259?\n|-damage|p1a: \u7259?|40\/100\n|-unboost|p1a: \u7259?|spd|1\n|move|p1a: \u7259?|Stealth Rock|p2a: Diancie\n|move|p2a: Diancie|Stealth Rock|p1a: \u7259?|[from]ability: Magic Bounce\n|-sidestart|p1: ndou\u6389\u5206\u84dd\u67d0\u4fa0996|move: Stealth Rock\n|\n|-heal|p1a: \u7259?|46\/100|[from] item: Leftovers\n|upkeep\n|turn|6\n|\n|t:|1700962945\n|switch|p1a: \u80a5\u5927\u597d\u62f3|Dragonite, M|100\/100\n|move|p2a: Diancie|Earth Power|p1a: \u80a5\u5927\u597d\u62f3\n|-immune|p1a: \u80a5\u5927\u597d\u62f3\n|\n|upkeep\n|turn|7\n|\n|t:|1700962953\n|move|p2a: Diancie|Diamond Storm|p1a: \u80a5\u5927\u597d\u62f3\n|-supereffective|p1a: \u80a5\u5927\u597d\u62f3\n|-damage|p1a: \u80a5\u5927\u597d\u62f3|61\/100\n|-boost|p2a: Diancie|def|2\n|move|p1a: \u80a5\u5927\u597d\u62f3|Defog|p2a: Diancie\n|move|p2a: Diancie|Defog|p1a: \u80a5\u5927\u597d\u62f3|[from]ability: Magic Bounce\n|-unboost|p1a: \u80a5\u5927\u597d\u62f3|evasion|1\n|-sideend|p1: ndou\u6389\u5206\u84dd\u67d0\u4fa0996|Stealth Rock|[from] move: Defog|[of] p2a: Diancie\n|\n|upkeep\n|turn|8\n|\n|t:|1700962959\n|switch|p1a: \u7259?|Clodsire, M|46\/100\n|move|p2a: Diancie|Diamond Storm|p1a: \u7259?\n|-resisted|p1a: \u7259?\n|-damage|p1a: \u7259?|18\/100\n|\n|-heal|p1a: \u7259?|25\/100|[from] item: Leftovers\n|upkeep\n|turn|9\n|\n|t:|1700962963\n|move|p2a: Diancie|Earth Power|p1a: \u7259?\n|-supereffective|p1a: \u7259?\n|-crit|p1a: \u7259?\n|-damage|p1a: \u7259?|0 fnt\n|faint|p1a: \u7259?\n|\n|upkeep\n|\n|t:|1700962967\n|switch|p1a: \u4e11\u9738\u4e0d\u6b7b|Dondozo, M|100\/100\n|turn|10\n|\n|t:|1700962971\n|move|p2a: Diancie|Moonblast|p1a: \u4e11\u9738\u4e0d\u6b7b\n|-damage|p1a: \u4e11\u9738\u4e0d\u6b7b|44\/100\n|move|p1a: \u4e11\u9738\u4e0d\u6b7b|Liquidation|p2a: Diancie\n|-supereffective|p2a: Diancie\n|-damage|p2a: Diancie|15\/100\n|\n|upkeep\n|turn|11\n|\n|t:|1700962977\n|move|p2a: Diancie|Moonblast|p1a: \u4e11\u9738\u4e0d\u6b7b\n|-damage|p1a: \u4e11\u9738\u4e0d\u6b7b|0 fnt\n|faint|p1a: \u4e11\u9738\u4e0d\u6b7b\n|\n|upkeep\n|\n|t:|1700962979\n|switch|p1a: \u6211\u8981\u5403\u996d|Yveltal|100\/100\n|-ability|p1a: \u6211\u8981\u5403\u996d|Dark Aura\n|turn|12\n|\n|t:|1700962982\n|move|p1a: \u6211\u8981\u5403\u996d|Sucker Punch|p2a: Diancie\n|-resisted|p2a: Diancie\n|-damage|p2a: Diancie|0 fnt\n|faint|p2a: Diancie\n|\n|upkeep\n|\n|t:|1700962986\n|switch|p2a: Darmanitan|Darmanitan-Galar, F|100\/100\n|turn|13\n|\n|t:|1700962989\n|-terastallize|p1a: \u6211\u8981\u5403\u996d|Dark\n|move|p1a: \u6211\u8981\u5403\u996d|Sucker Punch|p2a: Darmanitan\n|-crit|p2a: Darmanitan\n|-damage|p2a: Darmanitan|0 fnt\n|faint|p2a: Darmanitan\n|\n|upkeep\n|\n|t:|1700962995\n|switch|p2a: Keldeo|Keldeo-Resolute|100\/100\n|turn|14\n|\n|t:|1700962999\n|move|p2a: Keldeo|Substitute|p2a: Keldeo\n|-start|p2a: Keldeo|Substitute\n|-damage|p2a: Keldeo|76\/100\n|move|p1a: \u6211\u8981\u5403\u996d|Dual Wingbeat|p2a: Keldeo\n|-supereffective|p2a: Keldeo\n|-end|p2a: Keldeo|Substitute\n|-supereffective|p2a: Keldeo\n|-damage|p2a: Keldeo|21\/100\n|-hitcount|p2a: Keldeo|2\n|\n|-heal|p2a: Keldeo|27\/100|[from] item: Leftovers\n|upkeep\n|turn|15\n|\n|t:|1700963006\n|move|p2a: Keldeo|Secret Sword|p1a: \u6211\u8981\u5403\u996d\n|-supereffective|p1a: \u6211\u8981\u5403\u996d\n|-damage|p1a: \u6211\u8981\u5403\u996d|27\/100\n|move|p1a: \u6211\u8981\u5403\u996d|Dual Wingbeat|p2a: Keldeo\n|-supereffective|p2a: Keldeo\n|-damage|p2a: Keldeo|0 fnt\n|faint|p2a: Keldeo\n|-hitcount|p2: Keldeo|1\n|\n|upkeep\n|\n|t:|1700963012\n|switch|p2a: Minior|Minior-Yellow|100\/100\n|-formechange|p2a: Minior|Minior-Meteor||[from] ability: Shields Down\n|turn|16\n|\n|t:|1700963016\n|move|p1a: \u6211\u8981\u5403\u996d|Knock Off|p2a: Minior\n|-damage|p2a: Minior|0 fnt\n|-enditem|p2a: Minior|White Herb|[from] move: Knock Off|[of] p1a: \u6211\u8981\u5403\u996d\n|faint|p2a: Minior\n|\n|upkeep\n|\n|t:|1700963019\n|switch|p2a: Suicune|Suicune|100\/100\n|-ability|p2a: Suicune|Pressure\n|turn|17\n|\n|t:|1700963022\n|move|p1a: \u6211\u8981\u5403\u996d|Knock Off|p2a: Suicune\n|-damage|p2a: Suicune|48\/100\n|-enditem|p2a: Suicune|Leftovers|[from] move: Knock Off|[of] p1a: \u6211\u8981\u5403\u996d\n|move|p2a: Suicune|Scald|p1a: \u6211\u8981\u5403\u996d\n|-damage|p1a: \u6211\u8981\u5403\u996d|7\/100\n|\n|upkeep\n|turn|18\n|\n|t:|1700963026\n|move|p1a: \u6211\u8981\u5403\u996d|Dual Wingbeat|p2a: Suicune|[miss]\n|-miss|p1a: \u6211\u8981\u5403\u996d|p2a: Suicune\n|move|p2a: Suicune|Rest|p2a: Suicune\n|-status|p2a: Suicune|slp|[from] move: Rest\n|-heal|p2a: Suicune|100\/100 slp|[silent]\n|\n|upkeep\n|turn|19\n|\n|t:|1700963030\n|move|p1a: \u6211\u8981\u5403\u996d|Knock Off|p2a: Suicune\n|-damage|p2a: Suicune|66\/100 slp\n|cant|p2a: Suicune|slp\n|move|p2a: Suicune|Sleep Talk|p2a: Suicune\n|move|p2a: Suicune|Calm Mind|p2a: Suicune|[from]move: Sleep Talk\n|-boost|p2a: Suicune|spa|1\n|-boost|p2a: Suicune|spd|1\n|\n|upkeep\n|turn|20\n|\n|t:|1700963036\n|move|p1a: \u6211\u8981\u5403\u996d|Dual Wingbeat|p2a: Suicune\n|-damage|p2a: Suicune|54\/100 slp\n|-damage|p2a: Suicune|42\/100 slp\n|-hitcount|p2a: Suicune|2\n|cant|p2a: Suicune|slp\n|move|p2a: Suicune|Sleep Talk|p2a: Suicune\n|move|p2a: Suicune|Rest||[from]move: Sleep Talk|[still]\n|-fail|p2a: Suicune\n|\n|upkeep\n|turn|21\n|\n|t:|1700963042\n|move|p1a: \u6211\u8981\u5403\u996d|Knock Off|p2a: Suicune\n|-damage|p2a: Suicune|4\/100 slp\n|-curestatus|p2a: Suicune|slp|[msg]\n|move|p2a: Suicune|Rest|p2a: Suicune\n|-status|p2a: Suicune|slp|[from] move: Rest\n|-heal|p2a: Suicune|100\/100 slp|[silent]\n|\n|upkeep\n|turn|22\n|\n|t:|1700963045\n|switch|p1a: \u58ee\u58ee\u5988|Skeledirge, F|100\/100\n|cant|p2a: Suicune|slp\n|move|p2a: Suicune|Sleep Talk|p2a: Suicune\n|move|p2a: Suicune|Scald|p1a: \u58ee\u58ee\u5988|[from]move: Sleep Talk\n|-supereffective|p1a: \u58ee\u58ee\u5988\n|-damage|p1a: \u58ee\u58ee\u5988|45\/100\n|\n|upkeep\n|turn|23\n|\n|t:|1700963047\n|cant|p2a: Suicune|slp\n|move|p2a: Suicune|Sleep Talk|p2a: Suicune\n|move|p2a: Suicune|Rest||[from]move: Sleep Talk|[still]\n|-fail|p2a: Suicune\n|move|p1a: \u58ee\u58ee\u5988|Slack Off|p1a: \u58ee\u58ee\u5988\n|-heal|p1a: \u58ee\u58ee\u5988|95\/100\n|\n|upkeep\n|turn|24\n|\n|t:|1700963049\n|-curestatus|p2a: Suicune|slp|[msg]\n|move|p2a: Suicune|Scald|p1a: \u58ee\u58ee\u5988\n|-supereffective|p1a: \u58ee\u58ee\u5988\n|-damage|p1a: \u58ee\u58ee\u5988|38\/100\n|move|p1a: \u58ee\u58ee\u5988|Torch Song|p2a: Suicune\n|-resisted|p2a: Suicune\n|-damage|p2a: Suicune|89\/100\n|-boost|p1a: \u58ee\u58ee\u5988|spa|1\n|\n|upkeep\n|turn|25\n|\n|t:|1700963054\n|move|p2a: Suicune|Scald|p1a: \u58ee\u58ee\u5988\n|-supereffective|p1a: \u58ee\u58ee\u5988\n|-damage|p1a: \u58ee\u58ee\u5988|0 fnt\n|faint|p1a: \u58ee\u58ee\u5988\n|\n|upkeep\n|\n|t:|1700963056\n|switch|p1a: \u80a5\u5927\u597d\u62f3|Dragonite, M|61\/100\n|turn|26\n|\n|t:|1700963059\n|move|p2a: Suicune|Scald|p1a: \u80a5\u5927\u597d\u62f3\n|-resisted|p1a: \u80a5\u5927\u597d\u62f3\n|-damage|p1a: \u80a5\u5927\u597d\u62f3|47\/100\n|-status|p1a: \u80a5\u5927\u597d\u62f3|brn\n|move|p1a: \u80a5\u5927\u597d\u62f3|Roost|p1a: \u80a5\u5927\u597d\u62f3\n|-heal|p1a: \u80a5\u5927\u597d\u62f3|97\/100 brn\n|-singleturn|p1a: \u80a5\u5927\u597d\u62f3|move: Roost\n|\n|-damage|p1a: \u80a5\u5927\u597d\u62f3|90\/100 brn|[from] brn\n|upkeep\n|turn|27\n|\n|t:|1700963066\n|move|p2a: Suicune|Calm Mind|p2a: Suicune\n|-boost|p2a: Suicune|spa|1\n|-boost|p2a: Suicune|spd|1\n|move|p1a: \u80a5\u5927\u597d\u62f3|Thunder Wave|p2a: Suicune\n|-status|p2a: Suicune|par\n|\n|-damage|p1a: \u80a5\u5927\u597d\u62f3|84\/100 brn|[from] brn\n|upkeep\n|turn|28\n|\n|t:|1700963073\n|move|p1a: \u80a5\u5927\u597d\u62f3|Defog|p2a: Suicune\n|-unboost|p2a: Suicune|evasion|1\n|move|p2a: Suicune|Calm Mind|p2a: Suicune\n|-boost|p2a: Suicune|spa|1\n|-boost|p2a: Suicune|spd|1\n|\n|-damage|p1a: \u80a5\u5927\u597d\u62f3|78\/100 brn|[from] brn\n|upkeep\n|turn|29\n|\n|t:|1700963079\n|move|p1a: \u80a5\u5927\u597d\u62f3|Defog|p2a: Suicune\n|-unboost|p2a: Suicune|evasion|1\n|move|p2a: Suicune|Scald|p1a: \u80a5\u5927\u597d\u62f3\n|-resisted|p1a: \u80a5\u5927\u597d\u62f3\n|-damage|p1a: \u80a5\u5927\u597d\u62f3|54\/100 brn\n|\n|-damage|p1a: \u80a5\u5927\u597d\u62f3|47\/100 brn|[from] brn\n|upkeep\n|turn|30\n|\n|t:|1700963082\n|move|p1a: \u80a5\u5927\u597d\u62f3|Roost|p1a: \u80a5\u5927\u597d\u62f3\n|-heal|p1a: \u80a5\u5927\u597d\u62f3|97\/100 brn\n|-singleturn|p1a: \u80a5\u5927\u597d\u62f3|move: Roost\n|move|p2a: Suicune|Scald|p1a: \u80a5\u5927\u597d\u62f3\n|-resisted|p1a: \u80a5\u5927\u597d\u62f3\n|-damage|p1a: \u80a5\u5927\u597d\u62f3|72\/100 brn\n|\n|-damage|p1a: \u80a5\u5927\u597d\u62f3|66\/100 brn|[from] brn\n|upkeep\n|turn|31\n|\n|t:|1700963084\n|move|p1a: \u80a5\u5927\u597d\u62f3|Heal Bell|p1a: \u80a5\u5927\u597d\u62f3\n|-activate|p1a: \u80a5\u5927\u597d\u62f3|move: Heal Bell\n|-curestatus|p1a: \u80a5\u5927\u597d\u62f3|brn|[msg]\n|move|p2a: Suicune|Calm Mind|p2a: Suicune\n|-boost|p2a: Suicune|spa|1\n|-boost|p2a: Suicune|spd|1\n|\n|upkeep\n|turn|32\n|\n|t:|1700963092\n|move|p1a: \u80a5\u5927\u597d\u62f3|Defog|p2a: Suicune\n|-unboost|p2a: Suicune|evasion|1\n|cant|p2a: Suicune|par\n|\n|upkeep\n|turn|33\n|\n|t:|1700963096\n|move|p1a: \u80a5\u5927\u597d\u62f3|Defog|p2a: Suicune\n|-unboost|p2a: Suicune|evasion|1\n|cant|p2a: Suicune|par\n|\n|upkeep\n|turn|34\n|\n|t:|1700963106\n|move|p1a: \u80a5\u5927\u597d\u62f3|Defog|p2a: Suicune\n|-unboost|p2a: Suicune|evasion|1\n|move|p2a: Suicune|Scald|p1a: \u80a5\u5927\u597d\u62f3\n|-resisted|p1a: \u80a5\u5927\u597d\u62f3\n|-damage|p1a: \u80a5\u5927\u597d\u62f3|37\/100\n|\n|upkeep\n|turn|35\n|\n|t:|1700963112\n|move|p1a: \u80a5\u5927\u597d\u62f3|Roost|p1a: \u80a5\u5927\u597d\u62f3\n|-heal|p1a: \u80a5\u5927\u597d\u62f3|87\/100\n|-singleturn|p1a: \u80a5\u5927\u597d\u62f3|move: Roost\n|move|p2a: Suicune|Scald|p1a: \u80a5\u5927\u597d\u62f3\n|-resisted|p1a: \u80a5\u5927\u597d\u62f3\n|-damage|p1a: \u80a5\u5927\u597d\u62f3|60\/100\n|\n|upkeep\n|turn|36\n|\n|t:|1700963116\n|move|p1a: \u80a5\u5927\u597d\u62f3|Defog|p2a: Suicune\n|-unboost|p2a: Suicune|evasion|1\n|cant|p2a: Suicune|par\n|\n|upkeep\n|turn|37\n|\n|t:|1700963118\n|move|p1a: \u80a5\u5927\u597d\u62f3|Defog||[still]\n|-unboost|p2a: Suicune|evasion|0\n|-fail|p1a: \u80a5\u5927\u597d\u62f3\n|cant|p2a: Suicune|par\n|\n|upkeep\n|turn|38\n|\n|t:|1700963122\n|move|p1a: \u80a5\u5927\u597d\u62f3|Thunder Wave|p2a: Suicune\n|-fail|p2a: Suicune|par\n|move|p2a: Suicune|Calm Mind|p2a: Suicune\n|-boost|p2a: Suicune|spa|1\n|-boost|p2a: Suicune|spd|1\n|\n|upkeep\n|turn|39\n|\n|t:|1700963125\n|move|p1a: \u80a5\u5927\u597d\u62f3|Thunder Wave|p2a: Suicune\n|-fail|p2a: Suicune|par\n|move|p2a: Suicune|Calm Mind|p2a: Suicune\n|-boost|p2a: Suicune|spa|1\n|-boost|p2a: Suicune|spd|1\n|\n|upkeep\n|turn|40\n|\n|t:|1700963135\n|move|p1a: \u80a5\u5927\u597d\u62f3|Thunder Wave|p2a: Suicune\n|-fail|p2a: Suicune|par\n|move|p2a: Suicune|Calm Mind|p2a: Suicune\n|-boost|p2a: Suicune|spa|0\n|-boost|p2a: Suicune|spd|0\n|\n|upkeep\n|turn|41\n|\n|t:|1700963160\n|move|p1a: \u80a5\u5927\u597d\u62f3|Thunder Wave|p2a: Suicune\n|-fail|p2a: Suicune|par\n|move|p2a: Suicune|Scald|p1a: \u80a5\u5927\u597d\u62f3\n|-resisted|p1a: \u80a5\u5927\u597d\u62f3\n|-crit|p1a: \u80a5\u5927\u597d\u62f3\n|-damage|p1a: \u80a5\u5927\u597d\u62f3|8\/100\n|\n|upkeep\n|turn|42\n|\n|t:|1700963167\n|move|p1a: \u80a5\u5927\u597d\u62f3|Roost|p1a: \u80a5\u5927\u597d\u62f3\n|-heal|p1a: \u80a5\u5927\u597d\u62f3|58\/100\n|-singleturn|p1a: \u80a5\u5927\u597d\u62f3|move: Roost\n|move|p2a: Suicune|Scald|p1a: \u80a5\u5927\u597d\u62f3\n|-resisted|p1a: \u80a5\u5927\u597d\u62f3\n|-damage|p1a: \u80a5\u5927\u597d\u62f3|19\/100\n|-status|p1a: \u80a5\u5927\u597d\u62f3|brn\n|\n|-damage|p1a: \u80a5\u5927\u597d\u62f3|12\/100 brn|[from] brn\n|upkeep\n|turn|43\n|\n|t:|1700963169\n|move|p1a: \u80a5\u5927\u597d\u62f3|Roost|p1a: \u80a5\u5927\u597d\u62f3\n|-heal|p1a: \u80a5\u5927\u597d\u62f3|62\/100 brn\n|-singleturn|p1a: \u80a5\u5927\u597d\u62f3|move: Roost\n|move|p2a: Suicune|Scald|p1a: \u80a5\u5927\u597d\u62f3\n|-resisted|p1a: \u80a5\u5927\u597d\u62f3\n|-damage|p1a: \u80a5\u5927\u597d\u62f3|27\/100 brn\n|\n|-damage|p1a: \u80a5\u5927\u597d\u62f3|20\/100 brn|[from] brn\n|upkeep\n|turn|44\n|\n|t:|1700963172\n|move|p1a: \u80a5\u5927\u597d\u62f3|Roost|p1a: \u80a5\u5927\u597d\u62f3\n|-heal|p1a: \u80a5\u5927\u597d\u62f3|70\/100 brn\n|-singleturn|p1a: \u80a5\u5927\u597d\u62f3|move: Roost\n|cant|p2a: Suicune|par\n|\n|-damage|p1a: \u80a5\u5927\u597d\u62f3|64\/100 brn|[from] brn\n|upkeep\n|turn|45\n|\n|t:|1700963175\n|move|p1a: \u80a5\u5927\u597d\u62f3|Heal Bell|p1a: \u80a5\u5927\u597d\u62f3\n|-activate|p1a: \u80a5\u5927\u597d\u62f3|move: Heal Bell\n|-curestatus|p1a: \u80a5\u5927\u597d\u62f3|brn|[msg]\n|move|p2a: Suicune|Rest|p2a: Suicune\n|-status|p2a: Suicune|slp|[from] move: Rest\n|-heal|p2a: Suicune|100\/100 slp|[silent]\n|\n|upkeep\n|turn|46\n|\n|t:|1700963181\n|switch|p1a: \u6211\u8981\u5403\u996d|Yveltal, tera:Dark|7\/100\n|-ability|p1a: \u6211\u8981\u5403\u996d|Dark Aura\n|cant|p2a: Suicune|slp\n|move|p2a: Suicune|Sleep Talk|p2a: Suicune\n|move|p2a: Suicune|Rest||[from]move: Sleep Talk|[still]\n|-fail|p2a: Suicune\n|\n|upkeep\n|turn|47\n|\n|t:|1700963184\n|move|p1a: \u6211\u8981\u5403\u996d|Knock Off|p2a: Suicune\n|-damage|p2a: Suicune|66\/100 slp\n|cant|p2a: Suicune|slp\n|move|p2a: Suicune|Sleep Talk|p2a: Suicune\n|move|p2a: Suicune|Calm Mind|p2a: Suicune|[from]move: Sleep Talk\n|-boost|p2a: Suicune|spa|0\n|-boost|p2a: Suicune|spd|0\n|\n|upkeep\n|turn|48\n|\n|t:|1700963187\n|move|p1a: \u6211\u8981\u5403\u996d|Knock Off|p2a: Suicune\n|-damage|p2a: Suicune|32\/100 slp\n|-curestatus|p2a: Suicune|slp|[msg]\n|move|p2a: Suicune|Scald|p1a: \u6211\u8981\u5403\u996d\n|-damage|p1a: \u6211\u8981\u5403\u996d|0 fnt\n|faint|p1a: \u6211\u8981\u5403\u996d\n|\n|upkeep\n|-message|ndou\u6389\u5206\u84dd\u67d0\u4fa0996 forfeited.\n|\n|win|Looper RADIO\n|raw|ndou\u6389\u5206\u84dd\u67d0\u4fa0996's rating: 1214 &rarr; <strong>1185<\/strong><br \/>(-29 for losing)\n|raw|Looper RADIO's rating: 1152 &rarr; <strong>1181<\/strong><br \/>(+29 for winning)\n|l|\u2606ndou\u6389\u5206\u84dd\u67d0\u4fa0996\n|l|\u2606Looper RADIO\n","uploadtime":1700963375,"views":6,"p1id":"ndou996","p2id":"looperradio","formatid":"gen9nationaldexubers","rating":1181,"private":0,"password":""}