{"id":"gen9nationaldexubers-1986876985","p1":"BlueDoesPokemon","p2":"TheNormalGym123","format":"[Gen 9] National Dex Ubers","log":"|j|\u2606BlueDoesPokemon\n|j|\u2606TheNormalGym123\n|t:|1699536908\n|gametype|singles\n|player|p1|BlueDoesPokemon|marlon|1049\n|player|p2|TheNormalGym123|hiker-gen4|1138\n|teamsize|p1|6\n|teamsize|p2|6\n|gen|9\n|tier|[Gen 9] National Dex Ubers\n|rated|\n|rule|HP Percentage Mod: HP is shown in percentages\n|rule|Endless Battle Clause: Forcing endless battles is banned\n|rule|OHKO Clause: OHKO moves are banned\n|rule|Evasion Moves Clause: Evasion moves are banned\n|rule|Evasion Items Clause: Evasion items are banned\n|rule|Species Clause: Limit one of each Pok\u00e9mon\n|rule|Sleep Clause Mod: Limit one foe put to sleep\n|rule|Mega Rayquaza Clause: You cannot mega evolve Rayquaza\n|clearpoke\n|poke|p1|Baxcalibur, F|\n|poke|p1|Drapion, F|\n|poke|p1|Jirachi|\n|poke|p1|Breloom, F|\n|poke|p1|Sceptile, F|\n|poke|p1|Lugia|\n|poke|p2|Roaring Moon|\n|poke|p2|Magnezone|\n|poke|p2|Lilligant-Hisui, F|\n|poke|p2|Gigalith, M|\n|poke|p2|Alakazam, F|\n|poke|p2|Milotic, F|\n|teampreview\n|\n|t:|1699536924\n|start\n|switch|p1a: WHY CANT I HIT|Lugia|100\/100\n|switch|p2a: Gigalith|Gigalith, M|100\/100\n|-weather|Sandstorm|[from] ability: Sand Stream|[of] p2a: Gigalith\n|turn|1\n|\n|t:|1699536931\n|-terastallize|p2a: Gigalith|Rock\n|move|p1a: WHY CANT I HIT|Flash|p2a: Gigalith\n|-unboost|p2a: Gigalith|accuracy|1\n|move|p2a: Gigalith|Rock Blast|p1a: WHY CANT I HIT\n|-supereffective|p1a: WHY CANT I HIT\n|-damage|p1a: WHY CANT I HIT|88\/100\n|-supereffective|p1a: WHY CANT I HIT\n|-damage|p1a: WHY CANT I HIT|62\/100\n|-supereffective|p1a: WHY CANT I HIT\n|-damage|p1a: WHY CANT I HIT|35\/100\n|-supereffective|p1a: WHY CANT I HIT\n|-damage|p1a: WHY CANT I HIT|11\/100\n|-supereffective|p1a: WHY CANT I HIT\n|-damage|p1a: WHY CANT I HIT|0 fnt\n|faint|p1a: WHY CANT I HIT\n|-hitcount|p1: WHY CANT I HIT|5\n|\n|-weather|Sandstorm|[upkeep]\n|upkeep\n|\n|t:|1699536953\n|switch|p1a: L I Z A R D|Sceptile, F|100\/100\n|turn|2\n|\n|t:|1699536959\n|move|p1a: L I Z A R D|Swords Dance|p1a: L I Z A R D\n|-boost|p1a: L I Z A R D|atk|2\n|move|p2a: Gigalith|Stealth Rock|p1a: L I Z A R D\n|-sidestart|p1: BlueDoesPokemon|move: Stealth Rock\n|\n|-weather|Sandstorm|[upkeep]\n|-damage|p1a: L I Z A R D|94\/100|[from] Sandstorm\n|upkeep\n|turn|3\n|\n|t:|1699536971\n|move|p1a: L I Z A R D|Leaf Blade|p2a: Gigalith\n|-supereffective|p2a: Gigalith\n|-damage|p2a: Gigalith|0 fnt\n|faint|p2a: Gigalith\n|\n|-weather|Sandstorm|[upkeep]\n|-damage|p1a: L I Z A R D|88\/100|[from] Sandstorm\n|upkeep\n|\n|t:|1699536974\n|switch|p2a: Lilligant|Lilligant-Hisui, F|100\/100\n|turn|4\n|\n|t:|1699536979\n|move|p2a: Lilligant|Poison Jab|p1a: L I Z A R D\n|-supereffective|p1a: L I Z A R D\n|-damage|p1a: L I Z A R D|0 fnt\n|faint|p1a: L I Z A R D\n|\n|-weather|Sandstorm|[upkeep]\n|-damage|p2a: Lilligant|94\/100|[from] Sandstorm\n|upkeep\n|\n|t:|1699536990\n|switch|p1a: flinch|Jirachi|100\/100\n|-damage|p1a: flinch|94\/100|[from] Stealth Rock\n|turn|5\n|\n|t:|1699536996\n|switch|p2a: Magnezone|Magnezone|100\/100\n|move|p1a: flinch|Iron Head|p2a: Magnezone\n|-resisted|p2a: Magnezone\n|-damage|p2a: Magnezone|93\/100\n|\n|-weather|none\n|upkeep\n|turn|6\n|\n|t:|1699537024\n|move|p1a: flinch|Body Slam|p2a: Magnezone\n|-resisted|p2a: Magnezone\n|-damage|p2a: Magnezone|82\/100\n|move|p2a: Magnezone|Thunderbolt|p1a: flinch\n|-crit|p1a: flinch\n|-damage|p1a: flinch|0 fnt\n|faint|p1a: flinch\n|\n|upkeep\n|\n|t:|1699537032\n|switch|p1a: FODDER|Baxcalibur, F|100\/100\n|-damage|p1a: FODDER|76\/100|[from] Stealth Rock\n|turn|7\n|\n|t:|1699537040\n|move|p1a: FODDER|Dig||[still]\n|-prepare|p1a: FODDER|Dig\n|move|p2a: Magnezone|Flash Cannon|p1a: FODDER|[miss]\n|-miss|p2a: Magnezone|p1a: FODDER\n|\n|upkeep\n|turn|8\n|c|\u2606TheNormalGym123|DIG BAXCALIBER REAL\n|\n|t:|1699537057\n|switch|p2a: Milotic|Milotic, F|100\/100\n|move|p1a: FODDER|Dig|p2a: Milotic|[from]lockedmove\n|-damage|p2a: Milotic|71\/100\n|\n|-heal|p2a: Milotic|77\/100|[from] item: Leftovers\n|upkeep\n|turn|9\n|\n|t:|1699537070\n|move|p1a: FODDER|Blizzard|p2a: Milotic|[miss]\n|-miss|p1a: FODDER|p2a: Milotic\n|move|p2a: Milotic|Coil|p2a: Milotic\n|-boost|p2a: Milotic|atk|1\n|-boost|p2a: Milotic|def|1\n|-boost|p2a: Milotic|accuracy|1\n|\n|-heal|p2a: Milotic|83\/100|[from] item: Leftovers\n|upkeep\n|turn|10\n|\n|t:|1699537086\n|move|p1a: FODDER|Draco Meteor|p2a: Milotic\n|-damage|p2a: Milotic|64\/100\n|-unboost|p1a: FODDER|spa|2\n|move|p2a: Milotic|Coil|p2a: Milotic\n|-boost|p2a: Milotic|atk|1\n|-boost|p2a: Milotic|def|1\n|-boost|p2a: Milotic|accuracy|1\n|\n|-heal|p2a: Milotic|71\/100|[from] item: Leftovers\n|upkeep\n|turn|11\n|-message|BlueDoesPokemon forfeited.\n|\n|win|TheNormalGym123\n|raw|BlueDoesPokemon's rating: 1049 &rarr; <strong>1036<\/strong><br \/>(-13 for losing)\n|raw|TheNormalGym123's rating: 1138 &rarr; <strong>1157<\/strong><br \/>(+19 for winning)\n|l|\u2606BlueDoesPokemon\n","uploadtime":1699537100,"views":12,"p1id":"bluedoespokemon","p2id":"thenormalgym123","formatid":"gen9nationaldexubers","rating":1036,"private":0,"password":""}