{"id":"gen9nationaldexubers-1987866346","p1":"getrektunub","p2":"pAarleck","format":"[Gen 9] National Dex Ubers","log":"|j|\u2606getrektunub\n|j|\u2606pAarleck\n|t:|1699644082\n|gametype|singles\n|player|p1|getrektunub|may-masters|1093\n|player|p2|pAarleck|cynthia-gen4|1173\n|teamsize|p1|6\n|teamsize|p2|6\n|gen|9\n|tier|[Gen 9] National Dex Ubers\n|rated|\n|rule|HP Percentage Mod: HP is shown in percentages\n|rule|Endless Battle Clause: Forcing endless battles is banned\n|rule|OHKO Clause: OHKO moves are banned\n|rule|Evasion Moves Clause: Evasion moves are banned\n|rule|Evasion Items Clause: Evasion items are banned\n|rule|Species Clause: Limit one of each Pok\u00e9mon\n|rule|Sleep Clause Mod: Limit one foe put to sleep\n|rule|Mega Rayquaza Clause: You cannot mega evolve Rayquaza\n|clearpoke\n|poke|p1|Morpeko, F|\n|poke|p1|Dragapult, F|\n|poke|p1|Breloom, M|\n|poke|p1|Magnezone|\n|poke|p1|Lilligant, F|\n|poke|p1|Regidrago|\n|poke|p2|Deoxys-Attack|\n|poke|p2|Chien-Pao|\n|poke|p2|Arceus-Poison|\n|poke|p2|Salamence, M|\n|poke|p2|Giratina|\n|poke|p2|Zacian-*|\n|teampreview\n|inactive|Battle timer is ON: inactive players will automatically lose when time's up. (requested by getrektunub)\n|\n|t:|1699644111\n|start\n|switch|p1a: Elegant Dancer|Lilligant, F, shiny|100\/100\n|switch|p2a: Chien-Pao|Chien-Pao|100\/100\n|-ability|p2a: Chien-Pao|Sword of Ruin\n|turn|1\n|\n|t:|1699644123\n|move|p2a: Chien-Pao|Ice Spinner|p1a: Elegant Dancer\n|-supereffective|p1a: Elegant Dancer\n|-enditem|p1a: Elegant Dancer|Focus Sash\n|-damage|p1a: Elegant Dancer|1\/100\n|move|p1a: Elegant Dancer|Sleep Powder|p2a: Chien-Pao\n|-status|p2a: Chien-Pao|slp|[from] move: Sleep Powder\n|\n|upkeep\n|turn|2\n|\n|t:|1699644134\n|switch|p2a: Arceus|Arceus-Poison|100\/100\n|move|p1a: Elegant Dancer|Quiver Dance|p1a: Elegant Dancer\n|-boost|p1a: Elegant Dancer|spa|1\n|-boost|p1a: Elegant Dancer|spd|1\n|-boost|p1a: Elegant Dancer|spe|1\n|\n|upkeep\n|turn|3\n|\n|t:|1699644141\n|move|p1a: Elegant Dancer|Energy Ball|p2a: Arceus\n|-resisted|p2a: Arceus\n|-damage|p2a: Arceus|82\/100\n|move|p2a: Arceus|Judgment|p1a: Elegant Dancer\n|-supereffective|p1a: Elegant Dancer\n|-damage|p1a: Elegant Dancer|0 fnt\n|faint|p1a: Elegant Dancer\n|\n|upkeep\n|\n|t:|1699644149\n|switch|p1a: Detecting Loser|Magnezone, shiny|100\/100\n|turn|4\n|-activate|p1a: Detecting Loser|item: Quick Claw\n|\n|t:|1699644161\n|switch|p2a: Salamence|Salamence, M|100\/100\n|-ability|p2a: Salamence|Intimidate|boost\n|-unboost|p1a: Detecting Loser|atk|1\n|move|p1a: Detecting Loser|Discharge|p2a: Salamence\n|-damage|p2a: Salamence|46\/100\n|-status|p2a: Salamence|par\n|\n|upkeep\n|turn|5\n|\n|t:|1699644175\n|detailschange|p2a: Salamence|Salamence-Mega, M\n|-mega|p2a: Salamence|Salamence|Salamencite\n|move|p2a: Salamence|Earthquake|p1a: Detecting Loser\n|-supereffective|p1a: Detecting Loser\n|-ability|p1a: Detecting Loser|Sturdy\n|-damage|p1a: Detecting Loser|1\/100\n|move|p1a: Detecting Loser|Discharge|p2a: Salamence\n|-damage|p2a: Salamence|0 fnt\n|faint|p2a: Salamence\n|\n|upkeep\n|\n|t:|1699644183\n|switch|p2a: Deoxys|Deoxys-Attack, shiny|100\/100\n|-ability|p2a: Deoxys|Pressure\n|turn|6\n|inactive|getrektunub has 120 seconds left.\n|inactive|getrektunub has 90 seconds left.\n|\n|t:|1699644252\n|move|p2a: Deoxys|Ice Beam|p1a: Detecting Loser\n|-resisted|p1a: Detecting Loser\n|-damage|p1a: Detecting Loser|0 fnt\n|faint|p1a: Detecting Loser\n|\n|upkeep\n|\n|t:|1699644265\n|switch|p1a: FEED ME|Morpeko, F, shiny|100\/100\n|turn|7\n|\n|t:|1699644270\n|move|p1a: FEED ME|Fake Out|p2a: Deoxys\n|-damage|p2a: Deoxys|48\/100\n|cant|p2a: Deoxys|flinch\n|\n|-formechange|p1a: FEED ME|Morpeko-Hangry||[from] ability: Hunger Switch\n|upkeep\n|turn|8\n|\n|t:|1699644277\n|move|p2a: Deoxys|Focus Blast|p1a: FEED ME|[miss]\n|-miss|p2a: Deoxys|p1a: FEED ME\n|move|p1a: FEED ME|Aura Wheel|p2a: Deoxys\n|-supereffective|p2a: Deoxys\n|-damage|p2a: Deoxys|0 fnt\n|-boost|p1a: FEED ME|spe|1\n|faint|p2a: Deoxys\n|\n|-formechange|p1a: FEED ME|Morpeko||[from] ability: Hunger Switch\n|upkeep\n|\n|t:|1699644288\n|switch|p2a: Zacian|Zacian-Crowned|100\/100\n|-ability|p2a: Zacian|Intrepid Sword|boost\n|-boost|p2a: Zacian|atk|1\n|turn|9\n|\n|t:|1699644294\n|move|p1a: FEED ME|Stomping Tantrum|p2a: Zacian\n|-supereffective|p2a: Zacian\n|-damage|p2a: Zacian|58\/100\n|move|p2a: Zacian|Play Rough|p1a: FEED ME\n|-supereffective|p1a: FEED ME\n|-enditem|p1a: FEED ME|Focus Sash\n|-damage|p1a: FEED ME|1\/100\n|\n|-formechange|p1a: FEED ME|Morpeko-Hangry||[from] ability: Hunger Switch\n|upkeep\n|turn|10\n|\n|t:|1699644304\n|move|p1a: FEED ME|Stomping Tantrum|p2a: Zacian\n|-supereffective|p2a: Zacian\n|-damage|p2a: Zacian|19\/100\n|move|p2a: Zacian|Sacred Sword|p1a: FEED ME\n|-supereffective|p1a: FEED ME\n|-damage|p1a: FEED ME|0 fnt\n|faint|p1a: FEED ME\n|\n|upkeep\n|inactive|getrektunub has 90 seconds left.\n|\n|t:|1699644330\n|switch|p1a: Mushroom Head|Breloom, M, shiny|100\/100\n|turn|11\n|inactive|getrektunub has 90 seconds left.\n|\n|t:|1699644346\n|move|p1a: Mushroom Head|Mach Punch|p2a: Zacian\n|-damage|p2a: Zacian|0 fnt\n|faint|p2a: Zacian\n|-damage|p1a: Mushroom Head|91\/100|[from] item: Life Orb\n|\n|upkeep\n|\n|t:|1699644350\n|switch|p2a: Giratina|Giratina|100\/100\n|-ability|p2a: Giratina|Pressure\n|turn|12\n|inactive|getrektunub has 90 seconds left.\n|\n|t:|1699644364\n|move|p1a: Mushroom Head|Rock Tomb|p2a: Giratina\n|-damage|p2a: Giratina|81\/100\n|-unboost|p2a: Giratina|spe|1\n|-damage|p1a: Mushroom Head|81\/100|[from] item: Life Orb\n|move|p2a: Giratina|Toxic|p1a: Mushroom Head\n|-status|p1a: Mushroom Head|tox\n|\n|-heal|p2a: Giratina|88\/100|[from] item: Leftovers\n|-damage|p1a: Mushroom Head|74\/100 tox|[from] psn\n|upkeep\n|turn|13\n|\n|t:|1699644372\n|move|p2a: Giratina|Protect|p2a: Giratina\n|-singleturn|p2a: Giratina|Protect\n|move|p1a: Mushroom Head|Bullet Seed|p2a: Giratina\n|-activate|p2a: Giratina|move: Protect\n|\n|-heal|p2a: Giratina|94\/100|[from] item: Leftovers\n|-damage|p1a: Mushroom Head|62\/100 tox|[from] psn\n|upkeep\n|turn|14\n|\n|t:|1699644376\n|move|p1a: Mushroom Head|Bullet Seed|p2a: Giratina\n|-resisted|p2a: Giratina\n|-damage|p2a: Giratina|88\/100\n|-resisted|p2a: Giratina\n|-damage|p2a: Giratina|82\/100\n|-resisted|p2a: Giratina\n|-damage|p2a: Giratina|75\/100\n|-resisted|p2a: Giratina\n|-damage|p2a: Giratina|70\/100\n|-resisted|p2a: Giratina\n|-damage|p2a: Giratina|64\/100\n|-hitcount|p2a: Giratina|5\n|-damage|p1a: Mushroom Head|52\/100 tox|[from] item: Life Orb\n|move|p2a: Giratina|Toxic|p1a: Mushroom Head\n|-fail|p1a: Mushroom Head|tox\n|\n|-heal|p2a: Giratina|70\/100|[from] item: Leftovers\n|-damage|p1a: Mushroom Head|34\/100 tox|[from] psn\n|upkeep\n|turn|15\n|\n|t:|1699644382\n|move|p2a: Giratina|Protect|p2a: Giratina\n|-singleturn|p2a: Giratina|Protect\n|move|p1a: Mushroom Head|Aerial Ace|p2a: Giratina\n|-activate|p2a: Giratina|move: Protect\n|\n|-heal|p2a: Giratina|76\/100|[from] item: Leftovers\n|-damage|p1a: Mushroom Head|9\/100 tox|[from] psn\n|upkeep\n|turn|16\n|\n|t:|1699644386\n|move|p2a: Giratina|Protect||[still]\n|-fail|p2a: Giratina\n|move|p1a: Mushroom Head|Aerial Ace|p2a: Giratina\n|-damage|p2a: Giratina|57\/100\n|-damage|p1a: Mushroom Head|0 fnt|[from] item: Life Orb\n|faint|p1a: Mushroom Head\n|\n|-heal|p2a: Giratina|63\/100|[from] item: Leftovers\n|upkeep\n|\n|t:|1699644393\n|switch|p1a: 25\u00a2 Gumball|Regidrago, shiny|100\/100\n|turn|17\n|\n|t:|1699644399\n|move|p1a: 25\u00a2 Gumball|Dragon Energy|p2a: Giratina\n|-supereffective|p2a: Giratina\n|-damage|p2a: Giratina|0 fnt\n|faint|p2a: Giratina\n|\n|upkeep\n|\n|t:|1699644401\n|switch|p2a: Arceus|Arceus-Poison|82\/100\n|turn|18\n|\n|t:|1699644405\n|move|p1a: 25\u00a2 Gumball|Dragon Energy|p2a: Arceus\n|-damage|p2a: Arceus|28\/100\n|move|p2a: Arceus|Toxic|p1a: 25\u00a2 Gumball\n|-status|p1a: 25\u00a2 Gumball|tox\n|\n|-damage|p1a: 25\u00a2 Gumball|94\/100 tox|[from] psn\n|upkeep\n|turn|19\n|\n|t:|1699644411\n|move|p2a: Arceus|Protect|p2a: Arceus\n|-singleturn|p2a: Arceus|Protect\n|move|p1a: 25\u00a2 Gumball|Dragon Energy|p2a: Arceus\n|-activate|p2a: Arceus|move: Protect\n|\n|-damage|p1a: 25\u00a2 Gumball|82\/100 tox|[from] psn\n|upkeep\n|turn|20\n|\n|t:|1699644414\n|move|p1a: 25\u00a2 Gumball|Dragon Energy|p2a: Arceus\n|-damage|p2a: Arceus|0 fnt\n|faint|p2a: Arceus\n|\n|-damage|p1a: 25\u00a2 Gumball|64\/100 tox|[from] psn\n|upkeep\n|-message|pAarleck forfeited.\n|\n|win|getrektunub\n|raw|getrektunub's rating: 1093 &rarr; <strong>1125<\/strong><br \/>(+32 for winning)\n|raw|pAarleck's rating: 1173 &rarr; <strong>1142<\/strong><br \/>(-31 for losing)\n|l|\u2606pAarleck\n|c|\u2606getrektunub|losing to a team like this with mostly legends is crazy\n","uploadtime":1699644661,"views":8,"p1id":"getrektunub","p2id":"paarleck","formatid":"gen9nationaldexubers","rating":1125,"private":0,"password":""}