{"id":"gen9nationaldexubers-1994504161","p1":"momfr","p2":"blownmind00","format":"[Gen 9] National Dex Ubers","log":"|j|\u2606momfr\n|j|\u2606blownmind00\n|t:|1700451750\n|gametype|singles\n|player|p1|momfr|265|1137\n|player|p2|blownmind00|dawn|1139\n|teamsize|p1|6\n|teamsize|p2|6\n|gen|9\n|tier|[Gen 9] National Dex Ubers\n|rated|\n|rule|HP Percentage Mod: HP is shown in percentages\n|rule|Endless Battle Clause: Forcing endless battles is banned\n|rule|OHKO Clause: OHKO moves are banned\n|rule|Evasion Moves Clause: Evasion moves are banned\n|rule|Evasion Items Clause: Evasion items are banned\n|rule|Species Clause: Limit one of each Pok\u00e9mon\n|rule|Sleep Clause Mod: Limit one foe put to sleep\n|rule|Mega Rayquaza Clause: You cannot mega evolve Rayquaza\n|clearpoke\n|poke|p1|Cottonee, L1, M|\n|poke|p1|Eiscue, M|\n|poke|p1|Heatran, M|\n|poke|p1|Groudon|\n|poke|p1|Iron Hands|\n|poke|p1|Deoxys-Defense|\n|poke|p2|Magnemite, L1|\n|poke|p2|Kyogre|\n|poke|p2|Pineco, L1, F|\n|poke|p2|Liepard, M|\n|poke|p2|Ditto|\n|poke|p2|Skarmory, L1, F|\n|teampreview\n|j| Adamanzane\n|j| kung fu pokechu\n|\n|t:|1700451767\n|start\n|switch|p1a: Mega Man Reject|Iron Hands|100\/100\n|switch|p2a: A bit troll|Pineco, L1, F, shiny|100\/100\n|turn|1\n|\n|t:|1700451774\n|move|p1a: Mega Man Reject|Fake Out|p2a: A bit troll\n|-ability|p2a: A bit troll|Sturdy\n|-damage|p2a: A bit troll|9\/100\n|-enditem|p2a: A bit troll|Berry Juice\n|-heal|p2a: A bit troll|100\/100|[from] item: Berry Juice\n|cant|p2a: A bit troll|flinch\n|\n|upkeep\n|turn|2\n|\n|t:|1700451788\n|move|p1a: Mega Man Reject|Drain Punch|p2a: A bit troll\n|-resisted|p2a: A bit troll\n|-ability|p2a: A bit troll|Sturdy\n|-damage|p2a: A bit troll|9\/100\n|move|p2a: A bit troll|Pain Split|p1a: Mega Man Reject\n|-sethp|p1a: Mega Man Reject|51\/100|[from] move: Pain Split|[silent]\n|-sethp|p2a: A bit troll|100\/100|[from] move: Pain Split\n|\n|upkeep\n|turn|3\n|\n|t:|1700451802\n|-end|p1a: Mega Man Reject|Quark Drive|[silent]\n|switch|p1a: Mr. Tickle|Deoxys-Defense|100\/100\n|-ability|p1a: Mr. Tickle|Pressure\n|move|p2a: A bit troll|Stealth Rock|p1a: Mr. Tickle\n|-sidestart|p1: momfr|move: Stealth Rock\n|\n|upkeep\n|turn|4\n|\n|t:|1700451808\n|-terastallize|p2a: A bit troll|Steel\n|move|p1a: Mr. Tickle|Wrap|p2a: A bit troll\n|-resisted|p2a: A bit troll\n|-ability|p2a: A bit troll|Sturdy\n|-damage|p2a: A bit troll|9\/100\n|-activate|p2a: A bit troll|move: Wrap|[of] p1a: Mr. Tickle\n|move|p2a: A bit troll|Toxic Spikes|p1a: Mr. Tickle\n|-sidestart|p1: momfr|move: Toxic Spikes\n|\n|-damage|p2a: A bit troll|0 fnt|[from] move: Wrap|[partiallytrapped]\n|faint|p2a: A bit troll\n|upkeep\n|\n|t:|1700451820\n|switch|p2a: Super troll|Skarmory, L1, F, shiny|100\/100\n|turn|5\n|\n|t:|1700451828\n|move|p1a: Mr. Tickle|Wrap|p2a: Super troll\n|-resisted|p2a: Super troll\n|-ability|p2a: Super troll|Sturdy\n|-damage|p2a: Super troll|9\/100\n|-activate|p2a: Super troll|move: Wrap|[of] p1a: Mr. Tickle\n|move|p2a: Super troll|Fly||[still]\n|-prepare|p2a: Super troll|Fly\n|\n|-damage|p2a: Super troll|0 fnt|[from] move: Wrap|[partiallytrapped]\n|faint|p2a: Super troll\n|upkeep\n|\n|t:|1700451832\n|switch|p2a: Trolled or troll|Liepard, M|100\/100\n|turn|6\n|\n|t:|1700451839\n|move|p2a: Trolled or troll|Copycat|p2a: Trolled or troll\n|move|p2a: Trolled or troll|Fly||[from]move: Copycat|[still]\n|-prepare|p2a: Trolled or troll|Fly\n|move|p1a: Mr. Tickle|Wrap|p2a: Trolled or troll|[miss]\n|-miss|p1a: Mr. Tickle|p2a: Trolled or troll\n|\n|upkeep\n|turn|7\n|\n|t:|1700451853\n|move|p1a: Mr. Tickle|Cosmic Power|p1a: Mr. Tickle\n|-boost|p1a: Mr. Tickle|def|1\n|-boost|p1a: Mr. Tickle|spd|1\n|move|p2a: Trolled or troll|Fly|p1a: Mr. Tickle|[from]lockedmove\n|-damage|p1a: Mr. Tickle|90\/100\n|\n|upkeep\n|turn|8\n|\n|t:|1700451863\n|move|p2a: Trolled or troll|Copycat|p2a: Trolled or troll\n|move|p2a: Trolled or troll|Fly||[from]move: Copycat|[still]\n|-prepare|p2a: Trolled or troll|Fly\n|move|p1a: Mr. Tickle|Cosmic Power|p1a: Mr. Tickle\n|-boost|p1a: Mr. Tickle|def|1\n|-boost|p1a: Mr. Tickle|spd|1\n|\n|upkeep\n|turn|9\n|\n|t:|1700451869\n|move|p1a: Mr. Tickle|Cosmic Power|p1a: Mr. Tickle\n|-boost|p1a: Mr. Tickle|def|1\n|-boost|p1a: Mr. Tickle|spd|1\n|move|p2a: Trolled or troll|Fly|p1a: Mr. Tickle|[from]lockedmove\n|-damage|p1a: Mr. Tickle|84\/100\n|\n|upkeep\n|turn|10\n|\n|t:|1700451871\n|move|p2a: Trolled or troll|Copycat|p2a: Trolled or troll\n|move|p2a: Trolled or troll|Fly||[from]move: Copycat|[still]\n|-prepare|p2a: Trolled or troll|Fly\n|move|p1a: Mr. Tickle|Cosmic Power|p1a: Mr. Tickle\n|-boost|p1a: Mr. Tickle|def|1\n|-boost|p1a: Mr. Tickle|spd|1\n|\n|upkeep\n|turn|11\n|\n|t:|1700451874\n|move|p1a: Mr. Tickle|Cosmic Power|p1a: Mr. Tickle\n|-boost|p1a: Mr. Tickle|def|1\n|-boost|p1a: Mr. Tickle|spd|1\n|move|p2a: Trolled or troll|Fly|p1a: Mr. Tickle|[from]lockedmove\n|-damage|p1a: Mr. Tickle|80\/100\n|\n|upkeep\n|turn|12\n|\n|t:|1700451889\n|move|p2a: Trolled or troll|Copycat|p2a: Trolled or troll\n|move|p2a: Trolled or troll|Fly||[from]move: Copycat|[still]\n|-prepare|p2a: Trolled or troll|Fly\n|move|p1a: Mr. Tickle|Cosmic Power|p1a: Mr. Tickle\n|-boost|p1a: Mr. Tickle|def|1\n|-boost|p1a: Mr. Tickle|spd|1\n|\n|upkeep\n|turn|13\n|\n|t:|1700451895\n|move|p1a: Mr. Tickle|Wrap|p2a: Trolled or troll|[miss]\n|-miss|p1a: Mr. Tickle|p2a: Trolled or troll\n|move|p2a: Trolled or troll|Fly|p1a: Mr. Tickle|[from]lockedmove\n|-damage|p1a: Mr. Tickle|75\/100\n|\n|upkeep\n|turn|14\n|\n|t:|1700451900\n|move|p2a: Trolled or troll|Copycat|p2a: Trolled or troll\n|move|p2a: Trolled or troll|Fly||[from]move: Copycat|[still]\n|-prepare|p2a: Trolled or troll|Fly\n|move|p1a: Mr. Tickle|Cosmic Power|p1a: Mr. Tickle\n|-boost|p1a: Mr. Tickle|def|0\n|-boost|p1a: Mr. Tickle|spd|0\n|\n|upkeep\n|turn|15\n|\n|t:|1700451903\n|move|p1a: Mr. Tickle|Cosmic Power|p1a: Mr. Tickle\n|-boost|p1a: Mr. Tickle|def|0\n|-boost|p1a: Mr. Tickle|spd|0\n|move|p2a: Trolled or troll|Fly|p1a: Mr. Tickle|[from]lockedmove\n|-damage|p1a: Mr. Tickle|71\/100\n|\n|upkeep\n|turn|16\n|\n|t:|1700451906\n|move|p2a: Trolled or troll|Copycat|p2a: Trolled or troll\n|move|p2a: Trolled or troll|Fly||[from]move: Copycat|[still]\n|-prepare|p2a: Trolled or troll|Fly\n|move|p1a: Mr. Tickle|Cosmic Power|p1a: Mr. Tickle\n|-boost|p1a: Mr. Tickle|def|0\n|-boost|p1a: Mr. Tickle|spd|0\n|\n|upkeep\n|turn|17\n|\n|t:|1700451909\n|move|p1a: Mr. Tickle|Cosmic Power|p1a: Mr. Tickle\n|-boost|p1a: Mr. Tickle|def|0\n|-boost|p1a: Mr. Tickle|spd|0\n|move|p2a: Trolled or troll|Fly|p1a: Mr. Tickle|[from]lockedmove\n|-damage|p1a: Mr. Tickle|67\/100\n|\n|upkeep\n|turn|18\n|\n|t:|1700451912\n|move|p2a: Trolled or troll|Copycat|p2a: Trolled or troll\n|move|p2a: Trolled or troll|Fly||[from]move: Copycat|[still]\n|-prepare|p2a: Trolled or troll|Fly\n|move|p1a: Mr. Tickle|Cosmic Power|p1a: Mr. Tickle\n|-boost|p1a: Mr. Tickle|def|0\n|-boost|p1a: Mr. Tickle|spd|0\n|\n|upkeep\n|turn|19\n|\n|t:|1700451917\n|move|p1a: Mr. Tickle|Cosmic Power|p1a: Mr. Tickle\n|-boost|p1a: Mr. Tickle|def|0\n|-boost|p1a: Mr. Tickle|spd|0\n|move|p2a: Trolled or troll|Fly|p1a: Mr. Tickle|[from]lockedmove\n|-damage|p1a: Mr. Tickle|63\/100\n|\n|upkeep\n|turn|20\n|\n|t:|1700451922\n|move|p2a: Trolled or troll|Copycat|p2a: Trolled or troll\n|move|p2a: Trolled or troll|Fly||[from]move: Copycat|[still]\n|-prepare|p2a: Trolled or troll|Fly\n|move|p1a: Mr. Tickle|Cosmic Power|p1a: Mr. Tickle\n|-boost|p1a: Mr. Tickle|def|0\n|-boost|p1a: Mr. Tickle|spd|0\n|\n|upkeep\n|turn|21\n|\n|t:|1700451933\n|move|p1a: Mr. Tickle|Cosmic Power|p1a: Mr. Tickle\n|-boost|p1a: Mr. Tickle|def|0\n|-boost|p1a: Mr. Tickle|spd|0\n|move|p2a: Trolled or troll|Fly|p1a: Mr. Tickle|[from]lockedmove\n|-damage|p1a: Mr. Tickle|59\/100\n|\n|upkeep\n|turn|22\n|\n|t:|1700451935\n|move|p2a: Trolled or troll|Copycat|p2a: Trolled or troll\n|move|p2a: Trolled or troll|Fly||[from]move: Copycat|[still]\n|-prepare|p2a: Trolled or troll|Fly\n|move|p1a: Mr. Tickle|Cosmic Power|p1a: Mr. Tickle\n|-boost|p1a: Mr. Tickle|def|0\n|-boost|p1a: Mr. Tickle|spd|0\n|\n|upkeep\n|turn|23\n|\n|t:|1700451938\n|move|p1a: Mr. Tickle|Cosmic Power|p1a: Mr. Tickle\n|-boost|p1a: Mr. Tickle|def|0\n|-boost|p1a: Mr. Tickle|spd|0\n|move|p2a: Trolled or troll|Fly|p1a: Mr. Tickle|[from]lockedmove\n|-damage|p1a: Mr. Tickle|55\/100\n|\n|upkeep\n|turn|24\n|\n|t:|1700451942\n|move|p2a: Trolled or troll|Copycat|p2a: Trolled or troll\n|move|p2a: Trolled or troll|Fly||[from]move: Copycat|[still]\n|-prepare|p2a: Trolled or troll|Fly\n|move|p1a: Mr. Tickle|Cosmic Power|p1a: Mr. Tickle\n|-boost|p1a: Mr. Tickle|def|0\n|-boost|p1a: Mr. Tickle|spd|0\n|\n|upkeep\n|turn|25\n|\n|t:|1700451944\n|move|p1a: Mr. Tickle|Cosmic Power|p1a: Mr. Tickle\n|-boost|p1a: Mr. Tickle|def|0\n|-boost|p1a: Mr. Tickle|spd|0\n|move|p2a: Trolled or troll|Fly|p1a: Mr. Tickle|[from]lockedmove\n|-damage|p1a: Mr. Tickle|50\/100\n|\n|upkeep\n|turn|26\n|\n|t:|1700451950\n|move|p2a: Trolled or troll|Copycat|p2a: Trolled or troll\n|move|p2a: Trolled or troll|Fly||[from]move: Copycat|[still]\n|-prepare|p2a: Trolled or troll|Fly\n|move|p1a: Mr. Tickle|Rest|p1a: Mr. Tickle\n|-status|p1a: Mr. Tickle|slp|[from] move: Rest\n|-heal|p1a: Mr. Tickle|100\/100 slp|[silent]\n|\n|upkeep\n|turn|27\n|-message|blownmind00 forfeited.\n|\n|win|momfr\n|raw|momfr's rating: 1137 &rarr; <strong>1162<\/strong><br \/>(+25 for winning)\n|raw|blownmind00's rating: 1139 &rarr; <strong>1114<\/strong><br \/>(-25 for losing)\n|l|\u2606blownmind00\n","uploadtime":1700451965,"views":3,"p1id":"momfr","p2id":"blownmind00","formatid":"gen9nationaldexubers","rating":1114,"private":0,"password":""}