{"id":"gen9nationaldexubers-1994285739","p1":"Lilygeist","p2":"WillowOrchard","format":"[Gen 9] National Dex Ubers","log":"|j|\u2606Lilygeist\n|j|\u2606WillowOrchard\n|t:|1700427102\n|gametype|singles\n|player|p1|Lilygeist|caitlin|\n|player|p2|WillowOrchard|doubleteam|\n|teamsize|p1|6\n|teamsize|p2|6\n|gen|9\n|tier|[Gen 9] National Dex Ubers\n|rule|HP Percentage Mod: HP is shown in percentages\n|rule|Endless Battle Clause: Forcing endless battles is banned\n|rule|OHKO Clause: OHKO moves are banned\n|rule|Evasion Moves Clause: Evasion moves are banned\n|rule|Evasion Items Clause: Evasion items are banned\n|rule|Species Clause: Limit one of each Pok\u00e9mon\n|rule|Sleep Clause Mod: Limit one foe put to sleep\n|rule|Mega Rayquaza Clause: You cannot mega evolve Rayquaza\n|clearpoke\n|poke|p1|Ceruledge, M|\n|poke|p1|Arboliva, M|\n|poke|p1|Quaquaval, F|\n|poke|p1|Espathra, F|\n|poke|p1|Bisharp, F|\n|poke|p1|Tinkaton, F|\n|poke|p2|Typhlosion-Hisui, F|\n|poke|p2|Ursaluna, M|\n|poke|p2|Skarmory, F|\n|poke|p2|Azumarill, F|\n|poke|p2|Espeon, F|\n|poke|p2|Scizor, F|\n|teampreview\n|\n|t:|1700427130\n|start\n|switch|p1a: Tinkaton|Tinkaton, F|100\/100\n|switch|p2a: Ursaluna|Ursaluna, M|100\/100\n|-ability|p1a: Tinkaton|Mold Breaker\n|turn|1\n|\n|t:|1700427142\n|move|p2a: Ursaluna|Protect|p2a: Ursaluna\n|-singleturn|p2a: Ursaluna|Protect\n|move|p1a: Tinkaton|Fake Out|p2a: Ursaluna\n|-activate|p2a: Ursaluna|move: Protect\n|\n|-status|p2a: Ursaluna|brn|[from] item: Flame Orb\n|upkeep\n|turn|2\n|\n|t:|1700427157\n|switch|p1a: Quaquaval|Quaquaval, F|100\/100\n|move|p2a: Ursaluna|Trailblaze|p1a: Quaquaval\n|-supereffective|p1a: Quaquaval\n|-damage|p1a: Quaquaval|31\/100\n|-boost|p2a: Ursaluna|spe|1\n|\n|-damage|p2a: Ursaluna|94\/100 brn|[from] brn\n|upkeep\n|turn|3\n|\n|t:|1700427189\n|move|p1a: Quaquaval|Ice Spinner|p2a: Ursaluna\n|-supereffective|p2a: Ursaluna\n|-damage|p2a: Ursaluna|53\/100 brn\n|move|p2a: Ursaluna|Trailblaze|p1a: Quaquaval\n|-supereffective|p1a: Quaquaval\n|-damage|p1a: Quaquaval|0 fnt\n|-boost|p2a: Ursaluna|spe|1\n|faint|p1a: Quaquaval\n|\n|-damage|p2a: Ursaluna|46\/100 brn|[from] brn\n|upkeep\n|\n|t:|1700427235\n|switch|p1a: Espathra|Espathra, F|100\/100\n|turn|4\n|\n|t:|1700427262\n|-terastallize|p1a: Espathra|Flying\n|move|p2a: Ursaluna|Facade|p1a: Espathra\n|-damage|p1a: Espathra|0 fnt\n|faint|p1a: Espathra\n|\n|-damage|p2a: Ursaluna|40\/100 brn|[from] brn\n|upkeep\n|\n|t:|1700427275\n|switch|p1a: Ceruledge|Ceruledge, M|100\/100\n|turn|5\n|\n|t:|1700427286\n|move|p2a: Ursaluna|Headlong Rush|p1a: Ceruledge\n|-supereffective|p1a: Ceruledge\n|-damage|p1a: Ceruledge|0 fnt\n|-unboost|p2a: Ursaluna|def|1\n|-unboost|p2a: Ursaluna|spd|1\n|faint|p1a: Ceruledge\n|\n|-damage|p2a: Ursaluna|34\/100 brn|[from] brn\n|upkeep\n|\n|t:|1700427295\n|switch|p1a: Arboliva|Arboliva, M|100\/100\n|turn|6\n|\n|t:|1700427301\n|move|p2a: Ursaluna|Facade|p1a: Arboliva\n|-damage|p1a: Arboliva|0 fnt\n|-fieldstart|move: Grassy Terrain|[from] ability: Seed Sower|[of] p1a: Arboliva\n|faint|p1a: Arboliva\n|\n|-heal|p2a: Ursaluna|40\/100 brn|[from] Grassy Terrain\n|-damage|p2a: Ursaluna|34\/100 brn|[from] brn\n|upkeep\n|\n|t:|1700427310\n|switch|p1a: Bisharp|Bisharp, F|100\/100\n|turn|7\n|\n|t:|1700427322\n|move|p2a: Ursaluna|Facade|p1a: Bisharp\n|-resisted|p1a: Bisharp\n|-damage|p1a: Bisharp|61\/100\n|move|p1a: Bisharp|Knock Off|p2a: Ursaluna\n|-damage|p2a: Ursaluna|0 fnt\n|-enditem|p2a: Ursaluna|Flame Orb|[from] move: Knock Off|[of] p1a: Bisharp\n|faint|p2a: Ursaluna\n|\n|-heal|p1a: Bisharp|67\/100|[from] Grassy Terrain\n|upkeep\n|\n|t:|1700427327\n|switch|p2a: Skarmory|Skarmory, F|100\/100\n|turn|8\n|\n|t:|1700427343\n|move|p2a: Skarmory|Swords Dance|p2a: Skarmory\n|-boost|p2a: Skarmory|atk|2\n|move|p1a: Bisharp|Power-Up Punch|p2a: Skarmory\n|-damage|p2a: Skarmory|87\/100\n|-boost|p1a: Bisharp|atk|1\n|-ability|p2a: Skarmory|Weak Armor|boost\n|-unboost|p2a: Skarmory|def|1\n|-boost|p2a: Skarmory|spe|2\n|\n|-heal|p1a: Bisharp|74\/100|[from] Grassy Terrain\n|upkeep\n|turn|9\n|\n|t:|1700427360\n|switch|p2a: Azumarill|Azumarill, F|100\/100\n|move|p1a: Bisharp|Stone Edge|p2a: Azumarill\n|-damage|p2a: Azumarill|52\/100\n|\n|-heal|p1a: Bisharp|80\/100|[from] Grassy Terrain\n|-heal|p2a: Azumarill|58\/100|[from] Grassy Terrain\n|upkeep\n|turn|10\n|\n|t:|1700427389\n|-terastallize|p2a: Azumarill|Water\n|move|p1a: Bisharp|Iron Head|p2a: Azumarill\n|-resisted|p2a: Azumarill\n|-damage|p2a: Azumarill|28\/100\n|-enditem|p2a: Azumarill|Sitrus Berry|[eat]\n|-heal|p2a: Azumarill|53\/100|[from] item: Sitrus Berry\n|move|p2a: Azumarill|Waterfall|p1a: Bisharp\n|-crit|p1a: Bisharp\n|-damage|p1a: Bisharp|23\/100\n|\n|-heal|p1a: Bisharp|29\/100|[from] Grassy Terrain\n|-heal|p2a: Azumarill|60\/100|[from] Grassy Terrain\n|upkeep\n|turn|11\n|\n|t:|1700427402\n|move|p2a: Azumarill|Aqua Jet|p1a: Bisharp\n|-damage|p1a: Bisharp|10\/100\n|move|p1a: Bisharp|Knock Off|p2a: Azumarill\n|-damage|p2a: Azumarill|7\/100\n|\n|-heal|p1a: Bisharp|16\/100|[from] Grassy Terrain\n|-heal|p2a: Azumarill|14\/100|[from] Grassy Terrain\n|upkeep\n|turn|12\n|\n|t:|1700427416\n|move|p2a: Azumarill|Aqua Jet|p1a: Bisharp\n|-damage|p1a: Bisharp|0 fnt\n|faint|p1a: Bisharp\n|\n|-heal|p2a: Azumarill|20\/100|[from] Grassy Terrain\n|upkeep\n|\n|t:|1700427423\n|switch|p1a: Tinkaton|Tinkaton, F|100\/100\n|-ability|p1a: Tinkaton|Mold Breaker\n|turn|13\n|\n|t:|1700427429\n|move|p1a: Tinkaton|Fake Out|p2a: Azumarill\n|-damage|p2a: Azumarill|8\/100\n|cant|p2a: Azumarill|flinch\n|\n|-heal|p2a: Azumarill|14\/100|[from] Grassy Terrain\n|-fieldend|move: Grassy Terrain\n|upkeep\n|turn|14\n|\n|t:|1700427446\n|move|p1a: Tinkaton|Fake Out||[still]\n|-hint|Fake Out only works on your first turn out.\n|-fail|p1a: Tinkaton\n|move|p2a: Azumarill|Aqua Jet|p1a: Tinkaton\n|-damage|p1a: Tinkaton|65\/100\n|\n|upkeep\n|turn|15\n|-message|Lilygeist forfeited.\n|\n|win|WillowOrchard\n|l|\u2606Lilygeist\n","uploadtime":1700427477,"views":4,"p1id":"lilygeist","p2id":"willoworchard","formatid":"gen9nationaldexubers","rating":0,"private":0,"password":""}