{"id":"gen9nationaldexubers-1989196439","p1":"tbor2002","p2":"BriefStar","format":"[Gen 9] National Dex Ubers","log":"|j|\u2606tbor2002\n|j|\u2606BriefStar\n|t:|1699822321\n|gametype|singles\n|player|p1|tbor2002|wattson|\n|player|p2|BriefStar|benga|\n|teamsize|p1|6\n|teamsize|p2|6\n|gen|9\n|tier|[Gen 9] National Dex Ubers\n|rule|HP Percentage Mod: HP is shown in percentages\n|rule|Endless Battle Clause: Forcing endless battles is banned\n|rule|OHKO Clause: OHKO moves are banned\n|rule|Evasion Moves Clause: Evasion moves are banned\n|rule|Evasion Items Clause: Evasion items are banned\n|rule|Species Clause: Limit one of each Pok\u00e9mon\n|rule|Sleep Clause Mod: Limit one foe put to sleep\n|rule|Mega Rayquaza Clause: You cannot mega evolve Rayquaza\n|clearpoke\n|poke|p1|Walking Wake|\n|poke|p1|Muk-Alola, M|\n|poke|p1|Jolteon, M|\n|poke|p1|Toxicroak, F|\n|poke|p1|Crabominable, F|\n|poke|p1|Glimmet, M|\n|poke|p2|Torkoal, F|\n|poke|p2|Tinkaton, F|\n|poke|p2|Bellibolt, F|\n|poke|p2|Mismagius, M|\n|poke|p2|Charizard, F|\n|poke|p2|Fraxure, F|\n|teampreview\n|\n|t:|1699822333\n|start\n|switch|p1a: Glimmet|Glimmet, M|100\/100\n|switch|p2a: Megaton|Tinkaton, F|100\/100\n|-ability|p2a: Megaton|Mold Breaker\n|turn|1\n|j| Jam20Jam\n|\n|t:|1699822342\n|move|p1a: Glimmet|Sunny Day|p1a: Glimmet\n|-weather|SunnyDay\n|move|p2a: Megaton|Gigaton Hammer|p1a: Glimmet\n|-supereffective|p1a: Glimmet\n|-enditem|p1a: Glimmet|Focus Sash\n|-damage|p1a: Glimmet|1\/100\n|-activate|p1a: Glimmet|ability: Toxic Debris\n|-sidestart|p2: BriefStar|move: Toxic Spikes\n|\n|-weather|SunnyDay|[upkeep]\n|upkeep\n|turn|2\n|\n|t:|1699822352\n|move|p1a: Glimmet|Stealth Rock|p2a: Megaton\n|-sidestart|p2: BriefStar|move: Stealth Rock\n|move|p2a: Megaton|Play Rough|p1a: Glimmet\n|-resisted|p1a: Glimmet\n|-damage|p1a: Glimmet|0 fnt\n|-activate|p1a: Glimmet|ability: Toxic Debris\n|-sidestart|p2: BriefStar|move: Toxic Spikes\n|faint|p1a: Glimmet\n|\n|-weather|SunnyDay|[upkeep]\n|upkeep\n|\n|t:|1699822363\n|switch|p1a: Walking Wake|Walking Wake|100\/100\n|-activate|p1a: Walking Wake|ability: Protosynthesis\n|-start|p1a: Walking Wake|protosynthesisspa\n|turn|3\n|\n|t:|1699822373\n|switch|p2a: Get in MY BELLY|Bellibolt, F|100\/100\n|-terastallize|p1a: Walking Wake|Water\n|move|p1a: Walking Wake|Hydro Steam|p2a: Get in MY BELLY\n|-damage|p2a: Get in MY BELLY|0 fnt\n|faint|p2a: Get in MY BELLY\n|\n|-weather|SunnyDay|[upkeep]\n|upkeep\n|\n|t:|1699822404\n|switch|p2a: Hey There|Fraxure, F|100\/100\n|-status|p2a: Hey There|tox\n|-damage|p2a: Hey There|88\/100 tox|[from] Stealth Rock\n|-ability|p2a: Hey There|Mold Breaker\n|turn|4\n|\n|t:|1699822411\n|move|p1a: Walking Wake|Hydro Steam|p2a: Hey There\n|-resisted|p2a: Hey There\n|-damage|p2a: Hey There|0 fnt\n|faint|p2a: Hey There\n|\n|-weather|SunnyDay|[upkeep]\n|upkeep\n|\n|t:|1699822425\n|switch|p2a: Donny|Torkoal, F|100\/100\n|-status|p2a: Donny|tox\n|-damage|p2a: Donny|76\/100 tox|[from] Stealth Rock\n|turn|5\n|\n|t:|1699822434\n|move|p1a: Walking Wake|Hydro Steam|p2a: Donny\n|-supereffective|p2a: Donny\n|-damage|p2a: Donny|0 fnt\n|faint|p2a: Donny\n|\n|-weather|none\n|-end|p1a: Walking Wake|Protosynthesis\n|upkeep\n|\n|t:|1699822440\n|switch|p2a: Megaton|Tinkaton, F|100\/100\n|-damage|p2a: Megaton|94\/100|[from] Stealth Rock\n|-ability|p2a: Megaton|Mold Breaker\n|turn|6\n|\n|t:|1699822471\n|-end|p1a: Walking Wake|Protosynthesis|[silent]\n|switch|p1a: Toxicroak|Toxicroak, F|100\/100\n|move|p2a: Megaton|Play Rough|p1a: Toxicroak\n|-damage|p1a: Toxicroak|47\/100\n|\n|upkeep\n|turn|7\n|\n|t:|1699822482\n|switch|p2a: Magic|Mismagius, M|100\/100\n|-damage|p2a: Magic|88\/100|[from] Stealth Rock\n|move|p1a: Toxicroak|Drain Punch|p2a: Magic\n|-immune|p2a: Magic\n|\n|upkeep\n|turn|8\n|\n|t:|1699822500\n|move|p1a: Toxicroak|Sucker Punch|p2a: Magic\n|-supereffective|p2a: Magic\n|-damage|p2a: Magic|0 fnt\n|faint|p2a: Magic\n|-damage|p1a: Toxicroak|38\/100|[from] item: Life Orb\n|\n|upkeep\n|\n|t:|1699822510\n|switch|p2a: Charizard|Charizard, F, shiny|100\/100\n|-damage|p2a: Charizard|51\/100|[from] Stealth Rock\n|turn|9\n|\n|t:|1699822519\n|move|p2a: Charizard|Flamethrower|p1a: Toxicroak\n|-damage|p1a: Toxicroak|0 fnt\n|faint|p1a: Toxicroak\n|\n|upkeep\n|\n|t:|1699822528\n|switch|p1a: Walking Wake|Walking Wake, tera:Water|100\/100\n|turn|10\n|\n|t:|1699822535\n|switch|p2a: Megaton|Tinkaton, F|94\/100\n|-damage|p2a: Megaton|88\/100|[from] Stealth Rock\n|-ability|p2a: Megaton|Mold Breaker\n|move|p1a: Walking Wake|Hydro Steam|p2a: Megaton\n|-damage|p2a: Megaton|47\/100\n|\n|upkeep\n|turn|11\n|\n|t:|1699822549\n|move|p1a: Walking Wake|Hydro Steam|p2a: Megaton\n|-damage|p2a: Megaton|2\/100\n|move|p2a: Megaton|Play Rough|p1a: Walking Wake\n|-damage|p1a: Walking Wake|63\/100\n|\n|upkeep\n|turn|12\n|\n|t:|1699822556\n|move|p1a: Walking Wake|Hydro Steam|p2a: Megaton\n|-damage|p2a: Megaton|0 fnt\n|faint|p2a: Megaton\n|\n|upkeep\n|\n|t:|1699822562\n|switch|p2a: Charizard|Charizard, F, shiny|51\/100\n|-damage|p2a: Charizard|1\/100|[from] Stealth Rock\n|turn|13\n|\n|t:|1699822571\n|-terastallize|p2a: Charizard|Steel\n|move|p1a: Walking Wake|Hydro Steam|p2a: Charizard\n|-damage|p2a: Charizard|0 fnt\n|faint|p2a: Charizard\n|\n|win|tbor2002\n","uploadtime":1699822587,"views":4,"p1id":"tbor2002","p2id":"briefstar","formatid":"gen9nationaldexubers","rating":0,"private":0,"password":""}