{"id":"gen9nationaldexubers-1988556072","p1":"Zake202012","p2":"Stmoon95","format":"[Gen 9] National Dex Ubers","log":"|j|\u2606Zake202012\n|j|\u2606Stmoon95\n|t:|1699735703\n|gametype|singles\n|player|p1|Zake202012|n|1264\n|player|p2|Stmoon95|170|1162\n|teamsize|p1|6\n|teamsize|p2|6\n|gen|9\n|tier|[Gen 9] National Dex Ubers\n|rated|\n|rule|HP Percentage Mod: HP is shown in percentages\n|rule|Endless Battle Clause: Forcing endless battles is banned\n|rule|OHKO Clause: OHKO moves are banned\n|rule|Evasion Moves Clause: Evasion moves are banned\n|rule|Evasion Items Clause: Evasion items are banned\n|rule|Species Clause: Limit one of each Pok\u00e9mon\n|rule|Sleep Clause Mod: Limit one foe put to sleep\n|rule|Mega Rayquaza Clause: You cannot mega evolve Rayquaza\n|clearpoke\n|poke|p1|Iron Hands|\n|poke|p1|Okidogi, M|\n|poke|p1|Linoone, F|\n|poke|p1|Ninetales-Alola, M|\n|poke|p1|Aggron, F|\n|poke|p1|Aegislash, M|\n|poke|p2|Ninetales, M|\n|poke|p2|Basculegion, M|\n|poke|p2|Braviary-Hisui, M|\n|poke|p2|Cursola, M|\n|poke|p2|Abomasnow, M|\n|poke|p2|Whimsicott, F|\n|teampreview\n|\n|t:|1699735728\n|start\n|switch|p1a: Ninetales|Ninetales-Alola, M|100\/100\n|switch|p2a: Braviary|Braviary-Hisui, M|100\/100\n|-weather|Snow|[from] ability: Snow Warning|[of] p1a: Ninetales\n|turn|1\n|inactive|Battle timer is ON: inactive players will automatically lose when time's up. (requested by Zake202012)\n|\n|t:|1699735744\n|move|p2a: Braviary|Heat Wave|p1a: Ninetales\n|-supereffective|p1a: Ninetales\n|-damage|p1a: Ninetales|22\/100\n|move|p1a: Ninetales|Aurora Veil|p1a: Ninetales\n|-sidestart|p1: Zake202012|move: Aurora Veil\n|\n|-weather|Snow|[upkeep]\n|upkeep\n|turn|2\n|\n|t:|1699735756\n|move|p2a: Braviary|Heat Wave|p1a: Ninetales\n|-supereffective|p1a: Ninetales\n|-crit|p1a: Ninetales\n|-damage|p1a: Ninetales|0 fnt\n|faint|p1a: Ninetales\n|\n|-weather|Snow|[upkeep]\n|upkeep\n|\n|t:|1699735763\n|switch|p1a: Linoone|Linoone, F|100\/100\n|turn|3\n|\n|t:|1699735770\n|switch|p2a: Cursola|Cursola, M|100\/100\n|move|p1a: Linoone|Belly Drum|p1a: Linoone\n|-damage|p1a: Linoone|51\/100\n|-setboost|p1a: Linoone|atk|6|[from] move: Belly Drum\n|\n|-weather|Snow|[upkeep]\n|upkeep\n|turn|4\n|\n|t:|1699735775\n|move|p1a: Linoone|Shadow Claw|p2a: Cursola\n|-supereffective|p2a: Cursola\n|-crit|p2a: Cursola\n|-damage|p2a: Cursola|0 fnt\n|-ability|p2a: Cursola|Perish Body\n|faint|p2a: Cursola\n|\n|-weather|Snow|[upkeep]\n|-start|p1a: Linoone|perish3\n|upkeep\n|\n|t:|1699735780\n|switch|p2a: Whimsicott|Whimsicott, F|100\/100\n|turn|5\n|\n|t:|1699735783\n|move|p2a: Whimsicott|Protect|p2a: Whimsicott\n|-singleturn|p2a: Whimsicott|Protect\n|move|p1a: Linoone|Extreme Speed|p2a: Whimsicott\n|-activate|p2a: Whimsicott|move: Protect\n|\n|-weather|none\n|-start|p1a: Linoone|perish2\n|upkeep\n|turn|6\n|\n|t:|1699735791\n|switch|p2a: Basculegion|Basculegion, M|100\/100\n|move|p1a: Linoone|Shadow Claw|p2a: Basculegion\n|-supereffective|p2a: Basculegion\n|-damage|p2a: Basculegion|0 fnt\n|faint|p2a: Basculegion\n|\n|-start|p1a: Linoone|perish1\n|upkeep\n|\n|t:|1699735802\n|switch|p2a: Whimsicott|Whimsicott, F|100\/100\n|turn|7\n|\n|t:|1699735806\n|switch|p1a: Iron Hands|Iron Hands|100\/100\n|move|p2a: Whimsicott|Protect||[still]\n|-fail|p2a: Whimsicott\n|\n|upkeep\n|turn|8\n|\n|t:|1699735812\n|move|p2a: Whimsicott|Taunt|p1a: Iron Hands\n|-start|p1a: Iron Hands|move: Taunt\n|cant|p1a: Iron Hands|move: Taunt|Belly Drum\n|\n|-sideend|p1: Zake202012|move: Aurora Veil\n|upkeep\n|turn|9\n|\n|t:|1699735822\n|-end|p1a: Iron Hands|Quark Drive|[silent]\n|switch|p1a: Okidogi|Okidogi, M|100\/100\n|move|p2a: Whimsicott|Leech Seed|p1a: Okidogi\n|-start|p1a: Okidogi|move: Leech Seed\n|\n|-damage|p1a: Okidogi|88\/100|[from] Leech Seed|[of] p2a: Whimsicott\n|upkeep\n|turn|10\n|\n|t:|1699735832\n|move|p2a: Whimsicott|Memento|p1a: Okidogi\n|-unboost|p1a: Okidogi|atk|2\n|-unboost|p1a: Okidogi|spa|2\n|faint|p2a: Whimsicott\n|move|p1a: Okidogi|Poison Jab|p2: Whimsicott|[notarget]\n|-fail|p1a: Okidogi\n|\n|-heal|p1a: Okidogi|94\/100|[from] item: Leftovers\n|upkeep\n|\n|t:|1699735836\n|switch|p2a: Ninetales|Ninetales, M|100\/100\n|-weather|SunnyDay|[from] ability: Drought|[of] p2a: Ninetales\n|turn|11\n|\n|t:|1699735844\n|switch|p1a: Aggron|Aggron, F|100\/100\n|move|p2a: Ninetales|Extrasensory|p1a: Aggron\n|-resisted|p1a: Aggron\n|-damage|p1a: Aggron|82\/100\n|\n|-weather|SunnyDay|[upkeep]\n|upkeep\n|turn|12\n|\n|t:|1699735853\n|move|p2a: Ninetales|Overheat|p1a: Aggron\n|-damage|p1a: Aggron|0 fnt\n|-unboost|p2a: Ninetales|spa|2\n|faint|p1a: Aggron\n|\n|-weather|SunnyDay|[upkeep]\n|upkeep\n|\n|t:|1699735860\n|switch|p1a: Iron Hands|Iron Hands|100\/100\n|turn|13\n|\n|t:|1699735864\n|move|p2a: Ninetales|Nasty Plot|p2a: Ninetales\n|-boost|p2a: Ninetales|spa|2\n|move|p1a: Iron Hands|Drain Punch|p2a: Ninetales\n|-damage|p2a: Ninetales|34\/100\n|\n|-weather|SunnyDay|[upkeep]\n|upkeep\n|turn|14\n|\n|t:|1699735870\n|move|p2a: Ninetales|Overheat|p1a: Iron Hands\n|-damage|p1a: Iron Hands|20\/100\n|-unboost|p2a: Ninetales|spa|2\n|-enditem|p1a: Iron Hands|Sitrus Berry|[eat]\n|-heal|p1a: Iron Hands|45\/100|[from] item: Sitrus Berry\n|move|p1a: Iron Hands|Drain Punch|p2a: Ninetales\n|-damage|p2a: Ninetales|0 fnt\n|-heal|p1a: Iron Hands|56\/100|[from] drain|[of] p2a: Ninetales\n|faint|p2a: Ninetales\n|\n|-weather|SunnyDay|[upkeep]\n|upkeep\n|\n|t:|1699735875\n|switch|p2a: Braviary|Braviary-Hisui, M|100\/100\n|turn|15\n|\n|t:|1699735882\n|move|p2a: Braviary|Heat Wave|p1a: Iron Hands\n|-damage|p1a: Iron Hands|0 fnt\n|faint|p1a: Iron Hands\n|-end|p1a: Iron Hands|Quark Drive|[silent]\n|\n|-weather|none\n|upkeep\n|\n|t:|1699735888\n|switch|p1a: Aegislash|Aegislash, M|100\/100\n|turn|16\n|\n|t:|1699735894\n|switch|p2a: Abomasnow|Abomasnow, M|100\/100\n|-weather|Snow|[from] ability: Snow Warning|[of] p2a: Abomasnow\n|move|p1a: Aegislash|Swords Dance|p1a: Aegislash\n|-boost|p1a: Aegislash|atk|2\n|\n|-weather|Snow|[upkeep]\n|upkeep\n|turn|17\n|\n|t:|1699735900\n|detailschange|p2a: Abomasnow|Abomasnow-Mega, M\n|-mega|p2a: Abomasnow|Abomasnow|Abomasite\n|-formechange|p1a: Aegislash|Aegislash-Blade||[from] ability: Stance Change\n|move|p1a: Aegislash|Iron Head|p2a: Abomasnow\n|-supereffective|p2a: Abomasnow\n|-damage|p2a: Abomasnow|0 fnt\n|faint|p2a: Abomasnow\n|\n|-weather|Snow|[upkeep]\n|upkeep\n|\n|t:|1699735903\n|switch|p2a: Braviary|Braviary-Hisui, M|100\/100\n|turn|18\n|\n|t:|1699735912\n|-terastallize|p2a: Braviary|Psychic\n|move|p1a: Aegislash|Shadow Sneak|p2a: Braviary\n|-supereffective|p2a: Braviary\n|-damage|p2a: Braviary|0 fnt\n|faint|p2a: Braviary\n|\n|win|Zake202012\n|raw|Zake202012's rating: 1264 &rarr; <strong>1282<\/strong><br \/>(+18 for winning)\n|raw|Stmoon95's rating: 1162 &rarr; <strong>1144<\/strong><br \/>(-18 for losing)\n|l|\u2606Stmoon95\n","uploadtime":1699735922,"views":5,"p1id":"zake202012","p2id":"stmoon95","formatid":"gen9nationaldexubers","rating":1144,"private":0,"password":""}