{"id":"gen9nationaldexubers-1993048335","p1":"loch2009","p2":"greepthought","format":"[Gen 9] National Dex Ubers","log":"|j|\u2606loch2009\n|j|\u2606greepthought\n|t:|1700259042\n|gametype|singles\n|player|p1|loch2009|lance|1154\n|player|p2|greepthought|veteran|1077\n|teamsize|p1|6\n|teamsize|p2|6\n|gen|9\n|tier|[Gen 9] National Dex Ubers\n|rated|\n|rule|HP Percentage Mod: HP is shown in percentages\n|rule|Endless Battle Clause: Forcing endless battles is banned\n|rule|OHKO Clause: OHKO moves are banned\n|rule|Evasion Moves Clause: Evasion moves are banned\n|rule|Evasion Items Clause: Evasion items are banned\n|rule|Species Clause: Limit one of each Pok\u00e9mon\n|rule|Sleep Clause Mod: Limit one foe put to sleep\n|rule|Mega Rayquaza Clause: You cannot mega evolve Rayquaza\n|clearpoke\n|poke|p1|Kyurem-Black|\n|poke|p1|Salamence, F|\n|poke|p1|Eternatus|\n|poke|p1|Palkia-Origin|\n|poke|p1|Zygarde|\n|poke|p1|Roaring Moon|\n|poke|p2|Groudon|\n|poke|p2|Garchomp, M|\n|poke|p2|Kangaskhan, F|\n|poke|p2|Gliscor, F|\n|poke|p2|Mamoswine, M|\n|poke|p2|Tyranitar, M|\n|teampreview\n|inactive|Battle timer is ON: inactive players will automatically lose when time's up. (requested by greepthought)\n|c|\u2606loch2009|\"I've been waiting for you. greepthought! I knew that you, with your skills, would eventually reach me here. There's no need for words now. We will battle to determine who is the stronger of the two of us. As the most powerful trainer and as the Pok\u00e9mon League Champion\u2026 I, Lance the dragon master, accept your challenge!\n|inactive|loch2009 has 120 seconds left.\n|\n|t:|1700259080\n|start\n|switch|p1a: Palkia|Palkia-Origin|100\/100\n|switch|p2a: Gliscor|Gliscor, F|100\/100\n|-ability|p1a: Palkia|Pressure\n|turn|1\n|c|\u2606greepthought|the fuck\n|\n|t:|1700259089\n|move|p1a: Palkia|Surf|p2a: Gliscor\n|-supereffective|p2a: Gliscor\n|-damage|p2a: Gliscor|0 fnt\n|faint|p2a: Gliscor\n|\n|upkeep\n|c|\u2606loch2009|what?\n|\n|t:|1700259101\n|switch|p2a: Mamoswine|Mamoswine, M, shiny|100\/100\n|turn|2\n|c|\u2606loch2009|ubers is so toxic compared to nat dex ou\n|\n|t:|1700259111\n|move|p1a: Palkia|Surf|p2a: Mamoswine\n|-supereffective|p2a: Mamoswine\n|-damage|p2a: Mamoswine|16\/100\n|move|p2a: Mamoswine|Rock Blast|p1a: Palkia\n|-damage|p1a: Palkia|93\/100\n|-damage|p1a: Palkia|84\/100\n|-damage|p1a: Palkia|77\/100\n|-hitcount|p1a: Palkia|3\n|\n|upkeep\n|turn|3\n|\n|t:|1700259122\n|move|p1a: Palkia|Surf|p2a: Mamoswine\n|-supereffective|p2a: Mamoswine\n|-damage|p2a: Mamoswine|0 fnt\n|faint|p2a: Mamoswine\n|\n|upkeep\n|\n|t:|1700259131\n|switch|p2a: Kangaskhan|Kangaskhan, F|100\/100\n|turn|4\n|\n|t:|1700259138\n|move|p1a: Palkia|Aura Sphere|p2a: Kangaskhan\n|-supereffective|p2a: Kangaskhan\n|-damage|p2a: Kangaskhan|56\/100\n|move|p2a: Kangaskhan|Earthquake|p1a: Palkia\n|-damage|p1a: Palkia|48\/100\n|\n|upkeep\n|turn|5\n|\n|t:|1700259144\n|move|p1a: Palkia|Aura Sphere|p2a: Kangaskhan\n|-supereffective|p2a: Kangaskhan\n|-damage|p2a: Kangaskhan|15\/100\n|move|p2a: Kangaskhan|Drain Punch|p1a: Palkia\n|-damage|p1a: Palkia|24\/100\n|-heal|p2a: Kangaskhan|25\/100|[from] drain|[of] p1a: Palkia\n|\n|upkeep\n|turn|6\n|\n|t:|1700259152\n|move|p1a: Palkia|Aura Sphere|p2a: Kangaskhan\n|-supereffective|p2a: Kangaskhan\n|-damage|p2a: Kangaskhan|0 fnt\n|faint|p2a: Kangaskhan\n|\n|upkeep\n|c|\u2606loch2009|not mega?\n|\n|t:|1700259156\n|switch|p2a: Tyranitar|Tyranitar, M, shiny|100\/100\n|-weather|Sandstorm|[from] ability: Sand Stream|[of] p2a: Tyranitar\n|turn|7\n|\n|t:|1700259162\n|move|p1a: Palkia|Aura Sphere|p2a: Tyranitar\n|-supereffective|p2a: Tyranitar\n|-damage|p2a: Tyranitar|15\/100\n|move|p2a: Tyranitar|Dragon Dance|p2a: Tyranitar\n|-boost|p2a: Tyranitar|atk|1\n|-boost|p2a: Tyranitar|spe|1\n|\n|-weather|Sandstorm|[upkeep]\n|-damage|p1a: Palkia|17\/100|[from] Sandstorm\n|upkeep\n|turn|8\n|\n|t:|1700259171\n|move|p1a: Palkia|Surf|p2a: Tyranitar\n|-supereffective|p2a: Tyranitar\n|-crit|p2a: Tyranitar\n|-damage|p2a: Tyranitar|0 fnt\n|faint|p2a: Tyranitar\n|\n|-weather|Sandstorm|[upkeep]\n|-damage|p1a: Palkia|11\/100|[from] Sandstorm\n|upkeep\n|c|\u2606loch2009|not weakness pol\n|c|\u2606loch2009|on d dance\n|\n|t:|1700259179\n|switch|p2a: Garchomp|Garchomp, M, shiny|100\/100\n|turn|9\n|\n|t:|1700259193\n|detailschange|p2a: Garchomp|Garchomp-Mega, M, shiny\n|-mega|p2a: Garchomp|Garchomp|Garchompite\n|move|p1a: Palkia|Spacial Rend|p2a: Garchomp\n|-supereffective|p2a: Garchomp\n|-damage|p2a: Garchomp|0 fnt\n|faint|p2a: Garchomp\n|\n|-weather|Sandstorm|[upkeep]\n|-damage|p1a: Palkia|5\/100|[from] Sandstorm\n|upkeep\n|c|\u2606greepthought|fuck\n|\n|t:|1700259201\n|switch|p2a: Groudon|Groudon, shiny|100\/100\n|detailschange|p2a: Groudon|Groudon-Primal, shiny\n|-primal|p2a: Groudon|Red Orb\n|-weather|DesolateLand|[from] ability: Desolate Land|[of] p2a: Groudon\n|turn|10\n|c|\u2606greepthought|my team aint good\n|\n|t:|1700259215\n|move|p1a: Palkia|Spacial Rend|p2a: Groudon\n|-damage|p2a: Groudon|23\/100\n|move|p2a: Groudon|Dragon Claw|p1a: Palkia\n|-supereffective|p1a: Palkia\n|-damage|p1a: Palkia|0 fnt\n|faint|p1a: Palkia\n|\n|-weather|DesolateLand|[upkeep]\n|upkeep\n|c|\u2606loch2009|its kinda palkia weak\n|\n|t:|1700259221\n|switch|p1a: Roaring Moon|Roaring Moon|100\/100\n|-enditem|p1a: Roaring Moon|Booster Energy\n|-activate|p1a: Roaring Moon|ability: Protosynthesis|[fromitem]\n|-start|p1a: Roaring Moon|protosynthesisspe\n|turn|11\n|\n|t:|1700259226\n|move|p1a: Roaring Moon|Earthquake|p2a: Groudon\n|-supereffective|p2a: Groudon\n|-damage|p2a: Groudon|0 fnt\n|faint|p2a: Groudon\n|-weather|none\n|\n|win|loch2009\n|raw|loch2009's rating: 1154 &rarr; <strong>1174<\/strong><br \/>(+20 for winning)\n|raw|greepthought's rating: 1077 &rarr; <strong>1060<\/strong><br \/>(-17 for losing)\n|l|\u2606greepthought\n|c|\u2606loch2009|gg\n","uploadtime":1700259234,"views":24,"p1id":"loch2009","p2id":"greepthought","formatid":"gen9nationaldexubers","rating":1060,"private":0,"password":""}