{"id":"gen9nationaldexubers-1987533471","p1":"yipiee","p2":"mokshagnaathenub","format":"[Gen 9] National Dex Ubers","log":"|j|\u2606yipiee\n|j|\u2606mokshagnaathenub\n|t:|1699607930\n|gametype|singles\n|player|p1|yipiee|101|1343\n|player|p2|mokshagnaathenub|1|1408\n|teamsize|p1|6\n|teamsize|p2|6\n|gen|9\n|tier|[Gen 9] National Dex Ubers\n|rated|\n|rule|HP Percentage Mod: HP is shown in percentages\n|rule|Endless Battle Clause: Forcing endless battles is banned\n|rule|OHKO Clause: OHKO moves are banned\n|rule|Evasion Moves Clause: Evasion moves are banned\n|rule|Evasion Items Clause: Evasion items are banned\n|rule|Species Clause: Limit one of each Pok\u00e9mon\n|rule|Sleep Clause Mod: Limit one foe put to sleep\n|rule|Mega Rayquaza Clause: You cannot mega evolve Rayquaza\n|clearpoke\n|poke|p1|Shuckle, M|\n|poke|p1|Dracovish|\n|poke|p1|Gholdengo|\n|poke|p1|Kyogre|\n|poke|p1|Arceus-Ground|\n|poke|p1|Rayquaza|\n|poke|p2|Xerneas-*|\n|poke|p2|Jirachi|\n|poke|p2|Yveltal|\n|poke|p2|Zygarde|\n|poke|p2|Chansey, F|\n|poke|p2|Scizor, F|\n|teampreview\n|\n|t:|1699607938\n|start\n|switch|p1a: Shuckle|Shuckle, M, shiny|100\/100\n|switch|p2a: Jirachi|Jirachi|100\/100\n|turn|1\n|\n|t:|1699607950\n|move|p2a: Jirachi|Iron Head|p1a: Shuckle\n|-supereffective|p1a: Shuckle\n|-damage|p1a: Shuckle|64\/100\n|move|p1a: Shuckle|Sticky Web|p2a: Jirachi\n|-sidestart|p2: mokshagnaathenub|move: Sticky Web\n|\n|upkeep\n|turn|2\n|\n|t:|1699607962\n|switch|p1a: Dracovish|Dracovish, shiny|100\/100\n|move|p2a: Jirachi|Iron Head|p1a: Dracovish\n|-resisted|p1a: Dracovish\n|-damage|p1a: Dracovish|83\/100\n|\n|upkeep\n|turn|3\n|\n|t:|1699607968\n|move|p2a: Jirachi|Iron Head|p1a: Dracovish\n|-resisted|p1a: Dracovish\n|-damage|p1a: Dracovish|65\/100\n|cant|p1a: Dracovish|flinch\n|\n|upkeep\n|turn|4\n|\n|t:|1699607989\n|switch|p1a: Gholdengo|Gholdengo|100\/100\n|-item|p1a: Gholdengo|Air Balloon\n|move|p2a: Jirachi|Iron Head|p1a: Gholdengo\n|-resisted|p1a: Gholdengo\n|-damage|p1a: Gholdengo|89\/100\n|-enditem|p1a: Gholdengo|Air Balloon\n|\n|upkeep\n|turn|5\n|\n|t:|1699608004\n|switch|p2a: Yveltal|Yveltal|100\/100\n|-ability|p2a: Yveltal|Dark Aura\n|move|p1a: Gholdengo|Thunder Wave|p2a: Yveltal\n|-status|p2a: Yveltal|par\n|\n|upkeep\n|turn|6\n|\n|t:|1699608015\n|switch|p1a: Shuckle|Shuckle, M, shiny|64\/100\n|cant|p2a: Yveltal|par\n|\n|upkeep\n|turn|7\n|\n|t:|1699608019\n|move|p2a: Yveltal|Toxic|p1a: Shuckle\n|-status|p1a: Shuckle|tox\n|move|p1a: Shuckle|Stealth Rock|p2a: Yveltal\n|-sidestart|p2: mokshagnaathenub|move: Stealth Rock\n|\n|-damage|p1a: Shuckle|57\/100 tox|[from] psn\n|upkeep\n|turn|8\n|\n|t:|1699608023\n|move|p2a: Yveltal|Defog|p1a: Shuckle\n|-unboost|p1a: Shuckle|evasion|1\n|-sideend|p2: mokshagnaathenub|Stealth Rock|[from] move: Defog|[of] p2a: Yveltal\n|-sideend|p2: mokshagnaathenub|Sticky Web|[from] move: Defog|[of] p2a: Yveltal\n|move|p1a: Shuckle|Final Gambit|p2a: Yveltal\n|-damage|p2a: Yveltal|70\/100 par\n|faint|p1a: Shuckle\n|\n|-heal|p2a: Yveltal|76\/100 par|[from] item: Leftovers\n|upkeep\n|\n|t:|1699608027\n|switch|p1a: Dracovish|Dracovish, shiny|65\/100\n|turn|9\n|\n|t:|1699608029\n|move|p1a: Dracovish|Fishious Rend|p2a: Yveltal\n|-damage|p2a: Yveltal|0 fnt\n|faint|p2a: Yveltal\n|\n|upkeep\n|\n|t:|1699608040\n|switch|p2a: Zygarde|Zygarde|100\/100\n|-ability|p2a: Zygarde|Aura Break\n|turn|10\n|\n|t:|1699608046\n|switch|p1a: Kyogre|Kyogre|100\/100\n|-weather|RainDance|[from] ability: Drizzle|[of] p1a: Kyogre\n|move|p2a: Zygarde|Glare|p1a: Kyogre\n|-status|p1a: Kyogre|par\n|\n|-weather|RainDance|[upkeep]\n|upkeep\n|turn|11\n|\n|t:|1699608058\n|switch|p2a: Chansey|Chansey, F|100\/100\n|switch|p1a: Dracovish|Dracovish, shiny|65\/100\n|\n|-weather|RainDance|[upkeep]\n|upkeep\n|turn|12\n|\n|t:|1699608062\n|move|p1a: Dracovish|Fishious Rend|p2a: Chansey\n|-damage|p2a: Chansey|0 fnt\n|faint|p2a: Chansey\n|\n|-weather|RainDance|[upkeep]\n|upkeep\n|\n|t:|1699608077\n|switch|p2a: Scizor|Scizor, F|100\/100\n|turn|13\n|\n|t:|1699608082\n|detailschange|p2a: Scizor|Scizor-Mega, F\n|-mega|p2a: Scizor|Scizor|Scizorite\n|move|p1a: Dracovish|Fishious Rend|p2a: Scizor\n|-crit|p2a: Scizor\n|-damage|p2a: Scizor|0 fnt\n|faint|p2a: Scizor\n|\n|-weather|RainDance|[upkeep]\n|upkeep\n|\n|t:|1699608088\n|switch|p2a: Zygarde|Zygarde|100\/100\n|-ability|p2a: Zygarde|Aura Break\n|turn|14\n|\n|t:|1699608096\n|move|p1a: Dracovish|Fishious Rend|p2a: Zygarde\n|-damage|p2a: Zygarde|0 fnt\n|faint|p2a: Zygarde\n|\n|-weather|none\n|upkeep\n|\n|t:|1699608099\n|switch|p2a: Xerneas|Xerneas|100\/100\n|-ability|p2a: Xerneas|Fairy Aura\n|turn|15\n|\n|t:|1699608104\n|move|p1a: Dracovish|Fishious Rend|p2a: Xerneas\n|-damage|p2a: Xerneas|0 fnt\n|faint|p2a: Xerneas\n|\n|upkeep\n|-message|mokshagnaathenub forfeited.\n|\n|win|yipiee\n|raw|yipiee's rating: 1343 &rarr; <strong>1367<\/strong><br \/>(+24 for winning)\n|raw|mokshagnaathenub's rating: 1408 &rarr; <strong>1384<\/strong><br \/>(-24 for losing)\n|l|\u2606mokshagnaathenub\n","uploadtime":1699608113,"views":5,"p1id":"yipiee","p2id":"mokshagnaathenub","formatid":"gen9nationaldexubers","rating":1367,"private":0,"password":""}