{"id":"gen9nationaldexubers-1985954485","p1":"faradey","p2":"MuMuelsyse","format":"[Gen 9] National Dex Ubers","log":"|j|\u2606faradey\n|j|\u2606MuMuelsyse\n|t:|1699429070\n|gametype|singles\n|player|p1|faradey|170|1553\n|player|p2|MuMuelsyse|ingo|1376\n|teamsize|p1|6\n|teamsize|p2|6\n|gen|9\n|tier|[Gen 9] National Dex Ubers\n|rated|\n|rule|HP Percentage Mod: HP is shown in percentages\n|rule|Endless Battle Clause: Forcing endless battles is banned\n|rule|OHKO Clause: OHKO moves are banned\n|rule|Evasion Moves Clause: Evasion moves are banned\n|rule|Evasion Items Clause: Evasion items are banned\n|rule|Species Clause: Limit one of each Pok\u00e9mon\n|rule|Sleep Clause Mod: Limit one foe put to sleep\n|rule|Mega Rayquaza Clause: You cannot mega evolve Rayquaza\n|clearpoke\n|poke|p1|Hatterene, F|\n|poke|p1|Porygon2|\n|poke|p1|Cresselia, F|\n|poke|p1|Calyrex-Ice|\n|poke|p1|Gothitelle, M|\n|poke|p1|Deoxys-Attack|\n|poke|p2|Banette, M|\n|poke|p2|Zygarde|\n|poke|p2|Xerneas-*|\n|poke|p2|Necrozma-Dusk-Mane|\n|poke|p2|Meowscarada, F|\n|poke|p2|Ho-Oh|\n|teampreview\n|inactive|Battle timer is ON: inactive players will automatically lose when time's up. (requested by MuMuelsyse)\n|\n|t:|1699429091\n|start\n|switch|p1a: Deoxys|Deoxys-Attack|100\/100\n|switch|p2a: Kyaru|Meowscarada, F, shiny|100\/100\n|-ability|p1a: Deoxys|Pressure\n|turn|1\n|\n|t:|1699429099\n|move|p1a: Deoxys|Stealth Rock|p2a: Kyaru\n|-sidestart|p2: MuMuelsyse|move: Stealth Rock\n|move|p2a: Kyaru|U-turn|p1a: Deoxys\n|-start|p2a: Kyaru|typechange|Bug|[from] ability: Protean\n|-supereffective|p1a: Deoxys\n|-enditem|p1a: Deoxys|Focus Sash\n|-damage|p1a: Deoxys|1\/100\n|\n|t:|1699429102\n|switch|p2a: Fiametta|Ho-Oh, shiny|100\/100|[from] U-turn\n|\n|upkeep\n|turn|2\n|\n|t:|1699429114\n|move|p1a: Deoxys|Psycho Boost|p2a: Fiametta\n|-damage|p2a: Fiametta|60\/100\n|-unboost|p1a: Deoxys|spa|2\n|move|p2a: Fiametta|Sacred Fire|p1a: Deoxys\n|-damage|p1a: Deoxys|0 fnt\n|faint|p1a: Deoxys\n|\n|upkeep\n|\n|t:|1699429125\n|switch|p1a: Porygon2|Porygon2|100\/100\n|-ability|p1a: Porygon2|Download|boost\n|-boost|p1a: Porygon2|atk|1\n|turn|3\n|\n|t:|1699429131\n|move|p2a: Fiametta|Toxic|p1a: Porygon2\n|-status|p1a: Porygon2|tox\n|move|p1a: Porygon2|Trick Room|p1a: Porygon2\n|-fieldstart|move: Trick Room|[of] p1a: Porygon2\n|\n|-damage|p1a: Porygon2|94\/100 tox|[from] psn\n|upkeep\n|turn|4\n|\n|t:|1699429136\n|switch|p2a: Ebenholz|Banette, M, shiny|100\/100\n|-damage|p2a: Ebenholz|88\/100|[from] Stealth Rock\n|-item|p1a: Porygon2|Eviolite|[from] ability: Frisk|[of] p2a: Ebenholz|[identify]\n|move|p1a: Porygon2|Teleport|p1a: Porygon2\n|\n|t:|1699429144\n|switch|p1a: Calyrex|Calyrex-Ice|100\/100|[from] Teleport\n|-ability|p1a: Calyrex|As One\n|-ability|p1a: Calyrex|Unnerve\n|\n|upkeep\n|turn|5\n|\n|t:|1699429157\n|switch|p1a: Porygon2|Porygon2|94\/100 tox\n|-ability|p1a: Porygon2|Download|boost\n|-boost|p1a: Porygon2|atk|1\n|detailschange|p2a: Ebenholz|Banette-Mega, M, shiny\n|-mega|p2a: Ebenholz|Banette|Banettite\n|move|p2a: Ebenholz|Destiny Bond|p2a: Ebenholz\n|-singlemove|p2a: Ebenholz|Destiny Bond\n|\n|-damage|p1a: Porygon2|88\/100 tox|[from] psn\n|upkeep\n|turn|6\n|\n|t:|1699429165\n|move|p2a: Ebenholz|Taunt|p1a: Porygon2\n|-start|p1a: Porygon2|move: Taunt\n|cant|p1a: Porygon2|move: Taunt|Teleport\n|\n|-damage|p1a: Porygon2|76\/100 tox|[from] psn\n|upkeep\n|turn|7\n|\n|t:|1699429173\n|switch|p1a: Cresselia|Cresselia, F|100\/100\n|move|p2a: Ebenholz|Foul Play|p1a: Cresselia\n|-supereffective|p1a: Cresselia\n|-damage|p1a: Cresselia|87\/100\n|\n|-fieldend|move: Trick Room\n|upkeep\n|turn|8\n|\n|t:|1699429180\n|move|p2a: Ebenholz|Taunt|p1a: Cresselia\n|-start|p1a: Cresselia|move: Taunt\n|cant|p1a: Cresselia|move: Taunt|Trick Room\n|\n|upkeep\n|turn|9\n|\n|t:|1699429190\n|move|p1a: Cresselia|Moonblast|p2a: Ebenholz\n|-damage|p2a: Ebenholz|76\/100\n|move|p2a: Ebenholz|Foul Play|p1a: Cresselia\n|-supereffective|p1a: Cresselia\n|-damage|p1a: Cresselia|74\/100\n|\n|upkeep\n|turn|10\n|\n|t:|1699429202\n|move|p1a: Cresselia|Moonblast|p2a: Ebenholz\n|-damage|p2a: Ebenholz|64\/100\n|move|p2a: Ebenholz|Foul Play|p1a: Cresselia\n|-supereffective|p1a: Cresselia\n|-damage|p1a: Cresselia|59\/100\n|\n|-end|p1a: Cresselia|move: Taunt\n|upkeep\n|turn|11\n|\n|t:|1699429206\n|move|p2a: Ebenholz|Taunt|p1a: Cresselia\n|-start|p1a: Cresselia|move: Taunt\n|cant|p1a: Cresselia|move: Taunt|Trick Room\n|\n|upkeep\n|turn|12\n|\n|t:|1699429210\n|move|p1a: Cresselia|Moonblast|p2a: Ebenholz\n|-damage|p2a: Ebenholz|51\/100\n|-unboost|p2a: Ebenholz|spa|1\n|move|p2a: Ebenholz|Foul Play|p1a: Cresselia\n|-supereffective|p1a: Cresselia\n|-damage|p1a: Cresselia|46\/100\n|\n|upkeep\n|turn|13\n|\n|t:|1699429218\n|move|p1a: Cresselia|Moonblast|p2a: Ebenholz\n|-damage|p2a: Ebenholz|37\/100\n|-unboost|p2a: Ebenholz|spa|1\n|move|p2a: Ebenholz|Foul Play|p1a: Cresselia\n|-supereffective|p1a: Cresselia\n|-damage|p1a: Cresselia|32\/100\n|\n|-end|p1a: Cresselia|move: Taunt\n|upkeep\n|turn|14\n|\n|t:|1699429223\n|move|p2a: Ebenholz|Taunt|p1a: Cresselia\n|-start|p1a: Cresselia|move: Taunt\n|move|p1a: Cresselia|Moonblast|p2a: Ebenholz\n|-damage|p2a: Ebenholz|24\/100\n|\n|upkeep\n|turn|15\n|\n|t:|1699429230\n|switch|p2a: Fiametta|Ho-Oh, shiny|93\/100\n|move|p1a: Cresselia|Moonblast|p2a: Fiametta\n|-resisted|p2a: Fiametta\n|-damage|p2a: Fiametta|89\/100\n|-unboost|p2a: Fiametta|spa|1\n|\n|upkeep\n|turn|16\n|\n|t:|1699429238\n|move|p2a: Fiametta|Sacred Fire|p1a: Cresselia\n|-damage|p1a: Cresselia|10\/100\n|-status|p1a: Cresselia|brn\n|move|p1a: Cresselia|Moonblast|p2a: Fiametta\n|-resisted|p2a: Fiametta\n|-damage|p2a: Fiametta|86\/100\n|\n|-damage|p1a: Cresselia|4\/100 brn|[from] brn\n|-end|p1a: Cresselia|move: Taunt\n|upkeep\n|turn|17\n|\n|t:|1699429249\n|move|p2a: Fiametta|Whirlwind|p1a: Cresselia\n|drag|p1a: Hatterene|Hatterene, F|100\/100\n|\n|upkeep\n|turn|18\n|\n|t:|1699429256\n|switch|p1a: Cresselia|Cresselia, F|4\/100 brn\n|move|p2a: Fiametta|Sacred Fire|p1a: Cresselia\n|-damage|p1a: Cresselia|0 fnt\n|faint|p1a: Cresselia\n|\n|upkeep\n|\n|t:|1699429260\n|switch|p1a: Porygon2|Porygon2|76\/100 tox\n|-ability|p1a: Porygon2|Download|boost\n|-boost|p1a: Porygon2|atk|1\n|turn|19\n|\n|t:|1699429266\n|move|p2a: Fiametta|Whirlwind|p1a: Porygon2\n|drag|p1a: Calyrex|Calyrex-Ice|100\/100\n|-ability|p1a: Calyrex|As One\n|-ability|p1a: Calyrex|Unnerve\n|\n|upkeep\n|turn|20\n|\n|t:|1699429283\n|-terastallize|p1a: Calyrex|Ice\n|move|p2a: Fiametta|Sacred Fire|p1a: Calyrex\n|-supereffective|p1a: Calyrex\n|-damage|p1a: Calyrex|51\/100\n|move|p1a: Calyrex|Glacial Lance|p2a: Fiametta\n|-damage|p2a: Fiametta|0 fnt\n|faint|p2a: Fiametta\n|-ability|p1a: Calyrex|Chilling Neigh|boost\n|-boost|p1a: Calyrex|atk|1\n|-damage|p1a: Calyrex|41\/100|[from] item: Life Orb\n|\n|upkeep\n|\n|t:|1699429299\n|switch|p2a: Kyaru|Meowscarada, F, shiny|100\/100\n|-damage|p2a: Kyaru|88\/100|[from] Stealth Rock\n|turn|21\n|\n|t:|1699429305\n|switch|p1a: Gothitelle|Gothitelle, M|100\/100\n|move|p2a: Kyaru|Knock Off|p1a: Gothitelle\n|-start|p2a: Kyaru|typechange|Dark|[from] ability: Protean\n|-supereffective|p1a: Gothitelle\n|-damage|p1a: Gothitelle|5\/100\n|-enditem|p1a: Gothitelle|Leftovers|[from] move: Knock Off|[of] p2a: Kyaru\n|\n|upkeep\n|turn|22\n|\n|t:|1699429309\n|move|p2a: Kyaru|Knock Off|p1a: Gothitelle\n|-supereffective|p1a: Gothitelle\n|-damage|p1a: Gothitelle|0 fnt\n|faint|p1a: Gothitelle\n|\n|upkeep\n|\n|t:|1699429315\n|switch|p1a: Hatterene|Hatterene, F|100\/100\n|turn|23\n|\n|t:|1699429321\n|move|p2a: Kyaru|Knock Off|p1a: Hatterene\n|-damage|p1a: Hatterene|30\/100\n|-enditem|p1a: Hatterene|Focus Sash|[from] move: Knock Off|[of] p2a: Kyaru\n|move|p1a: Hatterene|Trick Room|p1a: Hatterene\n|-fieldstart|move: Trick Room|[of] p1a: Hatterene\n|\n|upkeep\n|turn|24\n|\n|t:|1699429328\n|move|p1a: Hatterene|Healing Wish|p1a: Hatterene\n|faint|p1a: Hatterene\n|move|p2a: Kyaru|Knock Off|p1: Hatterene|[notarget]\n|-fail|p2a: Kyaru\n|\n|upkeep\n|\n|t:|1699429331\n|switch|p1a: Calyrex|Calyrex-Ice, tera:Ice|41\/100\n|-ability|p1a: Calyrex|As One\n|-ability|p1a: Calyrex|Unnerve\n|-heal|p1a: Calyrex|100\/100|[from] move: Healing Wish\n|turn|25\n|\n|t:|1699429339\n|move|p1a: Calyrex|Glacial Lance|p2a: Kyaru\n|-damage|p2a: Kyaru|0 fnt\n|faint|p2a: Kyaru\n|-ability|p1a: Calyrex|Chilling Neigh|boost\n|-boost|p1a: Calyrex|atk|1\n|-damage|p1a: Calyrex|91\/100|[from] item: Life Orb\n|\n|upkeep\n|\n|t:|1699429351\n|switch|p2a: Ebenholz|Banette-Mega, M, shiny|24\/100\n|-damage|p2a: Ebenholz|11\/100|[from] Stealth Rock\n|turn|26\n|\n|t:|1699429355\n|move|p2a: Ebenholz|Destiny Bond|p2a: Ebenholz\n|-singlemove|p2a: Ebenholz|Destiny Bond\n|move|p1a: Calyrex|High Horsepower|p2a: Ebenholz\n|-damage|p2a: Ebenholz|0 fnt\n|faint|p2a: Ebenholz\n|-activate|p2a: Ebenholz|move: Destiny Bond\n|faint|p1a: Calyrex\n|\n|upkeep\n|-message|faradey forfeited.\n|\n|win|MuMuelsyse\n|raw|faradey's rating: 1553 &rarr; <strong>1524<\/strong><br \/>(-29 for losing)\n|raw|MuMuelsyse's rating: 1376 &rarr; <strong>1405<\/strong><br \/>(+29 for winning)\n|l|\u2606faradey\n|c|\u2606MuMuelsyse|cute trick room\n|l|\u2606MuMuelsyse\n|j|\u2606MuMuelsyse\n|player|p2|MuMuelsyse|ingo\n","uploadtime":1699429766,"views":20,"p1id":"faradey","p2id":"mumuelsyse","formatid":"gen9nationaldexubers","rating":1405,"private":0,"password":""}