{"id":"gen9nationaldexubers-1996088010","p1":"kimg desu","p2":"Kazeshini95","format":"[Gen 9] National Dex Ubers","log":"|j|\u2606kimg desu\n|j|\u2606Kazeshini95\n|t:|1700642107\n|gametype|singles\n|player|p1|kimg desu|1|1193\n|player|p2|Kazeshini95|red|1120\n|teamsize|p1|6\n|teamsize|p2|6\n|gen|9\n|tier|[Gen 9] National Dex Ubers\n|rated|\n|rule|HP Percentage Mod: HP is shown in percentages\n|rule|Endless Battle Clause: Forcing endless battles is banned\n|rule|OHKO Clause: OHKO moves are banned\n|rule|Evasion Moves Clause: Evasion moves are banned\n|rule|Evasion Items Clause: Evasion items are banned\n|rule|Species Clause: Limit one of each Pok\u00e9mon\n|rule|Sleep Clause Mod: Limit one foe put to sleep\n|rule|Mega Rayquaza Clause: You cannot mega evolve Rayquaza\n|clearpoke\n|poke|p1|Landorus-Therian, M|\n|poke|p1|Genesect|\n|poke|p1|Rotom-Wash|\n|poke|p1|Audino, F|\n|poke|p1|Heatran, F|\n|poke|p1|Gallade, M|\n|poke|p2|Charizard, F|\n|poke|p2|Mewtwo|\n|poke|p2|Pikachu-Original, M|\n|poke|p2|Blastoise, F|\n|poke|p2|Venusaur, F|\n|poke|p2|Snorlax, F|\n|teampreview\n|\n|t:|1700642120\n|start\n|switch|p1a: Genesect|Genesect, shiny|100\/100\n|switch|p2a: Pikachu|Pikachu-Original, M|100\/100\n|-ability|p1a: Genesect|Download|boost\n|-boost|p1a: Genesect|atk|1\n|turn|1\n|\n|t:|1700642126\n|move|p2a: Pikachu|Fake Out|p1a: Genesect\n|-resisted|p1a: Genesect\n|-damage|p1a: Genesect|94\/100\n|cant|p1a: Genesect|flinch\n|\n|upkeep\n|turn|2\n|inactive|Battle timer is ON: inactive players will automatically lose when time's up. (requested by kimg desu)\n|\n|t:|1700642193\n|-terastallize|p1a: Genesect|Normal\n|move|p1a: Genesect|Extreme Speed|p2a: Pikachu\n|-damage|p2a: Pikachu|0 fnt\n|faint|p2a: Pikachu\n|-damage|p1a: Genesect|85\/100|[from] item: Life Orb\n|\n|upkeep\n|\n|t:|1700642208\n|switch|p2a: Blastoise|Blastoise, F|100\/100\n|turn|3\n|\n|t:|1700642211\n|move|p2a: Blastoise|Fake Out|p1a: Genesect\n|-damage|p1a: Genesect|75\/100\n|cant|p1a: Genesect|flinch\n|\n|upkeep\n|turn|4\n|\n|t:|1700642218\n|move|p1a: Genesect|U-turn|p2a: Blastoise\n|-damage|p2a: Blastoise|54\/100\n|-damage|p1a: Genesect|65\/100|[from] item: Life Orb\n|\n|t:|1700642225\n|switch|p1a: Rotom|Rotom-Wash, shiny|100\/100|[from] U-turn\n|move|p2a: Blastoise|Scald|p1a: Rotom\n|-resisted|p1a: Rotom\n|-damage|p1a: Rotom|87\/100\n|-status|p1a: Rotom|brn\n|\n|-damage|p1a: Rotom|80\/100 brn|[from] brn\n|upkeep\n|turn|5\n|\n|t:|1700642238\n|switch|p2a: Venusaur|Venusaur, F|100\/100\n|move|p1a: Rotom|Volt Switch|p2a: Venusaur\n|-resisted|p2a: Venusaur\n|-damage|p2a: Venusaur|92\/100\n|\n|t:|1700642247\n|switch|p1a: Genesect|Genesect, shiny, tera:Normal|65\/100|[from] Volt Switch\n|-ability|p1a: Genesect|Download|boost\n|-boost|p1a: Genesect|atk|1\n|\n|upkeep\n|turn|6\n|\n|t:|1700642260\n|switch|p2a: Snorlax|Snorlax, F|100\/100\n|move|p1a: Genesect|U-turn|p2a: Snorlax\n|-damage|p2a: Snorlax|33\/100\n|-damage|p1a: Genesect|55\/100|[from] item: Life Orb\n|\n|t:|1700642264\n|switch|p1a: Landorus|Landorus-Therian, M, shiny|100\/100|[from] U-turn\n|-ability|p1a: Landorus|Intimidate|boost\n|-unboost|p2a: Snorlax|atk|1\n|\n|-heal|p2a: Snorlax|39\/100|[from] item: Leftovers\n|upkeep\n|turn|7\n|\n|t:|1700642270\n|move|p1a: Landorus|Earthquake|p2a: Snorlax\n|-damage|p2a: Snorlax|0 fnt\n|faint|p2a: Snorlax\n|-damage|p1a: Landorus|91\/100|[from] item: Life Orb\n|\n|upkeep\n|\n|t:|1700642274\n|switch|p2a: Blastoise|Blastoise, F|54\/100\n|turn|8\n|\n|t:|1700642283\n|move|p2a: Blastoise|Fake Out|p1a: Landorus\n|-damage|p1a: Landorus|82\/100\n|cant|p1a: Landorus|flinch\n|\n|upkeep\n|turn|9\n|\n|t:|1700642290\n|move|p1a: Landorus|Earthquake|p2a: Blastoise\n|-damage|p2a: Blastoise|0 fnt\n|faint|p2a: Blastoise\n|-damage|p1a: Landorus|72\/100|[from] item: Life Orb\n|\n|upkeep\n|\n|t:|1700642309\n|switch|p2a: Mewtwo|Mewtwo|100\/100\n|-ability|p2a: Mewtwo|Pressure\n|turn|10\n|\n|t:|1700642315\n|switch|p1a: Audino|Audino, F, shiny|100\/100\n|move|p2a: Mewtwo|Psystrike|p1a: Audino\n|-damage|p1a: Audino|55\/100\n|\n|upkeep\n|turn|11\n|\n|t:|1700642322\n|move|p2a: Mewtwo|Taunt|p1a: Audino\n|-start|p1a: Audino|move: Taunt\n|cant|p1a: Audino|move: Taunt|Thunder Wave\n|\n|upkeep\n|turn|12\n|\n|t:|1700642335\n|move|p2a: Mewtwo|Psystrike|p1a: Audino\n|-damage|p1a: Audino|7\/100\n|move|p1a: Audino|Knock Off|p2a: Mewtwo\n|-supereffective|p2a: Mewtwo\n|-damage|p2a: Mewtwo|75\/100\n|-enditem|p2a: Mewtwo|Leftovers|[from] move: Knock Off|[of] p1a: Audino\n|\n|upkeep\n|turn|13\n|\n|t:|1700642350\n|switch|p1a: Heatran|Heatran, F, shiny|100\/100\n|move|p2a: Mewtwo|Psystrike|p1a: Heatran\n|-resisted|p1a: Heatran\n|-damage|p1a: Heatran|81\/100\n|\n|upkeep\n|turn|14\n|\n|t:|1700642355\n|move|p2a: Mewtwo|Taunt|p1a: Heatran\n|-start|p1a: Heatran|move: Taunt\n|move|p1a: Heatran|Magma Storm|p2a: Mewtwo\n|-damage|p2a: Mewtwo|36\/100\n|-activate|p2a: Mewtwo|move: Magma Storm|[of] p1a: Heatran\n|\n|-damage|p2a: Mewtwo|24\/100|[from] move: Magma Storm|[partiallytrapped]\n|upkeep\n|turn|15\n|\n|t:|1700642363\n|move|p2a: Mewtwo|Recover|p2a: Mewtwo\n|-heal|p2a: Mewtwo|74\/100\n|move|p1a: Heatran|Magma Storm|p2a: Mewtwo\n|-damage|p2a: Mewtwo|35\/100\n|\n|-damage|p2a: Mewtwo|22\/100|[from] move: Magma Storm|[partiallytrapped]\n|upkeep\n|turn|16\n|\n|t:|1700642370\n|move|p2a: Mewtwo|Recover|p2a: Mewtwo\n|-heal|p2a: Mewtwo|72\/100\n|move|p1a: Heatran|Magma Storm|p2a: Mewtwo\n|-damage|p2a: Mewtwo|31\/100\n|\n|-damage|p2a: Mewtwo|18\/100|[from] move: Magma Storm|[partiallytrapped]\n|-end|p1a: Heatran|move: Taunt\n|upkeep\n|turn|17\n|\n|t:|1700642385\n|switch|p1a: Genesect|Genesect, shiny, tera:Normal|55\/100\n|-ability|p1a: Genesect|Download|boost\n|-boost|p1a: Genesect|spa|1\n|move|p2a: Mewtwo|Recover|p2a: Mewtwo\n|-heal|p2a: Mewtwo|68\/100\n|\n|-end|p2a: Mewtwo|Magma Storm|[partiallytrapped]|[silent]\n|upkeep\n|turn|18\n|\n|t:|1700642413\n|move|p1a: Genesect|Extreme Speed|p2a: Mewtwo\n|-damage|p2a: Mewtwo|20\/100\n|-damage|p1a: Genesect|45\/100|[from] item: Life Orb\n|move|p2a: Mewtwo|Psystrike|p1a: Genesect\n|-damage|p1a: Genesect|0 fnt\n|faint|p1a: Genesect\n|\n|upkeep\n|\n|t:|1700642424\n|switch|p1a: Gallade|Gallade, M, shiny|100\/100\n|turn|19\n|\n|t:|1700642436\n|detailschange|p1a: Gallade|Gallade-Mega, M, shiny\n|-mega|p1a: Gallade|Gallade|Galladite\n|-terastallize|p2a: Mewtwo|Fairy\n|move|p2a: Mewtwo|Recover|p2a: Mewtwo\n|-heal|p2a: Mewtwo|70\/100\n|move|p1a: Gallade|Earthquake|p2a: Mewtwo\n|-damage|p2a: Mewtwo|32\/100\n|\n|upkeep\n|turn|20\n|\n|t:|1700642452\n|move|p2a: Mewtwo|Recover|p2a: Mewtwo\n|-heal|p2a: Mewtwo|82\/100\n|move|p1a: Gallade|Substitute|p1a: Gallade\n|-start|p1a: Gallade|Substitute\n|-damage|p1a: Gallade|75\/100\n|\n|upkeep\n|turn|21\n|\n|t:|1700642463\n|move|p2a: Mewtwo|Psystrike|p1a: Gallade\n|-end|p1a: Gallade|Substitute\n|move|p1a: Gallade|Earthquake|p2a: Mewtwo\n|-damage|p2a: Mewtwo|45\/100\n|\n|upkeep\n|turn|22\n|\n|t:|1700642474\n|switch|p1a: Heatran|Heatran, F, shiny|81\/100\n|move|p2a: Mewtwo|Psystrike|p1a: Heatran\n|-resisted|p1a: Heatran\n|-damage|p1a: Heatran|64\/100\n|\n|upkeep\n|turn|23\n|\n|t:|1700642489\n|switch|p2a: Charizard|Charizard, F|100\/100\n|move|p1a: Heatran|Toxic|p2a: Charizard\n|-status|p2a: Charizard|tox\n|\n|-damage|p2a: Charizard|94\/100 tox|[from] psn\n|upkeep\n|turn|24\n|\n|t:|1700642502\n|detailschange|p2a: Charizard|Charizard-Mega-X, F\n|-mega|p2a: Charizard|Charizard|Charizardite X\n|move|p1a: Heatran|Protect|p1a: Heatran\n|-singleturn|p1a: Heatran|Protect\n|move|p2a: Charizard|Earthquake|p1a: Heatran\n|-activate|p1a: Heatran|move: Protect\n|\n|-damage|p2a: Charizard|82\/100 tox|[from] psn\n|upkeep\n|turn|25\n|\n|t:|1700642506\n|switch|p1a: Landorus|Landorus-Therian, M, shiny|72\/100\n|-ability|p1a: Landorus|Intimidate|boost\n|-unboost|p2a: Charizard|atk|1\n|move|p2a: Charizard|Dragon Dance|p2a: Charizard\n|-boost|p2a: Charizard|atk|1\n|-boost|p2a: Charizard|spe|1\n|\n|-damage|p2a: Charizard|64\/100 tox|[from] psn\n|upkeep\n|turn|26\n|\n|t:|1700642511\n|move|p2a: Charizard|Dragon Claw|p1a: Landorus\n|-damage|p1a: Landorus|0 fnt\n|faint|p1a: Landorus\n|\n|-damage|p2a: Charizard|40\/100 tox|[from] psn\n|upkeep\n|\n|t:|1700642520\n|switch|p1a: Gallade|Gallade-Mega, M, shiny|75\/100\n|turn|27\n|\n|t:|1700642534\n|move|p2a: Charizard|Dragon Claw|p1a: Gallade\n|-crit|p1a: Gallade\n|-damage|p1a: Gallade|0 fnt\n|faint|p1a: Gallade\n|\n|-damage|p2a: Charizard|10\/100 tox|[from] psn\n|upkeep\n|\n|t:|1700642539\n|switch|p1a: Heatran|Heatran, F, shiny|64\/100\n|turn|28\n|\n|t:|1700642547\n|switch|p2a: Mewtwo|Mewtwo, tera:Fairy|45\/100\n|-ability|p2a: Mewtwo|Pressure\n|move|p1a: Heatran|Protect||[still]\n|-fail|p1a: Heatran\n|\n|upkeep\n|turn|29\n|\n|t:|1700642561\n|move|p2a: Mewtwo|Recover|p2a: Mewtwo\n|-heal|p2a: Mewtwo|95\/100\n|move|p1a: Heatran|Magma Storm|p2a: Mewtwo\n|-damage|p2a: Mewtwo|55\/100\n|-activate|p2a: Mewtwo|move: Magma Storm|[of] p1a: Heatran\n|\n|-damage|p2a: Mewtwo|43\/100|[from] move: Magma Storm|[partiallytrapped]\n|upkeep\n|turn|30\n|\n|t:|1700642574\n|move|p2a: Mewtwo|Recover|p2a: Mewtwo\n|-heal|p2a: Mewtwo|93\/100\n|move|p1a: Heatran|Toxic|p2a: Mewtwo\n|-status|p2a: Mewtwo|tox\n|\n|-damage|p2a: Mewtwo|86\/100 tox|[from] psn\n|-damage|p2a: Mewtwo|74\/100 tox|[from] move: Magma Storm|[partiallytrapped]\n|upkeep\n|turn|31\n|\n|t:|1700642579\n|move|p1a: Heatran|Protect|p1a: Heatran\n|-singleturn|p1a: Heatran|Protect\n|move|p2a: Mewtwo|Taunt|p1a: Heatran\n|-activate|p1a: Heatran|move: Protect\n|\n|-damage|p2a: Mewtwo|61\/100 tox|[from] psn\n|-damage|p2a: Mewtwo|49\/100 tox|[from] move: Magma Storm|[partiallytrapped]\n|upkeep\n|turn|32\n|\n|t:|1700642585\n|move|p2a: Mewtwo|Taunt|p1a: Heatran\n|-start|p1a: Heatran|move: Taunt\n|cant|p1a: Heatran|move: Taunt|Taunt\n|\n|-damage|p2a: Mewtwo|30\/100 tox|[from] psn\n|-damage|p2a: Mewtwo|18\/100 tox|[from] move: Magma Storm|[partiallytrapped]\n|upkeep\n|turn|33\n|\n|t:|1700642591\n|move|p2a: Mewtwo|Recover|p2a: Mewtwo\n|-heal|p2a: Mewtwo|68\/100 tox\n|-activate|p1a: Heatran|move: Struggle\n|move|p1a: Heatran|Struggle|p2a: Mewtwo\n|-damage|p2a: Mewtwo|60\/100 tox\n|-damage|p1a: Heatran|39\/100|[from] recoil\n|\n|-damage|p2a: Mewtwo|35\/100 tox|[from] psn\n|-end|p2a: Mewtwo|Magma Storm|[partiallytrapped]\n|upkeep\n|turn|34\n|\n|t:|1700642613\n|switch|p2a: Venusaur|Venusaur, F|92\/100\n|-activate|p1a: Heatran|move: Struggle\n|move|p1a: Heatran|Struggle|p2a: Venusaur\n|-damage|p2a: Venusaur|82\/100\n|-damage|p1a: Heatran|14\/100|[from] recoil\n|\n|-end|p1a: Heatran|move: Taunt\n|upkeep\n|turn|35\n|\n|t:|1700642629\n|move|p1a: Heatran|Taunt|p2a: Venusaur\n|-start|p2a: Venusaur|move: Taunt\n|cant|p2a: Venusaur|move: Taunt|Leech Seed\n|\n|upkeep\n|turn|36\n|\n|t:|1700642644\n|switch|p1a: Audino|Audino, F, shiny|40\/100\n|switch|p2a: Mewtwo|Mewtwo, tera:Fairy|35\/100 tox\n|-ability|p2a: Mewtwo|Pressure\n|\n|-damage|p2a: Mewtwo|28\/100 tox|[from] psn\n|upkeep\n|turn|37\n|\n|t:|1700642651\n|switch|p1a: Heatran|Heatran, F, shiny|14\/100\n|move|p2a: Mewtwo|Psystrike|p1a: Heatran\n|-resisted|p1a: Heatran\n|-crit|p1a: Heatran\n|-damage|p1a: Heatran|0 fnt\n|faint|p1a: Heatran\n|\n|-damage|p2a: Mewtwo|16\/100 tox|[from] psn\n|upkeep\n|\n|t:|1700642657\n|switch|p1a: Audino|Audino, F, shiny|73\/100\n|turn|38\n|inactive|Kazeshini95 has 120 seconds left.\n|\n|t:|1700642705\n|move|p2a: Mewtwo|Psystrike|p1a: Audino\n|-damage|p1a: Audino|26\/100\n|move|p1a: Audino|Low Kick|p2a: Mewtwo\n|-resisted|p2a: Mewtwo\n|-damage|p2a: Mewtwo|8\/100 tox\n|\n|-damage|p2a: Mewtwo|0 fnt|[from] psn\n|faint|p2a: Mewtwo\n|upkeep\n|\n|t:|1700642715\n|switch|p2a: Venusaur|Venusaur, F|82\/100\n|turn|39\n|\n|t:|1700642719\n|switch|p1a: Rotom|Rotom-Wash, shiny|80\/100 brn\n|move|p2a: Venusaur|Venoshock|p1a: Rotom\n|-damage|p1a: Rotom|54\/100 brn\n|\n|-damage|p1a: Rotom|48\/100 brn|[from] brn\n|upkeep\n|turn|40\n|\n|t:|1700642726\n|move|p1a: Rotom|Will-O-Wisp|p2a: Venusaur\n|-status|p2a: Venusaur|brn\n|move|p2a: Venusaur|Leech Seed|p1a: Rotom\n|-start|p1a: Rotom|move: Leech Seed\n|\n|-damage|p1a: Rotom|36\/100 brn|[from] Leech Seed|[of] p2a: Venusaur\n|-heal|p2a: Venusaur|92\/100 brn|[silent]\n|-damage|p1a: Rotom|29\/100 brn|[from] brn\n|-damage|p2a: Venusaur|86\/100 brn|[from] brn\n|upkeep\n|turn|41\n|inactive|Kazeshini95 has 120 seconds left.\n|\n|t:|1700642736\n|move|p1a: Rotom|Hydro Pump|p2a: Venusaur\n|-resisted|p2a: Venusaur\n|-damage|p2a: Venusaur|72\/100 brn\n|move|p2a: Venusaur|Venoshock|p1a: Rotom\n|-damage|p1a: Rotom|6\/100 brn\n|\n|-damage|p1a: Rotom|0 fnt|[from] Leech Seed|[of] p2a: Venusaur\n|-heal|p2a: Venusaur|77\/100 brn|[silent]\n|faint|p1a: Rotom\n|-damage|p2a: Venusaur|71\/100 brn|[from] brn\n|upkeep\n|\n|t:|1700642742\n|switch|p1a: Audino|Audino, F, shiny|59\/100\n|turn|42\n|\n|t:|1700642749\n|move|p2a: Venusaur|Toxic|p1a: Audino\n|-status|p1a: Audino|tox\n|move|p1a: Audino|Encore|p2a: Venusaur\n|-start|p2a: Venusaur|Encore\n|\n|-damage|p1a: Audino|53\/100 tox|[from] psn\n|-damage|p2a: Venusaur|65\/100 brn|[from] brn\n|upkeep\n|turn|43\n|-message|kimg desu forfeited.\n|\n|win|Kazeshini95\n|raw|kimg desu's rating: 1193 &rarr; <strong>1163<\/strong><br \/>(-30 for losing)\n|raw|Kazeshini95's rating: 1120 &rarr; <strong>1150<\/strong><br \/>(+30 for winning)\n|l|\u2606kimg desu\n","uploadtime":1700642766,"views":9,"p1id":"kimgdesu","p2id":"kazeshini95","formatid":"gen9nationaldexubers","rating":1150,"private":0,"password":""}