{"id":"gen9nationaldexubers-1990226547","p1":"qyrandom","p2":"shuppet3768","format":"[Gen 9] National Dex Ubers","log":"|j|\u203dqyrandom\n|j|\u2606shuppet3768\n|t:|1699940432\n|gametype|singles\n|player|p1|qyrandom|lucas|1074\n|player|p2|shuppet3768|iono|1055\n|teamsize|p1|6\n|teamsize|p2|6\n|gen|9\n|tier|[Gen 9] National Dex Ubers\n|rated|\n|rule|HP Percentage Mod: HP is shown in percentages\n|rule|Endless Battle Clause: Forcing endless battles is banned\n|rule|OHKO Clause: OHKO moves are banned\n|rule|Evasion Moves Clause: Evasion moves are banned\n|rule|Evasion Items Clause: Evasion items are banned\n|rule|Species Clause: Limit one of each Pok\u00e9mon\n|rule|Sleep Clause Mod: Limit one foe put to sleep\n|rule|Mega Rayquaza Clause: You cannot mega evolve Rayquaza\n|clearpoke\n|poke|p1|Marshadow|\n|poke|p1|Arceus|\n|poke|p1|Necrozma-Dusk-Mane|\n|poke|p1|Yveltal|\n|poke|p1|Blastoise, F|\n|poke|p1|Eternatus|\n|poke|p2|Necrozma-Dusk-Mane|\n|poke|p2|Kyurem-White|\n|poke|p2|Glimmora, M|\n|poke|p2|Sceptile, M|\n|poke|p2|Zygarde-10%|\n|poke|p2|Genesect|\n|teampreview\n|inactive|Battle timer is ON: inactive players will automatically lose when time's up. (requested by qyrandom)\n|inactive|shuppet3768 has 120 seconds left.\n|\n|t:|1699940485\n|start\n|switch|p1a: Blastoise|Blastoise, F|100\/100\n|switch|p2a: EL BOZO|Glimmora, M|100\/100\n|turn|1\n|\n|t:|1699940497\n|move|p2a: EL BOZO|Toxic Spikes|p1a: Blastoise\n|-sidestart|p1: qyrandom|move: Toxic Spikes\n|move|p1a: Blastoise|Scald|p2a: EL BOZO\n|-supereffective|p2a: EL BOZO\n|-damage|p2a: EL BOZO|22\/100\n|\n|upkeep\n|turn|2\n|\n|t:|1699940508\n|detailschange|p1a: Blastoise|Blastoise-Mega, F\n|-mega|p1a: Blastoise|Blastoise|Blastoisinite\n|move|p2a: EL BOZO|Stealth Rock|p1a: Blastoise\n|-sidestart|p1: qyrandom|move: Stealth Rock\n|move|p1a: Blastoise|Rapid Spin|p2a: EL BOZO\n|-resisted|p2a: EL BOZO\n|-damage|p2a: EL BOZO|17\/100\n|-boost|p1a: Blastoise|spe|1\n|-activate|p2a: EL BOZO|ability: Toxic Debris\n|-sidestart|p1: qyrandom|move: Toxic Spikes\n|-sideend|p1: qyrandom|Toxic Spikes|[from] move: Rapid Spin|[of] p1a: Blastoise\n|-sideend|p1: qyrandom|Stealth Rock|[from] move: Rapid Spin|[of] p1a: Blastoise\n|\n|upkeep\n|turn|3\n|\n|t:|1699940516\n|move|p1a: Blastoise|Scald|p2a: EL BOZO\n|-supereffective|p2a: EL BOZO\n|-damage|p2a: EL BOZO|0 fnt\n|faint|p2a: EL BOZO\n|\n|upkeep\n|\n|t:|1699940524\n|switch|p2a: Kami Koroshi|Genesect, shiny|100\/100\n|-ability|p2a: Kami Koroshi|Download|boost\n|-boost|p2a: Kami Koroshi|spa|1\n|turn|4\n|\n|t:|1699940542\n|switch|p1a: Eternatus|Eternatus|100\/100\n|-ability|p1a: Eternatus|Pressure\n|move|p2a: Kami Koroshi|Shift Gear|p2a: Kami Koroshi\n|-boost|p2a: Kami Koroshi|spe|2\n|-boost|p2a: Kami Koroshi|atk|1\n|\n|upkeep\n|turn|5\n|inactive|shuppet3768 has 120 seconds left.\n|\n|t:|1699940581\n|move|p2a: Kami Koroshi|Shift Gear|p2a: Kami Koroshi\n|-boost|p2a: Kami Koroshi|spe|2\n|-boost|p2a: Kami Koroshi|atk|1\n|move|p1a: Eternatus|Flamethrower|p2a: Kami Koroshi\n|-supereffective|p2a: Kami Koroshi\n|-enditem|p2a: Kami Koroshi|Focus Sash\n|-damage|p2a: Kami Koroshi|1\/100\n|-damage|p1a: Eternatus|91\/100|[from] item: Life Orb\n|\n|upkeep\n|turn|6\n|inactive|shuppet3768 has 120 seconds left.\n|\n|t:|1699940594\n|move|p2a: Kami Koroshi|Iron Head|p1a: Eternatus\n|-damage|p1a: Eternatus|18\/100\n|cant|p1a: Eternatus|flinch\n|\n|upkeep\n|turn|7\n|inactive|shuppet3768 has 120 seconds left.\n|\n|t:|1699940601\n|move|p2a: Kami Koroshi|Iron Head|p1a: Eternatus\n|-damage|p1a: Eternatus|0 fnt\n|faint|p1a: Eternatus\n|\n|upkeep\n|\n|t:|1699940603\n|switch|p1a: Marshadow|Marshadow|100\/100\n|turn|8\n|\n|t:|1699940608\n|move|p2a: Kami Koroshi|Shadow Claw|p1a: Marshadow\n|-supereffective|p1a: Marshadow\n|-enditem|p1a: Marshadow|Focus Sash\n|-damage|p1a: Marshadow|1\/100\n|move|p1a: Marshadow|Spectral Thief||[still]\n|-clearpositiveboost|p2a: Kami Koroshi|p1a: Marshadow|move: Spectral Thief\n|-boost|p1a: Marshadow|atk|2\n|-boost|p1a: Marshadow|spa|1\n|-boost|p1a: Marshadow|spe|4\n|-anim|p1a: Marshadow|Spectral Thief|p2a: Kami Koroshi\n|-damage|p2a: Kami Koroshi|0 fnt\n|faint|p2a: Kami Koroshi\n|\n|upkeep\n|\n|t:|1699940619\n|switch|p2a: CRACK KONG GUN|Zygarde-10%, shiny|100\/100\n|turn|9\n|\n|t:|1699940627\n|move|p1a: Marshadow|Ice Punch|p2a: CRACK KONG GUN\n|-supereffective|p2a: CRACK KONG GUN\n|-damage|p2a: CRACK KONG GUN|0 fnt\n|faint|p2a: CRACK KONG GUN\n|\n|upkeep\n|\n|t:|1699940633\n|switch|p2a: High on WEED|Sceptile, M, shiny|100\/100\n|turn|10\n|\n|t:|1699940646\n|move|p1a: Marshadow|Ice Punch|p2a: High on WEED\n|-supereffective|p2a: High on WEED\n|-damage|p2a: High on WEED|0 fnt\n|faint|p2a: High on WEED\n|\n|upkeep\n|inactive|shuppet3768 has 120 seconds left.\n|inactive|shuppet3768 has 90 seconds left.\n|inactive|shuppet3768 has 60 seconds left.\n|inactive|shuppet3768 has 30 seconds left.\n|inactive|shuppet3768 has 20 seconds left.\n|inactive|shuppet3768 has 15 seconds left.\n|inactive|shuppet3768 has 10 seconds left.\n|inactive|shuppet3768 has 5 seconds left.\n|-message|shuppet3768 lost due to inactivity.\n|\n|win|qyrandom\n|raw|qyrandom's rating: 1074 &rarr; <strong>1101<\/strong><br \/>(+27 for winning)\n|raw|shuppet3768's rating: 1055 &rarr; <strong>1038<\/strong><br \/>(-17 for losing)\n|l|\u2606shuppet3768\n","uploadtime":1699941231,"views":14,"p1id":"qyrandom","p2id":"shuppet3768","formatid":"gen9nationaldexubers","rating":1038,"private":0,"password":""}