{"id":"gen9nationaldexubers-1999788275","p1":"pacmaster000","p2":"CatchyG","format":"[Gen 9] National Dex Ubers","log":"|j|\u2606pacmaster000\n|j|\u2606CatchyG\n|t:|1701116750\n|gametype|singles\n|player|p1|pacmaster000|acetrainer-gen4dp|1195\n|player|p2|CatchyG|wallace|1257\n|teamsize|p1|6\n|teamsize|p2|6\n|gen|9\n|tier|[Gen 9] National Dex Ubers\n|rated|\n|rule|HP Percentage Mod: HP is shown in percentages\n|rule|Endless Battle Clause: Forcing endless battles is banned\n|rule|OHKO Clause: OHKO moves are banned\n|rule|Evasion Moves Clause: Evasion moves are banned\n|rule|Evasion Items Clause: Evasion items are banned\n|rule|Species Clause: Limit one of each Pok\u00e9mon\n|rule|Sleep Clause Mod: Limit one foe put to sleep\n|rule|Mega Rayquaza Clause: You cannot mega evolve Rayquaza\n|clearpoke\n|poke|p1|Dragapult, F|\n|poke|p1|Heatran, M|\n|poke|p1|Tyranitar, M|\n|poke|p1|Marshadow|\n|poke|p1|Toxapex, M|\n|poke|p1|Landorus, M|\n|poke|p2|Togekiss, F|\n|poke|p2|Ninetales-Alola, M|\n|poke|p2|Charizard, M|\n|poke|p2|Whimsicott, F|\n|poke|p2|Arceus-Rock|\n|poke|p2|Kyogre|\n|teampreview\n|inactive|Battle timer is ON: inactive players will automatically lose when time's up. (requested by CatchyG)\n|\n|t:|1701116759\n|start\n|switch|p1a: Dragapult|Dragapult, F|100\/100\n|switch|p2a: Whimsicott|Whimsicott, F|100\/100\n|turn|1\n|\n|t:|1701116767\n|move|p2a: Whimsicott|Taunt|p1a: Dragapult\n|-start|p1a: Dragapult|move: Taunt\n|move|p1a: Dragapult|U-turn|p2a: Whimsicott\n|-damage|p2a: Whimsicott|77\/100\n|\n|t:|1701116771\n|switch|p1a: Heatran|Heatran, M|100\/100|[from] U-turn\n|-item|p1a: Heatran|Air Balloon\n|\n|-heal|p2a: Whimsicott|83\/100|[from] item: Leftovers\n|upkeep\n|turn|2\n|\n|t:|1701116776\n|move|p2a: Whimsicott|Tailwind|p2a: Whimsicott\n|-sidestart|p2: CatchyG|move: Tailwind\n|move|p1a: Heatran|Stealth Rock|p2a: Whimsicott\n|-sidestart|p2: CatchyG|move: Stealth Rock\n|\n|-heal|p2a: Whimsicott|89\/100|[from] item: Leftovers\n|upkeep\n|turn|3\n|\n|t:|1701116780\n|move|p2a: Whimsicott|Memento|p1a: Heatran\n|-unboost|p1a: Heatran|atk|2\n|-unboost|p1a: Heatran|spa|2\n|faint|p2a: Whimsicott\n|move|p1a: Heatran|Magma Storm|p2: Whimsicott|[notarget]\n|-fail|p1a: Heatran\n|\n|upkeep\n|\n|t:|1701116786\n|switch|p2a: Kyogre|Kyogre|100\/100\n|-damage|p2a: Kyogre|88\/100|[from] Stealth Rock\n|-weather|RainDance|[from] ability: Drizzle|[of] p2a: Kyogre\n|turn|4\n|\n|t:|1701116792\n|move|p2a: Kyogre|Scald|p1a: Heatran\n|-supereffective|p1a: Heatran\n|-damage|p1a: Heatran|0 fnt\n|-enditem|p1a: Heatran|Air Balloon\n|faint|p1a: Heatran\n|\n|-weather|RainDance|[upkeep]\n|upkeep\n|\n|t:|1701116797\n|switch|p1a: Toxapex|Toxapex, M|100\/100\n|turn|5\n|\n|t:|1701116802\n|switch|p2a: Ninetales|Ninetales-Alola, M|100\/100\n|-damage|p2a: Ninetales|76\/100|[from] Stealth Rock\n|-weather|Snow|[from] ability: Snow Warning|[of] p2a: Ninetales\n|move|p1a: Toxapex|Toxic|p2a: Ninetales\n|-status|p2a: Ninetales|tox\n|\n|-weather|Snow|[upkeep]\n|-damage|p2a: Ninetales|70\/100 tox|[from] psn\n|-sideend|p2: CatchyG|move: Tailwind\n|upkeep\n|turn|6\n|\n|t:|1701116807\n|move|p2a: Ninetales|Aurora Veil|p2a: Ninetales\n|-sidestart|p2: CatchyG|move: Aurora Veil\n|move|p1a: Toxapex|Scald|p2a: Ninetales\n|-damage|p2a: Ninetales|59\/100 tox\n|\n|-weather|Snow|[upkeep]\n|-damage|p2a: Ninetales|48\/100 tox|[from] psn\n|upkeep\n|turn|7\n|\n|t:|1701116811\n|move|p2a: Ninetales|Blizzard|p1a: Toxapex\n|-resisted|p1a: Toxapex\n|-damage|p1a: Toxapex|83\/100\n|move|p1a: Toxapex|Scald|p2a: Ninetales\n|-damage|p2a: Ninetales|37\/100 tox\n|\n|-weather|Snow|[upkeep]\n|-heal|p1a: Toxapex|89\/100|[from] item: Black Sludge\n|-damage|p2a: Ninetales|20\/100 tox|[from] psn\n|upkeep\n|turn|8\n|\n|t:|1701116814\n|move|p2a: Ninetales|Draining Kiss|p1a: Toxapex\n|-resisted|p1a: Toxapex\n|-damage|p1a: Toxapex|81\/100\n|-heal|p2a: Ninetales|26\/100 tox|[from] drain|[of] p1a: Toxapex\n|move|p1a: Toxapex|Scald|p2a: Ninetales\n|-damage|p2a: Ninetales|17\/100 tox\n|\n|-weather|Snow|[upkeep]\n|-heal|p1a: Toxapex|87\/100|[from] item: Black Sludge\n|-damage|p2a: Ninetales|0 fnt|[from] psn\n|faint|p2a: Ninetales\n|upkeep\n|\n|t:|1701116817\n|switch|p2a: Kyogre|Kyogre|88\/100\n|-damage|p2a: Kyogre|76\/100|[from] Stealth Rock\n|-weather|RainDance|[from] ability: Drizzle|[of] p2a: Kyogre\n|turn|9\n|\n|t:|1701116820\n|move|p2a: Kyogre|Thunder|p1a: Toxapex\n|-supereffective|p1a: Toxapex\n|-damage|p1a: Toxapex|13\/100\n|-status|p1a: Toxapex|par\n|move|p1a: Toxapex|Toxic|p2a: Kyogre\n|-status|p2a: Kyogre|tox\n|\n|-weather|RainDance|[upkeep]\n|-heal|p1a: Toxapex|19\/100 par|[from] item: Black Sludge\n|-damage|p2a: Kyogre|70\/100 tox|[from] psn\n|upkeep\n|turn|10\n|\n|t:|1701116827\n|switch|p2a: Togekiss|Togekiss, F|100\/100\n|-damage|p2a: Togekiss|76\/100|[from] Stealth Rock\n|switch|p1a: Landorus|Landorus, M|100\/100\n|\n|-weather|RainDance|[upkeep]\n|upkeep\n|turn|11\n|\n|t:|1701116832\n|move|p1a: Landorus|Rock Slide|p2a: Togekiss\n|-supereffective|p2a: Togekiss\n|-damage|p2a: Togekiss|27\/100\n|move|p2a: Togekiss|Air Slash|p1a: Landorus\n|-damage|p1a: Landorus|53\/100\n|\n|-weather|RainDance|[upkeep]\n|upkeep\n|turn|12\n|\n|t:|1701116837\n|move|p1a: Landorus|Rock Slide|p2a: Togekiss|[miss]\n|-miss|p1a: Landorus|p2a: Togekiss\n|move|p2a: Togekiss|Air Slash|p1a: Landorus\n|-damage|p1a: Landorus|10\/100\n|\n|-weather|RainDance|[upkeep]\n|upkeep\n|turn|13\n|\n|t:|1701116840\n|move|p1a: Landorus|Rock Slide|p2a: Togekiss\n|-supereffective|p2a: Togekiss\n|-damage|p2a: Togekiss|0 fnt\n|faint|p2a: Togekiss\n|\n|-weather|none\n|-sideend|p2: CatchyG|move: Aurora Veil\n|upkeep\n|\n|t:|1701116843\n|switch|p2a: Kyogre|Kyogre|70\/100 tox\n|-damage|p2a: Kyogre|57\/100 tox|[from] Stealth Rock\n|-weather|RainDance|[from] ability: Drizzle|[of] p2a: Kyogre\n|turn|14\n|\n|t:|1701116846\n|move|p2a: Kyogre|Scald|p1a: Landorus\n|-supereffective|p1a: Landorus\n|-damage|p1a: Landorus|0 fnt\n|faint|p1a: Landorus\n|\n|-weather|RainDance|[upkeep]\n|-damage|p2a: Kyogre|51\/100 tox|[from] psn\n|upkeep\n|\n|t:|1701116851\n|switch|p1a: Toxapex|Toxapex, M|52\/100 par\n|turn|15\n|\n|t:|1701116854\n|move|p2a: Kyogre|Scald|p1a: Toxapex\n|-resisted|p1a: Toxapex\n|-damage|p1a: Toxapex|22\/100 par\n|move|p1a: Toxapex|Recover|p1a: Toxapex\n|-heal|p1a: Toxapex|72\/100 par\n|\n|-weather|RainDance|[upkeep]\n|-heal|p1a: Toxapex|78\/100 par|[from] item: Black Sludge\n|-damage|p2a: Kyogre|39\/100 tox|[from] psn\n|upkeep\n|turn|16\n|\n|t:|1701116857\n|switch|p2a: Charizard|Charizard, M|100\/100\n|-damage|p2a: Charizard|51\/100|[from] Stealth Rock\n|cant|p1a: Toxapex|par\n|\n|-weather|RainDance|[upkeep]\n|-heal|p1a: Toxapex|85\/100 par|[from] item: Black Sludge\n|upkeep\n|turn|17\n|\n|t:|1701116860\n|detailschange|p2a: Charizard|Charizard-Mega-X, M\n|-mega|p2a: Charizard|Charizard|Charizardite X\n|move|p2a: Charizard|Hone Claws|p2a: Charizard\n|-boost|p2a: Charizard|atk|1\n|-boost|p2a: Charizard|accuracy|1\n|move|p1a: Toxapex|Scald|p2a: Charizard\n|-damage|p2a: Charizard|17\/100\n|\n|-weather|RainDance|[upkeep]\n|-heal|p1a: Toxapex|91\/100 par|[from] item: Black Sludge\n|upkeep\n|turn|18\n|c|\u2606pacmaster000|Kyogre is Choiced isnt it\n|\n|t:|1701116874\n|move|p2a: Charizard|Scale Shot|p1a: Toxapex\n|-damage|p1a: Toxapex|78\/100 par\n|-damage|p1a: Toxapex|65\/100 par\n|-damage|p1a: Toxapex|52\/100 par\n|-hitcount|p1a: Toxapex|3\n|-unboost|p2a: Charizard|def|1\n|-boost|p2a: Charizard|spe|1\n|move|p1a: Toxapex|Scald|p2a: Charizard\n|-damage|p2a: Charizard|0 fnt\n|faint|p2a: Charizard\n|\n|-weather|none\n|-heal|p1a: Toxapex|58\/100 par|[from] item: Black Sludge\n|upkeep\n|\n|t:|1701116880\n|switch|p2a: Arceus|Arceus-Rock|100\/100\n|-damage|p2a: Arceus|88\/100|[from] Stealth Rock\n|turn|19\n|\n|t:|1701116883\n|move|p2a: Arceus|Dragon Dance|p2a: Arceus\n|-boost|p2a: Arceus|atk|1\n|-boost|p2a: Arceus|spe|1\n|move|p1a: Toxapex|Scald|p2a: Arceus\n|-supereffective|p2a: Arceus\n|-damage|p2a: Arceus|60\/100\n|-status|p2a: Arceus|brn\n|\n|-heal|p1a: Toxapex|65\/100 par|[from] item: Black Sludge\n|-damage|p2a: Arceus|54\/100 brn|[from] brn\n|upkeep\n|turn|20\n|\n|t:|1701116887\n|-zpower|p2a: Arceus\n|move|p2a: Arceus|Continental Crush|p1a: Toxapex|[zeffect]\n|-damage|p1a: Toxapex|19\/100 par\n|move|p1a: Toxapex|Scald|p2a: Arceus\n|-supereffective|p2a: Arceus\n|-damage|p2a: Arceus|28\/100 brn\n|\n|-heal|p1a: Toxapex|25\/100 par|[from] item: Black Sludge\n|-damage|p2a: Arceus|22\/100 brn|[from] brn\n|upkeep\n|turn|21\n|\n|t:|1701116892\n|move|p2a: Arceus|Wild Charge|p1a: Toxapex\n|-supereffective|p1a: Toxapex\n|-damage|p1a: Toxapex|0 fnt\n|faint|p1a: Toxapex\n|-damage|p2a: Arceus|17\/100 brn|[from] Recoil\n|\n|-damage|p2a: Arceus|11\/100 brn|[from] brn\n|upkeep\n|\n|t:|1701116896\n|switch|p1a: Dragapult|Dragapult, F|100\/100\n|turn|22\n|c|\u2606CatchyG|Yeah it is\n|\n|t:|1701116902\n|move|p2a: Arceus|Stone Edge|p1a: Dragapult\n|-damage|p1a: Dragapult|48\/100\n|move|p1a: Dragapult|Dragon Darts|p2a: Arceus\n|-damage|p2a: Arceus|0 fnt\n|faint|p2a: Arceus\n|\n|upkeep\n|\n|t:|1701116904\n|switch|p2a: Kyogre|Kyogre|39\/100 tox\n|-damage|p2a: Kyogre|27\/100 tox|[from] Stealth Rock\n|-weather|RainDance|[from] ability: Drizzle|[of] p2a: Kyogre\n|turn|23\n|\n|t:|1701116909\n|-terastallize|p2a: Kyogre|Water\n|move|p2a: Kyogre|Scald|p1a: Dragapult\n|-resisted|p1a: Dragapult\n|-damage|p1a: Dragapult|0 fnt\n|faint|p1a: Dragapult\n|\n|-weather|RainDance|[upkeep]\n|-damage|p2a: Kyogre|20\/100 tox|[from] psn\n|upkeep\n|\n|t:|1701116914\n|switch|p1a: Marshadow|Marshadow|100\/100\n|turn|24\n|\n|t:|1701116918\n|move|p2a: Kyogre|Scald|p1a: Marshadow\n|-damage|p1a: Marshadow|0 fnt\n|faint|p1a: Marshadow\n|\n|-weather|RainDance|[upkeep]\n|-damage|p2a: Kyogre|8\/100 tox|[from] psn\n|upkeep\n|\n|t:|1701116921\n|switch|p1a: Tyranitar|Tyranitar, M|100\/100\n|-ability|p1a: Tyranitar|Unnerve\n|turn|25\n|\n|t:|1701116925\n|detailschange|p1a: Tyranitar|Tyranitar-Mega, M\n|-mega|p1a: Tyranitar|Tyranitar|Tyranitarite\n|-weather|Sandstorm|[from] ability: Sand Stream|[of] p1a: Tyranitar\n|move|p2a: Kyogre|Scald|p1a: Tyranitar\n|-supereffective|p1a: Tyranitar\n|-damage|p1a: Tyranitar|25\/100\n|move|p1a: Tyranitar|Earthquake|p2a: Kyogre\n|-damage|p2a: Kyogre|0 fnt\n|faint|p2a: Kyogre\n|\n|win|pacmaster000\n|raw|pacmaster000's rating: 1212 &rarr; <strong>1240<\/strong><br \/>(+28 for winning)\n|raw|CatchyG's rating: 1257 &rarr; <strong>1229<\/strong><br \/>(-28 for losing)\n","uploadtime":1701116931,"views":1,"p1id":"pacmaster000","p2id":"catchyg","formatid":"gen9nationaldexubers","rating":1229,"private":0,"password":""}