{"id":"gen9nationaldexubers-2000591240","p1":"ImAGirlNow \u2718","p2":"SuperSonic26 AU","format":"[Gen 9] National Dex Ubers","log":"|j|\u2606ImAGirlNow \u2718\n|j|\u2606SuperSonic26 AU\n|t:|1701208325\n|gametype|singles\n|player|p1|ImAGirlNow \u2718|evelyn|1255\n|player|p2|SuperSonic26 AU|red-masters|1366\n|teamsize|p1|6\n|teamsize|p2|6\n|gen|9\n|tier|[Gen 9] National Dex Ubers\n|rated|\n|rule|HP Percentage Mod: HP is shown in percentages\n|rule|Endless Battle Clause: Forcing endless battles is banned\n|rule|OHKO Clause: OHKO moves are banned\n|rule|Evasion Moves Clause: Evasion moves are banned\n|rule|Evasion Items Clause: Evasion items are banned\n|rule|Species Clause: Limit one of each Pok\u00e9mon\n|rule|Sleep Clause Mod: Limit one foe put to sleep\n|rule|Mega Rayquaza Clause: You cannot mega evolve Rayquaza\n|clearpoke\n|poke|p1|Glimmora, M|\n|poke|p1|Garganacl, F|\n|poke|p1|Skarmory, M|\n|poke|p1|Alakazam, F|\n|poke|p1|Maushold-Four|\n|poke|p1|Annihilape, M|\n|poke|p2|Kyurem-Black|\n|poke|p2|Blaziken, F|\n|poke|p2|Calyrex-Ice|\n|poke|p2|Zacian-*|\n|poke|p2|Ho-Oh|\n|poke|p2|Necrozma-Dusk-Mane|\n|teampreview\n|inactive|Battle timer is ON: inactive players will automatically lose when time's up. (requested by ImAGirlNow \u2718)\n|c|\u2606ImAGirlNow \u2718|oh i fogot to name him\n|\n|t:|1701208337\n|start\n|switch|p1a: Caltrops|Glimmora, M, shiny|100\/100\n|switch|p2a: Spicy McChicken|Ho-Oh, shiny|100\/100\n|turn|1\n|\n|t:|1701208345\n|move|p1a: Caltrops|Stealth Rock|p2a: Spicy McChicken\n|-sidestart|p2: SuperSonic26 AU|move: Stealth Rock\n|move|p2a: Spicy McChicken|Earth Power|p1a: Caltrops\n|-supereffective|p1a: Caltrops\n|-enditem|p1a: Caltrops|Focus Sash\n|-damage|p1a: Caltrops|1\/100\n|\n|upkeep\n|turn|2\n|\n|t:|1701208354\n|move|p1a: Caltrops|Mortal Spin|p2a: Spicy McChicken\n|-damage|p2a: Spicy McChicken|95\/100\n|-status|p2a: Spicy McChicken|psn\n|move|p2a: Spicy McChicken|Earth Power|p1a: Caltrops\n|-supereffective|p1a: Caltrops\n|-damage|p1a: Caltrops|0 fnt\n|faint|p1a: Caltrops\n|\n|-damage|p2a: Spicy McChicken|83\/100 psn|[from] psn\n|upkeep\n|\n|t:|1701208363\n|switch|p1a: Annihilape|Annihilape, M|100\/100\n|turn|3\n|\n|t:|1701208366\n|move|p1a: Annihilape|Hone Claws|p1a: Annihilape\n|-boost|p1a: Annihilape|atk|1\n|-boost|p1a: Annihilape|accuracy|1\n|move|p2a: Spicy McChicken|Defog|p1a: Annihilape\n|-unboost|p1a: Annihilape|evasion|1\n|-ability|p1a: Annihilape|Defiant|boost\n|-boost|p1a: Annihilape|atk|2\n|-sideend|p2: SuperSonic26 AU|Stealth Rock|[from] move: Defog|[of] p2a: Spicy McChicken\n|\n|-damage|p2a: Spicy McChicken|70\/100 psn|[from] psn\n|upkeep\n|turn|4\n|\n|t:|1701208369\n|move|p1a: Annihilape|Hone Claws|p1a: Annihilape\n|-boost|p1a: Annihilape|atk|1\n|-boost|p1a: Annihilape|accuracy|1\n|move|p2a: Spicy McChicken|Sacred Fire|p1a: Annihilape\n|-damage|p1a: Annihilape|47\/100\n|\n|-heal|p1a: Annihilape|53\/100|[from] item: Leftovers\n|-damage|p2a: Spicy McChicken|58\/100 psn|[from] psn\n|upkeep\n|turn|5\n|\n|t:|1701208375\n|move|p1a: Annihilape|Stone Edge|p2a: Spicy McChicken\n|-supereffective|p2a: Spicy McChicken\n|-damage|p2a: Spicy McChicken|0 fnt\n|faint|p2a: Spicy McChicken\n|\n|-heal|p1a: Annihilape|60\/100|[from] item: Leftovers\n|upkeep\n|\n|t:|1701208400\n|switch|p2a: Stupid Shank|Zacian-Crowned, shiny|100\/100\n|-ability|p2a: Stupid Shank|Intrepid Sword|boost\n|-boost|p2a: Stupid Shank|atk|1\n|turn|6\n|\n|t:|1701208407\n|move|p2a: Stupid Shank|Play Rough|p1a: Annihilape\n|-supereffective|p1a: Annihilape\n|-damage|p1a: Annihilape|0 fnt\n|faint|p1a: Annihilape\n|\n|upkeep\n|\n|t:|1701208413\n|switch|p1a: Spoon Master|Alakazam, F, shiny|100\/100\n|turn|7\n|\n|t:|1701208416\n|move|p2a: Stupid Shank|Crunch|p1a: Spoon Master\n|-supereffective|p1a: Spoon Master\n|-damage|p1a: Spoon Master|0 fnt\n|faint|p1a: Spoon Master\n|\n|upkeep\n|\n|t:|1701208422\n|switch|p1a: Bird Up|Skarmory, M, shiny|100\/100\n|turn|8\n|\n|t:|1701208429\n|switch|p2a: Behemoth|Necrozma-Dusk-Mane, shiny|100\/100\n|move|p1a: Bird Up|Stealth Rock|p2a: Behemoth\n|-sidestart|p2: SuperSonic26 AU|move: Stealth Rock\n|\n|upkeep\n|turn|9\n|\n|t:|1701208437\n|switch|p1a: Baby Boom|Maushold-Four, shiny|100\/100\n|move|p2a: Behemoth|Dragon Dance|p2a: Behemoth\n|-boost|p2a: Behemoth|atk|1\n|-boost|p2a: Behemoth|spe|1\n|\n|upkeep\n|turn|10\n|\n|t:|1701208443\n|move|p2a: Behemoth|Photon Geyser|p1a: Baby Boom\n|-damage|p1a: Baby Boom|0 fnt\n|faint|p1a: Baby Boom\n|\n|upkeep\n|\n|t:|1701208454\n|switch|p1a: Minecraft 2|Garganacl, F, shiny|100\/100\n|turn|11\n|\n|t:|1701208462\n|detailschange|p2a: Behemoth|Necrozma-Ultra, shiny\n|-burst|p2a: Behemoth|Necrozma|Ultranecrozium Z\n|move|p2a: Behemoth|Photon Geyser|p1a: Minecraft 2\n|-damage|p1a: Minecraft 2|36\/100\n|move|p1a: Minecraft 2|Salt Cure|p2a: Behemoth\n|-damage|p2a: Behemoth|86\/100\n|-start|p2a: Behemoth|Salt Cure\n|\n|-heal|p1a: Minecraft 2|43\/100|[from] item: Leftovers\n|-damage|p2a: Behemoth|74\/100|[from] Salt Cure\n|upkeep\n|turn|12\n|-message|ImAGirlNow \u2718 forfeited.\n|\n|win|SuperSonic26 AU\n|raw|ImAGirlNow \u2718's rating: 1255 &rarr; <strong>1238<\/strong><br \/>(-17 for losing)\n|raw|SuperSonic26 AU's rating: 1366 &rarr; <strong>1380<\/strong><br \/>(+14 for winning)\n|l|\u2606ImAGirlNow \u2718\n|c|\u2606SuperSonic26 AU|L\n|c|\u2606SuperSonic26 AU|Bad\n","uploadtime":1701208490,"views":0,"p1id":"imagirlnow","p2id":"supersonic26au","formatid":"gen9nationaldexubers","rating":1238,"private":0,"password":""}