{"id":"gen9nationaldexubers-1989129457","p1":"David uwu35","p2":"zMesa","format":"[Gen 9] National Dex Ubers","log":"|j|\u2606David uwu35\n|j|\u2606zMesa\n|t:|1699815383\n|gametype|singles\n|player|p1|David uwu35|shadowtriad|\n|player|p2|zMesa|blue|\n|teamsize|p1|6\n|teamsize|p2|6\n|gen|9\n|tier|[Gen 9] National Dex Ubers\n|rule|HP Percentage Mod: HP is shown in percentages\n|rule|Endless Battle Clause: Forcing endless battles is banned\n|rule|OHKO Clause: OHKO moves are banned\n|rule|Evasion Moves Clause: Evasion moves are banned\n|rule|Evasion Items Clause: Evasion items are banned\n|rule|Species Clause: Limit one of each Pok\u00e9mon\n|rule|Sleep Clause Mod: Limit one foe put to sleep\n|rule|Mega Rayquaza Clause: You cannot mega evolve Rayquaza\n|clearpoke\n|poke|p1|Gholdengo|\n|poke|p1|Dondozo, M|\n|poke|p1|Sableye, M|\n|poke|p1|Chien-Pao|\n|poke|p1|Ursaluna-Bloodmoon, M|\n|poke|p1|Munkidori, M|\n|poke|p2|Ninjask, M|\n|poke|p2|Palafin, F|\n|poke|p2|Ting-Lu|\n|poke|p2|Annihilape, M|\n|poke|p2|Ninetales-Alola, F|\n|poke|p2|Volcarona, M|\n|teampreview\n|\n|t:|1699815407\n|start\n|switch|p1a: Dondozo|Dondozo, M|100\/100\n|switch|p2a: Palafin|Palafin, F|100\/100\n|turn|1\n|\n|t:|1699815416\n|detailschange|p2a: Palafin|Palafin-Hero, F\n|switch|p2a: Volcarona|Volcarona, M|100\/100\n|move|p1a: Dondozo|Curse|p1a: Dondozo\n|-unboost|p1a: Dondozo|spe|1\n|-boost|p1a: Dondozo|atk|1\n|-boost|p1a: Dondozo|def|1\n|\n|upkeep\n|turn|2\n|\n|t:|1699815438\n|move|p2a: Volcarona|Quiver Dance|p2a: Volcarona\n|-boost|p2a: Volcarona|spa|1\n|-boost|p2a: Volcarona|spd|1\n|-boost|p2a: Volcarona|spe|1\n|move|p1a: Dondozo|Wave Crash|p2a: Volcarona\n|-supereffective|p2a: Volcarona\n|-enditem|p2a: Volcarona|Focus Sash\n|-damage|p2a: Volcarona|1\/100\n|-damage|p1a: Dondozo|77\/100|[from] Recoil\n|\n|upkeep\n|turn|3\n|\n|t:|1699815451\n|move|p2a: Volcarona|Giga Drain|p1a: Dondozo\n|-supereffective|p1a: Dondozo\n|-damage|p1a: Dondozo|28\/100\n|-heal|p2a: Volcarona|36\/100|[from] drain|[of] p1a: Dondozo\n|-enditem|p1a: Dondozo|Sitrus Berry|[eat]\n|-heal|p1a: Dondozo|53\/100|[from] item: Sitrus Berry\n|move|p1a: Dondozo|Liquidation|p2a: Volcarona\n|-supereffective|p2a: Volcarona\n|-damage|p2a: Volcarona|0 fnt\n|faint|p2a: Volcarona\n|\n|upkeep\n|\n|t:|1699815463\n|switch|p2a: Ting-Lu|Ting-Lu|100\/100\n|-ability|p2a: Ting-Lu|Vessel of Ruin\n|turn|4\n|\n|t:|1699815471\n|-terastallize|p2a: Ting-Lu|Dark\n|move|p1a: Dondozo|Liquidation|p2a: Ting-Lu\n|-damage|p2a: Ting-Lu|76\/100\n|move|p2a: Ting-Lu|Whirlwind|p1a: Dondozo\n|drag|p1a: Ursaluna|Ursaluna-Bloodmoon, M|100\/100\n|\n|-heal|p2a: Ting-Lu|83\/100|[from] item: Leftovers\n|upkeep\n|turn|5\n|\n|t:|1699815487\n|move|p1a: Ursaluna|Blood Moon|p2a: Ting-Lu\n|-damage|p2a: Ting-Lu|53\/100\n|move|p2a: Ting-Lu|Body Press|p1a: Ursaluna\n|-supereffective|p1a: Ursaluna\n|-damage|p1a: Ursaluna|65\/100\n|\n|-heal|p1a: Ursaluna|71\/100|[from] item: Leftovers\n|-heal|p2a: Ting-Lu|59\/100|[from] item: Leftovers\n|upkeep\n|turn|6\n|\n|t:|1699815500\n|move|p1a: Ursaluna|Calm Mind|p1a: Ursaluna\n|-boost|p1a: Ursaluna|spa|1\n|-boost|p1a: Ursaluna|spd|1\n|move|p2a: Ting-Lu|Spikes|p1a: Ursaluna\n|-sidestart|p1: David uwu35|Spikes\n|\n|-heal|p1a: Ursaluna|77\/100|[from] item: Leftovers\n|-heal|p2a: Ting-Lu|65\/100|[from] item: Leftovers\n|upkeep\n|turn|7\n|\n|t:|1699815511\n|move|p1a: Ursaluna|Blood Moon|p2a: Ting-Lu\n|-damage|p2a: Ting-Lu|18\/100\n|move|p2a: Ting-Lu|Whirlwind|p1a: Ursaluna\n|drag|p1a: Sableye|Sableye, M|100\/100\n|-damage|p1a: Sableye|88\/100|[from] Spikes\n|\n|-heal|p2a: Ting-Lu|24\/100|[from] item: Leftovers\n|upkeep\n|turn|8\n|\n|t:|1699815532\n|switch|p1a: Dondozo|Dondozo, M|53\/100\n|-damage|p1a: Dondozo|41\/100|[from] Spikes\n|move|p2a: Ting-Lu|Stealth Rock|p1a: Dondozo\n|-sidestart|p1: David uwu35|move: Stealth Rock\n|\n|-heal|p2a: Ting-Lu|30\/100|[from] item: Leftovers\n|upkeep\n|turn|9\n|\n|t:|1699815545\n|move|p2a: Ting-Lu|Body Press|p1a: Dondozo\n|-damage|p1a: Dondozo|24\/100\n|move|p1a: Dondozo|Rest|p1a: Dondozo\n|-status|p1a: Dondozo|slp|[from] move: Rest\n|-heal|p1a: Dondozo|100\/100 slp|[silent]\n|\n|-heal|p2a: Ting-Lu|36\/100|[from] item: Leftovers\n|upkeep\n|turn|10\n|\n|t:|1699815605\n|cant|p1a: Dondozo|slp\n|move|p2a: Ting-Lu|Whirlwind|p1a: Dondozo\n|drag|p1a: Sableye|Sableye, M|88\/100\n|-damage|p1a: Sableye|76\/100|[from] Spikes\n|-damage|p1a: Sableye|63\/100|[from] Stealth Rock\n|\n|-heal|p2a: Ting-Lu|42\/100|[from] item: Leftovers\n|upkeep\n|turn|11\n|\n|t:|1699815620\n|move|p1a: Sableye|Knock Off|p2a: Ting-Lu\n|-resisted|p2a: Ting-Lu\n|-damage|p2a: Ting-Lu|34\/100\n|-enditem|p2a: Ting-Lu|Leftovers|[from] move: Knock Off|[of] p1a: Sableye\n|move|p2a: Ting-Lu|Whirlwind|p1a: Sableye\n|drag|p1a: Dondozo|Dondozo, M|100\/100 slp\n|-damage|p1a: Dondozo|88\/100 slp|[from] Spikes\n|-damage|p1a: Dondozo|76\/100 slp|[from] Stealth Rock\n|\n|upkeep\n|turn|12\n|\n|t:|1699815632\n|cant|p1a: Dondozo|slp\n|move|p2a: Ting-Lu|Whirlwind|p1a: Dondozo\n|drag|p1a: Sableye|Sableye, M|63\/100\n|-damage|p1a: Sableye|51\/100|[from] Spikes\n|-damage|p1a: Sableye|38\/100|[from] Stealth Rock\n|\n|upkeep\n|turn|13\n|\n|t:|1699815646\n|move|p1a: Sableye|Knock Off|p2a: Ting-Lu\n|-resisted|p2a: Ting-Lu\n|-damage|p2a: Ting-Lu|29\/100\n|move|p2a: Ting-Lu|Whirlwind|p1a: Sableye\n|drag|p1a: Ursaluna|Ursaluna-Bloodmoon, M|77\/100\n|-damage|p1a: Ursaluna|64\/100|[from] Spikes\n|-damage|p1a: Ursaluna|58\/100|[from] Stealth Rock\n|\n|-heal|p1a: Ursaluna|64\/100|[from] item: Leftovers\n|upkeep\n|turn|14\n|\n|t:|1699815661\n|move|p1a: Ursaluna|Blood Moon|p2a: Ting-Lu\n|-damage|p2a: Ting-Lu|0 fnt\n|faint|p2a: Ting-Lu\n|\n|-heal|p1a: Ursaluna|70\/100|[from] item: Leftovers\n|upkeep\n|\n|t:|1699815677\n|switch|p2a: Ninetales|Ninetales-Alola, F|100\/100\n|-weather|Snow|[from] ability: Snow Warning|[of] p2a: Ninetales\n|turn|15\n|\n|t:|1699815683\n|-terastallize|p1a: Ursaluna|Fairy\n|move|p2a: Ninetales|Aurora Veil|p2a: Ninetales\n|-sidestart|p2: zMesa|move: Aurora Veil\n|move|p1a: Ursaluna|Calm Mind|p1a: Ursaluna\n|-boost|p1a: Ursaluna|spa|1\n|-boost|p1a: Ursaluna|spd|1\n|\n|-weather|Snow|[upkeep]\n|-heal|p1a: Ursaluna|77\/100|[from] item: Leftovers\n|upkeep\n|turn|16\n|\n|t:|1699815697\n|move|p2a: Ninetales|Ice Beam|p1a: Ursaluna\n|-damage|p1a: Ursaluna|58\/100\n|move|p1a: Ursaluna|Calm Mind|p1a: Ursaluna\n|-boost|p1a: Ursaluna|spa|1\n|-boost|p1a: Ursaluna|spd|1\n|\n|-weather|Snow|[upkeep]\n|-heal|p1a: Ursaluna|64\/100|[from] item: Leftovers\n|upkeep\n|turn|17\n|\n|t:|1699815706\n|move|p2a: Ninetales|Ice Beam|p1a: Ursaluna\n|-damage|p1a: Ursaluna|49\/100\n|move|p1a: Ursaluna|Moonlight|p1a: Ursaluna\n|-heal|p1a: Ursaluna|74\/100\n|\n|-weather|Snow|[upkeep]\n|-heal|p1a: Ursaluna|80\/100|[from] item: Leftovers\n|upkeep\n|turn|18\n|\n|t:|1699815719\n|move|p2a: Ninetales|Extrasensory|p1a: Ursaluna\n|-damage|p1a: Ursaluna|70\/100\n|move|p1a: Ursaluna|Blood Moon|p2a: Ninetales\n|-damage|p2a: Ninetales|30\/100\n|\n|-weather|Snow|[upkeep]\n|-heal|p2a: Ninetales|36\/100|[from] item: Leftovers\n|-heal|p1a: Ursaluna|77\/100|[from] item: Leftovers\n|upkeep\n|turn|19\n|\n|t:|1699815730\n|move|p2a: Ninetales|Ice Beam|p1a: Ursaluna\n|-damage|p1a: Ursaluna|61\/100\n|move|p1a: Ursaluna|Earth Power|p2a: Ninetales\n|-damage|p2a: Ninetales|0 fnt\n|faint|p2a: Ninetales\n|\n|-weather|none\n|-heal|p1a: Ursaluna|67\/100|[from] item: Leftovers\n|-sideend|p2: zMesa|move: Aurora Veil\n|upkeep\n|\n|t:|1699815742\n|switch|p2a: Ninjask|Ninjask, M|100\/100\n|turn|20\n|\n|t:|1699815748\n|move|p2a: Ninjask|Swords Dance|p2a: Ninjask\n|-boost|p2a: Ninjask|atk|2\n|move|p1a: Ursaluna|Blood Moon|p2a: Ninjask\n|-enditem|p2a: Ninjask|Focus Sash\n|-damage|p2a: Ninjask|1\/100\n|\n|-heal|p1a: Ursaluna|73\/100|[from] item: Leftovers\n|-ability|p2a: Ninjask|Speed Boost|boost\n|-boost|p2a: Ninjask|spe|1\n|upkeep\n|turn|21\n|\n|t:|1699815761\n|move|p2a: Ninjask|Acrobatics|p1a: Ursaluna\n|-damage|p1a: Ursaluna|14\/100\n|move|p1a: Ursaluna|Moonlight|p1a: Ursaluna\n|-heal|p1a: Ursaluna|64\/100\n|\n|-heal|p1a: Ursaluna|70\/100|[from] item: Leftovers\n|-ability|p2a: Ninjask|Speed Boost|boost\n|-boost|p2a: Ninjask|spe|1\n|upkeep\n|turn|22\n|\n|t:|1699815772\n|move|p2a: Ninjask|Acrobatics|p1a: Ursaluna\n|-damage|p1a: Ursaluna|18\/100\n|move|p1a: Ursaluna|Blood Moon|p2a: Ninjask\n|-damage|p2a: Ninjask|0 fnt\n|faint|p2a: Ninjask\n|\n|-heal|p1a: Ursaluna|24\/100|[from] item: Leftovers\n|upkeep\n|\n|t:|1699815780\n|switch|p2a: Palafin|Palafin-Hero, F|100\/100\n|-activate|p2a: Palafin|ability: Zero to Hero\n|turn|23\n|\n|t:|1699815802\n|move|p2a: Palafin|Jet Punch|p1a: Ursaluna\n|-damage|p1a: Ursaluna|0 fnt\n|faint|p1a: Ursaluna\n|\n|upkeep\n|\n|t:|1699815817\n|switch|p1a: Sableye|Sableye, M|38\/100\n|-damage|p1a: Sableye|26\/100|[from] Spikes\n|-damage|p1a: Sableye|13\/100|[from] Stealth Rock\n|turn|24\n|\n|t:|1699815824\n|move|p2a: Palafin|Jet Punch|p1a: Sableye\n|-damage|p1a: Sableye|0 fnt\n|faint|p1a: Sableye\n|\n|upkeep\n|\n|t:|1699815831\n|switch|p1a: Dondozo|Dondozo, M|76\/100 slp\n|-damage|p1a: Dondozo|63\/100 slp|[from] Spikes\n|-damage|p1a: Dondozo|51\/100 slp|[from] Stealth Rock\n|turn|25\n|\n|t:|1699815846\n|move|p2a: Palafin|Acrobatics|p1a: Dondozo\n|-damage|p1a: Dondozo|36\/100 slp\n|-curestatus|p1a: Dondozo|slp|[msg]\n|move|p1a: Dondozo|Curse|p1a: Dondozo\n|-unboost|p1a: Dondozo|spe|1\n|-boost|p1a: Dondozo|atk|1\n|-boost|p1a: Dondozo|def|1\n|\n|upkeep\n|turn|26\n|\n|t:|1699815860\n|move|p2a: Palafin|Bulk Up|p2a: Palafin\n|-boost|p2a: Palafin|atk|1\n|-boost|p2a: Palafin|def|1\n|move|p1a: Dondozo|Curse|p1a: Dondozo\n|-unboost|p1a: Dondozo|spe|1\n|-boost|p1a: Dondozo|atk|1\n|-boost|p1a: Dondozo|def|1\n|\n|upkeep\n|turn|27\n|\n|t:|1699815870\n|move|p2a: Palafin|Bulk Up|p2a: Palafin\n|-boost|p2a: Palafin|atk|1\n|-boost|p2a: Palafin|def|1\n|move|p1a: Dondozo|Liquidation|p2a: Palafin\n|-resisted|p2a: Palafin\n|-damage|p2a: Palafin|68\/100\n|\n|upkeep\n|turn|28\n|\n|t:|1699815879\n|move|p2a: Palafin|Acrobatics|p1a: Dondozo\n|-damage|p1a: Dondozo|29\/100\n|move|p1a: Dondozo|Liquidation|p2a: Palafin\n|-resisted|p2a: Palafin\n|-damage|p2a: Palafin|33\/100\n|\n|upkeep\n|turn|29\n|\n|t:|1699815892\n|move|p2a: Palafin|Acrobatics|p1a: Dondozo\n|-damage|p1a: Dondozo|22\/100\n|move|p1a: Dondozo|Liquidation|p2a: Palafin\n|-resisted|p2a: Palafin\n|-damage|p2a: Palafin|0 fnt\n|faint|p2a: Palafin\n|\n|upkeep\n|\n|t:|1699815903\n|switch|p2a: Annihilape|Annihilape, M|100\/100\n|turn|30\n|\n|t:|1699815911\n|move|p2a: Annihilape|Bulk Up|p2a: Annihilape\n|-boost|p2a: Annihilape|atk|1\n|-boost|p2a: Annihilape|def|1\n|move|p1a: Dondozo|Wave Crash|p2a: Annihilape\n|-damage|p2a: Annihilape|0 fnt\n|faint|p2a: Annihilape\n|-damage|p1a: Dondozo|0 fnt|[from] Recoil\n|faint|p1a: Dondozo\n|\n|win|David uwu35\n|l|\u2606zMesa\n","uploadtime":1699815925,"views":6,"p1id":"daviduwu35","p2id":"zmesa","formatid":"gen9nationaldexubers","rating":0,"private":0,"password":""}