{"id":"gen9nationaldexubers-1986294534","p1":"Azmo1","p2":"JustMonika_CARR","format":"[Gen 9] National Dex Ubers","log":"|j|\u2606Azmo1\n|j|\u2606JustMonika_CARR\n|t:|1699466952\n|gametype|singles\n|player|p1|Azmo1|crasherwake|1403\n|player|p2|JustMonika_CARR|101|1410\n|teamsize|p1|6\n|teamsize|p2|6\n|gen|9\n|tier|[Gen 9] National Dex Ubers\n|rated|\n|rule|HP Percentage Mod: HP is shown in percentages\n|rule|Endless Battle Clause: Forcing endless battles is banned\n|rule|OHKO Clause: OHKO moves are banned\n|rule|Evasion Moves Clause: Evasion moves are banned\n|rule|Evasion Items Clause: Evasion items are banned\n|rule|Species Clause: Limit one of each Pok\u00e9mon\n|rule|Sleep Clause Mod: Limit one foe put to sleep\n|rule|Mega Rayquaza Clause: You cannot mega evolve Rayquaza\n|clearpoke\n|poke|p1|Groudon|\n|poke|p1|Kyogre|\n|poke|p1|Zacian-*|\n|poke|p1|Marshadow|\n|poke|p1|Arceus|\n|poke|p1|Salamence, M|\n|poke|p2|Marshadow|\n|poke|p2|Lopunny, F|\n|poke|p2|Dialga|\n|poke|p2|Forretress, F|\n|poke|p2|Pheromosa|\n|poke|p2|Grimmsnarl, M|\n|teampreview\n|inactive|Battle timer is ON: inactive players will automatically lose when time's up. (requested by Azmo1)\n|\n|t:|1699466960\n|start\n|switch|p1a: Groudon|Groudon|100\/100\n|switch|p2a: Forretress|Forretress, F, shiny|100\/100\n|detailschange|p1a: Groudon|Groudon-Primal\n|-primal|p1a: Groudon|Red Orb\n|-weather|DesolateLand|[from] ability: Desolate Land|[of] p1a: Groudon\n|turn|1\n|\n|t:|1699466972\n|move|p1a: Groudon|Precipice Blades|p2a: Forretress|[miss]\n|-miss|p1a: Groudon|p2a: Forretress\n|move|p2a: Forretress|Toxic Spikes|p1a: Groudon\n|-sidestart|p1: Azmo1|move: Toxic Spikes\n|\n|-weather|DesolateLand|[upkeep]\n|upkeep\n|turn|2\n|\n|t:|1699466979\n|move|p1a: Groudon|Precipice Blades|p2a: Forretress|[miss]\n|-miss|p1a: Groudon|p2a: Forretress\n|move|p2a: Forretress|Toxic Spikes|p1a: Groudon\n|-sidestart|p1: Azmo1|move: Toxic Spikes\n|\n|-weather|DesolateLand|[upkeep]\n|upkeep\n|turn|3\n|c|\u2606JustMonika_CARR|????\n|c|\u2606JustMonika_CARR|Bruh\n|\n|t:|1699466991\n|move|p1a: Groudon|Precipice Blades|p2a: Forretress\n|-damage|p2a: Forretress|60\/100\n|-enditem|p2a: Forretress|Red Card|[of] p1a: Groudon\n|-weather|none\n|drag|p1a: Kyogre|Kyogre|100\/100\n|-status|p1a: Kyogre|tox\n|detailschange|p1a: Kyogre|Kyogre-Primal\n|-primal|p1a: Kyogre|Blue Orb\n|-weather|PrimordialSea|[from] ability: Primordial Sea|[of] p1a: Kyogre\n|move|p2a: Forretress|Stealth Rock|p1a: Kyogre\n|-sidestart|p1: Azmo1|move: Stealth Rock\n|\n|-weather|PrimordialSea|[upkeep]\n|-damage|p1a: Kyogre|94\/100 tox|[from] psn\n|upkeep\n|turn|4\n|\n|t:|1699467005\n|move|p2a: Forretress|Endure|p2a: Forretress\n|-singleturn|p2a: Forretress|move: Endure\n|move|p1a: Kyogre|Water Spout|p2a: Forretress\n|-activate|p2a: Forretress|move: Endure\n|-damage|p2a: Forretress|1\/100\n|\n|-weather|PrimordialSea|[upkeep]\n|-damage|p1a: Kyogre|82\/100 tox|[from] psn\n|upkeep\n|turn|5\n|\n|t:|1699467016\n|move|p2a: Forretress|Endure|p2a: Forretress\n|-singleturn|p2a: Forretress|move: Endure\n|move|p1a: Kyogre|Ice Beam|p2a: Forretress\n|-resisted|p2a: Forretress\n|-activate|p2a: Forretress|move: Endure\n|-damage|p2a: Forretress|1\/100\n|\n|-weather|PrimordialSea|[upkeep]\n|-damage|p1a: Kyogre|64\/100 tox|[from] psn\n|upkeep\n|turn|6\n|\n|t:|1699467026\n|move|p2a: Forretress|Endure||[still]\n|-fail|p2a: Forretress\n|move|p1a: Kyogre|Ice Beam|p2a: Forretress\n|-resisted|p2a: Forretress\n|-crit|p2a: Forretress\n|-damage|p2a: Forretress|0 fnt\n|faint|p2a: Forretress\n|\n|-weather|PrimordialSea|[upkeep]\n|-damage|p1a: Kyogre|39\/100 tox|[from] psn\n|upkeep\n|\n|t:|1699467037\n|switch|p2a: Lopunny|Lopunny, F, shiny|100\/100\n|turn|7\n|\n|t:|1699467046\n|detailschange|p2a: Lopunny|Lopunny-Mega, F, shiny\n|-mega|p2a: Lopunny|Lopunny|Lopunnite\n|move|p2a: Lopunny|Fake Out|p1a: Kyogre\n|-damage|p1a: Kyogre|17\/100 tox\n|cant|p1a: Kyogre|flinch\n|\n|-weather|PrimordialSea|[upkeep]\n|-damage|p1a: Kyogre|0 fnt|[from] psn\n|faint|p1a: Kyogre\n|-weather|none\n|upkeep\n|\n|t:|1699467060\n|switch|p1a: Zacian|Zacian-Crowned|100\/100\n|-damage|p1a: Zacian|94\/100|[from] Stealth Rock\n|-ability|p1a: Zacian|Intrepid Sword|boost\n|-boost|p1a: Zacian|atk|1\n|turn|8\n|\n|t:|1699467069\n|switch|p2a: Dialga|Dialga, shiny|100\/100\n|-ability|p2a: Dialga|Pressure\n|move|p1a: Zacian|Close Combat|p2a: Dialga\n|-supereffective|p2a: Dialga\n|-damage|p2a: Dialga|0 fnt\n|-unboost|p1a: Zacian|def|1\n|-unboost|p1a: Zacian|spd|1\n|faint|p2a: Dialga\n|\n|upkeep\n|\n|t:|1699467083\n|switch|p2a: Marshadow|Marshadow|100\/100\n|turn|9\n|\n|t:|1699467095\n|-terastallize|p1a: Zacian|Steel\n|move|p1a: Zacian|Behemoth Blade|p2a: Marshadow\n|-crit|p2a: Marshadow\n|-enditem|p2a: Marshadow|Focus Sash\n|-damage|p2a: Marshadow|1\/100\n|move|p2a: Marshadow|Spectral Thief||[still]\n|-clearpositiveboost|p1a: Zacian|p2a: Marshadow|move: Spectral Thief\n|-boost|p2a: Marshadow|atk|1\n|-anim|p2a: Marshadow|Spectral Thief|p1a: Zacian\n|-crit|p1a: Zacian\n|-damage|p1a: Zacian|0 fnt\n|faint|p1a: Zacian\n|\n|upkeep\n|\n|t:|1699467111\n|switch|p1a: Arceus|Arceus|100\/100\n|-status|p1a: Arceus|tox\n|-damage|p1a: Arceus|88\/100 tox|[from] Stealth Rock\n|turn|10\n|\n|t:|1699467116\n|move|p2a: Marshadow|Spectral Thief|p1a: Arceus\n|-immune|p1a: Arceus\n|move|p1a: Arceus|Earthquake|p2a: Marshadow\n|-damage|p2a: Marshadow|0 fnt\n|faint|p2a: Marshadow\n|-damage|p1a: Arceus|78\/100 tox|[from] item: Life Orb\n|\n|-damage|p1a: Arceus|72\/100 tox|[from] psn\n|upkeep\n|c|\u2606JustMonika_CARR|Oh\n|\n|t:|1699467141\n|switch|p2a: Grimmsnarl|Grimmsnarl, M, shiny|100\/100\n|turn|11\n|\n|t:|1699467148\n|move|p2a: Grimmsnarl|Taunt|p1a: Arceus\n|-start|p1a: Arceus|move: Taunt\n|cant|p1a: Arceus|move: Taunt|Swords Dance\n|\n|-damage|p1a: Arceus|60\/100 tox|[from] psn\n|upkeep\n|turn|12\n|\n|t:|1699467157\n|move|p1a: Arceus|Extreme Speed|p2a: Grimmsnarl\n|-damage|p2a: Grimmsnarl|47\/100\n|-damage|p1a: Arceus|50\/100 tox|[from] item: Life Orb\n|move|p2a: Grimmsnarl|Reflect|p2a: Grimmsnarl\n|-sidestart|p2: JustMonika_CARR|Reflect\n|\n|-damage|p1a: Arceus|31\/100 tox|[from] psn\n|upkeep\n|turn|13\n|\n|t:|1699467167\n|move|p1a: Arceus|Extreme Speed|p2a: Grimmsnarl\n|-damage|p2a: Grimmsnarl|18\/100\n|-damage|p1a: Arceus|21\/100 tox|[from] item: Life Orb\n|move|p2a: Grimmsnarl|Spirit Break|p1a: Arceus\n|-crit|p1a: Arceus\n|-damage|p1a: Arceus|0 fnt\n|faint|p1a: Arceus\n|\n|upkeep\n|\n|t:|1699467176\n|switch|p1a: Salamence|Salamence, M|100\/100\n|-damage|p1a: Salamence|76\/100|[from] Stealth Rock\n|-ability|p1a: Salamence|Intimidate|boost\n|-unboost|p2a: Grimmsnarl|atk|1\n|turn|14\n|\n|t:|1699467192\n|detailschange|p1a: Salamence|Salamence-Mega, M\n|-mega|p1a: Salamence|Salamence|Salamencite\n|move|p2a: Grimmsnarl|Taunt|p1a: Salamence\n|-start|p1a: Salamence|move: Taunt\n|move|p1a: Salamence|Return|p2a: Grimmsnarl\n|-damage|p2a: Grimmsnarl|0 fnt\n|faint|p2a: Grimmsnarl\n|\n|upkeep\n|\n|t:|1699467202\n|switch|p2a: Pheromosa|Pheromosa, shiny|100\/100\n|turn|15\n|\n|t:|1699467206\n|move|p2a: Pheromosa|Ice Beam|p1a: Salamence\n|-supereffective|p1a: Salamence\n|-damage|p1a: Salamence|0 fnt\n|faint|p1a: Salamence\n|-ability|p2a: Pheromosa|Beast Boost|boost\n|-boost|p2a: Pheromosa|spa|1\n|\n|upkeep\n|\n|t:|1699467222\n|switch|p1a: Groudon|Groudon-Primal|100\/100\n|-status|p1a: Groudon|tox\n|-damage|p1a: Groudon|88\/100 tox|[from] Stealth Rock\n|-weather|DesolateLand|[from] ability: Desolate Land|[of] p1a: Groudon\n|turn|16\n|\n|t:|1699467230\n|move|p2a: Pheromosa|Ice Beam|p1a: Groudon\n|-damage|p1a: Groudon|54\/100 tox\n|move|p1a: Groudon|Precipice Blades|p2a: Pheromosa\n|-resisted|p2a: Pheromosa\n|-damage|p2a: Pheromosa|55\/100\n|\n|-weather|DesolateLand|[upkeep]\n|-damage|p1a: Groudon|48\/100 tox|[from] psn\n|upkeep\n|turn|17\n|\n|t:|1699467241\n|move|p2a: Pheromosa|Ice Beam|p1a: Groudon\n|-damage|p1a: Groudon|14\/100 tox\n|move|p1a: Groudon|Stone Edge|p2a: Pheromosa|[miss]\n|-miss|p1a: Groudon|p2a: Pheromosa\n|\n|-weather|DesolateLand|[upkeep]\n|-damage|p1a: Groudon|2\/100 tox|[from] psn\n|upkeep\n|turn|18\n|\n|t:|1699467254\n|move|p2a: Pheromosa|Ice Beam|p1a: Groudon\n|-damage|p1a: Groudon|0 fnt\n|faint|p1a: Groudon\n|-weather|none\n|-ability|p2a: Pheromosa|Beast Boost|boost\n|-boost|p2a: Pheromosa|spa|1\n|\n|upkeep\n|\n|t:|1699467257\n|switch|p1a: Marshadow|Marshadow|100\/100\n|-status|p1a: Marshadow|tox\n|-damage|p1a: Marshadow|94\/100 tox|[from] Stealth Rock\n|turn|19\n|\n|t:|1699467267\n|move|p2a: Pheromosa|Ice Beam|p1a: Marshadow\n|-damage|p1a: Marshadow|6\/100 tox\n|-zpower|p1a: Marshadow\n|move|p1a: Marshadow|Soul-Stealing 7-Star Strike|p2a: Pheromosa|[zeffect]\n|-damage|p2a: Pheromosa|0 fnt\n|faint|p2a: Pheromosa\n|\n|-damage|p1a: Marshadow|0 fnt|[from] psn\n|faint|p1a: Marshadow\n|\n|win|JustMonika_CARR\n|upkeep\n|raw|Azmo1's rating: 1403 &rarr; <strong>1383<\/strong><br \/>(-20 for losing)\n|raw|JustMonika_CARR's rating: 1410 &rarr; <strong>1430<\/strong><br \/>(+20 for winning)\n|c|\u2606JustMonika_CARR|Gg\n|l|\u2606Azmo1\n","uploadtime":1699467286,"views":6,"p1id":"azmo1","p2id":"justmonikacarr","formatid":"gen9nationaldexubers","rating":1383,"private":0,"password":""}