{"id":"gen9nationaldexubers-1990115786","p1":"mike not dike","p2":"KarmaNightraide","format":"[Gen 9] National Dex Ubers","log":"|j|\u2606mike not dike\n|j|\u2606KarmaNightraide\n|t:|1699926228\n|gametype|singles\n|player|p1|mike not dike|lucas|1120\n|player|p2|KarmaNightraide|unknown|1242\n|teamsize|p1|6\n|teamsize|p2|6\n|gen|9\n|tier|[Gen 9] National Dex Ubers\n|rated|\n|rule|HP Percentage Mod: HP is shown in percentages\n|rule|Endless Battle Clause: Forcing endless battles is banned\n|rule|OHKO Clause: OHKO moves are banned\n|rule|Evasion Moves Clause: Evasion moves are banned\n|rule|Evasion Items Clause: Evasion items are banned\n|rule|Species Clause: Limit one of each Pok\u00e9mon\n|rule|Sleep Clause Mod: Limit one foe put to sleep\n|rule|Mega Rayquaza Clause: You cannot mega evolve Rayquaza\n|clearpoke\n|poke|p1|Swampert, M|\n|poke|p1|Serperior, M|\n|poke|p1|Incineroar, M|\n|poke|p1|Metagross|\n|poke|p1|Gholdengo|\n|poke|p1|Corviknight, M|\n|poke|p2|Doublade, F|\n|poke|p2|Dusclops, M|\n|poke|p2|Misdreavus, F|\n|poke|p2|Lampent, M|\n|poke|p2|Drakloak, F|\n|poke|p2|Haunter, M|\n|teampreview\n|\n|t:|1699926236\n|start\n|switch|p1a: Serperior|Serperior, M, shiny|100\/100\n|switch|p2a: Mummy|Dusclops, M|100\/100\n|-ability|p2a: Mummy|Pressure\n|turn|1\n|\n|t:|1699926247\n|move|p1a: Serperior|Leaf Storm|p2a: Mummy\n|-damage|p2a: Mummy|71\/100\n|-boost|p1a: Serperior|spa|2\n|move|p2a: Mummy|Leech Life|p1a: Serperior\n|-supereffective|p1a: Serperior\n|-damage|p1a: Serperior|54\/100\n|-heal|p2a: Mummy|100\/100|[from] drain|[of] p1a: Serperior\n|\n|upkeep\n|turn|2\n|inactive|Battle timer is ON: inactive players will automatically lose when time's up. (requested by mike not dike)\n|\n|t:|1699926259\n|move|p1a: Serperior|Giga Drain|p2a: Mummy\n|-damage|p2a: Mummy|64\/100\n|-heal|p1a: Serperior|69\/100|[from] drain|[of] p2a: Mummy\n|move|p2a: Mummy|Leech Life|p1a: Serperior\n|-supereffective|p1a: Serperior\n|-damage|p1a: Serperior|22\/100\n|-heal|p2a: Mummy|94\/100|[from] drain|[of] p1a: Serperior\n|\n|upkeep\n|turn|3\n|\n|t:|1699926268\n|move|p1a: Serperior|Leaf Storm|p2a: Mummy\n|-damage|p2a: Mummy|31\/100\n|-boost|p1a: Serperior|spa|2\n|move|p2a: Mummy|Leech Life|p1a: Serperior\n|-supereffective|p1a: Serperior\n|-damage|p1a: Serperior|0 fnt\n|-heal|p2a: Mummy|45\/100|[from] drain|[of] p1a: Serperior\n|faint|p1a: Serperior\n|\n|upkeep\n|\n|t:|1699926277\n|switch|p1a: Incineroar|Incineroar, M, shiny|100\/100\n|-ability|p1a: Incineroar|Intimidate|boost\n|-unboost|p2a: Mummy|atk|1\n|turn|4\n|\n|t:|1699926283\n|move|p1a: Incineroar|Darkest Lariat|p2a: Mummy\n|-supereffective|p2a: Mummy\n|-damage|p2a: Mummy|0 fnt\n|faint|p2a: Mummy\n|\n|upkeep\n|inactive|KarmaNightraide has 120 seconds left.\n|\n|t:|1699926325\n|switch|p2a: Excadouble|Doublade, F|100\/100\n|turn|5\n|\n|t:|1699926334\n|move|p1a: Incineroar|Blaze Kick|p2a: Excadouble\n|-supereffective|p2a: Excadouble\n|-damage|p2a: Excadouble|52\/100\n|move|p2a: Excadouble|Close Combat|p1a: Incineroar\n|-supereffective|p1a: Incineroar\n|-damage|p1a: Incineroar|22\/100\n|-unboost|p2a: Excadouble|def|1\n|-unboost|p2a: Excadouble|spd|1\n|-enditem|p1a: Incineroar|Sitrus Berry|[eat]\n|-heal|p1a: Incineroar|47\/100|[from] item: Sitrus Berry\n|\n|upkeep\n|turn|6\n|inactive|KarmaNightraide has 120 seconds left.\n|\n|t:|1699926350\n|switch|p2a: LittleLightOfMine|Lampent, M|100\/100\n|move|p1a: Incineroar|Parting Shot|p2a: LittleLightOfMine\n|-unboost|p2a: LittleLightOfMine|atk|1\n|-unboost|p2a: LittleLightOfMine|spa|1\n|\n|t:|1699926357\n|switch|p1a: Swampert|Swampert, M, shiny|100\/100|[from] Parting Shot\n|\n|upkeep\n|turn|7\n|inactive|KarmaNightraide has 120 seconds left.\n|\n|t:|1699926371\n|switch|p2a: Excadouble|Doublade, F|52\/100\n|move|p1a: Swampert|Liquidation|p2a: Excadouble\n|-damage|p2a: Excadouble|27\/100\n|\n|upkeep\n|turn|8\n|inactive|KarmaNightraide has 120 seconds left.\n|\n|t:|1699926399\n|move|p2a: Excadouble|Shadow Sneak|p1a: Swampert\n|-damage|p1a: Swampert|79\/100\n|move|p1a: Swampert|Flip Turn|p2a: Excadouble\n|-damage|p2a: Excadouble|8\/100\n|\n|t:|1699926407\n|switch|p1a: Incineroar|Incineroar, M, shiny|47\/100|[from] Flip Turn\n|-ability|p1a: Incineroar|Intimidate|boost\n|-unboost|p2a: Excadouble|atk|1\n|\n|upkeep\n|turn|9\n|\n|t:|1699926416\n|move|p2a: Excadouble|Shadow Sneak|p1a: Incineroar\n|-resisted|p1a: Incineroar\n|-damage|p1a: Incineroar|40\/100\n|move|p1a: Incineroar|Darkest Lariat|p2a: Excadouble\n|-supereffective|p2a: Excadouble\n|-damage|p2a: Excadouble|0 fnt\n|faint|p2a: Excadouble\n|\n|upkeep\n|inactive|KarmaNightraide has 90 seconds left.\n|\n|t:|1699926456\n|switch|p2a: Don't kiss me yet|Drakloak, F|100\/100\n|turn|10\n|\n|t:|1699926465\n|move|p2a: Don't kiss me yet|Dragon Dance|p2a: Don't kiss me yet\n|-boost|p2a: Don't kiss me yet|atk|1\n|-boost|p2a: Don't kiss me yet|spe|1\n|move|p1a: Incineroar|Parting Shot|p2a: Don't kiss me yet\n|-unboost|p2a: Don't kiss me yet|atk|1\n|-unboost|p2a: Don't kiss me yet|spa|1\n|\n|t:|1699926479\n|switch|p1a: Corviknight|Corviknight, M|100\/100|[from] Parting Shot\n|\n|upkeep\n|turn|11\n|inactive|KarmaNightraide has 90 seconds left.\n|\n|t:|1699926501\n|move|p2a: Don't kiss me yet|Phantom Force||[still]\n|-prepare|p2a: Don't kiss me yet|Phantom Force\n|move|p1a: Corviknight|Iron Defense|p1a: Corviknight\n|-boost|p1a: Corviknight|def|2\n|\n|upkeep\n|turn|12\n|\n|t:|1699926510\n|switch|p1a: Incineroar|Incineroar, M, shiny|40\/100\n|-ability|p1a: Incineroar|Intimidate|boost\n|-unboost|p2a: Don't kiss me yet|atk|1\n|move|p2a: Don't kiss me yet|Phantom Force|p1a: Incineroar|[from]lockedmove\n|-resisted|p1a: Incineroar\n|-damage|p1a: Incineroar|30\/100\n|\n|upkeep\n|turn|13\n|\n|t:|1699926522\n|move|p2a: Don't kiss me yet|Dragon Rush|p1a: Incineroar\n|-damage|p1a: Incineroar|4\/100\n|move|p1a: Incineroar|Darkest Lariat|p2a: Don't kiss me yet\n|-supereffective|p2a: Don't kiss me yet\n|-damage|p2a: Don't kiss me yet|0 fnt\n|faint|p2a: Don't kiss me yet\n|\n|upkeep\n|\n|t:|1699926531\n|switch|p2a: Boo|Haunter, M|100\/100\n|turn|14\n|\n|t:|1699926538\n|move|p2a: Boo|Giga Drain|p1a: Incineroar\n|-resisted|p1a: Incineroar\n|-damage|p1a: Incineroar|0 fnt\n|faint|p1a: Incineroar\n|\n|upkeep\n|\n|t:|1699926544\n|switch|p1a: Gholdengo|Gholdengo|100\/100\n|turn|15\n|inactive|KarmaNightraide has 90 seconds left.\n|\n|t:|1699926556\n|-terastallize|p2a: Boo|Ghost\n|-terastallize|p1a: Gholdengo|Steel\n|move|p2a: Boo|Shadow Ball|p1a: Gholdengo\n|-damage|p1a: Gholdengo|39\/100\n|-unboost|p1a: Gholdengo|spd|1\n|move|p1a: Gholdengo|Shadow Ball|p2a: Boo\n|-supereffective|p2a: Boo\n|-damage|p2a: Boo|0 fnt\n|faint|p2a: Boo\n|\n|upkeep\n|inactive|KarmaNightraide has 90 seconds left.\n|\n|t:|1699926575\n|switch|p2a: Lil Witch|Misdreavus, F|100\/100\n|turn|16\n|\n|t:|1699926587\n|move|p2a: Lil Witch|Shadow Ball|p1a: Gholdengo\n|-damage|p1a: Gholdengo|0 fnt\n|faint|p1a: Gholdengo\n|\n|upkeep\n|\n|t:|1699926591\n|switch|p1a: Swampert|Swampert, M, shiny|79\/100\n|turn|17\n|\n|t:|1699926596\n|move|p2a: Lil Witch|Energy Ball|p1a: Swampert\n|-supereffective|p1a: Swampert\n|-damage|p1a: Swampert|0 fnt\n|faint|p1a: Swampert\n|\n|upkeep\n|-message|mike not dike forfeited.\n|\n|win|KarmaNightraide\n|raw|mike not dike's rating: 1120 &rarr; <strong>1103<\/strong><br \/>(-17 for losing)\n|raw|KarmaNightraide's rating: 1242 &rarr; <strong>1259<\/strong><br \/>(+17 for winning)\n|l|\u2606mike not dike\n","uploadtime":1699926605,"views":17,"p1id":"mikenotdike","p2id":"karmanightraide","formatid":"gen9nationaldexubers","rating":1103,"private":0,"password":""}