{"id":"gen9nationaldexubers-1989493164","p1":"DiamondGaming509","p2":"Caranges","format":"[Gen 9] National Dex Ubers","log":"|j|\u2606DiamondGaming509\n|j|\u2606Caranges\n|t:|1699859936\n|gametype|singles\n|player|p1|DiamondGaming509|lucas|1170\n|player|p2|Caranges|scientistf|1130\n|teamsize|p1|6\n|teamsize|p2|6\n|gen|9\n|tier|[Gen 9] National Dex Ubers\n|rated|\n|rule|HP Percentage Mod: HP is shown in percentages\n|rule|Endless Battle Clause: Forcing endless battles is banned\n|rule|OHKO Clause: OHKO moves are banned\n|rule|Evasion Moves Clause: Evasion moves are banned\n|rule|Evasion Items Clause: Evasion items are banned\n|rule|Species Clause: Limit one of each Pok\u00e9mon\n|rule|Sleep Clause Mod: Limit one foe put to sleep\n|rule|Mega Rayquaza Clause: You cannot mega evolve Rayquaza\n|clearpoke\n|poke|p1|Rayquaza|\n|poke|p1|Groudon|\n|poke|p1|Kyogre|\n|poke|p1|Venusaur, M|\n|poke|p1|Kabutops, M|\n|poke|p1|Aegislash, M|\n|poke|p2|Aron, L1, M|\n|poke|p2|Mimikyu, L1, F|\n|poke|p2|Cottonee, L1, F|\n|poke|p2|Magnemite, L1|\n|poke|p2|Pineco, L1, M|\n|poke|p2|Banette, L1, M|\n|teampreview\n|c|\u2606DiamondGaming509|Hi\n|\n|t:|1699859961\n|start\n|switch|p1a: Groudon Rival|Kyogre|100\/100\n|switch|p2a: Mimikyu|Mimikyu, L1, F|100\/100\n|detailschange|p1a: Groudon Rival|Kyogre-Primal\n|-primal|p1a: Groudon Rival|Blue Orb\n|-weather|PrimordialSea|[from] ability: Primordial Sea|[of] p1a: Groudon Rival\n|turn|1\n|\n|t:|1699859969\n|move|p1a: Groudon Rival|Blizzard|p2a: Mimikyu|[miss]\n|-miss|p1a: Groudon Rival|p2a: Mimikyu\n|move|p2a: Mimikyu|Trick Room|p2a: Mimikyu\n|-fieldstart|move: Trick Room|[of] p2a: Mimikyu\n|\n|-weather|PrimordialSea|[upkeep]\n|upkeep\n|turn|2\n|\n|t:|1699859987\n|move|p2a: Mimikyu|Curse|p1a: Groudon Rival\n|-start|p1a: Groudon Rival|Curse|[of] p2a: Mimikyu\n|-damage|p2a: Mimikyu|50\/100\n|move|p1a: Groudon Rival|Blizzard|p2a: Mimikyu\n|-activate|p2a: Mimikyu|ability: Disguise\n|-damage|p2a: Mimikyu|50\/100\n|-status|p2a: Mimikyu|frz\n|detailschange|p2a: Mimikyu|Mimikyu-Busted, L1, F\n|-damage|p2a: Mimikyu|42\/100 frz|[from] pokemon: Mimikyu-Busted\n|-enditem|p2a: Mimikyu|Red Card|[of] p1a: Groudon Rival\n|-weather|none\n|drag|p1a: Random Pokemon|Venusaur, M|100\/100\n|\n|upkeep\n|turn|3\n|\n|t:|1699860009\n|switch|p2a: Pineco|Pineco, L1, M|100\/100\n|detailschange|p1a: Random Pokemon|Venusaur-Mega, M\n|-mega|p1a: Random Pokemon|Venusaur|Venusaurite\n|move|p1a: Random Pokemon|Earthquake|p2a: Pineco\n|-resisted|p2a: Pineco\n|-ability|p2a: Pineco|Sturdy\n|-damage|p2a: Pineco|9\/100\n|\n|upkeep\n|turn|4\n|c|\u2606DiamondGaming509|what strat is that?\n|-enditem|p2a: Pineco|Custap Berry|[eat]\n|-activate|p2a: Pineco|item: Custap Berry|[consumed]\n|\n|t:|1699860029\n|move|p2a: Pineco|Toxic Spikes|p1a: Random Pokemon\n|-sidestart|p1: DiamondGaming509|move: Toxic Spikes\n|move|p1a: Random Pokemon|Earthquake|p2a: Pineco\n|-resisted|p2a: Pineco\n|-damage|p2a: Pineco|0 fnt\n|faint|p2a: Pineco\n|\n|upkeep\n|\n|t:|1699860032\n|switch|p2a: Mimikyu|Mimikyu-Busted, L1, F|42\/100 frz\n|turn|5\n|\n|t:|1699860040\n|cant|p2a: Mimikyu|frz\n|move|p1a: Random Pokemon|Energy Ball|p2a: Mimikyu\n|-damage|p2a: Mimikyu|0 fnt\n|faint|p2a: Mimikyu\n|\n|-fieldend|move: Trick Room\n|upkeep\n|c|\u2606Caranges|\u770b\u4e0d\u61c2\u82f1\u6587\u5509\n|\n|t:|1699860058\n|switch|p2a: Banette|Banette, L1, M|100\/100\n|turn|6\n|\n|t:|1699860062\n|detailschange|p2a: Banette|Banette-Mega, L1, M\n|-mega|p2a: Banette|Banette|Banettite\n|move|p2a: Banette|Destiny Bond|p2a: Banette\n|-singlemove|p2a: Banette|Destiny Bond\n|move|p1a: Random Pokemon|Sludge Bomb|p2a: Banette\n|-resisted|p2a: Banette\n|-damage|p2a: Banette|0 fnt\n|faint|p2a: Banette\n|-activate|p2a: Banette|move: Destiny Bond\n|faint|p1a: Random Pokemon\n|\n|upkeep\n|\n|t:|1699860076\n|switch|p1a: Groudon Rival|Kyogre-Primal|100\/100\n|switch|p2a: Magnemite|Magnemite, L1|100\/100\n|-status|p1a: Groudon Rival|psn\n|-weather|PrimordialSea|[from] ability: Primordial Sea|[of] p1a: Groudon Rival\n|turn|7\n|\n|t:|1699860083\n|move|p1a: Groudon Rival|Origin Pulse|p2a: Magnemite\n|-ability|p2a: Magnemite|Sturdy\n|-damage|p2a: Magnemite|10\/100\n|-enditem|p2a: Magnemite|Oran Berry|[eat]\n|-heal|p2a: Magnemite|100\/100|[from] item: Oran Berry\n|move|p2a: Magnemite|Recycle|p2a: Magnemite\n|-item|p2a: Magnemite|Oran Berry|[from] move: Recycle\n|\n|-weather|PrimordialSea|[upkeep]\n|-damage|p1a: Groudon Rival|88\/100 psn|[from] psn\n|upkeep\n|turn|8\n|\n|t:|1699860095\n|move|p1a: Groudon Rival|Origin Pulse|p2a: Magnemite\n|-ability|p2a: Magnemite|Sturdy\n|-damage|p2a: Magnemite|10\/100\n|-enditem|p2a: Magnemite|Oran Berry|[eat]\n|-heal|p2a: Magnemite|100\/100|[from] item: Oran Berry\n|move|p2a: Magnemite|Recycle|p2a: Magnemite\n|-item|p2a: Magnemite|Oran Berry|[from] move: Recycle\n|\n|-weather|PrimordialSea|[upkeep]\n|-damage|p1a: Groudon Rival|76\/100 psn|[from] psn\n|upkeep\n|turn|9\n|\n|t:|1699860105\n|move|p1a: Groudon Rival|Origin Pulse|p2a: Magnemite\n|-crit|p2a: Magnemite\n|-ability|p2a: Magnemite|Sturdy\n|-damage|p2a: Magnemite|10\/100\n|-enditem|p2a: Magnemite|Oran Berry|[eat]\n|-heal|p2a: Magnemite|100\/100|[from] item: Oran Berry\n|move|p2a: Magnemite|Recycle|p2a: Magnemite\n|-item|p2a: Magnemite|Oran Berry|[from] move: Recycle\n|\n|-weather|PrimordialSea|[upkeep]\n|-damage|p1a: Groudon Rival|64\/100 psn|[from] psn\n|upkeep\n|turn|10\n|\n|t:|1699860115\n|move|p1a: Groudon Rival|Origin Pulse|p2a: Magnemite\n|-ability|p2a: Magnemite|Sturdy\n|-damage|p2a: Magnemite|10\/100\n|-enditem|p2a: Magnemite|Oran Berry|[eat]\n|-heal|p2a: Magnemite|100\/100|[from] item: Oran Berry\n|move|p2a: Magnemite|Recycle|p2a: Magnemite\n|-item|p2a: Magnemite|Oran Berry|[from] move: Recycle\n|\n|-weather|PrimordialSea|[upkeep]\n|-damage|p1a: Groudon Rival|51\/100 psn|[from] psn\n|upkeep\n|turn|11\n|\n|t:|1699860131\n|move|p1a: Groudon Rival|Calm Mind|p1a: Groudon Rival\n|-boost|p1a: Groudon Rival|spa|1\n|-boost|p1a: Groudon Rival|spd|1\n|move|p2a: Magnemite|Recycle||[still]\n|-fail|p2a: Magnemite\n|\n|-weather|PrimordialSea|[upkeep]\n|-damage|p1a: Groudon Rival|39\/100 psn|[from] psn\n|upkeep\n|turn|12\n|\n|t:|1699860151\n|move|p1a: Groudon Rival|Origin Pulse|p2a: Magnemite|[miss]\n|-miss|p1a: Groudon Rival|p2a: Magnemite\n|move|p2a: Magnemite|Recycle||[still]\n|-fail|p2a: Magnemite\n|\n|-weather|PrimordialSea|[upkeep]\n|-damage|p1a: Groudon Rival|27\/100 psn|[from] psn\n|upkeep\n|turn|13\n|c|\u2606DiamondGaming509|syop\n|c|\u2606DiamondGaming509|stop\n|\n|t:|1699860158\n|move|p1a: Groudon Rival|Origin Pulse|p2a: Magnemite\n|-ability|p2a: Magnemite|Sturdy\n|-damage|p2a: Magnemite|10\/100\n|-enditem|p2a: Magnemite|Oran Berry|[eat]\n|-heal|p2a: Magnemite|100\/100|[from] item: Oran Berry\n|move|p2a: Magnemite|Recycle|p2a: Magnemite\n|-item|p2a: Magnemite|Oran Berry|[from] move: Recycle\n|\n|-weather|PrimordialSea|[upkeep]\n|-damage|p1a: Groudon Rival|14\/100 psn|[from] psn\n|upkeep\n|turn|14\n|\n|t:|1699860168\n|move|p1a: Groudon Rival|Origin Pulse|p2a: Magnemite|[miss]\n|-miss|p1a: Groudon Rival|p2a: Magnemite\n|move|p2a: Magnemite|Recycle||[still]\n|-fail|p2a: Magnemite\n|\n|-weather|PrimordialSea|[upkeep]\n|-damage|p1a: Groudon Rival|2\/100 psn|[from] psn\n|upkeep\n|turn|15\n|\n|t:|1699860175\n|-weather|none\n|switch|p1a: Coexister|Rayquaza|100\/100\n|-ability|p1a: Coexister|Air Lock\n|move|p2a: Magnemite|Recycle||[still]\n|-fail|p2a: Magnemite\n|\n|upkeep\n|turn|16\n|\n|t:|1699860184\n|move|p1a: Coexister|Dragon Ascent|p2a: Magnemite\n|-resisted|p2a: Magnemite\n|-ability|p2a: Magnemite|Sturdy\n|-damage|p2a: Magnemite|10\/100\n|-unboost|p1a: Coexister|def|1\n|-unboost|p1a: Coexister|spd|1\n|-enditem|p2a: Magnemite|Oran Berry|[eat]\n|-heal|p2a: Magnemite|100\/100|[from] item: Oran Berry\n|move|p2a: Magnemite|Toxic|p1a: Coexister\n|-status|p1a: Coexister|tox\n|\n|-damage|p1a: Coexister|94\/100 tox|[from] psn\n|upkeep\n|turn|17\n|\n|t:|1699860198\n|switch|p1a: Random Pokemon 3|Aegislash, M|100\/100\n|move|p2a: Magnemite|Recycle|p2a: Magnemite\n|-item|p2a: Magnemite|Oran Berry|[from] move: Recycle\n|\n|upkeep\n|turn|18\n|\n|t:|1699860212\n|switch|p2a: Aron|Aron, L1, M|100\/100\n|-formechange|p1a: Random Pokemon 3|Aegislash-Blade||[from] ability: Stance Change\n|move|p1a: Random Pokemon 3|Iron Head|p2a: Aron\n|-ability|p2a: Aron|Sturdy\n|-damage|p2a: Aron|9\/100\n|\n|upkeep\n|turn|19\n|\n|t:|1699860220\n|move|p2a: Aron|Protect|p2a: Aron\n|-singleturn|p2a: Aron|Protect\n|move|p1a: Random Pokemon 3|Iron Head|p2a: Aron\n|-activate|p2a: Aron|move: Protect\n|\n|upkeep\n|turn|20\n|\n|t:|1699860226\n|move|p1a: Random Pokemon 3|Iron Head|p2a: Aron\n|-damage|p2a: Aron|0 fnt\n|faint|p2a: Aron\n|\n|upkeep\n|\n|t:|1699860232\n|switch|p2a: Cottonee|Cottonee, L1, F|100\/100\n|turn|21\n|\n|t:|1699860239\n|move|p2a: Cottonee|Leech Seed|p1a: Random Pokemon 3\n|-start|p1a: Random Pokemon 3|move: Leech Seed\n|move|p1a: Random Pokemon 3|Iron Head|p2a: Cottonee\n|-supereffective|p2a: Cottonee\n|-enditem|p2a: Cottonee|Focus Sash\n|-damage|p2a: Cottonee|9\/100\n|\n|-damage|p1a: Random Pokemon 3|88\/100|[from] Leech Seed|[of] p2a: Cottonee\n|-heal|p2a: Cottonee|100\/100|[silent]\n|upkeep\n|turn|22\n|\n|t:|1699860248\n|move|p2a: Cottonee|Substitute|p2a: Cottonee\n|-start|p2a: Cottonee|Substitute\n|-damage|p2a: Cottonee|75\/100\n|move|p1a: Random Pokemon 3|Iron Head|p2a: Cottonee\n|-supereffective|p2a: Cottonee\n|-end|p2a: Cottonee|Substitute\n|\n|-damage|p1a: Random Pokemon 3|76\/100|[from] Leech Seed|[of] p2a: Cottonee\n|-heal|p2a: Cottonee|100\/100|[silent]\n|upkeep\n|turn|23\n|c|\u2606DiamondGaming509|like the strat\n|\n|t:|1699860263\n|switch|p1a: Kyogre Rival|Groudon|100\/100\n|-status|p1a: Kyogre Rival|psn\n|detailschange|p1a: Kyogre Rival|Groudon-Primal\n|-primal|p1a: Kyogre Rival|Red Orb\n|-weather|DesolateLand|[from] ability: Desolate Land|[of] p1a: Kyogre Rival\n|move|p2a: Cottonee|Substitute|p2a: Cottonee\n|-start|p2a: Cottonee|Substitute\n|-damage|p2a: Cottonee|75\/100\n|\n|-weather|DesolateLand|[upkeep]\n|-damage|p1a: Kyogre Rival|88\/100 psn|[from] psn\n|upkeep\n|turn|24\n|\n|t:|1699860273\n|move|p2a: Cottonee|Leech Seed|p1a: Kyogre Rival\n|-start|p1a: Kyogre Rival|move: Leech Seed\n|move|p1a: Kyogre Rival|Precipice Blades|p2a: Cottonee\n|-resisted|p2a: Cottonee\n|-end|p2a: Cottonee|Substitute\n|\n|-weather|DesolateLand|[upkeep]\n|-damage|p1a: Kyogre Rival|76\/100 psn|[from] Leech Seed|[of] p2a: Cottonee\n|-heal|p2a: Cottonee|100\/100|[silent]\n|-damage|p1a: Kyogre Rival|64\/100 psn|[from] psn\n|upkeep\n|turn|25\n|\n|t:|1699860281\n|move|p2a: Cottonee|Substitute|p2a: Cottonee\n|-start|p2a: Cottonee|Substitute\n|-damage|p2a: Cottonee|75\/100\n|move|p1a: Kyogre Rival|Precipice Blades|p2a: Cottonee\n|-resisted|p2a: Cottonee\n|-end|p2a: Cottonee|Substitute\n|\n|-weather|DesolateLand|[upkeep]\n|-damage|p1a: Kyogre Rival|51\/100 psn|[from] Leech Seed|[of] p2a: Cottonee\n|-heal|p2a: Cottonee|100\/100|[silent]\n|-damage|p1a: Kyogre Rival|39\/100 psn|[from] psn\n|upkeep\n|turn|26\n|\n|t:|1699860290\n|move|p2a: Cottonee|Substitute|p2a: Cottonee\n|-start|p2a: Cottonee|Substitute\n|-damage|p2a: Cottonee|75\/100\n|move|p1a: Kyogre Rival|Precipice Blades|p2a: Cottonee\n|-resisted|p2a: Cottonee\n|-end|p2a: Cottonee|Substitute\n|\n|-weather|DesolateLand|[upkeep]\n|-damage|p1a: Kyogre Rival|27\/100 psn|[from] Leech Seed|[of] p2a: Cottonee\n|-heal|p2a: Cottonee|100\/100|[silent]\n|-damage|p1a: Kyogre Rival|15\/100 psn|[from] psn\n|upkeep\n|turn|27\n|\n|t:|1699860305\n|move|p2a: Cottonee|Substitute|p2a: Cottonee\n|-start|p2a: Cottonee|Substitute\n|-damage|p2a: Cottonee|75\/100\n|move|p1a: Kyogre Rival|Precipice Blades|p2a: Cottonee\n|-resisted|p2a: Cottonee\n|-end|p2a: Cottonee|Substitute\n|\n|-weather|DesolateLand|[upkeep]\n|-damage|p1a: Kyogre Rival|2\/100 psn|[from] Leech Seed|[of] p2a: Cottonee\n|-heal|p2a: Cottonee|100\/100|[silent]\n|-damage|p1a: Kyogre Rival|0 fnt|[from] psn\n|faint|p1a: Kyogre Rival\n|-weather|none\n|upkeep\n|-message|DiamondGaming509 forfeited.\n|\n|win|Caranges\n|raw|DiamondGaming509's rating: 1170 &rarr; <strong>1142<\/strong><br \/>(-28 for losing)\n|raw|Caranges's rating: 1130 &rarr; <strong>1158<\/strong><br \/>(+28 for winning)\n","uploadtime":1699860317,"views":10,"p1id":"diamondgaming509","p2id":"caranges","formatid":"gen9nationaldexubers","rating":1142,"private":0,"password":""}