{"id":"gen9nationaldexubers-1980465320","p1":"KingoftheTitans","p2":"3o2o2o2o2o","format":"[Gen 9] National Dex Ubers","log":"|j|\u2606KingoftheTitans\n|j|\u26063o2o2o2o2o\n|t:|1698787476\n|gametype|singles\n|player|p1|KingoftheTitans|265|1314\n|player|p2|3o2o2o2o2o|guitarist-gen3|1390\n|teamsize|p1|6\n|teamsize|p2|6\n|gen|9\n|tier|[Gen 9] National Dex Ubers\n|rated|\n|rule|HP Percentage Mod: HP is shown in percentages\n|rule|Endless Battle Clause: Forcing endless battles is banned\n|rule|OHKO Clause: OHKO moves are banned\n|rule|Evasion Moves Clause: Evasion moves are banned\n|rule|Evasion Items Clause: Evasion items are banned\n|rule|Species Clause: Limit one of each Pok\u00e9mon\n|rule|Sleep Clause Mod: Limit one foe put to sleep\n|rule|Mega Rayquaza Clause: You cannot mega evolve Rayquaza\n|clearpoke\n|poke|p1|Ogerpon-Hearthflame, F|\n|poke|p1|Deoxys-Attack|\n|poke|p1|Salamence, M|\n|poke|p1|Dragapult, M|\n|poke|p1|Darmanitan-Galar, F|\n|poke|p1|Flutter Mane|\n|poke|p2|Necrozma-Dusk-Mane|\n|poke|p2|Groudon|\n|poke|p2|Deoxys-Attack|\n|poke|p2|Marshadow|\n|poke|p2|Cyclizar, F|\n|poke|p2|Kingler, M|\n|teampreview\n|inactive|Battle timer is ON: inactive players will automatically lose when time's up. (requested by 3o2o2o2o2o)\n|\n|t:|1698787482\n|start\n|switch|p1a: Flutter Mane|Flutter Mane, shiny|100\/100\n|switch|p2a: 75% Ronaldo\u263a\ufe0f\ud83d\ude0a|Cyclizar, F|100\/100\n|-enditem|p1a: Flutter Mane|Booster Energy\n|-activate|p1a: Flutter Mane|ability: Protosynthesis|[fromitem]\n|-start|p1a: Flutter Mane|protosynthesisspe\n|turn|1\n|\n|t:|1698787495\n|move|p1a: Flutter Mane|Taunt|p2a: 75% Ronaldo\u263a\ufe0f\ud83d\ude0a\n|-start|p2a: 75% Ronaldo\u263a\ufe0f\ud83d\ude0a|move: Taunt\n|cant|p2a: 75% Ronaldo\u263a\ufe0f\ud83d\ude0a|move: Taunt|Shed Tail\n|\n|upkeep\n|turn|2\n|\n|t:|1698787504\n|move|p1a: Flutter Mane|Moonblast|p2a: 75% Ronaldo\u263a\ufe0f\ud83d\ude0a\n|-supereffective|p2a: 75% Ronaldo\u263a\ufe0f\ud83d\ude0a\n|-damage|p2a: 75% Ronaldo\u263a\ufe0f\ud83d\ude0a|0 fnt\n|faint|p2a: 75% Ronaldo\u263a\ufe0f\ud83d\ude0a\n|\n|upkeep\n|\n|t:|1698787505\n|switch|p2a: Shadow boxer|Marshadow|100\/100\n|turn|3\n|\n|t:|1698787510\n|move|p2a: Shadow boxer|Shadow Sneak|p1a: Flutter Mane\n|-supereffective|p1a: Flutter Mane\n|-damage|p1a: Flutter Mane|0 fnt\n|faint|p1a: Flutter Mane\n|-end|p1a: Flutter Mane|Protosynthesis|[silent]\n|\n|upkeep\n|\n|t:|1698787521\n|switch|p1a: Deoxys|Deoxys-Attack, shiny|100\/100\n|-ability|p1a: Deoxys|Pressure\n|turn|4\n|c|\u26063o2o2o2o2o|Bro\n|\n|t:|1698787528\n|move|p2a: Shadow boxer|Shadow Sneak|p1a: Deoxys\n|-supereffective|p1a: Deoxys\n|-crit|p1a: Deoxys\n|-enditem|p1a: Deoxys|Focus Sash\n|-damage|p1a: Deoxys|1\/100\n|move|p1a: Deoxys|Psycho Boost|p2a: Shadow boxer\n|-supereffective|p2a: Shadow boxer\n|-enditem|p2a: Shadow boxer|Focus Sash\n|-damage|p2a: Shadow boxer|1\/100\n|-unboost|p1a: Deoxys|spa|2\n|\n|upkeep\n|turn|5\n|c|\u2606KingoftheTitans|...\n|c|\u2606KingoftheTitans|huh\n|\n|t:|1698787543\n|switch|p1a: Salamence|Salamence, M, shiny|100\/100\n|-ability|p1a: Salamence|Intimidate|boost\n|-unboost|p2a: Shadow boxer|atk|1\n|move|p2a: Shadow boxer|Shadow Sneak|p1a: Salamence\n|-damage|p1a: Salamence|74\/100\n|\n|upkeep\n|turn|6\n|c|\u26063o2o2o2o2o|Bro moment\n|\n|t:|1698787564\n|detailschange|p1a: Salamence|Salamence-Mega, M, shiny\n|-mega|p1a: Salamence|Salamence|Salamencite\n|move|p2a: Shadow boxer|Spectral Thief|p1a: Salamence\n|-damage|p1a: Salamence|49\/100\n|move|p1a: Salamence|Dragon Dance|p1a: Salamence\n|-boost|p1a: Salamence|atk|1\n|-boost|p1a: Salamence|spe|1\n|\n|upkeep\n|turn|7\n|c|\u2606KingoftheTitans|whoops\n|\n|t:|1698787573\n|move|p2a: Shadow boxer|Shadow Sneak|p1a: Salamence\n|-crit|p1a: Salamence\n|-damage|p1a: Salamence|10\/100\n|move|p1a: Salamence|Body Slam|p2a: Shadow boxer\n|-supereffective|p2a: Shadow boxer\n|-damage|p2a: Shadow boxer|0 fnt\n|faint|p2a: Shadow boxer\n|\n|upkeep\n|\n|t:|1698787590\n|switch|p2a: Ur groudon die lol|Deoxys-Attack, shiny|100\/100\n|-ability|p2a: Ur groudon die lol|Pressure\n|turn|8\n|\n|t:|1698787594\n|move|p2a: Ur groudon die lol|Extreme Speed|p1a: Salamence\n|-damage|p1a: Salamence|0 fnt\n|faint|p1a: Salamence\n|-damage|p2a: Ur groudon die lol|91\/100|[from] item: Life Orb\n|\n|upkeep\n|\n|t:|1698787599\n|switch|p1a: Deoxys|Deoxys-Attack, shiny|1\/100\n|-ability|p1a: Deoxys|Pressure\n|turn|9\n|inactive|3o2o2o2o2o has 120 seconds left.\n|inactive|3o2o2o2o2o has 90 seconds left.\n|\n|t:|1698787687\n|move|p1a: Deoxys|Extreme Speed|p2a: Ur groudon die lol\n|-damage|p2a: Ur groudon die lol|0 fnt\n|faint|p2a: Ur groudon die lol\n|\n|upkeep\n|\n|t:|1698787690\n|switch|p2a: Backbone of ubers|Groudon, shiny|100\/100\n|detailschange|p2a: Backbone of ubers|Groudon-Primal, shiny\n|-primal|p2a: Backbone of ubers|Red Orb\n|-weather|DesolateLand|[from] ability: Desolate Land|[of] p2a: Backbone of ubers\n|turn|10\n|\n|t:|1698787699\n|move|p1a: Deoxys|Psycho Boost|p2a: Backbone of ubers|[miss]\n|-miss|p1a: Deoxys|p2a: Backbone of ubers\n|move|p2a: Backbone of ubers|Heat Crash|p1a: Deoxys\n|-damage|p1a: Deoxys|0 fnt\n|faint|p1a: Deoxys\n|\n|-weather|DesolateLand|[upkeep]\n|upkeep\n|c|\u2606KingoftheTitans|BRO\n|\n|t:|1698787706\n|switch|p1a: Dragapult|Dragapult, M, shiny|100\/100\n|turn|11\n|inactive|3o2o2o2o2o has 90 seconds left.\n|inactive|3o2o2o2o2o has 60 seconds left.\n|\n|t:|1698787761\n|move|p1a: Dragapult|Draco Meteor|p2a: Backbone of ubers\n|-damage|p2a: Backbone of ubers|1\/100\n|-unboost|p1a: Dragapult|spa|2\n|move|p2a: Backbone of ubers|Precipice Blades|p1a: Dragapult\n|-damage|p1a: Dragapult|0 fnt\n|faint|p1a: Dragapult\n|\n|-weather|DesolateLand|[upkeep]\n|upkeep\n|c|\u26063o2o2o2o2o|Skill game\n|\n|t:|1698787770\n|switch|p1a: Darmanitan|Darmanitan-Galar, F, shiny|100\/100\n|turn|12\n|c|\u26063o2o2o2o2o|That had a chance to kill btw\n|c|\u2606KingoftheTitans|:(\n|c|\u26063o2o2o2o2o|Like a good chance\n|\n|t:|1698787795\n|move|p1a: Darmanitan|U-turn|p2a: Backbone of ubers\n|-resisted|p2a: Backbone of ubers\n|-damage|p2a: Backbone of ubers|0 fnt\n|faint|p2a: Backbone of ubers\n|-weather|none\n|\n|t:|1698787799\n|switch|p1a: Ogerpon|Ogerpon-Hearthflame, F|100\/100|[from] U-turn\n|-ability|p1a: Ogerpon|Mold Breaker\n|\n|upkeep\n|c|\u26063o2o2o2o2o|I think\n|\n|t:|1698787803\n|switch|p2a: The mongrinder|Necrozma-Dusk-Mane, shiny|100\/100\n|turn|13\n|j| prince5\n|\n|t:|1698787809\n|detailschange|p2a: The mongrinder|Necrozma-Ultra, shiny\n|-burst|p2a: The mongrinder|Necrozma|Ultranecrozium Z\n|-terastallize|p1a: Ogerpon|Fire\n|detailschange|p1a: Ogerpon|Ogerpon-Hearthflame-Tera, F, tera:Fire\n|-ability|p1a: Ogerpon|Embody Aspect (Hearthflame)|boost\n|-boost|p1a: Ogerpon|atk|1\n|move|p2a: The mongrinder|Dragon Dance|p2a: The mongrinder\n|-boost|p2a: The mongrinder|atk|1\n|-boost|p2a: The mongrinder|spe|1\n|move|p1a: Ogerpon|Ivy Cudgel|p2a: The mongrinder\n|-resisted|p2a: The mongrinder\n|-damage|p2a: The mongrinder|34\/100\n|\n|upkeep\n|turn|14\n|inactive|3o2o2o2o2o has 60 seconds left.\n|\n|t:|1698787822\n|move|p2a: The mongrinder|Earthquake|p1a: Ogerpon\n|-supereffective|p1a: Ogerpon\n|-damage|p1a: Ogerpon|0 fnt\n|faint|p1a: Ogerpon\n|\n|upkeep\n|\n|t:|1698787826\n|switch|p1a: Darmanitan|Darmanitan-Galar, F, shiny|100\/100\n|turn|15\n|c|\u26063o2o2o2o2o|Gg wp\n|\n|t:|1698787833\n|move|p2a: The mongrinder|Sunsteel Strike|p1a: Darmanitan\n|-supereffective|p1a: Darmanitan\n|-damage|p1a: Darmanitan|0 fnt\n|faint|p1a: Darmanitan\n|\n|win|3o2o2o2o2o\n|raw|KingoftheTitans's rating: 1314 &rarr; <strong>1298<\/strong><br \/>(-16 for losing)\n|raw|3o2o2o2o2o's rating: 1378 &rarr; <strong>1394<\/strong><br \/>(+16 for winning)\n|c|\u2606KingoftheTitans|gg :(\n|c|\u26063o2o2o2o2o|:(\n|l|\u26063o2o2o2o2o\n","uploadtime":1698787847,"views":15,"p1id":"kingofthetitans","p2id":"3o2o2o2o2o","formatid":"gen9nationaldexubers","rating":1298,"private":0,"password":""}