{"id":"gen9nationaldexubers-2000284415","p1":"mantidfly","p2":"Nenrmfnfnf","format":"[Gen 9] National Dex Ubers","log":"|j|\u2606mantidfly\n|j|\u2606Nenrmfnfnf\n|t:|1701181248\n|gametype|singles\n|player|p1|mantidfly|rocketgrunt|1254\n|player|p2|Nenrmfnfnf|170|1125\n|teamsize|p1|6\n|teamsize|p2|6\n|gen|9\n|tier|[Gen 9] National Dex Ubers\n|rated|\n|rule|HP Percentage Mod: HP is shown in percentages\n|rule|Endless Battle Clause: Forcing endless battles is banned\n|rule|OHKO Clause: OHKO moves are banned\n|rule|Evasion Moves Clause: Evasion moves are banned\n|rule|Evasion Items Clause: Evasion items are banned\n|rule|Species Clause: Limit one of each Pok\u00e9mon\n|rule|Sleep Clause Mod: Limit one foe put to sleep\n|rule|Mega Rayquaza Clause: You cannot mega evolve Rayquaza\n|clearpoke\n|poke|p1|Salamence, M|\n|poke|p1|Chien-Pao|\n|poke|p1|Deoxys-Speed|\n|poke|p1|Iron Bundle|\n|poke|p1|Necrozma-Dusk-Mane|\n|poke|p1|Sceptile, M|\n|poke|p2|Dracovish|\n|poke|p2|Garchomp, M|\n|poke|p2|Gengar, M|\n|poke|p2|Rayquaza|\n|poke|p2|Lucario, M|\n|poke|p2|Ho-Oh|\n|teampreview\n|inactive|Battle timer is ON: inactive players will automatically lose when time's up. (requested by mantidfly)\n|c|\u2606mantidfly|Glhf\n|\n|t:|1701181261\n|start\n|switch|p1a: Fastasfuc|Deoxys-Speed|100\/100\n|switch|p2a: Lucario|Lucario, M|100\/100\n|-ability|p1a: Fastasfuc|Pressure\n|turn|1\n|\n|t:|1701181270\n|detailschange|p2a: Lucario|Lucario-Mega, M\n|-mega|p2a: Lucario|Lucario|Lucarionite\n|move|p1a: Fastasfuc|Stealth Rock|p2a: Lucario\n|-sidestart|p2: Nenrmfnfnf|move: Stealth Rock\n|move|p2a: Lucario|Meteor Mash|p1a: Fastasfuc|[miss]\n|-miss|p2a: Lucario|p1a: Fastasfuc\n|\n|upkeep\n|turn|2\n|\n|t:|1701181277\n|move|p1a: Fastasfuc|Spikes|p2a: Lucario\n|-sidestart|p2: Nenrmfnfnf|Spikes\n|move|p2a: Lucario|Meteor Mash|p1a: Fastasfuc\n|-damage|p1a: Fastasfuc|23\/100\n|\n|upkeep\n|turn|3\n|\n|t:|1701181283\n|move|p2a: Lucario|Bullet Punch|p1a: Fastasfuc\n|-damage|p1a: Fastasfuc|0 fnt\n|faint|p1a: Fastasfuc\n|\n|upkeep\n|\n|t:|1701181292\n|switch|p1a: Shagaru Magala|Necrozma-Dusk-Mane|100\/100\n|turn|4\n|\n|t:|1701181303\n|detailschange|p1a: Shagaru Magala|Necrozma-Ultra\n|-burst|p1a: Shagaru Magala|Necrozma|Ultranecrozium Z\n|move|p1a: Shagaru Magala|Dragon Dance|p1a: Shagaru Magala\n|-boost|p1a: Shagaru Magala|atk|1\n|-boost|p1a: Shagaru Magala|spe|1\n|move|p2a: Lucario|Meteor Mash|p1a: Shagaru Magala|[miss]\n|-miss|p2a: Lucario|p1a: Shagaru Magala\n|\n|upkeep\n|turn|5\n|\n|t:|1701181314\n|move|p1a: Shagaru Magala|Dragon Dance|p1a: Shagaru Magala\n|-boost|p1a: Shagaru Magala|atk|1\n|-boost|p1a: Shagaru Magala|spe|1\n|move|p2a: Lucario|Meteor Mash|p1a: Shagaru Magala\n|-damage|p1a: Shagaru Magala|31\/100\n|\n|upkeep\n|turn|6\n|\n|t:|1701181322\n|move|p2a: Lucario|Extreme Speed|p1a: Shagaru Magala\n|-damage|p1a: Shagaru Magala|0 fnt\n|faint|p1a: Shagaru Magala\n|\n|upkeep\n|\n|t:|1701181329\n|switch|p1a: Fangs|Chien-Pao|100\/100\n|-ability|p1a: Fangs|Sword of Ruin\n|turn|7\n|\n|t:|1701181335\n|switch|p1a: Frisbee|Salamence, M|100\/100\n|-ability|p1a: Frisbee|Intimidate|boost\n|-unboost|p2a: Lucario|atk|1\n|move|p2a: Lucario|Meteor Mash|p1a: Frisbee\n|-damage|p1a: Frisbee|41\/100\n|\n|upkeep\n|turn|8\n|\n|t:|1701181348\n|switch|p1a: Santa's revenge|Iron Bundle|100\/100\n|-enditem|p1a: Santa's revenge|Booster Energy\n|-activate|p1a: Santa's revenge|ability: Quark Drive|[fromitem]\n|-start|p1a: Santa's revenge|quarkdrivespe\n|move|p2a: Lucario|Meteor Mash|p1a: Santa's revenge\n|-damage|p1a: Santa's revenge|47\/100\n|\n|upkeep\n|turn|9\n|\n|t:|1701181365\n|-terastallize|p1a: Santa's revenge|Ghost\n|move|p1a: Santa's revenge|Hydro Pump|p2a: Lucario\n|-damage|p2a: Lucario|12\/100\n|move|p2a: Lucario|Meteor Mash|p1a: Santa's revenge\n|-damage|p1a: Santa's revenge|0 fnt\n|faint|p1a: Santa's revenge\n|-end|p1a: Santa's revenge|Quark Drive|[silent]\n|\n|upkeep\n|c|\u2606mantidfly|L\n|\n|t:|1701181382\n|switch|p1a: Frisbee|Salamence, M|41\/100\n|-ability|p1a: Frisbee|Intimidate|boost\n|-unboost|p2a: Lucario|atk|1\n|turn|10\n|\n|t:|1701181388\n|switch|p2a: Ho-Oh|Ho-Oh, shiny|100\/100\n|-damage|p2a: Ho-Oh|50\/100|[from] Stealth Rock\n|detailschange|p1a: Frisbee|Salamence-Mega, M\n|-mega|p1a: Frisbee|Salamence|Salamencite\n|move|p1a: Frisbee|Roost|p1a: Frisbee\n|-heal|p1a: Frisbee|91\/100\n|-singleturn|p1a: Frisbee|move: Roost\n|\n|-heal|p2a: Ho-Oh|57\/100|[from] item: Leftovers\n|upkeep\n|turn|11\n|\n|t:|1701181401\n|move|p1a: Frisbee|Double-Edge|p2a: Ho-Oh\n|-damage|p2a: Ho-Oh|0 fnt\n|faint|p2a: Ho-Oh\n|-damage|p1a: Frisbee|68\/100|[from] Recoil\n|\n|upkeep\n|\n|t:|1701181411\n|switch|p2a: Dracovish|Dracovish|100\/100\n|-damage|p2a: Dracovish|88\/100|[from] Stealth Rock\n|-damage|p2a: Dracovish|76\/100|[from] Spikes\n|turn|12\n|\n|t:|1701181416\n|move|p2a: Dracovish|Ice Fang|p1a: Frisbee\n|-supereffective|p1a: Frisbee\n|-damage|p1a: Frisbee|0 fnt\n|faint|p1a: Frisbee\n|\n|upkeep\n|\n|t:|1701181423\n|switch|p1a: Cannabis|Sceptile, M|100\/100\n|turn|13\n|\n|t:|1701181429\n|move|p1a: Cannabis|Endure|p1a: Cannabis\n|-singleturn|p1a: Cannabis|move: Endure\n|move|p2a: Dracovish|Ice Fang|p1a: Cannabis\n|-supereffective|p1a: Cannabis\n|-damage|p1a: Cannabis|4\/100\n|-enditem|p1a: Cannabis|Weakness Policy\n|-boost|p1a: Cannabis|atk|2|[from] item: Weakness Policy\n|-boost|p1a: Cannabis|spa|2|[from] item: Weakness Policy\n|\n|upkeep\n|turn|14\n|\n|t:|1701181438\n|move|p1a: Cannabis|Leaf Blade|p2a: Dracovish\n|-damage|p2a: Dracovish|0 fnt\n|faint|p2a: Dracovish\n|\n|upkeep\n|\n|t:|1701181444\n|switch|p2a: Rayquaza|Rayquaza|100\/100\n|-damage|p2a: Rayquaza|76\/100|[from] Stealth Rock\n|-ability|p2a: Rayquaza|Air Lock\n|turn|15\n|\n|t:|1701181451\n|move|p2a: Rayquaza|Extreme Speed|p1a: Cannabis\n|-damage|p1a: Cannabis|0 fnt\n|faint|p1a: Cannabis\n|-damage|p2a: Rayquaza|66\/100|[from] item: Life Orb\n|\n|upkeep\n|\n|t:|1701181455\n|switch|p1a: Fangs|Chien-Pao|100\/100\n|-ability|p1a: Fangs|Sword of Ruin\n|turn|16\n|\n|t:|1701181463\n|-terastallize|p2a: Rayquaza|Normal\n|move|p1a: Fangs|Icicle Crash|p2a: Rayquaza\n|-damage|p2a: Rayquaza|0 fnt\n|faint|p2a: Rayquaza\n|\n|upkeep\n|\n|t:|1701181470\n|switch|p2a: Lucario|Lucario-Mega, M|12\/100\n|-damage|p2a: Lucario|9\/100|[from] Stealth Rock\n|-damage|p2a: Lucario|0 fnt|[from] Spikes\n|faint|p2a: Lucario\n|\n|t:|1701181476\n|switch|p2a: Gengar|Gengar, M, shiny|100\/100\n|-damage|p2a: Gengar|88\/100|[from] Stealth Rock\n|-damage|p2a: Gengar|76\/100|[from] Spikes\n|turn|17\n|\n|t:|1701181482\n|move|p1a: Fangs|Icicle Crash|p2a: Gengar\n|-damage|p2a: Gengar|0 fnt\n|faint|p2a: Gengar\n|\n|upkeep\n|\n|t:|1701181486\n|switch|p2a: Garchomp|Garchomp, M|100\/100\n|-damage|p2a: Garchomp|94\/100|[from] Stealth Rock\n|-damage|p2a: Garchomp|82\/100|[from] Spikes\n|turn|18\n|\n|t:|1701181492\n|move|p1a: Fangs|Icicle Crash|p2a: Garchomp\n|-supereffective|p2a: Garchomp\n|-damage|p2a: Garchomp|0 fnt\n|faint|p2a: Garchomp\n|\n|win|mantidfly\n|raw|mantidfly's rating: 1254 &rarr; <strong>1270<\/strong><br \/>(+16 for winning)\n|raw|Nenrmfnfnf's rating: 1125 &rarr; <strong>1109<\/strong><br \/>(-16 for losing)\n|l|\u2606Nenrmfnfnf\n|c|\u2606mantidfly|Gg\n","uploadtime":1701181508,"views":1,"p1id":"mantidfly","p2id":"nenrmfnfnf","formatid":"gen9nationaldexubers","rating":1109,"private":0,"password":""}