{"id":"gen9nationaldexubers-1997817794","p1":"Dash346","p2":"RayOfTempest","format":"[Gen 9] National Dex Ubers","log":"|j|\u2606Dash346\n|j|\u2606RayOfTempest\n|t:|1700855952\n|gametype|singles\n|player|p1|Dash346|blackbelt-gen4dp|\n|player|p2|RayOfTempest|colress|\n|teamsize|p1|6\n|teamsize|p2|6\n|gen|9\n|tier|[Gen 9] National Dex Ubers\n|rule|HP Percentage Mod: HP is shown in percentages\n|rule|Endless Battle Clause: Forcing endless battles is banned\n|rule|OHKO Clause: OHKO moves are banned\n|rule|Evasion Moves Clause: Evasion moves are banned\n|rule|Evasion Items Clause: Evasion items are banned\n|rule|Species Clause: Limit one of each Pok\u00e9mon\n|rule|Sleep Clause Mod: Limit one foe put to sleep\n|rule|Mega Rayquaza Clause: You cannot mega evolve Rayquaza\n|clearpoke\n|poke|p1|Thundurus-Therian, M|\n|poke|p1|Aegislash, F|\n|poke|p1|Conkeldurr, M|\n|poke|p1|Venusaur, F|\n|poke|p1|Ceruledge, M|\n|poke|p1|Landorus, M|\n|poke|p2|Forretress, M|\n|poke|p2|Dusclops, M|\n|poke|p2|Enamorus-Therian, F|\n|poke|p2|Kingambit, M|\n|poke|p2|Gallade, M|\n|poke|p2|Glastrier|\n|teampreview\n|j| zark01\n|c|\u2606RayOfTempest|balls\n|c|\u2606Dash346|YOU DIDNT BRING SPECTRIER?????\n|c|\u2606RayOfTempest|If you win you lose your balls\n|j| z2freezy\n|c|\u2606RayOfTempest|dw about it\n|c|\u2606RayOfTempest|so...\n|c|\u2606RayOfTempest|do we just go or we waiting for ppl?\n|c|\u2606Dash346|zak is scope or fil gonna watch?\n|c| zark01|gl to both of you :)\n|j| Filler Memestar\n|c| Filler Memestar|I am here\n|c|\u2606RayOfTempest|he is here\n|c|\u2606Dash346|im ready whenever just waiting to see what you send out\n|c|\u2606RayOfTempest|well\n|c|\u2606RayOfTempest|here goes nothin\n|\n|t:|1700856120\n|start\n|switch|p1a: Lando with no T|Landorus, M|100\/100\n|switch|p2a: Steve|Forretress, M|100\/100\n|turn|1\n|\n|t:|1700856132\n|move|p1a: Lando with no T|Stealth Rock|p2a: Steve\n|-sidestart|p2: RayOfTempest|move: Stealth Rock\n|move|p2a: Steve|Spikes|p1a: Lando with no T\n|-sidestart|p1: Dash346|Spikes\n|\n|upkeep\n|turn|2\n|c|\u2606RayOfTempest|why tf is showdown lagging lmao\n|\n|t:|1700856152\n|move|p1a: Lando with no T|Earth Power|p2a: Steve\n|-damage|p2a: Steve|25\/100\n|move|p2a: Steve|Rapid Spin|p1a: Lando with no T\n|-damage|p1a: Lando with no T|87\/100\n|-boost|p2a: Steve|spe|1\n|-sideend|p2: RayOfTempest|Stealth Rock|[from] move: Rapid Spin|[of] p2a: Steve\n|\n|-heal|p2a: Steve|31\/100|[from] item: Leftovers\n|upkeep\n|turn|3\n|\n|t:|1700856169\n|switch|p2a: Jobs|Enamorus-Therian, F|100\/100\n|move|p1a: Lando with no T|Earth Power|p2a: Jobs\n|-immune|p2a: Jobs\n|\n|upkeep\n|turn|4\n|\n|t:|1700856225\n|move|p1a: Lando with no T|Sludge Wave|p2a: Jobs\n|-supereffective|p2a: Jobs\n|-damage|p2a: Jobs|19\/100\n|move|p2a: Jobs|Calm Mind|p2a: Jobs\n|-boost|p2a: Jobs|spa|1\n|-boost|p2a: Jobs|spd|1\n|\n|upkeep\n|turn|5\n|inactive|Battle timer is ON: inactive players will automatically lose when time's up. (requested by Dash346)\n|inactiveoff|Battle timer is now OFF.\n|j| mekan7\n|c|\u2606RayOfTempest|welp\n|\n|t:|1700856327\n|move|p1a: Lando with no T|Sludge Wave|p2a: Jobs\n|-supereffective|p2a: Jobs\n|-damage|p2a: Jobs|0 fnt\n|faint|p2a: Jobs\n|\n|upkeep\n|\n|t:|1700856334\n|switch|p2a: Ramsey|Gallade, M|100\/100\n|turn|6\n|l|\u2606Dash346\n|player|p1|\n|j|\u2606Dash346\n|player|p1|Dash346|blackbelt-gen4dp\n|c|\u2606Dash346|tf happened\n|c|\u2606RayOfTempest|did bro go to switch his avatar lmao\n|c|\u2606Dash346|idk man\n|\n|t:|1700856406\n|detailschange|p2a: Ramsey|Gallade-Mega, M\n|-mega|p2a: Ramsey|Gallade|Galladite\n|move|p1a: Lando with no T|Stealth Rock|p2a: Ramsey\n|-sidestart|p2: RayOfTempest|move: Stealth Rock\n|move|p2a: Ramsey|Triple Axel|p1a: Lando with no T\n|-supereffective|p1a: Lando with no T\n|-damage|p1a: Lando with no T|42\/100\n|-supereffective|p1a: Lando with no T\n|-damage|p1a: Lando with no T|0 fnt\n|faint|p1a: Lando with no T\n|-hitcount|p1: Lando with no T|2\n|\n|upkeep\n|c| z2freezy|i wouldnt let that slide\n|\n|t:|1700856419\n|switch|p1a: Vander|Ceruledge, M|100\/100\n|-damage|p1a: Vander|88\/100|[from] Spikes\n|turn|7\n|c| mekan7|so dash I thought ray leading spectrier was absolutely certain\n|c| mekan7|sussy balls\n|c|\u2606Dash346|idk why the fuck he didnt bring it\n|c| mekan7|the question of the day\n|c|\u2606Dash346|this team is clearly lacking in calories\n|c| z2freezy|baskin robbins large oreo shake\n|\n|t:|1700856499\n|switch|p2a: Steve|Forretress, M|31\/100\n|-damage|p2a: Steve|19\/100|[from] Stealth Rock\n|move|p1a: Vander|Poltergeist|p2a: Steve\n|-activate|p2a: Steve|move: Poltergeist|Leftovers\n|-damage|p2a: Steve|0 fnt\n|faint|p2a: Steve\n|\n|upkeep\n|\n|t:|1700856507\n|switch|p2a: Guga|Kingambit, M|100\/100\n|-damage|p2a: Guga|94\/100|[from] Stealth Rock\n|-activate|p2a: Guga|ability: Supreme Overlord\n|-start|p2a: Guga|fallen2|[silent]\n|turn|8\n|\n|t:|1700856522\n|switch|p1a: Coughing Bomb|Venusaur, F|100\/100\n|-damage|p1a: Coughing Bomb|88\/100|[from] Spikes\n|move|p2a: Guga|Sucker Punch||[still]\n|-fail|p2a: Guga\n|\n|upkeep\n|turn|9\n|\n|t:|1700856576\n|-end|p2a: Guga|fallen2|[silent]\n|switch|p2a: 2000 Calories|Glastrier|100\/100\n|-damage|p2a: 2000 Calories|75\/100|[from] Stealth Rock\n|move|p1a: Coughing Bomb|Reflect|p1a: Coughing Bomb\n|-sidestart|p1: Dash346|Reflect\n|\n|-heal|p2a: 2000 Calories|82\/100|[from] item: Leftovers\n|upkeep\n|turn|10\n|\n|t:|1700856589\n|detailschange|p1a: Coughing Bomb|Venusaur-Mega, F\n|-mega|p1a: Coughing Bomb|Venusaur|Venusaurite\n|move|p1a: Coughing Bomb|Earth Power|p2a: 2000 Calories\n|-damage|p2a: 2000 Calories|64\/100\n|move|p2a: 2000 Calories|Swords Dance|p2a: 2000 Calories\n|-boost|p2a: 2000 Calories|atk|2\n|\n|-heal|p2a: 2000 Calories|70\/100|[from] item: Leftovers\n|upkeep\n|turn|11\n|\n|t:|1700856605\n|move|p1a: Coughing Bomb|Light Screen|p1a: Coughing Bomb\n|-sidestart|p1: Dash346|move: Light Screen\n|move|p2a: 2000 Calories|Swords Dance|p2a: 2000 Calories\n|-boost|p2a: 2000 Calories|atk|2\n|\n|-heal|p2a: 2000 Calories|76\/100|[from] item: Leftovers\n|upkeep\n|turn|12\n|\n|t:|1700856612\n|move|p1a: Coughing Bomb|Earth Power|p2a: 2000 Calories\n|-damage|p2a: 2000 Calories|57\/100\n|move|p2a: 2000 Calories|Icicle Crash|p1a: Coughing Bomb\n|-supereffective|p1a: Coughing Bomb\n|-damage|p1a: Coughing Bomb|47\/100\n|\n|-heal|p2a: 2000 Calories|63\/100|[from] item: Leftovers\n|upkeep\n|turn|13\n|\n|t:|1700856624\n|move|p1a: Coughing Bomb|Earth Power|p2a: 2000 Calories\n|-damage|p2a: 2000 Calories|43\/100\n|move|p2a: 2000 Calories|Icicle Crash|p1a: Coughing Bomb\n|-supereffective|p1a: Coughing Bomb\n|-damage|p1a: Coughing Bomb|6\/100\n|\n|-heal|p2a: 2000 Calories|50\/100|[from] item: Leftovers\n|-sideend|p1: Dash346|Reflect\n|upkeep\n|turn|14\n|c| z2freezy|weak ass horse\n|\n|t:|1700856632\n|move|p1a: Coughing Bomb|Synthesis|p1a: Coughing Bomb\n|-heal|p1a: Coughing Bomb|56\/100\n|move|p2a: 2000 Calories|Icicle Crash|p1a: Coughing Bomb\n|-supereffective|p1a: Coughing Bomb\n|-damage|p1a: Coughing Bomb|0 fnt\n|faint|p1a: Coughing Bomb\n|-ability|p2a: 2000 Calories|Chilling Neigh|boost\n|-boost|p2a: 2000 Calories|atk|1\n|\n|-heal|p2a: 2000 Calories|56\/100|[from] item: Leftovers\n|upkeep\n|c| z2freezy|nvm\n|\n|t:|1700856641\n|switch|p1a: Vander|Ceruledge, M|88\/100\n|-damage|p1a: Vander|76\/100|[from] Spikes\n|turn|15\n|c|\u2606Dash346|I forgot to set the tera but whatever i can do this right\n|\n|t:|1700856729\n|-terastallize|p2a: 2000 Calories|Electric\n|move|p1a: Vander|Bitter Blade|p2a: 2000 Calories\n|-damage|p2a: 2000 Calories|26\/100\n|-heal|p1a: Vander|96\/100|[from] drain|[of] p2a: 2000 Calories\n|move|p2a: 2000 Calories|High Horsepower|p1a: Vander\n|-supereffective|p1a: Vander\n|-damage|p1a: Vander|0 fnt\n|faint|p1a: Vander\n|-ability|p2a: 2000 Calories|Chilling Neigh|boost\n|-boost|p2a: 2000 Calories|atk|1\n|\n|-heal|p2a: 2000 Calories|32\/100|[from] item: Leftovers\n|-sideend|p1: Dash346|move: Light Screen\n|upkeep\n|\n|t:|1700856742\n|switch|p1a: Conk'd up|Conkeldurr, M|100\/100\n|-damage|p1a: Conk'd up|88\/100|[from] Spikes\n|turn|16\n|c|\u2606Dash346|decent mix\n|\n|t:|1700856779\n|switch|p2a: Malter Mhite|Dusclops, M|100\/100\n|-damage|p2a: Malter Mhite|88\/100|[from] Stealth Rock\n|-ability|p2a: Malter Mhite|Pressure\n|move|p1a: Conk'd up|Protect||[still]\n|-fail|p1a: Conk'd up\n|\n|-status|p1a: Conk'd up|brn|[from] item: Flame Orb\n|upkeep\n|turn|17\n|\n|t:|1700856791\n|switch|p1a: Hungry|Aegislash, F|100\/100\n|-damage|p1a: Hungry|88\/100|[from] Spikes\n|move|p2a: Malter Mhite|Trick Room|p2a: Malter Mhite\n|-fieldstart|move: Trick Room|[of] p2a: Malter Mhite\n|\n|upkeep\n|turn|18\n|\n|t:|1700856807\n|move|p2a: Malter Mhite|Taunt|p1a: Hungry\n|-start|p1a: Hungry|move: Taunt\n|cant|p1a: Hungry|move: Taunt|Swords Dance\n|\n|upkeep\n|turn|19\n|\n|t:|1700856818\n|switch|p2a: Guga|Kingambit, M|94\/100\n|-damage|p2a: Guga|88\/100|[from] Stealth Rock\n|-activate|p2a: Guga|ability: Supreme Overlord\n|-start|p2a: Guga|fallen2|[silent]\n|switch|p1a: Conk'd up|Conkeldurr, M|88\/100 brn\n|-damage|p1a: Conk'd up|76\/100 brn|[from] Spikes\n|\n|-damage|p1a: Conk'd up|70\/100 brn|[from] brn\n|upkeep\n|turn|20\n|\n|t:|1700856853\n|-end|p2a: Guga|fallen2|[silent]\n|switch|p2a: Malter Mhite|Dusclops, M|88\/100\n|-damage|p2a: Malter Mhite|76\/100|[from] Stealth Rock\n|-ability|p2a: Malter Mhite|Pressure\n|move|p1a: Conk'd up|Mach Punch|p2a: Malter Mhite\n|-immune|p2a: Malter Mhite\n|\n|-damage|p1a: Conk'd up|64\/100 brn|[from] brn\n|upkeep\n|turn|21\n|\n|t:|1700856867\n|switch|p1a: Hungry|Aegislash, F|88\/100\n|-damage|p1a: Hungry|76\/100|[from] Spikes\n|move|p2a: Malter Mhite|Brick Break|p1a: Hungry\n|-immune|p1a: Hungry\n|\n|-fieldend|move: Trick Room\n|upkeep\n|turn|22\n|\n|t:|1700856875\n|move|p1a: Hungry|Swords Dance|p1a: Hungry\n|-boost|p1a: Hungry|atk|2\n|move|p2a: Malter Mhite|Trick Room|p2a: Malter Mhite\n|-fieldstart|move: Trick Room|[of] p2a: Malter Mhite\n|\n|upkeep\n|turn|23\n|\n|t:|1700856918\n|-formechange|p1a: Hungry|Aegislash-Blade||[from] ability: Stance Change\n|move|p1a: Hungry|Shadow Sneak|p2a: Malter Mhite\n|-supereffective|p2a: Malter Mhite\n|-damage|p2a: Malter Mhite|8\/100\n|move|p2a: Malter Mhite|Taunt|p1a: Hungry\n|-start|p1a: Hungry|move: Taunt\n|\n|upkeep\n|turn|24\n|\n|t:|1700856930\n|move|p1a: Hungry|Shadow Sneak|p2a: Malter Mhite\n|-supereffective|p2a: Malter Mhite\n|-damage|p2a: Malter Mhite|0 fnt\n|faint|p2a: Malter Mhite\n|\n|upkeep\n|\n|t:|1700856941\n|switch|p2a: Guga|Kingambit, M|88\/100\n|-damage|p2a: Guga|82\/100|[from] Stealth Rock\n|-activate|p2a: Guga|ability: Supreme Overlord\n|-start|p2a: Guga|fallen3|[silent]\n|turn|25\n|\n|t:|1700856959\n|switch|p1a: Conk'd up|Conkeldurr, M|64\/100 brn\n|-damage|p1a: Conk'd up|51\/100 brn|[from] Spikes\n|move|p2a: Guga|Swords Dance|p2a: Guga\n|-boost|p2a: Guga|atk|2\n|\n|-damage|p1a: Conk'd up|45\/100 brn|[from] brn\n|upkeep\n|turn|26\n|\n|t:|1700856973\n|move|p1a: Conk'd up|Mach Punch|p2a: Guga\n|-supereffective|p2a: Guga\n|-damage|p2a: Guga|0 fnt\n|faint|p2a: Guga\n|-end|p2a: Guga|fallen3|[silent]\n|\n|-damage|p1a: Conk'd up|39\/100 brn|[from] brn\n|-fieldend|move: Trick Room\n|upkeep\n|\n|t:|1700856986\n|switch|p2a: Ramsey|Gallade-Mega, M|100\/100\n|-damage|p2a: Ramsey|94\/100|[from] Stealth Rock\n|turn|27\n|c|\u2606Dash346|mach punch beats sucker punch\n|c|\u2606RayOfTempest|mfw\n|\n|t:|1700857063\n|move|p2a: Ramsey|Triple Axel|p1a: Conk'd up\n|-damage|p1a: Conk'd up|30\/100 brn\n|-damage|p1a: Conk'd up|15\/100 brn\n|-damage|p1a: Conk'd up|0 fnt\n|faint|p1a: Conk'd up\n|-hitcount|p1: Conk'd up|3\n|\n|upkeep\n|\n|t:|1700857072\n|switch|p1a: Hungry|Aegislash, F|76\/100\n|-damage|p1a: Hungry|64\/100|[from] Spikes\n|turn|28\n|\n|t:|1700857124\n|move|p1a: Hungry|Swords Dance|p1a: Hungry\n|-boost|p1a: Hungry|atk|2\n|move|p2a: Ramsey|Trick Room|p2a: Ramsey\n|-fieldstart|move: Trick Room|[of] p2a: Ramsey\n|\n|upkeep\n|turn|29\n|c| z2freezy|somebody is famished\n|\n|t:|1700857145\n|move|p1a: Hungry|King's Shield|p1a: Hungry\n|-singleturn|p1a: Hungry|Protect\n|move|p2a: Ramsey|Triple Axel|p1a: Hungry\n|-activate|p1a: Hungry|move: Protect\n|-unboost|p2a: Ramsey|atk|1\n|\n|upkeep\n|turn|30\n|\n|t:|1700857158\n|-formechange|p1a: Hungry|Aegislash-Blade||[from] ability: Stance Change\n|move|p1a: Hungry|Shadow Sneak|p2a: Ramsey\n|-supereffective|p2a: Ramsey\n|-damage|p2a: Ramsey|0 fnt\n|faint|p2a: Ramsey\n|\n|upkeep\n|\n|t:|1700857164\n|switch|p2a: 2000 Calories|Glastrier, tera:Electric|32\/100\n|-damage|p2a: 2000 Calories|20\/100|[from] Stealth Rock\n|turn|31\n|c|\u2606Dash346|gg\n|\n|t:|1700857174\n|move|p1a: Hungry|Shadow Sneak|p2a: 2000 Calories\n|-damage|p2a: 2000 Calories|0 fnt\n|faint|p2a: 2000 Calories\n|\n|win|Dash346\n|c|\u2606RayOfTempest|gg\n|l| Filler Memestar\n|l|\u2606RayOfTempest\n","uploadtime":1700857199,"views":24,"p1id":"dash346","p2id":"rayoftempest","formatid":"gen9nationaldexubers","rating":0,"private":0,"password":""}