{"id":"gen9nationaldexubers-1984173639","p1":"0308006b","p2":"XYZ15","format":"[Gen 9] National Dex Ubers","log":"|j|\u26060308006b\n|j|\u2606XYZ15\n|t:|1699226459\n|gametype|singles\n|player|p1|0308006b|fisherman-gen4|1353\n|player|p2|XYZ15|rei|1287\n|teamsize|p1|6\n|teamsize|p2|6\n|gen|9\n|tier|[Gen 9] National Dex Ubers\n|rated|\n|rule|HP Percentage Mod: HP is shown in percentages\n|rule|Endless Battle Clause: Forcing endless battles is banned\n|rule|OHKO Clause: OHKO moves are banned\n|rule|Evasion Moves Clause: Evasion moves are banned\n|rule|Evasion Items Clause: Evasion items are banned\n|rule|Species Clause: Limit one of each Pok\u00e9mon\n|rule|Sleep Clause Mod: Limit one foe put to sleep\n|rule|Mega Rayquaza Clause: You cannot mega evolve Rayquaza\n|clearpoke\n|poke|p1|Necrozma-Dusk-Mane|\n|poke|p1|Regieleki|\n|poke|p1|Chi-Yu|\n|poke|p1|Kyogre|\n|poke|p1|Marshadow|\n|poke|p1|Salamence, F|\n|poke|p2|Darmanitan-Galar, F|\n|poke|p2|Kyogre|\n|poke|p2|Marshadow|\n|poke|p2|Magearna|\n|poke|p2|Salamence, F|\n|poke|p2|Ho-Oh|\n|teampreview\n|\n|t:|1699226469\n|start\n|switch|p1a: Regieleki|Regieleki|100\/100\n|switch|p2a: Darmanitan|Darmanitan-Galar, F|100\/100\n|turn|1\n|\n|t:|1699226475\n|switch|p2a: Magearna|Magearna|100\/100\n|move|p1a: Regieleki|Reflect|p1a: Regieleki\n|-sidestart|p1: 0308006b|Reflect\n|\n|upkeep\n|turn|2\n|\n|t:|1699226481\n|move|p1a: Regieleki|Light Screen|p1a: Regieleki\n|-sidestart|p1: 0308006b|move: Light Screen\n|move|p2a: Magearna|Fleur Cannon|p1a: Regieleki\n|-damage|p1a: Regieleki|31\/100\n|-unboost|p2a: Magearna|spa|2\n|\n|upkeep\n|turn|3\n|\n|t:|1699226485\n|move|p1a: Regieleki|Volt Switch|p2a: Magearna\n|-damage|p2a: Magearna|80\/100\n|\n|t:|1699226488\n|switch|p1a: Necrozma|Necrozma-Dusk-Mane|100\/100|[from] Volt Switch\n|move|p2a: Magearna|Volt Switch|p1a: Necrozma\n|-damage|p1a: Necrozma|95\/100\n|\n|t:|1699226498\n|switch|p2a: Darmanitan|Darmanitan-Galar, F|100\/100|[from] Volt Switch\n|\n|upkeep\n|turn|4\n|\n|t:|1699226505\n|move|p2a: Darmanitan|U-turn|p1a: Necrozma\n|-damage|p1a: Necrozma|82\/100\n|\n|t:|1699226507\n|switch|p2a: Ho-Oh|Ho-Oh|100\/100|[from] U-turn\n|move|p1a: Necrozma|Dragon Dance|p1a: Necrozma\n|-boost|p1a: Necrozma|atk|1\n|-boost|p1a: Necrozma|spe|1\n|\n|upkeep\n|turn|5\n|\n|t:|1699226518\n|switch|p2a: Salamence|Salamence, F|100\/100\n|-ability|p2a: Salamence|Intimidate|boost\n|-unboost|p1a: Necrozma|atk|1\n|move|p1a: Necrozma|Psychic Fangs|p2a: Salamence\n|-damage|p2a: Salamence|25\/100\n|\n|upkeep\n|turn|6\n|\n|t:|1699226540\n|switch|p2a: Kyogre|Kyogre|100\/100\n|detailschange|p2a: Kyogre|Kyogre-Primal\n|-primal|p2a: Kyogre|Blue Orb\n|-weather|PrimordialSea|[from] ability: Primordial Sea|[of] p2a: Kyogre\n|move|p1a: Necrozma|Dragon Dance|p1a: Necrozma\n|-boost|p1a: Necrozma|atk|1\n|-boost|p1a: Necrozma|spe|1\n|\n|-weather|PrimordialSea|[upkeep]\n|upkeep\n|turn|7\n|\n|t:|1699226546\n|move|p1a: Necrozma|Psychic Fangs|p2a: Kyogre\n|-damage|p2a: Kyogre|18\/100\n|move|p2a: Kyogre|Origin Pulse|p1a: Necrozma\n|-crit|p1a: Necrozma\n|-damage|p1a: Necrozma|0 fnt\n|faint|p1a: Necrozma\n|\n|-weather|PrimordialSea|[upkeep]\n|upkeep\n|\n|t:|1699226559\n|switch|p1a: Marshadow|Marshadow|100\/100\n|turn|8\n|\n|t:|1699226567\n|move|p1a: Marshadow|Force Palm|p2a: Kyogre\n|-damage|p2a: Kyogre|0 fnt\n|faint|p2a: Kyogre\n|-weather|none\n|\n|-sideend|p1: 0308006b|Reflect\n|upkeep\n|\n|t:|1699226576\n|switch|p2a: Magearna|Magearna|80\/100\n|turn|9\n|\n|t:|1699226580\n|switch|p1a: Regieleki|Regieleki|31\/100\n|move|p2a: Magearna|Fleur Cannon|p1a: Regieleki\n|-damage|p1a: Regieleki|0 fnt\n|-unboost|p2a: Magearna|spa|2\n|faint|p1a: Regieleki\n|-ability|p2a: Magearna|Soul-Heart|boost\n|-boost|p2a: Magearna|spa|1\n|\n|-sideend|p1: 0308006b|move: Light Screen\n|upkeep\n|\n|t:|1699226587\n|switch|p1a: Marshadow|Marshadow|100\/100\n|turn|10\n|\n|t:|1699226589\n|move|p1a: Marshadow|Bulk Up|p1a: Marshadow\n|-boost|p1a: Marshadow|atk|1\n|-boost|p1a: Marshadow|def|1\n|move|p2a: Magearna|Fleur Cannon|p1a: Marshadow\n|-supereffective|p1a: Marshadow\n|-damage|p1a: Marshadow|0 fnt\n|-unboost|p2a: Magearna|spa|2\n|faint|p1a: Marshadow\n|-ability|p2a: Magearna|Soul-Heart|boost\n|-boost|p2a: Magearna|spa|1\n|\n|upkeep\n|\n|t:|1699226602\n|switch|p1a: Kyogre|Kyogre|100\/100\n|detailschange|p1a: Kyogre|Kyogre-Primal\n|-primal|p1a: Kyogre|Blue Orb\n|-weather|PrimordialSea|[from] ability: Primordial Sea|[of] p1a: Kyogre\n|turn|11\n|\n|t:|1699226610\n|switch|p2a: Ho-Oh|Ho-Oh|100\/100\n|move|p1a: Kyogre|Thunder|p2a: Ho-Oh\n|-supereffective|p2a: Ho-Oh\n|-damage|p2a: Ho-Oh|55\/100\n|\n|-weather|PrimordialSea|[upkeep]\n|upkeep\n|turn|12\n|\n|t:|1699226617\n|move|p1a: Kyogre|Origin Pulse|p2a: Ho-Oh\n|-supereffective|p2a: Ho-Oh\n|-damage|p2a: Ho-Oh|0 fnt\n|faint|p2a: Ho-Oh\n|\n|-weather|PrimordialSea|[upkeep]\n|upkeep\n|\n|t:|1699226620\n|switch|p2a: Magearna|Magearna|80\/100\n|turn|13\n|\n|t:|1699226622\n|move|p1a: Kyogre|Thunder|p2a: Magearna\n|-damage|p2a: Magearna|54\/100\n|move|p2a: Magearna|Volt Switch|p1a: Kyogre\n|-supereffective|p1a: Kyogre\n|-damage|p1a: Kyogre|65\/100\n|\n|t:|1699226633\n|switch|p2a: Marshadow|Marshadow|100\/100|[from] Volt Switch\n|\n|-weather|PrimordialSea|[upkeep]\n|upkeep\n|turn|14\n|\n|t:|1699226636\n|-zpower|p2a: Marshadow\n|move|p2a: Marshadow|All-Out Pummeling|p1a: Kyogre|[zeffect]\n|-damage|p1a: Kyogre|0 fnt\n|faint|p1a: Kyogre\n|-weather|none\n|\n|upkeep\n|\n|t:|1699226643\n|switch|p1a: Salamence|Salamence, F, shiny|100\/100\n|-ability|p1a: Salamence|Intimidate|boost\n|-unboost|p2a: Marshadow|atk|1\n|turn|15\n|\n|t:|1699226659\n|switch|p2a: Salamence|Salamence, F|25\/100\n|-ability|p2a: Salamence|Intimidate|boost\n|-unboost|p1a: Salamence|atk|1\n|detailschange|p1a: Salamence|Salamence-Mega, F, shiny\n|-mega|p1a: Salamence|Salamence|Salamencite\n|move|p1a: Salamence|Dragon Dance|p1a: Salamence\n|-boost|p1a: Salamence|atk|1\n|-boost|p1a: Salamence|spe|1\n|\n|upkeep\n|turn|16\n|\n|t:|1699226676\n|detailschange|p2a: Salamence|Salamence-Mega, F\n|-mega|p2a: Salamence|Salamence|Salamencite\n|move|p1a: Salamence|Frustration|p2a: Salamence\n|-damage|p2a: Salamence|0 fnt\n|faint|p2a: Salamence\n|\n|upkeep\n|\n|t:|1699226687\n|switch|p2a: Magearna|Magearna|54\/100\n|turn|17\n|\n|t:|1699226690\n|-terastallize|p2a: Magearna|Fairy\n|move|p1a: Salamence|Earthquake|p2a: Magearna\n|-damage|p2a: Magearna|22\/100\n|move|p2a: Magearna|Fleur Cannon|p1a: Salamence\n|-supereffective|p1a: Salamence\n|-damage|p1a: Salamence|0 fnt\n|-unboost|p2a: Magearna|spa|2\n|faint|p1a: Salamence\n|-ability|p2a: Magearna|Soul-Heart|boost\n|-boost|p2a: Magearna|spa|1\n|\n|upkeep\n|\n|t:|1699226695\n|switch|p1a: Chi-Yu|Chi-Yu|100\/100\n|-ability|p1a: Chi-Yu|Beads of Ruin\n|turn|18\n|\n|t:|1699226703\n|move|p1a: Chi-Yu|Flamethrower|p2a: Magearna\n|-damage|p2a: Magearna|0 fnt\n|faint|p2a: Magearna\n|\n|upkeep\n|\n|t:|1699226706\n|switch|p2a: Darmanitan|Darmanitan-Galar, F|100\/100\n|turn|19\n|\n|t:|1699226735\n|move|p2a: Darmanitan|Earthquake|p1a: Chi-Yu\n|-supereffective|p1a: Chi-Yu\n|-damage|p1a: Chi-Yu|0 fnt\n|faint|p1a: Chi-Yu\n|\n|win|XYZ15\n|raw|0308006b's rating: 1353 &rarr; <strong>1329<\/strong><br \/>(-24 for losing)\n|raw|XYZ15's rating: 1287 &rarr; <strong>1317<\/strong><br \/>(+30 for winning)\n|l|\u26060308006b\n","uploadtime":1699226741,"views":4,"p1id":"0308006b","p2id":"xyz15","formatid":"gen9nationaldexubers","rating":1317,"private":0,"password":""}