{"id":"gen9nationaldexubers-1999522926","p1":"Yami Tayori","p2":"Amaym0n","format":"[Gen 9] National Dex Ubers","log":"|j|\u2606Yami Tayori\n|j|\u2606Amaym0n\n|t:|1701092230\n|gametype|singles\n|player|p1|Yami Tayori|steven|1167\n|player|p2|Amaym0n|lucas-gen4pt|1095\n|teamsize|p1|6\n|teamsize|p2|6\n|gen|9\n|tier|[Gen 9] National Dex Ubers\n|rated|\n|rule|HP Percentage Mod: HP is shown in percentages\n|rule|Endless Battle Clause: Forcing endless battles is banned\n|rule|OHKO Clause: OHKO moves are banned\n|rule|Evasion Moves Clause: Evasion moves are banned\n|rule|Evasion Items Clause: Evasion items are banned\n|rule|Species Clause: Limit one of each Pok\u00e9mon\n|rule|Sleep Clause Mod: Limit one foe put to sleep\n|rule|Mega Rayquaza Clause: You cannot mega evolve Rayquaza\n|clearpoke\n|poke|p1|Ninetales-Alola, F|\n|poke|p1|Sandslash-Alola, M|\n|poke|p1|Aurorus, F|\n|poke|p1|Abomasnow, M|\n|poke|p1|Baxcalibur, M|\n|poke|p1|Avalugg, M|\n|poke|p2|Xerneas-*|\n|poke|p2|Darkrai|\n|poke|p2|Giratina-Origin|\n|poke|p2|Garchomp, F|\n|poke|p2|Gardevoir, M|\n|poke|p2|Skarmory, M|\n|teampreview\n|\n|t:|1701092234\n|start\n|switch|p1a: Ice Fairy|Ninetales-Alola, F, shiny|100\/100\n|switch|p2a: Skarmory|Skarmory, M|100\/100\n|-weather|Snow|[from] ability: Snow Warning|[of] p1a: Ice Fairy\n|turn|1\n|j| bmgchhcjgmv\u7329\u7329\n|\n|t:|1701092241\n|move|p1a: Ice Fairy|Aurora Veil|p1a: Ice Fairy\n|-sidestart|p1: Yami Tayori|move: Aurora Veil\n|move|p2a: Skarmory|Spikes|p1a: Ice Fairy\n|-sidestart|p1: Yami Tayori|Spikes\n|\n|-weather|Snow|[upkeep]\n|upkeep\n|turn|2\n|\n|t:|1701092246\n|move|p1a: Ice Fairy|Encore|p2a: Skarmory\n|-start|p2a: Skarmory|Encore\n|move|p2a: Skarmory|Spikes|p1a: Ice Fairy\n|-sidestart|p1: Yami Tayori|Spikes\n|\n|-weather|Snow|[upkeep]\n|upkeep\n|turn|3\n|\n|t:|1701092251\n|switch|p1a: Mister Fridge|Baxcalibur, M, shiny|100\/100\n|-damage|p1a: Mister Fridge|84\/100|[from] Spikes\n|move|p2a: Skarmory|Spikes|p1a: Mister Fridge\n|-sidestart|p1: Yami Tayori|Spikes\n|\n|-weather|Snow|[upkeep]\n|-heal|p1a: Mister Fridge|90\/100|[from] ability: Ice Body\n|upkeep\n|turn|4\n|\n|t:|1701092269\n|switch|p2a: Garchomp|Garchomp, F|100\/100\n|move|p1a: Mister Fridge|Swords Dance|p1a: Mister Fridge\n|-boost|p1a: Mister Fridge|atk|2\n|\n|-weather|Snow|[upkeep]\n|-heal|p1a: Mister Fridge|96\/100|[from] ability: Ice Body\n|upkeep\n|turn|5\n|\n|t:|1701092280\n|-terastallize|p1a: Mister Fridge|Ground\n|move|p2a: Garchomp|Earthquake|p1a: Mister Fridge\n|-damage|p1a: Mister Fridge|71\/100\n|move|p1a: Mister Fridge|Scale Shot|p2a: Garchomp\n|-supereffective|p2a: Garchomp\n|-damage|p2a: Garchomp|38\/100\n|-supereffective|p2a: Garchomp\n|-damage|p2a: Garchomp|0 fnt\n|faint|p2a: Garchomp\n|-hitcount|p2: Garchomp|2\n|-unboost|p1a: Mister Fridge|def|1\n|-boost|p1a: Mister Fridge|spe|1\n|\n|-weather|none\n|upkeep\n|\n|t:|1701092294\n|switch|p2a: Gardevoir|Gardevoir, M|100\/100\n|turn|6\n|\n|t:|1701092305\n|detailschange|p2a: Gardevoir|Gardevoir-Mega, M\n|-mega|p2a: Gardevoir|Gardevoir|Gardevoirite\n|move|p1a: Mister Fridge|Icicle Spear|p2a: Gardevoir\n|-damage|p2a: Gardevoir|72\/100\n|-damage|p2a: Gardevoir|45\/100\n|-damage|p2a: Gardevoir|15\/100\n|-damage|p2a: Gardevoir|0 fnt\n|faint|p2a: Gardevoir\n|-hitcount|p2: Gardevoir|4\n|\n|upkeep\n|\n|t:|1701092314\n|switch|p2a: Skarmory|Skarmory, M|100\/100\n|turn|7\n|\n|t:|1701092319\n|move|p1a: Mister Fridge|Swords Dance|p1a: Mister Fridge\n|-boost|p1a: Mister Fridge|atk|2\n|move|p2a: Skarmory|Stealth Rock|p1a: Mister Fridge\n|-sidestart|p1: Yami Tayori|move: Stealth Rock\n|\n|upkeep\n|turn|8\n|\n|t:|1701092327\n|move|p1a: Mister Fridge|Icicle Spear|p2a: Skarmory\n|-damage|p2a: Skarmory|74\/100\n|-damage|p2a: Skarmory|48\/100\n|-damage|p2a: Skarmory|21\/100\n|-damage|p2a: Skarmory|0 fnt\n|faint|p2a: Skarmory\n|-hitcount|p2: Skarmory|4\n|\n|-sideend|p1: Yami Tayori|move: Aurora Veil\n|upkeep\n|\n|t:|1701092335\n|switch|p2a: Darkrai|Darkrai|100\/100\n|turn|9\n|\n|t:|1701092341\n|move|p1a: Mister Fridge|Icicle Spear|p2a: Darkrai\n|-damage|p2a: Darkrai|26\/100\n|-damage|p2a: Darkrai|0 fnt\n|faint|p2a: Darkrai\n|-hitcount|p2: Darkrai|2\n|\n|upkeep\n|\n|t:|1701092348\n|switch|p2a: Giratina|Giratina-Origin|100\/100\n|turn|10\n|\n|t:|1701092355\n|-terastallize|p2a: Giratina|Ghost\n|move|p1a: Mister Fridge|Icicle Spear|p2a: Giratina\n|-damage|p2a: Giratina|61\/100\n|-damage|p2a: Giratina|24\/100\n|-damage|p2a: Giratina|0 fnt\n|faint|p2a: Giratina\n|-hitcount|p2: Giratina|3\n|\n|upkeep\n|\n|t:|1701092362\n|switch|p2a: Xerneas|Xerneas|100\/100\n|-ability|p2a: Xerneas|Fairy Aura\n|turn|11\n|\n|t:|1701092368\n|move|p1a: Mister Fridge|Icicle Spear|p2a: Xerneas\n|-damage|p2a: Xerneas|60\/100\n|-damage|p2a: Xerneas|22\/100\n|-damage|p2a: Xerneas|0 fnt\n|faint|p2a: Xerneas\n|-hitcount|p2: Xerneas|3\n|\n|win|Yami Tayori\n|raw|Yami Tayori's rating: 1167 &rarr; <strong>1187<\/strong><br \/>(+20 for winning)\n|raw|Amaym0n's rating: 1095 &rarr; <strong>1076<\/strong><br \/>(-19 for losing)\n|l|\u2606Amaym0n\n","uploadtime":1701092392,"views":2,"p1id":"yamitayori","p2id":"amaym0n","formatid":"gen9nationaldexubers","rating":1076,"private":0,"password":""}