{"id":"gen9nationaldexubers-1989494330","p1":"TaTrey","p2":"Jaluminor","format":"[Gen 9] National Dex Ubers","log":"|j|\u2606TaTrey\n|j|\u2606Jaluminor\n|t:|1699860157\n|gametype|singles\n|player|p1|TaTrey|giovanni|1351\n|player|p2|Jaluminor|hilbert-wonderlauncher|1173\n|teamsize|p1|6\n|teamsize|p2|6\n|gen|9\n|tier|[Gen 9] National Dex Ubers\n|rated|\n|rule|HP Percentage Mod: HP is shown in percentages\n|rule|Endless Battle Clause: Forcing endless battles is banned\n|rule|OHKO Clause: OHKO moves are banned\n|rule|Evasion Moves Clause: Evasion moves are banned\n|rule|Evasion Items Clause: Evasion items are banned\n|rule|Species Clause: Limit one of each Pok\u00e9mon\n|rule|Sleep Clause Mod: Limit one foe put to sleep\n|rule|Mega Rayquaza Clause: You cannot mega evolve Rayquaza\n|clearpoke\n|poke|p1|Dracovish|\n|poke|p1|Urshifu-*, F|\n|poke|p1|Palafin, M|\n|poke|p1|Pelipper, F|\n|poke|p1|Araquanid, M|\n|poke|p1|Basculegion, M|\n|poke|p2|Torterra, M|\n|poke|p2|Rillaboom, M|\n|poke|p2|Venusaur, F|\n|poke|p2|Meowscarada, F|\n|poke|p2|Serperior, F|\n|poke|p2|Chesnaught, M|\n|teampreview\n|inactive|Battle timer is ON: inactive players will automatically lose when time's up. (requested by TaTrey)\n|c|\u2606TaTrey|Well unfortunate\n|inactive|Jaluminor has 120 seconds left.\n|c|\u2606Jaluminor|yes\n|\n|t:|1699860214\n|start\n|switch|p1a: Pelipper|Pelipper, F|100\/100\n|switch|p2a: Venusaur|Venusaur, F|100\/100\n|-weather|RainDance|[from] ability: Drizzle|[of] p1a: Pelipper\n|turn|1\n|c|\u2606Jaluminor|But your team is strong\n|\n|t:|1699860235\n|detailschange|p2a: Venusaur|Venusaur-Mega, F\n|-mega|p2a: Venusaur|Venusaur|Venusaurite\n|move|p1a: Pelipper|Hurricane|p2a: Venusaur\n|-supereffective|p2a: Venusaur\n|-damage|p2a: Venusaur|40\/100\n|move|p2a: Venusaur|Toxic|p1a: Pelipper\n|-status|p1a: Pelipper|tox\n|\n|-weather|RainDance|[upkeep]\n|-damage|p1a: Pelipper|94\/100 tox|[from] psn\n|upkeep\n|turn|2\n|\n|t:|1699860247\n|move|p2a: Venusaur|Protect|p2a: Venusaur\n|-singleturn|p2a: Venusaur|Protect\n|move|p1a: Pelipper|Hurricane|p2a: Venusaur\n|-activate|p2a: Venusaur|move: Protect\n|\n|-weather|RainDance|[upkeep]\n|-damage|p1a: Pelipper|82\/100 tox|[from] psn\n|upkeep\n|turn|3\n|inactive|Jaluminor has 120 seconds left.\n|\n|t:|1699860297\n|move|p1a: Pelipper|Hurricane|p2a: Venusaur\n|-supereffective|p2a: Venusaur\n|-damage|p2a: Venusaur|0 fnt\n|faint|p2a: Venusaur\n|\n|-weather|RainDance|[upkeep]\n|-damage|p1a: Pelipper|63\/100 tox|[from] psn\n|upkeep\n|inactive|Jaluminor has 90 seconds left.\n|\n|t:|1699860316\n|switch|p2a: Chesnaught|Chesnaught, M|100\/100\n|turn|4\n|\n|t:|1699860322\n|-terastallize|p2a: Chesnaught|Steel\n|move|p1a: Pelipper|Hurricane|p2a: Chesnaught\n|-resisted|p2a: Chesnaught\n|-damage|p2a: Chesnaught|87\/100\n|move|p2a: Chesnaught|Stone Edge|p1a: Pelipper\n|-supereffective|p1a: Pelipper\n|-damage|p1a: Pelipper|13\/100 tox\n|\n|-weather|RainDance|[upkeep]\n|-damage|p1a: Pelipper|0 fnt|[from] psn\n|faint|p1a: Pelipper\n|upkeep\n|\n|t:|1699860334\n|switch|p1a: Palafin|Palafin, M|100\/100\n|turn|5\n|\n|t:|1699860338\n|move|p1a: Palafin|Flip Turn|p2a: Chesnaught\n|-damage|p2a: Chesnaught|56\/100\n|\n|t:|1699860341\n|detailschange|p1a: Palafin|Palafin-Hero, M\n|switch|p1a: Dracovish|Dracovish|100\/100|[from] Flip Turn\n|move|p2a: Chesnaught|Seed Bomb|p1a: Dracovish\n|-damage|p1a: Dracovish|69\/100\n|\n|-weather|RainDance|[upkeep]\n|upkeep\n|turn|6\n|inactive|Jaluminor has 120 seconds left.\n|\n|t:|1699860355\n|move|p1a: Dracovish|Fishious Rend|p2a: Chesnaught\n|-damage|p2a: Chesnaught|0 fnt\n|faint|p2a: Chesnaught\n|\n|-weather|RainDance|[upkeep]\n|upkeep\n|\n|t:|1699860360\n|switch|p2a: Rillaboom|Rillaboom, M|100\/100\n|-fieldstart|move: Grassy Terrain|[from] ability: Grassy Surge|[of] p2a: Rillaboom\n|-enditem|p2a: Rillaboom|Grassy Seed\n|-boost|p2a: Rillaboom|def|1|[from] item: Grassy Seed\n|turn|7\n|\n|t:|1699860366\n|move|p2a: Rillaboom|Grassy Glide|p1a: Dracovish\n|-crit|p1a: Dracovish\n|-damage|p1a: Dracovish|5\/100\n|move|p1a: Dracovish|Fishious Rend|p2a: Rillaboom\n|-resisted|p2a: Rillaboom\n|-damage|p2a: Rillaboom|88\/100\n|\n|-weather|RainDance|[upkeep]\n|-heal|p1a: Dracovish|11\/100|[from] Grassy Terrain\n|-heal|p2a: Rillaboom|94\/100|[from] Grassy Terrain\n|upkeep\n|turn|8\n|\n|t:|1699860377\n|move|p2a: Rillaboom|Grassy Glide|p1a: Dracovish\n|-damage|p1a: Dracovish|0 fnt\n|faint|p1a: Dracovish\n|\n|-weather|none\n|-heal|p2a: Rillaboom|99\/100|[from] Grassy Terrain\n|upkeep\n|\n|t:|1699860385\n|switch|p1a: Araquanid|Araquanid, M|100\/100\n|turn|9\n|\n|t:|1699860390\n|move|p2a: Rillaboom|Acrobatics|p1a: Araquanid\n|-supereffective|p1a: Araquanid\n|-damage|p1a: Araquanid|32\/100\n|move|p1a: Araquanid|Toxic|p2a: Rillaboom\n|-status|p2a: Rillaboom|tox\n|\n|-heal|p2a: Rillaboom|100\/100 tox|[from] Grassy Terrain\n|-heal|p1a: Araquanid|38\/100|[from] Grassy Terrain\n|-heal|p1a: Araquanid|44\/100|[from] item: Leftovers\n|-damage|p2a: Rillaboom|94\/100 tox|[from] psn\n|upkeep\n|turn|10\n|\n|t:|1699860402\n|move|p1a: Araquanid|Protect|p1a: Araquanid\n|-singleturn|p1a: Araquanid|Protect\n|move|p2a: Rillaboom|Acrobatics|p1a: Araquanid\n|-activate|p1a: Araquanid|move: Protect\n|\n|-heal|p2a: Rillaboom|100\/100 tox|[from] Grassy Terrain\n|-heal|p1a: Araquanid|50\/100|[from] Grassy Terrain\n|-heal|p1a: Araquanid|56\/100|[from] item: Leftovers\n|-damage|p2a: Rillaboom|88\/100 tox|[from] psn\n|upkeep\n|turn|11\n|\n|t:|1699860415\n|move|p1a: Araquanid|Protect|p1a: Araquanid\n|-singleturn|p1a: Araquanid|Protect\n|move|p2a: Rillaboom|Acrobatics|p1a: Araquanid\n|-activate|p1a: Araquanid|move: Protect\n|\n|-heal|p2a: Rillaboom|94\/100 tox|[from] Grassy Terrain\n|-heal|p1a: Araquanid|62\/100|[from] Grassy Terrain\n|-heal|p1a: Araquanid|69\/100|[from] item: Leftovers\n|-damage|p2a: Rillaboom|76\/100 tox|[from] psn\n|-fieldend|move: Grassy Terrain\n|upkeep\n|turn|12\n|\n|t:|1699860427\n|move|p2a: Rillaboom|Acrobatics|p1a: Araquanid\n|-supereffective|p1a: Araquanid\n|-damage|p1a: Araquanid|3\/100\n|move|p1a: Araquanid|Liquidation|p2a: Rillaboom\n|-resisted|p2a: Rillaboom\n|-damage|p2a: Rillaboom|64\/100 tox\n|\n|-heal|p1a: Araquanid|9\/100|[from] item: Leftovers\n|-damage|p2a: Rillaboom|39\/100 tox|[from] psn\n|upkeep\n|turn|13\n|\n|t:|1699860443\n|switch|p2a: Meowscarada|Meowscarada, F|100\/100\n|move|p1a: Araquanid|Liquidation|p2a: Meowscarada\n|-resisted|p2a: Meowscarada\n|-damage|p2a: Meowscarada|65\/100\n|\n|-heal|p1a: Araquanid|15\/100|[from] item: Leftovers\n|upkeep\n|turn|14\n|\n|t:|1699860452\n|move|p2a: Meowscarada|Flower Trick|p1a: Araquanid\n|-start|p2a: Meowscarada|typechange|Grass|[from] ability: Protean\n|-crit|p1a: Araquanid\n|-damage|p1a: Araquanid|0 fnt\n|faint|p1a: Araquanid\n|\n|upkeep\n|\n|t:|1699860462\n|switch|p1a: Palafin|Palafin-Hero, M|100\/100\n|-activate|p1a: Palafin|ability: Zero to Hero\n|turn|15\n|\n|t:|1699860468\n|move|p2a: Meowscarada|Flower Trick|p1a: Palafin\n|-supereffective|p1a: Palafin\n|-crit|p1a: Palafin\n|-damage|p1a: Palafin|0 fnt\n|faint|p1a: Palafin\n|\n|upkeep\n|\n|t:|1699860474\n|switch|p1a: Urshifu|Urshifu-Rapid-Strike, F|100\/100\n|turn|16\n|\n|t:|1699860479\n|move|p2a: Meowscarada|Flower Trick|p1a: Urshifu\n|-supereffective|p1a: Urshifu\n|-crit|p1a: Urshifu\n|-damage|p1a: Urshifu|11\/100\n|move|p1a: Urshifu|Drain Punch|p2a: Meowscarada\n|-damage|p2a: Meowscarada|0 fnt\n|-heal|p1a: Urshifu|38\/100|[from] drain|[of] p2a: Meowscarada\n|faint|p2a: Meowscarada\n|\n|upkeep\n|\n|t:|1699860488\n|switch|p2a: Rillaboom|Rillaboom, M|39\/100 tox\n|-fieldstart|move: Grassy Terrain|[from] ability: Grassy Surge|[of] p2a: Rillaboom\n|turn|17\n|\n|t:|1699860493\n|move|p2a: Rillaboom|Grassy Glide|p1a: Urshifu\n|-supereffective|p1a: Urshifu\n|-damage|p1a: Urshifu|0 fnt\n|faint|p1a: Urshifu\n|\n|-heal|p2a: Rillaboom|45\/100 tox|[from] Grassy Terrain\n|-damage|p2a: Rillaboom|39\/100 tox|[from] psn\n|upkeep\n|\n|t:|1699860502\n|switch|p1a: Basculegion|Basculegion, M|100\/100\n|turn|18\n|\n|t:|1699860507\n|-terastallize|p1a: Basculegion|Normal\n|move|p2a: Rillaboom|Grassy Glide|p1a: Basculegion\n|-damage|p1a: Basculegion|57\/100\n|move|p1a: Basculegion|Last Respects|p2a: Rillaboom\n|-damage|p2a: Rillaboom|0 fnt\n|faint|p2a: Rillaboom\n|\n|-heal|p1a: Basculegion|64\/100|[from] Grassy Terrain\n|upkeep\n|\n|t:|1699860517\n|switch|p2a: Serperior|Serperior, F|100\/100\n|turn|19\n|\n|t:|1699860523\n|move|p1a: Basculegion|Last Respects|p2a: Serperior\n|-damage|p2a: Serperior|0 fnt\n|faint|p2a: Serperior\n|\n|-heal|p1a: Basculegion|70\/100|[from] Grassy Terrain\n|upkeep\n|\n|t:|1699860528\n|switch|p2a: Torterra|Torterra, M|100\/100\n|turn|20\n|\n|t:|1699860533\n|move|p1a: Basculegion|Last Respects|p2a: Torterra\n|-damage|p2a: Torterra|0 fnt\n|faint|p2a: Torterra\n|\n|win|TaTrey\n|raw|TaTrey's rating: 1351 &rarr; <strong>1362<\/strong><br \/>(+11 for winning)\n|raw|Jaluminor's rating: 1173 &rarr; <strong>1160<\/strong><br \/>(-13 for losing)\n|c|\u2606TaTrey|gg\n|c|\u2606Jaluminor|gg\n|l|\u2606Jaluminor\n","uploadtime":1699860541,"views":4,"p1id":"tatrey","p2id":"jaluminor","formatid":"gen9nationaldexubers","rating":1160,"private":0,"password":""}