{"id":"gen9nationaldexubers-1999124086","p1":"foox_wolf","p2":"Willisafatlucario","format":"[Gen 9] National Dex Ubers","log":"|j|\u2606foox_wolf\n|j|\u2606Willisafatlucario\n|t:|1701035720\n|gametype|singles\n|player|p1|foox_wolf|cynthia|1275\n|player|p2|Willisafatlucario|hilbert-wonderlauncher|1183\n|teamsize|p1|6\n|teamsize|p2|6\n|gen|9\n|tier|[Gen 9] National Dex Ubers\n|rated|\n|rule|HP Percentage Mod: HP is shown in percentages\n|rule|Endless Battle Clause: Forcing endless battles is banned\n|rule|OHKO Clause: OHKO moves are banned\n|rule|Evasion Moves Clause: Evasion moves are banned\n|rule|Evasion Items Clause: Evasion items are banned\n|rule|Species Clause: Limit one of each Pok\u00e9mon\n|rule|Sleep Clause Mod: Limit one foe put to sleep\n|rule|Mega Rayquaza Clause: You cannot mega evolve Rayquaza\n|clearpoke\n|poke|p1|Calyrex-Ice|\n|poke|p1|Magearna|\n|poke|p1|Kyogre|\n|poke|p1|Lunala|\n|poke|p1|Groudon|\n|poke|p1|Melmetal|\n|poke|p2|Alakazam, M|\n|poke|p2|Xerneas-*|\n|poke|p2|Groudon|\n|poke|p2|Zekrom|\n|poke|p2|Blastoise, M|\n|poke|p2|Umbreon, F|\n|teampreview\n|\n|t:|1701035732\n|start\n|switch|p1a: Magearna|Magearna|100\/100\n|switch|p2a: Xerneas|Xerneas|100\/100\n|-ability|p2a: Xerneas|Fairy Aura\n|turn|1\n|\n|t:|1701035741\n|move|p2a: Xerneas|Draining Kiss|p1a: Magearna\n|-resisted|p1a: Magearna\n|-damage|p1a: Magearna|90\/100\n|move|p1a: Magearna|Trick Room|p1a: Magearna\n|-fieldstart|move: Trick Room|[of] p1a: Magearna\n|\n|upkeep\n|turn|2\n|\n|t:|1701035749\n|move|p1a: Magearna|Spikes|p2a: Xerneas\n|-sidestart|p2: Willisafatlucario|Spikes\n|move|p2a: Xerneas|Hidden Power|p1a: Magearna\n|-supereffective|p1a: Magearna\n|-damage|p1a: Magearna|65\/100\n|\n|upkeep\n|turn|3\n|\n|t:|1701035756\n|move|p1a: Magearna|Fleur Cannon|p2a: Xerneas\n|-damage|p2a: Xerneas|33\/100\n|-unboost|p1a: Magearna|spa|2\n|-enditem|p1a: Magearna|Eject Pack\n|\n|t:|1701035769\n|switch|p1a: Calyrex|Calyrex-Ice|100\/100\n|-ability|p1a: Calyrex|As One\n|-ability|p1a: Calyrex|Unnerve\n|move|p2a: Xerneas|Geomancy||[still]\n|-prepare|p2a: Xerneas|Geomancy\n|-enditem|p2a: Xerneas|Power Herb\n|-anim|p2a: Xerneas|Geomancy|p2a: Xerneas\n|-boost|p2a: Xerneas|spa|2\n|-boost|p2a: Xerneas|spd|2\n|-boost|p2a: Xerneas|spe|2\n|\n|upkeep\n|turn|4\n|\n|t:|1701035784\n|move|p1a: Calyrex|Glacial Lance|p2a: Xerneas\n|-damage|p2a: Xerneas|0 fnt\n|faint|p2a: Xerneas\n|-ability|p1a: Calyrex|Chilling Neigh|boost\n|-boost|p1a: Calyrex|atk|1\n|\n|upkeep\n|\n|t:|1701035793\n|switch|p2a: Groudon|Groudon|100\/100\n|-damage|p2a: Groudon|88\/100|[from] Spikes\n|detailschange|p2a: Groudon|Groudon-Primal\n|-primal|p2a: Groudon|Red Orb\n|-weather|DesolateLand|[from] ability: Desolate Land|[of] p2a: Groudon\n|turn|5\n|\n|t:|1701035802\n|-terastallize|p1a: Calyrex|Ground\n|move|p1a: Calyrex|High Horsepower|p2a: Groudon\n|-supereffective|p2a: Groudon\n|-damage|p2a: Groudon|0 fnt\n|faint|p2a: Groudon\n|-weather|none\n|-ability|p1a: Calyrex|Chilling Neigh|boost\n|-boost|p1a: Calyrex|atk|1\n|\n|-fieldend|move: Trick Room\n|upkeep\n|\n|t:|1701035812\n|switch|p2a: Blastoise|Blastoise, M|100\/100\n|-damage|p2a: Blastoise|88\/100|[from] Spikes\n|turn|6\n|\n|t:|1701035821\n|switch|p1a: Lunala|Lunala|100\/100\n|-terastallize|p2a: Blastoise|Water\n|move|p2a: Blastoise|Shell Smash|p2a: Blastoise\n|-unboost|p2a: Blastoise|def|1\n|-unboost|p2a: Blastoise|spd|1\n|-boost|p2a: Blastoise|atk|2\n|-boost|p2a: Blastoise|spa|2\n|-boost|p2a: Blastoise|spe|2\n|-enditem|p2a: Blastoise|White Herb\n|-clearnegativeboost|p2a: Blastoise|[silent]\n|\n|upkeep\n|turn|7\n|\n|t:|1701035840\n|move|p2a: Blastoise|Rain Dance|p2a: Blastoise\n|-weather|RainDance\n|move|p1a: Lunala|Trick Room|p1a: Lunala\n|-fieldstart|move: Trick Room|[of] p1a: Lunala\n|\n|-weather|RainDance|[upkeep]\n|-heal|p2a: Blastoise|94\/100|[from] ability: Rain Dish\n|upkeep\n|turn|8\n|\n|t:|1701035851\n|move|p1a: Lunala|Moongeist Beam|p2a: Blastoise\n|-damage|p2a: Blastoise|39\/100\n|move|p2a: Blastoise|Hydro Pump|p1a: Lunala|[miss]\n|-miss|p2a: Blastoise|p1a: Lunala\n|\n|-weather|RainDance|[upkeep]\n|-heal|p2a: Blastoise|45\/100|[from] ability: Rain Dish\n|upkeep\n|turn|9\n|\n|t:|1701035861\n|move|p2a: Blastoise|Aqua Jet|p1a: Lunala\n|-damage|p1a: Lunala|85\/100\n|move|p1a: Lunala|Moongeist Beam|p2a: Blastoise\n|-damage|p2a: Blastoise|0 fnt\n|faint|p2a: Blastoise\n|\n|-weather|RainDance|[upkeep]\n|upkeep\n|\n|t:|1701035872\n|switch|p2a: Alakazam|Alakazam, M, shiny|100\/100\n|-damage|p2a: Alakazam|88\/100|[from] Spikes\n|turn|10\n|\n|t:|1701035880\n|detailschange|p2a: Alakazam|Alakazam-Mega, M, shiny\n|-mega|p2a: Alakazam|Alakazam|Alakazite\n|-ability|p2a: Alakazam|Shadow Shield|[from] ability: Trace|[of] p1a: Lunala\n|move|p1a: Lunala|Moongeist Beam|p2a: Alakazam\n|-supereffective|p2a: Alakazam\n|-damage|p2a: Alakazam|0 fnt\n|faint|p2a: Alakazam\n|\n|-weather|RainDance|[upkeep]\n|upkeep\n|\n|t:|1701035891\n|switch|p2a: Umbreon|Umbreon, F|100\/100\n|-damage|p2a: Umbreon|88\/100|[from] Spikes\n|turn|11\n|\n|t:|1701035900\n|move|p2a: Umbreon|Yawn|p1a: Lunala\n|-start|p1a: Lunala|move: Yawn|[of] p2a: Umbreon\n|move|p1a: Lunala|Meteor Beam||[still]\n|-prepare|p1a: Lunala|Meteor Beam\n|-boost|p1a: Lunala|spa|1\n|-enditem|p1a: Lunala|Power Herb\n|-anim|p1a: Lunala|Meteor Beam|p2a: Umbreon\n|-damage|p2a: Umbreon|48\/100\n|\n|-weather|none\n|-fieldend|move: Trick Room\n|upkeep\n|turn|12\n|\n|t:|1701035913\n|move|p2a: Umbreon|Protect|p2a: Umbreon\n|-singleturn|p2a: Umbreon|Protect\n|move|p1a: Lunala|Teleport|p1a: Lunala\n|\n|t:|1701035921\n|switch|p1a: Magearna|Magearna|65\/100|[from] Teleport\n|\n|upkeep\n|turn|13\n|\n|t:|1701035927\n|move|p2a: Umbreon|Yawn|p1a: Magearna\n|-start|p1a: Magearna|move: Yawn|[of] p2a: Umbreon\n|move|p1a: Magearna|Trick Room|p1a: Magearna\n|-fieldstart|move: Trick Room|[of] p1a: Magearna\n|\n|upkeep\n|turn|14\n|\n|t:|1701035937\n|move|p1a: Magearna|Spikes|p2a: Umbreon\n|-sidestart|p2: Willisafatlucario|Spikes\n|move|p2a: Umbreon|Wish|p2a: Umbreon\n|\n|-end|p1a: Magearna|move: Yawn|[silent]\n|-status|p1a: Magearna|slp\n|upkeep\n|turn|15\n|\n|t:|1701035944\n|switch|p1a: Melmetal|Melmetal|100\/100\n|move|p2a: Umbreon|Foul Play|p1a: Melmetal\n|-damage|p1a: Melmetal|71\/100\n|\n|-heal|p2a: Umbreon|98\/100|[from] move: Wish|[wisher] Umbreon\n|upkeep\n|turn|16\n|\n|t:|1701035956\n|move|p1a: Melmetal|Double Iron Bash|p2a: Umbreon\n|-damage|p2a: Umbreon|48\/100\n|-damage|p2a: Umbreon|0 fnt\n|faint|p2a: Umbreon\n|-hitcount|p2: Umbreon|2\n|\n|upkeep\n|\n|t:|1701035962\n|switch|p2a: Zekrom|Zekrom|100\/100\n|-ability|p2a: Zekrom|Teravolt\n|turn|17\n|\n|t:|1701035968\n|move|p1a: Melmetal|Double Iron Bash|p2a: Zekrom\n|-resisted|p2a: Zekrom\n|-damage|p2a: Zekrom|71\/100\n|-resisted|p2a: Zekrom\n|-damage|p2a: Zekrom|43\/100\n|-hitcount|p2a: Zekrom|2\n|cant|p2a: Zekrom|flinch\n|\n|-fieldend|move: Trick Room\n|upkeep\n|turn|18\n|\n|t:|1701035977\n|move|p2a: Zekrom|Hidden Power|p1a: Melmetal\n|-resisted|p1a: Melmetal\n|-damage|p1a: Melmetal|62\/100\n|move|p1a: Melmetal|Double Iron Bash|p2a: Zekrom\n|-resisted|p2a: Zekrom\n|-damage|p2a: Zekrom|16\/100\n|-resisted|p2a: Zekrom\n|-damage|p2a: Zekrom|0 fnt\n|faint|p2a: Zekrom\n|-hitcount|p2: Zekrom|2\n|\n|win|foox_wolf\n|raw|foox_wolf's rating: 1275 &rarr; <strong>1294<\/strong><br \/>(+19 for winning)\n|raw|Willisafatlucario's rating: 1183 &rarr; <strong>1164<\/strong><br \/>(-19 for losing)\n","uploadtime":1701035999,"views":9,"p1id":"fooxwolf","p2id":"willisafatlucario","formatid":"gen9nationaldexubers","rating":1164,"private":0,"password":""}