{"id":"gen9nationaldexubers-1980556490","p1":"Salfy","p2":"A_Gamer8414","format":"[Gen 9] National Dex Ubers","log":"|j|\u2606Salfy\n|j|\u2606A_Gamer8414\n|t:|1698796958\n|gametype|singles\n|player|p1|Salfy|depotagent|\n|player|p2|A_Gamer8414|n|\n|teamsize|p1|6\n|teamsize|p2|6\n|gen|9\n|tier|[Gen 9] National Dex Ubers\n|rule|HP Percentage Mod: HP is shown in percentages\n|rule|Endless Battle Clause: Forcing endless battles is banned\n|rule|OHKO Clause: OHKO moves are banned\n|rule|Evasion Moves Clause: Evasion moves are banned\n|rule|Evasion Items Clause: Evasion items are banned\n|rule|Species Clause: Limit one of each Pok\u00e9mon\n|rule|Sleep Clause Mod: Limit one foe put to sleep\n|rule|Mega Rayquaza Clause: You cannot mega evolve Rayquaza\n|clearpoke\n|poke|p1|Darmanitan-Galar, F|\n|poke|p1|Ninetales-Alola, M|\n|poke|p1|Baxcalibur, M|\n|poke|p1|Avalugg, M|\n|poke|p1|Kyurem|\n|poke|p1|Arctozolt|\n|poke|p2|Dondozo, F|\n|poke|p2|Toxapex, M|\n|poke|p2|Samurott-Hisui, F|\n|poke|p2|Alomomola, M|\n|poke|p2|Rotom-Wash|\n|poke|p2|Keldeo-Resolute|\n|teampreview\n|c|\u2606Salfy|glhf\n|\n|t:|1698796984\n|start\n|switch|p1a: Cold Dog|Ninetales-Alola, M|100\/100\n|switch|p2a: Samurott|Samurott-Hisui, F|100\/100\n|-weather|Snow|[from] ability: Snow Warning|[of] p1a: Cold Dog\n|turn|1\n|j| AegiSwaggy\n|c| AegiSwaggy|gamer i came to ask if you will be available in about 2 hours?\n|c|\u2606A_Gamer8414|maybe?\n|c|\u2606A_Gamer8414|itll be 9pm so ill prob still be awake physically but idk mentally\n|c| AegiSwaggy|o\n|c| AegiSwaggy|hmm thats fine then\n|c| AegiSwaggy|another time\n|c|\u2606A_Gamer8414|again, i might be fine in 2 hours\n|c|\u2606A_Gamer8414|u can ask again then\n|c| AegiSwaggy|oh ok\n|c| AegiSwaggy|ok hf on the match both of you\n|l| AegiSwaggy\n|\n|t:|1698797143\n|move|p2a: Samurott|Knock Off|p1a: Cold Dog\n|-resisted|p1a: Cold Dog\n|-damage|p1a: Cold Dog|81\/100\n|-enditem|p1a: Cold Dog|Light Clay|[from] move: Knock Off|[of] p2a: Samurott\n|move|p1a: Cold Dog|Moonblast|p2a: Samurott\n|-supereffective|p2a: Samurott\n|-damage|p2a: Samurott|18\/100\n|\n|-weather|Snow|[upkeep]\n|upkeep\n|turn|2\n|\n|t:|1698797158\n|switch|p2a: Rotom|Rotom-Wash|100\/100\n|move|p1a: Cold Dog|Freeze-Dry|p2a: Rotom\n|-supereffective|p2a: Rotom\n|-damage|p2a: Rotom|68\/100\n|\n|-weather|Snow|[upkeep]\n|-heal|p2a: Rotom|75\/100|[from] item: Leftovers\n|upkeep\n|turn|3\n|\n|t:|1698797180\n|switch|p1a: Pools Open|Darmanitan-Galar, F|100\/100\n|move|p2a: Rotom|Volt Switch|p1a: Pools Open\n|-damage|p1a: Pools Open|61\/100\n|c|\u2606Salfy|I'm tera steel bax btw\n|\n|t:|1698797205\n|switch|p2a: Alomomola|Alomomola, M|100\/100|[from] Volt Switch\n|\n|-weather|Snow|[upkeep]\n|upkeep\n|turn|4\n|\n|t:|1698797215\n|move|p1a: Pools Open|Icicle Crash|p2a: Alomomola\n|-resisted|p2a: Alomomola\n|-damage|p2a: Alomomola|83\/100\n|move|p2a: Alomomola|Scald|p1a: Pools Open\n|-damage|p1a: Pools Open|39\/100\n|-status|p1a: Pools Open|brn\n|\n|-weather|Snow|[upkeep]\n|-heal|p2a: Alomomola|89\/100|[from] item: Leftovers\n|-damage|p1a: Pools Open|33\/100 brn|[from] brn\n|upkeep\n|turn|5\n|\n|t:|1698797232\n|switch|p1a: Bubbles|Arctozolt|100\/100\n|move|p2a: Alomomola|Flip Turn|p1a: Bubbles\n|-damage|p1a: Bubbles|89\/100\n|\n|t:|1698797254\n|switch|p2a: Keldeo|Keldeo-Resolute|100\/100|[from] Flip Turn\n|\n|-weather|none\n|upkeep\n|turn|6\n|\n|t:|1698797263\n|switch|p1a: Cold Dog|Ninetales-Alola, M|81\/100\n|-weather|Snow|[from] ability: Snow Warning|[of] p1a: Cold Dog\n|-terastallize|p2a: Keldeo|Fighting\n|move|p2a: Keldeo|Secret Sword|p1a: Cold Dog\n|-damage|p1a: Cold Dog|6\/100\n|\n|-weather|Snow|[upkeep]\n|upkeep\n|turn|7\n|\n|t:|1698797281\n|switch|p2a: Rotom|Rotom-Wash|75\/100\n|move|p1a: Cold Dog|Moonblast|p2a: Rotom\n|-damage|p2a: Rotom|53\/100\n|\n|-weather|Snow|[upkeep]\n|-heal|p2a: Rotom|59\/100|[from] item: Leftovers\n|upkeep\n|turn|8\n|\n|t:|1698797381\n|switch|p1a: Pools Open|Darmanitan-Galar, F|33\/100 brn\n|move|p2a: Rotom|Volt Switch|p1a: Pools Open\n|-damage|p1a: Pools Open|0 fnt\n|faint|p1a: Pools Open\n|\n|t:|1698797389\n|switch|p2a: Alomomola|Alomomola, M|100\/100|[from] Volt Switch\n|\n|-weather|Snow|[upkeep]\n|upkeep\n|\n|t:|1698797397\n|switch|p1a: Bubbles|Arctozolt|89\/100\n|turn|9\n|\n|t:|1698797402\n|move|p2a: Alomomola|Protect|p2a: Alomomola\n|-singleturn|p2a: Alomomola|Protect\n|move|p1a: Bubbles|Bolt Beak|p2a: Alomomola\n|-activate|p2a: Alomomola|move: Protect\n|\n|-weather|Snow|[upkeep]\n|upkeep\n|turn|10\n|\n|t:|1698797410\n|switch|p2a: Rotom|Rotom-Wash|59\/100\n|move|p1a: Bubbles|Bolt Beak|p2a: Rotom\n|-damage|p2a: Rotom|0 fnt\n|faint|p2a: Rotom\n|\n|-weather|none\n|upkeep\n|\n|t:|1698797426\n|switch|p2a: Samurott|Samurott-Hisui, F|18\/100\n|turn|11\n|\n|t:|1698797523\n|switch|p1a: Table|Avalugg, M|100\/100\n|move|p2a: Samurott|Ceaseless Edge|p1a: Table\n|-damage|p1a: Table|82\/100\n|-sidestart|p1: Salfy|Spikes\n|\n|upkeep\n|turn|12\n|\n|t:|1698797534\n|switch|p2a: Toxapex|Toxapex, M|100\/100\n|move|p1a: Table|Rapid Spin|p2a: Toxapex\n|-damage|p2a: Toxapex|92\/100\n|-boost|p1a: Table|spe|1\n|-sideend|p1: Salfy|Spikes|[from] move: Rapid Spin|[of] p1a: Table\n|\n|-heal|p2a: Toxapex|99\/100|[from] item: Black Sludge\n|upkeep\n|turn|13\n|c|\u2606A_Gamer8414|brb\n|c|\u2606A_Gamer8414|gotta use the bathroom\n|c|\u2606Salfy|aight\n|\n|t:|1698797607\n|switch|p1a: Chilla|Baxcalibur, M|100\/100\n|move|p2a: Toxapex|Scald|p1a: Chilla\n|-resisted|p1a: Chilla\n|-damage|p1a: Chilla|92\/100\n|\n|-heal|p2a: Toxapex|100\/100|[from] item: Black Sludge\n|upkeep\n|turn|14\n|c|\u2606Salfy|weh\n|\n|t:|1698797932\n|move|p1a: Chilla|Dragon Dance|p1a: Chilla\n|-boost|p1a: Chilla|atk|1\n|-boost|p1a: Chilla|spe|1\n|move|p2a: Toxapex|Toxic Spikes|p1a: Chilla\n|-sidestart|p1: Salfy|move: Toxic Spikes\n|\n|upkeep\n|turn|15\n|\n|t:|1698797938\n|move|p1a: Chilla|Glaive Rush|p2a: Toxapex\n|-damage|p2a: Toxapex|34\/100\n|-singlemove|p1a: Chilla|Glaive Rush|[silent]\n|move|p2a: Toxapex|Haze|p2a: Toxapex\n|-clearallboost\n|\n|-heal|p2a: Toxapex|41\/100|[from] item: Black Sludge\n|upkeep\n|turn|16\n|\n|t:|1698797982\n|move|p1a: Chilla|Glaive Rush|p2a: Toxapex\n|-damage|p2a: Toxapex|0 fnt\n|-singlemove|p1a: Chilla|Glaive Rush|[silent]\n|faint|p2a: Toxapex\n|\n|upkeep\n|\n|t:|1698797992\n|switch|p2a: Samurott|Samurott-Hisui, F|18\/100\n|turn|17\n|\n|t:|1698798039\n|-terastallize|p1a: Chilla|Steel\n|move|p2a: Samurott|Ceaseless Edge|p1a: Chilla\n|-damage|p1a: Chilla|2\/100\n|-sidestart|p1: Salfy|Spikes\n|move|p1a: Chilla|Dragon Dance|p1a: Chilla\n|-boost|p1a: Chilla|atk|1\n|-boost|p1a: Chilla|spe|1\n|\n|upkeep\n|turn|18\n|\n|t:|1698798048\n|move|p1a: Chilla|Icicle Spear|p2a: Samurott\n|-resisted|p2a: Samurott\n|-damage|p2a: Samurott|3\/100\n|-resisted|p2a: Samurott\n|-damage|p2a: Samurott|0 fnt\n|faint|p2a: Samurott\n|-hitcount|p2: Samurott|2\n|\n|upkeep\n|\n|t:|1698798055\n|switch|p2a: Dondozo|Dondozo, F|100\/100\n|turn|19\n|\n|t:|1698798099\n|switch|p1a: Table|Avalugg, M|82\/100\n|move|p2a: Dondozo|Curse|p2a: Dondozo\n|-unboost|p2a: Dondozo|spe|1\n|-boost|p2a: Dondozo|atk|1\n|-boost|p2a: Dondozo|def|1\n|\n|upkeep\n|turn|20\n|\n|t:|1698798150\n|move|p1a: Table|Toxic|p2a: Dondozo\n|-status|p2a: Dondozo|tox\n|move|p2a: Dondozo|Curse|p2a: Dondozo\n|-unboost|p2a: Dondozo|spe|1\n|-boost|p2a: Dondozo|atk|1\n|-boost|p2a: Dondozo|def|1\n|\n|-damage|p2a: Dondozo|94\/100 tox|[from] psn\n|upkeep\n|turn|21\n|\n|t:|1698798168\n|move|p1a: Table|Rapid Spin|p2a: Dondozo\n|-damage|p2a: Dondozo|90\/100 tox\n|-boost|p1a: Table|spe|1\n|-sideend|p1: Salfy|Spikes|[from] move: Rapid Spin|[of] p1a: Table\n|-sideend|p1: Salfy|Toxic Spikes|[from] move: Rapid Spin|[of] p1a: Table\n|move|p2a: Dondozo|Curse|p2a: Dondozo\n|-unboost|p2a: Dondozo|spe|1\n|-boost|p2a: Dondozo|atk|1\n|-boost|p2a: Dondozo|def|1\n|\n|-heal|p2a: Dondozo|96\/100 tox|[from] item: Leftovers\n|-damage|p2a: Dondozo|84\/100 tox|[from] psn\n|upkeep\n|turn|22\n|\n|t:|1698798265\n|switch|p1a: Chilla|Baxcalibur, M, tera:Steel|2\/100\n|move|p2a: Dondozo|Curse|p2a: Dondozo\n|-unboost|p2a: Dondozo|spe|1\n|-boost|p2a: Dondozo|atk|1\n|-boost|p2a: Dondozo|def|1\n|\n|-heal|p2a: Dondozo|90\/100 tox|[from] item: Leftovers\n|-damage|p2a: Dondozo|72\/100 tox|[from] psn\n|upkeep\n|turn|23\n|\n|t:|1698798280\n|move|p1a: Chilla|Glaive Rush|p2a: Dondozo\n|-damage|p2a: Dondozo|57\/100 tox\n|-singlemove|p1a: Chilla|Glaive Rush|[silent]\n|move|p2a: Dondozo|Rest|p2a: Dondozo\n|-status|p2a: Dondozo|slp|[from] move: Rest\n|-heal|p2a: Dondozo|100\/100 slp|[silent]\n|\n|upkeep\n|turn|24\n|\n|t:|1698798324\n|switch|p1a: Balance|Kyurem|100\/100\n|-ability|p1a: Balance|Pressure\n|cant|p2a: Dondozo|slp\n|move|p2a: Dondozo|Sleep Talk|p2a: Dondozo\n|move|p2a: Dondozo|Curse|p2a: Dondozo|[from]move: Sleep Talk\n|-unboost|p2a: Dondozo|spe|1\n|-boost|p2a: Dondozo|atk|1\n|-boost|p2a: Dondozo|def|1\n|\n|upkeep\n|turn|25\n|\n|t:|1698798337\n|move|p1a: Balance|Freeze-Dry|p2a: Dondozo\n|-supereffective|p2a: Dondozo\n|-damage|p2a: Dondozo|31\/100 slp\n|cant|p2a: Dondozo|slp\n|move|p2a: Dondozo|Sleep Talk|p2a: Dondozo\n|move|p2a: Dondozo|Rest||[from]move: Sleep Talk|[still]\n|-fail|p2a: Dondozo\n|\n|-heal|p2a: Dondozo|37\/100 slp|[from] item: Leftovers\n|upkeep\n|turn|26\n|-message|A_Gamer8414 forfeited.\n|\n|win|Salfy\n|l|\u2606A_Gamer8414\n","uploadtime":1698798355,"views":14,"p1id":"salfy","p2id":"agamer8414","formatid":"gen9nationaldexubers","rating":0,"private":0,"password":""}