{"id":"gen9nationaldexubers-1978628986","p1":"CardinalSinPride","p2":"700club","format":"[Gen 9] National Dex Ubers","log":"|j|\u2606CardinalSinPride\n|j|\u2606700club\n|t:|1698570312\n|gametype|singles\n|player|p1|CardinalSinPride|parasollady|1265\n|player|p2|700club|shadowtriad|1169\n|teamsize|p1|6\n|teamsize|p2|6\n|gen|9\n|tier|[Gen 9] National Dex Ubers\n|rated|\n|rule|HP Percentage Mod: HP is shown in percentages\n|rule|Endless Battle Clause: Forcing endless battles is banned\n|rule|OHKO Clause: OHKO moves are banned\n|rule|Evasion Moves Clause: Evasion moves are banned\n|rule|Evasion Items Clause: Evasion items are banned\n|rule|Species Clause: Limit one of each Pok\u00e9mon\n|rule|Sleep Clause Mod: Limit one foe put to sleep\n|rule|Mega Rayquaza Clause: You cannot mega evolve Rayquaza\n|clearpoke\n|poke|p1|Kingambit, M|\n|poke|p1|Metagross|\n|poke|p1|Pheromosa|\n|poke|p1|Gallade, M|\n|poke|p1|Ho-Oh|\n|poke|p1|Darkrai|\n|poke|p2|Liepard, M|\n|poke|p2|Ho-Oh|\n|poke|p2|Pawmot, M|\n|poke|p2|Arceus|\n|poke|p2|Toxapex, M|\n|poke|p2|Ditto|\n|teampreview\n|inactive|Battle timer is ON: inactive players will automatically lose when time's up. (requested by CardinalSinPride)\n|c|\u2606700club|hi\n|\n|t:|1698570332\n|start\n|switch|p1a: The Knight|Gallade, M|100\/100\n|switch|p2a: Liepard|Liepard, M|100\/100\n|turn|1\n|c|\u2606CardinalSinPride|Hi\n|c|\u2606CardinalSinPride|Gl hf\n|c|\u2606700club|u too!\n|\n|t:|1698570353\n|move|p2a: Liepard|Sunny Day|p2a: Liepard\n|-weather|SunnyDay\n|move|p1a: The Knight|Close Combat|p2a: Liepard\n|-supereffective|p2a: Liepard\n|-damage|p2a: Liepard|0 fnt\n|-unboost|p1a: The Knight|def|1\n|-unboost|p1a: The Knight|spd|1\n|faint|p2a: Liepard\n|\n|-weather|SunnyDay|[upkeep]\n|upkeep\n|c|\u2606CardinalSinPride|Thx!\n|\n|t:|1698570362\n|switch|p2a: Ho-Oh|Ho-Oh|100\/100\n|turn|2\n|\n|t:|1698570370\n|switch|p1a: The trusty horse|Ho-Oh|100\/100\n|-terastallize|p2a: Ho-Oh|Fire\n|move|p2a: Ho-Oh|Sacred Fire|p1a: The trusty horse\n|-resisted|p1a: The trusty horse\n|-damage|p1a: The trusty horse|20\/100\n|\n|-weather|SunnyDay|[upkeep]\n|upkeep\n|turn|3\n|\n|t:|1698570378\n|move|p2a: Ho-Oh|Sacred Fire|p1a: The trusty horse\n|-resisted|p1a: The trusty horse\n|-crit|p1a: The trusty horse\n|-damage|p1a: The trusty horse|0 fnt\n|faint|p1a: The trusty horse\n|\n|-weather|SunnyDay|[upkeep]\n|upkeep\n|\n|t:|1698570386\n|switch|p1a: The Nightmare|Darkrai|100\/100\n|turn|4\n|\n|t:|1698570393\n|move|p1a: The Nightmare|Hypnosis|p2a: Ho-Oh\n|-status|p2a: Ho-Oh|slp|[from] move: Hypnosis\n|cant|p2a: Ho-Oh|slp\n|\n|-weather|SunnyDay|[upkeep]\n|-damage|p2a: Ho-Oh|88\/100 slp|[from] ability: Bad Dreams|[of] p1a: The Nightmare\n|upkeep\n|turn|5\n|\n|t:|1698570399\n|move|p1a: The Nightmare|Dark Pulse|p2a: Ho-Oh\n|-crit|p2a: Ho-Oh\n|-damage|p2a: Ho-Oh|48\/100 slp\n|cant|p2a: Ho-Oh|slp\n|\n|-weather|SunnyDay|[upkeep]\n|-damage|p2a: Ho-Oh|36\/100 slp|[from] ability: Bad Dreams|[of] p1a: The Nightmare\n|upkeep\n|turn|6\n|\n|t:|1698570406\n|move|p1a: The Nightmare|Dark Pulse|p2a: Ho-Oh\n|-damage|p2a: Ho-Oh|8\/100 slp\n|cant|p2a: Ho-Oh|slp\n|\n|-weather|SunnyDay|[upkeep]\n|-damage|p2a: Ho-Oh|0 fnt|[from] ability: Bad Dreams|[of] p1a: The Nightmare\n|faint|p2a: Ho-Oh\n|upkeep\n|\n|t:|1698570430\n|switch|p2a: Pawmot|Pawmot, M|100\/100\n|turn|7\n|\n|t:|1698570439\n|move|p1a: The Nightmare|Hypnosis|p2a: Pawmot|[miss]\n|-miss|p1a: The Nightmare|p2a: Pawmot\n|-enditem|p1a: The Nightmare|Blunder Policy\n|-boost|p1a: The Nightmare|spe|2\n|move|p2a: Pawmot|Revival Blessing|p2a: Pawmot\n|-enditem|p2a: Pawmot|Leppa Berry|[eat]\n|-activate|p2a: Pawmot|item: Leppa Berry|Revival Blessing|[consumed]\n|\n|t:|1698570446\n|-heal|p2: Ho-Oh|50\/100|[from] move: Revival Blessing\n|\n|-weather|SunnyDay|[upkeep]\n|upkeep\n|turn|8\n|\n|t:|1698570454\n|move|p1a: The Nightmare|Hypnosis|p2a: Pawmot\n|-status|p2a: Pawmot|slp|[from] move: Hypnosis\n|cant|p2a: Pawmot|slp\n|\n|-weather|none\n|-damage|p2a: Pawmot|88\/100 slp|[from] ability: Bad Dreams|[of] p1a: The Nightmare\n|upkeep\n|turn|9\n|\n|t:|1698570462\n|move|p1a: The Nightmare|Ice Beam|p2a: Pawmot\n|-damage|p2a: Pawmot|28\/100 slp\n|cant|p2a: Pawmot|slp\n|\n|-damage|p2a: Pawmot|15\/100 slp|[from] ability: Bad Dreams|[of] p1a: The Nightmare\n|upkeep\n|turn|10\n|\n|t:|1698570468\n|move|p1a: The Nightmare|Ice Beam|p2a: Pawmot\n|-damage|p2a: Pawmot|0 fnt\n|faint|p2a: Pawmot\n|\n|upkeep\n|\n|t:|1698570482\n|switch|p2a: Arceus|Arceus|100\/100\n|turn|11\n|\n|t:|1698570491\n|move|p1a: The Nightmare|Hypnosis|p2a: Arceus\n|-status|p2a: Arceus|slp|[from] move: Hypnosis\n|cant|p2a: Arceus|slp\n|\n|-damage|p2a: Arceus|88\/100 slp|[from] ability: Bad Dreams|[of] p1a: The Nightmare\n|upkeep\n|turn|12\n|\n|t:|1698570498\n|move|p1a: The Nightmare|Dark Pulse|p2a: Arceus\n|-damage|p2a: Arceus|54\/100 slp\n|-curestatus|p2a: Arceus|slp|[msg]\n|move|p2a: Arceus|Swords Dance|p2a: Arceus\n|-boost|p2a: Arceus|atk|2\n|\n|upkeep\n|turn|13\n|\n|t:|1698570508\n|-terastallize|p1a: The Nightmare|Ghost\n|move|p2a: Arceus|Extreme Speed|p1a: The Nightmare\n|-immune|p1a: The Nightmare\n|move|p1a: The Nightmare|Hypnosis|p2a: Arceus\n|-status|p2a: Arceus|slp|[from] move: Hypnosis\n|\n|-damage|p2a: Arceus|42\/100 slp|[from] ability: Bad Dreams|[of] p1a: The Nightmare\n|upkeep\n|turn|14\n|c|\u2606700club|nice\n|\n|t:|1698570520\n|move|p1a: The Nightmare|Dark Pulse|p2a: Arceus\n|-damage|p2a: Arceus|6\/100 slp\n|cant|p2a: Arceus|slp\n|\n|-damage|p2a: Arceus|0 fnt|[from] ability: Bad Dreams|[of] p1a: The Nightmare\n|faint|p2a: Arceus\n|upkeep\n|c|\u2606CardinalSinPride|Thx\n|c|\u2606CardinalSinPride|Unfortunatly u am only allowed to do it once\n|\n|t:|1698570534\n|switch|p2a: Toxapex|Toxapex, M|100\/100\n|turn|15\n|c|\u2606CardinalSinPride|I*\n|\n|t:|1698570544\n|move|p1a: The Nightmare|Hypnosis|p2a: Toxapex|[miss]\n|-miss|p1a: The Nightmare|p2a: Toxapex\n|move|p2a: Toxapex|Haze|p2a: Toxapex\n|-clearallboost\n|\n|upkeep\n|turn|16\n|\n|t:|1698570553\n|switch|p2a: Ho-Oh|Ho-Oh|50\/100\n|move|p1a: The Nightmare|Hypnosis|p2a: Ho-Oh|[miss]\n|-miss|p1a: The Nightmare|p2a: Ho-Oh\n|\n|upkeep\n|turn|17\n|\n|t:|1698570564\n|move|p1a: The Nightmare|Dark Pulse|p2a: Ho-Oh\n|-damage|p2a: Ho-Oh|24\/100\n|move|p2a: Ho-Oh|Brave Bird|p1a: The Nightmare\n|-damage|p1a: The Nightmare|0 fnt\n|faint|p1a: The Nightmare\n|-damage|p2a: Ho-Oh|0 fnt|[from] Recoil\n|faint|p2a: Ho-Oh\n|\n|upkeep\n|\n|t:|1698570577\n|switch|p1a: The Monster|Metagross, shiny|100\/100\n|switch|p2a: Toxapex|Toxapex, M|100\/100\n|turn|18\n|\n|t:|1698570586\n|detailschange|p1a: The Monster|Metagross-Mega, shiny\n|-mega|p1a: The Monster|Metagross|Metagrossite\n|move|p1a: The Monster|Zen Headbutt|p2a: Toxapex|[miss]\n|-miss|p1a: The Monster|p2a: Toxapex\n|move|p2a: Toxapex|Scald|p1a: The Monster\n|-damage|p1a: The Monster|82\/100\n|\n|upkeep\n|turn|19\n|\n|t:|1698570598\n|move|p1a: The Monster|Zen Headbutt|p2a: Toxapex\n|-supereffective|p2a: Toxapex\n|-damage|p2a: Toxapex|29\/100\n|-damage|p1a: The Monster|65\/100|[from] item: Rocky Helmet|[of] p2a: Toxapex\n|move|p2a: Toxapex|Toxic Spikes|p1a: The Monster\n|-sidestart|p1: CardinalSinPride|move: Toxic Spikes\n|\n|upkeep\n|turn|20\n|c|\u2606CardinalSinPride|Well i used up my luck\n|\n|t:|1698570605\n|move|p1a: The Monster|Earthquake|p2a: Toxapex\n|-supereffective|p2a: Toxapex\n|-damage|p2a: Toxapex|0 fnt\n|faint|p2a: Toxapex\n|\n|upkeep\n|c|\u2606700club|gg\n|\n|t:|1698570610\n|switch|p2a: Ditto|Ditto|100\/100\n|-transform|p2a: Ditto|p1a: The Monster|[from] ability: Imposter\n|turn|21\n|c|\u2606CardinalSinPride|Gg wp\n|c|\u2606700club|i should have used ditto agains darkrai\n|c|\u2606700club|wp\n|inactive|700club has 120 seconds left.\n|\n|t:|1698570641\n|move|p2a: Ditto|Earthquake|p1a: The Monster\n|-supereffective|p1a: The Monster\n|-damage|p1a: The Monster|8\/100\n|move|p1a: The Monster|Earthquake|p2a: Ditto\n|-supereffective|p2a: Ditto\n|-damage|p2a: Ditto|35\/100\n|\n|upkeep\n|turn|22\n|c|\u2606CardinalSinPride|Yeah probably\n|\n|t:|1698570652\n|move|p1a: The Monster|Bullet Punch|p2a: Ditto\n|-resisted|p2a: Ditto\n|-damage|p2a: Ditto|23\/100\n|move|p2a: Ditto|Earthquake|p1a: The Monster\n|-supereffective|p1a: The Monster\n|-damage|p1a: The Monster|0 fnt\n|faint|p1a: The Monster\n|\n|upkeep\n|\n|t:|1698570656\n|switch|p1a: The Princess|Pheromosa|100\/100\n|-status|p1a: The Princess|psn\n|turn|23\n|\n|t:|1698570661\n|move|p2a: Ditto|Earthquake|p1a: The Princess\n|-resisted|p1a: The Princess\n|-damage|p1a: The Princess|49\/100 psn\n|move|p1a: The Princess|Bug Buzz|p2a: Ditto\n|-damage|p2a: Ditto|0 fnt\n|faint|p2a: Ditto\n|\n|win|CardinalSinPride\n|raw|CardinalSinPride's rating: 1265 &rarr; <strong>1283<\/strong><br \/>(+18 for winning)\n|raw|700club's rating: 1169 &rarr; <strong>1151<\/strong><br \/>(-18 for losing)\n|l|\u2606CardinalSinPride\n","uploadtime":1698570669,"views":16,"p1id":"cardinalsinpride","p2id":"700club","formatid":"gen9nationaldexubers","rating":1151,"private":0,"password":""}