{"id":"gen9nationaldexubers-1990894199","p1":"negroisstillhere","p2":"BigPengSus","format":"[Gen 9] National Dex Ubers","log":"|j|\u203dnegroisstillhere\n|j|\u2606BigPengSus\n|t:|1700012310\n|gametype|singles\n|player|p1|negroisstillhere|1|1132\n|player|p2|BigPengSus|linebacker|1139\n|teamsize|p1|6\n|teamsize|p2|6\n|gen|9\n|tier|[Gen 9] National Dex Ubers\n|rated|\n|rule|HP Percentage Mod: HP is shown in percentages\n|rule|Endless Battle Clause: Forcing endless battles is banned\n|rule|OHKO Clause: OHKO moves are banned\n|rule|Evasion Moves Clause: Evasion moves are banned\n|rule|Evasion Items Clause: Evasion items are banned\n|rule|Species Clause: Limit one of each Pok\u00e9mon\n|rule|Sleep Clause Mod: Limit one foe put to sleep\n|rule|Mega Rayquaza Clause: You cannot mega evolve Rayquaza\n|clearpoke\n|poke|p1|Dracovish|\n|poke|p1|Darkrai|\n|poke|p1|Yveltal|\n|poke|p1|Groudon|\n|poke|p1|Zygarde|\n|poke|p1|Arceus-Dark|\n|poke|p2|Melmetal|\n|poke|p2|Iron Hands|\n|poke|p2|Audino, F|\n|poke|p2|Diglett, F|\n|poke|p2|Iron Valiant|\n|poke|p2|Toedscruel, M|\n|teampreview\n|inactive|Battle timer is ON: inactive players will automatically lose when time's up. (requested by BigPengSus)\n|\n|t:|1700012316\n|start\n|switch|p1a: Darkrai|Darkrai|100\/100\n|switch|p2a: Shiitake|Toedscruel, M, shiny|100\/100\n|turn|1\n|\n|t:|1700012327\n|move|p1a: Darkrai|Sludge Bomb|p2a: Shiitake\n|-damage|p2a: Shiitake|74\/100\n|move|p2a: Shiitake|Trick Room|p2a: Shiitake\n|-fieldstart|move: Trick Room|[of] p2a: Shiitake\n|\n|upkeep\n|turn|2\n|\n|t:|1700012332\n|move|p1a: Darkrai|Hypnosis|p2a: Shiitake|[miss]\n|-miss|p1a: Darkrai|p2a: Shiitake\n|-enditem|p1a: Darkrai|Blunder Policy\n|-boost|p1a: Darkrai|spe|2\n|move|p2a: Shiitake|Spore|p1a: Darkrai\n|-status|p1a: Darkrai|slp|[from] move: Spore\n|\n|upkeep\n|turn|3\n|\n|t:|1700012338\n|switch|p2a: Brian Hands|Iron Hands, shiny|100\/100\n|cant|p1a: Darkrai|slp\n|\n|upkeep\n|turn|4\n|\n|t:|1700012341\n|move|p2a: Brian Hands|Swords Dance|p2a: Brian Hands\n|-boost|p2a: Brian Hands|atk|2\n|cant|p1a: Darkrai|slp\n|\n|upkeep\n|turn|5\n|\n|t:|1700012346\n|move|p2a: Brian Hands|Drain Punch|p1a: Darkrai\n|-supereffective|p1a: Darkrai\n|-damage|p1a: Darkrai|0 fnt\n|faint|p1a: Darkrai\n|\n|-fieldend|move: Trick Room\n|upkeep\n|\n|t:|1700012352\n|switch|p1a: Yveltal|Yveltal, shiny|100\/100\n|-ability|p1a: Yveltal|Dark Aura\n|turn|6\n|\n|t:|1700012357\n|move|p1a: Yveltal|Dark Pulse|p2a: Brian Hands\n|-resisted|p2a: Brian Hands\n|-damage|p2a: Brian Hands|79\/100\n|move|p2a: Brian Hands|Thunder Punch|p1a: Yveltal\n|-supereffective|p1a: Yveltal\n|-damage|p1a: Yveltal|0 fnt\n|faint|p1a: Yveltal\n|\n|-heal|p2a: Brian Hands|85\/100|[from] item: Leftovers\n|upkeep\n|\n|t:|1700012363\n|switch|p1a: Dracovish|Dracovish, shiny|100\/100\n|turn|7\n|c|\u2606BigPengSus|!weak iron hands\n|c| BigPengSus|\/raw <div class=\"infobox\">Iron Hands (ignoring abilities):<br \/><span class=\"message-effect-weak\">Weaknesses<\/span>: Fairy, Ground, Psychic<br \/><span class=\"message-effect-resist\">Resistances<\/span>: Bug, Dark, Electric, Rock, Steel<br \/><span class=\"message-effect-immune\">Immunities<\/span>: Paralysis<\/div>\n|\n|t:|1700012383\n|-terastallize|p1a: Dracovish|Water\n|-terastallize|p2a: Brian Hands|Water\n|move|p1a: Dracovish|Fishious Rend|p2a: Brian Hands\n|-resisted|p2a: Brian Hands\n|-damage|p2a: Brian Hands|43\/100\n|move|p2a: Brian Hands|Drain Punch|p1a: Dracovish\n|-damage|p1a: Dracovish|24\/100\n|-heal|p2a: Brian Hands|67\/100|[from] drain|[of] p1a: Dracovish\n|\n|-heal|p2a: Brian Hands|74\/100|[from] item: Leftovers\n|upkeep\n|turn|8\n|\n|t:|1700012401\n|switch|p1a: Zygarde|Zygarde|100\/100\n|move|p2a: Brian Hands|Drain Punch|p1a: Zygarde\n|-damage|p1a: Zygarde|44\/100\n|-heal|p2a: Brian Hands|93\/100|[from] drain|[of] p1a: Zygarde\n|\n|-heal|p1a: Zygarde|50\/100|[from] item: Leftovers\n|-heal|p2a: Brian Hands|99\/100|[from] item: Leftovers\n|-activate|p1a: Zygarde|ability: Power Construct\n|detailschange|p1a: Zygarde|Zygarde-Complete\n|-heal|p1a: Zygarde|69\/100|[silent]\n|upkeep\n|turn|9\n|\n|t:|1700012410\n|move|p1a: Zygarde|Extreme Speed|p2a: Brian Hands\n|-damage|p2a: Brian Hands|87\/100\n|move|p2a: Brian Hands|Drain Punch|p1a: Zygarde\n|-crit|p1a: Zygarde\n|-damage|p1a: Zygarde|17\/100\n|-heal|p2a: Brian Hands|100\/100|[from] drain|[of] p1a: Zygarde\n|\n|-heal|p1a: Zygarde|23\/100|[from] item: Leftovers\n|upkeep\n|turn|10\n|\n|t:|1700012417\n|move|p1a: Zygarde|Thousand Arrows|p2a: Brian Hands\n|-damage|p2a: Brian Hands|79\/100\n|move|p2a: Brian Hands|Drain Punch|p1a: Zygarde\n|-damage|p1a: Zygarde|0 fnt\n|-heal|p2a: Brian Hands|92\/100|[from] drain|[of] p1a: Zygarde\n|faint|p1a: Zygarde\n|\n|-heal|p2a: Brian Hands|98\/100|[from] item: Leftovers\n|upkeep\n|\n|t:|1700012421\n|switch|p1a: Arceus|Arceus-Dark|100\/100\n|turn|11\n|\n|t:|1700012429\n|move|p1a: Arceus|Foul Play|p2a: Brian Hands\n|-damage|p2a: Brian Hands|35\/100\n|move|p2a: Brian Hands|Drain Punch|p1a: Arceus\n|-supereffective|p1a: Arceus\n|-damage|p1a: Arceus|18\/100\n|-heal|p2a: Brian Hands|71\/100|[from] drain|[of] p1a: Arceus\n|\n|-heal|p2a: Brian Hands|77\/100|[from] item: Leftovers\n|upkeep\n|turn|12\n|\n|t:|1700012438\n|move|p1a: Arceus|Foul Play|p2a: Brian Hands\n|-damage|p2a: Brian Hands|15\/100\n|move|p2a: Brian Hands|Drain Punch|p1a: Arceus\n|-supereffective|p1a: Arceus\n|-damage|p1a: Arceus|0 fnt\n|-heal|p2a: Brian Hands|22\/100|[from] drain|[of] p1a: Arceus\n|faint|p1a: Arceus\n|\n|-heal|p2a: Brian Hands|29\/100|[from] item: Leftovers\n|upkeep\n|\n|t:|1700012448\n|switch|p1a: Groudon|Groudon|100\/100\n|detailschange|p1a: Groudon|Groudon-Primal\n|-primal|p1a: Groudon|Red Orb\n|-weather|DesolateLand|[from] ability: Desolate Land|[of] p1a: Groudon\n|turn|13\n|\n|t:|1700012455\n|move|p1a: Groudon|Rock Tomb|p2a: Brian Hands\n|-damage|p2a: Brian Hands|13\/100\n|-unboost|p2a: Brian Hands|spe|1\n|move|p2a: Brian Hands|Earthquake|p1a: Groudon\n|-supereffective|p1a: Groudon\n|-damage|p1a: Groudon|34\/100\n|\n|-weather|DesolateLand|[upkeep]\n|-heal|p2a: Brian Hands|19\/100|[from] item: Leftovers\n|upkeep\n|turn|14\n|\n|t:|1700012464\n|move|p1a: Groudon|Rock Tomb|p2a: Brian Hands\n|-damage|p2a: Brian Hands|3\/100\n|-unboost|p2a: Brian Hands|spe|1\n|move|p2a: Brian Hands|Drain Punch|p1a: Groudon\n|-damage|p1a: Groudon|0 fnt\n|-heal|p2a: Brian Hands|16\/100|[from] drain|[of] p1a: Groudon\n|faint|p1a: Groudon\n|-weather|none\n|\n|-heal|p2a: Brian Hands|22\/100|[from] item: Leftovers\n|upkeep\n|\n|t:|1700012474\n|switch|p1a: Dracovish|Dracovish, shiny, tera:Water|24\/100\n|turn|15\n|\n|t:|1700012484\n|move|p1a: Dracovish|Psychic Fangs|p2a: Brian Hands\n|-damage|p2a: Brian Hands|2\/100\n|move|p2a: Brian Hands|Drain Punch|p1a: Dracovish\n|-damage|p1a: Dracovish|0 fnt\n|-heal|p2a: Brian Hands|9\/100|[from] drain|[of] p1a: Dracovish\n|faint|p1a: Dracovish\n|\n|win|BigPengSus\n|raw|negroisstillhere's rating: 1132 &rarr; <strong>1108<\/strong><br \/>(-24 for losing)\n|raw|BigPengSus's rating: 1139 &rarr; <strong>1163<\/strong><br \/>(+24 for winning)\n","uploadtime":1700012495,"views":8,"p1id":"negroisstillhere","p2id":"bigpengsus","formatid":"gen9nationaldexubers","rating":1108,"private":0,"password":""}