{"id":"gen9nationaldexubers-1987650241","p1":"Reality_Check56","p2":"The power of ROCK","format":"[Gen 9] National Dex Ubers","log":"|j|\u2606Reality_Check56\n|j|\u2606The power of ROCK\n|t:|1699623985\n|gametype|singles\n|player|p1|Reality_Check56|psychic-gen6|\n|player|p2|The power of ROCK|roark|\n|teamsize|p1|6\n|teamsize|p2|6\n|gen|9\n|tier|[Gen 9] National Dex Ubers\n|rule|HP Percentage Mod: HP is shown in percentages\n|rule|Endless Battle Clause: Forcing endless battles is banned\n|rule|OHKO Clause: OHKO moves are banned\n|rule|Evasion Moves Clause: Evasion moves are banned\n|rule|Evasion Items Clause: Evasion items are banned\n|rule|Species Clause: Limit one of each Pok\u00e9mon\n|rule|Sleep Clause Mod: Limit one foe put to sleep\n|rule|Mega Rayquaza Clause: You cannot mega evolve Rayquaza\n|clearpoke\n|poke|p1|Stakataka|\n|poke|p1|Arceus-Poison|\n|poke|p1|Blaziken, F|\n|poke|p1|Deoxys-Speed|\n|poke|p1|Machamp, M|\n|poke|p1|Mudsdale, M|\n|poke|p2|Tyranitar, F|\n|poke|p2|Garganacl, F|\n|poke|p2|Aggron, F|\n|poke|p2|Glimmora, F|\n|poke|p2|Cradily, F|\n|poke|p2|Probopass, L1, M|\n|teampreview\n|c|\u2606Reality_Check56|glhf\n|c|\u2606The power of ROCK|u 2\n|c|\u2606Reality_Check56|Wtfnotakata?\n|\n|t:|1699624004\n|start\n|switch|p1a: Blaziken|Blaziken, F|100\/100\n|switch|p2a: Glimmora|Glimmora, F|100\/100\n|turn|1\n|c|\u2606Reality_Check56|ok\n|\n|t:|1699624009\n|detailschange|p1a: Blaziken|Blaziken-Mega, F\n|-mega|p1a: Blaziken|Blaziken|Blazikenite\n|move|p2a: Glimmora|Spikes|p1a: Blaziken\n|-sidestart|p1: Reality_Check56|Spikes\n|move|p1a: Blaziken|Close Combat|p2a: Glimmora\n|-crit|p2a: Glimmora\n|-damage|p2a: Glimmora|0 fnt\n|-unboost|p1a: Blaziken|def|1\n|-unboost|p1a: Blaziken|spd|1\n|-activate|p2a: Glimmora|ability: Toxic Debris\n|-sidestart|p1: Reality_Check56|move: Toxic Spikes\n|faint|p2a: Glimmora\n|\n|-ability|p1a: Blaziken|Speed Boost|boost\n|-boost|p1a: Blaziken|spe|1\n|upkeep\n|\n|t:|1699624017\n|switch|p2a: Aggron|Aggron, F|100\/100\n|turn|2\n|\n|t:|1699624024\n|detailschange|p2a: Aggron|Aggron-Mega, F\n|-mega|p2a: Aggron|Aggron|Aggronite\n|move|p1a: Blaziken|Blaze Kick|p2a: Aggron\n|-supereffective|p2a: Aggron\n|-damage|p2a: Aggron|69\/100\n|move|p2a: Aggron|Body Press|p1a: Blaziken\n|-damage|p1a: Blaziken|0 fnt\n|faint|p1a: Blaziken\n|\n|upkeep\n|c|\u2606Reality_Check56|hmmm\n|\n|t:|1699624034\n|switch|p1a: Arceus|Arceus-Poison|100\/100\n|-damage|p1a: Arceus|88\/100|[from] Spikes\n|-sideend|p1: Reality_Check56|move: Toxic Spikes|[of] p1a: Arceus\n|turn|3\n|\n|t:|1699624045\n|switch|p2a: Cradily|Cradily, F|100\/100\n|move|p1a: Arceus|Iron Defense|p1a: Arceus\n|-boost|p1a: Arceus|def|2\n|\n|upkeep\n|turn|4\n|\n|t:|1699624051\n|move|p1a: Arceus|Body Press|p2a: Cradily\n|-supereffective|p2a: Cradily\n|-damage|p2a: Cradily|45\/100\n|move|p2a: Cradily|Leech Seed|p1a: Arceus\n|-start|p1a: Arceus|move: Leech Seed\n|\n|-damage|p1a: Arceus|76\/100|[from] Leech Seed|[of] p2a: Cradily\n|-heal|p2a: Cradily|59\/100|[silent]\n|upkeep\n|turn|5\n|c|\u2606The power of ROCK|bring it on like donkey kong\n|\n|t:|1699624059\n|switch|p2a: Probopass|Probopass, L1, M|100\/100\n|move|p1a: Arceus|Iron Defense|p1a: Arceus\n|-boost|p1a: Arceus|def|2\n|\n|-damage|p1a: Arceus|63\/100|[from] Leech Seed|[of] p2a: Probopass\n|upkeep\n|turn|6\n|\n|t:|1699624067\n|move|p1a: Arceus|Sludge Bomb|p2a: Probopass\n|-immune|p2a: Probopass\n|move|p2a: Probopass|Stealth Rock|p1a: Arceus\n|-sidestart|p1: Reality_Check56|move: Stealth Rock\n|\n|-damage|p1a: Arceus|51\/100|[from] Leech Seed|[of] p2a: Probopass\n|upkeep\n|turn|7\n|c|\u2606Reality_Check56|hmmmmmmmmmmmmmm\n|\n|t:|1699624078\n|move|p1a: Arceus|Body Press|p2a: Probopass\n|-supereffective|p2a: Probopass\n|-ability|p2a: Probopass|Sturdy\n|-damage|p2a: Probopass|9\/100\n|move|p2a: Probopass|Pain Split|p1a: Arceus\n|-sethp|p1a: Arceus|26\/100|[from] move: Pain Split|[silent]\n|-sethp|p2a: Probopass|100\/100|[from] move: Pain Split\n|\n|-damage|p1a: Arceus|13\/100|[from] Leech Seed|[of] p2a: Probopass\n|upkeep\n|turn|8\n|c|\u2606Reality_Check56|hmmmmmmmmmmmm\n|\n|t:|1699624088\n|move|p1a: Arceus|Body Press|p2a: Probopass\n|-supereffective|p2a: Probopass\n|-ability|p2a: Probopass|Sturdy\n|-damage|p2a: Probopass|9\/100\n|move|p2a: Probopass|Pain Split|p1a: Arceus\n|-sethp|p1a: Arceus|7\/100|[from] move: Pain Split|[silent]\n|-sethp|p2a: Probopass|100\/100|[from] move: Pain Split\n|\n|-damage|p1a: Arceus|0 fnt|[from] Leech Seed|[of] p2a: Probopass\n|faint|p1a: Arceus\n|upkeep\n|\n|t:|1699624102\n|switch|p1a: Machamp|Machamp, M|100\/100\n|-damage|p1a: Machamp|88\/100|[from] Spikes\n|-damage|p1a: Machamp|82\/100|[from] Stealth Rock\n|turn|9\n|\n|t:|1699624113\n|move|p2a: Probopass|Protect|p2a: Probopass\n|-singleturn|p2a: Probopass|Protect\n|move|p1a: Machamp|Rest|p1a: Machamp\n|-status|p1a: Machamp|slp|[from] move: Rest\n|-heal|p1a: Machamp|100\/100 slp|[silent]\n|\n|upkeep\n|turn|10\n|c|\u2606Reality_Check56|Guts time\n|\n|t:|1699624128\n|cant|p1a: Machamp|slp\n|move|p1a: Machamp|Sleep Talk|p1a: Machamp\n|move|p1a: Machamp|Rest||[from]move: Sleep Talk|[still]\n|-fail|p1a: Machamp\n|move|p2a: Probopass|Pain Split|p1a: Machamp\n|-sethp|p1a: Machamp|52\/100 slp|[from] move: Pain Split|[silent]\n|-sethp|p2a: Probopass|100\/100|[from] move: Pain Split\n|\n|-heal|p1a: Machamp|58\/100 slp|[from] item: Leftovers\n|upkeep\n|turn|11\n|\n|t:|1699624137\n|cant|p1a: Machamp|slp\n|move|p1a: Machamp|Sleep Talk|p1a: Machamp\n|move|p1a: Machamp|Rest||[from]move: Sleep Talk|[still]\n|-fail|p1a: Machamp\n|move|p2a: Probopass|Pain Split|p1a: Machamp\n|-sethp|p1a: Machamp|31\/100 slp|[from] move: Pain Split|[silent]\n|-sethp|p2a: Probopass|100\/100|[from] move: Pain Split\n|\n|-heal|p1a: Machamp|37\/100 slp|[from] item: Leftovers\n|upkeep\n|turn|12\n|c|\u2606Reality_Check56|WTF\n|\n|t:|1699624149\n|switch|p2a: Cradily|Cradily, F|59\/100\n|-curestatus|p1a: Machamp|slp|[msg]\n|move|p1a: Machamp|Sleep Talk||[still]\n|-fail|p1a: Machamp\n|\n|-heal|p1a: Machamp|43\/100|[from] item: Leftovers\n|upkeep\n|turn|13\n|c|\u2606The power of ROCK|try again\n|\n|t:|1699624163\n|move|p1a: Machamp|Cross Chop|p2a: Cradily\n|-supereffective|p2a: Cradily\n|-damage|p2a: Cradily|0 fnt\n|faint|p2a: Cradily\n|\n|-heal|p1a: Machamp|50\/100|[from] item: Leftovers\n|upkeep\n|\n|t:|1699624166\n|switch|p2a: Garganacl|Garganacl, F|100\/100\n|turn|14\n|c|\u2606Reality_Check56|no\n|c|\u2606Reality_Check56|U try again\n|\n|t:|1699624194\n|switch|p1a: Deoxys|Deoxys-Speed|100\/100\n|-damage|p1a: Deoxys|88\/100|[from] Spikes\n|-damage|p1a: Deoxys|76\/100|[from] Stealth Rock\n|-ability|p1a: Deoxys|Pressure\n|-terastallize|p2a: Garganacl|Ghost\n|move|p2a: Garganacl|Salt Cure|p1a: Deoxys\n|-damage|p1a: Deoxys|52\/100\n|-start|p1a: Deoxys|Salt Cure\n|\n|-damage|p1a: Deoxys|40\/100|[from] Salt Cure\n|upkeep\n|turn|15\n|c|\u2606Reality_Check56|heh\n|c|\u2606Reality_Check56|dark pulse\n|c|\u2606Reality_Check56|Exist\n|\n|t:|1699624222\n|switch|p2a: Tyranitar|Tyranitar, F|100\/100\n|-weather|Sandstorm|[from] ability: Sand Stream|[of] p2a: Tyranitar\n|move|p1a: Deoxys|Dark Pulse|p2a: Tyranitar\n|-resisted|p2a: Tyranitar\n|-damage|p2a: Tyranitar|97\/100\n|\n|-weather|Sandstorm|[upkeep]\n|-damage|p1a: Deoxys|33\/100|[from] Sandstorm\n|-damage|p1a: Deoxys|21\/100|[from] Salt Cure\n|upkeep\n|turn|16\n|j| Truth N Ideals\n|c|\u2606Reality_Check56|damn u\n|\n|t:|1699624234\n|-activate|p1a: Deoxys|move: Pursuit\n|move|p2a: Tyranitar|Pursuit|p1a: Deoxys|[from]Pursuit\n|-supereffective|p1a: Deoxys\n|-damage|p1a: Deoxys|0 fnt\n|faint|p1a: Deoxys\n|-hint|A Pokemon can't switch between when it runs out of HP and when it faints\n|\n|-weather|Sandstorm|[upkeep]\n|upkeep\n|c|\u2606Reality_Check56|Hey N\n|\n|t:|1699624244\n|switch|p1a: Mudsdale|Mudsdale, M|100\/100\n|turn|17\n|c| Truth N Ideals|yo yo\n|c|\u2606Reality_Check56|https:\/\/pokepast.es\/b85efccbddc09402 beast boost spam\n|c|\u2606Reality_Check56|N\n|c| Truth N Ideals|Reality\n|c|\u2606Reality_Check56|Why Tf are u blocking private messages?\n|c| Truth N Ideals|oops, my bad lol\n|c| Truth N Ideals|forgot i had it turn on ages ago to ladder in peace\n|c|\u2606Reality_Check56|U LADDER!?\n|c| Truth N Ideals|Yes, i play alot of snakes and ladders, childhood game right there.\n|c|\u2606Reality_Check56|>:(\n|c|\u2606Reality_Check56|i mean meta\n|c| Truth N Ideals|Ah, sometimes i do.\n|c| Truth N Ideals|why is that so surprising?\n|c|\u2606Reality_Check56|Becuse\n|c|\u2606Reality_Check56|U dont make like any teams\n|c|\u2606The power of ROCK|im so sorry\n|c|\u2606The power of ROCK|i was in another game\n|\n|t:|1699624554\n|switch|p2a: Garganacl|Garganacl, F, tera:Ghost|100\/100\n|move|p1a: Mudsdale|Iron Defense|p1a: Mudsdale\n|-boost|p1a: Mudsdale|def|2\n|\n|-weather|Sandstorm|[upkeep]\n|-damage|p2a: Garganacl|94\/100|[from] Sandstorm\n|upkeep\n|turn|18\n|c|\u2606The power of ROCK|im back now\n|c|\u2606The power of ROCK|im so sorry\n|\n|t:|1699624568\n|move|p2a: Garganacl|Iron Defense|p2a: Garganacl\n|-boost|p2a: Garganacl|def|2\n|move|p1a: Mudsdale|Iron Defense|p1a: Mudsdale\n|-boost|p1a: Mudsdale|def|2\n|\n|-weather|Sandstorm|[upkeep]\n|-damage|p2a: Garganacl|88\/100|[from] Sandstorm\n|upkeep\n|turn|19\n|c| Truth N Ideals|welcome back, Rock sensei.\n|c|\u2606The power of ROCK|hi\n|c|\u2606The power of ROCK|sorry for the wait\n|\n|t:|1699624600\n|move|p1a: Mudsdale|Iron Head|p2a: Garganacl\n|-crit|p2a: Garganacl\n|-damage|p2a: Garganacl|64\/100\n|move|p2a: Garganacl|Salt Cure|p1a: Mudsdale\n|-resisted|p1a: Mudsdale\n|-damage|p1a: Mudsdale|99\/100\n|-start|p1a: Mudsdale|Salt Cure\n|-ability|p1a: Mudsdale|Stamina|boost\n|-boost|p1a: Mudsdale|def|1\n|\n|-weather|none\n|-damage|p1a: Mudsdale|86\/100|[from] Salt Cure\n|upkeep\n|turn|20\n|c|\u2606The power of ROCK|you have my full attention now\n|\n|t:|1699624609\n|move|p1a: Mudsdale|Iron Head|p2a: Garganacl\n|-damage|p2a: Garganacl|56\/100\n|move|p2a: Garganacl|Iron Defense|p2a: Garganacl\n|-boost|p2a: Garganacl|def|2\n|\n|-damage|p1a: Mudsdale|74\/100|[from] Salt Cure\n|upkeep\n|turn|21\n|c| Truth N Ideals|it's all good, reality is a patient man of culture.\n|c|\u2606Reality_Check56|yes i am\n|c|\u2606Reality_Check56|in words\n|\n|t:|1699624648\n|move|p1a: Mudsdale|Iron Defense|p1a: Mudsdale\n|-boost|p1a: Mudsdale|def|1\n|move|p2a: Garganacl|Recover|p2a: Garganacl\n|-heal|p2a: Garganacl|100\/100\n|\n|-damage|p1a: Mudsdale|61\/100|[from] Salt Cure\n|upkeep\n|turn|22\n|\n|t:|1699624665\n|move|p1a: Mudsdale|Iron Head|p2a: Garganacl\n|-crit|p2a: Garganacl\n|-damage|p2a: Garganacl|80\/100\n|cant|p2a: Garganacl|flinch\n|\n|-damage|p1a: Mudsdale|49\/100|[from] Salt Cure\n|upkeep\n|turn|23\n|c|\u2606Reality_Check56|lol\n|\n|t:|1699624685\n|move|p2a: Garganacl|Iron Defense|p2a: Garganacl\n|-boost|p2a: Garganacl|def|2\n|move|p1a: Mudsdale|Iron Head|p2a: Garganacl\n|-damage|p2a: Garganacl|75\/100\n|\n|-damage|p1a: Mudsdale|37\/100|[from] Salt Cure\n|upkeep\n|turn|24\n|\n|t:|1699624698\n|switch|p1a: Machamp|Machamp, M|50\/100\n|-damage|p1a: Machamp|37\/100|[from] Spikes\n|-damage|p1a: Machamp|31\/100|[from] Stealth Rock\n|move|p2a: Garganacl|Body Press|p1a: Machamp\n|-damage|p1a: Machamp|0 fnt\n|faint|p1a: Machamp\n|\n|upkeep\n|\n|t:|1699624707\n|switch|p1a: Mudsdale|Mudsdale, M|37\/100\n|turn|25\n|\n|t:|1699624716\n|move|p2a: Garganacl|Body Press|p1a: Mudsdale\n|-damage|p1a: Mudsdale|0 fnt\n|faint|p1a: Mudsdale\n|\n|upkeep\n|\n|t:|1699624746\n|switch|p1a: Stakataka|Stakataka|100\/100\n|-damage|p1a: Stakataka|88\/100|[from] Spikes\n|-damage|p1a: Stakataka|82\/100|[from] Stealth Rock\n|turn|26\n|\n|t:|1699624751\n|-terastallize|p1a: Stakataka|Fighting\n|move|p2a: Garganacl|Salt Cure|p1a: Stakataka\n|-resisted|p1a: Stakataka\n|-damage|p1a: Stakataka|79\/100\n|-start|p1a: Stakataka|Salt Cure\n|move|p1a: Stakataka|Iron Defense|p1a: Stakataka\n|-boost|p1a: Stakataka|def|2\n|\n|-damage|p1a: Stakataka|67\/100|[from] Salt Cure\n|upkeep\n|turn|27\n|\n|t:|1699624760\n|move|p2a: Garganacl|Body Press|p1a: Stakataka\n|-damage|p1a: Stakataka|47\/100\n|move|p1a: Stakataka|Iron Defense|p1a: Stakataka\n|-boost|p1a: Stakataka|def|2\n|\n|-damage|p1a: Stakataka|34\/100|[from] Salt Cure\n|upkeep\n|turn|28\n|\n|t:|1699624767\n|move|p2a: Garganacl|Body Press|p1a: Stakataka\n|-damage|p1a: Stakataka|21\/100\n|move|p1a: Stakataka|Iron Defense|p1a: Stakataka\n|-boost|p1a: Stakataka|def|2\n|\n|-damage|p1a: Stakataka|9\/100|[from] Salt Cure\n|upkeep\n|turn|29\n|\n|t:|1699624778\n|move|p2a: Garganacl|Body Press|p1a: Stakataka\n|-damage|p1a: Stakataka|0 fnt\n|faint|p1a: Stakataka\n|\n|win|The power of ROCK\n|c|\u2606Reality_Check56|Rematch\n|l|\u2606Reality_Check56\n","uploadtime":1699624807,"views":6,"p1id":"realitycheck56","p2id":"thepowerofrock","formatid":"gen9nationaldexubers","rating":0,"private":0,"password":""}