{"id":"gen9nationaldexubers-1987698161","p1":"NotGlitchXD","p2":"anil kottu god","format":"[Gen 9] National Dex Ubers","log":"|j|\u2606NotGlitchXD\n|j|\u2606anil kottu god\n|t:|1699628738\n|gametype|singles\n|player|p1|NotGlitchXD|richboy-gen4|\n|player|p2|anil kottu god|red|\n|teamsize|p1|6\n|teamsize|p2|6\n|gen|9\n|tier|[Gen 9] National Dex Ubers\n|rule|HP Percentage Mod: HP is shown in percentages\n|rule|Endless Battle Clause: Forcing endless battles is banned\n|rule|OHKO Clause: OHKO moves are banned\n|rule|Evasion Moves Clause: Evasion moves are banned\n|rule|Evasion Items Clause: Evasion items are banned\n|rule|Species Clause: Limit one of each Pok\u00e9mon\n|rule|Sleep Clause Mod: Limit one foe put to sleep\n|rule|Mega Rayquaza Clause: You cannot mega evolve Rayquaza\n|clearpoke\n|poke|p1|Kommo-o, M|\n|poke|p1|Azumarill, F|\n|poke|p1|Decidueye, M|\n|poke|p1|Scizor, M|\n|poke|p1|Toxapex, F|\n|poke|p1|Klefki, F|\n|poke|p2|Garchomp, F|\n|poke|p2|Blaziken, M|\n|poke|p2|Clefable, F|\n|poke|p2|Cloyster, M|\n|poke|p2|Noivern, M|\n|poke|p2|Torterra, M|\n|teampreview\n|\n|t:|1699628759\n|start\n|switch|p1a: Garou|Kommo-o, M|100\/100\n|switch|p2a: Clefable|Clefable, F, shiny|100\/100\n|turn|1\n|\n|t:|1699628771\n|-terastallize|p1a: Garou|Steel\n|move|p1a: Garou|Substitute|p1a: Garou\n|-start|p1a: Garou|Substitute\n|-damage|p1a: Garou|75\/100\n|move|p2a: Clefable|Calm Mind|p2a: Clefable\n|-boost|p2a: Clefable|spa|1\n|-boost|p2a: Clefable|spd|1\n|\n|upkeep\n|turn|2\n|\n|t:|1699628783\n|move|p1a: Garou|Belly Drum|p1a: Garou\n|-damage|p1a: Garou|25\/100\n|-setboost|p1a: Garou|atk|6|[from] move: Belly Drum\n|-enditem|p1a: Garou|Salac Berry|[eat]\n|-boost|p1a: Garou|spe|1|[from] item: Salac Berry\n|move|p2a: Clefable|Moonblast|p1a: Garou\n|-resisted|p1a: Garou\n|-end|p1a: Garou|Substitute\n|\n|upkeep\n|turn|3\n|\n|t:|1699628796\n|move|p1a: Garou|Iron Tail|p2a: Clefable|[miss]\n|-miss|p1a: Garou|p2a: Clefable\n|-zpower|p2a: Clefable\n|move|p2a: Clefable|Twinkle Tackle|p1a: Garou|[zeffect]\n|-resisted|p1a: Garou\n|-damage|p1a: Garou|0 fnt\n|faint|p1a: Garou\n|\n|upkeep\n|\n|t:|1699628809\n|switch|p1a: Death|Scizor, M|100\/100\n|turn|4\n|\n|t:|1699628838\n|detailschange|p1a: Death|Scizor-Mega, M\n|-mega|p1a: Death|Scizor|Scizorite\n|move|p1a: Death|Swords Dance|p1a: Death\n|-boost|p1a: Death|atk|2\n|move|p2a: Clefable|Moonblast|p1a: Death\n|-resisted|p1a: Death\n|-damage|p1a: Death|79\/100\n|\n|upkeep\n|turn|5\n|inactive|Battle timer is ON: inactive players will automatically lose when time's up. (requested by NotGlitchXD)\n|\n|t:|1699628851\n|switch|p2a: Blaziken|Blaziken, M|100\/100\n|move|p1a: Death|Swords Dance|p1a: Death\n|-boost|p1a: Death|atk|2\n|\n|upkeep\n|turn|6\n|\n|t:|1699628861\n|-terastallize|p2a: Blaziken|Fire\n|move|p1a: Death|Bullet Punch|p2a: Blaziken\n|-resisted|p2a: Blaziken\n|-damage|p2a: Blaziken|30\/100\n|move|p2a: Blaziken|Flare Blitz|p1a: Death\n|-supereffective|p1a: Death\n|-damage|p1a: Death|0 fnt\n|faint|p1a: Death\n|-damage|p2a: Blaziken|0 fnt|[from] Recoil\n|faint|p2a: Blaziken\n|\n|upkeep\n|c|\u2606NotGlitchXD|Gg\n|\n|t:|1699628888\n|switch|p2a: Torterra|Torterra, M|100\/100\n|switch|p1a: XD|Toxapex, F, shiny|100\/100\n|turn|7\n|\n|t:|1699628899\n|move|p2a: Torterra|Shell Smash|p2a: Torterra\n|-unboost|p2a: Torterra|def|1\n|-unboost|p2a: Torterra|spd|1\n|-boost|p2a: Torterra|atk|2\n|-boost|p2a: Torterra|spa|2\n|-boost|p2a: Torterra|spe|2\n|move|p1a: XD|Toxic|p2a: Torterra\n|-status|p2a: Torterra|tox\n|\n|-damage|p2a: Torterra|94\/100 tox|[from] psn\n|upkeep\n|turn|8\n|\n|t:|1699628917\n|move|p1a: XD|Baneful Bunker|p1a: XD\n|-singleturn|p1a: XD|move: Protect\n|move|p2a: Torterra|Shell Smash|p2a: Torterra\n|-unboost|p2a: Torterra|def|1\n|-unboost|p2a: Torterra|spd|1\n|-boost|p2a: Torterra|atk|2\n|-boost|p2a: Torterra|spa|2\n|-boost|p2a: Torterra|spe|2\n|\n|-damage|p2a: Torterra|82\/100 tox|[from] psn\n|upkeep\n|turn|9\n|\n|t:|1699628934\n|switch|p1a: Robin|Decidueye, M, shiny|100\/100\n|move|p2a: Torterra|Rock Slide|p1a: Robin\n|-damage|p1a: Robin|16\/100\n|\n|-damage|p2a: Torterra|64\/100 tox|[from] psn\n|upkeep\n|turn|10\n|inactive|NotGlitchXD has 270 seconds left.\n|\n|t:|1699628949\n|move|p2a: Torterra|Rock Slide|p1a: Robin\n|-damage|p1a: Robin|0 fnt\n|faint|p1a: Robin\n|\n|-damage|p2a: Torterra|40\/100 tox|[from] psn\n|upkeep\n|inactive|NotGlitchXD has 270 seconds left.\n|\n|t:|1699628959\n|switch|p1a: XD|Toxapex, F, shiny|100\/100\n|turn|11\n|\n|t:|1699628966\n|move|p1a: XD|Baneful Bunker|p1a: XD\n|-singleturn|p1a: XD|move: Protect\n|move|p2a: Torterra|Leech Seed|p1a: XD\n|-activate|p1a: XD|move: Protect\n|\n|-damage|p2a: Torterra|9\/100 tox|[from] psn\n|upkeep\n|-enditem|p2a: Torterra|Figy Berry|[eat]\n|-heal|p2a: Torterra|42\/100 tox|[from] item: Figy Berry\n|turn|12\n|inactive|NotGlitchXD has 270 seconds left.\n|\n|t:|1699628982\n|switch|p1a: Gold|Klefki, F, shiny|100\/100\n|move|p2a: Torterra|Shell Smash|p2a: Torterra\n|-unboost|p2a: Torterra|def|1\n|-unboost|p2a: Torterra|spd|1\n|-boost|p2a: Torterra|atk|2\n|-boost|p2a: Torterra|spa|2\n|-boost|p2a: Torterra|spe|2\n|\n|-damage|p2a: Torterra|6\/100 tox|[from] psn\n|upkeep\n|turn|13\n|inactive|NotGlitchXD has 270 seconds left.\n|\n|t:|1699629005\n|move|p1a: Gold|Light Screen|p1a: Gold\n|-sidestart|p1: NotGlitchXD|move: Light Screen\n|move|p2a: Torterra|Rock Slide|p1a: Gold\n|-resisted|p1a: Gold\n|-damage|p1a: Gold|71\/100\n|\n|-damage|p2a: Torterra|0 fnt|[from] psn\n|faint|p2a: Torterra\n|upkeep\n|\n|t:|1699629017\n|switch|p2a: Garchomp|Garchomp, F|100\/100\n|turn|14\n|\n|t:|1699629025\n|move|p1a: Gold|Reflect|p1a: Gold\n|-sidestart|p1: NotGlitchXD|Reflect\n|move|p2a: Garchomp|Fire Fang|p1a: Gold\n|-supereffective|p1a: Gold\n|-damage|p1a: Gold|48\/100\n|\n|upkeep\n|turn|15\n|\n|t:|1699629034\n|move|p1a: Gold|Spikes|p2a: Garchomp\n|-sidestart|p2: anil kottu god|Spikes\n|move|p2a: Garchomp|Fire Fang|p1a: Gold\n|-supereffective|p1a: Gold\n|-damage|p1a: Gold|26\/100\n|\n|upkeep\n|turn|16\n|\n|t:|1699629046\n|move|p1a: Gold|Fairy Lock|p1a: Gold\n|-fieldactivate|move: Fairy Lock\n|move|p2a: Garchomp|Fire Fang|p1a: Gold\n|-supereffective|p1a: Gold\n|-damage|p1a: Gold|3\/100\n|\n|upkeep\n|turn|17\n|\n|t:|1699629054\n|move|p1a: Gold|Spikes|p2a: Garchomp\n|-sidestart|p2: anil kottu god|Spikes\n|move|p2a: Garchomp|Fire Fang|p1a: Gold\n|-supereffective|p1a: Gold\n|-damage|p1a: Gold|0 fnt\n|faint|p1a: Gold\n|\n|upkeep\n|\n|t:|1699629064\n|switch|p1a: XD|Toxapex, F, shiny|100\/100\n|turn|18\n|\n|t:|1699629073\n|move|p2a: Garchomp|Swords Dance|p2a: Garchomp\n|-boost|p2a: Garchomp|atk|2\n|move|p1a: XD|Toxic|p2a: Garchomp\n|-status|p2a: Garchomp|tox\n|\n|-damage|p2a: Garchomp|94\/100 tox|[from] psn\n|upkeep\n|turn|19\n|\n|t:|1699629084\n|move|p1a: XD|Baneful Bunker|p1a: XD\n|-singleturn|p1a: XD|move: Protect\n|move|p2a: Garchomp|Earth Power|p1a: XD\n|-activate|p1a: XD|move: Protect\n|\n|-damage|p2a: Garchomp|82\/100 tox|[from] psn\n|upkeep\n|turn|20\n|\n|t:|1699629097\n|move|p2a: Garchomp|Earth Power|p1a: XD\n|-supereffective|p1a: XD\n|-damage|p1a: XD|79\/100\n|move|p1a: XD|Recover|p1a: XD\n|-heal|p1a: XD|100\/100\n|\n|-damage|p2a: Garchomp|64\/100 tox|[from] psn\n|-sideend|p1: NotGlitchXD|move: Light Screen\n|upkeep\n|turn|21\n|\n|t:|1699629110\n|move|p1a: XD|Baneful Bunker|p1a: XD\n|-singleturn|p1a: XD|move: Protect\n|move|p2a: Garchomp|Dragon Tail|p1a: XD\n|-activate|p1a: XD|move: Protect\n|\n|-damage|p2a: Garchomp|39\/100 tox|[from] psn\n|-sideend|p1: NotGlitchXD|Reflect\n|upkeep\n|turn|22\n|\n|t:|1699629124\n|move|p1a: XD|Baneful Bunker|p1a: XD\n|-singleturn|p1a: XD|move: Protect\n|move|p2a: Garchomp|Dragon Tail|p1a: XD\n|-activate|p1a: XD|move: Protect\n|\n|-damage|p2a: Garchomp|8\/100 tox|[from] psn\n|upkeep\n|turn|23\n|\n|t:|1699629138\n|switch|p1a: Bubbles|Azumarill, F|100\/100\n|move|p2a: Garchomp|Dragon Tail|p1a: Bubbles\n|-immune|p1a: Bubbles\n|\n|-damage|p2a: Garchomp|0 fnt|[from] psn\n|faint|p2a: Garchomp\n|upkeep\n|\n|t:|1699629145\n|switch|p2a: Cloyster|Cloyster, M|100\/100\n|-damage|p2a: Cloyster|84\/100|[from] Spikes\n|turn|24\n|\n|t:|1699629153\n|move|p2a: Cloyster|Blizzard|p1a: Bubbles\n|-resisted|p1a: Bubbles\n|-damage|p1a: Bubbles|73\/100\n|move|p1a: Bubbles|Belly Drum|p1a: Bubbles\n|-damage|p1a: Bubbles|23\/100\n|-setboost|p1a: Bubbles|atk|6|[from] move: Belly Drum\n|\n|upkeep\n|turn|25\n|\n|t:|1699629164\n|move|p1a: Bubbles|Aqua Jet|p2a: Cloyster\n|-resisted|p2a: Cloyster\n|-damage|p2a: Cloyster|40\/100\n|-heal|p1a: Bubbles|27\/100|[from] item: Shell Bell|[of] p2a: Cloyster\n|move|p2a: Cloyster|Blizzard|p1a: Bubbles\n|-resisted|p1a: Bubbles\n|-damage|p1a: Bubbles|0 fnt\n|faint|p1a: Bubbles\n|\n|upkeep\n|\n|t:|1699629179\n|switch|p1a: XD|Toxapex, F, shiny|100\/100\n|turn|26\n|\n|t:|1699629186\n|move|p2a: Cloyster|Blizzard|p1a: XD|[miss]\n|-miss|p2a: Cloyster|p1a: XD\n|move|p1a: XD|Toxic|p2a: Cloyster\n|-status|p2a: Cloyster|tox\n|\n|-damage|p2a: Cloyster|34\/100 tox|[from] psn\n|upkeep\n|turn|27\n|\n|t:|1699629197\n|move|p2a: Cloyster|Blizzard|p1a: XD\n|-resisted|p1a: XD\n|-damage|p1a: XD|80\/100\n|move|p1a: XD|Substitute|p1a: XD\n|-start|p1a: XD|Substitute\n|-damage|p1a: XD|55\/100\n|\n|-heal|p1a: XD|61\/100|[from] item: Black Sludge\n|-damage|p2a: Cloyster|22\/100 tox|[from] psn\n|upkeep\n|-enditem|p2a: Cloyster|Figy Berry|[eat]\n|-heal|p2a: Cloyster|55\/100 tox|[from] item: Figy Berry\n|-start|p2a: Cloyster|confusion\n|turn|28\n|\n|t:|1699629218\n|move|p1a: XD|Baneful Bunker|p1a: XD\n|-singleturn|p1a: XD|move: Protect\n|-activate|p2a: Cloyster|confusion\n|move|p2a: Cloyster|Shell Smash|p2a: Cloyster\n|-unboost|p2a: Cloyster|def|1\n|-unboost|p2a: Cloyster|spd|1\n|-boost|p2a: Cloyster|atk|2\n|-boost|p2a: Cloyster|spa|2\n|-boost|p2a: Cloyster|spe|2\n|\n|-heal|p1a: XD|67\/100|[from] item: Black Sludge\n|-damage|p2a: Cloyster|36\/100 tox|[from] psn\n|upkeep\n|turn|29\n|inactive|NotGlitchXD has 270 seconds left.\n|\n|t:|1699629237\n|-activate|p2a: Cloyster|confusion\n|-damage|p2a: Cloyster|19\/100 tox|[from] confusion\n|move|p1a: XD|Recover|p1a: XD\n|-heal|p1a: XD|100\/100\n|\n|-damage|p2a: Cloyster|0 fnt|[from] psn\n|faint|p2a: Cloyster\n|upkeep\n|\n|t:|1699629245\n|switch|p2a: Noivern|Noivern, M|100\/100\n|turn|30\n|\n|t:|1699629253\n|move|p2a: Noivern|Draco Meteor|p1a: XD\n|-damage|p1a: XD|63\/100\n|-unboost|p2a: Noivern|spa|2\n|move|p1a: XD|Toxic|p2a: Noivern\n|-status|p2a: Noivern|tox\n|\n|-heal|p1a: XD|68\/100|[from] item: Black Sludge\n|-damage|p2a: Noivern|94\/100 tox|[from] psn\n|upkeep\n|turn|31\n|\n|t:|1699629268\n|move|p1a: XD|Baneful Bunker|p1a: XD\n|-singleturn|p1a: XD|move: Protect\n|move|p2a: Noivern|Draco Meteor|p1a: XD\n|-activate|p1a: XD|move: Protect\n|\n|-heal|p1a: XD|74\/100|[from] item: Black Sludge\n|-damage|p2a: Noivern|82\/100 tox|[from] psn\n|upkeep\n|turn|32\n|\n|t:|1699629284\n|move|p2a: Noivern|Draco Meteor|p1a: XD\n|-damage|p1a: XD|57\/100\n|-unboost|p2a: Noivern|spa|2\n|move|p1a: XD|Recover|p1a: XD\n|-heal|p1a: XD|100\/100\n|\n|-damage|p2a: Noivern|64\/100 tox|[from] psn\n|upkeep\n|turn|33\n|inactive|NotGlitchXD has 270 seconds left.\n|\n|t:|1699629301\n|move|p1a: XD|Baneful Bunker|p1a: XD\n|-singleturn|p1a: XD|move: Protect\n|move|p2a: Noivern|Roost|p2a: Noivern\n|-heal|p2a: Noivern|100\/100 tox\n|-singleturn|p2a: Noivern|move: Roost\n|\n|-damage|p2a: Noivern|76\/100 tox|[from] psn\n|upkeep\n|turn|34\n|inactive|NotGlitchXD has 270 seconds left.\n|\n|t:|1699629315\n|move|p1a: XD|Baneful Bunker||[still]\n|-fail|p1a: XD\n|move|p2a: Noivern|Draco Meteor|p1a: XD\n|-damage|p1a: XD|88\/100\n|-unboost|p2a: Noivern|spa|2\n|\n|-heal|p1a: XD|94\/100|[from] item: Black Sludge\n|-damage|p2a: Noivern|45\/100 tox|[from] psn\n|upkeep\n|turn|35\n|c|\u2606anil kottu god|scaredy poke\n|inactive|NotGlitchXD has 270 seconds left.\n|c|\u2606anil kottu god|using recover\n|c|\u2606anil kottu god|lmfaoooooooo\n|c|\u2606anil kottu god|im so scaredd\n|c|\u2606NotGlitchXD|That's why it killed ure team\n|c|\u2606anil kottu god|play fast da\n|c|\u2606anil kottu god|i knw ur dialog\n|c|\u2606NotGlitchXD|Lolololololololololololololololololololololollolololoololololololololololololololol\n|inactive|NotGlitchXD has 240 seconds left.\n|\n|t:|1699629357\n|move|p1a: XD|Baneful Bunker|p1a: XD\n|-singleturn|p1a: XD|move: Protect\n|move|p2a: Noivern|Roost|p2a: Noivern\n|-heal|p2a: Noivern|95\/100 tox\n|-singleturn|p2a: Noivern|move: Roost\n|\n|-heal|p1a: XD|99\/100|[from] item: Black Sludge\n|-damage|p2a: Noivern|58\/100 tox|[from] psn\n|upkeep\n|turn|36\n|inactive|NotGlitchXD has 240 seconds left.\n|\n|t:|1699629373\n|move|p1a: XD|Baneful Bunker||[still]\n|-fail|p1a: XD\n|move|p2a: Noivern|Heat Wave|p1a: XD\n|-resisted|p1a: XD\n|-damage|p1a: XD|97\/100\n|\n|-heal|p1a: XD|100\/100|[from] item: Black Sludge\n|-damage|p2a: Noivern|15\/100 tox|[from] psn\n|upkeep\n|turn|37\n|inactive|NotGlitchXD has 240 seconds left.\n|\n|t:|1699629389\n|move|p1a: XD|Baneful Bunker|p1a: XD\n|-singleturn|p1a: XD|move: Protect\n|move|p2a: Noivern|Roost|p2a: Noivern\n|-heal|p2a: Noivern|65\/100 tox\n|-singleturn|p2a: Noivern|move: Roost\n|\n|-damage|p2a: Noivern|16\/100 tox|[from] psn\n|upkeep\n|turn|38\n|inactive|NotGlitchXD has 240 seconds left.\n|\n|t:|1699629406\n|move|p2a: Noivern|Draco Meteor|p1a: XD\n|-damage|p1a: XD|92\/100\n|move|p1a: XD|Substitute|p1a: XD\n|-fail|p1a: XD|move: Substitute\n|\n|-heal|p1a: XD|98\/100|[from] item: Black Sludge\n|-damage|p2a: Noivern|0 fnt|[from] psn\n|faint|p2a: Noivern\n|upkeep\n|\n|t:|1699629411\n|switch|p2a: Clefable|Clefable, F, shiny|100\/100\n|-damage|p2a: Clefable|84\/100|[from] Spikes\n|turn|39\n|inactive|NotGlitchXD has 240 seconds left.\n|\n|t:|1699629425\n|move|p2a: Clefable|Calm Mind|p2a: Clefable\n|-boost|p2a: Clefable|spa|1\n|-boost|p2a: Clefable|spd|1\n|move|p1a: XD|Recover|p1a: XD\n|-heal|p1a: XD|100\/100\n|\n|upkeep\n|turn|40\n|inactive|NotGlitchXD has 240 seconds left.\n|\n|t:|1699629437\n|move|p2a: Clefable|Calm Mind|p2a: Clefable\n|-boost|p2a: Clefable|spa|1\n|-boost|p2a: Clefable|spd|1\n|move|p1a: XD|Toxic|p2a: Clefable\n|-status|p2a: Clefable|tox\n|\n|-damage|p2a: Clefable|78\/100 tox|[from] psn\n|upkeep\n|turn|41\n|inactive|NotGlitchXD has 240 seconds left.\n|\n|t:|1699629449\n|move|p1a: XD|Baneful Bunker|p1a: XD\n|-singleturn|p1a: XD|move: Protect\n|move|p2a: Clefable|Calm Mind|p2a: Clefable\n|-boost|p2a: Clefable|spa|1\n|-boost|p2a: Clefable|spd|1\n|\n|-damage|p2a: Clefable|66\/100 tox|[from] psn\n|upkeep\n|turn|42\n|inactive|NotGlitchXD has 240 seconds left.\n|\n|t:|1699629469\n|move|p2a: Clefable|Aromatherapy|p2a: Clefable\n|-activate|p2a: Clefable|move: Aromatherapy\n|-curestatus|p2a: Clefable|tox|[msg]\n|move|p1a: XD|Substitute|p1a: XD\n|-fail|p1a: XD|move: Substitute\n|\n|upkeep\n|turn|43\n|\n|t:|1699629478\n|move|p2a: Clefable|Calm Mind|p2a: Clefable\n|-boost|p2a: Clefable|spa|1\n|-boost|p2a: Clefable|spd|1\n|move|p1a: XD|Toxic|p2a: Clefable\n|-status|p2a: Clefable|tox\n|\n|-damage|p2a: Clefable|60\/100 tox|[from] psn\n|upkeep\n|turn|44\n|\n|t:|1699629492\n|move|p2a: Clefable|Aromatherapy|p2a: Clefable\n|-activate|p2a: Clefable|move: Aromatherapy\n|-curestatus|p2a: Clefable|tox|[msg]\n|move|p1a: XD|Toxic|p2a: Clefable\n|-status|p2a: Clefable|tox\n|\n|-damage|p2a: Clefable|54\/100 tox|[from] psn\n|upkeep\n|turn|45\n|\n|t:|1699629506\n|move|p2a: Clefable|Calm Mind|p2a: Clefable\n|-boost|p2a: Clefable|spa|1\n|-boost|p2a: Clefable|spd|1\n|move|p1a: XD|Toxic|p2a: Clefable\n|-fail|p2a: Clefable|tox\n|\n|-damage|p2a: Clefable|41\/100 tox|[from] psn\n|upkeep\n|turn|46\n|\n|t:|1699629518\n|move|p2a: Clefable|Moonblast|p1a: XD\n|-resisted|p1a: XD\n|-end|p1a: XD|Substitute\n|move|p1a: XD|Toxic|p2a: Clefable\n|-fail|p2a: Clefable|tox\n|\n|-damage|p2a: Clefable|23\/100 tox|[from] psn\n|upkeep\n|turn|47\n|\n|t:|1699629531\n|move|p2a: Clefable|Moonblast|p1a: XD\n|-resisted|p1a: XD\n|-damage|p1a: XD|53\/100\n|-unboost|p1a: XD|spa|1\n|move|p1a: XD|Substitute|p1a: XD\n|-start|p1a: XD|Substitute\n|-damage|p1a: XD|28\/100\n|\n|-heal|p1a: XD|34\/100|[from] item: Black Sludge\n|-damage|p2a: Clefable|0 fnt|[from] psn\n|faint|p2a: Clefable\n|\n|win|NotGlitchXD\n|upkeep\n|c|\u2606anil kottu god|nooooooooooooooooooooooooooooooooooo\n|c|\u2606anil kottu god|so close daaaaaaa\n|c|\u2606anil kottu god|i hate thisssss\n|c|\u2606anil kottu god|ok last\n|c|\u2606NotGlitchXD|Im scared\n|c|\u2606anil kottu god|cme\n|c|\u2606anil kottu god|school team\n|c|\u2606NotGlitchXD|I'm very scared\n|c|\u2606anil kottu god|ok da ur great\n|c|\u2606anil kottu god|i agree\n|c|\u2606NotGlitchXD|Ooooooooooohh\n|c|\u2606anil kottu god|play fast one match\n|c|\u2606NotGlitchXD|Help\n|c|\u2606anil kottu god|school team\n|c|\u2606NotGlitchXD|Ahhhhhhhhhh\n|c|\u2606NotGlitchXD|Oh no\n|c|\u2606NotGlitchXD|Someone save me\n|c|\u2606NotGlitchXD|It was very close\n|c|\u2606NotGlitchXD|I was abou to die\n|c|\u2606NotGlitchXD|Oooooo\n|c|\u2606NotGlitchXD|Help\n|c|\u2606NotGlitchXD|Ahhhhh\n|c|\u2606NotGlitchXD|Oh no\n|c|\u2606anil kottu god|fast da\n|c|\u2606anil kottu god|last\n|c|\u2606NotGlitchXD|Someone is getting annoyed\n|c|\u2606anil kottu god|i sent\n|c|\u2606NotGlitchXD|After losing 50 times\n","uploadtime":1699629651,"views":5,"p1id":"notglitchxd","p2id":"anilkottugod","formatid":"gen9nationaldexubers","rating":0,"private":0,"password":""}