{"id":"gen9nationaldexubers-1985806817","p1":"dogturts09","p2":"slice 1020","format":"[Gen 9] National Dex Ubers","log":"|j|\u2606dogturts09\n|j|\u2606slice 1020\n|t:|1699408202\n|gametype|singles\n|player|p1|dogturts09|pokekid|1068\n|player|p2|slice 1020|supernerd|1091\n|teamsize|p1|6\n|teamsize|p2|6\n|gen|9\n|tier|[Gen 9] National Dex Ubers\n|rated|\n|rule|HP Percentage Mod: HP is shown in percentages\n|rule|Endless Battle Clause: Forcing endless battles is banned\n|rule|OHKO Clause: OHKO moves are banned\n|rule|Evasion Moves Clause: Evasion moves are banned\n|rule|Evasion Items Clause: Evasion items are banned\n|rule|Species Clause: Limit one of each Pok\u00e9mon\n|rule|Sleep Clause Mod: Limit one foe put to sleep\n|rule|Mega Rayquaza Clause: You cannot mega evolve Rayquaza\n|clearpoke\n|poke|p1|Quaquaval, M|\n|poke|p1|Hydreigon, M|\n|poke|p1|Garganacl, M|\n|poke|p1|Dragapult, F|\n|poke|p1|Quagsire, M|\n|poke|p1|Moltres-Galar|\n|poke|p2|Golisopod, F|\n|poke|p2|Rotom-Heat|\n|poke|p2|Darmanitan-Galar, F|\n|poke|p2|Alakazam, F|\n|poke|p2|Ferrothorn, M|\n|poke|p2|Maushold-Four|\n|teampreview\n|inactive|Battle timer is ON: inactive players will automatically lose when time's up. (requested by dogturts09)\n|\n|t:|1699408207\n|start\n|switch|p1a: Hydreigon|Hydreigon, M, shiny|100\/100\n|switch|p2a: Ferrothorn|Ferrothorn, M|100\/100\n|turn|1\n|\n|t:|1699408219\n|move|p1a: Hydreigon|Taunt|p2a: Ferrothorn\n|-start|p2a: Ferrothorn|move: Taunt\n|cant|p2a: Ferrothorn|move: Taunt|Leech Seed\n|\n|upkeep\n|turn|2\n|c|\u2606slice 1020|oh now thats mean\n|inactive|slice 1020 has 120 seconds left.\n|\n|t:|1699408265\n|switch|p2a: Rotom|Rotom-Heat|100\/100\n|move|p1a: Hydreigon|Stealth Rock|p2a: Rotom\n|-sidestart|p2: slice 1020|move: Stealth Rock\n|\n|upkeep\n|turn|3\n|\n|t:|1699408271\n|move|p2a: Rotom|Will-O-Wisp|p1a: Hydreigon\n|-status|p1a: Hydreigon|brn\n|move|p1a: Hydreigon|Tailwind|p1a: Hydreigon\n|-sidestart|p1: dogturts09|move: Tailwind\n|\n|-damage|p1a: Hydreigon|94\/100 brn|[from] brn\n|upkeep\n|turn|4\n|\n|t:|1699408278\n|switch|p2a: Maushold|Maushold-Four|100\/100\n|-damage|p2a: Maushold|88\/100|[from] Stealth Rock\n|move|p1a: Hydreigon|Draco Meteor|p2a: Maushold\n|-damage|p2a: Maushold|0 fnt\n|-unboost|p1a: Hydreigon|spa|2\n|faint|p2a: Maushold\n|\n|-damage|p1a: Hydreigon|88\/100 brn|[from] brn\n|upkeep\n|c|\u2606slice 1020|damnit\n|\n|t:|1699408288\n|switch|p2a: Darmanitan|Darmanitan-Galar, F|100\/100\n|-damage|p2a: Darmanitan|76\/100|[from] Stealth Rock\n|turn|5\n|\n|t:|1699408296\n|switch|p1a: Quagsire|Quagsire, M, shiny|100\/100\n|move|p2a: Darmanitan|Icicle Crash|p1a: Quagsire\n|-damage|p1a: Quagsire|33\/100\n|\n|upkeep\n|turn|6\n|\n|t:|1699408302\n|move|p2a: Darmanitan|Icicle Crash|p1a: Quagsire|[miss]\n|-miss|p2a: Darmanitan|p1a: Quagsire\n|move|p1a: Quagsire|Iron Tail|p2a: Darmanitan|[miss]\n|-miss|p1a: Quagsire|p2a: Darmanitan\n|\n|-sideend|p1: dogturts09|move: Tailwind\n|upkeep\n|turn|7\n|\n|t:|1699408308\n|move|p2a: Darmanitan|Icicle Crash|p1a: Quagsire\n|-damage|p1a: Quagsire|0 fnt\n|faint|p1a: Quagsire\n|\n|upkeep\n|\n|t:|1699408312\n|switch|p1a: Dragapult|Dragapult, F, shiny|100\/100\n|turn|8\n|\n|t:|1699408323\n|switch|p1a: Quaquaval|Quaquaval, M, shiny|100\/100\n|move|p2a: Darmanitan|Icicle Crash|p1a: Quaquaval\n|-resisted|p1a: Quaquaval\n|-damage|p1a: Quaquaval|62\/100\n|\n|upkeep\n|turn|9\n|\n|t:|1699408332\n|move|p2a: Darmanitan|Icicle Crash|p1a: Quaquaval\n|-resisted|p1a: Quaquaval\n|-damage|p1a: Quaquaval|21\/100\n|cant|p1a: Quaquaval|flinch\n|\n|upkeep\n|turn|10\n|\n|t:|1699408338\n|move|p1a: Quaquaval|Aqua Jet|p2a: Darmanitan\n|-damage|p2a: Darmanitan|31\/100\n|-damage|p1a: Quaquaval|11\/100|[from] item: Life Orb\n|move|p2a: Darmanitan|Icicle Crash|p1a: Quaquaval\n|-resisted|p1a: Quaquaval\n|-damage|p1a: Quaquaval|0 fnt\n|faint|p1a: Quaquaval\n|\n|upkeep\n|\n|t:|1699408347\n|switch|p1a: Moltres|Moltres-Galar, shiny|100\/100\n|turn|11\n|\n|t:|1699408362\n|move|p2a: Darmanitan|Icicle Crash|p1a: Moltres|[miss]\n|-miss|p2a: Darmanitan|p1a: Moltres\n|move|p1a: Moltres|U-turn|p2a: Darmanitan\n|-damage|p2a: Darmanitan|11\/100\n|\n|t:|1699408368\n|switch|p1a: Garganacl|Garganacl, M, shiny|100\/100|[from] U-turn\n|\n|upkeep\n|turn|12\n|\n|t:|1699408372\n|move|p2a: Darmanitan|Icicle Crash|p1a: Garganacl\n|-damage|p1a: Garganacl|63\/100\n|cant|p1a: Garganacl|flinch\n|\n|-heal|p1a: Garganacl|69\/100|[from] item: Leftovers\n|upkeep\n|turn|13\n|\n|t:|1699408378\n|move|p2a: Darmanitan|Icicle Crash|p1a: Garganacl\n|-damage|p1a: Garganacl|33\/100\n|move|p1a: Garganacl|Salt Cure|p2a: Darmanitan\n|-supereffective|p2a: Darmanitan\n|-damage|p2a: Darmanitan|0 fnt\n|faint|p2a: Darmanitan\n|\n|-heal|p1a: Garganacl|39\/100|[from] item: Leftovers\n|upkeep\n|\n|t:|1699408386\n|switch|p2a: Ferrothorn|Ferrothorn, M|100\/100\n|-damage|p2a: Ferrothorn|95\/100|[from] Stealth Rock\n|turn|14\n|\n|t:|1699408392\n|move|p1a: Garganacl|Body Press|p2a: Ferrothorn\n|-supereffective|p2a: Ferrothorn\n|-damage|p2a: Ferrothorn|60\/100\n|-damage|p1a: Garganacl|27\/100|[from] ability: Iron Barbs|[of] p2a: Ferrothorn\n|move|p2a: Ferrothorn|Substitute|p2a: Ferrothorn\n|-start|p2a: Ferrothorn|Substitute\n|-damage|p2a: Ferrothorn|35\/100\n|\n|-heal|p1a: Garganacl|33\/100|[from] item: Leftovers\n|-heal|p2a: Ferrothorn|41\/100|[from] item: Leftovers\n|upkeep\n|turn|15\n|\n|t:|1699408402\n|switch|p1a: Hydreigon|Hydreigon, M, shiny|88\/100 brn\n|move|p2a: Ferrothorn|Leech Seed|p1a: Hydreigon\n|-start|p1a: Hydreigon|move: Leech Seed\n|\n|-heal|p2a: Ferrothorn|47\/100|[from] item: Leftovers\n|-damage|p1a: Hydreigon|76\/100 brn|[from] Leech Seed|[of] p2a: Ferrothorn\n|-heal|p2a: Ferrothorn|61\/100|[silent]\n|-damage|p1a: Hydreigon|70\/100 brn|[from] brn\n|upkeep\n|turn|16\n|\n|t:|1699408410\n|move|p1a: Hydreigon|Taunt|p2a: Ferrothorn\n|-start|p2a: Ferrothorn|move: Taunt\n|move|p2a: Ferrothorn|Iron Head|p1a: Hydreigon\n|-damage|p1a: Hydreigon|45\/100 brn\n|\n|-heal|p2a: Ferrothorn|67\/100|[from] item: Leftovers\n|-damage|p1a: Hydreigon|32\/100 brn|[from] Leech Seed|[of] p2a: Ferrothorn\n|-heal|p2a: Ferrothorn|80\/100|[silent]\n|-damage|p1a: Hydreigon|26\/100 brn|[from] brn\n|upkeep\n|turn|17\n|\n|t:|1699408420\n|move|p1a: Hydreigon|Tailwind|p1a: Hydreigon\n|-sidestart|p1: dogturts09|move: Tailwind\n|move|p2a: Ferrothorn|Iron Head|p1a: Hydreigon\n|-damage|p1a: Hydreigon|0 fnt\n|faint|p1a: Hydreigon\n|\n|-heal|p2a: Ferrothorn|86\/100|[from] item: Leftovers\n|upkeep\n|\n|t:|1699408427\n|switch|p1a: Dragapult|Dragapult, F, shiny|100\/100\n|turn|18\n|\n|t:|1699408432\n|move|p1a: Dragapult|Dragon Dance|p1a: Dragapult\n|-boost|p1a: Dragapult|atk|1\n|-boost|p1a: Dragapult|spe|1\n|move|p2a: Ferrothorn|Iron Head|p1a: Dragapult\n|-damage|p1a: Dragapult|70\/100\n|\n|-heal|p1a: Dragapult|76\/100|[from] item: Leftovers\n|-heal|p2a: Ferrothorn|92\/100|[from] item: Leftovers\n|-end|p2a: Ferrothorn|move: Taunt\n|upkeep\n|turn|19\n|\n|t:|1699408441\n|move|p1a: Dragapult|Phantom Force||[still]\n|-prepare|p1a: Dragapult|Phantom Force\n|move|p2a: Ferrothorn|Leech Seed|p1a: Dragapult|[miss]\n|-miss|p2a: Ferrothorn|p1a: Dragapult\n|\n|-heal|p1a: Dragapult|82\/100|[from] item: Leftovers\n|-heal|p2a: Ferrothorn|98\/100|[from] item: Leftovers\n|upkeep\n|turn|20\n|\n|t:|1699408448\n|move|p1a: Dragapult|Phantom Force|p2a: Ferrothorn|[from]lockedmove\n|-damage|p2a: Ferrothorn|59\/100\n|-damage|p1a: Dragapult|69\/100|[from] ability: Iron Barbs|[of] p2a: Ferrothorn\n|move|p2a: Ferrothorn|Leech Seed|p1a: Dragapult\n|-start|p1a: Dragapult|move: Leech Seed\n|\n|-heal|p1a: Dragapult|75\/100|[from] item: Leftovers\n|-heal|p2a: Ferrothorn|65\/100|[from] item: Leftovers\n|-damage|p1a: Dragapult|63\/100|[from] Leech Seed|[of] p2a: Ferrothorn\n|-heal|p2a: Ferrothorn|78\/100|[silent]\n|-sideend|p1: dogturts09|move: Tailwind\n|upkeep\n|turn|21\n|\n|t:|1699408459\n|move|p1a: Dragapult|Dragon Darts|p2a: Ferrothorn\n|-resisted|p2a: Ferrothorn\n|-damage|p2a: Ferrothorn|67\/100\n|-anim|p1a: Dragapult|Dragon Darts|p2a: Ferrothorn\n|-resisted|p2a: Ferrothorn\n|-damage|p2a: Ferrothorn|55\/100\n|move|p2a: Ferrothorn|Curse|p2a: Ferrothorn\n|-unboost|p2a: Ferrothorn|spe|1\n|-boost|p2a: Ferrothorn|atk|1\n|-boost|p2a: Ferrothorn|def|1\n|\n|-heal|p1a: Dragapult|69\/100|[from] item: Leftovers\n|-heal|p2a: Ferrothorn|61\/100|[from] item: Leftovers\n|-damage|p1a: Dragapult|57\/100|[from] Leech Seed|[of] p2a: Ferrothorn\n|-heal|p2a: Ferrothorn|74\/100|[silent]\n|upkeep\n|turn|22\n|\n|t:|1699408472\n|move|p1a: Dragapult|Phantom Force||[still]\n|-prepare|p1a: Dragapult|Phantom Force\n|move|p2a: Ferrothorn|Curse|p2a: Ferrothorn\n|-unboost|p2a: Ferrothorn|spe|1\n|-boost|p2a: Ferrothorn|atk|1\n|-boost|p2a: Ferrothorn|def|1\n|\n|-heal|p1a: Dragapult|63\/100|[from] item: Leftovers\n|-heal|p2a: Ferrothorn|80\/100|[from] item: Leftovers\n|-damage|p1a: Dragapult|50\/100|[from] Leech Seed|[of] p2a: Ferrothorn\n|-heal|p2a: Ferrothorn|94\/100|[silent]\n|upkeep\n|turn|23\n|\n|t:|1699408483\n|move|p1a: Dragapult|Phantom Force|p2a: Ferrothorn|[from]lockedmove\n|-damage|p2a: Ferrothorn|71\/100\n|-damage|p1a: Dragapult|38\/100|[from] ability: Iron Barbs|[of] p2a: Ferrothorn\n|move|p2a: Ferrothorn|Curse|p2a: Ferrothorn\n|-unboost|p2a: Ferrothorn|spe|1\n|-boost|p2a: Ferrothorn|atk|1\n|-boost|p2a: Ferrothorn|def|1\n|\n|-heal|p1a: Dragapult|44\/100|[from] item: Leftovers\n|-heal|p2a: Ferrothorn|77\/100|[from] item: Leftovers\n|-damage|p1a: Dragapult|32\/100|[from] Leech Seed|[of] p2a: Ferrothorn\n|-heal|p2a: Ferrothorn|91\/100|[silent]\n|upkeep\n|turn|24\n|c|\u2606slice 1020|u ignorent fuck\n|\n|t:|1699408496\n|switch|p1a: Garganacl|Garganacl, M, shiny|33\/100\n|move|p2a: Ferrothorn|Curse|p2a: Ferrothorn\n|-unboost|p2a: Ferrothorn|spe|1\n|-boost|p2a: Ferrothorn|atk|1\n|-boost|p2a: Ferrothorn|def|1\n|\n|-heal|p1a: Garganacl|39\/100|[from] item: Leftovers\n|-heal|p2a: Ferrothorn|97\/100|[from] item: Leftovers\n|upkeep\n|turn|25\n|\n|t:|1699408512\n|move|p1a: Garganacl|Salt Cure|p2a: Ferrothorn\n|-resisted|p2a: Ferrothorn\n|-activate|p2a: Ferrothorn|move: Substitute|[damage]\n|move|p2a: Ferrothorn|Iron Head|p1a: Garganacl\n|-supereffective|p1a: Garganacl\n|-damage|p1a: Garganacl|0 fnt\n|faint|p1a: Garganacl\n|\n|-heal|p2a: Ferrothorn|100\/100|[from] item: Leftovers\n|upkeep\n|\n|t:|1699408517\n|switch|p1a: Moltres|Moltres-Galar, shiny|100\/100\n|turn|26\n|\n|t:|1699408527\n|move|p1a: Moltres|Hurricane|p2a: Ferrothorn\n|-end|p2a: Ferrothorn|Substitute\n|move|p2a: Ferrothorn|Leech Seed|p1a: Moltres\n|-start|p1a: Moltres|move: Leech Seed\n|\n|-damage|p1a: Moltres|88\/100|[from] Leech Seed|[of] p2a: Ferrothorn\n|upkeep\n|turn|27\n|\n|t:|1699408541\n|switch|p1a: Dragapult|Dragapult, F, shiny|32\/100\n|move|p2a: Ferrothorn|Substitute|p2a: Ferrothorn\n|-start|p2a: Ferrothorn|Substitute\n|-damage|p2a: Ferrothorn|76\/100\n|\n|-heal|p1a: Dragapult|38\/100|[from] item: Leftovers\n|-heal|p2a: Ferrothorn|82\/100|[from] item: Leftovers\n|upkeep\n|turn|28\n|\n|t:|1699408549\n|move|p1a: Dragapult|Dragon Dance|p1a: Dragapult\n|-boost|p1a: Dragapult|atk|1\n|-boost|p1a: Dragapult|spe|1\n|move|p2a: Ferrothorn|Leech Seed|p1a: Dragapult\n|-start|p1a: Dragapult|move: Leech Seed\n|\n|-heal|p1a: Dragapult|44\/100|[from] item: Leftovers\n|-heal|p2a: Ferrothorn|88\/100|[from] item: Leftovers\n|-damage|p1a: Dragapult|32\/100|[from] Leech Seed|[of] p2a: Ferrothorn\n|-heal|p2a: Ferrothorn|100\/100|[silent]\n|upkeep\n|turn|29\n|\n|t:|1699408559\n|switch|p1a: Moltres|Moltres-Galar, shiny|88\/100\n|move|p2a: Ferrothorn|Curse|p2a: Ferrothorn\n|-unboost|p2a: Ferrothorn|spe|1\n|-boost|p2a: Ferrothorn|atk|1\n|-boost|p2a: Ferrothorn|def|1\n|\n|upkeep\n|turn|30\n|\n|t:|1699408565\n|move|p1a: Moltres|U-turn|p2a: Ferrothorn\n|-activate|p2a: Ferrothorn|move: Substitute|[damage]\n|\n|t:|1699408569\n|switch|p1a: Dragapult|Dragapult, F, shiny|32\/100|[from] U-turn\n|move|p2a: Ferrothorn|Iron Head|p1a: Dragapult\n|-damage|p1a: Dragapult|0 fnt\n|faint|p1a: Dragapult\n|\n|upkeep\n|\n|t:|1699408575\n|switch|p1a: Moltres|Moltres-Galar, shiny|88\/100\n|turn|31\n|\n|t:|1699408585\n|move|p1a: Moltres|Hurricane|p2a: Ferrothorn\n|-end|p2a: Ferrothorn|Substitute\n|move|p2a: Ferrothorn|Curse|p2a: Ferrothorn\n|-unboost|p2a: Ferrothorn|spe|1\n|-boost|p2a: Ferrothorn|atk|1\n|-boost|p2a: Ferrothorn|def|1\n|\n|upkeep\n|turn|32\n|\n|t:|1699408592\n|move|p1a: Moltres|Hurricane|p2a: Ferrothorn\n|-damage|p2a: Ferrothorn|57\/100\n|-start|p2a: Ferrothorn|confusion\n|-activate|p2a: Ferrothorn|confusion\n|move|p2a: Ferrothorn|Iron Head|p1a: Moltres\n|-damage|p1a: Moltres|0 fnt\n|faint|p1a: Moltres\n|\n|win|slice 1020\n|raw|dogturts09's rating: 1068 &rarr; <strong>1049<\/strong><br \/>(-19 for losing)\n|raw|slice 1020's rating: 1091 &rarr; <strong>1116<\/strong><br \/>(+25 for winning)\n","uploadtime":1699408496,"views":4,"p1id":"dogturts09","p2id":"slice1020","formatid":"gen9nationaldexubers","rating":1049,"private":0,"password":""}