{"id":"gen9nationaldexubers-1980815925","p1":"Techvast","p2":"HomieCromie","format":"[Gen 9] National Dex Ubers","log":"|j|\u2606Techvast\n|j|\u2606HomieCromie\n|t:|1698837775\n|gametype|singles\n|player|p1|Techvast|pilot|1100\n|player|p2|HomieCromie|brycenman|1046\n|teamsize|p1|6\n|teamsize|p2|6\n|gen|9\n|tier|[Gen 9] National Dex Ubers\n|rated|\n|rule|HP Percentage Mod: HP is shown in percentages\n|rule|Endless Battle Clause: Forcing endless battles is banned\n|rule|OHKO Clause: OHKO moves are banned\n|rule|Evasion Moves Clause: Evasion moves are banned\n|rule|Evasion Items Clause: Evasion items are banned\n|rule|Species Clause: Limit one of each Pok\u00e9mon\n|rule|Sleep Clause Mod: Limit one foe put to sleep\n|rule|Mega Rayquaza Clause: You cannot mega evolve Rayquaza\n|clearpoke\n|poke|p1|Volcarona, F|\n|poke|p1|Ferrothorn, M|\n|poke|p1|Sableye, M|\n|poke|p1|Rotom-Wash|\n|poke|p1|Dragapult, M|\n|poke|p1|Toxapex, F|\n|poke|p2|Melmetal|\n|poke|p2|Aegislash, M|\n|poke|p2|Dragapult, M|\n|poke|p2|Iron Leaves|\n|poke|p2|Kyurem-White|\n|poke|p2|Revavroom, M|\n|teampreview\n|\n|t:|1698837791\n|start\n|switch|p1a: Sableye|Sableye, M|100\/100\n|switch|p2a: Iron Leaves|Iron Leaves|100\/100\n|-enditem|p2a: Iron Leaves|Booster Energy\n|-activate|p2a: Iron Leaves|ability: Quark Drive|[fromitem]\n|-start|p2a: Iron Leaves|quarkdriveatk\n|turn|1\n|\n|t:|1698837829\n|detailschange|p1a: Sableye|Sableye-Mega, M\n|-mega|p1a: Sableye|Sableye|Sablenite\n|move|p2a: Iron Leaves|Leaf Blade|p1a: Sableye\n|-damage|p1a: Sableye|44\/100\n|move|p1a: Sableye|Will-O-Wisp|p2a: Iron Leaves\n|-status|p2a: Iron Leaves|brn\n|\n|-damage|p2a: Iron Leaves|94\/100 brn|[from] brn\n|upkeep\n|turn|2\n|\n|t:|1698837847\n|move|p2a: Iron Leaves|Swords Dance|p2a: Iron Leaves\n|-boost|p2a: Iron Leaves|atk|2\n|move|p1a: Sableye|Recover|p1a: Sableye\n|-heal|p1a: Sableye|94\/100\n|\n|-damage|p2a: Iron Leaves|88\/100 brn|[from] brn\n|upkeep\n|turn|3\n|\n|t:|1698837860\n|switch|p1a: Toxapex|Toxapex, F|100\/100\n|move|p2a: Iron Leaves|Swords Dance|p2a: Iron Leaves\n|-boost|p2a: Iron Leaves|atk|2\n|\n|-damage|p2a: Iron Leaves|82\/100 brn|[from] brn\n|upkeep\n|turn|4\n|\n|t:|1698837872\n|move|p2a: Iron Leaves|Psyblade|p1a: Toxapex\n|-supereffective|p1a: Toxapex\n|-damage|p1a: Toxapex|0 fnt\n|faint|p1a: Toxapex\n|\n|-damage|p2a: Iron Leaves|76\/100 brn|[from] brn\n|upkeep\n|\n|t:|1698837887\n|switch|p1a: Dragapult|Dragapult, M|100\/100\n|turn|5\n|\n|t:|1698837896\n|move|p1a: Dragapult|Shadow Ball|p2a: Iron Leaves\n|-supereffective|p2a: Iron Leaves\n|-damage|p2a: Iron Leaves|0 fnt\n|faint|p2a: Iron Leaves\n|-end|p2a: Iron Leaves|Quark Drive|[silent]\n|\n|upkeep\n|\n|t:|1698837909\n|switch|p2a: Dragapult|Dragapult, M|100\/100\n|turn|6\n|\n|t:|1698837914\n|move|p1a: Dragapult|Shadow Ball|p2a: Dragapult\n|-supereffective|p2a: Dragapult\n|-damage|p2a: Dragapult|0 fnt\n|faint|p2a: Dragapult\n|\n|upkeep\n|\n|t:|1698837924\n|switch|p2a: Melmetal|Melmetal|100\/100\n|turn|7\n|\n|t:|1698837930\n|switch|p1a: Volcarona|Volcarona, F|100\/100\n|move|p2a: Melmetal|Darkest Lariat|p1a: Volcarona\n|-damage|p1a: Volcarona|59\/100\n|-status|p2a: Melmetal|brn|[from] ability: Flame Body|[of] p1a: Volcarona\n|\n|-damage|p2a: Melmetal|94\/100 brn|[from] brn\n|upkeep\n|turn|8\n|\n|t:|1698837940\n|switch|p2a: Aegislash|Aegislash, M, shiny|100\/100\n|move|p1a: Volcarona|Quiver Dance|p1a: Volcarona\n|-boost|p1a: Volcarona|spa|1\n|-boost|p1a: Volcarona|spd|1\n|-boost|p1a: Volcarona|spe|1\n|\n|upkeep\n|turn|9\n|\n|t:|1698837946\n|move|p2a: Aegislash|King's Shield|p2a: Aegislash\n|-singleturn|p2a: Aegislash|Protect\n|move|p1a: Volcarona|Flamethrower|p2a: Aegislash\n|-activate|p2a: Aegislash|move: Protect\n|\n|upkeep\n|turn|10\n|\n|t:|1698837954\n|move|p1a: Volcarona|Flamethrower|p2a: Aegislash\n|-supereffective|p2a: Aegislash\n|-damage|p2a: Aegislash|5\/100\n|move|p2a: Aegislash|Swords Dance|p2a: Aegislash\n|-boost|p2a: Aegislash|atk|2\n|\n|upkeep\n|turn|11\n|\n|t:|1698837965\n|move|p1a: Volcarona|Flamethrower|p2a: Aegislash\n|-supereffective|p2a: Aegislash\n|-damage|p2a: Aegislash|0 fnt\n|faint|p2a: Aegislash\n|\n|upkeep\n|\n|t:|1698837976\n|switch|p2a: Kyurem|Kyurem-White|100\/100\n|-ability|p2a: Kyurem|Turboblaze\n|turn|12\n|\n|t:|1698837984\n|move|p1a: Volcarona|Flamethrower|p2a: Kyurem\n|-damage|p2a: Kyurem|46\/100\n|move|p2a: Kyurem|Fusion Flare|p1a: Volcarona\n|-damage|p1a: Volcarona|23\/100\n|\n|upkeep\n|turn|13\n|\n|t:|1698837990\n|move|p1a: Volcarona|Flamethrower|p2a: Kyurem\n|-damage|p2a: Kyurem|0 fnt\n|faint|p2a: Kyurem\n|\n|upkeep\n|\n|t:|1698838013\n|switch|p2a: Revavroom|Revavroom, M|100\/100\n|turn|14\n|\n|t:|1698838021\n|move|p1a: Volcarona|Flamethrower|p2a: Revavroom\n|-supereffective|p2a: Revavroom\n|-damage|p2a: Revavroom|0 fnt\n|faint|p2a: Revavroom\n|\n|upkeep\n|\n|t:|1698838026\n|switch|p2a: Melmetal|Melmetal|94\/100 brn\n|turn|15\n|\n|t:|1698838030\n|move|p1a: Volcarona|Roost|p1a: Volcarona\n|-heal|p1a: Volcarona|73\/100\n|-singleturn|p1a: Volcarona|move: Roost\n|move|p2a: Melmetal|Ice Punch|p1a: Volcarona\n|-resisted|p1a: Volcarona\n|-damage|p1a: Volcarona|62\/100\n|\n|-damage|p2a: Melmetal|88\/100 brn|[from] brn\n|upkeep\n|turn|16\n|\n|t:|1698838041\n|move|p1a: Volcarona|Quiver Dance|p1a: Volcarona\n|-boost|p1a: Volcarona|spa|1\n|-boost|p1a: Volcarona|spd|1\n|-boost|p1a: Volcarona|spe|1\n|move|p2a: Melmetal|Double Iron Bash|p1a: Volcarona\n|-resisted|p1a: Volcarona\n|-damage|p1a: Volcarona|48\/100\n|-resisted|p1a: Volcarona\n|-damage|p1a: Volcarona|36\/100\n|-hitcount|p1a: Volcarona|2\n|\n|-damage|p2a: Melmetal|82\/100 brn|[from] brn\n|upkeep\n|turn|17\n|\n|t:|1698838059\n|move|p1a: Volcarona|Roost|p1a: Volcarona\n|-heal|p1a: Volcarona|86\/100\n|-singleturn|p1a: Volcarona|move: Roost\n|move|p2a: Melmetal|Double Iron Bash|p1a: Volcarona\n|-resisted|p1a: Volcarona\n|-damage|p1a: Volcarona|73\/100\n|-resisted|p1a: Volcarona\n|-damage|p1a: Volcarona|59\/100\n|-hitcount|p1a: Volcarona|2\n|\n|-damage|p2a: Melmetal|76\/100 brn|[from] brn\n|upkeep\n|turn|18\n|-message|HomieCromie forfeited.\n|\n|win|Techvast\n|raw|Techvast's rating: 1100 &rarr; <strong>1121<\/strong><br \/>(+21 for winning)\n|raw|HomieCromie's rating: 1046 &rarr; <strong>1032<\/strong><br \/>(-14 for losing)\n|l|\u2606HomieCromie\n","uploadtime":1698838076,"views":14,"p1id":"techvast","p2id":"homiecromie","formatid":"gen9nationaldexubers","rating":1032,"private":0,"password":""}