{"id":"gen9nationaldexubers-1981560367","p1":"getshi","p2":"PSYCH0-MODE\ufe0f","format":"[Gen 9] National Dex Ubers","log":"|j|\u2606getshi\n|j|\u2606PSYCH0-MODE\ufe0f\n|t:|1698918418\n|gametype|singles\n|player|p1|getshi|zinzolin|1163\n|player|p2|PSYCH0-MODE\ufe0f|sabrina|1166\n|teamsize|p1|6\n|teamsize|p2|6\n|gen|9\n|tier|[Gen 9] National Dex Ubers\n|rated|\n|rule|HP Percentage Mod: HP is shown in percentages\n|rule|Endless Battle Clause: Forcing endless battles is banned\n|rule|OHKO Clause: OHKO moves are banned\n|rule|Evasion Moves Clause: Evasion moves are banned\n|rule|Evasion Items Clause: Evasion items are banned\n|rule|Species Clause: Limit one of each Pok\u00e9mon\n|rule|Sleep Clause Mod: Limit one foe put to sleep\n|rule|Mega Rayquaza Clause: You cannot mega evolve Rayquaza\n|clearpoke\n|poke|p1|Quaquaval, F|\n|poke|p1|Zeraora|\n|poke|p1|Gliscor, F|\n|poke|p1|Volcarona, F|\n|poke|p1|Annihilape, M|\n|poke|p1|Banette, F|\n|poke|p2|Beheeyem, F|\n|poke|p2|Indeedee-F, F|\n|poke|p2|Deoxys-Speed|\n|poke|p2|Gallade, M|\n|poke|p2|Lugia|\n|poke|p2|Necrozma-Dusk-Mane|\n|teampreview\n|\n|t:|1698918431\n|start\n|switch|p1a: Volcarona|Volcarona, F|100\/100\n|switch|p2a: \ud83c\udf0cINDEEDEE\ud83c\udf0c|Indeedee-F, F|100\/100\n|-fieldstart|move: Psychic Terrain|[from] ability: Psychic Surge|[of] p2a: \ud83c\udf0cINDEEDEE\ud83c\udf0c\n|turn|1\n|\n|t:|1698918451\n|switch|p2a: \ud83c\udf0c\ud83d\udd2eGALLADE\ud83d\udd2e\ud83c\udf0c|Gallade, M, shiny|100\/100\n|move|p1a: Volcarona|Quiver Dance|p1a: Volcarona\n|-boost|p1a: Volcarona|spa|1\n|-boost|p1a: Volcarona|spd|1\n|-boost|p1a: Volcarona|spe|1\n|\n|upkeep\n|turn|2\n|\n|t:|1698918464\n|detailschange|p2a: \ud83c\udf0c\ud83d\udd2eGALLADE\ud83d\udd2e\ud83c\udf0c|Gallade-Mega, M, shiny\n|-mega|p2a: \ud83c\udf0c\ud83d\udd2eGALLADE\ud83d\udd2e\ud83c\udf0c|Gallade|Galladite\n|move|p1a: Volcarona|Bug Buzz|p2a: \ud83c\udf0c\ud83d\udd2eGALLADE\ud83d\udd2e\ud83c\udf0c\n|-damage|p2a: \ud83c\udf0c\ud83d\udd2eGALLADE\ud83d\udd2e\ud83c\udf0c|20\/100\n|-unboost|p2a: \ud83c\udf0c\ud83d\udd2eGALLADE\ud83d\udd2e\ud83c\udf0c|spd|1\n|move|p2a: \ud83c\udf0c\ud83d\udd2eGALLADE\ud83d\udd2e\ud83c\udf0c|Psycho Cut|p1a: Volcarona\n|-damage|p1a: Volcarona|17\/100\n|\n|upkeep\n|turn|3\n|\n|t:|1698918474\n|move|p1a: Volcarona|Bug Buzz|p2a: \ud83c\udf0c\ud83d\udd2eGALLADE\ud83d\udd2e\ud83c\udf0c\n|-damage|p2a: \ud83c\udf0c\ud83d\udd2eGALLADE\ud83d\udd2e\ud83c\udf0c|0 fnt\n|faint|p2a: \ud83c\udf0c\ud83d\udd2eGALLADE\ud83d\udd2e\ud83c\udf0c\n|\n|upkeep\n|\n|t:|1698918481\n|switch|p2a: \ud83c\udf0c\ud83d\udd2eLUGIA\ud83d\udd2e\ud83c\udf0c|Lugia, shiny|100\/100\n|turn|4\n|c|\u2606getshi|gets rid of sharpness on mega evo\n|c|\u2606getshi|should have ko without mega\n|\n|t:|1698918506\n|move|p1a: Volcarona|Bug Buzz|p2a: \ud83c\udf0c\ud83d\udd2eLUGIA\ud83d\udd2e\ud83c\udf0c\n|-damage|p2a: \ud83c\udf0c\ud83d\udd2eLUGIA\ud83d\udd2e\ud83c\udf0c|82\/100\n|move|p2a: \ud83c\udf0c\ud83d\udd2eLUGIA\ud83d\udd2e\ud83c\udf0c|Psychic|p1a: Volcarona\n|-damage|p1a: Volcarona|0 fnt\n|faint|p1a: Volcarona\n|\n|upkeep\n|\n|t:|1698918513\n|switch|p1a: Zeraora|Zeraora|100\/100\n|turn|5\n|\n|t:|1698918520\n|-terastallize|p2a: \ud83c\udf0c\ud83d\udd2eLUGIA\ud83d\udd2e\ud83c\udf0c|Psychic\n|-zpower|p1a: Zeraora\n|move|p1a: Zeraora|Gigavolt Havoc|p2a: \ud83c\udf0c\ud83d\udd2eLUGIA\ud83d\udd2e\ud83c\udf0c|[zeffect]\n|-damage|p2a: \ud83c\udf0c\ud83d\udd2eLUGIA\ud83d\udd2e\ud83c\udf0c|21\/100\n|move|p2a: \ud83c\udf0c\ud83d\udd2eLUGIA\ud83d\udd2e\ud83c\udf0c|Calm Mind|p2a: \ud83c\udf0c\ud83d\udd2eLUGIA\ud83d\udd2e\ud83c\udf0c\n|-boost|p2a: \ud83c\udf0c\ud83d\udd2eLUGIA\ud83d\udd2e\ud83c\udf0c|spa|1\n|-boost|p2a: \ud83c\udf0c\ud83d\udd2eLUGIA\ud83d\udd2e\ud83c\udf0c|spd|1\n|\n|upkeep\n|turn|6\n|\n|t:|1698918535\n|switch|p2a: \ud83c\udf0c\ud83d\udd2eDEOXYS\ud83d\udd2e\ud83c\udf0c|Deoxys-Speed|100\/100\n|-ability|p2a: \ud83c\udf0c\ud83d\udd2eDEOXYS\ud83d\udd2e\ud83c\udf0c|Pressure\n|move|p1a: Zeraora|Plasma Fists|p2a: \ud83c\udf0c\ud83d\udd2eDEOXYS\ud83d\udd2e\ud83c\udf0c\n|-damage|p2a: \ud83c\udf0c\ud83d\udd2eDEOXYS\ud83d\udd2e\ud83c\udf0c|30\/100\n|-fieldactivate|move: Ion Deluge\n|-hint|Normal-type moves become Electric-type after using Plasma Fists.\n|\n|upkeep\n|turn|7\n|\n|t:|1698918556\n|move|p2a: \ud83c\udf0c\ud83d\udd2eDEOXYS\ud83d\udd2e\ud83c\udf0c|Reflect|p2a: \ud83c\udf0c\ud83d\udd2eDEOXYS\ud83d\udd2e\ud83c\udf0c\n|-sidestart|p2: PSYCH0-MODE\ufe0f|Reflect\n|move|p1a: Zeraora|Plasma Fists|p2a: \ud83c\udf0c\ud83d\udd2eDEOXYS\ud83d\udd2e\ud83c\udf0c\n|-damage|p2a: \ud83c\udf0c\ud83d\udd2eDEOXYS\ud83d\udd2e\ud83c\udf0c|0 fnt\n|-fieldactivate|move: Ion Deluge\n|-hint|Normal-type moves become Electric-type after using Plasma Fists.\n|faint|p2a: \ud83c\udf0c\ud83d\udd2eDEOXYS\ud83d\udd2e\ud83c\udf0c\n|\n|upkeep\n|\n|t:|1698918568\n|switch|p2a: \ud83c\udf0cBEHEEYEM\ud83c\udf0c|Beheeyem, F, shiny|100\/100\n|turn|8\n|\n|t:|1698918574\n|move|p1a: Zeraora|Hone Claws|p1a: Zeraora\n|-boost|p1a: Zeraora|atk|1\n|-boost|p1a: Zeraora|accuracy|1\n|move|p2a: \ud83c\udf0cBEHEEYEM\ud83c\udf0c|Expanding Force|p1a: Zeraora\n|-damage|p1a: Zeraora|0 fnt\n|faint|p1a: Zeraora\n|\n|-fieldend|move: Psychic Terrain\n|upkeep\n|\n|t:|1698918584\n|switch|p1a: Banette|Banette, F|100\/100\n|turn|9\n|\n|t:|1698918588\n|switch|p2a: \ud83c\udf0cINDEEDEE\ud83c\udf0c|Indeedee-F, F|100\/100\n|-fieldstart|move: Psychic Terrain|[from] ability: Psychic Surge|[of] p2a: \ud83c\udf0cINDEEDEE\ud83c\udf0c\n|detailschange|p1a: Banette|Banette-Mega, F\n|-mega|p1a: Banette|Banette|Banettite\n|move|p1a: Banette|Thunder Wave|p2a: \ud83c\udf0cINDEEDEE\ud83c\udf0c\n|-activate|p2a: \ud83c\udf0cINDEEDEE\ud83c\udf0c|move: Psychic Terrain\n|\n|upkeep\n|turn|10\n|\n|t:|1698918604\n|move|p1a: Banette|Swords Dance|p1a: Banette\n|-boost|p1a: Banette|atk|2\n|move|p2a: \ud83c\udf0cINDEEDEE\ud83c\udf0c|Expanding Force|p1a: Banette\n|-damage|p1a: Banette|38\/100\n|\n|upkeep\n|turn|11\n|\n|t:|1698918615\n|switch|p1a: Gliscor|Gliscor, F|100\/100\n|move|p2a: \ud83c\udf0cINDEEDEE\ud83c\udf0c|Expanding Force|p1a: Gliscor\n|-damage|p1a: Gliscor|27\/100\n|\n|-status|p1a: Gliscor|tox|[from] item: Toxic Orb\n|upkeep\n|turn|12\n|\n|t:|1698918639\n|move|p1a: Gliscor|Earthquake|p2a: \ud83c\udf0cINDEEDEE\ud83c\udf0c\n|-damage|p2a: \ud83c\udf0cINDEEDEE\ud83c\udf0c|63\/100\n|move|p2a: \ud83c\udf0cINDEEDEE\ud83c\udf0c|Expanding Force|p1a: Gliscor\n|-damage|p1a: Gliscor|0 fnt\n|faint|p1a: Gliscor\n|\n|upkeep\n|\n|t:|1698918649\n|switch|p1a: Quaquaval|Quaquaval, F|100\/100\n|turn|13\n|\n|t:|1698918656\n|-terastallize|p1a: Quaquaval|Water\n|move|p2a: \ud83c\udf0cINDEEDEE\ud83c\udf0c|Expanding Force|p1a: Quaquaval\n|-damage|p1a: Quaquaval|49\/100\n|move|p1a: Quaquaval|Aqua Step|p2a: \ud83c\udf0cINDEEDEE\ud83c\udf0c\n|-damage|p2a: \ud83c\udf0cINDEEDEE\ud83c\udf0c|13\/100\n|-boost|p1a: Quaquaval|spe|1\n|\n|upkeep\n|turn|14\n|\n|t:|1698918669\n|switch|p2a: \ud83c\udf0c\ud83d\udd2eNECROZMA\ud83d\udd2e\ud83c\udf0c|Necrozma-Dusk-Mane, shiny|100\/100\n|move|p1a: Quaquaval|Aqua Step|p2a: \ud83c\udf0c\ud83d\udd2eNECROZMA\ud83d\udd2e\ud83c\udf0c\n|-damage|p2a: \ud83c\udf0c\ud83d\udd2eNECROZMA\ud83d\udd2e\ud83c\udf0c|76\/100\n|-boost|p1a: Quaquaval|spe|1\n|\n|-sideend|p2: PSYCH0-MODE\ufe0f|Reflect\n|upkeep\n|turn|15\n|\n|t:|1698918682\n|detailschange|p2a: \ud83c\udf0c\ud83d\udd2eNECROZMA\ud83d\udd2e\ud83c\udf0c|Necrozma-Ultra, shiny\n|-burst|p2a: \ud83c\udf0c\ud83d\udd2eNECROZMA\ud83d\udd2e\ud83c\udf0c|Necrozma|Ultranecrozium Z\n|move|p1a: Quaquaval|Ice Spinner|p2a: \ud83c\udf0c\ud83d\udd2eNECROZMA\ud83d\udd2e\ud83c\udf0c\n|-supereffective|p2a: \ud83c\udf0c\ud83d\udd2eNECROZMA\ud83d\udd2e\ud83c\udf0c\n|-damage|p2a: \ud83c\udf0c\ud83d\udd2eNECROZMA\ud83d\udd2e\ud83c\udf0c|7\/100\n|-fieldend|move: Psychic Terrain\n|move|p2a: \ud83c\udf0c\ud83d\udd2eNECROZMA\ud83d\udd2e\ud83c\udf0c|Photon Geyser|p1a: Quaquaval\n|-damage|p1a: Quaquaval|0 fnt\n|faint|p1a: Quaquaval\n|\n|upkeep\n|\n|t:|1698918693\n|switch|p1a: Banette|Banette-Mega, F|38\/100\n|turn|16\n|\n|t:|1698918699\n|switch|p2a: \ud83c\udf0cINDEEDEE\ud83c\udf0c|Indeedee-F, F|13\/100\n|-fieldstart|move: Psychic Terrain|[from] ability: Psychic Surge|[of] p2a: \ud83c\udf0cINDEEDEE\ud83c\udf0c\n|move|p1a: Banette|Shadow Sneak|p2a: \ud83c\udf0cINDEEDEE\ud83c\udf0c\n|-activate|p2a: \ud83c\udf0cINDEEDEE\ud83c\udf0c|move: Psychic Terrain\n|\n|upkeep\n|turn|17\n|c|\u2606getshi|now that is bs\n|\n|t:|1698918718\n|move|p2a: \ud83c\udf0cINDEEDEE\ud83c\udf0c|Healing Wish|p2a: \ud83c\udf0cINDEEDEE\ud83c\udf0c\n|faint|p2a: \ud83c\udf0cINDEEDEE\ud83c\udf0c\n|move|p1a: Banette|Gunk Shot|p2: \ud83c\udf0cINDEEDEE\ud83c\udf0c|[notarget]\n|-fail|p1a: Banette\n|\n|upkeep\n|\n|t:|1698918736\n|switch|p2a: \ud83c\udf0c\ud83d\udd2eNECROZMA\ud83d\udd2e\ud83c\udf0c|Necrozma-Ultra, shiny|7\/100\n|-heal|p2a: \ud83c\udf0c\ud83d\udd2eNECROZMA\ud83d\udd2e\ud83c\udf0c|100\/100|[from] move: Healing Wish\n|turn|18\n|\n|t:|1698918747\n|move|p2a: \ud83c\udf0c\ud83d\udd2eNECROZMA\ud83d\udd2e\ud83c\udf0c|Photon Geyser|p1a: Banette\n|-damage|p1a: Banette|0 fnt\n|faint|p1a: Banette\n|\n|upkeep\n|\n|t:|1698918753\n|switch|p1a: Annihilape|Annihilape, M|100\/100\n|turn|19\n|\n|t:|1698918759\n|move|p1a: Annihilape|Rage Fist|p2a: \ud83c\udf0c\ud83d\udd2eNECROZMA\ud83d\udd2e\ud83c\udf0c\n|-supereffective|p2a: \ud83c\udf0c\ud83d\udd2eNECROZMA\ud83d\udd2e\ud83c\udf0c\n|-damage|p2a: \ud83c\udf0c\ud83d\udd2eNECROZMA\ud83d\udd2e\ud83c\udf0c|33\/100\n|-zpower|p2a: \ud83c\udf0c\ud83d\udd2eNECROZMA\ud83d\udd2e\ud83c\udf0c\n|move|p2a: \ud83c\udf0c\ud83d\udd2eNECROZMA\ud83d\udd2e\ud83c\udf0c|Light That Burns the Sky|p1a: Annihilape|[zeffect]\n|-supereffective|p1a: Annihilape\n|-damage|p1a: Annihilape|0 fnt\n|faint|p1a: Annihilape\n|\n|win|PSYCH0-MODE\ufe0f\n|raw|getshi's rating: 1163 &rarr; <strong>1138<\/strong><br \/>(-25 for losing)\n|raw|PSYCH0-MODE\ufe0f's rating: 1166 &rarr; <strong>1191<\/strong><br \/>(+25 for winning)\n|c|\u2606getshi|the terrain blocking the shadow sneak is bs\n|c|\u2606PSYCH0-MODE\ufe0f|Noob\n|c|\u2606getshi|that would have won me the game\n|c|\u2606getshi|easily\n|c|\u2606PSYCH0-MODE\ufe0f|Get over it\n|c|\u2606getshi|rematch me then\n|l|\u2606getshi\n","uploadtime":1698919202,"views":10,"p1id":"getshi","p2id":"psych0mode","formatid":"gen9nationaldexubers","rating":1138,"private":0,"password":""}