{"id":"gen9nationaldexubers-1992888769","p1":"SainoEnjou32","p2":"cyclonez_","format":"[Gen 9] National Dex Ubers","log":"|j|\u2606SainoEnjou32\n|j|\u2606cyclonez_\n|t:|1700244152\n|gametype|singles\n|player|p1|SainoEnjou32|gambler|\n|player|p2|cyclonez_|candice|\n|teamsize|p1|6\n|teamsize|p2|6\n|gen|9\n|tier|[Gen 9] National Dex Ubers\n|rule|HP Percentage Mod: HP is shown in percentages\n|rule|Endless Battle Clause: Forcing endless battles is banned\n|rule|OHKO Clause: OHKO moves are banned\n|rule|Evasion Moves Clause: Evasion moves are banned\n|rule|Evasion Items Clause: Evasion items are banned\n|rule|Species Clause: Limit one of each Pok\u00e9mon\n|rule|Sleep Clause Mod: Limit one foe put to sleep\n|rule|Mega Rayquaza Clause: You cannot mega evolve Rayquaza\n|clearpoke\n|poke|p1|Metagross|\n|poke|p1|Charizard, F|\n|poke|p1|Primeape, F|\n|poke|p1|Snorlax, M|\n|poke|p1|Cloyster, F|\n|poke|p1|Umbreon, F|\n|poke|p2|Rotom-Wash|\n|poke|p2|Blaziken, F|\n|poke|p2|Torkoal, F|\n|poke|p2|Espeon, F|\n|poke|p2|Tangrowth, F|\n|poke|p2|Altaria, M|\n|teampreview\n|c|\u2606cyclonez_|glhf\n|c|\u2606SainoEnjou32|u2\n|\n|t:|1700244191\n|start\n|switch|p1a: Snorlax|Snorlax, M|100\/100\n|switch|p2a: Torkoal|Torkoal, F|100\/100\n|-weather|SunnyDay|[from] ability: Drought|[of] p2a: Torkoal\n|turn|1\n|\n|t:|1700244201\n|move|p1a: Snorlax|Gunk Shot|p2a: Torkoal|[miss]\n|-miss|p1a: Snorlax|p2a: Torkoal\n|move|p2a: Torkoal|Stealth Rock|p1a: Snorlax\n|-sidestart|p1: SainoEnjou32|move: Stealth Rock\n|\n|-weather|SunnyDay|[upkeep]\n|upkeep\n|turn|2\n|\n|t:|1700244213\n|move|p1a: Snorlax|Gunk Shot|p2a: Torkoal\n|-damage|p2a: Torkoal|76\/100\n|move|p2a: Torkoal|Lava Plume|p1a: Snorlax\n|-damage|p1a: Snorlax|78\/100\n|\n|-weather|SunnyDay|[upkeep]\n|upkeep\n|turn|3\n|\n|t:|1700244219\n|move|p1a: Snorlax|Earthquake|p2a: Torkoal\n|-supereffective|p2a: Torkoal\n|-damage|p2a: Torkoal|38\/100\n|move|p2a: Torkoal|Lava Plume|p1a: Snorlax\n|-damage|p1a: Snorlax|56\/100\n|\n|-weather|SunnyDay|[upkeep]\n|upkeep\n|turn|4\n|\n|t:|1700244229\n|switch|p2a: Rotom|Rotom-Wash|100\/100\n|move|p1a: Snorlax|Earthquake|p2a: Rotom\n|-immune|p2a: Rotom|[from] ability: Levitate\n|\n|-weather|SunnyDay|[upkeep]\n|upkeep\n|turn|5\n|\n|t:|1700244237\n|move|p2a: Rotom|Volt Switch|p1a: Snorlax\n|-damage|p1a: Snorlax|38\/100\n|\n|t:|1700244242\n|switch|p2a: Altaria|Altaria, M|100\/100|[from] Volt Switch\n|move|p1a: Snorlax|Gunk Shot|p2a: Altaria\n|-damage|p2a: Altaria|44\/100\n|\n|-weather|SunnyDay|[upkeep]\n|upkeep\n|turn|6\n|\n|t:|1700244251\n|move|p2a: Altaria|Brave Bird|p1a: Snorlax\n|-damage|p1a: Snorlax|0 fnt\n|faint|p1a: Snorlax\n|-damage|p2a: Altaria|22\/100|[from] Recoil\n|\n|-weather|SunnyDay|[upkeep]\n|upkeep\n|\n|t:|1700244270\n|switch|p1a: Metagross|Metagross|100\/100\n|-damage|p1a: Metagross|95\/100|[from] Stealth Rock\n|turn|7\n|\n|t:|1700244300\n|switch|p2a: Rotom|Rotom-Wash|100\/100\n|move|p1a: Metagross|Rock Polish|p1a: Metagross\n|-boost|p1a: Metagross|spe|2\n|\n|-weather|SunnyDay|[upkeep]\n|upkeep\n|turn|8\n|\n|t:|1700244309\n|move|p2a: Rotom|Thunderbolt|p1a: Metagross\n|-damage|p1a: Metagross|58\/100\n|move|p1a: Metagross|Power-Up Punch|p2a: Rotom\n|-damage|p2a: Rotom|79\/100\n|-boost|p1a: Metagross|atk|1\n|\n|-weather|none\n|upkeep\n|turn|9\n|\n|t:|1700244323\n|move|p2a: Rotom|Thunderbolt|p1a: Metagross\n|-damage|p1a: Metagross|19\/100\n|move|p1a: Metagross|Power-Up Punch|p2a: Rotom\n|-damage|p2a: Rotom|47\/100\n|-boost|p1a: Metagross|atk|1\n|\n|upkeep\n|turn|10\n|\n|t:|1700244355\n|move|p2a: Rotom|Thunderbolt|p1a: Metagross\n|-damage|p1a: Metagross|0 fnt\n|faint|p1a: Metagross\n|\n|upkeep\n|\n|t:|1700244370\n|switch|p1a: Cloyster|Cloyster, F|100\/100\n|-damage|p1a: Cloyster|76\/100|[from] Stealth Rock\n|turn|11\n|\n|t:|1700244380\n|move|p2a: Rotom|Thunderbolt|p1a: Cloyster\n|-supereffective|p1a: Cloyster\n|-damage|p1a: Cloyster|0 fnt\n|faint|p1a: Cloyster\n|\n|upkeep\n|\n|t:|1700244384\n|switch|p1a: Umbreon|Umbreon, F, shiny|100\/100\n|-damage|p1a: Umbreon|88\/100|[from] Stealth Rock\n|turn|12\n|c|\u2606SainoEnjou32|gg\n|c|\u2606cyclonez_|not over till its over\n|\n|t:|1700244438\n|switch|p2a: Altaria|Altaria, M|22\/100\n|move|p1a: Umbreon|Wish|p1a: Umbreon\n|\n|upkeep\n|turn|13\n|\n|t:|1700244443\n|move|p2a: Altaria|Roost|p2a: Altaria\n|-heal|p2a: Altaria|72\/100\n|-singleturn|p2a: Altaria|move: Roost\n|move|p1a: Umbreon|Foul Play|p2a: Altaria\n|-damage|p2a: Altaria|29\/100\n|\n|-heal|p1a: Umbreon|100\/100|[from] move: Wish|[wisher] Umbreon\n|upkeep\n|turn|14\n|\n|t:|1700244454\n|move|p2a: Altaria|Roost|p2a: Altaria\n|-heal|p2a: Altaria|80\/100\n|-singleturn|p2a: Altaria|move: Roost\n|move|p1a: Umbreon|Toxic|p2a: Altaria\n|-status|p2a: Altaria|tox\n|\n|-damage|p2a: Altaria|73\/100 tox|[from] psn\n|upkeep\n|turn|15\n|\n|t:|1700244504\n|-curestatus|p2a: Altaria|tox|[from] ability: Natural Cure\n|switch|p2a: Rotom|Rotom-Wash|47\/100\n|move|p1a: Umbreon|Wish|p1a: Umbreon\n|\n|upkeep\n|turn|16\n|\n|t:|1700244511\n|move|p1a: Umbreon|Protect|p1a: Umbreon\n|-singleturn|p1a: Umbreon|Protect\n|move|p2a: Rotom|Trick|p1a: Umbreon\n|-activate|p1a: Umbreon|move: Protect\n|\n|upkeep\n|turn|17\n|\n|t:|1700244524\n|switch|p2a: Torkoal|Torkoal, F|38\/100\n|-weather|SunnyDay|[from] ability: Drought|[of] p2a: Torkoal\n|switch|p1a: Charizard|Charizard, F|100\/100\n|-damage|p1a: Charizard|51\/100|[from] Stealth Rock\n|\n|-weather|SunnyDay|[upkeep]\n|upkeep\n|turn|18\n|\n|t:|1700244548\n|move|p1a: Charizard|Hidden Power|p2a: Torkoal\n|-resisted|p2a: Torkoal\n|-damage|p2a: Torkoal|26\/100\n|move|p2a: Torkoal|Yawn|p1a: Charizard\n|-start|p1a: Charizard|move: Yawn|[of] p2a: Torkoal\n|\n|-weather|SunnyDay|[upkeep]\n|upkeep\n|turn|19\n|\n|t:|1700244572\n|switch|p1a: Primeape|Primeape, F|100\/100\n|-damage|p1a: Primeape|95\/100|[from] Stealth Rock\n|switch|p2a: Altaria|Altaria, M|73\/100\n|\n|-weather|SunnyDay|[upkeep]\n|upkeep\n|turn|20\n|\n|t:|1700244583\n|move|p1a: Primeape|Bulk Up|p1a: Primeape\n|-boost|p1a: Primeape|atk|1\n|-boost|p1a: Primeape|def|1\n|move|p2a: Altaria|Dragon Dance|p2a: Altaria\n|-boost|p2a: Altaria|atk|1\n|-boost|p2a: Altaria|spe|1\n|\n|-weather|SunnyDay|[upkeep]\n|upkeep\n|turn|21\n|\n|t:|1700244595\n|move|p2a: Altaria|Brave Bird|p1a: Primeape\n|-supereffective|p1a: Primeape\n|-damage|p1a: Primeape|0 fnt\n|faint|p1a: Primeape\n|-damage|p2a: Altaria|44\/100|[from] Recoil\n|\n|-weather|SunnyDay|[upkeep]\n|upkeep\n|\n|t:|1700244601\n|switch|p1a: Umbreon|Umbreon, F, shiny|100\/100\n|-damage|p1a: Umbreon|88\/100|[from] Stealth Rock\n|turn|22\n|\n|t:|1700244607\n|move|p2a: Altaria|Brave Bird|p1a: Umbreon\n|-damage|p1a: Umbreon|38\/100\n|-damage|p2a: Altaria|22\/100|[from] Recoil\n|move|p1a: Umbreon|Foul Play|p2a: Altaria\n|-damage|p2a: Altaria|0 fnt\n|faint|p2a: Altaria\n|\n|-weather|SunnyDay|[upkeep]\n|upkeep\n|\n|t:|1700244613\n|switch|p2a: Blaziken|Blaziken, F|100\/100\n|turn|23\n|\n|t:|1700244621\n|switch|p1a: Charizard|Charizard, F|51\/100\n|-damage|p1a: Charizard|1\/100|[from] Stealth Rock\n|move|p2a: Blaziken|Close Combat|p1a: Charizard\n|-resisted|p1a: Charizard\n|-damage|p1a: Charizard|0 fnt\n|-unboost|p2a: Blaziken|def|1\n|-unboost|p2a: Blaziken|spd|1\n|faint|p1a: Charizard\n|\n|-weather|SunnyDay|[upkeep]\n|-ability|p2a: Blaziken|Speed Boost|boost\n|-boost|p2a: Blaziken|spe|1\n|upkeep\n|c|\u2606SainoEnjou32|gg\n|\n|t:|1700244632\n|switch|p1a: Umbreon|Umbreon, F, shiny|38\/100\n|-damage|p1a: Umbreon|25\/100|[from] Stealth Rock\n|turn|24\n|c|\u2606cyclonez_|gg\n|\n|t:|1700244637\n|move|p2a: Blaziken|Close Combat|p1a: Umbreon\n|-supereffective|p1a: Umbreon\n|-damage|p1a: Umbreon|0 fnt\n|-unboost|p2a: Blaziken|def|1\n|-unboost|p2a: Blaziken|spd|1\n|faint|p1a: Umbreon\n|\n|win|cyclonez_\n","uploadtime":1700244644,"views":23,"p1id":"sainoenjou32","p2id":"cyclonez","formatid":"gen9nationaldexubers","rating":0,"private":0,"password":""}