{"id":"gen9nationaldexubers-1997231448","p1":"Dred king","p2":"KingoftheTitans","format":"[Gen 9] National Dex Ubers","log":"|j|\u2606Dred king\n|j|\u2606KingoftheTitans\n|t:|1700778256\n|gametype|singles\n|player|p1|Dred king|266|1295\n|player|p2|KingoftheTitans|169|1231\n|teamsize|p1|6\n|teamsize|p2|6\n|gen|9\n|tier|[Gen 9] National Dex Ubers\n|rated|\n|rule|HP Percentage Mod: HP is shown in percentages\n|rule|Endless Battle Clause: Forcing endless battles is banned\n|rule|OHKO Clause: OHKO moves are banned\n|rule|Evasion Moves Clause: Evasion moves are banned\n|rule|Evasion Items Clause: Evasion items are banned\n|rule|Species Clause: Limit one of each Pok\u00e9mon\n|rule|Sleep Clause Mod: Limit one foe put to sleep\n|rule|Mega Rayquaza Clause: You cannot mega evolve Rayquaza\n|clearpoke\n|poke|p1|Plusle, F|\n|poke|p1|Minun, M|\n|poke|p1|Groudon|\n|poke|p1|Dragonite, F|\n|poke|p1|Grimmsnarl, M|\n|poke|p1|Zacian-*|\n|poke|p2|Tornadus, M|\n|poke|p2|Buzzwole|\n|poke|p2|Breloom, M|\n|poke|p2|Bronzong|\n|poke|p2|Sceptile, M|\n|poke|p2|Basculegion, M|\n|teampreview\n|\n|t:|1700778262\n|start\n|switch|p1a: Grimmsnarl|Grimmsnarl, M|100\/100\n|switch|p2a: Breloom|Breloom, M|100\/100\n|turn|1\n|\n|t:|1700778270\n|move|p1a: Grimmsnarl|Light Screen|p1a: Grimmsnarl\n|-sidestart|p1: Dred king|move: Light Screen\n|move|p2a: Breloom|Spore|p1a: Grimmsnarl\n|-status|p1a: Grimmsnarl|slp|[from] move: Spore\n|\n|upkeep\n|turn|2\n|\n|t:|1700778275\n|cant|p1a: Grimmsnarl|slp\n|move|p2a: Breloom|Close Combat|p1a: Grimmsnarl\n|-damage|p1a: Grimmsnarl|23\/100 slp\n|-unboost|p2a: Breloom|def|1\n|-unboost|p2a: Breloom|spd|1\n|\n|upkeep\n|turn|3\n|\n|t:|1700778281\n|move|p2a: Breloom|Mach Punch|p1a: Grimmsnarl\n|-damage|p1a: Grimmsnarl|0 fnt\n|faint|p1a: Grimmsnarl\n|\n|upkeep\n|\n|t:|1700778285\n|switch|p1a: Dragonite|Dragonite, F|100\/100\n|turn|4\n|\n|t:|1700778289\n|move|p2a: Breloom|Rock Tomb|p1a: Dragonite\n|-supereffective|p1a: Dragonite\n|-damage|p1a: Dragonite|72\/100\n|-unboost|p1a: Dragonite|spe|1\n|move|p1a: Dragonite|Dual Wingbeat|p2a: Breloom\n|-supereffective|p2a: Breloom\n|-enditem|p2a: Breloom|Focus Sash\n|-damage|p2a: Breloom|1\/100\n|-supereffective|p2a: Breloom\n|-damage|p2a: Breloom|0 fnt\n|faint|p2a: Breloom\n|-hitcount|p2: Breloom|2\n|-damage|p1a: Dragonite|62\/100|[from] item: Life Orb\n|\n|upkeep\n|\n|t:|1700778302\n|switch|p2a: Sceptile|Sceptile, M|100\/100\n|turn|5\n|\n|t:|1700778356\n|detailschange|p2a: Sceptile|Sceptile-Mega, M\n|-mega|p2a: Sceptile|Sceptile|Sceptilite\n|move|p2a: Sceptile|Hidden Power|p1a: Dragonite\n|-supereffective|p1a: Dragonite\n|-damage|p1a: Dragonite|22\/100\n|move|p1a: Dragonite|Dragon Claw|p2a: Sceptile\n|-supereffective|p2a: Sceptile\n|-damage|p2a: Sceptile|0 fnt\n|faint|p2a: Sceptile\n|-damage|p1a: Dragonite|13\/100|[from] item: Life Orb\n|\n|upkeep\n|\n|t:|1700778380\n|switch|p2a: Tornadus|Tornadus, M|100\/100\n|turn|6\n|\n|t:|1700778422\n|move|p1a: Dragonite|Extreme Speed|p2a: Tornadus\n|-damage|p2a: Tornadus|47\/100\n|-damage|p1a: Dragonite|3\/100|[from] item: Life Orb\n|move|p2a: Tornadus|Hurricane|p1a: Dragonite\n|-damage|p1a: Dragonite|0 fnt\n|faint|p1a: Dragonite\n|\n|upkeep\n|inactive|Battle timer is ON: inactive players will automatically lose when time's up. (requested by KingoftheTitans)\n|\n|t:|1700778534\n|switch|p1a: Plusle|Plusle, F|100\/100\n|turn|7\n|\n|t:|1700778539\n|move|p2a: Tornadus|Defog|p1a: Plusle\n|-unboost|p1a: Plusle|evasion|1\n|-sideend|p1: Dred king|move: Light Screen\n|move|p1a: Plusle|Discharge|p2a: Tornadus\n|-supereffective|p2a: Tornadus\n|-damage|p2a: Tornadus|0 fnt\n|faint|p2a: Tornadus\n|\n|upkeep\n|\n|t:|1700778551\n|switch|p2a: Bronzong|Bronzong|100\/100\n|turn|8\n|inactive|Dred king has 120 seconds left.\n|\n|t:|1700778583\n|move|p1a: Plusle|Nasty Plot|p1a: Plusle\n|-boost|p1a: Plusle|spa|2\n|move|p2a: Bronzong|Stealth Rock|p1a: Plusle\n|-sidestart|p1: Dred king|move: Stealth Rock\n|\n|upkeep\n|turn|9\n|\n|t:|1700778590\n|move|p1a: Plusle|Nasty Plot|p1a: Plusle\n|-boost|p1a: Plusle|spa|2\n|move|p2a: Bronzong|Zen Headbutt|p1a: Plusle\n|-damage|p1a: Plusle|32\/100\n|\n|upkeep\n|turn|10\n|\n|t:|1700778595\n|-terastallize|p1a: Plusle|Electric\n|move|p1a: Plusle|Discharge|p2a: Bronzong\n|-damage|p2a: Bronzong|15\/100\n|move|p2a: Bronzong|Zen Headbutt|p1a: Plusle\n|-damage|p1a: Plusle|0 fnt\n|faint|p1a: Plusle\n|\n|-heal|p2a: Bronzong|21\/100|[from] item: Leftovers\n|upkeep\n|\n|t:|1700778604\n|switch|p1a: Groudon|Groudon|100\/100\n|-damage|p1a: Groudon|94\/100|[from] Stealth Rock\n|detailschange|p1a: Groudon|Groudon-Primal\n|-primal|p1a: Groudon|Red Orb\n|-weather|DesolateLand|[from] ability: Desolate Land|[of] p1a: Groudon\n|turn|11\n|\n|t:|1700778610\n|move|p1a: Groudon|Rock Polish|p1a: Groudon\n|-boost|p1a: Groudon|spe|2\n|move|p2a: Bronzong|Toxic|p1a: Groudon\n|-status|p1a: Groudon|tox\n|\n|-weather|DesolateLand|[upkeep]\n|-heal|p2a: Bronzong|27\/100|[from] item: Leftovers\n|-damage|p1a: Groudon|88\/100 tox|[from] psn\n|upkeep\n|turn|12\n|\n|t:|1700778618\n|move|p1a: Groudon|Heat Crash|p2a: Bronzong\n|-supereffective|p2a: Bronzong\n|-damage|p2a: Bronzong|0 fnt\n|faint|p2a: Bronzong\n|\n|-weather|DesolateLand|[upkeep]\n|-damage|p1a: Groudon|76\/100 tox|[from] psn\n|upkeep\n|\n|t:|1700778625\n|switch|p2a: Buzzwole|Buzzwole, shiny|100\/100\n|turn|13\n|inactive|Dred king has 120 seconds left.\n|\n|t:|1700778658\n|move|p1a: Groudon|Swords Dance|p1a: Groudon\n|-boost|p1a: Groudon|atk|2\n|move|p2a: Buzzwole|Roost||[still]\n|-fail|p2a: Buzzwole|heal\n|\n|-weather|DesolateLand|[upkeep]\n|-damage|p1a: Groudon|57\/100 tox|[from] psn\n|upkeep\n|turn|14\n|\n|t:|1700778668\n|-terastallize|p2a: Buzzwole|Fighting\n|move|p1a: Groudon|Heat Crash|p2a: Buzzwole\n|-damage|p2a: Buzzwole|36\/100\n|-damage|p1a: Groudon|41\/100 tox|[from] item: Rocky Helmet|[of] p2a: Buzzwole\n|move|p2a: Buzzwole|Roost|p2a: Buzzwole\n|-heal|p2a: Buzzwole|86\/100\n|\n|-weather|DesolateLand|[upkeep]\n|-damage|p1a: Groudon|16\/100 tox|[from] psn\n|upkeep\n|turn|15\n|\n|t:|1700778677\n|move|p1a: Groudon|Precipice Blades|p2a: Buzzwole\n|-damage|p2a: Buzzwole|0 fnt\n|faint|p2a: Buzzwole\n|\n|-weather|DesolateLand|[upkeep]\n|-damage|p1a: Groudon|0 fnt|[from] psn\n|faint|p1a: Groudon\n|-weather|none\n|upkeep\n|\n|t:|1700778684\n|switch|p1a: Minun|Minun, M|100\/100\n|switch|p2a: Basculegion|Basculegion, M|100\/100\n|-damage|p1a: Minun|88\/100|[from] Stealth Rock\n|turn|16\n|\n|t:|1700778691\n|move|p1a: Minun|Discharge|p2a: Basculegion\n|-supereffective|p2a: Basculegion\n|-damage|p2a: Basculegion|32\/100\n|move|p2a: Basculegion|Last Respects|p1a: Minun\n|-damage|p1a: Minun|0 fnt\n|faint|p1a: Minun\n|\n|upkeep\n|\n|t:|1700778696\n|switch|p1a: Zacian|Zacian-Crowned|100\/100\n|-damage|p1a: Zacian|94\/100|[from] Stealth Rock\n|-ability|p1a: Zacian|Intrepid Sword|boost\n|-boost|p1a: Zacian|atk|1\n|turn|17\n|c|\u2606KingoftheTitans|gg?\n|\n|t:|1700778703\n|move|p1a: Zacian|Play Rough|p2a: Basculegion\n|-damage|p2a: Basculegion|0 fnt\n|faint|p2a: Basculegion\n|\n|win|Dred king\n|raw|Dred king's rating: 1295 &rarr; <strong>1315<\/strong><br \/>(+20 for winning)\n|raw|KingoftheTitans's rating: 1231 &rarr; <strong>1211<\/strong><br \/>(-20 for losing)\n|c|\u2606Dred king|gg\n|c|\u2606KingoftheTitans|...\n|c|\u2606KingoftheTitans|Never mind\n|l|\u2606Dred king\n","uploadtime":1700778715,"views":4,"p1id":"dredking","p2id":"kingofthetitans","formatid":"gen9nationaldexubers","rating":1211,"private":0,"password":""}