{"id":"gen9nationaldexubers-1996380663","p1":"JustMonika_CARR","p2":"ouchyouchyouch","format":"[Gen 9] National Dex Ubers","log":"|j|\u2606JustMonika_CARR\n|j|\u2606ouchyouchyouch\n|t:|1700676560\n|gametype|singles\n|player|p1|JustMonika_CARR|rosa|1358\n|player|p2|ouchyouchyouch|170|1332\n|teamsize|p1|6\n|teamsize|p2|6\n|gen|9\n|tier|[Gen 9] National Dex Ubers\n|rated|\n|rule|HP Percentage Mod: HP is shown in percentages\n|rule|Endless Battle Clause: Forcing endless battles is banned\n|rule|OHKO Clause: OHKO moves are banned\n|rule|Evasion Moves Clause: Evasion moves are banned\n|rule|Evasion Items Clause: Evasion items are banned\n|rule|Species Clause: Limit one of each Pok\u00e9mon\n|rule|Sleep Clause Mod: Limit one foe put to sleep\n|rule|Mega Rayquaza Clause: You cannot mega evolve Rayquaza\n|clearpoke\n|poke|p1|Blaziken, F|\n|poke|p1|Pheromosa|\n|poke|p1|Gothitelle, F|\n|poke|p1|Deoxys-Speed|\n|poke|p1|Shuckle, M|\n|poke|p1|Durant, F|\n|poke|p2|Ribombee, M|\n|poke|p2|Lucario, F|\n|poke|p2|Necrozma-Dusk-Mane|\n|poke|p2|Kyogre|\n|poke|p2|Yveltal|\n|poke|p2|Groudon|\n|teampreview\n|\n|t:|1700676566\n|start\n|switch|p1a: Deoxys|Deoxys-Speed, shiny|100\/100\n|switch|p2a: Jitterbug|Ribombee, M, shiny|100\/100\n|-ability|p1a: Deoxys|Pressure\n|turn|1\n|\n|t:|1700676582\n|move|p1a: Deoxys|Stealth Rock|p2a: Jitterbug\n|-sidestart|p2: ouchyouchyouch|move: Stealth Rock\n|move|p2a: Jitterbug|Stun Spore|p1a: Deoxys\n|-status|p1a: Deoxys|par\n|\n|upkeep\n|turn|2\n|\n|t:|1700676586\n|move|p2a: Jitterbug|Sticky Web|p1a: Deoxys\n|-sidestart|p1: JustMonika_CARR|move: Sticky Web\n|move|p1a: Deoxys|Toxic|p2a: Jitterbug\n|-status|p2a: Jitterbug|tox\n|\n|-damage|p2a: Jitterbug|94\/100 tox|[from] psn\n|upkeep\n|turn|3\n|\n|t:|1700676597\n|switch|p2a: Buster|Lucario, F|100\/100\n|-damage|p2a: Buster|98\/100|[from] Stealth Rock\n|move|p1a: Deoxys|Light Screen|p1a: Deoxys\n|-sidestart|p1: JustMonika_CARR|move: Light Screen\n|\n|upkeep\n|turn|4\n|\n|t:|1700676605\n|detailschange|p2a: Buster|Lucario-Mega, F\n|-mega|p2a: Buster|Lucario|Lucarionite\n|move|p2a: Buster|Swords Dance|p2a: Buster\n|-boost|p2a: Buster|atk|2\n|cant|p1a: Deoxys|par\n|\n|upkeep\n|turn|5\n|\n|t:|1700676611\n|move|p2a: Buster|Swords Dance|p2a: Buster\n|-boost|p2a: Buster|atk|2\n|move|p1a: Deoxys|Reflect|p1a: Deoxys\n|-sidestart|p1: JustMonika_CARR|Reflect\n|\n|upkeep\n|turn|6\n|\n|t:|1700676618\n|move|p2a: Buster|Swords Dance|p2a: Buster\n|-boost|p2a: Buster|atk|2\n|move|p1a: Deoxys|Toxic|p2a: Buster\n|-immune|p2a: Buster\n|\n|upkeep\n|turn|7\n|\n|t:|1700676624\n|move|p2a: Buster|Swords Dance|p2a: Buster\n|-boost|p2a: Buster|atk|0\n|move|p1a: Deoxys|Stealth Rock||[still]\n|-fail|p1a: Deoxys\n|\n|upkeep\n|turn|8\n|\n|t:|1700676631\n|move|p2a: Buster|Swords Dance|p2a: Buster\n|-boost|p2a: Buster|atk|0\n|cant|p1a: Deoxys|par\n|\n|upkeep\n|turn|9\n|\n|t:|1700676639\n|switch|p1a: Pheromosa|Pheromosa, shiny|100\/100\n|-activate|p1a: Pheromosa|move: Sticky Web\n|-unboost|p1a: Pheromosa|spe|1\n|move|p2a: Buster|Swords Dance|p2a: Buster\n|-boost|p2a: Buster|atk|0\n|\n|upkeep\n|turn|10\n|\n|t:|1700676658\n|move|p2a: Buster|Meteor Mash|p1a: Pheromosa\n|-enditem|p1a: Pheromosa|Focus Sash\n|-damage|p1a: Pheromosa|1\/100\n|move|p1a: Pheromosa|Rapid Spin|p2a: Buster\n|-resisted|p2a: Buster\n|-damage|p2a: Buster|87\/100\n|-boost|p1a: Pheromosa|spe|1\n|-sideend|p1: JustMonika_CARR|Sticky Web|[from] move: Rapid Spin|[of] p1a: Pheromosa\n|\n|-sideend|p1: JustMonika_CARR|move: Light Screen\n|upkeep\n|turn|11\n|\n|t:|1700676670\n|move|p2a: Buster|Bullet Punch|p1a: Pheromosa\n|-damage|p1a: Pheromosa|0 fnt\n|faint|p1a: Pheromosa\n|\n|upkeep\n|\n|t:|1700676673\n|switch|p1a: Durant|Durant, F, shiny|100\/100\n|turn|12\n|\n|t:|1700676683\n|move|p1a: Durant|Entrainment|p2a: Buster\n|-endability|p2a: Buster|Adaptability|[from] move: Entrainment\n|-ability|p2a: Buster|Truant|[from] move: Entrainment\n|move|p2a: Buster|Meteor Mash|p1a: Durant\n|-resisted|p1a: Durant\n|-damage|p1a: Durant|35\/100\n|\n|-sideend|p1: JustMonika_CARR|Reflect\n|upkeep\n|turn|13\n|\n|t:|1700676697\n|cant|p2a: Buster|ability: Truant\n|cant|p1a: Durant|ability: Truant\n|\n|upkeep\n|turn|14\n|\n|t:|1700676700\n|move|p2a: Buster|Bullet Punch|p1a: Durant\n|-resisted|p1a: Durant\n|-damage|p1a: Durant|0 fnt\n|faint|p1a: Durant\n|\n|upkeep\n|\n|t:|1700676704\n|switch|p1a: Gothitelle|Gothitelle, F, shiny|100\/100\n|turn|15\n|\n|t:|1700676708\n|cant|p2a: Buster|ability: Truant\n|move|p1a: Gothitelle|Substitute|p1a: Gothitelle\n|-start|p1a: Gothitelle|Substitute\n|-damage|p1a: Gothitelle|75\/100\n|\n|upkeep\n|turn|16\n|\n|t:|1700676717\n|move|p2a: Buster|Bullet Punch|p1a: Gothitelle\n|-end|p1a: Gothitelle|Substitute\n|move|p1a: Gothitelle|Substitute|p1a: Gothitelle\n|-start|p1a: Gothitelle|Substitute\n|-damage|p1a: Gothitelle|50\/100\n|\n|upkeep\n|turn|17\n|\n|t:|1700676723\n|cant|p2a: Buster|ability: Truant\n|move|p1a: Gothitelle|Dark Pulse|p2a: Buster\n|-resisted|p2a: Buster\n|-damage|p2a: Buster|69\/100\n|\n|upkeep\n|turn|18\n|\n|t:|1700676730\n|move|p2a: Buster|Bullet Punch|p1a: Gothitelle\n|-end|p1a: Gothitelle|Substitute\n|move|p1a: Gothitelle|Substitute|p1a: Gothitelle\n|-start|p1a: Gothitelle|Substitute\n|-damage|p1a: Gothitelle|25\/100\n|-enditem|p1a: Gothitelle|Starf Berry|[eat]\n|-boost|p1a: Gothitelle|atk|2|[from] item: Starf Berry\n|\n|upkeep\n|turn|19\n|\n|t:|1700676745\n|cant|p2a: Buster|ability: Truant\n|move|p1a: Gothitelle|Recycle|p1a: Gothitelle\n|-item|p1a: Gothitelle|Starf Berry|[from] move: Recycle\n|-enditem|p1a: Gothitelle|Starf Berry|[eat]\n|-boost|p1a: Gothitelle|spe|2|[from] item: Starf Berry\n|\n|upkeep\n|turn|20\n|\n|t:|1700676753\n|move|p1a: Gothitelle|Protect|p1a: Gothitelle\n|-singleturn|p1a: Gothitelle|Protect\n|move|p2a: Buster|Bullet Punch|p1a: Gothitelle\n|-activate|p1a: Gothitelle|move: Protect\n|\n|upkeep\n|turn|21\n|inactive|Battle timer is ON: inactive players will automatically lose when time's up. (requested by JustMonika_CARR)\n|\n|t:|1700676766\n|move|p1a: Gothitelle|Recycle|p1a: Gothitelle\n|-item|p1a: Gothitelle|Starf Berry|[from] move: Recycle\n|-enditem|p1a: Gothitelle|Starf Berry|[eat]\n|-boost|p1a: Gothitelle|spd|2|[from] item: Starf Berry\n|cant|p2a: Buster|ability: Truant\n|\n|upkeep\n|turn|22\n|\n|t:|1700676775\n|move|p1a: Gothitelle|Protect|p1a: Gothitelle\n|-singleturn|p1a: Gothitelle|Protect\n|move|p2a: Buster|Meteor Mash|p1a: Gothitelle\n|-activate|p1a: Gothitelle|move: Protect\n|\n|upkeep\n|turn|23\n|\n|t:|1700676778\n|move|p1a: Gothitelle|Recycle|p1a: Gothitelle\n|-item|p1a: Gothitelle|Starf Berry|[from] move: Recycle\n|-enditem|p1a: Gothitelle|Starf Berry|[eat]\n|-boost|p1a: Gothitelle|def|2|[from] item: Starf Berry\n|cant|p2a: Buster|ability: Truant\n|\n|upkeep\n|turn|24\n|\n|t:|1700676784\n|move|p1a: Gothitelle|Protect|p1a: Gothitelle\n|-singleturn|p1a: Gothitelle|Protect\n|move|p2a: Buster|Meteor Mash|p1a: Gothitelle\n|-activate|p1a: Gothitelle|move: Protect\n|\n|upkeep\n|turn|25\n|\n|t:|1700676787\n|move|p1a: Gothitelle|Recycle|p1a: Gothitelle\n|-item|p1a: Gothitelle|Starf Berry|[from] move: Recycle\n|-enditem|p1a: Gothitelle|Starf Berry|[eat]\n|-boost|p1a: Gothitelle|spe|2|[from] item: Starf Berry\n|cant|p2a: Buster|ability: Truant\n|\n|upkeep\n|turn|26\n|\n|t:|1700676793\n|move|p1a: Gothitelle|Protect|p1a: Gothitelle\n|-singleturn|p1a: Gothitelle|Protect\n|move|p2a: Buster|Meteor Mash|p1a: Gothitelle\n|-activate|p1a: Gothitelle|move: Protect\n|\n|upkeep\n|turn|27\n|\n|t:|1700676803\n|move|p1a: Gothitelle|Recycle|p1a: Gothitelle\n|-item|p1a: Gothitelle|Starf Berry|[from] move: Recycle\n|-enditem|p1a: Gothitelle|Starf Berry|[eat]\n|-boost|p1a: Gothitelle|spd|2|[from] item: Starf Berry\n|cant|p2a: Buster|ability: Truant\n|\n|upkeep\n|turn|28\n|\n|t:|1700676809\n|move|p1a: Gothitelle|Protect|p1a: Gothitelle\n|-singleturn|p1a: Gothitelle|Protect\n|move|p2a: Buster|Swords Dance|p2a: Buster\n|-boost|p2a: Buster|atk|0\n|\n|upkeep\n|turn|29\n|\n|t:|1700676813\n|move|p1a: Gothitelle|Recycle|p1a: Gothitelle\n|-item|p1a: Gothitelle|Starf Berry|[from] move: Recycle\n|-enditem|p1a: Gothitelle|Starf Berry|[eat]\n|-boost|p1a: Gothitelle|spd|2|[from] item: Starf Berry\n|cant|p2a: Buster|ability: Truant\n|\n|upkeep\n|turn|30\n|\n|t:|1700676816\n|move|p1a: Gothitelle|Protect|p1a: Gothitelle\n|-singleturn|p1a: Gothitelle|Protect\n|move|p2a: Buster|Swords Dance|p2a: Buster\n|-boost|p2a: Buster|atk|0\n|\n|upkeep\n|turn|31\n|\n|t:|1700676822\n|move|p1a: Gothitelle|Recycle|p1a: Gothitelle\n|-item|p1a: Gothitelle|Starf Berry|[from] move: Recycle\n|-enditem|p1a: Gothitelle|Starf Berry|[eat]\n|-boost|p1a: Gothitelle|spa|2|[from] item: Starf Berry\n|cant|p2a: Buster|ability: Truant\n|\n|upkeep\n|turn|32\n|\n|t:|1700676832\n|move|p1a: Gothitelle|Protect|p1a: Gothitelle\n|-singleturn|p1a: Gothitelle|Protect\n|move|p2a: Buster|Swords Dance|p2a: Buster\n|-boost|p2a: Buster|atk|0\n|\n|upkeep\n|turn|33\n|\n|t:|1700676839\n|move|p1a: Gothitelle|Recycle|p1a: Gothitelle\n|-item|p1a: Gothitelle|Starf Berry|[from] move: Recycle\n|-enditem|p1a: Gothitelle|Starf Berry|[eat]\n|-boost|p1a: Gothitelle|def|2|[from] item: Starf Berry\n|cant|p2a: Buster|ability: Truant\n|\n|upkeep\n|turn|34\n|\n|t:|1700676846\n|move|p1a: Gothitelle|Protect|p1a: Gothitelle\n|-singleturn|p1a: Gothitelle|Protect\n|move|p2a: Buster|Swords Dance|p2a: Buster\n|-boost|p2a: Buster|atk|0\n|\n|upkeep\n|turn|35\n|\n|t:|1700676852\n|move|p1a: Gothitelle|Recycle|p1a: Gothitelle\n|-item|p1a: Gothitelle|Starf Berry|[from] move: Recycle\n|-enditem|p1a: Gothitelle|Starf Berry|[eat]\n|-boost|p1a: Gothitelle|atk|2|[from] item: Starf Berry\n|cant|p2a: Buster|ability: Truant\n|\n|upkeep\n|turn|36\n|\n|t:|1700676860\n|move|p1a: Gothitelle|Protect|p1a: Gothitelle\n|-singleturn|p1a: Gothitelle|Protect\n|move|p2a: Buster|Swords Dance|p2a: Buster\n|-boost|p2a: Buster|atk|0\n|\n|upkeep\n|turn|37\n|\n|t:|1700676866\n|move|p1a: Gothitelle|Recycle|p1a: Gothitelle\n|-item|p1a: Gothitelle|Starf Berry|[from] move: Recycle\n|-enditem|p1a: Gothitelle|Starf Berry|[eat]\n|-boost|p1a: Gothitelle|atk|2|[from] item: Starf Berry\n|cant|p2a: Buster|ability: Truant\n|\n|upkeep\n|turn|38\n|\n|t:|1700676874\n|move|p1a: Gothitelle|Protect|p1a: Gothitelle\n|-singleturn|p1a: Gothitelle|Protect\n|move|p2a: Buster|Swords Dance|p2a: Buster\n|-boost|p2a: Buster|atk|0\n|\n|upkeep\n|turn|39\n|\n|t:|1700676878\n|move|p1a: Gothitelle|Recycle|p1a: Gothitelle\n|-item|p1a: Gothitelle|Starf Berry|[from] move: Recycle\n|-enditem|p1a: Gothitelle|Starf Berry|[eat]\n|-boost|p1a: Gothitelle|def|2|[from] item: Starf Berry\n|cant|p2a: Buster|ability: Truant\n|\n|upkeep\n|turn|40\n|\n|t:|1700676883\n|move|p1a: Gothitelle|Protect|p1a: Gothitelle\n|-singleturn|p1a: Gothitelle|Protect\n|move|p2a: Buster|Swords Dance|p2a: Buster\n|-boost|p2a: Buster|atk|0\n|\n|upkeep\n|turn|41\n|\n|t:|1700676890\n|move|p1a: Gothitelle|Recycle|p1a: Gothitelle\n|-item|p1a: Gothitelle|Starf Berry|[from] move: Recycle\n|-enditem|p1a: Gothitelle|Starf Berry|[eat]\n|-boost|p1a: Gothitelle|spe|2|[from] item: Starf Berry\n|cant|p2a: Buster|ability: Truant\n|\n|upkeep\n|turn|42\n|\n|t:|1700676898\n|move|p1a: Gothitelle|Protect|p1a: Gothitelle\n|-singleturn|p1a: Gothitelle|Protect\n|move|p2a: Buster|Swords Dance|p2a: Buster\n|-boost|p2a: Buster|atk|0\n|\n|upkeep\n|turn|43\n|\n|t:|1700676904\n|move|p1a: Gothitelle|Recycle|p1a: Gothitelle\n|-item|p1a: Gothitelle|Starf Berry|[from] move: Recycle\n|-enditem|p1a: Gothitelle|Starf Berry|[eat]\n|-boost|p1a: Gothitelle|spa|2|[from] item: Starf Berry\n|cant|p2a: Buster|ability: Truant\n|\n|upkeep\n|turn|44\n|\n|t:|1700676912\n|move|p1a: Gothitelle|Protect|p1a: Gothitelle\n|-singleturn|p1a: Gothitelle|Protect\n|move|p2a: Buster|Swords Dance|p2a: Buster\n|-boost|p2a: Buster|atk|0\n|\n|upkeep\n|turn|45\n|\n|t:|1700676917\n|move|p1a: Gothitelle|Recycle|p1a: Gothitelle\n|-item|p1a: Gothitelle|Starf Berry|[from] move: Recycle\n|-enditem|p1a: Gothitelle|Starf Berry|[eat]\n|-boost|p1a: Gothitelle|spa|2|[from] item: Starf Berry\n|cant|p2a: Buster|ability: Truant\n|\n|upkeep\n|turn|46\n|\n|t:|1700676923\n|move|p1a: Gothitelle|Protect|p1a: Gothitelle\n|-singleturn|p1a: Gothitelle|Protect\n|move|p2a: Buster|Swords Dance|p2a: Buster\n|-boost|p2a: Buster|atk|0\n|\n|upkeep\n|turn|47\n|\n|t:|1700676930\n|move|p1a: Gothitelle|Dark Pulse|p2a: Buster\n|-resisted|p2a: Buster\n|-damage|p2a: Buster|0 fnt\n|faint|p2a: Buster\n|\n|upkeep\n|\n|t:|1700676941\n|switch|p2a: Jitterbug|Ribombee, M, shiny|94\/100 tox\n|-damage|p2a: Jitterbug|69\/100 tox|[from] Stealth Rock\n|turn|48\n|\n|t:|1700676947\n|-terastallize|p1a: Gothitelle|Dark\n|move|p1a: Gothitelle|Dark Pulse|p2a: Jitterbug\n|-resisted|p2a: Jitterbug\n|-damage|p2a: Jitterbug|0 fnt\n|faint|p2a: Jitterbug\n|\n|upkeep\n|\n|t:|1700676958\n|switch|p2a: Vengeance|Yveltal, shiny|100\/100\n|-damage|p2a: Vengeance|76\/100|[from] Stealth Rock\n|-ability|p2a: Vengeance|Dark Aura\n|turn|49\n|\n|t:|1700676973\n|-terastallize|p2a: Vengeance|Dark\n|move|p1a: Gothitelle|Dark Pulse|p2a: Vengeance\n|-resisted|p2a: Vengeance\n|-damage|p2a: Vengeance|0 fnt\n|faint|p2a: Vengeance\n|\n|upkeep\n|\n|t:|1700676980\n|switch|p2a: Landlord|Groudon|100\/100\n|-damage|p2a: Landlord|94\/100|[from] Stealth Rock\n|detailschange|p2a: Landlord|Groudon-Primal\n|-primal|p2a: Landlord|Red Orb\n|-weather|DesolateLand|[from] ability: Desolate Land|[of] p2a: Landlord\n|turn|50\n|\n|t:|1700676988\n|move|p1a: Gothitelle|Dark Pulse|p2a: Landlord\n|-crit|p2a: Landlord\n|-damage|p2a: Landlord|0 fnt\n|faint|p2a: Landlord\n|-weather|none\n|\n|upkeep\n|\n|t:|1700676992\n|switch|p2a: Alpha|Kyogre, shiny|100\/100\n|-damage|p2a: Alpha|88\/100|[from] Stealth Rock\n|detailschange|p2a: Alpha|Kyogre-Primal, shiny\n|-primal|p2a: Alpha|Blue Orb\n|-weather|PrimordialSea|[from] ability: Primordial Sea|[of] p2a: Alpha\n|turn|51\n|\n|t:|1700677001\n|move|p1a: Gothitelle|Dark Pulse|p2a: Alpha\n|-damage|p2a: Alpha|14\/100\n|cant|p2a: Alpha|flinch\n|\n|-weather|PrimordialSea|[upkeep]\n|upkeep\n|turn|52\n|\n|t:|1700677008\n|move|p1a: Gothitelle|Dark Pulse|p2a: Alpha\n|-damage|p2a: Alpha|0 fnt\n|faint|p2a: Alpha\n|-weather|none\n|\n|upkeep\n|\n|t:|1700677011\n|switch|p2a: Sparkle-Wings|Necrozma-Dusk-Mane|100\/100\n|-damage|p2a: Sparkle-Wings|95\/100|[from] Stealth Rock\n|turn|53\n|\n|t:|1700677018\n|detailschange|p2a: Sparkle-Wings|Necrozma-Ultra\n|-burst|p2a: Sparkle-Wings|Necrozma|Ultranecrozium Z\n|move|p1a: Gothitelle|Dark Pulse|p2a: Sparkle-Wings\n|-supereffective|p2a: Sparkle-Wings\n|-damage|p2a: Sparkle-Wings|0 fnt\n|faint|p2a: Sparkle-Wings\n|\n|win|JustMonika_CARR\n|raw|JustMonika_CARR's rating: 1358 &rarr; <strong>1377<\/strong><br \/>(+19 for winning)\n|raw|ouchyouchyouch's rating: 1332 &rarr; <strong>1313<\/strong><br \/>(-19 for losing)\n|l|\u2606ouchyouchyouch\n","uploadtime":1700677027,"views":1,"p1id":"justmonikacarr","p2id":"ouchyouchyouch","formatid":"gen9nationaldexubers","rating":1313,"private":0,"password":""}