{"id":"gen9nationaldexubers-1983628852","p1":"goobiathan","p2":"mostgoodX","format":"[Gen 9] National Dex Ubers","log":"|j|\u2606goobiathan\n|j|\u2606mostgoodX\n|t:|1699151328\n|gametype|singles\n|player|p1|goobiathan|n|\n|player|p2|mostgoodX|mars|\n|teamsize|p1|6\n|teamsize|p2|6\n|gen|9\n|tier|[Gen 9] National Dex Ubers\n|rule|HP Percentage Mod: HP is shown in percentages\n|rule|Endless Battle Clause: Forcing endless battles is banned\n|rule|OHKO Clause: OHKO moves are banned\n|rule|Evasion Moves Clause: Evasion moves are banned\n|rule|Evasion Items Clause: Evasion items are banned\n|rule|Species Clause: Limit one of each Pok\u00e9mon\n|rule|Sleep Clause Mod: Limit one foe put to sleep\n|rule|Mega Rayquaza Clause: You cannot mega evolve Rayquaza\n|clearpoke\n|poke|p1|Urshifu-*, F|\n|poke|p1|Silvally-*|\n|poke|p1|Ninetales, M|\n|poke|p1|Moltres-Galar|\n|poke|p1|Charizard, F|\n|poke|p1|Brute Bonnet|\n|poke|p2|Darkrai|\n|poke|p2|Crocalor, F|\n|poke|p2|Fezandipiti, M|\n|poke|p2|Starmie|\n|poke|p2|Scyther, F|\n|poke|p2|Ditto|\n|teampreview\n|\n|t:|1699151357\n|start\n|switch|p1a: Silvally|Silvally-Fire, shiny|100\/100\n|switch|p2a: Crocalor|Crocalor, F|100\/100\n|turn|1\n|c|\u2606mostgoodX|this is awkward\n|j| The23rdPower\n|\n|t:|1699151371\n|move|p1a: Silvally|Thunder Wave|p2a: Crocalor\n|-status|p2a: Crocalor|par\n|move|p2a: Crocalor|Yawn|p1a: Silvally\n|-start|p1a: Silvally|move: Yawn|[of] p2a: Crocalor\n|\n|upkeep\n|turn|2\n|c|\u2606goobiathan|LOL\n|j| SuperOinge22\n|c|\u2606mostgoodX|nice trade\n|\n|t:|1699151386\n|switch|p2a: Fezandipiti|Fezandipiti, M|100\/100\n|move|p1a: Silvally|Parting Shot|p2a: Fezandipiti\n|-unboost|p2a: Fezandipiti|atk|1\n|-unboost|p2a: Fezandipiti|spa|1\n|c| SuperOinge22|lol\n|\n|t:|1699151391\n|switch|p1a: Urshifu|Urshifu-Rapid-Strike, F|100\/100|[from] Parting Shot\n|\n|upkeep\n|turn|3\n|\n|t:|1699151403\n|move|p1a: Urshifu|Bulk Up|p1a: Urshifu\n|-boost|p1a: Urshifu|atk|1\n|-boost|p1a: Urshifu|def|1\n|move|p2a: Fezandipiti|Play Rough|p1a: Urshifu\n|-supereffective|p1a: Urshifu\n|-damage|p1a: Urshifu|63\/100\n|\n|upkeep\n|turn|4\n|c| The23rdPower|Maan\n|c| SuperOinge22|oh dear\n|\n|t:|1699151411\n|move|p1a: Urshifu|Bulk Up|p1a: Urshifu\n|-boost|p1a: Urshifu|atk|1\n|-boost|p1a: Urshifu|def|1\n|move|p2a: Fezandipiti|Play Rough|p1a: Urshifu\n|-supereffective|p1a: Urshifu\n|-damage|p1a: Urshifu|34\/100\n|-status|p1a: Urshifu|tox|[from] ability: Toxic Chain|[of] p2a: Fezandipiti\n|\n|-damage|p1a: Urshifu|28\/100 tox|[from] psn\n|upkeep\n|turn|5\n|c| SuperOinge22|nice\n|c|\u2606goobiathan|NOOOOOOOOOOO\n|\n|t:|1699151424\n|switch|p2a: Scyther|Scyther, F|100\/100\n|move|p1a: Urshifu|Surging Strikes|p2a: Scyther\n|-crit|p2a: Scyther\n|-damage|p2a: Scyther|66\/100\n|-crit|p2a: Scyther\n|-damage|p2a: Scyther|28\/100\n|-crit|p2a: Scyther\n|-damage|p2a: Scyther|0 fnt\n|faint|p2a: Scyther\n|-hitcount|p2: Scyther|3\n|\n|-damage|p1a: Urshifu|16\/100 tox|[from] psn\n|upkeep\n|\n|t:|1699151427\n|switch|p2a: Ditto|Ditto|100\/100\n|-transform|p2a: Ditto|p1a: Urshifu|[from] ability: Imposter\n|turn|6\n|c|\u2606mostgoodX|(:\n|c| SuperOinge22|now most\n|c| SuperOinge22|YESSSSSSSSSs\n|c|\u2606goobiathan|God damn it.\n|\n|t:|1699151445\n|move|p2a: Ditto|Surging Strikes|p1a: Urshifu\n|-resisted|p1a: Urshifu\n|-crit|p1a: Urshifu\n|-damage|p1a: Urshifu|0 fnt\n|faint|p1a: Urshifu\n|-hitcount|p1: Urshifu|1\n|\n|upkeep\n|c| The23rdPower|LMAO\n|\n|t:|1699151453\n|switch|p1a: Ninetales|Ninetales, M, shiny|100\/100\n|-weather|SunnyDay|[from] ability: Drought|[of] p1a: Ninetales\n|turn|7\n|c|\u2606mostgoodX|its your turn to get surging striked\n|c|\u2606goobiathan|watch this shit\n|c| SuperOinge22|bros entire team dies to his own pokemon\n|\n|t:|1699151461\n|move|p2a: Ditto|Surging Strikes|p1a: Ninetales\n|-supereffective|p1a: Ninetales\n|-crit|p1a: Ninetales\n|-damage|p1a: Ninetales|43\/100\n|-supereffective|p1a: Ninetales\n|-crit|p1a: Ninetales\n|-damage|p1a: Ninetales|0 fnt\n|faint|p1a: Ninetales\n|-hitcount|p1: Ninetales|2\n|\n|-weather|SunnyDay|[upkeep]\n|upkeep\n|c| SuperOinge22|LOL\n|\n|t:|1699151470\n|switch|p1a: Brute Bonnet|Brute Bonnet|100\/100\n|-activate|p1a: Brute Bonnet|ability: Protosynthesis\n|-start|p1a: Brute Bonnet|protosynthesisatk\n|turn|8\n|c|\u2606goobiathan|My entire team?\n|c|\u2606mostgoodX|oh damn\n|\n|t:|1699151483\n|switch|p2a: Crocalor|Crocalor, F|100\/100 par\n|move|p1a: Brute Bonnet|Trailblaze|p2a: Crocalor\n|-resisted|p2a: Crocalor\n|-crit|p2a: Crocalor\n|-damage|p2a: Crocalor|83\/100 par\n|-boost|p1a: Brute Bonnet|spe|1\n|\n|-weather|SunnyDay|[upkeep]\n|upkeep\n|turn|9\n|c| SuperOinge22|well except this one guy i guess\n|\n|t:|1699151493\n|move|p1a: Brute Bonnet|Sucker Punch||[still]\n|-fail|p1a: Brute Bonnet\n|move|p2a: Crocalor|Will-O-Wisp|p1a: Brute Bonnet\n|-status|p1a: Brute Bonnet|brn\n|\n|-weather|SunnyDay|[upkeep]\n|-damage|p1a: Brute Bonnet|94\/100 brn|[from] brn\n|upkeep\n|turn|10\n|c|\u2606goobiathan|Man.\n|c| SuperOinge22|crocalor cooks\n|c|\u2606mostgoodX|im cooking\n|\n|t:|1699151508\n|switch|p2a: Ditto|Ditto|100\/100\n|-transform|p2a: Ditto|p1a: Brute Bonnet|[from] ability: Imposter\n|move|p1a: Brute Bonnet|Sucker Punch||[still]\n|-fail|p1a: Brute Bonnet\n|\n|-weather|SunnyDay|[upkeep]\n|-damage|p1a: Brute Bonnet|88\/100 brn|[from] brn\n|upkeep\n|turn|11\n|\n|t:|1699151518\n|move|p2a: Ditto|Close Combat|p1a: Brute Bonnet\n|-supereffective|p1a: Brute Bonnet\n|-damage|p1a: Brute Bonnet|6\/100 brn\n|-unboost|p2a: Ditto|def|1\n|-unboost|p2a: Ditto|spd|1\n|-enditem|p1a: Brute Bonnet|Salac Berry|[eat]\n|-boost|p1a: Brute Bonnet|spe|1|[from] item: Salac Berry\n|move|p1a: Brute Bonnet|Spore|p2a: Ditto\n|-immune|p2a: Ditto\n|\n|-weather|SunnyDay|[upkeep]\n|-damage|p1a: Brute Bonnet|0 fnt|[from] brn\n|faint|p1a: Brute Bonnet\n|-end|p1a: Brute Bonnet|Protosynthesis|[silent]\n|upkeep\n|c| SuperOinge22|wait why doesnt proto prock\n|c| SuperOinge22|proc\n|c|\u2606goobiathan|wait\n|c|\u2606goobiathan|i forgot\n|c|\u2606mostgoodX|oh what\n|c|\u2606goobiathan|shit\n|c|\u2606mostgoodX|that's weird\n|\n|t:|1699151536\n|switch|p1a: Moltres|Moltres-Galar|100\/100\n|turn|12\n|c| SuperOinge22|i hate smogon man\n|\n|t:|1699151544\n|-end|p2a: Ditto|Protosynthesis|[silent]\n|switch|p2a: Fezandipiti|Fezandipiti, M|100\/100\n|move|p1a: Moltres|Agility|p1a: Moltres\n|-boost|p1a: Moltres|spe|2\n|\n|-weather|SunnyDay|[upkeep]\n|upkeep\n|turn|13\n|\n|t:|1699151553\n|move|p1a: Moltres|Air Slash|p2a: Fezandipiti\n|-damage|p2a: Fezandipiti|73\/100\n|cant|p2a: Fezandipiti|flinch\n|\n|-weather|SunnyDay|[upkeep]\n|upkeep\n|turn|14\n|\n|t:|1699151560\n|move|p1a: Moltres|Nasty Plot|p1a: Moltres\n|-boost|p1a: Moltres|spa|2\n|move|p2a: Fezandipiti|Tailwind|p2a: Fezandipiti\n|-sidestart|p2: mostgoodX|move: Tailwind\n|\n|-weather|none\n|upkeep\n|turn|15\n|c|\u2606mostgoodX|oh hell no\n|\n|t:|1699151567\n|-zpower|p2a: Fezandipiti\n|move|p2a: Fezandipiti|Acid Downpour|p1a: Moltres|[zeffect]\n|-damage|p1a: Moltres|32\/100\n|-ability|p1a: Moltres|Berserk|boost\n|-boost|p1a: Moltres|spa|1\n|move|p1a: Moltres|Agility|p1a: Moltres\n|-boost|p1a: Moltres|spe|2\n|\n|upkeep\n|turn|16\n|c| The23rdPower|Wtf is up with this Moltres?\n|c| SuperOinge22|tailwind in singles? he cooked\n|c|\u2606goobiathan|w\n|c|\u2606goobiathan|w\n|c|\u2606goobiathan|w\n|c|\u2606goobiathan|w\n|c| The23rdPower|Who faster?\n|c| SuperOinge22|goob lol\n|c|\u2606goobiathan|me lmao wtf\n|c| The23rdPower|Ok\n|c|\u2606mostgoodX|nah it's me\n|c|\u2606mostgoodX|100% me\n|\n|t:|1699151600\n|move|p1a: Moltres|Air Slash|p2a: Fezandipiti\n|-damage|p2a: Fezandipiti|5\/100\n|cant|p2a: Fezandipiti|flinch\n|\n|upkeep\n|turn|17\n|c| The23rdPower|Hey man\n|c|\u2606mostgoodX|im killing him right now\n|c|\u2606mostgoodX|ARE YOU\n|c| SuperOinge22|LOL\n|\n|t:|1699151606\n|move|p1a: Moltres|Air Slash|p2a: Fezandipiti\n|-damage|p2a: Fezandipiti|0 fnt\n|faint|p2a: Fezandipiti\n|\n|-sideend|p2: mostgoodX|move: Tailwind\n|upkeep\n|c|\u2606goobiathan|hax god\n|c|\u2606mostgoodX|oh\n|c|\u2606mostgoodX|right\n|\n|t:|1699151613\n|switch|p2a: Ditto|Ditto|100\/100\n|-transform|p2a: Ditto|p1a: Moltres|[from] ability: Imposter\n|turn|18\n|c| The23rdPower|I literally don't know wtf a Fezandipiti is\n|c|\u2606goobiathan|FUCK\n|c|\u2606goobiathan|STOP\n|c| SuperOinge22|ditto really is the anti goob\n|\n|t:|1699151625\n|move|p2a: Ditto|Air Slash|p1a: Moltres\n|-damage|p1a: Moltres|0 fnt\n|faint|p1a: Moltres\n|\n|upkeep\n|c| The23rdPower|LMAO WAIT\n|c|\u2606goobiathan|literally\n|c| The23rdPower|Ditto wins from here\n|c|\u2606goobiathan|gg man lmfao\n|\n|t:|1699151634\n|switch|p1a: Silvally|Silvally-Fire, shiny|100\/100\n|turn|19\n|c|\u2606mostgoodX|gg\n|\n|t:|1699151638\n|move|p2a: Ditto|Air Slash|p1a: Silvally\n|-damage|p1a: Silvally|24\/100\n|cant|p1a: Silvally|flinch\n|\n|upkeep\n|turn|20\n|c| SuperOinge22|LMAOOOOOOOOO\n|c|\u2606mostgoodX|((((((:\n|\n|t:|1699151646\n|move|p2a: Ditto|Air Slash|p1a: Silvally\n|-damage|p1a: Silvally|0 fnt\n|faint|p1a: Silvally\n|\n|upkeep\n|\n|t:|1699151648\n|switch|p1a: Charizard|Charizard, F|100\/100\n|turn|21\n|\n|t:|1699151654\n|detailschange|p1a: Charizard|Charizard-Mega-X, F\n|-mega|p1a: Charizard|Charizard|Charizardite X\n|move|p2a: Ditto|Air Slash|p1a: Charizard\n|-damage|p1a: Charizard|0 fnt\n|faint|p1a: Charizard\n|\n|win|mostgoodX\n|l|\u2606goobiathan\n|l| SuperOinge22\n|j| danbultheman\n|l| danbultheman\n","uploadtime":1699151684,"views":16,"p1id":"goobiathan","p2id":"mostgoodx","formatid":"gen9nationaldexubers","rating":0,"private":0,"password":""}