{"id":"gen9nationaldexubers-1980346632","p1":"ThyRandomGuy","p2":"Rip_Ryuga","format":"[Gen 9] National Dex Ubers","log":"|j|\u2606ThyRandomGuy\n|j|\u2606Rip_Ryuga\n|t:|1698777157\n|gametype|singles\n|player|p1|ThyRandomGuy|unknownf|\n|player|p2|Rip_Ryuga|riley|\n|teamsize|p1|6\n|teamsize|p2|6\n|gen|9\n|tier|[Gen 9] National Dex Ubers\n|rule|HP Percentage Mod: HP is shown in percentages\n|rule|Endless Battle Clause: Forcing endless battles is banned\n|rule|OHKO Clause: OHKO moves are banned\n|rule|Evasion Moves Clause: Evasion moves are banned\n|rule|Evasion Items Clause: Evasion items are banned\n|rule|Species Clause: Limit one of each Pok\u00e9mon\n|rule|Sleep Clause Mod: Limit one foe put to sleep\n|rule|Mega Rayquaza Clause: You cannot mega evolve Rayquaza\n|clearpoke\n|poke|p1|Lopunny, F|\n|poke|p1|Rotom-Wash|\n|poke|p1|Aegislash, M|\n|poke|p1|Landorus-Therian, M|\n|poke|p1|Corviknight, M|\n|poke|p1|Polteageist-Antique|\n|poke|p2|Salamence, F|\n|poke|p2|Clefable, F|\n|poke|p2|Rotom-Wash|\n|poke|p2|Landorus-Therian, M|\n|poke|p2|Gholdengo|\n|poke|p2|Heatran, F|\n|teampreview\n|inactive|Battle timer is ON: inactive players will automatically lose when time's up. (requested by ThyRandomGuy)\n|c|\u2606Rip_Ryuga|snm\n|c|\u2606Rip_Ryuga|dis ur main?\n|c|\u2606Rip_Ryuga|betttt\n|c|\u2606Rip_Ryuga|no tera\n|inactive|ThyRandomGuy has 270 seconds left.\n|inactive|Rip_Ryuga has 270 seconds left.\n|\n|t:|1698777190\n|start\n|switch|p1a: Landorus|Landorus-Therian, M|100\/100\n|switch|p2a: Landorus|Landorus-Therian, M|100\/100\n|-ability|p2a: Landorus|Intimidate|boost\n|-unboost|p1a: Landorus|atk|1\n|-ability|p1a: Landorus|Intimidate|boost\n|-unboost|p2a: Landorus|atk|1\n|turn|1\n|c|\u2606ThyRandomGuy|Aight\n|\n|t:|1698777205\n|move|p2a: Landorus|Knock Off|p1a: Landorus\n|-damage|p1a: Landorus|87\/100\n|-damage|p2a: Landorus|84\/100|[from] item: Rocky Helmet|[of] p1a: Landorus\n|-enditem|p1a: Landorus|Rocky Helmet|[from] move: Knock Off|[of] p2a: Landorus\n|move|p1a: Landorus|Knock Off|p2a: Landorus\n|-damage|p2a: Landorus|68\/100\n|-damage|p1a: Landorus|71\/100|[from] item: Rocky Helmet|[of] p2a: Landorus\n|-enditem|p2a: Landorus|Rocky Helmet|[from] move: Knock Off|[of] p1a: Landorus\n|\n|upkeep\n|turn|2\n|\n|t:|1698777217\n|move|p2a: Landorus|U-turn|p1a: Landorus\n|-resisted|p1a: Landorus\n|-damage|p1a: Landorus|66\/100\n|\n|t:|1698777220\n|switch|p2a: Rotom|Rotom-Wash|100\/100|[from] U-turn\n|move|p1a: Landorus|Stealth Rock|p2a: Rotom\n|-sidestart|p2: Rip_Ryuga|move: Stealth Rock\n|\n|upkeep\n|turn|3\n|\n|t:|1698777230\n|move|p1a: Landorus|U-turn|p2a: Rotom\n|-crit|p2a: Rotom\n|-damage|p2a: Rotom|75\/100\n|\n|t:|1698777235\n|switch|p1a: Rotom|Rotom-Wash|100\/100|[from] U-turn\n|move|p2a: Rotom|Defog|p1a: Rotom\n|-unboost|p1a: Rotom|evasion|1\n|-sideend|p2: Rip_Ryuga|Stealth Rock|[from] move: Defog|[of] p2a: Rotom\n|\n|-heal|p2a: Rotom|81\/100|[from] item: Leftovers\n|upkeep\n|turn|4\n|\n|t:|1698777245\n|switch|p2a: Clefable|Clefable, F|100\/100\n|move|p1a: Rotom|Volt Switch|p2a: Clefable\n|-damage|p2a: Clefable|75\/100\n|\n|t:|1698777250\n|switch|p1a: Aegislash|Aegislash, M|100\/100|[from] Volt Switch\n|\n|-heal|p2a: Clefable|81\/100|[from] item: Leftovers\n|upkeep\n|turn|5\n|\n|t:|1698777258\n|switch|p2a: Rotom|Rotom-Wash|81\/100\n|move|p1a: Aegislash|Swords Dance|p1a: Aegislash\n|-boost|p1a: Aegislash|atk|2\n|\n|-heal|p2a: Rotom|87\/100|[from] item: Leftovers\n|upkeep\n|turn|6\n|\n|t:|1698777283\n|switch|p1a: Landorus|Landorus-Therian, M|66\/100\n|-ability|p1a: Landorus|Intimidate|boost\n|-unboost|p2a: Rotom|atk|1\n|move|p2a: Rotom|Will-O-Wisp|p1a: Landorus\n|-status|p1a: Landorus|brn\n|\n|-heal|p2a: Rotom|93\/100|[from] item: Leftovers\n|-damage|p1a: Landorus|60\/100 brn|[from] brn\n|upkeep\n|turn|7\n|\n|t:|1698777300\n|move|p1a: Landorus|Knock Off|p2a: Rotom\n|-damage|p2a: Rotom|82\/100\n|-enditem|p2a: Rotom|Leftovers|[from] move: Knock Off|[of] p1a: Landorus\n|move|p2a: Rotom|Hydro Pump|p1a: Landorus\n|-supereffective|p1a: Landorus\n|-damage|p1a: Landorus|0 fnt\n|faint|p1a: Landorus\n|\n|upkeep\n|c|\u2606Rip_Ryuga|LOL\n|inactive|ThyRandomGuy has 270 seconds left.\n|c|\u2606Rip_Ryuga|what kind of play was that\n|c|\u2606ThyRandomGuy|Its done its job anyways\n|\n|t:|1698777325\n|switch|p1a: Polteageist|Polteageist-Antique|100\/100\n|turn|8\n|c|\u2606Rip_Ryuga|no stealth rocks \"done its job\"\n|\n|t:|1698777334\n|move|p1a: Polteageist|Shell Smash|p1a: Polteageist\n|-unboost|p1a: Polteageist|def|1\n|-unboost|p1a: Polteageist|spd|1\n|-boost|p1a: Polteageist|atk|2\n|-boost|p1a: Polteageist|spa|2\n|-boost|p1a: Polteageist|spe|2\n|move|p2a: Rotom|Volt Switch|p1a: Polteageist\n|-damage|p1a: Polteageist|55\/100\n|\n|t:|1698777342\n|switch|p2a: Clefable|Clefable, F|81\/100|[from] Volt Switch\n|\n|-heal|p2a: Clefable|87\/100|[from] item: Leftovers\n|upkeep\n|turn|9\n|c|\u2606ThyRandomGuy|U got a prob with that?\n|inactive|ThyRandomGuy has 270 seconds left.\n|\n|t:|1698777360\n|move|p2a: Clefable|Protect|p2a: Clefable\n|-singleturn|p2a: Clefable|Protect\n|move|p1a: Polteageist|Stored Power|p2a: Clefable\n|-activate|p2a: Clefable|move: Protect\n|\n|-heal|p2a: Clefable|93\/100|[from] item: Leftovers\n|upkeep\n|turn|10\n|c|\u2606Rip_Ryuga|i dont lol its benefical for me but is it beneficial for u\n|inactive|ThyRandomGuy has 270 seconds left.\n|\n|t:|1698777370\n|move|p1a: Polteageist|Stored Power|p2a: Clefable\n|-damage|p2a: Clefable|38\/100\n|move|p2a: Clefable|Moonblast|p1a: Polteageist\n|-damage|p1a: Polteageist|22\/100\n|\n|-heal|p2a: Clefable|44\/100|[from] item: Leftovers\n|upkeep\n|turn|11\n|\n|t:|1698777377\n|move|p2a: Clefable|Protect|p2a: Clefable\n|-singleturn|p2a: Clefable|Protect\n|move|p1a: Polteageist|Giga Drain|p2a: Clefable\n|-activate|p2a: Clefable|move: Protect\n|\n|-heal|p2a: Clefable|50\/100|[from] item: Leftovers\n|upkeep\n|turn|12\n|\n|t:|1698777387\n|switch|p2a: Heatran|Heatran, F|100\/100\n|move|p1a: Polteageist|Stored Power|p2a: Heatran\n|-resisted|p2a: Heatran\n|-damage|p2a: Heatran|65\/100\n|\n|-heal|p2a: Heatran|71\/100|[from] item: Leftovers\n|upkeep\n|turn|13\n|c|\u2606Rip_Ryuga|dont miss\n|\n|t:|1698777406\n|switch|p1a: Rotom|Rotom-Wash|100\/100\n|move|p2a: Heatran|Magma Storm|p1a: Rotom|[miss]\n|-miss|p2a: Heatran|p1a: Rotom\n|\n|-heal|p2a: Heatran|77\/100|[from] item: Leftovers\n|upkeep\n|turn|14\n|c|\u2606Rip_Ryuga|ofc\n|\n|t:|1698777416\n|move|p2a: Heatran|Protect|p2a: Heatran\n|-singleturn|p2a: Heatran|Protect\n|move|p1a: Rotom|Hydro Pump|p2a: Heatran\n|-activate|p2a: Heatran|move: Protect\n|\n|-heal|p2a: Heatran|84\/100|[from] item: Leftovers\n|upkeep\n|turn|15\n|c|\u2606ThyRandomGuy|Do u have protect on everything-\n|inactive|ThyRandomGuy has 270 seconds left.\n|\n|t:|1698777433\n|switch|p2a: Rotom|Rotom-Wash|82\/100\n|move|p1a: Rotom|Volt Switch|p2a: Rotom\n|-damage|p2a: Rotom|57\/100\n|inactive|ThyRandomGuy has 270 seconds left.\n|\n|t:|1698777442\n|switch|p1a: Lopunny|Lopunny, F|100\/100|[from] Volt Switch\n|\n|upkeep\n|turn|16\n|c|\u2606Rip_Ryuga|dont worry\n|inactive|ThyRandomGuy has 270 seconds left.\n|\n|t:|1698777454\n|switch|p2a: Landorus|Landorus-Therian, M|68\/100\n|-ability|p2a: Landorus|Intimidate|boost\n|-unboost|p1a: Lopunny|atk|1\n|detailschange|p1a: Lopunny|Lopunny-Mega, F\n|-mega|p1a: Lopunny|Lopunny|Lopunnite\n|move|p1a: Lopunny|High Jump Kick|p2a: Landorus\n|-resisted|p2a: Landorus\n|-damage|p2a: Landorus|51\/100\n|\n|upkeep\n|turn|17\n|c|\u2606Rip_Ryuga|ready to lose tho?\n|inactive|ThyRandomGuy has 270 seconds left.\n|c|\u2606Rip_Ryuga|theres no way indo lost to u\n|c|\u2606Rip_Ryuga|i mean\n|c|\u2606Rip_Ryuga|steal\n|c|\u2606Rip_Ryuga|anyway\n|c|\u2606Rip_Ryuga|enough talk\n|c|\u2606ThyRandomGuy|Oh na he won cuz i missed a icicle crash,steal lost to a different mon\n|inactive|ThyRandomGuy has 240 seconds left.\n|c|\u2606ThyRandomGuy|Told u i would change\n|\n|t:|1698777505\n|switch|p2a: Rotom|Rotom-Wash|57\/100\n|move|p1a: Lopunny|U-turn|p2a: Rotom\n|-damage|p2a: Rotom|44\/100\n|c|\u2606Rip_Ryuga|alr lil bro\n|\n|t:|1698777513\n|switch|p1a: Polteageist|Polteageist-Antique|22\/100|[from] U-turn\n|\n|upkeep\n|turn|18\n|\n|t:|1698777521\n|switch|p2a: Heatran|Heatran, F|84\/100\n|move|p1a: Polteageist|Giga Drain|p2a: Heatran\n|-resisted|p2a: Heatran\n|-damage|p2a: Heatran|79\/100\n|-heal|p1a: Polteageist|25\/100|[from] drain|[of] p2a: Heatran\n|\n|-heal|p2a: Heatran|85\/100|[from] item: Leftovers\n|upkeep\n|turn|19\n|inactive|ThyRandomGuy has 240 seconds left.\n|c|\u2606ThyRandomGuy|eeeeeeeeehhhhhhhhhh\n|c|\u2606ThyRandomGuy|Hm\n|c|\u2606Rip_Ryuga|u have no switch ins\n|c|\u2606Rip_Ryuga|its gg icl\n|inactive|ThyRandomGuy has 210 seconds left.\n|c|\u2606Rip_Ryuga|potential 6-0?\n|\n|t:|1698777558\n|move|p1a: Polteageist|Shadow Ball|p2a: Heatran\n|-damage|p2a: Heatran|57\/100\n|move|p2a: Heatran|Magma Storm|p1a: Polteageist|[miss]\n|-miss|p2a: Heatran|p1a: Polteageist\n|\n|-heal|p2a: Heatran|63\/100|[from] item: Leftovers\n|upkeep\n|turn|20\n|c|\u2606Rip_Ryuga|LOL\n|c|\u2606Rip_Ryuga|RNG\n|\n|t:|1698777568\n|move|p1a: Polteageist|Shadow Ball|p2a: Heatran\n|-damage|p2a: Heatran|30\/100\n|-unboost|p2a: Heatran|spd|1\n|move|p2a: Heatran|Magma Storm|p1a: Polteageist\n|-damage|p1a: Polteageist|0 fnt\n|faint|p1a: Polteageist\n|\n|-heal|p2a: Heatran|37\/100|[from] item: Leftovers\n|upkeep\n|inactive|ThyRandomGuy has 210 seconds left.\n|c|\u2606ThyRandomGuy|Pokemon is rng,u know that\n|c|\u2606Rip_Ryuga|makes no sense\n|c|\u2606Rip_Ryuga|just play\n|\n|t:|1698777597\n|switch|p1a: Lopunny|Lopunny-Mega, F|100\/100\n|turn|21\n|\n|t:|1698777604\n|move|p1a: Lopunny|Fake Out|p2a: Heatran\n|-resisted|p2a: Heatran\n|-damage|p2a: Heatran|27\/100\n|cant|p2a: Heatran|flinch\n|\n|-heal|p2a: Heatran|33\/100|[from] item: Leftovers\n|upkeep\n|turn|22\n|inactive|ThyRandomGuy has 210 seconds left.\n|\n|t:|1698777613\n|move|p2a: Heatran|Protect|p2a: Heatran\n|-singleturn|p2a: Heatran|Protect\n|move|p1a: Lopunny|U-turn|p2a: Heatran\n|-activate|p2a: Heatran|move: Protect\n|\n|-heal|p2a: Heatran|39\/100|[from] item: Leftovers\n|upkeep\n|turn|23\n|\n|t:|1698777642\n|switch|p2a: Rotom|Rotom-Wash|44\/100\n|move|p1a: Lopunny|High Jump Kick|p2a: Rotom\n|-damage|p2a: Rotom|0 fnt\n|faint|p2a: Rotom\n|\n|upkeep\n|\n|t:|1698777651\n|switch|p2a: Gholdengo|Gholdengo|100\/100\n|turn|24\n|\n|t:|1698777660\n|switch|p1a: Rotom|Rotom-Wash|100\/100\n|move|p2a: Gholdengo|Make It Rain|p1a: Rotom\n|-resisted|p1a: Rotom\n|-damage|p1a: Rotom|83\/100\n|-unboost|p2a: Gholdengo|spa|1\n|\n|-heal|p1a: Rotom|90\/100|[from] item: Leftovers\n|upkeep\n|turn|25\n|\n|t:|1698777674\n|switch|p2a: Salamence|Salamence, F|100\/100\n|-ability|p2a: Salamence|Intimidate|boost\n|-unboost|p1a: Rotom|atk|1\n|move|p1a: Rotom|Volt Switch|p2a: Salamence\n|-damage|p2a: Salamence|75\/100\n|\n|t:|1698777684\n|switch|p1a: Lopunny|Lopunny-Mega, F|100\/100|[from] Volt Switch\n|\n|upkeep\n|turn|26\n|\n|t:|1698777695\n|switch|p2a: Heatran|Heatran, F|39\/100\n|move|p1a: Lopunny|Triple Axel|p2a: Heatran\n|-resisted|p2a: Heatran\n|-damage|p2a: Heatran|38\/100\n|-resisted|p2a: Heatran\n|-damage|p2a: Heatran|35\/100\n|-resisted|p2a: Heatran\n|-damage|p2a: Heatran|30\/100\n|-hitcount|p2a: Heatran|3\n|\n|-heal|p2a: Heatran|36\/100|[from] item: Leftovers\n|upkeep\n|turn|27\n|\n|t:|1698777707\n|move|p1a: Lopunny|U-turn|p2a: Heatran\n|-resisted|p2a: Heatran\n|-damage|p2a: Heatran|31\/100\n|\n|t:|1698777711\n|switch|p1a: Rotom|Rotom-Wash|90\/100|[from] U-turn\n|move|p2a: Heatran|Magma Storm|p1a: Rotom\n|-resisted|p1a: Rotom\n|-damage|p1a: Rotom|67\/100\n|-activate|p1a: Rotom|move: Magma Storm|[of] p2a: Heatran\n|\n|-heal|p1a: Rotom|73\/100|[from] item: Leftovers\n|-heal|p2a: Heatran|37\/100|[from] item: Leftovers\n|-damage|p1a: Rotom|60\/100|[from] move: Magma Storm|[partiallytrapped]\n|upkeep\n|turn|28\n|inactive|ThyRandomGuy has 240 seconds left.\n|\n|t:|1698777724\n|move|p2a: Heatran|Protect|p2a: Heatran\n|-singleturn|p2a: Heatran|Protect\n|move|p1a: Rotom|Hydro Pump|p2a: Heatran\n|-activate|p2a: Heatran|move: Protect\n|\n|-heal|p1a: Rotom|67\/100|[from] item: Leftovers\n|-heal|p2a: Heatran|44\/100|[from] item: Leftovers\n|-damage|p1a: Rotom|54\/100|[from] move: Magma Storm|[partiallytrapped]\n|upkeep\n|turn|29\n|\n|t:|1698777734\n|move|p1a: Rotom|Hydro Pump|p2a: Heatran\n|-supereffective|p2a: Heatran\n|-damage|p2a: Heatran|0 fnt\n|faint|p2a: Heatran\n|\n|-heal|p1a: Rotom|60\/100|[from] item: Leftovers\n|-end|p1a: Rotom|Magma Storm|[partiallytrapped]|[silent]\n|upkeep\n|\n|t:|1698777741\n|switch|p2a: Clefable|Clefable, F|50\/100\n|turn|30\n|\n|t:|1698777749\n|move|p1a: Rotom|Volt Switch|p2a: Clefable\n|-damage|p2a: Clefable|28\/100\n|\n|t:|1698777754\n|switch|p1a: Aegislash|Aegislash, M|100\/100|[from] Volt Switch\n|move|p2a: Clefable|Wish|p2a: Clefable\n|\n|-heal|p2a: Clefable|34\/100|[from] item: Leftovers\n|upkeep\n|turn|31\n|inactive|ThyRandomGuy has 270 seconds left.\n|\n|t:|1698777761\n|switch|p2a: Landorus|Landorus-Therian, M|51\/100\n|-ability|p2a: Landorus|Intimidate|boost\n|-unboost|p1a: Aegislash|atk|1\n|move|p1a: Aegislash|Swords Dance|p1a: Aegislash\n|-boost|p1a: Aegislash|atk|2\n|\n|-heal|p2a: Landorus|100\/100|[from] move: Wish|[wisher] Clefable\n|upkeep\n|turn|32\n|\n|t:|1698777772\n|move|p2a: Landorus|Earthquake|p1a: Aegislash\n|-supereffective|p1a: Aegislash\n|-damage|p1a: Aegislash|32\/100\n|-enditem|p1a: Aegislash|Weakness Policy\n|-boost|p1a: Aegislash|atk|2|[from] item: Weakness Policy\n|-boost|p1a: Aegislash|spa|2|[from] item: Weakness Policy\n|-formechange|p1a: Aegislash|Aegislash-Blade||[from] ability: Stance Change\n|move|p1a: Aegislash|Iron Head|p2a: Landorus\n|-damage|p2a: Landorus|14\/100\n|\n|upkeep\n|turn|33\n|\n|t:|1698777787\n|switch|p2a: Salamence|Salamence, F|75\/100\n|-ability|p2a: Salamence|Intimidate|boost\n|-unboost|p1a: Aegislash|atk|1\n|move|p1a: Aegislash|Shadow Sneak|p2a: Salamence\n|-damage|p2a: Salamence|25\/100\n|\n|upkeep\n|turn|34\n|\n|t:|1698777797\n|switch|p2a: Landorus|Landorus-Therian, M|14\/100\n|-ability|p2a: Landorus|Intimidate|boost\n|-unboost|p1a: Aegislash|atk|1\n|move|p1a: Aegislash|Shadow Sneak|p2a: Landorus\n|-damage|p2a: Landorus|0 fnt\n|faint|p2a: Landorus\n|\n|upkeep\n|\n|t:|1698777805\n|switch|p2a: Clefable|Clefable, F|34\/100\n|turn|35\n|\n|t:|1698777819\n|move|p2a: Clefable|Protect|p2a: Clefable\n|-singleturn|p2a: Clefable|Protect\n|move|p1a: Aegislash|Iron Head|p2a: Clefable\n|-activate|p2a: Clefable|move: Protect\n|\n|-heal|p2a: Clefable|40\/100|[from] item: Leftovers\n|upkeep\n|turn|36\n|\n|t:|1698777827\n|move|p1a: Aegislash|Swords Dance|p1a: Aegislash\n|-boost|p1a: Aegislash|atk|2\n|move|p2a: Clefable|Moonblast|p1a: Aegislash\n|-resisted|p1a: Aegislash\n|-damage|p1a: Aegislash|6\/100\n|\n|-heal|p2a: Clefable|46\/100|[from] item: Leftovers\n|upkeep\n|turn|37\n|\n|t:|1698777839\n|move|p2a: Clefable|Protect|p2a: Clefable\n|-singleturn|p2a: Clefable|Protect\n|move|p1a: Aegislash|Iron Head|p2a: Clefable\n|-activate|p2a: Clefable|move: Protect\n|\n|-heal|p2a: Clefable|53\/100|[from] item: Leftovers\n|upkeep\n|turn|38\n|c|\u2606ThyRandomGuy|Soo wheres that courage huh?\n|c|\u2606Rip_Ryuga|battle isnt over till its over\n|inactive|Rip_Ryuga has 270 seconds left.\n|\n|t:|1698777882\n|move|p1a: Aegislash|Iron Head|p2a: Clefable\n|-supereffective|p2a: Clefable\n|-damage|p2a: Clefable|0 fnt\n|faint|p2a: Clefable\n|\n|upkeep\n|\n|t:|1698777888\n|switch|p2a: Salamence|Salamence, F|25\/100\n|-ability|p2a: Salamence|Intimidate|boost\n|-unboost|p1a: Aegislash|atk|1\n|turn|39\n|c|\u2606Rip_Ryuga|if only this magma stroms had landed\n|c|\u2606Rip_Ryuga|the chip was so key\n|inactive|Rip_Ryuga has 240 seconds left.\n|\n|t:|1698777923\n|switch|p2a: Gholdengo|Gholdengo|100\/100\n|move|p1a: Aegislash|Shadow Sneak|p2a: Gholdengo\n|-supereffective|p2a: Gholdengo\n|-damage|p2a: Gholdengo|0 fnt\n|faint|p2a: Gholdengo\n|\n|upkeep\n|inactive|Rip_Ryuga has 240 seconds left.\n|\n|t:|1698777929\n|switch|p2a: Salamence|Salamence, F|25\/100\n|-ability|p2a: Salamence|Intimidate|boost\n|-unboost|p1a: Aegislash|atk|1\n|turn|40\n|c|\u2606ThyRandomGuy|Blah blah blah im tired of listening to u just lose already\n|\n|t:|1698777938\n|detailschange|p2a: Salamence|Salamence-Mega, F\n|-mega|p2a: Salamence|Salamence|Salamencite\n|move|p1a: Aegislash|Shadow Sneak|p2a: Salamence\n|-crit|p2a: Salamence\n|-damage|p2a: Salamence|0 fnt\n|faint|p2a: Salamence\n|\n|win|ThyRandomGuy\n|c|\u2606Rip_Ryuga|lucky\n|c|\u2606Rip_Ryuga|ur still mid tbj\n|c|\u2606Rip_Ryuga|tbh\n|c|\u2606ThyRandomGuy|Yeah yeah\n|c|\u2606Rip_Ryuga|if magma had landed gg to me\n|c|\u2606ThyRandomGuy|Keep it down over there\n|c|\u2606Rip_Ryuga|rematch?\n|c|\u2606Rip_Ryuga|or say no cos yk id win win\n|c|\u2606Rip_Ryuga|rng saved ur ass\n|c|\u2606ThyRandomGuy|Ill pass,i gtg soon\n","uploadtime":1698777994,"views":17,"p1id":"thyrandomguy","p2id":"ripryuga","formatid":"gen9nationaldexubers","rating":0,"private":0,"password":""}