{"id":"gen9nationaldexubers-1988182772","p1":"applesaucem13","p2":"Aloe Vera Plant","format":"[Gen 9] National Dex Ubers","log":"|j|\u2606applesaucem13\n|j|\u2606Aloe Vera Plant\n|t:|1699680909\n|gametype|singles\n|player|p1|applesaucem13|hugh|\n|player|p2|Aloe Vera Plant|2|\n|teamsize|p1|6\n|teamsize|p2|6\n|gen|9\n|tier|[Gen 9] National Dex Ubers\n|rule|HP Percentage Mod: HP is shown in percentages\n|rule|Endless Battle Clause: Forcing endless battles is banned\n|rule|OHKO Clause: OHKO moves are banned\n|rule|Evasion Moves Clause: Evasion moves are banned\n|rule|Evasion Items Clause: Evasion items are banned\n|rule|Species Clause: Limit one of each Pok\u00e9mon\n|rule|Sleep Clause Mod: Limit one foe put to sleep\n|rule|Mega Rayquaza Clause: You cannot mega evolve Rayquaza\n|clearpoke\n|poke|p1|Toxtricity, M|\n|poke|p1|Gliscor, M|\n|poke|p1|Forretress, M|\n|poke|p1|Palafin, F|\n|poke|p1|Bisharp, M|\n|poke|p1|Alakazam, F|\n|poke|p2|Corviknight, M|\n|poke|p2|Clodsire, M|\n|poke|p2|Iron Valiant|\n|poke|p2|Diancie|\n|poke|p2|Talonflame, M|\n|poke|p2|Ferrothorn, F|\n|teampreview\n|j| StanchYeti\n|l| StanchYeti\n|j| StanchYeti\n|l| StanchYeti\n|j| StanchYeti\n|\n|t:|1699680960\n|start\n|switch|p1a: Forretress|Forretress, M|100\/100\n|switch|p2a: Talonflame|Talonflame, M|100\/100\n|turn|1\n|\n|t:|1699680970\n|move|p2a: Talonflame|Flare Blitz|p1a: Forretress\n|-supereffective|p1a: Forretress\n|-ability|p1a: Forretress|Sturdy\n|-damage|p1a: Forretress|1\/100\n|-enditem|p1a: Forretress|Aguav Berry|[eat]\n|-heal|p1a: Forretress|34\/100|[from] item: Aguav Berry\n|-damage|p2a: Talonflame|61\/100|[from] Recoil\n|move|p1a: Forretress|Stealth Rock|p2a: Talonflame\n|-sidestart|p2: Aloe Vera Plant|move: Stealth Rock\n|\n|upkeep\n|turn|2\n|\n|t:|1699680981\n|move|p2a: Talonflame|Flare Blitz|p1a: Forretress\n|-supereffective|p1a: Forretress\n|-damage|p1a: Forretress|0 fnt\n|faint|p1a: Forretress\n|-damage|p2a: Talonflame|48\/100|[from] Recoil\n|\n|upkeep\n|\n|t:|1699680990\n|switch|p1a: Palafin|Palafin, F|100\/100\n|turn|3\n|\n|t:|1699680997\n|switch|p2a: Clodsire|Clodsire, M|100\/100\n|-damage|p2a: Clodsire|94\/100|[from] Stealth Rock\n|move|p1a: Palafin|Jet Punch|p2a: Clodsire\n|-heal|p2a: Clodsire|100\/100|[from] ability: Water Absorb|[of] p1a: Palafin\n|\n|upkeep\n|turn|4\n|\n|t:|1699681008\n|detailschange|p1a: Palafin|Palafin-Hero, F\n|switch|p1a: Alakazam|Alakazam, F|100\/100\n|switch|p2a: Talonflame|Talonflame, M|48\/100\n|\n|upkeep\n|turn|5\n|\n|t:|1699681029\n|switch|p1a: Toxtricity|Toxtricity, M|100\/100\n|move|p2a: Talonflame|U-turn|p1a: Toxtricity\n|-resisted|p1a: Toxtricity\n|-damage|p1a: Toxtricity|88\/100\n|\n|t:|1699681073\n|switch|p2a: Diancie|Diancie|100\/100|[from] U-turn\n|-damage|p2a: Diancie|88\/100|[from] Stealth Rock\n|\n|upkeep\n|turn|6\n|\n|t:|1699681098\n|detailschange|p2a: Diancie|Diancie-Mega\n|-mega|p2a: Diancie|Diancie|Diancite\n|-terastallize|p1a: Toxtricity|Electric\n|move|p2a: Diancie|Earth Power|p1a: Toxtricity\n|-supereffective|p1a: Toxtricity\n|-damage|p1a: Toxtricity|0 fnt\n|faint|p1a: Toxtricity\n|\n|upkeep\n|\n|t:|1699681107\n|switch|p1a: Gliscor|Gliscor, M|100\/100\n|turn|7\n|\n|t:|1699681122\n|switch|p2a: Ferrothorn|Ferrothorn, F, shiny|100\/100\n|-damage|p2a: Ferrothorn|94\/100|[from] Stealth Rock\n|move|p1a: Gliscor|Earthquake|p2a: Ferrothorn\n|-damage|p2a: Ferrothorn|69\/100\n|\n|-heal|p2a: Ferrothorn|75\/100|[from] item: Leftovers\n|-status|p1a: Gliscor|tox|[from] item: Toxic Orb\n|upkeep\n|turn|8\n|\n|t:|1699681149\n|move|p1a: Gliscor|Earthquake|p2a: Ferrothorn\n|-damage|p2a: Ferrothorn|49\/100\n|move|p2a: Ferrothorn|Leech Seed|p1a: Gliscor\n|-start|p1a: Gliscor|move: Leech Seed\n|\n|-heal|p2a: Ferrothorn|56\/100|[from] item: Leftovers\n|-damage|p1a: Gliscor|88\/100 tox|[from] Leech Seed|[of] p2a: Ferrothorn\n|-heal|p2a: Ferrothorn|68\/100|[silent]\n|-heal|p1a: Gliscor|100\/100 tox|[from] ability: Poison Heal\n|upkeep\n|turn|9\n|\n|t:|1699681160\n|switch|p1a: Palafin|Palafin-Hero, F|100\/100\n|-activate|p1a: Palafin|ability: Zero to Hero\n|move|p2a: Ferrothorn|Stealth Rock|p1a: Palafin\n|-sidestart|p1: applesaucem13|move: Stealth Rock\n|\n|-heal|p2a: Ferrothorn|74\/100|[from] item: Leftovers\n|upkeep\n|turn|10\n|\n|t:|1699681179\n|move|p1a: Palafin|Close Combat|p2a: Ferrothorn\n|-supereffective|p2a: Ferrothorn\n|-damage|p2a: Ferrothorn|16\/100\n|-unboost|p1a: Palafin|def|1\n|-unboost|p1a: Palafin|spd|1\n|-damage|p1a: Palafin|88\/100|[from] ability: Iron Barbs|[of] p2a: Ferrothorn\n|move|p2a: Ferrothorn|Power Whip|p1a: Palafin\n|-supereffective|p1a: Palafin\n|-damage|p1a: Palafin|0 fnt\n|faint|p1a: Palafin\n|\n|-heal|p2a: Ferrothorn|23\/100|[from] item: Leftovers\n|upkeep\n|\n|t:|1699681194\n|switch|p1a: Gliscor|Gliscor, M|100\/100 tox\n|-damage|p1a: Gliscor|88\/100 tox|[from] Stealth Rock\n|turn|11\n|\n|t:|1699681209\n|move|p1a: Gliscor|Dual Wingbeat|p2a: Ferrothorn\n|-damage|p2a: Ferrothorn|12\/100\n|-damage|p1a: Gliscor|76\/100 tox|[from] ability: Iron Barbs|[of] p2a: Ferrothorn\n|-damage|p2a: Ferrothorn|1\/100\n|-damage|p1a: Gliscor|63\/100 tox|[from] ability: Iron Barbs|[of] p2a: Ferrothorn\n|-hitcount|p2a: Ferrothorn|2\n|move|p2a: Ferrothorn|Leech Seed|p1a: Gliscor\n|-start|p1a: Gliscor|move: Leech Seed\n|\n|-heal|p2a: Ferrothorn|7\/100|[from] item: Leftovers\n|-damage|p1a: Gliscor|51\/100 tox|[from] Leech Seed|[of] p2a: Ferrothorn\n|-heal|p2a: Ferrothorn|19\/100|[silent]\n|-heal|p1a: Gliscor|63\/100 tox|[from] ability: Poison Heal\n|upkeep\n|turn|12\n|\n|t:|1699681232\n|switch|p2a: Corviknight|Corviknight, M|100\/100\n|-damage|p2a: Corviknight|88\/100|[from] Stealth Rock\n|move|p1a: Gliscor|Earthquake|p2a: Corviknight\n|-immune|p2a: Corviknight\n|\n|-heal|p2a: Corviknight|94\/100|[from] item: Leftovers\n|-damage|p1a: Gliscor|51\/100 tox|[from] Leech Seed|[of] p2a: Corviknight\n|-heal|p2a: Corviknight|100\/100|[silent]\n|-heal|p1a: Gliscor|63\/100 tox|[from] ability: Poison Heal\n|upkeep\n|turn|13\n|\n|t:|1699681247\n|switch|p1a: Bisharp|Bisharp, M|100\/100\n|-damage|p1a: Bisharp|95\/100|[from] Stealth Rock\n|-ability|p1a: Bisharp|Pressure\n|move|p2a: Corviknight|U-turn|p1a: Bisharp\n|-crit|p1a: Bisharp\n|-damage|p1a: Bisharp|80\/100\n|\n|t:|1699681258\n|switch|p2a: Iron Valiant|Iron Valiant|100\/100|[from] U-turn\n|-damage|p2a: Iron Valiant|94\/100|[from] Stealth Rock\n|\n|upkeep\n|turn|14\n|\n|t:|1699681271\n|move|p2a: Iron Valiant|Close Combat|p1a: Bisharp\n|-supereffective|p1a: Bisharp\n|-damage|p1a: Bisharp|0 fnt\n|-unboost|p2a: Iron Valiant|def|1\n|-unboost|p2a: Iron Valiant|spd|1\n|faint|p1a: Bisharp\n|\n|upkeep\n|\n|t:|1699681277\n|switch|p1a: Gliscor|Gliscor, M|63\/100 tox\n|-damage|p1a: Gliscor|51\/100 tox|[from] Stealth Rock\n|turn|15\n|\n|t:|1699681287\n|-end|p2a: Iron Valiant|Quark Drive|[silent]\n|switch|p2a: Corviknight|Corviknight, M|100\/100\n|-damage|p2a: Corviknight|88\/100|[from] Stealth Rock\n|move|p1a: Gliscor|Dual Wingbeat|p2a: Corviknight\n|-resisted|p2a: Corviknight\n|-damage|p2a: Corviknight|82\/100\n|-resisted|p2a: Corviknight\n|-damage|p2a: Corviknight|76\/100\n|-hitcount|p2a: Corviknight|2\n|\n|-heal|p2a: Corviknight|83\/100|[from] item: Leftovers\n|-heal|p1a: Gliscor|63\/100 tox|[from] ability: Poison Heal\n|upkeep\n|turn|16\n|\n|t:|1699681298\n|move|p1a: Gliscor|Roost|p1a: Gliscor\n|-heal|p1a: Gliscor|100\/100 tox\n|-singleturn|p1a: Gliscor|move: Roost\n|move|p2a: Corviknight|U-turn|p1a: Gliscor\n|-damage|p1a: Gliscor|89\/100 tox\n|\n|t:|1699681304\n|switch|p2a: Iron Valiant|Iron Valiant|94\/100|[from] U-turn\n|-damage|p2a: Iron Valiant|88\/100|[from] Stealth Rock\n|\n|-heal|p1a: Gliscor|100\/100 tox|[from] ability: Poison Heal\n|upkeep\n|turn|17\n|\n|t:|1699681311\n|move|p2a: Iron Valiant|Ice Punch|p1a: Gliscor\n|-supereffective|p1a: Gliscor\n|-damage|p1a: Gliscor|0 fnt\n|faint|p1a: Gliscor\n|\n|upkeep\n|\n|t:|1699681316\n|switch|p1a: Alakazam|Alakazam, F|100\/100\n|turn|18\n|\n|t:|1699681326\n|-end|p2a: Iron Valiant|Quark Drive|[silent]\n|switch|p2a: Corviknight|Corviknight, M|83\/100\n|-damage|p2a: Corviknight|70\/100|[from] Stealth Rock\n|move|p1a: Alakazam|Psychic|p2a: Corviknight\n|-resisted|p2a: Corviknight\n|-damage|p2a: Corviknight|41\/100\n|\n|-heal|p2a: Corviknight|47\/100|[from] item: Leftovers\n|upkeep\n|turn|19\n|\n|t:|1699681336\n|move|p1a: Alakazam|Nasty Plot|p1a: Alakazam\n|-boost|p1a: Alakazam|spa|2\n|move|p2a: Corviknight|U-turn|p1a: Alakazam\n|-supereffective|p1a: Alakazam\n|-damage|p1a: Alakazam|26\/100\n|\n|t:|1699681341\n|switch|p2a: Iron Valiant|Iron Valiant|88\/100|[from] U-turn\n|-damage|p2a: Iron Valiant|82\/100|[from] Stealth Rock\n|\n|upkeep\n|turn|20\n|\n|t:|1699681346\n|move|p2a: Iron Valiant|Shadow Sneak|p1a: Alakazam\n|-supereffective|p1a: Alakazam\n|-damage|p1a: Alakazam|0 fnt\n|faint|p1a: Alakazam\n|\n|win|Aloe Vera Plant\n|l|\u2606applesaucem13\n|l|\u2606Aloe Vera Plant\n|l| StanchYeti\n|j|\u2606Aloe Vera Plant\n|player|p2|Aloe Vera Plant|2\n","uploadtime":1699681777,"views":20,"p1id":"applesaucem13","p2id":"aloeveraplant","formatid":"gen9nationaldexubers","rating":0,"private":0,"password":""}