{"id":"gen9nationaldexubers-1986056875","p1":"ItsSoham","p2":"MommyMikuNakano","format":"[Gen 9] National Dex Ubers","log":"|j|\u2606ItsSoham\n|j|\u2606MommyMikuNakano\n|t:|1699444892\n|gametype|singles\n|player|p1|ItsSoham|265|1547\n|player|p2|MommyMikuNakano|erika-gen1|1814\n|teamsize|p1|6\n|teamsize|p2|6\n|gen|9\n|tier|[Gen 9] National Dex Ubers\n|rated|\n|rule|HP Percentage Mod: HP is shown in percentages\n|rule|Endless Battle Clause: Forcing endless battles is banned\n|rule|OHKO Clause: OHKO moves are banned\n|rule|Evasion Moves Clause: Evasion moves are banned\n|rule|Evasion Items Clause: Evasion items are banned\n|rule|Species Clause: Limit one of each Pok\u00e9mon\n|rule|Sleep Clause Mod: Limit one foe put to sleep\n|rule|Mega Rayquaza Clause: You cannot mega evolve Rayquaza\n|clearpoke\n|poke|p1|Tapu Lele|\n|poke|p1|Mewtwo|\n|poke|p1|Necrozma-Dusk-Mane|\n|poke|p1|Arceus-Fairy|\n|poke|p1|Groudon|\n|poke|p1|Deoxys-Speed|\n|poke|p2|Ditto|\n|poke|p2|Kyogre|\n|poke|p2|Giratina-Origin|\n|poke|p2|Arceus-Dark|\n|poke|p2|Necrozma-Dusk-Mane|\n|poke|p2|Kyurem-Black|\n|teampreview\n|inactive|Battle timer is ON: inactive players will automatically lose when time's up. (requested by MommyMikuNakano)\n|\n|t:|1699444903\n|start\n|switch|p1a: Deoxys|Deoxys-Speed|100\/100\n|switch|p2a: Giratina|Giratina-Origin|100\/100\n|-ability|p1a: Deoxys|Pressure\n|turn|1\n|\n|t:|1699444912\n|move|p1a: Deoxys|Stealth Rock|p2a: Giratina\n|-sidestart|p2: MommyMikuNakano|move: Stealth Rock\n|move|p2a: Giratina|Hex|p1a: Deoxys\n|-supereffective|p1a: Deoxys\n|-damage|p1a: Deoxys|10\/100\n|\n|upkeep\n|turn|2\n|\n|t:|1699444921\n|move|p2a: Giratina|Shadow Sneak|p1a: Deoxys\n|-supereffective|p1a: Deoxys\n|-damage|p1a: Deoxys|0 fnt\n|faint|p1a: Deoxys\n|\n|upkeep\n|\n|t:|1699444932\n|switch|p1a: Tapu Lele|Tapu Lele|100\/100\n|-fieldstart|move: Psychic Terrain|[from] ability: Psychic Surge|[of] p1a: Tapu Lele\n|turn|3\n|\n|t:|1699444937\n|switch|p2a: Necrozma|Necrozma-Dusk-Mane|100\/100\n|-damage|p2a: Necrozma|94\/100|[from] Stealth Rock\n|move|p1a: Tapu Lele|Moonblast|p2a: Necrozma\n|-resisted|p2a: Necrozma\n|-damage|p2a: Necrozma|68\/100\n|\n|upkeep\n|turn|4\n|\n|t:|1699444946\n|switch|p1a: Groudon|Groudon, shiny|100\/100\n|detailschange|p1a: Groudon|Groudon-Primal, shiny\n|-primal|p1a: Groudon|Red Orb\n|-weather|DesolateLand|[from] ability: Desolate Land|[of] p1a: Groudon\n|move|p2a: Necrozma|Stealth Rock|p1a: Groudon\n|-sidestart|p1: ItsSoham|move: Stealth Rock\n|\n|-weather|DesolateLand|[upkeep]\n|upkeep\n|turn|5\n|j| 1 em trach thu\n|\n|t:|1699444959\n|detailschange|p2a: Necrozma|Necrozma-Ultra\n|-burst|p2a: Necrozma|Necrozma|Ultranecrozium Z\n|move|p2a: Necrozma|Photon Geyser|p1a: Groudon\n|-damage|p1a: Groudon|17\/100\n|move|p1a: Groudon|Precipice Blades|p2a: Necrozma\n|-damage|p2a: Necrozma|0 fnt\n|faint|p2a: Necrozma\n|\n|-weather|DesolateLand|[upkeep]\n|upkeep\n|\n|t:|1699444971\n|switch|p2a: Arceus|Arceus-Dark|100\/100\n|-damage|p2a: Arceus|88\/100|[from] Stealth Rock\n|turn|6\n|\n|t:|1699444977\n|move|p2a: Arceus|Foul Play|p1a: Groudon\n|-damage|p1a: Groudon|0 fnt\n|faint|p1a: Groudon\n|-weather|none\n|\n|upkeep\n|\n|t:|1699444984\n|switch|p1a: Tapu Lele|Tapu Lele|100\/100\n|-damage|p1a: Tapu Lele|88\/100|[from] Stealth Rock\n|turn|7\n|\n|t:|1699445005\n|switch|p2a: Ditto|Ditto, shiny|100\/100\n|-damage|p2a: Ditto|88\/100|[from] Stealth Rock\n|-transform|p2a: Ditto|p1a: Tapu Lele|[from] ability: Imposter\n|move|p1a: Tapu Lele|Moonblast|p2a: Ditto\n|-damage|p2a: Ditto|36\/100\n|\n|-fieldend|move: Psychic Terrain\n|upkeep\n|turn|8\n|\n|t:|1699445016\n|move|p1a: Tapu Lele|Moonblast|p2a: Ditto\n|-damage|p2a: Ditto|0 fnt\n|faint|p2a: Ditto\n|\n|upkeep\n|\n|t:|1699445022\n|switch|p2a: Kyogre|Kyogre|100\/100\n|-damage|p2a: Kyogre|88\/100|[from] Stealth Rock\n|-weather|RainDance|[from] ability: Drizzle|[of] p2a: Kyogre\n|turn|9\n|\n|t:|1699445033\n|switch|p1a: Arceus|Arceus-Fairy|100\/100\n|-damage|p1a: Arceus|88\/100|[from] Stealth Rock\n|move|p2a: Kyogre|Origin Pulse|p1a: Arceus\n|-damage|p1a: Arceus|28\/100\n|\n|-weather|RainDance|[upkeep]\n|upkeep\n|turn|10\n|\n|t:|1699445042\n|move|p2a: Kyogre|Origin Pulse|p1a: Arceus\n|-damage|p1a: Arceus|0 fnt\n|faint|p1a: Arceus\n|\n|-weather|RainDance|[upkeep]\n|upkeep\n|\n|t:|1699445049\n|switch|p1a: Necrozma|Necrozma-Dusk-Mane|100\/100\n|-damage|p1a: Necrozma|94\/100|[from] Stealth Rock\n|turn|11\n|\n|t:|1699445056\n|switch|p2a: Arceus|Arceus-Dark|88\/100\n|-damage|p2a: Arceus|76\/100|[from] Stealth Rock\n|detailschange|p1a: Necrozma|Necrozma-Ultra\n|-burst|p1a: Necrozma|Necrozma|Ultranecrozium Z\n|move|p1a: Necrozma|Photon Geyser|p2a: Arceus\n|-immune|p2a: Arceus\n|\n|-weather|RainDance|[upkeep]\n|upkeep\n|turn|12\n|\n|t:|1699445074\n|switch|p1a: Mewtwo|Mewtwo|100\/100\n|-damage|p1a: Mewtwo|88\/100|[from] Stealth Rock\n|-ability|p1a: Mewtwo|Pressure\n|move|p2a: Arceus|Foul Play|p1a: Mewtwo\n|-supereffective|p1a: Mewtwo\n|-damage|p1a: Mewtwo|13\/100\n|\n|-weather|RainDance|[upkeep]\n|upkeep\n|turn|13\n|\n|t:|1699445089\n|detailschange|p1a: Mewtwo|Mewtwo-Mega-Y\n|-mega|p1a: Mewtwo|Mewtwo|Mewtwonite Y\n|move|p1a: Mewtwo|Ice Beam|p2a: Arceus\n|-damage|p2a: Arceus|50\/100\n|move|p2a: Arceus|Foul Play|p1a: Mewtwo\n|-supereffective|p1a: Mewtwo\n|-damage|p1a: Mewtwo|0 fnt\n|faint|p1a: Mewtwo\n|\n|-weather|none\n|upkeep\n|\n|t:|1699445101\n|switch|p1a: Tapu Lele|Tapu Lele|88\/100\n|-damage|p1a: Tapu Lele|76\/100|[from] Stealth Rock\n|-fieldstart|move: Psychic Terrain|[from] ability: Psychic Surge|[of] p1a: Tapu Lele\n|turn|14\n|\n|t:|1699445115\n|switch|p2a: Giratina|Giratina-Origin|100\/100\n|-damage|p2a: Giratina|88\/100|[from] Stealth Rock\n|move|p1a: Tapu Lele|Moonblast|p2a: Giratina\n|-supereffective|p2a: Giratina\n|-damage|p2a: Giratina|29\/100\n|-unboost|p2a: Giratina|spa|1\n|\n|upkeep\n|turn|15\n|\n|t:|1699445125\n|move|p1a: Tapu Lele|Moonblast|p2a: Giratina\n|-supereffective|p2a: Giratina\n|-damage|p2a: Giratina|0 fnt\n|faint|p2a: Giratina\n|\n|upkeep\n|\n|t:|1699445127\n|switch|p2a: Kyurem|Kyurem-Black|100\/100\n|-damage|p2a: Kyurem|76\/100|[from] Stealth Rock\n|-ability|p2a: Kyurem|Teravolt\n|turn|16\n|\n|t:|1699445134\n|-terastallize|p2a: Kyurem|Steel\n|move|p1a: Tapu Lele|Moonblast|p2a: Kyurem\n|-resisted|p2a: Kyurem\n|-damage|p2a: Kyurem|49\/100\n|-unboost|p2a: Kyurem|spa|1\n|move|p2a: Kyurem|Dragon Dance|p2a: Kyurem\n|-boost|p2a: Kyurem|atk|1\n|-boost|p2a: Kyurem|spe|1\n|\n|upkeep\n|turn|17\n|\n|t:|1699445144\n|move|p2a: Kyurem|Icicle Spear|p1a: Tapu Lele\n|-crit|p1a: Tapu Lele\n|-damage|p1a: Tapu Lele|24\/100\n|-damage|p1a: Tapu Lele|0 fnt\n|faint|p1a: Tapu Lele\n|-hitcount|p1: Tapu Lele|2\n|\n|upkeep\n|\n|t:|1699445151\n|switch|p1a: Necrozma|Necrozma-Ultra|94\/100\n|-damage|p1a: Necrozma|82\/100|[from] Stealth Rock\n|turn|18\n|\n|t:|1699445156\n|move|p2a: Kyurem|Icicle Spear|p1a: Necrozma\n|-supereffective|p1a: Necrozma\n|-damage|p1a: Necrozma|31\/100\n|-supereffective|p1a: Necrozma\n|-damage|p1a: Necrozma|0 fnt\n|faint|p1a: Necrozma\n|-hitcount|p1: Necrozma|2\n|\n|win|MommyMikuNakano\n|raw|ItsSoham's rating: 1547 &rarr; <strong>1540<\/strong><br \/>(-7 for losing)\n|raw|MommyMikuNakano's rating: 1814 &rarr; <strong>1821<\/strong><br \/>(+7 for winning)\n|l|\u2606MommyMikuNakano\n|l|\u2606ItsSoham\n","uploadtime":1699445170,"views":13,"p1id":"itssoham","p2id":"mommymikunakano","formatid":"gen9nationaldexubers","rating":1540,"private":0,"password":""}