{"id":"gen9nationaldexubers-1990229529","p1":"HYDRO-MODE\ufe0f\ufe0f\ufe0f\u267e\ufe0f","p2":"RositaV (TRAINER)","format":"[Gen 9] National Dex Ubers","log":"|j|\u2606HYDRO-MODE\ufe0f\ufe0f\ufe0f\u267e\ufe0f\n|j|\u2606RositaV (TRAINER)\n|t:|1699940933\n|gametype|singles\n|player|p1|HYDRO-MODE\ufe0f\ufe0f\ufe0f\u267e\ufe0f|nessa|1082\n|player|p2|RositaV (TRAINER)|rosa|1036\n|teamsize|p1|6\n|teamsize|p2|6\n|gen|9\n|tier|[Gen 9] National Dex Ubers\n|rated|\n|rule|HP Percentage Mod: HP is shown in percentages\n|rule|Endless Battle Clause: Forcing endless battles is banned\n|rule|OHKO Clause: OHKO moves are banned\n|rule|Evasion Moves Clause: Evasion moves are banned\n|rule|Evasion Items Clause: Evasion items are banned\n|rule|Species Clause: Limit one of each Pok\u00e9mon\n|rule|Sleep Clause Mod: Limit one foe put to sleep\n|rule|Mega Rayquaza Clause: You cannot mega evolve Rayquaza\n|clearpoke\n|poke|p1|Politoed, M|\n|poke|p1|Vaporeon, F|\n|poke|p1|Greninja-*, M|\n|poke|p1|Volcanion|\n|poke|p1|Blastoise, M|\n|poke|p1|Kyogre|\n|poke|p2|Dragapult, M|\n|poke|p2|Ceruledge, M|\n|poke|p2|Gengar, M|\n|poke|p2|Mimikyu, M|\n|poke|p2|Annihilape, M|\n|poke|p2|Gholdengo|\n|teampreview\n|\n|t:|1699940949\n|start\n|switch|p1a: \ud83d\udca7POLITOED\ud83d\udca7\ud83c\udf27|Politoed, M, shiny|100\/100\n|switch|p2a: Mimikyu|Mimikyu, M, shiny|100\/100\n|-weather|RainDance|[from] ability: Drizzle|[of] p1a: \ud83d\udca7POLITOED\ud83d\udca7\ud83c\udf27\n|turn|1\n|\n|t:|1699940960\n|move|p2a: Mimikyu|Swords Dance|p2a: Mimikyu\n|-boost|p2a: Mimikyu|atk|2\n|move|p1a: \ud83d\udca7POLITOED\ud83d\udca7\ud83c\udf27|Water Pulse|p2a: Mimikyu\n|-activate|p2a: Mimikyu|ability: Disguise\n|-damage|p2a: Mimikyu|100\/100\n|detailschange|p2a: Mimikyu|Mimikyu-Busted, M, shiny\n|-damage|p2a: Mimikyu|88\/100|[from] pokemon: Mimikyu-Busted\n|\n|-weather|RainDance|[upkeep]\n|upkeep\n|turn|2\n|\n|t:|1699940984\n|switch|p1a: \ud83d\udca7\ud83d\udca7VAPOREON\ud83d\udca7\ud83d\udca7|Vaporeon, F|100\/100\n|move|p2a: Mimikyu|Swords Dance|p2a: Mimikyu\n|-boost|p2a: Mimikyu|atk|2\n|\n|-weather|RainDance|[upkeep]\n|upkeep\n|turn|3\n|\n|t:|1699941001\n|move|p2a: Mimikyu|Drain Punch|p1a: \ud83d\udca7\ud83d\udca7VAPOREON\ud83d\udca7\ud83d\udca7\n|-damage|p1a: \ud83d\udca7\ud83d\udca7VAPOREON\ud83d\udca7\ud83d\udca7|22\/100\n|-heal|p2a: Mimikyu|100\/100|[from] drain|[of] p1a: \ud83d\udca7\ud83d\udca7VAPOREON\ud83d\udca7\ud83d\udca7\n|-zpower|p1a: \ud83d\udca7\ud83d\udca7VAPOREON\ud83d\udca7\ud83d\udca7\n|move|p1a: \ud83d\udca7\ud83d\udca7VAPOREON\ud83d\udca7\ud83d\udca7|Hydro Vortex|p2a: Mimikyu|[zeffect]\n|-damage|p2a: Mimikyu|0 fnt\n|faint|p2a: Mimikyu\n|\n|-weather|RainDance|[upkeep]\n|upkeep\n|\n|t:|1699941028\n|switch|p2a: Gengar|Gengar, M, shiny|100\/100\n|turn|4\n|\n|t:|1699941038\n|move|p2a: Gengar|Dazzling Gleam|p1a: \ud83d\udca7\ud83d\udca7VAPOREON\ud83d\udca7\ud83d\udca7\n|-damage|p1a: \ud83d\udca7\ud83d\udca7VAPOREON\ud83d\udca7\ud83d\udca7|2\/100\n|move|p1a: \ud83d\udca7\ud83d\udca7VAPOREON\ud83d\udca7\ud83d\udca7|Surf|p2a: Gengar\n|-enditem|p2a: Gengar|Focus Sash\n|-damage|p2a: Gengar|1\/100\n|-start|p1a: \ud83d\udca7\ud83d\udca7VAPOREON\ud83d\udca7\ud83d\udca7|Disable|Surf|[from] ability: Cursed Body|[of] p2a: Gengar\n|\n|-weather|RainDance|[upkeep]\n|upkeep\n|turn|5\n|\n|t:|1699941049\n|move|p2a: Gengar|Dazzling Gleam|p1a: \ud83d\udca7\ud83d\udca7VAPOREON\ud83d\udca7\ud83d\udca7\n|-damage|p1a: \ud83d\udca7\ud83d\udca7VAPOREON\ud83d\udca7\ud83d\udca7|0 fnt\n|faint|p1a: \ud83d\udca7\ud83d\udca7VAPOREON\ud83d\udca7\ud83d\udca7\n|\n|-weather|RainDance|[upkeep]\n|upkeep\n|\n|t:|1699941056\n|switch|p1a: \ud83d\udca7GRENINJA\ud83d\udca7|Greninja, M|100\/100\n|turn|6\n|\n|t:|1699941061\n|move|p1a: \ud83d\udca7GRENINJA\ud83d\udca7|Water Shuriken|p2a: Gengar\n|-damage|p2a: Gengar|0 fnt\n|faint|p2a: Gengar\n|-ability|p1a: \ud83d\udca7GRENINJA\ud83d\udca7|Battle Bond|boost\n|-boost|p1a: \ud83d\udca7GRENINJA\ud83d\udca7|atk|1\n|-boost|p1a: \ud83d\udca7GRENINJA\ud83d\udca7|spa|1\n|-boost|p1a: \ud83d\udca7GRENINJA\ud83d\udca7|spe|1\n|-activate|p1a: \ud83d\udca7GRENINJA\ud83d\udca7|ability: Battle Bond\n|-hitcount|p2: Gengar|1\n|\n|-weather|RainDance|[upkeep]\n|upkeep\n|\n|t:|1699941075\n|switch|p2a: Annihilape|Annihilape, M, shiny|100\/100\n|turn|7\n|\n|t:|1699941084\n|-terastallize|p1a: \ud83d\udca7GRENINJA\ud83d\udca7|Water\n|move|p1a: \ud83d\udca7GRENINJA\ud83d\udca7|Hydro Pump|p2a: Annihilape\n|-damage|p2a: Annihilape|0 fnt\n|faint|p2a: Annihilape\n|\n|-weather|RainDance|[upkeep]\n|upkeep\n|\n|t:|1699941099\n|switch|p2a: Dragapult|Dragapult, M, shiny|100\/100\n|turn|8\n|\n|t:|1699941105\n|move|p1a: \ud83d\udca7GRENINJA\ud83d\udca7|Hydro Cannon|p2a: Dragapult|[miss]\n|-miss|p1a: \ud83d\udca7GRENINJA\ud83d\udca7|p2a: Dragapult\n|move|p2a: Dragapult|Dragon Darts|p1a: \ud83d\udca7GRENINJA\ud83d\udca7\n|-damage|p1a: \ud83d\udca7GRENINJA\ud83d\udca7|44\/100\n|-anim|p2a: Dragapult|Dragon Darts|p1a: \ud83d\udca7GRENINJA\ud83d\udca7\n|-damage|p1a: \ud83d\udca7GRENINJA\ud83d\udca7|0 fnt\n|faint|p1a: \ud83d\udca7GRENINJA\ud83d\udca7\n|-damage|p2a: Dragapult|91\/100|[from] item: Life Orb\n|\n|-weather|none\n|upkeep\n|\n|t:|1699941117\n|switch|p1a: \ud83d\udca7POLITOED\ud83d\udca7\ud83c\udf27|Politoed, M, shiny|100\/100\n|-weather|RainDance|[from] ability: Drizzle|[of] p1a: \ud83d\udca7POLITOED\ud83d\udca7\ud83c\udf27\n|turn|9\n|\n|t:|1699941127\n|move|p2a: Dragapult|Dragon Darts|p1a: \ud83d\udca7POLITOED\ud83d\udca7\ud83c\udf27\n|-damage|p1a: \ud83d\udca7POLITOED\ud83d\udca7\ud83c\udf27|54\/100\n|-anim|p2a: Dragapult|Dragon Darts|p1a: \ud83d\udca7POLITOED\ud83d\udca7\ud83c\udf27\n|-damage|p1a: \ud83d\udca7POLITOED\ud83d\udca7\ud83c\udf27|9\/100\n|-damage|p2a: Dragapult|81\/100|[from] item: Life Orb\n|move|p1a: \ud83d\udca7POLITOED\ud83d\udca7\ud83c\udf27|Water Pulse|p2a: Dragapult\n|-resisted|p2a: Dragapult\n|-damage|p2a: Dragapult|56\/100\n|\n|-weather|RainDance|[upkeep]\n|upkeep\n|turn|10\n|\n|t:|1699941141\n|move|p2a: Dragapult|U-turn|p1a: \ud83d\udca7POLITOED\ud83d\udca7\ud83c\udf27\n|-damage|p1a: \ud83d\udca7POLITOED\ud83d\udca7\ud83c\udf27|0 fnt\n|faint|p1a: \ud83d\udca7POLITOED\ud83d\udca7\ud83c\udf27\n|-damage|p2a: Dragapult|46\/100|[from] item: Life Orb\n|\n|t:|1699941147\n|switch|p2a: Ceruledge|Ceruledge, M, shiny|100\/100|[from] U-turn\n|\n|-weather|RainDance|[upkeep]\n|upkeep\n|\n|t:|1699941154\n|switch|p1a: \ud83d\udca7\ud83d\udca7BLASTOISE\ud83d\udca7\ud83d\udca7|Blastoise, M|100\/100\n|turn|11\n|\n|t:|1699941163\n|detailschange|p1a: \ud83d\udca7\ud83d\udca7BLASTOISE\ud83d\udca7\ud83d\udca7|Blastoise-Mega, M\n|-mega|p1a: \ud83d\udca7\ud83d\udca7BLASTOISE\ud83d\udca7\ud83d\udca7|Blastoise|Blastoisinite\n|-terastallize|p2a: Ceruledge|Water\n|move|p2a: Ceruledge|Swords Dance|p2a: Ceruledge\n|-boost|p2a: Ceruledge|atk|2\n|move|p1a: \ud83d\udca7\ud83d\udca7BLASTOISE\ud83d\udca7\ud83d\udca7|Shell Smash|p1a: \ud83d\udca7\ud83d\udca7BLASTOISE\ud83d\udca7\ud83d\udca7\n|-unboost|p1a: \ud83d\udca7\ud83d\udca7BLASTOISE\ud83d\udca7\ud83d\udca7|def|1\n|-unboost|p1a: \ud83d\udca7\ud83d\udca7BLASTOISE\ud83d\udca7\ud83d\udca7|spd|1\n|-boost|p1a: \ud83d\udca7\ud83d\udca7BLASTOISE\ud83d\udca7\ud83d\udca7|atk|2\n|-boost|p1a: \ud83d\udca7\ud83d\udca7BLASTOISE\ud83d\udca7\ud83d\udca7|spa|2\n|-boost|p1a: \ud83d\udca7\ud83d\udca7BLASTOISE\ud83d\udca7\ud83d\udca7|spe|2\n|\n|-weather|RainDance|[upkeep]\n|upkeep\n|turn|12\n|\n|t:|1699941180\n|move|p1a: \ud83d\udca7\ud83d\udca7BLASTOISE\ud83d\udca7\ud83d\udca7|Hydro Pump|p2a: Ceruledge\n|-resisted|p2a: Ceruledge\n|-damage|p2a: Ceruledge|0 fnt\n|faint|p2a: Ceruledge\n|\n|-weather|RainDance|[upkeep]\n|upkeep\n|\n|t:|1699941188\n|switch|p2a: Dragapult|Dragapult, M, shiny|46\/100\n|turn|13\n|\n|t:|1699941192\n|move|p1a: \ud83d\udca7\ud83d\udca7BLASTOISE\ud83d\udca7\ud83d\udca7|Hydro Pump|p2a: Dragapult|[miss]\n|-miss|p1a: \ud83d\udca7\ud83d\udca7BLASTOISE\ud83d\udca7\ud83d\udca7|p2a: Dragapult\n|move|p2a: Dragapult|Dragon Darts|p1a: \ud83d\udca7\ud83d\udca7BLASTOISE\ud83d\udca7\ud83d\udca7\n|-damage|p1a: \ud83d\udca7\ud83d\udca7BLASTOISE\ud83d\udca7\ud83d\udca7|57\/100\n|-anim|p2a: Dragapult|Dragon Darts|p1a: \ud83d\udca7\ud83d\udca7BLASTOISE\ud83d\udca7\ud83d\udca7\n|-damage|p1a: \ud83d\udca7\ud83d\udca7BLASTOISE\ud83d\udca7\ud83d\udca7|6\/100\n|-damage|p2a: Dragapult|36\/100|[from] item: Life Orb\n|\n|-weather|RainDance|[upkeep]\n|upkeep\n|turn|14\n|\n|t:|1699941204\n|move|p1a: \ud83d\udca7\ud83d\udca7BLASTOISE\ud83d\udca7\ud83d\udca7|Hydro Cannon|p2a: Dragapult\n|-resisted|p2a: Dragapult\n|-damage|p2a: Dragapult|0 fnt\n|-mustrecharge|p1a: \ud83d\udca7\ud83d\udca7BLASTOISE\ud83d\udca7\ud83d\udca7\n|faint|p2a: Dragapult\n|\n|-weather|RainDance|[upkeep]\n|upkeep\n|\n|t:|1699941211\n|switch|p2a: Gholdengo|Gholdengo|100\/100\n|turn|15\n|\n|t:|1699941221\n|cant|p1a: \ud83d\udca7\ud83d\udca7BLASTOISE\ud83d\udca7\ud83d\udca7|recharge\n|move|p2a: Gholdengo|Focus Blast|p1a: \ud83d\udca7\ud83d\udca7BLASTOISE\ud83d\udca7\ud83d\udca7|[miss]\n|-miss|p2a: Gholdengo|p1a: \ud83d\udca7\ud83d\udca7BLASTOISE\ud83d\udca7\ud83d\udca7\n|\n|-weather|RainDance|[upkeep]\n|upkeep\n|turn|16\n|\n|t:|1699941232\n|move|p1a: \ud83d\udca7\ud83d\udca7BLASTOISE\ud83d\udca7\ud83d\udca7|Hydro Cannon|p2a: Gholdengo\n|-enditem|p2a: Gholdengo|Focus Sash\n|-damage|p2a: Gholdengo|1\/100\n|-mustrecharge|p1a: \ud83d\udca7\ud83d\udca7BLASTOISE\ud83d\udca7\ud83d\udca7\n|move|p2a: Gholdengo|Focus Blast|p1a: \ud83d\udca7\ud83d\udca7BLASTOISE\ud83d\udca7\ud83d\udca7\n|-crit|p1a: \ud83d\udca7\ud83d\udca7BLASTOISE\ud83d\udca7\ud83d\udca7\n|-damage|p1a: \ud83d\udca7\ud83d\udca7BLASTOISE\ud83d\udca7\ud83d\udca7|0 fnt\n|faint|p1a: \ud83d\udca7\ud83d\udca7BLASTOISE\ud83d\udca7\ud83d\udca7\n|\n|-weather|none\n|upkeep\n|\n|t:|1699941243\n|switch|p1a: \ud83c\udf27\ud83d\udca7\ud83d\udca7KYOGRE\ud83d\udca7\ud83d\udca7\ud83c\udf27|Kyogre|100\/100\n|detailschange|p1a: \ud83c\udf27\ud83d\udca7\ud83d\udca7KYOGRE\ud83d\udca7\ud83d\udca7\ud83c\udf27|Kyogre-Primal\n|-primal|p1a: \ud83c\udf27\ud83d\udca7\ud83d\udca7KYOGRE\ud83d\udca7\ud83d\udca7\ud83c\udf27|Blue Orb\n|-weather|PrimordialSea|[from] ability: Primordial Sea|[of] p1a: \ud83c\udf27\ud83d\udca7\ud83d\udca7KYOGRE\ud83d\udca7\ud83d\udca7\ud83c\udf27\n|turn|17\n|\n|t:|1699941250\n|move|p1a: \ud83c\udf27\ud83d\udca7\ud83d\udca7KYOGRE\ud83d\udca7\ud83d\udca7\ud83c\udf27|Water Spout|p2a: Gholdengo\n|-damage|p2a: Gholdengo|0 fnt\n|faint|p2a: Gholdengo\n|\n|win|HYDRO-MODE\ufe0f\ufe0f\ufe0f\u267e\ufe0f\n|raw|HYDRO-MODE\ufe0f\ufe0f\ufe0f\u267e\ufe0f's rating: 1082 &rarr; <strong>1106<\/strong><br \/>(+24 for winning)\n|raw|RositaV (TRAINER)'s rating: 1036 &rarr; <strong>1023<\/strong><br \/>(-13 for losing)\n|l|\u2606RositaV (TRAINER)\n","uploadtime":1699941263,"views":9,"p1id":"hydromode","p2id":"rositavtrainer","formatid":"gen9nationaldexubers","rating":1023,"private":0,"password":""}