{"id":"gen9nationaldexubers-1978170917","p1":"777Clearnu","p2":"85792195wwww","format":"[Gen 9] National Dex Ubers","log":"|j|\u2606777Clearnu\n|j|\u260685792195wwww\n|t:|1698507743\n|gametype|singles\n|player|p1|777Clearnu|guitarist-gen4|1770\n|player|p2|85792195wwww|lady|1799\n|teamsize|p1|6\n|teamsize|p2|6\n|gen|9\n|tier|[Gen 9] National Dex Ubers\n|rated|\n|rule|HP Percentage Mod: HP is shown in percentages\n|rule|Endless Battle Clause: Forcing endless battles is banned\n|rule|OHKO Clause: OHKO moves are banned\n|rule|Evasion Moves Clause: Evasion moves are banned\n|rule|Evasion Items Clause: Evasion items are banned\n|rule|Species Clause: Limit one of each Pok\u00e9mon\n|rule|Sleep Clause Mod: Limit one foe put to sleep\n|rule|Mega Rayquaza Clause: You cannot mega evolve Rayquaza\n|clearpoke\n|poke|p1|Ho-Oh|\n|poke|p1|Zygarde|\n|poke|p1|Marshadow|\n|poke|p1|Groudon|\n|poke|p1|Arceus-Dark|\n|poke|p1|Kyogre|\n|poke|p2|Calyrex-Ice|\n|poke|p2|Groudon|\n|poke|p2|Krookodile, M|\n|poke|p2|Xerneas-*|\n|poke|p2|Zacian-*|\n|poke|p2|Arceus|\n|teampreview\n|inactive|Battle timer is ON: inactive players will automatically lose when time's up. (requested by 777Clearnu)\n|\n|t:|1698507763\n|start\n|switch|p1a: BKC|Arceus-Dark|100\/100\n|switch|p2a: Krookodile|Krookodile, M|100\/100\n|-ability|p2a: Krookodile|Intimidate|boost\n|-unboost|p1a: BKC|atk|1\n|turn|1\n|\n|t:|1698507770\n|move|p1a: BKC|Taunt|p2a: Krookodile\n|-start|p2a: Krookodile|move: Taunt\n|move|p2a: Krookodile|Bulldoze|p1a: BKC\n|-damage|p1a: BKC|81\/100\n|-unboost|p1a: BKC|spe|1\n|\n|upkeep\n|turn|2\n|\n|t:|1698507780\n|switch|p1a: kid named eruption|Groudon|100\/100\n|detailschange|p1a: kid named eruption|Groudon-Primal\n|-primal|p1a: kid named eruption|Red Orb\n|-weather|DesolateLand|[from] ability: Desolate Land|[of] p1a: kid named eruption\n|move|p2a: Krookodile|Bulldoze|p1a: kid named eruption\n|-supereffective|p1a: kid named eruption\n|-damage|p1a: kid named eruption|65\/100\n|-unboost|p1a: kid named eruption|spe|1\n|\n|-weather|DesolateLand|[upkeep]\n|upkeep\n|turn|3\n|\n|t:|1698507790\n|move|p2a: Krookodile|Bulldoze|p1a: kid named eruption\n|-supereffective|p1a: kid named eruption\n|-damage|p1a: kid named eruption|27\/100\n|-unboost|p1a: kid named eruption|spe|1\n|move|p1a: kid named eruption|Heat Crash|p2a: Krookodile\n|-enditem|p2a: Krookodile|Focus Sash\n|-damage|p2a: Krookodile|1\/100\n|\n|-weather|DesolateLand|[upkeep]\n|-end|p2a: Krookodile|move: Taunt\n|upkeep\n|turn|4\n|\n|t:|1698507802\n|-weather|none\n|switch|p1a: birdspam|Ho-Oh|100\/100\n|move|p2a: Krookodile|Stealth Rock|p1a: birdspam\n|-sidestart|p1: 777Clearnu|move: Stealth Rock\n|\n|upkeep\n|turn|5\n|\n|t:|1698507810\n|-terastallize|p1a: birdspam|Grass\n|move|p2a: Krookodile|Knock Off|p1a: birdspam\n|-damage|p1a: birdspam|68\/100\n|-enditem|p1a: birdspam|Heavy-Duty Boots|[from] move: Knock Off|[of] p2a: Krookodile\n|move|p1a: birdspam|Defog|p2a: Krookodile\n|-unboost|p2a: Krookodile|evasion|1\n|-sideend|p1: 777Clearnu|Stealth Rock|[from] move: Defog|[of] p1a: birdspam\n|\n|upkeep\n|turn|6\n|\n|t:|1698507819\n|move|p2a: Krookodile|Stealth Rock|p1a: birdspam\n|-sidestart|p1: 777Clearnu|move: Stealth Rock\n|move|p1a: birdspam|Sacred Fire|p2a: Krookodile\n|-damage|p2a: Krookodile|0 fnt\n|faint|p2a: Krookodile\n|\n|upkeep\n|\n|t:|1698507828\n|switch|p2a: Calyrex|Calyrex-Ice|100\/100\n|-ability|p2a: Calyrex|As One\n|-ability|p2a: Calyrex|Unnerve\n|turn|7\n|\n|t:|1698507834\n|move|p1a: birdspam|Sacred Fire|p2a: Calyrex\n|-supereffective|p2a: Calyrex\n|-damage|p2a: Calyrex|40\/100\n|-status|p2a: Calyrex|brn\n|move|p2a: Calyrex|Glacial Lance|p1a: birdspam\n|-supereffective|p1a: birdspam\n|-damage|p1a: birdspam|23\/100\n|\n|-damage|p2a: Calyrex|34\/100 brn|[from] brn\n|upkeep\n|turn|8\n|\n|t:|1698507846\n|move|p1a: birdspam|Defog|p2a: Calyrex\n|-unboost|p2a: Calyrex|evasion|1\n|-sideend|p1: 777Clearnu|Stealth Rock|[from] move: Defog|[of] p1a: birdspam\n|move|p2a: Calyrex|Glacial Lance|p1a: birdspam\n|-supereffective|p1a: birdspam\n|-damage|p1a: birdspam|0 fnt\n|faint|p1a: birdspam\n|-ability|p2a: Calyrex|Chilling Neigh|boost\n|-boost|p2a: Calyrex|atk|1\n|\n|-damage|p2a: Calyrex|28\/100 brn|[from] brn\n|upkeep\n|\n|t:|1698507860\n|switch|p1a: borzoi|Marshadow|100\/100\n|turn|9\n|\n|t:|1698507868\n|switch|p2a: Xerneas|Xerneas|100\/100\n|-ability|p2a: Xerneas|Fairy Aura\n|move|p1a: borzoi|Low Kick|p2a: Xerneas\n|-resisted|p2a: Xerneas\n|-damage|p2a: Xerneas|69\/100\n|\n|upkeep\n|turn|10\n|\n|t:|1698507878\n|move|p1a: borzoi|Low Kick|p2a: Xerneas\n|-resisted|p2a: Xerneas\n|-damage|p2a: Xerneas|37\/100\n|move|p2a: Xerneas|Moonblast|p1a: borzoi\n|-supereffective|p1a: borzoi\n|-damage|p1a: borzoi|0 fnt\n|faint|p1a: borzoi\n|\n|upkeep\n|\n|t:|1698507886\n|switch|p1a: goldfish crackers|Kyogre|100\/100\n|detailschange|p1a: goldfish crackers|Kyogre-Primal\n|-primal|p1a: goldfish crackers|Blue Orb\n|-weather|PrimordialSea|[from] ability: Primordial Sea|[of] p1a: goldfish crackers\n|turn|11\n|\n|t:|1698507892\n|switch|p2a: Calyrex|Calyrex-Ice|28\/100 brn\n|-ability|p2a: Calyrex|As One\n|-ability|p2a: Calyrex|Unnerve\n|move|p1a: goldfish crackers|Ice Beam|p2a: Calyrex\n|-resisted|p2a: Calyrex\n|-damage|p2a: Calyrex|12\/100 brn\n|\n|-weather|PrimordialSea|[upkeep]\n|-damage|p2a: Calyrex|6\/100 brn|[from] brn\n|upkeep\n|turn|12\n|\n|t:|1698507913\n|-weather|none\n|switch|p1a: BKC|Arceus-Dark|81\/100\n|move|p2a: Calyrex|Glacial Lance|p1a: BKC\n|-damage|p1a: BKC|55\/100\n|\n|-damage|p2a: Calyrex|0 fnt|[from] brn\n|faint|p2a: Calyrex\n|upkeep\n|\n|t:|1698507923\n|switch|p2a: Xerneas|Xerneas|37\/100\n|-ability|p2a: Xerneas|Fairy Aura\n|turn|13\n|\n|t:|1698507931\n|move|p1a: BKC|Foul Play|p2a: Xerneas\n|-resisted|p2a: Xerneas\n|-damage|p2a: Xerneas|23\/100\n|move|p2a: Xerneas|Moonblast|p1a: BKC\n|-supereffective|p1a: BKC\n|-damage|p1a: BKC|0 fnt\n|faint|p1a: BKC\n|\n|upkeep\n|c|\u2606777Clearnu|why are you so insistent on krookodile\n|c|\u2606777Clearnu|rayquaza can do almost all the same things but better\n|inactive|777Clearnu has 120 seconds left.\n|inactive|777Clearnu has 90 seconds left.\n|\n|t:|1698507996\n|switch|p1a: kid named eruption|Groudon-Primal|27\/100\n|-weather|DesolateLand|[from] ability: Desolate Land|[of] p1a: kid named eruption\n|turn|14\n|\n|t:|1698508002\n|move|p1a: kid named eruption|Heat Crash|p2a: Xerneas\n|-damage|p2a: Xerneas|0 fnt\n|faint|p2a: Xerneas\n|\n|-weather|DesolateLand|[upkeep]\n|upkeep\n|\n|t:|1698508023\n|switch|p2a: Zacian|Zacian-Crowned|100\/100\n|-ability|p2a: Zacian|Intrepid Sword|boost\n|-boost|p2a: Zacian|atk|1\n|turn|15\n|\n|t:|1698508035\n|move|p2a: Zacian|Close Combat|p1a: kid named eruption\n|-damage|p1a: kid named eruption|0 fnt\n|-unboost|p2a: Zacian|def|1\n|-unboost|p2a: Zacian|spd|1\n|faint|p1a: kid named eruption\n|-weather|none\n|\n|upkeep\n|\n|t:|1698508044\n|switch|p1a: looks at you funny|Zygarde|100\/100\n|turn|16\n|\n|t:|1698508048\n|move|p2a: Zacian|Swords Dance|p2a: Zacian\n|-boost|p2a: Zacian|atk|2\n|move|p1a: looks at you funny|Coil|p1a: looks at you funny\n|-boost|p1a: looks at you funny|atk|1\n|-boost|p1a: looks at you funny|def|1\n|-boost|p1a: looks at you funny|accuracy|1\n|\n|upkeep\n|turn|17\n|\n|t:|1698508055\n|move|p2a: Zacian|Close Combat|p1a: looks at you funny\n|-damage|p1a: looks at you funny|59\/100\n|-unboost|p2a: Zacian|def|1\n|-unboost|p2a: Zacian|spd|1\n|move|p1a: looks at you funny|Thousand Arrows|p2a: Zacian\n|-supereffective|p2a: Zacian\n|-damage|p2a: Zacian|0 fnt\n|faint|p2a: Zacian\n|\n|upkeep\n|\n|t:|1698508068\n|switch|p2a: Groudon|Groudon|100\/100\n|detailschange|p2a: Groudon|Groudon-Primal\n|-primal|p2a: Groudon|Red Orb\n|-weather|DesolateLand|[from] ability: Desolate Land|[of] p2a: Groudon\n|turn|18\n|\n|t:|1698508075\n|move|p1a: looks at you funny|Coil|p1a: looks at you funny\n|-boost|p1a: looks at you funny|atk|1\n|-boost|p1a: looks at you funny|def|1\n|-boost|p1a: looks at you funny|accuracy|1\n|move|p2a: Groudon|Precipice Blades|p1a: looks at you funny|[miss]\n|-miss|p2a: Groudon|p1a: looks at you funny\n|\n|-weather|DesolateLand|[upkeep]\n|upkeep\n|turn|19\n|\n|t:|1698508082\n|move|p1a: looks at you funny|Coil|p1a: looks at you funny\n|-boost|p1a: looks at you funny|atk|1\n|-boost|p1a: looks at you funny|def|1\n|-boost|p1a: looks at you funny|accuracy|1\n|move|p2a: Groudon|Precipice Blades|p1a: looks at you funny|[miss]\n|-miss|p2a: Groudon|p1a: looks at you funny\n|\n|-weather|DesolateLand|[upkeep]\n|upkeep\n|turn|20\n|\n|t:|1698508090\n|move|p1a: looks at you funny|Coil|p1a: looks at you funny\n|-boost|p1a: looks at you funny|atk|1\n|-boost|p1a: looks at you funny|def|1\n|-boost|p1a: looks at you funny|accuracy|1\n|move|p2a: Groudon|Precipice Blades|p1a: looks at you funny\n|-damage|p1a: looks at you funny|41\/100\n|\n|-weather|DesolateLand|[upkeep]\n|-activate|p1a: looks at you funny|ability: Power Construct\n|detailschange|p1a: looks at you funny|Zygarde-Complete\n|-heal|p1a: looks at you funny|61\/100|[silent]\n|upkeep\n|turn|21\n|\n|t:|1698508102\n|move|p2a: Groudon|Swords Dance|p2a: Groudon\n|-boost|p2a: Groudon|atk|2\n|move|p1a: looks at you funny|Coil|p1a: looks at you funny\n|-boost|p1a: looks at you funny|atk|1\n|-boost|p1a: looks at you funny|def|1\n|-boost|p1a: looks at you funny|accuracy|1\n|\n|-weather|DesolateLand|[upkeep]\n|upkeep\n|turn|22\n|\n|t:|1698508116\n|move|p2a: Groudon|Precipice Blades|p1a: looks at you funny\n|-damage|p1a: looks at you funny|43\/100\n|move|p1a: looks at you funny|Coil|p1a: looks at you funny\n|-boost|p1a: looks at you funny|atk|1\n|-boost|p1a: looks at you funny|def|1\n|-boost|p1a: looks at you funny|accuracy|1\n|\n|-weather|DesolateLand|[upkeep]\n|upkeep\n|turn|23\n|\n|t:|1698508124\n|move|p2a: Groudon|Precipice Blades|p1a: looks at you funny\n|-damage|p1a: looks at you funny|26\/100\n|move|p1a: looks at you funny|Rest|p1a: looks at you funny\n|-status|p1a: looks at you funny|slp|[from] move: Rest\n|-heal|p1a: looks at you funny|100\/100 slp|[silent]\n|-enditem|p1a: looks at you funny|Chesto Berry|[eat]\n|-curestatus|p1a: looks at you funny|slp|[msg]\n|\n|-weather|DesolateLand|[upkeep]\n|upkeep\n|turn|24\n|\n|t:|1698508134\n|move|p2a: Groudon|Precipice Blades|p1a: looks at you funny\n|-damage|p1a: looks at you funny|82\/100\n|move|p1a: looks at you funny|Thousand Arrows|p2a: Groudon\n|-supereffective|p2a: Groudon\n|-damage|p2a: Groudon|0 fnt\n|faint|p2a: Groudon\n|-weather|none\n|\n|upkeep\n|-message|85792195wwww forfeited.\n|\n|win|777Clearnu\n|raw|777Clearnu's rating: 1770 &rarr; <strong>1792<\/strong><br \/>(+22 for winning)\n|raw|85792195wwww's rating: 1799 &rarr; <strong>1777<\/strong><br \/>(-22 for losing)\n|l|\u260685792195wwww\n","uploadtime":1698508154,"views":10,"p1id":"777clearnu","p2id":"85792195wwww","formatid":"gen9nationaldexubers","rating":1777,"private":0,"password":""}