{"id":"gen9nationaldexubers-1998567106","p1":"omg real exe","p2":"ElevatedGodlyness","format":"[Gen 9] National Dex Ubers","log":"|j|\u2606omg real exe\n|j|\u2606ElevatedGodlyness\n|t:|1700957253\n|gametype|singles\n|player|p1|omg real exe|unknown|\n|player|p2|ElevatedGodlyness|lance|\n|teamsize|p1|6\n|teamsize|p2|6\n|gen|9\n|tier|[Gen 9] National Dex Ubers\n|rule|HP Percentage Mod: HP is shown in percentages\n|rule|Endless Battle Clause: Forcing endless battles is banned\n|rule|OHKO Clause: OHKO moves are banned\n|rule|Evasion Moves Clause: Evasion moves are banned\n|rule|Evasion Items Clause: Evasion items are banned\n|rule|Species Clause: Limit one of each Pok\u00e9mon\n|rule|Sleep Clause Mod: Limit one foe put to sleep\n|rule|Mega Rayquaza Clause: You cannot mega evolve Rayquaza\n|clearpoke\n|poke|p1|Scream Tail|\n|poke|p1|Roaring Moon|\n|poke|p1|Chi-Yu|\n|poke|p1|Groudon|\n|poke|p1|Silvally-*|\n|poke|p1|Venusaur, F|\n|poke|p2|Yveltal|\n|poke|p2|Deoxys-Attack|\n|poke|p2|Landorus-Therian, M|\n|poke|p2|Palafin, F|\n|poke|p2|Scizor, F|\n|poke|p2|Infernape, M|\n|teampreview\n|\n|t:|1700957301\n|start\n|switch|p1a: Groudon|Groudon|100\/100\n|switch|p2a: Palafin|Palafin, F|100\/100\n|-weather|SunnyDay|[from] ability: Drought|[of] p1a: Groudon\n|turn|1\n|\n|t:|1700957311\n|detailschange|p2a: Palafin|Palafin-Hero, F\n|switch|p2a: Landorus|Landorus-Therian, M|100\/100\n|-ability|p2a: Landorus|Intimidate|boost\n|-unboost|p1a: Groudon|atk|1\n|move|p1a: Groudon|Stealth Rock|p2a: Landorus\n|-sidestart|p2: ElevatedGodlyness|move: Stealth Rock\n|\n|-weather|SunnyDay|[upkeep]\n|upkeep\n|turn|2\n|\n|t:|1700957343\n|switch|p1a: Silvally|Silvally-Water|100\/100\n|move|p2a: Landorus|Stealth Rock|p1a: Silvally\n|-sidestart|p1: omg real exe|move: Stealth Rock\n|\n|-weather|SunnyDay|[upkeep]\n|upkeep\n|turn|3\n|\n|t:|1700957369\n|move|p2a: Landorus|Earthquake|p1a: Silvally\n|-damage|p1a: Silvally|67\/100\n|move|p1a: Silvally|Parting Shot|p2a: Landorus\n|-unboost|p2a: Landorus|atk|1\n|-unboost|p2a: Landorus|spa|1\n|\n|t:|1700957398\n|switch|p1a: Roaring Moon|Roaring Moon|100\/100|[from] Parting Shot\n|-damage|p1a: Roaring Moon|88\/100|[from] Stealth Rock\n|-activate|p1a: Roaring Moon|ability: Protosynthesis\n|-start|p1a: Roaring Moon|protosynthesisspe\n|\n|-weather|SunnyDay|[upkeep]\n|upkeep\n|turn|4\n|\n|t:|1700957407\n|move|p1a: Roaring Moon|Knock Off|p2a: Landorus\n|-damage|p2a: Landorus|43\/100\n|-enditem|p2a: Landorus|Leftovers|[from] move: Knock Off|[of] p1a: Roaring Moon\n|move|p2a: Landorus|U-turn|p1a: Roaring Moon\n|-supereffective|p1a: Roaring Moon\n|-damage|p1a: Roaring Moon|50\/100\n|\n|t:|1700957508\n|switch|p2a: Deoxys|Deoxys-Attack|100\/100|[from] U-turn\n|-damage|p2a: Deoxys|88\/100|[from] Stealth Rock\n|-ability|p2a: Deoxys|Pressure\n|\n|-weather|SunnyDay|[upkeep]\n|upkeep\n|turn|5\n|\n|t:|1700957517\n|-end|p1a: Roaring Moon|Protosynthesis|[silent]\n|switch|p1a: Scream Tail|Scream Tail|100\/100\n|-damage|p1a: Scream Tail|88\/100|[from] Stealth Rock\n|-activate|p1a: Scream Tail|ability: Protosynthesis\n|-start|p1a: Scream Tail|protosynthesisspd\n|move|p2a: Deoxys|Extreme Speed|p1a: Scream Tail\n|-damage|p1a: Scream Tail|58\/100\n|-damage|p2a: Deoxys|78\/100|[from] item: Life Orb\n|\n|-weather|SunnyDay|[upkeep]\n|-heal|p1a: Scream Tail|64\/100|[from] item: Leftovers\n|upkeep\n|turn|6\n|\n|t:|1700957536\n|switch|p2a: Infernape|Infernape, M|100\/100\n|-damage|p2a: Infernape|88\/100|[from] Stealth Rock\n|move|p1a: Scream Tail|Protect||[still]\n|-fail|p1a: Scream Tail\n|\n|-weather|SunnyDay|[upkeep]\n|-heal|p1a: Scream Tail|71\/100|[from] item: Leftovers\n|upkeep\n|turn|7\n|\n|t:|1700957547\n|-end|p1a: Scream Tail|Protosynthesis|[silent]\n|switch|p1a: Groudon|Groudon|100\/100\n|-damage|p1a: Groudon|94\/100|[from] Stealth Rock\n|move|p2a: Infernape|Flare Blitz|p1a: Groudon\n|-damage|p1a: Groudon|39\/100\n|-damage|p2a: Infernape|65\/100|[from] Recoil\n|\n|-weather|SunnyDay|[upkeep]\n|upkeep\n|turn|8\n|\n|t:|1700957570\n|switch|p1a: Silvally|Silvally-Water|67\/100\n|-damage|p1a: Silvally|55\/100|[from] Stealth Rock\n|move|p2a: Infernape|Flare Blitz|p1a: Silvally\n|-resisted|p1a: Silvally\n|-damage|p1a: Silvally|27\/100\n|-damage|p2a: Infernape|53\/100|[from] Recoil\n|\n|-weather|none\n|upkeep\n|turn|9\n|\n|t:|1700957580\n|switch|p2a: Palafin|Palafin-Hero, F|100\/100\n|-damage|p2a: Palafin|88\/100|[from] Stealth Rock\n|-activate|p2a: Palafin|ability: Zero to Hero\n|move|p1a: Silvally|Defog|p2a: Palafin\n|-unboost|p2a: Palafin|evasion|1\n|-sideend|p2: ElevatedGodlyness|Stealth Rock|[from] move: Defog|[of] p1a: Silvally\n|-sideend|p1: omg real exe|Stealth Rock|[from] move: Defog|[of] p1a: Silvally\n|\n|upkeep\n|turn|10\n|\n|t:|1700957590\n|move|p2a: Palafin|Close Combat|p1a: Silvally\n|-damage|p1a: Silvally|0 fnt\n|-unboost|p2a: Palafin|def|1\n|-unboost|p2a: Palafin|spd|1\n|faint|p1a: Silvally\n|\n|upkeep\n|\n|t:|1700957642\n|switch|p1a: Roaring Moon|Roaring Moon|50\/100\n|turn|11\n|\n|t:|1700957656\n|switch|p2a: Scizor|Scizor, F|100\/100\n|move|p1a: Roaring Moon|U-turn|p2a: Scizor\n|-resisted|p2a: Scizor\n|-damage|p2a: Scizor|80\/100\n|\n|t:|1700957687\n|-end|p1a: Roaring Moon|Protosynthesis|[silent]\n|switch|p1a: Chi-Yu|Chi-Yu|100\/100|[from] U-turn\n|-ability|p1a: Chi-Yu|Beads of Ruin\n|\n|upkeep\n|turn|12\n|\n|t:|1700957695\n|switch|p2a: Palafin|Palafin-Hero, F|88\/100\n|move|p1a: Chi-Yu|Will-O-Wisp|p2a: Palafin\n|-status|p2a: Palafin|brn\n|\n|-damage|p2a: Palafin|82\/100 brn|[from] brn\n|upkeep\n|turn|13\n|\n|t:|1700957701\n|switch|p1a: Venusaur|Venusaur, F|100\/100\n|move|p2a: Palafin|Flip Turn|p1a: Venusaur\n|-resisted|p1a: Venusaur\n|-damage|p1a: Venusaur|93\/100\n|\n|t:|1700957705\n|switch|p2a: Deoxys|Deoxys-Attack|78\/100|[from] Flip Turn\n|-ability|p2a: Deoxys|Pressure\n|\n|upkeep\n|turn|14\n|\n|t:|1700957742\n|switch|p1a: Scream Tail|Scream Tail|71\/100\n|move|p2a: Deoxys|Psycho Boost|p1a: Scream Tail\n|-resisted|p1a: Scream Tail\n|-damage|p1a: Scream Tail|33\/100\n|-unboost|p2a: Deoxys|spa|2\n|-damage|p2a: Deoxys|68\/100|[from] item: Life Orb\n|\n|-heal|p1a: Scream Tail|39\/100|[from] item: Leftovers\n|upkeep\n|turn|15\n|\n|t:|1700957750\n|switch|p2a: Yveltal|Yveltal|100\/100\n|-ability|p2a: Yveltal|Dark Aura\n|move|p1a: Scream Tail|Wish|p1a: Scream Tail\n|\n|-heal|p1a: Scream Tail|45\/100|[from] item: Leftovers\n|upkeep\n|turn|16\n|\n|t:|1700957762\n|move|p1a: Scream Tail|Protect|p1a: Scream Tail\n|-singleturn|p1a: Scream Tail|Protect\n|move|p2a: Yveltal|Knock Off|p1a: Scream Tail\n|-activate|p1a: Scream Tail|move: Protect\n|\n|-heal|p1a: Scream Tail|95\/100|[from] move: Wish|[wisher] Scream Tail\n|-heal|p1a: Scream Tail|100\/100|[from] item: Leftovers\n|upkeep\n|turn|17\n|\n|t:|1700957765\n|move|p2a: Yveltal|Knock Off|p1a: Scream Tail\n|-damage|p1a: Scream Tail|42\/100\n|-enditem|p1a: Scream Tail|Leftovers|[from] move: Knock Off|[of] p2a: Yveltal\n|-damage|p2a: Yveltal|91\/100|[from] item: Life Orb\n|move|p1a: Scream Tail|Wish|p1a: Scream Tail\n|\n|upkeep\n|turn|18\n|\n|t:|1700957777\n|move|p2a: Yveltal|U-turn|p1a: Scream Tail\n|-damage|p1a: Scream Tail|23\/100\n|-damage|p2a: Yveltal|81\/100|[from] item: Life Orb\n|\n|t:|1700957782\n|switch|p2a: Scizor|Scizor, F|80\/100|[from] U-turn\n|move|p1a: Scream Tail|Thunder Wave|p2a: Scizor\n|-status|p2a: Scizor|par\n|\n|-heal|p1a: Scream Tail|73\/100|[from] move: Wish|[wisher] Scream Tail\n|upkeep\n|turn|19\n|\n|t:|1700957802\n|-end|p1a: Scream Tail|Protosynthesis|[silent]\n|switch|p1a: Groudon|Groudon|39\/100\n|-weather|SunnyDay|[from] ability: Drought|[of] p1a: Groudon\n|detailschange|p2a: Scizor|Scizor-Mega, F\n|-mega|p2a: Scizor|Scizor|Scizorite\n|move|p2a: Scizor|Bullet Punch|p1a: Groudon\n|-damage|p1a: Groudon|14\/100\n|\n|-weather|SunnyDay|[upkeep]\n|upkeep\n|turn|20\n|\n|t:|1700957811\n|switch|p1a: Venusaur|Venusaur, F|93\/100\n|move|p2a: Scizor|Bullet Punch|p1a: Venusaur\n|-damage|p1a: Venusaur|62\/100\n|\n|-weather|SunnyDay|[upkeep]\n|upkeep\n|turn|21\n|\n|t:|1700957854\n|switch|p2a: Yveltal|Yveltal|81\/100\n|-ability|p2a: Yveltal|Dark Aura\n|move|p1a: Venusaur|Weather Ball|p2a: Yveltal\n|-damage|p2a: Yveltal|52\/100\n|\n|-weather|SunnyDay|[upkeep]\n|upkeep\n|turn|22\n|\n|t:|1700957869\n|switch|p1a: Scream Tail|Scream Tail|73\/100\n|-activate|p1a: Scream Tail|ability: Protosynthesis\n|-start|p1a: Scream Tail|protosynthesisspd\n|move|p2a: Yveltal|Oblivion Wing|p1a: Scream Tail\n|-damage|p1a: Scream Tail|49\/100\n|-heal|p2a: Yveltal|72\/100|[from] drain|[of] p1a: Scream Tail\n|-damage|p2a: Yveltal|62\/100|[from] item: Life Orb\n|\n|-weather|SunnyDay|[upkeep]\n|upkeep\n|turn|23\n|\n|t:|1700957876\n|move|p2a: Yveltal|U-turn|p1a: Scream Tail\n|-damage|p1a: Scream Tail|29\/100\n|-damage|p2a: Yveltal|52\/100|[from] item: Life Orb\n|\n|t:|1700957883\n|switch|p2a: Landorus|Landorus-Therian, M|43\/100|[from] U-turn\n|-ability|p2a: Landorus|Intimidate|boost\n|-unboost|p1a: Scream Tail|atk|1\n|move|p1a: Scream Tail|Wish|p1a: Scream Tail\n|\n|-weather|SunnyDay|[upkeep]\n|upkeep\n|turn|24\n|\n|t:|1700957920\n|-end|p1a: Scream Tail|Protosynthesis|[silent]\n|switch|p1a: Groudon|Groudon|14\/100\n|move|p2a: Landorus|Stealth Rock|p1a: Groudon\n|-sidestart|p1: omg real exe|move: Stealth Rock\n|\n|-weather|SunnyDay|[upkeep]\n|-heal|p1a: Groudon|68\/100|[from] move: Wish|[wisher] Scream Tail\n|upkeep\n|turn|25\n|\n|t:|1700957931\n|move|p1a: Groudon|Stealth Rock|p2a: Landorus\n|-sidestart|p2: ElevatedGodlyness|move: Stealth Rock\n|move|p2a: Landorus|U-turn|p1a: Groudon\n|-damage|p1a: Groudon|54\/100\n|\n|t:|1700957936\n|switch|p2a: Infernape|Infernape, M|53\/100|[from] U-turn\n|-damage|p2a: Infernape|41\/100|[from] Stealth Rock\n|\n|-weather|SunnyDay|[upkeep]\n|upkeep\n|turn|26\n|\n|t:|1700958003\n|switch|p1a: Scream Tail|Scream Tail|29\/100\n|-damage|p1a: Scream Tail|16\/100|[from] Stealth Rock\n|-activate|p1a: Scream Tail|ability: Protosynthesis\n|-start|p1a: Scream Tail|protosynthesisspd\n|move|p2a: Infernape|Raging Fury|p1a: Scream Tail\n|-damage|p1a: Scream Tail|0 fnt\n|faint|p1a: Scream Tail\n|-end|p1a: Scream Tail|Protosynthesis|[silent]\n|\n|-weather|none\n|upkeep\n|j| Foopus Muhammad\n|\n|t:|1700958048\n|switch|p1a: Chi-Yu|Chi-Yu|100\/100\n|-damage|p1a: Chi-Yu|76\/100|[from] Stealth Rock\n|-ability|p1a: Chi-Yu|Beads of Ruin\n|turn|27\n|\n|t:|1700958054\n|move|p2a: Infernape|Raging Fury|p1a: Chi-Yu|[from]lockedmove\n|-resisted|p1a: Chi-Yu\n|-damage|p1a: Chi-Yu|33\/100\n|move|p1a: Chi-Yu|Dark Pulse|p2a: Infernape\n|-resisted|p2a: Infernape\n|-damage|p2a: Infernape|0 fnt\n|faint|p2a: Infernape\n|\n|upkeep\n|\n|t:|1700958069\n|switch|p2a: Deoxys|Deoxys-Attack|68\/100\n|-damage|p2a: Deoxys|56\/100|[from] Stealth Rock\n|-ability|p2a: Deoxys|Pressure\n|turn|28\n|j| ONION786\n|\n|t:|1700958212\n|move|p2a: Deoxys|Extreme Speed|p1a: Chi-Yu\n|-damage|p1a: Chi-Yu|0 fnt\n|faint|p1a: Chi-Yu\n|-damage|p2a: Deoxys|46\/100|[from] item: Life Orb\n|\n|upkeep\n|\n|t:|1700958263\n|switch|p1a: Groudon|Groudon|54\/100\n|-damage|p1a: Groudon|48\/100|[from] Stealth Rock\n|-weather|SunnyDay|[from] ability: Drought|[of] p1a: Groudon\n|turn|29\n|\n|t:|1700958315\n|move|p2a: Deoxys|Psycho Boost|p1a: Groudon\n|-damage|p1a: Groudon|0 fnt\n|-unboost|p2a: Deoxys|spa|2\n|faint|p1a: Groudon\n|-damage|p2a: Deoxys|36\/100|[from] item: Life Orb\n|\n|-weather|SunnyDay|[upkeep]\n|upkeep\n|\n|t:|1700958321\n|switch|p1a: Venusaur|Venusaur, F|62\/100\n|-damage|p1a: Venusaur|50\/100|[from] Stealth Rock\n|turn|30\n|\n|t:|1700958362\n|switch|p2a: Landorus|Landorus-Therian, M|43\/100\n|-damage|p2a: Landorus|30\/100|[from] Stealth Rock\n|-ability|p2a: Landorus|Intimidate|boost\n|-unboost|p1a: Venusaur|atk|1\n|detailschange|p1a: Venusaur|Venusaur-Mega, F\n|-mega|p1a: Venusaur|Venusaur|Venusaurite\n|move|p1a: Venusaur|Synthesis|p1a: Venusaur\n|-heal|p1a: Venusaur|100\/100\n|\n|-weather|SunnyDay|[upkeep]\n|upkeep\n|turn|31\n|\n|t:|1700958372\n|move|p2a: Landorus|Earthquake|p1a: Venusaur\n|-damage|p1a: Venusaur|73\/100\n|move|p1a: Venusaur|Giga Drain|p2a: Landorus\n|-damage|p2a: Landorus|0 fnt\n|-heal|p1a: Venusaur|89\/100|[from] drain|[of] p2a: Landorus\n|faint|p2a: Landorus\n|\n|-weather|SunnyDay|[upkeep]\n|upkeep\n|\n|t:|1700958381\n|switch|p2a: Yveltal|Yveltal|52\/100\n|-damage|p2a: Yveltal|27\/100|[from] Stealth Rock\n|-ability|p2a: Yveltal|Dark Aura\n|turn|32\n|\n|t:|1700958406\n|move|p2a: Yveltal|Oblivion Wing|p1a: Venusaur\n|-supereffective|p1a: Venusaur\n|-damage|p1a: Venusaur|3\/100\n|-heal|p2a: Yveltal|87\/100|[from] drain|[of] p1a: Venusaur\n|-damage|p2a: Yveltal|77\/100|[from] item: Life Orb\n|move|p1a: Venusaur|Weather Ball|p2a: Yveltal\n|-damage|p2a: Yveltal|39\/100\n|\n|-weather|SunnyDay|[upkeep]\n|upkeep\n|turn|33\n|c|\u2606omg real exe|gg\n|\n|t:|1700958419\n|move|p2a: Yveltal|U-turn|p1a: Venusaur\n|-damage|p1a: Venusaur|0 fnt\n|faint|p1a: Venusaur\n|-damage|p2a: Yveltal|29\/100|[from] item: Life Orb\n|l| Foopus Muhammad\n|\n|t:|1700958424\n|switch|p2a: Deoxys|Deoxys-Attack|36\/100|[from] U-turn\n|-damage|p2a: Deoxys|23\/100|[from] Stealth Rock\n|-ability|p2a: Deoxys|Pressure\n|\n|-weather|SunnyDay|[upkeep]\n|upkeep\n|\n|t:|1700958427\n|switch|p1a: Roaring Moon|Roaring Moon|50\/100\n|-damage|p1a: Roaring Moon|38\/100|[from] Stealth Rock\n|-activate|p1a: Roaring Moon|ability: Protosynthesis\n|-start|p1a: Roaring Moon|protosynthesisspe\n|turn|34\n|\n|t:|1700958434\n|move|p2a: Deoxys|Extreme Speed|p1a: Roaring Moon\n|-damage|p1a: Roaring Moon|0 fnt\n|faint|p1a: Roaring Moon\n|-end|p1a: Roaring Moon|Protosynthesis|[silent]\n|-damage|p2a: Deoxys|13\/100|[from] item: Life Orb\n|\n|win|ElevatedGodlyness\n|c|\u2606ElevatedGodlyness|gg\n|l|\u2606ElevatedGodlyness\n","uploadtime":1700958442,"views":59,"p1id":"omgrealexe","p2id":"elevatedgodlyness","formatid":"gen9nationaldexubers","rating":0,"private":0,"password":""}