{"id":"gen9nationaldexubers-1991635970","p1":"warnerssbu","p2":"robbiezx","format":"[Gen 9] National Dex Ubers","log":"|j|\u2606warnerssbu\n|j|\u2606robbiezx\n|t:|1700096828\n|gametype|singles\n|player|p1|warnerssbu|2|\n|player|p2|robbiezx|cynthia|\n|teamsize|p1|6\n|teamsize|p2|6\n|gen|9\n|tier|[Gen 9] National Dex Ubers\n|rule|HP Percentage Mod: HP is shown in percentages\n|rule|Endless Battle Clause: Forcing endless battles is banned\n|rule|OHKO Clause: OHKO moves are banned\n|rule|Evasion Moves Clause: Evasion moves are banned\n|rule|Evasion Items Clause: Evasion items are banned\n|rule|Species Clause: Limit one of each Pok\u00e9mon\n|rule|Sleep Clause Mod: Limit one foe put to sleep\n|rule|Mega Rayquaza Clause: You cannot mega evolve Rayquaza\n|clearpoke\n|poke|p1|Nidoking, M|\n|poke|p1|Tangrowth, M|\n|poke|p1|Starmie|\n|poke|p1|Muk-Alola, F|\n|poke|p1|Zapdos|\n|poke|p1|Charizard, M|\n|poke|p2|Tapu Koko|\n|poke|p2|Iron Moth|\n|poke|p2|Lopunny, F|\n|poke|p2|Swampert, F|\n|poke|p2|Galvantula, F|\n|poke|p2|Silvally-*|\n|teampreview\n|\n|t:|1700096853\n|start\n|switch|p1a: Nidoking|Nidoking, M|100\/100\n|switch|p2a: Galvantula|Galvantula, F|100\/100\n|turn|1\n|\n|t:|1700096864\n|move|p2a: Galvantula|Sticky Web|p1a: Nidoking\n|-sidestart|p1: warnerssbu|move: Sticky Web\n|move|p1a: Nidoking|Stealth Rock|p2a: Galvantula\n|-sidestart|p2: robbiezx|move: Stealth Rock\n|\n|upkeep\n|turn|2\n|j| Walletinspector62\n|\n|t:|1700096878\n|switch|p2a: Swampert|Swampert, F|100\/100\n|-damage|p2a: Swampert|94\/100|[from] Stealth Rock\n|move|p1a: Nidoking|Earth Power|p2a: Swampert\n|-damage|p2a: Swampert|34\/100\n|\n|-heal|p2a: Swampert|40\/100|[from] item: Leftovers\n|upkeep\n|turn|3\n|c|\u2606robbiezx|man what the fuck am i looking at rn\n|c|\u2606warnerssbu|pokemon\n|c| Walletinspector62|That\u2019s what nidoking do\n|\n|t:|1700096911\n|move|p2a: Swampert|Protect|p2a: Swampert\n|-singleturn|p2a: Swampert|Protect\n|move|p1a: Nidoking|Earth Power|p2a: Swampert\n|-activate|p2a: Swampert|move: Protect\n|\n|-heal|p2a: Swampert|46\/100|[from] item: Leftovers\n|upkeep\n|turn|4\n|\n|t:|1700096919\n|switch|p2a: Galvantula|Galvantula, F|100\/100\n|move|p1a: Nidoking|Earth Power|p2a: Galvantula\n|-damage|p2a: Galvantula|0 fnt\n|faint|p2a: Galvantula\n|\n|upkeep\n|c|\u2606warnerssbu|what that nidoking do\n|\n|t:|1700096935\n|switch|p2a: Lopunny|Lopunny, F|100\/100\n|-damage|p2a: Lopunny|88\/100|[from] Stealth Rock\n|turn|5\n|\n|t:|1700096941\n|switch|p1a: Tangrowth|Tangrowth, M|100\/100\n|-activate|p1a: Tangrowth|move: Sticky Web\n|-unboost|p1a: Tangrowth|spe|1\n|detailschange|p2a: Lopunny|Lopunny-Mega, F\n|-mega|p2a: Lopunny|Lopunny|Lopunnite\n|move|p2a: Lopunny|Fake Out|p1a: Tangrowth\n|-damage|p1a: Tangrowth|90\/100\n|-damage|p2a: Lopunny|72\/100|[from] item: Rocky Helmet|[of] p1a: Tangrowth\n|\n|upkeep\n|turn|6\n|\n|t:|1700096953\n|move|p2a: Lopunny|High Jump Kick|p1a: Tangrowth\n|-damage|p1a: Tangrowth|54\/100\n|-damage|p2a: Lopunny|55\/100|[from] item: Rocky Helmet|[of] p1a: Tangrowth\n|move|p1a: Tangrowth|Earthquake|p2a: Lopunny\n|-crit|p2a: Lopunny\n|-damage|p2a: Lopunny|10\/100\n|\n|upkeep\n|turn|7\n|c|\u2606robbiezx|monumentally tough...\n|\n|t:|1700096972\n|move|p2a: Lopunny|High Jump Kick|p1a: Tangrowth\n|-damage|p1a: Tangrowth|21\/100\n|-damage|p2a: Lopunny|0 fnt|[from] item: Rocky Helmet|[of] p1a: Tangrowth\n|faint|p2a: Lopunny\n|move|p1a: Tangrowth|Giga Drain|p2: Lopunny|[notarget]\n|-fail|p1a: Tangrowth\n|\n|upkeep\n|c| Walletinspector62|Tang cheap asl\n|c|\u2606warnerssbu|fr\n|\n|t:|1700096980\n|switch|p2a: Tapu Koko|Tapu Koko|100\/100\n|-damage|p2a: Tapu Koko|88\/100|[from] Stealth Rock\n|-fieldstart|move: Electric Terrain|[from] ability: Electric Surge|[of] p2a: Tapu Koko\n|turn|8\n|c|\u2606warnerssbu|i LOVE regen\n|\n|t:|1700097002\n|switch|p1a: Muk|Muk-Alola, F|100\/100\n|-activate|p1a: Muk|move: Sticky Web\n|-unboost|p1a: Muk|spe|1\n|move|p2a: Tapu Koko|Thunderbolt|p1a: Muk\n|-damage|p1a: Muk|69\/100\n|\n|-heal|p1a: Muk|75\/100|[from] item: Black Sludge\n|upkeep\n|turn|9\n|\n|t:|1700097015\n|switch|p2a: Swampert|Swampert, F|46\/100\n|-damage|p2a: Swampert|40\/100|[from] Stealth Rock\n|move|p1a: Muk|Knock Off|p2a: Swampert\n|-damage|p2a: Swampert|17\/100\n|-enditem|p2a: Swampert|Leftovers|[from] move: Knock Off|[of] p1a: Muk\n|\n|-heal|p1a: Muk|81\/100|[from] item: Black Sludge\n|upkeep\n|turn|10\n|\n|t:|1700097031\n|switch|p1a: Tangrowth|Tangrowth, M|54\/100\n|-activate|p1a: Tangrowth|move: Sticky Web\n|-unboost|p1a: Tangrowth|spe|1\n|move|p2a: Swampert|Earthquake|p1a: Tangrowth\n|-resisted|p1a: Tangrowth\n|-damage|p1a: Tangrowth|45\/100\n|\n|upkeep\n|turn|11\n|c|\u2606robbiezx|is it too early to kill myselg\n|\n|t:|1700097041\n|move|p2a: Swampert|Ice Beam|p1a: Tangrowth\n|-supereffective|p1a: Tangrowth\n|-damage|p1a: Tangrowth|0 fnt\n|faint|p1a: Tangrowth\n|\n|upkeep\n|c|\u2606robbiezx|nvm\n|\n|t:|1700097071\n|switch|p1a: Starmie|Starmie|100\/100\n|-activate|p1a: Starmie|move: Sticky Web\n|-unboost|p1a: Starmie|spe|1\n|turn|12\n|\n|t:|1700097086\n|move|p2a: Swampert|Protect|p2a: Swampert\n|-singleturn|p2a: Swampert|Protect\n|move|p1a: Starmie|Rapid Spin|p2a: Swampert\n|-activate|p2a: Swampert|move: Protect\n|\n|upkeep\n|turn|13\n|\n|t:|1700097095\n|switch|p2a: Tapu Koko|Tapu Koko|88\/100\n|-damage|p2a: Tapu Koko|76\/100|[from] Stealth Rock\n|move|p1a: Starmie|Rapid Spin|p2a: Tapu Koko\n|-damage|p2a: Tapu Koko|61\/100\n|-boost|p1a: Starmie|spe|1\n|-sideend|p1: warnerssbu|Sticky Web|[from] move: Rapid Spin|[of] p1a: Starmie\n|\n|upkeep\n|turn|14\n|\n|t:|1700097108\n|switch|p1a: Nidoking|Nidoking, M|100\/100\n|move|p2a: Tapu Koko|Thunderbolt|p1a: Nidoking\n|-immune|p1a: Nidoking\n|\n|upkeep\n|turn|15\n|\n|t:|1700097116\n|switch|p2a: Swampert|Swampert, F|17\/100\n|-damage|p2a: Swampert|11\/100|[from] Stealth Rock\n|move|p1a: Nidoking|Earth Power|p2a: Swampert\n|-damage|p2a: Swampert|0 fnt\n|faint|p2a: Swampert\n|\n|-fieldend|move: Electric Terrain\n|upkeep\n|\n|t:|1700097121\n|switch|p2a: Tapu Koko|Tapu Koko|61\/100\n|-damage|p2a: Tapu Koko|49\/100|[from] Stealth Rock\n|-fieldstart|move: Electric Terrain|[from] ability: Electric Surge|[of] p2a: Tapu Koko\n|turn|16\n|\n|t:|1700097128\n|move|p2a: Tapu Koko|Hidden Power|p1a: Nidoking\n|-supereffective|p1a: Nidoking\n|-damage|p1a: Nidoking|56\/100\n|move|p1a: Nidoking|Earth Power|p2a: Tapu Koko\n|-supereffective|p2a: Tapu Koko\n|-crit|p2a: Tapu Koko\n|-damage|p2a: Tapu Koko|0 fnt\n|faint|p2a: Tapu Koko\n|\n|upkeep\n|\n|t:|1700097131\n|switch|p2a: Iron Moth|Iron Moth|100\/100\n|-damage|p2a: Iron Moth|76\/100|[from] Stealth Rock\n|-activate|p2a: Iron Moth|ability: Quark Drive\n|-start|p2a: Iron Moth|quarkdrivespa\n|turn|17\n|c| Walletinspector62|Fuck iron moth\n|c| Walletinspector62|Hate that guy\n|c|\u2606warnerssbu|that mon fucked up\n|\n|t:|1700097194\n|move|p2a: Iron Moth|Energy Ball|p1a: Nidoking\n|-damage|p1a: Nidoking|0 fnt\n|faint|p1a: Nidoking\n|\n|upkeep\n|\n|t:|1700097199\n|switch|p1a: Starmie|Starmie|100\/100\n|turn|18\n|\n|t:|1700097202\n|move|p1a: Starmie|Psychic|p2a: Iron Moth\n|-supereffective|p2a: Iron Moth\n|-damage|p2a: Iron Moth|0 fnt\n|faint|p2a: Iron Moth\n|-end|p2a: Iron Moth|Quark Drive|[silent]\n|\n|upkeep\n|c|\u2606robbiezx|btw\n|c|\u2606robbiezx|this wasn't the final silvally\n|c|\u2606robbiezx|i just fucked it up\n|c|\u2606robbiezx|lmfao\n|\n|t:|1700097218\n|switch|p2a: Silvally|Silvally-Rock|100\/100\n|-damage|p2a: Silvally|88\/100|[from] Stealth Rock\n|turn|19\n|c|\u2606warnerssbu|????\n|c|\u2606warnerssbu|lol\n|c|\u2606robbiezx|i fucked up the typing cooking too hard\n|c|\u2606robbiezx|and never swapped it\n|\n|t:|1700097235\n|move|p1a: Starmie|Psychic|p2a: Silvally\n|-damage|p2a: Silvally|53\/100\n|move|p2a: Silvally|Multi-Attack|p1a: Starmie\n|-damage|p1a: Starmie|32\/100\n|\n|upkeep\n|turn|20\n|c|\u2606robbiezx|oh\n|\n|t:|1700097244\n|move|p1a: Starmie|Psychic|p2a: Silvally\n|-damage|p2a: Silvally|17\/100\n|move|p2a: Silvally|Multi-Attack|p1a: Starmie\n|-damage|p1a: Starmie|0 fnt\n|faint|p1a: Starmie\n|\n|upkeep\n|\n|t:|1700097253\n|switch|p1a: Muk|Muk-Alola, F|81\/100\n|turn|21\n|\n|t:|1700097261\n|move|p2a: Silvally|Multi-Attack|p1a: Muk\n|-damage|p1a: Muk|35\/100\n|move|p1a: Muk|Knock Off|p2a: Silvally\n|-damage|p2a: Silvally|0 fnt\n|faint|p2a: Silvally\n|\n|win|warnerssbu\n|c|\u2606warnerssbu|ggs\n|c|\u2606robbiezx|ggs\n","uploadtime":1700097278,"views":42,"p1id":"warnerssbu","p2id":"robbiezx","formatid":"gen9nationaldexubers","rating":0,"private":0,"password":""}