{"id":"gen9nationaldexubers-1999263259","p1":"NoobTrap69","p2":"85792195wwww","format":"[Gen 9] National Dex Ubers","log":"|j|\u2606NoobTrap69\n|j|\u260685792195wwww\n|t:|1701052316\n|gametype|singles\n|player|p1|NoobTrap69|hugh|1493\n|player|p2|85792195wwww|mira|1820\n|teamsize|p1|6\n|teamsize|p2|6\n|gen|9\n|tier|[Gen 9] National Dex Ubers\n|rated|\n|rule|HP Percentage Mod: HP is shown in percentages\n|rule|Endless Battle Clause: Forcing endless battles is banned\n|rule|OHKO Clause: OHKO moves are banned\n|rule|Evasion Moves Clause: Evasion moves are banned\n|rule|Evasion Items Clause: Evasion items are banned\n|rule|Species Clause: Limit one of each Pok\u00e9mon\n|rule|Sleep Clause Mod: Limit one foe put to sleep\n|rule|Mega Rayquaza Clause: You cannot mega evolve Rayquaza\n|clearpoke\n|poke|p1|Solgaleo|\n|poke|p1|Naganadel|\n|poke|p1|Genesect|\n|poke|p1|Yveltal|\n|poke|p1|Ho-Oh|\n|poke|p1|Rayquaza|\n|poke|p2|Arceus|\n|poke|p2|Zacian-*|\n|poke|p2|Xerneas-*|\n|poke|p2|Kyogre|\n|poke|p2|Groudon|\n|poke|p2|Deoxys-Speed|\n|teampreview\n|\n|t:|1701052331\n|start\n|switch|p1a: Ho-Oh|Ho-Oh|100\/100\n|switch|p2a: Deoxys|Deoxys-Speed|100\/100\n|-ability|p2a: Deoxys|Pressure\n|turn|1\n|inactive|Battle timer is ON: inactive players will automatically lose when time's up. (requested by NoobTrap69)\n|\n|t:|1701052339\n|move|p2a: Deoxys|Trick|p1a: Ho-Oh\n|-activate|p2a: Deoxys|move: Trick|[of] p1a: Ho-Oh\n|-item|p1a: Ho-Oh|Flame Orb|[from] move: Trick\n|-item|p2a: Deoxys|Heavy-Duty Boots|[from] move: Trick\n|move|p1a: Ho-Oh|Sacred Fire|p2a: Deoxys\n|-damage|p2a: Deoxys|57\/100\n|\n|upkeep\n|turn|2\n|\n|t:|1701052347\n|move|p2a: Deoxys|Stealth Rock|p1a: Ho-Oh\n|-sidestart|p1: NoobTrap69|move: Stealth Rock\n|move|p1a: Ho-Oh|Defog|p2a: Deoxys\n|-unboost|p2a: Deoxys|evasion|1\n|-sideend|p1: NoobTrap69|Stealth Rock|[from] move: Defog|[of] p1a: Ho-Oh\n|\n|upkeep\n|turn|3\n|\n|t:|1701052354\n|move|p2a: Deoxys|Stealth Rock|p1a: Ho-Oh\n|-sidestart|p1: NoobTrap69|move: Stealth Rock\n|move|p1a: Ho-Oh|Sacred Fire|p2a: Deoxys\n|-damage|p2a: Deoxys|15\/100\n|\n|upkeep\n|turn|4\n|\n|t:|1701052360\n|move|p2a: Deoxys|Taunt|p1a: Ho-Oh\n|-start|p1a: Ho-Oh|move: Taunt\n|move|p1a: Ho-Oh|Sacred Fire|p2a: Deoxys\n|-damage|p2a: Deoxys|0 fnt\n|faint|p2a: Deoxys\n|\n|upkeep\n|\n|t:|1701052369\n|switch|p2a: Kyogre|Kyogre|100\/100\n|detailschange|p2a: Kyogre|Kyogre-Primal\n|-primal|p2a: Kyogre|Blue Orb\n|-weather|PrimordialSea|[from] ability: Primordial Sea|[of] p2a: Kyogre\n|turn|5\n|\n|t:|1701052381\n|switch|p1a: Solgaleo|Solgaleo|100\/100\n|-damage|p1a: Solgaleo|94\/100|[from] Stealth Rock\n|move|p2a: Kyogre|Water Spout|p1a: Solgaleo\n|-damage|p1a: Solgaleo|0 fnt\n|faint|p1a: Solgaleo\n|\n|-weather|PrimordialSea|[upkeep]\n|upkeep\n|\n|t:|1701052384\n|switch|p1a: Yveltal|Yveltal|100\/100\n|-ability|p1a: Yveltal|Dark Aura\n|turn|6\n|j| dxrksqxlllll\n|\n|t:|1701052394\n|move|p1a: Yveltal|Foul Play|p2a: Kyogre\n|-damage|p2a: Kyogre|53\/100\n|move|p2a: Kyogre|Thunder|p1a: Yveltal\n|-supereffective|p1a: Yveltal\n|-damage|p1a: Yveltal|22\/100\n|-status|p1a: Yveltal|par\n|\n|-weather|PrimordialSea|[upkeep]\n|upkeep\n|turn|7\n|c| dxrksqxlllll|1820-\n|\n|t:|1701052403\n|move|p2a: Kyogre|Ice Beam|p1a: Yveltal\n|-supereffective|p1a: Yveltal\n|-damage|p1a: Yveltal|0 fnt\n|faint|p1a: Yveltal\n|\n|-weather|PrimordialSea|[upkeep]\n|upkeep\n|\n|t:|1701052411\n|switch|p1a: Naganadel|Naganadel|100\/100\n|-damage|p1a: Naganadel|88\/100|[from] Stealth Rock\n|turn|8\n|\n|t:|1701052417\n|-weather|none\n|switch|p2a: Zacian|Zacian-Crowned|100\/100\n|-ability|p2a: Zacian|Intrepid Sword|boost\n|-boost|p2a: Zacian|atk|1\n|move|p1a: Naganadel|Sludge Wave|p2a: Zacian\n|-immune|p2a: Zacian\n|\n|upkeep\n|turn|9\n|\n|t:|1701052426\n|move|p2a: Zacian|Swords Dance|p2a: Zacian\n|-boost|p2a: Zacian|atk|2\n|move|p1a: Naganadel|Fire Blast|p2a: Zacian|[miss]\n|-miss|p1a: Naganadel|p2a: Zacian\n|\n|upkeep\n|turn|10\n|-message|NoobTrap69 forfeited.\n|\n|win|85792195wwww\n|raw|NoobTrap69's rating: 1493 &rarr; <strong>1488<\/strong><br \/>(-5 for losing)\n|raw|85792195wwww's rating: 1820 &rarr; <strong>1825<\/strong><br \/>(+5 for winning)\n|l|\u2606NoobTrap69\n","uploadtime":1701052437,"views":4,"p1id":"noobtrap69","p2id":"85792195wwww","formatid":"gen9nationaldexubers","rating":1488,"private":0,"password":""}