{"id":"gen9nationaldexubers-1979455543","p1":"Ravjot123","p2":"700club","format":"[Gen 9] National Dex Ubers","log":"|j|\u2606Ravjot123\n|j|\u2606700club\n|t:|1698684052\n|gametype|singles\n|player|p1|Ravjot123|170|1207\n|player|p2|700club|shadowtriad|1255\n|teamsize|p1|6\n|teamsize|p2|6\n|gen|9\n|tier|[Gen 9] National Dex Ubers\n|rated|\n|rule|HP Percentage Mod: HP is shown in percentages\n|rule|Endless Battle Clause: Forcing endless battles is banned\n|rule|OHKO Clause: OHKO moves are banned\n|rule|Evasion Moves Clause: Evasion moves are banned\n|rule|Evasion Items Clause: Evasion items are banned\n|rule|Species Clause: Limit one of each Pok\u00e9mon\n|rule|Sleep Clause Mod: Limit one foe put to sleep\n|rule|Mega Rayquaza Clause: You cannot mega evolve Rayquaza\n|clearpoke\n|poke|p1|Hydreigon, M|\n|poke|p1|Baxcalibur, F|\n|poke|p1|Garchomp, M|\n|poke|p1|Salamence, M|\n|poke|p1|Tyranitar, M|\n|poke|p1|Xerneas-*|\n|poke|p2|Ogerpon-Hearthflame, F|\n|poke|p2|Ditto|\n|poke|p2|Deoxys-Speed|\n|poke|p2|Mewtwo|\n|poke|p2|Necrozma-Dusk-Mane|\n|poke|p2|Kingambit, M|\n|teampreview\n|c|\u2606700club|hi\n|\n|t:|1698684063\n|start\n|switch|p1a: Garchomp|Garchomp, M|100\/100\n|switch|p2a: Deoxys|Deoxys-Speed|100\/100\n|-ability|p2a: Deoxys|Pressure\n|turn|1\n|inactive|Battle timer is ON: inactive players will automatically lose when time's up. (requested by Ravjot123)\n|\n|t:|1698684075\n|move|p2a: Deoxys|Reflect|p2a: Deoxys\n|-sidestart|p2: 700club|Reflect\n|move|p1a: Garchomp|Scale Shot|p2a: Deoxys\n|-damage|p2a: Deoxys|93\/100\n|-damage|p2a: Deoxys|84\/100\n|-damage|p2a: Deoxys|76\/100\n|-damage|p2a: Deoxys|68\/100\n|-damage|p2a: Deoxys|61\/100\n|-hitcount|p2a: Deoxys|5\n|-unboost|p1a: Garchomp|def|1\n|-boost|p1a: Garchomp|spe|1\n|\n|upkeep\n|turn|2\n|c|\u2606Ravjot123|Hi\n|\n|t:|1698684091\n|move|p2a: Deoxys|Stealth Rock|p1a: Garchomp\n|-sidestart|p1: Ravjot123|move: Stealth Rock\n|move|p1a: Garchomp|Swords Dance|p1a: Garchomp\n|-boost|p1a: Garchomp|atk|2\n|\n|upkeep\n|turn|3\n|\n|t:|1698684099\n|move|p2a: Deoxys|Taunt|p1a: Garchomp\n|-start|p1a: Garchomp|move: Taunt\n|move|p1a: Garchomp|Scale Shot|p2a: Deoxys\n|-damage|p2a: Deoxys|46\/100\n|-damage|p2a: Deoxys|30\/100\n|-crit|p2a: Deoxys\n|-damage|p2a: Deoxys|0 fnt\n|faint|p2a: Deoxys\n|-hitcount|p2: Deoxys|3\n|-unboost|p1a: Garchomp|def|1\n|-boost|p1a: Garchomp|spe|1\n|\n|upkeep\n|\n|t:|1698684115\n|switch|p2a: Ditto|Ditto|100\/100\n|-transform|p2a: Ditto|p1a: Garchomp|[from] ability: Imposter\n|turn|4\n|\n|t:|1698684123\n|switch|p1a: Xerneas|Xerneas|100\/100\n|-damage|p1a: Xerneas|88\/100|[from] Stealth Rock\n|-ability|p1a: Xerneas|Fairy Aura\n|move|p2a: Ditto|Scale Shot|p1a: Xerneas\n|-immune|p1a: Xerneas\n|\n|upkeep\n|turn|5\n|\n|t:|1698684132\n|switch|p2a: Necrozma|Necrozma-Dusk-Mane|100\/100\n|move|p1a: Xerneas|Geomancy||[still]\n|-prepare|p1a: Xerneas|Geomancy\n|-enditem|p1a: Xerneas|Power Herb\n|-anim|p1a: Xerneas|Geomancy|p1a: Xerneas\n|-boost|p1a: Xerneas|spa|2\n|-boost|p1a: Xerneas|spd|2\n|-boost|p1a: Xerneas|spe|2\n|\n|-sideend|p2: 700club|Reflect\n|upkeep\n|turn|6\n|\n|t:|1698684147\n|move|p1a: Xerneas|Thunderbolt|p2a: Necrozma\n|-damage|p2a: Necrozma|30\/100\n|move|p2a: Necrozma|Photon Geyser|p1a: Xerneas\n|-damage|p1a: Xerneas|31\/100\n|\n|upkeep\n|turn|7\n|\n|t:|1698684155\n|move|p1a: Xerneas|Thunderbolt|p2a: Necrozma\n|-damage|p2a: Necrozma|0 fnt\n|faint|p2a: Necrozma\n|\n|upkeep\n|\n|t:|1698684161\n|switch|p2a: Ditto|Ditto|100\/100\n|-transform|p2a: Ditto|p1a: Xerneas|[from] ability: Imposter\n|-ability|p2a: Ditto|Fairy Aura\n|turn|8\n|\n|t:|1698684173\n|switch|p1a: Tyranitar|Tyranitar, M|100\/100\n|-damage|p1a: Tyranitar|88\/100|[from] Stealth Rock\n|-weather|Sandstorm|[from] ability: Sand Stream|[of] p1a: Tyranitar\n|move|p2a: Ditto|Moonblast|p1a: Tyranitar\n|-supereffective|p1a: Tyranitar\n|-damage|p1a: Tyranitar|0 fnt\n|faint|p1a: Tyranitar\n|\n|-weather|Sandstorm|[upkeep]\n|-damage|p2a: Ditto|94\/100|[from] Sandstorm\n|upkeep\n|\n|t:|1698684192\n|switch|p1a: Hydreigon|Hydreigon, M, shiny|100\/100\n|-damage|p1a: Hydreigon|88\/100|[from] Stealth Rock\n|turn|9\n|\n|t:|1698684198\n|-terastallize|p1a: Hydreigon|Steel\n|move|p2a: Ditto|Moonblast|p1a: Hydreigon\n|-resisted|p1a: Hydreigon\n|-damage|p1a: Hydreigon|9\/100\n|-unboost|p1a: Hydreigon|spa|1\n|move|p1a: Hydreigon|Flash Cannon|p2a: Ditto\n|-supereffective|p2a: Ditto\n|-damage|p2a: Ditto|62\/100\n|\n|-weather|Sandstorm|[upkeep]\n|-damage|p2a: Ditto|56\/100|[from] Sandstorm\n|upkeep\n|turn|10\n|\n|t:|1698684213\n|move|p2a: Ditto|Moonblast|p1a: Hydreigon\n|-resisted|p1a: Hydreigon\n|-damage|p1a: Hydreigon|0 fnt\n|faint|p1a: Hydreigon\n|\n|-weather|Sandstorm|[upkeep]\n|-damage|p2a: Ditto|50\/100|[from] Sandstorm\n|upkeep\n|\n|t:|1698684223\n|switch|p1a: Garchomp|Garchomp, M|100\/100\n|-damage|p1a: Garchomp|94\/100|[from] Stealth Rock\n|turn|11\n|\n|t:|1698684230\n|move|p2a: Ditto|Moonblast|p1a: Garchomp\n|-supereffective|p1a: Garchomp\n|-damage|p1a: Garchomp|0 fnt\n|faint|p1a: Garchomp\n|\n|-weather|Sandstorm|[upkeep]\n|-damage|p2a: Ditto|44\/100|[from] Sandstorm\n|upkeep\n|\n|t:|1698684239\n|switch|p1a: Salamence|Salamence, M|100\/100\n|-damage|p1a: Salamence|75\/100|[from] Stealth Rock\n|turn|12\n|\n|t:|1698684248\n|detailschange|p1a: Salamence|Salamence-Mega, M\n|-mega|p1a: Salamence|Salamence|Salamencite\n|move|p2a: Ditto|Moonblast|p1a: Salamence\n|-supereffective|p1a: Salamence\n|-damage|p1a: Salamence|0 fnt\n|faint|p1a: Salamence\n|\n|-weather|none\n|upkeep\n|\n|t:|1698684256\n|switch|p1a: Baxcalibur|Baxcalibur, F|100\/100\n|-damage|p1a: Baxcalibur|75\/100|[from] Stealth Rock\n|turn|13\n|\n|t:|1698684277\n|switch|p2a: Kingambit|Kingambit, M|100\/100\n|-activate|p2a: Kingambit|ability: Supreme Overlord\n|-start|p2a: Kingambit|fallen2|[silent]\n|move|p1a: Baxcalibur|Ice Shard|p2a: Kingambit\n|-resisted|p2a: Kingambit\n|-damage|p2a: Kingambit|92\/100\n|\n|upkeep\n|turn|14\n|\n|t:|1698684290\n|move|p1a: Baxcalibur|Scale Shot|p2a: Kingambit\n|-resisted|p2a: Kingambit\n|-damage|p2a: Kingambit|87\/100\n|-resisted|p2a: Kingambit\n|-damage|p2a: Kingambit|81\/100\n|-resisted|p2a: Kingambit\n|-damage|p2a: Kingambit|77\/100\n|-resisted|p2a: Kingambit\n|-damage|p2a: Kingambit|72\/100\n|-resisted|p2a: Kingambit\n|-damage|p2a: Kingambit|66\/100\n|-hitcount|p2a: Kingambit|5\n|-unboost|p1a: Baxcalibur|def|1\n|-boost|p1a: Baxcalibur|spe|1\n|move|p2a: Kingambit|Iron Head|p1a: Baxcalibur\n|-supereffective|p1a: Baxcalibur\n|-damage|p1a: Baxcalibur|0 fnt\n|faint|p1a: Baxcalibur\n|\n|upkeep\n|\n|t:|1698684306\n|switch|p1a: Xerneas|Xerneas|31\/100\n|-damage|p1a: Xerneas|19\/100|[from] Stealth Rock\n|-ability|p1a: Xerneas|Fairy Aura\n|turn|15\n|\n|t:|1698684312\n|move|p1a: Xerneas|Thunderbolt|p2a: Kingambit\n|-damage|p2a: Kingambit|32\/100\n|move|p2a: Kingambit|Iron Head|p1a: Xerneas\n|-supereffective|p1a: Xerneas\n|-damage|p1a: Xerneas|0 fnt\n|faint|p1a: Xerneas\n|\n|win|700club\n|raw|Ravjot123's rating: 1207 &rarr; <strong>1185<\/strong><br \/>(-22 for losing)\n|raw|700club's rating: 1255 &rarr; <strong>1277<\/strong><br \/>(+22 for winning)\n|c|\u2606700club|gg\n|l|\u2606Ravjot123\n","uploadtime":1698684321,"views":10,"p1id":"ravjot123","p2id":"700club","formatid":"gen9nationaldexubers","rating":1185,"private":0,"password":""}