{"id":"gen9nationaldexubers-1995519383","p1":"dragos10","p2":"COOL_lordHS","format":"[Gen 9] National Dex Ubers","log":"|j|\u2606dragos10\n|j|\u2606COOL_lordHS\n|t:|1700579268\n|gametype|singles\n|player|p1|dragos10|red|1101\n|player|p2|COOL_lordHS|steven|1042\n|teamsize|p1|6\n|teamsize|p2|6\n|gen|9\n|tier|[Gen 9] National Dex Ubers\n|rated|\n|rule|HP Percentage Mod: HP is shown in percentages\n|rule|Endless Battle Clause: Forcing endless battles is banned\n|rule|OHKO Clause: OHKO moves are banned\n|rule|Evasion Moves Clause: Evasion moves are banned\n|rule|Evasion Items Clause: Evasion items are banned\n|rule|Species Clause: Limit one of each Pok\u00e9mon\n|rule|Sleep Clause Mod: Limit one foe put to sleep\n|rule|Mega Rayquaza Clause: You cannot mega evolve Rayquaza\n|clearpoke\n|poke|p1|Zekrom|\n|poke|p1|Kyurem-White|\n|poke|p1|Groudon|\n|poke|p1|Lugia|\n|poke|p1|Metagross|\n|poke|p1|Volcarona, M|\n|poke|p2|Dragonite, M|\n|poke|p2|Yveltal|\n|poke|p2|Omastar, M|\n|poke|p2|Durant, M|\n|poke|p2|Toxapex, F|\n|poke|p2|Ferrothorn, M|\n|teampreview\n|inactive|Battle timer is ON: inactive players will automatically lose when time's up. (requested by dragos10)\n|\n|t:|1700579271\n|start\n|switch|p1a: Kyurem|Kyurem-White|100\/100\n|switch|p2a: Durant|Durant, M, shiny|100\/100\n|-ability|p1a: Kyurem|Turboblaze\n|turn|1\n|\n|t:|1700579278\n|move|p1a: Kyurem|Draco Meteor|p2a: Durant\n|-resisted|p2a: Durant\n|-damage|p2a: Durant|24\/100\n|-unboost|p1a: Kyurem|spa|2\n|-enditem|p1a: Kyurem|White Herb\n|-clearnegativeboost|p1a: Kyurem|[silent]\n|move|p2a: Durant|Entrainment|p1a: Kyurem\n|-endability|p1a: Kyurem|Turboblaze|[from] move: Entrainment\n|-ability|p1a: Kyurem|Truant|[from] move: Entrainment\n|\n|upkeep\n|turn|2\n|\n|t:|1700579287\n|switch|p2a: Ferrothorn|Ferrothorn, M, shiny|100\/100\n|cant|p1a: Kyurem|ability: Truant\n|\n|upkeep\n|turn|3\n|\n|t:|1700579293\n|move|p1a: Kyurem|Draco Meteor|p2a: Ferrothorn\n|-resisted|p2a: Ferrothorn\n|-damage|p2a: Ferrothorn|60\/100\n|-unboost|p1a: Kyurem|spa|2\n|move|p2a: Ferrothorn|Leech Seed|p1a: Kyurem\n|-start|p1a: Kyurem|move: Leech Seed\n|\n|-heal|p2a: Ferrothorn|66\/100|[from] item: Leftovers\n|-damage|p1a: Kyurem|88\/100|[from] Leech Seed|[of] p2a: Ferrothorn\n|-heal|p2a: Ferrothorn|81\/100|[silent]\n|upkeep\n|turn|4\n|\n|t:|1700579303\n|cant|p1a: Kyurem|ability: Truant\n|move|p2a: Ferrothorn|Toxic|p1a: Kyurem\n|-status|p1a: Kyurem|tox\n|\n|-heal|p2a: Ferrothorn|88\/100|[from] item: Leftovers\n|-damage|p1a: Kyurem|76\/100 tox|[from] Leech Seed|[of] p2a: Ferrothorn\n|-heal|p2a: Ferrothorn|100\/100|[silent]\n|-damage|p1a: Kyurem|70\/100 tox|[from] psn\n|upkeep\n|turn|5\n|\n|t:|1700579314\n|move|p2a: Ferrothorn|Protect|p2a: Ferrothorn\n|-singleturn|p2a: Ferrothorn|Protect\n|move|p1a: Kyurem|Ice Beam|p2a: Ferrothorn\n|-activate|p2a: Ferrothorn|move: Protect\n|\n|-damage|p1a: Kyurem|58\/100 tox|[from] Leech Seed|[of] p2a: Ferrothorn\n|-damage|p1a: Kyurem|45\/100 tox|[from] psn\n|upkeep\n|turn|6\n|\n|t:|1700579322\n|cant|p1a: Kyurem|ability: Truant\n|move|p2a: Ferrothorn|Substitute|p2a: Ferrothorn\n|-start|p2a: Ferrothorn|Substitute\n|-damage|p2a: Ferrothorn|75\/100\n|\n|-heal|p2a: Ferrothorn|82\/100|[from] item: Leftovers\n|-damage|p1a: Kyurem|33\/100 tox|[from] Leech Seed|[of] p2a: Ferrothorn\n|-heal|p2a: Ferrothorn|97\/100|[silent]\n|-damage|p1a: Kyurem|15\/100 tox|[from] psn\n|upkeep\n|turn|7\n|\n|t:|1700579332\n|move|p2a: Ferrothorn|Protect|p2a: Ferrothorn\n|-singleturn|p2a: Ferrothorn|Protect\n|move|p1a: Kyurem|Draco Meteor|p2a: Ferrothorn\n|-activate|p2a: Ferrothorn|move: Protect\n|\n|-heal|p2a: Ferrothorn|100\/100|[from] item: Leftovers\n|-damage|p1a: Kyurem|2\/100 tox|[from] Leech Seed|[of] p2a: Ferrothorn\n|-damage|p1a: Kyurem|0 fnt|[from] psn\n|faint|p1a: Kyurem\n|upkeep\n|\n|t:|1700579338\n|switch|p1a: Volcarona|Volcarona, M|100\/100\n|turn|8\n|\n|t:|1700579346\n|switch|p2a: Durant|Durant, M, shiny|24\/100\n|move|p1a: Volcarona|Bug Buzz|p2a: Durant\n|-resisted|p2a: Durant\n|-damage|p2a: Durant|0 fnt\n|faint|p2a: Durant\n|\n|upkeep\n|\n|t:|1700579356\n|switch|p2a: Toxapex|Toxapex, F|100\/100\n|turn|9\n|\n|t:|1700579363\n|move|p1a: Volcarona|Bug Buzz|p2a: Toxapex\n|-resisted|p2a: Toxapex\n|-damage|p2a: Toxapex|73\/100\n|move|p2a: Toxapex|Gunk Shot|p1a: Volcarona\n|-damage|p1a: Volcarona|62\/100\n|-status|p1a: Volcarona|psn\n|\n|-damage|p1a: Volcarona|50\/100 psn|[from] psn\n|upkeep\n|turn|10\n|\n|t:|1700579376\n|move|p1a: Volcarona|Bug Buzz|p2a: Toxapex\n|-resisted|p2a: Toxapex\n|-damage|p2a: Toxapex|49\/100\n|move|p2a: Toxapex|Hex|p1a: Volcarona\n|-crit|p1a: Volcarona\n|-damage|p1a: Volcarona|13\/100 psn\n|\n|-damage|p1a: Volcarona|1\/100 psn|[from] psn\n|upkeep\n|turn|11\n|\n|t:|1700579391\n|move|p1a: Volcarona|Fiery Dance|p2a: Toxapex\n|-resisted|p2a: Toxapex\n|-damage|p2a: Toxapex|24\/100\n|-boost|p1a: Volcarona|spa|1\n|-enditem|p2a: Toxapex|Aguav Berry|[eat]\n|-heal|p2a: Toxapex|57\/100|[from] item: Aguav Berry\n|move|p2a: Toxapex|Toxic Spikes|p1a: Volcarona\n|-sidestart|p1: dragos10|move: Toxic Spikes\n|\n|-damage|p1a: Volcarona|0 fnt|[from] psn\n|faint|p1a: Volcarona\n|upkeep\n|\n|t:|1700579396\n|switch|p1a: Groudon|Groudon|100\/100\n|-status|p1a: Groudon|psn\n|detailschange|p1a: Groudon|Groudon-Primal\n|-primal|p1a: Groudon|Red Orb\n|-weather|DesolateLand|[from] ability: Desolate Land|[of] p1a: Groudon\n|turn|12\n|\n|t:|1700579409\n|move|p1a: Groudon|Earthquake|p2a: Toxapex\n|-supereffective|p2a: Toxapex\n|-damage|p2a: Toxapex|0 fnt\n|faint|p2a: Toxapex\n|\n|-weather|DesolateLand|[upkeep]\n|-damage|p1a: Groudon|88\/100 psn|[from] psn\n|upkeep\n|\n|t:|1700579421\n|switch|p2a: Dragonite|Dragonite, M|100\/100\n|turn|13\n|\n|t:|1700579426\n|move|p2a: Dragonite|Dragon Rush|p1a: Groudon\n|-damage|p1a: Groudon|64\/100 psn\n|move|p1a: Groudon|Earthquake|p2a: Dragonite\n|-immune|p2a: Dragonite\n|\n|-weather|DesolateLand|[upkeep]\n|-damage|p1a: Groudon|52\/100 psn|[from] psn\n|upkeep\n|turn|14\n|\n|t:|1700579435\n|move|p2a: Dragonite|Dragon Rush|p1a: Groudon\n|-damage|p1a: Groudon|30\/100 psn\n|move|p1a: Groudon|Fire Punch|p2a: Dragonite\n|-resisted|p2a: Dragonite\n|-damage|p2a: Dragonite|79\/100\n|\n|-weather|DesolateLand|[upkeep]\n|-damage|p1a: Groudon|17\/100 psn|[from] psn\n|upkeep\n|turn|15\n|\n|t:|1700579443\n|move|p2a: Dragonite|Extreme Speed|p1a: Groudon\n|-damage|p1a: Groudon|5\/100 psn\n|move|p1a: Groudon|Rest|p1a: Groudon\n|-status|p1a: Groudon|slp|[from] move: Rest\n|-heal|p1a: Groudon|100\/100 slp|[silent]\n|\n|-weather|DesolateLand|[upkeep]\n|upkeep\n|turn|16\n|\n|t:|1700579454\n|move|p2a: Dragonite|Dragon Rush|p1a: Groudon|[miss]\n|-miss|p2a: Dragonite|p1a: Groudon\n|cant|p1a: Groudon|slp\n|\n|-weather|DesolateLand|[upkeep]\n|upkeep\n|turn|17\n|\n|t:|1700579484\n|move|p2a: Dragonite|Heat Wave|p1a: Groudon\n|-resisted|p1a: Groudon\n|-crit|p1a: Groudon\n|-damage|p1a: Groudon|75\/100 slp\n|cant|p1a: Groudon|slp\n|\n|-weather|DesolateLand|[upkeep]\n|upkeep\n|turn|18\n|\n|t:|1700579493\n|move|p2a: Dragonite|Extreme Speed|p1a: Groudon\n|-damage|p1a: Groudon|61\/100 slp\n|-curestatus|p1a: Groudon|slp|[msg]\n|move|p1a: Groudon|Fire Punch|p2a: Dragonite\n|-resisted|p2a: Dragonite\n|-damage|p2a: Dragonite|38\/100\n|\n|-weather|DesolateLand|[upkeep]\n|upkeep\n|turn|19\n|\n|t:|1700579504\n|move|p2a: Dragonite|Dragon Rush|p1a: Groudon|[miss]\n|-miss|p2a: Dragonite|p1a: Groudon\n|move|p1a: Groudon|Earthquake|p2a: Dragonite\n|-immune|p2a: Dragonite\n|\n|-weather|DesolateLand|[upkeep]\n|upkeep\n|turn|20\n|\n|t:|1700579509\n|move|p2a: Dragonite|Dragon Rush|p1a: Groudon\n|-crit|p1a: Groudon\n|-damage|p1a: Groudon|23\/100\n|move|p1a: Groudon|Fire Punch|p2a: Dragonite\n|-resisted|p2a: Dragonite\n|-damage|p2a: Dragonite|0 fnt\n|faint|p2a: Dragonite\n|\n|-weather|DesolateLand|[upkeep]\n|upkeep\n|\n|t:|1700579517\n|switch|p2a: Yveltal|Yveltal, shiny|100\/100\n|-ability|p2a: Yveltal|Dark Aura\n|turn|21\n|\n|t:|1700579526\n|move|p2a: Yveltal|Sucker Punch||[still]\n|-fail|p2a: Yveltal\n|move|p1a: Groudon|Rest|p1a: Groudon\n|-status|p1a: Groudon|slp|[from] move: Rest\n|-heal|p1a: Groudon|100\/100 slp|[silent]\n|\n|-weather|DesolateLand|[upkeep]\n|upkeep\n|turn|22\n|\n|t:|1700579535\n|switch|p2a: Ferrothorn|Ferrothorn, M, shiny|100\/100\n|cant|p1a: Groudon|slp\n|\n|-weather|DesolateLand|[upkeep]\n|upkeep\n|turn|23\n|\n|t:|1700579540\n|cant|p1a: Groudon|slp\n|move|p2a: Ferrothorn|Leech Seed|p1a: Groudon\n|-start|p1a: Groudon|move: Leech Seed\n|\n|-weather|DesolateLand|[upkeep]\n|-damage|p1a: Groudon|88\/100 slp|[from] Leech Seed|[of] p2a: Ferrothorn\n|upkeep\n|turn|24\n|\n|t:|1700579547\n|-curestatus|p1a: Groudon|slp|[msg]\n|move|p1a: Groudon|Fire Punch|p2a: Ferrothorn\n|-supereffective|p2a: Ferrothorn\n|-damage|p2a: Ferrothorn|0 fnt\n|-damage|p1a: Groudon|76\/100|[from] ability: Iron Barbs|[of] p2a: Ferrothorn\n|faint|p2a: Ferrothorn\n|\n|-weather|DesolateLand|[upkeep]\n|upkeep\n|\n|t:|1700579555\n|switch|p2a: Yveltal|Yveltal, shiny|100\/100\n|-ability|p2a: Yveltal|Dark Aura\n|turn|25\n|\n|t:|1700579566\n|move|p2a: Yveltal|Hurricane|p1a: Groudon|[miss]\n|-miss|p2a: Yveltal|p1a: Groudon\n|move|p1a: Groudon|Fire Punch|p2a: Yveltal\n|-damage|p2a: Yveltal|41\/100\n|-status|p2a: Yveltal|brn\n|\n|-weather|DesolateLand|[upkeep]\n|-damage|p1a: Groudon|63\/100|[from] Leech Seed|[of] p2a: Yveltal\n|-heal|p2a: Yveltal|52\/100 brn|[silent]\n|-damage|p2a: Yveltal|45\/100 brn|[from] brn\n|upkeep\n|turn|26\n|\n|t:|1700579576\n|move|p2a: Yveltal|Hurricane|p1a: Groudon\n|-damage|p1a: Groudon|16\/100\n|-start|p1a: Groudon|confusion\n|-activate|p1a: Groudon|confusion\n|move|p1a: Groudon|Fire Punch|p2a: Yveltal\n|-damage|p2a: Yveltal|0 fnt\n|faint|p2a: Yveltal\n|\n|-weather|DesolateLand|[upkeep]\n|upkeep\n|\n|t:|1700579584\n|switch|p2a: Omastar|Omastar, M|100\/100\n|turn|27\n|\n|t:|1700579589\n|-end|p1a: Groudon|confusion\n|move|p1a: Groudon|Rest|p1a: Groudon\n|-status|p1a: Groudon|slp|[from] move: Rest\n|-heal|p1a: Groudon|100\/100 slp|[silent]\n|move|p2a: Omastar|Scald||[still]\n|-fail|p2a: Omastar|Scald|[from] Desolate Land\n|\n|-weather|DesolateLand|[upkeep]\n|-damage|p1a: Groudon|88\/100 slp|[from] Leech Seed|[of] p2a: Omastar\n|upkeep\n|turn|28\n|\n|t:|1700579599\n|-weather|none\n|switch|p1a: Zekrom|Zekrom|100\/100\n|-status|p1a: Zekrom|psn\n|-enditem|p1a: Zekrom|Lum Berry|[eat]\n|-curestatus|p1a: Zekrom|psn|[msg]\n|-ability|p1a: Zekrom|Teravolt\n|move|p2a: Omastar|Blizzard|p1a: Zekrom|[miss]\n|-miss|p2a: Omastar|p1a: Zekrom\n|\n|upkeep\n|turn|29\n|\n|t:|1700579616\n|move|p1a: Zekrom|Outrage|p2a: Omastar\n|-damage|p2a: Omastar|32\/100\n|move|p2a: Omastar|Blizzard|p1a: Zekrom\n|-supereffective|p1a: Zekrom\n|-damage|p1a: Zekrom|41\/100\n|\n|upkeep\n|turn|30\n|\n|t:|1700579622\n|move|p1a: Zekrom|Outrage|p2a: Omastar|[from]lockedmove\n|-damage|p2a: Omastar|0 fnt\n|faint|p2a: Omastar\n|-start|p1a: Zekrom|confusion|[fatigue]\n|\n|win|dragos10\n|raw|dragos10's rating: 1101 &rarr; <strong>1122<\/strong><br \/>(+21 for winning)\n|raw|COOL_lordHS's rating: 1042 &rarr; <strong>1028<\/strong><br \/>(-14 for losing)\n","uploadtime":1700579630,"views":12,"p1id":"dragos10","p2id":"coollordhs","formatid":"gen9nationaldexubers","rating":1028,"private":0,"password":""}