{"id":"gen9nationaldexubers-1998651826","p1":"ak1ak2ak3","p2":"Cyclistsiggy","format":"[Gen 9] National Dex Ubers","log":"|j|\u2606ak1ak2ak3\n|j|\u2606Cyclistsiggy\n|t:|1700967818\n|gametype|singles\n|player|p1|ak1ak2ak3|169|\n|player|p2|Cyclistsiggy|cyclist-gen4|\n|teamsize|p1|6\n|teamsize|p2|6\n|gen|9\n|tier|[Gen 9] National Dex Ubers\n|rule|HP Percentage Mod: HP is shown in percentages\n|rule|Endless Battle Clause: Forcing endless battles is banned\n|rule|OHKO Clause: OHKO moves are banned\n|rule|Evasion Moves Clause: Evasion moves are banned\n|rule|Evasion Items Clause: Evasion items are banned\n|rule|Species Clause: Limit one of each Pok\u00e9mon\n|rule|Sleep Clause Mod: Limit one foe put to sleep\n|rule|Mega Rayquaza Clause: You cannot mega evolve Rayquaza\n|clearpoke\n|poke|p1|Garchomp, F|\n|poke|p1|Chi-Yu|\n|poke|p1|Hawlucha, M|\n|poke|p1|Maushold-Four|\n|poke|p1|Ditto|\n|poke|p1|Thundurus-Therian, M|\n|poke|p2|Ogerpon-Hearthflame, F|\n|poke|p2|Espathra, M|\n|poke|p2|Grimmsnarl, M|\n|poke|p2|Dachsbun, M|\n|poke|p2|Glimmora, M|\n|poke|p2|Annihilape, M|\n|teampreview\n|\n|t:|1700967829\n|start\n|switch|p1a: Maushold|Maushold-Four|100\/100\n|switch|p2a: Grimmsnarl|Grimmsnarl, M|100\/100\n|turn|1\n|inactive|Battle timer is ON: inactive players will automatically lose when time's up. (requested by ak1ak2ak3)\n|\n|t:|1700967844\n|move|p2a: Grimmsnarl|Parting Shot|p1a: Maushold\n|-unboost|p1a: Maushold|atk|1\n|-unboost|p1a: Maushold|spa|1\n|\n|t:|1700967863\n|switch|p2a: Annihilape|Annihilape, M|100\/100|[from] Parting Shot\n|move|p1a: Maushold|Tidy Up|p1a: Maushold\n|-boost|p1a: Maushold|atk|1\n|-boost|p1a: Maushold|spe|1\n|\n|upkeep\n|turn|2\n|\n|t:|1700967878\n|-terastallize|p1a: Maushold|Ghost\n|move|p1a: Maushold|Tidy Up|p1a: Maushold\n|-boost|p1a: Maushold|atk|1\n|-boost|p1a: Maushold|spe|1\n|move|p2a: Annihilape|Drain Punch|p1a: Maushold\n|-immune|p1a: Maushold\n|\n|upkeep\n|turn|3\n|\n|t:|1700967888\n|move|p1a: Maushold|Encore|p2a: Annihilape\n|-start|p2a: Annihilape|Encore\n|move|p2a: Annihilape|Drain Punch|p1a: Maushold\n|-immune|p1a: Maushold\n|\n|upkeep\n|turn|4\n|\n|t:|1700967897\n|switch|p2a: Grimmsnarl|Grimmsnarl, M|100\/100\n|move|p1a: Maushold|Tidy Up|p1a: Maushold\n|-boost|p1a: Maushold|atk|1\n|-boost|p1a: Maushold|spe|1\n|\n|upkeep\n|turn|5\n|\n|t:|1700967913\n|move|p2a: Grimmsnarl|Reflect|p2a: Grimmsnarl\n|-sidestart|p2: Cyclistsiggy|Reflect\n|move|p1a: Maushold|Crunch|p2a: Grimmsnarl\n|-resisted|p2a: Grimmsnarl\n|-damage|p2a: Grimmsnarl|95\/100\n|\n|upkeep\n|turn|6\n|\n|t:|1700967930\n|move|p2a: Grimmsnarl|Parting Shot|p1a: Maushold\n|-unboost|p1a: Maushold|atk|1\n|-unboost|p1a: Maushold|spa|1\n|\n|t:|1700967933\n|switch|p2a: Annihilape|Annihilape, M|100\/100|[from] Parting Shot\n|move|p1a: Maushold|Tidy Up|p1a: Maushold\n|-boost|p1a: Maushold|atk|1\n|-boost|p1a: Maushold|spe|1\n|\n|upkeep\n|turn|7\n|\n|t:|1700967944\n|move|p1a: Maushold|Crunch|p2a: Annihilape\n|-damage|p2a: Annihilape|86\/100\n|-unboost|p2a: Annihilape|def|1\n|-ability|p2a: Annihilape|Defiant|boost\n|-boost|p2a: Annihilape|atk|2\n|move|p2a: Annihilape|Rage Fist|p1a: Maushold\n|-supereffective|p1a: Maushold\n|-damage|p1a: Maushold|0 fnt\n|faint|p1a: Maushold\n|\n|upkeep\n|\n|t:|1700967959\n|switch|p1a: Thundurus|Thundurus-Therian, M|100\/100\n|turn|8\n|\n|t:|1700967975\n|move|p1a: Thundurus|Dark Pulse|p2a: Annihilape\n|-damage|p2a: Annihilape|64\/100\n|move|p2a: Annihilape|Rage Fist|p1a: Thundurus\n|-damage|p1a: Thundurus|0 fnt\n|faint|p1a: Thundurus\n|\n|upkeep\n|\n|t:|1700967986\n|switch|p1a: Garchomp|Garchomp, F|100\/100\n|turn|9\n|\n|t:|1700967997\n|move|p1a: Garchomp|Earthquake|p2a: Annihilape\n|-damage|p2a: Annihilape|30\/100\n|move|p2a: Annihilape|Rage Fist|p1a: Garchomp\n|-damage|p1a: Garchomp|0 fnt\n|-damage|p2a: Annihilape|17\/100|[from] ability: Rough Skin|[of] p1a: Garchomp\n|-damage|p2a: Annihilape|1\/100|[from] item: Rocky Helmet|[of] p1a: Garchomp\n|faint|p1a: Garchomp\n|\n|upkeep\n|\n|t:|1700968008\n|switch|p1a: Ditto|Ditto|100\/100\n|-transform|p1a: Ditto|p2a: Annihilape|[from] ability: Imposter\n|turn|10\n|\n|t:|1700968022\n|switch|p2a: Grimmsnarl|Grimmsnarl, M|95\/100\n|move|p1a: Ditto|Rage Fist|p2a: Grimmsnarl\n|-resisted|p2a: Grimmsnarl\n|-damage|p2a: Grimmsnarl|50\/100\n|\n|upkeep\n|turn|11\n|\n|t:|1700968034\n|move|p2a: Grimmsnarl|Trick|p1a: Ditto\n|-activate|p2a: Grimmsnarl|move: Trick|[of] p1a: Ditto\n|-item|p1a: Ditto|Light Clay|[from] move: Trick\n|-item|p2a: Grimmsnarl|Choice Scarf|[from] move: Trick\n|move|p1a: Ditto|Rage Fist|p2a: Grimmsnarl\n|-resisted|p2a: Grimmsnarl\n|-damage|p2a: Grimmsnarl|2\/100\n|\n|upkeep\n|turn|12\n|inactive|ak1ak2ak3 has 270 seconds left.\n|inactive|Cyclistsiggy has 270 seconds left.\n|\n|t:|1700968068\n|switch|p2a: Glimmora|Glimmora, M|100\/100\n|move|p1a: Ditto|Drain Punch|p2a: Glimmora\n|-damage|p2a: Glimmora|63\/100\n|-activate|p2a: Glimmora|ability: Toxic Debris\n|-sidestart|p1: ak1ak2ak3|move: Toxic Spikes\n|\n|-sideend|p2: Cyclistsiggy|Reflect\n|upkeep\n|turn|13\n|inactive|ak1ak2ak3 has 270 seconds left.\n|inactive|Cyclistsiggy has 270 seconds left.\n|\n|t:|1700968083\n|move|p2a: Glimmora|Mortal Spin|p1a: Ditto\n|-resisted|p1a: Ditto\n|-damage|p1a: Ditto|95\/100\n|-status|p1a: Ditto|psn\n|move|p1a: Ditto|Rage Fist|p2a: Glimmora\n|-damage|p2a: Glimmora|0 fnt\n|-activate|p2a: Glimmora|ability: Toxic Debris\n|-sidestart|p1: ak1ak2ak3|move: Toxic Spikes\n|faint|p2a: Glimmora\n|\n|-damage|p1a: Ditto|83\/100 psn|[from] psn\n|upkeep\n|\n|t:|1700968110\n|switch|p2a: Espathra|Espathra, M|100\/100\n|turn|14\n|\n|t:|1700968118\n|move|p2a: Espathra|Substitute|p2a: Espathra\n|-start|p2a: Espathra|Substitute\n|-damage|p2a: Espathra|75\/100\n|move|p1a: Ditto|Rage Fist|p2a: Espathra\n|-supereffective|p2a: Espathra\n|-end|p2a: Espathra|Substitute\n|\n|-heal|p2a: Espathra|82\/100|[from] item: Leftovers\n|-damage|p1a: Ditto|71\/100 psn|[from] psn\n|-ability|p2a: Espathra|Speed Boost|boost\n|-boost|p2a: Espathra|spe|1\n|upkeep\n|turn|15\n|\n|t:|1700968130\n|switch|p1a: Hawlucha|Hawlucha, M|100\/100\n|move|p2a: Espathra|Substitute|p2a: Espathra\n|-start|p2a: Espathra|Substitute\n|-damage|p2a: Espathra|57\/100\n|\n|-heal|p2a: Espathra|63\/100|[from] item: Leftovers\n|-ability|p2a: Espathra|Speed Boost|boost\n|-boost|p2a: Espathra|spe|1\n|upkeep\n|turn|16\n|\n|t:|1700968143\n|move|p2a: Espathra|Calm Mind|p2a: Espathra\n|-boost|p2a: Espathra|spa|1\n|-boost|p2a: Espathra|spd|1\n|move|p1a: Hawlucha|Close Combat|p2a: Espathra\n|-resisted|p2a: Espathra\n|-end|p2a: Espathra|Substitute\n|-unboost|p1a: Hawlucha|def|1\n|-unboost|p1a: Hawlucha|spd|1\n|-enditem|p1a: Hawlucha|White Herb\n|-clearnegativeboost|p1a: Hawlucha|[silent]\n|\n|-heal|p2a: Espathra|69\/100|[from] item: Leftovers\n|-ability|p2a: Espathra|Speed Boost|boost\n|-boost|p2a: Espathra|spe|1\n|upkeep\n|turn|17\n|\n|t:|1700968163\n|move|p2a: Espathra|Substitute|p2a: Espathra\n|-start|p2a: Espathra|Substitute\n|-damage|p2a: Espathra|44\/100\n|move|p1a: Hawlucha|Acrobatics|p2a: Espathra\n|-end|p2a: Espathra|Substitute\n|\n|-heal|p2a: Espathra|50\/100|[from] item: Leftovers\n|-ability|p2a: Espathra|Speed Boost|boost\n|-boost|p2a: Espathra|spe|1\n|upkeep\n|turn|18\n|\n|t:|1700968182\n|move|p2a: Espathra|Stored Power|p1a: Hawlucha\n|-supereffective|p1a: Hawlucha\n|-damage|p1a: Hawlucha|0 fnt\n|faint|p1a: Hawlucha\n|\n|-heal|p2a: Espathra|56\/100|[from] item: Leftovers\n|-ability|p2a: Espathra|Speed Boost|boost\n|-boost|p2a: Espathra|spe|1\n|upkeep\n|\n|t:|1700968191\n|switch|p1a: Ditto|Ditto|71\/100 psn\n|-transform|p1a: Ditto|p2a: Espathra|[from] ability: Imposter\n|turn|19\n|\n|t:|1700968198\n|move|p2a: Espathra|Substitute|p2a: Espathra\n|-start|p2a: Espathra|Substitute\n|-damage|p2a: Espathra|31\/100\n|move|p1a: Ditto|Stored Power|p2a: Espathra\n|-resisted|p2a: Espathra\n|-end|p2a: Espathra|Substitute\n|\n|-heal|p2a: Espathra|37\/100|[from] item: Leftovers\n|-damage|p1a: Ditto|58\/100 psn|[from] psn\n|-ability|p2a: Espathra|Speed Boost|boost\n|-boost|p2a: Espathra|spe|1\n|-ability|p1a: Ditto|Speed Boost|boost\n|-boost|p1a: Ditto|spe|1\n|upkeep\n|turn|20\n|\n|t:|1700968216\n|move|p2a: Espathra|Stored Power|p1a: Ditto\n|-resisted|p1a: Ditto\n|-damage|p1a: Ditto|0 fnt\n|faint|p1a: Ditto\n|\n|-heal|p2a: Espathra|43\/100|[from] item: Leftovers\n|upkeep\n|\n|t:|1700968223\n|switch|p1a: Chi-Yu|Chi-Yu|100\/100\n|-status|p1a: Chi-Yu|tox\n|-ability|p1a: Chi-Yu|Beads of Ruin\n|turn|21\n|\n|t:|1700968230\n|switch|p2a: Dachsbun|Dachsbun, M|100\/100\n|move|p1a: Chi-Yu|Dark Pulse|p2a: Dachsbun\n|-resisted|p2a: Dachsbun\n|-damage|p2a: Dachsbun|61\/100\n|\n|-heal|p2a: Dachsbun|67\/100|[from] item: Leftovers\n|-damage|p1a: Chi-Yu|95\/100 tox|[from] psn\n|upkeep\n|turn|22\n|inactive|Cyclistsiggy has 270 seconds left.\n|\n|t:|1700968240\n|move|p1a: Chi-Yu|Dark Pulse|p2a: Dachsbun\n|-resisted|p2a: Dachsbun\n|-damage|p2a: Dachsbun|23\/100\n|move|p2a: Dachsbun|Body Press|p1a: Chi-Yu\n|-supereffective|p1a: Chi-Yu\n|-damage|p1a: Chi-Yu|20\/100 tox\n|\n|-heal|p2a: Dachsbun|28\/100|[from] item: Leftovers\n|-damage|p1a: Chi-Yu|8\/100 tox|[from] psn\n|upkeep\n|turn|23\n|\n|t:|1700968251\n|move|p1a: Chi-Yu|Dark Pulse|p2a: Dachsbun\n|-resisted|p2a: Dachsbun\n|-damage|p2a: Dachsbun|0 fnt\n|faint|p2a: Dachsbun\n|\n|-damage|p1a: Chi-Yu|0 fnt|[from] psn\n|faint|p1a: Chi-Yu\n|\n|win|Cyclistsiggy\n|upkeep\n|l|\u2606ak1ak2ak3\n","uploadtime":1700968279,"views":20,"p1id":"ak1ak2ak3","p2id":"cyclistsiggy","formatid":"gen9nationaldexubers","rating":0,"private":0,"password":""}