{"id":"gen9nationaldexubers-1981286407","p1":"butter dk","p2":"zooki18","format":"[Gen 9] National Dex Ubers","log":"|j|\u2606butter dk\n|j|\u2606zooki18\n|t:|1698879873\n|gametype|singles\n|player|p1|butter dk|proton|\n|player|p2|zooki18|lass-gen1rb|\n|teamsize|p1|6\n|teamsize|p2|6\n|gen|9\n|tier|[Gen 9] National Dex Ubers\n|rule|HP Percentage Mod: HP is shown in percentages\n|rule|Endless Battle Clause: Forcing endless battles is banned\n|rule|OHKO Clause: OHKO moves are banned\n|rule|Evasion Moves Clause: Evasion moves are banned\n|rule|Evasion Items Clause: Evasion items are banned\n|rule|Species Clause: Limit one of each Pok\u00e9mon\n|rule|Sleep Clause Mod: Limit one foe put to sleep\n|rule|Mega Rayquaza Clause: You cannot mega evolve Rayquaza\n|clearpoke\n|poke|p1|Magnezone|\n|poke|p1|Hippowdon, F|\n|poke|p1|Iron Leaves|\n|poke|p1|Lycanroc, F|\n|poke|p1|Gastrodon-East, M|\n|poke|p1|Torkoal, M|\n|poke|p2|Guzzlord|\n|poke|p2|Iron Leaves|\n|poke|p2|Musharna, F|\n|poke|p2|Hippowdon, M|\n|poke|p2|Lycanroc, M|\n|poke|p2|Decidueye-Hisui, F|\n|teampreview\n|\n|t:|1698879889\n|start\n|switch|p1a: Nudibranch|Gastrodon-East, M|100\/100\n|switch|p2a: Decidueye|Decidueye-Hisui, F|100\/100\n|turn|1\n|\n|t:|1698879910\n|switch|p1a: Clean Coal|Torkoal, M|100\/100\n|move|p2a: Decidueye|Knock Off|p1a: Clean Coal\n|-damage|p1a: Clean Coal|84\/100\n|-enditem|p1a: Clean Coal|Heavy-Duty Boots|[from] move: Knock Off|[of] p2a: Decidueye\n|\n|upkeep\n|turn|2\n|c|\u2606zooki18|its not drought\n|\n|t:|1698879935\n|switch|p2a: Hippowdon|Hippowdon, M|100\/100\n|-weather|Sandstorm|[from] ability: Sand Stream|[of] p2a: Hippowdon\n|move|p1a: Clean Coal|Will-O-Wisp|p2a: Hippowdon|[miss]\n|-miss|p1a: Clean Coal|p2a: Hippowdon\n|\n|-weather|Sandstorm|[upkeep]\n|-damage|p1a: Clean Coal|78\/100|[from] Sandstorm\n|upkeep\n|turn|3\n|c|\u2606butter dk|sun is scary\n|\n|t:|1698879958\n|switch|p2a: Guzzlord|Guzzlord|100\/100\n|move|p1a: Clean Coal|Will-O-Wisp|p2a: Guzzlord\n|-status|p2a: Guzzlord|brn\n|\n|-weather|Sandstorm|[upkeep]\n|-damage|p2a: Guzzlord|94\/100 brn|[from] Sandstorm\n|-damage|p1a: Clean Coal|72\/100|[from] Sandstorm\n|-heal|p2a: Guzzlord|100\/100 brn|[from] item: Leftovers\n|-damage|p2a: Guzzlord|94\/100 brn|[from] brn\n|upkeep\n|turn|4\n|\n|t:|1698879971\n|move|p2a: Guzzlord|Knock Off|p1a: Clean Coal\n|-damage|p1a: Clean Coal|64\/100\n|move|p1a: Clean Coal|Body Press|p2a: Guzzlord\n|-supereffective|p2a: Guzzlord\n|-damage|p2a: Guzzlord|43\/100 brn\n|\n|-weather|Sandstorm|[upkeep]\n|-damage|p2a: Guzzlord|37\/100 brn|[from] Sandstorm\n|-damage|p1a: Clean Coal|58\/100|[from] Sandstorm\n|-heal|p2a: Guzzlord|43\/100 brn|[from] item: Leftovers\n|-damage|p2a: Guzzlord|37\/100 brn|[from] brn\n|upkeep\n|turn|5\n|\n|t:|1698879994\n|move|p2a: Guzzlord|Rest|p2a: Guzzlord\n|-status|p2a: Guzzlord|slp|[from] move: Rest\n|-heal|p2a: Guzzlord|100\/100 slp|[silent]\n|move|p1a: Clean Coal|Body Press|p2a: Guzzlord\n|-supereffective|p2a: Guzzlord\n|-damage|p2a: Guzzlord|48\/100 slp\n|\n|-weather|Sandstorm|[upkeep]\n|-damage|p2a: Guzzlord|42\/100 slp|[from] Sandstorm\n|-damage|p1a: Clean Coal|52\/100|[from] Sandstorm\n|-heal|p2a: Guzzlord|48\/100 slp|[from] item: Leftovers\n|upkeep\n|turn|6\n|\n|t:|1698880000\n|switch|p2a: Musharna|Musharna, F|100\/100\n|move|p1a: Clean Coal|Body Press|p2a: Musharna\n|-resisted|p2a: Musharna\n|-damage|p2a: Musharna|87\/100\n|\n|-weather|none\n|-heal|p2a: Musharna|93\/100|[from] item: Leftovers\n|upkeep\n|turn|7\n|\n|t:|1698880017\n|switch|p1a: Nudibranch|Gastrodon-East, M|100\/100\n|move|p2a: Musharna|Dazzling Gleam|p1a: Nudibranch\n|-damage|p1a: Nudibranch|82\/100\n|\n|-heal|p2a: Musharna|99\/100|[from] item: Leftovers\n|-heal|p1a: Nudibranch|88\/100|[from] item: Leftovers\n|upkeep\n|turn|8\n|\n|t:|1698880028\n|switch|p2a: Guzzlord|Guzzlord|48\/100 slp\n|move|p1a: Nudibranch|Spikes|p2a: Guzzlord\n|-sidestart|p2: zooki18|Spikes\n|\n|-heal|p2a: Guzzlord|54\/100 slp|[from] item: Leftovers\n|-heal|p1a: Nudibranch|94\/100|[from] item: Leftovers\n|upkeep\n|turn|9\n|\n|t:|1698880045\n|cant|p2a: Guzzlord|slp\n|move|p2a: Guzzlord|Sleep Talk|p2a: Guzzlord\n|move|p2a: Guzzlord|Knock Off|p1a: Nudibranch|[from]move: Sleep Talk\n|-damage|p1a: Nudibranch|65\/100\n|-enditem|p1a: Nudibranch|Leftovers|[from] move: Knock Off|[of] p2a: Guzzlord\n|move|p1a: Nudibranch|Spikes|p2a: Guzzlord\n|-sidestart|p2: zooki18|Spikes\n|\n|-heal|p2a: Guzzlord|60\/100 slp|[from] item: Leftovers\n|upkeep\n|turn|10\n|\n|t:|1698880054\n|cant|p2a: Guzzlord|slp\n|move|p2a: Guzzlord|Sleep Talk|p2a: Guzzlord\n|move|p2a: Guzzlord|Dragon Tail|p1a: Nudibranch|[from]move: Sleep Talk|[miss]\n|-miss|p2a: Guzzlord|p1a: Nudibranch\n|move|p1a: Nudibranch|Spikes|p2a: Guzzlord\n|-sidestart|p2: zooki18|Spikes\n|\n|-heal|p2a: Guzzlord|66\/100 slp|[from] item: Leftovers\n|upkeep\n|turn|11\n|\n|t:|1698880066\n|-curestatus|p2a: Guzzlord|slp|[msg]\n|move|p2a: Guzzlord|Knock Off|p1a: Nudibranch\n|-damage|p1a: Nudibranch|43\/100\n|move|p1a: Nudibranch|Recover|p1a: Nudibranch\n|-heal|p1a: Nudibranch|93\/100\n|\n|-heal|p2a: Guzzlord|72\/100|[from] item: Leftovers\n|upkeep\n|turn|12\n|\n|t:|1698880074\n|move|p1a: Nudibranch|Toxic|p2a: Guzzlord\n|-status|p2a: Guzzlord|tox\n|move|p2a: Guzzlord|Dragon Tail|p1a: Nudibranch\n|-damage|p1a: Nudibranch|72\/100\n|drag|p1a: youre a big guy|Hippowdon, F|100\/100\n|-weather|Sandstorm|[from] ability: Sand Stream|[of] p1a: youre a big guy\n|\n|-weather|Sandstorm|[upkeep]\n|-damage|p2a: Guzzlord|66\/100 tox|[from] Sandstorm\n|-heal|p2a: Guzzlord|72\/100 tox|[from] item: Leftovers\n|-damage|p2a: Guzzlord|66\/100 tox|[from] psn\n|upkeep\n|turn|13\n|\n|t:|1698880087\n|move|p1a: youre a big guy|Stealth Rock|p2a: Guzzlord\n|-sidestart|p2: zooki18|move: Stealth Rock\n|move|p2a: Guzzlord|Knock Off|p1a: youre a big guy\n|-damage|p1a: youre a big guy|70\/100\n|-enditem|p1a: youre a big guy|Leftovers|[from] move: Knock Off|[of] p2a: Guzzlord\n|\n|-weather|Sandstorm|[upkeep]\n|-damage|p2a: Guzzlord|60\/100 tox|[from] Sandstorm\n|-heal|p2a: Guzzlord|66\/100 tox|[from] item: Leftovers\n|-damage|p2a: Guzzlord|54\/100 tox|[from] psn\n|upkeep\n|turn|14\n|\n|t:|1698880097\n|move|p1a: youre a big guy|Earthquake|p2a: Guzzlord\n|-damage|p2a: Guzzlord|23\/100 tox\n|move|p2a: Guzzlord|Rest|p2a: Guzzlord\n|-status|p2a: Guzzlord|slp|[from] move: Rest\n|-heal|p2a: Guzzlord|100\/100 slp|[silent]\n|\n|-weather|Sandstorm|[upkeep]\n|-damage|p2a: Guzzlord|94\/100 slp|[from] Sandstorm\n|-heal|p2a: Guzzlord|100\/100 slp|[from] item: Leftovers\n|upkeep\n|turn|15\n|\n|t:|1698880107\n|move|p1a: youre a big guy|Earthquake|p2a: Guzzlord\n|-damage|p2a: Guzzlord|68\/100 slp\n|cant|p2a: Guzzlord|slp\n|move|p2a: Guzzlord|Sleep Talk|p2a: Guzzlord\n|move|p2a: Guzzlord|Rest||[from]move: Sleep Talk|[still]\n|-fail|p2a: Guzzlord\n|\n|-weather|Sandstorm|[upkeep]\n|-damage|p2a: Guzzlord|62\/100 slp|[from] Sandstorm\n|-heal|p2a: Guzzlord|68\/100 slp|[from] item: Leftovers\n|upkeep\n|turn|16\n|\n|t:|1698880120\n|switch|p2a: Decidueye|Decidueye-Hisui, F|100\/100\n|-damage|p2a: Decidueye|76\/100|[from] Spikes\n|-damage|p2a: Decidueye|70\/100|[from] Stealth Rock\n|move|p1a: youre a big guy|Earthquake|p2a: Decidueye\n|-resisted|p2a: Decidueye\n|-damage|p2a: Decidueye|45\/100\n|\n|-weather|none\n|upkeep\n|turn|17\n|\n|t:|1698880139\n|switch|p1a: Clean Coal|Torkoal, M|52\/100\n|move|p2a: Decidueye|Triple Arrows|p1a: Clean Coal\n|-damage|p1a: Clean Coal|27\/100\n|-unboost|p1a: Clean Coal|def|1\n|\n|upkeep\n|turn|18\n|\n|t:|1698880151\n|move|p2a: Decidueye|Triple Arrows|p1a: Clean Coal\n|-damage|p1a: Clean Coal|0 fnt\n|faint|p1a: Clean Coal\n|\n|upkeep\n|\n|t:|1698880176\n|switch|p1a: Make Like a Tree|Iron Leaves|100\/100\n|-enditem|p1a: Make Like a Tree|Booster Energy\n|-activate|p1a: Make Like a Tree|ability: Quark Drive|[fromitem]\n|-start|p1a: Make Like a Tree|quarkdrivespe\n|turn|19\n|\n|t:|1698880195\n|switch|p2a: Guzzlord|Guzzlord|68\/100 slp\n|-damage|p2a: Guzzlord|43\/100 slp|[from] Spikes\n|-damage|p2a: Guzzlord|30\/100 slp|[from] Stealth Rock\n|move|p1a: Make Like a Tree|Swords Dance|p1a: Make Like a Tree\n|-boost|p1a: Make Like a Tree|atk|2\n|\n|-heal|p2a: Guzzlord|37\/100 slp|[from] item: Leftovers\n|upkeep\n|turn|20\n|\n|t:|1698880208\n|move|p1a: Make Like a Tree|Leaf Blade|p2a: Guzzlord\n|-resisted|p2a: Guzzlord\n|-damage|p2a: Guzzlord|1\/100 slp\n|cant|p2a: Guzzlord|slp\n|move|p2a: Guzzlord|Sleep Talk|p2a: Guzzlord\n|move|p2a: Guzzlord|Knock Off|p1a: Make Like a Tree|[from]move: Sleep Talk\n|-supereffective|p1a: Make Like a Tree\n|-damage|p1a: Make Like a Tree|37\/100\n|\n|-heal|p2a: Guzzlord|7\/100 slp|[from] item: Leftovers\n|upkeep\n|turn|21\n|\n|t:|1698880218\n|move|p1a: Make Like a Tree|Leaf Blade|p2a: Guzzlord\n|-resisted|p2a: Guzzlord\n|-crit|p2a: Guzzlord\n|-damage|p2a: Guzzlord|0 fnt\n|faint|p2a: Guzzlord\n|\n|upkeep\n|\n|t:|1698880265\n|switch|p2a: Hippowdon|Hippowdon, M|100\/100\n|-damage|p2a: Hippowdon|75\/100|[from] Spikes\n|-damage|p2a: Hippowdon|69\/100|[from] Stealth Rock\n|-weather|Sandstorm|[from] ability: Sand Stream|[of] p2a: Hippowdon\n|turn|22\n|\n|t:|1698880275\n|move|p1a: Make Like a Tree|Leaf Blade|p2a: Hippowdon\n|-supereffective|p2a: Hippowdon\n|-damage|p2a: Hippowdon|0 fnt\n|faint|p2a: Hippowdon\n|\n|-weather|Sandstorm|[upkeep]\n|-damage|p1a: Make Like a Tree|31\/100|[from] Sandstorm\n|upkeep\n|\n|t:|1698880278\n|switch|p2a: Decidueye|Decidueye-Hisui, F|45\/100\n|-damage|p2a: Decidueye|20\/100|[from] Spikes\n|-damage|p2a: Decidueye|14\/100|[from] Stealth Rock\n|turn|23\n|c|\u2606zooki18|miss click\n|\n|t:|1698880290\n|move|p1a: Make Like a Tree|Psyblade|p2a: Decidueye\n|-supereffective|p2a: Decidueye\n|-damage|p2a: Decidueye|0 fnt\n|faint|p2a: Decidueye\n|\n|-weather|Sandstorm|[upkeep]\n|-damage|p1a: Make Like a Tree|25\/100|[from] Sandstorm\n|upkeep\n|\n|t:|1698880293\n|switch|p2a: Lycanroc|Lycanroc, M|100\/100\n|-damage|p2a: Lycanroc|76\/100|[from] Spikes\n|-damage|p2a: Lycanroc|63\/100|[from] Stealth Rock\n|turn|24\n|\n|t:|1698880305\n|move|p2a: Lycanroc|Accelerock|p1a: Make Like a Tree\n|-damage|p1a: Make Like a Tree|0 fnt\n|faint|p1a: Make Like a Tree\n|-end|p1a: Make Like a Tree|Quark Drive|[silent]\n|-damage|p2a: Lycanroc|53\/100|[from] item: Life Orb\n|\n|-weather|Sandstorm|[upkeep]\n|upkeep\n|\n|t:|1698880319\n|switch|p1a: PartyLycanrockstar|Lycanroc, F|100\/100\n|turn|25\n|\n|t:|1698880330\n|move|p2a: Lycanroc|Close Combat|p1a: PartyLycanrockstar\n|-supereffective|p1a: PartyLycanrockstar\n|-damage|p1a: PartyLycanrockstar|0 fnt\n|-unboost|p2a: Lycanroc|def|1\n|-unboost|p2a: Lycanroc|spd|1\n|faint|p1a: PartyLycanrockstar\n|-damage|p2a: Lycanroc|43\/100|[from] item: Life Orb\n|\n|-weather|Sandstorm|[upkeep]\n|upkeep\n|\n|t:|1698880339\n|switch|p1a: Nudibranch|Gastrodon-East, M|72\/100\n|turn|26\n|\n|t:|1698880344\n|move|p2a: Lycanroc|Trailblaze|p1a: Nudibranch\n|-supereffective|p1a: Nudibranch\n|-damage|p1a: Nudibranch|14\/100\n|-boost|p2a: Lycanroc|spe|1\n|-damage|p2a: Lycanroc|33\/100|[from] item: Life Orb\n|move|p1a: Nudibranch|Recover|p1a: Nudibranch\n|-heal|p1a: Nudibranch|64\/100\n|\n|-weather|none\n|upkeep\n|turn|27\n|\n|t:|1698880356\n|move|p2a: Lycanroc|Trailblaze|p1a: Nudibranch\n|-supereffective|p1a: Nudibranch\n|-damage|p1a: Nudibranch|5\/100\n|-boost|p2a: Lycanroc|spe|1\n|-damage|p2a: Lycanroc|24\/100|[from] item: Life Orb\n|move|p1a: Nudibranch|Scald|p2a: Lycanroc\n|-supereffective|p2a: Lycanroc\n|-damage|p2a: Lycanroc|0 fnt\n|faint|p2a: Lycanroc\n|\n|upkeep\n|\n|t:|1698880362\n|switch|p2a: Iron Leaves|Iron Leaves|100\/100\n|-damage|p2a: Iron Leaves|76\/100|[from] Spikes\n|-damage|p2a: Iron Leaves|63\/100|[from] Stealth Rock\n|-enditem|p2a: Iron Leaves|Booster Energy\n|-activate|p2a: Iron Leaves|ability: Quark Drive|[fromitem]\n|-start|p2a: Iron Leaves|quarkdriveatk\n|turn|28\n|\n|t:|1698880376\n|move|p2a: Iron Leaves|Trailblaze|p1a: Nudibranch\n|-supereffective|p1a: Nudibranch\n|-damage|p1a: Nudibranch|0 fnt\n|-boost|p2a: Iron Leaves|spe|1\n|faint|p1a: Nudibranch\n|\n|upkeep\n|\n|t:|1698880383\n|switch|p1a: THIS is Zoness?|Magnezone|100\/100\n|turn|29\n|\n|t:|1698880397\n|move|p2a: Iron Leaves|Close Combat|p1a: THIS is Zoness?\n|-supereffective|p1a: THIS is Zoness?\n|-damage|p1a: THIS is Zoness?|5\/100\n|-unboost|p2a: Iron Leaves|def|1\n|-unboost|p2a: Iron Leaves|spd|1\n|move|p1a: THIS is Zoness?|Flash Cannon|p2a: Iron Leaves\n|-damage|p2a: Iron Leaves|0 fnt\n|faint|p2a: Iron Leaves\n|-end|p2a: Iron Leaves|Quark Drive|[silent]\n|\n|upkeep\n|\n|t:|1698880403\n|switch|p2a: Musharna|Musharna, F|99\/100\n|-damage|p2a: Musharna|74\/100|[from] Spikes\n|-damage|p2a: Musharna|62\/100|[from] Stealth Rock\n|turn|30\n|\n|t:|1698880409\n|move|p1a: THIS is Zoness?|Volt Switch|p2a: Musharna\n|-damage|p2a: Musharna|27\/100\n|\n|t:|1698880413\n|switch|p1a: youre a big guy|Hippowdon, F|70\/100|[from] Volt Switch\n|-weather|Sandstorm|[from] ability: Sand Stream|[of] p1a: youre a big guy\n|move|p2a: Musharna|Moonlight|p2a: Musharna\n|-heal|p2a: Musharna|52\/100\n|\n|-weather|Sandstorm|[upkeep]\n|-damage|p2a: Musharna|46\/100|[from] Sandstorm\n|-heal|p2a: Musharna|52\/100|[from] item: Leftovers\n|upkeep\n|turn|31\n|\n|t:|1698880424\n|move|p1a: youre a big guy|Earthquake|p2a: Musharna\n|-damage|p2a: Musharna|20\/100\n|move|p2a: Musharna|Calm Mind|p2a: Musharna\n|-boost|p2a: Musharna|spa|1\n|-boost|p2a: Musharna|spd|1\n|\n|-weather|Sandstorm|[upkeep]\n|-damage|p2a: Musharna|14\/100|[from] Sandstorm\n|-heal|p2a: Musharna|20\/100|[from] item: Leftovers\n|upkeep\n|turn|32\n|\n|t:|1698880432\n|move|p1a: youre a big guy|Earthquake|p2a: Musharna\n|-damage|p2a: Musharna|0 fnt\n|faint|p2a: Musharna\n|\n|win|butter dk\n|c|\u2606zooki18|gg\n|c|\u2606butter dk|ggs ggs\n","uploadtime":1698880568,"views":6,"p1id":"butterdk","p2id":"zooki18","formatid":"gen9nationaldexubers","rating":0,"private":0,"password":""}