{"id":"gen9nationaldexubers-1988675945","p1":"Dekkerdoesstuff","p2":"Kat_XIII","format":"[Gen 9] National Dex Ubers","log":"|j|\u2606Dekkerdoesstuff\n|j|\u2606Kat_XIII\n|t:|1699749299\n|gametype|singles\n|player|p1|Dekkerdoesstuff|yellow|1550\n|player|p2|Kat_XIII|rood|1635\n|teamsize|p1|6\n|teamsize|p2|6\n|gen|9\n|tier|[Gen 9] National Dex Ubers\n|rated|\n|rule|HP Percentage Mod: HP is shown in percentages\n|rule|Endless Battle Clause: Forcing endless battles is banned\n|rule|OHKO Clause: OHKO moves are banned\n|rule|Evasion Moves Clause: Evasion moves are banned\n|rule|Evasion Items Clause: Evasion items are banned\n|rule|Species Clause: Limit one of each Pok\u00e9mon\n|rule|Sleep Clause Mod: Limit one foe put to sleep\n|rule|Mega Rayquaza Clause: You cannot mega evolve Rayquaza\n|clearpoke\n|poke|p1|Necrozma-Dusk-Mane|\n|poke|p1|Ho-Oh|\n|poke|p1|Groudon|\n|poke|p1|Arceus-Dark|\n|poke|p1|Zacian-*|\n|poke|p1|Kyogre|\n|poke|p2|Zacian-*|\n|poke|p2|Xerneas-*|\n|poke|p2|Deoxys-Speed|\n|poke|p2|Groudon|\n|poke|p2|Arceus-Ground|\n|poke|p2|Necrozma-Dusk-Mane|\n|teampreview\n|inactive|Battle timer is ON: inactive players will automatically lose when time's up. (requested by Dekkerdoesstuff)\n|c|\u2606Kat_XIII|glhf\n|\n|t:|1699749321\n|start\n|switch|p1a: Arceus|Arceus-Dark, shiny|100\/100\n|switch|p2a: Deoxys|Deoxys-Speed|100\/100\n|-ability|p2a: Deoxys|Pressure\n|turn|1\n|\n|t:|1699749324\n|move|p2a: Deoxys|Taunt|p1a: Arceus\n|-start|p1a: Arceus|move: Taunt\n|cant|p1a: Arceus|move: Taunt|Taunt\n|\n|upkeep\n|turn|2\n|\n|t:|1699749327\n|move|p2a: Deoxys|Stealth Rock|p1a: Arceus\n|-sidestart|p1: Dekkerdoesstuff|move: Stealth Rock\n|move|p1a: Arceus|Foul Play|p2a: Deoxys\n|-supereffective|p2a: Deoxys\n|-damage|p2a: Deoxys|23\/100\n|\n|upkeep\n|turn|3\n|\n|t:|1699749332\n|move|p2a: Deoxys|Knock Off|p1a: Arceus\n|-resisted|p1a: Arceus\n|-damage|p1a: Arceus|97\/100\n|move|p1a: Arceus|Foul Play|p2a: Deoxys\n|-supereffective|p2a: Deoxys\n|-damage|p2a: Deoxys|0 fnt\n|faint|p2a: Deoxys\n|\n|-end|p1a: Arceus|move: Taunt\n|upkeep\n|\n|t:|1699749342\n|switch|p2a: Zacian|Zacian-Crowned|100\/100\n|-ability|p2a: Zacian|Intrepid Sword|boost\n|-boost|p2a: Zacian|atk|1\n|turn|4\n|\n|t:|1699749352\n|switch|p1a: Groudon|Groudon, shiny|100\/100\n|-damage|p1a: Groudon|94\/100|[from] Stealth Rock\n|detailschange|p1a: Groudon|Groudon-Primal, shiny\n|-primal|p1a: Groudon|Red Orb\n|-weather|DesolateLand|[from] ability: Desolate Land|[of] p1a: Groudon\n|move|p2a: Zacian|Play Rough|p1a: Groudon\n|-resisted|p1a: Groudon\n|-damage|p1a: Groudon|75\/100\n|\n|-weather|DesolateLand|[upkeep]\n|upkeep\n|turn|5\n|\n|t:|1699749360\n|-terastallize|p2a: Zacian|Ground\n|move|p2a: Zacian|Swords Dance|p2a: Zacian\n|-boost|p2a: Zacian|atk|2\n|move|p1a: Groudon|Precipice Blades|p2a: Zacian|[miss]\n|-miss|p1a: Groudon|p2a: Zacian\n|\n|-weather|DesolateLand|[upkeep]\n|upkeep\n|turn|6\n|\n|t:|1699749374\n|move|p2a: Zacian|Tera Blast|p1a: Groudon|[anim] Tera Blast Ground\n|-supereffective|p1a: Groudon\n|-damage|p1a: Groudon|0 fnt\n|faint|p1a: Groudon\n|-weather|none\n|\n|upkeep\n|\n|t:|1699749385\n|switch|p1a: Ho-Oh|Ho-Oh, shiny|100\/100\n|turn|7\n|\n|t:|1699749406\n|move|p2a: Zacian|Wild Charge|p1a: Ho-Oh\n|-supereffective|p1a: Ho-Oh\n|-damage|p1a: Ho-Oh|0 fnt\n|faint|p1a: Ho-Oh\n|-damage|p2a: Zacian|68\/100|[from] Recoil\n|\n|upkeep\n|\n|t:|1699749413\n|switch|p1a: Zacian|Zacian-Crowned, shiny|100\/100\n|-damage|p1a: Zacian|94\/100|[from] Stealth Rock\n|-ability|p1a: Zacian|Intrepid Sword|boost\n|-boost|p1a: Zacian|atk|1\n|turn|8\n|\n|t:|1699749419\n|-terastallize|p1a: Zacian|Fairy\n|move|p1a: Zacian|Play Rough|p2a: Zacian\n|-damage|p2a: Zacian|0 fnt\n|faint|p2a: Zacian\n|\n|upkeep\n|\n|t:|1699749442\n|switch|p2a: Necrozma|Necrozma-Dusk-Mane|100\/100\n|turn|9\n|\n|t:|1699749448\n|switch|p1a: Arceus|Arceus-Dark, shiny|97\/100\n|-damage|p1a: Arceus|85\/100|[from] Stealth Rock\n|move|p2a: Necrozma|Dragon Dance|p2a: Necrozma\n|-boost|p2a: Necrozma|atk|1\n|-boost|p2a: Necrozma|spe|1\n|\n|upkeep\n|turn|10\n|\n|t:|1699749470\n|move|p2a: Necrozma|Earthquake|p1a: Arceus\n|-damage|p1a: Arceus|52\/100\n|move|p1a: Arceus|Will-O-Wisp|p2a: Necrozma\n|-status|p2a: Necrozma|brn\n|\n|-damage|p2a: Necrozma|94\/100 brn|[from] brn\n|upkeep\n|turn|11\n|\n|t:|1699749485\n|switch|p2a: Xerneas|Xerneas|100\/100\n|-ability|p2a: Xerneas|Fairy Aura\n|move|p1a: Arceus|Recover|p1a: Arceus\n|-heal|p1a: Arceus|100\/100\n|\n|upkeep\n|turn|12\n|\n|t:|1699749492\n|switch|p2a: Groudon|Groudon, shiny|100\/100\n|detailschange|p2a: Groudon|Groudon-Primal, shiny\n|-primal|p2a: Groudon|Red Orb\n|-weather|DesolateLand|[from] ability: Desolate Land|[of] p2a: Groudon\n|move|p1a: Arceus|Taunt|p2a: Groudon\n|-start|p2a: Groudon|move: Taunt\n|\n|-weather|DesolateLand|[upkeep]\n|upkeep\n|turn|13\n|\n|t:|1699749496\n|switch|p1a: Kyogre|Kyogre, shiny|100\/100\n|-damage|p1a: Kyogre|88\/100|[from] Stealth Rock\n|detailschange|p1a: Kyogre|Kyogre-Primal, shiny\n|-primal|p1a: Kyogre|Blue Orb\n|-weather|PrimordialSea|[from] ability: Primordial Sea|[of] p1a: Kyogre\n|move|p2a: Groudon|Precipice Blades|p1a: Kyogre\n|-damage|p1a: Kyogre|0 fnt\n|faint|p1a: Kyogre\n|-weather|none\n|\n|upkeep\n|\n|t:|1699749502\n|switch|p1a: Arceus|Arceus-Dark, shiny|100\/100\n|-damage|p1a: Arceus|88\/100|[from] Stealth Rock\n|turn|14\n|\n|t:|1699749506\n|switch|p2a: Necrozma|Necrozma-Dusk-Mane|94\/100 brn\n|move|p1a: Arceus|Foul Play|p2a: Necrozma\n|-supereffective|p2a: Necrozma\n|-damage|p2a: Necrozma|0 fnt\n|faint|p2a: Necrozma\n|\n|upkeep\n|\n|t:|1699749512\n|switch|p2a: Groudon|Groudon-Primal, shiny|100\/100\n|-weather|DesolateLand|[from] ability: Desolate Land|[of] p2a: Groudon\n|turn|15\n|\n|t:|1699749517\n|move|p1a: Arceus|Foul Play|p2a: Groudon\n|-damage|p2a: Groudon|55\/100\n|move|p2a: Groudon|Heat Crash|p1a: Arceus\n|-crit|p1a: Arceus\n|-damage|p1a: Arceus|17\/100\n|\n|-weather|DesolateLand|[upkeep]\n|upkeep\n|turn|16\n|\n|t:|1699749526\n|move|p1a: Arceus|Recover|p1a: Arceus\n|-heal|p1a: Arceus|67\/100\n|move|p2a: Groudon|Rock Polish|p2a: Groudon\n|-boost|p2a: Groudon|spe|2\n|\n|-weather|DesolateLand|[upkeep]\n|upkeep\n|turn|17\n|\n|t:|1699749529\n|move|p2a: Groudon|Heat Crash|p1a: Arceus\n|-crit|p1a: Arceus\n|-damage|p1a: Arceus|0 fnt\n|faint|p1a: Arceus\n|\n|-weather|DesolateLand|[upkeep]\n|upkeep\n|\n|t:|1699749537\n|switch|p1a: Zacian|Zacian-Crowned, shiny, tera:Fairy|94\/100\n|-damage|p1a: Zacian|82\/100|[from] Stealth Rock\n|turn|18\n|\n|t:|1699749546\n|move|p2a: Groudon|Heat Crash|p1a: Zacian\n|-damage|p1a: Zacian|22\/100\n|move|p1a: Zacian|Play Rough|p2a: Groudon|[miss]\n|-miss|p1a: Zacian|p2a: Groudon\n|\n|-weather|DesolateLand|[upkeep]\n|upkeep\n|turn|19\n|\n|t:|1699749559\n|move|p2a: Groudon|Heat Crash|p1a: Zacian\n|-damage|p1a: Zacian|0 fnt\n|faint|p1a: Zacian\n|\n|-weather|DesolateLand|[upkeep]\n|upkeep\n|l|\u2606Dekkerdoesstuff\n|inactive|Dekkerdoesstuff disconnected and has a minute to reconnect!\n|player|p1|\n|j|\u2606Dekkerdoesstuff\n|inactive|Dekkerdoesstuff reconnected and has 125 seconds left.\n|player|p1|Dekkerdoesstuff|yellow\n|\n|t:|1699749584\n|switch|p1a: Necrozma|Necrozma-Dusk-Mane, shiny|100\/100\n|-damage|p1a: Necrozma|94\/100|[from] Stealth Rock\n|turn|20\n|\n|t:|1699749598\n|move|p2a: Groudon|Precipice Blades|p1a: Necrozma\n|-supereffective|p1a: Necrozma\n|-damage|p1a: Necrozma|19\/100\n|move|p1a: Necrozma|Toxic|p2a: Groudon\n|-status|p2a: Groudon|tox\n|\n|-weather|DesolateLand|[upkeep]\n|-damage|p2a: Groudon|49\/100 tox|[from] psn\n|upkeep\n|turn|21\n|\n|t:|1699749603\n|move|p2a: Groudon|Heat Crash|p1a: Necrozma\n|-supereffective|p1a: Necrozma\n|-damage|p1a: Necrozma|0 fnt\n|-damage|p2a: Groudon|32\/100 tox|[from] item: Rocky Helmet|[of] p1a: Necrozma\n|faint|p1a: Necrozma\n|\n|win|Kat_XIII\n|raw|Dekkerdoesstuff's rating: 1550 &rarr; <strong>1535<\/strong><br \/>(-15 for losing)\n|raw|Kat_XIII's rating: 1635 &rarr; <strong>1650<\/strong><br \/>(+15 for winning)\n|l|\u2606Kat_XIII\n","uploadtime":1699749616,"views":13,"p1id":"dekkerdoesstuff","p2id":"katxiii","formatid":"gen9nationaldexubers","rating":1535,"private":0,"password":""}