{"id":"gen9nationaldexubers-1994810783","p1":"Twisted4","p2":"700club","format":"[Gen 9] National Dex Ubers","log":"|j|\u2606Twisted4\n|j|\u2606700club\n|t:|1700494962\n|gametype|singles\n|player|p1|Twisted4|red|1219\n|player|p2|700club|shadowtriad|1290\n|teamsize|p1|6\n|teamsize|p2|6\n|gen|9\n|tier|[Gen 9] National Dex Ubers\n|rated|\n|rule|HP Percentage Mod: HP is shown in percentages\n|rule|Endless Battle Clause: Forcing endless battles is banned\n|rule|OHKO Clause: OHKO moves are banned\n|rule|Evasion Moves Clause: Evasion moves are banned\n|rule|Evasion Items Clause: Evasion items are banned\n|rule|Species Clause: Limit one of each Pok\u00e9mon\n|rule|Sleep Clause Mod: Limit one foe put to sleep\n|rule|Mega Rayquaza Clause: You cannot mega evolve Rayquaza\n|clearpoke\n|poke|p1|Bronzong|\n|poke|p1|Rillaboom, F|\n|poke|p1|Annihilape, F|\n|poke|p1|Arcanine-Hisui, M|\n|poke|p1|Ursaluna-Bloodmoon, M|\n|poke|p1|Swampert, F|\n|poke|p2|Ogerpon-Hearthflame, F|\n|poke|p2|Groudon|\n|poke|p2|Deoxys-Speed|\n|poke|p2|Mewtwo|\n|poke|p2|Necrozma-Dusk-Mane|\n|poke|p2|Gliscor, F|\n|teampreview\n|c|\u2606700club|hi\n|j| iio3345\n|\n|t:|1700494975\n|start\n|switch|p1a: Bronzong|Bronzong, shiny|100\/100\n|switch|p2a: Deoxys|Deoxys-Speed|100\/100\n|-ability|p2a: Deoxys|Pressure\n|turn|1\n|inactive|Battle timer is ON: inactive players will automatically lose when time's up. (requested by Twisted4)\n|inactive|700club has 120 seconds left.\n|\n|t:|1700495017\n|move|p2a: Deoxys|Taunt|p1a: Bronzong\n|-start|p1a: Bronzong|move: Taunt\n|cant|p1a: Bronzong|move: Taunt|Rain Dance\n|\n|upkeep\n|turn|2\n|\n|t:|1700495024\n|move|p2a: Deoxys|Stealth Rock|p1a: Bronzong\n|-sidestart|p1: Twisted4|move: Stealth Rock\n|move|p1a: Bronzong|Gyro Ball|p2a: Deoxys\n|-damage|p2a: Deoxys|40\/100\n|\n|upkeep\n|turn|3\n|\n|t:|1700495030\n|move|p2a: Deoxys|Reflect|p2a: Deoxys\n|-sidestart|p2: 700club|Reflect\n|move|p1a: Bronzong|Gyro Ball|p2a: Deoxys\n|-damage|p2a: Deoxys|9\/100\n|\n|-end|p1a: Bronzong|move: Taunt\n|upkeep\n|turn|4\n|\n|t:|1700495040\n|move|p2a: Deoxys|Taunt|p1a: Bronzong\n|-start|p1a: Bronzong|move: Taunt\n|move|p1a: Bronzong|Gyro Ball|p2a: Deoxys\n|-damage|p2a: Deoxys|0 fnt\n|faint|p2a: Deoxys\n|\n|upkeep\n|inactive|700club has 120 seconds left.\n|\n|t:|1700495080\n|switch|p2a: Necrozma|Necrozma-Dusk-Mane|100\/100\n|turn|5\n|\n|t:|1700495093\n|switch|p1a: Ursaluna|Ursaluna-Bloodmoon, M|100\/100\n|-damage|p1a: Ursaluna|94\/100|[from] Stealth Rock\n|detailschange|p2a: Necrozma|Necrozma-Ultra\n|-burst|p2a: Necrozma|Necrozma|Ultranecrozium Z\n|move|p2a: Necrozma|Dragon Dance|p2a: Necrozma\n|-boost|p2a: Necrozma|atk|1\n|-boost|p2a: Necrozma|spe|1\n|\n|upkeep\n|turn|6\n|inactive|700club has 120 seconds left.\n|\n|t:|1700495125\n|-zpower|p2a: Necrozma\n|move|p2a: Necrozma|Light That Burns the Sky|p1a: Ursaluna|[zeffect]\n|-damage|p1a: Ursaluna|0 fnt\n|faint|p1a: Ursaluna\n|\n|upkeep\n|\n|t:|1700495133\n|switch|p1a: Bronzong|Bronzong, shiny|100\/100\n|-damage|p1a: Bronzong|94\/100|[from] Stealth Rock\n|turn|7\n|\n|t:|1700495138\n|move|p2a: Necrozma|Dragon Dance|p2a: Necrozma\n|-boost|p2a: Necrozma|atk|1\n|-boost|p2a: Necrozma|spe|1\n|move|p1a: Bronzong|Rain Dance|p1a: Bronzong\n|-weather|RainDance\n|\n|-weather|RainDance|[upkeep]\n|-sideend|p2: 700club|Reflect\n|upkeep\n|turn|8\n|\n|t:|1700495147\n|move|p2a: Necrozma|Earthquake|p1a: Bronzong\n|-immune|p1a: Bronzong|[from] ability: Levitate\n|move|p1a: Bronzong|Gyro Ball|p2a: Necrozma\n|-damage|p2a: Necrozma|49\/100\n|\n|-weather|RainDance|[upkeep]\n|upkeep\n|turn|9\n|inactive|700club has 120 seconds left.\n|\n|t:|1700495165\n|move|p2a: Necrozma|Stone Edge|p1a: Bronzong\n|-resisted|p1a: Bronzong\n|-damage|p1a: Bronzong|54\/100\n|move|p1a: Bronzong|Gyro Ball|p2a: Necrozma\n|-damage|p2a: Necrozma|0 fnt\n|faint|p2a: Necrozma\n|\n|-weather|RainDance|[upkeep]\n|upkeep\n|\n|t:|1700495175\n|switch|p2a: Groudon|Groudon|100\/100\n|detailschange|p2a: Groudon|Groudon-Primal\n|-primal|p2a: Groudon|Red Orb\n|-weather|DesolateLand|[from] ability: Desolate Land|[of] p2a: Groudon\n|turn|10\n|\n|t:|1700495188\n|move|p2a: Groudon|Rock Polish|p2a: Groudon\n|-boost|p2a: Groudon|spe|2\n|move|p1a: Bronzong|Body Press|p2a: Groudon\n|-damage|p2a: Groudon|87\/100\n|\n|-weather|DesolateLand|[upkeep]\n|upkeep\n|turn|11\n|\n|t:|1700495195\n|move|p2a: Groudon|Swords Dance|p2a: Groudon\n|-boost|p2a: Groudon|atk|2\n|move|p1a: Bronzong|Body Press|p2a: Groudon\n|-damage|p2a: Groudon|74\/100\n|\n|-weather|DesolateLand|[upkeep]\n|upkeep\n|turn|12\n|\n|t:|1700495202\n|move|p2a: Groudon|Stone Edge|p1a: Bronzong\n|-resisted|p1a: Bronzong\n|-damage|p1a: Bronzong|15\/100\n|move|p1a: Bronzong|Body Press|p2a: Groudon\n|-damage|p2a: Groudon|60\/100\n|\n|-weather|DesolateLand|[upkeep]\n|upkeep\n|turn|13\n|inactive|700club has 120 seconds left.\n|\n|t:|1700495209\n|move|p2a: Groudon|Stone Edge|p1a: Bronzong\n|-resisted|p1a: Bronzong\n|-damage|p1a: Bronzong|0 fnt\n|faint|p1a: Bronzong\n|\n|-weather|DesolateLand|[upkeep]\n|upkeep\n|\n|t:|1700495217\n|switch|p1a: Rillaboom|Rillaboom, F|100\/100\n|-damage|p1a: Rillaboom|88\/100|[from] Stealth Rock\n|-fieldstart|move: Grassy Terrain|[from] ability: Grassy Surge|[of] p1a: Rillaboom\n|turn|14\n|inactive|700club has 120 seconds left.\n|\n|t:|1700495248\n|move|p1a: Rillaboom|Fake Out|p2a: Groudon\n|-damage|p2a: Groudon|51\/100\n|cant|p2a: Groudon|flinch\n|\n|-weather|DesolateLand|[upkeep]\n|-heal|p2a: Groudon|57\/100|[from] Grassy Terrain\n|-heal|p1a: Rillaboom|94\/100|[from] Grassy Terrain\n|upkeep\n|turn|15\n|\n|t:|1700495266\n|move|p1a: Rillaboom|Grassy Glide|p2a: Groudon\n|-damage|p2a: Groudon|31\/100\n|move|p2a: Groudon|Precipice Blades|p1a: Rillaboom\n|-resisted|p1a: Rillaboom\n|-damage|p1a: Rillaboom|18\/100\n|-enditem|p1a: Rillaboom|Sitrus Berry|[eat]\n|-heal|p1a: Rillaboom|43\/100|[from] item: Sitrus Berry\n|\n|-weather|DesolateLand|[upkeep]\n|-heal|p2a: Groudon|37\/100|[from] Grassy Terrain\n|-heal|p1a: Rillaboom|49\/100|[from] Grassy Terrain\n|upkeep\n|turn|16\n|\n|t:|1700495276\n|move|p1a: Rillaboom|Grassy Glide|p2a: Groudon\n|-damage|p2a: Groudon|12\/100\n|move|p2a: Groudon|Precipice Blades|p1a: Rillaboom\n|-resisted|p1a: Rillaboom\n|-damage|p1a: Rillaboom|0 fnt\n|faint|p1a: Rillaboom\n|\n|-weather|DesolateLand|[upkeep]\n|-heal|p2a: Groudon|18\/100|[from] Grassy Terrain\n|upkeep\n|\n|t:|1700495283\n|switch|p1a: Arcanine|Arcanine-Hisui, M|100\/100\n|-damage|p1a: Arcanine|76\/100|[from] Stealth Rock\n|turn|17\n|inactive|700club has 120 seconds left.\n|\n|t:|1700495293\n|move|p1a: Arcanine|Extreme Speed|p2a: Groudon\n|-damage|p2a: Groudon|0 fnt\n|faint|p2a: Groudon\n|-weather|none\n|\n|-heal|p1a: Arcanine|82\/100|[from] Grassy Terrain\n|upkeep\n|inactive|700club has 120 seconds left.\n|\n|t:|1700495302\n|switch|p2a: Gliscor|Gliscor, F|100\/100\n|turn|18\n|inactive|700club has 120 seconds left.\n|\n|t:|1700495316\n|switch|p1a: Swampert|Swampert, F|100\/100\n|-damage|p1a: Swampert|94\/100|[from] Stealth Rock\n|move|p2a: Gliscor|Toxic|p1a: Swampert|[miss]\n|-miss|p2a: Gliscor|p1a: Swampert\n|\n|-heal|p1a: Swampert|100\/100|[from] Grassy Terrain\n|-fieldend|move: Grassy Terrain\n|-status|p2a: Gliscor|tox|[from] item: Toxic Orb\n|upkeep\n|turn|19\n|inactive|700club has 120 seconds left.\n|\n|t:|1700495332\n|detailschange|p1a: Swampert|Swampert-Mega, F\n|-mega|p1a: Swampert|Swampert|Swampertite\n|move|p2a: Gliscor|Toxic|p1a: Swampert\n|-status|p1a: Swampert|tox\n|move|p1a: Swampert|Ice Punch|p2a: Gliscor\n|-supereffective|p2a: Gliscor\n|-damage|p2a: Gliscor|24\/100 tox\n|\n|-heal|p2a: Gliscor|36\/100 tox|[from] ability: Poison Heal\n|-damage|p1a: Swampert|94\/100 tox|[from] psn\n|upkeep\n|turn|20\n|inactive|700club has 120 seconds left.\n|\n|t:|1700495342\n|move|p2a: Gliscor|Protect|p2a: Gliscor\n|-singleturn|p2a: Gliscor|Protect\n|move|p1a: Swampert|Ice Punch|p2a: Gliscor\n|-activate|p2a: Gliscor|move: Protect\n|\n|-heal|p2a: Gliscor|49\/100 tox|[from] ability: Poison Heal\n|-damage|p1a: Swampert|82\/100 tox|[from] psn\n|upkeep\n|turn|21\n|\n|t:|1700495350\n|move|p2a: Gliscor|Earthquake|p1a: Swampert\n|-crit|p1a: Swampert\n|-damage|p1a: Swampert|35\/100 tox\n|move|p1a: Swampert|Ice Punch|p2a: Gliscor\n|-supereffective|p2a: Gliscor\n|-crit|p2a: Gliscor\n|-damage|p2a: Gliscor|0 fnt\n|faint|p2a: Gliscor\n|\n|-damage|p1a: Swampert|16\/100 tox|[from] psn\n|upkeep\n|inactive|700club has 120 seconds left.\n|\n|t:|1700495362\n|switch|p2a: Mewtwo|Mewtwo|100\/100\n|-ability|p2a: Mewtwo|Unnerve\n|turn|22\n|inactive|700club has 120 seconds left.\n|\n|t:|1700495378\n|detailschange|p2a: Mewtwo|Mewtwo-Mega-Y\n|-mega|p2a: Mewtwo|Mewtwo|Mewtwonite Y\n|move|p2a: Mewtwo|Nasty Plot|p2a: Mewtwo\n|-boost|p2a: Mewtwo|spa|2\n|move|p1a: Swampert|Liquidation|p2a: Mewtwo\n|-damage|p2a: Mewtwo|28\/100\n|\n|-damage|p1a: Swampert|0 fnt|[from] psn\n|faint|p1a: Swampert\n|upkeep\n|\n|t:|1700495389\n|switch|p1a: Arcanine|Arcanine-Hisui, M|82\/100\n|-damage|p1a: Arcanine|57\/100|[from] Stealth Rock\n|turn|23\n|\n|t:|1700495394\n|move|p1a: Arcanine|Extreme Speed|p2a: Mewtwo\n|-crit|p2a: Mewtwo\n|-damage|p2a: Mewtwo|0 fnt\n|faint|p2a: Mewtwo\n|\n|upkeep\n|\n|t:|1700495399\n|switch|p2a: Ogerpon|Ogerpon-Hearthflame, F|100\/100\n|-ability|p2a: Ogerpon|Mold Breaker\n|turn|24\n|\n|t:|1700495418\n|move|p1a: Arcanine|Extreme Speed|p2a: Ogerpon\n|-damage|p2a: Ogerpon|62\/100\n|move|p2a: Ogerpon|Horn Leech|p1a: Arcanine\n|-damage|p1a: Arcanine|15\/100\n|-heal|p2a: Ogerpon|81\/100|[from] drain|[of] p1a: Arcanine\n|\n|upkeep\n|turn|25\n|inactive|700club has 120 seconds left.\n|\n|t:|1700495436\n|-terastallize|p2a: Ogerpon|Fire\n|detailschange|p2a: Ogerpon|Ogerpon-Hearthflame-Tera, F, tera:Fire\n|-ability|p2a: Ogerpon|Embody Aspect (Hearthflame)|boost\n|-boost|p2a: Ogerpon|atk|1\n|move|p1a: Arcanine|Extreme Speed|p2a: Ogerpon\n|-damage|p2a: Ogerpon|39\/100\n|move|p2a: Ogerpon|Ivy Cudgel|p1a: Arcanine|[anim] Ivy Cudgel Fire\n|-resisted|p1a: Arcanine\n|-damage|p1a: Arcanine|0 fnt\n|faint|p1a: Arcanine\n|\n|upkeep\n|\n|t:|1700495447\n|switch|p1a: Annihilape|Annihilape, F|100\/100\n|-damage|p1a: Annihilape|94\/100|[from] Stealth Rock\n|turn|26\n|\n|t:|1700495459\n|move|p2a: Ogerpon|Ivy Cudgel|p1a: Annihilape|[anim] Ivy Cudgel Fire\n|-crit|p1a: Annihilape\n|-damage|p1a: Annihilape|0 fnt\n|faint|p1a: Annihilape\n|\n|win|700club\n|raw|Twisted4's rating: 1219 &rarr; <strong>1199<\/strong><br \/>(-20 for losing)\n|raw|700club's rating: 1290 &rarr; <strong>1310<\/strong><br \/>(+20 for winning)\n|c|\u2606700club|gg\n|l|\u2606Twisted4\n","uploadtime":1700495476,"views":4,"p1id":"twisted4","p2id":"700club","formatid":"gen9nationaldexubers","rating":1199,"private":0,"password":""}