{"id":"gen9nationaldexubers-1991710160","p1":"King\/corvin","p2":"Jothis","format":"[Gen 9] National Dex Ubers","log":"|j|\u2606King\/corvin\n|j|\u2606Jothis\n|t:|1700105455\n|gametype|singles\n|player|p1|King\/corvin|flannery|1165\n|player|p2|Jothis|palmer|1308\n|teamsize|p1|6\n|teamsize|p2|6\n|gen|9\n|tier|[Gen 9] National Dex Ubers\n|rated|\n|rule|HP Percentage Mod: HP is shown in percentages\n|rule|Endless Battle Clause: Forcing endless battles is banned\n|rule|OHKO Clause: OHKO moves are banned\n|rule|Evasion Moves Clause: Evasion moves are banned\n|rule|Evasion Items Clause: Evasion items are banned\n|rule|Species Clause: Limit one of each Pok\u00e9mon\n|rule|Sleep Clause Mod: Limit one foe put to sleep\n|rule|Mega Rayquaza Clause: You cannot mega evolve Rayquaza\n|clearpoke\n|poke|p1|Gallade, M|\n|poke|p1|Bisharp, M|\n|poke|p1|Sandy Shocks|\n|poke|p1|Walking Wake|\n|poke|p1|Kleavor, M|\n|poke|p1|Mimikyu, M|\n|poke|p2|Palkia-Origin|\n|poke|p2|Glimmora, F|\n|poke|p2|Arceus-Ghost|\n|poke|p2|Darmanitan-Galar, F|\n|poke|p2|Ogerpon-Hearthflame, F|\n|poke|p2|Zacian-*|\n|teampreview\n|inactive|Battle timer is ON: inactive players will automatically lose when time's up. (requested by Jothis)\n|\n|t:|1700105463\n|start\n|switch|p1a: Kleavor|Kleavor, M|100\/100\n|switch|p2a: Ogerpon|Ogerpon-Hearthflame, F|100\/100\n|-ability|p2a: Ogerpon|Mold Breaker\n|turn|1\n|\n|t:|1700105472\n|move|p2a: Ogerpon|Spiky Shield|p2a: Ogerpon\n|-singleturn|p2a: Ogerpon|move: Protect\n|move|p1a: Kleavor|Stone Axe|p2a: Ogerpon\n|-activate|p2a: Ogerpon|move: Protect\n|-damage|p1a: Kleavor|88\/100|[from] Spiky Shield|[of] p2a: Ogerpon\n|\n|-heal|p1a: Kleavor|94\/100|[from] item: Leftovers\n|upkeep\n|turn|2\n|\n|t:|1700105488\n|switch|p2a: Glimmora|Glimmora, F|100\/100\n|move|p1a: Kleavor|Stone Axe|p2a: Glimmora\n|-damage|p2a: Glimmora|48\/100\n|-activate|p2a: Glimmora|ability: Toxic Debris\n|-sidestart|p1: King\/corvin|move: Toxic Spikes\n|-sidestart|p2: Jothis|move: Stealth Rock\n|\n|-heal|p1a: Kleavor|99\/100|[from] item: Leftovers\n|upkeep\n|turn|3\n|\n|t:|1700105494\n|move|p1a: Kleavor|Stone Axe|p2a: Glimmora|[miss]\n|-miss|p1a: Kleavor|p2a: Glimmora\n|move|p2a: Glimmora|Mortal Spin|p1a: Kleavor\n|-resisted|p1a: Kleavor\n|-damage|p1a: Kleavor|97\/100\n|-status|p1a: Kleavor|psn\n|-sideend|p2: Jothis|Stealth Rock|[from] move: Mortal Spin|[of] p2a: Glimmora\n|\n|-heal|p1a: Kleavor|100\/100 psn|[from] item: Leftovers\n|-damage|p1a: Kleavor|88\/100 psn|[from] psn\n|upkeep\n|turn|4\n|\n|t:|1700105500\n|move|p1a: Kleavor|Tailwind|p1a: Kleavor\n|-sidestart|p1: King\/corvin|move: Tailwind\n|move|p2a: Glimmora|Stealth Rock|p1a: Kleavor\n|-sidestart|p1: King\/corvin|move: Stealth Rock\n|\n|-heal|p1a: Kleavor|94\/100 psn|[from] item: Leftovers\n|-damage|p1a: Kleavor|82\/100 psn|[from] psn\n|upkeep\n|turn|5\n|\n|t:|1700105505\n|move|p1a: Kleavor|Stone Axe|p2a: Glimmora|[miss]\n|-miss|p1a: Kleavor|p2a: Glimmora\n|move|p2a: Glimmora|Power Gem|p1a: Kleavor\n|-supereffective|p1a: Kleavor\n|-damage|p1a: Kleavor|0 fnt\n|faint|p1a: Kleavor\n|\n|upkeep\n|l|\u2606King\/corvin\n|inactive|King\/corvin disconnected and has a minute to reconnect!\n|player|p1|\n|j|\u2606King\/corvin\n|inactive|King\/corvin reconnected and has 135 seconds left.\n|player|p1|King\/corvin|flannery\n|\n|t:|1700105533\n|switch|p1a: Bisharp|Bisharp, M|100\/100\n|-damage|p1a: Bisharp|95\/100|[from] Stealth Rock\n|turn|6\n|\n|t:|1700105544\n|move|p1a: Bisharp|Swords Dance|p1a: Bisharp\n|-boost|p1a: Bisharp|atk|2\n|move|p2a: Glimmora|Power Gem|p1a: Bisharp\n|-resisted|p1a: Bisharp\n|-damage|p1a: Bisharp|74\/100\n|\n|upkeep\n|turn|7\n|\n|t:|1700105548\n|move|p1a: Bisharp|Swords Dance|p1a: Bisharp\n|-boost|p1a: Bisharp|atk|2\n|move|p2a: Glimmora|Power Gem|p1a: Bisharp\n|-resisted|p1a: Bisharp\n|-damage|p1a: Bisharp|54\/100\n|\n|-sideend|p1: King\/corvin|move: Tailwind\n|upkeep\n|turn|8\n|\n|t:|1700105555\n|-terastallize|p1a: Bisharp|Ghost\n|move|p1a: Bisharp|Sucker Punch|p2a: Glimmora\n|-damage|p2a: Glimmora|0 fnt\n|-activate|p2a: Glimmora|ability: Toxic Debris\n|-sidestart|p1: King\/corvin|move: Toxic Spikes\n|faint|p2a: Glimmora\n|\n|upkeep\n|\n|t:|1700105570\n|switch|p2a: Palkia|Palkia-Origin|100\/100\n|-ability|p2a: Palkia|Pressure\n|turn|9\n|\n|t:|1700105575\n|move|p1a: Bisharp|Sucker Punch|p2a: Palkia\n|-damage|p2a: Palkia|0 fnt\n|faint|p2a: Palkia\n|\n|upkeep\n|\n|t:|1700105584\n|switch|p2a: Ogerpon|Ogerpon-Hearthflame, F|100\/100\n|-ability|p2a: Ogerpon|Mold Breaker\n|turn|10\n|c|\u2606King\/corvin|Now you\u2019ve made me mad\n|\n|t:|1700105607\n|move|p2a: Ogerpon|Spiky Shield|p2a: Ogerpon\n|-singleturn|p2a: Ogerpon|move: Protect\n|move|p1a: Bisharp|Swords Dance|p1a: Bisharp\n|-boost|p1a: Bisharp|atk|2\n|\n|upkeep\n|turn|11\n|\n|t:|1700105618\n|switch|p2a: Zacian|Zacian-Crowned, shiny|100\/100\n|-ability|p2a: Zacian|Intrepid Sword|boost\n|-boost|p2a: Zacian|atk|1\n|move|p1a: Bisharp|Sucker Punch||[still]\n|-fail|p1a: Bisharp\n|\n|upkeep\n|turn|12\n|\n|t:|1700105627\n|move|p2a: Zacian|Behemoth Blade|p1a: Bisharp\n|-damage|p1a: Bisharp|0 fnt\n|faint|p1a: Bisharp\n|\n|upkeep\n|\n|t:|1700105634\n|switch|p1a: Sandy Shocks|Sandy Shocks|100\/100\n|-status|p1a: Sandy Shocks|tox\n|-damage|p1a: Sandy Shocks|94\/100 tox|[from] Stealth Rock\n|-enditem|p1a: Sandy Shocks|Booster Energy\n|-activate|p1a: Sandy Shocks|ability: Protosynthesis|[fromitem]\n|-start|p1a: Sandy Shocks|protosynthesisspe\n|turn|13\n|\n|t:|1700105642\n|move|p1a: Sandy Shocks|Earth Power|p2a: Zacian\n|-supereffective|p2a: Zacian\n|-damage|p2a: Zacian|17\/100\n|move|p2a: Zacian|Trailblaze|p1a: Sandy Shocks\n|-supereffective|p1a: Sandy Shocks\n|-damage|p1a: Sandy Shocks|26\/100 tox\n|-boost|p2a: Zacian|spe|1\n|\n|-damage|p1a: Sandy Shocks|19\/100 tox|[from] psn\n|upkeep\n|turn|14\n|\n|t:|1700105652\n|move|p2a: Zacian|Trailblaze|p1a: Sandy Shocks\n|-supereffective|p1a: Sandy Shocks\n|-damage|p1a: Sandy Shocks|0 fnt\n|-boost|p2a: Zacian|spe|1\n|faint|p1a: Sandy Shocks\n|-end|p1a: Sandy Shocks|Protosynthesis|[silent]\n|\n|upkeep\n|\n|t:|1700105658\n|switch|p1a: Mimikyu|Mimikyu, M|100\/100\n|-status|p1a: Mimikyu|tox\n|-damage|p1a: Mimikyu|88\/100 tox|[from] Stealth Rock\n|turn|15\n|\n|t:|1700105663\n|move|p1a: Mimikyu|Shadow Sneak|p2a: Zacian\n|-damage|p2a: Zacian|0 fnt\n|faint|p2a: Zacian\n|\n|-damage|p1a: Mimikyu|82\/100 tox|[from] psn\n|upkeep\n|\n|t:|1700105666\n|switch|p2a: Ogerpon|Ogerpon-Hearthflame, F|100\/100\n|-ability|p2a: Ogerpon|Mold Breaker\n|turn|16\n|\n|t:|1700105671\n|move|p2a: Ogerpon|Trailblaze|p1a: Mimikyu\n|-damage|p1a: Mimikyu|44\/100 tox\n|-boost|p2a: Ogerpon|spe|1\n|-damage|p2a: Ogerpon|84\/100|[from] item: Rocky Helmet|[of] p1a: Mimikyu\n|move|p1a: Mimikyu|Swords Dance|p1a: Mimikyu\n|-boost|p1a: Mimikyu|atk|2\n|\n|-damage|p1a: Mimikyu|32\/100 tox|[from] psn\n|upkeep\n|turn|17\n|\n|t:|1700105686\n|move|p2a: Ogerpon|Spiky Shield|p2a: Ogerpon\n|-singleturn|p2a: Ogerpon|move: Protect\n|move|p1a: Mimikyu|Shadow Sneak|p2a: Ogerpon\n|-activate|p2a: Ogerpon|move: Protect\n|-damage|p1a: Mimikyu|19\/100 tox|[from] Spiky Shield|[of] p2a: Ogerpon\n|\n|-damage|p1a: Mimikyu|1\/100 tox|[from] psn\n|upkeep\n|turn|18\n|\n|t:|1700105700\n|move|p1a: Mimikyu|Shadow Sneak|p2a: Ogerpon\n|-damage|p2a: Ogerpon|34\/100\n|move|p2a: Ogerpon|Horn Leech|p1a: Mimikyu\n|-damage|p1a: Mimikyu|0 fnt\n|-heal|p2a: Ogerpon|34\/100|[from] drain|[of] p1a: Mimikyu\n|-damage|p2a: Ogerpon|18\/100|[from] item: Rocky Helmet|[of] p1a: Mimikyu\n|faint|p1a: Mimikyu\n|\n|upkeep\n|\n|t:|1700105710\n|switch|p1a: Gallade|Gallade, M|100\/100\n|-status|p1a: Gallade|tox\n|-damage|p1a: Gallade|94\/100 tox|[from] Stealth Rock\n|turn|19\n|\n|t:|1700105718\n|detailschange|p1a: Gallade|Gallade-Mega, M\n|-mega|p1a: Gallade|Gallade|Galladite\n|-terastallize|p2a: Ogerpon|Fire\n|detailschange|p2a: Ogerpon|Ogerpon-Hearthflame-Tera, F, tera:Fire\n|-ability|p2a: Ogerpon|Embody Aspect (Hearthflame)|boost\n|-boost|p2a: Ogerpon|atk|1\n|move|p2a: Ogerpon|Ivy Cudgel|p1a: Gallade|[anim] Ivy Cudgel Fire\n|-damage|p1a: Gallade|0 fnt\n|faint|p1a: Gallade\n|\n|upkeep\n|-message|King\/corvin forfeited.\n|\n|win|Jothis\n|raw|King&#x2f;corvin's rating: 1165 &rarr; <strong>1150<\/strong><br \/>(-15 for losing)\n|raw|Jothis's rating: 1308 &rarr; <strong>1320<\/strong><br \/>(+12 for winning)\n|l|\u2606King\/corvin\n","uploadtime":1700105783,"views":8,"p1id":"kingcorvin","p2id":"jothis","formatid":"gen9nationaldexubers","rating":1150,"private":0,"password":""}