{"id":"gen9nationaldexubers-1988491553","p1":"vsalzar","p2":"kiwiiShockszone","format":"[Gen 9] National Dex Ubers","log":"|j|\u2606vsalzar\n|j|\u2606kiwiiShockszone\n|t:|1699728665\n|gametype|singles\n|player|p1|vsalzar|dancer|1148\n|player|p2|kiwiiShockszone|marnie-masters2|1046\n|teamsize|p1|6\n|teamsize|p2|6\n|gen|9\n|tier|[Gen 9] National Dex Ubers\n|rated|\n|rule|HP Percentage Mod: HP is shown in percentages\n|rule|Endless Battle Clause: Forcing endless battles is banned\n|rule|OHKO Clause: OHKO moves are banned\n|rule|Evasion Moves Clause: Evasion moves are banned\n|rule|Evasion Items Clause: Evasion items are banned\n|rule|Species Clause: Limit one of each Pok\u00e9mon\n|rule|Sleep Clause Mod: Limit one foe put to sleep\n|rule|Mega Rayquaza Clause: You cannot mega evolve Rayquaza\n|clearpoke\n|poke|p1|Inteleon, M|\n|poke|p1|Umbreon, M|\n|poke|p1|Espathra, F|\n|poke|p1|Pheromosa|\n|poke|p1|Zamazenta-*|\n|poke|p1|Giratina-Origin|\n|poke|p2|Golbat, F|\n|poke|p2|Brute Bonnet|\n|poke|p2|Arceus-Psychic|\n|poke|p2|Landorus, M|\n|poke|p2|Cinccino, M|\n|poke|p2|Conkeldurr, F|\n|teampreview\n|inactive|Battle timer is ON: inactive players will automatically lose when time's up. (requested by kiwiiShockszone)\n|inactive|vsalzar also wants the timer to be on.\n|c|\u2606vsalzar|glhf\n|c|\u2606kiwiiShockszone|glhf\n|c|\u2606kiwiiShockszone|glhf\n|c|\u2606kiwiiShockszone|glhf\n|c|\u2606vsalzar|tx\n|c|\u2606kiwiiShockszone|theres three of us!\n|c|\u2606kiwiiShockszone|- kiwi\n|c|\u2606kiwiiShockszone|no there arent\n|c|\u2606kiwiiShockszone|yeah there are\n|c|\u2606kiwiiShockszone|- katie\n|c|\u2606kiwiiShockszone|buddy\n|c|\u2606kiwiiShockszone|- zone\n|inactive|kiwiiShockszone has 120 seconds left.\n|c|\u2606kiwiiShockszone|maybe there are ! - kiwi\n|c|\u2606kiwiiShockszone|nuh uh\n|c|\u2606kiwiiShockszone|-katie\n|c|\u2606kiwiiShockszone|yuh huh\n|\n|t:|1699728708\n|start\n|switch|p1a: Pheromosa|Pheromosa|100\/100\n|switch|p2a: FortniteBestAsses|Golbat, F|100\/100\n|turn|1\n|\n|t:|1699728732\n|move|p1a: Pheromosa|Triple Axel|p2a: FortniteBestAsses\n|-supereffective|p2a: FortniteBestAsses\n|-damage|p2a: FortniteBestAsses|85\/100\n|-supereffective|p2a: FortniteBestAsses\n|-damage|p2a: FortniteBestAsses|54\/100\n|-supereffective|p2a: FortniteBestAsses\n|-damage|p2a: FortniteBestAsses|7\/100\n|-hitcount|p2a: FortniteBestAsses|3\n|move|p2a: FortniteBestAsses|Brave Bird|p1a: Pheromosa\n|-supereffective|p1a: Pheromosa\n|-damage|p1a: Pheromosa|0 fnt\n|faint|p1a: Pheromosa\n|-damage|p2a: FortniteBestAsses|0 fnt|[from] Recoil\n|faint|p2a: FortniteBestAsses\n|\n|upkeep\n|c|\u2606kiwiiShockszone|goatbat\n|c|\u2606kiwiiShockszone|gobat\n|c|\u2606kiwiiShockszone|goatbat?\n|inactive|kiwiiShockszone has 120 seconds left.\n|\n|t:|1699728757\n|switch|p1a: Inteleon|Inteleon, M|100\/100\n|switch|p2a: Arceus|Arceus-Psychic|100\/100\n|turn|2\n|c|\u2606vsalzar|ye\n|\n|t:|1699728765\n|move|p1a: Inteleon|Focus Energy|p1a: Inteleon\n|-start|p1a: Inteleon|move: Focus Energy\n|move|p2a: Arceus|Cosmic Power|p2a: Arceus\n|-boost|p2a: Arceus|def|1\n|-boost|p2a: Arceus|spd|1\n|\n|upkeep\n|turn|3\n|\n|t:|1699728772\n|switch|p2a: brute bingus|Brute Bonnet|100\/100\n|move|p1a: Inteleon|Shadow Ball|p2a: brute bingus\n|-resisted|p2a: brute bingus\n|-crit|p2a: brute bingus\n|-damage|p2a: brute bingus|77\/100\n|\n|upkeep\n|turn|4\n|\n|t:|1699728790\n|move|p2a: brute bingus|Sucker Punch|p1a: Inteleon\n|-damage|p1a: Inteleon|0 fnt\n|faint|p1a: Inteleon\n|\n|upkeep\n|\n|t:|1699728796\n|switch|p1a: Zamazenta|Zamazenta-Crowned|100\/100\n|-ability|p1a: Zamazenta|Dauntless Shield|boost\n|-boost|p1a: Zamazenta|def|1\n|turn|5\n|\n|t:|1699728809\n|-end|p2a: brute bingus|Protosynthesis|[silent]\n|switch|p2a: Chess in the Dogi|Landorus, M|100\/100\n|move|p1a: Zamazenta|Substitute|p1a: Zamazenta\n|-start|p1a: Zamazenta|Substitute\n|-damage|p1a: Zamazenta|75\/100\n|\n|upkeep\n|turn|6\n|\n|t:|1699728824\n|move|p2a: Chess in the Dogi|Earth Power|p1a: Zamazenta\n|-supereffective|p1a: Zamazenta\n|-end|p1a: Zamazenta|Substitute\n|move|p1a: Zamazenta|Behemoth Bash|p2a: Chess in the Dogi\n|-damage|p2a: Chess in the Dogi|54\/100\n|\n|upkeep\n|turn|7\n|\n|t:|1699728835\n|switch|p1a: Giratina|Giratina-Origin|100\/100\n|move|p2a: Chess in the Dogi|Earth Power|p1a: Giratina\n|-immune|p1a: Giratina|[from] ability: Levitate\n|\n|upkeep\n|turn|8\n|\n|t:|1699728850\n|move|p2a: Chess in the Dogi|Stealth Rock|p1a: Giratina\n|-sidestart|p1: vsalzar|move: Stealth Rock\n|move|p1a: Giratina|Shadow Force||[still]\n|-prepare|p1a: Giratina|Shadow Force\n|\n|upkeep\n|turn|9\n|\n|t:|1699728854\n|switch|p2a: um uhh.. tortilla|Cinccino, M, shiny|100\/100\n|move|p1a: Giratina|Shadow Force|p2a: um uhh.. tortilla|[from]lockedmove\n|-immune|p2a: um uhh.. tortilla\n|\n|upkeep\n|turn|10\n|\n|t:|1699728882\n|move|p2a: um uhh.. tortilla|U-turn|p1a: Giratina\n|-resisted|p1a: Giratina\n|-damage|p1a: Giratina|91\/100\n|inactive|kiwiiShockszone has 120 seconds left.\n|\n|t:|1699728894\n|switch|p2a: brute bingus|Brute Bonnet|77\/100|[from] U-turn\n|move|p1a: Giratina|Defog|p2a: brute bingus\n|-unboost|p2a: brute bingus|evasion|1\n|-sideend|p1: vsalzar|Stealth Rock|[from] move: Defog|[of] p1a: Giratina\n|\n|upkeep\n|turn|11\n|\n|t:|1699728901\n|switch|p1a: Umbreon|Umbreon, M|100\/100\n|move|p2a: brute bingus|Spore|p1a: Umbreon\n|-status|p1a: Umbreon|slp|[from] move: Spore\n|\n|upkeep\n|turn|12\n|\n|t:|1699728915\n|-end|p2a: brute bingus|Protosynthesis|[silent]\n|switch|p2a: Guts Man|Conkeldurr, F|100\/100\n|switch|p1a: Zamazenta|Zamazenta-Crowned|75\/100\n|\n|upkeep\n|turn|13\n|inactive|kiwiiShockszone has 120 seconds left.\n|\n|t:|1699728947\n|switch|p1a: Giratina|Giratina-Origin|91\/100\n|move|p2a: Guts Man|Mach Punch|p1a: Giratina\n|-immune|p1a: Giratina\n|\n|upkeep\n|turn|14\n|inactive|vsalzar has 120 seconds left.\n|c|\u2606kiwiiShockszone|im gaming\n|\n|t:|1699728986\n|move|p1a: Giratina|Outrage|p2a: Guts Man\n|-damage|p2a: Guts Man|29\/100\n|move|p2a: Guts Man|Knock Off|p1a: Giratina\n|-supereffective|p1a: Giratina\n|-damage|p1a: Giratina|54\/100\n|\n|-heal|p2a: Guts Man|36\/100|[from] item: Leftovers\n|upkeep\n|turn|15\n|inactive|vsalzar has 120 seconds left.\n|inactive|kiwiiShockszone has 90 seconds left.\n|\n|t:|1699729002\n|move|p1a: Giratina|Outrage|p2a: Guts Man|[from]lockedmove\n|-damage|p2a: Guts Man|0 fnt\n|faint|p2a: Guts Man\n|\n|upkeep\n|inactive|kiwiiShockszone has 90 seconds left.\n|\n|t:|1699729008\n|switch|p2a: brute bingus|Brute Bonnet|77\/100\n|turn|16\n|\n|t:|1699729012\n|move|p2a: brute bingus|Sucker Punch|p1a: Giratina\n|-supereffective|p1a: Giratina\n|-damage|p1a: Giratina|0 fnt\n|faint|p1a: Giratina\n|\n|upkeep\n|\n|t:|1699729016\n|switch|p1a: Umbreon|Umbreon, M|100\/100 slp\n|turn|17\n|\n|t:|1699729031\n|-end|p2a: brute bingus|Protosynthesis|[silent]\n|switch|p2a: um uhh.. tortilla|Cinccino, M, shiny|100\/100\n|cant|p1a: Umbreon|slp\n|\n|upkeep\n|turn|18\n|inactive|kiwiiShockszone has 90 seconds left.\n|\n|t:|1699729065\n|move|p2a: um uhh.. tortilla|U-turn|p1a: Umbreon\n|-supereffective|p1a: Umbreon\n|-damage|p1a: Umbreon|60\/100 slp\n|\n|t:|1699729068\n|switch|p2a: brute bingus|Brute Bonnet|77\/100|[from] U-turn\n|-curestatus|p1a: Umbreon|slp|[msg]\n|move|p1a: Umbreon|Toxic|p2a: brute bingus\n|-status|p2a: brute bingus|tox\n|\n|-heal|p1a: Umbreon|66\/100|[from] item: Leftovers\n|-damage|p2a: brute bingus|71\/100 tox|[from] psn\n|upkeep\n|turn|19\n|inactive|kiwiiShockszone has 90 seconds left.\n|\n|t:|1699729085\n|move|p1a: Umbreon|Protect|p1a: Umbreon\n|-singleturn|p1a: Umbreon|Protect\n|move|p2a: brute bingus|Close Combat|p1a: Umbreon\n|-activate|p1a: Umbreon|move: Protect\n|\n|-heal|p1a: Umbreon|72\/100|[from] item: Leftovers\n|-damage|p2a: brute bingus|59\/100 tox|[from] psn\n|upkeep\n|turn|20\n|\n|t:|1699729096\n|-terastallize|p2a: brute bingus|Fighting\n|move|p2a: brute bingus|Close Combat|p1a: Umbreon\n|-supereffective|p1a: Umbreon\n|-damage|p1a: Umbreon|0 fnt\n|-unboost|p2a: brute bingus|def|1\n|-unboost|p2a: brute bingus|spd|1\n|faint|p1a: Umbreon\n|\n|-damage|p2a: brute bingus|40\/100 tox|[from] psn\n|upkeep\n|\n|t:|1699729100\n|switch|p1a: Espathra|Espathra, F|100\/100\n|turn|21\n|inactive|kiwiiShockszone has 90 seconds left.\n|\n|t:|1699729125\n|-end|p2a: brute bingus|Protosynthesis|[silent]\n|switch|p2a: Arceus|Arceus-Psychic|100\/100\n|-terastallize|p1a: Espathra|Fairy\n|move|p1a: Espathra|Lumina Crash|p2a: Arceus\n|-resisted|p2a: Arceus\n|-damage|p2a: Arceus|83\/100\n|-unboost|p2a: Arceus|spd|2\n|\n|-ability|p1a: Espathra|Speed Boost|boost\n|-boost|p1a: Espathra|spe|1\n|upkeep\n|turn|22\n|\n|t:|1699729140\n|switch|p1a: Zamazenta|Zamazenta-Crowned|75\/100\n|switch|p2a: brute bingus|Brute Bonnet, tera:Fighting|40\/100 tox\n|\n|-damage|p2a: brute bingus|34\/100 tox|[from] psn\n|upkeep\n|turn|23\n|\n|t:|1699729164\n|move|p1a: Zamazenta|Body Press|p2a: brute bingus\n|-damage|p2a: brute bingus|4\/100 tox\n|move|p2a: brute bingus|Close Combat|p1a: Zamazenta\n|-supereffective|p1a: Zamazenta\n|-damage|p1a: Zamazenta|0 fnt\n|-unboost|p2a: brute bingus|def|1\n|-unboost|p2a: brute bingus|spd|1\n|faint|p1a: Zamazenta\n|\n|-damage|p2a: brute bingus|0 fnt|[from] psn\n|faint|p2a: brute bingus\n|-end|p2a: brute bingus|Protosynthesis|[silent]\n|upkeep\n|\n|t:|1699729175\n|switch|p1a: Espathra|Espathra, F, tera:Fairy|100\/100\n|switch|p2a: um uhh.. tortilla|Cinccino, M, shiny|100\/100\n|turn|24\n|\n|t:|1699729180\n|move|p2a: um uhh.. tortilla|Tail Slap|p1a: Espathra\n|-damage|p1a: Espathra|75\/100\n|-damage|p1a: Espathra|49\/100\n|-damage|p1a: Espathra|24\/100\n|-damage|p1a: Espathra|0 fnt\n|faint|p1a: Espathra\n|-hitcount|p1: Espathra|4\n|\n|win|kiwiiShockszone\n|raw|vsalzar's rating: 1168 &rarr; <strong>1135<\/strong><br \/>(-33 for losing)\n|raw|kiwiiShockszone's rating: 1046 &rarr; <strong>1090<\/strong><br \/>(+44 for winning)\n|c|\u2606kiwiiShockszone|g\n|c|\u2606kiwiiShockszone|gg\n|c|\u2606vsalzar|gg\n","uploadtime":1699729190,"views":5,"p1id":"vsalzar","p2id":"kiwiishockszone","formatid":"gen9nationaldexubers","rating":1090,"private":0,"password":""}