{"id":"gen9nationaldexubers-1991980588","p1":"ubbbber","p2":"loutoy1","format":"[Gen 9] National Dex Ubers","log":"|j|\u2606ubbbber\n|j|\u2606loutoy1\n|t:|1700144738\n|gametype|singles\n|player|p1|ubbbber|n|1270\n|player|p2|loutoy1|red|1350\n|teamsize|p1|6\n|teamsize|p2|6\n|gen|9\n|tier|[Gen 9] National Dex Ubers\n|rated|\n|rule|HP Percentage Mod: HP is shown in percentages\n|rule|Endless Battle Clause: Forcing endless battles is banned\n|rule|OHKO Clause: OHKO moves are banned\n|rule|Evasion Moves Clause: Evasion moves are banned\n|rule|Evasion Items Clause: Evasion items are banned\n|rule|Species Clause: Limit one of each Pok\u00e9mon\n|rule|Sleep Clause Mod: Limit one foe put to sleep\n|rule|Mega Rayquaza Clause: You cannot mega evolve Rayquaza\n|clearpoke\n|poke|p1|Kyurem-White|\n|poke|p1|Corviknight, M|\n|poke|p1|Palafin, F|\n|poke|p1|Urshifu-*, F|\n|poke|p1|Alakazam, M|\n|poke|p1|Kingambit, F|\n|poke|p2|Marshadow|\n|poke|p2|Xerneas-*|\n|poke|p2|Groudon|\n|poke|p2|Kyogre|\n|poke|p2|Ho-Oh|\n|poke|p2|Zacian-*|\n|teampreview\n|\n|t:|1700144781\n|start\n|switch|p1a: Palafin|Palafin, F|100\/100\n|switch|p2a: Groudon|Groudon, shiny|100\/100\n|detailschange|p2a: Groudon|Groudon-Primal, shiny\n|-primal|p2a: Groudon|Red Orb\n|-weather|DesolateLand|[from] ability: Desolate Land|[of] p2a: Groudon\n|turn|1\n|\n|t:|1700144788\n|detailschange|p1a: Palafin|Palafin-Hero, F\n|switch|p1a: Corviknight|Corviknight, M|100\/100\n|move|p2a: Groudon|Rock Polish|p2a: Groudon\n|-boost|p2a: Groudon|spe|2\n|\n|-weather|DesolateLand|[upkeep]\n|upkeep\n|turn|2\n|inactive|Battle timer is ON: inactive players will automatically lose when time's up. (requested by loutoy1)\n|\n|t:|1700144796\n|move|p2a: Groudon|Heat Crash|p1a: Corviknight\n|-supereffective|p1a: Corviknight\n|-damage|p1a: Corviknight|0 fnt\n|faint|p1a: Corviknight\n|\n|-weather|DesolateLand|[upkeep]\n|upkeep\n|\n|t:|1700144804\n|switch|p1a: Kyurem|Kyurem-White|100\/100\n|-ability|p1a: Kyurem|Turboblaze\n|turn|3\n|\n|t:|1700144811\n|move|p2a: Groudon|Swords Dance|p2a: Groudon\n|-boost|p2a: Groudon|atk|2\n|move|p1a: Kyurem|Earth Power|p2a: Groudon\n|-supereffective|p2a: Groudon\n|-damage|p2a: Groudon|7\/100\n|\n|-weather|DesolateLand|[upkeep]\n|upkeep\n|turn|4\n|\n|t:|1700144819\n|move|p2a: Groudon|Heat Crash|p1a: Kyurem\n|-damage|p1a: Kyurem|0 fnt\n|faint|p1a: Kyurem\n|\n|-weather|DesolateLand|[upkeep]\n|upkeep\n|\n|t:|1700144825\n|switch|p1a: Kingambit|Kingambit, F|100\/100\n|-activate|p1a: Kingambit|ability: Supreme Overlord\n|-start|p1a: Kingambit|fallen2|[silent]\n|turn|5\n|inactive|loutoy1 has 120 seconds left.\n|\n|t:|1700144857\n|-weather|none\n|switch|p2a: Kyogre|Kyogre, shiny|100\/100\n|detailschange|p2a: Kyogre|Kyogre-Primal, shiny\n|-primal|p2a: Kyogre|Blue Orb\n|-weather|PrimordialSea|[from] ability: Primordial Sea|[of] p2a: Kyogre\n|move|p1a: Kingambit|Kowtow Cleave|p2a: Kyogre\n|-damage|p2a: Kyogre|22\/100\n|\n|-weather|PrimordialSea|[upkeep]\n|upkeep\n|turn|6\n|\n|t:|1700144864\n|move|p2a: Kyogre|Thunder Wave|p1a: Kingambit\n|-status|p1a: Kingambit|par\n|cant|p1a: Kingambit|par\n|\n|-weather|PrimordialSea|[upkeep]\n|upkeep\n|turn|7\n|\n|t:|1700144874\n|move|p1a: Kingambit|Sucker Punch|p2a: Kyogre\n|-damage|p2a: Kyogre|0 fnt\n|faint|p2a: Kyogre\n|-weather|none\n|\n|upkeep\n|\n|t:|1700144883\n|switch|p2a: Xerneas|Xerneas, shiny|100\/100\n|-ability|p2a: Xerneas|Fairy Aura\n|turn|8\n|\n|t:|1700144886\n|move|p2a: Xerneas|Geomancy||[still]\n|-prepare|p2a: Xerneas|Geomancy\n|-enditem|p2a: Xerneas|Power Herb\n|-anim|p2a: Xerneas|Geomancy|p2a: Xerneas\n|-boost|p2a: Xerneas|spa|2\n|-boost|p2a: Xerneas|spd|2\n|-boost|p2a: Xerneas|spe|2\n|move|p1a: Kingambit|Iron Head|p2a: Xerneas\n|-supereffective|p2a: Xerneas\n|-damage|p2a: Xerneas|0 fnt\n|faint|p2a: Xerneas\n|\n|upkeep\n|\n|t:|1700144912\n|switch|p2a: Groudon|Groudon-Primal, shiny|7\/100\n|-weather|DesolateLand|[from] ability: Desolate Land|[of] p2a: Groudon\n|turn|9\n|\n|t:|1700144916\n|move|p1a: Kingambit|Sucker Punch|p2a: Groudon\n|-damage|p2a: Groudon|0 fnt\n|faint|p2a: Groudon\n|-weather|none\n|\n|upkeep\n|-message|loutoy1 forfeited.\n|\n|win|ubbbber\n|raw|ubbbber's rating: 1270 &rarr; <strong>1302<\/strong><br \/>(+32 for winning)\n|raw|loutoy1's rating: 1375 &rarr; <strong>1349<\/strong><br \/>(-26 for losing)\n|l|\u2606loutoy1\n","uploadtime":1700144931,"views":13,"p1id":"ubbbber","p2id":"loutoy1","formatid":"gen9nationaldexubers","rating":1302,"private":0,"password":""}