{"id":"gen9nationaldexubers-1982599099","p1":"Lucarr10","p2":"nuccibuccigucci","format":"[Gen 9] National Dex Ubers","log":"|j|\u2606Lucarr10\n|j|\u2606nuccibuccigucci\n|t:|1699028705\n|gametype|singles\n|player|p1|Lucarr10|clair|\n|player|p2|nuccibuccigucci|1|\n|teamsize|p1|4\n|teamsize|p2|4\n|gen|9\n|tier|[Gen 9] National Dex Ubers\n|rule|HP Percentage Mod: HP is shown in percentages\n|rule|Endless Battle Clause: Forcing endless battles is banned\n|rule|OHKO Clause: OHKO moves are banned\n|rule|Evasion Moves Clause: Evasion moves are banned\n|rule|Evasion Items Clause: Evasion items are banned\n|rule|Species Clause: Limit one of each Pok\u00e9mon\n|rule|Sleep Clause Mod: Limit one foe put to sleep\n|rule|Mega Rayquaza Clause: You cannot mega evolve Rayquaza\n|clearpoke\n|poke|p1|Regieleki|\n|poke|p1|Spinda, F|\n|poke|p1|Golisopod, F|\n|poke|p1|Gholdengo|\n|poke|p2|Okidogi, M|\n|poke|p2|Empoleon, M|\n|poke|p2|Hariyama, M|\n|poke|p2|Sigilyph, F|\n|teampreview\n|c|\u2606Lucarr10|g1\n|c|\u2606Lucarr10|gl\n|c|\u2606nuccibuccigucci|glhf\n|c|\u2606Lucarr10|I'm gonna say right now... that's a team you've got there\n|\n|t:|1699028751\n|start\n|switch|p1a: Cy@|Golisopod, F|100\/100\n|switch|p2a: Gary|Empoleon, M|100\/100\n|turn|1\n|\n|t:|1699028767\n|switch|p1a: SPEEEEEEEEEEEEEED!|Regieleki|100\/100\n|move|p2a: Gary|Stealth Rock|p1a: SPEEEEEEEEEEEEEED!\n|-sidestart|p1: Lucarr10|move: Stealth Rock\n|\n|upkeep\n|turn|2\n|\n|t:|1699028791\n|switch|p2a: SlammaJamma|Hariyama, M|100\/100\n|move|p1a: SPEEEEEEEEEEEEEED!|Agility|p1a: SPEEEEEEEEEEEEEED!\n|-boost|p1a: SPEEEEEEEEEEEEEED!|spe|2\n|\n|upkeep\n|turn|3\n|\n|t:|1699028806\n|move|p1a: SPEEEEEEEEEEEEEED!|Electro Ball|p2a: SlammaJamma\n|-damage|p2a: SlammaJamma|42\/100\n|move|p2a: SlammaJamma|Knock Off|p1a: SPEEEEEEEEEEEEEED!\n|-damage|p1a: SPEEEEEEEEEEEEEED!|35\/100\n|-enditem|p1a: SPEEEEEEEEEEEEEED!|Magnet|[from] move: Knock Off|[of] p2a: SlammaJamma\n|\n|upkeep\n|turn|4\n|\n|t:|1699028818\n|move|p1a: SPEEEEEEEEEEEEEED!|Electro Ball|p2a: SlammaJamma\n|-damage|p2a: SlammaJamma|0 fnt\n|faint|p2a: SlammaJamma\n|\n|upkeep\n|\n|t:|1699028830\n|switch|p2a: Keeth|Okidogi, M|100\/100\n|turn|5\n|c|\u2606Lucarr10|\"keeth\"... I love it\n|c|\u2606nuccibuccigucci|son of Keith\n|\n|t:|1699028855\n|switch|p1a: Cheesestring|Gholdengo|100\/100\n|-damage|p1a: Cheesestring|94\/100|[from] Stealth Rock\n|move|p2a: Keeth|Drain Punch|p1a: Cheesestring\n|-immune|p1a: Cheesestring\n|\n|upkeep\n|turn|6\n|c|\u2606nuccibuccigucci|the OG\n|\n|t:|1699028877\n|switch|p2a: Quag-B-Gone|Sigilyph, F, shiny|100\/100\n|move|p1a: Cheesestring|Thunder Wave|p2a: Quag-B-Gone\n|-status|p2a: Quag-B-Gone|par\n|\n|upkeep\n|turn|7\n|\n|t:|1699028897\n|move|p1a: Cheesestring|Confuse Ray|p2a: Quag-B-Gone\n|-start|p2a: Quag-B-Gone|confusion\n|-activate|p2a: Quag-B-Gone|confusion\n|-damage|p2a: Quag-B-Gone|95\/100 par|[from] confusion\n|\n|-heal|p2a: Quag-B-Gone|100\/100 par|[from] item: Leftovers\n|upkeep\n|turn|8\n|c|\u2606nuccibuccigucci|oh god I made that gholdengo\n|c|\u2606nuccibuccigucci|what did I create\n|c|\u2606Lucarr10|oh did you now? excellent\n|\n|t:|1699028926\n|move|p1a: Cheesestring|Steel Beam|p2a: Quag-B-Gone\n|-damage|p2a: Quag-B-Gone|51\/100 par\n|-damage|p1a: Cheesestring|44\/100|[from] steelbeam\n|-activate|p2a: Quag-B-Gone|confusion\n|cant|p2a: Quag-B-Gone|par\n|\n|-heal|p2a: Quag-B-Gone|57\/100 par|[from] item: Leftovers\n|upkeep\n|turn|9\n|\n|t:|1699028948\n|move|p1a: Cheesestring|Recover|p1a: Cheesestring\n|-heal|p1a: Cheesestring|94\/100\n|-activate|p2a: Quag-B-Gone|confusion\n|move|p2a: Quag-B-Gone|Cosmic Power|p2a: Quag-B-Gone\n|-boost|p2a: Quag-B-Gone|def|1\n|-boost|p2a: Quag-B-Gone|spd|1\n|\n|-heal|p2a: Quag-B-Gone|63\/100 par|[from] item: Leftovers\n|upkeep\n|turn|10\n|\n|t:|1699028960\n|switch|p1a: Cy@|Golisopod, F|100\/100\n|-damage|p1a: Cy@|76\/100|[from] Stealth Rock\n|-end|p2a: Quag-B-Gone|confusion\n|move|p2a: Quag-B-Gone|Roost|p2a: Quag-B-Gone\n|-heal|p2a: Quag-B-Gone|100\/100 par\n|-singleturn|p2a: Quag-B-Gone|move: Roost\n|\n|upkeep\n|turn|11\n|\n|t:|1699028980\n|move|p1a: Cy@|Knock Off|p2a: Quag-B-Gone\n|-supereffective|p2a: Quag-B-Gone\n|-damage|p2a: Quag-B-Gone|42\/100 par\n|-enditem|p2a: Quag-B-Gone|Leftovers|[from] move: Knock Off|[of] p1a: Cy@\n|cant|p2a: Quag-B-Gone|par\n|\n|upkeep\n|turn|12\n|c|\u2606nuccibuccigucci|bruh\n|c|\u2606Lucarr10|rng is gonna rng\n|\n|t:|1699029009\n|move|p1a: Cy@|Leech Life|p2a: Quag-B-Gone\n|-damage|p2a: Quag-B-Gone|4\/100 par\n|-heal|p1a: Cy@|96\/100|[from] drain|[of] p2a: Quag-B-Gone\n|move|p2a: Quag-B-Gone|Ancient Power|p1a: Cy@\n|-supereffective|p1a: Cy@\n|-damage|p1a: Cy@|64\/100\n|-enditem|p1a: Cy@|Red Card|[of] p2a: Quag-B-Gone\n|drag|p2a: Keeth|Okidogi, M|100\/100\n|\n|upkeep\n|turn|13\n|\n|t:|1699029029\n|switch|p2a: Gary|Empoleon, M|100\/100\n|move|p1a: Cy@|Knock Off|p2a: Gary\n|-damage|p2a: Gary|63\/100\n|-damage|p1a: Cy@|47\/100|[from] item: Rocky Helmet|[of] p2a: Gary\n|-enditem|p2a: Gary|Rocky Helmet|[from] move: Knock Off|[of] p1a: Cy@\n|-activate|p1a: Cy@|ability: Emergency Exit\n|\n|t:|1699029038\n|switch|p1a: SPEEEEEEEEEEEEEED!|Regieleki|35\/100\n|-damage|p1a: SPEEEEEEEEEEEEEED!|23\/100|[from] Stealth Rock\n|\n|upkeep\n|turn|14\n|c|\u2606nuccibuccigucci|welp\n|c|\u2606Lucarr10|winnable imo\n|\n|t:|1699029083\n|switch|p2a: Quag-B-Gone|Sigilyph, F, shiny|4\/100 par\n|move|p1a: SPEEEEEEEEEEEEEED!|Electro Ball|p2a: Quag-B-Gone\n|-supereffective|p2a: Quag-B-Gone\n|-damage|p2a: Quag-B-Gone|0 fnt\n|faint|p2a: Quag-B-Gone\n|\n|upkeep\n|c|\u2606nuccibuccigucci|lol\n|\n|t:|1699029091\n|switch|p2a: Keeth|Okidogi, M|100\/100\n|turn|15\n|\n|t:|1699029099\n|switch|p1a: Cheesestring|Gholdengo|94\/100\n|-damage|p1a: Cheesestring|88\/100|[from] Stealth Rock\n|move|p2a: Keeth|Drain Punch|p1a: Cheesestring\n|-immune|p1a: Cheesestring\n|\n|upkeep\n|turn|16\n|\n|t:|1699029112\n|switch|p2a: Gary|Empoleon, M|63\/100\n|move|p1a: Cheesestring|Thunder Wave|p2a: Gary\n|-status|p2a: Gary|par\n|\n|upkeep\n|turn|17\n|\n|t:|1699029129\n|move|p1a: Cheesestring|Confuse Ray|p2a: Gary\n|-start|p2a: Gary|confusion\n|-activate|p2a: Gary|confusion\n|cant|p2a: Gary|par\n|\n|upkeep\n|turn|18\n|\n|t:|1699029164\n|switch|p1a: opposite day|Spinda, F|100\/100\n|-damage|p1a: opposite day|88\/100|[from] Stealth Rock\n|-activate|p2a: Gary|confusion\n|-damage|p2a: Gary|56\/100 par|[from] confusion\n|\n|upkeep\n|turn|19\n|c|\u2606nuccibuccigucci|just kill me already ;-;\n|\n|t:|1699029181\n|switch|p2a: Keeth|Okidogi, M|100\/100\n|move|p1a: opposite day|Superpower|p2a: Keeth\n|-resisted|p2a: Keeth\n|-damage|p2a: Keeth|90\/100\n|-boost|p1a: opposite day|atk|1\n|-boost|p1a: opposite day|def|1\n|\n|upkeep\n|turn|20\n|c|\u2606Lucarr10|you know exactly how likely that Gholdengo is to kill your team\n|\n|t:|1699029196\n|switch|p2a: Gary|Empoleon, M|56\/100 par\n|move|p1a: opposite day|Superpower|p2a: Gary\n|-supereffective|p2a: Gary\n|-damage|p2a: Gary|0 fnt\n|-boost|p1a: opposite day|atk|1\n|-boost|p1a: opposite day|def|1\n|faint|p2a: Gary\n|\n|upkeep\n|\n|t:|1699029201\n|switch|p2a: Keeth|Okidogi, M|90\/100\n|turn|21\n|\n|t:|1699029207\n|move|p1a: opposite day|Superpower|p2a: Keeth\n|-resisted|p2a: Keeth\n|-damage|p2a: Keeth|71\/100\n|-boost|p1a: opposite day|atk|1\n|-boost|p1a: opposite day|def|1\n|move|p2a: Keeth|Drain Punch|p1a: opposite day\n|-supereffective|p1a: opposite day\n|-damage|p1a: opposite day|28\/100\n|-heal|p2a: Keeth|93\/100|[from] drain|[of] p1a: opposite day\n|\n|upkeep\n|turn|22\n|\n|t:|1699029218\n|move|p1a: opposite day|Superpower|p2a: Keeth\n|-resisted|p2a: Keeth\n|-damage|p2a: Keeth|67\/100\n|-boost|p1a: opposite day|atk|1\n|-boost|p1a: opposite day|def|1\n|move|p2a: Keeth|Gunk Shot|p1a: opposite day\n|-damage|p1a: opposite day|0 fnt\n|faint|p1a: opposite day\n|\n|upkeep\n|\n|t:|1699029232\n|switch|p1a: SPEEEEEEEEEEEEEED!|Regieleki|23\/100\n|-damage|p1a: SPEEEEEEEEEEEEEED!|10\/100|[from] Stealth Rock\n|turn|23\n|\n|t:|1699029246\n|move|p1a: SPEEEEEEEEEEEEEED!|Electro Ball|p2a: Keeth\n|-crit|p2a: Keeth\n|-damage|p2a: Keeth|0 fnt\n|faint|p2a: Keeth\n|\n|win|Lucarr10\n|l|\u2606nuccibuccigucci\n","uploadtime":1699029254,"views":14,"p1id":"lucarr10","p2id":"nuccibuccigucci","formatid":"gen9nationaldexubers","rating":0,"private":0,"password":""}