{"id":"gen9nationaldexubers-1985845784","p1":"Ifyouseekamos","p2":"ModestStarmie","format":"[Gen 9] National Dex Ubers","log":"|j|\u2606Ifyouseekamos\n|j|\u2606ModestStarmie\n|t:|1699412538\n|gametype|singles\n|player|p1|Ifyouseekamos|n|\n|player|p2|ModestStarmie|morty|\n|teamsize|p1|6\n|teamsize|p2|6\n|gen|9\n|tier|[Gen 9] National Dex Ubers\n|rule|HP Percentage Mod: HP is shown in percentages\n|rule|Endless Battle Clause: Forcing endless battles is banned\n|rule|OHKO Clause: OHKO moves are banned\n|rule|Evasion Moves Clause: Evasion moves are banned\n|rule|Evasion Items Clause: Evasion items are banned\n|rule|Species Clause: Limit one of each Pok\u00e9mon\n|rule|Sleep Clause Mod: Limit one foe put to sleep\n|rule|Mega Rayquaza Clause: You cannot mega evolve Rayquaza\n|clearpoke\n|poke|p1|Excadrill, M|\n|poke|p1|Dracozolt|\n|poke|p1|Iron Jugulis|\n|poke|p1|Gigalith, F|\n|poke|p1|Slowbro-Galar, M|\n|poke|p1|Gyarados, F|\n|poke|p2|Charizard, M|\n|poke|p2|Walking Wake|\n|poke|p2|Whimsicott, M|\n|poke|p2|Zoroark-Hisui, M|\n|poke|p2|Tinkaton, F|\n|poke|p2|Quagsire, M|\n|teampreview\n|c|\u2606Ifyouseekamos|glhf\n|c|\u2606ModestStarmie|you too!!\n|\n|t:|1699412606\n|start\n|switch|p1a: Mr. Puppethands|Iron Jugulis, shiny|100\/100\n|switch|p2a: Pixie|Tinkaton, F|100\/100\n|turn|1\n|\n|t:|1699412657\n|switch|p2a: Pixie|Tinkaton, F|100\/100\n|-ability|p2a: Pixie|Mold Breaker\n|move|p1a: Mr. Puppethands|U-turn|p2a: Pixie\n|-resisted|p2a: Pixie\n|-damage|p2a: Pixie|96\/100\n|\n|t:|1699412676\n|-end|p1a: Mr. Puppethands|Quark Drive|[silent]\n|switch|p1a: Sir Drilliam|Excadrill, M, shiny|100\/100|[from] U-turn\n|\n|-heal|p2a: Pixie|100\/100|[from] item: Leftovers\n|upkeep\n|turn|2\n|\n|t:|1699412702\n|switch|p2a: Jughead|Quagsire, M|100\/100\n|move|p1a: Sir Drilliam|Iron Head|p2a: Jughead\n|-resisted|p2a: Jughead\n|-damage|p2a: Jughead|85\/100\n|\n|-heal|p2a: Jughead|91\/100|[from] item: Leftovers\n|upkeep\n|turn|3\n|\n|t:|1699412719\n|switch|p1a: Mr. Puppethands|Iron Jugulis, shiny|100\/100\n|move|p2a: Jughead|Toxic|p1a: Mr. Puppethands\n|-status|p1a: Mr. Puppethands|tox\n|\n|-heal|p2a: Jughead|97\/100|[from] item: Leftovers\n|-damage|p1a: Mr. Puppethands|94\/100 tox|[from] psn\n|upkeep\n|turn|4\n|\n|t:|1699412735\n|switch|p2a: Pixie|Tinkaton, F|100\/100\n|-ability|p2a: Pixie|Mold Breaker\n|move|p1a: Mr. Puppethands|Hurricane|p2a: Pixie\n|-resisted|p2a: Pixie\n|-damage|p2a: Pixie|71\/100\n|\n|-heal|p2a: Pixie|77\/100|[from] item: Leftovers\n|-damage|p1a: Mr. Puppethands|82\/100 tox|[from] psn\n|upkeep\n|turn|5\n|\n|t:|1699412757\n|-end|p1a: Mr. Puppethands|Quark Drive|[silent]\n|switch|p1a: Broey|Slowbro-Galar, M, shiny|100\/100\n|move|p2a: Pixie|Gigaton Hammer|p1a: Broey\n|-damage|p1a: Broey|58\/100\n|\n|-heal|p2a: Pixie|83\/100|[from] item: Leftovers\n|upkeep\n|turn|6\n|\n|t:|1699412770\n|move|p2a: Pixie|Knock Off|p1a: Broey\n|-supereffective|p1a: Broey\n|-damage|p1a: Broey|25\/100\n|-enditem|p1a: Broey|Assault Vest|[from] move: Knock Off|[of] p2a: Pixie\n|move|p1a: Broey|Chilling Water|p2a: Pixie\n|-damage|p2a: Pixie|70\/100\n|-unboost|p2a: Pixie|atk|1\n|\n|-heal|p2a: Pixie|76\/100|[from] item: Leftovers\n|upkeep\n|turn|7\n|\n|t:|1699412801\n|switch|p1a: Gary|Gyarados, F, shiny|100\/100\n|-ability|p1a: Gary|Intimidate|boost\n|-unboost|p2a: Pixie|atk|1\n|move|p2a: Pixie|Gigaton Hammer|p1a: Gary\n|-resisted|p1a: Gary\n|-damage|p1a: Gary|88\/100\n|\n|-heal|p2a: Pixie|82\/100|[from] item: Leftovers\n|upkeep\n|turn|8\n|\n|t:|1699412819\n|switch|p2a: Jughead|Quagsire, M|97\/100\n|move|p1a: Gary|Dragon Dance|p1a: Gary\n|-boost|p1a: Gary|atk|1\n|-boost|p1a: Gary|spe|1\n|\n|-heal|p2a: Jughead|100\/100|[from] item: Leftovers\n|upkeep\n|turn|9\n|\n|t:|1699412831\n|move|p1a: Gary|Substitute|p1a: Gary\n|-start|p1a: Gary|Substitute\n|-damage|p1a: Gary|63\/100\n|move|p2a: Jughead|Toxic||[still]\n|-fail|p2a: Jughead\n|\n|upkeep\n|turn|10\n|\n|t:|1699412849\n|switch|p2a: Pan|Whimsicott, M, shiny|100\/100\n|detailschange|p1a: Gary|Gyarados-Mega, F, shiny\n|-mega|p1a: Gary|Gyarados|Gyaradosite\n|-ability|p1a: Gary|Mold Breaker\n|move|p1a: Gary|Dragon Dance|p1a: Gary\n|-boost|p1a: Gary|atk|1\n|-boost|p1a: Gary|spe|1\n|\n|upkeep\n|turn|11\n|\n|t:|1699412860\n|move|p1a: Gary|Bounce||[still]\n|-prepare|p1a: Gary|Bounce\n|move|p2a: Pan|Moonblast|p1a: Gary|[miss]\n|-miss|p2a: Pan|p1a: Gary\n|\n|upkeep\n|turn|12\n|\n|t:|1699412876\n|move|p2a: Pan|Tailwind|p2a: Pan\n|-sidestart|p2: ModestStarmie|move: Tailwind\n|move|p1a: Gary|Bounce|p2a: Pan|[from]lockedmove\n|-supereffective|p2a: Pan\n|-enditem|p2a: Pan|Focus Sash\n|-damage|p2a: Pan|1\/100\n|\n|upkeep\n|turn|13\n|\n|t:|1699412887\n|move|p2a: Pan|Moonblast|p1a: Gary\n|-supereffective|p1a: Gary\n|-end|p1a: Gary|Substitute\n|move|p1a: Gary|Waterfall|p2a: Pan\n|-resisted|p2a: Pan\n|-damage|p2a: Pan|0 fnt\n|faint|p2a: Pan\n|\n|upkeep\n|\n|t:|1699412929\n|switch|p2a: Lava Boy|Charizard, M, shiny|100\/100\n|turn|14\n|\n|t:|1699412953\n|detailschange|p2a: Lava Boy|Charizard-Mega-Y, M, shiny\n|-mega|p2a: Lava Boy|Charizard|Charizardite Y\n|-weather|SunnyDay|[from] ability: Drought|[of] p2a: Lava Boy\n|move|p2a: Lava Boy|Scorching Sands|p1a: Gary\n|-damage|p1a: Gary|42\/100\n|move|p1a: Gary|Waterfall|p2a: Lava Boy\n|-supereffective|p2a: Lava Boy\n|-damage|p2a: Lava Boy|0 fnt\n|faint|p2a: Lava Boy\n|\n|-weather|SunnyDay|[upkeep]\n|upkeep\n|\n|t:|1699412972\n|switch|p2a: Jughead|Quagsire, M|100\/100\n|turn|15\n|\n|t:|1699412977\n|move|p1a: Gary|Substitute|p1a: Gary\n|-start|p1a: Gary|Substitute\n|-damage|p1a: Gary|17\/100\n|move|p2a: Jughead|Toxic||[still]\n|-fail|p2a: Jughead\n|\n|-weather|SunnyDay|[upkeep]\n|-sideend|p2: ModestStarmie|move: Tailwind\n|upkeep\n|turn|16\n|\n|t:|1699412986\n|switch|p2a: Pixie|Tinkaton, F|82\/100\n|-ability|p2a: Pixie|Mold Breaker\n|move|p1a: Gary|Bounce||[still]\n|-prepare|p1a: Gary|Bounce\n|\n|-weather|SunnyDay|[upkeep]\n|-heal|p2a: Pixie|89\/100|[from] item: Leftovers\n|upkeep\n|turn|17\n|\n|t:|1699412999\n|move|p1a: Gary|Bounce|p2a: Pixie|[from]lockedmove\n|-resisted|p2a: Pixie\n|-damage|p2a: Pixie|51\/100\n|-status|p2a: Pixie|par\n|cant|p2a: Pixie|par\n|\n|-weather|SunnyDay|[upkeep]\n|-heal|p2a: Pixie|57\/100 par|[from] item: Leftovers\n|upkeep\n|turn|18\n|c|\u2606ModestStarmie|great\n|c|\u2606Ifyouseekamos|that sucks sorry\n|\n|t:|1699413019\n|move|p1a: Gary|Bounce||[still]\n|-prepare|p1a: Gary|Bounce\n|move|p2a: Pixie|Gigaton Hammer|p1a: Gary|[miss]\n|-miss|p2a: Pixie|p1a: Gary\n|\n|-weather|none\n|-heal|p2a: Pixie|63\/100 par|[from] item: Leftovers\n|upkeep\n|turn|19\n|\n|t:|1699413027\n|move|p1a: Gary|Bounce|p2a: Pixie|[from]lockedmove\n|-resisted|p2a: Pixie\n|-damage|p2a: Pixie|27\/100 par\n|move|p2a: Pixie|Stealth Rock|p1a: Gary\n|-sidestart|p1: Ifyouseekamos|move: Stealth Rock\n|\n|-heal|p2a: Pixie|33\/100 par|[from] item: Leftovers\n|upkeep\n|turn|20\n|\n|t:|1699413036\n|move|p1a: Gary|Waterfall|p2a: Pixie\n|-damage|p2a: Pixie|0 fnt\n|faint|p2a: Pixie\n|\n|upkeep\n|\n|t:|1699413043\n|switch|p2a: Shark Girl|Walking Wake|100\/100\n|-enditem|p2a: Shark Girl|Booster Energy\n|-activate|p2a: Shark Girl|ability: Protosynthesis|[fromitem]\n|-start|p2a: Shark Girl|protosynthesisspe\n|turn|21\n|\n|t:|1699413056\n|move|p2a: Shark Girl|Draco Meteor|p1a: Gary\n|-end|p1a: Gary|Substitute\n|-unboost|p2a: Shark Girl|spa|2\n|move|p1a: Gary|Bounce||[still]\n|-prepare|p1a: Gary|Bounce\n|\n|upkeep\n|turn|22\n|\n|t:|1699413070\n|-end|p2a: Shark Girl|Protosynthesis|[silent]\n|switch|p2a: Jughead|Quagsire, M|100\/100\n|move|p1a: Gary|Bounce|p2a: Jughead|[from]lockedmove\n|-damage|p2a: Jughead|64\/100\n|\n|-heal|p2a: Jughead|70\/100|[from] item: Leftovers\n|upkeep\n|turn|23\n|\n|t:|1699413084\n|move|p1a: Gary|Waterfall|p2a: Jughead\n|-damage|p2a: Jughead|18\/100\n|move|p2a: Jughead|Toxic|p1a: Gary\n|-status|p1a: Gary|tox\n|\n|-heal|p2a: Jughead|24\/100|[from] item: Leftovers\n|-damage|p1a: Gary|11\/100 tox|[from] psn\n|upkeep\n|turn|24\n|\n|t:|1699413093\n|move|p2a: Jughead|Protect|p2a: Jughead\n|-singleturn|p2a: Jughead|Protect\n|move|p1a: Gary|Waterfall|p2a: Jughead\n|-activate|p2a: Jughead|move: Protect\n|\n|-heal|p2a: Jughead|30\/100|[from] item: Leftovers\n|-damage|p1a: Gary|0 fnt|[from] psn\n|faint|p1a: Gary\n|upkeep\n|\n|t:|1699413115\n|switch|p1a: Sir Drilliam|Excadrill, M, shiny|100\/100\n|-damage|p1a: Sir Drilliam|97\/100|[from] Stealth Rock\n|turn|25\n|\n|t:|1699413136\n|move|p1a: Sir Drilliam|Rapid Spin|p2a: Jughead\n|-damage|p2a: Jughead|17\/100\n|-boost|p1a: Sir Drilliam|spe|1\n|-sideend|p1: Ifyouseekamos|Stealth Rock|[from] move: Rapid Spin|[of] p1a: Sir Drilliam\n|move|p2a: Jughead|Recover|p2a: Jughead\n|-heal|p2a: Jughead|67\/100\n|\n|-heal|p2a: Jughead|73\/100|[from] item: Leftovers\n|upkeep\n|turn|26\n|\n|t:|1699413155\n|switch|p1a: Mr. Puppethands|Iron Jugulis, shiny|82\/100 tox\n|move|p2a: Jughead|Earthquake|p1a: Mr. Puppethands\n|-immune|p1a: Mr. Puppethands\n|\n|-heal|p2a: Jughead|79\/100|[from] item: Leftovers\n|-damage|p1a: Mr. Puppethands|76\/100 tox|[from] psn\n|upkeep\n|turn|27\n|\n|t:|1699413174\n|move|p2a: Jughead|Protect|p2a: Jughead\n|-singleturn|p2a: Jughead|Protect\n|move|p1a: Mr. Puppethands|Hurricane|p2a: Jughead\n|-activate|p2a: Jughead|move: Protect\n|\n|-heal|p2a: Jughead|85\/100|[from] item: Leftovers\n|-damage|p1a: Mr. Puppethands|64\/100 tox|[from] psn\n|upkeep\n|turn|28\n|\n|t:|1699413188\n|-terastallize|p2a: Jughead|Steel\n|move|p1a: Mr. Puppethands|Hurricane|p2a: Jughead\n|-resisted|p2a: Jughead\n|-damage|p2a: Jughead|50\/100\n|-start|p2a: Jughead|confusion\n|-activate|p2a: Jughead|confusion\n|-damage|p2a: Jughead|44\/100|[from] confusion\n|\n|-heal|p2a: Jughead|50\/100|[from] item: Leftovers\n|-damage|p1a: Mr. Puppethands|46\/100 tox|[from] psn\n|upkeep\n|turn|29\n|\n|t:|1699413206\n|-end|p1a: Mr. Puppethands|Quark Drive|[silent]\n|switch|p1a: Sir Drilliam|Excadrill, M, shiny|97\/100\n|-activate|p2a: Jughead|confusion\n|-damage|p2a: Jughead|45\/100|[from] confusion\n|\n|-heal|p2a: Jughead|51\/100|[from] item: Leftovers\n|upkeep\n|turn|30\n|\n|t:|1699413219\n|switch|p1a: Mr. Puppethands|Iron Jugulis, shiny|46\/100 tox\n|-activate|p2a: Jughead|confusion\n|move|p2a: Jughead|Recover|p2a: Jughead\n|-heal|p2a: Jughead|100\/100\n|\n|-damage|p1a: Mr. Puppethands|40\/100 tox|[from] psn\n|upkeep\n|turn|31\n|\n|t:|1699413250\n|-activate|p2a: Jughead|confusion\n|move|p2a: Jughead|Protect|p2a: Jughead\n|-singleturn|p2a: Jughead|Protect\n|move|p1a: Mr. Puppethands|Earth Power|p2a: Jughead\n|-activate|p2a: Jughead|move: Protect\n|\n|-damage|p1a: Mr. Puppethands|28\/100 tox|[from] psn\n|upkeep\n|turn|32\n|\n|t:|1699413270\n|move|p1a: Mr. Puppethands|Earth Power|p2a: Jughead\n|-supereffective|p2a: Jughead\n|-damage|p2a: Jughead|21\/100\n|-end|p2a: Jughead|confusion\n|move|p2a: Jughead|Toxic|p1a: Mr. Puppethands\n|-fail|p1a: Mr. Puppethands|tox\n|\n|-heal|p2a: Jughead|27\/100|[from] item: Leftovers\n|-damage|p1a: Mr. Puppethands|10\/100 tox|[from] psn\n|upkeep\n|turn|33\n|\n|t:|1699413287\n|-end|p1a: Mr. Puppethands|Quark Drive|[silent]\n|switch|p1a: Fraggle Rock|Gigalith, F, shiny|100\/100\n|-weather|Sandstorm|[from] ability: Sand Stream|[of] p1a: Fraggle Rock\n|move|p2a: Jughead|Protect||[still]\n|-fail|p2a: Jughead\n|\n|-weather|Sandstorm|[upkeep]\n|-heal|p2a: Jughead|33\/100|[from] item: Leftovers\n|upkeep\n|turn|34\n|\n|t:|1699413307\n|move|p2a: Jughead|Recover|p2a: Jughead\n|-heal|p2a: Jughead|83\/100\n|move|p1a: Fraggle Rock|Earthquake|p2a: Jughead\n|-supereffective|p2a: Jughead\n|-damage|p2a: Jughead|38\/100\n|\n|-weather|Sandstorm|[upkeep]\n|-heal|p2a: Jughead|44\/100|[from] item: Leftovers\n|upkeep\n|turn|35\n|\n|t:|1699413333\n|switch|p1a: Sir Drilliam|Excadrill, M, shiny|97\/100\n|move|p2a: Jughead|Protect||[still]\n|-fail|p2a: Jughead\n|\n|-weather|Sandstorm|[upkeep]\n|-heal|p2a: Jughead|50\/100|[from] item: Leftovers\n|upkeep\n|turn|36\n|\n|t:|1699413350\n|move|p1a: Sir Drilliam|Swords Dance|p1a: Sir Drilliam\n|-boost|p1a: Sir Drilliam|atk|2\n|move|p2a: Jughead|Recover|p2a: Jughead\n|-heal|p2a: Jughead|100\/100\n|\n|-weather|Sandstorm|[upkeep]\n|upkeep\n|turn|37\n|\n|t:|1699413370\n|move|p1a: Sir Drilliam|Iron Head|p2a: Jughead\n|-resisted|p2a: Jughead\n|-damage|p2a: Jughead|85\/100\n|cant|p2a: Jughead|flinch\n|\n|-weather|none\n|-heal|p2a: Jughead|91\/100|[from] item: Leftovers\n|upkeep\n|turn|38\n|\n|t:|1699413383\n|switch|p1a: Broey|Slowbro-Galar, M, shiny|58\/100\n|move|p2a: Jughead|Earthquake|p1a: Broey\n|-supereffective|p1a: Broey\n|-damage|p1a: Broey|19\/100\n|\n|-heal|p2a: Jughead|97\/100|[from] item: Leftovers\n|upkeep\n|turn|39\n|\n|t:|1699413399\n|switch|p1a: Fraggle Rock|Gigalith, F, shiny|100\/100\n|-weather|Sandstorm|[from] ability: Sand Stream|[of] p1a: Fraggle Rock\n|move|p2a: Jughead|Earthquake|p1a: Fraggle Rock\n|-supereffective|p1a: Fraggle Rock\n|-damage|p1a: Fraggle Rock|58\/100\n|\n|-weather|Sandstorm|[upkeep]\n|-heal|p2a: Jughead|100\/100|[from] item: Leftovers\n|upkeep\n|turn|40\n|\n|t:|1699413421\n|move|p2a: Jughead|Toxic|p1a: Fraggle Rock\n|-status|p1a: Fraggle Rock|tox\n|move|p1a: Fraggle Rock|Earthquake|p2a: Jughead\n|-supereffective|p2a: Jughead\n|-damage|p2a: Jughead|56\/100\n|\n|-weather|Sandstorm|[upkeep]\n|-heal|p2a: Jughead|62\/100|[from] item: Leftovers\n|-damage|p1a: Fraggle Rock|52\/100 tox|[from] psn\n|upkeep\n|turn|41\n|\n|t:|1699413446\n|switch|p1a: Big Booty|Dracozolt, shiny|100\/100\n|move|p2a: Jughead|Protect||[still]\n|-fail|p2a: Jughead\n|\n|-weather|Sandstorm|[upkeep]\n|-heal|p2a: Jughead|68\/100|[from] item: Leftovers\n|upkeep\n|turn|42\n|\n|t:|1699413460\n|move|p1a: Big Booty|Bolt Beak|p2a: Jughead\n|-damage|p2a: Jughead|0 fnt\n|faint|p2a: Jughead\n|\n|-weather|Sandstorm|[upkeep]\n|upkeep\n|\n|t:|1699413474\n|switch|p2a: Shark Girl|Walking Wake|100\/100\n|turn|43\n|\n|t:|1699413479\n|move|p1a: Big Booty|Bolt Beak|p2a: Shark Girl\n|-damage|p2a: Shark Girl|0 fnt\n|faint|p2a: Shark Girl\n|-end|p2a: Shark Girl|Protosynthesis|[silent]\n|\n|-weather|none\n|upkeep\n|\n|t:|1699413485\n|switch|p2a: Xhadow|Zoroark-Hisui, M, shiny|100\/100\n|turn|44\n|\n|t:|1699413492\n|switch|p1a: Fraggle Rock|Gigalith, F, shiny|52\/100 tox\n|-weather|Sandstorm|[from] ability: Sand Stream|[of] p1a: Fraggle Rock\n|move|p2a: Xhadow|Bitter Malice|p1a: Fraggle Rock\n|-damage|p1a: Fraggle Rock|38\/100 tox\n|-unboost|p1a: Fraggle Rock|atk|1\n|\n|-weather|Sandstorm|[upkeep]\n|-damage|p2a: Xhadow|95\/100|[from] Sandstorm\n|-damage|p1a: Fraggle Rock|32\/100 tox|[from] psn\n|upkeep\n|turn|45\n|c|\u2606ModestStarmie|gg\n|\n|t:|1699413510\n|switch|p1a: Mr. Puppethands|Iron Jugulis, shiny|10\/100 tox\n|move|p2a: Xhadow|Bitter Malice|p1a: Mr. Puppethands\n|-resisted|p1a: Mr. Puppethands\n|-damage|p1a: Mr. Puppethands|0 fnt\n|faint|p1a: Mr. Puppethands\n|-end|p1a: Mr. Puppethands|Quark Drive|[silent]\n|\n|-weather|Sandstorm|[upkeep]\n|-damage|p2a: Xhadow|89\/100|[from] Sandstorm\n|upkeep\n|c|\u2606Ifyouseekamos|gg\n|\n|t:|1699413520\n|switch|p1a: Big Booty|Dracozolt, shiny|100\/100\n|turn|46\n|\n|t:|1699413524\n|move|p2a: Xhadow|Bitter Malice|p1a: Big Booty\n|-damage|p1a: Big Booty|43\/100\n|-unboost|p1a: Big Booty|atk|1\n|move|p1a: Big Booty|Bolt Beak|p2a: Xhadow\n|-crit|p2a: Xhadow\n|-damage|p2a: Xhadow|0 fnt\n|faint|p2a: Xhadow\n|\n|win|Ifyouseekamos\n|c|\u2606Ifyouseekamos|gl against Jason\n|c|\u2606Ifyouseekamos|I think you play him next\n","uploadtime":1699413535,"views":43,"p1id":"ifyouseekamos","p2id":"modeststarmie","formatid":"gen9nationaldexubers","rating":0,"private":0,"password":""}