{"id":"gen9nationaldexubers-1978615534","p1":"Kobe1919810\u7262\u5927","p2":"Sussy mongoose","format":"[Gen 9] National Dex Ubers","log":"|j|\u2606Kobe1919810\u7262\u5927\n|j|\u2606Sussy mongoose\n|t:|1698567380\n|gametype|singles\n|player|p1|Kobe1919810\u7262\u5927|rosa-masters2|1475\n|player|p2|Sussy mongoose|1|1588\n|teamsize|p1|6\n|teamsize|p2|6\n|gen|9\n|tier|[Gen 9] National Dex Ubers\n|rated|\n|rule|HP Percentage Mod: HP is shown in percentages\n|rule|Endless Battle Clause: Forcing endless battles is banned\n|rule|OHKO Clause: OHKO moves are banned\n|rule|Evasion Moves Clause: Evasion moves are banned\n|rule|Evasion Items Clause: Evasion items are banned\n|rule|Species Clause: Limit one of each Pok\u00e9mon\n|rule|Sleep Clause Mod: Limit one foe put to sleep\n|rule|Mega Rayquaza Clause: You cannot mega evolve Rayquaza\n|clearpoke\n|poke|p1|Ribombee, F|\n|poke|p1|Pheromosa|\n|poke|p1|Marshadow|\n|poke|p1|Necrozma-Dusk-Mane|\n|poke|p1|Groudon|\n|poke|p1|Kyogre|\n|poke|p2|Arceus|\n|poke|p2|Melmetal|\n|poke|p2|Hatterene, F|\n|poke|p2|Cresselia, F|\n|poke|p2|Calyrex-Ice|\n|poke|p2|Stakataka|\n|teampreview\n|inactive|Battle timer is ON: inactive players will automatically lose when time's up. (requested by Kobe1919810\u7262\u5927)\n|\n|t:|1698567404\n|start\n|switch|p1a: Groudon|Groudon|100\/100\n|switch|p2a: Hatterene|Hatterene, F|100\/100\n|detailschange|p1a: Groudon|Groudon-Primal\n|-primal|p1a: Groudon|Red Orb\n|-weather|DesolateLand|[from] ability: Desolate Land|[of] p1a: Groudon\n|turn|1\n|\n|t:|1698567407\n|move|p1a: Groudon|Heat Crash|p2a: Hatterene\n|-enditem|p2a: Hatterene|Focus Sash\n|-damage|p2a: Hatterene|1\/100\n|move|p2a: Hatterene|Trick Room|p2a: Hatterene\n|-fieldstart|move: Trick Room|[of] p2a: Hatterene\n|\n|-weather|DesolateLand|[upkeep]\n|upkeep\n|turn|2\n|\n|t:|1698567410\n|move|p2a: Hatterene|Psychic|p1a: Groudon\n|-crit|p1a: Groudon\n|-damage|p1a: Groudon|14\/100\n|move|p1a: Groudon|Stealth Rock|p2a: Hatterene\n|move|p2a: Hatterene|Stealth Rock|p1a: Groudon|[from]ability: Magic Bounce\n|-sidestart|p1: Kobe1919810\u7262\u5927|move: Stealth Rock\n|\n|-weather|DesolateLand|[upkeep]\n|upkeep\n|turn|3\n|\n|t:|1698567427\n|move|p2a: Hatterene|Psychic|p1a: Groudon\n|-crit|p1a: Groudon\n|-damage|p1a: Groudon|0 fnt\n|faint|p1a: Groudon\n|-weather|none\n|\n|upkeep\n|\n|t:|1698567434\n|switch|p1a: Ribombee|Ribombee, F|100\/100\n|-damage|p1a: Ribombee|76\/100|[from] Stealth Rock\n|turn|4\n|\n|t:|1698567438\n|switch|p1a: Necrozma|Necrozma-Dusk-Mane|100\/100\n|-damage|p1a: Necrozma|94\/100|[from] Stealth Rock\n|move|p2a: Hatterene|Psychic|p1a: Necrozma\n|-resisted|p1a: Necrozma\n|-damage|p1a: Necrozma|81\/100\n|\n|upkeep\n|turn|5\n|\n|t:|1698567444\n|move|p2a: Hatterene|Psychic|p1a: Necrozma\n|-resisted|p1a: Necrozma\n|-damage|p1a: Necrozma|70\/100\n|move|p1a: Necrozma|Swords Dance|p1a: Necrozma\n|-boost|p1a: Necrozma|atk|2\n|\n|-fieldend|move: Trick Room\n|upkeep\n|turn|6\n|\n|t:|1698567451\n|move|p1a: Necrozma|Sunsteel Strike|p2a: Hatterene\n|-supereffective|p2a: Hatterene\n|-crit|p2a: Hatterene\n|-damage|p2a: Hatterene|0 fnt\n|faint|p2a: Hatterene\n|\n|upkeep\n|\n|t:|1698567462\n|switch|p2a: Arceus|Arceus|100\/100\n|turn|7\n|\n|t:|1698567469\n|detailschange|p1a: Necrozma|Necrozma-Ultra\n|-burst|p1a: Necrozma|Necrozma|Ultranecrozium Z\n|move|p1a: Necrozma|Photon Geyser|p2a: Arceus\n|-damage|p2a: Arceus|4\/100\n|move|p2a: Arceus|Trick Room|p2a: Arceus\n|-fieldstart|move: Trick Room|[of] p2a: Arceus\n|\n|upkeep\n|turn|8\n|\n|t:|1698567478\n|move|p1a: Necrozma|Photon Geyser|p2a: Arceus\n|-damage|p2a: Arceus|0 fnt\n|faint|p2a: Arceus\n|\n|upkeep\n|\n|t:|1698567485\n|switch|p2a: Melmetal|Melmetal|100\/100\n|turn|9\n|\n|t:|1698567492\n|move|p2a: Melmetal|Double Iron Bash|p1a: Necrozma\n|-damage|p1a: Necrozma|3\/100\n|-damage|p1a: Necrozma|0 fnt\n|faint|p1a: Necrozma\n|-hitcount|p1: Necrozma|2\n|\n|upkeep\n|\n|t:|1698567498\n|switch|p1a: Ribombee|Ribombee, F|76\/100\n|-damage|p1a: Ribombee|51\/100|[from] Stealth Rock\n|turn|10\n|\n|t:|1698567501\n|move|p2a: Melmetal|Double Iron Bash|p1a: Ribombee\n|-supereffective|p1a: Ribombee\n|-damage|p1a: Ribombee|0 fnt\n|faint|p1a: Ribombee\n|-hitcount|p1: Ribombee|1\n|\n|upkeep\n|\n|t:|1698567511\n|switch|p1a: Pheromosa|Pheromosa|100\/100\n|-damage|p1a: Pheromosa|88\/100|[from] Stealth Rock\n|turn|11\n|\n|t:|1698567515\n|move|p2a: Melmetal|Double Iron Bash|p1a: Pheromosa\n|-damage|p1a: Pheromosa|0 fnt\n|faint|p1a: Pheromosa\n|-hitcount|p1: Pheromosa|1\n|\n|-fieldend|move: Trick Room\n|upkeep\n|\n|t:|1698567517\n|switch|p1a: Kyogre|Kyogre|100\/100\n|-damage|p1a: Kyogre|88\/100|[from] Stealth Rock\n|-weather|RainDance|[from] ability: Drizzle|[of] p1a: Kyogre\n|turn|12\n|\n|t:|1698567520\n|switch|p2a: Calyrex|Calyrex-Ice|100\/100\n|-ability|p2a: Calyrex|As One\n|-ability|p2a: Calyrex|Unnerve\n|-terastallize|p1a: Kyogre|Water\n|move|p1a: Kyogre|Water Spout|p2a: Calyrex\n|-damage|p2a: Calyrex|0 fnt\n|faint|p2a: Calyrex\n|\n|-weather|RainDance|[upkeep]\n|upkeep\n|\n|t:|1698567527\n|switch|p2a: Cresselia|Cresselia, F|100\/100\n|turn|13\n|\n|t:|1698567531\n|move|p1a: Kyogre|Water Spout|p2a: Cresselia\n|-damage|p2a: Cresselia|0 fnt\n|faint|p2a: Cresselia\n|\n|-weather|RainDance|[upkeep]\n|upkeep\n|-message|Sussy mongoose forfeited.\n|\n|win|Kobe1919810\u7262\u5927\n|raw|Kobe1919810\u7262\u5927's rating: 1475 &rarr; <strong>1501<\/strong><br \/>(+26 for winning)\n|raw|Sussy mongoose's rating: 1588 &rarr; <strong>1562<\/strong><br \/>(-26 for losing)\n|l|\u2606Sussy mongoose\n","uploadtime":1698567561,"views":11,"p1id":"kobe1919810","p2id":"sussymongoose","formatid":"gen9nationaldexubers","rating":1501,"private":0,"password":""}