{"id":"gen9nationaldexubers-1998289485","p1":"Theruffletkid","p2":"letch","format":"[Gen 9] National Dex Ubers","log":"|j|\u2606Theruffletkid\n|j|\u2606letch\n|t:|1700925240\n|gametype|singles\n|player|p1|Theruffletkid|wattson|1535\n|player|p2|letch|wallace|1514\n|teamsize|p1|6\n|teamsize|p2|6\n|gen|9\n|tier|[Gen 9] National Dex Ubers\n|rated|\n|rule|HP Percentage Mod: HP is shown in percentages\n|rule|Endless Battle Clause: Forcing endless battles is banned\n|rule|OHKO Clause: OHKO moves are banned\n|rule|Evasion Moves Clause: Evasion moves are banned\n|rule|Evasion Items Clause: Evasion items are banned\n|rule|Species Clause: Limit one of each Pok\u00e9mon\n|rule|Sleep Clause Mod: Limit one foe put to sleep\n|rule|Mega Rayquaza Clause: You cannot mega evolve Rayquaza\n|clearpoke\n|poke|p1|Zygarde|\n|poke|p1|Groudon|\n|poke|p1|Palkia-Origin|\n|poke|p1|Marshadow|\n|poke|p1|Zacian-*|\n|poke|p1|Giratina-Origin|\n|poke|p2|Deoxys-Speed|\n|poke|p2|Necrozma-Dawn-Wings|\n|poke|p2|Zacian-*|\n|poke|p2|Arceus-Fairy|\n|poke|p2|Yveltal|\n|poke|p2|Calyrex-Ice|\n|teampreview\n|\n|t:|1700925260\n|start\n|switch|p1a: Zacian|Zacian-Crowned|100\/100\n|switch|p2a: Deoxys|Deoxys-Speed|100\/100\n|-ability|p2a: Deoxys|Pressure\n|-ability|p1a: Zacian|Intrepid Sword|boost\n|-boost|p1a: Zacian|atk|1\n|turn|1\n|\n|t:|1700925269\n|move|p2a: Deoxys|Taunt|p1a: Zacian\n|-start|p1a: Zacian|move: Taunt\n|move|p1a: Zacian|Behemoth Blade|p2a: Deoxys\n|-damage|p2a: Deoxys|0 fnt\n|-damage|p1a: Zacian|84\/100|[from] item: Rocky Helmet|[of] p2a: Deoxys\n|faint|p2a: Deoxys\n|\n|upkeep\n|\n|t:|1700925284\n|switch|p2a: Crystal|Calyrex-Ice|100\/100\n|-ability|p2a: Crystal|As One\n|-ability|p2a: Crystal|Unnerve\n|turn|2\n|\n|t:|1700925293\n|move|p1a: Zacian|Behemoth Blade|p2a: Crystal\n|-supereffective|p2a: Crystal\n|-damage|p2a: Crystal|0 fnt\n|faint|p2a: Crystal\n|\n|upkeep\n|\n|t:|1700925303\n|switch|p2a: Necrozma|Necrozma-Dawn-Wings|100\/100\n|turn|3\n|\n|t:|1700925313\n|move|p1a: Zacian|Behemoth Blade|p2a: Necrozma\n|-damage|p2a: Necrozma|18\/100\n|move|p2a: Necrozma|Earth Power|p1a: Zacian\n|-supereffective|p1a: Zacian\n|-damage|p1a: Zacian|12\/100\n|\n|-end|p1a: Zacian|move: Taunt\n|upkeep\n|turn|4\n|\n|t:|1700925323\n|switch|p2a: Rover|Zacian-Crowned|100\/100\n|-ability|p2a: Rover|Intrepid Sword|boost\n|-boost|p2a: Rover|atk|1\n|move|p1a: Zacian|Behemoth Blade|p2a: Rover\n|-damage|p2a: Rover|12\/100\n|\n|upkeep\n|turn|5\n|\n|t:|1700925331\n|switch|p1a: Groudon|Groudon|100\/100\n|detailschange|p1a: Groudon|Groudon-Primal\n|-primal|p1a: Groudon|Red Orb\n|-weather|DesolateLand|[from] ability: Desolate Land|[of] p1a: Groudon\n|move|p2a: Rover|Behemoth Blade|p1a: Groudon\n|-resisted|p1a: Groudon\n|-damage|p1a: Groudon|80\/100\n|\n|-weather|DesolateLand|[upkeep]\n|upkeep\n|turn|6\n|\n|t:|1700925340\n|move|p2a: Rover|Close Combat|p1a: Groudon\n|-damage|p1a: Groudon|44\/100\n|-unboost|p2a: Rover|def|1\n|-unboost|p2a: Rover|spd|1\n|move|p1a: Groudon|Precipice Blades|p2a: Rover\n|-supereffective|p2a: Rover\n|-damage|p2a: Rover|0 fnt\n|faint|p2a: Rover\n|\n|-weather|DesolateLand|[upkeep]\n|upkeep\n|\n|t:|1700925347\n|switch|p2a: Necrozma|Necrozma-Dawn-Wings|18\/100\n|turn|7\n|\n|t:|1700925355\n|-weather|none\n|switch|p1a: Zygarde|Zygarde|100\/100\n|detailschange|p2a: Necrozma|Necrozma-Ultra\n|-burst|p2a: Necrozma|Necrozma|Ultranecrozium Z\n|move|p2a: Necrozma|Earth Power|p1a: Zygarde\n|-damage|p1a: Zygarde|65\/100\n|-unboost|p1a: Zygarde|spd|1\n|\n|-heal|p1a: Zygarde|71\/100|[from] item: Leftovers\n|upkeep\n|turn|8\n|\n|t:|1700925369\n|switch|p1a: Giratina|Giratina-Origin|100\/100\n|-zpower|p2a: Necrozma\n|move|p2a: Necrozma|Light That Burns the Sky|p1a: Giratina|[zeffect]\n|-damage|p1a: Giratina|11\/100\n|\n|upkeep\n|turn|9\n|\n|t:|1700925374\n|move|p2a: Necrozma|Photon Geyser|p1a: Giratina\n|-damage|p1a: Giratina|0 fnt\n|faint|p1a: Giratina\n|\n|upkeep\n|\n|t:|1700925377\n|switch|p1a: Marshadow|Marshadow|100\/100\n|turn|10\n|\n|t:|1700925381\n|switch|p2a: KOTGY|Yveltal|100\/100\n|-ability|p2a: KOTGY|Dark Aura\n|move|p1a: Marshadow|Shadow Sneak|p2a: KOTGY\n|-resisted|p2a: KOTGY\n|-damage|p2a: KOTGY|80\/100\n|\n|upkeep\n|turn|11\n|\n|t:|1700925388\n|switch|p1a: Zygarde|Zygarde|71\/100\n|move|p2a: KOTGY|Oblivion Wing|p1a: Zygarde\n|-damage|p1a: Zygarde|15\/100\n|-heal|p2a: KOTGY|100\/100|[from] drain|[of] p1a: Zygarde\n|-damage|p2a: KOTGY|91\/100|[from] item: Life Orb\n|\n|-heal|p1a: Zygarde|21\/100|[from] item: Leftovers\n|-activate|p1a: Zygarde|ability: Power Construct\n|detailschange|p1a: Zygarde|Zygarde-Complete\n|-heal|p1a: Zygarde|51\/100|[silent]\n|upkeep\n|turn|12\n|\n|t:|1700925403\n|move|p2a: KOTGY|Dark Pulse|p1a: Zygarde\n|-damage|p1a: Zygarde|7\/100\n|-damage|p2a: KOTGY|81\/100|[from] item: Life Orb\n|move|p1a: Zygarde|Dragon Dance|p1a: Zygarde\n|-boost|p1a: Zygarde|atk|1\n|-boost|p1a: Zygarde|spe|1\n|\n|-heal|p1a: Zygarde|13\/100|[from] item: Leftovers\n|upkeep\n|turn|13\n|\n|t:|1700925409\n|move|p1a: Zygarde|Thousand Arrows|p2a: KOTGY\n|-damage|p2a: KOTGY|24\/100\n|-start|p2a: KOTGY|Smack Down\n|move|p2a: KOTGY|Oblivion Wing|p1a: Zygarde\n|-damage|p1a: Zygarde|0 fnt\n|-heal|p2a: KOTGY|38\/100|[from] drain|[of] p1a: Zygarde\n|faint|p1a: Zygarde\n|-damage|p2a: KOTGY|28\/100|[from] item: Life Orb\n|\n|upkeep\n|\n|t:|1700925414\n|switch|p1a: Palkia|Palkia-Origin|100\/100\n|-ability|p1a: Palkia|Pressure\n|turn|14\n|\n|t:|1700925422\n|move|p2a: KOTGY|Sucker Punch|p1a: Palkia\n|-damage|p1a: Palkia|43\/100\n|-damage|p2a: KOTGY|19\/100|[from] item: Life Orb\n|move|p1a: Palkia|Spacial Rend|p2a: KOTGY\n|-damage|p2a: KOTGY|0 fnt\n|faint|p2a: KOTGY\n|\n|upkeep\n|\n|t:|1700925427\n|switch|p2a: Arceus|Arceus-Fairy|100\/100\n|turn|15\n|\n|t:|1700925439\n|-terastallize|p1a: Palkia|Water\n|move|p2a: Arceus|Judgment|p1a: Palkia\n|-damage|p1a: Palkia|0 fnt\n|faint|p1a: Palkia\n|\n|upkeep\n|\n|t:|1700925441\n|switch|p1a: Zacian|Zacian-Crowned|12\/100\n|turn|16\n|\n|t:|1700925446\n|-terastallize|p2a: Arceus|Water\n|move|p1a: Zacian|Behemoth Blade|p2a: Arceus\n|-resisted|p2a: Arceus\n|-damage|p2a: Arceus|79\/100\n|move|p2a: Arceus|Judgment|p1a: Zacian\n|-resisted|p1a: Zacian\n|-damage|p1a: Zacian|0 fnt\n|faint|p1a: Zacian\n|\n|upkeep\n|\n|t:|1700925452\n|switch|p1a: Groudon|Groudon-Primal|44\/100\n|-weather|DesolateLand|[from] ability: Desolate Land|[of] p1a: Groudon\n|turn|17\n|\n|t:|1700925455\n|move|p2a: Arceus|Grass Knot|p1a: Groudon\n|-damage|p1a: Groudon|14\/100\n|move|p1a: Groudon|Precipice Blades|p2a: Arceus\n|-damage|p2a: Arceus|25\/100\n|\n|-weather|DesolateLand|[upkeep]\n|upkeep\n|turn|18\n|\n|t:|1700925461\n|move|p2a: Arceus|Grass Knot|p1a: Groudon\n|-damage|p1a: Groudon|0 fnt\n|faint|p1a: Groudon\n|-weather|none\n|\n|upkeep\n|\n|t:|1700925462\n|switch|p1a: Marshadow|Marshadow|100\/100\n|turn|19\n|\n|t:|1700925467\n|move|p1a: Marshadow|Shadow Sneak|p2a: Arceus\n|-damage|p2a: Arceus|0 fnt\n|faint|p2a: Arceus\n|\n|upkeep\n|\n|t:|1700925475\n|switch|p2a: Necrozma|Necrozma-Ultra|18\/100\n|turn|20\n|\n|t:|1700925478\n|move|p1a: Marshadow|Shadow Sneak|p2a: Necrozma\n|-supereffective|p2a: Necrozma\n|-damage|p2a: Necrozma|0 fnt\n|faint|p2a: Necrozma\n|\n|win|Theruffletkid\n|raw|Theruffletkid's rating: 1535 &rarr; <strong>1554<\/strong><br \/>(+19 for winning)\n|raw|letch's rating: 1514 &rarr; <strong>1495<\/strong><br \/>(-19 for losing)\n|l|\u2606letch\n","uploadtime":1700925488,"views":9,"p1id":"theruffletkid","p2id":"letch","formatid":"gen9nationaldexubers","rating":1495,"private":0,"password":""}