{"id":"gen9nationaldexubers-1991081016","p1":"BUKUMAAA","p2":"Plasmic Cosmos","format":"[Gen 9] National Dex Ubers","log":"|j|\u2606BUKUMAAA\n|j|\u2606Plasmic Cosmos\n|t:|1700039821\n|gametype|singles\n|player|p1|BUKUMAAA|hoopster|1095\n|player|p2|Plasmic Cosmos|ghetsis|1265\n|teamsize|p1|6\n|teamsize|p2|6\n|gen|9\n|tier|[Gen 9] National Dex Ubers\n|rated|\n|rule|HP Percentage Mod: HP is shown in percentages\n|rule|Endless Battle Clause: Forcing endless battles is banned\n|rule|OHKO Clause: OHKO moves are banned\n|rule|Evasion Moves Clause: Evasion moves are banned\n|rule|Evasion Items Clause: Evasion items are banned\n|rule|Species Clause: Limit one of each Pok\u00e9mon\n|rule|Sleep Clause Mod: Limit one foe put to sleep\n|rule|Mega Rayquaza Clause: You cannot mega evolve Rayquaza\n|clearpoke\n|poke|p1|Zapdos|\n|poke|p1|Muk-Alola, M|\n|poke|p1|Hitmontop, M|\n|poke|p1|Noivern, M|\n|poke|p1|Volcanion|\n|poke|p1|Lunala|\n|poke|p2|Zygarde|\n|poke|p2|Groudon|\n|poke|p2|Ho-Oh|\n|poke|p2|Zacian-*|\n|poke|p2|Arceus-Dark|\n|poke|p2|Kyurem-Black|\n|teampreview\n|inactive|Battle timer is ON: inactive players will automatically lose when time's up. (requested by Plasmic Cosmos)\n|\n|t:|1700039826\n|start\n|switch|p1a: DONT TOUCH ME|Muk-Alola, M|100\/100\n|switch|p2a: Groudon|Groudon|100\/100\n|detailschange|p2a: Groudon|Groudon-Primal\n|-primal|p2a: Groudon|Red Orb\n|-weather|DesolateLand|[from] ability: Desolate Land|[of] p2a: Groudon\n|turn|1\n|\n|t:|1700039834\n|move|p1a: DONT TOUCH ME|Toxic|p2a: Groudon\n|-status|p2a: Groudon|tox\n|move|p2a: Groudon|Precipice Blades|p1a: DONT TOUCH ME\n|-supereffective|p1a: DONT TOUCH ME\n|-damage|p1a: DONT TOUCH ME|0 fnt\n|faint|p1a: DONT TOUCH ME\n|\n|-weather|DesolateLand|[upkeep]\n|-damage|p2a: Groudon|94\/100 tox|[from] psn\n|upkeep\n|\n|t:|1700039858\n|switch|p1a: FIRE WATER CAT|Volcanion|100\/100\n|turn|2\n|\n|t:|1700039864\n|-terastallize|p1a: FIRE WATER CAT|Grass\n|move|p1a: FIRE WATER CAT|Earth Power|p2a: Groudon\n|-supereffective|p2a: Groudon\n|-damage|p2a: Groudon|49\/100 tox\n|move|p2a: Groudon|Stealth Rock|p1a: FIRE WATER CAT\n|-sidestart|p1: BUKUMAAA|move: Stealth Rock\n|\n|-weather|DesolateLand|[upkeep]\n|-damage|p2a: Groudon|37\/100 tox|[from] psn\n|upkeep\n|turn|3\n|\n|t:|1700039872\n|move|p1a: FIRE WATER CAT|Earth Power|p2a: Groudon\n|-supereffective|p2a: Groudon\n|-damage|p2a: Groudon|0 fnt\n|faint|p2a: Groudon\n|-weather|none\n|\n|upkeep\n|\n|t:|1700039883\n|switch|p2a: Ho-Oh|Ho-Oh|100\/100\n|turn|4\n|\n|t:|1700039888\n|move|p1a: FIRE WATER CAT|Steam Eruption|p2a: Ho-Oh\n|-supereffective|p2a: Ho-Oh\n|-damage|p2a: Ho-Oh|33\/100\n|move|p2a: Ho-Oh|Sacred Fire|p1a: FIRE WATER CAT\n|-supereffective|p1a: FIRE WATER CAT\n|-damage|p1a: FIRE WATER CAT|12\/100\n|\n|-heal|p1a: FIRE WATER CAT|18\/100|[from] item: Leftovers\n|upkeep\n|turn|5\n|\n|t:|1700039898\n|switch|p2a: Kyurem|Kyurem-Black|100\/100\n|-ability|p2a: Kyurem|Teravolt\n|move|p1a: FIRE WATER CAT|Steam Eruption|p2a: Kyurem\n|-resisted|p2a: Kyurem\n|-damage|p2a: Kyurem|72\/100\n|-status|p2a: Kyurem|brn\n|\n|-heal|p1a: FIRE WATER CAT|24\/100|[from] item: Leftovers\n|-damage|p2a: Kyurem|66\/100 brn|[from] brn\n|upkeep\n|turn|6\n|\n|t:|1700039912\n|move|p2a: Kyurem|Dragon Dance|p2a: Kyurem\n|-boost|p2a: Kyurem|atk|1\n|-boost|p2a: Kyurem|spe|1\n|move|p1a: FIRE WATER CAT|Flamethrower|p2a: Kyurem\n|-damage|p2a: Kyurem|17\/100 brn\n|\n|-heal|p1a: FIRE WATER CAT|30\/100|[from] item: Leftovers\n|-damage|p2a: Kyurem|11\/100 brn|[from] brn\n|upkeep\n|turn|7\n|\n|t:|1700039921\n|move|p2a: Kyurem|Icicle Spear|p1a: FIRE WATER CAT\n|-supereffective|p1a: FIRE WATER CAT\n|-damage|p1a: FIRE WATER CAT|6\/100\n|-supereffective|p1a: FIRE WATER CAT\n|-damage|p1a: FIRE WATER CAT|0 fnt\n|faint|p1a: FIRE WATER CAT\n|-hitcount|p1: FIRE WATER CAT|2\n|\n|-damage|p2a: Kyurem|5\/100 brn|[from] brn\n|upkeep\n|\n|t:|1700039930\n|switch|p1a: I AM A TECHNICIAN|Hitmontop, M|100\/100\n|-damage|p1a: I AM A TECHNICIAN|94\/100|[from] Stealth Rock\n|turn|8\n|\n|t:|1700039939\n|move|p2a: Kyurem|Icicle Spear|p1a: I AM A TECHNICIAN\n|-damage|p1a: I AM A TECHNICIAN|75\/100\n|-crit|p1a: I AM A TECHNICIAN\n|-damage|p1a: I AM A TECHNICIAN|47\/100\n|-damage|p1a: I AM A TECHNICIAN|28\/100\n|-damage|p1a: I AM A TECHNICIAN|10\/100\n|-damage|p1a: I AM A TECHNICIAN|0 fnt\n|faint|p1a: I AM A TECHNICIAN\n|-hitcount|p1: I AM A TECHNICIAN|5\n|\n|-damage|p2a: Kyurem|0 fnt|[from] brn\n|faint|p2a: Kyurem\n|upkeep\n|\n|t:|1700039952\n|switch|p2a: Zygarde|Zygarde, shiny|100\/100\n|switch|p1a: BIG BIRD|Zapdos|100\/100\n|-damage|p1a: BIG BIRD|76\/100|[from] Stealth Rock\n|turn|9\n|\n|t:|1700039959\n|move|p1a: BIG BIRD|Hurricane|p2a: Zygarde\n|-damage|p2a: Zygarde|50\/100\n|-start|p2a: Zygarde|confusion\n|-activate|p2a: Zygarde|confusion\n|-damage|p2a: Zygarde|41\/100|[from] confusion\n|\n|-heal|p2a: Zygarde|47\/100|[from] item: Leftovers\n|-activate|p2a: Zygarde|ability: Power Construct\n|detailschange|p2a: Zygarde|Zygarde-Complete, shiny\n|-heal|p2a: Zygarde|67\/100|[silent]\n|upkeep\n|turn|10\n|\n|t:|1700039972\n|move|p1a: BIG BIRD|Hurricane|p2a: Zygarde|[miss]\n|-miss|p1a: BIG BIRD|p2a: Zygarde\n|-activate|p2a: Zygarde|confusion\n|move|p2a: Zygarde|Thousand Arrows|p1a: BIG BIRD\n|-damage|p1a: BIG BIRD|28\/100\n|-start|p1a: BIG BIRD|Smack Down\n|\n|-heal|p2a: Zygarde|73\/100|[from] item: Leftovers\n|upkeep\n|turn|11\n|\n|t:|1700039989\n|move|p1a: BIG BIRD|Hurricane|p2a: Zygarde|[miss]\n|-miss|p1a: BIG BIRD|p2a: Zygarde\n|-activate|p2a: Zygarde|confusion\n|-damage|p2a: Zygarde|68\/100|[from] confusion\n|\n|-heal|p2a: Zygarde|74\/100|[from] item: Leftovers\n|upkeep\n|turn|12\n|\n|t:|1700039996\n|move|p1a: BIG BIRD|Hurricane|p2a: Zygarde|[miss]\n|-miss|p1a: BIG BIRD|p2a: Zygarde\n|-end|p2a: Zygarde|confusion\n|move|p2a: Zygarde|Dragon Dance|p2a: Zygarde\n|-boost|p2a: Zygarde|atk|1\n|-boost|p2a: Zygarde|spe|1\n|\n|-heal|p2a: Zygarde|80\/100|[from] item: Leftovers\n|upkeep\n|turn|13\n|\n|t:|1700040004\n|move|p2a: Zygarde|Dragon Dance|p2a: Zygarde\n|-boost|p2a: Zygarde|atk|1\n|-boost|p2a: Zygarde|spe|1\n|move|p1a: BIG BIRD|Hurricane|p2a: Zygarde\n|-damage|p2a: Zygarde|48\/100\n|\n|-heal|p2a: Zygarde|54\/100|[from] item: Leftovers\n|upkeep\n|turn|14\n|\n|t:|1700040013\n|move|p2a: Zygarde|Dragon Dance|p2a: Zygarde\n|-boost|p2a: Zygarde|atk|1\n|-boost|p2a: Zygarde|spe|1\n|move|p1a: BIG BIRD|Hurricane|p2a: Zygarde\n|-damage|p2a: Zygarde|22\/100\n|\n|-heal|p2a: Zygarde|28\/100|[from] item: Leftovers\n|upkeep\n|turn|15\n|\n|t:|1700040020\n|move|p2a: Zygarde|Rest|p2a: Zygarde\n|-status|p2a: Zygarde|slp|[from] move: Rest\n|-heal|p2a: Zygarde|100\/100 slp|[silent]\n|move|p1a: BIG BIRD|Hurricane|p2a: Zygarde\n|-damage|p2a: Zygarde|68\/100 slp\n|\n|-heal|p2a: Zygarde|74\/100 slp|[from] item: Leftovers\n|upkeep\n|turn|16\n|\n|t:|1700040029\n|switch|p1a: I LIKE SOUND|Noivern, M|100\/100\n|-damage|p1a: I LIKE SOUND|75\/100|[from] Stealth Rock\n|cant|p2a: Zygarde|slp\n|move|p2a: Zygarde|Sleep Talk|p2a: Zygarde\n|move|p2a: Zygarde|Thousand Arrows|p1a: I LIKE SOUND|[from]move: Sleep Talk\n|-damage|p1a: I LIKE SOUND|0 fnt\n|faint|p1a: I LIKE SOUND\n|\n|-heal|p2a: Zygarde|81\/100 slp|[from] item: Leftovers\n|upkeep\n|\n|t:|1700040039\n|switch|p1a: MOON CHILD|Lunala|100\/100\n|-damage|p1a: MOON CHILD|88\/100|[from] Stealth Rock\n|turn|17\n|\n|t:|1700040044\n|cant|p2a: Zygarde|slp\n|move|p2a: Zygarde|Sleep Talk|p2a: Zygarde\n|move|p2a: Zygarde|Thousand Arrows|p1a: MOON CHILD|[from]move: Sleep Talk\n|-damage|p1a: MOON CHILD|0 fnt\n|faint|p1a: MOON CHILD\n|\n|-heal|p2a: Zygarde|87\/100 slp|[from] item: Leftovers\n|upkeep\n|-message|BUKUMAAA forfeited.\n|\n|win|Plasmic Cosmos\n|raw|BUKUMAAA's rating: 1095 &rarr; <strong>1082<\/strong><br \/>(-13 for losing)\n|raw|Plasmic Cosmos's rating: 1265 &rarr; <strong>1279<\/strong><br \/>(+14 for winning)\n|l|\u2606BUKUMAAA\n","uploadtime":1700040055,"views":15,"p1id":"bukumaaa","p2id":"plasmiccosmos","formatid":"gen9nationaldexubers","rating":1082,"private":0,"password":""}