{"id":"gen9nationaldexubers-1996662312","p1":"Berryandon","p2":"bog babushka","format":"[Gen 9] National Dex Ubers","log":"|j|\u2606Berryandon\n|j|\u2606bog babushka\n|t:|1700706648\n|gametype|singles\n|player|p1|Berryandon|lady-gen4|\n|player|p2|bog babushka|2|\n|teamsize|p1|6\n|teamsize|p2|6\n|gen|9\n|tier|[Gen 9] National Dex Ubers\n|rule|HP Percentage Mod: HP is shown in percentages\n|rule|Endless Battle Clause: Forcing endless battles is banned\n|rule|OHKO Clause: OHKO moves are banned\n|rule|Evasion Moves Clause: Evasion moves are banned\n|rule|Evasion Items Clause: Evasion items are banned\n|rule|Species Clause: Limit one of each Pok\u00e9mon\n|rule|Sleep Clause Mod: Limit one foe put to sleep\n|rule|Mega Rayquaza Clause: You cannot mega evolve Rayquaza\n|clearpoke\n|poke|p1|Thundurus, M|\n|poke|p1|Kyogre|\n|poke|p1|Basculegion, M|\n|poke|p1|Arceus-Fairy|\n|poke|p1|Zamazenta-*|\n|poke|p1|Scizor, M|\n|poke|p2|Chi-Yu|\n|poke|p2|Arceus-Ice|\n|poke|p2|Flutter Mane|\n|poke|p2|Groudon|\n|poke|p2|Shaymin-Sky|\n|poke|p2|Venusaur, F|\n|teampreview\n|j| ah3nny\n|j| PaperDrMario\n|\n|t:|1700706692\n|start\n|switch|p1a: Lakitu|Thundurus, M, shiny|100\/100\n|switch|p2a: Smoothie|Venusaur, F|100\/100\n|turn|1\n|j| Tazz21\n|j| HopeAddict\n|c| HopeAddict|she poke on my mon till i showdown\n|\n|t:|1700706748\n|move|p1a: Lakitu|Thunder Wave|p2a: Smoothie\n|-status|p2a: Smoothie|par\n|move|p2a: Smoothie|Sleep Powder|p1a: Lakitu\n|-status|p1a: Lakitu|slp|[from] move: Sleep Powder\n|\n|upkeep\n|turn|2\n|c| PaperDrMario|YO\n|c| PaperDrMario|SLEEP POWDER\n|\n|t:|1700706800\n|cant|p1a: Lakitu|slp\n|move|p2a: Smoothie|Sleep Powder|p1a: Lakitu\n|-fail|p1a: Lakitu|slp\n|\n|upkeep\n|turn|3\n|c|\u2606bog babushka|hooonk mi mi mi\n|\n|t:|1700706809\n|cant|p1a: Lakitu|slp\n|cant|p2a: Smoothie|par\n|\n|upkeep\n|turn|4\n|c| ah3nny|eeby sleeby\n|\n|t:|1700706814\n|cant|p1a: Lakitu|slp\n|move|p2a: Smoothie|Leech Seed|p1a: Lakitu\n|-start|p1a: Lakitu|move: Leech Seed\n|\n|-damage|p1a: Lakitu|88\/100 slp|[from] Leech Seed|[of] p2a: Smoothie\n|upkeep\n|turn|5\n|\n|t:|1700706821\n|-curestatus|p1a: Lakitu|slp|[msg]\n|move|p1a: Lakitu|Eerie Impulse|p2a: Smoothie\n|-unboost|p2a: Smoothie|spa|2\n|move|p2a: Smoothie|Knock Off|p1a: Lakitu\n|-damage|p1a: Lakitu|63\/100\n|-enditem|p1a: Lakitu|Focus Sash|[from] move: Knock Off|[of] p2a: Smoothie\n|\n|-damage|p1a: Lakitu|51\/100|[from] Leech Seed|[of] p2a: Smoothie\n|upkeep\n|turn|6\n|\n|t:|1700706834\n|move|p1a: Lakitu|Taunt|p2a: Smoothie\n|-start|p2a: Smoothie|move: Taunt\n|cant|p2a: Smoothie|move: Taunt|Sleep Powder\n|\n|-damage|p1a: Lakitu|39\/100|[from] Leech Seed|[of] p2a: Smoothie\n|upkeep\n|turn|7\n|c| PaperDrMario|EERIE IMPULSE\n|c| Tazz21|YEAAAAH\n|c| ah3nny|DARYAN MEGA EVOLVE LOLOL\n|\n|t:|1700706877\n|switch|p1a: Celery Man|Scizor, M, shiny|100\/100\n|detailschange|p2a: Smoothie|Venusaur-Mega, F\n|-mega|p2a: Smoothie|Venusaur|Venusaurite\n|move|p2a: Smoothie|Knock Off|p1a: Celery Man\n|-damage|p1a: Celery Man|87\/100\n|\n|upkeep\n|turn|8\n|c| PaperDrMario|Obv daryan was gonna use chloro venusaur\n|c| Tazz21|i was laughing at the possibility when we hit 6 turns with no mega bc that would be so based\n|\n|t:|1700706990\n|switch|p2a: Hot Pocket|Groudon|100\/100\n|-weather|SunnyDay|[from] ability: Drought|[of] p2a: Hot Pocket\n|detailschange|p1a: Celery Man|Scizor-Mega, M, shiny\n|-mega|p1a: Celery Man|Scizor|Scizorite\n|move|p1a: Celery Man|Dual Wingbeat|p2a: Hot Pocket\n|-damage|p2a: Hot Pocket|83\/100\n|-damage|p2a: Hot Pocket|68\/100\n|-hitcount|p2a: Hot Pocket|2\n|\n|-weather|SunnyDay|[upkeep]\n|-heal|p2a: Hot Pocket|74\/100|[from] item: Leftovers\n|upkeep\n|turn|9\n|\n|t:|1700707011\n|switch|p1a: Great Ball|Kyogre|100\/100\n|-weather|RainDance|[from] ability: Drizzle|[of] p1a: Great Ball\n|move|p2a: Hot Pocket|Stealth Rock|p1a: Great Ball\n|-sidestart|p1: Berryandon|move: Stealth Rock\n|\n|-weather|RainDance|[upkeep]\n|-heal|p2a: Hot Pocket|80\/100|[from] item: Leftovers\n|upkeep\n|turn|10\n|\n|t:|1700707030\n|switch|p2a: Smoothie|Venusaur-Mega, F|100\/100 par\n|move|p1a: Great Ball|Ice Beam|p2a: Smoothie\n|-supereffective|p2a: Smoothie\n|-damage|p2a: Smoothie|79\/100 par\n|\n|-weather|RainDance|[upkeep]\n|upkeep\n|turn|11\n|c| HopeAddict|omg this is just like in the hit game pokemon emerald\n|c| ah3nny|yo where is da green snek then?\n|\n|t:|1700707070\n|switch|p1a: Celery Man|Scizor-Mega, M, shiny|87\/100\n|-damage|p1a: Celery Man|74\/100|[from] Stealth Rock\n|move|p2a: Smoothie|Toxic|p1a: Celery Man\n|-immune|p1a: Celery Man\n|\n|-weather|RainDance|[upkeep]\n|upkeep\n|turn|12\n|\n|t:|1700707080\n|switch|p2a: Hot Pocket|Groudon|80\/100\n|-weather|SunnyDay|[from] ability: Drought|[of] p2a: Hot Pocket\n|move|p1a: Celery Man|Bullet Punch|p2a: Hot Pocket\n|-damage|p2a: Hot Pocket|57\/100\n|\n|-weather|SunnyDay|[upkeep]\n|-heal|p2a: Hot Pocket|63\/100|[from] item: Leftovers\n|upkeep\n|turn|13\n|l| PaperDrMario\n|j| PaperDrMario\n|c| ah3nny|ARE YOU GUYS TEAM MAGMA OR AQUA FANS?\n|c| Tazz21|me personally im the leader of the Archie Fan Club\n|\n|t:|1700707154\n|switch|p1a: Great Ball|Kyogre|100\/100\n|-damage|p1a: Great Ball|88\/100|[from] Stealth Rock\n|-weather|RainDance|[from] ability: Drizzle|[of] p1a: Great Ball\n|move|p2a: Hot Pocket|Roar|p1a: Great Ball\n|drag|p1a: Celery Man|Scizor-Mega, M, shiny|74\/100\n|-damage|p1a: Celery Man|62\/100|[from] Stealth Rock\n|\n|-weather|RainDance|[upkeep]\n|-heal|p2a: Hot Pocket|69\/100|[from] item: Leftovers\n|upkeep\n|turn|14\n|c| Tazz21|LMAO\n|c| PaperDrMario|ROAR\n|c| PaperDrMario|YOOOOOOO\n|\n|t:|1700707236\n|move|p2a: Hot Pocket|Toxic|p1a: Celery Man\n|-immune|p1a: Celery Man\n|move|p1a: Celery Man|U-turn|p2a: Hot Pocket\n|-damage|p2a: Hot Pocket|42\/100\n|\n|t:|1700707242\n|switch|p1a: Lakitu|Thundurus, M, shiny|39\/100|[from] U-turn\n|-damage|p1a: Lakitu|14\/100|[from] Stealth Rock\n|\n|-weather|RainDance|[upkeep]\n|-heal|p2a: Hot Pocket|48\/100|[from] item: Leftovers\n|upkeep\n|turn|15\n|\n|t:|1700707250\n|move|p1a: Lakitu|Grass Knot|p2a: Hot Pocket\n|-supereffective|p2a: Hot Pocket\n|-damage|p2a: Hot Pocket|6\/100\n|move|p2a: Hot Pocket|Roar|p1a: Lakitu\n|drag|p1a: God Is A Woman|Arceus-Fairy|100\/100\n|-damage|p1a: God Is A Woman|88\/100|[from] Stealth Rock\n|\n|-weather|RainDance|[upkeep]\n|-heal|p2a: Hot Pocket|13\/100|[from] item: Leftovers\n|upkeep\n|turn|16\n|\n|t:|1700707277\n|switch|p2a: Smoothie|Venusaur-Mega, F|79\/100 par\n|move|p1a: God Is A Woman|Earth Power|p2a: Smoothie\n|-damage|p2a: Smoothie|63\/100 par\n|\n|-weather|RainDance|[upkeep]\n|upkeep\n|turn|17\n|\n|t:|1700707295\n|switch|p1a: Celery Man|Scizor-Mega, M, shiny|62\/100\n|-damage|p1a: Celery Man|50\/100|[from] Stealth Rock\n|move|p2a: Smoothie|Sleep Powder|p1a: Celery Man\n|-status|p1a: Celery Man|slp|[from] move: Sleep Powder\n|\n|-weather|none\n|upkeep\n|turn|18\n|\n|t:|1700707307\n|cant|p1a: Celery Man|slp\n|move|p2a: Smoothie|Leech Seed|p1a: Celery Man\n|-start|p1a: Celery Man|move: Leech Seed\n|\n|-damage|p1a: Celery Man|38\/100 slp|[from] Leech Seed|[of] p2a: Smoothie\n|-heal|p2a: Smoothie|75\/100 par|[silent]\n|upkeep\n|turn|19\n|\n|t:|1700707314\n|cant|p1a: Celery Man|slp\n|move|p2a: Smoothie|Knock Off|p1a: Celery Man\n|-crit|p1a: Celery Man\n|-damage|p1a: Celery Man|22\/100 slp\n|\n|-damage|p1a: Celery Man|10\/100 slp|[from] Leech Seed|[of] p2a: Smoothie\n|-heal|p2a: Smoothie|86\/100 par|[silent]\n|upkeep\n|turn|20\n|c| ah3nny|honk shoo\n|\n|t:|1700707328\n|cant|p1a: Celery Man|slp\n|move|p2a: Smoothie|Knock Off|p1a: Celery Man\n|-damage|p1a: Celery Man|0 fnt\n|faint|p1a: Celery Man\n|\n|upkeep\n|\n|t:|1700707336\n|switch|p1a: Great Ball|Kyogre|88\/100\n|-damage|p1a: Great Ball|76\/100|[from] Stealth Rock\n|-weather|RainDance|[from] ability: Drizzle|[of] p1a: Great Ball\n|turn|21\n|c| PaperDrMario|The 3 turn sleep\n|c| PaperDrMario|Fucked up\n|\n|t:|1700707353\n|move|p1a: Great Ball|Ice Beam|p2a: Smoothie\n|-supereffective|p2a: Smoothie\n|-damage|p2a: Smoothie|65\/100 par\n|move|p2a: Smoothie|Sleep Powder|p1a: Great Ball\n|-status|p1a: Great Ball|slp|[from] move: Sleep Powder\n|\n|-weather|RainDance|[upkeep]\n|upkeep\n|turn|22\n|c|\u2606Berryandon|cant really think of anyhtign lamer than this to be honest\n|c| PaperDrMario|This venusaur is immune to paralysis\n|c| Tazz21|sleep powder not missing 8 times couldnt be me\n|c| Tazz21|AND NO PARA LOL\n|c| ah3nny|makes up for our match tazz hehe\n|c| Tazz21|so true bestie\n|\n|t:|1700707405\n|switch|p1a: It Don't Bite|Zamazenta-Crowned, shiny|100\/100\n|-damage|p1a: It Don't Bite|97\/100|[from] Stealth Rock\n|-ability|p1a: It Don't Bite|Dauntless Shield|boost\n|-boost|p1a: It Don't Bite|def|1\n|move|p2a: Smoothie|Leech Seed|p1a: It Don't Bite\n|-start|p1a: It Don't Bite|move: Leech Seed\n|\n|-weather|RainDance|[upkeep]\n|-damage|p1a: It Don't Bite|85\/100|[from] Leech Seed|[of] p2a: Smoothie\n|-heal|p2a: Smoothie|76\/100 par|[silent]\n|upkeep\n|turn|23\n|\n|t:|1700707419\n|move|p1a: It Don't Bite|Behemoth Bash|p2a: Smoothie\n|-damage|p2a: Smoothie|32\/100 par\n|cant|p2a: Smoothie|par\n|\n|-weather|RainDance|[upkeep]\n|-damage|p1a: It Don't Bite|73\/100|[from] Leech Seed|[of] p2a: Smoothie\n|-heal|p2a: Smoothie|43\/100 par|[silent]\n|upkeep\n|turn|24\n|c| PaperDrMario|Damn\n|c| PaperDrMario|44 is big tho\n|c| Tazz21|right as we ran our mouths\n|\n|t:|1700707479\n|switch|p2a: Hot Pocket|Groudon|13\/100\n|-weather|SunnyDay|[from] ability: Drought|[of] p2a: Hot Pocket\n|move|p1a: It Don't Bite|Behemoth Bash|p2a: Hot Pocket\n|-damage|p2a: Hot Pocket|0 fnt\n|faint|p2a: Hot Pocket\n|\n|-weather|SunnyDay|[upkeep]\n|upkeep\n|c| PaperDrMario|And that's sun down for daryan\n|c| PaperDrMario|Or at least\n|c| PaperDrMario|That's the last sun set most likely\n|\n|t:|1700707560\n|switch|p2a: Dubious Leftovers|Flutter Mane|100\/100\n|-activate|p2a: Dubious Leftovers|ability: Protosynthesis\n|-start|p2a: Dubious Leftovers|protosynthesisspe\n|turn|25\n|\n|t:|1700707643\n|switch|p1a: Lakitu|Thundurus, M, shiny|14\/100\n|-damage|p1a: Lakitu|0 fnt|[from] Stealth Rock\n|faint|p1a: Lakitu\n|move|p2a: Dubious Leftovers|Moonblast|p1: Lakitu|[notarget]\n|-fail|p2a: Dubious Leftovers\n|\n|-weather|SunnyDay|[upkeep]\n|upkeep\n|\n|t:|1700707682\n|switch|p1a: It Don't Bite|Zamazenta-Crowned, shiny|73\/100\n|-damage|p1a: It Don't Bite|70\/100|[from] Stealth Rock\n|turn|26\n|\n|t:|1700707703\n|move|p2a: Dubious Leftovers|Moonblast|p1a: It Don't Bite\n|-damage|p1a: It Don't Bite|22\/100\n|-damage|p2a: Dubious Leftovers|91\/100|[from] item: Life Orb\n|move|p1a: It Don't Bite|Behemoth Bash|p2a: Dubious Leftovers\n|-supereffective|p2a: Dubious Leftovers\n|-damage|p2a: Dubious Leftovers|0 fnt\n|faint|p2a: Dubious Leftovers\n|-end|p2a: Dubious Leftovers|Protosynthesis|[silent]\n|\n|-weather|SunnyDay|[upkeep]\n|upkeep\n|l| PaperDrMario\n|j| PaperDrMario\n|l| PaperDrMario\n|j| PaperDrMario\n|c|\u2606bog babushka|did calcs for non crowned oops\n|\n|t:|1700707786\n|switch|p2a: Lean Cuisine|Shaymin-Sky|100\/100\n|turn|27\n|l| PaperDrMario\n|\n|t:|1700707808\n|switch|p1a: God Is A Woman|Arceus-Fairy|88\/100\n|-damage|p1a: God Is A Woman|76\/100|[from] Stealth Rock\n|move|p2a: Lean Cuisine|Earth Power|p1a: God Is A Woman\n|-damage|p1a: God Is A Woman|55\/100\n|\n|-weather|SunnyDay|[upkeep]\n|upkeep\n|turn|28\n|j| PaperDrMario\n|\n|t:|1700707849\n|move|p2a: Lean Cuisine|Seed Flare|p1a: God Is A Woman\n|-damage|p1a: God Is A Woman|18\/100\n|move|p1a: God Is A Woman|Judgment|p2a: Lean Cuisine\n|-damage|p2a: Lean Cuisine|42\/100\n|\n|-weather|none\n|upkeep\n|turn|29\n|\n|t:|1700707862\n|switch|p2a: Smoothie|Venusaur-Mega, F|43\/100 par\n|move|p1a: God Is A Woman|Judgment|p2a: Smoothie\n|-resisted|p2a: Smoothie\n|-damage|p2a: Smoothie|29\/100 par\n|\n|upkeep\n|turn|30\n|\n|t:|1700707871\n|move|p1a: God Is A Woman|Recover|p1a: God Is A Woman\n|-heal|p1a: God Is A Woman|68\/100\n|cant|p2a: Smoothie|par\n|\n|upkeep\n|turn|31\n|\n|t:|1700707875\n|move|p1a: God Is A Woman|Recover|p1a: God Is A Woman\n|-heal|p1a: God Is A Woman|100\/100\n|cant|p2a: Smoothie|par\n|\n|upkeep\n|turn|32\n|c| Tazz21|HERE IT COMES\n|\n|t:|1700707888\n|switch|p1a: It Don't Bite|Zamazenta-Crowned, shiny|22\/100\n|-damage|p1a: It Don't Bite|19\/100|[from] Stealth Rock\n|move|p2a: Smoothie|Sleep Powder|p1a: It Don't Bite\n|-message|Sleep Clause Mod activated.\n|-hint|Sleep Clause Mod prevents players from putting more than one of their opponent's Pok\u00e9mon to sleep at a time\n|\n|upkeep\n|turn|33\n|c|\u2606bog babushka|UH OH\n|c|\u2606Berryandon|you cant put multiple mons to sleep (thankfully)\n|c|\u2606Berryandon|my kyogre still nappin\n|c| Tazz21|snzzzz\n|\n|t:|1700707927\n|move|p1a: It Don't Bite|Behemoth Bash|p2a: Smoothie\n|-damage|p2a: Smoothie|0 fnt\n|faint|p2a: Smoothie\n|\n|upkeep\n|\n|t:|1700707938\n|switch|p2a: Lean Cuisine|Shaymin-Sky|42\/100\n|turn|34\n|\n|t:|1700707943\n|move|p2a: Lean Cuisine|Earth Power|p1a: It Don't Bite\n|-supereffective|p1a: It Don't Bite\n|-damage|p1a: It Don't Bite|0 fnt\n|faint|p1a: It Don't Bite\n|\n|upkeep\n|\n|t:|1700707951\n|switch|p1a: God Is A Woman|Arceus-Fairy|100\/100\n|-damage|p1a: God Is A Woman|88\/100|[from] Stealth Rock\n|turn|35\n|c| PaperDrMario|Honk mimimimis\n|\n|t:|1700707999\n|switch|p2a: Ice Pop|Arceus-Ice|100\/100\n|move|p1a: God Is A Woman|Judgment|p2a: Ice Pop\n|-damage|p2a: Ice Pop|70\/100\n|\n|upkeep\n|turn|36\n|\n|t:|1700708015\n|move|p1a: God Is A Woman|Calm Mind|p1a: God Is A Woman\n|-boost|p1a: God Is A Woman|spa|1\n|-boost|p1a: God Is A Woman|spd|1\n|move|p2a: Ice Pop|Calm Mind|p2a: Ice Pop\n|-boost|p2a: Ice Pop|spa|1\n|-boost|p2a: Ice Pop|spd|1\n|\n|upkeep\n|turn|37\n|c| PaperDrMario|Oh no\n|c| Tazz21|THIS IS THE ACTION WERE HERE FOR\n|c| PaperDrMario|They having a mid off\n|\n|t:|1700708068\n|move|p2a: Ice Pop|Thunder|p1a: God Is A Woman\n|-damage|p1a: God Is A Woman|68\/100\n|move|p1a: God Is A Woman|Calm Mind|p1a: God Is A Woman\n|-boost|p1a: God Is A Woman|spa|1\n|-boost|p1a: God Is A Woman|spd|1\n|\n|upkeep\n|turn|38\n|\n|t:|1700708078\n|move|p1a: God Is A Woman|Judgment|p2a: Ice Pop\n|-crit|p2a: Ice Pop\n|-damage|p2a: Ice Pop|0 fnt\n|faint|p2a: Ice Pop\n|\n|upkeep\n|c| PaperDrMario|Berry be like\n|c| PaperDrMario|Can't think of anything later than this\n|c|\u2606Berryandon|I will simply cheat\n|\n|t:|1700708137\n|switch|p2a: Lean Cuisine|Shaymin-Sky|42\/100\n|turn|39\n|c| PaperDrMario|Calm mind ARCEUS\n|\n|t:|1700708149\n|move|p2a: Lean Cuisine|Seed Flare|p1a: God Is A Woman\n|-damage|p1a: God Is A Woman|48\/100\n|-unboost|p1a: God Is A Woman|spd|2\n|move|p1a: God Is A Woman|Judgment|p2a: Lean Cuisine\n|-damage|p2a: Lean Cuisine|0 fnt\n|faint|p2a: Lean Cuisine\n|\n|upkeep\n|\n|t:|1700708156\n|switch|p2a: Fish Stick|Chi-Yu|100\/100\n|-ability|p2a: Fish Stick|Beads of Ruin\n|turn|40\n|\n|t:|1700708176\n|move|p2a: Fish Stick|Dark Pulse|p1a: God Is A Woman\n|-resisted|p1a: God Is A Woman\n|-damage|p1a: God Is A Woman|27\/100\n|move|p1a: God Is A Woman|Judgment|p2a: Fish Stick\n|-damage|p2a: Fish Stick|0 fnt\n|faint|p2a: Fish Stick\n|\n|win|Berryandon\n|c|\u2606Berryandon|gg\n|c|\u2606bog babushka|gg\n|l| HopeAddict\n|c| PaperDrMario|That was an insane battle tho\n|l|\u2606bog babushka\n|c| PaperDrMario|Venusaur went crazy\n|c|\u2606Berryandon|venusaur was fucking annoying\n|c|\u2606Berryandon|shoutout zamazenta thats why im not trading it LOL\n|l| Tazz21\n|l|\u2606Berryandon\n","uploadtime":1700708186,"views":11,"p1id":"berryandon","p2id":"bogbabushka","formatid":"gen9nationaldexubers","rating":0,"private":0,"password":""}