{"id":"gen9nationaldexubers-1993221018","p1":"VerduOsane","p2":"Milguell","format":"[Gen 9] National Dex Ubers","log":"|j|\u2606VerduOsane\n|j|\u2606Milguell\n|t:|1700279930\n|gametype|singles\n|player|p1|VerduOsane|265|1198\n|player|p2|Milguell|grimsley|1245\n|teamsize|p1|6\n|teamsize|p2|6\n|gen|9\n|tier|[Gen 9] National Dex Ubers\n|rated|\n|rule|HP Percentage Mod: HP is shown in percentages\n|rule|Endless Battle Clause: Forcing endless battles is banned\n|rule|OHKO Clause: OHKO moves are banned\n|rule|Evasion Moves Clause: Evasion moves are banned\n|rule|Evasion Items Clause: Evasion items are banned\n|rule|Species Clause: Limit one of each Pok\u00e9mon\n|rule|Sleep Clause Mod: Limit one foe put to sleep\n|rule|Mega Rayquaza Clause: You cannot mega evolve Rayquaza\n|clearpoke\n|poke|p1|Kleavor, F|\n|poke|p1|Enamorus-Therian, F|\n|poke|p1|Sneasler, F|\n|poke|p1|Ursaluna, M|\n|poke|p1|Samurott-Hisui, F|\n|poke|p1|Goodra-Hisui, M|\n|poke|p2|Abomasnow, M|\n|poke|p2|Froslass, F|\n|poke|p2|Frosmoth, M|\n|poke|p2|Weavile, F|\n|poke|p2|Glaceon, F|\n|poke|p2|Articuno|\n|teampreview\n|\n|t:|1700279939\n|start\n|switch|p1a: Kleavor|Kleavor, F|100\/100\n|switch|p2a: Frosmoth|Frosmoth, M|100\/100\n|turn|1\n|\n|t:|1700279943\n|move|p1a: Kleavor|Stone Axe|p2a: Frosmoth\n|-supereffective|p2a: Frosmoth\n|-enditem|p2a: Frosmoth|Focus Sash\n|-damage|p2a: Frosmoth|1\/100\n|-sidestart|p2: Milguell|move: Stealth Rock\n|move|p2a: Frosmoth|Quiver Dance|p2a: Frosmoth\n|-boost|p2a: Frosmoth|spa|1\n|-boost|p2a: Frosmoth|spd|1\n|-boost|p2a: Frosmoth|spe|1\n|\n|upkeep\n|turn|2\n|\n|t:|1700279953\n|move|p2a: Frosmoth|Giga Drain|p1a: Kleavor\n|-damage|p1a: Kleavor|59\/100\n|-heal|p2a: Frosmoth|22\/100|[from] drain|[of] p1a: Kleavor\n|move|p1a: Kleavor|X-Scissor|p2a: Frosmoth\n|-damage|p2a: Frosmoth|0 fnt\n|faint|p2a: Frosmoth\n|\n|upkeep\n|\n|t:|1700279960\n|switch|p2a: Articuno|Articuno|100\/100\n|-ability|p2a: Articuno|Pressure\n|turn|3\n|\n|t:|1700279965\n|move|p1a: Kleavor|Stone Axe|p2a: Articuno|[miss]\n|-miss|p1a: Kleavor|p2a: Articuno\n|move|p2a: Articuno|Defog|p1a: Kleavor\n|-unboost|p1a: Kleavor|evasion|1\n|-sideend|p2: Milguell|Stealth Rock|[from] move: Defog|[of] p2a: Articuno\n|\n|upkeep\n|turn|4\n|j| Evil T-tar\n|l| Evil T-tar\n|\n|t:|1700279977\n|move|p1a: Kleavor|Stone Axe|p2a: Articuno\n|-supereffective|p2a: Articuno\n|-damage|p2a: Articuno|0 fnt\n|-sidestart|p2: Milguell|move: Stealth Rock\n|faint|p2a: Articuno\n|\n|upkeep\n|\n|t:|1700279986\n|switch|p2a: Abomasnow|Abomasnow, M|100\/100\n|-damage|p2a: Abomasnow|76\/100|[from] Stealth Rock\n|-weather|Snow|[from] ability: Snow Warning|[of] p2a: Abomasnow\n|turn|5\n|\n|t:|1700279992\n|detailschange|p2a: Abomasnow|Abomasnow-Mega, M\n|-mega|p2a: Abomasnow|Abomasnow|Abomasite\n|move|p1a: Kleavor|X-Scissor|p2a: Abomasnow\n|-supereffective|p2a: Abomasnow\n|-damage|p2a: Abomasnow|0 fnt\n|faint|p2a: Abomasnow\n|\n|-weather|Snow|[upkeep]\n|upkeep\n|l|\u2606VerduOsane\n|player|p1|\n|\n|t:|1700280013\n|switch|p2a: Weavile|Weavile, F|100\/100\n|-damage|p2a: Weavile|76\/100|[from] Stealth Rock\n|-ability|p2a: Weavile|Pressure\n|turn|6\n|inactive|Battle timer is ON: inactive players will automatically lose when time's up. (requested by Milguell)\n|inactive|VerduOsane has 30 seconds to reconnect!\n|j|\u2606VerduOsane\n|inactive|VerduOsane reconnected and has 115 seconds left.\n|player|p1|VerduOsane|265\n|\n|t:|1700280066\n|move|p2a: Weavile|Knock Off|p1a: Kleavor\n|-damage|p1a: Kleavor|0 fnt\n|-enditem|p1a: Kleavor|Assault Vest|[from] move: Knock Off|[of] p2a: Weavile\n|faint|p1a: Kleavor\n|\n|-weather|Snow|[upkeep]\n|upkeep\n|\n|t:|1700280076\n|switch|p1a: Sneasler|Sneasler, F|100\/100\n|turn|7\n|\n|t:|1700280103\n|move|p2a: Weavile|Knock Off|p1a: Sneasler\n|-resisted|p1a: Sneasler\n|-damage|p1a: Sneasler|63\/100\n|-enditem|p1a: Sneasler|White Herb|[from] move: Knock Off|[of] p2a: Weavile\n|move|p1a: Sneasler|Close Combat|p2a: Weavile\n|-supereffective|p2a: Weavile\n|-damage|p2a: Weavile|0 fnt\n|-unboost|p1a: Sneasler|def|1\n|-unboost|p1a: Sneasler|spd|1\n|faint|p2a: Weavile\n|\n|-weather|Snow|[upkeep]\n|upkeep\n|inactive|Milguell has 120 seconds left.\n|\n|t:|1700280114\n|switch|p2a: Froslass|Froslass, F|100\/100\n|-damage|p2a: Froslass|76\/100|[from] Stealth Rock\n|turn|8\n|inactive|Milguell has 120 seconds left.\n|\n|t:|1700280130\n|-terastallize|p1a: Sneasler|Flying\n|move|p1a: Sneasler|Acrobatics|p2a: Froslass\n|-damage|p2a: Froslass|3\/100\n|move|p2a: Froslass|Destiny Bond|p2a: Froslass\n|-singlemove|p2a: Froslass|Destiny Bond\n|\n|-weather|Snow|[upkeep]\n|upkeep\n|turn|9\n|\n|t:|1700280137\n|move|p1a: Sneasler|Swords Dance|p1a: Sneasler\n|-boost|p1a: Sneasler|atk|2\n|move|p2a: Froslass|Ice Beam|p1a: Sneasler\n|-supereffective|p1a: Sneasler\n|-damage|p1a: Sneasler|0 fnt\n|faint|p1a: Sneasler\n|\n|-weather|none\n|upkeep\n|\n|t:|1700280146\n|switch|p1a: Goodra|Goodra-Hisui, M|100\/100\n|turn|10\n|l|\u2606Milguell\n|inactive|Milguell disconnected and has a minute to reconnect!\n|player|p2|\n|j|\u2606Milguell\n|inactive|Milguell reconnected and has 120 seconds left.\n|player|p2|Milguell|grimsley\n|\n|t:|1700280170\n|move|p2a: Froslass|Ice Beam|p1a: Goodra\n|-damage|p1a: Goodra|77\/100\n|move|p1a: Goodra|Acid Armor|p1a: Goodra\n|-boost|p1a: Goodra|def|2\n|\n|upkeep\n|turn|11\n|\n|t:|1700280176\n|move|p2a: Froslass|Destiny Bond|p2a: Froslass\n|-singlemove|p2a: Froslass|Destiny Bond\n|move|p1a: Goodra|Acid Armor|p1a: Goodra\n|-boost|p1a: Goodra|def|2\n|\n|upkeep\n|turn|12\n|\n|t:|1700280181\n|move|p2a: Froslass|Ice Beam|p1a: Goodra\n|-damage|p1a: Goodra|55\/100\n|move|p1a: Goodra|Dragon Tail|p2a: Froslass\n|-damage|p2a: Froslass|0 fnt\n|faint|p2a: Froslass\n|\n|upkeep\n|\n|t:|1700280184\n|switch|p2a: Glaceon|Glaceon, F|100\/100\n|-damage|p2a: Glaceon|76\/100|[from] Stealth Rock\n|turn|13\n|\n|t:|1700280189\n|move|p2a: Glaceon|Hail|p2a: Glaceon\n|-weather|Hail\n|move|p1a: Goodra|Body Press|p2a: Glaceon\n|-supereffective|p2a: Glaceon\n|-damage|p2a: Glaceon|5\/100\n|\n|-weather|Hail|[upkeep]\n|-heal|p2a: Glaceon|11\/100|[from] ability: Ice Body\n|-damage|p1a: Goodra|49\/100|[from] Hail\n|-heal|p2a: Glaceon|17\/100|[from] item: Leftovers\n|upkeep\n|turn|14\n|\n|t:|1700280197\n|move|p2a: Glaceon|Wish|p2a: Glaceon\n|move|p1a: Goodra|Body Press|p2a: Glaceon\n|-supereffective|p2a: Glaceon\n|-crit|p2a: Glaceon\n|-damage|p2a: Glaceon|0 fnt\n|faint|p2a: Glaceon\n|\n|win|VerduOsane\n|raw|VerduOsane's rating: 1198 &rarr; <strong>1226<\/strong><br \/>(+28 for winning)\n|raw|Milguell's rating: 1245 &rarr; <strong>1217<\/strong><br \/>(-28 for losing)\n|l|\u2606Milguell\n|l|\u2606VerduOsane\n|j|\u2606VerduOsane\n|player|p1|VerduOsane|265\n","uploadtime":1700280357,"views":7,"p1id":"verduosane","p2id":"milguell","formatid":"gen9nationaldexubers","rating":1217,"private":0,"password":""}