{"id":"gen9nationaldexubers-1993798866","p1":"wizardofballs","p2":"85792195wwww","format":"[Gen 9] National Dex Ubers","log":"|j|\u2606wizardofballs\n|j|\u260685792195wwww\n|t:|1700358628\n|gametype|singles\n|player|p1|wizardofballs|170|1447\n|player|p2|85792195wwww|mira|1720\n|teamsize|p1|6\n|teamsize|p2|6\n|gen|9\n|tier|[Gen 9] National Dex Ubers\n|rated|\n|rule|HP Percentage Mod: HP is shown in percentages\n|rule|Endless Battle Clause: Forcing endless battles is banned\n|rule|OHKO Clause: OHKO moves are banned\n|rule|Evasion Moves Clause: Evasion moves are banned\n|rule|Evasion Items Clause: Evasion items are banned\n|rule|Species Clause: Limit one of each Pok\u00e9mon\n|rule|Sleep Clause Mod: Limit one foe put to sleep\n|rule|Mega Rayquaza Clause: You cannot mega evolve Rayquaza\n|clearpoke\n|poke|p1|Xerneas-*|\n|poke|p1|Arceus|\n|poke|p1|Groudon|\n|poke|p1|Ho-Oh|\n|poke|p1|Lugia|\n|poke|p1|Eternatus|\n|poke|p2|Arceus|\n|poke|p2|Marshadow|\n|poke|p2|Xerneas-*|\n|poke|p2|Mewtwo|\n|poke|p2|Krookodile, F|\n|poke|p2|Groudon|\n|teampreview\n|inactive|Battle timer is ON: inactive players will automatically lose when time's up. (requested by wizardofballs)\n|\n|t:|1700358635\n|start\n|switch|p1a: Arceus|Arceus|100\/100\n|switch|p2a: Mewtwo|Mewtwo|100\/100\n|-ability|p2a: Mewtwo|Pressure\n|turn|1\n|\n|t:|1700358658\n|detailschange|p2a: Mewtwo|Mewtwo-Mega-Y\n|-mega|p2a: Mewtwo|Mewtwo|Mewtwonite Y\n|move|p2a: Mewtwo|Psystrike|p1a: Arceus\n|-damage|p1a: Arceus|56\/100\n|move|p1a: Arceus|Shadow Ball|p2a: Mewtwo\n|-supereffective|p2a: Mewtwo\n|-damage|p2a: Mewtwo|66\/100\n|\n|-heal|p1a: Arceus|62\/100|[from] item: Leftovers\n|upkeep\n|turn|2\n|\n|t:|1700358676\n|-terastallize|p1a: Arceus|Ghost\n|move|p2a: Mewtwo|Nasty Plot|p2a: Mewtwo\n|-boost|p2a: Mewtwo|spa|2\n|move|p1a: Arceus|Calm Mind|p1a: Arceus\n|-boost|p1a: Arceus|spa|1\n|-boost|p1a: Arceus|spd|1\n|\n|-heal|p1a: Arceus|68\/100|[from] item: Leftovers\n|upkeep\n|turn|3\n|\n|t:|1700358687\n|move|p2a: Mewtwo|Psystrike|p1a: Arceus\n|-damage|p1a: Arceus|0 fnt\n|faint|p1a: Arceus\n|\n|upkeep\n|\n|t:|1700358695\n|switch|p1a: Xerneas|Xerneas|100\/100\n|-ability|p1a: Xerneas|Fairy Aura\n|turn|4\n|\n|t:|1700358699\n|move|p2a: Mewtwo|Psystrike|p1a: Xerneas\n|-damage|p1a: Xerneas|0 fnt\n|faint|p1a: Xerneas\n|\n|upkeep\n|\n|t:|1700358716\n|switch|p1a: Lugia|Lugia|100\/100\n|-ability|p1a: Lugia|Pressure\n|turn|5\n|\n|t:|1700358721\n|move|p2a: Mewtwo|Ice Beam|p1a: Lugia\n|-supereffective|p1a: Lugia\n|-damage|p1a: Lugia|6\/100\n|move|p1a: Lugia|Thunder Wave|p2a: Mewtwo\n|-status|p2a: Mewtwo|par\n|\n|upkeep\n|turn|6\n|\n|t:|1700358730\n|move|p1a: Lugia|Recover|p1a: Lugia\n|-heal|p1a: Lugia|56\/100\n|move|p2a: Mewtwo|Psystrike|p1a: Lugia\n|-resisted|p1a: Lugia\n|-damage|p1a: Lugia|12\/100\n|\n|upkeep\n|turn|7\n|\n|t:|1700358738\n|move|p1a: Lugia|Recover|p1a: Lugia\n|-heal|p1a: Lugia|62\/100\n|cant|p2a: Mewtwo|par\n|\n|upkeep\n|turn|8\n|\n|t:|1700358744\n|move|p1a: Lugia|Recover|p1a: Lugia\n|-heal|p1a: Lugia|100\/100\n|move|p2a: Mewtwo|Nasty Plot|p2a: Mewtwo\n|-boost|p2a: Mewtwo|spa|2\n|\n|upkeep\n|turn|9\n|\n|t:|1700358761\n|move|p1a: Lugia|Aeroblast|p2a: Mewtwo\n|-crit|p2a: Mewtwo\n|-damage|p2a: Mewtwo|28\/100 par\n|move|p2a: Mewtwo|Ice Beam|p1a: Lugia\n|-supereffective|p1a: Lugia\n|-damage|p1a: Lugia|0 fnt\n|faint|p1a: Lugia\n|\n|upkeep\n|\n|t:|1700358770\n|switch|p1a: Eternatus|Eternatus|100\/100\n|-ability|p1a: Eternatus|Pressure\n|turn|10\n|\n|t:|1700358775\n|move|p1a: Eternatus|Dynamax Cannon|p2a: Mewtwo\n|-damage|p2a: Mewtwo|0 fnt\n|faint|p2a: Mewtwo\n|\n|upkeep\n|\n|t:|1700358782\n|switch|p2a: Arceus|Arceus|100\/100\n|turn|11\n|\n|t:|1700358793\n|move|p1a: Eternatus|Dynamax Cannon|p2a: Arceus\n|-damage|p2a: Arceus|56\/100\n|move|p2a: Arceus|Swords Dance|p2a: Arceus\n|-boost|p2a: Arceus|atk|2\n|\n|upkeep\n|turn|12\n|\n|t:|1700358801\n|-terastallize|p2a: Arceus|Normal\n|move|p2a: Arceus|Extreme Speed|p1a: Eternatus\n|-damage|p1a: Eternatus|0 fnt\n|faint|p1a: Eternatus\n|-damage|p2a: Arceus|46\/100|[from] item: Life Orb\n|\n|upkeep\n|\n|t:|1700358811\n|switch|p1a: Groudon|Groudon|100\/100\n|-weather|SunnyDay|[from] ability: Drought|[of] p1a: Groudon\n|turn|13\n|\n|t:|1700358817\n|move|p2a: Arceus|Extreme Speed|p1a: Groudon\n|-damage|p1a: Groudon|0 fnt\n|faint|p1a: Groudon\n|-damage|p2a: Arceus|36\/100|[from] item: Life Orb\n|\n|-weather|SunnyDay|[upkeep]\n|upkeep\n|\n|t:|1700358825\n|switch|p1a: Ho-Oh|Ho-Oh|100\/100\n|turn|14\n|\n|t:|1700358830\n|move|p2a: Arceus|Extreme Speed|p1a: Ho-Oh\n|-damage|p1a: Ho-Oh|0 fnt\n|faint|p1a: Ho-Oh\n|-damage|p2a: Arceus|26\/100|[from] item: Life Orb\n|\n|win|85792195wwww\n|raw|wizardofballs's rating: 1447 &rarr; <strong>1440<\/strong><br \/>(-7 for losing)\n|raw|85792195wwww's rating: 1720 &rarr; <strong>1727<\/strong><br \/>(+7 for winning)\n","uploadtime":1700358839,"views":6,"p1id":"wizardofballs","p2id":"85792195wwww","formatid":"gen9nationaldexubers","rating":1440,"private":0,"password":""}