{"id":"gen9nationaldexubers-1991755157","p1":"Fazykins","p2":"Fazy1","format":"[Gen 9] National Dex Ubers","log":"|j|\u2606Fazykins\n|j|\u2606Fazy1\n|t:|1700111645\n|gametype|singles\n|player|p1|Fazykins|2|\n|player|p2|Fazy1|2|\n|teamsize|p1|1\n|teamsize|p2|1\n|gen|9\n|tier|[Gen 9] National Dex Ubers\n|rule|HP Percentage Mod: HP is shown in percentages\n|rule|Endless Battle Clause: Forcing endless battles is banned\n|rule|OHKO Clause: OHKO moves are banned\n|rule|Evasion Moves Clause: Evasion moves are banned\n|rule|Evasion Items Clause: Evasion items are banned\n|rule|Species Clause: Limit one of each Pok\u00e9mon\n|rule|Sleep Clause Mod: Limit one foe put to sleep\n|rule|Mega Rayquaza Clause: You cannot mega evolve Rayquaza\n|clearpoke\n|poke|p1|Beedrill, F|\n|poke|p2|Quaquaval, M|\n|teampreview\n|\n|t:|1700111651\n|start\n|switch|p1a: Beedrill|Beedrill, F|100\/100\n|switch|p2a: Quaquaval|Quaquaval, M|100\/100\n|turn|1\n|\n|t:|1700111658\n|move|p2a: Quaquaval|Aqua Step|p1a: Beedrill\n|-damage|p1a: Beedrill|45\/100\n|-boost|p2a: Quaquaval|spe|1\n|move|p1a: Beedrill|Toxic|p2a: Quaquaval\n|-status|p2a: Quaquaval|tox\n|\n|-heal|p1a: Beedrill|51\/100|[from] item: Black Sludge\n|-damage|p2a: Quaquaval|94\/100 tox|[from] psn\n|upkeep\n|turn|2\n|c|\u2606Fazy1|!showset 1\n|c| Fazy1|\/raw <div class=\"infobox\">Quaquaval (M) @ Expert Belt  <br \/>Ability: Moxie  <br \/>Tera Type: Water  <br \/>EVs: 252 Atk &#x2f; 4 SpD &#x2f; 252 Spe  <br \/>Jolly Nature  <br \/>- Close Combat  <br \/>- Aqua Step  <br \/>- Aqua Jet  <br \/>- Ice Spinner  <br \/><br \/><\/div>\n|\n|t:|1700111669\n|move|p1a: Beedrill|Protect|p1a: Beedrill\n|-singleturn|p1a: Beedrill|Protect\n|move|p2a: Quaquaval|Aqua Step|p1a: Beedrill\n|-activate|p1a: Beedrill|move: Protect\n|\n|-heal|p1a: Beedrill|57\/100|[from] item: Black Sludge\n|-damage|p2a: Quaquaval|82\/100 tox|[from] psn\n|upkeep\n|turn|3\n|\n|t:|1700111679\n|move|p2a: Quaquaval|Aqua Step|p1a: Beedrill\n|-damage|p1a: Beedrill|9\/100\n|-boost|p2a: Quaquaval|spe|1\n|move|p1a: Beedrill|Roost|p1a: Beedrill\n|-heal|p1a: Beedrill|59\/100\n|-singleturn|p1a: Beedrill|move: Roost\n|\n|-heal|p1a: Beedrill|65\/100|[from] item: Black Sludge\n|-damage|p2a: Quaquaval|64\/100 tox|[from] psn\n|upkeep\n|turn|4\n|\n|t:|1700111689\n|move|p1a: Beedrill|Protect|p1a: Beedrill\n|-singleturn|p1a: Beedrill|Protect\n|move|p2a: Quaquaval|Aqua Step|p1a: Beedrill\n|-activate|p1a: Beedrill|move: Protect\n|\n|-heal|p1a: Beedrill|71\/100|[from] item: Black Sludge\n|-damage|p2a: Quaquaval|39\/100 tox|[from] psn\n|upkeep\n|turn|5\n|\n|t:|1700111698\n|move|p2a: Quaquaval|Aqua Step|p1a: Beedrill\n|-damage|p1a: Beedrill|16\/100\n|-boost|p2a: Quaquaval|spe|1\n|move|p1a: Beedrill|Roost|p1a: Beedrill\n|-heal|p1a: Beedrill|66\/100\n|-singleturn|p1a: Beedrill|move: Roost\n|\n|-heal|p1a: Beedrill|72\/100|[from] item: Black Sludge\n|-damage|p2a: Quaquaval|9\/100 tox|[from] psn\n|upkeep\n|turn|6\n|\n|t:|1700111710\n|move|p1a: Beedrill|Protect|p1a: Beedrill\n|-singleturn|p1a: Beedrill|Protect\n|move|p2a: Quaquaval|Aqua Step|p1a: Beedrill\n|-activate|p1a: Beedrill|move: Protect\n|\n|-heal|p1a: Beedrill|78\/100|[from] item: Black Sludge\n|-damage|p2a: Quaquaval|0 fnt|[from] psn\n|faint|p2a: Quaquaval\n|\n|win|Fazykins\n|upkeep\n","uploadtime":1700111722,"views":7,"p1id":"fazykins","p2id":"fazy1","formatid":"gen9nationaldexubers","rating":0,"private":0,"password":""}