{"id":"gen9nationaldexubers-1982013386","p1":"Pipebombs","p2":"doubletrouble84","format":"[Gen 9] National Dex Ubers","log":"|j|\u2606Pipebombs\n|j|\u2606doubletrouble84\n|t:|1698959627\n|gametype|singles\n|player|p1|Pipebombs|elesa-masters2|1234\n|player|p2|doubletrouble84|n|1412\n|teamsize|p1|6\n|teamsize|p2|6\n|gen|9\n|tier|[Gen 9] National Dex Ubers\n|rated|\n|rule|HP Percentage Mod: HP is shown in percentages\n|rule|Endless Battle Clause: Forcing endless battles is banned\n|rule|OHKO Clause: OHKO moves are banned\n|rule|Evasion Moves Clause: Evasion moves are banned\n|rule|Evasion Items Clause: Evasion items are banned\n|rule|Species Clause: Limit one of each Pok\u00e9mon\n|rule|Sleep Clause Mod: Limit one foe put to sleep\n|rule|Mega Rayquaza Clause: You cannot mega evolve Rayquaza\n|clearpoke\n|poke|p1|Arceus-Bug|\n|poke|p1|Genesect|\n|poke|p1|Pheromosa|\n|poke|p1|Beedrill, M|\n|poke|p1|Galvantula, M|\n|poke|p1|Heracross, M|\n|poke|p2|Basculegion, M|\n|poke|p2|Marshadow|\n|poke|p2|Deoxys-Speed|\n|poke|p2|Xerneas-*|\n|poke|p2|Zacian-*|\n|poke|p2|Pelipper, F|\n|teampreview\n|inactive|Battle timer is ON: inactive players will automatically lose when time's up. (requested by Pipebombs)\n|inactive|doubletrouble84 also wants the timer to be on.\n|\n|t:|1698959647\n|start\n|switch|p1a: Galvantula|Galvantula, M|100\/100\n|switch|p2a: Deoxys|Deoxys-Speed|100\/100\n|-ability|p2a: Deoxys|Pressure\n|turn|1\n|\n|t:|1698959654\n|move|p2a: Deoxys|Taunt|p1a: Galvantula\n|-start|p1a: Galvantula|move: Taunt\n|cant|p1a: Galvantula|move: Taunt|Thunder Wave\n|\n|upkeep\n|turn|2\n|\n|t:|1698959660\n|move|p2a: Deoxys|Stealth Rock|p1a: Galvantula\n|-sidestart|p1: Pipebombs|move: Stealth Rock\n|move|p1a: Galvantula|Bug Buzz|p2a: Deoxys\n|-supereffective|p2a: Deoxys\n|-enditem|p2a: Deoxys|Focus Sash\n|-damage|p2a: Deoxys|1\/100\n|\n|upkeep\n|turn|3\n|\n|t:|1698959667\n|move|p2a: Deoxys|Spikes|p1a: Galvantula\n|-sidestart|p1: Pipebombs|Spikes\n|move|p1a: Galvantula|Bug Buzz|p2a: Deoxys\n|-supereffective|p2a: Deoxys\n|-damage|p2a: Deoxys|0 fnt\n|faint|p2a: Deoxys\n|\n|-end|p1a: Galvantula|move: Taunt\n|upkeep\n|\n|t:|1698959678\n|switch|p2a: Xerneas|Xerneas|100\/100\n|-ability|p2a: Xerneas|Fairy Aura\n|turn|4\n|\n|t:|1698959688\n|move|p1a: Galvantula|Thunder Wave|p2a: Xerneas\n|-status|p2a: Xerneas|par\n|move|p2a: Xerneas|Substitute|p2a: Xerneas\n|-start|p2a: Xerneas|Substitute\n|-damage|p2a: Xerneas|76\/100 par\n|\n|upkeep\n|turn|5\n|\n|t:|1698959695\n|move|p1a: Galvantula|Bug Buzz|p2a: Xerneas\n|-resisted|p2a: Xerneas\n|-damage|p2a: Xerneas|59\/100 par\n|move|p2a: Xerneas|Geomancy||[still]\n|-prepare|p2a: Xerneas|Geomancy\n|-enditem|p2a: Xerneas|Power Herb\n|-anim|p2a: Xerneas|Geomancy|p2a: Xerneas\n|-boost|p2a: Xerneas|spa|2\n|-boost|p2a: Xerneas|spd|2\n|-boost|p2a: Xerneas|spe|2\n|\n|upkeep\n|turn|6\n|\n|t:|1698959704\n|move|p1a: Galvantula|Thunder|p2a: Xerneas\n|-activate|p2a: Xerneas|move: Substitute|[damage]\n|move|p2a: Xerneas|Moonblast|p1a: Galvantula\n|-enditem|p1a: Galvantula|Focus Sash\n|-damage|p1a: Galvantula|1\/100\n|\n|upkeep\n|turn|7\n|\n|t:|1698959713\n|move|p1a: Galvantula|Thunder|p2a: Xerneas\n|-end|p2a: Xerneas|Substitute\n|move|p2a: Xerneas|Moonblast|p1a: Galvantula\n|-damage|p1a: Galvantula|0 fnt\n|faint|p1a: Galvantula\n|\n|upkeep\n|\n|t:|1698959719\n|switch|p1a: Genesect|Genesect, shiny|100\/100\n|-damage|p1a: Genesect|88\/100|[from] Stealth Rock\n|-damage|p1a: Genesect|76\/100|[from] Spikes\n|-ability|p1a: Genesect|Download|boost\n|-boost|p1a: Genesect|atk|1\n|turn|8\n|\n|t:|1698959726\n|move|p2a: Xerneas|Moonblast|p1a: Genesect\n|-resisted|p1a: Genesect\n|-damage|p1a: Genesect|0 fnt\n|faint|p1a: Genesect\n|\n|upkeep\n|\n|t:|1698959732\n|switch|p1a: Beedrill|Beedrill, M|100\/100\n|-damage|p1a: Beedrill|76\/100|[from] Stealth Rock\n|-damage|p1a: Beedrill|64\/100|[from] Spikes\n|turn|9\n|\n|t:|1698959737\n|detailschange|p1a: Beedrill|Beedrill-Mega, M\n|-mega|p1a: Beedrill|Beedrill|Beedrillite\n|move|p1a: Beedrill|Poison Jab|p2a: Xerneas\n|-supereffective|p2a: Xerneas\n|-damage|p2a: Xerneas|0 fnt\n|faint|p2a: Xerneas\n|\n|upkeep\n|\n|t:|1698959745\n|switch|p2a: Zacian|Zacian-Crowned|100\/100\n|-ability|p2a: Zacian|Intrepid Sword|boost\n|-boost|p2a: Zacian|atk|1\n|turn|10\n|\n|t:|1698959749\n|move|p2a: Zacian|Behemoth Blade|p1a: Beedrill\n|-damage|p1a: Beedrill|0 fnt\n|faint|p1a: Beedrill\n|\n|upkeep\n|\n|t:|1698959753\n|switch|p1a: Arceus|Arceus-Bug|100\/100\n|-damage|p1a: Arceus|76\/100|[from] Stealth Rock\n|-damage|p1a: Arceus|63\/100|[from] Spikes\n|turn|11\n|\n|t:|1698959759\n|-terastallize|p1a: Arceus|Water\n|move|p2a: Zacian|Behemoth Blade|p1a: Arceus\n|-resisted|p1a: Arceus\n|-damage|p1a: Arceus|31\/100\n|move|p1a: Arceus|Dragon Dance|p1a: Arceus\n|-boost|p1a: Arceus|atk|1\n|-boost|p1a: Arceus|spe|1\n|\n|upkeep\n|turn|12\n|\n|t:|1698959768\n|move|p1a: Arceus|Earthquake|p2a: Zacian\n|-supereffective|p2a: Zacian\n|-damage|p2a: Zacian|6\/100\n|move|p2a: Zacian|Wild Charge|p1a: Arceus\n|-supereffective|p1a: Arceus\n|-damage|p1a: Arceus|0 fnt\n|faint|p1a: Arceus\n|-damage|p2a: Zacian|0 fnt|[from] Recoil\n|faint|p2a: Zacian\n|\n|upkeep\n|\n|t:|1698959778\n|switch|p2a: Marshadow|Marshadow|100\/100\n|switch|p1a: Pheromosa|Pheromosa|100\/100\n|-damage|p1a: Pheromosa|88\/100|[from] Stealth Rock\n|-damage|p1a: Pheromosa|76\/100|[from] Spikes\n|turn|13\n|\n|t:|1698959785\n|move|p1a: Pheromosa|Lunge|p2a: Marshadow\n|-resisted|p2a: Marshadow\n|-damage|p2a: Marshadow|82\/100\n|-unboost|p2a: Marshadow|atk|1\n|-damage|p1a: Pheromosa|66\/100|[from] item: Life Orb\n|move|p2a: Marshadow|Poltergeist|p1a: Pheromosa\n|-activate|p1a: Pheromosa|move: Poltergeist|Life Orb\n|-damage|p1a: Pheromosa|0 fnt\n|faint|p1a: Pheromosa\n|\n|upkeep\n|\n|t:|1698959795\n|switch|p1a: Heracross|Heracross, M|100\/100\n|-damage|p1a: Heracross|88\/100|[from] Stealth Rock\n|-damage|p1a: Heracross|76\/100|[from] Spikes\n|turn|14\n|\n|t:|1698959802\n|move|p2a: Marshadow|Shadow Sneak|p1a: Heracross\n|-damage|p1a: Heracross|45\/100\n|move|p1a: Heracross|Trailblaze|p2a: Marshadow\n|-damage|p2a: Marshadow|62\/100\n|-boost|p1a: Heracross|spe|1\n|\n|upkeep\n|turn|15\n|\n|t:|1698959812\n|-zpower|p1a: Heracross\n|move|p1a: Heracross|Savage Spin-Out|p2a: Marshadow|[zeffect]\n|-resisted|p2a: Marshadow\n|-damage|p2a: Marshadow|32\/100\n|move|p2a: Marshadow|Spectral Thief||[still]\n|-clearpositiveboost|p1a: Heracross|p2a: Marshadow|move: Spectral Thief\n|-boost|p2a: Marshadow|spe|1\n|-anim|p2a: Marshadow|Spectral Thief|p1a: Heracross\n|-damage|p1a: Heracross|0 fnt\n|faint|p1a: Heracross\n|\n|win|doubletrouble84\n|raw|Pipebombs's rating: 1234 &rarr; <strong>1221<\/strong><br \/>(-13 for losing)\n|raw|doubletrouble84's rating: 1412 &rarr; <strong>1423<\/strong><br \/>(+11 for winning)\n|l|\u2606Pipebombs\n","uploadtime":1698959832,"views":8,"p1id":"pipebombs","p2id":"doubletrouble84","formatid":"gen9nationaldexubers","rating":1221,"private":0,"password":""}