{"id":"gen9nationaldexubers-1988087111","p1":"Coach Butter","p2":"Randal RYFU","format":"[Gen 9] National Dex Ubers","log":"|j|\u2606Coach Butter\n|j|\u2606Randal RYFU\n|t:|1699667938\n|gametype|singles\n|player|p1|Coach Butter|blaine|\n|player|p2|Randal RYFU|darach-caitlin|\n|teamsize|p1|6\n|teamsize|p2|6\n|gen|9\n|tier|[Gen 9] National Dex Ubers\n|rule|HP Percentage Mod: HP is shown in percentages\n|rule|Endless Battle Clause: Forcing endless battles is banned\n|rule|OHKO Clause: OHKO moves are banned\n|rule|Evasion Moves Clause: Evasion moves are banned\n|rule|Evasion Items Clause: Evasion items are banned\n|rule|Species Clause: Limit one of each Pok\u00e9mon\n|rule|Sleep Clause Mod: Limit one foe put to sleep\n|rule|Mega Rayquaza Clause: You cannot mega evolve Rayquaza\n|clearpoke\n|poke|p1|Dragapult, M|\n|poke|p1|Empoleon, M|\n|poke|p1|Primeape, M|\n|poke|p1|Iron Treads|\n|poke|p1|Vikavolt, F|\n|poke|p1|Talonflame, F|\n|poke|p2|Sylveon, F|\n|poke|p2|Tapu Lele|\n|poke|p2|Lopunny, F|\n|poke|p2|Slurpuff, F|\n|poke|p2|Gastrodon, M|\n|poke|p2|Mimikyu, M|\n|teampreview\n|j| PorygonTheBot\n|c| PorygonTheBot|This game looks fun!\n|c|\u2606Randal RYFU|It most will be\n|c|\u2606Coach Butter|They're all so pink!\n|\n|t:|1699668049\n|start\n|switch|p1a: Big Fudge|Iron Treads|100\/100\n|switch|p2a: Slurpuff|Slurpuff, F|100\/100\n|turn|1\n|\n|t:|1699668072\n|move|p1a: Big Fudge|Heavy Slam|p2a: Slurpuff\n|-supereffective|p2a: Slurpuff\n|-crit|p2a: Slurpuff\n|-enditem|p2a: Slurpuff|Focus Sash\n|-damage|p2a: Slurpuff|1\/100\n|move|p2a: Slurpuff|Sticky Web|p1a: Big Fudge\n|-sidestart|p1: Coach Butter|move: Sticky Web\n|\n|upkeep\n|turn|2\n|\n|t:|1699668085\n|move|p1a: Big Fudge|Earthquake|p2a: Slurpuff\n|-damage|p2a: Slurpuff|0 fnt\n|faint|p2a: Slurpuff\n|\n|upkeep\n|\n|t:|1699668101\n|switch|p2a: Gastrodon|Gastrodon, M|100\/100\n|turn|3\n|\n|t:|1699668121\n|-end|p1a: Big Fudge|Quark Drive|[silent]\n|switch|p1a: L. Von Matterhorn|Dragapult, M, shiny|100\/100\n|-activate|p1a: L. Von Matterhorn|move: Sticky Web\n|-fail|p1a: L. Von Matterhorn|unboost|[from] ability: Clear Body|[of] p1a: L. Von Matterhorn\n|move|p2a: Gastrodon|Scald|p1a: L. Von Matterhorn\n|-resisted|p1a: L. Von Matterhorn\n|-crit|p1a: L. Von Matterhorn\n|-damage|p1a: L. Von Matterhorn|80\/100\n|\n|-heal|p1a: L. Von Matterhorn|86\/100|[from] item: Leftovers\n|upkeep\n|turn|4\n|\n|t:|1699668140\n|move|p1a: L. Von Matterhorn|Will-O-Wisp|p2a: Gastrodon\n|-status|p2a: Gastrodon|brn\n|move|p2a: Gastrodon|Toxic|p1a: L. Von Matterhorn|[miss]\n|-miss|p2a: Gastrodon|p1a: L. Von Matterhorn\n|\n|-heal|p1a: L. Von Matterhorn|92\/100|[from] item: Leftovers\n|-damage|p2a: Gastrodon|94\/100 brn|[from] brn\n|upkeep\n|turn|5\n|\n|t:|1699668163\n|switch|p2a: Tapu Lele|Tapu Lele|100\/100\n|-fieldstart|move: Psychic Terrain|[from] ability: Psychic Surge|[of] p2a: Tapu Lele\n|move|p1a: L. Von Matterhorn|U-turn|p2a: Tapu Lele\n|-damage|p2a: Tapu Lele|72\/100\n|\n|t:|1699668193\n|switch|p1a: Swarly|Empoleon, M|100\/100|[from] U-turn\n|-activate|p1a: Swarly|move: Sticky Web\n|-unboost|p1a: Swarly|spe|1\n|-ability|p1a: Swarly|Competitive|boost\n|-boost|p1a: Swarly|spa|2\n|\n|upkeep\n|turn|6\n|\n|t:|1699668229\n|switch|p2a: Mimikyu|Mimikyu, M|100\/100\n|move|p1a: Swarly|Flash Cannon|p2a: Mimikyu\n|-activate|p2a: Mimikyu|ability: Disguise\n|-damage|p2a: Mimikyu|100\/100\n|detailschange|p2a: Mimikyu|Mimikyu-Busted, M\n|-damage|p2a: Mimikyu|88\/100|[from] pokemon: Mimikyu-Busted\n|-enditem|p2a: Mimikyu|Red Card|[of] p1a: Swarly\n|drag|p1a: Big Fudge|Iron Treads|100\/100\n|-activate|p1a: Big Fudge|move: Sticky Web\n|-unboost|p1a: Big Fudge|spe|1\n|\n|upkeep\n|turn|7\n|\n|t:|1699668246\n|move|p2a: Mimikyu|Swords Dance|p2a: Mimikyu\n|-boost|p2a: Mimikyu|atk|2\n|move|p1a: Big Fudge|Heavy Slam|p2a: Mimikyu\n|-supereffective|p2a: Mimikyu\n|-damage|p2a: Mimikyu|0 fnt\n|faint|p2a: Mimikyu\n|\n|upkeep\n|\n|t:|1699668249\n|switch|p2a: Sylveon|Sylveon, F|100\/100\n|turn|8\n|\n|t:|1699668262\n|-terastallize|p2a: Sylveon|Fairy\n|move|p1a: Big Fudge|Heavy Slam|p2a: Sylveon\n|-supereffective|p2a: Sylveon\n|-damage|p2a: Sylveon|0 fnt\n|faint|p2a: Sylveon\n|\n|upkeep\n|\n|t:|1699668270\n|switch|p2a: Lopunny|Lopunny, F|100\/100\n|turn|9\n|\n|t:|1699668281\n|detailschange|p2a: Lopunny|Lopunny-Mega, F\n|-mega|p2a: Lopunny|Lopunny|Lopunnite\n|move|p2a: Lopunny|Fake Out|p1a: Big Fudge\n|-activate|p1a: Big Fudge|move: Psychic Terrain\n|move|p1a: Big Fudge|Volt Switch|p2a: Lopunny\n|-damage|p2a: Lopunny|85\/100\n|c|\u2606Coach Butter|psy terrain stops flinches?\n|\n|t:|1699668317\n|-end|p1a: Big Fudge|Quark Drive|[silent]\n|switch|p1a: L. Von Matterhorn|Dragapult, M, shiny|92\/100|[from] Volt Switch\n|-activate|p1a: L. Von Matterhorn|move: Sticky Web\n|-fail|p1a: L. Von Matterhorn|unboost|[from] ability: Clear Body|[of] p1a: L. Von Matterhorn\n|\n|-heal|p1a: L. Von Matterhorn|98\/100|[from] item: Leftovers\n|-fieldend|move: Psychic Terrain\n|upkeep\n|turn|10\n|c|\u2606Randal RYFU|any priority moves\n|\n|t:|1699668342\n|move|p2a: Lopunny|Iron Tail|p1a: L. Von Matterhorn|[miss]\n|-miss|p2a: Lopunny|p1a: L. Von Matterhorn\n|move|p1a: L. Von Matterhorn|Will-O-Wisp|p2a: Lopunny\n|-status|p2a: Lopunny|brn\n|\n|-heal|p1a: L. Von Matterhorn|100\/100|[from] item: Leftovers\n|-damage|p2a: Lopunny|79\/100 brn|[from] brn\n|upkeep\n|turn|11\n|\n|t:|1699668358\n|move|p2a: Lopunny|Iron Tail|p1a: L. Von Matterhorn\n|-damage|p1a: L. Von Matterhorn|85\/100\n|move|p1a: L. Von Matterhorn|Draco Meteor|p2a: Lopunny\n|-damage|p2a: Lopunny|4\/100 brn\n|-unboost|p1a: L. Von Matterhorn|spa|2\n|\n|-heal|p1a: L. Von Matterhorn|91\/100|[from] item: Leftovers\n|-damage|p2a: Lopunny|0 fnt|[from] brn\n|faint|p2a: Lopunny\n|upkeep\n|\n|t:|1699668364\n|switch|p2a: Tapu Lele|Tapu Lele|72\/100\n|-fieldstart|move: Psychic Terrain|[from] ability: Psychic Surge|[of] p2a: Tapu Lele\n|turn|12\n|\n|t:|1699668376\n|move|p1a: L. Von Matterhorn|Shadow Ball|p2a: Tapu Lele\n|-supereffective|p2a: Tapu Lele\n|-damage|p2a: Tapu Lele|32\/100\n|move|p2a: Tapu Lele|Psychic|p1a: L. Von Matterhorn\n|-damage|p1a: L. Von Matterhorn|16\/100\n|\n|-heal|p1a: L. Von Matterhorn|22\/100|[from] item: Leftovers\n|upkeep\n|turn|13\n|\n|t:|1699668397\n|move|p1a: L. Von Matterhorn|U-turn|p2a: Tapu Lele\n|-damage|p2a: Tapu Lele|5\/100\n|\n|t:|1699668401\n|switch|p1a: Swarly|Empoleon, M|100\/100|[from] U-turn\n|-activate|p1a: Swarly|move: Sticky Web\n|-unboost|p1a: Swarly|spe|1\n|-ability|p1a: Swarly|Competitive|boost\n|-boost|p1a: Swarly|spa|2\n|move|p2a: Tapu Lele|Draining Kiss|p1a: Swarly\n|-resisted|p1a: Swarly\n|-damage|p1a: Swarly|93\/100\n|-heal|p2a: Tapu Lele|12\/100|[from] drain|[of] p1a: Swarly\n|\n|upkeep\n|turn|14\n|\n|t:|1699668419\n|move|p2a: Tapu Lele|Psychic|p1a: Swarly\n|-resisted|p1a: Swarly\n|-damage|p1a: Swarly|74\/100\n|move|p1a: Swarly|Grass Knot|p2a: Tapu Lele\n|-damage|p2a: Tapu Lele|0 fnt\n|faint|p2a: Tapu Lele\n|\n|upkeep\n|\n|t:|1699668424\n|switch|p2a: Gastrodon|Gastrodon, M|94\/100 brn\n|turn|15\n|\n|t:|1699668428\n|move|p2a: Gastrodon|Earth Power|p1a: Swarly\n|-supereffective|p1a: Swarly\n|-damage|p1a: Swarly|38\/100\n|move|p1a: Swarly|Grass Knot|p2a: Gastrodon\n|-supereffective|p2a: Gastrodon\n|-crit|p2a: Gastrodon\n|-damage|p2a: Gastrodon|0 fnt\n|faint|p2a: Gastrodon\n|\n|win|Coach Butter\n|l| PorygonTheBot\n|c|\u2606Randal RYFU|GG\n|c|\u2606Coach Butter|gg\n|l|\u2606Randal RYFU\n","uploadtime":1699668430,"views":32,"p1id":"coachbutter","p2id":"randalryfu","formatid":"gen9nationaldexubers","rating":0,"private":0,"password":""}