{"id":"gen9nationaldexubers-1983047342","p1":"Guj Genera","p2":"Cold Finally","format":"[Gen 9] National Dex Ubers","log":"|j|\u2606Guj Genera\n|j|\u2606Cold Finally\n|t:|1699075093\n|gametype|singles\n|player|p1|Guj Genera|red|\n|player|p2|Cold Finally|iris-masters|\n|teamsize|p1|6\n|teamsize|p2|6\n|gen|9\n|tier|[Gen 9] National Dex Ubers\n|rule|HP Percentage Mod: HP is shown in percentages\n|rule|Endless Battle Clause: Forcing endless battles is banned\n|rule|OHKO Clause: OHKO moves are banned\n|rule|Evasion Moves Clause: Evasion moves are banned\n|rule|Evasion Items Clause: Evasion items are banned\n|rule|Species Clause: Limit one of each Pok\u00e9mon\n|rule|Sleep Clause Mod: Limit one foe put to sleep\n|rule|Mega Rayquaza Clause: You cannot mega evolve Rayquaza\n|clearpoke\n|poke|p1|Cinderace, M|\n|poke|p1|Diancie|\n|poke|p1|Landorus-Therian, M|\n|poke|p1|Kartana|\n|poke|p1|Zeraora|\n|poke|p1|Inteleon, F|\n|poke|p2|Azumarill, F|\n|poke|p2|Grimmsnarl, M|\n|poke|p2|Mawile, F|\n|poke|p2|Delphox, F|\n|poke|p2|Hatterene, F|\n|poke|p2|Tapu Koko|\n|teampreview\n|inactive|Battle timer is ON: inactive players will automatically lose when time's up. (requested by Guj Genera)\n|c|\u2606Cold Finally|glhf\n|inactive|Cold Finally has 270 seconds left.\n|\n|t:|1699075128\n|start\n|switch|p1a: Cinderace|Cinderace, M, shiny|100\/100\n|switch|p2a: Hot Koko|Tapu Koko, shiny|100\/100\n|-fieldstart|move: Electric Terrain|[from] ability: Electric Surge|[of] p2a: Hot Koko\n|turn|1\n|\n|t:|1699075139\n|switch|p1a: Zeraora|Zeraora, shiny|100\/100\n|move|p2a: Hot Koko|Volt Switch|p1a: Zeraora\n|-immune|p1a: Zeraora|[from] ability: Volt Absorb\n|\n|upkeep\n|turn|2\n|j| Master of Mirrors\n|j| vespyyy\n|inactive|Cold Finally has 270 seconds left.\n|c|\u2606Guj Genera|Thx u 2\n|c| Master of Mirrors|I think this is the one time a Zeraora has ever been scary\n|inactive|Cold Finally has 240 seconds left.\n|c|\u2606Guj Genera|I was gonna do gunk but I predicted.\n|\n|t:|1699075205\n|switch|p2a: ass goblin|Grimmsnarl, M, shiny|100\/100\n|move|p1a: Zeraora|Plasma Fists|p2a: ass goblin\n|-damage|p2a: ass goblin|27\/100\n|-fieldactivate|move: Ion Deluge\n|-hint|Normal-type moves become Electric-type after using Plasma Fists.\n|\n|upkeep\n|turn|3\n|inactive|Cold Finally has 240 seconds left.\n|c| Master of Mirrors|ASS GOBLIN\n|c| Master of Mirrors|GOBLIN THAT ASS\n|c| Master of Mirrors|ahem anyway\n|\n|t:|1699075223\n|move|p2a: ass goblin|Parting Shot|p1a: Zeraora\n|-unboost|p1a: Zeraora|atk|1\n|-unboost|p1a: Zeraora|spa|1\n|c| Master of Mirrors|Carry on\n|\n|t:|1699075227\n|switch|p2a: Gothmo|Mawile, F|100\/100|[from] Parting Shot\n|-ability|p2a: Gothmo|Intimidate|boost\n|-unboost|p1a: Zeraora|atk|1\n|move|p1a: Zeraora|Plasma Fists|p2a: Gothmo\n|-damage|p2a: Gothmo|55\/100\n|-fieldactivate|move: Ion Deluge\n|-hint|Normal-type moves become Electric-type after using Plasma Fists.\n|\n|upkeep\n|turn|4\n|inactive|Cold Finally has 240 seconds left.\n|j| Astro nation y\n|\n|t:|1699075257\n|switch|p1a: Landorus|Landorus-Therian, M, shiny|100\/100\n|-ability|p1a: Landorus|Intimidate|boost\n|-unboost|p2a: Gothmo|atk|1\n|detailschange|p2a: Gothmo|Mawile-Mega, F\n|-mega|p2a: Gothmo|Mawile|Mawilite\n|move|p2a: Gothmo|Swords Dance|p2a: Gothmo\n|-boost|p2a: Gothmo|atk|2\n|\n|upkeep\n|turn|5\n|inactive|Cold Finally has 210 seconds left.\n|inactiveoff|Battle timer is now OFF.\n|\n|t:|1699075321\n|switch|p2a: Hollywood|Hatterene, F|100\/100\n|move|p1a: Landorus|Earthquake|p2a: Hollywood\n|-damage|p2a: Hollywood|60\/100\n|\n|-heal|p2a: Hollywood|66\/100|[from] item: Leftovers\n|-fieldend|move: Electric Terrain\n|upkeep\n|turn|6\n|\n|t:|1699075335\n|move|p1a: Landorus|U-turn|p2a: Hollywood\n|-damage|p2a: Hollywood|48\/100\n|\n|t:|1699075342\n|switch|p1a: Inteleon|Inteleon, F, shiny|100\/100|[from] U-turn\n|move|p2a: Hollywood|Future Sight|p1a: Inteleon\n|-start|p2a: Hollywood|move: Future Sight\n|\n|-heal|p2a: Hollywood|54\/100|[from] item: Leftovers\n|upkeep\n|turn|7\n|\n|t:|1699075378\n|switch|p2a: The Genie|Azumarill, F|100\/100\n|move|p1a: Inteleon|Snipe Shot|p2a: The Genie\n|-resisted|p2a: The Genie\n|-damage|p2a: The Genie|64\/100\n|\n|upkeep\n|turn|8\n|\n|t:|1699075396\n|move|p1a: Inteleon|Snipe Shot|p2a: The Genie\n|-resisted|p2a: The Genie\n|-damage|p2a: The Genie|25\/100\n|-enditem|p2a: The Genie|Sitrus Berry|[eat]\n|-heal|p2a: The Genie|50\/100|[from] item: Sitrus Berry\n|move|p2a: The Genie|Belly Drum||[still]\n|-fail|p2a: The Genie\n|\n|-end|p1a: Inteleon|move: Future Sight\n|-damage|p1a: Inteleon|13\/100\n|upkeep\n|turn|9\n|j| Learn your fundies\n|\n|t:|1699075406\n|move|p2a: The Genie|Aqua Jet|p1a: Inteleon\n|-resisted|p1a: Inteleon\n|-damage|p1a: Inteleon|0 fnt\n|faint|p1a: Inteleon\n|\n|upkeep\n|c|\u2606Guj Genera|No drum for u\n|c| Master of Mirrors|cold ;_;\n|\n|t:|1699075416\n|switch|p1a: Kartana|Kartana, shiny|100\/100\n|turn|10\n|c| Astro nation y|here comes the goat\n|c| Master of Mirrors|Welp hope you picked a god and prayed\n|c| Master of Mirrors|Also hi aaa\n|c| Learn your fundies|Sup\n|c| Learn your fundies|Did you test them for bug?\n|\n|t:|1699075469\n|move|p2a: The Genie|Aqua Jet|p1a: Kartana\n|-resisted|p1a: Kartana\n|-damage|p1a: Kartana|88\/100\n|move|p1a: Kartana|Leaf Blade|p2a: The Genie\n|-supereffective|p2a: The Genie\n|-damage|p2a: The Genie|0 fnt\n|faint|p2a: The Genie\n|-ability|p1a: Kartana|Beast Boost|boost\n|-boost|p1a: Kartana|atk|1\n|\n|upkeep\n|c|\u2606Guj Genera|Not yet\n|c| Master of Mirrors|N\n|c| Master of Mirrors|I said I would tomorrow\n|\n|t:|1699075479\n|switch|p2a: Kiriko|Delphox, F, shiny|100\/100\n|turn|11\n|c| Learn your fundies|I could take it if you want\n|c| Learn your fundies|I got time now\n|c| Master of Mirrors|Only if you want to\n|\n|t:|1699075494\n|switch|p1a: Cinderace|Cinderace, M, shiny|100\/100\n|move|p2a: Kiriko|Psychic|p1a: Cinderace\n|-damage|p1a: Cinderace|39\/100\n|\n|upkeep\n|turn|12\n|c| Master of Mirrors|Ik you've been working hard\n|c|\u2606Guj Genera|I\u2019m not up to do it tonight\n|c| Learn your fundies|Alright then\n|c|\u2606Guj Genera|It\u2019s 1:30 imma do this battle and Two more then calling it\n|\n|t:|1699075538\n|move|p2a: Kiriko|Psychic|p1a: Cinderace\n|-damage|p1a: Cinderace|0 fnt\n|faint|p1a: Cinderace\n|\n|upkeep\n|\n|t:|1699075543\n|switch|p1a: Diancie|Diancie, shiny|100\/100\n|turn|13\n|\n|t:|1699075581\n|detailschange|p1a: Diancie|Diancie-Mega, shiny\n|-mega|p1a: Diancie|Diancie|Diancite\n|move|p2a: Kiriko|Psychic|p1a: Diancie\n|-crit|p1a: Diancie\n|-damage|p1a: Diancie|9\/100\n|-unboost|p1a: Diancie|spd|1\n|move|p1a: Diancie|Earth Power|p2a: Kiriko\n|-supereffective|p2a: Kiriko\n|-damage|p2a: Kiriko|19\/100\n|\n|upkeep\n|turn|14\n|\n|t:|1699075594\n|move|p2a: Kiriko|Psychic|p1a: Diancie\n|-damage|p1a: Diancie|0 fnt\n|faint|p1a: Diancie\n|\n|upkeep\n|\n|t:|1699075596\n|switch|p1a: Kartana|Kartana, shiny|88\/100\n|turn|15\n|\n|t:|1699075602\n|move|p1a: Kartana|Leaf Blade|p2a: Kiriko\n|-resisted|p2a: Kiriko\n|-crit|p2a: Kiriko\n|-damage|p2a: Kiriko|0 fnt\n|faint|p2a: Kiriko\n|-ability|p1a: Kartana|Beast Boost|boost\n|-boost|p1a: Kartana|atk|1\n|\n|upkeep\n|c| Master of Mirrors|Cold ;_;\n|c| Master of Mirrors|Well its technically not over yet I think\n|c| Master of Mirrors|Theres a chance\n|\n|t:|1699075655\n|switch|p2a: ass goblin|Grimmsnarl, M, shiny|27\/100\n|turn|16\n|c|\u2606Guj Genera|Shhh don\u2019t jinx it\n|\n|t:|1699075663\n|move|p2a: ass goblin|Reflect|p2a: ass goblin\n|-sidestart|p2: Cold Finally|Reflect\n|move|p1a: Kartana|Leaf Blade|p2a: ass goblin\n|-damage|p2a: ass goblin|0 fnt\n|faint|p2a: ass goblin\n|-ability|p1a: Kartana|Beast Boost|boost\n|-boost|p1a: Kartana|atk|1\n|\n|upkeep\n|\n|t:|1699075670\n|switch|p2a: Hollywood|Hatterene, F|54\/100\n|turn|17\n|l| vespyyy\n|\n|t:|1699075691\n|move|p1a: Kartana|Leaf Blade|p2a: Hollywood\n|-crit|p2a: Hollywood\n|-damage|p2a: Hollywood|0 fnt\n|faint|p2a: Hollywood\n|-ability|p1a: Kartana|Beast Boost|boost\n|-boost|p1a: Kartana|atk|1\n|\n|upkeep\n|j| vespyyy\n|c|\u2606Cold Finally|ok\n|c|\u2606Cold Finally|well\n|c| Master of Mirrors|That sucks\n|c| Master of Mirrors|Lmao\n|\n|t:|1699075704\n|switch|p2a: Gothmo|Mawile-Mega, F|55\/100\n|turn|18\n|\n|t:|1699075708\n|move|p1a: Kartana|Leaf Blade|p2a: Gothmo\n|-resisted|p2a: Gothmo\n|-damage|p2a: Gothmo|18\/100\n|move|p2a: Gothmo|Swords Dance|p2a: Gothmo\n|-boost|p2a: Gothmo|atk|2\n|\n|upkeep\n|turn|19\n|\n|t:|1699075715\n|move|p2a: Gothmo|Sucker Punch|p1a: Kartana\n|-damage|p1a: Kartana|0 fnt\n|faint|p1a: Kartana\n|\n|upkeep\n|\n|t:|1699075718\n|switch|p1a: Landorus|Landorus-Therian, M, shiny|100\/100\n|-ability|p1a: Landorus|Intimidate|boost\n|-unboost|p2a: Gothmo|atk|1\n|turn|20\n|c| Master of Mirrors|Winnable\n|c| Master of Mirrors|Actually\n|c| Master of Mirrors|lol\n|c| Master of Mirrors|I think they choked\n|\n|t:|1699075734\n|move|p2a: Gothmo|Sucker Punch|p1a: Landorus\n|-damage|p1a: Landorus|46\/100\n|-damage|p2a: Gothmo|2\/100|[from] item: Rocky Helmet|[of] p1a: Landorus\n|move|p1a: Landorus|Earthquake|p2a: Gothmo\n|-supereffective|p2a: Gothmo\n|-damage|p2a: Gothmo|0 fnt\n|faint|p2a: Gothmo\n|\n|upkeep\n|\n|t:|1699075739\n|switch|p2a: Hot Koko|Tapu Koko, shiny|100\/100\n|-fieldstart|move: Electric Terrain|[from] ability: Electric Surge|[of] p2a: Hot Koko\n|turn|21\n|c| Master of Mirrors|ye they uh\n|c| Master of Mirrors|Choked\n|\n|t:|1699075746\n|move|p2a: Hot Koko|Dazzling Gleam|p1a: Landorus\n|-damage|p1a: Landorus|0 fnt\n|faint|p1a: Landorus\n|\n|upkeep\n|\n|t:|1699075749\n|switch|p1a: Zeraora|Zeraora, shiny|100\/100\n|turn|22\n|c|\u2606Cold Finally|gg\n|\n|t:|1699075755\n|move|p1a: Zeraora|Plasma Fists|p2a: Hot Koko\n|-resisted|p2a: Hot Koko\n|-damage|p2a: Hot Koko|78\/100\n|-fieldactivate|move: Ion Deluge\n|-hint|Normal-type moves become Electric-type after using Plasma Fists.\n|move|p2a: Hot Koko|Dazzling Gleam|p1a: Zeraora\n|-damage|p1a: Zeraora|41\/100\n|\n|upkeep\n|turn|23\n|c| Astro nation y|gg\n|\n|t:|1699075763\n|move|p1a: Zeraora|Plasma Fists|p2a: Hot Koko\n|-resisted|p2a: Hot Koko\n|-damage|p2a: Hot Koko|56\/100\n|-fieldactivate|move: Ion Deluge\n|-hint|Normal-type moves become Electric-type after using Plasma Fists.\n|move|p2a: Hot Koko|Dazzling Gleam|p1a: Zeraora\n|-damage|p1a: Zeraora|0 fnt\n|faint|p1a: Zeraora\n|\n|win|Cold Finally\n|c|\u2606Guj Genera|Gg\n|c|\u2606Guj Genera|so\n|c| Astro nation y|goat cold\n|c|\u2606Guj Genera|close\n|l| Astro nation y\n|l| Learn your fundies\n|c| Master of Mirrors|Swades yk he choked LOL\n|c|\u2606Cold Finally|that crit bruh\n|l| Master of Mirrors\n","uploadtime":1699075768,"views":12,"p1id":"gujgenera","p2id":"coldfinally","formatid":"gen9nationaldexubers","rating":0,"private":0,"password":""}