{"id":"gen9nationaldexubers-1978914562","p1":"HereticalJ","p2":"ghostsquad321","format":"[Gen 9] National Dex Ubers","log":"|j|\u2606HereticalJ\n|j|\u2606ghostsquad321\n|t:|1698609700\n|gametype|singles\n|player|p1|HereticalJ|clown|\n|player|p2|ghostsquad321|scientist-gen4|\n|teamsize|p1|6\n|teamsize|p2|6\n|gen|9\n|tier|[Gen 9] National Dex Ubers\n|rule|HP Percentage Mod: HP is shown in percentages\n|rule|Endless Battle Clause: Forcing endless battles is banned\n|rule|OHKO Clause: OHKO moves are banned\n|rule|Evasion Moves Clause: Evasion moves are banned\n|rule|Evasion Items Clause: Evasion items are banned\n|rule|Species Clause: Limit one of each Pok\u00e9mon\n|rule|Sleep Clause Mod: Limit one foe put to sleep\n|rule|Mega Rayquaza Clause: You cannot mega evolve Rayquaza\n|clearpoke\n|poke|p1|Grimmsnarl, M|\n|poke|p1|Meowscarada, F|\n|poke|p1|Honchkrow, M|\n|poke|p1|Kingambit, F|\n|poke|p1|Hydreigon, F|\n|poke|p1|Gyarados, F|\n|poke|p2|Gholdengo|\n|poke|p2|Sableye, F|\n|poke|p2|Annihilape, M|\n|poke|p2|Flutter Mane|\n|poke|p2|Mimikyu, F|\n|poke|p2|Dragapult, M|\n|teampreview\n|j| Triggerhappy50\n|\n|t:|1698609720\n|start\n|switch|p1a: Grimmsnarl|Grimmsnarl, M|100\/100\n|switch|p2a: Sableye|Sableye, F|100\/100\n|turn|1\n|\n|t:|1698609729\n|detailschange|p2a: Sableye|Sableye-Mega, F\n|-mega|p2a: Sableye|Sableye|Sablenite\n|move|p1a: Grimmsnarl|Taunt|p2a: Sableye\n|move|p2a: Sableye|Taunt|p1a: Grimmsnarl|[from]ability: Magic Bounce\n|-start|p1a: Grimmsnarl|move: Taunt\n|move|p2a: Sableye|Will-O-Wisp|p1a: Grimmsnarl|[miss]\n|-miss|p2a: Sableye|p1a: Grimmsnarl\n|\n|upkeep\n|turn|2\n|\n|t:|1698609741\n|move|p1a: Grimmsnarl|Play Rough|p2a: Sableye\n|-supereffective|p2a: Sableye\n|-damage|p2a: Sableye|19\/100\n|move|p2a: Sableye|Will-O-Wisp|p1a: Grimmsnarl|[miss]\n|-miss|p2a: Sableye|p1a: Grimmsnarl\n|\n|upkeep\n|turn|3\n|\n|t:|1698609767\n|move|p1a: Grimmsnarl|Play Rough|p2a: Sableye\n|-supereffective|p2a: Sableye\n|-damage|p2a: Sableye|0 fnt\n|faint|p2a: Sableye\n|\n|upkeep\n|\n|t:|1698609772\n|switch|p2a: Annihilape|Annihilape, M|100\/100\n|turn|4\n|\n|t:|1698609776\n|switch|p1a: Honchkrow|Honchkrow, M|100\/100\n|move|p2a: Annihilape|Bulk Up|p2a: Annihilape\n|-boost|p2a: Annihilape|atk|1\n|-boost|p2a: Annihilape|def|1\n|\n|upkeep\n|turn|5\n|\n|t:|1698609808\n|switch|p2a: Dragapult|Dragapult, M|100\/100\n|move|p1a: Honchkrow|Brave Bird|p2a: Dragapult\n|-crit|p2a: Dragapult\n|-damage|p2a: Dragapult|4\/100\n|-damage|p1a: Honchkrow|71\/100|[from] Recoil\n|\n|upkeep\n|turn|6\n|\n|t:|1698609828\n|move|p2a: Dragapult|Thunderbolt|p1a: Honchkrow\n|-supereffective|p1a: Honchkrow\n|-damage|p1a: Honchkrow|0 fnt\n|faint|p1a: Honchkrow\n|\n|upkeep\n|\n|t:|1698609835\n|switch|p1a: Kingambit|Kingambit, F|100\/100\n|-activate|p1a: Kingambit|ability: Supreme Overlord\n|-start|p1a: Kingambit|fallen1|[silent]\n|turn|7\n|\n|t:|1698609858\n|-activate|p2a: Dragapult|move: Pursuit\n|move|p1a: Kingambit|Pursuit|p2a: Dragapult|[from]Pursuit\n|-supereffective|p2a: Dragapult\n|-damage|p2a: Dragapult|0 fnt\n|faint|p2a: Dragapult\n|-hint|A Pokemon can't switch between when it runs out of HP and when it faints\n|\n|upkeep\n|\n|t:|1698609866\n|switch|p2a: Annihilape|Annihilape, M|100\/100\n|turn|8\n|\n|t:|1698609900\n|-end|p1a: Kingambit|fallen1|[silent]\n|switch|p1a: Grimmsnarl|Grimmsnarl, M|100\/100\n|move|p2a: Annihilape|Bulk Up|p2a: Annihilape\n|-boost|p2a: Annihilape|atk|1\n|-boost|p2a: Annihilape|def|1\n|\n|upkeep\n|turn|9\n|\n|t:|1698609912\n|move|p1a: Grimmsnarl|Reflect|p1a: Grimmsnarl\n|-sidestart|p1: HereticalJ|Reflect\n|move|p2a: Annihilape|Drain Punch|p1a: Grimmsnarl\n|-damage|p1a: Grimmsnarl|71\/100\n|\n|upkeep\n|turn|10\n|\n|t:|1698609926\n|move|p2a: Annihilape|Bulk Up|p2a: Annihilape\n|-boost|p2a: Annihilape|atk|1\n|-boost|p2a: Annihilape|def|1\n|move|p1a: Grimmsnarl|Play Rough|p2a: Annihilape\n|-supereffective|p2a: Annihilape\n|-damage|p2a: Annihilape|61\/100\n|\n|upkeep\n|turn|11\n|\n|t:|1698609947\n|move|p1a: Grimmsnarl|Taunt|p2a: Annihilape\n|-start|p2a: Annihilape|move: Taunt\n|move|p2a: Annihilape|Drain Punch|p1a: Grimmsnarl\n|-damage|p1a: Grimmsnarl|30\/100\n|-heal|p2a: Annihilape|77\/100|[from] drain|[of] p1a: Grimmsnarl\n|\n|upkeep\n|turn|12\n|\n|t:|1698609961\n|switch|p1a: Hydreigon|Hydreigon, F|100\/100\n|move|p2a: Annihilape|Drain Punch|p1a: Hydreigon\n|-supereffective|p1a: Hydreigon\n|-damage|p1a: Hydreigon|30\/100\n|-heal|p2a: Annihilape|100\/100|[from] drain|[of] p1a: Hydreigon\n|\n|upkeep\n|turn|13\n|\n|t:|1698609974\n|move|p1a: Hydreigon|Draco Meteor|p2a: Annihilape\n|-damage|p2a: Annihilape|41\/100\n|-unboost|p1a: Hydreigon|spa|2\n|move|p2a: Annihilape|Drain Punch|p1a: Hydreigon\n|-supereffective|p1a: Hydreigon\n|-damage|p1a: Hydreigon|0 fnt\n|-heal|p2a: Annihilape|53\/100|[from] drain|[of] p1a: Hydreigon\n|faint|p1a: Hydreigon\n|\n|-end|p2a: Annihilape|move: Taunt\n|upkeep\n|\n|t:|1698609992\n|switch|p1a: Meowscarada|Meowscarada, F|100\/100\n|turn|14\n|\n|t:|1698610005\n|move|p1a: Meowscarada|Play Rough|p2a: Annihilape\n|-start|p1a: Meowscarada|typechange|Fairy|[from] ability: Protean\n|-supereffective|p2a: Annihilape\n|-damage|p2a: Annihilape|6\/100\n|move|p2a: Annihilape|Rest|p2a: Annihilape\n|-status|p2a: Annihilape|slp|[from] move: Rest\n|-heal|p2a: Annihilape|100\/100 slp|[silent]\n|-enditem|p2a: Annihilape|Chesto Berry|[eat]\n|-curestatus|p2a: Annihilape|slp|[msg]\n|\n|upkeep\n|turn|15\n|\n|t:|1698610057\n|move|p1a: Meowscarada|Knock Off|p2a: Annihilape\n|-damage|p2a: Annihilape|91\/100\n|move|p2a: Annihilape|Rage Fist|p1a: Meowscarada\n|-damage|p1a: Meowscarada|0 fnt\n|faint|p1a: Meowscarada\n|\n|upkeep\n|\n|t:|1698610077\n|switch|p1a: Gyarados|Gyarados, F|100\/100\n|turn|16\n|\n|t:|1698610087\n|detailschange|p1a: Gyarados|Gyarados-Mega, F\n|-mega|p1a: Gyarados|Gyarados|Gyaradosite\n|-ability|p1a: Gyarados|Mold Breaker\n|move|p1a: Gyarados|Taunt|p2a: Annihilape\n|-start|p2a: Annihilape|move: Taunt\n|move|p2a: Annihilape|Rage Fist|p1a: Gyarados\n|-resisted|p1a: Gyarados\n|-damage|p1a: Gyarados|53\/100\n|\n|-sideend|p1: HereticalJ|Reflect\n|upkeep\n|turn|17\n|\n|t:|1698610099\n|move|p1a: Gyarados|Hydro Pump|p2a: Annihilape\n|-damage|p2a: Annihilape|75\/100\n|move|p2a: Annihilape|Drain Punch|p1a: Gyarados\n|-supereffective|p1a: Gyarados\n|-damage|p1a: Gyarados|0 fnt\n|-heal|p2a: Annihilape|96\/100|[from] drain|[of] p1a: Gyarados\n|faint|p1a: Gyarados\n|\n|upkeep\n|\n|t:|1698610107\n|switch|p1a: Kingambit|Kingambit, F|100\/100\n|-activate|p1a: Kingambit|ability: Supreme Overlord\n|-start|p1a: Kingambit|fallen4|[silent]\n|turn|18\n|\n|t:|1698610120\n|move|p2a: Annihilape|Drain Punch|p1a: Kingambit\n|-supereffective|p1a: Kingambit\n|-enditem|p1a: Kingambit|Focus Sash\n|-damage|p1a: Kingambit|1\/100\n|-heal|p2a: Annihilape|100\/100|[from] drain|[of] p1a: Kingambit\n|move|p1a: Kingambit|Kowtow Cleave|p2a: Annihilape\n|-damage|p2a: Annihilape|65\/100\n|\n|-end|p2a: Annihilape|move: Taunt\n|upkeep\n|turn|19\n|\n|t:|1698610138\n|move|p1a: Kingambit|Sucker Punch|p2a: Annihilape\n|-damage|p2a: Annihilape|34\/100\n|move|p2a: Annihilape|Drain Punch|p1a: Kingambit\n|-supereffective|p1a: Kingambit\n|-damage|p1a: Kingambit|0 fnt\n|-heal|p2a: Annihilape|35\/100|[from] drain|[of] p1a: Kingambit\n|faint|p1a: Kingambit\n|-end|p1a: Kingambit|fallen4|[silent]\n|\n|upkeep\n|\n|t:|1698610145\n|switch|p1a: Grimmsnarl|Grimmsnarl, M|30\/100\n|turn|20\n|\n|t:|1698610156\n|move|p2a: Annihilape|Drain Punch|p1a: Grimmsnarl\n|-damage|p1a: Grimmsnarl|0 fnt\n|-heal|p2a: Annihilape|46\/100|[from] drain|[of] p1a: Grimmsnarl\n|faint|p1a: Grimmsnarl\n|\n|win|ghostsquad321\n|l|\u2606HereticalJ\n","uploadtime":1698610167,"views":16,"p1id":"hereticalj","p2id":"ghostsquad321","formatid":"gen9nationaldexubers","rating":0,"private":0,"password":""}