{"id":"gen9nationaldexubers-1999122000","p1":"Kingmc23","p2":"beniboi","format":"[Gen 9] National Dex Ubers","log":"|j|\u2606Kingmc23\n|j|\u2606beniboi\n|t:|1701035487\n|gametype|singles\n|player|p1|Kingmc23|collector|\n|player|p2|beniboi|1|\n|teamsize|p1|6\n|teamsize|p2|6\n|gen|9\n|tier|[Gen 9] National Dex Ubers\n|rule|HP Percentage Mod: HP is shown in percentages\n|rule|Endless Battle Clause: Forcing endless battles is banned\n|rule|OHKO Clause: OHKO moves are banned\n|rule|Evasion Moves Clause: Evasion moves are banned\n|rule|Evasion Items Clause: Evasion items are banned\n|rule|Species Clause: Limit one of each Pok\u00e9mon\n|rule|Sleep Clause Mod: Limit one foe put to sleep\n|rule|Mega Rayquaza Clause: You cannot mega evolve Rayquaza\n|clearpoke\n|poke|p1|Zygarde|\n|poke|p1|Tapu Fini|\n|poke|p1|Jirachi|\n|poke|p1|Tornadus-Therian, M|\n|poke|p1|Glalie, F|\n|poke|p1|Rotom-Heat|\n|poke|p2|Flutter Mane|\n|poke|p2|Venusaur, M|\n|poke|p2|Urshifu-*, F|\n|poke|p2|Thundurus-Therian, M|\n|poke|p2|Ting-Lu|\n|poke|p2|Torkoal, M|\n|teampreview\n|c|\u2606beniboi|Glhf fren!\n|c|\u2606Kingmc23|AYO\n|c|\u2606Kingmc23|GL!\n|j| t0me\n|c|\u2606Kingmc23|GOnna get this to groupme\n|c| t0me|henlo\n|\n|t:|1701035566\n|start\n|switch|p1a: Rotom|Rotom-Heat|100\/100\n|switch|p2a: Turtellini|Torkoal, M|100\/100\n|-weather|SunnyDay|[from] ability: Drought|[of] p2a: Turtellini\n|turn|1\n|\n|t:|1701035586\n|move|p1a: Rotom|Nasty Plot|p1a: Rotom\n|-boost|p1a: Rotom|spa|2\n|move|p2a: Turtellini|Stealth Rock|p1a: Rotom\n|-sidestart|p1: Kingmc23|move: Stealth Rock\n|\n|-weather|SunnyDay|[upkeep]\n|upkeep\n|turn|2\n|\n|t:|1701035592\n|move|p1a: Rotom|Thunderbolt|p2a: Turtellini\n|-damage|p2a: Turtellini|0 fnt\n|faint|p2a: Turtellini\n|\n|-weather|SunnyDay|[upkeep]\n|upkeep\n|\n|t:|1701035603\n|switch|p2a: SoulSnatcher|Flutter Mane|100\/100\n|-activate|p2a: SoulSnatcher|ability: Protosynthesis\n|-start|p2a: SoulSnatcher|protosynthesisspe\n|turn|3\n|\n|t:|1701035608\n|move|p2a: SoulSnatcher|Shadow Ball|p1a: Rotom\n|-damage|p1a: Rotom|18\/100\n|-unboost|p1a: Rotom|spd|1\n|move|p1a: Rotom|Thunderbolt|p2a: SoulSnatcher\n|-damage|p2a: SoulSnatcher|16\/100\n|\n|-weather|SunnyDay|[upkeep]\n|upkeep\n|turn|4\n|\n|t:|1701035634\n|switch|p1a: Tornadus|Tornadus-Therian, M|100\/100\n|-damage|p1a: Tornadus|76\/100|[from] Stealth Rock\n|move|p2a: SoulSnatcher|Shadow Ball|p1a: Tornadus\n|-damage|p1a: Tornadus|28\/100\n|-unboost|p1a: Tornadus|spd|1\n|\n|-weather|SunnyDay|[upkeep]\n|upkeep\n|turn|5\n|\n|t:|1701035648\n|switch|p1a: Rotom|Rotom-Heat|18\/100\n|move|p2a: SoulSnatcher|Shadow Ball|p1a: Rotom\n|-damage|p1a: Rotom|0 fnt\n|faint|p1a: Rotom\n|\n|-weather|SunnyDay|[upkeep]\n|upkeep\n|\n|t:|1701035650\n|switch|p1a: Glalie|Glalie, F|100\/100\n|-damage|p1a: Glalie|76\/100|[from] Stealth Rock\n|turn|6\n|\n|t:|1701035665\n|-end|p2a: SoulSnatcher|Protosynthesis|[silent]\n|switch|p2a: Crane|Urshifu-Rapid-Strike, F|100\/100\n|detailschange|p1a: Glalie|Glalie-Mega, F\n|-mega|p1a: Glalie|Glalie|Glalitite\n|move|p1a: Glalie|Ice Shard|p2a: Crane\n|-resisted|p2a: Crane\n|-damage|p2a: Crane|91\/100\n|\n|-weather|SunnyDay|[upkeep]\n|upkeep\n|turn|7\n|j| Kinghenry93\n|\n|t:|1701035676\n|switch|p1a: Tapu Fini|Tapu Fini|100\/100\n|-damage|p1a: Tapu Fini|88\/100|[from] Stealth Rock\n|-fieldstart|move: Misty Terrain|[from] ability: Misty Surge|[of] p1a: Tapu Fini\n|move|p2a: Crane|U-turn|p1a: Tapu Fini\n|-resisted|p1a: Tapu Fini\n|-damage|p1a: Tapu Fini|70\/100\n|\n|t:|1701035685\n|switch|p2a: FlowerHat|Venusaur, M|100\/100|[from] U-turn\n|\n|-weather|SunnyDay|[upkeep]\n|-heal|p1a: Tapu Fini|76\/100|[from] item: Leftovers\n|upkeep\n|turn|8\n|c| Kinghenry93|Hi friends\n|\n|t:|1701035702\n|switch|p1a: Tornadus|Tornadus-Therian, M|62\/100\n|-damage|p1a: Tornadus|37\/100|[from] Stealth Rock\n|detailschange|p2a: FlowerHat|Venusaur-Mega, M\n|-mega|p2a: FlowerHat|Venusaur|Venusaurite\n|move|p2a: FlowerHat|Giga Drain|p1a: Tornadus\n|-resisted|p1a: Tornadus\n|-damage|p1a: Tornadus|23\/100\n|\n|-weather|none\n|upkeep\n|turn|9\n|\n|t:|1701035716\n|move|p1a: Tornadus|Knock Off|p2a: FlowerHat\n|-damage|p2a: FlowerHat|88\/100\n|move|p2a: FlowerHat|Sludge Bomb|p1a: Tornadus\n|-damage|p1a: Tornadus|0 fnt\n|faint|p1a: Tornadus\n|\n|upkeep\n|\n|t:|1701035733\n|switch|p1a: Glalie|Glalie-Mega, F|76\/100\n|-damage|p1a: Glalie|51\/100|[from] Stealth Rock\n|turn|10\n|\n|t:|1701035738\n|move|p1a: Glalie|Double-Edge|p2a: FlowerHat\n|-supereffective|p2a: FlowerHat\n|-damage|p2a: FlowerHat|28\/100\n|-damage|p1a: Glalie|27\/100|[from] Recoil\n|move|p2a: FlowerHat|Giga Drain|p1a: Glalie\n|-damage|p1a: Glalie|0 fnt\n|-heal|p2a: FlowerHat|39\/100|[from] drain|[of] p1a: Glalie\n|faint|p1a: Glalie\n|\n|upkeep\n|c| t0me|That fat be thicc\n|\n|t:|1701035753\n|switch|p1a: Zygarde|Zygarde|100\/100\n|-damage|p1a: Zygarde|94\/100|[from] Stealth Rock\n|-ability|p1a: Zygarde|Aura Break\n|turn|11\n|\n|t:|1701035760\n|switch|p2a: SoulSnatcher|Flutter Mane|16\/100\n|move|p1a: Zygarde|Substitute|p1a: Zygarde\n|-start|p1a: Zygarde|Substitute\n|-damage|p1a: Zygarde|69\/100\n|\n|-heal|p1a: Zygarde|76\/100|[from] item: Leftovers\n|-fieldend|Misty Terrain\n|upkeep\n|turn|12\n|\n|t:|1701035771\n|move|p2a: SoulSnatcher|Moonblast|p1a: Zygarde\n|-supereffective|p1a: Zygarde\n|-end|p1a: Zygarde|Substitute\n|move|p1a: Zygarde|Dragon Dance|p1a: Zygarde\n|-boost|p1a: Zygarde|atk|1\n|-boost|p1a: Zygarde|spe|1\n|\n|-heal|p1a: Zygarde|82\/100|[from] item: Leftovers\n|upkeep\n|turn|13\n|\n|t:|1701035777\n|move|p1a: Zygarde|Thousand Arrows|p2a: SoulSnatcher\n|-damage|p2a: SoulSnatcher|0 fnt\n|faint|p2a: SoulSnatcher\n|-end|p2a: SoulSnatcher|Protosynthesis|[silent]\n|\n|-heal|p1a: Zygarde|88\/100|[from] item: Leftovers\n|upkeep\n|\n|t:|1701035778\n|switch|p2a: Krusher|Ting-Lu|100\/100\n|-ability|p2a: Krusher|Vessel of Ruin\n|turn|14\n|\n|t:|1701035785\n|move|p1a: Zygarde|Substitute|p1a: Zygarde\n|-start|p1a: Zygarde|Substitute\n|-damage|p1a: Zygarde|63\/100\n|move|p2a: Krusher|Whirlwind|p1a: Zygarde\n|drag|p1a: Jirachi|Jirachi|100\/100\n|-damage|p1a: Jirachi|94\/100|[from] Stealth Rock\n|\n|upkeep\n|turn|15\n|\n|t:|1701035794\n|move|p1a: Jirachi|Iron Head|p2a: Krusher\n|-damage|p2a: Krusher|81\/100\n|cant|p2a: Krusher|flinch\n|\n|-heal|p2a: Krusher|87\/100|[from] item: Leftovers\n|upkeep\n|turn|16\n|\n|t:|1701035798\n|move|p1a: Jirachi|Iron Head|p2a: Krusher\n|-damage|p2a: Krusher|70\/100\n|move|p2a: Krusher|Earthquake|p1a: Jirachi\n|-supereffective|p1a: Jirachi\n|-damage|p1a: Jirachi|22\/100\n|\n|-heal|p2a: Krusher|76\/100|[from] item: Leftovers\n|upkeep\n|turn|17\n|\n|t:|1701035802\n|switch|p2a: FlowerHat|Venusaur-Mega, M|39\/100\n|move|p1a: Jirachi|Iron Head|p2a: FlowerHat\n|-damage|p2a: FlowerHat|10\/100\n|\n|upkeep\n|turn|18\n|\n|t:|1701035805\n|move|p1a: Jirachi|Iron Head|p2a: FlowerHat\n|-damage|p2a: FlowerHat|0 fnt\n|faint|p2a: FlowerHat\n|\n|upkeep\n|\n|t:|1701035810\n|switch|p2a: ButtWeKnow|Thundurus-Therian, M|100\/100\n|turn|19\n|\n|t:|1701035812\n|move|p1a: Jirachi|Iron Head|p2a: ButtWeKnow\n|-resisted|p2a: ButtWeKnow\n|-damage|p2a: ButtWeKnow|73\/100\n|move|p2a: ButtWeKnow|Volt Switch|p1a: Jirachi\n|-damage|p1a: Jirachi|0 fnt\n|faint|p1a: Jirachi\n|\n|t:|1701035817\n|switch|p2a: Crane|Urshifu-Rapid-Strike, F|91\/100|[from] Volt Switch\n|\n|upkeep\n|\n|t:|1701035820\n|switch|p1a: Tapu Fini|Tapu Fini|76\/100\n|-damage|p1a: Tapu Fini|64\/100|[from] Stealth Rock\n|-fieldstart|move: Misty Terrain|[from] ability: Misty Surge|[of] p1a: Tapu Fini\n|turn|20\n|\n|t:|1701035828\n|move|p2a: Crane|Poison Jab|p1a: Tapu Fini\n|-supereffective|p1a: Tapu Fini\n|-damage|p1a: Tapu Fini|0 fnt\n|faint|p1a: Tapu Fini\n|\n|upkeep\n|\n|t:|1701035831\n|switch|p1a: Zygarde|Zygarde|63\/100\n|-damage|p1a: Zygarde|57\/100|[from] Stealth Rock\n|-ability|p1a: Zygarde|Aura Break\n|turn|21\n|\n|t:|1701035842\n|switch|p2a: ButtWeKnow|Thundurus-Therian, M|73\/100\n|move|p1a: Zygarde|Substitute|p1a: Zygarde\n|-start|p1a: Zygarde|Substitute\n|-damage|p1a: Zygarde|32\/100\n|\n|-heal|p1a: Zygarde|38\/100|[from] item: Leftovers\n|upkeep\n|turn|22\n|\n|t:|1701035845\n|move|p2a: ButtWeKnow|Psychic|p1a: Zygarde\n|-end|p1a: Zygarde|Substitute\n|move|p1a: Zygarde|Dragon Dance|p1a: Zygarde\n|-boost|p1a: Zygarde|atk|1\n|-boost|p1a: Zygarde|spe|1\n|\n|-heal|p1a: Zygarde|44\/100|[from] item: Leftovers\n|upkeep\n|turn|23\n|\n|t:|1701035849\n|move|p1a: Zygarde|Thousand Arrows|p2a: ButtWeKnow\n|-damage|p2a: ButtWeKnow|0 fnt\n|faint|p2a: ButtWeKnow\n|\n|-heal|p1a: Zygarde|50\/100|[from] item: Leftovers\n|upkeep\n|\n|t:|1701035853\n|switch|p2a: Crane|Urshifu-Rapid-Strike, F|91\/100\n|turn|24\n|\n|t:|1701035860\n|move|p1a: Zygarde|Glare|p2a: Crane\n|-activate|p2a: Crane|move: Misty Terrain\n|move|p2a: Crane|Surging Strikes|p1a: Zygarde\n|-crit|p1a: Zygarde\n|-damage|p1a: Zygarde|23\/100\n|-crit|p1a: Zygarde\n|-damage|p1a: Zygarde|0 fnt\n|faint|p1a: Zygarde\n|-hitcount|p1: Zygarde|2\n|\n|win|beniboi\n|c|\u2606beniboi|gg\n|c|\u2606Kingmc23|GG!\n|l|\u2606Kingmc23\n","uploadtime":1701035872,"views":23,"p1id":"kingmc23","p2id":"beniboi","formatid":"gen9nationaldexubers","rating":0,"private":0,"password":""}