{"id":"gen9nationaldexubers-1988113984","p1":"MrBearmanchild","p2":"Vario 64\u2606\u5f61","format":"[Gen 9] National Dex Ubers","log":"|j|\u2606MrBearmanchild\n|j|\u2606Vario 64\u2606\u5f61\n|t:|1699671248\n|gametype|singles\n|player|p1|MrBearmanchild|169|\n|player|p2|Vario 64\u2606\u5f61|ghetsis|\n|teamsize|p1|6\n|teamsize|p2|6\n|gen|9\n|tier|[Gen 9] National Dex Ubers\n|rule|HP Percentage Mod: HP is shown in percentages\n|rule|Endless Battle Clause: Forcing endless battles is banned\n|rule|OHKO Clause: OHKO moves are banned\n|rule|Evasion Moves Clause: Evasion moves are banned\n|rule|Evasion Items Clause: Evasion items are banned\n|rule|Species Clause: Limit one of each Pok\u00e9mon\n|rule|Sleep Clause Mod: Limit one foe put to sleep\n|rule|Mega Rayquaza Clause: You cannot mega evolve Rayquaza\n|clearpoke\n|poke|p1|Marshadow|\n|poke|p1|Corviknight, M|\n|poke|p1|Lopunny, F|\n|poke|p1|Araquanid, F|\n|poke|p1|Glimmora, M|\n|poke|p1|Dondozo, F|\n|poke|p2|Ribombee, F|\n|poke|p2|Darmanitan, F|\n|poke|p2|Nidoking, M|\n|poke|p2|Kyurem|\n|poke|p2|Eternatus|\n|poke|p2|Lopunny, M|\n|teampreview\n|inactive|Battle timer is ON: inactive players will automatically lose when time's up. (requested by MrBearmanchild)\n|c|\u2606Vario 64\u2606\u5f61|good luck have fun!\n|c|\u2606MrBearmanchild|Good luck!\n|\n|t:|1699671274\n|start\n|switch|p1a: Araquanid|Araquanid, F|100\/100\n|switch|p2a: Mr. RiBombastic|Ribombee, F|100\/100\n|turn|1\n|\n|t:|1699671283\n|move|p2a: Mr. RiBombastic|Stun Spore|p1a: Araquanid\n|-status|p1a: Araquanid|par\n|move|p1a: Araquanid|Sticky Web|p2a: Mr. RiBombastic\n|-sidestart|p2: Vario 64\u2606\u5f61|move: Sticky Web\n|\n|upkeep\n|turn|2\n|\n|t:|1699671290\n|move|p2a: Mr. RiBombastic|Sticky Web|p1a: Araquanid\n|-sidestart|p1: MrBearmanchild|move: Sticky Web\n|move|p1a: Araquanid|Poison Jab|p2a: Mr. RiBombastic\n|-supereffective|p2a: Mr. RiBombastic\n|-damage|p2a: Mr. RiBombastic|27\/100\n|\n|upkeep\n|turn|3\n|j| RenzFlintrock\n|\n|t:|1699671310\n|switch|p2a: Eternus Maximus|Eternatus|100\/100\n|-activate|p2a: Eternus Maximus|move: Sticky Web\n|-unboost|p2a: Eternus Maximus|spe|1\n|-ability|p2a: Eternus Maximus|Pressure\n|move|p1a: Araquanid|Liquidation|p2a: Eternus Maximus\n|-resisted|p2a: Eternus Maximus\n|-damage|p2a: Eternus Maximus|74\/100\n|\n|-heal|p2a: Eternus Maximus|80\/100|[from] item: Black Sludge\n|upkeep\n|turn|4\n|\n|t:|1699671325\n|move|p2a: Eternus Maximus|Toxic Spikes|p1a: Araquanid\n|-sidestart|p1: MrBearmanchild|move: Toxic Spikes\n|cant|p1a: Araquanid|par\n|\n|-heal|p2a: Eternus Maximus|86\/100|[from] item: Black Sludge\n|upkeep\n|turn|5\n|\n|t:|1699671334\n|switch|p2a: Kylo-Rem|Kyurem|100\/100\n|-ability|p2a: Kylo-Rem|Pressure\n|cant|p1a: Araquanid|par\n|\n|upkeep\n|turn|6\n|\n|t:|1699671342\n|move|p2a: Kylo-Rem|Substitute|p2a: Kylo-Rem\n|-start|p2a: Kylo-Rem|Substitute\n|-damage|p2a: Kylo-Rem|76\/100\n|move|p1a: Araquanid|Poison Jab|p2a: Kylo-Rem\n|-activate|p2a: Kylo-Rem|move: Substitute|[damage]\n|\n|upkeep\n|turn|7\n|\n|t:|1699671351\n|move|p2a: Kylo-Rem|Freeze-Dry|p1a: Araquanid\n|-supereffective|p1a: Araquanid\n|-damage|p1a: Araquanid|39\/100 par\n|move|p1a: Araquanid|Poison Jab|p2a: Kylo-Rem\n|-end|p2a: Kylo-Rem|Substitute\n|\n|upkeep\n|turn|8\n|\n|t:|1699671368\n|move|p2a: Kylo-Rem|Substitute|p2a: Kylo-Rem\n|-start|p2a: Kylo-Rem|Substitute\n|-damage|p2a: Kylo-Rem|51\/100\n|move|p1a: Araquanid|Poison Jab|p2a: Kylo-Rem\n|-activate|p2a: Kylo-Rem|move: Substitute|[damage]\n|\n|upkeep\n|turn|9\n|\n|t:|1699671378\n|move|p2a: Kylo-Rem|Roost|p2a: Kylo-Rem\n|-heal|p2a: Kylo-Rem|100\/100\n|-singleturn|p2a: Kylo-Rem|move: Roost\n|cant|p1a: Araquanid|par\n|\n|upkeep\n|turn|10\n|\n|t:|1699671385\n|move|p2a: Kylo-Rem|Freeze-Dry|p1a: Araquanid\n|-supereffective|p1a: Araquanid\n|-damage|p1a: Araquanid|0 fnt\n|faint|p1a: Araquanid\n|\n|upkeep\n|\n|t:|1699671395\n|switch|p1a: Glimmora|Glimmora, M|100\/100\n|-activate|p1a: Glimmora|move: Sticky Web\n|-unboost|p1a: Glimmora|spe|1\n|-sideend|p1: MrBearmanchild|move: Toxic Spikes|[of] p1a: Glimmora\n|turn|11\n|\n|t:|1699671415\n|move|p2a: Kylo-Rem|Earth Power|p1a: Glimmora\n|-supereffective|p1a: Glimmora\n|-crit|p1a: Glimmora\n|-damage|p1a: Glimmora|0 fnt\n|faint|p1a: Glimmora\n|\n|upkeep\n|\n|t:|1699671427\n|switch|p1a: Lopunny|Lopunny, F|100\/100\n|-activate|p1a: Lopunny|move: Sticky Web\n|-unboost|p1a: Lopunny|spe|1\n|turn|12\n|\n|t:|1699671436\n|detailschange|p1a: Lopunny|Lopunny-Mega, F\n|-mega|p1a: Lopunny|Lopunny|Lopunnite\n|move|p1a: Lopunny|Fake Out|p2a: Kylo-Rem\n|-end|p2a: Kylo-Rem|Substitute\n|move|p2a: Kylo-Rem|Freeze-Dry|p1a: Lopunny\n|-damage|p1a: Lopunny|50\/100\n|\n|upkeep\n|turn|13\n|inactive|Vario 64\u2606\u5f61 has 270 seconds left.\n|\n|t:|1699671480\n|switch|p2a: King|Nidoking, M|100\/100\n|-activate|p2a: King|move: Sticky Web\n|-unboost|p2a: King|spe|1\n|move|p1a: Lopunny|Drain Punch|p2a: King\n|-resisted|p2a: King\n|-damage|p2a: King|74\/100\n|-heal|p1a: Lopunny|65\/100|[from] drain|[of] p2a: King\n|\n|upkeep\n|turn|14\n|\n|t:|1699671492\n|move|p1a: Lopunny|Ice Punch|p2a: King\n|-supereffective|p2a: King\n|-damage|p2a: King|0 fnt\n|faint|p2a: King\n|\n|upkeep\n|\n|t:|1699671498\n|switch|p2a: Lol Funni|Lopunny, M|100\/100\n|-activate|p2a: Lol Funni|move: Sticky Web\n|-unboost|p2a: Lol Funni|spe|1\n|turn|15\n|\n|t:|1699671512\n|detailschange|p2a: Lol Funni|Lopunny-Mega, M\n|-mega|p2a: Lol Funni|Lopunny|Lopunnite\n|move|p1a: Lopunny|Drain Punch|p2a: Lol Funni\n|-supereffective|p2a: Lol Funni\n|-damage|p2a: Lol Funni|0 fnt\n|-heal|p1a: Lopunny|100\/100|[from] drain|[of] p2a: Lol Funni\n|faint|p2a: Lol Funni\n|\n|upkeep\n|\n|t:|1699671521\n|switch|p2a: Eternus Maximus|Eternatus|86\/100\n|-activate|p2a: Eternus Maximus|move: Sticky Web\n|-unboost|p2a: Eternus Maximus|spe|1\n|-ability|p2a: Eternus Maximus|Pressure\n|turn|16\n|c|\u2606Vario 64\u2606\u5f61|oof\n|\n|t:|1699671530\n|move|p1a: Lopunny|Return|p2a: Eternus Maximus\n|-damage|p2a: Eternus Maximus|43\/100\n|move|p2a: Eternus Maximus|Toxic Spikes|p1a: Lopunny\n|-sidestart|p1: MrBearmanchild|move: Toxic Spikes\n|\n|-heal|p2a: Eternus Maximus|49\/100|[from] item: Black Sludge\n|upkeep\n|turn|17\n|inactive|Vario 64\u2606\u5f61 has 270 seconds left.\n|\n|t:|1699671544\n|move|p1a: Lopunny|Ice Punch|p2a: Eternus Maximus\n|-supereffective|p2a: Eternus Maximus\n|-damage|p2a: Eternus Maximus|6\/100\n|move|p2a: Eternus Maximus|Recover|p2a: Eternus Maximus\n|-heal|p2a: Eternus Maximus|56\/100\n|\n|-heal|p2a: Eternus Maximus|62\/100|[from] item: Black Sludge\n|upkeep\n|turn|18\n|c|\u2606MrBearmanchild|Rough\n|inactive|Vario 64\u2606\u5f61 has 270 seconds left.\n|\n|t:|1699671562\n|move|p1a: Lopunny|Ice Punch|p2a: Eternus Maximus\n|-supereffective|p2a: Eternus Maximus\n|-damage|p2a: Eternus Maximus|22\/100\n|move|p2a: Eternus Maximus|Recover|p2a: Eternus Maximus\n|-heal|p2a: Eternus Maximus|72\/100\n|\n|-heal|p2a: Eternus Maximus|78\/100|[from] item: Black Sludge\n|upkeep\n|turn|19\n|\n|t:|1699671572\n|move|p1a: Lopunny|Ice Punch|p2a: Eternus Maximus\n|-supereffective|p2a: Eternus Maximus\n|-damage|p2a: Eternus Maximus|34\/100\n|move|p2a: Eternus Maximus|Venoshock|p1a: Lopunny\n|-damage|p1a: Lopunny|54\/100\n|\n|-heal|p2a: Eternus Maximus|40\/100|[from] item: Black Sludge\n|upkeep\n|turn|20\n|inactive|Vario 64\u2606\u5f61 has 270 seconds left.\n|\n|t:|1699671583\n|switch|p2a: Kylo-Rem|Kyurem|100\/100\n|-ability|p2a: Kylo-Rem|Pressure\n|move|p1a: Lopunny|Ice Punch|p2a: Kylo-Rem\n|-damage|p2a: Kylo-Rem|78\/100\n|\n|upkeep\n|turn|21\n|inactive|Vario 64\u2606\u5f61 has 270 seconds left.\n|\n|t:|1699671593\n|-terastallize|p2a: Kylo-Rem|Fairy\n|move|p1a: Lopunny|Drain Punch|p2a: Kylo-Rem\n|-resisted|p2a: Kylo-Rem\n|-damage|p2a: Kylo-Rem|60\/100\n|-heal|p1a: Lopunny|69\/100|[from] drain|[of] p2a: Kylo-Rem\n|move|p2a: Kylo-Rem|Freeze-Dry|p1a: Lopunny\n|-damage|p1a: Lopunny|12\/100\n|\n|upkeep\n|turn|22\n|inactive|Vario 64\u2606\u5f61 has 270 seconds left.\n|c|\u2606MrBearmanchild|Good tera\n|\n|t:|1699671610\n|move|p1a: Lopunny|Return|p2a: Kylo-Rem\n|-damage|p2a: Kylo-Rem|14\/100\n|move|p2a: Kylo-Rem|Roost|p2a: Kylo-Rem\n|-heal|p2a: Kylo-Rem|64\/100\n|\n|upkeep\n|turn|23\n|c|\u2606Vario 64\u2606\u5f61|ty!\n|\n|t:|1699671630\n|move|p1a: Lopunny|Return|p2a: Kylo-Rem\n|-damage|p2a: Kylo-Rem|17\/100\n|move|p2a: Kylo-Rem|Freeze-Dry|p1a: Lopunny\n|-damage|p1a: Lopunny|0 fnt\n|faint|p1a: Lopunny\n|\n|upkeep\n|\n|t:|1699671641\n|switch|p1a: Marshadow|Marshadow|100\/100\n|-activate|p1a: Marshadow|move: Sticky Web\n|-unboost|p1a: Marshadow|spe|1\n|-status|p1a: Marshadow|psn\n|turn|24\n|\n|t:|1699671653\n|switch|p2a: Mr. RiBombastic|Ribombee, F|27\/100\n|-activate|p2a: Mr. RiBombastic|move: Sticky Web\n|-unboost|p2a: Mr. RiBombastic|spe|1\n|move|p1a: Marshadow|Spectral Thief|p2a: Mr. RiBombastic\n|-damage|p2a: Mr. RiBombastic|0 fnt\n|faint|p2a: Mr. RiBombastic\n|\n|-damage|p1a: Marshadow|88\/100 psn|[from] psn\n|upkeep\n|inactive|Vario 64\u2606\u5f61 has 240 seconds left.\n|\n|t:|1699671691\n|switch|p2a: Kong|Darmanitan, F|100\/100\n|-activate|p2a: Kong|move: Sticky Web\n|-unboost|p2a: Kong|spe|1\n|turn|25\n|\n|t:|1699671704\n|move|p1a: Marshadow|Knock Off|p2a: Kong\n|-damage|p2a: Kong|49\/100\n|-enditem|p2a: Kong|Life Orb|[from] move: Knock Off|[of] p1a: Marshadow\n|move|p2a: Kong|Flare Blitz|p1a: Marshadow\n|-damage|p1a: Marshadow|0 fnt\n|faint|p1a: Marshadow\n|-damage|p2a: Kong|22\/100|[from] Recoil\n|\n|upkeep\n|\n|t:|1699671716\n|switch|p1a: Dondozo|Dondozo, F|100\/100\n|-activate|p1a: Dondozo|move: Sticky Web\n|-unboost|p1a: Dondozo|spe|1\n|-status|p1a: Dondozo|psn\n|turn|26\n|inactive|Vario 64\u2606\u5f61 has 240 seconds left.\n|\n|t:|1699671725\n|switch|p2a: Eternus Maximus|Eternatus|40\/100\n|-activate|p2a: Eternus Maximus|move: Sticky Web\n|-unboost|p2a: Eternus Maximus|spe|1\n|-ability|p2a: Eternus Maximus|Pressure\n|move|p1a: Dondozo|Earthquake|p2a: Eternus Maximus\n|-supereffective|p2a: Eternus Maximus\n|-damage|p2a: Eternus Maximus|0 fnt\n|faint|p2a: Eternus Maximus\n|\n|-damage|p1a: Dondozo|88\/100 psn|[from] psn\n|upkeep\n|inactive|Vario 64\u2606\u5f61 has 240 seconds left.\n|\n|t:|1699671732\n|switch|p2a: Kylo-Rem|Kyurem, tera:Fairy|17\/100\n|-ability|p2a: Kylo-Rem|Pressure\n|turn|27\n|\n|t:|1699671748\n|move|p2a: Kylo-Rem|Roost|p2a: Kylo-Rem\n|-heal|p2a: Kylo-Rem|67\/100\n|move|p1a: Dondozo|Heavy Slam|p2a: Kylo-Rem\n|-supereffective|p2a: Kylo-Rem\n|-damage|p2a: Kylo-Rem|45\/100\n|\n|-damage|p1a: Dondozo|76\/100 psn|[from] psn\n|upkeep\n|turn|28\n|\n|t:|1699671759\n|-terastallize|p1a: Dondozo|Water\n|move|p2a: Kylo-Rem|Substitute|p2a: Kylo-Rem\n|-start|p2a: Kylo-Rem|Substitute\n|-damage|p2a: Kylo-Rem|21\/100\n|move|p1a: Dondozo|Wave Crash|p2a: Kylo-Rem\n|-end|p2a: Kylo-Rem|Substitute\n|-damage|p1a: Dondozo|68\/100 psn|[from] Recoil|[of] p2a: Kylo-Rem\n|\n|-damage|p1a: Dondozo|56\/100 psn|[from] psn\n|upkeep\n|turn|29\n|\n|t:|1699671770\n|move|p2a: Kylo-Rem|Roost|p2a: Kylo-Rem\n|-heal|p2a: Kylo-Rem|71\/100\n|move|p1a: Dondozo|Wave Crash|p2a: Kylo-Rem\n|-damage|p2a: Kylo-Rem|9\/100\n|-damage|p1a: Dondozo|38\/100 psn|[from] Recoil\n|\n|-damage|p1a: Dondozo|26\/100 psn|[from] psn\n|upkeep\n|turn|30\n|\n|t:|1699671779\n|move|p2a: Kylo-Rem|Freeze-Dry|p1a: Dondozo\n|-supereffective|p1a: Dondozo\n|-damage|p1a: Dondozo|0 fnt\n|faint|p1a: Dondozo\n|\n|upkeep\n|\n|t:|1699671785\n|switch|p1a: Corviknight|Corviknight, M|100\/100\n|turn|31\n|\n|t:|1699671794\n|move|p2a: Kylo-Rem|Roost|p2a: Kylo-Rem\n|-heal|p2a: Kylo-Rem|59\/100\n|move|p1a: Corviknight|Bulk Up|p1a: Corviknight\n|-boost|p1a: Corviknight|atk|1\n|-boost|p1a: Corviknight|def|1\n|\n|upkeep\n|turn|32\n|inactive|Vario 64\u2606\u5f61 has 270 seconds left.\n|\n|t:|1699671806\n|move|p2a: Kylo-Rem|Substitute|p2a: Kylo-Rem\n|-start|p2a: Kylo-Rem|Substitute\n|-damage|p2a: Kylo-Rem|34\/100\n|move|p1a: Corviknight|Brave Bird|p2a: Kylo-Rem\n|-end|p2a: Kylo-Rem|Substitute\n|-damage|p1a: Corviknight|91\/100|[from] Recoil|[of] p2a: Kylo-Rem\n|\n|-heal|p1a: Corviknight|97\/100|[from] item: Leftovers\n|upkeep\n|turn|33\n|inactive|Vario 64\u2606\u5f61 has 270 seconds left.\n|\n|t:|1699671816\n|move|p2a: Kylo-Rem|Roost|p2a: Kylo-Rem\n|-heal|p2a: Kylo-Rem|84\/100\n|move|p1a: Corviknight|Brave Bird|p2a: Kylo-Rem\n|-damage|p2a: Kylo-Rem|41\/100\n|-damage|p1a: Corviknight|81\/100|[from] Recoil\n|\n|-heal|p1a: Corviknight|87\/100|[from] item: Leftovers\n|upkeep\n|turn|34\n|\n|t:|1699671826\n|move|p2a: Kylo-Rem|Roost|p2a: Kylo-Rem\n|-heal|p2a: Kylo-Rem|91\/100\n|move|p1a: Corviknight|Brave Bird|p2a: Kylo-Rem\n|-damage|p2a: Kylo-Rem|50\/100\n|-damage|p1a: Corviknight|72\/100|[from] Recoil\n|\n|-heal|p1a: Corviknight|78\/100|[from] item: Leftovers\n|upkeep\n|turn|35\n|\n|t:|1699671837\n|move|p2a: Kylo-Rem|Freeze-Dry|p1a: Corviknight\n|-damage|p1a: Corviknight|52\/100\n|move|p1a: Corviknight|Roost|p1a: Corviknight\n|-heal|p1a: Corviknight|100\/100\n|-singleturn|p1a: Corviknight|move: Roost\n|\n|upkeep\n|turn|36\n|\n|t:|1699671856\n|move|p2a: Kylo-Rem|Roost|p2a: Kylo-Rem\n|-heal|p2a: Kylo-Rem|99\/100\n|move|p1a: Corviknight|Bulk Up|p1a: Corviknight\n|-boost|p1a: Corviknight|atk|1\n|-boost|p1a: Corviknight|def|1\n|\n|upkeep\n|turn|37\n|c|\u2606MrBearmanchild|Close game!\n|\n|t:|1699671864\n|move|p2a: Kylo-Rem|Freeze-Dry|p1a: Corviknight\n|-damage|p1a: Corviknight|74\/100\n|move|p1a: Corviknight|Bulk Up|p1a: Corviknight\n|-boost|p1a: Corviknight|atk|1\n|-boost|p1a: Corviknight|def|1\n|\n|-heal|p1a: Corviknight|80\/100|[from] item: Leftovers\n|upkeep\n|turn|38\n|inactive|Vario 64\u2606\u5f61 has 270 seconds left.\n|c|\u2606Vario 64\u2606\u5f61|the webs got me in the end\n|\n|t:|1699671911\n|move|p2a: Kylo-Rem|Freeze-Dry|p1a: Corviknight\n|-damage|p1a: Corviknight|53\/100\n|move|p1a: Corviknight|Bulk Up|p1a: Corviknight\n|-boost|p1a: Corviknight|atk|1\n|-boost|p1a: Corviknight|def|1\n|\n|-heal|p1a: Corviknight|59\/100|[from] item: Leftovers\n|upkeep\n|turn|39\n|\n|t:|1699671922\n|move|p2a: Kylo-Rem|Freeze-Dry|p1a: Corviknight\n|-damage|p1a: Corviknight|29\/100\n|move|p1a: Corviknight|Roost|p1a: Corviknight\n|-heal|p1a: Corviknight|79\/100\n|-singleturn|p1a: Corviknight|move: Roost\n|\n|-heal|p1a: Corviknight|86\/100|[from] item: Leftovers\n|upkeep\n|turn|40\n|\n|t:|1699671935\n|move|p2a: Kylo-Rem|Freeze-Dry|p1a: Corviknight\n|-damage|p1a: Corviknight|58\/100\n|move|p1a: Corviknight|Bulk Up|p1a: Corviknight\n|-boost|p1a: Corviknight|atk|1\n|-boost|p1a: Corviknight|def|1\n|\n|-heal|p1a: Corviknight|65\/100|[from] item: Leftovers\n|upkeep\n|turn|41\n|\n|t:|1699671944\n|move|p2a: Kylo-Rem|Freeze-Dry|p1a: Corviknight\n|-damage|p1a: Corviknight|39\/100\n|move|p1a: Corviknight|Roost|p1a: Corviknight\n|-heal|p1a: Corviknight|89\/100\n|-singleturn|p1a: Corviknight|move: Roost\n|\n|-heal|p1a: Corviknight|95\/100|[from] item: Leftovers\n|upkeep\n|turn|42\n|\n|t:|1699671960\n|move|p2a: Kylo-Rem|Freeze-Dry|p1a: Corviknight\n|-damage|p1a: Corviknight|70\/100\n|move|p1a: Corviknight|Bulk Up|p1a: Corviknight\n|-boost|p1a: Corviknight|atk|1\n|-boost|p1a: Corviknight|def|1\n|\n|-heal|p1a: Corviknight|76\/100|[from] item: Leftovers\n|upkeep\n|turn|43\n|c|\u2606MrBearmanchild|I think I survive Darm now lol\n|inactive|Vario 64\u2606\u5f61 has 240 seconds left.\n|c| RenzFlintrock|you don't say :eyes:\n|c|\u2606Vario 64\u2606\u5f61|you outsped and kod at +1\n|c|\u2606Vario 64\u2606\u5f61|rip\n|c|\u2606Vario 64\u2606\u5f61|now...\n|c|\u2606Vario 64\u2606\u5f61|freeze GO\n|\n|t:|1699672005\n|move|p2a: Kylo-Rem|Freeze-Dry|p1a: Corviknight\n|-damage|p1a: Corviknight|47\/100\n|move|p1a: Corviknight|Body Press|p2a: Kylo-Rem\n|-resisted|p2a: Kylo-Rem\n|-damage|p2a: Kylo-Rem|69\/100\n|\n|-heal|p1a: Corviknight|53\/100|[from] item: Leftovers\n|upkeep\n|turn|44\n|\n|t:|1699672014\n|move|p2a: Kylo-Rem|Freeze-Dry|p1a: Corviknight\n|-damage|p1a: Corviknight|27\/100\n|move|p1a: Corviknight|Roost|p1a: Corviknight\n|-heal|p1a: Corviknight|77\/100\n|-singleturn|p1a: Corviknight|move: Roost\n|\n|-heal|p1a: Corviknight|83\/100|[from] item: Leftovers\n|upkeep\n|turn|45\n|c|\u2606MrBearmanchild|Forgot about speed with webs rip\n|\n|t:|1699672029\n|move|p2a: Kylo-Rem|Freeze-Dry|p1a: Corviknight\n|-damage|p1a: Corviknight|57\/100\n|move|p1a: Corviknight|Brave Bird|p2a: Kylo-Rem\n|-damage|p2a: Kylo-Rem|0 fnt\n|faint|p2a: Kylo-Rem\n|-damage|p1a: Corviknight|31\/100|[from] Recoil\n|\n|-heal|p1a: Corviknight|37\/100|[from] item: Leftovers\n|upkeep\n|\n|t:|1699672039\n|switch|p2a: Kong|Darmanitan, F|22\/100\n|-activate|p2a: Kong|move: Sticky Web\n|-unboost|p2a: Kong|spe|1\n|turn|46\n|\n|t:|1699672043\n|move|p2a: Kong|Flare Blitz|p1a: Corviknight\n|-supereffective|p1a: Corviknight\n|-damage|p1a: Corviknight|1\/100\n|-damage|p2a: Kong|8\/100|[from] Recoil\n|move|p1a: Corviknight|Body Press|p2a: Kong\n|-damage|p2a: Kong|0 fnt\n|faint|p2a: Kong\n|\n|win|MrBearmanchild\n|c| RenzFlintrock|NOOOO\n|c|\u2606MrBearmanchild|Wow\n","uploadtime":1699672057,"views":23,"p1id":"mrbearmanchild","p2id":"vario64","formatid":"gen9nationaldexubers","rating":0,"private":0,"password":""}