{"id":"gen9nationaldexubers-1987289228","p1":"SauceBo$$","p2":"silverhammer166","format":"[Gen 9] National Dex Ubers","log":"|j|\u2606SauceBo$$\n|j|\u2606silverhammer166\n|t:|1699573609\n|gametype|singles\n|player|p1|SauceBo$$|blue|\n|player|p2|silverhammer166|aaron|\n|teamsize|p1|6\n|teamsize|p2|6\n|gen|9\n|tier|[Gen 9] National Dex Ubers\n|rule|HP Percentage Mod: HP is shown in percentages\n|rule|Endless Battle Clause: Forcing endless battles is banned\n|rule|OHKO Clause: OHKO moves are banned\n|rule|Evasion Moves Clause: Evasion moves are banned\n|rule|Evasion Items Clause: Evasion items are banned\n|rule|Species Clause: Limit one of each Pok\u00e9mon\n|rule|Sleep Clause Mod: Limit one foe put to sleep\n|rule|Mega Rayquaza Clause: You cannot mega evolve Rayquaza\n|clearpoke\n|poke|p1|Ninetales-Alola, F|\n|poke|p1|Typhlosion, F|\n|poke|p1|Slowking-Galar, F|\n|poke|p1|Sableye, F|\n|poke|p1|Whimsicott, M|\n|poke|p1|Arctozolt|\n|poke|p2|Milotic, M|\n|poke|p2|Aegislash, F|\n|poke|p2|Florges, F|\n|poke|p2|Metagross|\n|poke|p2|Diancie|\n|poke|p2|Yanmega, M|\n|teampreview\n|c|\u2606silverhammer166|ggs bois\n|c|\u2606SauceBo$$|gl hf gl hf\n|\n|t:|1699573634\n|start\n|switch|p1a: Foxy Cleopatra|Ninetales-Alola, F, shiny|100\/100\n|switch|p2a: CUT ME INTO PIECES|Aegislash, F|100\/100\n|-weather|Snow|[from] ability: Snow Warning|[of] p1a: Foxy Cleopatra\n|turn|1\n|\n|t:|1699573665\n|switch|p1a: Goldeneye|Sableye, F, shiny|100\/100\n|-formechange|p2a: CUT ME INTO PIECES|Aegislash-Blade||[from] ability: Stance Change\n|move|p2a: CUT ME INTO PIECES|Iron Head|p1a: Goldeneye\n|-damage|p1a: Goldeneye|51\/100\n|\n|-weather|Snow|[upkeep]\n|upkeep\n|turn|2\n|\n|t:|1699573686\n|switch|p2a: Rock HARD|Diancie|100\/100\n|move|p1a: Goldeneye|Will-O-Wisp|p2a: Rock HARD\n|-status|p2a: Rock HARD|brn\n|\n|-weather|Snow|[upkeep]\n|-damage|p2a: Rock HARD|94\/100 brn|[from] brn\n|upkeep\n|turn|3\n|\n|t:|1699573696\n|detailschange|p1a: Goldeneye|Sableye-Mega, F, shiny\n|-mega|p1a: Goldeneye|Sableye|Sablenite\n|move|p2a: Rock HARD|Stealth Rock|p1a: Goldeneye\n|move|p1a: Goldeneye|Stealth Rock|p2a: Rock HARD|[from]ability: Magic Bounce\n|-sidestart|p2: silverhammer166|move: Stealth Rock\n|move|p1a: Goldeneye|Recover|p1a: Goldeneye\n|-heal|p1a: Goldeneye|100\/100\n|\n|-weather|Snow|[upkeep]\n|-heal|p2a: Rock HARD|100\/100 brn|[from] item: Leftovers\n|-damage|p2a: Rock HARD|94\/100 brn|[from] brn\n|upkeep\n|turn|4\n|\n|t:|1699573745\n|move|p2a: Rock HARD|Moonblast|p1a: Goldeneye\n|-supereffective|p1a: Goldeneye\n|-damage|p1a: Goldeneye|2\/100\n|-unboost|p1a: Goldeneye|spa|1\n|move|p1a: Goldeneye|Taunt|p2a: Rock HARD\n|-start|p2a: Rock HARD|move: Taunt\n|\n|-weather|Snow|[upkeep]\n|-heal|p2a: Rock HARD|100\/100 brn|[from] item: Leftovers\n|-damage|p2a: Rock HARD|94\/100 brn|[from] brn\n|upkeep\n|turn|5\n|\n|t:|1699573780\n|switch|p1a: King Galactic|Slowking-Galar, F, shiny|100\/100\n|move|p2a: Rock HARD|Earth Power|p1a: King Galactic\n|-supereffective|p1a: King Galactic\n|-damage|p1a: King Galactic|51\/100\n|\n|-weather|none\n|-heal|p2a: Rock HARD|100\/100 brn|[from] item: Leftovers\n|-heal|p1a: King Galactic|57\/100|[from] item: Leftovers\n|-damage|p2a: Rock HARD|94\/100 brn|[from] brn\n|upkeep\n|turn|6\n|\n|t:|1699573804\n|switch|p1a: Gotcha! ;)|Whimsicott, M, shiny|100\/100\n|move|p2a: Rock HARD|Earth Power|p1a: Gotcha! ;)\n|-resisted|p1a: Gotcha! ;)\n|-crit|p1a: Gotcha! ;)\n|-damage|p1a: Gotcha! ;)|72\/100\n|\n|-heal|p1a: Gotcha! ;)|78\/100|[from] item: Leftovers\n|-heal|p2a: Rock HARD|100\/100 brn|[from] item: Leftovers\n|-damage|p2a: Rock HARD|94\/100 brn|[from] brn\n|upkeep\n|turn|7\n|\n|t:|1699573820\n|move|p1a: Gotcha! ;)|Moonblast|p2a: Rock HARD\n|-damage|p2a: Rock HARD|75\/100 brn\n|move|p2a: Rock HARD|Moonblast|p1a: Gotcha! ;)\n|-damage|p1a: Gotcha! ;)|21\/100\n|-unboost|p1a: Gotcha! ;)|spa|1\n|\n|-heal|p1a: Gotcha! ;)|28\/100|[from] item: Leftovers\n|-heal|p2a: Rock HARD|81\/100 brn|[from] item: Leftovers\n|-damage|p2a: Rock HARD|75\/100 brn|[from] brn\n|-end|p2a: Rock HARD|move: Taunt\n|upkeep\n|turn|8\n|\n|t:|1699573834\n|move|p1a: Gotcha! ;)|U-turn|p2a: Rock HARD\n|-resisted|p2a: Rock HARD\n|-damage|p2a: Rock HARD|71\/100 brn\n|\n|t:|1699573840\n|switch|p1a: Goldeneye|Sableye-Mega, F, shiny|2\/100|[from] U-turn\n|move|p2a: Rock HARD|Moonblast|p1a: Goldeneye\n|-supereffective|p1a: Goldeneye\n|-damage|p1a: Goldeneye|0 fnt\n|faint|p1a: Goldeneye\n|\n|-heal|p2a: Rock HARD|77\/100 brn|[from] item: Leftovers\n|-damage|p2a: Rock HARD|71\/100 brn|[from] brn\n|upkeep\n|\n|t:|1699573910\n|switch|p1a: Foxy Cleopatra|Ninetales-Alola, F, shiny|100\/100\n|-weather|Snow|[from] ability: Snow Warning|[of] p1a: Foxy Cleopatra\n|turn|9\n|\n|t:|1699573914\n|move|p1a: Foxy Cleopatra|Aurora Veil|p1a: Foxy Cleopatra\n|-sidestart|p1: SauceBo$$|move: Aurora Veil\n|move|p2a: Rock HARD|Stealth Rock|p1a: Foxy Cleopatra\n|-sidestart|p1: SauceBo$$|move: Stealth Rock\n|\n|-weather|Snow|[upkeep]\n|-heal|p2a: Rock HARD|77\/100 brn|[from] item: Leftovers\n|-damage|p2a: Rock HARD|71\/100 brn|[from] brn\n|upkeep\n|turn|10\n|\n|t:|1699573926\n|switch|p1a: King Galactic|Slowking-Galar, F, shiny|91\/100\n|-damage|p1a: King Galactic|78\/100|[from] Stealth Rock\n|switch|p2a: Sexy Spaghetti|Florges, F|100\/100\n|-damage|p2a: Sexy Spaghetti|88\/100|[from] Stealth Rock\n|\n|-weather|Snow|[upkeep]\n|-heal|p2a: Sexy Spaghetti|94\/100|[from] item: Leftovers\n|-heal|p1a: King Galactic|84\/100|[from] item: Leftovers\n|upkeep\n|turn|11\n|\n|t:|1699573942\n|switch|p2a: Steel HARD|Metagross|100\/100\n|-damage|p2a: Steel HARD|95\/100|[from] Stealth Rock\n|move|p1a: King Galactic|Nasty Plot|p1a: King Galactic\n|-boost|p1a: King Galactic|spa|2\n|\n|-weather|Snow|[upkeep]\n|-heal|p1a: King Galactic|90\/100|[from] item: Leftovers\n|upkeep\n|turn|12\n|\n|t:|1699573954\n|move|p2a: Steel HARD|Earthquake|p1a: King Galactic\n|-supereffective|p1a: King Galactic\n|-damage|p1a: King Galactic|38\/100\n|move|p1a: King Galactic|Scald|p2a: Steel HARD\n|-damage|p2a: Steel HARD|32\/100\n|\n|-weather|Snow|[upkeep]\n|-heal|p1a: King Galactic|44\/100|[from] item: Leftovers\n|upkeep\n|turn|13\n|\n|t:|1699573968\n|switch|p1a: Gotcha! ;)|Whimsicott, M, shiny|28\/100\n|-damage|p1a: Gotcha! ;)|15\/100|[from] Stealth Rock\n|move|p2a: Steel HARD|Earthquake|p1a: Gotcha! ;)\n|-resisted|p1a: Gotcha! ;)\n|-damage|p1a: Gotcha! ;)|3\/100\n|\n|-weather|none\n|-heal|p1a: Gotcha! ;)|9\/100|[from] item: Leftovers\n|upkeep\n|turn|14\n|\n|t:|1699574010\n|switch|p2a: CUT ME INTO PIECES|Aegislash, F|100\/100\n|-damage|p2a: CUT ME INTO PIECES|94\/100|[from] Stealth Rock\n|move|p1a: Gotcha! ;)|Defog|p2a: CUT ME INTO PIECES\n|-unboost|p2a: CUT ME INTO PIECES|evasion|1\n|-sideend|p2: silverhammer166|Stealth Rock|[from] move: Defog|[of] p1a: Gotcha! ;)\n|-sideend|p1: SauceBo$$|Stealth Rock|[from] move: Defog|[of] p1a: Gotcha! ;)\n|\n|-heal|p1a: Gotcha! ;)|16\/100|[from] item: Leftovers\n|-heal|p2a: CUT ME INTO PIECES|100\/100|[from] item: Leftovers\n|upkeep\n|turn|15\n|\n|t:|1699574028\n|move|p1a: Gotcha! ;)|Moonblast|p2a: CUT ME INTO PIECES\n|-resisted|p2a: CUT ME INTO PIECES\n|-damage|p2a: CUT ME INTO PIECES|90\/100\n|-formechange|p2a: CUT ME INTO PIECES|Aegislash-Blade||[from] ability: Stance Change\n|move|p2a: CUT ME INTO PIECES|Iron Head|p1a: Gotcha! ;)\n|-supereffective|p1a: Gotcha! ;)\n|-damage|p1a: Gotcha! ;)|0 fnt\n|faint|p1a: Gotcha! ;)\n|\n|-heal|p2a: CUT ME INTO PIECES|96\/100|[from] item: Leftovers\n|upkeep\n|\n|t:|1699574044\n|switch|p1a: Ziggy|Typhlosion, F, shiny|100\/100\n|turn|16\n|\n|t:|1699574067\n|-terastallize|p1a: Ziggy|Steel\n|-formechange|p2a: CUT ME INTO PIECES|Aegislash||[from] ability: Stance Change\n|move|p2a: CUT ME INTO PIECES|King's Shield|p2a: CUT ME INTO PIECES\n|-singleturn|p2a: CUT ME INTO PIECES|Protect\n|move|p1a: Ziggy|Eruption|p2a: CUT ME INTO PIECES\n|-activate|p2a: CUT ME INTO PIECES|move: Protect\n|\n|-heal|p2a: CUT ME INTO PIECES|100\/100|[from] item: Leftovers\n|-sideend|p1: SauceBo$$|move: Aurora Veil\n|upkeep\n|turn|17\n|\n|t:|1699574087\n|switch|p2a: Choice Protect|Yanmega, M|100\/100\n|move|p1a: Ziggy|Eruption|p2a: Choice Protect\n|-supereffective|p2a: Choice Protect\n|-damage|p2a: Choice Protect|0 fnt\n|faint|p2a: Choice Protect\n|\n|upkeep\n|\n|t:|1699574101\n|switch|p2a: SHNAKE|Milotic, M|100\/100\n|turn|18\n|\n|t:|1699574113\n|switch|p1a: Foxy Cleopatra|Ninetales-Alola, F, shiny|100\/100\n|-weather|Snow|[from] ability: Snow Warning|[of] p1a: Foxy Cleopatra\n|move|p2a: SHNAKE|Scald|p1a: Foxy Cleopatra\n|-damage|p1a: Foxy Cleopatra|69\/100\n|-status|p1a: Foxy Cleopatra|brn\n|\n|-weather|Snow|[upkeep]\n|-damage|p1a: Foxy Cleopatra|63\/100 brn|[from] brn\n|upkeep\n|turn|19\n|\n|t:|1699574136\n|switch|p2a: Rock HARD|Diancie|71\/100 brn\n|move|p1a: Foxy Cleopatra|Aurora Veil|p1a: Foxy Cleopatra\n|-sidestart|p1: SauceBo$$|move: Aurora Veil\n|\n|-weather|Snow|[upkeep]\n|-heal|p2a: Rock HARD|77\/100 brn|[from] item: Leftovers\n|-damage|p1a: Foxy Cleopatra|57\/100 brn|[from] brn\n|-damage|p2a: Rock HARD|71\/100 brn|[from] brn\n|upkeep\n|turn|20\n|\n|t:|1699574192\n|move|p1a: Foxy Cleopatra|Nasty Plot|p1a: Foxy Cleopatra\n|-boost|p1a: Foxy Cleopatra|spa|2\n|move|p2a: Rock HARD|Stealth Rock|p1a: Foxy Cleopatra\n|-sidestart|p1: SauceBo$$|move: Stealth Rock\n|\n|-weather|Snow|[upkeep]\n|-heal|p2a: Rock HARD|77\/100 brn|[from] item: Leftovers\n|-damage|p1a: Foxy Cleopatra|51\/100 brn|[from] brn\n|-damage|p2a: Rock HARD|71\/100 brn|[from] brn\n|upkeep\n|turn|21\n|\n|t:|1699574204\n|move|p2a: Rock HARD|Protect|p2a: Rock HARD\n|-singleturn|p2a: Rock HARD|Protect\n|move|p1a: Foxy Cleopatra|Nasty Plot|p1a: Foxy Cleopatra\n|-boost|p1a: Foxy Cleopatra|spa|2\n|\n|-weather|Snow|[upkeep]\n|-heal|p2a: Rock HARD|77\/100 brn|[from] item: Leftovers\n|-damage|p1a: Foxy Cleopatra|45\/100 brn|[from] brn\n|-damage|p2a: Rock HARD|71\/100 brn|[from] brn\n|upkeep\n|turn|22\n|\n|t:|1699574217\n|move|p1a: Foxy Cleopatra|Moonblast|p2a: Rock HARD\n|-damage|p2a: Rock HARD|0 fnt\n|faint|p2a: Rock HARD\n|\n|-weather|none\n|-damage|p1a: Foxy Cleopatra|39\/100 brn|[from] brn\n|upkeep\n|\n|t:|1699574277\n|switch|p2a: Steel HARD|Metagross|32\/100\n|turn|23\n|\n|t:|1699574289\n|switch|p1a: Ziggy|Typhlosion, F, shiny, tera:Steel|100\/100\n|-damage|p1a: Ziggy|94\/100|[from] Stealth Rock\n|move|p2a: Steel HARD|Bullet Punch|p1a: Ziggy\n|-resisted|p1a: Ziggy\n|-damage|p1a: Ziggy|84\/100\n|\n|upkeep\n|turn|24\n|\n|t:|1699574416\n|switch|p2a: Sexy Spaghetti|Florges, F|94\/100\n|move|p1a: Ziggy|Eruption|p2a: Sexy Spaghetti\n|-damage|p2a: Sexy Spaghetti|51\/100\n|\n|-heal|p2a: Sexy Spaghetti|57\/100|[from] item: Leftovers\n|upkeep\n|turn|25\n|\n|t:|1699574429\n|move|p1a: Ziggy|Eruption|p2a: Sexy Spaghetti\n|-damage|p2a: Sexy Spaghetti|14\/100\n|move|p2a: Sexy Spaghetti|Wish|p2a: Sexy Spaghetti\n|\n|-heal|p2a: Sexy Spaghetti|20\/100|[from] item: Leftovers\n|upkeep\n|turn|26\n|\n|t:|1699574446\n|move|p2a: Sexy Spaghetti|Protect|p2a: Sexy Spaghetti\n|-singleturn|p2a: Sexy Spaghetti|Protect\n|move|p1a: Ziggy|Eruption|p2a: Sexy Spaghetti\n|-activate|p2a: Sexy Spaghetti|move: Protect\n|\n|-heal|p2a: Sexy Spaghetti|70\/100|[from] move: Wish|[wisher] Sexy Spaghetti\n|-heal|p2a: Sexy Spaghetti|76\/100|[from] item: Leftovers\n|-sideend|p1: SauceBo$$|move: Aurora Veil\n|upkeep\n|turn|27\n|\n|t:|1699574461\n|move|p1a: Ziggy|Eruption|p2a: Sexy Spaghetti\n|-damage|p2a: Sexy Spaghetti|34\/100\n|move|p2a: Sexy Spaghetti|Calm Mind|p2a: Sexy Spaghetti\n|-boost|p2a: Sexy Spaghetti|spa|1\n|-boost|p2a: Sexy Spaghetti|spd|1\n|\n|-heal|p2a: Sexy Spaghetti|40\/100|[from] item: Leftovers\n|upkeep\n|turn|28\n|\n|t:|1699574472\n|move|p2a: Sexy Spaghetti|Protect|p2a: Sexy Spaghetti\n|-singleturn|p2a: Sexy Spaghetti|Protect\n|move|p1a: Ziggy|Eruption|p2a: Sexy Spaghetti\n|-activate|p2a: Sexy Spaghetti|move: Protect\n|\n|-heal|p2a: Sexy Spaghetti|46\/100|[from] item: Leftovers\n|upkeep\n|turn|29\n|\n|t:|1699574480\n|move|p1a: Ziggy|Eruption|p2a: Sexy Spaghetti\n|-damage|p2a: Sexy Spaghetti|19\/100\n|move|p2a: Sexy Spaghetti|Wish|p2a: Sexy Spaghetti\n|\n|-heal|p2a: Sexy Spaghetti|25\/100|[from] item: Leftovers\n|upkeep\n|turn|30\n|\n|t:|1699574501\n|switch|p1a: King Galactic|Slowking-Galar, F, shiny|77\/100\n|-damage|p1a: King Galactic|65\/100|[from] Stealth Rock\n|move|p2a: Sexy Spaghetti|Moonblast|p1a: King Galactic\n|-resisted|p1a: King Galactic\n|-damage|p1a: King Galactic|43\/100\n|\n|-heal|p2a: Sexy Spaghetti|75\/100|[from] move: Wish|[wisher] Sexy Spaghetti\n|-heal|p2a: Sexy Spaghetti|81\/100|[from] item: Leftovers\n|-heal|p1a: King Galactic|49\/100|[from] item: Leftovers\n|upkeep\n|turn|31\n|\n|t:|1699574535\n|move|p2a: Sexy Spaghetti|Moonblast|p1a: King Galactic\n|-resisted|p1a: King Galactic\n|-damage|p1a: King Galactic|26\/100\n|move|p1a: King Galactic|Slack Off|p1a: King Galactic\n|-heal|p1a: King Galactic|76\/100\n|\n|-heal|p2a: Sexy Spaghetti|87\/100|[from] item: Leftovers\n|-heal|p1a: King Galactic|82\/100|[from] item: Leftovers\n|upkeep\n|turn|32\n|\n|t:|1699574548\n|move|p2a: Sexy Spaghetti|Wish|p2a: Sexy Spaghetti\n|move|p1a: King Galactic|Nasty Plot|p1a: King Galactic\n|-boost|p1a: King Galactic|spa|2\n|\n|-heal|p2a: Sexy Spaghetti|93\/100|[from] item: Leftovers\n|-heal|p1a: King Galactic|88\/100|[from] item: Leftovers\n|upkeep\n|turn|33\n|\n|t:|1699574561\n|move|p2a: Sexy Spaghetti|Calm Mind|p2a: Sexy Spaghetti\n|-boost|p2a: Sexy Spaghetti|spa|1\n|-boost|p2a: Sexy Spaghetti|spd|1\n|move|p1a: King Galactic|Nasty Plot|p1a: King Galactic\n|-boost|p1a: King Galactic|spa|2\n|\n|-heal|p2a: Sexy Spaghetti|100\/100|[from] move: Wish|[wisher] Sexy Spaghetti\n|-heal|p1a: King Galactic|94\/100|[from] item: Leftovers\n|upkeep\n|turn|34\n|\n|t:|1699574573\n|move|p2a: Sexy Spaghetti|Calm Mind|p2a: Sexy Spaghetti\n|-boost|p2a: Sexy Spaghetti|spa|1\n|-boost|p2a: Sexy Spaghetti|spd|1\n|move|p1a: King Galactic|Psyshock|p2a: Sexy Spaghetti\n|-damage|p2a: Sexy Spaghetti|0 fnt\n|faint|p2a: Sexy Spaghetti\n|\n|-heal|p1a: King Galactic|100\/100|[from] item: Leftovers\n|upkeep\n|\n|t:|1699574584\n|switch|p2a: Steel HARD|Metagross|32\/100\n|turn|35\n|\n|t:|1699574597\n|move|p2a: Steel HARD|Earthquake|p1a: King Galactic\n|-supereffective|p1a: King Galactic\n|-damage|p1a: King Galactic|0 fnt\n|faint|p1a: King Galactic\n|\n|upkeep\n|\n|t:|1699574630\n|switch|p1a: Ziggy|Typhlosion, F, shiny, tera:Steel|84\/100\n|-damage|p1a: Ziggy|78\/100|[from] Stealth Rock\n|turn|36\n|\n|t:|1699574642\n|switch|p2a: SHNAKE|Milotic, M|100\/100\n|move|p1a: Ziggy|Focus Blast|p2a: SHNAKE|[miss]\n|-miss|p1a: Ziggy|p2a: SHNAKE\n|\n|upkeep\n|turn|37\n|\n|t:|1699574650\n|move|p1a: Ziggy|Focus Blast|p2a: SHNAKE\n|-damage|p2a: SHNAKE|73\/100\n|move|p2a: SHNAKE|Recover|p2a: SHNAKE\n|-heal|p2a: SHNAKE|100\/100\n|\n|upkeep\n|turn|38\n|\n|t:|1699574658\n|move|p1a: Ziggy|Focus Blast|p2a: SHNAKE\n|-damage|p2a: SHNAKE|73\/100\n|-unboost|p2a: SHNAKE|spd|1\n|move|p2a: SHNAKE|Scald|p1a: Ziggy\n|-damage|p1a: Ziggy|41\/100\n|\n|-heal|p2a: SHNAKE|79\/100|[from] item: Leftovers\n|upkeep\n|turn|39\n|\n|t:|1699574668\n|switch|p2a: CUT ME INTO PIECES|Aegislash, F|100\/100\n|move|p1a: Ziggy|Focus Blast|p2a: CUT ME INTO PIECES\n|-immune|p2a: CUT ME INTO PIECES\n|\n|upkeep\n|turn|40\n|\n|t:|1699574680\n|move|p1a: Ziggy|Focus Blast|p2a: CUT ME INTO PIECES\n|-immune|p2a: CUT ME INTO PIECES\n|-formechange|p2a: CUT ME INTO PIECES|Aegislash-Blade||[from] ability: Stance Change\n|move|p2a: CUT ME INTO PIECES|Sacred Sword|p1a: Ziggy\n|-supereffective|p1a: Ziggy\n|-damage|p1a: Ziggy|0 fnt\n|faint|p1a: Ziggy\n|\n|upkeep\n|\n|t:|1699574695\n|switch|p1a: Foxy Cleopatra|Ninetales-Alola, F, shiny|39\/100 brn\n|-damage|p1a: Foxy Cleopatra|14\/100 brn|[from] Stealth Rock\n|-weather|Snow|[from] ability: Snow Warning|[of] p1a: Foxy Cleopatra\n|turn|41\n|\n|t:|1699574703\n|move|p2a: CUT ME INTO PIECES|Shadow Sneak|p1a: Foxy Cleopatra\n|-damage|p1a: Foxy Cleopatra|0 fnt\n|faint|p1a: Foxy Cleopatra\n|\n|-weather|Snow|[upkeep]\n|upkeep\n|\n|t:|1699574710\n|switch|p1a: Slizzard|Arctozolt, shiny|100\/100\n|-damage|p1a: Slizzard|76\/100|[from] Stealth Rock\n|turn|42\n|\n|t:|1699574738\n|-formechange|p2a: CUT ME INTO PIECES|Aegislash||[from] ability: Stance Change\n|move|p2a: CUT ME INTO PIECES|King's Shield|p2a: CUT ME INTO PIECES\n|-singleturn|p2a: CUT ME INTO PIECES|Protect\n|move|p1a: Slizzard|Thunderbolt|p2a: CUT ME INTO PIECES\n|-activate|p2a: CUT ME INTO PIECES|move: Protect\n|\n|-weather|Snow|[upkeep]\n|upkeep\n|turn|43\n|\n|t:|1699574749\n|move|p1a: Slizzard|Thunderbolt|p2a: CUT ME INTO PIECES\n|-damage|p2a: CUT ME INTO PIECES|63\/100\n|-damage|p1a: Slizzard|66\/100|[from] item: Life Orb\n|-formechange|p2a: CUT ME INTO PIECES|Aegislash-Blade||[from] ability: Stance Change\n|move|p2a: CUT ME INTO PIECES|Sacred Sword|p1a: Slizzard\n|-supereffective|p1a: Slizzard\n|-damage|p1a: Slizzard|11\/100\n|\n|-weather|Snow|[upkeep]\n|-heal|p2a: CUT ME INTO PIECES|69\/100|[from] item: Leftovers\n|upkeep\n|turn|44\n|\n|t:|1699574766\n|move|p2a: CUT ME INTO PIECES|Shadow Sneak|p1a: Slizzard\n|-damage|p1a: Slizzard|0 fnt\n|faint|p1a: Slizzard\n|\n|win|silverhammer166\n","uploadtime":1699574819,"views":38,"p1id":"saucebo","p2id":"silverhammer166","formatid":"gen9nationaldexubers","rating":0,"private":0,"password":""}