{"id":"gen9nationaldexubers-1992745699","p1":"JustMonika_CARR","p2":"king7025","format":"[Gen 9] National Dex Ubers","log":"|j|\u2606JustMonika_CARR\n|j|\u2606king7025\n|t:|1700231573\n|gametype|singles\n|player|p1|JustMonika_CARR|rosa|1390\n|player|p2|king7025|veteran|1413\n|teamsize|p1|6\n|teamsize|p2|6\n|gen|9\n|tier|[Gen 9] National Dex Ubers\n|rated|\n|rule|HP Percentage Mod: HP is shown in percentages\n|rule|Endless Battle Clause: Forcing endless battles is banned\n|rule|OHKO Clause: OHKO moves are banned\n|rule|Evasion Moves Clause: Evasion moves are banned\n|rule|Evasion Items Clause: Evasion items are banned\n|rule|Species Clause: Limit one of each Pok\u00e9mon\n|rule|Sleep Clause Mod: Limit one foe put to sleep\n|rule|Mega Rayquaza Clause: You cannot mega evolve Rayquaza\n|clearpoke\n|poke|p1|Beedrill, F|\n|poke|p1|Pheromosa|\n|poke|p1|Gothitelle, F|\n|poke|p1|Deoxys-Speed|\n|poke|p1|Shuckle, M|\n|poke|p1|Durant, F|\n|poke|p2|Ogerpon-Hearthflame, F|\n|poke|p2|Nihilego|\n|poke|p2|Marshadow|\n|poke|p2|Ditto|\n|poke|p2|Calyrex-Ice|\n|poke|p2|Melmetal|\n|teampreview\n|\n|t:|1700231580\n|start\n|switch|p1a: Deoxys|Deoxys-Speed, shiny|100\/100\n|switch|p2a: Melmetal|Melmetal|100\/100\n|-ability|p1a: Deoxys|Pressure\n|turn|1\n|j| Contest hater\n|l| Contest hater\n|\n|t:|1700231605\n|move|p1a: Deoxys|Reflect|p1a: Deoxys\n|-sidestart|p1: JustMonika_CARR|Reflect\n|move|p2a: Melmetal|Double Iron Bash|p1a: Deoxys\n|-damage|p1a: Deoxys|57\/100\n|-damage|p1a: Deoxys|15\/100\n|-hitcount|p1a: Deoxys|2\n|\n|upkeep\n|turn|2\n|\n|t:|1700231612\n|move|p1a: Deoxys|Stealth Rock|p2a: Melmetal\n|-sidestart|p2: king7025|move: Stealth Rock\n|move|p2a: Melmetal|Double Iron Bash|p1a: Deoxys\n|-damage|p1a: Deoxys|0 fnt\n|faint|p1a: Deoxys\n|-hitcount|p1: Deoxys|1\n|\n|upkeep\n|\n|t:|1700231619\n|switch|p1a: Shuckle|Shuckle, M, shiny|100\/100\n|turn|3\n|\n|t:|1700231623\n|-terastallize|p1a: Shuckle|Steel\n|move|p2a: Melmetal|Double Iron Bash|p1a: Shuckle\n|-resisted|p1a: Shuckle\n|-damage|p1a: Shuckle|91\/100\n|-resisted|p1a: Shuckle\n|-crit|p1a: Shuckle\n|-damage|p1a: Shuckle|60\/100\n|-hitcount|p1a: Shuckle|2\n|move|p1a: Shuckle|Shell Smash|p1a: Shuckle\n|-boost|p1a: Shuckle|def|1\n|-boost|p1a: Shuckle|spd|1\n|-unboost|p1a: Shuckle|atk|2\n|-unboost|p1a: Shuckle|spa|2\n|-unboost|p1a: Shuckle|spe|2\n|\n|upkeep\n|turn|4\n|\n|t:|1700231636\n|move|p2a: Melmetal|Double Iron Bash|p1a: Shuckle\n|-resisted|p1a: Shuckle\n|-damage|p1a: Shuckle|53\/100\n|-resisted|p1a: Shuckle\n|-damage|p1a: Shuckle|46\/100\n|-hitcount|p1a: Shuckle|2\n|move|p1a: Shuckle|Shell Smash|p1a: Shuckle\n|-boost|p1a: Shuckle|def|1\n|-boost|p1a: Shuckle|spd|1\n|-unboost|p1a: Shuckle|atk|2\n|-unboost|p1a: Shuckle|spa|2\n|-unboost|p1a: Shuckle|spe|2\n|\n|upkeep\n|turn|5\n|\n|t:|1700231646\n|switch|p2a: Ogerpon|Ogerpon-Hearthflame, F|100\/100\n|-damage|p2a: Ogerpon|76\/100|[from] Stealth Rock\n|-ability|p2a: Ogerpon|Mold Breaker\n|move|p1a: Shuckle|Shell Smash|p1a: Shuckle\n|-boost|p1a: Shuckle|def|1\n|-boost|p1a: Shuckle|spd|1\n|-unboost|p1a: Shuckle|atk|2\n|-unboost|p1a: Shuckle|spa|2\n|-unboost|p1a: Shuckle|spe|2\n|\n|upkeep\n|turn|6\n|\n|t:|1700231657\n|-terastallize|p2a: Ogerpon|Fire\n|detailschange|p2a: Ogerpon|Ogerpon-Hearthflame-Tera, F, tera:Fire\n|-ability|p2a: Ogerpon|Embody Aspect (Hearthflame)|boost\n|-boost|p2a: Ogerpon|atk|1\n|move|p2a: Ogerpon|Ivy Cudgel|p1a: Shuckle|[anim] Ivy Cudgel Fire\n|-supereffective|p1a: Shuckle\n|-damage|p1a: Shuckle|15\/100\n|move|p1a: Shuckle|Infestation|p2a: Ogerpon\n|-resisted|p2a: Ogerpon\n|-damage|p2a: Ogerpon|75\/100\n|-activate|p2a: Ogerpon|move: Infestation|[of] p1a: Shuckle\n|\n|-damage|p2a: Ogerpon|63\/100|[from] move: Infestation|[partiallytrapped]\n|upkeep\n|turn|7\n|j| Contest hater\n|\n|t:|1700231672\n|move|p2a: Ogerpon|Ivy Cudgel|p1a: Shuckle|[anim] Ivy Cudgel Fire\n|-supereffective|p1a: Shuckle\n|-damage|p1a: Shuckle|0 fnt\n|faint|p1a: Shuckle\n|\n|-end|p2a: Ogerpon|Infestation|[partiallytrapped]|[silent]\n|upkeep\n|\n|t:|1700231680\n|switch|p1a: Durant|Durant, F, shiny|100\/100\n|turn|8\n|l| Contest hater\n|\n|t:|1700231684\n|move|p1a: Durant|Entrainment|p2a: Ogerpon\n|-endability|p2a: Ogerpon|Embody Aspect (Hearthflame)|[from] move: Entrainment\n|-ability|p2a: Ogerpon|Truant|[from] move: Entrainment\n|move|p2a: Ogerpon|Ivy Cudgel|p1a: Durant|[anim] Ivy Cudgel Fire\n|-supereffective|p1a: Durant\n|-damage|p1a: Durant|0 fnt\n|faint|p1a: Durant\n|\n|-sideend|p1: JustMonika_CARR|Reflect\n|upkeep\n|\n|t:|1700231695\n|switch|p1a: Gothitelle|Gothitelle, F, shiny|100\/100\n|turn|9\n|\n|t:|1700231700\n|cant|p2a: Ogerpon|ability: Truant\n|move|p1a: Gothitelle|Substitute|p1a: Gothitelle\n|-start|p1a: Gothitelle|Substitute\n|-damage|p1a: Gothitelle|75\/100\n|\n|upkeep\n|turn|10\n|\n|t:|1700231707\n|move|p2a: Ogerpon|Ivy Cudgel|p1a: Gothitelle|[anim] Ivy Cudgel Fire\n|-end|p1a: Gothitelle|Substitute\n|move|p1a: Gothitelle|Substitute|p1a: Gothitelle\n|-start|p1a: Gothitelle|Substitute\n|-damage|p1a: Gothitelle|50\/100\n|\n|upkeep\n|turn|11\n|\n|t:|1700231715\n|cant|p2a: Ogerpon|ability: Truant\n|move|p1a: Gothitelle|Substitute|p1a: Gothitelle\n|-fail|p1a: Gothitelle|move: Substitute\n|\n|upkeep\n|turn|12\n|\n|t:|1700231720\n|move|p2a: Ogerpon|Ivy Cudgel|p1a: Gothitelle|[anim] Ivy Cudgel Fire\n|-end|p1a: Gothitelle|Substitute\n|move|p1a: Gothitelle|Substitute|p1a: Gothitelle\n|-start|p1a: Gothitelle|Substitute\n|-damage|p1a: Gothitelle|25\/100\n|-enditem|p1a: Gothitelle|Starf Berry|[eat]\n|-boost|p1a: Gothitelle|def|2|[from] item: Starf Berry\n|\n|upkeep\n|turn|13\n|\n|t:|1700231724\n|cant|p2a: Ogerpon|ability: Truant\n|move|p1a: Gothitelle|Recycle|p1a: Gothitelle\n|-item|p1a: Gothitelle|Starf Berry|[from] move: Recycle\n|-enditem|p1a: Gothitelle|Starf Berry|[eat]\n|-boost|p1a: Gothitelle|def|2|[from] item: Starf Berry\n|\n|upkeep\n|turn|14\n|\n|t:|1700231732\n|move|p1a: Gothitelle|Protect|p1a: Gothitelle\n|-singleturn|p1a: Gothitelle|Protect\n|move|p2a: Ogerpon|Ivy Cudgel|p1a: Gothitelle|[anim] Ivy Cudgel Fire\n|-activate|p1a: Gothitelle|move: Protect\n|\n|upkeep\n|turn|15\n|\n|t:|1700231744\n|cant|p2a: Ogerpon|ability: Truant\n|move|p1a: Gothitelle|Recycle|p1a: Gothitelle\n|-item|p1a: Gothitelle|Starf Berry|[from] move: Recycle\n|-enditem|p1a: Gothitelle|Starf Berry|[eat]\n|-boost|p1a: Gothitelle|spd|2|[from] item: Starf Berry\n|\n|upkeep\n|turn|16\n|\n|t:|1700231751\n|move|p1a: Gothitelle|Protect|p1a: Gothitelle\n|-singleturn|p1a: Gothitelle|Protect\n|move|p2a: Ogerpon|Swords Dance|p2a: Ogerpon\n|-boost|p2a: Ogerpon|atk|2\n|\n|upkeep\n|turn|17\n|\n|t:|1700231763\n|cant|p2a: Ogerpon|ability: Truant\n|move|p1a: Gothitelle|Recycle|p1a: Gothitelle\n|-item|p1a: Gothitelle|Starf Berry|[from] move: Recycle\n|-enditem|p1a: Gothitelle|Starf Berry|[eat]\n|-boost|p1a: Gothitelle|def|2|[from] item: Starf Berry\n|\n|upkeep\n|turn|18\n|\n|t:|1700231766\n|move|p1a: Gothitelle|Protect|p1a: Gothitelle\n|-singleturn|p1a: Gothitelle|Protect\n|move|p2a: Ogerpon|Ivy Cudgel|p1a: Gothitelle|[anim] Ivy Cudgel Fire\n|-activate|p1a: Gothitelle|move: Protect\n|\n|upkeep\n|turn|19\n|\n|t:|1700231768\n|cant|p2a: Ogerpon|ability: Truant\n|move|p1a: Gothitelle|Recycle|p1a: Gothitelle\n|-item|p1a: Gothitelle|Starf Berry|[from] move: Recycle\n|-enditem|p1a: Gothitelle|Starf Berry|[eat]\n|-boost|p1a: Gothitelle|spe|2|[from] item: Starf Berry\n|\n|upkeep\n|turn|20\n|\n|t:|1700231770\n|move|p1a: Gothitelle|Protect|p1a: Gothitelle\n|-singleturn|p1a: Gothitelle|Protect\n|move|p2a: Ogerpon|Ivy Cudgel|p1a: Gothitelle|[anim] Ivy Cudgel Fire\n|-activate|p1a: Gothitelle|move: Protect\n|\n|upkeep\n|turn|21\n|\n|t:|1700231772\n|cant|p2a: Ogerpon|ability: Truant\n|move|p1a: Gothitelle|Recycle|p1a: Gothitelle\n|-item|p1a: Gothitelle|Starf Berry|[from] move: Recycle\n|-enditem|p1a: Gothitelle|Starf Berry|[eat]\n|-boost|p1a: Gothitelle|spd|2|[from] item: Starf Berry\n|\n|upkeep\n|turn|22\n|\n|t:|1700231773\n|move|p1a: Gothitelle|Protect|p1a: Gothitelle\n|-singleturn|p1a: Gothitelle|Protect\n|move|p2a: Ogerpon|Ivy Cudgel|p1a: Gothitelle|[anim] Ivy Cudgel Fire\n|-activate|p1a: Gothitelle|move: Protect\n|\n|upkeep\n|turn|23\n|\n|t:|1700231775\n|cant|p2a: Ogerpon|ability: Truant\n|move|p1a: Gothitelle|Recycle|p1a: Gothitelle\n|-item|p1a: Gothitelle|Starf Berry|[from] move: Recycle\n|-enditem|p1a: Gothitelle|Starf Berry|[eat]\n|-boost|p1a: Gothitelle|spe|2|[from] item: Starf Berry\n|\n|upkeep\n|turn|24\n|\n|t:|1700231777\n|move|p1a: Gothitelle|Protect|p1a: Gothitelle\n|-singleturn|p1a: Gothitelle|Protect\n|move|p2a: Ogerpon|Ivy Cudgel|p1a: Gothitelle|[anim] Ivy Cudgel Fire\n|-activate|p1a: Gothitelle|move: Protect\n|\n|upkeep\n|turn|25\n|\n|t:|1700231779\n|move|p1a: Gothitelle|Recycle|p1a: Gothitelle\n|-item|p1a: Gothitelle|Starf Berry|[from] move: Recycle\n|-enditem|p1a: Gothitelle|Starf Berry|[eat]\n|-boost|p1a: Gothitelle|spa|2|[from] item: Starf Berry\n|cant|p2a: Ogerpon|ability: Truant\n|\n|upkeep\n|turn|26\n|\n|t:|1700231781\n|move|p1a: Gothitelle|Protect|p1a: Gothitelle\n|-singleturn|p1a: Gothitelle|Protect\n|move|p2a: Ogerpon|Ivy Cudgel|p1a: Gothitelle|[anim] Ivy Cudgel Fire\n|-activate|p1a: Gothitelle|move: Protect\n|\n|upkeep\n|turn|27\n|\n|t:|1700231783\n|move|p1a: Gothitelle|Recycle|p1a: Gothitelle\n|-item|p1a: Gothitelle|Starf Berry|[from] move: Recycle\n|-enditem|p1a: Gothitelle|Starf Berry|[eat]\n|-boost|p1a: Gothitelle|spa|2|[from] item: Starf Berry\n|cant|p2a: Ogerpon|ability: Truant\n|\n|upkeep\n|turn|28\n|\n|t:|1700231785\n|move|p1a: Gothitelle|Protect|p1a: Gothitelle\n|-singleturn|p1a: Gothitelle|Protect\n|move|p2a: Ogerpon|Ivy Cudgel|p1a: Gothitelle|[anim] Ivy Cudgel Fire\n|-activate|p1a: Gothitelle|move: Protect\n|\n|upkeep\n|turn|29\n|\n|t:|1700231788\n|move|p1a: Gothitelle|Recycle|p1a: Gothitelle\n|-item|p1a: Gothitelle|Starf Berry|[from] move: Recycle\n|-enditem|p1a: Gothitelle|Starf Berry|[eat]\n|-boost|p1a: Gothitelle|spa|2|[from] item: Starf Berry\n|cant|p2a: Ogerpon|ability: Truant\n|\n|upkeep\n|turn|30\n|\n|t:|1700231791\n|move|p1a: Gothitelle|Protect|p1a: Gothitelle\n|-singleturn|p1a: Gothitelle|Protect\n|move|p2a: Ogerpon|Ivy Cudgel|p1a: Gothitelle|[anim] Ivy Cudgel Fire\n|-activate|p1a: Gothitelle|move: Protect\n|\n|upkeep\n|turn|31\n|\n|t:|1700231793\n|move|p1a: Gothitelle|Recycle|p1a: Gothitelle\n|-item|p1a: Gothitelle|Starf Berry|[from] move: Recycle\n|-enditem|p1a: Gothitelle|Starf Berry|[eat]\n|-boost|p1a: Gothitelle|spe|2|[from] item: Starf Berry\n|cant|p2a: Ogerpon|ability: Truant\n|\n|upkeep\n|turn|32\n|\n|t:|1700231796\n|move|p1a: Gothitelle|Protect|p1a: Gothitelle\n|-singleturn|p1a: Gothitelle|Protect\n|move|p2a: Ogerpon|Ivy Cudgel|p1a: Gothitelle|[anim] Ivy Cudgel Fire\n|-activate|p1a: Gothitelle|move: Protect\n|\n|upkeep\n|turn|33\n|\n|t:|1700231799\n|move|p1a: Gothitelle|Recycle|p1a: Gothitelle\n|-item|p1a: Gothitelle|Starf Berry|[from] move: Recycle\n|-enditem|p1a: Gothitelle|Starf Berry|[eat]\n|-boost|p1a: Gothitelle|spd|2|[from] item: Starf Berry\n|cant|p2a: Ogerpon|ability: Truant\n|\n|upkeep\n|turn|34\n|\n|t:|1700231803\n|move|p1a: Gothitelle|Protect|p1a: Gothitelle\n|-singleturn|p1a: Gothitelle|Protect\n|move|p2a: Ogerpon|Ivy Cudgel|p1a: Gothitelle|[anim] Ivy Cudgel Fire\n|-activate|p1a: Gothitelle|move: Protect\n|\n|upkeep\n|turn|35\n|inactive|Battle timer is ON: inactive players will automatically lose when time's up. (requested by king7025)\n|\n|t:|1700231806\n|move|p1a: Gothitelle|Dark Pulse|p2a: Ogerpon\n|-damage|p2a: Ogerpon|0 fnt\n|faint|p2a: Ogerpon\n|\n|upkeep\n|\n|t:|1700231827\n|switch|p2a: Calyrex|Calyrex-Ice|100\/100\n|-ability|p2a: Calyrex|As One\n|-ability|p2a: Calyrex|Unnerve\n|-damage|p2a: Calyrex|76\/100|[from] Stealth Rock\n|turn|36\n|\n|t:|1700231834\n|move|p1a: Gothitelle|Dark Pulse|p2a: Calyrex\n|-supereffective|p2a: Calyrex\n|-damage|p2a: Calyrex|0 fnt\n|faint|p2a: Calyrex\n|\n|upkeep\n|\n|t:|1700231837\n|switch|p2a: Ditto|Ditto, shiny|100\/100\n|-damage|p2a: Ditto|88\/100|[from] Stealth Rock\n|turn|37\n|\n|t:|1700231843\n|move|p1a: Gothitelle|Dark Pulse|p2a: Ditto\n|-damage|p2a: Ditto|0 fnt\n|faint|p2a: Ditto\n|\n|upkeep\n|\n|t:|1700231848\n|switch|p2a: Marshadow|Marshadow|100\/100\n|-damage|p2a: Marshadow|94\/100|[from] Stealth Rock\n|turn|38\n|\n|t:|1700231853\n|move|p1a: Gothitelle|Dark Pulse|p2a: Marshadow\n|-damage|p2a: Marshadow|0 fnt\n|faint|p2a: Marshadow\n|\n|upkeep\n|\n|t:|1700231856\n|switch|p2a: Melmetal|Melmetal|100\/100\n|-damage|p2a: Melmetal|94\/100|[from] Stealth Rock\n|turn|39\n|\n|t:|1700231861\n|move|p1a: Gothitelle|Dark Pulse|p2a: Melmetal\n|-damage|p2a: Melmetal|0 fnt\n|faint|p2a: Melmetal\n|\n|upkeep\n|-message|king7025 forfeited.\n|\n|win|JustMonika_CARR\n|raw|JustMonika_CARR's rating: 1390 &rarr; <strong>1411<\/strong><br \/>(+21 for winning)\n|raw|king7025's rating: 1413 &rarr; <strong>1392<\/strong><br \/>(-21 for losing)\n|l|\u2606king7025\n","uploadtime":1700231869,"views":7,"p1id":"justmonikacarr","p2id":"king7025","formatid":"gen9nationaldexubers","rating":1392,"private":0,"password":""}