{"id":"gen9nationaldexubers-1986375554","p1":"HyperDood","p2":"Bestmontop","format":"[Gen 9] National Dex Ubers","log":"|j|\u2606HyperDood\n|j|\u2606Bestmontop\n|t:|1699473584\n|gametype|singles\n|player|p1|HyperDood|zinnia|\n|player|p2|Bestmontop|clerk|\n|teamsize|p1|6\n|teamsize|p2|6\n|gen|9\n|tier|[Gen 9] National Dex Ubers\n|rule|HP Percentage Mod: HP is shown in percentages\n|rule|Endless Battle Clause: Forcing endless battles is banned\n|rule|OHKO Clause: OHKO moves are banned\n|rule|Evasion Moves Clause: Evasion moves are banned\n|rule|Evasion Items Clause: Evasion items are banned\n|rule|Species Clause: Limit one of each Pok\u00e9mon\n|rule|Sleep Clause Mod: Limit one foe put to sleep\n|rule|Mega Rayquaza Clause: You cannot mega evolve Rayquaza\n|clearpoke\n|poke|p1|Grimmsnarl, M|\n|poke|p1|Lechonk, M|\n|poke|p1|Garbodor, F|\n|poke|p1|Crustle, F|\n|poke|p1|Mudsdale, F|\n|poke|p1|Hoopa-Unbound|\n|poke|p2|Buzzwole|\n|poke|p2|Landorus-Therian, M|\n|poke|p2|Dialga|\n|poke|p2|Arctozolt|\n|poke|p2|Musharna, M|\n|poke|p2|Reuniclus, F|\n|teampreview\n|\n|t:|1699473603\n|start\n|switch|p1a: Grimmsnarl|Grimmsnarl, M|100\/100\n|switch|p2a: Landorus|Landorus-Therian, M|100\/100\n|-ability|p2a: Landorus|Intimidate|boost\n|-unboost|p1a: Grimmsnarl|atk|1\n|turn|1\n|\n|t:|1699473613\n|move|p1a: Grimmsnarl|Reflect|p1a: Grimmsnarl\n|-sidestart|p1: HyperDood|Reflect\n|move|p2a: Landorus|Earthquake|p1a: Grimmsnarl\n|-damage|p1a: Grimmsnarl|70\/100\n|\n|upkeep\n|turn|2\n|\n|t:|1699473620\n|move|p1a: Grimmsnarl|Light Screen|p1a: Grimmsnarl\n|-sidestart|p1: HyperDood|move: Light Screen\n|move|p2a: Landorus|Stealth Rock|p1a: Grimmsnarl\n|-sidestart|p1: HyperDood|move: Stealth Rock\n|\n|upkeep\n|turn|3\n|\n|t:|1699473625\n|move|p1a: Grimmsnarl|Parting Shot|p2a: Landorus\n|-unboost|p2a: Landorus|atk|1\n|-unboost|p2a: Landorus|spa|1\n|\n|t:|1699473630\n|switch|p1a: Mudsdale|Mudsdale, F|100\/100|[from] Parting Shot\n|-damage|p1a: Mudsdale|94\/100|[from] Stealth Rock\n|move|p2a: Landorus|Defog|p1a: Mudsdale\n|-unboost|p1a: Mudsdale|evasion|1\n|-sideend|p1: HyperDood|Reflect\n|-sideend|p1: HyperDood|move: Light Screen\n|-sideend|p1: HyperDood|Stealth Rock|[from] move: Defog|[of] p2a: Landorus\n|\n|upkeep\n|turn|4\n|\n|t:|1699473643\n|move|p2a: Landorus|Toxic|p1a: Mudsdale\n|-status|p1a: Mudsdale|tox\n|move|p1a: Mudsdale|Stone Edge|p2a: Landorus\n|-damage|p2a: Landorus|75\/100\n|\n|-damage|p1a: Mudsdale|88\/100 tox|[from] psn\n|upkeep\n|turn|5\n|\n|t:|1699473659\n|switch|p1a: Crustle|Crustle, F|100\/100\n|move|p2a: Landorus|Stealth Rock|p1a: Crustle\n|-sidestart|p1: HyperDood|move: Stealth Rock\n|\n|upkeep\n|turn|6\n|\n|t:|1699473669\n|move|p2a: Landorus|Earthquake|p1a: Crustle\n|-damage|p1a: Crustle|83\/100\n|move|p1a: Crustle|Stealth Rock|p2a: Landorus\n|-sidestart|p2: Bestmontop|move: Stealth Rock\n|\n|upkeep\n|turn|7\n|\n|t:|1699473679\n|switch|p1a: Mudsdale|Mudsdale, F|88\/100 tox\n|-damage|p1a: Mudsdale|82\/100 tox|[from] Stealth Rock\n|move|p2a: Landorus|Toxic|p1a: Mudsdale\n|-fail|p1a: Mudsdale|tox\n|\n|-damage|p1a: Mudsdale|76\/100 tox|[from] psn\n|upkeep\n|turn|8\n|\n|t:|1699473694\n|move|p2a: Landorus|Defog|p1a: Mudsdale\n|-unboost|p1a: Mudsdale|evasion|1\n|-sideend|p1: HyperDood|Stealth Rock|[from] move: Defog|[of] p2a: Landorus\n|-sideend|p2: Bestmontop|Stealth Rock|[from] move: Defog|[of] p2a: Landorus\n|move|p1a: Mudsdale|Stone Edge|p2a: Landorus\n|-damage|p2a: Landorus|50\/100\n|\n|-damage|p1a: Mudsdale|63\/100 tox|[from] psn\n|upkeep\n|turn|9\n|\n|t:|1699473704\n|move|p2a: Landorus|Stealth Rock|p1a: Mudsdale\n|-sidestart|p1: HyperDood|move: Stealth Rock\n|move|p1a: Mudsdale|Stone Edge|p2a: Landorus|[miss]\n|-miss|p1a: Mudsdale|p2a: Landorus\n|\n|-damage|p1a: Mudsdale|45\/100 tox|[from] psn\n|upkeep\n|turn|10\n|\n|t:|1699473716\n|switch|p2a: Dialga|Dialga|100\/100\n|-ability|p2a: Dialga|Pressure\n|move|p1a: Mudsdale|Heavy Slam|p2a: Dialga\n|-resisted|p2a: Dialga\n|-damage|p2a: Dialga|94\/100\n|\n|-damage|p1a: Mudsdale|20\/100 tox|[from] psn\n|upkeep\n|turn|11\n|\n|t:|1699473729\n|move|p2a: Dialga|Flash Cannon|p1a: Mudsdale\n|-damage|p1a: Mudsdale|0 fnt\n|faint|p1a: Mudsdale\n|\n|upkeep\n|\n|t:|1699473734\n|switch|p1a: Grimmsnarl|Grimmsnarl, M|70\/100\n|-damage|p1a: Grimmsnarl|58\/100|[from] Stealth Rock\n|turn|12\n|\n|t:|1699473739\n|move|p1a: Grimmsnarl|Light Screen|p1a: Grimmsnarl\n|-sidestart|p1: HyperDood|move: Light Screen\n|move|p2a: Dialga|Flash Cannon|p1a: Grimmsnarl\n|-supereffective|p1a: Grimmsnarl\n|-damage|p1a: Grimmsnarl|5\/100\n|\n|upkeep\n|turn|13\n|\n|t:|1699473748\n|switch|p2a: Buzzwole|Buzzwole|100\/100\n|move|p1a: Grimmsnarl|Reflect|p1a: Grimmsnarl\n|-sidestart|p1: HyperDood|Reflect\n|\n|upkeep\n|turn|14\n|\n|t:|1699473754\n|move|p1a: Grimmsnarl|Parting Shot|p2a: Buzzwole\n|-unboost|p2a: Buzzwole|atk|1\n|-unboost|p2a: Buzzwole|spa|1\n|\n|t:|1699473759\n|switch|p1a: Garbodor|Garbodor, F|100\/100|[from] Parting Shot\n|-damage|p1a: Garbodor|88\/100|[from] Stealth Rock\n|move|p2a: Buzzwole|Fell Stinger|p1a: Garbodor\n|-resisted|p1a: Garbodor\n|-damage|p1a: Garbodor|81\/100\n|-damage|p2a: Buzzwole|91\/100|[from] item: Life Orb\n|\n|-heal|p1a: Garbodor|87\/100|[from] item: Black Sludge\n|upkeep\n|turn|15\n|\n|t:|1699473774\n|switch|p2a: Reuniclus|Reuniclus, F|100\/100\n|move|p1a: Garbodor|Spikes|p2a: Reuniclus\n|-sidestart|p2: Bestmontop|Spikes\n|\n|-heal|p1a: Garbodor|93\/100|[from] item: Black Sludge\n|upkeep\n|turn|16\n|\n|t:|1699473784\n|move|p1a: Garbodor|Spikes|p2a: Reuniclus\n|-sidestart|p2: Bestmontop|Spikes\n|move|p2a: Reuniclus|Calm Mind|p2a: Reuniclus\n|-boost|p2a: Reuniclus|spa|1\n|-boost|p2a: Reuniclus|spd|1\n|\n|-heal|p1a: Garbodor|99\/100|[from] item: Black Sludge\n|upkeep\n|turn|17\n|\n|t:|1699473794\n|move|p1a: Garbodor|Toxic|p2a: Reuniclus\n|-status|p2a: Reuniclus|tox\n|move|p2a: Reuniclus|Calm Mind|p2a: Reuniclus\n|-boost|p2a: Reuniclus|spa|1\n|-boost|p2a: Reuniclus|spd|1\n|\n|-heal|p1a: Garbodor|100\/100|[from] item: Black Sludge\n|upkeep\n|turn|18\n|\n|t:|1699473807\n|move|p1a: Garbodor|Gunk Shot|p2a: Reuniclus\n|-damage|p2a: Reuniclus|61\/100 tox\n|move|p2a: Reuniclus|Calm Mind|p2a: Reuniclus\n|-boost|p2a: Reuniclus|spa|1\n|-boost|p2a: Reuniclus|spd|1\n|\n|upkeep\n|turn|19\n|\n|t:|1699473814\n|move|p1a: Garbodor|Gunk Shot|p2a: Reuniclus|[miss]\n|-miss|p1a: Garbodor|p2a: Reuniclus\n|move|p2a: Reuniclus|Psyshock|p1a: Garbodor\n|-supereffective|p1a: Garbodor\n|-damage|p1a: Garbodor|0 fnt\n|faint|p1a: Garbodor\n|\n|-sideend|p1: HyperDood|move: Light Screen\n|upkeep\n|\n|t:|1699473822\n|switch|p1a: Hoopa|Hoopa-Unbound|100\/100\n|-damage|p1a: Hoopa|88\/100|[from] Stealth Rock\n|turn|20\n|\n|t:|1699473835\n|move|p1a: Hoopa|Dark Pulse|p2a: Reuniclus\n|-supereffective|p2a: Reuniclus\n|-damage|p2a: Reuniclus|20\/100 tox\n|move|p2a: Reuniclus|Focus Blast|p1a: Hoopa\n|-damage|p1a: Hoopa|0 fnt\n|faint|p1a: Hoopa\n|\n|-sideend|p1: HyperDood|Reflect\n|upkeep\n|\n|t:|1699473841\n|switch|p1a: Crustle|Crustle, F|83\/100\n|-damage|p1a: Crustle|58\/100|[from] Stealth Rock\n|turn|21\n|c|\u2606HyperDood|I lost .\n|-message|HyperDood forfeited.\n|\n|win|Bestmontop\n|c|\u2606Bestmontop|Gg\n|c|\u2606HyperDood|Game is dix\n|c|\u2606Bestmontop|Fair\n|c|\u2606HyperDood|\ud83e\udd2f\n|c|\u2606Bestmontop|K BRB\n","uploadtime":1699473899,"views":14,"p1id":"hyperdood","p2id":"bestmontop","formatid":"gen9nationaldexubers","rating":0,"private":0,"password":""}