{"id":"gen9nationaldexubers-1989059525","p1":"Aroma Nobody","p2":"Tytheguy004","format":"[Gen 9] National Dex Ubers","log":"|j|\u2606Aroma Nobody\n|j|\u2606Tytheguy004\n|t:|1699807693\n|gametype|singles\n|player|p1|Aroma Nobody|turo-ai|\n|player|p2|Tytheguy004|2|\n|teamsize|p1|6\n|teamsize|p2|6\n|gen|9\n|tier|[Gen 9] National Dex Ubers\n|rule|HP Percentage Mod: HP is shown in percentages\n|rule|Endless Battle Clause: Forcing endless battles is banned\n|rule|OHKO Clause: OHKO moves are banned\n|rule|Evasion Moves Clause: Evasion moves are banned\n|rule|Evasion Items Clause: Evasion items are banned\n|rule|Species Clause: Limit one of each Pok\u00e9mon\n|rule|Sleep Clause Mod: Limit one foe put to sleep\n|rule|Mega Rayquaza Clause: You cannot mega evolve Rayquaza\n|clearpoke\n|poke|p1|Walking Wake|\n|poke|p1|Torkoal, F|\n|poke|p1|Urshifu-*, M|\n|poke|p1|Iron Bundle|\n|poke|p1|Greninja-*, M|\n|poke|p1|Slowbro, M|\n|poke|p2|Urshifu-*, F|\n|poke|p2|Pelipper, M|\n|poke|p2|Scizor, M|\n|poke|p2|Iron Bundle|\n|poke|p2|Floatzel, M|\n|poke|p2|Krookodile, F|\n|teampreview\n|inactive|Battle timer is ON: inactive players will automatically lose when time's up. (requested by Tytheguy004)\n|c|\u2606Aroma Nobody|Glhf\n|inactive|Tytheguy004 has 270 seconds left.\n|\n|t:|1699807725\n|start\n|switch|p1a: Iron Bundle|Iron Bundle|100\/100\n|switch|p2a: Krookodile|Krookodile, F|100\/100\n|-ability|p2a: Krookodile|Intimidate|boost\n|-unboost|p1a: Iron Bundle|atk|1\n|turn|1\n|\n|t:|1699807738\n|switch|p2a: Scizor|Scizor, M|100\/100\n|move|p1a: Iron Bundle|Flip Turn|p2a: Scizor\n|-damage|p2a: Scizor|93\/100\n|\n|t:|1699807741\n|-end|p1a: Iron Bundle|Quark Drive|[silent]\n|switch|p1a: Torkoal|Torkoal, F|100\/100|[from] Flip Turn\n|-weather|SunnyDay|[from] ability: Drought|[of] p1a: Torkoal\n|\n|-weather|SunnyDay|[upkeep]\n|upkeep\n|turn|2\n|\n|t:|1699807746\n|detailschange|p2a: Scizor|Scizor-Mega, M\n|-mega|p2a: Scizor|Scizor|Scizorite\n|move|p2a: Scizor|U-turn|p1a: Torkoal\n|-resisted|p1a: Torkoal\n|-damage|p1a: Torkoal|91\/100\n|\n|t:|1699807749\n|switch|p2a: Pelipper|Pelipper, M|100\/100|[from] U-turn\n|-weather|RainDance|[from] ability: Drizzle|[of] p2a: Pelipper\n|move|p1a: Torkoal|Stealth Rock|p2a: Pelipper\n|-sidestart|p2: Tytheguy004|move: Stealth Rock\n|\n|-weather|RainDance|[upkeep]\n|upkeep\n|turn|3\n|\n|t:|1699807758\n|switch|p1a: Slowbro|Slowbro, M|100\/100\n|move|p2a: Pelipper|U-turn|p1a: Slowbro\n|-supereffective|p1a: Slowbro\n|-damage|p1a: Slowbro|90\/100\n|\n|t:|1699807766\n|switch|p2a: Iron Bundle|Iron Bundle|100\/100|[from] U-turn\n|-damage|p2a: Iron Bundle|76\/100|[from] Stealth Rock\n|\n|-weather|RainDance|[upkeep]\n|upkeep\n|turn|4\n|\n|t:|1699807773\n|detailschange|p1a: Slowbro|Slowbro-Mega, M\n|-mega|p1a: Slowbro|Slowbro|Slowbronite\n|move|p2a: Iron Bundle|Freeze-Dry|p1a: Slowbro\n|-supereffective|p1a: Slowbro\n|-damage|p1a: Slowbro|15\/100\n|move|p1a: Slowbro|Psyshock|p2a: Iron Bundle\n|-damage|p2a: Iron Bundle|30\/100\n|\n|-weather|RainDance|[upkeep]\n|upkeep\n|turn|5\n|\n|t:|1699807778\n|move|p2a: Iron Bundle|Freeze-Dry|p1a: Slowbro\n|-supereffective|p1a: Slowbro\n|-damage|p1a: Slowbro|0 fnt\n|faint|p1a: Slowbro\n|\n|-weather|RainDance|[upkeep]\n|upkeep\n|\n|t:|1699807785\n|switch|p1a: Greninja|Greninja, M|100\/100\n|turn|6\n|\n|t:|1699807794\n|move|p2a: Iron Bundle|Freeze-Dry|p1a: Greninja\n|-supereffective|p1a: Greninja\n|-damage|p1a: Greninja|0 fnt\n|faint|p1a: Greninja\n|\n|-weather|RainDance|[upkeep]\n|upkeep\n|\n|t:|1699807804\n|switch|p1a: Torkoal|Torkoal, F|91\/100\n|-weather|SunnyDay|[from] ability: Drought|[of] p1a: Torkoal\n|turn|7\n|c|\u2606Aroma Nobody|Scarf bundle interesting\n|\n|t:|1699807827\n|-end|p2a: Iron Bundle|Quark Drive|[silent]\n|switch|p2a: Pelipper|Pelipper, M|100\/100\n|-damage|p2a: Pelipper|76\/100|[from] Stealth Rock\n|-weather|RainDance|[from] ability: Drizzle|[of] p2a: Pelipper\n|move|p1a: Torkoal|Body Press|p2a: Pelipper\n|-resisted|p2a: Pelipper\n|-damage|p2a: Pelipper|63\/100\n|\n|-weather|RainDance|[upkeep]\n|upkeep\n|turn|8\n|c|\u2606Tytheguy004|Yeah very interesting\n|\n|t:|1699807835\n|switch|p1a: Iron Bundle|Iron Bundle|100\/100\n|move|p2a: Pelipper|Knock Off|p1a: Iron Bundle\n|-damage|p1a: Iron Bundle|90\/100\n|\n|-weather|RainDance|[upkeep]\n|upkeep\n|turn|9\n|\n|t:|1699807845\n|move|p1a: Iron Bundle|Freeze-Dry|p2a: Pelipper\n|-supereffective|p2a: Pelipper\n|-damage|p2a: Pelipper|0 fnt\n|faint|p2a: Pelipper\n|\n|-weather|RainDance|[upkeep]\n|upkeep\n|\n|t:|1699807853\n|switch|p2a: Krookodile|Krookodile, F|100\/100\n|-damage|p2a: Krookodile|94\/100|[from] Stealth Rock\n|-ability|p2a: Krookodile|Intimidate|boost\n|-unboost|p1a: Iron Bundle|atk|1\n|turn|10\n|\n|t:|1699807863\n|-terastallize|p2a: Krookodile|Grass\n|move|p2a: Krookodile|Tera Blast|p1a: Iron Bundle|[anim] Tera Blast Grass\n|-supereffective|p1a: Iron Bundle\n|-damage|p1a: Iron Bundle|4\/100\n|-zpower|p1a: Iron Bundle\n|move|p1a: Iron Bundle|Hydro Vortex|p2a: Krookodile|[zeffect]\n|-resisted|p2a: Krookodile\n|-damage|p2a: Krookodile|4\/100\n|\n|-weather|RainDance|[upkeep]\n|upkeep\n|turn|11\n|\n|t:|1699807869\n|move|p2a: Krookodile|Tera Blast|p1a: Iron Bundle|[anim] Tera Blast Grass\n|-supereffective|p1a: Iron Bundle\n|-damage|p1a: Iron Bundle|0 fnt\n|faint|p1a: Iron Bundle\n|-end|p1a: Iron Bundle|Quark Drive|[silent]\n|\n|-weather|RainDance|[upkeep]\n|upkeep\n|\n|t:|1699807874\n|switch|p1a: Urshifu|Urshifu-Rapid-Strike, M|100\/100\n|turn|12\n|\n|t:|1699807878\n|move|p1a: Urshifu|Aqua Jet|p2a: Krookodile\n|-resisted|p2a: Krookodile\n|-damage|p2a: Krookodile|0 fnt\n|faint|p2a: Krookodile\n|\n|-weather|RainDance|[upkeep]\n|upkeep\n|\n|t:|1699807881\n|switch|p2a: Floatzel|Floatzel, M|100\/100\n|-damage|p2a: Floatzel|88\/100|[from] Stealth Rock\n|turn|13\n|\n|t:|1699807886\n|switch|p1a: Torkoal|Torkoal, F|91\/100\n|-weather|SunnyDay|[from] ability: Drought|[of] p1a: Torkoal\n|move|p2a: Floatzel|Wave Crash|p1a: Torkoal\n|-supereffective|p1a: Torkoal\n|-damage|p1a: Torkoal|39\/100\n|-damage|p2a: Floatzel|69\/100|[from] Recoil\n|\n|-weather|SunnyDay|[upkeep]\n|upkeep\n|turn|14\n|\n|t:|1699807892\n|move|p2a: Floatzel|Wave Crash|p1a: Torkoal\n|-supereffective|p1a: Torkoal\n|-damage|p1a: Torkoal|0 fnt\n|faint|p1a: Torkoal\n|-damage|p2a: Floatzel|55\/100|[from] Recoil\n|\n|-weather|SunnyDay|[upkeep]\n|upkeep\n|\n|t:|1699807895\n|switch|p1a: Walking Wake|Walking Wake|100\/100\n|-activate|p1a: Walking Wake|ability: Protosynthesis\n|-start|p1a: Walking Wake|protosynthesisspa\n|turn|15\n|\n|t:|1699807903\n|move|p1a: Walking Wake|Substitute|p1a: Walking Wake\n|-start|p1a: Walking Wake|Substitute\n|-damage|p1a: Walking Wake|76\/100\n|move|p2a: Floatzel|Wave Crash|p1a: Walking Wake\n|-resisted|p1a: Walking Wake\n|-activate|p1a: Walking Wake|move: Substitute|[damage]\n|-damage|p2a: Floatzel|51\/100|[from] Recoil|[of] p1a: Walking Wake\n|\n|-weather|SunnyDay|[upkeep]\n|upkeep\n|turn|16\n|\n|t:|1699807909\n|switch|p2a: Urshifu|Urshifu-Rapid-Strike, F|100\/100\n|-damage|p2a: Urshifu|94\/100|[from] Stealth Rock\n|move|p1a: Walking Wake|Dragon Pulse|p2a: Urshifu\n|-damage|p2a: Urshifu|10\/100\n|\n|-weather|SunnyDay|[upkeep]\n|upkeep\n|turn|17\n|\n|t:|1699807912\n|move|p1a: Walking Wake|Dragon Pulse|p2a: Urshifu\n|-damage|p2a: Urshifu|0 fnt\n|faint|p2a: Urshifu\n|\n|-weather|none\n|-end|p1a: Walking Wake|Protosynthesis\n|upkeep\n|-enditem|p1a: Walking Wake|Booster Energy\n|-activate|p1a: Walking Wake|ability: Protosynthesis|[fromitem]\n|-start|p1a: Walking Wake|protosynthesisspa\n|\n|t:|1699807917\n|switch|p2a: Scizor|Scizor-Mega, M|93\/100\n|-damage|p2a: Scizor|80\/100|[from] Stealth Rock\n|turn|18\n|\n|t:|1699807923\n|move|p1a: Walking Wake|Flamethrower|p2a: Scizor\n|-supereffective|p2a: Scizor\n|-damage|p2a: Scizor|0 fnt\n|faint|p2a: Scizor\n|\n|upkeep\n|\n|t:|1699807927\n|switch|p2a: Floatzel|Floatzel, M|51\/100\n|-damage|p2a: Floatzel|38\/100|[from] Stealth Rock\n|turn|19\n|\n|t:|1699807930\n|move|p1a: Walking Wake|Dragon Pulse|p2a: Floatzel\n|-damage|p2a: Floatzel|0 fnt\n|faint|p2a: Floatzel\n|\n|upkeep\n|\n|t:|1699807931\n|switch|p2a: Iron Bundle|Iron Bundle|30\/100\n|-damage|p2a: Iron Bundle|5\/100|[from] Stealth Rock\n|turn|20\n|\n|t:|1699807934\n|move|p2a: Iron Bundle|Freeze-Dry|p1a: Walking Wake\n|-supereffective|p1a: Walking Wake\n|-end|p1a: Walking Wake|Substitute\n|move|p1a: Walking Wake|Dragon Pulse|p2a: Iron Bundle\n|-damage|p2a: Iron Bundle|0 fnt\n|faint|p2a: Iron Bundle\n|-end|p2a: Iron Bundle|Quark Drive|[silent]\n|\n|win|Aroma Nobody\n|c|\u2606Tytheguy004|gg\n|c|\u2606Aroma Nobody|Gg\n|l|\u2606Tytheguy004\n","uploadtime":1699807945,"views":6,"p1id":"aromanobody","p2id":"tytheguy004","formatid":"gen9nationaldexubers","rating":0,"private":0,"password":""}