{"id":"gen9nationaldexubers-1994092784","p1":"Le Denis","p2":"Smoukingrad","format":"[Gen 9] National Dex Ubers","log":"|j|\u2606Le Denis\n|j|\u2606Smoukingrad\n|t:|1700405900\n|gametype|singles\n|player|p1|Le Denis|1|\n|player|p2|Smoukingrad|kimonogirl|\n|teamsize|p1|6\n|teamsize|p2|6\n|gen|9\n|tier|[Gen 9] National Dex Ubers\n|rule|HP Percentage Mod: HP is shown in percentages\n|rule|Endless Battle Clause: Forcing endless battles is banned\n|rule|OHKO Clause: OHKO moves are banned\n|rule|Evasion Moves Clause: Evasion moves are banned\n|rule|Evasion Items Clause: Evasion items are banned\n|rule|Species Clause: Limit one of each Pok\u00e9mon\n|rule|Sleep Clause Mod: Limit one foe put to sleep\n|rule|Mega Rayquaza Clause: You cannot mega evolve Rayquaza\n|clearpoke\n|poke|p1|Ribombee, M|\n|poke|p1|Kyogre|\n|poke|p1|Metagross|\n|poke|p1|Groudon|\n|poke|p1|Yveltal|\n|poke|p1|Arceus|\n|poke|p2|Marshadow|\n|poke|p2|Arceus-Ground|\n|poke|p2|Groudon|\n|poke|p2|Ho-Oh|\n|poke|p2|Salamence, F|\n|poke|p2|Flutter Mane|\n|teampreview\n|\n|t:|1700405913\n|start\n|switch|p1a: Labey Y'en a pas 2|Ribombee, M|100\/100\n|switch|p2a: Oh-Ho|Ho-Oh|100\/100\n|turn|1\n|\n|t:|1700405925\n|move|p1a: Labey Y'en a pas 2|Stun Spore|p2a: Oh-Ho\n|-status|p2a: Oh-Ho|par\n|move|p2a: Oh-Ho|Sacred Fire|p1a: Labey Y'en a pas 2\n|-supereffective|p1a: Labey Y'en a pas 2\n|-enditem|p1a: Labey Y'en a pas 2|Focus Sash\n|-damage|p1a: Labey Y'en a pas 2|1\/100\n|\n|upkeep\n|turn|2\n|\n|t:|1700405934\n|move|p1a: Labey Y'en a pas 2|Sticky Web|p2a: Oh-Ho\n|-sidestart|p2: Smoukingrad|move: Sticky Web\n|cant|p2a: Oh-Ho|par\n|\n|upkeep\n|turn|3\n|\n|t:|1700405942\n|move|p1a: Labey Y'en a pas 2|Moonblast|p2a: Oh-Ho\n|-resisted|p2a: Oh-Ho\n|-damage|p2a: Oh-Ho|90\/100 par\n|move|p2a: Oh-Ho|Toxic|p1a: Labey Y'en a pas 2\n|-status|p1a: Labey Y'en a pas 2|tox\n|\n|-damage|p1a: Labey Y'en a pas 2|0 fnt|[from] psn\n|faint|p1a: Labey Y'en a pas 2\n|upkeep\n|\n|t:|1700405946\n|switch|p1a: Kikyogre|Kyogre|100\/100\n|detailschange|p1a: Kikyogre|Kyogre-Primal\n|-primal|p1a: Kikyogre|Blue Orb\n|-weather|PrimordialSea|[from] ability: Primordial Sea|[of] p1a: Kikyogre\n|turn|4\n|\n|t:|1700405959\n|switch|p2a: Goudron|Groudon|100\/100\n|-activate|p2a: Goudron|move: Sticky Web\n|-unboost|p2a: Goudron|spe|1\n|detailschange|p2a: Goudron|Groudon-Primal\n|-primal|p2a: Goudron|Red Orb\n|-weather|DesolateLand|[from] ability: Desolate Land|[of] p2a: Goudron\n|move|p1a: Kikyogre|Origin Pulse||[still]\n|-fail|p1a: Kikyogre|Origin Pulse|[from] Desolate Land\n|\n|-weather|DesolateLand|[upkeep]\n|upkeep\n|turn|5\n|\n|t:|1700405967\n|-weather|none\n|switch|p2a: Oh-Ho|Ho-Oh|100\/100 par\n|move|p1a: Kikyogre|Ice Beam|p2a: Oh-Ho\n|-damage|p2a: Oh-Ho|79\/100 par\n|\n|upkeep\n|turn|6\n|\n|t:|1700405975\n|move|p1a: Kikyogre|Water Spout|p2a: Oh-Ho\n|-supereffective|p2a: Oh-Ho\n|-damage|p2a: Oh-Ho|0 fnt\n|faint|p2a: Oh-Ho\n|\n|upkeep\n|\n|t:|1700405981\n|switch|p2a: Z\u00e9phyr21|Salamence, F|100\/100\n|-ability|p2a: Z\u00e9phyr21|Intimidate|boost\n|-unboost|p1a: Kikyogre|atk|1\n|turn|7\n|\n|t:|1700405985\n|detailschange|p2a: Z\u00e9phyr21|Salamence-Mega, F\n|-mega|p2a: Z\u00e9phyr21|Salamence|Salamencite\n|move|p2a: Z\u00e9phyr21|Dragon Dance|p2a: Z\u00e9phyr21\n|-boost|p2a: Z\u00e9phyr21|atk|1\n|-boost|p2a: Z\u00e9phyr21|spe|1\n|move|p1a: Kikyogre|Ice Beam|p2a: Z\u00e9phyr21\n|-supereffective|p2a: Z\u00e9phyr21\n|-damage|p2a: Z\u00e9phyr21|0 fnt\n|faint|p2a: Z\u00e9phyr21\n|\n|upkeep\n|\n|t:|1700405988\n|switch|p2a: DeusExCeus|Arceus-Ground|100\/100\n|-activate|p2a: DeusExCeus|move: Sticky Web\n|-unboost|p2a: DeusExCeus|spe|1\n|turn|8\n|\n|t:|1700405993\n|move|p1a: Kikyogre|Water Spout|p2a: DeusExCeus\n|-supereffective|p2a: DeusExCeus\n|-damage|p2a: DeusExCeus|0 fnt\n|faint|p2a: DeusExCeus\n|\n|upkeep\n|-message|Smoukingrad forfeited.\n|\n|win|Le Denis\n|l|\u2606Smoukingrad\n","uploadtime":1700406480,"views":5,"p1id":"ledenis","p2id":"smoukingrad","formatid":"gen9nationaldexubers","rating":0,"private":0,"password":""}