{"id":"gen9nationaldexubers-1996177073","p1":"ocarroquebrounho","p2":"Victor hg 999","format":"[Gen 9] National Dex Ubers","log":"|j|\u2606ocarroquebrounho\n|j|\u2606Victor hg 999\n|t:|1700655408\n|gametype|singles\n|player|p1|ocarroquebrounho|1|1160\n|player|p2|Victor hg 999|lucas|1045\n|teamsize|p1|6\n|teamsize|p2|6\n|gen|9\n|tier|[Gen 9] National Dex Ubers\n|rated|\n|rule|HP Percentage Mod: HP is shown in percentages\n|rule|Endless Battle Clause: Forcing endless battles is banned\n|rule|OHKO Clause: OHKO moves are banned\n|rule|Evasion Moves Clause: Evasion moves are banned\n|rule|Evasion Items Clause: Evasion items are banned\n|rule|Species Clause: Limit one of each Pok\u00e9mon\n|rule|Sleep Clause Mod: Limit one foe put to sleep\n|rule|Mega Rayquaza Clause: You cannot mega evolve Rayquaza\n|clearpoke\n|poke|p1|Arceus|\n|poke|p1|Ursaluna, M|\n|poke|p1|Snorlax, M|\n|poke|p1|Staraptor, F|\n|poke|p1|Chansey, F|\n|poke|p1|Lopunny, F|\n|poke|p2|Aron, L1, M|\n|poke|p2|Glimmet, L1, M|\n|poke|p2|Whimsicott, L1, F|\n|poke|p2|Wattrel, L1, F|\n|poke|p2|Nosepass, L1, F|\n|poke|p2|Magnemite, L1|\n|teampreview\n|inactive|Battle timer is ON: inactive players will automatically lose when time's up. (requested by Victor hg 999)\n|\n|t:|1700655416\n|start\n|switch|p1a: Lola bunny|Lopunny, F|100\/100\n|switch|p2a: Glimmet|Glimmet, L1, M|100\/100\n|turn|1\n|\n|t:|1700655423\n|detailschange|p1a: Lola bunny|Lopunny-Mega, F\n|-mega|p1a: Lola bunny|Lopunny|Lopunnite\n|move|p1a: Lola bunny|Fake Out|p2a: Glimmet\n|-resisted|p2a: Glimmet\n|-enditem|p2a: Glimmet|Focus Sash\n|-damage|p2a: Glimmet|9\/100\n|-activate|p2a: Glimmet|ability: Toxic Debris\n|-sidestart|p1: ocarroquebrounho|move: Toxic Spikes\n|cant|p2a: Glimmet|flinch\n|\n|upkeep\n|turn|2\n|\n|t:|1700655435\n|move|p1a: Lola bunny|Thunder Punch|p2a: Glimmet\n|-damage|p2a: Glimmet|0 fnt\n|-activate|p2a: Glimmet|ability: Toxic Debris\n|-sidestart|p1: ocarroquebrounho|move: Toxic Spikes\n|faint|p2a: Glimmet\n|\n|upkeep\n|\n|t:|1700655448\n|switch|p2a: Nosepass|Nosepass, L1, F, shiny|100\/100\n|turn|3\n|\n|t:|1700655454\n|switch|p1a: Joy|Chansey, F|100\/100\n|-status|p1a: Joy|tox\n|move|p2a: Nosepass|Toxic|p1a: Joy|[miss]\n|-miss|p2a: Nosepass|p1a: Joy\n|\n|-damage|p1a: Joy|94\/100 tox|[from] psn\n|upkeep\n|turn|4\n|\n|t:|1700655466\n|move|p1a: Joy|Toxic|p2a: Nosepass\n|-status|p2a: Nosepass|tox\n|move|p2a: Nosepass|Pain Split|p1a: Joy\n|-sethp|p1a: Joy|48\/100 tox|[from] move: Pain Split|[silent]\n|-sethp|p2a: Nosepass|100\/100 tox|[from] move: Pain Split\n|\n|-damage|p1a: Joy|36\/100 tox|[from] psn\n|-damage|p2a: Nosepass|91\/100 tox|[from] psn\n|upkeep\n|turn|5\n|\n|t:|1700655476\n|move|p1a: Joy|Seismic Toss|p2a: Nosepass\n|-damage|p2a: Nosepass|0 fnt\n|-damage|p1a: Joy|19\/100 tox|[from] item: Rocky Helmet|[of] p2a: Nosepass\n|faint|p2a: Nosepass\n|\n|-damage|p1a: Joy|0 fnt|[from] psn\n|faint|p1a: Joy\n|upkeep\n|\n|t:|1700655494\n|switch|p1a: Alien x|Arceus|100\/100\n|switch|p2a: Aron|Aron, L1, M, shiny|100\/100\n|-status|p1a: Alien x|tox\n|turn|6\n|\n|t:|1700655517\n|move|p1a: Alien x|Extreme Speed|p2a: Aron\n|-resisted|p2a: Aron\n|-ability|p2a: Aron|Sturdy\n|-damage|p2a: Aron|9\/100\n|-damage|p1a: Alien x|91\/100 tox|[from] item: Life Orb\n|move|p2a: Aron|Endeavor|p1a: Alien x\n|-damage|p1a: Alien x|1\/100 tox\n|-heal|p2a: Aron|100\/100|[from] item: Shell Bell|[of] p1a: Alien x\n|\n|-damage|p1a: Alien x|0 fnt|[from] psn\n|faint|p1a: Alien x\n|upkeep\n|\n|t:|1700655531\n|switch|p1a: Lola bunny|Lopunny-Mega, F|100\/100\n|-status|p1a: Lola bunny|tox\n|turn|7\n|\n|t:|1700655538\n|move|p1a: Lola bunny|Fake Out|p2a: Aron\n|-resisted|p2a: Aron\n|-ability|p2a: Aron|Sturdy\n|-damage|p2a: Aron|9\/100\n|cant|p2a: Aron|flinch\n|\n|-damage|p1a: Lola bunny|95\/100 tox|[from] psn\n|upkeep\n|turn|8\n|\n|t:|1700655548\n|move|p2a: Aron|Protect|p2a: Aron\n|-singleturn|p2a: Aron|Protect\n|move|p1a: Lola bunny|Thunder Punch|p2a: Aron\n|-activate|p2a: Aron|move: Protect\n|\n|-damage|p1a: Lola bunny|83\/100 tox|[from] psn\n|upkeep\n|turn|9\n|inactiveoff|Battle timer is now OFF.\n|\n|t:|1700655587\n|move|p2a: Aron|Protect||[still]\n|-fail|p2a: Aron\n|move|p1a: Lola bunny|Thunder Punch|p2a: Aron\n|-damage|p2a: Aron|0 fnt\n|faint|p2a: Aron\n|\n|-damage|p1a: Lola bunny|65\/100 tox|[from] psn\n|upkeep\n|\n|t:|1700655600\n|switch|p2a: Whimsicott|Whimsicott, L1, F, shiny|100\/100\n|turn|10\n|\n|t:|1700655606\n|move|p2a: Whimsicott|Protect|p2a: Whimsicott\n|-singleturn|p2a: Whimsicott|Protect\n|move|p1a: Lola bunny|Mega Kick|p2a: Whimsicott\n|-activate|p2a: Whimsicott|move: Protect\n|\n|-damage|p1a: Lola bunny|41\/100 tox|[from] psn\n|upkeep\n|turn|11\n|\n|t:|1700655616\n|move|p2a: Whimsicott|Leech Seed|p1a: Lola bunny\n|-start|p1a: Lola bunny|move: Leech Seed\n|move|p1a: Lola bunny|Mega Kick|p2a: Whimsicott\n|-enditem|p2a: Whimsicott|Focus Sash\n|-damage|p2a: Whimsicott|9\/100\n|\n|-damage|p1a: Lola bunny|29\/100 tox|[from] Leech Seed|[of] p2a: Whimsicott\n|-heal|p2a: Whimsicott|100\/100|[silent]\n|-damage|p1a: Lola bunny|0 fnt|[from] psn\n|faint|p1a: Lola bunny\n|upkeep\n|\n|t:|1700655635\n|switch|p1a: Molly|Staraptor, F|100\/100\n|turn|12\n|\n|t:|1700655643\n|move|p2a: Whimsicott|Leech Seed|p1a: Molly\n|-start|p1a: Molly|move: Leech Seed\n|move|p1a: Molly|Brave Bird|p2a: Whimsicott\n|-supereffective|p2a: Whimsicott\n|-damage|p2a: Whimsicott|0 fnt\n|faint|p2a: Whimsicott\n|-damage|p1a: Molly|99\/100|[from] Recoil\n|\n|upkeep\n|\n|t:|1700655650\n|switch|p2a: Magnemite|Magnemite, L1, shiny|100\/100\n|turn|13\n|\n|t:|1700655660\n|move|p2a: Magnemite|Protect|p2a: Magnemite\n|-singleturn|p2a: Magnemite|Protect\n|move|p1a: Molly|Close Combat|p2a: Magnemite\n|-activate|p2a: Magnemite|move: Protect\n|\n|-damage|p1a: Molly|87\/100|[from] Leech Seed|[of] p2a: Magnemite\n|upkeep\n|turn|14\n|\n|t:|1700655673\n|move|p1a: Molly|Close Combat|p2a: Magnemite\n|-supereffective|p2a: Magnemite\n|-ability|p2a: Magnemite|Sturdy\n|-damage|p2a: Magnemite|10\/100\n|-unboost|p1a: Molly|def|1\n|-unboost|p1a: Molly|spd|1\n|-enditem|p2a: Magnemite|Oran Berry|[eat]\n|-heal|p2a: Magnemite|100\/100|[from] item: Oran Berry\n|move|p2a: Magnemite|Toxic|p1a: Molly|[miss]\n|-miss|p2a: Magnemite|p1a: Molly\n|\n|-damage|p1a: Molly|75\/100|[from] Leech Seed|[of] p2a: Magnemite\n|upkeep\n|turn|15\n|\n|t:|1700655690\n|move|p1a: Molly|Close Combat|p2a: Magnemite\n|-supereffective|p2a: Magnemite\n|-ability|p2a: Magnemite|Sturdy\n|-damage|p2a: Magnemite|10\/100\n|-unboost|p1a: Molly|def|1\n|-unboost|p1a: Molly|spd|1\n|move|p2a: Magnemite|Recycle|p2a: Magnemite\n|-item|p2a: Magnemite|Oran Berry|[from] move: Recycle\n|-enditem|p2a: Magnemite|Oran Berry|[eat]\n|-heal|p2a: Magnemite|100\/100|[from] item: Oran Berry\n|\n|-damage|p1a: Molly|63\/100|[from] Leech Seed|[of] p2a: Magnemite\n|upkeep\n|turn|16\n|\n|t:|1700655704\n|move|p1a: Molly|Close Combat|p2a: Magnemite\n|-supereffective|p2a: Magnemite\n|-ability|p2a: Magnemite|Sturdy\n|-damage|p2a: Magnemite|10\/100\n|-unboost|p1a: Molly|def|1\n|-unboost|p1a: Molly|spd|1\n|move|p2a: Magnemite|Recycle|p2a: Magnemite\n|-item|p2a: Magnemite|Oran Berry|[from] move: Recycle\n|-enditem|p2a: Magnemite|Oran Berry|[eat]\n|-heal|p2a: Magnemite|100\/100|[from] item: Oran Berry\n|\n|-damage|p1a: Molly|50\/100|[from] Leech Seed|[of] p2a: Magnemite\n|upkeep\n|-enditem|p1a: Molly|Sitrus Berry|[eat]\n|-heal|p1a: Molly|75\/100|[from] item: Sitrus Berry\n|turn|17\n|\n|t:|1700655722\n|move|p1a: Molly|Roost|p1a: Molly\n|-heal|p1a: Molly|100\/100\n|-singleturn|p1a: Molly|move: Roost\n|move|p2a: Magnemite|Recycle|p2a: Magnemite\n|-item|p2a: Magnemite|Oran Berry|[from] move: Recycle\n|\n|-damage|p1a: Molly|88\/100|[from] Leech Seed|[of] p2a: Magnemite\n|upkeep\n|turn|18\n|\n|t:|1700655735\n|move|p1a: Molly|Close Combat|p2a: Magnemite\n|-supereffective|p2a: Magnemite\n|-ability|p2a: Magnemite|Sturdy\n|-damage|p2a: Magnemite|10\/100\n|-unboost|p1a: Molly|def|1\n|-unboost|p1a: Molly|spd|1\n|-enditem|p2a: Magnemite|Oran Berry|[eat]\n|-heal|p2a: Magnemite|100\/100|[from] item: Oran Berry\n|move|p2a: Magnemite|Toxic|p1a: Molly\n|-status|p1a: Molly|tox\n|\n|-damage|p1a: Molly|76\/100 tox|[from] Leech Seed|[of] p2a: Magnemite\n|-damage|p1a: Molly|70\/100 tox|[from] psn\n|upkeep\n|turn|19\n|\n|t:|1700655763\n|move|p2a: Magnemite|Protect|p2a: Magnemite\n|-singleturn|p2a: Magnemite|Protect\n|move|p1a: Molly|Brave Bird|p2a: Magnemite\n|-activate|p2a: Magnemite|move: Protect\n|\n|-damage|p1a: Molly|58\/100 tox|[from] Leech Seed|[of] p2a: Magnemite\n|-damage|p1a: Molly|46\/100 tox|[from] psn\n|upkeep\n|turn|20\n|\n|t:|1700655775\n|move|p1a: Molly|Brave Bird|p2a: Magnemite\n|-resisted|p2a: Magnemite\n|-ability|p2a: Magnemite|Sturdy\n|-damage|p2a: Magnemite|10\/100\n|-damage|p1a: Molly|45\/100 tox|[from] Recoil\n|move|p2a: Magnemite|Recycle|p2a: Magnemite\n|-item|p2a: Magnemite|Oran Berry|[from] move: Recycle\n|-enditem|p2a: Magnemite|Oran Berry|[eat]\n|-heal|p2a: Magnemite|100\/100|[from] item: Oran Berry\n|\n|-damage|p1a: Molly|32\/100 tox|[from] Leech Seed|[of] p2a: Magnemite\n|-damage|p1a: Molly|14\/100 tox|[from] psn\n|upkeep\n|turn|21\n|\n|t:|1700655800\n|move|p2a: Magnemite|Protect|p2a: Magnemite\n|-singleturn|p2a: Magnemite|Protect\n|move|p1a: Molly|Close Combat|p2a: Magnemite\n|-activate|p2a: Magnemite|move: Protect\n|\n|-damage|p1a: Molly|2\/100 tox|[from] Leech Seed|[of] p2a: Magnemite\n|-damage|p1a: Molly|0 fnt|[from] psn\n|faint|p1a: Molly\n|upkeep\n|\n|t:|1700655817\n|switch|p1a: Kenay|Ursaluna, M|100\/100\n|-status|p1a: Kenay|tox\n|turn|22\n|\n|t:|1700655825\n|move|p1a: Kenay|Earthquake|p2a: Magnemite\n|-supereffective|p2a: Magnemite\n|-ability|p2a: Magnemite|Sturdy\n|-damage|p2a: Magnemite|10\/100\n|move|p2a: Magnemite|Recycle|p2a: Magnemite\n|-item|p2a: Magnemite|Oran Berry|[from] move: Recycle\n|-enditem|p2a: Magnemite|Oran Berry|[eat]\n|-heal|p2a: Magnemite|100\/100|[from] item: Oran Berry\n|\n|-damage|p1a: Kenay|94\/100 tox|[from] psn\n|upkeep\n|turn|23\n|\n|t:|1700655838\n|move|p2a: Magnemite|Protect|p2a: Magnemite\n|-singleturn|p2a: Magnemite|Protect\n|move|p1a: Kenay|Facade|p2a: Magnemite\n|-activate|p2a: Magnemite|move: Protect\n|\n|-damage|p1a: Kenay|82\/100 tox|[from] psn\n|upkeep\n|turn|24\n|\n|t:|1700655855\n|move|p1a: Kenay|Facade|p2a: Magnemite\n|-resisted|p2a: Magnemite\n|-ability|p2a: Magnemite|Sturdy\n|-damage|p2a: Magnemite|10\/100\n|move|p2a: Magnemite|Recycle|p2a: Magnemite\n|-item|p2a: Magnemite|Oran Berry|[from] move: Recycle\n|-enditem|p2a: Magnemite|Oran Berry|[eat]\n|-heal|p2a: Magnemite|100\/100|[from] item: Oran Berry\n|\n|-damage|p1a: Kenay|64\/100 tox|[from] psn\n|upkeep\n|turn|25\n|\n|t:|1700655871\n|move|p2a: Magnemite|Protect|p2a: Magnemite\n|-singleturn|p2a: Magnemite|Protect\n|move|p1a: Kenay|Earthquake|p2a: Magnemite\n|-activate|p2a: Magnemite|move: Protect\n|\n|-damage|p1a: Kenay|39\/100 tox|[from] psn\n|upkeep\n|turn|26\n|\n|t:|1700655888\n|move|p1a: Kenay|Earthquake|p2a: Magnemite\n|-supereffective|p2a: Magnemite\n|-ability|p2a: Magnemite|Sturdy\n|-damage|p2a: Magnemite|10\/100\n|move|p2a: Magnemite|Recycle|p2a: Magnemite\n|-item|p2a: Magnemite|Oran Berry|[from] move: Recycle\n|-enditem|p2a: Magnemite|Oran Berry|[eat]\n|-heal|p2a: Magnemite|100\/100|[from] item: Oran Berry\n|\n|-damage|p1a: Kenay|9\/100 tox|[from] psn\n|upkeep\n|turn|27\n|l|\u2606ocarroquebrounho\n|player|p1|\n|inactive|Battle timer is ON: inactive players will automatically lose when time's up. (requested by Victor hg 999)\n|inactive|ocarroquebrounho has 30 seconds to reconnect!\n|inactive|ocarroquebrounho has 20 seconds to reconnect!\n|inactive|ocarroquebrounho has 15 seconds to reconnect!\n|inactive|ocarroquebrounho has 10 seconds to reconnect!\n|inactive|ocarroquebrounho has 5 seconds to reconnect!\n|-message|ocarroquebrounho lost due to inactivity.\n|\n|win|Victor hg 999\n|raw|ocarroquebrounho's rating: 1160 &rarr; <strong>1127<\/strong><br \/>(-33 for losing)\n|raw|Victor hg 999's rating: 1045 &rarr; <strong>1089<\/strong><br \/>(+44 for winning)\n","uploadtime":1700656058,"views":4,"p1id":"ocarroquebrounho","p2id":"victorhg999","formatid":"gen9nationaldexubers","rating":1089,"private":0,"password":""}