{"id":"gen9nationaldexubers-1989180312","p1":"WonderIsTheFool","p2":"AlastorTheOverlord","format":"[Gen 9] National Dex Ubers","log":"|j|\u2606WonderIsTheFool\n|j|\u2606AlastorTheOverlord\n|t:|1699820678\n|gametype|singles\n|player|p1|WonderIsTheFool|will|1073\n|player|p2|AlastorTheOverlord|n|1218\n|teamsize|p1|6\n|teamsize|p2|6\n|gen|9\n|tier|[Gen 9] National Dex Ubers\n|rated|\n|rule|HP Percentage Mod: HP is shown in percentages\n|rule|Endless Battle Clause: Forcing endless battles is banned\n|rule|OHKO Clause: OHKO moves are banned\n|rule|Evasion Moves Clause: Evasion moves are banned\n|rule|Evasion Items Clause: Evasion items are banned\n|rule|Species Clause: Limit one of each Pok\u00e9mon\n|rule|Sleep Clause Mod: Limit one foe put to sleep\n|rule|Mega Rayquaza Clause: You cannot mega evolve Rayquaza\n|clearpoke\n|poke|p1|Lickilicky, F|\n|poke|p1|Cyndaquil, M|\n|poke|p1|Torkoal, M|\n|poke|p1|Gurdurr, M|\n|poke|p1|Raticate, F|\n|poke|p1|Beartic, M|\n|poke|p2|Blastoise, M|\n|poke|p2|Galvantula, M|\n|poke|p2|Garganacl, M|\n|poke|p2|Scream Tail|\n|poke|p2|Dracovish|\n|poke|p2|Yveltal|\n|teampreview\n|inactive|Battle timer is ON: inactive players will automatically lose when time's up. (requested by WonderIsTheFool)\n|inactive|AlastorTheOverlord also wants the timer to be on.\n|\n|t:|1699820707\n|start\n|switch|p1a: Raticate|Raticate, F|100\/100\n|switch|p2a: Elektrotula|Galvantula, M, shiny|100\/100\n|turn|1\n|\n|t:|1699820712\n|move|p1a: Raticate|Protect|p1a: Raticate\n|-singleturn|p1a: Raticate|Protect\n|move|p2a: Elektrotula|Thunder|p1a: Raticate\n|-activate|p1a: Raticate|move: Protect\n|\n|-status|p1a: Raticate|brn|[from] item: Flame Orb\n|upkeep\n|turn|2\n|\n|t:|1699820720\n|move|p2a: Elektrotula|Sticky Web|p1a: Raticate\n|-sidestart|p1: WonderIsTheFool|move: Sticky Web\n|move|p1a: Raticate|Facade|p2a: Elektrotula\n|-enditem|p2a: Elektrotula|Focus Sash\n|-damage|p2a: Elektrotula|1\/100\n|\n|-damage|p1a: Raticate|95\/100 brn|[from] brn\n|upkeep\n|turn|3\n|\n|t:|1699820728\n|move|p2a: Elektrotula|Thunder|p1a: Raticate\n|-damage|p1a: Raticate|14\/100 brn\n|move|p1a: Raticate|Facade|p2a: Elektrotula\n|-damage|p2a: Elektrotula|0 fnt\n|faint|p2a: Elektrotula\n|\n|-damage|p1a: Raticate|8\/100 brn|[from] brn\n|upkeep\n|\n|t:|1699820737\n|switch|p2a: Black Eagle|Yveltal|100\/100\n|-ability|p2a: Black Eagle|Dark Aura\n|turn|4\n|\n|t:|1699820745\n|move|p2a: Black Eagle|Sucker Punch|p1a: Raticate\n|-damage|p1a: Raticate|0 fnt\n|faint|p1a: Raticate\n|-damage|p2a: Black Eagle|91\/100|[from] item: Life Orb\n|\n|upkeep\n|\n|t:|1699820756\n|switch|p1a: Gurdurr|Gurdurr, M|100\/100\n|-activate|p1a: Gurdurr|move: Sticky Web\n|-unboost|p1a: Gurdurr|spe|1\n|turn|5\n|\n|t:|1699820768\n|move|p1a: Gurdurr|Protect|p1a: Gurdurr\n|-singleturn|p1a: Gurdurr|Protect\n|move|p2a: Black Eagle|Knock Off|p1a: Gurdurr\n|-activate|p1a: Gurdurr|move: Protect\n|\n|-status|p1a: Gurdurr|brn|[from] item: Flame Orb\n|upkeep\n|turn|6\n|\n|t:|1699820788\n|move|p2a: Black Eagle|Oblivion Wing|p1a: Gurdurr\n|-supereffective|p1a: Gurdurr\n|-damage|p1a: Gurdurr|0 fnt\n|-heal|p2a: Black Eagle|100\/100|[from] drain|[of] p1a: Gurdurr\n|faint|p1a: Gurdurr\n|-damage|p2a: Black Eagle|91\/100|[from] item: Life Orb\n|\n|upkeep\n|inactive|WonderIsTheFool has 120 seconds left.\n|\n|t:|1699820806\n|switch|p1a: Lickilicky|Lickilicky, F|100\/100\n|-activate|p1a: Lickilicky|move: Sticky Web\n|-unboost|p1a: Lickilicky|spe|1\n|turn|7\n|\n|t:|1699820812\n|move|p2a: Black Eagle|Knock Off|p1a: Lickilicky\n|-damage|p1a: Lickilicky|29\/100\n|-enditem|p1a: Lickilicky|Leftovers|[from] move: Knock Off|[of] p2a: Black Eagle\n|-damage|p2a: Black Eagle|81\/100|[from] item: Life Orb\n|move|p1a: Lickilicky|Toxic|p2a: Black Eagle\n|-status|p2a: Black Eagle|tox\n|\n|-damage|p2a: Black Eagle|75\/100 tox|[from] psn\n|upkeep\n|turn|8\n|\n|t:|1699820822\n|move|p1a: Lickilicky|Protect|p1a: Lickilicky\n|-singleturn|p1a: Lickilicky|Protect\n|move|p2a: Black Eagle|Oblivion Wing|p1a: Lickilicky\n|-activate|p1a: Lickilicky|move: Protect\n|\n|-damage|p2a: Black Eagle|62\/100 tox|[from] psn\n|upkeep\n|turn|9\n|\n|t:|1699820831\n|move|p2a: Black Eagle|Oblivion Wing|p1a: Lickilicky\n|-damage|p1a: Lickilicky|5\/100\n|-heal|p2a: Black Eagle|81\/100 tox|[from] drain|[of] p1a: Lickilicky\n|-damage|p2a: Black Eagle|71\/100 tox|[from] item: Life Orb\n|move|p1a: Lickilicky|Rest|p1a: Lickilicky\n|-status|p1a: Lickilicky|slp|[from] move: Rest\n|-heal|p1a: Lickilicky|100\/100 slp|[silent]\n|\n|-damage|p2a: Black Eagle|53\/100 tox|[from] psn\n|upkeep\n|turn|10\n|\n|t:|1699820843\n|switch|p2a: El Weon Salao|Garganacl, M, shiny|100\/100\n|cant|p1a: Lickilicky|slp\n|\n|upkeep\n|turn|11\n|\n|t:|1699820848\n|move|p2a: El Weon Salao|Salt Cure|p1a: Lickilicky\n|-crit|p1a: Lickilicky\n|-damage|p1a: Lickilicky|83\/100 slp\n|-start|p1a: Lickilicky|Salt Cure\n|cant|p1a: Lickilicky|slp\n|\n|-damage|p1a: Lickilicky|71\/100 slp|[from] Salt Cure\n|upkeep\n|turn|12\n|\n|t:|1699820855\n|move|p2a: El Weon Salao|Iron Defense|p2a: El Weon Salao\n|-boost|p2a: El Weon Salao|def|2\n|-curestatus|p1a: Lickilicky|slp|[msg]\n|move|p1a: Lickilicky|Toxic|p2a: El Weon Salao\n|-immune|p2a: El Weon Salao|[from] ability: Purifying Salt\n|\n|-damage|p1a: Lickilicky|59\/100|[from] Salt Cure\n|upkeep\n|turn|13\n|\n|t:|1699820869\n|switch|p1a: Cyndaquil|Cyndaquil, M, shiny|100\/100\n|-activate|p1a: Cyndaquil|move: Sticky Web\n|-unboost|p1a: Cyndaquil|spe|1\n|move|p2a: El Weon Salao|Iron Defense|p2a: El Weon Salao\n|-boost|p2a: El Weon Salao|def|2\n|\n|upkeep\n|turn|14\n|\n|t:|1699820877\n|move|p1a: Cyndaquil|Flamethrower|p2a: El Weon Salao\n|-resisted|p2a: El Weon Salao\n|-damage|p2a: El Weon Salao|88\/100\n|move|p2a: El Weon Salao|Salt Cure|p1a: Cyndaquil\n|-supereffective|p1a: Cyndaquil\n|-damage|p1a: Cyndaquil|58\/100\n|-start|p1a: Cyndaquil|Salt Cure\n|\n|-heal|p2a: El Weon Salao|94\/100|[from] item: Leftovers\n|-damage|p1a: Cyndaquil|46\/100|[from] Salt Cure\n|upkeep\n|turn|15\n|\n|t:|1699820887\n|move|p1a: Cyndaquil|Extrasensory|p2a: El Weon Salao\n|-damage|p2a: El Weon Salao|78\/100\n|move|p2a: El Weon Salao|Iron Defense|p2a: El Weon Salao\n|-boost|p2a: El Weon Salao|def|2\n|\n|-heal|p2a: El Weon Salao|84\/100|[from] item: Leftovers\n|-damage|p1a: Cyndaquil|33\/100|[from] Salt Cure\n|upkeep\n|turn|16\n|\n|t:|1699820896\n|move|p1a: Cyndaquil|Extrasensory|p2a: El Weon Salao\n|-damage|p2a: El Weon Salao|67\/100\n|cant|p2a: El Weon Salao|flinch\n|\n|-heal|p2a: El Weon Salao|73\/100|[from] item: Leftovers\n|-damage|p1a: Cyndaquil|21\/100|[from] Salt Cure\n|upkeep\n|turn|17\n|\n|t:|1699820904\n|move|p1a: Cyndaquil|Flamethrower|p2a: El Weon Salao\n|-resisted|p2a: El Weon Salao\n|-damage|p2a: El Weon Salao|61\/100\n|move|p2a: El Weon Salao|Body Press|p1a: Cyndaquil\n|-damage|p1a: Cyndaquil|0 fnt\n|faint|p1a: Cyndaquil\n|\n|-heal|p2a: El Weon Salao|67\/100|[from] item: Leftovers\n|upkeep\n|\n|t:|1699820916\n|switch|p1a: Beartic|Beartic, M|100\/100\n|-activate|p1a: Beartic|move: Sticky Web\n|-unboost|p1a: Beartic|spe|1\n|turn|18\n|\n|t:|1699820932\n|move|p2a: El Weon Salao|Body Press|p1a: Beartic\n|-supereffective|p1a: Beartic\n|-damage|p1a: Beartic|0 fnt\n|faint|p1a: Beartic\n|\n|-heal|p2a: El Weon Salao|73\/100|[from] item: Leftovers\n|upkeep\n|-message|WonderIsTheFool forfeited.\n|\n|win|AlastorTheOverlord\n|raw|WonderIsTheFool's rating: 1073 &rarr; <strong>1060<\/strong><br \/>(-13 for losing)\n|raw|AlastorTheOverlord's rating: 1218 &rarr; <strong>1233<\/strong><br \/>(+15 for winning)\n|l|\u2606WonderIsTheFool\n","uploadtime":1699820952,"views":5,"p1id":"wonderisthefool","p2id":"alastortheoverlord","formatid":"gen9nationaldexubers","rating":1060,"private":0,"password":""}