{"id":"gen9nationaldexubers-1989241216","p1":"gfddfffdfgg","p2":"Smoke2117YT","format":"[Gen 9] National Dex Ubers","log":"|j|\u2606gfddfffdfgg\n|j|\u2606Smoke2117YT\n|t:|1699827050\n|gametype|singles\n|player|p1|gfddfffdfgg|102|1048\n|player|p2|Smoke2117YT|n|1118\n|teamsize|p1|6\n|teamsize|p2|6\n|gen|9\n|tier|[Gen 9] National Dex Ubers\n|rated|\n|rule|HP Percentage Mod: HP is shown in percentages\n|rule|Endless Battle Clause: Forcing endless battles is banned\n|rule|OHKO Clause: OHKO moves are banned\n|rule|Evasion Moves Clause: Evasion moves are banned\n|rule|Evasion Items Clause: Evasion items are banned\n|rule|Species Clause: Limit one of each Pok\u00e9mon\n|rule|Sleep Clause Mod: Limit one foe put to sleep\n|rule|Mega Rayquaza Clause: You cannot mega evolve Rayquaza\n|clearpoke\n|poke|p1|Melmetal|\n|poke|p1|Calyrex-Ice|\n|poke|p1|Xatu, M|\n|poke|p1|Hatterene, F|\n|poke|p1|Porygon2|\n|poke|p1|Dracovish|\n|poke|p2|Darmanitan-Galar, M|\n|poke|p2|Kingambit, M|\n|poke|p2|Dracovish|\n|poke|p2|Alakazam, M|\n|poke|p2|Roserade, F|\n|poke|p2|Drifblim, F|\n|teampreview\n|inactive|Battle timer is ON: inactive players will automatically lose when time's up. (requested by Smoke2117YT)\n|c|\u2606Smoke2117YT|glhf\n|\n|t:|1699827063\n|start\n|switch|p1a: Xatu|Xatu, M, shiny|100\/100\n|switch|p2a: Frostburn|Darmanitan-Galar, M|100\/100\n|turn|1\n|\n|t:|1699827069\n|move|p2a: Frostburn|Icicle Crash|p1a: Xatu\n|-supereffective|p1a: Xatu\n|-damage|p1a: Xatu|14\/100\n|move|p1a: Xatu|Trick Room|p1a: Xatu\n|-fieldstart|move: Trick Room|[of] p1a: Xatu\n|\n|upkeep\n|turn|2\n|\n|t:|1699827081\n|switch|p2a: Excalibur|Kingambit, M|100\/100\n|move|p1a: Xatu|Reflect|p1a: Xatu\n|-sidestart|p1: gfddfffdfgg|Reflect\n|\n|upkeep\n|turn|3\n|\n|t:|1699827087\n|move|p2a: Excalibur|Swords Dance|p2a: Excalibur\n|-boost|p2a: Excalibur|atk|2\n|move|p1a: Xatu|Teleport|p1a: Xatu\n|\n|t:|1699827093\n|switch|p1a: Melmetal|Melmetal, shiny|100\/100|[from] Teleport\n|\n|upkeep\n|turn|4\n|\n|t:|1699827102\n|-end|p2a: Excalibur|fallenundefined|[silent]\n|switch|p2a: Carriage|Drifblim, F|100\/100\n|move|p1a: Melmetal|Double Iron Bash|p2a: Carriage\n|-damage|p2a: Carriage|11\/100\n|-damage|p2a: Carriage|0 fnt\n|faint|p2a: Carriage\n|-hitcount|p2: Carriage|2\n|\n|upkeep\n|c|\u2606Smoke2117YT|AAAA\n|c|\u2606Smoke2117YT|YOOO\n|\n|t:|1699827124\n|switch|p2a: Rosethorn|Roserade, F|100\/100\n|turn|5\n|\n|t:|1699827127\n|move|p1a: Melmetal|Double Iron Bash|p2a: Rosethorn\n|-crit|p2a: Rosethorn\n|-damage|p2a: Rosethorn|0 fnt\n|faint|p2a: Rosethorn\n|-hitcount|p2: Rosethorn|1\n|\n|-fieldend|move: Trick Room\n|upkeep\n|c|\u2606Smoke2117YT|yoo\n|\n|t:|1699827132\n|switch|p2a: Frostburn|Darmanitan-Galar, M|100\/100\n|turn|6\n|\n|t:|1699827141\n|-terastallize|p2a: Frostburn|Fire\n|move|p2a: Frostburn|Fire Punch|p1a: Melmetal\n|-supereffective|p1a: Melmetal\n|-damage|p1a: Melmetal|78\/100\n|move|p1a: Melmetal|Double Iron Bash|p2a: Frostburn\n|-resisted|p2a: Frostburn\n|-damage|p2a: Frostburn|46\/100\n|-resisted|p2a: Frostburn\n|-damage|p2a: Frostburn|0 fnt\n|faint|p2a: Frostburn\n|-hitcount|p2: Frostburn|2\n|\n|-sideend|p1: gfddfffdfgg|Reflect\n|upkeep\n|\n|t:|1699827152\n|switch|p2a: Fishbite|Dracovish|100\/100\n|turn|7\n|\n|t:|1699827155\n|switch|p1a: Xatu|Xatu, M, shiny|14\/100\n|move|p2a: Fishbite|Fishious Rend|p1a: Xatu\n|-damage|p1a: Xatu|0 fnt\n|faint|p1a: Xatu\n|\n|upkeep\n|\n|t:|1699827163\n|switch|p1a: Hatterene|Hatterene, F, shiny|100\/100\n|turn|8\n|\n|t:|1699827166\n|move|p2a: Fishbite|Fishious Rend|p1a: Hatterene\n|-enditem|p1a: Hatterene|Focus Sash\n|-damage|p1a: Hatterene|1\/100\n|move|p1a: Hatterene|Trick Room|p1a: Hatterene\n|-fieldstart|move: Trick Room|[of] p1a: Hatterene\n|\n|upkeep\n|turn|9\n|\n|t:|1699827171\n|switch|p2a: Excalibur|Kingambit, M|100\/100\n|-activate|p2a: Excalibur|ability: Supreme Overlord\n|-start|p2a: Excalibur|fallen3|[silent]\n|move|p1a: Hatterene|Misty Explosion|p2a: Excalibur\n|-damage|p2a: Excalibur|43\/100\n|faint|p1a: Hatterene\n|\n|-heal|p2a: Excalibur|49\/100|[from] item: Leftovers\n|upkeep\n|c|\u2606Smoke2117YT|oh nah\n|\n|t:|1699827183\n|switch|p1a: Melmetal|Melmetal, shiny|78\/100\n|turn|10\n|c|\u2606Smoke2117YT|that Melmetal is an actual monster\n|\n|t:|1699827187\n|move|p2a: Excalibur|Sucker Punch|p1a: Melmetal\n|-damage|p1a: Melmetal|52\/100\n|move|p1a: Melmetal|Double Iron Bash|p2a: Excalibur\n|-resisted|p2a: Excalibur\n|-damage|p2a: Excalibur|25\/100\n|-resisted|p2a: Excalibur\n|-damage|p2a: Excalibur|0 fnt\n|faint|p2a: Excalibur\n|-end|p2a: Excalibur|fallen3|[silent]\n|-hitcount|p2: Excalibur|2\n|\n|upkeep\n|\n|t:|1699827196\n|switch|p2a: Fishbite|Dracovish|100\/100\n|turn|11\n|\n|t:|1699827199\n|move|p1a: Melmetal|Double Iron Bash|p2a: Fishbite\n|-resisted|p2a: Fishbite\n|-damage|p2a: Fishbite|66\/100\n|-resisted|p2a: Fishbite\n|-damage|p2a: Fishbite|29\/100\n|-hitcount|p2a: Fishbite|2\n|move|p2a: Fishbite|Fishious Rend|p1a: Melmetal\n|-damage|p1a: Melmetal|26\/100\n|\n|upkeep\n|turn|12\n|\n|t:|1699827206\n|move|p1a: Melmetal|Double Iron Bash|p2a: Fishbite\n|-resisted|p2a: Fishbite\n|-damage|p2a: Fishbite|0 fnt\n|faint|p2a: Fishbite\n|-hitcount|p2: Fishbite|1\n|\n|-fieldend|move: Trick Room\n|upkeep\n|\n|t:|1699827210\n|switch|p2a: Enlightened|Alakazam, M|100\/100\n|turn|13\n|\n|t:|1699827215\n|switch|p1a: Porygon2|Porygon2, shiny|100\/100\n|-ability|p1a: Porygon2|Magic Guard|[from] ability: Trace|[of] p2a: Enlightened\n|detailschange|p2a: Enlightened|Alakazam-Mega, M\n|-mega|p2a: Enlightened|Alakazam|Alakazite\n|-ability|p2a: Enlightened|Magic Guard|[from] ability: Trace|[of] p1a: Porygon2\n|move|p2a: Enlightened|Shadow Ball|p1a: Porygon2\n|-immune|p1a: Porygon2\n|\n|upkeep\n|turn|14\n|inactive|Smoke2117YT has 120 seconds left.\n|\n|t:|1699827251\n|move|p2a: Enlightened|Psyshock|p1a: Porygon2\n|-damage|p1a: Porygon2|77\/100\n|move|p1a: Porygon2|Trick Room|p1a: Porygon2\n|-fieldstart|move: Trick Room|[of] p1a: Porygon2\n|\n|upkeep\n|turn|15\n|inactive|Smoke2117YT has 120 seconds left.\n|\n|t:|1699827258\n|move|p2a: Enlightened|Psyshock|p1a: Porygon2\n|-damage|p1a: Porygon2|54\/100\n|move|p1a: Porygon2|Teleport|p1a: Porygon2\n|c|\u2606Smoke2117YT|HEY\n|\n|t:|1699827262\n|switch|p1a: Melmetal|Melmetal, shiny|26\/100|[from] Teleport\n|\n|upkeep\n|turn|16\n|c|\u2606Smoke2117YT|LETS TALK ABOUT THIS\n|c|\u2606Smoke2117YT|CALM DOWN A SECOND\n|\n|t:|1699827270\n|move|p1a: Melmetal|Double Iron Bash|p2a: Enlightened\n|-damage|p2a: Enlightened|0 fnt\n|faint|p2a: Enlightened\n|-hitcount|p2: Enlightened|1\n|\n|win|gfddfffdfgg\n|raw|gfddfffdfgg's rating: 1048 &rarr; <strong>1087<\/strong><br \/>(+39 for winning)\n|raw|Smoke2117YT's rating: 1118 &rarr; <strong>1088<\/strong><br \/>(-30 for losing)\n|c|\u2606Smoke2117YT|NOOOO\n|c|\u2606Smoke2117YT|ah\n|c|\u2606Smoke2117YT|well gg\n","uploadtime":1699827278,"views":5,"p1id":"gfddfffdfgg","p2id":"smoke2117yt","formatid":"gen9nationaldexubers","rating":1087,"private":0,"password":""}