{"id":"gen9nationaldexubers-1996629357","p1":"quantumradical","p2":"quagsy","format":"[Gen 9] National Dex Ubers","log":"|j|\u2606quantumradical\n|j|\u2606quagsy\n|t:|1700702607\n|gametype|singles\n|player|p1|quantumradical|giovanni|1385\n|player|p2|quagsy|265|1570\n|teamsize|p1|6\n|teamsize|p2|6\n|gen|9\n|tier|[Gen 9] National Dex Ubers\n|rated|\n|rule|HP Percentage Mod: HP is shown in percentages\n|rule|Endless Battle Clause: Forcing endless battles is banned\n|rule|OHKO Clause: OHKO moves are banned\n|rule|Evasion Moves Clause: Evasion moves are banned\n|rule|Evasion Items Clause: Evasion items are banned\n|rule|Species Clause: Limit one of each Pok\u00e9mon\n|rule|Sleep Clause Mod: Limit one foe put to sleep\n|rule|Mega Rayquaza Clause: You cannot mega evolve Rayquaza\n|clearpoke\n|poke|p1|Mewtwo|\n|poke|p1|Tapu Lele|\n|poke|p1|Lugia|\n|poke|p1|Necrozma-Dusk-Mane|\n|poke|p1|Arceus-Fairy|\n|poke|p1|Basculegion, M|\n|poke|p2|Ribombee, M|\n|poke|p2|Rayquaza|\n|poke|p2|Zacian-*|\n|poke|p2|Necrozma-Dusk-Mane|\n|poke|p2|Arceus-Ground|\n|poke|p2|Kyogre|\n|teampreview\n|inactive|Battle timer is ON: inactive players will automatically lose when time's up. (requested by quantumradical)\n|\n|t:|1700702635\n|start\n|switch|p1a: Lugia|Lugia|100\/100\n|switch|p2a: Ribombee|Ribombee, M|100\/100\n|turn|1\n|\n|t:|1700702645\n|move|p2a: Ribombee|Stun Spore|p1a: Lugia\n|-status|p1a: Lugia|par\n|move|p1a: Lugia|Toxic|p2a: Ribombee\n|-status|p2a: Ribombee|tox\n|\n|-damage|p2a: Ribombee|94\/100 tox|[from] psn\n|upkeep\n|turn|2\n|\n|t:|1700702651\n|move|p2a: Ribombee|Sticky Web|p1a: Lugia\n|-sidestart|p1: quantumradical|move: Sticky Web\n|move|p1a: Lugia|Aeroblast|p2a: Ribombee\n|-supereffective|p2a: Ribombee\n|-damage|p2a: Ribombee|0 fnt\n|faint|p2a: Ribombee\n|\n|upkeep\n|\n|t:|1700702665\n|switch|p2a: Arceus|Arceus-Ground|100\/100\n|turn|3\n|\n|t:|1700702673\n|move|p2a: Arceus|Taunt|p1a: Lugia\n|-start|p1a: Lugia|move: Taunt\n|cant|p1a: Lugia|move: Taunt|Defog\n|\n|upkeep\n|turn|4\n|\n|t:|1700702687\n|switch|p1a: Tapu Lele|Tapu Lele|100\/100\n|-activate|p1a: Tapu Lele|move: Sticky Web\n|-unboost|p1a: Tapu Lele|spe|1\n|-fieldstart|move: Psychic Terrain|[from] ability: Psychic Surge|[of] p1a: Tapu Lele\n|move|p2a: Arceus|Swords Dance|p2a: Arceus\n|-boost|p2a: Arceus|atk|2\n|\n|upkeep\n|turn|5\n|\n|t:|1700702696\n|-terastallize|p2a: Arceus|Ground\n|move|p2a: Arceus|Earthquake|p1a: Tapu Lele\n|-damage|p1a: Tapu Lele|0 fnt\n|faint|p1a: Tapu Lele\n|\n|upkeep\n|\n|t:|1700702708\n|switch|p1a: Basculegion|Basculegion, M|100\/100\n|-activate|p1a: Basculegion|move: Sticky Web\n|-unboost|p1a: Basculegion|spe|1\n|turn|6\n|\n|t:|1700702721\n|switch|p1a: Lugia|Lugia|100\/100 par\n|move|p2a: Arceus|Earthquake|p1a: Lugia\n|-immune|p1a: Lugia\n|\n|upkeep\n|turn|7\n|\n|t:|1700702734\n|move|p2a: Arceus|Stone Edge|p1a: Lugia\n|-supereffective|p1a: Lugia\n|-damage|p1a: Lugia|52\/100 par\n|cant|p1a: Lugia|par\n|\n|-heal|p1a: Lugia|59\/100 par|[from] item: Leftovers\n|upkeep\n|turn|8\n|\n|t:|1700702739\n|move|p2a: Arceus|Taunt|p1a: Lugia\n|-start|p1a: Lugia|move: Taunt\n|cant|p1a: Lugia|move: Taunt|Toxic\n|\n|-heal|p1a: Lugia|65\/100 par|[from] item: Leftovers\n|upkeep\n|turn|9\n|\n|t:|1700702744\n|move|p2a: Arceus|Stone Edge|p1a: Lugia\n|-supereffective|p1a: Lugia\n|-damage|p1a: Lugia|0 fnt\n|faint|p1a: Lugia\n|\n|upkeep\n|\n|t:|1700702754\n|switch|p1a: Mewtwo|Mewtwo|100\/100\n|-activate|p1a: Mewtwo|move: Sticky Web\n|-unboost|p1a: Mewtwo|spe|1\n|-ability|p1a: Mewtwo|Pressure\n|turn|10\n|\n|t:|1700702760\n|move|p2a: Arceus|Earthquake|p1a: Mewtwo\n|-damage|p1a: Mewtwo|0 fnt\n|faint|p1a: Mewtwo\n|\n|upkeep\n|\n|t:|1700702764\n|switch|p1a: Necrozma|Necrozma-Dusk-Mane|100\/100\n|-activate|p1a: Necrozma|move: Sticky Web\n|-unboost|p1a: Necrozma|spe|1\n|turn|11\n|\n|t:|1700702771\n|move|p2a: Arceus|Earthquake|p1a: Necrozma\n|-supereffective|p1a: Necrozma\n|-damage|p1a: Necrozma|0 fnt\n|faint|p1a: Necrozma\n|\n|-fieldend|move: Psychic Terrain\n|upkeep\n|\n|t:|1700702773\n|switch|p1a: Arceus|Arceus-Fairy|100\/100\n|-activate|p1a: Arceus|move: Sticky Web\n|-unboost|p1a: Arceus|spe|1\n|turn|12\n|\n|t:|1700702779\n|move|p2a: Arceus|Taunt|p1a: Arceus\n|-start|p1a: Arceus|move: Taunt\n|cant|p1a: Arceus|move: Taunt|Will-O-Wisp\n|\n|upkeep\n|turn|13\n|\n|t:|1700702783\n|move|p2a: Arceus|Earthquake|p1a: Arceus\n|-damage|p1a: Arceus|0 fnt\n|faint|p1a: Arceus\n|\n|upkeep\n|-message|quantumradical forfeited.\n|\n|win|quagsy\n|raw|quantumradical's rating: 1385 &rarr; <strong>1375<\/strong><br \/>(-10 for losing)\n|raw|quagsy's rating: 1570 &rarr; <strong>1580<\/strong><br \/>(+10 for winning)\n|l|\u2606quantumradical\n","uploadtime":1700702791,"views":3,"p1id":"quantumradical","p2id":"quagsy","formatid":"gen9nationaldexubers","rating":1375,"private":0,"password":""}