{"id":"gen9nationaldexubers-1993076458","p1":"The_Fl000rd","p2":"27frd","format":"[Gen 9] National Dex Ubers","log":"|j|\u2606The_Fl000rd\n|j|\u260627frd\n|t:|1700262053\n|gametype|singles\n|player|p1|The_Fl000rd|colress|1164\n|player|p2|27frd|hilbert|1252\n|teamsize|p1|6\n|teamsize|p2|6\n|gen|9\n|tier|[Gen 9] National Dex Ubers\n|rated|\n|rule|HP Percentage Mod: HP is shown in percentages\n|rule|Endless Battle Clause: Forcing endless battles is banned\n|rule|OHKO Clause: OHKO moves are banned\n|rule|Evasion Moves Clause: Evasion moves are banned\n|rule|Evasion Items Clause: Evasion items are banned\n|rule|Species Clause: Limit one of each Pok\u00e9mon\n|rule|Sleep Clause Mod: Limit one foe put to sleep\n|rule|Mega Rayquaza Clause: You cannot mega evolve Rayquaza\n|clearpoke\n|poke|p1|Marshadow|\n|poke|p1|Galvantula, M|\n|poke|p1|Iron Valiant|\n|poke|p1|Espeon, M|\n|poke|p1|Samurott-Hisui, M|\n|poke|p1|Toxapex, M|\n|poke|p2|Metagross|\n|poke|p2|Zacian-*|\n|poke|p2|Sableye, M|\n|poke|p2|Arceus|\n|poke|p2|Tyranitar, F|\n|poke|p2|Iron Treads|\n|teampreview\n|\n|t:|1700262067\n|start\n|switch|p1a: Galvantula|Galvantula, M|100\/100\n|switch|p2a: Tyranitar|Tyranitar, F|100\/100\n|-weather|Sandstorm|[from] ability: Sand Stream|[of] p2a: Tyranitar\n|turn|1\n|\n|t:|1700262073\n|move|p1a: Galvantula|Thunder Wave|p2a: Tyranitar\n|-status|p2a: Tyranitar|par\n|move|p2a: Tyranitar|Stone Edge|p1a: Galvantula|[miss]\n|-miss|p2a: Tyranitar|p1a: Galvantula\n|\n|-weather|Sandstorm|[upkeep]\n|-damage|p1a: Galvantula|94\/100|[from] Sandstorm\n|upkeep\n|turn|2\n|\n|t:|1700262080\n|move|p1a: Galvantula|Sticky Web|p2a: Tyranitar\n|-sidestart|p2: 27frd|move: Sticky Web\n|move|p2a: Tyranitar|Stealth Rock|p1a: Galvantula\n|-sidestart|p1: The_Fl000rd|move: Stealth Rock\n|\n|-weather|Sandstorm|[upkeep]\n|-damage|p1a: Galvantula|88\/100|[from] Sandstorm\n|upkeep\n|turn|3\n|\n|t:|1700262087\n|move|p1a: Galvantula|Hidden Power|p2a: Tyranitar\n|-damage|p2a: Tyranitar|91\/100 par\n|move|p2a: Tyranitar|Stone Edge|p1a: Galvantula\n|-supereffective|p1a: Galvantula\n|-damage|p1a: Galvantula|0 fnt\n|faint|p1a: Galvantula\n|\n|-weather|Sandstorm|[upkeep]\n|-heal|p2a: Tyranitar|98\/100 par|[from] item: Leftovers\n|upkeep\n|\n|t:|1700262100\n|switch|p1a: Espeon|Espeon, M|100\/100\n|-damage|p1a: Espeon|88\/100|[from] Stealth Rock\n|turn|4\n|\n|t:|1700262105\n|-zpower|p1a: Espeon\n|move|p1a: Espeon|Z-Celebrate|p1a: Espeon|[anim]Celebrate\n|-boost|p1a: Espeon|atk|1|[zeffect]\n|-boost|p1a: Espeon|def|1|[zeffect]\n|-boost|p1a: Espeon|spa|1|[zeffect]\n|-boost|p1a: Espeon|spd|1|[zeffect]\n|-boost|p1a: Espeon|spe|1|[zeffect]\n|-activate|p1a: Espeon|move: Celebrate\n|move|p2a: Tyranitar|Stone Edge|p1a: Espeon|[miss]\n|-miss|p2a: Tyranitar|p1a: Espeon\n|\n|-weather|Sandstorm|[upkeep]\n|-damage|p1a: Espeon|82\/100|[from] Sandstorm\n|-heal|p2a: Tyranitar|100\/100 par|[from] item: Leftovers\n|upkeep\n|turn|5\n|\n|t:|1700262117\n|move|p1a: Espeon|Dazzling Gleam|p2a: Tyranitar\n|-supereffective|p2a: Tyranitar\n|-damage|p2a: Tyranitar|57\/100 par\n|move|p2a: Tyranitar|Stone Edge|p1a: Espeon|[miss]\n|-miss|p2a: Tyranitar|p1a: Espeon\n|\n|-weather|none\n|-heal|p2a: Tyranitar|63\/100 par|[from] item: Leftovers\n|upkeep\n|turn|6\n|\n|t:|1700262127\n|move|p1a: Espeon|Dazzling Gleam|p2a: Tyranitar\n|-supereffective|p2a: Tyranitar\n|-damage|p2a: Tyranitar|3\/100 par\n|move|p2a: Tyranitar|Stone Edge|p1a: Espeon|[miss]\n|-miss|p2a: Tyranitar|p1a: Espeon\n|\n|-heal|p2a: Tyranitar|10\/100 par|[from] item: Leftovers\n|upkeep\n|turn|7\n|\n|t:|1700262137\n|move|p1a: Espeon|Dazzling Gleam|p2a: Tyranitar\n|-supereffective|p2a: Tyranitar\n|-damage|p2a: Tyranitar|0 fnt\n|faint|p2a: Tyranitar\n|\n|upkeep\n|\n|t:|1700262187\n|switch|p2a: Iron Treads|Iron Treads|100\/100\n|-activate|p2a: Iron Treads|move: Sticky Web\n|-unboost|p2a: Iron Treads|spe|1\n|-enditem|p2a: Iron Treads|Booster Energy\n|-activate|p2a: Iron Treads|ability: Quark Drive|[fromitem]\n|-start|p2a: Iron Treads|quarkdriveatk\n|turn|8\n|\n|t:|1700262202\n|move|p1a: Espeon|Shadow Ball|p2a: Iron Treads\n|-damage|p2a: Iron Treads|64\/100\n|move|p2a: Iron Treads|Rapid Spin|p1a: Espeon\n|-damage|p1a: Espeon|57\/100\n|-boost|p2a: Iron Treads|spe|1\n|-sideend|p2: 27frd|Sticky Web|[from] move: Rapid Spin|[of] p2a: Iron Treads\n|\n|upkeep\n|turn|9\n|\n|t:|1700262214\n|move|p1a: Espeon|Stored Power|p2a: Iron Treads\n|-resisted|p2a: Iron Treads\n|-damage|p2a: Iron Treads|15\/100\n|move|p2a: Iron Treads|Earthquake|p1a: Espeon\n|-damage|p1a: Espeon|0 fnt\n|faint|p1a: Espeon\n|\n|upkeep\n|\n|t:|1700262222\n|switch|p1a: Samurott|Samurott-Hisui, M|100\/100\n|-damage|p1a: Samurott|88\/100|[from] Stealth Rock\n|turn|10\n|\n|t:|1700262226\n|move|p2a: Iron Treads|Body Press|p1a: Samurott\n|-supereffective|p1a: Samurott\n|-damage|p1a: Samurott|33\/100\n|move|p1a: Samurott|Swords Dance|p1a: Samurott\n|-boost|p1a: Samurott|atk|2\n|\n|-heal|p1a: Samurott|39\/100|[from] item: Leftovers\n|upkeep\n|turn|11\n|\n|t:|1700262233\n|move|p1a: Samurott|Sucker Punch|p2a: Iron Treads\n|-damage|p2a: Iron Treads|0 fnt\n|faint|p2a: Iron Treads\n|-end|p2a: Iron Treads|Quark Drive|[silent]\n|\n|-heal|p1a: Samurott|45\/100|[from] item: Leftovers\n|upkeep\n|\n|t:|1700262237\n|switch|p2a: Arceus|Arceus|100\/100\n|turn|12\n|\n|t:|1700262242\n|move|p1a: Samurott|Sucker Punch|p2a: Arceus\n|-damage|p2a: Arceus|44\/100\n|move|p2a: Arceus|Thunder|p1a: Samurott\n|-supereffective|p1a: Samurott\n|-damage|p1a: Samurott|0 fnt\n|faint|p1a: Samurott\n|-damage|p2a: Arceus|34\/100|[from] item: Life Orb\n|\n|upkeep\n|\n|t:|1700262255\n|switch|p1a: Iron Valiant|Iron Valiant|100\/100\n|-damage|p1a: Iron Valiant|94\/100|[from] Stealth Rock\n|-enditem|p1a: Iron Valiant|Booster Energy\n|-activate|p1a: Iron Valiant|ability: Quark Drive|[fromitem]\n|-start|p1a: Iron Valiant|quarkdrivespe\n|turn|13\n|\n|t:|1700262263\n|move|p1a: Iron Valiant|Brick Break|p2a: Arceus\n|-supereffective|p2a: Arceus\n|-damage|p2a: Arceus|0 fnt\n|faint|p2a: Arceus\n|\n|upkeep\n|\n|t:|1700262267\n|switch|p2a: Zacian|Zacian-Crowned|100\/100\n|-ability|p2a: Zacian|Intrepid Sword|boost\n|-boost|p2a: Zacian|atk|1\n|turn|14\n|\n|t:|1700262284\n|move|p1a: Iron Valiant|Destiny Bond|p1a: Iron Valiant\n|-singlemove|p1a: Iron Valiant|Destiny Bond\n|move|p2a: Zacian|Play Rough|p1a: Iron Valiant\n|-supereffective|p1a: Iron Valiant\n|-damage|p1a: Iron Valiant|0 fnt\n|faint|p1a: Iron Valiant\n|-activate|p1a: Iron Valiant|move: Destiny Bond\n|-end|p1a: Iron Valiant|Quark Drive|[silent]\n|faint|p2a: Zacian\n|\n|upkeep\n|\n|t:|1700262292\n|switch|p2a: Sableye|Sableye, M|100\/100\n|switch|p1a: Marshadow|Marshadow|100\/100\n|-damage|p1a: Marshadow|94\/100|[from] Stealth Rock\n|turn|15\n|\n|t:|1700262301\n|move|p2a: Sableye|Trick|p1a: Marshadow\n|-activate|p2a: Sableye|move: Trick|[of] p1a: Marshadow\n|-item|p1a: Marshadow|Choice Scarf|[from] move: Trick\n|-item|p2a: Sableye|Focus Sash|[from] move: Trick\n|move|p1a: Marshadow|Bulk Up|p1a: Marshadow\n|-boost|p1a: Marshadow|atk|1\n|-boost|p1a: Marshadow|def|1\n|\n|upkeep\n|turn|16\n|\n|t:|1700262308\n|switch|p1a: Toxapex|Toxapex, M|100\/100\n|-damage|p1a: Toxapex|88\/100|[from] Stealth Rock\n|move|p2a: Sableye|Will-O-Wisp|p1a: Toxapex\n|-status|p1a: Toxapex|brn\n|\n|-heal|p1a: Toxapex|94\/100 brn|[from] item: Black Sludge\n|-damage|p1a: Toxapex|88\/100 brn|[from] brn\n|upkeep\n|turn|17\n|\n|t:|1700262318\n|move|p2a: Sableye|Trick|p1a: Toxapex\n|-activate|p2a: Sableye|move: Trick|[of] p1a: Toxapex\n|-item|p1a: Toxapex|Focus Sash|[from] move: Trick\n|-item|p2a: Sableye|Black Sludge|[from] move: Trick\n|move|p1a: Toxapex|Infestation|p2a: Sableye\n|-damage|p2a: Sableye|96\/100\n|-activate|p2a: Sableye|move: Infestation|[of] p1a: Toxapex\n|\n|-damage|p2a: Sableye|84\/100|[from] item: Black Sludge\n|-damage|p1a: Toxapex|82\/100 brn|[from] brn\n|-damage|p2a: Sableye|72\/100|[from] move: Infestation|[partiallytrapped]\n|upkeep\n|turn|18\n|\n|t:|1700262328\n|move|p2a: Sableye|Foul Play|p1a: Toxapex\n|-damage|p1a: Toxapex|69\/100 brn\n|move|p1a: Toxapex|Toxic|p2a: Sableye\n|-status|p2a: Sableye|tox\n|\n|-damage|p2a: Sableye|59\/100 tox|[from] item: Black Sludge\n|-damage|p2a: Sableye|53\/100 tox|[from] psn\n|-damage|p1a: Toxapex|63\/100 brn|[from] brn\n|-damage|p2a: Sableye|41\/100 tox|[from] move: Infestation|[partiallytrapped]\n|upkeep\n|turn|19\n|\n|t:|1700262338\n|move|p2a: Sableye|Foul Play|p1a: Toxapex\n|-damage|p1a: Toxapex|50\/100 brn\n|move|p1a: Toxapex|Recover|p1a: Toxapex\n|-heal|p1a: Toxapex|99\/100 brn\n|\n|-damage|p2a: Sableye|28\/100 tox|[from] item: Black Sludge\n|-damage|p2a: Sableye|16\/100 tox|[from] psn\n|-damage|p1a: Toxapex|94\/100 brn|[from] brn\n|-damage|p2a: Sableye|3\/100 tox|[from] move: Infestation|[partiallytrapped]\n|upkeep\n|turn|20\n|\n|t:|1700262347\n|move|p1a: Toxapex|Baneful Bunker|p1a: Toxapex\n|-singleturn|p1a: Toxapex|move: Protect\n|move|p2a: Sableye|Foul Play|p1a: Toxapex\n|-activate|p1a: Toxapex|move: Protect\n|\n|-damage|p2a: Sableye|0 fnt|[from] item: Black Sludge\n|faint|p2a: Sableye\n|-damage|p1a: Toxapex|88\/100 brn|[from] brn\n|upkeep\n|\n|t:|1700262349\n|switch|p2a: Metagross|Metagross|100\/100\n|turn|21\n|\n|t:|1700262359\n|move|p2a: Metagross|Agility|p2a: Metagross\n|-boost|p2a: Metagross|spe|2\n|move|p1a: Toxapex|Infestation|p2a: Metagross\n|-damage|p2a: Metagross|97\/100\n|-activate|p2a: Metagross|move: Infestation|[of] p1a: Toxapex\n|\n|-damage|p1a: Toxapex|81\/100 brn|[from] brn\n|-damage|p2a: Metagross|85\/100|[from] move: Infestation|[partiallytrapped]\n|upkeep\n|turn|22\n|\n|t:|1700262369\n|move|p1a: Toxapex|Baneful Bunker|p1a: Toxapex\n|-singleturn|p1a: Toxapex|move: Protect\n|move|p2a: Metagross|Agility|p2a: Metagross\n|-boost|p2a: Metagross|spe|2\n|\n|-damage|p1a: Toxapex|75\/100 brn|[from] brn\n|-damage|p2a: Metagross|73\/100|[from] move: Infestation|[partiallytrapped]\n|upkeep\n|turn|23\n|\n|t:|1700262377\n|detailschange|p2a: Metagross|Metagross-Mega\n|-mega|p2a: Metagross|Metagross|Metagrossite\n|move|p2a: Metagross|Power-Up Punch|p1a: Toxapex\n|-resisted|p1a: Toxapex\n|-damage|p1a: Toxapex|68\/100 brn\n|-boost|p2a: Metagross|atk|1\n|move|p1a: Toxapex|Recover|p1a: Toxapex\n|-heal|p1a: Toxapex|100\/100 brn\n|\n|-damage|p1a: Toxapex|94\/100 brn|[from] brn\n|-damage|p2a: Metagross|60\/100|[from] move: Infestation|[partiallytrapped]\n|upkeep\n|turn|24\n|\n|t:|1700262388\n|move|p1a: Toxapex|Baneful Bunker|p1a: Toxapex\n|-singleturn|p1a: Toxapex|move: Protect\n|move|p2a: Metagross|Thunder Punch|p1a: Toxapex\n|-activate|p1a: Toxapex|move: Protect\n|\n|-damage|p1a: Toxapex|88\/100 brn|[from] brn\n|-damage|p2a: Metagross|48\/100|[from] move: Infestation|[partiallytrapped]\n|upkeep\n|turn|25\n|\n|t:|1700262397\n|move|p1a: Toxapex|Baneful Bunker||[still]\n|-fail|p1a: Toxapex\n|move|p2a: Metagross|Thunder Punch|p1a: Toxapex\n|-supereffective|p1a: Toxapex\n|-damage|p1a: Toxapex|0 fnt\n|faint|p1a: Toxapex\n|\n|-end|p2a: Metagross|Infestation|[partiallytrapped]\n|upkeep\n|\n|t:|1700262404\n|switch|p1a: Marshadow|Marshadow|94\/100\n|-damage|p1a: Marshadow|88\/100|[from] Stealth Rock\n|turn|26\n|c|\u2606The_Fl000rd|!dt metagross\n|raw|<div class=\"message\"><ul class=\"utilichart\"><li class=\"result\"><span class=\"col numcol\">RU<\/span> <span class=\"col iconcol\"><psicon pokemon=\"metagross\"\/><\/span> <span class=\"col pokemonnamecol\" style=\"white-space:nowrap\"><a href=\"https:\/\/dex.pokemonshowdown.com\/pokemon\/metagross\" target=\"_blank\">Metagross<\/a><\/span> <span class=\"col typecol\"><img src=\"https:\/\/play.pokemonshowdown.com\/sprites\/types\/Steel.png\" alt=\"Steel\" height=\"14\" width=\"32\"><img src=\"https:\/\/play.pokemonshowdown.com\/sprites\/types\/Psychic.png\" alt=\"Psychic\" height=\"14\" width=\"32\"><\/span> <span style=\"float:left;min-height:26px\"><span class=\"col abilitycol\">Clear Body<\/span><span class=\"col abilitycol\"><em>Light Metal<\/em><\/span><\/span><span style=\"float:left;min-height:26px\"><span class=\"col statcol\"><em>HP<\/em><br \/>80<\/span> <span class=\"col statcol\"><em>Atk<\/em><br \/>135<\/span> <span class=\"col statcol\"><em>Def<\/em><br \/>130<\/span> <span class=\"col statcol\"><em>SpA<\/em><br \/>95<\/span> <span class=\"col statcol\"><em>SpD<\/em><br \/>90<\/span> <span class=\"col statcol\"><em>Spe<\/em><br \/>70<\/span> <span class=\"col bstcol\"><em>BST<br \/>600<\/em><\/span> <\/span><\/li><li style=\"clear:both\"><\/li><\/ul><\/div>\n|raw|<font size=\"1\"><font color=\"#686868\">Dex#:<\/font> 376&nbsp;|&ThickSpace;<font color=\"#686868\">Gen:<\/font> 3&nbsp;|&ThickSpace;<font color=\"#686868\">Height:<\/font> 1.6 m&nbsp;|&ThickSpace;<font color=\"#686868\">Weight:<\/font> 550 kg <em>(120 BP)<\/em>&nbsp;|&ThickSpace;<font color=\"#686868\">Dex Colour:<\/font> Blue&nbsp;|&ThickSpace;<font color=\"#686868\">Egg Group(s):<\/font> Mineral&nbsp;|&ThickSpace;<font color=\"#686868\">Pre-Evolution:<\/font> Metang&nbsp;|&ThickSpace;<font color=\"#686868\">Does Not Evolve<\/font><\/font>\n\n|\n|t:|1700262433\n|move|p1a: Marshadow|Shadow Sneak|p2a: Metagross\n|-supereffective|p2a: Metagross\n|-damage|p2a: Metagross|2\/100\n|move|p2a: Metagross|Meteor Mash|p1a: Marshadow\n|-damage|p1a: Marshadow|0 fnt\n|faint|p1a: Marshadow\n|\n|win|27frd\n|raw|The_Fl000rd's rating: 1164 &rarr; <strong>1145<\/strong><br \/>(-19 for losing)\n|raw|27frd's rating: 1252 &rarr; <strong>1271<\/strong><br \/>(+19 for winning)\n","uploadtime":1700262443,"views":7,"p1id":"thefl000rd","p2id":"27frd","formatid":"gen9nationaldexubers","rating":1145,"private":0,"password":""}