{"id":"gen9nationaldexubers-2000065035","p1":"Cheweeds","p2":"Faiz Kediri Butuh","format":"[Gen 9] National Dex Ubers","log":"|j|\u2606Cheweeds\n|j|\u2606Faiz Kediri Butuh\n|t:|1701148490\n|gametype|singles\n|player|p1|Cheweeds|bugcatcher-gen4dp|1371\n|player|p2|Faiz Kediri Butuh|preschoolerf-gen7|1206\n|teamsize|p1|6\n|teamsize|p2|6\n|gen|9\n|tier|[Gen 9] National Dex Ubers\n|rated|\n|rule|HP Percentage Mod: HP is shown in percentages\n|rule|Endless Battle Clause: Forcing endless battles is banned\n|rule|OHKO Clause: OHKO moves are banned\n|rule|Evasion Moves Clause: Evasion moves are banned\n|rule|Evasion Items Clause: Evasion items are banned\n|rule|Species Clause: Limit one of each Pok\u00e9mon\n|rule|Sleep Clause Mod: Limit one foe put to sleep\n|rule|Mega Rayquaza Clause: You cannot mega evolve Rayquaza\n|clearpoke\n|poke|p1|Clodsire, F|\n|poke|p1|Rillaboom, M|\n|poke|p1|Blastoise, F|\n|poke|p1|Incineroar, M|\n|poke|p1|Marshadow|\n|poke|p1|Jirachi|\n|poke|p2|Malamar, F|\n|poke|p2|Quagsire, F|\n|poke|p2|Clefable, F|\n|poke|p2|Manectric, F|\n|poke|p2|Sandaconda, F|\n|poke|p2|Gyarados, F|\n|teampreview\n|inactive|Battle timer is ON: inactive players will automatically lose when time's up. (requested by Faiz Kediri Butuh)\n|\n|t:|1701148496\n|start\n|switch|p1a: Goss Harag|Rillaboom, M|100\/100\n|switch|p2a: Thicc Snake|Sandaconda, F|100\/100\n|-fieldstart|move: Grassy Terrain|[from] ability: Grassy Surge|[of] p1a: Goss Harag\n|turn|1\n|\n|t:|1701148504\n|move|p1a: Goss Harag|Fake Out|p2a: Thicc Snake\n|-damage|p2a: Thicc Snake|87\/100\n|-damage|p1a: Goss Harag|91\/100|[from] item: Life Orb\n|cant|p2a: Thicc Snake|flinch\n|\n|-heal|p1a: Goss Harag|97\/100|[from] Grassy Terrain\n|-heal|p2a: Thicc Snake|93\/100|[from] Grassy Terrain\n|upkeep\n|turn|2\n|\n|t:|1701148514\n|move|p1a: Goss Harag|Grassy Glide|p2a: Thicc Snake\n|-supereffective|p2a: Thicc Snake\n|-damage|p2a: Thicc Snake|22\/100\n|-damage|p1a: Goss Harag|87\/100|[from] item: Life Orb\n|move|p2a: Thicc Snake|Glare|p1a: Goss Harag\n|-status|p1a: Goss Harag|par\n|\n|-heal|p2a: Thicc Snake|28\/100|[from] Grassy Terrain\n|-heal|p1a: Goss Harag|93\/100 par|[from] Grassy Terrain\n|upkeep\n|turn|3\n|\n|t:|1701148526\n|cant|p1a: Goss Harag|par\n|move|p2a: Thicc Snake|Stealth Rock|p1a: Goss Harag\n|-sidestart|p1: Cheweeds|move: Stealth Rock\n|\n|-heal|p2a: Thicc Snake|33\/100|[from] Grassy Terrain\n|-heal|p1a: Goss Harag|99\/100 par|[from] Grassy Terrain\n|upkeep\n|turn|4\n|\n|t:|1701148535\n|move|p1a: Goss Harag|Grassy Glide|p2a: Thicc Snake\n|-supereffective|p2a: Thicc Snake\n|-damage|p2a: Thicc Snake|0 fnt\n|faint|p2a: Thicc Snake\n|-damage|p1a: Goss Harag|89\/100 par|[from] item: Life Orb\n|\n|-heal|p1a: Goss Harag|96\/100 par|[from] Grassy Terrain\n|upkeep\n|\n|t:|1701148549\n|switch|p2a: Paw Patrol|Manectric, F|100\/100\n|turn|5\n|\n|t:|1701148554\n|switch|p1a: Nargacuga|Incineroar, M|100\/100\n|-damage|p1a: Nargacuga|76\/100|[from] Stealth Rock\n|-ability|p1a: Nargacuga|Intimidate|boost\n|-unboost|p2a: Paw Patrol|atk|1\n|detailschange|p2a: Paw Patrol|Manectric-Mega, F\n|-mega|p2a: Paw Patrol|Manectric|Manectite\n|-ability|p2a: Paw Patrol|Intimidate|boost\n|-unboost|p1a: Nargacuga|atk|1\n|move|p2a: Paw Patrol|Flamethrower|p1a: Nargacuga\n|-resisted|p1a: Nargacuga\n|-damage|p1a: Nargacuga|60\/100\n|\n|-heal|p1a: Nargacuga|66\/100|[from] Grassy Terrain\n|-fieldend|move: Grassy Terrain\n|upkeep\n|turn|6\n|\n|t:|1701148570\n|move|p1a: Nargacuga|Fake Out|p2a: Paw Patrol\n|-damage|p2a: Paw Patrol|90\/100\n|cant|p2a: Paw Patrol|flinch\n|\n|upkeep\n|turn|7\n|\n|t:|1701148582\n|move|p2a: Paw Patrol|Thunder Wave|p1a: Nargacuga\n|-status|p1a: Nargacuga|par\n|move|p1a: Nargacuga|Parting Shot|p2a: Paw Patrol\n|-unboost|p2a: Paw Patrol|atk|1\n|-unboost|p2a: Paw Patrol|spa|1\n|\n|t:|1701148588\n|switch|p1a: Gobul|Clodsire, F|100\/100|[from] Parting Shot\n|-damage|p1a: Gobul|94\/100|[from] Stealth Rock\n|\n|-heal|p1a: Gobul|100\/100|[from] item: Leftovers\n|upkeep\n|turn|8\n|\n|t:|1701148598\n|switch|p2a: Cute Gengar|Clefable, F|100\/100\n|move|p1a: Gobul|Toxic|p2a: Cute Gengar\n|-status|p2a: Cute Gengar|tox\n|\n|upkeep\n|turn|9\n|\n|t:|1701148607\n|move|p2a: Cute Gengar|Moonblast|p1a: Gobul\n|-resisted|p1a: Gobul\n|-crit|p1a: Gobul\n|-damage|p1a: Gobul|88\/100\n|move|p1a: Gobul|Stealth Rock|p2a: Cute Gengar\n|-sidestart|p2: Faiz Kediri Butuh|move: Stealth Rock\n|\n|-heal|p1a: Gobul|94\/100|[from] item: Leftovers\n|upkeep\n|turn|10\n|\n|t:|1701148621\n|switch|p1a: Goss Harag|Rillaboom, M|96\/100 par\n|-damage|p1a: Goss Harag|83\/100 par|[from] Stealth Rock\n|-fieldstart|move: Grassy Terrain|[from] ability: Grassy Surge|[of] p1a: Goss Harag\n|move|p2a: Cute Gengar|Moonblast|p1a: Goss Harag\n|-damage|p1a: Goss Harag|46\/100 par\n|\n|-heal|p1a: Goss Harag|52\/100 par|[from] Grassy Terrain\n|upkeep\n|turn|11\n|\n|t:|1701148635\n|switch|p2a: Paw Patrol|Manectric-Mega, F|90\/100\n|-damage|p2a: Paw Patrol|78\/100|[from] Stealth Rock\n|-ability|p2a: Paw Patrol|Intimidate|boost\n|-unboost|p1a: Goss Harag|atk|1\n|switch|p1a: Narwa|Jirachi|100\/100\n|-damage|p1a: Narwa|94\/100|[from] Stealth Rock\n|\n|-heal|p2a: Paw Patrol|84\/100|[from] Grassy Terrain\n|-heal|p1a: Narwa|100\/100|[from] Grassy Terrain\n|upkeep\n|turn|12\n|\n|t:|1701148653\n|move|p2a: Paw Patrol|Thunder Wave|p1a: Narwa|[miss]\n|-miss|p2a: Paw Patrol|p1a: Narwa\n|move|p1a: Narwa|Body Slam|p2a: Paw Patrol\n|-damage|p2a: Paw Patrol|46\/100\n|\n|-heal|p2a: Paw Patrol|52\/100|[from] Grassy Terrain\n|upkeep\n|turn|13\n|\n|t:|1701148663\n|move|p2a: Paw Patrol|Thunder Wave|p1a: Narwa\n|-status|p1a: Narwa|par\n|move|p1a: Narwa|Body Slam|p2a: Paw Patrol\n|-damage|p2a: Paw Patrol|15\/100\n|\n|-heal|p2a: Paw Patrol|21\/100|[from] Grassy Terrain\n|upkeep\n|turn|14\n|\n|t:|1701148672\n|move|p2a: Paw Patrol|Flamethrower|p1a: Narwa\n|-supereffective|p1a: Narwa\n|-damage|p1a: Narwa|55\/100 par\n|cant|p1a: Narwa|par\n|\n|-heal|p2a: Paw Patrol|27\/100|[from] Grassy Terrain\n|-heal|p1a: Narwa|62\/100 par|[from] Grassy Terrain\n|-fieldend|move: Grassy Terrain\n|upkeep\n|turn|15\n|\n|t:|1701148682\n|-terastallize|p1a: Narwa|Water\n|move|p2a: Paw Patrol|Flamethrower|p1a: Narwa\n|-resisted|p1a: Narwa\n|-damage|p1a: Narwa|50\/100 par\n|move|p1a: Narwa|Body Slam|p2a: Paw Patrol\n|-damage|p2a: Paw Patrol|0 fnt\n|faint|p2a: Paw Patrol\n|\n|upkeep\n|\n|t:|1701148694\n|switch|p2a: Dark Squidward|Malamar, F|100\/100\n|-damage|p2a: Dark Squidward|88\/100|[from] Stealth Rock\n|turn|16\n|\n|t:|1701148701\n|move|p2a: Dark Squidward|Superpower|p1a: Narwa\n|-damage|p1a: Narwa|25\/100 par\n|-boost|p2a: Dark Squidward|atk|1\n|-boost|p2a: Dark Squidward|def|1\n|-heal|p2a: Dark Squidward|91\/100|[from] item: Shell Bell|[of] p1a: Narwa\n|move|p1a: Narwa|Body Slam|p2a: Dark Squidward\n|-damage|p2a: Dark Squidward|76\/100\n|\n|upkeep\n|turn|17\n|\n|t:|1701148711\n|move|p2a: Dark Squidward|Knock Off|p1a: Narwa\n|-damage|p1a: Narwa|0 fnt\n|-enditem|p1a: Narwa|Assault Vest|[from] move: Knock Off|[of] p2a: Dark Squidward\n|faint|p1a: Narwa\n|-heal|p2a: Dark Squidward|79\/100|[from] item: Shell Bell|[of] p1: Narwa\n|\n|upkeep\n|\n|t:|1701148720\n|switch|p1a: Goss Harag|Rillaboom, M|52\/100 par\n|-damage|p1a: Goss Harag|40\/100 par|[from] Stealth Rock\n|-fieldstart|move: Grassy Terrain|[from] ability: Grassy Surge|[of] p1a: Goss Harag\n|turn|18\n|\n|t:|1701148730\n|move|p1a: Goss Harag|Fake Out|p2a: Dark Squidward\n|-damage|p2a: Dark Squidward|67\/100\n|-damage|p1a: Goss Harag|30\/100 par|[from] item: Life Orb\n|cant|p2a: Dark Squidward|flinch\n|\n|-heal|p2a: Dark Squidward|73\/100|[from] Grassy Terrain\n|-heal|p1a: Goss Harag|36\/100 par|[from] Grassy Terrain\n|upkeep\n|turn|19\n|\n|t:|1701148743\n|move|p2a: Dark Squidward|Knock Off|p1a: Goss Harag\n|-damage|p1a: Goss Harag|0 fnt\n|-enditem|p1a: Goss Harag|Life Orb|[from] move: Knock Off|[of] p2a: Dark Squidward\n|faint|p1a: Goss Harag\n|-heal|p2a: Dark Squidward|78\/100|[from] item: Shell Bell|[of] p1: Goss Harag\n|\n|-heal|p2a: Dark Squidward|85\/100|[from] Grassy Terrain\n|upkeep\n|\n|t:|1701148755\n|switch|p1a: Ibushi|Marshadow|100\/100\n|-damage|p1a: Ibushi|94\/100|[from] Stealth Rock\n|turn|20\n|\n|t:|1701148761\n|move|p1a: Ibushi|Protect|p1a: Ibushi\n|-singleturn|p1a: Ibushi|Protect\n|move|p2a: Dark Squidward|Psycho Cut|p1a: Ibushi\n|-activate|p1a: Ibushi|move: Protect\n|\n|-heal|p1a: Ibushi|100\/100|[from] Grassy Terrain\n|-heal|p2a: Dark Squidward|91\/100|[from] Grassy Terrain\n|upkeep\n|turn|21\n|\n|t:|1701148771\n|move|p1a: Ibushi|Spectral Thief||[still]\n|-clearpositiveboost|p2a: Dark Squidward|p1a: Ibushi|move: Spectral Thief\n|-boost|p1a: Ibushi|atk|1\n|-boost|p1a: Ibushi|def|1\n|-anim|p1a: Ibushi|Spectral Thief|p2a: Dark Squidward\n|-damage|p2a: Dark Squidward|18\/100\n|move|p2a: Dark Squidward|Knock Off|p1a: Ibushi\n|-damage|p1a: Ibushi|60\/100\n|-enditem|p1a: Ibushi|Focus Sash|[from] move: Knock Off|[of] p2a: Dark Squidward\n|-heal|p2a: Dark Squidward|23\/100|[from] item: Shell Bell|[of] p1a: Ibushi\n|\n|-heal|p1a: Ibushi|66\/100|[from] Grassy Terrain\n|-heal|p2a: Dark Squidward|29\/100|[from] Grassy Terrain\n|upkeep\n|turn|22\n|\n|t:|1701148788\n|move|p1a: Ibushi|Shadow Sneak|p2a: Dark Squidward\n|-damage|p2a: Dark Squidward|0 fnt\n|faint|p2a: Dark Squidward\n|\n|-heal|p1a: Ibushi|72\/100|[from] Grassy Terrain\n|-fieldend|move: Grassy Terrain\n|upkeep\n|\n|t:|1701148795\n|switch|p2a: Cute Gengar|Clefable, F|100\/100 tox\n|turn|23\n|\n|t:|1701148805\n|move|p1a: Ibushi|Spectral Thief|p2a: Cute Gengar\n|-damage|p2a: Cute Gengar|29\/100 tox\n|move|p2a: Cute Gengar|Moonblast|p1a: Ibushi\n|-supereffective|p1a: Ibushi\n|-damage|p1a: Ibushi|0 fnt\n|faint|p1a: Ibushi\n|\n|upkeep\n|\n|t:|1701148821\n|switch|p1a: Gobul|Clodsire, F|94\/100\n|-damage|p1a: Gobul|88\/100|[from] Stealth Rock\n|turn|24\n|\n|t:|1701148826\n|move|p2a: Cute Gengar|Soft-Boiled|p2a: Cute Gengar\n|-heal|p2a: Cute Gengar|79\/100 tox\n|move|p1a: Gobul|Earthquake|p2a: Cute Gengar\n|-damage|p2a: Cute Gengar|53\/100 tox\n|\n|-heal|p1a: Gobul|94\/100|[from] item: Leftovers\n|upkeep\n|turn|25\n|\n|t:|1701148837\n|switch|p1a: Nargacuga|Incineroar, M|66\/100 par\n|-damage|p1a: Nargacuga|41\/100 par|[from] Stealth Rock\n|-ability|p1a: Nargacuga|Intimidate|boost\n|-unboost|p2a: Cute Gengar|atk|1\n|move|p2a: Cute Gengar|Moonblast|p1a: Nargacuga\n|-damage|p1a: Nargacuga|9\/100 par\n|\n|upkeep\n|turn|26\n|\n|t:|1701148846\n|move|p2a: Cute Gengar|Moonblast|p1a: Nargacuga\n|-damage|p1a: Nargacuga|0 fnt\n|faint|p1a: Nargacuga\n|\n|upkeep\n|\n|t:|1701148853\n|switch|p1a: Lunagaron|Blastoise, F|100\/100\n|-damage|p1a: Lunagaron|88\/100|[from] Stealth Rock\n|turn|27\n|\n|t:|1701148858\n|detailschange|p1a: Lunagaron|Blastoise-Mega, F\n|-mega|p1a: Lunagaron|Blastoise|Blastoisinite\n|move|p1a: Lunagaron|Shell Smash|p1a: Lunagaron\n|-unboost|p1a: Lunagaron|def|1\n|-unboost|p1a: Lunagaron|spd|1\n|-boost|p1a: Lunagaron|atk|2\n|-boost|p1a: Lunagaron|spa|2\n|-boost|p1a: Lunagaron|spe|2\n|move|p2a: Cute Gengar|Thunder Wave|p1a: Lunagaron\n|-status|p1a: Lunagaron|par\n|\n|upkeep\n|turn|28\n|\n|t:|1701148869\n|move|p1a: Lunagaron|Dark Pulse|p2a: Cute Gengar\n|-resisted|p2a: Cute Gengar\n|-damage|p2a: Cute Gengar|17\/100 tox\n|move|p2a: Cute Gengar|Moonblast|p1a: Lunagaron\n|-damage|p1a: Lunagaron|37\/100 par\n|-unboost|p1a: Lunagaron|spa|1\n|\n|upkeep\n|turn|29\n|\n|t:|1701148878\n|move|p1a: Lunagaron|Water Pulse|p2a: Cute Gengar\n|-damage|p2a: Cute Gengar|0 fnt\n|faint|p2a: Cute Gengar\n|\n|upkeep\n|\n|t:|1701148884\n|switch|p2a: Leviathan|Gyarados, F|100\/100\n|turn|30\n|\n|t:|1701148889\n|move|p2a: Leviathan|Dragon Dance|p2a: Leviathan\n|-boost|p2a: Leviathan|atk|1\n|-boost|p2a: Leviathan|spe|1\n|cant|p1a: Lunagaron|par\n|\n|upkeep\n|turn|31\n|\n|t:|1701148896\n|move|p2a: Leviathan|Waterfall|p1a: Lunagaron\n|-resisted|p1a: Lunagaron\n|-damage|p1a: Lunagaron|0 fnt\n|faint|p1a: Lunagaron\n|-ability|p2a: Leviathan|Moxie|boost\n|-boost|p2a: Leviathan|atk|1\n|\n|upkeep\n|\n|t:|1701148903\n|switch|p1a: Gobul|Clodsire, F|94\/100\n|-damage|p1a: Gobul|88\/100|[from] Stealth Rock\n|turn|32\n|l|\u2606Faiz Kediri Butuh\n|inactive|Faiz Kediri Butuh disconnected and has a minute to reconnect!\n|player|p2|\n|inactive|Faiz Kediri Butuh has 30 seconds to reconnect!\n|j|\u2606Faiz Kediri Butuh\n|inactive|Faiz Kediri Butuh reconnected and has 105 seconds left.\n|player|p2|Faiz Kediri Butuh|preschoolerf-gen7\n|\n|t:|1701148958\n|-terastallize|p2a: Leviathan|Ground\n|move|p2a: Leviathan|Earthquake|p1a: Gobul\n|-supereffective|p1a: Gobul\n|-damage|p1a: Gobul|0 fnt\n|faint|p1a: Gobul\n|\n|win|Faiz Kediri Butuh\n|raw|Cheweeds's rating: 1371 &rarr; <strong>1342<\/strong><br \/>(-29 for losing)\n|raw|Faiz Kediri Butuh's rating: 1206 &rarr; <strong>1242<\/strong><br \/>(+36 for winning)\n|l|\u2606Cheweeds\n|c|\u2606Faiz Kediri Butuh|Gg\n","uploadtime":1701148977,"views":1,"p1id":"cheweeds","p2id":"faizkediributuh","formatid":"gen9nationaldexubers","rating":1242,"private":0,"password":""}