{"id":"gen9nationaldexubers-1985836924","p1":"CryAndComplain23","p2":"geeb69","format":"[Gen 9] National Dex Ubers","log":"|j|\u2606CryAndComplain23\n|j|\u203dgeeb69\n|t:|1699411529\n|gametype|singles\n|player|p1|CryAndComplain23|guzma|\n|player|p2|geeb69|ethan|\n|teamsize|p1|6\n|teamsize|p2|6\n|gen|9\n|tier|[Gen 9] National Dex Ubers\n|rule|HP Percentage Mod: HP is shown in percentages\n|rule|Endless Battle Clause: Forcing endless battles is banned\n|rule|OHKO Clause: OHKO moves are banned\n|rule|Evasion Moves Clause: Evasion moves are banned\n|rule|Evasion Items Clause: Evasion items are banned\n|rule|Species Clause: Limit one of each Pok\u00e9mon\n|rule|Sleep Clause Mod: Limit one foe put to sleep\n|rule|Mega Rayquaza Clause: You cannot mega evolve Rayquaza\n|clearpoke\n|poke|p1|Slowking-Galar, M|\n|poke|p1|Zapdos-Galar|\n|poke|p1|Volcarona, F|\n|poke|p1|Kingambit, M|\n|poke|p1|Altaria, M|\n|poke|p1|Corviknight, M|\n|poke|p2|Quaquaval, F|\n|poke|p2|Dragapult, M|\n|poke|p2|Zeraora|\n|poke|p2|Meowscarada, F|\n|poke|p2|Urshifu-*, M|\n|poke|p2|Iron Moth|\n|teampreview\n|j| poop679\n|l|\u2606CryAndComplain23\n|player|p1|\n|j|\u2606CryAndComplain23\n|player|p1|CryAndComplain23|guzma\n|\n|t:|1699411556\n|start\n|switch|p1a: Let\u2019s Dance|Zapdos-Galar|100\/100\n|switch|p2a: Urshifu|Urshifu-Rapid-Strike, M|100\/100\n|turn|1\n|\n|t:|1699411582\n|switch|p2a: Zeraora|Zeraora|100\/100\n|move|p1a: Let\u2019s Dance|U-turn|p2a: Zeraora\n|-damage|p2a: Zeraora|62\/100\n|\n|t:|1699411598\n|switch|p1a: Altaria|Altaria, M|100\/100|[from] U-turn\n|\n|upkeep\n|turn|2\n|\n|t:|1699411606\n|detailschange|p1a: Altaria|Altaria-Mega, M\n|-mega|p1a: Altaria|Altaria|Altarianite\n|move|p2a: Zeraora|Plasma Fists|p1a: Altaria\n|-resisted|p1a: Altaria\n|-damage|p1a: Altaria|77\/100\n|-fieldactivate|move: Ion Deluge\n|-hint|Normal-type moves become Electric-type after using Plasma Fists.\n|move|p1a: Altaria|Dragon Dance|p1a: Altaria\n|-boost|p1a: Altaria|atk|1\n|-boost|p1a: Altaria|spe|1\n|\n|upkeep\n|turn|3\n|j| Arod2606\n|\n|t:|1699411632\n|move|p1a: Altaria|Dragon Dance|p1a: Altaria\n|-boost|p1a: Altaria|atk|1\n|-boost|p1a: Altaria|spe|1\n|move|p2a: Zeraora|Bulk Up|p2a: Zeraora\n|-boost|p2a: Zeraora|atk|1\n|-boost|p2a: Zeraora|def|1\n|\n|upkeep\n|turn|4\n|c| Arod2606|ooh kill him\n|l|\u2606CryAndComplain23\n|player|p1|\n|\n|t:|1699411671\n|move|p1a: Altaria|Earthquake|p2a: Zeraora\n|-supereffective|p2a: Zeraora\n|-damage|p2a: Zeraora|0 fnt\n|faint|p2a: Zeraora\n|\n|upkeep\n|j|\u2606CryAndComplain23\n|player|p1|CryAndComplain23|guzma\n|\n|t:|1699411706\n|switch|p2a: Quaquaval|Quaquaval, F|100\/100\n|turn|5\n|\n|t:|1699411708\n|move|p1a: Altaria|Return|p2a: Quaquaval\n|-supereffective|p2a: Quaquaval\n|-damage|p2a: Quaquaval|0 fnt\n|faint|p2a: Quaquaval\n|\n|upkeep\n|\n|t:|1699411718\n|switch|p2a: Dragapult|Dragapult, M|100\/100\n|turn|6\n|\n|t:|1699411721\n|move|p1a: Altaria|Return|p2a: Dragapult\n|-supereffective|p2a: Dragapult\n|-damage|p2a: Dragapult|0 fnt\n|faint|p2a: Dragapult\n|\n|upkeep\n|\n|t:|1699411724\n|switch|p2a: Urshifu|Urshifu-Rapid-Strike, M|100\/100\n|turn|7\n|\n|t:|1699411726\n|move|p1a: Altaria|Return|p2a: Urshifu\n|-supereffective|p2a: Urshifu\n|-damage|p2a: Urshifu|0 fnt\n|faint|p2a: Urshifu\n|\n|upkeep\n|\n|t:|1699411728\n|switch|p2a: Meowscarada|Meowscarada, F|100\/100\n|turn|8\n|\n|t:|1699411732\n|move|p1a: Altaria|Return|p2a: Meowscarada\n|-supereffective|p2a: Meowscarada\n|-damage|p2a: Meowscarada|0 fnt\n|faint|p2a: Meowscarada\n|\n|upkeep\n|\n|t:|1699411734\n|switch|p2a: Iron Moth|Iron Moth|100\/100\n|-item|p2a: Iron Moth|Air Balloon\n|turn|9\n|\n|t:|1699411745\n|move|p1a: Altaria|Dragon Claw|p2a: Iron Moth\n|-crit|p2a: Iron Moth\n|-damage|p2a: Iron Moth|0 fnt\n|-enditem|p2a: Iron Moth|Air Balloon\n|faint|p2a: Iron Moth\n|-end|p2a: Iron Moth|Quark Drive|[silent]\n|\n|win|CryAndComplain23\n|l|\u203dgeeb69\n","uploadtime":1699411752,"views":22,"p1id":"cryandcomplain23","p2id":"geeb69","formatid":"gen9nationaldexubers","rating":0,"private":0,"password":""}