{"id":"gen9nationaldexubers-1990932396","p1":"bydotcasts","p2":"Lunar Sloth","format":"[Gen 9] National Dex Ubers","log":"|j|\u2606bydotcasts\n|j|\u2606Lunar Sloth\n|t:|1700016638\n|gametype|singles\n|player|p1|bydotcasts|bruno|\n|player|p2|Lunar Sloth|266|\n|teamsize|p1|6\n|teamsize|p2|6\n|gen|9\n|tier|[Gen 9] National Dex Ubers\n|rule|HP Percentage Mod: HP is shown in percentages\n|rule|Endless Battle Clause: Forcing endless battles is banned\n|rule|OHKO Clause: OHKO moves are banned\n|rule|Evasion Moves Clause: Evasion moves are banned\n|rule|Evasion Items Clause: Evasion items are banned\n|rule|Species Clause: Limit one of each Pok\u00e9mon\n|rule|Sleep Clause Mod: Limit one foe put to sleep\n|rule|Mega Rayquaza Clause: You cannot mega evolve Rayquaza\n|clearpoke\n|poke|p1|Electivire, M|\n|poke|p1|Shuckle, F|\n|poke|p1|Dragonite, F|\n|poke|p1|Heatran, F|\n|poke|p1|Azelf|\n|poke|p1|Heracross, M|\n|poke|p2|Iron Treads|\n|poke|p2|Liepard, F|\n|poke|p2|Iron Valiant|\n|poke|p2|Polteageist|\n|poke|p2|Weezing, F|\n|poke|p2|Celesteela|\n|teampreview\n|j| Smackey_5\n|j| speedykidyo\n|c| Smackey_5|First\n|c| speedykidyo|dangit\n|c|\u2606Lunar Sloth|damn\n|j| ZBFusion\n|c| ZBFusion|fourth\n|\n|t:|1700016703\n|start\n|switch|p1a: naboo|Azelf|100\/100\n|switch|p2a: Liepard|Liepard, F|100\/100\n|turn|1\n|\n|t:|1700016710\n|move|p1a: naboo|U-turn|p2a: Liepard\n|-supereffective|p2a: Liepard\n|-enditem|p2a: Liepard|Focus Sash\n|-damage|p2a: Liepard|1\/100\n|\n|t:|1700016714\n|switch|p1a: knuckle|Shuckle, F, shiny|100\/100|[from] U-turn\n|move|p2a: Liepard|Knock Off|p1a: knuckle\n|-damage|p1a: knuckle|74\/100\n|-enditem|p1a: knuckle|Mental Herb|[from] move: Knock Off|[of] p2a: Liepard\n|\n|upkeep\n|turn|2\n|c| speedykidyo|KarmaSweep\n|\n|t:|1700016725\n|move|p2a: Liepard|U-turn|p1a: knuckle\n|-damage|p1a: knuckle|61\/100\n|\n|t:|1700016727\n|switch|p2a: Iron Treads|Iron Treads|100\/100|[from] U-turn\n|move|p1a: knuckle|Sticky Web|p2a: Iron Treads\n|-sidestart|p2: Lunar Sloth|move: Sticky Web\n|\n|upkeep\n|turn|3\n|\n|t:|1700016734\n|move|p2a: Iron Treads|Rapid Spin|p1a: knuckle\n|-resisted|p1a: knuckle\n|-damage|p1a: knuckle|56\/100\n|-boost|p2a: Iron Treads|spe|1\n|-sideend|p2: Lunar Sloth|Sticky Web|[from] move: Rapid Spin|[of] p2a: Iron Treads\n|move|p1a: knuckle|Encore|p2a: Iron Treads\n|-start|p2a: Iron Treads|Encore\n|\n|upkeep\n|turn|4\n|\n|t:|1700016752\n|switch|p1a: sweeper at home|Electivire, M|100\/100\n|-zpower|p2a: Iron Treads\n|move|p2a: Iron Treads|Tectonic Rage|p1a: sweeper at home|[zeffect]\n|-supereffective|p1a: sweeper at home\n|-damage|p1a: sweeper at home|0 fnt\n|faint|p1a: sweeper at home\n|\n|upkeep\n|c| Smackey_5|The tech?\n|c| Smackey_5|That's interesting\n|\n|t:|1700016782\n|switch|p1a: naboo|Azelf|100\/100\n|turn|5\n|\n|t:|1700016789\n|move|p2a: Iron Treads|Rapid Spin|p1a: naboo\n|-crit|p1a: naboo\n|-damage|p1a: naboo|64\/100\n|-boost|p2a: Iron Treads|spe|1\n|move|p1a: naboo|Energy Ball|p2a: Iron Treads\n|-damage|p2a: Iron Treads|59\/100\n|-unboost|p2a: Iron Treads|spd|1\n|\n|upkeep\n|turn|6\n|\n|t:|1700016798\n|move|p2a: Iron Treads|Rapid Spin|p1a: naboo\n|-damage|p1a: naboo|39\/100\n|-boost|p2a: Iron Treads|spe|1\n|move|p1a: naboo|U-turn|p2a: Iron Treads\n|-resisted|p2a: Iron Treads\n|-damage|p2a: Iron Treads|52\/100\n|\n|t:|1700016804\n|switch|p1a: dog|Heatran, F|100\/100|[from] U-turn\n|\n|-end|p2a: Iron Treads|Encore\n|upkeep\n|turn|7\n|\n|t:|1700016811\n|-terastallize|p1a: dog|Flying\n|move|p2a: Iron Treads|Stealth Rock|p1a: dog\n|-sidestart|p1: bydotcasts|move: Stealth Rock\n|move|p1a: dog|Substitute|p1a: dog\n|-start|p1a: dog|Substitute\n|-damage|p1a: dog|76\/100\n|\n|-heal|p1a: dog|82\/100|[from] item: Leftovers\n|upkeep\n|turn|8\n|\n|t:|1700016819\n|move|p2a: Iron Treads|Ice Spinner|p1a: dog\n|-supereffective|p1a: dog\n|-end|p1a: dog|Substitute\n|move|p1a: dog|Magma Storm|p2a: Iron Treads\n|-supereffective|p2a: Iron Treads\n|-damage|p2a: Iron Treads|0 fnt\n|faint|p2a: Iron Treads\n|-end|p2a: Iron Treads|Quark Drive|[silent]\n|\n|-heal|p1a: dog|88\/100|[from] item: Leftovers\n|upkeep\n|\n|t:|1700016832\n|switch|p2a: Iron Valiant|Iron Valiant|100\/100\n|turn|9\n|\n|t:|1700016839\n|move|p2a: Iron Valiant|Moonblast|p1a: dog\n|-damage|p1a: dog|41\/100\n|-unboost|p1a: dog|spa|1\n|move|p1a: dog|Taunt|p2a: Iron Valiant\n|-start|p2a: Iron Valiant|move: Taunt\n|\n|-heal|p1a: dog|48\/100|[from] item: Leftovers\n|upkeep\n|turn|10\n|\n|t:|1700016852\n|-terastallize|p2a: Iron Valiant|Fairy\n|move|p2a: Iron Valiant|Moonblast|p1a: dog\n|-damage|p1a: dog|0 fnt\n|faint|p1a: dog\n|\n|upkeep\n|\n|t:|1700016904\n|switch|p1a: knuckle|Shuckle, F, shiny|56\/100\n|-damage|p1a: knuckle|31\/100|[from] Stealth Rock\n|turn|11\n|\n|t:|1700016909\n|move|p2a: Iron Valiant|Moonblast|p1a: knuckle\n|-damage|p1a: knuckle|0 fnt\n|faint|p1a: knuckle\n|\n|upkeep\n|\n|t:|1700016916\n|switch|p1a: naboo|Azelf|39\/100\n|-damage|p1a: naboo|26\/100|[from] Stealth Rock\n|turn|12\n|\n|t:|1700016924\n|move|p2a: Iron Valiant|Moonblast|p1a: naboo\n|-crit|p1a: naboo\n|-damage|p1a: naboo|0 fnt\n|faint|p1a: naboo\n|\n|-end|p2a: Iron Valiant|move: Taunt\n|upkeep\n|\n|t:|1700016933\n|switch|p1a: audible|Heracross, M|100\/100\n|-damage|p1a: audible|88\/100|[from] Stealth Rock\n|turn|13\n|\n|t:|1700016943\n|detailschange|p1a: audible|Heracross-Mega, M\n|-mega|p1a: audible|Heracross|Heracronite\n|move|p2a: Iron Valiant|Moonblast|p1a: audible\n|-supereffective|p1a: audible\n|-damage|p1a: audible|0 fnt\n|faint|p1a: audible\n|\n|upkeep\n|\n|t:|1700016948\n|switch|p1a: funny man|Dragonite, F, shiny|100\/100\n|-damage|p1a: funny man|76\/100|[from] Stealth Rock\n|turn|14\n|\n|t:|1700016954\n|move|p1a: funny man|Extreme Speed|p2a: Iron Valiant\n|-enditem|p1a: funny man|Normal Gem|[from] gem\n|-damage|p2a: Iron Valiant|52\/100\n|move|p2a: Iron Valiant|Moonblast|p1a: funny man\n|-supereffective|p1a: funny man\n|-damage|p1a: funny man|0 fnt\n|faint|p1a: funny man\n|\n|win|Lunar Sloth\n|c|\u2606Lunar Sloth|ggs\n|c|\u2606bydotcasts|gg\n|l|\u2606bydotcasts\n","uploadtime":1700016963,"views":30,"p1id":"bydotcasts","p2id":"lunarsloth","formatid":"gen9nationaldexubers","rating":0,"private":0,"password":""}