{"id":"gen9nationaldexubers-1981805673","p1":"kaikalos","p2":"ApexSpectre777","format":"[Gen 9] National Dex Ubers","log":"|j|\u2606kaikalos\n|j|\u2606ApexSpectre777\n|t:|1698942995\n|gametype|singles\n|player|p1|kaikalos|schoolkid|1176\n|player|p2|ApexSpectre777|leon|1192\n|teamsize|p1|6\n|teamsize|p2|6\n|gen|9\n|tier|[Gen 9] National Dex Ubers\n|rated|\n|rule|HP Percentage Mod: HP is shown in percentages\n|rule|Endless Battle Clause: Forcing endless battles is banned\n|rule|OHKO Clause: OHKO moves are banned\n|rule|Evasion Moves Clause: Evasion moves are banned\n|rule|Evasion Items Clause: Evasion items are banned\n|rule|Species Clause: Limit one of each Pok\u00e9mon\n|rule|Sleep Clause Mod: Limit one foe put to sleep\n|rule|Mega Rayquaza Clause: You cannot mega evolve Rayquaza\n|clearpoke\n|poke|p1|Ogerpon, F|\n|poke|p1|Ceruledge, F|\n|poke|p1|Azumarill, F|\n|poke|p1|Lopunny, F|\n|poke|p1|Necrozma-Dawn-Wings|\n|poke|p1|Togedemaru, L1, F|\n|poke|p2|Blaziken, F|\n|poke|p2|Ogerpon-Hearthflame, F|\n|poke|p2|Talonflame, M|\n|poke|p2|Skeledirge, M|\n|poke|p2|Iron Moth|\n|poke|p2|Torkoal, F|\n|teampreview\n|inactive|Battle timer is ON: inactive players will automatically lose when time's up. (requested by ApexSpectre777)\n|\n|t:|1698943009\n|start\n|switch|p1a: Ratoelho|Azumarill, F, shiny|100\/100\n|switch|p2a: Torkoal|Torkoal, F|100\/100\n|-weather|SunnyDay|[from] ability: Drought|[of] p2a: Torkoal\n|turn|1\n|c|\u2606ApexSpectre777|why are you blue\n|\n|t:|1698943018\n|move|p1a: Ratoelho|Belly Drum|p1a: Ratoelho\n|-damage|p1a: Ratoelho|50\/100\n|-setboost|p1a: Ratoelho|atk|6|[from] move: Belly Drum\n|move|p2a: Torkoal|Stealth Rock|p1a: Ratoelho\n|-sidestart|p1: kaikalos|move: Stealth Rock\n|\n|-weather|SunnyDay|[upkeep]\n|-heal|p1a: Ratoelho|57\/100|[from] item: Leftovers\n|upkeep\n|turn|2\n|\n|t:|1698943023\n|move|p1a: Ratoelho|Aqua Jet|p2a: Torkoal\n|-supereffective|p2a: Torkoal\n|-damage|p2a: Torkoal|48\/100\n|move|p2a: Torkoal|Yawn|p1a: Ratoelho\n|-start|p1a: Ratoelho|move: Yawn|[of] p2a: Torkoal\n|\n|-weather|SunnyDay|[upkeep]\n|-heal|p1a: Ratoelho|63\/100|[from] item: Leftovers\n|upkeep\n|turn|3\n|\n|t:|1698943030\n|move|p1a: Ratoelho|Aqua Jet|p2a: Torkoal\n|-supereffective|p2a: Torkoal\n|-crit|p2a: Torkoal\n|-damage|p2a: Torkoal|0 fnt\n|faint|p2a: Torkoal\n|\n|-weather|SunnyDay|[upkeep]\n|-heal|p1a: Ratoelho|69\/100|[from] item: Leftovers\n|-end|p1a: Ratoelho|move: Yawn|[silent]\n|-status|p1a: Ratoelho|slp\n|upkeep\n|\n|t:|1698943034\n|switch|p2a: Talonflame|Talonflame, M|100\/100\n|turn|4\n|\n|t:|1698943038\n|cant|p1a: Ratoelho|slp\n|move|p2a: Talonflame|Swords Dance|p2a: Talonflame\n|-boost|p2a: Talonflame|atk|2\n|\n|-weather|SunnyDay|[upkeep]\n|-heal|p1a: Ratoelho|75\/100 slp|[from] item: Leftovers\n|upkeep\n|turn|5\n|\n|t:|1698943040\n|move|p2a: Talonflame|Dual Wingbeat|p1a: Ratoelho|[miss]\n|-miss|p2a: Talonflame|p1a: Ratoelho\n|-curestatus|p1a: Ratoelho|slp|[msg]\n|move|p1a: Ratoelho|Aqua Jet|p2a: Talonflame\n|-supereffective|p2a: Talonflame\n|-damage|p2a: Talonflame|0 fnt\n|faint|p2a: Talonflame\n|\n|-weather|SunnyDay|[upkeep]\n|-heal|p1a: Ratoelho|81\/100|[from] item: Leftovers\n|upkeep\n|c|\u2606ApexSpectre777|lol\n|c|\u2606ApexSpectre777|ok\n|\n|t:|1698943054\n|switch|p2a: Skeledirge|Skeledirge, M|100\/100\n|turn|6\n|c|\u2606kaikalos|Sou brasileiro po\n|\n|t:|1698943065\n|move|p1a: Ratoelho|Aqua Jet|p2a: Skeledirge\n|-supereffective|p2a: Skeledirge\n|-damage|p2a: Skeledirge|80\/100\n|move|p2a: Skeledirge|Shadow Ball|p1a: Ratoelho\n|-damage|p1a: Ratoelho|36\/100\n|\n|-weather|SunnyDay|[upkeep]\n|-heal|p1a: Ratoelho|42\/100|[from] item: Leftovers\n|-heal|p2a: Skeledirge|86\/100|[from] item: Leftovers\n|upkeep\n|turn|7\n|\n|t:|1698943074\n|move|p1a: Ratoelho|Aqua Jet|p2a: Skeledirge\n|-supereffective|p2a: Skeledirge\n|-damage|p2a: Skeledirge|66\/100\n|move|p2a: Skeledirge|Torch Song|p1a: Ratoelho\n|-resisted|p1a: Ratoelho\n|-damage|p1a: Ratoelho|5\/100\n|-boost|p2a: Skeledirge|spa|1\n|\n|-weather|SunnyDay|[upkeep]\n|-heal|p1a: Ratoelho|11\/100|[from] item: Leftovers\n|-heal|p2a: Skeledirge|72\/100|[from] item: Leftovers\n|upkeep\n|turn|8\n|\n|t:|1698943083\n|move|p1a: Ratoelho|Aqua Jet|p2a: Skeledirge\n|-supereffective|p2a: Skeledirge\n|-damage|p2a: Skeledirge|50\/100\n|move|p2a: Skeledirge|Torch Song|p1a: Ratoelho\n|-resisted|p1a: Ratoelho\n|-damage|p1a: Ratoelho|0 fnt\n|-boost|p2a: Skeledirge|spa|1\n|faint|p1a: Ratoelho\n|\n|-weather|none\n|-heal|p2a: Skeledirge|56\/100|[from] item: Leftovers\n|upkeep\n|\n|t:|1698943088\n|switch|p1a: Cueia|Lopunny, F|100\/100\n|-damage|p1a: Cueia|88\/100|[from] Stealth Rock\n|turn|9\n|\n|t:|1698943091\n|detailschange|p1a: Cueia|Lopunny-Mega, F\n|-mega|p1a: Cueia|Lopunny|Lopunnite\n|move|p1a: Cueia|Fake Out|p2a: Skeledirge\n|-damage|p2a: Skeledirge|35\/100\n|cant|p2a: Skeledirge|flinch\n|\n|-heal|p2a: Skeledirge|41\/100|[from] item: Leftovers\n|upkeep\n|turn|10\n|\n|t:|1698943096\n|move|p1a: Cueia|Return|p2a: Skeledirge\n|-damage|p2a: Skeledirge|0 fnt\n|faint|p2a: Skeledirge\n|\n|upkeep\n|\n|t:|1698943100\n|switch|p2a: Blaziken|Blaziken, F|100\/100\n|turn|11\n|\n|t:|1698943109\n|switch|p1a: Necrozma|Necrozma-Dawn-Wings|100\/100\n|-damage|p1a: Necrozma|88\/100|[from] Stealth Rock\n|detailschange|p2a: Blaziken|Blaziken-Mega, F\n|-mega|p2a: Blaziken|Blaziken|Blazikenite\n|move|p2a: Blaziken|Detect||[still]\n|-fail|p2a: Blaziken\n|\n|-ability|p2a: Blaziken|Speed Boost|boost\n|-boost|p2a: Blaziken|spe|1\n|upkeep\n|turn|12\n|\n|t:|1698943115\n|detailschange|p1a: Necrozma|Necrozma-Ultra\n|-burst|p1a: Necrozma|Necrozma|Ultranecrozium Z\n|move|p2a: Blaziken|Blaze Kick|p1a: Necrozma\n|-resisted|p1a: Necrozma\n|-damage|p1a: Necrozma|59\/100\n|-status|p1a: Necrozma|brn\n|move|p1a: Necrozma|Photon Geyser|p2a: Blaziken\n|-supereffective|p2a: Blaziken\n|-damage|p2a: Blaziken|0 fnt\n|faint|p2a: Blaziken\n|\n|-damage|p1a: Necrozma|52\/100 brn|[from] brn\n|upkeep\n|\n|t:|1698943127\n|switch|p2a: Ogerpon|Ogerpon-Hearthflame, F|100\/100\n|-ability|p2a: Ogerpon|Mold Breaker\n|turn|13\n|\n|t:|1698943132\n|-terastallize|p2a: Ogerpon|Fire\n|detailschange|p2a: Ogerpon|Ogerpon-Hearthflame-Tera, F, tera:Fire\n|-ability|p2a: Ogerpon|Embody Aspect (Hearthflame)|boost\n|-boost|p2a: Ogerpon|atk|1\n|-zpower|p1a: Necrozma\n|move|p1a: Necrozma|Light That Burns the Sky|p2a: Ogerpon|[zeffect]\n|-damage|p2a: Ogerpon|0 fnt\n|faint|p2a: Ogerpon\n|\n|-damage|p1a: Necrozma|46\/100 brn|[from] brn\n|upkeep\n|\n|t:|1698943137\n|switch|p2a: Iron Moth|Iron Moth|100\/100\n|-enditem|p2a: Iron Moth|Booster Energy\n|-activate|p2a: Iron Moth|ability: Quark Drive|[fromitem]\n|-start|p2a: Iron Moth|quarkdrivespe\n|turn|14\n|\n|t:|1698943146\n|move|p2a: Iron Moth|Bug Buzz|p1a: Necrozma\n|-supereffective|p1a: Necrozma\n|-damage|p1a: Necrozma|0 fnt\n|faint|p1a: Necrozma\n|\n|upkeep\n|\n|t:|1698943154\n|switch|p1a: Cueia|Lopunny-Mega, F|88\/100\n|-damage|p1a: Cueia|82\/100|[from] Stealth Rock\n|turn|15\n|\n|t:|1698943161\n|move|p1a: Cueia|Fake Out|p2a: Iron Moth\n|-damage|p2a: Iron Moth|62\/100\n|cant|p2a: Iron Moth|flinch\n|\n|upkeep\n|turn|16\n|\n|t:|1698943164\n|move|p2a: Iron Moth|Fiery Dance|p1a: Cueia\n|-damage|p1a: Cueia|28\/100\n|move|p1a: Cueia|Return|p2a: Iron Moth\n|-damage|p2a: Iron Moth|0 fnt\n|faint|p2a: Iron Moth\n|-end|p2a: Iron Moth|Quark Drive|[silent]\n|\n|win|kaikalos\n|raw|kaikalos's rating: 1176 &rarr; <strong>1202<\/strong><br \/>(+26 for winning)\n|raw|ApexSpectre777's rating: 1192 &rarr; <strong>1166<\/strong><br \/>(-26 for losing)\n|l|\u2606ApexSpectre777\n","uploadtime":1698943197,"views":6,"p1id":"kaikalos","p2id":"apexspectre777","formatid":"gen9nationaldexubers","rating":1166,"private":0,"password":""}