{"id":"gen9nationaldexubers-1998230864","p1":"teneber","p2":"hoenn militian","format":"[Gen 9] National Dex Ubers","log":"|j|\u2606teneber\n|j|\u2606hoenn militian\n|t:|1700916749\n|gametype|singles\n|player|p1|teneber|ghetsis|1436\n|player|p2|hoenn militian|169|1466\n|teamsize|p1|6\n|teamsize|p2|6\n|gen|9\n|tier|[Gen 9] National Dex Ubers\n|rated|\n|rule|HP Percentage Mod: HP is shown in percentages\n|rule|Endless Battle Clause: Forcing endless battles is banned\n|rule|OHKO Clause: OHKO moves are banned\n|rule|Evasion Moves Clause: Evasion moves are banned\n|rule|Evasion Items Clause: Evasion items are banned\n|rule|Species Clause: Limit one of each Pok\u00e9mon\n|rule|Sleep Clause Mod: Limit one foe put to sleep\n|rule|Mega Rayquaza Clause: You cannot mega evolve Rayquaza\n|clearpoke\n|poke|p1|Groudon|\n|poke|p1|Arceus|\n|poke|p1|Zacian-*|\n|poke|p1|Kyogre|\n|poke|p1|Yveltal|\n|poke|p1|Eternatus|\n|poke|p2|Magearna|\n|poke|p2|Grimmsnarl, M|\n|poke|p2|Skeledirge, M|\n|poke|p2|Moltres|\n|poke|p2|Blissey, F|\n|poke|p2|Calyrex-Ice|\n|teampreview\n|inactive|Battle timer is ON: inactive players will automatically lose when time's up. (requested by teneber)\n|\n|t:|1700916765\n|start\n|switch|p1a: Zacian|Zacian-Crowned|100\/100\n|switch|p2a: Grimmsnarl|Grimmsnarl, M|100\/100\n|-ability|p1a: Zacian|Intrepid Sword|boost\n|-boost|p1a: Zacian|atk|1\n|turn|1\n|\n|t:|1700916772\n|move|p2a: Grimmsnarl|Parting Shot|p1a: Zacian\n|-unboost|p1a: Zacian|atk|1\n|-unboost|p1a: Zacian|spa|1\n|\n|t:|1700916781\n|switch|p2a: Skeledirge|Skeledirge, M|100\/100|[from] Parting Shot\n|move|p1a: Zacian|Behemoth Blade|p2a: Skeledirge\n|-resisted|p2a: Skeledirge\n|-damage|p2a: Skeledirge|84\/100\n|\n|upkeep\n|turn|2\n|\n|t:|1700916789\n|switch|p1a: Yveltal|Yveltal|100\/100\n|-ability|p1a: Yveltal|Dark Aura\n|move|p2a: Skeledirge|Hex|p1a: Yveltal\n|-resisted|p1a: Yveltal\n|-damage|p1a: Yveltal|89\/100\n|\n|upkeep\n|turn|3\n|\n|t:|1700916799\n|switch|p2a: Magearna|Magearna|100\/100\n|move|p1a: Yveltal|Dark Pulse|p2a: Magearna\n|-resisted|p2a: Magearna\n|-damage|p2a: Magearna|77\/100\n|\n|upkeep\n|turn|4\n|\n|t:|1700916806\n|move|p1a: Yveltal|Dark Pulse|p2a: Magearna\n|-resisted|p2a: Magearna\n|-damage|p2a: Magearna|54\/100\n|move|p2a: Magearna|Flash Cannon|p1a: Yveltal\n|-damage|p1a: Yveltal|61\/100\n|-unboost|p1a: Yveltal|spd|1\n|\n|upkeep\n|turn|5\n|\n|t:|1700916815\n|move|p1a: Yveltal|Dark Pulse|p2a: Magearna\n|-resisted|p2a: Magearna\n|-damage|p2a: Magearna|30\/100\n|move|p2a: Magearna|Flash Cannon|p1a: Yveltal\n|-damage|p1a: Yveltal|18\/100\n|\n|upkeep\n|turn|6\n|\n|t:|1700916823\n|move|p1a: Yveltal|Dark Pulse|p2a: Magearna\n|-resisted|p2a: Magearna\n|-damage|p2a: Magearna|8\/100\n|move|p2a: Magearna|Flash Cannon|p1a: Yveltal\n|-damage|p1a: Yveltal|0 fnt\n|faint|p1a: Yveltal\n|-ability|p2a: Magearna|Soul-Heart|boost\n|-boost|p2a: Magearna|spa|1\n|\n|upkeep\n|\n|t:|1700916831\n|switch|p1a: Kyogre|Kyogre|100\/100\n|-weather|RainDance|[from] ability: Drizzle|[of] p1a: Kyogre\n|turn|7\n|\n|t:|1700916835\n|move|p1a: Kyogre|Water Spout|p2a: Magearna\n|-damage|p2a: Magearna|0 fnt\n|faint|p2a: Magearna\n|\n|-weather|RainDance|[upkeep]\n|upkeep\n|\n|t:|1700916840\n|switch|p2a: Grimmsnarl|Grimmsnarl, M|100\/100\n|turn|8\n|\n|t:|1700916843\n|move|p2a: Grimmsnarl|Parting Shot|p1a: Kyogre\n|-unboost|p1a: Kyogre|atk|1\n|-unboost|p1a: Kyogre|spa|1\n|\n|t:|1700916846\n|switch|p2a: Blissey|Blissey, F|100\/100|[from] Parting Shot\n|move|p1a: Kyogre|Water Spout|p2a: Blissey\n|-damage|p2a: Blissey|75\/100\n|\n|-weather|RainDance|[upkeep]\n|upkeep\n|turn|9\n|\n|t:|1700916858\n|switch|p1a: Zacian|Zacian-Crowned|100\/100\n|move|p2a: Blissey|Stealth Rock|p1a: Zacian\n|-sidestart|p1: teneber|move: Stealth Rock\n|\n|-weather|RainDance|[upkeep]\n|upkeep\n|turn|10\n|\n|t:|1700916870\n|switch|p2a: Skeledirge|Skeledirge, M|84\/100\n|move|p1a: Zacian|Play Rough|p2a: Skeledirge\n|-resisted|p2a: Skeledirge\n|-damage|p2a: Skeledirge|67\/100\n|\n|-weather|RainDance|[upkeep]\n|upkeep\n|turn|11\n|\n|t:|1700916879\n|move|p1a: Zacian|Play Rough|p2a: Skeledirge\n|-resisted|p2a: Skeledirge\n|-damage|p2a: Skeledirge|53\/100\n|move|p2a: Skeledirge|Slack Off|p2a: Skeledirge\n|-heal|p2a: Skeledirge|100\/100\n|\n|-weather|none\n|upkeep\n|turn|12\n|\n|t:|1700916891\n|switch|p1a: Eternatus|Eternatus|100\/100\n|-damage|p1a: Eternatus|88\/100|[from] Stealth Rock\n|-ability|p1a: Eternatus|Pressure\n|move|p2a: Skeledirge|Torch Song|p1a: Eternatus\n|-resisted|p1a: Eternatus\n|-damage|p1a: Eternatus|75\/100\n|-boost|p2a: Skeledirge|spa|1\n|\n|upkeep\n|turn|13\n|\n|t:|1700916902\n|switch|p2a: Blissey|Blissey, F|75\/100\n|move|p1a: Eternatus|Meteor Beam||[still]\n|-prepare|p1a: Eternatus|Meteor Beam\n|-boost|p1a: Eternatus|spa|1\n|-enditem|p1a: Eternatus|Power Herb\n|-anim|p1a: Eternatus|Meteor Beam|p2a: Blissey\n|-damage|p2a: Blissey|55\/100\n|\n|upkeep\n|turn|14\n|\n|t:|1700916910\n|move|p1a: Eternatus|Sludge Wave|p2a: Blissey\n|-damage|p2a: Blissey|33\/100\n|move|p2a: Blissey|Soft-Boiled|p2a: Blissey\n|-heal|p2a: Blissey|83\/100\n|\n|upkeep\n|turn|15\n|\n|t:|1700916927\n|move|p1a: Eternatus|Sludge Wave|p2a: Blissey\n|-damage|p2a: Blissey|62\/100\n|move|p2a: Blissey|Seismic Toss|p1a: Eternatus\n|-damage|p1a: Eternatus|51\/100\n|\n|upkeep\n|turn|16\n|\n|t:|1700916934\n|move|p1a: Eternatus|Sludge Wave|p2a: Blissey\n|-damage|p2a: Blissey|37\/100\n|move|p2a: Blissey|Soft-Boiled|p2a: Blissey\n|-heal|p2a: Blissey|87\/100\n|\n|upkeep\n|turn|17\n|\n|t:|1700916940\n|move|p1a: Eternatus|Meteor Beam||[still]\n|-prepare|p1a: Eternatus|Meteor Beam\n|-boost|p1a: Eternatus|spa|1\n|move|p2a: Blissey|Seismic Toss|p1a: Eternatus\n|-damage|p1a: Eternatus|27\/100\n|\n|upkeep\n|turn|18\n|\n|t:|1700916947\n|move|p1a: Eternatus|Meteor Beam|p2a: Blissey|[from]lockedmove\n|-damage|p2a: Blissey|62\/100\n|move|p2a: Blissey|Seismic Toss|p1a: Eternatus\n|-damage|p1a: Eternatus|3\/100\n|\n|upkeep\n|turn|19\n|\n|t:|1700916959\n|move|p1a: Eternatus|Sludge Wave|p2a: Blissey\n|-damage|p2a: Blissey|33\/100\n|move|p2a: Blissey|Soft-Boiled|p2a: Blissey\n|-heal|p2a: Blissey|83\/100\n|\n|upkeep\n|turn|20\n|\n|t:|1700916965\n|move|p1a: Eternatus|Sludge Wave|p2a: Blissey\n|-damage|p2a: Blissey|53\/100\n|move|p2a: Blissey|Seismic Toss|p1a: Eternatus\n|-damage|p1a: Eternatus|0 fnt\n|faint|p1a: Eternatus\n|\n|upkeep\n|\n|t:|1700916968\n|switch|p1a: Groudon|Groudon, shiny|100\/100\n|-damage|p1a: Groudon|94\/100|[from] Stealth Rock\n|detailschange|p1a: Groudon|Groudon-Primal, shiny\n|-primal|p1a: Groudon|Red Orb\n|-weather|DesolateLand|[from] ability: Desolate Land|[of] p1a: Groudon\n|turn|21\n|\n|t:|1700916976\n|switch|p2a: Moltres|Moltres|100\/100\n|move|p1a: Groudon|Rock Polish|p1a: Groudon\n|-boost|p1a: Groudon|spe|2\n|\n|-weather|DesolateLand|[upkeep]\n|upkeep\n|turn|22\n|\n|t:|1700916982\n|move|p1a: Groudon|Swords Dance|p1a: Groudon\n|-boost|p1a: Groudon|atk|2\n|move|p2a: Moltres|Roar|p1a: Groudon\n|-weather|none\n|drag|p1a: Arceus|Arceus|100\/100\n|-damage|p1a: Arceus|88\/100|[from] Stealth Rock\n|\n|-heal|p1a: Arceus|94\/100|[from] item: Leftovers\n|upkeep\n|turn|23\n|\n|t:|1700916991\n|move|p1a: Arceus|Dragon Dance|p1a: Arceus\n|-boost|p1a: Arceus|atk|1\n|-boost|p1a: Arceus|spe|1\n|move|p2a: Moltres|Burning Jealousy|p1a: Arceus\n|-damage|p1a: Arceus|75\/100\n|-status|p1a: Arceus|brn\n|\n|-heal|p1a: Arceus|81\/100 brn|[from] item: Leftovers\n|-damage|p1a: Arceus|75\/100 brn|[from] brn\n|upkeep\n|turn|24\n|\n|t:|1700917001\n|move|p1a: Arceus|Extreme Speed|p2a: Moltres\n|-crit|p2a: Moltres\n|-damage|p2a: Moltres|73\/100\n|move|p2a: Moltres|Roar|p1a: Arceus\n|drag|p1a: Kyogre|Kyogre|100\/100\n|-damage|p1a: Kyogre|88\/100|[from] Stealth Rock\n|-weather|RainDance|[from] ability: Drizzle|[of] p1a: Kyogre\n|\n|-weather|RainDance|[upkeep]\n|upkeep\n|turn|25\n|\n|t:|1700917024\n|switch|p2a: Grimmsnarl|Grimmsnarl, M|100\/100\n|-terastallize|p1a: Kyogre|Water\n|move|p1a: Kyogre|Water Spout|p2a: Grimmsnarl\n|-crit|p2a: Grimmsnarl\n|-damage|p2a: Grimmsnarl|0 fnt\n|faint|p2a: Grimmsnarl\n|\n|-weather|RainDance|[upkeep]\n|upkeep\n|\n|t:|1700917035\n|switch|p2a: Blissey|Blissey, F|53\/100\n|turn|26\n|\n|t:|1700917049\n|-terastallize|p2a: Blissey|Grass\n|move|p1a: Kyogre|Water Spout|p2a: Blissey\n|-resisted|p2a: Blissey\n|-crit|p2a: Blissey\n|-damage|p2a: Blissey|22\/100\n|move|p2a: Blissey|Soft-Boiled|p2a: Blissey\n|-heal|p2a: Blissey|72\/100\n|\n|-weather|RainDance|[upkeep]\n|upkeep\n|turn|27\n|\n|t:|1700917057\n|switch|p1a: Groudon|Groudon-Primal, shiny|94\/100\n|-damage|p1a: Groudon|82\/100|[from] Stealth Rock\n|-weather|DesolateLand|[from] ability: Desolate Land|[of] p1a: Groudon\n|move|p2a: Blissey|Seismic Toss|p1a: Groudon\n|-damage|p1a: Groudon|53\/100\n|\n|-weather|DesolateLand|[upkeep]\n|upkeep\n|turn|28\n|\n|t:|1700917067\n|switch|p2a: Moltres|Moltres|73\/100\n|move|p1a: Groudon|Swords Dance|p1a: Groudon\n|-boost|p1a: Groudon|atk|2\n|\n|-weather|DesolateLand|[upkeep]\n|upkeep\n|turn|29\n|\n|t:|1700917074\n|move|p1a: Groudon|Heat Crash|p2a: Moltres\n|-resisted|p2a: Moltres\n|-damage|p2a: Moltres|0 fnt\n|faint|p2a: Moltres\n|\n|-weather|DesolateLand|[upkeep]\n|upkeep\n|\n|t:|1700917079\n|switch|p2a: Skeledirge|Skeledirge, M|100\/100\n|turn|30\n|\n|t:|1700917083\n|move|p1a: Groudon|Earthquake|p2a: Skeledirge\n|-supereffective|p2a: Skeledirge\n|-damage|p2a: Skeledirge|10\/100\n|move|p2a: Skeledirge|Torch Song|p1a: Groudon\n|-resisted|p1a: Groudon\n|-damage|p1a: Groudon|28\/100\n|-boost|p2a: Skeledirge|spa|1\n|\n|-weather|DesolateLand|[upkeep]\n|upkeep\n|turn|31\n|-message|hoenn militian forfeited.\n|\n|win|teneber\n|raw|teneber's rating: 1443 &rarr; <strong>1464<\/strong><br \/>(+21 for winning)\n|raw|hoenn militian's rating: 1466 &rarr; <strong>1445<\/strong><br \/>(-21 for losing)\n|l|\u2606hoenn militian\n|l|\u2606teneber\n","uploadtime":1700917114,"views":3,"p1id":"teneber","p2id":"hoennmilitian","formatid":"gen9nationaldexubers","rating":1445,"private":0,"password":""}