{"id":"gen9nationaldexubers-1996662928","p1":"Snorkle Porkle","p2":"TheOfficialSlade","format":"[Gen 9] National Dex Ubers","log":"|j|\u2606Snorkle Porkle\n|j|\u2606TheOfficialSlade\n|t:|1700706726\n|gametype|singles\n|player|p1|Snorkle Porkle|170|\n|player|p2|TheOfficialSlade|shadowtriad|\n|teamsize|p1|6\n|teamsize|p2|6\n|gen|9\n|tier|[Gen 9] National Dex Ubers\n|rule|HP Percentage Mod: HP is shown in percentages\n|rule|Endless Battle Clause: Forcing endless battles is banned\n|rule|OHKO Clause: OHKO moves are banned\n|rule|Evasion Moves Clause: Evasion moves are banned\n|rule|Evasion Items Clause: Evasion items are banned\n|rule|Species Clause: Limit one of each Pok\u00e9mon\n|rule|Sleep Clause Mod: Limit one foe put to sleep\n|rule|Mega Rayquaza Clause: You cannot mega evolve Rayquaza\n|clearpoke\n|poke|p1|Drapion, F|\n|poke|p1|Talonflame, F|\n|poke|p1|Basculegion-F, F|\n|poke|p1|Garchomp, F|\n|poke|p1|Tapu Koko|\n|poke|p1|Metagross|\n|poke|p2|Greedent, M|\n|poke|p2|Espeon, M|\n|poke|p2|Ampharos, M|\n|poke|p2|Ferrothorn, F|\n|poke|p2|Togekiss, F|\n|poke|p2|Rhyperior, M|\n|teampreview\n|\n|t:|1700706798\n|start\n|switch|p1a: AQUA...Woman?|Basculegion-F, F, shiny|100\/100\n|switch|p2a: Ferrothorn|Ferrothorn, F|100\/100\n|turn|1\n|j| usagi the weeb\n|j| landlord79\n|\n|t:|1700706809\n|move|p1a: AQUA...Woman?|Flip Turn|p2a: Ferrothorn\n|-resisted|p2a: Ferrothorn\n|-damage|p2a: Ferrothorn|93\/100\n|\n|t:|1700706813\n|switch|p1a: The Brave Bird|Talonflame, F|100\/100|[from] Flip Turn\n|move|p2a: Ferrothorn|Giga Drain|p1a: The Brave Bird\n|-resisted|p1a: The Brave Bird\n|-damage|p1a: The Brave Bird|96\/100\n|-heal|p2a: Ferrothorn|96\/100|[from] drain|[of] p1a: The Brave Bird\n|\n|upkeep\n|turn|2\n|\n|t:|1700706828\n|switch|p2a: Rhyperior|Rhyperior, M|100\/100\n|move|p1a: The Brave Bird|Flamethrower|p2a: Rhyperior\n|-resisted|p2a: Rhyperior\n|-damage|p2a: Rhyperior|84\/100\n|-status|p2a: Rhyperior|brn\n|\n|-damage|p2a: Rhyperior|77\/100 brn|[from] brn\n|upkeep\n|turn|3\n|\n|t:|1700706849\n|move|p1a: The Brave Bird|U-turn|p2a: Rhyperior\n|-damage|p2a: Rhyperior|69\/100 brn\n|\n|t:|1700706856\n|switch|p1a: AQUA...Woman?|Basculegion-F, F, shiny|100\/100|[from] U-turn\n|move|p2a: Rhyperior|Stone Edge|p1a: AQUA...Woman?|[miss]\n|-miss|p2a: Rhyperior|p1a: AQUA...Woman?\n|\n|-damage|p2a: Rhyperior|63\/100 brn|[from] brn\n|upkeep\n|turn|4\n|\n|t:|1700706893\n|switch|p2a: Ampharos|Ampharos, M|100\/100\n|move|p1a: AQUA...Woman?|Hydro Pump|p2a: Ampharos\n|-damage|p2a: Ampharos|49\/100\n|\n|upkeep\n|turn|5\n|\n|t:|1700706917\n|switch|p1a: Just A Dolphin|Garchomp, F|100\/100\n|detailschange|p2a: Ampharos|Ampharos-Mega, M\n|-mega|p2a: Ampharos|Ampharos|Ampharosite\n|-ability|p2a: Ampharos|Mold Breaker\n|move|p2a: Ampharos|Magnet Rise|p2a: Ampharos\n|-start|p2a: Ampharos|Magnet Rise\n|\n|upkeep\n|turn|6\n|\n|t:|1700706980\n|switch|p2a: Togekiss|Togekiss, F|100\/100\n|move|p1a: Just A Dolphin|Stealth Rock|p2a: Togekiss\n|-sidestart|p2: TheOfficialSlade|move: Stealth Rock\n|\n|upkeep\n|turn|7\n|\n|t:|1700706996\n|switch|p1a: 4 And 10|Tapu Koko, shiny|100\/100\n|-fieldstart|move: Electric Terrain|[from] ability: Electric Surge|[of] p1a: 4 And 10\n|move|p2a: Togekiss|Defog|p1a: 4 And 10\n|-unboost|p1a: 4 And 10|evasion|1\n|-sideend|p2: TheOfficialSlade|Stealth Rock|[from] move: Defog|[of] p2a: Togekiss\n|-fieldend|move: Electric Terrain\n|\n|upkeep\n|turn|8\n|\n|t:|1700707008\n|move|p2a: Togekiss|Protect|p2a: Togekiss\n|-singleturn|p2a: Togekiss|Protect\n|move|p1a: 4 And 10|Light Screen|p1a: 4 And 10\n|-sidestart|p1: Snorkle Porkle|move: Light Screen\n|\n|upkeep\n|turn|9\n|\n|t:|1700707045\n|switch|p2a: Ferrothorn|Ferrothorn, F|96\/100\n|move|p1a: 4 And 10|Thunderbolt|p2a: Ferrothorn\n|-resisted|p2a: Ferrothorn\n|-damage|p2a: Ferrothorn|78\/100\n|\n|upkeep\n|turn|10\n|\n|t:|1700707065\n|move|p1a: 4 And 10|U-turn|p2a: Ferrothorn\n|-damage|p2a: Ferrothorn|68\/100\n|\n|t:|1700707069\n|switch|p1a: The Brave Bird|Talonflame, F|96\/100|[from] U-turn\n|move|p2a: Ferrothorn|Curse|p2a: Ferrothorn\n|-unboost|p2a: Ferrothorn|spe|1\n|-boost|p2a: Ferrothorn|atk|1\n|-boost|p2a: Ferrothorn|def|1\n|\n|upkeep\n|turn|11\n|\n|t:|1700707078\n|move|p1a: The Brave Bird|Flamethrower|p2a: Ferrothorn\n|-supereffective|p2a: Ferrothorn\n|-enditem|p2a: Ferrothorn|Occa Berry|[eat]\n|-enditem|p2a: Ferrothorn|Occa Berry|[weaken]\n|-damage|p2a: Ferrothorn|20\/100\n|move|p2a: Ferrothorn|Gyro Ball|p1a: The Brave Bird\n|-resisted|p1a: The Brave Bird\n|-damage|p1a: The Brave Bird|64\/100\n|\n|upkeep\n|turn|12\n|\n|t:|1700707090\n|switch|p2a: Rhyperior|Rhyperior, M|63\/100 brn\n|move|p1a: The Brave Bird|Flamethrower|p2a: Rhyperior\n|-resisted|p2a: Rhyperior\n|-damage|p2a: Rhyperior|46\/100 brn\n|\n|-damage|p2a: Rhyperior|40\/100 brn|[from] brn\n|-sideend|p1: Snorkle Porkle|move: Light Screen\n|upkeep\n|turn|13\n|\n|t:|1700707105\n|move|p1a: The Brave Bird|U-turn|p2a: Rhyperior\n|-damage|p2a: Rhyperior|31\/100 brn\n|\n|t:|1700707108\n|switch|p1a: AQUA...Woman?|Basculegion-F, F, shiny|100\/100|[from] U-turn\n|move|p2a: Rhyperior|Earthquake|p1a: AQUA...Woman?\n|-damage|p1a: AQUA...Woman?|62\/100\n|\n|-damage|p2a: Rhyperior|24\/100 brn|[from] brn\n|upkeep\n|turn|14\n|\n|t:|1700707138\n|move|p1a: AQUA...Woman?|Flip Turn|p2a: Rhyperior\n|-supereffective|p2a: Rhyperior\n|-damage|p2a: Rhyperior|0 fnt\n|faint|p2a: Rhyperior\n|\n|t:|1700707155\n|switch|p1a: The Brave Bird|Talonflame, F|64\/100|[from] Flip Turn\n|\n|upkeep\n|\n|t:|1700707164\n|switch|p2a: Ampharos|Ampharos-Mega, M|49\/100\n|-ability|p2a: Ampharos|Mold Breaker\n|turn|15\n|\n|t:|1700707192\n|move|p1a: The Brave Bird|U-turn|p2a: Ampharos\n|-damage|p2a: Ampharos|38\/100\n|\n|t:|1700707201\n|switch|p1a: Buried Treasure|Metagross, shiny|100\/100|[from] U-turn\n|move|p2a: Ampharos|Dragon Pulse|p1a: Buried Treasure\n|-resisted|p1a: Buried Treasure\n|-damage|p1a: Buried Treasure|84\/100\n|\n|upkeep\n|turn|16\n|\n|t:|1700707243\n|switch|p2a: Ferrothorn|Ferrothorn, F|20\/100\n|-ability|p2a: Ferrothorn|Anticipation\n|move|p1a: Buried Treasure|Earthquake|p2a: Ferrothorn\n|-damage|p2a: Ferrothorn|3\/100\n|\n|upkeep\n|turn|17\n|\n|t:|1700707267\n|move|p1a: Buried Treasure|Meteor Mash|p2a: Ferrothorn\n|-resisted|p2a: Ferrothorn\n|-damage|p2a: Ferrothorn|0 fnt\n|faint|p2a: Ferrothorn\n|\n|upkeep\n|\n|t:|1700707274\n|switch|p2a: Espeon|Espeon, M|100\/100\n|turn|18\n|\n|t:|1700707320\n|switch|p1a: The Claaawwwww|Drapion, F|100\/100\n|-terastallize|p2a: Espeon|Fire\n|move|p2a: Espeon|Tera Blast|p1a: The Claaawwwww|[anim] Tera Blast Fire\n|-damage|p1a: The Claaawwwww|78\/100\n|\n|upkeep\n|turn|19\n|\n|t:|1700707381\n|move|p2a: Espeon|Dazzling Gleam|p1a: The Claaawwwww\n|-damage|p1a: The Claaawwwww|61\/100\n|move|p1a: The Claaawwwww|Crunch|p2a: Espeon\n|-damage|p2a: Espeon|55\/100\n|-unboost|p2a: Espeon|def|1\n|\n|upkeep\n|turn|20\n|\n|t:|1700707403\n|move|p1a: The Claaawwwww|Crunch|p2a: Espeon\n|-damage|p2a: Espeon|0 fnt\n|faint|p2a: Espeon\n|\n|upkeep\n|\n|t:|1700707440\n|switch|p2a: Greedent|Greedent, M|100\/100\n|turn|21\n|\n|t:|1700707454\n|move|p1a: The Claaawwwww|Bug Bite|p2a: Greedent\n|-damage|p2a: Greedent|90\/100\n|-enditem|p2a: Greedent|Sitrus Berry|[from] stealeat|[move] Bug Bite|[of] p1a: The Claaawwwww\n|-heal|p1a: The Claaawwwww|86\/100|[from] item: Sitrus Berry\n|move|p2a: Greedent|Swords Dance|p2a: Greedent\n|-boost|p2a: Greedent|atk|2\n|\n|upkeep\n|turn|22\n|\n|t:|1700707488\n|-terastallize|p1a: The Claaawwwww|Dark\n|move|p1a: The Claaawwwww|Crunch|p2a: Greedent\n|-damage|p2a: Greedent|62\/100\n|-unboost|p2a: Greedent|def|1\n|move|p2a: Greedent|Substitute|p2a: Greedent\n|-start|p2a: Greedent|Substitute\n|-damage|p2a: Greedent|38\/100\n|\n|upkeep\n|turn|23\n|\n|t:|1700707503\n|move|p1a: The Claaawwwww|Crunch|p2a: Greedent\n|-end|p2a: Greedent|Substitute\n|move|p2a: Greedent|Gyro Ball|p1a: The Claaawwwww\n|-damage|p1a: The Claaawwwww|21\/100\n|\n|upkeep\n|turn|24\n|\n|t:|1700707510\n|move|p1a: The Claaawwwww|Crunch|p2a: Greedent\n|-damage|p2a: Greedent|0 fnt\n|faint|p2a: Greedent\n|\n|upkeep\n|\n|t:|1700707513\n|switch|p2a: Ampharos|Ampharos-Mega, M|38\/100\n|-ability|p2a: Ampharos|Mold Breaker\n|turn|25\n|\n|t:|1700707525\n|switch|p2a: Togekiss|Togekiss, F|100\/100\n|move|p1a: The Claaawwwww|Crunch|p2a: Togekiss\n|-resisted|p2a: Togekiss\n|-damage|p2a: Togekiss|82\/100\n|\n|upkeep\n|turn|26\n|\n|t:|1700707541\n|move|p2a: Togekiss|Air Slash|p1a: The Claaawwwww\n|-damage|p1a: The Claaawwwww|0 fnt\n|faint|p1a: The Claaawwwww\n|\n|upkeep\n|\n|t:|1700707547\n|switch|p1a: Buried Treasure|Metagross, shiny|84\/100\n|turn|27\n|\n|t:|1700707556\n|move|p2a: Togekiss|Air Slash|p1a: Buried Treasure\n|-resisted|p1a: Buried Treasure\n|-crit|p1a: Buried Treasure\n|-damage|p1a: Buried Treasure|68\/100\n|cant|p1a: Buried Treasure|flinch\n|\n|upkeep\n|turn|28\n|\n|t:|1700707564\n|move|p2a: Togekiss|Air Slash|p1a: Buried Treasure\n|-resisted|p1a: Buried Treasure\n|-damage|p1a: Buried Treasure|58\/100\n|move|p1a: Buried Treasure|Meteor Mash|p2a: Togekiss\n|-supereffective|p2a: Togekiss\n|-damage|p2a: Togekiss|0 fnt\n|faint|p2a: Togekiss\n|\n|upkeep\n|\n|t:|1700707569\n|switch|p2a: Ampharos|Ampharos-Mega, M|38\/100\n|-ability|p2a: Ampharos|Mold Breaker\n|turn|29\n|\n|t:|1700707574\n|move|p1a: Buried Treasure|Earthquake|p2a: Ampharos\n|-supereffective|p2a: Ampharos\n|-damage|p2a: Ampharos|0 fnt\n|faint|p2a: Ampharos\n|\n|win|Snorkle Porkle\n","uploadtime":1700707601,"views":28,"p1id":"snorkleporkle","p2id":"theofficialslade","formatid":"gen9nationaldexubers","rating":0,"private":0,"password":""}