{"id":"gen9nationaldexubers-1997365705","p1":"Flash241","p2":"Wolfen2468","format":"[Gen 9] National Dex Ubers","log":"|j|\u2606Flash241\n|j|\u2606Wolfen2468\n|t:|1700794724\n|gametype|singles\n|player|p1|Flash241|169|\n|player|p2|Wolfen2468|265|\n|teamsize|p1|6\n|teamsize|p2|6\n|gen|9\n|tier|[Gen 9] National Dex Ubers\n|rule|HP Percentage Mod: HP is shown in percentages\n|rule|Endless Battle Clause: Forcing endless battles is banned\n|rule|OHKO Clause: OHKO moves are banned\n|rule|Evasion Moves Clause: Evasion moves are banned\n|rule|Evasion Items Clause: Evasion items are banned\n|rule|Species Clause: Limit one of each Pok\u00e9mon\n|rule|Sleep Clause Mod: Limit one foe put to sleep\n|rule|Mega Rayquaza Clause: You cannot mega evolve Rayquaza\n|clearpoke\n|poke|p1|Zacian-*|\n|poke|p1|Okidogi, M|\n|poke|p1|Mienshao, F|\n|poke|p1|Golurk|\n|poke|p1|Articuno|\n|poke|p1|Dustox, M|\n|poke|p2|Tapu Bulu|\n|poke|p2|Breloom, M|\n|poke|p2|Suicune|\n|poke|p2|Umbreon, M|\n|poke|p2|Heatmor, M|\n|poke|p2|Magcargo, M|\n|teampreview\n|\n|t:|1700794729\n|start\n|switch|p1a: Mienshao|Mienshao, F|100\/100\n|switch|p2a: Magcargo|Magcargo, M|100\/100\n|turn|1\n|\n|t:|1700794733\n|move|p1a: Mienshao|Fake Out|p2a: Magcargo\n|-resisted|p2a: Magcargo\n|-damage|p2a: Magcargo|95\/100\n|cant|p2a: Magcargo|flinch\n|\n|-heal|p2a: Magcargo|100\/100|[from] item: Leftovers\n|upkeep\n|turn|2\n|\n|t:|1700794739\n|move|p1a: Mienshao|High Jump Kick|p2a: Magcargo\n|-supereffective|p2a: Magcargo\n|-damage|p2a: Magcargo|0 fnt\n|faint|p2a: Magcargo\n|\n|upkeep\n|\n|t:|1700794746\n|switch|p2a: Zimbabwe|Tapu Bulu, shiny|100\/100\n|-fieldstart|move: Grassy Terrain|[from] ability: Grassy Surge|[of] p2a: Zimbabwe\n|turn|3\n|\n|t:|1700794751\n|move|p1a: Mienshao|U-turn|p2a: Zimbabwe\n|-crit|p2a: Zimbabwe\n|-damage|p2a: Zimbabwe|73\/100\n|\n|t:|1700794763\n|switch|p1a: Dustox|Dustox, M|100\/100|[from] U-turn\n|move|p2a: Zimbabwe|Swords Dance|p2a: Zimbabwe\n|-boost|p2a: Zimbabwe|atk|2\n|\n|-heal|p2a: Zimbabwe|79\/100|[from] Grassy Terrain\n|-heal|p2a: Zimbabwe|85\/100|[from] item: Leftovers\n|upkeep\n|turn|4\n|\n|t:|1700794774\n|move|p1a: Dustox|Quiver Dance|p1a: Dustox\n|-boost|p1a: Dustox|spa|1\n|-boost|p1a: Dustox|spd|1\n|-boost|p1a: Dustox|spe|1\n|move|p2a: Zimbabwe|Superpower|p1a: Dustox\n|-resisted|p1a: Dustox\n|-damage|p1a: Dustox|82\/100\n|-unboost|p2a: Zimbabwe|atk|1\n|-unboost|p2a: Zimbabwe|def|1\n|\n|-heal|p1a: Dustox|88\/100|[from] Grassy Terrain\n|-heal|p1a: Dustox|94\/100|[from] item: Black Sludge\n|-heal|p2a: Zimbabwe|91\/100|[from] Grassy Terrain\n|-heal|p2a: Zimbabwe|97\/100|[from] item: Leftovers\n|upkeep\n|turn|5\n|\n|t:|1700794793\n|switch|p2a: Heatmor|Heatmor, M|100\/100\n|move|p1a: Dustox|Iron Defense|p1a: Dustox\n|-boost|p1a: Dustox|def|2\n|\n|-heal|p1a: Dustox|99\/100|[from] Grassy Terrain\n|-heal|p1a: Dustox|100\/100|[from] item: Black Sludge\n|upkeep\n|turn|6\n|\n|t:|1700794802\n|move|p1a: Dustox|Quiver Dance|p1a: Dustox\n|-boost|p1a: Dustox|spa|1\n|-boost|p1a: Dustox|spd|1\n|-boost|p1a: Dustox|spe|1\n|move|p2a: Heatmor|Knock Off|p1a: Dustox\n|-damage|p1a: Dustox|81\/100\n|-enditem|p1a: Dustox|Black Sludge|[from] move: Knock Off|[of] p2a: Heatmor\n|-damage|p2a: Heatmor|91\/100|[from] item: Life Orb\n|\n|-heal|p1a: Dustox|87\/100|[from] Grassy Terrain\n|-heal|p2a: Heatmor|97\/100|[from] Grassy Terrain\n|upkeep\n|turn|7\n|\n|t:|1700794813\n|-terastallize|p2a: Heatmor|Fire\n|move|p1a: Dustox|Bug Buzz|p2a: Heatmor\n|-resisted|p2a: Heatmor\n|-damage|p2a: Heatmor|70\/100\n|move|p2a: Heatmor|Fire Lash|p1a: Dustox\n|-supereffective|p1a: Dustox\n|-damage|p1a: Dustox|20\/100\n|-damage|p2a: Heatmor|60\/100|[from] item: Life Orb\n|\n|-heal|p1a: Dustox|26\/100|[from] Grassy Terrain\n|-heal|p2a: Heatmor|66\/100|[from] Grassy Terrain\n|-fieldend|move: Grassy Terrain\n|upkeep\n|turn|8\n|\n|t:|1700794825\n|move|p1a: Dustox|Bug Buzz|p2a: Heatmor\n|-resisted|p2a: Heatmor\n|-damage|p2a: Heatmor|39\/100\n|move|p2a: Heatmor|Fire Lash|p1a: Dustox\n|-supereffective|p1a: Dustox\n|-damage|p1a: Dustox|0 fnt\n|faint|p1a: Dustox\n|-damage|p2a: Heatmor|29\/100|[from] item: Life Orb\n|\n|upkeep\n|\n|t:|1700794835\n|switch|p1a: Mienshao|Mienshao, F|100\/100\n|turn|9\n|\n|t:|1700794853\n|move|p1a: Mienshao|Fake Out|p2a: Heatmor\n|-damage|p2a: Heatmor|12\/100\n|cant|p2a: Heatmor|flinch\n|\n|upkeep\n|turn|10\n|\n|t:|1700794858\n|move|p2a: Heatmor|Sucker Punch|p1a: Mienshao\n|-resisted|p1a: Mienshao\n|-damage|p1a: Mienshao|77\/100\n|-damage|p2a: Heatmor|2\/100|[from] item: Life Orb\n|move|p1a: Mienshao|Knock Off|p2a: Heatmor\n|-damage|p2a: Heatmor|0 fnt\n|-enditem|p2a: Heatmor|Life Orb|[from] move: Knock Off|[of] p1a: Mienshao\n|faint|p2a: Heatmor\n|\n|upkeep\n|\n|t:|1700794868\n|switch|p2a: Mario|Breloom, M|100\/100\n|turn|11\n|\n|t:|1700794873\n|move|p1a: Mienshao|Knock Off|p2a: Mario\n|-resisted|p2a: Mario\n|-damage|p2a: Mario|85\/100\n|-enditem|p2a: Mario|Toxic Orb|[from] move: Knock Off|[of] p1a: Mienshao\n|move|p2a: Mario|Spore|p1a: Mienshao\n|-status|p1a: Mienshao|slp|[from] move: Spore\n|\n|upkeep\n|turn|12\n|\n|t:|1700794880\n|switch|p1a: Articuno|Articuno|100\/100\n|-ability|p1a: Articuno|Pressure\n|move|p2a: Mario|Leech Seed|p1a: Articuno\n|-start|p1a: Articuno|move: Leech Seed\n|\n|-damage|p1a: Articuno|88\/100|[from] Leech Seed|[of] p2a: Mario\n|-heal|p2a: Mario|97\/100|[silent]\n|upkeep\n|turn|13\n|\n|t:|1700794892\n|switch|p2a: Suicune|Suicune, shiny|100\/100\n|-ability|p2a: Suicune|Pressure\n|-zpower|p1a: Articuno\n|move|p1a: Articuno|Supersonic Skystrike|p2a: Suicune|[zeffect]\n|-damage|p2a: Suicune|48\/100\n|\n|-heal|p2a: Suicune|54\/100|[from] item: Leftovers\n|-damage|p1a: Articuno|76\/100|[from] Leech Seed|[of] p2a: Suicune\n|-heal|p2a: Suicune|64\/100|[silent]\n|upkeep\n|turn|14\n|\n|t:|1700794906\n|move|p1a: Articuno|Freeze-Dry|p2a: Suicune\n|-supereffective|p2a: Suicune\n|-damage|p2a: Suicune|23\/100\n|move|p2a: Suicune|Calm Mind|p2a: Suicune\n|-boost|p2a: Suicune|spa|1\n|-boost|p2a: Suicune|spd|1\n|\n|-heal|p2a: Suicune|29\/100|[from] item: Leftovers\n|-damage|p1a: Articuno|63\/100|[from] Leech Seed|[of] p2a: Suicune\n|-heal|p2a: Suicune|39\/100|[silent]\n|upkeep\n|turn|15\n|\n|t:|1700794915\n|move|p2a: Suicune|Protect|p2a: Suicune\n|-singleturn|p2a: Suicune|Protect\n|move|p1a: Articuno|Freeze-Dry|p2a: Suicune\n|-activate|p2a: Suicune|move: Protect\n|\n|-heal|p2a: Suicune|46\/100|[from] item: Leftovers\n|-damage|p1a: Articuno|51\/100|[from] Leech Seed|[of] p2a: Suicune\n|-heal|p2a: Suicune|55\/100|[silent]\n|upkeep\n|turn|16\n|\n|t:|1700794927\n|move|p1a: Articuno|Freeze-Dry|p2a: Suicune\n|-supereffective|p2a: Suicune\n|-damage|p2a: Suicune|25\/100\n|-status|p2a: Suicune|frz\n|-curestatus|p2a: Suicune|frz|[from] move: Scald\n|move|p2a: Suicune|Scald|p1a: Articuno\n|-damage|p1a: Articuno|20\/100\n|-status|p1a: Articuno|brn\n|\n|-heal|p2a: Suicune|31\/100|[from] item: Leftovers\n|-damage|p1a: Articuno|8\/100 brn|[from] Leech Seed|[of] p2a: Suicune\n|-heal|p2a: Suicune|41\/100|[silent]\n|-damage|p1a: Articuno|2\/100 brn|[from] brn\n|upkeep\n|turn|17\n|\n|t:|1700794955\n|move|p2a: Suicune|Protect|p2a: Suicune\n|-singleturn|p2a: Suicune|Protect\n|move|p1a: Articuno|Roost|p1a: Articuno\n|-heal|p1a: Articuno|52\/100 brn\n|-singleturn|p1a: Articuno|move: Roost\n|\n|-heal|p2a: Suicune|48\/100|[from] item: Leftovers\n|-damage|p1a: Articuno|39\/100 brn|[from] Leech Seed|[of] p2a: Suicune\n|-heal|p2a: Suicune|57\/100|[silent]\n|-damage|p1a: Articuno|33\/100 brn|[from] brn\n|upkeep\n|turn|18\n|\n|t:|1700794971\n|move|p1a: Articuno|Hurricane|p2a: Suicune\n|-damage|p2a: Suicune|33\/100\n|move|p2a: Suicune|Calm Mind|p2a: Suicune\n|-boost|p2a: Suicune|spa|1\n|-boost|p2a: Suicune|spd|1\n|\n|-heal|p2a: Suicune|40\/100|[from] item: Leftovers\n|-damage|p1a: Articuno|21\/100 brn|[from] Leech Seed|[of] p2a: Suicune\n|-heal|p2a: Suicune|50\/100|[silent]\n|-damage|p1a: Articuno|15\/100 brn|[from] brn\n|upkeep\n|turn|19\n|\n|t:|1700794982\n|move|p2a: Suicune|Protect|p2a: Suicune\n|-singleturn|p2a: Suicune|Protect\n|move|p1a: Articuno|Freeze-Dry|p2a: Suicune\n|-activate|p2a: Suicune|move: Protect\n|\n|-heal|p2a: Suicune|56\/100|[from] item: Leftovers\n|-damage|p1a: Articuno|2\/100 brn|[from] Leech Seed|[of] p2a: Suicune\n|-heal|p2a: Suicune|66\/100|[silent]\n|-damage|p1a: Articuno|0 fnt|[from] brn\n|faint|p1a: Articuno\n|upkeep\n|\n|t:|1700794986\n|switch|p1a: Zacian|Zacian|100\/100\n|-ability|p1a: Zacian|Intrepid Sword|boost\n|-boost|p1a: Zacian|atk|1\n|turn|20\n|\n|t:|1700795000\n|move|p1a: Zacian|Wild Charge|p2a: Suicune\n|-supereffective|p2a: Suicune\n|-damage|p2a: Suicune|0 fnt\n|faint|p2a: Suicune\n|-damage|p1a: Zacian|80\/100|[from] Recoil\n|-damage|p1a: Zacian|70\/100|[from] item: Life Orb\n|\n|upkeep\n|\n|t:|1700795009\n|switch|p2a: Zimbabwe|Tapu Bulu, shiny|97\/100\n|-fieldstart|move: Grassy Terrain|[from] ability: Grassy Surge|[of] p2a: Zimbabwe\n|turn|21\n|\n|t:|1700795017\n|switch|p1a: Golurk|Golurk|100\/100\n|move|p2a: Zimbabwe|Swords Dance|p2a: Zimbabwe\n|-boost|p2a: Zimbabwe|atk|2\n|\n|-heal|p2a: Zimbabwe|100\/100|[from] Grassy Terrain\n|upkeep\n|turn|22\n|\n|t:|1700795025\n|move|p1a: Golurk|Ice Punch|p2a: Zimbabwe\n|-supereffective|p2a: Zimbabwe\n|-damage|p2a: Zimbabwe|46\/100\n|move|p2a: Zimbabwe|Horn Leech|p1a: Golurk\n|-supereffective|p1a: Golurk\n|-damage|p1a: Golurk|0 fnt\n|-heal|p2a: Zimbabwe|92\/100|[from] drain|[of] p1a: Golurk\n|faint|p1a: Golurk\n|\n|-heal|p2a: Zimbabwe|98\/100|[from] Grassy Terrain\n|-heal|p2a: Zimbabwe|100\/100|[from] item: Leftovers\n|upkeep\n|\n|t:|1700795032\n|switch|p1a: Okidogi|Okidogi, M|100\/100\n|turn|23\n|\n|t:|1700795046\n|move|p1a: Okidogi|Poison Jab|p2a: Zimbabwe\n|-supereffective|p2a: Zimbabwe\n|-damage|p2a: Zimbabwe|0 fnt\n|faint|p2a: Zimbabwe\n|\n|upkeep\n|\n|t:|1700795052\n|switch|p2a: Mario|Breloom, M|97\/100\n|turn|24\n|\n|t:|1700795055\n|move|p1a: Okidogi|Poison Jab|p2a: Mario\n|-supereffective|p2a: Mario\n|-damage|p2a: Mario|0 fnt\n|faint|p2a: Mario\n|\n|upkeep\n|\n|t:|1700795059\n|switch|p2a: Umbreon|Umbreon, M, shiny|100\/100\n|turn|25\n|\n|t:|1700795063\n|move|p1a: Okidogi|Poison Jab|p2a: Umbreon\n|-crit|p2a: Umbreon\n|-damage|p2a: Umbreon|50\/100\n|-status|p2a: Umbreon|tox|[from] ability: Toxic Chain|[of] p1a: Okidogi\n|-activate|p2a: Umbreon|ability: Synchronize\n|-immune|p1a: Okidogi\n|move|p2a: Umbreon|Toxic|p1a: Okidogi|[miss]\n|-miss|p2a: Umbreon|p1a: Okidogi\n|\n|-heal|p2a: Umbreon|56\/100 tox|[from] Grassy Terrain\n|-heal|p2a: Umbreon|62\/100 tox|[from] item: Leftovers\n|-damage|p2a: Umbreon|56\/100 tox|[from] psn\n|-fieldend|move: Grassy Terrain\n|upkeep\n|turn|26\n|\n|t:|1700795086\n|move|p1a: Okidogi|Poison Jab|p2a: Umbreon\n|-damage|p2a: Umbreon|25\/100 tox\n|move|p2a: Umbreon|Wish|p2a: Umbreon\n|\n|-heal|p2a: Umbreon|31\/100 tox|[from] item: Leftovers\n|-damage|p2a: Umbreon|19\/100 tox|[from] psn\n|upkeep\n|turn|27\n|\n|t:|1700795092\n|move|p2a: Umbreon|Protect|p2a: Umbreon\n|-singleturn|p2a: Umbreon|Protect\n|move|p1a: Okidogi|Poison Jab|p2a: Umbreon\n|-activate|p2a: Umbreon|move: Protect\n|\n|-heal|p2a: Umbreon|69\/100 tox|[from] move: Wish|[wisher] Umbreon\n|-heal|p2a: Umbreon|75\/100 tox|[from] item: Leftovers\n|-damage|p2a: Umbreon|57\/100 tox|[from] psn\n|upkeep\n|turn|28\n|\n|t:|1700795103\n|-terastallize|p1a: Okidogi|Poison\n|move|p1a: Okidogi|Poison Jab|p2a: Umbreon\n|-damage|p2a: Umbreon|13\/100 tox\n|move|p2a: Umbreon|Foul Play|p1a: Okidogi\n|-damage|p1a: Okidogi|54\/100\n|\n|-heal|p2a: Umbreon|19\/100 tox|[from] item: Leftovers\n|-damage|p2a: Umbreon|0 fnt|[from] psn\n|faint|p2a: Umbreon\n|\n|win|Flash241\n|upkeep\n","uploadtime":1700795121,"views":5,"p1id":"flash241","p2id":"wolfen2468","formatid":"gen9nationaldexubers","rating":0,"private":0,"password":""}