{"id":"gen9nationaldexubers-1982722447","p1":"Tiago zei","p2":"Kalmopack","format":"[Gen 9] National Dex Ubers","log":"|j|\u2606Tiago zei\n|j|\u2606Kalmopack\n|t:|1699038871\n|gametype|singles\n|player|p1|Tiago zei|266|1005\n|player|p2|Kalmopack|n|1058\n|teamsize|p1|6\n|teamsize|p2|4\n|gen|9\n|tier|[Gen 9] National Dex Ubers\n|rated|\n|rule|HP Percentage Mod: HP is shown in percentages\n|rule|Endless Battle Clause: Forcing endless battles is banned\n|rule|OHKO Clause: OHKO moves are banned\n|rule|Evasion Moves Clause: Evasion moves are banned\n|rule|Evasion Items Clause: Evasion items are banned\n|rule|Species Clause: Limit one of each Pok\u00e9mon\n|rule|Sleep Clause Mod: Limit one foe put to sleep\n|rule|Mega Rayquaza Clause: You cannot mega evolve Rayquaza\n|clearpoke\n|poke|p1|Lucario, M|\n|poke|p1|Xerneas-*|\n|poke|p1|Kyogre|\n|poke|p1|Calyrex-Ice|\n|poke|p1|Yveltal|\n|poke|p1|Eternatus|\n|poke|p2|Dragonite, M|\n|poke|p2|Roserade, M|\n|poke|p2|Togekiss, F|\n|poke|p2|Gallade, M|\n|teampreview\n|inactive|Battle timer is ON: inactive players will automatically lose when time's up. (requested by Kalmopack)\n|\n|t:|1699038891\n|start\n|switch|p1a: Eternatus|Eternatus|100\/100\n|switch|p2a: Roserade|Roserade, M|100\/100\n|-ability|p1a: Eternatus|Pressure\n|turn|1\n|\n|t:|1699038900\n|move|p1a: Eternatus|Flamethrower|p2a: Roserade\n|-supereffective|p2a: Roserade\n|-enditem|p2a: Roserade|Focus Sash\n|-damage|p2a: Roserade|1\/100\n|-damage|p1a: Eternatus|91\/100|[from] item: Life Orb\n|move|p2a: Roserade|Sleep Powder|p1a: Eternatus\n|-status|p1a: Eternatus|slp|[from] move: Sleep Powder\n|\n|upkeep\n|turn|2\n|\n|t:|1699038912\n|switch|p1a: Calyrex|Calyrex-Ice|100\/100\n|-ability|p1a: Calyrex|As One\n|-ability|p1a: Calyrex|Unnerve\n|switch|p2a: Dragonite|Dragonite, M, shiny|100\/100\n|\n|upkeep\n|turn|3\n|\n|t:|1699038920\n|move|p2a: Dragonite|Fire Punch|p1a: Calyrex\n|-supereffective|p1a: Calyrex\n|-damage|p1a: Calyrex|65\/100\n|-status|p1a: Calyrex|brn\n|move|p1a: Calyrex|Glacial Lance|p2a: Dragonite\n|-supereffective|p2a: Dragonite\n|-damage|p2a: Dragonite|6\/100\n|-enditem|p2a: Dragonite|Weakness Policy\n|-boost|p2a: Dragonite|atk|2|[from] item: Weakness Policy\n|-boost|p2a: Dragonite|spa|2|[from] item: Weakness Policy\n|\n|-damage|p1a: Calyrex|59\/100 brn|[from] brn\n|upkeep\n|turn|4\n|\n|t:|1699038935\n|move|p2a: Dragonite|Extreme Speed|p1a: Calyrex\n|-damage|p1a: Calyrex|23\/100 brn\n|move|p1a: Calyrex|Glacial Lance|p2a: Dragonite\n|-supereffective|p2a: Dragonite\n|-damage|p2a: Dragonite|0 fnt\n|faint|p2a: Dragonite\n|-ability|p1a: Calyrex|Chilling Neigh|boost\n|-boost|p1a: Calyrex|atk|1\n|\n|-damage|p1a: Calyrex|17\/100 brn|[from] brn\n|upkeep\n|\n|t:|1699038949\n|switch|p2a: Gallade|Gallade, M|100\/100\n|turn|5\n|\n|t:|1699038963\n|switch|p1a: Yveltal|Yveltal|100\/100\n|-ability|p1a: Yveltal|Dark Aura\n|detailschange|p2a: Gallade|Gallade-Mega, M\n|-mega|p2a: Gallade|Gallade|Galladite\n|move|p2a: Gallade|Knock Off|p1a: Yveltal\n|-resisted|p1a: Yveltal\n|-damage|p1a: Yveltal|73\/100\n|-enditem|p1a: Yveltal|Choice Scarf|[from] move: Knock Off|[of] p2a: Gallade\n|\n|upkeep\n|turn|6\n|\n|t:|1699038974\n|move|p2a: Gallade|Swords Dance|p2a: Gallade\n|-boost|p2a: Gallade|atk|2\n|move|p1a: Yveltal|Oblivion Wing|p2a: Gallade\n|-supereffective|p2a: Gallade\n|-damage|p2a: Gallade|2\/100\n|-heal|p1a: Yveltal|100\/100|[from] drain|[of] p2a: Gallade\n|\n|upkeep\n|turn|7\n|\n|t:|1699038992\n|move|p2a: Gallade|Zen Headbutt|p1a: Yveltal\n|-immune|p1a: Yveltal\n|move|p1a: Yveltal|Oblivion Wing|p2a: Gallade\n|-supereffective|p2a: Gallade\n|-damage|p2a: Gallade|0 fnt\n|faint|p2a: Gallade\n|\n|upkeep\n|-message|Kalmopack forfeited.\n|\n|win|Tiago zei\n|raw|Tiago zei's rating: 1005 &rarr; <strong>1050<\/strong><br \/>(+45 for winning)\n|raw|Kalmopack's rating: 1058 &rarr; <strong>1036<\/strong><br \/>(-22 for losing)\n|l|\u2606Kalmopack\n","uploadtime":1699039026,"views":6,"p1id":"tiagozei","p2id":"kalmopack","formatid":"gen9nationaldexubers","rating":1036,"private":0,"password":""}