{"id":"gen9nationaldexubers-1997496359","p1":"K1nG_4","p2":"Error404Unknown","format":"[Gen 9] National Dex Ubers","log":"|j|\u2606K1nG_4\n|j|\u2606Error404Unknown\n|t:|1700815449\n|gametype|singles\n|player|p1|K1nG_4|bruno|1327\n|player|p2|Error404Unknown|170|1517\n|teamsize|p1|6\n|teamsize|p2|6\n|gen|9\n|tier|[Gen 9] National Dex Ubers\n|rated|\n|rule|HP Percentage Mod: HP is shown in percentages\n|rule|Endless Battle Clause: Forcing endless battles is banned\n|rule|OHKO Clause: OHKO moves are banned\n|rule|Evasion Moves Clause: Evasion moves are banned\n|rule|Evasion Items Clause: Evasion items are banned\n|rule|Species Clause: Limit one of each Pok\u00e9mon\n|rule|Sleep Clause Mod: Limit one foe put to sleep\n|rule|Mega Rayquaza Clause: You cannot mega evolve Rayquaza\n|clearpoke\n|poke|p1|Ribombee, M|\n|poke|p1|Zacian-*|\n|poke|p1|Darkrai|\n|poke|p1|Dialga|\n|poke|p1|Rayquaza|\n|poke|p1|Mimikyu, F|\n|poke|p2|Arceus|\n|poke|p2|Yveltal|\n|poke|p2|Groudon|\n|poke|p2|Zacian-*|\n|poke|p2|Eternatus|\n|poke|p2|Ho-Oh|\n|teampreview\n|\n|t:|1700815476\n|start\n|switch|p1a: Ribombee|Ribombee, M|100\/100\n|switch|p2a: Special Sweeper|Groudon|100\/100\n|detailschange|p2a: Special Sweeper|Groudon-Primal\n|-primal|p2a: Special Sweeper|Red Orb\n|-weather|DesolateLand|[from] ability: Desolate Land|[of] p2a: Special Sweeper\n|turn|1\n|\n|t:|1700815482\n|move|p1a: Ribombee|Stun Spore|p2a: Special Sweeper\n|-status|p2a: Special Sweeper|par\n|move|p2a: Special Sweeper|Heat Crash|p1a: Ribombee\n|-supereffective|p1a: Ribombee\n|-enditem|p1a: Ribombee|Focus Sash\n|-damage|p1a: Ribombee|1\/100\n|\n|-weather|DesolateLand|[upkeep]\n|upkeep\n|turn|2\n|\n|t:|1700815487\n|move|p1a: Ribombee|Sticky Web|p2a: Special Sweeper\n|-sidestart|p2: Error404Unknown|move: Sticky Web\n|move|p2a: Special Sweeper|Heat Crash|p1a: Ribombee\n|-supereffective|p1a: Ribombee\n|-damage|p1a: Ribombee|0 fnt\n|faint|p1a: Ribombee\n|\n|-weather|DesolateLand|[upkeep]\n|upkeep\n|\n|t:|1700815541\n|switch|p1a: Rayquaza|Rayquaza|100\/100\n|-ability|p1a: Rayquaza|Air Lock\n|turn|3\n|\n|t:|1700815551\n|move|p1a: Rayquaza|Dragon Dance|p1a: Rayquaza\n|-boost|p1a: Rayquaza|atk|1\n|-boost|p1a: Rayquaza|spe|1\n|cant|p2a: Special Sweeper|par\n|\n|-weather|DesolateLand|[upkeep]\n|upkeep\n|turn|4\n|\n|t:|1700815555\n|move|p1a: Rayquaza|Dragon Dance|p1a: Rayquaza\n|-boost|p1a: Rayquaza|atk|1\n|-boost|p1a: Rayquaza|spe|1\n|cant|p2a: Special Sweeper|par\n|\n|-weather|DesolateLand|[upkeep]\n|upkeep\n|turn|5\n|\n|t:|1700815557\n|move|p1a: Rayquaza|Earthquake|p2a: Special Sweeper\n|-supereffective|p2a: Special Sweeper\n|-damage|p2a: Special Sweeper|10\/100 par\n|-damage|p1a: Rayquaza|91\/100|[from] item: Life Orb\n|move|p2a: Special Sweeper|Will-O-Wisp|p1a: Rayquaza\n|-status|p1a: Rayquaza|brn\n|\n|-weather|DesolateLand|[upkeep]\n|-damage|p1a: Rayquaza|85\/100 brn|[from] brn\n|upkeep\n|turn|6\n|\n|t:|1700815569\n|-weather|none\n|switch|p2a: Ho-Oh|Ho-Oh|100\/100\n|move|p1a: Rayquaza|Dragon Dance|p1a: Rayquaza\n|-boost|p1a: Rayquaza|atk|1\n|-boost|p1a: Rayquaza|spe|1\n|\n|-damage|p1a: Rayquaza|79\/100 brn|[from] brn\n|upkeep\n|turn|7\n|\n|t:|1700815579\n|move|p1a: Rayquaza|Dragon Ascent|p2a: Ho-Oh\n|-damage|p2a: Ho-Oh|18\/100\n|-unboost|p1a: Rayquaza|def|1\n|-unboost|p1a: Rayquaza|spd|1\n|-damage|p1a: Rayquaza|69\/100 brn|[from] item: Life Orb\n|move|p2a: Ho-Oh|Whirlwind|p1a: Rayquaza\n|drag|p1a: Mimikyu|Mimikyu, F|100\/100\n|\n|upkeep\n|turn|8\n|\n|t:|1700815587\n|switch|p2a: Physical Wall|Yveltal|100\/100\n|-ability|p2a: Physical Wall|Dark Aura\n|move|p1a: Mimikyu|Shadow Claw|p2a: Physical Wall\n|-resisted|p2a: Physical Wall\n|-damage|p2a: Physical Wall|85\/100\n|-damage|p1a: Mimikyu|91\/100|[from] item: Life Orb\n|\n|-heal|p2a: Physical Wall|92\/100|[from] item: Leftovers\n|upkeep\n|turn|9\n|\n|t:|1700815593\n|move|p1a: Mimikyu|Play Rough|p2a: Physical Wall\n|-supereffective|p2a: Physical Wall\n|-damage|p2a: Physical Wall|14\/100\n|-damage|p1a: Mimikyu|81\/100|[from] item: Life Orb\n|move|p2a: Physical Wall|Defog|p1a: Mimikyu\n|-unboost|p1a: Mimikyu|evasion|1\n|-sideend|p2: Error404Unknown|Sticky Web|[from] move: Defog|[of] p2a: Physical Wall\n|\n|-heal|p2a: Physical Wall|20\/100|[from] item: Leftovers\n|upkeep\n|turn|10\n|\n|t:|1700815630\n|switch|p2a: Ho-Oh|Ho-Oh|52\/100\n|move|p1a: Mimikyu|Shadow Sneak|p2a: Ho-Oh\n|-damage|p2a: Ho-Oh|37\/100\n|-damage|p1a: Mimikyu|71\/100|[from] item: Life Orb\n|\n|upkeep\n|turn|11\n|\n|t:|1700815647\n|switch|p2a: Special Sweeper|Groudon-Primal|10\/100 par\n|-weather|DesolateLand|[from] ability: Desolate Land|[of] p2a: Special Sweeper\n|move|p1a: Mimikyu|Shadow Claw|p2a: Special Sweeper\n|-damage|p2a: Special Sweeper|0 fnt\n|faint|p2a: Special Sweeper\n|-weather|none\n|-damage|p1a: Mimikyu|61\/100|[from] item: Life Orb\n|\n|upkeep\n|\n|t:|1700815654\n|switch|p2a: Eternatus|Eternatus|100\/100\n|-ability|p2a: Eternatus|Pressure\n|turn|12\n|l|\u2606K1nG_4\n|player|p1|\n|inactive|Battle timer is ON: inactive players will automatically lose when time's up. (requested by Error404Unknown)\n|j|\u2606K1nG_4\n|inactive|K1nG_4 reconnected and has 135 seconds left.\n|player|p1|K1nG_4|bruno\n|\n|t:|1700815778\n|switch|p1a: Dialga|Dialga|100\/100\n|-ability|p1a: Dialga|Pressure\n|move|p2a: Eternatus|Meteor Beam||[still]\n|-prepare|p2a: Eternatus|Meteor Beam\n|-boost|p2a: Eternatus|spa|1\n|-enditem|p2a: Eternatus|Power Herb\n|-anim|p2a: Eternatus|Meteor Beam|p1a: Dialga\n|-resisted|p1a: Dialga\n|-damage|p1a: Dialga|67\/100\n|\n|upkeep\n|turn|13\n|inactive|Error404Unknown has 120 seconds left.\n|\n|t:|1700815810\n|move|p2a: Eternatus|Fire Blast|p1a: Dialga\n|-damage|p1a: Dialga|9\/100\n|move|p1a: Dialga|Flash Cannon|p2a: Eternatus\n|-damage|p2a: Eternatus|47\/100\n|\n|upkeep\n|turn|14\n|\n|t:|1700815817\n|move|p2a: Eternatus|Dynamax Cannon|p1a: Dialga\n|-damage|p1a: Dialga|0 fnt\n|faint|p1a: Dialga\n|\n|upkeep\n|inactive|K1nG_4 has 120 seconds left.\n|\n|t:|1700815842\n|switch|p1a: Darkrai|Darkrai|100\/100\n|turn|15\n|\n|t:|1700815848\n|move|p2a: Eternatus|Dynamax Cannon|p1a: Darkrai\n|-damage|p1a: Darkrai|0 fnt\n|faint|p1a: Darkrai\n|\n|upkeep\n|\n|t:|1700815851\n|switch|p1a: Mimikyu|Mimikyu, F|61\/100\n|turn|16\n|inactive|Error404Unknown has 120 seconds left.\n|inactive|Error404Unknown has 90 seconds left.\n|\n|t:|1700815913\n|move|p2a: Eternatus|Sludge Wave|p1a: Mimikyu\n|-activate|p1a: Mimikyu|ability: Disguise\n|-damage|p1a: Mimikyu|61\/100\n|detailschange|p1a: Mimikyu|Mimikyu-Busted, F\n|-damage|p1a: Mimikyu|48\/100|[from] pokemon: Mimikyu-Busted\n|move|p1a: Mimikyu|Play Rough|p2a: Eternatus\n|-damage|p2a: Eternatus|6\/100\n|-damage|p1a: Mimikyu|38\/100|[from] item: Life Orb\n|\n|upkeep\n|turn|17\n|\n|t:|1700815929\n|switch|p2a: Physical Wall|Yveltal|20\/100\n|-ability|p2a: Physical Wall|Dark Aura\n|move|p1a: Mimikyu|Shadow Sneak|p2a: Physical Wall\n|-resisted|p2a: Physical Wall\n|-crit|p2a: Physical Wall\n|-damage|p2a: Physical Wall|8\/100\n|-damage|p1a: Mimikyu|28\/100|[from] item: Life Orb\n|\n|-heal|p2a: Physical Wall|14\/100|[from] item: Leftovers\n|upkeep\n|turn|18\n|\n|t:|1700815935\n|move|p1a: Mimikyu|Shadow Sneak|p2a: Physical Wall\n|-resisted|p2a: Physical Wall\n|-damage|p2a: Physical Wall|6\/100\n|-damage|p1a: Mimikyu|18\/100|[from] item: Life Orb\n|move|p2a: Physical Wall|Roost|p2a: Physical Wall\n|-heal|p2a: Physical Wall|56\/100\n|-singleturn|p2a: Physical Wall|move: Roost\n|\n|-heal|p2a: Physical Wall|62\/100|[from] item: Leftovers\n|upkeep\n|turn|19\n|\n|t:|1700815943\n|move|p1a: Mimikyu|Play Rough|p2a: Physical Wall\n|-supereffective|p2a: Physical Wall\n|-damage|p2a: Physical Wall|0 fnt\n|faint|p2a: Physical Wall\n|-damage|p1a: Mimikyu|8\/100|[from] item: Life Orb\n|\n|upkeep\n|\n|t:|1700815951\n|switch|p2a: Special Wall|Arceus|100\/100\n|turn|20\n|\n|t:|1700815963\n|move|p1a: Mimikyu|Play Rough|p2a: Special Wall\n|-damage|p2a: Special Wall|67\/100\n|-damage|p1a: Mimikyu|0 fnt|[from] item: Life Orb\n|faint|p1a: Mimikyu\n|move|p2a: Special Wall|Dragon Dance|p2a: Special Wall\n|-boost|p2a: Special Wall|atk|1\n|-boost|p2a: Special Wall|spe|1\n|\n|-heal|p2a: Special Wall|73\/100|[from] item: Leftovers\n|upkeep\n|\n|t:|1700815970\n|switch|p1a: Zacian|Zacian-Crowned|100\/100\n|-ability|p1a: Zacian|Intrepid Sword|boost\n|-boost|p1a: Zacian|atk|1\n|turn|21\n|inactive|Error404Unknown has 120 seconds left.\n|\n|t:|1700815988\n|move|p2a: Special Wall|Shadow Force||[still]\n|-prepare|p2a: Special Wall|Shadow Force\n|move|p1a: Zacian|Close Combat|p2a: Special Wall|[miss]\n|-miss|p1a: Zacian|p2a: Special Wall\n|\n|-heal|p2a: Special Wall|79\/100|[from] item: Leftovers\n|upkeep\n|turn|22\n|\n|t:|1700815992\n|move|p2a: Special Wall|Shadow Force|p1a: Zacian|[from]lockedmove\n|-damage|p1a: Zacian|44\/100\n|move|p1a: Zacian|Close Combat|p2a: Special Wall\n|-supereffective|p2a: Special Wall\n|-damage|p2a: Special Wall|0 fnt\n|-unboost|p1a: Zacian|def|1\n|-unboost|p1a: Zacian|spd|1\n|faint|p2a: Special Wall\n|\n|upkeep\n|\n|t:|1700815995\n|switch|p2a: Ho-Oh|Ho-Oh|70\/100\n|turn|23\n|\n|t:|1700815998\n|switch|p1a: Rayquaza|Rayquaza|69\/100 brn\n|-ability|p1a: Rayquaza|Air Lock\n|move|p2a: Ho-Oh|Sacred Fire|p1a: Rayquaza\n|-resisted|p1a: Rayquaza\n|-damage|p1a: Rayquaza|45\/100 brn\n|\n|-damage|p1a: Rayquaza|39\/100 brn|[from] brn\n|upkeep\n|turn|24\n|\n|t:|1700816002\n|move|p1a: Rayquaza|Dragon Dance|p1a: Rayquaza\n|-boost|p1a: Rayquaza|atk|1\n|-boost|p1a: Rayquaza|spe|1\n|move|p2a: Ho-Oh|Whirlwind|p1a: Rayquaza\n|drag|p1a: Zacian|Zacian-Crowned|44\/100\n|\n|upkeep\n|turn|25\n|\n|t:|1700816010\n|switch|p1a: Rayquaza|Rayquaza|39\/100 brn\n|-ability|p1a: Rayquaza|Air Lock\n|move|p2a: Ho-Oh|Sacred Fire|p1a: Rayquaza\n|-resisted|p1a: Rayquaza\n|-damage|p1a: Rayquaza|16\/100 brn\n|\n|-damage|p1a: Rayquaza|10\/100 brn|[from] brn\n|upkeep\n|turn|26\n|inactive|Error404Unknown has 120 seconds left.\n|\n|t:|1700816064\n|move|p1a: Rayquaza|Dragon Ascent|p2a: Ho-Oh\n|-damage|p2a: Ho-Oh|40\/100\n|-unboost|p1a: Rayquaza|def|1\n|-unboost|p1a: Rayquaza|spd|1\n|-damage|p1a: Rayquaza|0 fnt|[from] item: Life Orb\n|faint|p1a: Rayquaza\n|move|p2a: Ho-Oh|Whirlwind|p1: Rayquaza|[notarget]\n|-fail|p2a: Ho-Oh\n|\n|upkeep\n|\n|t:|1700816068\n|switch|p1a: Zacian|Zacian-Crowned|44\/100\n|turn|27\n|\n|t:|1700816071\n|switch|p2a: Eternatus|Eternatus|6\/100\n|-ability|p2a: Eternatus|Pressure\n|move|p1a: Zacian|Wild Charge|p2a: Eternatus\n|-resisted|p2a: Eternatus\n|-damage|p2a: Eternatus|0 fnt\n|faint|p2a: Eternatus\n|-damage|p1a: Zacian|42\/100|[from] Recoil\n|\n|upkeep\n|\n|t:|1700816074\n|switch|p2a: Ho-Oh|Ho-Oh|74\/100\n|turn|28\n|\n|t:|1700816077\n|move|p1a: Zacian|Wild Charge|p2a: Ho-Oh\n|-supereffective|p2a: Ho-Oh\n|-damage|p2a: Ho-Oh|25\/100\n|-damage|p1a: Zacian|27\/100|[from] Recoil\n|move|p2a: Ho-Oh|Sacred Fire|p1a: Zacian\n|-supereffective|p1a: Zacian\n|-damage|p1a: Zacian|0 fnt\n|faint|p1a: Zacian\n|\n|win|Error404Unknown\n|raw|K1nG_4's rating: 1327 &rarr; <strong>1317<\/strong><br \/>(-10 for losing)\n|raw|Error404Unknown's rating: 1517 &rarr; <strong>1527<\/strong><br \/>(+10 for winning)\n|l|\u2606K1nG_4\n","uploadtime":1700816126,"views":4,"p1id":"k1ng4","p2id":"error404unknown","formatid":"gen9nationaldexubers","rating":1317,"private":0,"password":""}