{"id":"gen9nationaldexubers-1978615551","p1":"rayqueeze","p2":"Nuclearstomp","format":"[Gen 9] National Dex Ubers","log":"|j|\u2606rayqueeze\n|j|\u2606Nuclearstomp\n|t:|1698567384\n|gametype|singles\n|player|p1|rayqueeze|swimmerf-gen4dp|1129\n|player|p2|Nuclearstomp|burglar-gen1rb|1161\n|teamsize|p1|6\n|teamsize|p2|6\n|gen|9\n|tier|[Gen 9] National Dex Ubers\n|rated|\n|rule|HP Percentage Mod: HP is shown in percentages\n|rule|Endless Battle Clause: Forcing endless battles is banned\n|rule|OHKO Clause: OHKO moves are banned\n|rule|Evasion Moves Clause: Evasion moves are banned\n|rule|Evasion Items Clause: Evasion items are banned\n|rule|Species Clause: Limit one of each Pok\u00e9mon\n|rule|Sleep Clause Mod: Limit one foe put to sleep\n|rule|Mega Rayquaza Clause: You cannot mega evolve Rayquaza\n|clearpoke\n|poke|p1|Lucario, F|\n|poke|p1|Ho-Oh|\n|poke|p1|Grimmsnarl, M|\n|poke|p1|Arceus|\n|poke|p1|Toxapex, M|\n|poke|p1|Flutter Mane|\n|poke|p2|Gyarados, F|\n|poke|p2|Excadrill, F|\n|poke|p2|Crobat, F|\n|poke|p2|Druddigon, M|\n|poke|p2|Gigalith, M|\n|poke|p2|Snorlax, F|\n|teampreview\n|inactive|Battle timer is ON: inactive players will automatically lose when time's up. (requested by Nuclearstomp)\n|inactive|rayqueeze also wants the timer to be on.\n|\n|t:|1698567390\n|start\n|switch|p1a: Toxapex|Toxapex, M|100\/100\n|switch|p2a: Gigalith|Gigalith, M|100\/100\n|-weather|Sandstorm|[from] ability: Sand Stream|[of] p2a: Gigalith\n|turn|1\n|\n|t:|1698567398\n|move|p1a: Toxapex|Infestation|p2a: Gigalith\n|-damage|p2a: Gigalith|99\/100\n|-activate|p2a: Gigalith|move: Infestation|[of] p1a: Toxapex\n|move|p2a: Gigalith|Stealth Rock|p1a: Toxapex\n|-sidestart|p1: rayqueeze|move: Stealth Rock\n|\n|-weather|Sandstorm|[upkeep]\n|-damage|p1a: Toxapex|94\/100|[from] Sandstorm\n|-heal|p1a: Toxapex|100\/100|[from] item: Leftovers\n|-damage|p2a: Gigalith|87\/100|[from] move: Infestation|[partiallytrapped]\n|upkeep\n|turn|2\n|\n|t:|1698567411\n|move|p1a: Toxapex|Liquidation|p2a: Gigalith\n|-supereffective|p2a: Gigalith\n|-damage|p2a: Gigalith|56\/100\n|move|p2a: Gigalith|Earthquake|p1a: Toxapex\n|-supereffective|p1a: Toxapex\n|-damage|p1a: Toxapex|60\/100\n|\n|-weather|Sandstorm|[upkeep]\n|-damage|p1a: Toxapex|53\/100|[from] Sandstorm\n|-heal|p1a: Toxapex|60\/100|[from] item: Leftovers\n|-damage|p2a: Gigalith|43\/100|[from] move: Infestation|[partiallytrapped]\n|upkeep\n|turn|3\n|inactive|rayqueeze has 120 seconds left.\n|\n|t:|1698567442\n|move|p1a: Toxapex|Recover|p1a: Toxapex\n|-heal|p1a: Toxapex|100\/100\n|move|p2a: Gigalith|Earthquake|p1a: Toxapex\n|-supereffective|p1a: Toxapex\n|-damage|p1a: Toxapex|62\/100\n|\n|-weather|Sandstorm|[upkeep]\n|-damage|p1a: Toxapex|56\/100|[from] Sandstorm\n|-heal|p1a: Toxapex|62\/100|[from] item: Leftovers\n|-damage|p2a: Gigalith|31\/100|[from] move: Infestation|[partiallytrapped]\n|upkeep\n|turn|4\n|inactive|rayqueeze has 120 seconds left.\n|\n|t:|1698567459\n|move|p1a: Toxapex|Recover|p1a: Toxapex\n|-heal|p1a: Toxapex|100\/100\n|move|p2a: Gigalith|Earthquake|p1a: Toxapex\n|-supereffective|p1a: Toxapex\n|-damage|p1a: Toxapex|64\/100\n|\n|-weather|Sandstorm|[upkeep]\n|-damage|p1a: Toxapex|58\/100|[from] Sandstorm\n|-heal|p1a: Toxapex|64\/100|[from] item: Leftovers\n|-damage|p2a: Gigalith|19\/100|[from] move: Infestation|[partiallytrapped]\n|upkeep\n|turn|5\n|inactive|rayqueeze has 120 seconds left.\n|\n|t:|1698567470\n|move|p1a: Toxapex|Recover|p1a: Toxapex\n|-heal|p1a: Toxapex|100\/100\n|move|p2a: Gigalith|Earthquake|p1a: Toxapex\n|-supereffective|p1a: Toxapex\n|-damage|p1a: Toxapex|60\/100\n|\n|-weather|Sandstorm|[upkeep]\n|-damage|p1a: Toxapex|53\/100|[from] Sandstorm\n|-heal|p1a: Toxapex|60\/100|[from] item: Leftovers\n|-end|p2a: Gigalith|Infestation|[partiallytrapped]\n|upkeep\n|turn|6\n|inactive|rayqueeze has 120 seconds left.\n|\n|t:|1698567479\n|switch|p2a: Druddigon|Druddigon, M|100\/100\n|move|p1a: Toxapex|Infestation|p2a: Druddigon\n|-damage|p2a: Druddigon|97\/100\n|-activate|p2a: Druddigon|move: Infestation|[of] p1a: Toxapex\n|-damage|p1a: Toxapex|47\/100|[from] ability: Rough Skin|[of] p2a: Druddigon\n|-damage|p1a: Toxapex|31\/100|[from] item: Rocky Helmet|[of] p2a: Druddigon\n|\n|-weather|Sandstorm|[upkeep]\n|-damage|p2a: Druddigon|91\/100|[from] Sandstorm\n|-damage|p1a: Toxapex|25\/100|[from] Sandstorm\n|-heal|p1a: Toxapex|31\/100|[from] item: Leftovers\n|-damage|p2a: Druddigon|79\/100|[from] move: Infestation|[partiallytrapped]\n|upkeep\n|turn|7\n|inactive|rayqueeze has 120 seconds left.\n|\n|t:|1698567499\n|switch|p1a: Flutter Mane|Flutter Mane|100\/100\n|-damage|p1a: Flutter Mane|88\/100|[from] Stealth Rock\n|move|p2a: Druddigon|Glare|p1a: Flutter Mane\n|-status|p1a: Flutter Mane|par\n|\n|-weather|Sandstorm|[upkeep]\n|-damage|p1a: Flutter Mane|82\/100 par|[from] Sandstorm\n|-damage|p2a: Druddigon|73\/100|[from] Sandstorm\n|-end|p2a: Druddigon|Infestation|[partiallytrapped]|[silent]\n|upkeep\n|turn|8\n|inactive|rayqueeze has 120 seconds left.\n|\n|t:|1698567511\n|switch|p2a: Gigalith|Gigalith, M|19\/100\n|move|p1a: Flutter Mane|Moonblast|p2a: Gigalith\n|-damage|p2a: Gigalith|0 fnt\n|faint|p2a: Gigalith\n|\n|-weather|none\n|upkeep\n|\n|t:|1698567517\n|switch|p2a: Excadrill|Excadrill, F|100\/100\n|turn|9\n|\n|t:|1698567524\n|-end|p1a: Flutter Mane|Protosynthesis|[silent]\n|switch|p1a: Ho-Oh|Ho-Oh|100\/100\n|-damage|p1a: Ho-Oh|50\/100|[from] Stealth Rock\n|move|p2a: Excadrill|Iron Head|p1a: Ho-Oh\n|-resisted|p1a: Ho-Oh\n|-damage|p1a: Ho-Oh|32\/100\n|\n|-heal|p1a: Ho-Oh|38\/100|[from] item: Leftovers\n|upkeep\n|turn|10\n|\n|t:|1698567534\n|move|p2a: Excadrill|Rock Slide|p1a: Ho-Oh\n|-supereffective|p1a: Ho-Oh\n|-damage|p1a: Ho-Oh|0 fnt\n|faint|p1a: Ho-Oh\n|\n|upkeep\n|\n|t:|1698567544\n|switch|p1a: Lucario|Lucario, F|100\/100\n|-damage|p1a: Lucario|98\/100|[from] Stealth Rock\n|turn|11\n|\n|t:|1698567558\n|switch|p2a: Gyarados|Gyarados, F|100\/100\n|-ability|p2a: Gyarados|Intimidate|boost\n|-unboost|p1a: Lucario|atk|1\n|detailschange|p1a: Lucario|Lucario-Mega, F\n|-mega|p1a: Lucario|Lucario|Lucarionite\n|move|p1a: Lucario|Vacuum Wave|p2a: Gyarados\n|-resisted|p2a: Gyarados\n|-damage|p2a: Gyarados|86\/100\n|\n|upkeep\n|turn|12\n|\n|t:|1698567569\n|move|p1a: Lucario|Nasty Plot|p1a: Lucario\n|-boost|p1a: Lucario|spa|2\n|move|p2a: Gyarados|Thunder Wave|p1a: Lucario\n|-status|p1a: Lucario|par\n|\n|upkeep\n|turn|13\n|\n|t:|1698567575\n|move|p2a: Gyarados|Earthquake|p1a: Lucario\n|-supereffective|p1a: Lucario\n|-damage|p1a: Lucario|24\/100 par\n|move|p1a: Lucario|Steel Beam|p2a: Gyarados\n|-resisted|p2a: Gyarados\n|-damage|p2a: Gyarados|0 fnt\n|-damage|p1a: Lucario|0 fnt|[from] steelbeam\n|faint|p1a: Lucario\n|faint|p2a: Gyarados\n|\n|upkeep\n|\n|t:|1698567588\n|switch|p1a: Toxapex|Toxapex, M|64\/100\n|switch|p2a: Druddigon|Druddigon, M|73\/100\n|-damage|p1a: Toxapex|51\/100|[from] Stealth Rock\n|turn|14\n|\n|t:|1698567595\n|move|p2a: Druddigon|Glare|p1a: Toxapex\n|-status|p1a: Toxapex|par\n|move|p1a: Toxapex|Recover|p1a: Toxapex\n|-heal|p1a: Toxapex|100\/100 par\n|\n|upkeep\n|turn|15\n|\n|t:|1698567605\n|switch|p2a: Snorlax|Snorlax, F|100\/100\n|move|p1a: Toxapex|Infestation|p2a: Snorlax\n|-damage|p2a: Snorlax|99\/100\n|-activate|p2a: Snorlax|move: Infestation|[of] p1a: Toxapex\n|\n|-damage|p2a: Snorlax|87\/100|[from] move: Infestation|[partiallytrapped]\n|upkeep\n|turn|16\n|\n|t:|1698567612\n|move|p2a: Snorlax|Earthquake|p1a: Toxapex\n|-supereffective|p1a: Toxapex\n|-damage|p1a: Toxapex|58\/100 par\n|move|p1a: Toxapex|Toxic|p2a: Snorlax\n|-status|p2a: Snorlax|tox\n|\n|-heal|p1a: Toxapex|65\/100 par|[from] item: Leftovers\n|-damage|p2a: Snorlax|81\/100 tox|[from] psn\n|-damage|p2a: Snorlax|68\/100 tox|[from] move: Infestation|[partiallytrapped]\n|upkeep\n|turn|17\n|\n|t:|1698567622\n|move|p2a: Snorlax|Earthquake|p1a: Toxapex\n|-supereffective|p1a: Toxapex\n|-damage|p1a: Toxapex|22\/100 par\n|move|p1a: Toxapex|Recover|p1a: Toxapex\n|-heal|p1a: Toxapex|72\/100 par\n|\n|-heal|p1a: Toxapex|78\/100 par|[from] item: Leftovers\n|-damage|p2a: Snorlax|56\/100 tox|[from] psn\n|-damage|p2a: Snorlax|44\/100 tox|[from] move: Infestation|[partiallytrapped]\n|upkeep\n|turn|18\n|\n|t:|1698567633\n|move|p2a: Snorlax|Earthquake|p1a: Toxapex\n|-supereffective|p1a: Toxapex\n|-damage|p1a: Toxapex|31\/100 par\n|move|p1a: Toxapex|Recover|p1a: Toxapex\n|-heal|p1a: Toxapex|81\/100 par\n|\n|-heal|p1a: Toxapex|88\/100 par|[from] item: Leftovers\n|-damage|p2a: Snorlax|25\/100 tox|[from] psn\n|-damage|p2a: Snorlax|13\/100 tox|[from] move: Infestation|[partiallytrapped]\n|upkeep\n|turn|19\n|\n|t:|1698567643\n|move|p2a: Snorlax|Earthquake|p1a: Toxapex\n|-supereffective|p1a: Toxapex\n|-damage|p1a: Toxapex|44\/100 par\n|cant|p1a: Toxapex|par\n|\n|-heal|p1a: Toxapex|50\/100 par|[from] item: Leftovers\n|-damage|p2a: Snorlax|0 fnt|[from] psn\n|faint|p2a: Snorlax\n|upkeep\n|\n|t:|1698567646\n|switch|p2a: Excadrill|Excadrill, F|100\/100\n|turn|20\n|\n|t:|1698567655\n|switch|p1a: Arceus|Arceus|100\/100\n|-damage|p1a: Arceus|88\/100|[from] Stealth Rock\n|move|p2a: Excadrill|Earthquake|p1a: Arceus\n|-crit|p1a: Arceus\n|-damage|p1a: Arceus|24\/100\n|\n|-heal|p1a: Arceus|30\/100|[from] item: Leftovers\n|upkeep\n|turn|21\n|\n|t:|1698567664\n|switch|p2a: Druddigon|Druddigon, M|73\/100\n|move|p1a: Arceus|Recover|p1a: Arceus\n|-heal|p1a: Arceus|80\/100\n|\n|-heal|p1a: Arceus|86\/100|[from] item: Leftovers\n|upkeep\n|turn|22\n|\n|t:|1698567674\n|move|p1a: Arceus|Swords Dance|p1a: Arceus\n|-boost|p1a: Arceus|atk|2\n|move|p2a: Druddigon|Glare|p1a: Arceus\n|-status|p1a: Arceus|par\n|\n|-heal|p1a: Arceus|92\/100 par|[from] item: Leftovers\n|upkeep\n|turn|23\n|\n|t:|1698567682\n|cant|p1a: Arceus|par\n|move|p2a: Druddigon|Outrage|p1a: Arceus\n|-damage|p1a: Arceus|40\/100 par\n|\n|-heal|p1a: Arceus|46\/100 par|[from] item: Leftovers\n|upkeep\n|turn|24\n|\n|t:|1698567690\n|move|p1a: Arceus|Recover|p1a: Arceus\n|-heal|p1a: Arceus|96\/100 par\n|move|p2a: Druddigon|Outrage|p1a: Arceus|[from]lockedmove\n|-damage|p1a: Arceus|43\/100 par\n|\n|-heal|p1a: Arceus|49\/100 par|[from] item: Leftovers\n|upkeep\n|turn|25\n|\n|t:|1698567698\n|move|p1a: Arceus|Recover|p1a: Arceus\n|-heal|p1a: Arceus|99\/100 par\n|move|p2a: Druddigon|Outrage|p1a: Arceus|[from]lockedmove\n|-damage|p1a: Arceus|54\/100 par\n|-start|p2a: Druddigon|confusion|[fatigue]\n|\n|-heal|p1a: Arceus|60\/100 par|[from] item: Leftovers\n|upkeep\n|turn|26\n|\n|t:|1698567707\n|move|p1a: Arceus|Swords Dance|p1a: Arceus\n|-boost|p1a: Arceus|atk|2\n|-activate|p2a: Druddigon|confusion\n|move|p2a: Druddigon|Outrage|p1a: Arceus\n|-damage|p1a: Arceus|11\/100 par\n|\n|-heal|p1a: Arceus|17\/100 par|[from] item: Leftovers\n|upkeep\n|turn|27\n|\n|t:|1698567718\n|-terastallize|p1a: Arceus|Normal\n|move|p1a: Arceus|Extreme Speed|p2a: Druddigon\n|-damage|p2a: Druddigon|0 fnt\n|-damage|p1a: Arceus|5\/100 par|[from] ability: Rough Skin|[of] p2a: Druddigon\n|-damage|p1a: Arceus|0 fnt|[from] item: Rocky Helmet|[of] p2a: Druddigon\n|faint|p2a: Druddigon\n|faint|p1a: Arceus\n|\n|upkeep\n|\n|t:|1698567733\n|switch|p1a: Grimmsnarl|Grimmsnarl, M|100\/100\n|switch|p2a: Excadrill|Excadrill, F|100\/100\n|-damage|p1a: Grimmsnarl|88\/100|[from] Stealth Rock\n|turn|28\n|\n|t:|1698567744\n|move|p1a: Grimmsnarl|Parting Shot|p2a: Excadrill\n|-unboost|p2a: Excadrill|atk|1\n|-unboost|p2a: Excadrill|spa|1\n|\n|t:|1698567750\n|switch|p1a: Flutter Mane|Flutter Mane|82\/100 par|[from] Parting Shot\n|-damage|p1a: Flutter Mane|70\/100 par|[from] Stealth Rock\n|move|p2a: Excadrill|Swords Dance|p2a: Excadrill\n|-boost|p2a: Excadrill|atk|2\n|\n|upkeep\n|turn|29\n|\n|t:|1698567761\n|move|p2a: Excadrill|Iron Head|p1a: Flutter Mane\n|-supereffective|p1a: Flutter Mane\n|-damage|p1a: Flutter Mane|0 fnt\n|faint|p1a: Flutter Mane\n|-end|p1a: Flutter Mane|Protosynthesis|[silent]\n|\n|upkeep\n|\n|t:|1698567767\n|switch|p1a: Toxapex|Toxapex, M|84\/100 par\n|-damage|p1a: Toxapex|71\/100 par|[from] Stealth Rock\n|turn|30\n|\n|t:|1698567773\n|move|p2a: Excadrill|Earthquake|p1a: Toxapex\n|-supereffective|p1a: Toxapex\n|-damage|p1a: Toxapex|0 fnt\n|faint|p1a: Toxapex\n|\n|upkeep\n|-message|rayqueeze forfeited.\n|\n|win|Nuclearstomp\n|raw|rayqueeze's rating: 1129 &rarr; <strong>1106<\/strong><br \/>(-23 for losing)\n|raw|Nuclearstomp's rating: 1161 &rarr; <strong>1184<\/strong><br \/>(+23 for winning)\n|l|\u2606rayqueeze\n","uploadtime":1698567783,"views":15,"p1id":"rayqueeze","p2id":"nuclearstomp","formatid":"gen9nationaldexubers","rating":1106,"private":0,"password":""}