{"id":"gen9nationaldexubers-1994557521","p1":"Ginesect","p2":"SCARCITY25","format":"[Gen 9] National Dex Ubers","log":"|j|\u2606Ginesect\n|j|\u2606SCARCITY25\n|t:|1700459488\n|gametype|singles\n|player|p1|Ginesect|cynthia|\n|player|p2|SCARCITY25|cynthia-gen4|\n|teamsize|p1|6\n|teamsize|p2|6\n|gen|9\n|tier|[Gen 9] National Dex Ubers\n|rule|HP Percentage Mod: HP is shown in percentages\n|rule|Endless Battle Clause: Forcing endless battles is banned\n|rule|OHKO Clause: OHKO moves are banned\n|rule|Evasion Moves Clause: Evasion moves are banned\n|rule|Evasion Items Clause: Evasion items are banned\n|rule|Species Clause: Limit one of each Pok\u00e9mon\n|rule|Sleep Clause Mod: Limit one foe put to sleep\n|rule|Mega Rayquaza Clause: You cannot mega evolve Rayquaza\n|clearpoke\n|poke|p1|Ninetales-Alola, F|\n|poke|p1|Baxcalibur, F|\n|poke|p1|Iron Bundle|\n|poke|p1|Weavile, M|\n|poke|p1|Arctozolt|\n|poke|p1|Moltres|\n|poke|p2|Iron Valiant|\n|poke|p2|Tapu Koko|\n|poke|p2|Urshifu-*, F|\n|poke|p2|Corviknight, M|\n|poke|p2|Garchomp, F|\n|poke|p2|Rotom-Wash|\n|teampreview\n|c|\u2606SCARCITY25|glhf\n|c|\u2606Ginesect|Glhf\n|\n|t:|1700459514\n|start\n|switch|p1a: Ninetales|Ninetales-Alola, F|100\/100\n|switch|p2a: Tapu Koko|Tapu Koko|100\/100\n|-fieldstart|move: Electric Terrain|[from] ability: Electric Surge|[of] p2a: Tapu Koko\n|-weather|Snow|[from] ability: Snow Warning|[of] p1a: Ninetales\n|turn|1\n|\n|t:|1700459519\n|move|p2a: Tapu Koko|Reflect|p2a: Tapu Koko\n|-sidestart|p2: SCARCITY25|Reflect\n|move|p1a: Ninetales|Encore|p2a: Tapu Koko\n|-start|p2a: Tapu Koko|Encore\n|\n|-weather|Snow|[upkeep]\n|upkeep\n|turn|2\n|\n|t:|1700459525\n|switch|p2a: Rotom|Rotom-Wash|100\/100\n|move|p1a: Ninetales|Aurora Veil|p1a: Ninetales\n|-sidestart|p1: Ginesect|move: Aurora Veil\n|\n|-weather|Snow|[upkeep]\n|upkeep\n|turn|3\n|\n|t:|1700459542\n|move|p1a: Ninetales|Moonblast|p2a: Rotom\n|-damage|p2a: Rotom|70\/100\n|move|p2a: Rotom|Volt Switch|p1a: Ninetales\n|-damage|p1a: Ninetales|86\/100\n|\n|t:|1700459556\n|switch|p2a: Tapu Koko|Tapu Koko|100\/100|[from] Volt Switch\n|\n|-weather|Snow|[upkeep]\n|upkeep\n|turn|4\n|\n|t:|1700459579\n|switch|p1a: Baxcalibur|Baxcalibur, F|100\/100\n|move|p2a: Tapu Koko|Light Screen|p2a: Tapu Koko\n|-sidestart|p2: SCARCITY25|move: Light Screen\n|\n|-weather|Snow|[upkeep]\n|upkeep\n|turn|5\n|\n|t:|1700459583\n|move|p2a: Tapu Koko|U-turn|p1a: Baxcalibur\n|-damage|p1a: Baxcalibur|95\/100\n|\n|t:|1700459597\n|switch|p2a: Urshifu|Urshifu, F|100\/100|[from] U-turn\n|move|p1a: Baxcalibur|Swords Dance|p1a: Baxcalibur\n|-boost|p1a: Baxcalibur|atk|2\n|\n|-weather|none\n|-fieldend|move: Electric Terrain\n|upkeep\n|turn|6\n|\n|t:|1700459607\n|-terastallize|p1a: Baxcalibur|Fire\n|move|p2a: Urshifu|Wicked Blow|p1a: Baxcalibur\n|-crit|p1a: Baxcalibur\n|-damage|p1a: Baxcalibur|41\/100\n|move|p1a: Baxcalibur|Scale Shot|p2a: Urshifu\n|-damage|p2a: Urshifu|85\/100\n|-damage|p2a: Urshifu|72\/100\n|-damage|p2a: Urshifu|59\/100\n|-damage|p2a: Urshifu|45\/100\n|-damage|p2a: Urshifu|31\/100\n|-hitcount|p2a: Urshifu|5\n|-unboost|p1a: Baxcalibur|def|1\n|-boost|p1a: Baxcalibur|spe|1\n|\n|upkeep\n|turn|7\n|\n|t:|1700459619\n|move|p2a: Urshifu|Wicked Blow|p1a: Baxcalibur\n|-crit|p1a: Baxcalibur\n|-damage|p1a: Baxcalibur|0 fnt\n|faint|p1a: Baxcalibur\n|\n|upkeep\n|c|\u2606Ginesect|Oh f\n|\n|t:|1700459634\n|switch|p1a: Ninetales|Ninetales-Alola, F|86\/100\n|-weather|Snow|[from] ability: Snow Warning|[of] p1a: Ninetales\n|turn|8\n|\n|t:|1700459651\n|switch|p2a: Rotom|Rotom-Wash|70\/100\n|move|p1a: Ninetales|Moonblast|p2a: Rotom\n|-damage|p2a: Rotom|56\/100\n|\n|-weather|Snow|[upkeep]\n|-heal|p2a: Rotom|62\/100|[from] item: Leftovers\n|-sideend|p2: SCARCITY25|Reflect\n|upkeep\n|turn|9\n|\n|t:|1700459672\n|move|p1a: Ninetales|Moonblast|p2a: Rotom\n|-damage|p2a: Rotom|50\/100\n|-unboost|p2a: Rotom|spa|1\n|move|p2a: Rotom|Will-O-Wisp|p1a: Ninetales\n|-status|p1a: Ninetales|brn\n|\n|-weather|Snow|[upkeep]\n|-heal|p2a: Rotom|56\/100|[from] item: Leftovers\n|-damage|p1a: Ninetales|80\/100 brn|[from] brn\n|-sideend|p1: Ginesect|move: Aurora Veil\n|upkeep\n|turn|10\n|\n|t:|1700459681\n|move|p1a: Ninetales|Aurora Veil|p1a: Ninetales\n|-sidestart|p1: Ginesect|move: Aurora Veil\n|move|p2a: Rotom|Pain Split|p1a: Ninetales\n|-sethp|p1a: Ninetales|69\/100 brn|[from] move: Pain Split|[silent]\n|-sethp|p2a: Rotom|66\/100|[from] move: Pain Split\n|\n|-weather|Snow|[upkeep]\n|-heal|p2a: Rotom|72\/100|[from] item: Leftovers\n|-damage|p1a: Ninetales|64\/100 brn|[from] brn\n|upkeep\n|turn|11\n|\n|t:|1700459688\n|switch|p2a: Tapu Koko|Tapu Koko|100\/100\n|-fieldstart|move: Electric Terrain|[from] ability: Electric Surge|[of] p2a: Tapu Koko\n|move|p1a: Ninetales|Moonblast|p2a: Tapu Koko\n|-damage|p2a: Tapu Koko|80\/100\n|\n|-weather|Snow|[upkeep]\n|-damage|p1a: Ninetales|58\/100 brn|[from] brn\n|-sideend|p2: SCARCITY25|move: Light Screen\n|upkeep\n|turn|12\n|\n|t:|1700459698\n|move|p2a: Tapu Koko|Light Screen|p2a: Tapu Koko\n|-sidestart|p2: SCARCITY25|move: Light Screen\n|move|p1a: Ninetales|Encore|p2a: Tapu Koko\n|-start|p2a: Tapu Koko|Encore\n|\n|-weather|none\n|-damage|p1a: Ninetales|52\/100 brn|[from] brn\n|upkeep\n|turn|13\n|\n|t:|1700459706\n|switch|p2a: Rotom|Rotom-Wash|72\/100\n|switch|p1a: Arctozolt|Arctozolt|100\/100\n|\n|-heal|p2a: Rotom|78\/100|[from] item: Leftovers\n|upkeep\n|turn|14\n|\n|t:|1700459726\n|switch|p2a: Garchomp|Garchomp, F|100\/100\n|move|p1a: Arctozolt|Icicle Crash|p2a: Garchomp\n|-supereffective|p2a: Garchomp\n|-damage|p2a: Garchomp|0 fnt\n|faint|p2a: Garchomp\n|\n|upkeep\n|c|\u2606SCARCITY25|damn nice play\n|\n|t:|1700459736\n|switch|p2a: Iron Valiant|Iron Valiant|100\/100\n|-activate|p2a: Iron Valiant|ability: Quark Drive\n|-start|p2a: Iron Valiant|quarkdrivespe\n|turn|15\n|c|\u2606Ginesect|thanks\n|\n|t:|1700459755\n|-end|p2a: Iron Valiant|Quark Drive|[silent]\n|switch|p2a: Rotom|Rotom-Wash|78\/100\n|switch|p1a: Ninetales|Ninetales-Alola, F|52\/100 brn\n|-weather|Snow|[from] ability: Snow Warning|[of] p1a: Ninetales\n|\n|-weather|Snow|[upkeep]\n|-heal|p2a: Rotom|84\/100|[from] item: Leftovers\n|-damage|p1a: Ninetales|46\/100 brn|[from] brn\n|-fieldend|move: Electric Terrain\n|upkeep\n|turn|16\n|\n|t:|1700459759\n|switch|p1a: Arctozolt|Arctozolt|100\/100\n|move|p2a: Rotom|Volt Switch|p1a: Arctozolt\n|-resisted|p1a: Arctozolt\n|-damage|p1a: Arctozolt|92\/100\n|\n|t:|1700459768\n|switch|p2a: Urshifu|Urshifu, F|31\/100|[from] Volt Switch\n|\n|-weather|Snow|[upkeep]\n|upkeep\n|turn|17\n|\n|t:|1700459816\n|switch|p1a: Moltres|Moltres|100\/100\n|move|p2a: Urshifu|Wicked Blow|p1a: Moltres\n|-crit|p1a: Moltres\n|-damage|p1a: Moltres|56\/100\n|\n|-weather|Snow|[upkeep]\n|-sideend|p1: Ginesect|move: Aurora Veil\n|upkeep\n|turn|18\n|\n|t:|1700459833\n|switch|p2a: Rotom|Rotom-Wash|84\/100\n|move|p1a: Moltres|Roost|p1a: Moltres\n|-heal|p1a: Moltres|100\/100\n|-singleturn|p1a: Moltres|move: Roost\n|\n|-weather|Snow|[upkeep]\n|-heal|p2a: Rotom|91\/100|[from] item: Leftovers\n|upkeep\n|turn|19\n|\n|t:|1700459844\n|move|p1a: Moltres|Roost||[still]\n|-fail|p1a: Moltres|heal\n|move|p2a: Rotom|Volt Switch|p1a: Moltres\n|-supereffective|p1a: Moltres\n|-damage|p1a: Moltres|57\/100\n|c|\u2606Ginesect|Oh damn\n|\n|t:|1700459863\n|switch|p2a: Iron Valiant|Iron Valiant|100\/100|[from] Volt Switch\n|\n|-weather|none\n|-sideend|p2: SCARCITY25|move: Light Screen\n|upkeep\n|turn|20\n|\n|t:|1700459871\n|-end|p2a: Iron Valiant|Quark Drive|[silent]\n|switch|p2a: Rotom|Rotom-Wash|91\/100\n|move|p1a: Moltres|Hurricane|p2a: Rotom\n|-resisted|p2a: Rotom\n|-damage|p2a: Rotom|71\/100\n|\n|-heal|p2a: Rotom|77\/100|[from] item: Leftovers\n|upkeep\n|turn|21\n|\n|t:|1700459877\n|move|p1a: Moltres|Roost|p1a: Moltres\n|-heal|p1a: Moltres|100\/100\n|-singleturn|p1a: Moltres|move: Roost\n|move|p2a: Rotom|Volt Switch|p1a: Moltres\n|-damage|p1a: Moltres|75\/100\n|\n|t:|1700459883\n|switch|p2a: Tapu Koko|Tapu Koko|80\/100|[from] Volt Switch\n|-fieldstart|move: Electric Terrain|[from] ability: Electric Surge|[of] p2a: Tapu Koko\n|\n|upkeep\n|turn|22\n|\n|t:|1700459898\n|switch|p1a: Arctozolt|Arctozolt|92\/100\n|move|p2a: Tapu Koko|U-turn|p1a: Arctozolt\n|-damage|p1a: Arctozolt|71\/100\n|\n|t:|1700459907\n|switch|p2a: Urshifu|Urshifu, F|31\/100|[from] U-turn\n|\n|upkeep\n|turn|23\n|\n|t:|1700459918\n|switch|p1a: Moltres|Moltres|75\/100\n|move|p2a: Urshifu|Wicked Blow|p1a: Moltres\n|-crit|p1a: Moltres\n|-damage|p1a: Moltres|29\/100\n|-status|p2a: Urshifu|brn|[from] ability: Flame Body|[of] p1a: Moltres\n|\n|-damage|p2a: Urshifu|25\/100 brn|[from] brn\n|upkeep\n|turn|24\n|c|\u2606Ginesect|Insane\n|c|\u2606SCARCITY25|noo\n|\n|t:|1700459943\n|switch|p2a: Rotom|Rotom-Wash|77\/100\n|switch|p1a: Ninetales|Ninetales-Alola, F|46\/100 brn\n|-weather|Snow|[from] ability: Snow Warning|[of] p1a: Ninetales\n|\n|-weather|Snow|[upkeep]\n|-heal|p2a: Rotom|84\/100|[from] item: Leftovers\n|-damage|p1a: Ninetales|40\/100 brn|[from] brn\n|upkeep\n|turn|25\n|\n|t:|1700459952\n|move|p1a: Ninetales|Aurora Veil|p1a: Ninetales\n|-sidestart|p1: Ginesect|move: Aurora Veil\n|move|p2a: Rotom|Volt Switch|p1a: Ninetales\n|-damage|p1a: Ninetales|25\/100 brn\n|\n|t:|1700460005\n|switch|p2a: Iron Valiant|Iron Valiant|100\/100|[from] Volt Switch\n|-activate|p2a: Iron Valiant|ability: Quark Drive\n|-start|p2a: Iron Valiant|quarkdrivespe\n|\n|-weather|Snow|[upkeep]\n|-damage|p1a: Ninetales|19\/100 brn|[from] brn\n|-fieldend|move: Electric Terrain\n|-end|p2a: Iron Valiant|Quark Drive\n|upkeep\n|turn|26\n|\n|t:|1700460021\n|move|p2a: Iron Valiant|Moonblast|p1a: Ninetales\n|-damage|p1a: Ninetales|0 fnt\n|faint|p1a: Ninetales\n|-damage|p2a: Iron Valiant|91\/100|[from] item: Life Orb\n|\n|-weather|Snow|[upkeep]\n|upkeep\n|\n|t:|1700460024\n|switch|p1a: Arctozolt|Arctozolt|71\/100\n|turn|27\n|\n|t:|1700460099\n|-end|p2a: Iron Valiant|Quark Drive|[silent]\n|switch|p2a: Urshifu|Urshifu, F|25\/100 brn\n|move|p1a: Arctozolt|Bolt Beak|p2a: Urshifu\n|-damage|p2a: Urshifu|0 fnt\n|faint|p2a: Urshifu\n|\n|-weather|Snow|[upkeep]\n|upkeep\n|\n|t:|1700460111\n|switch|p2a: Tapu Koko|Tapu Koko|80\/100\n|-fieldstart|move: Electric Terrain|[from] ability: Electric Surge|[of] p2a: Tapu Koko\n|turn|28\n|\n|t:|1700460133\n|move|p1a: Arctozolt|Bolt Beak|p2a: Tapu Koko\n|-resisted|p2a: Tapu Koko\n|-damage|p2a: Tapu Koko|0 fnt\n|faint|p2a: Tapu Koko\n|\n|-weather|none\n|upkeep\n|\n|t:|1700460137\n|switch|p2a: Iron Valiant|Iron Valiant|91\/100\n|-activate|p2a: Iron Valiant|ability: Quark Drive\n|-start|p2a: Iron Valiant|quarkdrivespe\n|turn|29\n|c|\u2606Ginesect|Dan\n|c|\u2606Ginesect|Insane\n|c|\u2606Ginesect|gg\n|\n|t:|1700460177\n|move|p2a: Iron Valiant|Aura Sphere|p1a: Arctozolt\n|-supereffective|p1a: Arctozolt\n|-damage|p1a: Arctozolt|2\/100\n|-damage|p2a: Iron Valiant|81\/100|[from] item: Life Orb\n|move|p1a: Arctozolt|Bolt Beak|p2a: Iron Valiant\n|-damage|p2a: Iron Valiant|0 fnt\n|faint|p2a: Iron Valiant\n|-end|p2a: Iron Valiant|Quark Drive|[silent]\n|\n|upkeep\n|c|\u2606SCARCITY25|nooooo\n|c|\u2606Ginesect|holy shit\n|c|\u2606Ginesect|W survive\n|c|\u2606SCARCITY25|knew i shoulda went focus blast\n|c|\u2606Ginesect|lmao was it a roll?\n|c|\u2606SCARCITY25|252 SpA Life Orb Iron Valiant Aura Sphere vs. 0 HP \/ 0- SpD Arctozolt with an ally's Aurora Veil: 216-255 (67.2 - 79.4%) -- guaranteed 2HKO\n|c|\u2606Ginesect|damn\n|\n|t:|1700460223\n|switch|p2a: Corviknight|Corviknight, M|100\/100\n|-ability|p2a: Corviknight|Pressure\n|turn|30\n|c|\u2606Ginesect|I got insanely lucy\n|c|\u2606Ginesect|Lucky*\n|\n|t:|1700460234\n|-terastallize|p2a: Corviknight|Dragon\n|move|p1a: Arctozolt|Bolt Beak|p2a: Corviknight\n|-resisted|p2a: Corviknight\n|-damage|p2a: Corviknight|60\/100\n|move|p2a: Corviknight|U-turn|p1a: Arctozolt\n|-damage|p1a: Arctozolt|0 fnt\n|faint|p1a: Arctozolt\n|c|\u2606Ginesect|oh\n|\n|t:|1700460240\n|switch|p2a: Rotom|Rotom-Wash|84\/100|[from] U-turn\n|\n|-heal|p2a: Rotom|90\/100|[from] item: Leftovers\n|upkeep\n|\n|t:|1700460242\n|switch|p1a: Iron Bundle|Iron Bundle|100\/100\n|-activate|p1a: Iron Bundle|ability: Quark Drive\n|-start|p1a: Iron Bundle|quarkdrivespe\n|turn|31\n|\n|t:|1700460246\n|move|p1a: Iron Bundle|Freeze-Dry|p2a: Rotom\n|-supereffective|p2a: Rotom\n|-damage|p2a: Rotom|13\/100\n|-damage|p1a: Iron Bundle|91\/100|[from] item: Life Orb\n|move|p2a: Rotom|Volt Switch|p1a: Iron Bundle\n|-supereffective|p1a: Iron Bundle\n|-damage|p1a: Iron Bundle|37\/100\n|c|\u2606Ginesect|gg\n|\n|t:|1700460253\n|switch|p2a: Corviknight|Corviknight, M, tera:Dragon|60\/100|[from] Volt Switch\n|-ability|p2a: Corviknight|Pressure\n|\n|-heal|p2a: Corviknight|66\/100|[from] item: Leftovers\n|upkeep\n|turn|32\n|\n|t:|1700460255\n|move|p1a: Iron Bundle|Ice Beam|p2a: Corviknight\n|-supereffective|p2a: Corviknight\n|-damage|p2a: Corviknight|0 fnt\n|faint|p2a: Corviknight\n|-damage|p1a: Iron Bundle|27\/100|[from] item: Life Orb\n|\n|-sideend|p1: Ginesect|move: Aurora Veil\n|-fieldend|move: Electric Terrain\n|-end|p1a: Iron Bundle|Quark Drive\n|upkeep\n|\n|t:|1700460258\n|switch|p2a: Rotom|Rotom-Wash|13\/100\n|turn|33\n|c|\u2606SCARCITY25|ggs\n|\n|t:|1700460263\n|move|p1a: Iron Bundle|Freeze-Dry|p2a: Rotom\n|-supereffective|p2a: Rotom\n|-damage|p2a: Rotom|0 fnt\n|faint|p2a: Rotom\n|-damage|p1a: Iron Bundle|17\/100|[from] item: Life Orb\n|\n|win|Ginesect\n","uploadtime":1700460271,"views":5,"p1id":"ginesect","p2id":"scarcity25","formatid":"gen9nationaldexubers","rating":0,"private":0,"password":""}