{"id":"gen9nationaldexubers-1987455266","p1":"tumabt0939","p2":"stevencoolwang","format":"[Gen 9] National Dex Ubers","log":"|j|\u2606tumabt0939\n|j|\u2606stevencoolwang\n|t:|1699594210\n|gametype|singles\n|player|p1|tumabt0939|dragontamer|1205\n|player|p2|stevencoolwang|265|1376\n|teamsize|p1|6\n|teamsize|p2|6\n|gen|9\n|tier|[Gen 9] National Dex Ubers\n|rated|\n|rule|HP Percentage Mod: HP is shown in percentages\n|rule|Endless Battle Clause: Forcing endless battles is banned\n|rule|OHKO Clause: OHKO moves are banned\n|rule|Evasion Moves Clause: Evasion moves are banned\n|rule|Evasion Items Clause: Evasion items are banned\n|rule|Species Clause: Limit one of each Pok\u00e9mon\n|rule|Sleep Clause Mod: Limit one foe put to sleep\n|rule|Mega Rayquaza Clause: You cannot mega evolve Rayquaza\n|clearpoke\n|poke|p1|Corviknight, F|\n|poke|p1|Dragapult, F|\n|poke|p1|Glimmora, F|\n|poke|p1|Gliscor, M|\n|poke|p1|Kartana|\n|poke|p1|Spiritomb, F|\n|poke|p2|Kyogre|\n|poke|p2|Groudon|\n|poke|p2|Necrozma-Dusk-Mane|\n|poke|p2|Ho-Oh|\n|poke|p2|Arceus-Dark|\n|poke|p2|Xerneas-*|\n|teampreview\n|\n|t:|1699594214\n|start\n|switch|p1a: Glimmora|Glimmora, F|100\/100\n|switch|p2a: Kyogre|Kyogre|100\/100\n|-item|p1a: Glimmora|Air Balloon\n|detailschange|p2a: Kyogre|Kyogre-Primal\n|-primal|p2a: Kyogre|Blue Orb\n|-weather|PrimordialSea|[from] ability: Primordial Sea|[of] p2a: Kyogre\n|turn|1\n|\n|t:|1699594227\n|move|p1a: Glimmora|Stealth Rock|p2a: Kyogre\n|-sidestart|p2: stevencoolwang|move: Stealth Rock\n|move|p2a: Kyogre|Scald|p1a: Glimmora\n|-supereffective|p1a: Glimmora\n|-damage|p1a: Glimmora|0 fnt\n|-enditem|p1a: Glimmora|Air Balloon\n|faint|p1a: Glimmora\n|\n|-weather|PrimordialSea|[upkeep]\n|upkeep\n|\n|t:|1699594237\n|switch|p1a: Kartana|Kartana|100\/100\n|turn|2\n|\n|t:|1699594254\n|-weather|none\n|switch|p2a: Ho-Oh|Ho-Oh, shiny|100\/100\n|move|p1a: Kartana|Knock Off|p2a: Ho-Oh\n|-damage|p2a: Ho-Oh|67\/100\n|-enditem|p2a: Ho-Oh|Heavy-Duty Boots|[from] move: Knock Off|[of] p1a: Kartana\n|\n|upkeep\n|turn|3\n|\n|t:|1699594269\n|switch|p1a: Dragapult|Dragapult, F|100\/100\n|move|p2a: Ho-Oh|Sacred Fire|p1a: Dragapult\n|-resisted|p1a: Dragapult\n|-damage|p1a: Dragapult|73\/100\n|-status|p1a: Dragapult|brn\n|\n|-damage|p1a: Dragapult|67\/100 brn|[from] brn\n|upkeep\n|turn|4\n|\n|t:|1699594280\n|move|p1a: Dragapult|Hydro Pump|p2a: Ho-Oh|[miss]\n|-miss|p1a: Dragapult|p2a: Ho-Oh\n|move|p2a: Ho-Oh|Toxic||[still]\n|-fail|p2a: Ho-Oh\n|\n|-damage|p1a: Dragapult|61\/100 brn|[from] brn\n|upkeep\n|turn|5\n|\n|t:|1699594288\n|-terastallize|p2a: Ho-Oh|Grass\n|move|p1a: Dragapult|Hydro Pump|p2a: Ho-Oh\n|-resisted|p2a: Ho-Oh\n|-damage|p2a: Ho-Oh|56\/100\n|-damage|p1a: Dragapult|51\/100 brn|[from] item: Life Orb\n|move|p2a: Ho-Oh|Brave Bird|p1a: Dragapult\n|-damage|p1a: Dragapult|0 fnt\n|faint|p1a: Dragapult\n|-damage|p2a: Ho-Oh|44\/100|[from] Recoil\n|\n|upkeep\n|\n|t:|1699594302\n|switch|p1a: Corviknight|Corviknight, F|100\/100\n|turn|6\n|\n|t:|1699594306\n|move|p2a: Ho-Oh|Sacred Fire|p1a: Corviknight\n|-supereffective|p1a: Corviknight\n|-damage|p1a: Corviknight|35\/100\n|move|p1a: Corviknight|Brave Bird|p2a: Ho-Oh\n|-supereffective|p2a: Ho-Oh\n|-damage|p2a: Ho-Oh|0 fnt\n|faint|p2a: Ho-Oh\n|-damage|p1a: Corviknight|17\/100|[from] Recoil\n|\n|-heal|p1a: Corviknight|24\/100|[from] item: Leftovers\n|upkeep\n|\n|t:|1699594314\n|switch|p2a: Kyogre|Kyogre-Primal|100\/100\n|-damage|p2a: Kyogre|88\/100|[from] Stealth Rock\n|-weather|PrimordialSea|[from] ability: Primordial Sea|[of] p2a: Kyogre\n|turn|7\n|c|\u2606tumabt0939|Spam legend\n|\n|t:|1699594325\n|move|p2a: Kyogre|Scald|p1a: Corviknight\n|-damage|p1a: Corviknight|0 fnt\n|faint|p1a: Corviknight\n|\n|-weather|PrimordialSea|[upkeep]\n|upkeep\n|\n|t:|1699594336\n|switch|p1a: Kartana|Kartana|100\/100\n|turn|8\n|c|\u2606stevencoolwang|!weakness kartana\n|c| stevencoolwang|\/raw <div class=\"infobox\">Kartana (ignoring abilities):<br \/><span class=\"message-effect-weak\">Weaknesses<\/span>: Fighting, <b>Fire<\/b><br \/><span class=\"message-effect-resist\">Resistances<\/span>: Dragon, Electric, Fairy, <b>Grass<\/b>, Normal, Psychic, Rock, Steel, Water<br \/><span class=\"message-effect-immune\">Immunities<\/span>: Poison, Powder moves, Sandstorm damage, Toxic<\/div>\n|c|\u2606tumabt0939|Noob\n|c|\u2606stevencoolwang|Yeah\n|c|\u2606stevencoolwang|Im still beating you\n|c|\u2606stevencoolwang|Sucker\n|c|\u2606stevencoolwang|Noob noob\n|c|\u2606tumabt0939|I wont play and wait\n|c|\u2606stevencoolwang|Cowardy nerd\n|c|\u2606tumabt0939|Hahaha\n|inactive|Battle timer is ON: inactive players will automatically lose when time's up. (requested by stevencoolwang)\n|c|\u2606stevencoolwang|OK\n|c|\u2606tumabt0939|Ok\n|c|\u2606stevencoolwang|HAHA\n|c|\u2606stevencoolwang|TIMER\n|c|\u2606stevencoolwang|SUCKER\n|c|\u2606tumabt0939|Legendary spamers\n|c|\u2606stevencoolwang|COOL\n|c|\u2606stevencoolwang|IDC\n|inactive|tumabt0939 has 120 seconds left.\n|c|\u2606tumabt0939|Cool????\n|c|\u2606stevencoolwang|Yeah\n|c|\u2606stevencoolwang|Whatever mate\n|c|\u2606stevencoolwang|YOur a LOSER\n|c|\u2606stevencoolwang|haha\n|c|\u2606stevencoolwang|Sucker\n|inactive|tumabt0939 has 90 seconds left.\n|c|\u2606tumabt0939|What different at you and the dog\n|c|\u2606stevencoolwang|Only losers do this\n|c|\u2606stevencoolwang|Your afraid dog :)\n|c|\u2606tumabt0939|You \u1ea3e\n|inactive|tumabt0939 has 60 seconds left.\n|c|\u2606tumabt0939|You are loser\n|c|\u2606stevencoolwang|OK\n|c|\u2606stevencoolwang|IDC\n|inactive|tumabt0939 has 30 seconds left.\n|inactive|tumabt0939 has 20 seconds left.\n|inactive|tumabt0939 has 15 seconds left.\n|inactive|tumabt0939 has 10 seconds left.\n|\n|t:|1699594536\n|-weather|none\n|switch|p2a: Groudon|Groudon|100\/100\n|-damage|p2a: Groudon|94\/100|[from] Stealth Rock\n|detailschange|p2a: Groudon|Groudon-Primal\n|-primal|p2a: Groudon|Red Orb\n|-weather|DesolateLand|[from] ability: Desolate Land|[of] p2a: Groudon\n|move|p1a: Kartana|Leaf Blade|p2a: Groudon\n|-damage|p2a: Groudon|47\/100\n|\n|-weather|DesolateLand|[upkeep]\n|upkeep\n|turn|9\n|\n|t:|1699594549\n|-terastallize|p1a: Kartana|Grass\n|move|p1a: Kartana|Leaf Blade|p2a: Groudon\n|-damage|p2a: Groudon|0 fnt\n|faint|p2a: Groudon\n|-weather|none\n|-ability|p1a: Kartana|Beast Boost|boost\n|-boost|p1a: Kartana|atk|1\n|\n|upkeep\n|\n|t:|1699594556\n|switch|p2a: Xerneas|Xerneas|100\/100\n|-damage|p2a: Xerneas|88\/100|[from] Stealth Rock\n|-ability|p2a: Xerneas|Fairy Aura\n|turn|10\n|\n|t:|1699594562\n|move|p1a: Kartana|Leaf Blade|p2a: Xerneas\n|-damage|p2a: Xerneas|0 fnt\n|faint|p2a: Xerneas\n|-ability|p1a: Kartana|Beast Boost|boost\n|-boost|p1a: Kartana|atk|1\n|\n|upkeep\n|c|\u2606tumabt0939|:)\n|\n|t:|1699594587\n|switch|p2a: Necrozma|Necrozma-Dusk-Mane|100\/100\n|-damage|p2a: Necrozma|94\/100|[from] Stealth Rock\n|turn|11\n|inactive|tumabt0939 has 90 seconds left.\n|\n|t:|1699594596\n|move|p1a: Kartana|Leaf Blade|p2a: Necrozma\n|-resisted|p2a: Necrozma\n|-damage|p2a: Necrozma|40\/100\n|move|p2a: Necrozma|Sunsteel Strike|p1a: Kartana\n|-damage|p1a: Kartana|52\/100\n|\n|-heal|p2a: Necrozma|46\/100|[from] item: Leftovers\n|upkeep\n|turn|12\n|inactive|tumabt0939 has 90 seconds left.\n|\n|t:|1699594619\n|switch|p2a: Arceus|Arceus-Dark|100\/100\n|-damage|p2a: Arceus|88\/100|[from] Stealth Rock\n|move|p1a: Kartana|Leaf Blade|p2a: Arceus\n|-damage|p2a: Arceus|1\/100\n|\n|upkeep\n|turn|13\n|\n|t:|1699594627\n|move|p1a: Kartana|Leaf Blade|p2a: Arceus\n|-damage|p2a: Arceus|0 fnt\n|faint|p2a: Arceus\n|-ability|p1a: Kartana|Beast Boost|boost\n|-boost|p1a: Kartana|atk|1\n|\n|upkeep\n|\n|t:|1699594634\n|switch|p2a: Necrozma|Necrozma-Dusk-Mane|46\/100\n|-damage|p2a: Necrozma|40\/100|[from] Stealth Rock\n|turn|14\n|c|\u2606tumabt0939|Loser\n|\n|t:|1699594638\n|move|p1a: Kartana|Leaf Blade|p2a: Necrozma\n|-resisted|p2a: Necrozma\n|-crit|p2a: Necrozma\n|-damage|p2a: Necrozma|0 fnt\n|faint|p2a: Necrozma\n|-ability|p1a: Kartana|Beast Boost|boost\n|-boost|p1a: Kartana|atk|1\n|\n|upkeep\n|\n|t:|1699594647\n|switch|p2a: Kyogre|Kyogre-Primal|88\/100\n|-damage|p2a: Kyogre|76\/100|[from] Stealth Rock\n|-weather|PrimordialSea|[from] ability: Primordial Sea|[of] p2a: Kyogre\n|turn|15\n|c|\u2606tumabt0939|Noob\n|inactive|tumabt0939 has 120 seconds left.\n|\n|t:|1699594659\n|move|p1a: Kartana|Leaf Blade|p2a: Kyogre\n|-supereffective|p2a: Kyogre\n|-damage|p2a: Kyogre|0 fnt\n|faint|p2a: Kyogre\n|-weather|none\n|\n|win|tumabt0939\n|raw|tumabt0939's rating: 1205 &rarr; <strong>1241<\/strong><br \/>(+36 for winning)\n|raw|stevencoolwang's rating: 1376 &rarr; <strong>1347<\/strong><br \/>(-29 for losing)\n|c|\u2606tumabt0939|Noob hahahahhah\n|l|\u2606stevencoolwang\n|c|\u2606tumabt0939|Ez win\n|l|\u2606tumabt0939\n|j|\u2606tumabt0939\n|player|p1|tumabt0939|dragontamer\n","uploadtime":1699594716,"views":13,"p1id":"tumabt0939","p2id":"stevencoolwang","formatid":"gen9nationaldexubers","rating":1241,"private":0,"password":""}