{"id":"gen9nationaldexubers-1979755433","p1":"Hogstuffer420","p2":"Slumpyboocus","format":"[Gen 9] National Dex Ubers","log":"|j|\u2606Hogstuffer420\n|j|\u2606Slumpyboocus\n|t:|1698709896\n|gametype|singles\n|player|p1|Hogstuffer420|n|\n|player|p2|Slumpyboocus|ash|\n|teamsize|p1|6\n|teamsize|p2|6\n|gen|9\n|tier|[Gen 9] National Dex Ubers\n|rule|HP Percentage Mod: HP is shown in percentages\n|rule|Endless Battle Clause: Forcing endless battles is banned\n|rule|OHKO Clause: OHKO moves are banned\n|rule|Evasion Moves Clause: Evasion moves are banned\n|rule|Evasion Items Clause: Evasion items are banned\n|rule|Species Clause: Limit one of each Pok\u00e9mon\n|rule|Sleep Clause Mod: Limit one foe put to sleep\n|rule|Mega Rayquaza Clause: You cannot mega evolve Rayquaza\n|clearpoke\n|poke|p1|Swampert, M|\n|poke|p1|Pelipper, M|\n|poke|p1|Gholdengo|\n|poke|p1|Glimmora, M|\n|poke|p1|Deoxys-Defense|\n|poke|p1|Barraskewda, M|\n|poke|p2|Celesteela|\n|poke|p2|Zapdos|\n|poke|p2|Roaring Moon|\n|poke|p2|Wo-Chien|\n|poke|p2|Gallade, M|\n|poke|p2|Gastrodon-East, M|\n|teampreview\n|j| Arod2606\n|\n|t:|1698709921\n|start\n|switch|p1a: Moneybagg Brins|Gholdengo|100\/100\n|switch|p2a: Monica Geller|Zapdos|100\/100\n|turn|1\n|\n|t:|1698709941\n|move|p2a: Monica Geller|Volt Switch|p1a: Moneybagg Brins\n|-damage|p1a: Moneybagg Brins|56\/100\n|\n|t:|1698709944\n|switch|p2a: Rachel Green|Wo-Chien|100\/100|[from] Volt Switch\n|-ability|p2a: Rachel Green|Tablets of Ruin\n|move|p1a: Moneybagg Brins|Shadow Ball|p2a: Rachel Green\n|-resisted|p2a: Rachel Green\n|-damage|p2a: Rachel Green|84\/100\n|\n|-heal|p2a: Rachel Green|90\/100|[from] item: Leftovers\n|upkeep\n|turn|2\n|\n|t:|1698709956\n|switch|p1a: Flying Fuck|Pelipper, M, shiny|100\/100\n|-weather|RainDance|[from] ability: Drizzle|[of] p1a: Flying Fuck\n|move|p2a: Rachel Green|Knock Off|p1a: Flying Fuck\n|-damage|p1a: Flying Fuck|78\/100\n|-enditem|p1a: Flying Fuck|Damp Rock|[from] move: Knock Off|[of] p2a: Rachel Green\n|\n|-weather|RainDance|[upkeep]\n|-heal|p2a: Rachel Green|96\/100|[from] item: Leftovers\n|upkeep\n|turn|3\n|\n|t:|1698709965\n|move|p1a: Flying Fuck|U-turn|p2a: Rachel Green\n|-supereffective|p2a: Rachel Green\n|-damage|p2a: Rachel Green|72\/100\n|\n|t:|1698710001\n|switch|p1a: Snorlix|Deoxys-Defense, shiny|100\/100|[from] U-turn\n|-ability|p1a: Snorlix|Pressure\n|move|p2a: Rachel Green|Leech Seed|p1a: Snorlix\n|-start|p1a: Snorlix|move: Leech Seed\n|\n|-weather|RainDance|[upkeep]\n|-heal|p2a: Rachel Green|78\/100|[from] item: Leftovers\n|-damage|p1a: Snorlix|88\/100|[from] Leech Seed|[of] p2a: Rachel Green\n|-heal|p2a: Rachel Green|88\/100|[silent]\n|upkeep\n|turn|4\n|\n|t:|1698710011\n|move|p2a: Rachel Green|Protect|p2a: Rachel Green\n|-singleturn|p2a: Rachel Green|Protect\n|move|p1a: Snorlix|Toxic|p2a: Rachel Green\n|-activate|p2a: Rachel Green|move: Protect\n|\n|-weather|RainDance|[upkeep]\n|-heal|p1a: Snorlix|94\/100|[from] item: Leftovers\n|-heal|p2a: Rachel Green|94\/100|[from] item: Leftovers\n|-damage|p1a: Snorlix|82\/100|[from] Leech Seed|[of] p2a: Rachel Green\n|-heal|p2a: Rachel Green|100\/100|[silent]\n|upkeep\n|turn|5\n|j| Hotpepper22\n|\n|t:|1698710022\n|switch|p2a: Ross Geller|Celesteela|100\/100\n|move|p1a: Snorlix|Spikes|p2a: Ross Geller\n|-sidestart|p2: Slumpyboocus|Spikes\n|\n|-weather|RainDance|[upkeep]\n|-heal|p1a: Snorlix|88\/100|[from] item: Leftovers\n|-damage|p1a: Snorlix|76\/100|[from] Leech Seed|[of] p2a: Ross Geller\n|upkeep\n|turn|6\n|\n|t:|1698710048\n|switch|p1a: Fish|Barraskewda, M, shiny|100\/100\n|move|p2a: Ross Geller|Energy Ball|p1a: Fish\n|-supereffective|p1a: Fish\n|-damage|p1a: Fish|0 fnt\n|faint|p1a: Fish\n|-ability|p2a: Ross Geller|Beast Boost|boost\n|-boost|p2a: Ross Geller|def|1\n|\n|-weather|RainDance|[upkeep]\n|upkeep\n|\n|t:|1698710083\n|switch|p1a: Chode|Glimmora, M|100\/100\n|turn|7\n|\n|t:|1698710087\n|move|p2a: Ross Geller|Protect|p2a: Ross Geller\n|-singleturn|p2a: Ross Geller|Protect\n|move|p1a: Chode|Sludge Wave|p2a: Ross Geller\n|-activate|p2a: Ross Geller|move: Protect\n|\n|-weather|RainDance|[upkeep]\n|upkeep\n|turn|8\n|\n|t:|1698710094\n|move|p1a: Chode|Sludge Wave|p2a: Ross Geller\n|-immune|p2a: Ross Geller\n|move|p2a: Ross Geller|Energy Ball|p1a: Chode\n|-damage|p1a: Chode|73\/100\n|\n|-weather|RainDance|[upkeep]\n|upkeep\n|turn|9\n|j| sandsword\n|\n|t:|1698710120\n|switch|p1a: Snorlix|Deoxys-Defense, shiny|76\/100\n|-ability|p1a: Snorlix|Pressure\n|move|p2a: Ross Geller|Energy Ball|p1a: Snorlix\n|-damage|p1a: Snorlix|63\/100\n|\n|-weather|none\n|-heal|p1a: Snorlix|68\/100|[from] item: Leftovers\n|upkeep\n|turn|10\n|\n|t:|1698710134\n|move|p1a: Snorlix|Recover|p1a: Snorlix\n|-heal|p1a: Snorlix|100\/100\n|move|p2a: Ross Geller|Leech Seed|p1a: Snorlix\n|-start|p1a: Snorlix|move: Leech Seed\n|\n|-damage|p1a: Snorlix|88\/100|[from] Leech Seed|[of] p2a: Ross Geller\n|upkeep\n|turn|11\n|\n|t:|1698710141\n|move|p1a: Snorlix|Spikes|p2a: Ross Geller\n|-sidestart|p2: Slumpyboocus|Spikes\n|move|p2a: Ross Geller|Energy Ball|p1a: Snorlix\n|-damage|p1a: Snorlix|74\/100\n|\n|-heal|p1a: Snorlix|80\/100|[from] item: Leftovers\n|-damage|p1a: Snorlix|68\/100|[from] Leech Seed|[of] p2a: Ross Geller\n|upkeep\n|turn|12\n|\n|t:|1698710149\n|switch|p2a: Monica Geller|Zapdos|100\/100\n|move|p1a: Snorlix|Spikes|p2a: Monica Geller\n|-sidestart|p2: Slumpyboocus|Spikes\n|\n|-heal|p1a: Snorlix|74\/100|[from] item: Leftovers\n|-damage|p1a: Snorlix|62\/100|[from] Leech Seed|[of] p2a: Monica Geller\n|upkeep\n|turn|13\n|\n|t:|1698710157\n|move|p2a: Monica Geller|Defog|p1a: Snorlix\n|-unboost|p1a: Snorlix|evasion|1\n|-sideend|p2: Slumpyboocus|Spikes|[from] move: Defog|[of] p2a: Monica Geller\n|move|p1a: Snorlix|Toxic|p2a: Monica Geller\n|-status|p2a: Monica Geller|tox\n|\n|-heal|p1a: Snorlix|68\/100|[from] item: Leftovers\n|-damage|p1a: Snorlix|56\/100|[from] Leech Seed|[of] p2a: Monica Geller\n|-damage|p2a: Monica Geller|94\/100 tox|[from] psn\n|upkeep\n|turn|14\n|\n|t:|1698710172\n|switch|p1a: Chode|Glimmora, M|73\/100\n|move|p2a: Monica Geller|Volt Switch|p1a: Chode\n|-damage|p1a: Chode|28\/100\n|\n|t:|1698710179\n|switch|p2a: Ross Geller|Celesteela|100\/100|[from] Volt Switch\n|\n|upkeep\n|turn|15\n|\n|t:|1698710189\n|move|p2a: Ross Geller|Protect|p2a: Ross Geller\n|-singleturn|p2a: Ross Geller|Protect\n|move|p1a: Chode|Power Gem|p2a: Ross Geller\n|-activate|p2a: Ross Geller|move: Protect\n|\n|upkeep\n|turn|16\n|\n|t:|1698710196\n|switch|p1a: Flying Fuck|Pelipper, M, shiny|78\/100\n|-weather|RainDance|[from] ability: Drizzle|[of] p1a: Flying Fuck\n|move|p2a: Ross Geller|Leech Seed|p1a: Flying Fuck\n|-start|p1a: Flying Fuck|move: Leech Seed\n|\n|-weather|RainDance|[upkeep]\n|-damage|p1a: Flying Fuck|66\/100|[from] Leech Seed|[of] p2a: Ross Geller\n|upkeep\n|turn|17\n|\n|t:|1698710204\n|move|p1a: Flying Fuck|U-turn|p2a: Ross Geller\n|-resisted|p2a: Ross Geller\n|-damage|p2a: Ross Geller|99\/100\n|\n|t:|1698710226\n|switch|p1a: Snorlix|Deoxys-Defense, shiny|56\/100|[from] U-turn\n|-ability|p1a: Snorlix|Pressure\n|move|p2a: Ross Geller|Energy Ball|p1a: Snorlix\n|-damage|p1a: Snorlix|43\/100\n|\n|-weather|RainDance|[upkeep]\n|-heal|p1a: Snorlix|49\/100|[from] item: Leftovers\n|-heal|p2a: Ross Geller|100\/100|[from] item: Leftovers\n|upkeep\n|turn|18\n|\n|t:|1698710241\n|move|p1a: Snorlix|Taunt|p2a: Ross Geller\n|-start|p2a: Ross Geller|move: Taunt\n|cant|p2a: Ross Geller|move: Taunt|Leech Seed\n|\n|-weather|RainDance|[upkeep]\n|-heal|p1a: Snorlix|55\/100|[from] item: Leftovers\n|upkeep\n|turn|19\n|\n|t:|1698710249\n|move|p1a: Snorlix|Recover|p1a: Snorlix\n|-heal|p1a: Snorlix|100\/100\n|move|p2a: Ross Geller|Flamethrower|p1a: Snorlix\n|-damage|p1a: Snorlix|94\/100\n|\n|-weather|RainDance|[upkeep]\n|-heal|p1a: Snorlix|99\/100|[from] item: Leftovers\n|upkeep\n|turn|20\n|\n|t:|1698710260\n|switch|p2a: Joey Tribbiani|Gastrodon-East, M|100\/100\n|move|p1a: Snorlix|Spikes|p2a: Joey Tribbiani\n|-sidestart|p2: Slumpyboocus|Spikes\n|\n|-weather|none\n|-heal|p1a: Snorlix|100\/100|[from] item: Leftovers\n|upkeep\n|turn|21\n|\n|t:|1698710267\n|move|p1a: Snorlix|Toxic|p2a: Joey Tribbiani\n|-status|p2a: Joey Tribbiani|tox\n|move|p2a: Joey Tribbiani|Toxic|p1a: Snorlix|[miss]\n|-miss|p2a: Joey Tribbiani|p1a: Snorlix\n|\n|-damage|p2a: Joey Tribbiani|94\/100 tox|[from] psn\n|upkeep\n|turn|22\n|\n|t:|1698710276\n|move|p1a: Snorlix|Spikes|p2a: Joey Tribbiani\n|-sidestart|p2: Slumpyboocus|Spikes\n|move|p2a: Joey Tribbiani|Earth Power|p1a: Snorlix\n|-damage|p1a: Snorlix|84\/100\n|\n|-heal|p1a: Snorlix|90\/100|[from] item: Leftovers\n|-heal|p2a: Joey Tribbiani|100\/100 tox|[from] item: Leftovers\n|-damage|p2a: Joey Tribbiani|88\/100 tox|[from] psn\n|upkeep\n|turn|23\n|\n|t:|1698710285\n|move|p1a: Snorlix|Spikes|p2a: Joey Tribbiani\n|-sidestart|p2: Slumpyboocus|Spikes\n|move|p2a: Joey Tribbiani|Toxic|p1a: Snorlix\n|-status|p1a: Snorlix|tox\n|\n|-heal|p1a: Snorlix|96\/100 tox|[from] item: Leftovers\n|-heal|p2a: Joey Tribbiani|94\/100 tox|[from] item: Leftovers\n|-damage|p1a: Snorlix|90\/100 tox|[from] psn\n|-damage|p2a: Joey Tribbiani|76\/100 tox|[from] psn\n|upkeep\n|turn|24\n|\n|t:|1698710302\n|switch|p1a: Flying Fuck|Pelipper, M, shiny|66\/100\n|-weather|RainDance|[from] ability: Drizzle|[of] p1a: Flying Fuck\n|switch|p2a: Monica Geller|Zapdos|94\/100 tox\n|\n|-weather|RainDance|[upkeep]\n|-damage|p2a: Monica Geller|88\/100 tox|[from] psn\n|upkeep\n|turn|25\n|\n|t:|1698710313\n|switch|p1a: Fat Fuck|Swampert, M|100\/100\n|move|p2a: Monica Geller|Defog|p1a: Fat Fuck\n|-unboost|p1a: Fat Fuck|evasion|1\n|-sideend|p2: Slumpyboocus|Spikes|[from] move: Defog|[of] p2a: Monica Geller\n|\n|-weather|RainDance|[upkeep]\n|-damage|p2a: Monica Geller|76\/100 tox|[from] psn\n|upkeep\n|turn|26\n|\n|t:|1698710327\n|switch|p2a: Ross Geller|Celesteela|100\/100\n|detailschange|p1a: Fat Fuck|Swampert-Mega, M\n|-mega|p1a: Fat Fuck|Swampert|Swampertite\n|move|p1a: Fat Fuck|Ice Punch|p2a: Ross Geller\n|-damage|p2a: Ross Geller|83\/100\n|\n|-weather|RainDance|[upkeep]\n|-heal|p2a: Ross Geller|89\/100|[from] item: Leftovers\n|upkeep\n|turn|27\n|\n|t:|1698710342\n|move|p1a: Fat Fuck|Waterfall|p2a: Ross Geller\n|-damage|p2a: Ross Geller|41\/100\n|move|p2a: Ross Geller|Energy Ball|p1a: Fat Fuck\n|-supereffective|p1a: Fat Fuck\n|-damage|p1a: Fat Fuck|16\/100\n|\n|-weather|RainDance|[upkeep]\n|-heal|p2a: Ross Geller|47\/100|[from] item: Leftovers\n|upkeep\n|turn|28\n|j| foofoo1\n|\n|t:|1698710352\n|move|p2a: Ross Geller|Protect|p2a: Ross Geller\n|-singleturn|p2a: Ross Geller|Protect\n|move|p1a: Fat Fuck|Waterfall|p2a: Ross Geller\n|-activate|p2a: Ross Geller|move: Protect\n|\n|-weather|none\n|-heal|p2a: Ross Geller|53\/100|[from] item: Leftovers\n|upkeep\n|turn|29\n|j| CryAndComplain23\n|\n|t:|1698710366\n|switch|p1a: Flying Fuck|Pelipper, M, shiny|66\/100\n|-weather|RainDance|[from] ability: Drizzle|[of] p1a: Flying Fuck\n|move|p2a: Ross Geller|Energy Ball|p1a: Flying Fuck\n|-damage|p1a: Flying Fuck|33\/100\n|\n|-weather|RainDance|[upkeep]\n|-heal|p2a: Ross Geller|59\/100|[from] item: Leftovers\n|upkeep\n|turn|30\n|\n|t:|1698710381\n|move|p1a: Flying Fuck|U-turn|p2a: Ross Geller\n|-resisted|p2a: Ross Geller\n|-damage|p2a: Ross Geller|58\/100\n|\n|t:|1698710396\n|switch|p1a: Moneybagg Brins|Gholdengo|56\/100|[from] U-turn\n|move|p2a: Ross Geller|Leech Seed|p1a: Moneybagg Brins\n|-immune|p1a: Moneybagg Brins|[from] ability: Good as Gold\n|\n|-weather|RainDance|[upkeep]\n|-heal|p2a: Ross Geller|64\/100|[from] item: Leftovers\n|upkeep\n|turn|31\n|\n|t:|1698710434\n|switch|p2a: Rachel Green|Wo-Chien|100\/100\n|-ability|p2a: Rachel Green|Tablets of Ruin\n|move|p1a: Moneybagg Brins|Thunderbolt|p2a: Rachel Green\n|-resisted|p2a: Rachel Green\n|-damage|p2a: Rachel Green|87\/100\n|\n|-weather|RainDance|[upkeep]\n|-heal|p2a: Rachel Green|94\/100|[from] item: Leftovers\n|upkeep\n|turn|32\n|\n|t:|1698710443\n|switch|p1a: Snorlix|Deoxys-Defense, shiny|90\/100 tox\n|-ability|p1a: Snorlix|Pressure\n|move|p2a: Rachel Green|Knock Off|p1a: Snorlix\n|-supereffective|p1a: Snorlix\n|-damage|p1a: Snorlix|42\/100 tox\n|-enditem|p1a: Snorlix|Leftovers|[from] move: Knock Off|[of] p2a: Rachel Green\n|\n|-weather|RainDance|[upkeep]\n|-heal|p2a: Rachel Green|99\/100|[from] item: Leftovers\n|-damage|p1a: Snorlix|36\/100 tox|[from] psn\n|upkeep\n|turn|33\n|\n|t:|1698710459\n|switch|p2a: Monica Geller|Zapdos|76\/100 tox\n|move|p1a: Snorlix|Recover|p1a: Snorlix\n|-heal|p1a: Snorlix|86\/100 tox\n|\n|-weather|none\n|-damage|p2a: Monica Geller|69\/100 tox|[from] psn\n|-damage|p1a: Snorlix|74\/100 tox|[from] psn\n|upkeep\n|turn|34\n|\n|t:|1698710472\n|move|p2a: Monica Geller|Volt Switch|p1a: Snorlix\n|-damage|p1a: Snorlix|53\/100 tox\n|\n|t:|1698710485\n|switch|p2a: Ross Geller|Celesteela|64\/100|[from] Volt Switch\n|move|p1a: Snorlix|Taunt|p2a: Ross Geller\n|-start|p2a: Ross Geller|move: Taunt\n|\n|-heal|p2a: Ross Geller|70\/100|[from] item: Leftovers\n|-damage|p1a: Snorlix|35\/100 tox|[from] psn\n|upkeep\n|turn|35\n|\n|t:|1698710496\n|switch|p2a: Monica Geller|Zapdos|69\/100 tox\n|move|p1a: Snorlix|Recover|p1a: Snorlix\n|-heal|p1a: Snorlix|86\/100 tox\n|\n|-damage|p2a: Monica Geller|63\/100 tox|[from] psn\n|-damage|p1a: Snorlix|62\/100 tox|[from] psn\n|upkeep\n|turn|36\n|\n|t:|1698710506\n|switch|p1a: Flying Fuck|Pelipper, M, shiny|33\/100\n|-weather|RainDance|[from] ability: Drizzle|[of] p1a: Flying Fuck\n|move|p2a: Monica Geller|Volt Switch|p1a: Flying Fuck\n|-supereffective|p1a: Flying Fuck\n|-damage|p1a: Flying Fuck|0 fnt\n|faint|p1a: Flying Fuck\n|\n|t:|1698710516\n|switch|p2a: Ross Geller|Celesteela|70\/100|[from] Volt Switch\n|\n|-weather|RainDance|[upkeep]\n|-heal|p2a: Ross Geller|76\/100|[from] item: Leftovers\n|upkeep\n|\n|t:|1698710521\n|switch|p1a: Fat Fuck|Swampert-Mega, M|16\/100\n|turn|37\n|\n|t:|1698710527\n|move|p1a: Fat Fuck|Power-Up Punch|p2a: Ross Geller\n|-damage|p2a: Ross Geller|67\/100\n|-boost|p1a: Fat Fuck|atk|1\n|move|p2a: Ross Geller|Leech Seed|p1a: Fat Fuck\n|-start|p1a: Fat Fuck|move: Leech Seed\n|\n|-weather|RainDance|[upkeep]\n|-heal|p2a: Ross Geller|73\/100|[from] item: Leftovers\n|-damage|p1a: Fat Fuck|4\/100|[from] Leech Seed|[of] p2a: Ross Geller\n|-heal|p2a: Ross Geller|83\/100|[silent]\n|upkeep\n|turn|38\n|\n|t:|1698710541\n|move|p2a: Ross Geller|Protect|p2a: Ross Geller\n|-singleturn|p2a: Ross Geller|Protect\n|move|p1a: Fat Fuck|Waterfall|p2a: Ross Geller\n|-activate|p2a: Ross Geller|move: Protect\n|\n|-weather|RainDance|[upkeep]\n|-heal|p2a: Ross Geller|89\/100|[from] item: Leftovers\n|-damage|p1a: Fat Fuck|0 fnt|[from] Leech Seed|[of] p2a: Ross Geller\n|-heal|p2a: Ross Geller|92\/100|[silent]\n|faint|p1a: Fat Fuck\n|upkeep\n|l| Hotpepper22\n|\n|t:|1698710554\n|switch|p1a: Moneybagg Brins|Gholdengo|56\/100\n|turn|39\n|\n|t:|1698710567\n|move|p1a: Moneybagg Brins|Make It Rain|p2a: Ross Geller\n|-resisted|p2a: Ross Geller\n|-damage|p2a: Ross Geller|48\/100\n|-unboost|p1a: Moneybagg Brins|spa|1\n|move|p2a: Ross Geller|Flamethrower|p1a: Moneybagg Brins\n|-supereffective|p1a: Moneybagg Brins\n|-damage|p1a: Moneybagg Brins|28\/100\n|\n|-weather|RainDance|[upkeep]\n|-heal|p2a: Ross Geller|54\/100|[from] item: Leftovers\n|upkeep\n|turn|40\n|\n|t:|1698710580\n|switch|p1a: Snorlix|Deoxys-Defense, shiny|62\/100 tox\n|-ability|p1a: Snorlix|Pressure\n|move|p2a: Ross Geller|Flamethrower|p1a: Snorlix\n|-damage|p1a: Snorlix|56\/100 tox\n|\n|-weather|none\n|-heal|p2a: Ross Geller|60\/100|[from] item: Leftovers\n|-damage|p1a: Snorlix|50\/100 tox|[from] psn\n|upkeep\n|turn|41\n|\n|t:|1698710594\n|move|p2a: Ross Geller|Protect|p2a: Ross Geller\n|-singleturn|p2a: Ross Geller|Protect\n|move|p1a: Snorlix|Taunt|p2a: Ross Geller\n|-activate|p2a: Ross Geller|move: Protect\n|\n|-heal|p2a: Ross Geller|66\/100|[from] item: Leftovers\n|-damage|p1a: Snorlix|38\/100 tox|[from] psn\n|upkeep\n|turn|42\n|\n|t:|1698710602\n|move|p1a: Snorlix|Recover|p1a: Snorlix\n|-heal|p1a: Snorlix|88\/100 tox\n|move|p2a: Ross Geller|Flamethrower|p1a: Snorlix\n|-damage|p1a: Snorlix|75\/100 tox\n|\n|-heal|p2a: Ross Geller|72\/100|[from] item: Leftovers\n|-damage|p1a: Snorlix|57\/100 tox|[from] psn\n|upkeep\n|turn|43\n|l| CryAndComplain23\n|\n|t:|1698710611\n|switch|p1a: Chode|Glimmora, M|28\/100\n|move|p2a: Ross Geller|Energy Ball|p1a: Chode\n|-damage|p1a: Chode|0 fnt\n|faint|p1a: Chode\n|-ability|p2a: Ross Geller|Beast Boost|boost\n|-boost|p2a: Ross Geller|def|1\n|\n|-heal|p2a: Ross Geller|78\/100|[from] item: Leftovers\n|upkeep\n|\n|t:|1698710620\n|switch|p1a: Moneybagg Brins|Gholdengo|28\/100\n|turn|44\n|\n|t:|1698710627\n|move|p1a: Moneybagg Brins|Shadow Ball|p2a: Ross Geller\n|-crit|p2a: Ross Geller\n|-damage|p2a: Ross Geller|0 fnt\n|faint|p2a: Ross Geller\n|\n|upkeep\n|\n|t:|1698710635\n|switch|p2a: Phoebe Buffay|Gallade, M, shiny|100\/100\n|turn|45\n|\n|t:|1698710639\n|detailschange|p2a: Phoebe Buffay|Gallade-Mega, M, shiny\n|-mega|p2a: Phoebe Buffay|Gallade|Galladite\n|move|p2a: Phoebe Buffay|Knock Off|p1a: Moneybagg Brins\n|-supereffective|p1a: Moneybagg Brins\n|-damage|p1a: Moneybagg Brins|0 fnt\n|-enditem|p1a: Moneybagg Brins|Choice Specs|[from] move: Knock Off|[of] p2a: Phoebe Buffay\n|faint|p1a: Moneybagg Brins\n|\n|upkeep\n|\n|t:|1698710645\n|switch|p1a: Snorlix|Deoxys-Defense, shiny|57\/100 tox\n|-ability|p1a: Snorlix|Pressure\n|turn|46\n|\n|t:|1698710652\n|move|p2a: Phoebe Buffay|Knock Off|p1a: Snorlix\n|-supereffective|p1a: Snorlix\n|-damage|p1a: Snorlix|14\/100 tox\n|move|p1a: Snorlix|Recover|p1a: Snorlix\n|-heal|p1a: Snorlix|64\/100 tox\n|\n|-damage|p1a: Snorlix|58\/100 tox|[from] psn\n|upkeep\n|turn|47\n|\n|t:|1698710662\n|move|p2a: Phoebe Buffay|Knock Off|p1a: Snorlix\n|-supereffective|p1a: Snorlix\n|-damage|p1a: Snorlix|16\/100 tox\n|move|p1a: Snorlix|Recover|p1a: Snorlix\n|-heal|p1a: Snorlix|66\/100 tox\n|\n|-damage|p1a: Snorlix|54\/100 tox|[from] psn\n|upkeep\n|turn|48\n|\n|t:|1698710669\n|move|p2a: Phoebe Buffay|Knock Off|p1a: Snorlix\n|-supereffective|p1a: Snorlix\n|-damage|p1a: Snorlix|16\/100 tox\n|move|p1a: Snorlix|Recover|p1a: Snorlix\n|-heal|p1a: Snorlix|66\/100 tox\n|\n|-damage|p1a: Snorlix|48\/100 tox|[from] psn\n|upkeep\n|turn|49\n|\n|t:|1698710680\n|switch|p2a: Joey Tribbiani|Gastrodon-East, M|76\/100 tox\n|move|p1a: Snorlix|Taunt|p2a: Joey Tribbiani\n|-start|p2a: Joey Tribbiani|move: Taunt\n|\n|-heal|p2a: Joey Tribbiani|82\/100 tox|[from] item: Leftovers\n|-damage|p1a: Snorlix|24\/100 tox|[from] psn\n|-damage|p2a: Joey Tribbiani|76\/100 tox|[from] psn\n|upkeep\n|turn|50\n|\n|t:|1698710689\n|move|p1a: Snorlix|Spikes|p2a: Joey Tribbiani\n|-sidestart|p2: Slumpyboocus|Spikes\n|move|p2a: Joey Tribbiani|Scald|p1a: Snorlix\n|-damage|p1a: Snorlix|9\/100 tox\n|\n|-heal|p2a: Joey Tribbiani|82\/100 tox|[from] item: Leftovers\n|-damage|p1a: Snorlix|0 fnt|[from] psn\n|faint|p1a: Snorlix\n|\n|win|Slumpyboocus\n|upkeep\n|l|\u2606Hogstuffer420\n","uploadtime":1698710704,"views":15,"p1id":"hogstuffer420","p2id":"slumpyboocus","formatid":"gen9nationaldexubers","rating":0,"private":0,"password":""}