{"id":"gen9nationaldexubers-1986139737","p1":"Black_Wicked","p2":"7s Recruit","format":"[Gen 9] National Dex Ubers","log":"|j|\u2606Black_Wicked\n|j|\u26067s Recruit\n|t:|1699453995\n|gametype|singles\n|player|p1|Black_Wicked|ghetsis|\n|player|p2|7s Recruit|ethan|\n|teamsize|p1|6\n|teamsize|p2|6\n|gen|9\n|tier|[Gen 9] National Dex Ubers\n|rule|HP Percentage Mod: HP is shown in percentages\n|rule|Endless Battle Clause: Forcing endless battles is banned\n|rule|OHKO Clause: OHKO moves are banned\n|rule|Evasion Moves Clause: Evasion moves are banned\n|rule|Evasion Items Clause: Evasion items are banned\n|rule|Species Clause: Limit one of each Pok\u00e9mon\n|rule|Sleep Clause Mod: Limit one foe put to sleep\n|rule|Mega Rayquaza Clause: You cannot mega evolve Rayquaza\n|clearpoke\n|poke|p1|Swellow, F|\n|poke|p1|Lopunny, F|\n|poke|p1|Aron, L1, F|\n|poke|p1|Whimsicott, L1, M|\n|poke|p1|Ditto|\n|poke|p1|Spidops, M|\n|poke|p2|Alakazam, M|\n|poke|p2|Mimikyu, M|\n|poke|p2|Tapu Lele|\n|poke|p2|Garchomp, M|\n|poke|p2|Rotom-Wash|\n|poke|p2|Umbreon, M|\n|teampreview\n|inactive|Battle timer is ON: inactive players will automatically lose when time's up. (requested by Black_Wicked)\n|\n|t:|1699454008\n|start\n|switch|p1a: Swellow|Swellow, F|100\/100\n|switch|p2a: Terrina|Tapu Lele|100\/100\n|-fieldstart|move: Psychic Terrain|[from] ability: Psychic Surge|[of] p2a: Terrina\n|turn|1\n|\n|t:|1699454021\n|switch|p1a: Spidops|Spidops, M|100\/100\n|move|p2a: Terrina|Psychic|p1a: Spidops\n|-damage|p1a: Spidops|28\/100\n|-unboost|p1a: Spidops|spd|1\n|\n|upkeep\n|turn|2\n|\n|t:|1699454029\n|move|p1a: Spidops|Silk Trap|p1a: Spidops\n|-singleturn|p1a: Spidops|Protect\n|move|p2a: Terrina|Psychic|p1a: Spidops\n|-activate|p1a: Spidops|move: Protect\n|\n|upkeep\n|turn|3\n|\n|t:|1699454035\n|move|p2a: Terrina|Psychic|p1a: Spidops\n|-damage|p1a: Spidops|0 fnt\n|faint|p1a: Spidops\n|\n|upkeep\n|\n|t:|1699454037\n|switch|p1a: Ditto|Ditto|100\/100\n|-transform|p1a: Ditto|p2a: Terrina|[from] ability: Imposter\n|turn|4\n|\n|t:|1699454050\n|move|p2a: Terrina|Psychic|p1a: Ditto\n|-resisted|p1a: Ditto\n|-damage|p1a: Ditto|66\/100\n|-unboost|p1a: Ditto|spd|1\n|move|p1a: Ditto|Moonblast|p2a: Terrina\n|-damage|p2a: Terrina|39\/100\n|-unboost|p2a: Terrina|spa|1\n|\n|upkeep\n|turn|5\n|\n|t:|1699454060\n|move|p2a: Terrina|Psychic|p1a: Ditto\n|-resisted|p1a: Ditto\n|-damage|p1a: Ditto|31\/100\n|move|p1a: Ditto|Moonblast|p2a: Terrina\n|-damage|p2a: Terrina|0 fnt\n|faint|p2a: Terrina\n|\n|-fieldend|move: Psychic Terrain\n|upkeep\n|\n|t:|1699454074\n|switch|p2a: Nerd|Rotom-Wash|100\/100\n|turn|6\n|\n|t:|1699454078\n|move|p1a: Ditto|Moonblast|p2a: Nerd\n|-damage|p2a: Nerd|61\/100\n|move|p2a: Nerd|Hydro Pump|p1a: Ditto\n|-crit|p1a: Ditto\n|-damage|p1a: Ditto|0 fnt\n|faint|p1a: Ditto\n|\n|-heal|p2a: Nerd|67\/100|[from] item: Leftovers\n|upkeep\n|\n|t:|1699454084\n|switch|p1a: Whimsicott|Whimsicott, L1, M|100\/100\n|turn|7\n|\n|t:|1699454091\n|switch|p2a: Rampage|Garchomp, M|100\/100\n|move|p1a: Whimsicott|Leech Seed|p2a: Rampage\n|-start|p2a: Rampage|move: Leech Seed\n|\n|-damage|p2a: Rampage|88\/100|[from] Leech Seed|[of] p1a: Whimsicott\n|upkeep\n|turn|8\n|\n|t:|1699454103\n|move|p1a: Whimsicott|Substitute|p1a: Whimsicott\n|-start|p1a: Whimsicott|Substitute\n|-damage|p1a: Whimsicott|75\/100\n|move|p2a: Rampage|Swords Dance|p2a: Rampage\n|-boost|p2a: Rampage|atk|2\n|\n|-damage|p2a: Rampage|76\/100|[from] Leech Seed|[of] p1a: Whimsicott\n|-heal|p1a: Whimsicott|100\/100|[silent]\n|upkeep\n|turn|9\n|\n|t:|1699454112\n|move|p2a: Rampage|Fire Fang|p1a: Whimsicott\n|-supereffective|p1a: Whimsicott\n|-crit|p1a: Whimsicott\n|-end|p1a: Whimsicott|Substitute\n|move|p1a: Whimsicott|Endeavor|p2a: Rampage\n|-damage|p2a: Rampage|4\/100\n|-damage|p1a: Whimsicott|92\/100|[from] ability: Rough Skin|[of] p2a: Rampage\n|\n|-damage|p2a: Rampage|0 fnt|[from] Leech Seed|[of] p1a: Whimsicott\n|-heal|p1a: Whimsicott|100\/100|[silent]\n|faint|p2a: Rampage\n|upkeep\n|\n|t:|1699454126\n|switch|p2a: Neuro|Alakazam, M|100\/100\n|turn|10\n|\n|t:|1699454133\n|detailschange|p2a: Neuro|Alakazam-Mega, M\n|-mega|p2a: Neuro|Alakazam|Alakazite\n|-ability|p2a: Neuro|Prankster|[from] ability: Trace|[of] p1a: Whimsicott\n|move|p1a: Whimsicott|Leech Seed|p2a: Neuro\n|-start|p2a: Neuro|move: Leech Seed\n|move|p2a: Neuro|Psychic|p1a: Whimsicott\n|-enditem|p1a: Whimsicott|Focus Sash\n|-damage|p1a: Whimsicott|9\/100\n|\n|-damage|p2a: Neuro|88\/100|[from] Leech Seed|[of] p1a: Whimsicott\n|-heal|p1a: Whimsicott|100\/100|[silent]\n|upkeep\n|turn|11\n|\n|t:|1699454146\n|move|p1a: Whimsicott|Substitute|p1a: Whimsicott\n|-start|p1a: Whimsicott|Substitute\n|-damage|p1a: Whimsicott|75\/100\n|move|p2a: Neuro|Psychic|p1a: Whimsicott\n|-end|p1a: Whimsicott|Substitute\n|\n|-damage|p2a: Neuro|76\/100|[from] Leech Seed|[of] p1a: Whimsicott\n|-heal|p1a: Whimsicott|100\/100|[silent]\n|upkeep\n|turn|12\n|\n|t:|1699454156\n|switch|p2a: Nerd|Rotom-Wash|67\/100\n|move|p1a: Whimsicott|Substitute|p1a: Whimsicott\n|-start|p1a: Whimsicott|Substitute\n|-damage|p1a: Whimsicott|75\/100\n|\n|-heal|p2a: Nerd|73\/100|[from] item: Leftovers\n|upkeep\n|turn|13\n|\n|t:|1699454167\n|move|p1a: Whimsicott|Leech Seed|p2a: Nerd\n|-start|p2a: Nerd|move: Leech Seed\n|move|p2a: Nerd|Hydro Pump|p1a: Whimsicott\n|-resisted|p1a: Whimsicott\n|-end|p1a: Whimsicott|Substitute\n|\n|-heal|p2a: Nerd|79\/100|[from] item: Leftovers\n|-damage|p2a: Nerd|67\/100|[from] Leech Seed|[of] p1a: Whimsicott\n|-heal|p1a: Whimsicott|100\/100|[silent]\n|upkeep\n|turn|14\n|\n|t:|1699454178\n|move|p1a: Whimsicott|Substitute|p1a: Whimsicott\n|-start|p1a: Whimsicott|Substitute\n|-damage|p1a: Whimsicott|75\/100\n|move|p2a: Nerd|Will-O-Wisp|p1a: Whimsicott|[miss]\n|-miss|p2a: Nerd|p1a: Whimsicott\n|\n|-heal|p2a: Nerd|73\/100|[from] item: Leftovers\n|-damage|p2a: Nerd|61\/100|[from] Leech Seed|[of] p1a: Whimsicott\n|-heal|p1a: Whimsicott|100\/100|[silent]\n|upkeep\n|turn|15\n|\n|t:|1699454194\n|switch|p2a: Caretaker Jr.|Umbreon, M|100\/100\n|move|p1a: Whimsicott|Protect||[still]\n|-fail|p1a: Whimsicott\n|\n|upkeep\n|turn|16\n|\n|t:|1699454201\n|move|p1a: Whimsicott|Leech Seed|p2a: Caretaker Jr.\n|-hint|Since gen 7, Dark is immune to Prankster moves.\n|-immune|p2a: Caretaker Jr.\n|move|p2a: Caretaker Jr.|Wish|p2a: Caretaker Jr.\n|\n|upkeep\n|turn|17\n|\n|t:|1699454216\n|move|p2a: Caretaker Jr.|Foul Play|p1a: Whimsicott\n|-resisted|p1a: Whimsicott\n|-end|p1a: Whimsicott|Substitute\n|move|p1a: Whimsicott|Endeavor|p2a: Caretaker Jr.\n|-damage|p2a: Caretaker Jr.|4\/100\n|\n|-heal|p2a: Caretaker Jr.|54\/100|[from] move: Wish|[wisher] Caretaker Jr.\n|-heal|p2a: Caretaker Jr.|60\/100|[from] item: Leftovers\n|upkeep\n|turn|18\n|\n|t:|1699454229\n|move|p1a: Whimsicott|Substitute|p1a: Whimsicott\n|-start|p1a: Whimsicott|Substitute\n|-damage|p1a: Whimsicott|75\/100\n|move|p2a: Caretaker Jr.|Foul Play|p1a: Whimsicott\n|-resisted|p1a: Whimsicott\n|-end|p1a: Whimsicott|Substitute\n|\n|-heal|p2a: Caretaker Jr.|66\/100|[from] item: Leftovers\n|upkeep\n|turn|19\n|\n|t:|1699454238\n|move|p2a: Caretaker Jr.|Foul Play|p1a: Whimsicott\n|-resisted|p1a: Whimsicott\n|-damage|p1a: Whimsicott|0 fnt\n|faint|p1a: Whimsicott\n|\n|-heal|p2a: Caretaker Jr.|72\/100|[from] item: Leftovers\n|upkeep\n|\n|t:|1699454250\n|switch|p1a: Aron|Aron, L1, F|100\/100\n|turn|20\n|\n|t:|1699454255\n|move|p2a: Caretaker Jr.|Wish|p2a: Caretaker Jr.\n|move|p1a: Aron|Endeavor|p2a: Caretaker Jr.\n|-damage|p2a: Caretaker Jr.|4\/100\n|\n|-heal|p2a: Caretaker Jr.|10\/100|[from] item: Leftovers\n|upkeep\n|turn|21\n|\n|t:|1699454263\n|move|p2a: Caretaker Jr.|Foul Play|p1a: Aron\n|-ability|p1a: Aron|Sturdy\n|-damage|p1a: Aron|9\/100\n|move|p1a: Aron|Toxic|p2a: Caretaker Jr.\n|-status|p2a: Caretaker Jr.|tox\n|-activate|p2a: Caretaker Jr.|ability: Synchronize\n|-immune|p1a: Aron\n|\n|-heal|p2a: Caretaker Jr.|60\/100 tox|[from] move: Wish|[wisher] Caretaker Jr.\n|-heal|p2a: Caretaker Jr.|66\/100 tox|[from] item: Leftovers\n|-damage|p2a: Caretaker Jr.|60\/100 tox|[from] psn\n|upkeep\n|turn|22\n|\n|t:|1699454279\n|move|p1a: Aron|Protect|p1a: Aron\n|-singleturn|p1a: Aron|Protect\n|move|p2a: Caretaker Jr.|Foul Play|p1a: Aron\n|-activate|p1a: Aron|move: Protect\n|\n|-heal|p2a: Caretaker Jr.|66\/100 tox|[from] item: Leftovers\n|-damage|p2a: Caretaker Jr.|54\/100 tox|[from] psn\n|upkeep\n|turn|23\n|\n|t:|1699454290\n|move|p2a: Caretaker Jr.|Foul Play|p1a: Aron\n|-damage|p1a: Aron|0 fnt\n|faint|p1a: Aron\n|\n|-heal|p2a: Caretaker Jr.|60\/100 tox|[from] item: Leftovers\n|-damage|p2a: Caretaker Jr.|41\/100 tox|[from] psn\n|upkeep\n|\n|t:|1699454297\n|switch|p1a: Swellow|Swellow, F|100\/100\n|turn|24\n|\n|t:|1699454301\n|-terastallize|p1a: Swellow|Normal\n|move|p1a: Swellow|Boomburst|p2a: Caretaker Jr.\n|-damage|p2a: Caretaker Jr.|0 fnt\n|faint|p2a: Caretaker Jr.\n|\n|upkeep\n|\n|t:|1699454310\n|switch|p2a: Lezoure|Mimikyu, M|100\/100\n|turn|25\n|\n|t:|1699454314\n|move|p1a: Swellow|Boomburst|p2a: Lezoure\n|-activate|p2a: Lezoure|ability: Disguise\n|-damage|p2a: Lezoure|100\/100\n|detailschange|p2a: Lezoure|Mimikyu-Busted, M\n|-damage|p2a: Lezoure|88\/100|[from] pokemon: Mimikyu-Busted\n|move|p2a: Lezoure|Play Rough|p1a: Swellow\n|-damage|p1a: Swellow|23\/100\n|\n|upkeep\n|turn|26\n|\n|t:|1699454328\n|move|p1a: Swellow|Boomburst|p2a: Lezoure\n|-damage|p2a: Lezoure|0 fnt\n|faint|p2a: Lezoure\n|\n|upkeep\n|\n|t:|1699454334\n|switch|p2a: Neuro|Alakazam-Mega, M|76\/100\n|-ability|p2a: Neuro|Scrappy|[from] ability: Trace|[of] p1a: Swellow\n|turn|27\n|\n|t:|1699454340\n|move|p2a: Neuro|Psychic|p1a: Swellow\n|-damage|p1a: Swellow|0 fnt\n|faint|p1a: Swellow\n|\n|upkeep\n|\n|t:|1699454342\n|switch|p1a: Lopunny|Lopunny, F|100\/100\n|turn|28\n|\n|t:|1699454349\n|switch|p2a: Nerd|Rotom-Wash|61\/100\n|move|p1a: Lopunny|Fake Out|p2a: Nerd\n|-damage|p2a: Nerd|44\/100\n|\n|-heal|p2a: Nerd|50\/100|[from] item: Leftovers\n|upkeep\n|turn|29\n|\n|t:|1699454359\n|detailschange|p1a: Lopunny|Lopunny-Mega, F\n|-mega|p1a: Lopunny|Lopunny|Lopunnite\n|move|p1a: Lopunny|Return|p2a: Nerd\n|-damage|p2a: Nerd|0 fnt\n|faint|p2a: Nerd\n|\n|upkeep\n|\n|t:|1699454367\n|switch|p2a: Neuro|Alakazam-Mega, M|76\/100\n|-ability|p2a: Neuro|Scrappy|[from] ability: Trace|[of] p1a: Lopunny\n|turn|30\n|c|\u2606Black_Wicked|Gg wp\n|\n|t:|1699454373\n|move|p2a: Neuro|Psychic|p1a: Lopunny\n|-supereffective|p1a: Lopunny\n|-damage|p1a: Lopunny|0 fnt\n|faint|p1a: Lopunny\n|\n|win|7s Recruit\n","uploadtime":1699454376,"views":8,"p1id":"blackwicked","p2id":"7srecruit","formatid":"gen9nationaldexubers","rating":0,"private":0,"password":""}