{"id":"gen9nationaldexubers-1982338960","p1":"Irfanayan","p2":"KurumiTokisakilove","format":"[Gen 9] National Dex Ubers","log":"|j|\u2606Irfanayan\n|j|\u2606KurumiTokisakilove\n|t:|1699000243\n|gametype|singles\n|player|p1|Irfanayan|101|1721\n|player|p2|KurumiTokisakilove|sabrina-gen2|1959\n|teamsize|p1|6\n|teamsize|p2|6\n|gen|9\n|tier|[Gen 9] National Dex Ubers\n|rated|\n|rule|HP Percentage Mod: HP is shown in percentages\n|rule|Endless Battle Clause: Forcing endless battles is banned\n|rule|OHKO Clause: OHKO moves are banned\n|rule|Evasion Moves Clause: Evasion moves are banned\n|rule|Evasion Items Clause: Evasion items are banned\n|rule|Species Clause: Limit one of each Pok\u00e9mon\n|rule|Sleep Clause Mod: Limit one foe put to sleep\n|rule|Mega Rayquaza Clause: You cannot mega evolve Rayquaza\n|clearpoke\n|poke|p1|Groudon|\n|poke|p1|Xerneas-*|\n|poke|p1|Arceus|\n|poke|p1|Necrozma-Dusk-Mane|\n|poke|p1|Zygarde|\n|poke|p1|Lugia|\n|poke|p2|Ho-Oh|\n|poke|p2|Yveltal|\n|poke|p2|Ditto|\n|poke|p2|Magearna|\n|poke|p2|Necrozma-Dusk-Mane|\n|poke|p2|Arceus-Ground|\n|teampreview\n|inactive|Battle timer is ON: inactive players will automatically lose when time's up. (requested by KurumiTokisakilove)\n|\n|t:|1699000270\n|start\n|switch|p1a: Arceus|Arceus|100\/100\n|switch|p2a: Arceus|Arceus-Ground|100\/100\n|turn|1\n|\n|t:|1699000278\n|move|p1a: Arceus|Extreme Speed|p2a: Arceus\n|-damage|p2a: Arceus|62\/100\n|-damage|p1a: Arceus|91\/100|[from] item: Life Orb\n|move|p2a: Arceus|Taunt|p1a: Arceus\n|-start|p1a: Arceus|move: Taunt\n|\n|upkeep\n|turn|2\n|\n|t:|1699000287\n|switch|p1a: Lugia|Lugia|100\/100\n|move|p2a: Arceus|Recover|p2a: Arceus\n|-heal|p2a: Arceus|100\/100\n|\n|upkeep\n|turn|3\n|\n|t:|1699000294\n|move|p2a: Arceus|Taunt|p1a: Lugia\n|-start|p1a: Lugia|move: Taunt\n|move|p1a: Lugia|Whirlpool|p2a: Arceus\n|-supereffective|p2a: Arceus\n|-damage|p2a: Arceus|90\/100\n|-activate|p2a: Arceus|move: Whirlpool|[of] p1a: Lugia\n|\n|-damage|p2a: Arceus|77\/100|[from] move: Whirlpool|[partiallytrapped]\n|upkeep\n|turn|4\n|\n|t:|1699000304\n|move|p2a: Arceus|Toxic|p1a: Lugia\n|-status|p1a: Lugia|tox\n|move|p1a: Lugia|Whirlpool|p2a: Arceus\n|-supereffective|p2a: Arceus\n|-damage|p2a: Arceus|67\/100\n|\n|-damage|p1a: Lugia|94\/100 tox|[from] psn\n|-damage|p2a: Arceus|55\/100|[from] move: Whirlpool|[partiallytrapped]\n|upkeep\n|turn|5\n|\n|t:|1699000314\n|move|p2a: Arceus|Recover|p2a: Arceus\n|-heal|p2a: Arceus|100\/100\n|move|p1a: Lugia|Whirlpool|p2a: Arceus\n|-supereffective|p2a: Arceus\n|-damage|p2a: Arceus|91\/100\n|\n|-heal|p1a: Lugia|100\/100 tox|[from] item: Leftovers\n|-damage|p1a: Lugia|88\/100 tox|[from] psn\n|-damage|p2a: Arceus|79\/100|[from] move: Whirlpool|[partiallytrapped]\n|-end|p1a: Lugia|move: Taunt\n|upkeep\n|turn|6\n|\n|t:|1699000339\n|switch|p1a: Necrozma|Necrozma-Dusk-Mane|100\/100\n|move|p2a: Arceus|Taunt|p1a: Necrozma\n|-start|p1a: Necrozma|move: Taunt\n|\n|-end|p2a: Arceus|Whirlpool|[partiallytrapped]|[silent]\n|upkeep\n|turn|7\n|\n|t:|1699000346\n|switch|p2a: Yveltal|Yveltal, shiny|100\/100\n|-ability|p2a: Yveltal|Dark Aura\n|detailschange|p1a: Necrozma|Necrozma-Ultra\n|-burst|p1a: Necrozma|Necrozma|Ultranecrozium Z\n|move|p1a: Necrozma|Photon Geyser|p2a: Yveltal\n|-immune|p2a: Yveltal\n|\n|upkeep\n|turn|8\n|\n|t:|1699000358\n|switch|p1a: Lugia|Lugia|88\/100 tox\n|move|p2a: Yveltal|Toxic|p1a: Lugia\n|-fail|p1a: Lugia|tox\n|\n|-heal|p1a: Lugia|94\/100 tox|[from] item: Leftovers\n|-damage|p1a: Lugia|88\/100 tox|[from] psn\n|upkeep\n|turn|9\n|\n|t:|1699000367\n|switch|p2a: Necrozma|Necrozma-Dusk-Mane|100\/100\n|move|p1a: Lugia|Whirlpool|p2a: Necrozma|[miss]\n|-miss|p1a: Lugia|p2a: Necrozma\n|\n|-heal|p1a: Lugia|94\/100 tox|[from] item: Leftovers\n|-damage|p1a: Lugia|82\/100 tox|[from] psn\n|upkeep\n|turn|10\n|\n|t:|1699000377\n|move|p2a: Necrozma|Stealth Rock|p1a: Lugia\n|-sidestart|p1: Irfanayan|move: Stealth Rock\n|move|p1a: Lugia|Thunder Wave|p2a: Necrozma\n|-status|p2a: Necrozma|par\n|\n|-heal|p1a: Lugia|88\/100 tox|[from] item: Leftovers\n|-damage|p1a: Lugia|69\/100 tox|[from] psn\n|upkeep\n|turn|11\n|\n|t:|1699000387\n|switch|p2a: Magearna|Magearna|100\/100\n|move|p1a: Lugia|Whirlpool|p2a: Magearna\n|-damage|p2a: Magearna|95\/100\n|-activate|p2a: Magearna|move: Whirlpool|[of] p1a: Lugia\n|\n|-heal|p1a: Lugia|75\/100 tox|[from] item: Leftovers\n|-damage|p1a: Lugia|50\/100 tox|[from] psn\n|-damage|p2a: Magearna|83\/100|[from] move: Whirlpool|[partiallytrapped]\n|upkeep\n|turn|12\n|\n|t:|1699000398\n|move|p1a: Lugia|Thunder Wave|p2a: Magearna|[miss]\n|-miss|p1a: Lugia|p2a: Magearna\n|move|p2a: Magearna|Heal Bell|p2a: Magearna\n|-activate|p2a: Magearna|move: Heal Bell\n|-curestatus|p2: Necrozma|par|[msg]\n|\n|-heal|p1a: Lugia|57\/100 tox|[from] item: Leftovers\n|-damage|p1a: Lugia|25\/100 tox|[from] psn\n|-damage|p2a: Magearna|71\/100|[from] move: Whirlpool|[partiallytrapped]\n|upkeep\n|turn|13\n|\n|t:|1699000411\n|move|p1a: Lugia|Roost|p1a: Lugia\n|-heal|p1a: Lugia|75\/100 tox\n|-singleturn|p1a: Lugia|move: Roost\n|move|p2a: Magearna|Fleur Cannon|p1a: Lugia|[miss]\n|-miss|p2a: Magearna|p1a: Lugia\n|\n|-heal|p1a: Lugia|82\/100 tox|[from] item: Leftovers\n|-damage|p1a: Lugia|44\/100 tox|[from] psn\n|-damage|p2a: Magearna|58\/100|[from] move: Whirlpool|[partiallytrapped]\n|upkeep\n|turn|14\n|\n|t:|1699000423\n|move|p1a: Lugia|Roost|p1a: Lugia\n|-heal|p1a: Lugia|94\/100 tox\n|-singleturn|p1a: Lugia|move: Roost\n|move|p2a: Magearna|Pain Split|p1a: Lugia\n|-sethp|p1a: Lugia|73\/100 tox|[from] move: Pain Split|[silent]\n|-sethp|p2a: Magearna|83\/100|[from] move: Pain Split\n|\n|-heal|p1a: Lugia|79\/100 tox|[from] item: Leftovers\n|-damage|p1a: Lugia|35\/100 tox|[from] psn\n|-damage|p2a: Magearna|71\/100|[from] move: Whirlpool|[partiallytrapped]\n|upkeep\n|turn|15\n|\n|t:|1699000438\n|move|p1a: Lugia|Whirlpool|p2a: Magearna\n|-damage|p2a: Magearna|66\/100\n|move|p2a: Magearna|Fleur Cannon|p1a: Lugia\n|-damage|p1a: Lugia|5\/100 tox\n|-unboost|p2a: Magearna|spa|2\n|\n|-heal|p1a: Lugia|11\/100 tox|[from] item: Leftovers\n|-damage|p1a: Lugia|0 fnt|[from] psn\n|faint|p1a: Lugia\n|-ability|p2a: Magearna|Soul-Heart|boost\n|-boost|p2a: Magearna|spa|1\n|-end|p2a: Magearna|Whirlpool|[partiallytrapped]\n|upkeep\n|\n|t:|1699000458\n|switch|p1a: Groudon|Groudon|100\/100\n|-damage|p1a: Groudon|94\/100|[from] Stealth Rock\n|detailschange|p1a: Groudon|Groudon-Primal\n|-primal|p1a: Groudon|Red Orb\n|-weather|DesolateLand|[from] ability: Desolate Land|[of] p1a: Groudon\n|turn|16\n|\n|t:|1699000465\n|switch|p2a: Ho-Oh|Ho-Oh|100\/100\n|move|p1a: Groudon|Fire Punch|p2a: Ho-Oh\n|-resisted|p2a: Ho-Oh\n|-damage|p2a: Ho-Oh|59\/100\n|\n|-weather|DesolateLand|[upkeep]\n|upkeep\n|turn|17\n|\n|t:|1699000473\n|-terastallize|p2a: Ho-Oh|Ground\n|move|p2a: Ho-Oh|Earthquake|p1a: Groudon\n|-supereffective|p1a: Groudon\n|-damage|p1a: Groudon|3\/100\n|move|p1a: Groudon|Rock Slide|p2a: Ho-Oh\n|-resisted|p2a: Ho-Oh\n|-damage|p2a: Ho-Oh|38\/100\n|\n|-weather|DesolateLand|[upkeep]\n|upkeep\n|turn|18\n|\n|t:|1699000482\n|move|p2a: Ho-Oh|Earthquake|p1a: Groudon\n|-supereffective|p1a: Groudon\n|-damage|p1a: Groudon|0 fnt\n|faint|p1a: Groudon\n|-weather|none\n|\n|upkeep\n|\n|t:|1699000494\n|switch|p1a: Xerneas|Xerneas|100\/100\n|-damage|p1a: Xerneas|88\/100|[from] Stealth Rock\n|-ability|p1a: Xerneas|Fairy Aura\n|turn|19\n|\n|t:|1699000501\n|move|p2a: Ho-Oh|Earthquake|p1a: Xerneas\n|-damage|p1a: Xerneas|37\/100\n|move|p1a: Xerneas|Geomancy||[still]\n|-prepare|p1a: Xerneas|Geomancy\n|-enditem|p1a: Xerneas|Power Herb\n|-anim|p1a: Xerneas|Geomancy|p1a: Xerneas\n|-boost|p1a: Xerneas|spa|2\n|-boost|p1a: Xerneas|spd|2\n|-boost|p1a: Xerneas|spe|2\n|\n|upkeep\n|turn|20\n|\n|t:|1699000510\n|move|p1a: Xerneas|Moonblast|p2a: Ho-Oh\n|-damage|p2a: Ho-Oh|0 fnt\n|faint|p2a: Ho-Oh\n|\n|upkeep\n|\n|t:|1699000512\n|switch|p2a: Ditto|Ditto, shiny|100\/100\n|-transform|p2a: Ditto|p1a: Xerneas|[from] ability: Imposter\n|-ability|p2a: Ditto|Fairy Aura\n|turn|21\n|\n|t:|1699000525\n|-terastallize|p1a: Xerneas|Steel\n|move|p2a: Ditto|Moonblast|p1a: Xerneas\n|-resisted|p1a: Xerneas\n|-damage|p1a: Xerneas|5\/100\n|-unboost|p1a: Xerneas|spa|1\n|move|p1a: Xerneas|Moonblast|p2a: Ditto\n|-damage|p2a: Ditto|34\/100\n|\n|upkeep\n|turn|22\n|\n|t:|1699000536\n|move|p2a: Ditto|Moonblast|p1a: Xerneas\n|-resisted|p1a: Xerneas\n|-damage|p1a: Xerneas|0 fnt\n|faint|p1a: Xerneas\n|\n|upkeep\n|\n|t:|1699000542\n|switch|p1a: Arceus|Arceus|91\/100\n|-damage|p1a: Arceus|78\/100|[from] Stealth Rock\n|turn|23\n|\n|t:|1699000552\n|switch|p2a: Magearna|Magearna|66\/100\n|move|p1a: Arceus|Extreme Speed|p2a: Magearna\n|-resisted|p2a: Magearna\n|-damage|p2a: Magearna|41\/100\n|-damage|p1a: Arceus|68\/100|[from] item: Life Orb\n|\n|upkeep\n|turn|24\n|\n|t:|1699000562\n|switch|p2a: Yveltal|Yveltal, shiny|100\/100\n|-ability|p2a: Yveltal|Dark Aura\n|move|p1a: Arceus|Earthquake|p2a: Yveltal\n|-immune|p2a: Yveltal\n|\n|upkeep\n|turn|25\n|\n|t:|1699000573\n|move|p1a: Arceus|Taunt|p2a: Yveltal\n|-start|p2a: Yveltal|move: Taunt\n|move|p2a: Yveltal|Foul Play|p1a: Arceus\n|-damage|p1a: Arceus|26\/100\n|\n|upkeep\n|turn|26\n|\n|t:|1699000584\n|switch|p1a: Zygarde|Zygarde|100\/100\n|-damage|p1a: Zygarde|94\/100|[from] Stealth Rock\n|move|p2a: Yveltal|Foul Play|p1a: Zygarde\n|-crit|p1a: Zygarde\n|-damage|p1a: Zygarde|56\/100\n|\n|-heal|p1a: Zygarde|62\/100|[from] item: Leftovers\n|upkeep\n|turn|27\n|\n|t:|1699000597\n|switch|p2a: Magearna|Magearna|41\/100\n|move|p1a: Zygarde|Dragon Dance|p1a: Zygarde\n|-boost|p1a: Zygarde|atk|1\n|-boost|p1a: Zygarde|spe|1\n|\n|-heal|p1a: Zygarde|68\/100|[from] item: Leftovers\n|upkeep\n|turn|28\n|\n|t:|1699000608\n|move|p1a: Zygarde|Thousand Arrows|p2a: Magearna\n|-supereffective|p2a: Magearna\n|-damage|p2a: Magearna|0 fnt\n|faint|p2a: Magearna\n|\n|-heal|p1a: Zygarde|74\/100|[from] item: Leftovers\n|upkeep\n|\n|t:|1699000616\n|switch|p2a: Yveltal|Yveltal, shiny|100\/100\n|-ability|p2a: Yveltal|Dark Aura\n|turn|29\n|\n|t:|1699000630\n|move|p1a: Zygarde|Thousand Arrows|p2a: Yveltal\n|-damage|p2a: Yveltal|76\/100\n|-start|p2a: Yveltal|Smack Down\n|move|p2a: Yveltal|Toxic|p1a: Zygarde\n|-status|p1a: Zygarde|tox\n|\n|-heal|p1a: Zygarde|80\/100 tox|[from] item: Leftovers\n|-damage|p1a: Zygarde|74\/100 tox|[from] psn\n|upkeep\n|turn|30\n|\n|t:|1699000641\n|move|p2a: Yveltal|Foul Play|p1a: Zygarde\n|-damage|p1a: Zygarde|37\/100 tox\n|move|p1a: Zygarde|Dragon Tail|p2a: Yveltal\n|-damage|p2a: Yveltal|60\/100\n|drag|p2a: Ditto|Ditto, shiny|34\/100\n|-transform|p2a: Ditto|p1a: Zygarde|[from] ability: Imposter\n|\n|-heal|p1a: Zygarde|43\/100 tox|[from] item: Leftovers\n|-damage|p1a: Zygarde|30\/100 tox|[from] psn\n|-activate|p1a: Zygarde|ability: Power Construct\n|detailschange|p1a: Zygarde|Zygarde-Complete\n|-heal|p1a: Zygarde|54\/100 tox|[silent]\n|upkeep\n|turn|31\n|\n|t:|1699000659\n|move|p2a: Ditto|Thousand Arrows|p1a: Zygarde\n|-damage|p1a: Zygarde|37\/100 tox\n|move|p1a: Zygarde|Dragon Tail|p2a: Ditto\n|-supereffective|p2a: Ditto\n|-damage|p2a: Ditto|0 fnt\n|faint|p2a: Ditto\n|\n|-heal|p1a: Zygarde|43\/100 tox|[from] item: Leftovers\n|-damage|p1a: Zygarde|25\/100 tox|[from] psn\n|upkeep\n|\n|t:|1699000672\n|switch|p2a: Yveltal|Yveltal, shiny|60\/100\n|-ability|p2a: Yveltal|Dark Aura\n|turn|32\n|\n|t:|1699000679\n|move|p1a: Zygarde|Thousand Arrows|p2a: Yveltal\n|-damage|p2a: Yveltal|33\/100\n|-start|p2a: Yveltal|Smack Down\n|move|p2a: Yveltal|Roost|p2a: Yveltal\n|-heal|p2a: Yveltal|83\/100\n|-singleturn|p2a: Yveltal|move: Roost\n|\n|-heal|p1a: Zygarde|31\/100 tox|[from] item: Leftovers\n|-damage|p1a: Zygarde|7\/100 tox|[from] psn\n|upkeep\n|turn|33\n|\n|t:|1699000693\n|move|p1a: Zygarde|Thousand Arrows|p2a: Yveltal\n|-damage|p2a: Yveltal|59\/100\n|move|p2a: Yveltal|Roost|p2a: Yveltal\n|-heal|p2a: Yveltal|100\/100\n|-singleturn|p2a: Yveltal|move: Roost\n|\n|-heal|p1a: Zygarde|13\/100 tox|[from] item: Leftovers\n|-damage|p1a: Zygarde|0 fnt|[from] psn\n|faint|p1a: Zygarde\n|upkeep\n|\n|t:|1699000705\n|switch|p1a: Arceus|Arceus|26\/100\n|-damage|p1a: Arceus|14\/100|[from] Stealth Rock\n|turn|34\n|\n|t:|1699000713\n|move|p1a: Arceus|Extreme Speed|p2a: Yveltal\n|-damage|p2a: Yveltal|71\/100\n|-damage|p1a: Arceus|4\/100|[from] item: Life Orb\n|move|p2a: Yveltal|Foul Play|p1a: Arceus\n|-damage|p1a: Arceus|0 fnt\n|faint|p1a: Arceus\n|\n|upkeep\n|\n|t:|1699000722\n|switch|p1a: Necrozma|Necrozma-Ultra|100\/100\n|-damage|p1a: Necrozma|88\/100|[from] Stealth Rock\n|turn|35\n|\n|t:|1699000728\n|move|p1a: Necrozma|Power Gem|p2a: Yveltal\n|-supereffective|p2a: Yveltal\n|-damage|p2a: Yveltal|3\/100\n|move|p2a: Yveltal|Foul Play|p1a: Necrozma\n|-supereffective|p1a: Necrozma\n|-damage|p1a: Necrozma|0 fnt\n|faint|p1a: Necrozma\n|\n|win|KurumiTokisakilove\n|raw|Irfanayan's rating: 1721 &rarr; <strong>1713<\/strong><br \/>(-8 for losing)\n|raw|KurumiTokisakilove's rating: 1959 &rarr; <strong>1967<\/strong><br \/>(+8 for winning)\n|l|\u2606KurumiTokisakilove\n|l|\u2606Irfanayan\n","uploadtime":1699000735,"views":11,"p1id":"irfanayan","p2id":"kurumitokisakilove","formatid":"gen9nationaldexubers","rating":1713,"private":0,"password":""}