{"id":"gen9nationaldexubers-1990074679","p1":"Gible.Fights","p2":"ItzSykz","format":"[Gen 9] National Dex Ubers","log":"|j|\u2606Gible.Fights\n|j|\u2606ItzSykz\n|t:|1699921805\n|gametype|singles\n|player|p1|Gible.Fights|cynthia|1117\n|player|p2|ItzSykz|n|1044\n|teamsize|p1|6\n|teamsize|p2|6\n|gen|9\n|tier|[Gen 9] National Dex Ubers\n|rated|\n|rule|HP Percentage Mod: HP is shown in percentages\n|rule|Endless Battle Clause: Forcing endless battles is banned\n|rule|OHKO Clause: OHKO moves are banned\n|rule|Evasion Moves Clause: Evasion moves are banned\n|rule|Evasion Items Clause: Evasion items are banned\n|rule|Species Clause: Limit one of each Pok\u00e9mon\n|rule|Sleep Clause Mod: Limit one foe put to sleep\n|rule|Mega Rayquaza Clause: You cannot mega evolve Rayquaza\n|clearpoke\n|poke|p1|Garchomp, M|\n|poke|p1|Glimmora, F|\n|poke|p1|Giratina|\n|poke|p1|Registeel|\n|poke|p1|Aegislash, M|\n|poke|p1|Groudon|\n|poke|p2|Zoroark-Hisui, F|\n|poke|p2|Greninja-*, M|\n|poke|p2|Toxtricity, M|\n|poke|p2|Volcarona, M|\n|poke|p2|Metagross|\n|poke|p2|Kommo-o, M|\n|teampreview\n|\n|t:|1699921812\n|start\n|switch|p1a: The funny flower|Glimmora, F, shiny|100\/100\n|switch|p2a: Metagross|Metagross|100\/100\n|turn|1\n|\n|t:|1699921827\n|switch|p1a: Paul|Groudon|100\/100\n|detailschange|p1a: Paul|Groudon-Primal\n|-primal|p1a: Paul|Red Orb\n|-weather|DesolateLand|[from] ability: Desolate Land|[of] p1a: Paul\n|move|p2a: Metagross|Nasty Plot|p2a: Metagross\n|-boost|p2a: Metagross|spa|2\n|\n|-weather|DesolateLand|[upkeep]\n|upkeep\n|turn|2\n|\n|t:|1699921838\n|move|p2a: Metagross|Hyper Voice|p1a: Paul\n|-damage|p1a: Paul|25\/100\n|move|p1a: Paul|Heat Crash|p2a: Metagross\n|-enditem|p2a: Metagross|Focus Sash\n|-damage|p2a: Metagross|1\/100\n|replace|p2a: Zoroark|Zoroark-Hisui, F, shiny\n|-end|p2a: Zoroark|Illusion\n|\n|-weather|DesolateLand|[upkeep]\n|upkeep\n|turn|3\n|\n|t:|1699921857\n|move|p2a: Zoroark|Hyper Voice|p1a: Paul\n|-damage|p1a: Paul|0 fnt\n|faint|p1a: Paul\n|-weather|none\n|\n|upkeep\n|inactive|Battle timer is ON: inactive players will automatically lose when time's up. (requested by ItzSykz)\n|\n|t:|1699921885\n|switch|p1a: Hel|Giratina|100\/100\n|-ability|p1a: Hel|Pressure\n|turn|4\n|\n|t:|1699921902\n|move|p2a: Zoroark|Shadow Ball|p1a: Hel\n|-supereffective|p1a: Hel\n|-damage|p1a: Hel|0 fnt\n|faint|p1a: Hel\n|\n|upkeep\n|\n|t:|1699921911\n|switch|p1a: Ragnar|Garchomp, M, shiny|100\/100\n|turn|5\n|\n|t:|1699921916\n|-terastallize|p1a: Ragnar|Steel\n|move|p2a: Zoroark|Hyper Voice|p1a: Ragnar\n|-resisted|p1a: Ragnar\n|-damage|p1a: Ragnar|54\/100\n|move|p1a: Ragnar|Earthquake|p2a: Zoroark\n|-damage|p2a: Zoroark|0 fnt\n|faint|p2a: Zoroark\n|\n|upkeep\n|\n|t:|1699921924\n|switch|p2a: Volcarona|Volcarona, M|100\/100\n|turn|6\n|\n|t:|1699921930\n|switch|p1a: The funny flower|Glimmora, F, shiny|100\/100\n|move|p2a: Volcarona|Quiver Dance|p2a: Volcarona\n|-boost|p2a: Volcarona|spa|1\n|-boost|p2a: Volcarona|spd|1\n|-boost|p2a: Volcarona|spe|1\n|\n|upkeep\n|turn|7\n|\n|t:|1699921937\n|move|p2a: Volcarona|Giga Drain|p1a: The funny flower\n|-damage|p1a: The funny flower|45\/100\n|move|p1a: The funny flower|Mortal Spin|p2a: Volcarona\n|-crit|p2a: Volcarona\n|-damage|p2a: Volcarona|85\/100\n|-status|p2a: Volcarona|psn\n|\n|-heal|p2a: Volcarona|91\/100 psn|[from] item: Leftovers\n|-damage|p2a: Volcarona|79\/100 psn|[from] psn\n|upkeep\n|turn|8\n|\n|t:|1699921947\n|switch|p1a: Orb|Registeel, shiny|100\/100\n|move|p2a: Volcarona|Giga Drain|p1a: Orb\n|-resisted|p1a: Orb\n|-damage|p1a: Orb|86\/100\n|-heal|p2a: Volcarona|86\/100 psn|[from] drain|[of] p1a: Orb\n|\n|-heal|p2a: Volcarona|92\/100 psn|[from] item: Leftovers\n|-heal|p1a: Orb|92\/100|[from] item: Leftovers\n|-damage|p2a: Volcarona|80\/100 psn|[from] psn\n|upkeep\n|turn|9\n|inactive|ItzSykz has 120 seconds left.\n|\n|t:|1699921983\n|move|p1a: Orb|Protect|p1a: Orb\n|-singleturn|p1a: Orb|Protect\n|move|p2a: Volcarona|Fiery Dance|p1a: Orb\n|-activate|p1a: Orb|move: Protect\n|\n|-heal|p2a: Volcarona|86\/100 psn|[from] item: Leftovers\n|-heal|p1a: Orb|98\/100|[from] item: Leftovers\n|-damage|p2a: Volcarona|74\/100 psn|[from] psn\n|upkeep\n|turn|10\n|\n|t:|1699922000\n|switch|p1a: The funny flower|Glimmora, F, shiny|45\/100\n|move|p2a: Volcarona|Fiery Dance|p1a: The funny flower\n|-resisted|p1a: The funny flower\n|-damage|p1a: The funny flower|0 fnt\n|faint|p1a: The funny flower\n|\n|-heal|p2a: Volcarona|80\/100 psn|[from] item: Leftovers\n|-damage|p2a: Volcarona|68\/100 psn|[from] psn\n|upkeep\n|-message|Gible.Fights forfeited.\n|\n|win|ItzSykz\n|raw|Gible.Fights's rating: 1117 &rarr; <strong>1087<\/strong><br \/>(-30 for losing)\n|raw|ItzSykz's rating: 1044 &rarr; <strong>1084<\/strong><br \/>(+40 for winning)\n|l|\u2606Gible.Fights\n","uploadtime":1699922018,"views":14,"p1id":"giblefights","p2id":"itzsykz","formatid":"gen9nationaldexubers","rating":1084,"private":0,"password":""}