{"id":"gen9nationaldexubers-1983855143","p1":"sussuspotussus","p2":"The power of ROCK","format":"[Gen 9] National Dex Ubers","log":"|j|\u2606sussuspotussus\n|j|\u2606The power of ROCK\n|t:|1699192239\n|gametype|singles\n|player|p1|sussuspotussus|acetrainer|\n|player|p2|The power of ROCK|roark|\n|teamsize|p1|6\n|teamsize|p2|6\n|gen|9\n|tier|[Gen 9] National Dex Ubers\n|rule|HP Percentage Mod: HP is shown in percentages\n|rule|Endless Battle Clause: Forcing endless battles is banned\n|rule|OHKO Clause: OHKO moves are banned\n|rule|Evasion Moves Clause: Evasion moves are banned\n|rule|Evasion Items Clause: Evasion items are banned\n|rule|Species Clause: Limit one of each Pok\u00e9mon\n|rule|Sleep Clause Mod: Limit one foe put to sleep\n|rule|Mega Rayquaza Clause: You cannot mega evolve Rayquaza\n|clearpoke\n|poke|p1|Zamazenta-*|\n|poke|p1|Mawile, M|\n|poke|p1|Solgaleo|\n|poke|p1|Bisharp, M|\n|poke|p1|Klefki, F|\n|poke|p1|Doublade, F|\n|poke|p2|Tyranitar, M|\n|poke|p2|Garganacl, F|\n|poke|p2|Aggron, M|\n|poke|p2|Glimmora, M|\n|poke|p2|Cradily, F|\n|poke|p2|Probopass, L1, M|\n|teampreview\n|inactive|Battle timer is ON: inactive players will automatically lose when time's up. (requested by sussuspotussus)\n|c|\u2606The power of ROCK|Welcome back to the ROCK gym\n|c|\u2606sussuspotussus|im in pain\n|c|\u2606The power of ROCK|its ok i'm not so its ok\n|inactive|sussuspotussus has 270 seconds left.\n|c|\u2606sussuspotussus|lmao\n|\n|t:|1699192275\n|start\n|switch|p1a: Doublade|Doublade, F|100\/100\n|switch|p2a: Garganacl|Garganacl, F|100\/100\n|turn|1\n|\n|t:|1699192280\n|-terastallize|p2a: Garganacl|Ghost\n|move|p2a: Garganacl|Salt Cure|p1a: Doublade\n|-resisted|p1a: Doublade\n|-damage|p1a: Doublade|97\/100\n|-start|p1a: Doublade|Salt Cure\n|move|p1a: Doublade|Swords Dance|p1a: Doublade\n|-boost|p1a: Doublade|atk|2\n|\n|-damage|p1a: Doublade|72\/100|[from] Salt Cure\n|upkeep\n|turn|2\n|\n|t:|1699192289\n|move|p1a: Doublade|Iron Head|p2a: Garganacl\n|-damage|p2a: Garganacl|49\/100\n|move|p2a: Garganacl|Iron Defense|p2a: Garganacl\n|-boost|p2a: Garganacl|def|2\n|\n|-damage|p1a: Doublade|47\/100|[from] Salt Cure\n|upkeep\n|turn|3\n|\n|t:|1699192296\n|move|p1a: Doublade|Iron Head|p2a: Garganacl\n|-damage|p2a: Garganacl|22\/100\n|move|p2a: Garganacl|Recover|p2a: Garganacl\n|-heal|p2a: Garganacl|72\/100\n|\n|-damage|p1a: Doublade|22\/100|[from] Salt Cure\n|upkeep\n|turn|4\n|\n|t:|1699192303\n|move|p1a: Doublade|Screech|p2a: Garganacl\n|-unboost|p2a: Garganacl|def|2\n|move|p2a: Garganacl|Recover|p2a: Garganacl\n|-heal|p2a: Garganacl|100\/100\n|\n|-damage|p1a: Doublade|0 fnt|[from] Salt Cure\n|faint|p1a: Doublade\n|upkeep\n|\n|t:|1699192317\n|switch|p1a: Bisharp|Bisharp, M|100\/100\n|turn|5\n|\n|t:|1699192324\n|switch|p2a: Aggron|Aggron, M|100\/100\n|move|p1a: Bisharp|Throat Chop|p2a: Aggron\n|-damage|p2a: Aggron|79\/100\n|-start|p2a: Aggron|Throat Chop|[silent]\n|\n|upkeep\n|turn|6\n|\n|t:|1699192329\n|detailschange|p2a: Aggron|Aggron-Mega, M\n|-mega|p2a: Aggron|Aggron|Aggronite\n|move|p1a: Bisharp|Thunder Wave|p2a: Aggron|[miss]\n|-miss|p1a: Bisharp|p2a: Aggron\n|move|p2a: Aggron|Body Press|p1a: Bisharp\n|-supereffective|p1a: Bisharp\n|-damage|p1a: Bisharp|0 fnt\n|faint|p1a: Bisharp\n|\n|-end|p2a: Aggron|Throat Chop|[silent]\n|upkeep\n|\n|t:|1699192339\n|switch|p1a: Zamazenta|Zamazenta-Crowned|100\/100\n|-ability|p1a: Zamazenta|Dauntless Shield|boost\n|-boost|p1a: Zamazenta|def|1\n|turn|7\n|\n|t:|1699192345\n|move|p1a: Zamazenta|Iron Defense|p1a: Zamazenta\n|-boost|p1a: Zamazenta|def|2\n|move|p2a: Aggron|Iron Defense|p2a: Aggron\n|-boost|p2a: Aggron|def|2\n|\n|upkeep\n|turn|8\n|\n|t:|1699192357\n|move|p1a: Zamazenta|Close Combat|p2a: Aggron\n|-supereffective|p2a: Aggron\n|-damage|p2a: Aggron|61\/100\n|-unboost|p1a: Zamazenta|def|1\n|-unboost|p1a: Zamazenta|spd|1\n|move|p2a: Aggron|Iron Defense|p2a: Aggron\n|-boost|p2a: Aggron|def|2\n|\n|upkeep\n|turn|9\n|\n|t:|1699192362\n|move|p1a: Zamazenta|Close Combat|p2a: Aggron\n|-supereffective|p2a: Aggron\n|-damage|p2a: Aggron|48\/100\n|-unboost|p1a: Zamazenta|def|1\n|-unboost|p1a: Zamazenta|spd|1\n|move|p2a: Aggron|Iron Defense|p2a: Aggron\n|-boost|p2a: Aggron|def|2\n|\n|upkeep\n|turn|10\n|\n|t:|1699192366\n|move|p1a: Zamazenta|Close Combat|p2a: Aggron\n|-supereffective|p2a: Aggron\n|-damage|p2a: Aggron|38\/100\n|-unboost|p1a: Zamazenta|def|1\n|-unboost|p1a: Zamazenta|spd|1\n|move|p2a: Aggron|Rest|p2a: Aggron\n|-status|p2a: Aggron|slp|[from] move: Rest\n|-heal|p2a: Aggron|100\/100 slp|[silent]\n|\n|upkeep\n|turn|11\n|j| Rantox567\n|-message|sussuspotussus forfeited.\n|\n|win|The power of ROCK\n|l|\u2606sussuspotussus\n|c|\u2606The power of ROCK|gg : )\n","uploadtime":1699192390,"views":3,"p1id":"sussuspotussus","p2id":"thepowerofrock","formatid":"gen9nationaldexubers","rating":0,"private":0,"password":""}