{"id":"gen9nationaldexubers-1980505080","p1":"michael213","p2":"Edras16","format":"[Gen 9] National Dex Ubers","log":"|j|\u2606michael213\n|j|\u2606Edras16\n|t:|1698791434\n|gametype|singles\n|player|p1|michael213|akari|\n|player|p2|Edras16|steven|\n|teamsize|p1|6\n|teamsize|p2|6\n|gen|9\n|tier|[Gen 9] National Dex Ubers\n|rule|HP Percentage Mod: HP is shown in percentages\n|rule|Endless Battle Clause: Forcing endless battles is banned\n|rule|OHKO Clause: OHKO moves are banned\n|rule|Evasion Moves Clause: Evasion moves are banned\n|rule|Evasion Items Clause: Evasion items are banned\n|rule|Species Clause: Limit one of each Pok\u00e9mon\n|rule|Sleep Clause Mod: Limit one foe put to sleep\n|rule|Mega Rayquaza Clause: You cannot mega evolve Rayquaza\n|clearpoke\n|poke|p1|Roaring Moon|\n|poke|p1|Clodsire, F|\n|poke|p1|Jirachi|\n|poke|p1|Samurott-Hisui, M|\n|poke|p1|Zapdos|\n|poke|p1|Medicham, M|\n|poke|p2|Tapu Lele|\n|poke|p2|Mewtwo|\n|poke|p2|Sceptile, M|\n|poke|p2|Starmie|\n|poke|p2|Hatterene, F|\n|poke|p2|Armarouge, M|\n|teampreview\n|inactive|Battle timer is ON: inactive players will automatically lose when time's up. (requested by michael213)\n|inactive|Edras16 also wants the timer to be on.\n|c|\u2606Edras16|Glhf\n|c|\u2606michael213|u2\n|\n|t:|1698791453\n|start\n|switch|p1a: Samurott|Samurott-Hisui, M|100\/100\n|switch|p2a: Sceptile|Sceptile, M|100\/100\n|turn|1\n|c|\u2606michael213|wait\n|c|\u2606Edras16|?\n|c|\u2606michael213|this is not a psychic type\n|\n|t:|1698791471\n|switch|p1a: Zapdos|Zapdos|100\/100\n|move|p2a: Sceptile|Substitute|p2a: Sceptile\n|-start|p2a: Sceptile|Substitute\n|-damage|p2a: Sceptile|76\/100\n|\n|upkeep\n|turn|2\n|c|\u2606Edras16|Ik\n|c|\u2606Edras16|The gym allows one non psychic mon\n|\n|t:|1698791496\n|detailschange|p2a: Sceptile|Sceptile-Mega, M\n|-mega|p2a: Sceptile|Sceptile|Sceptilite\n|move|p2a: Sceptile|Swords Dance|p2a: Sceptile\n|-boost|p2a: Sceptile|atk|2\n|move|p1a: Zapdos|Hurricane|p2a: Sceptile\n|-supereffective|p2a: Sceptile\n|-end|p2a: Sceptile|Substitute\n|\n|upkeep\n|turn|3\n|\n|t:|1698791502\n|move|p2a: Sceptile|Substitute|p2a: Sceptile\n|-start|p2a: Sceptile|Substitute\n|-damage|p2a: Sceptile|51\/100\n|move|p1a: Zapdos|Hurricane|p2a: Sceptile\n|-supereffective|p2a: Sceptile\n|-end|p2a: Sceptile|Substitute\n|\n|upkeep\n|turn|4\n|\n|t:|1698791506\n|move|p2a: Sceptile|Substitute|p2a: Sceptile\n|-start|p2a: Sceptile|Substitute\n|-damage|p2a: Sceptile|26\/100\n|move|p1a: Zapdos|Hurricane|p2a: Sceptile|[miss]\n|-miss|p1a: Zapdos|p2a: Sceptile\n|\n|upkeep\n|turn|5\n|\n|t:|1698791515\n|move|p2a: Sceptile|Scale Shot|p1a: Zapdos\n|-damage|p1a: Zapdos|83\/100\n|-damage|p1a: Zapdos|64\/100\n|-damage|p1a: Zapdos|45\/100\n|-hitcount|p1a: Zapdos|3\n|-unboost|p2a: Sceptile|def|1\n|-boost|p2a: Sceptile|spe|1\n|move|p1a: Zapdos|Hurricane|p2a: Sceptile\n|-supereffective|p2a: Sceptile\n|-end|p2a: Sceptile|Substitute\n|\n|upkeep\n|turn|6\n|\n|t:|1698791526\n|move|p2a: Sceptile|Substitute|p2a: Sceptile\n|-start|p2a: Sceptile|Substitute\n|-damage|p2a: Sceptile|1\/100\n|move|p1a: Zapdos|Hurricane|p2a: Sceptile\n|-supereffective|p2a: Sceptile\n|-end|p2a: Sceptile|Substitute\n|\n|upkeep\n|turn|7\n|\n|t:|1698791534\n|move|p2a: Sceptile|Scale Shot|p1a: Zapdos\n|-damage|p1a: Zapdos|26\/100\n|-damage|p1a: Zapdos|7\/100\n|-damage|p1a: Zapdos|0 fnt\n|faint|p1a: Zapdos\n|-hitcount|p1: Zapdos|3\n|-unboost|p2a: Sceptile|def|1\n|-boost|p2a: Sceptile|spe|1\n|\n|upkeep\n|\n|t:|1698791536\n|switch|p1a: Medicham|Medicham, M|100\/100\n|turn|8\n|\n|t:|1698791546\n|switch|p2a: Tapu Lele|Tapu Lele|100\/100\n|-fieldstart|move: Psychic Terrain|[from] ability: Psychic Surge|[of] p2a: Tapu Lele\n|detailschange|p1a: Medicham|Medicham-Mega, M\n|-mega|p1a: Medicham|Medicham|Medichamite\n|move|p1a: Medicham|Bullet Punch|p2a: Tapu Lele\n|-activate|p2a: Tapu Lele|move: Psychic Terrain\n|\n|upkeep\n|turn|9\n|\n|t:|1698791557\n|switch|p2a: Armarouge|Armarouge, M|100\/100\n|switch|p1a: Clodsire|Clodsire, F|100\/100\n|\n|upkeep\n|turn|10\n|\n|t:|1698791576\n|move|p2a: Armarouge|Calm Mind|p2a: Armarouge\n|-boost|p2a: Armarouge|spa|1\n|-boost|p2a: Armarouge|spd|1\n|move|p1a: Clodsire|Earthquake|p2a: Armarouge\n|-supereffective|p2a: Armarouge\n|-damage|p2a: Armarouge|44\/100\n|-ability|p2a: Armarouge|Weak Armor|boost\n|-unboost|p2a: Armarouge|def|1\n|-boost|p2a: Armarouge|spe|2\n|\n|upkeep\n|turn|11\n|\n|t:|1698791586\n|-terastallize|p1a: Clodsire|Dark\n|move|p2a: Armarouge|Expanding Force|p1a: Clodsire\n|-immune|p1a: Clodsire\n|move|p1a: Clodsire|Earthquake|p2a: Armarouge\n|-supereffective|p2a: Armarouge\n|-damage|p2a: Armarouge|0 fnt\n|faint|p2a: Armarouge\n|\n|-damage|p1a: Clodsire|88\/100|[from] item: Black Sludge\n|upkeep\n|c|\u2606michael213|oh whoops\n|\n|t:|1698791595\n|switch|p2a: Tapu Lele|Tapu Lele|100\/100\n|turn|12\n|\n|t:|1698791602\n|switch|p2a: Mewtwo|Mewtwo|100\/100\n|-ability|p2a: Mewtwo|Pressure\n|move|p1a: Clodsire|Stealth Rock|p2a: Mewtwo\n|-sidestart|p2: Edras16|move: Stealth Rock\n|\n|-damage|p1a: Clodsire|75\/100|[from] item: Black Sludge\n|upkeep\n|turn|13\n|\n|t:|1698791607\n|move|p2a: Mewtwo|Focus Blast|p1a: Clodsire\n|-supereffective|p1a: Clodsire\n|-damage|p1a: Clodsire|26\/100\n|move|p1a: Clodsire|Toxic|p2a: Mewtwo|[miss]\n|-miss|p1a: Clodsire|p2a: Mewtwo\n|\n|-damage|p1a: Clodsire|13\/100|[from] item: Black Sludge\n|upkeep\n|turn|14\n|\n|t:|1698791612\n|move|p2a: Mewtwo|Focus Blast|p1a: Clodsire|[miss]\n|-miss|p2a: Mewtwo|p1a: Clodsire\n|move|p1a: Clodsire|Recover|p1a: Clodsire\n|-heal|p1a: Clodsire|63\/100\n|\n|-damage|p1a: Clodsire|51\/100|[from] item: Black Sludge\n|upkeep\n|turn|15\n|\n|t:|1698791615\n|move|p2a: Mewtwo|Focus Blast|p1a: Clodsire\n|-supereffective|p1a: Clodsire\n|-damage|p1a: Clodsire|5\/100\n|-unboost|p1a: Clodsire|spd|1\n|move|p1a: Clodsire|Recover|p1a: Clodsire\n|-heal|p1a: Clodsire|55\/100\n|\n|-damage|p1a: Clodsire|42\/100|[from] item: Black Sludge\n|-fieldend|move: Psychic Terrain\n|upkeep\n|turn|16\n|\n|t:|1698791619\n|switch|p2a: Sceptile|Sceptile-Mega, M|1\/100\n|-damage|p2a: Sceptile|0 fnt|[from] Stealth Rock\n|faint|p2a: Sceptile\n|switch|p1a: Medicham|Medicham-Mega, M|100\/100\n|\n|upkeep\n|\n|t:|1698791623\n|switch|p2a: Tapu Lele|Tapu Lele|100\/100\n|-damage|p2a: Tapu Lele|88\/100|[from] Stealth Rock\n|-fieldstart|move: Psychic Terrain|[from] ability: Psychic Surge|[of] p2a: Tapu Lele\n|turn|17\n|\n|t:|1698791627\n|switch|p1a: Clodsire|Clodsire, F, tera:Dark|42\/100\n|move|p2a: Tapu Lele|Future Sight|p1a: Clodsire\n|-start|p2a: Tapu Lele|move: Future Sight\n|\n|-damage|p1a: Clodsire|30\/100|[from] item: Black Sludge\n|upkeep\n|turn|18\n|\n|t:|1698791630\n|move|p2a: Tapu Lele|Moonblast|p1a: Clodsire\n|-supereffective|p1a: Clodsire\n|-damage|p1a: Clodsire|0 fnt\n|faint|p1a: Clodsire\n|\n|upkeep\n|\n|t:|1698791639\n|switch|p1a: Roaring Moon|Roaring Moon|100\/100\n|-enditem|p1a: Roaring Moon|Booster Energy\n|-activate|p1a: Roaring Moon|ability: Protosynthesis|[fromitem]\n|-start|p1a: Roaring Moon|protosynthesisatk\n|turn|19\n|\n|t:|1698791647\n|move|p1a: Roaring Moon|Knock Off|p2a: Tapu Lele\n|-damage|p2a: Tapu Lele|0 fnt\n|-enditem|p2a: Tapu Lele|Terrain Extender|[from] move: Knock Off|[of] p1a: Roaring Moon\n|faint|p2a: Tapu Lele\n|\n|-end|p1a: Roaring Moon|move: Future Sight\n|-immune|p1a: Roaring Moon\n|upkeep\n|\n|t:|1698791653\n|switch|p2a: Mewtwo|Mewtwo|100\/100\n|-damage|p2a: Mewtwo|88\/100|[from] Stealth Rock\n|-ability|p2a: Mewtwo|Pressure\n|turn|20\n|\n|t:|1698791666\n|move|p2a: Mewtwo|Focus Blast|p1a: Roaring Moon\n|-supereffective|p1a: Roaring Moon\n|-damage|p1a: Roaring Moon|9\/100\n|move|p1a: Roaring Moon|Dragon Dance|p1a: Roaring Moon\n|-boost|p1a: Roaring Moon|atk|1\n|-boost|p1a: Roaring Moon|spe|1\n|\n|upkeep\n|turn|21\n|\n|t:|1698791671\n|move|p2a: Mewtwo|Focus Blast|p1a: Roaring Moon|[miss]\n|-miss|p2a: Mewtwo|p1a: Roaring Moon\n|move|p1a: Roaring Moon|Knock Off|p2a: Mewtwo\n|-supereffective|p2a: Mewtwo\n|-damage|p2a: Mewtwo|0 fnt\n|-enditem|p2a: Mewtwo|Choice Scarf|[from] move: Knock Off|[of] p1a: Roaring Moon\n|faint|p2a: Mewtwo\n|\n|upkeep\n|\n|t:|1698791678\n|switch|p2a: Starmie|Starmie|100\/100\n|-damage|p2a: Starmie|88\/100|[from] Stealth Rock\n|turn|22\n|\n|t:|1698791682\n|-terastallize|p2a: Starmie|Fairy\n|move|p1a: Roaring Moon|Knock Off|p2a: Starmie\n|-resisted|p2a: Starmie\n|-damage|p2a: Starmie|13\/100\n|-enditem|p2a: Starmie|Power Herb|[from] move: Knock Off|[of] p1a: Roaring Moon\n|move|p2a: Starmie|Meteor Beam||[still]\n|-prepare|p2a: Starmie|Meteor Beam\n|-boost|p2a: Starmie|spa|1\n|\n|upkeep\n|turn|23\n|c|\u2606michael213|gg\n|\n|t:|1698791690\n|move|p1a: Roaring Moon|Knock Off|p2a: Starmie\n|-resisted|p2a: Starmie\n|-damage|p2a: Starmie|0 fnt\n|faint|p2a: Starmie\n|\n|upkeep\n|c|\u2606Edras16|Gg\n|\n|t:|1698791700\n|switch|p2a: Hatterene|Hatterene, F|100\/100\n|-damage|p2a: Hatterene|88\/100|[from] Stealth Rock\n|turn|24\n|\n|t:|1698791702\n|move|p1a: Roaring Moon|Knock Off|p2a: Hatterene\n|-damage|p2a: Hatterene|0 fnt\n|-enditem|p2a: Hatterene|Leftovers|[from] move: Knock Off|[of] p1a: Roaring Moon\n|faint|p2a: Hatterene\n|\n|win|michael213\n|l|\u2606michael213\n","uploadtime":1698791739,"views":19,"p1id":"michael213","p2id":"edras16","formatid":"gen9nationaldexubers","rating":0,"private":0,"password":""}