{"id":"gen9nationaldexubers-1989944082","p1":"Guj Genera","p2":"Big Chungus irl","format":"[Gen 9] National Dex Ubers","log":"|j|\u2606Guj Genera\n|j|\u2606Big Chungus irl\n|t:|1699908896\n|gametype|singles\n|player|p1|Guj Genera|red|\n|player|p2|Big Chungus irl|firebreather|\n|teamsize|p1|6\n|teamsize|p2|6\n|gen|9\n|tier|[Gen 9] National Dex Ubers\n|rule|HP Percentage Mod: HP is shown in percentages\n|rule|Endless Battle Clause: Forcing endless battles is banned\n|rule|OHKO Clause: OHKO moves are banned\n|rule|Evasion Moves Clause: Evasion moves are banned\n|rule|Evasion Items Clause: Evasion items are banned\n|rule|Species Clause: Limit one of each Pok\u00e9mon\n|rule|Sleep Clause Mod: Limit one foe put to sleep\n|rule|Mega Rayquaza Clause: You cannot mega evolve Rayquaza\n|clearpoke\n|poke|p1|Cinderace, F|\n|poke|p1|Landorus-Therian, M|\n|poke|p1|Zeraora|\n|poke|p1|Inteleon, M|\n|poke|p1|Kommo-o, M|\n|poke|p1|Diancie|\n|poke|p2|Aerodactyl, M|\n|poke|p2|Corviknight, M|\n|poke|p2|Landorus-Therian, M|\n|poke|p2|Enamorus, F|\n|poke|p2|Mantine, F|\n|poke|p2|Mandibuzz, F|\n|teampreview\n|inactive|Battle timer is ON: inactive players will automatically lose when time's up. (requested by Guj Genera)\n|c|\u2606Big Chungus irl|gl and hf\n|c|\u2606Guj Genera|Thx u 2\n|\n|t:|1699908913\n|start\n|switch|p1a: Diancie|Diancie, shiny|100\/100\n|switch|p2a: Landorus|Landorus-Therian, M|100\/100\n|-ability|p2a: Landorus|Intimidate|boost\n|-fail|p1a: Diancie|unboost|[from] ability: Clear Body|[of] p1a: Diancie\n|turn|1\n|c|\u2606Guj Genera|dont forget to post link.\n|\n|t:|1699908930\n|detailschange|p1a: Diancie|Diancie-Mega, shiny\n|-mega|p1a: Diancie|Diancie|Diancite\n|move|p1a: Diancie|Diamond Storm|p2a: Landorus\n|-damage|p2a: Landorus|66\/100\n|-boost|p1a: Diancie|def|2\n|move|p2a: Landorus|Earthquake|p1a: Diancie\n|-supereffective|p1a: Diancie\n|-damage|p1a: Diancie|32\/100\n|\n|-heal|p2a: Landorus|72\/100|[from] item: Leftovers\n|upkeep\n|turn|2\n|\n|t:|1699908942\n|switch|p1a: Landorus|Landorus-Therian, M, shiny|100\/100\n|-ability|p1a: Landorus|Intimidate|boost\n|-unboost|p2a: Landorus|atk|1\n|switch|p2a: Corviknight|Corviknight, M|100\/100\n|-ability|p2a: Corviknight|Pressure\n|\n|upkeep\n|turn|3\n|\n|t:|1699908948\n|move|p1a: Landorus|Stealth Rock|p2a: Corviknight\n|-sidestart|p2: Big Chungus irl|move: Stealth Rock\n|move|p2a: Corviknight|U-turn|p1a: Landorus\n|-resisted|p1a: Landorus\n|-damage|p1a: Landorus|95\/100\n|-damage|p2a: Corviknight|84\/100|[from] item: Rocky Helmet|[of] p1a: Landorus\n|\n|t:|1699908965\n|switch|p2a: Landorus|Landorus-Therian, M|72\/100|[from] U-turn\n|-damage|p2a: Landorus|60\/100|[from] Stealth Rock\n|-ability|p2a: Landorus|Intimidate|boost\n|-unboost|p1a: Landorus|atk|1\n|\n|-heal|p2a: Landorus|66\/100|[from] item: Leftovers\n|upkeep\n|turn|4\n|j| Astro The Man\n|\n|t:|1699908977\n|move|p1a: Landorus|U-turn|p2a: Landorus\n|-resisted|p2a: Landorus\n|-damage|p2a: Landorus|61\/100\n|\n|t:|1699908979\n|switch|p1a: Diancie|Diancie-Mega, shiny|32\/100|[from] U-turn\n|move|p2a: Landorus|Stealth Rock|p1a: Diancie\n|move|p1a: Diancie|Stealth Rock||[from]ability: Magic Bounce|[still]\n|-fail|p1a: Diancie\n|\n|-heal|p2a: Landorus|67\/100|[from] item: Leftovers\n|upkeep\n|turn|5\n|\n|t:|1699908985\n|switch|p1a: Landorus|Landorus-Therian, M, shiny|95\/100\n|-ability|p1a: Landorus|Intimidate|boost\n|-unboost|p2a: Landorus|atk|1\n|switch|p2a: Corviknight|Corviknight, M|84\/100\n|-damage|p2a: Corviknight|72\/100|[from] Stealth Rock\n|-ability|p2a: Corviknight|Pressure\n|\n|upkeep\n|turn|6\n|\n|t:|1699908999\n|move|p1a: Landorus|Toxic|p2a: Corviknight\n|-immune|p2a: Corviknight\n|move|p2a: Corviknight|Defog|p1a: Landorus\n|-unboost|p1a: Landorus|evasion|1\n|-sideend|p2: Big Chungus irl|Stealth Rock|[from] move: Defog|[of] p2a: Corviknight\n|\n|upkeep\n|turn|7\n|\n|t:|1699909004\n|move|p1a: Landorus|Stealth Rock|p2a: Corviknight\n|-sidestart|p2: Big Chungus irl|move: Stealth Rock\n|move|p2a: Corviknight|Roost|p2a: Corviknight\n|-heal|p2a: Corviknight|100\/100\n|-singleturn|p2a: Corviknight|move: Roost\n|\n|upkeep\n|turn|8\n|\n|t:|1699909010\n|move|p1a: Landorus|U-turn|p2a: Corviknight\n|-resisted|p2a: Corviknight\n|-crit|p2a: Corviknight\n|-damage|p2a: Corviknight|96\/100\n|\n|t:|1699909016\n|switch|p1a: Diancie|Diancie-Mega, shiny|32\/100|[from] U-turn\n|move|p2a: Corviknight|Defog|p1a: Diancie\n|move|p1a: Diancie|Defog|p2a: Corviknight|[from]ability: Magic Bounce\n|-unboost|p2a: Corviknight|evasion|1\n|-sideend|p2: Big Chungus irl|Stealth Rock|[from] move: Defog|[of] p1a: Diancie\n|\n|upkeep\n|turn|9\n|\n|t:|1699909021\n|move|p1a: Diancie|Diamond Storm|p2a: Corviknight\n|-damage|p2a: Corviknight|64\/100\n|move|p2a: Corviknight|U-turn|p1a: Diancie\n|-resisted|p1a: Diancie\n|-damage|p1a: Diancie|22\/100\n|j| Grodziecki\n|\n|t:|1699909035\n|switch|p2a: Enamorus|Enamorus, F|100\/100|[from] U-turn\n|\n|upkeep\n|turn|10\n|\n|t:|1699909045\n|move|p2a: Enamorus|Moonblast|p1a: Diancie\n|-damage|p1a: Diancie|0 fnt\n|faint|p1a: Diancie\n|\n|upkeep\n|\n|t:|1699909049\n|switch|p1a: Landorus|Landorus-Therian, M, shiny|95\/100\n|-ability|p1a: Landorus|Intimidate|boost\n|-boost|p2a: Enamorus|atk|1\n|turn|11\n|\n|t:|1699909057\n|move|p2a: Enamorus|Moonblast|p1a: Landorus\n|-damage|p1a: Landorus|39\/100\n|move|p1a: Landorus|Stealth Rock|p2a: Enamorus\n|-sidestart|p2: Big Chungus irl|move: Stealth Rock\n|\n|upkeep\n|turn|12\n|c|\u2606Guj Genera|Frock\n|\n|t:|1699909067\n|move|p2a: Enamorus|Moonblast|p1a: Landorus\n|-damage|p1a: Landorus|0 fnt\n|faint|p1a: Landorus\n|\n|upkeep\n|\n|t:|1699909071\n|switch|p1a: Cinderace|Cinderace, F, shiny|100\/100\n|turn|13\n|\n|t:|1699909074\n|switch|p2a: Mantine|Mantine, F|100\/100\n|move|p1a: Cinderace|Gunk Shot|p2a: Mantine\n|-start|p1a: Cinderace|typechange|Poison|[from] ability: Libero\n|-damage|p2a: Mantine|30\/100\n|-status|p2a: Mantine|psn\n|\n|-damage|p2a: Mantine|17\/100 psn|[from] psn\n|upkeep\n|turn|14\n|\n|t:|1699909078\n|switch|p1a: Zeraora|Zeraora, shiny|100\/100\n|switch|p2a: Corviknight|Corviknight, M|64\/100\n|-damage|p2a: Corviknight|52\/100|[from] Stealth Rock\n|-ability|p2a: Corviknight|Pressure\n|\n|upkeep\n|turn|15\n|\n|t:|1699909082\n|switch|p2a: Landorus|Landorus-Therian, M|67\/100\n|-damage|p2a: Landorus|54\/100|[from] Stealth Rock\n|-ability|p2a: Landorus|Intimidate|boost\n|-unboost|p1a: Zeraora|atk|1\n|move|p1a: Zeraora|Plasma Fists|p2a: Landorus\n|-immune|p2a: Landorus\n|\n|-heal|p2a: Landorus|60\/100|[from] item: Leftovers\n|upkeep\n|turn|16\n|\n|t:|1699909087\n|move|p1a: Zeraora|Grass Knot|p2a: Landorus\n|-damage|p2a: Landorus|41\/100\n|move|p2a: Landorus|Defog|p1a: Zeraora\n|-unboost|p1a: Zeraora|evasion|1\n|-sideend|p2: Big Chungus irl|Stealth Rock|[from] move: Defog|[of] p2a: Landorus\n|\n|-heal|p2a: Landorus|47\/100|[from] item: Leftovers\n|upkeep\n|turn|17\n|\n|t:|1699909089\n|move|p1a: Zeraora|Grass Knot|p2a: Landorus\n|-damage|p2a: Landorus|26\/100\n|move|p2a: Landorus|Stealth Rock|p1a: Zeraora\n|-sidestart|p1: Guj Genera|move: Stealth Rock\n|\n|-heal|p2a: Landorus|32\/100|[from] item: Leftovers\n|upkeep\n|turn|18\n|\n|t:|1699909093\n|move|p1a: Zeraora|Grass Knot|p2a: Landorus\n|-damage|p2a: Landorus|11\/100\n|move|p2a: Landorus|Earthquake|p1a: Zeraora\n|-supereffective|p1a: Zeraora\n|-damage|p1a: Zeraora|0 fnt\n|faint|p1a: Zeraora\n|\n|-heal|p2a: Landorus|17\/100|[from] item: Leftovers\n|upkeep\n|\n|t:|1699909100\n|switch|p1a: Inteleon|Inteleon, M, shiny|100\/100\n|-damage|p1a: Inteleon|88\/100|[from] Stealth Rock\n|turn|19\n|\n|t:|1699909104\n|switch|p2a: Mantine|Mantine, F|17\/100 psn\n|move|p1a: Inteleon|Ice Beam|p2a: Mantine\n|-damage|p2a: Mantine|0 fnt\n|faint|p2a: Mantine\n|\n|upkeep\n|\n|t:|1699909118\n|switch|p2a: Aerodactyl|Aerodactyl, M|100\/100\n|turn|20\n|\n|t:|1699909120\n|detailschange|p2a: Aerodactyl|Aerodactyl-Mega, M\n|-mega|p2a: Aerodactyl|Aerodactyl|Aerodactylite\n|move|p2a: Aerodactyl|Dual Wingbeat|p1a: Inteleon\n|-damage|p1a: Inteleon|39\/100\n|-damage|p1a: Inteleon|0 fnt\n|faint|p1a: Inteleon\n|-hitcount|p1: Inteleon|2\n|\n|upkeep\n|\n|t:|1699909126\n|switch|p1a: Kommo-o|Kommo-o, M, shiny|100\/100\n|-damage|p1a: Kommo-o|94\/100|[from] Stealth Rock\n|turn|21\n|\n|t:|1699909130\n|move|p2a: Aerodactyl|Dual Wingbeat|p1a: Kommo-o\n|-supereffective|p1a: Kommo-o\n|-damage|p1a: Kommo-o|44\/100\n|-supereffective|p1a: Kommo-o\n|-damage|p1a: Kommo-o|0 fnt\n|faint|p1a: Kommo-o\n|-hitcount|p1: Kommo-o|2\n|\n|upkeep\n|\n|t:|1699909132\n|switch|p1a: Cinderace|Cinderace, F, shiny|100\/100\n|-damage|p1a: Cinderace|76\/100|[from] Stealth Rock\n|turn|22\n|\n|t:|1699909137\n|move|p2a: Aerodactyl|Earthquake|p1a: Cinderace\n|-supereffective|p1a: Cinderace\n|-damage|p1a: Cinderace|0 fnt\n|faint|p1a: Cinderace\n|\n|win|Big Chungus irl\n|c|\u2606Big Chungus irl|gg\n|c|\u2606Guj Genera|Gg\n|l|\u2606Guj Genera\n","uploadtime":1699909144,"views":20,"p1id":"gujgenera","p2id":"bigchungusirl","formatid":"gen9nationaldexubers","rating":0,"private":0,"password":""}