{"id":"gen9nationaldexubers-1993270435","p1":"Wobbuffet xplus","p2":"saintsaffier","format":"[Gen 9] National Dex Ubers","log":"|j|\u2606Wobbuffet xplus\n|j|\u2606saintsaffier\n|t:|1700287608\n|gametype|singles\n|player|p1|Wobbuffet xplus|cynthia|1184\n|player|p2|saintsaffier|mallow-masters|1306\n|teamsize|p1|6\n|teamsize|p2|6\n|gen|9\n|tier|[Gen 9] National Dex Ubers\n|rated|\n|rule|HP Percentage Mod: HP is shown in percentages\n|rule|Endless Battle Clause: Forcing endless battles is banned\n|rule|OHKO Clause: OHKO moves are banned\n|rule|Evasion Moves Clause: Evasion moves are banned\n|rule|Evasion Items Clause: Evasion items are banned\n|rule|Species Clause: Limit one of each Pok\u00e9mon\n|rule|Sleep Clause Mod: Limit one foe put to sleep\n|rule|Mega Rayquaza Clause: You cannot mega evolve Rayquaza\n|clearpoke\n|poke|p1|Zygarde|\n|poke|p1|Ho-Oh|\n|poke|p1|Zacian-*|\n|poke|p1|Mewtwo|\n|poke|p1|Eternatus|\n|poke|p1|Metagross|\n|poke|p2|Marshadow|\n|poke|p2|Shaymin-Sky|\n|poke|p2|Alomomola, F|\n|poke|p2|Regieleki|\n|poke|p2|Banette, M|\n|poke|p2|Ho-Oh|\n|teampreview\n|inactive|Battle timer is ON: inactive players will automatically lose when time's up. (requested by saintsaffier)\n|\n|t:|1700287619\n|start\n|switch|p1a: Zacian|Zacian-Crowned|100\/100\n|switch|p2a: R - Dawg|Regieleki|100\/100\n|-ability|p1a: Zacian|Intrepid Sword|boost\n|-boost|p1a: Zacian|atk|1\n|turn|1\n|\n|t:|1700287625\n|move|p2a: R - Dawg|Volt Switch|p1a: Zacian\n|-damage|p1a: Zacian|45\/100\n|-damage|p2a: R - Dawg|91\/100|[from] item: Life Orb\n|\n|t:|1700287628\n|switch|p2a: A - Dawg|Alomomola, F, shiny|100\/100|[from] Volt Switch\n|move|p1a: Zacian|Behemoth Blade|p2a: A - Dawg\n|-resisted|p2a: A - Dawg\n|-damage|p2a: A - Dawg|75\/100\n|-damage|p1a: Zacian|29\/100|[from] item: Rocky Helmet|[of] p2a: A - Dawg\n|\n|upkeep\n|turn|2\n|\n|t:|1700287636\n|move|p1a: Zacian|Wild Charge|p2a: A - Dawg\n|-supereffective|p2a: A - Dawg\n|-damage|p2a: A - Dawg|14\/100\n|-damage|p1a: Zacian|12\/100|[from] item: Rocky Helmet|[of] p2a: A - Dawg\n|-damage|p1a: Zacian|0 fnt|[from] Recoil\n|faint|p1a: Zacian\n|move|p2a: A - Dawg|Wish|p2a: A - Dawg\n|\n|upkeep\n|\n|t:|1700287644\n|switch|p1a: Eternatus|Eternatus|100\/100\n|-ability|p1a: Eternatus|Pressure\n|turn|3\n|\n|t:|1700287648\n|move|p2a: A - Dawg|Protect|p2a: A - Dawg\n|-singleturn|p2a: A - Dawg|Protect\n|move|p1a: Eternatus|Sludge Wave|p2a: A - Dawg\n|-activate|p2a: A - Dawg|move: Protect\n|\n|-heal|p2a: A - Dawg|63\/100|[from] move: Wish|[wisher] A - Dawg\n|upkeep\n|turn|4\n|\n|t:|1700287656\n|move|p1a: Eternatus|Sludge Wave|p2a: A - Dawg\n|-damage|p2a: A - Dawg|10\/100\n|move|p2a: A - Dawg|Flip Turn|p1a: Eternatus\n|-resisted|p1a: Eternatus\n|-damage|p1a: Eternatus|94\/100\n|\n|t:|1700287660\n|switch|p2a: R - Dawg|Regieleki|91\/100|[from] Flip Turn\n|\n|-heal|p1a: Eternatus|99\/100|[from] item: Leftovers\n|upkeep\n|turn|5\n|\n|t:|1700287669\n|move|p2a: R - Dawg|Thunder Wave|p1a: Eternatus\n|-status|p1a: Eternatus|par\n|cant|p1a: Eternatus|par\n|\n|-heal|p1a: Eternatus|100\/100 par|[from] item: Leftovers\n|upkeep\n|turn|6\n|\n|t:|1700287676\n|move|p2a: R - Dawg|Volt Switch|p1a: Eternatus\n|-resisted|p1a: Eternatus\n|-damage|p1a: Eternatus|81\/100 par\n|-damage|p2a: R - Dawg|81\/100|[from] item: Life Orb\n|\n|t:|1700287681\n|switch|p2a: Ho-Oh|Ho-Oh|100\/100|[from] Volt Switch\n|cant|p1a: Eternatus|par\n|\n|-heal|p1a: Eternatus|87\/100 par|[from] item: Leftovers\n|upkeep\n|turn|7\n|\n|t:|1700287689\n|move|p2a: Ho-Oh|Sacred Fire|p1a: Eternatus\n|-resisted|p1a: Eternatus\n|-damage|p1a: Eternatus|71\/100 par\n|move|p1a: Eternatus|Sludge Wave|p2a: Ho-Oh\n|-damage|p2a: Ho-Oh|66\/100\n|\n|-heal|p2a: Ho-Oh|73\/100|[from] item: Leftovers\n|-heal|p1a: Eternatus|77\/100 par|[from] item: Leftovers\n|upkeep\n|turn|8\n|\n|t:|1700287712\n|move|p2a: Ho-Oh|Sacred Fire|p1a: Eternatus\n|-resisted|p1a: Eternatus\n|-damage|p1a: Eternatus|61\/100 par\n|move|p1a: Eternatus|Dynamax Cannon|p2a: Ho-Oh\n|-damage|p2a: Ho-Oh|39\/100\n|\n|-heal|p2a: Ho-Oh|46\/100|[from] item: Leftovers\n|-heal|p1a: Eternatus|67\/100 par|[from] item: Leftovers\n|upkeep\n|turn|9\n|\n|t:|1700287721\n|switch|p2a: A - Dawg|Alomomola, F, shiny|43\/100\n|move|p1a: Eternatus|Flamethrower|p2a: A - Dawg\n|-resisted|p2a: A - Dawg\n|-damage|p2a: A - Dawg|25\/100\n|\n|-heal|p1a: Eternatus|73\/100 par|[from] item: Leftovers\n|upkeep\n|turn|10\n|\n|t:|1700287728\n|move|p2a: A - Dawg|Protect|p2a: A - Dawg\n|-singleturn|p2a: A - Dawg|Protect\n|move|p1a: Eternatus|Dynamax Cannon|p2a: A - Dawg\n|-activate|p2a: A - Dawg|move: Protect\n|\n|-heal|p1a: Eternatus|80\/100 par|[from] item: Leftovers\n|upkeep\n|turn|11\n|\n|t:|1700287736\n|-terastallize|p1a: Eternatus|Poison\n|move|p2a: A - Dawg|Flip Turn|p1a: Eternatus\n|-damage|p1a: Eternatus|67\/100 par\n|\n|t:|1700287741\n|switch|p2a: Ho-Oh|Ho-Oh|79\/100|[from] Flip Turn\n|move|p1a: Eternatus|Dynamax Cannon|p2a: Ho-Oh\n|-damage|p2a: Ho-Oh|42\/100\n|\n|-heal|p2a: Ho-Oh|48\/100|[from] item: Leftovers\n|-heal|p1a: Eternatus|73\/100 par|[from] item: Leftovers\n|upkeep\n|turn|12\n|\n|t:|1700287750\n|move|p2a: Ho-Oh|Recover|p2a: Ho-Oh\n|-heal|p2a: Ho-Oh|98\/100\n|cant|p1a: Eternatus|par\n|\n|-heal|p2a: Ho-Oh|100\/100|[from] item: Leftovers\n|-heal|p1a: Eternatus|80\/100 par|[from] item: Leftovers\n|upkeep\n|turn|13\n|\n|t:|1700287756\n|switch|p2a: A - Dawg|Alomomola, F, shiny|59\/100\n|move|p1a: Eternatus|Sludge Wave|p2a: A - Dawg\n|-damage|p2a: A - Dawg|0 fnt\n|faint|p2a: A - Dawg\n|\n|-heal|p1a: Eternatus|86\/100 par|[from] item: Leftovers\n|upkeep\n|c|\u2606saintsaffier|awh shit\n|\n|t:|1700287766\n|switch|p2a: S - Dawg|Shaymin-Sky, shiny|100\/100\n|turn|14\n|\n|t:|1700287769\n|move|p2a: S - Dawg|Air Slash|p1a: Eternatus\n|-damage|p1a: Eternatus|58\/100 par\n|cant|p1a: Eternatus|flinch\n|\n|-heal|p1a: Eternatus|64\/100 par|[from] item: Leftovers\n|upkeep\n|turn|15\n|\n|t:|1700287775\n|move|p2a: S - Dawg|Air Slash|p1a: Eternatus\n|-damage|p1a: Eternatus|32\/100 par\n|cant|p1a: Eternatus|flinch\n|\n|-heal|p1a: Eternatus|38\/100 par|[from] item: Leftovers\n|upkeep\n|turn|16\n|\n|t:|1700287781\n|move|p2a: S - Dawg|Air Slash|p1a: Eternatus\n|-damage|p1a: Eternatus|3\/100 par\n|cant|p1a: Eternatus|flinch\n|\n|-heal|p1a: Eternatus|9\/100 par|[from] item: Leftovers\n|upkeep\n|turn|17\n|\n|t:|1700287786\n|move|p2a: S - Dawg|Air Slash|p1a: Eternatus\n|-damage|p1a: Eternatus|0 fnt\n|faint|p1a: Eternatus\n|\n|upkeep\n|\n|t:|1700287791\n|switch|p1a: Mewtwo|Mewtwo|100\/100\n|-ability|p1a: Mewtwo|Unnerve\n|turn|18\n|\n|t:|1700287797\n|switch|p2a: Ho-Oh|Ho-Oh|100\/100\n|detailschange|p1a: Mewtwo|Mewtwo-Mega-X\n|-mega|p1a: Mewtwo|Mewtwo|Mewtwonite X\n|move|p1a: Mewtwo|Flamethrower|p2a: Ho-Oh\n|-resisted|p2a: Ho-Oh\n|-damage|p2a: Ho-Oh|91\/100\n|\n|-heal|p2a: Ho-Oh|97\/100|[from] item: Leftovers\n|upkeep\n|turn|19\n|\n|t:|1700287806\n|move|p1a: Mewtwo|Nasty Plot|p1a: Mewtwo\n|-boost|p1a: Mewtwo|spa|2\n|move|p2a: Ho-Oh|Toxic|p1a: Mewtwo\n|-status|p1a: Mewtwo|tox\n|\n|-heal|p2a: Ho-Oh|100\/100|[from] item: Leftovers\n|-damage|p1a: Mewtwo|94\/100 tox|[from] psn\n|upkeep\n|turn|20\n|\n|t:|1700287815\n|move|p1a: Mewtwo|Nasty Plot|p1a: Mewtwo\n|-boost|p1a: Mewtwo|spa|2\n|move|p2a: Ho-Oh|Sacred Fire|p1a: Mewtwo\n|-damage|p1a: Mewtwo|55\/100 tox\n|\n|-damage|p1a: Mewtwo|42\/100 tox|[from] psn\n|upkeep\n|turn|21\n|\n|t:|1700287823\n|move|p1a: Mewtwo|Aura Sphere|p2a: Ho-Oh\n|-resisted|p2a: Ho-Oh\n|-damage|p2a: Ho-Oh|62\/100\n|move|p2a: Ho-Oh|Sacred Fire|p1a: Mewtwo\n|-damage|p1a: Mewtwo|0 fnt\n|faint|p1a: Mewtwo\n|\n|-heal|p2a: Ho-Oh|68\/100|[from] item: Leftovers\n|upkeep\n|\n|t:|1700287832\n|switch|p1a: Zygarde|Zygarde, shiny|100\/100\n|turn|22\n|\n|t:|1700287837\n|move|p1a: Zygarde|Thousand Arrows|p2a: Ho-Oh\n|-damage|p2a: Ho-Oh|38\/100\n|-start|p2a: Ho-Oh|Smack Down\n|move|p2a: Ho-Oh|Toxic|p1a: Zygarde\n|-status|p1a: Zygarde|tox\n|\n|-heal|p2a: Ho-Oh|45\/100|[from] item: Leftovers\n|-damage|p1a: Zygarde|94\/100 tox|[from] psn\n|upkeep\n|turn|23\n|\n|t:|1700287848\n|move|p1a: Zygarde|Thousand Waves|p2a: Ho-Oh\n|-supereffective|p2a: Ho-Oh\n|-damage|p2a: Ho-Oh|0 fnt\n|faint|p2a: Ho-Oh\n|\n|-heal|p1a: Zygarde|100\/100 tox|[from] item: Leftovers\n|-damage|p1a: Zygarde|88\/100 tox|[from] psn\n|upkeep\n|\n|t:|1700287863\n|switch|p2a: S - Dawg|Shaymin-Sky, shiny|100\/100\n|turn|24\n|\n|t:|1700287881\n|move|p2a: S - Dawg|Air Slash|p1a: Zygarde\n|-damage|p1a: Zygarde|55\/100 tox\n|move|p1a: Zygarde|Thousand Arrows|p2a: S - Dawg\n|-crit|p2a: S - Dawg\n|-damage|p2a: S - Dawg|20\/100\n|-start|p2a: S - Dawg|Smack Down\n|\n|-heal|p1a: Zygarde|62\/100 tox|[from] item: Leftovers\n|-damage|p1a: Zygarde|43\/100 tox|[from] psn\n|-activate|p1a: Zygarde|ability: Power Construct\n|detailschange|p1a: Zygarde|Zygarde-Complete, shiny\n|-heal|p1a: Zygarde|64\/100 tox|[silent]\n|upkeep\n|turn|25\n|\n|t:|1700287893\n|move|p2a: S - Dawg|Air Slash|p1a: Zygarde\n|-damage|p1a: Zygarde|36\/100 tox\n|cant|p1a: Zygarde|flinch\n|\n|-heal|p1a: Zygarde|42\/100 tox|[from] item: Leftovers\n|-damage|p1a: Zygarde|17\/100 tox|[from] psn\n|upkeep\n|turn|26\n|\n|t:|1700287903\n|move|p2a: S - Dawg|Air Slash|p1a: Zygarde\n|-damage|p1a: Zygarde|0 fnt\n|faint|p1a: Zygarde\n|\n|upkeep\n|\n|t:|1700287913\n|switch|p1a: Ho-Oh|Ho-Oh|100\/100\n|turn|27\n|\n|t:|1700287922\n|switch|p2a: R - Dawg|Regieleki|81\/100\n|move|p1a: Ho-Oh|Sacred Fire|p2a: R - Dawg\n|-damage|p2a: R - Dawg|0 fnt\n|faint|p2a: R - Dawg\n|\n|upkeep\n|\n|t:|1700287925\n|switch|p2a: S - Dawg|Shaymin-Sky, shiny|20\/100\n|turn|28\n|\n|t:|1700287931\n|move|p2a: S - Dawg|Air Slash|p1a: Ho-Oh\n|-damage|p1a: Ho-Oh|79\/100\n|cant|p1a: Ho-Oh|flinch\n|\n|upkeep\n|turn|29\n|\n|t:|1700287936\n|move|p2a: S - Dawg|Air Slash|p1a: Ho-Oh\n|-damage|p1a: Ho-Oh|54\/100\n|cant|p1a: Ho-Oh|flinch\n|\n|upkeep\n|turn|30\n|\n|t:|1700287940\n|move|p2a: S - Dawg|Air Slash|p1a: Ho-Oh\n|-damage|p1a: Ho-Oh|24\/100\n|move|p1a: Ho-Oh|Sacred Fire|p2a: S - Dawg\n|-supereffective|p2a: S - Dawg\n|-damage|p2a: S - Dawg|0 fnt\n|faint|p2a: S - Dawg\n|\n|upkeep\n|\n|t:|1700287949\n|switch|p2a: M - Dawg|Marshadow|100\/100\n|turn|31\n|\n|t:|1700287952\n|move|p2a: M - Dawg|Spectral Thief|p1a: Ho-Oh\n|-damage|p1a: Ho-Oh|0 fnt\n|faint|p1a: Ho-Oh\n|\n|upkeep\n|c|\u2606Wobbuffet xplus|pusyt staler\n|c|\u2606saintsaffier|GGs\n|c|\u2606Wobbuffet xplus|fuk off\n|c|\u2606saintsaffier|Love you too brethern\n|inactive|Wobbuffet xplus has 120 seconds left.\n|c|\u2606saintsaffier|May Jesus Christ pull you out of that cussing era\n|c|\u2606Wobbuffet xplus|who is chrish u loser\n|c|\u2606Wobbuffet xplus|get lost\n|c|\u2606Wobbuffet xplus|mother fuker\n|c|\u2606saintsaffier|Repent..\n|inactive|Wobbuffet xplus has 90 seconds left.\n|\n|t:|1700288015\n|switch|p1a: Metagross|Metagross|100\/100\n|turn|32\n|inactive|Wobbuffet xplus has 90 seconds left.\n|inactive|Wobbuffet xplus has 60 seconds left.\n|inactive|Wobbuffet xplus has 30 seconds left.\n|inactive|Wobbuffet xplus has 20 seconds left.\n|\n|t:|1700288098\n|move|p2a: M - Dawg|Spectral Thief|p1a: Metagross\n|-supereffective|p1a: Metagross\n|-damage|p1a: Metagross|18\/100\n|move|p1a: Metagross|Zen Headbutt|p2a: M - Dawg\n|-supereffective|p2a: M - Dawg\n|-enditem|p2a: M - Dawg|Focus Sash\n|-damage|p2a: M - Dawg|1\/100\n|\n|upkeep\n|turn|33\n|inactive|Wobbuffet xplus has 30 seconds left this turn.\n|inactive|Wobbuffet xplus has 20 seconds left.\n|inactive|Wobbuffet xplus has 15 seconds left.\n|c|\u2606saintsaffier|Too easy :p\n|inactive|Wobbuffet xplus has 10 seconds left.\n|inactive|Wobbuffet xplus has 5 seconds left.\n|-message|Wobbuffet xplus lost due to inactivity.\n|\n|win|saintsaffier\n|raw|Wobbuffet xplus's rating: 1184 &rarr; <strong>1167<\/strong><br \/>(-17 for losing)\n|raw|saintsaffier's rating: 1306 &rarr; <strong>1319<\/strong><br \/>(+13 for winning)\n","uploadtime":1700288011,"views":7,"p1id":"wobbuffetxplus","p2id":"saintsaffier","formatid":"gen9nationaldexubers","rating":1167,"private":0,"password":""}