{"id":"gen9nationaldexubers-1987384679","p1":"CalamityCentral","p2":"dcmrulz","format":"[Gen 9] National Dex Ubers","log":"|j|\u2606CalamityCentral\n|j|\u2606dcmrulz\n|t:|1699584557\n|gametype|singles\n|player|p1|CalamityCentral|psychic-gen4|\n|player|p2|dcmrulz|101|\n|teamsize|p1|6\n|teamsize|p2|6\n|gen|9\n|tier|[Gen 9] National Dex Ubers\n|rule|HP Percentage Mod: HP is shown in percentages\n|rule|Endless Battle Clause: Forcing endless battles is banned\n|rule|OHKO Clause: OHKO moves are banned\n|rule|Evasion Moves Clause: Evasion moves are banned\n|rule|Evasion Items Clause: Evasion items are banned\n|rule|Species Clause: Limit one of each Pok\u00e9mon\n|rule|Sleep Clause Mod: Limit one foe put to sleep\n|rule|Mega Rayquaza Clause: You cannot mega evolve Rayquaza\n|clearpoke\n|poke|p1|Sharpedo, M|\n|poke|p1|Blacephalon|\n|poke|p1|Zygarde|\n|poke|p1|Tinkaton, F|\n|poke|p1|Rotom-Fan|\n|poke|p1|Claydol|\n|poke|p2|Kingambit, M|\n|poke|p2|Lopunny, F|\n|poke|p2|Kilowattrel, F|\n|poke|p2|Drifblim, F|\n|poke|p2|Great Tusk|\n|poke|p2|Torterra, F|\n|teampreview\n|j| VantaZack\n|\n|t:|1699584616\n|start\n|switch|p1a: Wendy|Rotom-Fan, shiny|100\/100\n|switch|p2a: Itaku|Kilowattrel, F|100\/100\n|turn|1\n|\n|t:|1699584631\n|switch|p1a: Arahabaki|Claydol, shiny|100\/100\n|move|p2a: Itaku|Tailwind|p2a: Itaku\n|-sidestart|p2: dcmrulz|move: Tailwind\n|-start|p2a: Itaku|Charge|Tailwind|[from] ability: Wind Power\n|\n|upkeep\n|turn|2\n|j| BaraTheUmbraking\n|\n|t:|1699584650\n|switch|p2a: Torts|Torterra, F|100\/100\n|move|p1a: Arahabaki|Light Screen|p1a: Arahabaki\n|-sidestart|p1: CalamityCentral|move: Light Screen\n|\n|upkeep\n|turn|3\n|\n|t:|1699584662\n|move|p2a: Torts|Seed Bomb|p1a: Arahabaki\n|-supereffective|p1a: Arahabaki\n|-crit|p1a: Arahabaki\n|-damage|p1a: Arahabaki|4\/100\n|move|p1a: Arahabaki|Psychic|p2a: Torts\n|-damage|p2a: Torts|73\/100\n|-unboost|p2a: Torts|spd|1\n|-enditem|p2a: Torts|White Herb\n|-clearnegativeboost|p2a: Torts|[silent]\n|\n|upkeep\n|turn|4\n|\n|t:|1699584671\n|move|p2a: Torts|Seed Bomb|p1a: Arahabaki\n|-supereffective|p1a: Arahabaki\n|-damage|p1a: Arahabaki|0 fnt\n|faint|p1a: Arahabaki\n|\n|-sideend|p2: dcmrulz|move: Tailwind\n|upkeep\n|\n|t:|1699584680\n|switch|p1a: Wendy|Rotom-Fan, shiny|100\/100\n|turn|5\n|\n|t:|1699584694\n|move|p1a: Wendy|Nasty Plot|p1a: Wendy\n|-boost|p1a: Wendy|spa|2\n|move|p2a: Torts|Shell Smash|p2a: Torts\n|-unboost|p2a: Torts|def|1\n|-unboost|p2a: Torts|spd|1\n|-boost|p2a: Torts|atk|2\n|-boost|p2a: Torts|spa|2\n|-boost|p2a: Torts|spe|2\n|\n|upkeep\n|turn|6\n|\n|t:|1699584708\n|move|p2a: Torts|Seed Bomb|p1a: Wendy\n|-resisted|p1a: Wendy\n|-damage|p1a: Wendy|48\/100\n|move|p1a: Wendy|Air Slash|p2a: Torts\n|-supereffective|p2a: Torts\n|-damage|p2a: Torts|0 fnt\n|faint|p2a: Torts\n|\n|-heal|p1a: Wendy|54\/100|[from] item: Leftovers\n|upkeep\n|\n|t:|1699584721\n|switch|p2a: Mama Lop|Lopunny, F|100\/100\n|turn|7\n|\n|t:|1699584744\n|detailschange|p2a: Mama Lop|Lopunny-Mega, F\n|-mega|p2a: Mama Lop|Lopunny|Lopunnite\n|move|p2a: Mama Lop|Ice Punch|p1a: Wendy\n|-supereffective|p1a: Wendy\n|-damage|p1a: Wendy|0 fnt\n|faint|p1a: Wendy\n|\n|upkeep\n|\n|t:|1699584753\n|switch|p1a: Neptune|Sharpedo, M, shiny|100\/100\n|turn|8\n|\n|t:|1699584758\n|move|p1a: Neptune|Protect|p1a: Neptune\n|-singleturn|p1a: Neptune|Protect\n|move|p2a: Mama Lop|Fake Out||[still]\n|-hint|Fake Out only works on your first turn out.\n|-fail|p2a: Mama Lop\n|\n|-ability|p1a: Neptune|Speed Boost|boost\n|-boost|p1a: Neptune|spe|1\n|upkeep\n|turn|9\n|\n|t:|1699584813\n|detailschange|p1a: Neptune|Sharpedo-Mega, M, shiny\n|-mega|p1a: Neptune|Sharpedo|Sharpedonite\n|move|p1a: Neptune|Psychic Fangs|p2a: Mama Lop\n|-supereffective|p2a: Mama Lop\n|-damage|p2a: Mama Lop|0 fnt\n|faint|p2a: Mama Lop\n|\n|-sideend|p1: CalamityCentral|move: Light Screen\n|upkeep\n|\n|t:|1699584851\n|switch|p2a: Itaku|Kilowattrel, F|100\/100\n|turn|10\n|\n|t:|1699584867\n|move|p1a: Neptune|Crunch|p2a: Itaku\n|-damage|p2a: Itaku|0 fnt\n|faint|p2a: Itaku\n|\n|upkeep\n|\n|t:|1699584871\n|switch|p2a: Fizzle|Drifblim, F|100\/100\n|turn|11\n|\n|t:|1699584875\n|move|p1a: Neptune|Crunch|p2a: Fizzle\n|-supereffective|p2a: Fizzle\n|-enditem|p2a: Fizzle|Focus Sash\n|-damage|p2a: Fizzle|1\/100\n|move|p2a: Fizzle|Thunderbolt|p1a: Neptune\n|-supereffective|p1a: Neptune\n|-damage|p1a: Neptune|25\/100\n|\n|upkeep\n|turn|12\n|\n|t:|1699584882\n|move|p2a: Fizzle|Destiny Bond|p2a: Fizzle\n|-singlemove|p2a: Fizzle|Destiny Bond\n|move|p1a: Neptune|Crunch|p2a: Fizzle\n|-supereffective|p2a: Fizzle\n|-damage|p2a: Fizzle|0 fnt\n|faint|p2a: Fizzle\n|-activate|p2a: Fizzle|move: Destiny Bond\n|faint|p1a: Neptune\n|\n|upkeep\n|\n|t:|1699584893\n|switch|p1a: Nidhoggr|Zygarde|100\/100\n|switch|p2a: Ancient King|Great Tusk|100\/100\n|-ability|p1a: Nidhoggr|Aura Break\n|turn|13\n|\n|t:|1699584918\n|switch|p1a: Oswald|Blacephalon|100\/100\n|move|p2a: Ancient King|Ice Spinner|p1a: Oswald\n|-resisted|p1a: Oswald\n|-damage|p1a: Oswald|71\/100\n|\n|upkeep\n|turn|14\n|\n|t:|1699584973\n|move|p1a: Oswald|Overheat|p2a: Ancient King\n|-damage|p2a: Ancient King|0 fnt\n|-unboost|p1a: Oswald|spa|2\n|faint|p2a: Ancient King\n|-end|p2a: Ancient King|Protosynthesis|[silent]\n|-ability|p1a: Oswald|Beast Boost|boost\n|-boost|p1a: Oswald|spa|1\n|\n|upkeep\n|\n|t:|1699584979\n|switch|p2a: Nobu|Kingambit, M|100\/100\n|-activate|p2a: Nobu|ability: Supreme Overlord\n|-start|p2a: Nobu|fallen5|[silent]\n|turn|15\n|\n|t:|1699584991\n|move|p1a: Oswald|Overheat|p2a: Nobu|[miss]\n|-miss|p1a: Oswald|p2a: Nobu\n|move|p2a: Nobu|Pursuit|p1a: Oswald\n|-supereffective|p1a: Oswald\n|-damage|p1a: Oswald|0 fnt\n|faint|p1a: Oswald\n|\n|upkeep\n|\n|t:|1699584996\n|switch|p1a: Nidhoggr|Zygarde|100\/100\n|-ability|p1a: Nidhoggr|Aura Break\n|turn|16\n|\n|t:|1699585003\n|move|p1a: Nidhoggr|Thousand Arrows|p2a: Nobu\n|-supereffective|p2a: Nobu\n|-damage|p2a: Nobu|21\/100\n|-damage|p1a: Nidhoggr|91\/100|[from] item: Life Orb\n|move|p2a: Nobu|Swords Dance|p2a: Nobu\n|-boost|p2a: Nobu|atk|2\n|\n|upkeep\n|turn|17\n|\n|t:|1699585010\n|move|p2a: Nobu|Sucker Punch|p1a: Nidhoggr\n|-damage|p1a: Nidhoggr|0 fnt\n|faint|p1a: Nidhoggr\n|\n|upkeep\n|\n|t:|1699585012\n|switch|p1a: Ramona|Tinkaton, F|100\/100\n|-ability|p1a: Ramona|Mold Breaker\n|turn|18\n|\n|t:|1699585016\n|move|p1a: Ramona|Fake Out|p2a: Nobu\n|-resisted|p2a: Nobu\n|-damage|p2a: Nobu|17\/100\n|cant|p2a: Nobu|flinch\n|\n|upkeep\n|turn|19\n|\n|t:|1699585021\n|move|p2a: Nobu|Sucker Punch|p1a: Ramona\n|-resisted|p1a: Ramona\n|-damage|p1a: Ramona|36\/100\n|move|p1a: Ramona|Gigaton Hammer|p2a: Nobu\n|-resisted|p2a: Nobu\n|-damage|p2a: Nobu|0 fnt\n|faint|p2a: Nobu\n|-end|p2a: Nobu|fallen5|[silent]\n|\n|win|CalamityCentral\n|l|\u2606CalamityCentral\n","uploadtime":1699585030,"views":23,"p1id":"calamitycentral","p2id":"dcmrulz","formatid":"gen9nationaldexubers","rating":0,"private":0,"password":""}