{"id":"gen9nationaldexubers-1990932346","p1":"JOUUU","p2":"Oukix","format":"[Gen 9] National Dex Ubers","log":"|j|\u2606JOUUU\n|j|\u2606Oukix\n|t:|1700016633\n|gametype|singles\n|player|p1|JOUUU|youngster|\n|player|p2|Oukix|hilda|\n|teamsize|p1|6\n|teamsize|p2|5\n|gen|9\n|tier|[Gen 9] National Dex Ubers\n|rule|HP Percentage Mod: HP is shown in percentages\n|rule|Endless Battle Clause: Forcing endless battles is banned\n|rule|OHKO Clause: OHKO moves are banned\n|rule|Evasion Moves Clause: Evasion moves are banned\n|rule|Evasion Items Clause: Evasion items are banned\n|rule|Species Clause: Limit one of each Pok\u00e9mon\n|rule|Sleep Clause Mod: Limit one foe put to sleep\n|rule|Mega Rayquaza Clause: You cannot mega evolve Rayquaza\n|clearpoke\n|poke|p1|Eelektross, L38, M|\n|poke|p1|Excadrill, L38, M|\n|poke|p1|Venusaur, L38, F|\n|poke|p1|Mimikyu, L38, F|\n|poke|p1|Milotic, L38, F|\n|poke|p1|Arctibax, L38, M|\n|poke|p2|Toxtricity, L39, M|\n|poke|p2|Hydreigon, L38, F|\n|poke|p2|Torterra, L39, M|\n|poke|p2|Emboar, L38, M|\n|poke|p2|Haunter, L37, M|\n|teampreview\n|\n|t:|1700016664\n|start\n|switch|p1a: Trapo de cocina|Mimikyu, L38, F|100\/100\n|switch|p2a: Torterra|Torterra, L39, M|100\/100\n|turn|1\n|\n|t:|1700016678\n|move|p1a: Trapo de cocina|Work Up|p1a: Trapo de cocina\n|-boost|p1a: Trapo de cocina|atk|1\n|-boost|p1a: Trapo de cocina|spa|1\n|move|p2a: Torterra|Seed Bomb|p1a: Trapo de cocina\n|-activate|p1a: Trapo de cocina|ability: Disguise\n|-damage|p1a: Trapo de cocina|100\/100\n|detailschange|p1a: Trapo de cocina|Mimikyu-Busted, L38, F\n|-damage|p1a: Trapo de cocina|89\/100|[from] pokemon: Mimikyu-Busted\n|\n|upkeep\n|turn|2\n|\n|t:|1700016688\n|move|p1a: Trapo de cocina|Shadow Ball|p2a: Torterra\n|-damage|p2a: Torterra|58\/100\n|-damage|p1a: Trapo de cocina|79\/100|[from] item: Life Orb\n|move|p2a: Torterra|Earthquake|p1a: Trapo de cocina\n|-damage|p1a: Trapo de cocina|0 fnt\n|faint|p1a: Trapo de cocina\n|\n|upkeep\n|\n|t:|1700016700\n|switch|p1a: Martha|Milotic, L38, F, shiny|100\/100\n|turn|3\n|\n|t:|1700016707\n|move|p1a: Martha|Light Screen|p1a: Martha\n|-sidestart|p1: JOUUU|move: Light Screen\n|move|p2a: Torterra|Body Press|p1a: Martha\n|-damage|p1a: Martha|70\/100\n|\n|-heal|p1a: Martha|76\/100|[from] item: Leftovers\n|upkeep\n|turn|4\n|\n|t:|1700016717\n|move|p1a: Martha|Aqua Tail|p2a: Torterra\n|-damage|p2a: Torterra|33\/100\n|move|p2a: Torterra|Body Press|p1a: Martha\n|-damage|p1a: Martha|46\/100\n|\n|-heal|p1a: Martha|52\/100|[from] item: Leftovers\n|upkeep\n|turn|5\n|\n|t:|1700016740\n|move|p1a: Martha|Dragon Dance|p1a: Martha\n|-boost|p1a: Martha|atk|1\n|-boost|p1a: Martha|spe|1\n|move|p2a: Torterra|Leaf Storm|p1a: Martha\n|-supereffective|p1a: Martha\n|-damage|p1a: Martha|1\/100\n|-unboost|p2a: Torterra|spa|2\n|\n|-heal|p1a: Martha|7\/100|[from] item: Leftovers\n|upkeep\n|turn|6\n|\n|t:|1700016756\n|move|p1a: Martha|Aqua Tail|p2a: Torterra\n|-damage|p2a: Torterra|0 fnt\n|faint|p2a: Torterra\n|\n|-heal|p1a: Martha|13\/100|[from] item: Leftovers\n|upkeep\n|\n|t:|1700016764\n|switch|p2a: Haunter|Haunter, L37, M|100\/100\n|turn|7\n|\n|t:|1700016771\n|switch|p1a: Narizon|Excadrill, L38, M|100\/100\n|move|p2a: Haunter|Thunderbolt|p1a: Narizon\n|-immune|p1a: Narizon\n|\n|-sideend|p1: JOUUU|move: Light Screen\n|upkeep\n|turn|8\n|\n|t:|1700016779\n|move|p1a: Narizon|Iron Defense|p1a: Narizon\n|-boost|p1a: Narizon|def|2\n|move|p2a: Haunter|Sludge Wave|p1a: Narizon\n|-immune|p1a: Narizon\n|\n|upkeep\n|turn|9\n|\n|t:|1700016790\n|move|p1a: Narizon|Iron Defense|p1a: Narizon\n|-boost|p1a: Narizon|def|2\n|move|p2a: Haunter|Dark Pulse|p1a: Narizon\n|-damage|p1a: Narizon|69\/100\n|\n|-heal|p1a: Narizon|75\/100|[from] item: Leftovers\n|upkeep\n|turn|10\n|\n|t:|1700016799\n|-terastallize|p2a: Haunter|Ghost\n|move|p1a: Narizon|Hone Claws|p1a: Narizon\n|-boost|p1a: Narizon|atk|1\n|-boost|p1a: Narizon|accuracy|1\n|move|p2a: Haunter|Shadow Ball|p1a: Narizon\n|-damage|p1a: Narizon|10\/100\n|\n|-heal|p1a: Narizon|16\/100|[from] item: Leftovers\n|upkeep\n|turn|11\n|\n|t:|1700016822\n|switch|p1a: Vergota|Eelektross, L38, M|100\/100\n|move|p2a: Haunter|Shadow Ball|p1a: Vergota\n|-damage|p1a: Vergota|50\/100\n|\n|-heal|p1a: Vergota|56\/100|[from] item: Leftovers\n|upkeep\n|turn|12\n|\n|t:|1700016835\n|move|p2a: Haunter|Sludge Wave|p1a: Vergota\n|-damage|p1a: Vergota|7\/100\n|move|p1a: Vergota|Fire Punch|p2a: Haunter\n|-damage|p2a: Haunter|43\/100\n|\n|-heal|p1a: Vergota|13\/100|[from] item: Leftovers\n|upkeep\n|turn|13\n|j| TheNed50\n|\n|t:|1700016872\n|move|p2a: Haunter|Sludge Wave|p1a: Vergota\n|-damage|p1a: Vergota|0 fnt\n|faint|p1a: Vergota\n|\n|upkeep\n|\n|t:|1700016878\n|switch|p1a: Martha|Milotic, L38, F, shiny|13\/100\n|turn|14\n|\n|t:|1700016883\n|move|p1a: Martha|Aqua Tail|p2a: Haunter\n|-damage|p2a: Haunter|0 fnt\n|faint|p2a: Haunter\n|\n|-heal|p1a: Martha|20\/100|[from] item: Leftovers\n|upkeep\n|\n|t:|1700016889\n|switch|p2a: Toxtricity|Toxtricity, L39, M|100\/100\n|turn|15\n|\n|t:|1700016897\n|move|p1a: Martha|Light Screen|p1a: Martha\n|-sidestart|p1: JOUUU|move: Light Screen\n|move|p2a: Toxtricity|Discharge|p1a: Martha\n|-supereffective|p1a: Martha\n|-damage|p1a: Martha|0 fnt\n|faint|p1a: Martha\n|\n|upkeep\n|\n|t:|1700016905\n|switch|p1a: Narizon|Excadrill, L38, M|16\/100\n|turn|16\n|\n|t:|1700016913\n|move|p1a: Narizon|Earthquake|p2a: Toxtricity\n|-supereffective|p2a: Toxtricity\n|-damage|p2a: Toxtricity|0 fnt\n|faint|p2a: Toxtricity\n|\n|-heal|p1a: Narizon|21\/100|[from] item: Leftovers\n|upkeep\n|\n|t:|1700016919\n|switch|p2a: Emboar|Emboar, L38, M|100\/100\n|turn|17\n|\n|t:|1700016926\n|-singleturn|p2a: Emboar|move: Focus Punch\n|move|p1a: Narizon|Earthquake|p2a: Emboar\n|-supereffective|p2a: Emboar\n|-damage|p2a: Emboar|0 fnt\n|faint|p2a: Emboar\n|\n|-heal|p1a: Narizon|27\/100|[from] item: Leftovers\n|upkeep\n|\n|t:|1700016933\n|switch|p2a: Hydreigon|Hydreigon, L38, F|100\/100\n|turn|18\n|\n|t:|1700016944\n|move|p2a: Hydreigon|Fire Blast|p1a: Narizon|[miss]\n|-miss|p2a: Hydreigon|p1a: Narizon\n|move|p1a: Narizon|Brick Break|p2a: Hydreigon\n|-supereffective|p2a: Hydreigon\n|-damage|p2a: Hydreigon|38\/100\n|\n|-heal|p1a: Narizon|33\/100|[from] item: Leftovers\n|upkeep\n|turn|19\n|\n|t:|1700016954\n|move|p2a: Hydreigon|Fire Blast|p1a: Narizon\n|-supereffective|p1a: Narizon\n|-damage|p1a: Narizon|0 fnt\n|faint|p1a: Narizon\n|\n|-sideend|p1: JOUUU|move: Light Screen\n|upkeep\n|\n|t:|1700016962\n|switch|p1a: Godzilla|Arctibax, L38, M|100\/100\n|turn|20\n|\n|t:|1700016969\n|move|p2a: Hydreigon|Fire Blast|p1a: Godzilla\n|-damage|p1a: Godzilla|48\/100\n|-ability|p1a: Godzilla|Thermal Exchange|boost\n|-boost|p1a: Godzilla|atk|1\n|move|p1a: Godzilla|Dragon Tail|p2a: Hydreigon\n|-supereffective|p2a: Hydreigon\n|-damage|p2a: Hydreigon|0 fnt\n|faint|p2a: Hydreigon\n|-damage|p1a: Godzilla|38\/100|[from] item: Life Orb\n|\n|win|JOUUU\n","uploadtime":1700016983,"views":22,"p1id":"jouuu","p2id":"oukix","formatid":"gen9nationaldexubers","rating":0,"private":0,"password":""}