{"id":"gen9nationaldexubers-1987062451","p1":"Camry3.5","p2":"Chaitanya15","format":"[Gen 9] National Dex Ubers","log":"|j|\u2606Camry3.5\n|j|\u2606Chaitanya15\n|t:|1699553002\n|gametype|singles\n|player|p1|Camry3.5|169|1360\n|player|p2|Chaitanya15|101|1459\n|teamsize|p1|6\n|teamsize|p2|6\n|gen|9\n|tier|[Gen 9] National Dex Ubers\n|rated|\n|rule|HP Percentage Mod: HP is shown in percentages\n|rule|Endless Battle Clause: Forcing endless battles is banned\n|rule|OHKO Clause: OHKO moves are banned\n|rule|Evasion Moves Clause: Evasion moves are banned\n|rule|Evasion Items Clause: Evasion items are banned\n|rule|Species Clause: Limit one of each Pok\u00e9mon\n|rule|Sleep Clause Mod: Limit one foe put to sleep\n|rule|Mega Rayquaza Clause: You cannot mega evolve Rayquaza\n|clearpoke\n|poke|p1|Kingambit, F|\n|poke|p1|Marshadow|\n|poke|p1|Xerneas-*|\n|poke|p1|Groudon|\n|poke|p1|Ho-Oh|\n|poke|p1|Kyogre|\n|poke|p2|Kingambit, F|\n|poke|p2|Basculegion, M|\n|poke|p2|Kyogre|\n|poke|p2|Flutter Mane|\n|poke|p2|Deoxys-Speed|\n|poke|p2|Groudon|\n|teampreview\n|\n|t:|1699553030\n|start\n|switch|p1a: Marshadow|Marshadow|100\/100\n|switch|p2a: Groudon|Groudon|100\/100\n|detailschange|p2a: Groudon|Groudon-Primal\n|-primal|p2a: Groudon|Red Orb\n|-weather|DesolateLand|[from] ability: Desolate Land|[of] p2a: Groudon\n|turn|1\n|inactive|Battle timer is ON: inactive players will automatically lose when time's up. (requested by Chaitanya15)\n|\n|t:|1699553041\n|move|p1a: Marshadow|Ice Punch|p2a: Groudon\n|-damage|p2a: Groudon|76\/100\n|move|p2a: Groudon|Heat Crash|p1a: Marshadow\n|-crit|p1a: Marshadow\n|-damage|p1a: Marshadow|0 fnt\n|faint|p1a: Marshadow\n|\n|-weather|DesolateLand|[upkeep]\n|upkeep\n|\n|t:|1699553048\n|switch|p1a: Kyogre|Kyogre|100\/100\n|detailschange|p1a: Kyogre|Kyogre-Primal\n|-primal|p1a: Kyogre|Blue Orb\n|-weather|PrimordialSea|[from] ability: Primordial Sea|[of] p1a: Kyogre\n|turn|2\n|\n|t:|1699553060\n|switch|p2a: Kyogre|Kyogre|100\/100\n|-ability|p2a: Kyogre|Drizzle|[from] primordialsea|[fail]\n|move|p1a: Kyogre|Water Spout|p2a: Kyogre\n|-resisted|p2a: Kyogre\n|-damage|p2a: Kyogre|45\/100\n|\n|-weather|PrimordialSea|[upkeep]\n|upkeep\n|turn|3\n|\n|t:|1699553069\n|move|p2a: Kyogre|Thunder|p1a: Kyogre\n|-supereffective|p1a: Kyogre\n|-damage|p1a: Kyogre|60\/100\n|move|p1a: Kyogre|Water Spout|p2a: Kyogre\n|-resisted|p2a: Kyogre\n|-damage|p2a: Kyogre|14\/100\n|\n|-weather|PrimordialSea|[upkeep]\n|upkeep\n|turn|4\n|\n|t:|1699553078\n|move|p2a: Kyogre|Thunder|p1a: Kyogre\n|-supereffective|p1a: Kyogre\n|-damage|p1a: Kyogre|15\/100\n|move|p1a: Kyogre|Thunderbolt|p2a: Kyogre\n|-supereffective|p2a: Kyogre\n|-damage|p2a: Kyogre|0 fnt\n|faint|p2a: Kyogre\n|\n|-weather|PrimordialSea|[upkeep]\n|upkeep\n|\n|t:|1699553091\n|switch|p2a: Basculegion|Basculegion, M|100\/100\n|turn|5\n|\n|t:|1699553097\n|move|p2a: Basculegion|Last Respects|p1a: Kyogre\n|-damage|p1a: Kyogre|0 fnt\n|faint|p1a: Kyogre\n|-weather|none\n|\n|upkeep\n|\n|t:|1699553102\n|switch|p1a: Kingambit|Kingambit, F|100\/100\n|-activate|p1a: Kingambit|ability: Supreme Overlord\n|-start|p1a: Kingambit|fallen2|[silent]\n|turn|6\n|\n|t:|1699553109\n|switch|p2a: Deoxys|Deoxys-Speed|100\/100\n|-ability|p2a: Deoxys|Pressure\n|move|p1a: Kingambit|Sucker Punch||[still]\n|-fail|p1a: Kingambit\n|\n|upkeep\n|turn|7\n|\n|t:|1699553118\n|-end|p1a: Kingambit|fallen2|[silent]\n|switch|p1a: Ho-Oh|Ho-Oh|100\/100\n|move|p2a: Deoxys|Stealth Rock|p1a: Ho-Oh\n|-sidestart|p1: Camry3.5|move: Stealth Rock\n|\n|upkeep\n|turn|8\n|\n|t:|1699553127\n|switch|p2a: Groudon|Groudon-Primal|76\/100\n|-weather|DesolateLand|[from] ability: Desolate Land|[of] p2a: Groudon\n|move|p1a: Ho-Oh|Brave Bird|p2a: Groudon\n|-damage|p2a: Groudon|33\/100\n|-damage|p1a: Ho-Oh|87\/100|[from] Recoil\n|\n|-weather|DesolateLand|[upkeep]\n|upkeep\n|turn|9\n|\n|t:|1699553138\n|switch|p1a: Groudon|Groudon|100\/100\n|-damage|p1a: Groudon|94\/100|[from] Stealth Rock\n|detailschange|p1a: Groudon|Groudon-Primal\n|-primal|p1a: Groudon|Red Orb\n|move|p2a: Groudon|Rock Polish|p2a: Groudon\n|-boost|p2a: Groudon|spe|2\n|\n|-weather|DesolateLand|[upkeep]\n|upkeep\n|turn|10\n|\n|t:|1699553151\n|move|p2a: Groudon|Precipice Blades|p1a: Groudon\n|-supereffective|p1a: Groudon\n|-damage|p1a: Groudon|0 fnt\n|faint|p1a: Groudon\n|\n|-weather|DesolateLand|[upkeep]\n|upkeep\n|\n|t:|1699553157\n|switch|p1a: Kingambit|Kingambit, F|100\/100\n|-damage|p1a: Kingambit|94\/100|[from] Stealth Rock\n|-activate|p1a: Kingambit|ability: Supreme Overlord\n|-start|p1a: Kingambit|fallen3|[silent]\n|turn|11\n|\n|t:|1699553163\n|-weather|none\n|switch|p2a: Deoxys|Deoxys-Speed|100\/100\n|-ability|p2a: Deoxys|Pressure\n|move|p1a: Kingambit|Sucker Punch||[still]\n|-fail|p1a: Kingambit\n|\n|upkeep\n|turn|12\n|\n|t:|1699553174\n|move|p2a: Deoxys|Spikes|p1a: Kingambit\n|-sidestart|p1: Camry3.5|Spikes\n|move|p1a: Kingambit|Swords Dance|p1a: Kingambit\n|-boost|p1a: Kingambit|atk|2\n|\n|upkeep\n|turn|13\n|\n|t:|1699553184\n|move|p2a: Deoxys|Spikes|p1a: Kingambit\n|-sidestart|p1: Camry3.5|Spikes\n|move|p1a: Kingambit|Kowtow Cleave|p2a: Deoxys\n|-supereffective|p2a: Deoxys\n|-enditem|p2a: Deoxys|Focus Sash\n|-damage|p2a: Deoxys|1\/100\n|\n|upkeep\n|turn|14\n|\n|t:|1699553195\n|move|p2a: Deoxys|Extreme Speed|p1a: Kingambit\n|-resisted|p1a: Kingambit\n|-damage|p1a: Kingambit|87\/100\n|move|p1a: Kingambit|Kowtow Cleave|p2a: Deoxys\n|-supereffective|p2a: Deoxys\n|-damage|p2a: Deoxys|0 fnt\n|faint|p2a: Deoxys\n|\n|upkeep\n|\n|t:|1699553208\n|switch|p2a: Flutter Mane|Flutter Mane|100\/100\n|-enditem|p2a: Flutter Mane|Booster Energy\n|-activate|p2a: Flutter Mane|ability: Protosynthesis|[fromitem]\n|-start|p2a: Flutter Mane|protosynthesisspe\n|turn|15\n|\n|t:|1699553216\n|-end|p2a: Flutter Mane|Protosynthesis|[silent]\n|switch|p2a: Groudon|Groudon-Primal|33\/100\n|-weather|DesolateLand|[from] ability: Desolate Land|[of] p2a: Groudon\n|move|p1a: Kingambit|Sucker Punch||[still]\n|-fail|p1a: Kingambit\n|\n|-weather|DesolateLand|[upkeep]\n|upkeep\n|turn|16\n|\n|t:|1699553228\n|move|p2a: Groudon|Heat Crash|p1a: Kingambit\n|-supereffective|p1a: Kingambit\n|-damage|p1a: Kingambit|0 fnt\n|faint|p1a: Kingambit\n|-end|p1a: Kingambit|fallen3|[silent]\n|\n|-weather|DesolateLand|[upkeep]\n|upkeep\n|\n|t:|1699553233\n|switch|p1a: Xerneas|Xerneas|100\/100\n|-damage|p1a: Xerneas|88\/100|[from] Stealth Rock\n|-damage|p1a: Xerneas|72\/100|[from] Spikes\n|-ability|p1a: Xerneas|Fairy Aura\n|turn|17\n|\n|t:|1699553240\n|move|p1a: Xerneas|Geomancy||[still]\n|-prepare|p1a: Xerneas|Geomancy\n|-enditem|p1a: Xerneas|Power Herb\n|-anim|p1a: Xerneas|Geomancy|p1a: Xerneas\n|-boost|p1a: Xerneas|spa|2\n|-boost|p1a: Xerneas|spd|2\n|-boost|p1a: Xerneas|spe|2\n|move|p2a: Groudon|Heat Crash|p1a: Xerneas\n|-damage|p1a: Xerneas|0 fnt\n|faint|p1a: Xerneas\n|\n|-weather|DesolateLand|[upkeep]\n|upkeep\n|-message|Camry3.5 forfeited.\n|\n|win|Chaitanya15\n|raw|Camry3.5's rating: 1360 &rarr; <strong>1346<\/strong><br \/>(-14 for losing)\n|raw|Chaitanya15's rating: 1459 &rarr; <strong>1473<\/strong><br \/>(+14 for winning)\n|l|\u2606Camry3.5\n|l|\u2606Chaitanya15\n|j|\u2606Chaitanya15\n|player|p2|Chaitanya15|101\n","uploadtime":1699553266,"views":5,"p1id":"camry35","p2id":"chaitanya15","formatid":"gen9nationaldexubers","rating":1346,"private":0,"password":""}