{"id":"gen9nationaldexubers-1997762802","p1":"Argusbonusest","p2":"MommyMikuNakano","format":"[Gen 9] National Dex Ubers","log":"|j|\u2606Argusbonusest\n|j|\u2606MommyMikuNakano\n|t:|1700850009\n|gametype|singles\n|player|p1|Argusbonusest|steven|1621\n|player|p2|MommyMikuNakano|erika-gen1|1933\n|teamsize|p1|6\n|teamsize|p2|6\n|gen|9\n|tier|[Gen 9] National Dex Ubers\n|rated|\n|rule|HP Percentage Mod: HP is shown in percentages\n|rule|Endless Battle Clause: Forcing endless battles is banned\n|rule|OHKO Clause: OHKO moves are banned\n|rule|Evasion Moves Clause: Evasion moves are banned\n|rule|Evasion Items Clause: Evasion items are banned\n|rule|Species Clause: Limit one of each Pok\u00e9mon\n|rule|Sleep Clause Mod: Limit one foe put to sleep\n|rule|Mega Rayquaza Clause: You cannot mega evolve Rayquaza\n|clearpoke\n|poke|p1|Shuckle, F|\n|poke|p1|Necrozma-Dusk-Mane|\n|poke|p1|Yveltal|\n|poke|p1|Groudon|\n|poke|p1|Arceus-Ground|\n|poke|p1|Xerneas-*|\n|poke|p2|Ditto|\n|poke|p2|Necrozma-Dusk-Mane|\n|poke|p2|Magearna|\n|poke|p2|Dondozo, M|\n|poke|p2|Kingambit, M|\n|poke|p2|Arceus-Ground|\n|teampreview\n|inactive|Battle timer is ON: inactive players will automatically lose when time's up. (requested by Argusbonusest)\n|inactive|MommyMikuNakano also wants the timer to be on.\n|c|\u2606Argusbonusest|glhf\n|\n|t:|1700850039\n|start\n|switch|p1a: Shuckle|Shuckle, F, shiny|100\/100\n|switch|p2a: Ditto|Ditto, shiny|100\/100\n|-transform|p2a: Ditto|p1a: Shuckle|[from] ability: Imposter\n|turn|1\n|\n|t:|1700850065\n|move|p2a: Ditto|Sticky Web|p1a: Shuckle\n|-sidestart|p1: Argusbonusest|move: Sticky Web\n|move|p1a: Shuckle|Knock Off|p2a: Ditto\n|-damage|p2a: Ditto|98\/100\n|-enditem|p2a: Ditto|Choice Scarf|[from] move: Knock Off|[of] p1a: Shuckle\n|\n|upkeep\n|turn|2\n|\n|t:|1700850073\n|switch|p2a: Arceus|Arceus-Ground|100\/100\n|move|p1a: Shuckle|Encore||[still]\n|-fail|p1a: Shuckle\n|\n|upkeep\n|turn|3\n|\n|t:|1700850079\n|move|p2a: Arceus|Toxic|p1a: Shuckle\n|-status|p1a: Shuckle|tox\n|move|p1a: Shuckle|Sticky Web|p2a: Arceus\n|-sidestart|p2: MommyMikuNakano|move: Sticky Web\n|\n|-damage|p1a: Shuckle|94\/100 tox|[from] psn\n|upkeep\n|turn|4\n|\n|t:|1700850086\n|move|p2a: Arceus|Judgment|p1a: Shuckle\n|-damage|p1a: Shuckle|62\/100 tox\n|move|p1a: Shuckle|Encore|p2a: Arceus\n|-start|p2a: Arceus|Encore\n|\n|-damage|p1a: Shuckle|50\/100 tox|[from] psn\n|upkeep\n|turn|5\n|\n|t:|1700850092\n|move|p2a: Arceus|Judgment|p1a: Shuckle\n|-damage|p1a: Shuckle|15\/100 tox\n|move|p1a: Shuckle|Stealth Rock|p2a: Arceus\n|-sidestart|p2: MommyMikuNakano|move: Stealth Rock\n|\n|-damage|p1a: Shuckle|0 fnt|[from] psn\n|faint|p1a: Shuckle\n|upkeep\n|\n|t:|1700850098\n|switch|p1a: Yveltal|Yveltal, shiny|100\/100\n|-ability|p1a: Yveltal|Dark Aura\n|turn|6\n|\n|t:|1700850104\n|switch|p2a: Magearna|Magearna|100\/100\n|-activate|p2a: Magearna|move: Sticky Web\n|-unboost|p2a: Magearna|spe|1\n|-damage|p2a: Magearna|94\/100|[from] Stealth Rock\n|move|p1a: Yveltal|Taunt|p2a: Magearna\n|-start|p2a: Magearna|move: Taunt\n|\n|upkeep\n|turn|7\n|\n|t:|1700850121\n|switch|p1a: Nebbychadnezzar|Necrozma-Dusk-Mane, shiny|100\/100\n|-activate|p1a: Nebbychadnezzar|move: Sticky Web\n|-unboost|p1a: Nebbychadnezzar|spe|1\n|switch|p2a: Arceus|Arceus-Ground|100\/100\n|-activate|p2a: Arceus|move: Sticky Web\n|-unboost|p2a: Arceus|spe|1\n|-damage|p2a: Arceus|94\/100|[from] Stealth Rock\n|\n|upkeep\n|turn|8\n|\n|t:|1700850126\n|move|p2a: Arceus|Judgment|p1a: Nebbychadnezzar\n|-supereffective|p1a: Nebbychadnezzar\n|-damage|p1a: Nebbychadnezzar|42\/100\n|-enditem|p1a: Nebbychadnezzar|Weakness Policy\n|-boost|p1a: Nebbychadnezzar|atk|2|[from] item: Weakness Policy\n|-boost|p1a: Nebbychadnezzar|spa|2|[from] item: Weakness Policy\n|move|p1a: Nebbychadnezzar|Sunsteel Strike|p2a: Arceus\n|-damage|p2a: Arceus|0 fnt\n|faint|p2a: Arceus\n|\n|upkeep\n|\n|t:|1700850131\n|switch|p2a: Ditto|Ditto, shiny|98\/100\n|-activate|p2a: Ditto|move: Sticky Web\n|-unboost|p2a: Ditto|spe|1\n|-damage|p2a: Ditto|85\/100|[from] Stealth Rock\n|-transform|p2a: Ditto|p1a: Nebbychadnezzar|[from] ability: Imposter\n|turn|9\n|\n|t:|1700850134\n|-terastallize|p1a: Nebbychadnezzar|Flying\n|move|p2a: Ditto|Sunsteel Strike|p1a: Nebbychadnezzar\n|-damage|p1a: Nebbychadnezzar|0 fnt\n|faint|p1a: Nebbychadnezzar\n|\n|upkeep\n|c|\u2606Argusbonusest|wp\n|c|\u2606MommyMikuNakano|Thank you\n|c|\u2606Argusbonusest|of course\n|inactive|Argusbonusest has 120 seconds left.\n|c|\u2606MommyMikuNakano|Long way to go though\n|c|\u2606Argusbonusest|yeah\n|inactive|Argusbonusest has 90 seconds left.\n|\n|t:|1700850207\n|switch|p1a: Arceus|Arceus-Ground|100\/100\n|-activate|p1a: Arceus|move: Sticky Web\n|-unboost|p1a: Arceus|spe|1\n|turn|10\n|\n|t:|1700850216\n|-terastallize|p2a: Ditto|Ghost\n|-zpower|p1a: Arceus\n|move|p1a: Arceus|Tectonic Rage|p2a: Ditto|[zeffect]\n|-damage|p2a: Ditto|8\/100\n|move|p2a: Ditto|Sunsteel Strike|p1a: Arceus\n|-damage|p1a: Arceus|0 fnt\n|faint|p1a: Arceus\n|\n|upkeep\n|inactive|Argusbonusest has 90 seconds left.\n|\n|t:|1700850224\n|switch|p1a: Yveltal|Yveltal, shiny|100\/100\n|-ability|p1a: Yveltal|Dark Aura\n|turn|11\n|\n|t:|1700850226\n|switch|p2a: Magearna|Magearna|94\/100\n|-activate|p2a: Magearna|move: Sticky Web\n|-unboost|p2a: Magearna|spe|1\n|-damage|p2a: Magearna|88\/100|[from] Stealth Rock\n|move|p1a: Yveltal|Dark Pulse|p2a: Magearna\n|-resisted|p2a: Magearna\n|-crit|p2a: Magearna\n|-damage|p2a: Magearna|64\/100\n|\n|upkeep\n|turn|12\n|inactive|Argusbonusest has 90 seconds left.\n|\n|t:|1700850262\n|move|p1a: Yveltal|Taunt|p2a: Magearna\n|-start|p2a: Magearna|move: Taunt\n|cant|p2a: Magearna|move: Taunt|Pain Split\n|\n|upkeep\n|turn|13\n|\n|t:|1700850270\n|switch|p1a: Xerneas|Xerneas, shiny|100\/100\n|-activate|p1a: Xerneas|move: Sticky Web\n|-unboost|p1a: Xerneas|spe|1\n|-ability|p1a: Xerneas|Fairy Aura\n|move|p2a: Magearna|Fleur Cannon|p1a: Xerneas\n|-damage|p1a: Xerneas|40\/100\n|-unboost|p2a: Magearna|spa|2\n|\n|upkeep\n|turn|14\n|\n|t:|1700850288\n|switch|p2a: Ditto|Ditto, shiny, tera:Ghost|8\/100\n|-activate|p2a: Ditto|move: Sticky Web\n|-unboost|p2a: Ditto|spe|1\n|-damage|p2a: Ditto|0 fnt|[from] Stealth Rock\n|faint|p2a: Ditto\n|move|p1a: Xerneas|Geomancy||[still]\n|-prepare|p1a: Xerneas|Geomancy\n|-enditem|p1a: Xerneas|Power Herb\n|-anim|p1a: Xerneas|Geomancy|p1a: Xerneas\n|-boost|p1a: Xerneas|spa|2\n|-boost|p1a: Xerneas|spd|2\n|-boost|p1a: Xerneas|spe|2\n|\n|upkeep\n|\n|t:|1700850291\n|switch|p2a: Magearna|Magearna|64\/100\n|-activate|p2a: Magearna|move: Sticky Web\n|-unboost|p2a: Magearna|spe|1\n|-damage|p2a: Magearna|58\/100|[from] Stealth Rock\n|turn|15\n|\n|t:|1700850296\n|move|p1a: Xerneas|Moonblast|p2a: Magearna\n|-resisted|p2a: Magearna\n|-damage|p2a: Magearna|13\/100\n|move|p2a: Magearna|Heart Swap|p1a: Xerneas\n|-swapboost|p2a: Magearna|p1a: Xerneas|[from] move: Heart Swap\n|\n|upkeep\n|turn|16\n|\n|t:|1700850300\n|-zpower|p2a: Magearna\n|move|p2a: Magearna|Z-Heal Bell||[anim]Heal Bell|[still]\n|-heal|p2a: Magearna|100\/100|[zeffect]\n|-activate|p2a: Magearna|move: Heal Bell\n|-fail|p2a: Magearna\n|move|p1a: Xerneas|Moonblast|p2a: Magearna\n|-resisted|p2a: Magearna\n|-damage|p2a: Magearna|89\/100\n|\n|upkeep\n|turn|17\n|c|\u2606Argusbonusest|cool magearna set\n|inactive|Argusbonusest has 90 seconds left.\n|\n|t:|1700850323\n|move|p2a: Magearna|Fleur Cannon|p1a: Xerneas\n|-damage|p1a: Xerneas|0 fnt\n|-unboost|p2a: Magearna|spa|2\n|faint|p1a: Xerneas\n|-ability|p2a: Magearna|Soul-Heart|boost\n|-boost|p2a: Magearna|spa|1\n|\n|upkeep\n|c|\u2606MommyMikuNakano|It's counter for X and Y\n|c|\u2606Argusbonusest|yeah\n|\n|t:|1700850338\n|switch|p1a: Chopin|Groudon|100\/100\n|-activate|p1a: Chopin|move: Sticky Web\n|-unboost|p1a: Chopin|spe|1\n|detailschange|p1a: Chopin|Groudon-Primal\n|-primal|p1a: Chopin|Red Orb\n|-weather|DesolateLand|[from] ability: Desolate Land|[of] p1a: Chopin\n|turn|18\n|\n|t:|1700850343\n|switch|p2a: Dondozo|Dondozo, M|100\/100\n|-activate|p2a: Dondozo|move: Sticky Web\n|-unboost|p2a: Dondozo|spe|1\n|-damage|p2a: Dondozo|88\/100|[from] Stealth Rock\n|move|p1a: Chopin|Precipice Blades|p2a: Dondozo\n|-damage|p2a: Dondozo|54\/100\n|\n|-weather|DesolateLand|[upkeep]\n|-heal|p2a: Dondozo|60\/100|[from] item: Leftovers\n|upkeep\n|turn|19\n|inactive|Argusbonusest has 90 seconds left.\n|\n|t:|1700850349\n|move|p1a: Chopin|Eruption|p2a: Dondozo\n|-resisted|p2a: Dondozo\n|-damage|p2a: Dondozo|0 fnt\n|faint|p2a: Dondozo\n|\n|-weather|DesolateLand|[upkeep]\n|upkeep\n|\n|t:|1700850353\n|switch|p2a: Necrozma|Necrozma-Dusk-Mane|100\/100\n|-activate|p2a: Necrozma|move: Sticky Web\n|-unboost|p2a: Necrozma|spe|1\n|-damage|p2a: Necrozma|94\/100|[from] Stealth Rock\n|turn|20\n|\n|t:|1700850360\n|-weather|none\n|switch|p1a: Yveltal|Yveltal, shiny|100\/100\n|-ability|p1a: Yveltal|Dark Aura\n|detailschange|p2a: Necrozma|Necrozma-Ultra\n|-burst|p2a: Necrozma|Necrozma|Ultranecrozium Z\n|move|p2a: Necrozma|Dragon Pulse|p1a: Yveltal\n|-damage|p1a: Yveltal|44\/100\n|\n|upkeep\n|turn|21\n|\n|t:|1700850384\n|switch|p1a: Chopin|Groudon-Primal|100\/100\n|-activate|p1a: Chopin|move: Sticky Web\n|-unboost|p1a: Chopin|spe|1\n|-weather|DesolateLand|[from] ability: Desolate Land|[of] p1a: Chopin\n|switch|p2a: Kingambit|Kingambit, M, shiny|100\/100\n|-activate|p2a: Kingambit|move: Sticky Web\n|-unboost|p2a: Kingambit|spe|1\n|-damage|p2a: Kingambit|94\/100|[from] Stealth Rock\n|-activate|p2a: Kingambit|ability: Supreme Overlord\n|-start|p2a: Kingambit|fallen3|[silent]\n|\n|-weather|DesolateLand|[upkeep]\n|upkeep\n|turn|22\n|inactive|Argusbonusest has 90 seconds left.\n|\n|t:|1700850399\n|move|p2a: Kingambit|Sucker Punch||[still]\n|-fail|p2a: Kingambit\n|move|p1a: Chopin|Rock Polish|p1a: Chopin\n|-boost|p1a: Chopin|spe|2\n|\n|-weather|DesolateLand|[upkeep]\n|upkeep\n|turn|23\n|\n|t:|1700850406\n|move|p2a: Kingambit|Sucker Punch|p1a: Chopin\n|-damage|p1a: Chopin|59\/100\n|move|p1a: Chopin|Eruption|p2a: Kingambit\n|-supereffective|p2a: Kingambit\n|-damage|p2a: Kingambit|0 fnt\n|faint|p2a: Kingambit\n|-end|p2a: Kingambit|fallen3|[silent]\n|\n|-weather|DesolateLand|[upkeep]\n|upkeep\n|j| zooz da tromp\n|\n|t:|1700850412\n|switch|p2a: Necrozma|Necrozma-Ultra|94\/100\n|-activate|p2a: Necrozma|move: Sticky Web\n|-unboost|p2a: Necrozma|spe|1\n|-damage|p2a: Necrozma|82\/100|[from] Stealth Rock\n|turn|24\n|\n|t:|1700850422\n|move|p1a: Chopin|Precipice Blades|p2a: Necrozma\n|-crit|p2a: Necrozma\n|-damage|p2a: Necrozma|0 fnt\n|faint|p2a: Necrozma\n|\n|-weather|DesolateLand|[upkeep]\n|upkeep\n|c|\u2606MommyMikuNakano|Gg wp\n|c|\u2606Argusbonusest|that was a roll without the crit\n|c|\u2606Argusbonusest|thx\n|\n|t:|1700850432\n|switch|p2a: Magearna|Magearna|89\/100\n|-activate|p2a: Magearna|move: Sticky Web\n|-unboost|p2a: Magearna|spe|1\n|-damage|p2a: Magearna|83\/100|[from] Stealth Rock\n|turn|25\n|c|\u2606Argusbonusest|ggwp\n|j| Tbybygtbtg\n|\n|t:|1700850442\n|move|p1a: Chopin|Eruption|p2a: Magearna\n|-supereffective|p2a: Magearna\n|-damage|p2a: Magearna|0 fnt\n|faint|p2a: Magearna\n|\n|win|Argusbonusest\n|raw|Argusbonusest's rating: 1621 &rarr; <strong>1655<\/strong><br \/>(+34 for winning)\n|raw|MommyMikuNakano's rating: 1933 &rarr; <strong>1899<\/strong><br \/>(-34 for losing)\n","uploadtime":1700850447,"views":5,"p1id":"argusbonusest","p2id":"mommymikunakano","formatid":"gen9nationaldexubers","rating":1655,"private":0,"password":""}