{"id":"gen9nationaldexubers-1994879404","p1":"Lucarr10","p2":"Boyca","format":"[Gen 9] National Dex Ubers","log":"|j|\u2606Lucarr10\n|j|\u2606Boyca\n|t:|1700501123\n|gametype|singles\n|player|p1|Lucarr10|clair|\n|player|p2|Boyca|clown|\n|teamsize|p1|4\n|teamsize|p2|4\n|gen|9\n|tier|[Gen 9] National Dex Ubers\n|rule|HP Percentage Mod: HP is shown in percentages\n|rule|Endless Battle Clause: Forcing endless battles is banned\n|rule|OHKO Clause: OHKO moves are banned\n|rule|Evasion Moves Clause: Evasion moves are banned\n|rule|Evasion Items Clause: Evasion items are banned\n|rule|Species Clause: Limit one of each Pok\u00e9mon\n|rule|Sleep Clause Mod: Limit one foe put to sleep\n|rule|Mega Rayquaza Clause: You cannot mega evolve Rayquaza\n|clearpoke\n|poke|p1|Mienshao, F|\n|poke|p1|Dragonite, M|\n|poke|p1|Pawmot, F|\n|poke|p1|Lickilicky, F|\n|poke|p2|Umbreon, M|\n|poke|p2|Heracross, F|\n|poke|p2|Murkrow, F|\n|poke|p2|Gothitelle, F|\n|teampreview\n|c|\u2606Boyca|let's go round two\n|c|\u2606Boyca|gl\n|c|\u2606Lucarr10|glhf\n|\n|t:|1700501146\n|start\n|switch|p1a: RevolvingDoor|Mienshao, F|100\/100\n|switch|p2a: budget mega hera|Heracross, F|100\/100\n|turn|1\n|\n|t:|1700501207\n|switch|p2a: Goth GF|Gothitelle, F|100\/100\n|-item|p1a: RevolvingDoor|Eject Pack|[from] ability: Frisk|[of] p2a: Goth GF|[identify]\n|move|p1a: RevolvingDoor|Acrobatics|p2a: Goth GF\n|-damage|p2a: Goth GF|81\/100\n|\n|upkeep\n|turn|2\n|\n|t:|1700501222\n|move|p1a: RevolvingDoor|U-turn|p2a: Goth GF\n|-supereffective|p2a: Goth GF\n|-damage|p2a: Goth GF|31\/100\n|\n|t:|1700501231\n|switch|p1a: The Cannon|Lickilicky, F, shiny|100\/100|[from] U-turn\n|move|p2a: Goth GF|Foul Play|p1a: The Cannon\n|-damage|p1a: The Cannon|78\/100\n|\n|upkeep\n|turn|3\n|\n|t:|1700501240\n|move|p2a: Goth GF|Dark Pulse|p1a: The Cannon\n|-damage|p1a: The Cannon|55\/100\n|move|p1a: The Cannon|Frustration|p2a: Goth GF\n|-damage|p2a: Goth GF|0 fnt\n|faint|p2a: Goth GF\n|\n|upkeep\n|\n|t:|1700501256\n|switch|p2a: budget mega hera|Heracross, F|100\/100\n|turn|4\n|\n|t:|1700501262\n|move|p2a: budget mega hera|Pin Missile|p1a: The Cannon\n|-damage|p1a: The Cannon|43\/100\n|-damage|p1a: The Cannon|33\/100\n|-damage|p1a: The Cannon|22\/100\n|-damage|p1a: The Cannon|12\/100\n|-hitcount|p1a: The Cannon|4\n|move|p1a: The Cannon|Frustration|p2a: budget mega hera\n|-crit|p2a: budget mega hera\n|-damage|p2a: budget mega hera|0 fnt\n|faint|p2a: budget mega hera\n|\n|upkeep\n|\n|t:|1700501274\n|switch|p2a: Kevin|Murkrow, F|100\/100\n|turn|5\n|c|\u2606Lucarr10|I don't know if the crit mattered there\n|\n|t:|1700501288\n|move|p2a: Kevin|Foul Play|p1a: The Cannon\n|-damage|p1a: The Cannon|0 fnt\n|faint|p1a: The Cannon\n|\n|upkeep\n|\n|t:|1700501295\n|switch|p1a: RevolvingDoor|Mienshao, F|100\/100\n|turn|6\n|\n|t:|1700501311\n|move|p2a: Kevin|Feather Dance|p1a: RevolvingDoor\n|-unboost|p1a: RevolvingDoor|atk|2\n|-enditem|p1a: RevolvingDoor|Eject Pack\n|\n|t:|1700501317\n|switch|p1a: Heroes never die!|Pawmot, F|100\/100\n|\n|upkeep\n|turn|7\n|\n|t:|1700501329\n|move|p2a: Kevin|Feather Dance|p1a: Heroes never die!\n|-unboost|p1a: Heroes never die!|atk|2\n|move|p1a: Heroes never die!|Double Shock|p2a: Kevin\n|-supereffective|p2a: Kevin\n|-damage|p2a: Kevin|49\/100\n|-start|p1a: Heroes never die!|typechange|???\/Fighting|[from] move: Double Shock\n|\n|upkeep\n|turn|8\n|\n|t:|1700501339\n|move|p2a: Kevin|Roost|p2a: Kevin\n|-heal|p2a: Kevin|99\/100\n|-singleturn|p2a: Kevin|move: Roost\n|move|p1a: Heroes never die!|Revival Blessing|p1a: Heroes never die!\n|-enditem|p1a: Heroes never die!|Leppa Berry|[eat]\n|-activate|p1a: Heroes never die!|item: Leppa Berry|Revival Blessing|[consumed]\n|\n|t:|1700501345\n|-heal|p1: The Cannon|50\/100|[from] move: Revival Blessing\n|\n|upkeep\n|turn|9\n|\n|t:|1700501356\n|move|p1a: Heroes never die!|Thunder Wave|p2a: Kevin\n|-status|p2a: Kevin|par\n|move|p2a: Kevin|Foul Play|p1a: Heroes never die!\n|-resisted|p1a: Heroes never die!\n|-damage|p1a: Heroes never die!|88\/100\n|\n|upkeep\n|turn|10\n|\n|t:|1700501362\n|move|p1a: Heroes never die!|Wish|p1a: Heroes never die!\n|move|p2a: Kevin|Foul Play|p1a: Heroes never die!\n|-resisted|p1a: Heroes never die!\n|-damage|p1a: Heroes never die!|75\/100\n|\n|upkeep\n|turn|11\n|\n|t:|1700501369\n|switch|p1a: The Cannon|Lickilicky, F, shiny|50\/100\n|switch|p2a: umbron james|Umbreon, M|100\/100\n|\n|-heal|p1a: The Cannon|91\/100|[from] move: Wish|[wisher] Heroes never die!\n|upkeep\n|turn|12\n|\n|t:|1700501379\n|move|p2a: umbron james|Foul Play|p1a: The Cannon\n|-damage|p1a: The Cannon|58\/100\n|move|p1a: The Cannon|Frustration|p2a: umbron james\n|-damage|p2a: umbron james|49\/100\n|\n|-heal|p2a: umbron james|56\/100|[from] item: Leftovers\n|upkeep\n|turn|13\n|c|\u2606Lucarr10|wait, did you just get foul play, the team?\n|\n|t:|1700501395\n|move|p2a: umbron james|Protect|p2a: umbron james\n|-singleturn|p2a: umbron james|Protect\n|move|p1a: The Cannon|Frustration|p2a: umbron james\n|-activate|p2a: umbron james|move: Protect\n|\n|-heal|p2a: umbron james|62\/100|[from] item: Leftovers\n|upkeep\n|turn|14\n|\n|t:|1700501403\n|move|p2a: umbron james|Foul Play|p1a: The Cannon\n|-damage|p1a: The Cannon|22\/100\n|move|p1a: The Cannon|Frustration|p2a: umbron james\n|-damage|p2a: umbron james|11\/100\n|\n|-heal|p2a: umbron james|18\/100|[from] item: Leftovers\n|upkeep\n|turn|15\n|c|\u2606Boyca|I guess I'm not playing nice this week\n|\n|t:|1700501417\n|move|p2a: umbron james|Protect|p2a: umbron james\n|-singleturn|p2a: umbron james|Protect\n|move|p1a: The Cannon|Frustration|p2a: umbron james\n|-activate|p2a: umbron james|move: Protect\n|\n|-heal|p2a: umbron james|24\/100|[from] item: Leftovers\n|upkeep\n|turn|16\n|c|\u2606Lucarr10|I mean, I've been dealt the double revival blessing team, so I don't know if I'm exactly playing fair either\n|\n|t:|1700501444\n|move|p2a: umbron james|Foul Play|p1a: The Cannon\n|-damage|p1a: The Cannon|0 fnt\n|faint|p1a: The Cannon\n|\n|-heal|p2a: umbron james|30\/100|[from] item: Leftovers\n|upkeep\n|\n|t:|1700501454\n|switch|p1a: RevolvingDoor|Mienshao, F|100\/100\n|turn|17\n|\n|t:|1700501458\n|move|p2a: umbron james|Protect|p2a: umbron james\n|-singleturn|p2a: umbron james|Protect\n|move|p1a: RevolvingDoor|U-turn|p2a: umbron james\n|-activate|p2a: umbron james|move: Protect\n|\n|-heal|p2a: umbron james|36\/100|[from] item: Leftovers\n|upkeep\n|turn|18\n|\n|t:|1700501464\n|switch|p2a: Kevin|Murkrow, F|99\/100 par\n|move|p1a: RevolvingDoor|U-turn|p2a: Kevin\n|-damage|p2a: Kevin|75\/100 par\n|\n|t:|1700501469\n|switch|p1a: Heroes never die!|Pawmot, F|75\/100|[from] U-turn\n|\n|upkeep\n|turn|19\n|\n|t:|1700501474\n|move|p2a: Kevin|Feather Dance|p1a: Heroes never die!\n|-unboost|p1a: Heroes never die!|atk|2\n|move|p1a: Heroes never die!|Double Shock|p2a: Kevin\n|-supereffective|p2a: Kevin\n|-damage|p2a: Kevin|19\/100 par\n|-start|p1a: Heroes never die!|typechange|???\/Fighting|[from] move: Double Shock\n|\n|upkeep\n|turn|20\n|\n|t:|1700501484\n|move|p2a: Kevin|Roost|p2a: Kevin\n|-heal|p2a: Kevin|69\/100 par\n|-singleturn|p2a: Kevin|move: Roost\n|move|p1a: Heroes never die!|Revival Blessing|p1a: Heroes never die!\n|\n|t:|1700501489\n|-heal|p1: The Cannon|50\/100|[from] move: Revival Blessing\n|\n|upkeep\n|turn|21\n|\n|t:|1700501498\n|move|p1a: Heroes never die!|Wish|p1a: Heroes never die!\n|move|p2a: Kevin|Snarl|p1a: Heroes never die!\n|-resisted|p1a: Heroes never die!\n|-damage|p1a: Heroes never die!|62\/100\n|-unboost|p1a: Heroes never die!|spa|1\n|\n|upkeep\n|turn|22\n|l|\u2606Lucarr10\n|player|p1|\n|j|\u2606Lucarr10\n|player|p1|Lucarr10|clair\n|c|\u2606Lucarr10|oop, lost connection for a moment there, sorry -_-\n|\n|t:|1700501579\n|switch|p2a: umbron james|Umbreon, M|36\/100\n|move|p1a: Heroes never die!|Thunder Wave|p2a: umbron james\n|-status|p2a: umbron james|par\n|-activate|p2a: umbron james|ability: Synchronize\n|-status|p1a: Heroes never die!|par\n|\n|-heal|p1a: Heroes never die!|100\/100 par|[from] move: Wish|[wisher] Heroes never die!\n|-heal|p2a: umbron james|42\/100 par|[from] item: Leftovers\n|upkeep\n|turn|23\n|\n|t:|1700501593\n|move|p1a: Heroes never die!|Wish|p1a: Heroes never die!\n|move|p2a: umbron james|Heal Bell|p2a: umbron james\n|-activate|p2a: umbron james|move: Heal Bell\n|-curestatus|p2a: umbron james|par|[msg]\n|-curestatus|p2: Kevin|par|[msg]\n|\n|-heal|p2a: umbron james|48\/100|[from] item: Leftovers\n|upkeep\n|turn|24\n|\n|t:|1700501605\n|-curestatus|p1a: Heroes never die!|par|[from] ability: Natural Cure\n|switch|p1a: The Cannon|Lickilicky, F, shiny|50\/100\n|move|p2a: umbron james|Foul Play|p1a: The Cannon\n|-crit|p1a: The Cannon\n|-damage|p1a: The Cannon|0 fnt\n|faint|p1a: The Cannon\n|\n|-heal|p2a: umbron james|54\/100|[from] item: Leftovers\n|upkeep\n|\n|t:|1700501616\n|switch|p1a: RevolvingDoor|Mienshao, F|100\/100\n|turn|25\n|\n|t:|1700501620\n|move|p2a: umbron james|Protect|p2a: umbron james\n|-singleturn|p2a: umbron james|Protect\n|move|p1a: RevolvingDoor|U-turn|p2a: umbron james\n|-activate|p2a: umbron james|move: Protect\n|\n|-heal|p2a: umbron james|60\/100|[from] item: Leftovers\n|upkeep\n|turn|26\n|\n|t:|1700501626\n|switch|p2a: Kevin|Murkrow, F|69\/100\n|move|p1a: RevolvingDoor|Close Combat|p2a: Kevin\n|-damage|p2a: Kevin|3\/100\n|-unboost|p1a: RevolvingDoor|def|1\n|-unboost|p1a: RevolvingDoor|spd|1\n|\n|upkeep\n|turn|27\n|\n|t:|1700501642\n|move|p2a: Kevin|Roost|p2a: Kevin\n|-heal|p2a: Kevin|53\/100\n|-singleturn|p2a: Kevin|move: Roost\n|move|p1a: RevolvingDoor|U-turn|p2a: Kevin\n|-supereffective|p2a: Kevin\n|-damage|p2a: Kevin|1\/100\n|\n|t:|1700501650\n|switch|p1a: Heroes never die!|Pawmot, F|100\/100|[from] U-turn\n|\n|upkeep\n|turn|28\n|\n|t:|1700501656\n|switch|p2a: umbron james|Umbreon, M|60\/100\n|move|p1a: Heroes never die!|Double Shock|p2a: umbron james\n|-damage|p2a: umbron james|25\/100\n|-start|p1a: Heroes never die!|typechange|???\/Fighting|[from] move: Double Shock\n|\n|-heal|p2a: umbron james|31\/100|[from] item: Leftovers\n|upkeep\n|turn|29\n|l|\u2606Lucarr10\n|player|p1|\n|j|\u2606Lucarr10\n|player|p1|Lucarr10|clair\n|\n|t:|1700501711\n|move|p1a: Heroes never die!|Wish|p1a: Heroes never die!\n|move|p2a: umbron james|Wish|p2a: umbron james\n|\n|-heal|p2a: umbron james|37\/100|[from] item: Leftovers\n|upkeep\n|turn|30\n|\n|t:|1700501727\n|switch|p1a: MICHAEL JACKSON|Dragonite, M|100\/100\n|move|p2a: umbron james|Foul Play|p1a: MICHAEL JACKSON\n|-damage|p1a: MICHAEL JACKSON|68\/100\n|\n|-heal|p2a: umbron james|87\/100|[from] move: Wish|[wisher] umbron james\n|-heal|p1a: MICHAEL JACKSON|100\/100|[from] move: Wish|[wisher] Heroes never die!\n|-heal|p2a: umbron james|93\/100|[from] item: Leftovers\n|upkeep\n|turn|31\n|\n|t:|1700501738\n|move|p1a: MICHAEL JACKSON|Dragon Dance|p1a: MICHAEL JACKSON\n|-boost|p1a: MICHAEL JACKSON|atk|1\n|-boost|p1a: MICHAEL JACKSON|spe|1\n|move|p2a: umbron james|Foul Play|p1a: MICHAEL JACKSON\n|-damage|p1a: MICHAEL JACKSON|51\/100\n|\n|-heal|p2a: umbron james|99\/100|[from] item: Leftovers\n|upkeep\n|turn|32\n|\n|t:|1700501749\n|move|p1a: MICHAEL JACKSON|Earthquake|p2a: umbron james\n|-damage|p2a: umbron james|53\/100\n|move|p2a: umbron james|Foul Play|p1a: MICHAEL JACKSON\n|-damage|p1a: MICHAEL JACKSON|0 fnt\n|faint|p1a: MICHAEL JACKSON\n|\n|-heal|p2a: umbron james|59\/100|[from] item: Leftovers\n|upkeep\n|\n|t:|1700501757\n|switch|p1a: RevolvingDoor|Mienshao, F|100\/100\n|turn|33\n|\n|t:|1700501763\n|move|p2a: umbron james|Protect|p2a: umbron james\n|-singleturn|p2a: umbron james|Protect\n|move|p1a: RevolvingDoor|U-turn|p2a: umbron james\n|-activate|p2a: umbron james|move: Protect\n|\n|-heal|p2a: umbron james|65\/100|[from] item: Leftovers\n|upkeep\n|turn|34\n|\n|t:|1700501770\n|move|p1a: RevolvingDoor|Knock Off|p2a: umbron james\n|-resisted|p2a: umbron james\n|-damage|p2a: umbron james|52\/100\n|-enditem|p2a: umbron james|Leftovers|[from] move: Knock Off|[of] p1a: RevolvingDoor\n|move|p2a: umbron james|Wish|p2a: umbron james\n|\n|upkeep\n|turn|35\n|\n|t:|1700501780\n|move|p2a: umbron james|Protect|p2a: umbron james\n|-singleturn|p2a: umbron james|Protect\n|move|p1a: RevolvingDoor|Knock Off|p2a: umbron james\n|-activate|p2a: umbron james|move: Protect\n|\n|-heal|p2a: umbron james|100\/100|[from] move: Wish|[wisher] umbron james\n|upkeep\n|turn|36\n|\n|t:|1700501789\n|move|p1a: RevolvingDoor|Close Combat|p2a: umbron james\n|-supereffective|p2a: umbron james\n|-damage|p2a: umbron james|0 fnt\n|-unboost|p1a: RevolvingDoor|def|1\n|-unboost|p1a: RevolvingDoor|spd|1\n|faint|p2a: umbron james\n|\n|upkeep\n|\n|t:|1700501792\n|switch|p2a: Kevin|Murkrow, F|1\/100\n|turn|37\n|\n|t:|1700501797\n|move|p2a: Kevin|Roost|p2a: Kevin\n|-heal|p2a: Kevin|51\/100\n|-singleturn|p2a: Kevin|move: Roost\n|move|p1a: RevolvingDoor|Close Combat|p2a: Kevin\n|-supereffective|p2a: Kevin\n|-damage|p2a: Kevin|0 fnt\n|-unboost|p1a: RevolvingDoor|def|1\n|-unboost|p1a: RevolvingDoor|spd|1\n|faint|p2a: Kevin\n|\n|win|Lucarr10\n|c|\u2606Boyca|gg\n|c|\u2606Lucarr10|gg\n|c|\u2606Boyca|you wanna upload the replays or should I?\n|c|\u2606Lucarr10|either way\n","uploadtime":1700501958,"views":9,"p1id":"lucarr10","p2id":"boyca","formatid":"gen9nationaldexubers","rating":0,"private":0,"password":""}