{"id":"gen9nationaldexubers-1978318138","p1":"Guizinpq","p2":"luizxv","format":"[Gen 9] National Dex Ubers","log":"|j|\u2606Guizinpq\n|j|\u2606luizxv\n|t:|1698524513\n|gametype|singles\n|player|p1|Guizinpq|n|\n|player|p2|luizxv|benga|\n|teamsize|p1|6\n|teamsize|p2|6\n|gen|9\n|tier|[Gen 9] National Dex Ubers\n|rule|HP Percentage Mod: HP is shown in percentages\n|rule|Endless Battle Clause: Forcing endless battles is banned\n|rule|OHKO Clause: OHKO moves are banned\n|rule|Evasion Moves Clause: Evasion moves are banned\n|rule|Evasion Items Clause: Evasion items are banned\n|rule|Species Clause: Limit one of each Pok\u00e9mon\n|rule|Sleep Clause Mod: Limit one foe put to sleep\n|rule|Mega Rayquaza Clause: You cannot mega evolve Rayquaza\n|clearpoke\n|poke|p1|Garchomp, M|\n|poke|p1|Iron Valiant|\n|poke|p1|Mimikyu, F|\n|poke|p1|Phione|\n|poke|p1|Shuckle, M|\n|poke|p1|Cinccino, M|\n|poke|p2|Kingambit, M|\n|poke|p2|Great Tusk|\n|poke|p2|Garganacl, F|\n|poke|p2|Amoonguss, M|\n|poke|p2|Iron Valiant|\n|poke|p2|Dragapult, F|\n|teampreview\n|\n|t:|1698524536\n|start\n|switch|p1a: Shuckle|Shuckle, M|100\/100\n|switch|p2a: Amoonguss|Amoonguss, M|100\/100\n|turn|1\n|\n|t:|1698524552\n|move|p1a: Shuckle|Power Trick|p1a: Shuckle\n|-start|p1a: Shuckle|Power Trick\n|move|p2a: Amoonguss|Spore|p1a: Shuckle\n|-status|p1a: Shuckle|slp|[from] move: Spore\n|\n|upkeep\n|turn|2\n|\n|t:|1698524571\n|switch|p1a: Garchomp|Garchomp, M|100\/100\n|move|p2a: Amoonguss|Foul Play|p1a: Garchomp\n|-damage|p1a: Garchomp|65\/100\n|\n|upkeep\n|turn|3\n|\n|t:|1698524586\n|move|p1a: Garchomp|Fire Fang|p2a: Amoonguss\n|-supereffective|p2a: Amoonguss\n|-damage|p2a: Amoonguss|54\/100\n|move|p2a: Amoonguss|Spore|p1a: Garchomp\n|-message|Sleep Clause Mod activated.\n|-hint|Sleep Clause Mod prevents players from putting more than one of their opponent's Pok\u00e9mon to sleep at a time\n|\n|-heal|p2a: Amoonguss|60\/100|[from] item: Leftovers\n|upkeep\n|turn|4\n|j| jabamiburro\n|\n|t:|1698524599\n|move|p1a: Garchomp|Fire Fang|p2a: Amoonguss\n|-supereffective|p2a: Amoonguss\n|-damage|p2a: Amoonguss|15\/100\n|move|p2a: Amoonguss|Giga Drain|p1a: Garchomp\n|-damage|p1a: Garchomp|42\/100\n|-heal|p2a: Amoonguss|25\/100|[from] drain|[of] p1a: Garchomp\n|\n|-heal|p2a: Amoonguss|31\/100|[from] item: Leftovers\n|upkeep\n|turn|5\n|\n|t:|1698524616\n|switch|p2a: Great Tusk|Great Tusk|100\/100\n|move|p1a: Garchomp|Fire Fang|p2a: Great Tusk\n|-damage|p2a: Great Tusk|90\/100\n|\n|-heal|p2a: Great Tusk|96\/100|[from] item: Leftovers\n|upkeep\n|turn|6\n|\n|t:|1698524633\n|switch|p1a: Phione|Phione|100\/100\n|move|p2a: Great Tusk|Stealth Rock|p1a: Phione\n|-sidestart|p1: Guizinpq|move: Stealth Rock\n|\n|-heal|p2a: Great Tusk|100\/100|[from] item: Leftovers\n|upkeep\n|turn|7\n|\n|t:|1698524655\n|move|p1a: Phione|Take Heart|p1a: Phione\n|-boost|p1a: Phione|spa|1\n|-boost|p1a: Phione|spd|1\n|move|p2a: Great Tusk|Knock Off|p1a: Phione\n|-damage|p1a: Phione|65\/100\n|-enditem|p1a: Phione|Leftovers|[from] move: Knock Off|[of] p2a: Great Tusk\n|\n|upkeep\n|turn|8\n|\n|t:|1698524663\n|move|p1a: Phione|Take Heart|p1a: Phione\n|-boost|p1a: Phione|spa|1\n|-boost|p1a: Phione|spd|1\n|move|p2a: Great Tusk|Rapid Spin|p1a: Phione\n|-damage|p1a: Phione|48\/100\n|-boost|p2a: Great Tusk|spe|1\n|\n|upkeep\n|turn|9\n|\n|t:|1698524677\n|move|p2a: Great Tusk|Knock Off|p1a: Phione\n|-damage|p1a: Phione|27\/100\n|move|p1a: Phione|Rest|p1a: Phione\n|-status|p1a: Phione|slp|[from] move: Rest\n|-heal|p1a: Phione|100\/100 slp|[silent]\n|\n|upkeep\n|turn|10\n|\n|t:|1698524686\n|move|p2a: Great Tusk|Rapid Spin|p1a: Phione\n|-damage|p1a: Phione|83\/100 slp\n|-boost|p2a: Great Tusk|spe|1\n|cant|p1a: Phione|slp\n|move|p1a: Phione|Sleep Talk|p1a: Phione\n|move|p1a: Phione|Scald|p2a: Great Tusk|[from]move: Sleep Talk\n|-supereffective|p2a: Great Tusk\n|-damage|p2a: Great Tusk|0 fnt\n|faint|p2a: Great Tusk\n|-end|p2a: Great Tusk|Protosynthesis|[silent]\n|\n|upkeep\n|\n|t:|1698524692\n|switch|p2a: Iron Valiant|Iron Valiant, shiny|100\/100\n|turn|11\n|inactive|Battle timer is ON: inactive players will automatically lose when time's up. (requested by luizxv)\n|inactive|Guizinpq has 270 seconds left.\n|inactive|Guizinpq has 240 seconds left.\n|\n|t:|1698524814\n|switch|p1a: Mimikyu|Mimikyu, F|100\/100\n|-damage|p1a: Mimikyu|88\/100|[from] Stealth Rock\n|move|p2a: Iron Valiant|Thunderbolt|p1a: Mimikyu\n|-activate|p1a: Mimikyu|ability: Disguise\n|-damage|p1a: Mimikyu|88\/100\n|detailschange|p1a: Mimikyu|Mimikyu-Busted, F\n|-damage|p1a: Mimikyu|76\/100|[from] pokemon: Mimikyu-Busted\n|\n|upkeep\n|turn|12\n|\n|t:|1698524828\n|move|p2a: Iron Valiant|Thunderbolt|p1a: Mimikyu\n|-damage|p1a: Mimikyu|23\/100\n|-zpower|p1a: Mimikyu\n|move|p1a: Mimikyu|Let's Snuggle Forever|p2a: Iron Valiant|[zeffect]\n|-supereffective|p2a: Iron Valiant\n|-damage|p2a: Iron Valiant|0 fnt\n|faint|p2a: Iron Valiant\n|-end|p2a: Iron Valiant|Quark Drive|[silent]\n|\n|upkeep\n|\n|t:|1698524848\n|switch|p2a: Garganacl|Garganacl, F|100\/100\n|turn|13\n|inactive|luizxv has 270 seconds left.\n|\n|t:|1698524872\n|move|p1a: Mimikyu|Swords Dance|p1a: Mimikyu\n|-boost|p1a: Mimikyu|atk|2\n|move|p2a: Garganacl|Salt Cure|p1a: Mimikyu\n|-damage|p1a: Mimikyu|3\/100\n|-start|p1a: Mimikyu|Salt Cure\n|\n|-damage|p1a: Mimikyu|0 fnt|[from] Salt Cure\n|faint|p1a: Mimikyu\n|upkeep\n|\n|t:|1698524886\n|switch|p1a: Phione|Phione|83\/100 slp\n|-damage|p1a: Phione|70\/100 slp|[from] Stealth Rock\n|turn|14\n|\n|t:|1698524897\n|-terastallize|p2a: Garganacl|Fairy\n|cant|p1a: Phione|slp\n|move|p2a: Garganacl|Curse|p2a: Garganacl\n|-unboost|p2a: Garganacl|spe|1\n|-boost|p2a: Garganacl|atk|1\n|-boost|p2a: Garganacl|def|1\n|\n|upkeep\n|turn|15\n|\n|t:|1698524916\n|-curestatus|p1a: Phione|slp|[msg]\n|move|p1a: Phione|Take Heart|p1a: Phione\n|-boost|p1a: Phione|spa|1\n|-boost|p1a: Phione|spd|1\n|move|p2a: Garganacl|Curse|p2a: Garganacl\n|-unboost|p2a: Garganacl|spe|1\n|-boost|p2a: Garganacl|atk|1\n|-boost|p2a: Garganacl|def|1\n|\n|upkeep\n|turn|16\n|inactive|luizxv has 270 seconds left.\n|\n|t:|1698524936\n|move|p1a: Phione|Take Heart|p1a: Phione\n|-boost|p1a: Phione|spa|1\n|-boost|p1a: Phione|spd|1\n|move|p2a: Garganacl|Salt Cure|p1a: Phione\n|-damage|p1a: Phione|39\/100\n|-start|p1a: Phione|Salt Cure\n|\n|-damage|p1a: Phione|14\/100|[from] Salt Cure\n|upkeep\n|turn|17\n|\n|t:|1698524947\n|move|p1a: Phione|Rest|p1a: Phione\n|-status|p1a: Phione|slp|[from] move: Rest\n|-heal|p1a: Phione|100\/100 slp|[silent]\n|move|p2a: Garganacl|Curse|p2a: Garganacl\n|-unboost|p2a: Garganacl|spe|1\n|-boost|p2a: Garganacl|atk|1\n|-boost|p2a: Garganacl|def|1\n|\n|-damage|p1a: Phione|76\/100 slp|[from] Salt Cure\n|upkeep\n|turn|18\n|\n|t:|1698524960\n|cant|p1a: Phione|slp\n|move|p1a: Phione|Sleep Talk|p1a: Phione\n|move|p1a: Phione|Take Heart|p1a: Phione|[from]move: Sleep Talk\n|-boost|p1a: Phione|spa|1\n|-boost|p1a: Phione|spd|1\n|-curestatus|p1a: Phione|slp|[msg]\n|move|p2a: Garganacl|Curse|p2a: Garganacl\n|-unboost|p2a: Garganacl|spe|1\n|-boost|p2a: Garganacl|atk|1\n|-boost|p2a: Garganacl|def|1\n|\n|-damage|p1a: Phione|51\/100|[from] Salt Cure\n|upkeep\n|turn|19\n|inactive|luizxv has 270 seconds left.\n|inactive|Guizinpq has 270 seconds left.\n|\n|t:|1698524982\n|move|p1a: Phione|Scald|p2a: Garganacl\n|-damage|p2a: Garganacl|29\/100\n|move|p2a: Garganacl|Curse|p2a: Garganacl\n|-unboost|p2a: Garganacl|spe|1\n|-boost|p2a: Garganacl|atk|1\n|-boost|p2a: Garganacl|def|1\n|\n|-heal|p2a: Garganacl|35\/100|[from] item: Leftovers\n|-damage|p1a: Phione|26\/100|[from] Salt Cure\n|upkeep\n|turn|20\n|inactive|Guizinpq has 270 seconds left.\n|inactive|luizxv has 270 seconds left.\n|\n|t:|1698525004\n|move|p1a: Phione|Scald|p2a: Garganacl\n|-damage|p2a: Garganacl|0 fnt\n|faint|p2a: Garganacl\n|\n|-damage|p1a: Phione|1\/100|[from] Salt Cure\n|upkeep\n|\n|t:|1698525017\n|switch|p2a: Dragapult|Dragapult, F|100\/100\n|turn|21\n|\n|t:|1698525032\n|move|p2a: Dragapult|U-turn|p1a: Phione\n|-damage|p1a: Phione|0 fnt\n|faint|p1a: Phione\n|\n|t:|1698525039\n|switch|p2a: Amoonguss|Amoonguss, M|64\/100|[from] U-turn\n|\n|-heal|p2a: Amoonguss|70\/100|[from] item: Leftovers\n|upkeep\n|inactive|Guizinpq has 270 seconds left.\n|\n|t:|1698525062\n|switch|p1a: Garchomp|Garchomp, M|42\/100\n|turn|22\n|\n|t:|1698525078\n|move|p1a: Garchomp|Fire Fang|p2a: Amoonguss\n|-supereffective|p2a: Amoonguss\n|-damage|p2a: Amoonguss|25\/100\n|move|p2a: Amoonguss|Spore|p1a: Garchomp\n|-message|Sleep Clause Mod activated.\n|-hint|Sleep Clause Mod prevents players from putting more than one of their opponent's Pok\u00e9mon to sleep at a time\n|\n|-heal|p2a: Amoonguss|31\/100|[from] item: Leftovers\n|upkeep\n|turn|23\n|\n|t:|1698525089\n|move|p1a: Garchomp|Fire Fang|p2a: Amoonguss\n|-supereffective|p2a: Amoonguss\n|-damage|p2a: Amoonguss|0 fnt\n|faint|p2a: Amoonguss\n|\n|upkeep\n|\n|t:|1698525093\n|switch|p2a: Dragapult|Dragapult, F|100\/100\n|turn|24\n|\n|t:|1698525103\n|switch|p1a: Cinccino|Cinccino, M|100\/100\n|-damage|p1a: Cinccino|88\/100|[from] Stealth Rock\n|move|p2a: Dragapult|Draco Meteor|p1a: Cinccino\n|-damage|p1a: Cinccino|0 fnt\n|-unboost|p2a: Dragapult|spa|2\n|faint|p1a: Cinccino\n|\n|upkeep\n|\n|t:|1698525117\n|switch|p1a: Iron Valiant|Iron Valiant, shiny|100\/100\n|-damage|p1a: Iron Valiant|94\/100|[from] Stealth Rock\n|turn|25\n|inactive|luizxv has 270 seconds left.\n|inactive|luizxv has 240 seconds left.\n|\n|t:|1698525166\n|move|p2a: Dragapult|Draco Meteor|p1a: Iron Valiant\n|-immune|p1a: Iron Valiant\n|move|p1a: Iron Valiant|Spirit Break|p2a: Dragapult\n|-supereffective|p2a: Dragapult\n|-damage|p2a: Dragapult|4\/100\n|-unboost|p2a: Dragapult|spa|1\n|\n|upkeep\n|turn|26\n|inactive|Guizinpq has 270 seconds left.\n|l|\u2606Guizinpq\n|inactive|Guizinpq disconnected and has 300 seconds to reconnect!\n|player|p1|\n|inactive|luizxv has 210 seconds left.\n|inactive|Guizinpq has 270 seconds to reconnect!\n|inactive|Guizinpq has 240 seconds to reconnect!\n|inactive|Guizinpq has 210 seconds to reconnect!\n|j|\u2606Guizinpq\n|inactive|Guizinpq reconnected and has 260 seconds left.\n|player|p1|Guizinpq|n\n|\n|t:|1698525295\n|move|p2a: Dragapult|Draco Meteor|p1a: Iron Valiant\n|-immune|p1a: Iron Valiant\n|move|p1a: Iron Valiant|Spirit Break|p2a: Dragapult\n|-supereffective|p2a: Dragapult\n|-damage|p2a: Dragapult|0 fnt\n|faint|p2a: Dragapult\n|\n|upkeep\n|\n|t:|1698525304\n|switch|p2a: Kingambit|Kingambit, M|100\/100\n|-activate|p2a: Kingambit|ability: Supreme Overlord\n|-start|p2a: Kingambit|fallen5|[silent]\n|turn|27\n|inactive|Guizinpq has 270 seconds left.\n|inactive|luizxv has 180 seconds left.\n|inactive|luizxv has 150 seconds left.\n|inactive|luizxv has 120 seconds left.\n|\n|t:|1698525406\n|move|p2a: Kingambit|Sucker Punch|p1a: Iron Valiant\n|-resisted|p1a: Iron Valiant\n|-damage|p1a: Iron Valiant|75\/100\n|move|p1a: Iron Valiant|Close Combat|p2a: Kingambit\n|-supereffective|p2a: Kingambit\n|-damage|p2a: Kingambit|0 fnt\n|-unboost|p1a: Iron Valiant|def|1\n|-unboost|p1a: Iron Valiant|spd|1\n|faint|p2a: Kingambit\n|-end|p2a: Kingambit|fallen5|[silent]\n|\n|win|Guizinpq\n|l|\u2606Guizinpq\n","uploadtime":1698525463,"views":8,"p1id":"guizinpq","p2id":"luizxv","formatid":"gen9nationaldexubers","rating":0,"private":0,"password":""}