{"id":"gen9nationaldexubers-1999228600","p1":"FeynaMist","p2":"McAisle","format":"[Gen 9] National Dex Ubers","log":"|j|\u2606FeynaMist\n|j|\u2606McAisle\n|t:|1701048097\n|gametype|singles\n|player|p1|FeynaMist|drayden|\n|player|p2|McAisle|101|\n|teamsize|p1|6\n|teamsize|p2|6\n|gen|9\n|tier|[Gen 9] National Dex Ubers\n|rule|HP Percentage Mod: HP is shown in percentages\n|rule|Endless Battle Clause: Forcing endless battles is banned\n|rule|OHKO Clause: OHKO moves are banned\n|rule|Evasion Moves Clause: Evasion moves are banned\n|rule|Evasion Items Clause: Evasion items are banned\n|rule|Species Clause: Limit one of each Pok\u00e9mon\n|rule|Sleep Clause Mod: Limit one foe put to sleep\n|rule|Mega Rayquaza Clause: You cannot mega evolve Rayquaza\n|clearpoke\n|poke|p1|Ursaluna-Bloodmoon, M|\n|poke|p1|Scizor, M|\n|poke|p1|Urshifu-*, M|\n|poke|p1|Sinistcha|\n|poke|p1|Masquerain, F|\n|poke|p1|Vigoroth, M|\n|poke|p2|Celebi|\n|poke|p2|Heatran, F|\n|poke|p2|Kadabra, F|\n|poke|p2|Hippowdon, F|\n|poke|p2|Lopunny, F|\n|poke|p2|Excadrill, M|\n|teampreview\n|\n|t:|1701048124\n|start\n|switch|p1a: Masquerain|Masquerain, F, shiny|100\/100\n|switch|p2a: Heatran|Heatran, F|100\/100\n|-ability|p1a: Masquerain|Intimidate|boost\n|-unboost|p2a: Heatran|atk|1\n|turn|1\n|\n|t:|1701048131\n|move|p1a: Masquerain|Sticky Web|p2a: Heatran\n|-sidestart|p2: McAisle|move: Sticky Web\n|move|p2a: Heatran|Magma Storm|p1a: Masquerain\n|-supereffective|p1a: Masquerain\n|-enditem|p1a: Masquerain|Focus Sash\n|-damage|p1a: Masquerain|1\/100\n|-activate|p1a: Masquerain|move: Magma Storm|[of] p2a: Heatran\n|\n|-damage|p1a: Masquerain|0 fnt|[from] move: Magma Storm|[partiallytrapped]\n|faint|p1a: Masquerain\n|upkeep\n|\n|t:|1701048147\n|switch|p1a: Urshifu|Urshifu-Rapid-Strike, M|100\/100\n|turn|2\n|\n|t:|1701048155\n|switch|p2a: Celebi|Celebi|100\/100\n|-activate|p2a: Celebi|move: Sticky Web\n|-unboost|p2a: Celebi|spe|1\n|move|p1a: Urshifu|Swords Dance|p1a: Urshifu\n|-boost|p1a: Urshifu|atk|2\n|\n|upkeep\n|turn|3\n|\n|t:|1701048166\n|-terastallize|p1a: Urshifu|Water\n|move|p1a: Urshifu|Surging Strikes|p2a: Celebi\n|-resisted|p2a: Celebi\n|-crit|p2a: Celebi\n|-damage|p2a: Celebi|81\/100\n|-resisted|p2a: Celebi\n|-crit|p2a: Celebi\n|-damage|p2a: Celebi|64\/100\n|-resisted|p2a: Celebi\n|-crit|p2a: Celebi\n|-damage|p2a: Celebi|45\/100\n|-hitcount|p2a: Celebi|3\n|move|p2a: Celebi|Psychic|p1a: Urshifu\n|-damage|p1a: Urshifu|57\/100\n|\n|-heal|p2a: Celebi|51\/100|[from] item: Leftovers\n|upkeep\n|turn|4\n|\n|t:|1701048190\n|move|p1a: Urshifu|Surging Strikes|p2a: Celebi\n|-resisted|p2a: Celebi\n|-crit|p2a: Celebi\n|-damage|p2a: Celebi|35\/100\n|-resisted|p2a: Celebi\n|-crit|p2a: Celebi\n|-damage|p2a: Celebi|17\/100\n|-resisted|p2a: Celebi\n|-crit|p2a: Celebi\n|-damage|p2a: Celebi|0 fnt\n|faint|p2a: Celebi\n|-hitcount|p2: Celebi|3\n|\n|upkeep\n|\n|t:|1701048205\n|switch|p2a: Hippowdon|Hippowdon, F|100\/100\n|-activate|p2a: Hippowdon|move: Sticky Web\n|-unboost|p2a: Hippowdon|spe|1\n|-weather|Sandstorm|[from] ability: Sand Stream|[of] p2a: Hippowdon\n|turn|5\n|\n|t:|1701048219\n|move|p1a: Urshifu|Surging Strikes|p2a: Hippowdon\n|-supereffective|p2a: Hippowdon\n|-crit|p2a: Hippowdon\n|-damage|p2a: Hippowdon|28\/100\n|-supereffective|p2a: Hippowdon\n|-crit|p2a: Hippowdon\n|-damage|p2a: Hippowdon|0 fnt\n|faint|p2a: Hippowdon\n|-hitcount|p2: Hippowdon|2\n|\n|-weather|Sandstorm|[upkeep]\n|-damage|p1a: Urshifu|50\/100|[from] Sandstorm\n|upkeep\n|\n|t:|1701048227\n|switch|p2a: Excadrill|Excadrill, M|100\/100\n|-activate|p2a: Excadrill|move: Sticky Web\n|-unboost|p2a: Excadrill|spe|1\n|turn|6\n|\n|t:|1701048237\n|move|p2a: Excadrill|Rapid Spin|p1a: Urshifu\n|-damage|p1a: Urshifu|30\/100\n|-boost|p2a: Excadrill|spe|1\n|-sideend|p2: McAisle|Sticky Web|[from] move: Rapid Spin|[of] p2a: Excadrill\n|move|p1a: Urshifu|Surging Strikes|p2a: Excadrill\n|-supereffective|p2a: Excadrill\n|-crit|p2a: Excadrill\n|-damage|p2a: Excadrill|0 fnt\n|faint|p2a: Excadrill\n|-hitcount|p2: Excadrill|1\n|\n|-weather|Sandstorm|[upkeep]\n|-damage|p1a: Urshifu|23\/100|[from] Sandstorm\n|upkeep\n|\n|t:|1701048248\n|switch|p2a: Lopunny|Lopunny, F|100\/100\n|turn|7\n|\n|t:|1701048258\n|detailschange|p2a: Lopunny|Lopunny-Mega, F\n|-mega|p2a: Lopunny|Lopunny|Lopunnite\n|move|p2a: Lopunny|Fake Out|p1a: Urshifu\n|-damage|p1a: Urshifu|0 fnt\n|faint|p1a: Urshifu\n|\n|-weather|Sandstorm|[upkeep]\n|-damage|p2a: Lopunny|95\/100|[from] Sandstorm\n|upkeep\n|\n|t:|1701048273\n|switch|p1a: Sinistcha|Sinistcha, shiny|100\/100\n|turn|8\n|\n|t:|1701048297\n|move|p2a: Lopunny|Triple Axel|p1a: Sinistcha\n|-supereffective|p1a: Sinistcha\n|-damage|p1a: Sinistcha|88\/100\n|-supereffective|p1a: Sinistcha\n|-damage|p1a: Sinistcha|64\/100\n|-supereffective|p1a: Sinistcha\n|-damage|p1a: Sinistcha|27\/100\n|-hitcount|p1a: Sinistcha|3\n|move|p1a: Sinistcha|Matcha Gotcha|p2a: Lopunny\n|-damage|p2a: Lopunny|53\/100\n|-heal|p1a: Sinistcha|44\/100|[from] drain|[of] p2a: Lopunny\n|\n|-weather|Sandstorm|[upkeep]\n|-damage|p2a: Lopunny|47\/100|[from] Sandstorm\n|-damage|p1a: Sinistcha|37\/100|[from] Sandstorm\n|upkeep\n|turn|9\n|\n|t:|1701048317\n|switch|p1a: Scizor|Scizor, M, shiny|100\/100\n|move|p2a: Lopunny|Triple Axel|p1a: Scizor\n|-resisted|p1a: Scizor\n|-damage|p1a: Scizor|97\/100\n|-resisted|p1a: Scizor\n|-damage|p1a: Scizor|91\/100\n|-hitcount|p1a: Scizor|2\n|\n|-weather|Sandstorm|[upkeep]\n|-damage|p2a: Lopunny|41\/100|[from] Sandstorm\n|upkeep\n|turn|10\n|\n|t:|1701048339\n|switch|p2a: Heatran|Heatran, F|100\/100\n|detailschange|p1a: Scizor|Scizor-Mega, M, shiny\n|-mega|p1a: Scizor|Scizor|Scizorite\n|move|p1a: Scizor|Bullet Punch|p2a: Heatran\n|-resisted|p2a: Heatran\n|-damage|p2a: Heatran|96\/100\n|\n|-weather|Sandstorm|[upkeep]\n|-heal|p2a: Heatran|100\/100|[from] item: Leftovers\n|upkeep\n|turn|11\n|\n|t:|1701048349\n|move|p1a: Scizor|U-turn|p2a: Heatran\n|-resisted|p2a: Heatran\n|-damage|p2a: Heatran|96\/100\n|\n|t:|1701048358\n|switch|p1a: Ursaluna|Ursaluna-Bloodmoon, M|100\/100|[from] U-turn\n|move|p2a: Heatran|Magma Storm|p1a: Ursaluna\n|-damage|p1a: Ursaluna|46\/100\n|-activate|p1a: Ursaluna|move: Magma Storm|[of] p2a: Heatran\n|\n|-weather|Sandstorm|[upkeep]\n|-heal|p1a: Ursaluna|52\/100|[from] item: Leftovers\n|-heal|p2a: Heatran|100\/100|[from] item: Leftovers\n|-damage|p1a: Ursaluna|39\/100|[from] move: Magma Storm|[partiallytrapped]\n|upkeep\n|turn|12\n|\n|t:|1701048375\n|-terastallize|p2a: Heatran|Bug\n|move|p1a: Ursaluna|Earth Power|p2a: Heatran\n|-resisted|p2a: Heatran\n|-damage|p2a: Heatran|78\/100\n|move|p2a: Heatran|Magma Storm|p1a: Ursaluna\n|-damage|p1a: Ursaluna|0 fnt\n|faint|p1a: Ursaluna\n|\n|-weather|none\n|-heal|p2a: Heatran|84\/100|[from] item: Leftovers\n|upkeep\n|\n|t:|1701048390\n|switch|p1a: Vigoroth|Vigoroth, M, shiny|100\/100\n|turn|13\n|\n|t:|1701048396\n|move|p1a: Vigoroth|Body Slam|p2a: Heatran\n|-damage|p2a: Heatran|70\/100\n|-status|p2a: Heatran|par\n|move|p2a: Heatran|Magma Storm|p1a: Vigoroth|[miss]\n|-miss|p2a: Heatran|p1a: Vigoroth\n|\n|-heal|p2a: Heatran|76\/100 par|[from] item: Leftovers\n|upkeep\n|turn|14\n|\n|t:|1701048411\n|move|p1a: Vigoroth|Bulk Up|p1a: Vigoroth\n|-boost|p1a: Vigoroth|atk|1\n|-boost|p1a: Vigoroth|def|1\n|move|p2a: Heatran|Magma Storm|p1a: Vigoroth\n|-damage|p1a: Vigoroth|57\/100\n|-activate|p1a: Vigoroth|move: Magma Storm|[of] p2a: Heatran\n|\n|-heal|p2a: Heatran|82\/100 par|[from] item: Leftovers\n|-damage|p1a: Vigoroth|45\/100|[from] move: Magma Storm|[partiallytrapped]\n|upkeep\n|turn|15\n|\n|t:|1701048424\n|move|p1a: Vigoroth|Slack Off|p1a: Vigoroth\n|-heal|p1a: Vigoroth|95\/100\n|cant|p2a: Heatran|par\n|\n|-heal|p2a: Heatran|89\/100 par|[from] item: Leftovers\n|-damage|p1a: Vigoroth|83\/100|[from] move: Magma Storm|[partiallytrapped]\n|upkeep\n|turn|16\n|\n|t:|1701048432\n|move|p1a: Vigoroth|Body Slam|p2a: Heatran\n|-crit|p2a: Heatran\n|-damage|p2a: Heatran|55\/100 par\n|move|p2a: Heatran|Magma Storm|p1a: Vigoroth\n|-damage|p1a: Vigoroth|36\/100\n|\n|-heal|p2a: Heatran|61\/100 par|[from] item: Leftovers\n|-damage|p1a: Vigoroth|24\/100|[from] move: Magma Storm|[partiallytrapped]\n|upkeep\n|turn|17\n|\n|t:|1701048445\n|move|p1a: Vigoroth|Slack Off|p1a: Vigoroth\n|-heal|p1a: Vigoroth|74\/100\n|move|p2a: Heatran|Earth Power|p1a: Vigoroth\n|-damage|p1a: Vigoroth|48\/100\n|\n|-heal|p2a: Heatran|68\/100 par|[from] item: Leftovers\n|-damage|p1a: Vigoroth|36\/100|[from] move: Magma Storm|[partiallytrapped]\n|upkeep\n|turn|18\n|\n|t:|1701048453\n|move|p1a: Vigoroth|Slack Off|p1a: Vigoroth\n|-heal|p1a: Vigoroth|86\/100\n|move|p2a: Heatran|Earth Power|p1a: Vigoroth\n|-damage|p1a: Vigoroth|59\/100\n|\n|-heal|p2a: Heatran|74\/100 par|[from] item: Leftovers\n|-end|p1a: Vigoroth|Magma Storm|[partiallytrapped]\n|upkeep\n|turn|19\n|\n|t:|1701048470\n|move|p1a: Vigoroth|Body Slam|p2a: Heatran\n|-damage|p2a: Heatran|52\/100 par\n|cant|p2a: Heatran|par\n|\n|-heal|p2a: Heatran|58\/100 par|[from] item: Leftovers\n|upkeep\n|turn|20\n|\n|t:|1701048487\n|move|p1a: Vigoroth|Body Slam|p2a: Heatran\n|-damage|p2a: Heatran|37\/100 par\n|move|p2a: Heatran|Toxic|p1a: Vigoroth\n|-status|p1a: Vigoroth|tox\n|\n|-heal|p2a: Heatran|43\/100 par|[from] item: Leftovers\n|-damage|p1a: Vigoroth|53\/100 tox|[from] psn\n|upkeep\n|turn|21\n|\n|t:|1701048498\n|move|p1a: Vigoroth|Body Slam|p2a: Heatran\n|-damage|p2a: Heatran|20\/100 par\n|cant|p2a: Heatran|par\n|\n|-heal|p2a: Heatran|26\/100 par|[from] item: Leftovers\n|-damage|p1a: Vigoroth|41\/100 tox|[from] psn\n|upkeep\n|turn|22\n|\n|t:|1701048506\n|move|p1a: Vigoroth|Body Slam|p2a: Heatran\n|-damage|p2a: Heatran|4\/100 par\n|move|p2a: Heatran|Earth Power|p1a: Vigoroth\n|-crit|p1a: Vigoroth\n|-damage|p1a: Vigoroth|3\/100 tox\n|\n|-heal|p2a: Heatran|11\/100 par|[from] item: Leftovers\n|-damage|p1a: Vigoroth|0 fnt|[from] psn\n|faint|p1a: Vigoroth\n|upkeep\n|\n|t:|1701048516\n|switch|p1a: Scizor|Scizor-Mega, M, shiny|91\/100\n|turn|23\n|\n|t:|1701048529\n|move|p1a: Scizor|Bullet Punch|p2a: Heatran\n|-damage|p2a: Heatran|0 fnt\n|faint|p2a: Heatran\n|\n|upkeep\n|\n|t:|1701048561\n|switch|p2a: Lopunny|Lopunny-Mega, F|41\/100\n|turn|24\n|\n|t:|1701048571\n|move|p2a: Lopunny|Fake Out|p1a: Scizor\n|-resisted|p1a: Scizor\n|-damage|p1a: Scizor|83\/100\n|cant|p1a: Scizor|flinch\n|\n|upkeep\n|turn|25\n|\n|t:|1701048586\n|move|p1a: Scizor|Bullet Punch|p2a: Lopunny\n|-damage|p2a: Lopunny|0 fnt\n|faint|p2a: Lopunny\n|\n|upkeep\n|\n|t:|1701048590\n|switch|p2a: Kadabra|Kadabra, F|100\/100\n|turn|26\n|\n|t:|1701048595\n|move|p2a: Kadabra|Psychic|p1a: Scizor\n|-resisted|p1a: Scizor\n|-damage|p1a: Scizor|55\/100\n|move|p1a: Scizor|U-turn|p2a: Kadabra\n|-supereffective|p2a: Kadabra\n|-damage|p2a: Kadabra|0 fnt\n|faint|p2a: Kadabra\n|\n|win|FeynaMist\n|l|\u2606McAisle\n","uploadtime":1701048609,"views":5,"p1id":"feynamist","p2id":"mcaisle","formatid":"gen9nationaldexubers","rating":0,"private":0,"password":""}