{"id":"gen9nationaldexubers-1992992225","p1":"Go Birds EAGLES","p2":"OscarToscar","format":"[Gen 9] National Dex Ubers","log":"|j|\u2606Go Birds EAGLES\n|j|\u2606OscarToscar\n|t:|1700253466\n|gametype|singles\n|player|p1|Go Birds EAGLES|hanbei-conquest|1528\n|player|p2|OscarToscar|ash|1611\n|teamsize|p1|6\n|teamsize|p2|6\n|gen|9\n|tier|[Gen 9] National Dex Ubers\n|rated|\n|rule|HP Percentage Mod: HP is shown in percentages\n|rule|Endless Battle Clause: Forcing endless battles is banned\n|rule|OHKO Clause: OHKO moves are banned\n|rule|Evasion Moves Clause: Evasion moves are banned\n|rule|Evasion Items Clause: Evasion items are banned\n|rule|Species Clause: Limit one of each Pok\u00e9mon\n|rule|Sleep Clause Mod: Limit one foe put to sleep\n|rule|Mega Rayquaza Clause: You cannot mega evolve Rayquaza\n|clearpoke\n|poke|p1|Mewtwo|\n|poke|p1|Ho-Oh|\n|poke|p1|Eternatus|\n|poke|p1|Dondozo, F|\n|poke|p1|Yveltal|\n|poke|p1|Groudon|\n|poke|p2|Necrozma-Dusk-Mane|\n|poke|p2|Zygarde|\n|poke|p2|Arceus-Fairy|\n|poke|p2|Eternatus|\n|poke|p2|Ho-Oh|\n|poke|p2|Yveltal|\n|teampreview\n|inactive|Battle timer is ON: inactive players will automatically lose when time's up. (requested by OscarToscar)\n|inactive|Go Birds EAGLES also wants the timer to be on.\n|\n|t:|1700253477\n|start\n|switch|p1a: Beat BobbyFlay|Groudon|100\/100\n|switch|p2a: Arceus|Arceus-Fairy|100\/100\n|detailschange|p1a: Beat BobbyFlay|Groudon-Primal\n|-primal|p1a: Beat BobbyFlay|Red Orb\n|-weather|DesolateLand|[from] ability: Desolate Land|[of] p1a: Beat BobbyFlay\n|turn|1\n|\n|t:|1700253481\n|move|p2a: Arceus|Stealth Rock|p1a: Beat BobbyFlay\n|-sidestart|p1: Go Birds EAGLES|move: Stealth Rock\n|move|p1a: Beat BobbyFlay|Spikes|p2a: Arceus\n|-sidestart|p2: OscarToscar|Spikes\n|\n|-weather|DesolateLand|[upkeep]\n|upkeep\n|turn|2\n|\n|t:|1700253488\n|switch|p2a: Zygarde|Zygarde|100\/100\n|-damage|p2a: Zygarde|88\/100|[from] Spikes\n|move|p1a: Beat BobbyFlay|Eruption|p2a: Zygarde\n|-resisted|p2a: Zygarde\n|-damage|p2a: Zygarde|29\/100\n|\n|-weather|DesolateLand|[upkeep]\n|-heal|p2a: Zygarde|35\/100|[from] item: Leftovers\n|-activate|p2a: Zygarde|ability: Power Construct\n|detailschange|p2a: Zygarde|Zygarde-Complete\n|-heal|p2a: Zygarde|58\/100|[silent]\n|upkeep\n|turn|3\n|\n|t:|1700253522\n|-weather|none\n|switch|p1a: Creamsicle Molly|Dondozo, F, shiny|100\/100\n|-damage|p1a: Creamsicle Molly|88\/100|[from] Stealth Rock\n|move|p2a: Zygarde|Thousand Arrows|p1a: Creamsicle Molly\n|-damage|p1a: Creamsicle Molly|72\/100\n|\n|-heal|p2a: Zygarde|64\/100|[from] item: Leftovers\n|-heal|p1a: Creamsicle Molly|78\/100|[from] item: Leftovers\n|upkeep\n|turn|4\n|\n|t:|1700253533\n|switch|p2a: Eternatus|Eternatus|100\/100\n|-damage|p2a: Eternatus|88\/100|[from] Spikes\n|-ability|p2a: Eternatus|Pressure\n|move|p1a: Creamsicle Molly|Curse|p1a: Creamsicle Molly\n|-unboost|p1a: Creamsicle Molly|spe|1\n|-boost|p1a: Creamsicle Molly|atk|1\n|-boost|p1a: Creamsicle Molly|def|1\n|\n|-heal|p2a: Eternatus|94\/100|[from] item: Leftovers\n|-heal|p1a: Creamsicle Molly|85\/100|[from] item: Leftovers\n|upkeep\n|turn|5\n|\n|t:|1700253543\n|move|p2a: Eternatus|Toxic|p1a: Creamsicle Molly\n|-status|p1a: Creamsicle Molly|tox\n|move|p1a: Creamsicle Molly|Earthquake|p2a: Eternatus\n|-supereffective|p2a: Eternatus\n|-crit|p2a: Eternatus\n|-damage|p2a: Eternatus|16\/100\n|\n|-heal|p2a: Eternatus|22\/100|[from] item: Leftovers\n|-heal|p1a: Creamsicle Molly|91\/100 tox|[from] item: Leftovers\n|-damage|p1a: Creamsicle Molly|85\/100 tox|[from] psn\n|upkeep\n|turn|6\n|\n|t:|1700253551\n|move|p2a: Eternatus|Recover|p2a: Eternatus\n|-heal|p2a: Eternatus|72\/100\n|move|p1a: Creamsicle Molly|Waterfall|p2a: Eternatus\n|-resisted|p2a: Eternatus\n|-damage|p2a: Eternatus|57\/100\n|\n|-heal|p2a: Eternatus|63\/100|[from] item: Leftovers\n|-heal|p1a: Creamsicle Molly|91\/100 tox|[from] item: Leftovers\n|-damage|p1a: Creamsicle Molly|78\/100 tox|[from] psn\n|upkeep\n|turn|7\n|\n|t:|1700253554\n|move|p2a: Eternatus|Recover|p2a: Eternatus\n|-heal|p2a: Eternatus|100\/100\n|move|p1a: Creamsicle Molly|Earthquake|p2a: Eternatus\n|-supereffective|p2a: Eternatus\n|-damage|p2a: Eternatus|49\/100\n|\n|-heal|p2a: Eternatus|55\/100|[from] item: Leftovers\n|-heal|p1a: Creamsicle Molly|85\/100 tox|[from] item: Leftovers\n|-damage|p1a: Creamsicle Molly|66\/100 tox|[from] psn\n|upkeep\n|turn|8\n|\n|t:|1700253563\n|move|p2a: Eternatus|Dynamax Cannon|p1a: Creamsicle Molly\n|-damage|p1a: Creamsicle Molly|21\/100 tox\n|move|p1a: Creamsicle Molly|Rest|p1a: Creamsicle Molly\n|-status|p1a: Creamsicle Molly|slp|[from] move: Rest\n|-heal|p1a: Creamsicle Molly|100\/100 slp|[silent]\n|\n|-heal|p2a: Eternatus|61\/100|[from] item: Leftovers\n|upkeep\n|turn|9\n|\n|t:|1700253568\n|switch|p1a: Ho-Oh|Ho-Oh|100\/100\n|move|p2a: Eternatus|Dynamax Cannon|p1a: Ho-Oh\n|-damage|p1a: Ho-Oh|76\/100\n|\n|-heal|p2a: Eternatus|68\/100|[from] item: Leftovers\n|upkeep\n|turn|10\n|\n|t:|1700253578\n|switch|p1a: Eternatus|Eternatus|100\/100\n|-damage|p1a: Eternatus|88\/100|[from] Stealth Rock\n|-ability|p1a: Eternatus|Pressure\n|move|p2a: Eternatus|Toxic|p1a: Eternatus\n|-immune|p1a: Eternatus\n|\n|-heal|p1a: Eternatus|94\/100|[from] item: Leftovers\n|-heal|p2a: Eternatus|74\/100|[from] item: Leftovers\n|upkeep\n|turn|11\n|\n|t:|1700253586\n|move|p1a: Eternatus|Toxic Spikes|p2a: Eternatus\n|-sidestart|p2: OscarToscar|move: Toxic Spikes\n|move|p2a: Eternatus|Dynamax Cannon|p1a: Eternatus\n|-supereffective|p1a: Eternatus\n|-damage|p1a: Eternatus|28\/100\n|\n|-heal|p1a: Eternatus|35\/100|[from] item: Leftovers\n|-heal|p2a: Eternatus|80\/100|[from] item: Leftovers\n|upkeep\n|turn|12\n|\n|t:|1700253591\n|move|p1a: Eternatus|Recover|p1a: Eternatus\n|-heal|p1a: Eternatus|85\/100\n|move|p2a: Eternatus|Dynamax Cannon|p1a: Eternatus\n|-supereffective|p1a: Eternatus\n|-damage|p1a: Eternatus|20\/100\n|\n|-heal|p1a: Eternatus|26\/100|[from] item: Leftovers\n|-heal|p2a: Eternatus|86\/100|[from] item: Leftovers\n|upkeep\n|turn|13\n|\n|t:|1700253606\n|switch|p1a: Ho-Oh|Ho-Oh|100\/100\n|move|p2a: Eternatus|Dynamax Cannon|p1a: Ho-Oh\n|-damage|p1a: Ho-Oh|71\/100\n|\n|-heal|p2a: Eternatus|92\/100|[from] item: Leftovers\n|upkeep\n|turn|14\n|\n|t:|1700253614\n|switch|p1a: Creamsicle Molly|Dondozo, F, shiny|100\/100 slp\n|-damage|p1a: Creamsicle Molly|88\/100 slp|[from] Stealth Rock\n|move|p2a: Eternatus|Dynamax Cannon|p1a: Creamsicle Molly\n|-damage|p1a: Creamsicle Molly|41\/100 slp\n|\n|-heal|p2a: Eternatus|98\/100|[from] item: Leftovers\n|-heal|p1a: Creamsicle Molly|47\/100 slp|[from] item: Leftovers\n|upkeep\n|turn|15\n|\n|t:|1700253621\n|switch|p2a: Yveltal|Yveltal|100\/100\n|-ability|p2a: Yveltal|Dark Aura\n|switch|p1a: Ho-Oh|Ho-Oh|100\/100\n|\n|upkeep\n|turn|16\n|\n|t:|1700253627\n|move|p2a: Yveltal|Knock Off|p1a: Ho-Oh\n|-damage|p1a: Ho-Oh|65\/100\n|-enditem|p1a: Ho-Oh|Heavy-Duty Boots|[from] move: Knock Off|[of] p2a: Yveltal\n|move|p1a: Ho-Oh|Toxic|p2a: Yveltal\n|-status|p2a: Yveltal|tox\n|\n|-damage|p2a: Yveltal|94\/100 tox|[from] psn\n|upkeep\n|turn|17\n|\n|t:|1700253639\n|switch|p2a: Ho-Oh|Ho-Oh|100\/100\n|move|p1a: Ho-Oh|Defog|p2a: Ho-Oh\n|-unboost|p2a: Ho-Oh|evasion|1\n|-sideend|p2: OscarToscar|Spikes|[from] move: Defog|[of] p1a: Ho-Oh\n|-sideend|p2: OscarToscar|Toxic Spikes|[from] move: Defog|[of] p1a: Ho-Oh\n|-sideend|p1: Go Birds EAGLES|Stealth Rock|[from] move: Defog|[of] p1a: Ho-Oh\n|\n|upkeep\n|turn|18\n|\n|t:|1700253643\n|move|p2a: Ho-Oh|Thunder Wave|p1a: Ho-Oh\n|-status|p1a: Ho-Oh|par\n|move|p1a: Ho-Oh|Toxic|p2a: Ho-Oh\n|-status|p2a: Ho-Oh|tox\n|\n|-damage|p2a: Ho-Oh|94\/100 tox|[from] psn\n|upkeep\n|turn|19\n|\n|t:|1700253654\n|switch|p2a: Zygarde|Zygarde-Complete|64\/100\n|move|p1a: Ho-Oh|Sacred Fire|p2a: Zygarde\n|-resisted|p2a: Zygarde\n|-damage|p2a: Zygarde|56\/100\n|-status|p2a: Zygarde|brn\n|\n|-heal|p2a: Zygarde|62\/100 brn|[from] item: Leftovers\n|-damage|p2a: Zygarde|56\/100 brn|[from] brn\n|upkeep\n|turn|20\n|\n|t:|1700253660\n|move|p2a: Zygarde|Coil|p2a: Zygarde\n|-boost|p2a: Zygarde|atk|1\n|-boost|p2a: Zygarde|def|1\n|-boost|p2a: Zygarde|accuracy|1\n|move|p1a: Ho-Oh|Whirlwind|p2a: Zygarde\n|drag|p2a: Arceus|Arceus-Fairy|100\/100\n|\n|upkeep\n|turn|21\n|\n|t:|1700253665\n|move|p2a: Arceus|Stealth Rock|p1a: Ho-Oh\n|-sidestart|p1: Go Birds EAGLES|move: Stealth Rock\n|move|p1a: Ho-Oh|Toxic|p2a: Arceus\n|-status|p2a: Arceus|tox\n|\n|-damage|p2a: Arceus|94\/100 tox|[from] psn\n|upkeep\n|turn|22\n|\n|t:|1700253682\n|switch|p2a: Yveltal|Yveltal|94\/100 tox\n|-ability|p2a: Yveltal|Dark Aura\n|move|p1a: Ho-Oh|Defog|p2a: Yveltal\n|-unboost|p2a: Yveltal|evasion|1\n|-sideend|p1: Go Birds EAGLES|Stealth Rock|[from] move: Defog|[of] p1a: Ho-Oh\n|\n|-damage|p2a: Yveltal|88\/100 tox|[from] psn\n|upkeep\n|turn|23\n|\n|t:|1700253686\n|switch|p1a: Yveltal|Yveltal|100\/100\n|-ability|p1a: Yveltal|Dark Aura\n|move|p2a: Yveltal|U-turn|p1a: Yveltal\n|-damage|p1a: Yveltal|86\/100\n|\n|t:|1700253692\n|switch|p2a: Arceus|Arceus-Fairy|94\/100 tox|[from] U-turn\n|\n|-damage|p2a: Arceus|88\/100 tox|[from] psn\n|upkeep\n|turn|24\n|\n|t:|1700253695\n|switch|p1a: Ho-Oh|Ho-Oh|98\/100 par\n|move|p2a: Arceus|Stealth Rock|p1a: Ho-Oh\n|-sidestart|p1: Go Birds EAGLES|move: Stealth Rock\n|\n|-damage|p2a: Arceus|76\/100 tox|[from] psn\n|upkeep\n|turn|25\n|\n|t:|1700253703\n|switch|p2a: Necrozma|Necrozma-Dusk-Mane|100\/100\n|move|p1a: Ho-Oh|Defog|p2a: Necrozma\n|-unboost|p2a: Necrozma|evasion|1\n|-sideend|p1: Go Birds EAGLES|Stealth Rock|[from] move: Defog|[of] p1a: Ho-Oh\n|\n|upkeep\n|turn|26\n|\n|t:|1700253709\n|switch|p1a: Creamsicle Molly|Dondozo, F, shiny|47\/100 slp\n|move|p2a: Necrozma|Stone Edge|p1a: Creamsicle Molly|[miss]\n|-miss|p2a: Necrozma|p1a: Creamsicle Molly\n|\n|-heal|p1a: Creamsicle Molly|53\/100 slp|[from] item: Leftovers\n|upkeep\n|turn|27\n|\n|t:|1700253723\n|switch|p2a: Arceus|Arceus-Fairy|76\/100 tox\n|cant|p1a: Creamsicle Molly|slp\n|\n|-heal|p1a: Creamsicle Molly|59\/100 slp|[from] item: Leftovers\n|-damage|p2a: Arceus|70\/100 tox|[from] psn\n|upkeep\n|turn|28\n|\n|t:|1700253748\n|switch|p2a: Necrozma|Necrozma-Dusk-Mane|100\/100\n|switch|p1a: Ho-Oh|Ho-Oh|100\/100 par\n|\n|upkeep\n|turn|29\n|\n|t:|1700253760\n|move|p2a: Necrozma|Stone Edge|p1a: Ho-Oh\n|-supereffective|p1a: Ho-Oh\n|-damage|p1a: Ho-Oh|0 fnt\n|faint|p1a: Ho-Oh\n|\n|upkeep\n|\n|t:|1700253764\n|switch|p1a: Beat BobbyFlay|Groudon-Primal|100\/100\n|-weather|DesolateLand|[from] ability: Desolate Land|[of] p1a: Beat BobbyFlay\n|turn|30\n|\n|t:|1700253773\n|switch|p2a: Eternatus|Eternatus|98\/100\n|-ability|p2a: Eternatus|Pressure\n|move|p1a: Beat BobbyFlay|Spikes|p2a: Eternatus\n|-sidestart|p2: OscarToscar|Spikes\n|\n|-weather|DesolateLand|[upkeep]\n|-heal|p2a: Eternatus|100\/100|[from] item: Leftovers\n|upkeep\n|turn|31\n|\n|t:|1700253777\n|move|p2a: Eternatus|Toxic|p1a: Beat BobbyFlay\n|-status|p1a: Beat BobbyFlay|tox\n|move|p1a: Beat BobbyFlay|Precipice Blades|p2a: Eternatus\n|-supereffective|p2a: Eternatus\n|-damage|p2a: Eternatus|0 fnt\n|faint|p2a: Eternatus\n|\n|-weather|DesolateLand|[upkeep]\n|-damage|p1a: Beat BobbyFlay|94\/100 tox|[from] psn\n|upkeep\n|\n|t:|1700253796\n|switch|p2a: Yveltal|Yveltal|88\/100 tox\n|-ability|p2a: Yveltal|Dark Aura\n|turn|32\n|\n|t:|1700253801\n|move|p2a: Yveltal|Dark Pulse|p1a: Beat BobbyFlay\n|-damage|p1a: Beat BobbyFlay|24\/100 tox\n|move|p1a: Beat BobbyFlay|Spikes|p2a: Yveltal\n|-sidestart|p2: OscarToscar|Spikes\n|\n|-weather|DesolateLand|[upkeep]\n|-damage|p2a: Yveltal|82\/100 tox|[from] psn\n|-damage|p1a: Beat BobbyFlay|12\/100 tox|[from] psn\n|upkeep\n|turn|33\n|\n|t:|1700253807\n|-weather|none\n|switch|p1a: Yveltal|Yveltal|86\/100\n|-ability|p1a: Yveltal|Dark Aura\n|move|p2a: Yveltal|Dark Pulse|p1a: Yveltal\n|-resisted|p1a: Yveltal\n|-damage|p1a: Yveltal|60\/100\n|\n|-damage|p2a: Yveltal|70\/100 tox|[from] psn\n|upkeep\n|turn|34\n|\n|t:|1700253815\n|switch|p2a: Arceus|Arceus-Fairy|70\/100 tox\n|-damage|p2a: Arceus|54\/100 tox|[from] Spikes\n|move|p1a: Yveltal|Roost|p1a: Yveltal\n|-heal|p1a: Yveltal|100\/100\n|-singleturn|p1a: Yveltal|move: Roost\n|\n|-damage|p2a: Arceus|48\/100 tox|[from] psn\n|upkeep\n|turn|35\n|\n|t:|1700253819\n|move|p1a: Yveltal|Defog|p2a: Arceus\n|-unboost|p2a: Arceus|evasion|1\n|-sideend|p2: OscarToscar|Spikes|[from] move: Defog|[of] p1a: Yveltal\n|move|p2a: Arceus|Recover|p2a: Arceus\n|-heal|p2a: Arceus|98\/100 tox\n|\n|-damage|p2a: Arceus|86\/100 tox|[from] psn\n|upkeep\n|turn|36\n|\n|t:|1700253826\n|switch|p1a: Mewtwo|Mewtwo|100\/100\n|-ability|p1a: Mewtwo|Pressure\n|move|p2a: Arceus|Judgment|p1a: Mewtwo\n|-damage|p1a: Mewtwo|50\/100\n|\n|-damage|p2a: Arceus|68\/100 tox|[from] psn\n|upkeep\n|turn|37\n|\n|t:|1700253835\n|switch|p2a: Yveltal|Yveltal|70\/100 tox\n|-ability|p2a: Yveltal|Dark Aura\n|detailschange|p1a: Mewtwo|Mewtwo-Mega-Y\n|-mega|p1a: Mewtwo|Mewtwo|Mewtwonite Y\n|move|p1a: Mewtwo|Psystrike|p2a: Yveltal\n|-immune|p2a: Yveltal\n|\n|-damage|p2a: Yveltal|64\/100 tox|[from] psn\n|upkeep\n|turn|38\n|\n|t:|1700253843\n|switch|p1a: Yveltal|Yveltal|100\/100\n|-ability|p1a: Yveltal|Dark Aura\n|move|p2a: Yveltal|Knock Off|p1a: Yveltal\n|-resisted|p1a: Yveltal\n|-damage|p1a: Yveltal|82\/100\n|-enditem|p1a: Yveltal|Heavy-Duty Boots|[from] move: Knock Off|[of] p2a: Yveltal\n|\n|-damage|p2a: Yveltal|52\/100 tox|[from] psn\n|upkeep\n|turn|39\n|\n|t:|1700253855\n|switch|p2a: Arceus|Arceus-Fairy|68\/100 tox\n|switch|p1a: Eternatus|Eternatus|26\/100\n|-ability|p1a: Eternatus|Pressure\n|\n|-heal|p1a: Eternatus|32\/100|[from] item: Leftovers\n|-damage|p2a: Arceus|62\/100 tox|[from] psn\n|upkeep\n|turn|40\n|\n|t:|1700253859\n|move|p1a: Eternatus|Recover|p1a: Eternatus\n|-heal|p1a: Eternatus|82\/100\n|move|p2a: Arceus|Judgment|p1a: Eternatus\n|-damage|p1a: Eternatus|51\/100\n|\n|-heal|p1a: Eternatus|57\/100|[from] item: Leftovers\n|-damage|p2a: Arceus|49\/100 tox|[from] psn\n|upkeep\n|turn|41\n|\n|t:|1700253863\n|move|p1a: Eternatus|Sludge Bomb|p2a: Arceus\n|-supereffective|p2a: Arceus\n|-damage|p2a: Arceus|0 fnt\n|faint|p2a: Arceus\n|\n|-heal|p1a: Eternatus|64\/100|[from] item: Leftovers\n|upkeep\n|\n|t:|1700253877\n|switch|p2a: Ho-Oh|Ho-Oh|100\/100 tox\n|turn|42\n|inactive|Go Birds EAGLES has 120 seconds left.\n|\n|t:|1700253918\n|move|p1a: Eternatus|Toxic Spikes|p2a: Ho-Oh\n|-sidestart|p2: OscarToscar|move: Toxic Spikes\n|move|p2a: Ho-Oh|Thunder Wave|p1a: Eternatus\n|-status|p1a: Eternatus|par\n|\n|-heal|p1a: Eternatus|70\/100 par|[from] item: Leftovers\n|-damage|p2a: Ho-Oh|94\/100 tox|[from] psn\n|upkeep\n|turn|43\n|\n|t:|1700253926\n|switch|p2a: Necrozma|Necrozma-Dusk-Mane|100\/100\n|move|p1a: Eternatus|Sludge Bomb|p2a: Necrozma\n|-immune|p2a: Necrozma\n|\n|-heal|p1a: Eternatus|76\/100 par|[from] item: Leftovers\n|upkeep\n|turn|44\n|inactive|Go Birds EAGLES has 120 seconds left.\n|\n|t:|1700253933\n|switch|p1a: Yveltal|Yveltal|82\/100\n|-ability|p1a: Yveltal|Dark Aura\n|move|p2a: Necrozma|Iron Head|p1a: Yveltal\n|-damage|p1a: Yveltal|49\/100\n|\n|upkeep\n|turn|45\n|\n|t:|1700253944\n|switch|p2a: Ho-Oh|Ho-Oh|100\/100 tox\n|move|p1a: Yveltal|Foul Play|p2a: Ho-Oh\n|-damage|p2a: Ho-Oh|34\/100 tox\n|\n|-damage|p2a: Ho-Oh|28\/100 tox|[from] psn\n|upkeep\n|turn|46\n|\n|t:|1700253952\n|move|p1a: Yveltal|Foul Play|p2a: Ho-Oh\n|-damage|p2a: Ho-Oh|0 fnt\n|faint|p2a: Ho-Oh\n|\n|upkeep\n|\n|t:|1700253965\n|switch|p2a: Zygarde|Zygarde-Complete|56\/100 brn\n|turn|47\n|\n|t:|1700253970\n|move|p1a: Yveltal|Foul Play|p2a: Zygarde\n|-damage|p2a: Zygarde|41\/100 brn\n|move|p2a: Zygarde|Glare|p1a: Yveltal\n|-status|p1a: Yveltal|par\n|\n|-heal|p2a: Zygarde|47\/100 brn|[from] item: Leftovers\n|-damage|p2a: Zygarde|41\/100 brn|[from] brn\n|upkeep\n|turn|48\n|\n|t:|1700253982\n|switch|p2a: Yveltal|Yveltal|52\/100 tox\n|-ability|p2a: Yveltal|Dark Aura\n|switch|p1a: Mewtwo|Mewtwo-Mega-Y|50\/100\n|\n|-damage|p2a: Yveltal|46\/100 tox|[from] psn\n|upkeep\n|turn|49\n|\n|t:|1700253989\n|switch|p1a: Yveltal|Yveltal|49\/100 par\n|-ability|p1a: Yveltal|Dark Aura\n|move|p2a: Yveltal|Dark Pulse|p1a: Yveltal\n|-resisted|p1a: Yveltal\n|-damage|p1a: Yveltal|26\/100 par\n|\n|-damage|p2a: Yveltal|33\/100 tox|[from] psn\n|upkeep\n|turn|50\n|\n|t:|1700253998\n|-terastallize|p2a: Yveltal|Dark\n|move|p2a: Yveltal|Dark Pulse|p1a: Yveltal\n|-resisted|p1a: Yveltal\n|-damage|p1a: Yveltal|0 fnt\n|faint|p1a: Yveltal\n|\n|-damage|p2a: Yveltal|15\/100 tox|[from] psn\n|upkeep\n|\n|t:|1700254005\n|switch|p1a: Beat BobbyFlay|Groudon-Primal|12\/100 tox\n|-weather|DesolateLand|[from] ability: Desolate Land|[of] p1a: Beat BobbyFlay\n|turn|51\n|\n|t:|1700254012\n|switch|p2a: Zygarde|Zygarde-Complete|41\/100 brn\n|move|p1a: Beat BobbyFlay|Precipice Blades|p2a: Zygarde\n|-damage|p2a: Zygarde|17\/100 brn\n|\n|-weather|DesolateLand|[upkeep]\n|-heal|p2a: Zygarde|23\/100 brn|[from] item: Leftovers\n|-damage|p1a: Beat BobbyFlay|5\/100 tox|[from] psn\n|-damage|p2a: Zygarde|17\/100 brn|[from] brn\n|upkeep\n|turn|52\n|\n|t:|1700254020\n|move|p1a: Beat BobbyFlay|Spikes|p2a: Zygarde\n|-sidestart|p2: OscarToscar|Spikes\n|move|p2a: Zygarde|Thousand Arrows|p1a: Beat BobbyFlay\n|-supereffective|p1a: Beat BobbyFlay\n|-damage|p1a: Beat BobbyFlay|0 fnt\n|faint|p1a: Beat BobbyFlay\n|-weather|none\n|\n|-heal|p2a: Zygarde|23\/100 brn|[from] item: Leftovers\n|-damage|p2a: Zygarde|17\/100 brn|[from] brn\n|upkeep\n|\n|t:|1700254030\n|switch|p1a: Mewtwo|Mewtwo-Mega-Y|50\/100\n|turn|53\n|\n|t:|1700254034\n|move|p1a: Mewtwo|Ice Beam|p2a: Zygarde\n|-supereffective|p2a: Zygarde\n|-damage|p2a: Zygarde|0 fnt\n|faint|p2a: Zygarde\n|\n|upkeep\n|\n|t:|1700254036\n|switch|p2a: Yveltal|Yveltal, tera:Dark|15\/100 tox\n|-damage|p2a: Yveltal|3\/100 tox|[from] Spikes\n|-ability|p2a: Yveltal|Dark Aura\n|turn|54\n|\n|t:|1700254041\n|switch|p1a: Creamsicle Molly|Dondozo, F, shiny|59\/100 slp\n|move|p2a: Yveltal|Dark Pulse|p1a: Creamsicle Molly\n|-damage|p1a: Creamsicle Molly|0 fnt\n|faint|p1a: Creamsicle Molly\n|\n|-damage|p2a: Yveltal|0 fnt|[from] psn\n|faint|p2a: Yveltal\n|upkeep\n|\n|t:|1700254047\n|switch|p2a: Necrozma|Necrozma-Dusk-Mane|100\/100\n|switch|p1a: Eternatus|Eternatus|76\/100 par\n|-damage|p2a: Necrozma|88\/100|[from] Spikes\n|-ability|p1a: Eternatus|Pressure\n|turn|55\n|\n|t:|1700254053\n|move|p2a: Necrozma|Iron Head|p1a: Eternatus\n|-damage|p1a: Eternatus|39\/100 par\n|cant|p1a: Eternatus|par\n|\n|-heal|p2a: Necrozma|94\/100|[from] item: Leftovers\n|-heal|p1a: Eternatus|46\/100 par|[from] item: Leftovers\n|upkeep\n|turn|56\n|\n|t:|1700254058\n|move|p2a: Necrozma|Iron Head|p1a: Eternatus\n|-damage|p1a: Eternatus|13\/100 par\n|move|p1a: Eternatus|Recover|p1a: Eternatus\n|-heal|p1a: Eternatus|63\/100 par\n|\n|-heal|p2a: Necrozma|100\/100|[from] item: Leftovers\n|-heal|p1a: Eternatus|70\/100 par|[from] item: Leftovers\n|upkeep\n|turn|57\n|\n|t:|1700254063\n|move|p2a: Necrozma|Iron Head|p1a: Eternatus\n|-damage|p1a: Eternatus|36\/100 par\n|move|p1a: Eternatus|Flamethrower|p2a: Necrozma\n|-supereffective|p2a: Necrozma\n|-damage|p2a: Necrozma|60\/100\n|-status|p2a: Necrozma|brn\n|\n|-heal|p2a: Necrozma|66\/100 brn|[from] item: Leftovers\n|-heal|p1a: Eternatus|42\/100 par|[from] item: Leftovers\n|-damage|p2a: Necrozma|60\/100 brn|[from] brn\n|upkeep\n|turn|58\n|\n|t:|1700254069\n|move|p2a: Necrozma|Iron Head|p1a: Eternatus\n|-damage|p1a: Eternatus|26\/100 par\n|move|p1a: Eternatus|Recover|p1a: Eternatus\n|-heal|p1a: Eternatus|76\/100 par\n|\n|-heal|p2a: Necrozma|66\/100 brn|[from] item: Leftovers\n|-heal|p1a: Eternatus|82\/100 par|[from] item: Leftovers\n|-damage|p2a: Necrozma|60\/100 brn|[from] brn\n|upkeep\n|turn|59\n|\n|t:|1700254074\n|move|p2a: Necrozma|Earthquake|p1a: Eternatus\n|-supereffective|p1a: Eternatus\n|-damage|p1a: Eternatus|53\/100 par\n|move|p1a: Eternatus|Flamethrower|p2a: Necrozma\n|-supereffective|p2a: Necrozma\n|-damage|p2a: Necrozma|24\/100 brn\n|\n|-heal|p2a: Necrozma|31\/100 brn|[from] item: Leftovers\n|-heal|p1a: Eternatus|59\/100 par|[from] item: Leftovers\n|-damage|p2a: Necrozma|24\/100 brn|[from] brn\n|upkeep\n|turn|60\n|\n|t:|1700254078\n|move|p2a: Necrozma|Moonlight|p2a: Necrozma\n|-heal|p2a: Necrozma|74\/100 brn\n|move|p1a: Eternatus|Flamethrower|p2a: Necrozma\n|-supereffective|p2a: Necrozma\n|-damage|p2a: Necrozma|38\/100 brn\n|\n|-heal|p2a: Necrozma|44\/100 brn|[from] item: Leftovers\n|-heal|p1a: Eternatus|65\/100 par|[from] item: Leftovers\n|-damage|p2a: Necrozma|38\/100 brn|[from] brn\n|upkeep\n|turn|61\n|\n|t:|1700254082\n|move|p2a: Necrozma|Iron Head|p1a: Eternatus\n|-damage|p1a: Eternatus|48\/100 par\n|move|p1a: Eternatus|Flamethrower|p2a: Necrozma\n|-supereffective|p2a: Necrozma\n|-damage|p2a: Necrozma|2\/100 brn\n|\n|-heal|p2a: Necrozma|8\/100 brn|[from] item: Leftovers\n|-heal|p1a: Eternatus|55\/100 par|[from] item: Leftovers\n|-damage|p2a: Necrozma|2\/100 brn|[from] brn\n|upkeep\n|turn|62\n|\n|t:|1700254088\n|switch|p1a: Mewtwo|Mewtwo-Mega-Y|50\/100\n|move|p2a: Necrozma|Moonlight|p2a: Necrozma\n|-heal|p2a: Necrozma|52\/100 brn\n|\n|-heal|p2a: Necrozma|58\/100 brn|[from] item: Leftovers\n|-damage|p2a: Necrozma|52\/100 brn|[from] brn\n|upkeep\n|turn|63\n|\n|t:|1700254092\n|move|p1a: Mewtwo|Earth Power|p2a: Necrozma\n|-supereffective|p2a: Necrozma\n|-damage|p2a: Necrozma|0 fnt\n|faint|p2a: Necrozma\n|\n|win|Go Birds EAGLES\n|raw|Go Birds EAGLES's rating: 1528 &rarr; <strong>1553<\/strong><br \/>(+25 for winning)\n|raw|OscarToscar's rating: 1611 &rarr; <strong>1586<\/strong><br \/>(-25 for losing)\n","uploadtime":1700254097,"views":9,"p1id":"gobirdseagles","p2id":"oscartoscar","formatid":"gen9nationaldexubers","rating":1553,"private":0,"password":""}