{"id":"gen9nationaldexubers-1979077185","p1":"KitsuneNoble","p2":"MyStaT","format":"[Gen 9] National Dex Ubers","log":"|j|\u2606KitsuneNoble\n|j|\u2606MyStaT\n|t:|1698629231\n|gametype|singles\n|player|p1|KitsuneNoble|drasna|\n|player|p2|MyStaT|harlequin|\n|teamsize|p1|6\n|teamsize|p2|6\n|gen|9\n|tier|[Gen 9] National Dex Ubers\n|rule|HP Percentage Mod: HP is shown in percentages\n|rule|Endless Battle Clause: Forcing endless battles is banned\n|rule|OHKO Clause: OHKO moves are banned\n|rule|Evasion Moves Clause: Evasion moves are banned\n|rule|Evasion Items Clause: Evasion items are banned\n|rule|Species Clause: Limit one of each Pok\u00e9mon\n|rule|Sleep Clause Mod: Limit one foe put to sleep\n|rule|Mega Rayquaza Clause: You cannot mega evolve Rayquaza\n|clearpoke\n|poke|p1|Iron Valiant|\n|poke|p1|Gliscor, F|\n|poke|p1|Beedrill, M|\n|poke|p1|Slowbro, F|\n|poke|p1|Amoonguss, F|\n|poke|p1|Goodra, F|\n|poke|p2|Tapu Lele|\n|poke|p2|Charizard, M|\n|poke|p2|Chansey, F|\n|poke|p2|Gengar, F|\n|poke|p2|Iron Treads|\n|poke|p2|Thundurus-Therian, M|\n|teampreview\n|c|\u2606MyStaT|Nvm, I just quickly switched format for the team\n|c|\u2606KitsuneNoble|GLHF\n|c|\u2606MyStaT|Also damnit, I didn't grab the replay link ;-;\n|c|\u2606KitsuneNoble|oh\n|c|\u2606KitsuneNoble|its fine probably\n|c|\u2606MyStaT|Yea, I guess\n|c|\u2606MyStaT|Battle links tve important one\n|c|\u2606MyStaT|Gl\n|\n|t:|1698629342\n|start\n|switch|p1a: Gliscor|Gliscor, F|100\/100\n|switch|p2a: TrevorOneTread|Iron Treads|100\/100\n|turn|1\n|\n|t:|1698629358\n|move|p2a: TrevorOneTread|Stealth Rock|p1a: Gliscor\n|-sidestart|p1: KitsuneNoble|move: Stealth Rock\n|move|p1a: Gliscor|Earthquake|p2a: TrevorOneTread\n|-supereffective|p2a: TrevorOneTread\n|-damage|p2a: TrevorOneTread|29\/100\n|\n|-heal|p2a: TrevorOneTread|35\/100|[from] item: Leftovers\n|-status|p1a: Gliscor|tox|[from] item: Toxic Orb\n|upkeep\n|turn|2\n|\n|t:|1698629376\n|switch|p1a: Goodra|Goodra, F|100\/100\n|-damage|p1a: Goodra|88\/100|[from] Stealth Rock\n|move|p2a: TrevorOneTread|Ice Spinner|p1a: Goodra\n|-supereffective|p1a: Goodra\n|-damage|p1a: Goodra|58\/100\n|\n|-heal|p2a: TrevorOneTread|41\/100|[from] item: Leftovers\n|upkeep\n|turn|3\n|\n|t:|1698629404\n|-end|p2a: TrevorOneTread|Quark Drive|[silent]\n|switch|p2a: Plump|Chansey, F|100\/100\n|move|p1a: Goodra|Earthquake|p2a: Plump\n|-damage|p2a: Plump|85\/100\n|\n|upkeep\n|turn|4\n|\n|t:|1698629422\n|move|p1a: Goodra|Knock Off|p2a: Plump\n|-damage|p2a: Plump|71\/100\n|-enditem|p2a: Plump|Eviolite|[from] move: Knock Off|[of] p1a: Goodra\n|move|p2a: Plump|Teleport|p2a: Plump\n|\n|t:|1698629435\n|switch|p2a: Watch me lele|Tapu Lele|100\/100|[from] Teleport\n|-fieldstart|move: Psychic Terrain|[from] ability: Psychic Surge|[of] p2a: Watch me lele\n|\n|upkeep\n|turn|5\n|\n|t:|1698629442\n|switch|p1a: Slowbro|Slowbro, F|100\/100\n|-damage|p1a: Slowbro|88\/100|[from] Stealth Rock\n|move|p2a: Watch me lele|Psyshock|p1a: Slowbro\n|-resisted|p1a: Slowbro\n|-damage|p1a: Slowbro|64\/100\n|\n|upkeep\n|turn|6\n|\n|t:|1698629452\n|switch|p2a: Plump|Chansey, F|71\/100\n|move|p1a: Slowbro|Slack Off|p1a: Slowbro\n|-heal|p1a: Slowbro|100\/100\n|\n|upkeep\n|turn|7\n|\n|t:|1698629483\n|move|p1a: Slowbro|Future Sight|p2a: Plump\n|-start|p1a: Slowbro|move: Future Sight\n|move|p2a: Plump|Teleport|p2a: Plump\n|\n|t:|1698629494\n|switch|p2a: Cloudian Acidcloud|Thundurus-Therian, M|100\/100|[from] Teleport\n|\n|upkeep\n|turn|8\n|\n|t:|1698629527\n|switch|p1a: Amoonguss|Amoonguss, F|100\/100\n|-damage|p1a: Amoonguss|88\/100|[from] Stealth Rock\n|move|p2a: Cloudian Acidcloud|Volt Switch|p1a: Amoonguss\n|-resisted|p1a: Amoonguss\n|-damage|p1a: Amoonguss|76\/100\n|\n|t:|1698629534\n|switch|p2a: Plump|Chansey, F|71\/100|[from] Volt Switch\n|\n|-heal|p1a: Amoonguss|82\/100|[from] item: Black Sludge\n|-fieldend|move: Psychic Terrain\n|upkeep\n|turn|9\n|\n|t:|1698629553\n|move|p2a: Plump|Soft-Boiled|p2a: Plump\n|-heal|p2a: Plump|100\/100\n|move|p1a: Amoonguss|Toxic|p2a: Plump\n|-status|p2a: Plump|tox\n|\n|-end|p2a: Plump|move: Future Sight\n|-damage|p2a: Plump|82\/100 tox\n|-heal|p1a: Amoonguss|89\/100|[from] item: Black Sludge\n|-damage|p2a: Plump|76\/100 tox|[from] psn\n|upkeep\n|turn|10\n|\n|t:|1698629574\n|-curestatus|p2a: Plump|tox|[from] ability: Natural Cure\n|switch|p2a: HE STILL HAS FEET|Charizard, M|100\/100\n|switch|p1a: Beedrill|Beedrill, M|100\/100\n|-damage|p1a: Beedrill|76\/100|[from] Stealth Rock\n|\n|upkeep\n|turn|11\n|\n|t:|1698629589\n|detailschange|p1a: Beedrill|Beedrill-Mega, M\n|-mega|p1a: Beedrill|Beedrill|Beedrillite\n|move|p1a: Beedrill|U-turn|p2a: HE STILL HAS FEET\n|-resisted|p2a: HE STILL HAS FEET\n|-damage|p2a: HE STILL HAS FEET|81\/100\n|\n|t:|1698629596\n|switch|p1a: Slowbro|Slowbro, F|100\/100|[from] U-turn\n|-damage|p1a: Slowbro|88\/100|[from] Stealth Rock\n|move|p2a: HE STILL HAS FEET|Dragon Dance|p2a: HE STILL HAS FEET\n|-boost|p2a: HE STILL HAS FEET|atk|1\n|-boost|p2a: HE STILL HAS FEET|spe|1\n|\n|upkeep\n|turn|12\n|\n|t:|1698629606\n|detailschange|p2a: HE STILL HAS FEET|Charizard-Mega-X, M\n|-mega|p2a: HE STILL HAS FEET|Charizard|Charizardite X\n|move|p2a: HE STILL HAS FEET|Thunder Punch|p1a: Slowbro\n|-supereffective|p1a: Slowbro\n|-damage|p1a: Slowbro|26\/100\n|-damage|p2a: HE STILL HAS FEET|64\/100|[from] item: Rocky Helmet|[of] p1a: Slowbro\n|move|p1a: Slowbro|Future Sight|p2a: HE STILL HAS FEET\n|-start|p1a: Slowbro|move: Future Sight\n|\n|upkeep\n|turn|13\n|\n|t:|1698629618\n|switch|p1a: Amoonguss|Amoonguss, F|100\/100\n|-damage|p1a: Amoonguss|88\/100|[from] Stealth Rock\n|move|p2a: HE STILL HAS FEET|Flare Blitz|p1a: Amoonguss\n|-supereffective|p1a: Amoonguss\n|-damage|p1a: Amoonguss|0 fnt\n|faint|p1a: Amoonguss\n|-damage|p2a: HE STILL HAS FEET|22\/100|[from] Recoil\n|\n|upkeep\n|\n|t:|1698629634\n|switch|p1a: Beedrill|Beedrill-Mega, M|76\/100\n|-damage|p1a: Beedrill|51\/100|[from] Stealth Rock\n|turn|14\n|\n|t:|1698629660\n|move|p2a: HE STILL HAS FEET|Thunder Punch|p1a: Beedrill\n|-damage|p1a: Beedrill|0 fnt\n|faint|p1a: Beedrill\n|\n|-end|p2a: HE STILL HAS FEET|move: Future Sight\n|-damage|p2a: HE STILL HAS FEET|0 fnt\n|faint|p2a: HE STILL HAS FEET\n|upkeep\n|\n|t:|1698629687\n|switch|p1a: Gliscor|Gliscor, F|100\/100 tox\n|switch|p2a: Cloudian Acidcloud|Thundurus-Therian, M|100\/100\n|-damage|p1a: Gliscor|88\/100 tox|[from] Stealth Rock\n|turn|15\n|\n|t:|1698629710\n|switch|p1a: Goodra|Goodra, F|58\/100\n|-damage|p1a: Goodra|46\/100|[from] Stealth Rock\n|move|p2a: Cloudian Acidcloud|Hidden Power|p1a: Goodra\n|-supereffective|p1a: Goodra\n|-damage|p1a: Goodra|27\/100\n|\n|upkeep\n|turn|16\n|\n|t:|1698629736\n|move|p2a: Cloudian Acidcloud|Volt Switch|p1a: Goodra\n|-resisted|p1a: Goodra\n|-damage|p1a: Goodra|19\/100\n|\n|t:|1698629743\n|switch|p2a: Plump|Chansey, F|76\/100|[from] Volt Switch\n|move|p1a: Goodra|Knock Off|p2a: Plump\n|-damage|p2a: Plump|63\/100\n|\n|upkeep\n|turn|17\n|j| Antkiller0909\n|\n|t:|1698629766\n|switch|p1a: Slowbro|Slowbro, F|59\/100\n|-damage|p1a: Slowbro|47\/100|[from] Stealth Rock\n|move|p2a: Plump|Teleport|p2a: Plump\n|\n|t:|1698629771\n|switch|p2a: Cloudian Acidcloud|Thundurus-Therian, M|100\/100|[from] Teleport\n|\n|upkeep\n|turn|18\n|\n|t:|1698629781\n|switch|p1a: Gliscor|Gliscor, F|88\/100 tox\n|-damage|p1a: Gliscor|76\/100 tox|[from] Stealth Rock\n|move|p2a: Cloudian Acidcloud|Discharge|p1a: Gliscor\n|-immune|p1a: Gliscor\n|\n|-heal|p1a: Gliscor|88\/100 tox|[from] ability: Poison Heal\n|upkeep\n|turn|19\n|\n|t:|1698629791\n|move|p1a: Gliscor|Protect|p1a: Gliscor\n|-singleturn|p1a: Gliscor|Protect\n|move|p2a: Cloudian Acidcloud|Hidden Power|p1a: Gliscor\n|-activate|p1a: Gliscor|move: Protect\n|\n|-heal|p1a: Gliscor|100\/100 tox|[from] ability: Poison Heal\n|upkeep\n|turn|20\n|c| Antkiller0909|you forgot the battle link, also i have the replay on me\n|\n|t:|1698629818\n|switch|p1a: Goodra|Goodra, F|19\/100\n|-damage|p1a: Goodra|7\/100|[from] Stealth Rock\n|move|p2a: Cloudian Acidcloud|Hidden Power|p1a: Goodra\n|-supereffective|p1a: Goodra\n|-damage|p1a: Goodra|0 fnt\n|faint|p1a: Goodra\n|\n|upkeep\n|\n|t:|1698629830\n|switch|p1a: Iron Valiant|Iron Valiant|100\/100\n|-damage|p1a: Iron Valiant|94\/100|[from] Stealth Rock\n|-enditem|p1a: Iron Valiant|Booster Energy\n|-activate|p1a: Iron Valiant|ability: Quark Drive|[fromitem]\n|-start|p1a: Iron Valiant|quarkdrivespe\n|turn|21\n|c|\u2606MyStaT|Ah shit\n|c|\u2606MyStaT|Ty Ant\n|c| Antkiller0909|no prob\n|\n|t:|1698629919\n|move|p1a: Iron Valiant|Encore|p2a: Cloudian Acidcloud\n|-start|p2a: Cloudian Acidcloud|Encore\n|move|p2a: Cloudian Acidcloud|Hidden Power|p1a: Iron Valiant\n|-damage|p1a: Iron Valiant|56\/100\n|\n|upkeep\n|turn|22\n|\n|t:|1698629929\n|move|p1a: Iron Valiant|Swords Dance|p1a: Iron Valiant\n|-boost|p1a: Iron Valiant|atk|2\n|move|p2a: Cloudian Acidcloud|Hidden Power|p1a: Iron Valiant\n|-damage|p1a: Iron Valiant|12\/100\n|\n|upkeep\n|turn|23\n|\n|t:|1698629937\n|move|p1a: Iron Valiant|Knock Off|p2a: Cloudian Acidcloud\n|-enditem|p2a: Cloudian Acidcloud|Focus Sash\n|-damage|p2a: Cloudian Acidcloud|1\/100\n|move|p2a: Cloudian Acidcloud|Hidden Power|p1a: Iron Valiant\n|-crit|p1a: Iron Valiant\n|-damage|p1a: Iron Valiant|0 fnt\n|faint|p1a: Iron Valiant\n|-end|p1a: Iron Valiant|Quark Drive|[silent]\n|\n|-end|p2a: Cloudian Acidcloud|Encore\n|upkeep\n|\n|t:|1698629947\n|switch|p1a: Slowbro|Slowbro, F|80\/100\n|-damage|p1a: Slowbro|68\/100|[from] Stealth Rock\n|turn|24\n|\n|t:|1698629963\n|move|p2a: Cloudian Acidcloud|Discharge|p1a: Slowbro\n|-supereffective|p1a: Slowbro\n|-damage|p1a: Slowbro|0 fnt\n|faint|p1a: Slowbro\n|\n|upkeep\n|\n|t:|1698629968\n|switch|p1a: Gliscor|Gliscor, F|100\/100 tox\n|-damage|p1a: Gliscor|88\/100 tox|[from] Stealth Rock\n|turn|25\n|\n|t:|1698629976\n|move|p1a: Gliscor|Protect|p1a: Gliscor\n|-singleturn|p1a: Gliscor|Protect\n|move|p2a: Cloudian Acidcloud|Hidden Power|p1a: Gliscor\n|-activate|p1a: Gliscor|move: Protect\n|\n|-heal|p1a: Gliscor|100\/100 tox|[from] ability: Poison Heal\n|upkeep\n|turn|26\n|\n|t:|1698629988\n|move|p2a: Cloudian Acidcloud|Hidden Power|p1a: Gliscor\n|-supereffective|p1a: Gliscor\n|-damage|p1a: Gliscor|0 fnt\n|faint|p1a: Gliscor\n|\n|win|MyStaT\n|c|\u2606KitsuneNoble|GGs\n|c|\u2606MyStaT|Ggs\n|l|\u2606KitsuneNoble\n|player|p2|MyStaT|harlequin\n","uploadtime":1698630012,"views":20,"p1id":"kitsunenoble","p2id":"mystat","formatid":"gen9nationaldexubers","rating":0,"private":0,"password":""}