{"id":"gen9nationaldexubers-1992844283","p1":"XJohnson","p2":"RedzinhuYt","format":"[Gen 9] National Dex Ubers","log":"|j|\u2606XJohnson\n|j|\u2606RedzinhuYt\n|t:|1700240324\n|gametype|singles\n|player|p1|XJohnson|gloria-masters|1247\n|player|p2|RedzinhuYt|red-masters|1216\n|teamsize|p1|6\n|teamsize|p2|6\n|gen|9\n|tier|[Gen 9] National Dex Ubers\n|rated|\n|rule|HP Percentage Mod: HP is shown in percentages\n|rule|Endless Battle Clause: Forcing endless battles is banned\n|rule|OHKO Clause: OHKO moves are banned\n|rule|Evasion Moves Clause: Evasion moves are banned\n|rule|Evasion Items Clause: Evasion items are banned\n|rule|Species Clause: Limit one of each Pok\u00e9mon\n|rule|Sleep Clause Mod: Limit one foe put to sleep\n|rule|Mega Rayquaza Clause: You cannot mega evolve Rayquaza\n|clearpoke\n|poke|p1|Shaymin-Sky|\n|poke|p1|Yveltal|\n|poke|p1|Lunala|\n|poke|p1|Tapu Bulu|\n|poke|p1|Annihilape, M|\n|poke|p1|Ninetales-Alola, F|\n|poke|p2|Raichu, M|\n|poke|p2|Goodra, F|\n|poke|p2|Greninja-*, M|\n|poke|p2|Melmetal|\n|poke|p2|Farigiraf, F|\n|poke|p2|Pidgeot, M|\n|teampreview\n|c|\u2606RedzinhuYt|lascou\n|\n|t:|1700240343\n|start\n|switch|p1a: Annihilape|Annihilape, M|100\/100\n|switch|p2a: Farigiraf|Farigiraf, F, shiny|100\/100\n|turn|1\n|\n|t:|1700240352\n|move|p1a: Annihilape|Stealth Rock|p2a: Farigiraf\n|-sidestart|p2: RedzinhuYt|move: Stealth Rock\n|move|p2a: Farigiraf|Trick Room|p2a: Farigiraf\n|-fieldstart|move: Trick Room|[of] p2a: Farigiraf\n|\n|upkeep\n|turn|2\n|\n|t:|1700240362\n|switch|p1a: Yveltal|Yveltal|100\/100\n|-ability|p1a: Yveltal|Dark Aura\n|move|p2a: Farigiraf|Shadow Ball|p1a: Yveltal\n|-resisted|p1a: Yveltal\n|-damage|p1a: Yveltal|90\/100\n|\n|upkeep\n|turn|3\n|\n|t:|1700240369\n|switch|p2a: Melmetal|Melmetal|100\/100\n|-damage|p2a: Melmetal|94\/100|[from] Stealth Rock\n|move|p1a: Yveltal|Dark Pulse|p2a: Melmetal\n|-damage|p2a: Melmetal|3\/100\n|\n|upkeep\n|turn|4\n|\n|t:|1700240376\n|switch|p1a: Annihilape|Annihilape, M|100\/100\n|move|p2a: Melmetal|Double Iron Bash|p1a: Annihilape\n|-damage|p1a: Annihilape|59\/100\n|-damage|p1a: Annihilape|13\/100\n|-hitcount|p1a: Annihilape|2\n|\n|-heal|p1a: Annihilape|19\/100|[from] item: Leftovers\n|upkeep\n|turn|5\n|\n|t:|1700240384\n|move|p2a: Melmetal|Double Iron Bash|p1a: Annihilape\n|-damage|p1a: Annihilape|0 fnt\n|faint|p1a: Annihilape\n|-hitcount|p1: Annihilape|1\n|\n|-fieldend|move: Trick Room\n|upkeep\n|\n|t:|1700240400\n|switch|p1a: Shaymin|Shaymin-Sky|100\/100\n|turn|6\n|\n|t:|1700240409\n|move|p1a: Shaymin|Air Slash|p2a: Melmetal|[miss]\n|-miss|p1a: Shaymin|p2a: Melmetal\n|move|p2a: Melmetal|Heavy Slam|p1a: Shaymin\n|-damage|p1a: Shaymin|3\/100\n|\n|upkeep\n|turn|7\n|c|\u2606XJohnson|Yep\n|\n|t:|1700240419\n|move|p1a: Shaymin|Air Slash|p2a: Melmetal\n|-resisted|p2a: Melmetal\n|-damage|p2a: Melmetal|0 fnt\n|faint|p2a: Melmetal\n|\n|upkeep\n|c|\u2606RedzinhuYt|blud, you so much good\n|\n|t:|1700240428\n|switch|p2a: Pidgeot|Pidgeot, M|100\/100\n|-damage|p2a: Pidgeot|76\/100|[from] Stealth Rock\n|turn|8\n|\n|t:|1700240443\n|detailschange|p2a: Pidgeot|Pidgeot-Mega, M\n|-mega|p2a: Pidgeot|Pidgeot|Pidgeotite\n|move|p1a: Shaymin|Air Slash|p2a: Pidgeot\n|-damage|p2a: Pidgeot|29\/100\n|cant|p2a: Pidgeot|flinch\n|\n|upkeep\n|turn|9\n|\n|t:|1700240449\n|move|p1a: Shaymin|Air Slash|p2a: Pidgeot\n|-damage|p2a: Pidgeot|0 fnt\n|faint|p2a: Pidgeot\n|\n|upkeep\n|\n|t:|1700240454\n|switch|p2a: Raichu|Raichu, M|100\/100\n|-damage|p2a: Raichu|88\/100|[from] Stealth Rock\n|turn|10\n|\n|t:|1700240458\n|switch|p1a: Ninetales|Ninetales-Alola, F|100\/100\n|-weather|Snow|[from] ability: Snow Warning|[of] p1a: Ninetales\n|move|p2a: Raichu|Quick Attack|p1a: Ninetales\n|-damage|p1a: Ninetales|94\/100\n|\n|-weather|Snow|[upkeep]\n|upkeep\n|turn|11\n|\n|t:|1700240465\n|move|p1a: Ninetales|Encore|p2a: Raichu\n|-start|p2a: Raichu|Encore\n|move|p2a: Raichu|Quick Attack|p1a: Ninetales\n|-damage|p1a: Ninetales|87\/100\n|\n|-weather|Snow|[upkeep]\n|upkeep\n|turn|12\n|\n|t:|1700240482\n|switch|p2a: Farigiraf|Farigiraf, F, shiny|100\/100\n|-damage|p2a: Farigiraf|88\/100|[from] Stealth Rock\n|move|p1a: Ninetales|Aurora Veil|p1a: Ninetales\n|-sidestart|p1: XJohnson|move: Aurora Veil\n|\n|-weather|Snow|[upkeep]\n|upkeep\n|turn|13\n|\n|t:|1700240494\n|move|p1a: Ninetales|Moonblast|p2a: Farigiraf\n|-damage|p2a: Farigiraf|58\/100\n|move|p2a: Farigiraf|Psychic|p1a: Ninetales\n|-damage|p1a: Ninetales|67\/100\n|\n|-weather|Snow|[upkeep]\n|upkeep\n|turn|14\n|\n|t:|1700240507\n|switch|p1a: Yveltal|Yveltal|90\/100\n|-ability|p1a: Yveltal|Dark Aura\n|move|p2a: Farigiraf|Shadow Ball|p1a: Yveltal\n|-resisted|p1a: Yveltal\n|-damage|p1a: Yveltal|85\/100\n|\n|-weather|none\n|upkeep\n|turn|15\n|\n|t:|1700240518\n|move|p1a: Yveltal|Oblivion Wing|p2a: Farigiraf\n|-damage|p2a: Farigiraf|0 fnt\n|-heal|p1a: Yveltal|100\/100|[from] drain|[of] p2a: Farigiraf\n|faint|p2a: Farigiraf\n|\n|upkeep\n|\n|t:|1700240523\n|switch|p2a: Raichu|Raichu, M|88\/100\n|-damage|p2a: Raichu|76\/100|[from] Stealth Rock\n|turn|16\n|\n|t:|1700240528\n|switch|p1a: Ninetales|Ninetales-Alola, F|67\/100\n|-weather|Snow|[from] ability: Snow Warning|[of] p1a: Ninetales\n|move|p2a: Raichu|Thunderbolt|p1a: Ninetales\n|-damage|p1a: Ninetales|48\/100\n|\n|-weather|Snow|[upkeep]\n|upkeep\n|turn|17\n|\n|t:|1700240537\n|move|p1a: Ninetales|Moonblast|p2a: Raichu\n|-damage|p2a: Raichu|27\/100\n|-unboost|p2a: Raichu|spa|1\n|move|p2a: Raichu|Focus Blast|p1a: Ninetales\n|-damage|p1a: Ninetales|36\/100\n|\n|-weather|Snow|[upkeep]\n|upkeep\n|turn|18\n|\n|t:|1700240547\n|switch|p1a: Yveltal|Yveltal|100\/100\n|-ability|p1a: Yveltal|Dark Aura\n|move|p2a: Raichu|Thunderbolt|p1a: Yveltal\n|-supereffective|p1a: Yveltal\n|-damage|p1a: Yveltal|75\/100\n|\n|-weather|Snow|[upkeep]\n|upkeep\n|turn|19\n|\n|t:|1700240554\n|move|p1a: Yveltal|Oblivion Wing|p2a: Raichu\n|-resisted|p2a: Raichu\n|-damage|p2a: Raichu|0 fnt\n|-heal|p1a: Yveltal|88\/100|[from] drain|[of] p2a: Raichu\n|faint|p2a: Raichu\n|\n|-weather|Snow|[upkeep]\n|-sideend|p1: XJohnson|move: Aurora Veil\n|upkeep\n|\n|t:|1700240559\n|switch|p2a: Goodra|Goodra, F|100\/100\n|-damage|p2a: Goodra|88\/100|[from] Stealth Rock\n|turn|20\n|\n|t:|1700240564\n|switch|p1a: Shaymin|Shaymin-Sky|3\/100\n|move|p2a: Goodra|Ice Beam|p1a: Shaymin\n|-supereffective|p1a: Shaymin\n|-damage|p1a: Shaymin|0 fnt\n|faint|p1a: Shaymin\n|\n|-weather|none\n|upkeep\n|\n|t:|1700240571\n|switch|p1a: Tapu Bulu|Tapu Bulu|100\/100\n|-fieldstart|move: Grassy Terrain|[from] ability: Grassy Surge|[of] p1a: Tapu Bulu\n|turn|21\n|\n|t:|1700240578\n|-terastallize|p1a: Tapu Bulu|Steel\n|move|p2a: Goodra|Ice Beam|p1a: Tapu Bulu\n|-resisted|p1a: Tapu Bulu\n|-damage|p1a: Tapu Bulu|86\/100\n|move|p1a: Tapu Bulu|Leech Seed|p2a: Goodra\n|-start|p2a: Goodra|move: Leech Seed\n|\n|-heal|p2a: Goodra|94\/100|[from] Grassy Terrain\n|-heal|p1a: Tapu Bulu|92\/100|[from] Grassy Terrain\n|-damage|p2a: Goodra|82\/100|[from] Leech Seed|[of] p1a: Tapu Bulu\n|-heal|p1a: Tapu Bulu|100\/100|[silent]\n|upkeep\n|turn|22\n|\n|t:|1700240586\n|switch|p1a: Ninetales|Ninetales-Alola, F|36\/100\n|-weather|Snow|[from] ability: Snow Warning|[of] p1a: Ninetales\n|move|p2a: Goodra|Hydro Pump|p1a: Ninetales\n|-damage|p1a: Ninetales|4\/100\n|\n|-weather|Snow|[upkeep]\n|-heal|p1a: Ninetales|11\/100|[from] Grassy Terrain\n|-heal|p2a: Goodra|88\/100|[from] Grassy Terrain\n|-damage|p2a: Goodra|76\/100|[from] Leech Seed|[of] p1a: Ninetales\n|-heal|p1a: Ninetales|23\/100|[silent]\n|upkeep\n|turn|23\n|\n|t:|1700240593\n|move|p1a: Ninetales|Aurora Veil|p1a: Ninetales\n|-sidestart|p1: XJohnson|move: Aurora Veil\n|move|p2a: Goodra|Hydro Pump|p1a: Ninetales\n|-damage|p1a: Ninetales|5\/100\n|\n|-weather|Snow|[upkeep]\n|-heal|p1a: Ninetales|11\/100|[from] Grassy Terrain\n|-heal|p2a: Goodra|82\/100|[from] Grassy Terrain\n|-damage|p2a: Goodra|69\/100|[from] Leech Seed|[of] p1a: Ninetales\n|-heal|p1a: Ninetales|23\/100|[silent]\n|upkeep\n|turn|24\n|\n|t:|1700240597\n|move|p1a: Ninetales|Moonblast|p2a: Goodra\n|-supereffective|p2a: Goodra\n|-damage|p2a: Goodra|32\/100\n|move|p2a: Goodra|Hydro Pump|p1a: Ninetales\n|-damage|p1a: Ninetales|6\/100\n|\n|-weather|Snow|[upkeep]\n|-heal|p1a: Ninetales|12\/100|[from] Grassy Terrain\n|-heal|p2a: Goodra|38\/100|[from] Grassy Terrain\n|-damage|p2a: Goodra|26\/100|[from] Leech Seed|[of] p1a: Ninetales\n|-heal|p1a: Ninetales|24\/100|[silent]\n|upkeep\n|turn|25\n|c|\u2606XJohnson|\u2026\n|\n|t:|1700240607\n|move|p1a: Ninetales|Moonblast|p2a: Goodra\n|-supereffective|p2a: Goodra\n|-damage|p2a: Goodra|0 fnt\n|faint|p2a: Goodra\n|\n|-weather|Snow|[upkeep]\n|-heal|p1a: Ninetales|31\/100|[from] Grassy Terrain\n|upkeep\n|c|\u2606RedzinhuYt|what\n|\n|t:|1700240614\n|switch|p2a: Greninja|Greninja, M|100\/100\n|-damage|p2a: Greninja|88\/100|[from] Stealth Rock\n|turn|26\n|\n|t:|1700240624\n|move|p2a: Greninja|Water Shuriken|p1a: Ninetales\n|-damage|p1a: Ninetales|27\/100\n|-damage|p1a: Ninetales|23\/100\n|-damage|p1a: Ninetales|19\/100\n|-damage|p1a: Ninetales|15\/100\n|-damage|p1a: Ninetales|11\/100\n|-hitcount|p1a: Ninetales|5\n|move|p1a: Ninetales|Moonblast|p2a: Greninja\n|-supereffective|p2a: Greninja\n|-damage|p2a: Greninja|0 fnt\n|faint|p2a: Greninja\n|\n|win|XJohnson\n|raw|XJohnson's rating: 1247 &rarr; <strong>1270<\/strong><br \/>(+23 for winning)\n|raw|RedzinhuYt's rating: 1216 &rarr; <strong>1193<\/strong><br \/>(-23 for losing)\n","uploadtime":1700240632,"views":7,"p1id":"xjohnson","p2id":"redzinhuyt","formatid":"gen9nationaldexubers","rating":1193,"private":0,"password":""}