{"id":"gen9nationaldexubers-1993906425","p1":"XxBlazefirexX","p2":"KavinKM7","format":"[Gen 9] National Dex Ubers","log":"|j|\u2606XxBlazefirexX\n|j|\u2606KavinKM7\n|t:|1700373280\n|gametype|singles\n|player|p1|XxBlazefirexX|ash|1040\n|player|p2|KavinKM7|2|1059\n|teamsize|p1|6\n|teamsize|p2|6\n|gen|9\n|tier|[Gen 9] National Dex Ubers\n|rated|\n|rule|HP Percentage Mod: HP is shown in percentages\n|rule|Endless Battle Clause: Forcing endless battles is banned\n|rule|OHKO Clause: OHKO moves are banned\n|rule|Evasion Moves Clause: Evasion moves are banned\n|rule|Evasion Items Clause: Evasion items are banned\n|rule|Species Clause: Limit one of each Pok\u00e9mon\n|rule|Sleep Clause Mod: Limit one foe put to sleep\n|rule|Mega Rayquaza Clause: You cannot mega evolve Rayquaza\n|clearpoke\n|poke|p1|Pikachu-Original, M|\n|poke|p1|Dragonite, F|\n|poke|p1|Gengar, M|\n|poke|p1|Lucario, M|\n|poke|p1|Sirfetch\u2019d, F|\n|poke|p1|Dracovish|\n|poke|p2|Calyrex-Ice|\n|poke|p2|Mimikyu, F|\n|poke|p2|Dragapult, F|\n|poke|p2|Togekiss, F|\n|poke|p2|Rhyperior, F|\n|poke|p2|Necrozma-Dusk-Mane|\n|teampreview\n|\n|t:|1700373288\n|start\n|switch|p1a: Pikachu|Pikachu-Original, M|100\/100\n|switch|p2a: Calyrex|Calyrex-Ice|100\/100\n|-ability|p2a: Calyrex|As One\n|-ability|p2a: Calyrex|Unnerve\n|turn|1\n|\n|t:|1700373296\n|move|p1a: Pikachu|Iron Tail|p2a: Calyrex\n|-supereffective|p2a: Calyrex\n|-damage|p2a: Calyrex|50\/100\n|-unboost|p2a: Calyrex|def|1\n|move|p2a: Calyrex|Trick Room|p2a: Calyrex\n|-fieldstart|move: Trick Room|[of] p2a: Calyrex\n|\n|upkeep\n|turn|2\n|inactive|Battle timer is ON: inactive players will automatically lose when time's up. (requested by KavinKM7)\n|\n|t:|1700373304\n|move|p2a: Calyrex|High Horsepower|p1a: Pikachu\n|-supereffective|p1a: Pikachu\n|-damage|p1a: Pikachu|0 fnt\n|faint|p1a: Pikachu\n|-ability|p2a: Calyrex|Chilling Neigh|boost\n|-boost|p2a: Calyrex|atk|1\n|-damage|p2a: Calyrex|40\/100|[from] item: Life Orb\n|\n|upkeep\n|\n|t:|1700373314\n|switch|p1a: Dragonite|Dragonite, F|100\/100\n|turn|3\n|\n|t:|1700373326\n|move|p2a: Calyrex|Glacial Lance|p1a: Dragonite\n|-supereffective|p1a: Dragonite\n|-damage|p1a: Dragonite|0 fnt\n|faint|p1a: Dragonite\n|-ability|p2a: Calyrex|Chilling Neigh|boost\n|-boost|p2a: Calyrex|atk|1\n|-damage|p2a: Calyrex|30\/100|[from] item: Life Orb\n|\n|upkeep\n|\n|t:|1700373333\n|switch|p1a: Dracovish|Dracovish|100\/100\n|turn|4\n|\n|t:|1700373340\n|move|p2a: Calyrex|Glacial Lance|p1a: Dracovish\n|-crit|p1a: Dracovish\n|-damage|p1a: Dracovish|0 fnt\n|faint|p1a: Dracovish\n|-ability|p2a: Calyrex|Chilling Neigh|boost\n|-boost|p2a: Calyrex|atk|1\n|-damage|p2a: Calyrex|20\/100|[from] item: Life Orb\n|\n|upkeep\n|\n|t:|1700373347\n|switch|p1a: Lucario|Lucario, M|100\/100\n|turn|5\n|\n|t:|1700373352\n|detailschange|p1a: Lucario|Lucario-Mega, M\n|-mega|p1a: Lucario|Lucario|Lucarionite\n|move|p1a: Lucario|Bullet Punch|p2a: Calyrex\n|-supereffective|p2a: Calyrex\n|-damage|p2a: Calyrex|0 fnt\n|faint|p2a: Calyrex\n|\n|-fieldend|move: Trick Room\n|upkeep\n|\n|t:|1700373359\n|switch|p2a: Mimikyu|Mimikyu, F|100\/100\n|turn|6\n|\n|t:|1700373364\n|switch|p1a: Gengar|Gengar, M|100\/100\n|move|p2a: Mimikyu|Trick Room|p2a: Mimikyu\n|-fieldstart|move: Trick Room|[of] p2a: Mimikyu\n|\n|upkeep\n|turn|7\n|\n|t:|1700373382\n|move|p2a: Mimikyu|Shadow Sneak|p1a: Gengar\n|-supereffective|p1a: Gengar\n|-damage|p1a: Gengar|17\/100\n|-damage|p2a: Mimikyu|91\/100|[from] item: Life Orb\n|move|p1a: Gengar|Toxic|p2a: Mimikyu\n|-status|p2a: Mimikyu|tox\n|\n|-heal|p1a: Gengar|23\/100|[from] item: Black Sludge\n|-damage|p2a: Mimikyu|85\/100 tox|[from] psn\n|upkeep\n|turn|8\n|\n|t:|1700373395\n|move|p2a: Mimikyu|Shadow Sneak|p1a: Gengar\n|-supereffective|p1a: Gengar\n|-damage|p1a: Gengar|0 fnt\n|faint|p1a: Gengar\n|-damage|p2a: Mimikyu|75\/100 tox|[from] item: Life Orb\n|\n|-damage|p2a: Mimikyu|63\/100 tox|[from] psn\n|upkeep\n|\n|t:|1700373406\n|switch|p1a: Sirfetch\u2019d|Sirfetch\u2019d, F|100\/100\n|turn|9\n|\n|t:|1700373409\n|move|p1a: Sirfetch\u2019d|First Impression|p2a: Mimikyu\n|-activate|p2a: Mimikyu|ability: Disguise\n|-damage|p2a: Mimikyu|63\/100 tox\n|detailschange|p2a: Mimikyu|Mimikyu-Busted, F\n|-damage|p2a: Mimikyu|50\/100 tox|[from] pokemon: Mimikyu-Busted\n|move|p2a: Mimikyu|Shadow Sneak|p1a: Sirfetch\u2019d\n|-damage|p1a: Sirfetch\u2019d|72\/100\n|-damage|p2a: Mimikyu|40\/100 tox|[from] item: Life Orb\n|\n|-damage|p2a: Mimikyu|22\/100 tox|[from] psn\n|upkeep\n|turn|10\n|\n|t:|1700373425\n|move|p2a: Mimikyu|Shadow Sneak|p1a: Sirfetch\u2019d\n|-damage|p1a: Sirfetch\u2019d|47\/100\n|-damage|p2a: Mimikyu|12\/100 tox|[from] item: Life Orb\n|move|p1a: Sirfetch\u2019d|Poison Jab|p2a: Mimikyu\n|-crit|p2a: Mimikyu\n|-damage|p2a: Mimikyu|0 fnt\n|faint|p2a: Mimikyu\n|\n|-fieldend|move: Trick Room\n|upkeep\n|\n|t:|1700373443\n|switch|p2a: Togekiss|Togekiss, F|100\/100\n|turn|11\n|\n|t:|1700373451\n|move|p2a: Togekiss|Air Slash|p1a: Sirfetch\u2019d\n|-supereffective|p1a: Sirfetch\u2019d\n|-damage|p1a: Sirfetch\u2019d|0 fnt\n|faint|p1a: Sirfetch\u2019d\n|\n|upkeep\n|\n|t:|1700373455\n|switch|p1a: Lucario|Lucario-Mega, M|100\/100\n|turn|12\n|\n|t:|1700373460\n|move|p1a: Lucario|Iron Tail|p2a: Togekiss\n|-supereffective|p2a: Togekiss\n|-damage|p2a: Togekiss|0 fnt\n|faint|p2a: Togekiss\n|\n|upkeep\n|\n|t:|1700373467\n|switch|p2a: Dragapult|Dragapult, F|100\/100\n|turn|13\n|\n|t:|1700373475\n|move|p2a: Dragapult|Fire Blast|p1a: Lucario\n|-supereffective|p1a: Lucario\n|-damage|p1a: Lucario|0 fnt\n|faint|p1a: Lucario\n|\n|win|KavinKM7\n|raw|XxBlazefirexX's rating: 1040 &rarr; <strong>1025<\/strong><br \/>(-15 for losing)\n|raw|KavinKM7's rating: 1059 &rarr; <strong>1088<\/strong><br \/>(+29 for winning)\n|c|\u2606XxBlazefirexX|gg\n","uploadtime":1700373483,"views":24,"p1id":"xxblazefirexx","p2id":"kavinkm7","formatid":"gen9nationaldexubers","rating":1025,"private":0,"password":""}