{"id":"gen9nationaldexubers-1998150237","p1":"SCARCITY25","p2":"dreepy airlines","format":"[Gen 9] National Dex Ubers","log":"|j|\u2606SCARCITY25\n|j|\u2606dreepy airlines\n|t:|1700901122\n|gametype|singles\n|player|p1|SCARCITY25|cynthia-gen4|\n|player|p2|dreepy airlines|waitress-gen6|\n|teamsize|p1|6\n|teamsize|p2|6\n|gen|9\n|tier|[Gen 9] National Dex Ubers\n|rule|HP Percentage Mod: HP is shown in percentages\n|rule|Endless Battle Clause: Forcing endless battles is banned\n|rule|OHKO Clause: OHKO moves are banned\n|rule|Evasion Moves Clause: Evasion moves are banned\n|rule|Evasion Items Clause: Evasion items are banned\n|rule|Species Clause: Limit one of each Pok\u00e9mon\n|rule|Sleep Clause Mod: Limit one foe put to sleep\n|rule|Mega Rayquaza Clause: You cannot mega evolve Rayquaza\n|clearpoke\n|poke|p1|Glimmora, M|\n|poke|p1|Ho-Oh|\n|poke|p1|Eternatus|\n|poke|p1|Arceus|\n|poke|p1|Groudon|\n|poke|p1|Yveltal|\n|poke|p2|Smeargle, F|\n|poke|p2|Groudon|\n|poke|p2|Marshadow|\n|poke|p2|Lunala|\n|poke|p2|Zacian-*|\n|poke|p2|Yveltal|\n|teampreview\n|inactive|Battle timer is ON: inactive players will automatically lose when time's up. (requested by dreepy airlines)\n|c|\u2606SCARCITY25|glhf\n|c|\u2606dreepy airlines|hf\n|c|\u2606dreepy airlines|wait what\n|c|\u2606dreepy airlines|why is\n|inactive|dreepy airlines has 270 seconds left.\n|c|\u2606dreepy airlines|dudeee\n|c|\u2606dreepy airlines|loaded up wrong squad\n|\n|t:|1700901170\n|start\n|switch|p1a: Glimmora|Glimmora, M|100\/100\n|switch|p2a: Smeargle|Smeargle, F|100\/100\n|turn|1\n|\n|t:|1700901188\n|move|p1a: Glimmora|Stealth Rock|p2a: Smeargle\n|-sidestart|p2: dreepy airlines|move: Stealth Rock\n|move|p2a: Smeargle|Sticky Web|p1a: Glimmora\n|-sidestart|p1: SCARCITY25|move: Sticky Web\n|\n|-ability|p2a: Smeargle|Moody|boost\n|-boost|p2a: Smeargle|spa|2\n|-unboost|p2a: Smeargle|spe|1\n|upkeep\n|turn|2\n|c|\u2606SCARCITY25|wait moody is allowed in nduber?\n|\n|t:|1700901202\n|move|p1a: Glimmora|Mortal Spin|p2a: Smeargle\n|-damage|p2a: Smeargle|87\/100\n|-status|p2a: Smeargle|psn\n|-sideend|p1: SCARCITY25|Sticky Web|[from] move: Mortal Spin|[of] p1a: Glimmora\n|move|p2a: Smeargle|Nuzzle|p1a: Glimmora\n|-damage|p1a: Glimmora|99\/100\n|-status|p1a: Glimmora|par\n|-activate|p1a: Glimmora|ability: Toxic Debris\n|-sidestart|p2: dreepy airlines|move: Toxic Spikes\n|\n|-damage|p2a: Smeargle|75\/100 psn|[from] psn\n|-ability|p2a: Smeargle|Moody|boost\n|-boost|p2a: Smeargle|spd|2\n|-unboost|p2a: Smeargle|def|1\n|upkeep\n|turn|3\n|c|\u2606dreepy airlines|yeah\n|j| XX_1nfinity_XX\n|c|\u2606SCARCITY25|ok i didnt know that\n|c| XX_1nfinity_XX|dreepy go sleep\n|inactive|SCARCITY25 has 270 seconds left.\n|c|\u2606dreepy airlines|its not late and not a school night\n|\n|t:|1700901240\n|move|p2a: Smeargle|Sticky Web|p1a: Glimmora\n|-sidestart|p1: SCARCITY25|move: Sticky Web\n|move|p1a: Glimmora|Mortal Spin|p2a: Smeargle\n|-damage|p2a: Smeargle|53\/100 psn\n|-sideend|p1: SCARCITY25|Sticky Web|[from] move: Mortal Spin|[of] p1a: Glimmora\n|\n|-damage|p2a: Smeargle|41\/100 psn|[from] psn\n|-ability|p2a: Smeargle|Moody|boost\n|-boost|p2a: Smeargle|spa|2\n|-unboost|p2a: Smeargle|spd|1\n|upkeep\n|turn|4\n|inactive|SCARCITY25 has 270 seconds left.\n|c| XX_1nfinity_XX|i dare you to sleep\n|\n|t:|1700901250\n|move|p2a: Smeargle|Shed Tail|p2a: Smeargle\n|-fail|p2a: Smeargle|move: Shed Tail|[weak]\n|move|p1a: Glimmora|Mortal Spin|p2a: Smeargle\n|-damage|p2a: Smeargle|20\/100 psn\n|\n|-damage|p2a: Smeargle|8\/100 psn|[from] psn\n|-ability|p2a: Smeargle|Moody|boost\n|-boost|p2a: Smeargle|def|2\n|-unboost|p2a: Smeargle|spe|1\n|upkeep\n|turn|5\n|c|\u2606dreepy airlines|oops\n|\n|t:|1700901264\n|switch|p2a: Zacian|Zacian-Crowned|100\/100\n|-damage|p2a: Zacian|94\/100|[from] Stealth Rock\n|-ability|p2a: Zacian|Intrepid Sword|boost\n|-boost|p2a: Zacian|atk|1\n|move|p1a: Glimmora|Mortal Spin|p2a: Zacian\n|-immune|p2a: Zacian\n|\n|upkeep\n|turn|6\n|inactive|SCARCITY25 has 270 seconds left.\n|\n|t:|1700901290\n|switch|p1a: Ho-Oh|Ho-Oh|100\/100\n|move|p2a: Zacian|Behemoth Blade|p1a: Ho-Oh\n|-resisted|p1a: Ho-Oh\n|-damage|p1a: Ho-Oh|74\/100\n|\n|upkeep\n|turn|7\n|inactive|SCARCITY25 has 270 seconds left.\n|inactive|dreepy airlines has 270 seconds left.\n|\n|t:|1700901316\n|switch|p2a: Smeargle|Smeargle, F|8\/100 psn\n|-damage|p2a: Smeargle|0 fnt|[from] Stealth Rock\n|faint|p2a: Smeargle\n|switch|p1a: Groudon|Groudon|100\/100\n|detailschange|p1a: Groudon|Groudon-Primal\n|-primal|p1a: Groudon|Red Orb\n|-weather|DesolateLand|[from] ability: Desolate Land|[of] p1a: Groudon\n|\n|-weather|DesolateLand|[upkeep]\n|upkeep\n|inactive|dreepy airlines has 270 seconds left.\n|\n|t:|1700901326\n|switch|p2a: Yveltal|Yveltal|100\/100\n|-damage|p2a: Yveltal|76\/100|[from] Stealth Rock\n|-ability|p2a: Yveltal|Dark Aura\n|turn|8\n|inactive|dreepy airlines has 270 seconds left.\n|\n|t:|1700901348\n|move|p2a: Yveltal|Dark Pulse|p1a: Groudon\n|-damage|p1a: Groudon|15\/100\n|-damage|p2a: Yveltal|66\/100|[from] item: Life Orb\n|move|p1a: Groudon|Stone Edge|p2a: Yveltal\n|-supereffective|p2a: Yveltal\n|-damage|p2a: Yveltal|0 fnt\n|faint|p2a: Yveltal\n|\n|-weather|DesolateLand|[upkeep]\n|upkeep\n|c| XX_1nfinity_XX|dreepy sleep\n|raw|<div class=\"broadcast-red\"><strong>Moderated chat was set to +!<\/strong><br \/>Only users of rank + and higher can talk.<\/div>\n|c|\u2606SCARCITY25|LMAOOOOOO\n|\n|t:|1700901371\n|switch|p2a: Marshadow|Marshadow|100\/100\n|-damage|p2a: Marshadow|94\/100|[from] Stealth Rock\n|-status|p2a: Marshadow|psn\n|turn|9\n|\n|t:|1700901386\n|move|p2a: Marshadow|Spectral Thief|p1a: Groudon\n|-damage|p1a: Groudon|0 fnt\n|faint|p1a: Groudon\n|-weather|none\n|\n|-damage|p2a: Marshadow|82\/100 psn|[from] psn\n|upkeep\n|inactive|SCARCITY25 has 240 seconds left.\n|inactive|SCARCITY25 has 210 seconds left.\n|\n|t:|1700901451\n|switch|p1a: Arceus|Arceus|100\/100\n|turn|10\n|\n|t:|1700901459\n|move|p2a: Marshadow|Close Combat|p1a: Arceus\n|-supereffective|p1a: Arceus\n|-damage|p1a: Arceus|19\/100\n|-unboost|p2a: Marshadow|def|1\n|-unboost|p2a: Marshadow|spd|1\n|move|p1a: Arceus|Earthquake|p2a: Marshadow\n|-damage|p2a: Marshadow|0 fnt\n|faint|p2a: Marshadow\n|-damage|p1a: Arceus|9\/100|[from] item: Life Orb\n|\n|upkeep\n|\n|t:|1700901472\n|switch|p2a: Zacian|Zacian-Crowned|94\/100\n|-damage|p2a: Zacian|88\/100|[from] Stealth Rock\n|turn|11\n|inactive|SCARCITY25 has 210 seconds left.\n|c|\u2606SCARCITY25|ewww\n|c|\u2606dreepy airlines|arf\n|c|\u2606SCARCITY25|sash marshadow????\n|c|\u2606dreepy airlines|no\n|c|\u2606SCARCITY25|oh ok then\n|c|\u2606SCARCITY25|that damage was low fsr\n|\n|t:|1700901503\n|-terastallize|p2a: Zacian|Fighting\n|move|p2a: Zacian|Swords Dance|p2a: Zacian\n|-boost|p2a: Zacian|atk|2\n|move|p1a: Arceus|Earthquake|p2a: Zacian\n|-damage|p2a: Zacian|44\/100\n|-damage|p1a: Arceus|0 fnt|[from] item: Life Orb\n|faint|p1a: Arceus\n|\n|upkeep\n|inactive|SCARCITY25 has 180 seconds left.\n|c|\u2606dreepy airlines|like i said\n|c|\u2606dreepy airlines|wrong team\n|inactive|SCARCITY25 has 150 seconds left.\n|c|\u2606dreepy airlines|its an item of all time\n|\n|t:|1700901555\n|switch|p1a: Ho-Oh|Ho-Oh|100\/100\n|turn|12\n|inactive|SCARCITY25 has 120 seconds left.\n|c|\u2606dreepy airlines|bunch of trashy sets meant to cteam rumymome\n|\n|t:|1700901590\n|-terastallize|p1a: Ho-Oh|Grass\n|move|p2a: Zacian|Wild Charge|p1a: Ho-Oh\n|-resisted|p1a: Ho-Oh\n|-damage|p1a: Ho-Oh|78\/100\n|-damage|p2a: Zacian|37\/100|[from] Recoil\n|move|p1a: Ho-Oh|Sacred Fire|p2a: Zacian\n|-damage|p2a: Zacian|0 fnt\n|faint|p2a: Zacian\n|\n|upkeep\n|\n|t:|1700901598\n|switch|p2a: Groudon|Groudon|100\/100\n|-damage|p2a: Groudon|94\/100|[from] Stealth Rock\n|-status|p2a: Groudon|psn\n|detailschange|p2a: Groudon|Groudon-Primal\n|-primal|p2a: Groudon|Red Orb\n|-weather|DesolateLand|[from] ability: Desolate Land|[of] p2a: Groudon\n|turn|13\n|inactive|SCARCITY25 has 120 seconds left.\n|\n|t:|1700901629\n|move|p2a: Groudon|Rock Polish|p2a: Groudon\n|-boost|p2a: Groudon|spe|2\n|move|p1a: Ho-Oh|Whirlwind|p2a: Groudon\n|-weather|none\n|drag|p2a: Lunala|Lunala|100\/100\n|-damage|p2a: Lunala|88\/100|[from] Stealth Rock\n|-status|p2a: Lunala|psn\n|\n|-damage|p2a: Lunala|76\/100 psn|[from] psn\n|upkeep\n|turn|14\n|inactive|SCARCITY25 has 90 seconds left.\n|\n|t:|1700901660\n|switch|p1a: Eternatus|Eternatus|100\/100\n|-ability|p1a: Eternatus|Pressure\n|move|p2a: Lunala|Calm Mind|p2a: Lunala\n|-boost|p2a: Lunala|spa|1\n|-boost|p2a: Lunala|spd|1\n|\n|-damage|p2a: Lunala|64\/100 psn|[from] psn\n|upkeep\n|turn|15\n|inactive|SCARCITY25 has 90 seconds left.\n|\n|t:|1700901668\n|move|p1a: Eternatus|Meteor Beam||[still]\n|-prepare|p1a: Eternatus|Meteor Beam\n|-boost|p1a: Eternatus|spa|1\n|-enditem|p1a: Eternatus|Power Herb\n|-anim|p1a: Eternatus|Meteor Beam|p2a: Lunala\n|-damage|p2a: Lunala|28\/100 psn\n|move|p2a: Lunala|Ice Beam|p1a: Eternatus\n|-supereffective|p1a: Eternatus\n|-damage|p1a: Eternatus|9\/100\n|\n|-damage|p2a: Lunala|16\/100 psn|[from] psn\n|upkeep\n|turn|16\n|\n|t:|1700901680\n|move|p1a: Eternatus|Dynamax Cannon|p2a: Lunala\n|-damage|p2a: Lunala|0 fnt\n|faint|p2a: Lunala\n|\n|upkeep\n|\n|t:|1700901682\n|switch|p2a: Groudon|Groudon-Primal|94\/100 psn\n|-damage|p2a: Groudon|82\/100 psn|[from] Stealth Rock\n|-weather|DesolateLand|[from] ability: Desolate Land|[of] p2a: Groudon\n|turn|17\n|c|\u2606dreepy airlines|gg\n|\n|t:|1700901687\n|move|p1a: Eternatus|Dynamax Cannon|p2a: Groudon\n|-damage|p2a: Groudon|0 fnt\n|faint|p2a: Groudon\n|-weather|none\n|\n|win|SCARCITY25\n|c|\u2606SCARCITY25|gg\n","uploadtime":1700901695,"views":18,"p1id":"scarcity25","p2id":"dreepyairlines","formatid":"gen9nationaldexubers","rating":0,"private":0,"password":""}