{"id":"gen9nationaldexubers-1998368861","p1":"Xanvoir","p2":"MrTRB","format":"[Gen 9] National Dex Ubers","log":"|j|\u2606Xanvoir\n|j|\u2606MrTRB\n|t:|1700934608\n|gametype|singles\n|player|p1|Xanvoir|grimsley|\n|player|p2|MrTRB|benga|\n|teamsize|p1|6\n|teamsize|p2|6\n|gen|9\n|tier|[Gen 9] National Dex Ubers\n|rule|HP Percentage Mod: HP is shown in percentages\n|rule|Endless Battle Clause: Forcing endless battles is banned\n|rule|OHKO Clause: OHKO moves are banned\n|rule|Evasion Moves Clause: Evasion moves are banned\n|rule|Evasion Items Clause: Evasion items are banned\n|rule|Species Clause: Limit one of each Pok\u00e9mon\n|rule|Sleep Clause Mod: Limit one foe put to sleep\n|rule|Mega Rayquaza Clause: You cannot mega evolve Rayquaza\n|clearpoke\n|poke|p1|Sableye, M|\n|poke|p1|Weavile, F|\n|poke|p1|Mandibuzz, F|\n|poke|p1|Meowscarada, F|\n|poke|p1|Roaring Moon|\n|poke|p1|Kingambit, M|\n|poke|p2|Seismitoad, F|\n|poke|p2|Pelipper, M|\n|poke|p2|Garganacl, F|\n|poke|p2|Serperior, F|\n|poke|p2|Baxcalibur, M|\n|poke|p2|Infernape, M|\n|teampreview\n|\n|t:|1700934623\n|start\n|switch|p1a: Roaring Moon|Roaring Moon|100\/100\n|switch|p2a: Pelipper|Pelipper, M, shiny|100\/100\n|-weather|RainDance|[from] ability: Drizzle|[of] p2a: Pelipper\n|-enditem|p1a: Roaring Moon|Booster Energy\n|-activate|p1a: Roaring Moon|ability: Protosynthesis|[fromitem]\n|-start|p1a: Roaring Moon|protosynthesisatk\n|turn|1\n|\n|t:|1700934636\n|move|p1a: Roaring Moon|Dragon Dance|p1a: Roaring Moon\n|-boost|p1a: Roaring Moon|atk|1\n|-boost|p1a: Roaring Moon|spe|1\n|move|p2a: Pelipper|Tailwind|p2a: Pelipper\n|-sidestart|p2: MrTRB|move: Tailwind\n|\n|-weather|RainDance|[upkeep]\n|upkeep\n|turn|2\n|\n|t:|1700934644\n|move|p1a: Roaring Moon|Dragon Dance|p1a: Roaring Moon\n|-boost|p1a: Roaring Moon|atk|1\n|-boost|p1a: Roaring Moon|spe|1\n|move|p2a: Pelipper|Hurricane|p1a: Roaring Moon\n|-damage|p1a: Roaring Moon|51\/100\n|-start|p1a: Roaring Moon|confusion\n|\n|-weather|RainDance|[upkeep]\n|upkeep\n|turn|3\n|c|\u2606Xanvoir|Bro the haxx is wild\n|\n|t:|1700934657\n|-activate|p1a: Roaring Moon|confusion\n|move|p1a: Roaring Moon|Acrobatics|p2a: Pelipper\n|-damage|p2a: Pelipper|0 fnt\n|faint|p2a: Pelipper\n|\n|-weather|RainDance|[upkeep]\n|upkeep\n|\n|t:|1700934667\n|switch|p2a: Seismitoad|Seismitoad, F, shiny|100\/100\n|turn|4\n|\n|t:|1700934684\n|-terastallize|p1a: Roaring Moon|Dark\n|move|p2a: Seismitoad|Ice Punch|p1a: Roaring Moon\n|-damage|p1a: Roaring Moon|24\/100\n|-activate|p1a: Roaring Moon|confusion\n|-damage|p1a: Roaring Moon|0 fnt|[from] confusion\n|faint|p1a: Roaring Moon\n|-end|p1a: Roaring Moon|Protosynthesis|[silent]\n|\n|-weather|RainDance|[upkeep]\n|-sideend|p2: MrTRB|move: Tailwind\n|upkeep\n|c|\u2606Xanvoir|Damn\n|\n|t:|1700934692\n|switch|p1a: Meowscarada|Meowscarada, F|100\/100\n|turn|5\n|\n|t:|1700934704\n|move|p1a: Meowscarada|Flower Trick|p2a: Seismitoad\n|-start|p1a: Meowscarada|typechange|Grass|[from] ability: Protean\n|-supereffective|p2a: Seismitoad\n|-crit|p2a: Seismitoad\n|-damage|p2a: Seismitoad|0 fnt\n|faint|p2a: Seismitoad\n|\n|-weather|RainDance|[upkeep]\n|upkeep\n|\n|t:|1700934716\n|switch|p2a: Serperior|Serperior, F, shiny|100\/100\n|turn|6\n|\n|t:|1700934729\n|switch|p1a: Mandibuzz|Mandibuzz, F|100\/100\n|move|p2a: Serperior|Glare|p1a: Mandibuzz\n|-status|p1a: Mandibuzz|par\n|\n|-weather|RainDance|[upkeep]\n|upkeep\n|turn|7\n|\n|t:|1700934741\n|move|p2a: Serperior|Leech Seed|p1a: Mandibuzz\n|-start|p1a: Mandibuzz|move: Leech Seed\n|move|p1a: Mandibuzz|Tailwind|p1a: Mandibuzz\n|-sidestart|p1: Xanvoir|move: Tailwind\n|\n|-weather|RainDance|[upkeep]\n|-damage|p1a: Mandibuzz|88\/100 par|[from] Leech Seed|[of] p2a: Serperior\n|upkeep\n|turn|8\n|\n|t:|1700934749\n|move|p2a: Serperior|Leaf Storm|p1a: Mandibuzz|[miss]\n|-miss|p2a: Serperior|p1a: Mandibuzz\n|move|p1a: Mandibuzz|Toxic|p2a: Serperior\n|-status|p2a: Serperior|tox\n|\n|-weather|none\n|-damage|p1a: Mandibuzz|76\/100 par|[from] Leech Seed|[of] p2a: Serperior\n|-damage|p2a: Serperior|94\/100 tox|[from] psn\n|upkeep\n|turn|9\n|\n|t:|1700934754\n|move|p2a: Serperior|Leaf Storm|p1a: Mandibuzz\n|-resisted|p1a: Mandibuzz\n|-crit|p1a: Mandibuzz\n|-damage|p1a: Mandibuzz|54\/100 par\n|-boost|p2a: Serperior|spa|2\n|move|p1a: Mandibuzz|U-turn|p2a: Serperior\n|-supereffective|p2a: Serperior\n|-damage|p2a: Serperior|71\/100 tox\n|\n|t:|1700934758\n|switch|p1a: Weavile|Weavile, F|100\/100|[from] U-turn\n|\n|-heal|p2a: Serperior|77\/100 tox|[from] item: Leftovers\n|-damage|p2a: Serperior|64\/100 tox|[from] psn\n|upkeep\n|turn|10\n|\n|t:|1700934769\n|move|p1a: Weavile|Swords Dance|p1a: Weavile\n|-boost|p1a: Weavile|atk|2\n|move|p2a: Serperior|Glare|p1a: Weavile\n|-status|p1a: Weavile|par\n|\n|-heal|p2a: Serperior|71\/100 tox|[from] item: Leftovers\n|-damage|p2a: Serperior|52\/100 tox|[from] psn\n|-sideend|p1: Xanvoir|move: Tailwind\n|upkeep\n|turn|11\n|\n|t:|1700934777\n|move|p1a: Weavile|Ice Shard|p2a: Serperior\n|-supereffective|p2a: Serperior\n|-damage|p2a: Serperior|0 fnt\n|faint|p2a: Serperior\n|\n|upkeep\n|\n|t:|1700934781\n|switch|p2a: Baxcalibur|Baxcalibur, M|100\/100\n|turn|12\n|\n|t:|1700934785\n|move|p2a: Baxcalibur|Swords Dance|p2a: Baxcalibur\n|-boost|p2a: Baxcalibur|atk|2\n|cant|p1a: Weavile|par\n|\n|upkeep\n|turn|13\n|\n|t:|1700934794\n|move|p2a: Baxcalibur|Earthquake|p1a: Weavile\n|-enditem|p1a: Weavile|Focus Sash\n|-damage|p1a: Weavile|1\/100 par\n|move|p1a: Weavile|Knock Off|p2a: Baxcalibur\n|-damage|p2a: Baxcalibur|12\/100\n|-enditem|p2a: Baxcalibur|Loaded Dice|[from] move: Knock Off|[of] p1a: Weavile\n|\n|upkeep\n|turn|14\n|\n|t:|1700934803\n|move|p1a: Weavile|Ice Shard|p2a: Baxcalibur\n|-damage|p2a: Baxcalibur|0 fnt\n|faint|p2a: Baxcalibur\n|\n|upkeep\n|\n|t:|1700934807\n|switch|p2a: Garganacl|Garganacl, F|100\/100\n|turn|15\n|\n|t:|1700934813\n|move|p1a: Weavile|Knock Off|p2a: Garganacl\n|-damage|p2a: Garganacl|36\/100\n|-enditem|p2a: Garganacl|Leftovers|[from] move: Knock Off|[of] p1a: Weavile\n|move|p2a: Garganacl|Body Press|p1a: Weavile\n|-supereffective|p1a: Weavile\n|-damage|p1a: Weavile|0 fnt\n|faint|p1a: Weavile\n|\n|upkeep\n|\n|t:|1700934816\n|switch|p1a: Meowscarada|Meowscarada, F|100\/100\n|turn|16\n|\n|t:|1700934825\n|move|p1a: Meowscarada|Play Rough|p2a: Garganacl\n|-start|p1a: Meowscarada|typechange|Fairy|[from] ability: Protean\n|-damage|p2a: Garganacl|9\/100\n|move|p2a: Garganacl|Salt Cure|p1a: Meowscarada\n|-damage|p1a: Meowscarada|81\/100\n|-start|p1a: Meowscarada|Salt Cure\n|\n|-damage|p1a: Meowscarada|68\/100|[from] Salt Cure\n|upkeep\n|turn|17\n|\n|t:|1700934836\n|move|p1a: Meowscarada|Play Rough|p2a: Garganacl\n|-damage|p2a: Garganacl|0 fnt\n|faint|p2a: Garganacl\n|\n|-damage|p1a: Meowscarada|56\/100|[from] Salt Cure\n|upkeep\n|\n|t:|1700934839\n|switch|p2a: Infernape|Infernape, M|100\/100\n|turn|18\n|\n|t:|1700934847\n|-terastallize|p2a: Infernape|Fire\n|move|p1a: Meowscarada|Play Rough|p2a: Infernape\n|-resisted|p2a: Infernape\n|-damage|p2a: Infernape|67\/100\n|move|p2a: Infernape|Fire Punch|p1a: Meowscarada\n|-damage|p1a: Meowscarada|0 fnt\n|faint|p1a: Meowscarada\n|\n|upkeep\n|\n|t:|1700934863\n|switch|p1a: Sableye|Sableye, M|100\/100\n|turn|19\n|\n|t:|1700934868\n|detailschange|p1a: Sableye|Sableye-Mega, M\n|-mega|p1a: Sableye|Sableye|Sablenite\n|move|p2a: Infernape|Fire Punch|p1a: Sableye\n|-damage|p1a: Sableye|32\/100\n|move|p1a: Sableye|Foul Play|p2a: Infernape\n|-damage|p2a: Infernape|0 fnt\n|faint|p2a: Infernape\n|\n|win|Xanvoir\n|c|\u2606Xanvoir|Gg\n","uploadtime":1700934877,"views":2,"p1id":"xanvoir","p2id":"mrtrb","formatid":"gen9nationaldexubers","rating":0,"private":0,"password":""}