{"id":"gen9nationaldexubers-1991162291","p1":"VerduOsane","p2":"bouhy","format":"[Gen 9] National Dex Ubers","log":"|j|\u2606VerduOsane\n|j|\u2606bouhy\n|t:|1700052063\n|gametype|singles\n|player|p1|VerduOsane|266|\n|player|p2|bouhy|dexio|\n|teamsize|p1|6\n|teamsize|p2|6\n|gen|9\n|tier|[Gen 9] National Dex Ubers\n|rule|HP Percentage Mod: HP is shown in percentages\n|rule|Endless Battle Clause: Forcing endless battles is banned\n|rule|OHKO Clause: OHKO moves are banned\n|rule|Evasion Moves Clause: Evasion moves are banned\n|rule|Evasion Items Clause: Evasion items are banned\n|rule|Species Clause: Limit one of each Pok\u00e9mon\n|rule|Sleep Clause Mod: Limit one foe put to sleep\n|rule|Mega Rayquaza Clause: You cannot mega evolve Rayquaza\n|clearpoke\n|poke|p1|Cresselia, F|\n|poke|p1|Ursaluna-Bloodmoon, M|\n|poke|p1|Gyarados, M|\n|poke|p1|Wyrdeer, F|\n|poke|p1|Scolipede, M|\n|poke|p1|Lycanroc-Midnight, M|\n|poke|p2|Ferrothorn, F|\n|poke|p2|Urshifu-*, M|\n|poke|p2|Sinistcha|\n|poke|p2|Stakataka|\n|poke|p2|Blaziken, M|\n|poke|p2|Gengar, F|\n|teampreview\n|inactive|Battle timer is ON: inactive players will automatically lose when time's up. (requested by bouhy)\n|\n|t:|1700052084\n|start\n|switch|p1a: Lycanroc|Lycanroc-Midnight, M, shiny|100\/100\n|switch|p2a: Ferrothorn|Ferrothorn, F|100\/100\n|turn|1\n|\n|t:|1700052099\n|move|p1a: Lycanroc|Close Combat|p2a: Ferrothorn\n|-supereffective|p2a: Ferrothorn\n|-damage|p2a: Ferrothorn|52\/100\n|-unboost|p1a: Lycanroc|def|1\n|-unboost|p1a: Lycanroc|spd|1\n|-damage|p1a: Lycanroc|88\/100|[from] ability: Iron Barbs|[of] p2a: Ferrothorn\n|-damage|p1a: Lycanroc|72\/100|[from] item: Rocky Helmet|[of] p2a: Ferrothorn\n|move|p2a: Ferrothorn|Spikes|p1a: Lycanroc\n|-sidestart|p1: VerduOsane|Spikes\n|\n|upkeep\n|turn|2\n|\n|t:|1700052112\n|move|p1a: Lycanroc|Knock Off|p2a: Ferrothorn\n|-damage|p2a: Ferrothorn|31\/100\n|-damage|p1a: Lycanroc|60\/100|[from] ability: Iron Barbs|[of] p2a: Ferrothorn\n|-damage|p1a: Lycanroc|43\/100|[from] item: Rocky Helmet|[of] p2a: Ferrothorn\n|-enditem|p2a: Ferrothorn|Rocky Helmet|[from] move: Knock Off|[of] p1a: Lycanroc\n|move|p2a: Ferrothorn|Leech Seed|p1a: Lycanroc\n|-start|p1a: Lycanroc|move: Leech Seed\n|\n|-damage|p1a: Lycanroc|31\/100|[from] Leech Seed|[of] p2a: Ferrothorn\n|-heal|p2a: Ferrothorn|42\/100|[silent]\n|upkeep\n|turn|3\n|\n|t:|1700052130\n|move|p1a: Lycanroc|Close Combat|p2a: Ferrothorn\n|-supereffective|p2a: Ferrothorn\n|-damage|p2a: Ferrothorn|0 fnt\n|-unboost|p1a: Lycanroc|def|1\n|-unboost|p1a: Lycanroc|spd|1\n|-damage|p1a: Lycanroc|19\/100|[from] ability: Iron Barbs|[of] p2a: Ferrothorn\n|faint|p2a: Ferrothorn\n|\n|upkeep\n|\n|t:|1700052144\n|switch|p2a: Urshifu|Urshifu-Rapid-Strike, M|100\/100\n|turn|4\n|\n|t:|1700052152\n|move|p2a: Urshifu|Swords Dance|p2a: Urshifu\n|-boost|p2a: Urshifu|atk|2\n|move|p1a: Lycanroc|Knock Off|p2a: Urshifu\n|-resisted|p2a: Urshifu\n|-damage|p2a: Urshifu|82\/100\n|-enditem|p2a: Urshifu|Life Orb|[from] move: Knock Off|[of] p1a: Lycanroc\n|\n|-damage|p1a: Lycanroc|7\/100|[from] Leech Seed|[of] p2a: Urshifu\n|-heal|p2a: Urshifu|93\/100|[silent]\n|upkeep\n|turn|5\n|\n|t:|1700052166\n|switch|p1a: Gyarados|Gyarados, M|100\/100\n|-ability|p1a: Gyarados|Intimidate|boost\n|-unboost|p2a: Urshifu|atk|1\n|move|p2a: Urshifu|Drain Punch|p1a: Gyarados\n|-resisted|p1a: Gyarados\n|-damage|p1a: Gyarados|66\/100\n|-heal|p2a: Urshifu|100\/100|[from] drain|[of] p1a: Gyarados\n|\n|upkeep\n|turn|6\n|\n|t:|1700052186\n|switch|p2a: Sinistcha|Sinistcha|100\/100\n|switch|p1a: Wyrdeer|Wyrdeer, F|100\/100\n|-damage|p1a: Wyrdeer|88\/100|[from] Spikes\n|-ability|p1a: Wyrdeer|Intimidate|boost\n|-unboost|p2a: Sinistcha|atk|1\n|\n|-heal|p1a: Wyrdeer|94\/100|[from] item: Leftovers\n|upkeep\n|turn|7\n|\n|t:|1700052200\n|move|p2a: Sinistcha|Shadow Ball|p1a: Wyrdeer\n|-immune|p1a: Wyrdeer\n|move|p1a: Wyrdeer|Psyshield Bash|p2a: Sinistcha\n|-damage|p2a: Sinistcha|68\/100\n|-boost|p1a: Wyrdeer|def|1\n|\n|-heal|p2a: Sinistcha|74\/100|[from] item: Leftovers\n|-heal|p1a: Wyrdeer|99\/100|[from] item: Leftovers\n|upkeep\n|turn|8\n|c|\u2606bouhy|FUCK I FORGOT\n|inactive|bouhy has 270 seconds left.\n|c|\u2606VerduOsane|damn\n|\n|t:|1700052231\n|move|p2a: Sinistcha|Matcha Gotcha|p1a: Wyrdeer\n|-damage|p1a: Wyrdeer|53\/100\n|-heal|p2a: Sinistcha|100\/100|[from] drain|[of] p1a: Wyrdeer\n|move|p1a: Wyrdeer|Psyshield Bash|p2a: Sinistcha\n|-damage|p2a: Sinistcha|70\/100\n|-boost|p1a: Wyrdeer|def|1\n|\n|-heal|p2a: Sinistcha|76\/100|[from] item: Leftovers\n|-heal|p1a: Wyrdeer|60\/100|[from] item: Leftovers\n|upkeep\n|turn|9\n|c|\u2606bouhy|I THOUGHT SHADOW BALL WAS DARK TPE CUZ SHADOW\n|\n|t:|1700052257\n|move|p1a: Wyrdeer|Sucker Punch|p2a: Sinistcha\n|-supereffective|p2a: Sinistcha\n|-damage|p2a: Sinistcha|34\/100\n|move|p2a: Sinistcha|Scald|p1a: Wyrdeer\n|-damage|p1a: Wyrdeer|31\/100\n|\n|-heal|p2a: Sinistcha|40\/100|[from] item: Leftovers\n|-heal|p1a: Wyrdeer|37\/100|[from] item: Leftovers\n|upkeep\n|turn|10\n|c|\u2606VerduOsane|\u2026.\n|c|\u2606VerduOsane|how?..\n|c|\u2606bouhy|Im so stoopid\n|\n|t:|1700052284\n|move|p2a: Sinistcha|Strength Sap|p1a: Wyrdeer\n|-unboost|p1a: Wyrdeer|atk|1\n|-heal|p2a: Sinistcha|100\/100\n|move|p1a: Wyrdeer|Psyshield Bash|p2a: Sinistcha\n|-damage|p2a: Sinistcha|81\/100\n|-boost|p1a: Wyrdeer|def|1\n|\n|-heal|p2a: Sinistcha|87\/100|[from] item: Leftovers\n|-heal|p1a: Wyrdeer|43\/100|[from] item: Leftovers\n|upkeep\n|turn|11\n|inactive|VerduOsane has 270 seconds left.\n|inactive|bouhy has 240 seconds left.\n|c|\u2606VerduOsane|oh..\n|c|\u2606VerduOsane|well that\u2019s not good..\n|\n|t:|1700052322\n|move|p2a: Sinistcha|Matcha Gotcha|p1a: Wyrdeer\n|-damage|p1a: Wyrdeer|2\/100\n|-heal|p2a: Sinistcha|100\/100|[from] drain|[of] p1a: Wyrdeer\n|move|p1a: Wyrdeer|Psyshield Bash|p2a: Sinistcha\n|-damage|p2a: Sinistcha|80\/100\n|-boost|p1a: Wyrdeer|def|1\n|\n|-heal|p2a: Sinistcha|86\/100|[from] item: Leftovers\n|-heal|p1a: Wyrdeer|9\/100|[from] item: Leftovers\n|upkeep\n|turn|12\n|c|\u2606bouhy|Ikr\n|inactive|bouhy has 240 seconds left.\n|\n|t:|1700052335\n|move|p1a: Wyrdeer|Sucker Punch|p2a: Sinistcha\n|-supereffective|p2a: Sinistcha\n|-damage|p2a: Sinistcha|59\/100\n|move|p2a: Sinistcha|Scald|p1a: Wyrdeer\n|-damage|p1a: Wyrdeer|0 fnt\n|faint|p1a: Wyrdeer\n|\n|-heal|p2a: Sinistcha|65\/100|[from] item: Leftovers\n|upkeep\n|\n|t:|1700052349\n|switch|p1a: Scolipede|Scolipede, M, shiny|100\/100\n|-damage|p1a: Scolipede|88\/100|[from] Spikes\n|turn|13\n|inactive|bouhy has 240 seconds left.\n|\n|t:|1700052373\n|move|p1a: Scolipede|Swords Dance|p1a: Scolipede\n|-boost|p1a: Scolipede|atk|2\n|move|p2a: Sinistcha|Shadow Ball|p1a: Scolipede\n|-damage|p1a: Scolipede|16\/100\n|\n|-heal|p1a: Scolipede|22\/100|[from] item: Black Sludge\n|-heal|p2a: Sinistcha|71\/100|[from] item: Leftovers\n|-ability|p1a: Scolipede|Speed Boost|boost\n|-boost|p1a: Scolipede|spe|1\n|upkeep\n|turn|14\n|inactive|VerduOsane has 270 seconds left.\n|inactive|bouhy has 240 seconds left.\n|\n|t:|1700052392\n|-terastallize|p2a: Sinistcha|Water\n|move|p1a: Scolipede|Megahorn|p2a: Sinistcha\n|-damage|p2a: Sinistcha|0 fnt\n|faint|p2a: Sinistcha\n|\n|-heal|p1a: Scolipede|28\/100|[from] item: Black Sludge\n|-ability|p1a: Scolipede|Speed Boost|boost\n|-boost|p1a: Scolipede|spe|1\n|upkeep\n|\n|t:|1700052404\n|switch|p2a: Gengar|Gengar, F|100\/100\n|turn|15\n|\n|t:|1700052410\n|move|p1a: Scolipede|Earthquake|p2a: Gengar\n|-supereffective|p2a: Gengar\n|-damage|p2a: Gengar|0 fnt\n|faint|p2a: Gengar\n|\n|-heal|p1a: Scolipede|34\/100|[from] item: Black Sludge\n|-ability|p1a: Scolipede|Speed Boost|boost\n|-boost|p1a: Scolipede|spe|1\n|upkeep\n|\n|t:|1700052420\n|switch|p2a: Blaziken|Blaziken, M|100\/100\n|turn|16\n|\n|t:|1700052429\n|move|p2a: Blaziken|Protect|p2a: Blaziken\n|-singleturn|p2a: Blaziken|Protect\n|move|p1a: Scolipede|Earthquake|p2a: Blaziken\n|-activate|p2a: Blaziken|move: Protect\n|\n|-heal|p1a: Scolipede|40\/100|[from] item: Black Sludge\n|-ability|p1a: Scolipede|Speed Boost|boost\n|-boost|p1a: Scolipede|spe|1\n|-ability|p2a: Blaziken|Speed Boost|boost\n|-boost|p2a: Blaziken|spe|1\n|upkeep\n|turn|17\n|inactive|bouhy has 240 seconds left.\n|c|\u2606bouhy|Im so fuckin stoopid\n|\n|t:|1700052460\n|move|p1a: Scolipede|Earthquake|p2a: Blaziken\n|-supereffective|p2a: Blaziken\n|-damage|p2a: Blaziken|0 fnt\n|faint|p2a: Blaziken\n|\n|-heal|p1a: Scolipede|46\/100|[from] item: Black Sludge\n|-ability|p1a: Scolipede|Speed Boost|boost\n|-boost|p1a: Scolipede|spe|1\n|upkeep\n|c|\u2606VerduOsane|what speed boost does to a mf\n|\n|t:|1700052469\n|switch|p2a: Stakataka|Stakataka|100\/100\n|turn|18\n|inactive|bouhy has 210 seconds left.\n|\n|t:|1700052484\n|move|p1a: Scolipede|Earthquake|p2a: Stakataka\n|-supereffective|p2a: Stakataka\n|-damage|p2a: Stakataka|0 fnt\n|faint|p2a: Stakataka\n|\n|-heal|p1a: Scolipede|53\/100|[from] item: Black Sludge\n|-ability|p1a: Scolipede|Speed Boost|boost\n|-boost|p1a: Scolipede|spe|1\n|upkeep\n|inactive|bouhy has 210 seconds left.\n|c|\u2606bouhy|Ya you win\n|\n|t:|1700052499\n|switch|p2a: Urshifu|Urshifu-Rapid-Strike, M|100\/100\n|turn|19\n|inactive|bouhy has 210 seconds left.\n|\n|t:|1700052507\n|move|p1a: Scolipede|Earthquake|p2a: Urshifu\n|-damage|p2a: Urshifu|37\/100\n|move|p2a: Urshifu|Surging Strikes|p1a: Scolipede\n|-crit|p1a: Scolipede\n|-damage|p1a: Scolipede|24\/100\n|-crit|p1a: Scolipede\n|-damage|p1a: Scolipede|0 fnt\n|faint|p1a: Scolipede\n|-hitcount|p1: Scolipede|2\n|\n|upkeep\n|c|\u2606VerduOsane|what..\n|c|\u2606bouhy|Weyt wat\n|c|\u2606VerduOsane|is that a bulky Urshifu?.\n|c|\u2606bouhy|MY URSHIFU IS BULKIER THAN MY STAKA\n|inactive|VerduOsane has 270 seconds left.\n|\n|t:|1700052537\n|switch|p1a: Gyarados|Gyarados, M|66\/100\n|-ability|p1a: Gyarados|Intimidate|boost\n|-unboost|p2a: Urshifu|atk|1\n|turn|20\n|c|\u2606bouhy|Ya im ded\n|\n|t:|1700052552\n|move|p2a: Urshifu|Close Combat|p1a: Gyarados\n|-resisted|p1a: Gyarados\n|-damage|p1a: Gyarados|42\/100\n|-unboost|p2a: Urshifu|def|1\n|-unboost|p2a: Urshifu|spd|1\n|move|p1a: Gyarados|Dragon Dance|p1a: Gyarados\n|-boost|p1a: Gyarados|atk|1\n|-boost|p1a: Gyarados|spe|1\n|\n|upkeep\n|turn|21\n|c|\u2606VerduOsane|well, tbf, Stalataka is 4x weak to EQ, so..\n|inactive|VerduOsane has 270 seconds left.\n|\n|t:|1700052574\n|detailschange|p1a: Gyarados|Gyarados-Mega, M\n|-mega|p1a: Gyarados|Gyarados|Gyaradosite\n|-ability|p1a: Gyarados|Mold Breaker\n|move|p1a: Gyarados|Earthquake|p2a: Urshifu\n|-damage|p2a: Urshifu|0 fnt\n|faint|p2a: Urshifu\n|\n|win|VerduOsane\n|c|\u2606VerduOsane|gg\n|c|\u2606bouhy|Well i made it incredibly bulky though..\n|c|\u2606VerduOsane|true, but with that typing tho??\n","uploadtime":1700052624,"views":12,"p1id":"verduosane","p2id":"bouhy","formatid":"gen9nationaldexubers","rating":0,"private":0,"password":""}