{"id":"gen9nationaldexubers-1982211434","p1":"Void Puppeteer","p2":"Ravizitos","format":"[Gen 9] National Dex Ubers","log":"|j|\u2606Void Puppeteer\n|j|\u2606Ravizitos\n|t:|1698979732\n|gametype|singles\n|player|p1|Void Puppeteer|colress|1059\n|player|p2|Ravizitos|waitress|1017\n|teamsize|p1|6\n|teamsize|p2|6\n|gen|9\n|tier|[Gen 9] National Dex Ubers\n|rated|\n|rule|HP Percentage Mod: HP is shown in percentages\n|rule|Endless Battle Clause: Forcing endless battles is banned\n|rule|OHKO Clause: OHKO moves are banned\n|rule|Evasion Moves Clause: Evasion moves are banned\n|rule|Evasion Items Clause: Evasion items are banned\n|rule|Species Clause: Limit one of each Pok\u00e9mon\n|rule|Sleep Clause Mod: Limit one foe put to sleep\n|rule|Mega Rayquaza Clause: You cannot mega evolve Rayquaza\n|clearpoke\n|poke|p1|Galvantula, F|\n|poke|p1|Scolipede, M|\n|poke|p1|Volcarona, F|\n|poke|p1|Araquanid, F|\n|poke|p1|Beedrill, M|\n|poke|p1|Pheromosa|\n|poke|p2|Oricorio-Pom-Pom, F|\n|poke|p2|Roserade, F|\n|poke|p2|Leavanny, F|\n|poke|p2|Mienshao, F|\n|poke|p2|Mawile, F|\n|poke|p2|Volcarona, F|\n|teampreview\n|c|\u2606Ravizitos|yoo bug type enjoyer\n|c|\u2606Ravizitos|i respect u\n|\n|t:|1698979755\n|start\n|switch|p1a: Scolipede|Scolipede, M|100\/100\n|switch|p2a: peformer|Volcarona, F|100\/100\n|turn|1\n|\n|t:|1698979764\n|move|p1a: Scolipede|Protect|p1a: Scolipede\n|-singleturn|p1a: Scolipede|Protect\n|move|p2a: peformer|Quiver Dance|p2a: peformer\n|-boost|p2a: peformer|spa|1\n|-boost|p2a: peformer|spd|1\n|-boost|p2a: peformer|spe|1\n|\n|-ability|p1a: Scolipede|Speed Boost|boost\n|-boost|p1a: Scolipede|spe|1\n|upkeep\n|turn|2\n|\n|t:|1698979774\n|move|p2a: peformer|Fiery Dance|p1a: Scolipede\n|-supereffective|p1a: Scolipede\n|-damage|p1a: Scolipede|0 fnt\n|faint|p1a: Scolipede\n|\n|upkeep\n|\n|t:|1698979790\n|switch|p1a: Beedrill|Beedrill, M|100\/100\n|turn|3\n|\n|t:|1698979797\n|detailschange|p1a: Beedrill|Beedrill-Mega, M\n|-mega|p1a: Beedrill|Beedrill|Beedrillite\n|move|p2a: peformer|Fiery Dance|p1a: Beedrill\n|-supereffective|p1a: Beedrill\n|-damage|p1a: Beedrill|0 fnt\n|faint|p1a: Beedrill\n|\n|upkeep\n|c|\u2606Void Puppeteer|Welp gg\n|c|\u2606Ravizitos|ggs!\n|\n|t:|1698979812\n|switch|p1a: Araquanid|Araquanid, F|100\/100\n|turn|4\n|\n|t:|1698979819\n|move|p2a: peformer|Bug Buzz|p1a: Araquanid\n|-damage|p1a: Araquanid|41\/100\n|move|p1a: Araquanid|Liquidation|p2a: peformer\n|-supereffective|p2a: peformer\n|-damage|p2a: peformer|0 fnt\n|faint|p2a: peformer\n|\n|upkeep\n|c|\u2606Void Puppeteer|Oh\n|\n|t:|1698979827\n|switch|p2a: bem-te-vi|Oricorio-Pom-Pom, F|100\/100\n|turn|5\n|c|\u2606Void Puppeteer|Hm\n|c|\u2606Void Puppeteer|Really wasted my mega\n|\n|t:|1698979852\n|move|p2a: bem-te-vi|Quiver Dance|p2a: bem-te-vi\n|-boost|p2a: bem-te-vi|spa|1\n|-boost|p2a: bem-te-vi|spd|1\n|-boost|p2a: bem-te-vi|spe|1\n|move|p1a: Araquanid|Leech Life|p2a: bem-te-vi\n|-resisted|p2a: bem-te-vi\n|-damage|p2a: bem-te-vi|81\/100\n|-heal|p1a: Araquanid|53\/100|[from] drain|[of] p2a: bem-te-vi\n|\n|-heal|p2a: bem-te-vi|87\/100|[from] item: Leftovers\n|upkeep\n|turn|6\n|c|\u2606Ravizitos|yea fr\n|\n|t:|1698979863\n|move|p2a: bem-te-vi|Revelation Dance|p1a: Araquanid\n|-supereffective|p1a: Araquanid\n|-damage|p1a: Araquanid|0 fnt\n|faint|p1a: Araquanid\n|\n|-heal|p2a: bem-te-vi|93\/100|[from] item: Leftovers\n|upkeep\n|\n|t:|1698979869\n|switch|p1a: Galvantula|Galvantula, F|100\/100\n|turn|7\n|\n|t:|1698979874\n|move|p2a: bem-te-vi|Hurricane|p1a: Galvantula|[miss]\n|-miss|p2a: bem-te-vi|p1a: Galvantula\n|move|p1a: Galvantula|Thunder|p2a: bem-te-vi\n|-damage|p2a: bem-te-vi|47\/100\n|\n|-heal|p2a: bem-te-vi|53\/100|[from] item: Leftovers\n|upkeep\n|turn|8\n|c|\u2606Ravizitos|dang\n|\n|t:|1698979887\n|move|p2a: bem-te-vi|Hurricane|p1a: Galvantula|[miss]\n|-miss|p2a: bem-te-vi|p1a: Galvantula\n|move|p1a: Galvantula|Thunder|p2a: bem-te-vi\n|-damage|p2a: bem-te-vi|7\/100\n|\n|-heal|p2a: bem-te-vi|13\/100|[from] item: Leftovers\n|upkeep\n|turn|9\n|c|\u2606Ravizitos|why\n|\n|t:|1698979896\n|move|p1a: Galvantula|Sucker Punch|p2a: bem-te-vi\n|-damage|p2a: bem-te-vi|0 fnt\n|faint|p2a: bem-te-vi\n|\n|upkeep\n|\n|t:|1698979907\n|switch|p2a: mauaiou|Mawile, F, shiny|100\/100\n|-ability|p2a: mauaiou|Intimidate|boost\n|-unboost|p1a: Galvantula|atk|1\n|turn|10\n|c|\u2606Void Puppeteer|Man I love Galvantula\n|\n|t:|1698979920\n|detailschange|p2a: mauaiou|Mawile-Mega, F, shiny\n|-mega|p2a: mauaiou|Mawile|Mawilite\n|move|p1a: Galvantula|Thunder|p2a: mauaiou\n|-damage|p2a: mauaiou|41\/100\n|move|p2a: mauaiou|Iron Defense|p2a: mauaiou\n|-boost|p2a: mauaiou|def|2\n|\n|upkeep\n|turn|11\n|c|\u2606Ravizitos|same\n|c|\u2606Ravizitos|extremely dope pokemon\n|\n|t:|1698979936\n|move|p1a: Galvantula|Thunder|p2a: mauaiou\n|-damage|p2a: mauaiou|0 fnt\n|faint|p2a: mauaiou\n|\n|upkeep\n|\n|t:|1698979948\n|switch|p2a: gunpowder gelatin|Roserade, F, shiny|100\/100\n|turn|12\n|c|\u2606Void Puppeteer|The Galvantula come back\n|\n|t:|1698979965\n|move|p1a: Galvantula|Bug Buzz|p2a: gunpowder gelatin\n|-damage|p2a: gunpowder gelatin|59\/100\n|move|p2a: gunpowder gelatin|Sludge Bomb|p1a: Galvantula\n|-damage|p1a: Galvantula|16\/100\n|\n|-heal|p2a: gunpowder gelatin|65\/100|[from] item: Black Sludge\n|upkeep\n|turn|13\n|\n|t:|1698979976\n|move|p1a: Galvantula|Thunder|p2a: gunpowder gelatin|[miss]\n|-miss|p1a: Galvantula|p2a: gunpowder gelatin\n|move|p2a: gunpowder gelatin|Sludge Bomb|p1a: Galvantula\n|-damage|p1a: Galvantula|0 fnt\n|faint|p1a: Galvantula\n|\n|-heal|p2a: gunpowder gelatin|71\/100|[from] item: Black Sludge\n|upkeep\n|c|\u2606Ravizitos|f\n|\n|t:|1698979984\n|switch|p1a: Volcarona|Volcarona, F|100\/100\n|turn|14\n|\n|t:|1698979992\n|switch|p2a: dona de engenho|Mienshao, F|100\/100\n|move|p1a: Volcarona|Quiver Dance|p1a: Volcarona\n|-boost|p1a: Volcarona|spa|1\n|-boost|p1a: Volcarona|spd|1\n|-boost|p1a: Volcarona|spe|1\n|\n|upkeep\n|turn|15\n|\n|t:|1698980000\n|move|p2a: dona de engenho|Fake Out|p1a: Volcarona\n|-damage|p1a: Volcarona|78\/100\n|-status|p2a: dona de engenho|brn|[from] ability: Flame Body|[of] p1a: Volcarona\n|cant|p1a: Volcarona|flinch\n|\n|-damage|p2a: dona de engenho|94\/100 brn|[from] brn\n|upkeep\n|turn|16\n|c|\u2606Ravizitos|not the burn\n|\n|t:|1698980016\n|move|p1a: Volcarona|Fiery Dance|p2a: dona de engenho\n|-damage|p2a: dona de engenho|0 fnt\n|faint|p2a: dona de engenho\n|\n|upkeep\n|\n|t:|1698980024\n|switch|p2a: gunpowder gelatin|Roserade, F, shiny|71\/100\n|turn|17\n|\n|t:|1698980031\n|move|p1a: Volcarona|Fiery Dance|p2a: gunpowder gelatin\n|-supereffective|p2a: gunpowder gelatin\n|-crit|p2a: gunpowder gelatin\n|-damage|p2a: gunpowder gelatin|0 fnt\n|faint|p2a: gunpowder gelatin\n|\n|upkeep\n|c|\u2606Void Puppeteer|Ggs\n|c|\u2606Ravizitos|ggs bro\n|\n|t:|1698980039\n|switch|p2a: D. Pedro II|Leavanny, F|100\/100\n|turn|18\n|\n|t:|1698980046\n|move|p1a: Volcarona|Fiery Dance|p2a: D. Pedro II\n|-supereffective|p2a: D. Pedro II\n|-damage|p2a: D. Pedro II|0 fnt\n|faint|p2a: D. Pedro II\n|\n|win|Void Puppeteer\n|raw|Void Puppeteer's rating: 1059 &rarr; <strong>1086<\/strong><br \/>(+27 for winning)\n|raw|Ravizitos's rating: 1017 &rarr; <strong>1006<\/strong><br \/>(-11 for losing)\n|c|\u2606Void Puppeteer|Mad respect\n|c|\u2606Ravizitos|same\n|l|\u2606Ravizitos\n|c|\u2606Void Puppeteer|Enjoy you night\n","uploadtime":1698980068,"views":13,"p1id":"voidpuppeteer","p2id":"ravizitos","formatid":"gen9nationaldexubers","rating":1006,"private":0,"password":""}