{"id":"gen9nationaldexubers-1979851680","p1":"Arbeliever","p2":"Contract_Crawdad","format":"[Gen 9] National Dex Ubers","log":"|j|\u2606Arbeliever\n|j|\u2606Contract_Crawdad\n|t:|1698720075\n|gametype|singles\n|player|p1|Arbeliever|elesa-masters2|\n|player|p2|Contract_Crawdad|supernerd|\n|teamsize|p1|6\n|teamsize|p2|6\n|gen|9\n|tier|[Gen 9] National Dex Ubers\n|rule|HP Percentage Mod: HP is shown in percentages\n|rule|Endless Battle Clause: Forcing endless battles is banned\n|rule|OHKO Clause: OHKO moves are banned\n|rule|Evasion Moves Clause: Evasion moves are banned\n|rule|Evasion Items Clause: Evasion items are banned\n|rule|Species Clause: Limit one of each Pok\u00e9mon\n|rule|Sleep Clause Mod: Limit one foe put to sleep\n|rule|Mega Rayquaza Clause: You cannot mega evolve Rayquaza\n|clearpoke\n|poke|p1|Alakazam, F|\n|poke|p1|Grimmsnarl, M|\n|poke|p1|Baxcalibur, M|\n|poke|p1|Samurott-Hisui, M|\n|poke|p1|Landorus-Therian, M|\n|poke|p1|Iron Moth|\n|poke|p2|Kingambit, M|\n|poke|p2|Rotom-Heat|\n|poke|p2|Electrode-Hisui|\n|poke|p2|Clodsire, M|\n|poke|p2|Infernape, F|\n|poke|p2|Glimmora, M|\n|teampreview\n|inactive|Battle timer is ON: inactive players will automatically lose when time's up. (requested by Arbeliever)\n|inactiveoff|Battle timer is now OFF.\n|c|\u2606Arbeliever|ty\n|c|\u2606Arbeliever|glhf\n|j| Kman343\n|\n|t:|1698720105\n|start\n|switch|p1a: Landorus|Landorus-Therian, M|100\/100\n|switch|p2a: Flint Stone|Electrode-Hisui, shiny|100\/100\n|-ability|p1a: Landorus|Intimidate|boost\n|-unboost|p2a: Flint Stone|atk|1\n|turn|1\n|j|+SHSP\n|\n|t:|1698720144\n|switch|p1a: Iron Moth|Iron Moth|100\/100\n|move|p2a: Flint Stone|Leaf Storm|p1a: Iron Moth\n|-resisted|p1a: Iron Moth\n|-damage|p1a: Iron Moth|86\/100\n|-unboost|p2a: Flint Stone|spa|2\n|\n|upkeep\n|turn|2\n|\n|t:|1698720161\n|switch|p2a: Glenn|Clodsire, M|100\/100\n|move|p1a: Iron Moth|Toxic Spikes|p2a: Glenn\n|-sidestart|p2: Contract_Crawdad|move: Toxic Spikes\n|\n|upkeep\n|turn|3\n|\n|t:|1698720190\n|-end|p1a: Iron Moth|Quark Drive|[silent]\n|switch|p1a: Alakazam|Alakazam, F|100\/100\n|move|p2a: Glenn|Toxic|p1a: Alakazam\n|-status|p1a: Alakazam|tox\n|\n|upkeep\n|turn|4\n|\n|t:|1698720209\n|switch|p2a: Hasan|Kingambit, M|100\/100\n|move|p1a: Alakazam|Focus Blast|p2a: Hasan|[miss]\n|-miss|p1a: Alakazam|p2a: Hasan\n|\n|upkeep\n|turn|5\n|\n|t:|1698720220\n|move|p1a: Alakazam|Barrier|p1a: Alakazam\n|-boost|p1a: Alakazam|def|2\n|move|p2a: Hasan|Knock Off|p1a: Alakazam\n|-supereffective|p1a: Alakazam\n|-damage|p1a: Alakazam|48\/100 tox\n|\n|upkeep\n|turn|6\n|c|+SHSP|this fucking guy never dies\n|c| Kman343|yooooo\n|\n|t:|1698720245\n|move|p1a: Alakazam|Recover|p1a: Alakazam\n|-heal|p1a: Alakazam|98\/100 tox\n|move|p2a: Hasan|Knock Off|p1a: Alakazam\n|-supereffective|p1a: Alakazam\n|-damage|p1a: Alakazam|46\/100 tox\n|\n|upkeep\n|turn|7\n|c|\u2606Arbeliever|i don\u2019t like this\n|\n|t:|1698720335\n|switch|p1a: Samurott|Samurott-Hisui, M|100\/100\n|move|p2a: Hasan|Knock Off|p1a: Samurott\n|-resisted|p1a: Samurott\n|-damage|p1a: Samurott|65\/100\n|-enditem|p1a: Samurott|Mystic Water|[from] move: Knock Off|[of] p2a: Hasan\n|\n|upkeep\n|turn|8\n|c| Kman343|this is the no nickname curse\n|\n|t:|1698720366\n|move|p1a: Samurott|Razor Shell|p2a: Hasan\n|-damage|p2a: Hasan|65\/100\n|move|p2a: Hasan|Brick Break|p1a: Samurott\n|-supereffective|p1a: Samurott\n|-damage|p1a: Samurott|0 fnt\n|faint|p1a: Samurott\n|\n|upkeep\n|l|\u2606Arbeliever\n|player|p1|\n|j| Chartwig\n|c| Chartwig|RIP Grant's internet connection\n|c|+SHSP|wincon spotted\n|j|\u2606Arbeliever\n|player|p1|Arbeliever|elesa-masters2\n|inactive|Battle timer is ON: inactive players will automatically lose when time's up. (requested by Arbeliever)\n|inactiveoff|Battle timer is now OFF.\n|\n|t:|1698720509\n|switch|p1a: Landorus|Landorus-Therian, M|100\/100\n|-ability|p1a: Landorus|Intimidate|boost\n|-unboost|p2a: Hasan|atk|1\n|-ability|p2a: Hasan|Defiant|boost\n|-boost|p2a: Hasan|atk|2\n|turn|9\n|c|\u2606Arbeliever|i knew it too\n|c|\u2606Arbeliever|but i have to\n|\n|t:|1698720527\n|switch|p2a: Oven Hot When The|Rotom-Heat|100\/100\n|move|p1a: Landorus|Earthquake|p2a: Oven Hot When The\n|-immune|p2a: Oven Hot When The|[from] ability: Levitate\n|\n|upkeep\n|turn|10\n|\n|t:|1698720578\n|move|p1a: Landorus|Stone Edge|p2a: Oven Hot When The\n|-supereffective|p2a: Oven Hot When The\n|-damage|p2a: Oven Hot When The|24\/100\n|move|p2a: Oven Hot When The|Overheat|p1a: Landorus\n|-damage|p1a: Landorus|49\/100\n|-unboost|p2a: Oven Hot When The|spa|2\n|\n|upkeep\n|turn|11\n|\n|t:|1698720674\n|move|p1a: Landorus|U-turn|p2a: Oven Hot When The\n|-resisted|p2a: Oven Hot When The\n|-damage|p2a: Oven Hot When The|10\/100\n|\n|t:|1698720676\n|switch|p1a: Alakazam|Alakazam, F|46\/100 tox|[from] U-turn\n|move|p2a: Oven Hot When The|Overheat|p1a: Alakazam\n|-damage|p1a: Alakazam|20\/100 tox\n|-unboost|p2a: Oven Hot When The|spa|2\n|\n|upkeep\n|turn|12\n|\n|t:|1698720688\n|move|p2a: Oven Hot When The|Volt Switch|p1a: Alakazam\n|-damage|p1a: Alakazam|9\/100 tox\n|\n|t:|1698720747\n|switch|p2a: Spy VS You|Glimmora, M|100\/100|[from] Volt Switch\n|-sideend|p2: Contract_Crawdad|move: Toxic Spikes|[of] p2a: Spy VS You\n|move|p1a: Alakazam|Recover|p1a: Alakazam\n|-heal|p1a: Alakazam|60\/100 tox\n|\n|upkeep\n|turn|13\n|\n|t:|1698720819\n|move|p2a: Spy VS You|Sludge Wave|p1a: Alakazam\n|-damage|p1a: Alakazam|7\/100 tox\n|move|p1a: Alakazam|Psyshock|p2a: Spy VS You\n|-supereffective|p2a: Spy VS You\n|-damage|p2a: Spy VS You|0 fnt\n|faint|p2a: Spy VS You\n|\n|upkeep\n|c|\u2606Arbeliever|i got off like a bandit huh\n|\n|t:|1698720847\n|switch|p2a: Infern Ape|Infernape, F|100\/100\n|turn|14\n|c| Kman343|congrats?\n|c|\u2606Arbeliever|thanks\n|\n|t:|1698720869\n|switch|p1a: Landorus|Landorus-Therian, M|49\/100\n|-ability|p1a: Landorus|Intimidate|boost\n|-unboost|p2a: Infern Ape|atk|1\n|move|p2a: Infern Ape|U-turn|p1a: Landorus\n|-resisted|p1a: Landorus\n|-damage|p1a: Landorus|43\/100\n|\n|t:|1698720886\n|switch|p2a: Flint Stone|Electrode-Hisui, shiny|100\/100|[from] U-turn\n|\n|upkeep\n|turn|15\n|\n|t:|1698720933\n|move|p2a: Flint Stone|Leaf Storm|p1a: Landorus\n|-damage|p1a: Landorus|0 fnt\n|-unboost|p2a: Flint Stone|spa|2\n|faint|p1a: Landorus\n|\n|upkeep\n|\n|t:|1698720952\n|switch|p1a: Baxcalibur|Baxcalibur, M|100\/100\n|turn|16\n|\n|t:|1698721011\n|move|p2a: Flint Stone|Foul Play|p1a: Baxcalibur\n|-damage|p1a: Baxcalibur|71\/100\n|move|p1a: Baxcalibur|Earthquake|p2a: Flint Stone\n|-damage|p2a: Flint Stone|21\/100\n|\n|upkeep\n|turn|17\n|\n|t:|1698721040\n|switch|p1a: Iron Moth|Iron Moth|86\/100\n|move|p2a: Flint Stone|Foul Play|p1a: Iron Moth\n|-damage|p1a: Iron Moth|69\/100\n|\n|upkeep\n|turn|18\n|\n|t:|1698721067\n|move|p2a: Flint Stone|Volt Switch|p1a: Iron Moth\n|-damage|p1a: Iron Moth|56\/100\n|\n|t:|1698721091\n|switch|p2a: Glenn|Clodsire, M|100\/100|[from] Volt Switch\n|move|p1a: Iron Moth|Toxic Spikes|p2a: Glenn\n|-sidestart|p2: Contract_Crawdad|move: Toxic Spikes\n|\n|upkeep\n|turn|19\n|\n|t:|1698721129\n|-end|p1a: Iron Moth|Quark Drive|[silent]\n|switch|p1a: Grimmsnarl|Grimmsnarl, M|100\/100\n|move|p2a: Glenn|Earthquake|p1a: Grimmsnarl\n|-damage|p1a: Grimmsnarl|68\/100\n|\n|upkeep\n|turn|20\n|\n|t:|1698721166\n|switch|p2a: Oven Hot When The|Rotom-Heat|10\/100\n|move|p1a: Grimmsnarl|Reflect|p1a: Grimmsnarl\n|-sidestart|p1: Arbeliever|Reflect\n|\n|upkeep\n|turn|21\n|\n|t:|1698721256\n|switch|p1a: Alakazam|Alakazam, F|7\/100 tox\n|move|p2a: Oven Hot When The|Defog|p1a: Alakazam\n|-unboost|p1a: Alakazam|evasion|1\n|-sideend|p1: Arbeliever|Reflect\n|-sideend|p2: Contract_Crawdad|Toxic Spikes|[from] move: Defog|[of] p2a: Oven Hot When The\n|\n|upkeep\n|turn|22\n|\n|t:|1698721265\n|detailschange|p1a: Alakazam|Alakazam-Mega, F\n|-mega|p1a: Alakazam|Alakazam|Alakazite\n|-ability|p1a: Alakazam|Levitate|[from] ability: Trace|[of] p2a: Oven Hot When The\n|move|p1a: Alakazam|Recover|p1a: Alakazam\n|-heal|p1a: Alakazam|57\/100 tox\n|move|p2a: Oven Hot When The|Volt Switch|p1a: Alakazam\n|-damage|p1a: Alakazam|32\/100 tox\n|\n|t:|1698721281\n|switch|p2a: Infern Ape|Infernape, F|100\/100|[from] Volt Switch\n|\n|-damage|p1a: Alakazam|20\/100 tox|[from] psn\n|upkeep\n|turn|23\n|\n|t:|1698721311\n|switch|p1a: Iron Moth|Iron Moth|56\/100\n|move|p2a: Infern Ape|U-turn|p1a: Iron Moth\n|-resisted|p1a: Iron Moth\n|-damage|p1a: Iron Moth|50\/100\n|\n|t:|1698721327\n|switch|p2a: Glenn|Clodsire, M|100\/100|[from] U-turn\n|\n|upkeep\n|turn|24\n|\n|t:|1698721343\n|move|p1a: Iron Moth|Morning Sun|p1a: Iron Moth\n|-heal|p1a: Iron Moth|99\/100\n|move|p2a: Glenn|Earthquake|p1a: Iron Moth\n|-supereffective|p1a: Iron Moth\n|-damage|p1a: Iron Moth|0 fnt\n|faint|p1a: Iron Moth\n|-end|p1a: Iron Moth|Quark Drive|[silent]\n|\n|upkeep\n|\n|t:|1698721346\n|switch|p1a: Baxcalibur|Baxcalibur, M|71\/100\n|turn|25\n|c|\u2606Contract_Crawdad|Glenn\n|c|\u2606Arbeliever|i already lost lol\n|\n|t:|1698721408\n|move|p1a: Baxcalibur|Substitute|p1a: Baxcalibur\n|-start|p1a: Baxcalibur|Substitute\n|-damage|p1a: Baxcalibur|46\/100\n|move|p2a: Glenn|Earthquake|p1a: Baxcalibur\n|-activate|p1a: Baxcalibur|move: Substitute|[damage]\n|\n|upkeep\n|turn|26\n|c|\u2606Arbeliever|oh my.\n|\n|t:|1698721420\n|move|p1a: Baxcalibur|Dragon Dance|p1a: Baxcalibur\n|-boost|p1a: Baxcalibur|atk|1\n|-boost|p1a: Baxcalibur|spe|1\n|move|p2a: Glenn|Earthquake|p1a: Baxcalibur\n|-end|p1a: Baxcalibur|Substitute\n|\n|upkeep\n|turn|27\n|\n|t:|1698721435\n|move|p1a: Baxcalibur|Substitute|p1a: Baxcalibur\n|-start|p1a: Baxcalibur|Substitute\n|-damage|p1a: Baxcalibur|21\/100\n|move|p2a: Glenn|Earthquake|p1a: Baxcalibur\n|-end|p1a: Baxcalibur|Substitute\n|\n|upkeep\n|turn|28\n|c|\u2606Arbeliever|ope\n|\n|t:|1698721503\n|switch|p2a: Oven Hot When The|Rotom-Heat|10\/100\n|move|p1a: Baxcalibur|Earthquake|p2a: Oven Hot When The\n|-immune|p2a: Oven Hot When The|[from] ability: Levitate\n|\n|upkeep\n|turn|29\n|\n|t:|1698721514\n|move|p1a: Baxcalibur|Glaive Rush|p2a: Oven Hot When The\n|-damage|p2a: Oven Hot When The|0 fnt\n|-singlemove|p1a: Baxcalibur|Glaive Rush|[silent]\n|faint|p2a: Oven Hot When The\n|\n|upkeep\n|\n|t:|1698721526\n|switch|p2a: Infern Ape|Infernape, F|100\/100\n|turn|30\n|c|\u2606Arbeliever|am i lagging or are u taking time to choose ur moves\n|c|\u2606Contract_Crawdad|No\n|c|\u2606Arbeliever|ok\n|\n|t:|1698721579\n|move|p2a: Infern Ape|Close Combat|p1a: Baxcalibur\n|-supereffective|p1a: Baxcalibur\n|-damage|p1a: Baxcalibur|0 fnt\n|-unboost|p2a: Infern Ape|def|1\n|-unboost|p2a: Infern Ape|spd|1\n|faint|p1a: Baxcalibur\n|\n|upkeep\n|\n|t:|1698721581\n|switch|p1a: Grimmsnarl|Grimmsnarl, M|68\/100\n|turn|31\n|\n|t:|1698721602\n|switch|p2a: Glenn|Clodsire, M|100\/100\n|move|p1a: Grimmsnarl|Reflect|p1a: Grimmsnarl\n|-sidestart|p1: Arbeliever|Reflect\n|\n|upkeep\n|turn|32\n|\n|t:|1698721618\n|move|p1a: Grimmsnarl|Nasty Plot|p1a: Grimmsnarl\n|-boost|p1a: Grimmsnarl|spa|2\n|move|p2a: Glenn|Earthquake|p1a: Grimmsnarl\n|-crit|p1a: Grimmsnarl\n|-damage|p1a: Grimmsnarl|17\/100\n|\n|upkeep\n|turn|33\n|c|\u2606Arbeliever|oh cool\n|c| Chartwig|The special Grimmsnarl\n|\n|t:|1698721634\n|move|p1a: Grimmsnarl|Draining Kiss|p2a: Glenn\n|-resisted|p2a: Glenn\n|-damage|p2a: Glenn|89\/100\n|-heal|p1a: Grimmsnarl|28\/100|[from] drain|[of] p2a: Glenn\n|move|p2a: Glenn|Earthquake|p1a: Grimmsnarl\n|-damage|p1a: Grimmsnarl|12\/100\n|\n|-heal|p2a: Glenn|95\/100|[from] item: Black Sludge\n|upkeep\n|turn|34\n|c|\u2606Arbeliever|i could've probably taken it if that didn't crit unironically\n|c|\u2606Contract_Crawdad|What are you talking about I have Toxic\n|c|\u2606Arbeliever|:4Head:\n|c| Chartwig|^\n|\n|t:|1698721668\n|move|p1a: Grimmsnarl|Draining Kiss|p2a: Glenn\n|-resisted|p2a: Glenn\n|-damage|p2a: Glenn|84\/100\n|-heal|p1a: Grimmsnarl|21\/100|[from] drain|[of] p2a: Glenn\n|move|p2a: Glenn|Earthquake|p1a: Grimmsnarl\n|-damage|p1a: Grimmsnarl|5\/100\n|\n|-heal|p2a: Glenn|91\/100|[from] item: Black Sludge\n|upkeep\n|turn|35\n|\n|t:|1698721678\n|move|p1a: Grimmsnarl|Draining Kiss|p2a: Glenn\n|-resisted|p2a: Glenn\n|-damage|p2a: Glenn|80\/100\n|-heal|p1a: Grimmsnarl|14\/100|[from] drain|[of] p2a: Glenn\n|move|p2a: Glenn|Earthquake|p1a: Grimmsnarl\n|-damage|p1a: Grimmsnarl|0 fnt\n|faint|p1a: Grimmsnarl\n|\n|-heal|p2a: Glenn|86\/100|[from] item: Black Sludge\n|upkeep\n|\n|t:|1698721681\n|switch|p1a: Alakazam|Alakazam-Mega, F|20\/100 tox\n|-ability|p1a: Alakazam|Water Absorb|[from] ability: Trace|[of] p2a: Glenn\n|turn|36\n|\n|t:|1698721701\n|move|p1a: Alakazam|Recover|p1a: Alakazam\n|-heal|p1a: Alakazam|70\/100 tox\n|move|p2a: Glenn|Earthquake|p1a: Alakazam\n|-damage|p1a: Alakazam|54\/100 tox\n|\n|-heal|p2a: Glenn|93\/100|[from] item: Black Sludge\n|-damage|p1a: Alakazam|47\/100 tox|[from] psn\n|upkeep\n|turn|37\n|\n|t:|1698721722\n|switch|p2a: Hasan|Kingambit, M|65\/100\n|move|p1a: Alakazam|Focus Blast|p2a: Hasan\n|-supereffective|p2a: Hasan\n|-enditem|p2a: Hasan|Chople Berry|[eat]\n|-enditem|p2a: Hasan|Chople Berry|[weaken]\n|-damage|p2a: Hasan|0 fnt\n|faint|p2a: Hasan\n|\n|-damage|p1a: Alakazam|35\/100 tox|[from] psn\n|upkeep\n|c|\u2606Arbeliever|FEIN\n|c|\u2606Arbeliever|ggez\n|\n|t:|1698721735\n|switch|p2a: Flint Stone|Electrode-Hisui, shiny|21\/100\n|turn|38\n|\n|t:|1698721747\n|move|p2a: Flint Stone|Thunderbolt|p1a: Alakazam\n|-damage|p1a: Alakazam|2\/100 tox\n|move|p1a: Alakazam|Recover|p1a: Alakazam\n|-heal|p1a: Alakazam|53\/100 tox\n|\n|-damage|p1a: Alakazam|34\/100 tox|[from] psn\n|-sideend|p1: Arbeliever|Reflect\n|upkeep\n|turn|39\n|\n|t:|1698721755\n|move|p2a: Flint Stone|Leaf Storm|p1a: Alakazam|[miss]\n|-miss|p2a: Flint Stone|p1a: Alakazam\n|move|p1a: Alakazam|Psyshock|p2a: Flint Stone\n|-damage|p2a: Flint Stone|0 fnt\n|faint|p2a: Flint Stone\n|\n|-damage|p1a: Alakazam|10\/100 tox|[from] psn\n|upkeep\n|l|+SHSP\n|c|\u2606Arbeliever|alakazam is my goat\n|\n|t:|1698721765\n|switch|p2a: Infern Ape|Infernape, F|100\/100\n|turn|40\n|\n|t:|1698721768\n|move|p2a: Infern Ape|U-turn|p1a: Alakazam\n|-supereffective|p1a: Alakazam\n|-damage|p1a: Alakazam|0 fnt\n|faint|p1a: Alakazam\n|\n|win|Contract_Crawdad\n|l|\u2606Arbeliever\n|c|\u2606Contract_Crawdad|gg\n","uploadtime":1698721778,"views":11,"p1id":"arbeliever","p2id":"contractcrawdad","formatid":"gen9nationaldexubers","rating":0,"private":0,"password":""}