{"id":"gen9nationaldexubers-1989795079","p1":"KJ.nyc","p2":"Phantom372","format":"[Gen 9] National Dex Ubers","log":"|j|\u2606KJ.nyc\n|j|\u2606Phantom372\n|t:|1699896372\n|gametype|singles\n|player|p1|KJ.nyc|hilbert|1109\n|player|p2|Phantom372|ethan|1167\n|teamsize|p1|6\n|teamsize|p2|6\n|gen|9\n|tier|[Gen 9] National Dex Ubers\n|rated|\n|rule|HP Percentage Mod: HP is shown in percentages\n|rule|Endless Battle Clause: Forcing endless battles is banned\n|rule|OHKO Clause: OHKO moves are banned\n|rule|Evasion Moves Clause: Evasion moves are banned\n|rule|Evasion Items Clause: Evasion items are banned\n|rule|Species Clause: Limit one of each Pok\u00e9mon\n|rule|Sleep Clause Mod: Limit one foe put to sleep\n|rule|Mega Rayquaza Clause: You cannot mega evolve Rayquaza\n|clearpoke\n|poke|p1|Pikachu, M|\n|poke|p1|Dragonite, F|\n|poke|p1|Gengar, M|\n|poke|p1|Lucario, M|\n|poke|p1|Sirfetch\u2019d, M|\n|poke|p1|Dracovish|\n|poke|p2|Cyclizar, M|\n|poke|p2|Salamence, F|\n|poke|p2|Necrozma-Dusk-Mane|\n|poke|p2|Amoonguss, M|\n|poke|p2|Annihilape, F|\n|poke|p2|Corviknight, M|\n|teampreview\n|c|\u2606KJ.nyc|glhf\n|inactive|Battle timer is ON: inactive players will automatically lose when time's up. (requested by KJ.nyc)\n|c|\u2606Phantom372|Gotta capture Pikachu\n|\n|t:|1699896386\n|start\n|switch|p1a: Dracovish|Dracovish|100\/100\n|switch|p2a: Psycho|Cyclizar, M|100\/100\n|turn|1\n|\n|t:|1699896393\n|move|p2a: Psycho|Shed Tail|p2a: Psycho\n|-start|p2a: Psycho|Substitute|[from] move: Shed Tail\n|-damage|p2a: Psycho|50\/100\n|\n|t:|1699896403\n|switch|p2a: Amoonguss|Amoonguss, M|100\/100|[from] Shed Tail\n|move|p1a: Dracovish|Fishious Rend|p2a: Amoonguss\n|-resisted|p2a: Amoonguss\n|-end|p2a: Amoonguss|Substitute\n|\n|upkeep\n|turn|2\n|\n|t:|1699896410\n|move|p1a: Dracovish|Fishious Rend|p2a: Amoonguss\n|-resisted|p2a: Amoonguss\n|-damage|p2a: Amoonguss|37\/100\n|move|p2a: Amoonguss|Spore|p1a: Dracovish\n|-status|p1a: Dracovish|slp|[from] move: Spore\n|\n|-heal|p2a: Amoonguss|43\/100|[from] item: Leftovers\n|upkeep\n|turn|3\n|\n|t:|1699896432\n|cant|p1a: Dracovish|slp\n|move|p2a: Amoonguss|Giga Drain|p1a: Dracovish\n|-damage|p1a: Dracovish|72\/100 slp\n|-heal|p2a: Amoonguss|55\/100|[from] drain|[of] p1a: Dracovish\n|\n|-heal|p2a: Amoonguss|61\/100|[from] item: Leftovers\n|upkeep\n|turn|4\n|\n|t:|1699896441\n|cant|p1a: Dracovish|slp\n|move|p2a: Amoonguss|Giga Drain|p1a: Dracovish\n|-damage|p1a: Dracovish|44\/100 slp\n|-heal|p2a: Amoonguss|72\/100|[from] drain|[of] p1a: Dracovish\n|\n|-heal|p2a: Amoonguss|78\/100|[from] item: Leftovers\n|upkeep\n|turn|5\n|\n|t:|1699896458\n|cant|p1a: Dracovish|slp\n|move|p2a: Amoonguss|Spore|p1a: Dracovish\n|-fail|p1a: Dracovish|slp\n|\n|-heal|p2a: Amoonguss|84\/100|[from] item: Leftovers\n|upkeep\n|turn|6\n|c|\u2606Phantom372|3 turns? That's rotten luck\n|inactive|KJ.nyc has 120 seconds left.\n|\n|t:|1699896491\n|-curestatus|p1a: Dracovish|slp|[msg]\n|move|p1a: Dracovish|Fishious Rend|p2a: Amoonguss\n|-resisted|p2a: Amoonguss\n|-damage|p2a: Amoonguss|17\/100\n|move|p2a: Amoonguss|Spore|p1a: Dracovish\n|-status|p1a: Dracovish|slp|[from] move: Spore\n|\n|-heal|p2a: Amoonguss|23\/100|[from] item: Leftovers\n|upkeep\n|turn|7\n|\n|t:|1699896500\n|cant|p1a: Dracovish|slp\n|move|p2a: Amoonguss|Giga Drain|p1a: Dracovish\n|-damage|p1a: Dracovish|16\/100 slp\n|-heal|p2a: Amoonguss|35\/100|[from] drain|[of] p1a: Dracovish\n|\n|-heal|p2a: Amoonguss|41\/100|[from] item: Leftovers\n|upkeep\n|turn|8\n|\n|t:|1699896506\n|-curestatus|p1a: Dracovish|slp|[msg]\n|move|p1a: Dracovish|Fishious Rend|p2a: Amoonguss\n|-resisted|p2a: Amoonguss\n|-damage|p2a: Amoonguss|0 fnt\n|faint|p2a: Amoonguss\n|\n|upkeep\n|\n|t:|1699896516\n|switch|p2a: Psycho|Cyclizar, M|83\/100\n|turn|9\n|\n|t:|1699896539\n|move|p2a: Psycho|Dragon Claw|p1a: Dracovish\n|-supereffective|p1a: Dracovish\n|-damage|p1a: Dracovish|0 fnt\n|faint|p1a: Dracovish\n|\n|upkeep\n|\n|t:|1699896551\n|switch|p1a: Dragonite|Dragonite, F|100\/100\n|turn|10\n|\n|t:|1699896560\n|-terastallize|p2a: Psycho|Ghost\n|move|p2a: Psycho|Dragon Claw|p1a: Dragonite\n|-supereffective|p1a: Dragonite\n|-damage|p1a: Dragonite|68\/100\n|move|p1a: Dragonite|Dragon Dance|p1a: Dragonite\n|-boost|p1a: Dragonite|atk|1\n|-boost|p1a: Dragonite|spe|1\n|\n|-heal|p1a: Dragonite|74\/100|[from] item: Leftovers\n|upkeep\n|turn|11\n|\n|t:|1699896569\n|-terastallize|p1a: Dragonite|Steel\n|move|p2a: Psycho|Shed Tail|p2a: Psycho\n|-start|p2a: Psycho|Substitute|[from] move: Shed Tail\n|-damage|p2a: Psycho|33\/100\n|\n|t:|1699896589\n|switch|p2a: Salamence|Salamence, F|100\/100|[from] Shed Tail\n|-ability|p2a: Salamence|Intimidate|boost\n|-unboost|p1a: Dragonite|atk|1\n|move|p1a: Dragonite|Hurricane|p2a: Salamence|[miss]\n|-miss|p1a: Dragonite|p2a: Salamence\n|\n|-heal|p1a: Dragonite|80\/100|[from] item: Leftovers\n|upkeep\n|turn|12\n|\n|t:|1699896603\n|switch|p2a: Necrozma|Necrozma-Dusk-Mane|100\/100\n|move|p1a: Dragonite|Dragon Claw|p2a: Necrozma\n|-resisted|p2a: Necrozma\n|-damage|p2a: Necrozma|83\/100\n|\n|-heal|p1a: Dragonite|87\/100|[from] item: Leftovers\n|upkeep\n|turn|13\n|\n|t:|1699896612\n|move|p1a: Dragonite|Fire Punch|p2a: Necrozma\n|-supereffective|p2a: Necrozma\n|-damage|p2a: Necrozma|52\/100\n|move|p2a: Necrozma|Earthquake|p1a: Dragonite\n|-supereffective|p1a: Dragonite\n|-damage|p1a: Dragonite|4\/100\n|\n|-heal|p1a: Dragonite|10\/100|[from] item: Leftovers\n|upkeep\n|turn|14\n|\n|t:|1699896622\n|move|p1a: Dragonite|Hurricane|p2a: Necrozma\n|-resisted|p2a: Necrozma\n|-damage|p2a: Necrozma|32\/100\n|-start|p2a: Necrozma|confusion\n|-activate|p2a: Necrozma|confusion\n|move|p2a: Necrozma|Earthquake|p1a: Dragonite\n|-supereffective|p1a: Dragonite\n|-damage|p1a: Dragonite|0 fnt\n|faint|p1a: Dragonite\n|\n|upkeep\n|\n|t:|1699896637\n|switch|p1a: Pikachu|Pikachu, M|100\/100\n|turn|15\n|\n|t:|1699896640\n|switch|p2a: Annihilape|Annihilape, F|100\/100\n|move|p1a: Pikachu|Thunderbolt|p2a: Annihilape\n|-damage|p2a: Annihilape|63\/100\n|\n|upkeep\n|turn|16\n|\n|t:|1699896653\n|move|p1a: Pikachu|Volt Tackle|p2a: Annihilape\n|-damage|p2a: Annihilape|4\/100\n|-damage|p1a: Pikachu|62\/100|[from] Recoil\n|move|p2a: Annihilape|Drain Punch|p1a: Pikachu\n|-damage|p1a: Pikachu|0 fnt\n|-heal|p2a: Annihilape|19\/100|[from] drain|[of] p1a: Pikachu\n|faint|p1a: Pikachu\n|\n|upkeep\n|\n|t:|1699896659\n|switch|p1a: Lucario|Lucario, M|100\/100\n|turn|17\n|\n|t:|1699896664\n|detailschange|p1a: Lucario|Lucario-Mega, M\n|-mega|p1a: Lucario|Lucario|Lucarionite\n|move|p1a: Lucario|Meteor Mash|p2a: Annihilape\n|-damage|p2a: Annihilape|0 fnt\n|faint|p2a: Annihilape\n|\n|upkeep\n|\n|t:|1699896674\n|switch|p2a: Necrozma|Necrozma-Dusk-Mane|32\/100\n|turn|18\n|inactive|KJ.nyc has 120 seconds left.\n|\n|t:|1699896711\n|move|p1a: Lucario|Aura Sphere|p2a: Necrozma\n|-damage|p2a: Necrozma|0 fnt\n|faint|p2a: Necrozma\n|\n|upkeep\n|\n|t:|1699896716\n|switch|p2a: Corviknight|Corviknight, M|100\/100\n|-ability|p2a: Corviknight|Pressure\n|turn|19\n|\n|t:|1699896725\n|switch|p1a: Sirfetch\u2019d|Sirfetch\u2019d, M|100\/100\n|move|p2a: Corviknight|Substitute|p2a: Corviknight\n|-start|p2a: Corviknight|Substitute\n|-damage|p2a: Corviknight|76\/100\n|\n|-heal|p2a: Corviknight|82\/100|[from] item: Leftovers\n|upkeep\n|turn|20\n|\n|t:|1699896732\n|move|p1a: Sirfetch\u2019d|Close Combat|p2a: Corviknight\n|-crit|p2a: Corviknight\n|-end|p2a: Corviknight|Substitute\n|-unboost|p1a: Sirfetch\u2019d|def|1\n|-unboost|p1a: Sirfetch\u2019d|spd|1\n|move|p2a: Corviknight|Iron Defense|p2a: Corviknight\n|-boost|p2a: Corviknight|def|2\n|\n|-heal|p2a: Corviknight|88\/100|[from] item: Leftovers\n|upkeep\n|turn|21\n|\n|t:|1699896750\n|move|p1a: Sirfetch\u2019d|Close Combat|p2a: Corviknight\n|-crit|p2a: Corviknight\n|-damage|p2a: Corviknight|4\/100\n|-unboost|p1a: Sirfetch\u2019d|def|1\n|-unboost|p1a: Sirfetch\u2019d|spd|1\n|move|p2a: Corviknight|Body Press|p1a: Sirfetch\u2019d\n|-damage|p1a: Sirfetch\u2019d|8\/100\n|\n|-heal|p2a: Corviknight|10\/100|[from] item: Leftovers\n|upkeep\n|turn|22\n|\n|t:|1699896759\n|move|p1a: Sirfetch\u2019d|Night Slash|p2a: Corviknight\n|-crit|p2a: Corviknight\n|-damage|p2a: Corviknight|0 fnt\n|faint|p2a: Corviknight\n|\n|upkeep\n|\n|t:|1699896769\n|switch|p2a: Psycho|Cyclizar, M, tera:Ghost|66\/100\n|turn|23\n|\n|t:|1699896773\n|move|p2a: Psycho|Dragon Claw|p1a: Sirfetch\u2019d\n|-damage|p1a: Sirfetch\u2019d|0 fnt\n|faint|p1a: Sirfetch\u2019d\n|\n|upkeep\n|\n|t:|1699896776\n|switch|p1a: Gengar|Gengar, M|100\/100\n|turn|24\n|\n|t:|1699896782\n|move|p2a: Psycho|Shed Tail|p2a: Psycho\n|-start|p2a: Psycho|Substitute|[from] move: Shed Tail\n|-damage|p2a: Psycho|16\/100\n|\n|t:|1699896785\n|switch|p2a: Salamence|Salamence, F|100\/100|[from] Shed Tail\n|-ability|p2a: Salamence|Intimidate|boost\n|-unboost|p1a: Gengar|atk|1\n|move|p1a: Gengar|Shadow Ball|p2a: Salamence\n|-end|p2a: Salamence|Substitute\n|\n|upkeep\n|turn|25\n|\n|t:|1699896801\n|detailschange|p2a: Salamence|Salamence-Mega, F\n|-mega|p2a: Salamence|Salamence|Salamencite\n|move|p1a: Gengar|Icy Wind|p2a: Salamence\n|-supereffective|p2a: Salamence\n|-damage|p2a: Salamence|21\/100\n|-unboost|p2a: Salamence|spe|1\n|move|p2a: Salamence|Dragon Dance|p2a: Salamence\n|-boost|p2a: Salamence|atk|1\n|-boost|p2a: Salamence|spe|1\n|\n|upkeep\n|turn|26\n|\n|t:|1699896810\n|move|p1a: Gengar|Dazzling Gleam|p2a: Salamence\n|-supereffective|p2a: Salamence\n|-damage|p2a: Salamence|0 fnt\n|faint|p2a: Salamence\n|\n|upkeep\n|\n|t:|1699896815\n|switch|p2a: Psycho|Cyclizar, M, tera:Ghost|49\/100\n|turn|27\n|\n|t:|1699896818\n|move|p2a: Psycho|Knock Off|p1a: Gengar\n|-supereffective|p1a: Gengar\n|-enditem|p1a: Gengar|Focus Sash\n|-damage|p1a: Gengar|1\/100\n|move|p1a: Gengar|Shadow Ball|p2a: Psycho\n|-supereffective|p2a: Psycho\n|-damage|p2a: Psycho|0 fnt\n|faint|p2a: Psycho\n|\n|win|KJ.nyc\n|raw|KJ.nyc's rating: 1109 &rarr; <strong>1138<\/strong><br \/>(+29 for winning)\n|raw|Phantom372's rating: 1167 &rarr; <strong>1138<\/strong><br \/>(-29 for losing)\n|c|\u2606KJ.nyc|gg\n","uploadtime":1699896826,"views":5,"p1id":"kjnyc","p2id":"phantom372","formatid":"gen9nationaldexubers","rating":1138,"private":0,"password":""}