{"id":"gen9nationaldexubers-1989083389","p1":"stinkydedenne","p2":"AERO-M0DE\u2b06\ufe0f","format":"[Gen 9] National Dex Ubers","log":"|j|\u2606stinkydedenne\n|j|\u2606AERO-M0DE\u2b06\ufe0f\n|t:|1699810345\n|gametype|singles\n|player|p1|stinkydedenne|2|1072\n|player|p2|AERO-M0DE\u2b06\ufe0f|winona-gen6|1120\n|teamsize|p1|6\n|teamsize|p2|6\n|gen|9\n|tier|[Gen 9] National Dex Ubers\n|rated|\n|rule|HP Percentage Mod: HP is shown in percentages\n|rule|Endless Battle Clause: Forcing endless battles is banned\n|rule|OHKO Clause: OHKO moves are banned\n|rule|Evasion Moves Clause: Evasion moves are banned\n|rule|Evasion Items Clause: Evasion items are banned\n|rule|Species Clause: Limit one of each Pok\u00e9mon\n|rule|Sleep Clause Mod: Limit one foe put to sleep\n|rule|Mega Rayquaza Clause: You cannot mega evolve Rayquaza\n|clearpoke\n|poke|p1|Shaymin-Sky|\n|poke|p1|Whimsicott, F|\n|poke|p1|Necrozma-Dawn-Wings|\n|poke|p1|Slowbro, M|\n|poke|p1|Xerneas-*|\n|poke|p1|Arceus|\n|poke|p2|Skarmory, F|\n|poke|p2|Talonflame, M|\n|poke|p2|Crobat, M|\n|poke|p2|Noivern, M|\n|poke|p2|Lugia|\n|poke|p2|Arceus-Flying|\n|teampreview\n|\n|t:|1699810367\n|start\n|switch|p1a: Whimsicott|Whimsicott, F|100\/100\n|switch|p2a: \ud83c\udf2cLUGIA\ud83c\udf2a\ud83c\udf2a|Lugia|100\/100\n|turn|1\n|\n|t:|1699810378\n|move|p1a: Whimsicott|Tailwind|p1a: Whimsicott\n|-sidestart|p1: stinkydedenne|move: Tailwind\n|move|p2a: \ud83c\udf2cLUGIA\ud83c\udf2a\ud83c\udf2a|Calm Mind|p2a: \ud83c\udf2cLUGIA\ud83c\udf2a\ud83c\udf2a\n|-boost|p2a: \ud83c\udf2cLUGIA\ud83c\udf2a\ud83c\udf2a|spa|1\n|-boost|p2a: \ud83c\udf2cLUGIA\ud83c\udf2a\ud83c\udf2a|spd|1\n|\n|upkeep\n|turn|2\n|\n|t:|1699810388\n|move|p1a: Whimsicott|Memento|p2a: \ud83c\udf2cLUGIA\ud83c\udf2a\ud83c\udf2a\n|-unboost|p2a: \ud83c\udf2cLUGIA\ud83c\udf2a\ud83c\udf2a|atk|2\n|-unboost|p2a: \ud83c\udf2cLUGIA\ud83c\udf2a\ud83c\udf2a|spa|2\n|faint|p1a: Whimsicott\n|move|p2a: \ud83c\udf2cLUGIA\ud83c\udf2a\ud83c\udf2a|Calm Mind|p2a: \ud83c\udf2cLUGIA\ud83c\udf2a\ud83c\udf2a\n|-boost|p2a: \ud83c\udf2cLUGIA\ud83c\udf2a\ud83c\udf2a|spa|1\n|-boost|p2a: \ud83c\udf2cLUGIA\ud83c\udf2a\ud83c\udf2a|spd|1\n|\n|upkeep\n|\n|t:|1699810398\n|switch|p1a: Necrozma|Necrozma-Dawn-Wings|100\/100\n|turn|3\n|\n|t:|1699810403\n|-terastallize|p2a: \ud83c\udf2cLUGIA\ud83c\udf2a\ud83c\udf2a|Flying\n|move|p1a: Necrozma|Cosmic Power|p1a: Necrozma\n|-boost|p1a: Necrozma|def|1\n|-boost|p1a: Necrozma|spd|1\n|move|p2a: \ud83c\udf2cLUGIA\ud83c\udf2a\ud83c\udf2a|Calm Mind|p2a: \ud83c\udf2cLUGIA\ud83c\udf2a\ud83c\udf2a\n|-boost|p2a: \ud83c\udf2cLUGIA\ud83c\udf2a\ud83c\udf2a|spa|1\n|-boost|p2a: \ud83c\udf2cLUGIA\ud83c\udf2a\ud83c\udf2a|spd|1\n|\n|upkeep\n|turn|4\n|\n|t:|1699810412\n|move|p1a: Necrozma|Cosmic Power|p1a: Necrozma\n|-boost|p1a: Necrozma|def|1\n|-boost|p1a: Necrozma|spd|1\n|move|p2a: \ud83c\udf2cLUGIA\ud83c\udf2a\ud83c\udf2a|Calm Mind|p2a: \ud83c\udf2cLUGIA\ud83c\udf2a\ud83c\udf2a\n|-boost|p2a: \ud83c\udf2cLUGIA\ud83c\udf2a\ud83c\udf2a|spa|1\n|-boost|p2a: \ud83c\udf2cLUGIA\ud83c\udf2a\ud83c\udf2a|spd|1\n|\n|-sideend|p1: stinkydedenne|move: Tailwind\n|upkeep\n|turn|5\n|\n|t:|1699810424\n|move|p2a: \ud83c\udf2cLUGIA\ud83c\udf2a\ud83c\udf2a|Calm Mind|p2a: \ud83c\udf2cLUGIA\ud83c\udf2a\ud83c\udf2a\n|-boost|p2a: \ud83c\udf2cLUGIA\ud83c\udf2a\ud83c\udf2a|spa|1\n|-boost|p2a: \ud83c\udf2cLUGIA\ud83c\udf2a\ud83c\udf2a|spd|1\n|move|p1a: Necrozma|Cosmic Power|p1a: Necrozma\n|-boost|p1a: Necrozma|def|1\n|-boost|p1a: Necrozma|spd|1\n|\n|upkeep\n|turn|6\n|\n|t:|1699810432\n|move|p2a: \ud83c\udf2cLUGIA\ud83c\udf2a\ud83c\udf2a|Air Slash|p1a: Necrozma\n|-damage|p1a: Necrozma|66\/100\n|move|p1a: Necrozma|Cosmic Power|p1a: Necrozma\n|-boost|p1a: Necrozma|def|1\n|-boost|p1a: Necrozma|spd|1\n|\n|upkeep\n|turn|7\n|\n|t:|1699810441\n|move|p2a: \ud83c\udf2cLUGIA\ud83c\udf2a\ud83c\udf2a|Aeroblast|p1a: Necrozma\n|-damage|p1a: Necrozma|32\/100\n|move|p1a: Necrozma|Moonlight|p1a: Necrozma\n|-heal|p1a: Necrozma|82\/100\n|\n|upkeep\n|turn|8\n|\n|t:|1699810449\n|move|p2a: \ud83c\udf2cLUGIA\ud83c\udf2a\ud83c\udf2a|Calm Mind|p2a: \ud83c\udf2cLUGIA\ud83c\udf2a\ud83c\udf2a\n|-boost|p2a: \ud83c\udf2cLUGIA\ud83c\udf2a\ud83c\udf2a|spa|1\n|-boost|p2a: \ud83c\udf2cLUGIA\ud83c\udf2a\ud83c\udf2a|spd|1\n|move|p1a: Necrozma|Moonlight|p1a: Necrozma\n|-heal|p1a: Necrozma|100\/100\n|\n|upkeep\n|turn|9\n|\n|t:|1699810457\n|move|p2a: \ud83c\udf2cLUGIA\ud83c\udf2a\ud83c\udf2a|Calm Mind|p2a: \ud83c\udf2cLUGIA\ud83c\udf2a\ud83c\udf2a\n|-boost|p2a: \ud83c\udf2cLUGIA\ud83c\udf2a\ud83c\udf2a|spa|1\n|-boost|p2a: \ud83c\udf2cLUGIA\ud83c\udf2a\ud83c\udf2a|spd|0\n|move|p1a: Necrozma|Cosmic Power|p1a: Necrozma\n|-boost|p1a: Necrozma|def|1\n|-boost|p1a: Necrozma|spd|1\n|\n|upkeep\n|turn|10\n|\n|t:|1699810464\n|move|p2a: \ud83c\udf2cLUGIA\ud83c\udf2a\ud83c\udf2a|Aeroblast|p1a: Necrozma\n|-crit|p1a: Necrozma\n|-damage|p1a: Necrozma|0 fnt\n|faint|p1a: Necrozma\n|\n|upkeep\n|\n|t:|1699810475\n|switch|p1a: Arceus|Arceus|100\/100\n|turn|11\n|\n|t:|1699810481\n|move|p1a: Arceus|Thunder Wave|p2a: \ud83c\udf2cLUGIA\ud83c\udf2a\ud83c\udf2a\n|-status|p2a: \ud83c\udf2cLUGIA\ud83c\udf2a\ud83c\udf2a|par\n|cant|p2a: \ud83c\udf2cLUGIA\ud83c\udf2a\ud83c\udf2a|par\n|\n|upkeep\n|turn|12\n|\n|t:|1699810488\n|move|p1a: Arceus|Defog|p2a: \ud83c\udf2cLUGIA\ud83c\udf2a\ud83c\udf2a\n|-unboost|p2a: \ud83c\udf2cLUGIA\ud83c\udf2a\ud83c\udf2a|evasion|1\n|cant|p2a: \ud83c\udf2cLUGIA\ud83c\udf2a\ud83c\udf2a|par\n|\n|upkeep\n|turn|13\n|\n|t:|1699810494\n|move|p1a: Arceus|Defog|p2a: \ud83c\udf2cLUGIA\ud83c\udf2a\ud83c\udf2a\n|-unboost|p2a: \ud83c\udf2cLUGIA\ud83c\udf2a\ud83c\udf2a|evasion|1\n|move|p2a: \ud83c\udf2cLUGIA\ud83c\udf2a\ud83c\udf2a|Aeroblast|p1a: Arceus\n|-damage|p1a: Arceus|0 fnt\n|faint|p1a: Arceus\n|\n|upkeep\n|\n|t:|1699810515\n|switch|p1a: Shaymin|Shaymin-Sky, shiny|100\/100\n|turn|14\n|inactive|Battle timer is ON: inactive players will automatically lose when time's up. (requested by stinkydedenne)\n|\n|t:|1699810581\n|move|p1a: Shaymin|Air Slash|p2a: \ud83c\udf2cLUGIA\ud83c\udf2a\ud83c\udf2a\n|-damage|p2a: \ud83c\udf2cLUGIA\ud83c\udf2a\ud83c\udf2a|98\/100 par\n|move|p2a: \ud83c\udf2cLUGIA\ud83c\udf2a\ud83c\udf2a|Aeroblast|p1a: Shaymin\n|-supereffective|p1a: Shaymin\n|-damage|p1a: Shaymin|0 fnt\n|faint|p1a: Shaymin\n|\n|upkeep\n|\n|t:|1699810598\n|switch|p1a: Slowbro|Slowbro, M|100\/100\n|turn|15\n|\n|t:|1699810602\n|detailschange|p1a: Slowbro|Slowbro-Mega, M\n|-mega|p1a: Slowbro|Slowbro|Slowbronite\n|cant|p2a: \ud83c\udf2cLUGIA\ud83c\udf2a\ud83c\udf2a|par\n|move|p1a: Slowbro|Amnesia|p1a: Slowbro\n|-boost|p1a: Slowbro|spd|2\n|\n|upkeep\n|turn|16\n|\n|t:|1699810609\n|cant|p2a: \ud83c\udf2cLUGIA\ud83c\udf2a\ud83c\udf2a|par\n|move|p1a: Slowbro|Amnesia|p1a: Slowbro\n|-boost|p1a: Slowbro|spd|2\n|\n|upkeep\n|turn|17\n|\n|t:|1699810615\n|move|p2a: \ud83c\udf2cLUGIA\ud83c\udf2a\ud83c\udf2a|Aeroblast|p1a: Slowbro\n|-damage|p1a: Slowbro|21\/100\n|move|p1a: Slowbro|Amnesia|p1a: Slowbro\n|-boost|p1a: Slowbro|spd|2\n|\n|upkeep\n|turn|18\n|\n|t:|1699810624\n|cant|p2a: \ud83c\udf2cLUGIA\ud83c\udf2a\ud83c\udf2a|par\n|move|p1a: Slowbro|Body Press|p2a: \ud83c\udf2cLUGIA\ud83c\udf2a\ud83c\udf2a\n|-resisted|p2a: \ud83c\udf2cLUGIA\ud83c\udf2a\ud83c\udf2a\n|-damage|p2a: \ud83c\udf2cLUGIA\ud83c\udf2a\ud83c\udf2a|82\/100 par\n|\n|upkeep\n|turn|19\n|\n|t:|1699810630\n|cant|p2a: \ud83c\udf2cLUGIA\ud83c\udf2a\ud83c\udf2a|par\n|move|p1a: Slowbro|Body Press|p2a: \ud83c\udf2cLUGIA\ud83c\udf2a\ud83c\udf2a\n|-resisted|p2a: \ud83c\udf2cLUGIA\ud83c\udf2a\ud83c\udf2a\n|-damage|p2a: \ud83c\udf2cLUGIA\ud83c\udf2a\ud83c\udf2a|68\/100 par\n|\n|upkeep\n|turn|20\n|\n|t:|1699810637\n|move|p2a: \ud83c\udf2cLUGIA\ud83c\udf2a\ud83c\udf2a|Aeroblast|p1a: Slowbro\n|-damage|p1a: Slowbro|0 fnt\n|faint|p1a: Slowbro\n|\n|upkeep\n|\n|t:|1699810641\n|switch|p1a: Xerneas|Xerneas|100\/100\n|-ability|p1a: Xerneas|Fairy Aura\n|turn|21\n|\n|t:|1699810646\n|move|p1a: Xerneas|Geomancy||[still]\n|-prepare|p1a: Xerneas|Geomancy\n|-enditem|p1a: Xerneas|Power Herb\n|-anim|p1a: Xerneas|Geomancy|p1a: Xerneas\n|-boost|p1a: Xerneas|spa|2\n|-boost|p1a: Xerneas|spd|2\n|-boost|p1a: Xerneas|spe|2\n|move|p2a: \ud83c\udf2cLUGIA\ud83c\udf2a\ud83c\udf2a|Aeroblast|p1a: Xerneas\n|-damage|p1a: Xerneas|21\/100\n|\n|upkeep\n|turn|22\n|\n|t:|1699810660\n|-terastallize|p1a: Xerneas|Fairy\n|move|p1a: Xerneas|Moonblast|p2a: \ud83c\udf2cLUGIA\ud83c\udf2a\ud83c\udf2a\n|-damage|p2a: \ud83c\udf2cLUGIA\ud83c\udf2a\ud83c\udf2a|36\/100 par\n|-unboost|p2a: \ud83c\udf2cLUGIA\ud83c\udf2a\ud83c\udf2a|spa|1\n|move|p2a: \ud83c\udf2cLUGIA\ud83c\udf2a\ud83c\udf2a|Aeroblast|p1a: Xerneas\n|-damage|p1a: Xerneas|0 fnt\n|faint|p1a: Xerneas\n|\n|win|AERO-M0DE\u2b06\ufe0f\n|raw|stinkydedenne's rating: 1072 &rarr; <strong>1054<\/strong><br \/>(-18 for losing)\n|raw|AERO-M0DE\u2b06\ufe0f's rating: 1120 &rarr; <strong>1142<\/strong><br \/>(+22 for winning)\n|l|\u2606stinkydedenne\n","uploadtime":1699810726,"views":5,"p1id":"stinkydedenne","p2id":"aerom0de","formatid":"gen9nationaldexubers","rating":1054,"private":0,"password":""}