{"id":"gen9nationaldexubers-1979933890","p1":"BaronTPDPurgestein","p2":"itsonlychaos","format":"[Gen 9] National Dex Ubers","log":"|j|\u2606BaronTPDPurgestein\n|j|\u2606itsonlychaos\n|t:|1698732110\n|gametype|singles\n|player|p1|BaronTPDPurgestein|artist|\n|player|p2|itsonlychaos|rocketgrunt|\n|teamsize|p1|6\n|teamsize|p2|6\n|gen|9\n|tier|[Gen 9] National Dex Ubers\n|rule|HP Percentage Mod: HP is shown in percentages\n|rule|Endless Battle Clause: Forcing endless battles is banned\n|rule|OHKO Clause: OHKO moves are banned\n|rule|Evasion Moves Clause: Evasion moves are banned\n|rule|Evasion Items Clause: Evasion items are banned\n|rule|Species Clause: Limit one of each Pok\u00e9mon\n|rule|Sleep Clause Mod: Limit one foe put to sleep\n|rule|Mega Rayquaza Clause: You cannot mega evolve Rayquaza\n|clearpoke\n|poke|p1|Glimmora, M|\n|poke|p1|Beedrill, M|\n|poke|p1|Sneasler, M|\n|poke|p1|Munkidori, M|\n|poke|p1|Nidoking, M|\n|poke|p1|Skuntank, M|\n|poke|p2|Flutter Mane|\n|poke|p2|Mimikyu, M|\n|poke|p2|Sableye, M|\n|poke|p2|Aegislash, M|\n|poke|p2|Ceruledge, M|\n|poke|p2|Houndstone, M|\n|teampreview\n|\n|t:|1698732120\n|start\n|switch|p1a: Neko Von Purger|Nidoking, M, shiny|100\/100\n|switch|p2a: Mimikyu|Mimikyu, M, shiny|100\/100\n|turn|1\n|\n|t:|1698732125\n|move|p1a: Neko Von Purger|Fire Blast|p2a: Mimikyu|[miss]\n|-miss|p1a: Neko Von Purger|p2a: Mimikyu\n|move|p2a: Mimikyu|Bulk Up|p2a: Mimikyu\n|-boost|p2a: Mimikyu|atk|1\n|-boost|p2a: Mimikyu|def|1\n|\n|upkeep\n|turn|2\n|\n|t:|1698732132\n|move|p1a: Neko Von Purger|Fire Blast|p2a: Mimikyu\n|-activate|p2a: Mimikyu|ability: Disguise\n|-damage|p2a: Mimikyu|100\/100\n|detailschange|p2a: Mimikyu|Mimikyu-Busted, M, shiny\n|-damage|p2a: Mimikyu|88\/100|[from] pokemon: Mimikyu-Busted\n|move|p2a: Mimikyu|Bulk Up|p2a: Mimikyu\n|-boost|p2a: Mimikyu|atk|1\n|-boost|p2a: Mimikyu|def|1\n|\n|upkeep\n|turn|3\n|\n|t:|1698732144\n|move|p1a: Neko Von Purger|Fire Blast|p2a: Mimikyu\n|-damage|p2a: Mimikyu|38\/100\n|move|p2a: Mimikyu|Drain Punch|p1a: Neko Von Purger\n|-resisted|p1a: Neko Von Purger\n|-damage|p1a: Neko Von Purger|78\/100\n|-heal|p2a: Mimikyu|52\/100|[from] drain|[of] p1a: Neko Von Purger\n|\n|upkeep\n|turn|4\n|\n|t:|1698732153\n|move|p1a: Neko Von Purger|Fire Blast|p2a: Mimikyu\n|-damage|p2a: Mimikyu|0 fnt\n|faint|p2a: Mimikyu\n|\n|upkeep\n|\n|t:|1698732183\n|switch|p2a: ghostly|Ceruledge, M, shiny|100\/100\n|turn|5\n|\n|t:|1698732191\n|switch|p1a: StinkyVonPurge|Skuntank, M, shiny|100\/100\n|-item|p1a: StinkyVonPurge|Air Balloon\n|move|p2a: ghostly|Swords Dance|p2a: ghostly\n|-boost|p2a: ghostly|atk|2\n|\n|upkeep\n|turn|6\n|\n|t:|1698732195\n|move|p2a: ghostly|Bitter Blade|p1a: StinkyVonPurge\n|-damage|p1a: StinkyVonPurge|17\/100\n|-enditem|p1a: StinkyVonPurge|Air Balloon\n|move|p1a: StinkyVonPurge|Foul Play|p2a: ghostly\n|-supereffective|p2a: ghostly\n|-damage|p2a: ghostly|0 fnt\n|faint|p2a: ghostly\n|\n|upkeep\n|\n|t:|1698732201\n|switch|p2a: Purple boi|Sableye, M|100\/100\n|turn|7\n|\n|t:|1698732206\n|detailschange|p2a: Purple boi|Sableye-Mega, M\n|-mega|p2a: Purple boi|Sableye|Sablenite\n|move|p1a: StinkyVonPurge|Taunt|p2a: Purple boi\n|move|p2a: Purple boi|Taunt|p1a: StinkyVonPurge|[from]ability: Magic Bounce\n|-start|p1a: StinkyVonPurge|move: Taunt\n|move|p2a: Purple boi|Phantom Force||[still]\n|-prepare|p2a: Purple boi|Phantom Force\n|\n|upkeep\n|turn|8\n|\n|t:|1698732214\n|move|p1a: StinkyVonPurge|Foul Play|p2a: Purple boi|[miss]\n|-miss|p1a: StinkyVonPurge|p2a: Purple boi\n|move|p2a: Purple boi|Phantom Force|p1a: StinkyVonPurge|[from]lockedmove\n|-resisted|p1a: StinkyVonPurge\n|-damage|p1a: StinkyVonPurge|3\/100\n|\n|upkeep\n|turn|9\n|\n|t:|1698732222\n|move|p1a: StinkyVonPurge|Foul Play|p2a: Purple boi\n|-damage|p2a: Purple boi|67\/100\n|move|p2a: Purple boi|Knock Off|p1a: StinkyVonPurge\n|-resisted|p1a: StinkyVonPurge\n|-damage|p1a: StinkyVonPurge|0 fnt\n|-damage|p2a: Purple boi|42\/100|[from] ability: Aftermath|[of] p1a: StinkyVonPurge\n|faint|p1a: StinkyVonPurge\n|\n|upkeep\n|\n|t:|1698732251\n|switch|p1a: PurgeCarrier|Sneasler, M, shiny|100\/100\n|turn|10\n|\n|t:|1698732254\n|move|p1a: PurgeCarrier|U-turn|p2a: Purple boi\n|-damage|p2a: Purple boi|13\/100\n|-status|p2a: Purple boi|psn|[from] ability: Poison Touch|[of] p1a: PurgeCarrier\n|-damage|p1a: PurgeCarrier|91\/100|[from] item: Life Orb\n|\n|t:|1698732259\n|switch|p1a: PurgeCorallico|Glimmora, M, shiny|100\/100|[from] U-turn\n|move|p2a: Purple boi|Knock Off|p1a: PurgeCorallico\n|-damage|p1a: PurgeCorallico|71\/100\n|-enditem|p1a: PurgeCorallico|Leftovers|[from] move: Knock Off|[of] p2a: Purple boi\n|\n|-damage|p2a: Purple boi|1\/100 psn|[from] psn\n|upkeep\n|turn|11\n|\n|t:|1698732265\n|move|p1a: PurgeCorallico|Substitute|p1a: PurgeCorallico\n|-start|p1a: PurgeCorallico|Substitute\n|-damage|p1a: PurgeCorallico|47\/100\n|move|p2a: Purple boi|Knock Off|p1a: PurgeCorallico\n|-activate|p1a: PurgeCorallico|move: Substitute|[damage]\n|\n|-damage|p2a: Purple boi|0 fnt|[from] psn\n|faint|p2a: Purple boi\n|upkeep\n|\n|t:|1698732273\n|switch|p2a: blade of shadows|Aegislash, M, shiny|100\/100\n|turn|12\n|\n|t:|1698732280\n|move|p2a: blade of shadows|King's Shield|p2a: blade of shadows\n|-singleturn|p2a: blade of shadows|Protect\n|move|p1a: PurgeCorallico|Toxic|p2a: blade of shadows\n|-status|p2a: blade of shadows|tox\n|\n|-damage|p2a: blade of shadows|94\/100 tox|[from] psn\n|upkeep\n|turn|13\n|\n|t:|1698732290\n|move|p1a: PurgeCorallico|Spiky Shield|p1a: PurgeCorallico\n|-singleturn|p1a: PurgeCorallico|move: Protect\n|-formechange|p2a: blade of shadows|Aegislash-Blade||[from] ability: Stance Change\n|move|p2a: blade of shadows|Flash Cannon|p1a: PurgeCorallico\n|-activate|p1a: PurgeCorallico|move: Protect\n|\n|-heal|p2a: blade of shadows|100\/100 tox|[from] item: Leftovers\n|-damage|p2a: blade of shadows|88\/100 tox|[from] psn\n|upkeep\n|turn|14\n|\n|t:|1698732297\n|move|p1a: PurgeCorallico|Energy Ball|p2a: blade of shadows\n|-resisted|p2a: blade of shadows\n|-damage|p2a: blade of shadows|69\/100 tox\n|move|p2a: blade of shadows|Flash Cannon|p1a: PurgeCorallico\n|-supereffective|p1a: PurgeCorallico\n|-end|p1a: PurgeCorallico|Substitute\n|\n|-heal|p2a: blade of shadows|75\/100 tox|[from] item: Leftovers\n|-damage|p2a: blade of shadows|57\/100 tox|[from] psn\n|upkeep\n|turn|15\n|\n|t:|1698732305\n|move|p1a: PurgeCorallico|Spiky Shield|p1a: PurgeCorallico\n|-singleturn|p1a: PurgeCorallico|move: Protect\n|move|p2a: blade of shadows|Flash Cannon|p1a: PurgeCorallico\n|-activate|p1a: PurgeCorallico|move: Protect\n|\n|-heal|p2a: blade of shadows|63\/100 tox|[from] item: Leftovers\n|-damage|p2a: blade of shadows|39\/100 tox|[from] psn\n|upkeep\n|turn|16\n|inactive|Battle timer is ON: inactive players will automatically lose when time's up. (requested by itsonlychaos)\n|\n|t:|1698732317\n|move|p1a: PurgeCorallico|Energy Ball|p2a: blade of shadows\n|-resisted|p2a: blade of shadows\n|-damage|p2a: blade of shadows|19\/100 tox\n|move|p2a: blade of shadows|Flash Cannon|p1a: PurgeCorallico\n|-supereffective|p1a: PurgeCorallico\n|-damage|p1a: PurgeCorallico|0 fnt\n|faint|p1a: PurgeCorallico\n|\n|-heal|p2a: blade of shadows|25\/100 tox|[from] item: Leftovers\n|-damage|p2a: blade of shadows|0 fnt|[from] psn\n|faint|p2a: blade of shadows\n|upkeep\n|\n|t:|1698732329\n|switch|p1a: BeePurging|Beedrill, M|100\/100\n|switch|p2a: Flutter Mane|Flutter Mane|100\/100\n|turn|17\n|c|\u2606BaronTPDPurgestein|427\n|\n|t:|1698732339\n|detailschange|p1a: BeePurging|Beedrill-Mega, M\n|-mega|p1a: BeePurging|Beedrill|Beedrillite\n|move|p1a: BeePurging|Poison Jab|p2a: Flutter Mane\n|-enditem|p2a: Flutter Mane|Focus Sash\n|-damage|p2a: Flutter Mane|1\/100\n|-status|p2a: Flutter Mane|psn\n|move|p2a: Flutter Mane|Phantom Force||[still]\n|-prepare|p2a: Flutter Mane|Phantom Force\n|\n|-damage|p2a: Flutter Mane|0 fnt|[from] psn\n|faint|p2a: Flutter Mane\n|-end|p2a: Flutter Mane|Protosynthesis|[silent]\n|upkeep\n|\n|t:|1698732349\n|switch|p2a: doge|Houndstone, M, shiny|100\/100\n|turn|18\n|\n|t:|1698732352\n|-terastallize|p2a: doge|Ghost\n|move|p1a: BeePurging|Knock Off|p2a: doge\n|-supereffective|p2a: doge\n|-damage|p2a: doge|4\/100\n|-enditem|p2a: doge|Choice Scarf|[from] move: Knock Off|[of] p1a: BeePurging\n|move|p2a: doge|Last Respects|p1a: BeePurging\n|-damage|p1a: BeePurging|0 fnt\n|faint|p1a: BeePurging\n|\n|upkeep\n|c|\u2606BaronTPDPurgestein|gg\n|\n|t:|1698732360\n|switch|p1a: SimpVonPurge|Munkidori, M|100\/100\n|turn|19\n|c|\u2606BaronTPDPurgestein|monkey sweeeps\n|\n|t:|1698732368\n|move|p1a: SimpVonPurge|Psychic|p2a: doge\n|-damage|p2a: doge|0 fnt\n|faint|p2a: doge\n|\n|win|BaronTPDPurgestein\n|l|\u2606itsonlychaos\n|l|\u2606BaronTPDPurgestein\n|j|\u2606BaronTPDPurgestein\n|player|p1|BaronTPDPurgestein|artist\n","uploadtime":1698732784,"views":10,"p1id":"barontpdpurgestein","p2id":"itsonlychaos","formatid":"gen9nationaldexubers","rating":0,"private":0,"password":""}