{"id":"gen9nationaldexubers-1999255615","p1":"Sir_Pescado","p2":"ghostsquad321","format":"[Gen 9] National Dex Ubers","log":"|j|\u2606Sir_Pescado\n|j|\u2606ghostsquad321\n|t:|1701051380\n|gametype|singles\n|player|p1|Sir_Pescado|101|\n|player|p2|ghostsquad321|scientist-gen4|\n|teamsize|p1|6\n|teamsize|p2|6\n|gen|9\n|tier|[Gen 9] National Dex Ubers\n|rule|HP Percentage Mod: HP is shown in percentages\n|rule|Endless Battle Clause: Forcing endless battles is banned\n|rule|OHKO Clause: OHKO moves are banned\n|rule|Evasion Moves Clause: Evasion moves are banned\n|rule|Evasion Items Clause: Evasion items are banned\n|rule|Species Clause: Limit one of each Pok\u00e9mon\n|rule|Sleep Clause Mod: Limit one foe put to sleep\n|rule|Mega Rayquaza Clause: You cannot mega evolve Rayquaza\n|clearpoke\n|poke|p1|Indeedee-F, F|\n|poke|p1|Metagross|\n|poke|p1|Slowking-Galar, M|\n|poke|p1|Scream Tail|\n|poke|p1|Hatterene, F|\n|poke|p1|Armarouge, F|\n|poke|p2|Dragapult, F|\n|poke|p2|Annihilape, F|\n|poke|p2|Zoroark-Hisui, F|\n|poke|p2|Flutter Mane|\n|poke|p2|Sableye, F|\n|poke|p2|Gholdengo|\n|teampreview\n|j| Triggerhappy50\n|j| HereticalJ\n|\n|t:|1701051408\n|start\n|switch|p1a: Indeedee|Indeedee-F, F, shiny|100\/100\n|switch|p2a: Sableye|Sableye, F|100\/100\n|-fieldstart|move: Psychic Terrain|[from] ability: Psychic Surge|[of] p1a: Indeedee\n|turn|1\n|\n|t:|1701051423\n|detailschange|p2a: Sableye|Sableye-Mega, F\n|-mega|p2a: Sableye|Sableye|Sablenite\n|move|p1a: Indeedee|Draining Kiss|p2a: Sableye\n|-supereffective|p2a: Sableye\n|-damage|p2a: Sableye|79\/100\n|move|p2a: Sableye|Knock Off|p1a: Indeedee\n|-supereffective|p1a: Indeedee\n|-damage|p1a: Indeedee|2\/100\n|-enditem|p1a: Indeedee|Heavy-Duty Boots|[from] move: Knock Off|[of] p2a: Sableye\n|\n|upkeep\n|turn|2\n|\n|t:|1701051444\n|move|p1a: Indeedee|Light Screen|p1a: Indeedee\n|-sidestart|p1: Sir_Pescado|move: Light Screen\n|move|p2a: Sableye|Knock Off|p1a: Indeedee\n|-supereffective|p1a: Indeedee\n|-damage|p1a: Indeedee|0 fnt\n|faint|p1a: Indeedee\n|\n|upkeep\n|\n|t:|1701051454\n|switch|p1a: Hatterene|Hatterene, F, shiny|100\/100\n|turn|3\n|\n|t:|1701051463\n|move|p1a: Hatterene|Draining Kiss|p2a: Sableye\n|-supereffective|p2a: Sableye\n|-crit|p2a: Sableye\n|-damage|p2a: Sableye|21\/100\n|move|p2a: Sableye|Knock Off|p1a: Hatterene\n|-damage|p1a: Hatterene|75\/100\n|-enditem|p1a: Hatterene|Leftovers|[from] move: Knock Off|[of] p2a: Sableye\n|\n|upkeep\n|turn|4\n|\n|t:|1701051492\n|switch|p2a: Annihilape|Annihilape, F|100\/100\n|move|p1a: Hatterene|Draining Kiss|p2a: Annihilape\n|-supereffective|p2a: Annihilape\n|-damage|p2a: Annihilape|74\/100\n|-heal|p1a: Hatterene|100\/100|[from] drain|[of] p2a: Annihilape\n|\n|upkeep\n|turn|5\n|\n|t:|1701051505\n|move|p2a: Annihilape|Rage Fist|p1a: Hatterene\n|-supereffective|p1a: Hatterene\n|-damage|p1a: Hatterene|39\/100\n|move|p1a: Hatterene|Psyshock|p2a: Annihilape\n|-supereffective|p2a: Annihilape\n|-damage|p2a: Annihilape|0 fnt\n|faint|p2a: Annihilape\n|\n|-fieldend|move: Psychic Terrain\n|upkeep\n|\n|t:|1701051513\n|switch|p2a: Dragapult|Dragapult, F|100\/100\n|turn|6\n|\n|t:|1701051525\n|move|p2a: Dragapult|Phantom Force||[still]\n|-prepare|p2a: Dragapult|Phantom Force\n|move|p1a: Hatterene|Draining Kiss|p2a: Dragapult|[miss]\n|-miss|p1a: Hatterene|p2a: Dragapult\n|\n|-sideend|p1: Sir_Pescado|move: Light Screen\n|upkeep\n|turn|7\n|\n|t:|1701051569\n|switch|p1a: Metagross|Metagross, shiny|100\/100\n|move|p2a: Dragapult|Phantom Force|p1a: Metagross|[from]lockedmove\n|-supereffective|p1a: Metagross\n|-damage|p1a: Metagross|14\/100\n|\n|-heal|p1a: Metagross|20\/100|[from] item: Leftovers\n|upkeep\n|turn|8\n|\n|t:|1701051584\n|move|p2a: Dragapult|Phantom Force||[still]\n|-prepare|p2a: Dragapult|Phantom Force\n|move|p1a: Metagross|Pursuit|p2a: Dragapult|[miss]\n|-miss|p1a: Metagross|p2a: Dragapult\n|\n|-heal|p1a: Metagross|26\/100|[from] item: Leftovers\n|upkeep\n|turn|9\n|\n|t:|1701051590\n|move|p2a: Dragapult|Phantom Force|p1a: Metagross|[from]lockedmove\n|-supereffective|p1a: Metagross\n|-damage|p1a: Metagross|0 fnt\n|faint|p1a: Metagross\n|\n|upkeep\n|\n|t:|1701051602\n|switch|p1a: Scream Tail|Scream Tail, shiny|100\/100\n|turn|10\n|\n|t:|1701051611\n|move|p2a: Dragapult|Phantom Force||[still]\n|-prepare|p2a: Dragapult|Phantom Force\n|move|p1a: Scream Tail|Dazzling Gleam|p2a: Dragapult|[miss]\n|-miss|p1a: Scream Tail|p2a: Dragapult\n|\n|upkeep\n|turn|11\n|\n|t:|1701051618\n|move|p2a: Dragapult|Phantom Force|p1a: Scream Tail|[from]lockedmove\n|-supereffective|p1a: Scream Tail\n|-damage|p1a: Scream Tail|0 fnt\n|faint|p1a: Scream Tail\n|-end|p1a: Scream Tail|Protosynthesis|[silent]\n|\n|upkeep\n|\n|t:|1701051632\n|switch|p1a: Slowking|Slowking-Galar, M|100\/100\n|turn|12\n|\n|t:|1701051637\n|move|p2a: Dragapult|Phantom Force||[still]\n|-prepare|p2a: Dragapult|Phantom Force\n|move|p1a: Slowking|Future Sight|p2a: Dragapult\n|-start|p1a: Slowking|move: Future Sight\n|\n|upkeep\n|turn|13\n|\n|t:|1701051649\n|move|p2a: Dragapult|Phantom Force|p1a: Slowking|[from]lockedmove\n|-supereffective|p1a: Slowking\n|-damage|p1a: Slowking|0 fnt\n|faint|p1a: Slowking\n|\n|upkeep\n|\n|t:|1701051654\n|switch|p1a: Hatterene|Hatterene, F, shiny|39\/100\n|turn|14\n|\n|t:|1701051662\n|move|p2a: Dragapult|Phantom Force||[still]\n|-prepare|p2a: Dragapult|Phantom Force\n|move|p1a: Hatterene|Draining Kiss|p2a: Dragapult|[miss]|[miss]\n|-miss|p1a: Hatterene|p2a: Dragapult\n|\n|-end|p2a: Dragapult|move: Future Sight\n|-miss|p1: Slowking|p2a: Dragapult\n|upkeep\n|turn|15\n|\n|t:|1701051673\n|move|p2a: Dragapult|Phantom Force|p1a: Hatterene|[from]lockedmove\n|-supereffective|p1a: Hatterene\n|-damage|p1a: Hatterene|0 fnt\n|faint|p1a: Hatterene\n|\n|upkeep\n|\n|t:|1701051679\n|switch|p1a: Armarouge|Armarouge, F, shiny|100\/100\n|turn|16\n|\n|t:|1701051687\n|-terastallize|p1a: Armarouge|Dark\n|move|p2a: Dragapult|Phantom Force||[still]\n|-prepare|p2a: Dragapult|Phantom Force\n|move|p1a: Armarouge|Dark Pulse|p2a: Dragapult|[miss]\n|-miss|p1a: Armarouge|p2a: Dragapult\n|\n|upkeep\n|turn|17\n|\n|t:|1701051693\n|move|p2a: Dragapult|Phantom Force|p1a: Armarouge|[from]lockedmove\n|-resisted|p1a: Armarouge\n|-damage|p1a: Armarouge|66\/100\n|-ability|p1a: Armarouge|Weak Armor|boost\n|-unboost|p1a: Armarouge|def|1\n|-boost|p1a: Armarouge|spe|2\n|move|p1a: Armarouge|Dark Pulse|p2a: Dragapult\n|-supereffective|p2a: Dragapult\n|-damage|p2a: Dragapult|0 fnt\n|faint|p2a: Dragapult\n|\n|upkeep\n|\n|t:|1701051710\n|switch|p2a: Flutter Mane|Flutter Mane|100\/100\n|turn|18\n|\n|t:|1701051725\n|move|p1a: Armarouge|Dark Pulse|p2a: Flutter Mane\n|-damage|p2a: Flutter Mane|50\/100\n|move|p2a: Flutter Mane|Moonblast|p1a: Armarouge\n|-supereffective|p1a: Armarouge\n|-damage|p1a: Armarouge|0 fnt\n|faint|p1a: Armarouge\n|-damage|p2a: Flutter Mane|40\/100|[from] item: Life Orb\n|\n|win|ghostsquad321\n","uploadtime":1701051734,"views":16,"p1id":"sirpescado","p2id":"ghostsquad321","formatid":"gen9nationaldexubers","rating":0,"private":0,"password":""}