{"id":"gen9nationaldexubers-1984433094","p1":"85792195wwww","p2":"nduts732","format":"[Gen 9] National Dex Ubers","log":"|j|\u203d85792195wwww\n|j|\u2606nduts732\n|t:|1699262817\n|gametype|singles\n|player|p1|85792195wwww|mira|1830\n|player|p2|nduts732|101|1762\n|teamsize|p1|6\n|teamsize|p2|6\n|gen|9\n|tier|[Gen 9] National Dex Ubers\n|rated|\n|rule|HP Percentage Mod: HP is shown in percentages\n|rule|Endless Battle Clause: Forcing endless battles is banned\n|rule|OHKO Clause: OHKO moves are banned\n|rule|Evasion Moves Clause: Evasion moves are banned\n|rule|Evasion Items Clause: Evasion items are banned\n|rule|Species Clause: Limit one of each Pok\u00e9mon\n|rule|Sleep Clause Mod: Limit one foe put to sleep\n|rule|Mega Rayquaza Clause: You cannot mega evolve Rayquaza\n|clearpoke\n|poke|p1|Arceus|\n|poke|p1|Xerneas-*|\n|poke|p1|Groudon|\n|poke|p1|Zacian-*|\n|poke|p1|Samurott-Hisui, F|\n|poke|p1|Rayquaza|\n|poke|p2|Zacian-*|\n|poke|p2|Eternatus|\n|poke|p2|Ditto|\n|poke|p2|Landorus, M|\n|poke|p2|Smeargle, M|\n|poke|p2|Mewtwo|\n|teampreview\n|\n|t:|1699262838\n|start\n|switch|p1a: Samurott|Samurott-Hisui, F|100\/100\n|switch|p2a: Eternatus|Eternatus|100\/100\n|-ability|p2a: Eternatus|Pressure\n|turn|1\n|\n|t:|1699262846\n|move|p2a: Eternatus|Meteor Beam||[still]\n|-prepare|p2a: Eternatus|Meteor Beam\n|-boost|p2a: Eternatus|spa|1\n|-enditem|p2a: Eternatus|Power Herb\n|-anim|p2a: Eternatus|Meteor Beam|p1a: Samurott\n|-enditem|p1a: Samurott|Focus Sash\n|-damage|p1a: Samurott|1\/100\n|move|p1a: Samurott|Ceaseless Edge|p2a: Eternatus\n|-crit|p2a: Eternatus\n|-damage|p2a: Eternatus|33\/100\n|-sidestart|p2: nduts732|Spikes\n|\n|upkeep\n|turn|2\n|\n|t:|1699262858\n|move|p2a: Eternatus|Dynamax Cannon|p1a: Samurott\n|-damage|p1a: Samurott|0 fnt\n|faint|p1a: Samurott\n|\n|upkeep\n|\n|t:|1699262863\n|switch|p1a: Arceus|Arceus|100\/100\n|turn|3\n|\n|t:|1699262886\n|move|p1a: Arceus|Extreme Speed|p2a: Eternatus\n|-damage|p2a: Eternatus|0 fnt\n|faint|p2a: Eternatus\n|-damage|p1a: Arceus|91\/100|[from] item: Life Orb\n|\n|upkeep\n|\n|t:|1699262892\n|switch|p2a: Zacian|Zacian-Crowned|100\/100\n|-damage|p2a: Zacian|88\/100|[from] Spikes\n|-ability|p2a: Zacian|Intrepid Sword|boost\n|-boost|p2a: Zacian|atk|1\n|turn|4\n|\n|t:|1699262906\n|switch|p1a: Groudon|Groudon|100\/100\n|detailschange|p1a: Groudon|Groudon-Primal\n|-primal|p1a: Groudon|Red Orb\n|-weather|DesolateLand|[from] ability: Desolate Land|[of] p1a: Groudon\n|move|p2a: Zacian|Swords Dance|p2a: Zacian\n|-boost|p2a: Zacian|atk|2\n|\n|-weather|DesolateLand|[upkeep]\n|upkeep\n|turn|5\n|\n|t:|1699262916\n|-terastallize|p2a: Zacian|Fighting\n|move|p2a: Zacian|Close Combat|p1a: Groudon\n|-damage|p1a: Groudon|0 fnt\n|-unboost|p2a: Zacian|def|1\n|-unboost|p2a: Zacian|spd|1\n|faint|p1a: Groudon\n|-weather|none\n|\n|upkeep\n|\n|t:|1699262933\n|switch|p1a: Rayquaza|Rayquaza|100\/100\n|-ability|p1a: Rayquaza|Air Lock\n|turn|6\n|\n|t:|1699262942\n|switch|p2a: Smeargle|Smeargle, M|100\/100\n|-damage|p2a: Smeargle|88\/100|[from] Spikes\n|move|p1a: Rayquaza|Extreme Speed|p2a: Smeargle\n|-damage|p2a: Smeargle|0 fnt\n|faint|p2a: Smeargle\n|\n|upkeep\n|inactive|Battle timer is ON: inactive players will automatically lose when time's up. (requested by 85792195wwww)\n|\n|t:|1699263000\n|switch|p2a: Mewtwo|Mewtwo|100\/100\n|-damage|p2a: Mewtwo|88\/100|[from] Spikes\n|-ability|p2a: Mewtwo|Pressure\n|turn|7\n|\n|t:|1699263014\n|switch|p1a: Zacian|Zacian-Crowned|100\/100\n|-ability|p1a: Zacian|Intrepid Sword|boost\n|-boost|p1a: Zacian|atk|1\n|detailschange|p2a: Mewtwo|Mewtwo-Mega-Y\n|-mega|p2a: Mewtwo|Mewtwo|Mewtwonite Y\n|move|p2a: Mewtwo|Ice Beam|p1a: Zacian\n|-resisted|p1a: Zacian\n|-damage|p1a: Zacian|82\/100\n|\n|upkeep\n|turn|8\n|\n|t:|1699263026\n|move|p1a: Zacian|Wild Charge|p2a: Mewtwo\n|-damage|p2a: Mewtwo|24\/100\n|-damage|p1a: Zacian|64\/100|[from] Recoil\n|move|p2a: Mewtwo|Fire Blast|p1a: Zacian\n|-supereffective|p1a: Zacian\n|-damage|p1a: Zacian|0 fnt\n|faint|p1a: Zacian\n|\n|upkeep\n|\n|t:|1699263037\n|switch|p1a: Rayquaza|Rayquaza|100\/100\n|-ability|p1a: Rayquaza|Air Lock\n|turn|9\n|\n|t:|1699263044\n|move|p1a: Rayquaza|Extreme Speed|p2a: Mewtwo\n|-damage|p2a: Mewtwo|0 fnt\n|faint|p2a: Mewtwo\n|\n|upkeep\n|inactive|nduts732 has 120 seconds left.\n|inactive|nduts732 has 90 seconds left.\n|\n|t:|1699263106\n|switch|p2a: Landorus|Landorus, M|100\/100\n|turn|10\n|\n|t:|1699263115\n|move|p1a: Rayquaza|Extreme Speed|p2a: Landorus\n|-damage|p2a: Landorus|37\/100\n|move|p2a: Landorus|Rock Slide|p1a: Rayquaza\n|-supereffective|p1a: Rayquaza\n|-damage|p1a: Rayquaza|40\/100\n|\n|upkeep\n|turn|11\n|inactive|nduts732 has 90 seconds left.\n|\n|t:|1699263133\n|move|p1a: Rayquaza|Extreme Speed|p2a: Landorus\n|-damage|p2a: Landorus|0 fnt\n|faint|p2a: Landorus\n|\n|upkeep\n|inactive|nduts732 has 90 seconds left.\n|\n|t:|1699263165\n|switch|p2a: Ditto|Ditto|100\/100\n|-damage|p2a: Ditto|88\/100|[from] Spikes\n|-transform|p2a: Ditto|p1a: Rayquaza|[from] ability: Imposter\n|turn|12\n|\n|t:|1699263175\n|switch|p1a: Xerneas|Xerneas|100\/100\n|-ability|p1a: Xerneas|Fairy Aura\n|move|p2a: Ditto|Dragon Ascent|p1a: Xerneas\n|-damage|p1a: Xerneas|42\/100\n|-unboost|p2a: Ditto|def|1\n|-unboost|p2a: Ditto|spd|1\n|\n|upkeep\n|turn|13\n|\n|t:|1699263185\n|move|p2a: Ditto|Dragon Ascent|p1a: Xerneas\n|-damage|p1a: Xerneas|0 fnt\n|-unboost|p2a: Ditto|def|1\n|-unboost|p2a: Ditto|spd|1\n|faint|p1a: Xerneas\n|\n|upkeep\n|\n|t:|1699263193\n|switch|p1a: Arceus|Arceus|91\/100\n|turn|14\n|\n|t:|1699263199\n|switch|p2a: Zacian|Zacian-Crowned, tera:Fighting|88\/100\n|-damage|p2a: Zacian|76\/100|[from] Spikes\n|-terastallize|p1a: Arceus|Normal\n|move|p1a: Arceus|Extreme Speed|p2a: Zacian\n|-damage|p2a: Zacian|8\/100\n|-damage|p1a: Arceus|81\/100|[from] item: Life Orb\n|\n|upkeep\n|turn|15\n|\n|t:|1699263210\n|move|p1a: Arceus|Extreme Speed|p2a: Zacian\n|-damage|p2a: Zacian|0 fnt\n|faint|p2a: Zacian\n|-damage|p1a: Arceus|71\/100|[from] item: Life Orb\n|\n|upkeep\n|\n|t:|1699263216\n|switch|p2a: Ditto|Ditto|88\/100\n|-damage|p2a: Ditto|76\/100|[from] Spikes\n|-transform|p2a: Ditto|p1a: Arceus|[from] ability: Imposter\n|turn|16\n|\n|t:|1699263223\n|move|p2a: Ditto|Extreme Speed|p1a: Arceus\n|-damage|p1a: Arceus|36\/100\n|move|p1a: Arceus|Extreme Speed|p2a: Ditto\n|-damage|p2a: Ditto|2\/100\n|-damage|p1a: Arceus|27\/100|[from] item: Life Orb\n|\n|upkeep\n|turn|17\n|inactive|nduts732 has 90 seconds left.\n|\n|t:|1699263237\n|move|p2a: Ditto|Extreme Speed|p1a: Arceus\n|-damage|p1a: Arceus|0 fnt\n|faint|p1a: Arceus\n|\n|upkeep\n|\n|t:|1699263243\n|switch|p1a: Rayquaza|Rayquaza|40\/100\n|-ability|p1a: Rayquaza|Air Lock\n|turn|18\n|\n|t:|1699263249\n|move|p2a: Ditto|Extreme Speed|p1a: Rayquaza\n|-damage|p1a: Rayquaza|0 fnt\n|faint|p1a: Rayquaza\n|\n|win|nduts732\n|raw|85792195wwww's rating: 1830 &rarr; <strong>1806<\/strong><br \/>(-24 for losing)\n|raw|nduts732's rating: 1762 &rarr; <strong>1786<\/strong><br \/>(+24 for winning)\n|l|\u203d85792195wwww\n|l|\u2606nduts732\n","uploadtime":1699263262,"views":6,"p1id":"85792195wwww","p2id":"nduts732","formatid":"gen9nationaldexubers","rating":1786,"private":0,"password":""}