{"id":"gen9nationaldexubers-1997270928","p1":"ej ntgcfuxdimwsz","p2":"jdhsnsnsn","format":"[Gen 9] National Dex Ubers","log":"|j|\u2606ej ntgcfuxdimwsz\n|j|\u2606jdhsnsnsn\n|t:|1700782891\n|gametype|singles\n|player|p1|ej ntgcfuxdimwsz|red|1060\n|player|p2|jdhsnsnsn|bugcatcher-gen4dp|1000\n|teamsize|p1|6\n|teamsize|p2|6\n|gen|9\n|tier|[Gen 9] National Dex Ubers\n|rated|\n|rule|HP Percentage Mod: HP is shown in percentages\n|rule|Endless Battle Clause: Forcing endless battles is banned\n|rule|OHKO Clause: OHKO moves are banned\n|rule|Evasion Moves Clause: Evasion moves are banned\n|rule|Evasion Items Clause: Evasion items are banned\n|rule|Species Clause: Limit one of each Pok\u00e9mon\n|rule|Sleep Clause Mod: Limit one foe put to sleep\n|rule|Mega Rayquaza Clause: You cannot mega evolve Rayquaza\n|clearpoke\n|poke|p1|Greninja-*, M|\n|poke|p1|Metagross|\n|poke|p1|Kartana|\n|poke|p1|Ferrothorn, M|\n|poke|p1|Hawlucha, F|\n|poke|p1|Incineroar, F|\n|poke|p2|Orthworm, F|\n|poke|p2|Regigigas|\n|poke|p2|Deoxys-Attack|\n|poke|p2|Aegislash, M|\n|poke|p2|Kingambit, F|\n|poke|p2|Charizard, F|\n|teampreview\n|\n|t:|1700782898\n|start\n|switch|p1a: Kartana|Kartana, shiny|100\/100\n|switch|p2a: Orthworm|Orthworm, F|100\/100\n|turn|1\n|\n|t:|1700782905\n|move|p1a: Kartana|Sacred Sword|p2a: Orthworm\n|-supereffective|p2a: Orthworm\n|-damage|p2a: Orthworm|53\/100\n|move|p2a: Orthworm|Shed Tail|p2a: Orthworm\n|-start|p2a: Orthworm|Substitute|[from] move: Shed Tail\n|-damage|p2a: Orthworm|3\/100\n|-enditem|p2a: Orthworm|Sitrus Berry|[eat]\n|-heal|p2a: Orthworm|28\/100|[from] item: Sitrus Berry\n|\n|t:|1700782911\n|switch|p2a: Regigigas|Regigigas|100\/100|[from] Shed Tail\n|-start|p2a: Regigigas|ability: Slow Start\n|\n|upkeep\n|turn|2\n|\n|t:|1700782918\n|move|p2a: Regigigas|Protect|p2a: Regigigas\n|-singleturn|p2a: Regigigas|Protect\n|move|p1a: Kartana|Sacred Sword|p2a: Regigigas\n|-activate|p2a: Regigigas|move: Protect\n|\n|upkeep\n|turn|3\n|\n|t:|1700782925\n|-terastallize|p2a: Regigigas|Ghost\n|move|p1a: Kartana|Sacred Sword|p2a: Regigigas\n|-immune|p2a: Regigigas\n|move|p2a: Regigigas|Power-Up Punch|p1a: Kartana\n|-supereffective|p1a: Kartana\n|-damage|p1a: Kartana|80\/100\n|-boost|p2a: Regigigas|atk|1\n|\n|upkeep\n|turn|4\n|\n|t:|1700782936\n|move|p2a: Regigigas|Protect|p2a: Regigigas\n|-singleturn|p2a: Regigigas|Protect\n|move|p1a: Kartana|Night Slash|p2a: Regigigas\n|-activate|p2a: Regigigas|move: Protect\n|\n|upkeep\n|turn|5\n|\n|t:|1700782943\n|move|p1a: Kartana|Night Slash|p2a: Regigigas\n|-supereffective|p2a: Regigigas\n|-end|p2a: Regigigas|Substitute\n|move|p2a: Regigigas|Power-Up Punch|p1a: Kartana\n|-supereffective|p1a: Kartana\n|-damage|p1a: Kartana|52\/100\n|-boost|p2a: Regigigas|atk|1\n|\n|-end|p2a: Regigigas|Slow Start\n|upkeep\n|turn|6\n|\n|t:|1700782958\n|-terastallize|p1a: Kartana|Grass\n|move|p1a: Kartana|Night Slash|p2a: Regigigas\n|-supereffective|p2a: Regigigas\n|-damage|p2a: Regigigas|42\/100\n|move|p2a: Regigigas|Knock Off|p1a: Kartana\n|-damage|p1a: Kartana|0 fnt\n|-enditem|p1a: Kartana|Focus Sash|[from] move: Knock Off|[of] p2a: Regigigas\n|faint|p1a: Kartana\n|\n|-heal|p2a: Regigigas|49\/100|[from] item: Leftovers\n|upkeep\n|\n|t:|1700782969\n|switch|p1a: Incineroar|Incineroar, F|100\/100\n|-ability|p1a: Incineroar|Intimidate|boost\n|-unboost|p2a: Regigigas|atk|1\n|turn|7\n|\n|t:|1700782976\n|move|p2a: Regigigas|Earthquake|p1a: Incineroar\n|-supereffective|p1a: Incineroar\n|-damage|p1a: Incineroar|0 fnt\n|faint|p1a: Incineroar\n|\n|-heal|p2a: Regigigas|55\/100|[from] item: Leftovers\n|upkeep\n|\n|t:|1700782986\n|switch|p1a: Hawlucha|Hawlucha, F, shiny|100\/100\n|-ability|p1a: Hawlucha|Mold Breaker\n|turn|8\n|\n|t:|1700782995\n|move|p2a: Regigigas|Protect|p2a: Regigigas\n|-singleturn|p2a: Regigigas|Protect\n|move|p1a: Hawlucha|U-turn|p2a: Regigigas\n|-activate|p2a: Regigigas|move: Protect\n|\n|-heal|p2a: Regigigas|61\/100|[from] item: Leftovers\n|upkeep\n|turn|9\n|\n|t:|1700783010\n|move|p1a: Hawlucha|Swords Dance|p1a: Hawlucha\n|-boost|p1a: Hawlucha|atk|2\n|move|p2a: Regigigas|Knock Off|p1a: Hawlucha\n|-resisted|p1a: Hawlucha\n|-damage|p1a: Hawlucha|54\/100\n|-enditem|p1a: Hawlucha|Leftovers|[from] move: Knock Off|[of] p2a: Regigigas\n|\n|-heal|p2a: Regigigas|67\/100|[from] item: Leftovers\n|upkeep\n|turn|10\n|\n|t:|1700783022\n|move|p1a: Hawlucha|Swords Dance|p1a: Hawlucha\n|-boost|p1a: Hawlucha|atk|2\n|move|p2a: Regigigas|Knock Off|p1a: Hawlucha\n|-resisted|p1a: Hawlucha\n|-damage|p1a: Hawlucha|19\/100\n|\n|-heal|p2a: Regigigas|73\/100|[from] item: Leftovers\n|upkeep\n|turn|11\n|\n|t:|1700783030\n|move|p2a: Regigigas|Protect|p2a: Regigigas\n|-singleturn|p2a: Regigigas|Protect\n|move|p1a: Hawlucha|U-turn|p2a: Regigigas\n|-activate|p2a: Regigigas|move: Protect\n|\n|-heal|p2a: Regigigas|79\/100|[from] item: Leftovers\n|upkeep\n|turn|12\n|\n|t:|1700783039\n|move|p1a: Hawlucha|U-turn|p2a: Regigigas\n|-resisted|p2a: Regigigas\n|-damage|p2a: Regigigas|55\/100\n|\n|t:|1700783045\n|switch|p1a: Ferrothorn|Ferrothorn, M, shiny|100\/100|[from] U-turn\n|move|p2a: Regigigas|Earthquake|p1a: Ferrothorn\n|-damage|p1a: Ferrothorn|59\/100\n|\n|-heal|p2a: Regigigas|61\/100|[from] item: Leftovers\n|-heal|p1a: Ferrothorn|65\/100|[from] item: Leftovers\n|upkeep\n|turn|13\n|\n|t:|1700783054\n|move|p2a: Regigigas|Power-Up Punch|p1a: Ferrothorn\n|-supereffective|p1a: Ferrothorn\n|-damage|p1a: Ferrothorn|31\/100\n|-boost|p2a: Regigigas|atk|1\n|-damage|p2a: Regigigas|48\/100|[from] ability: Iron Barbs|[of] p1a: Ferrothorn\n|move|p1a: Ferrothorn|Toxic|p2a: Regigigas|[miss]\n|-miss|p1a: Ferrothorn|p2a: Regigigas\n|\n|-heal|p2a: Regigigas|54\/100|[from] item: Leftovers\n|-heal|p1a: Ferrothorn|37\/100|[from] item: Leftovers\n|upkeep\n|turn|14\n|\n|t:|1700783067\n|move|p1a: Ferrothorn|Protect|p1a: Ferrothorn\n|-singleturn|p1a: Ferrothorn|Protect\n|move|p2a: Regigigas|Power-Up Punch|p1a: Ferrothorn\n|-activate|p1a: Ferrothorn|move: Protect\n|\n|-heal|p2a: Regigigas|60\/100|[from] item: Leftovers\n|-heal|p1a: Ferrothorn|43\/100|[from] item: Leftovers\n|upkeep\n|turn|15\n|\n|t:|1700783077\n|move|p2a: Regigigas|Power-Up Punch|p1a: Ferrothorn\n|-supereffective|p1a: Ferrothorn\n|-damage|p1a: Ferrothorn|0 fnt\n|-boost|p2a: Regigigas|atk|1\n|-damage|p2a: Regigigas|48\/100|[from] ability: Iron Barbs|[of] p1a: Ferrothorn\n|faint|p1a: Ferrothorn\n|\n|-heal|p2a: Regigigas|54\/100|[from] item: Leftovers\n|upkeep\n|\n|t:|1700783087\n|switch|p1a: Greninja|Greninja, M, shiny|100\/100\n|turn|16\n|\n|t:|1700783101\n|move|p1a: Greninja|Dark Pulse|p2a: Regigigas\n|-start|p1a: Greninja|typechange|Dark|[from] ability: Protean\n|-supereffective|p2a: Regigigas\n|-damage|p2a: Regigigas|0 fnt\n|faint|p2a: Regigigas\n|-end|p2a: Regigigas|Slow Start|[silent]\n|\n|upkeep\n|\n|t:|1700783114\n|switch|p2a: Charizard|Charizard, F|100\/100\n|turn|17\n|\n|t:|1700783119\n|detailschange|p2a: Charizard|Charizard-Mega-X, F\n|-mega|p2a: Charizard|Charizard|Charizardite X\n|move|p1a: Greninja|Scald|p2a: Charizard\n|-damage|p2a: Charizard|72\/100\n|move|p2a: Charizard|Belly Drum|p2a: Charizard\n|-damage|p2a: Charizard|22\/100\n|-setboost|p2a: Charizard|atk|6|[from] move: Belly Drum\n|\n|upkeep\n|turn|18\n|\n|t:|1700783128\n|move|p2a: Charizard|Quick Attack|p1a: Greninja\n|-damage|p1a: Greninja|0 fnt\n|faint|p1a: Greninja\n|\n|upkeep\n|\n|t:|1700783133\n|switch|p1a: Hawlucha|Hawlucha, F, shiny|19\/100\n|-ability|p1a: Hawlucha|Mold Breaker\n|turn|19\n|\n|t:|1700783138\n|move|p2a: Charizard|Quick Attack|p1a: Hawlucha\n|-damage|p1a: Hawlucha|0 fnt\n|faint|p1a: Hawlucha\n|\n|upkeep\n|\n|t:|1700783142\n|switch|p1a: Metagross|Metagross, shiny|100\/100\n|turn|20\n|\n|t:|1700783148\n|detailschange|p1a: Metagross|Metagross-Mega, shiny\n|-mega|p1a: Metagross|Metagross|Metagrossite\n|move|p1a: Metagross|Meteor Mash|p2a: Charizard\n|-resisted|p2a: Charizard\n|-damage|p2a: Charizard|0 fnt\n|faint|p2a: Charizard\n|\n|upkeep\n|\n|t:|1700783155\n|switch|p2a: Orthworm|Orthworm, F|28\/100\n|turn|21\n|\n|t:|1700783159\n|move|p1a: Metagross|Earthquake|p2a: Orthworm\n|-heal|p2a: Orthworm|53\/100|[from] ability: Earth Eater|[of] p1a: Metagross\n|move|p2a: Orthworm|Rest|p2a: Orthworm\n|-status|p2a: Orthworm|slp|[from] move: Rest\n|-heal|p2a: Orthworm|100\/100 slp|[silent]\n|\n|upkeep\n|turn|22\n|\n|t:|1700783167\n|move|p1a: Metagross|Body Press|p2a: Orthworm\n|-supereffective|p2a: Orthworm\n|-damage|p2a: Orthworm|60\/100 slp\n|cant|p2a: Orthworm|slp\n|move|p2a: Orthworm|Sleep Talk|p2a: Orthworm\n|move|p2a: Orthworm|Shed Tail|p2a: Orthworm|[from]move: Sleep Talk\n|-start|p2a: Orthworm|Substitute|[from] move: Shed Tail\n|-damage|p2a: Orthworm|10\/100 slp\n|\n|t:|1700783197\n|switch|p2a: Deoxys|Deoxys-Attack|100\/100|[from] Shed Tail\n|-ability|p2a: Deoxys|Pressure\n|\n|upkeep\n|turn|23\n|\n|t:|1700783203\n|move|p2a: Deoxys|Superpower|p1a: Metagross\n|-damage|p1a: Metagross|46\/100\n|-unboost|p2a: Deoxys|atk|1\n|-unboost|p2a: Deoxys|def|1\n|-damage|p2a: Deoxys|91\/100|[from] item: Life Orb\n|move|p1a: Metagross|Meteor Mash|p2a: Deoxys\n|-end|p2a: Deoxys|Substitute\n|\n|upkeep\n|turn|24\n|inactive|Battle timer is ON: inactive players will automatically lose when time's up. (requested by jdhsnsnsn)\n|\n|t:|1700783215\n|move|p2a: Deoxys|Superpower|p1a: Metagross\n|-damage|p1a: Metagross|11\/100\n|-unboost|p2a: Deoxys|atk|1\n|-unboost|p2a: Deoxys|def|1\n|-damage|p2a: Deoxys|81\/100|[from] item: Life Orb\n|move|p1a: Metagross|Meteor Mash|p2a: Deoxys|[miss]\n|-miss|p1a: Metagross|p2a: Deoxys\n|\n|upkeep\n|turn|25\n|\n|t:|1700783225\n|move|p2a: Deoxys|Psycho Boost|p1a: Metagross\n|-resisted|p1a: Metagross\n|-damage|p1a: Metagross|0 fnt\n|-unboost|p2a: Deoxys|spa|2\n|faint|p1a: Metagross\n|-damage|p2a: Deoxys|71\/100|[from] item: Life Orb\n|\n|win|jdhsnsnsn\n|raw|ej ntgcfuxdimwsz's rating: 1060 &rarr; <strong>1038<\/strong><br \/>(-22 for losing)\n|raw|jdhsnsnsn's rating: 1000 &rarr; <strong>1047<\/strong><br \/>(+47 for winning)\n","uploadtime":1700783236,"views":5,"p1id":"ejntgcfuxdimwsz","p2id":"jdhsnsnsn","formatid":"gen9nationaldexubers","rating":1038,"private":0,"password":""}