{"id":"gen9nationaldexubers-1982837869","p1":"TheRar73","p2":"Nakuy","format":"[Gen 9] National Dex Ubers","log":"|j|\u2606TheRar73\n|j|\u2606Nakuy\n|t:|1699049851\n|gametype|singles\n|player|p1|TheRar73|nobunaga-conquest|\n|player|p2|Nakuy|byron|\n|teamsize|p1|6\n|teamsize|p2|6\n|gen|9\n|tier|[Gen 9] National Dex Ubers\n|rule|HP Percentage Mod: HP is shown in percentages\n|rule|Endless Battle Clause: Forcing endless battles is banned\n|rule|OHKO Clause: OHKO moves are banned\n|rule|Evasion Moves Clause: Evasion moves are banned\n|rule|Evasion Items Clause: Evasion items are banned\n|rule|Species Clause: Limit one of each Pok\u00e9mon\n|rule|Sleep Clause Mod: Limit one foe put to sleep\n|rule|Mega Rayquaza Clause: You cannot mega evolve Rayquaza\n|clearpoke\n|poke|p1|Pheromosa|\n|poke|p1|Pinsir, F|\n|poke|p1|Scizor, F|\n|poke|p1|Ribombee, F|\n|poke|p1|Escavalier, M|\n|poke|p1|Durant, M|\n|poke|p2|Kommo-o, M|\n|poke|p2|Kyurem|\n|poke|p2|Salamence, F|\n|poke|p2|Garchomp, F|\n|poke|p2|Haxorus, F|\n|poke|p2|Reshiram|\n|teampreview\n|\n|t:|1699049895\n|start\n|switch|p1a: Lil Bugga|Ribombee, F|100\/100\n|switch|p2a: Salamence|Salamence, F|100\/100\n|-ability|p2a: Salamence|Intimidate|boost\n|-unboost|p1a: Lil Bugga|atk|1\n|turn|1\n|\n|t:|1699049912\n|move|p1a: Lil Bugga|Sticky Web|p2a: Salamence\n|-sidestart|p2: Nakuy|move: Sticky Web\n|move|p2a: Salamence|Dual Wingbeat|p1a: Lil Bugga\n|-supereffective|p1a: Lil Bugga\n|-damage|p1a: Lil Bugga|0 fnt\n|faint|p1a: Lil Bugga\n|-hitcount|p1: Lil Bugga|1\n|\n|upkeep\n|\n|t:|1699049921\n|switch|p1a: The Smiths|Durant, M|100\/100\n|turn|2\n|\n|t:|1699049941\n|move|p1a: The Smiths|Entrainment|p2a: Salamence\n|-endability|p2a: Salamence|Intimidate|[from] move: Entrainment\n|-ability|p2a: Salamence|Truant|[from] move: Entrainment\n|move|p2a: Salamence|Dual Wingbeat|p1a: The Smiths\n|-damage|p1a: The Smiths|73\/100\n|-damage|p1a: The Smiths|44\/100\n|-hitcount|p1a: The Smiths|2\n|\n|upkeep\n|turn|3\n|\n|t:|1699049965\n|switch|p2a: Reshiram|Reshiram|100\/100\n|-activate|p2a: Reshiram|move: Sticky Web\n|-unboost|p2a: Reshiram|spe|1\n|-ability|p2a: Reshiram|Turboblaze\n|cant|p1a: The Smiths|ability: Truant\n|\n|upkeep\n|turn|4\n|\n|t:|1699049980\n|move|p1a: The Smiths|Entrainment|p2a: Reshiram\n|-endability|p2a: Reshiram|Turboblaze|[from] move: Entrainment\n|-ability|p2a: Reshiram|Truant|[from] move: Entrainment\n|move|p2a: Reshiram|Tailwind|p2a: Reshiram\n|-sidestart|p2: Nakuy|move: Tailwind\n|\n|upkeep\n|turn|5\n|\n|t:|1699049993\n|switch|p2a: Salamence|Salamence, F|100\/100\n|-ability|p2a: Salamence|Intimidate|boost\n|-unboost|p1a: The Smiths|atk|1\n|cant|p1a: The Smiths|ability: Truant\n|\n|upkeep\n|turn|6\n|\n|t:|1699050002\n|move|p2a: Salamence|Dual Wingbeat|p1a: The Smiths\n|-damage|p1a: The Smiths|18\/100\n|-damage|p1a: The Smiths|0 fnt\n|faint|p1a: The Smiths\n|-hitcount|p1: The Smiths|2\n|\n|upkeep\n|\n|t:|1699050007\n|switch|p1a: Capa|Pheromosa|100\/100\n|turn|7\n|\n|t:|1699050016\n|move|p2a: Salamence|Dual Wingbeat|p1a: Capa\n|-supereffective|p1a: Capa\n|-damage|p1a: Capa|0 fnt\n|faint|p1a: Capa\n|-hitcount|p1: Capa|1\n|\n|-sideend|p2: Nakuy|move: Tailwind\n|upkeep\n|c|\u2606TheRar73|forgot tailwind frick\n|\n|t:|1699050026\n|switch|p1a: Setsuna|Scizor, F|100\/100\n|turn|8\n|\n|t:|1699050033\n|move|p2a: Salamence|Dual Wingbeat|p1a: Setsuna\n|-damage|p1a: Setsuna|77\/100\n|-damage|p1a: Setsuna|56\/100\n|-hitcount|p1a: Setsuna|2\n|move|p1a: Setsuna|Swords Dance|p1a: Setsuna\n|-boost|p1a: Setsuna|atk|2\n|\n|upkeep\n|turn|9\n|\n|t:|1699050073\n|-terastallize|p2a: Salamence|Steel\n|move|p1a: Setsuna|Bullet Punch|p2a: Salamence\n|-resisted|p2a: Salamence\n|-damage|p2a: Salamence|43\/100\n|-damage|p1a: Setsuna|46\/100|[from] item: Life Orb\n|move|p2a: Salamence|Dragon Dance|p2a: Salamence\n|-boost|p2a: Salamence|atk|1\n|-boost|p2a: Salamence|spe|1\n|\n|-heal|p2a: Salamence|49\/100|[from] item: Leftovers\n|upkeep\n|turn|10\n|\n|t:|1699050083\n|move|p1a: Setsuna|Bullet Punch|p2a: Salamence\n|-resisted|p2a: Salamence\n|-damage|p2a: Salamence|0 fnt\n|faint|p2a: Salamence\n|-damage|p1a: Setsuna|36\/100|[from] item: Life Orb\n|\n|upkeep\n|\n|t:|1699050105\n|switch|p2a: Kommo-o|Kommo-o, M|100\/100\n|-activate|p2a: Kommo-o|move: Sticky Web\n|-unboost|p2a: Kommo-o|spe|1\n|turn|11\n|\n|t:|1699050113\n|move|p2a: Kommo-o|Aura Sphere|p1a: Setsuna\n|-damage|p1a: Setsuna|0 fnt\n|faint|p1a: Setsuna\n|\n|upkeep\n|\n|t:|1699050118\n|switch|p1a: Airbellum|Pinsir, F|100\/100\n|turn|12\n|\n|t:|1699050154\n|detailschange|p1a: Airbellum|Pinsir-Mega, F\n|-mega|p1a: Airbellum|Pinsir|Pinsirite\n|move|p1a: Airbellum|Return|p2a: Kommo-o\n|-supereffective|p2a: Kommo-o\n|-damage|p2a: Kommo-o|0 fnt\n|faint|p2a: Kommo-o\n|\n|upkeep\n|\n|t:|1699050163\n|switch|p2a: Kyurem|Kyurem|100\/100\n|-activate|p2a: Kyurem|move: Sticky Web\n|-unboost|p2a: Kyurem|spe|1\n|-ability|p2a: Kyurem|Pressure\n|turn|13\n|\n|t:|1699050195\n|switch|p1a: Escavalier|Escavalier, M|100\/100\n|move|p2a: Kyurem|Glaciate|p1a: Escavalier\n|-resisted|p1a: Escavalier\n|-damage|p1a: Escavalier|80\/100\n|-unboost|p1a: Escavalier|spe|1\n|-damage|p2a: Kyurem|91\/100|[from] item: Life Orb\n|\n|upkeep\n|turn|14\n|\n|t:|1699050208\n|move|p2a: Kyurem|Ancient Power|p1a: Escavalier\n|-damage|p1a: Escavalier|55\/100\n|-damage|p2a: Kyurem|81\/100|[from] item: Life Orb\n|move|p1a: Escavalier|Iron Head|p2a: Kyurem\n|-supereffective|p2a: Kyurem\n|-damage|p2a: Kyurem|0 fnt\n|faint|p2a: Kyurem\n|\n|upkeep\n|\n|t:|1699050224\n|switch|p2a: Haxorus|Haxorus, F|100\/100\n|-activate|p2a: Haxorus|move: Sticky Web\n|-unboost|p2a: Haxorus|spe|1\n|-ability|p2a: Haxorus|Mold Breaker\n|turn|15\n|\n|t:|1699050243\n|move|p2a: Haxorus|Swords Dance|p2a: Haxorus\n|-boost|p2a: Haxorus|atk|2\n|move|p1a: Escavalier|Megahorn|p2a: Haxorus\n|-damage|p2a: Haxorus|17\/100\n|\n|upkeep\n|turn|16\n|\n|t:|1699050253\n|move|p2a: Haxorus|Scale Shot|p1a: Escavalier\n|-resisted|p1a: Escavalier\n|-damage|p1a: Escavalier|40\/100\n|-resisted|p1a: Escavalier\n|-damage|p1a: Escavalier|27\/100\n|-resisted|p1a: Escavalier\n|-damage|p1a: Escavalier|13\/100\n|-resisted|p1a: Escavalier\n|-damage|p1a: Escavalier|0 fnt\n|faint|p1a: Escavalier\n|-hitcount|p1: Escavalier|4\n|-unboost|p2a: Haxorus|def|1\n|-boost|p2a: Haxorus|spe|1\n|\n|upkeep\n|\n|t:|1699050261\n|switch|p1a: Airbellum|Pinsir-Mega, F|100\/100\n|turn|17\n|\n|t:|1699050284\n|move|p1a: Airbellum|Return|p2a: Haxorus\n|-damage|p2a: Haxorus|0 fnt\n|faint|p2a: Haxorus\n|\n|upkeep\n|\n|t:|1699050299\n|switch|p2a: Reshiram|Reshiram|100\/100\n|-activate|p2a: Reshiram|move: Sticky Web\n|-unboost|p2a: Reshiram|spe|1\n|-ability|p2a: Reshiram|Turboblaze\n|turn|18\n|\n|t:|1699050307\n|move|p1a: Airbellum|Earthquake|p2a: Reshiram\n|-supereffective|p2a: Reshiram\n|-damage|p2a: Reshiram|37\/100\n|move|p2a: Reshiram|Tailwind|p2a: Reshiram\n|-sidestart|p2: Nakuy|move: Tailwind\n|\n|-heal|p2a: Reshiram|43\/100|[from] item: Leftovers\n|upkeep\n|turn|19\n|\n|t:|1699050319\n|move|p1a: Airbellum|Quick Attack|p2a: Reshiram\n|-damage|p2a: Reshiram|18\/100\n|move|p2a: Reshiram|Flamethrower|p1a: Airbellum\n|-supereffective|p1a: Airbellum\n|-damage|p1a: Airbellum|0 fnt\n|faint|p1a: Airbellum\n|\n|win|Nakuy\n|l|\u2606TheRar73\n|j|\u2606TheRar73\n|player|p1|TheRar73|nobunaga-conquest\n|l|\u2606TheRar73\n|player|p1|\n","uploadtime":1699050418,"views":6,"p1id":"therar73","p2id":"nakuy","formatid":"gen9nationaldexubers","rating":0,"private":0,"password":""}