{"id":"gen9nationaldexubers-1987277473","p1":"GEO-M0DE\u2734\ufe0f","p2":"Marionette_playzYT","format":"[Gen 9] National Dex Ubers","log":"|j|\u2606GEO-M0DE\u2734\ufe0f\n|j|\u2606Marionette_playzYT\n|t:|1699572321\n|gametype|singles\n|player|p1|GEO-M0DE\u2734\ufe0f|backpackerf|1033\n|player|p2|Marionette_playzYT|steven|1092\n|teamsize|p1|6\n|teamsize|p2|6\n|gen|9\n|tier|[Gen 9] National Dex Ubers\n|rated|\n|rule|HP Percentage Mod: HP is shown in percentages\n|rule|Endless Battle Clause: Forcing endless battles is banned\n|rule|OHKO Clause: OHKO moves are banned\n|rule|Evasion Moves Clause: Evasion moves are banned\n|rule|Evasion Items Clause: Evasion items are banned\n|rule|Species Clause: Limit one of each Pok\u00e9mon\n|rule|Sleep Clause Mod: Limit one foe put to sleep\n|rule|Mega Rayquaza Clause: You cannot mega evolve Rayquaza\n|clearpoke\n|poke|p1|Lycanroc, M|\n|poke|p1|Sandaconda, M|\n|poke|p1|Aerodactyl, M|\n|poke|p1|Garganacl, M|\n|poke|p1|Dugtrio-Alola, M|\n|poke|p1|Gigalith, M|\n|poke|p2|Trevenant, M|\n|poke|p2|Skeledirge, M|\n|poke|p2|Ceruledge, F|\n|poke|p2|Banette, F|\n|poke|p2|Giratina-Origin|\n|poke|p2|Chandelure, M|\n|teampreview\n|\n|t:|1699572337\n|start\n|switch|p1a: \ud83e\udea8\ud83e\udea8GIGALITH\ud83e\udea8\ud83e\udea8|Gigalith, M, shiny|100\/100\n|switch|p2a: Trevenant|Trevenant, M, shiny|100\/100\n|-weather|Sandstorm|[from] ability: Sand Stream|[of] p1a: \ud83e\udea8\ud83e\udea8GIGALITH\ud83e\udea8\ud83e\udea8\n|turn|1\n|\n|t:|1699572351\n|move|p2a: Trevenant|Wood Hammer|p1a: \ud83e\udea8\ud83e\udea8GIGALITH\ud83e\udea8\ud83e\udea8\n|-supereffective|p1a: \ud83e\udea8\ud83e\udea8GIGALITH\ud83e\udea8\ud83e\udea8\n|-damage|p1a: \ud83e\udea8\ud83e\udea8GIGALITH\ud83e\udea8\ud83e\udea8|16\/100\n|-damage|p2a: Trevenant|76\/100|[from] Recoil\n|move|p1a: \ud83e\udea8\ud83e\udea8GIGALITH\ud83e\udea8\ud83e\udea8|Rock Tomb|p2a: Trevenant\n|-damage|p2a: Trevenant|43\/100\n|-unboost|p2a: Trevenant|spe|1\n|\n|-weather|Sandstorm|[upkeep]\n|-damage|p2a: Trevenant|37\/100|[from] Sandstorm\n|upkeep\n|turn|2\n|\n|t:|1699572365\n|move|p2a: Trevenant|Earthquake|p1a: \ud83e\udea8\ud83e\udea8GIGALITH\ud83e\udea8\ud83e\udea8\n|-supereffective|p1a: \ud83e\udea8\ud83e\udea8GIGALITH\ud83e\udea8\ud83e\udea8\n|-damage|p1a: \ud83e\udea8\ud83e\udea8GIGALITH\ud83e\udea8\ud83e\udea8|0 fnt\n|faint|p1a: \ud83e\udea8\ud83e\udea8GIGALITH\ud83e\udea8\ud83e\udea8\n|\n|-weather|Sandstorm|[upkeep]\n|-damage|p2a: Trevenant|31\/100|[from] Sandstorm\n|upkeep\n|\n|t:|1699572375\n|switch|p1a: \ud83e\udea8AERODACTYL\ud83e\udea8|Aerodactyl, M|100\/100\n|turn|3\n|\n|t:|1699572395\n|detailschange|p1a: \ud83e\udea8AERODACTYL\ud83e\udea8|Aerodactyl-Mega, M\n|-mega|p1a: \ud83e\udea8AERODACTYL\ud83e\udea8|Aerodactyl|Aerodactylite\n|move|p1a: \ud83e\udea8AERODACTYL\ud83e\udea8|Hone Claws|p1a: \ud83e\udea8AERODACTYL\ud83e\udea8\n|-boost|p1a: \ud83e\udea8AERODACTYL\ud83e\udea8|atk|1\n|-boost|p1a: \ud83e\udea8AERODACTYL\ud83e\udea8|accuracy|1\n|move|p2a: Trevenant|Drain Punch|p1a: \ud83e\udea8AERODACTYL\ud83e\udea8\n|-damage|p1a: \ud83e\udea8AERODACTYL\ud83e\udea8|73\/100\n|-heal|p2a: Trevenant|43\/100|[from] drain|[of] p1a: \ud83e\udea8AERODACTYL\ud83e\udea8\n|\n|-weather|Sandstorm|[upkeep]\n|-damage|p2a: Trevenant|36\/100|[from] Sandstorm\n|upkeep\n|turn|4\n|\n|t:|1699572415\n|move|p1a: \ud83e\udea8AERODACTYL\ud83e\udea8|Stone Edge|p2a: Trevenant\n|-damage|p2a: Trevenant|0 fnt\n|faint|p2a: Trevenant\n|\n|-weather|Sandstorm|[upkeep]\n|upkeep\n|\n|t:|1699572429\n|switch|p2a: Banette|Banette, F|100\/100\n|turn|5\n|\n|t:|1699572439\n|detailschange|p2a: Banette|Banette-Mega, F\n|-mega|p2a: Banette|Banette|Banettite\n|move|p1a: \ud83e\udea8AERODACTYL\ud83e\udea8|Hone Claws|p1a: \ud83e\udea8AERODACTYL\ud83e\udea8\n|-boost|p1a: \ud83e\udea8AERODACTYL\ud83e\udea8|atk|1\n|-boost|p1a: \ud83e\udea8AERODACTYL\ud83e\udea8|accuracy|1\n|move|p2a: Banette|Phantom Force||[still]\n|-prepare|p2a: Banette|Phantom Force\n|\n|-weather|Sandstorm|[upkeep]\n|-damage|p2a: Banette|95\/100|[from] Sandstorm\n|upkeep\n|turn|6\n|\n|t:|1699572450\n|move|p1a: \ud83e\udea8AERODACTYL\ud83e\udea8|Hone Claws|p1a: \ud83e\udea8AERODACTYL\ud83e\udea8\n|-boost|p1a: \ud83e\udea8AERODACTYL\ud83e\udea8|atk|1\n|-boost|p1a: \ud83e\udea8AERODACTYL\ud83e\udea8|accuracy|1\n|move|p2a: Banette|Phantom Force|p1a: \ud83e\udea8AERODACTYL\ud83e\udea8|[from]lockedmove\n|-damage|p1a: \ud83e\udea8AERODACTYL\ud83e\udea8|11\/100\n|\n|-weather|Sandstorm|[upkeep]\n|-damage|p2a: Banette|89\/100|[from] Sandstorm\n|upkeep\n|turn|7\n|\n|t:|1699572470\n|move|p1a: \ud83e\udea8AERODACTYL\ud83e\udea8|Stone Edge|p2a: Banette\n|-damage|p2a: Banette|0 fnt\n|faint|p2a: Banette\n|\n|-weather|Sandstorm|[upkeep]\n|upkeep\n|\n|t:|1699572484\n|switch|p2a: Giratina|Giratina-Origin|100\/100\n|turn|8\n|\n|t:|1699572490\n|move|p1a: \ud83e\udea8AERODACTYL\ud83e\udea8|Stone Edge|p2a: Giratina\n|-damage|p2a: Giratina|5\/100\n|move|p2a: Giratina|Shadow Force||[still]\n|-prepare|p2a: Giratina|Shadow Force\n|\n|-weather|none\n|upkeep\n|turn|9\n|\n|t:|1699572511\n|switch|p1a: \u26f0\ufe0fSANDACONDA\u26f0\ufe0f|Sandaconda, M, shiny|100\/100\n|move|p2a: Giratina|Shadow Force|p1a: \u26f0\ufe0fSANDACONDA\u26f0\ufe0f|[from]lockedmove\n|-damage|p1a: \u26f0\ufe0fSANDACONDA\u26f0\ufe0f|42\/100\n|-weather|Sandstorm|[from] ability: Sand Spit|[of] p1a: \u26f0\ufe0fSANDACONDA\u26f0\ufe0f\n|\n|-weather|Sandstorm|[upkeep]\n|-damage|p2a: Giratina|0 fnt|[from] Sandstorm\n|faint|p2a: Giratina\n|upkeep\n|\n|t:|1699572524\n|switch|p2a: Ceruledge|Ceruledge, F, shiny|100\/100\n|turn|10\n|\n|t:|1699572530\n|move|p2a: Ceruledge|Close Combat|p1a: \u26f0\ufe0fSANDACONDA\u26f0\ufe0f\n|-damage|p1a: \u26f0\ufe0fSANDACONDA\u26f0\ufe0f|11\/100\n|-unboost|p2a: Ceruledge|def|1\n|-unboost|p2a: Ceruledge|spd|1\n|move|p1a: \u26f0\ufe0fSANDACONDA\u26f0\ufe0f|Glare|p2a: Ceruledge\n|-status|p2a: Ceruledge|par\n|\n|-weather|Sandstorm|[upkeep]\n|-damage|p2a: Ceruledge|94\/100 par|[from] Sandstorm\n|upkeep\n|turn|11\n|\n|t:|1699572545\n|move|p1a: \u26f0\ufe0fSANDACONDA\u26f0\ufe0f|Earthquake|p2a: Ceruledge\n|-supereffective|p2a: Ceruledge\n|-damage|p2a: Ceruledge|0 fnt\n|faint|p2a: Ceruledge\n|\n|-weather|Sandstorm|[upkeep]\n|upkeep\n|\n|t:|1699572559\n|switch|p2a: Skeledirge|Skeledirge, M, shiny|100\/100\n|turn|12\n|\n|t:|1699572590\n|move|p1a: \u26f0\ufe0fSANDACONDA\u26f0\ufe0f|Glare|p2a: Skeledirge\n|-status|p2a: Skeledirge|par\n|cant|p2a: Skeledirge|par\n|\n|-weather|Sandstorm|[upkeep]\n|-damage|p2a: Skeledirge|94\/100 par|[from] Sandstorm\n|upkeep\n|turn|13\n|\n|t:|1699572599\n|move|p1a: \u26f0\ufe0fSANDACONDA\u26f0\ufe0f|Earthquake|p2a: Skeledirge\n|-supereffective|p2a: Skeledirge\n|-damage|p2a: Skeledirge|17\/100 par\n|move|p2a: Skeledirge|Night Shade|p1a: \u26f0\ufe0fSANDACONDA\u26f0\ufe0f\n|-damage|p1a: \u26f0\ufe0fSANDACONDA\u26f0\ufe0f|0 fnt\n|faint|p1a: \u26f0\ufe0fSANDACONDA\u26f0\ufe0f\n|-damage|p2a: Skeledirge|7\/100 par|[from] item: Life Orb\n|\n|-weather|Sandstorm|[upkeep]\n|-damage|p2a: Skeledirge|1\/100 par|[from] Sandstorm\n|upkeep\n|\n|t:|1699572612\n|switch|p1a: \ud83e\udea8LYCANROC\ud83e\udea8|Lycanroc, M, shiny|100\/100\n|turn|14\n|\n|t:|1699572627\n|move|p1a: \ud83e\udea8LYCANROC\ud83e\udea8|Accelerock|p2a: Skeledirge\n|-supereffective|p2a: Skeledirge\n|-damage|p2a: Skeledirge|0 fnt\n|faint|p2a: Skeledirge\n|\n|-weather|Sandstorm|[upkeep]\n|upkeep\n|l|\u2606Marionette_playzYT\n|player|p2|\n|inactive|Battle timer is ON: inactive players will automatically lose when time's up. (requested by GEO-M0DE\u2734\ufe0f)\n|inactive|Marionette_playzYT has 30 seconds to reconnect!\n|inactive|Marionette_playzYT has 20 seconds to reconnect!\n|inactive|Marionette_playzYT has 15 seconds to reconnect!\n|inactive|Marionette_playzYT has 10 seconds to reconnect!\n|inactive|Marionette_playzYT has 5 seconds to reconnect!\n|-message|Marionette_playzYT lost due to inactivity.\n|\n|win|GEO-M0DE\u2734\ufe0f\n|raw|GEO-M0DE\u2734\ufe0f's rating: 1033 &rarr; <strong>1074<\/strong><br \/>(+41 for winning)\n|raw|Marionette_playzYT's rating: 1092 &rarr; <strong>1064<\/strong><br \/>(-28 for losing)\n","uploadtime":1699572757,"views":4,"p1id":"geom0de","p2id":"marionetteplayzyt","formatid":"gen9nationaldexubers","rating":1064,"private":0,"password":""}