{"id":"gen9nationaldexubers-1989231614","p1":"Zake202012","p2":"Majner","format":"[Gen 9] National Dex Ubers","log":"|j|\u2606Zake202012\n|j|\u2606Majner\n|t:|1699826013\n|gametype|singles\n|player|p1|Zake202012|chili|1172\n|player|p2|Majner|169|1017\n|teamsize|p1|6\n|teamsize|p2|6\n|gen|9\n|tier|[Gen 9] National Dex Ubers\n|rated|\n|rule|HP Percentage Mod: HP is shown in percentages\n|rule|Endless Battle Clause: Forcing endless battles is banned\n|rule|OHKO Clause: OHKO moves are banned\n|rule|Evasion Moves Clause: Evasion moves are banned\n|rule|Evasion Items Clause: Evasion items are banned\n|rule|Species Clause: Limit one of each Pok\u00e9mon\n|rule|Sleep Clause Mod: Limit one foe put to sleep\n|rule|Mega Rayquaza Clause: You cannot mega evolve Rayquaza\n|clearpoke\n|poke|p1|Salamence, M|\n|poke|p1|Sylveon, F|\n|poke|p1|Kingambit, M|\n|poke|p1|Electrode-Hisui|\n|poke|p1|Magearna|\n|poke|p1|Arcanine-Hisui, M|\n|poke|p2|Tangrowth, M|\n|poke|p2|Drifblim, M|\n|poke|p2|Maractus, M|\n|poke|p2|Torkoal, M|\n|poke|p2|Magearna|\n|poke|p2|Ursaluna, F|\n|teampreview\n|inactive|Battle timer is ON: inactive players will automatically lose when time's up. (requested by Zake202012)\n|\n|t:|1699826019\n|start\n|switch|p1a: Electrode|Electrode-Hisui|100\/100\n|switch|p2a: Torkoal|Torkoal, M|100\/100\n|-weather|SunnyDay|[from] ability: Drought|[of] p2a: Torkoal\n|turn|1\n|\n|t:|1699826026\n|move|p1a: Electrode|Substitute|p1a: Electrode\n|-start|p1a: Electrode|Substitute\n|-damage|p1a: Electrode|76\/100\n|move|p2a: Torkoal|Gyro Ball|p1a: Electrode\n|-resisted|p1a: Electrode\n|-end|p1a: Electrode|Substitute\n|\n|-weather|SunnyDay|[upkeep]\n|-heal|p1a: Electrode|82\/100|[from] item: Leftovers\n|upkeep\n|turn|2\n|\n|t:|1699826035\n|move|p1a: Electrode|Substitute|p1a: Electrode\n|-start|p1a: Electrode|Substitute\n|-damage|p1a: Electrode|57\/100\n|move|p2a: Torkoal|Lava Plume|p1a: Electrode\n|-supereffective|p1a: Electrode\n|-end|p1a: Electrode|Substitute\n|\n|-weather|SunnyDay|[upkeep]\n|-heal|p1a: Electrode|63\/100|[from] item: Leftovers\n|upkeep\n|turn|3\n|\n|t:|1699826045\n|switch|p1a: Arcanine|Arcanine-Hisui, M|100\/100\n|move|p2a: Torkoal|Lava Plume|p1a: Arcanine\n|-resisted|p1a: Arcanine\n|-damage|p1a: Arcanine|84\/100\n|\n|-weather|SunnyDay|[upkeep]\n|upkeep\n|turn|4\n|\n|t:|1699826053\n|move|p1a: Arcanine|Head Smash|p2a: Torkoal\n|-supereffective|p2a: Torkoal\n|-damage|p2a: Torkoal|0 fnt\n|faint|p2a: Torkoal\n|\n|-weather|SunnyDay|[upkeep]\n|upkeep\n|\n|t:|1699826060\n|switch|p2a: Ursaluna|Ursaluna, F, shiny|100\/100\n|turn|5\n|\n|t:|1699826069\n|switch|p1a: Salamence|Salamence, M|100\/100\n|-ability|p1a: Salamence|Intimidate|boost\n|-unboost|p2a: Ursaluna|atk|1\n|move|p2a: Ursaluna|Swords Dance|p2a: Ursaluna\n|-boost|p2a: Ursaluna|atk|2\n|\n|-weather|SunnyDay|[upkeep]\n|-status|p2a: Ursaluna|brn|[from] item: Flame Orb\n|upkeep\n|turn|6\n|\n|t:|1699826084\n|detailschange|p1a: Salamence|Salamence-Mega, M\n|-mega|p1a: Salamence|Salamence|Salamencite\n|move|p1a: Salamence|Return|p2a: Ursaluna\n|-damage|p2a: Ursaluna|43\/100 brn\n|move|p2a: Ursaluna|Facade|p1a: Salamence\n|-damage|p1a: Salamence|0 fnt\n|faint|p1a: Salamence\n|\n|-weather|SunnyDay|[upkeep]\n|-damage|p2a: Ursaluna|37\/100 brn|[from] brn\n|upkeep\n|\n|t:|1699826102\n|switch|p1a: Arcanine|Arcanine-Hisui, M|84\/100\n|turn|7\n|\n|t:|1699826108\n|-terastallize|p2a: Ursaluna|Ghost\n|move|p1a: Arcanine|Flare Blitz|p2a: Ursaluna\n|-damage|p2a: Ursaluna|0 fnt\n|faint|p2a: Ursaluna\n|\n|-weather|SunnyDay|[upkeep]\n|upkeep\n|\n|t:|1699826123\n|switch|p2a: Maractus|Maractus, M|100\/100\n|turn|8\n|\n|t:|1699826128\n|move|p2a: Maractus|Cotton Guard|p2a: Maractus\n|-boost|p2a: Maractus|def|3\n|move|p1a: Arcanine|Head Smash|p2a: Maractus\n|-damage|p2a: Maractus|56\/100\n|\n|-weather|none\n|-heal|p2a: Maractus|62\/100|[from] item: Leftovers\n|upkeep\n|turn|9\n|\n|t:|1699826137\n|move|p1a: Arcanine|Flare Blitz|p2a: Maractus\n|-supereffective|p2a: Maractus\n|-damage|p2a: Maractus|0 fnt\n|faint|p2a: Maractus\n|\n|upkeep\n|\n|t:|1699826142\n|switch|p2a: Drifblim|Drifblim, M|100\/100\n|turn|10\n|\n|t:|1699826149\n|move|p1a: Arcanine|Head Smash|p2a: Drifblim|[miss]\n|-miss|p1a: Arcanine|p2a: Drifblim\n|move|p2a: Drifblim|Thunder Wave|p1a: Arcanine\n|-status|p1a: Arcanine|par\n|\n|-status|p2a: Drifblim|brn|[from] item: Flame Orb\n|upkeep\n|turn|11\n|\n|t:|1699826158\n|move|p2a: Drifblim|Hex|p1a: Arcanine\n|-damage|p1a: Arcanine|0 fnt\n|faint|p1a: Arcanine\n|\n|-damage|p2a: Drifblim|94\/100 brn|[from] brn\n|upkeep\n|\n|t:|1699826167\n|switch|p1a: Electrode|Electrode-Hisui|63\/100\n|turn|12\n|\n|t:|1699826172\n|move|p1a: Electrode|Substitute|p1a: Electrode\n|-start|p1a: Electrode|Substitute\n|-damage|p1a: Electrode|38\/100\n|move|p2a: Drifblim|Hex|p1a: Electrode\n|-end|p1a: Electrode|Substitute\n|\n|-heal|p1a: Electrode|44\/100|[from] item: Leftovers\n|-damage|p2a: Drifblim|88\/100 brn|[from] brn\n|upkeep\n|turn|13\n|\n|t:|1699826180\n|move|p1a: Electrode|Thunderbolt|p2a: Drifblim\n|-supereffective|p2a: Drifblim\n|-damage|p2a: Drifblim|12\/100 brn\n|move|p2a: Drifblim|Hex|p1a: Electrode\n|-damage|p1a: Electrode|0 fnt\n|faint|p1a: Electrode\n|\n|-damage|p2a: Drifblim|6\/100 brn|[from] brn\n|upkeep\n|\n|t:|1699826192\n|switch|p1a: Kingambit|Kingambit, M|100\/100\n|-activate|p1a: Kingambit|ability: Supreme Overlord\n|-start|p1a: Kingambit|fallen3|[silent]\n|turn|14\n|\n|t:|1699826196\n|move|p1a: Kingambit|Sucker Punch||[still]\n|-fail|p1a: Kingambit\n|move|p2a: Drifblim|Strength Sap|p1a: Kingambit\n|-unboost|p1a: Kingambit|atk|1\n|-heal|p2a: Drifblim|92\/100 brn\n|\n|-damage|p2a: Drifblim|85\/100 brn|[from] brn\n|upkeep\n|turn|15\n|\n|t:|1699826207\n|move|p2a: Drifblim|Fling|p1a: Kingambit\n|-resisted|p1a: Kingambit\n|-damage|p1a: Kingambit|99\/100\n|-status|p1a: Kingambit|brn\n|-enditem|p2a: Drifblim|Flame Orb|[from] move: Fling\n|move|p1a: Kingambit|Swords Dance|p1a: Kingambit\n|-boost|p1a: Kingambit|atk|2\n|\n|-heal|p1a: Kingambit|100\/100 brn|[from] item: Leftovers\n|-damage|p2a: Drifblim|79\/100 brn|[from] brn\n|-damage|p1a: Kingambit|94\/100 brn|[from] brn\n|upkeep\n|turn|16\n|\n|t:|1699826226\n|-end|p1a: Kingambit|fallen3|[silent]\n|switch|p1a: Sylveon|Sylveon, F|100\/100\n|move|p2a: Drifblim|Hex|p1a: Sylveon\n|-crit|p1a: Sylveon\n|-damage|p1a: Sylveon|61\/100\n|\n|-damage|p2a: Drifblim|73\/100 brn|[from] brn\n|upkeep\n|turn|17\n|\n|t:|1699826240\n|move|p1a: Sylveon|Protect|p1a: Sylveon\n|-singleturn|p1a: Sylveon|Protect\n|move|p2a: Drifblim|Thunder Wave|p1a: Sylveon\n|-activate|p1a: Sylveon|move: Protect\n|\n|-damage|p2a: Drifblim|67\/100 brn|[from] brn\n|upkeep\n|turn|18\n|\n|t:|1699826247\n|move|p2a: Drifblim|Thunder Wave|p1a: Sylveon\n|-status|p1a: Sylveon|par\n|move|p1a: Sylveon|Hyper Voice|p2a: Drifblim\n|-damage|p2a: Drifblim|14\/100 brn\n|\n|-damage|p2a: Drifblim|8\/100 brn|[from] brn\n|upkeep\n|turn|19\n|\n|t:|1699826262\n|move|p2a: Drifblim|Hex|p1a: Sylveon\n|-damage|p1a: Sylveon|6\/100 par\n|move|p1a: Sylveon|Hyper Voice|p2a: Drifblim\n|-damage|p2a: Drifblim|0 fnt\n|faint|p2a: Drifblim\n|\n|upkeep\n|\n|t:|1699826276\n|switch|p2a: Magearna|Magearna|100\/100\n|turn|20\n|\n|t:|1699826283\n|move|p2a: Magearna|Volt Switch|p1a: Sylveon\n|-damage|p1a: Sylveon|0 fnt\n|faint|p1a: Sylveon\n|-ability|p2a: Magearna|Soul-Heart|boost\n|-boost|p2a: Magearna|spa|1\n|\n|t:|1699826288\n|switch|p2a: Tangrowth|Tangrowth, M, shiny|100\/100|[from] Volt Switch\n|\n|upkeep\n|\n|t:|1699826292\n|switch|p1a: Magearna|Magearna|100\/100\n|turn|21\n|\n|t:|1699826297\n|move|p1a: Magearna|Shift Gear|p1a: Magearna\n|-boost|p1a: Magearna|spe|2\n|-boost|p1a: Magearna|atk|1\n|move|p2a: Tangrowth|Knock Off|p1a: Magearna\n|-resisted|p1a: Magearna\n|-damage|p1a: Magearna|91\/100\n|-enditem|p1a: Magearna|Leftovers|[from] move: Knock Off|[of] p2a: Tangrowth\n|\n|upkeep\n|turn|22\n|\n|t:|1699826304\n|move|p1a: Magearna|Calm Mind|p1a: Magearna\n|-boost|p1a: Magearna|spa|1\n|-boost|p1a: Magearna|spd|1\n|move|p2a: Tangrowth|Earthquake|p1a: Magearna\n|-supereffective|p1a: Magearna\n|-damage|p1a: Magearna|55\/100\n|\n|upkeep\n|turn|23\n|\n|t:|1699826314\n|move|p1a: Magearna|Draining Kiss|p2a: Tangrowth\n|-damage|p2a: Tangrowth|75\/100\n|-heal|p1a: Magearna|79\/100|[from] drain|[of] p2a: Tangrowth\n|move|p2a: Tangrowth|Earthquake|p1a: Magearna\n|-supereffective|p1a: Magearna\n|-damage|p1a: Magearna|39\/100\n|\n|upkeep\n|turn|24\n|\n|t:|1699826336\n|move|p1a: Magearna|Stored Power|p2a: Tangrowth\n|-damage|p2a: Tangrowth|36\/100\n|move|p2a: Tangrowth|Earthquake|p1a: Magearna\n|-supereffective|p1a: Magearna\n|-damage|p1a: Magearna|3\/100\n|\n|upkeep\n|turn|25\n|\n|t:|1699826347\n|switch|p2a: Magearna|Magearna|100\/100\n|move|p1a: Magearna|Stored Power|p2a: Magearna\n|-resisted|p2a: Magearna\n|-damage|p2a: Magearna|82\/100\n|\n|-heal|p2a: Magearna|88\/100|[from] item: Leftovers\n|upkeep\n|turn|26\n|\n|t:|1699826354\n|move|p1a: Magearna|Draining Kiss|p2a: Magearna\n|-resisted|p2a: Magearna\n|-damage|p2a: Magearna|77\/100\n|-heal|p1a: Magearna|13\/100|[from] drain|[of] p2a: Magearna\n|move|p2a: Magearna|Heart Swap|p1a: Magearna\n|-swapboost|p2a: Magearna|p1a: Magearna|[from] move: Heart Swap\n|\n|-heal|p2a: Magearna|83\/100|[from] item: Leftovers\n|upkeep\n|turn|27\n|\n|t:|1699826368\n|move|p2a: Magearna|Fleur Cannon|p1a: Magearna|[miss]\n|-miss|p2a: Magearna|p1a: Magearna\n|move|p1a: Magearna|Draining Kiss|p2a: Magearna\n|-resisted|p2a: Magearna\n|-damage|p2a: Magearna|78\/100\n|-heal|p1a: Magearna|18\/100|[from] drain|[of] p2a: Magearna\n|\n|-heal|p2a: Magearna|84\/100|[from] item: Leftovers\n|upkeep\n|turn|28\n|\n|t:|1699826376\n|move|p2a: Magearna|Fleur Cannon|p1a: Magearna\n|-resisted|p1a: Magearna\n|-damage|p1a: Magearna|0 fnt\n|-unboost|p2a: Magearna|spa|2\n|faint|p1a: Magearna\n|-ability|p2a: Magearna|Soul-Heart|boost\n|-boost|p2a: Magearna|spa|1\n|\n|-heal|p2a: Magearna|90\/100|[from] item: Leftovers\n|upkeep\n|\n|t:|1699826381\n|switch|p1a: Kingambit|Kingambit, M|94\/100 brn\n|-activate|p1a: Kingambit|ability: Supreme Overlord\n|-start|p1a: Kingambit|fallen5|[silent]\n|turn|29\n|\n|t:|1699826388\n|move|p2a: Magearna|Fleur Cannon|p1a: Kingambit\n|-damage|p1a: Kingambit|33\/100 brn\n|-unboost|p2a: Magearna|spa|2\n|move|p1a: Kingambit|Iron Head|p2a: Magearna\n|-damage|p2a: Magearna|61\/100\n|\n|-heal|p2a: Magearna|68\/100|[from] item: Leftovers\n|-heal|p1a: Kingambit|39\/100 brn|[from] item: Leftovers\n|-damage|p1a: Kingambit|33\/100 brn|[from] brn\n|upkeep\n|turn|30\n|\n|t:|1699826399\n|move|p2a: Magearna|Fleur Cannon|p1a: Kingambit\n|-damage|p1a: Kingambit|0 fnt\n|-unboost|p2a: Magearna|spa|2\n|faint|p1a: Kingambit\n|-end|p1a: Kingambit|fallen5|[silent]\n|\n|win|Majner\n|raw|Zake202012's rating: 1172 &rarr; <strong>1137<\/strong><br \/>(-35 for losing)\n|raw|Majner's rating: 1017 &rarr; <strong>1070<\/strong><br \/>(+53 for winning)\n|l|\u2606Zake202012\n","uploadtime":1699826407,"views":8,"p1id":"zake202012","p2id":"majner","formatid":"gen9nationaldexubers","rating":1070,"private":0,"password":""}