{"id":"gen9nationaldexubers-1990697474","p1":"AnomalousBeing","p2":"dog678","format":"[Gen 9] National Dex Ubers","log":"|j|\u2606AnomalousBeing\n|j|\u2606dog678\n|t:|1699992674\n|gametype|singles\n|player|p1|AnomalousBeing|ethan|1145\n|player|p2|dog678|1|1087\n|teamsize|p1|6\n|teamsize|p2|6\n|gen|9\n|tier|[Gen 9] National Dex Ubers\n|rated|\n|rule|HP Percentage Mod: HP is shown in percentages\n|rule|Endless Battle Clause: Forcing endless battles is banned\n|rule|OHKO Clause: OHKO moves are banned\n|rule|Evasion Moves Clause: Evasion moves are banned\n|rule|Evasion Items Clause: Evasion items are banned\n|rule|Species Clause: Limit one of each Pok\u00e9mon\n|rule|Sleep Clause Mod: Limit one foe put to sleep\n|rule|Mega Rayquaza Clause: You cannot mega evolve Rayquaza\n|clearpoke\n|poke|p1|Darmanitan-Galar, M|\n|poke|p1|Ribombee, F|\n|poke|p1|Spectrier|\n|poke|p1|Groudon|\n|poke|p1|Gholdengo|\n|poke|p1|Deoxys-Attack|\n|poke|p2|Cramorant, F|\n|poke|p2|Ursaluna-Bloodmoon, M|\n|poke|p2|Basculegion, M|\n|poke|p2|Shuckle, F|\n|poke|p2|Kangaskhan, F|\n|poke|p2|Annihilape, M|\n|teampreview\n|\n|t:|1699992717\n|start\n|switch|p1a: Mandala|Groudon, shiny|100\/100\n|switch|p2a: Shuckle|Shuckle, F, shiny|100\/100\n|detailschange|p1a: Mandala|Groudon-Primal, shiny\n|-primal|p1a: Mandala|Red Orb\n|-weather|DesolateLand|[from] ability: Desolate Land|[of] p1a: Mandala\n|turn|1\n|inactive|Battle timer is ON: inactive players will automatically lose when time's up. (requested by dog678)\n|\n|t:|1699992727\n|move|p1a: Mandala|Lava Plume|p2a: Shuckle\n|-crit|p2a: Shuckle\n|-damage|p2a: Shuckle|21\/100\n|move|p2a: Shuckle|Sticky Web|p1a: Mandala\n|-sidestart|p1: AnomalousBeing|move: Sticky Web\n|\n|-weather|DesolateLand|[upkeep]\n|upkeep\n|turn|2\n|\n|t:|1699992742\n|move|p1a: Mandala|Earthquake|p2a: Shuckle\n|-damage|p2a: Shuckle|0 fnt\n|faint|p2a: Shuckle\n|\n|-weather|DesolateLand|[upkeep]\n|upkeep\n|\n|t:|1699992747\n|switch|p2a: Cramorant|Cramorant, F, shiny|100\/100\n|turn|3\n|\n|t:|1699992759\n|move|p1a: Mandala|Solar Beam||[still]\n|-prepare|p1a: Mandala|Solar Beam\n|-anim|p1a: Mandala|Solar Beam|p2a: Cramorant\n|-damage|p2a: Cramorant|42\/100\n|move|p2a: Cramorant|Brave Bird|p1a: Mandala\n|-damage|p1a: Mandala|66\/100\n|-damage|p2a: Cramorant|28\/100|[from] Recoil\n|\n|-weather|DesolateLand|[upkeep]\n|-heal|p2a: Cramorant|34\/100|[from] item: Leftovers\n|upkeep\n|turn|4\n|\n|t:|1699992772\n|move|p1a: Mandala|Solar Beam||[still]\n|-prepare|p1a: Mandala|Solar Beam\n|-anim|p1a: Mandala|Solar Beam|p2a: Cramorant\n|-damage|p2a: Cramorant|0 fnt\n|faint|p2a: Cramorant\n|\n|-weather|DesolateLand|[upkeep]\n|upkeep\n|\n|t:|1699992777\n|switch|p2a: Kangaskhan|Kangaskhan, F, shiny|100\/100\n|turn|5\n|\n|t:|1699992790\n|detailschange|p2a: Kangaskhan|Kangaskhan-Mega, F, shiny\n|-mega|p2a: Kangaskhan|Kangaskhan|Kangaskhanite\n|move|p2a: Kangaskhan|Fake Out|p1a: Mandala\n|-damage|p1a: Mandala|52\/100\n|-damage|p1a: Mandala|49\/100\n|-hitcount|p1a: Mandala|2\n|cant|p1a: Mandala|flinch\n|\n|-weather|DesolateLand|[upkeep]\n|upkeep\n|turn|6\n|\n|t:|1699992815\n|move|p2a: Kangaskhan|Crunch|p1a: Mandala\n|-damage|p1a: Mandala|31\/100\n|-damage|p1a: Mandala|27\/100\n|-hitcount|p1a: Mandala|2\n|move|p1a: Mandala|Stealth Rock|p2a: Kangaskhan\n|-sidestart|p2: dog678|move: Stealth Rock\n|\n|-weather|DesolateLand|[upkeep]\n|upkeep\n|turn|7\n|\n|t:|1699992826\n|move|p2a: Kangaskhan|Power-Up Punch|p1a: Mandala\n|-damage|p1a: Mandala|18\/100\n|-boost|p2a: Kangaskhan|atk|1\n|-damage|p1a: Mandala|14\/100\n|-boost|p2a: Kangaskhan|atk|1\n|-hitcount|p1a: Mandala|2\n|move|p1a: Mandala|Lava Plume|p2a: Kangaskhan\n|-damage|p2a: Kangaskhan|33\/100\n|-status|p2a: Kangaskhan|brn\n|\n|-weather|DesolateLand|[upkeep]\n|-damage|p2a: Kangaskhan|27\/100 brn|[from] brn\n|upkeep\n|turn|8\n|\n|t:|1699992839\n|move|p2a: Kangaskhan|Crunch|p1a: Mandala\n|-damage|p1a: Mandala|0 fnt\n|faint|p1a: Mandala\n|-weather|none\n|-hitcount|p1: Mandala|1\n|\n|-damage|p2a: Kangaskhan|21\/100 brn|[from] brn\n|upkeep\n|\n|t:|1699992847\n|switch|p1a: Nemesis|Deoxys-Attack|100\/100\n|-activate|p1a: Nemesis|move: Sticky Web\n|-unboost|p1a: Nemesis|spe|1\n|-ability|p1a: Nemesis|Pressure\n|turn|9\n|\n|t:|1699992868\n|move|p1a: Nemesis|Extreme Speed|p2a: Kangaskhan\n|-damage|p2a: Kangaskhan|0 fnt\n|faint|p2a: Kangaskhan\n|\n|upkeep\n|\n|t:|1699992880\n|switch|p2a: Basculegion|Basculegion, M, shiny|100\/100\n|-damage|p2a: Basculegion|88\/100|[from] Stealth Rock\n|-ability|p2a: Basculegion|Mold Breaker\n|turn|10\n|\n|t:|1699992888\n|move|p2a: Basculegion|Last Respects|p1a: Nemesis\n|-supereffective|p1a: Nemesis\n|-enditem|p1a: Nemesis|Focus Sash\n|-damage|p1a: Nemesis|1\/100\n|move|p1a: Nemesis|Thunder Punch|p2a: Basculegion\n|-supereffective|p2a: Basculegion\n|-damage|p2a: Basculegion|8\/100\n|\n|upkeep\n|turn|11\n|inactive|dog678 has 120 seconds left.\n|\n|t:|1699992918\n|move|p2a: Basculegion|Last Respects|p1a: Nemesis\n|-supereffective|p1a: Nemesis\n|-damage|p1a: Nemesis|0 fnt\n|faint|p1a: Nemesis\n|\n|upkeep\n|\n|t:|1699992924\n|switch|p1a: Mydnite|Spectrier|100\/100\n|-activate|p1a: Mydnite|move: Sticky Web\n|-unboost|p1a: Mydnite|spe|1\n|turn|12\n|\n|t:|1699992933\n|move|p2a: Basculegion|Last Respects|p1a: Mydnite\n|-supereffective|p1a: Mydnite\n|-damage|p1a: Mydnite|0 fnt\n|faint|p1a: Mydnite\n|\n|upkeep\n|\n|t:|1699992939\n|switch|p1a: Bombee|Ribombee, F, shiny|100\/100\n|-activate|p1a: Bombee|move: Sticky Web\n|-unboost|p1a: Bombee|spe|1\n|turn|13\n|\n|t:|1699992946\n|move|p2a: Basculegion|Last Respects|p1a: Bombee\n|-enditem|p1a: Bombee|Focus Sash\n|-damage|p1a: Bombee|1\/100\n|move|p1a: Bombee|Draining Kiss|p2a: Basculegion\n|-damage|p2a: Basculegion|0 fnt\n|-heal|p1a: Bombee|7\/100|[from] drain|[of] p2a: Basculegion\n|faint|p2a: Basculegion\n|\n|upkeep\n|inactive|dog678 has 120 seconds left.\n|\n|t:|1699992967\n|switch|p2a: Ursaluna|Ursaluna-Bloodmoon, M|100\/100\n|-damage|p2a: Ursaluna|95\/100|[from] Stealth Rock\n|turn|14\n|\n|t:|1699992972\n|move|p1a: Bombee|Stun Spore|p2a: Ursaluna\n|-status|p2a: Ursaluna|par\n|cant|p2a: Ursaluna|par\n|\n|-heal|p2a: Ursaluna|100\/100 par|[from] item: Leftovers\n|upkeep\n|turn|15\n|\n|t:|1699992981\n|move|p1a: Bombee|Sticky Web|p2a: Ursaluna\n|-sidestart|p2: dog678|move: Sticky Web\n|move|p2a: Ursaluna|Calm Mind|p2a: Ursaluna\n|-boost|p2a: Ursaluna|spa|1\n|-boost|p2a: Ursaluna|spd|1\n|\n|upkeep\n|turn|16\n|\n|t:|1699992996\n|move|p1a: Bombee|Draining Kiss|p2a: Ursaluna\n|-damage|p2a: Ursaluna|86\/100 par\n|-heal|p1a: Bombee|19\/100|[from] drain|[of] p2a: Ursaluna\n|cant|p2a: Ursaluna|par\n|\n|-heal|p2a: Ursaluna|92\/100 par|[from] item: Leftovers\n|upkeep\n|turn|17\n|\n|t:|1699993008\n|move|p1a: Bombee|Draining Kiss|p2a: Ursaluna\n|-damage|p2a: Ursaluna|79\/100 par\n|-heal|p1a: Bombee|31\/100|[from] drain|[of] p2a: Ursaluna\n|move|p2a: Ursaluna|Moonblast|p1a: Bombee\n|-damage|p1a: Bombee|0 fnt\n|faint|p1a: Bombee\n|\n|-heal|p2a: Ursaluna|85\/100 par|[from] item: Leftovers\n|upkeep\n|\n|t:|1699993019\n|switch|p1a: Frosticuffs|Darmanitan-Galar, M|100\/100\n|-activate|p1a: Frosticuffs|move: Sticky Web\n|-unboost|p1a: Frosticuffs|spe|1\n|turn|18\n|\n|t:|1699993026\n|move|p1a: Frosticuffs|Earthquake|p2a: Ursaluna\n|-damage|p2a: Ursaluna|17\/100 par\n|move|p2a: Ursaluna|Blood Moon|p1a: Frosticuffs\n|-damage|p1a: Frosticuffs|0 fnt\n|faint|p1a: Frosticuffs\n|\n|-heal|p2a: Ursaluna|23\/100 par|[from] item: Leftovers\n|upkeep\n|\n|t:|1699993037\n|switch|p1a: Golden|Gholdengo|100\/100\n|-activate|p1a: Golden|move: Sticky Web\n|-unboost|p1a: Golden|spe|1\n|turn|19\n|\n|t:|1699993046\n|move|p1a: Golden|Shadow Ball|p2a: Ursaluna\n|-immune|p2a: Ursaluna\n|move|p2a: Ursaluna|Moonblast|p1a: Golden\n|-resisted|p1a: Golden\n|-damage|p1a: Golden|66\/100\n|\n|-heal|p1a: Golden|72\/100|[from] item: Leftovers\n|-heal|p2a: Ursaluna|29\/100 par|[from] item: Leftovers\n|upkeep\n|turn|20\n|\n|t:|1699993058\n|move|p1a: Golden|Dazzling Gleam|p2a: Ursaluna\n|-damage|p2a: Ursaluna|6\/100 par\n|move|p2a: Ursaluna|Moonblast|p1a: Golden\n|-resisted|p1a: Golden\n|-damage|p1a: Golden|40\/100\n|\n|-heal|p1a: Golden|46\/100|[from] item: Leftovers\n|-heal|p2a: Ursaluna|12\/100 par|[from] item: Leftovers\n|upkeep\n|turn|21\n|\n|t:|1699993073\n|move|p1a: Golden|Dazzling Gleam|p2a: Ursaluna\n|-damage|p2a: Ursaluna|0 fnt\n|faint|p2a: Ursaluna\n|\n|-heal|p1a: Golden|52\/100|[from] item: Leftovers\n|upkeep\n|\n|t:|1699993081\n|switch|p2a: Annihilape|Annihilape, M, shiny|100\/100\n|-damage|p2a: Annihilape|94\/100|[from] Stealth Rock\n|-activate|p2a: Annihilape|move: Sticky Web\n|-unboost|p2a: Annihilape|spe|1\n|turn|22\n|\n|t:|1699993092\n|-terastallize|p2a: Annihilape|Fighting\n|move|p1a: Golden|Protect|p1a: Golden\n|-singleturn|p1a: Golden|Protect\n|move|p2a: Annihilape|Fire Punch|p1a: Golden\n|-activate|p1a: Golden|move: Protect\n|\n|-heal|p1a: Golden|58\/100|[from] item: Leftovers\n|upkeep\n|turn|23\n|\n|t:|1699993103\n|-terastallize|p1a: Golden|Flying\n|move|p1a: Golden|Dazzling Gleam|p2a: Annihilape\n|-supereffective|p2a: Annihilape\n|-damage|p2a: Annihilape|42\/100\n|move|p2a: Annihilape|Fire Punch|p1a: Golden\n|-damage|p1a: Golden|33\/100\n|\n|-heal|p1a: Golden|39\/100|[from] item: Leftovers\n|upkeep\n|turn|24\n|\n|t:|1699993119\n|move|p1a: Golden|Protect|p1a: Golden\n|-singleturn|p1a: Golden|Protect\n|move|p2a: Annihilape|Gunk Shot|p1a: Golden\n|-activate|p1a: Golden|move: Protect\n|\n|-heal|p1a: Golden|45\/100|[from] item: Leftovers\n|upkeep\n|turn|25\n|\n|t:|1699993134\n|move|p1a: Golden|Dazzling Gleam|p2a: Annihilape\n|-supereffective|p2a: Annihilape\n|-damage|p2a: Annihilape|0 fnt\n|faint|p2a: Annihilape\n|\n|win|AnomalousBeing\n|raw|AnomalousBeing's rating: 1145 &rarr; <strong>1166<\/strong><br \/>(+21 for winning)\n|raw|dog678's rating: 1087 &rarr; <strong>1068<\/strong><br \/>(-19 for losing)\n|c|\u2606AnomalousBeing|gg\n|c|\u2606dog678|gg\n|l|\u2606dog678\n","uploadtime":1699993147,"views":6,"p1id":"anomalousbeing","p2id":"dog678","formatid":"gen9nationaldexubers","rating":1068,"private":0,"password":""}