{"id":"gen9nationaldexubers-1982570660","p1":"KINGKRICH","p2":"barnabybugsppl","format":"[Gen 9] National Dex Ubers","log":"|j|\u2606KINGKRICH\n|j|\u2606barnabybugsppl\n|t:|1699026434\n|gametype|singles\n|player|p1|KINGKRICH|buck|1044\n|player|p2|barnabybugsppl|collector|1062\n|teamsize|p1|6\n|teamsize|p2|6\n|gen|9\n|tier|[Gen 9] National Dex Ubers\n|rated|\n|rule|HP Percentage Mod: HP is shown in percentages\n|rule|Endless Battle Clause: Forcing endless battles is banned\n|rule|OHKO Clause: OHKO moves are banned\n|rule|Evasion Moves Clause: Evasion moves are banned\n|rule|Evasion Items Clause: Evasion items are banned\n|rule|Species Clause: Limit one of each Pok\u00e9mon\n|rule|Sleep Clause Mod: Limit one foe put to sleep\n|rule|Mega Rayquaza Clause: You cannot mega evolve Rayquaza\n|clearpoke\n|poke|p1|Charizard, M|\n|poke|p1|Chandelure, F|\n|poke|p1|Talonflame, M|\n|poke|p1|Greninja-*, M|\n|poke|p1|Rapidash, M|\n|poke|p1|Incineroar, M|\n|poke|p2|Espathra, F|\n|poke|p2|Mightyena, F|\n|poke|p2|Maushold-Four|\n|poke|p2|Aggron, F|\n|poke|p2|Drifblim, F|\n|poke|p2|Conkeldurr, F|\n|teampreview\n|\n|t:|1699026443\n|start\n|switch|p1a: Greninja|Greninja, M|100\/100\n|switch|p2a: Maushold|Maushold-Four|100\/100\n|turn|1\n|\n|t:|1699026464\n|-terastallize|p2a: Maushold|Flying\n|move|p1a: Greninja|Gunk Shot|p2a: Maushold\n|-start|p1a: Greninja|typechange|Poison|[from] ability: Protean\n|-damage|p2a: Maushold|44\/100\n|move|p2a: Maushold|Thunder Wave|p1a: Greninja\n|-status|p1a: Greninja|par\n|\n|upkeep\n|turn|2\n|\n|t:|1699026476\n|cant|p1a: Greninja|par\n|move|p2a: Maushold|Super Fang|p1a: Greninja\n|-damage|p1a: Greninja|51\/100 par\n|\n|upkeep\n|turn|3\n|\n|t:|1699026482\n|move|p1a: Greninja|Water Shuriken|p2a: Maushold\n|-damage|p2a: Maushold|38\/100\n|-damage|p2a: Maushold|32\/100\n|-damage|p2a: Maushold|24\/100\n|-damage|p2a: Maushold|17\/100\n|-damage|p2a: Maushold|10\/100\n|-hitcount|p2a: Maushold|5\n|move|p2a: Maushold|Population Bomb|p1a: Greninja\n|-damage|p1a: Greninja|26\/100 par\n|-damage|p1a: Greninja|4\/100 par\n|-damage|p1a: Greninja|0 fnt\n|faint|p1a: Greninja\n|-hitcount|p1: Greninja|3\n|\n|upkeep\n|\n|t:|1699026496\n|switch|p1a: Incineroar|Incineroar, M|100\/100\n|-ability|p1a: Incineroar|Intimidate|boost\n|-unboost|p2a: Maushold|atk|1\n|turn|4\n|\n|t:|1699026501\n|move|p1a: Incineroar|Fake Out|p2a: Maushold\n|-damage|p2a: Maushold|0 fnt\n|faint|p2a: Maushold\n|\n|upkeep\n|\n|t:|1699026510\n|switch|p2a: Conkeldurr|Conkeldurr, F|100\/100\n|turn|5\n|\n|t:|1699026524\n|move|p1a: Incineroar|Fire Blast|p2a: Conkeldurr\n|-damage|p2a: Conkeldurr|63\/100\n|move|p2a: Conkeldurr|Earthquake|p1a: Incineroar\n|-supereffective|p1a: Incineroar\n|-damage|p1a: Incineroar|36\/100\n|\n|-status|p2a: Conkeldurr|brn|[from] item: Flame Orb\n|upkeep\n|turn|6\n|\n|t:|1699026535\n|move|p1a: Incineroar|Fire Blast|p2a: Conkeldurr\n|-damage|p2a: Conkeldurr|26\/100 brn\n|move|p2a: Conkeldurr|Facade|p1a: Incineroar\n|-crit|p1a: Incineroar\n|-damage|p1a: Incineroar|0 fnt\n|faint|p1a: Incineroar\n|\n|-damage|p2a: Conkeldurr|20\/100 brn|[from] brn\n|upkeep\n|\n|t:|1699026547\n|switch|p1a: Talonflame|Talonflame, M|100\/100\n|turn|7\n|\n|t:|1699026554\n|move|p1a: Talonflame|Aerial Ace|p2a: Conkeldurr\n|-supereffective|p2a: Conkeldurr\n|-damage|p2a: Conkeldurr|0 fnt\n|faint|p2a: Conkeldurr\n|\n|upkeep\n|\n|t:|1699026559\n|switch|p2a: Aggron|Aggron, F|100\/100\n|turn|8\n|\n|t:|1699026577\n|move|p1a: Talonflame|Flare Blitz|p2a: Aggron\n|-damage|p2a: Aggron|77\/100\n|-damage|p1a: Talonflame|91\/100|[from] Recoil\n|move|p2a: Aggron|Iron Defense|p2a: Aggron\n|-boost|p2a: Aggron|def|2\n|\n|upkeep\n|turn|9\n|\n|t:|1699026584\n|move|p1a: Talonflame|Flare Blitz|p2a: Aggron\n|-damage|p2a: Aggron|63\/100\n|-status|p2a: Aggron|brn\n|-damage|p1a: Talonflame|86\/100|[from] Recoil\n|move|p2a: Aggron|Stone Edge|p1a: Talonflame|[miss]\n|-miss|p2a: Aggron|p1a: Talonflame\n|\n|-damage|p2a: Aggron|57\/100 brn|[from] brn\n|upkeep\n|turn|10\n|\n|t:|1699026599\n|move|p1a: Talonflame|Flare Blitz|p2a: Aggron\n|-damage|p2a: Aggron|44\/100 brn\n|-damage|p1a: Talonflame|81\/100|[from] Recoil\n|move|p2a: Aggron|Stone Edge|p1a: Talonflame\n|-supereffective|p1a: Talonflame\n|-damage|p1a: Talonflame|0 fnt\n|faint|p1a: Talonflame\n|\n|-damage|p2a: Aggron|38\/100 brn|[from] brn\n|upkeep\n|\n|t:|1699026610\n|switch|p1a: Chandelure|Chandelure, F|100\/100\n|turn|11\n|\n|t:|1699026625\n|move|p1a: Chandelure|Shadow Ball|p2a: Aggron\n|-damage|p2a: Aggron|0 fnt\n|faint|p2a: Aggron\n|\n|upkeep\n|\n|t:|1699026634\n|switch|p2a: Drifblim|Drifblim, F|100\/100\n|turn|12\n|\n|t:|1699026650\n|-zpower|p1a: Chandelure\n|move|p1a: Chandelure|Never-Ending Nightmare|p2a: Drifblim|[zeffect]\n|-supereffective|p2a: Drifblim\n|-damage|p2a: Drifblim|0 fnt\n|faint|p2a: Drifblim\n|\n|upkeep\n|\n|t:|1699026658\n|switch|p2a: Mightyena|Mightyena, F|100\/100\n|-ability|p2a: Mightyena|Intimidate|boost\n|-unboost|p1a: Chandelure|atk|1\n|turn|13\n|\n|t:|1699026665\n|move|p2a: Mightyena|Sucker Punch|p1a: Chandelure\n|-supereffective|p1a: Chandelure\n|-damage|p1a: Chandelure|22\/100\n|move|p1a: Chandelure|Fire Blast|p2a: Mightyena\n|-damage|p2a: Mightyena|0 fnt\n|faint|p2a: Mightyena\n|\n|upkeep\n|\n|t:|1699026672\n|switch|p2a: Espathra|Espathra, F|100\/100\n|turn|14\n|\n|t:|1699026675\n|move|p2a: Espathra|Night Shade|p1a: Chandelure\n|-damage|p1a: Chandelure|0 fnt\n|faint|p1a: Chandelure\n|\n|-ability|p2a: Espathra|Speed Boost|boost\n|-boost|p2a: Espathra|spe|1\n|upkeep\n|\n|t:|1699026692\n|switch|p1a: Rapidash|Rapidash, M|100\/100\n|turn|15\n|\n|t:|1699026699\n|-terastallize|p1a: Rapidash|Fairy\n|move|p2a: Espathra|Stored Power|p1a: Rapidash\n|-damage|p1a: Rapidash|66\/100\n|move|p1a: Rapidash|Swords Dance|p1a: Rapidash\n|-boost|p1a: Rapidash|atk|2\n|\n|-ability|p2a: Espathra|Speed Boost|boost\n|-boost|p2a: Espathra|spe|1\n|upkeep\n|turn|16\n|\n|t:|1699026708\n|move|p2a: Espathra|Calm Mind|p2a: Espathra\n|-boost|p2a: Espathra|spa|1\n|-boost|p2a: Espathra|spd|1\n|move|p1a: Rapidash|Flare Blitz|p2a: Espathra\n|-damage|p2a: Espathra|0 fnt\n|faint|p2a: Espathra\n|-damage|p1a: Rapidash|26\/100|[from] Recoil\n|\n|win|KINGKRICH\n|raw|KINGKRICH's rating: 1044 &rarr; <strong>1079<\/strong><br \/>(+35 for winning)\n|raw|barnabybugsppl's rating: 1062 &rarr; <strong>1042<\/strong><br \/>(-20 for losing)\n|c|\u2606barnabybugsppl|gg\n|l|\u2606barnabybugsppl\n","uploadtime":1699026719,"views":3,"p1id":"kingkrich","p2id":"barnabybugsppl","formatid":"gen9nationaldexubers","rating":1042,"private":0,"password":""}