{"id":"gen9nationaldexubers-1990557783","p1":"Zake202012","p2":"Red_is_fodder","format":"[Gen 9] National Dex Ubers","log":"|j|\u2606Zake202012\n|j|\u2606Red_is_fodder\n|t:|1699981278\n|gametype|singles\n|player|p1|Zake202012|n|1390\n|player|p2|Red_is_fodder|pokemaniac|1292\n|teamsize|p1|6\n|teamsize|p2|6\n|gen|9\n|tier|[Gen 9] National Dex Ubers\n|rated|\n|rule|HP Percentage Mod: HP is shown in percentages\n|rule|Endless Battle Clause: Forcing endless battles is banned\n|rule|OHKO Clause: OHKO moves are banned\n|rule|Evasion Moves Clause: Evasion moves are banned\n|rule|Evasion Items Clause: Evasion items are banned\n|rule|Species Clause: Limit one of each Pok\u00e9mon\n|rule|Sleep Clause Mod: Limit one foe put to sleep\n|rule|Mega Rayquaza Clause: You cannot mega evolve Rayquaza\n|clearpoke\n|poke|p1|Salamence, F|\n|poke|p1|Scyther, F|\n|poke|p1|Kingambit, M|\n|poke|p1|Serperior, M|\n|poke|p1|Zangoose, F|\n|poke|p1|Arcanine-Hisui, M|\n|poke|p2|Zacian-*|\n|poke|p2|Groudon|\n|poke|p2|Zygarde|\n|poke|p2|Yveltal|\n|poke|p2|Urshifu-*, F|\n|poke|p2|Arceus-Ground|\n|teampreview\n|inactive|Battle timer is ON: inactive players will automatically lose when time's up. (requested by Zake202012)\n|\n|t:|1699981282\n|start\n|switch|p1a: Serperior|Serperior, M|100\/100\n|switch|p2a: Arceus|Arceus-Ground|100\/100\n|turn|1\n|j| 85792195wwww\n|\n|t:|1699981291\n|-terastallize|p2a: Arceus|Flying\n|move|p2a: Arceus|Calm Mind|p2a: Arceus\n|-boost|p2a: Arceus|spa|1\n|-boost|p2a: Arceus|spd|1\n|move|p1a: Serperior|Substitute|p1a: Serperior\n|-start|p1a: Serperior|Substitute\n|-damage|p1a: Serperior|76\/100\n|\n|-heal|p1a: Serperior|82\/100|[from] item: Leftovers\n|upkeep\n|turn|2\n|\n|t:|1699981296\n|move|p2a: Arceus|Calm Mind|p2a: Arceus\n|-boost|p2a: Arceus|spa|1\n|-boost|p2a: Arceus|spd|1\n|move|p1a: Serperior|Glare|p2a: Arceus\n|-status|p2a: Arceus|par\n|\n|-heal|p1a: Serperior|88\/100|[from] item: Leftovers\n|upkeep\n|turn|3\n|\n|t:|1699981299\n|move|p1a: Serperior|Leech Seed|p2a: Arceus\n|-start|p2a: Arceus|move: Leech Seed\n|move|p2a: Arceus|Ice Beam|p1a: Serperior\n|-supereffective|p1a: Serperior\n|-end|p1a: Serperior|Substitute\n|\n|-heal|p1a: Serperior|94\/100|[from] item: Leftovers\n|-damage|p2a: Arceus|88\/100 par|[from] Leech Seed|[of] p1a: Serperior\n|-heal|p1a: Serperior|100\/100|[silent]\n|upkeep\n|turn|4\n|\n|t:|1699981304\n|move|p1a: Serperior|Substitute|p1a: Serperior\n|-start|p1a: Serperior|Substitute\n|-damage|p1a: Serperior|76\/100\n|cant|p2a: Arceus|par\n|\n|-heal|p1a: Serperior|82\/100|[from] item: Leftovers\n|-damage|p2a: Arceus|76\/100 par|[from] Leech Seed|[of] p1a: Serperior\n|-heal|p1a: Serperior|98\/100|[silent]\n|upkeep\n|turn|5\n|\n|t:|1699981309\n|move|p1a: Serperior|Leaf Storm|p2a: Arceus\n|-resisted|p2a: Arceus\n|-damage|p2a: Arceus|67\/100 par\n|-boost|p1a: Serperior|spa|2\n|move|p2a: Arceus|Ice Beam|p1a: Serperior\n|-supereffective|p1a: Serperior\n|-end|p1a: Serperior|Substitute\n|\n|-heal|p1a: Serperior|100\/100|[from] item: Leftovers\n|-damage|p2a: Arceus|55\/100 par|[from] Leech Seed|[of] p1a: Serperior\n|upkeep\n|turn|6\n|\n|t:|1699981316\n|move|p1a: Serperior|Substitute|p1a: Serperior\n|-start|p1a: Serperior|Substitute\n|-damage|p1a: Serperior|76\/100\n|move|p2a: Arceus|Ice Beam|p1a: Serperior\n|-supereffective|p1a: Serperior\n|-end|p1a: Serperior|Substitute\n|\n|-heal|p1a: Serperior|82\/100|[from] item: Leftovers\n|-damage|p2a: Arceus|42\/100 par|[from] Leech Seed|[of] p1a: Serperior\n|-heal|p1a: Serperior|98\/100|[silent]\n|upkeep\n|turn|7\n|\n|t:|1699981320\n|move|p1a: Serperior|Substitute|p1a: Serperior\n|-start|p1a: Serperior|Substitute\n|-damage|p1a: Serperior|73\/100\n|move|p2a: Arceus|Ice Beam|p1a: Serperior\n|-supereffective|p1a: Serperior\n|-end|p1a: Serperior|Substitute\n|\n|-heal|p1a: Serperior|80\/100|[from] item: Leftovers\n|-damage|p2a: Arceus|30\/100 par|[from] Leech Seed|[of] p1a: Serperior\n|-heal|p1a: Serperior|96\/100|[silent]\n|upkeep\n|turn|8\n|\n|t:|1699981325\n|move|p1a: Serperior|Substitute|p1a: Serperior\n|-start|p1a: Serperior|Substitute\n|-damage|p1a: Serperior|71\/100\n|move|p2a: Arceus|Ice Beam|p1a: Serperior\n|-supereffective|p1a: Serperior\n|-end|p1a: Serperior|Substitute\n|\n|-heal|p1a: Serperior|77\/100|[from] item: Leftovers\n|-damage|p2a: Arceus|18\/100 par|[from] Leech Seed|[of] p1a: Serperior\n|-heal|p1a: Serperior|93\/100|[silent]\n|upkeep\n|turn|9\n|\n|t:|1699981329\n|move|p1a: Serperior|Substitute|p1a: Serperior\n|-start|p1a: Serperior|Substitute\n|-damage|p1a: Serperior|69\/100\n|move|p2a: Arceus|Ice Beam|p1a: Serperior\n|-supereffective|p1a: Serperior\n|-end|p1a: Serperior|Substitute\n|\n|-heal|p1a: Serperior|75\/100|[from] item: Leftovers\n|-damage|p2a: Arceus|5\/100 par|[from] Leech Seed|[of] p1a: Serperior\n|-heal|p1a: Serperior|91\/100|[silent]\n|upkeep\n|turn|10\n|\n|t:|1699981336\n|move|p1a: Serperior|Leaf Storm|p2a: Arceus\n|-resisted|p2a: Arceus\n|-damage|p2a: Arceus|0 fnt\n|-boost|p1a: Serperior|spa|2\n|faint|p2a: Arceus\n|\n|-heal|p1a: Serperior|97\/100|[from] item: Leftovers\n|upkeep\n|c|\u2606Red_is_fodder|Play like a normal person, instead of using boring strategies\n|\n|t:|1699981365\n|switch|p2a: Groudon|Groudon|100\/100\n|detailschange|p2a: Groudon|Groudon-Primal\n|-primal|p2a: Groudon|Red Orb\n|-weather|DesolateLand|[from] ability: Desolate Land|[of] p2a: Groudon\n|turn|11\n|\n|t:|1699981372\n|move|p1a: Serperior|Substitute|p1a: Serperior\n|-start|p1a: Serperior|Substitute\n|-damage|p1a: Serperior|72\/100\n|move|p2a: Groudon|Precipice Blades|p1a: Serperior\n|-resisted|p1a: Serperior\n|-end|p1a: Serperior|Substitute\n|\n|-weather|DesolateLand|[upkeep]\n|-heal|p1a: Serperior|79\/100|[from] item: Leftovers\n|upkeep\n|turn|12\n|\n|t:|1699981378\n|move|p1a: Serperior|Substitute|p1a: Serperior\n|-start|p1a: Serperior|Substitute\n|-damage|p1a: Serperior|54\/100\n|move|p2a: Groudon|Precipice Blades|p1a: Serperior\n|-resisted|p1a: Serperior\n|-end|p1a: Serperior|Substitute\n|\n|-weather|DesolateLand|[upkeep]\n|-heal|p1a: Serperior|60\/100|[from] item: Leftovers\n|upkeep\n|turn|13\n|\n|t:|1699981383\n|move|p1a: Serperior|Substitute|p1a: Serperior\n|-start|p1a: Serperior|Substitute\n|-damage|p1a: Serperior|35\/100\n|move|p2a: Groudon|Precipice Blades|p1a: Serperior\n|-resisted|p1a: Serperior\n|-end|p1a: Serperior|Substitute\n|\n|-weather|DesolateLand|[upkeep]\n|-heal|p1a: Serperior|41\/100|[from] item: Leftovers\n|upkeep\n|turn|14\n|\n|t:|1699981390\n|move|p1a: Serperior|Substitute|p1a: Serperior\n|-start|p1a: Serperior|Substitute\n|-damage|p1a: Serperior|17\/100\n|move|p2a: Groudon|Rock Tomb|p1a: Serperior\n|-end|p1a: Serperior|Substitute\n|\n|-weather|DesolateLand|[upkeep]\n|-heal|p1a: Serperior|23\/100|[from] item: Leftovers\n|upkeep\n|turn|15\n|\n|t:|1699981398\n|move|p1a: Serperior|Leaf Storm|p2a: Groudon\n|-damage|p2a: Groudon|0 fnt\n|-boost|p1a: Serperior|spa|2\n|faint|p2a: Groudon\n|-weather|none\n|\n|-heal|p1a: Serperior|29\/100|[from] item: Leftovers\n|upkeep\n|\n|t:|1699981412\n|switch|p2a: Yveltal|Yveltal|100\/100\n|-ability|p2a: Yveltal|Dark Aura\n|turn|16\n|\n|t:|1699981422\n|move|p1a: Serperior|Leaf Storm|p2a: Yveltal\n|-resisted|p2a: Yveltal\n|-damage|p2a: Yveltal|23\/100\n|move|p2a: Yveltal|Taunt|p1a: Serperior\n|-start|p1a: Serperior|move: Taunt\n|\n|-heal|p1a: Serperior|35\/100|[from] item: Leftovers\n|upkeep\n|turn|17\n|\n|t:|1699981429\n|move|p2a: Yveltal|Sucker Punch|p1a: Serperior\n|-damage|p1a: Serperior|0 fnt\n|faint|p1a: Serperior\n|-damage|p2a: Yveltal|13\/100|[from] item: Life Orb\n|\n|upkeep\n|\n|t:|1699981434\n|switch|p1a: Zangoose|Zangoose, F|100\/100\n|turn|18\n|\n|t:|1699981436\n|move|p1a: Zangoose|Quick Attack|p2a: Yveltal\n|-damage|p2a: Yveltal|0 fnt\n|faint|p2a: Yveltal\n|\n|-status|p1a: Zangoose|tox|[from] item: Toxic Orb\n|upkeep\n|\n|t:|1699981440\n|switch|p2a: Zacian|Zacian-Crowned, shiny|100\/100\n|-ability|p2a: Zacian|Intrepid Sword|boost\n|-boost|p2a: Zacian|atk|1\n|turn|19\n|\n|t:|1699981448\n|move|p1a: Zangoose|Quick Attack|p2a: Zacian\n|-resisted|p2a: Zacian\n|-damage|p2a: Zacian|86\/100\n|move|p2a: Zacian|Close Combat|p1a: Zangoose\n|-supereffective|p1a: Zangoose\n|-damage|p1a: Zangoose|0 fnt\n|-unboost|p2a: Zacian|def|1\n|-unboost|p2a: Zacian|spd|1\n|faint|p1a: Zangoose\n|\n|upkeep\n|\n|t:|1699981455\n|switch|p1a: Arcanine|Arcanine-Hisui, M|100\/100\n|turn|20\n|\n|t:|1699981462\n|move|p2a: Zacian|Behemoth Blade|p1a: Arcanine\n|-enditem|p1a: Arcanine|Focus Sash\n|-damage|p1a: Arcanine|1\/100\n|move|p1a: Arcanine|Flare Blitz|p2a: Zacian\n|-supereffective|p2a: Zacian\n|-damage|p2a: Zacian|0 fnt\n|faint|p2a: Zacian\n|\n|upkeep\n|\n|t:|1699981466\n|switch|p2a: Urshifu|Urshifu-Rapid-Strike, F|100\/100\n|turn|21\n|\n|t:|1699981470\n|move|p1a: Arcanine|Extreme Speed|p2a: Urshifu\n|-damage|p2a: Urshifu|74\/100\n|move|p2a: Urshifu|Surging Strikes|p1a: Arcanine\n|-supereffective|p1a: Arcanine\n|-crit|p1a: Arcanine\n|-damage|p1a: Arcanine|0 fnt\n|faint|p1a: Arcanine\n|-hitcount|p1: Arcanine|1\n|\n|upkeep\n|\n|t:|1699981477\n|switch|p1a: Salamence|Salamence, F|100\/100\n|-ability|p1a: Salamence|Intimidate|boost\n|-unboost|p2a: Urshifu|atk|1\n|turn|22\n|\n|t:|1699981483\n|detailschange|p1a: Salamence|Salamence-Mega, F\n|-mega|p1a: Salamence|Salamence|Salamencite\n|move|p2a: Urshifu|Taunt|p1a: Salamence\n|-start|p1a: Salamence|move: Taunt\n|move|p1a: Salamence|Return|p2a: Urshifu\n|-supereffective|p2a: Urshifu\n|-damage|p2a: Urshifu|0 fnt\n|faint|p2a: Urshifu\n|\n|upkeep\n|\n|t:|1699981487\n|switch|p2a: Zygarde|Zygarde|100\/100\n|turn|23\n|\n|t:|1699981498\n|move|p1a: Salamence|Return|p2a: Zygarde\n|-damage|p2a: Zygarde|35\/100\n|move|p2a: Zygarde|Substitute|p2a: Zygarde\n|-start|p2a: Zygarde|Substitute\n|-damage|p2a: Zygarde|10\/100\n|\n|-heal|p2a: Zygarde|16\/100|[from] item: Leftovers\n|-activate|p2a: Zygarde|ability: Power Construct\n|detailschange|p2a: Zygarde|Zygarde-Complete\n|-heal|p2a: Zygarde|48\/100|[silent]\n|upkeep\n|turn|24\n|\n|t:|1699981505\n|move|p1a: Salamence|Return|p2a: Zygarde\n|-end|p2a: Zygarde|Substitute\n|move|p2a: Zygarde|Dragon Dance|p2a: Zygarde\n|-boost|p2a: Zygarde|atk|1\n|-boost|p2a: Zygarde|spe|1\n|\n|-heal|p2a: Zygarde|54\/100|[from] item: Leftovers\n|-end|p1a: Salamence|move: Taunt\n|upkeep\n|turn|25\n|\n|t:|1699981514\n|move|p1a: Salamence|Return|p2a: Zygarde\n|-damage|p2a: Zygarde|14\/100\n|move|p2a: Zygarde|Dragon Tail|p1a: Salamence\n|-supereffective|p1a: Salamence\n|-damage|p1a: Salamence|35\/100\n|drag|p1a: Scyther|Scyther, F|100\/100\n|\n|-heal|p2a: Zygarde|20\/100|[from] item: Leftovers\n|upkeep\n|turn|26\n|\n|t:|1699981525\n|move|p2a: Zygarde|Thousand Arrows|p1a: Scyther\n|-damage|p1a: Scyther|37\/100\n|-start|p1a: Scyther|Smack Down\n|move|p1a: Scyther|Trailblaze|p2a: Zygarde\n|-damage|p2a: Zygarde|8\/100\n|-boost|p1a: Scyther|spe|1\n|\n|-heal|p2a: Zygarde|14\/100|[from] item: Leftovers\n|upkeep\n|turn|27\n|\n|t:|1699981531\n|move|p1a: Scyther|Dual Wingbeat|p2a: Zygarde\n|-damage|p2a: Zygarde|0 fnt\n|faint|p2a: Zygarde\n|-hitcount|p2: Zygarde|1\n|\n|win|Zake202012\n|raw|Zake202012's rating: 1390 &rarr; <strong>1405<\/strong><br \/>(+15 for winning)\n|raw|Red_is_fodder's rating: 1292 &rarr; <strong>1274<\/strong><br \/>(-18 for losing)\n|l|\u2606Red_is_fodder\n","uploadtime":1699981546,"views":7,"p1id":"zake202012","p2id":"redisfodder","formatid":"gen9nationaldexubers","rating":1274,"private":0,"password":""}