{"id":"gen9nationaldexubers-1995937102","p1":"Haywado","p2":"Dawniebuns","format":"[Gen 9] National Dex Ubers","log":"|j|\u2606Haywado\n|j|\u2606Dawniebuns\n|t:|1700619479\n|gametype|singles\n|player|p1|Haywado|volkner|1171\n|player|p2|Dawniebuns|clair|1121\n|teamsize|p1|6\n|teamsize|p2|6\n|gen|9\n|tier|[Gen 9] National Dex Ubers\n|rated|\n|rule|HP Percentage Mod: HP is shown in percentages\n|rule|Endless Battle Clause: Forcing endless battles is banned\n|rule|OHKO Clause: OHKO moves are banned\n|rule|Evasion Moves Clause: Evasion moves are banned\n|rule|Evasion Items Clause: Evasion items are banned\n|rule|Species Clause: Limit one of each Pok\u00e9mon\n|rule|Sleep Clause Mod: Limit one foe put to sleep\n|rule|Mega Rayquaza Clause: You cannot mega evolve Rayquaza\n|clearpoke\n|poke|p1|Annihilape, F|\n|poke|p1|Walking Wake|\n|poke|p1|Charizard, F|\n|poke|p1|Necrozma-Dusk-Mane|\n|poke|p1|Zygarde|\n|poke|p1|Venusaur, M|\n|poke|p2|Kingambit, M|\n|poke|p2|Zoroark-Hisui, F|\n|poke|p2|Yveltal|\n|poke|p2|Necrozma-Dusk-Mane|\n|poke|p2|Groudon|\n|poke|p2|Blastoise, F|\n|teampreview\n|\n|t:|1700619499\n|start\n|switch|p1a: Necrozma|Necrozma-Dusk-Mane|100\/100\n|switch|p2a: Groudon|Groudon|100\/100\n|detailschange|p2a: Groudon|Groudon-Primal\n|-primal|p2a: Groudon|Red Orb\n|-weather|DesolateLand|[from] ability: Desolate Land|[of] p2a: Groudon\n|turn|1\n|\n|t:|1700619508\n|move|p2a: Groudon|Stealth Rock|p1a: Necrozma\n|-sidestart|p1: Haywado|move: Stealth Rock\n|move|p1a: Necrozma|Stealth Rock|p2a: Groudon\n|-sidestart|p2: Dawniebuns|move: Stealth Rock\n|\n|-weather|DesolateLand|[upkeep]\n|upkeep\n|turn|2\n|\n|t:|1700619514\n|move|p2a: Groudon|Rock Polish|p2a: Groudon\n|-boost|p2a: Groudon|spe|2\n|move|p1a: Necrozma|Photon Geyser|p2a: Groudon\n|-damage|p2a: Groudon|64\/100\n|\n|-weather|DesolateLand|[upkeep]\n|upkeep\n|turn|3\n|\n|t:|1700619523\n|switch|p1a: Charizard|Charizard, F|100\/100\n|-damage|p1a: Charizard|51\/100|[from] Stealth Rock\n|move|p2a: Groudon|Precipice Blades|p1a: Charizard\n|-immune|p1a: Charizard\n|\n|-weather|DesolateLand|[upkeep]\n|upkeep\n|turn|4\n|\n|t:|1700619534\n|move|p2a: Groudon|Heat Crash|p1a: Charizard\n|-resisted|p1a: Charizard\n|-damage|p1a: Charizard|0 fnt\n|faint|p1a: Charizard\n|\n|-weather|DesolateLand|[upkeep]\n|upkeep\n|\n|t:|1700619539\n|switch|p1a: Venusaur|Venusaur, M|100\/100\n|-damage|p1a: Venusaur|88\/100|[from] Stealth Rock\n|turn|5\n|\n|t:|1700619544\n|move|p2a: Groudon|Heat Crash|p1a: Venusaur\n|-supereffective|p1a: Venusaur\n|-damage|p1a: Venusaur|0 fnt\n|faint|p1a: Venusaur\n|\n|-weather|DesolateLand|[upkeep]\n|upkeep\n|\n|t:|1700619549\n|switch|p1a: Annihilape|Annihilape, F|100\/100\n|-damage|p1a: Annihilape|94\/100|[from] Stealth Rock\n|turn|6\n|\n|t:|1700619557\n|move|p2a: Groudon|Heat Crash|p1a: Annihilape\n|-damage|p1a: Annihilape|0 fnt\n|faint|p1a: Annihilape\n|\n|-weather|DesolateLand|[upkeep]\n|upkeep\n|\n|t:|1700619561\n|switch|p1a: Walking Wake|Walking Wake|100\/100\n|-damage|p1a: Walking Wake|88\/100|[from] Stealth Rock\n|turn|7\n|\n|t:|1700619568\n|move|p2a: Groudon|Precipice Blades|p1a: Walking Wake|[miss]\n|-miss|p2a: Groudon|p1a: Walking Wake\n|move|p1a: Walking Wake|Dragon Pulse|p2a: Groudon\n|-damage|p2a: Groudon|17\/100\n|\n|-weather|DesolateLand|[upkeep]\n|upkeep\n|turn|8\n|\n|t:|1700619583\n|move|p2a: Groudon|Precipice Blades|p1a: Walking Wake|[miss]\n|-miss|p2a: Groudon|p1a: Walking Wake\n|move|p1a: Walking Wake|Dragon Pulse|p2a: Groudon\n|-damage|p2a: Groudon|0 fnt\n|faint|p2a: Groudon\n|-weather|none\n|\n|upkeep\n|\n|t:|1700619597\n|switch|p2a: Blastoise|Blastoise, F|100\/100\n|-damage|p2a: Blastoise|88\/100|[from] Stealth Rock\n|turn|9\n|\n|t:|1700619606\n|detailschange|p2a: Blastoise|Blastoise-Mega, F\n|-mega|p2a: Blastoise|Blastoise|Blastoisinite\n|-zpower|p1a: Walking Wake\n|move|p1a: Walking Wake|Devastating Drake|p2a: Blastoise|[zeffect]\n|-damage|p2a: Blastoise|0 fnt\n|faint|p2a: Blastoise\n|\n|upkeep\n|\n|t:|1700619618\n|switch|p2a: Necrozma|Necrozma-Dusk-Mane|100\/100\n|-damage|p2a: Necrozma|95\/100|[from] Stealth Rock\n|turn|10\n|\n|t:|1700619625\n|-terastallize|p2a: Necrozma|Water\n|move|p1a: Walking Wake|Hydro Steam|p2a: Necrozma\n|-resisted|p2a: Necrozma\n|-damage|p2a: Necrozma|74\/100\n|move|p2a: Necrozma|Dragon Dance|p2a: Necrozma\n|-boost|p2a: Necrozma|atk|1\n|-boost|p2a: Necrozma|spe|1\n|\n|upkeep\n|turn|11\n|\n|t:|1700619644\n|-end|p1a: Walking Wake|Protosynthesis|[silent]\n|switch|p1a: Necrozma|Necrozma-Dusk-Mane|100\/100\n|-damage|p1a: Necrozma|94\/100|[from] Stealth Rock\n|move|p2a: Necrozma|Photon Geyser|p1a: Necrozma\n|-resisted|p1a: Necrozma\n|-crit|p1a: Necrozma\n|-damage|p1a: Necrozma|77\/100\n|\n|-heal|p1a: Necrozma|83\/100|[from] item: Leftovers\n|upkeep\n|turn|12\n|\n|t:|1700619656\n|move|p2a: Necrozma|Dragon Dance|p2a: Necrozma\n|-boost|p2a: Necrozma|atk|1\n|-boost|p2a: Necrozma|spe|1\n|move|p1a: Necrozma|Knock Off|p2a: Necrozma\n|-damage|p2a: Necrozma|47\/100\n|-enditem|p2a: Necrozma|Weakness Policy|[from] move: Knock Off|[of] p1a: Necrozma\n|\n|-heal|p1a: Necrozma|89\/100|[from] item: Leftovers\n|upkeep\n|turn|13\n|\n|t:|1700619666\n|move|p2a: Necrozma|Earthquake|p1a: Necrozma\n|-supereffective|p1a: Necrozma\n|-damage|p1a: Necrozma|21\/100\n|move|p1a: Necrozma|Photon Geyser|p2a: Necrozma\n|-damage|p2a: Necrozma|6\/100\n|\n|-heal|p1a: Necrozma|27\/100|[from] item: Leftovers\n|upkeep\n|turn|14\n|\n|t:|1700619677\n|move|p2a: Necrozma|Earthquake|p1a: Necrozma\n|-supereffective|p1a: Necrozma\n|-crit|p1a: Necrozma\n|-damage|p1a: Necrozma|0 fnt\n|faint|p1a: Necrozma\n|\n|upkeep\n|\n|t:|1700619679\n|switch|p1a: Zygarde|Zygarde|100\/100\n|-damage|p1a: Zygarde|94\/100|[from] Stealth Rock\n|turn|15\n|\n|t:|1700619688\n|move|p1a: Zygarde|Extreme Speed|p2a: Necrozma\n|-damage|p2a: Necrozma|0 fnt\n|faint|p2a: Necrozma\n|\n|-heal|p1a: Zygarde|100\/100|[from] item: Leftovers\n|upkeep\n|\n|t:|1700619698\n|switch|p2a: Yveltal|Yveltal|100\/100\n|-ability|p2a: Yveltal|Dark Aura\n|turn|16\n|\n|t:|1700619706\n|-terastallize|p1a: Zygarde|Steel\n|move|p2a: Yveltal|Defog|p1a: Zygarde\n|-unboost|p1a: Zygarde|evasion|1\n|-sideend|p1: Haywado|Stealth Rock|[from] move: Defog|[of] p2a: Yveltal\n|-sideend|p2: Dawniebuns|Stealth Rock|[from] move: Defog|[of] p2a: Yveltal\n|move|p1a: Zygarde|Substitute|p1a: Zygarde\n|-start|p1a: Zygarde|Substitute\n|-damage|p1a: Zygarde|76\/100\n|\n|-heal|p1a: Zygarde|82\/100|[from] item: Leftovers\n|upkeep\n|turn|17\n|\n|t:|1700619718\n|move|p2a: Yveltal|Dark Pulse|p1a: Zygarde\n|-end|p1a: Zygarde|Substitute\n|move|p1a: Zygarde|Coil|p1a: Zygarde\n|-boost|p1a: Zygarde|atk|1\n|-boost|p1a: Zygarde|def|1\n|-boost|p1a: Zygarde|accuracy|1\n|\n|-heal|p1a: Zygarde|88\/100|[from] item: Leftovers\n|upkeep\n|turn|18\n|\n|t:|1700619730\n|move|p2a: Yveltal|Dark Pulse|p1a: Zygarde\n|-damage|p1a: Zygarde|55\/100\n|move|p1a: Zygarde|Substitute|p1a: Zygarde\n|-start|p1a: Zygarde|Substitute\n|-damage|p1a: Zygarde|30\/100\n|\n|-heal|p1a: Zygarde|37\/100|[from] item: Leftovers\n|-activate|p1a: Zygarde|ability: Power Construct\n|detailschange|p1a: Zygarde|Zygarde-Complete, tera:Steel\n|-heal|p1a: Zygarde|59\/100|[silent]\n|upkeep\n|turn|19\n|\n|t:|1700619742\n|move|p2a: Yveltal|Dark Pulse|p1a: Zygarde\n|-end|p1a: Zygarde|Substitute\n|move|p1a: Zygarde|Thousand Arrows|p2a: Yveltal\n|-damage|p2a: Yveltal|55\/100\n|-start|p2a: Yveltal|Smack Down\n|\n|-heal|p1a: Zygarde|66\/100|[from] item: Leftovers\n|upkeep\n|turn|20\n|\n|t:|1700619753\n|move|p2a: Yveltal|Dark Pulse|p1a: Zygarde\n|-damage|p1a: Zygarde|45\/100\n|move|p1a: Zygarde|Thousand Arrows|p2a: Yveltal\n|-damage|p2a: Yveltal|10\/100\n|\n|-heal|p1a: Zygarde|51\/100|[from] item: Leftovers\n|upkeep\n|turn|21\n|\n|t:|1700619763\n|move|p1a: Zygarde|Extreme Speed|p2a: Yveltal\n|-damage|p2a: Yveltal|0 fnt\n|faint|p2a: Yveltal\n|\n|-heal|p1a: Zygarde|57\/100|[from] item: Leftovers\n|upkeep\n|\n|t:|1700619775\n|switch|p2a: Kingambit|Kingambit, M|100\/100\n|turn|22\n|\n|t:|1700619780\n|move|p2a: Kingambit|Poltergeist|p1a: Zygarde\n|-activate|p1a: Zygarde|move: Poltergeist|Leftovers\n|-crit|p1a: Zygarde\n|-damage|p1a: Zygarde|23\/100\n|move|p1a: Zygarde|Substitute|p1a: Zygarde\n|-fail|p1a: Zygarde|move: Substitute|[weak]\n|\n|-heal|p1a: Zygarde|29\/100|[from] item: Leftovers\n|upkeep\n|turn|23\n|\n|t:|1700619794\n|move|p2a: Kingambit|Brick Break|p1a: Zygarde\n|-supereffective|p1a: Zygarde\n|-damage|p1a: Zygarde|14\/100\n|move|p1a: Zygarde|Thousand Arrows|p2a: Kingambit\n|-enditem|p2a: Kingambit|Focus Sash\n|-damage|p2a: Kingambit|1\/100\n|replace|p2a: Zoroark|Zoroark-Hisui, F\n|-end|p2a: Zoroark|Illusion\n|\n|-heal|p1a: Zygarde|20\/100|[from] item: Leftovers\n|upkeep\n|turn|24\n|\n|t:|1700619814\n|move|p2a: Zoroark|Brick Break|p1a: Zygarde\n|-supereffective|p1a: Zygarde\n|-damage|p1a: Zygarde|6\/100\n|move|p1a: Zygarde|Thousand Arrows|p2a: Zoroark\n|-damage|p2a: Zoroark|0 fnt\n|faint|p2a: Zoroark\n|\n|-heal|p1a: Zygarde|13\/100|[from] item: Leftovers\n|upkeep\n|\n|t:|1700619824\n|switch|p2a: Kingambit|Kingambit, M|100\/100\n|turn|25\n|\n|t:|1700619828\n|move|p2a: Kingambit|Sucker Punch||[still]\n|-fail|p2a: Kingambit\n|move|p1a: Zygarde|Substitute|p1a: Zygarde\n|-fail|p1a: Zygarde|move: Substitute|[weak]\n|\n|-heal|p1a: Zygarde|19\/100|[from] item: Leftovers\n|upkeep\n|turn|26\n|\n|t:|1700619843\n|move|p1a: Zygarde|Coil|p1a: Zygarde\n|-boost|p1a: Zygarde|atk|1\n|-boost|p1a: Zygarde|def|1\n|-boost|p1a: Zygarde|accuracy|1\n|move|p2a: Kingambit|Iron Head|p1a: Zygarde\n|-resisted|p1a: Zygarde\n|-damage|p1a: Zygarde|13\/100\n|\n|-heal|p1a: Zygarde|19\/100|[from] item: Leftovers\n|upkeep\n|turn|27\n|\n|t:|1700619853\n|move|p2a: Kingambit|Sucker Punch|p1a: Zygarde\n|-damage|p1a: Zygarde|8\/100\n|move|p1a: Zygarde|Thousand Arrows|p2a: Kingambit\n|-supereffective|p2a: Kingambit\n|-damage|p2a: Kingambit|0 fnt\n|faint|p2a: Kingambit\n|\n|win|Haywado\n|raw|Haywado's rating: 1171 &rarr; <strong>1192<\/strong><br \/>(+21 for winning)\n|raw|Dawniebuns's rating: 1121 &rarr; <strong>1100<\/strong><br \/>(-21 for losing)\n|l|\u2606Dawniebuns\n","uploadtime":1700619878,"views":3,"p1id":"haywado","p2id":"dawniebuns","formatid":"gen9nationaldexubers","rating":1100,"private":0,"password":""}