{"id":"gen9nationaldexubers-1980816838","p1":"Just B3A$T","p2":"Edras16","format":"[Gen 9] National Dex Ubers","log":"|j|\u2606Just B3A$T\n|j|\u2606Edras16\n|t:|1698837909\n|gametype|singles\n|player|p1|Just B3A$T|noland|\n|player|p2|Edras16|steven|\n|teamsize|p1|6\n|teamsize|p2|6\n|gen|9\n|tier|[Gen 9] National Dex Ubers\n|rule|HP Percentage Mod: HP is shown in percentages\n|rule|Endless Battle Clause: Forcing endless battles is banned\n|rule|OHKO Clause: OHKO moves are banned\n|rule|Evasion Moves Clause: Evasion moves are banned\n|rule|Evasion Items Clause: Evasion items are banned\n|rule|Species Clause: Limit one of each Pok\u00e9mon\n|rule|Sleep Clause Mod: Limit one foe put to sleep\n|rule|Mega Rayquaza Clause: You cannot mega evolve Rayquaza\n|clearpoke\n|poke|p1|Iron Valiant|\n|poke|p1|Gholdengo|\n|poke|p1|Sableye, M|\n|poke|p1|Conkeldurr, M|\n|poke|p1|Zapdos|\n|poke|p1|Toxapex, F|\n|poke|p2|Tapu Lele|\n|poke|p2|Deoxys|\n|poke|p2|Ting-Lu|\n|poke|p2|Gardevoir, M|\n|poke|p2|Hatterene, F|\n|poke|p2|Armarouge, M|\n|teampreview\n|inactive|Battle timer is ON: inactive players will automatically lose when time's up. (requested by Just B3A$T)\n|inactive|Edras16 also wants the timer to be on.\n|c|\u2606Just B3A$T|time to see what Deoxys can do\n|c|\u2606Edras16|Glhf\n|c|\u2606Just B3A$T|u2\n|\n|t:|1698837939\n|start\n|switch|p1a: Profit!|Gholdengo|100\/100\n|switch|p2a: Ting-Lu|Ting-Lu|100\/100\n|-item|p1a: Profit!|Air Balloon\n|-ability|p2a: Ting-Lu|Vessel of Ruin\n|turn|1\n|\n|t:|1698837943\n|switch|p1a: bolt beak!!!|Zapdos|100\/100\n|move|p2a: Ting-Lu|Spikes|p1a: bolt beak!!!\n|-sidestart|p1: Just B3A$T|Spikes\n|\n|upkeep\n|turn|2\n|\n|t:|1698837947\n|move|p1a: bolt beak!!!|Hurricane|p2a: Ting-Lu\n|-damage|p2a: Ting-Lu|70\/100\n|-start|p2a: Ting-Lu|confusion\n|-activate|p2a: Ting-Lu|confusion\n|move|p2a: Ting-Lu|Spikes|p1a: bolt beak!!!\n|-sidestart|p1: Just B3A$T|Spikes\n|\n|-heal|p2a: Ting-Lu|76\/100|[from] item: Leftovers\n|upkeep\n|turn|3\n|\n|t:|1698837950\n|move|p1a: bolt beak!!!|Defog|p2a: Ting-Lu\n|-unboost|p2a: Ting-Lu|evasion|1\n|-sideend|p1: Just B3A$T|Spikes|[from] move: Defog|[of] p1a: bolt beak!!!\n|-activate|p2a: Ting-Lu|confusion\n|-damage|p2a: Ting-Lu|72\/100|[from] confusion\n|\n|-heal|p2a: Ting-Lu|78\/100|[from] item: Leftovers\n|upkeep\n|turn|4\n|\n|t:|1698837952\n|move|p1a: bolt beak!!!|Hurricane|p2a: Ting-Lu\n|-damage|p2a: Ting-Lu|47\/100\n|-activate|p2a: Ting-Lu|confusion\n|move|p2a: Ting-Lu|Ruination|p1a: bolt beak!!!\n|-damage|p1a: bolt beak!!!|50\/100\n|\n|-heal|p2a: Ting-Lu|53\/100|[from] item: Leftovers\n|upkeep\n|turn|5\n|\n|t:|1698837958\n|move|p1a: bolt beak!!!|Roost|p1a: bolt beak!!!\n|-heal|p1a: bolt beak!!!|100\/100\n|-singleturn|p1a: bolt beak!!!|move: Roost\n|-activate|p2a: Ting-Lu|confusion\n|-damage|p2a: Ting-Lu|48\/100|[from] confusion\n|\n|-heal|p2a: Ting-Lu|55\/100|[from] item: Leftovers\n|upkeep\n|turn|6\n|\n|t:|1698837962\n|move|p1a: bolt beak!!!|Hurricane|p2a: Ting-Lu\n|-damage|p2a: Ting-Lu|25\/100\n|-end|p2a: Ting-Lu|confusion\n|move|p2a: Ting-Lu|Spikes|p1a: bolt beak!!!\n|-sidestart|p1: Just B3A$T|Spikes\n|\n|-heal|p2a: Ting-Lu|31\/100|[from] item: Leftovers\n|upkeep\n|turn|7\n|\n|t:|1698837965\n|move|p1a: bolt beak!!!|Hurricane|p2a: Ting-Lu\n|-damage|p2a: Ting-Lu|3\/100\n|move|p2a: Ting-Lu|Ruination|p1a: bolt beak!!!\n|-damage|p1a: bolt beak!!!|50\/100\n|\n|-heal|p2a: Ting-Lu|9\/100|[from] item: Leftovers\n|upkeep\n|turn|8\n|\n|t:|1698837969\n|move|p1a: bolt beak!!!|Defog|p2a: Ting-Lu\n|-unboost|p2a: Ting-Lu|evasion|1\n|-sideend|p1: Just B3A$T|Spikes|[from] move: Defog|[of] p1a: bolt beak!!!\n|move|p2a: Ting-Lu|Earthquake|p1a: bolt beak!!!\n|-immune|p1a: bolt beak!!!\n|\n|-heal|p2a: Ting-Lu|15\/100|[from] item: Leftovers\n|upkeep\n|turn|9\n|\n|t:|1698837972\n|move|p1a: bolt beak!!!|Hurricane|p2a: Ting-Lu\n|-damage|p2a: Ting-Lu|0 fnt\n|faint|p2a: Ting-Lu\n|\n|upkeep\n|\n|t:|1698837976\n|switch|p2a: Tapu Lele|Tapu Lele|100\/100\n|-fieldstart|move: Psychic Terrain|[from] ability: Psychic Surge|[of] p2a: Tapu Lele\n|turn|10\n|\n|t:|1698837979\n|move|p2a: Tapu Lele|Future Sight|p1a: bolt beak!!!\n|-start|p2a: Tapu Lele|move: Future Sight\n|move|p1a: bolt beak!!!|Volt Switch|p2a: Tapu Lele\n|-damage|p2a: Tapu Lele|65\/100\n|\n|t:|1698837988\n|switch|p1a: Profit!|Gholdengo|100\/100|[from] Volt Switch\n|-item|p1a: Profit!|Air Balloon\n|\n|upkeep\n|turn|11\n|\n|t:|1698837992\n|switch|p2a: Hatterene|Hatterene, F|100\/100\n|move|p1a: Profit!|Make It Rain|p2a: Hatterene\n|-supereffective|p2a: Hatterene\n|-damage|p2a: Hatterene|0 fnt\n|-unboost|p1a: Profit!|spa|1\n|faint|p2a: Hatterene\n|\n|upkeep\n|\n|t:|1698837996\n|switch|p2a: Deoxys|Deoxys|100\/100\n|-ability|p2a: Deoxys|Pressure\n|turn|12\n|\n|t:|1698838001\n|switch|p1a: Fear|Sableye, M|100\/100\n|move|p2a: Deoxys|Shadow Ball|p1a: Fear\n|-damage|p1a: Fear|28\/100\n|\n|-end|p1a: Fear|move: Future Sight\n|-immune|p1a: Fear\n|upkeep\n|turn|13\n|\n|t:|1698838006\n|move|p1a: Fear|Thunder Wave|p2a: Deoxys\n|-activate|p2a: Deoxys|move: Psychic Terrain\n|move|p2a: Deoxys|Shadow Ball|p1a: Fear\n|-crit|p1a: Fear\n|-damage|p1a: Fear|0 fnt\n|faint|p1a: Fear\n|\n|upkeep\n|c|\u2606Just B3A$T|right\n|c|\u2606Edras16|Nuh uh\n|\n|t:|1698838020\n|switch|p1a: pest|Toxapex, F|100\/100\n|turn|14\n|\n|t:|1698838026\n|switch|p2a: Gardevoir|Gardevoir, M|100\/100\n|-terastallize|p1a: pest|Dark\n|move|p1a: pest|Knock Off|p2a: Gardevoir\n|-damage|p2a: Gardevoir|72\/100\n|\n|-damage|p1a: pest|88\/100|[from] item: Black Sludge\n|upkeep\n|turn|15\n|\n|t:|1698838030\n|switch|p1a: bolt beak!!!|Zapdos|50\/100\n|detailschange|p2a: Gardevoir|Gardevoir-Mega, M\n|-mega|p2a: Gardevoir|Gardevoir|Gardevoirite\n|move|p2a: Gardevoir|Psyshock|p1a: bolt beak!!!\n|-damage|p1a: bolt beak!!!|0 fnt\n|faint|p1a: bolt beak!!!\n|\n|upkeep\n|\n|t:|1698838033\n|switch|p1a: Profit!|Gholdengo|100\/100\n|-item|p1a: Profit!|Air Balloon\n|turn|16\n|c|\u2606Edras16|Hey i banned tera\n|c|\u2606Edras16|Whatever\n|c|\u2606Edras16|Its fine\n|c|\u2606Just B3A$T|you did?\n|\n|t:|1698838048\n|switch|p2a: Tapu Lele|Tapu Lele|65\/100\n|move|p1a: Profit!|Make It Rain|p2a: Tapu Lele\n|-supereffective|p2a: Tapu Lele\n|-damage|p2a: Tapu Lele|0 fnt\n|-unboost|p1a: Profit!|spa|1\n|faint|p2a: Tapu Lele\n|\n|upkeep\n|\n|t:|1698838052\n|switch|p2a: Armarouge|Armarouge, M|100\/100\n|turn|17\n|c|\u2606Edras16|Yeah\n|c|\u2606Just B3A$T|bruh\n|c|\u2606Edras16|All good\n|c|\u2606Just B3A$T|I don't keep up with the changes\n|c|\u2606Edras16|Lets keep going\n|inactive|Just B3A$T has 270 seconds left.\n|c|\u2606Just B3A$T|sure\n|\n|t:|1698838086\n|switch|p1a: pest|Toxapex, F, tera:Dark|100\/100\n|move|p2a: Armarouge|Calm Mind|p2a: Armarouge\n|-boost|p2a: Armarouge|spa|1\n|-boost|p2a: Armarouge|spd|1\n|\n|-damage|p1a: pest|88\/100|[from] item: Black Sludge\n|-fieldend|move: Psychic Terrain\n|upkeep\n|turn|18\n|\n|t:|1698838090\n|move|p2a: Armarouge|Calm Mind|p2a: Armarouge\n|-boost|p2a: Armarouge|spa|1\n|-boost|p2a: Armarouge|spd|1\n|move|p1a: pest|Knock Off|p2a: Armarouge\n|-supereffective|p2a: Armarouge\n|-damage|p2a: Armarouge|45\/100\n|-ability|p2a: Armarouge|Weak Armor|boost\n|-unboost|p2a: Armarouge|def|1\n|-boost|p2a: Armarouge|spe|2\n|-enditem|p2a: Armarouge|Focus Sash|[from] move: Knock Off|[of] p1a: pest\n|\n|-damage|p1a: pest|75\/100|[from] item: Black Sludge\n|upkeep\n|turn|19\n|\n|t:|1698838095\n|move|p2a: Armarouge|Armor Cannon|p1a: pest\n|-damage|p1a: pest|0 fnt\n|-unboost|p2a: Armarouge|def|1\n|-unboost|p2a: Armarouge|spd|1\n|faint|p1a: pest\n|\n|upkeep\n|\n|t:|1698838105\n|switch|p1a: Iron Pride Icon|Iron Valiant, shiny|100\/100\n|-enditem|p1a: Iron Pride Icon|Booster Energy\n|-activate|p1a: Iron Pride Icon|ability: Quark Drive|[fromitem]\n|-start|p1a: Iron Pride Icon|quarkdrivespe\n|turn|20\n|\n|t:|1698838109\n|move|p1a: Iron Pride Icon|Moonblast|p2a: Armarouge\n|-resisted|p2a: Armarouge\n|-damage|p2a: Armarouge|26\/100\n|move|p2a: Armarouge|Armor Cannon|p1a: Iron Pride Icon\n|-damage|p1a: Iron Pride Icon|0 fnt\n|-unboost|p2a: Armarouge|def|1\n|-unboost|p2a: Armarouge|spd|1\n|faint|p1a: Iron Pride Icon\n|-end|p1a: Iron Pride Icon|Quark Drive|[silent]\n|\n|upkeep\n|c|\u2606Just B3A$T|I keep forgetting\n|c|\u2606Just B3A$T|that\n|c|\u2606Just B3A$T|Fire resists\n|\n|t:|1698838132\n|switch|p1a: Test Your Might!|Conkeldurr, M|100\/100\n|turn|21\n|\n|t:|1698838141\n|move|p1a: Test Your Might!|Mach Punch|p2a: Armarouge\n|-resisted|p2a: Armarouge\n|-damage|p2a: Armarouge|0 fnt\n|faint|p2a: Armarouge\n|\n|upkeep\n|\n|t:|1698838150\n|switch|p2a: Gardevoir|Gardevoir-Mega, M|72\/100\n|turn|22\n|\n|t:|1698838155\n|move|p1a: Test Your Might!|Mach Punch|p2a: Gardevoir\n|-resisted|p2a: Gardevoir\n|-damage|p2a: Gardevoir|59\/100\n|move|p2a: Gardevoir|Mystical Fire|p1a: Test Your Might!\n|-crit|p1a: Test Your Might!\n|-damage|p1a: Test Your Might!|67\/100\n|-unboost|p1a: Test Your Might!|spa|1\n|\n|upkeep\n|turn|23\n|\n|t:|1698838162\n|move|p2a: Gardevoir|Hyper Voice|p1a: Test Your Might!\n|-supereffective|p1a: Test Your Might!\n|-damage|p1a: Test Your Might!|0 fnt\n|faint|p1a: Test Your Might!\n|\n|upkeep\n|\n|t:|1698838165\n|switch|p1a: Profit!|Gholdengo|100\/100\n|-item|p1a: Profit!|Air Balloon\n|turn|24\n|\n|t:|1698838171\n|move|p2a: Gardevoir|Mystical Fire|p1a: Profit!\n|-supereffective|p1a: Profit!\n|-damage|p1a: Profit!|42\/100\n|-unboost|p1a: Profit!|spa|1\n|-enditem|p1a: Profit!|Air Balloon\n|move|p1a: Profit!|Nasty Plot|p1a: Profit!\n|-boost|p1a: Profit!|spa|2\n|\n|upkeep\n|turn|25\n|\n|t:|1698838176\n|move|p2a: Gardevoir|Mystical Fire|p1a: Profit!\n|-supereffective|p1a: Profit!\n|-damage|p1a: Profit!|0 fnt\n|faint|p1a: Profit!\n|\n|win|Edras16\n|c|\u2606Just B3A$T|crap\n|c|\u2606Just B3A$T|gg\n|c|\u2606Just B3A$T|the Deoxys did nothing\n|c|\u2606Just B3A$T|whoa\n","uploadtime":1698838234,"views":8,"p1id":"justb3at","p2id":"edras16","formatid":"gen9nationaldexubers","rating":0,"private":0,"password":""}