{"id":"gen9nationaldexubers-1978969725","p1":"king7025","p2":"Bakitaladelbarrio","format":"[Gen 9] National Dex Ubers","log":"|j|\u2606king7025\n|j|\u2606Bakitaladelbarrio\n|t:|1698615941\n|gametype|singles\n|player|p1|king7025|veteran|1249\n|player|p2|Bakitaladelbarrio|blue|1370\n|teamsize|p1|6\n|teamsize|p2|6\n|gen|9\n|tier|[Gen 9] National Dex Ubers\n|rated|\n|rule|HP Percentage Mod: HP is shown in percentages\n|rule|Endless Battle Clause: Forcing endless battles is banned\n|rule|OHKO Clause: OHKO moves are banned\n|rule|Evasion Moves Clause: Evasion moves are banned\n|rule|Evasion Items Clause: Evasion items are banned\n|rule|Species Clause: Limit one of each Pok\u00e9mon\n|rule|Sleep Clause Mod: Limit one foe put to sleep\n|rule|Mega Rayquaza Clause: You cannot mega evolve Rayquaza\n|clearpoke\n|poke|p1|Komala, F|\n|poke|p1|Nihilego|\n|poke|p1|Marshadow|\n|poke|p1|Ditto|\n|poke|p1|Calyrex-Ice|\n|poke|p1|Melmetal|\n|poke|p2|Hatterene, F|\n|poke|p2|Melmetal|\n|poke|p2|Necrozma-Dawn-Wings|\n|poke|p2|Iron Hands|\n|poke|p2|Magearna|\n|poke|p2|Calyrex-Ice|\n|teampreview\n|inactive|Battle timer is ON: inactive players will automatically lose when time's up. (requested by Bakitaladelbarrio)\n|\n|t:|1698615955\n|start\n|switch|p1a: Calyrex|Calyrex-Ice|100\/100\n|switch|p2a: Melmetal|Melmetal|100\/100\n|-ability|p1a: Calyrex|As One\n|-ability|p1a: Calyrex|Unnerve\n|turn|1\n|\n|t:|1698615966\n|-terastallize|p2a: Melmetal|Steel\n|move|p1a: Calyrex|Glacial Lance|p2a: Melmetal\n|-resisted|p2a: Melmetal\n|-damage|p2a: Melmetal|70\/100\n|-damage|p1a: Calyrex|91\/100|[from] item: Life Orb\n|move|p2a: Melmetal|Double Iron Bash|p1a: Calyrex\n|-supereffective|p1a: Calyrex\n|-damage|p1a: Calyrex|0 fnt\n|faint|p1a: Calyrex\n|-hitcount|p1: Calyrex|1\n|\n|upkeep\n|\n|t:|1698615985\n|switch|p1a: Melmetal|Melmetal|100\/100\n|turn|2\n|\n|t:|1698615990\n|switch|p2a: Iron Hands|Iron Hands|100\/100\n|-enditem|p2a: Iron Hands|Booster Energy\n|-activate|p2a: Iron Hands|ability: Quark Drive|[fromitem]\n|-start|p2a: Iron Hands|quarkdriveatk\n|move|p1a: Melmetal|Earthquake|p2a: Iron Hands\n|-supereffective|p2a: Iron Hands\n|-damage|p2a: Iron Hands|28\/100\n|\n|upkeep\n|turn|3\n|\n|t:|1698616002\n|-terastallize|p1a: Melmetal|Grass\n|move|p1a: Melmetal|Earthquake|p2a: Iron Hands\n|-supereffective|p2a: Iron Hands\n|-damage|p2a: Iron Hands|0 fnt\n|faint|p2a: Iron Hands\n|-end|p2a: Iron Hands|Quark Drive|[silent]\n|\n|upkeep\n|\n|t:|1698616010\n|switch|p2a: Necrozma|Necrozma-Dawn-Wings|100\/100\n|turn|4\n|\n|t:|1698616015\n|move|p2a: Necrozma|Heat Wave|p1a: Melmetal\n|-supereffective|p1a: Melmetal\n|-damage|p1a: Melmetal|11\/100\n|-status|p1a: Melmetal|brn\n|move|p1a: Melmetal|Earthquake|p2a: Necrozma\n|-damage|p2a: Necrozma|76\/100\n|\n|-damage|p1a: Melmetal|5\/100 brn|[from] brn\n|upkeep\n|turn|5\n|\n|t:|1698616026\n|move|p1a: Melmetal|Earthquake|p2a: Necrozma\n|-damage|p2a: Necrozma|54\/100\n|move|p2a: Necrozma|Trick Room|p2a: Necrozma\n|-fieldstart|move: Trick Room|[of] p2a: Necrozma\n|\n|-damage|p1a: Melmetal|0 fnt|[from] brn\n|faint|p1a: Melmetal\n|upkeep\n|inactive|king7025 has 120 seconds left.\n|\n|t:|1698616067\n|switch|p1a: Nihilego|Nihilego|100\/100\n|turn|6\n|\n|t:|1698616073\n|move|p2a: Necrozma|Moongeist Beam|p1a: Nihilego\n|-damage|p1a: Nihilego|54\/100\n|move|p1a: Nihilego|Meteor Beam||[still]\n|-prepare|p1a: Nihilego|Meteor Beam\n|-boost|p1a: Nihilego|spa|1\n|-enditem|p1a: Nihilego|Power Herb\n|-anim|p1a: Nihilego|Meteor Beam|p2a: Necrozma\n|-crit|p2a: Necrozma\n|-damage|p2a: Necrozma|0 fnt\n|faint|p2a: Necrozma\n|-ability|p1a: Nihilego|Beast Boost|boost\n|-boost|p1a: Nihilego|spa|1\n|\n|upkeep\n|\n|t:|1698616086\n|switch|p2a: Melmetal|Melmetal, tera:Steel|70\/100\n|turn|7\n|\n|t:|1698616091\n|move|p2a: Melmetal|Double Iron Bash|p1a: Nihilego\n|-supereffective|p1a: Nihilego\n|-crit|p1a: Nihilego\n|-damage|p1a: Nihilego|0 fnt\n|faint|p1a: Nihilego\n|-hitcount|p1: Nihilego|1\n|\n|upkeep\n|\n|t:|1698616098\n|switch|p1a: Marshadow|Marshadow|100\/100\n|turn|8\n|\n|t:|1698616104\n|move|p2a: Melmetal|Double Iron Bash|p1a: Marshadow\n|-enditem|p1a: Marshadow|Focus Sash\n|-damage|p1a: Marshadow|1\/100\n|-damage|p1a: Marshadow|0 fnt\n|faint|p1a: Marshadow\n|-hitcount|p1: Marshadow|2\n|\n|upkeep\n|\n|t:|1698616113\n|switch|p1a: Komala|Komala, F|100\/100\n|-ability|p1a: Komala|Comatose\n|turn|9\n|\n|t:|1698616123\n|move|p2a: Melmetal|Double Iron Bash|p1a: Komala\n|-damage|p1a: Komala|0 fnt\n|faint|p1a: Komala\n|-hitcount|p1: Komala|1\n|\n|-fieldend|move: Trick Room\n|upkeep\n|\n|t:|1698616129\n|switch|p1a: Ditto|Ditto, shiny|100\/100\n|-transform|p1a: Ditto|p2a: Melmetal|[from] ability: Imposter\n|turn|10\n|\n|t:|1698616137\n|move|p1a: Ditto|Superpower|p2a: Melmetal\n|-supereffective|p2a: Melmetal\n|-damage|p2a: Melmetal|14\/100\n|-unboost|p1a: Ditto|atk|1\n|-unboost|p1a: Ditto|def|1\n|move|p2a: Melmetal|Double Iron Bash|p1a: Ditto\n|-resisted|p1a: Ditto\n|-damage|p1a: Ditto|47\/100\n|-resisted|p1a: Ditto\n|-damage|p1a: Ditto|0 fnt\n|faint|p1a: Ditto\n|-hitcount|p1: Ditto|2\n|\n|win|Bakitaladelbarrio\n|raw|king7025's rating: 1249 &rarr; <strong>1232<\/strong><br \/>(-17 for losing)\n|raw|Bakitaladelbarrio's rating: 1370 &rarr; <strong>1383<\/strong><br \/>(+13 for winning)\n|l|\u2606king7025\n","uploadtime":1698616155,"views":10,"p1id":"king7025","p2id":"bakitaladelbarrio","formatid":"gen9nationaldexubers","rating":1232,"private":0,"password":""}