{"id":"gen9nationaldexubers-1983016617","p1":"D. Lawrenzz","p2":"ANinjaDude","format":"[Gen 9] National Dex Ubers","log":"|j|\u2606D. Lawrenzz\n|j|\u2606ANinjaDude\n|t:|1699070447\n|gametype|singles\n|player|p1|D. Lawrenzz|blue-masters|\n|player|p2|ANinjaDude|volkner|\n|teamsize|p1|6\n|teamsize|p2|6\n|gen|9\n|tier|[Gen 9] National Dex Ubers\n|rule|HP Percentage Mod: HP is shown in percentages\n|rule|Endless Battle Clause: Forcing endless battles is banned\n|rule|OHKO Clause: OHKO moves are banned\n|rule|Evasion Moves Clause: Evasion moves are banned\n|rule|Evasion Items Clause: Evasion items are banned\n|rule|Species Clause: Limit one of each Pok\u00e9mon\n|rule|Sleep Clause Mod: Limit one foe put to sleep\n|rule|Mega Rayquaza Clause: You cannot mega evolve Rayquaza\n|clearpoke\n|poke|p1|Ribombee, F|\n|poke|p1|Lopunny, M|\n|poke|p1|Great Tusk|\n|poke|p1|Ogerpon-Wellspring, F|\n|poke|p1|Bisharp, F|\n|poke|p1|Iron Moth|\n|poke|p2|Landorus-Therian, M|\n|poke|p2|Celesteela|\n|poke|p2|Thundurus-Therian, M|\n|poke|p2|Dragonite, M|\n|poke|p2|Shaymin-Sky|\n|poke|p2|Lopunny, F|\n|teampreview\n|inactive|Battle timer is ON: inactive players will automatically lose when time's up. (requested by ANinjaDude)\n|inactive|D. Lawrenzz also wants the timer to be on.\n|c|\u2606ANinjaDude|glhf\n|inactive|D. Lawrenzz has 270 seconds left.\n|c|\u2606D. Lawrenzz|hf\n|\n|t:|1699070493\n|start\n|switch|p1a: Lopunny|Lopunny, M|100\/100\n|switch|p2a: Landorus|Landorus-Therian, M|100\/100\n|-ability|p2a: Landorus|Intimidate|boost\n|-unboost|p1a: Lopunny|atk|1\n|turn|1\n|\n|t:|1699070500\n|switch|p2a: Celesteela|Celesteela|100\/100\n|detailschange|p1a: Lopunny|Lopunny-Mega, M\n|-mega|p1a: Lopunny|Lopunny|Lopunnite\n|move|p1a: Lopunny|Fake Out|p2a: Celesteela\n|-resisted|p2a: Celesteela\n|-damage|p2a: Celesteela|92\/100\n|\n|upkeep\n|turn|2\n|\n|t:|1699070508\n|move|p1a: Lopunny|High Jump Kick|p2a: Celesteela\n|-damage|p2a: Celesteela|37\/100\n|move|p2a: Celesteela|Autotomize|p2a: Celesteela\n|-boost|p2a: Celesteela|spe|2\n|-start|p2a: Celesteela|Autotomize\n|\n|upkeep\n|turn|3\n|\n|t:|1699070519\n|switch|p1a: Bisharp|Bisharp, F|100\/100\n|move|p2a: Celesteela|Air Slash|p1a: Bisharp\n|-resisted|p1a: Bisharp\n|-damage|p1a: Bisharp|86\/100\n|\n|upkeep\n|turn|4\n|c|\u2606ANinjaDude|well that did nothing\n|c|\u2606ANinjaDude|unfortunate\n|\n|t:|1699070548\n|move|p2a: Celesteela|Fire Blast|p1a: Bisharp\n|-supereffective|p1a: Bisharp\n|-damage|p1a: Bisharp|28\/100\n|move|p1a: Bisharp|Knock Off|p2a: Celesteela\n|-damage|p2a: Celesteela|0 fnt\n|-enditem|p2a: Celesteela|Power Herb|[from] move: Knock Off|[of] p1a: Bisharp\n|faint|p2a: Celesteela\n|\n|upkeep\n|\n|t:|1699070555\n|switch|p2a: Landorus|Landorus-Therian, M|100\/100\n|-ability|p2a: Landorus|Intimidate|boost\n|-unboost|p1a: Bisharp|atk|1\n|-ability|p1a: Bisharp|Defiant|boost\n|-boost|p1a: Bisharp|atk|2\n|turn|5\n|\n|t:|1699070567\n|move|p1a: Bisharp|Sucker Punch|p2a: Landorus\n|-damage|p2a: Landorus|30\/100\n|move|p2a: Landorus|Earthquake|p1a: Bisharp\n|-supereffective|p1a: Bisharp\n|-crit|p1a: Bisharp\n|-damage|p1a: Bisharp|0 fnt\n|faint|p1a: Bisharp\n|\n|upkeep\n|\n|t:|1699070572\n|switch|p1a: Lopunny|Lopunny-Mega, M|100\/100\n|turn|6\n|\n|t:|1699070586\n|move|p1a: Lopunny|Fake Out|p2a: Landorus\n|-damage|p2a: Landorus|0 fnt\n|faint|p2a: Landorus\n|\n|upkeep\n|\n|t:|1699070590\n|switch|p2a: Lopunny|Lopunny, F|100\/100\n|turn|7\n|\n|t:|1699070596\n|detailschange|p2a: Lopunny|Lopunny-Mega, F\n|-mega|p2a: Lopunny|Lopunny|Lopunnite\n|move|p2a: Lopunny|Fake Out|p1a: Lopunny\n|-damage|p1a: Lopunny|71\/100\n|cant|p1a: Lopunny|flinch\n|\n|upkeep\n|turn|8\n|\n|t:|1699070606\n|move|p2a: Lopunny|Close Combat|p1a: Lopunny\n|-supereffective|p1a: Lopunny\n|-damage|p1a: Lopunny|0 fnt\n|-unboost|p2a: Lopunny|def|1\n|-unboost|p2a: Lopunny|spd|1\n|faint|p1a: Lopunny\n|\n|upkeep\n|c|\u2606ANinjaDude|were you adamant?\n|\n|t:|1699070617\n|switch|p1a: Ogerpon|Ogerpon-Wellspring, F|100\/100\n|turn|9\n|\n|t:|1699070623\n|move|p2a: Lopunny|Close Combat|p1a: Ogerpon\n|-damage|p1a: Ogerpon|19\/100\n|-unboost|p2a: Lopunny|def|1\n|-unboost|p2a: Lopunny|spd|1\n|move|p1a: Ogerpon|Ivy Cudgel|p2a: Lopunny\n|-damage|p2a: Lopunny|0 fnt\n|faint|p2a: Lopunny\n|\n|upkeep\n|\n|t:|1699070627\n|switch|p2a: Shaymin|Shaymin-Sky|100\/100\n|turn|10\n|c|\u2606D. Lawrenzz|i forgot to change to jolly again..\n|\n|t:|1699070644\n|move|p2a: Shaymin|Air Slash|p1a: Ogerpon\n|-supereffective|p1a: Ogerpon\n|-damage|p1a: Ogerpon|0 fnt\n|faint|p1a: Ogerpon\n|\n|upkeep\n|\n|t:|1699070647\n|switch|p1a: Ribombee|Ribombee, F|100\/100\n|turn|11\n|c|\u2606ANinjaDude|bruh\n|c|\u2606ANinjaDude|go change it right now young man\n|\n|t:|1699070660\n|move|p2a: Shaymin|Air Slash|p1a: Ribombee\n|-supereffective|p1a: Ribombee\n|-damage|p1a: Ribombee|0 fnt\n|faint|p1a: Ribombee\n|\n|upkeep\n|\n|t:|1699070687\n|switch|p1a: Great Tusk|Great Tusk|100\/100\n|turn|12\n|\n|t:|1699070701\n|-terastallize|p1a: Great Tusk|Ground\n|move|p2a: Shaymin|Air Slash|p1a: Great Tusk\n|-damage|p1a: Great Tusk|75\/100\n|move|p1a: Great Tusk|Ice Spinner|p2a: Shaymin\n|-supereffective|p2a: Shaymin\n|-damage|p2a: Shaymin|0 fnt\n|faint|p2a: Shaymin\n|\n|upkeep\n|\n|t:|1699070706\n|switch|p2a: Thundurus|Thundurus-Therian, M|100\/100\n|turn|13\n|\n|t:|1699070719\n|-terastallize|p2a: Thundurus|Ice\n|move|p2a: Thundurus|Substitute|p2a: Thundurus\n|-start|p2a: Thundurus|Substitute\n|-damage|p2a: Thundurus|76\/100\n|move|p1a: Great Tusk|Rapid Spin|p2a: Thundurus\n|-end|p2a: Thundurus|Substitute\n|-boost|p1a: Great Tusk|spe|1\n|\n|upkeep\n|turn|14\n|c|\u2606ANinjaDude|you swap to covert cloak on tusk?\n|\n|t:|1699070732\n|move|p2a: Thundurus|Tera Blast|p1a: Great Tusk|[anim] Tera Blast Ice\n|-supereffective|p1a: Great Tusk\n|-damage|p1a: Great Tusk|10\/100\n|move|p1a: Great Tusk|Close Combat|p2a: Thundurus\n|-supereffective|p2a: Thundurus\n|-damage|p2a: Thundurus|0 fnt\n|-unboost|p1a: Great Tusk|def|1\n|-unboost|p1a: Great Tusk|spd|1\n|faint|p2a: Thundurus\n|\n|upkeep\n|\n|t:|1699070736\n|switch|p2a: Dragonite|Dragonite, M|100\/100\n|turn|15\n|c|\u2606D. Lawrenzz|nuh uh\n|\n|t:|1699070743\n|move|p1a: Great Tusk|Close Combat|p2a: Dragonite\n|-resisted|p2a: Dragonite\n|-damage|p2a: Dragonite|82\/100\n|-unboost|p1a: Great Tusk|def|1\n|-unboost|p1a: Great Tusk|spd|1\n|move|p2a: Dragonite|Dragon Dance|p2a: Dragonite\n|-boost|p2a: Dragonite|atk|1\n|-boost|p2a: Dragonite|spe|1\n|\n|upkeep\n|turn|16\n|\n|t:|1699070746\n|move|p2a: Dragonite|Extreme Speed|p1a: Great Tusk\n|-damage|p1a: Great Tusk|0 fnt\n|faint|p1a: Great Tusk\n|-end|p1a: Great Tusk|Protosynthesis|[silent]\n|\n|upkeep\n|\n|t:|1699070748\n|switch|p1a: Iron Moth|Iron Moth|100\/100\n|-enditem|p1a: Iron Moth|Booster Energy\n|-activate|p1a: Iron Moth|ability: Quark Drive|[fromitem]\n|-start|p1a: Iron Moth|quarkdrivespa\n|turn|17\n|\n|t:|1699070753\n|move|p2a: Dragonite|Earthquake|p1a: Iron Moth\n|-supereffective|p1a: Iron Moth\n|-damage|p1a: Iron Moth|0 fnt\n|faint|p1a: Iron Moth\n|-end|p1a: Iron Moth|Quark Drive|[silent]\n|\n|win|ANinjaDude\n|c|\u2606ANinjaDude|ggs\n","uploadtime":1699070758,"views":9,"p1id":"dlawrenzz","p2id":"aninjadude","formatid":"gen9nationaldexubers","rating":0,"private":0,"password":""}