{"id":"gen9nationaldexubers-1989413882","p1":"satoshikuso","p2":"David uwu35","format":"[Gen 9] National Dex Ubers","log":"|j|\u2606satoshikuso\n|j|\u2606David uwu35\n|t:|1699847115\n|gametype|singles\n|player|p1|satoshikuso|red|1120\n|player|p2|David uwu35|shadowtriad|1129\n|teamsize|p1|6\n|teamsize|p2|6\n|gen|9\n|tier|[Gen 9] National Dex Ubers\n|rated|\n|rule|HP Percentage Mod: HP is shown in percentages\n|rule|Endless Battle Clause: Forcing endless battles is banned\n|rule|OHKO Clause: OHKO moves are banned\n|rule|Evasion Moves Clause: Evasion moves are banned\n|rule|Evasion Items Clause: Evasion items are banned\n|rule|Species Clause: Limit one of each Pok\u00e9mon\n|rule|Sleep Clause Mod: Limit one foe put to sleep\n|rule|Mega Rayquaza Clause: You cannot mega evolve Rayquaza\n|clearpoke\n|poke|p1|Dragonite, M|\n|poke|p1|Greninja-*, M|\n|poke|p1|Lucario, M|\n|poke|p1|Torterra, M|\n|poke|p1|Cinderace, F|\n|poke|p1|Noivern, M|\n|poke|p2|Gholdengo|\n|poke|p2|Dondozo, M|\n|poke|p2|Sableye, F|\n|poke|p2|Chien-Pao|\n|poke|p2|Ursaluna-Bloodmoon, M|\n|poke|p2|Iron Valiant|\n|teampreview\n|\n|t:|1699847119\n|start\n|switch|p1a: Cinderace|Cinderace, F|100\/100\n|switch|p2a: Iron Valiant|Iron Valiant|100\/100\n|-enditem|p2a: Iron Valiant|Booster Energy\n|-activate|p2a: Iron Valiant|ability: Quark Drive|[fromitem]\n|-start|p2a: Iron Valiant|quarkdrivespe\n|turn|1\n|inactive|Battle timer is ON: inactive players will automatically lose when time's up. (requested by satoshikuso)\n|\n|t:|1699847132\n|move|p2a: Iron Valiant|Hypnosis|p1a: Cinderace|[miss]\n|-miss|p2a: Iron Valiant|p1a: Cinderace\n|move|p1a: Cinderace|Trailblaze|p2a: Iron Valiant\n|-start|p1a: Cinderace|typechange|Grass|[from] ability: Libero\n|-damage|p2a: Iron Valiant|78\/100\n|-boost|p1a: Cinderace|spe|1\n|\n|upkeep\n|turn|2\n|\n|t:|1699847144\n|move|p1a: Cinderace|Sucker Punch||[still]\n|-fail|p1a: Cinderace\n|move|p2a: Iron Valiant|Hypnosis|p1a: Cinderace\n|-status|p1a: Cinderace|slp|[from] move: Hypnosis\n|\n|upkeep\n|turn|3\n|\n|t:|1699847152\n|cant|p1a: Cinderace|slp\n|move|p2a: Iron Valiant|Calm Mind|p2a: Iron Valiant\n|-boost|p2a: Iron Valiant|spa|1\n|-boost|p2a: Iron Valiant|spd|1\n|\n|upkeep\n|turn|4\n|\n|t:|1699847160\n|cant|p1a: Cinderace|slp\n|move|p2a: Iron Valiant|Calm Mind|p2a: Iron Valiant\n|-boost|p2a: Iron Valiant|spa|1\n|-boost|p2a: Iron Valiant|spd|1\n|\n|upkeep\n|turn|5\n|\n|t:|1699847172\n|cant|p1a: Cinderace|slp\n|move|p2a: Iron Valiant|Moonblast|p1a: Cinderace\n|-damage|p1a: Cinderace|0 fnt\n|faint|p1a: Cinderace\n|\n|upkeep\n|\n|t:|1699847177\n|switch|p1a: George floyd|Dragonite, M|100\/100\n|turn|6\n|\n|t:|1699847200\n|move|p2a: Iron Valiant|Calm Mind|p2a: Iron Valiant\n|-boost|p2a: Iron Valiant|spa|1\n|-boost|p2a: Iron Valiant|spd|1\n|move|p1a: George floyd|Dragon Dance|p1a: George floyd\n|-boost|p1a: George floyd|atk|1\n|-boost|p1a: George floyd|spe|1\n|\n|upkeep\n|turn|7\n|\n|t:|1699847219\n|move|p1a: George floyd|Extreme Speed|p2a: Iron Valiant\n|-damage|p2a: Iron Valiant|32\/100\n|move|p2a: Iron Valiant|Moonblast|p1a: George floyd\n|-supereffective|p1a: George floyd\n|-damage|p1a: George floyd|0 fnt\n|faint|p1a: George floyd\n|\n|upkeep\n|\n|t:|1699847226\n|switch|p1a: Mandragora|Torterra, M|100\/100\n|turn|8\n|\n|t:|1699847239\n|move|p2a: Iron Valiant|Hypnosis|p1a: Mandragora\n|-status|p1a: Mandragora|slp|[from] move: Hypnosis\n|cant|p1a: Mandragora|slp\n|\n|upkeep\n|turn|9\n|\n|t:|1699847246\n|move|p2a: Iron Valiant|Calm Mind|p2a: Iron Valiant\n|-boost|p2a: Iron Valiant|spa|1\n|-boost|p2a: Iron Valiant|spd|1\n|cant|p1a: Mandragora|slp\n|\n|upkeep\n|turn|10\n|\n|t:|1699847252\n|move|p2a: Iron Valiant|Moonblast|p1a: Mandragora\n|-damage|p1a: Mandragora|0 fnt\n|faint|p1a: Mandragora\n|\n|upkeep\n|\n|t:|1699847258\n|switch|p1a: PENl5 disorder|Lucario, M|100\/100\n|turn|11\n|\n|t:|1699847263\n|detailschange|p1a: PENl5 disorder|Lucario-Mega, M\n|-mega|p1a: PENl5 disorder|Lucario|Lucarionite\n|move|p2a: Iron Valiant|Aura Sphere|p1a: PENl5 disorder\n|-supereffective|p1a: PENl5 disorder\n|-damage|p1a: PENl5 disorder|0 fnt\n|faint|p1a: PENl5 disorder\n|\n|upkeep\n|-message|satoshikuso forfeited.\n|\n|win|David uwu35\n|raw|satoshikuso's rating: 1120 &rarr; <strong>1093<\/strong><br \/>(-27 for losing)\n|raw|David uwu35's rating: 1097 &rarr; <strong>1124<\/strong><br \/>(+27 for winning)\n|l|\u2606satoshikuso\n","uploadtime":1699847277,"views":9,"p1id":"satoshikuso","p2id":"daviduwu35","formatid":"gen9nationaldexubers","rating":1093,"private":0,"password":""}