{"id":"gen9nationaldexubers-1980462666","p1":"Stallsun9U","p2":"KurumiTokisakilove","format":"[Gen 9] National Dex Ubers","log":"|j|\u2606Stallsun9U\n|j|\u2606KurumiTokisakilove\n|t:|1698787221\n|gametype|singles\n|player|p1|Stallsun9U|veteran|1696\n|player|p2|KurumiTokisakilove|sabrina-gen2|1945\n|teamsize|p1|6\n|teamsize|p2|6\n|gen|9\n|tier|[Gen 9] National Dex Ubers\n|rated|\n|rule|HP Percentage Mod: HP is shown in percentages\n|rule|Endless Battle Clause: Forcing endless battles is banned\n|rule|OHKO Clause: OHKO moves are banned\n|rule|Evasion Moves Clause: Evasion moves are banned\n|rule|Evasion Items Clause: Evasion items are banned\n|rule|Species Clause: Limit one of each Pok\u00e9mon\n|rule|Sleep Clause Mod: Limit one foe put to sleep\n|rule|Mega Rayquaza Clause: You cannot mega evolve Rayquaza\n|clearpoke\n|poke|p1|Deoxys-Speed|\n|poke|p1|Xerneas-*|\n|poke|p1|Kyurem-Black|\n|poke|p1|Arceus|\n|poke|p1|Groudon|\n|poke|p1|Necrozma-Dusk-Mane|\n|poke|p2|Giratina-Origin|\n|poke|p2|Kingambit, F|\n|poke|p2|Arceus-Water|\n|poke|p2|Ditto|\n|poke|p2|Magearna|\n|poke|p2|Groudon|\n|teampreview\n|inactive|Battle timer is ON: inactive players will automatically lose when time's up. (requested by Stallsun9U)\n|inactive|KurumiTokisakilove also wants the timer to be on.\n|\n|t:|1698787230\n|start\n|switch|p1a: Deoxys|Deoxys-Speed|100\/100\n|switch|p2a: Groudon|Groudon|100\/100\n|-ability|p1a: Deoxys|Pressure\n|detailschange|p2a: Groudon|Groudon-Primal\n|-primal|p2a: Groudon|Red Orb\n|-weather|DesolateLand|[from] ability: Desolate Land|[of] p2a: Groudon\n|turn|1\n|c|\u2606Stallsun9U|Glhf\n|\n|t:|1698787256\n|move|p1a: Deoxys|Taunt|p2a: Groudon\n|-start|p2a: Groudon|move: Taunt\n|move|p2a: Groudon|Heat Crash|p1a: Deoxys\n|-enditem|p1a: Deoxys|Focus Sash\n|-damage|p1a: Deoxys|1\/100\n|\n|-weather|DesolateLand|[upkeep]\n|upkeep\n|turn|2\n|c|\u2606KurumiTokisakilove|U2\n|\n|t:|1698787265\n|move|p1a: Deoxys|Stealth Rock|p2a: Groudon\n|-sidestart|p2: KurumiTokisakilove|move: Stealth Rock\n|move|p2a: Groudon|Heat Crash|p1a: Deoxys\n|-damage|p1a: Deoxys|0 fnt\n|faint|p1a: Deoxys\n|\n|-weather|DesolateLand|[upkeep]\n|upkeep\n|inactive|Stallsun9U has 120 seconds left.\n|\n|t:|1698787281\n|switch|p1a: Necrozma|Necrozma-Dusk-Mane|100\/100\n|turn|3\n|inactive|KurumiTokisakilove has 120 seconds left.\n|\n|t:|1698787325\n|-weather|none\n|switch|p2a: Arceus|Arceus-Water|100\/100\n|-damage|p2a: Arceus|88\/100|[from] Stealth Rock\n|detailschange|p1a: Necrozma|Necrozma-Ultra\n|-burst|p1a: Necrozma|Necrozma|Ultranecrozium Z\n|move|p1a: Necrozma|Earthquake|p2a: Arceus\n|-damage|p2a: Arceus|57\/100\n|\n|upkeep\n|turn|4\n|\n|t:|1698787337\n|switch|p2a: Kingambit|Kingambit, F|100\/100\n|-damage|p2a: Kingambit|94\/100|[from] Stealth Rock\n|move|p1a: Necrozma|Photon Geyser|p2a: Kingambit\n|-immune|p2a: Kingambit\n|\n|upkeep\n|turn|5\n|inactive|KurumiTokisakilove has 120 seconds left.\n|\n|t:|1698787347\n|move|p2a: Kingambit|Sucker Punch|p1a: Necrozma\n|-supereffective|p1a: Necrozma\n|-damage|p1a: Necrozma|8\/100\n|move|p1a: Necrozma|Earthquake|p2a: Kingambit\n|-supereffective|p2a: Kingambit\n|-damage|p2a: Kingambit|13\/100\n|\n|upkeep\n|turn|6\n|\n|t:|1698787354\n|move|p2a: Kingambit|Sucker Punch|p1a: Necrozma\n|-supereffective|p1a: Necrozma\n|-damage|p1a: Necrozma|0 fnt\n|faint|p1a: Necrozma\n|\n|upkeep\n|\n|t:|1698787359\n|switch|p1a: Arceus|Arceus|100\/100\n|turn|7\n|\n|t:|1698787363\n|move|p1a: Arceus|Extreme Speed|p2a: Kingambit\n|-resisted|p2a: Kingambit\n|-damage|p2a: Kingambit|0 fnt\n|faint|p2a: Kingambit\n|-end|p2a: Kingambit|fallenundefined|[silent]\n|\n|upkeep\n|\n|t:|1698787374\n|switch|p2a: Ditto|Ditto, shiny|100\/100\n|-damage|p2a: Ditto|88\/100|[from] Stealth Rock\n|-transform|p2a: Ditto|p1a: Arceus|[from] ability: Imposter\n|turn|8\n|\n|t:|1698787381\n|move|p1a: Arceus|Extreme Speed|p2a: Ditto\n|-damage|p2a: Ditto|37\/100\n|move|p2a: Ditto|Taunt|p1a: Arceus\n|-start|p1a: Arceus|move: Taunt\n|\n|upkeep\n|turn|9\n|\n|t:|1698787390\n|switch|p2a: Giratina|Giratina-Origin|100\/100\n|-damage|p2a: Giratina|88\/100|[from] Stealth Rock\n|move|p1a: Arceus|Extreme Speed|p2a: Giratina\n|-immune|p2a: Giratina\n|\n|upkeep\n|turn|10\n|\n|t:|1698787409\n|switch|p1a: Groudon|Groudon|100\/100\n|detailschange|p1a: Groudon|Groudon-Primal\n|-primal|p1a: Groudon|Red Orb\n|-weather|DesolateLand|[from] ability: Desolate Land|[of] p1a: Groudon\n|move|p2a: Giratina|Hone Claws|p2a: Giratina\n|-boost|p2a: Giratina|atk|1\n|-boost|p2a: Giratina|accuracy|1\n|\n|-weather|DesolateLand|[upkeep]\n|upkeep\n|turn|11\n|\n|t:|1698787420\n|move|p2a: Giratina|Poltergeist|p1a: Groudon\n|-activate|p1a: Groudon|move: Poltergeist|Red Orb\n|-damage|p1a: Groudon|39\/100\n|move|p1a: Groudon|Rock Polish|p1a: Groudon\n|-boost|p1a: Groudon|spe|2\n|\n|-weather|DesolateLand|[upkeep]\n|upkeep\n|turn|12\n|\n|t:|1698787430\n|move|p1a: Groudon|Heat Crash|p2a: Giratina\n|-resisted|p2a: Giratina\n|-damage|p2a: Giratina|71\/100\n|move|p2a: Giratina|Poltergeist|p1a: Groudon\n|-activate|p1a: Groudon|move: Poltergeist|Red Orb\n|-damage|p1a: Groudon|0 fnt\n|faint|p1a: Groudon\n|-weather|none\n|\n|upkeep\n|\n|t:|1698787446\n|switch|p1a: Kyurem|Kyurem-Black|100\/100\n|-ability|p1a: Kyurem|Teravolt\n|turn|13\n|\n|t:|1698787463\n|-terastallize|p2a: Giratina|Fairy\n|move|p1a: Kyurem|Icicle Spear|p2a: Giratina\n|-damage|p2a: Giratina|59\/100\n|-damage|p2a: Giratina|46\/100\n|-damage|p2a: Giratina|32\/100\n|-damage|p2a: Giratina|21\/100\n|-damage|p2a: Giratina|8\/100\n|-hitcount|p2a: Giratina|5\n|move|p2a: Giratina|Poltergeist|p1a: Kyurem\n|-activate|p1a: Kyurem|move: Poltergeist|Loaded Dice\n|-damage|p1a: Kyurem|8\/100\n|\n|upkeep\n|turn|14\n|\n|t:|1698787478\n|move|p2a: Giratina|Shadow Sneak|p1a: Kyurem\n|-damage|p1a: Kyurem|0 fnt\n|faint|p1a: Kyurem\n|\n|upkeep\n|\n|t:|1698787482\n|switch|p1a: Arceus|Arceus|100\/100\n|turn|15\n|\n|t:|1698787486\n|move|p1a: Arceus|Extreme Speed|p2a: Giratina\n|-crit|p2a: Giratina\n|-damage|p2a: Giratina|0 fnt\n|faint|p2a: Giratina\n|\n|upkeep\n|\n|t:|1698787491\n|switch|p2a: Groudon|Groudon-Primal|100\/100\n|-damage|p2a: Groudon|88\/100|[from] Stealth Rock\n|-weather|DesolateLand|[from] ability: Desolate Land|[of] p2a: Groudon\n|turn|16\n|\n|t:|1698787496\n|move|p2a: Groudon|Heat Crash|p1a: Arceus\n|-damage|p1a: Arceus|54\/100\n|move|p1a: Arceus|Taunt|p2a: Groudon\n|-start|p2a: Groudon|move: Taunt\n|\n|-weather|DesolateLand|[upkeep]\n|upkeep\n|turn|17\n|\n|t:|1698787507\n|-terastallize|p1a: Arceus|Normal\n|move|p1a: Arceus|Extreme Speed|p2a: Groudon\n|-damage|p2a: Groudon|40\/100\n|move|p2a: Groudon|Heat Crash|p1a: Arceus\n|-damage|p1a: Arceus|10\/100\n|\n|-weather|DesolateLand|[upkeep]\n|upkeep\n|turn|18\n|\n|t:|1698787515\n|move|p1a: Arceus|Extreme Speed|p2a: Groudon\n|-damage|p2a: Groudon|0 fnt\n|faint|p2a: Groudon\n|-weather|none\n|\n|upkeep\n|\n|t:|1698787522\n|switch|p2a: Ditto|Ditto, shiny|37\/100\n|-damage|p2a: Ditto|25\/100|[from] Stealth Rock\n|-transform|p2a: Ditto|p1a: Arceus|[from] ability: Imposter\n|turn|19\n|\n|t:|1698787528\n|move|p2a: Ditto|Extreme Speed|p1a: Arceus\n|-damage|p1a: Arceus|0 fnt\n|faint|p1a: Arceus\n|\n|upkeep\n|\n|t:|1698787534\n|switch|p1a: Xerneas|Xerneas|100\/100\n|-ability|p1a: Xerneas|Fairy Aura\n|turn|20\n|\n|t:|1698787540\n|switch|p2a: Magearna|Magearna|100\/100\n|-damage|p2a: Magearna|94\/100|[from] Stealth Rock\n|move|p1a: Xerneas|Moonblast|p2a: Magearna\n|-resisted|p2a: Magearna\n|-damage|p2a: Magearna|72\/100\n|\n|upkeep\n|turn|21\n|\n|t:|1698787548\n|move|p1a: Xerneas|Substitute|p1a: Xerneas\n|-start|p1a: Xerneas|Substitute\n|-damage|p1a: Xerneas|76\/100\n|move|p2a: Magearna|Heart Swap|p1a: Xerneas\n|-swapboost|p2a: Magearna|p1a: Xerneas|[from] move: Heart Swap\n|\n|upkeep\n|turn|22\n|\n|t:|1698787555\n|move|p1a: Xerneas|Thunder|p2a: Magearna\n|-damage|p2a: Magearna|47\/100\n|move|p2a: Magearna|Fleur Cannon|p1a: Xerneas|[miss]\n|-miss|p2a: Magearna|p1a: Xerneas\n|\n|upkeep\n|turn|23\n|\n|t:|1698787562\n|move|p1a: Xerneas|Thunder|p2a: Magearna\n|-damage|p2a: Magearna|20\/100\n|-status|p2a: Magearna|par\n|cant|p2a: Magearna|par\n|\n|upkeep\n|turn|24\n|\n|t:|1698787582\n|move|p1a: Xerneas|Moonblast|p2a: Magearna\n|-resisted|p2a: Magearna\n|-damage|p2a: Magearna|0 fnt\n|faint|p2a: Magearna\n|\n|upkeep\n|\n|t:|1698787598\n|switch|p2a: Arceus|Arceus-Water|57\/100\n|-damage|p2a: Arceus|45\/100|[from] Stealth Rock\n|turn|25\n|\n|t:|1698787609\n|move|p2a: Arceus|Recover|p2a: Arceus\n|-heal|p2a: Arceus|95\/100\n|move|p1a: Xerneas|Thunder|p2a: Arceus|[miss]\n|-miss|p1a: Xerneas|p2a: Arceus\n|\n|upkeep\n|turn|26\n|\n|t:|1698787619\n|move|p2a: Arceus|Judgment|p1a: Xerneas\n|-end|p1a: Xerneas|Substitute\n|move|p1a: Xerneas|Thunder|p2a: Arceus|[miss]\n|-miss|p1a: Xerneas|p2a: Arceus\n|\n|upkeep\n|turn|27\n|\n|t:|1698787632\n|move|p2a: Arceus|Toxic|p1a: Xerneas|[miss]\n|-miss|p2a: Arceus|p1a: Xerneas\n|move|p1a: Xerneas|Geomancy||[still]\n|-prepare|p1a: Xerneas|Geomancy\n|-enditem|p1a: Xerneas|Power Herb\n|-anim|p1a: Xerneas|Geomancy|p1a: Xerneas\n|-boost|p1a: Xerneas|spa|2\n|-boost|p1a: Xerneas|spd|2\n|-boost|p1a: Xerneas|spe|2\n|\n|upkeep\n|turn|28\n|\n|t:|1698787642\n|move|p1a: Xerneas|Substitute|p1a: Xerneas\n|-start|p1a: Xerneas|Substitute\n|-damage|p1a: Xerneas|51\/100\n|move|p2a: Arceus|Judgment|p1a: Xerneas\n|-crit|p1a: Xerneas\n|-end|p1a: Xerneas|Substitute\n|\n|upkeep\n|turn|29\n|\n|t:|1698787649\n|move|p1a: Xerneas|Substitute|p1a: Xerneas\n|-start|p1a: Xerneas|Substitute\n|-damage|p1a: Xerneas|26\/100\n|move|p2a: Arceus|Judgment|p1a: Xerneas\n|-activate|p1a: Xerneas|move: Substitute|[damage]\n|\n|upkeep\n|turn|30\n|\n|t:|1698787660\n|move|p1a: Xerneas|Moonblast|p2a: Arceus\n|-damage|p2a: Arceus|0 fnt\n|faint|p2a: Arceus\n|\n|upkeep\n|c|\u2606Stallsun9U|Gg\n|c|\u2606Stallsun9U|Wp\n|c|\u2606KurumiTokisakilove|Well played luck\n|\n|t:|1698787688\n|switch|p2a: Ditto|Ditto, shiny|25\/100\n|-damage|p2a: Ditto|12\/100|[from] Stealth Rock\n|turn|31\n|\n|t:|1698787693\n|move|p1a: Xerneas|Moonblast|p2a: Ditto\n|-damage|p2a: Ditto|0 fnt\n|faint|p2a: Ditto\n|\n|win|Stallsun9U\n|raw|Stallsun9U's rating: 1696 &rarr; <strong>1728<\/strong><br \/>(+32 for winning)\n|raw|KurumiTokisakilove's rating: 1945 &rarr; <strong>1913<\/strong><br \/>(-32 for losing)\n","uploadtime":1698787711,"views":13,"p1id":"stallsun9u","p2id":"kurumitokisakilove","formatid":"gen9nationaldexubers","rating":1728,"private":0,"password":""}