{"id":"gen9nationaldexubers-1996307996","p1":"TheFANDOM_Hero","p2":"85792195wwww","format":"[Gen 9] National Dex Ubers","log":"|j|\u203dTheFANDOM_Hero\n|j|\u260685792195wwww\n|t:|1700669694\n|gametype|singles\n|player|p1|TheFANDOM_Hero|red-masters|1513\n|player|p2|85792195wwww|mira|1660\n|teamsize|p1|6\n|teamsize|p2|6\n|gen|9\n|tier|[Gen 9] National Dex Ubers\n|rated|\n|rule|HP Percentage Mod: HP is shown in percentages\n|rule|Endless Battle Clause: Forcing endless battles is banned\n|rule|OHKO Clause: OHKO moves are banned\n|rule|Evasion Moves Clause: Evasion moves are banned\n|rule|Evasion Items Clause: Evasion items are banned\n|rule|Species Clause: Limit one of each Pok\u00e9mon\n|rule|Sleep Clause Mod: Limit one foe put to sleep\n|rule|Mega Rayquaza Clause: You cannot mega evolve Rayquaza\n|clearpoke\n|poke|p1|Groudon|\n|poke|p1|Necrozma-Dusk-Mane|\n|poke|p1|Eternatus|\n|poke|p1|Yveltal|\n|poke|p1|Salamence, F|\n|poke|p1|Marshadow|\n|poke|p2|Arceus|\n|poke|p2|Rayquaza|\n|poke|p2|Xerneas-*|\n|poke|p2|Kyurem-White|\n|poke|p2|Groudon|\n|poke|p2|Krookodile, M|\n|teampreview\n|inactive|Battle timer is ON: inactive players will automatically lose when time's up. (requested by TheFANDOM_Hero)\n|\n|t:|1700669719\n|start\n|switch|p1a: Necrozma|Necrozma-Dusk-Mane|100\/100\n|switch|p2a: Krookodile|Krookodile, M|100\/100\n|-ability|p2a: Krookodile|Intimidate|boost\n|-unboost|p1a: Necrozma|atk|1\n|turn|1\n|\n|t:|1700669727\n|move|p2a: Krookodile|Stealth Rock|p1a: Necrozma\n|-sidestart|p1: TheFANDOM_Hero|move: Stealth Rock\n|move|p1a: Necrozma|Toxic|p2a: Krookodile\n|-status|p2a: Krookodile|tox\n|\n|-damage|p2a: Krookodile|94\/100 tox|[from] psn\n|upkeep\n|turn|2\n|\n|t:|1700669735\n|switch|p1a: Yveltal|Yveltal|100\/100\n|-ability|p1a: Yveltal|Dark Aura\n|move|p2a: Krookodile|Knock Off|p1a: Yveltal\n|-resisted|p1a: Yveltal\n|-damage|p1a: Yveltal|77\/100\n|-enditem|p1a: Yveltal|Heavy-Duty Boots|[from] move: Knock Off|[of] p2a: Krookodile\n|\n|-damage|p2a: Krookodile|82\/100 tox|[from] psn\n|upkeep\n|turn|3\n|\n|t:|1700669746\n|move|p2a: Krookodile|Taunt|p1a: Yveltal\n|-start|p1a: Yveltal|move: Taunt\n|cant|p1a: Yveltal|move: Taunt|Defog\n|\n|-damage|p2a: Krookodile|64\/100 tox|[from] psn\n|upkeep\n|turn|4\n|\n|t:|1700669766\n|move|p2a: Krookodile|Knock Off|p1a: Yveltal\n|-resisted|p1a: Yveltal\n|-damage|p1a: Yveltal|63\/100\n|move|p1a: Yveltal|Foul Play|p2a: Krookodile\n|-resisted|p2a: Krookodile\n|-damage|p2a: Krookodile|25\/100 tox\n|\n|-damage|p2a: Krookodile|1\/100 tox|[from] psn\n|upkeep\n|turn|5\n|\n|t:|1700669776\n|move|p2a: Krookodile|Knock Off|p1a: Yveltal\n|-resisted|p1a: Yveltal\n|-damage|p1a: Yveltal|49\/100\n|move|p1a: Yveltal|Foul Play|p2a: Krookodile\n|-resisted|p2a: Krookodile\n|-damage|p2a: Krookodile|0 fnt\n|faint|p2a: Krookodile\n|\n|-end|p1a: Yveltal|move: Taunt\n|upkeep\n|\n|t:|1700669787\n|switch|p2a: Kyurem|Kyurem-White|100\/100\n|-ability|p2a: Kyurem|Turboblaze\n|turn|6\n|\n|t:|1700669797\n|move|p2a: Kyurem|Ice Beam|p1a: Yveltal\n|-supereffective|p1a: Yveltal\n|-damage|p1a: Yveltal|0 fnt\n|faint|p1a: Yveltal\n|-damage|p2a: Kyurem|91\/100|[from] item: Life Orb\n|\n|upkeep\n|\n|t:|1700669807\n|switch|p1a: Necrozma|Necrozma-Dusk-Mane|100\/100\n|-damage|p1a: Necrozma|94\/100|[from] Stealth Rock\n|turn|7\n|\n|t:|1700669821\n|-terastallize|p2a: Kyurem|Fire\n|move|p2a: Kyurem|Fusion Flare|p1a: Necrozma\n|-supereffective|p1a: Necrozma\n|-damage|p1a: Necrozma|17\/100\n|-damage|p2a: Kyurem|81\/100|[from] item: Life Orb\n|move|p1a: Necrozma|Sunsteel Strike|p2a: Kyurem\n|-resisted|p2a: Kyurem\n|-damage|p2a: Kyurem|56\/100\n|\n|upkeep\n|turn|8\n|\n|t:|1700669833\n|switch|p1a: Eternatus|Eternatus|100\/100\n|-damage|p1a: Eternatus|88\/100|[from] Stealth Rock\n|-ability|p1a: Eternatus|Pressure\n|move|p2a: Kyurem|Ice Beam|p1a: Eternatus\n|-supereffective|p1a: Eternatus\n|-damage|p1a: Eternatus|0 fnt\n|faint|p1a: Eternatus\n|-damage|p2a: Kyurem|46\/100|[from] item: Life Orb\n|\n|upkeep\n|\n|t:|1700669842\n|switch|p1a: Groudon|Groudon|100\/100\n|-damage|p1a: Groudon|94\/100|[from] Stealth Rock\n|detailschange|p1a: Groudon|Groudon-Primal\n|-primal|p1a: Groudon|Red Orb\n|-weather|DesolateLand|[from] ability: Desolate Land|[of] p1a: Groudon\n|turn|9\n|\n|t:|1700669850\n|switch|p2a: Rayquaza|Rayquaza|100\/100\n|-ability|p2a: Rayquaza|Air Lock\n|move|p1a: Groudon|Rock Polish|p1a: Groudon\n|-boost|p1a: Groudon|spe|2\n|\n|-weather|DesolateLand|[upkeep]\n|upkeep\n|turn|10\n|\n|t:|1700669862\n|move|p1a: Groudon|Thunderbolt|p2a: Rayquaza\n|-damage|p2a: Rayquaza|59\/100\n|-status|p2a: Rayquaza|par\n|move|p2a: Rayquaza|Dragon Ascent|p1a: Groudon\n|-damage|p1a: Groudon|27\/100\n|-unboost|p2a: Rayquaza|def|1\n|-unboost|p2a: Rayquaza|spd|1\n|\n|-weather|DesolateLand|[upkeep]\n|upkeep\n|turn|11\n|\n|t:|1700669872\n|move|p1a: Groudon|Thunderbolt|p2a: Rayquaza\n|-damage|p2a: Rayquaza|0 fnt\n|faint|p2a: Rayquaza\n|\n|-weather|DesolateLand|[upkeep]\n|upkeep\n|\n|t:|1700669882\n|switch|p2a: Arceus|Arceus|100\/100\n|turn|12\n|\n|t:|1700669887\n|move|p1a: Groudon|Flamethrower|p2a: Arceus\n|-damage|p2a: Arceus|31\/100\n|move|p2a: Arceus|Swords Dance|p2a: Arceus\n|-boost|p2a: Arceus|atk|2\n|\n|-weather|DesolateLand|[upkeep]\n|upkeep\n|turn|13\n|\n|t:|1700669896\n|move|p2a: Arceus|Extreme Speed|p1a: Groudon\n|-damage|p1a: Groudon|0 fnt\n|faint|p1a: Groudon\n|-weather|none\n|-damage|p2a: Arceus|21\/100|[from] item: Life Orb\n|\n|upkeep\n|\n|t:|1700669914\n|switch|p1a: Necrozma|Necrozma-Dusk-Mane|17\/100\n|-damage|p1a: Necrozma|11\/100|[from] Stealth Rock\n|turn|14\n|\n|t:|1700669924\n|move|p2a: Arceus|Shadow Claw|p1a: Necrozma\n|-supereffective|p1a: Necrozma\n|-damage|p1a: Necrozma|0 fnt\n|faint|p1a: Necrozma\n|-damage|p2a: Arceus|11\/100|[from] item: Life Orb\n|\n|upkeep\n|\n|t:|1700669932\n|switch|p1a: Marshadow|Marshadow|100\/100\n|-damage|p1a: Marshadow|94\/100|[from] Stealth Rock\n|turn|15\n|\n|t:|1700669937\n|move|p1a: Marshadow|Knock Off|p2a: Arceus\n|-damage|p2a: Arceus|0 fnt\n|-enditem|p2a: Arceus|Life Orb|[from] move: Knock Off|[of] p1a: Marshadow\n|faint|p2a: Arceus\n|-damage|p1a: Marshadow|84\/100|[from] item: Life Orb\n|\n|upkeep\n|\n|t:|1700669947\n|switch|p2a: Groudon|Groudon|100\/100\n|detailschange|p2a: Groudon|Groudon-Primal\n|-primal|p2a: Groudon|Red Orb\n|-weather|DesolateLand|[from] ability: Desolate Land|[of] p2a: Groudon\n|turn|16\n|\n|t:|1700669967\n|switch|p1a: Salamence|Salamence, F|100\/100\n|-damage|p1a: Salamence|76\/100|[from] Stealth Rock\n|-ability|p1a: Salamence|Intimidate|boost\n|-unboost|p2a: Groudon|atk|1\n|move|p2a: Groudon|Heat Crash|p1a: Salamence\n|-resisted|p1a: Salamence\n|-damage|p1a: Salamence|20\/100\n|\n|-weather|DesolateLand|[upkeep]\n|upkeep\n|turn|17\n|\n|t:|1700669979\n|-weather|none\n|switch|p2a: Xerneas|Xerneas|100\/100\n|-ability|p2a: Xerneas|Fairy Aura\n|detailschange|p1a: Salamence|Salamence-Mega, F\n|-mega|p1a: Salamence|Salamence|Salamencite\n|move|p1a: Salamence|Roost|p1a: Salamence\n|-heal|p1a: Salamence|70\/100\n|-singleturn|p1a: Salamence|move: Roost\n|\n|upkeep\n|turn|18\n|\n|t:|1700669991\n|move|p1a: Salamence|Double-Edge|p2a: Xerneas\n|-damage|p2a: Xerneas|47\/100\n|-damage|p1a: Salamence|48\/100|[from] Recoil\n|move|p2a: Xerneas|Moonblast|p1a: Salamence\n|-supereffective|p1a: Salamence\n|-damage|p1a: Salamence|0 fnt\n|faint|p1a: Salamence\n|\n|upkeep\n|\n|t:|1700670000\n|switch|p1a: Marshadow|Marshadow|84\/100\n|-damage|p1a: Marshadow|78\/100|[from] Stealth Rock\n|turn|19\n|\n|t:|1700670013\n|-terastallize|p1a: Marshadow|Ghost\n|move|p1a: Marshadow|Spectral Thief|p2a: Xerneas\n|-damage|p2a: Xerneas|0 fnt\n|faint|p2a: Xerneas\n|-damage|p1a: Marshadow|68\/100|[from] item: Life Orb\n|\n|upkeep\n|\n|t:|1700670022\n|switch|p2a: Groudon|Groudon-Primal|100\/100\n|-weather|DesolateLand|[from] ability: Desolate Land|[of] p2a: Groudon\n|turn|20\n|\n|t:|1700670027\n|move|p1a: Marshadow|Close Combat|p2a: Groudon\n|-damage|p2a: Groudon|53\/100\n|-unboost|p1a: Marshadow|def|1\n|-unboost|p1a: Marshadow|spd|1\n|-damage|p1a: Marshadow|58\/100|[from] item: Life Orb\n|move|p2a: Groudon|Heat Crash|p1a: Marshadow\n|-damage|p1a: Marshadow|0 fnt\n|faint|p1a: Marshadow\n|\n|win|85792195wwww\n|raw|TheFANDOM_Hero's rating: 1513 &rarr; <strong>1501<\/strong><br \/>(-12 for losing)\n|raw|85792195wwww's rating: 1660 &rarr; <strong>1672<\/strong><br \/>(+12 for winning)\n|l|\u203dTheFANDOM_Hero\n","uploadtime":1700670040,"views":0,"p1id":"thefandomhero","p2id":"85792195wwww","formatid":"gen9nationaldexubers","rating":1501,"private":0,"password":""}