{"id":"gen9nationaldexubers-1978832999","p1":"10hueso","p2":"blancasofia","format":"[Gen 9] National Dex Ubers","log":"|j|\u260610hueso\n|j|\u2606blancasofia\n|t:|1698600598\n|gametype|singles\n|player|p1|10hueso|pokemonbreeder-gen4|\n|player|p2|blancasofia|acetrainerf|\n|teamsize|p1|6\n|teamsize|p2|6\n|gen|9\n|tier|[Gen 9] National Dex Ubers\n|rule|HP Percentage Mod: HP is shown in percentages\n|rule|Endless Battle Clause: Forcing endless battles is banned\n|rule|OHKO Clause: OHKO moves are banned\n|rule|Evasion Moves Clause: Evasion moves are banned\n|rule|Evasion Items Clause: Evasion items are banned\n|rule|Species Clause: Limit one of each Pok\u00e9mon\n|rule|Sleep Clause Mod: Limit one foe put to sleep\n|rule|Mega Rayquaza Clause: You cannot mega evolve Rayquaza\n|clearpoke\n|poke|p1|Pinsir, L60, M|\n|poke|p1|Accelgor, L65, M|\n|poke|p1|Araquanid, L60, F|\n|poke|p1|Kleavor, L60, F|\n|poke|p1|Orbeetle, L60, M|\n|poke|p1|Crustle, L60, F|\n|poke|p2|Clodsire, L55, M|\n|poke|p2|Lopunny, L55, M|\n|poke|p2|Rotom-Wash, L55|\n|poke|p2|Gholdengo, L55|\n|poke|p2|Houndoom, L60, M|\n|poke|p2|Gliscor, L55, M|\n|teampreview\n|\n|t:|1698600634\n|start\n|switch|p1a: Kleavor|Kleavor, L60, F|100\/100\n|switch|p2a: Lonny|Lopunny, L55, M|100\/100\n|turn|1\n|\n|t:|1698600643\n|move|p2a: Lonny|Fake Out|p1a: Kleavor\n|-resisted|p1a: Kleavor\n|-damage|p1a: Kleavor|93\/100\n|cant|p1a: Kleavor|flinch\n|\n|upkeep\n|turn|2\n|\n|t:|1698600650\n|switch|p2a: Dengo|Gholdengo, L55|100\/100\n|move|p1a: Kleavor|Stone Axe|p2a: Dengo\n|-resisted|p2a: Dengo\n|-damage|p2a: Dengo|65\/100\n|-sidestart|p2: blancasofia|move: Stealth Rock\n|\n|upkeep\n|turn|3\n|\n|t:|1698600659\n|switch|p1a: Orbeetle|Orbeetle, L60, M|100\/100\n|move|p2a: Dengo|Power Gem|p1a: Orbeetle\n|-supereffective|p1a: Orbeetle\n|-damage|p1a: Orbeetle|53\/100\n|\n|upkeep\n|turn|4\n|\n|t:|1698600666\n|switch|p2a: Scor|Gliscor, L55, M|100\/100\n|-damage|p2a: Scor|88\/100|[from] Stealth Rock\n|move|p1a: Orbeetle|Bug Buzz|p2a: Scor\n|-resisted|p2a: Scor\n|-damage|p2a: Scor|65\/100\n|\n|-status|p2a: Scor|tox|[from] item: Toxic Orb\n|upkeep\n|turn|5\n|\n|t:|1698600675\n|switch|p1a: Kleavor|Kleavor, L60, F|93\/100\n|move|p2a: Scor|Defog|p1a: Kleavor\n|-unboost|p1a: Kleavor|evasion|1\n|-sideend|p2: blancasofia|Stealth Rock|[from] move: Defog|[of] p2a: Scor\n|\n|-heal|p2a: Scor|77\/100 tox|[from] ability: Poison Heal\n|upkeep\n|turn|6\n|\n|t:|1698600683\n|move|p1a: Kleavor|Stone Axe|p2a: Scor\n|-damage|p2a: Scor|15\/100 tox\n|-sidestart|p2: blancasofia|move: Stealth Rock\n|move|p2a: Scor|Dual Wingbeat|p1a: Kleavor\n|-damage|p1a: Kleavor|76\/100\n|-damage|p1a: Kleavor|57\/100\n|-hitcount|p1a: Kleavor|2\n|\n|-heal|p2a: Scor|27\/100 tox|[from] ability: Poison Heal\n|upkeep\n|turn|7\n|\n|t:|1698600691\n|move|p1a: Kleavor|Stone Axe|p2a: Scor\n|-damage|p2a: Scor|0 fnt\n|faint|p2a: Scor\n|\n|upkeep\n|\n|t:|1698600696\n|switch|p2a: Dengo|Gholdengo, L55|65\/100\n|-damage|p2a: Dengo|59\/100|[from] Stealth Rock\n|turn|8\n|\n|t:|1698600704\n|move|p1a: Kleavor|Stone Axe|p2a: Dengo\n|-resisted|p2a: Dengo\n|-damage|p2a: Dengo|26\/100\n|move|p2a: Dengo|Flash Cannon|p1a: Kleavor\n|-supereffective|p1a: Kleavor\n|-damage|p1a: Kleavor|0 fnt\n|faint|p1a: Kleavor\n|\n|upkeep\n|\n|t:|1698600707\n|switch|p1a: Pinsir|Pinsir, L60, M|100\/100\n|turn|9\n|\n|t:|1698600710\n|move|p2a: Dengo|Flash Cannon|p1a: Pinsir\n|-damage|p1a: Pinsir|37\/100\n|move|p1a: Pinsir|Swords Dance|p1a: Pinsir\n|-boost|p1a: Pinsir|atk|2\n|\n|upkeep\n|turn|10\n|\n|t:|1698600715\n|detailschange|p1a: Pinsir|Pinsir-Mega, L60, M\n|-mega|p1a: Pinsir|Pinsir|Pinsirite\n|move|p1a: Pinsir|Quick Attack|p2a: Dengo\n|-resisted|p2a: Dengo\n|-damage|p2a: Dengo|0 fnt\n|faint|p2a: Dengo\n|\n|upkeep\n|\n|t:|1698600720\n|switch|p2a: Lonny|Lopunny, L55, M|100\/100\n|-damage|p2a: Lonny|88\/100|[from] Stealth Rock\n|turn|11\n|\n|t:|1698600724\n|move|p2a: Lonny|Fake Out|p1a: Pinsir\n|-damage|p1a: Pinsir|23\/100\n|cant|p1a: Pinsir|flinch\n|\n|upkeep\n|turn|12\n|\n|t:|1698600735\n|move|p2a: Lonny|Quick Attack|p1a: Pinsir\n|-damage|p1a: Pinsir|8\/100\n|move|p1a: Pinsir|X-Scissor|p2a: Lonny\n|-damage|p2a: Lonny|0 fnt\n|-damage|p1a: Pinsir|0 fnt|[from] item: Rocky Helmet|[of] p2a: Lonny\n|faint|p2a: Lonny\n|faint|p1a: Pinsir\n|\n|upkeep\n|\n|t:|1698600744\n|switch|p1a: Accelgor|Accelgor, L65, M, shiny|100\/100\n|switch|p2a: Wash|Rotom-Wash, L55|100\/100\n|-damage|p2a: Wash|88\/100|[from] Stealth Rock\n|turn|13\n|\n|t:|1698600748\n|switch|p1a: Orbeetle|Orbeetle, L60, M|53\/100\n|move|p2a: Wash|Thunder Wave|p1a: Orbeetle\n|-status|p1a: Orbeetle|par\n|\n|-heal|p2a: Wash|94\/100|[from] item: Leftovers\n|upkeep\n|turn|14\n|\n|t:|1698600753\n|move|p2a: Wash|Hex|p1a: Orbeetle\n|-supereffective|p1a: Orbeetle\n|-damage|p1a: Orbeetle|0 fnt\n|faint|p1a: Orbeetle\n|\n|-heal|p2a: Wash|99\/100|[from] item: Leftovers\n|upkeep\n|\n|t:|1698600762\n|switch|p1a: Accelgor|Accelgor, L65, M, shiny|100\/100\n|turn|15\n|\n|t:|1698600764\n|move|p1a: Accelgor|Giga Drain|p2a: Wash\n|-supereffective|p2a: Wash\n|-damage|p2a: Wash|11\/100\n|move|p2a: Wash|Thunder Wave|p1a: Accelgor\n|-status|p1a: Accelgor|par\n|\n|-heal|p2a: Wash|17\/100|[from] item: Leftovers\n|upkeep\n|turn|16\n|\n|t:|1698600772\n|cant|p1a: Accelgor|par\n|move|p2a: Wash|Hydro Pump|p1a: Accelgor|[miss]\n|-miss|p2a: Wash|p1a: Accelgor\n|\n|-heal|p2a: Wash|22\/100|[from] item: Leftovers\n|upkeep\n|turn|17\n|\n|t:|1698600782\n|cant|p1a: Accelgor|par\n|move|p2a: Wash|Thunderbolt|p1a: Accelgor\n|-damage|p1a: Accelgor|47\/100 par\n|\n|-heal|p2a: Wash|28\/100|[from] item: Leftovers\n|upkeep\n|turn|18\n|\n|t:|1698600788\n|move|p2a: Wash|Thunderbolt|p1a: Accelgor\n|-damage|p1a: Accelgor|0 fnt\n|faint|p1a: Accelgor\n|\n|-heal|p2a: Wash|34\/100|[from] item: Leftovers\n|upkeep\n|\n|t:|1698600791\n|switch|p1a: Crustle|Crustle, L60, F|100\/100\n|turn|19\n|\n|t:|1698600795\n|move|p2a: Wash|Thunder Wave|p1a: Crustle\n|-status|p1a: Crustle|par\n|move|p1a: Crustle|Shell Smash|p1a: Crustle\n|-unboost|p1a: Crustle|def|1\n|-unboost|p1a: Crustle|spd|1\n|-boost|p1a: Crustle|atk|2\n|-boost|p1a: Crustle|spa|2\n|-boost|p1a: Crustle|spe|2\n|-enditem|p1a: Crustle|White Herb\n|-clearnegativeboost|p1a: Crustle|[silent]\n|\n|-heal|p2a: Wash|40\/100|[from] item: Leftovers\n|upkeep\n|turn|20\n|\n|t:|1698600800\n|move|p2a: Wash|Hydro Pump|p1a: Crustle\n|-supereffective|p1a: Crustle\n|-ability|p1a: Crustle|Sturdy\n|-damage|p1a: Crustle|1\/100 par\n|move|p1a: Crustle|X-Scissor|p2a: Wash\n|-damage|p2a: Wash|0 fnt\n|faint|p2a: Wash\n|\n|upkeep\n|\n|t:|1698600807\n|switch|p2a: Clod|Clodsire, L55, M|100\/100\n|-damage|p2a: Clod|94\/100|[from] Stealth Rock\n|turn|21\n|\n|t:|1698600812\n|cant|p1a: Crustle|par\n|move|p2a: Clod|Rock Tomb|p1a: Crustle\n|-supereffective|p1a: Crustle\n|-damage|p1a: Crustle|0 fnt\n|faint|p1a: Crustle\n|\n|-heal|p2a: Clod|100\/100|[from] item: Black Sludge\n|upkeep\n|\n|t:|1698600814\n|switch|p1a: Araquanid|Araquanid, L60, F|100\/100\n|turn|22\n|\n|t:|1698600818\n|move|p1a: Araquanid|Leech Life|p2a: Clod\n|-resisted|p2a: Clod\n|-crit|p2a: Clod\n|-damage|p2a: Clod|81\/100\n|move|p2a: Clod|Toxic|p1a: Araquanid\n|-status|p1a: Araquanid|tox\n|\n|-heal|p2a: Clod|87\/100|[from] item: Black Sludge\n|-damage|p1a: Araquanid|94\/100 tox|[from] psn\n|upkeep\n|turn|23\n|\n|t:|1698600824\n|move|p1a: Araquanid|Sticky Web|p2a: Clod\n|-sidestart|p2: blancasofia|move: Sticky Web\n|move|p2a: Clod|Rock Tomb|p1a: Araquanid\n|-supereffective|p1a: Araquanid\n|-damage|p1a: Araquanid|75\/100 tox\n|-unboost|p1a: Araquanid|spe|1\n|\n|-heal|p1a: Araquanid|81\/100 tox|[from] item: Leftovers\n|-heal|p2a: Clod|93\/100|[from] item: Black Sludge\n|-damage|p1a: Araquanid|69\/100 tox|[from] psn\n|upkeep\n|turn|24\n|\n|t:|1698600829\n|move|p1a: Araquanid|Leech Life|p2a: Clod\n|-resisted|p2a: Clod\n|-damage|p2a: Clod|79\/100\n|-heal|p1a: Araquanid|78\/100 tox|[from] drain|[of] p2a: Clod\n|move|p2a: Clod|Rock Tomb|p1a: Araquanid\n|-supereffective|p1a: Araquanid\n|-damage|p1a: Araquanid|59\/100 tox\n|-unboost|p1a: Araquanid|spe|1\n|\n|-heal|p2a: Clod|85\/100|[from] item: Black Sludge\n|-heal|p1a: Araquanid|65\/100 tox|[from] item: Leftovers\n|-damage|p1a: Araquanid|46\/100 tox|[from] psn\n|upkeep\n|turn|25\n|\n|t:|1698600839\n|move|p2a: Clod|Rock Tomb|p1a: Araquanid\n|-supereffective|p1a: Araquanid\n|-damage|p1a: Araquanid|23\/100 tox\n|-unboost|p1a: Araquanid|spe|1\n|move|p1a: Araquanid|Leech Life|p2a: Clod\n|-resisted|p2a: Clod\n|-damage|p2a: Clod|72\/100\n|-heal|p1a: Araquanid|32\/100 tox|[from] drain|[of] p2a: Clod\n|\n|-heal|p2a: Clod|78\/100|[from] item: Black Sludge\n|-heal|p1a: Araquanid|38\/100 tox|[from] item: Leftovers\n|-damage|p1a: Araquanid|13\/100 tox|[from] psn\n|upkeep\n|turn|26\n|\n|t:|1698600845\n|move|p2a: Clod|Rock Tomb|p1a: Araquanid\n|-supereffective|p1a: Araquanid\n|-damage|p1a: Araquanid|0 fnt\n|faint|p1a: Araquanid\n|\n|win|blancasofia\n|l|\u260610hueso\n","uploadtime":1698600858,"views":18,"p1id":"10hueso","p2id":"blancasofia","formatid":"gen9nationaldexubers","rating":0,"private":0,"password":""}