{"id":"gen9nationaldexubers-1997252363","p1":"25kBuddha","p2":"mezoskii","format":"[Gen 9] National Dex Ubers","log":"|j|\u260625kBuddha\n|j|\u2606mezoskii\n|t:|1700780669\n|gametype|singles\n|player|p1|25kBuddha|steven|\n|player|p2|mezoskii|iris-gen5bw2|\n|teamsize|p1|6\n|teamsize|p2|6\n|gen|9\n|tier|[Gen 9] National Dex Ubers\n|rule|HP Percentage Mod: HP is shown in percentages\n|rule|Endless Battle Clause: Forcing endless battles is banned\n|rule|OHKO Clause: OHKO moves are banned\n|rule|Evasion Moves Clause: Evasion moves are banned\n|rule|Evasion Items Clause: Evasion items are banned\n|rule|Species Clause: Limit one of each Pok\u00e9mon\n|rule|Sleep Clause Mod: Limit one foe put to sleep\n|rule|Mega Rayquaza Clause: You cannot mega evolve Rayquaza\n|clearpoke\n|poke|p1|Ursaluna, F|\n|poke|p1|Lunala|\n|poke|p1|Magearna|\n|poke|p1|Chien-Pao|\n|poke|p1|Calyrex-Ice|\n|poke|p1|Ho-Oh|\n|poke|p2|Darkrai|\n|poke|p2|Groudon|\n|poke|p2|Greninja-*, M|\n|poke|p2|Genesect|\n|poke|p2|Incineroar, F|\n|poke|p2|Lucario, F|\n|teampreview\n|inactive|Battle timer is ON: inactive players will automatically lose when time's up. (requested by 25kBuddha)\n|c|\u260625kBuddha|\ud83d\ude2d\n|c|\u2606mezoskii|yo dont judge me man\n|inactive|25kBuddha has 270 seconds left.\n|\n|t:|1700780708\n|start\n|switch|p1a: Lunala|Lunala, shiny|100\/100\n|switch|p2a: Darkrai|Darkrai|100\/100\n|turn|1\n|\n|t:|1700780720\n|move|p2a: Darkrai|Hypnosis|p1a: Lunala\n|-status|p1a: Lunala|slp|[from] move: Hypnosis\n|cant|p1a: Lunala|slp\n|\n|-damage|p1a: Lunala|88\/100 slp|[from] ability: Bad Dreams|[of] p2a: Darkrai\n|upkeep\n|turn|2\n|\n|t:|1700780730\n|switch|p1a: Ursaluna|Ursaluna, F, shiny|100\/100\n|move|p2a: Darkrai|Dark Pulse|p1a: Ursaluna\n|-crit|p1a: Ursaluna\n|-damage|p1a: Ursaluna|28\/100\n|-damage|p2a: Darkrai|91\/100|[from] item: Life Orb\n|\n|-status|p1a: Ursaluna|brn|[from] item: Flame Orb\n|upkeep\n|turn|3\n|\n|t:|1700780741\n|switch|p1a: Lunala|Lunala, shiny|88\/100 slp\n|move|p2a: Darkrai|Dark Pulse|p1a: Lunala\n|-supereffective|p1a: Lunala\n|-damage|p1a: Lunala|0 fnt\n|faint|p1a: Lunala\n|-damage|p2a: Darkrai|81\/100|[from] item: Life Orb\n|\n|upkeep\n|c|\u2606mezoskii|ohh~\n|c|\u2606mezoskii|ahh~\n|\n|t:|1700780756\n|switch|p1a: Magearna|Magearna|100\/100\n|turn|4\n|c|\u2606mezoskii|shit nvm this gay\n|\n|t:|1700780765\n|-terastallize|p2a: Darkrai|Steel\n|move|p2a: Darkrai|Sludge Bomb|p1a: Magearna\n|-immune|p1a: Magearna\n|move|p1a: Magearna|Trick Room|p1a: Magearna\n|-fieldstart|move: Trick Room|[of] p1a: Magearna\n|\n|upkeep\n|turn|5\n|c|\u2606mezoskii|what\n|c|\u2606mezoskii|fairy suppose to be weak to poison\n|c|\u2606mezoskii|this game dont make sense\n|\n|t:|1700780786\n|-terastallize|p1a: Magearna|Ground\n|move|p1a: Magearna|Tera Blast|p2a: Darkrai|[anim] Tera Blast Ground\n|-supereffective|p2a: Darkrai\n|-crit|p2a: Darkrai\n|-damage|p2a: Darkrai|0 fnt\n|faint|p2a: Darkrai\n|-ability|p1a: Magearna|Soul-Heart|boost\n|-boost|p1a: Magearna|spa|1\n|\n|upkeep\n|c|\u260625kBuddha|steel immunity\n|c|\u2606mezoskii|ohh\n|inactive|mezoskii has 270 seconds left.\n|c|\u2606mezoskii|!weakness ground\n|c| mezoskii|\/raw <div class=\"infobox\">Ground:<br \/><span class=\"message-effect-weak\">Weaknesses<\/span>: Grass, Ice, Water<br \/><span class=\"message-effect-resist\">Resistances<\/span>: Poison, Rock<br \/><span class=\"message-effect-immune\">Immunities<\/span>: Electric, Sandstorm damage<\/div>\n|\n|t:|1700780808\n|switch|p2a: Greninja|Greninja, M|100\/100\n|turn|6\n|inactive|mezoskii has 270 seconds left.\n|c|\u260625kBuddha|tip: never waste tera on first mon\n|\n|t:|1700780819\n|move|p2a: Greninja|Water Shuriken|p1a: Magearna\n|-supereffective|p1a: Magearna\n|-damage|p1a: Magearna|88\/100\n|-supereffective|p1a: Magearna\n|-damage|p1a: Magearna|76\/100\n|-supereffective|p1a: Magearna\n|-damage|p1a: Magearna|64\/100\n|-supereffective|p1a: Magearna\n|-crit|p1a: Magearna\n|-damage|p1a: Magearna|44\/100\n|-supereffective|p1a: Magearna\n|-damage|p1a: Magearna|32\/100\n|-hitcount|p1a: Magearna|5\n|move|p1a: Magearna|Draining Kiss|p2a: Greninja\n|-supereffective|p2a: Greninja\n|-damage|p2a: Greninja|0 fnt\n|-heal|p1a: Magearna|100\/100|[from] drain|[of] p2a: Greninja\n|faint|p2a: Greninja\n|-ability|p1a: Magearna|Soul-Heart|boost\n|-boost|p1a: Magearna|spa|1\n|\n|upkeep\n|c|\u2606mezoskii|oh\n|inactive|mezoskii has 270 seconds left.\n|\n|t:|1700780844\n|switch|p2a: Incineroar|Incineroar, F|100\/100\n|-ability|p2a: Incineroar|Intimidate|boost\n|-unboost|p1a: Magearna|atk|1\n|turn|7\n|\n|t:|1700780850\n|-zpower|p2a: Incineroar\n|move|p2a: Incineroar|Malicious Moonsault|p1a: Magearna|[zeffect]\n|-damage|p1a: Magearna|20\/100\n|move|p1a: Magearna|Tera Blast|p2a: Incineroar|[anim] Tera Blast Ground\n|-supereffective|p2a: Incineroar\n|-crit|p2a: Incineroar\n|-damage|p2a: Incineroar|0 fnt\n|faint|p2a: Incineroar\n|-ability|p1a: Magearna|Soul-Heart|boost\n|-boost|p1a: Magearna|spa|1\n|\n|upkeep\n|c|\u2606mezoskii|fuckit\n|c|\u2606mezoskii|oh\n|\n|t:|1700780861\n|switch|p2a: Lucario|Lucario, F|100\/100\n|turn|8\n|\n|t:|1700780868\n|move|p2a: Lucario|Extreme Speed|p1a: Magearna\n|-damage|p1a: Magearna|0 fnt\n|faint|p1a: Magearna\n|\n|-fieldend|move: Trick Room\n|upkeep\n|\n|t:|1700780882\n|switch|p1a: Ho-Oh|Ho-Oh, shiny|100\/100\n|turn|9\n|c|\u2606mezoskii|my og plan was to normal tera lucario\n|inactive|mezoskii has 270 seconds left.\n|c|\u2606mezoskii|with xtreme speed\n|c|\u2606mezoskii|and adaptiility\n|c|\u2606mezoskii|ts pretty op i think\n|c|\u260625kBuddha|dis a national Dex team\n|c|\u2606mezoskii|and\n|\n|t:|1700780914\n|detailschange|p2a: Lucario|Lucario-Mega, F\n|-mega|p2a: Lucario|Lucario|Lucarionite\n|move|p2a: Lucario|Close Combat|p1a: Ho-Oh\n|-resisted|p1a: Ho-Oh\n|-damage|p1a: Ho-Oh|61\/100\n|-unboost|p2a: Lucario|def|1\n|-unboost|p2a: Lucario|spd|1\n|move|p1a: Ho-Oh|Will-O-Wisp|p2a: Lucario\n|-status|p2a: Lucario|brn\n|\n|-damage|p2a: Lucario|94\/100 brn|[from] brn\n|upkeep\n|turn|10\n|inactive|mezoskii has 240 seconds left.\n|c|\u260625kBuddha|can't compare to nda teams\n|\n|t:|1700780940\n|move|p1a: Ho-Oh|Protect|p1a: Ho-Oh\n|-singleturn|p1a: Ho-Oh|Protect\n|move|p2a: Lucario|Flash Cannon|p1a: Ho-Oh\n|-activate|p1a: Ho-Oh|move: Protect\n|\n|-damage|p2a: Lucario|88\/100 brn|[from] brn\n|upkeep\n|turn|11\n|\n|t:|1700780954\n|move|p2a: Lucario|Flash Cannon|p1a: Ho-Oh\n|-resisted|p1a: Ho-Oh\n|-damage|p1a: Ho-Oh|49\/100\n|move|p1a: Ho-Oh|Whirlwind|p2a: Lucario\n|drag|p2a: Groudon|Groudon|100\/100\n|detailschange|p2a: Groudon|Groudon-Primal\n|-primal|p2a: Groudon|Red Orb\n|-weather|DesolateLand|[from] ability: Desolate Land|[of] p2a: Groudon\n|\n|-weather|DesolateLand|[upkeep]\n|upkeep\n|turn|12\n|c|\u2606mezoskii|man what\n|inactive|mezoskii has 240 seconds left.\n|\n|t:|1700780973\n|move|p2a: Groudon|Heat Crash|p1a: Ho-Oh\n|-resisted|p1a: Ho-Oh\n|-damage|p1a: Ho-Oh|2\/100\n|move|p1a: Ho-Oh|Toxic|p2a: Groudon\n|-status|p2a: Groudon|tox\n|\n|-weather|DesolateLand|[upkeep]\n|-damage|p2a: Groudon|94\/100 tox|[from] psn\n|upkeep\n|turn|13\n|\n|t:|1700780982\n|move|p1a: Ho-Oh|Protect|p1a: Ho-Oh\n|-singleturn|p1a: Ho-Oh|Protect\n|move|p2a: Groudon|Heavy Slam|p1a: Ho-Oh\n|-activate|p1a: Ho-Oh|move: Protect\n|\n|-weather|DesolateLand|[upkeep]\n|-damage|p2a: Groudon|82\/100 tox|[from] psn\n|upkeep\n|turn|14\n|\n|t:|1700781001\n|move|p1a: Ho-Oh|Protect|p1a: Ho-Oh\n|-singleturn|p1a: Ho-Oh|Protect\n|move|p2a: Groudon|Heavy Slam|p1a: Ho-Oh\n|-activate|p1a: Ho-Oh|move: Protect\n|\n|-weather|DesolateLand|[upkeep]\n|-damage|p2a: Groudon|64\/100 tox|[from] psn\n|upkeep\n|turn|15\n|c|\u2606mezoskii|how tf did it protect twice\n|\n|t:|1700781023\n|move|p2a: Groudon|Heat Crash|p1a: Ho-Oh\n|-resisted|p1a: Ho-Oh\n|-damage|p1a: Ho-Oh|0 fnt\n|faint|p1a: Ho-Oh\n|\n|-weather|DesolateLand|[upkeep]\n|-damage|p2a: Groudon|39\/100 tox|[from] psn\n|upkeep\n|c|\u260625kBuddha|lucky\n|inactive|25kBuddha has 270 seconds left.\n|\n|t:|1700781033\n|switch|p1a: Chien-Pao|Chien-Pao|100\/100\n|-ability|p1a: Chien-Pao|Sword of Ruin\n|turn|16\n|\n|t:|1700781042\n|move|p1a: Chien-Pao|Crunch|p2a: Groudon\n|-damage|p2a: Groudon|0 fnt\n|faint|p2a: Groudon\n|-weather|none\n|-damage|p1a: Chien-Pao|91\/100|[from] item: Life Orb\n|\n|upkeep\n|\n|t:|1700781052\n|switch|p2a: Lucario|Lucario-Mega, F|88\/100 brn\n|turn|17\n|\n|t:|1700781056\n|move|p1a: Chien-Pao|Sacred Sword|p2a: Lucario\n|-supereffective|p2a: Lucario\n|-damage|p2a: Lucario|0 fnt\n|faint|p2a: Lucario\n|-damage|p1a: Chien-Pao|81\/100|[from] item: Life Orb\n|\n|upkeep\n|\n|t:|1700781059\n|switch|p2a: Genesect|Genesect|100\/100\n|-ability|p2a: Genesect|Download|boost\n|-boost|p2a: Genesect|spa|1\n|turn|18\n|inactive|25kBuddha has 270 seconds left.\n|\n|t:|1700781097\n|move|p1a: Chien-Pao|Crunch|p2a: Genesect\n|-damage|p2a: Genesect|0 fnt\n|faint|p2a: Genesect\n|-damage|p1a: Chien-Pao|71\/100|[from] item: Life Orb\n|\n|win|25kBuddha\n|c|\u2606mezoskii|damn\n|c|\u260625kBuddha|GG\n|c|\u2606mezoskii|i hate this game\n|l|\u2606mezoskii\n","uploadtime":1700781127,"views":4,"p1id":"25kbuddha","p2id":"mezoskii","formatid":"gen9nationaldexubers","rating":0,"private":0,"password":""}