{"id":"gen9nationaldexubers-1998918399","p1":"nosejugar957","p2":"LocalCrazyPerson","format":"[Gen 9] National Dex Ubers","log":"|j|\u2606nosejugar957\n|j|\u2606LocalCrazyPerson\n|t:|1701012970\n|gametype|singles\n|player|p1|nosejugar957|red|1194\n|player|p2|LocalCrazyPerson|unknown|1286\n|teamsize|p1|6\n|teamsize|p2|6\n|gen|9\n|tier|[Gen 9] National Dex Ubers\n|rated|\n|rule|HP Percentage Mod: HP is shown in percentages\n|rule|Endless Battle Clause: Forcing endless battles is banned\n|rule|OHKO Clause: OHKO moves are banned\n|rule|Evasion Moves Clause: Evasion moves are banned\n|rule|Evasion Items Clause: Evasion items are banned\n|rule|Species Clause: Limit one of each Pok\u00e9mon\n|rule|Sleep Clause Mod: Limit one foe put to sleep\n|rule|Mega Rayquaza Clause: You cannot mega evolve Rayquaza\n|clearpoke\n|poke|p1|Swampert, F|\n|poke|p1|Kyogre|\n|poke|p1|Gliscor, F|\n|poke|p1|Grimmsnarl, M|\n|poke|p1|Rillaboom, M|\n|poke|p1|Iron Moth|\n|poke|p2|Giratina-Origin|\n|poke|p2|Heatran, F|\n|poke|p2|Groudon|\n|poke|p2|Kyogre|\n|poke|p2|Marshadow|\n|poke|p2|Xerneas-*|\n|teampreview\n|c|\u2606LocalCrazyPerson|glhf\n|c|\u2606LocalCrazyPerson|Mate. My luck in the previous battle\n|\n|t:|1701013002\n|start\n|switch|p1a: Grimmsnarl|Grimmsnarl, M|100\/100\n|switch|p2a: Kyogre|Kyogre|100\/100\n|detailschange|p2a: Kyogre|Kyogre-Primal\n|-primal|p2a: Kyogre|Blue Orb\n|-weather|PrimordialSea|[from] ability: Primordial Sea|[of] p2a: Kyogre\n|turn|1\n|\n|t:|1701013011\n|move|p1a: Grimmsnarl|Light Screen|p1a: Grimmsnarl\n|-sidestart|p1: nosejugar957|move: Light Screen\n|move|p2a: Kyogre|Thunder|p1a: Grimmsnarl\n|-damage|p1a: Grimmsnarl|73\/100\n|-status|p1a: Grimmsnarl|par\n|\n|-weather|PrimordialSea|[upkeep]\n|upkeep\n|turn|2\n|\n|t:|1701013019\n|move|p1a: Grimmsnarl|Taunt|p2a: Kyogre\n|-start|p2a: Kyogre|move: Taunt\n|move|p2a: Kyogre|Scald|p1a: Grimmsnarl\n|-damage|p1a: Grimmsnarl|31\/100 par\n|\n|-weather|PrimordialSea|[upkeep]\n|upkeep\n|turn|3\n|\n|t:|1701013025\n|move|p1a: Grimmsnarl|Parting Shot|p2a: Kyogre\n|-unboost|p2a: Kyogre|atk|1\n|-unboost|p2a: Kyogre|spa|1\n|\n|t:|1701013034\n|switch|p1a: Swampert|Swampert, F, shiny|100\/100|[from] Parting Shot\n|move|p2a: Kyogre|Scald|p1a: Swampert\n|-damage|p1a: Swampert|69\/100\n|-status|p1a: Swampert|brn\n|\n|-weather|PrimordialSea|[upkeep]\n|-damage|p1a: Swampert|63\/100 brn|[from] brn\n|upkeep\n|turn|4\n|\n|t:|1701013046\n|detailschange|p1a: Swampert|Swampert-Mega, F, shiny\n|-mega|p1a: Swampert|Swampert|Swampertite\n|move|p1a: Swampert|Power-Up Punch|p2a: Kyogre\n|-damage|p2a: Kyogre|93\/100\n|-boost|p1a: Swampert|atk|1\n|move|p2a: Kyogre|Thunder|p1a: Swampert\n|-immune|p1a: Swampert\n|\n|-weather|PrimordialSea|[upkeep]\n|-damage|p1a: Swampert|57\/100 brn|[from] brn\n|-end|p2a: Kyogre|move: Taunt\n|upkeep\n|turn|5\n|c|\u2606LocalCrazyPerson|misclick\n|\n|t:|1701013072\n|move|p1a: Swampert|Power-Up Punch|p2a: Kyogre\n|-damage|p2a: Kyogre|79\/100\n|-boost|p1a: Swampert|atk|1\n|move|p2a: Kyogre|Scald|p1a: Swampert\n|-damage|p1a: Swampert|29\/100 brn\n|\n|-weather|PrimordialSea|[upkeep]\n|-damage|p1a: Swampert|23\/100 brn|[from] brn\n|upkeep\n|turn|6\n|\n|t:|1701013078\n|move|p1a: Swampert|Earthquake|p2a: Kyogre\n|-damage|p2a: Kyogre|15\/100\n|move|p2a: Kyogre|Scald|p1a: Swampert\n|-damage|p1a: Swampert|0 fnt\n|faint|p1a: Swampert\n|\n|-weather|PrimordialSea|[upkeep]\n|upkeep\n|\n|t:|1701013088\n|switch|p1a: Rillaboom|Rillaboom, M|100\/100\n|-fieldstart|move: Grassy Terrain|[from] ability: Grassy Surge|[of] p1a: Rillaboom\n|-enditem|p1a: Rillaboom|Grassy Seed\n|-boost|p1a: Rillaboom|def|1|[from] item: Grassy Seed\n|turn|7\n|\n|t:|1701013094\n|move|p1a: Rillaboom|Fake Out|p2a: Kyogre\n|-damage|p2a: Kyogre|0 fnt\n|faint|p2a: Kyogre\n|-weather|none\n|\n|upkeep\n|\n|t:|1701013101\n|switch|p2a: Groudon|Groudon|100\/100\n|detailschange|p2a: Groudon|Groudon-Primal\n|-primal|p2a: Groudon|Red Orb\n|-weather|DesolateLand|[from] ability: Desolate Land|[of] p2a: Groudon\n|turn|8\n|\n|t:|1701013109\n|switch|p1a: Grimmsnarl|Grimmsnarl, M|31\/100 par\n|move|p2a: Groudon|Rock Polish|p2a: Groudon\n|-boost|p2a: Groudon|spe|2\n|\n|-weather|DesolateLand|[upkeep]\n|-heal|p1a: Grimmsnarl|37\/100 par|[from] Grassy Terrain\n|-sideend|p1: nosejugar957|move: Light Screen\n|upkeep\n|turn|9\n|\n|t:|1701013115\n|move|p1a: Grimmsnarl|Reflect|p1a: Grimmsnarl\n|-sidestart|p1: nosejugar957|Reflect\n|move|p2a: Groudon|Heat Crash|p1a: Grimmsnarl\n|-damage|p1a: Grimmsnarl|0 fnt\n|faint|p1a: Grimmsnarl\n|\n|-weather|DesolateLand|[upkeep]\n|upkeep\n|inactive|Battle timer is ON: inactive players will automatically lose when time's up. (requested by LocalCrazyPerson)\n|\n|t:|1701013139\n|switch|p1a: Iron Moth|Iron Moth|100\/100\n|turn|10\n|\n|t:|1701013143\n|-terastallize|p1a: Iron Moth|Ground\n|move|p2a: Groudon|Earthquake|p1a: Iron Moth\n|-damage|p1a: Iron Moth|70\/100\n|move|p1a: Iron Moth|Tera Blast|p2a: Groudon|[anim] Tera Blast Ground\n|-supereffective|p2a: Groudon\n|-damage|p2a: Groudon|0 fnt\n|faint|p2a: Groudon\n|-weather|none\n|\n|-heal|p1a: Iron Moth|76\/100|[from] Grassy Terrain\n|upkeep\n|c|\u2606LocalCrazyPerson|damn\n|\n|t:|1701013157\n|switch|p2a: Marshadow|Marshadow|100\/100\n|turn|11\n|\n|t:|1701013174\n|-end|p1a: Iron Moth|Quark Drive|[silent]\n|switch|p1a: Gliscor|Gliscor, F|100\/100\n|-terastallize|p2a: Marshadow|Flying\n|move|p2a: Marshadow|Acrobatics|p1a: Gliscor\n|-damage|p1a: Gliscor|85\/100\n|\n|-fieldend|move: Grassy Terrain\n|-status|p1a: Gliscor|tox|[from] item: Toxic Orb\n|upkeep\n|turn|12\n|\n|t:|1701013184\n|move|p1a: Gliscor|Protect|p1a: Gliscor\n|-singleturn|p1a: Gliscor|Protect\n|move|p2a: Marshadow|Spectral Thief|p1a: Gliscor\n|-activate|p1a: Gliscor|move: Protect\n|\n|-heal|p1a: Gliscor|97\/100 tox|[from] ability: Poison Heal\n|upkeep\n|turn|13\n|\n|t:|1701013195\n|switch|p2a: Giratina|Giratina-Origin|100\/100\n|move|p1a: Gliscor|Toxic|p2a: Giratina\n|-status|p2a: Giratina|tox\n|\n|-damage|p2a: Giratina|94\/100 tox|[from] psn\n|-heal|p1a: Gliscor|100\/100 tox|[from] ability: Poison Heal\n|upkeep\n|turn|14\n|\n|t:|1701013205\n|move|p1a: Gliscor|Protect|p1a: Gliscor\n|-singleturn|p1a: Gliscor|Protect\n|move|p2a: Giratina|Phantom Force||[still]\n|-prepare|p2a: Giratina|Phantom Force\n|\n|-damage|p2a: Giratina|82\/100 tox|[from] psn\n|upkeep\n|turn|15\n|\n|t:|1701013225\n|move|p1a: Gliscor|Protect||[still]\n|-fail|p1a: Gliscor\n|move|p2a: Giratina|Phantom Force|p1a: Gliscor|[from]lockedmove\n|-damage|p1a: Gliscor|80\/100 tox\n|\n|-damage|p2a: Giratina|64\/100 tox|[from] psn\n|-heal|p1a: Gliscor|92\/100 tox|[from] ability: Poison Heal\n|upkeep\n|turn|16\n|\n|t:|1701013246\n|move|p2a: Giratina|Breaking Swipe|p1a: Gliscor\n|-damage|p1a: Gliscor|77\/100 tox\n|-unboost|p1a: Gliscor|atk|1\n|move|p1a: Gliscor|Roost|p1a: Gliscor\n|-heal|p1a: Gliscor|100\/100 tox\n|-singleturn|p1a: Gliscor|move: Roost\n|\n|-damage|p2a: Giratina|39\/100 tox|[from] psn\n|-sideend|p1: nosejugar957|Reflect\n|upkeep\n|turn|17\n|\n|t:|1701013254\n|move|p2a: Giratina|Phantom Force||[still]\n|-prepare|p2a: Giratina|Phantom Force\n|move|p1a: Gliscor|Defog|p2a: Giratina|[miss]\n|-miss|p1a: Gliscor|p2a: Giratina\n|\n|-damage|p2a: Giratina|8\/100 tox|[from] psn\n|upkeep\n|turn|18\n|\n|t:|1701013264\n|move|p2a: Giratina|Phantom Force|p1a: Gliscor|[from]lockedmove\n|-damage|p1a: Gliscor|56\/100 tox\n|move|p1a: Gliscor|Roost|p1a: Gliscor\n|-heal|p1a: Gliscor|100\/100 tox\n|-singleturn|p1a: Gliscor|move: Roost\n|\n|-damage|p2a: Giratina|0 fnt|[from] psn\n|faint|p2a: Giratina\n|upkeep\n|c|\u2606LocalCrazyPerson|you\n|c|\u2606LocalCrazyPerson|are so annoying\n|c|\u2606LocalCrazyPerson|your gliscor atleast\n|inactive|LocalCrazyPerson has 120 seconds left.\n|\n|t:|1701013296\n|switch|p2a: Heatran|Heatran, F|100\/100\n|-item|p2a: Heatran|Air Balloon\n|turn|19\n|\n|t:|1701013305\n|switch|p1a: Kyogre|Kyogre|100\/100\n|-weather|RainDance|[from] ability: Drizzle|[of] p1a: Kyogre\n|move|p2a: Heatran|Taunt|p1a: Kyogre\n|-start|p1a: Kyogre|move: Taunt\n|\n|-weather|RainDance|[upkeep]\n|upkeep\n|turn|20\n|\n|t:|1701013320\n|switch|p2a: Marshadow|Marshadow, tera:Flying|100\/100\n|move|p1a: Kyogre|Origin Pulse|p2a: Marshadow\n|-enditem|p2a: Marshadow|Focus Sash\n|-damage|p2a: Marshadow|1\/100\n|\n|-weather|RainDance|[upkeep]\n|upkeep\n|turn|21\n|\n|t:|1701013328\n|move|p2a: Marshadow|Acrobatics|p1a: Kyogre\n|-damage|p1a: Kyogre|51\/100\n|move|p1a: Kyogre|Thunder|p2a: Marshadow\n|-supereffective|p2a: Marshadow\n|-damage|p2a: Marshadow|0 fnt\n|faint|p2a: Marshadow\n|\n|-weather|RainDance|[upkeep]\n|-heal|p1a: Kyogre|57\/100|[from] item: Leftovers\n|-end|p1a: Kyogre|move: Taunt\n|upkeep\n|\n|t:|1701013332\n|switch|p2a: Xerneas|Xerneas|100\/100\n|-ability|p2a: Xerneas|Fairy Aura\n|turn|22\n|inactive|nosejugar957 has 120 seconds left.\n|\n|t:|1701013374\n|switch|p1a: Gliscor|Gliscor, F|100\/100 tox\n|move|p2a: Xerneas|Thunderbolt|p1a: Gliscor\n|-immune|p1a: Gliscor\n|\n|-weather|RainDance|[upkeep]\n|upkeep\n|turn|23\n|\n|t:|1701013384\n|move|p2a: Xerneas|Geomancy||[still]\n|-prepare|p2a: Xerneas|Geomancy\n|-enditem|p2a: Xerneas|Power Herb\n|-anim|p2a: Xerneas|Geomancy|p2a: Xerneas\n|-boost|p2a: Xerneas|spa|2\n|-boost|p2a: Xerneas|spd|2\n|-boost|p2a: Xerneas|spe|2\n|move|p1a: Gliscor|Toxic|p2a: Xerneas\n|-status|p2a: Xerneas|tox\n|\n|-weather|none\n|-damage|p2a: Xerneas|94\/100 tox|[from] psn\n|upkeep\n|turn|24\n|inactive|nosejugar957 has 120 seconds left.\n|\n|t:|1701013396\n|move|p1a: Gliscor|Protect|p1a: Gliscor\n|-singleturn|p1a: Gliscor|Protect\n|move|p2a: Xerneas|Moonblast|p1a: Gliscor\n|-activate|p1a: Gliscor|move: Protect\n|\n|-damage|p2a: Xerneas|82\/100 tox|[from] psn\n|upkeep\n|turn|25\n|inactive|nosejugar957 has 120 seconds left.\n|\n|t:|1701013407\n|switch|p1a: Iron Moth|Iron Moth, tera:Ground|76\/100\n|move|p2a: Xerneas|Moonblast|p1a: Iron Moth\n|-damage|p1a: Iron Moth|0 fnt\n|faint|p1a: Iron Moth\n|-end|p1a: Iron Moth|Quark Drive|[silent]\n|\n|-damage|p2a: Xerneas|63\/100 tox|[from] psn\n|upkeep\n|\n|t:|1701013417\n|switch|p1a: Gliscor|Gliscor, F|100\/100 tox\n|turn|26\n|\n|t:|1701013422\n|move|p1a: Gliscor|Protect|p1a: Gliscor\n|-singleturn|p1a: Gliscor|Protect\n|move|p2a: Xerneas|Moonblast|p1a: Gliscor\n|-activate|p1a: Gliscor|move: Protect\n|\n|-damage|p2a: Xerneas|39\/100 tox|[from] psn\n|upkeep\n|turn|27\n|\n|t:|1701013432\n|switch|p1a: Rillaboom|Rillaboom, M|100\/100\n|-fieldstart|move: Grassy Terrain|[from] ability: Grassy Surge|[of] p1a: Rillaboom\n|move|p2a: Xerneas|Moonblast|p1a: Rillaboom\n|-damage|p1a: Rillaboom|0 fnt\n|faint|p1a: Rillaboom\n|\n|-heal|p2a: Xerneas|45\/100 tox|[from] Grassy Terrain\n|-damage|p2a: Xerneas|14\/100 tox|[from] psn\n|upkeep\n|\n|t:|1701013444\n|switch|p1a: Gliscor|Gliscor, F|100\/100 tox\n|turn|28\n|\n|t:|1701013453\n|move|p1a: Gliscor|Protect|p1a: Gliscor\n|-singleturn|p1a: Gliscor|Protect\n|move|p2a: Xerneas|Psychic|p1a: Gliscor\n|-activate|p1a: Gliscor|move: Protect\n|\n|-heal|p2a: Xerneas|20\/100 tox|[from] Grassy Terrain\n|-damage|p2a: Xerneas|0 fnt|[from] psn\n|faint|p2a: Xerneas\n|upkeep\n|\n|t:|1701013455\n|switch|p2a: Heatran|Heatran, F|100\/100\n|-item|p2a: Heatran|Air Balloon\n|turn|29\n|\n|t:|1701013464\n|move|p2a: Heatran|Earth Power|p1a: Gliscor\n|-immune|p1a: Gliscor\n|move|p1a: Gliscor|Defog|p2a: Heatran\n|-unboost|p2a: Heatran|evasion|1\n|-fieldend|move: Grassy Terrain\n|\n|upkeep\n|turn|30\n|\n|t:|1701013474\n|move|p2a: Heatran|Fire Blast|p1a: Gliscor\n|-damage|p1a: Gliscor|30\/100 tox\n|move|p1a: Gliscor|Defog|p2a: Heatran\n|-unboost|p2a: Heatran|evasion|1\n|\n|-heal|p1a: Gliscor|43\/100 tox|[from] ability: Poison Heal\n|upkeep\n|turn|31\n|\n|t:|1701013485\n|move|p1a: Gliscor|Protect|p1a: Gliscor\n|-singleturn|p1a: Gliscor|Protect\n|move|p2a: Heatran|Fire Blast|p1a: Gliscor\n|-activate|p1a: Gliscor|move: Protect\n|\n|-heal|p1a: Gliscor|55\/100 tox|[from] ability: Poison Heal\n|upkeep\n|turn|32\n|\n|t:|1701013502\n|move|p2a: Heatran|Taunt|p1a: Gliscor\n|-start|p1a: Gliscor|move: Taunt\n|cant|p1a: Gliscor|move: Taunt|Roost\n|\n|-heal|p1a: Gliscor|67\/100 tox|[from] ability: Poison Heal\n|upkeep\n|turn|33\n|\n|t:|1701013511\n|move|p2a: Heatran|Fire Blast|p1a: Gliscor|[miss]\n|-miss|p2a: Heatran|p1a: Gliscor\n|-activate|p1a: Gliscor|move: Struggle\n|move|p1a: Gliscor|Struggle|p2a: Heatran\n|-damage|p2a: Heatran|92\/100\n|-enditem|p2a: Heatran|Air Balloon\n|-damage|p1a: Gliscor|42\/100 tox|[from] recoil\n|\n|-heal|p1a: Gliscor|55\/100 tox|[from] ability: Poison Heal\n|upkeep\n|turn|34\n|\n|t:|1701013525\n|switch|p1a: Kyogre|Kyogre|57\/100\n|-weather|RainDance|[from] ability: Drizzle|[of] p1a: Kyogre\n|move|p2a: Heatran|Fire Blast|p1a: Kyogre\n|-resisted|p1a: Kyogre\n|-damage|p1a: Kyogre|47\/100\n|\n|-weather|RainDance|[upkeep]\n|-heal|p1a: Kyogre|53\/100|[from] item: Leftovers\n|upkeep\n|turn|35\n|\n|t:|1701013533\n|move|p2a: Heatran|Earth Power|p1a: Kyogre\n|-damage|p1a: Kyogre|31\/100\n|-unboost|p1a: Kyogre|spd|1\n|move|p1a: Kyogre|Origin Pulse|p2a: Heatran\n|-supereffective|p2a: Heatran\n|-damage|p2a: Heatran|0 fnt\n|faint|p2a: Heatran\n|\n|win|nosejugar957\n|raw|nosejugar957's rating: 1194 &rarr; <strong>1225<\/strong><br \/>(+31 for winning)\n|raw|LocalCrazyPerson's rating: 1286 &rarr; <strong>1255<\/strong><br \/>(-31 for losing)\n|c|\u2606LocalCrazyPerson|gg\n|l|\u2606LocalCrazyPerson\n","uploadtime":1701013548,"views":2,"p1id":"nosejugar957","p2id":"localcrazyperson","formatid":"gen9nationaldexubers","rating":1225,"private":0,"password":""}