{"id":"gen9nationaldexubers-1995879965","p1":"Bobbert134","p2":"Epicman2024","format":"[Gen 9] National Dex Ubers","log":"|j|\u2606Bobbert134\n|j|\u2606Epicman2024\n|t:|1700612885\n|gametype|singles\n|player|p1|Bobbert134|psychic-gen4|\n|player|p2|Epicman2024|265|\n|teamsize|p1|6\n|teamsize|p2|6\n|gen|9\n|tier|[Gen 9] National Dex Ubers\n|rule|HP Percentage Mod: HP is shown in percentages\n|rule|Endless Battle Clause: Forcing endless battles is banned\n|rule|OHKO Clause: OHKO moves are banned\n|rule|Evasion Moves Clause: Evasion moves are banned\n|rule|Evasion Items Clause: Evasion items are banned\n|rule|Species Clause: Limit one of each Pok\u00e9mon\n|rule|Sleep Clause Mod: Limit one foe put to sleep\n|rule|Mega Rayquaza Clause: You cannot mega evolve Rayquaza\n|clearpoke\n|poke|p1|Inteleon, M|\n|poke|p1|Tapu Koko|\n|poke|p1|Ursaluna-Bloodmoon, M|\n|poke|p1|Baxcalibur, F|\n|poke|p1|Scizor, F|\n|poke|p1|Volcarona, F|\n|poke|p2|Altaria, M|\n|poke|p2|Kingambit, M|\n|poke|p2|Greninja-*, M|\n|poke|p2|Palafin, F|\n|poke|p2|Iron Bundle|\n|poke|p2|Zacian-*|\n|teampreview\n|\n|t:|1700612904\n|start\n|switch|p1a: Inteleon|Inteleon, M, shiny|100\/100\n|switch|p2a: Zacian|Zacian-Crowned, shiny|100\/100\n|-ability|p2a: Zacian|Intrepid Sword|boost\n|-boost|p2a: Zacian|atk|1\n|turn|1\n|\n|t:|1700612912\n|move|p2a: Zacian|Wild Charge|p1a: Inteleon\n|-supereffective|p1a: Inteleon\n|-damage|p1a: Inteleon|0 fnt\n|faint|p1a: Inteleon\n|-damage|p2a: Zacian|79\/100|[from] Recoil\n|\n|upkeep\n|\n|t:|1700612914\n|switch|p1a: Ursaluna|Ursaluna-Bloodmoon, M|100\/100\n|turn|2\n|\n|t:|1700612937\n|move|p2a: Zacian|Behemoth Blade|p1a: Ursaluna\n|-damage|p1a: Ursaluna|45\/100\n|move|p1a: Ursaluna|Earth Power|p2a: Zacian\n|-supereffective|p2a: Zacian\n|-damage|p2a: Zacian|0 fnt\n|faint|p2a: Zacian\n|\n|-heal|p1a: Ursaluna|51\/100|[from] item: Leftovers\n|upkeep\n|\n|t:|1700612954\n|switch|p2a: Palafin|Palafin, F|100\/100\n|turn|3\n|\n|t:|1700612978\n|move|p2a: Palafin|Aqua Tail|p1a: Ursaluna|[miss]\n|-miss|p2a: Palafin|p1a: Ursaluna\n|move|p1a: Ursaluna|Blood Moon|p2a: Palafin\n|-damage|p2a: Palafin|0 fnt\n|faint|p2a: Palafin\n|\n|-heal|p1a: Ursaluna|57\/100|[from] item: Leftovers\n|upkeep\n|\n|t:|1700612989\n|switch|p2a: Iron Bundle|Iron Bundle|100\/100\n|turn|4\n|\n|t:|1700612995\n|move|p2a: Iron Bundle|Hydro Pump|p1a: Ursaluna|[miss]\n|-miss|p2a: Iron Bundle|p1a: Ursaluna\n|move|p1a: Ursaluna|Earth Power|p2a: Iron Bundle\n|-damage|p2a: Iron Bundle|0 fnt\n|faint|p2a: Iron Bundle\n|-end|p2a: Iron Bundle|Quark Drive|[silent]\n|\n|-heal|p1a: Ursaluna|63\/100|[from] item: Leftovers\n|upkeep\n|\n|t:|1700613004\n|switch|p2a: Greninja|Greninja, M|100\/100\n|turn|5\n|\n|t:|1700613011\n|move|p2a: Greninja|Water Shuriken|p1a: Ursaluna\n|-supereffective|p1a: Ursaluna\n|-damage|p1a: Ursaluna|44\/100\n|-supereffective|p1a: Ursaluna\n|-damage|p1a: Ursaluna|24\/100\n|-supereffective|p1a: Ursaluna\n|-damage|p1a: Ursaluna|2\/100\n|-supereffective|p1a: Ursaluna\n|-damage|p1a: Ursaluna|0 fnt\n|faint|p1a: Ursaluna\n|-ability|p2a: Greninja|Battle Bond|boost\n|-boost|p2a: Greninja|atk|1\n|-boost|p2a: Greninja|spa|1\n|-boost|p2a: Greninja|spe|1\n|-activate|p2a: Greninja|ability: Battle Bond\n|-hitcount|p1: Ursaluna|4\n|-damage|p2a: Greninja|91\/100|[from] item: Life Orb\n|\n|upkeep\n|\n|t:|1700613030\n|switch|p1a: Volcarona|Volcarona, F, shiny|100\/100\n|turn|6\n|\n|t:|1700613043\n|-terastallize|p1a: Volcarona|Water\n|move|p2a: Greninja|Water Shuriken|p1a: Volcarona\n|-resisted|p1a: Volcarona\n|-damage|p1a: Volcarona|93\/100\n|-resisted|p1a: Volcarona\n|-damage|p1a: Volcarona|87\/100\n|-resisted|p1a: Volcarona\n|-damage|p1a: Volcarona|80\/100\n|-hitcount|p1a: Volcarona|3\n|-damage|p2a: Greninja|81\/100|[from] item: Life Orb\n|move|p1a: Volcarona|Quiver Dance|p1a: Volcarona\n|-boost|p1a: Volcarona|spa|1\n|-boost|p1a: Volcarona|spd|1\n|-boost|p1a: Volcarona|spe|1\n|\n|upkeep\n|turn|7\n|\n|t:|1700613068\n|move|p2a: Greninja|Toxic|p1a: Volcarona|[miss]\n|-miss|p2a: Greninja|p1a: Volcarona\n|move|p1a: Volcarona|Tera Blast|p2a: Greninja|[anim] Tera Blast Water\n|-resisted|p2a: Greninja\n|-damage|p2a: Greninja|26\/100\n|\n|upkeep\n|turn|8\n|\n|t:|1700613078\n|move|p2a: Greninja|Toxic|p1a: Volcarona\n|-status|p1a: Volcarona|tox\n|move|p1a: Volcarona|Fiery Dance|p2a: Greninja\n|-resisted|p2a: Greninja\n|-damage|p2a: Greninja|0 fnt\n|faint|p2a: Greninja\n|\n|-damage|p1a: Volcarona|74\/100 tox|[from] psn\n|upkeep\n|\n|t:|1700613087\n|switch|p2a: Altaria|Altaria, M|100\/100\n|turn|9\n|\n|t:|1700613097\n|detailschange|p2a: Altaria|Altaria-Mega, M\n|-mega|p2a: Altaria|Altaria|Altarianite\n|move|p1a: Volcarona|Bug Buzz|p2a: Altaria\n|-resisted|p2a: Altaria\n|-damage|p2a: Altaria|58\/100\n|move|p2a: Altaria|Earthquake|p1a: Volcarona\n|-damage|p1a: Volcarona|19\/100 tox\n|\n|-damage|p1a: Volcarona|7\/100 tox|[from] psn\n|upkeep\n|turn|10\n|\n|t:|1700613111\n|move|p1a: Volcarona|Bug Buzz|p2a: Altaria\n|-resisted|p2a: Altaria\n|-damage|p2a: Altaria|15\/100\n|-unboost|p2a: Altaria|spd|1\n|move|p2a: Altaria|Roost|p2a: Altaria\n|-heal|p2a: Altaria|65\/100\n|-singleturn|p2a: Altaria|move: Roost\n|\n|-damage|p1a: Volcarona|0 fnt|[from] psn\n|faint|p1a: Volcarona\n|upkeep\n|\n|t:|1700613119\n|switch|p1a: Scizor|Scizor, F, shiny|100\/100\n|turn|11\n|\n|t:|1700613133\n|detailschange|p1a: Scizor|Scizor-Mega, F, shiny\n|-mega|p1a: Scizor|Scizor|Scizorite\n|move|p1a: Scizor|Bullet Punch|p2a: Altaria\n|-supereffective|p2a: Altaria\n|-damage|p2a: Altaria|0 fnt\n|faint|p2a: Altaria\n|\n|upkeep\n|\n|t:|1700613139\n|switch|p2a: Kingambit|Kingambit, M|100\/100\n|-activate|p2a: Kingambit|ability: Supreme Overlord\n|-start|p2a: Kingambit|fallen5|[silent]\n|turn|12\n|\n|t:|1700613153\n|move|p1a: Scizor|U-turn|p2a: Kingambit\n|-damage|p2a: Kingambit|67\/100\n|\n|t:|1700613157\n|switch|p1a: Tapu Koko|Tapu Koko, shiny|100\/100|[from] U-turn\n|-fieldstart|move: Electric Terrain|[from] ability: Electric Surge|[of] p1a: Tapu Koko\n|move|p2a: Kingambit|Low Kick|p1a: Tapu Koko\n|-resisted|p1a: Tapu Koko\n|-damage|p1a: Tapu Koko|79\/100\n|\n|upkeep\n|turn|13\n|\n|t:|1700613183\n|move|p1a: Tapu Koko|Reflect|p1a: Tapu Koko\n|-sidestart|p1: Bobbert134|Reflect\n|move|p2a: Kingambit|Iron Head|p1a: Tapu Koko\n|-crit|p1a: Tapu Koko\n|-damage|p1a: Tapu Koko|0 fnt\n|faint|p1a: Tapu Koko\n|\n|upkeep\n|\n|t:|1700613188\n|switch|p1a: Scizor|Scizor-Mega, F, shiny|100\/100\n|turn|14\n|\n|t:|1700613208\n|move|p1a: Scizor|Swords Dance|p1a: Scizor\n|-boost|p1a: Scizor|atk|2\n|move|p2a: Kingambit|Low Kick|p1a: Scizor\n|-damage|p1a: Scizor|75\/100\n|\n|upkeep\n|turn|15\n|\n|t:|1700613223\n|-terastallize|p2a: Kingambit|Fighting\n|move|p1a: Scizor|Trailblaze|p2a: Kingambit\n|-damage|p2a: Kingambit|20\/100\n|-boost|p1a: Scizor|spe|1\n|move|p2a: Kingambit|Kowtow Cleave|p1a: Scizor\n|-crit|p1a: Scizor\n|-damage|p1a: Scizor|0 fnt\n|faint|p1a: Scizor\n|\n|upkeep\n|\n|t:|1700613231\n|switch|p1a: Baxcalibur|Baxcalibur, F, shiny|100\/100\n|turn|16\n|\n|t:|1700613244\n|move|p1a: Baxcalibur|Scale Shot|p2a: Kingambit|[miss]\n|-miss|p1a: Baxcalibur|p2a: Kingambit\n|move|p2a: Kingambit|Low Kick|p1a: Baxcalibur\n|-supereffective|p1a: Baxcalibur\n|-damage|p1a: Baxcalibur|0 fnt\n|faint|p1a: Baxcalibur\n|\n|win|Epicman2024\n|l|\u2606Bobbert134\n","uploadtime":1700613272,"views":12,"p1id":"bobbert134","p2id":"epicman2024","formatid":"gen9nationaldexubers","rating":0,"private":0,"password":""}