{"id":"gen9nationaldexubers-1994215133","p1":"talalcht","p2":"Papasfritas 12345","format":"[Gen 9] National Dex Ubers","log":"|j|\u2606talalcht\n|j|\u2606Papasfritas 12345\n|t:|1700419782\n|gametype|singles\n|player|p1|talalcht|palmer|\n|player|p2|Papasfritas 12345|riley|\n|teamsize|p1|6\n|teamsize|p2|6\n|gen|9\n|tier|[Gen 9] National Dex Ubers\n|rule|HP Percentage Mod: HP is shown in percentages\n|rule|Endless Battle Clause: Forcing endless battles is banned\n|rule|OHKO Clause: OHKO moves are banned\n|rule|Evasion Moves Clause: Evasion moves are banned\n|rule|Evasion Items Clause: Evasion items are banned\n|rule|Species Clause: Limit one of each Pok\u00e9mon\n|rule|Sleep Clause Mod: Limit one foe put to sleep\n|rule|Mega Rayquaza Clause: You cannot mega evolve Rayquaza\n|clearpoke\n|poke|p1|Galvantula, F|\n|poke|p1|Xerneas-*|\n|poke|p1|Blaziken, F|\n|poke|p1|Manaphy|\n|poke|p1|Kartana|\n|poke|p1|Garchomp, F|\n|poke|p2|Aegislash, F|\n|poke|p2|Goodra, F|\n|poke|p2|Salamence, M|\n|poke|p2|Lucario, F|\n|poke|p2|Rayquaza|\n|poke|p2|Arcanine, M|\n|teampreview\n|\n|t:|1700419799\n|start\n|switch|p1a: B|Blaziken, F|100\/100\n|switch|p2a: Rayquaza|Rayquaza|100\/100\n|-ability|p2a: Rayquaza|Air Lock\n|turn|1\n|inactive|Battle timer is ON: inactive players will automatically lose when time's up. (requested by talalcht)\n|\n|t:|1700419813\n|detailschange|p1a: B|Blaziken-Mega, F\n|-mega|p1a: B|Blaziken|Blazikenite\n|move|p1a: B|Swords Dance|p1a: B\n|-boost|p1a: B|atk|2\n|move|p2a: Rayquaza|Dragon Dance|p2a: Rayquaza\n|-boost|p2a: Rayquaza|atk|1\n|-boost|p2a: Rayquaza|spe|1\n|\n|-ability|p1a: B|Speed Boost|boost\n|-boost|p1a: B|spe|1\n|upkeep\n|turn|2\n|\n|t:|1700419829\n|move|p1a: B|Flare Blitz|p2a: Rayquaza\n|-resisted|p2a: Rayquaza\n|-damage|p2a: Rayquaza|15\/100\n|-damage|p1a: B|68\/100|[from] Recoil\n|move|p2a: Rayquaza|Dragon Ascent|p1a: B\n|-supereffective|p1a: B\n|-damage|p1a: B|0 fnt\n|-unboost|p2a: Rayquaza|def|1\n|-unboost|p2a: Rayquaza|spd|1\n|faint|p1a: B\n|\n|upkeep\n|\n|t:|1700419848\n|switch|p1a: R|Galvantula, F|100\/100\n|turn|3\n|\n|t:|1700419857\n|move|p2a: Rayquaza|Dragon Ascent|p1a: R\n|-enditem|p1a: R|Focus Sash\n|-damage|p1a: R|1\/100\n|-unboost|p2a: Rayquaza|def|1\n|-unboost|p2a: Rayquaza|spd|1\n|move|p1a: R|Thunderbolt|p2a: Rayquaza\n|-damage|p2a: Rayquaza|0 fnt\n|faint|p2a: Rayquaza\n|\n|upkeep\n|\n|t:|1700419869\n|switch|p2a: Salamence|Salamence, M|100\/100\n|-ability|p2a: Salamence|Intimidate|boost\n|-unboost|p1a: R|atk|1\n|turn|4\n|\n|t:|1700419881\n|move|p1a: R|Thunderbolt|p2a: Salamence\n|-damage|p2a: Salamence|55\/100\n|-status|p2a: Salamence|par\n|-enditem|p2a: Salamence|Lum Berry|[eat]\n|-curestatus|p2a: Salamence|par|[msg]\n|move|p2a: Salamence|Outrage|p1a: R\n|-damage|p1a: R|0 fnt\n|faint|p1a: R\n|\n|upkeep\n|\n|t:|1700419892\n|switch|p1a: E|Xerneas|100\/100\n|-ability|p1a: E|Fairy Aura\n|turn|5\n|\n|t:|1700419904\n|move|p2a: Salamence|Outrage|p1a: E|[from]lockedmove\n|-immune|p1a: E\n|move|p1a: E|Geomancy||[still]\n|-prepare|p1a: E|Geomancy\n|-enditem|p1a: E|Power Herb\n|-anim|p1a: E|Geomancy|p1a: E\n|-boost|p1a: E|spa|2\n|-boost|p1a: E|spd|2\n|-boost|p1a: E|spe|2\n|\n|upkeep\n|turn|6\n|\n|t:|1700419918\n|switch|p2a: Aegislash|Aegislash, F|100\/100\n|move|p1a: E|Moonblast|p2a: Aegislash\n|-resisted|p2a: Aegislash\n|-damage|p2a: Aegislash|57\/100\n|\n|upkeep\n|turn|7\n|\n|t:|1700419933\n|-terastallize|p1a: E|Fairy\n|move|p1a: E|Moonblast|p2a: Aegislash\n|-resisted|p2a: Aegislash\n|-damage|p2a: Aegislash|1\/100\n|-formechange|p2a: Aegislash|Aegislash-Blade||[from] ability: Stance Change\n|move|p2a: Aegislash|Flash Cannon|p1a: E\n|-supereffective|p1a: E\n|-damage|p1a: E|74\/100\n|\n|upkeep\n|turn|8\n|\n|t:|1700419944\n|-formechange|p2a: Aegislash|Aegislash||[from] ability: Stance Change\n|move|p2a: Aegislash|King's Shield|p2a: Aegislash\n|-singleturn|p2a: Aegislash|Protect\n|move|p1a: E|Moonblast|p2a: Aegislash\n|-activate|p2a: Aegislash|move: Protect\n|\n|upkeep\n|turn|9\n|\n|t:|1700419954\n|-formechange|p2a: Aegislash|Aegislash-Blade||[from] ability: Stance Change\n|move|p2a: Aegislash|Shadow Sneak|p1a: E\n|-damage|p1a: E|60\/100\n|move|p1a: E|Psyshock|p2a: Aegislash\n|-resisted|p2a: Aegislash\n|-damage|p2a: Aegislash|0 fnt\n|faint|p2a: Aegislash\n|\n|upkeep\n|\n|t:|1700419967\n|switch|p2a: Arcanine|Arcanine, M|100\/100\n|-ability|p2a: Arcanine|Intimidate|boost\n|-unboost|p1a: E|atk|1\n|turn|10\n|\n|t:|1700419983\n|move|p1a: E|Psyshock|p2a: Arcanine\n|-damage|p2a: Arcanine|22\/100\n|move|p2a: Arcanine|Flare Blitz|p1a: E\n|-damage|p1a: E|18\/100\n|-damage|p2a: Arcanine|3\/100|[from] Recoil\n|\n|-heal|p2a: Arcanine|9\/100|[from] item: Leftovers\n|upkeep\n|turn|11\n|\n|t:|1700420000\n|move|p2a: Arcanine|Extreme Speed|p1a: E\n|-damage|p1a: E|0 fnt\n|faint|p1a: E\n|\n|-heal|p2a: Arcanine|15\/100|[from] item: Leftovers\n|upkeep\n|\n|t:|1700420008\n|switch|p1a: N|Garchomp, F|100\/100\n|turn|12\n|\n|t:|1700420020\n|move|p2a: Arcanine|Extreme Speed|p1a: N\n|-damage|p1a: N|76\/100\n|-damage|p2a: Arcanine|3\/100|[from] ability: Rough Skin|[of] p1a: N\n|-damage|p2a: Arcanine|0 fnt|[from] item: Rocky Helmet|[of] p1a: N\n|faint|p2a: Arcanine\n|move|p1a: N|Dragon Claw|p2: Arcanine|[notarget]\n|-fail|p1a: N\n|\n|upkeep\n|\n|t:|1700420042\n|switch|p2a: Lucario|Lucario, F|100\/100\n|turn|13\n|\n|t:|1700420048\n|move|p1a: N|Earthquake|p2a: Lucario\n|-supereffective|p2a: Lucario\n|-damage|p2a: Lucario|0 fnt\n|faint|p2a: Lucario\n|\n|upkeep\n|\n|t:|1700420053\n|switch|p2a: Salamence|Salamence, M|55\/100\n|-ability|p2a: Salamence|Intimidate|boost\n|-unboost|p1a: N|atk|1\n|turn|14\n|\n|t:|1700420060\n|move|p1a: N|Dragon Claw|p2a: Salamence\n|-supereffective|p2a: Salamence\n|-damage|p2a: Salamence|0 fnt\n|faint|p2a: Salamence\n|\n|upkeep\n|\n|t:|1700420065\n|switch|p2a: Goodra|Goodra, F|100\/100\n|turn|15\n|\n|t:|1700420071\n|-terastallize|p2a: Goodra|Dragon\n|move|p1a: N|Dragon Claw|p2a: Goodra\n|-supereffective|p2a: Goodra\n|-damage|p2a: Goodra|36\/100\n|move|p2a: Goodra|Muddy Water|p1a: N|[miss]\n|-miss|p2a: Goodra|p1a: N\n|\n|upkeep\n|turn|16\n|\n|t:|1700420080\n|move|p1a: N|Dragon Claw|p2a: Goodra\n|-supereffective|p2a: Goodra\n|-damage|p2a: Goodra|0 fnt\n|faint|p2a: Goodra\n|\n|win|talalcht\n|l|\u2606Papasfritas 12345\n","uploadtime":1700420087,"views":4,"p1id":"talalcht","p2id":"papasfritas12345","formatid":"gen9nationaldexubers","rating":0,"private":0,"password":""}