{"id":"gen9nationaldexubers-1988390221","p1":"ZacEditsYT","p2":"Williamsahous","format":"[Gen 9] National Dex Ubers","log":"|j|\u2606ZacEditsYT\n|j|\u2606Williamsahous\n|t:|1699717547\n|gametype|singles\n|player|p1|ZacEditsYT|akari|1093\n|player|p2|Williamsahous|red|1056\n|teamsize|p1|6\n|teamsize|p2|6\n|gen|9\n|tier|[Gen 9] National Dex Ubers\n|rated|\n|rule|HP Percentage Mod: HP is shown in percentages\n|rule|Endless Battle Clause: Forcing endless battles is banned\n|rule|OHKO Clause: OHKO moves are banned\n|rule|Evasion Moves Clause: Evasion moves are banned\n|rule|Evasion Items Clause: Evasion items are banned\n|rule|Species Clause: Limit one of each Pok\u00e9mon\n|rule|Sleep Clause Mod: Limit one foe put to sleep\n|rule|Mega Rayquaza Clause: You cannot mega evolve Rayquaza\n|clearpoke\n|poke|p1|Charizard, M|\n|poke|p1|Espathra, F|\n|poke|p1|Ferrothorn, F|\n|poke|p1|Ribombee, M|\n|poke|p1|Lugia|\n|poke|p1|Necrozma-Dusk-Mane|\n|poke|p2|Cloyster, F|\n|poke|p2|Mr. Mime, F|\n|poke|p2|Flareon, M|\n|poke|p2|Jolteon, M|\n|poke|p2|Vaporeon, F|\n|poke|p2|Pinsir, F|\n|teampreview\n|inactive|Battle timer is ON: inactive players will automatically lose when time's up. (requested by ZacEditsYT)\n|inactive|Williamsahous also wants the timer to be on.\n|\n|t:|1699717558\n|start\n|switch|p1a: Ribombee|Ribombee, M|100\/100\n|switch|p2a: Jolteon|Jolteon, M|100\/100\n|-item|p2a: Jolteon|Air Balloon\n|turn|1\n|c|\u2606ZacEditsYT|the trio\n|\n|t:|1699717570\n|move|p2a: Jolteon|Thunder Wave|p1a: Ribombee\n|-status|p1a: Ribombee|par\n|move|p1a: Ribombee|Sticky Web|p2a: Jolteon\n|-sidestart|p2: Williamsahous|move: Sticky Web\n|\n|upkeep\n|turn|2\n|\n|t:|1699717576\n|move|p2a: Jolteon|Thunderbolt|p1a: Ribombee\n|-damage|p1a: Ribombee|22\/100 par\n|move|p1a: Ribombee|Substitute|p1a: Ribombee\n|-fail|p1a: Ribombee|move: Substitute|[weak]\n|\n|upkeep\n|turn|3\n|\n|t:|1699717582\n|move|p2a: Jolteon|Thunderbolt|p1a: Ribombee\n|-damage|p1a: Ribombee|0 fnt\n|faint|p1a: Ribombee\n|\n|upkeep\n|c|\u2606Williamsahous|Fr\n|\n|t:|1699717594\n|switch|p1a: Charizard|Charizard, M, shiny|100\/100\n|turn|4\n|c|\u2606Williamsahous|no one has ever beaten this team\n|\n|t:|1699717606\n|detailschange|p1a: Charizard|Charizard-Mega-X, M, shiny\n|-mega|p1a: Charizard|Charizard|Charizardite X\n|move|p2a: Jolteon|Thunderbolt|p1a: Charizard\n|-resisted|p1a: Charizard\n|-damage|p1a: Charizard|78\/100\n|move|p1a: Charizard|Dragon Dance|p1a: Charizard\n|-boost|p1a: Charizard|atk|1\n|-boost|p1a: Charizard|spe|1\n|\n|upkeep\n|turn|5\n|\n|t:|1699717614\n|move|p2a: Jolteon|Thunder Wave|p1a: Charizard\n|-status|p1a: Charizard|par\n|move|p1a: Charizard|Dragon Dance|p1a: Charizard\n|-boost|p1a: Charizard|atk|1\n|-boost|p1a: Charizard|spe|1\n|\n|upkeep\n|turn|6\n|c|\u2606ZacEditsYT|ill do my best\n|\n|t:|1699717625\n|-terastallize|p2a: Jolteon|Electric\n|move|p2a: Jolteon|Volt Switch|p1a: Charizard\n|-resisted|p1a: Charizard\n|-damage|p1a: Charizard|55\/100 par\n|c|\u2606Williamsahous|Ok\n|c|\u2606ZacEditsYT|i dont think you have a switchin ngl\n|\n|t:|1699717641\n|switch|p2a: Vaporeon|Vaporeon, F|100\/100|[from] Volt Switch\n|-activate|p2a: Vaporeon|move: Sticky Web\n|-unboost|p2a: Vaporeon|spe|1\n|move|p1a: Charizard|Dragon Claw|p2a: Vaporeon\n|-damage|p2a: Vaporeon|0 fnt\n|faint|p2a: Vaporeon\n|\n|upkeep\n|\n|t:|1699717651\n|switch|p2a: Cloyster|Cloyster, F|100\/100\n|-activate|p2a: Cloyster|move: Sticky Web\n|-unboost|p2a: Cloyster|spe|1\n|turn|7\n|\n|t:|1699717658\n|move|p1a: Charizard|Blaze Kick|p2a: Cloyster\n|-enditem|p2a: Cloyster|Focus Sash\n|-damage|p2a: Cloyster|1\/100\n|-status|p2a: Cloyster|brn\n|move|p2a: Cloyster|Shell Smash|p2a: Cloyster\n|-unboost|p2a: Cloyster|def|1\n|-unboost|p2a: Cloyster|spd|1\n|-boost|p2a: Cloyster|atk|2\n|-boost|p2a: Cloyster|spa|2\n|-boost|p2a: Cloyster|spe|2\n|\n|-damage|p2a: Cloyster|0 fnt|[from] brn\n|faint|p2a: Cloyster\n|upkeep\n|c|\u2606ZacEditsYT|THE LUCKKKKKKK\n|\n|t:|1699717671\n|switch|p2a: Mr. Mime|Mr. Mime, F|100\/100\n|-activate|p2a: Mr. Mime|move: Sticky Web\n|-unboost|p2a: Mr. Mime|spe|1\n|turn|8\n|c|\u2606ZacEditsYT|LETS GO\n|\n|t:|1699717676\n|move|p1a: Charizard|Blaze Kick|p2a: Mr. Mime\n|-crit|p2a: Mr. Mime\n|-damage|p2a: Mr. Mime|0 fnt\n|faint|p2a: Mr. Mime\n|\n|upkeep\n|\n|t:|1699717680\n|switch|p2a: Jolteon|Jolteon, M, tera:Electric|100\/100\n|-item|p2a: Jolteon|Air Balloon\n|turn|9\n|\n|t:|1699717685\n|move|p2a: Jolteon|Thunderbolt|p1a: Charizard\n|-resisted|p1a: Charizard\n|-damage|p1a: Charizard|20\/100 par\n|move|p1a: Charizard|Dragon Claw|p2a: Jolteon\n|-damage|p2a: Jolteon|0 fnt\n|-enditem|p2a: Jolteon|Air Balloon\n|faint|p2a: Jolteon\n|\n|upkeep\n|\n|t:|1699717695\n|switch|p2a: Pinsir|Pinsir, F|100\/100\n|-activate|p2a: Pinsir|move: Sticky Web\n|-unboost|p2a: Pinsir|spe|1\n|turn|10\n|\n|t:|1699717700\n|detailschange|p2a: Pinsir|Pinsir-Mega, F\n|-mega|p2a: Pinsir|Pinsir|Pinsirite\n|move|p2a: Pinsir|Quick Attack|p1a: Charizard\n|-damage|p1a: Charizard|0 fnt\n|faint|p1a: Charizard\n|\n|upkeep\n|\n|t:|1699717705\n|switch|p1a: Ferrothorn|Ferrothorn, F|100\/100\n|turn|11\n|\n|t:|1699717716\n|-terastallize|p1a: Ferrothorn|Water\n|move|p2a: Pinsir|Bulk Up|p2a: Pinsir\n|-boost|p2a: Pinsir|atk|1\n|-boost|p2a: Pinsir|def|1\n|move|p1a: Ferrothorn|Stealth Rock|p2a: Pinsir\n|-sidestart|p2: Williamsahous|move: Stealth Rock\n|\n|upkeep\n|turn|12\n|\n|t:|1699717725\n|move|p2a: Pinsir|X-Scissor|p1a: Ferrothorn\n|-damage|p1a: Ferrothorn|56\/100\n|-damage|p2a: Pinsir|88\/100|[from] ability: Iron Barbs|[of] p1a: Ferrothorn\n|move|p1a: Ferrothorn|Leech Seed|p2a: Pinsir\n|-start|p2a: Pinsir|move: Leech Seed\n|\n|-heal|p1a: Ferrothorn|62\/100|[from] item: Leftovers\n|-damage|p2a: Pinsir|76\/100|[from] Leech Seed|[of] p1a: Ferrothorn\n|-heal|p1a: Ferrothorn|72\/100|[silent]\n|upkeep\n|turn|13\n|\n|t:|1699717736\n|move|p2a: Pinsir|Stone Edge|p1a: Ferrothorn\n|-damage|p1a: Ferrothorn|40\/100\n|move|p1a: Ferrothorn|Gyro Ball|p2a: Pinsir\n|-damage|p2a: Pinsir|40\/100\n|\n|-heal|p1a: Ferrothorn|46\/100|[from] item: Leftovers\n|-damage|p2a: Pinsir|27\/100|[from] Leech Seed|[of] p1a: Ferrothorn\n|-heal|p1a: Ferrothorn|55\/100|[silent]\n|upkeep\n|turn|14\n|\n|t:|1699717752\n|move|p2a: Pinsir|X-Scissor|p1a: Ferrothorn\n|-damage|p1a: Ferrothorn|14\/100\n|-damage|p2a: Pinsir|15\/100|[from] ability: Iron Barbs|[of] p1a: Ferrothorn\n|move|p1a: Ferrothorn|Gyro Ball|p2a: Pinsir\n|-damage|p2a: Pinsir|0 fnt\n|faint|p2a: Pinsir\n|\n|-heal|p1a: Ferrothorn|21\/100|[from] item: Leftovers\n|upkeep\n|inactive|Williamsahous has 120 seconds left.\n|c|\u2606ZacEditsYT|if nobody has beaten this team\n|inactive|Williamsahous has 90 seconds left.\n|c|\u2606ZacEditsYT|i guess i am the first\n|inactive|Williamsahous has 60 seconds left.\n|c|\u2606ZacEditsYT|hehehehe\n|inactive|Williamsahous has 30 seconds left.\n|inactive|Williamsahous has 20 seconds left.\n|\n|t:|1699717876\n|switch|p2a: Flareon|Flareon, M|100\/100\n|-activate|p2a: Flareon|move: Sticky Web\n|-unboost|p2a: Flareon|spe|1\n|-damage|p2a: Flareon|75\/100|[from] Stealth Rock\n|turn|15\n|inactive|Williamsahous has 30 seconds left this turn.\n|\n|t:|1699717883\n|switch|p1a: Lugia|Lugia|100\/100\n|move|p2a: Flareon|Trailblaze|p1a: Lugia\n|-resisted|p1a: Lugia\n|-damage|p1a: Lugia|97\/100\n|-boost|p2a: Flareon|spe|1\n|-damage|p2a: Flareon|66\/100|[from] item: Life Orb\n|\n|-heal|p1a: Lugia|100\/100|[from] item: Leftovers\n|upkeep\n|turn|16\n|\n|t:|1699717889\n|move|p1a: Lugia|Aeroblast|p2a: Flareon\n|-damage|p2a: Flareon|33\/100\n|move|p2a: Flareon|Curse|p2a: Flareon\n|-unboost|p2a: Flareon|spe|1\n|-boost|p2a: Flareon|atk|1\n|-boost|p2a: Flareon|def|1\n|\n|upkeep\n|turn|17\n|\n|t:|1699717895\n|move|p1a: Lugia|Aeroblast|p2a: Flareon\n|-damage|p2a: Flareon|0 fnt\n|faint|p2a: Flareon\n|\n|win|ZacEditsYT\n|raw|ZacEditsYT's rating: 1093 &rarr; <strong>1116<\/strong><br \/>(+23 for winning)\n|raw|Williamsahous's rating: 1056 &rarr; <strong>1040<\/strong><br \/>(-16 for losing)\n|c|\u2606ZacEditsYT|gg\n|c|\u2606Williamsahous|Ggs \ud83d\ude2d\n|l|\u2606Williamsahous\n","uploadtime":1699717907,"views":9,"p1id":"zaceditsyt","p2id":"williamsahous","formatid":"gen9nationaldexubers","rating":1040,"private":0,"password":""}