{"id":"gen9nationaldexubers-1981857070","p1":"ThatOneZoro\/Zoa","p2":"Edras16","format":"[Gen 9] National Dex Ubers","log":"|j|\u2606ThatOneZoro\/Zoa\n|j|\u2606Edras16\n|t:|1698946845\n|gametype|singles\n|player|p1|ThatOneZoro\/Zoa|grusha|\n|player|p2|Edras16|steven|\n|teamsize|p1|6\n|teamsize|p2|6\n|gen|9\n|tier|[Gen 9] National Dex Ubers\n|rule|HP Percentage Mod: HP is shown in percentages\n|rule|Endless Battle Clause: Forcing endless battles is banned\n|rule|OHKO Clause: OHKO moves are banned\n|rule|Evasion Moves Clause: Evasion moves are banned\n|rule|Evasion Items Clause: Evasion items are banned\n|rule|Species Clause: Limit one of each Pok\u00e9mon\n|rule|Sleep Clause Mod: Limit one foe put to sleep\n|rule|Mega Rayquaza Clause: You cannot mega evolve Rayquaza\n|clearpoke\n|poke|p1|Tapu Koko|\n|poke|p1|Iron Valiant|\n|poke|p1|Raichu-Alola, M|\n|poke|p1|Iron Hands|\n|poke|p1|Thundurus-Therian, M|\n|poke|p1|Ampharos, F|\n|poke|p2|Kyurem|\n|poke|p2|Urshifu-*, F|\n|poke|p2|Scizor, F|\n|poke|p2|Keldeo-Resolute|\n|poke|p2|Decidueye, F|\n|poke|p2|Gliscor, F|\n|teampreview\n|inactive|Battle timer is ON: inactive players will automatically lose when time's up. (requested by Edras16)\n|c|\u2606ThatOneZoro\/Zoa|glhf\n|c|\u2606Edras16|Glhf\n|\n|t:|1698946856\n|start\n|switch|p1a: Tapu Koko|Tapu Koko|100\/100\n|switch|p2a: Kyurem|Kyurem|100\/100\n|-ability|p2a: Kyurem|Pressure\n|-fieldstart|move: Electric Terrain|[from] ability: Electric Surge|[of] p1a: Tapu Koko\n|turn|1\n|\n|t:|1698946864\n|move|p2a: Kyurem|Earth Power|p1a: Tapu Koko\n|-supereffective|p1a: Tapu Koko\n|-damage|p1a: Tapu Koko|11\/100\n|-unboost|p1a: Tapu Koko|spd|1\n|move|p1a: Tapu Koko|U-turn|p2a: Kyurem\n|-damage|p2a: Kyurem|80\/100\n|\n|t:|1698946871\n|switch|p1a: Raichu|Raichu-Alola, M|100\/100|[from] U-turn\n|\n|upkeep\n|turn|2\n|\n|t:|1698946876\n|move|p1a: Raichu|Nasty Plot|p1a: Raichu\n|-boost|p1a: Raichu|spa|2\n|move|p2a: Kyurem|Earth Power|p1a: Raichu\n|-supereffective|p1a: Raichu\n|-damage|p1a: Raichu|14\/100\n|\n|upkeep\n|turn|3\n|\n|t:|1698946884\n|move|p1a: Raichu|Psychic|p2a: Kyurem\n|-damage|p2a: Kyurem|3\/100\n|move|p2a: Kyurem|Earth Power|p1a: Raichu\n|-supereffective|p1a: Raichu\n|-damage|p1a: Raichu|0 fnt\n|faint|p1a: Raichu\n|\n|upkeep\n|\n|t:|1698946889\n|switch|p1a: Iron Hands|Iron Hands|100\/100\n|-activate|p1a: Iron Hands|ability: Quark Drive\n|-start|p1a: Iron Hands|quarkdriveatk\n|turn|4\n|c|\u2606Edras16|Damn kyurem is a fatass\n|\n|t:|1698946897\n|move|p1a: Iron Hands|Fake Out|p2a: Kyurem\n|-damage|p2a: Kyurem|0 fnt\n|faint|p2a: Kyurem\n|\n|upkeep\n|\n|t:|1698946905\n|switch|p2a: Decidueye|Decidueye, F|100\/100\n|turn|5\n|\n|t:|1698946910\n|-terastallize|p2a: Decidueye|Ghost\n|move|p2a: Decidueye|Poltergeist|p1a: Iron Hands\n|-activate|p1a: Iron Hands|move: Poltergeist|Assault Vest\n|-damage|p1a: Iron Hands|28\/100\n|move|p1a: Iron Hands|Ice Punch|p2a: Decidueye\n|-damage|p2a: Decidueye|46\/100\n|\n|upkeep\n|turn|6\n|\n|t:|1698946918\n|move|p2a: Decidueye|Poltergeist|p1a: Iron Hands\n|-activate|p1a: Iron Hands|move: Poltergeist|Assault Vest\n|-damage|p1a: Iron Hands|0 fnt\n|faint|p1a: Iron Hands\n|-end|p1a: Iron Hands|Quark Drive|[silent]\n|\n|upkeep\n|\n|t:|1698946929\n|switch|p1a: Iron Valiant|Iron Valiant|100\/100\n|-activate|p1a: Iron Valiant|ability: Quark Drive\n|-start|p1a: Iron Valiant|quarkdrivespe\n|turn|7\n|\n|t:|1698946943\n|switch|p2a: Scizor|Scizor, F|100\/100\n|move|p1a: Iron Valiant|Moonblast|p2a: Scizor\n|-resisted|p2a: Scizor\n|-damage|p2a: Scizor|71\/100\n|\n|upkeep\n|turn|8\n|\n|t:|1698946954\n|-end|p1a: Iron Valiant|Quark Drive|[silent]\n|switch|p1a: Ampharos|Ampharos, F|100\/100\n|detailschange|p2a: Scizor|Scizor-Mega, F\n|-mega|p2a: Scizor|Scizor|Scizorite\n|move|p2a: Scizor|U-turn|p1a: Ampharos\n|-damage|p1a: Ampharos|64\/100\n|\n|t:|1698946961\n|switch|p2a: Decidueye|Decidueye, F, tera:Ghost|46\/100|[from] U-turn\n|\n|-fieldend|move: Electric Terrain\n|upkeep\n|turn|9\n|c|\u2606Edras16|Nice amph\n|\n|t:|1698946970\n|switch|p1a: Tapu Koko|Tapu Koko|11\/100\n|-fieldstart|move: Electric Terrain|[from] ability: Electric Surge|[of] p1a: Tapu Koko\n|move|p2a: Decidueye|Poltergeist|p1a: Tapu Koko\n|-activate|p1a: Tapu Koko|move: Poltergeist|Terrain Extender\n|-damage|p1a: Tapu Koko|0 fnt\n|faint|p1a: Tapu Koko\n|\n|upkeep\n|c|\u2606Edras16|Gotta kill it tho\n|\n|t:|1698946989\n|switch|p1a: Iron Valiant|Iron Valiant|100\/100\n|-activate|p1a: Iron Valiant|ability: Quark Drive\n|-start|p1a: Iron Valiant|quarkdrivespe\n|turn|10\n|\n|t:|1698946996\n|switch|p2a: Scizor|Scizor-Mega, F|71\/100\n|move|p1a: Iron Valiant|Thunderbolt|p2a: Scizor\n|-damage|p2a: Scizor|28\/100\n|\n|upkeep\n|turn|11\n|\n|t:|1698947004\n|-end|p1a: Iron Valiant|Quark Drive|[silent]\n|switch|p1a: Thundurus|Thundurus-Therian, M|100\/100\n|move|p2a: Scizor|Bullet Punch|p1a: Thundurus\n|-resisted|p1a: Thundurus\n|-damage|p1a: Thundurus|79\/100\n|\n|upkeep\n|turn|12\n|\n|t:|1698947010\n|switch|p2a: Gliscor|Gliscor, F|100\/100\n|move|p1a: Thundurus|Nasty Plot|p1a: Thundurus\n|-boost|p1a: Thundurus|spa|2\n|\n|-status|p2a: Gliscor|tox|[from] item: Toxic Orb\n|upkeep\n|turn|13\n|\n|t:|1698947015\n|move|p1a: Thundurus|Hidden Power|p2a: Gliscor\n|-supereffective|p2a: Gliscor\n|-damage|p2a: Gliscor|0 fnt\n|faint|p2a: Gliscor\n|\n|upkeep\n|\n|t:|1698947021\n|switch|p2a: Keldeo|Keldeo-Resolute|100\/100\n|turn|14\n|\n|t:|1698947026\n|move|p2a: Keldeo|Hydro Pump|p1a: Thundurus\n|-damage|p1a: Thundurus|0 fnt\n|faint|p1a: Thundurus\n|\n|upkeep\n|\n|t:|1698947029\n|switch|p1a: Ampharos|Ampharos, F|64\/100\n|turn|15\n|\n|t:|1698947032\n|detailschange|p1a: Ampharos|Ampharos-Mega, F\n|-mega|p1a: Ampharos|Ampharos|Ampharosite\n|-ability|p1a: Ampharos|Mold Breaker\n|move|p2a: Keldeo|Hydro Pump|p1a: Ampharos\n|-resisted|p1a: Ampharos\n|-damage|p1a: Ampharos|30\/100\n|move|p1a: Ampharos|Thunder Wave|p2a: Keldeo\n|-status|p2a: Keldeo|par\n|\n|upkeep\n|turn|16\n|\n|t:|1698947041\n|cant|p2a: Keldeo|par\n|move|p1a: Ampharos|Thunderbolt|p2a: Keldeo\n|-supereffective|p2a: Keldeo\n|-damage|p2a: Keldeo|0 fnt\n|faint|p2a: Keldeo\n|\n|-fieldend|move: Electric Terrain\n|upkeep\n|c|\u2606Edras16|Twave?\n|\n|t:|1698947045\n|switch|p2a: Urshifu|Urshifu, F|100\/100\n|turn|17\n|c|\u2606ThatOneZoro\/Zoa|Twave!\n|\n|t:|1698947052\n|move|p2a: Urshifu|Close Combat|p1a: Ampharos\n|-damage|p1a: Ampharos|0 fnt\n|-unboost|p2a: Urshifu|def|1\n|-unboost|p2a: Urshifu|spd|1\n|faint|p1a: Ampharos\n|\n|upkeep\n|\n|t:|1698947055\n|switch|p1a: Iron Valiant|Iron Valiant|100\/100\n|turn|18\n|\n|t:|1698947063\n|move|p2a: Urshifu|Sucker Punch|p1a: Iron Valiant\n|-resisted|p1a: Iron Valiant\n|-damage|p1a: Iron Valiant|86\/100\n|move|p1a: Iron Valiant|Moonblast|p2a: Urshifu\n|-supereffective|p2a: Urshifu\n|-damage|p2a: Urshifu|0 fnt\n|faint|p2a: Urshifu\n|\n|upkeep\n|\n|t:|1698947066\n|switch|p2a: Scizor|Scizor-Mega, F|28\/100\n|turn|19\n|\n|t:|1698947069\n|move|p2a: Scizor|Bullet Punch|p1a: Iron Valiant\n|-supereffective|p1a: Iron Valiant\n|-damage|p1a: Iron Valiant|11\/100\n|move|p1a: Iron Valiant|Moonblast|p2a: Scizor\n|-resisted|p2a: Scizor\n|-damage|p2a: Scizor|3\/100\n|\n|upkeep\n|turn|20\n|c|\u2606Edras16|Gg\n|c|\u2606ThatOneZoro\/Zoa|gg\n|\n|t:|1698947081\n|move|p2a: Scizor|Bullet Punch|p1a: Iron Valiant\n|-supereffective|p1a: Iron Valiant\n|-damage|p1a: Iron Valiant|0 fnt\n|faint|p1a: Iron Valiant\n|-end|p1a: Iron Valiant|Quark Drive|[silent]\n|\n|win|Edras16\n","uploadtime":1698947095,"views":14,"p1id":"thatonezorozoa","p2id":"edras16","formatid":"gen9nationaldexubers","rating":0,"private":0,"password":""}