{"id":"gen9nationaldexubers-1993259172","p1":"AceTheInadequate","p2":"stinkles3","format":"[Gen 9] National Dex Ubers","log":"|j|\u2606AceTheInadequate\n|j|\u2606stinkles3\n|t:|1700285678\n|gametype|singles\n|player|p1|AceTheInadequate|guitarist|\n|player|p2|stinkles3|dragontamer|\n|teamsize|p1|6\n|teamsize|p2|6\n|gen|9\n|tier|[Gen 9] National Dex Ubers\n|rule|HP Percentage Mod: HP is shown in percentages\n|rule|Endless Battle Clause: Forcing endless battles is banned\n|rule|OHKO Clause: OHKO moves are banned\n|rule|Evasion Moves Clause: Evasion moves are banned\n|rule|Evasion Items Clause: Evasion items are banned\n|rule|Species Clause: Limit one of each Pok\u00e9mon\n|rule|Sleep Clause Mod: Limit one foe put to sleep\n|rule|Mega Rayquaza Clause: You cannot mega evolve Rayquaza\n|clearpoke\n|poke|p1|Blissey, F|\n|poke|p1|Grimmsnarl, M|\n|poke|p1|Shaymin-Sky|\n|poke|p1|Glimmora, M|\n|poke|p1|Toxapex, F|\n|poke|p1|Basculegion, M|\n|poke|p2|Dragapult, M|\n|poke|p2|Garchomp, F|\n|poke|p2|Cyclizar, F|\n|poke|p2|Goodra-Hisui, F|\n|poke|p2|Walking Wake|\n|poke|p2|Hydreigon, F|\n|teampreview\n|\n|t:|1700285688\n|start\n|switch|p1a: Shaymin|Shaymin-Sky|100\/100\n|switch|p2a: Snail|Goodra-Hisui, F|100\/100\n|turn|1\n|\n|t:|1700285706\n|switch|p1a: Glimmora|Glimmora, M|100\/100\n|-item|p1a: Glimmora|Air Balloon\n|move|p2a: Snail|Scary Face|p1a: Glimmora\n|-unboost|p1a: Glimmora|spe|2\n|\n|upkeep\n|turn|2\n|\n|t:|1700285714\n|move|p2a: Snail|Flash Cannon|p1a: Glimmora\n|-supereffective|p1a: Glimmora\n|-damage|p1a: Glimmora|6\/100\n|-enditem|p1a: Glimmora|Air Balloon\n|move|p1a: Glimmora|Spikes|p2a: Snail\n|-sidestart|p2: stinkles3|Spikes\n|\n|upkeep\n|turn|3\n|\n|t:|1700285724\n|switch|p1a: Blissey|Blissey, F|100\/100\n|move|p2a: Snail|Flash Cannon|p1a: Blissey\n|-damage|p1a: Blissey|86\/100\n|\n|-heal|p1a: Blissey|92\/100|[from] item: Leftovers\n|upkeep\n|turn|4\n|\n|t:|1700285739\n|switch|p2a: Shark|Garchomp, F|100\/100\n|-damage|p2a: Shark|88\/100|[from] Spikes\n|move|p1a: Blissey|Stealth Rock|p2a: Shark\n|-sidestart|p2: stinkles3|move: Stealth Rock\n|\n|-heal|p1a: Blissey|99\/100|[from] item: Leftovers\n|upkeep\n|turn|5\n|\n|t:|1700285751\n|switch|p1a: Glimmora|Glimmora, M|6\/100\n|move|p2a: Shark|Swords Dance|p2a: Shark\n|-boost|p2a: Shark|atk|2\n|\n|upkeep\n|turn|6\n|\n|t:|1700285760\n|move|p2a: Shark|Iron Head|p1a: Glimmora\n|-supereffective|p1a: Glimmora\n|-damage|p1a: Glimmora|0 fnt\n|-activate|p1a: Glimmora|ability: Toxic Debris\n|-sidestart|p2: stinkles3|move: Toxic Spikes\n|faint|p1a: Glimmora\n|\n|upkeep\n|\n|t:|1700285773\n|switch|p1a: Shaymin|Shaymin-Sky|100\/100\n|turn|7\n|\n|t:|1700285778\n|-terastallize|p2a: Shark|Steel\n|move|p1a: Shaymin|Seed Flare|p2a: Shark\n|-resisted|p2a: Shark\n|-damage|p2a: Shark|60\/100\n|-unboost|p2a: Shark|spd|2\n|move|p2a: Shark|Iron Head|p1a: Shaymin\n|-damage|p1a: Shaymin|8\/100\n|\n|-heal|p1a: Shaymin|14\/100|[from] item: Leftovers\n|upkeep\n|turn|8\n|\n|t:|1700285794\n|switch|p2a: Triclops|Hydreigon, F|100\/100\n|-damage|p2a: Triclops|88\/100|[from] Stealth Rock\n|move|p1a: Shaymin|Air Slash|p2a: Triclops\n|-damage|p2a: Triclops|51\/100\n|\n|-heal|p1a: Shaymin|20\/100|[from] item: Leftovers\n|upkeep\n|turn|9\n|\n|t:|1700285803\n|move|p1a: Shaymin|Air Slash|p2a: Triclops\n|-damage|p2a: Triclops|17\/100\n|cant|p2a: Triclops|flinch\n|\n|-heal|p1a: Shaymin|27\/100|[from] item: Leftovers\n|upkeep\n|turn|10\n|\n|t:|1700285814\n|switch|p2a: Runzeedoodle|Cyclizar, F|100\/100\n|-damage|p2a: Runzeedoodle|88\/100|[from] Spikes\n|-damage|p2a: Runzeedoodle|76\/100|[from] Stealth Rock\n|-status|p2a: Runzeedoodle|psn\n|move|p1a: Shaymin|Air Slash|p2a: Runzeedoodle\n|-damage|p2a: Runzeedoodle|19\/100 psn\n|\n|-heal|p1a: Shaymin|33\/100|[from] item: Leftovers\n|-activate|p2a: Runzeedoodle|ability: Shed Skin\n|-curestatus|p2a: Runzeedoodle|psn|[msg]\n|upkeep\n|turn|11\n|-activate|p2a: Runzeedoodle|item: Quick Claw\n|\n|t:|1700285829\n|move|p2a: Runzeedoodle|Rapid Spin|p1a: Shaymin\n|-damage|p1a: Shaymin|4\/100\n|-boost|p2a: Runzeedoodle|spe|1\n|-sideend|p2: stinkles3|Spikes|[from] move: Rapid Spin|[of] p2a: Runzeedoodle\n|-sideend|p2: stinkles3|Toxic Spikes|[from] move: Rapid Spin|[of] p2a: Runzeedoodle\n|-sideend|p2: stinkles3|Stealth Rock|[from] move: Rapid Spin|[of] p2a: Runzeedoodle\n|move|p1a: Shaymin|Air Slash|p2a: Runzeedoodle\n|-damage|p2a: Runzeedoodle|0 fnt\n|faint|p2a: Runzeedoodle\n|\n|-heal|p1a: Shaymin|11\/100|[from] item: Leftovers\n|upkeep\n|\n|t:|1700285840\n|switch|p2a: Mischief|Dragapult, M|100\/100\n|turn|12\n|\n|t:|1700285847\n|move|p2a: Mischief|Sucker Punch|p1a: Shaymin\n|-damage|p1a: Shaymin|0 fnt\n|faint|p1a: Shaymin\n|\n|upkeep\n|\n|t:|1700285853\n|switch|p1a: Blissey|Blissey, F|99\/100\n|turn|13\n|\n|t:|1700285858\n|move|p2a: Mischief|Dragon Dance|p2a: Mischief\n|-boost|p2a: Mischief|atk|1\n|-boost|p2a: Mischief|spe|1\n|move|p1a: Blissey|Stealth Rock|p2a: Mischief\n|-sidestart|p2: stinkles3|move: Stealth Rock\n|\n|-heal|p1a: Blissey|100\/100|[from] item: Leftovers\n|upkeep\n|turn|14\n|\n|t:|1700285868\n|move|p2a: Mischief|Dragon Darts|p1a: Blissey\n|-damage|p1a: Blissey|56\/100\n|-anim|p2a: Mischief|Dragon Darts|p1a: Blissey\n|-damage|p1a: Blissey|10\/100\n|move|p1a: Blissey|Toxic|p2a: Mischief\n|-status|p2a: Mischief|tox\n|\n|-heal|p1a: Blissey|16\/100|[from] item: Leftovers\n|-damage|p2a: Mischief|95\/100 tox|[from] psn\n|upkeep\n|turn|15\n|\n|t:|1700285881\n|move|p1a: Blissey|Protect|p1a: Blissey\n|-singleturn|p1a: Blissey|Protect\n|move|p2a: Mischief|Dragon Darts|p1a: Blissey\n|-activate|p1a: Blissey|move: Protect\n|\n|-heal|p1a: Blissey|22\/100|[from] item: Leftovers\n|-damage|p2a: Mischief|83\/100 tox|[from] psn\n|upkeep\n|turn|16\n|\n|t:|1700285894\n|move|p2a: Mischief|Disable|p1a: Blissey\n|-start|p1a: Blissey|Disable|Protect\n|move|p1a: Blissey|Soft-Boiled|p1a: Blissey\n|-heal|p1a: Blissey|72\/100\n|\n|-heal|p1a: Blissey|79\/100|[from] item: Leftovers\n|-damage|p2a: Mischief|65\/100 tox|[from] psn\n|upkeep\n|turn|17\n|\n|t:|1700285907\n|switch|p1a: Toxapex|Toxapex, F|100\/100\n|move|p2a: Mischief|Dragon Darts|p1a: Toxapex\n|-damage|p1a: Toxapex|72\/100\n|-anim|p2a: Mischief|Dragon Darts|p1a: Toxapex\n|-damage|p1a: Toxapex|41\/100\n|\n|-heal|p1a: Toxapex|47\/100|[from] item: Black Sludge\n|-damage|p2a: Mischief|41\/100 tox|[from] psn\n|upkeep\n|turn|18\n|\n|t:|1700285920\n|switch|p2a: Shark|Garchomp, F, tera:Steel|60\/100\n|-damage|p2a: Shark|54\/100|[from] Stealth Rock\n|move|p1a: Toxapex|Baneful Bunker||[still]\n|-fail|p1a: Toxapex\n|\n|-heal|p1a: Toxapex|53\/100|[from] item: Black Sludge\n|upkeep\n|turn|19\n|\n|t:|1700285928\n|move|p2a: Shark|Swords Dance|p2a: Shark\n|-boost|p2a: Shark|atk|2\n|move|p1a: Toxapex|Ice Beam|p2a: Shark\n|-resisted|p2a: Shark\n|-damage|p2a: Shark|47\/100\n|\n|-heal|p1a: Toxapex|59\/100|[from] item: Black Sludge\n|upkeep\n|turn|20\n|\n|t:|1700285937\n|move|p2a: Shark|Bulldoze|p1a: Toxapex\n|-supereffective|p1a: Toxapex\n|-damage|p1a: Toxapex|0 fnt\n|faint|p1a: Toxapex\n|\n|upkeep\n|\n|t:|1700285948\n|switch|p1a: Grimmsnarl|Grimmsnarl, M|100\/100\n|turn|21\n|\n|t:|1700285955\n|move|p1a: Grimmsnarl|Thunder Wave|p2a: Shark\n|-status|p2a: Shark|par\n|cant|p2a: Shark|par\n|\n|upkeep\n|turn|22\n|\n|t:|1700285961\n|move|p1a: Grimmsnarl|Parting Shot|p2a: Shark\n|-unboost|p2a: Shark|atk|1\n|-unboost|p2a: Shark|spa|1\n|\n|t:|1700285964\n|switch|p1a: Blissey|Blissey, F|79\/100|[from] Parting Shot\n|move|p2a: Shark|Iron Head|p1a: Blissey\n|-damage|p1a: Blissey|26\/100\n|\n|-heal|p1a: Blissey|32\/100|[from] item: Leftovers\n|upkeep\n|turn|23\n|\n|t:|1700285974\n|move|p2a: Shark|Iron Head|p1a: Blissey\n|-damage|p1a: Blissey|0 fnt\n|faint|p1a: Blissey\n|\n|upkeep\n|\n|t:|1700285976\n|switch|p1a: Grimmsnarl|Grimmsnarl, M|100\/100\n|turn|24\n|\n|t:|1700285983\n|move|p1a: Grimmsnarl|Parting Shot|p2a: Shark\n|-unboost|p2a: Shark|atk|1\n|-unboost|p2a: Shark|spa|1\n|\n|t:|1700285985\n|switch|p1a: Basculegion|Basculegion, M|100\/100|[from] Parting Shot\n|move|p2a: Shark|Iron Head|p1a: Basculegion\n|-resisted|p1a: Basculegion\n|-damage|p1a: Basculegion|72\/100\n|\n|upkeep\n|turn|25\n|\n|t:|1700285992\n|switch|p1a: Grimmsnarl|Grimmsnarl, M|100\/100\n|move|p2a: Shark|Swords Dance|p2a: Shark\n|-boost|p2a: Shark|atk|2\n|\n|upkeep\n|turn|26\n|\n|t:|1700285998\n|move|p1a: Grimmsnarl|Reflect|p1a: Grimmsnarl\n|-sidestart|p1: AceTheInadequate|Reflect\n|cant|p2a: Shark|par\n|\n|upkeep\n|turn|27\n|\n|t:|1700286005\n|move|p1a: Grimmsnarl|Light Screen|p1a: Grimmsnarl\n|-sidestart|p1: AceTheInadequate|move: Light Screen\n|move|p2a: Shark|Iron Head|p1a: Grimmsnarl\n|-supereffective|p1a: Grimmsnarl\n|-damage|p1a: Grimmsnarl|0 fnt\n|faint|p1a: Grimmsnarl\n|\n|upkeep\n|\n|t:|1700286007\n|switch|p1a: Basculegion|Basculegion, M|72\/100\n|turn|28\n|\n|t:|1700286015\n|move|p1a: Basculegion|Last Respects|p2a: Shark\n|-crit|p2a: Shark\n|-damage|p2a: Shark|0 fnt\n|faint|p2a: Shark\n|\n|upkeep\n|\n|t:|1700286021\n|switch|p2a: Mischief|Dragapult, M|41\/100 tox\n|-damage|p2a: Mischief|28\/100 tox|[from] Stealth Rock\n|turn|29\n|\n|t:|1700286027\n|move|p2a: Mischief|Sucker Punch|p1a: Basculegion\n|-supereffective|p1a: Basculegion\n|-damage|p1a: Basculegion|39\/100\n|move|p1a: Basculegion|Last Respects|p2a: Mischief\n|-supereffective|p2a: Mischief\n|-damage|p2a: Mischief|0 fnt\n|faint|p2a: Mischief\n|\n|upkeep\n|c|\u2606stinkles3|i got it\n|\n|t:|1700286046\n|switch|p2a: Triclops|Hydreigon, F|17\/100\n|-damage|p2a: Triclops|4\/100|[from] Stealth Rock\n|turn|30\n|\n|t:|1700286052\n|move|p1a: Basculegion|Last Respects|p2a: Triclops\n|-resisted|p2a: Triclops\n|-damage|p2a: Triclops|0 fnt\n|faint|p2a: Triclops\n|\n|-sideend|p1: AceTheInadequate|Reflect\n|upkeep\n|\n|t:|1700286058\n|switch|p2a: Stepper|Walking Wake|100\/100\n|-damage|p2a: Stepper|88\/100|[from] Stealth Rock\n|-enditem|p2a: Stepper|Booster Energy\n|-activate|p2a: Stepper|ability: Protosynthesis|[fromitem]\n|-start|p2a: Stepper|protosynthesisspa\n|turn|31\n|\n|t:|1700286067\n|move|p1a: Basculegion|Last Respects|p2a: Stepper\n|-damage|p2a: Stepper|0 fnt\n|faint|p2a: Stepper\n|-end|p2a: Stepper|Protosynthesis|[silent]\n|\n|-sideend|p1: AceTheInadequate|move: Light Screen\n|upkeep\n|\n|t:|1700286074\n|switch|p2a: Snail|Goodra-Hisui, F|100\/100\n|-damage|p2a: Snail|94\/100|[from] Stealth Rock\n|turn|32\n|\n|t:|1700286080\n|move|p1a: Basculegion|Last Respects|p2a: Snail\n|-damage|p2a: Snail|0 fnt\n|faint|p2a: Snail\n|\n|win|AceTheInadequate\n","uploadtime":1700286087,"views":9,"p1id":"acetheinadequate","p2id":"stinkles3","formatid":"gen9nationaldexubers","rating":0,"private":0,"password":""}