{"id":"gen9nationaldexubers-1993132244","p1":"VancouverKyogres08","p2":"The Chicago Tauros","format":"[Gen 9] National Dex Ubers","log":"|j|\u2606VancouverKyogres08\n|j|\u2606The Chicago Tauros\n|t:|1700268569\n|gametype|singles\n|player|p1|VancouverKyogres08|n|\n|player|p2|The Chicago Tauros|clown|\n|teamsize|p1|6\n|teamsize|p2|6\n|gen|9\n|tier|[Gen 9] National Dex Ubers\n|rule|HP Percentage Mod: HP is shown in percentages\n|rule|Endless Battle Clause: Forcing endless battles is banned\n|rule|OHKO Clause: OHKO moves are banned\n|rule|Evasion Moves Clause: Evasion moves are banned\n|rule|Evasion Items Clause: Evasion items are banned\n|rule|Species Clause: Limit one of each Pok\u00e9mon\n|rule|Sleep Clause Mod: Limit one foe put to sleep\n|rule|Mega Rayquaza Clause: You cannot mega evolve Rayquaza\n|clearpoke\n|poke|p1|Ninetales-Alola, M|\n|poke|p1|Incineroar, M|\n|poke|p1|Lilligant-Hisui, F|\n|poke|p1|Mewtwo|\n|poke|p1|Jirachi|\n|poke|p1|Kyurem-Black|\n|poke|p2|Necrozma-Dusk-Mane|\n|poke|p2|Lopunny, M|\n|poke|p2|Tyranitar, F|\n|poke|p2|Arceus-Steel|\n|poke|p2|Bronzong|\n|poke|p2|Silvally-*|\n|teampreview\n|\n|t:|1700268631\n|start\n|switch|p1a: Incineroar|Incineroar, M|100\/100\n|switch|p2a: Bronzong|Bronzong|100\/100\n|-ability|p1a: Incineroar|Intimidate|boost\n|-unboost|p2a: Bronzong|atk|1\n|turn|1\n|\n|t:|1700268646\n|switch|p2a: Tyranitar|Tyranitar, F|100\/100\n|-weather|Sandstorm|[from] ability: Sand Stream|[of] p2a: Tyranitar\n|move|p1a: Incineroar|U-turn|p2a: Tyranitar\n|-supereffective|p2a: Tyranitar\n|-damage|p2a: Tyranitar|61\/100\n|\n|t:|1700268660\n|switch|p1a: Lilligant|Lilligant-Hisui, F, shiny|100\/100|[from] U-turn\n|\n|-weather|Sandstorm|[upkeep]\n|-damage|p1a: Lilligant|95\/100|[from] Sandstorm\n|-heal|p2a: Tyranitar|67\/100|[from] item: Leftovers\n|upkeep\n|turn|2\n|\n|t:|1700268672\n|switch|p2a: Bronzong|Bronzong|100\/100\n|move|p1a: Lilligant|Victory Dance|p1a: Lilligant\n|-boost|p1a: Lilligant|atk|1\n|-boost|p1a: Lilligant|def|1\n|-boost|p1a: Lilligant|spe|1\n|\n|-weather|Sandstorm|[upkeep]\n|-damage|p1a: Lilligant|89\/100|[from] Sandstorm\n|upkeep\n|turn|3\n|\n|t:|1700268687\n|-terastallize|p1a: Lilligant|Ghost\n|move|p2a: Bronzong|Protect|p2a: Bronzong\n|-singleturn|p2a: Bronzong|Protect\n|move|p1a: Lilligant|Tera Blast|p2a: Bronzong|[anim] Tera Blast Ghost\n|-activate|p2a: Bronzong|move: Protect\n|\n|-weather|Sandstorm|[upkeep]\n|-damage|p1a: Lilligant|83\/100|[from] Sandstorm\n|upkeep\n|turn|4\n|\n|t:|1700268721\n|move|p1a: Lilligant|Close Combat|p2a: Bronzong\n|-damage|p2a: Bronzong|10\/100\n|-unboost|p1a: Lilligant|def|1\n|-unboost|p1a: Lilligant|spd|1\n|move|p2a: Bronzong|Gyro Ball|p1a: Lilligant\n|-damage|p1a: Lilligant|22\/100\n|\n|-weather|Sandstorm|[upkeep]\n|-damage|p1a: Lilligant|16\/100|[from] Sandstorm\n|-heal|p2a: Bronzong|16\/100|[from] item: Leftovers\n|upkeep\n|turn|5\n|\n|t:|1700268759\n|move|p1a: Lilligant|Close Combat|p2a: Bronzong\n|-damage|p2a: Bronzong|0 fnt\n|-unboost|p1a: Lilligant|def|1\n|-unboost|p1a: Lilligant|spd|1\n|faint|p2a: Bronzong\n|\n|-weather|none\n|upkeep\n|\n|t:|1700268773\n|switch|p2a: Arceus|Arceus-Steel|100\/100\n|turn|6\n|\n|t:|1700268794\n|switch|p1a: Incineroar|Incineroar, M|100\/100\n|-ability|p1a: Incineroar|Intimidate|boost\n|-unboost|p2a: Arceus|atk|1\n|-terastallize|p2a: Arceus|Ground\n|move|p2a: Arceus|Flash Cannon|p1a: Incineroar\n|-resisted|p1a: Incineroar\n|-damage|p1a: Incineroar|84\/100\n|\n|upkeep\n|turn|7\n|\n|t:|1700268831\n|move|p2a: Arceus|Calm Mind|p2a: Arceus\n|-boost|p2a: Arceus|spa|1\n|-boost|p2a: Arceus|spd|1\n|move|p1a: Incineroar|Close Combat|p2a: Arceus\n|-damage|p2a: Arceus|71\/100\n|-unboost|p1a: Incineroar|def|1\n|-unboost|p1a: Incineroar|spd|1\n|\n|upkeep\n|turn|8\n|\n|t:|1700268845\n|move|p2a: Arceus|Earth Power|p1a: Incineroar\n|-supereffective|p1a: Incineroar\n|-damage|p1a: Incineroar|0 fnt\n|faint|p1a: Incineroar\n|\n|upkeep\n|\n|t:|1700268859\n|switch|p1a: Mewtwo|Mewtwo, shiny|100\/100\n|-ability|p1a: Mewtwo|Pressure\n|turn|9\n|\n|t:|1700268903\n|detailschange|p1a: Mewtwo|Mewtwo-Mega-Y, shiny\n|-mega|p1a: Mewtwo|Mewtwo|Mewtwonite Y\n|move|p1a: Mewtwo|Nasty Plot|p1a: Mewtwo\n|-boost|p1a: Mewtwo|spa|2\n|move|p2a: Arceus|Earth Power|p1a: Mewtwo\n|-damage|p1a: Mewtwo|48\/100\n|\n|upkeep\n|turn|10\n|\n|t:|1700268916\n|move|p1a: Mewtwo|Psystrike|p2a: Arceus\n|-damage|p2a: Arceus|0 fnt\n|faint|p2a: Arceus\n|\n|upkeep\n|\n|t:|1700268923\n|switch|p2a: Necrozma|Necrozma-Dusk-Mane|100\/100\n|turn|11\n|\n|t:|1700268949\n|move|p1a: Mewtwo|Psystrike|p2a: Necrozma\n|-resisted|p2a: Necrozma\n|-damage|p2a: Necrozma|72\/100\n|move|p2a: Necrozma|Dragon Dance|p2a: Necrozma\n|-boost|p2a: Necrozma|atk|1\n|-boost|p2a: Necrozma|spe|1\n|\n|upkeep\n|turn|12\n|\n|t:|1700268960\n|move|p1a: Mewtwo|Focus Blast|p2a: Necrozma\n|-crit|p2a: Necrozma\n|-damage|p2a: Necrozma|0 fnt\n|faint|p2a: Necrozma\n|\n|upkeep\n|\n|t:|1700268969\n|switch|p2a: Tyranitar|Tyranitar, F|67\/100\n|-weather|Sandstorm|[from] ability: Sand Stream|[of] p2a: Tyranitar\n|turn|13\n|\n|t:|1700268979\n|move|p1a: Mewtwo|Focus Blast|p2a: Tyranitar\n|-supereffective|p2a: Tyranitar\n|-damage|p2a: Tyranitar|0 fnt\n|faint|p2a: Tyranitar\n|\n|-weather|Sandstorm|[upkeep]\n|-damage|p1a: Mewtwo|41\/100|[from] Sandstorm\n|upkeep\n|\n|t:|1700268985\n|switch|p2a: Silvally|Silvally-Ground|100\/100\n|turn|14\n|\n|t:|1700268989\n|move|p1a: Mewtwo|Psystrike|p2a: Silvally\n|-damage|p2a: Silvally|0 fnt\n|faint|p2a: Silvally\n|\n|-weather|Sandstorm|[upkeep]\n|-damage|p1a: Mewtwo|35\/100|[from] Sandstorm\n|upkeep\n|-message|The Chicago Tauros forfeited.\n|\n|win|VancouverKyogres08\n|l|\u2606The Chicago Tauros\n|c|\u2606VancouverKyogres08|GGs\n","uploadtime":1700269002,"views":44,"p1id":"vancouverkyogres08","p2id":"thechicagotauros","formatid":"gen9nationaldexubers","rating":0,"private":0,"password":""}