{"id":"gen9nationaldexubers-1990645765","p1":"Astro Excaliburn","p2":"predator30","format":"[Gen 9] National Dex Ubers","log":"|j|\u2606Astro Excaliburn\n|j|\u2606predator30\n|t:|1699988380\n|gametype|singles\n|player|p1|Astro Excaliburn|chase|\n|player|p2|predator30|cynthia|\n|teamsize|p1|6\n|teamsize|p2|6\n|gen|9\n|tier|[Gen 9] National Dex Ubers\n|rule|HP Percentage Mod: HP is shown in percentages\n|rule|Endless Battle Clause: Forcing endless battles is banned\n|rule|OHKO Clause: OHKO moves are banned\n|rule|Evasion Moves Clause: Evasion moves are banned\n|rule|Evasion Items Clause: Evasion items are banned\n|rule|Species Clause: Limit one of each Pok\u00e9mon\n|rule|Sleep Clause Mod: Limit one foe put to sleep\n|rule|Mega Rayquaza Clause: You cannot mega evolve Rayquaza\n|clearpoke\n|poke|p1|Charizard, M|\n|poke|p1|Slowking-Galar, F|\n|poke|p1|Kingambit, F|\n|poke|p1|Great Tusk|\n|poke|p1|Lilligant-Hisui, F|\n|poke|p1|Kyurem|\n|poke|p2|Kartana|\n|poke|p2|Aegislash, M|\n|poke|p2|Scizor, F|\n|poke|p2|Kingambit, F|\n|poke|p2|Corviknight, F|\n|poke|p2|Heatran, F|\n|teampreview\n|\n|t:|1699988418\n|start\n|switch|p1a: Lazzeroni|Slowking-Galar, F, shiny|100\/100\n|switch|p2a: Scizor|Scizor, F|100\/100\n|turn|1\n|\n|t:|1699988424\n|detailschange|p2a: Scizor|Scizor-Mega, F\n|-mega|p2a: Scizor|Scizor|Scizorite\n|move|p2a: Scizor|U-turn|p1a: Lazzeroni\n|-damage|p1a: Lazzeroni|66\/100\n|\n|t:|1699988426\n|switch|p2a: Kingambit|Kingambit, F|100\/100|[from] U-turn\n|move|p1a: Lazzeroni|Earthquake|p2a: Kingambit\n|-supereffective|p2a: Kingambit\n|-damage|p2a: Kingambit|74\/100\n|\n|upkeep\n|turn|2\n|\n|t:|1699988433\n|move|p2a: Kingambit|Knock Off|p1a: Lazzeroni\n|-supereffective|p1a: Lazzeroni\n|-damage|p1a: Lazzeroni|0 fnt\n|-enditem|p1a: Lazzeroni|Assault Vest|[from] move: Knock Off|[of] p2a: Kingambit\n|faint|p1a: Lazzeroni\n|-damage|p2a: Kingambit|64\/100|[from] item: Life Orb\n|\n|upkeep\n|\n|t:|1699988437\n|switch|p1a: Zastava|Great Tusk|100\/100\n|turn|3\n|\n|t:|1699988442\n|-end|p2a: Kingambit|fallenundefined|[silent]\n|switch|p2a: Corviknight|Corviknight, F|100\/100\n|-ability|p2a: Corviknight|Pressure\n|move|p1a: Zastava|Rapid Spin|p2a: Corviknight\n|-resisted|p2a: Corviknight\n|-damage|p2a: Corviknight|96\/100\n|-boost|p1a: Zastava|spe|1\n|-damage|p1a: Zastava|84\/100|[from] item: Rocky Helmet|[of] p2a: Corviknight\n|\n|-heal|p1a: Zastava|90\/100|[from] item: Leftovers\n|upkeep\n|turn|4\n|\n|t:|1699988444\n|move|p1a: Zastava|Bulk Up|p1a: Zastava\n|-boost|p1a: Zastava|atk|1\n|-boost|p1a: Zastava|def|1\n|move|p2a: Corviknight|Brave Bird|p1a: Zastava\n|-supereffective|p1a: Zastava\n|-crit|p1a: Zastava\n|-damage|p1a: Zastava|38\/100\n|-damage|p2a: Corviknight|77\/100|[from] Recoil\n|\n|-heal|p1a: Zastava|44\/100|[from] item: Leftovers\n|upkeep\n|turn|5\n|\n|t:|1699988454\n|move|p1a: Zastava|Knock Off|p2a: Corviknight\n|-damage|p2a: Corviknight|52\/100\n|-damage|p1a: Zastava|27\/100|[from] item: Rocky Helmet|[of] p2a: Corviknight\n|-enditem|p2a: Corviknight|Rocky Helmet|[from] move: Knock Off|[of] p1a: Zastava\n|move|p2a: Corviknight|Brave Bird|p1a: Zastava\n|-supereffective|p1a: Zastava\n|-damage|p1a: Zastava|5\/100\n|-damage|p2a: Corviknight|44\/100|[from] Recoil\n|\n|-heal|p1a: Zastava|11\/100|[from] item: Leftovers\n|upkeep\n|turn|6\n|\n|t:|1699988460\n|-end|p1a: Zastava|Protosynthesis|[silent]\n|switch|p1a: Seraphim|Charizard, M, shiny|100\/100\n|move|p2a: Corviknight|Roost|p2a: Corviknight\n|-heal|p2a: Corviknight|94\/100\n|-singleturn|p2a: Corviknight|move: Roost\n|\n|upkeep\n|turn|7\n|\n|t:|1699988467\n|switch|p2a: Heatran|Heatran, F|100\/100\n|detailschange|p1a: Seraphim|Charizard-Mega-Y, M, shiny\n|-mega|p1a: Seraphim|Charizard|Charizardite Y\n|-weather|SunnyDay|[from] ability: Drought|[of] p1a: Seraphim\n|move|p1a: Seraphim|Air Slash|p2a: Heatran\n|-resisted|p2a: Heatran\n|-damage|p2a: Heatran|87\/100\n|\n|-weather|SunnyDay|[upkeep]\n|-heal|p2a: Heatran|93\/100|[from] item: Leftovers\n|upkeep\n|turn|8\n|\n|t:|1699988470\n|switch|p1a: Kimber|Kyurem, shiny|100\/100\n|-ability|p1a: Kimber|Pressure\n|move|p2a: Heatran|Stealth Rock|p1a: Kimber\n|-sidestart|p1: Astro Excaliburn|move: Stealth Rock\n|\n|-weather|SunnyDay|[upkeep]\n|-heal|p2a: Heatran|99\/100|[from] item: Leftovers\n|upkeep\n|turn|9\n|\n|t:|1699988478\n|switch|p2a: Scizor|Scizor-Mega, F|100\/100\n|move|p1a: Kimber|Substitute|p1a: Kimber\n|-start|p1a: Kimber|Substitute\n|-damage|p1a: Kimber|76\/100\n|\n|-weather|SunnyDay|[upkeep]\n|upkeep\n|turn|10\n|\n|t:|1699988481\n|move|p2a: Scizor|Bullet Punch|p1a: Kimber\n|-supereffective|p1a: Kimber\n|-end|p1a: Kimber|Substitute\n|move|p1a: Kimber|Earth Power|p2a: Scizor\n|-damage|p2a: Scizor|73\/100\n|\n|-weather|SunnyDay|[upkeep]\n|upkeep\n|turn|11\n|\n|t:|1699988485\n|switch|p1a: Staccato|Kingambit, F|100\/100\n|-damage|p1a: Staccato|94\/100|[from] Stealth Rock\n|-activate|p1a: Staccato|ability: Supreme Overlord\n|-start|p1a: Staccato|fallen1|[silent]\n|move|p2a: Scizor|U-turn|p1a: Staccato\n|-damage|p1a: Staccato|67\/100\n|\n|t:|1699988489\n|switch|p2a: Heatran|Heatran, F|99\/100|[from] U-turn\n|\n|-weather|none\n|-heal|p2a: Heatran|100\/100|[from] item: Leftovers\n|-heal|p1a: Staccato|73\/100|[from] item: Leftovers\n|upkeep\n|turn|12\n|\n|t:|1699988495\n|-end|p1a: Staccato|fallen1|[silent]\n|switch|p1a: Kimber|Kyurem, shiny|76\/100\n|-ability|p1a: Kimber|Pressure\n|move|p2a: Heatran|Lava Plume|p1a: Kimber\n|-damage|p1a: Kimber|42\/100\n|\n|upkeep\n|turn|13\n|\n|t:|1699988498\n|switch|p2a: Scizor|Scizor-Mega, F|73\/100\n|move|p1a: Kimber|Roost|p1a: Kimber\n|-heal|p1a: Kimber|92\/100\n|-singleturn|p1a: Kimber|move: Roost\n|\n|upkeep\n|turn|14\n|\n|t:|1699988519\n|move|p1a: Kimber|Substitute|p1a: Kimber\n|-start|p1a: Kimber|Substitute\n|-damage|p1a: Kimber|67\/100\n|move|p2a: Scizor|Roost|p2a: Scizor\n|-heal|p2a: Scizor|100\/100\n|-singleturn|p2a: Scizor|move: Roost\n|\n|upkeep\n|turn|15\n|\n|t:|1699988524\n|move|p2a: Scizor|Bullet Punch|p1a: Kimber\n|-supereffective|p1a: Kimber\n|-end|p1a: Kimber|Substitute\n|move|p1a: Kimber|Roost|p1a: Kimber\n|-heal|p1a: Kimber|100\/100\n|-singleturn|p1a: Kimber|move: Roost\n|\n|upkeep\n|turn|16\n|\n|t:|1699988535\n|move|p1a: Kimber|Substitute|p1a: Kimber\n|-start|p1a: Kimber|Substitute\n|-damage|p1a: Kimber|76\/100\n|move|p2a: Scizor|U-turn|p1a: Kimber\n|-end|p1a: Kimber|Substitute\n|\n|t:|1699988543\n|switch|p2a: Kartana|Kartana|100\/100|[from] U-turn\n|\n|upkeep\n|turn|17\n|\n|t:|1699988552\n|switch|p2a: Scizor|Scizor-Mega, F|100\/100\n|move|p1a: Kimber|Roost|p1a: Kimber\n|-heal|p1a: Kimber|100\/100\n|-singleturn|p1a: Kimber|move: Roost\n|\n|upkeep\n|turn|18\n|\n|t:|1699988554\n|switch|p1a: Staccato|Kingambit, F|73\/100\n|-damage|p1a: Staccato|67\/100|[from] Stealth Rock\n|-activate|p1a: Staccato|ability: Supreme Overlord\n|-start|p1a: Staccato|fallen1|[silent]\n|move|p2a: Scizor|Bullet Punch|p1a: Staccato\n|-resisted|p1a: Staccato\n|-damage|p1a: Staccato|54\/100\n|\n|-heal|p1a: Staccato|60\/100|[from] item: Leftovers\n|upkeep\n|turn|19\n|\n|t:|1699988562\n|move|p2a: Scizor|Swords Dance|p2a: Scizor\n|-boost|p2a: Scizor|atk|2\n|move|p1a: Staccato|Swords Dance|p1a: Staccato\n|-boost|p1a: Staccato|atk|2\n|\n|-heal|p1a: Staccato|66\/100|[from] item: Leftovers\n|upkeep\n|turn|20\n|\n|t:|1699988568\n|move|p2a: Scizor|U-turn|p1a: Staccato\n|-crit|p1a: Staccato\n|-damage|p1a: Staccato|0 fnt\n|faint|p1a: Staccato\n|-end|p1a: Staccato|fallen1|[silent]\n|\n|t:|1699988571\n|switch|p2a: Kartana|Kartana|100\/100|[from] U-turn\n|\n|upkeep\n|\n|t:|1699988574\n|switch|p1a: Seraphim|Charizard-Mega-Y, M, shiny|100\/100\n|-damage|p1a: Seraphim|50\/100|[from] Stealth Rock\n|-weather|SunnyDay|[from] ability: Drought|[of] p1a: Seraphim\n|turn|21\n|\n|t:|1699988583\n|-zpower|p2a: Kartana\n|move|p2a: Kartana|Breakneck Blitz|p1a: Seraphim|[zeffect]\n|-damage|p1a: Seraphim|0 fnt\n|faint|p1a: Seraphim\n|-ability|p2a: Kartana|Beast Boost|boost\n|-boost|p2a: Kartana|atk|1\n|\n|-weather|SunnyDay|[upkeep]\n|upkeep\n|\n|t:|1699988584\n|switch|p1a: Mossberg|Lilligant-Hisui, F, shiny|100\/100\n|-damage|p1a: Mossberg|94\/100|[from] Stealth Rock\n|turn|22\n|\n|t:|1699988597\n|switch|p2a: Aegislash|Aegislash, M|100\/100\n|move|p1a: Mossberg|Victory Dance|p1a: Mossberg\n|-boost|p1a: Mossberg|atk|1\n|-boost|p1a: Mossberg|def|1\n|-boost|p1a: Mossberg|spe|1\n|\n|-weather|SunnyDay|[upkeep]\n|upkeep\n|turn|23\n|\n|t:|1699988602\n|move|p1a: Mossberg|Victory Dance|p1a: Mossberg\n|-boost|p1a: Mossberg|atk|1\n|-boost|p1a: Mossberg|def|1\n|-boost|p1a: Mossberg|spe|1\n|move|p2a: Aegislash|Toxic|p1a: Mossberg\n|-status|p1a: Mossberg|tox\n|\n|-weather|SunnyDay|[upkeep]\n|-damage|p1a: Mossberg|88\/100 tox|[from] psn\n|upkeep\n|turn|24\n|\n|t:|1699988608\n|-zpower|p1a: Mossberg\n|move|p1a: Mossberg|Bloom Doom|p2a: Aegislash|[zeffect]\n|-resisted|p2a: Aegislash\n|-damage|p2a: Aegislash|37\/100\n|move|p2a: Aegislash|Substitute|p2a: Aegislash\n|-start|p2a: Aegislash|Substitute\n|-damage|p2a: Aegislash|12\/100\n|\n|-weather|SunnyDay|[upkeep]\n|-heal|p2a: Aegislash|18\/100|[from] item: Leftovers\n|-damage|p1a: Mossberg|76\/100 tox|[from] psn\n|upkeep\n|turn|25\n|\n|t:|1699988618\n|move|p2a: Aegislash|King's Shield|p2a: Aegislash\n|-singleturn|p2a: Aegislash|Protect\n|move|p1a: Mossberg|Victory Dance|p1a: Mossberg\n|-boost|p1a: Mossberg|atk|1\n|-boost|p1a: Mossberg|def|1\n|-boost|p1a: Mossberg|spe|1\n|\n|-weather|none\n|-heal|p2a: Aegislash|24\/100|[from] item: Leftovers\n|-damage|p1a: Mossberg|58\/100 tox|[from] psn\n|upkeep\n|turn|26\n|\n|t:|1699988624\n|move|p1a: Mossberg|Leaf Blade|p2a: Aegislash\n|-resisted|p2a: Aegislash\n|-end|p2a: Aegislash|Substitute\n|-formechange|p2a: Aegislash|Aegislash-Blade||[from] ability: Stance Change\n|move|p2a: Aegislash|Shadow Ball|p1a: Mossberg\n|-damage|p1a: Mossberg|0 fnt\n|faint|p1a: Mossberg\n|\n|-heal|p2a: Aegislash|30\/100|[from] item: Leftovers\n|upkeep\n|\n|t:|1699988636\n|switch|p1a: Kimber|Kyurem, shiny|100\/100\n|-ability|p1a: Kimber|Pressure\n|turn|27\n|\n|t:|1699988644\n|-formechange|p2a: Aegislash|Aegislash||[from] ability: Stance Change\n|move|p2a: Aegislash|King's Shield|p2a: Aegislash\n|-singleturn|p2a: Aegislash|Protect\n|move|p1a: Kimber|Earth Power|p2a: Aegislash\n|-activate|p2a: Aegislash|move: Protect\n|\n|-heal|p2a: Aegislash|36\/100|[from] item: Leftovers\n|upkeep\n|turn|28\n|\n|t:|1699988646\n|switch|p2a: Scizor|Scizor-Mega, F|100\/100\n|move|p1a: Kimber|Substitute|p1a: Kimber\n|-start|p1a: Kimber|Substitute\n|-damage|p1a: Kimber|76\/100\n|\n|upkeep\n|turn|29\n|\n|t:|1699988648\n|move|p1a: Kimber|Earth Power|p2a: Scizor\n|-crit|p2a: Scizor\n|-damage|p2a: Scizor|63\/100\n|move|p2a: Scizor|Swords Dance|p2a: Scizor\n|-boost|p2a: Scizor|atk|2\n|\n|upkeep\n|turn|30\n|\n|t:|1699988653\n|move|p2a: Scizor|Bullet Punch|p1a: Kimber\n|-supereffective|p1a: Kimber\n|-crit|p1a: Kimber\n|-end|p1a: Kimber|Substitute\n|move|p1a: Kimber|Earth Power|p2a: Scizor\n|-damage|p2a: Scizor|38\/100\n|\n|upkeep\n|turn|31\n|\n|t:|1699988656\n|move|p2a: Scizor|Bullet Punch|p1a: Kimber\n|-supereffective|p1a: Kimber\n|-damage|p1a: Kimber|0 fnt\n|faint|p1a: Kimber\n|\n|upkeep\n|\n|t:|1699988658\n|switch|p1a: Zastava|Great Tusk|11\/100\n|-damage|p1a: Zastava|8\/100|[from] Stealth Rock\n|turn|32\n|\n|t:|1699988660\n|move|p2a: Scizor|Bullet Punch|p1a: Zastava\n|-damage|p1a: Zastava|0 fnt\n|faint|p1a: Zastava\n|-end|p1a: Zastava|Protosynthesis|[silent]\n|\n|win|predator30\n|c|\u2606predator30|gg\n","uploadtime":1699988664,"views":25,"p1id":"astroexcaliburn","p2id":"predator30","formatid":"gen9nationaldexubers","rating":0,"private":0,"password":""}