{"id":"gen9nationaldexubers-1978948551","p1":"Benzedrinexx","p2":"Jonuz","format":"[Gen 9] National Dex Ubers","log":"|j|\u2606Benzedrinexx\n|j|\u2606Jonuz\n|t:|1698613528\n|gametype|singles\n|player|p1|Benzedrinexx|n|\n|player|p2|Jonuz|1|\n|teamsize|p1|6\n|teamsize|p2|6\n|gen|9\n|tier|[Gen 9] National Dex Ubers\n|rule|HP Percentage Mod: HP is shown in percentages\n|rule|Endless Battle Clause: Forcing endless battles is banned\n|rule|OHKO Clause: OHKO moves are banned\n|rule|Evasion Moves Clause: Evasion moves are banned\n|rule|Evasion Items Clause: Evasion items are banned\n|rule|Species Clause: Limit one of each Pok\u00e9mon\n|rule|Sleep Clause Mod: Limit one foe put to sleep\n|rule|Mega Rayquaza Clause: You cannot mega evolve Rayquaza\n|clearpoke\n|poke|p1|Urshifu-*, F|\n|poke|p1|Clodsire, M|\n|poke|p1|Blastoise, M|\n|poke|p1|Goodra-Hisui, F|\n|poke|p1|Thundurus, M|\n|poke|p1|Indeedee, M|\n|poke|p2|Moltres|\n|poke|p2|Azumarill, F|\n|poke|p2|Shuckle, F|\n|poke|p2|Gholdengo|\n|poke|p2|Breloom, F|\n|poke|p2|Gallade, M|\n|teampreview\n|c|\u2606Benzedrinexx|glhf\n|c|\u2606Jonuz|you too\n|\n|t:|1698613578\n|start\n|switch|p1a: Thundurus|Thundurus, M|100\/100\n|switch|p2a: Ambasing|Shuckle, F|100\/100\n|turn|1\n|\n|t:|1698613594\n|move|p1a: Thundurus|Taunt|p2a: Ambasing\n|-start|p2a: Ambasing|move: Taunt\n|-enditem|p2a: Ambasing|Mental Herb\n|-end|p2a: Ambasing|move: Taunt\n|move|p2a: Ambasing|Sticky Web|p1a: Thundurus\n|-sidestart|p1: Benzedrinexx|move: Sticky Web\n|\n|upkeep\n|turn|2\n|\n|t:|1698613600\n|move|p1a: Thundurus|Taunt|p2a: Ambasing\n|-start|p2a: Ambasing|move: Taunt\n|move|p2a: Ambasing|Rock Tomb|p1a: Thundurus\n|-supereffective|p1a: Thundurus\n|-damage|p1a: Thundurus|86\/100\n|-unboost|p1a: Thundurus|spe|1\n|\n|upkeep\n|turn|3\n|\n|t:|1698613606\n|move|p1a: Thundurus|Nasty Plot|p1a: Thundurus\n|-boost|p1a: Thundurus|spa|2\n|move|p2a: Ambasing|Rock Tomb|p1a: Thundurus\n|-supereffective|p1a: Thundurus\n|-damage|p1a: Thundurus|69\/100\n|-unboost|p1a: Thundurus|spe|1\n|\n|upkeep\n|turn|4\n|\n|t:|1698613618\n|-terastallize|p1a: Thundurus|Flying\n|move|p1a: Thundurus|Tera Blast|p2a: Ambasing|[anim] Tera Blast Flying\n|-damage|p2a: Ambasing|40\/100\n|move|p2a: Ambasing|Rock Tomb|p1a: Thundurus\n|-supereffective|p1a: Thundurus\n|-damage|p1a: Thundurus|53\/100\n|-unboost|p1a: Thundurus|spe|1\n|\n|-end|p2a: Ambasing|move: Taunt\n|upkeep\n|turn|5\n|\n|t:|1698613624\n|move|p1a: Thundurus|Tera Blast|p2a: Ambasing|[anim] Tera Blast Flying\n|-damage|p2a: Ambasing|0 fnt\n|faint|p2a: Ambasing\n|\n|upkeep\n|\n|t:|1698613635\n|switch|p2a: Ambatukam|Gallade, M|100\/100\n|turn|6\n|\n|t:|1698613640\n|switch|p1a: Clodsire|Clodsire, M|100\/100\n|-activate|p1a: Clodsire|move: Sticky Web\n|-unboost|p1a: Clodsire|spe|1\n|detailschange|p2a: Ambatukam|Gallade-Mega, M\n|-mega|p2a: Ambatukam|Gallade|Galladite\n|move|p2a: Ambatukam|Psycho Cut|p1a: Clodsire\n|-supereffective|p1a: Clodsire\n|-crit|p1a: Clodsire\n|-damage|p1a: Clodsire|2\/100\n|\n|-heal|p1a: Clodsire|8\/100|[from] item: Black Sludge\n|upkeep\n|turn|7\n|\n|t:|1698613645\n|move|p2a: Ambatukam|Knock Off|p1a: Clodsire\n|-damage|p1a: Clodsire|0 fnt\n|-enditem|p1a: Clodsire|Black Sludge|[from] move: Knock Off|[of] p2a: Ambatukam\n|faint|p1a: Clodsire\n|\n|upkeep\n|\n|t:|1698613647\n|switch|p1a: Blastoise|Blastoise, M|100\/100\n|-activate|p1a: Blastoise|move: Sticky Web\n|-unboost|p1a: Blastoise|spe|1\n|turn|8\n|\n|t:|1698613650\n|switch|p2a: Pimp|Gholdengo|100\/100\n|move|p1a: Blastoise|Rapid Spin|p2a: Pimp\n|-immune|p2a: Pimp\n|\n|upkeep\n|turn|9\n|\n|t:|1698613656\n|move|p2a: Pimp|Shadow Ball|p1a: Blastoise\n|-damage|p1a: Blastoise|80\/100\n|move|p1a: Blastoise|Scald|p2a: Pimp\n|-crit|p2a: Pimp\n|-damage|p2a: Pimp|74\/100\n|\n|-heal|p2a: Pimp|80\/100|[from] item: Leftovers\n|upkeep\n|turn|10\n|\n|t:|1698613662\n|move|p2a: Pimp|Shadow Ball|p1a: Blastoise\n|-damage|p1a: Blastoise|60\/100\n|move|p1a: Blastoise|Scald|p2a: Pimp\n|-damage|p2a: Pimp|64\/100\n|\n|-heal|p2a: Pimp|70\/100|[from] item: Leftovers\n|upkeep\n|turn|11\n|\n|t:|1698613665\n|move|p2a: Pimp|Shadow Ball|p1a: Blastoise\n|-damage|p1a: Blastoise|39\/100\n|move|p1a: Blastoise|Scald|p2a: Pimp\n|-damage|p2a: Pimp|52\/100\n|\n|-heal|p2a: Pimp|58\/100|[from] item: Leftovers\n|upkeep\n|turn|12\n|\n|t:|1698613668\n|switch|p1a: Indeedee|Indeedee, M|100\/100\n|-activate|p1a: Indeedee|move: Sticky Web\n|-unboost|p1a: Indeedee|spe|1\n|-fieldstart|move: Psychic Terrain|[from] ability: Psychic Surge|[of] p1a: Indeedee\n|move|p2a: Pimp|Shadow Ball|p1a: Indeedee\n|-immune|p1a: Indeedee\n|\n|-heal|p2a: Pimp|64\/100|[from] item: Leftovers\n|upkeep\n|turn|13\n|\n|t:|1698613674\n|move|p1a: Indeedee|Trick|p2a: Pimp\n|-immune|p2a: Pimp|[from] ability: Good as Gold\n|move|p2a: Pimp|Recover|p2a: Pimp\n|-heal|p2a: Pimp|100\/100\n|\n|upkeep\n|turn|14\n|\n|t:|1698613683\n|switch|p1a: Blastoise|Blastoise, M|39\/100\n|-activate|p1a: Blastoise|move: Sticky Web\n|-unboost|p1a: Blastoise|spe|1\n|move|p2a: Pimp|Shadow Ball|p1a: Blastoise\n|-damage|p1a: Blastoise|17\/100\n|\n|upkeep\n|turn|15\n|\n|t:|1698613686\n|switch|p1a: Urshifu|Urshifu, F|100\/100\n|-activate|p1a: Urshifu|move: Sticky Web\n|-unboost|p1a: Urshifu|spe|1\n|move|p2a: Pimp|Shadow Ball|p1a: Urshifu\n|-resisted|p1a: Urshifu\n|-damage|p1a: Urshifu|72\/100\n|-unboost|p1a: Urshifu|spd|1\n|\n|upkeep\n|turn|16\n|\n|t:|1698613689\n|move|p1a: Urshifu|Wicked Blow|p2a: Pimp\n|-supereffective|p2a: Pimp\n|-crit|p2a: Pimp\n|-damage|p2a: Pimp|0 fnt\n|faint|p2a: Pimp\n|\n|-fieldend|move: Psychic Terrain\n|upkeep\n|\n|t:|1698613692\n|switch|p2a: Can I Have Coke?|Moltres|100\/100\n|turn|17\n|\n|t:|1698613698\n|switch|p1a: Goodra|Goodra-Hisui, F|100\/100\n|-activate|p1a: Goodra|move: Sticky Web\n|-unboost|p1a: Goodra|spe|1\n|move|p2a: Can I Have Coke?|Air Slash|p1a: Goodra\n|-resisted|p1a: Goodra\n|-damage|p1a: Goodra|90\/100\n|\n|upkeep\n|turn|18\n|\n|t:|1698613702\n|switch|p2a: Ambatukam|Gallade-Mega, M|100\/100\n|move|p1a: Goodra|Draco Meteor|p2a: Ambatukam\n|-damage|p2a: Ambatukam|42\/100\n|-unboost|p1a: Goodra|spa|2\n|\n|upkeep\n|turn|19\n|\n|t:|1698613707\n|move|p2a: Ambatukam|Close Combat|p1a: Goodra\n|-supereffective|p1a: Goodra\n|-damage|p1a: Goodra|0 fnt\n|-unboost|p2a: Ambatukam|def|1\n|-unboost|p2a: Ambatukam|spd|1\n|faint|p1a: Goodra\n|\n|upkeep\n|\n|t:|1698613712\n|switch|p1a: Thundurus|Thundurus, M, tera:Flying|53\/100\n|turn|20\n|\n|t:|1698613716\n|move|p1a: Thundurus|Tera Blast|p2a: Ambatukam|[anim] Tera Blast Flying\n|-supereffective|p2a: Ambatukam\n|-damage|p2a: Ambatukam|0 fnt\n|faint|p2a: Ambatukam\n|\n|upkeep\n|\n|t:|1698613721\n|switch|p2a: Can I Have Coke?|Moltres|100\/100\n|turn|21\n|\n|t:|1698613763\n|switch|p1a: Indeedee|Indeedee, M|100\/100\n|-activate|p1a: Indeedee|move: Sticky Web\n|-unboost|p1a: Indeedee|spe|1\n|-fieldstart|move: Psychic Terrain|[from] ability: Psychic Surge|[of] p1a: Indeedee\n|move|p2a: Can I Have Coke?|Endure||[still]\n|-fail|p2a: Can I Have Coke?\n|\n|upkeep\n|turn|22\n|\n|t:|1698613772\n|move|p1a: Indeedee|Expanding Force|p2a: Can I Have Coke?\n|-damage|p2a: Can I Have Coke?|30\/100\n|move|p2a: Can I Have Coke?|Flamethrower|p1a: Indeedee\n|-damage|p1a: Indeedee|31\/100\n|-status|p1a: Indeedee|brn\n|\n|-damage|p1a: Indeedee|25\/100 brn|[from] brn\n|upkeep\n|turn|23\n|\n|t:|1698613791\n|move|p2a: Can I Have Coke?|Endure|p2a: Can I Have Coke?\n|-singleturn|p2a: Can I Have Coke?|move: Endure\n|move|p1a: Indeedee|Expanding Force|p2a: Can I Have Coke?\n|-crit|p2a: Can I Have Coke?\n|-activate|p2a: Can I Have Coke?|move: Endure\n|-damage|p2a: Can I Have Coke?|1\/100\n|\n|-damage|p1a: Indeedee|19\/100 brn|[from] brn\n|upkeep\n|turn|24\n|-enditem|p2a: Can I Have Coke?|Custap Berry|[eat]\n|-activate|p2a: Can I Have Coke?|item: Custap Berry|[consumed]\n|\n|t:|1698613796\n|move|p2a: Can I Have Coke?|Flamethrower|p1a: Indeedee\n|-damage|p1a: Indeedee|0 fnt\n|faint|p1a: Indeedee\n|\n|upkeep\n|\n|t:|1698613802\n|switch|p1a: Thundurus|Thundurus, M, tera:Flying|53\/100\n|turn|25\n|\n|t:|1698613810\n|move|p1a: Thundurus|Nasty Plot|p1a: Thundurus\n|-boost|p1a: Thundurus|spa|2\n|move|p2a: Can I Have Coke?|Flamethrower|p1a: Thundurus\n|-damage|p1a: Thundurus|0 fnt\n|faint|p1a: Thundurus\n|\n|-fieldend|move: Psychic Terrain\n|upkeep\n|c|\u2606Benzedrinexx|dman\n|c|\u2606Benzedrinexx|damn\n|c|\u2606Jonuz|that was intense\n|\n|t:|1698613821\n|switch|p1a: Blastoise|Blastoise, M|17\/100\n|-activate|p1a: Blastoise|move: Sticky Web\n|-unboost|p1a: Blastoise|spe|1\n|turn|26\n|c|\u2606Benzedrinexx|i should\u2019ve just clicked tera blast l\n|c|\u2606Benzedrinexx|lol\n|\n|t:|1698613868\n|move|p2a: Can I Have Coke?|Air Slash|p1a: Blastoise\n|-damage|p1a: Blastoise|0 fnt\n|faint|p1a: Blastoise\n|\n|upkeep\n|\n|t:|1698613870\n|switch|p1a: Urshifu|Urshifu, F|72\/100\n|-activate|p1a: Urshifu|move: Sticky Web\n|-unboost|p1a: Urshifu|spe|1\n|turn|27\n|\n|t:|1698613873\n|move|p2a: Can I Have Coke?|Endure|p2a: Can I Have Coke?\n|-singleturn|p2a: Can I Have Coke?|move: Endure\n|move|p1a: Urshifu|Iron Head|p2a: Can I Have Coke?\n|-resisted|p2a: Can I Have Coke?\n|-activate|p2a: Can I Have Coke?|move: Endure\n|-damage|p2a: Can I Have Coke?|1\/100\n|\n|upkeep\n|turn|28\n|\n|t:|1698613876\n|move|p1a: Urshifu|Iron Head|p2a: Can I Have Coke?\n|-resisted|p2a: Can I Have Coke?\n|-damage|p2a: Can I Have Coke?|0 fnt\n|-status|p1a: Urshifu|brn|[from] ability: Flame Body|[of] p2a: Can I Have Coke?\n|faint|p2a: Can I Have Coke?\n|\n|-damage|p1a: Urshifu|66\/100 brn|[from] brn\n|upkeep\n|\n|t:|1698613880\n|switch|p2a: NeedMoreBullets!|Breloom, F|100\/100\n|turn|29\n|c|\u2606Benzedrinexx|oof\n|c|\u2606Benzedrinexx|gg\n|c|\u2606Jonuz|gg\n|\n|t:|1698613889\n|-terastallize|p2a: NeedMoreBullets!|Fire\n|move|p1a: Urshifu|Iron Head|p2a: NeedMoreBullets!\n|-resisted|p2a: NeedMoreBullets!\n|-damage|p2a: NeedMoreBullets!|90\/100\n|move|p2a: NeedMoreBullets!|Bullet Seed|p1a: Urshifu\n|-damage|p1a: Urshifu|51\/100 brn\n|-damage|p1a: Urshifu|38\/100 brn\n|-damage|p1a: Urshifu|24\/100 brn\n|-damage|p1a: Urshifu|9\/100 brn\n|-hitcount|p1a: Urshifu|4\n|\n|-damage|p1a: Urshifu|3\/100 brn|[from] brn\n|upkeep\n|turn|30\n|\n|t:|1698613893\n|move|p1a: Urshifu|Iron Head|p2a: NeedMoreBullets!\n|-resisted|p2a: NeedMoreBullets!\n|-crit|p2a: NeedMoreBullets!\n|-damage|p2a: NeedMoreBullets!|74\/100\n|move|p2a: NeedMoreBullets!|Bullet Seed|p1a: Urshifu\n|-damage|p1a: Urshifu|0 fnt\n|faint|p1a: Urshifu\n|-hitcount|p1: Urshifu|1\n|\n|win|Jonuz\n|c|\u2606Jonuz|cool team\n|c|\u2606Benzedrinexx|can you send replay\n|c|\u2606Jonuz|yea\n","uploadtime":1698613904,"views":44,"p1id":"benzedrinexx","p2id":"jonuz","formatid":"gen9nationaldexubers","rating":0,"private":0,"password":""}