{"id":"gen9nationaldexubers-1989042418","p1":"cvbncnh","p2":"John-Halsey","format":"[Gen 9] National Dex Ubers","log":"|j|\u2606cvbncnh\n|j|\u2606John-Halsey\n|t:|1699805698\n|gametype|singles\n|player|p1|cvbncnh|265|1000\n|player|p2|John-Halsey|veteran|1104\n|teamsize|p1|6\n|teamsize|p2|6\n|gen|9\n|tier|[Gen 9] National Dex Ubers\n|rated|\n|rule|HP Percentage Mod: HP is shown in percentages\n|rule|Endless Battle Clause: Forcing endless battles is banned\n|rule|OHKO Clause: OHKO moves are banned\n|rule|Evasion Moves Clause: Evasion moves are banned\n|rule|Evasion Items Clause: Evasion items are banned\n|rule|Species Clause: Limit one of each Pok\u00e9mon\n|rule|Sleep Clause Mod: Limit one foe put to sleep\n|rule|Mega Rayquaza Clause: You cannot mega evolve Rayquaza\n|clearpoke\n|poke|p1|Guzzlord|\n|poke|p1|Darkrai|\n|poke|p1|Regieleki|\n|poke|p1|Gholdengo|\n|poke|p1|Corviknight, F|\n|poke|p1|Greninja-*, M|\n|poke|p2|Blaziken, M|\n|poke|p2|Nidoking, M|\n|poke|p2|Crobat, M|\n|poke|p2|Ceruledge, M|\n|poke|p2|Suicune|\n|poke|p2|Ninetales-Alola, F|\n|teampreview\n|\n|t:|1699805711\n|start\n|switch|p1a: Darkrai|Darkrai, shiny|100\/100\n|switch|p2a: Ninetales|Ninetales-Alola, F|100\/100\n|-weather|Snow|[from] ability: Snow Warning|[of] p2a: Ninetales\n|turn|1\n|\n|t:|1699805732\n|move|p1a: Darkrai|Sludge Bomb|p2a: Ninetales\n|-supereffective|p2a: Ninetales\n|-damage|p2a: Ninetales|29\/100\n|-status|p2a: Ninetales|psn\n|move|p2a: Ninetales|Aurora Veil|p2a: Ninetales\n|-sidestart|p2: John-Halsey|move: Aurora Veil\n|\n|-weather|Snow|[upkeep]\n|-damage|p2a: Ninetales|16\/100 psn|[from] psn\n|upkeep\n|turn|2\n|\n|t:|1699805746\n|switch|p2a: Nidoking|Nidoking, M|100\/100\n|move|p1a: Darkrai|Sludge Bomb|p2a: Nidoking\n|-resisted|p2a: Nidoking\n|-damage|p2a: Nidoking|95\/100\n|\n|-weather|Snow|[upkeep]\n|upkeep\n|turn|3\n|\n|t:|1699805757\n|move|p2a: Nidoking|Earth Power|p1a: Darkrai\n|-damage|p1a: Darkrai|41\/100\n|move|p1a: Darkrai|Psyshock|p2a: Nidoking\n|-supereffective|p2a: Nidoking\n|-damage|p2a: Nidoking|56\/100\n|\n|-weather|Snow|[upkeep]\n|upkeep\n|turn|4\n|\n|t:|1699805771\n|move|p2a: Nidoking|Earth Power|p1a: Darkrai\n|-damage|p1a: Darkrai|0 fnt\n|faint|p1a: Darkrai\n|\n|-weather|Snow|[upkeep]\n|upkeep\n|\n|t:|1699805779\n|switch|p1a: Corviknight|Corviknight, F|100\/100\n|turn|5\n|\n|t:|1699805794\n|switch|p2a: Ceruledge|Ceruledge, M|100\/100\n|-item|p2a: Ceruledge|Air Balloon\n|move|p1a: Corviknight|Iron Head|p2a: Ceruledge\n|-resisted|p2a: Ceruledge\n|-damage|p2a: Ceruledge|89\/100\n|-ability|p2a: Ceruledge|Weak Armor|boost\n|-unboost|p2a: Ceruledge|def|1\n|-boost|p2a: Ceruledge|spe|2\n|-enditem|p2a: Ceruledge|Air Balloon\n|\n|-weather|none\n|upkeep\n|turn|6\n|\n|t:|1699805817\n|move|p2a: Ceruledge|Bulk Up|p2a: Ceruledge\n|-boost|p2a: Ceruledge|atk|1\n|-boost|p2a: Ceruledge|def|1\n|move|p1a: Corviknight|U-turn|p2a: Ceruledge\n|-resisted|p2a: Ceruledge\n|-damage|p2a: Ceruledge|86\/100\n|-ability|p2a: Ceruledge|Weak Armor|boost\n|-unboost|p2a: Ceruledge|def|1\n|-boost|p2a: Ceruledge|spe|2\n|\n|t:|1699805827\n|switch|p1a: Greninja|Greninja, M|100\/100|[from] U-turn\n|\n|upkeep\n|turn|7\n|\n|t:|1699805833\n|-terastallize|p1a: Greninja|Water\n|move|p1a: Greninja|Water Shuriken|p2a: Ceruledge\n|-supereffective|p2a: Ceruledge\n|-damage|p2a: Ceruledge|75\/100\n|-supereffective|p2a: Ceruledge\n|-crit|p2a: Ceruledge\n|-damage|p2a: Ceruledge|39\/100\n|-supereffective|p2a: Ceruledge\n|-damage|p2a: Ceruledge|28\/100\n|-supereffective|p2a: Ceruledge\n|-damage|p2a: Ceruledge|17\/100\n|-supereffective|p2a: Ceruledge\n|-damage|p2a: Ceruledge|5\/100\n|-hitcount|p2a: Ceruledge|5\n|move|p2a: Ceruledge|Close Combat|p1a: Greninja\n|-damage|p1a: Greninja|1\/100\n|-unboost|p2a: Ceruledge|def|1\n|-unboost|p2a: Ceruledge|spd|1\n|\n|upkeep\n|turn|8\n|\n|t:|1699805852\n|move|p2a: Ceruledge|Shadow Sneak|p1a: Greninja\n|-crit|p1a: Greninja\n|-damage|p1a: Greninja|0 fnt\n|faint|p1a: Greninja\n|\n|-sideend|p2: John-Halsey|move: Aurora Veil\n|upkeep\n|\n|t:|1699805863\n|switch|p1a: Guzzlord|Guzzlord, shiny|100\/100\n|turn|9\n|\n|t:|1699805868\n|move|p2a: Ceruledge|Close Combat|p1a: Guzzlord\n|-supereffective|p1a: Guzzlord\n|-damage|p1a: Guzzlord|0 fnt\n|-unboost|p2a: Ceruledge|def|1\n|-unboost|p2a: Ceruledge|spd|1\n|faint|p1a: Guzzlord\n|\n|upkeep\n|\n|t:|1699805875\n|switch|p1a: Regieleki|Regieleki|100\/100\n|turn|10\n|\n|t:|1699805880\n|move|p2a: Ceruledge|Bitter Blade|p1a: Regieleki\n|-damage|p1a: Regieleki|0 fnt\n|-heal|p2a: Ceruledge|57\/100|[from] drain|[of] p1a: Regieleki\n|faint|p1a: Regieleki\n|\n|upkeep\n|\n|t:|1699805888\n|switch|p1a: Gholdengo|Gholdengo|100\/100\n|turn|11\n|\n|t:|1699805918\n|move|p2a: Ceruledge|Bitter Blade|p1a: Gholdengo\n|-supereffective|p1a: Gholdengo\n|-damage|p1a: Gholdengo|0 fnt\n|-heal|p2a: Ceruledge|100\/100|[from] drain|[of] p1a: Gholdengo\n|faint|p1a: Gholdengo\n|\n|upkeep\n|\n|t:|1699805923\n|switch|p1a: Corviknight|Corviknight, F|100\/100\n|turn|12\n|\n|t:|1699805934\n|move|p2a: Ceruledge|Bitter Blade|p1a: Corviknight\n|-supereffective|p1a: Corviknight\n|-crit|p1a: Corviknight\n|-damage|p1a: Corviknight|0 fnt\n|faint|p1a: Corviknight\n|\n|win|John-Halsey\n|raw|cvbncnh's rating: 1000 &rarr; <strong>1000<\/strong><br \/>(+0 for losing)\n|raw|John-Halsey's rating: 1104 &rarr; <strong>1122<\/strong><br \/>(+18 for winning)\n|l|\u2606cvbncnh\n","uploadtime":1699805941,"views":7,"p1id":"cvbncnh","p2id":"johnhalsey","formatid":"gen9nationaldexubers","rating":1000,"private":0,"password":""}