{"id":"gen9nationaldexubers-1987185775","p1":"Magnetonmagby","p2":"Breeze88","format":"[Gen 9] National Dex Ubers","log":"|j|\u2606Magnetonmagby\n|j|\u2606Breeze88\n|t:|1699563342\n|gametype|singles\n|player|p1|Magnetonmagby|170|1511\n|player|p2|Breeze88|steven|1737\n|teamsize|p1|6\n|teamsize|p2|6\n|gen|9\n|tier|[Gen 9] National Dex Ubers\n|rated|\n|rule|HP Percentage Mod: HP is shown in percentages\n|rule|Endless Battle Clause: Forcing endless battles is banned\n|rule|OHKO Clause: OHKO moves are banned\n|rule|Evasion Moves Clause: Evasion moves are banned\n|rule|Evasion Items Clause: Evasion items are banned\n|rule|Species Clause: Limit one of each Pok\u00e9mon\n|rule|Sleep Clause Mod: Limit one foe put to sleep\n|rule|Mega Rayquaza Clause: You cannot mega evolve Rayquaza\n|clearpoke\n|poke|p1|Shuckle, F|\n|poke|p1|Solgaleo|\n|poke|p1|Groudon|\n|poke|p1|Yveltal|\n|poke|p1|Arceus|\n|poke|p1|Xerneas-*|\n|poke|p2|Shuckle, M|\n|poke|p2|Necrozma-Dusk-Mane|\n|poke|p2|Yveltal|\n|poke|p2|Groudon|\n|poke|p2|Kyogre|\n|poke|p2|Xerneas-*|\n|teampreview\n|inactive|Battle timer is ON: inactive players will automatically lose when time's up. (requested by Breeze88)\n|c|\u2606Breeze88|glhf\n|inactive|Breeze88 has 120 seconds left.\n|\n|t:|1699563385\n|start\n|switch|p1a: Shuckle|Shuckle, F|100\/100\n|switch|p2a: Shuckle|Shuckle, M, shiny|100\/100\n|turn|1\n|\n|t:|1699563392\n|move|p1a: Shuckle|Sticky Web|p2a: Shuckle\n|-sidestart|p2: Breeze88|move: Sticky Web\n|move|p2a: Shuckle|Encore|p1a: Shuckle\n|-start|p1a: Shuckle|Encore\n|-enditem|p1a: Shuckle|Mental Herb\n|-end|p1a: Shuckle|Encore\n|\n|upkeep\n|turn|2\n|\n|t:|1699563403\n|move|p1a: Shuckle|Final Gambit|p2a: Shuckle\n|-damage|p2a: Shuckle|1\/100\n|faint|p1a: Shuckle\n|move|p2a: Shuckle|Sticky Web|p1: Shuckle\n|-sidestart|p1: Magnetonmagby|move: Sticky Web\n|\n|upkeep\n|\n|t:|1699563410\n|switch|p1a: Solgaleo|Solgaleo, shiny|100\/100\n|-activate|p1a: Solgaleo|move: Sticky Web\n|-fail|p1a: Solgaleo|unboost|[from] ability: Full Metal Body|[of] p1a: Solgaleo\n|turn|3\n|\n|t:|1699563416\n|-zpower|p1a: Solgaleo\n|move|p1a: Solgaleo|Z-Splash|p1a: Solgaleo|[anim]Splash\n|-boost|p1a: Solgaleo|atk|3|[zeffect]\n|-nothing\n|move|p2a: Shuckle|Encore||[still]\n|-fail|p2a: Shuckle\n|\n|upkeep\n|turn|4\n|\n|t:|1699563428\n|move|p1a: Solgaleo|Flame Charge|p2a: Shuckle\n|-damage|p2a: Shuckle|0 fnt\n|-boost|p1a: Solgaleo|spe|1\n|faint|p2a: Shuckle\n|\n|upkeep\n|inactive|Breeze88 has 120 seconds left.\n|\n|t:|1699563469\n|switch|p2a: Yveltal|Yveltal, shiny|100\/100\n|-ability|p2a: Yveltal|Dark Aura\n|turn|5\n|\n|t:|1699563480\n|move|p1a: Solgaleo|Sunsteel Strike|p2a: Yveltal\n|-damage|p2a: Yveltal|0 fnt\n|faint|p2a: Yveltal\n|\n|upkeep\n|\n|t:|1699563497\n|switch|p2a: Chopin|Groudon|100\/100\n|-activate|p2a: Chopin|move: Sticky Web\n|-unboost|p2a: Chopin|spe|1\n|detailschange|p2a: Chopin|Groudon-Primal\n|-primal|p2a: Chopin|Red Orb\n|-weather|DesolateLand|[from] ability: Desolate Land|[of] p2a: Chopin\n|turn|6\n|\n|t:|1699563500\n|move|p1a: Solgaleo|Earthquake|p2a: Chopin\n|-supereffective|p2a: Chopin\n|-damage|p2a: Chopin|0 fnt\n|faint|p2a: Chopin\n|-weather|none\n|\n|upkeep\n|\n|t:|1699563507\n|switch|p2a: Nebbychadnezzar|Necrozma-Dusk-Mane, shiny|100\/100\n|-activate|p2a: Nebbychadnezzar|move: Sticky Web\n|-unboost|p2a: Nebbychadnezzar|spe|1\n|turn|7\n|\n|t:|1699563510\n|detailschange|p2a: Nebbychadnezzar|Necrozma-Ultra, shiny\n|-burst|p2a: Nebbychadnezzar|Necrozma|Ultranecrozium Z\n|move|p1a: Solgaleo|Earthquake|p2a: Nebbychadnezzar\n|-damage|p2a: Nebbychadnezzar|13\/100\n|move|p2a: Nebbychadnezzar|Earthquake|p1a: Solgaleo\n|-supereffective|p1a: Solgaleo\n|-damage|p1a: Solgaleo|14\/100\n|\n|upkeep\n|turn|8\n|inactive|Breeze88 has 120 seconds left.\n|\n|t:|1699563520\n|move|p1a: Solgaleo|Flame Charge|p2a: Nebbychadnezzar\n|-resisted|p2a: Nebbychadnezzar\n|-damage|p2a: Nebbychadnezzar|0 fnt\n|-boost|p1a: Solgaleo|spe|1\n|faint|p2a: Nebbychadnezzar\n|\n|upkeep\n|\n|t:|1699563523\n|switch|p2a: Kyogre|Kyogre|100\/100\n|-activate|p2a: Kyogre|move: Sticky Web\n|-unboost|p2a: Kyogre|spe|1\n|detailschange|p2a: Kyogre|Kyogre-Primal\n|-primal|p2a: Kyogre|Blue Orb\n|-weather|PrimordialSea|[from] ability: Primordial Sea|[of] p2a: Kyogre\n|turn|9\n|\n|t:|1699563530\n|move|p1a: Solgaleo|Earthquake|p2a: Kyogre\n|-crit|p2a: Kyogre\n|-damage|p2a: Kyogre|0 fnt\n|faint|p2a: Kyogre\n|-weather|none\n|\n|upkeep\n|\n|t:|1699563532\n|switch|p2a: Xerneas|Xerneas, shiny|100\/100\n|-activate|p2a: Xerneas|move: Sticky Web\n|-unboost|p2a: Xerneas|spe|1\n|-ability|p2a: Xerneas|Fairy Aura\n|turn|10\n|c|\u2606Breeze88|gg\n|-message|Breeze88 forfeited.\n|\n|win|Magnetonmagby\n|raw|Magnetonmagby's rating: 1511 &rarr; <strong>1542<\/strong><br \/>(+31 for winning)\n|raw|Breeze88's rating: 1737 &rarr; <strong>1706<\/strong><br \/>(-31 for losing)\n|l|\u2606Breeze88\n","uploadtime":1699563547,"views":14,"p1id":"magnetonmagby","p2id":"breeze88","formatid":"gen9nationaldexubers","rating":1542,"private":0,"password":""}