{"id":"gen9nationaldexubers-1990137365","p1":"DinsFire01","p2":"ColdSobaNoodle","format":"[Gen 9] National Dex Ubers","log":"|j|\u2606DinsFire01\n|j|\u2606ColdSobaNoodle\n|t:|1699928595\n|gametype|singles\n|player|p1|DinsFire01|n|\n|player|p2|ColdSobaNoodle|cynthia|\n|teamsize|p1|6\n|teamsize|p2|6\n|gen|9\n|tier|[Gen 9] National Dex Ubers\n|rule|HP Percentage Mod: HP is shown in percentages\n|rule|Endless Battle Clause: Forcing endless battles is banned\n|rule|OHKO Clause: OHKO moves are banned\n|rule|Evasion Moves Clause: Evasion moves are banned\n|rule|Evasion Items Clause: Evasion items are banned\n|rule|Species Clause: Limit one of each Pok\u00e9mon\n|rule|Sleep Clause Mod: Limit one foe put to sleep\n|rule|Mega Rayquaza Clause: You cannot mega evolve Rayquaza\n|clearpoke\n|poke|p1|Falinks|\n|poke|p1|Shiftry, F|\n|poke|p1|Gliscor, F|\n|poke|p1|Gholdengo|\n|poke|p1|Tapu Fini|\n|poke|p1|Hoopa-Unbound|\n|poke|p2|Absol, M|\n|poke|p2|Ninetales-Alola, F|\n|poke|p2|Corviknight, M|\n|poke|p2|Zygarde-10%|\n|poke|p2|Torterra, F|\n|poke|p2|Dachsbun, M|\n|teampreview\n|j| Lunar Sloth\n|j| MiniBearGrahams\n|c| Lunar Sloth|this set fire\n|j| Keaton_fgc\n|j| Smackey_5\n|j| VoIteon\n|c|\u2606ColdSobaNoodle|Torterra has served me better than may dedicated slush rush sweeper holy\n|c|\u2606ColdSobaNoodle|my*\n|c|\u2606DinsFire01|im ready when you are\n|c|\u2606ColdSobaNoodle|Let's do this\n|c|\u2606ColdSobaNoodle|glhf\n|\n|t:|1699928760\n|start\n|switch|p1a: Alf Layla Wa-Layla|Hoopa-Unbound|100\/100\n|switch|p2a: \u767d\u6fa4|Absol, M|100\/100\n|turn|1\n|\n|t:|1699928845\n|switch|p1a: glizzy|Gliscor, F, shiny|100\/100\n|detailschange|p2a: \u767d\u6fa4|Absol-Mega, M\n|-mega|p2a: \u767d\u6fa4|Absol|Absolite\n|move|p2a: \u767d\u6fa4|Play Rough|p1a: glizzy|[miss]\n|-miss|p2a: \u767d\u6fa4|p1a: glizzy\n|\n|-status|p1a: glizzy|tox|[from] item: Toxic Orb\n|upkeep\n|turn|2\n|\n|t:|1699928862\n|switch|p2a: Rook|Corviknight, M, shiny|100\/100\n|-ability|p2a: Rook|Pressure\n|move|p1a: glizzy|Spikes|p2a: Rook\n|-sidestart|p2: ColdSobaNoodle|Spikes\n|\n|upkeep\n|turn|3\n|\n|t:|1699928872\n|move|p1a: glizzy|U-turn|p2a: Rook\n|-resisted|p2a: Rook\n|-damage|p2a: Rook|98\/100\n|-damage|p1a: glizzy|84\/100 tox|[from] item: Rocky Helmet|[of] p2a: Rook\n|\n|t:|1699928875\n|switch|p1a: Ghold Glider|Gholdengo|100\/100|[from] U-turn\n|move|p2a: Rook|U-turn|p1a: Ghold Glider\n|-resisted|p1a: Ghold Glider\n|-damage|p1a: Ghold Glider|97\/100\n|\n|t:|1699928881\n|switch|p2a: Jax|Zygarde-10%, shiny|100\/100|[from] U-turn\n|-damage|p2a: Jax|88\/100|[from] Spikes\n|-ability|p2a: Jax|Aura Break\n|\n|upkeep\n|turn|4\n|\n|t:|1699928921\n|switch|p1a: glizzy|Gliscor, F, shiny|84\/100 tox\n|move|p2a: Jax|Thousand Arrows|p1a: glizzy\n|-damage|p1a: glizzy|59\/100 tox\n|-start|p1a: glizzy|Smack Down\n|\n|-heal|p1a: glizzy|72\/100 tox|[from] ability: Poison Heal\n|upkeep\n|turn|5\n|\n|t:|1699928943\n|switch|p2a: \u767d\u6fa4|Absol-Mega, M|100\/100\n|-damage|p2a: \u767d\u6fa4|88\/100|[from] Spikes\n|move|p1a: glizzy|Spikes|p2a: \u767d\u6fa4\n|move|p2a: \u767d\u6fa4|Spikes|p1a: glizzy|[from]ability: Magic Bounce\n|-sidestart|p1: DinsFire01|Spikes\n|\n|-heal|p1a: glizzy|84\/100 tox|[from] ability: Poison Heal\n|upkeep\n|turn|6\n|\n|t:|1699928999\n|switch|p2a: Rook|Corviknight, M, shiny|98\/100\n|-ability|p2a: Rook|Pressure\n|move|p1a: glizzy|U-turn|p2a: Rook\n|-resisted|p2a: Rook\n|-damage|p2a: Rook|96\/100\n|-damage|p1a: glizzy|67\/100 tox|[from] item: Rocky Helmet|[of] p2a: Rook\n|\n|t:|1699929005\n|switch|p1a: Ghold Glider|Gholdengo|97\/100|[from] U-turn\n|-damage|p1a: Ghold Glider|85\/100|[from] Spikes\n|\n|upkeep\n|turn|7\n|\n|t:|1699929018\n|move|p1a: Ghold Glider|Shadow Ball|p2a: Rook\n|-damage|p2a: Rook|33\/100\n|move|p2a: Rook|Defog|p1a: Ghold Glider\n|-immune|p1a: Ghold Glider|[from] ability: Good as Gold\n|\n|upkeep\n|turn|8\n|\n|t:|1699929031\n|switch|p2a: \u767d\u6fa4|Absol-Mega, M|88\/100\n|-damage|p2a: \u767d\u6fa4|76\/100|[from] Spikes\n|move|p1a: Ghold Glider|Shadow Ball|p2a: \u767d\u6fa4\n|-resisted|p2a: \u767d\u6fa4\n|-damage|p2a: \u767d\u6fa4|17\/100\n|\n|upkeep\n|turn|9\n|c| Lunar Sloth|jesus\n|c|\u2606DinsFire01|why does it do that\n|\n|t:|1699929045\n|switch|p1a: glizzy|Gliscor, F, shiny|67\/100 tox\n|move|p2a: \u767d\u6fa4|Wish|p2a: \u767d\u6fa4\n|\n|-heal|p1a: glizzy|80\/100 tox|[from] ability: Poison Heal\n|upkeep\n|turn|10\n|\n|t:|1699929057\n|switch|p2a: Rook|Corviknight, M, shiny|33\/100\n|-ability|p2a: Rook|Pressure\n|move|p1a: glizzy|U-turn|p2a: Rook\n|-resisted|p2a: Rook\n|-damage|p2a: Rook|31\/100\n|-damage|p1a: glizzy|63\/100 tox|[from] item: Rocky Helmet|[of] p2a: Rook\n|\n|t:|1699929059\n|switch|p1a: Ghold Glider|Gholdengo|85\/100|[from] U-turn\n|-damage|p1a: Ghold Glider|73\/100|[from] Spikes\n|\n|-heal|p2a: Rook|67\/100|[from] move: Wish|[wisher] \u767d\u6fa4\n|upkeep\n|turn|11\n|\n|t:|1699929066\n|move|p1a: Ghold Glider|Shadow Ball|p2a: Rook\n|-damage|p2a: Rook|13\/100\n|move|p2a: Rook|Roost|p2a: Rook\n|-heal|p2a: Rook|63\/100\n|-singleturn|p2a: Rook|move: Roost\n|\n|upkeep\n|turn|12\n|\n|t:|1699929074\n|move|p1a: Ghold Glider|Shadow Ball|p2a: Rook\n|-damage|p2a: Rook|4\/100\n|move|p2a: Rook|U-turn|p1a: Ghold Glider\n|-resisted|p1a: Ghold Glider\n|-damage|p1a: Ghold Glider|70\/100\n|j| ZBFusion\n|\n|t:|1699929090\n|switch|p2a: Jax|Zygarde-10%, shiny|88\/100|[from] U-turn\n|-damage|p2a: Jax|76\/100|[from] Spikes\n|-ability|p2a: Jax|Aura Break\n|\n|upkeep\n|turn|13\n|\n|t:|1699929116\n|switch|p1a: men|Falinks|100\/100\n|-damage|p1a: men|88\/100|[from] Spikes\n|move|p2a: Jax|Dragon Dance|p2a: Jax\n|-boost|p2a: Jax|atk|1\n|-boost|p2a: Jax|spe|1\n|\n|upkeep\n|turn|14\n|\n|t:|1699929156\n|move|p2a: Jax|Dragon Dance|p2a: Jax\n|-boost|p2a: Jax|atk|1\n|-boost|p2a: Jax|spe|1\n|move|p1a: men|No Retreat|p1a: men\n|-boost|p1a: men|atk|1\n|-boost|p1a: men|def|1\n|-boost|p1a: men|spa|1\n|-boost|p1a: men|spd|1\n|-boost|p1a: men|spe|1\n|-start|p1a: men|move: No Retreat\n|\n|upkeep\n|turn|15\n|l| Smackey_5\n|c| Lunar Sloth|scary\n|j| Smackey_5\n|\n|t:|1699929207\n|-zpower|p2a: Jax\n|move|p2a: Jax|Tectonic Rage|p1a: men|[zeffect]\n|-damage|p1a: men|0 fnt\n|faint|p1a: men\n|\n|upkeep\n|c| VoIteon|Oh\n|c|\u2606ColdSobaNoodle|sorry was calcing\n|\n|t:|1699929234\n|switch|p1a: mother|Tapu Fini|100\/100\n|-damage|p1a: mother|88\/100|[from] Spikes\n|-fieldstart|move: Misty Terrain|[from] ability: Misty Surge|[of] p1a: mother\n|turn|16\n|\n|t:|1699929300\n|switch|p2a: Munchies|Dachsbun, M|100\/100\n|move|p1a: mother|Haze|p1a: mother\n|-clearallboost\n|\n|-heal|p1a: mother|94\/100|[from] item: Leftovers\n|upkeep\n|turn|17\n|c| Lunar Sloth|the switch out huh\n|\n|t:|1699929323\n|move|p2a: Munchies|Wish|p2a: Munchies\n|move|p1a: mother|Scald|p2a: Munchies\n|-damage|p2a: Munchies|57\/100\n|\n|-heal|p1a: mother|99\/100|[from] item: Leftovers\n|upkeep\n|turn|18\n|l| Smackey_5\n|\n|t:|1699929341\n|move|p2a: Munchies|Wish||[still]\n|-fail|p2a: Munchies\n|move|p1a: mother|Scald|p2a: Munchies\n|-damage|p2a: Munchies|16\/100\n|\n|-heal|p2a: Munchies|66\/100|[from] move: Wish|[wisher] Munchies\n|-heal|p1a: mother|100\/100|[from] item: Leftovers\n|upkeep\n|turn|19\n|j| Smackey_5\n|\n|t:|1699929356\n|move|p2a: Munchies|Ice Fang|p1a: mother\n|-resisted|p1a: mother\n|-damage|p1a: mother|95\/100\n|move|p1a: mother|Scald|p2a: Munchies\n|-damage|p2a: Munchies|21\/100\n|\n|-heal|p1a: mother|100\/100|[from] item: Leftovers\n|upkeep\n|turn|20\n|\n|t:|1699929368\n|switch|p2a: \u7a32\u8377|Ninetales-Alola, F, shiny|100\/100\n|-damage|p2a: \u7a32\u8377|88\/100|[from] Spikes\n|-weather|Snow|[from] ability: Snow Warning|[of] p2a: \u7a32\u8377\n|move|p1a: mother|Scald|p2a: \u7a32\u8377\n|-damage|p2a: \u7a32\u8377|63\/100\n|\n|-weather|Snow|[upkeep]\n|-fieldend|Misty Terrain\n|upkeep\n|turn|21\n|\n|t:|1699929397\n|move|p2a: \u7a32\u8377|Aurora Veil|p2a: \u7a32\u8377\n|-sidestart|p2: ColdSobaNoodle|move: Aurora Veil\n|move|p1a: mother|Toxic|p2a: \u7a32\u8377\n|-status|p2a: \u7a32\u8377|tox\n|\n|-weather|Snow|[upkeep]\n|-damage|p2a: \u7a32\u8377|57\/100 tox|[from] psn\n|upkeep\n|turn|22\n|\n|t:|1699929408\n|move|p2a: \u7a32\u8377|Heal Bell|p2a: \u7a32\u8377\n|-activate|p2a: \u7a32\u8377|move: Heal Bell\n|-curestatus|p2a: \u7a32\u8377|tox|[msg]\n|move|p1a: mother|Knock Off|p2a: \u7a32\u8377\n|-resisted|p2a: \u7a32\u8377\n|-damage|p2a: \u7a32\u8377|53\/100\n|-enditem|p2a: \u7a32\u8377|Light Clay|[from] move: Knock Off|[of] p1a: mother\n|\n|-weather|Snow|[upkeep]\n|upkeep\n|turn|23\n|\n|t:|1699929432\n|-terastallize|p1a: mother|Poison\n|move|p2a: \u7a32\u8377|Freeze-Dry|p1a: mother\n|-damage|p1a: mother|82\/100\n|move|p1a: mother|Toxic|p2a: \u7a32\u8377\n|-status|p2a: \u7a32\u8377|tox\n|\n|-weather|Snow|[upkeep]\n|-heal|p1a: mother|88\/100|[from] item: Leftovers\n|-damage|p2a: \u7a32\u8377|46\/100 tox|[from] psn\n|upkeep\n|turn|24\n|\n|t:|1699929442\n|switch|p2a: Rook|Corviknight, M, shiny|4\/100\n|-ability|p2a: Rook|Pressure\n|move|p1a: mother|Scald|p2a: Rook\n|-damage|p2a: Rook|0 fnt\n|faint|p2a: Rook\n|\n|-weather|none\n|-heal|p1a: mother|94\/100|[from] item: Leftovers\n|upkeep\n|c|\u2606ColdSobaNoodle|ah dang was hoping you'd pred the heal bell again\n|\n|t:|1699929468\n|switch|p2a: Jax|Zygarde-10%, shiny|76\/100\n|-damage|p2a: Jax|63\/100|[from] Spikes\n|-ability|p2a: Jax|Aura Break\n|turn|25\n|l| Smackey_5\n|j| Smackey_5\n|\n|t:|1699929543\n|move|p2a: Jax|Dragon Dance|p2a: Jax\n|-boost|p2a: Jax|atk|1\n|-boost|p2a: Jax|spe|1\n|move|p1a: mother|Haze|p1a: mother\n|-clearallboost\n|\n|-heal|p1a: mother|100\/100|[from] item: Leftovers\n|upkeep\n|turn|26\n|j| speedykidyo\n|c| speedykidyo|wassup\n|\n|t:|1699929562\n|switch|p1a: the goat|Shiftry, F, shiny|100\/100\n|-damage|p1a: the goat|88\/100|[from] Spikes\n|move|p2a: Jax|Thousand Arrows|p1a: the goat\n|-resisted|p1a: the goat\n|-damage|p1a: the goat|52\/100\n|\n|upkeep\n|turn|27\n|c| speedykidyo|oh lord this is one of those games\n|c| Lunar Sloth|what that mean\n|\n|t:|1699929585\n|move|p2a: Jax|Brick Break|p1a: the goat\n|-supereffective|p1a: the goat\n|-damage|p1a: the goat|0 fnt\n|faint|p1a: the goat\n|\n|upkeep\n|\n|t:|1699929591\n|switch|p1a: glizzy|Gliscor, F, shiny|63\/100 tox\n|turn|28\n|c| Lunar Sloth|that gets brick break\n|\n|t:|1699929598\n|switch|p2a: Munchies|Dachsbun, M|21\/100\n|move|p1a: glizzy|Earthquake|p2a: Munchies\n|-damage|p2a: Munchies|2\/100\n|\n|-heal|p1a: glizzy|76\/100 tox|[from] ability: Poison Heal\n|-sideend|p2: ColdSobaNoodle|move: Aurora Veil\n|upkeep\n|turn|29\n|c|\u2606ColdSobaNoodle|ye\n|\n|t:|1699929620\n|switch|p1a: mother|Tapu Fini, tera:Poison|100\/100\n|-damage|p1a: mother|88\/100|[from] Spikes\n|-fieldstart|move: Misty Terrain|[from] ability: Misty Surge|[of] p1a: mother\n|move|p2a: Munchies|Wish|p2a: Munchies\n|\n|-heal|p1a: mother|94\/100|[from] item: Leftovers\n|upkeep\n|turn|30\n|\n|t:|1699929640\n|move|p2a: Munchies|Ice Fang|p1a: mother\n|-damage|p1a: mother|83\/100\n|move|p1a: mother|Scald|p2a: Munchies\n|-damage|p2a: Munchies|0 fnt\n|faint|p2a: Munchies\n|\n|-heal|p1a: mother|89\/100|[from] item: Leftovers\n|upkeep\n|\n|t:|1699929647\n|switch|p2a: \u767d\u6fa4|Absol-Mega, M|17\/100\n|-damage|p2a: \u767d\u6fa4|5\/100|[from] Spikes\n|turn|31\n|c| MiniBearGrahams|i forgot\n|\n|t:|1699929688\n|move|p2a: \u767d\u6fa4|Wish|p2a: \u767d\u6fa4\n|move|p1a: mother|Scald|p2a: \u767d\u6fa4\n|-damage|p2a: \u767d\u6fa4|0 fnt\n|faint|p2a: \u767d\u6fa4\n|\n|-heal|p1a: mother|95\/100|[from] item: Leftovers\n|upkeep\n|\n|t:|1699929696\n|switch|p2a: Jax|Zygarde-10%, shiny|63\/100\n|-damage|p2a: Jax|51\/100|[from] Spikes\n|-ability|p2a: Jax|Aura Break\n|turn|32\n|c| speedykidyo|it means that there was only 1 mon out on both teams at turn 25\n|c| speedykidyo|which i guess means that they're playing well\n|c|\u2606ColdSobaNoodle|I fumbled a bit, but I am hanging on\n|c|\u2606ColdSobaNoodle|though I am having a ridiculous amount of fun with this one holy\n|\n|t:|1699929737\n|switch|p1a: glizzy|Gliscor, F, shiny|76\/100 tox\n|move|p2a: Jax|Dragon Dance|p2a: Jax\n|-boost|p2a: Jax|atk|1\n|-boost|p2a: Jax|spe|1\n|\n|-heal|p2a: Jax|100\/100|[from] move: Wish|[wisher] \u767d\u6fa4\n|-heal|p1a: glizzy|88\/100 tox|[from] ability: Poison Heal\n|upkeep\n|turn|33\n|\n|t:|1699929756\n|move|p2a: Jax|Dragon Dance|p2a: Jax\n|-boost|p2a: Jax|atk|1\n|-boost|p2a: Jax|spe|1\n|move|p1a: glizzy|Earthquake|p2a: Jax\n|-damage|p2a: Jax|41\/100\n|\n|-heal|p1a: glizzy|100\/100 tox|[from] ability: Poison Heal\n|-fieldend|Misty Terrain\n|upkeep\n|turn|34\n|c|\u2606DinsFire01|pivotal turn here\n|c|\u2606ColdSobaNoodle|agreed\n|\n|t:|1699929815\n|move|p2a: Jax|Dragon Dance|p2a: Jax\n|-boost|p2a: Jax|atk|1\n|-boost|p2a: Jax|spe|1\n|move|p1a: glizzy|Earthquake|p2a: Jax\n|-damage|p2a: Jax|0 fnt\n|faint|p2a: Jax\n|\n|upkeep\n|\n|t:|1699929822\n|switch|p2a: Minecraft|Torterra, F|100\/100\n|-damage|p2a: Minecraft|88\/100|[from] Spikes\n|turn|35\n|c| speedykidyo|what type is thousand arrows\n|c| MiniBearGrahams|i was gonna cry if u didnt earthquake\n|c| MiniBearGrahams|ground\n|c|\u2606ColdSobaNoodle|ground\n|c| speedykidyo|oh ok\n|c| Lunar Sloth|broken move\n|c|\u2606ColdSobaNoodle|it hits flying types\n|c|\u2606ColdSobaNoodle|very fun move\n|c| speedykidyo|oh nice\n|\n|t:|1699929856\n|-terastallize|p2a: Minecraft|Fairy\n|move|p1a: glizzy|U-turn|p2a: Minecraft\n|-resisted|p2a: Minecraft\n|-damage|p2a: Minecraft|80\/100\n|\n|t:|1699929870\n|switch|p1a: mother|Tapu Fini, tera:Poison|95\/100|[from] U-turn\n|-damage|p1a: mother|82\/100|[from] Spikes\n|-fieldstart|move: Misty Terrain|[from] ability: Misty Surge|[of] p1a: mother\n|move|p2a: Minecraft|Shell Smash|p2a: Minecraft\n|-unboost|p2a: Minecraft|def|1\n|-unboost|p2a: Minecraft|spd|1\n|-boost|p2a: Minecraft|atk|2\n|-boost|p2a: Minecraft|spa|2\n|-boost|p2a: Minecraft|spe|2\n|\n|-heal|p1a: mother|89\/100|[from] item: Leftovers\n|upkeep\n|turn|36\n|\n|t:|1699929882\n|move|p2a: Minecraft|Earthquake|p1a: mother\n|-supereffective|p1a: mother\n|-damage|p1a: mother|0 fnt\n|faint|p1a: mother\n|\n|upkeep\n|c|\u2606DinsFire01|gg\n|\n|t:|1699929889\n|switch|p1a: glizzy|Gliscor, F, shiny|100\/100 tox\n|turn|37\n|\n|t:|1699929894\n|move|p2a: Minecraft|Worry Seed|p1a: glizzy\n|-endability|p1a: glizzy|Poison Heal|[from] move: Worry Seed\n|-ability|p1a: glizzy|Insomnia|[from] move: Worry Seed\n|move|p1a: glizzy|Earthquake|p2a: Minecraft\n|-damage|p2a: Minecraft|28\/100\n|\n|-damage|p1a: glizzy|94\/100 tox|[from] psn\n|upkeep\n|turn|38\n|\n|t:|1699929899\n|move|p2a: Minecraft|Bullet Seed|p1a: glizzy\n|-damage|p1a: glizzy|71\/100 tox\n|-damage|p1a: glizzy|48\/100 tox\n|-damage|p1a: glizzy|25\/100 tox\n|-crit|p1a: glizzy\n|-damage|p1a: glizzy|0 fnt\n|faint|p1a: glizzy\n|-hitcount|p1: glizzy|4\n|\n|upkeep\n|c| speedykidyo|nice\n|\n|t:|1699929910\n|switch|p1a: Alf Layla Wa-Layla|Hoopa-Unbound|100\/100\n|-damage|p1a: Alf Layla Wa-Layla|88\/100|[from] Spikes\n|turn|39\n|c| speedykidyo|alf layla who what now\n|c| Lunar Sloth|theres a chance\n|c| Lunar Sloth|if\n|c|\u2606ColdSobaNoodle|alf layla wa-layla\n|c| Lunar Sloth|hmmm\n|c| speedykidyo|i dont get the joke\n|c| MiniBearGrahams|sonic\n|\n|t:|1699929979\n|move|p2a: Minecraft|Bullet Seed|p1a: Alf Layla Wa-Layla\n|-damage|p1a: Alf Layla Wa-Layla|22\/100\n|-damage|p1a: Alf Layla Wa-Layla|0 fnt\n|faint|p1a: Alf Layla Wa-Layla\n|-hitcount|p1: Alf Layla Wa-Layla|2\n|\n|-fieldend|Misty Terrain\n|upkeep\n|\n|t:|1699929980\n|switch|p1a: Ghold Glider|Gholdengo|70\/100\n|-damage|p1a: Ghold Glider|57\/100|[from] Spikes\n|turn|40\n|c| Lunar Sloth|damn\n|c|\u2606DinsFire01|yeah gg\n|c| speedykidyo|gg\n|c|\u2606ColdSobaNoodle|ggs it was fun playing you Quote\n|c| MiniBearGrahams|i cried\n|c| Lunar Sloth|im curious on the ev spreads here\n|\n|t:|1699930023\n|move|p2a: Minecraft|Earthquake|p1a: Ghold Glider\n|-supereffective|p1a: Ghold Glider\n|-damage|p1a: Ghold Glider|0 fnt\n|faint|p1a: Ghold Glider\n|\n|win|ColdSobaNoodle\n","uploadtime":1699930030,"views":16,"p1id":"dinsfire01","p2id":"coldsobanoodle","formatid":"gen9nationaldexubers","rating":0,"private":0,"password":""}