{"id":"gen9nationaldexubers-1984994358","p1":"Deletta","p2":"trasedaszer","format":"[Gen 9] National Dex Ubers","log":"|j|\u2606Deletta\n|j|\u2606trasedaszer\n|t:|1699318641\n|gametype|singles\n|player|p1|Deletta|fisherman-gen4|1264\n|player|p2|trasedaszer|bellelba|1172\n|teamsize|p1|6\n|teamsize|p2|6\n|gen|9\n|tier|[Gen 9] National Dex Ubers\n|rated|\n|rule|HP Percentage Mod: HP is shown in percentages\n|rule|Endless Battle Clause: Forcing endless battles is banned\n|rule|OHKO Clause: OHKO moves are banned\n|rule|Evasion Moves Clause: Evasion moves are banned\n|rule|Evasion Items Clause: Evasion items are banned\n|rule|Species Clause: Limit one of each Pok\u00e9mon\n|rule|Sleep Clause Mod: Limit one foe put to sleep\n|rule|Mega Rayquaza Clause: You cannot mega evolve Rayquaza\n|clearpoke\n|poke|p1|Buzzwole|\n|poke|p1|Ferrothorn, F|\n|poke|p1|Hatterene, F|\n|poke|p1|Dracovish|\n|poke|p1|Magearna|\n|poke|p1|Melmetal|\n|poke|p2|Hatterene, F|\n|poke|p2|Ferrothorn, M|\n|poke|p2|Dragapult, F|\n|poke|p2|Toxapex, M|\n|poke|p2|Darmanitan-Galar, M|\n|poke|p2|Gliscor, F|\n|teampreview\n|\n|t:|1699318673\n|start\n|switch|p1a: Magekeke|Magearna|100\/100\n|switch|p2a: Darmanitan|Darmanitan-Galar, M|100\/100\n|turn|1\n|\n|t:|1699318679\n|move|p2a: Darmanitan|Flare Blitz|p1a: Magekeke\n|-supereffective|p1a: Magekeke\n|-damage|p1a: Magekeke|22\/100\n|-damage|p2a: Darmanitan|74\/100|[from] Recoil\n|move|p1a: Magekeke|Trick Room|p1a: Magekeke\n|-fieldstart|move: Trick Room|[of] p1a: Magekeke\n|\n|-heal|p1a: Magekeke|28\/100|[from] item: Leftovers\n|upkeep\n|turn|2\n|\n|t:|1699318691\n|switch|p2a: Ferrothorn|Ferrothorn, M|100\/100\n|move|p1a: Magekeke|Volt Switch|p2a: Ferrothorn\n|-resisted|p2a: Ferrothorn\n|-damage|p2a: Ferrothorn|91\/100\n|\n|t:|1699318703\n|switch|p1a: Viola do dianho|Hatterene, F|100\/100|[from] Volt Switch\n|\n|-heal|p2a: Ferrothorn|98\/100|[from] item: Leftovers\n|upkeep\n|turn|3\n|\n|t:|1699318750\n|-terastallize|p2a: Ferrothorn|Water\n|move|p1a: Viola do dianho|Mystical Fire|p2a: Ferrothorn\n|-resisted|p2a: Ferrothorn\n|-damage|p2a: Ferrothorn|85\/100\n|-unboost|p2a: Ferrothorn|spa|1\n|move|p2a: Ferrothorn|Power Whip|p1a: Viola do dianho\n|-damage|p1a: Viola do dianho|53\/100\n|\n|-heal|p2a: Ferrothorn|91\/100|[from] item: Leftovers\n|upkeep\n|turn|4\n|\n|t:|1699318768\n|switch|p1a: Porrud\u00e3o|Ferrothorn, F|100\/100\n|move|p2a: Ferrothorn|Power Whip|p1a: Porrud\u00e3o|[miss]\n|-miss|p2a: Ferrothorn|p1a: Porrud\u00e3o\n|\n|-heal|p2a: Ferrothorn|97\/100|[from] item: Leftovers\n|upkeep\n|turn|5\n|\n|t:|1699318778\n|switch|p2a: Hatterene|Hatterene, F|100\/100\n|move|p1a: Porrud\u00e3o|Leech Seed|p2a: Hatterene\n|move|p2a: Hatterene|Leech Seed|p1a: Porrud\u00e3o|[from]ability: Magic Bounce\n|-immune|p1a: Porrud\u00e3o\n|\n|-fieldend|move: Trick Room\n|upkeep\n|turn|6\n|\n|t:|1699318812\n|switch|p1a: Bass Ultra Fishing|Dracovish|100\/100\n|move|p2a: Hatterene|Mystical Fire|p1a: Bass Ultra Fishing\n|-resisted|p1a: Bass Ultra Fishing\n|-damage|p1a: Bass Ultra Fishing|97\/100\n|-unboost|p1a: Bass Ultra Fishing|spa|1\n|\n|upkeep\n|turn|7\n|\n|t:|1699318828\n|switch|p2a: Ferrothorn|Ferrothorn, M, tera:Water|97\/100\n|move|p1a: Bass Ultra Fishing|Fishious Rend|p2a: Ferrothorn\n|-resisted|p2a: Ferrothorn\n|-damage|p2a: Ferrothorn|65\/100\n|-damage|p1a: Bass Ultra Fishing|84\/100|[from] ability: Iron Barbs|[of] p2a: Ferrothorn\n|\n|-heal|p2a: Ferrothorn|71\/100|[from] item: Leftovers\n|upkeep\n|turn|8\n|\n|t:|1699318876\n|move|p1a: Bass Ultra Fishing|Crunch|p2a: Ferrothorn\n|-damage|p2a: Ferrothorn|51\/100\n|-damage|p1a: Bass Ultra Fishing|72\/100|[from] ability: Iron Barbs|[of] p2a: Ferrothorn\n|move|p2a: Ferrothorn|Body Press|p1a: Bass Ultra Fishing\n|-damage|p1a: Bass Ultra Fishing|45\/100\n|\n|-heal|p2a: Ferrothorn|57\/100|[from] item: Leftovers\n|upkeep\n|turn|9\n|\n|t:|1699318894\n|move|p1a: Bass Ultra Fishing|Crunch|p2a: Ferrothorn\n|-damage|p2a: Ferrothorn|37\/100\n|-damage|p1a: Bass Ultra Fishing|33\/100|[from] ability: Iron Barbs|[of] p2a: Ferrothorn\n|move|p2a: Ferrothorn|Iron Defense|p2a: Ferrothorn\n|-boost|p2a: Ferrothorn|def|2\n|\n|-heal|p2a: Ferrothorn|43\/100|[from] item: Leftovers\n|upkeep\n|turn|10\n|\n|t:|1699318905\n|switch|p1a: Viola do dianho|Hatterene, F|53\/100\n|move|p2a: Ferrothorn|Leech Seed|p1a: Viola do dianho\n|move|p1a: Viola do dianho|Leech Seed|p2a: Ferrothorn|[from]ability: Magic Bounce\n|-start|p2a: Ferrothorn|move: Leech Seed\n|\n|-heal|p2a: Ferrothorn|50\/100|[from] item: Leftovers\n|-damage|p2a: Ferrothorn|37\/100|[from] Leech Seed|[of] p1a: Viola do dianho\n|-heal|p1a: Viola do dianho|67\/100|[silent]\n|upkeep\n|turn|11\n|\n|t:|1699318945\n|switch|p2a: Hatterene|Hatterene, F|100\/100\n|move|p1a: Viola do dianho|Dazzling Gleam|p2a: Hatterene\n|-damage|p2a: Hatterene|48\/100\n|\n|-heal|p2a: Hatterene|54\/100|[from] item: Leftovers\n|upkeep\n|turn|12\n|\n|t:|1699318952\n|move|p2a: Hatterene|Mystical Fire|p1a: Viola do dianho\n|-damage|p1a: Viola do dianho|44\/100\n|-unboost|p1a: Viola do dianho|spa|1\n|move|p1a: Viola do dianho|Trick Room|p1a: Viola do dianho\n|-fieldstart|move: Trick Room|[of] p1a: Viola do dianho\n|\n|-heal|p2a: Hatterene|60\/100|[from] item: Leftovers\n|upkeep\n|turn|13\n|\n|t:|1699318967\n|move|p1a: Viola do dianho|Mystical Fire|p2a: Hatterene\n|-damage|p2a: Hatterene|39\/100\n|-unboost|p2a: Hatterene|spa|1\n|move|p2a: Hatterene|Mystical Fire|p1a: Viola do dianho\n|-damage|p1a: Viola do dianho|29\/100\n|-unboost|p1a: Viola do dianho|spa|1\n|\n|-heal|p2a: Hatterene|45\/100|[from] item: Leftovers\n|upkeep\n|turn|14\n|\n|t:|1699318973\n|move|p1a: Viola do dianho|Mystical Fire|p2a: Hatterene\n|-damage|p2a: Hatterene|28\/100\n|-unboost|p2a: Hatterene|spa|1\n|move|p2a: Hatterene|Mystical Fire|p1a: Viola do dianho\n|-damage|p1a: Viola do dianho|16\/100\n|-unboost|p1a: Viola do dianho|spa|1\n|\n|-heal|p2a: Hatterene|34\/100|[from] item: Leftovers\n|upkeep\n|turn|15\n|\n|t:|1699318985\n|move|p1a: Viola do dianho|Healing Wish|p1a: Viola do dianho\n|faint|p1a: Viola do dianho\n|move|p2a: Hatterene|Calm Mind|p2a: Hatterene\n|-boost|p2a: Hatterene|spa|1\n|-boost|p2a: Hatterene|spd|1\n|\n|-heal|p2a: Hatterene|40\/100|[from] item: Leftovers\n|upkeep\n|\n|t:|1699318990\n|switch|p1a: Bass Ultra Fishing|Dracovish|33\/100\n|-heal|p1a: Bass Ultra Fishing|100\/100|[from] move: Healing Wish\n|turn|16\n|\n|t:|1699319003\n|move|p2a: Hatterene|Draining Kiss|p1a: Bass Ultra Fishing\n|-supereffective|p1a: Bass Ultra Fishing\n|-damage|p1a: Bass Ultra Fishing|81\/100\n|-heal|p2a: Hatterene|58\/100|[from] drain|[of] p1a: Bass Ultra Fishing\n|move|p1a: Bass Ultra Fishing|Fishious Rend|p2a: Hatterene\n|-damage|p2a: Hatterene|14\/100\n|\n|-heal|p2a: Hatterene|20\/100|[from] item: Leftovers\n|-fieldend|move: Trick Room\n|upkeep\n|turn|17\n|\n|t:|1699319013\n|move|p1a: Bass Ultra Fishing|Fishious Rend|p2a: Hatterene\n|-damage|p2a: Hatterene|0 fnt\n|faint|p2a: Hatterene\n|\n|upkeep\n|\n|t:|1699319019\n|switch|p2a: Toxapex|Toxapex, M|100\/100\n|turn|18\n|\n|t:|1699319024\n|move|p1a: Bass Ultra Fishing|Psychic Fangs|p2a: Toxapex\n|-supereffective|p2a: Toxapex\n|-damage|p2a: Toxapex|52\/100\n|move|p2a: Toxapex|Toxic|p1a: Bass Ultra Fishing\n|-status|p1a: Bass Ultra Fishing|tox\n|\n|-heal|p2a: Toxapex|58\/100|[from] item: Black Sludge\n|-damage|p1a: Bass Ultra Fishing|75\/100 tox|[from] psn\n|upkeep\n|turn|19\n|\n|t:|1699319038\n|switch|p1a: Porrud\u00e3o|Ferrothorn, F|100\/100\n|move|p2a: Toxapex|Recover|p2a: Toxapex\n|-heal|p2a: Toxapex|100\/100\n|\n|upkeep\n|turn|20\n|\n|t:|1699319048\n|switch|p2a: Gliscor|Gliscor, F|100\/100\n|move|p1a: Porrud\u00e3o|Leech Seed|p2a: Gliscor\n|-start|p2a: Gliscor|move: Leech Seed\n|\n|-damage|p2a: Gliscor|88\/100|[from] Leech Seed|[of] p1a: Porrud\u00e3o\n|-status|p2a: Gliscor|tox|[from] item: Toxic Orb\n|upkeep\n|turn|21\n|\n|t:|1699319070\n|move|p2a: Gliscor|Swords Dance|p2a: Gliscor\n|-boost|p2a: Gliscor|atk|2\n|move|p1a: Porrud\u00e3o|Power Whip|p2a: Gliscor\n|-damage|p2a: Gliscor|63\/100 tox\n|\n|-damage|p2a: Gliscor|51\/100 tox|[from] Leech Seed|[of] p1a: Porrud\u00e3o\n|-heal|p2a: Gliscor|63\/100 tox|[from] ability: Poison Heal\n|upkeep\n|turn|22\n|\n|t:|1699319087\n|move|p2a: Gliscor|Earthquake|p1a: Porrud\u00e3o\n|-damage|p1a: Porrud\u00e3o|60\/100\n|move|p1a: Porrud\u00e3o|Gyro Ball|p2a: Gliscor\n|-damage|p2a: Gliscor|33\/100 tox\n|\n|-damage|p2a: Gliscor|21\/100 tox|[from] Leech Seed|[of] p1a: Porrud\u00e3o\n|-heal|p1a: Porrud\u00e3o|73\/100|[silent]\n|-heal|p2a: Gliscor|33\/100 tox|[from] ability: Poison Heal\n|upkeep\n|turn|23\n|\n|t:|1699319096\n|move|p2a: Gliscor|Earthquake|p1a: Porrud\u00e3o\n|-damage|p1a: Porrud\u00e3o|35\/100\n|move|p1a: Porrud\u00e3o|Gyro Ball|p2a: Gliscor\n|-damage|p2a: Gliscor|4\/100 tox\n|\n|-damage|p2a: Gliscor|0 fnt|[from] Leech Seed|[of] p1a: Porrud\u00e3o\n|-heal|p1a: Porrud\u00e3o|39\/100|[silent]\n|faint|p2a: Gliscor\n|upkeep\n|\n|t:|1699319102\n|switch|p2a: Dragapult|Dragapult, F|100\/100\n|turn|24\n|\n|t:|1699319134\n|move|p2a: Dragapult|Substitute|p2a: Dragapult\n|-start|p2a: Dragapult|Substitute\n|-damage|p2a: Dragapult|76\/100\n|move|p1a: Porrud\u00e3o|Leech Seed||[still]\n|-fail|p1a: Porrud\u00e3o\n|\n|-heal|p2a: Dragapult|82\/100|[from] item: Leftovers\n|upkeep\n|turn|25\n|\n|t:|1699319148\n|move|p2a: Dragapult|Dragon Dance|p2a: Dragapult\n|-boost|p2a: Dragapult|atk|1\n|-boost|p2a: Dragapult|spe|1\n|move|p1a: Porrud\u00e3o|Gyro Ball|p2a: Dragapult\n|-end|p2a: Dragapult|Substitute\n|\n|-heal|p2a: Dragapult|88\/100|[from] item: Leftovers\n|upkeep\n|turn|26\n|\n|t:|1699319171\n|move|p2a: Dragapult|Substitute|p2a: Dragapult\n|-start|p2a: Dragapult|Substitute\n|-damage|p2a: Dragapult|63\/100\n|move|p1a: Porrud\u00e3o|Gyro Ball|p2a: Dragapult\n|-end|p2a: Dragapult|Substitute\n|\n|-heal|p2a: Dragapult|69\/100|[from] item: Leftovers\n|upkeep\n|turn|27\n|\n|t:|1699319179\n|move|p2a: Dragapult|Phantom Force||[still]\n|-prepare|p2a: Dragapult|Phantom Force\n|move|p1a: Porrud\u00e3o|Gyro Ball|p2a: Dragapult|[miss]\n|-miss|p1a: Porrud\u00e3o|p2a: Dragapult\n|\n|-heal|p2a: Dragapult|75\/100|[from] item: Leftovers\n|upkeep\n|turn|28\n|\n|t:|1699319188\n|move|p2a: Dragapult|Phantom Force|p1a: Porrud\u00e3o|[from]lockedmove\n|-damage|p1a: Porrud\u00e3o|0 fnt\n|-damage|p2a: Dragapult|62\/100|[from] ability: Iron Barbs|[of] p1a: Porrud\u00e3o\n|-damage|p2a: Dragapult|46\/100|[from] item: Rocky Helmet|[of] p1a: Porrud\u00e3o\n|faint|p1a: Porrud\u00e3o\n|\n|-heal|p2a: Dragapult|52\/100|[from] item: Leftovers\n|upkeep\n|\n|t:|1699319195\n|switch|p1a: Magekeke|Magearna|28\/100\n|turn|29\n|\n|t:|1699319199\n|move|p2a: Dragapult|Phantom Force||[still]\n|-prepare|p2a: Dragapult|Phantom Force\n|move|p1a: Magekeke|Trick Room|p1a: Magekeke\n|-fieldstart|move: Trick Room|[of] p1a: Magekeke\n|\n|-heal|p1a: Magekeke|34\/100|[from] item: Leftovers\n|-heal|p2a: Dragapult|58\/100|[from] item: Leftovers\n|upkeep\n|turn|30\n|\n|t:|1699319220\n|switch|p1a: Melmetal|Melmetal|100\/100\n|move|p2a: Dragapult|Phantom Force|p1a: Melmetal|[from]lockedmove\n|-damage|p1a: Melmetal|68\/100\n|\n|-heal|p2a: Dragapult|64\/100|[from] item: Leftovers\n|upkeep\n|turn|31\n|\n|t:|1699319238\n|switch|p2a: Ferrothorn|Ferrothorn, M, tera:Water|37\/100\n|move|p1a: Melmetal|Double Iron Bash|p2a: Ferrothorn\n|-resisted|p2a: Ferrothorn\n|-damage|p2a: Ferrothorn|25\/100\n|-activate|p2a: Ferrothorn|ability: Iron Barbs\n|-activate|p1a: Melmetal|item: Protective Pads\n|-resisted|p2a: Ferrothorn\n|-damage|p2a: Ferrothorn|12\/100\n|-activate|p2a: Ferrothorn|ability: Iron Barbs\n|-activate|p1a: Melmetal|item: Protective Pads\n|-hitcount|p2a: Ferrothorn|2\n|\n|-heal|p2a: Ferrothorn|19\/100|[from] item: Leftovers\n|upkeep\n|turn|32\n|\n|t:|1699319280\n|move|p1a: Melmetal|Thunder Punch|p2a: Ferrothorn\n|-supereffective|p2a: Ferrothorn\n|-crit|p2a: Ferrothorn\n|-damage|p2a: Ferrothorn|0 fnt\n|-activate|p2a: Ferrothorn|ability: Iron Barbs\n|-activate|p1a: Melmetal|item: Protective Pads\n|faint|p2a: Ferrothorn\n|\n|upkeep\n|\n|t:|1699319294\n|switch|p2a: Toxapex|Toxapex, M|100\/100\n|turn|33\n|\n|t:|1699319305\n|move|p1a: Melmetal|Earthquake|p2a: Toxapex\n|-supereffective|p2a: Toxapex\n|-damage|p2a: Toxapex|50\/100\n|move|p2a: Toxapex|Surf|p1a: Melmetal\n|-damage|p1a: Melmetal|50\/100\n|\n|-heal|p2a: Toxapex|57\/100|[from] item: Black Sludge\n|-fieldend|move: Trick Room\n|upkeep\n|turn|34\n|\n|t:|1699319315\n|move|p2a: Toxapex|Surf|p1a: Melmetal\n|-damage|p1a: Melmetal|31\/100\n|move|p1a: Melmetal|Earthquake|p2a: Toxapex\n|-supereffective|p2a: Toxapex\n|-damage|p2a: Toxapex|9\/100\n|\n|-heal|p2a: Toxapex|16\/100|[from] item: Black Sludge\n|upkeep\n|turn|35\n|\n|t:|1699319338\n|switch|p1a: Magekeke|Magearna|34\/100\n|move|p2a: Toxapex|Surf|p1a: Magekeke\n|-damage|p1a: Magekeke|18\/100\n|\n|-heal|p1a: Magekeke|24\/100|[from] item: Leftovers\n|-heal|p2a: Toxapex|22\/100|[from] item: Black Sludge\n|upkeep\n|turn|36\n|\n|t:|1699319343\n|move|p2a: Toxapex|Recover|p2a: Toxapex\n|-heal|p2a: Toxapex|72\/100\n|move|p1a: Magekeke|Trick Room|p1a: Magekeke\n|-fieldstart|move: Trick Room|[of] p1a: Magekeke\n|\n|-heal|p2a: Toxapex|78\/100|[from] item: Black Sludge\n|-heal|p1a: Magekeke|30\/100|[from] item: Leftovers\n|upkeep\n|turn|37\n|\n|t:|1699319349\n|move|p2a: Toxapex|Recover|p2a: Toxapex\n|-heal|p2a: Toxapex|100\/100\n|move|p1a: Magekeke|Volt Switch|p2a: Toxapex\n|-supereffective|p2a: Toxapex\n|-damage|p2a: Toxapex|67\/100\n|\n|t:|1699319363\n|switch|p1a: Melmetal|Melmetal|31\/100|[from] Volt Switch\n|\n|-heal|p2a: Toxapex|73\/100|[from] item: Black Sludge\n|upkeep\n|turn|38\n|\n|t:|1699319380\n|move|p1a: Melmetal|Earthquake|p2a: Toxapex\n|-supereffective|p2a: Toxapex\n|-damage|p2a: Toxapex|21\/100\n|move|p2a: Toxapex|Recover|p2a: Toxapex\n|-heal|p2a: Toxapex|71\/100\n|\n|-heal|p2a: Toxapex|77\/100|[from] item: Black Sludge\n|upkeep\n|turn|39\n|\n|t:|1699319391\n|move|p1a: Melmetal|Earthquake|p2a: Toxapex\n|-supereffective|p2a: Toxapex\n|-damage|p2a: Toxapex|25\/100\n|move|p2a: Toxapex|Recover|p2a: Toxapex\n|-heal|p2a: Toxapex|75\/100\n|\n|-heal|p2a: Toxapex|81\/100|[from] item: Black Sludge\n|upkeep\n|turn|40\n|\n|t:|1699319400\n|move|p1a: Melmetal|Earthquake|p2a: Toxapex\n|-supereffective|p2a: Toxapex\n|-damage|p2a: Toxapex|31\/100\n|move|p2a: Toxapex|Recover|p2a: Toxapex\n|-heal|p2a: Toxapex|81\/100\n|\n|-heal|p2a: Toxapex|87\/100|[from] item: Black Sludge\n|-fieldend|move: Trick Room\n|upkeep\n|turn|41\n|\n|t:|1699319406\n|move|p2a: Toxapex|Surf|p1a: Melmetal\n|-damage|p1a: Melmetal|12\/100\n|move|p1a: Melmetal|Earthquake|p2a: Toxapex\n|-supereffective|p2a: Toxapex\n|-damage|p2a: Toxapex|35\/100\n|\n|-heal|p2a: Toxapex|42\/100|[from] item: Black Sludge\n|upkeep\n|turn|42\n|\n|t:|1699319417\n|move|p2a: Toxapex|Surf|p1a: Melmetal\n|-damage|p1a: Melmetal|0 fnt\n|faint|p1a: Melmetal\n|\n|-heal|p2a: Toxapex|48\/100|[from] item: Black Sludge\n|upkeep\n|\n|t:|1699319424\n|switch|p1a: Big d Randy|Buzzwole|100\/100\n|turn|43\n|\n|t:|1699319438\n|move|p1a: Big d Randy|Substitute|p1a: Big d Randy\n|-start|p1a: Big d Randy|Substitute\n|-damage|p1a: Big d Randy|76\/100\n|move|p2a: Toxapex|Recover|p2a: Toxapex\n|-heal|p2a: Toxapex|98\/100\n|\n|-heal|p2a: Toxapex|100\/100|[from] item: Black Sludge\n|upkeep\n|turn|44\n|\n|t:|1699319459\n|move|p1a: Big d Randy|Bulk Up|p1a: Big d Randy\n|-boost|p1a: Big d Randy|atk|1\n|-boost|p1a: Big d Randy|def|1\n|move|p2a: Toxapex|Surf|p1a: Big d Randy\n|-activate|p1a: Big d Randy|move: Substitute|[damage]\n|\n|upkeep\n|turn|45\n|\n|t:|1699319466\n|move|p1a: Big d Randy|Bulk Up|p1a: Big d Randy\n|-boost|p1a: Big d Randy|atk|1\n|-boost|p1a: Big d Randy|def|1\n|move|p2a: Toxapex|Haze|p2a: Toxapex\n|-clearallboost\n|\n|upkeep\n|turn|46\n|\n|t:|1699319477\n|move|p1a: Big d Randy|Drain Punch|p2a: Toxapex\n|-resisted|p2a: Toxapex\n|-damage|p2a: Toxapex|86\/100\n|-heal|p1a: Big d Randy|81\/100|[from] drain|[of] p2a: Toxapex\n|move|p2a: Toxapex|Surf|p1a: Big d Randy\n|-end|p1a: Big d Randy|Substitute\n|\n|-heal|p2a: Toxapex|92\/100|[from] item: Black Sludge\n|upkeep\n|turn|47\n|\n|t:|1699319488\n|move|p1a: Big d Randy|Dual Wingbeat|p2a: Toxapex\n|-damage|p2a: Toxapex|81\/100\n|-damage|p2a: Toxapex|71\/100\n|-hitcount|p2a: Toxapex|2\n|move|p2a: Toxapex|Surf|p1a: Big d Randy\n|-damage|p1a: Big d Randy|54\/100\n|\n|-heal|p2a: Toxapex|77\/100|[from] item: Black Sludge\n|upkeep\n|turn|48\n|\n|t:|1699319501\n|switch|p1a: Bass Ultra Fishing|Dracovish|75\/100 tox\n|move|p2a: Toxapex|Toxic|p1a: Bass Ultra Fishing\n|-fail|p1a: Bass Ultra Fishing|tox\n|\n|-heal|p2a: Toxapex|83\/100|[from] item: Black Sludge\n|-damage|p1a: Bass Ultra Fishing|69\/100 tox|[from] psn\n|upkeep\n|turn|49\n|\n|t:|1699319526\n|move|p1a: Bass Ultra Fishing|Psychic Fangs|p2a: Toxapex\n|-supereffective|p2a: Toxapex\n|-damage|p2a: Toxapex|33\/100\n|move|p2a: Toxapex|Surf|p1a: Bass Ultra Fishing\n|-resisted|p1a: Bass Ultra Fishing\n|-damage|p1a: Bass Ultra Fishing|66\/100 tox\n|\n|-heal|p2a: Toxapex|39\/100|[from] item: Black Sludge\n|-damage|p1a: Bass Ultra Fishing|54\/100 tox|[from] psn\n|upkeep\n|turn|50\n|\n|t:|1699319531\n|move|p1a: Bass Ultra Fishing|Psychic Fangs|p2a: Toxapex\n|-supereffective|p2a: Toxapex\n|-damage|p2a: Toxapex|0 fnt\n|faint|p2a: Toxapex\n|\n|-damage|p1a: Bass Ultra Fishing|36\/100 tox|[from] psn\n|upkeep\n|\n|t:|1699319538\n|switch|p2a: Darmanitan|Darmanitan-Galar, M|74\/100\n|turn|51\n|\n|t:|1699319560\n|switch|p1a: Magekeke|Magearna|30\/100\n|move|p2a: Darmanitan|Icicle Crash|p1a: Magekeke\n|-resisted|p1a: Magekeke\n|-damage|p1a: Magekeke|9\/100\n|\n|-heal|p1a: Magekeke|15\/100|[from] item: Leftovers\n|upkeep\n|turn|52\n|\n|t:|1699319572\n|move|p2a: Darmanitan|Icicle Crash|p1a: Magekeke\n|-resisted|p1a: Magekeke\n|-damage|p1a: Magekeke|0 fnt\n|faint|p1a: Magekeke\n|\n|upkeep\n|\n|t:|1699319580\n|switch|p1a: Big d Randy|Buzzwole|54\/100\n|turn|53\n|\n|t:|1699319585\n|switch|p2a: Dragapult|Dragapult, F|64\/100\n|move|p1a: Big d Randy|Drain Punch|p2a: Dragapult\n|-immune|p2a: Dragapult\n|\n|-heal|p2a: Dragapult|70\/100|[from] item: Leftovers\n|upkeep\n|turn|54\n|\n|t:|1699319598\n|-terastallize|p1a: Big d Randy|Fairy\n|move|p2a: Dragapult|Dragon Darts|p1a: Big d Randy\n|-immune|p1a: Big d Randy\n|move|p1a: Big d Randy|Dual Wingbeat|p2a: Dragapult\n|-damage|p2a: Dragapult|48\/100\n|-damage|p2a: Dragapult|24\/100\n|-hitcount|p2a: Dragapult|2\n|\n|-heal|p2a: Dragapult|30\/100|[from] item: Leftovers\n|upkeep\n|turn|55\n|\n|t:|1699319610\n|move|p2a: Dragapult|Phantom Force||[still]\n|-prepare|p2a: Dragapult|Phantom Force\n|move|p1a: Big d Randy|Substitute|p1a: Big d Randy\n|-start|p1a: Big d Randy|Substitute\n|-damage|p1a: Big d Randy|29\/100\n|\n|-heal|p2a: Dragapult|36\/100|[from] item: Leftovers\n|upkeep\n|turn|56\n|\n|t:|1699319620\n|move|p2a: Dragapult|Phantom Force|p1a: Big d Randy|[from]lockedmove\n|-damage|p1a: Big d Randy|1\/100\n|move|p1a: Big d Randy|Dual Wingbeat|p2a: Dragapult\n|-damage|p2a: Dragapult|14\/100\n|-damage|p2a: Dragapult|0 fnt\n|faint|p2a: Dragapult\n|-ability|p1a: Big d Randy|Beast Boost|boost\n|-boost|p1a: Big d Randy|atk|1\n|-hitcount|p2: Dragapult|2\n|\n|upkeep\n|-message|trasedaszer forfeited.\n|\n|win|Deletta\n|raw|Deletta's rating: 1264 &rarr; <strong>1283<\/strong><br \/>(+19 for winning)\n|raw|trasedaszer's rating: 1172 &rarr; <strong>1153<\/strong><br \/>(-19 for losing)\n|l|\u2606trasedaszer\n","uploadtime":1699319642,"views":6,"p1id":"deletta","p2id":"trasedaszer","formatid":"gen9nationaldexubers","rating":1153,"private":0,"password":""}