{"id":"gen9nationaldexubers-1994048175","p1":"WGwgWG","p2":"patobatata4","format":"[Gen 9] National Dex Ubers","log":"|j|\u2606WGwgWG\n|j|\u2606patobatata4\n|t:|1700399614\n|gametype|singles\n|player|p1|WGwgWG|cheren|1036\n|player|p2|patobatata4|clown|1048\n|teamsize|p1|6\n|teamsize|p2|6\n|gen|9\n|tier|[Gen 9] National Dex Ubers\n|rated|\n|rule|HP Percentage Mod: HP is shown in percentages\n|rule|Endless Battle Clause: Forcing endless battles is banned\n|rule|OHKO Clause: OHKO moves are banned\n|rule|Evasion Moves Clause: Evasion moves are banned\n|rule|Evasion Items Clause: Evasion items are banned\n|rule|Species Clause: Limit one of each Pok\u00e9mon\n|rule|Sleep Clause Mod: Limit one foe put to sleep\n|rule|Mega Rayquaza Clause: You cannot mega evolve Rayquaza\n|clearpoke\n|poke|p1|Galvantula, M|\n|poke|p1|Whimsicott, M|\n|poke|p1|Cyclizar, F|\n|poke|p1|Clamperl, M|\n|poke|p1|Groudon|\n|poke|p1|Xerneas-*|\n|poke|p2|Samurott-Hisui, M|\n|poke|p2|Typhlosion-Hisui, M|\n|poke|p2|Decidueye-Hisui, M|\n|poke|p2|Luxray, M|\n|poke|p2|Gastrodon-East, F|\n|poke|p2|Goodra-Hisui, M|\n|teampreview\n|inactive|Battle timer is ON: inactive players will automatically lose when time's up. (requested by patobatata4)\n|inactive|WGwgWG also wants the timer to be on.\n|\n|t:|1700399621\n|start\n|switch|p1a: Galvantula|Galvantula, M|100\/100\n|switch|p2a: Gastrodon|Gastrodon-East, F|100\/100\n|turn|1\n|\n|t:|1700399629\n|move|p1a: Galvantula|Sticky Web|p2a: Gastrodon\n|-sidestart|p2: patobatata4|move: Sticky Web\n|move|p2a: Gastrodon|Ancient Power|p1a: Galvantula\n|-supereffective|p1a: Galvantula\n|-damage|p1a: Galvantula|36\/100\n|\n|upkeep\n|turn|2\n|\n|t:|1700399635\n|move|p1a: Galvantula|Bug Buzz|p2a: Gastrodon\n|-damage|p2a: Gastrodon|63\/100\n|-unboost|p2a: Gastrodon|spd|1\n|move|p2a: Gastrodon|Ancient Power|p1a: Galvantula\n|-supereffective|p1a: Galvantula\n|-damage|p1a: Galvantula|0 fnt\n|faint|p1a: Galvantula\n|\n|-heal|p2a: Gastrodon|69\/100|[from] item: Leftovers\n|upkeep\n|\n|t:|1700399639\n|switch|p1a: Whimsicott|Whimsicott, M|100\/100\n|turn|3\n|\n|t:|1700399643\n|move|p1a: Whimsicott|Taunt|p2a: Gastrodon\n|-start|p2a: Gastrodon|move: Taunt\n|move|p2a: Gastrodon|Ice Beam|p1a: Whimsicott\n|-supereffective|p1a: Whimsicott\n|-damage|p1a: Whimsicott|26\/100\n|\n|-heal|p2a: Gastrodon|75\/100|[from] item: Leftovers\n|upkeep\n|turn|4\n|\n|t:|1700399648\n|move|p1a: Whimsicott|Memento|p2a: Gastrodon\n|-unboost|p2a: Gastrodon|atk|2\n|-unboost|p2a: Gastrodon|spa|2\n|faint|p1a: Whimsicott\n|move|p2a: Gastrodon|Ice Beam|p1: Whimsicott|[notarget]\n|-fail|p2a: Gastrodon\n|\n|-heal|p2a: Gastrodon|81\/100|[from] item: Leftovers\n|upkeep\n|\n|t:|1700399653\n|switch|p1a: Cyclizar|Cyclizar, F|100\/100\n|turn|5\n|\n|t:|1700399660\n|move|p1a: Cyclizar|Shed Tail|p1a: Cyclizar\n|-start|p1a: Cyclizar|Substitute|[from] move: Shed Tail\n|-damage|p1a: Cyclizar|50\/100\n|\n|t:|1700399661\n|switch|p1a: Clamperl|Clamperl, M|100\/100|[from] Shed Tail\n|move|p2a: Gastrodon|Ice Beam|p1a: Clamperl\n|-resisted|p1a: Clamperl\n|-activate|p1a: Clamperl|move: Substitute|[damage]\n|\n|-heal|p2a: Gastrodon|87\/100|[from] item: Leftovers\n|-end|p2a: Gastrodon|move: Taunt\n|upkeep\n|turn|6\n|\n|t:|1700399685\n|move|p1a: Clamperl|Shell Smash|p1a: Clamperl\n|-unboost|p1a: Clamperl|def|1\n|-unboost|p1a: Clamperl|spd|1\n|-boost|p1a: Clamperl|atk|2\n|-boost|p1a: Clamperl|spa|2\n|-boost|p1a: Clamperl|spe|2\n|move|p2a: Gastrodon|Ice Beam|p1a: Clamperl\n|-resisted|p1a: Clamperl\n|-end|p1a: Clamperl|Substitute\n|\n|-heal|p2a: Gastrodon|93\/100|[from] item: Leftovers\n|upkeep\n|turn|7\n|\n|t:|1700399699\n|move|p1a: Clamperl|Hidden Power|p2a: Gastrodon\n|-supereffective|p2a: Gastrodon\n|-crit|p2a: Gastrodon\n|-damage|p2a: Gastrodon|0 fnt\n|faint|p2a: Gastrodon\n|\n|upkeep\n|\n|t:|1700399707\n|switch|p2a: Luxray|Luxray, M|100\/100\n|-activate|p2a: Luxray|move: Sticky Web\n|-unboost|p2a: Luxray|spe|1\n|turn|8\n|\n|t:|1700399715\n|move|p1a: Clamperl|Surf|p2a: Luxray\n|-damage|p2a: Luxray|0 fnt\n|faint|p2a: Luxray\n|\n|upkeep\n|\n|t:|1700399722\n|switch|p2a: Decidueye|Decidueye-Hisui, M|100\/100\n|-activate|p2a: Decidueye|move: Sticky Web\n|-unboost|p2a: Decidueye|spe|1\n|turn|9\n|\n|t:|1700399727\n|move|p1a: Clamperl|Ice Beam|p2a: Decidueye\n|-supereffective|p2a: Decidueye\n|-damage|p2a: Decidueye|0 fnt\n|faint|p2a: Decidueye\n|\n|upkeep\n|\n|t:|1700399729\n|switch|p2a: Typhlosion|Typhlosion-Hisui, M|100\/100\n|-item|p1a: Clamperl|Deep Sea Tooth|[from] ability: Frisk|[of] p2a: Typhlosion|[identify]\n|-item|p2a: Typhlosion|Air Balloon\n|turn|10\n|\n|t:|1700399733\n|move|p1a: Clamperl|Surf|p2a: Typhlosion\n|-supereffective|p2a: Typhlosion\n|-damage|p2a: Typhlosion|0 fnt\n|-enditem|p2a: Typhlosion|Air Balloon\n|faint|p2a: Typhlosion\n|\n|upkeep\n|\n|t:|1700399740\n|switch|p2a: Goodra|Goodra-Hisui, M|100\/100\n|turn|11\n|\n|t:|1700399742\n|move|p1a: Clamperl|Surf|p2a: Goodra\n|-resisted|p2a: Goodra\n|-damage|p2a: Goodra|66\/100\n|move|p2a: Goodra|Flash Cannon|p1a: Clamperl\n|-resisted|p1a: Clamperl\n|-damage|p1a: Clamperl|43\/100\n|-unboost|p1a: Clamperl|spd|1\n|\n|upkeep\n|turn|12\n|\n|t:|1700399749\n|move|p1a: Clamperl|Ice Beam|p2a: Goodra\n|-damage|p2a: Goodra|20\/100\n|-status|p2a: Goodra|frz\n|cant|p2a: Goodra|frz\n|\n|upkeep\n|turn|13\n|\n|t:|1700399758\n|move|p1a: Clamperl|Ice Beam|p2a: Goodra\n|-damage|p2a: Goodra|0 fnt\n|faint|p2a: Goodra\n|\n|upkeep\n|\n|t:|1700399761\n|switch|p2a: Samurott|Samurott-Hisui, M|100\/100\n|-activate|p2a: Samurott|move: Sticky Web\n|-unboost|p2a: Samurott|spe|1\n|turn|14\n|\n|t:|1700399765\n|move|p2a: Samurott|Aqua Jet|p1a: Clamperl\n|-resisted|p1a: Clamperl\n|-damage|p1a: Clamperl|2\/100\n|move|p1a: Clamperl|Hidden Power|p2a: Samurott\n|-supereffective|p2a: Samurott\n|-damage|p2a: Samurott|0 fnt\n|faint|p2a: Samurott\n|\n|win|WGwgWG\n|raw|WGwgWG's rating: 1036 &rarr; <strong>1072<\/strong><br \/>(+36 for winning)\n|raw|patobatata4's rating: 1048 &rarr; <strong>1030<\/strong><br \/>(-18 for losing)\n","uploadtime":1700399775,"views":13,"p1id":"wgwgwg","p2id":"patobatata4","formatid":"gen9nationaldexubers","rating":1030,"private":0,"password":""}