{"id":"gen9nationaldexubers-1979038188","p1":"Dabigmurph","p2":"Siege Team","format":"[Gen 9] National Dex Ubers","log":"|j|\u2606Dabigmurph\n|j|\u2606Siege Team\n|t:|1698624283\n|gametype|singles\n|player|p1|Dabigmurph|hiker-gen4|1414\n|player|p2|Siege Team|veteran|1586\n|teamsize|p1|6\n|teamsize|p2|6\n|gen|9\n|tier|[Gen 9] National Dex Ubers\n|rated|\n|rule|HP Percentage Mod: HP is shown in percentages\n|rule|Endless Battle Clause: Forcing endless battles is banned\n|rule|OHKO Clause: OHKO moves are banned\n|rule|Evasion Moves Clause: Evasion moves are banned\n|rule|Evasion Items Clause: Evasion items are banned\n|rule|Species Clause: Limit one of each Pok\u00e9mon\n|rule|Sleep Clause Mod: Limit one foe put to sleep\n|rule|Mega Rayquaza Clause: You cannot mega evolve Rayquaza\n|clearpoke\n|poke|p1|Grimmsnarl, M|\n|poke|p1|Annihilape, M|\n|poke|p1|Corviknight, F|\n|poke|p1|Zacian-*|\n|poke|p1|Chi-Yu|\n|poke|p1|Flutter Mane|\n|poke|p2|Necrozma-Dusk-Mane|\n|poke|p2|Dialga-Origin|\n|poke|p2|Groudon|\n|poke|p2|Rayquaza|\n|poke|p2|Arceus|\n|poke|p2|Eternatus|\n|teampreview\n|inactive|Battle timer is ON: inactive players will automatically lose when time's up. (requested by Siege Team)\n|\n|t:|1698624288\n|start\n|switch|p1a: Grimmsnarl|Grimmsnarl, M|100\/100\n|switch|p2a: Arceus|Arceus|100\/100\n|turn|1\n|\n|t:|1698624292\n|move|p2a: Arceus|Extreme Speed|p1a: Grimmsnarl\n|-damage|p1a: Grimmsnarl|38\/100\n|-damage|p2a: Arceus|91\/100|[from] item: Life Orb\n|move|p1a: Grimmsnarl|Taunt|p2a: Arceus\n|-start|p2a: Arceus|move: Taunt\n|\n|upkeep\n|turn|2\n|\n|t:|1698624298\n|switch|p1a: Annihilape|Annihilape, M|100\/100\n|move|p2a: Arceus|Extreme Speed|p1a: Annihilape\n|-immune|p1a: Annihilape\n|\n|upkeep\n|turn|3\n|\n|t:|1698624305\n|switch|p2a: Eternatus|Eternatus|100\/100\n|-ability|p2a: Eternatus|Pressure\n|move|p1a: Annihilape|Bulk Up|p1a: Annihilape\n|-boost|p1a: Annihilape|atk|1\n|-boost|p1a: Annihilape|def|1\n|\n|upkeep\n|turn|4\n|\n|t:|1698624317\n|move|p2a: Eternatus|Reflect|p2a: Eternatus\n|-sidestart|p2: Siege Team|Reflect\n|move|p1a: Annihilape|Rage Fist|p2a: Eternatus\n|-damage|p2a: Eternatus|91\/100\n|-damage|p1a: Annihilape|84\/100|[from] item: Rocky Helmet|[of] p2a: Eternatus\n|\n|upkeep\n|turn|5\n|j| Incredible Gassy\n|\n|t:|1698624323\n|switch|p1a: Grimmsnarl|Grimmsnarl, M|38\/100\n|move|p2a: Eternatus|Toxic|p1a: Grimmsnarl\n|-status|p1a: Grimmsnarl|tox\n|\n|-damage|p1a: Grimmsnarl|32\/100 tox|[from] psn\n|upkeep\n|turn|6\n|\n|t:|1698624334\n|move|p1a: Grimmsnarl|Taunt|p2a: Eternatus\n|-start|p2a: Eternatus|move: Taunt\n|move|p2a: Eternatus|Mystical Fire|p1a: Grimmsnarl\n|-damage|p1a: Grimmsnarl|15\/100 tox\n|-unboost|p1a: Grimmsnarl|spa|1\n|\n|-damage|p1a: Grimmsnarl|3\/100 tox|[from] psn\n|upkeep\n|turn|7\n|\n|t:|1698624349\n|switch|p2a: Rayquaza|Rayquaza|100\/100\n|-ability|p2a: Rayquaza|Air Lock\n|move|p1a: Grimmsnarl|Reflect|p1a: Grimmsnarl\n|-sidestart|p1: Dabigmurph|Reflect\n|\n|-damage|p1a: Grimmsnarl|0 fnt|[from] psn\n|faint|p1a: Grimmsnarl\n|upkeep\n|inactive|Dabigmurph has 120 seconds left.\n|\n|t:|1698624377\n|switch|p1a: Flutter Mane|Flutter Mane|100\/100\n|-enditem|p1a: Flutter Mane|Booster Energy\n|-activate|p1a: Flutter Mane|ability: Protosynthesis|[fromitem]\n|-start|p1a: Flutter Mane|protosynthesisspe\n|turn|8\n|\n|t:|1698624387\n|-terastallize|p2a: Rayquaza|Steel\n|move|p1a: Flutter Mane|Substitute|p1a: Flutter Mane\n|-start|p1a: Flutter Mane|Substitute\n|-damage|p1a: Flutter Mane|76\/100\n|move|p2a: Rayquaza|Surf|p1a: Flutter Mane\n|-end|p1a: Flutter Mane|Substitute\n|\n|-sideend|p2: Siege Team|Reflect\n|upkeep\n|turn|9\n|\n|t:|1698624396\n|move|p1a: Flutter Mane|Calm Mind|p1a: Flutter Mane\n|-boost|p1a: Flutter Mane|spa|1\n|-boost|p1a: Flutter Mane|spd|1\n|move|p2a: Rayquaza|Surf|p1a: Flutter Mane\n|-damage|p1a: Flutter Mane|51\/100\n|\n|upkeep\n|turn|10\n|\n|t:|1698624403\n|move|p1a: Flutter Mane|Shadow Ball|p2a: Rayquaza\n|-damage|p2a: Rayquaza|24\/100\n|-unboost|p2a: Rayquaza|spd|1\n|move|p2a: Rayquaza|V-create|p1a: Flutter Mane\n|-damage|p1a: Flutter Mane|0 fnt\n|-unboost|p2a: Rayquaza|spe|1\n|-unboost|p2a: Rayquaza|def|1\n|-unboost|p2a: Rayquaza|spd|1\n|faint|p1a: Flutter Mane\n|-end|p1a: Flutter Mane|Protosynthesis|[silent]\n|\n|upkeep\n|\n|t:|1698624417\n|switch|p1a: Zacian|Zacian-Crowned|100\/100\n|-ability|p1a: Zacian|Intrepid Sword|boost\n|-boost|p1a: Zacian|atk|1\n|turn|11\n|\n|t:|1698624423\n|move|p1a: Zacian|Close Combat|p2a: Rayquaza\n|-supereffective|p2a: Rayquaza\n|-damage|p2a: Rayquaza|0 fnt\n|-unboost|p1a: Zacian|def|1\n|-unboost|p1a: Zacian|spd|1\n|faint|p2a: Rayquaza\n|\n|upkeep\n|\n|t:|1698624429\n|switch|p2a: Eternatus|Eternatus|91\/100\n|-ability|p2a: Eternatus|Pressure\n|turn|12\n|\n|t:|1698624437\n|move|p1a: Zacian|Play Rough|p2a: Eternatus\n|-damage|p2a: Eternatus|28\/100\n|-damage|p1a: Zacian|84\/100|[from] item: Rocky Helmet|[of] p2a: Eternatus\n|move|p2a: Eternatus|Reflect|p2a: Eternatus\n|-sidestart|p2: Siege Team|Reflect\n|\n|upkeep\n|turn|13\n|\n|t:|1698624444\n|switch|p2a: Groudon|Groudon|100\/100\n|detailschange|p2a: Groudon|Groudon-Primal\n|-primal|p2a: Groudon|Red Orb\n|-weather|DesolateLand|[from] ability: Desolate Land|[of] p2a: Groudon\n|move|p1a: Zacian|Swords Dance|p1a: Zacian\n|-boost|p1a: Zacian|atk|2\n|\n|-weather|DesolateLand|[upkeep]\n|upkeep\n|turn|14\n|\n|t:|1698624467\n|move|p1a: Zacian|Close Combat|p2a: Groudon\n|-damage|p2a: Groudon|72\/100\n|-unboost|p1a: Zacian|def|1\n|-unboost|p1a: Zacian|spd|1\n|move|p2a: Groudon|Heat Crash|p1a: Zacian\n|-supereffective|p1a: Zacian\n|-damage|p1a: Zacian|0 fnt\n|faint|p1a: Zacian\n|\n|-weather|DesolateLand|[upkeep]\n|-sideend|p1: Dabigmurph|Reflect\n|upkeep\n|\n|t:|1698624481\n|switch|p1a: Chi-Yu|Chi-Yu|100\/100\n|-ability|p1a: Chi-Yu|Beads of Ruin\n|turn|15\n|\n|t:|1698624488\n|move|p1a: Chi-Yu|Dark Pulse|p2a: Groudon\n|-damage|p2a: Groudon|20\/100\n|move|p2a: Groudon|Earthquake|p1a: Chi-Yu\n|-supereffective|p1a: Chi-Yu\n|-damage|p1a: Chi-Yu|0 fnt\n|faint|p1a: Chi-Yu\n|\n|-weather|DesolateLand|[upkeep]\n|upkeep\n|\n|t:|1698624493\n|switch|p1a: Annihilape|Annihilape, M|84\/100\n|turn|16\n|\n|t:|1698624496\n|-weather|none\n|switch|p2a: Eternatus|Eternatus|28\/100\n|-ability|p2a: Eternatus|Pressure\n|move|p1a: Annihilape|Bulk Up|p1a: Annihilape\n|-boost|p1a: Annihilape|atk|1\n|-boost|p1a: Annihilape|def|1\n|\n|-sideend|p2: Siege Team|Reflect\n|upkeep\n|turn|17\n|\n|t:|1698624522\n|move|p2a: Eternatus|Reflect|p2a: Eternatus\n|-sidestart|p2: Siege Team|Reflect\n|move|p1a: Annihilape|Bulk Up|p1a: Annihilape\n|-boost|p1a: Annihilape|atk|1\n|-boost|p1a: Annihilape|def|1\n|\n|upkeep\n|turn|18\n|\n|t:|1698624526\n|move|p2a: Eternatus|Toxic|p1a: Annihilape\n|-status|p1a: Annihilape|tox\n|move|p1a: Annihilape|Bulk Up|p1a: Annihilape\n|-boost|p1a: Annihilape|atk|1\n|-boost|p1a: Annihilape|def|1\n|\n|-damage|p1a: Annihilape|78\/100 tox|[from] psn\n|upkeep\n|turn|19\n|\n|t:|1698624541\n|move|p2a: Eternatus|Dynamax Cannon|p1a: Annihilape\n|-damage|p1a: Annihilape|46\/100 tox\n|move|p1a: Annihilape|Rage Fist|p2a: Eternatus\n|-damage|p2a: Eternatus|0 fnt\n|-damage|p1a: Annihilape|29\/100 tox|[from] item: Rocky Helmet|[of] p2a: Eternatus\n|faint|p2a: Eternatus\n|\n|-damage|p1a: Annihilape|17\/100 tox|[from] psn\n|upkeep\n|\n|t:|1698624552\n|switch|p2a: Arceus|Arceus|91\/100\n|turn|20\n|\n|t:|1698624554\n|move|p2a: Arceus|Shadow Force||[still]\n|-prepare|p2a: Arceus|Shadow Force\n|move|p1a: Annihilape|Rest|p1a: Annihilape\n|-status|p1a: Annihilape|slp|[from] move: Rest\n|-heal|p1a: Annihilape|100\/100 slp|[silent]\n|-enditem|p1a: Annihilape|Chesto Berry|[eat]\n|-curestatus|p1a: Annihilape|slp|[msg]\n|\n|upkeep\n|turn|21\n|\n|t:|1698624561\n|-terastallize|p1a: Annihilape|Fairy\n|move|p2a: Arceus|Shadow Force|p1a: Annihilape|[from]lockedmove\n|-damage|p1a: Annihilape|79\/100\n|-damage|p2a: Arceus|81\/100|[from] item: Life Orb\n|move|p1a: Annihilape|Drain Punch|p2a: Arceus\n|-supereffective|p2a: Arceus\n|-damage|p2a: Arceus|29\/100\n|-heal|p1a: Annihilape|100\/100|[from] drain|[of] p2a: Arceus\n|\n|-sideend|p2: Siege Team|Reflect\n|upkeep\n|turn|22\n|\n|t:|1698624572\n|move|p2a: Arceus|Extreme Speed|p1a: Annihilape\n|-damage|p1a: Annihilape|78\/100\n|-damage|p2a: Arceus|19\/100|[from] item: Life Orb\n|move|p1a: Annihilape|Bulk Up|p1a: Annihilape\n|-boost|p1a: Annihilape|atk|1\n|-boost|p1a: Annihilape|def|1\n|\n|upkeep\n|turn|23\n|\n|t:|1698624579\n|move|p2a: Arceus|Dragon Dance|p2a: Arceus\n|-boost|p2a: Arceus|atk|1\n|-boost|p2a: Arceus|spe|1\n|move|p1a: Annihilape|Bulk Up|p1a: Annihilape\n|-boost|p1a: Annihilape|atk|1\n|-boost|p1a: Annihilape|def|1\n|\n|upkeep\n|turn|24\n|\n|t:|1698624585\n|move|p2a: Arceus|Extreme Speed|p1a: Annihilape\n|-damage|p1a: Annihilape|58\/100\n|-damage|p2a: Arceus|9\/100|[from] item: Life Orb\n|move|p1a: Annihilape|Drain Punch|p2a: Arceus\n|-supereffective|p2a: Arceus\n|-damage|p2a: Arceus|0 fnt\n|-heal|p1a: Annihilape|62\/100|[from] drain|[of] p2a: Arceus\n|faint|p2a: Arceus\n|\n|upkeep\n|\n|t:|1698624593\n|switch|p2a: Necrozma|Necrozma-Dusk-Mane|100\/100\n|turn|25\n|\n|t:|1698624599\n|move|p1a: Annihilape|Rage Fist|p2a: Necrozma\n|-supereffective|p2a: Necrozma\n|-damage|p2a: Necrozma|0 fnt\n|faint|p2a: Necrozma\n|\n|upkeep\n|-message|Siege Team forfeited.\n|\n|win|Dabigmurph\n|raw|Dabigmurph's rating: 1414 &rarr; <strong>1443<\/strong><br \/>(+29 for winning)\n|raw|Siege Team's rating: 1586 &rarr; <strong>1557<\/strong><br \/>(-29 for losing)\n|l|\u2606Siege Team\n","uploadtime":1698624610,"views":10,"p1id":"dabigmurph","p2id":"siegeteam","formatid":"gen9nationaldexubers","rating":1443,"private":0,"password":""}