{"id":"gen9nationaldexubers-1996224505","p1":"poke\\(0w0)\/ball","p2":"E I C O S","format":"[Gen 9] National Dex Ubers","log":"|j|\u2606poke\\(0w0)\/ball\n|j|\u2606E I C O S\n|t:|1700661194\n|gametype|singles\n|player|p1|poke\\(0w0)\/ball|unknown|1324\n|player|p2|E I C O S|102|1314\n|teamsize|p1|6\n|teamsize|p2|6\n|gen|9\n|tier|[Gen 9] National Dex Ubers\n|rated|\n|rule|HP Percentage Mod: HP is shown in percentages\n|rule|Endless Battle Clause: Forcing endless battles is banned\n|rule|OHKO Clause: OHKO moves are banned\n|rule|Evasion Moves Clause: Evasion moves are banned\n|rule|Evasion Items Clause: Evasion items are banned\n|rule|Species Clause: Limit one of each Pok\u00e9mon\n|rule|Sleep Clause Mod: Limit one foe put to sleep\n|rule|Mega Rayquaza Clause: You cannot mega evolve Rayquaza\n|clearpoke\n|poke|p1|Necrozma-Dusk-Mane|\n|poke|p1|Zacian-*|\n|poke|p1|Regieleki|\n|poke|p1|Lunala|\n|poke|p1|Tapu Fini|\n|poke|p1|Kingambit, F|\n|poke|p2|Sceptile, M|\n|poke|p2|Ursaluna-Bloodmoon, M|\n|poke|p2|Garganacl, F|\n|poke|p2|Iron Hands|\n|poke|p2|Kingambit, M|\n|poke|p2|Basculegion, M|\n|teampreview\n|inactive|Battle timer is ON: inactive players will automatically lose when time's up. (requested by E I C O S)\n|inactive|poke\\(0w0)\/ball has 120 seconds left.\n|\n|t:|1700661235\n|start\n|switch|p1a: Lunala|Lunala|100\/100\n|switch|p2a: Kingambit|Kingambit, M|100\/100\n|turn|1\n|\n|t:|1700661256\n|move|p1a: Lunala|Hypnosis|p2a: Kingambit|[miss]\n|-miss|p1a: Lunala|p2a: Kingambit\n|move|p2a: Kingambit|Knock Off|p1a: Lunala\n|-supereffective|p1a: Lunala\n|-damage|p1a: Lunala|31\/100\n|-enditem|p1a: Lunala|Leftovers|[from] move: Knock Off|[of] p2a: Kingambit\n|\n|upkeep\n|turn|2\n|\n|t:|1700661263\n|move|p1a: Lunala|Hypnosis|p2a: Kingambit\n|-status|p2a: Kingambit|slp|[from] move: Hypnosis\n|cant|p2a: Kingambit|slp\n|\n|upkeep\n|turn|3\n|\n|t:|1700661282\n|switch|p1a: Kingambit|Kingambit, F|100\/100\n|cant|p2a: Kingambit|slp\n|\n|upkeep\n|turn|4\n|\n|t:|1700661297\n|move|p1a: Kingambit|Swords Dance|p1a: Kingambit\n|-boost|p1a: Kingambit|atk|2\n|-curestatus|p2a: Kingambit|slp|[msg]\n|move|p2a: Kingambit|Knock Off|p1a: Kingambit\n|-resisted|p1a: Kingambit\n|-damage|p1a: Kingambit|79\/100\n|-enditem|p1a: Kingambit|Black Glasses|[from] move: Knock Off|[of] p2a: Kingambit\n|\n|upkeep\n|turn|5\n|\n|t:|1700661308\n|-terastallize|p1a: Kingambit|Dark\n|move|p2a: Kingambit|Sucker Punch|p1a: Kingambit\n|-resisted|p1a: Kingambit\n|-damage|p1a: Kingambit|63\/100\n|move|p1a: Kingambit|Knock Off|p2a: Kingambit\n|-resisted|p2a: Kingambit\n|-damage|p2a: Kingambit|48\/100\n|-enditem|p2a: Kingambit|Focus Sash|[from] move: Knock Off|[of] p1a: Kingambit\n|\n|upkeep\n|turn|6\n|\n|t:|1700661321\n|move|p1a: Kingambit|Kowtow Cleave|p2a: Kingambit\n|-resisted|p2a: Kingambit\n|-damage|p2a: Kingambit|3\/100\n|move|p2a: Kingambit|Iron Head|p1a: Kingambit\n|-damage|p1a: Kingambit|26\/100\n|\n|upkeep\n|turn|7\n|\n|t:|1700661328\n|move|p1a: Kingambit|Sucker Punch|p2a: Kingambit\n|-resisted|p2a: Kingambit\n|-damage|p2a: Kingambit|0 fnt\n|faint|p2a: Kingambit\n|\n|upkeep\n|\n|t:|1700661333\n|switch|p2a: Iron Hands|Iron Hands|100\/100\n|-enditem|p2a: Iron Hands|Booster Energy\n|-activate|p2a: Iron Hands|ability: Quark Drive|[fromitem]\n|-start|p2a: Iron Hands|quarkdriveatk\n|turn|8\n|\n|t:|1700661347\n|move|p2a: Iron Hands|Fake Out|p1a: Kingambit\n|-damage|p1a: Kingambit|12\/100\n|cant|p1a: Kingambit|flinch\n|\n|upkeep\n|turn|9\n|\n|t:|1700661353\n|move|p1a: Kingambit|Sucker Punch|p2a: Iron Hands\n|-resisted|p2a: Iron Hands\n|-damage|p2a: Iron Hands|64\/100\n|move|p2a: Iron Hands|Drain Punch|p1a: Kingambit\n|-supereffective|p1a: Kingambit\n|-damage|p1a: Kingambit|0 fnt\n|-heal|p2a: Iron Hands|68\/100|[from] drain|[of] p1a: Kingambit\n|faint|p1a: Kingambit\n|\n|upkeep\n|\n|t:|1700661370\n|switch|p1a: Lunala|Lunala|31\/100\n|turn|10\n|\n|t:|1700661376\n|move|p1a: Lunala|Hypnosis|p2a: Iron Hands\n|-status|p2a: Iron Hands|slp|[from] move: Hypnosis\n|cant|p2a: Iron Hands|slp\n|\n|upkeep\n|turn|11\n|\n|t:|1700661383\n|-end|p2a: Iron Hands|Quark Drive|[silent]\n|switch|p2a: Basculegion|Basculegion, M|100\/100\n|move|p1a: Lunala|Roost|p1a: Lunala\n|-heal|p1a: Lunala|81\/100\n|-singleturn|p1a: Lunala|move: Roost\n|\n|upkeep\n|turn|12\n|\n|t:|1700661402\n|switch|p1a: Tapu Fini|Tapu Fini|100\/100\n|-fieldstart|move: Misty Terrain|[from] ability: Misty Surge|[of] p1a: Tapu Fini\n|move|p2a: Basculegion|Last Respects|p1a: Tapu Fini\n|-damage|p1a: Tapu Fini|44\/100\n|\n|-heal|p1a: Tapu Fini|50\/100|[from] item: Leftovers\n|upkeep\n|turn|13\n|\n|t:|1700661413\n|move|p2a: Basculegion|Last Respects|p1a: Tapu Fini\n|-damage|p1a: Tapu Fini|0 fnt\n|faint|p1a: Tapu Fini\n|\n|upkeep\n|\n|t:|1700661419\n|switch|p1a: Regieleki|Regieleki|100\/100\n|turn|14\n|\n|t:|1700661436\n|switch|p2a: Iron Hands|Iron Hands|68\/100 slp\n|move|p1a: Regieleki|Volt Switch|p2a: Iron Hands\n|-resisted|p2a: Iron Hands\n|-damage|p2a: Iron Hands|49\/100 slp\n|\n|t:|1700661449\n|switch|p1a: Necrozma|Necrozma-Dusk-Mane|100\/100|[from] Volt Switch\n|\n|upkeep\n|turn|15\n|\n|t:|1700661464\n|detailschange|p1a: Necrozma|Necrozma-Ultra\n|-burst|p1a: Necrozma|Necrozma|Ultranecrozium Z\n|move|p1a: Necrozma|Dragon Dance|p1a: Necrozma\n|-boost|p1a: Necrozma|atk|1\n|-boost|p1a: Necrozma|spe|1\n|-curestatus|p2a: Iron Hands|slp|[msg]\n|move|p2a: Iron Hands|Thunder Punch|p1a: Necrozma\n|-resisted|p1a: Necrozma\n|-damage|p1a: Necrozma|86\/100\n|\n|upkeep\n|turn|16\n|l|\u2606E I C O S\n|inactive|E I C O S disconnected and has a minute to reconnect!\n|player|p2|\n|j|\u2606E I C O S\n|inactive|E I C O S reconnected and has 100 seconds left.\n|player|p2|E I C O S|102\n|\n|t:|1700661521\n|-zpower|p1a: Necrozma\n|move|p1a: Necrozma|Light That Burns the Sky|p2a: Iron Hands|[zeffect]\n|-supereffective|p2a: Iron Hands\n|-damage|p2a: Iron Hands|0 fnt\n|faint|p2a: Iron Hands\n|-end|p2a: Iron Hands|Quark Drive|[silent]\n|\n|-fieldend|Misty Terrain\n|upkeep\n|\n|t:|1700661526\n|switch|p2a: Ursaluna|Ursaluna-Bloodmoon, M|100\/100\n|turn|17\n|\n|t:|1700661542\n|-terastallize|p2a: Ursaluna|Fairy\n|move|p1a: Necrozma|Photon Geyser|p2a: Ursaluna\n|-damage|p2a: Ursaluna|42\/100\n|move|p2a: Ursaluna|Moonblast|p1a: Necrozma\n|-supereffective|p1a: Necrozma\n|-damage|p1a: Necrozma|0 fnt\n|faint|p1a: Necrozma\n|\n|-heal|p2a: Ursaluna|48\/100|[from] item: Leftovers\n|upkeep\n|inactive|poke\\(0w0)\/ball has 120 seconds left.\n|\n|t:|1700661559\n|switch|p1a: Zacian|Zacian-Crowned|100\/100\n|-ability|p1a: Zacian|Intrepid Sword|boost\n|-boost|p1a: Zacian|atk|1\n|turn|18\n|\n|t:|1700661563\n|switch|p2a: Basculegion|Basculegion, M|100\/100\n|move|p1a: Zacian|Behemoth Blade|p2a: Basculegion\n|-resisted|p2a: Basculegion\n|-damage|p2a: Basculegion|42\/100\n|\n|upkeep\n|turn|19\n|\n|t:|1700661571\n|move|p2a: Basculegion|Aqua Jet|p1a: Zacian\n|-damage|p1a: Zacian|77\/100\n|move|p1a: Zacian|Trailblaze|p2a: Basculegion\n|-supereffective|p2a: Basculegion\n|-damage|p2a: Basculegion|0 fnt\n|-boost|p1a: Zacian|spe|1\n|faint|p2a: Basculegion\n|\n|upkeep\n|\n|t:|1700661580\n|switch|p2a: Garganacl|Garganacl, F|100\/100\n|turn|20\n|\n|t:|1700661595\n|move|p1a: Zacian|Behemoth Blade|p2a: Garganacl\n|-supereffective|p2a: Garganacl\n|-damage|p2a: Garganacl|0 fnt\n|-damage|p1a: Zacian|61\/100|[from] item: Rocky Helmet|[of] p2a: Garganacl\n|faint|p2a: Garganacl\n|\n|upkeep\n|\n|t:|1700661599\n|switch|p2a: Ursaluna|Ursaluna-Bloodmoon, M, tera:Fairy|48\/100\n|turn|21\n|\n|t:|1700661604\n|move|p1a: Zacian|Behemoth Blade|p2a: Ursaluna\n|-supereffective|p2a: Ursaluna\n|-damage|p2a: Ursaluna|0 fnt\n|faint|p2a: Ursaluna\n|\n|upkeep\n|\n|t:|1700661607\n|switch|p2a: Sceptile|Sceptile, M|100\/100\n|turn|22\n|\n|t:|1700661612\n|detailschange|p2a: Sceptile|Sceptile-Mega, M\n|-mega|p2a: Sceptile|Sceptile|Sceptilite\n|move|p1a: Zacian|Behemoth Blade|p2a: Sceptile\n|-damage|p2a: Sceptile|0 fnt\n|faint|p2a: Sceptile\n|\n|win|poke\\(0w0)\/ball\n|raw|poke\\(0w0)&#x2f;ball's rating: 1324 &rarr; <strong>1343<\/strong><br \/>(+19 for winning)\n|raw|E I C O S's rating: 1314 &rarr; <strong>1295<\/strong><br \/>(-19 for losing)\n","uploadtime":1700661621,"views":5,"p1id":"poke0w0ball","p2id":"eicos","formatid":"gen9nationaldexubers","rating":1295,"private":0,"password":""}