{"id":"gen9nationaldexubers-1990545273","p1":"Mistery Gold","p2":"Armingamer54","format":"[Gen 9] National Dex Ubers","log":"|j|\u2606Mistery Gold\n|j|\u2606Armingamer54\n|t:|1699980264\n|gametype|singles\n|player|p1|Mistery Gold|tate|\n|player|p2|Armingamer54|cynthia|\n|teamsize|p1|6\n|teamsize|p2|6\n|gen|9\n|tier|[Gen 9] National Dex Ubers\n|rule|HP Percentage Mod: HP is shown in percentages\n|rule|Endless Battle Clause: Forcing endless battles is banned\n|rule|OHKO Clause: OHKO moves are banned\n|rule|Evasion Moves Clause: Evasion moves are banned\n|rule|Evasion Items Clause: Evasion items are banned\n|rule|Species Clause: Limit one of each Pok\u00e9mon\n|rule|Sleep Clause Mod: Limit one foe put to sleep\n|rule|Mega Rayquaza Clause: You cannot mega evolve Rayquaza\n|clearpoke\n|poke|p1|Florges-Blue, F|\n|poke|p1|Talonflame, M|\n|poke|p1|Aurorus, M|\n|poke|p1|Hawlucha, M|\n|poke|p1|Goodra, M|\n|poke|p1|Xerneas-*|\n|poke|p2|Zygarde|\n|poke|p2|Yveltal|\n|poke|p2|Goodra, M|\n|poke|p2|Klefki, F|\n|poke|p2|Aegislash, M|\n|poke|p2|Sylveon, F|\n|teampreview\n|\n|t:|1699980277\n|start\n|switch|p1a: Xerneas|Xerneas|100\/100\n|switch|p2a: Sylveon|Sylveon, F|100\/100\n|-ability|p1a: Xerneas|Fairy Aura\n|turn|1\n|\n|t:|1699980285\n|-terastallize|p1a: Xerneas|Fairy\n|move|p1a: Xerneas|Geomancy||[still]\n|-prepare|p1a: Xerneas|Geomancy\n|-enditem|p1a: Xerneas|Power Herb\n|-anim|p1a: Xerneas|Geomancy|p1a: Xerneas\n|-boost|p1a: Xerneas|spa|2\n|-boost|p1a: Xerneas|spd|2\n|-boost|p1a: Xerneas|spe|2\n|move|p2a: Sylveon|Toxic|p1a: Xerneas\n|-status|p1a: Xerneas|tox\n|\n|-damage|p1a: Xerneas|94\/100 tox|[from] psn\n|upkeep\n|turn|2\n|\n|t:|1699980300\n|move|p2a: Sylveon|Protect|p2a: Sylveon\n|-singleturn|p2a: Sylveon|Protect\n|move|p1a: Xerneas|Moonblast|p2a: Sylveon\n|-activate|p2a: Sylveon|move: Protect\n|\n|-damage|p1a: Xerneas|82\/100 tox|[from] psn\n|upkeep\n|turn|3\n|\n|t:|1699980310\n|move|p1a: Xerneas|Moonblast|p2a: Sylveon\n|-damage|p2a: Sylveon|0 fnt\n|faint|p2a: Sylveon\n|\n|-damage|p1a: Xerneas|64\/100 tox|[from] psn\n|upkeep\n|\n|t:|1699980318\n|switch|p2a: Klefki|Klefki, F|100\/100\n|turn|4\n|\n|t:|1699980324\n|move|p2a: Klefki|Light Screen|p2a: Klefki\n|-sidestart|p2: Armingamer54|move: Light Screen\n|move|p1a: Xerneas|Hidden Power|p2a: Klefki\n|-supereffective|p2a: Klefki\n|-damage|p2a: Klefki|50\/100\n|\n|-damage|p1a: Xerneas|39\/100 tox|[from] psn\n|upkeep\n|turn|5\n|\n|t:|1699980333\n|move|p2a: Klefki|Reflect|p2a: Klefki\n|-sidestart|p2: Armingamer54|Reflect\n|move|p1a: Xerneas|Hidden Power|p2a: Klefki\n|-supereffective|p2a: Klefki\n|-damage|p2a: Klefki|5\/100\n|\n|-damage|p1a: Xerneas|9\/100 tox|[from] psn\n|upkeep\n|turn|6\n|\n|t:|1699980342\n|move|p2a: Klefki|Spikes|p1a: Xerneas\n|-sidestart|p1: Mistery Gold|Spikes\n|move|p1a: Xerneas|Thunderbolt|p2a: Klefki\n|-damage|p2a: Klefki|0 fnt\n|faint|p2a: Klefki\n|\n|-damage|p1a: Xerneas|0 fnt|[from] psn\n|faint|p1a: Xerneas\n|upkeep\n|\n|t:|1699980372\n|switch|p1a: Goodra|Goodra, M|100\/100\n|switch|p2a: Goodra|Goodra, M|100\/100\n|-damage|p1a: Goodra|88\/100|[from] Spikes\n|turn|7\n|\n|t:|1699980380\n|move|p2a: Goodra|Knock Off|p1a: Goodra\n|-crit|p1a: Goodra\n|-damage|p1a: Goodra|53\/100\n|-enditem|p1a: Goodra|Leftovers|[from] move: Knock Off|[of] p2a: Goodra\n|move|p1a: Goodra|Acid Armor|p1a: Goodra\n|-boost|p1a: Goodra|def|2\n|\n|upkeep\n|turn|8\n|\n|t:|1699980393\n|move|p2a: Goodra|Sludge Bomb|p1a: Goodra\n|-crit|p1a: Goodra\n|-damage|p1a: Goodra|24\/100\n|-status|p1a: Goodra|psn\n|move|p1a: Goodra|Knock Off|p2a: Goodra\n|-damage|p2a: Goodra|86\/100\n|-enditem|p2a: Goodra|Assault Vest|[from] move: Knock Off|[of] p1a: Goodra\n|\n|-damage|p1a: Goodra|12\/100 psn|[from] psn\n|upkeep\n|turn|9\n|\n|t:|1699980406\n|move|p2a: Goodra|Scald|p1a: Goodra\n|-resisted|p1a: Goodra\n|-damage|p1a: Goodra|3\/100 psn\n|move|p1a: Goodra|Dragon Pulse|p2a: Goodra\n|-supereffective|p2a: Goodra\n|-damage|p2a: Goodra|56\/100\n|\n|-damage|p1a: Goodra|0 fnt|[from] psn\n|faint|p1a: Goodra\n|upkeep\n|\n|t:|1699980421\n|switch|p1a: Talonflame|Talonflame, M|100\/100\n|turn|10\n|\n|t:|1699980430\n|move|p1a: Talonflame|Swords Dance|p1a: Talonflame\n|-boost|p1a: Talonflame|atk|2\n|move|p2a: Goodra|Scald|p1a: Talonflame\n|-supereffective|p1a: Talonflame\n|-damage|p1a: Talonflame|16\/100\n|\n|upkeep\n|turn|11\n|\n|t:|1699980441\n|move|p1a: Talonflame|Dual Wingbeat|p2a: Goodra\n|-damage|p2a: Goodra|34\/100\n|-damage|p2a: Goodra|10\/100\n|-hitcount|p2a: Goodra|2\n|move|p2a: Goodra|Scald|p1a: Talonflame\n|-supereffective|p1a: Talonflame\n|-crit|p1a: Talonflame\n|-damage|p1a: Talonflame|0 fnt\n|faint|p1a: Talonflame\n|\n|-sideend|p2: Armingamer54|move: Light Screen\n|upkeep\n|\n|t:|1699980451\n|switch|p1a: Aurora|Aurorus, M|100\/100\n|-damage|p1a: Aurora|88\/100|[from] Spikes\n|-weather|Snow|[from] ability: Snow Warning|[of] p1a: Aurora\n|turn|12\n|\n|t:|1699980461\n|move|p2a: Goodra|Draco Meteor|p1a: Aurora\n|-damage|p1a: Aurora|47\/100\n|-unboost|p2a: Goodra|spa|2\n|move|p1a: Aurora|Aurora Veil|p1a: Aurora\n|-sidestart|p1: Mistery Gold|move: Aurora Veil\n|\n|-weather|Snow|[upkeep]\n|-sideend|p2: Armingamer54|Reflect\n|upkeep\n|turn|13\n|\n|t:|1699980469\n|move|p2a: Goodra|Knock Off|p1a: Aurora\n|-damage|p1a: Aurora|42\/100\n|-enditem|p1a: Aurora|Babiri Berry|[from] move: Knock Off|[of] p2a: Goodra\n|move|p1a: Aurora|Calm Mind|p1a: Aurora\n|-boost|p1a: Aurora|spa|1\n|-boost|p1a: Aurora|spd|1\n|\n|-weather|Snow|[upkeep]\n|upkeep\n|turn|14\n|\n|t:|1699980485\n|switch|p2a: Aegislash|Aegislash, M|100\/100\n|move|p1a: Aurora|Earth Power|p2a: Aegislash\n|-supereffective|p2a: Aegislash\n|-damage|p2a: Aegislash|44\/100\n|\n|-weather|Snow|[upkeep]\n|upkeep\n|turn|15\n|\n|t:|1699980500\n|-formechange|p2a: Aegislash|Aegislash-Blade||[from] ability: Stance Change\n|move|p2a: Aegislash|Iron Head|p1a: Aurora\n|-supereffective|p1a: Aurora\n|-damage|p1a: Aurora|2\/100\n|move|p1a: Aurora|Earth Power|p2a: Aegislash\n|-supereffective|p2a: Aegislash\n|-damage|p2a: Aegislash|0 fnt\n|faint|p2a: Aegislash\n|\n|-weather|Snow|[upkeep]\n|upkeep\n|\n|t:|1699980513\n|switch|p2a: Goodra|Goodra, M|10\/100\n|turn|16\n|\n|t:|1699980518\n|move|p2a: Goodra|Scald|p1a: Aurora\n|-supereffective|p1a: Aurora\n|-damage|p1a: Aurora|0 fnt\n|faint|p1a: Aurora\n|\n|-weather|none\n|-sideend|p1: Mistery Gold|move: Aurora Veil\n|upkeep\n|\n|t:|1699980530\n|switch|p1a: Pochi|Hawlucha, M|100\/100\n|turn|17\n|\n|t:|1699980539\n|move|p1a: Pochi|Acrobatics|p2a: Goodra\n|-damage|p2a: Goodra|0 fnt\n|faint|p2a: Goodra\n|\n|upkeep\n|\n|t:|1699980546\n|switch|p2a: Zygarde|Zygarde|100\/100\n|turn|18\n|\n|t:|1699980552\n|move|p1a: Pochi|Swords Dance|p1a: Pochi\n|-boost|p1a: Pochi|atk|2\n|move|p2a: Zygarde|Dragon Dance|p2a: Zygarde\n|-boost|p2a: Zygarde|atk|1\n|-boost|p2a: Zygarde|spe|1\n|\n|upkeep\n|turn|19\n|\n|t:|1699980561\n|move|p2a: Zygarde|Substitute|p2a: Zygarde\n|-start|p2a: Zygarde|Substitute\n|-damage|p2a: Zygarde|76\/100\n|move|p1a: Pochi|Swords Dance|p1a: Pochi\n|-boost|p1a: Pochi|atk|2\n|\n|-heal|p2a: Zygarde|82\/100|[from] item: Leftovers\n|upkeep\n|turn|20\n|\n|t:|1699980572\n|move|p1a: Pochi|Acrobatics|p2a: Zygarde\n|-end|p2a: Zygarde|Substitute\n|move|p2a: Zygarde|Dragon Tail|p1a: Pochi\n|-damage|p1a: Pochi|36\/100\n|drag|p1a: Florges|Florges-Blue, F|100\/100\n|-damage|p1a: Florges|88\/100|[from] Spikes\n|\n|-heal|p2a: Zygarde|88\/100|[from] item: Leftovers\n|-heal|p1a: Florges|94\/100|[from] item: Leftovers\n|upkeep\n|turn|21\n|\n|t:|1699980587\n|move|p2a: Zygarde|Substitute|p2a: Zygarde\n|-start|p2a: Zygarde|Substitute\n|-damage|p2a: Zygarde|63\/100\n|move|p1a: Florges|Wish|p1a: Florges\n|\n|-heal|p2a: Zygarde|69\/100|[from] item: Leftovers\n|-heal|p1a: Florges|99\/100|[from] item: Leftovers\n|upkeep\n|turn|22\n|\n|t:|1699980598\n|move|p2a: Zygarde|Dragon Dance|p2a: Zygarde\n|-boost|p2a: Zygarde|atk|1\n|-boost|p2a: Zygarde|spe|1\n|move|p1a: Florges|Moonblast|p2a: Zygarde\n|-supereffective|p2a: Zygarde\n|-end|p2a: Zygarde|Substitute\n|\n|-heal|p1a: Florges|100\/100|[from] move: Wish|[wisher] Florges\n|-heal|p2a: Zygarde|75\/100|[from] item: Leftovers\n|upkeep\n|turn|23\n|\n|t:|1699980609\n|move|p2a: Zygarde|Substitute|p2a: Zygarde\n|-start|p2a: Zygarde|Substitute\n|-damage|p2a: Zygarde|50\/100\n|move|p1a: Florges|Moonblast|p2a: Zygarde\n|-supereffective|p2a: Zygarde\n|-end|p2a: Zygarde|Substitute\n|\n|-heal|p2a: Zygarde|56\/100|[from] item: Leftovers\n|upkeep\n|turn|24\n|\n|t:|1699980622\n|-terastallize|p2a: Zygarde|Fairy\n|move|p2a: Zygarde|Thousand Arrows|p1a: Florges\n|-damage|p1a: Florges|7\/100\n|move|p1a: Florges|Moonblast|p2a: Zygarde\n|-damage|p2a: Zygarde|11\/100\n|\n|-heal|p2a: Zygarde|17\/100|[from] item: Leftovers\n|-heal|p1a: Florges|13\/100|[from] item: Leftovers\n|-activate|p2a: Zygarde|ability: Power Construct\n|detailschange|p2a: Zygarde|Zygarde-Complete, tera:Fairy\n|-heal|p2a: Zygarde|49\/100|[silent]\n|upkeep\n|turn|25\n|\n|t:|1699980639\n|move|p2a: Zygarde|Thousand Arrows|p1a: Florges\n|-damage|p1a: Florges|0 fnt\n|faint|p1a: Florges\n|\n|-heal|p2a: Zygarde|55\/100|[from] item: Leftovers\n|upkeep\n|\n|t:|1699980643\n|switch|p1a: Pochi|Hawlucha, M|36\/100\n|turn|26\n|\n|t:|1699980650\n|move|p2a: Zygarde|Thousand Arrows|p1a: Pochi\n|-damage|p1a: Pochi|0 fnt\n|faint|p1a: Pochi\n|\n|win|Armingamer54\n|l|\u2606Mistery Gold\n","uploadtime":1699981094,"views":5,"p1id":"misterygold","p2id":"armingamer54","formatid":"gen9nationaldexubers","rating":0,"private":0,"password":""}