{"id":"gen9nationaldexubers-1994939697","p1":"blaze2525","p2":"stinkles3","format":"[Gen 9] National Dex Ubers","log":"|j|\u2606blaze2525\n|j|\u2606stinkles3\n|t:|1700506477\n|gametype|singles\n|player|p1|blaze2525|102|1000\n|player|p2|stinkles3|interviewers|1072\n|teamsize|p1|6\n|teamsize|p2|6\n|gen|9\n|tier|[Gen 9] National Dex Ubers\n|rated|\n|rule|HP Percentage Mod: HP is shown in percentages\n|rule|Endless Battle Clause: Forcing endless battles is banned\n|rule|OHKO Clause: OHKO moves are banned\n|rule|Evasion Moves Clause: Evasion moves are banned\n|rule|Evasion Items Clause: Evasion items are banned\n|rule|Species Clause: Limit one of each Pok\u00e9mon\n|rule|Sleep Clause Mod: Limit one foe put to sleep\n|rule|Mega Rayquaza Clause: You cannot mega evolve Rayquaza\n|clearpoke\n|poke|p1|Shiftry, M|\n|poke|p1|Arceus-Fairy|\n|poke|p1|Electrode|\n|poke|p1|Exeggcute, M|\n|poke|p1|Exeggutor-Alola, M|\n|poke|p1|Emboar, M|\n|poke|p2|Furret, M|\n|poke|p2|Kommo-o, F|\n|poke|p2|Steelix, F|\n|poke|p2|Grimmsnarl, M|\n|poke|p2|Gholdengo|\n|poke|p2|Cloyster, M|\n|teampreview\n|c|\u2606stinkles3|no timer\n|\n|t:|1700506487\n|start\n|switch|p1a: Shiftry|Shiftry, M|100\/100\n|switch|p2a: floofy snake|Furret, M|100\/100\n|-item|p1a: Shiftry|Choice Band|[from] ability: Frisk|[of] p2a: floofy snake|[identify]\n|turn|1\n|\n|t:|1700506498\n|move|p2a: floofy snake|Tidy Up|p2a: floofy snake\n|-boost|p2a: floofy snake|atk|1\n|-boost|p2a: floofy snake|spe|1\n|move|p1a: Shiftry|Explosion|p2a: floofy snake\n|-damage|p2a: floofy snake|0 fnt\n|faint|p1a: Shiftry\n|faint|p2a: floofy snake\n|\n|upkeep\n|\n|t:|1700506509\n|switch|p2a: re|Kommo-o, F|100\/100\n|switch|p1a: Exeggcute|Exeggcute, M|100\/100\n|turn|2\n|\n|t:|1700506518\n|move|p2a: re|Autotomize|p2a: re\n|-boost|p2a: re|spe|2\n|-start|p2a: re|Autotomize\n|move|p1a: Exeggcute|Explosion|p2a: re\n|-damage|p2a: re|53\/100\n|faint|p1a: Exeggcute\n|\n|upkeep\n|\n|t:|1700506530\n|switch|p1a: Electrode|Electrode|100\/100\n|turn|3\n|\n|t:|1700506534\n|move|p2a: re|Body Press|p1a: Electrode\n|-damage|p1a: Electrode|42\/100\n|move|p1a: Electrode|Explosion|p2a: re\n|-damage|p2a: re|0 fnt\n|faint|p1a: Electrode\n|faint|p2a: re\n|\n|upkeep\n|c|\u2606stinkles3|oh\n|c|\u2606stinkles3|i see whats going on here\n|\n|t:|1700506544\n|switch|p1a: Exeggutor|Exeggutor-Alola, M|100\/100\n|switch|p2a: silveranch|Gholdengo|100\/100\n|-item|p2a: silveranch|Blunder Policy|[from] ability: Frisk|[of] p1a: Exeggutor|[identify]\n|turn|4\n|\n|t:|1700506551\n|move|p2a: silveranch|Shadow Ball|p1a: Exeggutor\n|-damage|p1a: Exeggutor|57\/100\n|-unboost|p1a: Exeggutor|spd|1\n|move|p1a: Exeggutor|Explosion|p2a: silveranch\n|-immune|p2a: silveranch\n|faint|p1a: Exeggutor\n|\n|upkeep\n|\n|t:|1700506563\n|switch|p1a: Arceus|Arceus-Fairy|100\/100\n|turn|5\n|\n|t:|1700506568\n|move|p2a: silveranch|Nasty Plot|p2a: silveranch\n|-boost|p2a: silveranch|spa|2\n|move|p1a: Arceus|Perish Song|p1a: Arceus\n|-start|p1a: Arceus|perish3|[silent]\n|-immune|p2a: silveranch|[from] ability: Good as Gold\n|-fieldactivate|move: Perish Song\n|\n|-start|p1a: Arceus|perish3\n|upkeep\n|turn|6\n|\n|t:|1700506579\n|switch|p1a: Emboar|Emboar, M|100\/100\n|move|p2a: silveranch|Make It Rain|p1a: Emboar\n|-resisted|p1a: Emboar\n|-damage|p1a: Emboar|19\/100\n|-unboost|p2a: silveranch|spa|1\n|\n|upkeep\n|turn|7\n|\n|t:|1700506609\n|move|p2a: silveranch|Metal Sound|p1a: Emboar\n|-unboost|p1a: Emboar|spd|2\n|move|p1a: Emboar|Endeavor|p2a: silveranch\n|-immune|p2a: silveranch\n|\n|upkeep\n|turn|8\n|c|\u2606stinkles3|BRUH\n|c|\u2606stinkles3|NAH\n|c|\u2606stinkles3|DO YOU NOT KNOW\n|\n|t:|1700506625\n|move|p2a: silveranch|Nasty Plot|p2a: silveranch\n|-boost|p2a: silveranch|spa|2\n|move|p1a: Emboar|Hammer Arm|p2a: silveranch\n|-immune|p2a: silveranch\n|\n|upkeep\n|turn|9\n|c|\u2606stinkles3|LLLLLLLLLLLLL\n|c|\u2606stinkles3|no way\n|c|\u2606stinkles3|you dont know about type immunities\n|c|\u2606stinkles3|clearly\n|\n|t:|1700506644\n|move|p2a: silveranch|Make It Rain|p1a: Emboar\n|-resisted|p1a: Emboar\n|-damage|p1a: Emboar|0 fnt\n|-unboost|p2a: silveranch|spa|1\n|faint|p1a: Emboar\n|\n|upkeep\n|\n|t:|1700506653\n|switch|p1a: Arceus|Arceus-Fairy|100\/100\n|turn|10\n|inactive|Battle timer is ON: inactive players will automatically lose when time's up. (requested by blaze2525)\n|c|\u2606stinkles3|hey\n|c|\u2606stinkles3|no timer\n|\n|t:|1700506667\n|move|p2a: silveranch|Make It Rain|p1a: Arceus\n|-supereffective|p1a: Arceus\n|-damage|p1a: Arceus|0 fnt\n|-unboost|p2a: silveranch|spa|1\n|faint|p1a: Arceus\n|\n|win|stinkles3\n|raw|blaze2525's rating: 1000 &rarr; <strong>1000<\/strong><br \/>(+0 for losing)\n|raw|stinkles3's rating: 1072 &rarr; <strong>1095<\/strong><br \/>(+23 for winning)\n|c|\u2606stinkles3|im not the one who needs to finish'\n","uploadtime":1700506682,"views":7,"p1id":"blaze2525","p2id":"stinkles3","formatid":"gen9nationaldexubers","rating":1000,"private":0,"password":""}