{"id":"gen9nationaldexubers-1981694402","p1":"Cilantora","p2":"BreadDread","format":"[Gen 9] National Dex Ubers","log":"|j|\u2606Cilantora\n|j|\u2606BreadDread\n|t:|1698934344\n|gametype|singles\n|player|p1|Cilantora|veteran|1140\n|player|p2|BreadDread|artist-gen4|1213\n|teamsize|p1|6\n|teamsize|p2|6\n|gen|9\n|tier|[Gen 9] National Dex Ubers\n|rated|\n|rule|HP Percentage Mod: HP is shown in percentages\n|rule|Endless Battle Clause: Forcing endless battles is banned\n|rule|OHKO Clause: OHKO moves are banned\n|rule|Evasion Moves Clause: Evasion moves are banned\n|rule|Evasion Items Clause: Evasion items are banned\n|rule|Species Clause: Limit one of each Pok\u00e9mon\n|rule|Sleep Clause Mod: Limit one foe put to sleep\n|rule|Mega Rayquaza Clause: You cannot mega evolve Rayquaza\n|clearpoke\n|poke|p1|Cyclizar, F|\n|poke|p1|Breloom, M|\n|poke|p1|Froslass, F|\n|poke|p1|Annihilape, F|\n|poke|p1|Iron Treads|\n|poke|p1|Kingambit, M|\n|poke|p2|Necrozma-Dusk-Mane|\n|poke|p2|Ogerpon-Hearthflame, F|\n|poke|p2|Zacian-*|\n|poke|p2|Ribombee, F|\n|poke|p2|Dialga|\n|poke|p2|Ursaluna-Bloodmoon, M|\n|teampreview\n|\n|t:|1698934347\n|start\n|switch|p1a: Cyclizar|Cyclizar, F|100\/100\n|switch|p2a: Ribombee|Ribombee, F|100\/100\n|turn|1\n|c|\u2606Cilantora|Currently testing this team rn\n|\n|t:|1698934354\n|move|p1a: Cyclizar|Shed Tail|p1a: Cyclizar\n|-start|p1a: Cyclizar|Substitute|[from] move: Shed Tail\n|-damage|p1a: Cyclizar|50\/100\n|\n|t:|1698934360\n|switch|p1a: Iron Treads|Iron Treads|100\/100|[from] Shed Tail\n|move|p2a: Ribombee|Sticky Web|p1a: Iron Treads\n|-sidestart|p1: Cilantora|move: Sticky Web\n|\n|upkeep\n|turn|2\n|\n|t:|1698934372\n|move|p2a: Ribombee|Psychic|p1a: Iron Treads\n|-resisted|p1a: Iron Treads\n|-activate|p1a: Iron Treads|move: Substitute|[damage]\n|move|p1a: Iron Treads|Knock Off|p2a: Ribombee\n|-resisted|p2a: Ribombee\n|-damage|p2a: Ribombee|77\/100\n|-enditem|p2a: Ribombee|Focus Sash|[from] move: Knock Off|[of] p1a: Iron Treads\n|\n|upkeep\n|turn|3\n|\n|t:|1698934385\n|move|p2a: Ribombee|Bug Buzz|p1a: Iron Treads\n|-resisted|p1a: Iron Treads\n|-damage|p1a: Iron Treads|85\/100\n|move|p1a: Iron Treads|Earthquake|p2a: Ribombee\n|-resisted|p2a: Ribombee\n|-damage|p2a: Ribombee|40\/100\n|\n|upkeep\n|turn|4\n|\n|t:|1698934395\n|move|p2a: Ribombee|Psychic|p1a: Iron Treads\n|-resisted|p1a: Iron Treads\n|-activate|p1a: Iron Treads|move: Substitute|[damage]\n|move|p1a: Iron Treads|Earthquake|p2a: Ribombee\n|-resisted|p2a: Ribombee\n|-damage|p2a: Ribombee|3\/100\n|\n|upkeep\n|turn|5\n|\n|t:|1698934402\n|move|p2a: Ribombee|Psychic|p1a: Iron Treads\n|-resisted|p1a: Iron Treads\n|-end|p1a: Iron Treads|Substitute\n|move|p1a: Iron Treads|Earthquake|p2a: Ribombee\n|-resisted|p2a: Ribombee\n|-damage|p2a: Ribombee|0 fnt\n|faint|p2a: Ribombee\n|\n|upkeep\n|\n|t:|1698934409\n|switch|p2a: Ogerpon|Ogerpon-Hearthflame, F|100\/100\n|-ability|p2a: Ogerpon|Mold Breaker\n|turn|6\n|\n|t:|1698934431\n|-end|p1a: Iron Treads|Quark Drive|[silent]\n|switch|p1a: Annihilape|Annihilape, F|100\/100\n|-activate|p1a: Annihilape|move: Sticky Web\n|-unboost|p1a: Annihilape|spe|1\n|-ability|p1a: Annihilape|Defiant|boost\n|-boost|p1a: Annihilape|atk|2\n|-terastallize|p2a: Ogerpon|Fire\n|detailschange|p2a: Ogerpon|Ogerpon-Hearthflame-Tera, F, tera:Fire\n|-ability|p2a: Ogerpon|Embody Aspect (Hearthflame)|boost\n|-boost|p2a: Ogerpon|atk|1\n|move|p2a: Ogerpon|Ivy Cudgel|p1a: Annihilape\n|-damage|p1a: Annihilape|0 fnt\n|faint|p1a: Annihilape\n|\n|upkeep\n|\n|t:|1698934461\n|switch|p1a: Froslass|Froslass, F|100\/100\n|-activate|p1a: Froslass|move: Sticky Web\n|-unboost|p1a: Froslass|spe|1\n|turn|7\n|\n|t:|1698934468\n|move|p2a: Ogerpon|Ivy Cudgel|p1a: Froslass\n|-supereffective|p1a: Froslass\n|-enditem|p1a: Froslass|Focus Sash\n|-damage|p1a: Froslass|1\/100\n|move|p1a: Froslass|Destiny Bond|p1a: Froslass\n|-singlemove|p1a: Froslass|Destiny Bond\n|\n|upkeep\n|turn|8\n|\n|t:|1698934476\n|move|p2a: Ogerpon|Spiky Shield|p2a: Ogerpon\n|-singleturn|p2a: Ogerpon|move: Protect\n|move|p1a: Froslass|Taunt|p2a: Ogerpon\n|-activate|p2a: Ogerpon|move: Protect\n|\n|upkeep\n|turn|9\n|c|\u2606Cilantora|damnit\n|\n|t:|1698934488\n|move|p2a: Ogerpon|Ivy Cudgel|p1a: Froslass\n|-supereffective|p1a: Froslass\n|-damage|p1a: Froslass|0 fnt\n|faint|p1a: Froslass\n|\n|upkeep\n|c|\u2606Cilantora|yeah ogerpons just gonna wipe it feels like\n|\n|t:|1698934510\n|switch|p1a: Cyclizar|Cyclizar, F|84\/100\n|-activate|p1a: Cyclizar|move: Sticky Web\n|-unboost|p1a: Cyclizar|spe|1\n|turn|10\n|\n|t:|1698934517\n|move|p1a: Cyclizar|Draco Meteor|p2a: Ogerpon\n|-damage|p2a: Ogerpon|58\/100\n|-unboost|p1a: Cyclizar|spa|2\n|move|p2a: Ogerpon|Ivy Cudgel|p1a: Cyclizar\n|-resisted|p1a: Cyclizar\n|-damage|p1a: Cyclizar|0 fnt\n|faint|p1a: Cyclizar\n|\n|upkeep\n|\n|t:|1698934526\n|switch|p1a: Breloom|Breloom, M|100\/100\n|-activate|p1a: Breloom|move: Sticky Web\n|-unboost|p1a: Breloom|spe|1\n|turn|11\n|\n|t:|1698934531\n|-terastallize|p1a: Breloom|Fighting\n|move|p1a: Breloom|Mach Punch|p2a: Ogerpon\n|-damage|p2a: Ogerpon|0 fnt\n|faint|p2a: Ogerpon\n|\n|upkeep\n|\n|t:|1698934544\n|switch|p2a: Necrozma|Necrozma-Dusk-Mane|100\/100\n|turn|12\n|\n|t:|1698934548\n|detailschange|p2a: Necrozma|Necrozma-Ultra\n|-burst|p2a: Necrozma|Necrozma|Ultranecrozium Z\n|move|p1a: Breloom|Mach Punch|p2a: Necrozma\n|-resisted|p2a: Necrozma\n|-damage|p2a: Necrozma|77\/100\n|move|p2a: Necrozma|Dragon Dance|p2a: Necrozma\n|-boost|p2a: Necrozma|atk|1\n|-boost|p2a: Necrozma|spe|1\n|\n|upkeep\n|turn|13\n|\n|t:|1698934559\n|move|p2a: Necrozma|Dragon Dance|p2a: Necrozma\n|-boost|p2a: Necrozma|atk|1\n|-boost|p2a: Necrozma|spe|1\n|move|p1a: Breloom|Spore|p2a: Necrozma\n|-status|p2a: Necrozma|slp|[from] move: Spore\n|\n|upkeep\n|turn|14\n|\n|t:|1698934567\n|cant|p2a: Necrozma|slp\n|move|p1a: Breloom|Swords Dance|p1a: Breloom\n|-boost|p1a: Breloom|atk|2\n|\n|upkeep\n|turn|15\n|\n|t:|1698934571\n|cant|p2a: Necrozma|slp\n|move|p1a: Breloom|Bullet Seed|p2a: Necrozma\n|-resisted|p2a: Necrozma\n|-damage|p2a: Necrozma|55\/100 slp\n|-resisted|p2a: Necrozma\n|-damage|p2a: Necrozma|35\/100 slp\n|-resisted|p2a: Necrozma\n|-damage|p2a: Necrozma|12\/100 slp\n|-resisted|p2a: Necrozma\n|-damage|p2a: Necrozma|0 fnt\n|faint|p2a: Necrozma\n|-hitcount|p2: Necrozma|4\n|\n|upkeep\n|\n|t:|1698934578\n|switch|p2a: Zacian|Zacian-Crowned|100\/100\n|-ability|p2a: Zacian|Intrepid Sword|boost\n|-boost|p2a: Zacian|atk|1\n|turn|16\n|\n|t:|1698934584\n|move|p1a: Breloom|Mach Punch|p2a: Zacian\n|-damage|p2a: Zacian|21\/100\n|move|p2a: Zacian|Play Rough|p1a: Breloom\n|-supereffective|p1a: Breloom\n|-enditem|p1a: Breloom|Focus Sash\n|-damage|p1a: Breloom|1\/100\n|\n|upkeep\n|turn|17\n|\n|t:|1698934591\n|move|p1a: Breloom|Mach Punch|p2a: Zacian\n|-crit|p2a: Zacian\n|-damage|p2a: Zacian|0 fnt\n|faint|p2a: Zacian\n|\n|upkeep\n|c|\u2606Cilantora|how am i reverse sweeping hot damn\n|\n|t:|1698934605\n|switch|p2a: Ursaluna|Ursaluna-Bloodmoon, M|100\/100\n|turn|18\n|c|\u2606Cilantora|the loom go brr\n|\n|t:|1698934613\n|move|p1a: Breloom|Mach Punch|p2a: Ursaluna\n|-supereffective|p2a: Ursaluna\n|-damage|p2a: Ursaluna|0 fnt\n|faint|p2a: Ursaluna\n|\n|upkeep\n|\n|t:|1698934616\n|switch|p2a: Dialga|Dialga|100\/100\n|-ability|p2a: Dialga|Pressure\n|turn|19\n|c|\u2606BreadDread|Gg\n|c|\u2606Cilantora|gg\n|\n|t:|1698934624\n|move|p1a: Breloom|Mach Punch|p2a: Dialga\n|-supereffective|p2a: Dialga\n|-damage|p2a: Dialga|0 fnt\n|faint|p2a: Dialga\n|\n|win|Cilantora\n|raw|Cilantora's rating: 1140 &rarr; <strong>1170<\/strong><br \/>(+30 for winning)\n|raw|BreadDread's rating: 1213 &rarr; <strong>1183<\/strong><br \/>(-30 for losing)\n|l|\u2606BreadDread\n","uploadtime":1698934630,"views":12,"p1id":"cilantora","p2id":"breaddread","formatid":"gen9nationaldexubers","rating":1170,"private":0,"password":""}