{"id":"gen9nationaldexubers-1983126464","p1":"Yuinna.","p2":"XX_1nfinity_XX","format":"[Gen 9] National Dex Ubers","log":"|j|\u2606Yuinna.\n|j|\u2606XX_1nfinity_XX\n|t:|1699091818\n|gametype|singles\n|player|p1|Yuinna.|serena-masters|\n|player|p2|XX_1nfinity_XX|steven|\n|teamsize|p1|6\n|teamsize|p2|6\n|gen|9\n|tier|[Gen 9] National Dex Ubers\n|rule|HP Percentage Mod: HP is shown in percentages\n|rule|Endless Battle Clause: Forcing endless battles is banned\n|rule|OHKO Clause: OHKO moves are banned\n|rule|Evasion Moves Clause: Evasion moves are banned\n|rule|Evasion Items Clause: Evasion items are banned\n|rule|Species Clause: Limit one of each Pok\u00e9mon\n|rule|Sleep Clause Mod: Limit one foe put to sleep\n|rule|Mega Rayquaza Clause: You cannot mega evolve Rayquaza\n|clearpoke\n|poke|p1|Slowking-Galar, F|\n|poke|p1|Ampharos, M|\n|poke|p1|Alomomola, M|\n|poke|p1|Ferrothorn, M|\n|poke|p1|Enamorus-Therian, F|\n|poke|p1|Glastrier|\n|poke|p2|Flutter Mane|\n|poke|p2|Skeledirge, F|\n|poke|p2|Golurk|\n|poke|p2|Corsola-Galar, F|\n|poke|p2|Sableye, F|\n|poke|p2|Mandibuzz, F|\n|teampreview\n|inactive|Battle timer is ON: inactive players will automatically lose when time's up. (requested by XX_1nfinity_XX)\n|inactive|Yuinna. also wants the timer to be on.\n|c|\u2606XX_1nfinity_XX|hmmm\n|c|\u2606XX_1nfinity_XX|glhf\n|\n|t:|1699091834\n|start\n|switch|p1a: Ferrothorn|Ferrothorn, M|100\/100\n|switch|p2a: Sableye|Sableye, F|100\/100\n|turn|1\n|c|\u2606Yuinna.|hf\n|\n|t:|1699091841\n|detailschange|p2a: Sableye|Sableye-Mega, F\n|-mega|p2a: Sableye|Sableye|Sablenite\n|move|p2a: Sableye|Knock Off|p1a: Ferrothorn\n|-damage|p1a: Ferrothorn|83\/100\n|-damage|p2a: Sableye|88\/100|[from] ability: Iron Barbs|[of] p1a: Ferrothorn\n|-enditem|p1a: Ferrothorn|Leftovers|[from] move: Knock Off|[of] p2a: Sableye\n|move|p1a: Ferrothorn|Gyro Ball|p2a: Sableye\n|-damage|p2a: Sableye|73\/100\n|\n|upkeep\n|turn|2\n|\n|t:|1699091851\n|move|p1a: Ferrothorn|Protect|p1a: Ferrothorn\n|-singleturn|p1a: Ferrothorn|Protect\n|move|p2a: Sableye|Will-O-Wisp|p1a: Ferrothorn\n|-activate|p1a: Ferrothorn|move: Protect\n|\n|upkeep\n|turn|3\n|\n|t:|1699091859\n|move|p2a: Sableye|Will-O-Wisp|p1a: Ferrothorn\n|-status|p1a: Ferrothorn|brn\n|move|p1a: Ferrothorn|Gyro Ball|p2a: Sableye\n|-damage|p2a: Sableye|66\/100\n|\n|-damage|p1a: Ferrothorn|77\/100 brn|[from] brn\n|upkeep\n|turn|4\n|\n|t:|1699091884\n|move|p2a: Sableye|Knock Off|p1a: Ferrothorn\n|-damage|p1a: Ferrothorn|66\/100 brn\n|-damage|p2a: Sableye|54\/100|[from] ability: Iron Barbs|[of] p1a: Ferrothorn\n|move|p1a: Ferrothorn|Gyro Ball|p2a: Sableye\n|-damage|p2a: Sableye|46\/100\n|\n|-damage|p1a: Ferrothorn|60\/100 brn|[from] brn\n|upkeep\n|turn|5\n|\n|t:|1699091890\n|move|p2a: Sableye|Recover|p2a: Sableye\n|-heal|p2a: Sableye|96\/100\n|move|p1a: Ferrothorn|Gyro Ball|p2a: Sableye\n|-damage|p2a: Sableye|89\/100\n|\n|-damage|p1a: Ferrothorn|53\/100 brn|[from] brn\n|upkeep\n|turn|6\n|\n|t:|1699091894\n|switch|p2a: Skeledirge|Skeledirge, F|100\/100\n|switch|p1a: Alomomola|Alomomola, M|100\/100\n|\n|upkeep\n|turn|7\n|\n|t:|1699091899\n|move|p2a: Skeledirge|Will-O-Wisp|p1a: Alomomola\n|-status|p1a: Alomomola|brn\n|move|p1a: Alomomola|Scald|p2a: Skeledirge\n|-supereffective|p2a: Skeledirge\n|-damage|p2a: Skeledirge|80\/100\n|\n|-damage|p1a: Alomomola|94\/100 brn|[from] brn\n|upkeep\n|turn|8\n|\n|t:|1699091905\n|move|p2a: Skeledirge|Hex|p1a: Alomomola\n|-damage|p1a: Alomomola|39\/100 brn\n|move|p1a: Alomomola|Flip Turn|p2a: Skeledirge\n|-supereffective|p2a: Skeledirge\n|-damage|p2a: Skeledirge|68\/100\n|\n|t:|1699091911\n|switch|p1a: Slowking|Slowking-Galar, F|100\/100|[from] Flip Turn\n|\n|upkeep\n|turn|9\n|\n|t:|1699091917\n|move|p2a: Skeledirge|Will-O-Wisp|p1a: Slowking\n|-status|p1a: Slowking|brn\n|move|p1a: Slowking|Trick Room|p1a: Slowking\n|-fieldstart|move: Trick Room|[of] p1a: Slowking\n|\n|-damage|p1a: Slowking|94\/100 brn|[from] brn\n|upkeep\n|turn|10\n|\n|t:|1699091921\n|move|p1a: Slowking|Toxic|p2a: Skeledirge\n|-status|p2a: Skeledirge|tox\n|move|p2a: Skeledirge|Hex|p1a: Slowking\n|-supereffective|p1a: Slowking\n|-damage|p1a: Slowking|26\/100 brn\n|\n|-damage|p2a: Skeledirge|62\/100 tox|[from] psn\n|-damage|p1a: Slowking|20\/100 brn|[from] brn\n|upkeep\n|turn|11\n|\n|t:|1699091926\n|move|p1a: Slowking|Chilly Reception|p1a: Slowking\n|-weather|Snow\n|\n|t:|1699091939\n|switch|p1a: Glastrier|Glastrier|100\/100|[from] Chilly Reception\n|move|p2a: Skeledirge|Slack Off|p2a: Skeledirge\n|-heal|p2a: Skeledirge|100\/100 tox\n|\n|-weather|Snow|[upkeep]\n|-damage|p2a: Skeledirge|88\/100 tox|[from] psn\n|upkeep\n|turn|12\n|\n|t:|1699091944\n|switch|p2a: Corsola|Corsola-Galar, F|100\/100\n|move|p1a: Glastrier|Throat Chop|p2a: Corsola\n|-supereffective|p2a: Corsola\n|-damage|p2a: Corsola|50\/100\n|-start|p2a: Corsola|Throat Chop|[silent]\n|\n|-weather|Snow|[upkeep]\n|upkeep\n|turn|13\n|\n|t:|1699091952\n|switch|p2a: Mandibuzz|Mandibuzz, F|100\/100\n|move|p1a: Glastrier|Throat Chop|p2a: Mandibuzz\n|-resisted|p2a: Mandibuzz\n|-damage|p2a: Mandibuzz|92\/100\n|-start|p2a: Mandibuzz|Throat Chop|[silent]\n|-damage|p1a: Glastrier|84\/100|[from] item: Rocky Helmet|[of] p2a: Mandibuzz\n|\n|-weather|Snow|[upkeep]\n|-heal|p1a: Glastrier|90\/100|[from] item: Leftovers\n|-fieldend|move: Trick Room\n|upkeep\n|turn|14\n|\n|t:|1699091958\n|move|p2a: Mandibuzz|Toxic|p1a: Glastrier\n|-status|p1a: Glastrier|tox\n|move|p1a: Glastrier|Icicle Crash|p2a: Mandibuzz\n|-supereffective|p2a: Mandibuzz\n|-damage|p2a: Mandibuzz|37\/100\n|\n|-weather|Snow|[upkeep]\n|-heal|p1a: Glastrier|96\/100 tox|[from] item: Leftovers\n|-damage|p1a: Glastrier|90\/100 tox|[from] psn\n|-end|p2a: Mandibuzz|Throat Chop|[silent]\n|upkeep\n|turn|15\n|\n|t:|1699091963\n|move|p2a: Mandibuzz|Roost|p2a: Mandibuzz\n|-heal|p2a: Mandibuzz|87\/100\n|-singleturn|p2a: Mandibuzz|move: Roost\n|move|p1a: Glastrier|Icicle Crash|p2a: Mandibuzz\n|-crit|p2a: Mandibuzz\n|-damage|p2a: Mandibuzz|43\/100\n|\n|-weather|none\n|-heal|p1a: Glastrier|96\/100 tox|[from] item: Leftovers\n|-damage|p1a: Glastrier|84\/100 tox|[from] psn\n|upkeep\n|turn|16\n|\n|t:|1699091967\n|move|p2a: Mandibuzz|Roost|p2a: Mandibuzz\n|-heal|p2a: Mandibuzz|93\/100\n|-singleturn|p2a: Mandibuzz|move: Roost\n|move|p1a: Glastrier|Substitute|p1a: Glastrier\n|-start|p1a: Glastrier|Substitute\n|-damage|p1a: Glastrier|59\/100 tox\n|\n|-heal|p1a: Glastrier|65\/100 tox|[from] item: Leftovers\n|-damage|p1a: Glastrier|47\/100 tox|[from] psn\n|upkeep\n|turn|17\n|\n|t:|1699091970\n|move|p2a: Mandibuzz|Foul Play|p1a: Glastrier\n|-end|p1a: Glastrier|Substitute\n|move|p1a: Glastrier|Icicle Crash|p2a: Mandibuzz\n|-supereffective|p2a: Mandibuzz\n|-damage|p2a: Mandibuzz|37\/100\n|\n|-heal|p1a: Glastrier|53\/100 tox|[from] item: Leftovers\n|-damage|p1a: Glastrier|28\/100 tox|[from] psn\n|upkeep\n|turn|18\n|\n|t:|1699091977\n|switch|p1a: Alomomola|Alomomola, M|73\/100 brn\n|move|p2a: Mandibuzz|Foul Play|p1a: Alomomola\n|-crit|p1a: Alomomola\n|-damage|p1a: Alomomola|54\/100 brn\n|-damage|p2a: Mandibuzz|20\/100|[from] item: Rocky Helmet|[of] p1a: Alomomola\n|\n|-damage|p1a: Alomomola|48\/100 brn|[from] brn\n|upkeep\n|turn|19\n|\n|t:|1699091979\n|move|p2a: Mandibuzz|Roost|p2a: Mandibuzz\n|-heal|p2a: Mandibuzz|70\/100\n|-singleturn|p2a: Mandibuzz|move: Roost\n|move|p1a: Alomomola|Scald|p2a: Mandibuzz\n|-damage|p2a: Mandibuzz|58\/100\n|\n|-damage|p1a: Alomomola|42\/100 brn|[from] brn\n|upkeep\n|turn|20\n|\n|t:|1699091983\n|move|p2a: Mandibuzz|Roost|p2a: Mandibuzz\n|-heal|p2a: Mandibuzz|100\/100\n|-singleturn|p2a: Mandibuzz|move: Roost\n|move|p1a: Alomomola|Wish|p1a: Alomomola\n|\n|-damage|p1a: Alomomola|36\/100 brn|[from] brn\n|upkeep\n|turn|21\n|\n|t:|1699091988\n|switch|p2a: Corsola|Corsola-Galar, F|50\/100\n|move|p1a: Alomomola|Protect||[still]\n|-fail|p1a: Alomomola\n|\n|-heal|p1a: Alomomola|86\/100 brn|[from] move: Wish|[wisher] Alomomola\n|-damage|p1a: Alomomola|80\/100 brn|[from] brn\n|upkeep\n|turn|22\n|\n|t:|1699091991\n|move|p1a: Alomomola|Wish|p1a: Alomomola\n|move|p2a: Corsola|Strength Sap|p1a: Alomomola\n|-unboost|p1a: Alomomola|atk|1\n|-heal|p2a: Corsola|100\/100\n|\n|-damage|p1a: Alomomola|74\/100 brn|[from] brn\n|upkeep\n|turn|23\n|\n|t:|1699092001\n|switch|p2a: Sableye|Sableye-Mega, F|89\/100\n|move|p1a: Alomomola|Flip Turn|p2a: Sableye\n|-damage|p2a: Sableye|84\/100\n|\n|t:|1699092009\n|switch|p1a: Slowking|Slowking-Galar, F|53\/100 brn|[from] Flip Turn\n|\n|-heal|p1a: Slowking|100\/100 brn|[from] move: Wish|[wisher] Alomomola\n|-damage|p1a: Slowking|94\/100 brn|[from] brn\n|upkeep\n|turn|24\n|\n|t:|1699092018\n|move|p2a: Sableye|Knock Off|p1a: Slowking\n|-supereffective|p1a: Slowking\n|-damage|p1a: Slowking|42\/100 brn\n|-damage|p2a: Sableye|67\/100|[from] item: Rocky Helmet|[of] p1a: Slowking\n|-enditem|p1a: Slowking|Rocky Helmet|[from] move: Knock Off|[of] p2a: Sableye\n|move|p1a: Slowking|Trick Room|p1a: Slowking\n|-fieldstart|move: Trick Room|[of] p1a: Slowking\n|\n|-damage|p1a: Slowking|36\/100 brn|[from] brn\n|upkeep\n|turn|25\n|\n|t:|1699092035\n|move|p2a: Sableye|Recover|p2a: Sableye\n|-heal|p2a: Sableye|100\/100\n|move|p1a: Slowking|Chilly Reception|p1a: Slowking\n|-weather|Snow\n|\n|t:|1699092062\n|switch|p1a: Ampharos|Ampharos, M|100\/100|[from] Chilly Reception\n|\n|-weather|Snow|[upkeep]\n|upkeep\n|turn|26\n|\n|t:|1699092070\n|detailschange|p1a: Ampharos|Ampharos-Mega, M\n|-mega|p1a: Ampharos|Ampharos|Ampharosite\n|-ability|p1a: Ampharos|Mold Breaker\n|move|p2a: Sableye|Will-O-Wisp|p1a: Ampharos\n|-status|p1a: Ampharos|brn\n|move|p1a: Ampharos|Dazzling Gleam|p2a: Sableye\n|-supereffective|p2a: Sableye\n|-damage|p2a: Sableye|44\/100\n|\n|-weather|Snow|[upkeep]\n|-damage|p1a: Ampharos|94\/100 brn|[from] brn\n|upkeep\n|turn|27\n|\n|t:|1699092082\n|move|p2a: Sableye|Recover|p2a: Sableye\n|-heal|p2a: Sableye|94\/100\n|move|p1a: Ampharos|Toxic|p2a: Sableye\n|-status|p2a: Sableye|tox\n|\n|-weather|Snow|[upkeep]\n|-damage|p2a: Sableye|88\/100 tox|[from] psn\n|-damage|p1a: Ampharos|88\/100 brn|[from] brn\n|upkeep\n|turn|28\n|\n|t:|1699092087\n|switch|p2a: Corsola|Corsola-Galar, F|100\/100\n|move|p1a: Ampharos|Thunderbolt|p2a: Corsola\n|-damage|p2a: Corsola|70\/100\n|\n|-weather|Snow|[upkeep]\n|-damage|p1a: Ampharos|82\/100 brn|[from] brn\n|-fieldend|move: Trick Room\n|upkeep\n|turn|29\n|\n|t:|1699092096\n|move|p2a: Corsola|Night Shade|p1a: Ampharos\n|-damage|p1a: Ampharos|56\/100 brn\n|move|p1a: Ampharos|Toxic|p2a: Corsola\n|-status|p2a: Corsola|tox\n|\n|-weather|none\n|-damage|p2a: Corsola|64\/100 tox|[from] psn\n|-damage|p1a: Ampharos|50\/100 brn|[from] brn\n|upkeep\n|turn|30\n|\n|t:|1699092100\n|move|p2a: Corsola|Strength Sap|p1a: Ampharos\n|-unboost|p1a: Ampharos|atk|1\n|-heal|p2a: Corsola|100\/100 tox\n|move|p1a: Ampharos|Volt Switch|p2a: Corsola\n|-damage|p2a: Corsola|75\/100 tox\n|\n|t:|1699092107\n|switch|p1a: Enamorus|Enamorus-Therian, F|100\/100|[from] Volt Switch\n|\n|-damage|p2a: Corsola|62\/100 tox|[from] psn\n|upkeep\n|turn|31\n|\n|t:|1699092111\n|move|p1a: Enamorus|Calm Mind|p1a: Enamorus\n|-boost|p1a: Enamorus|spa|1\n|-boost|p1a: Enamorus|spd|1\n|move|p2a: Corsola|Will-O-Wisp|p1a: Enamorus\n|-status|p1a: Enamorus|brn\n|\n|-damage|p2a: Corsola|44\/100 tox|[from] psn\n|-damage|p1a: Enamorus|94\/100 brn|[from] brn\n|upkeep\n|turn|32\n|\n|t:|1699092115\n|move|p1a: Enamorus|Calm Mind|p1a: Enamorus\n|-boost|p1a: Enamorus|spa|1\n|-boost|p1a: Enamorus|spd|1\n|move|p2a: Corsola|Haze|p2a: Corsola\n|-clearallboost\n|\n|-heal|p1a: Enamorus|100\/100 brn|[from] item: Leftovers\n|-damage|p2a: Corsola|19\/100 tox|[from] psn\n|-damage|p1a: Enamorus|94\/100 brn|[from] brn\n|upkeep\n|turn|33\n|\n|t:|1699092117\n|move|p1a: Enamorus|Calm Mind|p1a: Enamorus\n|-boost|p1a: Enamorus|spa|1\n|-boost|p1a: Enamorus|spd|1\n|move|p2a: Corsola|Strength Sap|p1a: Enamorus\n|-unboost|p1a: Enamorus|atk|1\n|-heal|p2a: Corsola|84\/100 tox\n|\n|-heal|p1a: Enamorus|100\/100 brn|[from] item: Leftovers\n|-damage|p2a: Corsola|53\/100 tox|[from] psn\n|-damage|p1a: Enamorus|94\/100 brn|[from] brn\n|upkeep\n|turn|34\n|\n|t:|1699092120\n|move|p1a: Enamorus|Calm Mind|p1a: Enamorus\n|-boost|p1a: Enamorus|spa|1\n|-boost|p1a: Enamorus|spd|1\n|move|p2a: Corsola|Haze|p2a: Corsola\n|-clearallboost\n|\n|-heal|p1a: Enamorus|100\/100 brn|[from] item: Leftovers\n|-damage|p2a: Corsola|16\/100 tox|[from] psn\n|-damage|p1a: Enamorus|94\/100 brn|[from] brn\n|upkeep\n|turn|35\n|\n|t:|1699092125\n|move|p1a: Enamorus|Calm Mind|p1a: Enamorus\n|-boost|p1a: Enamorus|spa|1\n|-boost|p1a: Enamorus|spd|1\n|move|p2a: Corsola|Strength Sap|p1a: Enamorus\n|-unboost|p1a: Enamorus|atk|1\n|-heal|p2a: Corsola|81\/100 tox\n|\n|-heal|p1a: Enamorus|100\/100 brn|[from] item: Leftovers\n|-damage|p2a: Corsola|38\/100 tox|[from] psn\n|-damage|p1a: Enamorus|94\/100 brn|[from] brn\n|upkeep\n|turn|36\n|\n|t:|1699092128\n|move|p1a: Enamorus|Draining Kiss|p2a: Corsola\n|-damage|p2a: Corsola|17\/100 tox\n|-heal|p1a: Enamorus|100\/100 brn|[from] drain|[of] p2a: Corsola\n|move|p2a: Corsola|Haze|p2a: Corsola\n|-clearallboost\n|\n|-damage|p2a: Corsola|0 fnt|[from] psn\n|faint|p2a: Corsola\n|-damage|p1a: Enamorus|94\/100 brn|[from] brn\n|upkeep\n|\n|t:|1699092134\n|switch|p2a: Golurk|Golurk|100\/100\n|turn|37\n|\n|t:|1699092141\n|move|p2a: Golurk|Stone Edge|p1a: Enamorus\n|-supereffective|p1a: Enamorus\n|-damage|p1a: Enamorus|28\/100 brn\n|move|p1a: Enamorus|Calm Mind|p1a: Enamorus\n|-boost|p1a: Enamorus|spa|1\n|-boost|p1a: Enamorus|spd|1\n|\n|-heal|p1a: Enamorus|35\/100 brn|[from] item: Leftovers\n|-damage|p1a: Enamorus|28\/100 brn|[from] brn\n|upkeep\n|turn|38\n|\n|t:|1699092145\n|switch|p1a: Alomomola|Alomomola, M|100\/100 brn\n|move|p2a: Golurk|Stone Edge|p1a: Alomomola\n|-damage|p1a: Alomomola|83\/100 brn\n|\n|-damage|p1a: Alomomola|76\/100 brn|[from] brn\n|upkeep\n|turn|39\n|\n|t:|1699092154\n|switch|p2a: Sableye|Sableye-Mega, F|88\/100 tox\n|move|p1a: Alomomola|Wish|p1a: Alomomola\n|\n|-damage|p2a: Sableye|82\/100 tox|[from] psn\n|-damage|p1a: Alomomola|70\/100 brn|[from] brn\n|upkeep\n|turn|40\n|\n|t:|1699092159\n|move|p1a: Alomomola|Flip Turn|p2a: Sableye\n|-damage|p2a: Sableye|75\/100 tox\n|\n|t:|1699092164\n|switch|p1a: Enamorus|Enamorus-Therian, F|28\/100 brn|[from] Flip Turn\n|move|p2a: Sableye|Knock Off|p1a: Enamorus\n|-resisted|p1a: Enamorus\n|-damage|p1a: Enamorus|16\/100 brn\n|-enditem|p1a: Enamorus|Leftovers|[from] move: Knock Off|[of] p2a: Sableye\n|\n|-heal|p1a: Enamorus|92\/100 brn|[from] move: Wish|[wisher] Alomomola\n|-damage|p2a: Sableye|63\/100 tox|[from] psn\n|-damage|p1a: Enamorus|85\/100 brn|[from] brn\n|upkeep\n|turn|41\n|\n|t:|1699092169\n|switch|p2a: Golurk|Golurk|100\/100\n|move|p1a: Enamorus|Calm Mind|p1a: Enamorus\n|-boost|p1a: Enamorus|spa|1\n|-boost|p1a: Enamorus|spd|1\n|\n|-damage|p1a: Enamorus|79\/100 brn|[from] brn\n|upkeep\n|turn|42\n|\n|t:|1699092180\n|move|p2a: Golurk|Stone Edge|p1a: Enamorus\n|-supereffective|p1a: Enamorus\n|-damage|p1a: Enamorus|12\/100 brn\n|move|p1a: Enamorus|Draining Kiss|p2a: Golurk\n|-damage|p2a: Golurk|46\/100\n|-heal|p1a: Enamorus|49\/100 brn|[from] drain|[of] p2a: Golurk\n|\n|-heal|p2a: Golurk|52\/100|[from] item: Leftovers\n|-damage|p1a: Enamorus|43\/100 brn|[from] brn\n|upkeep\n|turn|43\n|\n|t:|1699092190\n|-terastallize|p1a: Enamorus|Steel\n|move|p2a: Golurk|Poltergeist||[still]\n|-fail|p2a: Golurk\n|move|p1a: Enamorus|Draining Kiss|p2a: Golurk\n|-damage|p2a: Golurk|0 fnt\n|-heal|p1a: Enamorus|78\/100 brn|[from] drain|[of] p2a: Golurk\n|faint|p2a: Golurk\n|\n|-damage|p1a: Enamorus|72\/100 brn|[from] brn\n|upkeep\n|c|\u2606XX_1nfinity_XX|thought you would go alomomola\n|\n|t:|1699092209\n|switch|p2a: Skeledirge|Skeledirge, F|88\/100 tox\n|turn|44\n|\n|t:|1699092214\n|move|p2a: Skeledirge|Torch Song|p1a: Enamorus\n|-supereffective|p1a: Enamorus\n|-damage|p1a: Enamorus|15\/100 brn\n|-boost|p2a: Skeledirge|spa|1\n|move|p1a: Enamorus|Earth Power|p2a: Skeledirge\n|-supereffective|p2a: Skeledirge\n|-damage|p2a: Skeledirge|38\/100 tox\n|\n|-damage|p2a: Skeledirge|32\/100 tox|[from] psn\n|-damage|p1a: Enamorus|9\/100 brn|[from] brn\n|upkeep\n|turn|45\n|\n|t:|1699092224\n|switch|p1a: Alomomola|Alomomola, M|100\/100 brn\n|-terastallize|p2a: Skeledirge|Fairy\n|move|p2a: Skeledirge|Slack Off|p2a: Skeledirge\n|-heal|p2a: Skeledirge|82\/100 tox\n|\n|-damage|p2a: Skeledirge|70\/100 tox|[from] psn\n|-damage|p1a: Alomomola|94\/100 brn|[from] brn\n|upkeep\n|turn|46\n|c|\u2606XX_1nfinity_XX|i can spam hex and win\n|\n|t:|1699092235\n|move|p2a: Skeledirge|Hex|p1a: Alomomola\n|-damage|p1a: Alomomola|4\/100 brn\n|move|p1a: Alomomola|Wish|p1a: Alomomola\n|\n|-damage|p2a: Skeledirge|52\/100 tox|[from] psn\n|-damage|p1a: Alomomola|0 fnt|[from] brn\n|faint|p1a: Alomomola\n|upkeep\n|\n|t:|1699092242\n|switch|p1a: Ferrothorn|Ferrothorn, M|53\/100 brn\n|turn|47\n|\n|t:|1699092245\n|move|p1a: Ferrothorn|Protect|p1a: Ferrothorn\n|-singleturn|p1a: Ferrothorn|Protect\n|move|p2a: Skeledirge|Torch Song|p1a: Ferrothorn\n|-activate|p1a: Ferrothorn|move: Protect\n|\n|-heal|p1a: Ferrothorn|100\/100 brn|[from] move: Wish|[wisher] Alomomola\n|-damage|p2a: Skeledirge|28\/100 tox|[from] psn\n|-damage|p1a: Ferrothorn|94\/100 brn|[from] brn\n|upkeep\n|turn|48\n|\n|t:|1699092253\n|move|p2a: Skeledirge|Slack Off|p2a: Skeledirge\n|-heal|p2a: Skeledirge|78\/100 tox\n|move|p1a: Ferrothorn|Gyro Ball|p2a: Skeledirge\n|-supereffective|p2a: Skeledirge\n|-damage|p2a: Skeledirge|51\/100 tox\n|\n|-damage|p2a: Skeledirge|21\/100 tox|[from] psn\n|-damage|p1a: Ferrothorn|88\/100 brn|[from] brn\n|upkeep\n|turn|49\n|c|\u2606XX_1nfinity_XX|rood\n|\n|t:|1699092259\n|move|p1a: Ferrothorn|Protect|p1a: Ferrothorn\n|-singleturn|p1a: Ferrothorn|Protect\n|move|p2a: Skeledirge|Slack Off|p2a: Skeledirge\n|-heal|p2a: Skeledirge|71\/100 tox\n|\n|-damage|p2a: Skeledirge|34\/100 tox|[from] psn\n|-damage|p1a: Ferrothorn|82\/100 brn|[from] brn\n|upkeep\n|turn|50\n|\n|t:|1699092264\n|move|p2a: Skeledirge|Torch Song|p1a: Ferrothorn\n|-supereffective|p1a: Ferrothorn\n|-damage|p1a: Ferrothorn|0 fnt\n|-boost|p2a: Skeledirge|spa|1\n|faint|p1a: Ferrothorn\n|\n|-damage|p2a: Skeledirge|0 fnt|[from] psn\n|faint|p2a: Skeledirge\n|upkeep\n|\n|t:|1699092272\n|switch|p2a: Flutter Mane|Flutter Mane|100\/100\n|switch|p1a: Slowking|Slowking-Galar, F|70\/100 brn\n|turn|51\n|\n|t:|1699092275\n|move|p2a: Flutter Mane|Substitute|p2a: Flutter Mane\n|-start|p2a: Flutter Mane|Substitute\n|-damage|p2a: Flutter Mane|76\/100\n|move|p1a: Slowking|Trick Room|p1a: Slowking\n|-fieldstart|move: Trick Room|[of] p1a: Slowking\n|\n|-damage|p1a: Slowking|64\/100 brn|[from] brn\n|upkeep\n|turn|52\n|\n|t:|1699092278\n|move|p1a: Slowking|Shadow Ball|p2a: Flutter Mane\n|-supereffective|p2a: Flutter Mane\n|-end|p2a: Flutter Mane|Substitute\n|move|p2a: Flutter Mane|Shadow Ball|p1a: Slowking\n|-supereffective|p1a: Slowking\n|-damage|p1a: Slowking|4\/100 brn\n|\n|-damage|p1a: Slowking|0 fnt|[from] brn\n|faint|p1a: Slowking\n|upkeep\n|\n|t:|1699092287\n|switch|p1a: Glastrier|Glastrier|28\/100 tox\n|turn|53\n|\n|t:|1699092293\n|-end|p2a: Flutter Mane|Protosynthesis|[silent]\n|switch|p2a: Sableye|Sableye-Mega, F|63\/100 tox\n|move|p1a: Glastrier|Icicle Crash|p2a: Sableye\n|-damage|p2a: Sableye|13\/100 tox\n|\n|-heal|p1a: Glastrier|34\/100 tox|[from] item: Leftovers\n|-damage|p1a: Glastrier|28\/100 tox|[from] psn\n|-damage|p2a: Sableye|7\/100 tox|[from] psn\n|upkeep\n|turn|54\n|\n|t:|1699092298\n|move|p1a: Glastrier|Icicle Crash|p2a: Sableye\n|-damage|p2a: Sableye|0 fnt\n|faint|p2a: Sableye\n|-ability|p1a: Glastrier|Chilling Neigh|boost\n|-boost|p1a: Glastrier|atk|1\n|\n|-heal|p1a: Glastrier|34\/100 tox|[from] item: Leftovers\n|-damage|p1a: Glastrier|22\/100 tox|[from] psn\n|upkeep\n|\n|t:|1699092301\n|switch|p2a: Mandibuzz|Mandibuzz, F|100\/100\n|turn|55\n|\n|t:|1699092304\n|move|p1a: Glastrier|Icicle Crash|p2a: Mandibuzz|[miss]\n|-miss|p1a: Glastrier|p2a: Mandibuzz\n|move|p2a: Mandibuzz|Roost||[still]\n|-fail|p2a: Mandibuzz|heal\n|\n|-heal|p1a: Glastrier|28\/100 tox|[from] item: Leftovers\n|-damage|p1a: Glastrier|9\/100 tox|[from] psn\n|-fieldend|move: Trick Room\n|upkeep\n|turn|56\n|\n|t:|1699092308\n|move|p2a: Mandibuzz|Foul Play|p1a: Glastrier\n|-damage|p1a: Glastrier|0 fnt\n|faint|p1a: Glastrier\n|\n|upkeep\n|\n|t:|1699092310\n|switch|p1a: Ampharos|Ampharos-Mega, M|50\/100 brn\n|-ability|p1a: Ampharos|Mold Breaker\n|turn|57\n|\n|t:|1699092313\n|move|p2a: Mandibuzz|Foul Play|p1a: Ampharos\n|-damage|p1a: Ampharos|27\/100 brn\n|move|p1a: Ampharos|Thunderbolt|p2a: Mandibuzz\n|-supereffective|p2a: Mandibuzz\n|-damage|p2a: Mandibuzz|0 fnt\n|faint|p2a: Mandibuzz\n|\n|-damage|p1a: Ampharos|21\/100 brn|[from] brn\n|upkeep\n|\n|t:|1699092318\n|switch|p2a: Flutter Mane|Flutter Mane|76\/100\n|turn|58\n|c|\u2606XX_1nfinity_XX|ggs\n|\n|t:|1699092333\n|move|p2a: Flutter Mane|Moonblast|p1a: Ampharos\n|-supereffective|p1a: Ampharos\n|-damage|p1a: Ampharos|0 fnt\n|faint|p1a: Ampharos\n|\n|upkeep\n|\n|t:|1699092334\n|switch|p1a: Enamorus|Enamorus-Therian, F, tera:Steel|9\/100 brn\n|turn|59\n|\n|t:|1699092337\n|-zpower|p2a: Flutter Mane\n|move|p2a: Flutter Mane|Twinkle Tackle|p1a: Enamorus|[zeffect]\n|-resisted|p1a: Enamorus\n|-damage|p1a: Enamorus|0 fnt\n|faint|p1a: Enamorus\n|\n|win|XX_1nfinity_XX\n","uploadtime":1699092341,"views":6,"p1id":"yuinna","p2id":"xx1nfinityxx","formatid":"gen9nationaldexubers","rating":0,"private":0,"password":""}