{"id":"gen9nationaldexubers-2000494459","p1":"chiferito","p2":"Attano_from_Johto","format":"[Gen 9] National Dex Ubers","log":"|j|\u2606chiferito\n|j|\u2606Attano_from_Johto\n|t:|1701199538\n|gametype|singles\n|player|p1|chiferito|1|1169\n|player|p2|Attano_from_Johto|sage|1079\n|teamsize|p1|6\n|teamsize|p2|6\n|gen|9\n|tier|[Gen 9] National Dex Ubers\n|rated|\n|rule|HP Percentage Mod: HP is shown in percentages\n|rule|Endless Battle Clause: Forcing endless battles is banned\n|rule|OHKO Clause: OHKO moves are banned\n|rule|Evasion Moves Clause: Evasion moves are banned\n|rule|Evasion Items Clause: Evasion items are banned\n|rule|Species Clause: Limit one of each Pok\u00e9mon\n|rule|Sleep Clause Mod: Limit one foe put to sleep\n|rule|Mega Rayquaza Clause: You cannot mega evolve Rayquaza\n|clearpoke\n|poke|p1|Garchomp, M|\n|poke|p1|Hippowdon, F|\n|poke|p1|Excadrill, F|\n|poke|p1|Gastrodon, F|\n|poke|p1|Mamoswine, F|\n|poke|p1|Landorus-Therian, M|\n|poke|p2|Zygarde|\n|poke|p2|Cyclizar, F|\n|poke|p2|Venusaur, M|\n|poke|p2|Dedenne, F|\n|poke|p2|Glimmora, M|\n|poke|p2|Ho-Oh|\n|teampreview\n|\n|t:|1701199556\n|start\n|switch|p1a: Hippowdon|Hippowdon, F|100\/100\n|switch|p2a: Glimmora|Glimmora, M|100\/100\n|-weather|Sandstorm|[from] ability: Sand Stream|[of] p1a: Hippowdon\n|turn|1\n|\n|t:|1701199562\n|move|p2a: Glimmora|Mortal Spin|p1a: Hippowdon\n|-resisted|p1a: Hippowdon\n|-damage|p1a: Hippowdon|98\/100\n|-status|p1a: Hippowdon|psn\n|move|p1a: Hippowdon|Stealth Rock|p2a: Glimmora\n|-sidestart|p2: Attano_from_Johto|move: Stealth Rock\n|\n|-weather|Sandstorm|[upkeep]\n|-heal|p1a: Hippowdon|100\/100 psn|[from] item: Leftovers\n|-damage|p1a: Hippowdon|88\/100 psn|[from] psn\n|upkeep\n|turn|2\n|\n|t:|1701199570\n|move|p2a: Glimmora|Mortal Spin|p1a: Hippowdon\n|-resisted|p1a: Hippowdon\n|-damage|p1a: Hippowdon|86\/100 psn\n|-sideend|p2: Attano_from_Johto|Stealth Rock|[from] move: Mortal Spin|[of] p2a: Glimmora\n|move|p1a: Hippowdon|Whirlwind|p2a: Glimmora\n|drag|p2a: Zygarde|Zygarde, shiny|100\/100\n|\n|-weather|Sandstorm|[upkeep]\n|-heal|p1a: Hippowdon|92\/100 psn|[from] item: Leftovers\n|-damage|p1a: Hippowdon|80\/100 psn|[from] psn\n|upkeep\n|turn|3\n|\n|t:|1701199579\n|move|p2a: Zygarde|Dragon Dance|p2a: Zygarde\n|-boost|p2a: Zygarde|atk|1\n|-boost|p2a: Zygarde|spe|1\n|move|p1a: Hippowdon|Stealth Rock|p2a: Zygarde\n|-sidestart|p2: Attano_from_Johto|move: Stealth Rock\n|\n|-weather|Sandstorm|[upkeep]\n|-heal|p1a: Hippowdon|86\/100 psn|[from] item: Leftovers\n|-damage|p1a: Hippowdon|74\/100 psn|[from] psn\n|upkeep\n|turn|4\n|\n|t:|1701199587\n|move|p2a: Zygarde|Scale Shot|p1a: Hippowdon\n|-damage|p1a: Hippowdon|62\/100 psn\n|-damage|p1a: Hippowdon|49\/100 psn\n|-hitcount|p1a: Hippowdon|2\n|-unboost|p2a: Zygarde|def|1\n|-boost|p2a: Zygarde|spe|1\n|move|p1a: Hippowdon|Whirlwind|p2a: Zygarde\n|drag|p2a: Cyclizar|Cyclizar, F|100\/100\n|\n|-weather|Sandstorm|[upkeep]\n|-damage|p2a: Cyclizar|94\/100|[from] Sandstorm\n|-heal|p1a: Hippowdon|56\/100 psn|[from] item: Leftovers\n|-damage|p1a: Hippowdon|43\/100 psn|[from] psn\n|upkeep\n|turn|5\n|\n|t:|1701199605\n|switch|p1a: Landorus|Landorus-Therian, M|100\/100\n|-ability|p1a: Landorus|Intimidate|boost\n|-unboost|p2a: Cyclizar|atk|1\n|move|p2a: Cyclizar|Ice Spinner|p1a: Landorus\n|-supereffective|p1a: Landorus\n|-damage|p1a: Landorus|43\/100\n|\n|-weather|none\n|-heal|p1a: Landorus|49\/100|[from] item: Leftovers\n|upkeep\n|turn|6\n|\n|t:|1701199626\n|move|p2a: Cyclizar|Ice Spinner|p1a: Landorus\n|-supereffective|p1a: Landorus\n|-damage|p1a: Landorus|0 fnt\n|faint|p1a: Landorus\n|\n|upkeep\n|\n|t:|1701199629\n|switch|p1a: Excadrill|Excadrill, F|100\/100\n|turn|7\n|\n|t:|1701199638\n|move|p2a: Cyclizar|Shed Tail|p2a: Cyclizar\n|-start|p2a: Cyclizar|Substitute|[from] move: Shed Tail\n|-damage|p2a: Cyclizar|44\/100\n|\n|t:|1701199646\n|switch|p2a: Zygarde|Zygarde, shiny|100\/100|[from] Shed Tail\n|-damage|p2a: Zygarde|94\/100|[from] Stealth Rock\n|move|p1a: Excadrill|Rapid Spin|p2a: Zygarde\n|-activate|p2a: Zygarde|move: Substitute|[damage]\n|-boost|p1a: Excadrill|spe|1\n|\n|-heal|p2a: Zygarde|100\/100|[from] item: Leftovers\n|upkeep\n|turn|8\n|\n|t:|1701199659\n|move|p1a: Excadrill|Earthquake|p2a: Zygarde\n|-end|p2a: Zygarde|Substitute\n|move|p2a: Zygarde|Dragon Dance|p2a: Zygarde\n|-boost|p2a: Zygarde|atk|1\n|-boost|p2a: Zygarde|spe|1\n|\n|upkeep\n|turn|9\n|\n|t:|1701199666\n|-terastallize|p2a: Zygarde|Water\n|move|p1a: Excadrill|Earthquake|p2a: Zygarde\n|-damage|p2a: Zygarde|65\/100\n|move|p2a: Zygarde|Thousand Arrows|p1a: Excadrill\n|-supereffective|p1a: Excadrill\n|-damage|p1a: Excadrill|0 fnt\n|faint|p1a: Excadrill\n|\n|-heal|p2a: Zygarde|71\/100|[from] item: Leftovers\n|upkeep\n|\n|t:|1701199672\n|switch|p1a: Garchomp|Garchomp, M|100\/100\n|turn|10\n|\n|t:|1701199678\n|detailschange|p1a: Garchomp|Garchomp-Mega, M\n|-mega|p1a: Garchomp|Garchomp|Garchompite\n|move|p2a: Zygarde|Protect|p2a: Zygarde\n|-singleturn|p2a: Zygarde|Protect\n|move|p1a: Garchomp|Scale Shot|p2a: Zygarde\n|-activate|p2a: Zygarde|move: Protect\n|\n|-heal|p2a: Zygarde|78\/100|[from] item: Leftovers\n|upkeep\n|turn|11\n|\n|t:|1701199699\n|move|p2a: Zygarde|Scale Shot|p1a: Garchomp\n|-supereffective|p1a: Garchomp\n|-damage|p1a: Garchomp|70\/100\n|-supereffective|p1a: Garchomp\n|-damage|p1a: Garchomp|44\/100\n|-supereffective|p1a: Garchomp\n|-damage|p1a: Garchomp|17\/100\n|-hitcount|p1a: Garchomp|3\n|-unboost|p2a: Zygarde|def|1\n|-boost|p2a: Zygarde|spe|1\n|move|p1a: Garchomp|Scale Shot|p2a: Zygarde\n|-damage|p2a: Zygarde|61\/100\n|-damage|p2a: Zygarde|45\/100\n|-hitcount|p2a: Zygarde|2\n|-unboost|p1a: Garchomp|def|1\n|-boost|p1a: Garchomp|spe|1\n|\n|-heal|p2a: Zygarde|52\/100|[from] item: Leftovers\n|upkeep\n|turn|12\n|\n|t:|1701199719\n|move|p1a: Garchomp|Scale Shot|p2a: Zygarde\n|-damage|p2a: Zygarde|35\/100\n|-damage|p2a: Zygarde|18\/100\n|-damage|p2a: Zygarde|3\/100\n|-hitcount|p2a: Zygarde|3\n|-unboost|p1a: Garchomp|def|1\n|-boost|p1a: Garchomp|spe|1\n|move|p2a: Zygarde|Thousand Arrows|p1a: Garchomp\n|-damage|p1a: Garchomp|0 fnt\n|faint|p1a: Garchomp\n|\n|-heal|p2a: Zygarde|9\/100|[from] item: Leftovers\n|-activate|p2a: Zygarde|ability: Power Construct\n|detailschange|p2a: Zygarde|Zygarde-Complete, shiny, tera:Water\n|-heal|p2a: Zygarde|44\/100|[silent]\n|upkeep\n|\n|t:|1701199728\n|switch|p1a: Mamoswine|Mamoswine, F|100\/100\n|turn|13\n|\n|t:|1701199746\n|move|p2a: Zygarde|Thousand Arrows|p1a: Mamoswine\n|-damage|p1a: Mamoswine|39\/100\n|move|p1a: Mamoswine|Knock Off|p2a: Zygarde\n|-damage|p2a: Zygarde|18\/100\n|-enditem|p2a: Zygarde|Leftovers|[from] move: Knock Off|[of] p1a: Mamoswine\n|-damage|p1a: Mamoswine|29\/100|[from] item: Life Orb\n|\n|upkeep\n|turn|14\n|-message|chiferito forfeited.\n|\n|win|Attano_from_Johto\n|raw|chiferito's rating: 1169 &rarr; <strong>1138<\/strong><br \/>(-31 for losing)\n|raw|Attano_from_Johto's rating: 1079 &rarr; <strong>1114<\/strong><br \/>(+35 for winning)\n|l|\u2606chiferito\n","uploadtime":1701199757,"views":0,"p1id":"chiferito","p2id":"attanofromjohto","formatid":"gen9nationaldexubers","rating":1114,"private":0,"password":""}