{"id":"gen9nationaldexubers-1993114615","p1":"BriefStar","p2":"tbor2002","format":"[Gen 9] National Dex Ubers","log":"|j|\u2606BriefStar\n|j|\u2606tbor2002\n|t:|1700266468\n|gametype|singles\n|player|p1|BriefStar|benga|\n|player|p2|tbor2002|wattson|\n|teamsize|p1|6\n|teamsize|p2|6\n|gen|9\n|tier|[Gen 9] National Dex Ubers\n|rule|HP Percentage Mod: HP is shown in percentages\n|rule|Endless Battle Clause: Forcing endless battles is banned\n|rule|OHKO Clause: OHKO moves are banned\n|rule|Evasion Moves Clause: Evasion moves are banned\n|rule|Evasion Items Clause: Evasion items are banned\n|rule|Species Clause: Limit one of each Pok\u00e9mon\n|rule|Sleep Clause Mod: Limit one foe put to sleep\n|rule|Mega Rayquaza Clause: You cannot mega evolve Rayquaza\n|clearpoke\n|poke|p1|Baxcalibur, F|\n|poke|p1|Tinkaton, F|\n|poke|p1|Bellibolt, M|\n|poke|p1|Raichu, F|\n|poke|p1|Charizard, F|\n|poke|p1|Fraxure, M|\n|poke|p2|Zamazenta-*|\n|poke|p2|Muk-Alola, M|\n|poke|p2|Jolteon, M|\n|poke|p2|Eelektross, F|\n|poke|p2|Crabominable, F|\n|poke|p2|Glimmet, F|\n|teampreview\n|\n|t:|1700266482\n|start\n|switch|p1a: Raichu|Raichu, F|100\/100\n|switch|p2a: Eelektross|Eelektross, F|100\/100\n|turn|1\n|\n|t:|1700266491\n|move|p1a: Raichu|Volt Switch|p2a: Eelektross\n|-resisted|p2a: Eelektross\n|-damage|p2a: Eelektross|95\/100\n|\n|t:|1700266495\n|switch|p1a: Megaton|Tinkaton, F|100\/100|[from] Volt Switch\n|-ability|p1a: Megaton|Mold Breaker\n|move|p2a: Eelektross|Dragon Tail|p1a: Megaton\n|-immune|p1a: Megaton\n|\n|upkeep\n|turn|2\n|\n|t:|1700266506\n|switch|p2a: Glimmet|Glimmet, F|100\/100\n|move|p1a: Megaton|Gigaton Hammer|p2a: Glimmet\n|-supereffective|p2a: Glimmet\n|-enditem|p2a: Glimmet|Focus Sash\n|-damage|p2a: Glimmet|1\/100\n|-activate|p2a: Glimmet|ability: Toxic Debris\n|-sidestart|p1: BriefStar|move: Toxic Spikes\n|\n|upkeep\n|turn|3\n|\n|t:|1700266517\n|move|p2a: Glimmet|Stealth Rock|p1a: Megaton\n|-sidestart|p1: BriefStar|move: Stealth Rock\n|move|p1a: Megaton|Knock Off|p2a: Glimmet\n|-damage|p2a: Glimmet|0 fnt\n|-activate|p2a: Glimmet|ability: Toxic Debris\n|-sidestart|p1: BriefStar|move: Toxic Spikes\n|faint|p2a: Glimmet\n|\n|upkeep\n|\n|t:|1700266568\n|switch|p2a: Crabominable|Crabominable, F|100\/100\n|turn|4\n|\n|t:|1700266657\n|switch|p1a: Charizard|Charizard, F, shiny|100\/100\n|switch|p2a: Muk|Muk-Alola, M|100\/100\n|\n|upkeep\n|turn|5\n|\n|t:|1700266667\n|-terastallize|p1a: Charizard|Steel\n|move|p1a: Charizard|Will-O-Wisp|p2a: Muk\n|-status|p2a: Muk|brn\n|move|p2a: Muk|Knock Off|p1a: Charizard\n|-damage|p1a: Charizard|70\/100\n|-enditem|p1a: Charizard|Heavy-Duty Boots|[from] move: Knock Off|[of] p2a: Muk\n|\n|-damage|p2a: Muk|94\/100 brn|[from] brn\n|upkeep\n|turn|6\n|\n|t:|1700266677\n|move|p1a: Charizard|Flamethrower|p2a: Muk\n|-damage|p2a: Muk|67\/100 brn\n|move|p2a: Muk|Brick Break|p1a: Charizard\n|-supereffective|p1a: Charizard\n|-damage|p1a: Charizard|37\/100\n|\n|-damage|p2a: Muk|61\/100 brn|[from] brn\n|upkeep\n|turn|7\n|\n|t:|1700266685\n|move|p1a: Charizard|Flamethrower|p2a: Muk\n|-damage|p2a: Muk|33\/100 brn\n|move|p2a: Muk|Brick Break|p1a: Charizard\n|-supereffective|p1a: Charizard\n|-damage|p1a: Charizard|0 fnt\n|faint|p1a: Charizard\n|\n|-damage|p2a: Muk|27\/100 brn|[from] brn\n|upkeep\n|\n|t:|1700266700\n|switch|p1a: Hey There|Fraxure, M|100\/100\n|-status|p1a: Hey There|tox\n|-damage|p1a: Hey There|88\/100 tox|[from] Stealth Rock\n|-ability|p1a: Hey There|Mold Breaker\n|turn|8\n|\n|t:|1700266708\n|move|p1a: Hey There|Dragon Dance|p1a: Hey There\n|-boost|p1a: Hey There|atk|1\n|-boost|p1a: Hey There|spe|1\n|move|p2a: Muk|Knock Off|p1a: Hey There\n|-damage|p1a: Hey There|63\/100 tox\n|-enditem|p1a: Hey There|Eviolite|[from] move: Knock Off|[of] p2a: Muk\n|\n|-damage|p1a: Hey There|57\/100 tox|[from] psn\n|-damage|p2a: Muk|21\/100 brn|[from] brn\n|upkeep\n|turn|9\n|\n|t:|1700266717\n|move|p1a: Hey There|Stomping Tantrum|p2a: Muk\n|-supereffective|p2a: Muk\n|-damage|p2a: Muk|0 fnt\n|faint|p2a: Muk\n|\n|-damage|p1a: Hey There|44\/100 tox|[from] psn\n|upkeep\n|\n|t:|1700266763\n|switch|p2a: Eelektross|Eelektross, F|95\/100\n|turn|10\n|\n|t:|1700266810\n|-terastallize|p2a: Eelektross|Steel\n|move|p1a: Hey There|Outrage|p2a: Eelektross\n|-resisted|p2a: Eelektross\n|-damage|p2a: Eelektross|46\/100\n|move|p2a: Eelektross|Dragon Tail|p1a: Hey There\n|-supereffective|p1a: Hey There\n|-damage|p1a: Hey There|0 fnt\n|faint|p1a: Hey There\n|\n|upkeep\n|\n|t:|1700266850\n|switch|p1a: Megaton|Tinkaton, F|100\/100\n|-damage|p1a: Megaton|94\/100|[from] Stealth Rock\n|-ability|p1a: Megaton|Mold Breaker\n|turn|11\n|\n|t:|1700266885\n|switch|p2a: Zamazenta|Zamazenta, shiny|100\/100\n|-ability|p2a: Zamazenta|Dauntless Shield|boost\n|-boost|p2a: Zamazenta|def|1\n|move|p1a: Megaton|Knock Off|p2a: Zamazenta\n|-resisted|p2a: Zamazenta\n|-damage|p2a: Zamazenta|95\/100\n|-enditem|p2a: Zamazenta|Leftovers|[from] move: Knock Off|[of] p1a: Megaton\n|\n|upkeep\n|turn|12\n|\n|t:|1700266896\n|switch|p1a: Raichu|Raichu, F|100\/100\n|-status|p1a: Raichu|tox\n|-damage|p1a: Raichu|88\/100 tox|[from] Stealth Rock\n|move|p2a: Zamazenta|Body Press|p1a: Raichu\n|-damage|p1a: Raichu|2\/100 tox\n|\n|-damage|p1a: Raichu|0 fnt|[from] psn\n|faint|p1a: Raichu\n|upkeep\n|\n|t:|1700266905\n|switch|p1a: Get in MY BELLY|Bellibolt, M|100\/100\n|-status|p1a: Get in MY BELLY|tox\n|-damage|p1a: Get in MY BELLY|88\/100 tox|[from] Stealth Rock\n|turn|13\n|\n|t:|1700266914\n|move|p2a: Zamazenta|Iron Defense|p2a: Zamazenta\n|-boost|p2a: Zamazenta|def|2\n|move|p1a: Get in MY BELLY|Acid Spray|p2a: Zamazenta\n|-damage|p2a: Zamazenta|87\/100\n|-unboost|p2a: Zamazenta|spd|2\n|\n|-heal|p1a: Get in MY BELLY|94\/100 tox|[from] item: Leftovers\n|-damage|p1a: Get in MY BELLY|88\/100 tox|[from] psn\n|upkeep\n|turn|14\n|\n|t:|1700266924\n|move|p2a: Zamazenta|Body Press|p1a: Get in MY BELLY\n|-damage|p1a: Get in MY BELLY|40\/100 tox\n|-start|p1a: Get in MY BELLY|Charge|Body Press|[from] ability: Electromorphosis\n|move|p1a: Get in MY BELLY|Volt Switch|p2a: Zamazenta\n|-damage|p2a: Zamazenta|9\/100\n|-end|p1a: Get in MY BELLY|Charge|[silent]\n|\n|t:|1700266940\n|switch|p1a: Thy True Name|Baxcalibur, F|100\/100|[from] Volt Switch\n|-status|p1a: Thy True Name|tox\n|-damage|p1a: Thy True Name|76\/100 tox|[from] Stealth Rock\n|\n|-damage|p1a: Thy True Name|70\/100 tox|[from] psn\n|upkeep\n|turn|15\n|\n|t:|1700266953\n|move|p1a: Thy True Name|Ice Shard|p2a: Zamazenta\n|-damage|p2a: Zamazenta|3\/100\n|move|p2a: Zamazenta|Body Press|p1a: Thy True Name\n|-supereffective|p1a: Thy True Name\n|-damage|p1a: Thy True Name|0 fnt\n|faint|p1a: Thy True Name\n|\n|upkeep\n|\n|t:|1700266961\n|switch|p1a: Get in MY BELLY|Bellibolt, M|40\/100 tox\n|-damage|p1a: Get in MY BELLY|28\/100 tox|[from] Stealth Rock\n|turn|16\n|\n|t:|1700266967\n|move|p2a: Zamazenta|Body Press|p1a: Get in MY BELLY\n|-damage|p1a: Get in MY BELLY|0 fnt\n|faint|p1a: Get in MY BELLY\n|\n|upkeep\n|\n|t:|1700266971\n|switch|p1a: Megaton|Tinkaton, F|94\/100\n|-damage|p1a: Megaton|88\/100|[from] Stealth Rock\n|-ability|p1a: Megaton|Mold Breaker\n|turn|17\n|\n|t:|1700266979\n|move|p2a: Zamazenta|Body Press|p1a: Megaton\n|-damage|p1a: Megaton|0 fnt\n|faint|p1a: Megaton\n|\n|win|tbor2002\n","uploadtime":1700266986,"views":9,"p1id":"briefstar","p2id":"tbor2002","formatid":"gen9nationaldexubers","rating":0,"private":0,"password":""}