{"id":"gen9nationaldexubers-1985761469","p1":"HarmTurtle","p2":"Jeffrin","format":"[Gen 9] National Dex Ubers","log":"|j|\u2606HarmTurtle\n|j|\u2606Jeffrin\n|t:|1699403437\n|gametype|singles\n|player|p1|HarmTurtle|carmine-festival|\n|player|p2|Jeffrin|falkner|\n|teamsize|p1|6\n|teamsize|p2|6\n|gen|9\n|tier|[Gen 9] National Dex Ubers\n|rule|HP Percentage Mod: HP is shown in percentages\n|rule|Endless Battle Clause: Forcing endless battles is banned\n|rule|OHKO Clause: OHKO moves are banned\n|rule|Evasion Moves Clause: Evasion moves are banned\n|rule|Evasion Items Clause: Evasion items are banned\n|rule|Species Clause: Limit one of each Pok\u00e9mon\n|rule|Sleep Clause Mod: Limit one foe put to sleep\n|rule|Mega Rayquaza Clause: You cannot mega evolve Rayquaza\n|clearpoke\n|poke|p1|Celesteela|\n|poke|p1|Quaquaval, F|\n|poke|p1|Grimmsnarl, M|\n|poke|p1|Vileplume, F|\n|poke|p1|Exeggutor, M|\n|poke|p1|Hariyama, M|\n|poke|p2|Ludicolo, M|\n|poke|p2|Blacephalon|\n|poke|p2|Bouffalant, M|\n|poke|p2|Oricorio-Pom-Pom, F|\n|poke|p2|Quaquaval, M|\n|poke|p2|Lilligant-Hisui, F|\n|teampreview\n|c|\u2606HarmTurtle|gl hf!\n|c|\u2606Jeffrin|Ditto\n|c|\u2606HarmTurtle|where\n|\n|t:|1699403481\n|start\n|switch|p1a: Grimm Guy|Grimmsnarl, M|100\/100\n|switch|p2a: Ludicolo|Ludicolo, M|100\/100\n|turn|1\n|\n|t:|1699403502\n|move|p1a: Grimm Guy|Taunt|p2a: Ludicolo\n|-start|p2a: Ludicolo|move: Taunt\n|cant|p2a: Ludicolo|move: Taunt|Rain Dance\n|\n|upkeep\n|turn|2\n|\n|t:|1699403511\n|switch|p2a: Bouffalant|Bouffalant, M|100\/100\n|move|p1a: Grimm Guy|Light Screen|p1a: Grimm Guy\n|-sidestart|p1: HarmTurtle|move: Light Screen\n|\n|upkeep\n|turn|3\n|\n|t:|1699403520\n|move|p1a: Grimm Guy|Reflect|p1a: Grimm Guy\n|-sidestart|p1: HarmTurtle|Reflect\n|move|p2a: Bouffalant|Head Charge|p1a: Grimm Guy\n|-damage|p1a: Grimm Guy|71\/100\n|-damage|p2a: Bouffalant|93\/100|[from] Recoil\n|\n|upkeep\n|turn|4\n|\n|t:|1699403526\n|move|p1a: Grimm Guy|Parting Shot|p2a: Bouffalant\n|-fail|p2a: Bouffalant|unboost|[from] item: Clear Amulet|[of] p2a: Bouffalant\n|move|p2a: Bouffalant|Swords Dance|p2a: Bouffalant\n|-boost|p2a: Bouffalant|atk|2\n|\n|upkeep\n|turn|5\n|c|\u2606HarmTurtle|oh shit\n|\n|t:|1699403540\n|move|p1a: Grimm Guy|Taunt|p2a: Bouffalant\n|-start|p2a: Bouffalant|move: Taunt\n|move|p2a: Bouffalant|Head Charge|p1a: Grimm Guy\n|-damage|p1a: Grimm Guy|12\/100\n|-damage|p2a: Bouffalant|77\/100|[from] Recoil\n|\n|upkeep\n|turn|6\n|\n|t:|1699403555\n|switch|p1a: Watermelon|Vileplume, F, shiny|100\/100\n|move|p2a: Bouffalant|High Horsepower|p1a: Watermelon\n|-damage|p1a: Watermelon|79\/100\n|-damage|p2a: Bouffalant|60\/100|[from] item: Rocky Helmet|[of] p1a: Watermelon\n|\n|upkeep\n|turn|7\n|c|\u2606Jeffrin|Wow vileplume is bulky\n|\n|t:|1699403572\n|switch|p2a: Lilligant|Lilligant-Hisui, F|100\/100\n|move|p1a: Watermelon|Toxic|p2a: Lilligant\n|-status|p2a: Lilligant|tox\n|\n|-damage|p2a: Lilligant|94\/100 tox|[from] psn\n|upkeep\n|turn|8\n|c|\u2606HarmTurtle|it's epic :]\n|\n|t:|1699403579\n|move|p2a: Lilligant|Victory Dance|p2a: Lilligant\n|-boost|p2a: Lilligant|atk|1\n|-boost|p2a: Lilligant|def|1\n|-boost|p2a: Lilligant|spe|1\n|move|p1a: Watermelon|Strength Sap|p2a: Lilligant\n|-unboost|p2a: Lilligant|atk|1\n|-heal|p1a: Watermelon|100\/100\n|\n|-damage|p2a: Lilligant|82\/100 tox|[from] psn\n|upkeep\n|turn|9\n|\n|t:|1699403590\n|move|p2a: Lilligant|Acrobatics|p1a: Watermelon\n|-supereffective|p1a: Watermelon\n|-damage|p1a: Watermelon|80\/100\n|-damage|p2a: Lilligant|65\/100 tox|[from] item: Rocky Helmet|[of] p1a: Watermelon\n|move|p1a: Watermelon|Strength Sap|p2a: Lilligant\n|-unboost|p2a: Lilligant|atk|1\n|-heal|p1a: Watermelon|100\/100\n|\n|-damage|p2a: Lilligant|47\/100 tox|[from] psn\n|-sideend|p1: HarmTurtle|move: Light Screen\n|upkeep\n|-enditem|p2a: Lilligant|Sitrus Berry|[eat]\n|-heal|p2a: Lilligant|71\/100 tox|[from] item: Sitrus Berry\n|turn|10\n|\n|t:|1699403605\n|move|p2a: Lilligant|Acrobatics|p1a: Watermelon\n|-supereffective|p1a: Watermelon\n|-damage|p1a: Watermelon|73\/100\n|-damage|p2a: Lilligant|55\/100 tox|[from] item: Rocky Helmet|[of] p1a: Watermelon\n|move|p1a: Watermelon|Toxic|p2a: Lilligant\n|-fail|p2a: Lilligant|tox\n|\n|-damage|p2a: Lilligant|30\/100 tox|[from] psn\n|-sideend|p1: HarmTurtle|Reflect\n|upkeep\n|turn|11\n|\n|t:|1699403613\n|move|p2a: Lilligant|Acrobatics|p1a: Watermelon\n|-supereffective|p1a: Watermelon\n|-crit|p1a: Watermelon\n|-damage|p1a: Watermelon|0 fnt\n|-damage|p2a: Lilligant|13\/100 tox|[from] item: Rocky Helmet|[of] p1a: Watermelon\n|faint|p1a: Watermelon\n|\n|-damage|p2a: Lilligant|0 fnt|[from] psn\n|faint|p2a: Lilligant\n|upkeep\n|c|\u2606Jeffrin|Worth it\n|\n|t:|1699403624\n|switch|p2a: Blacephalon|Blacephalon, shiny|100\/100\n|switch|p1a: Grimm Guy|Grimmsnarl, M|12\/100\n|turn|12\n|\n|t:|1699403635\n|move|p1a: Grimm Guy|Light Screen|p1a: Grimm Guy\n|-sidestart|p1: HarmTurtle|move: Light Screen\n|move|p2a: Blacephalon|Shadow Ball|p1a: Grimm Guy\n|-resisted|p1a: Grimm Guy\n|-damage|p1a: Grimm Guy|3\/100\n|-unboost|p1a: Grimm Guy|spd|1\n|\n|upkeep\n|turn|13\n|\n|t:|1699403644\n|move|p1a: Grimm Guy|Parting Shot|p2a: Blacephalon\n|-unboost|p2a: Blacephalon|atk|1\n|-unboost|p2a: Blacephalon|spa|1\n|\n|t:|1699403651\n|switch|p1a: catch these hands|Hariyama, M|100\/100|[from] Parting Shot\n|move|p2a: Blacephalon|Shadow Ball|p1a: catch these hands\n|-damage|p1a: catch these hands|89\/100\n|\n|-heal|p1a: catch these hands|95\/100|[from] item: Leftovers\n|upkeep\n|turn|14\n|\n|t:|1699403659\n|move|p2a: Blacephalon|Will-O-Wisp|p1a: catch these hands\n|-status|p1a: catch these hands|brn\n|move|p1a: catch these hands|Knock Off|p2a: Blacephalon\n|-supereffective|p2a: Blacephalon\n|-damage|p2a: Blacephalon|58\/100\n|-enditem|p2a: Blacephalon|Weakness Policy\n|-boost|p2a: Blacephalon|atk|2|[from] item: Weakness Policy\n|-boost|p2a: Blacephalon|spa|2|[from] item: Weakness Policy\n|\n|-heal|p1a: catch these hands|100\/100 brn|[from] item: Leftovers\n|-damage|p1a: catch these hands|94\/100 brn|[from] brn\n|upkeep\n|turn|15\n|\n|t:|1699403676\n|move|p2a: Blacephalon|Expanding Force|p1a: catch these hands\n|-supereffective|p1a: catch these hands\n|-damage|p1a: catch these hands|59\/100 brn\n|move|p1a: catch these hands|Knock Off|p2a: Blacephalon\n|-supereffective|p2a: Blacephalon\n|-damage|p2a: Blacephalon|30\/100\n|\n|-heal|p1a: catch these hands|66\/100 brn|[from] item: Leftovers\n|-damage|p1a: catch these hands|59\/100 brn|[from] brn\n|upkeep\n|turn|16\n|\n|t:|1699403687\n|-terastallize|p2a: Blacephalon|Fire\n|move|p2a: Blacephalon|Mind Blown|p1a: catch these hands\n|-damage|p1a: catch these hands|29\/100 brn\n|-damage|p2a: Blacephalon|0 fnt|[from] mindblown\n|faint|p2a: Blacephalon\n|move|p1a: catch these hands|Knock Off|p2: Blacephalon|[notarget]\n|-fail|p1a: catch these hands\n|\n|-heal|p1a: catch these hands|35\/100 brn|[from] item: Leftovers\n|-damage|p1a: catch these hands|29\/100 brn|[from] brn\n|upkeep\n|c|\u2606Jeffrin|...\n|\n|t:|1699403700\n|switch|p2a: Oricorio|Oricorio-Pom-Pom, F|100\/100\n|turn|17\n|c|\u2606HarmTurtle|:]\n|\n|t:|1699403713\n|move|p2a: Oricorio|Quiver Dance|p2a: Oricorio\n|-boost|p2a: Oricorio|spa|1\n|-boost|p2a: Oricorio|spd|1\n|-boost|p2a: Oricorio|spe|1\n|move|p1a: catch these hands|Knock Off|p2a: Oricorio\n|-damage|p2a: Oricorio|83\/100\n|-enditem|p2a: Oricorio|Wise Glasses|[from] move: Knock Off|[of] p1a: catch these hands\n|\n|-heal|p1a: catch these hands|35\/100 brn|[from] item: Leftovers\n|-damage|p1a: catch these hands|29\/100 brn|[from] brn\n|upkeep\n|turn|18\n|\n|t:|1699403729\n|switch|p1a: fried egg|Exeggutor, M|100\/100\n|move|p2a: Oricorio|Quiver Dance|p2a: Oricorio\n|-boost|p2a: Oricorio|spa|1\n|-boost|p2a: Oricorio|spd|1\n|-boost|p2a: Oricorio|spe|1\n|\n|upkeep\n|turn|19\n|\n|t:|1699403740\n|-terastallize|p1a: fried egg|Electric\n|move|p2a: Oricorio|Hurricane|p1a: fried egg|[miss]\n|-miss|p2a: Oricorio|p1a: fried egg\n|move|p1a: fried egg|Leech Seed|p2a: Oricorio\n|-start|p2a: Oricorio|move: Leech Seed\n|\n|-damage|p2a: Oricorio|71\/100|[from] Leech Seed|[of] p1a: fried egg\n|-sideend|p1: HarmTurtle|move: Light Screen\n|upkeep\n|turn|20\n|\n|t:|1699403749\n|move|p2a: Oricorio|Swift|p1a: fried egg\n|-damage|p1a: fried egg|75\/100\n|move|p1a: fried egg|Wish|p1a: fried egg\n|\n|-damage|p2a: Oricorio|58\/100|[from] Leech Seed|[of] p1a: fried egg\n|-heal|p1a: fried egg|84\/100|[silent]\n|upkeep\n|turn|21\n|\n|t:|1699403762\n|move|p2a: Oricorio|Revelation Dance|p1a: fried egg\n|-resisted|p1a: fried egg\n|-damage|p1a: fried egg|59\/100\n|move|p1a: fried egg|Future Sight|p2a: Oricorio\n|-start|p1a: fried egg|move: Future Sight\n|\n|-heal|p1a: fried egg|100\/100|[from] move: Wish|[wisher] fried egg\n|-damage|p2a: Oricorio|46\/100|[from] Leech Seed|[of] p1a: fried egg\n|upkeep\n|turn|22\n|c|\u2606Jeffrin|Wait why did I put swift on this?\n|\n|t:|1699403773\n|switch|p2a: Ludicolo|Ludicolo, M|100\/100\n|move|p1a: fried egg|Wish|p1a: fried egg\n|\n|upkeep\n|turn|23\n|c|\u2606HarmTurtle|I'm wondering the same lol\n|\n|t:|1699403788\n|switch|p1a: Grimm Guy|Grimmsnarl, M|3\/100\n|move|p2a: Ludicolo|Rain Dance|p2a: Ludicolo\n|-weather|RainDance\n|\n|-weather|RainDance|[upkeep]\n|-end|p2a: Ludicolo|move: Future Sight\n|-damage|p2a: Ludicolo|57\/100\n|-heal|p1a: Grimm Guy|54\/100|[from] move: Wish|[wisher] fried egg\n|upkeep\n|turn|24\n|c|\u2606Jeffrin|Why didn't rain dish take effect?\n|\n|t:|1699403812\n|move|p1a: Grimm Guy|Light Screen|p1a: Grimm Guy\n|-sidestart|p1: HarmTurtle|move: Light Screen\n|move|p2a: Ludicolo|Giga Drain|p1a: Grimm Guy\n|-damage|p1a: Grimm Guy|44\/100\n|-heal|p2a: Ludicolo|62\/100|[from] drain|[of] p1a: Grimm Guy\n|\n|-weather|RainDance|[upkeep]\n|-heal|p2a: Ludicolo|68\/100|[from] ability: Rain Dish\n|upkeep\n|turn|25\n|c|\u2606HarmTurtle|are you rain dish?\n|c|\u2606HarmTurtle|ah\n|c|\u2606HarmTurtle|there it is\n|c|\u2606Jeffrin|Shouldn't that be same turn as rain dance?\n|\n|t:|1699403829\n|move|p1a: Grimm Guy|Reflect|p1a: Grimm Guy\n|-sidestart|p1: HarmTurtle|Reflect\n|move|p2a: Ludicolo|Teeter Dance|p1a: Grimm Guy\n|-start|p1a: Grimm Guy|confusion\n|\n|-weather|RainDance|[upkeep]\n|-heal|p2a: Ludicolo|74\/100|[from] ability: Rain Dish\n|upkeep\n|turn|26\n|c|\u2606HarmTurtle|no idea\n|\n|t:|1699403837\n|-activate|p1a: Grimm Guy|confusion\n|-damage|p1a: Grimm Guy|33\/100|[from] confusion\n|move|p2a: Ludicolo|Leech Seed|p1a: Grimm Guy\n|-start|p1a: Grimm Guy|move: Leech Seed\n|\n|-weather|RainDance|[upkeep]\n|-heal|p2a: Ludicolo|80\/100|[from] ability: Rain Dish\n|-damage|p1a: Grimm Guy|20\/100|[from] Leech Seed|[of] p2a: Ludicolo\n|-heal|p2a: Ludicolo|93\/100|[silent]\n|upkeep\n|turn|27\n|\n|t:|1699403846\n|switch|p2a: Quaquaval|Quaquaval, M|100\/100\n|-end|p1a: Grimm Guy|confusion\n|move|p1a: Grimm Guy|Parting Shot|p2a: Quaquaval\n|-unboost|p2a: Quaquaval|atk|1\n|-unboost|p2a: Quaquaval|spa|1\n|\n|t:|1699403852\n|switch|p1a: biggest rocket|Celesteela, shiny|100\/100|[from] Parting Shot\n|\n|-weather|RainDance|[upkeep]\n|upkeep\n|turn|28\n|\n|t:|1699403869\n|move|p2a: Quaquaval|Aqua Step|p1a: biggest rocket\n|-damage|p1a: biggest rocket|80\/100\n|-boost|p2a: Quaquaval|spe|1\n|move|p1a: biggest rocket|Autotomize|p1a: biggest rocket\n|-boost|p1a: biggest rocket|spe|2\n|-start|p1a: biggest rocket|Autotomize\n|\n|-weather|RainDance|[upkeep]\n|upkeep\n|turn|29\n|c|\u2606Jeffrin|Well this sucks\n|\n|t:|1699403882\n|move|p1a: biggest rocket|Air Slash|p2a: Quaquaval\n|-supereffective|p2a: Quaquaval\n|-damage|p2a: Quaquaval|36\/100\n|cant|p2a: Quaquaval|flinch\n|\n|-weather|RainDance|[upkeep]\n|upkeep\n|turn|30\n|c|\u2606Jeffrin|I vested this with swords dance\n|\n|t:|1699403893\n|move|p1a: biggest rocket|Air Slash|p2a: Quaquaval\n|-supereffective|p2a: Quaquaval\n|-damage|p2a: Quaquaval|0 fnt\n|faint|p2a: Quaquaval\n|-ability|p1a: biggest rocket|Beast Boost|boost\n|-boost|p1a: biggest rocket|spa|1\n|\n|-weather|none\n|upkeep\n|c|\u2606HarmTurtle|o  o  f\n|c|\u2606Jeffrin|This team needs reworking\n|\n|t:|1699403903\n|switch|p2a: Oricorio|Oricorio-Pom-Pom, F|46\/100\n|turn|31\n|c|\u2606HarmTurtle|fair, if you wanna take a min to do that I don't mind waiting\n|\n|t:|1699403913\n|move|p1a: biggest rocket|Meteor Beam||[still]\n|-prepare|p1a: biggest rocket|Meteor Beam\n|-boost|p1a: biggest rocket|spa|1\n|-enditem|p1a: biggest rocket|Power Herb\n|-anim|p1a: biggest rocket|Meteor Beam|p2a: Oricorio\n|-supereffective|p2a: Oricorio\n|-damage|p2a: Oricorio|0 fnt\n|faint|p2a: Oricorio\n|-ability|p1a: biggest rocket|Beast Boost|boost\n|-boost|p1a: biggest rocket|spa|1\n|\n|-sideend|p1: HarmTurtle|move: Light Screen\n|upkeep\n|c|\u2606Jeffrin|I got bowling in an hour\n|c|\u2606HarmTurtle|ah, fs\n|\n|t:|1699403924\n|switch|p2a: Ludicolo|Ludicolo, M|93\/100\n|turn|32\n|c|\u2606Jeffrin|And bleach wants me to help him with a dynamax adventure mon\n|\n|t:|1699403942\n|move|p1a: biggest rocket|Air Slash|p2a: Ludicolo\n|-supereffective|p2a: Ludicolo\n|-damage|p2a: Ludicolo|0 fnt\n|faint|p2a: Ludicolo\n|-ability|p1a: biggest rocket|Beast Boost|boost\n|-boost|p1a: biggest rocket|spa|1\n|\n|-sideend|p1: HarmTurtle|Reflect\n|upkeep\n|\n|t:|1699403948\n|switch|p2a: Bouffalant|Bouffalant, M|60\/100\n|turn|33\n|c|\u2606HarmTurtle|all good! we can call it whenever you feel like it then\n|\n|t:|1699403954\n|move|p1a: biggest rocket|Air Slash|p2a: Bouffalant\n|-damage|p2a: Bouffalant|0 fnt\n|faint|p2a: Bouffalant\n|\n|win|HarmTurtle\n|c|\u2606HarmTurtle|gg\n","uploadtime":1699403963,"views":4,"p1id":"harmturtle","p2id":"jeffrin","formatid":"gen9nationaldexubers","rating":0,"private":0,"password":""}