{"id":"gen9nationaldexubers-1993716000","p1":"85792195wwww","p2":"lemoncell0","format":"[Gen 9] National Dex Ubers","log":"|j|\u260685792195wwww\n|j|\u2606lemoncell0\n|t:|1700348816\n|gametype|singles\n|player|p1|85792195wwww|mira|1623\n|player|p2|lemoncell0|allister|1571\n|teamsize|p1|6\n|teamsize|p2|6\n|gen|9\n|tier|[Gen 9] National Dex Ubers\n|rated|\n|rule|HP Percentage Mod: HP is shown in percentages\n|rule|Endless Battle Clause: Forcing endless battles is banned\n|rule|OHKO Clause: OHKO moves are banned\n|rule|Evasion Moves Clause: Evasion moves are banned\n|rule|Evasion Items Clause: Evasion items are banned\n|rule|Species Clause: Limit one of each Pok\u00e9mon\n|rule|Sleep Clause Mod: Limit one foe put to sleep\n|rule|Mega Rayquaza Clause: You cannot mega evolve Rayquaza\n|clearpoke\n|poke|p1|Xerneas-*|\n|poke|p1|Mewtwo|\n|poke|p1|Arceus|\n|poke|p1|Kyogre|\n|poke|p1|Krookodile, M|\n|poke|p1|Groudon|\n|poke|p2|Grimmsnarl, M|\n|poke|p2|Ferrothorn, F|\n|poke|p2|Tyranitar, F|\n|poke|p2|Salamence, F|\n|poke|p2|Quagsire, F|\n|poke|p2|Ditto|\n|teampreview\n|j| T00 Much Pressure\n|\n|t:|1700348874\n|start\n|switch|p1a: Arceus|Arceus|100\/100\n|switch|p2a: Grimmsnarl|Grimmsnarl, M|100\/100\n|turn|1\n|l| T00 Much Pressure\n|\n|t:|1700348881\n|move|p2a: Grimmsnarl|Taunt|p1a: Arceus\n|-start|p1a: Arceus|move: Taunt\n|cant|p1a: Arceus|move: Taunt|Swords Dance\n|\n|upkeep\n|turn|2\n|\n|t:|1700348888\n|switch|p1a: Krookodile|Krookodile, M|100\/100\n|-ability|p1a: Krookodile|Intimidate|boost\n|-unboost|p2a: Grimmsnarl|atk|1\n|move|p2a: Grimmsnarl|Reflect|p2a: Grimmsnarl\n|-sidestart|p2: lemoncell0|Reflect\n|\n|upkeep\n|turn|3\n|\n|t:|1700348896\n|switch|p2a: Ferrothorn|Ferrothorn, F|100\/100\n|move|p1a: Krookodile|Stealth Rock|p2a: Ferrothorn\n|-sidestart|p2: lemoncell0|move: Stealth Rock\n|\n|upkeep\n|turn|4\n|\n|t:|1700348902\n|move|p1a: Krookodile|Knock Off|p2a: Ferrothorn\n|-damage|p2a: Ferrothorn|82\/100\n|-damage|p1a: Krookodile|88\/100|[from] ability: Iron Barbs|[of] p2a: Ferrothorn\n|-enditem|p2a: Ferrothorn|Leftovers|[from] move: Knock Off|[of] p1a: Krookodile\n|move|p2a: Ferrothorn|Spikes|p1a: Krookodile\n|-sidestart|p1: 85792195wwww|Spikes\n|\n|upkeep\n|turn|5\n|\n|t:|1700348911\n|move|p1a: Krookodile|Taunt|p2a: Ferrothorn\n|-start|p2a: Ferrothorn|move: Taunt\n|cant|p2a: Ferrothorn|move: Taunt|Leech Seed\n|\n|upkeep\n|turn|6\n|\n|t:|1700348917\n|switch|p1a: Arceus|Arceus|100\/100\n|-damage|p1a: Arceus|88\/100|[from] Spikes\n|move|p2a: Ferrothorn|Power Whip|p1a: Arceus\n|-damage|p1a: Arceus|58\/100\n|\n|upkeep\n|turn|7\n|\n|t:|1700348925\n|move|p1a: Arceus|Will-O-Wisp|p2a: Ferrothorn\n|-status|p2a: Ferrothorn|brn\n|move|p2a: Ferrothorn|Knock Off|p1a: Arceus\n|-damage|p1a: Arceus|50\/100\n|-enditem|p1a: Arceus|Life Orb|[from] move: Knock Off|[of] p2a: Ferrothorn\n|\n|-damage|p2a: Ferrothorn|76\/100 brn|[from] brn\n|-end|p2a: Ferrothorn|move: Taunt\n|upkeep\n|turn|8\n|\n|t:|1700348943\n|switch|p1a: Groudon|Groudon|100\/100\n|-damage|p1a: Groudon|88\/100|[from] Spikes\n|detailschange|p1a: Groudon|Groudon-Primal\n|-primal|p1a: Groudon|Red Orb\n|-weather|DesolateLand|[from] ability: Desolate Land|[of] p1a: Groudon\n|move|p2a: Ferrothorn|Leech Seed|p1a: Groudon\n|-start|p1a: Groudon|move: Leech Seed\n|\n|-weather|DesolateLand|[upkeep]\n|-damage|p1a: Groudon|76\/100|[from] Leech Seed|[of] p2a: Ferrothorn\n|-heal|p2a: Ferrothorn|90\/100 brn|[silent]\n|-damage|p2a: Ferrothorn|84\/100 brn|[from] brn\n|upkeep\n|turn|9\n|\n|t:|1700348956\n|-weather|none\n|switch|p1a: Kyogre|Kyogre|100\/100\n|-damage|p1a: Kyogre|88\/100|[from] Spikes\n|detailschange|p1a: Kyogre|Kyogre-Primal\n|-primal|p1a: Kyogre|Blue Orb\n|-weather|PrimordialSea|[from] ability: Primordial Sea|[of] p1a: Kyogre\n|switch|p2a: Salamence|Salamence, F|100\/100\n|-damage|p2a: Salamence|76\/100|[from] Stealth Rock\n|-ability|p2a: Salamence|Intimidate|boost\n|-unboost|p1a: Kyogre|atk|1\n|\n|-weather|PrimordialSea|[upkeep]\n|-sideend|p2: lemoncell0|Reflect\n|upkeep\n|turn|10\n|\n|t:|1700348974\n|switch|p2a: Ferrothorn|Ferrothorn, F|84\/100 brn\n|-damage|p2a: Ferrothorn|78\/100 brn|[from] Stealth Rock\n|move|p1a: Kyogre|Ice Beam|p2a: Ferrothorn\n|-damage|p2a: Ferrothorn|49\/100 brn\n|\n|-weather|PrimordialSea|[upkeep]\n|-damage|p2a: Ferrothorn|43\/100 brn|[from] brn\n|upkeep\n|turn|11\n|\n|t:|1700348983\n|move|p1a: Kyogre|Water Spout|p2a: Ferrothorn\n|-resisted|p2a: Ferrothorn\n|-crit|p2a: Ferrothorn\n|-damage|p2a: Ferrothorn|0 fnt\n|faint|p2a: Ferrothorn\n|\n|-weather|PrimordialSea|[upkeep]\n|upkeep\n|\n|t:|1700349015\n|switch|p2a: Ditto|Ditto|100\/100\n|-damage|p2a: Ditto|88\/100|[from] Stealth Rock\n|-transform|p2a: Ditto|p1a: Kyogre|[from] ability: Imposter\n|turn|12\n|\n|t:|1700349022\n|move|p2a: Ditto|Ice Beam|p1a: Kyogre\n|-resisted|p1a: Kyogre\n|-damage|p1a: Kyogre|75\/100\n|-status|p1a: Kyogre|frz\n|cant|p1a: Kyogre|frz\n|\n|-weather|PrimordialSea|[upkeep]\n|upkeep\n|turn|13\n|\n|t:|1700349030\n|switch|p2a: Grimmsnarl|Grimmsnarl, M|100\/100\n|-damage|p2a: Grimmsnarl|88\/100|[from] Stealth Rock\n|cant|p1a: Kyogre|frz\n|\n|-weather|PrimordialSea|[upkeep]\n|upkeep\n|turn|14\n|\n|t:|1700349041\n|move|p2a: Grimmsnarl|Light Screen|p2a: Grimmsnarl\n|-sidestart|p2: lemoncell0|move: Light Screen\n|cant|p1a: Kyogre|frz\n|\n|-weather|PrimordialSea|[upkeep]\n|upkeep\n|turn|15\n|\n|t:|1700349046\n|move|p2a: Grimmsnarl|Reflect|p2a: Grimmsnarl\n|-sidestart|p2: lemoncell0|Reflect\n|cant|p1a: Kyogre|frz\n|\n|-weather|PrimordialSea|[upkeep]\n|upkeep\n|turn|16\n|\n|t:|1700349051\n|move|p2a: Grimmsnarl|Parting Shot|p1a: Kyogre\n|-unboost|p1a: Kyogre|atk|1\n|-unboost|p1a: Kyogre|spa|1\n|\n|t:|1700349056\n|switch|p2a: Salamence|Salamence, F|76\/100|[from] Parting Shot\n|-damage|p2a: Salamence|51\/100|[from] Stealth Rock\n|-ability|p2a: Salamence|Intimidate|boost\n|-unboost|p1a: Kyogre|atk|1\n|cant|p1a: Kyogre|frz\n|\n|-weather|PrimordialSea|[upkeep]\n|upkeep\n|turn|17\n|\n|t:|1700349068\n|-weather|none\n|switch|p1a: Mewtwo|Mewtwo|100\/100\n|-damage|p1a: Mewtwo|88\/100|[from] Spikes\n|-ability|p1a: Mewtwo|Pressure\n|detailschange|p2a: Salamence|Salamence-Mega, F\n|-mega|p2a: Salamence|Salamence|Salamencite\n|move|p2a: Salamence|Roost|p2a: Salamence\n|-heal|p2a: Salamence|100\/100\n|-singleturn|p2a: Salamence|move: Roost\n|\n|upkeep\n|turn|18\n|\n|t:|1700349083\n|switch|p1a: Arceus|Arceus|50\/100\n|-damage|p1a: Arceus|38\/100|[from] Spikes\n|move|p2a: Salamence|Body Slam|p1a: Arceus\n|-damage|p1a: Arceus|4\/100\n|\n|upkeep\n|turn|19\n|\n|t:|1700349091\n|switch|p2a: Tyranitar|Tyranitar, F|100\/100\n|-damage|p2a: Tyranitar|88\/100|[from] Stealth Rock\n|-weather|Sandstorm|[from] ability: Sand Stream|[of] p2a: Tyranitar\n|move|p1a: Arceus|Will-O-Wisp|p2a: Tyranitar\n|-status|p2a: Tyranitar|brn\n|\n|-weather|Sandstorm|[upkeep]\n|-damage|p1a: Arceus|0 fnt|[from] Sandstorm\n|faint|p1a: Arceus\n|-heal|p2a: Tyranitar|94\/100 brn|[from] item: Leftovers\n|-damage|p2a: Tyranitar|88\/100 brn|[from] brn\n|upkeep\n|\n|t:|1700349107\n|switch|p1a: Krookodile|Krookodile, M|88\/100\n|-damage|p1a: Krookodile|76\/100|[from] Spikes\n|-ability|p1a: Krookodile|Intimidate|boost\n|-unboost|p2a: Tyranitar|atk|1\n|turn|20\n|\n|t:|1700349114\n|move|p1a: Krookodile|Taunt|p2a: Tyranitar\n|-start|p2a: Tyranitar|move: Taunt\n|cant|p2a: Tyranitar|move: Taunt|Stealth Rock\n|\n|-weather|Sandstorm|[upkeep]\n|-heal|p2a: Tyranitar|94\/100 brn|[from] item: Leftovers\n|-damage|p2a: Tyranitar|88\/100 brn|[from] brn\n|upkeep\n|turn|21\n|\n|t:|1700349124\n|switch|p1a: Xerneas|Xerneas|100\/100\n|-damage|p1a: Xerneas|88\/100|[from] Spikes\n|-ability|p1a: Xerneas|Fairy Aura\n|switch|p2a: Salamence|Salamence-Mega, F|100\/100\n|-damage|p2a: Salamence|76\/100|[from] Stealth Rock\n|\n|-weather|Sandstorm|[upkeep]\n|-damage|p2a: Salamence|70\/100|[from] Sandstorm\n|-damage|p1a: Xerneas|82\/100|[from] Sandstorm\n|-sideend|p2: lemoncell0|move: Light Screen\n|upkeep\n|turn|22\n|\n|t:|1700349138\n|-terastallize|p1a: Xerneas|Fairy\n|move|p2a: Salamence|Body Slam|p1a: Xerneas\n|-damage|p1a: Xerneas|49\/100\n|move|p1a: Xerneas|Moonblast|p2a: Salamence\n|-supereffective|p2a: Salamence\n|-damage|p2a: Salamence|0 fnt\n|faint|p2a: Salamence\n|\n|-weather|Sandstorm|[upkeep]\n|-damage|p1a: Xerneas|43\/100|[from] Sandstorm\n|-sideend|p2: lemoncell0|Reflect\n|upkeep\n|\n|t:|1700349153\n|switch|p2a: Grimmsnarl|Grimmsnarl, M|88\/100\n|-damage|p2a: Grimmsnarl|76\/100|[from] Stealth Rock\n|turn|23\n|\n|t:|1700349159\n|-terastallize|p2a: Grimmsnarl|Steel\n|move|p2a: Grimmsnarl|Light Screen|p2a: Grimmsnarl\n|-sidestart|p2: lemoncell0|move: Light Screen\n|move|p1a: Xerneas|Moonblast|p2a: Grimmsnarl\n|-resisted|p2a: Grimmsnarl\n|-damage|p2a: Grimmsnarl|47\/100\n|\n|-weather|none\n|upkeep\n|turn|24\n|\n|t:|1700349169\n|switch|p1a: Krookodile|Krookodile, M|76\/100\n|-damage|p1a: Krookodile|63\/100|[from] Spikes\n|-ability|p1a: Krookodile|Intimidate|boost\n|-unboost|p2a: Grimmsnarl|atk|1\n|move|p2a: Grimmsnarl|Reflect|p2a: Grimmsnarl\n|-sidestart|p2: lemoncell0|Reflect\n|\n|upkeep\n|turn|25\n|\n|t:|1700349176\n|switch|p2a: Quagsire|Quagsire, F|100\/100\n|-damage|p2a: Quagsire|94\/100|[from] Stealth Rock\n|move|p1a: Krookodile|Knock Off|p2a: Quagsire\n|-damage|p2a: Quagsire|79\/100\n|-enditem|p2a: Quagsire|Leftovers|[from] move: Knock Off|[of] p1a: Krookodile\n|\n|upkeep\n|turn|26\n|\n|t:|1700349185\n|switch|p1a: Kyogre|Kyogre-Primal|75\/100 frz\n|-damage|p1a: Kyogre|62\/100 frz|[from] Spikes\n|-weather|PrimordialSea|[from] ability: Primordial Sea|[of] p1a: Kyogre\n|move|p2a: Quagsire|Earthquake|p1a: Kyogre\n|-damage|p1a: Kyogre|34\/100 frz\n|\n|-weather|PrimordialSea|[upkeep]\n|upkeep\n|turn|27\n|\n|t:|1700349194\n|-curestatus|p1a: Kyogre|frz|[msg]\n|move|p1a: Kyogre|Origin Pulse|p2a: Quagsire\n|-damage|p2a: Quagsire|10\/100\n|move|p2a: Quagsire|Earthquake|p1a: Kyogre\n|-damage|p1a: Kyogre|6\/100\n|\n|-weather|PrimordialSea|[upkeep]\n|upkeep\n|turn|28\n|\n|t:|1700349204\n|move|p1a: Kyogre|Ice Beam|p2a: Quagsire\n|-damage|p2a: Quagsire|0 fnt\n|faint|p2a: Quagsire\n|\n|-weather|PrimordialSea|[upkeep]\n|upkeep\n|\n|t:|1700349206\n|switch|p2a: Ditto|Ditto|88\/100\n|-damage|p2a: Ditto|76\/100|[from] Stealth Rock\n|-transform|p2a: Ditto|p1a: Kyogre|[from] ability: Imposter\n|turn|29\n|\n|t:|1700349214\n|move|p2a: Ditto|Ice Beam|p1a: Kyogre\n|-resisted|p1a: Kyogre\n|-damage|p1a: Kyogre|0 fnt\n|faint|p1a: Kyogre\n|\n|-weather|PrimordialSea|[upkeep]\n|upkeep\n|\n|t:|1700349222\n|switch|p1a: Groudon|Groudon-Primal|76\/100\n|-damage|p1a: Groudon|63\/100|[from] Spikes\n|-weather|DesolateLand|[from] ability: Desolate Land|[of] p1a: Groudon\n|turn|30\n|\n|t:|1700349231\n|move|p2a: Ditto|Ice Beam|p1a: Groudon\n|-damage|p1a: Groudon|25\/100\n|move|p1a: Groudon|Precipice Blades|p2a: Ditto|[miss]\n|-miss|p1a: Groudon|p2a: Ditto\n|\n|-weather|DesolateLand|[upkeep]\n|-sideend|p2: lemoncell0|move: Light Screen\n|upkeep\n|turn|31\n|\n|t:|1700349241\n|move|p2a: Ditto|Ice Beam|p1a: Groudon\n|-damage|p1a: Groudon|0 fnt\n|faint|p1a: Groudon\n|-weather|none\n|\n|-sideend|p2: lemoncell0|Reflect\n|upkeep\n|\n|t:|1700349248\n|switch|p1a: Mewtwo|Mewtwo|88\/100\n|-damage|p1a: Mewtwo|76\/100|[from] Spikes\n|-ability|p1a: Mewtwo|Pressure\n|turn|32\n|\n|t:|1700349258\n|switch|p2a: Tyranitar|Tyranitar, F|88\/100 brn\n|-damage|p2a: Tyranitar|76\/100 brn|[from] Stealth Rock\n|-weather|Sandstorm|[from] ability: Sand Stream|[of] p2a: Tyranitar\n|detailschange|p1a: Mewtwo|Mewtwo-Mega-Y\n|-mega|p1a: Mewtwo|Mewtwo|Mewtwonite Y\n|move|p1a: Mewtwo|Earth Power|p2a: Tyranitar\n|-supereffective|p2a: Tyranitar\n|-damage|p2a: Tyranitar|41\/100 brn\n|\n|-weather|Sandstorm|[upkeep]\n|-damage|p1a: Mewtwo|69\/100|[from] Sandstorm\n|-heal|p2a: Tyranitar|47\/100 brn|[from] item: Leftovers\n|-damage|p2a: Tyranitar|41\/100 brn|[from] brn\n|upkeep\n|turn|33\n|\n|t:|1700349274\n|switch|p1a: Krookodile|Krookodile, M|63\/100\n|-damage|p1a: Krookodile|51\/100|[from] Spikes\n|-ability|p1a: Krookodile|Intimidate|boost\n|-unboost|p2a: Tyranitar|atk|1\n|move|p2a: Tyranitar|Rock Blast|p1a: Krookodile\n|-resisted|p1a: Krookodile\n|-damage|p1a: Krookodile|49\/100\n|-resisted|p1a: Krookodile\n|-damage|p1a: Krookodile|47\/100\n|-hitcount|p1a: Krookodile|2\n|\n|-weather|Sandstorm|[upkeep]\n|-heal|p2a: Tyranitar|47\/100 brn|[from] item: Leftovers\n|-damage|p2a: Tyranitar|41\/100 brn|[from] brn\n|upkeep\n|turn|34\n|\n|t:|1700349288\n|move|p1a: Krookodile|Bulldoze|p2a: Tyranitar\n|-supereffective|p2a: Tyranitar\n|-damage|p2a: Tyranitar|0 fnt\n|faint|p2a: Tyranitar\n|\n|-weather|Sandstorm|[upkeep]\n|upkeep\n|\n|t:|1700349295\n|switch|p2a: Ditto|Ditto|76\/100\n|-damage|p2a: Ditto|63\/100|[from] Stealth Rock\n|-transform|p2a: Ditto|p1a: Krookodile|[from] ability: Imposter\n|-ability|p2a: Ditto|Intimidate|boost\n|-unboost|p1a: Krookodile|atk|1\n|turn|35\n|\n|t:|1700349302\n|move|p2a: Ditto|Bulldoze|p1a: Krookodile\n|-damage|p1a: Krookodile|7\/100\n|-unboost|p1a: Krookodile|spe|1\n|move|p1a: Krookodile|Knock Off|p2a: Ditto\n|-resisted|p2a: Ditto\n|-damage|p2a: Ditto|43\/100\n|-enditem|p2a: Ditto|Choice Scarf|[from] move: Knock Off|[of] p1a: Krookodile\n|\n|-weather|Sandstorm|[upkeep]\n|upkeep\n|turn|36\n|\n|t:|1700349313\n|move|p2a: Ditto|Bulldoze|p1a: Krookodile\n|-damage|p1a: Krookodile|0 fnt\n|faint|p1a: Krookodile\n|\n|-weather|none\n|upkeep\n|\n|t:|1700349321\n|switch|p1a: Xerneas|Xerneas, tera:Fairy|43\/100\n|-damage|p1a: Xerneas|31\/100|[from] Spikes\n|-ability|p1a: Xerneas|Fairy Aura\n|turn|37\n|\n|t:|1700349331\n|switch|p2a: Grimmsnarl|Grimmsnarl, M, tera:Steel|47\/100\n|-damage|p2a: Grimmsnarl|41\/100|[from] Stealth Rock\n|move|p1a: Xerneas|Draining Kiss|p2a: Grimmsnarl\n|-resisted|p2a: Grimmsnarl\n|-crit|p2a: Grimmsnarl\n|-damage|p2a: Grimmsnarl|0 fnt\n|-heal|p1a: Xerneas|60\/100|[from] drain|[of] p2a: Grimmsnarl\n|faint|p2a: Grimmsnarl\n|\n|upkeep\n|-message|lemoncell0 forfeited.\n|\n|win|85792195wwww\n|raw|85792195wwww's rating: 1623 &rarr; <strong>1640<\/strong><br \/>(+17 for winning)\n|raw|lemoncell0's rating: 1571 &rarr; <strong>1554<\/strong><br \/>(-17 for losing)\n|l|\u2606lemoncell0\n","uploadtime":1700349344,"views":6,"p1id":"85792195wwww","p2id":"lemoncell0","formatid":"gen9nationaldexubers","rating":1554,"private":0,"password":""}