{"id":"gen9nationaldexubers-1989009437","p1":"ccchara","p2":"6b6bjbgvged","format":"[Gen 9] National Dex Ubers","log":"|j|\u203dccchara\n|j|\u26066b6bjbgvged\n|t:|1699801695\n|gametype|singles\n|player|p1|ccchara|rosa|1000\n|player|p2|6b6bjbgvged|cyclistf-gen4|1090\n|teamsize|p1|6\n|teamsize|p2|6\n|gen|9\n|tier|[Gen 9] National Dex Ubers\n|rated|\n|rule|HP Percentage Mod: HP is shown in percentages\n|rule|Endless Battle Clause: Forcing endless battles is banned\n|rule|OHKO Clause: OHKO moves are banned\n|rule|Evasion Moves Clause: Evasion moves are banned\n|rule|Evasion Items Clause: Evasion items are banned\n|rule|Species Clause: Limit one of each Pok\u00e9mon\n|rule|Sleep Clause Mod: Limit one foe put to sleep\n|rule|Mega Rayquaza Clause: You cannot mega evolve Rayquaza\n|clearpoke\n|poke|p1|Groudon|\n|poke|p1|Blaziken, F|\n|poke|p1|Zygarde|\n|poke|p1|Landorus-Therian, M|\n|poke|p1|Marshadow|\n|poke|p1|Gholdengo|\n|poke|p2|Giratina|\n|poke|p2|Dondozo, M|\n|poke|p2|Chansey, F|\n|poke|p2|Tyranitar, M|\n|poke|p2|Ho-Oh|\n|poke|p2|Eternatus|\n|teampreview\n|inactive|Battle timer is ON: inactive players will automatically lose when time's up. (requested by 6b6bjbgvged)\n|\n|t:|1699801712\n|start\n|switch|p1a: Landorus|Landorus-Therian, M|100\/100\n|switch|p2a: Giratina|Giratina|100\/100\n|-ability|p1a: Landorus|Intimidate|boost\n|-unboost|p2a: Giratina|atk|1\n|-ability|p2a: Giratina|Pressure\n|turn|1\n|\n|t:|1699801728\n|move|p1a: Landorus|Rock Slide|p2a: Giratina\n|-damage|p2a: Giratina|91\/100\n|move|p2a: Giratina|Toxic|p1a: Landorus\n|-status|p1a: Landorus|tox\n|\n|-heal|p2a: Giratina|97\/100|[from] item: Leftovers\n|-damage|p1a: Landorus|94\/100 tox|[from] psn\n|upkeep\n|turn|2\n|\n|t:|1699801733\n|move|p1a: Landorus|Earthquake|p2a: Giratina\n|-damage|p2a: Giratina|75\/100\n|move|p2a: Giratina|Toxic|p1a: Landorus\n|-fail|p1a: Landorus|tox\n|\n|-heal|p2a: Giratina|81\/100|[from] item: Leftovers\n|-damage|p1a: Landorus|82\/100 tox|[from] psn\n|upkeep\n|turn|3\n|\n|t:|1699801742\n|move|p1a: Landorus|U-turn|p2a: Giratina\n|-resisted|p2a: Giratina\n|-damage|p2a: Giratina|76\/100\n|\n|t:|1699801753\n|switch|p1a: Zygarde|Zygarde, shiny|100\/100|[from] U-turn\n|move|p2a: Giratina|Dragon Tail|p1a: Zygarde\n|-supereffective|p1a: Zygarde\n|-damage|p1a: Zygarde|78\/100\n|drag|p1a: Gholdengo|Gholdengo|100\/100\n|-item|p1a: Gholdengo|Air Balloon\n|\n|-heal|p2a: Giratina|82\/100|[from] item: Leftovers\n|upkeep\n|turn|4\n|inactive|6b6bjbgvged has 120 seconds left.\n|\n|t:|1699801783\n|switch|p2a: Chansey|Chansey, F|100\/100\n|move|p1a: Gholdengo|Shadow Ball|p2a: Chansey\n|-immune|p2a: Chansey\n|\n|upkeep\n|turn|5\n|\n|t:|1699801794\n|move|p1a: Gholdengo|Nasty Plot|p1a: Gholdengo\n|-boost|p1a: Gholdengo|spa|2\n|move|p2a: Chansey|Confide|p1a: Gholdengo\n|-immune|p1a: Gholdengo|[from] ability: Good as Gold\n|\n|upkeep\n|turn|6\n|\n|t:|1699801801\n|switch|p2a: Ho-Oh|Ho-Oh|100\/100\n|move|p1a: Gholdengo|Nasty Plot|p1a: Gholdengo\n|-boost|p1a: Gholdengo|spa|2\n|\n|upkeep\n|turn|7\n|\n|t:|1699801810\n|move|p1a: Gholdengo|Shadow Ball|p2a: Ho-Oh\n|-damage|p2a: Ho-Oh|36\/100\n|move|p2a: Ho-Oh|Sacred Fire|p1a: Gholdengo\n|-supereffective|p1a: Gholdengo\n|-damage|p1a: Gholdengo|26\/100\n|-enditem|p1a: Gholdengo|Air Balloon\n|\n|upkeep\n|turn|8\n|\n|t:|1699801818\n|switch|p2a: Chansey|Chansey, F|100\/100\n|move|p1a: Gholdengo|Shadow Ball|p2a: Chansey\n|-immune|p2a: Chansey\n|\n|upkeep\n|turn|9\n|\n|t:|1699801831\n|move|p1a: Gholdengo|Make It Rain|p2a: Chansey\n|-damage|p2a: Chansey|62\/100\n|-unboost|p1a: Gholdengo|spa|1\n|move|p2a: Chansey|Soft-Boiled|p2a: Chansey\n|-heal|p2a: Chansey|100\/100\n|\n|upkeep\n|turn|10\n|\n|t:|1699801837\n|switch|p2a: Ho-Oh|Ho-Oh|69\/100\n|move|p1a: Gholdengo|Nasty Plot|p1a: Gholdengo\n|-boost|p1a: Gholdengo|spa|2\n|\n|upkeep\n|turn|11\n|\n|t:|1699801843\n|switch|p2a: Chansey|Chansey, F|100\/100\n|move|p1a: Gholdengo|Shadow Ball|p2a: Chansey\n|-immune|p2a: Chansey\n|\n|upkeep\n|turn|12\n|\n|t:|1699801849\n|switch|p2a: Ho-Oh|Ho-Oh|100\/100\n|move|p1a: Gholdengo|Nasty Plot|p1a: Gholdengo\n|-boost|p1a: Gholdengo|spa|1\n|\n|upkeep\n|turn|13\n|\n|t:|1699801856\n|move|p1a: Gholdengo|Shadow Ball|p2a: Ho-Oh\n|-damage|p2a: Ho-Oh|23\/100\n|move|p2a: Ho-Oh|Sacred Fire|p1a: Gholdengo|[miss]\n|-miss|p2a: Ho-Oh|p1a: Gholdengo\n|\n|upkeep\n|turn|14\n|\n|t:|1699801863\n|switch|p2a: Chansey|Chansey, F|100\/100\n|move|p1a: Gholdengo|Shadow Ball|p2a: Chansey\n|-immune|p2a: Chansey\n|\n|upkeep\n|turn|15\n|\n|t:|1699801869\n|move|p1a: Gholdengo|Nasty Plot|p1a: Gholdengo\n|-boost|p1a: Gholdengo|spa|0\n|move|p2a: Chansey|Seismic Toss|p1a: Gholdengo\n|-immune|p1a: Gholdengo\n|\n|upkeep\n|turn|16\n|\n|t:|1699801879\n|move|p1a: Gholdengo|Shadow Ball|p2a: Chansey\n|-immune|p2a: Chansey\n|move|p2a: Chansey|Soft-Boiled||[still]\n|-fail|p2a: Chansey|heal\n|\n|upkeep\n|turn|17\n|\n|t:|1699801884\n|move|p1a: Gholdengo|Make It Rain|p2a: Chansey\n|-crit|p2a: Chansey\n|-damage|p2a: Chansey|15\/100\n|-unboost|p1a: Gholdengo|spa|1\n|move|p2a: Chansey|Seismic Toss|p1a: Gholdengo\n|-immune|p1a: Gholdengo\n|\n|upkeep\n|turn|18\n|\n|t:|1699801898\n|switch|p2a: Eternatus|Eternatus|100\/100\n|-ability|p2a: Eternatus|Pressure\n|move|p1a: Gholdengo|Make It Rain|p2a: Eternatus\n|-damage|p2a: Eternatus|0 fnt\n|-unboost|p1a: Gholdengo|spa|1\n|faint|p2a: Eternatus\n|\n|upkeep\n|\n|t:|1699801902\n|switch|p2a: Ho-Oh|Ho-Oh|56\/100\n|turn|19\n|\n|t:|1699801905\n|move|p1a: Gholdengo|Shadow Ball|p2a: Ho-Oh\n|-damage|p2a: Ho-Oh|0 fnt\n|faint|p2a: Ho-Oh\n|\n|upkeep\n|-message|6b6bjbgvged forfeited.\n|\n|win|ccchara\n|raw|ccchara's rating: 1000 &rarr; <strong>1050<\/strong><br \/>(+50 for winning)\n|raw|6b6bjbgvged's rating: 1090 &rarr; <strong>1061<\/strong><br \/>(-29 for losing)\n|l|\u26066b6bjbgvged\n","uploadtime":1699801917,"views":5,"p1id":"ccchara","p2id":"6b6bjbgvged","formatid":"gen9nationaldexubers","rating":1050,"private":0,"password":""}