{"id":"gen9nationaldexubers-1980228508","p1":"Coleottero","p2":"PANDODEEEEZ","format":"[Gen 9] National Dex Ubers","log":"|j|\u2606Coleottero\n|j|\u2606PANDODEEEEZ\n|t:|1698767949\n|gametype|singles\n|player|p1|Coleottero|alder|1074\n|player|p2|PANDODEEEEZ|kieran|1133\n|teamsize|p1|6\n|teamsize|p2|6\n|gen|9\n|tier|[Gen 9] National Dex Ubers\n|rated|\n|rule|HP Percentage Mod: HP is shown in percentages\n|rule|Endless Battle Clause: Forcing endless battles is banned\n|rule|OHKO Clause: OHKO moves are banned\n|rule|Evasion Moves Clause: Evasion moves are banned\n|rule|Evasion Items Clause: Evasion items are banned\n|rule|Species Clause: Limit one of each Pok\u00e9mon\n|rule|Sleep Clause Mod: Limit one foe put to sleep\n|rule|Mega Rayquaza Clause: You cannot mega evolve Rayquaza\n|clearpoke\n|poke|p1|Mudsdale, M|\n|poke|p1|Overqwil, M|\n|poke|p1|Politoed, F|\n|poke|p1|Zapdos|\n|poke|p1|Brambleghast, F|\n|poke|p1|Ludicolo, M|\n|poke|p2|Blaziken, F|\n|poke|p2|Kingambit, M|\n|poke|p2|Iron Valiant|\n|poke|p2|Dragapult, F|\n|poke|p2|Mantine, F|\n|poke|p2|Xurkitree|\n|teampreview\n|\n|t:|1698767973\n|start\n|switch|p1a: Politoed|Politoed, F|100\/100\n|switch|p2a: Xurkitree|Xurkitree|100\/100\n|-weather|RainDance|[from] ability: Drizzle|[of] p1a: Politoed\n|turn|1\n|\n|t:|1698767995\n|move|p2a: Xurkitree|Hypnosis|p1a: Politoed|[miss]\n|-miss|p2a: Xurkitree|p1a: Politoed\n|-enditem|p2a: Xurkitree|Blunder Policy\n|-boost|p2a: Xurkitree|spe|2\n|move|p1a: Politoed|Earth Power|p2a: Xurkitree\n|-supereffective|p2a: Xurkitree\n|-damage|p2a: Xurkitree|26\/100\n|\n|-weather|RainDance|[upkeep]\n|upkeep\n|turn|2\n|\n|t:|1698768009\n|switch|p1a: Overqwil|Overqwil, M|100\/100\n|move|p2a: Xurkitree|Thunderbolt|p1a: Overqwil\n|-damage|p1a: Overqwil|5\/100\n|\n|-weather|RainDance|[upkeep]\n|upkeep\n|turn|3\n|\n|t:|1698768016\n|move|p2a: Xurkitree|Energy Ball|p1a: Overqwil\n|-resisted|p1a: Overqwil\n|-damage|p1a: Overqwil|0 fnt\n|faint|p1a: Overqwil\n|-ability|p2a: Xurkitree|Beast Boost|boost\n|-boost|p2a: Xurkitree|spa|1\n|\n|-weather|RainDance|[upkeep]\n|upkeep\n|\n|t:|1698768024\n|switch|p1a: Zapdos|Zapdos|100\/100\n|turn|4\n|\n|t:|1698768028\n|-terastallize|p1a: Zapdos|Electric\n|move|p2a: Xurkitree|Thunderbolt|p1a: Zapdos\n|-resisted|p1a: Zapdos\n|-damage|p1a: Zapdos|50\/100\n|move|p1a: Zapdos|Hurricane|p2a: Xurkitree\n|-resisted|p2a: Xurkitree\n|-damage|p2a: Xurkitree|0 fnt\n|faint|p2a: Xurkitree\n|\n|-weather|RainDance|[upkeep]\n|upkeep\n|\n|t:|1698768036\n|switch|p2a: Blaziken|Blaziken, F|100\/100\n|turn|5\n|\n|t:|1698768050\n|detailschange|p2a: Blaziken|Blaziken-Mega, F\n|-mega|p2a: Blaziken|Blaziken|Blazikenite\n|move|p2a: Blaziken|Protect|p2a: Blaziken\n|-singleturn|p2a: Blaziken|Protect\n|move|p1a: Zapdos|Hurricane|p2a: Blaziken\n|-activate|p2a: Blaziken|move: Protect\n|\n|-weather|RainDance|[upkeep]\n|-ability|p2a: Blaziken|Speed Boost|boost\n|-boost|p2a: Blaziken|spe|1\n|upkeep\n|turn|6\n|\n|t:|1698768058\n|move|p2a: Blaziken|Close Combat|p1a: Zapdos\n|-damage|p1a: Zapdos|0 fnt\n|-unboost|p2a: Blaziken|def|1\n|-unboost|p2a: Blaziken|spd|1\n|faint|p1a: Zapdos\n|\n|-weather|RainDance|[upkeep]\n|-ability|p2a: Blaziken|Speed Boost|boost\n|-boost|p2a: Blaziken|spe|1\n|upkeep\n|\n|t:|1698768070\n|switch|p1a: Ludicolo|Ludicolo, M|100\/100\n|turn|7\n|\n|t:|1698768081\n|switch|p2a: Mantine|Mantine, F|100\/100\n|move|p1a: Ludicolo|Surf|p2a: Mantine\n|-immune|p2a: Mantine|[from] ability: Water Absorb\n|\n|-weather|RainDance|[upkeep]\n|upkeep\n|turn|8\n|\n|t:|1698768087\n|switch|p1a: Brambleghast|Brambleghast, F|100\/100\n|move|p2a: Mantine|Toxic|p1a: Brambleghast\n|-status|p1a: Brambleghast|tox\n|\n|-weather|none\n|-damage|p1a: Brambleghast|94\/100 tox|[from] psn\n|upkeep\n|turn|9\n|\n|t:|1698768114\n|move|p1a: Brambleghast|Leech Seed|p2a: Mantine\n|-start|p2a: Mantine|move: Leech Seed\n|move|p2a: Mantine|Scald|p1a: Brambleghast\n|-resisted|p1a: Brambleghast\n|-damage|p1a: Brambleghast|78\/100 tox\n|\n|-damage|p2a: Mantine|88\/100|[from] Leech Seed|[of] p1a: Brambleghast\n|-heal|p1a: Brambleghast|93\/100 tox|[silent]\n|-damage|p1a: Brambleghast|81\/100 tox|[from] psn\n|upkeep\n|turn|10\n|\n|t:|1698768121\n|switch|p2a: Blaziken|Blaziken-Mega, F|100\/100\n|move|p1a: Brambleghast|Power Whip|p2a: Blaziken\n|-resisted|p2a: Blaziken\n|-damage|p2a: Blaziken|70\/100\n|\n|-damage|p1a: Brambleghast|63\/100 tox|[from] psn\n|upkeep\n|turn|11\n|\n|t:|1698768124\n|move|p1a: Brambleghast|Strength Sap|p2a: Blaziken\n|-unboost|p2a: Blaziken|atk|1\n|-heal|p1a: Brambleghast|100\/100 tox\n|move|p2a: Blaziken|Swords Dance|p2a: Blaziken\n|-boost|p2a: Blaziken|atk|2\n|\n|-damage|p1a: Brambleghast|76\/100 tox|[from] psn\n|-ability|p2a: Blaziken|Speed Boost|boost\n|-boost|p2a: Blaziken|spe|1\n|upkeep\n|turn|12\n|\n|t:|1698768129\n|move|p2a: Blaziken|Flare Blitz|p1a: Brambleghast\n|-supereffective|p1a: Brambleghast\n|-damage|p1a: Brambleghast|0 fnt\n|faint|p1a: Brambleghast\n|-damage|p2a: Blaziken|43\/100|[from] Recoil\n|\n|-ability|p2a: Blaziken|Speed Boost|boost\n|-boost|p2a: Blaziken|spe|1\n|upkeep\n|\n|t:|1698768133\n|switch|p1a: Mudsdale|Mudsdale, M|100\/100\n|turn|13\n|\n|t:|1698768136\n|move|p2a: Blaziken|Close Combat|p1a: Mudsdale\n|-crit|p1a: Mudsdale\n|-damage|p1a: Mudsdale|0 fnt\n|-unboost|p2a: Blaziken|def|1\n|-unboost|p2a: Blaziken|spd|1\n|faint|p1a: Mudsdale\n|\n|-ability|p2a: Blaziken|Speed Boost|boost\n|-boost|p2a: Blaziken|spe|1\n|upkeep\n|-message|Coleottero forfeited.\n|\n|win|PANDODEEEEZ\n|raw|Coleottero's rating: 1056 &rarr; <strong>1042<\/strong><br \/>(-14 for losing)\n|raw|PANDODEEEEZ's rating: 1133 &rarr; <strong>1153<\/strong><br \/>(+20 for winning)\n|l|\u2606Coleottero\n","uploadtime":1698768143,"views":6,"p1id":"coleottero","p2id":"pandodeeeez","formatid":"gen9nationaldexubers","rating":1042,"private":0,"password":""}