{"id":"gen9nationaldexubers-1998746912","p1":"NDSNEZ pikakip379","p2":"ghazitoomix","format":"[Gen 9] National Dex Ubers","log":"|j|\u2606NDSNEZ pikakip379\n|j|\u2606ghazitoomix\n|t:|1700982438\n|gametype|singles\n|player|p1|NDSNEZ pikakip379|ninjaboy-gen3|1065\n|player|p2|ghazitoomix|red|1040\n|teamsize|p1|6\n|teamsize|p2|6\n|gen|9\n|tier|[Gen 9] National Dex Ubers\n|rated|\n|rule|HP Percentage Mod: HP is shown in percentages\n|rule|Endless Battle Clause: Forcing endless battles is banned\n|rule|OHKO Clause: OHKO moves are banned\n|rule|Evasion Moves Clause: Evasion moves are banned\n|rule|Evasion Items Clause: Evasion items are banned\n|rule|Species Clause: Limit one of each Pok\u00e9mon\n|rule|Sleep Clause Mod: Limit one foe put to sleep\n|rule|Mega Rayquaza Clause: You cannot mega evolve Rayquaza\n|clearpoke\n|poke|p1|Blaziken, M|\n|poke|p1|Giratina-Origin|\n|poke|p1|Chansey, F|\n|poke|p1|Groudon|\n|poke|p1|Eternatus|\n|poke|p1|Necrozma-Dusk-Mane|\n|poke|p2|Dragonite, M|\n|poke|p2|Gengar, M|\n|poke|p2|Dracovish|\n|poke|p2|Lucario, M|\n|poke|p2|Sirfetch\u2019d, M|\n|poke|p2|Pikachu, M|\n|teampreview\n|c|\u2606NDSNEZ pikakip379|lol pikachu\n|c|\u2606NDSNEZ pikakip379|wait is this a fucking ash team\n|c|\u2606NDSNEZ pikakip379|gg ez\n|\n|t:|1700982465\n|start\n|switch|p1a: Why you lion|Necrozma-Dusk-Mane|100\/100\n|switch|p2a: Pikachu|Pikachu, M|100\/100\n|turn|1\n|\n|t:|1700982477\n|switch|p1a: Rend the Earth|Groudon, shiny|100\/100\n|detailschange|p1a: Rend the Earth|Groudon-Primal, shiny\n|-primal|p1a: Rend the Earth|Red Orb\n|-weather|DesolateLand|[from] ability: Desolate Land|[of] p1a: Rend the Earth\n|move|p2a: Pikachu|Fake Out|p1a: Rend the Earth\n|-damage|p1a: Rend the Earth|93\/100\n|\n|-weather|DesolateLand|[upkeep]\n|upkeep\n|turn|2\n|\n|t:|1700982491\n|switch|p2a: Dragonite|Dragonite, M|100\/100\n|move|p1a: Rend the Earth|Lava Plume|p2a: Dragonite\n|-resisted|p2a: Dragonite\n|-damage|p2a: Dragonite|85\/100\n|\n|-weather|DesolateLand|[upkeep]\n|upkeep\n|turn|3\n|\n|t:|1700982504\n|move|p2a: Dragonite|Dragon Dance|p2a: Dragonite\n|-boost|p2a: Dragonite|atk|1\n|-boost|p2a: Dragonite|spe|1\n|move|p1a: Rend the Earth|Stone Edge|p2a: Dragonite\n|-supereffective|p2a: Dragonite\n|-crit|p2a: Dragonite\n|-damage|p2a: Dragonite|0 fnt\n|faint|p2a: Dragonite\n|\n|-weather|DesolateLand|[upkeep]\n|upkeep\n|\n|t:|1700982514\n|switch|p2a: Dracovish|Dracovish|100\/100\n|turn|4\n|\n|t:|1700982521\n|move|p2a: Dracovish|Fishious Rend||[still]\n|-fail|p2a: Dracovish|Fishious Rend|[from] Desolate Land\n|move|p1a: Rend the Earth|Lava Plume|p2a: Dracovish\n|-resisted|p2a: Dracovish\n|-damage|p2a: Dracovish|83\/100\n|-status|p2a: Dracovish|brn\n|\n|-weather|DesolateLand|[upkeep]\n|-damage|p2a: Dracovish|77\/100 brn|[from] brn\n|upkeep\n|turn|5\n|c|\u2606NDSNEZ pikakip379|LMAO\n|\n|t:|1700982538\n|switch|p2a: Sirfetch\u2019d|Sirfetch\u2019d, M|100\/100\n|move|p1a: Rend the Earth|Spikes|p2a: Sirfetch\u2019d\n|-sidestart|p2: ghazitoomix|Spikes\n|\n|-weather|DesolateLand|[upkeep]\n|upkeep\n|turn|6\n|\n|t:|1700982552\n|move|p2a: Sirfetch\u2019d|Leaf Blade|p1a: Rend the Earth\n|-damage|p1a: Rend the Earth|79\/100\n|move|p1a: Rend the Earth|Lava Plume|p2a: Sirfetch\u2019d\n|-damage|p2a: Sirfetch\u2019d|6\/100\n|-status|p2a: Sirfetch\u2019d|brn\n|\n|-weather|DesolateLand|[upkeep]\n|-damage|p2a: Sirfetch\u2019d|0 fnt|[from] brn\n|faint|p2a: Sirfetch\u2019d\n|upkeep\n|\n|t:|1700982567\n|switch|p2a: Gengar|Gengar, M|100\/100\n|-damage|p2a: Gengar|88\/100|[from] Spikes\n|turn|7\n|\n|t:|1700982574\n|move|p2a: Gengar|Shadow Ball|p1a: Rend the Earth\n|-damage|p1a: Rend the Earth|35\/100\n|move|p1a: Rend the Earth|Earthquake|p2a: Gengar\n|-supereffective|p2a: Gengar\n|-damage|p2a: Gengar|0 fnt\n|faint|p2a: Gengar\n|\n|-weather|DesolateLand|[upkeep]\n|upkeep\n|\n|t:|1700982583\n|switch|p2a: Lucario|Lucario, M|100\/100\n|-damage|p2a: Lucario|88\/100|[from] Spikes\n|turn|8\n|\n|t:|1700982606\n|-weather|none\n|switch|p1a: Why you lion|Necrozma-Dusk-Mane|100\/100\n|move|p2a: Lucario|Extreme Speed|p1a: Why you lion\n|-resisted|p1a: Why you lion\n|-damage|p1a: Why you lion|93\/100\n|\n|upkeep\n|turn|9\n|\n|t:|1700982620\n|move|p2a: Lucario|Swords Dance|p2a: Lucario\n|-boost|p2a: Lucario|atk|2\n|move|p1a: Why you lion|Stealth Rock|p2a: Lucario\n|-sidestart|p2: ghazitoomix|move: Stealth Rock\n|\n|upkeep\n|turn|10\n|\n|t:|1700982626\n|move|p2a: Lucario|Close Combat|p1a: Why you lion\n|-damage|p1a: Why you lion|29\/100\n|-unboost|p2a: Lucario|def|1\n|-unboost|p2a: Lucario|spd|1\n|move|p1a: Why you lion|Sunsteel Strike|p2a: Lucario\n|-resisted|p2a: Lucario\n|-damage|p2a: Lucario|27\/100\n|\n|upkeep\n|turn|11\n|\n|t:|1700982638\n|switch|p1a: It's me The Devil|Giratina-Origin|100\/100\n|move|p2a: Lucario|Close Combat|p1a: It's me The Devil\n|-immune|p1a: It's me The Devil\n|\n|upkeep\n|turn|12\n|\n|t:|1700982646\n|move|p2a: Lucario|Bullet Punch|p1a: It's me The Devil\n|-damage|p1a: It's me The Devil|75\/100\n|move|p1a: It's me The Devil|Hex|p2a: Lucario\n|-damage|p2a: Lucario|0 fnt\n|faint|p2a: Lucario\n|\n|upkeep\n|\n|t:|1700982653\n|switch|p2a: Dracovish|Dracovish|77\/100 brn\n|-damage|p2a: Dracovish|64\/100 brn|[from] Spikes\n|-damage|p2a: Dracovish|52\/100 brn|[from] Stealth Rock\n|turn|13\n|\n|t:|1700982679\n|switch|p1a: Why you lion|Necrozma-Dusk-Mane|29\/100\n|move|p2a: Dracovish|Crunch|p1a: Why you lion\n|-supereffective|p1a: Why you lion\n|-damage|p1a: Why you lion|14\/100\n|\n|-damage|p2a: Dracovish|45\/100 brn|[from] brn\n|upkeep\n|turn|14\n|\n|t:|1700982692\n|switch|p1a: Torchy|Blaziken, M|100\/100\n|move|p2a: Dracovish|Crunch|p1a: Torchy\n|-resisted|p1a: Torchy\n|-damage|p1a: Torchy|88\/100\n|\n|-damage|p2a: Dracovish|39\/100 brn|[from] brn\n|upkeep\n|turn|15\n|\n|t:|1700982702\n|detailschange|p1a: Torchy|Blaziken-Mega, M\n|-mega|p1a: Torchy|Blaziken|Blazikenite\n|move|p2a: Dracovish|Crunch|p1a: Torchy\n|-resisted|p1a: Torchy\n|-damage|p1a: Torchy|78\/100\n|move|p1a: Torchy|Swords Dance|p1a: Torchy\n|-boost|p1a: Torchy|atk|2\n|\n|-damage|p2a: Dracovish|33\/100 brn|[from] brn\n|-ability|p1a: Torchy|Speed Boost|boost\n|-boost|p1a: Torchy|spe|1\n|upkeep\n|turn|16\n|\n|t:|1700982716\n|-terastallize|p2a: Dracovish|Water\n|move|p1a: Torchy|Low Kick|p2a: Dracovish\n|-damage|p2a: Dracovish|0 fnt\n|faint|p2a: Dracovish\n|\n|-ability|p1a: Torchy|Speed Boost|boost\n|-boost|p1a: Torchy|spe|1\n|upkeep\n|\n|t:|1700982725\n|switch|p2a: Pikachu|Pikachu, M|100\/100\n|-damage|p2a: Pikachu|88\/100|[from] Spikes\n|-damage|p2a: Pikachu|76\/100|[from] Stealth Rock\n|turn|17\n|\n|t:|1700982731\n|move|p2a: Pikachu|Fake Out|p1a: Torchy\n|-damage|p1a: Torchy|56\/100\n|cant|p1a: Torchy|flinch\n|\n|-ability|p1a: Torchy|Speed Boost|boost\n|-boost|p1a: Torchy|spe|1\n|upkeep\n|turn|18\n|c|\u2606NDSNEZ pikakip379|ggs\n|\n|t:|1700982740\n|move|p1a: Torchy|Flare Blitz|p2a: Pikachu\n|-damage|p2a: Pikachu|0 fnt\n|faint|p2a: Pikachu\n|-damage|p1a: Torchy|39\/100|[from] Recoil\n|\n|win|NDSNEZ pikakip379\n|raw|NDSNEZ pikakip379's rating: 1065 &rarr; <strong>1093<\/strong><br \/>(+28 for winning)\n|raw|ghazitoomix's rating: 1040 &rarr; <strong>1025<\/strong><br \/>(-15 for losing)\n","uploadtime":1700982745,"views":9,"p1id":"ndsnezpikakip379","p2id":"ghazitoomix","formatid":"gen9nationaldexubers","rating":1025,"private":0,"password":""}