{"id":"gen9nationaldexubers-1988780331","p1":"vuvu42","p2":"raynee22","format":"[Gen 9] National Dex Ubers","log":"|j|\u2606vuvu42\n|j|\u2606raynee22\n|t:|1699762196\n|gametype|singles\n|player|p1|vuvu42|byron|\n|player|p2|raynee22|266|\n|teamsize|p1|6\n|teamsize|p2|6\n|gen|9\n|tier|[Gen 9] National Dex Ubers\n|rule|HP Percentage Mod: HP is shown in percentages\n|rule|Endless Battle Clause: Forcing endless battles is banned\n|rule|OHKO Clause: OHKO moves are banned\n|rule|Evasion Moves Clause: Evasion moves are banned\n|rule|Evasion Items Clause: Evasion items are banned\n|rule|Species Clause: Limit one of each Pok\u00e9mon\n|rule|Sleep Clause Mod: Limit one foe put to sleep\n|rule|Mega Rayquaza Clause: You cannot mega evolve Rayquaza\n|clearpoke\n|poke|p1|Charizard, F|\n|poke|p1|Great Tusk|\n|poke|p1|Slowbro, F|\n|poke|p1|Gholdengo|\n|poke|p1|Serperior, M|\n|poke|p1|Weavile, F|\n|poke|p2|Empoleon, M|\n|poke|p2|Scizor, M|\n|poke|p2|Greninja-*, F|\n|poke|p2|Lilligant-Hisui, F|\n|poke|p2|Nidoking, M|\n|poke|p2|Pawmot, F|\n|teampreview\n|\n|t:|1699762213\n|start\n|switch|p1a: serple haze|Serperior, M|100\/100\n|switch|p2a: Cold Birb|Empoleon, M|100\/100\n|turn|1\n|\n|t:|1699762231\n|move|p1a: serple haze|Glare|p2a: Cold Birb\n|-status|p2a: Cold Birb|par\n|move|p2a: Cold Birb|Stealth Rock|p1a: serple haze\n|-sidestart|p1: vuvu42|move: Stealth Rock\n|\n|upkeep\n|turn|2\n|\n|t:|1699762242\n|move|p1a: serple haze|Leech Seed|p2a: Cold Birb\n|-start|p2a: Cold Birb|move: Leech Seed\n|move|p2a: Cold Birb|Yawn|p1a: serple haze\n|-start|p1a: serple haze|move: Yawn|[of] p2a: Cold Birb\n|\n|-damage|p2a: Cold Birb|88\/100 par|[from] Leech Seed|[of] p1a: serple haze\n|upkeep\n|turn|3\n|j| dunsparcedingo\n|c| dunsparcedingo|first to say clumps\n|\n|t:|1699762288\n|switch|p1a: pokemon crafter|Slowbro, F|100\/100\n|-damage|p1a: pokemon crafter|88\/100|[from] Stealth Rock\n|cant|p2a: Cold Birb|par\n|\n|-heal|p1a: pokemon crafter|94\/100|[from] item: Leftovers\n|-heal|p2a: Cold Birb|94\/100 par|[from] item: Leftovers\n|-damage|p2a: Cold Birb|82\/100 par|[from] Leech Seed|[of] p1a: pokemon crafter\n|-heal|p1a: pokemon crafter|100\/100|[silent]\n|upkeep\n|turn|4\n|\n|t:|1699762317\n|switch|p2a: Ninja Frog|Greninja, F|100\/100\n|move|p1a: pokemon crafter|Light Screen|p1a: pokemon crafter\n|-sidestart|p1: vuvu42|move: Light Screen\n|\n|upkeep\n|turn|5\n|\n|t:|1699762330\n|move|p2a: Ninja Frog|Night Slash|p1a: pokemon crafter\n|-supereffective|p1a: pokemon crafter\n|-damage|p1a: pokemon crafter|39\/100\n|-damage|p2a: Ninja Frog|91\/100|[from] item: Life Orb\n|move|p1a: pokemon crafter|Yawn|p2a: Ninja Frog\n|-start|p2a: Ninja Frog|move: Yawn|[of] p1a: pokemon crafter\n|\n|-heal|p1a: pokemon crafter|45\/100|[from] item: Leftovers\n|upkeep\n|turn|6\n|j| TheRicoSuave\n|\n|t:|1699762351\n|switch|p1a: maplestory|Great Tusk|100\/100\n|-damage|p1a: maplestory|98\/100|[from] Stealth Rock\n|move|p2a: Ninja Frog|Night Slash|p1a: maplestory\n|-resisted|p1a: maplestory\n|-damage|p1a: maplestory|84\/100\n|-damage|p2a: Ninja Frog|81\/100|[from] item: Life Orb\n|\n|-heal|p1a: maplestory|90\/100|[from] item: Leftovers\n|-end|p2a: Ninja Frog|move: Yawn|[silent]\n|-status|p2a: Ninja Frog|slp\n|upkeep\n|turn|7\n|\n|t:|1699762372\n|switch|p2a: BasicallyArmadillo|Nidoking, M|100\/100\n|move|p1a: maplestory|Rapid Spin|p2a: BasicallyArmadillo\n|-damage|p2a: BasicallyArmadillo|76\/100\n|-boost|p1a: maplestory|spe|1\n|-sideend|p1: vuvu42|Stealth Rock|[from] move: Rapid Spin|[of] p1a: maplestory\n|\n|-heal|p1a: maplestory|96\/100|[from] item: Leftovers\n|upkeep\n|turn|8\n|\n|t:|1699762396\n|move|p1a: maplestory|Earthquake|p2a: BasicallyArmadillo\n|-supereffective|p2a: BasicallyArmadillo\n|-damage|p2a: BasicallyArmadillo|0 fnt\n|faint|p2a: BasicallyArmadillo\n|\n|-heal|p1a: maplestory|100\/100|[from] item: Leftovers\n|-sideend|p1: vuvu42|move: Light Screen\n|upkeep\n|\n|t:|1699762411\n|switch|p2a: Cold Birb|Empoleon, M|82\/100 par\n|turn|9\n|\n|t:|1699762419\n|move|p1a: maplestory|Earthquake|p2a: Cold Birb\n|-supereffective|p2a: Cold Birb\n|-damage|p2a: Cold Birb|0 fnt\n|faint|p2a: Cold Birb\n|\n|upkeep\n|\n|t:|1699762437\n|switch|p2a: Dancing Flower|Lilligant-Hisui, F|100\/100\n|turn|10\n|\n|t:|1699762453\n|-terastallize|p1a: maplestory|Grass\n|move|p1a: maplestory|Ice Spinner|p2a: Dancing Flower\n|-supereffective|p2a: Dancing Flower\n|-damage|p2a: Dancing Flower|20\/100\n|move|p2a: Dancing Flower|Ice Spinner|p1a: maplestory\n|-supereffective|p1a: maplestory\n|-damage|p1a: maplestory|68\/100\n|\n|-heal|p1a: maplestory|74\/100|[from] item: Leftovers\n|upkeep\n|turn|11\n|\n|t:|1699762482\n|move|p1a: maplestory|Ice Spinner|p2a: Dancing Flower\n|-supereffective|p2a: Dancing Flower\n|-damage|p2a: Dancing Flower|0 fnt\n|faint|p2a: Dancing Flower\n|\n|-heal|p1a: maplestory|80\/100|[from] item: Leftovers\n|upkeep\n|\n|t:|1699762490\n|switch|p2a: Metal Bug|Scizor, M|100\/100\n|turn|12\n|\n|t:|1699762500\n|-end|p1a: maplestory|Protosynthesis|[silent]\n|switch|p1a: neopets|Charizard, F|100\/100\n|detailschange|p2a: Metal Bug|Scizor-Mega, M\n|-mega|p2a: Metal Bug|Scizor|Scizorite\n|move|p2a: Metal Bug|Bullet Punch|p1a: neopets\n|-resisted|p1a: neopets\n|-damage|p1a: neopets|73\/100\n|\n|upkeep\n|turn|13\n|\n|t:|1699762520\n|detailschange|p1a: neopets|Charizard-Mega-Y, F\n|-mega|p1a: neopets|Charizard|Charizardite Y\n|-weather|SunnyDay|[from] ability: Drought|[of] p1a: neopets\n|move|p1a: neopets|Flamethrower|p2a: Metal Bug\n|-supereffective|p2a: Metal Bug\n|-damage|p2a: Metal Bug|0 fnt\n|faint|p2a: Metal Bug\n|\n|-weather|SunnyDay|[upkeep]\n|upkeep\n|\n|t:|1699762527\n|switch|p2a: Ninja Frog|Greninja, F|81\/100 slp\n|turn|14\n|\n|t:|1699762534\n|cant|p2a: Ninja Frog|slp\n|move|p1a: neopets|Solar Beam||[still]\n|-prepare|p1a: neopets|Solar Beam\n|-anim|p1a: neopets|Solar Beam|p2a: Ninja Frog\n|-supereffective|p2a: Ninja Frog\n|-damage|p2a: Ninja Frog|0 fnt\n|faint|p2a: Ninja Frog\n|\n|-weather|SunnyDay|[upkeep]\n|upkeep\n|\n|t:|1699762541\n|switch|p2a: Standing Mouse|Pawmot, F|100\/100\n|turn|15\n|\n|t:|1699762552\n|switch|p1a: serple haze|Serperior, M|100\/100\n|move|p2a: Standing Mouse|Double Shock|p1a: serple haze\n|-resisted|p1a: serple haze\n|-damage|p1a: serple haze|63\/100\n|-start|p2a: Standing Mouse|typechange|???\/Fighting|[from] move: Double Shock\n|\n|-weather|SunnyDay|[upkeep]\n|-heal|p1a: serple haze|69\/100|[from] item: Leftovers\n|upkeep\n|turn|16\n|\n|t:|1699762563\n|move|p1a: serple haze|Glare|p2a: Standing Mouse\n|-status|p2a: Standing Mouse|par\n|move|p2a: Standing Mouse|Crunch|p1a: serple haze\n|-damage|p1a: serple haze|36\/100\n|\n|-weather|SunnyDay|[upkeep]\n|-heal|p1a: serple haze|42\/100|[from] item: Leftovers\n|upkeep\n|turn|17\n|\n|t:|1699762576\n|move|p1a: serple haze|Leech Seed|p2a: Standing Mouse\n|-start|p2a: Standing Mouse|move: Leech Seed\n|move|p2a: Standing Mouse|Crunch|p1a: serple haze\n|-crit|p1a: serple haze\n|-damage|p1a: serple haze|0 fnt\n|faint|p1a: serple haze\n|\n|-weather|none\n|upkeep\n|\n|t:|1699762588\n|switch|p1a: maplestory|Great Tusk, tera:Grass|80\/100\n|turn|18\n|\n|t:|1699762598\n|move|p1a: maplestory|Earthquake|p2a: Standing Mouse\n|-damage|p2a: Standing Mouse|9\/100 par\n|cant|p2a: Standing Mouse|par\n|\n|-heal|p1a: maplestory|86\/100|[from] item: Leftovers\n|-damage|p2a: Standing Mouse|0 fnt|[from] Leech Seed|[of] p1a: maplestory\n|-heal|p1a: maplestory|93\/100|[silent]\n|faint|p2a: Standing Mouse\n|\n|win|vuvu42\n|upkeep\n","uploadtime":1699762609,"views":12,"p1id":"vuvu42","p2id":"raynee22","formatid":"gen9nationaldexubers","rating":0,"private":0,"password":""}