{"id":"gen9nationaldexubers-1993453371","p1":"Strike Mv","p2":"Weirdmenace","format":"[Gen 9] National Dex Ubers","log":"|j|\u2606Strike Mv\n|j|\u2606Weirdmenace\n|t:|1700319796\n|gametype|singles\n|player|p1|Strike Mv|266|1487\n|player|p2|Weirdmenace|caitlin|1426\n|teamsize|p1|6\n|teamsize|p2|6\n|gen|9\n|tier|[Gen 9] National Dex Ubers\n|rated|\n|rule|HP Percentage Mod: HP is shown in percentages\n|rule|Endless Battle Clause: Forcing endless battles is banned\n|rule|OHKO Clause: OHKO moves are banned\n|rule|Evasion Moves Clause: Evasion moves are banned\n|rule|Evasion Items Clause: Evasion items are banned\n|rule|Species Clause: Limit one of each Pok\u00e9mon\n|rule|Sleep Clause Mod: Limit one foe put to sleep\n|rule|Mega Rayquaza Clause: You cannot mega evolve Rayquaza\n|clearpoke\n|poke|p1|Marshadow|\n|poke|p1|Flutter Mane|\n|poke|p1|Ho-Oh|\n|poke|p1|Groudon|\n|poke|p1|Necrozma-Dusk-Mane|\n|poke|p1|Arceus-Dark|\n|poke|p2|Ho-Oh|\n|poke|p2|Zygarde|\n|poke|p2|Marshadow|\n|poke|p2|Groudon|\n|poke|p2|Arceus-Dark|\n|poke|p2|Kyogre|\n|teampreview\n|\n|t:|1700319806\n|start\n|switch|p1a: Ho-Oh|Ho-Oh|100\/100\n|switch|p2a: birdspam|Ho-Oh|100\/100\n|turn|1\n|\n|t:|1700319811\n|move|p1a: Ho-Oh|Brave Bird|p2a: birdspam\n|-damage|p2a: birdspam|62\/100\n|-damage|p1a: Ho-Oh|88\/100|[from] Recoil\n|move|p2a: birdspam|Toxic|p1a: Ho-Oh\n|-status|p1a: Ho-Oh|tox\n|\n|-damage|p1a: Ho-Oh|82\/100 tox|[from] psn\n|upkeep\n|turn|2\n|\n|t:|1700319818\n|move|p1a: Ho-Oh|Brave Bird|p2a: birdspam\n|-damage|p2a: birdspam|16\/100\n|-damage|p1a: Ho-Oh|67\/100 tox|[from] Recoil\n|move|p2a: birdspam|Recover|p2a: birdspam\n|-heal|p2a: birdspam|66\/100\n|\n|-damage|p1a: Ho-Oh|54\/100 tox|[from] psn\n|upkeep\n|turn|3\n|inactive|Battle timer is ON: inactive players will automatically lose when time's up. (requested by Weirdmenace)\n|\n|t:|1700319828\n|switch|p1a: Necrozma|Necrozma-Dusk-Mane|100\/100\n|move|p2a: birdspam|Recover|p2a: birdspam\n|-heal|p2a: birdspam|100\/100\n|\n|upkeep\n|turn|4\n|\n|t:|1700319834\n|move|p2a: birdspam|Toxic|p1a: Necrozma\n|-immune|p1a: Necrozma\n|move|p1a: Necrozma|Stealth Rock|p2a: birdspam\n|-sidestart|p2: Weirdmenace|move: Stealth Rock\n|\n|upkeep\n|turn|5\n|\n|t:|1700319838\n|move|p2a: birdspam|Defog|p1a: Necrozma\n|-unboost|p1a: Necrozma|evasion|1\n|-sideend|p2: Weirdmenace|Stealth Rock|[from] move: Defog|[of] p2a: birdspam\n|move|p1a: Necrozma|Swords Dance|p1a: Necrozma\n|-boost|p1a: Necrozma|atk|2\n|\n|upkeep\n|turn|6\n|\n|t:|1700319844\n|move|p2a: birdspam|Sacred Fire|p1a: Necrozma\n|-supereffective|p1a: Necrozma\n|-damage|p1a: Necrozma|64\/100\n|move|p1a: Necrozma|Sunsteel Strike|p2a: birdspam\n|-resisted|p2a: birdspam\n|-damage|p2a: birdspam|67\/100\n|\n|upkeep\n|turn|7\n|\n|t:|1700319851\n|move|p2a: birdspam|Sacred Fire|p1a: Necrozma\n|-supereffective|p1a: Necrozma\n|-damage|p1a: Necrozma|23\/100\n|move|p1a: Necrozma|Stealth Rock|p2a: birdspam\n|-sidestart|p2: Weirdmenace|move: Stealth Rock\n|\n|upkeep\n|turn|8\n|\n|t:|1700319857\n|move|p2a: birdspam|Sacred Fire|p1a: Necrozma\n|-supereffective|p1a: Necrozma\n|-damage|p1a: Necrozma|0 fnt\n|faint|p1a: Necrozma\n|\n|upkeep\n|\n|t:|1700319860\n|switch|p1a: Flutter Mane|Flutter Mane|100\/100\n|-enditem|p1a: Flutter Mane|Booster Energy\n|-activate|p1a: Flutter Mane|ability: Protosynthesis|[fromitem]\n|-start|p1a: Flutter Mane|protosynthesisspe\n|turn|9\n|\n|t:|1700319869\n|move|p1a: Flutter Mane|Power Gem|p2a: birdspam\n|-supereffective|p2a: birdspam\n|-damage|p2a: birdspam|1\/100\n|move|p2a: birdspam|Defog|p1a: Flutter Mane\n|-unboost|p1a: Flutter Mane|evasion|1\n|-sideend|p2: Weirdmenace|Stealth Rock|[from] move: Defog|[of] p2a: birdspam\n|\n|upkeep\n|turn|10\n|\n|t:|1700319878\n|switch|p2a: goldfish crackers|Kyogre|100\/100\n|detailschange|p2a: goldfish crackers|Kyogre-Primal\n|-primal|p2a: goldfish crackers|Blue Orb\n|-weather|PrimordialSea|[from] ability: Primordial Sea|[of] p2a: goldfish crackers\n|move|p1a: Flutter Mane|Shadow Ball|p2a: goldfish crackers\n|-damage|p2a: goldfish crackers|75\/100\n|\n|-weather|PrimordialSea|[upkeep]\n|upkeep\n|turn|11\n|\n|t:|1700319885\n|-end|p1a: Flutter Mane|Protosynthesis|[silent]\n|switch|p1a: Groudon|Groudon|100\/100\n|detailschange|p1a: Groudon|Groudon-Primal\n|-primal|p1a: Groudon|Red Orb\n|-weather|DesolateLand|[from] ability: Desolate Land|[of] p1a: Groudon\n|move|p2a: goldfish crackers|Origin Pulse||[still]\n|-fail|p2a: goldfish crackers|Origin Pulse|[from] Desolate Land\n|\n|-weather|DesolateLand|[upkeep]\n|upkeep\n|turn|12\n|\n|t:|1700319894\n|switch|p2a: looks at you funny|Zygarde|100\/100\n|move|p1a: Groudon|Spikes|p2a: looks at you funny\n|-sidestart|p2: Weirdmenace|Spikes\n|\n|-weather|DesolateLand|[upkeep]\n|upkeep\n|turn|13\n|\n|t:|1700319902\n|-weather|none\n|switch|p1a: Flutter Mane|Flutter Mane|100\/100\n|move|p2a: looks at you funny|Coil|p2a: looks at you funny\n|-boost|p2a: looks at you funny|atk|1\n|-boost|p2a: looks at you funny|def|1\n|-boost|p2a: looks at you funny|accuracy|1\n|\n|upkeep\n|turn|14\n|\n|t:|1700319907\n|-terastallize|p2a: looks at you funny|Normal\n|move|p1a: Flutter Mane|Moonblast|p2a: looks at you funny\n|-damage|p2a: looks at you funny|59\/100\n|move|p2a: looks at you funny|Coil|p2a: looks at you funny\n|-boost|p2a: looks at you funny|atk|1\n|-boost|p2a: looks at you funny|def|1\n|-boost|p2a: looks at you funny|accuracy|1\n|\n|upkeep\n|turn|15\n|\n|t:|1700319912\n|move|p1a: Flutter Mane|Moonblast|p2a: looks at you funny\n|-damage|p2a: looks at you funny|22\/100\n|move|p2a: looks at you funny|Thousand Arrows|p1a: Flutter Mane\n|-damage|p1a: Flutter Mane|0 fnt\n|faint|p1a: Flutter Mane\n|-end|p1a: Flutter Mane|Protosynthesis|[silent]\n|\n|-activate|p2a: looks at you funny|ability: Power Construct\n|detailschange|p2a: looks at you funny|Zygarde-Complete, tera:Normal\n|-heal|p2a: looks at you funny|49\/100|[silent]\n|upkeep\n|\n|t:|1700319928\n|switch|p1a: Arceus|Arceus-Dark|100\/100\n|turn|16\n|\n|t:|1700319932\n|move|p1a: Arceus|Foul Play|p2a: looks at you funny\n|-damage|p2a: looks at you funny|33\/100\n|move|p2a: looks at you funny|Rest|p2a: looks at you funny\n|-status|p2a: looks at you funny|slp|[from] move: Rest\n|-heal|p2a: looks at you funny|100\/100 slp|[silent]\n|-enditem|p2a: looks at you funny|Chesto Berry|[eat]\n|-curestatus|p2a: looks at you funny|slp|[msg]\n|\n|upkeep\n|turn|17\n|\n|t:|1700319941\n|move|p1a: Arceus|Toxic|p2a: looks at you funny\n|-status|p2a: looks at you funny|tox\n|move|p2a: looks at you funny|Coil|p2a: looks at you funny\n|-boost|p2a: looks at you funny|atk|1\n|-boost|p2a: looks at you funny|def|1\n|-boost|p2a: looks at you funny|accuracy|1\n|\n|-damage|p2a: looks at you funny|94\/100 tox|[from] psn\n|upkeep\n|turn|18\n|\n|t:|1700319944\n|move|p1a: Arceus|Taunt|p2a: looks at you funny\n|-start|p2a: looks at you funny|move: Taunt\n|move|p2a: looks at you funny|Thousand Arrows|p1a: Arceus\n|-damage|p1a: Arceus|54\/100\n|\n|-damage|p2a: looks at you funny|82\/100 tox|[from] psn\n|upkeep\n|turn|19\n|\n|t:|1700319950\n|move|p1a: Arceus|Recover|p1a: Arceus\n|-heal|p1a: Arceus|100\/100\n|move|p2a: looks at you funny|Thousand Arrows|p1a: Arceus\n|-damage|p1a: Arceus|56\/100\n|\n|-damage|p2a: looks at you funny|64\/100 tox|[from] psn\n|upkeep\n|turn|20\n|\n|t:|1700319957\n|move|p2a: looks at you funny|Extreme Speed|p1a: Arceus\n|-damage|p1a: Arceus|14\/100\n|move|p1a: Arceus|Recover|p1a: Arceus\n|-heal|p1a: Arceus|64\/100\n|\n|-damage|p2a: looks at you funny|39\/100 tox|[from] psn\n|-end|p2a: looks at you funny|move: Taunt\n|upkeep\n|turn|21\n|\n|t:|1700319964\n|move|p2a: looks at you funny|Extreme Speed|p1a: Arceus\n|-damage|p1a: Arceus|22\/100\n|move|p1a: Arceus|Taunt|p2a: looks at you funny\n|-start|p2a: looks at you funny|move: Taunt\n|\n|-damage|p2a: looks at you funny|9\/100 tox|[from] psn\n|upkeep\n|turn|22\n|\n|t:|1700319970\n|switch|p1a: Marshadow|Marshadow|100\/100\n|move|p2a: looks at you funny|Thousand Arrows|p1a: Marshadow\n|-damage|p1a: Marshadow|4\/100\n|\n|-damage|p2a: looks at you funny|0 fnt|[from] psn\n|faint|p2a: looks at you funny\n|upkeep\n|\n|t:|1700319981\n|switch|p2a: borzoi|Marshadow|100\/100\n|-damage|p2a: borzoi|88\/100|[from] Spikes\n|turn|23\n|\n|t:|1700319986\n|move|p1a: Marshadow|Shadow Sneak|p2a: borzoi\n|-supereffective|p2a: borzoi\n|-damage|p2a: borzoi|15\/100\n|move|p2a: borzoi|Shadow Sneak|p1a: Marshadow\n|-supereffective|p1a: Marshadow\n|-damage|p1a: Marshadow|0 fnt\n|faint|p1a: Marshadow\n|\n|upkeep\n|\n|t:|1700319991\n|switch|p1a: Groudon|Groudon-Primal|100\/100\n|-weather|DesolateLand|[from] ability: Desolate Land|[of] p1a: Groudon\n|turn|24\n|\n|t:|1700319998\n|switch|p2a: birdspam|Ho-Oh|34\/100\n|move|p1a: Groudon|Precipice Blades|p2a: birdspam\n|-immune|p2a: birdspam\n|\n|-weather|DesolateLand|[upkeep]\n|upkeep\n|turn|25\n|\n|t:|1700320007\n|switch|p2a: BKC|Arceus-Dark|100\/100\n|-damage|p2a: BKC|88\/100|[from] Spikes\n|move|p1a: Groudon|Rock Tomb|p2a: BKC\n|-damage|p2a: BKC|71\/100\n|-unboost|p2a: BKC|spe|1\n|\n|-weather|DesolateLand|[upkeep]\n|upkeep\n|turn|26\n|\n|t:|1700320014\n|move|p1a: Groudon|Precipice Blades|p2a: BKC\n|-damage|p2a: BKC|16\/100\n|move|p2a: BKC|Foul Play|p1a: Groudon\n|-damage|p1a: Groudon|62\/100\n|\n|-weather|DesolateLand|[upkeep]\n|upkeep\n|turn|27\n|\n|t:|1700320022\n|switch|p2a: birdspam|Ho-Oh|67\/100\n|move|p1a: Groudon|Precipice Blades|p2a: birdspam\n|-immune|p2a: birdspam\n|\n|-weather|DesolateLand|[upkeep]\n|upkeep\n|turn|28\n|\n|t:|1700320027\n|move|p1a: Groudon|Rock Tomb|p2a: birdspam\n|-supereffective|p2a: birdspam\n|-damage|p2a: birdspam|0 fnt\n|faint|p2a: birdspam\n|\n|-weather|DesolateLand|[upkeep]\n|upkeep\n|\n|t:|1700320033\n|switch|p2a: goldfish crackers|Kyogre-Primal|75\/100\n|-damage|p2a: goldfish crackers|63\/100|[from] Spikes\n|-weather|PrimordialSea|[from] ability: Primordial Sea|[of] p2a: goldfish crackers\n|turn|29\n|\n|t:|1700320039\n|switch|p1a: Arceus|Arceus-Dark|22\/100\n|move|p2a: goldfish crackers|Origin Pulse|p1a: Arceus\n|-damage|p1a: Arceus|0 fnt\n|faint|p1a: Arceus\n|\n|-weather|PrimordialSea|[upkeep]\n|upkeep\n|\n|t:|1700320042\n|switch|p1a: Groudon|Groudon-Primal|62\/100\n|-weather|DesolateLand|[from] ability: Desolate Land|[of] p1a: Groudon\n|turn|30\n|\n|t:|1700320047\n|switch|p2a: BKC|Arceus-Dark|16\/100\n|-damage|p2a: BKC|4\/100|[from] Spikes\n|move|p1a: Groudon|Precipice Blades|p2a: BKC\n|-crit|p2a: BKC\n|-damage|p2a: BKC|0 fnt\n|faint|p2a: BKC\n|\n|-weather|DesolateLand|[upkeep]\n|upkeep\n|\n|t:|1700320052\n|switch|p2a: goldfish crackers|Kyogre-Primal|63\/100\n|-damage|p2a: goldfish crackers|50\/100|[from] Spikes\n|-weather|PrimordialSea|[from] ability: Primordial Sea|[of] p2a: goldfish crackers\n|turn|31\n|\n|t:|1700320055\n|move|p1a: Groudon|Precipice Blades|p2a: goldfish crackers\n|-damage|p2a: goldfish crackers|0 fnt\n|faint|p2a: goldfish crackers\n|-weather|none\n|\n|upkeep\n|\n|t:|1700320060\n|switch|p2a: kid named eruption|Groudon|100\/100\n|-damage|p2a: kid named eruption|88\/100|[from] Spikes\n|detailschange|p2a: kid named eruption|Groudon-Primal\n|-primal|p2a: kid named eruption|Red Orb\n|-weather|DesolateLand|[from] ability: Desolate Land|[of] p2a: kid named eruption\n|turn|32\n|\n|t:|1700320064\n|move|p1a: Groudon|Precipice Blades|p2a: kid named eruption\n|-supereffective|p2a: kid named eruption\n|-damage|p2a: kid named eruption|0 fnt\n|faint|p2a: kid named eruption\n|\n|-weather|DesolateLand|[upkeep]\n|upkeep\n|\n|t:|1700320068\n|switch|p2a: borzoi|Marshadow|15\/100\n|-damage|p2a: borzoi|2\/100|[from] Spikes\n|turn|33\n|\n|t:|1700320074\n|move|p2a: borzoi|Spectral Thief|p1a: Groudon\n|-damage|p1a: Groudon|28\/100\n|move|p1a: Groudon|Precipice Blades|p2a: borzoi\n|-damage|p2a: borzoi|0 fnt\n|faint|p2a: borzoi\n|\n|win|Strike Mv\n|raw|Strike Mv's rating: 1487 &rarr; <strong>1504<\/strong><br \/>(+17 for winning)\n|raw|Weirdmenace's rating: 1426 &rarr; <strong>1409<\/strong><br \/>(-17 for losing)\n|l|\u2606Weirdmenace\n|l|\u2606Strike Mv\n","uploadtime":1700320192,"views":6,"p1id":"strikemv","p2id":"weirdmenace","formatid":"gen9nationaldexubers","rating":1409,"private":0,"password":""}