{"id":"gen9nationaldexubers-1978789506","p1":"P0kenbattler","p2":"aguinaldo124","format":"[Gen 9] National Dex Ubers","log":"|j|\u2606P0kenbattler\n|j|\u2606aguinaldo124\n|t:|1698595447\n|gametype|singles\n|player|p1|P0kenbattler|benga|1060\n|player|p2|aguinaldo124|red|1069\n|teamsize|p1|6\n|teamsize|p2|6\n|gen|9\n|tier|[Gen 9] National Dex Ubers\n|rated|\n|rule|HP Percentage Mod: HP is shown in percentages\n|rule|Endless Battle Clause: Forcing endless battles is banned\n|rule|OHKO Clause: OHKO moves are banned\n|rule|Evasion Moves Clause: Evasion moves are banned\n|rule|Evasion Items Clause: Evasion items are banned\n|rule|Species Clause: Limit one of each Pok\u00e9mon\n|rule|Sleep Clause Mod: Limit one foe put to sleep\n|rule|Mega Rayquaza Clause: You cannot mega evolve Rayquaza\n|clearpoke\n|poke|p1|Ogerpon, F|\n|poke|p1|Ribombee, F|\n|poke|p1|Smeargle, F|\n|poke|p1|Gliscor, M|\n|poke|p1|Blaziken, F|\n|poke|p1|Dracovish|\n|poke|p2|Indeedee-F, F|\n|poke|p2|Armarouge, M|\n|poke|p2|Bronzong|\n|poke|p2|Great Tusk|\n|poke|p2|Mr. Mime, F|\n|poke|p2|Ribombee, F|\n|teampreview\n|inactive|Battle timer is ON: inactive players will automatically lose when time's up. (requested by P0kenbattler)\n|\n|t:|1698595457\n|start\n|switch|p1a: Smeargle|Smeargle, F|100\/100\n|switch|p2a: Bronzong|Bronzong|100\/100\n|turn|1\n|\n|t:|1698595467\n|move|p1a: Smeargle|Spore|p2a: Bronzong\n|-status|p2a: Bronzong|slp|[from] move: Spore\n|cant|p2a: Bronzong|slp\n|\n|-ability|p1a: Smeargle|Moody|boost\n|-boost|p1a: Smeargle|spd|2\n|-unboost|p1a: Smeargle|def|1\n|upkeep\n|turn|2\n|\n|t:|1698595478\n|switch|p2a: Ribombee|Ribombee, F|100\/100\n|move|p1a: Smeargle|Acupressure|p1a: Smeargle\n|-boost|p1a: Smeargle|spa|2\n|\n|-ability|p1a: Smeargle|Moody|boost\n|-boost|p1a: Smeargle|spa|2\n|-unboost|p1a: Smeargle|def|1\n|upkeep\n|turn|3\n|\n|t:|1698595499\n|move|p2a: Ribombee|Sticky Web|p1a: Smeargle\n|-sidestart|p1: P0kenbattler|move: Sticky Web\n|move|p1a: Smeargle|Stored Power|p2a: Ribombee\n|-damage|p2a: Ribombee|47\/100\n|\n|-ability|p1a: Smeargle|Moody|boost\n|-boost|p1a: Smeargle|spe|2\n|-unboost|p1a: Smeargle|spd|1\n|upkeep\n|turn|4\n|\n|t:|1698595508\n|move|p1a: Smeargle|Stored Power|p2a: Ribombee\n|-damage|p2a: Ribombee|0 fnt\n|faint|p2a: Ribombee\n|\n|-ability|p1a: Smeargle|Moody|boost\n|-boost|p1a: Smeargle|def|2\n|-unboost|p1a: Smeargle|spd|1\n|upkeep\n|\n|t:|1698595517\n|switch|p2a: Mr. Mime|Mr. Mime, F|100\/100\n|turn|5\n|\n|t:|1698595528\n|move|p1a: Smeargle|Acupressure|p1a: Smeargle\n|-boost|p1a: Smeargle|def|2\n|move|p2a: Mr. Mime|Light Screen|p2a: Mr. Mime\n|-sidestart|p2: aguinaldo124|move: Light Screen\n|\n|-ability|p1a: Smeargle|Moody|boost\n|-boost|p1a: Smeargle|spe|2\n|-unboost|p1a: Smeargle|def|1\n|upkeep\n|turn|6\n|inactive|P0kenbattler has 120 seconds left.\n|\n|t:|1698595564\n|move|p1a: Smeargle|Stored Power|p2a: Mr. Mime\n|-resisted|p2a: Mr. Mime\n|-damage|p2a: Mr. Mime|93\/100\n|move|p2a: Mr. Mime|Dazzling Gleam|p1a: Smeargle\n|-damage|p1a: Smeargle|40\/100\n|\n|-heal|p1a: Smeargle|46\/100|[from] item: Leftovers\n|-heal|p2a: Mr. Mime|99\/100|[from] item: Leftovers\n|-ability|p1a: Smeargle|Moody|boost\n|-boost|p1a: Smeargle|spd|2\n|-unboost|p1a: Smeargle|def|1\n|upkeep\n|turn|7\n|inactive|P0kenbattler has 120 seconds left.\n|\n|t:|1698595581\n|move|p1a: Smeargle|Seismic Toss|p2a: Mr. Mime\n|-damage|p2a: Mr. Mime|64\/100\n|move|p2a: Mr. Mime|Psyshock|p1a: Smeargle\n|-damage|p1a: Smeargle|0 fnt\n|faint|p1a: Smeargle\n|\n|-heal|p2a: Mr. Mime|70\/100|[from] item: Leftovers\n|upkeep\n|\n|t:|1698595594\n|switch|p1a: Gliscor|Gliscor, M, shiny|100\/100\n|turn|8\n|\n|t:|1698595601\n|switch|p2a: Bronzong|Bronzong|100\/100 slp\n|-terastallize|p1a: Gliscor|Water\n|move|p1a: Gliscor|Swords Dance|p1a: Gliscor\n|-boost|p1a: Gliscor|atk|2\n|\n|-status|p1a: Gliscor|tox|[from] item: Toxic Orb\n|upkeep\n|turn|9\n|\n|t:|1698595613\n|move|p1a: Gliscor|Facade|p2a: Bronzong\n|-resisted|p2a: Bronzong\n|-damage|p2a: Bronzong|75\/100 slp\n|-curestatus|p2a: Bronzong|slp|[msg]\n|move|p2a: Bronzong|Psychic Terrain|p2a: Bronzong\n|-fieldstart|move: Psychic Terrain\n|\n|-sideend|p2: aguinaldo124|move: Light Screen\n|upkeep\n|turn|10\n|inactive|P0kenbattler has 90 seconds left.\n|\n|t:|1698595648\n|move|p1a: Gliscor|Crabhammer|p2a: Bronzong\n|-damage|p2a: Bronzong|19\/100\n|move|p2a: Bronzong|Expanding Force|p1a: Gliscor\n|-damage|p1a: Gliscor|65\/100 tox\n|\n|-heal|p1a: Gliscor|78\/100 tox|[from] ability: Poison Heal\n|upkeep\n|turn|11\n|inactive|P0kenbattler has 90 seconds left.\n|\n|t:|1698595658\n|move|p1a: Gliscor|Crabhammer|p2a: Bronzong\n|-damage|p2a: Bronzong|0 fnt\n|faint|p2a: Bronzong\n|\n|-heal|p1a: Gliscor|90\/100 tox|[from] ability: Poison Heal\n|upkeep\n|\n|t:|1698595678\n|switch|p2a: Armarouge|Armarouge, M|100\/100\n|turn|12\n|\n|t:|1698595685\n|move|p2a: Armarouge|Expanding Force|p1a: Gliscor\n|-damage|p1a: Gliscor|0 fnt\n|faint|p1a: Gliscor\n|\n|upkeep\n|\n|t:|1698595692\n|switch|p1a: Ogerpon|Ogerpon, F|100\/100\n|-activate|p1a: Ogerpon|move: Sticky Web\n|-unboost|p1a: Ogerpon|spe|1\n|-ability|p1a: Ogerpon|Defiant|boost\n|-boost|p1a: Ogerpon|atk|2\n|turn|13\n|\n|t:|1698595701\n|move|p2a: Armarouge|Expanding Force|p1a: Ogerpon\n|-damage|p1a: Ogerpon|0 fnt\n|faint|p1a: Ogerpon\n|\n|upkeep\n|-message|P0kenbattler forfeited.\n|\n|win|aguinaldo124\n|raw|P0kenbattler's rating: 1060 &rarr; <strong>1041<\/strong><br \/>(-19 for losing)\n|raw|aguinaldo124's rating: 1069 &rarr; <strong>1098<\/strong><br \/>(+29 for winning)\n|c|\u2606aguinaldo124|Gg\n","uploadtime":1698595733,"views":7,"p1id":"p0kenbattler","p2id":"aguinaldo124","formatid":"gen9nationaldexubers","rating":1041,"private":0,"password":""}