{"id":"gen9nationaldexubers-1978644456","p1":"XX_1nfinity_XX","p2":"Just B3A$T","format":"[Gen 9] National Dex Ubers","log":"|j|\u2606XX_1nfinity_XX\n|j|\u2606Just B3A$T\n|t:|1698573607\n|gametype|singles\n|player|p1|XX_1nfinity_XX|lucas|\n|player|p2|Just B3A$T|bruno|\n|teamsize|p1|6\n|teamsize|p2|6\n|gen|9\n|tier|[Gen 9] National Dex Ubers\n|rule|HP Percentage Mod: HP is shown in percentages\n|rule|Endless Battle Clause: Forcing endless battles is banned\n|rule|OHKO Clause: OHKO moves are banned\n|rule|Evasion Moves Clause: Evasion moves are banned\n|rule|Evasion Items Clause: Evasion items are banned\n|rule|Species Clause: Limit one of each Pok\u00e9mon\n|rule|Sleep Clause Mod: Limit one foe put to sleep\n|rule|Mega Rayquaza Clause: You cannot mega evolve Rayquaza\n|clearpoke\n|poke|p1|Medicham, F|\n|poke|p1|Ogerpon-Wellspring, F|\n|poke|p1|Alomomola, M|\n|poke|p1|Chansey, F|\n|poke|p1|Blacephalon|\n|poke|p1|Cinderace, F|\n|poke|p2|Gholdengo|\n|poke|p2|Bisharp, M|\n|poke|p2|Mawile, F|\n|poke|p2|Genesect-Chill|\n|poke|p2|Celesteela|\n|poke|p2|Heatran, M|\n|teampreview\n|inactive|Battle timer is ON: inactive players will automatically lose when time's up. (requested by XX_1nfinity_XX)\n|inactive|Just B3A$T also wants the timer to be on.\n|c|\u2606Just B3A$T|Hmm...\n|c|\u2606XX_1nfinity_XX|nuh uh\n|c|\u2606Just B3A$T|Taste my steeled fangs of vengeance!\n|inactive|Just B3A$T has 270 seconds left.\n|\n|t:|1698573654\n|start\n|switch|p1a: Ace from OP|Cinderace, F|100\/100\n|switch|p2a: LAVAAAA|Heatran, M, shiny|100\/100\n|-item|p2a: LAVAAAA|Air Balloon\n|turn|1\n|\n|t:|1698573668\n|switch|p2a: Milagro Man|Gholdengo|100\/100\n|move|p1a: Ace from OP|U-turn|p2a: Milagro Man\n|-resisted|p2a: Milagro Man\n|-damage|p2a: Milagro Man|94\/100\n|\n|t:|1698573673\n|switch|p1a: Party|Blacephalon|100\/100|[from] U-turn\n|\n|upkeep\n|turn|2\n|\n|t:|1698573677\n|move|p1a: Party|Shadow Ball|p2a: Milagro Man\n|-supereffective|p2a: Milagro Man\n|-damage|p2a: Milagro Man|0 fnt\n|faint|p2a: Milagro Man\n|-ability|p1a: Party|Beast Boost|boost\n|-boost|p1a: Party|spa|1\n|\n|upkeep\n|c|\u2606Just B3A$T|fuck.\n|\n|t:|1698573684\n|switch|p2a: Edgelord|Bisharp, M, shiny|100\/100\n|turn|3\n|c|\u2606XX_1nfinity_XX|huh?\n|\n|t:|1698573688\n|switch|p1a: Ace from OP|Cinderace, F|100\/100\n|move|p2a: Edgelord|Swords Dance|p2a: Edgelord\n|-boost|p2a: Edgelord|atk|2\n|\n|upkeep\n|turn|4\n|\n|t:|1698573695\n|move|p2a: Edgelord|Sucker Punch|p1a: Ace from OP\n|-damage|p1a: Ace from OP|0 fnt\n|faint|p1a: Ace from OP\n|\n|upkeep\n|\n|t:|1698573713\n|switch|p1a: GOAT|Medicham, F|100\/100\n|turn|5\n|\n|t:|1698573728\n|detailschange|p1a: GOAT|Medicham-Mega, F\n|-mega|p1a: GOAT|Medicham|Medichamite\n|move|p1a: GOAT|Fake Out|p2a: Edgelord\n|-resisted|p2a: Edgelord\n|-damage|p2a: Edgelord|91\/100\n|cant|p2a: Edgelord|flinch\n|\n|upkeep\n|turn|6\n|\n|t:|1698573735\n|move|p1a: GOAT|Bullet Punch|p2a: Edgelord\n|-resisted|p2a: Edgelord\n|-damage|p2a: Edgelord|83\/100\n|move|p2a: Edgelord|Sucker Punch||[still]\n|-fail|p2a: Edgelord\n|\n|upkeep\n|turn|7\n|\n|t:|1698573740\n|move|p1a: GOAT|Bullet Punch|p2a: Edgelord\n|-resisted|p2a: Edgelord\n|-damage|p2a: Edgelord|76\/100\n|move|p2a: Edgelord|Sucker Punch||[still]\n|-fail|p2a: Edgelord\n|\n|upkeep\n|turn|8\n|\n|t:|1698573744\n|move|p1a: GOAT|Bullet Punch|p2a: Edgelord\n|-resisted|p2a: Edgelord\n|-damage|p2a: Edgelord|68\/100\n|move|p2a: Edgelord|Sucker Punch||[still]\n|-fail|p2a: Edgelord\n|\n|upkeep\n|turn|9\n|\n|t:|1698573753\n|move|p1a: GOAT|Bullet Punch|p2a: Edgelord\n|-resisted|p2a: Edgelord\n|-damage|p2a: Edgelord|59\/100\n|move|p2a: Edgelord|Sucker Punch||[still]\n|-fail|p2a: Edgelord\n|\n|upkeep\n|turn|10\n|\n|t:|1698573763\n|move|p2a: Edgelord|Sucker Punch|p1a: GOAT\n|-damage|p1a: GOAT|0 fnt\n|faint|p1a: GOAT\n|\n|upkeep\n|\n|t:|1698573767\n|switch|p1a: Zoa's Daughter|Ogerpon-Wellspring, F|100\/100\n|turn|11\n|c|\u2606Just B3A$T|HAH\n|\n|t:|1698573773\n|move|p2a: Edgelord|Sucker Punch||[still]\n|-fail|p2a: Edgelord\n|move|p1a: Zoa's Daughter|Swords Dance|p1a: Zoa's Daughter\n|-boost|p1a: Zoa's Daughter|atk|2\n|\n|upkeep\n|turn|12\n|\n|t:|1698573776\n|move|p1a: Zoa's Daughter|Ivy Cudgel|p2a: Edgelord\n|-damage|p2a: Edgelord|0 fnt\n|faint|p2a: Edgelord\n|\n|upkeep\n|\n|t:|1698573778\n|switch|p2a: Pixie Fatale|Mawile, F, shiny|100\/100\n|-ability|p2a: Pixie Fatale|Intimidate|boost\n|-unboost|p1a: Zoa's Daughter|atk|1\n|turn|13\n|c|\u2606XX_1nfinity_XX|HAH\n|c|\u2606Just B3A$T|good enough\n|\n|t:|1698573802\n|switch|p2a: LAVAAAA|Heatran, M, shiny|100\/100\n|-item|p2a: LAVAAAA|Air Balloon\n|move|p1a: Zoa's Daughter|Ivy Cudgel|p2a: LAVAAAA\n|-supereffective|p2a: LAVAAAA\n|-damage|p2a: LAVAAAA|0 fnt\n|-enditem|p2a: LAVAAAA|Air Balloon\n|faint|p2a: LAVAAAA\n|\n|upkeep\n|\n|t:|1698573804\n|switch|p2a: Pixie Fatale|Mawile, F, shiny|100\/100\n|-ability|p2a: Pixie Fatale|Intimidate|boost\n|-unboost|p1a: Zoa's Daughter|atk|1\n|turn|14\n|\n|t:|1698573808\n|detailschange|p2a: Pixie Fatale|Mawile-Mega, F, shiny\n|-mega|p2a: Pixie Fatale|Mawile|Mawilite\n|-terastallize|p1a: Zoa's Daughter|Water\n|detailschange|p1a: Zoa's Daughter|Ogerpon-Wellspring-Tera, F, tera:Water\n|-ability|p1a: Zoa's Daughter|Embody Aspect (Wellspring)|boost\n|-boost|p1a: Zoa's Daughter|spd|1\n|move|p1a: Zoa's Daughter|Ivy Cudgel|p2a: Pixie Fatale\n|-damage|p2a: Pixie Fatale|28\/100\n|move|p2a: Pixie Fatale|Swords Dance|p2a: Pixie Fatale\n|-boost|p2a: Pixie Fatale|atk|2\n|\n|upkeep\n|turn|15\n|\n|t:|1698573815\n|move|p2a: Pixie Fatale|Sucker Punch||[still]\n|-fail|p2a: Pixie Fatale\n|move|p1a: Zoa's Daughter|Swords Dance|p1a: Zoa's Daughter\n|-boost|p1a: Zoa's Daughter|atk|2\n|\n|upkeep\n|turn|16\n|\n|t:|1698573818\n|move|p2a: Pixie Fatale|Sucker Punch||[still]\n|-fail|p2a: Pixie Fatale\n|move|p1a: Zoa's Daughter|Swords Dance|p1a: Zoa's Daughter\n|-boost|p1a: Zoa's Daughter|atk|2\n|\n|upkeep\n|turn|17\n|\n|t:|1698573822\n|switch|p1a: Big Fesh|Alomomola, M|100\/100\n|move|p2a: Pixie Fatale|Sucker Punch||[still]\n|-fail|p2a: Pixie Fatale\n|\n|upkeep\n|turn|18\n|\n|t:|1698573827\n|move|p2a: Pixie Fatale|Knock Off|p1a: Big Fesh\n|-damage|p1a: Big Fesh|38\/100\n|-enditem|p1a: Big Fesh|Leftovers|[from] move: Knock Off|[of] p2a: Pixie Fatale\n|move|p1a: Big Fesh|Scald|p2a: Pixie Fatale\n|-damage|p2a: Pixie Fatale|12\/100\n|-status|p2a: Pixie Fatale|brn\n|\n|-damage|p2a: Pixie Fatale|6\/100 brn|[from] brn\n|upkeep\n|turn|19\n|c|\u2606Just B3A$T|nah\n|c|\u2606Just B3A$T|what\n|c|\u2606XX_1nfinity_XX|lol\n|\n|t:|1698573836\n|move|p1a: Big Fesh|Protect|p1a: Big Fesh\n|-singleturn|p1a: Big Fesh|Protect\n|move|p2a: Pixie Fatale|Knock Off|p1a: Big Fesh\n|-activate|p1a: Big Fesh|move: Protect\n|\n|-damage|p2a: Pixie Fatale|0 fnt|[from] brn\n|faint|p2a: Pixie Fatale\n|upkeep\n|\n|t:|1698573840\n|switch|p2a: Spaceship!!!|Celesteela, shiny|100\/100\n|turn|20\n|c|\u2606XX_1nfinity_XX|i win\n|\n|t:|1698573843\n|move|p2a: Spaceship!!!|Autotomize|p2a: Spaceship!!!\n|-boost|p2a: Spaceship!!!|spe|2\n|-start|p2a: Spaceship!!!|Autotomize\n|move|p1a: Big Fesh|Flip Turn|p2a: Spaceship!!!\n|-damage|p2a: Spaceship!!!|84\/100\n|\n|t:|1698573845\n|switch|p1a: Ball|Chansey, F|100\/100|[from] Flip Turn\n|\n|upkeep\n|turn|21\n|\n|t:|1698573852\n|-terastallize|p2a: Spaceship!!!|Ground\n|move|p2a: Spaceship!!!|Meteor Beam||[still]\n|-prepare|p2a: Spaceship!!!|Meteor Beam\n|-boost|p2a: Spaceship!!!|spa|1\n|-enditem|p2a: Spaceship!!!|Power Herb\n|-anim|p2a: Spaceship!!!|Meteor Beam|p1a: Ball\n|-damage|p1a: Ball|83\/100\n|move|p1a: Ball|Flamethrower|p2a: Spaceship!!!\n|-damage|p2a: Spaceship!!!|74\/100\n|\n|upkeep\n|turn|22\n|\n|t:|1698573862\n|move|p2a: Spaceship!!!|Air Slash|p1a: Ball\n|-damage|p1a: Ball|66\/100\n|move|p1a: Ball|Flamethrower|p2a: Spaceship!!!\n|-damage|p2a: Spaceship!!!|65\/100\n|\n|upkeep\n|turn|23\n|c|\u2606Just B3A$T|not over yet\n|\n|t:|1698573868\n|move|p2a: Spaceship!!!|Meteor Beam||[still]\n|-prepare|p2a: Spaceship!!!|Meteor Beam\n|-boost|p2a: Spaceship!!!|spa|1\n|move|p1a: Ball|Soft-Boiled|p1a: Ball\n|-heal|p1a: Ball|100\/100\n|\n|upkeep\n|turn|24\n|\n|t:|1698573871\n|move|p2a: Spaceship!!!|Meteor Beam|p1a: Ball|[from]lockedmove\n|-damage|p1a: Ball|75\/100\n|move|p1a: Ball|Flamethrower|p2a: Spaceship!!!\n|-damage|p2a: Spaceship!!!|55\/100\n|\n|upkeep\n|turn|25\n|\n|t:|1698573874\n|move|p2a: Spaceship!!!|Meteor Beam||[still]\n|-prepare|p2a: Spaceship!!!|Meteor Beam\n|-boost|p2a: Spaceship!!!|spa|1\n|move|p1a: Ball|Teleport|p1a: Ball\n|\n|t:|1698573878\n|switch|p1a: Party|Blacephalon|100\/100|[from] Teleport\n|\n|upkeep\n|turn|26\n|c|\u2606XX_1nfinity_XX|yes over\n|\n|t:|1698573883\n|move|p1a: Party|Mind Blown|p2a: Spaceship!!!\n|-damage|p2a: Spaceship!!!|0 fnt\n|-damage|p1a: Party|50\/100|[from] mindblown\n|faint|p2a: Spaceship!!!\n|-ability|p1a: Party|Beast Boost|boost\n|-boost|p1a: Party|spa|1\n|\n|upkeep\n|c|\u2606Just B3A$T|fuck\n|\n|t:|1698573889\n|switch|p2a: best bug|Genesect-Chill, shiny|100\/100\n|-ability|p2a: best bug|Download|boost\n|-boost|p2a: best bug|atk|1\n|turn|27\n|c|\u2606XX_1nfinity_XX|it was faster anyway\n|c|\u2606XX_1nfinity_XX|ggs\n|c|\u2606Just B3A$T|gg\n|\n|t:|1698573899\n|move|p1a: Party|Mind Blown|p2a: best bug\n|-supereffective|p2a: best bug\n|-damage|p2a: best bug|0 fnt\n|-damage|p1a: Party|0 fnt|[from] mindblown\n|faint|p1a: Party\n|faint|p2a: best bug\n|\n|win|XX_1nfinity_XX\n|c|\u2606XX_1nfinity_XX|Mind blowned\n|c|\u2606Just B3A$T|fuck\n|c|\u2606Just B3A$T|one too many Spunches\n","uploadtime":1698573930,"views":13,"p1id":"xx1nfinityxx","p2id":"justb3at","formatid":"gen9nationaldexubers","rating":0,"private":0,"password":""}