{"id":"gen9nationaldexubers-1988180855","p1":"Red_Maple_tree","p2":"EijiVGC","format":"[Gen 9] National Dex Ubers","log":"|j|\u2606Red_Maple_tree\n|j|\u2606EijiVGC\n|t:|1699680595\n|gametype|singles\n|player|p1|Red_Maple_tree|swimmerf2-gen7|1148\n|player|p2|EijiVGC|101|1076\n|teamsize|p1|6\n|teamsize|p2|6\n|gen|9\n|tier|[Gen 9] National Dex Ubers\n|rated|\n|rule|HP Percentage Mod: HP is shown in percentages\n|rule|Endless Battle Clause: Forcing endless battles is banned\n|rule|OHKO Clause: OHKO moves are banned\n|rule|Evasion Moves Clause: Evasion moves are banned\n|rule|Evasion Items Clause: Evasion items are banned\n|rule|Species Clause: Limit one of each Pok\u00e9mon\n|rule|Sleep Clause Mod: Limit one foe put to sleep\n|rule|Mega Rayquaza Clause: You cannot mega evolve Rayquaza\n|clearpoke\n|poke|p1|Groudon|\n|poke|p1|Flutter Mane|\n|poke|p1|Walking Wake|\n|poke|p1|Roaring Moon|\n|poke|p1|Quagsire, M|\n|poke|p1|Gastrodon-East, F|\n|poke|p2|Hippowdon, F|\n|poke|p2|Garganacl, M|\n|poke|p2|Garchomp, M|\n|poke|p2|Kangaskhan, F|\n|poke|p2|Excadrill, M|\n|poke|p2|Polteageist|\n|teampreview\n|\n|t:|1699680600\n|start\n|switch|p1a: Groudon|Groudon|100\/100\n|switch|p2a: Hippowdon|Hippowdon, F|100\/100\n|-weather|SunnyDay|[from] ability: Drought|[of] p1a: Groudon\n|-weather|Sandstorm|[from] ability: Sand Stream|[of] p2a: Hippowdon\n|turn|1\n|\n|t:|1699680612\n|switch|p1a: Quagsire|Quagsire, M|100\/100\n|move|p2a: Hippowdon|Stealth Rock|p1a: Quagsire\n|-sidestart|p1: Red_Maple_tree|move: Stealth Rock\n|\n|-weather|Sandstorm|[upkeep]\n|upkeep\n|turn|2\n|\n|t:|1699680625\n|switch|p1a: Groudon|Groudon|100\/100\n|-damage|p1a: Groudon|94\/100|[from] Stealth Rock\n|-weather|SunnyDay|[from] ability: Drought|[of] p1a: Groudon\n|move|p2a: Hippowdon|Stone Edge|p1a: Groudon\n|-resisted|p1a: Groudon\n|-damage|p1a: Groudon|83\/100\n|\n|-weather|SunnyDay|[upkeep]\n|upkeep\n|turn|3\n|\n|t:|1699680639\n|switch|p1a: Walking Wake|Walking Wake|100\/100\n|-damage|p1a: Walking Wake|88\/100|[from] Stealth Rock\n|-activate|p1a: Walking Wake|ability: Protosynthesis\n|-start|p1a: Walking Wake|protosynthesisspa\n|move|p2a: Hippowdon|Earthquake|p1a: Walking Wake\n|-damage|p1a: Walking Wake|46\/100\n|\n|-weather|SunnyDay|[upkeep]\n|upkeep\n|turn|4\n|\n|t:|1699680655\n|switch|p2a: Polteageist|Polteageist|100\/100\n|move|p1a: Walking Wake|Hydro Steam|p2a: Polteageist\n|-damage|p2a: Polteageist|0 fnt\n|faint|p2a: Polteageist\n|-damage|p1a: Walking Wake|36\/100|[from] item: Life Orb\n|\n|-weather|SunnyDay|[upkeep]\n|upkeep\n|\n|t:|1699680668\n|switch|p2a: Garganacl|Garganacl, M|100\/100\n|turn|5\n|\n|t:|1699680675\n|move|p1a: Walking Wake|Hydro Steam|p2a: Garganacl\n|-supereffective|p2a: Garganacl\n|-damage|p2a: Garganacl|0 fnt\n|faint|p2a: Garganacl\n|-damage|p1a: Walking Wake|27\/100|[from] item: Life Orb\n|\n|-weather|SunnyDay|[upkeep]\n|upkeep\n|\n|t:|1699680685\n|switch|p2a: Hippowdon|Hippowdon, F|100\/100\n|-weather|Sandstorm|[from] ability: Sand Stream|[of] p2a: Hippowdon\n|-end|p1a: Walking Wake|Protosynthesis\n|turn|6\n|\n|t:|1699680694\n|move|p1a: Walking Wake|Flip Turn|p2a: Hippowdon\n|-supereffective|p2a: Hippowdon\n|-damage|p2a: Hippowdon|76\/100\n|-damage|p1a: Walking Wake|17\/100|[from] item: Life Orb\n|\n|t:|1699680697\n|-end|p1a: Walking Wake|Protosynthesis|[silent]\n|switch|p1a: Groudon|Groudon|83\/100|[from] Flip Turn\n|-damage|p1a: Groudon|77\/100|[from] Stealth Rock\n|-weather|SunnyDay|[from] ability: Drought|[of] p1a: Groudon\n|move|p2a: Hippowdon|Roar|p1a: Groudon\n|drag|p1a: Flutter Mane|Flutter Mane|100\/100\n|-damage|p1a: Flutter Mane|88\/100|[from] Stealth Rock\n|-activate|p1a: Flutter Mane|ability: Protosynthesis\n|-start|p1a: Flutter Mane|protosynthesisspa\n|\n|-weather|SunnyDay|[upkeep]\n|upkeep\n|turn|7\n|\n|t:|1699680716\n|move|p1a: Flutter Mane|Shadow Ball|p2a: Hippowdon\n|-damage|p2a: Hippowdon|10\/100\n|move|p2a: Hippowdon|Earthquake|p1a: Flutter Mane\n|-damage|p1a: Flutter Mane|0 fnt\n|faint|p1a: Flutter Mane\n|-end|p1a: Flutter Mane|Protosynthesis|[silent]\n|\n|-weather|SunnyDay|[upkeep]\n|upkeep\n|\n|t:|1699680724\n|switch|p1a: Walking Wake|Walking Wake|17\/100\n|-damage|p1a: Walking Wake|5\/100|[from] Stealth Rock\n|-activate|p1a: Walking Wake|ability: Protosynthesis\n|-start|p1a: Walking Wake|protosynthesisspa\n|turn|8\n|\n|t:|1699680738\n|move|p1a: Walking Wake|Flip Turn|p2a: Hippowdon\n|-supereffective|p2a: Hippowdon\n|-damage|p2a: Hippowdon|0 fnt\n|faint|p2a: Hippowdon\n|-damage|p1a: Walking Wake|0 fnt|[from] item: Life Orb\n|faint|p1a: Walking Wake\n|-end|p1a: Walking Wake|Protosynthesis|[silent]\n|\n|-weather|SunnyDay|[upkeep]\n|upkeep\n|\n|t:|1699680749\n|switch|p1a: Quagsire|Quagsire, M|100\/100\n|switch|p2a: Kangaskhan|Kangaskhan, F|100\/100\n|-damage|p1a: Quagsire|94\/100|[from] Stealth Rock\n|turn|9\n|\n|t:|1699680758\n|detailschange|p2a: Kangaskhan|Kangaskhan-Mega, F\n|-mega|p2a: Kangaskhan|Kangaskhan|Kangaskhanite\n|move|p1a: Quagsire|Protect|p1a: Quagsire\n|-singleturn|p1a: Quagsire|Protect\n|move|p2a: Kangaskhan|Fake Out|p1a: Quagsire\n|-activate|p1a: Quagsire|move: Protect\n|\n|-weather|SunnyDay|[upkeep]\n|-heal|p1a: Quagsire|100\/100|[from] item: Leftovers\n|upkeep\n|turn|10\n|\n|t:|1699680770\n|move|p2a: Kangaskhan|Power-Up Punch|p1a: Quagsire\n|-damage|p1a: Quagsire|91\/100\n|-boost|p2a: Kangaskhan|atk|1\n|-damage|p1a: Quagsire|89\/100\n|-boost|p2a: Kangaskhan|atk|1\n|-hitcount|p1a: Quagsire|2\n|move|p1a: Quagsire|Scald|p2a: Kangaskhan\n|-damage|p2a: Kangaskhan|90\/100\n|\n|-weather|SunnyDay|[upkeep]\n|-heal|p1a: Quagsire|95\/100|[from] item: Leftovers\n|upkeep\n|turn|11\n|\n|t:|1699680784\n|move|p1a: Quagsire|Protect|p1a: Quagsire\n|-singleturn|p1a: Quagsire|Protect\n|move|p2a: Kangaskhan|Power-Up Punch|p1a: Quagsire\n|-activate|p1a: Quagsire|move: Protect\n|\n|-weather|SunnyDay|[upkeep]\n|-heal|p1a: Quagsire|100\/100|[from] item: Leftovers\n|upkeep\n|turn|12\n|\n|t:|1699680795\n|move|p2a: Kangaskhan|Power-Up Punch|p1a: Quagsire\n|-damage|p1a: Quagsire|91\/100\n|-boost|p2a: Kangaskhan|atk|1\n|-damage|p1a: Quagsire|89\/100\n|-boost|p2a: Kangaskhan|atk|1\n|-hitcount|p1a: Quagsire|2\n|move|p1a: Quagsire|Scald|p2a: Kangaskhan\n|-damage|p2a: Kangaskhan|81\/100\n|\n|-weather|SunnyDay|[upkeep]\n|-heal|p1a: Quagsire|95\/100|[from] item: Leftovers\n|upkeep\n|turn|13\n|\n|t:|1699680810\n|move|p1a: Quagsire|Protect|p1a: Quagsire\n|-singleturn|p1a: Quagsire|Protect\n|move|p2a: Kangaskhan|Fake Out||[still]\n|-hint|Fake Out only works on your first turn out.\n|-fail|p2a: Kangaskhan\n|\n|-weather|none\n|-heal|p1a: Quagsire|100\/100|[from] item: Leftovers\n|upkeep\n|turn|14\n|\n|t:|1699680821\n|move|p2a: Kangaskhan|Body Slam|p1a: Quagsire\n|-damage|p1a: Quagsire|71\/100\n|-damage|p1a: Quagsire|64\/100\n|-hitcount|p1a: Quagsire|2\n|move|p1a: Quagsire|Scald|p2a: Kangaskhan\n|-crit|p2a: Kangaskhan\n|-damage|p2a: Kangaskhan|52\/100\n|-status|p2a: Kangaskhan|brn\n|\n|-heal|p1a: Quagsire|70\/100|[from] item: Leftovers\n|-damage|p2a: Kangaskhan|46\/100 brn|[from] brn\n|upkeep\n|turn|15\n|\n|t:|1699680836\n|move|p2a: Kangaskhan|Power-Up Punch|p1a: Quagsire\n|-damage|p1a: Quagsire|65\/100\n|-boost|p2a: Kangaskhan|atk|1\n|-damage|p1a: Quagsire|64\/100\n|-boost|p2a: Kangaskhan|atk|1\n|-hitcount|p1a: Quagsire|2\n|move|p1a: Quagsire|Recover|p1a: Quagsire\n|-heal|p1a: Quagsire|100\/100\n|\n|-damage|p2a: Kangaskhan|40\/100 brn|[from] brn\n|upkeep\n|turn|16\n|\n|t:|1699680851\n|move|p2a: Kangaskhan|Body Slam|p1a: Quagsire\n|-damage|p1a: Quagsire|85\/100\n|-damage|p1a: Quagsire|82\/100\n|-hitcount|p1a: Quagsire|2\n|move|p1a: Quagsire|Scald|p2a: Kangaskhan\n|-damage|p2a: Kangaskhan|21\/100 brn\n|\n|-heal|p1a: Quagsire|88\/100|[from] item: Leftovers\n|-damage|p2a: Kangaskhan|15\/100 brn|[from] brn\n|upkeep\n|turn|17\n|\n|t:|1699680865\n|switch|p2a: Excadrill|Excadrill, M|100\/100\n|move|p1a: Quagsire|Protect||[still]\n|-fail|p1a: Quagsire\n|\n|-heal|p1a: Quagsire|94\/100|[from] item: Leftovers\n|upkeep\n|turn|18\n|\n|t:|1699680878\n|move|p2a: Excadrill|Iron Head|p1a: Quagsire\n|-resisted|p1a: Quagsire\n|-damage|p1a: Quagsire|78\/100\n|move|p1a: Quagsire|Scald|p2a: Excadrill\n|-supereffective|p2a: Excadrill\n|-damage|p2a: Excadrill|49\/100\n|-status|p2a: Excadrill|brn\n|\n|-heal|p1a: Quagsire|84\/100|[from] item: Leftovers\n|-damage|p2a: Excadrill|43\/100 brn|[from] brn\n|upkeep\n|turn|19\n|c|\u2606EijiVGC|nice quaggg\n|\n|t:|1699680897\n|move|p1a: Quagsire|Protect|p1a: Quagsire\n|-singleturn|p1a: Quagsire|Protect\n|move|p2a: Excadrill|Earthquake|p1a: Quagsire\n|-activate|p1a: Quagsire|move: Protect\n|\n|-heal|p1a: Quagsire|90\/100|[from] item: Leftovers\n|-damage|p2a: Excadrill|37\/100 brn|[from] brn\n|upkeep\n|turn|20\n|\n|t:|1699680909\n|move|p2a: Excadrill|Earthquake|p1a: Quagsire\n|-damage|p1a: Quagsire|69\/100\n|move|p1a: Quagsire|Scald|p2a: Excadrill\n|-supereffective|p2a: Excadrill\n|-damage|p2a: Excadrill|0 fnt\n|faint|p2a: Excadrill\n|\n|-heal|p1a: Quagsire|75\/100|[from] item: Leftovers\n|upkeep\n|\n|t:|1699680920\n|switch|p2a: Garchomp|Garchomp, M|100\/100\n|turn|21\n|\n|t:|1699680928\n|move|p1a: Quagsire|Protect|p1a: Quagsire\n|-singleturn|p1a: Quagsire|Protect\n|move|p2a: Garchomp|Swords Dance|p2a: Garchomp\n|-boost|p2a: Garchomp|atk|2\n|\n|-heal|p1a: Quagsire|81\/100|[from] item: Leftovers\n|upkeep\n|turn|22\n|\n|t:|1699680944\n|switch|p2a: Kangaskhan|Kangaskhan-Mega, F|15\/100 brn\n|move|p1a: Quagsire|Scald|p2a: Kangaskhan\n|-damage|p2a: Kangaskhan|0 fnt\n|faint|p2a: Kangaskhan\n|\n|-heal|p1a: Quagsire|87\/100|[from] item: Leftovers\n|upkeep\n|\n|t:|1699680955\n|switch|p2a: Garchomp|Garchomp, M|100\/100\n|turn|23\n|\n|t:|1699680963\n|move|p2a: Garchomp|Scale Shot|p1a: Quagsire\n|-damage|p1a: Quagsire|80\/100\n|-damage|p1a: Quagsire|73\/100\n|-damage|p1a: Quagsire|67\/100\n|-hitcount|p1a: Quagsire|3\n|-unboost|p2a: Garchomp|def|1\n|-boost|p2a: Garchomp|spe|1\n|move|p1a: Quagsire|Toxic|p2a: Garchomp\n|-status|p2a: Garchomp|tox\n|\n|-heal|p1a: Quagsire|73\/100|[from] item: Leftovers\n|-damage|p2a: Garchomp|94\/100 tox|[from] psn\n|upkeep\n|turn|24\n|\n|t:|1699680978\n|move|p1a: Quagsire|Protect|p1a: Quagsire\n|-singleturn|p1a: Quagsire|Protect\n|move|p2a: Garchomp|Scale Shot|p1a: Quagsire\n|-activate|p1a: Quagsire|move: Protect\n|\n|-heal|p1a: Quagsire|79\/100|[from] item: Leftovers\n|-damage|p2a: Garchomp|82\/100 tox|[from] psn\n|upkeep\n|turn|25\n|\n|t:|1699680990\n|-terastallize|p2a: Garchomp|Dragon\n|move|p2a: Garchomp|Scale Shot|p1a: Quagsire\n|-damage|p1a: Quagsire|69\/100\n|-damage|p1a: Quagsire|60\/100\n|-damage|p1a: Quagsire|52\/100\n|-damage|p1a: Quagsire|43\/100\n|-damage|p1a: Quagsire|33\/100\n|-hitcount|p1a: Quagsire|5\n|-unboost|p2a: Garchomp|def|1\n|-boost|p2a: Garchomp|spe|1\n|move|p1a: Quagsire|Recover|p1a: Quagsire\n|-heal|p1a: Quagsire|83\/100\n|\n|-heal|p1a: Quagsire|89\/100|[from] item: Leftovers\n|-damage|p2a: Garchomp|64\/100 tox|[from] psn\n|upkeep\n|turn|26\n|c|\u2606EijiVGC|aaaaa tjis is painn ggs\n|\n|t:|1699681021\n|move|p1a: Quagsire|Protect|p1a: Quagsire\n|-singleturn|p1a: Quagsire|Protect\n|move|p2a: Garchomp|Scale Shot|p1a: Quagsire\n|-activate|p1a: Quagsire|move: Protect\n|\n|-heal|p1a: Quagsire|95\/100|[from] item: Leftovers\n|-damage|p2a: Garchomp|39\/100 tox|[from] psn\n|upkeep\n|turn|27\n|c|\u2606Red_Maple_tree|Gg\n|\n|t:|1699681036\n|move|p1a: Quagsire|Protect||[still]\n|-fail|p1a: Quagsire\n|move|p2a: Garchomp|Scale Shot|p1a: Quagsire\n|-damage|p1a: Quagsire|86\/100\n|-damage|p1a: Quagsire|76\/100\n|-hitcount|p1a: Quagsire|2\n|-unboost|p2a: Garchomp|def|1\n|-boost|p2a: Garchomp|spe|1\n|\n|-heal|p1a: Quagsire|82\/100|[from] item: Leftovers\n|-damage|p2a: Garchomp|8\/100 tox|[from] psn\n|upkeep\n|turn|28\n|\n|t:|1699681050\n|move|p2a: Garchomp|Scale Shot|p1a: Quagsire|[miss]\n|-miss|p2a: Garchomp|p1a: Quagsire\n|move|p1a: Quagsire|Toxic|p2a: Garchomp\n|-fail|p2a: Garchomp|tox\n|\n|-heal|p1a: Quagsire|88\/100|[from] item: Leftovers\n|-damage|p2a: Garchomp|0 fnt|[from] psn\n|faint|p2a: Garchomp\n|\n|win|Red_Maple_tree\n|upkeep\n|raw|Red_Maple_tree's rating: 1148 &rarr; <strong>1168<\/strong><br \/>(+20 for winning)\n|raw|EijiVGC's rating: 1076 &rarr; <strong>1059<\/strong><br \/>(-17 for losing)\n|l|\u2606EijiVGC\n","uploadtime":1699681089,"views":13,"p1id":"redmapletree","p2id":"eijivgc","formatid":"gen9nationaldexubers","rating":1059,"private":0,"password":""}