{"id":"gen9nationaldexubers-1985827346","p1":"DinsFire01","p2":"Factor64","format":"[Gen 9] National Dex Ubers","log":"|j|\u2606DinsFire01\n|j|\u2606Factor64\n|t:|1699410462\n|gametype|singles\n|player|p1|DinsFire01|n|\n|player|p2|Factor64|red-gen2|\n|teamsize|p1|6\n|teamsize|p2|6\n|gen|9\n|tier|[Gen 9] National Dex Ubers\n|rule|HP Percentage Mod: HP is shown in percentages\n|rule|Endless Battle Clause: Forcing endless battles is banned\n|rule|OHKO Clause: OHKO moves are banned\n|rule|Evasion Moves Clause: Evasion moves are banned\n|rule|Evasion Items Clause: Evasion items are banned\n|rule|Species Clause: Limit one of each Pok\u00e9mon\n|rule|Sleep Clause Mod: Limit one foe put to sleep\n|rule|Mega Rayquaza Clause: You cannot mega evolve Rayquaza\n|clearpoke\n|poke|p1|Heliolisk, F|\n|poke|p1|Latias, F|\n|poke|p1|Gholdengo|\n|poke|p1|Gliscor, F|\n|poke|p1|Tapu Fini|\n|poke|p1|Arcanine-Hisui, F|\n|poke|p2|Ogerpon-Wellspring, F|\n|poke|p2|Tyranitar, M|\n|poke|p2|Excadrill, M|\n|poke|p2|Scizor, M|\n|poke|p2|Rotom-Heat|\n|poke|p2|Minior-Indigo|\n|teampreview\n|j| Lunar Sloth\n|j| Czar_agon\n|c|\u2606DinsFire01|go at 8:30?\n|c|\u2606Factor64|sure\n|j| VoIteon\n|\n|t:|1699410602\n|start\n|switch|p1a: mother|Tapu Fini|100\/100\n|switch|p2a: Ogerpon|Ogerpon-Wellspring, F|100\/100\n|-fieldstart|move: Misty Terrain|[from] ability: Misty Surge|[of] p1a: mother\n|turn|1\n|inactive|Battle timer is ON: inactive players will automatically lose when time's up. (requested by DinsFire01)\n|\n|t:|1699410617\n|move|p2a: Ogerpon|U-turn|p1a: mother\n|-resisted|p1a: mother\n|-damage|p1a: mother|92\/100\n|\n|t:|1699410644\n|switch|p2a: Scizor|Scizor, M|100\/100|[from] U-turn\n|move|p1a: mother|Knock Off|p2a: Scizor\n|-damage|p2a: Scizor|84\/100\n|-enditem|p2a: Scizor|Leftovers|[from] move: Knock Off|[of] p1a: mother\n|\n|-heal|p1a: mother|98\/100|[from] item: Leftovers\n|upkeep\n|turn|2\n|\n|t:|1699410668\n|move|p1a: mother|Haze|p1a: mother\n|-clearallboost\n|move|p2a: Scizor|Swords Dance|p2a: Scizor\n|-boost|p2a: Scizor|atk|2\n|\n|-heal|p1a: mother|100\/100|[from] item: Leftovers\n|upkeep\n|turn|3\n|j| Demolution545\n|\n|t:|1699410684\n|move|p2a: Scizor|Bullet Punch|p1a: mother\n|-damage|p1a: mother|55\/100\n|move|p1a: mother|Haze|p1a: mother\n|-clearallboost\n|\n|-heal|p1a: mother|61\/100|[from] item: Leftovers\n|upkeep\n|turn|4\n|\n|t:|1699410690\n|move|p1a: mother|Scald|p2a: Scizor\n|-damage|p2a: Scizor|55\/100\n|move|p2a: Scizor|Knock Off|p1a: mother\n|-resisted|p1a: mother\n|-damage|p1a: mother|50\/100\n|-enditem|p1a: mother|Leftovers|[from] move: Knock Off|[of] p2a: Scizor\n|\n|upkeep\n|turn|5\n|\n|t:|1699410694\n|move|p2a: Scizor|Bullet Punch|p1a: mother\n|-damage|p1a: mother|28\/100\n|move|p1a: mother|Scald|p2a: Scizor\n|-damage|p2a: Scizor|25\/100\n|\n|-fieldend|Misty Terrain\n|upkeep\n|turn|6\n|\n|t:|1699410709\n|switch|p1a: glizzy|Gliscor, F, shiny|100\/100\n|switch|p2a: Ogerpon|Ogerpon-Wellspring, F|100\/100\n|\n|-status|p1a: glizzy|tox|[from] item: Toxic Orb\n|upkeep\n|turn|7\n|inactive|DinsFire01 has 270 seconds left.\n|l| Demolution545\n|inactive|DinsFire01 has 240 seconds left.\n|\n|t:|1699410775\n|move|p2a: Ogerpon|Trailblaze|p1a: glizzy\n|-damage|p1a: glizzy|81\/100 tox\n|-boost|p2a: Ogerpon|spe|1\n|move|p1a: glizzy|Earthquake|p2a: Ogerpon\n|-resisted|p2a: Ogerpon\n|-damage|p2a: Ogerpon|77\/100\n|\n|-heal|p1a: glizzy|94\/100 tox|[from] ability: Poison Heal\n|upkeep\n|turn|8\n|inactive|DinsFire01 has 240 seconds left.\n|inactive|DinsFire01 has 210 seconds left.\n|\n|t:|1699410815\n|move|p2a: Ogerpon|Swords Dance|p2a: Ogerpon\n|-boost|p2a: Ogerpon|atk|2\n|move|p1a: glizzy|U-turn|p2a: Ogerpon\n|-supereffective|p2a: Ogerpon\n|-damage|p2a: Ogerpon|38\/100\n|j| Demolution545\n|inactive|DinsFire01 has 210 seconds left.\n|inactive|DinsFire01 has 180 seconds left.\n|\n|t:|1699410860\n|switch|p1a: mother|Tapu Fini|28\/100|[from] U-turn\n|-fieldstart|move: Misty Terrain|[from] ability: Misty Surge|[of] p1a: mother\n|\n|upkeep\n|turn|9\n|\n|t:|1699410877\n|move|p2a: Ogerpon|Trailblaze|p1a: mother\n|-supereffective|p1a: mother\n|-damage|p1a: mother|0 fnt\n|-boost|p2a: Ogerpon|spe|1\n|faint|p1a: mother\n|\n|upkeep\n|inactive|DinsFire01 has 150 seconds left.\n|\n|t:|1699410899\n|switch|p1a: glizzy|Gliscor, F, shiny|94\/100 tox\n|turn|10\n|\n|t:|1699410901\n|-terastallize|p1a: glizzy|Grass\n|move|p2a: Ogerpon|Ivy Cudgel|p1a: glizzy\n|-resisted|p1a: glizzy\n|-damage|p1a: glizzy|58\/100 tox\n|move|p1a: glizzy|U-turn|p2a: Ogerpon\n|-supereffective|p2a: Ogerpon\n|-damage|p2a: Ogerpon|0 fnt\n|faint|p2a: Ogerpon\n|inactive|DinsFire01 has 150 seconds left.\n|\n|t:|1699410917\n|switch|p1a: >:3|Arcanine-Hisui, F, shiny|100\/100|[from] U-turn\n|\n|upkeep\n|\n|t:|1699410934\n|switch|p2a: Tyranitar|Tyranitar, M|100\/100\n|-weather|Sandstorm|[from] ability: Sand Stream|[of] p2a: Tyranitar\n|turn|11\n|inactive|DinsFire01 has 150 seconds left.\n|l| Demolution545\n|j| Demolution545\n|inactive|DinsFire01 has 120 seconds left.\n|\n|t:|1699410991\n|-terastallize|p2a: Tyranitar|Ghost\n|move|p1a: >:3|Head Smash|p2a: Tyranitar\n|-crit|p2a: Tyranitar\n|-damage|p2a: Tyranitar|0 fnt\n|faint|p2a: Tyranitar\n|\n|-weather|Sandstorm|[upkeep]\n|upkeep\n|\n|t:|1699410998\n|switch|p2a: Excadrill|Excadrill, M|100\/100\n|turn|12\n|inactive|DinsFire01 has 120 seconds left.\n|\n|t:|1699411020\n|switch|p1a: glizzy|Gliscor, F, shiny, tera:Grass|58\/100 tox\n|move|p2a: Excadrill|Earthquake|p1a: glizzy\n|-resisted|p1a: glizzy\n|-damage|p1a: glizzy|41\/100 tox\n|\n|-weather|Sandstorm|[upkeep]\n|-damage|p1a: glizzy|35\/100 tox|[from] Sandstorm\n|-heal|p1a: glizzy|48\/100 tox|[from] ability: Poison Heal\n|-fieldend|Misty Terrain\n|upkeep\n|turn|13\n|\n|t:|1699411026\n|switch|p2a: Minior|Minior-Indigo, shiny|100\/100\n|-formechange|p2a: Minior|Minior-Meteor||[from] ability: Shields Down\n|move|p1a: glizzy|Roost|p1a: glizzy\n|-heal|p1a: glizzy|98\/100 tox\n|\n|-weather|Sandstorm|[upkeep]\n|-damage|p1a: glizzy|91\/100 tox|[from] Sandstorm\n|-heal|p1a: glizzy|100\/100 tox|[from] ability: Poison Heal\n|upkeep\n|turn|14\n|\n|t:|1699411039\n|switch|p1a: >:3|Arcanine-Hisui, F, shiny|100\/100\n|move|p2a: Minior|Shell Smash|p2a: Minior\n|-unboost|p2a: Minior|def|1\n|-unboost|p2a: Minior|spd|1\n|-boost|p2a: Minior|atk|2\n|-boost|p2a: Minior|spa|2\n|-boost|p2a: Minior|spe|2\n|-enditem|p2a: Minior|White Herb\n|-clearnegativeboost|p2a: Minior|[silent]\n|\n|-weather|Sandstorm|[upkeep]\n|upkeep\n|turn|15\n|inactive|DinsFire01 has 90 seconds left.\n|\n|t:|1699411096\n|switch|p1a: daughter|Latias, F, shiny|100\/100\n|move|p2a: Minior|Earthquake|p1a: daughter\n|-immune|p1a: daughter|[from] ability: Levitate\n|\n|-weather|none\n|upkeep\n|turn|16\n|inactive|Factor64 has 270 seconds left.\n|\n|t:|1699411131\n|move|p2a: Minior|Acrobatics|p1a: daughter\n|-damage|p1a: daughter|12\/100\n|move|p1a: daughter|Calm Mind|p1a: daughter\n|-boost|p1a: daughter|spa|1\n|-boost|p1a: daughter|spd|1\n|\n|-heal|p1a: daughter|18\/100|[from] item: Leftovers\n|upkeep\n|turn|17\n|inactive|DinsFire01 has 60 seconds left.\n|c| Lunar Sloth|jesus\n|l| Demolution545\n|j| ZBFusion\n|\n|t:|1699411175\n|move|p2a: Minior|Acrobatics|p1a: daughter\n|-damage|p1a: daughter|0 fnt\n|faint|p1a: daughter\n|\n|upkeep\n|inactive|DinsFire01 has 30 seconds left.\n|\n|t:|1699411187\n|switch|p1a: >:3|Arcanine-Hisui, F, shiny|100\/100\n|turn|18\n|\n|t:|1699411190\n|move|p1a: >:3|Extreme Speed|p2a: Minior\n|-resisted|p2a: Minior\n|-damage|p2a: Minior|76\/100\n|move|p2a: Minior|Earthquake|p1a: >:3\n|-supereffective|p1a: >:3\n|-damage|p1a: >:3|0 fnt\n|faint|p1a: >:3\n|\n|upkeep\n|c|\u2606DinsFire01|gg\n|inactive|DinsFire01 has 30 seconds left.\n|\n|t:|1699411213\n|switch|p1a: Hydrogen Bomb|Gholdengo|100\/100\n|turn|19\n|inactive|DinsFire01 has 30 seconds left.\n|c| VoIteon|the minior\n|\n|t:|1699411223\n|move|p2a: Minior|Substitute|p2a: Minior\n|-start|p2a: Minior|Substitute\n|-damage|p2a: Minior|51\/100\n|-zpower|p1a: Hydrogen Bomb\n|move|p1a: Hydrogen Bomb|Never-Ending Nightmare|p2a: Minior|[zeffect]\n|-end|p2a: Minior|Substitute\n|\n|upkeep\n|turn|20\n|inactive|DinsFire01 has 30 seconds left.\n|inactive|DinsFire01 has 20 seconds left.\n|\n|t:|1699411247\n|move|p2a: Minior|Substitute|p2a: Minior\n|-start|p2a: Minior|Substitute\n|-damage|p2a: Minior|26\/100\n|move|p1a: Hydrogen Bomb|Make It Rain|p2a: Minior\n|-supereffective|p2a: Minior\n|-end|p2a: Minior|Substitute\n|-unboost|p1a: Hydrogen Bomb|spa|1\n|\n|-formechange|p2a: Minior|Minior-Indigo||[from] ability: Shields Down\n|upkeep\n|turn|21\n|inactive|DinsFire01 has 30 seconds left this turn.\n|\n|t:|1699411259\n|move|p2a: Minior|Earthquake|p1a: Hydrogen Bomb\n|-supereffective|p1a: Hydrogen Bomb\n|-damage|p1a: Hydrogen Bomb|0 fnt\n|faint|p1a: Hydrogen Bomb\n|\n|upkeep\n|inactive|DinsFire01 has 30 seconds left this turn.\n|\n|t:|1699411265\n|switch|p1a: glizzy|Gliscor, F, shiny, tera:Grass|100\/100 tox\n|turn|22\n|\n|t:|1699411269\n|move|p2a: Minior|Acrobatics|p1a: glizzy\n|-supereffective|p1a: glizzy\n|-damage|p1a: glizzy|0 fnt\n|faint|p1a: glizzy\n|\n|upkeep\n|\n|t:|1699411271\n|switch|p1a: dat boi|Heliolisk, F, shiny|100\/100\n|turn|23\n|\n|t:|1699411275\n|move|p2a: Minior|Earthquake|p1a: dat boi\n|-supereffective|p1a: dat boi\n|-damage|p1a: dat boi|0 fnt\n|faint|p1a: dat boi\n|\n|win|Factor64\n|l| ZBFusion\n","uploadtime":1699411280,"views":23,"p1id":"dinsfire01","p2id":"factor64","formatid":"gen9nationaldexubers","rating":0,"private":0,"password":""}