{"id":"gen9nationaldexubers-1999892774","p1":"NoahTheGreat6.4","p2":"straightoutta14BC","format":"[Gen 9] National Dex Ubers","log":"|j|\u2606NoahTheGreat6.4\n|j|\u2606straightoutta14BC\n|inactive|Battle timer is ON: inactive players will automatically lose when time's up.\n|t:|1701127083\n|gametype|singles\n|player|p1|NoahTheGreat6.4|giovanni|\n|player|p2|straightoutta14BC|266|\n|teamsize|p1|6\n|teamsize|p2|6\n|gen|9\n|tier|[Gen 9] National Dex Ubers\n|rated|Tournament battle\n|rule|HP Percentage Mod: HP is shown in percentages\n|rule|Endless Battle Clause: Forcing endless battles is banned\n|rule|OHKO Clause: OHKO moves are banned\n|rule|Evasion Moves Clause: Evasion moves are banned\n|rule|Evasion Items Clause: Evasion items are banned\n|rule|Species Clause: Limit one of each Pok\u00e9mon\n|rule|Sleep Clause Mod: Limit one foe put to sleep\n|rule|Mega Rayquaza Clause: You cannot mega evolve Rayquaza\n|rule|Dynamax Clause: You cannot dynamax\n|rule|Terastal Clause: You cannot Terastallize\n|rule|Same Type Clause: Pok\u00e9mon in a team must share a type\n|clearpoke\n|poke|p1|Lucario, M|\n|poke|p1|Arceus-Fighting|\n|poke|p1|Zamazenta-*|\n|poke|p1|Iron Valiant|\n|poke|p1|Pheromosa|\n|poke|p1|Urshifu-*, F|\n|poke|p2|Klefki, F|\n|poke|p2|Mawile, F|\n|poke|p2|Dialga|\n|poke|p2|Necrozma-Dusk-Mane|\n|poke|p2|Kartana|\n|poke|p2|Excadrill, M|\n|teampreview\n|j|+bruised thighs\u2661\n|j| Franko159\n|c|\u2606NoahTheGreat6.4|Im bad person\n|inactive|NoahTheGreat6.4 has 120 seconds left.\n|inactive|straightoutta14BC has 120 seconds left.\n|c|\u2606NoahTheGreat6.4|Ok when I get ban\n|inactive|straightoutta14BC has 90 seconds left.\n|j| Astro Koo\n|c| Franko159|the scoreboard will get resetted on 4 days, maybe no dq this time\n|j|+FadedCharm\n|l| Astro Koo\n|\n|t:|1701127171\n|start\n|switch|p1a: Urshifu|Urshifu, F|100\/100\n|switch|p2a: Deep Impact|Excadrill, M|100\/100\n|-ability|p2a: Deep Impact|Mold Breaker\n|turn|1\n|l|+FadedCharm\n|c|\u2606NoahTheGreat6.4|It's ok\n|\n|t:|1701127181\n|move|p1a: Urshifu|Close Combat|p2a: Deep Impact\n|-supereffective|p2a: Deep Impact\n|-enditem|p2a: Deep Impact|Focus Sash\n|-damage|p2a: Deep Impact|1\/100\n|-unboost|p1a: Urshifu|def|1\n|-unboost|p1a: Urshifu|spd|1\n|move|p2a: Deep Impact|Stealth Rock|p1a: Urshifu\n|-sidestart|p1: NoahTheGreat6.4|move: Stealth Rock\n|\n|upkeep\n|turn|2\n|\n|t:|1701127203\n|move|p1a: Urshifu|Close Combat|p2a: Deep Impact\n|-supereffective|p2a: Deep Impact\n|-damage|p2a: Deep Impact|0 fnt\n|-unboost|p1a: Urshifu|def|1\n|-unboost|p1a: Urshifu|spd|1\n|faint|p2a: Deep Impact\n|\n|upkeep\n|inactive|straightoutta14BC has 120 seconds left.\n|\n|t:|1701127227\n|switch|p2a: Valentina|Mawile, F|100\/100\n|-ability|p2a: Valentina|Intimidate|boost\n|-unboost|p1a: Urshifu|atk|1\n|turn|3\n|inactive|straightoutta14BC has 90 seconds left.\n|j|+FadedCharm\n|inactive|straightoutta14BC has 60 seconds left.\n|\n|t:|1701127289\n|switch|p1a: Arceus|Arceus-Fighting|100\/100\n|-damage|p1a: Arceus|94\/100|[from] Stealth Rock\n|detailschange|p2a: Valentina|Mawile-Mega, F\n|-mega|p2a: Valentina|Mawile|Mawilite\n|move|p2a: Valentina|Play Rough|p1a: Arceus\n|-supereffective|p1a: Arceus\n|-damage|p1a: Arceus|0 fnt\n|faint|p1a: Arceus\n|\n|upkeep\n|\n|t:|1701127298\n|switch|p1a: Zamazenta|Zamazenta-Crowned|100\/100\n|-damage|p1a: Zamazenta|97\/100|[from] Stealth Rock\n|-ability|p1a: Zamazenta|Dauntless Shield|boost\n|-boost|p1a: Zamazenta|def|1\n|turn|4\n|\n|t:|1701127311\n|switch|p2a: Mir|Klefki, F|100\/100\n|move|p1a: Zamazenta|Iron Defense|p1a: Zamazenta\n|-boost|p1a: Zamazenta|def|2\n|\n|upkeep\n|turn|5\n|\n|t:|1701127316\n|move|p2a: Mir|Reflect|p2a: Mir\n|-sidestart|p2: straightoutta14BC|Reflect\n|move|p1a: Zamazenta|Agility|p1a: Zamazenta\n|-boost|p1a: Zamazenta|spe|2\n|\n|upkeep\n|turn|6\n|j| Astro Koo\n|\n|t:|1701127338\n|switch|p2a: Pioneer|Dialga|100\/100\n|-ability|p2a: Pioneer|Pressure\n|move|p1a: Zamazenta|Body Press|p2a: Pioneer\n|-supereffective|p2a: Pioneer\n|-enditem|p2a: Pioneer|Chople Berry|[eat]\n|-enditem|p2a: Pioneer|Chople Berry|[weaken]\n|-damage|p2a: Pioneer|71\/100\n|\n|upkeep\n|turn|7\n|\n|t:|1701127345\n|move|p1a: Zamazenta|Body Press|p2a: Pioneer\n|-supereffective|p2a: Pioneer\n|-damage|p2a: Pioneer|16\/100\n|move|p2a: Pioneer|Fire Blast|p1a: Zamazenta\n|-supereffective|p1a: Zamazenta\n|-damage|p1a: Zamazenta|29\/100\n|\n|upkeep\n|turn|8\n|\n|t:|1701127350\n|move|p1a: Zamazenta|Body Press|p2a: Pioneer\n|-supereffective|p2a: Pioneer\n|-damage|p2a: Pioneer|0 fnt\n|faint|p2a: Pioneer\n|\n|upkeep\n|\n|t:|1701127372\n|switch|p2a: Ares|Kartana|100\/100\n|turn|9\n|\n|t:|1701127378\n|move|p1a: Zamazenta|Iron Defense|p1a: Zamazenta\n|-boost|p1a: Zamazenta|def|2\n|move|p2a: Ares|Sacred Sword|p1a: Zamazenta\n|-supereffective|p1a: Zamazenta\n|-damage|p1a: Zamazenta|0 fnt\n|faint|p1a: Zamazenta\n|-ability|p2a: Ares|Beast Boost|boost\n|-boost|p2a: Ares|spe|1\n|\n|-sideend|p2: straightoutta14BC|Reflect\n|upkeep\n|l|+FadedCharm\n|\n|t:|1701127387\n|switch|p1a: Urshifu|Urshifu, F|100\/100\n|-damage|p1a: Urshifu|94\/100|[from] Stealth Rock\n|turn|10\n|\n|t:|1701127409\n|-zpower|p2a: Ares\n|move|p2a: Ares|Bloom Doom|p1a: Urshifu|[zeffect]\n|-damage|p1a: Urshifu|7\/100\n|move|p1a: Urshifu|Close Combat|p2a: Ares\n|-supereffective|p2a: Ares\n|-damage|p2a: Ares|0 fnt\n|-unboost|p1a: Urshifu|def|1\n|-unboost|p1a: Urshifu|spd|1\n|faint|p2a: Ares\n|\n|upkeep\n|\n|t:|1701127418\n|switch|p2a: Mir|Klefki, F|100\/100\n|turn|11\n|\n|t:|1701127428\n|move|p1a: Urshifu|Close Combat|p2a: Mir\n|-damage|p2a: Mir|52\/100\n|-unboost|p1a: Urshifu|def|1\n|-unboost|p1a: Urshifu|spd|1\n|move|p2a: Mir|Trick Room|p2a: Mir\n|-fieldstart|move: Trick Room|[of] p2a: Mir\n|\n|upkeep\n|turn|12\n|\n|t:|1701127437\n|move|p2a: Mir|Steel Beam|p1a: Urshifu\n|-damage|p1a: Urshifu|0 fnt\n|-damage|p2a: Mir|2\/100|[from] steelbeam\n|faint|p1a: Urshifu\n|\n|upkeep\n|\n|t:|1701127451\n|switch|p1a: Pheromosa|Pheromosa|100\/100\n|-damage|p1a: Pheromosa|88\/100|[from] Stealth Rock\n|turn|13\n|\n|t:|1701127454\n|move|p2a: Mir|Steel Beam|p1a: Pheromosa\n|-damage|p1a: Pheromosa|0 fnt\n|-damage|p2a: Mir|0 fnt|[from] steelbeam\n|faint|p2a: Mir\n|faint|p1a: Pheromosa\n|\n|upkeep\n|c|\u2606NoahTheGreat6.4|gg\n|\n|t:|1701127469\n|switch|p2a: Valentina|Mawile-Mega, F|100\/100\n|switch|p1a: Lucario|Lucario, M|100\/100\n|-damage|p1a: Lucario|98\/100|[from] Stealth Rock\n|turn|14\n|\n|t:|1701127483\n|detailschange|p1a: Lucario|Lucario-Mega, M\n|-mega|p1a: Lucario|Lucario|Lucarionite\n|move|p2a: Valentina|Fire Fang|p1a: Lucario\n|-supereffective|p1a: Lucario\n|-damage|p1a: Lucario|0 fnt\n|faint|p1a: Lucario\n|\n|upkeep\n|c|+bruised thighs\u2661|oh my\n|\n|t:|1701127496\n|switch|p1a: Iron Valiant|Iron Valiant|100\/100\n|-damage|p1a: Iron Valiant|94\/100|[from] Stealth Rock\n|turn|15\n|\n|t:|1701127500\n|move|p2a: Valentina|Play Rough|p1a: Iron Valiant|[miss]\n|-miss|p2a: Valentina|p1a: Iron Valiant\n|move|p1a: Iron Valiant|Aura Sphere|p2a: Valentina\n|-damage|p2a: Valentina|35\/100\n|\n|-fieldend|move: Trick Room\n|upkeep\n|turn|16\n|inactive|straightoutta14BC has 120 seconds left.\n|\n|t:|1701127529\n|move|p1a: Iron Valiant|Aura Sphere|p2a: Valentina\n|-damage|p2a: Valentina|0 fnt\n|faint|p2a: Valentina\n|\n|upkeep\n|\n|t:|1701127531\n|switch|p2a: Dyson|Necrozma-Dusk-Mane|100\/100\n|turn|17\n|inactive|straightoutta14BC has 120 seconds left.\n|\n|t:|1701127547\n|move|p1a: Iron Valiant|Aura Sphere|p2a: Dyson\n|-damage|p2a: Dyson|53\/100\n|move|p2a: Dyson|Rock Polish|p2a: Dyson\n|-boost|p2a: Dyson|spe|2\n|\n|upkeep\n|turn|18\n|inactive|straightoutta14BC has 120 seconds left.\n|\n|t:|1701127566\n|move|p2a: Dyson|Rock Polish|p2a: Dyson\n|-boost|p2a: Dyson|spe|2\n|move|p1a: Iron Valiant|Aura Sphere|p2a: Dyson\n|-damage|p2a: Dyson|1\/100\n|\n|upkeep\n|turn|19\n|\n|t:|1701127573\n|move|p2a: Dyson|Stored Power|p1a: Iron Valiant\n|-supereffective|p1a: Iron Valiant\n|-damage|p1a: Iron Valiant|0 fnt\n|faint|p1a: Iron Valiant\n|-end|p1a: Iron Valiant|Quark Drive|[silent]\n|\n|win|straightoutta14BC\n|n|\u2606NoahTheGreat6.4|noahthegreat64\n|n|\u2606straightoutta14BC|straightoutta14bc\n|n| bruised thighs\u2661|bruisedthighs\n|n| Franko159|franko159\n|n| Astro Koo|astrokoo\n|l| bruised thighs\u2661\n","uploadtime":1701127580,"views":1,"p1id":"noahthegreat64","p2id":"straightoutta14bc","formatid":"gen9nationaldexubers","rating":0,"private":0,"password":""}