{"id":"gen9nationaldexubers-1985084889","p1":"OnlyPyper","p2":"Corazonmorado27","format":"[Gen 9] National Dex Ubers","log":"|j|\u2606OnlyPyper\n|j|\u2606Corazonmorado27\n|t:|1699328815\n|gametype|singles\n|player|p1|OnlyPyper|candice|\n|player|p2|Corazonmorado27|will|\n|teamsize|p1|6\n|teamsize|p2|6\n|gen|9\n|tier|[Gen 9] National Dex Ubers\n|rule|HP Percentage Mod: HP is shown in percentages\n|rule|Endless Battle Clause: Forcing endless battles is banned\n|rule|OHKO Clause: OHKO moves are banned\n|rule|Evasion Moves Clause: Evasion moves are banned\n|rule|Evasion Items Clause: Evasion items are banned\n|rule|Species Clause: Limit one of each Pok\u00e9mon\n|rule|Sleep Clause Mod: Limit one foe put to sleep\n|rule|Mega Rayquaza Clause: You cannot mega evolve Rayquaza\n|clearpoke\n|poke|p1|Drapion, F|\n|poke|p1|Empoleon, M|\n|poke|p1|Lucario, M|\n|poke|p1|Froslass, F|\n|poke|p1|Gardevoir, M|\n|poke|p1|Darkrai|\n|poke|p2|Empoleon, M|\n|poke|p2|Roserade, F|\n|poke|p2|Lopunny, F|\n|poke|p2|Gallade, M|\n|poke|p2|Togekiss, M|\n|poke|p2|Arcanine, F|\n|teampreview\n|c|\u2606Corazonmorado27|suerte uwu\n|c|\u2606OnlyPyper|Igualmente uwu\n|c|\u2606Corazonmorado27|y me llamaron a cenar ekisde\n|c|\u2606OnlyPyper|Ekisde\n|\n|t:|1699328847\n|start\n|switch|p1a: Yuki|Froslass, F|100\/100\n|switch|p2a: Miss. Lopunny|Lopunny, F|100\/100\n|turn|1\n|c|\u2606OnlyPyper|Provecho qlona\n|\n|t:|1699328858\n|detailschange|p2a: Miss. Lopunny|Lopunny-Mega, F\n|-mega|p2a: Miss. Lopunny|Lopunny|Lopunnite\n|move|p2a: Miss. Lopunny|Fake Out|p1a: Yuki\n|-damage|p1a: Yuki|64\/100\n|cant|p1a: Yuki|flinch\n|\n|upkeep\n|turn|2\n|\n|t:|1699328874\n|move|p1a: Yuki|Ice Beam|p2a: Miss. Lopunny\n|-damage|p2a: Miss. Lopunny|58\/100\n|move|p2a: Miss. Lopunny|U-turn|p1a: Yuki\n|-resisted|p1a: Yuki\n|-damage|p1a: Yuki|44\/100\n|\n|t:|1699328892\n|switch|p2a: Mr. Empoleon|Empoleon, M|100\/100|[from] U-turn\n|\n|upkeep\n|turn|3\n|c|\u2606Corazonmorado27|gracias uwu\n|c|\u2606OnlyPyper|De nada uwu\n|\n|t:|1699328903\n|switch|p1a: Cross|Drapion, F|100\/100\n|move|p2a: Mr. Empoleon|Stealth Rock|p1a: Cross\n|-sidestart|p1: OnlyPyper|move: Stealth Rock\n|\n|upkeep\n|turn|4\n|\n|t:|1699328925\n|move|p1a: Cross|Agility|p1a: Cross\n|-boost|p1a: Cross|spe|2\n|move|p2a: Mr. Empoleon|Flip Turn|p1a: Cross\n|-damage|p1a: Cross|81\/100\n|\n|t:|1699328934\n|switch|p2a: Aika Rouge|Arcanine, F|100\/100|[from] Flip Turn\n|-ability|p2a: Aika Rouge|Intimidate|boost\n|-unboost|p1a: Cross|atk|1\n|\n|upkeep\n|turn|5\n|c|\u2606OnlyPyper|No pods\n|c|\u2606OnlyPyper|Chidos mis cambios\n|\n|t:|1699328957\n|-terastallize|p1a: Cross|Water\n|move|p1a: Cross|Earthquake|p2a: Aika Rouge\n|-supereffective|p2a: Aika Rouge\n|-damage|p2a: Aika Rouge|54\/100\n|move|p2a: Aika Rouge|Flare Blitz|p1a: Cross\n|-resisted|p1a: Cross\n|-damage|p1a: Cross|35\/100\n|-damage|p2a: Aika Rouge|39\/100|[from] Recoil\n|\n|upkeep\n|turn|6\n|c|\u2606Corazonmorado27|ekisde\n|\n|t:|1699328973\n|switch|p2a: Mr. Togekiss|Togekiss, M|100\/100\n|move|p1a: Cross|Earthquake|p2a: Mr. Togekiss\n|-immune|p2a: Mr. Togekiss\n|\n|upkeep\n|turn|7\n|c|\u2606Corazonmorado27|lindo counter\n|c|\u2606Corazonmorado27|ok no XD\n|c|\u2606OnlyPyper|No fue por eso ekisde\n|c|\u2606Corazonmorado27|ekisde\n|c|\u2606OnlyPyper|Fue por la panflina\n|c|\u2606OnlyPyper|Okno\n|c|\u2606Corazonmorado27|ekisde\n|c|\u2606OnlyPyper|Simplemente tres defensivo xd\n|c|\u2606Corazonmorado27|ya\n|c|\u2606OnlyPyper|Y tera tmb\n|\n|t:|1699329027\n|move|p1a: Cross|Cross Poison|p2a: Mr. Togekiss\n|-supereffective|p2a: Mr. Togekiss\n|-damage|p2a: Mr. Togekiss|62\/100\n|move|p2a: Mr. Togekiss|Thunder Wave|p1a: Cross\n|-status|p1a: Cross|par\n|\n|upkeep\n|turn|8\n|\n|t:|1699329050\n|switch|p2a: Miss. Roserade|Roserade, F|100\/100\n|cant|p1a: Cross|par\n|\n|upkeep\n|turn|9\n|c|\u2606OnlyPyper|Me encanta que cada vez que entra Cross es pura fuerza bruta hasta que se la papean xd\n|j| JuzOzuj\n|c|\u2606Corazonmorado27|XDXDXD\n|c| JuzOzuj|Que no se note el counter :ManitoArribla:\n|l| JuzOzuj\n|c|\u2606OnlyPyper|Y est\u00e1 loca\n|\n|t:|1699329100\n|switch|p1a: Tridente|Empoleon, M|100\/100\n|-damage|p1a: Tridente|94\/100|[from] Stealth Rock\n|move|p2a: Miss. Roserade|Energy Ball|p1a: Tridente\n|-damage|p1a: Tridente|66\/100\n|-unboost|p1a: Tridente|spd|1\n|-ability|p1a: Tridente|Competitive|boost\n|-boost|p1a: Tridente|spa|2\n|\n|-heal|p1a: Tridente|72\/100|[from] item: Leftovers\n|upkeep\n|turn|10\n|c|\u2606Corazonmorado27|idk\n|c|\u2606Corazonmorado27|ay no, competitive\n|c|\u2606Corazonmorado27|kajajajaj\n|\n|t:|1699329132\n|-terastallize|p2a: Miss. Roserade|Grass\n|move|p2a: Miss. Roserade|Energy Ball|p1a: Tridente\n|-damage|p1a: Tridente|8\/100\n|move|p1a: Tridente|Defog|p2a: Miss. Roserade\n|-unboost|p2a: Miss. Roserade|evasion|1\n|-sideend|p1: OnlyPyper|Stealth Rock|[from] move: Defog|[of] p1a: Tridente\n|\n|-heal|p1a: Tridente|14\/100|[from] item: Leftovers\n|upkeep\n|turn|11\n|\n|t:|1699329149\n|move|p2a: Miss. Roserade|Energy Ball|p1a: Tridente\n|-damage|p1a: Tridente|0 fnt\n|faint|p1a: Tridente\n|\n|upkeep\n|\n|t:|1699329160\n|switch|p1a: Ryu|Lucario, M|100\/100\n|turn|12\n|\n|t:|1699329170\n|switch|p2a: Aika Rouge|Arcanine, F|39\/100\n|-ability|p2a: Aika Rouge|Intimidate|boost\n|-unboost|p1a: Ryu|atk|1\n|move|p1a: Ryu|Swords Dance|p1a: Ryu\n|-boost|p1a: Ryu|atk|2\n|\n|upkeep\n|turn|13\n|\n|t:|1699329184\n|move|p1a: Ryu|Extreme Speed|p2a: Aika Rouge\n|-crit|p2a: Aika Rouge\n|-damage|p2a: Aika Rouge|0 fnt\n|faint|p2a: Aika Rouge\n|-damage|p1a: Ryu|91\/100|[from] item: Life Orb\n|\n|upkeep\n|\n|t:|1699329191\n|switch|p2a: Mr. Empoleon|Empoleon, M|100\/100\n|turn|14\n|\n|t:|1699329201\n|switch|p1a: Cross|Drapion, F, tera:Water|35\/100 par\n|move|p2a: Mr. Empoleon|Ice Beam|p1a: Cross\n|-resisted|p1a: Cross\n|-damage|p1a: Cross|19\/100 par\n|-enditem|p1a: Cross|Lansat Berry|[eat]\n|-start|p1a: Cross|move: Focus Energy\n|\n|upkeep\n|turn|15\n|\n|t:|1699329221\n|move|p2a: Mr. Empoleon|Stealth Rock|p1a: Cross\n|-sidestart|p1: OnlyPyper|move: Stealth Rock\n|move|p1a: Cross|Earthquake|p2a: Mr. Empoleon\n|-supereffective|p2a: Mr. Empoleon\n|-crit|p2a: Mr. Empoleon\n|-damage|p2a: Mr. Empoleon|0 fnt\n|faint|p2a: Mr. Empoleon\n|\n|upkeep\n|\n|t:|1699329233\n|switch|p2a: Miss. Lopunny|Lopunny-Mega, F|58\/100\n|turn|16\n|c|\u2606OnlyPyper|Adi\u00f3s gordo\n|c|\u2606Corazonmorado27|XDXD\n|c|\u2606OnlyPyper|Oe literalmente explot\u00f3 xdddd\n|c|\u2606Corazonmorado27|y siiii\n|c|\u2606OnlyPyper|En este momento Cross dir\u00eda una frase medio edgy\n|c|\u2606Corazonmorado27|lels\n|\n|t:|1699329281\n|move|p2a: Miss. Lopunny|Fake Out|p1a: Cross\n|-damage|p1a: Cross|0 fnt\n|faint|p1a: Cross\n|\n|upkeep\n|c|\u2606OnlyPyper|Y muri\u00f3\n|\n|t:|1699329295\n|switch|p1a: Yuki|Froslass, F|44\/100\n|-damage|p1a: Yuki|19\/100|[from] Stealth Rock\n|turn|17\n|\n|t:|1699329325\n|move|p1a: Yuki|Ice Beam|p2a: Miss. Lopunny\n|-damage|p2a: Miss. Lopunny|15\/100\n|move|p2a: Miss. Lopunny|U-turn|p1a: Yuki\n|-resisted|p1a: Yuki\n|-damage|p1a: Yuki|0 fnt\n|faint|p1a: Yuki\n|\n|t:|1699329339\n|switch|p2a: Mr. Gallade|Gallade, M|100\/100|[from] U-turn\n|\n|upkeep\n|\n|t:|1699329344\n|switch|p1a: Daina|Gardevoir, M, shiny|100\/100\n|-damage|p1a: Daina|88\/100|[from] Stealth Rock\n|-ability|p1a: Daina|Sharpness|[from] ability: Trace|[of] p2a: Mr. Gallade\n|turn|18\n|c|\u2606Corazonmorado27|XDXD\n|c|\u2606OnlyPyper|Cu\u00e1nto chiste de mrd acabo de pensar\n|c|\u2606Corazonmorado27|naaambre\n|\n|t:|1699329381\n|detailschange|p1a: Daina|Gardevoir-Mega, M, shiny\n|-mega|p1a: Daina|Gardevoir|Gardevoirite\n|move|p1a: Daina|Hyper Voice|p2a: Mr. Gallade\n|-supereffective|p2a: Mr. Gallade\n|-damage|p2a: Mr. Gallade|0 fnt\n|faint|p2a: Mr. Gallade\n|\n|upkeep\n|c|\u2606OnlyPyper|Ahora la tiene afilada\n|c|\u2606Corazonmorado27|ekisde\n|c|\u2606OnlyPyper|Ahora ya no\n|c|\u2606OnlyPyper|Ekisde\n|\n|t:|1699329401\n|switch|p2a: Miss. Lopunny|Lopunny-Mega, F|15\/100\n|turn|19\n|\n|t:|1699329411\n|move|p2a: Miss. Lopunny|Fake Out|p1a: Daina\n|-damage|p1a: Daina|50\/100\n|cant|p1a: Daina|flinch\n|\n|upkeep\n|turn|20\n|\n|t:|1699329417\n|move|p2a: Miss. Lopunny|Return|p1a: Daina\n|-damage|p1a: Daina|0 fnt\n|faint|p1a: Daina\n|\n|upkeep\n|\n|t:|1699329422\n|switch|p1a: Ryu|Lucario, M|91\/100\n|-damage|p1a: Ryu|88\/100|[from] Stealth Rock\n|turn|21\n|\n|t:|1699329427\n|switch|p2a: Mr. Togekiss|Togekiss, M|62\/100\n|move|p1a: Ryu|Extreme Speed|p2a: Mr. Togekiss\n|-damage|p2a: Mr. Togekiss|32\/100\n|-damage|p1a: Ryu|78\/100|[from] item: Life Orb\n|\n|upkeep\n|turn|22\n|\n|t:|1699329436\n|move|p1a: Ryu|Extreme Speed|p2a: Mr. Togekiss\n|-damage|p2a: Mr. Togekiss|3\/100\n|-damage|p1a: Ryu|68\/100|[from] item: Life Orb\n|move|p2a: Mr. Togekiss|Roost|p2a: Mr. Togekiss\n|-heal|p2a: Mr. Togekiss|53\/100\n|-singleturn|p2a: Mr. Togekiss|move: Roost\n|\n|upkeep\n|turn|23\n|\n|t:|1699329446\n|switch|p1a: Darkrai|Darkrai|100\/100\n|-damage|p1a: Darkrai|88\/100|[from] Stealth Rock\n|move|p2a: Mr. Togekiss|Thunder Wave|p1a: Darkrai\n|-status|p1a: Darkrai|par\n|\n|upkeep\n|turn|24\n|\n|t:|1699329462\n|move|p2a: Mr. Togekiss|Roost|p2a: Mr. Togekiss\n|-heal|p2a: Mr. Togekiss|100\/100\n|-singleturn|p2a: Mr. Togekiss|move: Roost\n|move|p1a: Darkrai|Sludge Bomb|p2a: Mr. Togekiss\n|-supereffective|p2a: Mr. Togekiss\n|-damage|p2a: Mr. Togekiss|41\/100\n|-status|p2a: Mr. Togekiss|psn\n|\n|-damage|p2a: Mr. Togekiss|29\/100 psn|[from] psn\n|upkeep\n|turn|25\n|\n|t:|1699329473\n|move|p2a: Mr. Togekiss|Air Slash|p1a: Darkrai\n|-damage|p1a: Darkrai|49\/100 par\n|cant|p1a: Darkrai|flinch\n|\n|-damage|p2a: Mr. Togekiss|16\/100 psn|[from] psn\n|upkeep\n|turn|26\n|\n|t:|1699329479\n|move|p2a: Mr. Togekiss|Air Slash|p1a: Darkrai\n|-damage|p1a: Darkrai|7\/100 par\n|move|p1a: Darkrai|Sludge Bomb|p2a: Mr. Togekiss\n|-supereffective|p2a: Mr. Togekiss\n|-crit|p2a: Mr. Togekiss\n|-damage|p2a: Mr. Togekiss|0 fnt\n|faint|p2a: Mr. Togekiss\n|\n|upkeep\n|\n|t:|1699329488\n|switch|p2a: Miss. Roserade|Roserade, F, tera:Grass|100\/100\n|turn|27\n|c|\u2606OnlyPyper|Cr\u00edtico s\u00faper \u00fatil\n|c|\u2606Corazonmorado27|ekisde\n|\n|t:|1699329544\n|move|p2a: Miss. Roserade|Shadow Ball|p1a: Darkrai\n|-resisted|p1a: Darkrai\n|-damage|p1a: Darkrai|0 fnt\n|faint|p1a: Darkrai\n|\n|upkeep\n|\n|t:|1699329552\n|switch|p1a: Ryu|Lucario, M|68\/100\n|-damage|p1a: Ryu|65\/100|[from] Stealth Rock\n|turn|28\n|\n|t:|1699329559\n|move|p2a: Miss. Roserade|Shadow Ball|p1a: Ryu\n|-crit|p1a: Ryu\n|-damage|p1a: Ryu|0 fnt\n|faint|p1a: Ryu\n|\n|win|Corazonmorado27\n|c|\u2606OnlyPyper|Nombre\n|c|\u2606Corazonmorado27|no mames\n|c|\u2606OnlyPyper|Gg\n|c|\u2606Corazonmorado27|gg\n|c|\u2606OnlyPyper|Tal vez ganaste por eso pero no estoy segura\n|c|\u2606Corazonmorado27|creo que si\n|c|\u2606Corazonmorado27|la loputa mor\u00eda si o si\n|c|\u2606OnlyPyper|Un extreme speed izi\n|c|\u2606Corazonmorado27|sis\n|c|\u2606Corazonmorado27|era la rosa contra Ryu\n|c|\u2606Corazonmorado27|weno, wua cenar. al rato hacemos esquizo si quieres\n|c|\u2606OnlyPyper|Poder de la jotez\n|c|\u2606Corazonmorado27|XDXD\n|c|\u2606OnlyPyper|Okis uwu\n|c|\u2606OnlyPyper|Yo me wa ba\u00f1ar entonces\n|c|\u2606OnlyPyper|Pongo la repe ah\u00ed\n|c|\u2606Corazonmorado27|se la lava uwu\n|c|\u2606Corazonmorado27|okis\n|c|\u2606OnlyPyper|Tenkius uwu\n|l|\u2606Corazonmorado27\n|c|\u2606OnlyPyper|Y justo son las 8\n|l|\u2606OnlyPyper\n|j|\u2606OnlyPyper\n|player|p1|OnlyPyper|candice\n","uploadtime":1699329574,"views":12,"p1id":"onlypyper","p2id":"corazonmorado27","formatid":"gen9nationaldexubers","rating":0,"private":0,"password":""}