{"id":"gen9nationaldexubers-1978887272","p1":"aguinaldo124","p2":"One134e","format":"[Gen 9] National Dex Ubers","log":"|j|\u2606aguinaldo124\n|j|\u2606One134e\n|t:|1698606672\n|gametype|singles\n|player|p1|aguinaldo124|red|1023\n|player|p2|One134e|265|1062\n|teamsize|p1|6\n|teamsize|p2|6\n|gen|9\n|tier|[Gen 9] National Dex Ubers\n|rated|\n|rule|HP Percentage Mod: HP is shown in percentages\n|rule|Endless Battle Clause: Forcing endless battles is banned\n|rule|OHKO Clause: OHKO moves are banned\n|rule|Evasion Moves Clause: Evasion moves are banned\n|rule|Evasion Items Clause: Evasion items are banned\n|rule|Species Clause: Limit one of each Pok\u00e9mon\n|rule|Sleep Clause Mod: Limit one foe put to sleep\n|rule|Mega Rayquaza Clause: You cannot mega evolve Rayquaza\n|clearpoke\n|poke|p1|Komala, M|\n|poke|p1|Maushold-Four|\n|poke|p1|Gholdengo|\n|poke|p1|Toxapex, F|\n|poke|p1|Murkrow, F|\n|poke|p1|Krookodile, F|\n|poke|p2|Dragonite, M|\n|poke|p2|Torterra, M|\n|poke|p2|Blastoise, M|\n|poke|p2|Ampharos, M|\n|poke|p2|Scizor, M|\n|poke|p2|Gholdengo|\n|teampreview\n|inactive|Battle timer is ON: inactive players will automatically lose when time's up. (requested by aguinaldo124)\n|\n|t:|1698606681\n|start\n|switch|p1a: Murkrow|Murkrow, F|100\/100\n|switch|p2a: Gholdengo|Gholdengo|100\/100\n|turn|1\n|\n|t:|1698606694\n|switch|p1a: Toxapex|Toxapex, F|100\/100\n|move|p2a: Gholdengo|Power Gem|p1a: Toxapex\n|-damage|p1a: Toxapex|69\/100\n|-damage|p2a: Gholdengo|91\/100|[from] item: Life Orb\n|\n|-heal|p1a: Toxapex|75\/100|[from] item: Black Sludge\n|upkeep\n|turn|2\n|\n|t:|1698606705\n|move|p1a: Toxapex|Baneful Bunker|p1a: Toxapex\n|-singleturn|p1a: Toxapex|move: Protect\n|move|p2a: Gholdengo|Nasty Plot|p2a: Gholdengo\n|-boost|p2a: Gholdengo|spa|2\n|\n|-heal|p1a: Toxapex|82\/100|[from] item: Black Sludge\n|upkeep\n|turn|3\n|\n|t:|1698606714\n|move|p2a: Gholdengo|Shadow Ball|p1a: Toxapex\n|-damage|p1a: Toxapex|0 fnt\n|faint|p1a: Toxapex\n|-damage|p2a: Gholdengo|81\/100|[from] item: Life Orb\n|\n|upkeep\n|\n|t:|1698606724\n|switch|p1a: Krookodile|Krookodile, F|100\/100\n|turn|4\n|\n|t:|1698606729\n|move|p1a: Krookodile|Earthquake|p2a: Gholdengo\n|-supereffective|p2a: Gholdengo\n|-damage|p2a: Gholdengo|0 fnt\n|faint|p2a: Gholdengo\n|-ability|p1a: Krookodile|Moxie|boost\n|-boost|p1a: Krookodile|atk|1\n|\n|upkeep\n|\n|t:|1698606740\n|switch|p2a: Blastoise|Blastoise, M|100\/100\n|turn|5\n|\n|t:|1698606747\n|detailschange|p2a: Blastoise|Blastoise-Mega, M\n|-mega|p2a: Blastoise|Blastoise|Blastoisinite\n|move|p1a: Krookodile|Earthquake|p2a: Blastoise\n|-damage|p2a: Blastoise|28\/100\n|move|p2a: Blastoise|Water Spout|p1a: Krookodile\n|-supereffective|p1a: Krookodile\n|-damage|p1a: Krookodile|39\/100\n|\n|upkeep\n|turn|6\n|\n|t:|1698606757\n|move|p1a: Krookodile|Earthquake|p2a: Blastoise\n|-damage|p2a: Blastoise|0 fnt\n|faint|p2a: Blastoise\n|-ability|p1a: Krookodile|Moxie|boost\n|-boost|p1a: Krookodile|atk|1\n|\n|upkeep\n|\n|t:|1698606764\n|switch|p2a: Scizor|Scizor, M|100\/100\n|turn|7\n|\n|t:|1698606769\n|-terastallize|p2a: Scizor|Flying\n|move|p1a: Krookodile|Earthquake|p2a: Scizor\n|-immune|p2a: Scizor\n|move|p2a: Scizor|X-Scissor|p1a: Krookodile\n|-supereffective|p1a: Krookodile\n|-damage|p1a: Krookodile|0 fnt\n|faint|p1a: Krookodile\n|\n|upkeep\n|\n|t:|1698606780\n|switch|p1a: Komala|Komala, M|100\/100\n|-ability|p1a: Komala|Comatose\n|turn|8\n|\n|t:|1698606785\n|move|p1a: Komala|Sleep Talk|p1a: Komala\n|move|p1a: Komala|Last Resort|p2a: Scizor|[from]move: Sleep Talk\n|-damage|p2a: Scizor|21\/100\n|-damage|p1a: Komala|84\/100|[from] item: Rocky Helmet|[of] p2a: Scizor\n|move|p2a: Scizor|Close Combat|p1a: Komala\n|-supereffective|p1a: Komala\n|-damage|p1a: Komala|0 fnt\n|-unboost|p2a: Scizor|def|1\n|-unboost|p2a: Scizor|spd|1\n|faint|p1a: Komala\n|\n|upkeep\n|\n|t:|1698606798\n|switch|p1a: Gholdengo|Gholdengo|100\/100\n|turn|9\n|\n|t:|1698606804\n|move|p1a: Gholdengo|Trick|p2a: Scizor\n|-activate|p1a: Gholdengo|move: Trick|[of] p2a: Scizor\n|-item|p2a: Scizor|Choice Scarf|[from] move: Trick\n|-item|p1a: Gholdengo|Rocky Helmet|[from] move: Trick\n|move|p2a: Scizor|X-Scissor|p1a: Gholdengo\n|-resisted|p1a: Gholdengo\n|-crit|p1a: Gholdengo\n|-damage|p1a: Gholdengo|82\/100\n|-damage|p2a: Scizor|4\/100|[from] item: Rocky Helmet|[of] p1a: Gholdengo\n|\n|upkeep\n|turn|10\n|\n|t:|1698606814\n|move|p2a: Scizor|X-Scissor|p1a: Gholdengo\n|-resisted|p1a: Gholdengo\n|-damage|p1a: Gholdengo|70\/100\n|-damage|p2a: Scizor|0 fnt|[from] item: Rocky Helmet|[of] p1a: Gholdengo\n|faint|p2a: Scizor\n|move|p1a: Gholdengo|Thunderbolt|p2: Scizor|[notarget]\n|-fail|p1a: Gholdengo\n|\n|upkeep\n|\n|t:|1698606828\n|switch|p2a: Torterra|Torterra, M|100\/100\n|turn|11\n|\n|t:|1698606834\n|move|p1a: Gholdengo|Focus Blast|p2a: Torterra\n|-damage|p2a: Torterra|55\/100\n|move|p2a: Torterra|Shell Smash|p2a: Torterra\n|-unboost|p2a: Torterra|def|1\n|-unboost|p2a: Torterra|spd|1\n|-boost|p2a: Torterra|atk|2\n|-boost|p2a: Torterra|spa|2\n|-boost|p2a: Torterra|spe|2\n|\n|upkeep\n|turn|12\n|\n|t:|1698606844\n|switch|p1a: Murkrow|Murkrow, F|100\/100\n|move|p2a: Torterra|Headlong Rush|p1a: Murkrow\n|-immune|p1a: Murkrow\n|\n|upkeep\n|turn|13\n|\n|t:|1698606852\n|move|p1a: Murkrow|Haze|p1a: Murkrow\n|-clearallboost\n|move|p2a: Torterra|Stone Edge|p1a: Murkrow|[miss]\n|-miss|p2a: Torterra|p1a: Murkrow\n|\n|upkeep\n|turn|14\n|\n|t:|1698606860\n|switch|p1a: Maushold|Maushold-Four|100\/100\n|move|p2a: Torterra|Stone Edge|p1a: Maushold|[miss]\n|-miss|p2a: Torterra|p1a: Maushold\n|\n|upkeep\n|turn|15\n|\n|t:|1698606869\n|move|p1a: Maushold|Population Bomb|p2a: Torterra\n|-damage|p2a: Torterra|45\/100\n|-damage|p2a: Torterra|36\/100\n|-damage|p2a: Torterra|25\/100\n|-damage|p2a: Torterra|16\/100\n|-damage|p2a: Torterra|7\/100\n|-damage|p2a: Torterra|0 fnt\n|faint|p2a: Torterra\n|-hitcount|p2: Torterra|6\n|\n|upkeep\n|\n|t:|1698606886\n|switch|p2a: Dragonite|Dragonite, M|100\/100\n|turn|16\n|\n|t:|1698606892\n|move|p1a: Maushold|Population Bomb|p2a: Dragonite\n|-damage|p2a: Dragonite|95\/100\n|-damage|p2a: Dragonite|84\/100\n|-damage|p2a: Dragonite|74\/100\n|-damage|p2a: Dragonite|63\/100\n|-damage|p2a: Dragonite|52\/100\n|-damage|p2a: Dragonite|42\/100\n|-damage|p2a: Dragonite|31\/100\n|-damage|p2a: Dragonite|20\/100\n|-damage|p2a: Dragonite|10\/100\n|-damage|p2a: Dragonite|0 fnt\n|faint|p2a: Dragonite\n|-hitcount|p2: Dragonite|10\n|\n|upkeep\n|\n|t:|1698606908\n|switch|p2a: Ampharos|Ampharos, M|100\/100\n|turn|17\n|\n|t:|1698606914\n|move|p1a: Maushold|Population Bomb|p2a: Ampharos\n|-damage|p2a: Ampharos|88\/100\n|-damage|p2a: Ampharos|77\/100\n|-damage|p2a: Ampharos|66\/100\n|-status|p1a: Maushold|par|[from] ability: Static|[of] p2a: Ampharos\n|-damage|p2a: Ampharos|53\/100\n|-damage|p2a: Ampharos|42\/100\n|-damage|p2a: Ampharos|32\/100\n|-damage|p2a: Ampharos|20\/100\n|-damage|p2a: Ampharos|8\/100\n|-damage|p2a: Ampharos|0 fnt\n|faint|p2a: Ampharos\n|-hitcount|p2: Ampharos|9\n|\n|win|aguinaldo124\n|raw|aguinaldo124's rating: 1023 &rarr; <strong>1064<\/strong><br \/>(+41 for winning)\n|raw|One134e's rating: 1062 &rarr; <strong>1041<\/strong><br \/>(-21 for losing)\n|c|\u2606aguinaldo124|Gg\n|c|\u2606aguinaldo124|Wp\n","uploadtime":1698606940,"views":10,"p1id":"aguinaldo124","p2id":"one134e","formatid":"gen9nationaldexubers","rating":1041,"private":0,"password":""}