{"id":"gen9nationaldexubers-1990547418","p1":"Jellwoah","p2":"Pokemonowy gosc","format":"[Gen 9] National Dex Ubers","log":"|j|\u2606Jellwoah\n|j|\u2606Pokemonowy gosc\n|t:|1699980436\n|gametype|singles\n|player|p1|Jellwoah|ingo|1000\n|player|p2|Pokemonowy gosc|koga|1000\n|teamsize|p1|5\n|teamsize|p2|6\n|gen|9\n|tier|[Gen 9] National Dex Ubers\n|rated|\n|rule|HP Percentage Mod: HP is shown in percentages\n|rule|Endless Battle Clause: Forcing endless battles is banned\n|rule|OHKO Clause: OHKO moves are banned\n|rule|Evasion Moves Clause: Evasion moves are banned\n|rule|Evasion Items Clause: Evasion items are banned\n|rule|Species Clause: Limit one of each Pok\u00e9mon\n|rule|Sleep Clause Mod: Limit one foe put to sleep\n|rule|Mega Rayquaza Clause: You cannot mega evolve Rayquaza\n|clearpoke\n|poke|p1|Lunala|\n|poke|p1|Cacturne, M|\n|poke|p1|Umbreon, F|\n|poke|p1|Manectric, M|\n|poke|p1|Ninetales, M|\n|poke|p2|Meowth-Alola, M|\n|poke|p2|Persian-Alola, M|\n|poke|p2|Snom, F|\n|poke|p2|Frosmoth, M|\n|poke|p2|Regice|\n|poke|p2|Regieleki|\n|teampreview\n|inactive|Battle timer is ON: inactive players will automatically lose when time's up. (requested by Jellwoah)\n|inactive|Pokemonowy gosc also wants the timer to be on.\n|\n|t:|1699980445\n|start\n|switch|p1a: Quinn|Umbreon, F|100\/100\n|switch|p2a: Snom|Snom, F|100\/100\n|turn|1\n|\n|t:|1699980455\n|move|p1a: Quinn|Calm Mind|p1a: Quinn\n|-boost|p1a: Quinn|spa|1\n|-boost|p1a: Quinn|spd|1\n|move|p2a: Snom|Bug Bite|p1a: Quinn\n|-supereffective|p1a: Quinn\n|-damage|p1a: Quinn|84\/100\n|\n|-heal|p1a: Quinn|90\/100|[from] item: Leftovers\n|upkeep\n|turn|2\n|\n|t:|1699980465\n|move|p1a: Quinn|Calm Mind|p1a: Quinn\n|-boost|p1a: Quinn|spa|1\n|-boost|p1a: Quinn|spd|1\n|move|p2a: Snom|Fairy Wind|p1a: Quinn\n|-supereffective|p1a: Quinn\n|-damage|p1a: Quinn|84\/100\n|\n|-heal|p1a: Quinn|90\/100|[from] item: Leftovers\n|upkeep\n|turn|3\n|\n|t:|1699980477\n|move|p1a: Quinn|Calm Mind|p1a: Quinn\n|-boost|p1a: Quinn|spa|1\n|-boost|p1a: Quinn|spd|1\n|move|p2a: Snom|Bug Bite|p1a: Quinn\n|-supereffective|p1a: Quinn\n|-damage|p1a: Quinn|75\/100\n|\n|-heal|p1a: Quinn|81\/100|[from] item: Leftovers\n|upkeep\n|turn|4\n|\n|t:|1699980486\n|move|p1a: Quinn|Calm Mind|p1a: Quinn\n|-boost|p1a: Quinn|spa|1\n|-boost|p1a: Quinn|spd|1\n|move|p2a: Snom|Bug Bite|p1a: Quinn\n|-supereffective|p1a: Quinn\n|-damage|p1a: Quinn|63\/100\n|\n|-heal|p1a: Quinn|69\/100|[from] item: Leftovers\n|upkeep\n|turn|5\n|\n|t:|1699980495\n|move|p1a: Quinn|Calm Mind|p1a: Quinn\n|-boost|p1a: Quinn|spa|1\n|-boost|p1a: Quinn|spd|1\n|move|p2a: Snom|Bug Bite|p1a: Quinn\n|-supereffective|p1a: Quinn\n|-damage|p1a: Quinn|52\/100\n|\n|-heal|p1a: Quinn|58\/100|[from] item: Leftovers\n|upkeep\n|turn|6\n|\n|t:|1699980503\n|move|p1a: Quinn|Stored Power|p2a: Snom\n|-damage|p2a: Snom|0 fnt\n|faint|p2a: Snom\n|\n|-heal|p1a: Quinn|64\/100|[from] item: Leftovers\n|upkeep\n|\n|t:|1699980512\n|switch|p2a: Meowth|Meowth-Alola, M|100\/100\n|turn|7\n|\n|t:|1699980517\n|move|p2a: Meowth|Fake Out|p1a: Quinn\n|-damage|p1a: Quinn|57\/100\n|move|p1a: Quinn|Stored Power|p2a: Meowth\n|-immune|p2a: Meowth\n|\n|-heal|p1a: Quinn|63\/100|[from] item: Leftovers\n|upkeep\n|turn|8\n|\n|t:|1699980530\n|move|p2a: Meowth|Body Slam|p1a: Quinn\n|-damage|p1a: Quinn|54\/100\n|-status|p1a: Quinn|par\n|cant|p1a: Quinn|par\n|\n|-heal|p1a: Quinn|60\/100 par|[from] item: Leftovers\n|upkeep\n|turn|9\n|\n|t:|1699980542\n|move|p2a: Meowth|Body Slam|p1a: Quinn\n|-damage|p1a: Quinn|51\/100 par\n|move|p1a: Quinn|Crunch|p2a: Meowth\n|-resisted|p2a: Meowth\n|-damage|p2a: Meowth|67\/100\n|-unboost|p2a: Meowth|def|1\n|\n|-heal|p1a: Quinn|57\/100 par|[from] item: Leftovers\n|upkeep\n|turn|10\n|\n|t:|1699980554\n|move|p2a: Meowth|Fake Tears|p1a: Quinn\n|-unboost|p1a: Quinn|spd|2\n|move|p1a: Quinn|Crunch|p2a: Meowth\n|-resisted|p2a: Meowth\n|-crit|p2a: Meowth\n|-damage|p2a: Meowth|0 fnt\n|faint|p2a: Meowth\n|\n|-heal|p1a: Quinn|63\/100 par|[from] item: Leftovers\n|upkeep\n|\n|t:|1699980566\n|switch|p2a: Persian|Persian-Alola, M|100\/100\n|turn|11\n|\n|t:|1699980573\n|move|p2a: Persian|Fake Out|p1a: Quinn\n|-damage|p1a: Quinn|52\/100 par\n|move|p1a: Quinn|Heal Bell|p1a: Quinn\n|-activate|p1a: Quinn|move: Heal Bell\n|-curestatus|p1a: Quinn|par|[msg]\n|\n|-heal|p1a: Quinn|58\/100|[from] item: Leftovers\n|upkeep\n|turn|12\n|\n|t:|1699980588\n|move|p2a: Persian|Aerial Ace|p1a: Quinn\n|-damage|p1a: Quinn|43\/100\n|move|p1a: Quinn|Crunch|p2a: Persian\n|-resisted|p2a: Persian\n|-damage|p2a: Persian|83\/100\n|-unboost|p2a: Persian|def|1\n|\n|-heal|p1a: Quinn|49\/100|[from] item: Leftovers\n|upkeep\n|turn|13\n|\n|t:|1699980597\n|move|p2a: Persian|Aerial Ace|p1a: Quinn\n|-damage|p1a: Quinn|35\/100\n|move|p1a: Quinn|Crunch|p2a: Persian\n|-resisted|p2a: Persian\n|-damage|p2a: Persian|56\/100\n|\n|-heal|p1a: Quinn|41\/100|[from] item: Leftovers\n|upkeep\n|turn|14\n|\n|t:|1699980615\n|move|p2a: Persian|Aerial Ace|p1a: Quinn\n|-damage|p1a: Quinn|26\/100\n|move|p1a: Quinn|Crunch|p2a: Persian\n|-resisted|p2a: Persian\n|-damage|p2a: Persian|30\/100\n|\n|-heal|p1a: Quinn|32\/100|[from] item: Leftovers\n|upkeep\n|turn|15\n|\n|t:|1699980623\n|move|p2a: Persian|Aerial Ace|p1a: Quinn\n|-damage|p1a: Quinn|17\/100\n|move|p1a: Quinn|Crunch|p2a: Persian\n|-resisted|p2a: Persian\n|-damage|p2a: Persian|0 fnt\n|faint|p2a: Persian\n|\n|-heal|p1a: Quinn|23\/100|[from] item: Leftovers\n|upkeep\n|\n|t:|1699980633\n|switch|p2a: Regieleki|Regieleki|100\/100\n|-item|p2a: Regieleki|Air Balloon\n|turn|16\n|\n|t:|1699980639\n|move|p2a: Regieleki|Thunder Cage|p1a: Quinn\n|-damage|p1a: Quinn|10\/100\n|-activate|p1a: Quinn|move: Thunder Cage|[of] p2a: Regieleki\n|move|p1a: Quinn|Stored Power|p2a: Regieleki\n|-damage|p2a: Regieleki|0 fnt\n|-enditem|p2a: Regieleki|Air Balloon\n|faint|p2a: Regieleki\n|\n|-heal|p1a: Quinn|16\/100|[from] item: Leftovers\n|-end|p1a: Quinn|Thunder Cage|[partiallytrapped]|[silent]\n|upkeep\n|-message|Pokemonowy gosc forfeited.\n|\n|win|Jellwoah\n|raw|Jellwoah's rating: 1000 &rarr; <strong>1040<\/strong><br \/>(+40 for winning)\n|raw|Pokemonowy gosc's rating: 1000 &rarr; <strong>1000<\/strong><br \/>(+0 for losing)\n|l|\u2606Pokemonowy gosc\n","uploadtime":1699980676,"views":9,"p1id":"jellwoah","p2id":"pokemonowygosc","formatid":"gen9nationaldexubers","rating":1000,"private":0,"password":""}