{"id":"gen9nationaldexubers-1979484823","p1":"redxteamx","p2":"700club","format":"[Gen 9] National Dex Ubers","log":"|j|\u2606redxteamx\n|j|\u2606700club\n|t:|1698686369\n|gametype|singles\n|player|p1|redxteamx|cynthia-gen4|1330\n|player|p2|700club|shadowtriad|1306\n|teamsize|p1|6\n|teamsize|p2|6\n|gen|9\n|tier|[Gen 9] National Dex Ubers\n|rated|\n|rule|HP Percentage Mod: HP is shown in percentages\n|rule|Endless Battle Clause: Forcing endless battles is banned\n|rule|OHKO Clause: OHKO moves are banned\n|rule|Evasion Moves Clause: Evasion moves are banned\n|rule|Evasion Items Clause: Evasion items are banned\n|rule|Species Clause: Limit one of each Pok\u00e9mon\n|rule|Sleep Clause Mod: Limit one foe put to sleep\n|rule|Mega Rayquaza Clause: You cannot mega evolve Rayquaza\n|clearpoke\n|poke|p1|Annihilape, M|\n|poke|p1|Xerneas-*|\n|poke|p1|Landorus-Therian, M|\n|poke|p1|Kingambit, F|\n|poke|p1|Iron Valiant|\n|poke|p1|Necrozma-Dawn-Wings|\n|poke|p2|Ogerpon-Hearthflame, F|\n|poke|p2|Ditto|\n|poke|p2|Deoxys-Speed|\n|poke|p2|Mewtwo|\n|poke|p2|Necrozma-Dusk-Mane|\n|poke|p2|Kingambit, F|\n|teampreview\n|inactive|Battle timer is ON: inactive players will automatically lose when time's up. (requested by redxteamx)\n|\n|t:|1698686382\n|start\n|switch|p1a: Landorus|Landorus-Therian, M|100\/100\n|switch|p2a: Deoxys|Deoxys-Speed|100\/100\n|-ability|p2a: Deoxys|Pressure\n|-ability|p1a: Landorus|Intimidate|boost\n|-unboost|p2a: Deoxys|atk|1\n|turn|1\n|inactive|redxteamx has 120 seconds left.\n|\n|t:|1698686442\n|move|p2a: Deoxys|Reflect|p2a: Deoxys\n|-sidestart|p2: 700club|Reflect\n|move|p1a: Landorus|Swords Dance|p1a: Landorus\n|-boost|p1a: Landorus|atk|2\n|\n|upkeep\n|turn|2\n|\n|t:|1698686448\n|move|p2a: Deoxys|Taunt|p1a: Landorus\n|-start|p1a: Landorus|move: Taunt\n|cant|p1a: Landorus|move: Taunt|Rock Polish\n|\n|upkeep\n|turn|3\n|\n|t:|1698686459\n|-terastallize|p1a: Landorus|Ground\n|move|p2a: Deoxys|Stealth Rock|p1a: Landorus\n|-sidestart|p1: redxteamx|move: Stealth Rock\n|move|p1a: Landorus|Earthquake|p2a: Deoxys\n|-enditem|p2a: Deoxys|Focus Sash\n|-damage|p2a: Deoxys|1\/100\n|\n|upkeep\n|turn|4\n|\n|t:|1698686468\n|move|p2a: Deoxys|Light Screen|p2a: Deoxys\n|-sidestart|p2: 700club|move: Light Screen\n|move|p1a: Landorus|Earthquake|p2a: Deoxys\n|-damage|p2a: Deoxys|0 fnt\n|faint|p2a: Deoxys\n|\n|-end|p1a: Landorus|move: Taunt\n|upkeep\n|\n|t:|1698686478\n|switch|p2a: Mewtwo|Mewtwo|100\/100\n|-ability|p2a: Mewtwo|Unnerve\n|turn|5\n|\n|t:|1698686491\n|detailschange|p2a: Mewtwo|Mewtwo-Mega-Y\n|-mega|p2a: Mewtwo|Mewtwo|Mewtwonite Y\n|move|p2a: Mewtwo|Ice Beam|p1a: Landorus\n|-supereffective|p1a: Landorus\n|-enditem|p1a: Landorus|Focus Sash\n|-damage|p1a: Landorus|1\/100\n|move|p1a: Landorus|Earthquake|p2a: Mewtwo\n|-damage|p2a: Mewtwo|0 fnt\n|faint|p2a: Mewtwo\n|\n|-sideend|p2: 700club|Reflect\n|upkeep\n|\n|t:|1698686507\n|switch|p2a: Ogerpon|Ogerpon-Hearthflame, F|100\/100\n|-ability|p2a: Ogerpon|Mold Breaker\n|turn|6\n|inactive|700club has 120 seconds left.\n|\n|t:|1698686523\n|-terastallize|p2a: Ogerpon|Fire\n|detailschange|p2a: Ogerpon|Ogerpon-Hearthflame-Tera, F, tera:Fire\n|-ability|p2a: Ogerpon|Embody Aspect (Hearthflame)|boost\n|-boost|p2a: Ogerpon|atk|1\n|move|p2a: Ogerpon|Ivy Cudgel|p1a: Landorus\n|-damage|p1a: Landorus|0 fnt\n|faint|p1a: Landorus\n|\n|upkeep\n|\n|t:|1698686533\n|switch|p1a: Necrozma|Necrozma-Dawn-Wings|100\/100\n|-damage|p1a: Necrozma|88\/100|[from] Stealth Rock\n|turn|7\n|\n|t:|1698686547\n|detailschange|p1a: Necrozma|Necrozma-Ultra\n|-burst|p1a: Necrozma|Necrozma|Ultranecrozium Z\n|move|p2a: Ogerpon|Ivy Cudgel|p1a: Necrozma\n|-resisted|p1a: Necrozma\n|-damage|p1a: Necrozma|42\/100\n|move|p1a: Necrozma|Photon Geyser|p2a: Ogerpon\n|-damage|p2a: Ogerpon|64\/100\n|\n|upkeep\n|turn|8\n|inactive|700club has 120 seconds left.\n|\n|t:|1698686564\n|move|p2a: Ogerpon|Ivy Cudgel|p1a: Necrozma\n|-resisted|p1a: Necrozma\n|-damage|p1a: Necrozma|2\/100\n|-zpower|p1a: Necrozma\n|move|p1a: Necrozma|Light That Burns the Sky|p2a: Ogerpon|[zeffect]\n|-damage|p2a: Ogerpon|0 fnt\n|faint|p2a: Ogerpon\n|\n|-sideend|p2: 700club|move: Light Screen\n|upkeep\n|inactive|700club has 120 seconds left.\n|\n|t:|1698686585\n|switch|p2a: Necrozma|Necrozma-Dusk-Mane|100\/100\n|turn|9\n|\n|t:|1698686594\n|detailschange|p2a: Necrozma|Necrozma-Ultra\n|-burst|p2a: Necrozma|Necrozma|Ultranecrozium Z\n|move|p2a: Necrozma|Photon Geyser|p1a: Necrozma\n|-resisted|p1a: Necrozma\n|-damage|p1a: Necrozma|0 fnt\n|faint|p1a: Necrozma\n|\n|upkeep\n|\n|t:|1698686600\n|switch|p1a: Annihilape|Annihilape, M|100\/100\n|-damage|p1a: Annihilape|94\/100|[from] Stealth Rock\n|turn|10\n|inactive|700club has 120 seconds left.\n|\n|t:|1698686615\n|move|p2a: Necrozma|Photon Geyser|p1a: Annihilape\n|-supereffective|p1a: Annihilape\n|-damage|p1a: Annihilape|0 fnt\n|faint|p1a: Annihilape\n|\n|upkeep\n|\n|t:|1698686619\n|switch|p1a: Xerneas|Xerneas|100\/100\n|-damage|p1a: Xerneas|88\/100|[from] Stealth Rock\n|-ability|p1a: Xerneas|Fairy Aura\n|turn|11\n|inactive|700club has 120 seconds left.\n|\n|t:|1698686637\n|-zpower|p2a: Necrozma\n|move|p2a: Necrozma|Light That Burns the Sky|p1a: Xerneas|[zeffect]\n|-damage|p1a: Xerneas|0 fnt\n|faint|p1a: Xerneas\n|\n|upkeep\n|\n|t:|1698686640\n|switch|p1a: Iron Valiant|Iron Valiant|100\/100\n|-damage|p1a: Iron Valiant|94\/100|[from] Stealth Rock\n|-enditem|p1a: Iron Valiant|Booster Energy\n|-activate|p1a: Iron Valiant|ability: Quark Drive|[fromitem]\n|-start|p1a: Iron Valiant|quarkdrivespe\n|turn|12\n|inactive|700club has 120 seconds left.\n|c|\u2606700club|will kingambit end me? well see\n|\n|t:|1698686663\n|move|p1a: Iron Valiant|Spirit Break|p2a: Necrozma\n|-supereffective|p2a: Necrozma\n|-damage|p2a: Necrozma|25\/100\n|-unboost|p2a: Necrozma|spa|1\n|move|p2a: Necrozma|Photon Geyser|p1a: Iron Valiant\n|-supereffective|p1a: Iron Valiant\n|-damage|p1a: Iron Valiant|0 fnt\n|faint|p1a: Iron Valiant\n|-end|p1a: Iron Valiant|Quark Drive|[silent]\n|\n|upkeep\n|\n|t:|1698686667\n|switch|p1a: Kingambit|Kingambit, F|100\/100\n|-damage|p1a: Kingambit|94\/100|[from] Stealth Rock\n|-activate|p1a: Kingambit|ability: Supreme Overlord\n|-start|p1a: Kingambit|fallen5|[silent]\n|turn|13\n|\n|t:|1698686689\n|move|p1a: Kingambit|Sucker Punch|p2a: Necrozma\n|-supereffective|p2a: Necrozma\n|-crit|p2a: Necrozma\n|-damage|p2a: Necrozma|0 fnt\n|faint|p2a: Necrozma\n|\n|upkeep\n|inactive|700club has 90 seconds left.\n|\n|t:|1698686705\n|switch|p2a: Kingambit|Kingambit, F|100\/100\n|-activate|p2a: Kingambit|ability: Supreme Overlord\n|-start|p2a: Kingambit|fallen4|[silent]\n|turn|14\n|inactive|700club has 90 seconds left.\n|\n|t:|1698686735\n|move|p1a: Kingambit|Kowtow Cleave|p2a: Kingambit\n|-resisted|p2a: Kingambit\n|-damage|p2a: Kingambit|74\/100\n|move|p2a: Kingambit|Kowtow Cleave|p1a: Kingambit\n|-resisted|p1a: Kingambit\n|-damage|p1a: Kingambit|61\/100\n|\n|upkeep\n|turn|15\n|\n|t:|1698686745\n|move|p1a: Kingambit|Iron Head|p2a: Kingambit\n|-resisted|p2a: Kingambit\n|-damage|p2a: Kingambit|50\/100\n|move|p2a: Kingambit|Kowtow Cleave|p1a: Kingambit\n|-resisted|p1a: Kingambit\n|-damage|p1a: Kingambit|31\/100\n|\n|upkeep\n|turn|16\n|\n|t:|1698686755\n|move|p2a: Kingambit|Swords Dance|p2a: Kingambit\n|-boost|p2a: Kingambit|atk|2\n|move|p1a: Kingambit|Kowtow Cleave|p2a: Kingambit\n|-resisted|p2a: Kingambit\n|-damage|p2a: Kingambit|24\/100\n|\n|upkeep\n|turn|17\n|\n|t:|1698686764\n|move|p1a: Kingambit|Sucker Punch|p2a: Kingambit\n|-resisted|p2a: Kingambit\n|-damage|p2a: Kingambit|1\/100\n|move|p2a: Kingambit|Sucker Punch||[still]\n|-fail|p2a: Kingambit\n|\n|upkeep\n|turn|18\n|inactive|700club has 90 seconds left.\n|c|\u2606700club|nice\n|\n|t:|1698686780\n|move|p1a: Kingambit|Sucker Punch|p2a: Kingambit\n|-resisted|p2a: Kingambit\n|-damage|p2a: Kingambit|0 fnt\n|faint|p2a: Kingambit\n|-end|p2a: Kingambit|fallen4|[silent]\n|\n|upkeep\n|\n|t:|1698686785\n|switch|p2a: Ditto|Ditto|100\/100\n|-transform|p2a: Ditto|p1a: Kingambit|[from] ability: Imposter\n|-activate|p2a: Ditto|ability: Supreme Overlord\n|-start|p2a: Ditto|fallen5|[silent]\n|turn|19\n|inactive|700club has 90 seconds left.\n|\n|t:|1698686796\n|move|p1a: Kingambit|Sucker Punch|p2a: Ditto\n|-resisted|p2a: Ditto\n|-damage|p2a: Ditto|68\/100\n|move|p2a: Ditto|Kowtow Cleave|p1a: Kingambit\n|-resisted|p1a: Kingambit\n|-damage|p1a: Kingambit|5\/100\n|\n|upkeep\n|turn|20\n|inactive|700club has 90 seconds left.\n|\n|t:|1698686804\n|move|p2a: Ditto|Kowtow Cleave|p1a: Kingambit\n|-resisted|p1a: Kingambit\n|-damage|p1a: Kingambit|0 fnt\n|faint|p1a: Kingambit\n|-end|p1a: Kingambit|fallen5|[silent]\n|\n|win|700club\n|raw|redxteamx's rating: 1330 &rarr; <strong>1309<\/strong><br \/>(-21 for losing)\n|raw|700club's rating: 1306 &rarr; <strong>1327<\/strong><br \/>(+21 for winning)\n|c|\u2606700club|gg\n|c|\u2606redxteamx|gg\n|l|\u2606redxteamx\n","uploadtime":1698686811,"views":11,"p1id":"redxteamx","p2id":"700club","formatid":"gen9nationaldexubers","rating":1309,"private":0,"password":""}