{"id":"gen9nationaldexubers-1983848100","p1":"Omey","p2":"Taafeite","format":"[Gen 9] National Dex Ubers","log":"|j|\u2606Omey\n|j|\u2606Taafeite\n|t:|1699191261\n|gametype|singles\n|player|p1|Omey|galacticgrunt|\n|player|p2|Taafeite|clerkf|\n|teamsize|p1|4\n|teamsize|p2|4\n|gen|9\n|tier|[Gen 9] National Dex Ubers\n|rule|HP Percentage Mod: HP is shown in percentages\n|rule|Endless Battle Clause: Forcing endless battles is banned\n|rule|OHKO Clause: OHKO moves are banned\n|rule|Evasion Moves Clause: Evasion moves are banned\n|rule|Evasion Items Clause: Evasion items are banned\n|rule|Species Clause: Limit one of each Pok\u00e9mon\n|rule|Sleep Clause Mod: Limit one foe put to sleep\n|rule|Mega Rayquaza Clause: You cannot mega evolve Rayquaza\n|clearpoke\n|poke|p1|Victini|\n|poke|p1|Passimian, M|\n|poke|p1|Palafin, M|\n|poke|p1|Poliwrath, F|\n|poke|p2|Tornadus-Therian, M|\n|poke|p2|Corviknight, F|\n|poke|p2|Pyroar, M|\n|poke|p2|Drapion, M|\n|teampreview\n|\n|t:|1699191273\n|start\n|switch|p1a: nobody's hero|Palafin, M|100\/100\n|switch|p2a: AreYaFeelin'Lucky?|Drapion, M|100\/100\n|turn|1\n|\n|t:|1699191281\n|move|p1a: nobody's hero|Flip Turn|p2a: AreYaFeelin'Lucky?\n|-damage|p2a: AreYaFeelin'Lucky?|88\/100\n|\n|t:|1699191294\n|detailschange|p1a: nobody's hero|Palafin-Hero, M\n|switch|p1a: Overwatch|Passimian, M|100\/100|[from] Flip Turn\n|move|p2a: AreYaFeelin'Lucky?|Night Slash|p1a: Overwatch\n|-resisted|p1a: Overwatch\n|-crit|p1a: Overwatch\n|-damage|p1a: Overwatch|73\/100\n|\n|-heal|p1a: Overwatch|79\/100|[from] item: Leftovers\n|upkeep\n|turn|2\n|\n|t:|1699191312\n|switch|p2a: Genie 1|Tornadus-Therian, M|100\/100\n|move|p1a: Overwatch|Knock Off|p2a: Genie 1\n|-damage|p2a: Genie 1|54\/100\n|-enditem|p2a: Genie 1|Liechi Berry|[from] move: Knock Off|[of] p1a: Overwatch\n|\n|-heal|p1a: Overwatch|85\/100|[from] item: Leftovers\n|upkeep\n|turn|3\n|\n|t:|1699191330\n|move|p2a: Genie 1|Acrobatics|p1a: Overwatch\n|-supereffective|p1a: Overwatch\n|-damage|p1a: Overwatch|0 fnt\n|faint|p1a: Overwatch\n|\n|upkeep\n|\n|t:|1699191350\n|switch|p1a: DontGetCocky|Victini|100\/100\n|turn|4\n|\n|t:|1699191355\n|move|p2a: Genie 1|Acrobatics|p1a: DontGetCocky\n|-damage|p1a: DontGetCocky|54\/100\n|move|p1a: DontGetCocky|Bolt Strike|p2a: Genie 1\n|-supereffective|p2a: Genie 1\n|-damage|p2a: Genie 1|0 fnt\n|faint|p2a: Genie 1\n|\n|-heal|p1a: DontGetCocky|60\/100|[from] item: Leftovers\n|upkeep\n|\n|t:|1699191360\n|switch|p2a: AreYaFeelin'Lucky?|Drapion, M|88\/100\n|turn|5\n|\n|t:|1699191370\n|move|p1a: DontGetCocky|Swagger|p2a: AreYaFeelin'Lucky?\n|-boost|p2a: AreYaFeelin'Lucky?|atk|2\n|-start|p2a: AreYaFeelin'Lucky?|confusion\n|-activate|p2a: AreYaFeelin'Lucky?|confusion\n|-damage|p2a: AreYaFeelin'Lucky?|62\/100|[from] confusion\n|\n|-heal|p1a: DontGetCocky|66\/100|[from] item: Leftovers\n|upkeep\n|turn|6\n|\n|t:|1699191386\n|switch|p2a: Angsty Redhead|Pyroar, M|100\/100\n|move|p1a: DontGetCocky|V-create|p2a: Angsty Redhead\n|-resisted|p2a: Angsty Redhead\n|-damage|p2a: Angsty Redhead|46\/100\n|-unboost|p1a: DontGetCocky|spe|1\n|-unboost|p1a: DontGetCocky|def|1\n|-unboost|p1a: DontGetCocky|spd|1\n|\n|-heal|p1a: DontGetCocky|72\/100|[from] item: Leftovers\n|upkeep\n|turn|7\n|\n|t:|1699191405\n|switch|p1a: Chuck Norris|Poliwrath, F|100\/100\n|move|p2a: Angsty Redhead|Hyper Voice|p1a: Chuck Norris\n|-damage|p1a: Chuck Norris|71\/100\n|-damage|p2a: Angsty Redhead|36\/100|[from] item: Life Orb\n|\n|upkeep\n|turn|8\n|\n|t:|1699191425\n|switch|p2a: Fast 'n' Relaxed|Corviknight, F|100\/100\n|move|p1a: Chuck Norris|Hypnosis|p2a: Fast 'n' Relaxed|[miss]\n|-miss|p1a: Chuck Norris|p2a: Fast 'n' Relaxed\n|-enditem|p1a: Chuck Norris|Blunder Policy\n|-boost|p1a: Chuck Norris|spe|2\n|\n|upkeep\n|turn|9\n|\n|t:|1699191435\n|move|p1a: Chuck Norris|Hypnosis|p2a: Fast 'n' Relaxed\n|-status|p2a: Fast 'n' Relaxed|slp|[from] move: Hypnosis\n|cant|p2a: Fast 'n' Relaxed|slp\n|\n|upkeep\n|turn|10\n|\n|t:|1699191459\n|move|p1a: Chuck Norris|Bulk Up|p1a: Chuck Norris\n|-boost|p1a: Chuck Norris|atk|1\n|-boost|p1a: Chuck Norris|def|1\n|cant|p2a: Fast 'n' Relaxed|slp\n|\n|upkeep\n|turn|11\n|\n|t:|1699191465\n|move|p1a: Chuck Norris|Bulk Up|p1a: Chuck Norris\n|-boost|p1a: Chuck Norris|atk|1\n|-boost|p1a: Chuck Norris|def|1\n|-curestatus|p2a: Fast 'n' Relaxed|slp|[msg]\n|move|p2a: Fast 'n' Relaxed|Iron Defense|p2a: Fast 'n' Relaxed\n|-boost|p2a: Fast 'n' Relaxed|def|2\n|\n|upkeep\n|turn|12\n|\n|t:|1699191472\n|move|p1a: Chuck Norris|Hypnosis|p2a: Fast 'n' Relaxed|[miss]\n|-miss|p1a: Chuck Norris|p2a: Fast 'n' Relaxed\n|move|p2a: Fast 'n' Relaxed|Iron Defense|p2a: Fast 'n' Relaxed\n|-boost|p2a: Fast 'n' Relaxed|def|2\n|\n|upkeep\n|turn|13\n|\n|t:|1699191481\n|move|p1a: Chuck Norris|Hypnosis|p2a: Fast 'n' Relaxed\n|-status|p2a: Fast 'n' Relaxed|slp|[from] move: Hypnosis\n|cant|p2a: Fast 'n' Relaxed|slp\n|\n|upkeep\n|turn|14\n|\n|t:|1699191484\n|move|p1a: Chuck Norris|Dynamic Punch|p2a: Fast 'n' Relaxed\n|-damage|p2a: Fast 'n' Relaxed|82\/100 slp\n|-start|p2a: Fast 'n' Relaxed|confusion\n|cant|p2a: Fast 'n' Relaxed|slp\n|\n|upkeep\n|turn|15\n|\n|t:|1699191488\n|move|p1a: Chuck Norris|Bulk Up|p1a: Chuck Norris\n|-boost|p1a: Chuck Norris|atk|1\n|-boost|p1a: Chuck Norris|def|1\n|-curestatus|p2a: Fast 'n' Relaxed|slp|[msg]\n|-activate|p2a: Fast 'n' Relaxed|confusion\n|move|p2a: Fast 'n' Relaxed|Agility|p2a: Fast 'n' Relaxed\n|-boost|p2a: Fast 'n' Relaxed|spe|2\n|\n|upkeep\n|turn|16\n|\n|t:|1699191503\n|move|p1a: Chuck Norris|Hypnosis|p2a: Fast 'n' Relaxed\n|-status|p2a: Fast 'n' Relaxed|slp|[from] move: Hypnosis\n|cant|p2a: Fast 'n' Relaxed|slp\n|\n|upkeep\n|turn|17\n|\n|t:|1699191509\n|move|p1a: Chuck Norris|Bulk Up|p1a: Chuck Norris\n|-boost|p1a: Chuck Norris|atk|1\n|-boost|p1a: Chuck Norris|def|1\n|cant|p2a: Fast 'n' Relaxed|slp\n|\n|upkeep\n|turn|18\n|\n|t:|1699191514\n|move|p1a: Chuck Norris|Bulk Up|p1a: Chuck Norris\n|-boost|p1a: Chuck Norris|atk|1\n|-boost|p1a: Chuck Norris|def|1\n|cant|p2a: Fast 'n' Relaxed|slp\n|\n|upkeep\n|turn|19\n|\n|t:|1699191518\n|move|p1a: Chuck Norris|Bulk Up|p1a: Chuck Norris\n|-boost|p1a: Chuck Norris|atk|1\n|-boost|p1a: Chuck Norris|def|1\n|-curestatus|p2a: Fast 'n' Relaxed|slp|[msg]\n|-activate|p2a: Fast 'n' Relaxed|confusion\n|move|p2a: Fast 'n' Relaxed|Iron Defense|p2a: Fast 'n' Relaxed\n|-boost|p2a: Fast 'n' Relaxed|def|2\n|\n|upkeep\n|turn|20\n|\n|t:|1699191524\n|move|p1a: Chuck Norris|Liquidation|p2a: Fast 'n' Relaxed\n|-damage|p2a: Fast 'n' Relaxed|58\/100\n|-end|p2a: Fast 'n' Relaxed|confusion\n|move|p2a: Fast 'n' Relaxed|Agility|p2a: Fast 'n' Relaxed\n|-boost|p2a: Fast 'n' Relaxed|spe|2\n|\n|upkeep\n|turn|21\n|\n|t:|1699191530\n|move|p2a: Fast 'n' Relaxed|Power Trip|p1a: Chuck Norris\n|-resisted|p1a: Chuck Norris\n|-damage|p1a: Chuck Norris|64\/100\n|move|p1a: Chuck Norris|Hypnosis|p2a: Fast 'n' Relaxed\n|-status|p2a: Fast 'n' Relaxed|slp|[from] move: Hypnosis\n|\n|upkeep\n|turn|22\n|\n|t:|1699191541\n|cant|p2a: Fast 'n' Relaxed|slp\n|move|p1a: Chuck Norris|Dynamic Punch|p2a: Fast 'n' Relaxed|[miss]\n|-miss|p1a: Chuck Norris|p2a: Fast 'n' Relaxed\n|\n|upkeep\n|turn|23\n|\n|t:|1699191545\n|-curestatus|p2a: Fast 'n' Relaxed|slp|[msg]\n|move|p2a: Fast 'n' Relaxed|Agility|p2a: Fast 'n' Relaxed\n|-boost|p2a: Fast 'n' Relaxed|spe|2\n|move|p1a: Chuck Norris|Dynamic Punch|p2a: Fast 'n' Relaxed|[miss]\n|-miss|p1a: Chuck Norris|p2a: Fast 'n' Relaxed\n|\n|upkeep\n|turn|24\n|\n|t:|1699191550\n|move|p2a: Fast 'n' Relaxed|Hone Claws|p2a: Fast 'n' Relaxed\n|-boost|p2a: Fast 'n' Relaxed|atk|1\n|-boost|p2a: Fast 'n' Relaxed|accuracy|1\n|move|p1a: Chuck Norris|Hypnosis|p2a: Fast 'n' Relaxed|[miss]\n|-miss|p1a: Chuck Norris|p2a: Fast 'n' Relaxed\n|\n|upkeep\n|turn|25\n|\n|t:|1699191554\n|move|p2a: Fast 'n' Relaxed|Hone Claws|p2a: Fast 'n' Relaxed\n|-boost|p2a: Fast 'n' Relaxed|atk|1\n|-boost|p2a: Fast 'n' Relaxed|accuracy|1\n|move|p1a: Chuck Norris|Hypnosis|p2a: Fast 'n' Relaxed\n|-status|p2a: Fast 'n' Relaxed|slp|[from] move: Hypnosis\n|\n|upkeep\n|turn|26\n|\n|t:|1699191556\n|cant|p2a: Fast 'n' Relaxed|slp\n|move|p1a: Chuck Norris|Dynamic Punch|p2a: Fast 'n' Relaxed\n|-damage|p2a: Fast 'n' Relaxed|32\/100 slp\n|-start|p2a: Fast 'n' Relaxed|confusion\n|\n|upkeep\n|turn|27\n|\n|t:|1699191561\n|cant|p2a: Fast 'n' Relaxed|slp\n|move|p1a: Chuck Norris|Liquidation|p2a: Fast 'n' Relaxed\n|-damage|p2a: Fast 'n' Relaxed|11\/100 slp\n|\n|upkeep\n|turn|28\n|\n|t:|1699191566\n|cant|p2a: Fast 'n' Relaxed|slp\n|move|p1a: Chuck Norris|Liquidation|p2a: Fast 'n' Relaxed\n|-damage|p2a: Fast 'n' Relaxed|0 fnt\n|faint|p2a: Fast 'n' Relaxed\n|\n|upkeep\n|\n|t:|1699191570\n|switch|p2a: AreYaFeelin'Lucky?|Drapion, M|62\/100\n|turn|29\n|\n|t:|1699191574\n|move|p1a: Chuck Norris|Liquidation|p2a: AreYaFeelin'Lucky?\n|-damage|p2a: AreYaFeelin'Lucky?|0 fnt\n|faint|p2a: AreYaFeelin'Lucky?\n|\n|upkeep\n|\n|t:|1699191576\n|switch|p2a: Angsty Redhead|Pyroar, M|36\/100\n|turn|30\n|\n|t:|1699191579\n|move|p1a: Chuck Norris|Liquidation|p2a: Angsty Redhead\n|-supereffective|p2a: Angsty Redhead\n|-damage|p2a: Angsty Redhead|0 fnt\n|faint|p2a: Angsty Redhead\n|\n|win|Omey\n|c|\u2606Omey|gg\n|c|\u2606Taafeite|gg\n|l|\u2606Omey\n","uploadtime":1699191621,"views":9,"p1id":"omey","p2id":"taafeite","formatid":"gen9nationaldexubers","rating":0,"private":0,"password":""}