{"id":"gen9nationaldexubers-1997926903","p1":"greggyp","p2":"TheStroker","format":"[Gen 9] National Dex Ubers","log":"|j|\u2606greggyp\n|j|\u2606TheStroker\n|t:|1700868350\n|gametype|singles\n|player|p1|greggyp|2|1327\n|player|p2|TheStroker|janitor|1476\n|teamsize|p1|6\n|teamsize|p2|6\n|gen|9\n|tier|[Gen 9] National Dex Ubers\n|rated|\n|rule|HP Percentage Mod: HP is shown in percentages\n|rule|Endless Battle Clause: Forcing endless battles is banned\n|rule|OHKO Clause: OHKO moves are banned\n|rule|Evasion Moves Clause: Evasion moves are banned\n|rule|Evasion Items Clause: Evasion items are banned\n|rule|Species Clause: Limit one of each Pok\u00e9mon\n|rule|Sleep Clause Mod: Limit one foe put to sleep\n|rule|Mega Rayquaza Clause: You cannot mega evolve Rayquaza\n|clearpoke\n|poke|p1|Marshadow|\n|poke|p1|Charizard, M|\n|poke|p1|Weezing-Galar, F|\n|poke|p1|Slowbro, M|\n|poke|p1|Melmetal|\n|poke|p1|Kingambit, M|\n|poke|p2|Necrozma-Dusk-Mane|\n|poke|p2|Smeargle, M|\n|poke|p2|Ferrothorn, F|\n|poke|p2|Ho-Oh|\n|poke|p2|Annihilape, F|\n|poke|p2|Ditto|\n|teampreview\n|inactive|Battle timer is ON: inactive players will automatically lose when time's up. (requested by greggyp)\n|\n|t:|1700868361\n|start\n|switch|p1a: Charizard|Charizard, M, shiny|100\/100\n|switch|p2a: Gastmon|Annihilape, F|100\/100\n|turn|1\n|j| mistahmerrikuu\n|\n|t:|1700868369\n|detailschange|p1a: Charizard|Charizard-Mega-Y, M, shiny\n|-mega|p1a: Charizard|Charizard|Charizardite Y\n|-weather|SunnyDay|[from] ability: Drought|[of] p1a: Charizard\n|move|p2a: Gastmon|Final Gambit|p1a: Charizard\n|-damage|p1a: Charizard|0 fnt\n|faint|p2a: Gastmon\n|faint|p1a: Charizard\n|\n|-weather|SunnyDay|[upkeep]\n|upkeep\n|\n|t:|1700868379\n|switch|p2a: Shellphone|Ditto|100\/100\n|switch|p1a: Slowbro|Slowbro, M|100\/100\n|-transform|p2a: Shellphone|p1a: Slowbro|[from] ability: Imposter\n|turn|2\n|\n|t:|1700868392\n|switch|p2a: One day|Ferrothorn, F|100\/100\n|move|p1a: Slowbro|Ice Beam|p2a: One day\n|-damage|p2a: One day|83\/100\n|\n|-weather|SunnyDay|[upkeep]\n|-heal|p2a: One day|89\/100|[from] item: Leftovers\n|upkeep\n|turn|3\n|j| Lonsol\n|j| Zangoosefriend96\n|\n|t:|1700868404\n|switch|p1a: Marshadow|Marshadow|100\/100\n|move|p2a: One day|Stealth Rock|p1a: Marshadow\n|-sidestart|p1: greggyp|move: Stealth Rock\n|\n|-weather|SunnyDay|[upkeep]\n|-heal|p2a: One day|96\/100|[from] item: Leftovers\n|upkeep\n|turn|4\n|j| it's ogrepon\n|\n|t:|1700868412\n|switch|p2a: Benefitted|Ho-Oh|100\/100\n|move|p1a: Marshadow|Drain Punch|p2a: Benefitted\n|-resisted|p2a: Benefitted\n|-damage|p2a: Benefitted|86\/100\n|\n|-weather|SunnyDay|[upkeep]\n|upkeep\n|turn|5\n|\n|t:|1700868419\n|move|p1a: Marshadow|Rock Slide|p2a: Benefitted\n|-supereffective|p2a: Benefitted\n|-damage|p2a: Benefitted|14\/100\n|move|p2a: Benefitted|Toxic|p1a: Marshadow\n|-status|p1a: Marshadow|tox\n|\n|-weather|none\n|-damage|p1a: Marshadow|94\/100 tox|[from] psn\n|upkeep\n|turn|6\n|\n|t:|1700868427\n|switch|p2a: One day|Ferrothorn, F|96\/100\n|move|p1a: Marshadow|Rock Slide|p2a: One day\n|-resisted|p2a: One day\n|-damage|p2a: One day|84\/100\n|\n|-heal|p2a: One day|90\/100|[from] item: Leftovers\n|-damage|p1a: Marshadow|82\/100 tox|[from] psn\n|upkeep\n|turn|7\n|\n|t:|1700868436\n|move|p2a: One day|Protect|p2a: One day\n|-singleturn|p2a: One day|Protect\n|move|p1a: Marshadow|Drain Punch|p2a: One day\n|-activate|p2a: One day|move: Protect\n|\n|-heal|p2a: One day|97\/100|[from] item: Leftovers\n|-damage|p1a: Marshadow|63\/100 tox|[from] psn\n|upkeep\n|turn|8\n|\n|t:|1700868445\n|switch|p2a: Shellphone|Ditto|100\/100\n|-transform|p2a: Shellphone|p1a: Marshadow|[from] ability: Imposter\n|move|p1a: Marshadow|Drain Punch|p2a: Shellphone\n|-immune|p2a: Shellphone\n|\n|-damage|p1a: Marshadow|38\/100 tox|[from] psn\n|upkeep\n|turn|9\n|\n|t:|1700868470\n|move|p2a: Shellphone|Spectral Thief|p1a: Marshadow\n|-supereffective|p1a: Marshadow\n|-damage|p1a: Marshadow|0 fnt\n|faint|p1a: Marshadow\n|\n|upkeep\n|\n|t:|1700868478\n|switch|p1a: Slowbro|Slowbro, M|100\/100\n|-damage|p1a: Slowbro|88\/100|[from] Stealth Rock\n|turn|10\n|\n|t:|1700868485\n|move|p2a: Shellphone|Spectral Thief|p1a: Slowbro\n|-supereffective|p1a: Slowbro\n|-damage|p1a: Slowbro|15\/100\n|move|p1a: Slowbro|Trick Room|p1a: Slowbro\n|-fieldstart|move: Trick Room|[of] p1a: Slowbro\n|\n|-heal|p1a: Slowbro|21\/100|[from] item: Leftovers\n|upkeep\n|turn|11\n|\n|t:|1700868493\n|switch|p2a: One day|Ferrothorn, F|97\/100\n|move|p1a: Slowbro|Psychic|p2a: One day\n|-resisted|p2a: One day\n|-damage|p2a: One day|82\/100\n|\n|-heal|p2a: One day|89\/100|[from] item: Leftovers\n|-heal|p1a: Slowbro|27\/100|[from] item: Leftovers\n|upkeep\n|turn|12\n|\n|t:|1700868511\n|switch|p1a: Kingambit|Kingambit, M|100\/100\n|-damage|p1a: Kingambit|94\/100|[from] Stealth Rock\n|-activate|p1a: Kingambit|ability: Supreme Overlord\n|-start|p1a: Kingambit|fallen2|[silent]\n|move|p2a: One day|Leech Seed|p1a: Kingambit\n|-start|p1a: Kingambit|move: Leech Seed\n|\n|-heal|p2a: One day|95\/100|[from] item: Leftovers\n|-damage|p1a: Kingambit|82\/100|[from] Leech Seed|[of] p2a: One day\n|-heal|p2a: One day|100\/100|[silent]\n|upkeep\n|turn|13\n|\n|t:|1700868524\n|move|p2a: One day|Gyro Ball|p1a: Kingambit\n|-resisted|p1a: Kingambit\n|-damage|p1a: Kingambit|64\/100\n|move|p1a: Kingambit|Brick Break|p2a: One day\n|-supereffective|p2a: One day\n|-damage|p2a: One day|50\/100\n|-damage|p1a: Kingambit|51\/100|[from] ability: Iron Barbs|[of] p2a: One day\n|\n|-heal|p2a: One day|57\/100|[from] item: Leftovers\n|-damage|p1a: Kingambit|39\/100|[from] Leech Seed|[of] p2a: One day\n|-heal|p2a: One day|69\/100|[silent]\n|upkeep\n|turn|14\n|\n|t:|1700868540\n|move|p2a: One day|Protect|p2a: One day\n|-singleturn|p2a: One day|Protect\n|move|p1a: Kingambit|Brick Break|p2a: One day\n|-activate|p2a: One day|move: Protect\n|\n|-heal|p2a: One day|75\/100|[from] item: Leftovers\n|-damage|p1a: Kingambit|27\/100|[from] Leech Seed|[of] p2a: One day\n|-heal|p2a: One day|87\/100|[silent]\n|-fieldend|move: Trick Room\n|upkeep\n|turn|15\n|\n|t:|1700868551\n|switch|p2a: Benefitted|Ho-Oh|48\/100\n|move|p1a: Kingambit|Brick Break|p2a: Benefitted\n|-resisted|p2a: Benefitted\n|-damage|p2a: Benefitted|37\/100\n|\n|-damage|p1a: Kingambit|14\/100|[from] Leech Seed|[of] p2a: Benefitted\n|-heal|p2a: Benefitted|47\/100|[silent]\n|upkeep\n|turn|16\n|\n|t:|1700868560\n|move|p1a: Kingambit|Sucker Punch||[still]\n|-fail|p1a: Kingambit\n|move|p2a: Benefitted|Recover|p2a: Benefitted\n|-heal|p2a: Benefitted|97\/100\n|\n|-damage|p1a: Kingambit|2\/100|[from] Leech Seed|[of] p2a: Benefitted\n|-heal|p2a: Benefitted|100\/100|[silent]\n|upkeep\n|turn|17\n|\n|t:|1700868569\n|move|p1a: Kingambit|Sucker Punch||[still]\n|-fail|p1a: Kingambit\n|move|p2a: Benefitted|Toxic|p1a: Kingambit\n|-immune|p1a: Kingambit\n|\n|-damage|p1a: Kingambit|0 fnt|[from] Leech Seed|[of] p2a: Benefitted\n|faint|p1a: Kingambit\n|-end|p1a: Kingambit|fallen2|[silent]\n|upkeep\n|\n|t:|1700868577\n|switch|p1a: Weezing|Weezing-Galar, F|100\/100\n|-ability|p1a: Weezing|Neutralizing Gas\n|-damage|p1a: Weezing|88\/100|[from] Stealth Rock\n|turn|18\n|\n|t:|1700868584\n|switch|p2a: Shellphone|Ditto|100\/100\n|move|p1a: Weezing|Destiny Bond|p1a: Weezing\n|-singlemove|p1a: Weezing|Destiny Bond\n|\n|upkeep\n|turn|19\n|\n|t:|1700868591\n|switch|p2a: One day|Ferrothorn, F|87\/100\n|move|p1a: Weezing|Defog|p2a: One day\n|-unboost|p2a: One day|evasion|1\n|-sideend|p1: greggyp|Stealth Rock|[from] move: Defog|[of] p1a: Weezing\n|\n|-heal|p2a: One day|93\/100|[from] item: Leftovers\n|upkeep\n|turn|20\n|\n|t:|1700868601\n|-end|p1a: Weezing|ability: Neutralizing Gas\n|switch|p1a: Melmetal|Melmetal|100\/100\n|move|p2a: One day|Gyro Ball|p1a: Melmetal\n|-resisted|p1a: Melmetal\n|-damage|p1a: Melmetal|96\/100\n|\n|-heal|p2a: One day|99\/100|[from] item: Leftovers\n|upkeep\n|turn|21\n|\n|t:|1700868613\n|move|p1a: Melmetal|Earthquake|p2a: One day\n|-damage|p2a: One day|68\/100\n|move|p2a: One day|Leech Seed|p1a: Melmetal\n|-start|p1a: Melmetal|move: Leech Seed\n|\n|-heal|p2a: One day|74\/100|[from] item: Leftovers\n|-damage|p1a: Melmetal|83\/100|[from] Leech Seed|[of] p2a: One day\n|-heal|p2a: One day|91\/100|[silent]\n|upkeep\n|turn|22\n|-message|greggyp forfeited.\n|\n|win|TheStroker\n|raw|greggyp's rating: 1327 &rarr; <strong>1315<\/strong><br \/>(-12 for losing)\n|raw|TheStroker's rating: 1476 &rarr; <strong>1488<\/strong><br \/>(+12 for winning)\n|l|\u2606greggyp\n","uploadtime":1700868624,"views":2,"p1id":"greggyp","p2id":"thestroker","formatid":"gen9nationaldexubers","rating":1315,"private":0,"password":""}