{"id":"gen9nationaldexubers-1996719410","p1":"BoyzArbokInTown03","p2":"PokeHaint","format":"[Gen 9] National Dex Ubers","log":"|j|\u2606BoyzArbokInTown03\n|j|\u2606PokeHaint\n|t:|1700714123\n|gametype|singles\n|player|p1|BoyzArbokInTown03|170|\n|player|p2|PokeHaint|n|\n|teamsize|p1|6\n|teamsize|p2|6\n|gen|9\n|tier|[Gen 9] National Dex Ubers\n|rule|HP Percentage Mod: HP is shown in percentages\n|rule|Endless Battle Clause: Forcing endless battles is banned\n|rule|OHKO Clause: OHKO moves are banned\n|rule|Evasion Moves Clause: Evasion moves are banned\n|rule|Evasion Items Clause: Evasion items are banned\n|rule|Species Clause: Limit one of each Pok\u00e9mon\n|rule|Sleep Clause Mod: Limit one foe put to sleep\n|rule|Mega Rayquaza Clause: You cannot mega evolve Rayquaza\n|clearpoke\n|poke|p1|Sylveon, M|\n|poke|p1|Venusaur, M|\n|poke|p1|Victini|\n|poke|p1|Volcarona, F|\n|poke|p1|Samurott-Hisui, M|\n|poke|p1|Zygarde|\n|poke|p2|Xerneas-*|\n|poke|p2|Diancie|\n|poke|p2|Great Tusk|\n|poke|p2|Kleavor, M|\n|poke|p2|Skarmory, M|\n|poke|p2|Magnezone|\n|teampreview\n|\n|t:|1700714132\n|start\n|switch|p1a: Samurott|Samurott-Hisui, M|100\/100\n|switch|p2a: Magnezone|Magnezone|100\/100\n|turn|1\n|\n|t:|1700714142\n|switch|p1a: Zygarde|Zygarde|100\/100\n|move|p2a: Magnezone|Volt Switch|p1a: Zygarde\n|-immune|p1a: Zygarde\n|\n|upkeep\n|turn|2\n|\n|t:|1700714154\n|switch|p2a: Great Tusk|Great Tusk|100\/100\n|move|p1a: Zygarde|Glare|p2a: Great Tusk\n|-status|p2a: Great Tusk|par\n|\n|upkeep\n|turn|3\n|\n|t:|1700714162\n|switch|p1a: Venusaur|Venusaur, M|100\/100\n|move|p2a: Great Tusk|Ice Spinner|p1a: Venusaur\n|-supereffective|p1a: Venusaur\n|-damage|p1a: Venusaur|51\/100\n|\n|upkeep\n|turn|4\n|\n|t:|1700714172\n|-end|p2a: Great Tusk|Protosynthesis|[silent]\n|switch|p2a: Kleavor|Kleavor, M|100\/100\n|detailschange|p1a: Venusaur|Venusaur-Mega, M\n|-mega|p1a: Venusaur|Venusaur|Venusaurite\n|move|p1a: Venusaur|Synthesis|p1a: Venusaur\n|-heal|p1a: Venusaur|100\/100\n|\n|upkeep\n|turn|5\n|\n|t:|1700714201\n|switch|p1a: Zygarde|Zygarde|100\/100\n|move|p2a: Kleavor|Stone Axe|p1a: Zygarde\n|-resisted|p1a: Zygarde\n|-damage|p1a: Zygarde|82\/100\n|-sidestart|p1: BoyzArbokInTown03|move: Stealth Rock\n|\n|upkeep\n|turn|6\n|\n|t:|1700714211\n|switch|p2a: Great Tusk|Great Tusk|100\/100 par\n|move|p1a: Zygarde|Glare|p2a: Great Tusk\n|-fail|p2a: Great Tusk|par\n|\n|upkeep\n|turn|7\n|\n|t:|1700714241\n|move|p1a: Zygarde|Thousand Arrows|p2a: Great Tusk\n|-damage|p2a: Great Tusk|67\/100 par\n|move|p2a: Great Tusk|Ice Spinner|p1a: Zygarde\n|-supereffective|p1a: Zygarde\n|-damage|p1a: Zygarde|0 fnt\n|faint|p1a: Zygarde\n|\n|upkeep\n|\n|t:|1700714262\n|switch|p1a: Venusaur|Venusaur-Mega, M|100\/100\n|-damage|p1a: Venusaur|88\/100|[from] Stealth Rock\n|turn|8\n|\n|t:|1700714266\n|move|p1a: Venusaur|Leaf Storm|p2a: Great Tusk\n|-supereffective|p2a: Great Tusk\n|-damage|p2a: Great Tusk|0 fnt\n|-unboost|p1a: Venusaur|spa|2\n|faint|p2a: Great Tusk\n|-end|p2a: Great Tusk|Protosynthesis|[silent]\n|\n|upkeep\n|\n|t:|1700714277\n|switch|p2a: Kleavor|Kleavor, M|100\/100\n|turn|9\n|\n|t:|1700714281\n|move|p2a: Kleavor|X-Scissor|p1a: Venusaur\n|-damage|p1a: Venusaur|53\/100\n|move|p1a: Venusaur|Toxic|p2a: Kleavor\n|-status|p2a: Kleavor|tox\n|\n|-damage|p2a: Kleavor|94\/100 tox|[from] psn\n|upkeep\n|turn|10\n|\n|t:|1700714293\n|move|p2a: Kleavor|U-turn|p1a: Venusaur\n|-damage|p1a: Venusaur|32\/100\n|\n|t:|1700714296\n|switch|p2a: Xerneas|Xerneas|100\/100|[from] U-turn\n|-ability|p2a: Xerneas|Fairy Aura\n|move|p1a: Venusaur|Knock Off|p2a: Xerneas\n|-resisted|p2a: Xerneas\n|-damage|p2a: Xerneas|93\/100\n|-enditem|p2a: Xerneas|Power Herb|[from] move: Knock Off|[of] p1a: Venusaur\n|\n|upkeep\n|turn|11\n|\n|t:|1700714334\n|move|p2a: Xerneas|Psyshock|p1a: Venusaur\n|-supereffective|p1a: Venusaur\n|-damage|p1a: Venusaur|0 fnt\n|faint|p1a: Venusaur\n|\n|upkeep\n|\n|t:|1700714363\n|switch|p1a: Victini|Victini|100\/100\n|-damage|p1a: Victini|76\/100|[from] Stealth Rock\n|turn|12\n|\n|t:|1700714375\n|-zpower|p1a: Victini\n|move|p1a: Victini|Z-Celebrate|p1a: Victini|[anim]Celebrate\n|-boost|p1a: Victini|atk|1|[zeffect]\n|-boost|p1a: Victini|def|1|[zeffect]\n|-boost|p1a: Victini|spa|1|[zeffect]\n|-boost|p1a: Victini|spd|1|[zeffect]\n|-boost|p1a: Victini|spe|1|[zeffect]\n|-activate|p1a: Victini|move: Celebrate\n|move|p2a: Xerneas|Moonblast|p1a: Victini\n|-resisted|p1a: Victini\n|-damage|p1a: Victini|53\/100\n|\n|upkeep\n|turn|13\n|\n|t:|1700714387\n|move|p1a: Victini|Stored Power|p2a: Xerneas\n|-damage|p2a: Xerneas|36\/100\n|move|p2a: Xerneas|Moonblast|p1a: Victini\n|-resisted|p1a: Victini\n|-damage|p1a: Victini|30\/100\n|\n|upkeep\n|turn|14\n|\n|t:|1700714400\n|move|p1a: Victini|Stored Power|p2a: Xerneas\n|-damage|p2a: Xerneas|0 fnt\n|faint|p2a: Xerneas\n|\n|upkeep\n|\n|t:|1700714406\n|switch|p2a: Skarmory|Skarmory, M|100\/100\n|turn|15\n|\n|t:|1700714409\n|move|p1a: Victini|Searing Shot|p2a: Skarmory\n|-supereffective|p2a: Skarmory\n|-ability|p2a: Skarmory|Sturdy\n|-damage|p2a: Skarmory|1\/100\n|-status|p2a: Skarmory|brn\n|move|p2a: Skarmory|Roar|p1a: Victini\n|drag|p1a: Samurott|Samurott-Hisui, M|100\/100\n|-damage|p1a: Samurott|88\/100|[from] Stealth Rock\n|\n|-heal|p2a: Skarmory|7\/100 brn|[from] item: Leftovers\n|-damage|p2a: Skarmory|1\/100 brn|[from] brn\n|upkeep\n|turn|16\n|\n|t:|1700714427\n|move|p1a: Samurott|Aqua Cutter|p2a: Skarmory\n|-damage|p2a: Skarmory|0 fnt\n|faint|p2a: Skarmory\n|\n|upkeep\n|\n|t:|1700714432\n|switch|p2a: Magnezone|Magnezone|100\/100\n|turn|17\n|\n|t:|1700714437\n|switch|p1a: Sylveon|Sylveon, M|100\/100\n|-damage|p1a: Sylveon|88\/100|[from] Stealth Rock\n|move|p2a: Magnezone|Volt Switch|p1a: Sylveon\n|-damage|p1a: Sylveon|46\/100\n|\n|t:|1700714456\n|switch|p2a: Diancie|Diancie|100\/100|[from] Volt Switch\n|\n|upkeep\n|turn|18\n|\n|t:|1700714469\n|detailschange|p2a: Diancie|Diancie-Mega\n|-mega|p2a: Diancie|Diancie|Diancite\n|move|p2a: Diancie|Diamond Storm|p1a: Sylveon\n|-damage|p1a: Sylveon|0 fnt\n|-boost|p2a: Diancie|def|2\n|faint|p1a: Sylveon\n|\n|upkeep\n|\n|t:|1700714489\n|switch|p1a: Samurott|Samurott-Hisui, M|88\/100\n|-damage|p1a: Samurott|76\/100|[from] Stealth Rock\n|turn|19\n|\n|t:|1700714493\n|move|p1a: Samurott|Aqua Jet|p2a: Diancie\n|-supereffective|p2a: Diancie\n|-damage|p2a: Diancie|71\/100\n|move|p2a: Diancie|Moonblast|p1a: Samurott\n|-supereffective|p1a: Samurott\n|-damage|p1a: Samurott|0 fnt\n|faint|p1a: Samurott\n|\n|upkeep\n|\n|t:|1700714498\n|switch|p1a: Volcarona|Volcarona, F, shiny|100\/100\n|turn|20\n|\n|t:|1700714502\n|-terastallize|p1a: Volcarona|Fighting\n|move|p2a: Diancie|Diamond Storm|p1a: Volcarona\n|-resisted|p1a: Volcarona\n|-damage|p1a: Volcarona|62\/100\n|move|p1a: Volcarona|Quiver Dance|p1a: Volcarona\n|-boost|p1a: Volcarona|spa|1\n|-boost|p1a: Volcarona|spd|1\n|-boost|p1a: Volcarona|spe|1\n|\n|upkeep\n|turn|21\n|\n|t:|1700714517\n|move|p1a: Volcarona|Tera Blast|p2a: Diancie|[anim] Tera Blast Fighting\n|-damage|p2a: Diancie|0 fnt\n|faint|p2a: Diancie\n|\n|upkeep\n|\n|t:|1700714532\n|switch|p2a: Magnezone|Magnezone|100\/100\n|turn|22\n|\n|t:|1700714540\n|-terastallize|p2a: Magnezone|Grass\n|move|p1a: Volcarona|Tera Blast|p2a: Magnezone|[anim] Tera Blast Fighting\n|-damage|p2a: Magnezone|28\/100\n|move|p2a: Magnezone|Thunderbolt|p1a: Volcarona\n|-damage|p1a: Volcarona|0 fnt\n|faint|p1a: Volcarona\n|\n|upkeep\n|\n|t:|1700714548\n|switch|p1a: Victini|Victini|30\/100\n|-damage|p1a: Victini|5\/100|[from] Stealth Rock\n|turn|23\n|\n|t:|1700714551\n|move|p1a: Victini|Searing Shot|p2a: Magnezone\n|-supereffective|p2a: Magnezone\n|-damage|p2a: Magnezone|0 fnt\n|faint|p2a: Magnezone\n|\n|upkeep\n|\n|t:|1700714554\n|switch|p2a: Kleavor|Kleavor, M|94\/100 tox\n|turn|24\n|\n|t:|1700714562\n|move|p1a: Victini|Searing Shot|p2a: Kleavor\n|-damage|p2a: Kleavor|25\/100 tox\n|move|p2a: Kleavor|X-Scissor|p1a: Victini\n|-damage|p1a: Victini|0 fnt\n|faint|p1a: Victini\n|\n|win|PokeHaint\n","uploadtime":1700714566,"views":7,"p1id":"boyzarbokintown03","p2id":"pokehaint","formatid":"gen9nationaldexubers","rating":0,"private":0,"password":""}