{"id":"gen9nationaldexubers-1984696381","p1":"PSYKEYstr","p2":"FuniPlagueMan","format":"[Gen 9] National Dex Ubers","log":"|j|\u2606PSYKEYstr\n|j|\u2606FuniPlagueMan\n|t:|1699291629\n|gametype|singles\n|player|p1|PSYKEYstr|tulip|1224\n|player|p2|FuniPlagueMan|roxie|1106\n|teamsize|p1|6\n|teamsize|p2|6\n|gen|9\n|tier|[Gen 9] National Dex Ubers\n|rated|\n|rule|HP Percentage Mod: HP is shown in percentages\n|rule|Endless Battle Clause: Forcing endless battles is banned\n|rule|OHKO Clause: OHKO moves are banned\n|rule|Evasion Moves Clause: Evasion moves are banned\n|rule|Evasion Items Clause: Evasion items are banned\n|rule|Species Clause: Limit one of each Pok\u00e9mon\n|rule|Sleep Clause Mod: Limit one foe put to sleep\n|rule|Mega Rayquaza Clause: You cannot mega evolve Rayquaza\n|clearpoke\n|poke|p1|Yanmega, F|\n|poke|p1|Espathra, F|\n|poke|p1|Sharpedo, F|\n|poke|p1|Scolipede, F|\n|poke|p1|Blaziken, F|\n|poke|p1|Ninjask, F|\n|poke|p2|Alomomola, M|\n|poke|p2|Gholdengo|\n|poke|p2|Glimmora, F|\n|poke|p2|Cyclizar, F|\n|poke|p2|Blaziken, M|\n|poke|p2|Espathra, F|\n|teampreview\n|inactive|Battle timer is ON: inactive players will automatically lose when time's up. (requested by FuniPlagueMan)\n|\n|t:|1699291637\n|start\n|switch|p1a: Espathra|Espathra, F|100\/100\n|switch|p2a: Glimmora|Glimmora, F|100\/100\n|turn|1\n|\n|t:|1699291642\n|move|p1a: Espathra|Protect|p1a: Espathra\n|-singleturn|p1a: Espathra|Protect\n|move|p2a: Glimmora|Toxic Spikes|p1a: Espathra\n|-sidestart|p1: PSYKEYstr|move: Toxic Spikes\n|\n|-ability|p1a: Espathra|Speed Boost|boost\n|-boost|p1a: Espathra|spe|1\n|upkeep\n|turn|2\n|\n|t:|1699291644\n|move|p1a: Espathra|Calm Mind|p1a: Espathra\n|-boost|p1a: Espathra|spa|1\n|-boost|p1a: Espathra|spd|1\n|move|p2a: Glimmora|Toxic Spikes|p1a: Espathra\n|-sidestart|p1: PSYKEYstr|move: Toxic Spikes\n|\n|-ability|p1a: Espathra|Speed Boost|boost\n|-boost|p1a: Espathra|spe|1\n|upkeep\n|turn|3\n|\n|t:|1699291652\n|move|p1a: Espathra|Protect|p1a: Espathra\n|-singleturn|p1a: Espathra|Protect\n|move|p2a: Glimmora|Stealth Rock|p1a: Espathra\n|-sidestart|p1: PSYKEYstr|move: Stealth Rock\n|\n|-ability|p1a: Espathra|Speed Boost|boost\n|-boost|p1a: Espathra|spe|1\n|upkeep\n|turn|4\n|\n|t:|1699291655\n|move|p1a: Espathra|Stored Power|p2a: Glimmora\n|-supereffective|p2a: Glimmora\n|-enditem|p2a: Glimmora|Focus Sash\n|-damage|p2a: Glimmora|1\/100\n|move|p2a: Glimmora|Spikes|p1a: Espathra\n|-sidestart|p1: PSYKEYstr|Spikes\n|\n|-ability|p1a: Espathra|Speed Boost|boost\n|-boost|p1a: Espathra|spe|1\n|upkeep\n|turn|5\n|\n|t:|1699291665\n|switch|p2a: Gholdengo|Gholdengo|100\/100\n|move|p1a: Espathra|Calm Mind|p1a: Espathra\n|-boost|p1a: Espathra|spa|1\n|-boost|p1a: Espathra|spd|1\n|\n|-ability|p1a: Espathra|Speed Boost|boost\n|-boost|p1a: Espathra|spe|1\n|upkeep\n|turn|6\n|\n|t:|1699291670\n|move|p1a: Espathra|Stored Power|p2a: Gholdengo\n|-resisted|p2a: Gholdengo\n|-damage|p2a: Gholdengo|0 fnt\n|faint|p2a: Gholdengo\n|\n|-ability|p1a: Espathra|Speed Boost|boost\n|-boost|p1a: Espathra|spe|1\n|upkeep\n|\n|t:|1699291675\n|switch|p2a: Alomomola|Alomomola, M|100\/100\n|turn|7\n|\n|t:|1699291678\n|-terastallize|p2a: Alomomola|Steel\n|move|p1a: Espathra|Stored Power|p2a: Alomomola\n|-resisted|p2a: Alomomola\n|-damage|p2a: Alomomola|0 fnt\n|faint|p2a: Alomomola\n|\n|upkeep\n|\n|t:|1699291684\n|switch|p2a: Cyclizar|Cyclizar, F|100\/100\n|turn|8\n|\n|t:|1699291690\n|move|p1a: Espathra|Stored Power|p2a: Cyclizar\n|-damage|p2a: Cyclizar|0 fnt\n|faint|p2a: Cyclizar\n|\n|upkeep\n|\n|t:|1699291692\n|switch|p2a: Espathra|Espathra, F|100\/100\n|turn|9\n|\n|t:|1699291698\n|move|p1a: Espathra|Stored Power|p2a: Espathra\n|-resisted|p2a: Espathra\n|-damage|p2a: Espathra|0 fnt\n|faint|p2a: Espathra\n|\n|upkeep\n|\n|t:|1699291701\n|switch|p2a: Blaziken|Blaziken, M|100\/100\n|turn|10\n|\n|t:|1699291703\n|detailschange|p2a: Blaziken|Blaziken-Mega, M\n|-mega|p2a: Blaziken|Blaziken|Blazikenite\n|move|p1a: Espathra|Stored Power|p2a: Blaziken\n|-supereffective|p2a: Blaziken\n|-damage|p2a: Blaziken|0 fnt\n|faint|p2a: Blaziken\n|\n|upkeep\n|\n|t:|1699291707\n|switch|p2a: Glimmora|Glimmora, F|1\/100\n|turn|11\n|\n|t:|1699291709\n|move|p1a: Espathra|Stored Power|p2a: Glimmora\n|-supereffective|p2a: Glimmora\n|-damage|p2a: Glimmora|0 fnt\n|faint|p2a: Glimmora\n|\n|win|PSYKEYstr\n|raw|PSYKEYstr's rating: 1224 &rarr; <strong>1241<\/strong><br \/>(+17 for winning)\n|raw|FuniPlagueMan's rating: 1106 &rarr; <strong>1089<\/strong><br \/>(-17 for losing)\n|l|\u2606FuniPlagueMan\n","uploadtime":1699291730,"views":14,"p1id":"psykeystr","p2id":"funiplagueman","formatid":"gen9nationaldexubers","rating":1089,"private":0,"password":""}