{"id":"gen9nationaldexubers-1994063471","p1":"Reaper542","p2":"kerryistina","format":"[Gen 9] National Dex Ubers","log":"|j|\u2606Reaper542\n|j|\u2606kerryistina\n|t:|1700401954\n|gametype|singles\n|player|p1|Reaper542|169|1215\n|player|p2|kerryistina|bellelba|1055\n|teamsize|p1|6\n|teamsize|p2|6\n|gen|9\n|tier|[Gen 9] National Dex Ubers\n|rated|\n|rule|HP Percentage Mod: HP is shown in percentages\n|rule|Endless Battle Clause: Forcing endless battles is banned\n|rule|OHKO Clause: OHKO moves are banned\n|rule|Evasion Moves Clause: Evasion moves are banned\n|rule|Evasion Items Clause: Evasion items are banned\n|rule|Species Clause: Limit one of each Pok\u00e9mon\n|rule|Sleep Clause Mod: Limit one foe put to sleep\n|rule|Mega Rayquaza Clause: You cannot mega evolve Rayquaza\n|clearpoke\n|poke|p1|Arceus-Ghost|\n|poke|p1|Marshadow|\n|poke|p1|Dragapult, M|\n|poke|p1|Lugia|\n|poke|p1|Deoxys-Speed|\n|poke|p1|Mewtwo|\n|poke|p2|Zacian-*|\n|poke|p2|Ho-Oh|\n|poke|p2|Groudon|\n|poke|p2|Arceus-Water|\n|poke|p2|Shuckle, M|\n|poke|p2|Lucario, M|\n|teampreview\n|\n|t:|1700401969\n|start\n|switch|p1a: Deoxys|Deoxys-Speed|100\/100\n|switch|p2a: Shuckle|Shuckle, M|100\/100\n|-ability|p1a: Deoxys|Pressure\n|turn|1\n|\n|t:|1700401977\n|move|p1a: Deoxys|Taunt|p2a: Shuckle\n|-start|p2a: Shuckle|move: Taunt\n|cant|p2a: Shuckle|move: Taunt|Sticky Web\n|\n|upkeep\n|turn|2\n|inactive|Battle timer is ON: inactive players will automatically lose when time's up. (requested by Reaper542)\n|\n|t:|1700401994\n|switch|p2a: Ho-Oh|Ho-Oh|100\/100\n|move|p1a: Deoxys|Stealth Rock|p2a: Ho-Oh\n|-sidestart|p2: kerryistina|move: Stealth Rock\n|\n|upkeep\n|turn|3\n|\n|t:|1700402002\n|move|p1a: Deoxys|Spikes|p2a: Ho-Oh\n|-sidestart|p2: kerryistina|Spikes\n|move|p2a: Ho-Oh|Toxic|p1a: Deoxys\n|-status|p1a: Deoxys|tox\n|\n|-damage|p1a: Deoxys|94\/100 tox|[from] psn\n|upkeep\n|turn|4\n|\n|t:|1700402011\n|move|p1a: Deoxys|Spikes|p2a: Ho-Oh\n|-sidestart|p2: kerryistina|Spikes\n|move|p2a: Ho-Oh|Defog|p1a: Deoxys\n|-unboost|p1a: Deoxys|evasion|1\n|-sideend|p2: kerryistina|Spikes|[from] move: Defog|[of] p2a: Ho-Oh\n|-sideend|p2: kerryistina|Stealth Rock|[from] move: Defog|[of] p2a: Ho-Oh\n|\n|-damage|p1a: Deoxys|82\/100 tox|[from] psn\n|upkeep\n|turn|5\n|\n|t:|1700402018\n|move|p1a: Deoxys|Stealth Rock|p2a: Ho-Oh\n|-sidestart|p2: kerryistina|move: Stealth Rock\n|move|p2a: Ho-Oh|Whirlwind|p1a: Deoxys\n|drag|p1a: Mewtwo|Mewtwo|100\/100\n|-ability|p1a: Mewtwo|Pressure\n|\n|upkeep\n|turn|6\n|\n|t:|1700402026\n|detailschange|p1a: Mewtwo|Mewtwo-Mega-Y\n|-mega|p1a: Mewtwo|Mewtwo|Mewtwonite Y\n|move|p1a: Mewtwo|Psystrike|p2a: Ho-Oh\n|-damage|p2a: Ho-Oh|57\/100\n|move|p2a: Ho-Oh|Toxic|p1a: Mewtwo\n|-status|p1a: Mewtwo|tox\n|\n|-damage|p1a: Mewtwo|94\/100 tox|[from] psn\n|upkeep\n|turn|7\n|\n|t:|1700402041\n|move|p1a: Mewtwo|Psystrike|p2a: Ho-Oh\n|-damage|p2a: Ho-Oh|13\/100\n|move|p2a: Ho-Oh|Sacred Fire|p1a: Mewtwo\n|-damage|p1a: Mewtwo|43\/100 tox\n|\n|-damage|p1a: Mewtwo|30\/100 tox|[from] psn\n|upkeep\n|turn|8\n|\n|t:|1700402054\n|switch|p2a: Arceus|Arceus-Water|100\/100\n|-damage|p2a: Arceus|88\/100|[from] Stealth Rock\n|move|p1a: Mewtwo|Psystrike|p2a: Arceus\n|-damage|p2a: Arceus|54\/100\n|\n|-damage|p1a: Mewtwo|12\/100 tox|[from] psn\n|upkeep\n|turn|9\n|\n|t:|1700402065\n|move|p1a: Mewtwo|Psystrike|p2a: Arceus\n|-damage|p2a: Arceus|14\/100\n|move|p2a: Arceus|Recover|p2a: Arceus\n|-heal|p2a: Arceus|64\/100\n|\n|-damage|p1a: Mewtwo|0 fnt|[from] psn\n|faint|p1a: Mewtwo\n|upkeep\n|\n|t:|1700402072\n|switch|p1a: Deoxys|Deoxys-Speed|82\/100 tox\n|-ability|p1a: Deoxys|Pressure\n|turn|10\n|\n|t:|1700402079\n|move|p1a: Deoxys|Taunt|p2a: Arceus\n|-start|p2a: Arceus|move: Taunt\n|move|p2a: Arceus|Judgment|p1a: Deoxys\n|-damage|p1a: Deoxys|10\/100 tox\n|\n|-damage|p1a: Deoxys|3\/100 tox|[from] psn\n|upkeep\n|turn|11\n|\n|t:|1700402088\n|move|p1a: Deoxys|Spikes|p2a: Arceus\n|-sidestart|p2: kerryistina|Spikes\n|move|p2a: Arceus|Judgment|p1a: Deoxys\n|-damage|p1a: Deoxys|0 fnt\n|faint|p1a: Deoxys\n|\n|upkeep\n|\n|t:|1700402096\n|switch|p1a: Lugia|Lugia|100\/100\n|turn|12\n|\n|t:|1700402105\n|switch|p2a: Ho-Oh|Ho-Oh|46\/100\n|move|p1a: Lugia|Giga Drain|p2a: Ho-Oh\n|-resisted|p2a: Ho-Oh\n|-damage|p2a: Ho-Oh|44\/100\n|\n|upkeep\n|turn|13\n|\n|t:|1700402117\n|move|p1a: Lugia|Aeroblast|p2a: Ho-Oh\n|-damage|p2a: Ho-Oh|23\/100\n|move|p2a: Ho-Oh|Toxic|p1a: Lugia\n|-status|p1a: Lugia|tox\n|\n|-damage|p1a: Lugia|94\/100 tox|[from] psn\n|upkeep\n|turn|14\n|\n|t:|1700402127\n|move|p1a: Lugia|Psyshock|p2a: Ho-Oh\n|-damage|p2a: Ho-Oh|4\/100\n|move|p2a: Ho-Oh|Defog|p1a: Lugia\n|-unboost|p1a: Lugia|evasion|1\n|-sideend|p2: kerryistina|Spikes|[from] move: Defog|[of] p2a: Ho-Oh\n|-sideend|p2: kerryistina|Stealth Rock|[from] move: Defog|[of] p2a: Ho-Oh\n|\n|-heal|p1a: Lugia|100\/100 tox|[from] item: Leftovers\n|-damage|p1a: Lugia|88\/100 tox|[from] psn\n|upkeep\n|turn|15\n|\n|t:|1700402141\n|switch|p2a: Arceus|Arceus-Water|64\/100\n|move|p1a: Lugia|Psyshock|p2a: Arceus\n|-damage|p2a: Arceus|49\/100\n|\n|-heal|p1a: Lugia|94\/100 tox|[from] item: Leftovers\n|-damage|p1a: Lugia|75\/100 tox|[from] psn\n|upkeep\n|turn|16\n|\n|t:|1700402150\n|move|p2a: Arceus|Recover|p2a: Arceus\n|-heal|p2a: Arceus|99\/100\n|move|p1a: Lugia|Giga Drain|p2a: Arceus\n|-supereffective|p2a: Arceus\n|-damage|p2a: Arceus|74\/100\n|-heal|p1a: Lugia|88\/100 tox|[from] drain|[of] p2a: Arceus\n|\n|-heal|p1a: Lugia|95\/100 tox|[from] item: Leftovers\n|-damage|p1a: Lugia|70\/100 tox|[from] psn\n|upkeep\n|turn|17\n|\n|t:|1700402161\n|switch|p2a: Groudon|Groudon|100\/100\n|detailschange|p2a: Groudon|Groudon-Primal\n|-primal|p2a: Groudon|Red Orb\n|-weather|DesolateLand|[from] ability: Desolate Land|[of] p2a: Groudon\n|switch|p1a: Arceus|Arceus-Ghost|100\/100\n|\n|-weather|DesolateLand|[upkeep]\n|upkeep\n|turn|18\n|\n|t:|1700402178\n|move|p1a: Arceus|Giga Drain|p2a: Groudon\n|-damage|p2a: Groudon|87\/100\n|move|p2a: Groudon|Toxic|p1a: Arceus\n|-status|p1a: Arceus|tox\n|\n|-weather|DesolateLand|[upkeep]\n|-damage|p1a: Arceus|94\/100 tox|[from] psn\n|upkeep\n|turn|19\n|\n|t:|1700402189\n|move|p1a: Arceus|Body Press|p2a: Groudon\n|-damage|p2a: Groudon|72\/100\n|move|p2a: Groudon|Overheat|p1a: Arceus\n|-damage|p1a: Arceus|37\/100 tox\n|-unboost|p2a: Groudon|spa|2\n|\n|-weather|DesolateLand|[upkeep]\n|-damage|p1a: Arceus|25\/100 tox|[from] psn\n|upkeep\n|turn|20\n|\n|t:|1700402200\n|-weather|none\n|switch|p2a: Ho-Oh|Ho-Oh|38\/100\n|move|p1a: Arceus|Judgment|p2a: Ho-Oh\n|-damage|p2a: Ho-Oh|9\/100\n|\n|-damage|p1a: Arceus|7\/100 tox|[from] psn\n|upkeep\n|turn|21\n|\n|t:|1700402211\n|switch|p2a: Shuckle|Shuckle, M|100\/100\n|move|p1a: Arceus|Judgment|p2a: Shuckle\n|-damage|p2a: Shuckle|67\/100\n|\n|-damage|p1a: Arceus|0 fnt|[from] psn\n|faint|p1a: Arceus\n|upkeep\n|\n|t:|1700402223\n|switch|p1a: Dragapult|Dragapult, M|100\/100\n|turn|22\n|\n|t:|1700402237\n|-terastallize|p1a: Dragapult|Steel\n|move|p1a: Dragapult|Dragon Darts|p2a: Shuckle\n|-damage|p2a: Shuckle|51\/100\n|-anim|p1a: Dragapult|Dragon Darts|p2a: Shuckle\n|-damage|p2a: Shuckle|35\/100\n|-damage|p1a: Dragapult|91\/100|[from] item: Life Orb\n|move|p2a: Shuckle|Sticky Web|p1a: Dragapult\n|-sidestart|p1: Reaper542|move: Sticky Web\n|\n|upkeep\n|turn|23\n|\n|t:|1700402250\n|move|p1a: Dragapult|Scald|p2a: Shuckle\n|-supereffective|p2a: Shuckle\n|-damage|p2a: Shuckle|0 fnt\n|faint|p2a: Shuckle\n|-damage|p1a: Dragapult|81\/100|[from] item: Life Orb\n|\n|upkeep\n|\n|t:|1700402257\n|switch|p2a: Groudon|Groudon-Primal|72\/100\n|-weather|DesolateLand|[from] ability: Desolate Land|[of] p2a: Groudon\n|turn|24\n|\n|t:|1700402261\n|switch|p1a: Lugia|Lugia|70\/100 tox\n|move|p2a: Groudon|Overheat|p1a: Lugia\n|-damage|p1a: Lugia|27\/100 tox\n|-unboost|p2a: Groudon|spa|2\n|\n|-weather|DesolateLand|[upkeep]\n|-heal|p1a: Lugia|33\/100 tox|[from] item: Leftovers\n|-damage|p1a: Lugia|27\/100 tox|[from] psn\n|upkeep\n|turn|25\n|\n|t:|1700402272\n|-weather|none\n|switch|p2a: Arceus|Arceus-Water|74\/100\n|move|p1a: Lugia|Roost|p1a: Lugia\n|-heal|p1a: Lugia|77\/100 tox\n|-singleturn|p1a: Lugia|move: Roost\n|\n|-heal|p1a: Lugia|83\/100 tox|[from] item: Leftovers\n|-damage|p1a: Lugia|71\/100 tox|[from] psn\n|upkeep\n|turn|26\n|\n|t:|1700402280\n|move|p2a: Arceus|Judgment|p1a: Lugia\n|-damage|p1a: Lugia|47\/100 tox\n|move|p1a: Lugia|Giga Drain|p2a: Arceus\n|-supereffective|p2a: Arceus\n|-damage|p2a: Arceus|52\/100\n|-heal|p1a: Lugia|59\/100 tox|[from] drain|[of] p2a: Arceus\n|\n|-heal|p1a: Lugia|66\/100 tox|[from] item: Leftovers\n|-damage|p1a: Lugia|47\/100 tox|[from] psn\n|upkeep\n|turn|27\n|\n|t:|1700402297\n|switch|p2a: Ho-Oh|Ho-Oh|43\/100\n|move|p1a: Lugia|Roost|p1a: Lugia\n|-heal|p1a: Lugia|97\/100 tox\n|-singleturn|p1a: Lugia|move: Roost\n|\n|-heal|p1a: Lugia|100\/100 tox|[from] item: Leftovers\n|-damage|p1a: Lugia|75\/100 tox|[from] psn\n|upkeep\n|turn|28\n|\n|t:|1700402315\n|move|p1a: Lugia|Psyshock|p2a: Ho-Oh\n|-damage|p2a: Ho-Oh|24\/100\n|move|p2a: Ho-Oh|Sacred Fire|p1a: Lugia\n|-damage|p1a: Lugia|47\/100 tox\n|\n|-heal|p1a: Lugia|53\/100 tox|[from] item: Leftovers\n|-damage|p1a: Lugia|22\/100 tox|[from] psn\n|upkeep\n|turn|29\n|\n|t:|1700402325\n|move|p1a: Lugia|Roost|p1a: Lugia\n|-heal|p1a: Lugia|72\/100 tox\n|-singleturn|p1a: Lugia|move: Roost\n|move|p2a: Ho-Oh|Sacred Fire|p1a: Lugia\n|-damage|p1a: Lugia|46\/100 tox\n|\n|-heal|p1a: Lugia|52\/100 tox|[from] item: Leftovers\n|-damage|p1a: Lugia|15\/100 tox|[from] psn\n|upkeep\n|turn|30\n|\n|t:|1700402334\n|move|p1a: Lugia|Psyshock|p2a: Ho-Oh\n|-damage|p2a: Ho-Oh|5\/100\n|move|p2a: Ho-Oh|Sacred Fire|p1a: Lugia\n|-damage|p1a: Lugia|0 fnt\n|faint|p1a: Lugia\n|\n|upkeep\n|\n|t:|1700402337\n|switch|p1a: Marshadow|Marshadow|100\/100\n|-activate|p1a: Marshadow|move: Sticky Web\n|-unboost|p1a: Marshadow|spe|1\n|turn|31\n|\n|t:|1700402348\n|switch|p2a: Groudon|Groudon-Primal|72\/100\n|-weather|DesolateLand|[from] ability: Desolate Land|[of] p2a: Groudon\n|move|p1a: Marshadow|Shadow Sneak|p2a: Groudon\n|-damage|p2a: Groudon|49\/100\n|-damage|p1a: Marshadow|91\/100|[from] item: Life Orb\n|\n|-weather|DesolateLand|[upkeep]\n|upkeep\n|turn|32\n|\n|t:|1700402361\n|move|p1a: Marshadow|Spectral Thief|p2a: Groudon\n|-damage|p2a: Groudon|19\/100\n|-damage|p1a: Marshadow|81\/100|[from] item: Life Orb\n|move|p2a: Groudon|Overheat|p1a: Marshadow\n|-damage|p1a: Marshadow|0 fnt\n|-unboost|p2a: Groudon|spa|2\n|faint|p1a: Marshadow\n|\n|-weather|DesolateLand|[upkeep]\n|upkeep\n|\n|t:|1700402369\n|switch|p1a: Dragapult|Dragapult, M, tera:Steel|81\/100\n|-activate|p1a: Dragapult|move: Sticky Web\n|-unboost|p1a: Dragapult|spe|1\n|turn|33\n|\n|t:|1700402382\n|-weather|none\n|switch|p2a: Zacian|Zacian-Crowned|100\/100\n|-ability|p2a: Zacian|Intrepid Sword|boost\n|-boost|p2a: Zacian|atk|1\n|move|p1a: Dragapult|Dragon Darts|p2a: Zacian\n|-immune|p2a: Zacian\n|\n|upkeep\n|turn|34\n|\n|t:|1700402391\n|move|p2a: Zacian|Behemoth Blade|p1a: Dragapult\n|-resisted|p1a: Dragapult\n|-damage|p1a: Dragapult|25\/100\n|move|p1a: Dragapult|Flamethrower|p2a: Zacian\n|-supereffective|p2a: Zacian\n|-crit|p2a: Zacian\n|-damage|p2a: Zacian|6\/100\n|-damage|p1a: Dragapult|15\/100|[from] item: Life Orb\n|\n|upkeep\n|turn|35\n|\n|t:|1700402400\n|switch|p2a: Ho-Oh|Ho-Oh|38\/100\n|move|p1a: Dragapult|Flamethrower|p2a: Ho-Oh\n|-resisted|p2a: Ho-Oh\n|-crit|p2a: Ho-Oh\n|-damage|p2a: Ho-Oh|24\/100\n|-damage|p1a: Dragapult|6\/100|[from] item: Life Orb\n|\n|upkeep\n|turn|36\n|\n|t:|1700402408\n|move|p1a: Dragapult|Scald|p2a: Ho-Oh\n|-supereffective|p2a: Ho-Oh\n|-damage|p2a: Ho-Oh|0 fnt\n|faint|p2a: Ho-Oh\n|-damage|p1a: Dragapult|0 fnt|[from] item: Life Orb\n|faint|p1a: Dragapult\n|\n|win|kerryistina\n|raw|Reaper542's rating: 1215 &rarr; <strong>1179<\/strong><br \/>(-36 for losing)\n|raw|kerryistina's rating: 1055 &rarr; <strong>1100<\/strong><br \/>(+45 for winning)\n","uploadtime":1700402416,"views":9,"p1id":"reaper542","p2id":"kerryistina","formatid":"gen9nationaldexubers","rating":1100,"private":0,"password":""}