{"id":"gen9nationaldexubers-1999609743","p1":"sondtrai","p2":"Atomic1945","format":"[Gen 9] National Dex Ubers","log":"|j|\u2606sondtrai\n|j|\u2606Atomic1945\n|t:|1701100904\n|gametype|singles\n|player|p1|sondtrai|red|1087\n|player|p2|Atomic1945|170|1000\n|teamsize|p1|6\n|teamsize|p2|6\n|gen|9\n|tier|[Gen 9] National Dex Ubers\n|rated|\n|rule|HP Percentage Mod: HP is shown in percentages\n|rule|Endless Battle Clause: Forcing endless battles is banned\n|rule|OHKO Clause: OHKO moves are banned\n|rule|Evasion Moves Clause: Evasion moves are banned\n|rule|Evasion Items Clause: Evasion items are banned\n|rule|Species Clause: Limit one of each Pok\u00e9mon\n|rule|Sleep Clause Mod: Limit one foe put to sleep\n|rule|Mega Rayquaza Clause: You cannot mega evolve Rayquaza\n|clearpoke\n|poke|p1|Charizard, M|\n|poke|p1|Heatran, M|\n|poke|p1|Dodrio, F|\n|poke|p1|Orthworm, M|\n|poke|p1|Dhelmise|\n|poke|p1|Ribombee, F|\n|poke|p2|Copperajah, M|\n|poke|p2|Melmetal|\n|poke|p2|Tinkaton, F|\n|poke|p2|Heracross, F|\n|poke|p2|Buzzwole|\n|poke|p2|Ninjask, F|\n|teampreview\n|\n|t:|1701100910\n|start\n|switch|p1a: Ribombee|Ribombee, F|100\/100\n|switch|p2a: Tinkaton|Tinkaton, F|100\/100\n|-ability|p2a: Tinkaton|Mold Breaker\n|turn|1\n|inactive|Battle timer is ON: inactive players will automatically lose when time's up. (requested by sondtrai)\n|\n|t:|1701100921\n|move|p1a: Ribombee|Sticky Web|p2a: Tinkaton\n|-sidestart|p2: Atomic1945|move: Sticky Web\n|move|p2a: Tinkaton|Swords Dance|p2a: Tinkaton\n|-boost|p2a: Tinkaton|atk|2\n|\n|upkeep\n|turn|2\n|\n|t:|1701100927\n|move|p1a: Ribombee|Moonblast|p2a: Tinkaton\n|-resisted|p2a: Tinkaton\n|-damage|p2a: Tinkaton|81\/100\n|move|p2a: Tinkaton|Gigaton Hammer|p1a: Ribombee\n|-supereffective|p1a: Ribombee\n|-enditem|p1a: Ribombee|Focus Sash\n|-damage|p1a: Ribombee|1\/100\n|-damage|p2a: Tinkaton|71\/100|[from] item: Life Orb\n|\n|upkeep\n|turn|3\n|\n|t:|1701100941\n|move|p1a: Ribombee|Moonblast|p2a: Tinkaton\n|-resisted|p2a: Tinkaton\n|-damage|p2a: Tinkaton|51\/100\n|move|p2a: Tinkaton|Play Rough|p1a: Ribombee\n|-damage|p1a: Ribombee|0 fnt\n|faint|p1a: Ribombee\n|-damage|p2a: Tinkaton|41\/100|[from] item: Life Orb\n|\n|upkeep\n|\n|t:|1701100955\n|switch|p1a: Charizard|Charizard, M|100\/100\n|turn|4\n|\n|t:|1701100961\n|detailschange|p1a: Charizard|Charizard-Mega-X, M\n|-mega|p1a: Charizard|Charizard|Charizardite X\n|move|p1a: Charizard|Fire Punch|p2a: Tinkaton\n|-supereffective|p2a: Tinkaton\n|-damage|p2a: Tinkaton|0 fnt\n|faint|p2a: Tinkaton\n|\n|upkeep\n|\n|t:|1701100988\n|switch|p2a: Buzzwole|Buzzwole|100\/100\n|-activate|p2a: Buzzwole|move: Sticky Web\n|-unboost|p2a: Buzzwole|spe|1\n|turn|5\n|\n|t:|1701101002\n|switch|p1a: Dhelmise|Dhelmise|100\/100\n|move|p2a: Buzzwole|Poison Jab|p1a: Dhelmise\n|-damage|p1a: Dhelmise|76\/100\n|\n|upkeep\n|turn|6\n|\n|t:|1701101011\n|move|p2a: Buzzwole|Leech Life|p1a: Dhelmise\n|-damage|p1a: Dhelmise|44\/100\n|move|p1a: Dhelmise|Toxic|p2a: Buzzwole|[miss]\n|-miss|p1a: Dhelmise|p2a: Buzzwole\n|\n|upkeep\n|turn|7\n|\n|t:|1701101023\n|move|p2a: Buzzwole|Darkest Lariat|p1a: Dhelmise\n|-supereffective|p1a: Dhelmise\n|-damage|p1a: Dhelmise|0 fnt\n|faint|p1a: Dhelmise\n|-ability|p2a: Buzzwole|Beast Boost|boost\n|-boost|p2a: Buzzwole|atk|1\n|\n|upkeep\n|\n|t:|1701101030\n|switch|p1a: Dodrio|Dodrio, F|100\/100\n|turn|8\n|\n|t:|1701101043\n|move|p1a: Dodrio|Drill Peck|p2a: Buzzwole\n|-supereffective|p2a: Buzzwole\n|-crit|p2a: Buzzwole\n|-damage|p2a: Buzzwole|0 fnt\n|faint|p2a: Buzzwole\n|\n|upkeep\n|\n|t:|1701101050\n|switch|p2a: Ninjask|Ninjask, F|100\/100\n|turn|9\n|\n|t:|1701101068\n|move|p2a: Ninjask|Leech Life|p1a: Dodrio\n|-resisted|p1a: Dodrio\n|-damage|p1a: Dodrio|56\/100\n|move|p1a: Dodrio|Thrash|p2a: Ninjask\n|-damage|p2a: Ninjask|0 fnt\n|faint|p2a: Ninjask\n|\n|upkeep\n|\n|t:|1701101078\n|switch|p2a: Heracross|Heracross, F|100\/100\n|-activate|p2a: Heracross|move: Sticky Web\n|-unboost|p2a: Heracross|spe|1\n|turn|10\n|\n|t:|1701101086\n|move|p1a: Dodrio|Thrash|p2a: Heracross|[from]lockedmove\n|-damage|p2a: Heracross|32\/100\n|move|p2a: Heracross|Counter|p1a: Dodrio\n|-damage|p1a: Dodrio|0 fnt\n|faint|p1a: Dodrio\n|-ability|p2a: Heracross|Moxie|boost\n|-boost|p2a: Heracross|atk|1\n|\n|upkeep\n|\n|t:|1701101090\n|switch|p1a: Heatran|Heatran, M|100\/100\n|turn|11\n|\n|t:|1701101104\n|detailschange|p2a: Heracross|Heracross-Mega, F\n|-mega|p2a: Heracross|Heracross|Heracronite\n|move|p1a: Heatran|Eruption|p2a: Heracross\n|-supereffective|p2a: Heracross\n|-damage|p2a: Heracross|0 fnt\n|faint|p2a: Heracross\n|\n|upkeep\n|\n|t:|1701101111\n|switch|p2a: Melmetal|Melmetal|100\/100\n|-activate|p2a: Melmetal|move: Sticky Web\n|-unboost|p2a: Melmetal|spe|1\n|turn|12\n|\n|t:|1701101120\n|-terastallize|p2a: Melmetal|Steel\n|move|p1a: Heatran|Eruption|p2a: Melmetal\n|-supereffective|p2a: Melmetal\n|-damage|p2a: Melmetal|0 fnt\n|faint|p2a: Melmetal\n|\n|upkeep\n|\n|t:|1701101131\n|switch|p2a: Copperajah|Copperajah, M|100\/100\n|-activate|p2a: Copperajah|move: Sticky Web\n|-unboost|p2a: Copperajah|spe|1\n|turn|13\n|\n|t:|1701101146\n|move|p1a: Heatran|Eruption|p2a: Copperajah\n|-supereffective|p2a: Copperajah\n|-damage|p2a: Copperajah|0 fnt\n|faint|p2a: Copperajah\n|\n|win|sondtrai\n|raw|sondtrai's rating: 1087 &rarr; <strong>1107<\/strong><br \/>(+20 for winning)\n|raw|Atomic1945's rating: 1000 &rarr; <strong>1000<\/strong><br \/>(+0 for losing)\n","uploadtime":1701101156,"views":9,"p1id":"sondtrai","p2id":"atomic1945","formatid":"gen9nationaldexubers","rating":1000,"private":0,"password":""}