{"id":"gen9nationaldexubers-1978574600","p1":"The power of ROCK","p2":"Oculars\u2655","format":"[Gen 9] National Dex Ubers","log":"|j|\u2606The power of ROCK\n|j|\u2606Oculars\u2655\n|t:|1698558699\n|gametype|singles\n|player|p1|The power of ROCK|roark|\n|player|p2|Oculars\u2655|lusamine-nihilego|\n|teamsize|p1|6\n|teamsize|p2|6\n|gen|9\n|tier|[Gen 9] National Dex Ubers\n|rule|HP Percentage Mod: HP is shown in percentages\n|rule|Endless Battle Clause: Forcing endless battles is banned\n|rule|OHKO Clause: OHKO moves are banned\n|rule|Evasion Moves Clause: Evasion moves are banned\n|rule|Evasion Items Clause: Evasion items are banned\n|rule|Species Clause: Limit one of each Pok\u00e9mon\n|rule|Sleep Clause Mod: Limit one foe put to sleep\n|rule|Mega Rayquaza Clause: You cannot mega evolve Rayquaza\n|clearpoke\n|poke|p1|Tyranitar, M|\n|poke|p1|Garganacl, M|\n|poke|p1|Stakataka|\n|poke|p1|Aggron, F|\n|poke|p1|Glimmora, F|\n|poke|p1|Cradily, F|\n|poke|p2|Grimmsnarl, M|\n|poke|p2|Blastoise, M|\n|poke|p2|Zygarde|\n|poke|p2|Volcarona, M|\n|poke|p2|Tapu Fini|\n|poke|p2|Rillaboom, F|\n|teampreview\n|c|\u2606The power of ROCK|Welcome to the ROCK gym\n|c|\u2606The power of ROCK|I was wondering why i had to go ubers\n|c|\u2606The power of ROCK|zyguard lol\n|c|\u2606Oculars\u2655|this was legal first week gen8\n|c|\u2606The power of ROCK|alright show me what u got : )\n|\n|t:|1698558747\n|start\n|switch|p1a: Garganacl|Garganacl, M|100\/100\n|switch|p2a: Grimmsnarl|Grimmsnarl, M|100\/100\n|turn|1\n|\n|t:|1698558753\n|move|p2a: Grimmsnarl|Taunt|p1a: Garganacl\n|-start|p1a: Garganacl|move: Taunt\n|cant|p1a: Garganacl|move: Taunt|Iron Defense\n|\n|upkeep\n|turn|2\n|\n|t:|1698558759\n|-terastallize|p1a: Garganacl|Ghost\n|move|p2a: Grimmsnarl|Reflect|p2a: Grimmsnarl\n|-sidestart|p2: Oculars\u2655|Reflect\n|move|p1a: Garganacl|Salt Cure|p2a: Grimmsnarl\n|-damage|p2a: Grimmsnarl|94\/100\n|-start|p2a: Grimmsnarl|Salt Cure\n|\n|-damage|p2a: Grimmsnarl|82\/100|[from] Salt Cure\n|upkeep\n|turn|3\n|\n|t:|1698558764\n|switch|p2a: Tapu Fini|Tapu Fini|100\/100\n|-fieldstart|move: Misty Terrain|[from] ability: Misty Surge|[of] p2a: Tapu Fini\n|move|p1a: Garganacl|Salt Cure|p2a: Tapu Fini\n|-damage|p2a: Tapu Fini|95\/100\n|-start|p2a: Tapu Fini|Salt Cure\n|\n|-damage|p2a: Tapu Fini|70\/100|[from] Salt Cure\n|-end|p1a: Garganacl|move: Taunt\n|upkeep\n|turn|4\n|\n|t:|1698558766\n|switch|p1a: Tyranitar|Tyranitar, M|100\/100\n|-weather|Sandstorm|[from] ability: Sand Stream|[of] p1a: Tyranitar\n|move|p2a: Tapu Fini|Trick|p1a: Tyranitar\n|-activate|p2a: Tapu Fini|move: Trick|[of] p1a: Tyranitar\n|-item|p1a: Tyranitar|Choice Scarf|[from] move: Trick\n|-item|p2a: Tapu Fini|Assault Vest|[from] move: Trick\n|\n|-weather|Sandstorm|[upkeep]\n|-damage|p2a: Tapu Fini|64\/100|[from] Sandstorm\n|-damage|p2a: Tapu Fini|39\/100|[from] Salt Cure\n|upkeep\n|turn|5\n|\n|t:|1698558775\n|-activate|p2a: Tapu Fini|move: Pursuit\n|move|p1a: Tyranitar|Pursuit|p2a: Tapu Fini|[from]Pursuit\n|-resisted|p2a: Tapu Fini\n|-damage|p2a: Tapu Fini|32\/100\n|switch|p2a: Rillaboom|Rillaboom, F|100\/100\n|-fieldstart|move: Grassy Terrain|[from] ability: Grassy Surge|[of] p2a: Rillaboom\n|\n|-weather|Sandstorm|[upkeep]\n|-damage|p2a: Rillaboom|94\/100|[from] Sandstorm\n|-heal|p2a: Rillaboom|100\/100|[from] Grassy Terrain\n|upkeep\n|turn|6\n|\n|t:|1698558782\n|switch|p1a: Glimmora|Glimmora, F|100\/100\n|move|p2a: Rillaboom|Swords Dance|p2a: Rillaboom\n|-boost|p2a: Rillaboom|atk|2\n|\n|-weather|Sandstorm|[upkeep]\n|-damage|p2a: Rillaboom|94\/100|[from] Sandstorm\n|-heal|p2a: Rillaboom|100\/100|[from] Grassy Terrain\n|upkeep\n|turn|7\n|j| TheHeroOfEyebrows\n|\n|t:|1698558785\n|move|p2a: Rillaboom|Grassy Glide|p1a: Glimmora\n|-damage|p1a: Glimmora|0 fnt\n|-activate|p1a: Glimmora|ability: Toxic Debris\n|-sidestart|p2: Oculars\u2655|move: Toxic Spikes\n|faint|p1a: Glimmora\n|-damage|p2a: Rillaboom|91\/100|[from] item: Life Orb\n|\n|-weather|Sandstorm|[upkeep]\n|-damage|p2a: Rillaboom|84\/100|[from] Sandstorm\n|-heal|p2a: Rillaboom|91\/100|[from] Grassy Terrain\n|upkeep\n|\n|t:|1698558801\n|switch|p1a: Stakataka|Stakataka|100\/100\n|turn|8\n|\n|t:|1698558804\n|move|p2a: Rillaboom|Superpower|p1a: Stakataka\n|-supereffective|p1a: Stakataka\n|-enditem|p1a: Stakataka|Focus Sash\n|-damage|p1a: Stakataka|1\/100\n|-unboost|p2a: Rillaboom|atk|1\n|-unboost|p2a: Rillaboom|def|1\n|-damage|p2a: Rillaboom|81\/100|[from] item: Life Orb\n|move|p1a: Stakataka|Trick Room|p1a: Stakataka\n|-fieldstart|move: Trick Room|[of] p1a: Stakataka\n|\n|-weather|none\n|-heal|p1a: Stakataka|7\/100|[from] Grassy Terrain\n|-heal|p2a: Rillaboom|87\/100|[from] Grassy Terrain\n|upkeep\n|turn|9\n|\n|t:|1698558809\n|move|p2a: Rillaboom|Grassy Glide|p1a: Stakataka\n|-damage|p1a: Stakataka|0 fnt\n|faint|p1a: Stakataka\n|-damage|p2a: Rillaboom|77\/100|[from] item: Life Orb\n|\n|-heal|p2a: Rillaboom|83\/100|[from] Grassy Terrain\n|-sideend|p2: Oculars\u2655|Reflect\n|-fieldend|move: Grassy Terrain\n|upkeep\n|\n|t:|1698558811\n|switch|p1a: Aggron|Aggron, F|100\/100\n|turn|10\n|\n|t:|1698558830\n|detailschange|p1a: Aggron|Aggron-Mega, F\n|-mega|p1a: Aggron|Aggron|Aggronite\n|move|p1a: Aggron|Iron Defense|p1a: Aggron\n|-boost|p1a: Aggron|def|2\n|move|p2a: Rillaboom|Superpower|p1a: Aggron\n|-supereffective|p1a: Aggron\n|-damage|p1a: Aggron|76\/100\n|-unboost|p2a: Rillaboom|atk|1\n|-unboost|p2a: Rillaboom|def|1\n|-damage|p2a: Rillaboom|73\/100|[from] item: Life Orb\n|\n|upkeep\n|turn|11\n|\n|t:|1698558837\n|switch|p2a: Tapu Fini|Tapu Fini|32\/100\n|-status|p2a: Tapu Fini|psn\n|-fieldstart|move: Misty Terrain|[from] ability: Misty Surge|[of] p2a: Tapu Fini\n|move|p1a: Aggron|Body Press|p2a: Tapu Fini\n|-resisted|p2a: Tapu Fini\n|-damage|p2a: Tapu Fini|0 fnt\n|faint|p2a: Tapu Fini\n|\n|upkeep\n|\n|t:|1698558844\n|switch|p2a: Grimmsnarl|Grimmsnarl, M|82\/100\n|turn|12\n|\n|t:|1698558864\n|switch|p1a: Garganacl|Garganacl, M, tera:Ghost|100\/100\n|move|p2a: Grimmsnarl|Reflect|p2a: Grimmsnarl\n|-sidestart|p2: Oculars\u2655|Reflect\n|\n|-fieldend|move: Trick Room\n|upkeep\n|turn|13\n|\n|t:|1698558872\n|move|p2a: Grimmsnarl|Foul Play|p1a: Garganacl\n|-supereffective|p1a: Garganacl\n|-damage|p1a: Garganacl|58\/100\n|move|p1a: Garganacl|Salt Cure|p2a: Grimmsnarl\n|-damage|p2a: Grimmsnarl|76\/100\n|-start|p2a: Grimmsnarl|Salt Cure\n|\n|-damage|p2a: Grimmsnarl|64\/100|[from] Salt Cure\n|upkeep\n|turn|14\n|\n|t:|1698558878\n|move|p2a: Grimmsnarl|Taunt|p1a: Garganacl\n|-start|p1a: Garganacl|move: Taunt\n|cant|p1a: Garganacl|move: Taunt|Recover\n|\n|-damage|p2a: Grimmsnarl|51\/100|[from] Salt Cure\n|upkeep\n|turn|15\n|\n|t:|1698558894\n|switch|p1a: Aggron|Aggron-Mega, F|76\/100\n|move|p2a: Grimmsnarl|Foul Play|p1a: Aggron\n|-damage|p1a: Aggron|60\/100\n|\n|-damage|p2a: Grimmsnarl|39\/100|[from] Salt Cure\n|-fieldend|Misty Terrain\n|upkeep\n|turn|16\n|\n|t:|1698558897\n|move|p2a: Grimmsnarl|Light Screen|p2a: Grimmsnarl\n|-sidestart|p2: Oculars\u2655|move: Light Screen\n|move|p1a: Aggron|Iron Defense|p1a: Aggron\n|-boost|p1a: Aggron|def|2\n|\n|-damage|p2a: Grimmsnarl|26\/100|[from] Salt Cure\n|upkeep\n|turn|17\n|\n|t:|1698558918\n|switch|p2a: Volcarona|Volcarona, M|100\/100\n|switch|p1a: Cradily|Cradily, F|100\/100\n|\n|upkeep\n|turn|18\n|\n|t:|1698558955\n|switch|p1a: Tyranitar|Tyranitar, M|100\/100\n|-weather|Sandstorm|[from] ability: Sand Stream|[of] p1a: Tyranitar\n|move|p2a: Volcarona|Quiver Dance|p2a: Volcarona\n|-boost|p2a: Volcarona|spa|1\n|-boost|p2a: Volcarona|spd|1\n|-boost|p2a: Volcarona|spe|1\n|\n|-weather|Sandstorm|[upkeep]\n|-damage|p2a: Volcarona|94\/100|[from] Sandstorm\n|upkeep\n|turn|19\n|\n|t:|1698558965\n|move|p2a: Volcarona|Bug Buzz|p1a: Tyranitar\n|-supereffective|p1a: Tyranitar\n|-damage|p1a: Tyranitar|39\/100\n|move|p1a: Tyranitar|Dragon Tail|p2a: Volcarona\n|-damage|p2a: Volcarona|80\/100\n|drag|p2a: Grimmsnarl|Grimmsnarl, M|26\/100\n|-status|p2a: Grimmsnarl|psn\n|\n|-weather|Sandstorm|[upkeep]\n|-damage|p2a: Grimmsnarl|20\/100 psn|[from] Sandstorm\n|-damage|p2a: Grimmsnarl|8\/100 psn|[from] psn\n|-sideend|p2: Oculars\u2655|Reflect\n|upkeep\n|turn|20\n|\n|t:|1698558976\n|switch|p1a: Aggron|Aggron-Mega, F|60\/100\n|move|p2a: Grimmsnarl|Reflect|p2a: Grimmsnarl\n|-sidestart|p2: Oculars\u2655|Reflect\n|\n|-weather|Sandstorm|[upkeep]\n|-damage|p2a: Grimmsnarl|2\/100 psn|[from] Sandstorm\n|-damage|p2a: Grimmsnarl|0 fnt|[from] psn\n|faint|p2a: Grimmsnarl\n|upkeep\n|\n|t:|1698558993\n|switch|p2a: Blastoise|Blastoise, M|100\/100\n|-status|p2a: Blastoise|psn\n|turn|21\n|\n|t:|1698559010\n|switch|p1a: Cradily|Cradily, F|100\/100\n|detailschange|p2a: Blastoise|Blastoise-Mega, M\n|-mega|p2a: Blastoise|Blastoise|Blastoisinite\n|move|p2a: Blastoise|Aura Sphere|p1a: Cradily\n|-supereffective|p1a: Cradily\n|-damage|p1a: Cradily|45\/100\n|\n|-weather|Sandstorm|[upkeep]\n|-damage|p2a: Blastoise|94\/100 psn|[from] Sandstorm\n|-damage|p2a: Blastoise|82\/100 psn|[from] psn\n|upkeep\n|turn|22\n|\n|t:|1698559020\n|move|p2a: Blastoise|Aura Sphere|p1a: Cradily\n|-supereffective|p1a: Cradily\n|-damage|p1a: Cradily|0 fnt\n|faint|p1a: Cradily\n|\n|-weather|none\n|-damage|p2a: Blastoise|70\/100 psn|[from] psn\n|upkeep\n|\n|t:|1698559026\n|switch|p1a: Garganacl|Garganacl, M, tera:Ghost|58\/100\n|turn|23\n|\n|t:|1698559029\n|move|p2a: Blastoise|Dark Pulse|p1a: Garganacl\n|-supereffective|p1a: Garganacl\n|-damage|p1a: Garganacl|0 fnt\n|faint|p1a: Garganacl\n|\n|-damage|p2a: Blastoise|57\/100 psn|[from] psn\n|-sideend|p2: Oculars\u2655|move: Light Screen\n|upkeep\n|c|\u2606The power of ROCK|noooooooooooooooooo\n|\n|t:|1698559034\n|switch|p1a: Tyranitar|Tyranitar, M|39\/100\n|-weather|Sandstorm|[from] ability: Sand Stream|[of] p1a: Tyranitar\n|turn|24\n|\n|t:|1698559037\n|move|p2a: Blastoise|Aura Sphere|p1a: Tyranitar\n|-supereffective|p1a: Tyranitar\n|-damage|p1a: Tyranitar|0 fnt\n|faint|p1a: Tyranitar\n|\n|-weather|Sandstorm|[upkeep]\n|-damage|p2a: Blastoise|51\/100 psn|[from] Sandstorm\n|-damage|p2a: Blastoise|39\/100 psn|[from] psn\n|upkeep\n|\n|t:|1698559040\n|switch|p1a: Aggron|Aggron-Mega, F|60\/100\n|turn|25\n|\n|t:|1698559042\n|move|p2a: Blastoise|Aura Sphere|p1a: Aggron\n|-supereffective|p1a: Aggron\n|-damage|p1a: Aggron|0 fnt\n|faint|p1a: Aggron\n|\n|win|Oculars\u2655\n|c|\u2606The power of ROCK|gg\n|c|\u2606The power of ROCK|lol\n|c|\u2606Oculars\u2655|gg\n|c|\u2606Oculars\u2655|this team so broken\n|c|\u2606The power of ROCK|ye\n","uploadtime":1698559055,"views":12,"p1id":"thepowerofrock","p2id":"oculars","formatid":"gen9nationaldexubers","rating":0,"private":0,"password":""}