{"id":"gen9nationaldexubers-1998382286","p1":"CookieDough41","p2":"Kdjjdjd","format":"[Gen 9] National Dex Ubers","log":"|j|\u2606CookieDough41\n|j|\u2606Kdjjdjd\n|t:|1700936065\n|gametype|singles\n|player|p1|CookieDough41|hilda|1103\n|player|p2|Kdjjdjd|youngster-gen4dp|1000\n|teamsize|p1|6\n|teamsize|p2|6\n|gen|9\n|tier|[Gen 9] National Dex Ubers\n|rated|\n|rule|HP Percentage Mod: HP is shown in percentages\n|rule|Endless Battle Clause: Forcing endless battles is banned\n|rule|OHKO Clause: OHKO moves are banned\n|rule|Evasion Moves Clause: Evasion moves are banned\n|rule|Evasion Items Clause: Evasion items are banned\n|rule|Species Clause: Limit one of each Pok\u00e9mon\n|rule|Sleep Clause Mod: Limit one foe put to sleep\n|rule|Mega Rayquaza Clause: You cannot mega evolve Rayquaza\n|clearpoke\n|poke|p1|Aurorus, F|\n|poke|p1|Salamence, M|\n|poke|p1|Volcarona, M|\n|poke|p1|Corviknight, F|\n|poke|p1|Decidueye, M|\n|poke|p1|Xerneas-*|\n|poke|p2|Aron, L1, M|\n|poke|p2|Roselia, L1, M|\n|poke|p2|Hippopotas, L1, F|\n|poke|p2|Sableye, L1, F|\n|poke|p2|Nosepass, L1, M|\n|poke|p2|Cottonee, L1, M|\n|teampreview\n|\n|t:|1700936067\n|start\n|switch|p1a: Snow White|Aurorus, F, shiny|100\/100\n|switch|p2a: cute flower|Roselia, L1, M|100\/100\n|turn|1\n|\n|t:|1700936077\n|move|p1a: Snow White|Hyper Voice|p2a: cute flower\n|-supereffective|p2a: cute flower\n|-enditem|p2a: cute flower|Focus Sash\n|-damage|p2a: cute flower|9\/100\n|move|p2a: cute flower|Toxic Spikes|p1a: Snow White\n|-sidestart|p1: CookieDough41|move: Toxic Spikes\n|\n|upkeep\n|turn|2\n|\n|t:|1700936081\n|move|p1a: Snow White|Hyper Voice|p2a: cute flower\n|-supereffective|p2a: cute flower\n|-damage|p2a: cute flower|0 fnt\n|faint|p2a: cute flower\n|\n|upkeep\n|inactive|Battle timer is ON: inactive players will automatically lose when time's up. (requested by Kdjjdjd)\n|\n|t:|1700936121\n|switch|p2a: Small thing|Aron, L1, M|100\/100\n|turn|3\n|\n|t:|1700936125\n|move|p1a: Snow White|Hyper Voice|p2a: Small thing\n|-resisted|p2a: Small thing\n|-ability|p2a: Small thing|Sturdy\n|-damage|p2a: Small thing|9\/100\n|move|p2a: Small thing|Endeavor|p1a: Snow White\n|-damage|p1a: Snow White|1\/100\n|-heal|p2a: Small thing|100\/100|[from] item: Shell Bell|[of] p1a: Snow White\n|\n|upkeep\n|turn|4\n|\n|t:|1700936137\n|move|p1a: Snow White|Hyper Voice|p2a: Small thing\n|-resisted|p2a: Small thing\n|-ability|p2a: Small thing|Sturdy\n|-damage|p2a: Small thing|9\/100\n|move|p2a: Small thing|Toxic|p1a: Snow White|[miss]\n|-miss|p2a: Small thing|p1a: Snow White\n|\n|upkeep\n|turn|5\n|\n|t:|1700936150\n|switch|p2a: baby ghost|Sableye, L1, F|100\/100\n|move|p1a: Snow White|Hyper Voice|p2a: baby ghost\n|-enditem|p2a: baby ghost|Focus Sash\n|-damage|p2a: baby ghost|9\/100\n|\n|upkeep\n|turn|6\n|\n|t:|1700936158\n|move|p2a: baby ghost|Confuse Ray|p1a: Snow White\n|-start|p1a: Snow White|confusion\n|-activate|p1a: Snow White|confusion\n|-damage|p1a: Snow White|0 fnt|[from] confusion\n|faint|p1a: Snow White\n|\n|upkeep\n|\n|t:|1700936163\n|switch|p1a: Rudolph|Xerneas, shiny|100\/100\n|-status|p1a: Rudolph|psn\n|-ability|p1a: Rudolph|Fairy Aura\n|turn|7\n|\n|t:|1700936172\n|switch|p2a: small rock|Nosepass, L1, M|100\/100\n|move|p1a: Rudolph|Moonblast|p2a: small rock\n|-crit|p2a: small rock\n|-ability|p2a: small rock|Sturdy\n|-damage|p2a: small rock|10\/100\n|-enditem|p2a: small rock|Berry Juice\n|-heal|p2a: small rock|100\/100|[from] item: Berry Juice\n|\n|-damage|p1a: Rudolph|88\/100 psn|[from] psn\n|upkeep\n|turn|8\n|\n|t:|1700936180\n|move|p1a: Rudolph|Flash Cannon|p2a: small rock\n|-supereffective|p2a: small rock\n|-ability|p2a: small rock|Sturdy\n|-damage|p2a: small rock|10\/100\n|move|p2a: small rock|Pain Split|p1a: Rudolph\n|-sethp|p1a: Rudolph|44\/100 psn|[from] move: Pain Split|[silent]\n|-sethp|p2a: small rock|100\/100|[from] move: Pain Split\n|\n|-damage|p1a: Rudolph|32\/100 psn|[from] psn\n|upkeep\n|turn|9\n|\n|t:|1700936185\n|move|p1a: Rudolph|Flash Cannon|p2a: small rock\n|-supereffective|p2a: small rock\n|-ability|p2a: small rock|Sturdy\n|-damage|p2a: small rock|10\/100\n|move|p2a: small rock|Pain Split|p1a: Rudolph\n|-sethp|p1a: Rudolph|16\/100 psn|[from] move: Pain Split|[silent]\n|-sethp|p2a: small rock|100\/100|[from] move: Pain Split\n|\n|-damage|p1a: Rudolph|4\/100 psn|[from] psn\n|upkeep\n|turn|10\n|\n|t:|1700936190\n|move|p2a: small rock|Protect|p2a: small rock\n|-singleturn|p2a: small rock|Protect\n|move|p1a: Rudolph|Flash Cannon|p2a: small rock\n|-activate|p2a: small rock|move: Protect\n|\n|-damage|p1a: Rudolph|0 fnt|[from] psn\n|faint|p1a: Rudolph\n|upkeep\n|\n|t:|1700936194\n|switch|p1a: Yoshi|Salamence, M, shiny|100\/100\n|-ability|p1a: Yoshi|Intimidate|boost\n|-unboost|p2a: small rock|atk|1\n|turn|11\n|\n|t:|1700936198\n|move|p1a: Yoshi|Dragon Dance|p1a: Yoshi\n|-boost|p1a: Yoshi|atk|1\n|-boost|p1a: Yoshi|spe|1\n|move|p2a: small rock|Pain Split|p1a: Yoshi\n|-sethp|p1a: Yoshi|52\/100|[from] move: Pain Split|[silent]\n|-sethp|p2a: small rock|100\/100|[from] move: Pain Split\n|\n|upkeep\n|turn|12\n|\n|t:|1700936200\n|move|p1a: Yoshi|Earthquake|p2a: small rock\n|-supereffective|p2a: small rock\n|-ability|p2a: small rock|Sturdy\n|-damage|p2a: small rock|10\/100\n|move|p2a: small rock|Pain Split|p1a: Yoshi\n|-sethp|p1a: Yoshi|26\/100|[from] move: Pain Split|[silent]\n|-sethp|p2a: small rock|100\/100|[from] move: Pain Split\n|\n|upkeep\n|turn|13\n|\n|t:|1700936204\n|detailschange|p1a: Yoshi|Salamence-Mega, M, shiny\n|-mega|p1a: Yoshi|Salamence|Salamencite\n|move|p1a: Yoshi|Earthquake|p2a: small rock\n|-supereffective|p2a: small rock\n|-ability|p2a: small rock|Sturdy\n|-damage|p2a: small rock|10\/100\n|move|p2a: small rock|Pain Split|p1a: Yoshi\n|-sethp|p1a: Yoshi|13\/100|[from] move: Pain Split|[silent]\n|-sethp|p2a: small rock|100\/100|[from] move: Pain Split\n|\n|upkeep\n|turn|14\n|\n|t:|1700936211\n|move|p1a: Yoshi|Earthquake|p2a: small rock\n|-supereffective|p2a: small rock\n|-ability|p2a: small rock|Sturdy\n|-damage|p2a: small rock|10\/100\n|move|p2a: small rock|Pain Split|p1a: Yoshi\n|-sethp|p1a: Yoshi|7\/100|[from] move: Pain Split|[silent]\n|-sethp|p2a: small rock|100\/100|[from] move: Pain Split\n|\n|upkeep\n|turn|15\n|\n|t:|1700936217\n|switch|p2a: cute dog|Hippopotas, L1, F|100\/100\n|-weather|Sandstorm|[from] ability: Sand Stream|[of] p2a: cute dog\n|move|p1a: Yoshi|Earthquake|p2a: cute dog\n|-enditem|p2a: cute dog|Focus Sash\n|-damage|p2a: cute dog|9\/100\n|\n|-weather|Sandstorm|[upkeep]\n|-damage|p1a: Yoshi|1\/100|[from] Sandstorm\n|upkeep\n|turn|16\n|\n|t:|1700936223\n|move|p1a: Yoshi|Earthquake|p2a: cute dog\n|-damage|p2a: cute dog|0 fnt\n|faint|p2a: cute dog\n|\n|-weather|Sandstorm|[upkeep]\n|-damage|p1a: Yoshi|0 fnt|[from] Sandstorm\n|faint|p1a: Yoshi\n|upkeep\n|inactive|Kdjjdjd has 120 seconds left.\n|\n|t:|1700936254\n|switch|p1a: Apollo|Volcarona, M, shiny|100\/100\n|switch|p2a: small rock|Nosepass, L1, M|100\/100\n|turn|17\n|inactive|Kdjjdjd has 120 seconds left.\n|\n|t:|1700936267\n|move|p1a: Apollo|Quiver Dance|p1a: Apollo\n|-boost|p1a: Apollo|spa|1\n|-boost|p1a: Apollo|spd|1\n|-boost|p1a: Apollo|spe|1\n|move|p2a: small rock|Toxic|p1a: Apollo\n|-status|p1a: Apollo|tox\n|\n|-weather|Sandstorm|[upkeep]\n|-damage|p1a: Apollo|94\/100 tox|[from] Sandstorm\n|-damage|p1a: Apollo|88\/100 tox|[from] psn\n|upkeep\n|turn|18\n|\n|t:|1700936271\n|move|p1a: Apollo|Psychic|p2a: small rock\n|-ability|p2a: small rock|Sturdy\n|-damage|p2a: small rock|10\/100\n|move|p2a: small rock|Pain Split|p1a: Apollo\n|-sethp|p1a: Apollo|45\/100 tox|[from] move: Pain Split|[silent]\n|-sethp|p2a: small rock|100\/100|[from] move: Pain Split\n|\n|-weather|Sandstorm|[upkeep]\n|-damage|p1a: Apollo|38\/100 tox|[from] Sandstorm\n|-damage|p1a: Apollo|26\/100 tox|[from] psn\n|upkeep\n|turn|19\n|\n|t:|1700936275\n|move|p1a: Apollo|Psychic|p2a: small rock\n|-ability|p2a: small rock|Sturdy\n|-damage|p2a: small rock|10\/100\n|-unboost|p2a: small rock|spd|1\n|move|p2a: small rock|Pain Split|p1a: Apollo\n|-sethp|p1a: Apollo|13\/100 tox|[from] move: Pain Split|[silent]\n|-sethp|p2a: small rock|100\/100|[from] move: Pain Split\n|\n|-weather|none\n|-damage|p1a: Apollo|0 fnt|[from] psn\n|faint|p1a: Apollo\n|upkeep\n|\n|t:|1700936279\n|switch|p1a: Revali|Decidueye, M, shiny|100\/100\n|-status|p1a: Revali|psn\n|turn|20\n|\n|t:|1700936286\n|move|p1a: Revali|Steel Wing|p2a: small rock\n|-supereffective|p2a: small rock\n|-ability|p2a: small rock|Sturdy\n|-damage|p2a: small rock|10\/100\n|move|p2a: small rock|Pain Split|p1a: Revali\n|-sethp|p1a: Revali|51\/100 psn|[from] move: Pain Split|[silent]\n|-sethp|p2a: small rock|100\/100|[from] move: Pain Split\n|\n|-damage|p1a: Revali|38\/100 psn|[from] psn\n|upkeep\n|turn|21\n|\n|t:|1700936296\n|move|p1a: Revali|Leaf Blade|p2a: small rock\n|-supereffective|p2a: small rock\n|-crit|p2a: small rock\n|-ability|p2a: small rock|Sturdy\n|-damage|p2a: small rock|10\/100\n|move|p2a: small rock|Pain Split|p1a: Revali\n|-sethp|p1a: Revali|19\/100 psn|[from] move: Pain Split|[silent]\n|-sethp|p2a: small rock|100\/100|[from] move: Pain Split\n|\n|-damage|p1a: Revali|7\/100 psn|[from] psn\n|upkeep\n|turn|22\n|-message|CookieDough41 forfeited.\n|\n|win|Kdjjdjd\n|raw|CookieDough41's rating: 1103 &rarr; <strong>1071<\/strong><br \/>(-32 for losing)\n|raw|Kdjjdjd's rating: 1000 &rarr; <strong>1052<\/strong><br \/>(+52 for winning)\n|l|\u2606CookieDough41\n|j|\u2606CookieDough41\n|player|p1|CookieDough41|hilda\n|l|\u2606CookieDough41\n|player|p1|\n","uploadtime":1700936318,"views":0,"p1id":"cookiedough41","p2id":"kdjjdjd","formatid":"gen9nationaldexubers","rating":1052,"private":0,"password":""}