{"id":"gen9nationaldexubers-1979191650","p1":"BluishDragon01","p2":"1998 Mercedes-Benz","format":"[Gen 9] National Dex Ubers","log":"|j|\u2606BluishDragon01\n|j|\u26061998 Mercedes-Benz\n|t:|1698648112\n|gametype|singles\n|player|p1|BluishDragon01|steven|1412\n|player|p2|1998 Mercedes-Benz|aromalady-gen6|1408\n|teamsize|p1|6\n|teamsize|p2|6\n|gen|9\n|tier|[Gen 9] National Dex Ubers\n|rated|\n|rule|HP Percentage Mod: HP is shown in percentages\n|rule|Endless Battle Clause: Forcing endless battles is banned\n|rule|OHKO Clause: OHKO moves are banned\n|rule|Evasion Moves Clause: Evasion moves are banned\n|rule|Evasion Items Clause: Evasion items are banned\n|rule|Species Clause: Limit one of each Pok\u00e9mon\n|rule|Sleep Clause Mod: Limit one foe put to sleep\n|rule|Mega Rayquaza Clause: You cannot mega evolve Rayquaza\n|clearpoke\n|poke|p1|Groudon|\n|poke|p1|Heracross, F|\n|poke|p1|Smeargle, F|\n|poke|p1|Xurkitree|\n|poke|p1|Necrozma-Dusk-Mane|\n|poke|p1|Salamence, F|\n|poke|p2|Deoxys-Speed|\n|poke|p2|Arceus|\n|poke|p2|Zacian-*|\n|poke|p2|Salamence, F|\n|poke|p2|Kyogre|\n|poke|p2|Ho-Oh|\n|teampreview\n|inactive|Battle timer is ON: inactive players will automatically lose when time's up. (requested by 1998 Mercedes-Benz)\n|inactive|BluishDragon01 also wants the timer to be on.\n|\n|t:|1698648123\n|start\n|switch|p1a: Smeargle|Smeargle, F|100\/100\n|switch|p2a: What Do They Know|Deoxys-Speed|100\/100\n|-ability|p2a: What Do They Know|Pressure\n|turn|1\n|\n|t:|1698648127\n|move|p1a: Smeargle|Magic Coat|p1a: Smeargle\n|-singleturn|p1a: Smeargle|move: Magic Coat\n|move|p2a: What Do They Know|Taunt|p1a: Smeargle\n|move|p1a: Smeargle|Taunt|p2a: What Do They Know|[from]Magic Coat\n|-start|p2a: What Do They Know|move: Taunt\n|-enditem|p2a: What Do They Know|Mental Herb\n|-end|p2a: What Do They Know|move: Taunt\n|\n|-ability|p1a: Smeargle|Moody|boost\n|-boost|p1a: Smeargle|spe|2\n|-unboost|p1a: Smeargle|def|1\n|upkeep\n|turn|2\n|\n|t:|1698648132\n|move|p1a: Smeargle|Sticky Web|p2a: What Do They Know\n|-sidestart|p2: 1998 Mercedes-Benz|move: Sticky Web\n|move|p2a: What Do They Know|Taunt|p1a: Smeargle\n|-start|p1a: Smeargle|move: Taunt\n|\n|-ability|p1a: Smeargle|Moody|boost\n|-boost|p1a: Smeargle|atk|2\n|-unboost|p1a: Smeargle|spe|1\n|upkeep\n|turn|3\n|j| sanguine\n|\n|t:|1698648142\n|switch|p1a: Heracross|Heracross, F|100\/100\n|move|p2a: What Do They Know|Toxic|p1a: Heracross\n|-status|p1a: Heracross|tox\n|\n|-damage|p1a: Heracross|95\/100 tox|[from] psn\n|upkeep\n|turn|4\n|\n|t:|1698648150\n|move|p2a: What Do They Know|Stealth Rock|p1a: Heracross\n|-sidestart|p1: BluishDragon01|move: Stealth Rock\n|move|p1a: Heracross|Knock Off|p2a: What Do They Know\n|-supereffective|p2a: What Do They Know\n|-damage|p2a: What Do They Know|36\/100\n|\n|-damage|p1a: Heracross|83\/100 tox|[from] psn\n|upkeep\n|turn|5\n|\n|t:|1698648153\n|move|p2a: What Do They Know|Knock Off|p1a: Heracross\n|-resisted|p1a: Heracross\n|-damage|p1a: Heracross|64\/100 tox\n|-enditem|p1a: Heracross|Choice Scarf|[from] move: Knock Off|[of] p2a: What Do They Know\n|move|p1a: Heracross|Knock Off|p2a: What Do They Know\n|-supereffective|p2a: What Do They Know\n|-damage|p2a: What Do They Know|0 fnt\n|faint|p2a: What Do They Know\n|-ability|p1a: Heracross|Moxie|boost\n|-boost|p1a: Heracross|atk|1\n|\n|-damage|p1a: Heracross|46\/100 tox|[from] psn\n|upkeep\n|\n|t:|1698648158\n|switch|p2a: Witness|Salamence, F|100\/100\n|-ability|p2a: Witness|Intimidate|boost\n|-unboost|p1a: Heracross|atk|1\n|turn|6\n|\n|t:|1698648169\n|switch|p1a: Necrozma|Necrozma-Dusk-Mane|100\/100\n|-damage|p1a: Necrozma|95\/100|[from] Stealth Rock\n|detailschange|p2a: Witness|Salamence-Mega, F\n|-mega|p2a: Witness|Salamence|Salamencite\n|move|p2a: Witness|Dragon Dance|p2a: Witness\n|-boost|p2a: Witness|atk|1\n|-boost|p2a: Witness|spe|1\n|\n|-heal|p1a: Necrozma|100\/100|[from] item: Leftovers\n|upkeep\n|turn|7\n|\n|t:|1698648187\n|-terastallize|p1a: Necrozma|Psychic\n|move|p2a: Witness|Dragon Dance|p2a: Witness\n|-boost|p2a: Witness|atk|1\n|-boost|p2a: Witness|spe|1\n|move|p1a: Necrozma|Stone Edge|p2a: Witness\n|-supereffective|p2a: Witness\n|-crit|p2a: Witness\n|-damage|p2a: Witness|0 fnt\n|faint|p2a: Witness\n|\n|upkeep\n|c|\u26061998 Mercedes-Benz|nice crit\n|\n|t:|1698648198\n|switch|p2a: Bed of Roses|Ho-Oh, shiny|100\/100\n|turn|8\n|c|\u2606BluishDragon01|it still kos\n|\n|t:|1698648206\n|switch|p1a: Heracross|Heracross, F|46\/100 tox\n|-damage|p1a: Heracross|34\/100 tox|[from] Stealth Rock\n|-terastallize|p2a: Bed of Roses|Water\n|move|p2a: Bed of Roses|Defog|p1a: Heracross\n|-unboost|p1a: Heracross|evasion|1\n|-sideend|p1: BluishDragon01|Stealth Rock|[from] move: Defog|[of] p2a: Bed of Roses\n|-sideend|p2: 1998 Mercedes-Benz|Sticky Web|[from] move: Defog|[of] p2a: Bed of Roses\n|\n|-damage|p1a: Heracross|28\/100 tox|[from] psn\n|upkeep\n|turn|9\n|\n|t:|1698648212\n|move|p1a: Heracross|Knock Off|p2a: Bed of Roses\n|-crit|p2a: Bed of Roses\n|-damage|p2a: Bed of Roses|66\/100\n|-enditem|p2a: Bed of Roses|Heavy-Duty Boots|[from] move: Knock Off|[of] p1a: Heracross\n|move|p2a: Bed of Roses|Brave Bird|p1a: Heracross\n|-supereffective|p1a: Heracross\n|-damage|p1a: Heracross|0 fnt\n|faint|p1a: Heracross\n|-damage|p2a: Bed of Roses|60\/100|[from] Recoil\n|\n|upkeep\n|\n|t:|1698648217\n|switch|p1a: Smeargle|Smeargle, F|100\/100\n|turn|10\n|\n|t:|1698648228\n|switch|p2a: Shut Me Up|Arceus, shiny|100\/100\n|move|p1a: Smeargle|Spore|p2a: Shut Me Up\n|-status|p2a: Shut Me Up|slp|[from] move: Spore\n|\n|-ability|p1a: Smeargle|Moody|boost\n|-boost|p1a: Smeargle|spa|2\n|-unboost|p1a: Smeargle|spe|1\n|upkeep\n|turn|11\n|\n|t:|1698648248\n|switch|p2a: Stupid MF|Kyogre|100\/100\n|detailschange|p2a: Stupid MF|Kyogre-Primal\n|-primal|p2a: Stupid MF|Blue Orb\n|-weather|PrimordialSea|[from] ability: Primordial Sea|[of] p2a: Stupid MF\n|move|p1a: Smeargle|Sticky Web|p2a: Stupid MF\n|-sidestart|p2: 1998 Mercedes-Benz|move: Sticky Web\n|\n|-weather|PrimordialSea|[upkeep]\n|-ability|p1a: Smeargle|Moody|boost\n|-boost|p1a: Smeargle|atk|2\n|-unboost|p1a: Smeargle|def|1\n|upkeep\n|turn|12\n|\n|t:|1698648259\n|move|p2a: Stupid MF|Substitute|p2a: Stupid MF\n|-start|p2a: Stupid MF|Substitute\n|-damage|p2a: Stupid MF|76\/100\n|move|p1a: Smeargle|Stealth Rock|p2a: Stupid MF\n|-sidestart|p2: 1998 Mercedes-Benz|move: Stealth Rock\n|\n|-weather|PrimordialSea|[upkeep]\n|-ability|p1a: Smeargle|Moody|boost\n|-boost|p1a: Smeargle|atk|2\n|-unboost|p1a: Smeargle|spe|1\n|upkeep\n|turn|13\n|\n|t:|1698648269\n|switch|p1a: Groudon|Groudon|100\/100\n|detailschange|p1a: Groudon|Groudon-Primal\n|-primal|p1a: Groudon|Red Orb\n|-weather|DesolateLand|[from] ability: Desolate Land|[of] p1a: Groudon\n|move|p2a: Stupid MF|Water Spout||[still]\n|-fail|p2a: Stupid MF|Water Spout|[from] Desolate Land\n|\n|-weather|DesolateLand|[upkeep]\n|upkeep\n|turn|14\n|\n|t:|1698648273\n|move|p2a: Stupid MF|Ice Beam|p1a: Groudon\n|-damage|p1a: Groudon|56\/100\n|move|p1a: Groudon|Precipice Blades|p2a: Stupid MF\n|-end|p2a: Stupid MF|Substitute\n|\n|-weather|DesolateLand|[upkeep]\n|upkeep\n|turn|15\n|\n|t:|1698648282\n|move|p2a: Stupid MF|Ice Beam|p1a: Groudon\n|-damage|p1a: Groudon|10\/100\n|move|p1a: Groudon|Precipice Blades|p2a: Stupid MF\n|-damage|p2a: Stupid MF|0 fnt\n|faint|p2a: Stupid MF\n|\n|-weather|DesolateLand|[upkeep]\n|upkeep\n|\n|t:|1698648289\n|switch|p2a: Bed of Roses|Ho-Oh, shiny, tera:Water|93\/100\n|-activate|p2a: Bed of Roses|move: Sticky Web\n|-unboost|p2a: Bed of Roses|spe|1\n|-damage|p2a: Bed of Roses|80\/100|[from] Stealth Rock\n|turn|16\n|-message|1998 Mercedes-Benz forfeited.\n|\n|win|BluishDragon01\n|raw|BluishDragon01's rating: 1412 &rarr; <strong>1432<\/strong><br \/>(+20 for winning)\n|raw|1998 Mercedes-Benz's rating: 1408 &rarr; <strong>1388<\/strong><br \/>(-20 for losing)\n|l|\u26061998 Mercedes-Benz\n","uploadtime":1698648297,"views":14,"p1id":"bluishdragon01","p2id":"1998mercedesbenz","formatid":"gen9nationaldexubers","rating":1388,"private":0,"password":""}