{"id":"gen9nationaldexubers-1980087658","p1":"ChallengerGage","p2":"hustle99","format":"[Gen 9] National Dex Ubers","log":"|j|\u2606ChallengerGage\n|j|\u2606hustle99\n|t:|1698755970\n|gametype|singles\n|player|p1|ChallengerGage|hero-conquest|1084\n|player|p2|hustle99|larry|1063\n|teamsize|p1|6\n|teamsize|p2|6\n|gen|9\n|tier|[Gen 9] National Dex Ubers\n|rated|\n|rule|HP Percentage Mod: HP is shown in percentages\n|rule|Endless Battle Clause: Forcing endless battles is banned\n|rule|OHKO Clause: OHKO moves are banned\n|rule|Evasion Moves Clause: Evasion moves are banned\n|rule|Evasion Items Clause: Evasion items are banned\n|rule|Species Clause: Limit one of each Pok\u00e9mon\n|rule|Sleep Clause Mod: Limit one foe put to sleep\n|rule|Mega Rayquaza Clause: You cannot mega evolve Rayquaza\n|clearpoke\n|poke|p1|Umbreon, M|\n|poke|p1|Absol, F|\n|poke|p1|Greninja-*, M|\n|poke|p1|Kingambit, M|\n|poke|p1|Chien-Pao|\n|poke|p1|Clodsire, F|\n|poke|p2|Staraptor, M|\n|poke|p2|Dunsparce, M|\n|poke|p2|Flamigo, M|\n|poke|p2|Salamence, F|\n|poke|p2|Vanilluxe, F|\n|poke|p2|Pyroar, F|\n|teampreview\n|\n|t:|1698755983\n|start\n|switch|p1a: Mocha|Umbreon, M|100\/100\n|switch|p2a: Vanilluxe|Vanilluxe, F, shiny|100\/100\n|-weather|Snow|[from] ability: Snow Warning|[of] p2a: Vanilluxe\n|turn|1\n|c|\u2606ChallengerGage|Yay a normal team\n|\n|t:|1698755993\n|move|p2a: Vanilluxe|Taunt|p1a: Mocha\n|-start|p1a: Mocha|move: Taunt\n|cant|p1a: Mocha|move: Taunt|Toxic\n|\n|-weather|Snow|[upkeep]\n|upkeep\n|turn|2\n|\n|t:|1698756009\n|switch|p1a: General|Kingambit, M|100\/100\n|move|p2a: Vanilluxe|Aurora Veil|p2a: Vanilluxe\n|-sidestart|p2: hustle99|move: Aurora Veil\n|\n|-weather|Snow|[upkeep]\n|upkeep\n|turn|3\n|\n|t:|1698756020\n|switch|p2a: Flamigo|Flamigo, M, shiny|100\/100\n|move|p1a: General|Swords Dance|p1a: General\n|-boost|p1a: General|atk|2\n|\n|-weather|Snow|[upkeep]\n|upkeep\n|turn|4\n|\n|t:|1698756031\n|move|p1a: General|Sucker Punch|p2a: Flamigo\n|-resisted|p2a: Flamigo\n|-damage|p2a: Flamigo|73\/100\n|move|p2a: Flamigo|Low Sweep|p1a: General\n|-supereffective|p1a: General\n|-damage|p1a: General|29\/100\n|-unboost|p1a: General|spe|1\n|\n|-weather|Snow|[upkeep]\n|-heal|p2a: Flamigo|80\/100|[from] item: Leftovers\n|upkeep\n|turn|5\n|\n|t:|1698756042\n|-end|p1a: General|fallenundefined|[silent]\n|switch|p1a: Mudpie|Clodsire, F|100\/100\n|move|p2a: Flamigo|Bulk Up|p2a: Flamigo\n|-boost|p2a: Flamigo|atk|1\n|-boost|p2a: Flamigo|def|1\n|\n|-weather|none\n|-heal|p2a: Flamigo|86\/100|[from] item: Leftovers\n|upkeep\n|turn|6\n|\n|t:|1698756052\n|-terastallize|p1a: Mudpie|Dark\n|move|p2a: Flamigo|Substitute|p2a: Flamigo\n|-start|p2a: Flamigo|Substitute\n|-damage|p2a: Flamigo|61\/100\n|move|p1a: Mudpie|Toxic Spikes|p2a: Flamigo\n|-sidestart|p2: hustle99|move: Toxic Spikes\n|\n|-heal|p2a: Flamigo|67\/100|[from] item: Leftovers\n|upkeep\n|turn|7\n|\n|t:|1698756064\n|move|p2a: Flamigo|Bulk Up|p2a: Flamigo\n|-boost|p2a: Flamigo|atk|1\n|-boost|p2a: Flamigo|def|1\n|move|p1a: Mudpie|Toxic Spikes|p2a: Flamigo\n|-sidestart|p2: hustle99|move: Toxic Spikes\n|\n|-heal|p2a: Flamigo|73\/100|[from] item: Leftovers\n|upkeep\n|turn|8\n|\n|t:|1698756071\n|move|p2a: Flamigo|Bulk Up|p2a: Flamigo\n|-boost|p2a: Flamigo|atk|1\n|-boost|p2a: Flamigo|def|1\n|move|p1a: Mudpie|Stealth Rock|p2a: Flamigo\n|-sidestart|p2: hustle99|move: Stealth Rock\n|\n|-heal|p2a: Flamigo|79\/100|[from] item: Leftovers\n|upkeep\n|turn|9\n|\n|t:|1698756077\n|move|p2a: Flamigo|Bulk Up|p2a: Flamigo\n|-boost|p2a: Flamigo|atk|1\n|-boost|p2a: Flamigo|def|1\n|move|p1a: Mudpie|Spikes|p2a: Flamigo\n|-sidestart|p2: hustle99|Spikes\n|\n|-heal|p2a: Flamigo|85\/100|[from] item: Leftovers\n|-sideend|p2: hustle99|move: Aurora Veil\n|upkeep\n|turn|10\n|\n|t:|1698756085\n|move|p2a: Flamigo|Bulk Up|p2a: Flamigo\n|-boost|p2a: Flamigo|atk|1\n|-boost|p2a: Flamigo|def|1\n|move|p1a: Mudpie|Spikes|p2a: Flamigo\n|-sidestart|p2: hustle99|Spikes\n|\n|-heal|p2a: Flamigo|91\/100|[from] item: Leftovers\n|upkeep\n|turn|11\n|\n|t:|1698756091\n|move|p2a: Flamigo|Bulk Up|p2a: Flamigo\n|-boost|p2a: Flamigo|atk|1\n|-boost|p2a: Flamigo|def|1\n|move|p1a: Mudpie|Spikes|p2a: Flamigo\n|-sidestart|p2: hustle99|Spikes\n|\n|-heal|p2a: Flamigo|97\/100|[from] item: Leftovers\n|upkeep\n|turn|12\n|\n|t:|1698756099\n|move|p2a: Flamigo|Dual Wingbeat|p1a: Mudpie\n|-damage|p1a: Mudpie|58\/100\n|-damage|p1a: Mudpie|14\/100\n|-enditem|p1a: Mudpie|Aguav Berry|[eat]\n|-heal|p1a: Mudpie|47\/100|[from] item: Aguav Berry\n|-hitcount|p1a: Mudpie|2\n|move|p1a: Mudpie|Recover|p1a: Mudpie\n|-heal|p1a: Mudpie|97\/100\n|\n|-heal|p2a: Flamigo|100\/100|[from] item: Leftovers\n|upkeep\n|turn|13\n|\n|t:|1698756111\n|move|p2a: Flamigo|Low Sweep|p1a: Mudpie\n|-supereffective|p1a: Mudpie\n|-damage|p1a: Mudpie|0 fnt\n|faint|p1a: Mudpie\n|\n|upkeep\n|\n|t:|1698756125\n|switch|p1a: Hopper|Greninja, M|100\/100\n|turn|14\n|\n|t:|1698756142\n|-zpower|p1a: Hopper\n|move|p1a: Hopper|Shattered Psyche|p2a: Flamigo|[zeffect]\n|-supereffective|p2a: Flamigo\n|-end|p2a: Flamigo|Substitute\n|move|p2a: Flamigo|Dual Wingbeat|p1a: Hopper\n|-damage|p1a: Hopper|0 fnt\n|faint|p1a: Hopper\n|-hitcount|p1: Hopper|1\n|\n|upkeep\n|\n|t:|1698756151\n|switch|p1a: Angel|Absol, F, shiny|100\/100\n|turn|15\n|\n|t:|1698756159\n|detailschange|p1a: Angel|Absol-Mega, F, shiny\n|-mega|p1a: Angel|Absol|Absolite\n|move|p1a: Angel|Thunderbolt|p2a: Flamigo\n|-supereffective|p2a: Flamigo\n|-damage|p2a: Flamigo|45\/100\n|move|p2a: Flamigo|Substitute|p2a: Flamigo\n|-start|p2a: Flamigo|Substitute\n|-damage|p2a: Flamigo|20\/100\n|\n|-heal|p2a: Flamigo|26\/100|[from] item: Leftovers\n|upkeep\n|turn|16\n|\n|t:|1698756168\n|move|p1a: Angel|Thunderbolt|p2a: Flamigo\n|-supereffective|p2a: Flamigo\n|-crit|p2a: Flamigo\n|-end|p2a: Flamigo|Substitute\n|move|p2a: Flamigo|Low Sweep|p1a: Angel\n|-supereffective|p1a: Angel\n|-damage|p1a: Angel|0 fnt\n|faint|p1a: Angel\n|\n|-heal|p2a: Flamigo|32\/100|[from] item: Leftovers\n|upkeep\n|\n|t:|1698756171\n|switch|p1a: Sabre|Chien-Pao|100\/100\n|-ability|p1a: Sabre|Sword of Ruin\n|turn|17\n|\n|t:|1698756190\n|-terastallize|p2a: Flamigo|Steel\n|move|p1a: Sabre|Sacred Sword|p2a: Flamigo\n|-supereffective|p2a: Flamigo\n|-damage|p2a: Flamigo|0 fnt\n|faint|p2a: Flamigo\n|\n|upkeep\n|\n|t:|1698756204\n|switch|p2a: Dunsparce|Dunsparce, M, shiny|100\/100\n|-status|p2a: Dunsparce|tox\n|-damage|p2a: Dunsparce|88\/100 tox|[from] Stealth Rock\n|-damage|p2a: Dunsparce|63\/100 tox|[from] Spikes\n|turn|18\n|\n|t:|1698756212\n|move|p1a: Sabre|Sacred Sword|p2a: Dunsparce\n|-supereffective|p2a: Dunsparce\n|-damage|p2a: Dunsparce|14\/100 tox\n|move|p2a: Dunsparce|Yawn|p1a: Sabre\n|-start|p1a: Sabre|move: Yawn|[of] p2a: Dunsparce\n|\n|-damage|p2a: Dunsparce|8\/100 tox|[from] psn\n|upkeep\n|turn|19\n|\n|t:|1698756220\n|switch|p1a: General|Kingambit, M|29\/100\n|-activate|p1a: General|ability: Supreme Overlord\n|-start|p1a: General|fallen3|[silent]\n|move|p2a: Dunsparce|Stealth Rock|p1a: General\n|-sidestart|p1: ChallengerGage|move: Stealth Rock\n|\n|-damage|p2a: Dunsparce|0 fnt|[from] psn\n|faint|p2a: Dunsparce\n|upkeep\n|\n|t:|1698756231\n|switch|p2a: Staraptor|Staraptor, M|100\/100\n|-damage|p2a: Staraptor|76\/100|[from] Stealth Rock\n|turn|20\n|\n|t:|1698756237\n|move|p1a: General|Sucker Punch|p2a: Staraptor\n|-crit|p2a: Staraptor\n|-damage|p2a: Staraptor|0 fnt\n|faint|p2a: Staraptor\n|\n|upkeep\n|\n|t:|1698756246\n|switch|p2a: Vanilluxe|Vanilluxe, F, shiny|100\/100\n|-status|p2a: Vanilluxe|tox\n|-damage|p2a: Vanilluxe|76\/100 tox|[from] Stealth Rock\n|-damage|p2a: Vanilluxe|51\/100 tox|[from] Spikes\n|-weather|Snow|[from] ability: Snow Warning|[of] p2a: Vanilluxe\n|turn|21\n|\n|t:|1698756253\n|move|p1a: General|Sucker Punch||[still]\n|-fail|p1a: General\n|move|p2a: Vanilluxe|Aurora Veil|p2a: Vanilluxe\n|-sidestart|p2: hustle99|move: Aurora Veil\n|\n|-weather|Snow|[upkeep]\n|-damage|p2a: Vanilluxe|45\/100 tox|[from] psn\n|upkeep\n|turn|22\n|\n|t:|1698756262\n|-end|p1a: General|fallen3|[silent]\n|switch|p1a: Sabre|Chien-Pao|100\/100\n|-damage|p1a: Sabre|76\/100|[from] Stealth Rock\n|-ability|p1a: Sabre|Sword of Ruin\n|move|p2a: Vanilluxe|Taunt|p1a: Sabre\n|-start|p1a: Sabre|move: Taunt\n|\n|-weather|Snow|[upkeep]\n|-damage|p2a: Vanilluxe|33\/100 tox|[from] psn\n|upkeep\n|turn|23\n|\n|t:|1698756271\n|move|p1a: Sabre|Psychic Fangs|p2a: Vanilluxe\n|-sideend|p2: hustle99|move: Aurora Veil\n|-damage|p2a: Vanilluxe|4\/100 tox\n|move|p2a: Vanilluxe|Explosion|p1a: Sabre\n|-damage|p1a: Sabre|29\/100\n|faint|p2a: Vanilluxe\n|\n|-weather|Snow|[upkeep]\n|upkeep\n|-message|hustle99 forfeited.\n|\n|win|ChallengerGage\n|raw|ChallengerGage's rating: 1084 &rarr; <strong>1110<\/strong><br \/>(+26 for winning)\n|raw|hustle99's rating: 1063 &rarr; <strong>1045<\/strong><br \/>(-18 for losing)\n|l|\u2606hustle99\n","uploadtime":1698756294,"views":6,"p1id":"challengergage","p2id":"hustle99","formatid":"gen9nationaldexubers","rating":1045,"private":0,"password":""}