{"id":"gen9nationaldexubers-1985919080","p1":"Justznic","p2":"1 em trach thu","format":"[Gen 9] National Dex Ubers","log":"|j|\u203dJustznic\n|j|\u26061 em trach thu\n|t:|1699422670\n|gametype|singles\n|player|p1|Justznic|170|1634\n|player|p2|1 em trach thu|102|1601\n|teamsize|p1|6\n|teamsize|p2|6\n|gen|9\n|tier|[Gen 9] National Dex Ubers\n|rated|\n|rule|HP Percentage Mod: HP is shown in percentages\n|rule|Endless Battle Clause: Forcing endless battles is banned\n|rule|OHKO Clause: OHKO moves are banned\n|rule|Evasion Moves Clause: Evasion moves are banned\n|rule|Evasion Items Clause: Evasion items are banned\n|rule|Species Clause: Limit one of each Pok\u00e9mon\n|rule|Sleep Clause Mod: Limit one foe put to sleep\n|rule|Mega Rayquaza Clause: You cannot mega evolve Rayquaza\n|clearpoke\n|poke|p1|Orthworm, M|\n|poke|p1|Kyurem-Black|\n|poke|p1|Ditto|\n|poke|p1|Mew|\n|poke|p1|Klefki, M|\n|poke|p1|Mewtwo|\n|poke|p2|Kyogre|\n|poke|p2|Groudon|\n|poke|p2|Zacian-*|\n|poke|p2|Arceus|\n|poke|p2|Rayquaza|\n|poke|p2|Banette, M|\n|teampreview\n|inactive|Battle timer is ON: inactive players will automatically lose when time's up. (requested by Justznic)\n|\n|t:|1699422679\n|start\n|switch|p1a: Kyurem|Kyurem-Black|100\/100\n|switch|p2a: Arceus|Arceus|100\/100\n|-ability|p1a: Kyurem|Teravolt\n|turn|1\n|\n|t:|1699422687\n|move|p2a: Arceus|Toxic|p1a: Kyurem\n|-status|p1a: Kyurem|tox\n|move|p1a: Kyurem|Dragon Dance|p1a: Kyurem\n|-boost|p1a: Kyurem|atk|1\n|-boost|p1a: Kyurem|spe|1\n|\n|-damage|p1a: Kyurem|94\/100 tox|[from] psn\n|upkeep\n|turn|2\n|\n|t:|1699422696\n|move|p1a: Kyurem|Icicle Spear|p2a: Arceus\n|-damage|p2a: Arceus|85\/100\n|-damage|p2a: Arceus|70\/100\n|-damage|p2a: Arceus|56\/100\n|-damage|p2a: Arceus|40\/100\n|-hitcount|p2a: Arceus|4\n|move|p2a: Arceus|Stealth Rock|p1a: Kyurem\n|-sidestart|p1: Justznic|move: Stealth Rock\n|\n|-heal|p2a: Arceus|46\/100|[from] item: Leftovers\n|-damage|p1a: Kyurem|82\/100 tox|[from] psn\n|upkeep\n|turn|3\n|\n|t:|1699422709\n|move|p2a: Arceus|Extreme Speed|p1a: Kyurem\n|-damage|p1a: Kyurem|56\/100 tox\n|move|p1a: Kyurem|Icicle Spear|p2a: Arceus\n|-damage|p2a: Arceus|30\/100\n|-crit|p2a: Arceus\n|-damage|p2a: Arceus|8\/100\n|-damage|p2a: Arceus|0 fnt\n|faint|p2a: Arceus\n|-hitcount|p2: Arceus|3\n|\n|-damage|p1a: Kyurem|37\/100 tox|[from] psn\n|upkeep\n|inactive|1 em trach thu has 120 seconds left.\n|\n|t:|1699422742\n|switch|p2a: Kyogre|Kyogre|100\/100\n|detailschange|p2a: Kyogre|Kyogre-Primal\n|-primal|p2a: Kyogre|Blue Orb\n|-weather|PrimordialSea|[from] ability: Primordial Sea|[of] p2a: Kyogre\n|turn|4\n|inactive|1 em trach thu has 120 seconds left.\n|\n|t:|1699422761\n|move|p1a: Kyurem|Fusion Bolt|p2a: Kyogre\n|-supereffective|p2a: Kyogre\n|-damage|p2a: Kyogre|0 fnt\n|faint|p2a: Kyogre\n|-weather|none\n|\n|-damage|p1a: Kyurem|13\/100 tox|[from] psn\n|upkeep\n|\n|t:|1699422770\n|switch|p2a: Rayquaza|Rayquaza|100\/100\n|-ability|p2a: Rayquaza|Air Lock\n|turn|5\n|\n|t:|1699422774\n|move|p2a: Rayquaza|Extreme Speed|p1a: Kyurem\n|-damage|p1a: Kyurem|0 fnt\n|faint|p1a: Kyurem\n|\n|upkeep\n|\n|t:|1699422776\n|switch|p1a: Klefki|Klefki, M|100\/100\n|-damage|p1a: Klefki|95\/100|[from] Stealth Rock\n|turn|6\n|\n|t:|1699422784\n|move|p1a: Klefki|Switcheroo|p2a: Rayquaza\n|-activate|p1a: Klefki|move: Trick|[of] p2a: Rayquaza\n|-item|p2a: Rayquaza|Flame Orb|[from] move: Switcheroo\n|-item|p1a: Klefki|Focus Sash|[from] move: Switcheroo\n|move|p2a: Rayquaza|V-create|p1a: Klefki\n|-supereffective|p1a: Klefki\n|-damage|p1a: Klefki|0 fnt\n|-unboost|p2a: Rayquaza|spe|1\n|-unboost|p2a: Rayquaza|def|1\n|-unboost|p2a: Rayquaza|spd|1\n|faint|p1a: Klefki\n|\n|-status|p2a: Rayquaza|brn|[from] item: Flame Orb\n|upkeep\n|\n|t:|1699422802\n|switch|p1a: Orthworm|Orthworm, M|100\/100\n|-damage|p1a: Orthworm|94\/100|[from] Stealth Rock\n|turn|7\n|\n|t:|1699422816\n|move|p2a: Rayquaza|V-create|p1a: Orthworm|[miss]\n|-miss|p2a: Rayquaza|p1a: Orthworm\n|move|p1a: Orthworm|Stealth Rock|p2a: Rayquaza\n|-sidestart|p2: 1 em trach thu|move: Stealth Rock\n|\n|-damage|p2a: Rayquaza|95\/100 brn|[from] brn\n|upkeep\n|turn|8\n|\n|t:|1699422824\n|move|p2a: Rayquaza|V-create|p1a: Orthworm\n|-supereffective|p1a: Orthworm\n|-damage|p1a: Orthworm|60\/100\n|-unboost|p2a: Rayquaza|spe|1\n|-unboost|p2a: Rayquaza|def|1\n|-unboost|p2a: Rayquaza|spd|1\n|move|p1a: Orthworm|Shed Tail|p1a: Orthworm\n|-start|p1a: Orthworm|Substitute|[from] move: Shed Tail\n|-damage|p1a: Orthworm|10\/100\n|-enditem|p1a: Orthworm|Sitrus Berry|[eat]\n|-heal|p1a: Orthworm|35\/100|[from] item: Sitrus Berry\n|\n|t:|1699422827\n|switch|p1a: Mewtwo|Mewtwo|100\/100|[from] Shed Tail\n|-damage|p1a: Mewtwo|88\/100|[from] Stealth Rock\n|-ability|p1a: Mewtwo|Pressure\n|\n|-damage|p2a: Rayquaza|89\/100 brn|[from] brn\n|upkeep\n|turn|9\n|\n|t:|1699422844\n|detailschange|p1a: Mewtwo|Mewtwo-Mega-X\n|-mega|p1a: Mewtwo|Mewtwo|Mewtwonite X\n|move|p1a: Mewtwo|Bulk Up|p1a: Mewtwo\n|-boost|p1a: Mewtwo|atk|1\n|-boost|p1a: Mewtwo|def|1\n|move|p2a: Rayquaza|Draco Meteor|p1a: Mewtwo\n|-end|p1a: Mewtwo|Substitute\n|-unboost|p2a: Rayquaza|spa|2\n|\n|-damage|p2a: Rayquaza|83\/100 brn|[from] brn\n|upkeep\n|turn|10\n|\n|t:|1699422861\n|move|p1a: Mewtwo|Drain Punch|p2a: Rayquaza\n|-resisted|p2a: Rayquaza\n|-damage|p2a: Rayquaza|0 fnt\n|-heal|p1a: Mewtwo|100\/100|[from] drain|[of] p2a: Rayquaza\n|faint|p2a: Rayquaza\n|\n|upkeep\n|\n|t:|1699422868\n|switch|p2a: Banette|Banette, M|100\/100\n|-damage|p2a: Banette|88\/100|[from] Stealth Rock\n|-item|p1a: Mewtwo|Mewtwonite X|[from] ability: Frisk|[of] p2a: Banette|[identify]\n|turn|11\n|\n|t:|1699422874\n|detailschange|p2a: Banette|Banette-Mega, M\n|-mega|p2a: Banette|Banette|Banettite\n|move|p2a: Banette|Encore|p1a: Mewtwo\n|-start|p1a: Mewtwo|Encore\n|move|p1a: Mewtwo|Drain Punch|p2a: Banette\n|-immune|p2a: Banette\n|\n|upkeep\n|turn|12\n|\n|t:|1699422882\n|switch|p1a: Orthworm|Orthworm, M|35\/100\n|-damage|p1a: Orthworm|29\/100|[from] Stealth Rock\n|move|p2a: Banette|Knock Off|p1a: Orthworm\n|-damage|p1a: Orthworm|12\/100\n|\n|upkeep\n|turn|13\n|\n|t:|1699422890\n|move|p2a: Banette|Knock Off|p1a: Orthworm\n|-damage|p1a: Orthworm|0 fnt\n|faint|p1a: Orthworm\n|\n|upkeep\n|\n|t:|1699422899\n|switch|p1a: Mew|Mew|100\/100\n|-damage|p1a: Mew|88\/100|[from] Stealth Rock\n|turn|14\n|\n|t:|1699422903\n|move|p2a: Banette|Taunt|p1a: Mew\n|-start|p1a: Mew|move: Taunt\n|cant|p1a: Mew|move: Taunt|Imprison\n|\n|upkeep\n|turn|15\n|\n|t:|1699422909\n|move|p2a: Banette|Knock Off|p1a: Mew\n|-supereffective|p1a: Mew\n|-damage|p1a: Mew|52\/100\n|move|p1a: Mew|Psychic|p2a: Banette\n|-damage|p2a: Banette|38\/100\n|\n|upkeep\n|turn|16\n|\n|t:|1699422922\n|switch|p2a: Zacian|Zacian-Crowned|100\/100\n|-damage|p2a: Zacian|94\/100|[from] Stealth Rock\n|-ability|p2a: Zacian|Intrepid Sword|boost\n|-boost|p2a: Zacian|atk|1\n|-zpower|p1a: Mew\n|move|p1a: Mew|Z-Transform|p2a: Zacian|[anim]Transform\n|-heal|p1a: Mew|100\/100|[zeffect]\n|-transform|p1a: Mew|p2a: Zacian\n|-ability|p1a: Mew|Intrepid Sword|boost\n|-boost|p1a: Mew|atk|1\n|\n|-end|p1a: Mew|move: Taunt\n|upkeep\n|turn|17\n|\n|t:|1699422937\n|-terastallize|p2a: Zacian|Ground\n|move|p2a: Zacian|Tera Blast|p1a: Mew|[anim] Tera Blast Ground\n|-supereffective|p1a: Mew\n|-damage|p1a: Mew|0 fnt\n|faint|p1a: Mew\n|\n|upkeep\n|\n|t:|1699422943\n|switch|p1a: Ditto|Ditto|100\/100\n|-damage|p1a: Ditto|88\/100|[from] Stealth Rock\n|-transform|p1a: Ditto|p2a: Zacian|[from] ability: Imposter\n|-ability|p1a: Ditto|Intrepid Sword|boost\n|-boost|p1a: Ditto|atk|1\n|-start|p1a: Ditto|typechange|Fairy\/Steel|[silent]\n|turn|18\n|\n|t:|1699422966\n|move|p1a: Ditto|Play Rough|p2a: Zacian\n|-damage|p2a: Zacian|3\/100\n|move|p2a: Zacian|Tera Blast|p1a: Ditto|[anim] Tera Blast Ground\n|-supereffective|p1a: Ditto\n|-damage|p1a: Ditto|0 fnt\n|faint|p1a: Ditto\n|\n|upkeep\n|\n|t:|1699422971\n|switch|p1a: Mewtwo|Mewtwo-Mega-X|100\/100\n|-damage|p1a: Mewtwo|94\/100|[from] Stealth Rock\n|turn|19\n|\n|t:|1699422979\n|move|p2a: Zacian|Play Rough|p1a: Mewtwo\n|-supereffective|p1a: Mewtwo\n|-damage|p1a: Mewtwo|0 fnt\n|faint|p1a: Mewtwo\n|\n|win|1 em trach thu\n|raw|Justznic's rating: 1634 &rarr; <strong>1612<\/strong><br \/>(-22 for losing)\n|raw|1 em trach thu's rating: 1601 &rarr; <strong>1623<\/strong><br \/>(+22 for winning)\n|l|\u203dJustznic\n|l|\u26061 em trach thu\n","uploadtime":1699423225,"views":6,"p1id":"justznic","p2id":"1emtrachthu","formatid":"gen9nationaldexubers","rating":1612,"private":0,"password":""}