{"id":"gen9nationaldexubers-2000534109","p1":"Th3Soci3ty","p2":"ImAGirlNow \u2718","format":"[Gen 9] National Dex Ubers","log":"|j|\u2606Th3Soci3ty\n|j|\u2606ImAGirlNow \u2718\n|t:|1701203009\n|gametype|singles\n|player|p1|Th3Soci3ty|veteranf|1163\n|player|p2|ImAGirlNow \u2718|evelyn|1250\n|teamsize|p1|6\n|teamsize|p2|6\n|gen|9\n|tier|[Gen 9] National Dex Ubers\n|rated|\n|rule|HP Percentage Mod: HP is shown in percentages\n|rule|Endless Battle Clause: Forcing endless battles is banned\n|rule|OHKO Clause: OHKO moves are banned\n|rule|Evasion Moves Clause: Evasion moves are banned\n|rule|Evasion Items Clause: Evasion items are banned\n|rule|Species Clause: Limit one of each Pok\u00e9mon\n|rule|Sleep Clause Mod: Limit one foe put to sleep\n|rule|Mega Rayquaza Clause: You cannot mega evolve Rayquaza\n|clearpoke\n|poke|p1|Glimmora, F|\n|poke|p1|Sneasler, M|\n|poke|p1|Dusclops, F|\n|poke|p1|Garganacl, M|\n|poke|p1|Noivern, M|\n|poke|p1|Mamoswine, M|\n|poke|p2|Glimmora, M|\n|poke|p2|Garganacl, F|\n|poke|p2|Skarmory, M|\n|poke|p2|Houndoom, F|\n|poke|p2|Alakazam, F|\n|poke|p2|Maushold-Four|\n|teampreview\n|inactive|Battle timer is ON: inactive players will automatically lose when time's up. (requested by ImAGirlNow \u2718)\n|\n|t:|1701203027\n|start\n|switch|p1a: Glimmora|Glimmora, F|100\/100\n|switch|p2a: Caltrops|Glimmora, M, shiny|100\/100\n|turn|1\n|\n|t:|1701203031\n|move|p2a: Caltrops|Stealth Rock|p1a: Glimmora\n|-sidestart|p1: Th3Soci3ty|move: Stealth Rock\n|move|p1a: Glimmora|Stealth Rock|p2a: Caltrops\n|-sidestart|p2: ImAGirlNow \u2718|move: Stealth Rock\n|\n|upkeep\n|turn|2\n|\n|t:|1701203035\n|move|p2a: Caltrops|Spikes|p1a: Glimmora\n|-sidestart|p1: Th3Soci3ty|Spikes\n|move|p1a: Glimmora|Mortal Spin|p2a: Caltrops\n|-resisted|p2a: Caltrops\n|-damage|p2a: Caltrops|99\/100\n|-activate|p2a: Caltrops|ability: Toxic Debris\n|-sidestart|p1: Th3Soci3ty|move: Toxic Spikes\n|-sideend|p1: Th3Soci3ty|Spikes|[from] move: Mortal Spin|[of] p1a: Glimmora\n|-sideend|p1: Th3Soci3ty|Toxic Spikes|[from] move: Mortal Spin|[of] p1a: Glimmora\n|-sideend|p1: Th3Soci3ty|Stealth Rock|[from] move: Mortal Spin|[of] p1a: Glimmora\n|\n|upkeep\n|turn|3\n|\n|t:|1701203041\n|move|p2a: Caltrops|Stealth Rock|p1a: Glimmora\n|-sidestart|p1: Th3Soci3ty|move: Stealth Rock\n|move|p1a: Glimmora|Earth Power|p2a: Caltrops\n|-supereffective|p2a: Caltrops\n|-damage|p2a: Caltrops|0 fnt\n|faint|p2a: Caltrops\n|\n|upkeep\n|\n|t:|1701203053\n|switch|p2a: Bird Up|Skarmory, M, shiny|100\/100\n|-damage|p2a: Bird Up|88\/100|[from] Stealth Rock\n|turn|4\n|\n|t:|1701203060\n|switch|p1a: Garganacl|Garganacl, M|100\/100\n|-damage|p1a: Garganacl|88\/100|[from] Stealth Rock\n|move|p2a: Bird Up|Roost|p2a: Bird Up\n|-heal|p2a: Bird Up|100\/100\n|-singleturn|p2a: Bird Up|move: Roost\n|\n|-heal|p1a: Garganacl|94\/100|[from] item: Leftovers\n|upkeep\n|turn|5\n|\n|t:|1701203067\n|move|p2a: Bird Up|Defog|p1a: Garganacl\n|-unboost|p1a: Garganacl|evasion|1\n|-sideend|p1: Th3Soci3ty|Stealth Rock|[from] move: Defog|[of] p2a: Bird Up\n|-sideend|p2: ImAGirlNow \u2718|Stealth Rock|[from] move: Defog|[of] p2a: Bird Up\n|move|p1a: Garganacl|Salt Cure|p2a: Bird Up\n|-damage|p2a: Bird Up|92\/100\n|-start|p2a: Bird Up|Salt Cure\n|-enditem|p2a: Bird Up|Red Card|[of] p1a: Garganacl\n|drag|p1a: Glimmora|Glimmora, F|100\/100\n|\n|-damage|p2a: Bird Up|68\/100|[from] Salt Cure\n|upkeep\n|turn|6\n|\n|t:|1701203075\n|move|p1a: Glimmora|Stealth Rock|p2a: Bird Up\n|-sidestart|p2: ImAGirlNow \u2718|move: Stealth Rock\n|move|p2a: Bird Up|Stealth Rock|p1a: Glimmora\n|-sidestart|p1: Th3Soci3ty|move: Stealth Rock\n|\n|-damage|p2a: Bird Up|43\/100|[from] Salt Cure\n|upkeep\n|turn|7\n|inactive|ImAGirlNow \u2718 has 120 seconds left.\n|\n|t:|1701203114\n|switch|p1a: Garganacl|Garganacl, M|94\/100\n|-damage|p1a: Garganacl|82\/100|[from] Stealth Rock\n|move|p2a: Bird Up|Roost|p2a: Bird Up\n|-heal|p2a: Bird Up|93\/100\n|-singleturn|p2a: Bird Up|move: Roost\n|\n|-heal|p1a: Garganacl|88\/100|[from] item: Leftovers\n|-damage|p2a: Bird Up|68\/100|[from] Salt Cure\n|upkeep\n|turn|8\n|\n|t:|1701203120\n|move|p2a: Bird Up|Iron Head|p1a: Garganacl\n|-supereffective|p1a: Garganacl\n|-damage|p1a: Garganacl|64\/100\n|move|p1a: Garganacl|Body Press|p2a: Bird Up\n|-damage|p2a: Bird Up|51\/100\n|\n|-heal|p1a: Garganacl|71\/100|[from] item: Leftovers\n|-damage|p2a: Bird Up|26\/100|[from] Salt Cure\n|upkeep\n|turn|9\n|inactive|ImAGirlNow \u2718 has 120 seconds left.\n|\n|t:|1701203143\n|switch|p2a: Spoon Master|Alakazam, F, shiny|100\/100\n|move|p1a: Garganacl|Earthquake|p2a: Spoon Master\n|-damage|p2a: Spoon Master|38\/100\n|\n|-heal|p1a: Garganacl|77\/100|[from] item: Leftovers\n|upkeep\n|turn|10\n|inactive|ImAGirlNow \u2718 has 120 seconds left.\n|\n|t:|1701203149\n|move|p2a: Spoon Master|Focus Blast|p1a: Garganacl\n|-supereffective|p1a: Garganacl\n|-damage|p1a: Garganacl|0 fnt\n|faint|p1a: Garganacl\n|\n|upkeep\n|\n|t:|1701203153\n|switch|p1a: Sneasler|Sneasler, M|100\/100\n|-damage|p1a: Sneasler|95\/100|[from] Stealth Rock\n|turn|11\n|\n|t:|1701203159\n|move|p1a: Sneasler|Fake Out|p2a: Spoon Master\n|-damage|p2a: Spoon Master|2\/100\n|-status|p2a: Spoon Master|psn|[from] ability: Poison Touch|[of] p1a: Sneasler\n|cant|p2a: Spoon Master|flinch\n|\n|upkeep\n|turn|12\n|\n|t:|1701203165\n|switch|p1a: Dusclops|Dusclops, F|100\/100\n|-damage|p1a: Dusclops|88\/100|[from] Stealth Rock\n|-ability|p1a: Dusclops|Pressure\n|move|p2a: Spoon Master|Psychic|p1a: Dusclops\n|-damage|p1a: Dusclops|47\/100\n|\n|upkeep\n|turn|13\n|\n|t:|1701203170\n|move|p1a: Dusclops|Shadow Sneak|p2a: Spoon Master\n|-supereffective|p2a: Spoon Master\n|-damage|p2a: Spoon Master|0 fnt\n|faint|p2a: Spoon Master\n|\n|upkeep\n|-message|ImAGirlNow \u2718 forfeited.\n|\n|win|Th3Soci3ty\n|raw|Th3Soci3ty's rating: 1163 &rarr; <strong>1194<\/strong><br \/>(+31 for winning)\n|raw|ImAGirlNow \u2718's rating: 1250 &rarr; <strong>1219<\/strong><br \/>(-31 for losing)\n|l|\u2606ImAGirlNow \u2718\n","uploadtime":1701203178,"views":0,"p1id":"th3soci3ty","p2id":"imagirlnow","formatid":"gen9nationaldexubers","rating":1194,"private":0,"password":""}