{"id":"gen9nationaldexubers-1983275812","p1":"heavylever","p2":"85792195wwww","format":"[Gen 9] National Dex Ubers","log":"|j|\u2606heavylever\n|j|\u260685792195wwww\n|t:|1699113190\n|gametype|singles\n|player|p1|heavylever|ash-unova|1701\n|player|p2|85792195wwww|102|1889\n|teamsize|p1|6\n|teamsize|p2|6\n|gen|9\n|tier|[Gen 9] National Dex Ubers\n|rated|\n|rule|HP Percentage Mod: HP is shown in percentages\n|rule|Endless Battle Clause: Forcing endless battles is banned\n|rule|OHKO Clause: OHKO moves are banned\n|rule|Evasion Moves Clause: Evasion moves are banned\n|rule|Evasion Items Clause: Evasion items are banned\n|rule|Species Clause: Limit one of each Pok\u00e9mon\n|rule|Sleep Clause Mod: Limit one foe put to sleep\n|rule|Mega Rayquaza Clause: You cannot mega evolve Rayquaza\n|clearpoke\n|poke|p1|Groudon|\n|poke|p1|Giratina-Origin|\n|poke|p1|Zekrom|\n|poke|p1|Kyogre|\n|poke|p1|Dondozo, M|\n|poke|p1|Blissey, F|\n|poke|p2|Arceus|\n|poke|p2|Xerneas-*|\n|poke|p2|Groudon|\n|poke|p2|Zacian-*|\n|poke|p2|Samurott-Hisui, M|\n|poke|p2|Rayquaza|\n|teampreview\n|\n|t:|1699113210\n|start\n|switch|p1a: Kyogre|Kyogre|100\/100\n|switch|p2a: Groudon|Groudon|100\/100\n|detailschange|p2a: Groudon|Groudon-Primal\n|-primal|p2a: Groudon|Red Orb\n|-weather|DesolateLand|[from] ability: Desolate Land|[of] p2a: Groudon\n|detailschange|p1a: Kyogre|Kyogre-Primal\n|-primal|p1a: Kyogre|Blue Orb\n|-weather|PrimordialSea|[from] ability: Primordial Sea|[of] p1a: Kyogre\n|turn|1\n|\n|t:|1699113227\n|switch|p2a: Zacian|Zacian-Crowned|100\/100\n|-ability|p2a: Zacian|Intrepid Sword|boost\n|-boost|p2a: Zacian|atk|1\n|move|p1a: Kyogre|Origin Pulse|p2a: Zacian\n|-damage|p2a: Zacian|0 fnt\n|faint|p2a: Zacian\n|\n|-weather|PrimordialSea|[upkeep]\n|upkeep\n|inactive|Battle timer is ON: inactive players will automatically lose when time's up. (requested by heavylever)\n|\n|t:|1699113239\n|switch|p2a: Groudon|Groudon-Primal|100\/100\n|-weather|DesolateLand|[from] ability: Desolate Land|[of] p2a: Groudon\n|turn|2\n|\n|t:|1699113244\n|-weather|none\n|switch|p2a: Samurott|Samurott-Hisui, M|100\/100\n|switch|p1a: Giratina|Giratina-Origin, shiny|100\/100\n|\n|upkeep\n|turn|3\n|\n|t:|1699113252\n|move|p2a: Samurott|Ceaseless Edge|p1a: Giratina\n|-supereffective|p1a: Giratina\n|-damage|p1a: Giratina|36\/100\n|-sidestart|p1: heavylever|Spikes\n|move|p1a: Giratina|Thunder Wave|p2a: Samurott\n|-status|p2a: Samurott|par\n|\n|upkeep\n|turn|4\n|\n|t:|1699113261\n|switch|p1a: Dondizzy|Dondozo, M, shiny|100\/100\n|-damage|p1a: Dondizzy|88\/100|[from] Spikes\n|move|p2a: Samurott|Ceaseless Edge|p1a: Dondizzy\n|-damage|p1a: Dondizzy|68\/100\n|-sidestart|p1: heavylever|Spikes\n|\n|-heal|p1a: Dondizzy|74\/100|[from] item: Leftovers\n|upkeep\n|turn|5\n|\n|t:|1699113273\n|cant|p2a: Samurott|par\n|move|p1a: Dondizzy|Body Press|p2a: Samurott\n|-supereffective|p2a: Samurott\n|-damage|p2a: Samurott|33\/100 par\n|\n|-heal|p1a: Dondizzy|80\/100|[from] item: Leftovers\n|upkeep\n|turn|6\n|\n|t:|1699113283\n|move|p2a: Samurott|Ceaseless Edge|p1a: Dondizzy\n|-damage|p1a: Dondizzy|57\/100\n|-sidestart|p1: heavylever|Spikes\n|move|p1a: Dondizzy|Body Press|p2a: Samurott\n|-supereffective|p2a: Samurott\n|-damage|p2a: Samurott|0 fnt\n|faint|p2a: Samurott\n|\n|-heal|p1a: Dondizzy|63\/100|[from] item: Leftovers\n|upkeep\n|\n|t:|1699113295\n|switch|p2a: Rayquaza|Rayquaza|100\/100\n|-ability|p2a: Rayquaza|Air Lock\n|turn|7\n|\n|t:|1699113304\n|-terastallize|p2a: Rayquaza|Flying\n|move|p2a: Rayquaza|Dragon Ascent|p1a: Dondizzy\n|-damage|p1a: Dondizzy|0 fnt\n|-unboost|p2a: Rayquaza|def|1\n|-unboost|p2a: Rayquaza|spd|1\n|faint|p1a: Dondizzy\n|\n|upkeep\n|\n|t:|1699113317\n|switch|p1a: Groudon|Groudon|100\/100\n|-damage|p1a: Groudon|75\/100|[from] Spikes\n|detailschange|p1a: Groudon|Groudon-Primal\n|-primal|p1a: Groudon|Red Orb\n|-weather|DesolateLand|[from] ability: Desolate Land|[of] p1a: Groudon\n|turn|8\n|\n|t:|1699113329\n|switch|p2a: Groudon|Groudon-Primal|100\/100\n|move|p1a: Groudon|Stone Edge|p2a: Groudon|[miss]\n|-miss|p1a: Groudon|p2a: Groudon\n|\n|-weather|DesolateLand|[upkeep]\n|upkeep\n|turn|9\n|\n|t:|1699113340\n|switch|p2a: Rayquaza|Rayquaza, tera:Flying|100\/100\n|-ability|p2a: Rayquaza|Air Lock\n|-weather|none\n|switch|p1a: Giratina|Giratina-Origin, shiny|36\/100\n|\n|upkeep\n|turn|10\n|\n|t:|1699113349\n|move|p2a: Rayquaza|Dragon Ascent|p1a: Giratina\n|-damage|p1a: Giratina|0 fnt\n|-unboost|p2a: Rayquaza|def|1\n|-unboost|p2a: Rayquaza|spd|1\n|faint|p1a: Giratina\n|\n|upkeep\n|\n|t:|1699113359\n|switch|p1a: Groudon|Groudon-Primal|75\/100\n|-damage|p1a: Groudon|50\/100|[from] Spikes\n|-weather|DesolateLand|[from] ability: Desolate Land|[of] p1a: Groudon\n|turn|11\n|\n|t:|1699113365\n|move|p2a: Rayquaza|Dragon Ascent|p1a: Groudon\n|-damage|p1a: Groudon|0 fnt\n|-unboost|p2a: Rayquaza|def|1\n|-unboost|p2a: Rayquaza|spd|1\n|faint|p1a: Groudon\n|-weather|none\n|\n|upkeep\n|\n|t:|1699113372\n|switch|p1a: Zekrom|Zekrom|100\/100\n|-damage|p1a: Zekrom|76\/100|[from] Spikes\n|-ability|p1a: Zekrom|Teravolt\n|turn|12\n|\n|t:|1699113378\n|move|p1a: Zekrom|Dragon Dance|p1a: Zekrom\n|-boost|p1a: Zekrom|atk|1\n|-boost|p1a: Zekrom|spe|1\n|move|p2a: Rayquaza|Dragon Ascent|p1a: Zekrom\n|-resisted|p1a: Zekrom\n|-damage|p1a: Zekrom|7\/100\n|-unboost|p2a: Rayquaza|def|1\n|-unboost|p2a: Rayquaza|spd|1\n|\n|upkeep\n|turn|13\n|\n|t:|1699113388\n|move|p1a: Zekrom|Bolt Strike|p2a: Rayquaza|[miss]\n|-miss|p1a: Zekrom|p2a: Rayquaza\n|move|p2a: Rayquaza|Dragon Ascent|p1a: Zekrom\n|-resisted|p1a: Zekrom\n|-damage|p1a: Zekrom|0 fnt\n|-unboost|p2a: Rayquaza|def|1\n|-unboost|p2a: Rayquaza|spd|1\n|faint|p1a: Zekrom\n|\n|upkeep\n|-message|heavylever forfeited.\n|\n|win|85792195wwww\n|raw|heavylever's rating: 1701 &rarr; <strong>1691<\/strong><br \/>(-10 for losing)\n|raw|85792195wwww's rating: 1889 &rarr; <strong>1899<\/strong><br \/>(+10 for winning)\n|l|\u2606heavylever\n","uploadtime":1699113402,"views":7,"p1id":"heavylever","p2id":"85792195wwww","formatid":"gen9nationaldexubers","rating":1691,"private":0,"password":""}