{"id":"gen9nationaldexubers-1994248248","p1":"TalisWaffle","p2":"Preparegetstatus","format":"[Gen 9] National Dex Ubers","log":"|j|\u2606TalisWaffle\n|j|\u2606Preparegetstatus\n|t:|1700423241\n|gametype|singles\n|player|p1|TalisWaffle|ingo|1134\n|player|p2|Preparegetstatus|hiker-gen4|1042\n|teamsize|p1|6\n|teamsize|p2|6\n|gen|9\n|tier|[Gen 9] National Dex Ubers\n|rated|\n|rule|HP Percentage Mod: HP is shown in percentages\n|rule|Endless Battle Clause: Forcing endless battles is banned\n|rule|OHKO Clause: OHKO moves are banned\n|rule|Evasion Moves Clause: Evasion moves are banned\n|rule|Evasion Items Clause: Evasion items are banned\n|rule|Species Clause: Limit one of each Pok\u00e9mon\n|rule|Sleep Clause Mod: Limit one foe put to sleep\n|rule|Mega Rayquaza Clause: You cannot mega evolve Rayquaza\n|clearpoke\n|poke|p1|Tapu Koko|\n|poke|p1|Iron Hands|\n|poke|p1|Magnezone|\n|poke|p1|Raichu-Alola, M|\n|poke|p1|Pikachu, F|\n|poke|p1|Zapdos|\n|poke|p2|Shuckle, M|\n|poke|p2|Charizard, F|\n|poke|p2|Kyurem-White|\n|poke|p2|Snorlax, M|\n|poke|p2|Cetitan, M|\n|poke|p2|Pheromosa|\n|teampreview\n|inactive|Battle timer is ON: inactive players will automatically lose when time's up. (requested by TalisWaffle)\n|\n|t:|1700423249\n|start\n|switch|p1a: Tapu Koko|Tapu Koko, shiny|100\/100\n|switch|p2a: Shuckle|Shuckle, M, shiny|100\/100\n|-fieldstart|move: Electric Terrain|[from] ability: Electric Surge|[of] p1a: Tapu Koko\n|turn|1\n|\n|t:|1700423253\n|move|p1a: Tapu Koko|U-turn|p2a: Shuckle\n|-damage|p2a: Shuckle|79\/100\n|-damage|p1a: Tapu Koko|84\/100|[from] item: Rocky Helmet|[of] p2a: Shuckle\n|\n|t:|1700423255\n|switch|p1a: Raichu|Raichu-Alola, M|100\/100|[from] U-turn\n|move|p2a: Shuckle|Sticky Web|p1a: Raichu\n|-sidestart|p1: TalisWaffle|move: Sticky Web\n|\n|upkeep\n|turn|2\n|\n|t:|1700423262\n|-zpower|p1a: Raichu\n|move|p1a: Raichu|Z-Celebrate|p1a: Raichu|[anim]Celebrate\n|-boost|p1a: Raichu|atk|1|[zeffect]\n|-boost|p1a: Raichu|def|1|[zeffect]\n|-boost|p1a: Raichu|spa|1|[zeffect]\n|-boost|p1a: Raichu|spd|1|[zeffect]\n|-boost|p1a: Raichu|spe|1|[zeffect]\n|-activate|p1a: Raichu|move: Celebrate\n|move|p2a: Shuckle|Stealth Rock|p1a: Raichu\n|-sidestart|p1: TalisWaffle|move: Stealth Rock\n|\n|upkeep\n|turn|3\n|\n|t:|1700423272\n|move|p1a: Raichu|Nasty Plot|p1a: Raichu\n|-boost|p1a: Raichu|spa|2\n|move|p2a: Shuckle|Infestation|p1a: Raichu\n|-supereffective|p1a: Raichu\n|-damage|p1a: Raichu|96\/100\n|-activate|p1a: Raichu|move: Infestation|[of] p2a: Shuckle\n|\n|-damage|p1a: Raichu|84\/100|[from] move: Infestation|[partiallytrapped]\n|upkeep\n|turn|4\n|\n|t:|1700423278\n|move|p1a: Raichu|Rising Voltage|p2a: Shuckle\n|-hint|Rising Voltage's BP doubled on grounded target.\n|-damage|p2a: Shuckle|0 fnt\n|faint|p2a: Shuckle\n|\n|-end|p1a: Raichu|Infestation|[partiallytrapped]|[silent]\n|upkeep\n|\n|t:|1700423298\n|switch|p2a: Pheromosa|Pheromosa, shiny|100\/100\n|turn|5\n|\n|t:|1700423305\n|move|p1a: Raichu|Stored Power|p2a: Pheromosa\n|-supereffective|p2a: Pheromosa\n|-damage|p2a: Pheromosa|0 fnt\n|faint|p2a: Pheromosa\n|\n|upkeep\n|\n|t:|1700423309\n|switch|p2a: Kyurem|Kyurem-White, shiny|100\/100\n|-ability|p2a: Kyurem|Turboblaze\n|turn|6\n|\n|t:|1700423312\n|-terastallize|p2a: Kyurem|Fire\n|move|p1a: Raichu|Rising Voltage|p2a: Kyurem\n|-hint|Rising Voltage's BP doubled on grounded target.\n|-damage|p2a: Kyurem|0 fnt\n|faint|p2a: Kyurem\n|\n|upkeep\n|\n|t:|1700423317\n|switch|p2a: Charizard|Charizard, F, shiny|100\/100\n|turn|7\n|\n|t:|1700423323\n|detailschange|p2a: Charizard|Charizard-Mega-Y, F, shiny\n|-mega|p2a: Charizard|Charizard|Charizardite Y\n|-weather|SunnyDay|[from] ability: Drought|[of] p2a: Charizard\n|move|p1a: Raichu|Stored Power|p2a: Charizard\n|-damage|p2a: Charizard|0 fnt\n|faint|p2a: Charizard\n|\n|-weather|SunnyDay|[upkeep]\n|upkeep\n|\n|t:|1700423327\n|switch|p2a: Cetitan|Cetitan, M, shiny|100\/100\n|turn|8\n|\n|t:|1700423331\n|move|p1a: Raichu|Rising Voltage|p2a: Cetitan\n|-hint|Rising Voltage's BP doubled on grounded target.\n|-crit|p2a: Cetitan\n|-damage|p2a: Cetitan|0 fnt\n|faint|p2a: Cetitan\n|\n|-weather|SunnyDay|[upkeep]\n|-fieldend|move: Electric Terrain\n|upkeep\n|\n|t:|1700423334\n|switch|p2a: Snorlax|Snorlax, M, shiny|100\/100\n|turn|9\n|\n|t:|1700423336\n|move|p1a: Raichu|Rising Voltage|p2a: Snorlax\n|-damage|p2a: Snorlax|48\/100\n|-enditem|p2a: Snorlax|Sitrus Berry|[eat]\n|-heal|p2a: Snorlax|73\/100|[from] item: Sitrus Berry\n|move|p2a: Snorlax|Earthquake|p1a: Raichu\n|-supereffective|p1a: Raichu\n|-damage|p1a: Raichu|29\/100\n|\n|-weather|SunnyDay|[upkeep]\n|upkeep\n|turn|10\n|\n|t:|1700423345\n|move|p1a: Raichu|Stored Power|p2a: Snorlax\n|-damage|p2a: Snorlax|0 fnt\n|faint|p2a: Snorlax\n|\n|win|TalisWaffle\n|raw|TalisWaffle's rating: 1134 &rarr; <strong>1153<\/strong><br \/>(+19 for winning)\n|raw|Preparegetstatus's rating: 1042 &rarr; <strong>1030<\/strong><br \/>(-12 for losing)\n|l|\u2606Preparegetstatus\n","uploadtime":1700423356,"views":14,"p1id":"taliswaffle","p2id":"preparegetstatus","formatid":"gen9nationaldexubers","rating":1030,"private":0,"password":""}