{"id":"gen9nationaldexubers-1999138312","p1":"ofelezpe","p2":"DigitalJayden","format":"[Gen 9] National Dex Ubers","log":"|j|\u2606ofelezpe\n|j|\u2606DigitalJayden\n|t:|1701037312\n|gametype|singles\n|player|p1|ofelezpe|rosa|1170\n|player|p2|DigitalJayden|red-masters|1126\n|teamsize|p1|6\n|teamsize|p2|6\n|gen|9\n|tier|[Gen 9] National Dex Ubers\n|rated|\n|rule|HP Percentage Mod: HP is shown in percentages\n|rule|Endless Battle Clause: Forcing endless battles is banned\n|rule|OHKO Clause: OHKO moves are banned\n|rule|Evasion Moves Clause: Evasion moves are banned\n|rule|Evasion Items Clause: Evasion items are banned\n|rule|Species Clause: Limit one of each Pok\u00e9mon\n|rule|Sleep Clause Mod: Limit one foe put to sleep\n|rule|Mega Rayquaza Clause: You cannot mega evolve Rayquaza\n|clearpoke\n|poke|p1|Clefable, F|\n|poke|p1|Orbeetle, F|\n|poke|p1|Empoleon, M|\n|poke|p1|Aerodactyl, F|\n|poke|p1|Krookodile, M|\n|poke|p1|Toxicroak, M|\n|poke|p2|Amoonguss, M|\n|poke|p2|Annihilape, F|\n|poke|p2|Gardevoir, M|\n|poke|p2|Tyranitar, M|\n|poke|p2|Dracozolt|\n|poke|p2|Charizard, M|\n|teampreview\n|\n|t:|1701037322\n|start\n|switch|p1a: Orbeetle|Orbeetle, F|100\/100\n|switch|p2a: Tyranitar|Tyranitar, M|100\/100\n|-item|p2a: Tyranitar|Assault Vest|[from] ability: Frisk|[of] p1a: Orbeetle|[identify]\n|-weather|Sandstorm|[from] ability: Sand Stream|[of] p2a: Tyranitar\n|turn|1\n|c|\u2606DigitalJayden|nice team\n|\n|t:|1701037334\n|switch|p2a: Dracozolt|Dracozolt|100\/100\n|move|p1a: Orbeetle|Trick|p2a: Dracozolt\n|-activate|p1a: Orbeetle|move: Trick|[of] p2a: Dracozolt\n|-item|p2a: Dracozolt|Choice Specs|[from] move: Trick\n|-item|p1a: Orbeetle|Choice Scarf|[from] move: Trick\n|\n|-weather|Sandstorm|[upkeep]\n|-damage|p1a: Orbeetle|94\/100|[from] Sandstorm\n|upkeep\n|turn|2\n|c|\u2606DigitalJayden|wow\n|\n|t:|1701037345\n|move|p2a: Dracozolt|Bolt Beak|p1a: Orbeetle\n|-damage|p1a: Orbeetle|18\/100\n|move|p1a: Orbeetle|Sticky Web|p2a: Dracozolt\n|-sidestart|p2: DigitalJayden|move: Sticky Web\n|\n|-weather|Sandstorm|[upkeep]\n|-damage|p1a: Orbeetle|12\/100|[from] Sandstorm\n|upkeep\n|turn|3\n|\n|t:|1701037363\n|switch|p1a: Krookodile|Krookodile, M|100\/100\n|-ability|p1a: Krookodile|Intimidate|boost\n|-unboost|p2a: Dracozolt|atk|1\n|move|p2a: Dracozolt|Bolt Beak|p1a: Krookodile\n|-immune|p1a: Krookodile\n|\n|-weather|Sandstorm|[upkeep]\n|upkeep\n|turn|4\n|c|\u2606DigitalJayden|nerd\n|\n|t:|1701037396\n|switch|p2a: Annihilape|Annihilape, F|100\/100\n|-activate|p2a: Annihilape|move: Sticky Web\n|-unboost|p2a: Annihilape|spe|1\n|move|p1a: Krookodile|Stealth Rock|p2a: Annihilape\n|-sidestart|p2: DigitalJayden|move: Stealth Rock\n|\n|-weather|Sandstorm|[upkeep]\n|-damage|p2a: Annihilape|94\/100|[from] Sandstorm\n|upkeep\n|turn|5\n|\n|t:|1701037406\n|move|p1a: Krookodile|Torment|p2a: Annihilape\n|-start|p2a: Annihilape|Torment\n|move|p2a: Annihilape|Close Combat|p1a: Krookodile\n|-supereffective|p1a: Krookodile\n|-damage|p1a: Krookodile|0 fnt\n|-unboost|p2a: Annihilape|def|1\n|-unboost|p2a: Annihilape|spd|1\n|-damage|p2a: Annihilape|78\/100|[from] item: Rocky Helmet|[of] p1a: Krookodile\n|faint|p1a: Krookodile\n|-damage|p2a: Annihilape|68\/100|[from] item: Life Orb\n|\n|-weather|none\n|upkeep\n|c|\u2606DigitalJayden|silly guy\n|\n|t:|1701037419\n|switch|p1a: Aerodactyl|Aerodactyl, F, shiny|100\/100\n|-ability|p1a: Aerodactyl|Unnerve\n|turn|6\n|\n|t:|1701037426\n|detailschange|p1a: Aerodactyl|Aerodactyl-Mega, F, shiny\n|-mega|p1a: Aerodactyl|Aerodactyl|Aerodactylite\n|-terastallize|p2a: Annihilape|Fighting\n|move|p1a: Aerodactyl|Dragon Dance|p1a: Aerodactyl\n|-boost|p1a: Aerodactyl|atk|1\n|-boost|p1a: Aerodactyl|spe|1\n|move|p2a: Annihilape|Drain Punch|p1a: Aerodactyl\n|-damage|p1a: Aerodactyl|15\/100\n|-heal|p2a: Annihilape|100\/100|[from] drain|[of] p1a: Aerodactyl\n|-damage|p2a: Annihilape|91\/100|[from] item: Life Orb\n|\n|upkeep\n|turn|7\n|\n|t:|1701037438\n|move|p1a: Aerodactyl|Dual Wingbeat|p2a: Annihilape\n|-supereffective|p2a: Annihilape\n|-damage|p2a: Annihilape|0 fnt\n|faint|p2a: Annihilape\n|-hitcount|p2: Annihilape|1\n|\n|upkeep\n|\n|t:|1701037443\n|switch|p2a: Dracozolt|Dracozolt|100\/100\n|-activate|p2a: Dracozolt|move: Sticky Web\n|-unboost|p2a: Dracozolt|spe|1\n|-damage|p2a: Dracozolt|88\/100|[from] Stealth Rock\n|turn|8\n|\n|t:|1701037450\n|move|p1a: Aerodactyl|Stone Edge|p2a: Dracozolt\n|-damage|p2a: Dracozolt|0 fnt\n|faint|p2a: Dracozolt\n|\n|upkeep\n|\n|t:|1701037458\n|switch|p2a: Amoonguss|Amoonguss, M|100\/100\n|-activate|p2a: Amoonguss|move: Sticky Web\n|-unboost|p2a: Amoonguss|spe|1\n|-damage|p2a: Amoonguss|88\/100|[from] Stealth Rock\n|turn|9\n|\n|t:|1701037463\n|move|p1a: Aerodactyl|Dual Wingbeat|p2a: Amoonguss\n|-supereffective|p2a: Amoonguss\n|-damage|p2a: Amoonguss|0 fnt\n|faint|p2a: Amoonguss\n|-hitcount|p2: Amoonguss|1\n|\n|upkeep\n|\n|t:|1701037468\n|switch|p2a: Charizard|Charizard, M|100\/100\n|-damage|p2a: Charizard|51\/100|[from] Stealth Rock\n|turn|10\n|\n|t:|1701037472\n|detailschange|p2a: Charizard|Charizard-Mega-Y, M\n|-mega|p2a: Charizard|Charizard|Charizardite Y\n|-weather|SunnyDay|[from] ability: Drought|[of] p2a: Charizard\n|move|p1a: Aerodactyl|Stone Edge|p2a: Charizard\n|-supereffective|p2a: Charizard\n|-damage|p2a: Charizard|0 fnt\n|faint|p2a: Charizard\n|\n|-weather|SunnyDay|[upkeep]\n|upkeep\n|\n|t:|1701037484\n|switch|p2a: Gardevoir|Gardevoir, M|100\/100\n|-activate|p2a: Gardevoir|move: Sticky Web\n|-unboost|p2a: Gardevoir|spe|1\n|-damage|p2a: Gardevoir|88\/100|[from] Stealth Rock\n|-ability|p2a: Gardevoir|Tough Claws|[from] ability: Trace|[of] p1a: Aerodactyl\n|turn|11\n|c|\u2606DigitalJayden|such a fwag\n|\n|t:|1701037493\n|move|p1a: Aerodactyl|Stone Edge|p2a: Gardevoir\n|-damage|p2a: Gardevoir|0 fnt\n|faint|p2a: Gardevoir\n|\n|-weather|SunnyDay|[upkeep]\n|upkeep\n|-message|DigitalJayden forfeited.\n|\n|win|ofelezpe\n|raw|ofelezpe's rating: 1185 &rarr; <strong>1206<\/strong><br \/>(+21 for winning)\n|raw|DigitalJayden's rating: 1126 &rarr; <strong>1105<\/strong><br \/>(-21 for losing)\n|l|\u2606DigitalJayden\n","uploadtime":1701037706,"views":12,"p1id":"ofelezpe","p2id":"digitaljayden","formatid":"gen9nationaldexubers","rating":1105,"private":0,"password":""}