{"id":"gen9nationaldexubers-1986169401","p1":"FLOWER-M0DE\u267b\ufe0f","p2":"GamerguyT.J.","format":"[Gen 9] National Dex Ubers","log":"|j|\u2606FLOWER-M0DE\u267b\ufe0f\n|j|\u2606GamerguyT.J.\n|t:|1699456643\n|gametype|singles\n|player|p1|FLOWER-M0DE\u267b\ufe0f|erika-masters|1024\n|player|p2|GamerguyT.J.|102|1079\n|teamsize|p1|6\n|teamsize|p2|6\n|gen|9\n|tier|[Gen 9] National Dex Ubers\n|rated|\n|rule|HP Percentage Mod: HP is shown in percentages\n|rule|Endless Battle Clause: Forcing endless battles is banned\n|rule|OHKO Clause: OHKO moves are banned\n|rule|Evasion Moves Clause: Evasion moves are banned\n|rule|Evasion Items Clause: Evasion items are banned\n|rule|Species Clause: Limit one of each Pok\u00e9mon\n|rule|Sleep Clause Mod: Limit one foe put to sleep\n|rule|Mega Rayquaza Clause: You cannot mega evolve Rayquaza\n|clearpoke\n|poke|p1|Virizion|\n|poke|p1|Appletun, M|\n|poke|p1|Arboliva, F|\n|poke|p1|Kartana|\n|poke|p1|Scovillain, M|\n|poke|p1|Ogerpon, F|\n|poke|p2|Charizard, M|\n|poke|p2|Poliwrath, F|\n|poke|p2|Tangrowth, M|\n|poke|p2|Scizor, F|\n|poke|p2|Nidoking, M|\n|poke|p2|Electivire, F|\n|teampreview\n|\n|t:|1699456666\n|start\n|switch|p1a: \ud83c\udf4f\ud83c\udf4fAPPLETUN\ud83c\udf4f\ud83c\udf4f|Appletun, M, shiny|100\/100\n|switch|p2a: Electivire|Electivire, F|100\/100\n|turn|1\n|\n|t:|1699456679\n|move|p2a: Electivire|Ice Punch|p1a: \ud83c\udf4f\ud83c\udf4fAPPLETUN\ud83c\udf4f\ud83c\udf4f\n|-supereffective|p1a: \ud83c\udf4f\ud83c\udf4fAPPLETUN\ud83c\udf4f\ud83c\udf4f\n|-damage|p1a: \ud83c\udf4f\ud83c\udf4fAPPLETUN\ud83c\udf4f\ud83c\udf4f|38\/100\n|move|p1a: \ud83c\udf4f\ud83c\udf4fAPPLETUN\ud83c\udf4f\ud83c\udf4f|Leech Seed|p2a: Electivire\n|-start|p2a: Electivire|move: Leech Seed\n|\n|-damage|p2a: Electivire|88\/100|[from] Leech Seed|[of] p1a: \ud83c\udf4f\ud83c\udf4fAPPLETUN\ud83c\udf4f\ud83c\udf4f\n|-heal|p1a: \ud83c\udf4f\ud83c\udf4fAPPLETUN\ud83c\udf4f\ud83c\udf4f|54\/100|[silent]\n|upkeep\n|turn|2\n|\n|t:|1699456691\n|switch|p1a: \ud83c\udf33\ud83d\udc90VIRIZON\ud83c\udf39\ud83c\udf3a|Virizion|100\/100\n|move|p2a: Electivire|Ice Punch|p1a: \ud83c\udf33\ud83d\udc90VIRIZON\ud83c\udf39\ud83c\udf3a\n|-supereffective|p1a: \ud83c\udf33\ud83d\udc90VIRIZON\ud83c\udf39\ud83c\udf3a\n|-damage|p1a: \ud83c\udf33\ud83d\udc90VIRIZON\ud83c\udf39\ud83c\udf3a|17\/100\n|\n|-heal|p2a: Electivire|94\/100|[from] item: Leftovers\n|-damage|p2a: Electivire|82\/100|[from] Leech Seed|[of] p1a: \ud83c\udf33\ud83d\udc90VIRIZON\ud83c\udf39\ud83c\udf3a\n|-heal|p1a: \ud83c\udf33\ud83d\udc90VIRIZON\ud83c\udf39\ud83c\udf3a|31\/100|[silent]\n|upkeep\n|turn|3\n|\n|t:|1699456702\n|move|p1a: \ud83c\udf33\ud83d\udc90VIRIZON\ud83c\udf39\ud83c\udf3a|Sunny Day|p1a: \ud83c\udf33\ud83d\udc90VIRIZON\ud83c\udf39\ud83c\udf3a\n|-weather|SunnyDay\n|move|p2a: Electivire|Ice Punch|p1a: \ud83c\udf33\ud83d\udc90VIRIZON\ud83c\udf39\ud83c\udf3a\n|-supereffective|p1a: \ud83c\udf33\ud83d\udc90VIRIZON\ud83c\udf39\ud83c\udf3a\n|-damage|p1a: \ud83c\udf33\ud83d\udc90VIRIZON\ud83c\udf39\ud83c\udf3a|0 fnt\n|faint|p1a: \ud83c\udf33\ud83d\udc90VIRIZON\ud83c\udf39\ud83c\udf3a\n|\n|-weather|SunnyDay|[upkeep]\n|-heal|p2a: Electivire|88\/100|[from] item: Leftovers\n|upkeep\n|\n|t:|1699456715\n|switch|p1a: \ud83e\uded2\ud83c\udf31ARBOLIIVA\ud83c\udf31|Arboliva, F|100\/100\n|turn|4\n|j| Zoru desu\n|\n|t:|1699456722\n|move|p2a: Electivire|Power-Up Punch|p1a: \ud83e\uded2\ud83c\udf31ARBOLIIVA\ud83c\udf31\n|-supereffective|p1a: \ud83e\uded2\ud83c\udf31ARBOLIIVA\ud83c\udf31\n|-damage|p1a: \ud83e\uded2\ud83c\udf31ARBOLIIVA\ud83c\udf31|70\/100\n|-boost|p2a: Electivire|atk|1\n|-fieldstart|move: Grassy Terrain|[from] ability: Seed Sower|[of] p1a: \ud83e\uded2\ud83c\udf31ARBOLIIVA\ud83c\udf31\n|move|p1a: \ud83e\uded2\ud83c\udf31ARBOLIIVA\ud83c\udf31|Solar Beam||[still]\n|-prepare|p1a: \ud83e\uded2\ud83c\udf31ARBOLIIVA\ud83c\udf31|Solar Beam\n|-anim|p1a: \ud83e\uded2\ud83c\udf31ARBOLIIVA\ud83c\udf31|Solar Beam|p2a: Electivire\n|-damage|p2a: Electivire|0 fnt\n|faint|p2a: Electivire\n|\n|-weather|SunnyDay|[upkeep]\n|-heal|p1a: \ud83e\uded2\ud83c\udf31ARBOLIIVA\ud83c\udf31|76\/100|[from] Grassy Terrain\n|upkeep\n|\n|t:|1699456731\n|switch|p2a: Nidoking|Nidoking, M|100\/100\n|turn|5\n|\n|t:|1699456740\n|move|p2a: Nidoking|Sludge Wave|p1a: \ud83e\uded2\ud83c\udf31ARBOLIIVA\ud83c\udf31\n|-supereffective|p1a: \ud83e\uded2\ud83c\udf31ARBOLIIVA\ud83c\udf31\n|-damage|p1a: \ud83e\uded2\ud83c\udf31ARBOLIIVA\ud83c\udf31|0 fnt\n|faint|p1a: \ud83e\uded2\ud83c\udf31ARBOLIIVA\ud83c\udf31\n|\n|-weather|SunnyDay|[upkeep]\n|upkeep\n|\n|t:|1699456747\n|switch|p1a: \ud83c\udf8b\ud83c\udf43RAZOR -BLADE\ud83c\udf3e|Kartana, shiny|100\/100\n|turn|6\n|\n|t:|1699456764\n|move|p1a: \ud83c\udf8b\ud83c\udf43RAZOR -BLADE\ud83c\udf3e|Solar Blade||[still]\n|-prepare|p1a: \ud83c\udf8b\ud83c\udf43RAZOR -BLADE\ud83c\udf3e|Solar Blade\n|-anim|p1a: \ud83c\udf8b\ud83c\udf43RAZOR -BLADE\ud83c\udf3e|Solar Blade|p2a: Nidoking\n|-damage|p2a: Nidoking|0 fnt\n|faint|p2a: Nidoking\n|-ability|p1a: \ud83c\udf8b\ud83c\udf43RAZOR -BLADE\ud83c\udf3e|Beast Boost|boost\n|-boost|p1a: \ud83c\udf8b\ud83c\udf43RAZOR -BLADE\ud83c\udf3e|atk|1\n|\n|-weather|SunnyDay|[upkeep]\n|upkeep\n|\n|t:|1699456786\n|switch|p2a: Scizor|Scizor, F|100\/100\n|turn|7\n|\n|t:|1699456794\n|-terastallize|p1a: \ud83c\udf8b\ud83c\udf43RAZOR -BLADE\ud83c\udf3e|Grass\n|move|p1a: \ud83c\udf8b\ud83c\udf43RAZOR -BLADE\ud83c\udf3e|Solar Blade||[still]\n|-prepare|p1a: \ud83c\udf8b\ud83c\udf43RAZOR -BLADE\ud83c\udf3e|Solar Blade\n|-anim|p1a: \ud83c\udf8b\ud83c\udf43RAZOR -BLADE\ud83c\udf3e|Solar Blade|p2a: Scizor\n|-resisted|p2a: Scizor\n|-damage|p2a: Scizor|24\/100\n|move|p2a: Scizor|Close Combat|p1a: \ud83c\udf8b\ud83c\udf43RAZOR -BLADE\ud83c\udf3e\n|-damage|p1a: \ud83c\udf8b\ud83c\udf43RAZOR -BLADE\ud83c\udf3e|24\/100\n|-unboost|p2a: Scizor|def|1\n|-unboost|p2a: Scizor|spd|1\n|\n|-weather|SunnyDay|[upkeep]\n|-heal|p1a: \ud83c\udf8b\ud83c\udf43RAZOR -BLADE\ud83c\udf3e|30\/100|[from] Grassy Terrain\n|-heal|p2a: Scizor|30\/100|[from] Grassy Terrain\n|upkeep\n|turn|8\n|\n|t:|1699456809\n|switch|p2a: Charizard|Charizard, M, shiny|100\/100\n|move|p1a: \ud83c\udf8b\ud83c\udf43RAZOR -BLADE\ud83c\udf3e|Solar Blade||[still]\n|-prepare|p1a: \ud83c\udf8b\ud83c\udf43RAZOR -BLADE\ud83c\udf3e|Solar Blade\n|-anim|p1a: \ud83c\udf8b\ud83c\udf43RAZOR -BLADE\ud83c\udf3e|Solar Blade|p2a: Charizard\n|-resisted|p2a: Charizard\n|-damage|p2a: Charizard|0 fnt\n|faint|p2a: Charizard\n|-ability|p1a: \ud83c\udf8b\ud83c\udf43RAZOR -BLADE\ud83c\udf3e|Beast Boost|boost\n|-boost|p1a: \ud83c\udf8b\ud83c\udf43RAZOR -BLADE\ud83c\udf3e|atk|1\n|\n|-weather|SunnyDay|[upkeep]\n|-heal|p1a: \ud83c\udf8b\ud83c\udf43RAZOR -BLADE\ud83c\udf3e|37\/100|[from] Grassy Terrain\n|upkeep\n|\n|t:|1699456827\n|switch|p2a: Scizor|Scizor, F|30\/100\n|turn|9\n|\n|t:|1699456831\n|move|p2a: Scizor|Bullet Punch|p1a: \ud83c\udf8b\ud83c\udf43RAZOR -BLADE\ud83c\udf3e\n|-damage|p1a: \ud83c\udf8b\ud83c\udf43RAZOR -BLADE\ud83c\udf3e|0 fnt\n|faint|p1a: \ud83c\udf8b\ud83c\udf43RAZOR -BLADE\ud83c\udf3e\n|\n|-weather|SunnyDay|[upkeep]\n|-heal|p2a: Scizor|36\/100|[from] Grassy Terrain\n|upkeep\n|\n|t:|1699456839\n|switch|p1a: \ud83d\udd25\ud83d\udd25SCOVILLIAN\ud83d\udc90\ud83d\udc90|Scovillain, M|100\/100\n|turn|10\n|\n|t:|1699456846\n|move|p2a: Scizor|Bullet Punch|p1a: \ud83d\udd25\ud83d\udd25SCOVILLIAN\ud83d\udc90\ud83d\udc90\n|-resisted|p1a: \ud83d\udd25\ud83d\udd25SCOVILLIAN\ud83d\udc90\ud83d\udc90\n|-damage|p1a: \ud83d\udd25\ud83d\udd25SCOVILLIAN\ud83d\udc90\ud83d\udc90|57\/100\n|move|p1a: \ud83d\udd25\ud83d\udd25SCOVILLIAN\ud83d\udc90\ud83d\udc90|Flamethrower|p2a: Scizor\n|-supereffective|p2a: Scizor\n|-damage|p2a: Scizor|0 fnt\n|faint|p2a: Scizor\n|\n|-weather|none\n|-heal|p1a: \ud83d\udd25\ud83d\udd25SCOVILLIAN\ud83d\udc90\ud83d\udc90|63\/100|[from] Grassy Terrain\n|upkeep\n|\n|t:|1699456854\n|switch|p2a: Poliwrath|Poliwrath, F|100\/100\n|turn|11\n|\n|t:|1699456870\n|-zpower|p1a: \ud83d\udd25\ud83d\udd25SCOVILLIAN\ud83d\udc90\ud83d\udc90\n|move|p1a: \ud83d\udd25\ud83d\udd25SCOVILLIAN\ud83d\udc90\ud83d\udc90|Bloom Doom|p2a: Poliwrath|[zeffect]\n|-supereffective|p2a: Poliwrath\n|-damage|p2a: Poliwrath|0 fnt\n|faint|p2a: Poliwrath\n|\n|-heal|p1a: \ud83d\udd25\ud83d\udd25SCOVILLIAN\ud83d\udc90\ud83d\udc90|69\/100|[from] Grassy Terrain\n|-fieldend|move: Grassy Terrain\n|upkeep\n|\n|t:|1699456876\n|switch|p2a: Tangrowth|Tangrowth, M|100\/100\n|turn|12\n|\n|t:|1699456884\n|move|p1a: \ud83d\udd25\ud83d\udd25SCOVILLIAN\ud83d\udc90\ud83d\udc90|Growth|p1a: \ud83d\udd25\ud83d\udd25SCOVILLIAN\ud83d\udc90\ud83d\udc90\n|-boost|p1a: \ud83d\udd25\ud83d\udd25SCOVILLIAN\ud83d\udc90\ud83d\udc90|atk|1\n|-boost|p1a: \ud83d\udd25\ud83d\udd25SCOVILLIAN\ud83d\udc90\ud83d\udc90|spa|1\n|move|p2a: Tangrowth|Infestation|p1a: \ud83d\udd25\ud83d\udd25SCOVILLIAN\ud83d\udc90\ud83d\udc90\n|-crit|p1a: \ud83d\udd25\ud83d\udd25SCOVILLIAN\ud83d\udc90\ud83d\udc90\n|-damage|p1a: \ud83d\udd25\ud83d\udd25SCOVILLIAN\ud83d\udc90\ud83d\udc90|51\/100\n|-activate|p1a: \ud83d\udd25\ud83d\udd25SCOVILLIAN\ud83d\udc90\ud83d\udc90|move: Infestation|[of] p2a: Tangrowth\n|\n|-damage|p1a: \ud83d\udd25\ud83d\udd25SCOVILLIAN\ud83d\udc90\ud83d\udc90|39\/100|[from] move: Infestation|[partiallytrapped]\n|upkeep\n|turn|13\n|\n|t:|1699456894\n|move|p1a: \ud83d\udd25\ud83d\udd25SCOVILLIAN\ud83d\udc90\ud83d\udc90|Leaf Storm|p2a: Tangrowth\n|-resisted|p2a: Tangrowth\n|-damage|p2a: Tangrowth|51\/100\n|-unboost|p1a: \ud83d\udd25\ud83d\udd25SCOVILLIAN\ud83d\udc90\ud83d\udc90|spa|2\n|move|p2a: Tangrowth|Sludge Bomb|p1a: \ud83d\udd25\ud83d\udd25SCOVILLIAN\ud83d\udc90\ud83d\udc90\n|-supereffective|p1a: \ud83d\udd25\ud83d\udd25SCOVILLIAN\ud83d\udc90\ud83d\udc90\n|-damage|p1a: \ud83d\udd25\ud83d\udd25SCOVILLIAN\ud83d\udc90\ud83d\udc90|0 fnt\n|faint|p1a: \ud83d\udd25\ud83d\udd25SCOVILLIAN\ud83d\udc90\ud83d\udc90\n|\n|upkeep\n|\n|t:|1699456905\n|switch|p1a: \ud83c\udf3a\ud83c\udf40OGERON\ud83c\udf40\ud83d\udc90|Ogerpon, F|100\/100\n|turn|14\n|\n|t:|1699456912\n|move|p1a: \ud83c\udf3a\ud83c\udf40OGERON\ud83c\udf40\ud83d\udc90|Grassy Terrain|p1a: \ud83c\udf3a\ud83c\udf40OGERON\ud83c\udf40\ud83d\udc90\n|-fieldstart|move: Grassy Terrain\n|move|p2a: Tangrowth|Sludge Bomb|p1a: \ud83c\udf3a\ud83c\udf40OGERON\ud83c\udf40\ud83d\udc90\n|-supereffective|p1a: \ud83c\udf3a\ud83c\udf40OGERON\ud83c\udf40\ud83d\udc90\n|-damage|p1a: \ud83c\udf3a\ud83c\udf40OGERON\ud83c\udf40\ud83d\udc90|33\/100\n|-status|p1a: \ud83c\udf3a\ud83c\udf40OGERON\ud83c\udf40\ud83d\udc90|psn\n|\n|-heal|p1a: \ud83c\udf3a\ud83c\udf40OGERON\ud83c\udf40\ud83d\udc90|39\/100 psn|[from] Grassy Terrain\n|-heal|p2a: Tangrowth|58\/100|[from] Grassy Terrain\n|-damage|p1a: \ud83c\udf3a\ud83c\udf40OGERON\ud83c\udf40\ud83d\udc90|27\/100 psn|[from] psn\n|upkeep\n|turn|15\n|\n|t:|1699456929\n|move|p1a: \ud83c\udf3a\ud83c\udf40OGERON\ud83c\udf40\ud83d\udc90|Ivy Cudgel|p2a: Tangrowth\n|-resisted|p2a: Tangrowth\n|-crit|p2a: Tangrowth\n|-damage|p2a: Tangrowth|22\/100\n|move|p2a: Tangrowth|Infestation|p1a: \ud83c\udf3a\ud83c\udf40OGERON\ud83c\udf40\ud83d\udc90\n|-supereffective|p1a: \ud83c\udf3a\ud83c\udf40OGERON\ud83c\udf40\ud83d\udc90\n|-damage|p1a: \ud83c\udf3a\ud83c\udf40OGERON\ud83c\udf40\ud83d\udc90|13\/100 psn\n|-activate|p1a: \ud83c\udf3a\ud83c\udf40OGERON\ud83c\udf40\ud83d\udc90|move: Infestation|[of] p2a: Tangrowth\n|\n|-heal|p1a: \ud83c\udf3a\ud83c\udf40OGERON\ud83c\udf40\ud83d\udc90|19\/100 psn|[from] Grassy Terrain\n|-heal|p2a: Tangrowth|28\/100|[from] Grassy Terrain\n|-damage|p1a: \ud83c\udf3a\ud83c\udf40OGERON\ud83c\udf40\ud83d\udc90|7\/100 psn|[from] psn\n|-damage|p1a: \ud83c\udf3a\ud83c\udf40OGERON\ud83c\udf40\ud83d\udc90|0 fnt|[from] move: Infestation|[partiallytrapped]\n|faint|p1a: \ud83c\udf3a\ud83c\udf40OGERON\ud83c\udf40\ud83d\udc90\n|upkeep\n|\n|t:|1699456942\n|switch|p1a: \ud83c\udf4f\ud83c\udf4fAPPLETUN\ud83c\udf4f\ud83c\udf4f|Appletun, M, shiny|54\/100\n|turn|16\n|\n|t:|1699456950\n|move|p2a: Tangrowth|Sludge Bomb|p1a: \ud83c\udf4f\ud83c\udf4fAPPLETUN\ud83c\udf4f\ud83c\udf4f\n|-supereffective|p1a: \ud83c\udf4f\ud83c\udf4fAPPLETUN\ud83c\udf4f\ud83c\udf4f\n|-damage|p1a: \ud83c\udf4f\ud83c\udf4fAPPLETUN\ud83c\udf4f\ud83c\udf4f|1\/100\n|move|p1a: \ud83c\udf4f\ud83c\udf4fAPPLETUN\ud83c\udf4f\ud83c\udf4f|Leaf Storm|p2a: Tangrowth\n|-resisted|p2a: Tangrowth\n|-damage|p2a: Tangrowth|0 fnt\n|-unboost|p1a: \ud83c\udf4f\ud83c\udf4fAPPLETUN\ud83c\udf4f\ud83c\udf4f|spa|2\n|faint|p2a: Tangrowth\n|\n|win|FLOWER-M0DE\u267b\ufe0f\n|raw|FLOWER-M0DE\u267b\ufe0f's rating: 1024 &rarr; <strong>1066<\/strong><br \/>(+42 for winning)\n|raw|GamerguyT.J.'s rating: 1079 &rarr; <strong>1054<\/strong><br \/>(-25 for losing)\n|l|\u2606GamerguyT.J.\n|l| Zoru desu\n","uploadtime":1699456969,"views":5,"p1id":"flowerm0de","p2id":"gamerguytj","formatid":"gen9nationaldexubers","rating":1054,"private":0,"password":""}