{"id":"gen9nationaldexubers-1986347592","p1":"Cryolist","p2":"etherpref","format":"[Gen 9] National Dex Ubers","log":"|j|\u2606Cryolist\n|j|\u2606etherpref\n|t:|1699471247\n|gametype|singles\n|player|p1|Cryolist|jupiter|1105\n|player|p2|etherpref|102|1093\n|teamsize|p1|6\n|teamsize|p2|6\n|gen|9\n|tier|[Gen 9] National Dex Ubers\n|rated|\n|rule|HP Percentage Mod: HP is shown in percentages\n|rule|Endless Battle Clause: Forcing endless battles is banned\n|rule|OHKO Clause: OHKO moves are banned\n|rule|Evasion Moves Clause: Evasion moves are banned\n|rule|Evasion Items Clause: Evasion items are banned\n|rule|Species Clause: Limit one of each Pok\u00e9mon\n|rule|Sleep Clause Mod: Limit one foe put to sleep\n|rule|Mega Rayquaza Clause: You cannot mega evolve Rayquaza\n|clearpoke\n|poke|p1|Pidgeot, M|\n|poke|p1|Furret, M|\n|poke|p1|Lopunny, F|\n|poke|p1|Swellow, F|\n|poke|p1|Zoroark-Hisui, M|\n|poke|p1|Bibarel, M|\n|poke|p2|Kyogre|\n|poke|p2|Groudon|\n|poke|p2|Ho-Oh|\n|poke|p2|Blaziken, F|\n|poke|p2|Zekrom|\n|poke|p2|Palkia-Origin|\n|teampreview\n|inactive|Battle timer is ON: inactive players will automatically lose when time's up. (requested by Cryolist)\n|\n|t:|1699471269\n|start\n|switch|p1a: Bibarel|Bibarel, M|100\/100\n|switch|p2a: Blaziken|Blaziken, F|100\/100\n|turn|1\n|\n|t:|1699471277\n|detailschange|p2a: Blaziken|Blaziken-Mega, F\n|-mega|p2a: Blaziken|Blaziken|Blazikenite\n|move|p2a: Blaziken|Protect|p2a: Blaziken\n|-singleturn|p2a: Blaziken|Protect\n|move|p1a: Bibarel|Swords Dance|p1a: Bibarel\n|-boost|p1a: Bibarel|atk|4\n|\n|-ability|p2a: Blaziken|Speed Boost|boost\n|-boost|p2a: Blaziken|spe|1\n|upkeep\n|turn|2\n|\n|t:|1699471283\n|move|p1a: Bibarel|Aqua Jet|p2a: Blaziken\n|-supereffective|p2a: Blaziken\n|-damage|p2a: Blaziken|0 fnt\n|faint|p2a: Blaziken\n|\n|upkeep\n|\n|t:|1699471289\n|switch|p2a: Palkia|Palkia-Origin|100\/100\n|-ability|p2a: Palkia|Pressure\n|turn|3\n|\n|t:|1699471296\n|-terastallize|p1a: Bibarel|Normal\n|move|p1a: Bibarel|Quick Attack|p2a: Palkia\n|-damage|p2a: Palkia|22\/100\n|move|p2a: Palkia|Spacial Rend|p1a: Bibarel\n|-enditem|p1a: Bibarel|Focus Sash\n|-damage|p1a: Bibarel|1\/100\n|\n|upkeep\n|turn|4\n|\n|t:|1699471303\n|move|p1a: Bibarel|Quick Attack|p2a: Palkia\n|-damage|p2a: Palkia|0 fnt\n|faint|p2a: Palkia\n|\n|upkeep\n|\n|t:|1699471305\n|switch|p2a: Groudon|Groudon|100\/100\n|detailschange|p2a: Groudon|Groudon-Primal\n|-primal|p2a: Groudon|Red Orb\n|-weather|DesolateLand|[from] ability: Desolate Land|[of] p2a: Groudon\n|turn|5\n|\n|t:|1699471311\n|move|p1a: Bibarel|Quick Attack|p2a: Groudon\n|-damage|p2a: Groudon|57\/100\n|move|p2a: Groudon|Precipice Blades|p1a: Bibarel\n|-damage|p1a: Bibarel|0 fnt\n|faint|p1a: Bibarel\n|\n|-weather|DesolateLand|[upkeep]\n|upkeep\n|c|\u2606etherpref|bidoof better\n|\n|t:|1699471325\n|switch|p1a: Pidgeot|Pidgeot, M|100\/100\n|turn|6\n|c|\u2606etherpref|bidoof kills all\n|\n|t:|1699471336\n|detailschange|p1a: Pidgeot|Pidgeot-Mega, M\n|-mega|p1a: Pidgeot|Pidgeot|Pidgeotite\n|move|p1a: Pidgeot|Hurricane|p2a: Groudon\n|-damage|p2a: Groudon|0 fnt\n|faint|p2a: Groudon\n|-weather|none\n|\n|upkeep\n|\n|t:|1699471341\n|switch|p2a: Zekrom|Zekrom|100\/100\n|-ability|p2a: Zekrom|Teravolt\n|turn|7\n|\n|t:|1699471347\n|move|p1a: Pidgeot|Hyper Beam|p2a: Zekrom\n|-damage|p2a: Zekrom|15\/100\n|-mustrecharge|p1a: Pidgeot\n|move|p2a: Zekrom|Fusion Bolt|p1a: Pidgeot\n|-supereffective|p1a: Pidgeot\n|-damage|p1a: Pidgeot|0 fnt\n|faint|p1a: Pidgeot\n|\n|upkeep\n|\n|t:|1699471357\n|switch|p1a: Furret|Furret, M|100\/100\n|turn|8\n|\n|t:|1699471359\n|move|p1a: Furret|Coil|p1a: Furret\n|-boost|p1a: Furret|atk|1\n|-boost|p1a: Furret|def|1\n|-boost|p1a: Furret|accuracy|1\n|move|p2a: Zekrom|Fusion Bolt|p1a: Furret\n|-damage|p1a: Furret|10\/100\n|\n|-heal|p1a: Furret|17\/100|[from] item: Leftovers\n|upkeep\n|turn|9\n|\n|t:|1699471365\n|move|p2a: Zekrom|Fusion Bolt|p1a: Furret\n|-damage|p1a: Furret|0 fnt\n|faint|p1a: Furret\n|\n|upkeep\n|\n|t:|1699471374\n|switch|p1a: Lopunny|Lopunny, F|100\/100\n|turn|10\n|\n|t:|1699471377\n|move|p1a: Lopunny|Return|p2a: Zekrom\n|-damage|p2a: Zekrom|0 fnt\n|faint|p2a: Zekrom\n|\n|upkeep\n|\n|t:|1699471379\n|switch|p2a: Ho-Oh|Ho-Oh, shiny|100\/100\n|turn|11\n|\n|t:|1699471396\n|move|p1a: Lopunny|Return|p2a: Ho-Oh\n|-damage|p2a: Ho-Oh|41\/100\n|move|p2a: Ho-Oh|Sacred Fire|p1a: Lopunny\n|-damage|p1a: Lopunny|10\/100\n|-status|p1a: Lopunny|brn\n|\n|-damage|p1a: Lopunny|4\/100 brn|[from] brn\n|upkeep\n|turn|12\n|\n|t:|1699471403\n|move|p1a: Lopunny|Return|p2a: Ho-Oh\n|-damage|p2a: Ho-Oh|15\/100\n|move|p2a: Ho-Oh|Sacred Fire|p1a: Lopunny\n|-damage|p1a: Lopunny|0 fnt\n|faint|p1a: Lopunny\n|\n|upkeep\n|\n|t:|1699471411\n|switch|p1a: Swellow|Swellow, F|100\/100\n|turn|13\n|\n|t:|1699471414\n|move|p1a: Swellow|Sludge Bomb|p2a: Ho-Oh\n|-damage|p2a: Ho-Oh|0 fnt\n|faint|p2a: Ho-Oh\n|\n|upkeep\n|\n|t:|1699471416\n|switch|p2a: Kyogre|Kyogre|100\/100\n|detailschange|p2a: Kyogre|Kyogre-Primal\n|-primal|p2a: Kyogre|Blue Orb\n|-weather|PrimordialSea|[from] ability: Primordial Sea|[of] p2a: Kyogre\n|turn|14\n|\n|t:|1699471420\n|move|p1a: Swellow|Shadow Ball|p2a: Kyogre\n|-damage|p2a: Kyogre|73\/100\n|move|p2a: Kyogre|Thunder|p1a: Swellow\n|-crit|p1a: Swellow\n|-damage|p1a: Swellow|0 fnt\n|replace|p1a: Zoroark|Zoroark-Hisui, M\n|-end|p1a: Zoroark|Illusion\n|faint|p1a: Zoroark\n|\n|-weather|PrimordialSea|[upkeep]\n|upkeep\n|\n|t:|1699471424\n|switch|p1a: Swellow|Swellow, F|100\/100\n|turn|15\n|\n|t:|1699471427\n|move|p1a: Swellow|Protect|p1a: Swellow\n|-singleturn|p1a: Swellow|Protect\n|move|p2a: Kyogre|Thunder|p1a: Swellow\n|-activate|p1a: Swellow|move: Protect\n|\n|-weather|PrimordialSea|[upkeep]\n|-status|p1a: Swellow|brn|[from] item: Flame Orb\n|upkeep\n|turn|16\n|\n|t:|1699471431\n|move|p1a: Swellow|Facade|p2a: Kyogre\n|-damage|p2a: Kyogre|0 fnt\n|faint|p2a: Kyogre\n|-weather|none\n|\n|win|Cryolist\n|raw|Cryolist's rating: 1105 &rarr; <strong>1129<\/strong><br \/>(+24 for winning)\n|raw|etherpref's rating: 1093 &rarr; <strong>1070<\/strong><br \/>(-23 for losing)\n|c|\u2606etherpref|gg\n|l|\u2606etherpref\n|c|\u2606Cryolist|gg\n","uploadtime":1699471485,"views":4,"p1id":"cryolist","p2id":"etherpref","formatid":"gen9nationaldexubers","rating":1070,"private":0,"password":""}