{"id":"gen9nationaldexubers-1979089530","p1":"BTT2023","p2":"danielszy","format":"[Gen 9] National Dex Ubers","log":"|j|\u2606BTT2023\n|j|\u2606danielszy\n|t:|1698630799\n|gametype|singles\n|player|p1|BTT2023|red|1065\n|player|p2|danielszy|steven|1099\n|teamsize|p1|6\n|teamsize|p2|5\n|gen|9\n|tier|[Gen 9] National Dex Ubers\n|rated|\n|rule|HP Percentage Mod: HP is shown in percentages\n|rule|Endless Battle Clause: Forcing endless battles is banned\n|rule|OHKO Clause: OHKO moves are banned\n|rule|Evasion Moves Clause: Evasion moves are banned\n|rule|Evasion Items Clause: Evasion items are banned\n|rule|Species Clause: Limit one of each Pok\u00e9mon\n|rule|Sleep Clause Mod: Limit one foe put to sleep\n|rule|Mega Rayquaza Clause: You cannot mega evolve Rayquaza\n|clearpoke\n|poke|p1|Golurk|\n|poke|p1|Primeape, M|\n|poke|p1|Thundurus, M|\n|poke|p1|Chesnaught, M|\n|poke|p1|Liepard, F|\n|poke|p1|Decidueye, M|\n|poke|p2|Blaziken, M|\n|poke|p2|Kyogre|\n|poke|p2|Blissey, F|\n|poke|p2|Zacian-*|\n|poke|p2|Chien-Pao|\n|teampreview\n|c|\u2606BTT2023|Avengers Assemble!!!\n|\n|t:|1698630816\n|start\n|switch|p1a: Decidueye|Decidueye, M|100\/100\n|switch|p2a: Blaziken|Blaziken, M|100\/100\n|turn|1\n|\n|t:|1698630822\n|detailschange|p2a: Blaziken|Blaziken-Mega, M\n|-mega|p2a: Blaziken|Blaziken|Blazikenite\n|move|p2a: Blaziken|Swords Dance|p2a: Blaziken\n|-boost|p2a: Blaziken|atk|2\n|move|p1a: Decidueye|Swords Dance|p1a: Decidueye\n|-boost|p1a: Decidueye|atk|2\n|\n|-ability|p2a: Blaziken|Speed Boost|boost\n|-boost|p2a: Blaziken|spe|1\n|upkeep\n|turn|2\n|\n|t:|1698630830\n|move|p1a: Decidueye|Shadow Sneak|p2a: Blaziken\n|-damage|p2a: Blaziken|30\/100\n|move|p2a: Blaziken|Swords Dance|p2a: Blaziken\n|-boost|p2a: Blaziken|atk|2\n|\n|-ability|p2a: Blaziken|Speed Boost|boost\n|-boost|p2a: Blaziken|spe|1\n|upkeep\n|turn|3\n|\n|t:|1698630839\n|move|p1a: Decidueye|Shadow Sneak|p2a: Blaziken\n|-damage|p2a: Blaziken|0 fnt\n|faint|p2a: Blaziken\n|\n|upkeep\n|\n|t:|1698630844\n|switch|p2a: Zacian|Zacian-Crowned, shiny|100\/100\n|-ability|p2a: Zacian|Intrepid Sword|boost\n|-boost|p2a: Zacian|atk|1\n|turn|4\n|\n|t:|1698630851\n|move|p1a: Decidueye|Shadow Sneak|p2a: Zacian\n|-damage|p2a: Zacian|54\/100\n|move|p2a: Zacian|Behemoth Blade|p1a: Decidueye\n|-damage|p1a: Decidueye|0 fnt\n|faint|p1a: Decidueye\n|\n|upkeep\n|\n|t:|1698630873\n|switch|p1a: Primeape|Primeape, M|100\/100\n|turn|5\n|\n|t:|1698630883\n|move|p2a: Zacian|Play Rough|p1a: Primeape\n|-supereffective|p1a: Primeape\n|-enditem|p1a: Primeape|Focus Sash\n|-damage|p1a: Primeape|1\/100\n|move|p1a: Primeape|Close Combat|p2a: Zacian\n|-damage|p2a: Zacian|8\/100\n|-unboost|p1a: Primeape|def|1\n|-unboost|p1a: Primeape|spd|1\n|\n|upkeep\n|turn|6\n|\n|t:|1698630898\n|move|p2a: Zacian|Behemoth Blade|p1a: Primeape\n|-damage|p1a: Primeape|0 fnt\n|faint|p1a: Primeape\n|\n|upkeep\n|\n|t:|1698630901\n|switch|p1a: Liepard|Liepard, F|100\/100\n|turn|7\n|\n|t:|1698630910\n|move|p1a: Liepard|Sucker Punch|p2a: Zacian\n|-resisted|p2a: Zacian\n|-damage|p2a: Zacian|0 fnt\n|faint|p2a: Zacian\n|\n|upkeep\n|\n|t:|1698630916\n|switch|p2a: Kyogre|Kyogre, shiny|100\/100\n|detailschange|p2a: Kyogre|Kyogre-Primal, shiny\n|-primal|p2a: Kyogre|Blue Orb\n|-weather|PrimordialSea|[from] ability: Primordial Sea|[of] p2a: Kyogre\n|turn|8\n|\n|t:|1698630923\n|move|p1a: Liepard|Dark Pulse|p2a: Kyogre\n|-damage|p2a: Kyogre|82\/100\n|move|p2a: Kyogre|Calm Mind|p2a: Kyogre\n|-boost|p2a: Kyogre|spa|1\n|-boost|p2a: Kyogre|spd|1\n|\n|-weather|PrimordialSea|[upkeep]\n|upkeep\n|turn|9\n|\n|t:|1698630930\n|move|p1a: Liepard|Taunt|p2a: Kyogre\n|-start|p2a: Kyogre|move: Taunt\n|cant|p2a: Kyogre|move: Taunt|Calm Mind\n|\n|-weather|PrimordialSea|[upkeep]\n|upkeep\n|turn|10\n|\n|t:|1698630936\n|move|p1a: Liepard|Sucker Punch|p2a: Kyogre\n|-damage|p2a: Kyogre|56\/100\n|move|p2a: Kyogre|Thunder|p1a: Liepard\n|-damage|p1a: Liepard|0 fnt\n|faint|p1a: Liepard\n|\n|-weather|PrimordialSea|[upkeep]\n|upkeep\n|\n|t:|1698630952\n|switch|p1a: Thundurus|Thundurus, M|100\/100\n|turn|11\n|\n|t:|1698630963\n|-terastallize|p1a: Thundurus|Electric\n|move|p1a: Thundurus|Nasty Plot|p1a: Thundurus\n|-boost|p1a: Thundurus|spa|2\n|move|p2a: Kyogre|Ice Beam|p1a: Thundurus\n|-damage|p1a: Thundurus|6\/100\n|\n|-weather|PrimordialSea|[upkeep]\n|-end|p2a: Kyogre|move: Taunt\n|upkeep\n|turn|12\n|\n|t:|1698630973\n|move|p1a: Thundurus|Thunderbolt|p2a: Kyogre\n|-supereffective|p2a: Kyogre\n|-damage|p2a: Kyogre|0 fnt\n|faint|p2a: Kyogre\n|-weather|none\n|\n|upkeep\n|\n|t:|1698630979\n|switch|p2a: Blissey|Blissey, F|100\/100\n|turn|13\n|\n|t:|1698630984\n|move|p1a: Thundurus|Focus Blast|p2a: Blissey\n|-supereffective|p2a: Blissey\n|-damage|p2a: Blissey|53\/100\n|move|p2a: Blissey|Seismic Toss|p1a: Thundurus\n|-damage|p1a: Thundurus|0 fnt\n|faint|p1a: Thundurus\n|\n|-heal|p2a: Blissey|59\/100|[from] item: Leftovers\n|upkeep\n|\n|t:|1698630995\n|switch|p1a: Golurk|Golurk|100\/100\n|turn|14\n|\n|t:|1698630998\n|move|p1a: Golurk|Dynamic Punch|p2a: Blissey\n|-supereffective|p2a: Blissey\n|-damage|p2a: Blissey|0 fnt\n|faint|p2a: Blissey\n|\n|upkeep\n|\n|t:|1698631005\n|switch|p2a: Chien-Pao|Chien-Pao|100\/100\n|-ability|p2a: Chien-Pao|Sword of Ruin\n|turn|15\n|\n|t:|1698631013\n|move|p2a: Chien-Pao|Crunch|p1a: Golurk\n|-supereffective|p1a: Golurk\n|-damage|p1a: Golurk|0 fnt\n|faint|p1a: Golurk\n|\n|upkeep\n|\n|t:|1698631017\n|switch|p1a: Chesnaught|Chesnaught, M|100\/100\n|turn|16\n|\n|t:|1698631022\n|move|p2a: Chien-Pao|Ice Spinner|p1a: Chesnaught\n|-supereffective|p1a: Chesnaught\n|-damage|p1a: Chesnaught|21\/100\n|move|p1a: Chesnaught|Body Press|p2a: Chien-Pao\n|-supereffective|p2a: Chien-Pao\n|-damage|p2a: Chien-Pao|0 fnt\n|faint|p2a: Chien-Pao\n|\n|win|BTT2023\n|raw|BTT2023's rating: 1065 &rarr; <strong>1098<\/strong><br \/>(+33 for winning)\n|raw|danielszy's rating: 1099 &rarr; <strong>1072<\/strong><br \/>(-27 for losing)\n|c|\u2606BTT2023|GG :)\n","uploadtime":1698631031,"views":10,"p1id":"btt2023","p2id":"danielszy","formatid":"gen9nationaldexubers","rating":1072,"private":0,"password":""}