{"id":"gen9nationaldexubers-1989429841","p1":"SteamedPingas","p2":"LionsweeperLeo","format":"[Gen 9] National Dex Ubers","log":"|j|\u2606SteamedPingas\n|j|\u2606LionsweeperLeo\n|t:|1699849264\n|gametype|singles\n|player|p1|SteamedPingas|shadowtriad|1499\n|player|p2|LionsweeperLeo|lucas|1355\n|teamsize|p1|6\n|teamsize|p2|6\n|gen|9\n|tier|[Gen 9] National Dex Ubers\n|rated|\n|rule|HP Percentage Mod: HP is shown in percentages\n|rule|Endless Battle Clause: Forcing endless battles is banned\n|rule|OHKO Clause: OHKO moves are banned\n|rule|Evasion Moves Clause: Evasion moves are banned\n|rule|Evasion Items Clause: Evasion items are banned\n|rule|Species Clause: Limit one of each Pok\u00e9mon\n|rule|Sleep Clause Mod: Limit one foe put to sleep\n|rule|Mega Rayquaza Clause: You cannot mega evolve Rayquaza\n|clearpoke\n|poke|p1|Arceus|\n|poke|p1|Ho-Oh|\n|poke|p1|Groudon|\n|poke|p1|Necrozma-Dusk-Mane|\n|poke|p1|Kyogre|\n|poke|p1|Xerneas-*|\n|poke|p2|Shuckle, F|\n|poke|p2|Solgaleo|\n|poke|p2|Groudon|\n|poke|p2|Yveltal|\n|poke|p2|Arceus|\n|poke|p2|Xerneas-*|\n|teampreview\n|\n|t:|1699849272\n|start\n|switch|p1a: Necrozma|Necrozma-Dusk-Mane|100\/100\n|switch|p2a: Shuckle|Shuckle, F|100\/100\n|turn|1\n|\n|t:|1699849299\n|move|p1a: Necrozma|Knock Off|p2a: Shuckle\n|-damage|p2a: Shuckle|79\/100\n|-enditem|p2a: Shuckle|Mental Herb|[from] move: Knock Off|[of] p1a: Necrozma\n|move|p2a: Shuckle|Sticky Web|p1a: Necrozma\n|-sidestart|p1: SteamedPingas|move: Sticky Web\n|\n|upkeep\n|turn|2\n|\n|t:|1699849306\n|move|p1a: Necrozma|Sunsteel Strike|p2a: Shuckle\n|-supereffective|p2a: Shuckle\n|-damage|p2a: Shuckle|12\/100\n|move|p2a: Shuckle|Encore|p1a: Necrozma\n|-start|p1a: Necrozma|Encore\n|\n|upkeep\n|turn|3\n|\n|t:|1699849312\n|switch|p1a: Ho-Oh|Ho-Oh|100\/100\n|move|p2a: Shuckle|Stealth Rock|p1a: Ho-Oh\n|-sidestart|p1: SteamedPingas|move: Stealth Rock\n|\n|upkeep\n|turn|4\n|\n|t:|1699849325\n|move|p1a: Ho-Oh|Defog|p2a: Shuckle\n|-unboost|p2a: Shuckle|evasion|1\n|-sideend|p1: SteamedPingas|Stealth Rock|[from] move: Defog|[of] p1a: Ho-Oh\n|-sideend|p1: SteamedPingas|Sticky Web|[from] move: Defog|[of] p1a: Ho-Oh\n|move|p2a: Shuckle|Sticky Web|p1a: Ho-Oh\n|-sidestart|p1: SteamedPingas|move: Sticky Web\n|\n|upkeep\n|turn|5\n|\n|t:|1699849331\n|move|p1a: Ho-Oh|Defog|p2a: Shuckle\n|-unboost|p2a: Shuckle|evasion|1\n|-sideend|p1: SteamedPingas|Sticky Web|[from] move: Defog|[of] p1a: Ho-Oh\n|move|p2a: Shuckle|Sticky Web|p1a: Ho-Oh\n|-sidestart|p1: SteamedPingas|move: Sticky Web\n|\n|upkeep\n|turn|6\n|\n|t:|1699849338\n|move|p2a: Shuckle|Sticky Web||[still]\n|-fail|p2a: Shuckle\n|move|p1a: Ho-Oh|Whirlwind|p2a: Shuckle\n|drag|p2a: Xerneas|Xerneas|100\/100\n|-ability|p2a: Xerneas|Fairy Aura\n|\n|upkeep\n|turn|7\n|\n|t:|1699849357\n|move|p2a: Xerneas|Thunderbolt|p1a: Ho-Oh\n|-supereffective|p1a: Ho-Oh\n|-damage|p1a: Ho-Oh|70\/100\n|move|p1a: Ho-Oh|Whirlwind|p2a: Xerneas\n|drag|p2a: Yveltal|Yveltal|100\/100\n|-ability|p2a: Yveltal|Dark Aura\n|\n|upkeep\n|turn|8\n|\n|t:|1699849365\n|move|p2a: Yveltal|Taunt|p1a: Ho-Oh\n|-start|p1a: Ho-Oh|move: Taunt\n|cant|p1a: Ho-Oh|move: Taunt|Defog\n|\n|upkeep\n|turn|9\n|\n|t:|1699849373\n|switch|p1a: Necrozma|Necrozma-Dusk-Mane|100\/100\n|-activate|p1a: Necrozma|move: Sticky Web\n|-unboost|p1a: Necrozma|spe|1\n|move|p2a: Yveltal|Dark Pulse|p1a: Necrozma\n|-supereffective|p1a: Necrozma\n|-damage|p1a: Necrozma|21\/100\n|-damage|p2a: Yveltal|91\/100|[from] item: Life Orb\n|\n|upkeep\n|turn|10\n|\n|t:|1699849382\n|switch|p1a: Xerneas|Xerneas|100\/100\n|-activate|p1a: Xerneas|move: Sticky Web\n|-unboost|p1a: Xerneas|spe|1\n|-ability|p1a: Xerneas|Fairy Aura\n|move|p2a: Yveltal|Dark Pulse|p1a: Xerneas\n|-resisted|p1a: Xerneas\n|-damage|p1a: Xerneas|75\/100\n|-damage|p2a: Yveltal|81\/100|[from] item: Life Orb\n|\n|upkeep\n|turn|11\n|\n|t:|1699849392\n|move|p2a: Yveltal|Taunt|p1a: Xerneas\n|-start|p1a: Xerneas|move: Taunt\n|move|p1a: Xerneas|Moonblast|p2a: Yveltal\n|-supereffective|p2a: Yveltal\n|-damage|p2a: Yveltal|0 fnt\n|faint|p2a: Yveltal\n|\n|upkeep\n|\n|t:|1699849405\n|switch|p2a: Xerneas|Xerneas|100\/100\n|-ability|p2a: Xerneas|Fairy Aura\n|turn|12\n|\n|t:|1699849409\n|switch|p1a: Ho-Oh|Ho-Oh|100\/100\n|move|p2a: Xerneas|Geomancy||[still]\n|-prepare|p2a: Xerneas|Geomancy\n|-enditem|p2a: Xerneas|Power Herb\n|-anim|p2a: Xerneas|Geomancy|p2a: Xerneas\n|-boost|p2a: Xerneas|spa|2\n|-boost|p2a: Xerneas|spd|2\n|-boost|p2a: Xerneas|spe|2\n|\n|upkeep\n|turn|13\n|\n|t:|1699849419\n|-terastallize|p2a: Xerneas|Electric\n|-terastallize|p1a: Ho-Oh|Fire\n|move|p2a: Xerneas|Thunderbolt|p1a: Ho-Oh\n|-damage|p1a: Ho-Oh|52\/100\n|move|p1a: Ho-Oh|Whirlwind|p2a: Xerneas\n|drag|p2a: Solgaleo|Solgaleo, shiny|100\/100\n|\n|upkeep\n|turn|14\n|\n|t:|1699849450\n|-zpower|p2a: Solgaleo\n|move|p2a: Solgaleo|Z-Splash|p2a: Solgaleo|[anim]Splash\n|-boost|p2a: Solgaleo|atk|3|[zeffect]\n|-nothing\n|move|p1a: Ho-Oh|Defog|p2a: Solgaleo\n|-fail|p2a: Solgaleo|unboost|[from] ability: Full Metal Body|[of] p2a: Solgaleo\n|-sideend|p1: SteamedPingas|Sticky Web|[from] move: Defog|[of] p1a: Ho-Oh\n|\n|upkeep\n|turn|15\n|\n|t:|1699849460\n|move|p2a: Solgaleo|Earthquake|p1a: Ho-Oh\n|-supereffective|p1a: Ho-Oh\n|-damage|p1a: Ho-Oh|0 fnt\n|faint|p1a: Ho-Oh\n|\n|upkeep\n|\n|t:|1699849472\n|switch|p1a: Necrozma|Necrozma-Dusk-Mane|21\/100\n|turn|16\n|\n|t:|1699849476\n|move|p2a: Solgaleo|Flame Charge|p1a: Necrozma\n|-supereffective|p1a: Necrozma\n|-damage|p1a: Necrozma|0 fnt\n|-boost|p2a: Solgaleo|spe|1\n|-damage|p2a: Solgaleo|84\/100|[from] item: Rocky Helmet|[of] p1a: Necrozma\n|faint|p1a: Necrozma\n|\n|upkeep\n|\n|t:|1699849483\n|switch|p1a: Groudon|Groudon, shiny|100\/100\n|detailschange|p1a: Groudon|Groudon-Primal, shiny\n|-primal|p1a: Groudon|Red Orb\n|-weather|DesolateLand|[from] ability: Desolate Land|[of] p1a: Groudon\n|turn|17\n|\n|t:|1699849486\n|move|p2a: Solgaleo|Earthquake|p1a: Groudon\n|-supereffective|p1a: Groudon\n|-damage|p1a: Groudon|0 fnt\n|faint|p1a: Groudon\n|-weather|none\n|\n|upkeep\n|c|\u2606SteamedPingas|fuck me\n|c|\u2606SteamedPingas|gg\n|-message|SteamedPingas forfeited.\n|\n|win|LionsweeperLeo\n|raw|SteamedPingas's rating: 1499 &rarr; <strong>1471<\/strong><br \/>(-28 for losing)\n|raw|LionsweeperLeo's rating: 1355 &rarr; <strong>1383<\/strong><br \/>(+28 for winning)\n|l|\u2606SteamedPingas\n","uploadtime":1699849499,"views":13,"p1id":"steamedpingas","p2id":"lionsweeperleo","formatid":"gen9nationaldexubers","rating":1383,"private":0,"password":""}