{"id":"gen9nationaldexubers-1990882179","p1":"PokeHaint","p2":"cincinnaticynda","format":"[Gen 9] National Dex Ubers","log":"|j|\u2606PokeHaint\n|j|\u2606cincinnaticynda\n|t:|1700010969\n|gametype|singles\n|player|p1|PokeHaint|ninjaboy|\n|player|p2|cincinnaticynda|266|\n|teamsize|p1|6\n|teamsize|p2|6\n|gen|9\n|tier|[Gen 9] National Dex Ubers\n|rule|HP Percentage Mod: HP is shown in percentages\n|rule|Endless Battle Clause: Forcing endless battles is banned\n|rule|OHKO Clause: OHKO moves are banned\n|rule|Evasion Moves Clause: Evasion moves are banned\n|rule|Evasion Items Clause: Evasion items are banned\n|rule|Species Clause: Limit one of each Pok\u00e9mon\n|rule|Sleep Clause Mod: Limit one foe put to sleep\n|rule|Mega Rayquaza Clause: You cannot mega evolve Rayquaza\n|clearpoke\n|poke|p1|Xerneas-*|\n|poke|p1|Great Tusk|\n|poke|p1|Skarmory, F|\n|poke|p1|Pinsir, M|\n|poke|p1|Kleavor, F|\n|poke|p1|Magnezone|\n|poke|p2|Tapu Lele|\n|poke|p2|Incineroar, M|\n|poke|p2|Goodra-Hisui, M|\n|poke|p2|Celesteela|\n|poke|p2|Medicham, F|\n|poke|p2|Kyogre|\n|teampreview\n|j| BoyzArbokInTown03\n|j| lelza\n|\n|t:|1700011000\n|start\n|switch|p1a: Kleavor|Kleavor, F|100\/100\n|switch|p2a: Incineroar|Incineroar, M|100\/100\n|-ability|p2a: Incineroar|Intimidate|boost\n|-unboost|p1a: Kleavor|atk|1\n|turn|1\n|j| medi34\n|\n|t:|1700011034\n|move|p1a: Kleavor|Stone Axe|p2a: Incineroar\n|-supereffective|p2a: Incineroar\n|-damage|p2a: Incineroar|35\/100\n|-sidestart|p2: cincinnaticynda|move: Stealth Rock\n|move|p2a: Incineroar|Knock Off|p1a: Kleavor\n|-damage|p1a: Kleavor|51\/100\n|-enditem|p1a: Kleavor|Focus Sash|[from] move: Knock Off|[of] p2a: Incineroar\n|\n|upkeep\n|turn|2\n|c| medi34|imagine having massive axes for hands\n|\n|t:|1700011052\n|switch|p2a: Celesteela|Celesteela|100\/100\n|-damage|p2a: Celesteela|88\/100|[from] Stealth Rock\n|move|p1a: Kleavor|X-Scissor|p2a: Celesteela\n|-resisted|p2a: Celesteela\n|-damage|p2a: Celesteela|82\/100\n|-damage|p1a: Kleavor|35\/100|[from] item: Rocky Helmet|[of] p2a: Celesteela\n|\n|upkeep\n|turn|3\n|c| medi34|how does kleavor eat\n|c| medi34|poor gal\n|c|\u2606PokeHaint|with immense difficulty\n|\n|t:|1700011081\n|move|p1a: Kleavor|U-turn|p2a: Celesteela\n|-resisted|p2a: Celesteela\n|-damage|p2a: Celesteela|78\/100\n|-damage|p1a: Kleavor|19\/100|[from] item: Rocky Helmet|[of] p2a: Celesteela\n|\n|t:|1700011083\n|switch|p1a: Magnezone|Magnezone|100\/100|[from] U-turn\n|move|p2a: Celesteela|Flamethrower|p1a: Magnezone\n|-supereffective|p1a: Magnezone\n|-damage|p1a: Magnezone|41\/100\n|\n|upkeep\n|turn|4\n|\n|t:|1700011109\n|move|p2a: Celesteela|Protect|p2a: Celesteela\n|-singleturn|p2a: Celesteela|Protect\n|move|p1a: Magnezone|Thunder|p2a: Celesteela\n|-activate|p2a: Celesteela|move: Protect\n|\n|upkeep\n|turn|5\n|\n|t:|1700011138\n|move|p1a: Magnezone|Thunder|p2a: Celesteela|[miss]\n|-miss|p1a: Magnezone|p2a: Celesteela\n|move|p2a: Celesteela|Flamethrower|p1a: Magnezone\n|-supereffective|p1a: Magnezone\n|-crit|p1a: Magnezone\n|-damage|p1a: Magnezone|0 fnt\n|faint|p1a: Magnezone\n|-ability|p2a: Celesteela|Beast Boost|boost\n|-boost|p2a: Celesteela|def|1\n|\n|upkeep\n|c| medi34|jeeeeez\n|c|\u2606cincinnaticynda|i'm sorry\n|c|\u2606cincinnaticynda|I promise I didn't ask rng gods for a favor\n|c| medi34|RNG_G0D isn't here, that's why\n|\n|t:|1700011170\n|switch|p1a: Xerneas|Xerneas|100\/100\n|-ability|p1a: Xerneas|Fairy Aura\n|turn|6\n|\n|t:|1700011205\n|move|p1a: Xerneas|Geomancy||[still]\n|-prepare|p1a: Xerneas|Geomancy\n|-enditem|p1a: Xerneas|Power Herb\n|-anim|p1a: Xerneas|Geomancy|p1a: Xerneas\n|-boost|p1a: Xerneas|spa|2\n|-boost|p1a: Xerneas|spd|2\n|-boost|p1a: Xerneas|spe|2\n|move|p2a: Celesteela|Leech Seed|p1a: Xerneas\n|-start|p1a: Xerneas|move: Leech Seed\n|\n|-damage|p1a: Xerneas|88\/100|[from] Leech Seed|[of] p2a: Celesteela\n|-heal|p2a: Celesteela|92\/100|[silent]\n|upkeep\n|turn|7\n|\n|t:|1700011221\n|move|p2a: Celesteela|Protect|p2a: Celesteela\n|-singleturn|p2a: Celesteela|Protect\n|move|p1a: Xerneas|Thunder|p2a: Celesteela\n|-activate|p2a: Celesteela|move: Protect\n|\n|-damage|p1a: Xerneas|76\/100|[from] Leech Seed|[of] p2a: Celesteela\n|-heal|p2a: Celesteela|100\/100|[silent]\n|upkeep\n|turn|8\n|\n|t:|1700011268\n|switch|p2a: Goodra|Goodra-Hisui, M|100\/100\n|-damage|p2a: Goodra|94\/100|[from] Stealth Rock\n|move|p1a: Xerneas|Thunder|p2a: Goodra|[miss]\n|-miss|p1a: Xerneas|p2a: Goodra\n|\n|-heal|p2a: Goodra|100\/100|[from] item: Leftovers\n|-damage|p1a: Xerneas|64\/100|[from] Leech Seed|[of] p2a: Goodra\n|upkeep\n|turn|9\n|\n|t:|1700011286\n|move|p1a: Xerneas|Moonblast|p2a: Goodra\n|-damage|p2a: Goodra|24\/100\n|move|p2a: Goodra|Acid Armor|p2a: Goodra\n|-boost|p2a: Goodra|def|2\n|\n|-heal|p2a: Goodra|30\/100|[from] item: Leftovers\n|-damage|p1a: Xerneas|51\/100|[from] Leech Seed|[of] p2a: Goodra\n|-heal|p2a: Goodra|45\/100|[silent]\n|upkeep\n|turn|10\n|c| medi34|well in addition to the moonblast animation did they change thunder accuracy or what\n|\n|t:|1700011301\n|move|p1a: Xerneas|Draining Kiss|p2a: Goodra\n|-damage|p2a: Goodra|8\/100\n|-heal|p1a: Xerneas|73\/100|[from] drain|[of] p2a: Goodra\n|move|p2a: Goodra|Flash Cannon|p1a: Xerneas\n|-supereffective|p1a: Xerneas\n|-damage|p1a: Xerneas|52\/100\n|-unboost|p1a: Xerneas|spd|1\n|\n|-heal|p2a: Goodra|14\/100|[from] item: Leftovers\n|-damage|p1a: Xerneas|40\/100|[from] Leech Seed|[of] p2a: Goodra\n|-heal|p2a: Goodra|29\/100|[silent]\n|upkeep\n|turn|11\n|\n|t:|1700011318\n|move|p1a: Xerneas|Draining Kiss|p2a: Goodra\n|-damage|p2a: Goodra|0 fnt\n|-heal|p1a: Xerneas|57\/100|[from] drain|[of] p2a: Goodra\n|faint|p2a: Goodra\n|\n|upkeep\n|\n|t:|1700011352\n|switch|p2a: Celesteela|Celesteela|100\/100\n|-damage|p2a: Celesteela|88\/100|[from] Stealth Rock\n|turn|12\n|\n|t:|1700011359\n|move|p2a: Celesteela|Protect|p2a: Celesteela\n|-singleturn|p2a: Celesteela|Protect\n|move|p1a: Xerneas|Thunder|p2a: Celesteela\n|-activate|p2a: Celesteela|move: Protect\n|\n|-damage|p1a: Xerneas|45\/100|[from] Leech Seed|[of] p2a: Celesteela\n|-heal|p2a: Celesteela|100\/100|[silent]\n|upkeep\n|turn|13\n|\n|t:|1700011373\n|move|p2a: Celesteela|Protect|p2a: Celesteela\n|-singleturn|p2a: Celesteela|Protect\n|move|p1a: Xerneas|Thunder|p2a: Celesteela\n|-activate|p2a: Celesteela|move: Protect\n|\n|-damage|p1a: Xerneas|32\/100|[from] Leech Seed|[of] p2a: Celesteela\n|upkeep\n|turn|14\n|\n|t:|1700011387\n|move|p1a: Xerneas|Thunder|p2a: Celesteela\n|-supereffective|p2a: Celesteela\n|-damage|p2a: Celesteela|0 fnt\n|faint|p2a: Celesteela\n|\n|upkeep\n|\n|t:|1700011394\n|switch|p2a: Medicham|Medicham, F|100\/100\n|-damage|p2a: Medicham|94\/100|[from] Stealth Rock\n|turn|15\n|\n|t:|1700011398\n|detailschange|p2a: Medicham|Medicham-Mega, F\n|-mega|p2a: Medicham|Medicham|Medichamite\n|-terastallize|p1a: Xerneas|Ghost\n|move|p2a: Medicham|Fake Out|p1a: Xerneas\n|-immune|p1a: Xerneas\n|move|p1a: Xerneas|Draining Kiss|p2a: Medicham\n|-supereffective|p2a: Medicham\n|-crit|p2a: Medicham\n|-damage|p2a: Medicham|0 fnt\n|-heal|p1a: Xerneas|73\/100|[from] drain|[of] p2a: Medicham\n|faint|p2a: Medicham\n|\n|upkeep\n|c|\u2606cincinnaticynda|noooo\n|c| BoyzArbokInTown03|Yoooooooo\n|c|\u2606PokeHaint|THE TECH\n|c| lelza|Ohhhh snap\n|c|\u2606PokeHaint|LETS GOOOOOOOO\n|\n|t:|1700011479\n|switch|p2a: Kyogre|Kyogre|100\/100\n|-damage|p2a: Kyogre|88\/100|[from] Stealth Rock\n|-weather|RainDance|[from] ability: Drizzle|[of] p2a: Kyogre\n|turn|16\n|\n|t:|1700011484\n|-terastallize|p2a: Kyogre|Ground\n|move|p1a: Xerneas|Moonblast|p2a: Kyogre\n|-damage|p2a: Kyogre|0 fnt\n|faint|p2a: Kyogre\n|\n|-weather|RainDance|[upkeep]\n|upkeep\n|\n|t:|1700011490\n|switch|p2a: Incineroar|Incineroar, M|35\/100\n|-ability|p2a: Incineroar|Intimidate|boost\n|-unboost|p1a: Xerneas|atk|1\n|turn|17\n|\n|t:|1700011495\n|move|p1a: Xerneas|Moonblast|p2a: Incineroar\n|-damage|p2a: Incineroar|0 fnt\n|faint|p2a: Incineroar\n|\n|-weather|RainDance|[upkeep]\n|upkeep\n|\n|t:|1700011497\n|switch|p2a: Tapu Lele|Tapu Lele|100\/100\n|-damage|p2a: Tapu Lele|88\/100|[from] Stealth Rock\n|-fieldstart|move: Psychic Terrain|[from] ability: Psychic Surge|[of] p2a: Tapu Lele\n|turn|18\n|\n|t:|1700011505\n|move|p1a: Xerneas|Moonblast|p2a: Tapu Lele\n|-damage|p2a: Tapu Lele|0 fnt\n|faint|p2a: Tapu Lele\n|\n|win|PokeHaint\n|c| medi34|gg\n|c|\u2606PokeHaint|gg\n","uploadtime":1700011518,"views":7,"p1id":"pokehaint","p2id":"cincinnaticynda","formatid":"gen9nationaldexubers","rating":0,"private":0,"password":""}