{"id":"gen9nationaldexubers-1997940230","p1":"Cloakedbymist","p2":"TheStroker","format":"[Gen 9] National Dex Ubers","log":"|j|\u2606Cloakedbymist\n|j|\u2606TheStroker\n|t:|1700869941\n|gametype|singles\n|player|p1|Cloakedbymist|giovanni|1360\n|player|p2|TheStroker|janitor|1499\n|teamsize|p1|6\n|teamsize|p2|6\n|gen|9\n|tier|[Gen 9] National Dex Ubers\n|rated|\n|rule|HP Percentage Mod: HP is shown in percentages\n|rule|Endless Battle Clause: Forcing endless battles is banned\n|rule|OHKO Clause: OHKO moves are banned\n|rule|Evasion Moves Clause: Evasion moves are banned\n|rule|Evasion Items Clause: Evasion items are banned\n|rule|Species Clause: Limit one of each Pok\u00e9mon\n|rule|Sleep Clause Mod: Limit one foe put to sleep\n|rule|Mega Rayquaza Clause: You cannot mega evolve Rayquaza\n|clearpoke\n|poke|p1|Dracovish|\n|poke|p1|Kyogre|\n|poke|p1|Yveltal|\n|poke|p1|Salamence, M|\n|poke|p1|Shuckle, F|\n|poke|p1|Xerneas-*|\n|poke|p2|Necrozma-Dusk-Mane|\n|poke|p2|Smeargle, F|\n|poke|p2|Ferrothorn, F|\n|poke|p2|Ho-Oh|\n|poke|p2|Annihilape, F|\n|poke|p2|Ditto|\n|teampreview\n|j| Lonsol\n|c|\u2606Cloakedbymist|glhf\n|\n|t:|1700869963\n|start\n|switch|p1a: Chuckle|Shuckle, F, shiny|100\/100\n|switch|p2a: Surely|Smeargle, F|100\/100\n|turn|1\n|\n|t:|1700869968\n|move|p2a: Surely|Spore|p1a: Chuckle\n|-status|p1a: Chuckle|slp|[from] move: Spore\n|cant|p1a: Chuckle|slp\n|\n|upkeep\n|turn|2\n|\n|t:|1700869982\n|switch|p1a: raw meat|Yveltal, shiny|100\/100\n|-ability|p1a: raw meat|Dark Aura\n|move|p2a: Surely|Coil|p2a: Surely\n|-boost|p2a: Surely|atk|1\n|-boost|p2a: Surely|def|1\n|-boost|p2a: Surely|accuracy|1\n|\n|upkeep\n|turn|3\n|\n|t:|1700869988\n|-terastallize|p1a: raw meat|Dark\n|move|p1a: raw meat|Dark Pulse|p2a: Surely\n|-damage|p2a: Surely|0 fnt\n|faint|p2a: Surely\n|\n|upkeep\n|j| mistahmerrikuu\n|\n|t:|1700870022\n|switch|p2a: Gastmon|Annihilape, F|100\/100\n|turn|4\n|inactive|Battle timer is ON: inactive players will automatically lose when time's up. (requested by TheStroker)\n|\n|t:|1700870028\n|move|p1a: raw meat|Dark Pulse|p2a: Gastmon\n|-damage|p2a: Gastmon|40\/100\n|move|p2a: Gastmon|Final Gambit|p1a: raw meat\n|-damage|p1a: raw meat|58\/100\n|faint|p2a: Gastmon\n|\n|upkeep\n|\n|t:|1700870041\n|switch|p2a: Benefitted|Ho-Oh|100\/100\n|turn|5\n|\n|t:|1700870065\n|move|p1a: raw meat|Dark Pulse|p2a: Benefitted\n|-damage|p2a: Benefitted|59\/100\n|move|p2a: Benefitted|Toxic|p1a: raw meat\n|-status|p1a: raw meat|tox\n|\n|-damage|p1a: raw meat|52\/100 tox|[from] psn\n|upkeep\n|turn|6\n|\n|t:|1700870070\n|move|p1a: raw meat|Dark Pulse|p2a: Benefitted\n|-damage|p2a: Benefitted|18\/100\n|cant|p2a: Benefitted|flinch\n|\n|-damage|p1a: raw meat|40\/100 tox|[from] psn\n|upkeep\n|turn|7\n|\n|t:|1700870078\n|switch|p2a: One day|Ferrothorn, F|100\/100\n|move|p1a: raw meat|Dark Pulse|p2a: One day\n|-damage|p2a: One day|54\/100\n|\n|-heal|p2a: One day|60\/100|[from] item: Leftovers\n|-damage|p1a: raw meat|22\/100 tox|[from] psn\n|upkeep\n|turn|8\n|\n|t:|1700870089\n|move|p2a: One day|Protect|p2a: One day\n|-singleturn|p2a: One day|Protect\n|move|p1a: raw meat|Dark Pulse|p2a: One day\n|-activate|p2a: One day|move: Protect\n|\n|-heal|p2a: One day|66\/100|[from] item: Leftovers\n|-damage|p1a: raw meat|0 fnt|[from] psn\n|faint|p1a: raw meat\n|upkeep\n|\n|t:|1700870104\n|switch|p1a: Mizukage|Kyogre, shiny|100\/100\n|-weather|RainDance|[from] ability: Drizzle|[of] p1a: Mizukage\n|turn|9\n|\n|t:|1700870110\n|move|p2a: One day|Protect||[still]\n|-fail|p2a: One day\n|move|p1a: Mizukage|Water Spout|p2a: One day\n|-resisted|p2a: One day\n|-damage|p2a: One day|26\/100\n|\n|-weather|RainDance|[upkeep]\n|-heal|p2a: One day|33\/100|[from] item: Leftovers\n|upkeep\n|turn|10\n|\n|t:|1700870118\n|move|p2a: One day|Protect|p2a: One day\n|-singleturn|p2a: One day|Protect\n|move|p1a: Mizukage|Water Spout|p2a: One day\n|-activate|p2a: One day|move: Protect\n|\n|-weather|RainDance|[upkeep]\n|-heal|p2a: One day|39\/100|[from] item: Leftovers\n|upkeep\n|turn|11\n|\n|t:|1700870126\n|move|p1a: Mizukage|Water Spout|p2a: One day\n|-resisted|p2a: One day\n|-damage|p2a: One day|0 fnt\n|faint|p2a: One day\n|\n|-weather|RainDance|[upkeep]\n|upkeep\n|\n|t:|1700870131\n|switch|p2a: Shellphone|Ditto|100\/100\n|-transform|p2a: Shellphone|p1a: Mizukage|[from] ability: Imposter\n|turn|12\n|j| Hallowed_Paladin\n|\n|t:|1700870157\n|move|p1a: Mizukage|Water Spout|p2a: Shellphone\n|-resisted|p2a: Shellphone\n|-damage|p2a: Shellphone|42\/100\n|move|p2a: Shellphone|Thunder|p1a: Mizukage\n|-supereffective|p1a: Mizukage\n|-damage|p1a: Mizukage|34\/100\n|\n|-weather|RainDance|[upkeep]\n|upkeep\n|turn|13\n|l| Hallowed_Paladin\n|\n|t:|1700870165\n|move|p1a: Mizukage|Water Spout|p2a: Shellphone\n|-resisted|p2a: Shellphone\n|-damage|p2a: Shellphone|25\/100\n|move|p2a: Shellphone|Thunder|p1a: Mizukage\n|-supereffective|p1a: Mizukage\n|-damage|p1a: Mizukage|0 fnt\n|faint|p1a: Mizukage\n|\n|-weather|none\n|upkeep\n|\n|t:|1700870171\n|switch|p1a: Dread|Salamence, M, shiny|100\/100\n|-ability|p1a: Dread|Intimidate|boost\n|-unboost|p2a: Shellphone|atk|1\n|turn|14\n|\n|t:|1700870175\n|switch|p1a: Chuckle|Shuckle, F, shiny|100\/100 slp\n|move|p2a: Shellphone|Thunder|p1a: Chuckle\n|-damage|p1a: Chuckle|69\/100 slp\n|\n|upkeep\n|turn|15\n|\n|t:|1700870183\n|move|p2a: Shellphone|Thunder|p1a: Chuckle\n|-damage|p1a: Chuckle|38\/100 slp\n|cant|p1a: Chuckle|slp\n|\n|upkeep\n|turn|16\n|\n|t:|1700870190\n|switch|p2a: Benefitted|Ho-Oh|51\/100\n|-curestatus|p1a: Chuckle|slp|[msg]\n|move|p1a: Chuckle|Encore||[still]\n|-fail|p1a: Chuckle\n|\n|upkeep\n|turn|17\n|\n|t:|1700870197\n|move|p2a: Benefitted|Sacred Fire|p1a: Chuckle\n|-damage|p1a: Chuckle|6\/100\n|move|p1a: Chuckle|Stealth Rock|p2a: Benefitted\n|-sidestart|p2: TheStroker|move: Stealth Rock\n|\n|upkeep\n|turn|18\n|\n|t:|1700870204\n|move|p2a: Benefitted|Defog|p1a: Chuckle\n|-unboost|p1a: Chuckle|evasion|1\n|-sideend|p2: TheStroker|Stealth Rock|[from] move: Defog|[of] p2a: Benefitted\n|move|p1a: Chuckle|Sticky Web|p2a: Benefitted\n|-sidestart|p2: TheStroker|move: Sticky Web\n|\n|upkeep\n|turn|19\n|\n|t:|1700870217\n|move|p2a: Benefitted|Sacred Fire|p1a: Chuckle\n|-damage|p1a: Chuckle|0 fnt\n|faint|p1a: Chuckle\n|\n|upkeep\n|\n|t:|1700870224\n|switch|p1a: Dread|Salamence, M, shiny|100\/100\n|-ability|p1a: Dread|Intimidate|boost\n|-unboost|p2a: Benefitted|atk|1\n|turn|20\n|\n|t:|1700870242\n|detailschange|p1a: Dread|Salamence-Mega, M, shiny\n|-mega|p1a: Dread|Salamence|Salamencite\n|move|p1a: Dread|Frustration|p2a: Benefitted\n|-damage|p2a: Benefitted|2\/100\n|move|p2a: Benefitted|Toxic|p1a: Dread\n|-status|p1a: Dread|tox\n|\n|-damage|p1a: Dread|94\/100 tox|[from] psn\n|upkeep\n|turn|21\n|\n|t:|1700870256\n|move|p1a: Dread|Iron Head|p2a: Benefitted\n|-resisted|p2a: Benefitted\n|-damage|p2a: Benefitted|0 fnt\n|faint|p2a: Benefitted\n|\n|-damage|p1a: Dread|82\/100 tox|[from] psn\n|upkeep\n|inactive|TheStroker has 120 seconds left.\n|\n|t:|1700870292\n|switch|p2a: Shellphone|Ditto|25\/100\n|-activate|p2a: Shellphone|move: Sticky Web\n|-unboost|p2a: Shellphone|spe|1\n|-transform|p2a: Shellphone|p1a: Dread|[from] ability: Imposter\n|turn|22\n|\n|t:|1700870306\n|switch|p1a: Life|Xerneas, shiny|100\/100\n|-ability|p1a: Life|Fairy Aura\n|move|p2a: Shellphone|Frustration|p1a: Life\n|-damage|p1a: Life|99\/100\n|\n|upkeep\n|turn|23\n|c|\u2606Cloakedbymist|You have max happiness\n|c|\u2606Cloakedbymist|it wont work if u do\n|\n|t:|1700870333\n|switch|p2a: Crack Friday|Necrozma-Dusk-Mane|100\/100\n|-activate|p2a: Crack Friday|move: Sticky Web\n|-unboost|p2a: Crack Friday|spe|1\n|move|p1a: Life|Moonblast|p2a: Crack Friday\n|-resisted|p2a: Crack Friday\n|-damage|p2a: Crack Friday|75\/100\n|\n|upkeep\n|turn|24\n|c|\u2606TheStroker|Wtf hacks\n|inactive|TheStroker has 120 seconds left.\n|c|\u2606Cloakedbymist|no\n|\n|t:|1700870345\n|switch|p1a: Feet licker 4k|Dracovish, shiny|100\/100\n|move|p2a: Crack Friday|Trick Room|p2a: Crack Friday\n|-fieldstart|move: Trick Room|[of] p2a: Crack Friday\n|\n|upkeep\n|turn|25\n|c|\u2606TheStroker|Ok\n|inactive|TheStroker has 120 seconds left.\n|\n|t:|1700870357\n|move|p2a: Crack Friday|Earthquake|p1a: Feet licker 4k\n|-damage|p1a: Feet licker 4k|53\/100\n|move|p1a: Feet licker 4k|Fishious Rend|p2a: Crack Friday\n|-damage|p2a: Crack Friday|40\/100\n|\n|upkeep\n|turn|26\n|c|\u2606Cloakedbymist|okay\n|inactive|TheStroker has 120 seconds left.\n|\n|t:|1700870369\n|-terastallize|p2a: Crack Friday|Water\n|move|p2a: Crack Friday|Earthquake|p1a: Feet licker 4k\n|-damage|p1a: Feet licker 4k|8\/100\n|move|p1a: Feet licker 4k|Fishious Rend|p2a: Crack Friday\n|-resisted|p2a: Crack Friday\n|-damage|p2a: Crack Friday|21\/100\n|\n|upkeep\n|turn|27\n|\n|t:|1700870375\n|move|p2a: Crack Friday|Sunsteel Strike|p1a: Feet licker 4k\n|-resisted|p1a: Feet licker 4k\n|-damage|p1a: Feet licker 4k|0 fnt\n|faint|p1a: Feet licker 4k\n|\n|upkeep\n|\n|t:|1700870379\n|switch|p1a: Dread|Salamence-Mega, M, shiny|82\/100 tox\n|turn|28\n|\n|t:|1700870384\n|move|p2a: Crack Friday|Stone Edge|p1a: Dread|[miss]\n|-miss|p2a: Crack Friday|p1a: Dread\n|move|p1a: Dread|Dragon Dance|p1a: Dread\n|-boost|p1a: Dread|atk|1\n|-boost|p1a: Dread|spe|1\n|\n|-damage|p1a: Dread|76\/100 tox|[from] psn\n|-fieldend|move: Trick Room\n|upkeep\n|turn|29\n|\n|t:|1700870392\n|move|p1a: Dread|Frustration|p2a: Crack Friday\n|-damage|p2a: Crack Friday|0 fnt\n|faint|p2a: Crack Friday\n|\n|-damage|p1a: Dread|64\/100 tox|[from] psn\n|upkeep\n|\n|t:|1700870395\n|switch|p2a: Shellphone|Ditto|25\/100\n|-activate|p2a: Shellphone|move: Sticky Web\n|-unboost|p2a: Shellphone|spe|1\n|-transform|p2a: Shellphone|p1a: Dread|[from] ability: Imposter\n|turn|30\n|\n|t:|1700870406\n|move|p2a: Shellphone|Iron Head|p1a: Dread\n|-damage|p1a: Dread|27\/100 tox\n|move|p1a: Dread|Dragon Claw|p2a: Shellphone\n|-supereffective|p2a: Shellphone\n|-damage|p2a: Shellphone|0 fnt\n|faint|p2a: Shellphone\n|\n|win|Cloakedbymist\n|raw|Cloakedbymist's rating: 1360 &rarr; <strong>1388<\/strong><br \/>(+28 for winning)\n|raw|TheStroker's rating: 1499 &rarr; <strong>1471<\/strong><br \/>(-28 for losing)\n|c|\u2606Cloakedbymist|gg\n|l|\u2606Cloakedbymist\n|l|\u2606TheStroker\n|l| mistahmerrikuu\n","uploadtime":1700870555,"views":1,"p1id":"cloakedbymist","p2id":"thestroker","formatid":"gen9nationaldexubers","rating":1388,"private":0,"password":""}