{"id":"gen9nationaldexubers-1983354874","p1":"DrArkane15","p2":"platinecesmoi","format":"[Gen 9] National Dex Ubers","log":"|j|\u2606DrArkane15\n|j|\u2606platinecesmoi\n|t:|1699121406\n|gametype|singles\n|player|p1|DrArkane15|cyrus|\n|player|p2|platinecesmoi|lucas|\n|teamsize|p1|3\n|teamsize|p2|3\n|gen|9\n|tier|[Gen 9] National Dex Ubers\n|rule|HP Percentage Mod: HP is shown in percentages\n|rule|Endless Battle Clause: Forcing endless battles is banned\n|rule|OHKO Clause: OHKO moves are banned\n|rule|Evasion Moves Clause: Evasion moves are banned\n|rule|Evasion Items Clause: Evasion items are banned\n|rule|Species Clause: Limit one of each Pok\u00e9mon\n|rule|Sleep Clause Mod: Limit one foe put to sleep\n|rule|Mega Rayquaza Clause: You cannot mega evolve Rayquaza\n|clearpoke\n|poke|p1|Solrock, L25|\n|poke|p1|Toedscool, L21, M|\n|poke|p1|Rhyhorn, L23, F|\n|poke|p2|Umbreon, L21, F|\n|poke|p2|Poliwag, L22, M|\n|poke|p2|Dartrix, L21, M|\n|teampreview\n|\n|t:|1699121414\n|start\n|switch|p1a: Rhyhorn|Rhyhorn, L23, F|100\/100\n|switch|p2a: Dartrix|Dartrix, L21, M|100\/100\n|turn|1\n|\n|t:|1699121426\n|move|p2a: Dartrix|Magical Leaf|p1a: Rhyhorn\n|-supereffective|p1a: Rhyhorn\n|-damage|p1a: Rhyhorn|0 fnt\n|faint|p1a: Rhyhorn\n|\n|upkeep\n|\n|t:|1699121433\n|switch|p1a: Solrock|Solrock, L25|100\/100\n|turn|2\n|\n|t:|1699121438\n|move|p1a: Solrock|Flare Blitz|p2a: Dartrix\n|-supereffective|p2a: Dartrix\n|-damage|p2a: Dartrix|0 fnt\n|faint|p2a: Dartrix\n|-damage|p1a: Solrock|78\/100|[from] Recoil\n|\n|upkeep\n|\n|t:|1699121445\n|switch|p2a: Josdark|Umbreon, L21, F|100\/100\n|turn|3\n|\n|t:|1699121450\n|move|p1a: Solrock|Rock Slide|p2a: Josdark\n|-damage|p2a: Josdark|60\/100\n|cant|p2a: Josdark|flinch\n|\n|upkeep\n|turn|4\n|\n|t:|1699121457\n|move|p1a: Solrock|Flare Blitz|p2a: Josdark\n|-damage|p2a: Josdark|21\/100\n|-damage|p1a: Solrock|68\/100|[from] Recoil\n|move|p2a: Josdark|Foul Play|p1a: Solrock\n|-supereffective|p1a: Solrock\n|-damage|p1a: Solrock|0 fnt\n|faint|p1a: Solrock\n|\n|upkeep\n|\n|t:|1699121464\n|switch|p1a: Toedscool|Toedscool, L21, M|100\/100\n|turn|5\n|\n|t:|1699121473\n|move|p1a: Toedscool|Mud Shot|p2a: Josdark\n|-damage|p2a: Josdark|8\/100\n|-unboost|p2a: Josdark|spe|1\n|move|p2a: Josdark|Foul Play|p1a: Toedscool\n|-damage|p1a: Toedscool|65\/100\n|\n|upkeep\n|turn|6\n|\n|t:|1699121481\n|move|p1a: Toedscool|Mud Shot|p2a: Josdark\n|-damage|p2a: Josdark|0 fnt\n|faint|p2a: Josdark\n|\n|upkeep\n|\n|t:|1699121487\n|switch|p2a: Ngannou|Poliwag, L22, M|100\/100\n|turn|7\n|\n|t:|1699121492\n|move|p2a: Ngannou|Hypnosis|p1a: Toedscool|[miss]\n|-miss|p2a: Ngannou|p1a: Toedscool\n|move|p1a: Toedscool|Mega Drain|p2a: Ngannou\n|-supereffective|p2a: Ngannou\n|-damage|p2a: Ngannou|36\/100\n|-heal|p1a: Toedscool|99\/100|[from] drain|[of] p2a: Ngannou\n|\n|upkeep\n|turn|8\n|\n|t:|1699121500\n|move|p2a: Ngannou|Hypnosis|p1a: Toedscool|[miss]\n|-miss|p2a: Ngannou|p1a: Toedscool\n|move|p1a: Toedscool|Mega Drain|p2a: Ngannou\n|-supereffective|p2a: Ngannou\n|-damage|p2a: Ngannou|0 fnt\n|-heal|p1a: Toedscool|100\/100|[from] drain|[of] p2a: Ngannou\n|faint|p2a: Ngannou\n|\n|win|DrArkane15\n","uploadtime":1699121510,"views":9,"p1id":"drarkane15","p2id":"platinecesmoi","formatid":"gen9nationaldexubers","rating":0,"private":0,"password":""}