{"id":"gen9nationaldexubers-1979822656","p1":"vic_ketchum","p2":"Smolflip","format":"[Gen 9] National Dex Ubers","log":"|j|\u2606vic_ketchum\n|j|\u2606Smolflip\n|t:|1698716887\n|gametype|singles\n|player|p1|vic_ketchum|ash|1044\n|player|p2|Smolflip|riley|1072\n|teamsize|p1|6\n|teamsize|p2|6\n|gen|9\n|tier|[Gen 9] National Dex Ubers\n|rated|\n|rule|HP Percentage Mod: HP is shown in percentages\n|rule|Endless Battle Clause: Forcing endless battles is banned\n|rule|OHKO Clause: OHKO moves are banned\n|rule|Evasion Moves Clause: Evasion moves are banned\n|rule|Evasion Items Clause: Evasion items are banned\n|rule|Species Clause: Limit one of each Pok\u00e9mon\n|rule|Sleep Clause Mod: Limit one foe put to sleep\n|rule|Mega Rayquaza Clause: You cannot mega evolve Rayquaza\n|clearpoke\n|poke|p1|Mewtwo|\n|poke|p1|Pheromosa|\n|poke|p1|Deoxys|\n|poke|p1|Buzzwole|\n|poke|p1|Zoroark, M|\n|poke|p1|Scizor, M|\n|poke|p2|Furret, M|\n|poke|p2|Drednaw, M|\n|poke|p2|Fezandipiti, M|\n|poke|p2|Simisage, M|\n|poke|p2|Palossand, M|\n|poke|p2|Masquerain, M|\n|teampreview\n|inactive|Battle timer is ON: inactive players will automatically lose when time's up. (requested by vic_ketchum)\n|\n|t:|1698716901\n|start\n|switch|p1a: CELL|Pheromosa|100\/100\n|switch|p2a: Masquerain|Masquerain, M|100\/100\n|-ability|p2a: Masquerain|Intimidate|boost\n|-unboost|p1a: CELL|atk|1\n|turn|1\n|\n|t:|1698716909\n|move|p1a: CELL|Poison Jab|p2a: Masquerain\n|-damage|p2a: Masquerain|69\/100\n|-status|p2a: Masquerain|psn\n|move|p2a: Masquerain|Air Slash|p1a: CELL\n|-supereffective|p1a: CELL\n|-enditem|p1a: CELL|Focus Sash\n|-damage|p1a: CELL|1\/100\n|\n|-damage|p2a: Masquerain|57\/100 psn|[from] psn\n|upkeep\n|turn|2\n|\n|t:|1698716919\n|move|p1a: CELL|Outrage|p2a: Masquerain\n|-damage|p2a: Masquerain|2\/100 psn\n|move|p2a: Masquerain|Air Slash|p1a: CELL\n|-supereffective|p1a: CELL\n|-damage|p1a: CELL|0 fnt\n|faint|p1a: CELL\n|\n|-damage|p2a: Masquerain|0 fnt|[from] psn\n|faint|p2a: Masquerain\n|upkeep\n|\n|t:|1698716943\n|switch|p1a: FREEZER|Mewtwo|100\/100\n|switch|p2a: Palossand|Palossand, M|100\/100\n|-ability|p1a: FREEZER|Pressure\n|turn|3\n|\n|t:|1698716969\n|move|p1a: FREEZER|Ice Beam|p2a: Palossand\n|-supereffective|p2a: Palossand\n|-damage|p2a: Palossand|22\/100\n|move|p2a: Palossand|Shadow Ball|p1a: FREEZER\n|-supereffective|p1a: FREEZER\n|-damage|p1a: FREEZER|20\/100\n|\n|upkeep\n|turn|4\n|\n|t:|1698716976\n|move|p1a: FREEZER|Ice Beam|p2a: Palossand\n|-supereffective|p2a: Palossand\n|-damage|p2a: Palossand|0 fnt\n|faint|p2a: Palossand\n|\n|upkeep\n|\n|t:|1698716979\n|switch|p2a: Drednaw|Drednaw, M|100\/100\n|turn|5\n|\n|t:|1698716983\n|move|p1a: FREEZER|Thunderbolt|p2a: Drednaw\n|-supereffective|p2a: Drednaw\n|-damage|p2a: Drednaw|21\/100\n|move|p2a: Drednaw|Scale Shot|p1a: FREEZER\n|-damage|p1a: FREEZER|10\/100\n|-damage|p1a: FREEZER|0 fnt\n|faint|p1a: FREEZER\n|-hitcount|p1: FREEZER|2\n|-unboost|p2a: Drednaw|def|1\n|-boost|p2a: Drednaw|spe|1\n|-damage|p2a: Drednaw|11\/100|[from] item: Life Orb\n|\n|upkeep\n|\n|t:|1698716994\n|switch|p1a: XICOR|Scizor, M, shiny|100\/100\n|turn|6\n|\n|t:|1698716998\n|move|p1a: XICOR|Bullet Punch|p2a: Drednaw\n|-damage|p2a: Drednaw|0 fnt\n|faint|p2a: Drednaw\n|\n|upkeep\n|\n|t:|1698717005\n|switch|p2a: Furret|Furret, M|100\/100\n|-item|p1a: XICOR|Focus Sash|[from] ability: Frisk|[of] p2a: Furret|[identify]\n|turn|7\n|\n|t:|1698717010\n|move|p2a: Furret|Fire Punch|p1a: XICOR\n|-supereffective|p1a: XICOR\n|-damage|p1a: XICOR|21\/100\n|move|p1a: XICOR|Swords Dance|p1a: XICOR\n|-boost|p1a: XICOR|atk|2\n|\n|upkeep\n|turn|8\n|\n|t:|1698717016\n|move|p1a: XICOR|Bullet Punch|p2a: Furret\n|-damage|p2a: Furret|6\/100\n|move|p2a: Furret|Fire Punch|p1a: XICOR\n|-supereffective|p1a: XICOR\n|-damage|p1a: XICOR|0 fnt\n|faint|p1a: XICOR\n|\n|upkeep\n|\n|t:|1698717023\n|switch|p1a: BROLY|Buzzwole, shiny|100\/100\n|turn|9\n|\n|t:|1698717031\n|move|p2a: Furret|Fire Punch|p1a: BROLY\n|-supereffective|p1a: BROLY\n|-damage|p1a: BROLY|73\/100\n|move|p1a: BROLY|Thunder Punch|p2a: Furret\n|-damage|p2a: Furret|0 fnt\n|faint|p2a: Furret\n|-ability|p1a: BROLY|Beast Boost|boost\n|-boost|p1a: BROLY|atk|1\n|\n|upkeep\n|\n|t:|1698717035\n|switch|p2a: Fezandipiti|Fezandipiti, M|100\/100\n|turn|10\n|\n|t:|1698717041\n|move|p2a: Fezandipiti|Dual Wingbeat|p1a: BROLY\n|-supereffective|p1a: BROLY\n|-damage|p1a: BROLY|41\/100\n|-supereffective|p1a: BROLY\n|-damage|p1a: BROLY|5\/100\n|-hitcount|p1a: BROLY|2\n|move|p1a: BROLY|Outrage|p2a: Fezandipiti\n|-immune|p2a: Fezandipiti\n|\n|upkeep\n|turn|11\n|\n|t:|1698717050\n|move|p2a: Fezandipiti|Cross Poison|p1a: BROLY\n|-damage|p1a: BROLY|0 fnt\n|faint|p1a: BROLY\n|\n|upkeep\n|\n|t:|1698717054\n|switch|p1a: MAJIN BUU|Deoxys|100\/100\n|-ability|p1a: MAJIN BUU|Pressure\n|turn|12\n|\n|t:|1698717063\n|move|p1a: MAJIN BUU|Psyshock|p2a: Fezandipiti\n|-supereffective|p2a: Fezandipiti\n|-damage|p2a: Fezandipiti|0 fnt\n|faint|p2a: Fezandipiti\n|\n|upkeep\n|\n|t:|1698717066\n|switch|p2a: Simisage|Simisage, M|100\/100\n|turn|13\n|\n|t:|1698717070\n|-terastallize|p2a: Simisage|Grass\n|move|p1a: MAJIN BUU|Fire Punch|p2a: Simisage\n|-supereffective|p2a: Simisage\n|-damage|p2a: Simisage|0 fnt\n|faint|p2a: Simisage\n|\n|win|vic_ketchum\n|raw|vic_ketchum's rating: 1044 &rarr; <strong>1080<\/strong><br \/>(+36 for winning)\n|raw|Smolflip's rating: 1072 &rarr; <strong>1050<\/strong><br \/>(-22 for losing)\n|l|\u2606Smolflip\n","uploadtime":1698717082,"views":11,"p1id":"vicketchum","p2id":"smolflip","formatid":"gen9nationaldexubers","rating":1050,"private":0,"password":""}