{"id":"gen9nationaldexubers-1985960912","p1":"ServiperSweep","p2":"EdgarASP","format":"[Gen 9] National Dex Ubers","log":"|j|\u2606ServiperSweep\n|j|\u2606EdgarASP\n|t:|1699430189\n|gametype|singles\n|player|p1|ServiperSweep|cynthia-gen4|\n|player|p2|EdgarASP|acetrainerf-gen4|\n|teamsize|p1|6\n|teamsize|p2|6\n|gen|9\n|tier|[Gen 9] National Dex Ubers\n|rule|HP Percentage Mod: HP is shown in percentages\n|rule|Endless Battle Clause: Forcing endless battles is banned\n|rule|OHKO Clause: OHKO moves are banned\n|rule|Evasion Moves Clause: Evasion moves are banned\n|rule|Evasion Items Clause: Evasion items are banned\n|rule|Species Clause: Limit one of each Pok\u00e9mon\n|rule|Sleep Clause Mod: Limit one foe put to sleep\n|rule|Mega Rayquaza Clause: You cannot mega evolve Rayquaza\n|clearpoke\n|poke|p1|Great Tusk|\n|poke|p1|Gholdengo|\n|poke|p1|Tyranitar, F|\n|poke|p1|Serperior, F|\n|poke|p1|Garganacl, F|\n|poke|p1|Skeledirge, F|\n|poke|p2|Cobalion|\n|poke|p2|Iron Valiant|\n|poke|p2|Hatterene, F|\n|poke|p2|Empoleon, F|\n|poke|p2|Goodra, M|\n|poke|p2|Iron Thorns|\n|teampreview\n|j| Maribar\n|j| SkywardSD\n|\n|t:|1699430240\n|start\n|switch|p1a: Default|Garganacl, F|100\/100\n|switch|p2a: Hatterene|Hatterene, F|100\/100\n|turn|1\n|\n|t:|1699430261\n|switch|p2a: Iron Valiant|Iron Valiant|100\/100\n|-enditem|p2a: Iron Valiant|Booster Energy\n|-activate|p2a: Iron Valiant|ability: Quark Drive|[fromitem]\n|-start|p2a: Iron Valiant|quarkdrivespe\n|move|p1a: Default|Salt Cure|p2a: Iron Valiant\n|-resisted|p2a: Iron Valiant\n|-damage|p2a: Iron Valiant|92\/100\n|-start|p2a: Iron Valiant|Salt Cure\n|\n|-damage|p2a: Iron Valiant|79\/100|[from] Salt Cure\n|upkeep\n|turn|2\n|\n|t:|1699430279\n|move|p2a: Iron Valiant|Close Combat|p1a: Default\n|-supereffective|p1a: Default\n|-damage|p1a: Default|32\/100\n|-unboost|p2a: Iron Valiant|def|1\n|-unboost|p2a: Iron Valiant|spd|1\n|move|p1a: Default|Recover|p1a: Default\n|-heal|p1a: Default|82\/100\n|\n|-heal|p1a: Default|88\/100|[from] item: Leftovers\n|-damage|p2a: Iron Valiant|67\/100|[from] Salt Cure\n|upkeep\n|turn|3\n|\n|t:|1699430318\n|-end|p2a: Iron Valiant|Quark Drive|[silent]\n|switch|p2a: Empoleon|Empoleon, F|100\/100\n|move|p1a: Default|Protect||[still]\n|-fail|p1a: Default\n|\n|-heal|p1a: Default|95\/100|[from] item: Leftovers\n|upkeep\n|turn|4\n|\n|t:|1699430327\n|move|p2a: Empoleon|Scald|p1a: Default\n|-supereffective|p1a: Default\n|-damage|p1a: Default|44\/100\n|move|p1a: Default|Salt Cure|p2a: Empoleon\n|-resisted|p2a: Empoleon\n|-damage|p2a: Empoleon|94\/100\n|-start|p2a: Empoleon|Salt Cure\n|\n|-heal|p1a: Default|50\/100|[from] item: Leftovers\n|-damage|p2a: Empoleon|69\/100|[from] Salt Cure\n|upkeep\n|turn|5\n|\n|t:|1699430344\n|move|p2a: Empoleon|Flip Turn|p1a: Default\n|-supereffective|p1a: Default\n|-damage|p1a: Default|25\/100\n|\n|t:|1699430350\n|switch|p2a: Hatterene|Hatterene, F|100\/100|[from] Flip Turn\n|move|p1a: Default|Recover|p1a: Default\n|-heal|p1a: Default|75\/100\n|\n|-heal|p1a: Default|81\/100|[from] item: Leftovers\n|upkeep\n|turn|6\n|\n|t:|1699430365\n|move|p1a: Default|Salt Cure|p2a: Hatterene\n|-damage|p2a: Hatterene|87\/100\n|-start|p2a: Hatterene|Salt Cure\n|move|p2a: Hatterene|Aromatherapy||[still]\n|-activate|p2a: Hatterene|move: Aromatherapy\n|-fail|p2a: Hatterene\n|\n|-heal|p1a: Default|87\/100|[from] item: Leftovers\n|-heal|p2a: Hatterene|93\/100|[from] item: Leftovers\n|-damage|p2a: Hatterene|81\/100|[from] Salt Cure\n|upkeep\n|turn|7\n|\n|t:|1699430422\n|move|p1a: Default|Salt Cure|p2a: Hatterene\n|-damage|p2a: Hatterene|68\/100\n|move|p2a: Hatterene|Trick Room|p2a: Hatterene\n|-fieldstart|move: Trick Room|[of] p2a: Hatterene\n|\n|-heal|p2a: Hatterene|74\/100|[from] item: Leftovers\n|-heal|p1a: Default|93\/100|[from] item: Leftovers\n|-damage|p2a: Hatterene|61\/100|[from] Salt Cure\n|upkeep\n|turn|8\n|\n|t:|1699430543\n|switch|p2a: Cobalion|Cobalion|100\/100\n|move|p1a: Default|Salt Cure|p2a: Cobalion\n|-resisted|p2a: Cobalion\n|-damage|p2a: Cobalion|98\/100\n|-start|p2a: Cobalion|Salt Cure\n|\n|-heal|p1a: Default|99\/100|[from] item: Leftovers\n|-damage|p2a: Cobalion|73\/100|[from] Salt Cure\n|upkeep\n|turn|9\n|\n|t:|1699430589\n|switch|p1a: Skeledirge|Skeledirge, F|100\/100\n|move|p2a: Cobalion|Sacred Sword|p1a: Skeledirge\n|-immune|p1a: Skeledirge\n|\n|-damage|p2a: Cobalion|48\/100|[from] Salt Cure\n|upkeep\n|turn|10\n|\n|t:|1699430609\n|switch|p2a: Iron Thorns|Iron Thorns, shiny|100\/100\n|move|p1a: Skeledirge|Torch Song|p2a: Iron Thorns\n|-resisted|p2a: Iron Thorns\n|-damage|p2a: Iron Thorns|92\/100\n|-boost|p1a: Skeledirge|spa|1\n|\n|upkeep\n|turn|11\n|\n|t:|1699430619\n|move|p2a: Iron Thorns|Heavy Slam|p1a: Skeledirge\n|-resisted|p1a: Skeledirge\n|-damage|p1a: Skeledirge|94\/100\n|move|p1a: Skeledirge|Will-O-Wisp|p2a: Iron Thorns\n|-status|p2a: Iron Thorns|brn\n|\n|-damage|p2a: Iron Thorns|86\/100 brn|[from] brn\n|-fieldend|move: Trick Room\n|upkeep\n|turn|12\n|\n|t:|1699430645\n|-end|p2a: Iron Thorns|Quark Drive|[silent]\n|switch|p2a: Empoleon|Empoleon, F|69\/100\n|move|p1a: Skeledirge|Hex|p2a: Empoleon\n|-damage|p2a: Empoleon|35\/100\n|\n|upkeep\n|turn|13\n|\n|t:|1699430658\n|move|p1a: Skeledirge|Torch Song|p2a: Empoleon\n|-damage|p2a: Empoleon|0 fnt\n|-boost|p1a: Skeledirge|spa|1\n|faint|p2a: Empoleon\n|\n|upkeep\n|\n|t:|1699430672\n|switch|p2a: Iron Thorns|Iron Thorns, shiny|86\/100 brn\n|turn|14\n|\n|t:|1699430685\n|move|p1a: Skeledirge|Hex|p2a: Iron Thorns\n|-damage|p2a: Iron Thorns|28\/100 brn\n|move|p2a: Iron Thorns|Earthquake|p1a: Skeledirge\n|-supereffective|p1a: Skeledirge\n|-damage|p1a: Skeledirge|64\/100\n|\n|-damage|p2a: Iron Thorns|22\/100 brn|[from] brn\n|upkeep\n|turn|15\n|\n|t:|1699430705\n|-end|p2a: Iron Thorns|Quark Drive|[silent]\n|switch|p2a: Hatterene|Hatterene, F|61\/100\n|move|p1a: Skeledirge|Slack Off|p1a: Skeledirge\n|-heal|p1a: Skeledirge|100\/100\n|\n|-heal|p2a: Hatterene|67\/100|[from] item: Leftovers\n|upkeep\n|turn|16\n|\n|t:|1699430720\n|move|p1a: Skeledirge|Hex|p2a: Hatterene\n|-supereffective|p2a: Hatterene\n|-damage|p2a: Hatterene|0 fnt\n|faint|p2a: Hatterene\n|\n|upkeep\n|-message|EdgarASP forfeited.\n|\n|win|ServiperSweep\n|l|\u2606EdgarASP\n|l|\u2606ServiperSweep\n","uploadtime":1699430739,"views":19,"p1id":"servipersweep","p2id":"edgarasp","formatid":"gen9nationaldexubers","rating":0,"private":0,"password":""}