{"id":"gen9nationaldexubers-1983422330","p1":"Plush Candy","p2":"Pnomenom","format":"[Gen 9] National Dex Ubers","log":"|j|\u2606Plush Candy\n|j|\u2606Pnomenom\n|t:|1699128476\n|gametype|singles\n|player|p1|Plush Candy|blue-gen1two|1122\n|player|p2|Pnomenom|265|1102\n|teamsize|p1|6\n|teamsize|p2|6\n|gen|9\n|tier|[Gen 9] National Dex Ubers\n|rated|\n|rule|HP Percentage Mod: HP is shown in percentages\n|rule|Endless Battle Clause: Forcing endless battles is banned\n|rule|OHKO Clause: OHKO moves are banned\n|rule|Evasion Moves Clause: Evasion moves are banned\n|rule|Evasion Items Clause: Evasion items are banned\n|rule|Species Clause: Limit one of each Pok\u00e9mon\n|rule|Sleep Clause Mod: Limit one foe put to sleep\n|rule|Mega Rayquaza Clause: You cannot mega evolve Rayquaza\n|clearpoke\n|poke|p1|Lycanroc-Midnight, F|\n|poke|p1|Bronzong|\n|poke|p1|Necrozma-Dawn-Wings|\n|poke|p1|Aurorus, M|\n|poke|p1|Hatterene, F|\n|poke|p1|Baxcalibur, M|\n|poke|p2|Kyurem-White|\n|poke|p2|Iron Bundle|\n|poke|p2|Ninetales-Alola, M|\n|poke|p2|Abomasnow, F|\n|poke|p2|Cloyster, F|\n|poke|p2|Cetitan, F|\n|teampreview\n|c|\u2606Plush Candy|An Ice mono\n|c|\u2606Plush Candy|I respect you good sir\n|c|\u2606Pnomenom|its just a test team\n|c|\u2606Pnomenom|i like ice types\n|c|\u2606Pnomenom|i have a bug mono team too\n|c|\u2606Plush Candy|Same here brother\n|c|\u2606Pnomenom|:D\n|inactive|Battle timer is ON: inactive players will automatically lose when time's up. (requested by Pnomenom)\n|c|\u2606Plush Candy|Ice Types are glorious but are so heavily shadowed by their weaknesses\n|\n|t:|1699128533\n|start\n|switch|p1a: Hell Bell|Bronzong, shiny|100\/100\n|switch|p2a: Ninetales|Ninetales-Alola, M, shiny|100\/100\n|-weather|Snow|[from] ability: Snow Warning|[of] p2a: Ninetales\n|turn|1\n|c|\u2606Pnomenom|yeahh\n|\n|t:|1699128543\n|move|p2a: Ninetales|Aurora Veil|p2a: Ninetales\n|-sidestart|p2: Pnomenom|move: Aurora Veil\n|move|p1a: Hell Bell|Trick Room|p1a: Hell Bell\n|-fieldstart|move: Trick Room|[of] p1a: Hell Bell\n|\n|-weather|Snow|[upkeep]\n|upkeep\n|turn|2\n|\n|t:|1699128549\n|move|p1a: Hell Bell|Gyro Ball|p2a: Ninetales\n|-supereffective|p2a: Ninetales\n|-damage|p2a: Ninetales|14\/100\n|move|p2a: Ninetales|Encore|p1a: Hell Bell\n|-start|p1a: Hell Bell|Encore\n|\n|-weather|Snow|[upkeep]\n|upkeep\n|turn|3\n|c|\u2606Pnomenom|oh right i forgot about that\n|\n|t:|1699128558\n|switch|p2a: Kyurem|Kyurem-White|100\/100\n|-ability|p2a: Kyurem|Turboblaze\n|move|p1a: Hell Bell|Gyro Ball|p2a: Kyurem\n|-supereffective|p2a: Kyurem\n|-damage|p2a: Kyurem|79\/100\n|\n|-weather|Snow|[upkeep]\n|-heal|p2a: Kyurem|85\/100|[from] item: Leftovers\n|upkeep\n|turn|4\n|inactive|Plush Candy has 120 seconds left.\n|c|\u2606Plush Candy|I recommend running a Kyurem-B WP set, I run it all the time and obliterate everything\n|\n|t:|1699128601\n|move|p1a: Hell Bell|Gyro Ball|p2a: Kyurem\n|-supereffective|p2a: Kyurem\n|-damage|p2a: Kyurem|63\/100\n|move|p2a: Kyurem|Dragon Dance|p2a: Kyurem\n|-boost|p2a: Kyurem|atk|1\n|-boost|p2a: Kyurem|spe|1\n|\n|-weather|Snow|[upkeep]\n|-heal|p2a: Kyurem|70\/100|[from] item: Leftovers\n|upkeep\n|turn|5\n|c|\u2606Pnomenom|i like kyurem white more\n|c|\u2606Pnomenom|i dont play to win i play to have fun lol\n|c|\u2606Plush Candy|Fair\n|\n|t:|1699128628\n|move|p1a: Hell Bell|Gyro Ball|p2a: Kyurem\n|-supereffective|p2a: Kyurem\n|-damage|p2a: Kyurem|38\/100\n|move|p2a: Kyurem|Fusion Flare|p1a: Hell Bell\n|-supereffective|p1a: Hell Bell\n|-damage|p1a: Hell Bell|35\/100\n|\n|-weather|none\n|-heal|p2a: Kyurem|44\/100|[from] item: Leftovers\n|-end|p1a: Hell Bell|Encore\n|-sideend|p2: Pnomenom|move: Aurora Veil\n|-fieldend|move: Trick Room\n|upkeep\n|turn|6\n|c|\u2606Pnomenom|heatproof?\n|inactive|Plush Candy has 120 seconds left.\n|\n|t:|1699128644\n|switch|p1a: Hatterene|Hatterene, F|100\/100\n|move|p2a: Kyurem|Earth Power|p1a: Hatterene\n|-damage|p1a: Hatterene|66\/100\n|\n|-heal|p2a: Kyurem|51\/100|[from] item: Leftovers\n|upkeep\n|turn|7\n|inactive|Plush Candy has 120 seconds left.\n|\n|t:|1699128661\n|move|p2a: Kyurem|Fusion Flare|p1a: Hatterene\n|-damage|p1a: Hatterene|22\/100\n|move|p1a: Hatterene|Dazzling Gleam|p2a: Kyurem\n|-supereffective|p2a: Kyurem\n|-damage|p2a: Kyurem|0 fnt\n|faint|p2a: Kyurem\n|-damage|p1a: Hatterene|12\/100|[from] item: Life Orb\n|\n|upkeep\n|c|\u2606Pnomenom|ah unfortunate\n|inactive|Pnomenom has 120 seconds left.\n|\n|t:|1699128673\n|switch|p2a: Ninetales|Ninetales-Alola, M, shiny|14\/100\n|-weather|Snow|[from] ability: Snow Warning|[of] p2a: Ninetales\n|turn|8\n|inactive|Plush Candy has 120 seconds left.\n|\n|t:|1699128678\n|move|p2a: Ninetales|Aurora Veil|p2a: Ninetales\n|-sidestart|p2: Pnomenom|move: Aurora Veil\n|move|p1a: Hatterene|Trick Room|p1a: Hatterene\n|-fieldstart|move: Trick Room|[of] p1a: Hatterene\n|\n|-weather|Snow|[upkeep]\n|upkeep\n|turn|9\n|\n|t:|1699128686\n|switch|p2a: Cetitan|Cetitan, F, shiny|100\/100\n|move|p1a: Hatterene|Mystical Fire|p2a: Cetitan\n|-supereffective|p2a: Cetitan\n|-damage|p2a: Cetitan|73\/100\n|-unboost|p2a: Cetitan|spa|1\n|-damage|p1a: Hatterene|2\/100|[from] item: Life Orb\n|\n|-weather|Snow|[upkeep]\n|upkeep\n|turn|10\n|\n|t:|1699128706\n|move|p1a: Hatterene|Mystical Fire|p2a: Cetitan\n|-supereffective|p2a: Cetitan\n|-damage|p2a: Cetitan|42\/100\n|-unboost|p2a: Cetitan|spa|1\n|-damage|p1a: Hatterene|0 fnt|[from] item: Life Orb\n|faint|p1a: Hatterene\n|move|p2a: Cetitan|Ice Punch|p1: Hatterene|[notarget]\n|-fail|p2a: Cetitan\n|\n|-weather|Snow|[upkeep]\n|upkeep\n|c|\u2606Pnomenom|well uhh\n|c|\u2606Plush Candy|No, Levitate\n|inactive|Plush Candy has 120 seconds left.\n|\n|t:|1699128724\n|switch|p1a: Lyk|Baxcalibur, M, shiny|100\/100\n|turn|11\n|c|\u2606Pnomenom|ah is fusion flare just bad???\n|c|\u2606Pnomenom|thats unfortunate\n|\n|t:|1699128737\n|move|p2a: Cetitan|Blizzard|p1a: Lyk\n|-damage|p1a: Lyk|88\/100\n|move|p1a: Lyk|Iron Head|p2a: Cetitan\n|-supereffective|p2a: Cetitan\n|-crit|p2a: Cetitan\n|-damage|p2a: Cetitan|0 fnt\n|faint|p2a: Cetitan\n|\n|-weather|Snow|[upkeep]\n|upkeep\n|inactive|Pnomenom has 120 seconds left.\n|\n|t:|1699128756\n|switch|p2a: Ninetales|Ninetales-Alola, M, shiny|14\/100\n|turn|12\n|inactive|Plush Candy has 120 seconds left.\n|c|\u2606Plush Candy|No, i just invested a lot of Spdef into Hell Bell\n|c|\u2606Pnomenom|ah make sense\n|\n|t:|1699128787\n|move|p1a: Lyk|Dragon Dance|p1a: Lyk\n|-boost|p1a: Lyk|atk|1\n|-boost|p1a: Lyk|spe|1\n|move|p2a: Ninetales|Dazzling Gleam|p1a: Lyk\n|-supereffective|p1a: Lyk\n|-damage|p1a: Lyk|44\/100\n|\n|-weather|none\n|-sideend|p2: Pnomenom|move: Aurora Veil\n|-fieldend|move: Trick Room\n|upkeep\n|turn|13\n|c|\u2606Pnomenom|makes*\n|\n|t:|1699128794\n|move|p1a: Lyk|Iron Head|p2a: Ninetales\n|-supereffective|p2a: Ninetales\n|-damage|p2a: Ninetales|0 fnt\n|faint|p2a: Ninetales\n|\n|upkeep\n|\n|t:|1699128805\n|switch|p2a: Cloyster|Cloyster, F, shiny|100\/100\n|turn|14\n|\n|t:|1699128813\n|-terastallize|p2a: Cloyster|Water\n|move|p1a: Lyk|Glaive Rush|p2a: Cloyster\n|-damage|p2a: Cloyster|0 fnt\n|-singlemove|p1a: Lyk|Glaive Rush|[silent]\n|faint|p2a: Cloyster\n|\n|upkeep\n|c|\u2606Pnomenom|well uhh\n|\n|t:|1699128825\n|switch|p2a: Abomasnow|Abomasnow, F, shiny|100\/100\n|-weather|Snow|[from] ability: Snow Warning|[of] p2a: Abomasnow\n|turn|15\n|c|\u2606Pnomenom|gg i think\n|\n|t:|1699128835\n|detailschange|p2a: Abomasnow|Abomasnow-Mega, F, shiny\n|-mega|p2a: Abomasnow|Abomasnow|Abomasite\n|move|p1a: Lyk|Iron Head|p2a: Abomasnow\n|-supereffective|p2a: Abomasnow\n|-damage|p2a: Abomasnow|57\/100\n|move|p2a: Abomasnow|Earthquake|p1a: Lyk\n|-damage|p1a: Lyk|27\/100\n|\n|-weather|Snow|[upkeep]\n|upkeep\n|turn|16\n|c|\u2606Plush Candy|How did we both survive that\n|inactive|Plush Candy has 120 seconds left.\n|c|\u2606Pnomenom|i have no idea\n|\n|t:|1699128865\n|move|p1a: Lyk|Icicle Spear|p2a: Abomasnow\n|-damage|p2a: Abomasnow|46\/100\n|-damage|p2a: Abomasnow|35\/100\n|-damage|p2a: Abomasnow|24\/100\n|-damage|p2a: Abomasnow|15\/100\n|-hitcount|p2a: Abomasnow|4\n|move|p2a: Abomasnow|Iron Tail|p1a: Lyk|[miss]\n|-miss|p2a: Abomasnow|p1a: Lyk\n|\n|-weather|Snow|[upkeep]\n|upkeep\n|turn|17\n|c|\u2606Pnomenom|i do have the defense buff from the snow?\n|inactive|Plush Candy has 120 seconds left.\n|c|\u2606Pnomenom|i hate being alive\n|c|\u2606Plush Candy|Oh right\n|c|\u2606Plush Candy|Forgot got reworked into Snow\n|inactive|Plush Candy has 90 seconds left.\n|c|\u2606Plush Candy|Forgot hail* git reworked\n|\n|t:|1699128916\n|move|p1a: Lyk|Icicle Spear|p2a: Abomasnow\n|-damage|p2a: Abomasnow|4\/100\n|-damage|p2a: Abomasnow|0 fnt\n|faint|p2a: Abomasnow\n|-hitcount|p2: Abomasnow|2\n|\n|-weather|Snow|[upkeep]\n|upkeep\n|\n|t:|1699128924\n|switch|p2a: Iron Bundle|Iron Bundle, shiny|100\/100\n|-enditem|p2a: Iron Bundle|Booster Energy\n|-activate|p2a: Iron Bundle|ability: Quark Drive|[fromitem]\n|-start|p2a: Iron Bundle|quarkdrivespa\n|turn|18\n|inactive|Plush Candy has 90 seconds left.\n|\n|t:|1699128936\n|move|p1a: Lyk|Glaive Rush|p2a: Iron Bundle\n|-damage|p2a: Iron Bundle|23\/100\n|-singlemove|p1a: Lyk|Glaive Rush|[silent]\n|move|p2a: Iron Bundle|Freeze-Dry|p1a: Lyk\n|-damage|p1a: Lyk|0 fnt\n|faint|p1a: Lyk\n|\n|-weather|Snow|[upkeep]\n|upkeep\n|inactive|Plush Candy has 90 seconds left.\n|c|\u2606Plush Candy|Outspeed by 1 point\n|\n|t:|1699128955\n|switch|p1a: Jewel|Lycanroc-Midnight, F, shiny|100\/100\n|turn|19\n|\n|t:|1699128962\n|-terastallize|p1a: Jewel|Ghost\n|move|p2a: Iron Bundle|Hydro Pump|p1a: Jewel\n|-damage|p1a: Jewel|9\/100\n|move|p1a: Jewel|Stone Edge|p2a: Iron Bundle\n|-supereffective|p2a: Iron Bundle\n|-damage|p2a: Iron Bundle|0 fnt\n|faint|p2a: Iron Bundle\n|-end|p2a: Iron Bundle|Quark Drive|[silent]\n|\n|win|Plush Candy\n|raw|Plush Candy's rating: 1122 &rarr; <strong>1146<\/strong><br \/>(+24 for winning)\n|raw|Pnomenom's rating: 1102 &rarr; <strong>1078<\/strong><br \/>(-24 for losing)\n|c|\u2606Pnomenom|ahhh that sucksss\n|c|\u2606Pnomenom|ggs\n|c|\u2606Plush Candy|Gg\n|l|\u2606Pnomenom\n|c|\u2606Plush Candy|Keep true to the Ice types\n","uploadtime":1699128998,"views":7,"p1id":"plushcandy","p2id":"pnomenom","formatid":"gen9nationaldexubers","rating":1078,"private":0,"password":""}