{"id":"gen9nationaldexubers-1978004589","p1":"Fairy Mercedes","p2":"pricicle","format":"[Gen 9] National Dex Ubers","log":"|j|\u2606Fairy Mercedes\n|j|\u2606pricicle\n|t:|1698482677\n|gametype|singles\n|player|p1|Fairy Mercedes|irida|\n|player|p2|pricicle|102|\n|teamsize|p1|6\n|teamsize|p2|6\n|gen|9\n|tier|[Gen 9] National Dex Ubers\n|rule|HP Percentage Mod: HP is shown in percentages\n|rule|Endless Battle Clause: Forcing endless battles is banned\n|rule|OHKO Clause: OHKO moves are banned\n|rule|Evasion Moves Clause: Evasion moves are banned\n|rule|Evasion Items Clause: Evasion items are banned\n|rule|Species Clause: Limit one of each Pok\u00e9mon\n|rule|Sleep Clause Mod: Limit one foe put to sleep\n|rule|Mega Rayquaza Clause: You cannot mega evolve Rayquaza\n|clearpoke\n|poke|p1|Charizard, M|\n|poke|p1|Tapu Lele|\n|poke|p1|Ogerpon-Hearthflame, F|\n|poke|p1|Lilligant-Hisui, F|\n|poke|p1|Samurott-Hisui, M|\n|poke|p1|Great Tusk|\n|poke|p2|Dondozo, M|\n|poke|p2|Mienshao, M|\n|poke|p2|Okidogi, M|\n|poke|p2|Typhlosion-Hisui, F|\n|poke|p2|Florges, F|\n|poke|p2|Noivern, M|\n|teampreview\n|\n|t:|1698482696\n|start\n|switch|p1a: Tapu Lele|Tapu Lele|100\/100\n|switch|p2a: Mienshao|Mienshao, M|100\/100\n|-fieldstart|move: Psychic Terrain|[from] ability: Psychic Surge|[of] p1a: Tapu Lele\n|turn|1\n|\n|t:|1698482714\n|move|p1a: Tapu Lele|Moonblast|p2a: Mienshao\n|-supereffective|p2a: Mienshao\n|-enditem|p2a: Mienshao|Focus Sash\n|-damage|p2a: Mienshao|1\/100\n|move|p2a: Mienshao|Poison Jab|p1a: Tapu Lele\n|-supereffective|p1a: Tapu Lele\n|-damage|p1a: Tapu Lele|2\/100\n|\n|upkeep\n|turn|2\n|c|\u2606Fairy Mercedes|Lele makes her own sash\n|\n|t:|1698482774\n|switch|p2a: Noivern|Noivern, M|100\/100\n|-item|p1a: Tapu Lele|Choice Scarf|[from] ability: Frisk|[of] p2a: Noivern|[identify]\n|move|p1a: Tapu Lele|Moonblast|p2a: Noivern\n|-supereffective|p2a: Noivern\n|-damage|p2a: Noivern|0 fnt\n|faint|p2a: Noivern\n|\n|upkeep\n|\n|t:|1698482786\n|switch|p2a: Mienshao|Mienshao, M|34\/100\n|turn|3\n|\n|t:|1698482789\n|switch|p2a: Dondozo|Dondozo, M|100\/100\n|move|p1a: Tapu Lele|Moonblast|p2a: Dondozo\n|-damage|p2a: Dondozo|71\/100\n|\n|upkeep\n|turn|4\n|\n|t:|1698482813\n|switch|p1a: Lilligant|Lilligant-Hisui, F|100\/100\n|move|p2a: Dondozo|Heavy Slam|p1a: Lilligant\n|-damage|p1a: Lilligant|48\/100\n|\n|upkeep\n|turn|5\n|\n|t:|1698482830\n|move|p1a: Lilligant|Leaf Blade|p2a: Dondozo\n|-supereffective|p2a: Dondozo\n|-damage|p2a: Dondozo|27\/100\n|move|p2a: Dondozo|Avalanche|p1a: Lilligant\n|-supereffective|p1a: Lilligant\n|-damage|p1a: Lilligant|0 fnt\n|faint|p1a: Lilligant\n|\n|-fieldend|move: Psychic Terrain\n|upkeep\n|\n|t:|1698482844\n|switch|p1a: Charizard|Charizard, M|100\/100\n|turn|6\n|\n|t:|1698482856\n|detailschange|p1a: Charizard|Charizard-Mega-Y, M\n|-mega|p1a: Charizard|Charizard|Charizardite Y\n|-weather|SunnyDay|[from] ability: Drought|[of] p1a: Charizard\n|move|p1a: Charizard|Solar Beam||[still]\n|-prepare|p1a: Charizard|Solar Beam\n|-anim|p1a: Charizard|Solar Beam|p2a: Dondozo\n|-supereffective|p2a: Dondozo\n|-damage|p2a: Dondozo|0 fnt\n|faint|p2a: Dondozo\n|\n|-weather|SunnyDay|[upkeep]\n|upkeep\n|\n|t:|1698482894\n|switch|p2a: Florges|Florges, F|100\/100\n|turn|7\n|\n|t:|1698482899\n|move|p1a: Charizard|Weather Ball|p2a: Florges\n|-damage|p2a: Florges|25\/100\n|move|p2a: Florges|Moonblast|p1a: Charizard\n|-resisted|p1a: Charizard\n|-damage|p1a: Charizard|78\/100\n|\n|-weather|SunnyDay|[upkeep]\n|upkeep\n|turn|8\n|\n|t:|1698482935\n|move|p1a: Charizard|Weather Ball|p2a: Florges\n|-damage|p2a: Florges|0 fnt\n|faint|p2a: Florges\n|\n|-weather|SunnyDay|[upkeep]\n|upkeep\n|\n|t:|1698482979\n|switch|p2a: Mienshao|Mienshao, M|67\/100\n|turn|9\n|\n|t:|1698482986\n|move|p1a: Charizard|Weather Ball|p2a: Mienshao\n|-damage|p2a: Mienshao|0 fnt\n|faint|p2a: Mienshao\n|\n|-weather|SunnyDay|[upkeep]\n|upkeep\n|\n|t:|1698482991\n|switch|p2a: Typhlosion|Typhlosion-Hisui, F|100\/100\n|turn|10\n|\n|t:|1698482997\n|switch|p1a: Samurott|Samurott-Hisui, M|100\/100\n|move|p2a: Typhlosion|Extrasensory|p1a: Samurott\n|-immune|p1a: Samurott\n|\n|-weather|none\n|upkeep\n|turn|11\n|\n|t:|1698483016\n|switch|p2a: Okidogi|Okidogi, M|100\/100\n|move|p1a: Samurott|Ceaseless Edge|p2a: Okidogi\n|-resisted|p2a: Okidogi\n|-damage|p2a: Okidogi|81\/100\n|-sidestart|p2: pricicle|Spikes\n|\n|upkeep\n|turn|12\n|\n|t:|1698483038\n|move|p1a: Samurott|Razor Shell|p2a: Okidogi\n|-damage|p2a: Okidogi|30\/100\n|move|p2a: Okidogi|Drain Punch|p1a: Samurott\n|-supereffective|p1a: Samurott\n|-damage|p1a: Samurott|0 fnt\n|-heal|p2a: Okidogi|80\/100|[from] drain|[of] p1a: Samurott\n|faint|p1a: Samurott\n|-damage|p2a: Okidogi|71\/100|[from] item: Life Orb\n|\n|upkeep\n|\n|t:|1698483044\n|switch|p1a: Tapu Lele|Tapu Lele|2\/100\n|-fieldstart|move: Psychic Terrain|[from] ability: Psychic Surge|[of] p1a: Tapu Lele\n|turn|13\n|\n|t:|1698483090\n|move|p1a: Tapu Lele|Psychic|p2a: Okidogi\n|-supereffective|p2a: Okidogi\n|-damage|p2a: Okidogi|0 fnt\n|faint|p2a: Okidogi\n|\n|upkeep\n|\n|t:|1698483099\n|switch|p2a: Typhlosion|Typhlosion-Hisui, F|100\/100\n|-damage|p2a: Typhlosion|88\/100|[from] Spikes\n|turn|14\n|\n|t:|1698483123\n|move|p1a: Tapu Lele|Psychic|p2a: Typhlosion\n|-damage|p2a: Typhlosion|3\/100\n|move|p2a: Typhlosion|Infernal Parade|p1a: Tapu Lele\n|-supereffective|p1a: Tapu Lele\n|-damage|p1a: Tapu Lele|0 fnt\n|faint|p1a: Tapu Lele\n|\n|upkeep\n|\n|t:|1698483127\n|switch|p1a: Ogerpon|Ogerpon-Hearthflame, F|100\/100\n|-ability|p1a: Ogerpon|Mold Breaker\n|turn|15\n|c|\u2606Fairy Mercedes|Mhm\n|c|\u2606Fairy Mercedes|Sure\n|\n|t:|1698483211\n|move|p1a: Ogerpon|Trailblaze|p2a: Typhlosion\n|-resisted|p2a: Typhlosion\n|-crit|p2a: Typhlosion\n|-damage|p2a: Typhlosion|0 fnt\n|-boost|p1a: Ogerpon|spe|1\n|faint|p2a: Typhlosion\n|\n|win|Fairy Mercedes\n|l|\u2606pricicle\n|l|\u2606Fairy Mercedes\n|j|\u2606Fairy Mercedes\n|player|p1|Fairy Mercedes|irida\n","uploadtime":1698483216,"views":14,"p1id":"fairymercedes","p2id":"pricicle","formatid":"gen9nationaldexubers","rating":0,"private":0,"password":""}