{"id":"gen9nationaldexubers-1979109673","p1":"SadaShidz\ufe0f","p2":"Czeoh","format":"[Gen 9] National Dex Ubers","log":"|j|\u2606SadaShidz\ufe0f\n|j|\u2606Czeoh\n|t:|1698633456\n|gametype|singles\n|player|p1|SadaShidz\ufe0f|sada-ai|1497\n|player|p2|Czeoh|170|1354\n|teamsize|p1|6\n|teamsize|p2|6\n|gen|9\n|tier|[Gen 9] National Dex Ubers\n|rated|\n|rule|HP Percentage Mod: HP is shown in percentages\n|rule|Endless Battle Clause: Forcing endless battles is banned\n|rule|OHKO Clause: OHKO moves are banned\n|rule|Evasion Moves Clause: Evasion moves are banned\n|rule|Evasion Items Clause: Evasion items are banned\n|rule|Species Clause: Limit one of each Pok\u00e9mon\n|rule|Sleep Clause Mod: Limit one foe put to sleep\n|rule|Mega Rayquaza Clause: You cannot mega evolve Rayquaza\n|clearpoke\n|poke|p1|Shuckle, M|\n|poke|p1|Zygarde|\n|poke|p1|Marshadow|\n|poke|p1|Darmanitan-Galar, M|\n|poke|p1|Yveltal|\n|poke|p1|Necrozma-Dusk-Mane|\n|poke|p2|Regieleki|\n|poke|p2|Groudon|\n|poke|p2|Mewtwo|\n|poke|p2|Kyurem-Black|\n|poke|p2|Ho-Oh|\n|poke|p2|Tapu Koko|\n|teampreview\n|\n|t:|1698633487\n|start\n|switch|p1a: Shuck n\u2019 Jive|Shuckle, M, shiny|100\/100\n|switch|p2a: Tapu Koko|Tapu Koko|100\/100\n|-fieldstart|move: Electric Terrain|[from] ability: Electric Surge|[of] p2a: Tapu Koko\n|turn|1\n|inactive|Battle timer is ON: inactive players will automatically lose when time's up. (requested by SadaShidz\ufe0f)\n|\n|t:|1698633498\n|move|p2a: Tapu Koko|Taunt|p1a: Shuck n\u2019 Jive\n|-start|p1a: Shuck n\u2019 Jive|move: Taunt\n|cant|p1a: Shuck n\u2019 Jive|move: Taunt|Sticky Web\n|\n|upkeep\n|turn|2\n|\n|t:|1698633520\n|switch|p1a: Law n\u2019 Order|Zygarde, shiny|100\/100\n|move|p2a: Tapu Koko|Volt Switch|p1a: Law n\u2019 Order\n|-immune|p1a: Law n\u2019 Order\n|\n|upkeep\n|turn|3\n|\n|t:|1698633529\n|move|p2a: Tapu Koko|Dazzling Gleam|p1a: Law n\u2019 Order\n|-supereffective|p1a: Law n\u2019 Order\n|-damage|p1a: Law n\u2019 Order|46\/100\n|move|p1a: Law n\u2019 Order|Thousand Arrows|p2a: Tapu Koko\n|-supereffective|p2a: Tapu Koko\n|-damage|p2a: Tapu Koko|0 fnt\n|faint|p2a: Tapu Koko\n|\n|-heal|p1a: Law n\u2019 Order|52\/100|[from] item: Leftovers\n|upkeep\n|\n|t:|1698633535\n|switch|p2a: Kyurem|Kyurem-Black|100\/100\n|-ability|p2a: Kyurem|Teravolt\n|turn|4\n|\n|t:|1698633543\n|switch|p1a: Shuck n\u2019 Jive|Shuckle, M, shiny|100\/100\n|move|p2a: Kyurem|Dragon Dance|p2a: Kyurem\n|-boost|p2a: Kyurem|atk|1\n|-boost|p2a: Kyurem|spe|1\n|\n|upkeep\n|turn|5\n|\n|t:|1698633552\n|move|p2a: Kyurem|Dragon Dance|p2a: Kyurem\n|-boost|p2a: Kyurem|atk|1\n|-boost|p2a: Kyurem|spe|1\n|move|p1a: Shuck n\u2019 Jive|Sticky Web|p2a: Kyurem\n|-sidestart|p2: Czeoh|move: Sticky Web\n|\n|upkeep\n|turn|6\n|\n|t:|1698633557\n|move|p2a: Kyurem|Fusion Bolt|p1a: Shuck n\u2019 Jive\n|-damage|p1a: Shuck n\u2019 Jive|24\/100\n|move|p1a: Shuck n\u2019 Jive|Toxic|p2a: Kyurem\n|-status|p2a: Kyurem|tox\n|\n|-damage|p2a: Kyurem|94\/100 tox|[from] psn\n|upkeep\n|turn|7\n|\n|t:|1698633564\n|move|p2a: Kyurem|Icicle Spear|p1a: Shuck n\u2019 Jive\n|-damage|p1a: Shuck n\u2019 Jive|1\/100\n|-damage|p1a: Shuck n\u2019 Jive|0 fnt\n|faint|p1a: Shuck n\u2019 Jive\n|-hitcount|p1: Shuck n\u2019 Jive|2\n|\n|-damage|p2a: Kyurem|82\/100 tox|[from] psn\n|upkeep\n|\n|t:|1698633572\n|switch|p1a: Chrome Hearts|Necrozma-Dusk-Mane, shiny|100\/100\n|turn|8\n|\n|t:|1698633592\n|move|p2a: Kyurem|Dragon Claw|p1a: Chrome Hearts\n|-resisted|p1a: Chrome Hearts\n|-damage|p1a: Chrome Hearts|61\/100\n|move|p1a: Chrome Hearts|Dragon Pulse|p2a: Kyurem\n|-supereffective|p2a: Kyurem\n|-damage|p2a: Kyurem|40\/100 tox\n|\n|-damage|p2a: Kyurem|21\/100 tox|[from] psn\n|-fieldend|move: Electric Terrain\n|upkeep\n|turn|9\n|\n|t:|1698633601\n|move|p2a: Kyurem|Fusion Bolt|p1a: Chrome Hearts\n|-damage|p1a: Chrome Hearts|0 fnt\n|faint|p1a: Chrome Hearts\n|\n|-damage|p2a: Kyurem|0 fnt|[from] psn\n|faint|p2a: Kyurem\n|upkeep\n|\n|t:|1698633610\n|switch|p2a: Ho-Oh|Ho-Oh|100\/100\n|switch|p1a: Law n\u2019 Order|Zygarde, shiny|52\/100\n|turn|10\n|\n|t:|1698633615\n|move|p1a: Law n\u2019 Order|Glare|p2a: Ho-Oh\n|-status|p2a: Ho-Oh|par\n|move|p2a: Ho-Oh|Defog|p1a: Law n\u2019 Order\n|-unboost|p1a: Law n\u2019 Order|evasion|1\n|-sideend|p2: Czeoh|Sticky Web|[from] move: Defog|[of] p2a: Ho-Oh\n|\n|-heal|p1a: Law n\u2019 Order|58\/100|[from] item: Leftovers\n|upkeep\n|turn|11\n|\n|t:|1698633619\n|move|p1a: Law n\u2019 Order|Coil|p1a: Law n\u2019 Order\n|-boost|p1a: Law n\u2019 Order|atk|1\n|-boost|p1a: Law n\u2019 Order|def|1\n|-boost|p1a: Law n\u2019 Order|accuracy|1\n|move|p2a: Ho-Oh|Sacred Fire|p1a: Law n\u2019 Order\n|-resisted|p1a: Law n\u2019 Order\n|-damage|p1a: Law n\u2019 Order|49\/100\n|\n|-heal|p1a: Law n\u2019 Order|55\/100|[from] item: Leftovers\n|upkeep\n|turn|12\n|\n|t:|1698633623\n|move|p1a: Law n\u2019 Order|Coil|p1a: Law n\u2019 Order\n|-boost|p1a: Law n\u2019 Order|atk|1\n|-boost|p1a: Law n\u2019 Order|def|1\n|-boost|p1a: Law n\u2019 Order|accuracy|1\n|move|p2a: Ho-Oh|Future Sight|p1a: Law n\u2019 Order\n|-start|p2a: Ho-Oh|move: Future Sight\n|\n|-heal|p1a: Law n\u2019 Order|61\/100|[from] item: Leftovers\n|upkeep\n|turn|13\n|\n|t:|1698633625\n|move|p1a: Law n\u2019 Order|Thousand Arrows|p2a: Ho-Oh\n|-damage|p2a: Ho-Oh|26\/100 par\n|-start|p2a: Ho-Oh|Smack Down\n|move|p2a: Ho-Oh|Sacred Fire|p1a: Law n\u2019 Order\n|-resisted|p1a: Law n\u2019 Order\n|-damage|p1a: Law n\u2019 Order|54\/100\n|-status|p1a: Law n\u2019 Order|brn\n|\n|-heal|p1a: Law n\u2019 Order|60\/100 brn|[from] item: Leftovers\n|-damage|p1a: Law n\u2019 Order|54\/100 brn|[from] brn\n|upkeep\n|turn|14\n|\n|t:|1698633629\n|move|p1a: Law n\u2019 Order|Coil|p1a: Law n\u2019 Order\n|-boost|p1a: Law n\u2019 Order|atk|1\n|-boost|p1a: Law n\u2019 Order|def|1\n|-boost|p1a: Law n\u2019 Order|accuracy|1\n|move|p2a: Ho-Oh|Recover|p2a: Ho-Oh\n|-heal|p2a: Ho-Oh|76\/100 par\n|\n|-end|p1a: Law n\u2019 Order|move: Future Sight\n|-damage|p1a: Law n\u2019 Order|28\/100 brn\n|-heal|p1a: Law n\u2019 Order|35\/100 brn|[from] item: Leftovers\n|-damage|p1a: Law n\u2019 Order|28\/100 brn|[from] brn\n|-activate|p1a: Law n\u2019 Order|ability: Power Construct\n|detailschange|p1a: Law n\u2019 Order|Zygarde-Complete, shiny\n|-heal|p1a: Law n\u2019 Order|53\/100 brn|[silent]\n|upkeep\n|turn|15\n|\n|t:|1698633631\n|move|p1a: Law n\u2019 Order|Thousand Arrows|p2a: Ho-Oh\n|-supereffective|p2a: Ho-Oh\n|-damage|p2a: Ho-Oh|0 fnt\n|faint|p2a: Ho-Oh\n|\n|-heal|p1a: Law n\u2019 Order|59\/100 brn|[from] item: Leftovers\n|-damage|p1a: Law n\u2019 Order|53\/100 brn|[from] brn\n|upkeep\n|\n|t:|1698633642\n|switch|p2a: Mewtwo|Mewtwo|100\/100\n|-ability|p2a: Mewtwo|Pressure\n|turn|16\n|\n|t:|1698633648\n|detailschange|p2a: Mewtwo|Mewtwo-Mega-Y\n|-mega|p2a: Mewtwo|Mewtwo|Mewtwonite Y\n|move|p2a: Mewtwo|Dark Pulse|p1a: Law n\u2019 Order\n|-damage|p1a: Law n\u2019 Order|34\/100 brn\n|move|p1a: Law n\u2019 Order|Thousand Arrows|p2a: Mewtwo\n|-damage|p2a: Mewtwo|35\/100\n|\n|-heal|p1a: Law n\u2019 Order|40\/100 brn|[from] item: Leftovers\n|-damage|p1a: Law n\u2019 Order|34\/100 brn|[from] brn\n|upkeep\n|turn|17\n|\n|t:|1698633656\n|move|p1a: Law n\u2019 Order|Extreme Speed|p2a: Mewtwo\n|-damage|p2a: Mewtwo|0 fnt\n|faint|p2a: Mewtwo\n|\n|-heal|p1a: Law n\u2019 Order|40\/100 brn|[from] item: Leftovers\n|-damage|p1a: Law n\u2019 Order|34\/100 brn|[from] brn\n|upkeep\n|\n|t:|1698633662\n|switch|p2a: Regieleki|Regieleki|100\/100\n|turn|18\n|\n|t:|1698633670\n|-terastallize|p2a: Regieleki|Ground\n|move|p2a: Regieleki|Tera Blast|p1a: Law n\u2019 Order|[anim] Tera Blast Ground\n|-damage|p1a: Law n\u2019 Order|1\/100 brn\n|move|p1a: Law n\u2019 Order|Thousand Arrows|p2a: Regieleki\n|-damage|p2a: Regieleki|0 fnt\n|faint|p2a: Regieleki\n|\n|-heal|p1a: Law n\u2019 Order|8\/100 brn|[from] item: Leftovers\n|-damage|p1a: Law n\u2019 Order|1\/100 brn|[from] brn\n|upkeep\n|\n|t:|1698633673\n|switch|p2a: Groudon|Groudon|100\/100\n|detailschange|p2a: Groudon|Groudon-Primal\n|-primal|p2a: Groudon|Red Orb\n|-weather|DesolateLand|[from] ability: Desolate Land|[of] p2a: Groudon\n|turn|19\n|\n|t:|1698633685\n|switch|p1a: Dr. Eggman|Yveltal, shiny|100\/100\n|-ability|p1a: Dr. Eggman|Dark Aura\n|move|p2a: Groudon|Rock Polish|p2a: Groudon\n|-boost|p2a: Groudon|spe|2\n|\n|-weather|DesolateLand|[upkeep]\n|upkeep\n|turn|20\n|\n|t:|1698633693\n|move|p2a: Groudon|Stone Edge|p1a: Dr. Eggman\n|-supereffective|p1a: Dr. Eggman\n|-damage|p1a: Dr. Eggman|16\/100\n|move|p1a: Dr. Eggman|Oblivion Wing|p2a: Groudon\n|-damage|p2a: Groudon|47\/100\n|-heal|p1a: Dr. Eggman|47\/100|[from] drain|[of] p2a: Groudon\n|\n|-weather|DesolateLand|[upkeep]\n|-heal|p1a: Dr. Eggman|53\/100|[from] item: Leftovers\n|upkeep\n|turn|21\n|\n|t:|1698633700\n|move|p1a: Dr. Eggman|Sucker Punch|p2a: Groudon\n|-damage|p2a: Groudon|23\/100\n|move|p2a: Groudon|Stone Edge|p1a: Dr. Eggman\n|-supereffective|p1a: Dr. Eggman\n|-damage|p1a: Dr. Eggman|0 fnt\n|faint|p1a: Dr. Eggman\n|\n|-weather|DesolateLand|[upkeep]\n|upkeep\n|\n|t:|1698633704\n|switch|p1a: Soulja|Marshadow|100\/100\n|turn|22\n|\n|t:|1698633707\n|move|p2a: Groudon|Precipice Blades|p1a: Soulja|[miss]\n|-miss|p2a: Groudon|p1a: Soulja\n|move|p1a: Soulja|Spectral Thief||[still]\n|-clearpositiveboost|p2a: Groudon|p1a: Soulja|move: Spectral Thief\n|-boost|p1a: Soulja|spe|2\n|-anim|p1a: Soulja|Spectral Thief|p2a: Groudon\n|-damage|p2a: Groudon|0 fnt\n|faint|p2a: Groudon\n|-weather|none\n|\n|win|SadaShidz\ufe0f\n|raw|SadaShidz\ufe0f's rating: 1497 &rarr; <strong>1510<\/strong><br \/>(+13 for winning)\n|raw|Czeoh's rating: 1367 &rarr; <strong>1354<\/strong><br \/>(-13 for losing)\n|l|\u2606Czeoh\n|c|\u2606SadaShidz\ufe0f|Gg\n","uploadtime":1698633725,"views":8,"p1id":"sadashidz","p2id":"czeoh","formatid":"gen9nationaldexubers","rating":1354,"private":0,"password":""}