{"id":"gen9nationaldexubers-1990451337","p1":"KingoftheTitans","p2":"ultradexshot","format":"[Gen 9] National Dex Ubers","log":"|j|\u2606KingoftheTitans\n|j|\u2606ultradexshot\n|t:|1699972229\n|gametype|singles\n|player|p1|KingoftheTitans|265|1326\n|player|p2|ultradexshot|fisherman-gen4|1370\n|teamsize|p1|6\n|teamsize|p2|6\n|gen|9\n|tier|[Gen 9] National Dex Ubers\n|rated|\n|rule|HP Percentage Mod: HP is shown in percentages\n|rule|Endless Battle Clause: Forcing endless battles is banned\n|rule|OHKO Clause: OHKO moves are banned\n|rule|Evasion Moves Clause: Evasion moves are banned\n|rule|Evasion Items Clause: Evasion items are banned\n|rule|Species Clause: Limit one of each Pok\u00e9mon\n|rule|Sleep Clause Mod: Limit one foe put to sleep\n|rule|Mega Rayquaza Clause: You cannot mega evolve Rayquaza\n|clearpoke\n|poke|p1|Deoxys-Speed|\n|poke|p1|Mewtwo|\n|poke|p1|Calyrex-Ice|\n|poke|p1|Ho-Oh|\n|poke|p1|Dragapult, M|\n|poke|p1|Kyurem-Black|\n|poke|p2|Arceus|\n|poke|p2|Kommo-o, M|\n|poke|p2|Blastoise, F|\n|poke|p2|Grimmsnarl, M|\n|poke|p2|Marshadow|\n|poke|p2|Regieleki|\n|teampreview\n|inactive|Battle timer is ON: inactive players will automatically lose when time's up. (requested by ultradexshot)\n|\n|t:|1699972234\n|start\n|switch|p1a: Calyrex|Calyrex-Ice|100\/100\n|switch|p2a: Grimmsnarl|Grimmsnarl, M|100\/100\n|-ability|p1a: Calyrex|As One\n|-ability|p1a: Calyrex|Unnerve\n|turn|1\n|\n|t:|1699972242\n|move|p2a: Grimmsnarl|Fake Out|p1a: Calyrex\n|-damage|p1a: Calyrex|95\/100\n|cant|p1a: Calyrex|flinch\n|\n|upkeep\n|turn|2\n|\n|t:|1699972247\n|move|p2a: Grimmsnarl|Reflect|p2a: Grimmsnarl\n|-sidestart|p2: ultradexshot|Reflect\n|move|p1a: Calyrex|Trick Room|p1a: Calyrex\n|-fieldstart|move: Trick Room|[of] p1a: Calyrex\n|\n|upkeep\n|turn|3\n|\n|t:|1699972249\n|move|p2a: Grimmsnarl|Light Screen|p2a: Grimmsnarl\n|-sidestart|p2: ultradexshot|move: Light Screen\n|move|p1a: Calyrex|Swords Dance|p1a: Calyrex\n|-boost|p1a: Calyrex|atk|2\n|\n|upkeep\n|turn|4\n|\n|t:|1699972253\n|move|p2a: Grimmsnarl|Thunder Wave|p1a: Calyrex\n|-status|p1a: Calyrex|par\n|move|p1a: Calyrex|Swords Dance|p1a: Calyrex\n|-boost|p1a: Calyrex|atk|2\n|\n|upkeep\n|turn|5\n|\n|t:|1699972259\n|move|p2a: Grimmsnarl|Fake Out||[still]\n|-hint|Fake Out only works on your first turn out.\n|-fail|p2a: Grimmsnarl\n|cant|p1a: Calyrex|par\n|\n|upkeep\n|turn|6\n|\n|t:|1699972263\n|move|p2a: Grimmsnarl|Fake Out||[still]\n|-hint|Fake Out only works on your first turn out.\n|-fail|p2a: Grimmsnarl\n|cant|p1a: Calyrex|par\n|\n|-fieldend|move: Trick Room\n|upkeep\n|turn|7\n|c|\u2606ultradexshot|thats crazy\n|\n|t:|1699972274\n|move|p2a: Grimmsnarl|Fake Out||[still]\n|-hint|Fake Out only works on your first turn out.\n|-fail|p2a: Grimmsnarl\n|move|p1a: Calyrex|Glacial Lance|p2a: Grimmsnarl\n|-damage|p2a: Grimmsnarl|0 fnt\n|faint|p2a: Grimmsnarl\n|-ability|p1a: Calyrex|Chilling Neigh|boost\n|-boost|p1a: Calyrex|atk|1\n|\n|upkeep\n|\n|t:|1699972278\n|switch|p2a: Marshadow|Marshadow|100\/100\n|turn|8\n|c|\u2606ultradexshot|slide\n|\n|t:|1699972290\n|switch|p1a: Ho-Oh|Ho-Oh|100\/100\n|move|p2a: Marshadow|Spectral Thief|p1a: Ho-Oh\n|-damage|p1a: Ho-Oh|71\/100\n|\n|upkeep\n|turn|9\n|c|\u2606ultradexshot|anti sweep never fails\n|\n|t:|1699972309\n|switch|p2a: Arceus|Arceus|100\/100\n|move|p1a: Ho-Oh|Sacred Fire|p2a: Arceus\n|-damage|p2a: Arceus|85\/100\n|\n|-sideend|p2: ultradexshot|Reflect\n|upkeep\n|turn|10\n|c|\u2606KingoftheTitans|So that was your plan\n|\n|t:|1699972316\n|move|p2a: Arceus|Swagger|p1a: Ho-Oh\n|-boost|p1a: Ho-Oh|atk|2\n|-enditem|p2a: Arceus|Mirror Herb\n|-boost|p2a: Arceus|atk|2|[from] item: Mirror Herb\n|-start|p1a: Ho-Oh|confusion\n|-activate|p1a: Ho-Oh|confusion\n|move|p1a: Ho-Oh|Toxic|p2a: Arceus\n|-status|p2a: Arceus|tox\n|\n|-damage|p2a: Arceus|79\/100 tox|[from] psn\n|-sideend|p2: ultradexshot|move: Light Screen\n|upkeep\n|turn|11\n|c|\u2606ultradexshot|no duh\n|c|\u2606ultradexshot|its literally marshadows whole thing\n|\n|t:|1699972330\n|switch|p1a: Dragapult|Dragapult, M, shiny|100\/100\n|move|p2a: Arceus|Extreme Speed|p1a: Dragapult\n|-immune|p1a: Dragapult\n|\n|-damage|p2a: Arceus|67\/100 tox|[from] psn\n|upkeep\n|turn|12\n|c|\u2606KingoftheTitans|Lol true\n|\n|t:|1699972341\n|move|p1a: Dragapult|Draco Meteor|p2a: Arceus\n|-damage|p2a: Arceus|3\/100 tox\n|-unboost|p1a: Dragapult|spa|2\n|move|p2a: Arceus|Shadow Force||[still]\n|-prepare|p2a: Arceus|Shadow Force\n|\n|-damage|p2a: Arceus|0 fnt|[from] psn\n|faint|p2a: Arceus\n|upkeep\n|\n|t:|1699972346\n|switch|p2a: Blastoise|Blastoise, F, shiny|100\/100\n|turn|13\n|\n|t:|1699972366\n|switch|p1a: Kyurem|Kyurem-Black, shiny|100\/100\n|-ability|p1a: Kyurem|Teravolt\n|detailschange|p2a: Blastoise|Blastoise-Mega, F, shiny\n|-mega|p2a: Blastoise|Blastoise|Blastoisinite\n|move|p2a: Blastoise|Shell Smash|p2a: Blastoise\n|-unboost|p2a: Blastoise|def|1\n|-unboost|p2a: Blastoise|spd|1\n|-boost|p2a: Blastoise|atk|2\n|-boost|p2a: Blastoise|spa|2\n|-boost|p2a: Blastoise|spe|2\n|\n|upkeep\n|turn|14\n|\n|t:|1699972379\n|-terastallize|p1a: Kyurem|Electric\n|move|p2a: Blastoise|Dragon Pulse|p1a: Kyurem\n|-damage|p1a: Kyurem|9\/100\n|move|p1a: Kyurem|Fusion Bolt|p2a: Blastoise\n|-supereffective|p2a: Blastoise\n|-damage|p2a: Blastoise|0 fnt\n|faint|p2a: Blastoise\n|\n|upkeep\n|c|\u2606ultradexshot|bru\n|\n|t:|1699972388\n|switch|p2a: Kommo-o|Kommo-o, M|100\/100\n|turn|15\n|c|\u2606KingoftheTitans|lol\n|\n|t:|1699972391\n|move|p1a: Kyurem|Icicle Spear|p2a: Kommo-o\n|-supereffective|p2a: Kommo-o\n|-damage|p2a: Kommo-o|71\/100\n|-supereffective|p2a: Kommo-o\n|-damage|p2a: Kommo-o|42\/100\n|-supereffective|p2a: Kommo-o\n|-damage|p2a: Kommo-o|13\/100\n|-supereffective|p2a: Kommo-o\n|-damage|p2a: Kommo-o|0 fnt\n|faint|p2a: Kommo-o\n|-hitcount|p2: Kommo-o|4\n|\n|upkeep\n|\n|t:|1699972394\n|switch|p2a: Marshadow|Marshadow|100\/100\n|turn|16\n|\n|t:|1699972406\n|move|p2a: Marshadow|Shadow Sneak|p1a: Kyurem\n|-damage|p1a: Kyurem|0 fnt\n|faint|p1a: Kyurem\n|\n|upkeep\n|\n|t:|1699972411\n|switch|p1a: Deoxys|Deoxys-Speed, shiny|100\/100\n|-ability|p1a: Deoxys|Pressure\n|turn|17\n|\n|t:|1699972415\n|-terastallize|p2a: Marshadow|Normal\n|move|p2a: Marshadow|Shadow Sneak|p1a: Deoxys\n|-supereffective|p1a: Deoxys\n|-damage|p1a: Deoxys|31\/100\n|move|p1a: Deoxys|Knock Off|p2a: Marshadow\n|-damage|p2a: Marshadow|75\/100\n|-enditem|p2a: Marshadow|Focus Sash|[from] move: Knock Off|[of] p1a: Deoxys\n|\n|upkeep\n|turn|18\n|\n|t:|1699972426\n|move|p2a: Marshadow|Shadow Sneak|p1a: Deoxys\n|-supereffective|p1a: Deoxys\n|-damage|p1a: Deoxys|0 fnt\n|faint|p1a: Deoxys\n|\n|upkeep\n|\n|t:|1699972430\n|switch|p1a: Calyrex|Calyrex-Ice|95\/100 par\n|-ability|p1a: Calyrex|As One\n|-ability|p1a: Calyrex|Unnerve\n|turn|19\n|\n|t:|1699972435\n|move|p2a: Marshadow|Close Combat|p1a: Calyrex\n|-damage|p1a: Calyrex|57\/100 par\n|-unboost|p2a: Marshadow|def|1\n|-unboost|p2a: Marshadow|spd|1\n|move|p1a: Calyrex|Trick Room|p1a: Calyrex\n|-fieldstart|move: Trick Room|[of] p1a: Calyrex\n|\n|upkeep\n|turn|20\n|\n|t:|1699972442\n|switch|p2a: Regieleki|Regieleki|100\/100\n|move|p1a: Calyrex|Glacial Lance|p2a: Regieleki\n|-damage|p2a: Regieleki|0 fnt\n|faint|p2a: Regieleki\n|-ability|p1a: Calyrex|Chilling Neigh|boost\n|-boost|p1a: Calyrex|atk|1\n|\n|upkeep\n|\n|t:|1699972444\n|switch|p2a: Marshadow|Marshadow, tera:Normal|75\/100\n|turn|21\n|\n|t:|1699972451\n|move|p1a: Calyrex|Glacial Lance|p2a: Marshadow\n|-damage|p2a: Marshadow|0 fnt\n|faint|p2a: Marshadow\n|\n|win|KingoftheTitans\n|raw|KingoftheTitans's rating: 1326 &rarr; <strong>1349<\/strong><br \/>(+23 for winning)\n|raw|ultradexshot's rating: 1370 &rarr; <strong>1347<\/strong><br \/>(-23 for losing)\n|c|\u2606KingoftheTitans|gg\n","uploadtime":1699972456,"views":18,"p1id":"kingofthetitans","p2id":"ultradexshot","formatid":"gen9nationaldexubers","rating":1347,"private":0,"password":""}