{"id":"gen9nationaldexubers-1994991298","p1":"Kingnedo","p2":"VerduOsane","format":"[Gen 9] National Dex Ubers","log":"|j|\u2606Kingnedo\n|j|\u2606VerduOsane\n|t:|1700511201\n|gametype|singles\n|player|p1|Kingnedo|n|1192\n|player|p2|VerduOsane|102|1139\n|teamsize|p1|6\n|teamsize|p2|6\n|gen|9\n|tier|[Gen 9] National Dex Ubers\n|rated|\n|rule|HP Percentage Mod: HP is shown in percentages\n|rule|Endless Battle Clause: Forcing endless battles is banned\n|rule|OHKO Clause: OHKO moves are banned\n|rule|Evasion Moves Clause: Evasion moves are banned\n|rule|Evasion Items Clause: Evasion items are banned\n|rule|Species Clause: Limit one of each Pok\u00e9mon\n|rule|Sleep Clause Mod: Limit one foe put to sleep\n|rule|Mega Rayquaza Clause: You cannot mega evolve Rayquaza\n|clearpoke\n|poke|p1|Magearna|\n|poke|p1|Latios, M|\n|poke|p1|Wigglytuff, M|\n|poke|p1|Zapdos|\n|poke|p1|Zarude-Dada|\n|poke|p1|Garganacl, F|\n|poke|p2|Weavile, M|\n|poke|p2|Sneasler, M|\n|poke|p2|Scizor, F|\n|poke|p2|Iron Thorns|\n|poke|p2|Gastrodon-East, F|\n|poke|p2|Iron Leaves|\n|teampreview\n|\n|t:|1700511218\n|start\n|switch|p1a: Dusty|Zarude-Dada|100\/100\n|switch|p2a: Gastrodon|Gastrodon-East, F, shiny|100\/100\n|turn|1\n|\n|t:|1700511226\n|switch|p2a: Scizor|Scizor, F|100\/100\n|move|p1a: Dusty|Power Whip|p2a: Scizor|[miss]\n|-miss|p1a: Dusty|p2a: Scizor\n|\n|upkeep\n|turn|2\n|\n|t:|1700511234\n|switch|p1a: Raijin|Zapdos, shiny|100\/100\n|detailschange|p2a: Scizor|Scizor-Mega, F\n|-mega|p2a: Scizor|Scizor|Scizorite\n|move|p2a: Scizor|Swords Dance|p2a: Scizor\n|-boost|p2a: Scizor|atk|2\n|\n|upkeep\n|turn|3\n|\n|t:|1700511240\n|move|p1a: Raijin|Heat Wave|p2a: Scizor\n|-supereffective|p2a: Scizor\n|-damage|p2a: Scizor|0 fnt\n|faint|p2a: Scizor\n|\n|upkeep\n|c|\u2606VerduOsane|fuck me..\n|c|\u2606Kingnedo|oop\n|\n|t:|1700511252\n|switch|p2a: Weavile|Weavile, M|100\/100\n|-ability|p2a: Weavile|Pressure\n|turn|4\n|\n|t:|1700511259\n|move|p2a: Weavile|Fake Out|p1a: Raijin\n|-damage|p1a: Raijin|91\/100\n|cant|p1a: Raijin|flinch\n|\n|upkeep\n|turn|5\n|c|\u2606VerduOsane|I forget it gets heat wave, I\u2019m fucking stupid..\n|\n|t:|1700511274\n|move|p2a: Weavile|Ice Spinner|p1a: Raijin\n|-supereffective|p1a: Raijin\n|-damage|p1a: Raijin|38\/100\n|-status|p2a: Weavile|par|[from] ability: Static|[of] p1a: Raijin\n|move|p1a: Raijin|Heat Wave|p2a: Weavile|[miss]\n|-miss|p1a: Raijin|p2a: Weavile\n|\n|upkeep\n|turn|6\n|\n|t:|1700511283\n|move|p1a: Raijin|Roost|p1a: Raijin\n|-heal|p1a: Raijin|88\/100\n|-singleturn|p1a: Raijin|move: Roost\n|move|p2a: Weavile|Ice Spinner|p1a: Raijin\n|-damage|p1a: Raijin|60\/100\n|\n|upkeep\n|turn|7\n|\n|t:|1700511292\n|move|p1a: Raijin|Heat Wave|p2a: Weavile\n|-supereffective|p2a: Weavile\n|-damage|p2a: Weavile|31\/100 par\n|move|p2a: Weavile|Knock Off|p1a: Raijin\n|-damage|p1a: Raijin|28\/100\n|-enditem|p1a: Raijin|Heavy-Duty Boots|[from] move: Knock Off|[of] p2a: Weavile\n|\n|upkeep\n|turn|8\n|\n|t:|1700511299\n|move|p2a: Weavile|Ice Shard|p1a: Raijin\n|-supereffective|p1a: Raijin\n|-damage|p1a: Raijin|2\/100\n|move|p1a: Raijin|Heat Wave|p2a: Weavile\n|-supereffective|p2a: Weavile\n|-damage|p2a: Weavile|0 fnt\n|faint|p2a: Weavile\n|\n|upkeep\n|c|\u2606VerduOsane|low roll\u2026\n|c|\u2606Kingnedo|yike\n|\n|t:|1700511310\n|switch|p2a: Sneasler|Sneasler, M, shiny|100\/100\n|turn|9\n|\n|t:|1700511317\n|move|p2a: Sneasler|Close Combat|p1a: Raijin\n|-resisted|p1a: Raijin\n|-damage|p1a: Raijin|0 fnt\n|-unboost|p2a: Sneasler|def|1\n|-unboost|p2a: Sneasler|spd|1\n|-status|p2a: Sneasler|par|[from] ability: Static|[of] p1a: Raijin\n|-enditem|p2a: Sneasler|White Herb\n|-clearnegativeboost|p2a: Sneasler|[silent]\n|faint|p1a: Raijin\n|\n|upkeep\n|c|\u2606VerduOsane|watch this para because my luck is ass\n|c|\u2606VerduOsane|im offing myself..\n|c|\u2606Kingnedo|im so sorry\n|\n|t:|1700511346\n|switch|p1a: Aunt Fanny|Magearna|100\/100\n|turn|10\n|c|\u2606VerduOsane|just fucking kill me..\n|\n|t:|1700511351\n|move|p2a: Sneasler|Swords Dance|p2a: Sneasler\n|-boost|p2a: Sneasler|atk|2\n|move|p1a: Aunt Fanny|Trick|p2a: Sneasler\n|-activate|p1a: Aunt Fanny|move: Trick|[of] p2a: Sneasler\n|-item|p2a: Sneasler|Choice Specs|[from] move: Trick\n|-enditem|p1a: Aunt Fanny|Choice Specs|[silent]|[from] move: Trick\n|\n|upkeep\n|turn|11\n|c|\u2606Kingnedo|...\n|\n|t:|1700511365\n|move|p1a: Aunt Fanny|Focus Blast|p2a: Sneasler|[miss]\n|-miss|p1a: Aunt Fanny|p2a: Sneasler\n|move|p2a: Sneasler|Close Combat|p1a: Aunt Fanny\n|-damage|p1a: Aunt Fanny|0 fnt\n|-unboost|p2a: Sneasler|def|1\n|-unboost|p2a: Sneasler|spd|1\n|faint|p1a: Aunt Fanny\n|\n|upkeep\n|\n|t:|1700511384\n|switch|p1a: Starscream|Latios, M, shiny|100\/100\n|turn|12\n|c|\u2606VerduOsane|thanx for killing my boost..\n|c|\u2606VerduOsane|now I just lose\n|\n|t:|1700511401\n|move|p1a: Starscream|Future Sight|p2a: Sneasler\n|-start|p1a: Starscream|move: Future Sight\n|move|p2a: Sneasler|Close Combat|p1a: Starscream\n|-resisted|p1a: Starscream\n|-damage|p1a: Starscream|23\/100\n|-unboost|p2a: Sneasler|def|1\n|-unboost|p2a: Sneasler|spd|1\n|\n|-heal|p1a: Starscream|29\/100|[from] item: Leftovers\n|upkeep\n|turn|13\n|\n|t:|1700511410\n|move|p1a: Starscream|Recover|p1a: Starscream\n|-heal|p1a: Starscream|80\/100\n|move|p2a: Sneasler|Close Combat|p1a: Starscream\n|-resisted|p1a: Starscream\n|-damage|p1a: Starscream|8\/100\n|-unboost|p2a: Sneasler|def|1\n|-unboost|p2a: Sneasler|spd|1\n|\n|-heal|p1a: Starscream|15\/100|[from] item: Leftovers\n|upkeep\n|turn|14\n|\n|t:|1700511425\n|move|p1a: Starscream|Aura Sphere|p2a: Sneasler\n|-resisted|p2a: Sneasler\n|-crit|p2a: Sneasler\n|-damage|p2a: Sneasler|44\/100 par\n|move|p2a: Sneasler|Close Combat|p1a: Starscream\n|-resisted|p1a: Starscream\n|-damage|p1a: Starscream|0 fnt\n|-unboost|p2a: Sneasler|def|1\n|-unboost|p2a: Sneasler|spd|1\n|faint|p1a: Starscream\n|\n|-end|p2a: Sneasler|move: Future Sight\n|-supereffective|p2a: Sneasler\n|-damage|p2a: Sneasler|0 fnt\n|faint|p2a: Sneasler\n|upkeep\n|inactive|Battle timer is ON: inactive players will automatically lose when time's up. (requested by VerduOsane)\n|\n|t:|1700511463\n|switch|p2a: Iron Thorns|Iron Thorns|100\/100\n|switch|p1a: Dusty|Zarude-Dada|100\/100\n|turn|15\n|\n|t:|1700511470\n|-terastallize|p2a: Iron Thorns|Bug\n|move|p1a: Dusty|Power Whip|p2a: Iron Thorns\n|-resisted|p2a: Iron Thorns\n|-damage|p2a: Iron Thorns|69\/100\n|move|p2a: Iron Thorns|Dragon Dance|p2a: Iron Thorns\n|-boost|p2a: Iron Thorns|atk|1\n|-boost|p2a: Iron Thorns|spe|1\n|\n|upkeep\n|turn|16\n|\n|t:|1700511477\n|switch|p1a: Toph|Garganacl, F, shiny|100\/100\n|move|p2a: Iron Thorns|Pin Missile|p1a: Toph\n|-damage|p1a: Toph|88\/100\n|-damage|p1a: Toph|74\/100\n|-damage|p1a: Toph|60\/100\n|-damage|p1a: Toph|46\/100\n|-hitcount|p1a: Toph|4\n|\n|-heal|p1a: Toph|52\/100|[from] item: Leftovers\n|upkeep\n|turn|17\n|\n|t:|1700511491\n|move|p2a: Iron Thorns|Earthquake|p1a: Toph\n|-supereffective|p1a: Toph\n|-damage|p1a: Toph|0 fnt\n|faint|p1a: Toph\n|\n|upkeep\n|\n|t:|1700511496\n|switch|p1a: Lunar|Wigglytuff, M, shiny|100\/100\n|-item|p2a: Iron Thorns|Loaded Dice|[from] ability: Frisk|[of] p1a: Lunar|[identify]\n|turn|18\n|\n|t:|1700511501\n|move|p2a: Iron Thorns|Rock Blast|p1a: Lunar\n|-damage|p1a: Lunar|85\/100\n|-damage|p1a: Lunar|70\/100\n|-damage|p1a: Lunar|53\/100\n|-damage|p1a: Lunar|36\/100\n|-hitcount|p1a: Lunar|4\n|move|p1a: Lunar|Toxic|p2a: Iron Thorns\n|-status|p2a: Iron Thorns|tox\n|\n|-heal|p1a: Lunar|42\/100|[from] item: Leftovers\n|-damage|p2a: Iron Thorns|63\/100 tox|[from] psn\n|upkeep\n|turn|19\n|\n|t:|1700511513\n|-terastallize|p1a: Lunar|Steel\n|move|p2a: Iron Thorns|Rock Blast|p1a: Lunar\n|-resisted|p1a: Lunar\n|-damage|p1a: Lunar|34\/100\n|-resisted|p1a: Lunar\n|-damage|p1a: Lunar|26\/100\n|-resisted|p1a: Lunar\n|-damage|p1a: Lunar|17\/100\n|-resisted|p1a: Lunar\n|-damage|p1a: Lunar|9\/100\n|-resisted|p1a: Lunar\n|-damage|p1a: Lunar|2\/100\n|-hitcount|p1a: Lunar|5\n|move|p1a: Lunar|Knock Off|p2a: Iron Thorns\n|-damage|p2a: Iron Thorns|48\/100 tox\n|-enditem|p2a: Iron Thorns|Loaded Dice|[from] move: Knock Off|[of] p1a: Lunar\n|\n|-heal|p1a: Lunar|8\/100|[from] item: Leftovers\n|-damage|p2a: Iron Thorns|36\/100 tox|[from] psn\n|upkeep\n|turn|20\n|\n|t:|1700511530\n|move|p2a: Iron Thorns|Earthquake|p1a: Lunar\n|-supereffective|p1a: Lunar\n|-damage|p1a: Lunar|0 fnt\n|faint|p1a: Lunar\n|\n|-damage|p2a: Iron Thorns|17\/100 tox|[from] psn\n|upkeep\n|\n|t:|1700511539\n|switch|p1a: Dusty|Zarude-Dada|100\/100\n|turn|21\n|\n|t:|1700511546\n|move|p1a: Dusty|Darkest Lariat|p2a: Iron Thorns\n|-damage|p2a: Iron Thorns|0 fnt\n|faint|p2a: Iron Thorns\n|-end|p2a: Iron Thorns|Quark Drive|[silent]\n|\n|upkeep\n|c|\u2606VerduOsane|nice scarf..\n|\n|t:|1700511558\n|switch|p2a: Gastrodon|Gastrodon-East, F, shiny|100\/100\n|turn|22\n|c|\u2606Kingnedo|idk what ur talking about\n|\n|t:|1700511564\n|move|p1a: Dusty|Darkest Lariat|p2a: Gastrodon\n|-damage|p2a: Gastrodon|69\/100\n|move|p2a: Gastrodon|Clear Smog|p1a: Dusty\n|-supereffective|p1a: Dusty\n|-damage|p1a: Dusty|79\/100\n|-clearboost|p1a: Dusty\n|\n|-heal|p2a: Gastrodon|75\/100|[from] item: Leftovers\n|upkeep\n|turn|23\n|\n|t:|1700511573\n|move|p1a: Dusty|Darkest Lariat|p2a: Gastrodon\n|-damage|p2a: Gastrodon|44\/100\n|move|p2a: Gastrodon|Scald|p1a: Dusty\n|-resisted|p1a: Dusty\n|-damage|p1a: Dusty|67\/100\n|\n|-heal|p2a: Gastrodon|50\/100|[from] item: Leftovers\n|upkeep\n|turn|24\n|c|\u2606VerduOsane|I know that\u2019s a choice scarf\n|c|\u2606Kingnedo|im gonna really need you to not burn me\n|\n|t:|1700511590\n|move|p1a: Dusty|Darkest Lariat|p2a: Gastrodon\n|-damage|p2a: Gastrodon|15\/100\n|move|p2a: Gastrodon|Recover|p2a: Gastrodon\n|-heal|p2a: Gastrodon|65\/100\n|\n|-heal|p2a: Gastrodon|71\/100|[from] item: Leftovers\n|upkeep\n|turn|25\n|\n|t:|1700511598\n|move|p1a: Dusty|Darkest Lariat|p2a: Gastrodon\n|-damage|p2a: Gastrodon|36\/100\n|move|p2a: Gastrodon|Scald|p1a: Dusty\n|-resisted|p1a: Dusty\n|-damage|p1a: Dusty|54\/100\n|\n|-heal|p2a: Gastrodon|42\/100|[from] item: Leftovers\n|upkeep\n|turn|26\n|c|\u2606VerduOsane|my luck will say otherwise\n|\n|t:|1700511611\n|move|p1a: Dusty|Darkest Lariat|p2a: Gastrodon\n|-damage|p2a: Gastrodon|6\/100\n|move|p2a: Gastrodon|Recover|p2a: Gastrodon\n|-heal|p2a: Gastrodon|56\/100\n|\n|-heal|p2a: Gastrodon|62\/100|[from] item: Leftovers\n|upkeep\n|turn|27\n|\n|t:|1700511619\n|move|p1a: Dusty|Darkest Lariat|p2a: Gastrodon\n|-damage|p2a: Gastrodon|25\/100\n|move|p2a: Gastrodon|Recover|p2a: Gastrodon\n|-heal|p2a: Gastrodon|75\/100\n|\n|-heal|p2a: Gastrodon|81\/100|[from] item: Leftovers\n|upkeep\n|turn|28\n|c|\u2606Kingnedo|maybe ill crit\n|c|\u2606Kingnedo|who knows\n|c|\u2606VerduOsane|I\u2019d off myself\n|\n|t:|1700511644\n|move|p1a: Dusty|Darkest Lariat|p2a: Gastrodon\n|-damage|p2a: Gastrodon|48\/100\n|move|p2a: Gastrodon|Scald|p1a: Dusty\n|-resisted|p1a: Dusty\n|-damage|p1a: Dusty|40\/100\n|\n|-heal|p2a: Gastrodon|54\/100|[from] item: Leftovers\n|upkeep\n|turn|29\n|\n|t:|1700511653\n|move|p1a: Dusty|Darkest Lariat|p2a: Gastrodon\n|-damage|p2a: Gastrodon|19\/100\n|move|p2a: Gastrodon|Scald|p1a: Dusty\n|-resisted|p1a: Dusty\n|-damage|p1a: Dusty|28\/100\n|\n|-heal|p2a: Gastrodon|25\/100|[from] item: Leftovers\n|upkeep\n|turn|30\n|c|\u2606Kingnedo|oh\n|c|\u2606VerduOsane|this is some heavy bullshit..\n|inactive|VerduOsane has 120 seconds left.\n|c|\u2606Kingnedo|should of named him daenerys\n|c|\u2606VerduOsane|you get 2 statics and I can\u2019t even get a fucking scald burn..\n|\n|t:|1700511693\n|move|p1a: Dusty|Darkest Lariat|p2a: Gastrodon\n|-damage|p2a: Gastrodon|0 fnt\n|faint|p2a: Gastrodon\n|\n|upkeep\n|\n|t:|1700511695\n|switch|p2a: Iron Leaves|Iron Leaves|100\/100\n|-enditem|p2a: Iron Leaves|Booster Energy\n|-activate|p2a: Iron Leaves|ability: Quark Drive|[fromitem]\n|-start|p2a: Iron Leaves|quarkdrivespe\n|turn|31\n|\n|t:|1700511701\n|move|p2a: Iron Leaves|Sacred Sword|p1a: Dusty\n|-supereffective|p1a: Dusty\n|-damage|p1a: Dusty|0 fnt\n|faint|p1a: Dusty\n|\n|win|VerduOsane\n|raw|Kingnedo's rating: 1192 &rarr; <strong>1163<\/strong><br \/>(-29 for losing)\n|raw|VerduOsane's rating: 1139 &rarr; <strong>1168<\/strong><br \/>(+29 for winning)\n|c|\u2606Kingnedo|MEh\n|c|\u2606Kingnedo|gg tho\n|c|\u2606VerduOsane|fucking kill me..\n","uploadtime":1700511718,"views":11,"p1id":"kingnedo","p2id":"verduosane","formatid":"gen9nationaldexubers","rating":1163,"private":0,"password":""}