{"id":"gen9nationaldexubers-1987619515","p1":"Szymszym134","p2":"priestmajor","format":"[Gen 9] National Dex Ubers","log":"|j|\u2606Szymszym134\n|j|\u2606priestmajor\n|t:|1699620424\n|gametype|singles\n|player|p1|Szymszym134|elesa|1631\n|player|p2|priestmajor|2|1802\n|teamsize|p1|6\n|teamsize|p2|6\n|gen|9\n|tier|[Gen 9] National Dex Ubers\n|rated|\n|rule|HP Percentage Mod: HP is shown in percentages\n|rule|Endless Battle Clause: Forcing endless battles is banned\n|rule|OHKO Clause: OHKO moves are banned\n|rule|Evasion Moves Clause: Evasion moves are banned\n|rule|Evasion Items Clause: Evasion items are banned\n|rule|Species Clause: Limit one of each Pok\u00e9mon\n|rule|Sleep Clause Mod: Limit one foe put to sleep\n|rule|Mega Rayquaza Clause: You cannot mega evolve Rayquaza\n|clearpoke\n|poke|p1|Mewtwo|\n|poke|p1|Kingambit, M|\n|poke|p1|Garganacl, F|\n|poke|p1|Arceus-Ground|\n|poke|p1|Ditto|\n|poke|p1|Kyurem-Black|\n|poke|p2|Groudon|\n|poke|p2|Ho-Oh|\n|poke|p2|Zygarde|\n|poke|p2|Arceus-Ground|\n|poke|p2|Yveltal|\n|poke|p2|Necrozma-Dusk-Mane|\n|teampreview\n|inactive|Battle timer is ON: inactive players will automatically lose when time's up. (requested by Szymszym134)\n|\n|t:|1699620439\n|start\n|switch|p1a: Kyurem|Kyurem-Black|100\/100\n|switch|p2a: Yveltal|Yveltal|100\/100\n|-ability|p2a: Yveltal|Dark Aura\n|-ability|p1a: Kyurem|Teravolt\n|turn|1\n|\n|t:|1699620444\n|move|p2a: Yveltal|Foul Play|p1a: Kyurem\n|-damage|p1a: Kyurem|27\/100\n|move|p1a: Kyurem|Icicle Spear|p2a: Yveltal\n|-supereffective|p2a: Yveltal\n|-damage|p2a: Yveltal|67\/100\n|-supereffective|p2a: Yveltal\n|-damage|p2a: Yveltal|35\/100\n|-hitcount|p2a: Yveltal|2\n|-damage|p1a: Kyurem|17\/100|[from] item: Life Orb\n|\n|upkeep\n|turn|2\n|\n|t:|1699620454\n|switch|p1a: Garganacl|Garganacl, F|100\/100\n|move|p2a: Yveltal|Knock Off|p1a: Garganacl\n|-damage|p1a: Garganacl|73\/100\n|-enditem|p1a: Garganacl|Leftovers|[from] move: Knock Off|[of] p2a: Yveltal\n|\n|upkeep\n|turn|3\n|c|\u2606Szymszym134|2\n|\n|t:|1699620462\n|switch|p2a: Arceus|Arceus-Ground|100\/100\n|move|p1a: Garganacl|Salt Cure|p2a: Arceus\n|-resisted|p2a: Arceus\n|-damage|p2a: Arceus|95\/100\n|-start|p2a: Arceus|Salt Cure\n|\n|-damage|p2a: Arceus|83\/100|[from] Salt Cure\n|upkeep\n|turn|4\n|\n|t:|1699620467\n|move|p2a: Arceus|Earthquake|p1a: Garganacl\n|-supereffective|p1a: Garganacl\n|-damage|p1a: Garganacl|8\/100\n|move|p1a: Garganacl|Stealth Rock|p2a: Arceus\n|-sidestart|p2: priestmajor|move: Stealth Rock\n|\n|-damage|p2a: Arceus|70\/100|[from] Salt Cure\n|upkeep\n|turn|5\n|\n|t:|1699620474\n|move|p2a: Arceus|Recover|p2a: Arceus\n|-heal|p2a: Arceus|100\/100\n|move|p1a: Garganacl|Recover|p1a: Garganacl\n|-heal|p1a: Garganacl|58\/100\n|\n|-damage|p2a: Arceus|88\/100|[from] Salt Cure\n|upkeep\n|turn|6\n|\n|t:|1699620477\n|move|p1a: Garganacl|Protect|p1a: Garganacl\n|-singleturn|p1a: Garganacl|Protect\n|move|p2a: Arceus|Earthquake|p1a: Garganacl\n|-activate|p1a: Garganacl|move: Protect\n|\n|-damage|p2a: Arceus|76\/100|[from] Salt Cure\n|upkeep\n|turn|7\n|\n|t:|1699620483\n|switch|p1a: Arceus|Arceus-Ground|100\/100\n|move|p2a: Arceus|Earthquake|p1a: Arceus\n|-damage|p1a: Arceus|66\/100\n|\n|-damage|p2a: Arceus|63\/100|[from] Salt Cure\n|upkeep\n|turn|8\n|\n|t:|1699620489\n|switch|p2a: Ho-Oh|Ho-Oh|100\/100\n|move|p1a: Arceus|Toxic|p2a: Ho-Oh\n|-status|p2a: Ho-Oh|tox\n|\n|-damage|p2a: Ho-Oh|94\/100 tox|[from] psn\n|upkeep\n|turn|9\n|\n|t:|1699620493\n|switch|p1a: Garganacl|Garganacl, F|58\/100\n|move|p2a: Ho-Oh|Defog|p1a: Garganacl\n|-unboost|p1a: Garganacl|evasion|1\n|-sideend|p2: priestmajor|Stealth Rock|[from] move: Defog|[of] p2a: Ho-Oh\n|\n|-damage|p2a: Ho-Oh|82\/100 tox|[from] psn\n|upkeep\n|turn|10\n|\n|t:|1699620495\n|switch|p2a: Arceus|Arceus-Ground|63\/100\n|move|p1a: Garganacl|Salt Cure|p2a: Arceus\n|-resisted|p2a: Arceus\n|-damage|p2a: Arceus|58\/100\n|-start|p2a: Arceus|Salt Cure\n|\n|-damage|p2a: Arceus|46\/100|[from] Salt Cure\n|upkeep\n|turn|11\n|\n|t:|1699620498\n|switch|p1a: Arceus|Arceus-Ground|66\/100\n|move|p2a: Arceus|Recover|p2a: Arceus\n|-heal|p2a: Arceus|96\/100\n|\n|-damage|p2a: Arceus|84\/100|[from] Salt Cure\n|upkeep\n|turn|12\n|\n|t:|1699620501\n|switch|p2a: Ho-Oh|Ho-Oh|100\/100 tox\n|move|p1a: Arceus|Recover|p1a: Arceus\n|-heal|p1a: Arceus|100\/100\n|\n|-damage|p2a: Ho-Oh|94\/100 tox|[from] psn\n|upkeep\n|turn|13\n|\n|t:|1699620505\n|move|p1a: Arceus|Judgment|p2a: Ho-Oh\n|-immune|p2a: Ho-Oh\n|move|p2a: Ho-Oh|Sacred Fire|p1a: Arceus\n|-damage|p1a: Arceus|78\/100\n|-status|p1a: Arceus|brn\n|\n|-damage|p2a: Ho-Oh|82\/100 tox|[from] psn\n|-damage|p1a: Arceus|72\/100 brn|[from] brn\n|upkeep\n|turn|14\n|\n|t:|1699620510\n|switch|p1a: Garganacl|Garganacl, F|58\/100\n|switch|p2a: Yveltal|Yveltal|35\/100\n|-ability|p2a: Yveltal|Dark Aura\n|\n|upkeep\n|turn|15\n|\n|t:|1699620516\n|move|p2a: Yveltal|Roost|p2a: Yveltal\n|-heal|p2a: Yveltal|85\/100\n|-singleturn|p2a: Yveltal|move: Roost\n|move|p1a: Garganacl|Recover|p1a: Garganacl\n|-heal|p1a: Garganacl|100\/100\n|\n|upkeep\n|turn|16\n|\n|t:|1699620518\n|switch|p2a: Arceus|Arceus-Ground|84\/100\n|move|p1a: Garganacl|Salt Cure|p2a: Arceus\n|-resisted|p2a: Arceus\n|-damage|p2a: Arceus|79\/100\n|-start|p2a: Arceus|Salt Cure\n|\n|-damage|p2a: Arceus|67\/100|[from] Salt Cure\n|upkeep\n|turn|17\n|\n|t:|1699620525\n|move|p2a: Arceus|Dragon Dance|p2a: Arceus\n|-boost|p2a: Arceus|atk|1\n|-boost|p2a: Arceus|spe|1\n|move|p1a: Garganacl|Stealth Rock|p2a: Arceus\n|-sidestart|p2: priestmajor|move: Stealth Rock\n|\n|-damage|p2a: Arceus|54\/100|[from] Salt Cure\n|upkeep\n|turn|18\n|\n|t:|1699620534\n|move|p1a: Garganacl|Protect|p1a: Garganacl\n|-singleturn|p1a: Garganacl|Protect\n|move|p2a: Arceus|Earthquake|p1a: Garganacl\n|-activate|p1a: Garganacl|move: Protect\n|\n|-damage|p2a: Arceus|42\/100|[from] Salt Cure\n|upkeep\n|turn|19\n|\n|t:|1699620538\n|switch|p1a: Kyurem|Kyurem-Black|17\/100\n|-ability|p1a: Kyurem|Teravolt\n|move|p2a: Arceus|Recover|p2a: Arceus\n|-heal|p2a: Arceus|92\/100\n|\n|-damage|p2a: Arceus|80\/100|[from] Salt Cure\n|upkeep\n|turn|20\n|\n|t:|1699620548\n|move|p2a: Arceus|Earthquake|p1a: Kyurem\n|-damage|p1a: Kyurem|0 fnt\n|faint|p1a: Kyurem\n|\n|-damage|p2a: Arceus|67\/100|[from] Salt Cure\n|upkeep\n|\n|t:|1699620553\n|switch|p1a: Arceus|Arceus-Ground|72\/100 brn\n|turn|21\n|\n|t:|1699620556\n|move|p2a: Arceus|Earthquake|p1a: Arceus\n|-damage|p1a: Arceus|23\/100 brn\n|move|p1a: Arceus|Toxic|p2a: Arceus\n|-status|p2a: Arceus|tox\n|\n|-damage|p2a: Arceus|61\/100 tox|[from] psn\n|-damage|p1a: Arceus|17\/100 brn|[from] brn\n|-damage|p2a: Arceus|49\/100 tox|[from] Salt Cure\n|upkeep\n|turn|22\n|\n|t:|1699620559\n|move|p2a: Arceus|Earthquake|p1a: Arceus\n|-damage|p1a: Arceus|0 fnt\n|faint|p1a: Arceus\n|\n|-damage|p2a: Arceus|37\/100 tox|[from] psn\n|-damage|p2a: Arceus|25\/100 tox|[from] Salt Cure\n|upkeep\n|\n|t:|1699620564\n|switch|p1a: Ditto|Ditto|100\/100\n|-transform|p1a: Ditto|p2a: Arceus|[from] ability: Imposter\n|turn|23\n|\n|t:|1699620569\n|switch|p2a: Ho-Oh|Ho-Oh|100\/100 tox\n|move|p1a: Ditto|Stone Edge|p2a: Ho-Oh\n|-supereffective|p2a: Ho-Oh\n|-damage|p2a: Ho-Oh|0 fnt\n|faint|p2a: Ho-Oh\n|\n|upkeep\n|\n|t:|1699620571\n|switch|p2a: Zygarde|Zygarde|100\/100\n|-damage|p2a: Zygarde|94\/100|[from] Stealth Rock\n|turn|24\n|\n|t:|1699620576\n|switch|p1a: Mewtwo|Mewtwo|100\/100\n|-ability|p1a: Mewtwo|Unnerve\n|move|p2a: Zygarde|Coil|p2a: Zygarde\n|-boost|p2a: Zygarde|atk|1\n|-boost|p2a: Zygarde|def|1\n|-boost|p2a: Zygarde|accuracy|1\n|\n|-heal|p2a: Zygarde|100\/100|[from] item: Leftovers\n|upkeep\n|turn|25\n|\n|t:|1699620583\n|-terastallize|p2a: Zygarde|Water\n|move|p1a: Mewtwo|Ice Beam|p2a: Zygarde\n|-resisted|p2a: Zygarde\n|-damage|p2a: Zygarde|86\/100\n|move|p2a: Zygarde|Glare|p1a: Mewtwo\n|-status|p1a: Mewtwo|par\n|\n|-heal|p2a: Zygarde|92\/100|[from] item: Leftovers\n|upkeep\n|turn|26\n|\n|t:|1699620588\n|switch|p1a: Kingambit|Kingambit, M|100\/100\n|-activate|p1a: Kingambit|ability: Supreme Overlord\n|-start|p1a: Kingambit|fallen2|[silent]\n|move|p2a: Zygarde|Thousand Arrows|p1a: Kingambit\n|-supereffective|p1a: Kingambit\n|-crit|p1a: Kingambit\n|-damage|p1a: Kingambit|0 fnt\n|faint|p1a: Kingambit\n|-end|p1a: Kingambit|fallen2|[silent]\n|\n|-heal|p2a: Zygarde|98\/100|[from] item: Leftovers\n|upkeep\n|-message|Szymszym134 forfeited.\n|\n|win|priestmajor\n|raw|Szymszym134's rating: 1631 &rarr; <strong>1620<\/strong><br \/>(-11 for losing)\n|raw|priestmajor's rating: 1802 &rarr; <strong>1813<\/strong><br \/>(+11 for winning)\n|l|\u2606Szymszym134\n|l|\u2606priestmajor\n","uploadtime":1699620626,"views":5,"p1id":"szymszym134","p2id":"priestmajor","formatid":"gen9nationaldexubers","rating":1620,"private":0,"password":""}