{"id":"gen9nationaldexubers-1992697268","p1":"iluvtrickroom","p2":"tjodim yee","format":"[Gen 9] National Dex Ubers","log":"|j|\u2606iluvtrickroom\n|j|\u203dtjodim yee\n|t:|1700226450\n|gametype|singles\n|player|p1|iluvtrickroom|hilda|1074\n|player|p2|tjodim yee|101|1000\n|teamsize|p1|6\n|teamsize|p2|6\n|gen|9\n|tier|[Gen 9] National Dex Ubers\n|rated|\n|rule|HP Percentage Mod: HP is shown in percentages\n|rule|Endless Battle Clause: Forcing endless battles is banned\n|rule|OHKO Clause: OHKO moves are banned\n|rule|Evasion Moves Clause: Evasion moves are banned\n|rule|Evasion Items Clause: Evasion items are banned\n|rule|Species Clause: Limit one of each Pok\u00e9mon\n|rule|Sleep Clause Mod: Limit one foe put to sleep\n|rule|Mega Rayquaza Clause: You cannot mega evolve Rayquaza\n|clearpoke\n|poke|p1|Ferrothorn, F|\n|poke|p1|Eternatus|\n|poke|p1|Meowscarada, F|\n|poke|p1|Ogerpon-Hearthflame, F|\n|poke|p1|Nihilego|\n|poke|p1|Scizor, M|\n|poke|p2|Kommo-o, M|\n|poke|p2|Ferrothorn, F|\n|poke|p2|Kyogre|\n|poke|p2|Diancie|\n|poke|p2|Marshadow|\n|poke|p2|Regieleki|\n|teampreview\n|inactive|Battle timer is ON: inactive players will automatically lose when time's up. (requested by tjodim yee)\n|\n|t:|1700226456\n|start\n|switch|p1a: Meowscarada|Meowscarada, F|100\/100\n|switch|p2a: Diancie|Diancie, shiny|100\/100\n|turn|1\n|\n|t:|1700226465\n|switch|p2a: Ferrothorn|Ferrothorn, F|100\/100\n|move|p1a: Meowscarada|Taunt|p2a: Ferrothorn\n|-start|p2a: Ferrothorn|move: Taunt\n|\n|upkeep\n|turn|2\n|\n|t:|1700226472\n|move|p1a: Meowscarada|Toxic Spikes|p2a: Ferrothorn\n|-sidestart|p2: tjodim yee|move: Toxic Spikes\n|move|p2a: Ferrothorn|Gyro Ball|p1a: Meowscarada\n|-damage|p1a: Meowscarada|29\/100\n|\n|upkeep\n|turn|3\n|\n|t:|1700226480\n|move|p1a: Meowscarada|Knock Off|p2a: Ferrothorn\n|-damage|p2a: Ferrothorn|75\/100\n|-damage|p1a: Meowscarada|16\/100|[from] ability: Iron Barbs|[of] p2a: Ferrothorn\n|-damage|p1a: Meowscarada|0 fnt|[from] item: Rocky Helmet|[of] p2a: Ferrothorn\n|faint|p1a: Meowscarada\n|move|p2a: Ferrothorn|Gyro Ball|p1: Meowscarada|[notarget]\n|-fail|p2a: Ferrothorn\n|\n|-end|p2a: Ferrothorn|move: Taunt\n|upkeep\n|\n|t:|1700226497\n|switch|p1a: Ogerpon|Ogerpon-Hearthflame, F|100\/100\n|-ability|p1a: Ogerpon|Mold Breaker\n|turn|4\n|\n|t:|1700226505\n|move|p1a: Ogerpon|Ivy Cudgel|p2a: Ferrothorn|[anim] Ivy Cudgel Fire\n|-supereffective|p2a: Ferrothorn\n|-damage|p2a: Ferrothorn|0 fnt\n|faint|p2a: Ferrothorn\n|\n|upkeep\n|\n|t:|1700226514\n|switch|p2a: Regieleki|Regieleki, shiny|100\/100\n|-status|p2a: Regieleki|psn\n|turn|5\n|\n|t:|1700226521\n|move|p1a: Ogerpon|Spiky Shield|p1a: Ogerpon\n|-singleturn|p1a: Ogerpon|move: Protect\n|move|p2a: Regieleki|Rapid Spin|p1a: Ogerpon\n|-activate|p1a: Ogerpon|move: Protect\n|-damage|p2a: Regieleki|88\/100 psn|[from] Spiky Shield|[of] p1a: Ogerpon\n|\n|-damage|p2a: Regieleki|76\/100 psn|[from] psn\n|upkeep\n|turn|6\n|\n|t:|1700226533\n|move|p2a: Regieleki|Rapid Spin|p1a: Ogerpon\n|-damage|p1a: Ogerpon|89\/100\n|-boost|p2a: Regieleki|spe|1\n|-sideend|p2: tjodim yee|Toxic Spikes|[from] move: Rapid Spin|[of] p2a: Regieleki\n|move|p1a: Ogerpon|Leech Seed|p2a: Regieleki\n|-start|p2a: Regieleki|move: Leech Seed\n|\n|-damage|p2a: Regieleki|64\/100 psn|[from] Leech Seed|[of] p1a: Ogerpon\n|-heal|p1a: Ogerpon|99\/100|[silent]\n|-damage|p2a: Regieleki|51\/100 psn|[from] psn\n|upkeep\n|turn|7\n|\n|t:|1700226548\n|move|p2a: Regieleki|Thunder Cage|p1a: Ogerpon\n|-resisted|p1a: Ogerpon\n|-damage|p1a: Ogerpon|77\/100\n|-activate|p1a: Ogerpon|move: Thunder Cage|[of] p2a: Regieleki\n|move|p1a: Ogerpon|Horn Leech|p2a: Regieleki\n|-damage|p2a: Regieleki|0 fnt\n|-heal|p1a: Ogerpon|99\/100|[from] drain|[of] p2a: Regieleki\n|faint|p2a: Regieleki\n|\n|-end|p1a: Ogerpon|Thunder Cage|[partiallytrapped]|[silent]\n|upkeep\n|-message|tjodim yee forfeited.\n|\n|win|iluvtrickroom\n|raw|iluvtrickroom's rating: 1074 &rarr; <strong>1097<\/strong><br \/>(+23 for winning)\n|raw|tjodim yee's rating: 1000 &rarr; <strong>1000<\/strong><br \/>(+0 for losing)\n|l|\u203dtjodim yee\n","uploadtime":1700226560,"views":8,"p1id":"iluvtrickroom","p2id":"tjodimyee","formatid":"gen9nationaldexubers","rating":1000,"private":0,"password":""}