{"id":"gen9nationaldexubers-1993573339","p1":"JotaV590","p2":"Minaisok","format":"[Gen 9] National Dex Ubers","log":"|j|\u2606JotaV590\n|j|\u2606Minaisok\n|t:|1700333228\n|gametype|singles\n|player|p1|JotaV590|red|1218\n|player|p2|Minaisok|mars|1147\n|teamsize|p1|6\n|teamsize|p2|6\n|gen|9\n|tier|[Gen 9] National Dex Ubers\n|rated|\n|rule|HP Percentage Mod: HP is shown in percentages\n|rule|Endless Battle Clause: Forcing endless battles is banned\n|rule|OHKO Clause: OHKO moves are banned\n|rule|Evasion Moves Clause: Evasion moves are banned\n|rule|Evasion Items Clause: Evasion items are banned\n|rule|Species Clause: Limit one of each Pok\u00e9mon\n|rule|Sleep Clause Mod: Limit one foe put to sleep\n|rule|Mega Rayquaza Clause: You cannot mega evolve Rayquaza\n|clearpoke\n|poke|p1|Polteageist|\n|poke|p1|Dracovish|\n|poke|p1|Marshadow|\n|poke|p1|Mew|\n|poke|p1|Blaziken, M|\n|poke|p1|Pawmot, M|\n|poke|p2|Ferrothorn, M|\n|poke|p2|Iron Valiant|\n|poke|p2|Tapu Koko|\n|poke|p2|Raichu-Alola, M|\n|poke|p2|Ho-Oh|\n|poke|p2|Necrozma-Dusk-Mane|\n|teampreview\n|inactive|Battle timer is ON: inactive players will automatically lose when time's up. (requested by Minaisok)\n|inactive|JotaV590 has 120 seconds left.\n|inactive|JotaV590 has 90 seconds left.\n|inactive|JotaV590 has 60 seconds left.\n|inactive|JotaV590 has 30 seconds left.\n|inactive|JotaV590 has 20 seconds left.\n|\n|t:|1700333400\n|start\n|switch|p1a: Bri\u00b4ish|Polteageist|100\/100\n|switch|p2a: Tapu Koko|Tapu Koko, shiny|100\/100\n|-fieldstart|move: Electric Terrain|[from] ability: Electric Surge|[of] p2a: Tapu Koko\n|turn|1\n|\n|t:|1700333409\n|move|p2a: Tapu Koko|Taunt|p1a: Bri\u00b4ish\n|-start|p1a: Bri\u00b4ish|move: Taunt\n|cant|p1a: Bri\u00b4ish|move: Taunt|Shell Smash\n|\n|upkeep\n|turn|2\n|inactive|JotaV590 has 90 seconds left.\n|\n|t:|1700333428\n|switch|p1a: Teriaki|Blaziken, M|100\/100\n|move|p2a: Tapu Koko|Volt Switch|p1a: Teriaki\n|-crit|p1a: Teriaki\n|-damage|p1a: Teriaki|12\/100\n|\n|t:|1700333434\n|switch|p2a: Raichu|Raichu-Alola, M, shiny|100\/100|[from] Volt Switch\n|\n|upkeep\n|turn|3\n|inactive|JotaV590 has 90 seconds left.\n|\n|t:|1700333447\n|detailschange|p1a: Teriaki|Blaziken-Mega, M\n|-mega|p1a: Teriaki|Blaziken|Blazikenite\n|-terastallize|p2a: Raichu|Electric\n|move|p2a: Raichu|Thunderbolt|p1a: Teriaki\n|-damage|p1a: Teriaki|0 fnt\n|faint|p1a: Teriaki\n|\n|upkeep\n|inactive|JotaV590 has 90 seconds left.\n|\n|t:|1700333455\n|switch|p1a: Bri\u00b4ish|Polteageist|100\/100\n|turn|4\n|\n|t:|1700333459\n|move|p2a: Raichu|Thunderbolt|p1a: Bri\u00b4ish\n|-enditem|p1a: Bri\u00b4ish|Focus Sash\n|-damage|p1a: Bri\u00b4ish|1\/100\n|move|p1a: Bri\u00b4ish|Shell Smash|p1a: Bri\u00b4ish\n|-unboost|p1a: Bri\u00b4ish|def|1\n|-unboost|p1a: Bri\u00b4ish|spd|1\n|-boost|p1a: Bri\u00b4ish|atk|2\n|-boost|p1a: Bri\u00b4ish|spa|2\n|-boost|p1a: Bri\u00b4ish|spe|2\n|\n|upkeep\n|turn|5\n|\n|t:|1700333482\n|switch|p2a: Ho-Oh|Ho-Oh|100\/100\n|move|p1a: Bri\u00b4ish|Stored Power|p2a: Ho-Oh\n|-damage|p2a: Ho-Oh|50\/100\n|\n|-heal|p2a: Ho-Oh|57\/100|[from] item: Leftovers\n|upkeep\n|turn|6\n|\n|t:|1700333498\n|move|p1a: Bri\u00b4ish|Stored Power|p2a: Ho-Oh\n|-damage|p2a: Ho-Oh|9\/100\n|move|p2a: Ho-Oh|Sacred Fire|p1a: Bri\u00b4ish\n|-damage|p1a: Bri\u00b4ish|0 fnt\n|faint|p1a: Bri\u00b4ish\n|\n|-heal|p2a: Ho-Oh|16\/100|[from] item: Leftovers\n|upkeep\n|\n|t:|1700333505\n|switch|p1a: Jack the Reaper|Dracovish, shiny|100\/100\n|turn|7\n|\n|t:|1700333511\n|move|p2a: Ho-Oh|Protect|p2a: Ho-Oh\n|-singleturn|p2a: Ho-Oh|Protect\n|move|p1a: Jack the Reaper|Fishious Rend|p2a: Ho-Oh\n|-activate|p2a: Ho-Oh|move: Protect\n|\n|-heal|p2a: Ho-Oh|22\/100|[from] item: Leftovers\n|upkeep\n|turn|8\n|\n|t:|1700333521\n|switch|p2a: Ferrothorn|Ferrothorn, M, shiny|100\/100\n|move|p1a: Jack the Reaper|Fishious Rend|p2a: Ferrothorn\n|-resisted|p2a: Ferrothorn\n|-damage|p2a: Ferrothorn|71\/100\n|-damage|p1a: Jack the Reaper|88\/100|[from] ability: Iron Barbs|[of] p2a: Ferrothorn\n|-damage|p1a: Jack the Reaper|72\/100|[from] item: Rocky Helmet|[of] p2a: Ferrothorn\n|\n|-fieldend|move: Electric Terrain\n|upkeep\n|turn|9\n|\n|t:|1700333537\n|switch|p1a: five Pebbles|Mew|100\/100\n|move|p2a: Ferrothorn|Leech Seed|p1a: five Pebbles\n|-start|p1a: five Pebbles|move: Leech Seed\n|\n|-damage|p1a: five Pebbles|88\/100|[from] Leech Seed|[of] p2a: Ferrothorn\n|-heal|p2a: Ferrothorn|83\/100|[silent]\n|upkeep\n|turn|10\n|\n|t:|1700333546\n|move|p2a: Ferrothorn|Protect|p2a: Ferrothorn\n|-singleturn|p2a: Ferrothorn|Protect\n|move|p1a: five Pebbles|Flamethrower|p2a: Ferrothorn\n|-activate|p2a: Ferrothorn|move: Protect\n|\n|-heal|p1a: five Pebbles|94\/100|[from] item: Leftovers\n|-damage|p1a: five Pebbles|82\/100|[from] Leech Seed|[of] p2a: Ferrothorn\n|-heal|p2a: Ferrothorn|95\/100|[silent]\n|upkeep\n|turn|11\n|inactive|JotaV590 has 120 seconds left.\n|\n|t:|1700333560\n|switch|p2a: Ho-Oh|Ho-Oh|55\/100\n|move|p1a: five Pebbles|Flamethrower|p2a: Ho-Oh\n|-resisted|p2a: Ho-Oh\n|-damage|p2a: Ho-Oh|49\/100\n|\n|-heal|p1a: five Pebbles|88\/100|[from] item: Leftovers\n|-heal|p2a: Ho-Oh|56\/100|[from] item: Leftovers\n|-damage|p1a: five Pebbles|76\/100|[from] Leech Seed|[of] p2a: Ho-Oh\n|-heal|p2a: Ho-Oh|66\/100|[silent]\n|upkeep\n|turn|12\n|\n|t:|1700333575\n|move|p1a: five Pebbles|Psychic|p2a: Ho-Oh\n|-damage|p2a: Ho-Oh|48\/100\n|move|p2a: Ho-Oh|Sacred Fire|p1a: five Pebbles\n|-crit|p1a: five Pebbles\n|-damage|p1a: five Pebbles|16\/100\n|-status|p1a: five Pebbles|brn\n|-activate|p1a: five Pebbles|ability: Synchronize\n|-immune|p2a: Ho-Oh\n|\n|-heal|p1a: five Pebbles|22\/100 brn|[from] item: Leftovers\n|-heal|p2a: Ho-Oh|55\/100|[from] item: Leftovers\n|-damage|p1a: five Pebbles|10\/100 brn|[from] Leech Seed|[of] p2a: Ho-Oh\n|-heal|p2a: Ho-Oh|65\/100|[silent]\n|-damage|p1a: five Pebbles|3\/100 brn|[from] brn\n|upkeep\n|turn|13\n|\n|t:|1700333591\n|move|p2a: Ho-Oh|Protect|p2a: Ho-Oh\n|-singleturn|p2a: Ho-Oh|Protect\n|move|p1a: five Pebbles|Psychic|p2a: Ho-Oh\n|-activate|p2a: Ho-Oh|move: Protect\n|\n|-heal|p1a: five Pebbles|10\/100 brn|[from] item: Leftovers\n|-heal|p2a: Ho-Oh|71\/100|[from] item: Leftovers\n|-damage|p1a: five Pebbles|0 fnt|[from] Leech Seed|[of] p2a: Ho-Oh\n|-heal|p2a: Ho-Oh|78\/100|[silent]\n|faint|p1a: five Pebbles\n|upkeep\n|\n|t:|1700333602\n|switch|p1a: Jack the Reaper|Dracovish, shiny|72\/100\n|turn|14\n|\n|t:|1700333607\n|switch|p2a: Ferrothorn|Ferrothorn, M, shiny|95\/100\n|move|p1a: Jack the Reaper|Fishious Rend|p2a: Ferrothorn\n|-resisted|p2a: Ferrothorn\n|-damage|p2a: Ferrothorn|65\/100\n|-damage|p1a: Jack the Reaper|59\/100|[from] ability: Iron Barbs|[of] p2a: Ferrothorn\n|-damage|p1a: Jack the Reaper|43\/100|[from] item: Rocky Helmet|[of] p2a: Ferrothorn\n|\n|upkeep\n|turn|15\n|\n|t:|1700333617\n|move|p1a: Jack the Reaper|Fishious Rend|p2a: Ferrothorn\n|-resisted|p2a: Ferrothorn\n|-damage|p2a: Ferrothorn|38\/100\n|-damage|p1a: Jack the Reaper|30\/100|[from] ability: Iron Barbs|[of] p2a: Ferrothorn\n|-damage|p1a: Jack the Reaper|14\/100|[from] item: Rocky Helmet|[of] p2a: Ferrothorn\n|move|p2a: Ferrothorn|Leech Seed|p1a: Jack the Reaper\n|-start|p1a: Jack the Reaper|move: Leech Seed\n|\n|-damage|p1a: Jack the Reaper|1\/100|[from] Leech Seed|[of] p2a: Ferrothorn\n|-heal|p2a: Ferrothorn|49\/100|[silent]\n|upkeep\n|turn|16\n|\n|t:|1700333628\n|move|p2a: Ferrothorn|Protect|p2a: Ferrothorn\n|-singleturn|p2a: Ferrothorn|Protect\n|move|p1a: Jack the Reaper|Fishious Rend|p2a: Ferrothorn\n|-activate|p2a: Ferrothorn|move: Protect\n|\n|-damage|p1a: Jack the Reaper|0 fnt|[from] Leech Seed|[of] p2a: Ferrothorn\n|-heal|p2a: Ferrothorn|50\/100|[silent]\n|faint|p1a: Jack the Reaper\n|upkeep\n|-message|JotaV590 forfeited.\n|\n|win|Minaisok\n|raw|JotaV590's rating: 1218 &rarr; <strong>1188<\/strong><br \/>(-30 for losing)\n|raw|Minaisok's rating: 1147 &rarr; <strong>1177<\/strong><br \/>(+30 for winning)\n|l|\u2606JotaV590\n","uploadtime":1700333642,"views":11,"p1id":"jotav590","p2id":"minaisok","formatid":"gen9nationaldexubers","rating":1177,"private":0,"password":""}