{"id":"gen9nationaldexubers-1978732948","p1":"ballerbigballerson","p2":"Rebe<3","format":"[Gen 9] National Dex Ubers","log":"|j|\u2606ballerbigballerson\n|j|\u2606Rebe<3\n|t:|1698588442\n|gametype|singles\n|player|p1|ballerbigballerson|red|1163\n|player|p2|Rebe<3|hilda-wonderlauncher|1074\n|teamsize|p1|6\n|teamsize|p2|6\n|gen|9\n|tier|[Gen 9] National Dex Ubers\n|rated|\n|rule|HP Percentage Mod: HP is shown in percentages\n|rule|Endless Battle Clause: Forcing endless battles is banned\n|rule|OHKO Clause: OHKO moves are banned\n|rule|Evasion Moves Clause: Evasion moves are banned\n|rule|Evasion Items Clause: Evasion items are banned\n|rule|Species Clause: Limit one of each Pok\u00e9mon\n|rule|Sleep Clause Mod: Limit one foe put to sleep\n|rule|Mega Rayquaza Clause: You cannot mega evolve Rayquaza\n|clearpoke\n|poke|p1|Charizard, M|\n|poke|p1|Gliscor, F|\n|poke|p1|Urshifu-*, F|\n|poke|p1|Greninja-*, M|\n|poke|p1|Xerneas-*|\n|poke|p1|Dialga-Origin|\n|poke|p2|Clodsire, F|\n|poke|p2|Basculegion, M|\n|poke|p2|Corviknight, M|\n|poke|p2|Wo-Chien|\n|poke|p2|Talonflame, F|\n|poke|p2|Tapu Lele|\n|teampreview\n|\n|t:|1698588461\n|start\n|switch|p1a: Gliscor|Gliscor, F|100\/100\n|switch|p2a: Wo-Chien|Wo-Chien|100\/100\n|-ability|p2a: Wo-Chien|Tablets of Ruin\n|turn|1\n|\n|t:|1698588476\n|move|p1a: Gliscor|Toxic Spikes|p2a: Wo-Chien\n|-sidestart|p2: Rebe<3|move: Toxic Spikes\n|move|p2a: Wo-Chien|Leech Seed|p1a: Gliscor\n|-start|p1a: Gliscor|move: Leech Seed\n|\n|-damage|p1a: Gliscor|88\/100|[from] Leech Seed|[of] p2a: Wo-Chien\n|-status|p1a: Gliscor|tox|[from] item: Toxic Orb\n|upkeep\n|turn|2\n|inactive|Battle timer is ON: inactive players will automatically lose when time's up. (requested by ballerbigballerson)\n|\n|t:|1698588491\n|move|p1a: Gliscor|Spikes|p2a: Wo-Chien\n|-sidestart|p2: Rebe<3|Spikes\n|move|p2a: Wo-Chien|Giga Drain|p1a: Gliscor\n|-damage|p1a: Gliscor|59\/100 tox\n|\n|-damage|p1a: Gliscor|47\/100 tox|[from] Leech Seed|[of] p2a: Wo-Chien\n|-heal|p1a: Gliscor|59\/100 tox|[from] ability: Poison Heal\n|upkeep\n|turn|3\n|\n|t:|1698588507\n|move|p1a: Gliscor|Spikes|p2a: Wo-Chien\n|-sidestart|p2: Rebe<3|Spikes\n|move|p2a: Wo-Chien|Snarl|p1a: Gliscor\n|-damage|p1a: Gliscor|37\/100 tox\n|-unboost|p1a: Gliscor|spa|1\n|\n|-damage|p1a: Gliscor|24\/100 tox|[from] Leech Seed|[of] p2a: Wo-Chien\n|-heal|p1a: Gliscor|37\/100 tox|[from] ability: Poison Heal\n|upkeep\n|turn|4\n|\n|t:|1698588520\n|switch|p1a: Charizard|Charizard, M, shiny|100\/100\n|move|p2a: Wo-Chien|Giga Drain|p1a: Charizard\n|-resisted|p1a: Charizard\n|-damage|p1a: Charizard|92\/100\n|\n|upkeep\n|turn|5\n|\n|t:|1698588530\n|detailschange|p1a: Charizard|Charizard-Mega-Y, M, shiny\n|-mega|p1a: Charizard|Charizard|Charizardite Y\n|-weather|SunnyDay|[from] ability: Drought|[of] p1a: Charizard\n|move|p1a: Charizard|Flamethrower|p2a: Wo-Chien\n|-supereffective|p2a: Wo-Chien\n|-damage|p2a: Wo-Chien|9\/100\n|move|p2a: Wo-Chien|Leech Seed|p1a: Charizard\n|-start|p1a: Charizard|move: Leech Seed\n|\n|-weather|SunnyDay|[upkeep]\n|-heal|p2a: Wo-Chien|15\/100|[from] item: Leftovers\n|-damage|p1a: Charizard|79\/100|[from] Leech Seed|[of] p2a: Wo-Chien\n|-heal|p2a: Wo-Chien|25\/100|[silent]\n|upkeep\n|turn|6\n|\n|t:|1698588544\n|move|p2a: Wo-Chien|Protect|p2a: Wo-Chien\n|-singleturn|p2a: Wo-Chien|Protect\n|move|p1a: Charizard|Weather Ball|p2a: Wo-Chien\n|-activate|p2a: Wo-Chien|move: Protect\n|\n|-weather|SunnyDay|[upkeep]\n|-heal|p2a: Wo-Chien|31\/100|[from] item: Leftovers\n|-damage|p1a: Charizard|67\/100|[from] Leech Seed|[of] p2a: Wo-Chien\n|-heal|p2a: Wo-Chien|41\/100|[silent]\n|upkeep\n|turn|7\n|\n|t:|1698588562\n|move|p2a: Wo-Chien|Protect|p2a: Wo-Chien\n|-singleturn|p2a: Wo-Chien|Protect\n|move|p1a: Charizard|Weather Ball|p2a: Wo-Chien\n|-activate|p2a: Wo-Chien|move: Protect\n|\n|-weather|SunnyDay|[upkeep]\n|-heal|p2a: Wo-Chien|47\/100|[from] item: Leftovers\n|-damage|p1a: Charizard|55\/100|[from] Leech Seed|[of] p2a: Wo-Chien\n|-heal|p2a: Wo-Chien|57\/100|[silent]\n|upkeep\n|turn|8\n|\n|t:|1698588574\n|-terastallize|p2a: Wo-Chien|Fairy\n|move|p1a: Charizard|Solar Beam||[still]\n|-prepare|p1a: Charizard|Solar Beam\n|-anim|p1a: Charizard|Solar Beam|p2a: Wo-Chien\n|-damage|p2a: Wo-Chien|31\/100\n|move|p2a: Wo-Chien|Snarl|p1a: Charizard\n|-damage|p1a: Charizard|37\/100\n|-unboost|p1a: Charizard|spa|1\n|\n|-weather|SunnyDay|[upkeep]\n|-heal|p2a: Wo-Chien|37\/100|[from] item: Leftovers\n|-damage|p1a: Charizard|25\/100|[from] Leech Seed|[of] p2a: Wo-Chien\n|-heal|p2a: Wo-Chien|47\/100|[silent]\n|upkeep\n|turn|9\n|\n|t:|1698588589\n|move|p2a: Wo-Chien|Protect|p2a: Wo-Chien\n|-singleturn|p2a: Wo-Chien|Protect\n|move|p1a: Charizard|Weather Ball|p2a: Wo-Chien\n|-activate|p2a: Wo-Chien|move: Protect\n|\n|-weather|none\n|-heal|p2a: Wo-Chien|53\/100|[from] item: Leftovers\n|-damage|p1a: Charizard|13\/100|[from] Leech Seed|[of] p2a: Wo-Chien\n|-heal|p2a: Wo-Chien|63\/100|[silent]\n|upkeep\n|turn|10\n|\n|t:|1698588611\n|move|p2a: Wo-Chien|Protect|p2a: Wo-Chien\n|-singleturn|p2a: Wo-Chien|Protect\n|move|p1a: Charizard|Flamethrower|p2a: Wo-Chien\n|-activate|p2a: Wo-Chien|move: Protect\n|\n|-heal|p2a: Wo-Chien|69\/100|[from] item: Leftovers\n|-damage|p1a: Charizard|0 fnt|[from] Leech Seed|[of] p2a: Wo-Chien\n|-heal|p2a: Wo-Chien|79\/100|[silent]\n|faint|p1a: Charizard\n|upkeep\n|c|\u2606Rebe<3|uf\n|inactive|ballerbigballerson has 120 seconds left.\n|\n|t:|1698588623\n|switch|p1a: Dialga|Dialga-Origin, shiny|100\/100\n|-ability|p1a: Dialga|Pressure\n|turn|11\n|\n|t:|1698588631\n|move|p1a: Dialga|Flash Cannon|p2a: Wo-Chien\n|-supereffective|p2a: Wo-Chien\n|-damage|p2a: Wo-Chien|18\/100\n|move|p2a: Wo-Chien|Leech Seed|p1a: Dialga\n|-start|p1a: Dialga|move: Leech Seed\n|\n|-heal|p2a: Wo-Chien|24\/100|[from] item: Leftovers\n|-damage|p1a: Dialga|88\/100|[from] Leech Seed|[of] p2a: Wo-Chien\n|-heal|p2a: Wo-Chien|35\/100|[silent]\n|upkeep\n|turn|12\n|\n|t:|1698588641\n|move|p2a: Wo-Chien|Protect|p2a: Wo-Chien\n|-singleturn|p2a: Wo-Chien|Protect\n|move|p1a: Dialga|Flash Cannon|p2a: Wo-Chien\n|-activate|p2a: Wo-Chien|move: Protect\n|\n|-heal|p2a: Wo-Chien|41\/100|[from] item: Leftovers\n|-damage|p1a: Dialga|76\/100|[from] Leech Seed|[of] p2a: Wo-Chien\n|-heal|p2a: Wo-Chien|53\/100|[silent]\n|upkeep\n|turn|13\n|\n|t:|1698588651\n|move|p2a: Wo-Chien|Protect|p2a: Wo-Chien\n|-singleturn|p2a: Wo-Chien|Protect\n|move|p1a: Dialga|Flash Cannon|p2a: Wo-Chien\n|-activate|p2a: Wo-Chien|move: Protect\n|\n|-heal|p2a: Wo-Chien|59\/100|[from] item: Leftovers\n|-damage|p1a: Dialga|64\/100|[from] Leech Seed|[of] p2a: Wo-Chien\n|-heal|p2a: Wo-Chien|70\/100|[silent]\n|upkeep\n|turn|14\n|\n|t:|1698588669\n|move|p1a: Dialga|Flash Cannon|p2a: Wo-Chien\n|-supereffective|p2a: Wo-Chien\n|-damage|p2a: Wo-Chien|14\/100\n|move|p2a: Wo-Chien|Snarl|p1a: Dialga\n|-crit|p1a: Dialga\n|-damage|p1a: Dialga|41\/100\n|-unboost|p1a: Dialga|spa|1\n|\n|-heal|p2a: Wo-Chien|20\/100|[from] item: Leftovers\n|-damage|p1a: Dialga|29\/100|[from] Leech Seed|[of] p2a: Wo-Chien\n|-heal|p2a: Wo-Chien|31\/100|[silent]\n|upkeep\n|turn|15\n|\n|t:|1698588686\n|move|p2a: Wo-Chien|Protect|p2a: Wo-Chien\n|-singleturn|p2a: Wo-Chien|Protect\n|move|p1a: Dialga|Earth Power|p2a: Wo-Chien\n|-activate|p2a: Wo-Chien|move: Protect\n|\n|-heal|p2a: Wo-Chien|37\/100|[from] item: Leftovers\n|-damage|p1a: Dialga|17\/100|[from] Leech Seed|[of] p2a: Wo-Chien\n|-heal|p2a: Wo-Chien|49\/100|[silent]\n|upkeep\n|turn|16\n|\n|t:|1698588697\n|move|p2a: Wo-Chien|Protect||[still]\n|-fail|p2a: Wo-Chien\n|move|p1a: Dialga|Flash Cannon|p2a: Wo-Chien\n|-supereffective|p2a: Wo-Chien\n|-damage|p2a: Wo-Chien|10\/100\n|-unboost|p2a: Wo-Chien|spd|1\n|\n|-heal|p2a: Wo-Chien|16\/100|[from] item: Leftovers\n|-damage|p1a: Dialga|5\/100|[from] Leech Seed|[of] p2a: Wo-Chien\n|-heal|p2a: Wo-Chien|27\/100|[silent]\n|upkeep\n|turn|17\n|\n|t:|1698588708\n|move|p2a: Wo-Chien|Protect|p2a: Wo-Chien\n|-singleturn|p2a: Wo-Chien|Protect\n|move|p1a: Dialga|Flash Cannon|p2a: Wo-Chien\n|-activate|p2a: Wo-Chien|move: Protect\n|\n|-heal|p2a: Wo-Chien|33\/100|[from] item: Leftovers\n|-damage|p1a: Dialga|0 fnt|[from] Leech Seed|[of] p2a: Wo-Chien\n|-heal|p2a: Wo-Chien|37\/100|[silent]\n|faint|p1a: Dialga\n|upkeep\n|inactive|ballerbigballerson has 120 seconds left.\n|\n|t:|1698588724\n|switch|p1a: Urshifu|Urshifu, F|100\/100\n|turn|18\n|c|\u2606Rebe<3|thats is insane\n|inactive|ballerbigballerson has 120 seconds left.\n|\n|t:|1698588730\n|move|p1a: Urshifu|U-turn|p2a: Wo-Chien\n|-resisted|p2a: Wo-Chien\n|-damage|p2a: Wo-Chien|28\/100\n|inactive|ballerbigballerson has 120 seconds left.\n|\n|t:|1698588736\n|switch|p1a: Greninja|Greninja, M|100\/100|[from] U-turn\n|move|p2a: Wo-Chien|Leech Seed|p1a: Greninja\n|-start|p1a: Greninja|move: Leech Seed\n|\n|-heal|p2a: Wo-Chien|34\/100|[from] item: Leftovers\n|-damage|p1a: Greninja|88\/100|[from] Leech Seed|[of] p2a: Wo-Chien\n|-heal|p2a: Wo-Chien|43\/100|[silent]\n|upkeep\n|turn|19\n|inactive|ballerbigballerson has 120 seconds left.\n|\n|t:|1698588748\n|move|p1a: Greninja|Ice Beam|p2a: Wo-Chien\n|-damage|p2a: Wo-Chien|21\/100\n|move|p2a: Wo-Chien|Snarl|p1a: Greninja\n|-resisted|p1a: Greninja\n|-damage|p1a: Greninja|75\/100\n|-unboost|p1a: Greninja|spa|1\n|\n|-heal|p1a: Greninja|81\/100|[from] item: Leftovers\n|-heal|p2a: Wo-Chien|27\/100|[from] item: Leftovers\n|-damage|p1a: Greninja|68\/100|[from] Leech Seed|[of] p2a: Wo-Chien\n|-heal|p2a: Wo-Chien|37\/100|[silent]\n|upkeep\n|turn|20\n|inactive|ballerbigballerson has 120 seconds left.\n|\n|t:|1698588766\n|move|p2a: Wo-Chien|Protect|p2a: Wo-Chien\n|-singleturn|p2a: Wo-Chien|Protect\n|move|p1a: Greninja|Surf|p2a: Wo-Chien\n|-activate|p2a: Wo-Chien|move: Protect\n|\n|-heal|p1a: Greninja|74\/100|[from] item: Leftovers\n|-heal|p2a: Wo-Chien|43\/100|[from] item: Leftovers\n|-damage|p1a: Greninja|62\/100|[from] Leech Seed|[of] p2a: Wo-Chien\n|-heal|p2a: Wo-Chien|52\/100|[silent]\n|upkeep\n|turn|21\n|inactive|ballerbigballerson has 120 seconds left.\n|\n|t:|1698588779\n|move|p1a: Greninja|Surf|p2a: Wo-Chien\n|-crit|p2a: Wo-Chien\n|-damage|p2a: Wo-Chien|2\/100\n|move|p2a: Wo-Chien|Giga Drain|p1a: Greninja\n|-supereffective|p1a: Greninja\n|-damage|p1a: Greninja|0 fnt\n|-heal|p2a: Wo-Chien|25\/100|[from] drain|[of] p1a: Greninja\n|faint|p1a: Greninja\n|\n|-heal|p2a: Wo-Chien|31\/100|[from] item: Leftovers\n|upkeep\n|\n|t:|1698588792\n|switch|p1a: Urshifu|Urshifu, F|100\/100\n|turn|22\n|\n|t:|1698588798\n|move|p1a: Urshifu|Wicked Blow|p2a: Wo-Chien\n|-resisted|p2a: Wo-Chien\n|-crit|p2a: Wo-Chien\n|-damage|p2a: Wo-Chien|12\/100\n|move|p2a: Wo-Chien|Leech Seed|p1a: Urshifu\n|-start|p1a: Urshifu|move: Leech Seed\n|\n|-heal|p2a: Wo-Chien|18\/100|[from] item: Leftovers\n|-damage|p1a: Urshifu|88\/100|[from] Leech Seed|[of] p2a: Wo-Chien\n|-heal|p2a: Wo-Chien|30\/100|[silent]\n|upkeep\n|turn|23\n|inactive|ballerbigballerson has 120 seconds left.\n|\n|t:|1698588811\n|move|p2a: Wo-Chien|Protect|p2a: Wo-Chien\n|-singleturn|p2a: Wo-Chien|Protect\n|move|p1a: Urshifu|Close Combat|p2a: Wo-Chien\n|-resisted|p2a: Wo-Chien\n|-damage|p2a: Wo-Chien|9\/100\n|-unboost|p1a: Urshifu|def|1\n|-unboost|p1a: Urshifu|spd|1\n|\n|-heal|p1a: Urshifu|94\/100|[from] item: Leftovers\n|-heal|p2a: Wo-Chien|15\/100|[from] item: Leftovers\n|-damage|p1a: Urshifu|82\/100|[from] Leech Seed|[of] p2a: Wo-Chien\n|-heal|p2a: Wo-Chien|26\/100|[silent]\n|upkeep\n|turn|24\n|inactive|ballerbigballerson has 120 seconds left.\n|\n|t:|1698588824\n|move|p1a: Urshifu|Close Combat|p2a: Wo-Chien\n|-resisted|p2a: Wo-Chien\n|-damage|p2a: Wo-Chien|4\/100\n|-unboost|p1a: Urshifu|def|1\n|-unboost|p1a: Urshifu|spd|1\n|move|p2a: Wo-Chien|Giga Drain|p1a: Urshifu\n|-damage|p1a: Urshifu|3\/100\n|-heal|p2a: Wo-Chien|40\/100|[from] drain|[of] p1a: Urshifu\n|\n|-heal|p1a: Urshifu|9\/100|[from] item: Leftovers\n|-heal|p2a: Wo-Chien|46\/100|[from] item: Leftovers\n|-damage|p1a: Urshifu|0 fnt|[from] Leech Seed|[of] p2a: Wo-Chien\n|-heal|p2a: Wo-Chien|54\/100|[silent]\n|faint|p1a: Urshifu\n|upkeep\n|c|\u2606Rebe<3|xD\n|\n|t:|1698588839\n|switch|p1a: Xerneas|Xerneas|100\/100\n|-ability|p1a: Xerneas|Fairy Aura\n|turn|25\n|\n|t:|1698588846\n|-terastallize|p1a: Xerneas|Fairy\n|move|p1a: Xerneas|Geomancy||[still]\n|-prepare|p1a: Xerneas|Geomancy\n|-enditem|p1a: Xerneas|Power Herb\n|-anim|p1a: Xerneas|Geomancy|p1a: Xerneas\n|-boost|p1a: Xerneas|spa|2\n|-boost|p1a: Xerneas|spd|2\n|-boost|p1a: Xerneas|spe|2\n|move|p2a: Wo-Chien|Leech Seed|p1a: Xerneas\n|-start|p1a: Xerneas|move: Leech Seed\n|\n|-heal|p2a: Wo-Chien|60\/100|[from] item: Leftovers\n|-damage|p1a: Xerneas|88\/100|[from] Leech Seed|[of] p2a: Wo-Chien\n|-heal|p2a: Wo-Chien|76\/100|[silent]\n|upkeep\n|turn|26\n|inactive|ballerbigballerson has 120 seconds left.\n|\n|t:|1698588864\n|move|p2a: Wo-Chien|Protect|p2a: Wo-Chien\n|-singleturn|p2a: Wo-Chien|Protect\n|move|p1a: Xerneas|Moonblast|p2a: Wo-Chien\n|-activate|p2a: Wo-Chien|move: Protect\n|\n|-heal|p2a: Wo-Chien|82\/100|[from] item: Leftovers\n|-damage|p1a: Xerneas|75\/100|[from] Leech Seed|[of] p2a: Wo-Chien\n|-heal|p2a: Wo-Chien|97\/100|[silent]\n|upkeep\n|turn|27\n|l|\u2606ballerbigballerson\n|inactive|ballerbigballerson disconnected and has a minute to reconnect!\n|player|p1|\n|c|\u2606Rebe<3|XD\n|inactive|ballerbigballerson has 30 seconds to reconnect!\n|inactive|ballerbigballerson has 20 seconds to reconnect!\n|c|\u2606Rebe<3|gg\n|inactive|ballerbigballerson has 15 seconds to reconnect!\n|inactive|ballerbigballerson has 10 seconds to reconnect!\n|inactive|ballerbigballerson has 5 seconds to reconnect!\n|-message|ballerbigballerson lost due to inactivity.\n|\n|win|Rebe<3\n|raw|ballerbigballerson's rating: 1163 &rarr; <strong>1132<\/strong><br \/>(-31 for losing)\n|raw|Rebe&lt;3's rating: 1074 &rarr; <strong>1110<\/strong><br \/>(+36 for winning)\n","uploadtime":1698588945,"views":11,"p1id":"ballerbigballerson","p2id":"rebe3","formatid":"gen9nationaldexubers","rating":1110,"private":0,"password":""}