{"id":"gen9nationaldexubers-2000022197","p1":"HellDragonWarrior7","p2":"Victim19","format":"[Gen 9] National Dex Ubers","log":"|j|\u2606HellDragonWarrior7\n|j|\u2606Victim19\n|t:|1701142310\n|gametype|singles\n|player|p1|HellDragonWarrior7|lance|1134\n|player|p2|Victim19|riley|1154\n|teamsize|p1|6\n|teamsize|p2|6\n|gen|9\n|tier|[Gen 9] National Dex Ubers\n|rated|\n|rule|HP Percentage Mod: HP is shown in percentages\n|rule|Endless Battle Clause: Forcing endless battles is banned\n|rule|OHKO Clause: OHKO moves are banned\n|rule|Evasion Moves Clause: Evasion moves are banned\n|rule|Evasion Items Clause: Evasion items are banned\n|rule|Species Clause: Limit one of each Pok\u00e9mon\n|rule|Sleep Clause Mod: Limit one foe put to sleep\n|rule|Mega Rayquaza Clause: You cannot mega evolve Rayquaza\n|clearpoke\n|poke|p1|Entei|\n|poke|p1|Moltres|\n|poke|p1|Ho-Oh|\n|poke|p1|Heatran, F|\n|poke|p1|Volcanion|\n|poke|p1|Groudon|\n|poke|p2|Quaquaval, F|\n|poke|p2|Dragapult, M|\n|poke|p2|Beedrill, M|\n|poke|p2|Glimmora, F|\n|poke|p2|Heatran, M|\n|poke|p2|Gastrodon, F|\n|teampreview\n|inactive|Battle timer is ON: inactive players will automatically lose when time's up. (requested by Victim19)\n|inactive|HellDragonWarrior7 also wants the timer to be on.\n|\n|t:|1701142321\n|start\n|switch|p1a: Entei|Entei|100\/100\n|switch|p2a: Glimmora|Glimmora, F|100\/100\n|turn|1\n|\n|t:|1701142330\n|switch|p1a: Ho-Oh|Ho-Oh|100\/100\n|move|p2a: Glimmora|Stealth Rock|p1a: Ho-Oh\n|-sidestart|p1: HellDragonWarrior7|move: Stealth Rock\n|\n|upkeep\n|turn|2\n|\n|t:|1701142337\n|move|p1a: Ho-Oh|Earthquake|p2a: Glimmora\n|-supereffective|p2a: Glimmora\n|-enditem|p2a: Glimmora|Focus Sash\n|-damage|p2a: Glimmora|1\/100\n|-activate|p2a: Glimmora|ability: Toxic Debris\n|-sidestart|p1: HellDragonWarrior7|move: Toxic Spikes\n|move|p2a: Glimmora|Power Gem|p1a: Ho-Oh\n|-supereffective|p1a: Ho-Oh\n|-damage|p1a: Ho-Oh|1\/100\n|\n|upkeep\n|turn|3\n|\n|t:|1701142355\n|move|p1a: Ho-Oh|Giga Drain|p2a: Glimmora\n|-damage|p2a: Glimmora|0 fnt\n|-heal|p1a: Ho-Oh|1\/100|[from] drain|[of] p2a: Glimmora\n|faint|p2a: Glimmora\n|\n|upkeep\n|\n|t:|1701142364\n|switch|p2a: Beedrill|Beedrill, M|100\/100\n|turn|4\n|\n|t:|1701142370\n|detailschange|p2a: Beedrill|Beedrill-Mega, M\n|-mega|p2a: Beedrill|Beedrill|Beedrillite\n|move|p2a: Beedrill|Fell Stinger|p1a: Ho-Oh\n|-resisted|p1a: Ho-Oh\n|-damage|p1a: Ho-Oh|0 fnt\n|faint|p1a: Ho-Oh\n|-boost|p2a: Beedrill|atk|3\n|\n|upkeep\n|\n|t:|1701142382\n|switch|p1a: Heatran|Heatran, F|100\/100\n|-damage|p1a: Heatran|88\/100|[from] Stealth Rock\n|turn|5\n|\n|t:|1701142396\n|move|p2a: Beedrill|Drill Run|p1a: Heatran\n|-supereffective|p1a: Heatran\n|-damage|p1a: Heatran|0 fnt\n|faint|p1a: Heatran\n|\n|upkeep\n|\n|t:|1701142407\n|switch|p1a: Moltres|Moltres|100\/100\n|-damage|p1a: Moltres|50\/100|[from] Stealth Rock\n|turn|6\n|\n|t:|1701142415\n|move|p2a: Beedrill|Poison Jab|p1a: Moltres\n|-damage|p1a: Moltres|0 fnt\n|faint|p1a: Moltres\n|\n|upkeep\n|\n|t:|1701142423\n|switch|p1a: Groudon|Groudon|100\/100\n|-damage|p1a: Groudon|94\/100|[from] Stealth Rock\n|-status|p1a: Groudon|psn\n|detailschange|p1a: Groudon|Groudon-Primal\n|-primal|p1a: Groudon|Red Orb\n|-weather|DesolateLand|[from] ability: Desolate Land|[of] p1a: Groudon\n|turn|7\n|\n|t:|1701142433\n|move|p2a: Beedrill|Drill Run|p1a: Groudon\n|-supereffective|p1a: Groudon\n|-damage|p1a: Groudon|0 fnt\n|faint|p1a: Groudon\n|-weather|none\n|\n|upkeep\n|inactive|HellDragonWarrior7 has 120 seconds left.\n|c|\u2606Victim19|beedril vs all?\n|\n|t:|1701142477\n|switch|p1a: Volcanion|Volcanion|100\/100\n|-damage|p1a: Volcanion|76\/100|[from] Stealth Rock\n|-status|p1a: Volcanion|psn\n|turn|8\n|\n|t:|1701142498\n|move|p2a: Beedrill|Poison Jab|p1a: Volcanion\n|-damage|p1a: Volcanion|0 fnt\n|faint|p1a: Volcanion\n|\n|upkeep\n|\n|t:|1701142502\n|switch|p1a: Entei|Entei|100\/100\n|-damage|p1a: Entei|75\/100|[from] Stealth Rock\n|-status|p1a: Entei|psn\n|turn|9\n|\n|t:|1701142512\n|move|p2a: Beedrill|Drill Run|p1a: Entei\n|-supereffective|p1a: Entei\n|-damage|p1a: Entei|0 fnt\n|faint|p1a: Entei\n|\n|win|Victim19\n|raw|HellDragonWarrior7's rating: 1134 &rarr; <strong>1110<\/strong><br \/>(-24 for losing)\n|raw|Victim19's rating: 1154 &rarr; <strong>1178<\/strong><br \/>(+24 for winning)\n|l|\u2606HellDragonWarrior7\n","uploadtime":1701142531,"views":20,"p1id":"helldragonwarrior7","p2id":"victim19","formatid":"gen9nationaldexubers","rating":1110,"private":0,"password":""}