{"id":"gen9nationaldexubers-1980494094","p1":"Malice Incarnate","p2":"Destinum","format":"[Gen 9] National Dex Ubers","log":"|j|\u2606Malice Incarnate\n|j|\u2606Destinum\n|t:|1698790312\n|gametype|singles\n|player|p1|Malice Incarnate|palmer|\n|player|p2|Destinum|colress|\n|teamsize|p1|6\n|teamsize|p2|6\n|gen|9\n|tier|[Gen 9] National Dex Ubers\n|rule|HP Percentage Mod: HP is shown in percentages\n|rule|Endless Battle Clause: Forcing endless battles is banned\n|rule|OHKO Clause: OHKO moves are banned\n|rule|Evasion Moves Clause: Evasion moves are banned\n|rule|Evasion Items Clause: Evasion items are banned\n|rule|Species Clause: Limit one of each Pok\u00e9mon\n|rule|Sleep Clause Mod: Limit one foe put to sleep\n|rule|Mega Rayquaza Clause: You cannot mega evolve Rayquaza\n|clearpoke\n|poke|p1|Iron Valiant|\n|poke|p1|Thundurus-Therian, M|\n|poke|p1|Tapu Koko|\n|poke|p1|Gliscor, M|\n|poke|p1|Iron Treads|\n|poke|p1|Ogerpon-Wellspring, F|\n|poke|p2|Ninetales-Alola, F|\n|poke|p2|Darmanitan-Galar, M|\n|poke|p2|Avalugg, M|\n|poke|p2|Piloswine, M|\n|poke|p2|Calyrex-Ice|\n|poke|p2|Kyurem-White|\n|teampreview\n|inactive|Battle timer is ON: inactive players will automatically lose when time's up. (requested by Malice Incarnate)\n|c|\u2606Malice Incarnate|this\n|c|\u2606Malice Incarnate|is gonna be rough\n|\n|t:|1698790335\n|start\n|switch|p1a: Rolling Stones|Iron Treads|100\/100\n|switch|p2a: Let It Go|Ninetales-Alola, F|100\/100\n|-weather|Snow|[from] ability: Snow Warning|[of] p2a: Let It Go\n|turn|1\n|\n|t:|1698790345\n|switch|p2a: Titanic Terminator|Avalugg, M|100\/100\n|move|p1a: Rolling Stones|Iron Head|p2a: Titanic Terminator\n|-supereffective|p2a: Titanic Terminator\n|-damage|p2a: Titanic Terminator|85\/100\n|\n|-weather|Snow|[upkeep]\n|upkeep\n|turn|2\n|\n|t:|1698790347\n|move|p1a: Rolling Stones|Volt Switch|p2a: Titanic Terminator\n|-damage|p2a: Titanic Terminator|67\/100\n|\n|t:|1698790353\n|-end|p1a: Rolling Stones|Quark Drive|[silent]\n|switch|p1a: Sweet But a Psycho|Tapu Koko|100\/100|[from] Volt Switch\n|-fieldstart|move: Electric Terrain|[from] ability: Electric Surge|[of] p1a: Sweet But a Psycho\n|move|p2a: Titanic Terminator|Body Press|p1a: Sweet But a Psycho\n|-resisted|p1a: Sweet But a Psycho\n|-damage|p1a: Sweet But a Psycho|77\/100\n|\n|-weather|Snow|[upkeep]\n|upkeep\n|turn|3\n|\n|t:|1698790356\n|switch|p2a: Chris P. Bacon|Piloswine, M|100\/100\n|move|p1a: Sweet But a Psycho|Reflect|p1a: Sweet But a Psycho\n|-sidestart|p1: Malice Incarnate|Reflect\n|\n|-weather|Snow|[upkeep]\n|upkeep\n|turn|4\n|\n|t:|1698790360\n|move|p1a: Sweet But a Psycho|Light Screen|p1a: Sweet But a Psycho\n|-sidestart|p1: Malice Incarnate|move: Light Screen\n|move|p2a: Chris P. Bacon|Stealth Rock|p1a: Sweet But a Psycho\n|-sidestart|p1: Malice Incarnate|move: Stealth Rock\n|\n|-weather|Snow|[upkeep]\n|upkeep\n|turn|5\n|inactive|Destinum has 270 seconds left.\n|\n|t:|1698790402\n|switch|p1a: You See Me Crying|Ogerpon-Wellspring, F|100\/100\n|-damage|p1a: You See Me Crying|88\/100|[from] Stealth Rock\n|switch|p2a: Carolus Rex|Calyrex-Ice|100\/100\n|-ability|p2a: Carolus Rex|As One\n|-ability|p2a: Carolus Rex|Unnerve\n|\n|-weather|none\n|upkeep\n|turn|6\n|\n|t:|1698790420\n|switch|p2a: Let It Go|Ninetales-Alola, F|100\/100\n|-weather|Snow|[from] ability: Snow Warning|[of] p2a: Let It Go\n|move|p1a: You See Me Crying|Swords Dance|p1a: You See Me Crying\n|-boost|p1a: You See Me Crying|atk|2\n|\n|-weather|Snow|[upkeep]\n|-fieldend|move: Electric Terrain\n|upkeep\n|turn|7\n|\n|t:|1698790443\n|move|p1a: You See Me Crying|Ivy Cudgel|p2a: Let It Go\n|-damage|p2a: Let It Go|0 fnt\n|faint|p2a: Let It Go\n|\n|-weather|Snow|[upkeep]\n|upkeep\n|c|\u2606Malice Incarnate|lets go\n|c|\u2606Malice Incarnate|we might\n|c|\u2606Malice Incarnate|have a thing\n|inactive|Destinum has 240 seconds left.\n|inactive|Destinum has 210 seconds left.\n|\n|t:|1698790485\n|switch|p2a: A Madafaking T-Rex|Kyurem-White|100\/100\n|-ability|p2a: A Madafaking T-Rex|Turboblaze\n|turn|8\n|inactive|Destinum has 210 seconds left.\n|c|\u2606Malice Incarnate|i think\n|c|\u2606Malice Incarnate|we\n|c|\u2606Malice Incarnate|go\n|\n|t:|1698790507\n|move|p1a: You See Me Crying|Superpower|p2a: A Madafaking T-Rex\n|-supereffective|p2a: A Madafaking T-Rex\n|-damage|p2a: A Madafaking T-Rex|0 fnt\n|-unboost|p1a: You See Me Crying|atk|1\n|-unboost|p1a: You See Me Crying|def|1\n|faint|p2a: A Madafaking T-Rex\n|\n|-weather|Snow|[upkeep]\n|upkeep\n|c|\u2606Malice Incarnate|LETS GOOOO\n|\n|t:|1698790515\n|switch|p2a: Carolus Rex|Calyrex-Ice|100\/100\n|-ability|p2a: Carolus Rex|As One\n|-ability|p2a: Carolus Rex|Unnerve\n|turn|9\n|\n|t:|1698790533\n|switch|p1a: Rolling Stones|Iron Treads|100\/100\n|-damage|p1a: Rolling Stones|97\/100|[from] Stealth Rock\n|-terastallize|p2a: Carolus Rex|Psychic\n|move|p2a: Carolus Rex|Trick Room|p2a: Carolus Rex\n|-fieldstart|move: Trick Room|[of] p2a: Carolus Rex\n|\n|-weather|Snow|[upkeep]\n|upkeep\n|turn|10\n|inactive|Destinum has 210 seconds left.\n|\n|t:|1698790545\n|move|p2a: Carolus Rex|Swords Dance|p2a: Carolus Rex\n|-boost|p2a: Carolus Rex|atk|2\n|move|p1a: Rolling Stones|Iron Head|p2a: Carolus Rex\n|-damage|p2a: Carolus Rex|82\/100\n|\n|-weather|none\n|-sideend|p1: Malice Incarnate|Reflect\n|upkeep\n|turn|11\n|inactive|Destinum has 210 seconds left.\n|\n|t:|1698790568\n|move|p2a: Carolus Rex|Glacial Lance|p1a: Rolling Stones\n|-damage|p1a: Rolling Stones|0 fnt\n|faint|p1a: Rolling Stones\n|-end|p1a: Rolling Stones|Quark Drive|[silent]\n|-ability|p2a: Carolus Rex|Chilling Neigh|boost\n|-boost|p2a: Carolus Rex|atk|1\n|\n|-sideend|p1: Malice Incarnate|move: Light Screen\n|upkeep\n|\n|t:|1698790572\n|switch|p1a: I'm Toxic|Gliscor, M|100\/100\n|-damage|p1a: I'm Toxic|88\/100|[from] Stealth Rock\n|turn|12\n|inactive|Destinum has 210 seconds left.\n|\n|t:|1698790577\n|move|p2a: Carolus Rex|Glacial Lance|p1a: I'm Toxic\n|-supereffective|p1a: I'm Toxic\n|-damage|p1a: I'm Toxic|0 fnt\n|faint|p1a: I'm Toxic\n|-ability|p2a: Carolus Rex|Chilling Neigh|boost\n|-boost|p2a: Carolus Rex|atk|1\n|\n|upkeep\n|\n|t:|1698790586\n|switch|p1a: Fuck Sash Shadow|Thundurus-Therian, M|100\/100\n|turn|13\n|\n|t:|1698790590\n|move|p2a: Carolus Rex|Glacial Lance|p1a: Fuck Sash Shadow\n|-supereffective|p1a: Fuck Sash Shadow\n|-crit|p1a: Fuck Sash Shadow\n|-damage|p1a: Fuck Sash Shadow|0 fnt\n|faint|p1a: Fuck Sash Shadow\n|-ability|p2a: Carolus Rex|Chilling Neigh|boost\n|-boost|p2a: Carolus Rex|atk|1\n|\n|-fieldend|move: Trick Room\n|upkeep\n|\n|t:|1698790596\n|switch|p1a: Sweet But a Psycho|Tapu Koko|77\/100\n|-damage|p1a: Sweet But a Psycho|64\/100|[from] Stealth Rock\n|-fieldstart|move: Electric Terrain|[from] ability: Electric Surge|[of] p1a: Sweet But a Psycho\n|turn|14\n|\n|t:|1698790606\n|move|p1a: Sweet But a Psycho|Reflect|p1a: Sweet But a Psycho\n|-sidestart|p1: Malice Incarnate|Reflect\n|move|p2a: Carolus Rex|Trick Room|p2a: Carolus Rex\n|-fieldstart|move: Trick Room|[of] p2a: Carolus Rex\n|\n|upkeep\n|turn|15\n|\n|t:|1698790610\n|move|p2a: Carolus Rex|Glacial Lance|p1a: Sweet But a Psycho\n|-damage|p1a: Sweet But a Psycho|0 fnt\n|faint|p1a: Sweet But a Psycho\n|-ability|p2a: Carolus Rex|Chilling Neigh|boost\n|-boost|p2a: Carolus Rex|atk|1\n|\n|upkeep\n|\n|t:|1698790620\n|switch|p1a: You See Me Crying|Ogerpon-Wellspring, F|88\/100\n|-damage|p1a: You See Me Crying|76\/100|[from] Stealth Rock\n|turn|16\n|c|\u2606Malice Incarnate|please\n|\n|t:|1698790625\n|move|p2a: Carolus Rex|Close Combat|p1a: You See Me Crying\n|-damage|p1a: You See Me Crying|0 fnt\n|-unboost|p2a: Carolus Rex|def|1\n|-unboost|p2a: Carolus Rex|spd|1\n|faint|p1a: You See Me Crying\n|\n|upkeep\n|c|\u2606Malice Incarnate|noooo\n|\n|t:|1698790631\n|switch|p1a: Iron Valiant|Iron Valiant|100\/100\n|-damage|p1a: Iron Valiant|94\/100|[from] Stealth Rock\n|-activate|p1a: Iron Valiant|ability: Quark Drive\n|-start|p1a: Iron Valiant|quarkdrivespe\n|turn|17\n|\n|t:|1698790632\n|move|p2a: Carolus Rex|Glacial Lance|p1a: Iron Valiant\n|-damage|p1a: Iron Valiant|0 fnt\n|faint|p1a: Iron Valiant\n|-end|p1a: Iron Valiant|Quark Drive|[silent]\n|\n|win|Destinum\n|j| Jack0lantern89\n|c|\u2606Malice Incarnate|i\n|c|\u2606Malice Incarnate|gg\n|c|\u2606Destinum|gg\n","uploadtime":1698790637,"views":12,"p1id":"maliceincarnate","p2id":"destinum","formatid":"gen9nationaldexubers","rating":0,"private":0,"password":""}