{"id":"gen9nationaldexubers-1978090819","p1":"Kreitinho","p2":"zzzzzzzp","format":"[Gen 9] National Dex Ubers","log":"|j|\u2606Kreitinho\n|j|\u2606zzzzzzzp\n|t:|1698497949\n|gametype|singles\n|player|p1|Kreitinho|silver|1050\n|player|p2|zzzzzzzp|101|1013\n|teamsize|p1|6\n|teamsize|p2|6\n|gen|9\n|tier|[Gen 9] National Dex Ubers\n|rated|\n|rule|HP Percentage Mod: HP is shown in percentages\n|rule|Endless Battle Clause: Forcing endless battles is banned\n|rule|OHKO Clause: OHKO moves are banned\n|rule|Evasion Moves Clause: Evasion moves are banned\n|rule|Evasion Items Clause: Evasion items are banned\n|rule|Species Clause: Limit one of each Pok\u00e9mon\n|rule|Sleep Clause Mod: Limit one foe put to sleep\n|rule|Mega Rayquaza Clause: You cannot mega evolve Rayquaza\n|clearpoke\n|poke|p1|Great Tusk|\n|poke|p1|Grimmsnarl, M|\n|poke|p1|Rotom-Wash|\n|poke|p1|Gholdengo|\n|poke|p1|Lucario, M|\n|poke|p1|Charizard, M|\n|poke|p2|Cinderace, M|\n|poke|p2|Chansey, F|\n|poke|p2|Rotom-Wash|\n|poke|p2|Toxapex, F|\n|poke|p2|Gholdengo|\n|poke|p2|Salamence, M|\n|teampreview\n|inactive|Battle timer is ON: inactive players will automatically lose when time's up. (requested by Kreitinho)\n|\n|t:|1698497955\n|start\n|switch|p1a: Magnus|Great Tusk|100\/100\n|switch|p2a: Chansey|Chansey, F|100\/100\n|-enditem|p1a: Magnus|Booster Energy\n|-activate|p1a: Magnus|ability: Protosynthesis|[fromitem]\n|-start|p1a: Magnus|protosynthesisatk\n|turn|1\n|\n|t:|1698497967\n|move|p1a: Magnus|Stealth Rock|p2a: Chansey\n|-sidestart|p2: zzzzzzzp|move: Stealth Rock\n|move|p2a: Chansey|Stealth Rock|p1a: Magnus\n|-sidestart|p1: Kreitinho|move: Stealth Rock\n|\n|upkeep\n|turn|2\n|\n|t:|1698497975\n|move|p1a: Magnus|Close Combat|p2a: Chansey\n|-supereffective|p2a: Chansey\n|-damage|p2a: Chansey|0 fnt\n|-unboost|p1a: Magnus|def|1\n|-unboost|p1a: Magnus|spd|1\n|faint|p2a: Chansey\n|\n|upkeep\n|\n|t:|1698497986\n|switch|p2a: Cinderace|Cinderace, M|100\/100\n|turn|3\n|\n|t:|1698497992\n|move|p2a: Cinderace|U-turn|p1a: Magnus\n|-start|p2a: Cinderace|typechange|Bug|[from] ability: Libero\n|-resisted|p1a: Magnus\n|-crit|p1a: Magnus\n|-damage|p1a: Magnus|71\/100\n|\n|t:|1698498006\n|switch|p2a: Rotom|Rotom-Wash|100\/100|[from] U-turn\n|-damage|p2a: Rotom|88\/100|[from] Stealth Rock\n|move|p1a: Magnus|Rapid Spin|p2a: Rotom\n|-damage|p2a: Rotom|71\/100\n|-boost|p1a: Magnus|spe|1\n|-sideend|p1: Kreitinho|Stealth Rock|[from] move: Rapid Spin|[of] p1a: Magnus\n|\n|-heal|p2a: Rotom|77\/100|[from] item: Leftovers\n|upkeep\n|turn|4\n|\n|t:|1698498020\n|move|p1a: Magnus|Headlong Rush|p2a: Rotom\n|-immune|p2a: Rotom|[from] ability: Levitate\n|move|p2a: Rotom|Defog|p1a: Magnus\n|-unboost|p1a: Magnus|evasion|1\n|-sideend|p2: zzzzzzzp|Stealth Rock|[from] move: Defog|[of] p2a: Rotom\n|\n|-heal|p2a: Rotom|83\/100|[from] item: Leftovers\n|upkeep\n|turn|5\n|\n|t:|1698498032\n|move|p1a: Magnus|Close Combat|p2a: Rotom\n|-damage|p2a: Rotom|25\/100\n|-unboost|p1a: Magnus|def|1\n|-unboost|p1a: Magnus|spd|1\n|move|p2a: Rotom|Will-O-Wisp|p1a: Magnus\n|-status|p1a: Magnus|brn\n|\n|-heal|p2a: Rotom|31\/100|[from] item: Leftovers\n|-damage|p1a: Magnus|65\/100 brn|[from] brn\n|upkeep\n|turn|6\n|\n|t:|1698498055\n|-end|p1a: Magnus|Protosynthesis|[silent]\n|switch|p1a: Rotom|Rotom-Wash|100\/100\n|switch|p2a: Gholdengo|Gholdengo|100\/100\n|-item|p2a: Gholdengo|Air Balloon\n|\n|upkeep\n|turn|7\n|\n|t:|1698498065\n|move|p2a: Gholdengo|Nasty Plot|p2a: Gholdengo\n|-boost|p2a: Gholdengo|spa|2\n|move|p1a: Rotom|Volt Switch|p2a: Gholdengo\n|-damage|p2a: Gholdengo|72\/100\n|-enditem|p2a: Gholdengo|Air Balloon\n|\n|t:|1698498076\n|switch|p1a: Grimmsnarl|Grimmsnarl, M|100\/100|[from] Volt Switch\n|\n|upkeep\n|turn|8\n|\n|t:|1698498087\n|-terastallize|p1a: Grimmsnarl|Ghost\n|move|p1a: Grimmsnarl|Light Screen|p1a: Grimmsnarl\n|-sidestart|p1: Kreitinho|move: Light Screen\n|move|p2a: Gholdengo|Make It Rain|p1a: Grimmsnarl\n|-damage|p1a: Grimmsnarl|57\/100\n|-unboost|p2a: Gholdengo|spa|1\n|\n|upkeep\n|turn|9\n|\n|t:|1698498098\n|move|p1a: Grimmsnarl|Taunt|p2a: Gholdengo\n|-immune|p2a: Gholdengo|[from] ability: Good as Gold\n|move|p2a: Gholdengo|Shadow Ball|p1a: Grimmsnarl\n|-supereffective|p1a: Grimmsnarl\n|-damage|p1a: Grimmsnarl|11\/100\n|\n|upkeep\n|turn|10\n|\n|t:|1698498107\n|move|p1a: Grimmsnarl|Reflect|p1a: Grimmsnarl\n|-sidestart|p1: Kreitinho|Reflect\n|move|p2a: Gholdengo|Shadow Ball|p1a: Grimmsnarl\n|-supereffective|p1a: Grimmsnarl\n|-damage|p1a: Grimmsnarl|0 fnt\n|faint|p1a: Grimmsnarl\n|\n|upkeep\n|\n|t:|1698498115\n|switch|p1a: Charizard|Charizard, M|100\/100\n|turn|11\n|\n|t:|1698498121\n|switch|p2a: Rotom|Rotom-Wash|31\/100\n|detailschange|p1a: Charizard|Charizard-Mega-X, M\n|-mega|p1a: Charizard|Charizard|Charizardite X\n|move|p1a: Charizard|Swords Dance|p1a: Charizard\n|-boost|p1a: Charizard|atk|2\n|\n|-heal|p2a: Rotom|37\/100|[from] item: Leftovers\n|upkeep\n|turn|12\n|\n|t:|1698498131\n|move|p1a: Charizard|Flame Charge|p2a: Rotom\n|-resisted|p2a: Rotom\n|-damage|p2a: Rotom|8\/100\n|-boost|p1a: Charizard|spe|1\n|move|p2a: Rotom|Will-O-Wisp|p1a: Charizard\n|-immune|p1a: Charizard\n|\n|-heal|p2a: Rotom|15\/100|[from] item: Leftovers\n|upkeep\n|turn|13\n|\n|t:|1698498142\n|switch|p2a: Toxapex|Toxapex, F|100\/100\n|move|p1a: Charizard|Flame Charge|p2a: Toxapex\n|-resisted|p2a: Toxapex\n|-damage|p2a: Toxapex|74\/100\n|-boost|p1a: Charizard|spe|1\n|\n|-heal|p2a: Toxapex|80\/100|[from] item: Black Sludge\n|upkeep\n|turn|14\n|\n|t:|1698498154\n|move|p1a: Charizard|Earthquake|p2a: Toxapex\n|-supereffective|p2a: Toxapex\n|-damage|p2a: Toxapex|0 fnt\n|faint|p2a: Toxapex\n|\n|upkeep\n|\n|t:|1698498159\n|switch|p2a: Cinderace|Cinderace, M|100\/100\n|turn|15\n|\n|t:|1698498165\n|move|p1a: Charizard|Dragon Claw|p2a: Cinderace\n|-damage|p2a: Cinderace|0 fnt\n|faint|p2a: Cinderace\n|\n|-sideend|p1: Kreitinho|move: Light Screen\n|upkeep\n|\n|t:|1698498173\n|switch|p2a: Salamence|Salamence, M|100\/100\n|-ability|p2a: Salamence|Intimidate|boost\n|-unboost|p1a: Charizard|atk|1\n|turn|16\n|\n|t:|1698498179\n|detailschange|p2a: Salamence|Salamence-Mega, M\n|-mega|p2a: Salamence|Salamence|Salamencite\n|move|p1a: Charizard|Dragon Claw|p2a: Salamence\n|-supereffective|p2a: Salamence\n|-damage|p2a: Salamence|0 fnt\n|faint|p2a: Salamence\n|\n|upkeep\n|\n|t:|1698498184\n|switch|p2a: Gholdengo|Gholdengo|72\/100\n|turn|17\n|\n|t:|1698498188\n|move|p1a: Charizard|Flame Charge|p2a: Gholdengo\n|-supereffective|p2a: Gholdengo\n|-damage|p2a: Gholdengo|0 fnt\n|-boost|p1a: Charizard|spe|1\n|faint|p2a: Gholdengo\n|\n|-sideend|p1: Kreitinho|Reflect\n|upkeep\n|inactive|zzzzzzzp has 120 seconds left.\n|-message|zzzzzzzp forfeited.\n|\n|win|Kreitinho\n|raw|Kreitinho's rating: 1050 &rarr; <strong>1079<\/strong><br \/>(+29 for winning)\n|raw|zzzzzzzp's rating: 1013 &rarr; <strong>1002<\/strong><br \/>(-11 for losing)\n|l|\u2606zzzzzzzp\n","uploadtime":1698498229,"views":8,"p1id":"kreitinho","p2id":"zzzzzzzp","formatid":"gen9nationaldexubers","rating":1002,"private":0,"password":""}