{"id":"gen9nationaldexubers-1997748879","p1":"Anna Ou sksksk","p2":"JordanPGSL","format":"[Gen 9] National Dex Ubers","log":"|j|\u2606Anna Ou sksksk\n|j|\u2606JordanPGSL\n|t:|1700848544\n|gametype|singles\n|player|p1|Anna Ou sksksk|beauty|1341\n|player|p2|JordanPGSL|allister|1382\n|teamsize|p1|6\n|teamsize|p2|6\n|gen|9\n|tier|[Gen 9] National Dex Ubers\n|rated|\n|rule|HP Percentage Mod: HP is shown in percentages\n|rule|Endless Battle Clause: Forcing endless battles is banned\n|rule|OHKO Clause: OHKO moves are banned\n|rule|Evasion Moves Clause: Evasion moves are banned\n|rule|Evasion Items Clause: Evasion items are banned\n|rule|Species Clause: Limit one of each Pok\u00e9mon\n|rule|Sleep Clause Mod: Limit one foe put to sleep\n|rule|Mega Rayquaza Clause: You cannot mega evolve Rayquaza\n|clearpoke\n|poke|p1|Banette, M|\n|poke|p1|Ogerpon, F|\n|poke|p1|Giratina-Origin|\n|poke|p1|Meowscarada, M|\n|poke|p1|Munkidori, M|\n|poke|p1|Rayquaza|\n|poke|p2|Zygarde-10%|\n|poke|p2|Xerneas-*|\n|poke|p2|Yveltal|\n|poke|p2|Marshadow|\n|poke|p2|Groudon|\n|poke|p2|Magearna|\n|teampreview\n|inactive|Battle timer is ON: inactive players will automatically lose when time's up. (requested by Anna Ou sksksk)\n|\n|t:|1700848553\n|start\n|switch|p1a: Munkidori|Munkidori, M|100\/100\n|switch|p2a: Zygarde|Zygarde-10%|100\/100\n|turn|1\n|\n|t:|1700848559\n|move|p1a: Munkidori|Psychic|p2a: Zygarde\n|-enditem|p2a: Zygarde|Focus Sash\n|-damage|p2a: Zygarde|1\/100\n|-unboost|p2a: Zygarde|spd|1\n|-status|p2a: Zygarde|tox|[from] ability: Toxic Chain|[of] p1a: Munkidori\n|move|p2a: Zygarde|Dragon Dance|p2a: Zygarde\n|-boost|p2a: Zygarde|atk|1\n|-boost|p2a: Zygarde|spe|1\n|\n|-damage|p2a: Zygarde|0 fnt|[from] psn\n|faint|p2a: Zygarde\n|upkeep\n|\n|t:|1700848573\n|switch|p2a: Groudon|Groudon|100\/100\n|detailschange|p2a: Groudon|Groudon-Primal\n|-primal|p2a: Groudon|Red Orb\n|-weather|DesolateLand|[from] ability: Desolate Land|[of] p2a: Groudon\n|turn|2\n|\n|t:|1700848575\n|move|p1a: Munkidori|Psychic|p2a: Groudon\n|-damage|p2a: Groudon|26\/100\n|move|p2a: Groudon|Precipice Blades|p1a: Munkidori\n|-supereffective|p1a: Munkidori\n|-damage|p1a: Munkidori|0 fnt\n|faint|p1a: Munkidori\n|\n|-weather|DesolateLand|[upkeep]\n|upkeep\n|\n|t:|1700848582\n|switch|p1a: Meowscarada|Meowscarada, M|100\/100\n|turn|3\n|c|\u2606JordanPGSL|Literally fuck this game\n|c|\u2606JordanPGSL|1 DD would have been enough to sweep your entire team\n|inactive|JordanPGSL has 120 seconds left.\n|l|\u2606JordanPGSL\n|inactive|JordanPGSL disconnected and has a minute to reconnect!\n|player|p2|\n|j|\u2606JordanPGSL\n|inactive|JordanPGSL reconnected and has 95 seconds left.\n|player|p2|JordanPGSL|allister\n|\n|t:|1700848641\n|move|p1a: Meowscarada|Flower Trick|p2a: Groudon\n|-start|p1a: Meowscarada|typechange|Grass|[from] ability: Protean\n|-crit|p2a: Groudon\n|-damage|p2a: Groudon|0 fnt\n|faint|p2a: Groudon\n|-weather|none\n|\n|upkeep\n|\n|t:|1700848649\n|switch|p2a: Yveltal|Yveltal|100\/100\n|-ability|p2a: Yveltal|Dark Aura\n|turn|4\n|\n|t:|1700848653\n|move|p1a: Meowscarada|Toxic Spikes|p2a: Yveltal\n|-sidestart|p2: JordanPGSL|move: Toxic Spikes\n|move|p2a: Yveltal|Oblivion Wing|p1a: Meowscarada\n|-supereffective|p1a: Meowscarada\n|-damage|p1a: Meowscarada|0 fnt\n|faint|p1a: Meowscarada\n|\n|upkeep\n|\n|t:|1700848656\n|switch|p1a: Banette|Banette, M|100\/100\n|-item|p2a: Yveltal|Black Glasses|[from] ability: Frisk|[of] p1a: Banette|[identify]\n|turn|5\n|\n|t:|1700848662\n|detailschange|p1a: Banette|Banette-Mega, M\n|-mega|p1a: Banette|Banette|Banettite\n|move|p2a: Yveltal|Sucker Punch||[still]\n|-fail|p2a: Yveltal\n|move|p1a: Banette|Destiny Bond|p1a: Banette\n|-singlemove|p1a: Banette|Destiny Bond\n|\n|upkeep\n|turn|6\n|inactive|JordanPGSL has 120 seconds left.\n|\n|t:|1700848668\n|move|p2a: Yveltal|Defog|p1a: Banette\n|-unboost|p1a: Banette|evasion|1\n|-sideend|p2: JordanPGSL|Toxic Spikes|[from] move: Defog|[of] p2a: Yveltal\n|move|p1a: Banette|Poltergeist|p2a: Yveltal\n|-activate|p2a: Yveltal|move: Poltergeist|Black Glasses\n|-resisted|p2a: Yveltal\n|-damage|p2a: Yveltal|66\/100\n|\n|upkeep\n|turn|7\n|inactive|JordanPGSL has 120 seconds left.\n|\n|t:|1700848693\n|move|p1a: Banette|Destiny Bond|p1a: Banette\n|-singlemove|p1a: Banette|Destiny Bond\n|move|p2a: Yveltal|Oblivion Wing|p1a: Banette\n|-damage|p1a: Banette|52\/100\n|-heal|p2a: Yveltal|97\/100|[from] drain|[of] p1a: Banette\n|\n|upkeep\n|turn|8\n|l|\u2606JordanPGSL\n|inactive|JordanPGSL disconnected and has a minute to reconnect!\n|player|p2|\n|j|\u2606JordanPGSL\n|inactive|JordanPGSL reconnected and has 100 seconds left.\n|player|p2|JordanPGSL|allister\n|inactive|JordanPGSL has 90 seconds left.\n|\n|t:|1700848724\n|switch|p2a: Xerneas|Xerneas|100\/100\n|-ability|p2a: Xerneas|Fairy Aura\n|move|p1a: Banette|Poltergeist|p2a: Xerneas\n|-activate|p2a: Xerneas|move: Poltergeist|Power Herb\n|-damage|p2a: Xerneas|27\/100\n|\n|upkeep\n|turn|9\n|\n|t:|1700848730\n|move|p2a: Xerneas|Moonblast|p1a: Banette\n|-damage|p1a: Banette|0 fnt\n|faint|p1a: Banette\n|\n|upkeep\n|\n|t:|1700848736\n|switch|p1a: Rayquaza|Rayquaza|100\/100\n|-ability|p1a: Rayquaza|Air Lock\n|turn|10\n|\n|t:|1700848740\n|move|p2a: Xerneas|Moonblast|p1a: Rayquaza\n|-supereffective|p1a: Rayquaza\n|-damage|p1a: Rayquaza|0 fnt\n|faint|p1a: Rayquaza\n|\n|upkeep\n|\n|t:|1700848741\n|switch|p1a: Ogerpon|Ogerpon, F|100\/100\n|turn|11\n|\n|t:|1700848743\n|move|p1a: Ogerpon|Swords Dance|p1a: Ogerpon\n|-boost|p1a: Ogerpon|atk|2\n|move|p2a: Xerneas|Moonblast|p1a: Ogerpon\n|-damage|p1a: Ogerpon|30\/100\n|\n|upkeep\n|turn|12\n|\n|t:|1700848750\n|move|p1a: Ogerpon|Ivy Cudgel|p2a: Xerneas\n|-damage|p2a: Xerneas|0 fnt\n|faint|p2a: Xerneas\n|\n|upkeep\n|\n|t:|1700848752\n|switch|p2a: Marshadow|Marshadow|100\/100\n|turn|13\n|\n|t:|1700848754\n|-terastallize|p1a: Ogerpon|Grass\n|detailschange|p1a: Ogerpon|Ogerpon-Teal-Tera, F, tera:Grass\n|-ability|p1a: Ogerpon|Embody Aspect (Teal)|boost\n|-boost|p1a: Ogerpon|spe|1\n|move|p1a: Ogerpon|Ivy Cudgel|p2a: Marshadow\n|-enditem|p2a: Marshadow|Focus Sash\n|-damage|p2a: Marshadow|1\/100\n|move|p2a: Marshadow|Spectral Thief||[still]\n|-clearpositiveboost|p1a: Ogerpon|p2a: Marshadow|move: Spectral Thief\n|-boost|p2a: Marshadow|atk|2\n|-boost|p2a: Marshadow|spe|1\n|-anim|p2a: Marshadow|Spectral Thief|p1a: Ogerpon\n|-damage|p1a: Ogerpon|0 fnt\n|faint|p1a: Ogerpon\n|\n|upkeep\n|-message|Anna Ou sksksk forfeited.\n|\n|win|JordanPGSL\n|raw|Anna Ou sksksk's rating: 1324 &rarr; <strong>1307<\/strong><br \/>(-17 for losing)\n|raw|JordanPGSL's rating: 1382 &rarr; <strong>1399<\/strong><br \/>(+17 for winning)\n|l|\u2606Anna Ou sksksk\n","uploadtime":1700848590,"views":1,"p1id":"annaousksksk","p2id":"jordanpgsl","formatid":"gen9nationaldexubers","rating":1307,"private":0,"password":""}