{"id":"gen9nationaldexubers-1983163729","p1":"Er0dius","p2":"Amzy128","format":"[Gen 9] National Dex Ubers","log":"|j|\u2606Er0dius\n|j|\u2606Amzy128\n|t:|1699098753\n|gametype|singles\n|player|p1|Er0dius|ethan|1219\n|player|p2|Amzy128|marshal|1116\n|teamsize|p1|6\n|teamsize|p2|6\n|gen|9\n|tier|[Gen 9] National Dex Ubers\n|rated|\n|rule|HP Percentage Mod: HP is shown in percentages\n|rule|Endless Battle Clause: Forcing endless battles is banned\n|rule|OHKO Clause: OHKO moves are banned\n|rule|Evasion Moves Clause: Evasion moves are banned\n|rule|Evasion Items Clause: Evasion items are banned\n|rule|Species Clause: Limit one of each Pok\u00e9mon\n|rule|Sleep Clause Mod: Limit one foe put to sleep\n|rule|Mega Rayquaza Clause: You cannot mega evolve Rayquaza\n|clearpoke\n|poke|p1|Zygarde-10%|\n|poke|p1|Sneasler, M|\n|poke|p1|Pelipper, M|\n|poke|p1|Overqwil, M|\n|poke|p1|Gholdengo|\n|poke|p1|Ribombee, F|\n|poke|p2|Lucario, F|\n|poke|p2|Rotom-Wash|\n|poke|p2|Umbreon, F|\n|poke|p2|Mamoswine, M|\n|poke|p2|Crobat, F|\n|poke|p2|Chandelure, F|\n|teampreview\n|\n|t:|1699098780\n|start\n|switch|p1a: Ribombee|Ribombee, F|100\/100\n|switch|p2a: Chandelure|Chandelure, F, shiny|100\/100\n|turn|1\n|\n|t:|1699098791\n|move|p2a: Chandelure|Flamethrower|p1a: Ribombee\n|-supereffective|p1a: Ribombee\n|-crit|p1a: Ribombee\n|-enditem|p1a: Ribombee|Focus Sash\n|-damage|p1a: Ribombee|1\/100\n|move|p1a: Ribombee|Stun Spore|p2a: Chandelure\n|-status|p2a: Chandelure|par\n|\n|upkeep\n|turn|2\n|\n|t:|1699098797\n|move|p1a: Ribombee|Sticky Web|p2a: Chandelure\n|-sidestart|p2: Amzy128|move: Sticky Web\n|move|p2a: Chandelure|Flamethrower|p1a: Ribombee\n|-supereffective|p1a: Ribombee\n|-damage|p1a: Ribombee|0 fnt\n|faint|p1a: Ribombee\n|\n|upkeep\n|\n|t:|1699098800\n|switch|p1a: Pelipper|Pelipper, M|100\/100\n|-weather|RainDance|[from] ability: Drizzle|[of] p1a: Pelipper\n|turn|3\n|\n|t:|1699098810\n|switch|p2a: Rotom|Rotom-Wash, shiny|100\/100\n|move|p1a: Pelipper|Surf|p2a: Rotom\n|-resisted|p2a: Rotom\n|-damage|p2a: Rotom|61\/100\n|\n|-weather|RainDance|[upkeep]\n|-heal|p2a: Rotom|67\/100|[from] item: Leftovers\n|upkeep\n|turn|4\n|\n|t:|1699098816\n|move|p1a: Pelipper|Surf|p2a: Rotom\n|-resisted|p2a: Rotom\n|-damage|p2a: Rotom|25\/100\n|move|p2a: Rotom|Will-O-Wisp|p1a: Pelipper\n|-status|p1a: Pelipper|brn\n|\n|-weather|RainDance|[upkeep]\n|-heal|p2a: Rotom|31\/100|[from] item: Leftovers\n|-damage|p1a: Pelipper|94\/100 brn|[from] brn\n|upkeep\n|turn|5\n|\n|t:|1699098820\n|move|p1a: Pelipper|Surf|p2a: Rotom\n|-resisted|p2a: Rotom\n|-damage|p2a: Rotom|0 fnt\n|faint|p2a: Rotom\n|\n|-weather|RainDance|[upkeep]\n|-damage|p1a: Pelipper|88\/100 brn|[from] brn\n|upkeep\n|\n|t:|1699098826\n|switch|p2a: Umbreon|Umbreon, F, shiny|100\/100\n|-activate|p2a: Umbreon|move: Sticky Web\n|-unboost|p2a: Umbreon|spe|1\n|turn|6\n|\n|t:|1699098828\n|move|p1a: Pelipper|Surf|p2a: Umbreon\n|-damage|p2a: Umbreon|61\/100\n|move|p2a: Umbreon|Foul Play|p1a: Pelipper\n|-damage|p1a: Pelipper|71\/100 brn\n|\n|-weather|RainDance|[upkeep]\n|-heal|p2a: Umbreon|67\/100|[from] item: Leftovers\n|-damage|p1a: Pelipper|65\/100 brn|[from] brn\n|upkeep\n|turn|7\n|\n|t:|1699098836\n|move|p1a: Pelipper|Surf|p2a: Umbreon\n|-damage|p2a: Umbreon|27\/100\n|move|p2a: Umbreon|Moonlight|p2a: Umbreon\n|-heal|p2a: Umbreon|52\/100\n|\n|-weather|none\n|-heal|p2a: Umbreon|58\/100|[from] item: Leftovers\n|-damage|p1a: Pelipper|59\/100 brn|[from] brn\n|upkeep\n|turn|8\n|\n|t:|1699098851\n|switch|p1a: Sneasler|Sneasler, M|100\/100\n|switch|p2a: Crobat|Crobat, F, shiny|100\/100\n|\n|upkeep\n|turn|9\n|\n|t:|1699098861\n|move|p1a: Sneasler|Fake Out|p2a: Crobat\n|-enditem|p1a: Sneasler|Normal Gem|[from] gem\n|-damage|p2a: Crobat|75\/100\n|move|p2a: Crobat|Brave Bird|p1a: Sneasler\n|-supereffective|p1a: Sneasler\n|-damage|p1a: Sneasler|0 fnt\n|faint|p1a: Sneasler\n|-damage|p2a: Crobat|43\/100|[from] Recoil\n|\n|upkeep\n|\n|t:|1699098876\n|switch|p1a: Zygarde|Zygarde-10%|100\/100\n|-ability|p1a: Zygarde|Aura Break\n|turn|10\n|\n|t:|1699098885\n|move|p1a: Zygarde|Extreme Speed|p2a: Crobat\n|-damage|p2a: Crobat|0 fnt\n|faint|p2a: Crobat\n|\n|upkeep\n|\n|t:|1699098889\n|switch|p2a: Mamoswine|Mamoswine, M|100\/100\n|-activate|p2a: Mamoswine|move: Sticky Web\n|-unboost|p2a: Mamoswine|spe|1\n|turn|11\n|\n|t:|1699098892\n|switch|p1a: Pelipper|Pelipper, M|59\/100 brn\n|-weather|RainDance|[from] ability: Drizzle|[of] p1a: Pelipper\n|move|p2a: Mamoswine|Ice Shard|p1a: Pelipper\n|-damage|p1a: Pelipper|32\/100 brn\n|-damage|p2a: Mamoswine|91\/100|[from] item: Life Orb\n|\n|-weather|RainDance|[upkeep]\n|-damage|p1a: Pelipper|25\/100 brn|[from] brn\n|upkeep\n|turn|12\n|\n|t:|1699098901\n|move|p2a: Mamoswine|Ice Shard|p1a: Pelipper\n|-damage|p1a: Pelipper|0 fnt\n|faint|p1a: Pelipper\n|-damage|p2a: Mamoswine|81\/100|[from] item: Life Orb\n|\n|-weather|RainDance|[upkeep]\n|upkeep\n|\n|t:|1699098903\n|switch|p1a: Overqwil|Overqwil, M|100\/100\n|turn|13\n|\n|t:|1699098932\n|move|p1a: Overqwil|Liquidation|p2a: Mamoswine\n|-supereffective|p2a: Mamoswine\n|-damage|p2a: Mamoswine|0 fnt\n|faint|p2a: Mamoswine\n|\n|-weather|RainDance|[upkeep]\n|upkeep\n|\n|t:|1699098941\n|switch|p2a: Chandelure|Chandelure, F, shiny|100\/100 par\n|-activate|p2a: Chandelure|move: Sticky Web\n|-unboost|p2a: Chandelure|spe|1\n|turn|14\n|\n|t:|1699098945\n|move|p1a: Overqwil|Liquidation|p2a: Chandelure\n|-supereffective|p2a: Chandelure\n|-damage|p2a: Chandelure|0 fnt\n|faint|p2a: Chandelure\n|\n|-weather|RainDance|[upkeep]\n|upkeep\n|\n|t:|1699098951\n|switch|p2a: Lucario|Lucario, F, shiny|100\/100\n|-activate|p2a: Lucario|move: Sticky Web\n|-unboost|p2a: Lucario|spe|1\n|turn|15\n|\n|t:|1699098964\n|detailschange|p2a: Lucario|Lucario-Mega, F, shiny\n|-mega|p2a: Lucario|Lucario|Lucarionite\n|move|p1a: Overqwil|Liquidation|p2a: Lucario\n|-damage|p2a: Lucario|40\/100\n|-unboost|p2a: Lucario|def|1\n|move|p2a: Lucario|Flash Cannon|p1a: Overqwil\n|-damage|p1a: Overqwil|16\/100\n|\n|-weather|none\n|upkeep\n|turn|16\n|\n|t:|1699098972\n|move|p2a: Lucario|Vacuum Wave|p1a: Overqwil\n|-damage|p1a: Overqwil|0 fnt\n|faint|p1a: Overqwil\n|\n|upkeep\n|\n|t:|1699098975\n|switch|p1a: Zygarde|Zygarde-10%|100\/100\n|-ability|p1a: Zygarde|Aura Break\n|turn|17\n|\n|t:|1699098979\n|move|p2a: Lucario|Vacuum Wave|p1a: Zygarde\n|-damage|p1a: Zygarde|51\/100\n|move|p1a: Zygarde|Thousand Arrows|p2a: Lucario\n|-supereffective|p2a: Lucario\n|-damage|p2a: Lucario|0 fnt\n|faint|p2a: Lucario\n|\n|upkeep\n|\n|t:|1699098985\n|switch|p2a: Umbreon|Umbreon, F, shiny|58\/100\n|-activate|p2a: Umbreon|move: Sticky Web\n|-unboost|p2a: Umbreon|spe|1\n|turn|18\n|\n|t:|1699098988\n|move|p1a: Zygarde|Thousand Arrows|p2a: Umbreon\n|-damage|p2a: Umbreon|9\/100\n|move|p2a: Umbreon|Foul Play|p1a: Zygarde\n|-damage|p1a: Zygarde|0 fnt\n|faint|p1a: Zygarde\n|\n|-heal|p2a: Umbreon|15\/100|[from] item: Leftovers\n|upkeep\n|\n|t:|1699098991\n|switch|p1a: Gholdengo|Gholdengo|100\/100\n|-item|p1a: Gholdengo|Air Balloon\n|turn|19\n|\n|t:|1699099009\n|-terastallize|p1a: Gholdengo|Fairy\n|move|p1a: Gholdengo|Make It Rain|p2a: Umbreon\n|-damage|p2a: Umbreon|0 fnt\n|-unboost|p1a: Gholdengo|spa|1\n|faint|p2a: Umbreon\n|\n|win|Er0dius\n|raw|Er0dius's rating: 1219 &rarr; <strong>1237<\/strong><br \/>(+18 for winning)\n|raw|Amzy128's rating: 1116 &rarr; <strong>1098<\/strong><br \/>(-18 for losing)\n|l|\u2606Er0dius\n","uploadtime":1699099036,"views":12,"p1id":"er0dius","p2id":"amzy128","formatid":"gen9nationaldexubers","rating":1098,"private":0,"password":""}