{"id":"gen9nationaldexubers-1985033246","p1":"Dan07B","p2":"Davarv","format":"[Gen 9] National Dex Ubers","log":"|j|\u2606Dan07B\n|j|\u2606Davarv\n|t:|1699322867\n|gametype|singles\n|player|p1|Dan07B|pokemonranger-gen4|\n|player|p2|Davarv|giovanni|\n|teamsize|p1|6\n|teamsize|p2|6\n|gen|9\n|tier|[Gen 9] National Dex Ubers\n|rule|HP Percentage Mod: HP is shown in percentages\n|rule|Endless Battle Clause: Forcing endless battles is banned\n|rule|OHKO Clause: OHKO moves are banned\n|rule|Evasion Moves Clause: Evasion moves are banned\n|rule|Evasion Items Clause: Evasion items are banned\n|rule|Species Clause: Limit one of each Pok\u00e9mon\n|rule|Sleep Clause Mod: Limit one foe put to sleep\n|rule|Mega Rayquaza Clause: You cannot mega evolve Rayquaza\n|clearpoke\n|poke|p1|Goodra-Hisui, F|\n|poke|p1|Gardevoir, F|\n|poke|p1|Dracovish|\n|poke|p1|Metagross|\n|poke|p1|Sirfetch\u2019d, F|\n|poke|p1|Noivern, M|\n|poke|p2|Pinsir, F|\n|poke|p2|Kommo-o, F|\n|poke|p2|Heracross, F|\n|poke|p2|Forretress, M|\n|poke|p2|Volcarona, M|\n|poke|p2|Araquanid, F|\n|teampreview\n|j| Farkass\n|c|\u2606Davarv|Buena suerte!\n|c|\u2606Dan07B|Igualmente\n|\n|t:|1699322905\n|start\n|switch|p1a: Gardevoir|Gardevoir, F, shiny|100\/100\n|switch|p2a: Forretress|Forretress, M, shiny|100\/100\n|turn|1\n|\n|t:|1699322912\n|move|p1a: Gardevoir|Mystical Fire|p2a: Forretress\n|-supereffective|p2a: Forretress\n|-ability|p2a: Forretress|Sturdy\n|-damage|p2a: Forretress|1\/100\n|-unboost|p2a: Forretress|spa|1\n|move|p2a: Forretress|Toxic|p1a: Gardevoir|[miss]\n|-miss|p2a: Forretress|p1a: Gardevoir\n|\n|-heal|p2a: Forretress|7\/100|[from] item: Leftovers\n|upkeep\n|turn|2\n|\n|t:|1699322916\n|move|p1a: Gardevoir|Mystical Fire|p2a: Forretress\n|-supereffective|p2a: Forretress\n|-damage|p2a: Forretress|0 fnt\n|faint|p2a: Forretress\n|\n|upkeep\n|\n|t:|1699322936\n|switch|p2a: Araquanid|Araquanid, F, shiny|100\/100\n|turn|3\n|\n|t:|1699322965\n|switch|p1a: Jade|Goodra-Hisui, F, shiny|100\/100\n|move|p2a: Araquanid|Liquidation|p1a: Jade\n|-resisted|p1a: Jade\n|-damage|p1a: Jade|55\/100\n|\n|upkeep\n|turn|4\n|\n|t:|1699322990\n|switch|p2a: Kommo-o|Kommo-o, F|100\/100\n|move|p1a: Jade|Flamethrower|p2a: Kommo-o\n|-resisted|p2a: Kommo-o\n|-damage|p2a: Kommo-o|85\/100\n|\n|-heal|p2a: Kommo-o|91\/100|[from] item: Leftovers\n|upkeep\n|turn|5\n|\n|t:|1699323005\n|-terastallize|p2a: Kommo-o|Bug\n|-terastallize|p1a: Jade|Fairy\n|move|p2a: Kommo-o|Dragon Dance|p2a: Kommo-o\n|-boost|p2a: Kommo-o|atk|1\n|-boost|p2a: Kommo-o|spe|1\n|move|p1a: Jade|Dragon Tail|p2a: Kommo-o\n|-damage|p2a: Kommo-o|73\/100\n|drag|p2a: Pinsir|Pinsir, F, shiny|100\/100\n|\n|upkeep\n|turn|6\n|\n|t:|1699323028\n|switch|p2a: Araquanid|Araquanid, F, shiny|100\/100\n|move|p1a: Jade|Flamethrower|p2a: Araquanid\n|-damage|p2a: Araquanid|90\/100\n|\n|upkeep\n|turn|7\n|\n|t:|1699323038\n|switch|p1a: Perturabo|Metagross, shiny|100\/100\n|move|p2a: Araquanid|Liquidation|p1a: Perturabo\n|-damage|p1a: Perturabo|18\/100\n|\n|upkeep\n|turn|8\n|\n|t:|1699323050\n|detailschange|p1a: Perturabo|Metagross-Mega, shiny\n|-mega|p1a: Perturabo|Metagross|Metagrossite\n|move|p1a: Perturabo|Ice Punch|p2a: Araquanid\n|-resisted|p2a: Araquanid\n|-damage|p2a: Araquanid|69\/100\n|move|p2a: Araquanid|Liquidation|p1a: Perturabo\n|-damage|p1a: Perturabo|0 fnt\n|faint|p1a: Perturabo\n|\n|upkeep\n|c|\u2606Davarv|Tu perturbador quedo perturbado\n|c|\u2606Davarv|*Ingrese musica de suspenso de Dross*\n|\n|t:|1699323104\n|switch|p1a: Lion El'jonhson|Sirfetch\u2019d, F, shiny|100\/100\n|turn|9\n|\n|t:|1699323113\n|move|p1a: Lion El'jonhson|Final Gambit|p2a: Araquanid\n|-damage|p2a: Araquanid|0 fnt\n|faint|p1a: Lion El'jonhson\n|faint|p2a: Araquanid\n|\n|upkeep\n|c|\u2606Dan07B|El sacrificio \ud83d\ude14\n|c|\u2606Davarv|Tiste:(\n|\n|t:|1699323172\n|switch|p1a: Konrad Curze|Dracovish, shiny|100\/100\n|switch|p2a: Kommo-o|Kommo-o, F, tera:Bug|73\/100\n|turn|10\n|\n|t:|1699323179\n|move|p1a: Konrad Curze|Fishious Rend|p2a: Kommo-o\n|-damage|p2a: Kommo-o|0 fnt\n|faint|p2a: Kommo-o\n|\n|upkeep\n|\n|t:|1699323200\n|switch|p2a: Pinsir|Pinsir, F, shiny|100\/100\n|turn|11\n|\n|t:|1699323208\n|detailschange|p2a: Pinsir|Pinsir-Mega, F, shiny\n|-mega|p2a: Pinsir|Pinsir|Pinsirite\n|move|p1a: Konrad Curze|Fishious Rend|p2a: Pinsir\n|-damage|p2a: Pinsir|0 fnt\n|faint|p2a: Pinsir\n|\n|upkeep\n|\n|t:|1699323216\n|switch|p2a: Volcarona|Volcarona, M, shiny|100\/100\n|turn|12\n|c|\u2606Davarv|Lo sospeche\n|c|\u2606Davarv|Solamente queda hacerme bolita\n|c|\u2606Dan07B|Debiste usar fake out\n|c|\u2606Davarv|Quien aprende fake out? xd\n|c| Farkass|nerfeen al dragonoide\n|c|\u2606Davarv|Pense que era cinta elegida\n|c|\u2606Dan07B|El pinsir no?\n|c|\u2606Davarv|No XD\n|\n|t:|1699323295\n|move|p1a: Konrad Curze|Fishious Rend|p2a: Volcarona\n|-supereffective|p2a: Volcarona\n|-damage|p2a: Volcarona|0 fnt\n|-status|p1a: Konrad Curze|brn|[from] ability: Flame Body|[of] p2a: Volcarona\n|faint|p2a: Volcarona\n|\n|-damage|p1a: Konrad Curze|94\/100 brn|[from] brn\n|upkeep\n|c|\u2606Davarv|PTM, ahora si quemas maldito puerco XD\n|\n|t:|1699323310\n|switch|p2a: Heracross|Heracross, F|100\/100\n|turn|13\n|c|\u2606Davarv|Le vamos a bajar el sueldo a Volcarona\n|\n|t:|1699323325\n|move|p2a: Heracross|Stone Edge|p1a: Konrad Curze\n|-damage|p1a: Konrad Curze|56\/100 brn\n|move|p1a: Konrad Curze|Fishious Rend|p2a: Heracross\n|-damage|p2a: Heracross|62\/100\n|\n|-damage|p1a: Konrad Curze|50\/100 brn|[from] brn\n|upkeep\n|turn|14\n|\n|t:|1699323332\n|move|p2a: Heracross|Stone Edge|p1a: Konrad Curze\n|-crit|p1a: Konrad Curze\n|-damage|p1a: Konrad Curze|0 fnt\n|faint|p1a: Konrad Curze\n|-ability|p2a: Heracross|Moxie|boost\n|-boost|p2a: Heracross|atk|1\n|\n|upkeep\n|\n|t:|1699323341\n|switch|p1a: Corvuz Korax|Noivern, M|100\/100\n|turn|15\n|\n|t:|1699323344\n|move|p2a: Heracross|Stone Edge|p1a: Corvuz Korax\n|-supereffective|p1a: Corvuz Korax\n|-damage|p1a: Corvuz Korax|0 fnt\n|faint|p1a: Corvuz Korax\n|-ability|p2a: Heracross|Moxie|boost\n|-boost|p2a: Heracross|atk|1\n|\n|upkeep\n|c| Farkass|remontada?\n|c|\u2606Dan07B|No\n|\n|t:|1699323371\n|switch|p1a: Jade|Goodra-Hisui, F, shiny, tera:Fairy|55\/100\n|turn|16\n|\n|t:|1699323377\n|move|p2a: Heracross|Stone Edge|p1a: Jade\n|-damage|p1a: Jade|0 fnt\n|faint|p1a: Jade\n|-ability|p2a: Heracross|Moxie|boost\n|-boost|p2a: Heracross|atk|1\n|\n|upkeep\n|\n|t:|1699323378\n|switch|p1a: Gardevoir|Gardevoir, F, shiny|100\/100\n|turn|17\n|c|\u2606Davarv|omg\n|c|\u2606Dan07B|No puede ser\n|c|\u2606Davarv|No me falles por favor\n|\n|t:|1699323403\n|move|p2a: Heracross|Stone Edge|p1a: Gardevoir\n|-damage|p1a: Gardevoir|0 fnt\n|faint|p1a: Gardevoir\n|\n|win|Davarv\n|c|\u2606Davarv|LET'S GOOO\n|c| Farkass|ggz!!!\n|c|\u2606Davarv|Bien jugado bro!\n|c| Farkass|q epico\n|c|\u2606Dan07B|Era scarf no me lo cre\u00f3\n|c|\u2606Dan07B|Gg\n","uploadtime":1699323435,"views":5,"p1id":"dan07b","p2id":"davarv","formatid":"gen9nationaldexubers","rating":0,"private":0,"password":""}