{"id":"gen9nationaldexubers-1980269259","p1":"EpicGamer069420","p2":"Incredible Gassy","format":"[Gen 9] National Dex Ubers","log":"|j|\u2606EpicGamer069420\n|j|\u2606Incredible Gassy\n|t:|1698771082\n|gametype|singles\n|player|p1|EpicGamer069420|lucas|1525\n|player|p2|Incredible Gassy|bugcatcher-gen2|1704\n|teamsize|p1|6\n|teamsize|p2|6\n|gen|9\n|tier|[Gen 9] National Dex Ubers\n|rated|\n|rule|HP Percentage Mod: HP is shown in percentages\n|rule|Endless Battle Clause: Forcing endless battles is banned\n|rule|OHKO Clause: OHKO moves are banned\n|rule|Evasion Moves Clause: Evasion moves are banned\n|rule|Evasion Items Clause: Evasion items are banned\n|rule|Species Clause: Limit one of each Pok\u00e9mon\n|rule|Sleep Clause Mod: Limit one foe put to sleep\n|rule|Mega Rayquaza Clause: You cannot mega evolve Rayquaza\n|clearpoke\n|poke|p1|Groudon|\n|poke|p1|Necrozma-Dusk-Mane|\n|poke|p1|Ho-Oh|\n|poke|p1|Kyogre|\n|poke|p1|Xerneas-*|\n|poke|p1|Yveltal|\n|poke|p2|Sandy Shocks|\n|poke|p2|Groudon|\n|poke|p2|Gholdengo|\n|poke|p2|Ho-Oh|\n|poke|p2|Marshadow|\n|poke|p2|Eternatus|\n|teampreview\n|inactive|Battle timer is ON: inactive players will automatically lose when time's up. (requested by Incredible Gassy)\n|inactive|EpicGamer069420 also wants the timer to be on.\n|j| girlboss for hire\n|c| girlboss for hire|this is about to get GASSY!\n|c|\u2606Incredible Gassy|this game needs.... a HERO.....\n|inactive|EpicGamer069420 has 120 seconds left.\n|\n|t:|1698771130\n|start\n|switch|p1a: Necrozma|Necrozma-Dusk-Mane|100\/100\n|switch|p2a: NDU needs a hero|Sandy Shocks|100\/100\n|turn|1\n|\n|t:|1698771141\n|move|p2a: NDU needs a hero|Thunder Wave|p1a: Necrozma\n|-status|p1a: Necrozma|par\n|cant|p1a: Necrozma|par\n|\n|upkeep\n|turn|2\n|\n|t:|1698771145\n|move|p2a: NDU needs a hero|Stealth Rock|p1a: Necrozma\n|-sidestart|p1: EpicGamer069420|move: Stealth Rock\n|cant|p1a: Necrozma|par\n|\n|upkeep\n|turn|3\n|\n|t:|1698771148\n|move|p2a: NDU needs a hero|Spikes|p1a: Necrozma\n|-sidestart|p1: EpicGamer069420|Spikes\n|cant|p1a: Necrozma|par\n|\n|upkeep\n|turn|4\n|\n|t:|1698771159\n|switch|p1a: Ho-Oh|Ho-Oh|100\/100\n|move|p2a: NDU needs a hero|Spikes|p1a: Ho-Oh\n|-sidestart|p1: EpicGamer069420|Spikes\n|\n|upkeep\n|turn|5\n|\n|t:|1698771163\n|-end|p2a: NDU needs a hero|Protosynthesis|[silent]\n|switch|p2a: milk on yo face|Gholdengo|100\/100\n|-item|p2a: milk on yo face|Air Balloon\n|-terastallize|p1a: Ho-Oh|Ground\n|move|p1a: Ho-Oh|Defog|p2a: milk on yo face\n|-immune|p2a: milk on yo face|[from] ability: Good as Gold\n|\n|upkeep\n|turn|6\n|\n|t:|1698771178\n|-terastallize|p2a: milk on yo face|Rock\n|move|p1a: Ho-Oh|Sacred Fire|p2a: milk on yo face\n|-resisted|p2a: milk on yo face\n|-damage|p2a: milk on yo face|76\/100\n|-enditem|p2a: milk on yo face|Air Balloon\n|move|p2a: milk on yo face|Nasty Plot|p2a: milk on yo face\n|-boost|p2a: milk on yo face|spa|2\n|\n|upkeep\n|turn|7\n|\n|t:|1698771189\n|switch|p1a: Yveltal|Yveltal|100\/100\n|-ability|p1a: Yveltal|Dark Aura\n|move|p2a: milk on yo face|Make It Rain|p1a: Yveltal\n|-damage|p1a: Yveltal|11\/100\n|-unboost|p2a: milk on yo face|spa|1\n|\n|upkeep\n|turn|8\n|\n|t:|1698771203\n|move|p1a: Yveltal|Knock Off|p2a: milk on yo face\n|-damage|p2a: milk on yo face|39\/100\n|move|p2a: milk on yo face|Power Gem|p1a: Yveltal\n|-supereffective|p1a: Yveltal\n|-damage|p1a: Yveltal|0 fnt\n|faint|p1a: Yveltal\n|\n|upkeep\n|inactive|EpicGamer069420 has 120 seconds left.\n|\n|t:|1698771248\n|switch|p1a: Necrozma|Necrozma-Dusk-Mane|100\/100 par\n|-damage|p1a: Necrozma|94\/100 par|[from] Stealth Rock\n|-damage|p1a: Necrozma|78\/100 par|[from] Spikes\n|turn|9\n|\n|t:|1698771255\n|move|p2a: milk on yo face|Recover|p2a: milk on yo face\n|-heal|p2a: milk on yo face|89\/100\n|move|p1a: Necrozma|Stealth Rock|p2a: milk on yo face\n|-sidestart|p2: Incredible Gassy|move: Stealth Rock\n|\n|-heal|p1a: Necrozma|84\/100 par|[from] item: Leftovers\n|upkeep\n|turn|10\n|\n|t:|1698771261\n|switch|p2a: NDU needs a hero|Sandy Shocks|100\/100\n|-damage|p2a: NDU needs a hero|94\/100|[from] Stealth Rock\n|move|p1a: Necrozma|Sunsteel Strike|p2a: NDU needs a hero\n|-resisted|p2a: NDU needs a hero\n|-damage|p2a: NDU needs a hero|66\/100\n|\n|-heal|p1a: Necrozma|90\/100 par|[from] item: Leftovers\n|upkeep\n|turn|11\n|\n|t:|1698771267\n|switch|p1a: Ho-Oh|Ho-Oh, tera:Ground|100\/100\n|move|p2a: NDU needs a hero|Earth Power|p1a: Ho-Oh\n|-damage|p1a: Ho-Oh|78\/100\n|-unboost|p1a: Ho-Oh|spd|1\n|\n|upkeep\n|turn|12\n|\n|t:|1698771272\n|-end|p2a: NDU needs a hero|Protosynthesis|[silent]\n|switch|p2a: milk on yo face|Gholdengo, tera:Rock|89\/100\n|-damage|p2a: milk on yo face|77\/100|[from] Stealth Rock\n|move|p1a: Ho-Oh|Sacred Fire|p2a: milk on yo face\n|-resisted|p2a: milk on yo face\n|-damage|p2a: milk on yo face|55\/100\n|-status|p2a: milk on yo face|brn\n|\n|-damage|p2a: milk on yo face|49\/100 brn|[from] brn\n|upkeep\n|turn|13\n|\n|t:|1698771276\n|move|p2a: milk on yo face|Recover|p2a: milk on yo face\n|-heal|p2a: milk on yo face|99\/100 brn\n|move|p1a: Ho-Oh|Brave Bird|p2a: milk on yo face\n|-resisted|p2a: milk on yo face\n|-damage|p2a: milk on yo face|70\/100 brn\n|-damage|p1a: Ho-Oh|69\/100|[from] Recoil\n|\n|-damage|p2a: milk on yo face|64\/100 brn|[from] brn\n|upkeep\n|turn|14\n|\n|t:|1698771280\n|switch|p1a: Necrozma|Necrozma-Dusk-Mane|90\/100 par\n|-damage|p1a: Necrozma|84\/100 par|[from] Stealth Rock\n|-damage|p1a: Necrozma|67\/100 par|[from] Spikes\n|move|p2a: milk on yo face|Nasty Plot|p2a: milk on yo face\n|-boost|p2a: milk on yo face|spa|2\n|\n|-heal|p1a: Necrozma|73\/100 par|[from] item: Leftovers\n|-damage|p2a: milk on yo face|58\/100 brn|[from] brn\n|upkeep\n|turn|15\n|\n|t:|1698771285\n|switch|p2a: NDU needs a hero|Sandy Shocks|66\/100\n|-damage|p2a: NDU needs a hero|60\/100|[from] Stealth Rock\n|move|p1a: Necrozma|Sunsteel Strike|p2a: NDU needs a hero\n|-resisted|p2a: NDU needs a hero\n|-damage|p2a: NDU needs a hero|33\/100\n|\n|-heal|p1a: Necrozma|79\/100 par|[from] item: Leftovers\n|upkeep\n|turn|16\n|\n|t:|1698771289\n|-end|p2a: NDU needs a hero|Protosynthesis|[silent]\n|switch|p2a: GOOBED!|Marshadow|100\/100\n|-damage|p2a: GOOBED!|94\/100|[from] Stealth Rock\n|switch|p1a: Ho-Oh|Ho-Oh, tera:Ground|100\/100\n|\n|upkeep\n|turn|17\n|\n|t:|1698771296\n|move|p2a: GOOBED!|Poltergeist|p1a: Ho-Oh\n|-activate|p1a: Ho-Oh|move: Poltergeist|Heavy-Duty Boots\n|-damage|p1a: Ho-Oh|30\/100\n|move|p1a: Ho-Oh|Defog|p2a: GOOBED!\n|-unboost|p2a: GOOBED!|evasion|1\n|-sideend|p2: Incredible Gassy|Stealth Rock|[from] move: Defog|[of] p1a: Ho-Oh\n|-sideend|p1: EpicGamer069420|Spikes|[from] move: Defog|[of] p1a: Ho-Oh\n|-sideend|p1: EpicGamer069420|Stealth Rock|[from] move: Defog|[of] p1a: Ho-Oh\n|\n|upkeep\n|turn|18\n|\n|t:|1698771302\n|switch|p1a: Groudon|Groudon|100\/100\n|detailschange|p1a: Groudon|Groudon-Primal\n|-primal|p1a: Groudon|Red Orb\n|-weather|DesolateLand|[from] ability: Desolate Land|[of] p1a: Groudon\n|move|p2a: GOOBED!|Poltergeist|p1a: Groudon\n|-activate|p1a: Groudon|move: Poltergeist|Red Orb\n|-damage|p1a: Groudon|65\/100\n|\n|-weather|DesolateLand|[upkeep]\n|upkeep\n|turn|19\n|\n|t:|1698771310\n|switch|p2a: milk on yo face|Gholdengo, tera:Rock|58\/100 brn\n|move|p1a: Groudon|Precipice Blades|p2a: milk on yo face\n|-supereffective|p2a: milk on yo face\n|-damage|p2a: milk on yo face|0 fnt\n|faint|p2a: milk on yo face\n|\n|-weather|DesolateLand|[upkeep]\n|upkeep\n|\n|t:|1698771311\n|switch|p2a: NDU needs a hero|Sandy Shocks|33\/100\n|turn|20\n|\n|t:|1698771319\n|-weather|none\n|switch|p1a: Kyogre|Kyogre|100\/100\n|-weather|RainDance|[from] ability: Drizzle|[of] p1a: Kyogre\n|move|p2a: NDU needs a hero|Earth Power|p1a: Kyogre\n|-damage|p1a: Kyogre|66\/100\n|\n|-weather|RainDance|[upkeep]\n|upkeep\n|turn|21\n|\n|t:|1698771323\n|-end|p2a: NDU needs a hero|Protosynthesis|[silent]\n|switch|p2a: coffee beans|Groudon, shiny|100\/100\n|detailschange|p2a: coffee beans|Groudon-Primal, shiny\n|-primal|p2a: coffee beans|Red Orb\n|-weather|DesolateLand|[from] ability: Desolate Land|[of] p2a: coffee beans\n|move|p1a: Kyogre|Ice Beam|p2a: coffee beans\n|-damage|p2a: coffee beans|69\/100\n|\n|-weather|DesolateLand|[upkeep]\n|upkeep\n|turn|22\n|\n|t:|1698771331\n|-weather|none\n|switch|p2a: NDU needs a hero|Sandy Shocks|33\/100\n|move|p1a: Kyogre|Ice Beam|p2a: NDU needs a hero\n|-supereffective|p2a: NDU needs a hero\n|-damage|p2a: NDU needs a hero|0 fnt\n|faint|p2a: NDU needs a hero\n|-end|p2a: NDU needs a hero|Protosynthesis|[silent]\n|\n|upkeep\n|\n|t:|1698771333\n|switch|p2a: GOOBED!|Marshadow|94\/100\n|turn|23\n|inactive|EpicGamer069420 has 120 seconds left.\n|\n|t:|1698771380\n|move|p1a: Kyogre|Ice Beam|p2a: GOOBED!\n|-damage|p2a: GOOBED!|53\/100\n|-status|p2a: GOOBED!|frz\n|-curestatus|p2a: GOOBED!|frz|[msg]\n|move|p2a: GOOBED!|Low Kick|p1a: Kyogre\n|-damage|p1a: Kyogre|0 fnt\n|faint|p1a: Kyogre\n|\n|upkeep\n|\n|t:|1698771385\n|switch|p1a: Xerneas|Xerneas|100\/100\n|-ability|p1a: Xerneas|Fairy Aura\n|turn|24\n|c| girlboss for hire|LOL\n|c|\u2606Incredible Gassy|HUGE?????\n|\n|t:|1698771394\n|switch|p2a: hoe ass|Ho-Oh|100\/100\n|move|p1a: Xerneas|Geomancy||[still]\n|-prepare|p1a: Xerneas|Geomancy\n|-enditem|p1a: Xerneas|Power Herb\n|-anim|p1a: Xerneas|Geomancy|p1a: Xerneas\n|-boost|p1a: Xerneas|spa|2\n|-boost|p1a: Xerneas|spd|2\n|-boost|p1a: Xerneas|spe|2\n|\n|upkeep\n|turn|25\n|\n|t:|1698771397\n|move|p1a: Xerneas|Thunderbolt|p2a: hoe ass\n|-supereffective|p2a: hoe ass\n|-damage|p2a: hoe ass|48\/100\n|move|p2a: hoe ass|Sacred Fire|p1a: Xerneas\n|-damage|p1a: Xerneas|61\/100\n|-status|p1a: Xerneas|brn\n|\n|-damage|p1a: Xerneas|55\/100 brn|[from] brn\n|upkeep\n|turn|26\n|\n|t:|1698771403\n|switch|p2a: el perro|Eternatus|100\/100\n|-ability|p2a: el perro|Pressure\n|move|p1a: Xerneas|Thunderbolt|p2a: el perro\n|-resisted|p2a: el perro\n|-damage|p2a: el perro|76\/100\n|\n|-damage|p1a: Xerneas|48\/100 brn|[from] brn\n|upkeep\n|turn|27\n|\n|t:|1698771409\n|move|p1a: Xerneas|Moonblast|p2a: el perro\n|-damage|p2a: el perro|0 fnt\n|faint|p2a: el perro\n|\n|-damage|p1a: Xerneas|42\/100 brn|[from] brn\n|upkeep\n|\n|t:|1698771411\n|switch|p2a: GOOBED!|Marshadow|53\/100\n|turn|28\n|\n|t:|1698771412\n|move|p2a: GOOBED!|Shadow Sneak|p1a: Xerneas\n|-damage|p1a: Xerneas|4\/100 brn\n|move|p1a: Xerneas|Moonblast|p2a: GOOBED!\n|-supereffective|p2a: GOOBED!\n|-damage|p2a: GOOBED!|0 fnt\n|faint|p2a: GOOBED!\n|\n|-damage|p1a: Xerneas|0 fnt|[from] brn\n|faint|p1a: Xerneas\n|upkeep\n|\n|t:|1698771421\n|switch|p2a: coffee beans|Groudon-Primal, shiny|69\/100\n|switch|p1a: Groudon|Groudon-Primal|65\/100\n|-weather|DesolateLand|[from] ability: Desolate Land|[of] p1a: Groudon\n|turn|29\n|\n|t:|1698771424\n|move|p1a: Groudon|Precipice Blades|p2a: coffee beans\n|-supereffective|p2a: coffee beans\n|-damage|p2a: coffee beans|11\/100\n|move|p2a: coffee beans|Earthquake|p1a: Groudon\n|-supereffective|p1a: Groudon\n|-damage|p1a: Groudon|8\/100\n|\n|-weather|DesolateLand|[upkeep]\n|upkeep\n|turn|30\n|\n|t:|1698771432\n|move|p1a: Groudon|Stone Edge|p2a: coffee beans\n|-crit|p2a: coffee beans\n|-damage|p2a: coffee beans|0 fnt\n|faint|p2a: coffee beans\n|\n|-weather|DesolateLand|[upkeep]\n|upkeep\n|\n|t:|1698771434\n|switch|p2a: hoe ass|Ho-Oh|81\/100\n|turn|31\n|c|\u2606Incredible Gassy|IN HOOH WE TRUST\n|\n|t:|1698771441\n|move|p1a: Groudon|Stone Edge|p2a: hoe ass\n|-supereffective|p2a: hoe ass\n|-damage|p2a: hoe ass|0 fnt\n|faint|p2a: hoe ass\n|\n|win|EpicGamer069420\n|raw|EpicGamer069420's rating: 1525 &rarr; <strong>1554<\/strong><br \/>(+29 for winning)\n|raw|Incredible Gassy's rating: 1704 &rarr; <strong>1675<\/strong><br \/>(-29 for losing)\n|c|\u2606Incredible Gassy|fuck\n|c|\u2606EpicGamer069420|gg\n|c|\u2606Incredible Gassy|late for class n everything\n|c|\u2606Incredible Gassy|fuck\n|c|\u2606Incredible Gassy|gg\n|c| girlboss for hire|just wasnt in the cards\n|c| girlboss for hire|rip\n|l|\u2606Incredible Gassy\n","uploadtime":1698771457,"views":10,"p1id":"epicgamer069420","p2id":"incrediblegassy","formatid":"gen9nationaldexubers","rating":1554,"private":0,"password":""}