{"id":"gen9nationaldexubers-1989318557","p1":"wangwei140154","p2":"VerduOsane","format":"[Gen 9] National Dex Ubers","log":"|j|\u2606wangwei140154\n|j|\u2606VerduOsane\n|t:|1699835788\n|gametype|singles\n|player|p1|wangwei140154|101|1040\n|player|p2|VerduOsane|101|1150\n|teamsize|p1|6\n|teamsize|p2|6\n|gen|9\n|tier|[Gen 9] National Dex Ubers\n|rated|\n|rule|HP Percentage Mod: HP is shown in percentages\n|rule|Endless Battle Clause: Forcing endless battles is banned\n|rule|OHKO Clause: OHKO moves are banned\n|rule|Evasion Moves Clause: Evasion moves are banned\n|rule|Evasion Items Clause: Evasion items are banned\n|rule|Species Clause: Limit one of each Pok\u00e9mon\n|rule|Sleep Clause Mod: Limit one foe put to sleep\n|rule|Mega Rayquaza Clause: You cannot mega evolve Rayquaza\n|clearpoke\n|poke|p1|Nihilego|\n|poke|p1|Mimikyu, F|\n|poke|p1|Ogerpon-Wellspring, F|\n|poke|p1|Gholdengo|\n|poke|p1|Ting-Lu|\n|poke|p1|Moltres|\n|poke|p2|Roaring Moon|\n|poke|p2|Naganadel|\n|poke|p2|Espathra, M|\n|poke|p2|Iron Bundle|\n|poke|p2|Urshifu-*, F|\n|poke|p2|Annihilape, M|\n|teampreview\n|c|\u2606VerduOsane|kill me..\n|\n|t:|1699835815\n|start\n|switch|p1a: Ting-Lu|Ting-Lu|100\/100\n|switch|p2a: Urshifu|Urshifu-Rapid-Strike, F|100\/100\n|-ability|p1a: Ting-Lu|Vessel of Ruin\n|turn|1\n|\n|t:|1699835836\n|switch|p1a: Ogerpon|Ogerpon-Wellspring, F|100\/100\n|move|p2a: Urshifu|Trailblaze|p1a: Ogerpon\n|-damage|p1a: Ogerpon|79\/100\n|-boost|p2a: Urshifu|spe|1\n|\n|upkeep\n|turn|2\n|\n|t:|1699835849\n|move|p2a: Urshifu|Bulk Up|p2a: Urshifu\n|-boost|p2a: Urshifu|atk|1\n|-boost|p2a: Urshifu|def|1\n|move|p1a: Ogerpon|Power Whip|p2a: Urshifu\n|-supereffective|p2a: Urshifu\n|-damage|p2a: Urshifu|0 fnt\n|faint|p2a: Urshifu\n|\n|upkeep\n|\n|t:|1699835856\n|switch|p2a: Roaring Moon|Roaring Moon|100\/100\n|-enditem|p2a: Roaring Moon|Booster Energy\n|-activate|p2a: Roaring Moon|ability: Protosynthesis|[fromitem]\n|-start|p2a: Roaring Moon|protosynthesisatk\n|turn|3\n|\n|t:|1699835889\n|switch|p1a: Ting-Lu|Ting-Lu|100\/100\n|-ability|p1a: Ting-Lu|Vessel of Ruin\n|move|p2a: Roaring Moon|Acrobatics|p1a: Ting-Lu\n|-damage|p1a: Ting-Lu|74\/100\n|\n|-heal|p1a: Ting-Lu|80\/100|[from] item: Leftovers\n|upkeep\n|turn|4\n|\n|t:|1699835901\n|move|p2a: Roaring Moon|Dragon Dance|p2a: Roaring Moon\n|-boost|p2a: Roaring Moon|atk|1\n|-boost|p2a: Roaring Moon|spe|1\n|move|p1a: Ting-Lu|Ruination|p2a: Roaring Moon\n|-damage|p2a: Roaring Moon|51\/100\n|\n|-heal|p1a: Ting-Lu|87\/100|[from] item: Leftovers\n|upkeep\n|turn|5\n|\n|t:|1699835911\n|move|p2a: Roaring Moon|Knock Off|p1a: Ting-Lu\n|-resisted|p1a: Ting-Lu\n|-damage|p1a: Ting-Lu|61\/100\n|-enditem|p1a: Ting-Lu|Leftovers|[from] move: Knock Off|[of] p2a: Roaring Moon\n|move|p1a: Ting-Lu|Ruination|p2a: Roaring Moon\n|-damage|p2a: Roaring Moon|26\/100\n|\n|upkeep\n|turn|6\n|\n|t:|1699835917\n|move|p2a: Roaring Moon|Acrobatics|p1a: Ting-Lu\n|-damage|p1a: Ting-Lu|21\/100\n|move|p1a: Ting-Lu|Whirlwind|p2a: Roaring Moon\n|-end|p2a: Roaring Moon|Protosynthesis|[silent]\n|drag|p2a: Naganadel|Naganadel|100\/100\n|\n|upkeep\n|turn|7\n|\n|t:|1699835935\n|move|p2a: Naganadel|Nasty Plot|p2a: Naganadel\n|-boost|p2a: Naganadel|spa|2\n|move|p1a: Ting-Lu|Stealth Rock|p2a: Naganadel\n|-sidestart|p2: VerduOsane|move: Stealth Rock\n|\n|upkeep\n|turn|8\n|\n|t:|1699835952\n|move|p2a: Naganadel|Flamethrower|p1a: Ting-Lu\n|-damage|p1a: Ting-Lu|0 fnt\n|faint|p1a: Ting-Lu\n|-ability|p2a: Naganadel|Beast Boost|boost\n|-boost|p2a: Naganadel|spe|1\n|\n|upkeep\n|\n|t:|1699835974\n|switch|p1a: Nihilego|Nihilego, shiny|100\/100\n|turn|9\n|\n|t:|1699835995\n|move|p2a: Naganadel|Draco Meteor|p1a: Nihilego\n|-damage|p1a: Nihilego|2\/100\n|-unboost|p2a: Naganadel|spa|2\n|move|p1a: Nihilego|Meteor Beam||[still]\n|-prepare|p1a: Nihilego|Meteor Beam\n|-boost|p1a: Nihilego|spa|1\n|-enditem|p1a: Nihilego|Power Herb\n|-anim|p1a: Nihilego|Meteor Beam|p2a: Naganadel|[miss]\n|-miss|p1a: Nihilego|p2a: Naganadel\n|\n|upkeep\n|turn|10\n|inactive|Battle timer is ON: inactive players will automatically lose when time's up. (requested by VerduOsane)\n|\n|t:|1699836021\n|move|p2a: Naganadel|Flamethrower|p1a: Nihilego\n|-resisted|p1a: Nihilego\n|-damage|p1a: Nihilego|0 fnt\n|faint|p1a: Nihilego\n|-ability|p2a: Naganadel|Beast Boost|boost\n|-boost|p2a: Naganadel|spe|1\n|\n|upkeep\n|l|\u2606wangwei140154\n|inactive|wangwei140154 disconnected and has a minute to reconnect!\n|player|p1|\n|inactive|wangwei140154 has 30 seconds to reconnect!\n|j|\u2606wangwei140154\n|inactive|wangwei140154 reconnected and has 110 seconds left.\n|player|p1|wangwei140154|101\n|\n|t:|1699836067\n|switch|p1a: Mimikyu|Mimikyu, F|100\/100\n|turn|11\n|\n|t:|1699836074\n|move|p2a: Naganadel|Flamethrower|p1a: Mimikyu\n|-activate|p1a: Mimikyu|ability: Disguise\n|-damage|p1a: Mimikyu|100\/100\n|detailschange|p1a: Mimikyu|Mimikyu-Busted, F\n|-damage|p1a: Mimikyu|88\/100|[from] pokemon: Mimikyu-Busted\n|move|p1a: Mimikyu|Swords Dance|p1a: Mimikyu\n|-boost|p1a: Mimikyu|atk|2\n|\n|upkeep\n|turn|12\n|\n|t:|1699836091\n|move|p1a: Mimikyu|Shadow Sneak|p2a: Naganadel\n|-damage|p2a: Naganadel|32\/100\n|-damage|p1a: Mimikyu|78\/100|[from] item: Life Orb\n|move|p2a: Naganadel|Sludge Bomb|p1a: Mimikyu\n|-damage|p1a: Mimikyu|18\/100\n|\n|upkeep\n|turn|13\n|\n|t:|1699836099\n|switch|p2a: Espathra|Espathra, M|100\/100\n|-damage|p2a: Espathra|88\/100|[from] Stealth Rock\n|move|p1a: Mimikyu|Shadow Sneak|p2a: Espathra\n|-supereffective|p2a: Espathra\n|-damage|p2a: Espathra|0 fnt\n|faint|p2a: Espathra\n|-damage|p1a: Mimikyu|8\/100|[from] item: Life Orb\n|\n|upkeep\n|c|\u2606VerduOsane|I FUCKING MISCLICKED\n|c|\u2606VerduOsane|IM FUCKING OFFING MYSELF\n|\n|t:|1699836116\n|switch|p2a: Iron Bundle|Iron Bundle|100\/100\n|-damage|p2a: Iron Bundle|76\/100|[from] Stealth Rock\n|-enditem|p2a: Iron Bundle|Booster Energy\n|-activate|p2a: Iron Bundle|ability: Quark Drive|[fromitem]\n|-start|p2a: Iron Bundle|quarkdrivespe\n|turn|14\n|inactive|wangwei140154 has 120 seconds left.\n|\n|t:|1699836124\n|move|p1a: Mimikyu|Shadow Sneak|p2a: Iron Bundle\n|-crit|p2a: Iron Bundle\n|-damage|p2a: Iron Bundle|2\/100\n|-damage|p1a: Mimikyu|0 fnt|[from] item: Life Orb\n|faint|p1a: Mimikyu\n|move|p2a: Iron Bundle|Freeze-Dry|p1: Mimikyu|[notarget]\n|-fail|p2a: Iron Bundle\n|\n|upkeep\n|inactive|wangwei140154 has 120 seconds left.\n|\n|t:|1699836137\n|switch|p1a: Gholdengo|Gholdengo|100\/100\n|turn|15\n|inactive|wangwei140154 has 120 seconds left.\n|\n|t:|1699836145\n|move|p2a: Iron Bundle|Hydro Pump|p1a: Gholdengo\n|-crit|p1a: Gholdengo\n|-damage|p1a: Gholdengo|15\/100\n|move|p1a: Gholdengo|Shadow Ball|p2a: Iron Bundle\n|-damage|p2a: Iron Bundle|0 fnt\n|faint|p2a: Iron Bundle\n|-end|p2a: Iron Bundle|Quark Drive|[silent]\n|\n|upkeep\n|\n|t:|1699836150\n|switch|p2a: Roaring Moon|Roaring Moon|26\/100\n|-damage|p2a: Roaring Moon|13\/100|[from] Stealth Rock\n|turn|16\n|inactive|wangwei140154 has 120 seconds left.\n|\n|t:|1699836173\n|switch|p1a: Moltres|Moltres|100\/100\n|-terastallize|p2a: Roaring Moon|Flying\n|move|p2a: Roaring Moon|Roost|p2a: Roaring Moon\n|-heal|p2a: Roaring Moon|63\/100\n|-hint|If a Flying Terastallized Pokemon uses Roost, it remains Flying-type.\n|\n|upkeep\n|turn|17\n|inactive|wangwei140154 has 120 seconds left.\n|\n|t:|1699836189\n|move|p2a: Roaring Moon|Dragon Dance|p2a: Roaring Moon\n|-boost|p2a: Roaring Moon|atk|1\n|-boost|p2a: Roaring Moon|spe|1\n|move|p1a: Moltres|Toxic|p2a: Roaring Moon\n|-status|p2a: Roaring Moon|tox\n|\n|-damage|p2a: Roaring Moon|57\/100 tox|[from] psn\n|upkeep\n|turn|18\n|\n|t:|1699836200\n|move|p2a: Roaring Moon|Knock Off|p1a: Moltres\n|-damage|p1a: Moltres|45\/100\n|-enditem|p1a: Moltres|Heavy-Duty Boots|[from] move: Knock Off|[of] p2a: Roaring Moon\n|move|p1a: Moltres|Roost|p1a: Moltres\n|-heal|p1a: Moltres|95\/100\n|-singleturn|p1a: Moltres|move: Roost\n|\n|-damage|p2a: Roaring Moon|46\/100 tox|[from] psn\n|upkeep\n|turn|19\n|\n|t:|1699836212\n|move|p2a: Roaring Moon|Acrobatics|p1a: Moltres\n|-damage|p1a: Moltres|30\/100\n|move|p1a: Moltres|Roost|p1a: Moltres\n|-heal|p1a: Moltres|80\/100\n|-singleturn|p1a: Moltres|move: Roost\n|\n|-damage|p2a: Roaring Moon|28\/100 tox|[from] psn\n|upkeep\n|turn|20\n|\n|t:|1699836234\n|move|p2a: Roaring Moon|Roost|p2a: Roaring Moon\n|-heal|p2a: Roaring Moon|78\/100 tox\n|-hint|If a Flying Terastallized Pokemon uses Roost, it remains Flying-type.\n|move|p1a: Moltres|Mystical Fire|p2a: Roaring Moon\n|-damage|p2a: Roaring Moon|46\/100 tox\n|-unboost|p2a: Roaring Moon|spa|1\n|\n|-damage|p2a: Roaring Moon|22\/100 tox|[from] psn\n|upkeep\n|turn|21\n|\n|t:|1699836248\n|move|p2a: Roaring Moon|Acrobatics|p1a: Moltres\n|-damage|p1a: Moltres|17\/100\n|move|p1a: Moltres|Roost|p1a: Moltres\n|-heal|p1a: Moltres|67\/100\n|-singleturn|p1a: Moltres|move: Roost\n|\n|-damage|p2a: Roaring Moon|0 fnt|[from] psn\n|faint|p2a: Roaring Moon\n|-end|p2a: Roaring Moon|Protosynthesis|[silent]\n|upkeep\n|\n|t:|1699836253\n|switch|p2a: Naganadel|Naganadel|32\/100\n|-damage|p2a: Naganadel|20\/100|[from] Stealth Rock\n|turn|22\n|\n|t:|1699836269\n|move|p2a: Naganadel|Draco Meteor|p1a: Moltres\n|-damage|p1a: Moltres|5\/100\n|-unboost|p2a: Naganadel|spa|2\n|move|p1a: Moltres|Scorching Sands|p2a: Naganadel\n|-supereffective|p2a: Naganadel\n|-damage|p2a: Naganadel|0 fnt\n|faint|p2a: Naganadel\n|\n|upkeep\n|\n|t:|1699836273\n|switch|p2a: Annihilape|Annihilape, M|100\/100\n|-damage|p2a: Annihilape|94\/100|[from] Stealth Rock\n|turn|23\n|\n|t:|1699836285\n|move|p2a: Annihilape|Poison Jab|p1a: Moltres\n|-damage|p1a: Moltres|0 fnt\n|faint|p1a: Moltres\n|\n|-heal|p2a: Annihilape|100\/100|[from] item: Leftovers\n|upkeep\n|\n|t:|1699836293\n|switch|p1a: Gholdengo|Gholdengo|15\/100\n|turn|24\n|\n|t:|1699836301\n|move|p2a: Annihilape|Rage Fist|p1a: Gholdengo\n|-supereffective|p1a: Gholdengo\n|-damage|p1a: Gholdengo|0 fnt\n|faint|p1a: Gholdengo\n|\n|upkeep\n|\n|t:|1699836307\n|switch|p1a: Ogerpon|Ogerpon-Wellspring, F|79\/100\n|turn|25\n|\n|t:|1699836317\n|move|p1a: Ogerpon|Ivy Cudgel|p2a: Annihilape\n|-damage|p2a: Annihilape|47\/100\n|move|p2a: Annihilape|Bulk Up|p2a: Annihilape\n|-boost|p2a: Annihilape|atk|1\n|-boost|p2a: Annihilape|def|1\n|\n|-heal|p2a: Annihilape|54\/100|[from] item: Leftovers\n|upkeep\n|turn|26\n|inactive|wangwei140154 has 120 seconds left.\n|\n|t:|1699836328\n|-terastallize|p1a: Ogerpon|Water\n|detailschange|p1a: Ogerpon|Ogerpon-Wellspring-Tera, F, tera:Water\n|-ability|p1a: Ogerpon|Embody Aspect (Wellspring)|boost\n|-boost|p1a: Ogerpon|spd|1\n|move|p1a: Ogerpon|Ivy Cudgel|p2a: Annihilape\n|-damage|p2a: Annihilape|0 fnt\n|faint|p2a: Annihilape\n|\n|win|wangwei140154\n|raw|wangwei140154's rating: 1040 &rarr; <strong>1084<\/strong><br \/>(+44 for winning)\n|raw|VerduOsane's rating: 1150 &rarr; <strong>1117<\/strong><br \/>(-33 for losing)\n|c|\u2606VerduOsane|I\u2019m offing myself\n","uploadtime":1699836344,"views":5,"p1id":"wangwei140154","p2id":"verduosane","formatid":"gen9nationaldexubers","rating":1084,"private":0,"password":""}