{"id":"gen9nationaldexubers-1990981568","p1":"sahoo2008","p2":"Svadharma","format":"[Gen 9] National Dex Ubers","log":"|j|\u2606sahoo2008\n|j|\u2606Svadharma\n|t:|1700022949\n|gametype|singles\n|player|p1|sahoo2008|pokekid|\n|player|p2|Svadharma|rei|\n|teamsize|p1|6\n|teamsize|p2|5\n|gen|9\n|tier|[Gen 9] National Dex Ubers\n|rule|HP Percentage Mod: HP is shown in percentages\n|rule|Endless Battle Clause: Forcing endless battles is banned\n|rule|OHKO Clause: OHKO moves are banned\n|rule|Evasion Moves Clause: Evasion moves are banned\n|rule|Evasion Items Clause: Evasion items are banned\n|rule|Species Clause: Limit one of each Pok\u00e9mon\n|rule|Sleep Clause Mod: Limit one foe put to sleep\n|rule|Mega Rayquaza Clause: You cannot mega evolve Rayquaza\n|clearpoke\n|poke|p1|Necrozma-Dusk-Mane|\n|poke|p1|Arceus-Dark|\n|poke|p1|Volcanion|\n|poke|p1|Xerneas-*|\n|poke|p1|Annihilape, F|\n|poke|p1|Deoxys-Attack|\n|poke|p2|Groudon|\n|poke|p2|Ho-Oh|\n|poke|p2|Zacian-*|\n|poke|p2|Necrozma-Dusk-Mane|\n|poke|p2|Arceus-Dark|\n|teampreview\n|inactive|Battle timer is ON: inactive players will automatically lose when time's up. (requested by sahoo2008)\n|\n|t:|1700022993\n|start\n|switch|p1a: Annihilape|Annihilape, F|100\/100\n|switch|p2a: Arceus|Arceus-Dark|100\/100\n|turn|1\n|\n|t:|1700023002\n|move|p2a: Arceus|Taunt|p1a: Annihilape\n|-start|p1a: Annihilape|move: Taunt\n|move|p1a: Annihilape|Close Combat|p2a: Arceus\n|-supereffective|p2a: Arceus\n|-damage|p2a: Arceus|47\/100\n|-unboost|p1a: Annihilape|def|1\n|-unboost|p1a: Annihilape|spd|1\n|\n|upkeep\n|turn|2\n|\n|t:|1700023020\n|switch|p2a: Zacian|Zacian-Crowned|100\/100\n|-ability|p2a: Zacian|Intrepid Sword|boost\n|-boost|p2a: Zacian|atk|1\n|-terastallize|p1a: Annihilape|Fighting\n|move|p1a: Annihilape|Brick Break|p2a: Zacian\n|-damage|p2a: Zacian|62\/100\n|\n|upkeep\n|turn|3\n|j| psbvehajs\n|\n|t:|1700023029\n|move|p2a: Zacian|Behemoth Blade|p1a: Annihilape\n|-damage|p1a: Annihilape|0 fnt\n|faint|p1a: Annihilape\n|\n|upkeep\n|\n|t:|1700023040\n|switch|p1a: Necrozma|Necrozma-Dusk-Mane|100\/100\n|turn|4\n|\n|t:|1700023045\n|move|p2a: Zacian|Crunch|p1a: Necrozma\n|-supereffective|p1a: Necrozma\n|-damage|p1a: Necrozma|50\/100\n|move|p1a: Necrozma|Earthquake|p2a: Zacian\n|-supereffective|p2a: Zacian\n|-damage|p2a: Zacian|0 fnt\n|faint|p2a: Zacian\n|\n|upkeep\n|\n|t:|1700023055\n|switch|p2a: Necrozma|Necrozma-Dusk-Mane|100\/100\n|turn|5\n|\n|t:|1700023061\n|detailschange|p2a: Necrozma|Necrozma-Ultra\n|-burst|p2a: Necrozma|Necrozma|Ultranecrozium Z\n|detailschange|p1a: Necrozma|Necrozma-Ultra\n|-burst|p1a: Necrozma|Necrozma|Ultranecrozium Z\n|move|p2a: Necrozma|Dragon Dance|p2a: Necrozma\n|-boost|p2a: Necrozma|atk|1\n|-boost|p2a: Necrozma|spe|1\n|move|p1a: Necrozma|Photon Geyser|p2a: Necrozma\n|-resisted|p2a: Necrozma\n|-damage|p2a: Necrozma|71\/100\n|\n|upkeep\n|turn|6\n|\n|t:|1700023080\n|switch|p1a: Xerneas|Xerneas|100\/100\n|-ability|p1a: Xerneas|Fairy Aura\n|move|p2a: Necrozma|Sunsteel Strike|p1a: Xerneas\n|-supereffective|p1a: Xerneas\n|-crit|p1a: Xerneas\n|-damage|p1a: Xerneas|0 fnt\n|faint|p1a: Xerneas\n|\n|upkeep\n|\n|t:|1700023090\n|switch|p1a: Deoxys|Deoxys-Attack|100\/100\n|-ability|p1a: Deoxys|Pressure\n|turn|7\n|\n|t:|1700023100\n|move|p2a: Necrozma|Sunsteel Strike|p1a: Deoxys\n|-damage|p1a: Deoxys|0 fnt\n|faint|p1a: Deoxys\n|\n|upkeep\n|\n|t:|1700023111\n|switch|p1a: Volcanion|Volcanion|100\/100\n|turn|8\n|\n|t:|1700023123\n|move|p2a: Necrozma|Earthquake|p1a: Volcanion\n|-supereffective|p1a: Volcanion\n|-damage|p1a: Volcanion|0 fnt\n|faint|p1a: Volcanion\n|\n|upkeep\n|\n|t:|1700023129\n|switch|p1a: Necrozma|Necrozma-Ultra|50\/100\n|turn|9\n|\n|t:|1700023137\n|move|p2a: Necrozma|Sunsteel Strike|p1a: Necrozma\n|-damage|p1a: Necrozma|0 fnt\n|faint|p1a: Necrozma\n|\n|upkeep\n|\n|t:|1700023142\n|switch|p1a: Arceus|Arceus-Dark|100\/100\n|turn|10\n|\n|t:|1700023149\n|move|p2a: Necrozma|Earthquake|p1a: Arceus\n|-damage|p1a: Arceus|57\/100\n|-zpower|p1a: Arceus\n|move|p1a: Arceus|Black Hole Eclipse|p2a: Necrozma|[zeffect]\n|-supereffective|p2a: Necrozma\n|-damage|p2a: Necrozma|0 fnt\n|faint|p2a: Necrozma\n|\n|upkeep\n|\n|t:|1700023154\n|switch|p2a: Ho-Oh|Ho-Oh|100\/100\n|turn|11\n|\n|t:|1700023164\n|move|p1a: Arceus|Foul Play|p2a: Ho-Oh\n|-damage|p2a: Ho-Oh|75\/100\n|move|p2a: Ho-Oh|Toxic|p1a: Arceus\n|-status|p1a: Arceus|tox\n|\n|-damage|p1a: Arceus|51\/100 tox|[from] psn\n|upkeep\n|turn|12\n|\n|t:|1700023174\n|move|p1a: Arceus|Judgment|p2a: Ho-Oh\n|-damage|p2a: Ho-Oh|60\/100\n|move|p2a: Ho-Oh|Sacred Fire|p1a: Arceus|[miss]\n|-miss|p2a: Ho-Oh|p1a: Arceus\n|\n|-damage|p1a: Arceus|38\/100 tox|[from] psn\n|upkeep\n|turn|13\n|\n|t:|1700023184\n|move|p1a: Arceus|Judgment|p2a: Ho-Oh\n|-damage|p2a: Ho-Oh|46\/100\n|move|p2a: Ho-Oh|Sacred Fire|p1a: Arceus\n|-damage|p1a: Arceus|7\/100 tox\n|\n|-damage|p1a: Arceus|0 fnt|[from] psn\n|faint|p1a: Arceus\n|\n|win|Svadharma\n|upkeep\n|l|\u2606sahoo2008\n","uploadtime":1700023201,"views":25,"p1id":"sahoo2008","p2id":"svadharma","formatid":"gen9nationaldexubers","rating":0,"private":0,"password":""}