{"id":"gen9nationaldexubers-1984550795","p1":"Krittapas","p2":"yxszd","format":"[Gen 9] National Dex Ubers","log":"|j|\u2606Krittapas\n|j|\u2606yxszd\n|t:|1699278903\n|gametype|singles\n|player|p1|Krittapas|steven|1378\n|player|p2|yxszd|dawn-gen4pt|1405\n|teamsize|p1|6\n|teamsize|p2|6\n|gen|9\n|tier|[Gen 9] National Dex Ubers\n|rated|\n|rule|HP Percentage Mod: HP is shown in percentages\n|rule|Endless Battle Clause: Forcing endless battles is banned\n|rule|OHKO Clause: OHKO moves are banned\n|rule|Evasion Moves Clause: Evasion moves are banned\n|rule|Evasion Items Clause: Evasion items are banned\n|rule|Species Clause: Limit one of each Pok\u00e9mon\n|rule|Sleep Clause Mod: Limit one foe put to sleep\n|rule|Mega Rayquaza Clause: You cannot mega evolve Rayquaza\n|clearpoke\n|poke|p1|Kyogre|\n|poke|p1|Marshadow|\n|poke|p1|Zacian-*|\n|poke|p1|Yveltal|\n|poke|p1|Pheromosa|\n|poke|p1|Xerneas-*|\n|poke|p2|Banette, M|\n|poke|p2|Alomomola, M|\n|poke|p2|Landorus-Therian, M|\n|poke|p2|Heatran, F|\n|poke|p2|Gholdengo|\n|poke|p2|Ursaluna-Bloodmoon, M|\n|teampreview\n|inactive|Battle timer is ON: inactive players will automatically lose when time's up. (requested by yxszd)\n|\n|t:|1699278918\n|start\n|switch|p1a: Yveltal|Yveltal, shiny|100\/100\n|switch|p2a: Landorus|Landorus-Therian, M|100\/100\n|-ability|p2a: Landorus|Intimidate|boost\n|-unboost|p1a: Yveltal|atk|1\n|-ability|p1a: Yveltal|Dark Aura\n|turn|1\n|\n|t:|1699278924\n|switch|p2a: Heatran|Heatran, F|100\/100\n|move|p1a: Yveltal|Tailwind|p1a: Yveltal\n|-sidestart|p1: Krittapas|move: Tailwind\n|\n|upkeep\n|turn|2\n|\n|t:|1699278934\n|move|p1a: Yveltal|Knock Off|p2a: Heatran\n|-damage|p2a: Heatran|51\/100\n|-enditem|p2a: Heatran|Leftovers|[from] move: Knock Off|[of] p1a: Yveltal\n|move|p2a: Heatran|Toxic|p1a: Yveltal\n|-status|p1a: Yveltal|tox\n|\n|-damage|p1a: Yveltal|94\/100 tox|[from] psn\n|upkeep\n|turn|3\n|\n|t:|1699278942\n|switch|p1a: Kyogre|Kyogre, shiny|100\/100\n|detailschange|p1a: Kyogre|Kyogre-Primal, shiny\n|-primal|p1a: Kyogre|Blue Orb\n|-weather|PrimordialSea|[from] ability: Primordial Sea|[of] p1a: Kyogre\n|move|p2a: Heatran|Magma Storm||[still]\n|-fail|p2a: Heatran|Magma Storm|[from] Primordial Sea\n|\n|-weather|PrimordialSea|[upkeep]\n|upkeep\n|turn|4\n|\n|t:|1699278951\n|move|p1a: Kyogre|Water Spout|p2a: Heatran\n|-supereffective|p2a: Heatran\n|-damage|p2a: Heatran|0 fnt\n|faint|p2a: Heatran\n|\n|-weather|PrimordialSea|[upkeep]\n|-sideend|p1: Krittapas|move: Tailwind\n|upkeep\n|\n|t:|1699278956\n|switch|p2a: Landorus|Landorus-Therian, M|100\/100\n|-ability|p2a: Landorus|Intimidate|boost\n|-unboost|p1a: Kyogre|atk|1\n|turn|5\n|\n|t:|1699278961\n|-weather|none\n|switch|p1a: Yveltal|Yveltal, shiny|94\/100 tox\n|-ability|p1a: Yveltal|Dark Aura\n|-zpower|p2a: Landorus\n|move|p2a: Landorus|Supersonic Skystrike|p1a: Yveltal|[zeffect]\n|-damage|p1a: Yveltal|14\/100 tox\n|\n|-damage|p1a: Yveltal|8\/100 tox|[from] psn\n|upkeep\n|turn|6\n|\n|t:|1699278972\n|move|p1a: Yveltal|Sucker Punch||[still]\n|-fail|p1a: Yveltal\n|move|p2a: Landorus|Stealth Rock|p1a: Yveltal\n|-sidestart|p1: Krittapas|move: Stealth Rock\n|\n|-damage|p1a: Yveltal|0 fnt|[from] psn\n|faint|p1a: Yveltal\n|upkeep\n|\n|t:|1699278983\n|switch|p1a: Kyogre|Kyogre-Primal, shiny|100\/100\n|-damage|p1a: Kyogre|88\/100|[from] Stealth Rock\n|-weather|PrimordialSea|[from] ability: Primordial Sea|[of] p1a: Kyogre\n|turn|7\n|\n|t:|1699279004\n|move|p2a: Landorus|Earthquake|p1a: Kyogre\n|-damage|p1a: Kyogre|28\/100\n|move|p1a: Kyogre|Origin Pulse|p2a: Landorus\n|-supereffective|p2a: Landorus\n|-damage|p2a: Landorus|0 fnt\n|faint|p2a: Landorus\n|\n|-weather|PrimordialSea|[upkeep]\n|upkeep\n|\n|t:|1699279008\n|switch|p2a: Gholdengo|Gholdengo|100\/100\n|turn|8\n|\n|t:|1699279016\n|move|p2a: Gholdengo|Thunderbolt|p1a: Kyogre\n|-supereffective|p1a: Kyogre\n|-damage|p1a: Kyogre|0 fnt\n|faint|p1a: Kyogre\n|-weather|none\n|\n|upkeep\n|\n|t:|1699279020\n|switch|p1a: Marshadow|Marshadow|100\/100\n|-damage|p1a: Marshadow|94\/100|[from] Stealth Rock\n|turn|9\n|\n|t:|1699279024\n|switch|p2a: Alomomola|Alomomola, M, shiny|100\/100\n|move|p1a: Marshadow|Spectral Thief|p2a: Alomomola\n|-damage|p2a: Alomomola|74\/100\n|-damage|p1a: Marshadow|78\/100|[from] item: Rocky Helmet|[of] p2a: Alomomola\n|\n|upkeep\n|turn|10\n|\n|t:|1699279041\n|move|p1a: Marshadow|Close Combat|p2a: Alomomola\n|-damage|p2a: Alomomola|44\/100\n|-unboost|p1a: Marshadow|def|1\n|-unboost|p1a: Marshadow|spd|1\n|-damage|p1a: Marshadow|61\/100|[from] item: Rocky Helmet|[of] p2a: Alomomola\n|move|p2a: Alomomola|Wish|p2a: Alomomola\n|\n|upkeep\n|turn|11\n|\n|t:|1699279049\n|switch|p1a: Xerneas|Xerneas|100\/100\n|-damage|p1a: Xerneas|88\/100|[from] Stealth Rock\n|-ability|p1a: Xerneas|Fairy Aura\n|move|p2a: Alomomola|Toxic|p1a: Xerneas\n|-status|p1a: Xerneas|tox\n|\n|-heal|p2a: Alomomola|94\/100|[from] move: Wish|[wisher] Alomomola\n|-damage|p1a: Xerneas|82\/100 tox|[from] psn\n|upkeep\n|turn|12\n|\n|t:|1699279058\n|move|p1a: Xerneas|Geomancy||[still]\n|-prepare|p1a: Xerneas|Geomancy\n|-enditem|p1a: Xerneas|Power Herb\n|-anim|p1a: Xerneas|Geomancy|p1a: Xerneas\n|-boost|p1a: Xerneas|spa|2\n|-boost|p1a: Xerneas|spd|2\n|-boost|p1a: Xerneas|spe|2\n|move|p2a: Alomomola|Flip Turn|p1a: Xerneas\n|-damage|p1a: Xerneas|69\/100 tox\n|\n|t:|1699279064\n|switch|p2a: Banette|Banette, M|100\/100|[from] Flip Turn\n|\n|-damage|p1a: Xerneas|56\/100 tox|[from] psn\n|upkeep\n|turn|13\n|\n|t:|1699279068\n|detailschange|p2a: Banette|Banette-Mega, M\n|-mega|p2a: Banette|Banette|Banettite\n|move|p2a: Banette|Encore|p1a: Xerneas\n|-start|p1a: Xerneas|Encore\n|move|p1a: Xerneas|Geomancy||[still]\n|-prepare|p1a: Xerneas|Geomancy\n|\n|-damage|p1a: Xerneas|38\/100 tox|[from] psn\n|upkeep\n|turn|14\n|\n|t:|1699279074\n|move|p1a: Xerneas|Geomancy|p1a: Xerneas|[from]lockedmove\n|-boost|p1a: Xerneas|spa|2\n|-boost|p1a: Xerneas|spd|2\n|-boost|p1a: Xerneas|spe|2\n|move|p2a: Banette|Poltergeist||[still]\n|-fail|p2a: Banette\n|\n|-damage|p1a: Xerneas|13\/100 tox|[from] psn\n|upkeep\n|turn|15\n|\n|t:|1699279079\n|move|p1a: Xerneas|Geomancy||[still]\n|-prepare|p1a: Xerneas|Geomancy\n|move|p2a: Banette|Infestation|p1a: Xerneas\n|-resisted|p1a: Xerneas\n|-damage|p1a: Xerneas|13\/100 tox\n|-activate|p1a: Xerneas|move: Infestation|[of] p2a: Banette\n|\n|-damage|p1a: Xerneas|0 fnt|[from] psn\n|faint|p1a: Xerneas\n|upkeep\n|\n|t:|1699279083\n|switch|p1a: Zacian|Zacian-Crowned, shiny|100\/100\n|-damage|p1a: Zacian|94\/100|[from] Stealth Rock\n|-ability|p1a: Zacian|Intrepid Sword|boost\n|-boost|p1a: Zacian|atk|1\n|turn|16\n|\n|t:|1699279095\n|switch|p2a: Gholdengo|Gholdengo|100\/100\n|move|p1a: Zacian|Behemoth Blade|p2a: Gholdengo\n|-resisted|p2a: Gholdengo\n|-damage|p2a: Gholdengo|48\/100\n|\n|upkeep\n|turn|17\n|\n|t:|1699279103\n|move|p1a: Zacian|Behemoth Blade|p2a: Gholdengo\n|-resisted|p2a: Gholdengo\n|-damage|p2a: Gholdengo|0 fnt\n|faint|p2a: Gholdengo\n|\n|upkeep\n|\n|t:|1699279109\n|switch|p2a: Ursaluna|Ursaluna-Bloodmoon, M|100\/100\n|turn|18\n|\n|t:|1699279119\n|switch|p1a: Marshadow|Marshadow|61\/100\n|-damage|p1a: Marshadow|55\/100|[from] Stealth Rock\n|move|p2a: Ursaluna|Earth Power|p1a: Marshadow\n|-damage|p1a: Marshadow|0 fnt\n|faint|p1a: Marshadow\n|\n|upkeep\n|\n|t:|1699279125\n|switch|p1a: Pheromosa|Pheromosa|100\/100\n|-damage|p1a: Pheromosa|88\/100|[from] Stealth Rock\n|turn|19\n|\n|t:|1699279131\n|switch|p2a: Alomomola|Alomomola, M, shiny|100\/100\n|move|p1a: Pheromosa|Lunge|p2a: Alomomola\n|-damage|p2a: Alomomola|78\/100\n|-unboost|p2a: Alomomola|atk|1\n|-damage|p1a: Pheromosa|72\/100|[from] item: Rocky Helmet|[of] p2a: Alomomola\n|\n|upkeep\n|turn|20\n|\n|t:|1699279139\n|switch|p1a: Zacian|Zacian-Crowned, shiny|94\/100\n|-damage|p1a: Zacian|88\/100|[from] Stealth Rock\n|move|p2a: Alomomola|Wish|p2a: Alomomola\n|\n|upkeep\n|turn|21\n|\n|t:|1699279144\n|move|p1a: Zacian|Play Rough|p2a: Alomomola\n|-crit|p2a: Alomomola\n|-damage|p2a: Alomomola|39\/100\n|-damage|p1a: Zacian|72\/100|[from] item: Rocky Helmet|[of] p2a: Alomomola\n|move|p2a: Alomomola|Flip Turn|p1a: Zacian\n|-damage|p1a: Zacian|62\/100\n|\n|t:|1699279148\n|switch|p2a: Ursaluna|Ursaluna-Bloodmoon, M|100\/100|[from] Flip Turn\n|\n|upkeep\n|turn|22\n|\n|t:|1699279159\n|move|p1a: Zacian|Play Rough|p2a: Ursaluna|[miss]\n|-miss|p1a: Zacian|p2a: Ursaluna\n|move|p2a: Ursaluna|Earth Power|p1a: Zacian\n|-supereffective|p1a: Zacian\n|-damage|p1a: Zacian|0 fnt\n|faint|p1a: Zacian\n|\n|upkeep\n|\n|t:|1699279161\n|switch|p1a: Pheromosa|Pheromosa|72\/100\n|-damage|p1a: Pheromosa|59\/100|[from] Stealth Rock\n|turn|23\n|\n|t:|1699279164\n|move|p1a: Pheromosa|Close Combat|p2a: Ursaluna\n|-supereffective|p2a: Ursaluna\n|-damage|p2a: Ursaluna|9\/100\n|-unboost|p1a: Pheromosa|def|1\n|-unboost|p1a: Pheromosa|spd|1\n|move|p2a: Ursaluna|Blood Moon|p1a: Pheromosa\n|-damage|p1a: Pheromosa|0 fnt\n|faint|p1a: Pheromosa\n|\n|win|yxszd\n|raw|Krittapas's rating: 1378 &rarr; <strong>1360<\/strong><br \/>(-18 for losing)\n|raw|yxszd's rating: 1405 &rarr; <strong>1423<\/strong><br \/>(+18 for winning)\n|l|\u2606Krittapas\n","uploadtime":1699279196,"views":5,"p1id":"krittapas","p2id":"yxszd","formatid":"gen9nationaldexubers","rating":1360,"private":0,"password":""}