{"id":"gen9nationaldexubers-1996074798","p1":"Svmw","p2":"Shitskrieg7","format":"[Gen 9] National Dex Ubers","log":"|j|\u2606Svmw\n|j|\u2606Shitskrieg7\n|t:|1700639902\n|gametype|singles\n|player|p1|Svmw|169|1086\n|player|p2|Shitskrieg7|ninjaboy|1051\n|teamsize|p1|6\n|teamsize|p2|6\n|gen|9\n|tier|[Gen 9] National Dex Ubers\n|rated|\n|rule|HP Percentage Mod: HP is shown in percentages\n|rule|Endless Battle Clause: Forcing endless battles is banned\n|rule|OHKO Clause: OHKO moves are banned\n|rule|Evasion Moves Clause: Evasion moves are banned\n|rule|Evasion Items Clause: Evasion items are banned\n|rule|Species Clause: Limit one of each Pok\u00e9mon\n|rule|Sleep Clause Mod: Limit one foe put to sleep\n|rule|Mega Rayquaza Clause: You cannot mega evolve Rayquaza\n|clearpoke\n|poke|p1|Swampert, F|\n|poke|p1|Basculegion, M|\n|poke|p1|Crawdaunt, M|\n|poke|p1|Forretress, F|\n|poke|p1|Victini|\n|poke|p1|Groudon|\n|poke|p2|Xerneas-*|\n|poke|p2|Marshadow|\n|poke|p2|Groudon|\n|poke|p2|Deoxys-Speed|\n|poke|p2|Necrozma-Dusk-Mane|\n|poke|p2|Pheromosa|\n|teampreview\n|inactive|Battle timer is ON: inactive players will automatically lose when time's up. (requested by Shitskrieg7)\n|\n|t:|1700639912\n|start\n|switch|p1a: Forretress|Forretress, F|100\/100\n|switch|p2a: Deoxys|Deoxys-Speed, shiny|100\/100\n|-ability|p2a: Deoxys|Pressure\n|turn|1\n|\n|t:|1700639917\n|move|p2a: Deoxys|Taunt|p1a: Forretress\n|-start|p1a: Forretress|move: Taunt\n|move|p1a: Forretress|Rapid Spin|p2a: Deoxys\n|-crit|p2a: Deoxys\n|-damage|p2a: Deoxys|70\/100\n|-boost|p1a: Forretress|spe|1\n|\n|upkeep\n|turn|2\n|\n|t:|1700639920\n|-terastallize|p2a: Deoxys|Ghost\n|move|p2a: Deoxys|Stealth Rock|p1a: Forretress\n|-sidestart|p1: Svmw|move: Stealth Rock\n|move|p1a: Forretress|Rapid Spin|p2a: Deoxys\n|-immune|p2a: Deoxys\n|\n|upkeep\n|turn|3\n|\n|t:|1700639925\n|move|p2a: Deoxys|Spikes|p1a: Forretress\n|-sidestart|p1: Svmw|Spikes\n|move|p1a: Forretress|Gyro Ball|p2a: Deoxys\n|-damage|p2a: Deoxys|9\/100\n|\n|-end|p1a: Forretress|move: Taunt\n|upkeep\n|turn|4\n|\n|t:|1700639929\n|move|p2a: Deoxys|Taunt|p1a: Forretress\n|-start|p1a: Forretress|move: Taunt\n|move|p1a: Forretress|Gyro Ball|p2a: Deoxys\n|-damage|p2a: Deoxys|0 fnt\n|faint|p2a: Deoxys\n|\n|upkeep\n|\n|t:|1700639936\n|switch|p2a: Groudon|Groudon, shiny|100\/100\n|detailschange|p2a: Groudon|Groudon-Primal, shiny\n|-primal|p2a: Groudon|Red Orb\n|-weather|DesolateLand|[from] ability: Desolate Land|[of] p2a: Groudon\n|turn|5\n|\n|t:|1700639944\n|move|p2a: Groudon|Flamethrower|p1a: Forretress\n|-supereffective|p1a: Forretress\n|-ability|p1a: Forretress|Sturdy\n|-damage|p1a: Forretress|1\/100\n|move|p1a: Forretress|Rapid Spin|p2a: Groudon\n|-damage|p2a: Groudon|90\/100\n|-boost|p1a: Forretress|spe|1\n|-sideend|p1: Svmw|Spikes|[from] move: Rapid Spin|[of] p1a: Forretress\n|-sideend|p1: Svmw|Stealth Rock|[from] move: Rapid Spin|[of] p1a: Forretress\n|\n|-weather|DesolateLand|[upkeep]\n|upkeep\n|turn|6\n|\n|t:|1700639949\n|switch|p1a: Crawdaunt|Crawdaunt, M|100\/100\n|move|p2a: Groudon|Flamethrower|p1a: Crawdaunt\n|-resisted|p1a: Crawdaunt\n|-damage|p1a: Crawdaunt|8\/100\n|\n|-weather|DesolateLand|[upkeep]\n|upkeep\n|turn|7\n|\n|t:|1700639953\n|move|p2a: Groudon|Flamethrower|p1a: Crawdaunt\n|-resisted|p1a: Crawdaunt\n|-damage|p1a: Crawdaunt|0 fnt\n|faint|p1a: Crawdaunt\n|\n|-weather|DesolateLand|[upkeep]\n|upkeep\n|\n|t:|1700639956\n|switch|p1a: Forretress|Forretress, F|1\/100\n|turn|8\n|\n|t:|1700639960\n|move|p2a: Groudon|Flamethrower|p1a: Forretress\n|-supereffective|p1a: Forretress\n|-damage|p1a: Forretress|0 fnt\n|faint|p1a: Forretress\n|\n|-weather|DesolateLand|[upkeep]\n|upkeep\n|\n|t:|1700639963\n|switch|p1a: Groudon|Groudon|100\/100\n|detailschange|p1a: Groudon|Groudon-Primal\n|-primal|p1a: Groudon|Red Orb\n|turn|9\n|\n|t:|1700639976\n|move|p2a: Groudon|Earth Power|p1a: Groudon\n|-supereffective|p1a: Groudon\n|-damage|p1a: Groudon|0 fnt\n|faint|p1a: Groudon\n|\n|-weather|DesolateLand|[upkeep]\n|upkeep\n|\n|t:|1700639981\n|switch|p1a: Swampert|Swampert, F|100\/100\n|turn|10\n|\n|t:|1700639986\n|move|p2a: Groudon|Solar Beam||[still]\n|-prepare|p2a: Groudon|Solar Beam\n|-anim|p2a: Groudon|Solar Beam|p1a: Swampert\n|-supereffective|p1a: Swampert\n|-damage|p1a: Swampert|0 fnt\n|faint|p1a: Swampert\n|\n|-weather|DesolateLand|[upkeep]\n|upkeep\n|\n|t:|1700639990\n|switch|p1a: Victini|Victini|100\/100\n|turn|11\n|\n|t:|1700639999\n|-terastallize|p1a: Victini|Fire\n|move|p1a: Victini|V-create|p2a: Groudon\n|-resisted|p2a: Groudon\n|-damage|p2a: Groudon|40\/100\n|-unboost|p1a: Victini|spe|1\n|-unboost|p1a: Victini|def|1\n|-unboost|p1a: Victini|spd|1\n|move|p2a: Groudon|Rock Polish|p2a: Groudon\n|-boost|p2a: Groudon|spe|2\n|\n|-weather|DesolateLand|[upkeep]\n|upkeep\n|turn|12\n|\n|t:|1700640004\n|move|p2a: Groudon|Earth Power|p1a: Victini\n|-supereffective|p1a: Victini\n|-damage|p1a: Victini|0 fnt\n|faint|p1a: Victini\n|\n|-weather|DesolateLand|[upkeep]\n|upkeep\n|\n|t:|1700640006\n|switch|p1a: Basculegion|Basculegion, M|100\/100\n|turn|13\n|\n|t:|1700640008\n|move|p2a: Groudon|Solar Beam||[still]\n|-prepare|p2a: Groudon|Solar Beam\n|-anim|p2a: Groudon|Solar Beam|p1a: Basculegion\n|-supereffective|p1a: Basculegion\n|-damage|p1a: Basculegion|0 fnt\n|faint|p1a: Basculegion\n|\n|win|Shitskrieg7\n|raw|Svmw's rating: 1086 &rarr; <strong>1064<\/strong><br \/>(-22 for losing)\n|raw|Shitskrieg7's rating: 1093 &rarr; <strong>1119<\/strong><br \/>(+26 for winning)\n","uploadtime":1700640011,"views":0,"p1id":"svmw","p2id":"shitskrieg7","formatid":"gen9nationaldexubers","rating":1064,"private":0,"password":""}