{"id":"gen9nationaldexubers-1980076610","p1":"aquiles meo","p2":"dns77777777777","format":"[Gen 9] National Dex Ubers","log":"|j|\u2606aquiles meo\n|j|\u2606dns77777777777\n|t:|1698754785\n|gametype|singles\n|player|p1|aquiles meo|ethan|1123\n|player|p2|dns77777777777|266|1037\n|teamsize|p1|6\n|teamsize|p2|6\n|gen|9\n|tier|[Gen 9] National Dex Ubers\n|rated|\n|rule|HP Percentage Mod: HP is shown in percentages\n|rule|Endless Battle Clause: Forcing endless battles is banned\n|rule|OHKO Clause: OHKO moves are banned\n|rule|Evasion Moves Clause: Evasion moves are banned\n|rule|Evasion Items Clause: Evasion items are banned\n|rule|Species Clause: Limit one of each Pok\u00e9mon\n|rule|Sleep Clause Mod: Limit one foe put to sleep\n|rule|Mega Rayquaza Clause: You cannot mega evolve Rayquaza\n|clearpoke\n|poke|p1|Jirachi|\n|poke|p1|Ho-Oh|\n|poke|p1|Rayquaza|\n|poke|p1|Pidgeot, M|\n|poke|p1|Lucario, M|\n|poke|p1|Luxray, M|\n|poke|p2|Charizard, M|\n|poke|p2|Venusaur, M|\n|poke|p2|Annihilape, F|\n|poke|p2|Dragonite, M|\n|poke|p2|Heatran, F|\n|poke|p2|Walking Wake|\n|teampreview\n|\n|t:|1698754792\n|start\n|switch|p1a: Jirachi|Jirachi, shiny|100\/100\n|switch|p2a: Annihilape|Annihilape, F|100\/100\n|turn|1\n|\n|t:|1698754807\n|move|p1a: Jirachi|Iron Head|p2a: Annihilape\n|-damage|p2a: Annihilape|71\/100\n|move|p2a: Annihilape|Taunt|p1a: Jirachi\n|-start|p1a: Jirachi|move: Taunt\n|\n|-heal|p2a: Annihilape|77\/100|[from] item: Leftovers\n|upkeep\n|turn|2\n|\n|t:|1698754818\n|move|p1a: Jirachi|Doom Desire|p2a: Annihilape\n|-start|p1a: Jirachi|Doom Desire\n|move|p2a: Annihilape|Bulk Up|p2a: Annihilape\n|-boost|p2a: Annihilape|atk|1\n|-boost|p2a: Annihilape|def|1\n|\n|-heal|p2a: Annihilape|83\/100|[from] item: Leftovers\n|upkeep\n|turn|3\n|\n|t:|1698754833\n|move|p1a: Jirachi|Zen Headbutt|p2a: Annihilape\n|-supereffective|p2a: Annihilape\n|-damage|p2a: Annihilape|42\/100\n|move|p2a: Annihilape|Bulk Up|p2a: Annihilape\n|-boost|p2a: Annihilape|atk|1\n|-boost|p2a: Annihilape|def|1\n|\n|-heal|p2a: Annihilape|48\/100|[from] item: Leftovers\n|upkeep\n|turn|4\n|\n|t:|1698754848\n|move|p1a: Jirachi|Iron Head|p2a: Annihilape\n|-damage|p2a: Annihilape|35\/100\n|move|p2a: Annihilape|Rage Fist|p1a: Jirachi\n|-supereffective|p1a: Jirachi\n|-damage|p1a: Jirachi|0 fnt\n|faint|p1a: Jirachi\n|\n|-end|p2a: Annihilape|move: Doom Desire\n|-crit|p2a: Annihilape\n|-damage|p2a: Annihilape|0 fnt\n|faint|p2a: Annihilape\n|upkeep\n|\n|t:|1698754861\n|switch|p1a: Ho-Oh|Ho-Oh, shiny|100\/100\n|switch|p2a: Charizard|Charizard, M, shiny|100\/100\n|turn|5\n|\n|t:|1698754872\n|detailschange|p2a: Charizard|Charizard-Mega-Y, M, shiny\n|-mega|p2a: Charizard|Charizard|Charizardite Y\n|-weather|SunnyDay|[from] ability: Drought|[of] p2a: Charizard\n|move|p2a: Charizard|Dragon Pulse|p1a: Ho-Oh\n|-damage|p1a: Ho-Oh|80\/100\n|move|p1a: Ho-Oh|Ancient Power|p2a: Charizard\n|-supereffective|p2a: Charizard\n|-damage|p2a: Charizard|21\/100\n|\n|-weather|SunnyDay|[upkeep]\n|upkeep\n|turn|6\n|\n|t:|1698754884\n|move|p2a: Charizard|Dragon Pulse|p1a: Ho-Oh\n|-damage|p1a: Ho-Oh|59\/100\n|move|p1a: Ho-Oh|Burn Up|p2a: Charizard\n|-resisted|p2a: Charizard\n|-damage|p2a: Charizard|0 fnt\n|-start|p1a: Ho-Oh|typechange|???\/Flying|[from] move: Burn Up\n|faint|p2a: Charizard\n|\n|-weather|SunnyDay|[upkeep]\n|upkeep\n|\n|t:|1698754896\n|switch|p2a: Walking Wake|Walking Wake|100\/100\n|-activate|p2a: Walking Wake|ability: Protosynthesis\n|-start|p2a: Walking Wake|protosynthesisspa\n|turn|7\n|\n|t:|1698754914\n|move|p2a: Walking Wake|Hydro Steam|p1a: Ho-Oh\n|-damage|p1a: Ho-Oh|4\/100\n|move|p1a: Ho-Oh|Calm Mind|p1a: Ho-Oh\n|-boost|p1a: Ho-Oh|spa|1\n|-boost|p1a: Ho-Oh|spd|1\n|\n|-weather|SunnyDay|[upkeep]\n|upkeep\n|turn|8\n|\n|t:|1698754921\n|switch|p1a: Rayquaza|Rayquaza, shiny|100\/100\n|-enditem|p2a: Walking Wake|Booster Energy\n|-ability|p1a: Rayquaza|Air Lock\n|-end|p2a: Walking Wake|Protosynthesis\n|move|p2a: Walking Wake|Hydro Steam|p1a: Rayquaza\n|-resisted|p1a: Rayquaza\n|-damage|p1a: Rayquaza|78\/100\n|\n|-weather|SunnyDay|[upkeep]\n|upkeep\n|turn|9\n|\n|t:|1698754946\n|-terastallize|p1a: Rayquaza|Flying\n|move|p2a: Walking Wake|Dragon Pulse|p1a: Rayquaza\n|-damage|p1a: Rayquaza|30\/100\n|move|p1a: Rayquaza|Dragon Claw|p2a: Walking Wake\n|-supereffective|p2a: Walking Wake\n|-damage|p2a: Walking Wake|5\/100\n|\n|-weather|none\n|upkeep\n|turn|10\n|\n|t:|1698754957\n|move|p1a: Rayquaza|Extreme Speed|p2a: Walking Wake\n|-damage|p2a: Walking Wake|0 fnt\n|faint|p2a: Walking Wake\n|-end|p2a: Walking Wake|Protosynthesis|[silent]\n|\n|upkeep\n|\n|t:|1698754963\n|switch|p2a: Dragonite|Dragonite, M|100\/100\n|turn|11\n|\n|t:|1698754977\n|switch|p1a: Ho-Oh|Ho-Oh, shiny|38\/100\n|move|p2a: Dragonite|Dragon Dance|p2a: Dragonite\n|-boost|p2a: Dragonite|atk|1\n|-boost|p2a: Dragonite|spe|1\n|\n|upkeep\n|turn|12\n|\n|t:|1698754991\n|move|p2a: Dragonite|Dragon Dance|p2a: Dragonite\n|-boost|p2a: Dragonite|atk|1\n|-boost|p2a: Dragonite|spe|1\n|move|p1a: Ho-Oh|Burn Up|p2a: Dragonite\n|-resisted|p2a: Dragonite\n|-damage|p2a: Dragonite|84\/100\n|-start|p1a: Ho-Oh|typechange|???\/Flying|[from] move: Burn Up\n|\n|-heal|p2a: Dragonite|90\/100|[from] item: Leftovers\n|upkeep\n|turn|13\n|\n|t:|1698755004\n|-terastallize|p2a: Dragonite|Normal\n|move|p2a: Dragonite|Extreme Speed|p1a: Ho-Oh\n|-damage|p1a: Ho-Oh|0 fnt\n|faint|p1a: Ho-Oh\n|\n|-heal|p2a: Dragonite|96\/100|[from] item: Leftovers\n|upkeep\n|\n|t:|1698755015\n|switch|p1a: Lucario|Lucario, M, shiny|100\/100\n|turn|14\n|\n|t:|1698755023\n|detailschange|p1a: Lucario|Lucario-Mega, M, shiny\n|-mega|p1a: Lucario|Lucario|Lucarionite\n|move|p2a: Dragonite|Earthquake|p1a: Lucario\n|-supereffective|p1a: Lucario\n|-damage|p1a: Lucario|0 fnt\n|faint|p1a: Lucario\n|\n|-heal|p2a: Dragonite|100\/100|[from] item: Leftovers\n|upkeep\n|\n|t:|1698755029\n|switch|p1a: Rayquaza|Rayquaza, shiny, tera:Flying|30\/100\n|-ability|p1a: Rayquaza|Air Lock\n|turn|15\n|inactive|Battle timer is ON: inactive players will automatically lose when time's up. (requested by dns77777777777)\n|\n|t:|1698755060\n|move|p2a: Dragonite|Extreme Speed|p1a: Rayquaza\n|-damage|p1a: Rayquaza|0 fnt\n|faint|p1a: Rayquaza\n|\n|upkeep\n|\n|t:|1698755063\n|switch|p1a: Pidgeot|Pidgeot, M, shiny|100\/100\n|turn|16\n|\n|t:|1698755068\n|move|p2a: Dragonite|Extreme Speed|p1a: Pidgeot\n|-damage|p1a: Pidgeot|0 fnt\n|faint|p1a: Pidgeot\n|\n|upkeep\n|\n|t:|1698755071\n|switch|p1a: Luxray|Luxray, M, shiny|100\/100\n|turn|17\n|\n|t:|1698755088\n|move|p2a: Dragonite|Earthquake|p1a: Luxray\n|-supereffective|p1a: Luxray\n|-damage|p1a: Luxray|0 fnt\n|faint|p1a: Luxray\n|\n|win|dns77777777777\n|raw|aquiles meo's rating: 1123 &rarr; <strong>1092<\/strong><br \/>(-31 for losing)\n|raw|dns77777777777's rating: 1037 &rarr; <strong>1080<\/strong><br \/>(+43 for winning)\n","uploadtime":1698755098,"views":5,"p1id":"aquilesmeo","p2id":"dns77777777777","formatid":"gen9nationaldexubers","rating":1080,"private":0,"password":""}