{"id":"gen9nationaldexubers-1991503893","p1":"INSECT-M0DE\ufe0f\u2733\ufe0f","p2":"JayTheJoker0","format":"[Gen 9] National Dex Ubers","log":"|j|\u2606INSECT-M0DE\ufe0f\u2733\ufe0f\n|j|\u2606JayTheJoker0\n|t:|1700082962\n|gametype|singles\n|player|p1|INSECT-M0DE\ufe0f\u2733\ufe0f|viola|1116\n|player|p2|JayTheJoker0|265|1195\n|teamsize|p1|6\n|teamsize|p2|6\n|gen|9\n|tier|[Gen 9] National Dex Ubers\n|rated|\n|rule|HP Percentage Mod: HP is shown in percentages\n|rule|Endless Battle Clause: Forcing endless battles is banned\n|rule|OHKO Clause: OHKO moves are banned\n|rule|Evasion Moves Clause: Evasion moves are banned\n|rule|Evasion Items Clause: Evasion items are banned\n|rule|Species Clause: Limit one of each Pok\u00e9mon\n|rule|Sleep Clause Mod: Limit one foe put to sleep\n|rule|Mega Rayquaza Clause: You cannot mega evolve Rayquaza\n|clearpoke\n|poke|p1|Ariados, F|\n|poke|p1|Masquerain, F|\n|poke|p1|Kleavor, F|\n|poke|p1|Heracross, M|\n|poke|p1|Vespiquen, F|\n|poke|p1|Arceus-Bug|\n|poke|p2|Jolteon, F|\n|poke|p2|Umbreon, F|\n|poke|p2|Espeon, M|\n|poke|p2|Sylveon, F|\n|poke|p2|Glaceon, F|\n|poke|p2|Flareon, M|\n|teampreview\n|\n|t:|1700082972\n|start\n|switch|p1a: \ud83d\udd78ARIADOS\ud83d\udd78\ud83d\udd77|Ariados, F, shiny|100\/100\n|switch|p2a: Jolteon|Jolteon, F|100\/100\n|turn|1\n|\n|t:|1700082982\n|move|p2a: Jolteon|Calm Mind|p2a: Jolteon\n|-boost|p2a: Jolteon|spa|1\n|-boost|p2a: Jolteon|spd|1\n|move|p1a: \ud83d\udd78ARIADOS\ud83d\udd78\ud83d\udd77|Sticky Web|p2a: Jolteon\n|-sidestart|p2: JayTheJoker0|move: Sticky Web\n|\n|upkeep\n|turn|2\n|\n|t:|1700082990\n|move|p2a: Jolteon|Discharge|p1a: \ud83d\udd78ARIADOS\ud83d\udd78\ud83d\udd77\n|-enditem|p1a: \ud83d\udd78ARIADOS\ud83d\udd78\ud83d\udd77|Focus Sash\n|-damage|p1a: \ud83d\udd78ARIADOS\ud83d\udd78\ud83d\udd77|1\/100\n|-damage|p2a: Jolteon|91\/100|[from] item: Life Orb\n|move|p1a: \ud83d\udd78ARIADOS\ud83d\udd78\ud83d\udd77|String Shot|p2a: Jolteon\n|-unboost|p2a: Jolteon|spe|2\n|\n|upkeep\n|turn|3\n|\n|t:|1700083002\n|move|p2a: Jolteon|Discharge|p1a: \ud83d\udd78ARIADOS\ud83d\udd78\ud83d\udd77\n|-damage|p1a: \ud83d\udd78ARIADOS\ud83d\udd78\ud83d\udd77|0 fnt\n|faint|p1a: \ud83d\udd78ARIADOS\ud83d\udd78\ud83d\udd77\n|-damage|p2a: Jolteon|81\/100|[from] item: Life Orb\n|\n|upkeep\n|inactive|Battle timer is ON: inactive players will automatically lose when time's up. (requested by JayTheJoker0)\n|\n|t:|1700083021\n|switch|p1a: \ud83e\udea8\ud83d\udd78KLEAVOR\ud83d\udd78\ud83e\udea8|Kleavor, F, shiny|100\/100\n|turn|4\n|\n|t:|1700083033\n|move|p1a: \ud83e\udea8\ud83d\udd78KLEAVOR\ud83d\udd78\ud83e\udea8|Stone Edge|p2a: Jolteon\n|-damage|p2a: Jolteon|0 fnt\n|faint|p2a: Jolteon\n|\n|upkeep\n|\n|t:|1700083043\n|switch|p2a: Umbreon|Umbreon, F|100\/100\n|-activate|p2a: Umbreon|move: Sticky Web\n|-unboost|p2a: Umbreon|spe|1\n|turn|5\n|\n|t:|1700083051\n|-terastallize|p1a: \ud83e\udea8\ud83d\udd78KLEAVOR\ud83d\udd78\ud83e\udea8|Bug\n|move|p1a: \ud83e\udea8\ud83d\udd78KLEAVOR\ud83d\udd78\ud83e\udea8|Fury Cutter|p2a: Umbreon\n|-supereffective|p2a: Umbreon\n|-damage|p2a: Umbreon|38\/100\n|move|p2a: Umbreon|Toxic|p1a: \ud83e\udea8\ud83d\udd78KLEAVOR\ud83d\udd78\ud83e\udea8\n|-status|p1a: \ud83e\udea8\ud83d\udd78KLEAVOR\ud83d\udd78\ud83e\udea8|tox\n|\n|-heal|p2a: Umbreon|44\/100|[from] item: Leftovers\n|-damage|p1a: \ud83e\udea8\ud83d\udd78KLEAVOR\ud83d\udd78\ud83e\udea8|94\/100 tox|[from] psn\n|upkeep\n|turn|6\n|\n|t:|1700083063\n|move|p2a: Umbreon|Detect|p2a: Umbreon\n|-singleturn|p2a: Umbreon|Protect\n|move|p1a: \ud83e\udea8\ud83d\udd78KLEAVOR\ud83d\udd78\ud83e\udea8|Fury Cutter|p2a: Umbreon\n|-activate|p2a: Umbreon|move: Protect\n|\n|-heal|p2a: Umbreon|50\/100|[from] item: Leftovers\n|-damage|p1a: \ud83e\udea8\ud83d\udd78KLEAVOR\ud83d\udd78\ud83e\udea8|82\/100 tox|[from] psn\n|upkeep\n|turn|7\n|\n|t:|1700083073\n|switch|p2a: Sylveon|Sylveon, F|100\/100\n|-activate|p2a: Sylveon|move: Sticky Web\n|-unboost|p2a: Sylveon|spe|1\n|move|p1a: \ud83e\udea8\ud83d\udd78KLEAVOR\ud83d\udd78\ud83e\udea8|Fury Cutter|p2a: Sylveon\n|-resisted|p2a: Sylveon\n|-damage|p2a: Sylveon|65\/100\n|-damage|p1a: \ud83e\udea8\ud83d\udd78KLEAVOR\ud83d\udd78\ud83e\udea8|66\/100 tox|[from] item: Rocky Helmet|[of] p2a: Sylveon\n|\n|-damage|p1a: \ud83e\udea8\ud83d\udd78KLEAVOR\ud83d\udd78\ud83e\udea8|48\/100 tox|[from] psn\n|upkeep\n|turn|8\n|\n|t:|1700083084\n|move|p1a: \ud83e\udea8\ud83d\udd78KLEAVOR\ud83d\udd78\ud83e\udea8|Fury Cutter|p2a: Sylveon\n|-resisted|p2a: Sylveon\n|-damage|p2a: Sylveon|0 fnt\n|-damage|p1a: \ud83e\udea8\ud83d\udd78KLEAVOR\ud83d\udd78\ud83e\udea8|31\/100 tox|[from] item: Rocky Helmet|[of] p2a: Sylveon\n|faint|p2a: Sylveon\n|\n|-damage|p1a: \ud83e\udea8\ud83d\udd78KLEAVOR\ud83d\udd78\ud83e\udea8|7\/100 tox|[from] psn\n|upkeep\n|\n|t:|1700083092\n|switch|p2a: Flareon|Flareon, M|100\/100\n|-activate|p2a: Flareon|move: Sticky Web\n|-unboost|p2a: Flareon|spe|1\n|turn|9\n|\n|t:|1700083096\n|move|p2a: Flareon|Quick Attack|p1a: \ud83e\udea8\ud83d\udd78KLEAVOR\ud83d\udd78\ud83e\udea8\n|-damage|p1a: \ud83e\udea8\ud83d\udd78KLEAVOR\ud83d\udd78\ud83e\udea8|0 fnt\n|faint|p1a: \ud83e\udea8\ud83d\udd78KLEAVOR\ud83d\udd78\ud83e\udea8\n|\n|-status|p2a: Flareon|tox|[from] item: Toxic Orb\n|upkeep\n|\n|t:|1700083105\n|switch|p1a: \ud83d\udd78HERACROSS\ud83d\udd78\ud83e\udeb2|Heracross, M|100\/100\n|turn|10\n|\n|t:|1700083110\n|move|p1a: \ud83d\udd78HERACROSS\ud83d\udd78\ud83e\udeb2|Close Combat|p2a: Flareon\n|-damage|p2a: Flareon|0 fnt\n|-unboost|p1a: \ud83d\udd78HERACROSS\ud83d\udd78\ud83e\udeb2|def|1\n|-unboost|p1a: \ud83d\udd78HERACROSS\ud83d\udd78\ud83e\udeb2|spd|1\n|faint|p2a: Flareon\n|-ability|p1a: \ud83d\udd78HERACROSS\ud83d\udd78\ud83e\udeb2|Moxie|boost\n|-boost|p1a: \ud83d\udd78HERACROSS\ud83d\udd78\ud83e\udeb2|atk|1\n|\n|upkeep\n|\n|t:|1700083128\n|switch|p2a: Umbreon|Umbreon, F|50\/100\n|-activate|p2a: Umbreon|move: Sticky Web\n|-unboost|p2a: Umbreon|spe|1\n|turn|11\n|\n|t:|1700083135\n|move|p1a: \ud83d\udd78HERACROSS\ud83d\udd78\ud83e\udeb2|Bug Bite|p2a: Umbreon\n|-supereffective|p2a: Umbreon\n|-damage|p2a: Umbreon|0 fnt\n|faint|p2a: Umbreon\n|-ability|p1a: \ud83d\udd78HERACROSS\ud83d\udd78\ud83e\udeb2|Moxie|boost\n|-boost|p1a: \ud83d\udd78HERACROSS\ud83d\udd78\ud83e\udeb2|atk|1\n|\n|upkeep\n|\n|t:|1700083146\n|switch|p2a: Espeon|Espeon, M|100\/100\n|-activate|p2a: Espeon|move: Sticky Web\n|-unboost|p2a: Espeon|spe|1\n|turn|12\n|\n|t:|1700083152\n|move|p1a: \ud83d\udd78HERACROSS\ud83d\udd78\ud83e\udeb2|Megahorn|p2a: Espeon\n|-supereffective|p2a: Espeon\n|-crit|p2a: Espeon\n|-damage|p2a: Espeon|0 fnt\n|faint|p2a: Espeon\n|-ability|p1a: \ud83d\udd78HERACROSS\ud83d\udd78\ud83e\udeb2|Moxie|boost\n|-boost|p1a: \ud83d\udd78HERACROSS\ud83d\udd78\ud83e\udeb2|atk|1\n|\n|upkeep\n|-message|JayTheJoker0 forfeited.\n|\n|win|INSECT-M0DE\ufe0f\u2733\ufe0f\n|raw|INSECT-M0DE\ufe0f\u2733\ufe0f's rating: 1116 &rarr; <strong>1147<\/strong><br \/>(+31 for winning)\n|raw|JayTheJoker0's rating: 1195 &rarr; <strong>1164<\/strong><br \/>(-31 for losing)\n|l|\u2606JayTheJoker0\n|l|\u2606INSECT-M0DE\ufe0f\u2733\ufe0f\n|j|\u2606INSECT-M0DE\ufe0f\u2733\ufe0f\n|player|p1|INSECT-M0DE\ufe0f\u2733\ufe0f|viola\n","uploadtime":1700083169,"views":7,"p1id":"insectm0de","p2id":"jaythejoker0","formatid":"gen9nationaldexubers","rating":1147,"private":0,"password":""}