{"id":"gen9nationaldexubers-1981614821","p1":"D. Lawrenzz","p2":"Aroma Nobody","format":"[Gen 9] National Dex Ubers","log":"|j|\u2606D. Lawrenzz\n|j|\u2606Aroma Nobody\n|t:|1698926259\n|gametype|singles\n|player|p1|D. Lawrenzz|blue-masters|\n|player|p2|Aroma Nobody|turo-ai|\n|teamsize|p1|6\n|teamsize|p2|6\n|gen|9\n|tier|[Gen 9] National Dex Ubers\n|rule|HP Percentage Mod: HP is shown in percentages\n|rule|Endless Battle Clause: Forcing endless battles is banned\n|rule|OHKO Clause: OHKO moves are banned\n|rule|Evasion Moves Clause: Evasion moves are banned\n|rule|Evasion Items Clause: Evasion items are banned\n|rule|Species Clause: Limit one of each Pok\u00e9mon\n|rule|Sleep Clause Mod: Limit one foe put to sleep\n|rule|Mega Rayquaza Clause: You cannot mega evolve Rayquaza\n|clearpoke\n|poke|p1|Shuckle, F|\n|poke|p1|Darmanitan-Galar, F|\n|poke|p1|Glaceon, M|\n|poke|p1|Weavile, F|\n|poke|p1|Kyurem|\n|poke|p1|Glastrier|\n|poke|p2|Blastoise, F|\n|poke|p2|Landorus-Therian, M|\n|poke|p2|Zoroark-Hisui, M|\n|poke|p2|Ferrothorn, M|\n|poke|p2|Charizard, F|\n|poke|p2|Tapu Lele|\n|teampreview\n|c|\u2606D. Lawrenzz|ice\n|c|\u2606Aroma Nobody|Ok figured, that's why you asked.\n|c|\u2606Aroma Nobody|This team should be a fair mu, glhf\n|\n|t:|1698926312\n|start\n|switch|p1a: Shuckle|Shuckle, F|100\/100\n|switch|p2a: Ferrothorn|Ferrothorn, M|100\/100\n|turn|1\n|\n|t:|1698926317\n|move|p2a: Ferrothorn|Flamethrower|p1a: Shuckle\n|-damage|p1a: Shuckle|73\/100\n|-enditem|p1a: Shuckle|Red Card|[of] p2a: Ferrothorn\n|drag|p2a: Charizard|Charizard, F|100\/100\n|move|p1a: Shuckle|Sticky Web|p2a: Charizard\n|-sidestart|p2: Aroma Nobody|move: Sticky Web\n|\n|upkeep\n|turn|2\n|\n|t:|1698926325\n|move|p2a: Charizard|Dragon Dance|p2a: Charizard\n|-boost|p2a: Charizard|atk|1\n|-boost|p2a: Charizard|spe|1\n|move|p1a: Shuckle|Final Gambit|p2a: Charizard\n|-damage|p2a: Charizard|41\/100\n|faint|p1a: Shuckle\n|\n|upkeep\n|\n|t:|1698926335\n|switch|p1a: Weavile|Weavile, F|100\/100\n|-ability|p1a: Weavile|Pressure\n|turn|3\n|\n|t:|1698926345\n|detailschange|p2a: Charizard|Charizard-Mega-X, F\n|-mega|p2a: Charizard|Charizard|Charizardite X\n|move|p2a: Charizard|Roost|p2a: Charizard\n|-heal|p2a: Charizard|91\/100\n|-singleturn|p2a: Charizard|move: Roost\n|move|p1a: Weavile|Triple Axel|p2a: Charizard\n|-damage|p2a: Charizard|80\/100\n|-damage|p2a: Charizard|56\/100\n|-damage|p2a: Charizard|24\/100\n|-hitcount|p2a: Charizard|3\n|\n|upkeep\n|turn|4\n|\n|t:|1698926360\n|move|p2a: Charizard|Dragon Claw|p1a: Weavile\n|-enditem|p1a: Weavile|Focus Sash\n|-damage|p1a: Weavile|1\/100\n|move|p1a: Weavile|Triple Axel|p2a: Charizard\n|-damage|p2a: Charizard|13\/100\n|-damage|p2a: Charizard|0 fnt\n|faint|p2a: Charizard\n|-hitcount|p2: Charizard|2\n|\n|upkeep\n|\n|t:|1698926370\n|switch|p2a: Ferrothorn|Ferrothorn, M|100\/100\n|-activate|p2a: Ferrothorn|move: Sticky Web\n|-unboost|p2a: Ferrothorn|spe|1\n|turn|5\n|n|\u2606D. Lawrenzz|dlawrenzz\n|\n|t:|1698926408\n|move|p1a: Weavile|Knock Off|p2a: Ferrothorn\n|-damage|p2a: Ferrothorn|75\/100\n|-damage|p1a: Weavile|0 fnt|[from] ability: Iron Barbs|[of] p2a: Ferrothorn\n|faint|p1a: Weavile\n|move|p2a: Ferrothorn|Stealth Rock|p1: Weavile\n|-sidestart|p1: D. Lawrenzz|move: Stealth Rock\n|\n|upkeep\n|\n|t:|1698926421\n|switch|p1a: Glaceon|Glaceon, M|100\/100\n|-damage|p1a: Glaceon|76\/100|[from] Stealth Rock\n|turn|6\n|\n|t:|1698926431\n|move|p1a: Glaceon|Calm Mind|p1a: Glaceon\n|-boost|p1a: Glaceon|spa|1\n|-boost|p1a: Glaceon|spd|1\n|move|p2a: Ferrothorn|Body Press|p1a: Glaceon\n|-supereffective|p1a: Glaceon\n|-damage|p1a: Glaceon|6\/100\n|\n|upkeep\n|turn|7\n|\n|t:|1698926452\n|move|p1a: Glaceon|Freeze-Dry|p2a: Ferrothorn\n|-damage|p2a: Ferrothorn|28\/100\n|move|p2a: Ferrothorn|Body Press|p1a: Glaceon\n|-supereffective|p1a: Glaceon\n|-damage|p1a: Glaceon|0 fnt\n|faint|p1a: Glaceon\n|\n|upkeep\n|\n|t:|1698926460\n|switch|p1a: Glastrier|Glastrier|100\/100\n|-damage|p1a: Glastrier|76\/100|[from] Stealth Rock\n|turn|8\n|\n|t:|1698926466\n|move|p1a: Glastrier|Icicle Crash|p2a: Ferrothorn\n|-damage|p2a: Ferrothorn|0 fnt\n|faint|p2a: Ferrothorn\n|-ability|p1a: Glastrier|Chilling Neigh|boost\n|-boost|p1a: Glastrier|atk|1\n|\n|upkeep\n|\n|t:|1698926477\n|switch|p2a: Tapu Lele|Tapu Lele|100\/100\n|-activate|p2a: Tapu Lele|move: Sticky Web\n|-unboost|p2a: Tapu Lele|spe|1\n|turn|9\n|\n|t:|1698926508\n|move|p2a: Tapu Lele|Memento|p1a: Glastrier\n|-unboost|p1a: Glastrier|atk|2\n|-unboost|p1a: Glastrier|spa|2\n|faint|p2a: Tapu Lele\n|move|p1a: Glastrier|Icicle Crash|p2: Zoroark|[notarget]\n|-fail|p1a: Glastrier\n|\n|upkeep\n|l|\u2606D. Lawrenzz\n|player|p1|\n|\n|t:|1698926534\n|switch|p2a: Blastoise|Blastoise, F|100\/100\n|-activate|p2a: Blastoise|move: Sticky Web\n|-unboost|p2a: Blastoise|spe|1\n|turn|10\n|j|\u2606D. Lawrenzz\n|player|p1|D. Lawrenzz|blue-masters\n|\n|t:|1698926565\n|move|p2a: Blastoise|Shell Smash|p2a: Blastoise\n|-unboost|p2a: Blastoise|def|1\n|-unboost|p2a: Blastoise|spd|1\n|-boost|p2a: Blastoise|atk|2\n|-boost|p2a: Blastoise|spa|2\n|-boost|p2a: Blastoise|spe|2\n|move|p1a: Glastrier|Icicle Crash|p2a: Blastoise\n|-resisted|p2a: Blastoise\n|-damage|p2a: Blastoise|54\/100\n|\n|upkeep\n|turn|11\n|\n|t:|1698926589\n|move|p2a: Blastoise|Aura Sphere|p1a: Glastrier\n|-supereffective|p1a: Glastrier\n|-damage|p1a: Glastrier|0 fnt\n|faint|p1a: Glastrier\n|-damage|p2a: Blastoise|45\/100|[from] item: Life Orb\n|\n|upkeep\n|\n|t:|1698926592\n|switch|p1a: Kyurem|Kyurem|100\/100\n|-damage|p1a: Kyurem|76\/100|[from] Stealth Rock\n|-ability|p1a: Kyurem|Pressure\n|turn|12\n|\n|t:|1698926595\n|-terastallize|p1a: Kyurem|Dragon\n|move|p2a: Blastoise|Aura Sphere|p1a: Kyurem\n|-damage|p1a: Kyurem|24\/100\n|-damage|p2a: Blastoise|35\/100|[from] item: Life Orb\n|move|p1a: Kyurem|Draco Meteor|p2a: Blastoise\n|-damage|p2a: Blastoise|0 fnt\n|-unboost|p1a: Kyurem|spa|2\n|faint|p2a: Blastoise\n|\n|upkeep\n|\n|t:|1698926602\n|switch|p2a: Landorus|Landorus-Therian, M|100\/100\n|-ability|p2a: Landorus|Intimidate|boost\n|-unboost|p1a: Kyurem|atk|1\n|turn|13\n|c|\u2606D. Lawrenzz|imagine it missed\n|\n|t:|1698926610\n|move|p1a: Kyurem|Draco Meteor|p2a: Landorus\n|-damage|p2a: Landorus|42\/100\n|-unboost|p1a: Kyurem|spa|2\n|move|p2a: Landorus|Defog|p1a: Kyurem\n|-unboost|p1a: Kyurem|evasion|1\n|-sideend|p1: D. Lawrenzz|Stealth Rock|[from] move: Defog|[of] p2a: Landorus\n|-sideend|p2: Aroma Nobody|Sticky Web|[from] move: Defog|[of] p2a: Landorus\n|\n|-heal|p2a: Landorus|48\/100|[from] item: Leftovers\n|upkeep\n|turn|14\n|\n|t:|1698926618\n|move|p1a: Kyurem|Draco Meteor|p2a: Landorus\n|-damage|p2a: Landorus|10\/100\n|-unboost|p1a: Kyurem|spa|2\n|move|p2a: Landorus|U-turn|p1a: Kyurem\n|-damage|p1a: Kyurem|3\/100\n|\n|t:|1698926621\n|switch|p2a: Tapu Lele|Tapu Lele|100\/100|[from] U-turn\n|-fieldstart|move: Psychic Terrain|[from] ability: Psychic Surge|[of] p2a: Tapu Lele\n|\n|upkeep\n|turn|15\n|\n|t:|1698926633\n|move|p2a: Tapu Lele|Moonblast|p1a: Kyurem\n|-supereffective|p1a: Kyurem\n|-damage|p1a: Kyurem|0 fnt\n|faint|p1a: Kyurem\n|\n|upkeep\n|\n|t:|1698926635\n|switch|p1a: Darmanitan|Darmanitan-Galar, F|100\/100\n|turn|16\n|\n|t:|1698926644\n|switch|p2a: Landorus|Landorus-Therian, M|10\/100\n|-ability|p2a: Landorus|Intimidate|boost\n|-unboost|p1a: Darmanitan|atk|1\n|move|p1a: Darmanitan|Icicle Crash|p2a: Landorus\n|-supereffective|p2a: Landorus\n|-damage|p2a: Landorus|0 fnt\n|faint|p2a: Landorus\n|\n|upkeep\n|\n|t:|1698926646\n|switch|p2a: Tapu Lele|Tapu Lele|100\/100\n|turn|17\n|\n|t:|1698926651\n|-terastallize|p2a: Tapu Lele|Fairy\n|move|p2a: Tapu Lele|Moonblast|p1a: Darmanitan\n|-damage|p1a: Darmanitan|4\/100\n|move|p1a: Darmanitan|Icicle Crash|p2a: Tapu Lele\n|-damage|p2a: Tapu Lele|0 fnt\n|faint|p2a: Tapu Lele\n|\n|win|D. Lawrenzz\n|c|\u2606D. Lawrenzz|gg\n|c|\u2606D. Lawrenzz|lived\n|c|\u2606Aroma Nobody|Gv\n|c|\u2606Aroma Nobody|Gg*\n|c|\u2606D. Lawrenzz|ice\n","uploadtime":1698926675,"views":6,"p1id":"dlawrenzz","p2id":"aromanobody","formatid":"gen9nationaldexubers","rating":0,"private":0,"password":""}