{"id":"gen9nationaldexubers-1985955447","p1":"delete later420","p2":"roberticochamp1","format":"[Gen 9] National Dex Ubers","log":"|j|\u2606delete later420\n|j|\u2606roberticochamp1\n|t:|1699429235\n|gametype|singles\n|player|p1|delete later420|swimmerf|1585\n|player|p2|roberticochamp1|lucas|1516\n|teamsize|p1|6\n|teamsize|p2|6\n|gen|9\n|tier|[Gen 9] National Dex Ubers\n|rated|\n|rule|HP Percentage Mod: HP is shown in percentages\n|rule|Endless Battle Clause: Forcing endless battles is banned\n|rule|OHKO Clause: OHKO moves are banned\n|rule|Evasion Moves Clause: Evasion moves are banned\n|rule|Evasion Items Clause: Evasion items are banned\n|rule|Species Clause: Limit one of each Pok\u00e9mon\n|rule|Sleep Clause Mod: Limit one foe put to sleep\n|rule|Mega Rayquaza Clause: You cannot mega evolve Rayquaza\n|clearpoke\n|poke|p1|Zacian-*|\n|poke|p1|Kyogre|\n|poke|p1|Cloyster, M|\n|poke|p1|Stakataka|\n|poke|p1|Smeargle, M|\n|poke|p1|Galvantula, M|\n|poke|p2|Chien-Pao|\n|poke|p2|Calyrex-Ice|\n|poke|p2|Iron Bundle|\n|poke|p2|Darmanitan-Galar, M|\n|poke|p2|Ninetales-Alola, F|\n|poke|p2|Kyurem-Black|\n|teampreview\n|inactive|Battle timer is ON: inactive players will automatically lose when time's up. (requested by delete later420)\n|\n|t:|1699429244\n|start\n|switch|p1a: Galvantula|Galvantula, M|100\/100\n|switch|p2a: Kyurem|Kyurem-Black|100\/100\n|-ability|p2a: Kyurem|Teravolt\n|turn|1\n|j| 1 em trach thu\n|\n|t:|1699429252\n|move|p1a: Galvantula|Thunder Wave|p2a: Kyurem\n|-status|p2a: Kyurem|par\n|move|p2a: Kyurem|Icicle Spear|p1a: Galvantula\n|-damage|p1a: Galvantula|75\/100\n|-damage|p1a: Galvantula|48\/100\n|-damage|p1a: Galvantula|22\/100\n|-damage|p1a: Galvantula|0 fnt\n|faint|p1a: Galvantula\n|-hitcount|p1: Galvantula|4\n|\n|upkeep\n|\n|t:|1699429264\n|switch|p1a: Stakataka|Stakataka|100\/100\n|turn|2\n|j| aaacbn\n|\n|t:|1699429274\n|switch|p2a: Iron Bundle|Iron Bundle, shiny|100\/100\n|move|p1a: Stakataka|Trick Room|p1a: Stakataka\n|-fieldstart|move: Trick Room|[of] p1a: Stakataka\n|\n|upkeep\n|turn|3\n|\n|t:|1699429286\n|-terastallize|p1a: Stakataka|Fighting\n|move|p1a: Stakataka|Body Press|p2a: Iron Bundle\n|-supereffective|p2a: Iron Bundle\n|-damage|p2a: Iron Bundle|0 fnt\n|faint|p2a: Iron Bundle\n|-end|p2a: Iron Bundle|Quark Drive|[silent]\n|-ability|p1a: Stakataka|Beast Boost|boost\n|-boost|p1a: Stakataka|def|1\n|\n|upkeep\n|\n|t:|1699429298\n|switch|p2a: Calyrex|Calyrex-Ice|100\/100\n|-ability|p2a: Calyrex|As One\n|-ability|p2a: Calyrex|Unnerve\n|turn|4\n|\n|t:|1699429307\n|-terastallize|p2a: Calyrex|Electric\n|move|p1a: Stakataka|Iron Defense|p1a: Stakataka\n|-boost|p1a: Stakataka|def|2\n|move|p2a: Calyrex|Iron Defense|p2a: Calyrex\n|-boost|p2a: Calyrex|def|2\n|\n|upkeep\n|turn|5\n|\n|t:|1699429314\n|move|p1a: Stakataka|Body Press|p2a: Calyrex\n|-damage|p2a: Calyrex|49\/100\n|move|p2a: Calyrex|Iron Defense|p2a: Calyrex\n|-boost|p2a: Calyrex|def|2\n|\n|-heal|p2a: Calyrex|55\/100|[from] item: Leftovers\n|upkeep\n|turn|6\n|\n|t:|1699429321\n|move|p1a: Stakataka|Body Press|p2a: Calyrex\n|-damage|p2a: Calyrex|25\/100\n|move|p2a: Calyrex|Leech Seed|p1a: Stakataka|[miss]\n|-miss|p2a: Calyrex|p1a: Stakataka\n|\n|-heal|p2a: Calyrex|31\/100|[from] item: Leftovers\n|-fieldend|move: Trick Room\n|upkeep\n|turn|7\n|\n|t:|1699429331\n|move|p2a: Calyrex|Glacial Lance|p1a: Stakataka\n|-damage|p1a: Stakataka|88\/100\n|move|p1a: Stakataka|Trick Room|p1a: Stakataka\n|-fieldstart|move: Trick Room|[of] p1a: Stakataka\n|\n|-heal|p1a: Stakataka|94\/100|[from] item: Leftovers\n|-heal|p2a: Calyrex|37\/100|[from] item: Leftovers\n|upkeep\n|turn|8\n|\n|t:|1699429340\n|move|p1a: Stakataka|Iron Defense|p1a: Stakataka\n|-boost|p1a: Stakataka|def|2\n|move|p2a: Calyrex|Leech Seed|p1a: Stakataka\n|-start|p1a: Stakataka|move: Leech Seed\n|\n|-heal|p1a: Stakataka|99\/100|[from] item: Leftovers\n|-heal|p2a: Calyrex|43\/100|[from] item: Leftovers\n|-damage|p1a: Stakataka|88\/100|[from] Leech Seed|[of] p2a: Calyrex\n|-heal|p2a: Calyrex|52\/100|[silent]\n|upkeep\n|turn|9\n|\n|t:|1699429351\n|move|p1a: Stakataka|Body Press|p2a: Calyrex\n|-damage|p2a: Calyrex|4\/100\n|move|p2a: Calyrex|Iron Defense|p2a: Calyrex\n|-boost|p2a: Calyrex|def|2\n|\n|-heal|p1a: Stakataka|94\/100|[from] item: Leftovers\n|-heal|p2a: Calyrex|10\/100|[from] item: Leftovers\n|-damage|p1a: Stakataka|81\/100|[from] Leech Seed|[of] p2a: Calyrex\n|-heal|p2a: Calyrex|19\/100|[silent]\n|upkeep\n|turn|10\n|\n|t:|1699429360\n|move|p1a: Stakataka|Body Press|p2a: Calyrex\n|-damage|p2a: Calyrex|0 fnt\n|faint|p2a: Calyrex\n|-ability|p1a: Stakataka|Beast Boost|boost\n|-boost|p1a: Stakataka|def|1\n|\n|-heal|p1a: Stakataka|88\/100|[from] item: Leftovers\n|upkeep\n|\n|t:|1699429368\n|switch|p2a: Darmanitan|Darmanitan-Galar, M|100\/100\n|turn|11\n|\n|t:|1699429376\n|move|p1a: Stakataka|Body Press|p2a: Darmanitan\n|-supereffective|p2a: Darmanitan\n|-damage|p2a: Darmanitan|0 fnt\n|faint|p2a: Darmanitan\n|\n|-heal|p1a: Stakataka|94\/100|[from] item: Leftovers\n|-fieldend|move: Trick Room\n|upkeep\n|\n|t:|1699429383\n|switch|p2a: Ninetales|Ninetales-Alola, F|100\/100\n|-weather|Snow|[from] ability: Snow Warning|[of] p2a: Ninetales\n|turn|12\n|\n|t:|1699429388\n|move|p2a: Ninetales|Moonblast|p1a: Stakataka\n|-supereffective|p1a: Stakataka\n|-damage|p1a: Stakataka|35\/100\n|-unboost|p1a: Stakataka|spa|1\n|move|p1a: Stakataka|Trick Room|p1a: Stakataka\n|-fieldstart|move: Trick Room|[of] p1a: Stakataka\n|\n|-weather|Snow|[upkeep]\n|-heal|p1a: Stakataka|41\/100|[from] item: Leftovers\n|-damage|p1a: Stakataka|29\/100|[from] Leech Seed|[of] p2a: Ninetales\n|upkeep\n|turn|13\n|\n|t:|1699429398\n|move|p1a: Stakataka|Body Press|p2a: Ninetales\n|-damage|p2a: Ninetales|0 fnt\n|faint|p2a: Ninetales\n|\n|-weather|Snow|[upkeep]\n|-heal|p1a: Stakataka|35\/100|[from] item: Leftovers\n|upkeep\n|\n|t:|1699429405\n|switch|p2a: Chien-Pao|Chien-Pao|100\/100\n|-ability|p2a: Chien-Pao|Sword of Ruin\n|turn|14\n|\n|t:|1699429412\n|move|p1a: Stakataka|Body Press|p2a: Chien-Pao\n|-supereffective|p2a: Chien-Pao\n|-damage|p2a: Chien-Pao|0 fnt\n|faint|p2a: Chien-Pao\n|\n|-weather|Snow|[upkeep]\n|-heal|p1a: Stakataka|41\/100|[from] item: Leftovers\n|upkeep\n|-message|roberticochamp1 forfeited.\n|\n|win|delete later420\n|raw|delete later420's rating: 1585 &rarr; <strong>1601<\/strong><br \/>(+16 for winning)\n|raw|roberticochamp1's rating: 1516 &rarr; <strong>1500<\/strong><br \/>(-16 for losing)\n|l|\u2606roberticochamp1\n|l| aaacbn\n|c|\u2606delete later420|gg\n|l|\u2606delete later420\n|j|\u2606delete later420\n|player|p1|delete later420|swimmerf\n","uploadtime":1699429532,"views":8,"p1id":"deletelater420","p2id":"roberticochamp1","formatid":"gen9nationaldexubers","rating":1500,"private":0,"password":""}