{"id":"gen9nationaldexubers-1998495360","p1":"CyanConure","p2":"somerandomyash2","format":"[Gen 9] National Dex Ubers","log":"|j|\u2606CyanConure\n|j|\u2606somerandomyash2\n|t:|1700948798\n|gametype|singles\n|player|p1|CyanConure|266|\n|player|p2|somerandomyash2|102|\n|teamsize|p1|6\n|teamsize|p2|6\n|gen|9\n|tier|[Gen 9] National Dex Ubers\n|rule|HP Percentage Mod: HP is shown in percentages\n|rule|Endless Battle Clause: Forcing endless battles is banned\n|rule|OHKO Clause: OHKO moves are banned\n|rule|Evasion Moves Clause: Evasion moves are banned\n|rule|Evasion Items Clause: Evasion items are banned\n|rule|Species Clause: Limit one of each Pok\u00e9mon\n|rule|Sleep Clause Mod: Limit one foe put to sleep\n|rule|Mega Rayquaza Clause: You cannot mega evolve Rayquaza\n|clearpoke\n|poke|p1|Espathra, F|\n|poke|p1|Grimmsnarl, M|\n|poke|p1|Orthworm, M|\n|poke|p1|Annihilape, M|\n|poke|p1|Volcarona, M|\n|poke|p1|Chi-Yu|\n|poke|p2|Greninja-*, M|\n|poke|p2|Charizard, M|\n|poke|p2|Lucario, M|\n|poke|p2|Blaziken, F|\n|poke|p2|Gengar, M|\n|poke|p2|Gardevoir, M|\n|teampreview\n|\n|t:|1700948806\n|start\n|switch|p1a: Grimmsnarl|Grimmsnarl, M|100\/100\n|switch|p2a: Lucario|Lucario, M|100\/100\n|turn|1\n|j| springamogus\n|\n|t:|1700948814\n|detailschange|p2a: Lucario|Lucario-Mega, M\n|-mega|p2a: Lucario|Lucario|Lucarionite\n|move|p1a: Grimmsnarl|Reflect|p1a: Grimmsnarl\n|-sidestart|p1: CyanConure|Reflect\n|move|p2a: Lucario|Aura Sphere|p1a: Grimmsnarl\n|-damage|p1a: Grimmsnarl|58\/100\n|\n|upkeep\n|turn|2\n|\n|t:|1700948846\n|move|p1a: Grimmsnarl|Parting Shot|p2a: Lucario\n|-unboost|p2a: Lucario|atk|1\n|-unboost|p2a: Lucario|spa|1\n|\n|t:|1700948850\n|switch|p1a: Karen Bird|Espathra, F|100\/100|[from] Parting Shot\n|move|p2a: Lucario|Cross Chop|p1a: Karen Bird\n|-resisted|p1a: Karen Bird\n|-damage|p1a: Karen Bird|90\/100\n|\n|-heal|p1a: Karen Bird|96\/100|[from] item: Leftovers\n|upkeep\n|turn|3\n|\n|t:|1700948863\n|switch|p2a: Blaziken|Blaziken, F|100\/100\n|move|p1a: Karen Bird|Calm Mind|p1a: Karen Bird\n|-boost|p1a: Karen Bird|spa|1\n|-boost|p1a: Karen Bird|spd|1\n|\n|-heal|p1a: Karen Bird|100\/100|[from] item: Leftovers\n|-ability|p1a: Karen Bird|Speed Boost|boost\n|-boost|p1a: Karen Bird|spe|1\n|upkeep\n|turn|4\n|\n|t:|1700948883\n|move|p1a: Karen Bird|Calm Mind|p1a: Karen Bird\n|-boost|p1a: Karen Bird|spa|1\n|-boost|p1a: Karen Bird|spd|1\n|move|p2a: Blaziken|Blaze Kick|p1a: Karen Bird\n|-damage|p1a: Karen Bird|82\/100\n|-status|p1a: Karen Bird|brn\n|\n|-heal|p1a: Karen Bird|89\/100 brn|[from] item: Leftovers\n|-damage|p1a: Karen Bird|82\/100 brn|[from] brn\n|-ability|p1a: Karen Bird|Speed Boost|boost\n|-boost|p1a: Karen Bird|spe|1\n|-ability|p2a: Blaziken|Speed Boost|boost\n|-boost|p2a: Blaziken|spe|1\n|upkeep\n|turn|5\n|\n|t:|1700948897\n|move|p1a: Karen Bird|Calm Mind|p1a: Karen Bird\n|-boost|p1a: Karen Bird|spa|1\n|-boost|p1a: Karen Bird|spd|1\n|move|p2a: Blaziken|Close Combat|p1a: Karen Bird\n|-resisted|p1a: Karen Bird\n|-damage|p1a: Karen Bird|68\/100 brn\n|-unboost|p2a: Blaziken|def|1\n|-unboost|p2a: Blaziken|spd|1\n|\n|-heal|p1a: Karen Bird|74\/100 brn|[from] item: Leftovers\n|-damage|p1a: Karen Bird|68\/100 brn|[from] brn\n|-ability|p1a: Karen Bird|Speed Boost|boost\n|-boost|p1a: Karen Bird|spe|1\n|-ability|p2a: Blaziken|Speed Boost|boost\n|-boost|p2a: Blaziken|spe|1\n|upkeep\n|turn|6\n|\n|t:|1700948912\n|switch|p2a: Charizard|Charizard, M|100\/100\n|move|p1a: Karen Bird|Calm Mind|p1a: Karen Bird\n|-boost|p1a: Karen Bird|spa|1\n|-boost|p1a: Karen Bird|spd|1\n|\n|-heal|p1a: Karen Bird|74\/100 brn|[from] item: Leftovers\n|-damage|p1a: Karen Bird|68\/100 brn|[from] brn\n|-ability|p1a: Karen Bird|Speed Boost|boost\n|-boost|p1a: Karen Bird|spe|1\n|upkeep\n|turn|7\n|\n|t:|1700948924\n|move|p1a: Karen Bird|Stored Power|p2a: Charizard\n|-damage|p2a: Charizard|0 fnt\n|faint|p2a: Charizard\n|\n|-heal|p1a: Karen Bird|74\/100 brn|[from] item: Leftovers\n|-damage|p1a: Karen Bird|68\/100 brn|[from] brn\n|-ability|p1a: Karen Bird|Speed Boost|boost\n|-boost|p1a: Karen Bird|spe|1\n|upkeep\n|\n|t:|1700948946\n|switch|p2a: Greninja|Greninja, M|100\/100\n|turn|8\n|\n|t:|1700948952\n|-terastallize|p2a: Greninja|Water\n|move|p1a: Karen Bird|Dazzling Gleam|p2a: Greninja\n|-damage|p2a: Greninja|14\/100\n|move|p2a: Greninja|Hydro Pump|p1a: Karen Bird|[miss]\n|-miss|p2a: Greninja|p1a: Karen Bird\n|\n|-heal|p1a: Karen Bird|74\/100 brn|[from] item: Leftovers\n|-damage|p1a: Karen Bird|68\/100 brn|[from] brn\n|-sideend|p1: CyanConure|Reflect\n|-ability|p1a: Karen Bird|Speed Boost|boost\n|-boost|p1a: Karen Bird|spe|1\n|upkeep\n|turn|9\n|\n|t:|1700948967\n|move|p1a: Karen Bird|Stored Power|p2a: Greninja\n|-damage|p2a: Greninja|0 fnt\n|faint|p2a: Greninja\n|\n|-heal|p1a: Karen Bird|74\/100 brn|[from] item: Leftovers\n|-damage|p1a: Karen Bird|68\/100 brn|[from] brn\n|upkeep\n|\n|t:|1700948977\n|switch|p2a: Gengar|Gengar, M|100\/100\n|turn|10\n|\n|t:|1700948981\n|move|p1a: Karen Bird|Stored Power|p2a: Gengar\n|-supereffective|p2a: Gengar\n|-damage|p2a: Gengar|0 fnt\n|faint|p2a: Gengar\n|\n|-heal|p1a: Karen Bird|74\/100 brn|[from] item: Leftovers\n|-damage|p1a: Karen Bird|68\/100 brn|[from] brn\n|upkeep\n|\n|t:|1700948992\n|switch|p2a: Blaziken|Blaziken, F|100\/100\n|turn|11\n|\n|t:|1700948996\n|move|p1a: Karen Bird|Stored Power|p2a: Blaziken\n|-supereffective|p2a: Blaziken\n|-damage|p2a: Blaziken|0 fnt\n|faint|p2a: Blaziken\n|\n|-heal|p1a: Karen Bird|74\/100 brn|[from] item: Leftovers\n|-damage|p1a: Karen Bird|68\/100 brn|[from] brn\n|upkeep\n|\n|t:|1700949021\n|switch|p2a: Lucario|Lucario-Mega, M|100\/100\n|turn|12\n|\n|t:|1700949026\n|move|p1a: Karen Bird|Stored Power|p2a: Lucario\n|-damage|p2a: Lucario|0 fnt\n|faint|p2a: Lucario\n|\n|-heal|p1a: Karen Bird|74\/100 brn|[from] item: Leftovers\n|-damage|p1a: Karen Bird|68\/100 brn|[from] brn\n|upkeep\n|\n|t:|1700949054\n|switch|p2a: Gardevoir|Gardevoir, M|100\/100\n|turn|13\n|\n|t:|1700949059\n|-terastallize|p1a: Karen Bird|Fairy\n|move|p1a: Karen Bird|Stored Power|p2a: Gardevoir\n|-resisted|p2a: Gardevoir\n|-damage|p2a: Gardevoir|0 fnt\n|faint|p2a: Gardevoir\n|\n|win|CyanConure\n","uploadtime":1700949074,"views":23,"p1id":"cyanconure","p2id":"somerandomyash2","formatid":"gen9nationaldexubers","rating":0,"private":0,"password":""}