{"id":"gen9nationaldexubers-1999101272","p1":"kingkonger666","p2":"vic_ketchum","format":"[Gen 9] National Dex Ubers","log":"|j|\u2606kingkonger666\n|j|\u2606vic_ketchum\n|t:|1701033257\n|gametype|singles\n|player|p1|kingkonger666|cynthia-gen4|1178\n|player|p2|vic_ketchum|ash-kalos|1252\n|teamsize|p1|6\n|teamsize|p2|6\n|gen|9\n|tier|[Gen 9] National Dex Ubers\n|rated|\n|rule|HP Percentage Mod: HP is shown in percentages\n|rule|Endless Battle Clause: Forcing endless battles is banned\n|rule|OHKO Clause: OHKO moves are banned\n|rule|Evasion Moves Clause: Evasion moves are banned\n|rule|Evasion Items Clause: Evasion items are banned\n|rule|Species Clause: Limit one of each Pok\u00e9mon\n|rule|Sleep Clause Mod: Limit one foe put to sleep\n|rule|Mega Rayquaza Clause: You cannot mega evolve Rayquaza\n|clearpoke\n|poke|p1|Aurorus, F|\n|poke|p1|Abomasnow, M|\n|poke|p1|Froslass, F|\n|poke|p1|Darmanitan-Galar, M|\n|poke|p1|Ninetales-Alola, M|\n|poke|p1|Arctozolt|\n|poke|p2|Mewtwo|\n|poke|p2|Pheromosa|\n|poke|p2|Deoxys|\n|poke|p2|Hydreigon, M|\n|poke|p2|Zoroark, M|\n|poke|p2|Scizor, M|\n|teampreview\n|inactive|Battle timer is ON: inactive players will automatically lose when time's up. (requested by vic_ketchum)\n|\n|t:|1701033268\n|start\n|switch|p1a: Ninetales|Ninetales-Alola, M, shiny|100\/100\n|switch|p2a: CELL|Pheromosa|100\/100\n|-weather|Snow|[from] ability: Snow Warning|[of] p1a: Ninetales\n|turn|1\n|c|\u2606kingkonger666|noob\n|\n|t:|1701033279\n|move|p2a: CELL|Poison Jab|p1a: Ninetales\n|-supereffective|p1a: Ninetales\n|-damage|p1a: Ninetales|53\/100\n|move|p1a: Ninetales|Aurora Veil|p1a: Ninetales\n|-sidestart|p1: kingkonger666|move: Aurora Veil\n|\n|-weather|Snow|[upkeep]\n|-heal|p1a: Ninetales|59\/100|[from] item: Leftovers\n|upkeep\n|turn|2\n|\n|t:|1701033287\n|switch|p1a: Froslass|Froslass, F, shiny|100\/100\n|move|p2a: CELL|Poison Jab|p1a: Froslass\n|-resisted|p1a: Froslass\n|-damage|p1a: Froslass|95\/100\n|-status|p1a: Froslass|psn\n|-start|p2a: CELL|Disable|Poison Jab|[from] ability: Cursed Body|[of] p1a: Froslass\n|\n|-weather|Snow|[upkeep]\n|-heal|p1a: Froslass|100\/100 psn|[from] item: Leftovers\n|-damage|p1a: Froslass|88\/100 psn|[from] psn\n|upkeep\n|turn|3\n|\n|t:|1701033299\n|move|p2a: CELL|Bug Buzz|p1a: Froslass\n|-resisted|p1a: Froslass\n|-damage|p1a: Froslass|74\/100 psn\n|move|p1a: Froslass|Will-O-Wisp|p2a: CELL\n|-status|p2a: CELL|brn\n|\n|-weather|Snow|[upkeep]\n|-heal|p1a: Froslass|80\/100 psn|[from] item: Leftovers\n|-damage|p1a: Froslass|67\/100 psn|[from] psn\n|-damage|p2a: CELL|94\/100 brn|[from] brn\n|upkeep\n|turn|4\n|\n|t:|1701033311\n|move|p2a: CELL|Bug Buzz|p1a: Froslass\n|-resisted|p1a: Froslass\n|-damage|p1a: Froslass|53\/100 psn\n|move|p1a: Froslass|Spikes|p2a: CELL\n|-sidestart|p2: vic_ketchum|Spikes\n|\n|-weather|Snow|[upkeep]\n|-heal|p1a: Froslass|59\/100 psn|[from] item: Leftovers\n|-damage|p1a: Froslass|46\/100 psn|[from] psn\n|-damage|p2a: CELL|88\/100 brn|[from] brn\n|upkeep\n|turn|5\n|\n|t:|1701033322\n|move|p2a: CELL|Bug Buzz|p1a: Froslass\n|-resisted|p1a: Froslass\n|-damage|p1a: Froslass|31\/100 psn\n|move|p1a: Froslass|Spikes|p2a: CELL\n|-sidestart|p2: vic_ketchum|Spikes\n|\n|-weather|none\n|-heal|p1a: Froslass|37\/100 psn|[from] item: Leftovers\n|-damage|p1a: Froslass|25\/100 psn|[from] psn\n|-damage|p2a: CELL|82\/100 brn|[from] brn\n|-end|p2a: CELL|Disable\n|-sideend|p1: kingkonger666|move: Aurora Veil\n|upkeep\n|turn|6\n|\n|t:|1701033333\n|move|p2a: CELL|Poison Jab|p1a: Froslass\n|-resisted|p1a: Froslass\n|-damage|p1a: Froslass|16\/100 psn\n|move|p1a: Froslass|Spikes|p2a: CELL\n|-sidestart|p2: vic_ketchum|Spikes\n|\n|-heal|p1a: Froslass|22\/100 psn|[from] item: Leftovers\n|-damage|p1a: Froslass|10\/100 psn|[from] psn\n|-damage|p2a: CELL|76\/100 brn|[from] brn\n|upkeep\n|turn|7\n|\n|t:|1701033342\n|move|p2a: CELL|Bug Buzz|p1a: Froslass\n|-resisted|p1a: Froslass\n|-damage|p1a: Froslass|0 fnt\n|faint|p1a: Froslass\n|-ability|p2a: CELL|Beast Boost|boost\n|-boost|p2a: CELL|spe|1\n|\n|-damage|p2a: CELL|70\/100 brn|[from] brn\n|upkeep\n|\n|t:|1701033355\n|switch|p1a: Ninetales|Ninetales-Alola, M, shiny|59\/100\n|-weather|Snow|[from] ability: Snow Warning|[of] p1a: Ninetales\n|turn|8\n|\n|t:|1701033362\n|move|p2a: CELL|Rapid Spin|p1a: Ninetales\n|-damage|p1a: Ninetales|52\/100\n|-boost|p2a: CELL|spe|1\n|-sideend|p2: vic_ketchum|Spikes|[from] move: Rapid Spin|[of] p2a: CELL\n|move|p1a: Ninetales|Moonblast|p2a: CELL\n|-supereffective|p2a: CELL\n|-damage|p2a: CELL|0 fnt\n|faint|p2a: CELL\n|\n|-weather|Snow|[upkeep]\n|-heal|p1a: Ninetales|58\/100|[from] item: Leftovers\n|upkeep\n|\n|t:|1701033379\n|switch|p2a: XICOR|Scizor, M, shiny|100\/100\n|turn|9\n|\n|t:|1701033386\n|switch|p1a: Arctozolt|Arctozolt, shiny|100\/100\n|move|p2a: XICOR|Flamethrower|p1a: Arctozolt\n|-supereffective|p1a: Arctozolt\n|-damage|p1a: Arctozolt|39\/100\n|\n|-weather|Snow|[upkeep]\n|-heal|p1a: Arctozolt|45\/100|[from] item: Leftovers\n|upkeep\n|turn|10\n|\n|t:|1701033397\n|-terastallize|p1a: Arctozolt|Electric\n|move|p1a: Arctozolt|Bolt Beak|p2a: XICOR\n|-enditem|p2a: XICOR|Focus Sash\n|-damage|p2a: XICOR|1\/100\n|replace|p2a: ZAMAS|Zoroark, M\n|-end|p2a: ZAMAS|Illusion\n|move|p2a: ZAMAS|Flamethrower|p1a: Arctozolt\n|-crit|p1a: Arctozolt\n|-damage|p1a: Arctozolt|3\/100\n|\n|-weather|Snow|[upkeep]\n|-heal|p1a: Arctozolt|9\/100|[from] item: Leftovers\n|upkeep\n|turn|11\n|\n|t:|1701033410\n|move|p1a: Arctozolt|Bolt Beak|p2a: ZAMAS\n|-damage|p2a: ZAMAS|0 fnt\n|faint|p2a: ZAMAS\n|\n|-weather|Snow|[upkeep]\n|-heal|p1a: Arctozolt|15\/100|[from] item: Leftovers\n|upkeep\n|\n|t:|1701033417\n|switch|p2a: 1 ESTRELLA|Hydreigon, M|100\/100\n|turn|12\n|\n|t:|1701033423\n|move|p1a: Arctozolt|Icicle Crash|p2a: 1 ESTRELLA\n|-supereffective|p2a: 1 ESTRELLA\n|-damage|p2a: 1 ESTRELLA|30\/100\n|move|p2a: 1 ESTRELLA|Earthquake|p1a: Arctozolt\n|-supereffective|p1a: Arctozolt\n|-damage|p1a: Arctozolt|0 fnt\n|faint|p1a: Arctozolt\n|\n|-weather|none\n|upkeep\n|\n|t:|1701033434\n|switch|p1a: Ninetales|Ninetales-Alola, M, shiny|58\/100\n|-weather|Snow|[from] ability: Snow Warning|[of] p1a: Ninetales\n|turn|13\n|\n|t:|1701033444\n|move|p1a: Ninetales|Aurora Veil|p1a: Ninetales\n|-sidestart|p1: kingkonger666|move: Aurora Veil\n|move|p2a: 1 ESTRELLA|Earthquake|p1a: Ninetales\n|-damage|p1a: Ninetales|47\/100\n|\n|-weather|Snow|[upkeep]\n|-heal|p1a: Ninetales|53\/100|[from] item: Leftovers\n|upkeep\n|turn|14\n|\n|t:|1701033455\n|move|p1a: Ninetales|Moonblast|p2a: 1 ESTRELLA\n|-supereffective|p2a: 1 ESTRELLA\n|-damage|p2a: 1 ESTRELLA|0 fnt\n|faint|p2a: 1 ESTRELLA\n|\n|-weather|Snow|[upkeep]\n|-heal|p1a: Ninetales|60\/100|[from] item: Leftovers\n|upkeep\n|\n|t:|1701033462\n|switch|p2a: MAJIN BUU|Deoxys|100\/100\n|-ability|p2a: MAJIN BUU|Pressure\n|turn|15\n|\n|t:|1701033470\n|move|p2a: MAJIN BUU|Psychic|p1a: Ninetales\n|-damage|p1a: Ninetales|34\/100\n|move|p1a: Ninetales|Moonblast|p2a: MAJIN BUU\n|-damage|p2a: MAJIN BUU|41\/100\n|\n|-weather|Snow|[upkeep]\n|-heal|p1a: Ninetales|40\/100|[from] item: Leftovers\n|upkeep\n|turn|16\n|\n|t:|1701033479\n|move|p2a: MAJIN BUU|Psychic|p1a: Ninetales\n|-damage|p1a: Ninetales|13\/100\n|move|p1a: Ninetales|Moonblast|p2a: MAJIN BUU\n|-damage|p2a: MAJIN BUU|0 fnt\n|faint|p2a: MAJIN BUU\n|\n|-weather|Snow|[upkeep]\n|-heal|p1a: Ninetales|19\/100|[from] item: Leftovers\n|upkeep\n|\n|t:|1701033488\n|switch|p2a: FREEZER|Mewtwo|100\/100\n|-ability|p2a: FREEZER|Pressure\n|turn|17\n|\n|t:|1701033495\n|move|p2a: FREEZER|Flamethrower|p1a: Ninetales\n|-supereffective|p1a: Ninetales\n|-damage|p1a: Ninetales|0 fnt\n|faint|p1a: Ninetales\n|\n|-weather|none\n|-sideend|p1: kingkonger666|move: Aurora Veil\n|upkeep\n|\n|t:|1701033501\n|switch|p1a: Aurorus|Aurorus, F, shiny|100\/100\n|-weather|Snow|[from] ability: Snow Warning|[of] p1a: Aurorus\n|turn|18\n|\n|t:|1701033507\n|move|p2a: FREEZER|Flamethrower|p1a: Aurorus\n|-damage|p1a: Aurorus|74\/100\n|move|p1a: Aurorus|Aurora Veil|p1a: Aurorus\n|-sidestart|p1: kingkonger666|move: Aurora Veil\n|\n|-weather|Snow|[upkeep]\n|upkeep\n|turn|19\n|\n|t:|1701033516\n|move|p2a: FREEZER|Poison Jab|p1a: Aurorus\n|-resisted|p1a: Aurorus\n|-crit|p1a: Aurorus\n|-damage|p1a: Aurorus|63\/100\n|-status|p1a: Aurorus|psn\n|move|p1a: Aurorus|Meteor Beam||[still]\n|-prepare|p1a: Aurorus|Meteor Beam\n|-boost|p1a: Aurorus|spa|1\n|-enditem|p1a: Aurorus|Power Herb\n|-anim|p1a: Aurorus|Meteor Beam|p2a: FREEZER\n|-damage|p2a: FREEZER|23\/100\n|\n|-weather|Snow|[upkeep]\n|-damage|p1a: Aurorus|51\/100 psn|[from] psn\n|upkeep\n|turn|20\n|\n|t:|1701033530\n|move|p2a: FREEZER|Flamethrower|p1a: Aurorus\n|-damage|p1a: Aurorus|39\/100 psn\n|move|p1a: Aurorus|Blizzard|p2a: FREEZER\n|-damage|p2a: FREEZER|0 fnt\n|faint|p2a: FREEZER\n|\n|-weather|Snow|[upkeep]\n|-damage|p1a: Aurorus|27\/100 psn|[from] psn\n|upkeep\n|\n|t:|1701033539\n|switch|p2a: XICOR|Scizor, M, shiny|100\/100\n|turn|21\n|\n|t:|1701033546\n|move|p2a: XICOR|Swords Dance|p2a: XICOR\n|-boost|p2a: XICOR|atk|2\n|move|p1a: Aurorus|Earth Power|p2a: XICOR\n|-damage|p2a: XICOR|55\/100\n|\n|-weather|Snow|[upkeep]\n|-damage|p1a: Aurorus|14\/100 psn|[from] psn\n|upkeep\n|turn|22\n|\n|t:|1701033555\n|move|p2a: XICOR|Swords Dance|p2a: XICOR\n|-boost|p2a: XICOR|atk|2\n|move|p1a: Aurorus|Earth Power|p2a: XICOR\n|-damage|p2a: XICOR|10\/100\n|\n|-weather|none\n|-damage|p1a: Aurorus|2\/100 psn|[from] psn\n|-sideend|p1: kingkonger666|move: Aurora Veil\n|upkeep\n|turn|23\n|\n|t:|1701033563\n|move|p2a: XICOR|Bullet Punch|p1a: Aurorus\n|-supereffective|p1a: Aurorus\n|-crit|p1a: Aurorus\n|-damage|p1a: Aurorus|0 fnt\n|faint|p1a: Aurorus\n|\n|upkeep\n|\n|t:|1701033567\n|switch|p1a: Abomasnow|Abomasnow, M, shiny|100\/100\n|-weather|Snow|[from] ability: Snow Warning|[of] p1a: Abomasnow\n|turn|24\n|\n|t:|1701033573\n|detailschange|p1a: Abomasnow|Abomasnow-Mega, M, shiny\n|-mega|p1a: Abomasnow|Abomasnow|Abomasite\n|move|p2a: XICOR|Bullet Punch|p1a: Abomasnow\n|-supereffective|p1a: Abomasnow\n|-damage|p1a: Abomasnow|0 fnt\n|faint|p1a: Abomasnow\n|\n|-weather|Snow|[upkeep]\n|upkeep\n|\n|t:|1701033579\n|switch|p1a: Darmanitan|Darmanitan-Galar, M, shiny|100\/100\n|turn|25\n|\n|t:|1701033584\n|move|p2a: XICOR|Bullet Punch|p1a: Darmanitan\n|-supereffective|p1a: Darmanitan\n|-crit|p1a: Darmanitan\n|-damage|p1a: Darmanitan|0 fnt\n|faint|p1a: Darmanitan\n|\n|win|vic_ketchum\n|raw|kingkonger666's rating: 1178 &rarr; <strong>1158<\/strong><br \/>(-20 for losing)\n|raw|vic_ketchum's rating: 1252 &rarr; <strong>1272<\/strong><br \/>(+20 for winning)\n|c|\u2606vic_ketchum|yeah\n|l|\u2606kingkonger666\n","uploadtime":1701033609,"views":4,"p1id":"kingkonger666","p2id":"vicketchum","formatid":"gen9nationaldexubers","rating":1158,"private":0,"password":""}