{"id":"gen9nationaldexubers-1982894080","p1":"sauron379","p2":"subat911","format":"[Gen 9] National Dex Ubers","log":"|j|\u2606sauron379\n|j|\u2606subat911\n|t:|1699055801\n|gametype|singles\n|player|p1|sauron379|hilbert|1407\n|player|p2|subat911|schoolkidf|1485\n|teamsize|p1|6\n|teamsize|p2|6\n|gen|9\n|tier|[Gen 9] National Dex Ubers\n|rated|\n|rule|HP Percentage Mod: HP is shown in percentages\n|rule|Endless Battle Clause: Forcing endless battles is banned\n|rule|OHKO Clause: OHKO moves are banned\n|rule|Evasion Moves Clause: Evasion moves are banned\n|rule|Evasion Items Clause: Evasion items are banned\n|rule|Species Clause: Limit one of each Pok\u00e9mon\n|rule|Sleep Clause Mod: Limit one foe put to sleep\n|rule|Mega Rayquaza Clause: You cannot mega evolve Rayquaza\n|clearpoke\n|poke|p1|Zygarde|\n|poke|p1|Ho-Oh|\n|poke|p1|Groudon|\n|poke|p1|Eternatus|\n|poke|p1|Calyrex-Ice|\n|poke|p1|Yveltal|\n|poke|p2|Urshifu-*, F|\n|poke|p2|Aggron, M|\n|poke|p2|Kyogre|\n|poke|p2|Blacephalon|\n|poke|p2|Zygarde|\n|poke|p2|Blissey, F|\n|teampreview\n|\n|t:|1699055828\n|start\n|switch|p1a: Zygarde|Zygarde|100\/100\n|switch|p2a: Urshifu|Urshifu, F|100\/100\n|turn|1\n|inactive|Battle timer is ON: inactive players will automatically lose when time's up. (requested by subat911)\n|\n|t:|1699055834\n|move|p2a: Urshifu|Drain Punch|p1a: Zygarde\n|-damage|p1a: Zygarde|78\/100\n|move|p1a: Zygarde|Thousand Waves|p2a: Urshifu\n|-damage|p2a: Urshifu|76\/100\n|-activate|p2a: Urshifu|trapped\n|\n|-heal|p1a: Zygarde|85\/100|[from] item: Leftovers\n|upkeep\n|turn|2\n|\n|t:|1699055844\n|move|p2a: Urshifu|Drain Punch|p1a: Zygarde\n|-damage|p1a: Zygarde|64\/100\n|-heal|p2a: Urshifu|88\/100|[from] drain|[of] p1a: Zygarde\n|move|p1a: Zygarde|Dragon Dance|p1a: Zygarde\n|-boost|p1a: Zygarde|atk|1\n|-boost|p1a: Zygarde|spe|1\n|\n|-heal|p1a: Zygarde|70\/100|[from] item: Leftovers\n|upkeep\n|turn|3\n|\n|t:|1699055853\n|move|p1a: Zygarde|Dragon Dance|p1a: Zygarde\n|-boost|p1a: Zygarde|atk|1\n|-boost|p1a: Zygarde|spe|1\n|move|p2a: Urshifu|Ice Punch|p1a: Zygarde\n|-supereffective|p1a: Zygarde\n|-damage|p1a: Zygarde|8\/100\n|\n|-heal|p1a: Zygarde|14\/100|[from] item: Leftovers\n|-activate|p1a: Zygarde|ability: Power Construct\n|detailschange|p1a: Zygarde|Zygarde-Complete\n|-heal|p1a: Zygarde|43\/100|[silent]\n|upkeep\n|turn|4\n|inactive|sauron379 has 120 seconds left.\n|\n|t:|1699055884\n|-terastallize|p1a: Zygarde|Ground\n|move|p1a: Zygarde|Dragon Dance|p1a: Zygarde\n|-boost|p1a: Zygarde|atk|1\n|-boost|p1a: Zygarde|spe|1\n|move|p2a: Urshifu|Ice Punch|p1a: Zygarde\n|-supereffective|p1a: Zygarde\n|-damage|p1a: Zygarde|25\/100\n|\n|-heal|p1a: Zygarde|31\/100|[from] item: Leftovers\n|upkeep\n|turn|5\n|inactive|sauron379 has 120 seconds left.\n|\n|t:|1699055896\n|move|p1a: Zygarde|Dragon Dance|p1a: Zygarde\n|-boost|p1a: Zygarde|atk|1\n|-boost|p1a: Zygarde|spe|1\n|move|p2a: Urshifu|Wicked Blow|p1a: Zygarde\n|-crit|p1a: Zygarde\n|-damage|p1a: Zygarde|9\/100\n|\n|-heal|p1a: Zygarde|15\/100|[from] item: Leftovers\n|upkeep\n|turn|6\n|\n|t:|1699055907\n|move|p2a: Urshifu|Sucker Punch||[still]\n|-fail|p2a: Urshifu\n|move|p1a: Zygarde|Rest|p1a: Zygarde\n|-status|p1a: Zygarde|slp|[from] move: Rest\n|-heal|p1a: Zygarde|100\/100 slp|[silent]\n|\n|upkeep\n|turn|7\n|\n|t:|1699055920\n|cant|p1a: Zygarde|slp\n|move|p2a: Urshifu|Wicked Blow|p1a: Zygarde\n|-crit|p1a: Zygarde\n|-damage|p1a: Zygarde|77\/100 slp\n|\n|-heal|p1a: Zygarde|83\/100 slp|[from] item: Leftovers\n|upkeep\n|turn|8\n|\n|t:|1699055926\n|cant|p1a: Zygarde|slp\n|move|p2a: Urshifu|Wicked Blow|p1a: Zygarde\n|-crit|p1a: Zygarde\n|-damage|p1a: Zygarde|62\/100 slp\n|\n|-heal|p1a: Zygarde|68\/100 slp|[from] item: Leftovers\n|upkeep\n|turn|9\n|\n|t:|1699055932\n|-curestatus|p1a: Zygarde|slp|[msg]\n|move|p1a: Zygarde|Dragon Dance|p1a: Zygarde\n|-boost|p1a: Zygarde|atk|1\n|-boost|p1a: Zygarde|spe|1\n|move|p2a: Urshifu|Wicked Blow|p1a: Zygarde\n|-crit|p1a: Zygarde\n|-damage|p1a: Zygarde|46\/100\n|\n|-heal|p1a: Zygarde|52\/100|[from] item: Leftovers\n|upkeep\n|turn|10\n|\n|t:|1699055942\n|move|p1a: Zygarde|Dragon Dance|p1a: Zygarde\n|-boost|p1a: Zygarde|atk|1\n|-boost|p1a: Zygarde|spe|1\n|move|p2a: Urshifu|Wicked Blow|p1a: Zygarde\n|-crit|p1a: Zygarde\n|-damage|p1a: Zygarde|31\/100\n|\n|-heal|p1a: Zygarde|37\/100|[from] item: Leftovers\n|upkeep\n|turn|11\n|\n|t:|1699055950\n|move|p1a: Zygarde|Rest|p1a: Zygarde\n|-status|p1a: Zygarde|slp|[from] move: Rest\n|-heal|p1a: Zygarde|100\/100 slp|[silent]\n|move|p2a: Urshifu|Wicked Blow|p1a: Zygarde\n|-crit|p1a: Zygarde\n|-damage|p1a: Zygarde|80\/100 slp\n|\n|-heal|p1a: Zygarde|86\/100 slp|[from] item: Leftovers\n|upkeep\n|turn|12\n|\n|t:|1699055958\n|cant|p1a: Zygarde|slp\n|move|p2a: Urshifu|Wicked Blow|p1a: Zygarde\n|-crit|p1a: Zygarde\n|-damage|p1a: Zygarde|65\/100 slp\n|\n|-heal|p1a: Zygarde|71\/100 slp|[from] item: Leftovers\n|upkeep\n|turn|13\n|\n|t:|1699055966\n|cant|p1a: Zygarde|slp\n|move|p2a: Urshifu|Wicked Blow|p1a: Zygarde\n|-crit|p1a: Zygarde\n|-damage|p1a: Zygarde|48\/100 slp\n|\n|-heal|p1a: Zygarde|54\/100 slp|[from] item: Leftovers\n|upkeep\n|turn|14\n|\n|t:|1699055973\n|-curestatus|p1a: Zygarde|slp|[msg]\n|move|p1a: Zygarde|Thousand Waves|p2a: Urshifu\n|-damage|p2a: Urshifu|0 fnt\n|faint|p2a: Urshifu\n|\n|-heal|p1a: Zygarde|60\/100|[from] item: Leftovers\n|upkeep\n|\n|t:|1699055981\n|switch|p2a: Aggron|Aggron, M|100\/100\n|turn|15\n|\n|t:|1699055985\n|move|p1a: Zygarde|Thousand Waves|p2a: Aggron\n|-supereffective|p2a: Aggron\n|-ability|p2a: Aggron|Sturdy\n|-damage|p2a: Aggron|1\/100\n|-activate|p2a: Aggron|trapped\n|move|p2a: Aggron|Roar|p1a: Zygarde\n|drag|p1a: Groudon|Groudon|100\/100\n|detailschange|p1a: Groudon|Groudon-Primal\n|-primal|p1a: Groudon|Red Orb\n|-weather|DesolateLand|[from] ability: Desolate Land|[of] p1a: Groudon\n|\n|-weather|DesolateLand|[upkeep]\n|upkeep\n|turn|16\n|\n|t:|1699055996\n|detailschange|p2a: Aggron|Aggron-Mega, M\n|-mega|p2a: Aggron|Aggron|Aggronite\n|move|p1a: Groudon|Stealth Rock|p2a: Aggron\n|-sidestart|p2: subat911|move: Stealth Rock\n|move|p2a: Aggron|Stealth Rock|p1a: Groudon\n|-sidestart|p1: sauron379|move: Stealth Rock\n|\n|-weather|DesolateLand|[upkeep]\n|upkeep\n|turn|17\n|\n|t:|1699056007\n|move|p1a: Groudon|Precipice Blades|p2a: Aggron|[miss]\n|-miss|p1a: Groudon|p2a: Aggron\n|move|p2a: Aggron|Roar|p1a: Groudon\n|-weather|none\n|drag|p1a: Yveltal|Yveltal|100\/100\n|-damage|p1a: Yveltal|76\/100|[from] Stealth Rock\n|-ability|p1a: Yveltal|Dark Aura\n|\n|upkeep\n|turn|18\n|\n|t:|1699056017\n|move|p1a: Yveltal|Oblivion Wing|p2a: Aggron\n|-resisted|p2a: Aggron\n|-damage|p2a: Aggron|0 fnt\n|-heal|p1a: Yveltal|76\/100|[from] drain|[of] p2a: Aggron\n|faint|p2a: Aggron\n|-damage|p1a: Yveltal|66\/100|[from] item: Life Orb\n|\n|upkeep\n|\n|t:|1699056023\n|switch|p2a: Zygarde|Zygarde|100\/100\n|-damage|p2a: Zygarde|94\/100|[from] Stealth Rock\n|turn|19\n|\n|t:|1699056033\n|move|p1a: Yveltal|Dark Pulse|p2a: Zygarde\n|-damage|p2a: Zygarde|29\/100\n|-damage|p1a: Yveltal|56\/100|[from] item: Life Orb\n|move|p2a: Zygarde|Coil|p2a: Zygarde\n|-boost|p2a: Zygarde|atk|1\n|-boost|p2a: Zygarde|def|1\n|-boost|p2a: Zygarde|accuracy|1\n|\n|-heal|p2a: Zygarde|35\/100|[from] item: Leftovers\n|-activate|p2a: Zygarde|ability: Power Construct\n|detailschange|p2a: Zygarde|Zygarde-Complete\n|-heal|p2a: Zygarde|59\/100|[silent]\n|upkeep\n|turn|20\n|\n|t:|1699056046\n|move|p1a: Yveltal|Dark Pulse|p2a: Zygarde\n|-damage|p2a: Zygarde|18\/100\n|-damage|p1a: Yveltal|46\/100|[from] item: Life Orb\n|move|p2a: Zygarde|Rest|p2a: Zygarde\n|-status|p2a: Zygarde|slp|[from] move: Rest\n|-heal|p2a: Zygarde|100\/100 slp|[silent]\n|\n|upkeep\n|turn|21\n|\n|t:|1699056055\n|switch|p1a: Ho-Oh|Ho-Oh|100\/100\n|-ability|p1a: Ho-Oh|Pressure\n|cant|p2a: Zygarde|slp\n|move|p2a: Zygarde|Sleep Talk|p2a: Zygarde\n|move|p2a: Zygarde|Thousand Arrows|p1a: Ho-Oh|[from]move: Sleep Talk\n|-damage|p1a: Ho-Oh|62\/100\n|-start|p1a: Ho-Oh|Smack Down\n|\n|upkeep\n|turn|22\n|\n|t:|1699056073\n|cant|p2a: Zygarde|slp\n|move|p2a: Zygarde|Sleep Talk|p2a: Zygarde\n|move|p2a: Zygarde|Coil|p2a: Zygarde|[from]move: Sleep Talk\n|-boost|p2a: Zygarde|atk|1\n|-boost|p2a: Zygarde|def|1\n|-boost|p2a: Zygarde|accuracy|1\n|move|p1a: Ho-Oh|Whirlwind|p2a: Zygarde\n|drag|p2a: Kyogre|Kyogre|100\/100\n|-damage|p2a: Kyogre|88\/100|[from] Stealth Rock\n|detailschange|p2a: Kyogre|Kyogre-Primal\n|-primal|p2a: Kyogre|Blue Orb\n|-weather|PrimordialSea|[from] ability: Primordial Sea|[of] p2a: Kyogre\n|\n|-weather|PrimordialSea|[upkeep]\n|upkeep\n|turn|23\n|\n|t:|1699056087\n|move|p1a: Ho-Oh|Toxic|p2a: Kyogre\n|-status|p2a: Kyogre|tox\n|move|p2a: Kyogre|Origin Pulse|p1a: Ho-Oh\n|-supereffective|p1a: Ho-Oh\n|-damage|p1a: Ho-Oh|0 fnt\n|faint|p1a: Ho-Oh\n|\n|-weather|PrimordialSea|[upkeep]\n|-damage|p2a: Kyogre|82\/100 tox|[from] psn\n|upkeep\n|\n|t:|1699056096\n|switch|p1a: Groudon|Groudon-Primal|100\/100\n|-damage|p1a: Groudon|88\/100|[from] Stealth Rock\n|-weather|DesolateLand|[from] ability: Desolate Land|[of] p1a: Groudon\n|turn|24\n|\n|t:|1699056105\n|move|p1a: Groudon|Precipice Blades|p2a: Kyogre\n|-damage|p2a: Kyogre|21\/100 tox\n|move|p2a: Kyogre|Ice Beam|p1a: Groudon\n|-damage|p1a: Groudon|59\/100\n|\n|-weather|DesolateLand|[upkeep]\n|-damage|p2a: Kyogre|9\/100 tox|[from] psn\n|upkeep\n|turn|25\n|\n|t:|1699056112\n|move|p1a: Groudon|Precipice Blades|p2a: Kyogre\n|-damage|p2a: Kyogre|0 fnt\n|faint|p2a: Kyogre\n|\n|-weather|DesolateLand|[upkeep]\n|upkeep\n|\n|t:|1699056119\n|switch|p2a: Zygarde|Zygarde-Complete|100\/100 slp\n|-damage|p2a: Zygarde|94\/100 slp|[from] Stealth Rock\n|turn|26\n|\n|t:|1699056124\n|-weather|none\n|switch|p1a: Eternatus|Eternatus|100\/100\n|-damage|p1a: Eternatus|88\/100|[from] Stealth Rock\n|-ability|p1a: Eternatus|Pressure\n|-curestatus|p2a: Zygarde|slp|[msg]\n|move|p2a: Zygarde|Coil|p2a: Zygarde\n|-boost|p2a: Zygarde|atk|1\n|-boost|p2a: Zygarde|def|1\n|-boost|p2a: Zygarde|accuracy|1\n|\n|-heal|p2a: Zygarde|100\/100|[from] item: Leftovers\n|upkeep\n|turn|27\n|\n|t:|1699056136\n|-terastallize|p2a: Zygarde|Water\n|move|p1a: Eternatus|Dynamax Cannon|p2a: Zygarde\n|-damage|p2a: Zygarde|65\/100\n|move|p2a: Zygarde|Thousand Arrows|p1a: Eternatus\n|-supereffective|p1a: Eternatus\n|-damage|p1a: Eternatus|0 fnt\n|faint|p1a: Eternatus\n|\n|-heal|p2a: Zygarde|71\/100|[from] item: Leftovers\n|upkeep\n|\n|t:|1699056150\n|switch|p1a: Groudon|Groudon-Primal|59\/100\n|-damage|p1a: Groudon|46\/100|[from] Stealth Rock\n|-weather|DesolateLand|[from] ability: Desolate Land|[of] p1a: Groudon\n|turn|28\n|\n|t:|1699056157\n|move|p1a: Groudon|Toxic|p2a: Zygarde\n|-status|p2a: Zygarde|tox\n|move|p2a: Zygarde|Thousand Arrows|p1a: Groudon\n|-supereffective|p1a: Groudon\n|-damage|p1a: Groudon|0 fnt\n|faint|p1a: Groudon\n|-weather|none\n|\n|-heal|p2a: Zygarde|77\/100 tox|[from] item: Leftovers\n|-damage|p2a: Zygarde|71\/100 tox|[from] psn\n|upkeep\n|\n|t:|1699056167\n|switch|p1a: Zygarde|Zygarde-Complete, tera:Ground|60\/100\n|-damage|p1a: Zygarde|54\/100|[from] Stealth Rock\n|turn|29\n|\n|t:|1699056175\n|move|p1a: Zygarde|Dragon Dance|p1a: Zygarde\n|-boost|p1a: Zygarde|atk|1\n|-boost|p1a: Zygarde|spe|1\n|move|p2a: Zygarde|Rest|p2a: Zygarde\n|-status|p2a: Zygarde|slp|[from] move: Rest\n|-heal|p2a: Zygarde|100\/100 slp|[silent]\n|\n|-heal|p1a: Zygarde|60\/100|[from] item: Leftovers\n|upkeep\n|turn|30\n|\n|t:|1699056186\n|move|p1a: Zygarde|Dragon Dance|p1a: Zygarde\n|-boost|p1a: Zygarde|atk|1\n|-boost|p1a: Zygarde|spe|1\n|cant|p2a: Zygarde|slp\n|move|p2a: Zygarde|Sleep Talk|p2a: Zygarde\n|move|p2a: Zygarde|Thousand Arrows|p1a: Zygarde|[from]move: Sleep Talk\n|-damage|p1a: Zygarde|37\/100\n|\n|-heal|p1a: Zygarde|43\/100|[from] item: Leftovers\n|upkeep\n|turn|31\n|\n|t:|1699056195\n|move|p1a: Zygarde|Dragon Dance|p1a: Zygarde\n|-boost|p1a: Zygarde|atk|1\n|-boost|p1a: Zygarde|spe|1\n|cant|p2a: Zygarde|slp\n|move|p2a: Zygarde|Sleep Talk|p2a: Zygarde\n|move|p2a: Zygarde|Coil|p2a: Zygarde|[from]move: Sleep Talk\n|-boost|p2a: Zygarde|atk|1\n|-boost|p2a: Zygarde|def|1\n|-boost|p2a: Zygarde|accuracy|1\n|\n|-heal|p1a: Zygarde|50\/100|[from] item: Leftovers\n|upkeep\n|turn|32\n|\n|t:|1699056205\n|move|p1a: Zygarde|Dragon Dance|p1a: Zygarde\n|-boost|p1a: Zygarde|atk|1\n|-boost|p1a: Zygarde|spe|1\n|-curestatus|p2a: Zygarde|slp|[msg]\n|move|p2a: Zygarde|Coil|p2a: Zygarde\n|-boost|p2a: Zygarde|atk|1\n|-boost|p2a: Zygarde|def|1\n|-boost|p2a: Zygarde|accuracy|1\n|\n|-heal|p1a: Zygarde|56\/100|[from] item: Leftovers\n|upkeep\n|turn|33\n|\n|t:|1699056216\n|move|p1a: Zygarde|Dragon Dance|p1a: Zygarde\n|-boost|p1a: Zygarde|atk|1\n|-boost|p1a: Zygarde|spe|1\n|move|p2a: Zygarde|Coil|p2a: Zygarde\n|-boost|p2a: Zygarde|atk|1\n|-boost|p2a: Zygarde|def|1\n|-boost|p2a: Zygarde|accuracy|1\n|\n|-heal|p1a: Zygarde|62\/100|[from] item: Leftovers\n|upkeep\n|turn|34\n|\n|t:|1699056225\n|move|p1a: Zygarde|Dragon Dance|p1a: Zygarde\n|-boost|p1a: Zygarde|atk|1\n|-boost|p1a: Zygarde|spe|1\n|move|p2a: Zygarde|Coil|p2a: Zygarde\n|-boost|p2a: Zygarde|atk|1\n|-boost|p2a: Zygarde|def|1\n|-boost|p2a: Zygarde|accuracy|1\n|\n|-heal|p1a: Zygarde|68\/100|[from] item: Leftovers\n|upkeep\n|turn|35\n|\n|t:|1699056233\n|move|p1a: Zygarde|Thousand Arrows|p2a: Zygarde\n|-damage|p2a: Zygarde|80\/100\n|move|p2a: Zygarde|Thousand Arrows|p1a: Zygarde\n|-damage|p1a: Zygarde|15\/100\n|\n|-heal|p1a: Zygarde|21\/100|[from] item: Leftovers\n|-heal|p2a: Zygarde|86\/100|[from] item: Leftovers\n|upkeep\n|turn|36\n|\n|t:|1699056242\n|move|p1a: Zygarde|Thousand Arrows|p2a: Zygarde\n|-damage|p2a: Zygarde|65\/100\n|move|p2a: Zygarde|Thousand Arrows|p1a: Zygarde\n|-damage|p1a: Zygarde|0 fnt\n|faint|p1a: Zygarde\n|\n|-heal|p2a: Zygarde|72\/100|[from] item: Leftovers\n|upkeep\n|\n|t:|1699056251\n|switch|p1a: Yveltal|Yveltal|46\/100\n|-damage|p1a: Yveltal|21\/100|[from] Stealth Rock\n|-ability|p1a: Yveltal|Dark Aura\n|turn|37\n|\n|t:|1699056262\n|switch|p2a: Blissey|Blissey, F|100\/100\n|-damage|p2a: Blissey|88\/100|[from] Stealth Rock\n|move|p1a: Yveltal|Oblivion Wing|p2a: Blissey\n|-damage|p2a: Blissey|70\/100\n|-heal|p1a: Yveltal|45\/100|[from] drain|[of] p2a: Blissey\n|-damage|p1a: Yveltal|35\/100|[from] item: Life Orb\n|\n|-heal|p2a: Blissey|77\/100|[from] item: Leftovers\n|upkeep\n|turn|38\n|-message|sauron379 forfeited.\n|\n|win|subat911\n|raw|sauron379's rating: 1407 &rarr; <strong>1391<\/strong><br \/>(-16 for losing)\n|raw|subat911's rating: 1485 &rarr; <strong>1501<\/strong><br \/>(+16 for winning)\n|l|\u2606sauron379\n","uploadtime":1699056298,"views":7,"p1id":"sauron379","p2id":"subat911","formatid":"gen9nationaldexubers","rating":1391,"private":0,"password":""}