{"id":"gen9nationaldexubers-1979709967","p1":"Rayquaza59","p2":"Plastic_hand","format":"[Gen 9] National Dex Ubers","log":"|j|\u2606Rayquaza59\n|j|\u2606Plastic_hand\n|t:|1698705429\n|gametype|singles\n|player|p1|Rayquaza59|unknownf|\n|player|p2|Plastic_hand|shauntal|\n|teamsize|p1|2\n|teamsize|p2|2\n|gen|9\n|tier|[Gen 9] National Dex Ubers\n|rule|HP Percentage Mod: HP is shown in percentages\n|rule|Endless Battle Clause: Forcing endless battles is banned\n|rule|OHKO Clause: OHKO moves are banned\n|rule|Evasion Moves Clause: Evasion moves are banned\n|rule|Evasion Items Clause: Evasion items are banned\n|rule|Species Clause: Limit one of each Pok\u00e9mon\n|rule|Sleep Clause Mod: Limit one foe put to sleep\n|rule|Mega Rayquaza Clause: You cannot mega evolve Rayquaza\n|clearpoke\n|poke|p1|Froakie, L10, F|\n|poke|p1|Tyrunt, L10, F|\n|poke|p2|Flabe\u0301be\u0301-Yellow, L11, F|\n|poke|p2|Mimikyu, L11, F|\n|teampreview\n|\n|t:|1698705440\n|start\n|switch|p1a: Tyrunt|Tyrunt, L10, F, shiny|100\/100\n|switch|p2a: Flabe\u0301be\u0301|Flabe\u0301be\u0301-Yellow, L11, F|100\/100\n|turn|1\n|\n|t:|1698705455\n|move|p1a: Tyrunt|Fire Fang|p2a: Flabe\u0301be\u0301\n|-damage|p2a: Flabe\u0301be\u0301|48\/100\n|cant|p2a: Flabe\u0301be\u0301|flinch\n|\n|upkeep\n|turn|2\n|\n|t:|1698705474\n|move|p1a: Tyrunt|Fire Fang|p2a: Flabe\u0301be\u0301\n|-damage|p2a: Flabe\u0301be\u0301|0 fnt\n|faint|p2a: Flabe\u0301be\u0301\n|\n|upkeep\n|\n|t:|1698705477\n|switch|p2a: Mimikyu|Mimikyu, L11, F|100\/100\n|turn|3\n|\n|t:|1698705482\n|move|p2a: Mimikyu|Copycat|p2a: Mimikyu\n|move|p2a: Mimikyu|Fire Fang|p1a: Tyrunt|[from]move: Copycat\n|-resisted|p1a: Tyrunt\n|-damage|p1a: Tyrunt|95\/100\n|-status|p1a: Tyrunt|brn\n|move|p1a: Tyrunt|Toxic|p2a: Mimikyu\n|-status|p2a: Mimikyu|tox\n|\n|-damage|p2a: Mimikyu|95\/100 tox|[from] psn\n|-damage|p1a: Tyrunt|89\/100 brn|[from] brn\n|upkeep\n|turn|4\n|\n|t:|1698705501\n|move|p2a: Mimikyu|Copycat|p2a: Mimikyu\n|move|p2a: Mimikyu|Toxic||[from]move: Copycat|[still]\n|-fail|p2a: Mimikyu\n|move|p1a: Tyrunt|Fire Fang|p2a: Mimikyu\n|-activate|p2a: Mimikyu|ability: Disguise\n|-damage|p2a: Mimikyu|95\/100 tox\n|detailschange|p2a: Mimikyu|Mimikyu-Busted, L11, F\n|-damage|p2a: Mimikyu|84\/100 tox|[from] pokemon: Mimikyu-Busted\n|\n|-damage|p2a: Mimikyu|73\/100 tox|[from] psn\n|-damage|p1a: Tyrunt|83\/100 brn|[from] brn\n|upkeep\n|turn|5\n|\n|t:|1698705522\n|move|p2a: Mimikyu|Shadow Sneak|p1a: Tyrunt\n|-damage|p1a: Tyrunt|55\/100 brn\n|move|p1a: Tyrunt|Fire Fang|p2a: Mimikyu\n|-damage|p2a: Mimikyu|59\/100 tox\n|\n|-damage|p2a: Mimikyu|42\/100 tox|[from] psn\n|-damage|p1a: Tyrunt|49\/100 brn|[from] brn\n|upkeep\n|turn|6\n|\n|t:|1698705531\n|move|p2a: Mimikyu|Shadow Sneak|p1a: Tyrunt\n|-damage|p1a: Tyrunt|20\/100 brn\n|move|p1a: Tyrunt|Fire Fang|p2a: Mimikyu\n|-damage|p2a: Mimikyu|28\/100 tox\n|\n|-damage|p2a: Mimikyu|6\/100 tox|[from] psn\n|-damage|p1a: Tyrunt|15\/100 brn|[from] brn\n|upkeep\n|turn|7\n|\n|t:|1698705543\n|switch|p1a: Froakie|Froakie, L10, F|100\/100\n|move|p2a: Mimikyu|Scratch|p1a: Froakie\n|-damage|p1a: Froakie|59\/100\n|\n|-damage|p2a: Mimikyu|0 fnt|[from] psn\n|faint|p2a: Mimikyu\n|\n|win|Rayquaza59\n|upkeep\n","uploadtime":1698705551,"views":7,"p1id":"rayquaza59","p2id":"plastichand","formatid":"gen9nationaldexubers","rating":0,"private":0,"password":""}