{"id":"gen9nationaldexubers-1989916824","p1":"Fourpiece","p2":"VerduOsane","format":"[Gen 9] National Dex Ubers","log":"|j|\u2606Fourpiece\n|j|\u2606VerduOsane\n|t:|1699906523\n|gametype|singles\n|player|p1|Fourpiece|101|1221\n|player|p2|VerduOsane|266|1181\n|teamsize|p1|6\n|teamsize|p2|6\n|gen|9\n|tier|[Gen 9] National Dex Ubers\n|rated|\n|rule|HP Percentage Mod: HP is shown in percentages\n|rule|Endless Battle Clause: Forcing endless battles is banned\n|rule|OHKO Clause: OHKO moves are banned\n|rule|Evasion Moves Clause: Evasion moves are banned\n|rule|Evasion Items Clause: Evasion items are banned\n|rule|Species Clause: Limit one of each Pok\u00e9mon\n|rule|Sleep Clause Mod: Limit one foe put to sleep\n|rule|Mega Rayquaza Clause: You cannot mega evolve Rayquaza\n|clearpoke\n|poke|p1|Ursaluna-Bloodmoon, M|\n|poke|p1|Gallade, M|\n|poke|p1|Skarmory, F|\n|poke|p1|Azumarill, F|\n|poke|p1|Arcanine, M|\n|poke|p1|Goodra, M|\n|poke|p2|Haxorus, F|\n|poke|p2|Scream Tail|\n|poke|p2|Skarmory, M|\n|poke|p2|Nidoking, M|\n|poke|p2|Sableye, M|\n|poke|p2|Galvantula, M|\n|teampreview\n|inactive|Battle timer is ON: inactive players will automatically lose when time's up. (requested by Fourpiece)\n|\n|t:|1699906543\n|start\n|switch|p1a: Goodra|Goodra, M|100\/100\n|switch|p2a: Sableye|Sableye, M|100\/100\n|turn|1\n|\n|t:|1699906551\n|move|p2a: Sableye|Will-O-Wisp|p1a: Goodra\n|-status|p1a: Goodra|brn\n|move|p1a: Goodra|Draco Meteor|p2a: Sableye|[miss]\n|-miss|p1a: Goodra|p2a: Sableye\n|\n|-damage|p1a: Goodra|94\/100 brn|[from] brn\n|upkeep\n|turn|2\n|\n|t:|1699906575\n|switch|p2a: Nidoking|Nidoking, M|100\/100\n|move|p1a: Goodra|Sludge Bomb|p2a: Nidoking\n|-resisted|p2a: Nidoking\n|-damage|p2a: Nidoking|89\/100\n|\n|-damage|p1a: Goodra|88\/100 brn|[from] brn\n|upkeep\n|turn|3\n|\n|t:|1699906584\n|move|p2a: Nidoking|Ice Beam|p1a: Goodra\n|-supereffective|p1a: Goodra\n|-damage|p1a: Goodra|54\/100 brn\n|move|p1a: Goodra|Earthquake|p2a: Nidoking\n|-supereffective|p2a: Nidoking\n|-damage|p2a: Nidoking|54\/100\n|\n|-damage|p1a: Goodra|48\/100 brn|[from] brn\n|upkeep\n|turn|4\n|\n|t:|1699906602\n|switch|p1a: Azumarill|Azumarill, F|100\/100\n|move|p2a: Nidoking|Ice Beam|p1a: Azumarill\n|-resisted|p1a: Azumarill\n|-damage|p1a: Azumarill|81\/100\n|\n|upkeep\n|turn|5\n|\n|t:|1699906610\n|move|p2a: Nidoking|Sludge Wave|p1a: Azumarill\n|-supereffective|p1a: Azumarill\n|-damage|p1a: Azumarill|0 fnt\n|faint|p1a: Azumarill\n|\n|upkeep\n|\n|t:|1699906616\n|switch|p1a: Gallade|Gallade, M|100\/100\n|turn|6\n|\n|t:|1699906628\n|switch|p2a: Sableye|Sableye, M|100\/100\n|detailschange|p1a: Gallade|Gallade-Mega, M\n|-mega|p1a: Gallade|Gallade|Galladite\n|move|p1a: Gallade|Swords Dance|p1a: Gallade\n|-boost|p1a: Gallade|atk|2\n|\n|upkeep\n|turn|7\n|\n|t:|1699906637\n|move|p2a: Sableye|Fake Out|p1a: Gallade\n|-damage|p1a: Gallade|91\/100\n|move|p1a: Gallade|Knock Off|p2a: Sableye\n|-damage|p2a: Sableye|21\/100\n|\n|upkeep\n|turn|8\n|c|\u2606VerduOsane|NO IM FUCKING STUPID\n|\n|t:|1699906646\n|move|p2a: Sableye|Will-O-Wisp|p1a: Gallade\n|-status|p1a: Gallade|brn\n|move|p1a: Gallade|Knock Off|p2a: Sableye\n|-damage|p2a: Sableye|0 fnt\n|faint|p2a: Sableye\n|\n|-damage|p1a: Gallade|85\/100 brn|[from] brn\n|upkeep\n|\n|t:|1699906665\n|switch|p2a: Scream Tail|Scream Tail|100\/100\n|turn|9\n|\n|t:|1699906680\n|move|p2a: Scream Tail|Reflect|p2a: Scream Tail\n|-sidestart|p2: VerduOsane|Reflect\n|move|p1a: Gallade|Knock Off|p2a: Scream Tail\n|-damage|p2a: Scream Tail|85\/100\n|-enditem|p2a: Scream Tail|Light Clay|[from] move: Knock Off|[of] p1a: Gallade\n|\n|-damage|p1a: Gallade|79\/100 brn|[from] brn\n|upkeep\n|turn|10\n|\n|t:|1699906691\n|move|p2a: Scream Tail|Dazzling Gleam|p1a: Gallade\n|-supereffective|p1a: Gallade\n|-damage|p1a: Gallade|35\/100 brn\n|move|p1a: Gallade|Swords Dance|p1a: Gallade\n|-boost|p1a: Gallade|atk|2\n|\n|-damage|p1a: Gallade|29\/100 brn|[from] brn\n|upkeep\n|turn|11\n|\n|t:|1699906697\n|move|p2a: Scream Tail|Dazzling Gleam|p1a: Gallade\n|-supereffective|p1a: Gallade\n|-damage|p1a: Gallade|0 fnt\n|faint|p1a: Gallade\n|\n|upkeep\n|\n|t:|1699906700\n|switch|p1a: Goodra|Goodra, M|48\/100 brn\n|turn|12\n|\n|t:|1699906707\n|move|p2a: Scream Tail|Light Screen|p2a: Scream Tail\n|-sidestart|p2: VerduOsane|move: Light Screen\n|move|p1a: Goodra|Sludge Bomb|p2a: Scream Tail\n|-supereffective|p2a: Scream Tail\n|-damage|p2a: Scream Tail|65\/100\n|\n|-damage|p1a: Goodra|42\/100 brn|[from] brn\n|upkeep\n|turn|13\n|\n|t:|1699906720\n|-end|p2a: Scream Tail|Protosynthesis|[silent]\n|switch|p2a: Skarmory|Skarmory, M|100\/100\n|move|p1a: Goodra|Sludge Bomb|p2a: Skarmory\n|-immune|p2a: Skarmory\n|\n|-damage|p1a: Goodra|36\/100 brn|[from] brn\n|upkeep\n|turn|14\n|\n|t:|1699906738\n|move|p1a: Goodra|Thunderbolt|p2a: Skarmory\n|-supereffective|p2a: Skarmory\n|-damage|p2a: Skarmory|64\/100\n|move|p2a: Skarmory|Iron Defense|p2a: Skarmory\n|-boost|p2a: Skarmory|def|2\n|\n|-heal|p2a: Skarmory|70\/100|[from] item: Leftovers\n|-damage|p1a: Goodra|30\/100 brn|[from] brn\n|upkeep\n|turn|15\n|\n|t:|1699906752\n|move|p1a: Goodra|Thunderbolt|p2a: Skarmory\n|-supereffective|p2a: Skarmory\n|-damage|p2a: Skarmory|34\/100\n|move|p2a: Skarmory|Body Press|p1a: Goodra\n|-damage|p1a: Goodra|0 fnt\n|-ability|p1a: Goodra|Gooey\n|-unboost|p2a: Skarmory|spe|1\n|faint|p1a: Goodra\n|\n|-heal|p2a: Skarmory|40\/100|[from] item: Leftovers\n|upkeep\n|\n|t:|1699906760\n|switch|p1a: Arcanine|Arcanine, M|100\/100\n|-ability|p1a: Arcanine|Intimidate|boost\n|-unboost|p2a: Skarmory|atk|1\n|turn|16\n|\n|t:|1699906770\n|move|p1a: Arcanine|Flare Blitz|p2a: Skarmory\n|-supereffective|p2a: Skarmory\n|-damage|p2a: Skarmory|18\/100\n|-status|p2a: Skarmory|brn\n|-ability|p2a: Skarmory|Weak Armor|boost\n|-unboost|p2a: Skarmory|def|1\n|-boost|p2a: Skarmory|spe|2\n|-damage|p1a: Arcanine|94\/100|[from] Recoil\n|move|p2a: Skarmory|Body Press|p1a: Arcanine\n|-damage|p1a: Arcanine|71\/100\n|\n|-heal|p2a: Skarmory|24\/100 brn|[from] item: Leftovers\n|-damage|p2a: Skarmory|18\/100 brn|[from] brn\n|-sideend|p2: VerduOsane|Reflect\n|-sideend|p2: VerduOsane|move: Light Screen\n|upkeep\n|turn|17\n|\n|t:|1699906786\n|move|p1a: Arcanine|Flare Blitz|p2a: Skarmory\n|-supereffective|p2a: Skarmory\n|-damage|p2a: Skarmory|0 fnt\n|faint|p2a: Skarmory\n|-damage|p1a: Arcanine|66\/100|[from] Recoil\n|\n|upkeep\n|\n|t:|1699906800\n|switch|p2a: Haxorus|Haxorus, F|100\/100\n|-ability|p2a: Haxorus|Mold Breaker\n|turn|18\n|\n|t:|1699906806\n|move|p2a: Haxorus|Scale Shot|p1a: Arcanine\n|-damage|p1a: Arcanine|48\/100\n|-damage|p1a: Arcanine|30\/100\n|-damage|p1a: Arcanine|12\/100\n|-hitcount|p1a: Arcanine|3\n|-unboost|p2a: Haxorus|def|1\n|-boost|p2a: Haxorus|spe|1\n|move|p1a: Arcanine|Will-O-Wisp|p2a: Haxorus\n|-status|p2a: Haxorus|brn\n|\n|-damage|p2a: Haxorus|94\/100 brn|[from] brn\n|upkeep\n|turn|19\n|\n|t:|1699906821\n|-terastallize|p1a: Arcanine|Normal\n|move|p1a: Arcanine|Extreme Speed|p2a: Haxorus\n|-damage|p2a: Haxorus|19\/100 brn\n|move|p2a: Haxorus|Earthquake|p1a: Arcanine\n|-damage|p1a: Arcanine|0 fnt\n|faint|p1a: Arcanine\n|\n|-damage|p2a: Haxorus|12\/100 brn|[from] brn\n|upkeep\n|\n|t:|1699906837\n|switch|p1a: Ursaluna|Ursaluna-Bloodmoon, M|100\/100\n|turn|20\n|\n|t:|1699906844\n|move|p1a: Ursaluna|Vacuum Wave|p2a: Haxorus\n|-damage|p2a: Haxorus|0 fnt\n|faint|p2a: Haxorus\n|\n|upkeep\n|\n|t:|1699906854\n|switch|p2a: Nidoking|Nidoking, M|54\/100\n|turn|21\n|\n|t:|1699906867\n|move|p2a: Nidoking|Ice Beam|p1a: Ursaluna\n|-supereffective|p1a: Ursaluna\n|-damage|p1a: Ursaluna|8\/100\n|move|p1a: Ursaluna|Earth Power|p2a: Nidoking\n|-supereffective|p2a: Nidoking\n|-damage|p2a: Nidoking|0 fnt\n|faint|p2a: Nidoking\n|\n|upkeep\n|\n|t:|1699906875\n|switch|p2a: Galvantula|Galvantula, M|100\/100\n|turn|22\n|\n|t:|1699906883\n|move|p2a: Galvantula|Bug Buzz|p1a: Ursaluna\n|-damage|p1a: Ursaluna|0 fnt\n|faint|p1a: Ursaluna\n|\n|upkeep\n|\n|t:|1699906885\n|switch|p1a: Skarmory|Skarmory, F|100\/100\n|turn|23\n|\n|t:|1699906892\n|move|p2a: Galvantula|Thunder Wave|p1a: Skarmory\n|-status|p1a: Skarmory|par\n|move|p1a: Skarmory|Brave Bird|p2a: Galvantula\n|-crit|p2a: Galvantula\n|-damage|p2a: Galvantula|1\/100\n|-damage|p1a: Skarmory|73\/100 par|[from] Recoil\n|\n|upkeep\n|turn|24\n|\n|t:|1699906902\n|move|p2a: Galvantula|Thunder|p1a: Skarmory\n|-supereffective|p1a: Skarmory\n|-damage|p1a: Skarmory|0 fnt\n|faint|p1a: Skarmory\n|\n|win|VerduOsane\n|raw|Fourpiece's rating: 1177 &rarr; <strong>1152<\/strong><br \/>(-25 for losing)\n|raw|VerduOsane's rating: 1181 &rarr; <strong>1206<\/strong><br \/>(+25 for winning)\n|l|\u2606Fourpiece\n|c|\u2606VerduOsane|gg\n","uploadtime":1699906914,"views":14,"p1id":"fourpiece","p2id":"verduosane","formatid":"gen9nationaldexubers","rating":1152,"private":0,"password":""}