{"id":"gen9nationaldexubers-1979068222","p1":"JamesMcButts","p2":"Sir_Pescado","format":"[Gen 9] National Dex Ubers","log":"|j|\u2606JamesMcButts\n|j|\u2606Sir_Pescado\n|t:|1698628090\n|gametype|singles\n|player|p1|JamesMcButts|swimmer-gen4|\n|player|p2|Sir_Pescado|266|\n|teamsize|p1|6\n|teamsize|p2|6\n|gen|9\n|tier|[Gen 9] National Dex Ubers\n|rule|HP Percentage Mod: HP is shown in percentages\n|rule|Endless Battle Clause: Forcing endless battles is banned\n|rule|OHKO Clause: OHKO moves are banned\n|rule|Evasion Moves Clause: Evasion moves are banned\n|rule|Evasion Items Clause: Evasion items are banned\n|rule|Species Clause: Limit one of each Pok\u00e9mon\n|rule|Sleep Clause Mod: Limit one foe put to sleep\n|rule|Mega Rayquaza Clause: You cannot mega evolve Rayquaza\n|clearpoke\n|poke|p1|Corviknight, M|\n|poke|p1|Scizor, M|\n|poke|p1|Empoleon, F|\n|poke|p1|Aegislash, F|\n|poke|p1|Skarmory, M|\n|poke|p1|Aggron, F|\n|poke|p2|Medicham, F|\n|poke|p2|Armarouge, M|\n|poke|p2|Slowbro, M|\n|poke|p2|Indeedee-F, F|\n|poke|p2|Metagross|\n|poke|p2|Hatterene, F|\n|teampreview\n|j| HereticalJ\n|j| Triggerhappy50\n|\n|t:|1698628106\n|start\n|switch|p1a: Skarmory|Skarmory, M, shiny|100\/100\n|switch|p2a: Indeedee|Indeedee-F, F, shiny|100\/100\n|-fieldstart|move: Psychic Terrain|[from] ability: Psychic Surge|[of] p2a: Indeedee\n|turn|1\n|\n|t:|1698628134\n|move|p2a: Indeedee|Reflect|p2a: Indeedee\n|-sidestart|p2: Sir_Pescado|Reflect\n|move|p1a: Skarmory|Spikes|p2a: Indeedee\n|-sidestart|p2: Sir_Pescado|Spikes\n|\n|upkeep\n|turn|2\n|\n|t:|1698628152\n|switch|p2a: Hatterene|Hatterene, F, shiny|100\/100\n|-damage|p2a: Hatterene|88\/100|[from] Spikes\n|move|p1a: Skarmory|Spikes|p2a: Hatterene\n|move|p2a: Hatterene|Spikes|p1a: Skarmory|[from]ability: Magic Bounce\n|-sidestart|p1: JamesMcButts|Spikes\n|\n|-heal|p2a: Hatterene|94\/100|[from] item: Leftovers\n|upkeep\n|turn|3\n|\n|t:|1698628181\n|move|p1a: Skarmory|Toxic|p2a: Hatterene\n|move|p2a: Hatterene|Toxic|p1a: Skarmory|[from]ability: Magic Bounce\n|-immune|p1a: Skarmory\n|move|p2a: Hatterene|Mystical Fire|p1a: Skarmory\n|-supereffective|p1a: Skarmory\n|-damage|p1a: Skarmory|36\/100\n|-unboost|p1a: Skarmory|spa|1\n|\n|-heal|p2a: Hatterene|99\/100|[from] item: Leftovers\n|upkeep\n|turn|4\n|\n|t:|1698628192\n|switch|p1a: Empoleon|Empoleon, F, shiny|100\/100\n|-damage|p1a: Empoleon|88\/100|[from] Spikes\n|move|p2a: Hatterene|Mystical Fire|p1a: Empoleon\n|-damage|p1a: Empoleon|70\/100\n|-unboost|p1a: Empoleon|spa|1\n|\n|-heal|p1a: Empoleon|77\/100|[from] item: Leftovers\n|-heal|p2a: Hatterene|100\/100|[from] item: Leftovers\n|upkeep\n|turn|5\n|\n|t:|1698628209\n|move|p1a: Empoleon|Defog|p2a: Hatterene\n|move|p2a: Hatterene|Defog|p1a: Empoleon|[from]ability: Magic Bounce\n|-unboost|p1a: Empoleon|evasion|1\n|-sideend|p1: JamesMcButts|Spikes|[from] move: Defog|[of] p2a: Hatterene\n|-sideend|p2: Sir_Pescado|Spikes|[from] move: Defog|[of] p2a: Hatterene\n|-fieldend|move: Psychic Terrain\n|move|p2a: Hatterene|Reflect||[still]\n|-fail|p2a: Hatterene\n|\n|-heal|p1a: Empoleon|83\/100|[from] item: Leftovers\n|-sideend|p2: Sir_Pescado|Reflect\n|upkeep\n|turn|6\n|\n|t:|1698628234\n|switch|p1a: Aegislash|Aegislash, F, shiny|100\/100\n|switch|p2a: Indeedee|Indeedee-F, F, shiny|100\/100\n|-fieldstart|move: Psychic Terrain|[from] ability: Psychic Surge|[of] p2a: Indeedee\n|\n|upkeep\n|turn|7\n|\n|t:|1698628262\n|move|p2a: Indeedee|Reflect|p2a: Indeedee\n|-sidestart|p2: Sir_Pescado|Reflect\n|-formechange|p1a: Aegislash|Aegislash-Blade||[from] ability: Stance Change\n|move|p1a: Aegislash|Shadow Claw|p2a: Indeedee\n|-immune|p2a: Indeedee\n|\n|upkeep\n|turn|8\n|\n|t:|1698628347\n|move|p2a: Indeedee|Reflect||[still]\n|-fail|p2a: Indeedee\n|move|p1a: Aegislash|Shadow Claw|p2a: Indeedee\n|-immune|p2a: Indeedee\n|\n|upkeep\n|turn|9\n|\n|t:|1698628391\n|move|p2a: Indeedee|Reflect||[still]\n|-fail|p2a: Indeedee\n|move|p1a: Aegislash|Shadow Claw|p2a: Indeedee\n|-immune|p2a: Indeedee\n|\n|upkeep\n|turn|10\n|\n|t:|1698628402\n|move|p2a: Indeedee|Reflect||[still]\n|-fail|p2a: Indeedee\n|move|p1a: Aegislash|Iron Head|p2a: Indeedee\n|-damage|p2a: Indeedee|56\/100\n|\n|-fieldend|move: Psychic Terrain\n|upkeep\n|turn|11\n|\n|t:|1698628410\n|switch|p2a: Armarouge|Armarouge, M, shiny|100\/100\n|move|p1a: Aegislash|Swords Dance|p1a: Aegislash\n|-boost|p1a: Aegislash|atk|2\n|\n|-sideend|p2: Sir_Pescado|Reflect\n|upkeep\n|turn|12\n|\n|t:|1698628430\n|move|p2a: Armarouge|Armor Cannon|p1a: Aegislash\n|-supereffective|p1a: Aegislash\n|-damage|p1a: Aegislash|0 fnt\n|-unboost|p2a: Armarouge|def|1\n|-unboost|p2a: Armarouge|spd|1\n|faint|p1a: Aegislash\n|\n|upkeep\n|\n|t:|1698628443\n|switch|p1a: Empoleon|Empoleon, F, shiny|83\/100\n|turn|13\n|\n|t:|1698628450\n|switch|p2a: Indeedee|Indeedee-F, F, shiny|56\/100\n|-fieldstart|move: Psychic Terrain|[from] ability: Psychic Surge|[of] p2a: Indeedee\n|move|p1a: Empoleon|Scald|p2a: Indeedee\n|-damage|p2a: Indeedee|16\/100\n|\n|-heal|p1a: Empoleon|89\/100|[from] item: Leftovers\n|upkeep\n|turn|14\n|\n|t:|1698628460\n|move|p2a: Indeedee|Trick|p1a: Empoleon\n|-activate|p2a: Indeedee|move: Trick|[of] p1a: Empoleon\n|-item|p1a: Empoleon|Choice Scarf|[from] move: Trick\n|-item|p2a: Indeedee|Leftovers|[from] move: Trick\n|move|p1a: Empoleon|Knock Off|p2a: Indeedee\n|-supereffective|p2a: Indeedee\n|-damage|p2a: Indeedee|0 fnt\n|-enditem|p2a: Indeedee|Leftovers|[from] move: Knock Off|[of] p1a: Empoleon\n|faint|p2a: Indeedee\n|\n|upkeep\n|\n|t:|1698628468\n|switch|p2a: Hatterene|Hatterene, F, shiny|100\/100\n|turn|15\n|\n|t:|1698628472\n|-terastallize|p2a: Hatterene|Fighting\n|move|p1a: Empoleon|Knock Off|p2a: Hatterene\n|-resisted|p2a: Hatterene\n|-damage|p2a: Hatterene|93\/100\n|-enditem|p2a: Hatterene|Leftovers|[from] move: Knock Off|[of] p1a: Empoleon\n|move|p2a: Hatterene|Tera Blast|p1a: Empoleon|[anim] Tera Blast Fighting\n|-supereffective|p1a: Empoleon\n|-damage|p1a: Empoleon|32\/100\n|\n|upkeep\n|turn|16\n|\n|t:|1698628490\n|switch|p1a: Corviknight|Corviknight, M|100\/100\n|move|p2a: Hatterene|Tera Blast|p1a: Corviknight|[anim] Tera Blast Fighting\n|-damage|p1a: Corviknight|63\/100\n|\n|-heal|p1a: Corviknight|69\/100|[from] item: Leftovers\n|upkeep\n|turn|17\n|\n|t:|1698628497\n|move|p1a: Corviknight|Bulk Up|p1a: Corviknight\n|-boost|p1a: Corviknight|atk|1\n|-boost|p1a: Corviknight|def|1\n|move|p2a: Hatterene|Reflect|p2a: Hatterene\n|-sidestart|p2: Sir_Pescado|Reflect\n|\n|-heal|p1a: Corviknight|75\/100|[from] item: Leftovers\n|-fieldend|move: Psychic Terrain\n|upkeep\n|turn|18\n|\n|t:|1698628505\n|move|p1a: Corviknight|Bulk Up|p1a: Corviknight\n|-boost|p1a: Corviknight|atk|1\n|-boost|p1a: Corviknight|def|1\n|move|p2a: Hatterene|Mystical Fire|p1a: Corviknight\n|-supereffective|p1a: Corviknight\n|-damage|p1a: Corviknight|28\/100\n|-ability|p1a: Corviknight|Mirror Armor\n|-unboost|p2a: Hatterene|spa|1\n|\n|-heal|p1a: Corviknight|34\/100|[from] item: Leftovers\n|upkeep\n|turn|19\n|\n|t:|1698628517\n|move|p1a: Corviknight|Roost|p1a: Corviknight\n|-heal|p1a: Corviknight|84\/100\n|-singleturn|p1a: Corviknight|move: Roost\n|move|p2a: Hatterene|Mystical Fire|p1a: Corviknight\n|-supereffective|p1a: Corviknight\n|-damage|p1a: Corviknight|55\/100\n|-ability|p1a: Corviknight|Mirror Armor\n|-unboost|p2a: Hatterene|spa|1\n|\n|-heal|p1a: Corviknight|61\/100|[from] item: Leftovers\n|upkeep\n|turn|20\n|\n|t:|1698628566\n|switch|p2a: Armarouge|Armarouge, M, shiny|100\/100\n|move|p1a: Corviknight|Bulk Up|p1a: Corviknight\n|-boost|p1a: Corviknight|atk|1\n|-boost|p1a: Corviknight|def|1\n|\n|-heal|p1a: Corviknight|67\/100|[from] item: Leftovers\n|upkeep\n|turn|21\n|\n|t:|1698628590\n|move|p2a: Armarouge|Armor Cannon|p1a: Corviknight\n|-supereffective|p1a: Corviknight\n|-damage|p1a: Corviknight|0 fnt\n|-unboost|p2a: Armarouge|def|1\n|-unboost|p2a: Armarouge|spd|1\n|faint|p1a: Corviknight\n|\n|-sideend|p2: Sir_Pescado|Reflect\n|upkeep\n|\n|t:|1698628597\n|switch|p1a: Aggron|Aggron, F, shiny|100\/100\n|turn|22\n|\n|t:|1698628623\n|switch|p2a: Hatterene|Hatterene, F, shiny, tera:Fighting|93\/100\n|move|p1a: Aggron|Heavy Slam|p2a: Hatterene\n|-damage|p2a: Hatterene|59\/100\n|\n|upkeep\n|turn|23\n|\n|t:|1698628640\n|switch|p1a: Scizor|Scizor, M, shiny|100\/100\n|move|p2a: Hatterene|Tera Blast|p1a: Scizor|[anim] Tera Blast Fighting\n|-damage|p1a: Scizor|66\/100\n|\n|upkeep\n|turn|24\n|\n|t:|1698628651\n|move|p1a: Scizor|Bullet Punch|p2a: Hatterene\n|-damage|p2a: Hatterene|46\/100\n|move|p2a: Hatterene|Reflect|p2a: Hatterene\n|-sidestart|p2: Sir_Pescado|Reflect\n|\n|upkeep\n|turn|25\n|\n|t:|1698628663\n|move|p1a: Scizor|Knock Off|p2a: Hatterene\n|-resisted|p2a: Hatterene\n|-crit|p2a: Hatterene\n|-damage|p2a: Hatterene|33\/100\n|move|p2a: Hatterene|Calm Mind|p2a: Hatterene\n|-boost|p2a: Hatterene|spa|1\n|-boost|p2a: Hatterene|spd|1\n|\n|upkeep\n|turn|26\n|\n|t:|1698628675\n|detailschange|p1a: Scizor|Scizor-Mega, M, shiny\n|-mega|p1a: Scizor|Scizor|Scizorite\n|move|p1a: Scizor|Knock Off|p2a: Hatterene\n|-resisted|p2a: Hatterene\n|-damage|p2a: Hatterene|28\/100\n|move|p2a: Hatterene|Tera Blast|p1a: Scizor|[anim] Tera Blast Fighting\n|-damage|p1a: Scizor|24\/100\n|\n|upkeep\n|turn|27\n|\n|t:|1698628684\n|move|p1a: Scizor|Roost|p1a: Scizor\n|-heal|p1a: Scizor|75\/100\n|-singleturn|p1a: Scizor|move: Roost\n|move|p2a: Hatterene|Mystical Fire|p1a: Scizor\n|-supereffective|p1a: Scizor\n|-damage|p1a: Scizor|0 fnt\n|faint|p1a: Scizor\n|\n|upkeep\n|\n|t:|1698628697\n|switch|p1a: Empoleon|Empoleon, F, shiny|32\/100\n|turn|28\n|\n|t:|1698628703\n|move|p1a: Empoleon|Roost|p1a: Empoleon\n|-heal|p1a: Empoleon|82\/100\n|-singleturn|p1a: Empoleon|move: Roost\n|move|p2a: Hatterene|Tera Blast|p1a: Empoleon|[anim] Tera Blast Fighting\n|-supereffective|p1a: Empoleon\n|-damage|p1a: Empoleon|0 fnt\n|faint|p1a: Empoleon\n|\n|-sideend|p2: Sir_Pescado|Reflect\n|upkeep\n|\n|t:|1698628715\n|switch|p1a: Aggron|Aggron, F, shiny|100\/100\n|turn|29\n|\n|t:|1698628724\n|move|p1a: Aggron|Protect|p1a: Aggron\n|-singleturn|p1a: Aggron|Protect\n|move|p2a: Hatterene|Tera Blast|p1a: Aggron|[anim] Tera Blast Fighting\n|-activate|p1a: Aggron|move: Protect\n|\n|upkeep\n|turn|30\n|\n|t:|1698628733\n|move|p1a: Aggron|Toxic|p2a: Hatterene\n|move|p2a: Hatterene|Toxic|p1a: Aggron|[from]ability: Magic Bounce\n|-immune|p1a: Aggron\n|move|p2a: Hatterene|Tera Blast|p1a: Aggron|[anim] Tera Blast Fighting\n|-supereffective|p1a: Aggron\n|-damage|p1a: Aggron|0 fnt\n|faint|p1a: Aggron\n|\n|upkeep\n|\n|t:|1698628754\n|switch|p1a: Skarmory|Skarmory, M, shiny|36\/100\n|turn|31\n|\n|t:|1698628776\n|switch|p2a: Armarouge|Armarouge, M, shiny|100\/100\n|move|p1a: Skarmory|Roost|p1a: Skarmory\n|-heal|p1a: Skarmory|86\/100\n|-singleturn|p1a: Skarmory|move: Roost\n|\n|upkeep\n|turn|32\n|\n|t:|1698628784\n|move|p2a: Armarouge|Armor Cannon|p1a: Skarmory\n|-supereffective|p1a: Skarmory\n|-damage|p1a: Skarmory|0 fnt\n|-unboost|p2a: Armarouge|def|1\n|-unboost|p2a: Armarouge|spd|1\n|faint|p1a: Skarmory\n|\n|win|Sir_Pescado\n","uploadtime":1698628791,"views":12,"p1id":"jamesmcbutts","p2id":"sirpescado","formatid":"gen9nationaldexubers","rating":0,"private":0,"password":""}