{"id":"gen9nationaldexubers-1994090815","p1":"Muhammad siam","p2":"Justznic","format":"[Gen 9] National Dex Ubers","log":"|j|\u2606Muhammad siam\n|j|\u2606Justznic\n|t:|1700405659\n|gametype|singles\n|player|p1|Muhammad siam|blue|1634\n|player|p2|Justznic|265|1541\n|teamsize|p1|6\n|teamsize|p2|6\n|gen|9\n|tier|[Gen 9] National Dex Ubers\n|rated|\n|rule|HP Percentage Mod: HP is shown in percentages\n|rule|Endless Battle Clause: Forcing endless battles is banned\n|rule|OHKO Clause: OHKO moves are banned\n|rule|Evasion Moves Clause: Evasion moves are banned\n|rule|Evasion Items Clause: Evasion items are banned\n|rule|Species Clause: Limit one of each Pok\u00e9mon\n|rule|Sleep Clause Mod: Limit one foe put to sleep\n|rule|Mega Rayquaza Clause: You cannot mega evolve Rayquaza\n|clearpoke\n|poke|p1|Zygarde|\n|poke|p1|Calyrex-Ice|\n|poke|p1|Necrozma-Dusk-Mane|\n|poke|p1|Kyogre|\n|poke|p1|Arceus|\n|poke|p1|Yveltal|\n|poke|p2|Mewtwo|\n|poke|p2|Ditto|\n|poke|p2|Klefki, M|\n|poke|p2|Orthworm, M|\n|poke|p2|Kyurem-Black|\n|poke|p2|Mew|\n|teampreview\n|inactive|Battle timer is ON: inactive players will automatically lose when time's up. (requested by Justznic)\n|\n|t:|1700405667\n|start\n|switch|p1a: Yveltal|Yveltal|100\/100\n|switch|p2a: Klefki|Klefki, M|100\/100\n|-ability|p1a: Yveltal|Dark Aura\n|turn|1\n|\n|t:|1700405673\n|switch|p1a: Necrozma|Necrozma-Dusk-Mane|100\/100\n|move|p2a: Klefki|Reflect|p2a: Klefki\n|-sidestart|p2: Justznic|Reflect\n|\n|upkeep\n|turn|2\n|\n|t:|1700405678\n|move|p2a: Klefki|Spikes|p1a: Necrozma\n|-sidestart|p1: Muhammad siam|Spikes\n|move|p1a: Necrozma|Sunsteel Strike|p2a: Klefki\n|-damage|p2a: Klefki|62\/100\n|\n|upkeep\n|turn|3\n|j| yahhhhhhhh\n|\n|t:|1700405686\n|switch|p2a: Orthworm|Orthworm, M|100\/100\n|move|p1a: Necrozma|Sunsteel Strike|p2a: Orthworm\n|-resisted|p2a: Orthworm\n|-damage|p2a: Orthworm|91\/100\n|\n|upkeep\n|turn|4\n|\n|t:|1700405694\n|switch|p1a: Yveltal|Yveltal|100\/100\n|-ability|p1a: Yveltal|Dark Aura\n|move|p2a: Orthworm|Shed Tail|p2a: Orthworm\n|-start|p2a: Orthworm|Substitute|[from] move: Shed Tail\n|-damage|p2a: Orthworm|41\/100\n|-enditem|p2a: Orthworm|Sitrus Berry|[eat]\n|-heal|p2a: Orthworm|66\/100|[from] item: Sitrus Berry\n|\n|t:|1700405699\n|switch|p2a: Mewtwo|Mewtwo|100\/100|[from] Shed Tail\n|-ability|p2a: Mewtwo|Pressure\n|\n|upkeep\n|turn|5\n|\n|t:|1700405703\n|detailschange|p2a: Mewtwo|Mewtwo-Mega-X\n|-mega|p2a: Mewtwo|Mewtwo|Mewtwonite X\n|move|p2a: Mewtwo|Bulk Up|p2a: Mewtwo\n|-boost|p2a: Mewtwo|atk|1\n|-boost|p2a: Mewtwo|def|1\n|move|p1a: Yveltal|Dark Pulse|p2a: Mewtwo\n|-end|p2a: Mewtwo|Substitute\n|\n|upkeep\n|turn|6\n|\n|t:|1700405712\n|move|p2a: Mewtwo|Stone Edge|p1a: Yveltal\n|-supereffective|p1a: Yveltal\n|-damage|p1a: Yveltal|0 fnt\n|faint|p1a: Yveltal\n|\n|upkeep\n|\n|t:|1700405724\n|switch|p1a: Necrozma|Necrozma-Dusk-Mane|100\/100\n|-damage|p1a: Necrozma|88\/100|[from] Spikes\n|turn|7\n|\n|t:|1700405732\n|move|p2a: Mewtwo|Bulk Up|p2a: Mewtwo\n|-boost|p2a: Mewtwo|atk|1\n|-boost|p2a: Mewtwo|def|1\n|move|p1a: Necrozma|Trick Room|p1a: Necrozma\n|-fieldstart|move: Trick Room|[of] p1a: Necrozma\n|\n|upkeep\n|turn|8\n|\n|t:|1700405744\n|move|p1a: Necrozma|Photon Geyser|p2a: Mewtwo\n|-damage|p2a: Mewtwo|85\/100\n|move|p2a: Mewtwo|Bulk Up|p2a: Mewtwo\n|-boost|p2a: Mewtwo|atk|1\n|-boost|p2a: Mewtwo|def|1\n|\n|-sideend|p2: Justznic|Reflect\n|upkeep\n|turn|9\n|\n|t:|1700405760\n|switch|p1a: Kyogre|Kyogre|100\/100\n|-damage|p1a: Kyogre|88\/100|[from] Spikes\n|detailschange|p1a: Kyogre|Kyogre-Primal\n|-primal|p1a: Kyogre|Blue Orb\n|-weather|PrimordialSea|[from] ability: Primordial Sea|[of] p1a: Kyogre\n|move|p2a: Mewtwo|Zen Headbutt|p1a: Kyogre\n|-damage|p1a: Kyogre|0 fnt\n|faint|p1a: Kyogre\n|-weather|none\n|\n|upkeep\n|\n|t:|1700405774\n|switch|p1a: Calyrex|Calyrex-Ice|100\/100\n|-ability|p1a: Calyrex|As One\n|-ability|p1a: Calyrex|Unnerve\n|-damage|p1a: Calyrex|88\/100|[from] Spikes\n|turn|10\n|\n|t:|1700405787\n|move|p1a: Calyrex|Glacial Lance|p2a: Mewtwo\n|-damage|p2a: Mewtwo|56\/100\n|move|p2a: Mewtwo|Drain Punch|p1a: Calyrex\n|-damage|p1a: Calyrex|11\/100\n|-heal|p2a: Mewtwo|99\/100|[from] drain|[of] p1a: Calyrex\n|\n|upkeep\n|turn|11\n|\n|t:|1700405795\n|move|p1a: Calyrex|Aromatherapy||[still]\n|-activate|p1a: Calyrex|move: Aromatherapy\n|-fail|p1a: Calyrex\n|move|p2a: Mewtwo|Drain Punch|p1a: Calyrex\n|-damage|p1a: Calyrex|0 fnt\n|-heal|p2a: Mewtwo|100\/100|[from] drain|[of] p1a: Calyrex\n|faint|p1a: Calyrex\n|\n|-fieldend|move: Trick Room\n|upkeep\n|\n|t:|1700405803\n|switch|p1a: Zygarde|Zygarde|100\/100\n|-damage|p1a: Zygarde|88\/100|[from] Spikes\n|turn|12\n|\n|t:|1700405808\n|move|p2a: Mewtwo|Zen Headbutt|p1a: Zygarde\n|-damage|p1a: Zygarde|0 fnt\n|faint|p1a: Zygarde\n|\n|upkeep\n|-message|Muhammad siam forfeited.\n|\n|win|Justznic\n|raw|Muhammad siam's rating: 1634 &rarr; <strong>1609<\/strong><br \/>(-25 for losing)\n|raw|Justznic's rating: 1541 &rarr; <strong>1566<\/strong><br \/>(+25 for winning)\n|l|\u2606Justznic\n|l|\u2606Muhammad siam\n","uploadtime":1700405849,"views":4,"p1id":"muhammadsiam","p2id":"justznic","formatid":"gen9nationaldexubers","rating":1566,"private":0,"password":""}