{"id":"gen9nationaldexubers-1982846135","p1":"BL1TZ_08","p2":"Garchomp8000","format":"[Gen 9] National Dex Ubers","log":"|j|\u2606BL1TZ_08\n|j|\u2606Garchomp8000\n|t:|1699050713\n|gametype|singles\n|player|p1|BL1TZ_08|1|1316\n|player|p2|Garchomp8000|policeman-gen4|1305\n|teamsize|p1|6\n|teamsize|p2|6\n|gen|9\n|tier|[Gen 9] National Dex Ubers\n|rated|\n|rule|HP Percentage Mod: HP is shown in percentages\n|rule|Endless Battle Clause: Forcing endless battles is banned\n|rule|OHKO Clause: OHKO moves are banned\n|rule|Evasion Moves Clause: Evasion moves are banned\n|rule|Evasion Items Clause: Evasion items are banned\n|rule|Species Clause: Limit one of each Pok\u00e9mon\n|rule|Sleep Clause Mod: Limit one foe put to sleep\n|rule|Mega Rayquaza Clause: You cannot mega evolve Rayquaza\n|clearpoke\n|poke|p1|Groudon|\n|poke|p1|Kyogre|\n|poke|p1|Ho-Oh|\n|poke|p1|Arceus-Ground|\n|poke|p1|Ferrothorn, F|\n|poke|p1|Marshadow|\n|poke|p2|Yveltal|\n|poke|p2|Volcanion|\n|poke|p2|Zekrom|\n|poke|p2|Ditto|\n|poke|p2|Xatu, M|\n|poke|p2|Malamar, M|\n|teampreview\n|\n|t:|1699050733\n|start\n|switch|p1a: Groudon|Groudon|100\/100\n|switch|p2a: Ditto|Ditto|100\/100\n|-transform|p2a: Ditto|p1a: Groudon|[from] ability: Imposter\n|-weather|SunnyDay|[from] ability: Drought|[of] p2a: Ditto\n|detailschange|p1a: Groudon|Groudon-Primal\n|-primal|p1a: Groudon|Red Orb\n|-weather|DesolateLand|[from] ability: Desolate Land|[of] p1a: Groudon\n|turn|1\n|\n|t:|1699050742\n|switch|p2a: Xatu|Xatu, M, shiny|100\/100\n|move|p1a: Groudon|Precipice Blades|p2a: Xatu\n|-immune|p2a: Xatu\n|\n|-weather|DesolateLand|[upkeep]\n|upkeep\n|turn|2\n|\n|t:|1699050746\n|move|p2a: Xatu|Feather Dance|p1a: Groudon\n|-unboost|p1a: Groudon|atk|2\n|move|p1a: Groudon|Stone Edge|p2a: Xatu|[miss]\n|-miss|p1a: Groudon|p2a: Xatu\n|\n|-weather|DesolateLand|[upkeep]\n|upkeep\n|turn|3\n|\n|t:|1699050755\n|-weather|none\n|switch|p1a: Marshadow|Marshadow|100\/100\n|move|p2a: Xatu|Feather Dance|p1a: Marshadow\n|-unboost|p1a: Marshadow|atk|2\n|\n|upkeep\n|turn|4\n|\n|t:|1699050759\n|switch|p1a: Arceus|Arceus-Ground|100\/100\n|switch|p2a: Yveltal|Yveltal|100\/100\n|-ability|p2a: Yveltal|Dark Aura\n|\n|upkeep\n|turn|5\n|\n|t:|1699050764\n|switch|p2a: Xatu|Xatu, M, shiny|100\/100\n|move|p1a: Arceus|Ice Beam|p2a: Xatu\n|-supereffective|p2a: Xatu\n|-damage|p2a: Xatu|17\/100\n|\n|-heal|p2a: Xatu|23\/100|[from] item: Leftovers\n|upkeep\n|turn|6\n|\n|t:|1699050776\n|switch|p2a: Volcanion|Volcanion|100\/100\n|move|p1a: Arceus|Ice Beam|p2a: Volcanion\n|-resisted|p2a: Volcanion\n|-damage|p2a: Volcanion|94\/100\n|\n|upkeep\n|turn|7\n|\n|t:|1699050782\n|switch|p1a: Ferrothorn|Ferrothorn, F|100\/100\n|move|p2a: Volcanion|Steam Eruption|p1a: Ferrothorn\n|-resisted|p1a: Ferrothorn\n|-damage|p1a: Ferrothorn|79\/100\n|-status|p1a: Ferrothorn|brn\n|\n|-heal|p1a: Ferrothorn|85\/100 brn|[from] item: Leftovers\n|-damage|p1a: Ferrothorn|79\/100 brn|[from] brn\n|upkeep\n|turn|8\n|\n|t:|1699050785\n|move|p2a: Volcanion|Heat Wave|p1a: Ferrothorn\n|-supereffective|p1a: Ferrothorn\n|-damage|p1a: Ferrothorn|0 fnt\n|faint|p1a: Ferrothorn\n|\n|upkeep\n|\n|t:|1699050793\n|switch|p1a: Kyogre|Kyogre|100\/100\n|detailschange|p1a: Kyogre|Kyogre-Primal\n|-primal|p1a: Kyogre|Blue Orb\n|-weather|PrimordialSea|[from] ability: Primordial Sea|[of] p1a: Kyogre\n|turn|9\n|\n|t:|1699050806\n|switch|p2a: Zekrom|Zekrom|100\/100\n|-ability|p2a: Zekrom|Teravolt\n|move|p1a: Kyogre|Thunder|p2a: Zekrom\n|-resisted|p2a: Zekrom\n|-damage|p2a: Zekrom|88\/100\n|\n|-weather|PrimordialSea|[upkeep]\n|upkeep\n|turn|10\n|\n|t:|1699050814\n|-weather|none\n|switch|p1a: Arceus|Arceus-Ground|100\/100\n|move|p2a: Zekrom|Protect||[still]\n|-fail|p2a: Zekrom\n|\n|upkeep\n|turn|11\n|\n|t:|1699050819\n|move|p2a: Zekrom|Protect|p2a: Zekrom\n|-singleturn|p2a: Zekrom|Protect\n|move|p1a: Arceus|Ice Beam|p2a: Zekrom\n|-activate|p2a: Zekrom|move: Protect\n|\n|upkeep\n|turn|12\n|\n|t:|1699050826\n|switch|p2a: Volcanion|Volcanion|94\/100\n|move|p1a: Arceus|Ice Beam|p2a: Volcanion\n|-resisted|p2a: Volcanion\n|-damage|p2a: Volcanion|88\/100\n|\n|upkeep\n|turn|13\n|\n|t:|1699050833\n|switch|p1a: Kyogre|Kyogre-Primal|100\/100\n|-weather|PrimordialSea|[from] ability: Primordial Sea|[of] p1a: Kyogre\n|move|p2a: Volcanion|Steam Eruption|p1a: Kyogre\n|-resisted|p1a: Kyogre\n|-damage|p1a: Kyogre|70\/100\n|\n|-weather|PrimordialSea|[upkeep]\n|upkeep\n|turn|14\n|\n|t:|1699050836\n|switch|p2a: Zekrom|Zekrom|88\/100\n|-ability|p2a: Zekrom|Teravolt\n|move|p1a: Kyogre|Origin Pulse|p2a: Zekrom\n|-resisted|p2a: Zekrom\n|-damage|p2a: Zekrom|32\/100\n|-enditem|p2a: Zekrom|Sitrus Berry|[eat]\n|-heal|p2a: Zekrom|57\/100|[from] item: Sitrus Berry\n|\n|-weather|PrimordialSea|[upkeep]\n|upkeep\n|turn|15\n|\n|t:|1699050845\n|move|p2a: Zekrom|Bolt Strike|p1a: Kyogre\n|-supereffective|p1a: Kyogre\n|-crit|p1a: Kyogre\n|-damage|p1a: Kyogre|0 fnt\n|faint|p1a: Kyogre\n|-weather|none\n|\n|upkeep\n|-message|BL1TZ_08 forfeited.\n|\n|win|Garchomp8000\n|raw|BL1TZ_08's rating: 1316 &rarr; <strong>1295<\/strong><br \/>(-21 for losing)\n|raw|Garchomp8000's rating: 1305 &rarr; <strong>1326<\/strong><br \/>(+21 for winning)\n|l|\u2606BL1TZ_08\n","uploadtime":1699050855,"views":8,"p1id":"bl1tz08","p2id":"garchomp8000","formatid":"gen9nationaldexubers","rating":1295,"private":0,"password":""}