{"id":"gen9nationaldexubers-1998861027","p1":"yoimiya277","p2":"Raste","format":"[Gen 9] National Dex Ubers","log":"|j|\u2606yoimiya277\n|j|\u2606Raste\n|t:|1701004734\n|gametype|singles\n|player|p1|yoimiya277|lady-gen4|1125\n|player|p2|Raste|rocketgrunt|1161\n|teamsize|p1|6\n|teamsize|p2|6\n|gen|9\n|tier|[Gen 9] National Dex Ubers\n|rated|\n|rule|HP Percentage Mod: HP is shown in percentages\n|rule|Endless Battle Clause: Forcing endless battles is banned\n|rule|OHKO Clause: OHKO moves are banned\n|rule|Evasion Moves Clause: Evasion moves are banned\n|rule|Evasion Items Clause: Evasion items are banned\n|rule|Species Clause: Limit one of each Pok\u00e9mon\n|rule|Sleep Clause Mod: Limit one foe put to sleep\n|rule|Mega Rayquaza Clause: You cannot mega evolve Rayquaza\n|clearpoke\n|poke|p1|Landorus, M|\n|poke|p1|Naganadel|\n|poke|p1|Scizor, F|\n|poke|p1|Ferrothorn, M|\n|poke|p1|Clefable, M|\n|poke|p1|Gastrodon, M|\n|poke|p2|Vileplume, M|\n|poke|p2|Blastoise, M|\n|poke|p2|Torkoal, M|\n|poke|p2|Muk-Alola, F|\n|poke|p2|Ceruledge, M|\n|poke|p2|Goodra, F|\n|teampreview\n|inactive|Battle timer is ON: inactive players will automatically lose when time's up. (requested by Raste)\n|c|\u2606Raste|Do you fear Team Rocket?\n|\n|t:|1701004752\n|start\n|switch|p1a: Landorus|Landorus, M|100\/100\n|switch|p2a: Torkoal|Torkoal, M|100\/100\n|-weather|SunnyDay|[from] ability: Drought|[of] p2a: Torkoal\n|turn|1\n|\n|t:|1701004759\n|move|p1a: Landorus|Earth Power|p2a: Torkoal\n|-supereffective|p2a: Torkoal\n|-damage|p2a: Torkoal|0 fnt\n|faint|p2a: Torkoal\n|\n|-weather|SunnyDay|[upkeep]\n|upkeep\n|\n|t:|1701004764\n|switch|p2a: Goodra|Goodra, F|100\/100\n|turn|2\n|\n|t:|1701004770\n|-terastallize|p1a: Landorus|Water\n|move|p1a: Landorus|Earth Power|p2a: Goodra\n|-damage|p2a: Goodra|69\/100\n|move|p2a: Goodra|Ice Beam|p1a: Landorus\n|-resisted|p1a: Landorus\n|-damage|p1a: Landorus|80\/100\n|\n|-weather|SunnyDay|[upkeep]\n|upkeep\n|turn|3\n|\n|t:|1701004798\n|move|p1a: Landorus|Sludge Wave|p2a: Goodra\n|-damage|p2a: Goodra|47\/100\n|move|p2a: Goodra|Dragon Pulse|p1a: Landorus\n|-damage|p1a: Landorus|15\/100\n|\n|-weather|SunnyDay|[upkeep]\n|upkeep\n|turn|4\n|\n|t:|1701004805\n|switch|p1a: Clefable|Clefable, M|100\/100\n|move|p2a: Goodra|Dragon Pulse|p1a: Clefable\n|-immune|p1a: Clefable\n|\n|-weather|SunnyDay|[upkeep]\n|upkeep\n|turn|5\n|\n|t:|1701004811\n|move|p2a: Goodra|Sludge Bomb|p1a: Clefable\n|-supereffective|p1a: Clefable\n|-damage|p1a: Clefable|56\/100\n|move|p1a: Clefable|Wish|p1a: Clefable\n|\n|-weather|SunnyDay|[upkeep]\n|upkeep\n|turn|6\n|\n|t:|1701004818\n|move|p1a: Clefable|Protect|p1a: Clefable\n|-singleturn|p1a: Clefable|Protect\n|move|p2a: Goodra|Sludge Bomb|p1a: Clefable\n|-activate|p1a: Clefable|move: Protect\n|\n|-weather|SunnyDay|[upkeep]\n|-heal|p1a: Clefable|100\/100|[from] move: Wish|[wisher] Clefable\n|upkeep\n|turn|7\n|\n|t:|1701004826\n|switch|p2a: Muk|Muk-Alola, F, shiny|100\/100\n|move|p1a: Clefable|Wish|p1a: Clefable\n|\n|-weather|SunnyDay|[upkeep]\n|upkeep\n|turn|8\n|\n|t:|1701004838\n|switch|p1a: Landorus|Landorus, M, tera:Water|15\/100\n|move|p2a: Muk|Acid Armor|p2a: Muk\n|-boost|p2a: Muk|def|2\n|\n|-weather|none\n|-heal|p1a: Landorus|76\/100|[from] move: Wish|[wisher] Clefable\n|upkeep\n|turn|9\n|\n|t:|1701004849\n|move|p1a: Landorus|Earth Power|p2a: Muk\n|-supereffective|p2a: Muk\n|-damage|p2a: Muk|0 fnt\n|faint|p2a: Muk\n|\n|upkeep\n|\n|t:|1701004854\n|switch|p2a: Vileplume|Vileplume, M|100\/100\n|turn|10\n|\n|t:|1701004858\n|move|p1a: Landorus|Psychic|p2a: Vileplume\n|-supereffective|p2a: Vileplume\n|-damage|p2a: Vileplume|0 fnt\n|faint|p2a: Vileplume\n|\n|upkeep\n|\n|t:|1701004865\n|switch|p2a: Ceruledge|Ceruledge, M|100\/100\n|turn|11\n|\n|t:|1701004872\n|-terastallize|p2a: Ceruledge|Grass\n|move|p1a: Landorus|Sludge Wave|p2a: Ceruledge\n|-supereffective|p2a: Ceruledge\n|-damage|p2a: Ceruledge|0 fnt\n|faint|p2a: Ceruledge\n|\n|upkeep\n|c|\u2606Raste|well\n|c|\u2606Raste|this was an hard predict\n|\n|t:|1701004893\n|switch|p2a: Blastoise|Blastoise, M|100\/100\n|turn|12\n|\n|t:|1701004909\n|switch|p1a: Ferrothorn|Ferrothorn, M|100\/100\n|detailschange|p2a: Blastoise|Blastoise-Mega, M\n|-mega|p2a: Blastoise|Blastoise|Blastoisinite\n|move|p2a: Blastoise|Aura Sphere|p1a: Ferrothorn\n|-supereffective|p1a: Ferrothorn\n|-damage|p1a: Ferrothorn|15\/100\n|\n|upkeep\n|turn|13\n|\n|t:|1701004917\n|move|p2a: Blastoise|Aura Sphere|p1a: Ferrothorn\n|-supereffective|p1a: Ferrothorn\n|-damage|p1a: Ferrothorn|0 fnt\n|faint|p1a: Ferrothorn\n|\n|upkeep\n|\n|t:|1701004921\n|switch|p1a: Gastrodon|Gastrodon, M|100\/100\n|turn|14\n|\n|t:|1701004928\n|move|p2a: Blastoise|Dragon Pulse|p1a: Gastrodon\n|-damage|p1a: Gastrodon|68\/100\n|move|p1a: Gastrodon|Earth Power|p2a: Blastoise\n|-damage|p2a: Blastoise|74\/100\n|-unboost|p2a: Blastoise|spd|1\n|\n|-heal|p1a: Gastrodon|74\/100|[from] item: Leftovers\n|upkeep\n|turn|15\n|\n|t:|1701004948\n|move|p2a: Blastoise|Dragon Pulse|p1a: Gastrodon\n|-damage|p1a: Gastrodon|39\/100\n|move|p1a: Gastrodon|Earth Power|p2a: Blastoise\n|-damage|p2a: Blastoise|41\/100\n|\n|-heal|p1a: Gastrodon|45\/100|[from] item: Leftovers\n|upkeep\n|turn|16\n|\n|t:|1701004956\n|move|p2a: Blastoise|Dragon Pulse|p1a: Gastrodon\n|-damage|p1a: Gastrodon|12\/100\n|move|p1a: Gastrodon|Recover|p1a: Gastrodon\n|-heal|p1a: Gastrodon|62\/100\n|\n|-heal|p1a: Gastrodon|68\/100|[from] item: Leftovers\n|upkeep\n|turn|17\n|c|\u2606Raste|aw shit\n|-message|Raste forfeited.\n|\n|win|yoimiya277\n|raw|yoimiya277's rating: 1150 &rarr; <strong>1176<\/strong><br \/>(+26 for winning)\n|raw|Raste's rating: 1161 &rarr; <strong>1135<\/strong><br \/>(-26 for losing)\n|l|\u2606Raste\n","uploadtime":1701005210,"views":5,"p1id":"yoimiya277","p2id":"raste","formatid":"gen9nationaldexubers","rating":1135,"private":0,"password":""}