{"id":"gen9nationaldexubers-1996921492","p1":"Julieos","p2":"Braquelo","format":"[Gen 9] National Dex Ubers","log":"|j|\u2606Julieos\n|j|\u2606Braquelo\n|t:|1700745111\n|gametype|singles\n|player|p1|Julieos|102|1256\n|player|p2|Braquelo|raihan|1323\n|teamsize|p1|6\n|teamsize|p2|6\n|gen|9\n|tier|[Gen 9] National Dex Ubers\n|rated|\n|rule|HP Percentage Mod: HP is shown in percentages\n|rule|Endless Battle Clause: Forcing endless battles is banned\n|rule|OHKO Clause: OHKO moves are banned\n|rule|Evasion Moves Clause: Evasion moves are banned\n|rule|Evasion Items Clause: Evasion items are banned\n|rule|Species Clause: Limit one of each Pok\u00e9mon\n|rule|Sleep Clause Mod: Limit one foe put to sleep\n|rule|Mega Rayquaza Clause: You cannot mega evolve Rayquaza\n|clearpoke\n|poke|p1|Infernape, F|\n|poke|p1|Marshadow|\n|poke|p1|Landorus-Therian, M|\n|poke|p1|Kyogre|\n|poke|p1|Deoxys-Attack|\n|poke|p1|Rayquaza|\n|poke|p2|Kingambit, M|\n|poke|p2|Sableye, M|\n|poke|p2|Hydreigon, M|\n|poke|p2|Grimmsnarl, M|\n|poke|p2|Mandibuzz, F|\n|poke|p2|Overqwil, M|\n|teampreview\n|inactive|Battle timer is ON: inactive players will automatically lose when time's up. (requested by Julieos)\n|\n|t:|1700745128\n|start\n|switch|p1a: Deoxys|Deoxys-Attack|100\/100\n|switch|p2a: Grimmsnarl|Grimmsnarl, M|100\/100\n|-ability|p1a: Deoxys|Pressure\n|turn|1\n|\n|t:|1700745133\n|move|p2a: Grimmsnarl|Taunt|p1a: Deoxys\n|-start|p1a: Deoxys|move: Taunt\n|move|p1a: Deoxys|Flash Cannon|p2a: Grimmsnarl\n|-supereffective|p2a: Grimmsnarl\n|-damage|p2a: Grimmsnarl|14\/100\n|\n|upkeep\n|turn|2\n|\n|t:|1700745152\n|move|p2a: Grimmsnarl|Light Screen|p2a: Grimmsnarl\n|-sidestart|p2: Braquelo|move: Light Screen\n|move|p1a: Deoxys|Flash Cannon|p2a: Grimmsnarl\n|-supereffective|p2a: Grimmsnarl\n|-damage|p2a: Grimmsnarl|0 fnt\n|faint|p2a: Grimmsnarl\n|\n|upkeep\n|\n|t:|1700745160\n|switch|p2a: Overqwil|Overqwil, M|100\/100\n|-ability|p2a: Overqwil|Intimidate|boost\n|-unboost|p1a: Deoxys|atk|1\n|turn|3\n|\n|t:|1700745176\n|switch|p1a: Landorus|Landorus-Therian, M|100\/100\n|-ability|p1a: Landorus|Intimidate|boost\n|-unboost|p2a: Overqwil|atk|1\n|move|p2a: Overqwil|Crunch|p1a: Landorus\n|-damage|p1a: Landorus|67\/100\n|\n|-heal|p1a: Landorus|73\/100|[from] item: Leftovers\n|upkeep\n|turn|4\n|\n|t:|1700745200\n|switch|p2a: Mandibuzz|Mandibuzz, F|100\/100\n|move|p1a: Landorus|Earthquake|p2a: Mandibuzz\n|-immune|p2a: Mandibuzz\n|\n|-heal|p1a: Landorus|79\/100|[from] item: Leftovers\n|upkeep\n|turn|5\n|inactive|Julieos has 120 seconds left.\n|\n|t:|1700745216\n|move|p1a: Landorus|Stealth Rock|p2a: Mandibuzz\n|-sidestart|p2: Braquelo|move: Stealth Rock\n|move|p2a: Mandibuzz|U-turn|p1a: Landorus\n|-resisted|p1a: Landorus\n|-damage|p1a: Landorus|72\/100\n|\n|t:|1700745224\n|switch|p2a: Hydreigon|Hydreigon, M|100\/100|[from] U-turn\n|-damage|p2a: Hydreigon|88\/100|[from] Stealth Rock\n|\n|-heal|p1a: Landorus|78\/100|[from] item: Leftovers\n|upkeep\n|turn|6\n|inactive|Julieos has 120 seconds left.\n|\n|t:|1700745239\n|switch|p1a: Kyogre|Kyogre|100\/100\n|-weather|RainDance|[from] ability: Drizzle|[of] p1a: Kyogre\n|move|p2a: Hydreigon|Draco Meteor|p1a: Kyogre\n|-damage|p1a: Kyogre|49\/100\n|-unboost|p2a: Hydreigon|spa|2\n|\n|-weather|RainDance|[upkeep]\n|upkeep\n|turn|7\n|\n|t:|1700745251\n|switch|p2a: Overqwil|Overqwil, M|100\/100\n|-damage|p2a: Overqwil|88\/100|[from] Stealth Rock\n|-ability|p2a: Overqwil|Intimidate|boost\n|-unboost|p1a: Kyogre|atk|1\n|move|p1a: Kyogre|Blizzard|p2a: Overqwil\n|-damage|p2a: Overqwil|70\/100\n|\n|-weather|RainDance|[upkeep]\n|upkeep\n|turn|8\n|\n|t:|1700745259\n|switch|p1a: Landorus|Landorus-Therian, M|78\/100\n|-ability|p1a: Landorus|Intimidate|boost\n|-unboost|p2a: Overqwil|atk|1\n|move|p2a: Overqwil|Barb Barrage|p1a: Landorus\n|-resisted|p1a: Landorus\n|-damage|p1a: Landorus|65\/100\n|\n|-weather|RainDance|[upkeep]\n|-heal|p1a: Landorus|71\/100|[from] item: Leftovers\n|upkeep\n|turn|9\n|\n|t:|1700745284\n|switch|p2a: Mandibuzz|Mandibuzz, F|100\/100\n|move|p1a: Landorus|Return|p2a: Mandibuzz\n|-damage|p2a: Mandibuzz|80\/100\n|\n|-weather|RainDance|[upkeep]\n|-heal|p1a: Landorus|77\/100|[from] item: Leftovers\n|-sideend|p2: Braquelo|move: Light Screen\n|upkeep\n|turn|10\n|\n|t:|1700745304\n|switch|p1a: Kyogre|Kyogre|49\/100\n|move|p2a: Mandibuzz|Defog|p1a: Kyogre\n|-unboost|p1a: Kyogre|evasion|1\n|-sideend|p2: Braquelo|Stealth Rock|[from] move: Defog|[of] p2a: Mandibuzz\n|\n|-weather|none\n|upkeep\n|turn|11\n|\n|t:|1700745316\n|move|p1a: Kyogre|Origin Pulse|p2a: Mandibuzz\n|-damage|p2a: Mandibuzz|30\/100\n|move|p2a: Mandibuzz|Roost|p2a: Mandibuzz\n|-heal|p2a: Mandibuzz|80\/100\n|-singleturn|p2a: Mandibuzz|move: Roost\n|\n|upkeep\n|turn|12\n|\n|t:|1700745322\n|switch|p1a: Landorus|Landorus-Therian, M|77\/100\n|-ability|p1a: Landorus|Intimidate|boost\n|-unboost|p2a: Mandibuzz|atk|1\n|switch|p2a: Hydreigon|Hydreigon, M|88\/100\n|\n|-heal|p1a: Landorus|83\/100|[from] item: Leftovers\n|upkeep\n|turn|13\n|\n|t:|1700745330\n|move|p2a: Hydreigon|Dark Pulse|p1a: Landorus\n|-damage|p1a: Landorus|28\/100\n|move|p1a: Landorus|Stealth Rock|p2a: Hydreigon\n|-sidestart|p2: Braquelo|move: Stealth Rock\n|\n|-heal|p1a: Landorus|34\/100|[from] item: Leftovers\n|upkeep\n|turn|14\n|\n|t:|1700745335\n|move|p2a: Hydreigon|Dark Pulse|p1a: Landorus\n|-damage|p1a: Landorus|0 fnt\n|faint|p1a: Landorus\n|\n|upkeep\n|\n|t:|1700745351\n|switch|p1a: Kyogre|Kyogre|49\/100\n|-weather|RainDance|[from] ability: Drizzle|[of] p1a: Kyogre\n|turn|15\n|inactive|Braquelo has 120 seconds left.\n|\n|t:|1700745385\n|move|p2a: Hydreigon|Dark Pulse|p1a: Kyogre\n|-damage|p1a: Kyogre|17\/100\n|move|p1a: Kyogre|Thunder|p2a: Hydreigon\n|-resisted|p2a: Hydreigon\n|-damage|p2a: Hydreigon|64\/100\n|\n|-weather|RainDance|[upkeep]\n|upkeep\n|turn|16\n|\n|t:|1700745395\n|switch|p1a: Infernape|Infernape, F|100\/100\n|move|p2a: Hydreigon|Dark Pulse|p1a: Infernape\n|-resisted|p1a: Infernape\n|-damage|p1a: Infernape|69\/100\n|\n|-weather|RainDance|[upkeep]\n|upkeep\n|turn|17\n|\n|t:|1700745402\n|switch|p2a: Sableye|Sableye, M|100\/100\n|-damage|p2a: Sableye|88\/100|[from] Stealth Rock\n|move|p1a: Infernape|Power-Up Punch|p2a: Sableye\n|-immune|p2a: Sableye\n|\n|-weather|RainDance|[upkeep]\n|upkeep\n|turn|18\n|\n|t:|1700745409\n|switch|p1a: Kyogre|Kyogre|17\/100\n|detailschange|p2a: Sableye|Sableye-Mega, M\n|-mega|p2a: Sableye|Sableye|Sablenite\n|move|p2a: Sableye|Knock Off|p1a: Kyogre\n|-damage|p1a: Kyogre|0 fnt\n|-enditem|p1a: Kyogre|Choice Scarf|[from] move: Knock Off|[of] p2a: Sableye\n|faint|p1a: Kyogre\n|\n|-weather|RainDance|[upkeep]\n|upkeep\n|inactive|Julieos has 120 seconds left.\n|\n|t:|1700745453\n|switch|p1a: Marshadow|Marshadow|100\/100\n|turn|19\n|\n|t:|1700745460\n|move|p1a: Marshadow|Spectral Thief|p2a: Sableye\n|-damage|p2a: Sableye|43\/100\n|move|p2a: Sableye|Will-O-Wisp|p1a: Marshadow\n|-status|p1a: Marshadow|brn\n|\n|-weather|none\n|-damage|p1a: Marshadow|94\/100 brn|[from] brn\n|upkeep\n|turn|20\n|inactive|Julieos has 120 seconds left.\n|\n|t:|1700745469\n|move|p1a: Marshadow|Spectral Thief|p2a: Sableye\n|-damage|p2a: Sableye|22\/100\n|move|p2a: Sableye|Recover|p2a: Sableye\n|-heal|p2a: Sableye|72\/100\n|\n|-damage|p1a: Marshadow|88\/100 brn|[from] brn\n|upkeep\n|turn|21\n|\n|t:|1700745475\n|switch|p1a: Deoxys|Deoxys-Attack|100\/100\n|-ability|p1a: Deoxys|Pressure\n|move|p2a: Sableye|Protect||[still]\n|-fail|p2a: Sableye\n|\n|upkeep\n|turn|22\n|\n|t:|1700745494\n|move|p2a: Sableye|Protect|p2a: Sableye\n|-singleturn|p2a: Sableye|Protect\n|move|p1a: Deoxys|Dark Pulse|p2a: Sableye\n|-activate|p2a: Sableye|move: Protect\n|\n|upkeep\n|turn|23\n|\n|t:|1700745500\n|switch|p2a: Mandibuzz|Mandibuzz, F|80\/100\n|move|p1a: Deoxys|Dark Pulse|p2a: Mandibuzz\n|-resisted|p2a: Mandibuzz\n|-damage|p2a: Mandibuzz|57\/100\n|\n|upkeep\n|turn|24\n|\n|t:|1700745519\n|switch|p1a: Infernape|Infernape, F|69\/100\n|move|p2a: Mandibuzz|Roost|p2a: Mandibuzz\n|-heal|p2a: Mandibuzz|100\/100\n|-singleturn|p2a: Mandibuzz|move: Roost\n|\n|upkeep\n|turn|25\n|\n|t:|1700745529\n|move|p1a: Infernape|Power-Up Punch|p2a: Mandibuzz\n|-damage|p2a: Mandibuzz|89\/100\n|-boost|p1a: Infernape|atk|1\n|move|p2a: Mandibuzz|Defog|p1a: Infernape\n|-unboost|p1a: Infernape|evasion|1\n|-sideend|p2: Braquelo|Stealth Rock|[from] move: Defog|[of] p2a: Mandibuzz\n|\n|upkeep\n|turn|26\n|\n|t:|1700745543\n|move|p1a: Infernape|Fire Punch|p2a: Mandibuzz\n|-damage|p2a: Mandibuzz|52\/100\n|move|p2a: Mandibuzz|Foul Play|p1a: Infernape\n|-resisted|p1a: Infernape\n|-damage|p1a: Infernape|23\/100\n|\n|upkeep\n|turn|27\n|\n|t:|1700745562\n|switch|p2a: Overqwil|Overqwil, M|70\/100\n|-ability|p2a: Overqwil|Intimidate|boost\n|-unboost|p1a: Infernape|atk|1\n|move|p1a: Infernape|Power-Up Punch|p2a: Overqwil\n|-damage|p2a: Overqwil|51\/100\n|-boost|p1a: Infernape|atk|1\n|\n|upkeep\n|turn|28\n|\n|t:|1700745581\n|move|p2a: Overqwil|Aqua Jet|p1a: Infernape\n|-supereffective|p1a: Infernape\n|-damage|p1a: Infernape|0 fnt\n|faint|p1a: Infernape\n|\n|upkeep\n|\n|t:|1700745587\n|switch|p1a: Rayquaza|Rayquaza, shiny|100\/100\n|-ability|p1a: Rayquaza|Air Lock\n|turn|29\n|\n|t:|1700745592\n|-zpower|p1a: Rayquaza\n|move|p1a: Rayquaza|Z-Celebrate|p1a: Rayquaza|[anim]Celebrate\n|-boost|p1a: Rayquaza|atk|1|[zeffect]\n|-boost|p1a: Rayquaza|def|1|[zeffect]\n|-boost|p1a: Rayquaza|spa|1|[zeffect]\n|-boost|p1a: Rayquaza|spd|1|[zeffect]\n|-boost|p1a: Rayquaza|spe|1|[zeffect]\n|-activate|p1a: Rayquaza|move: Celebrate\n|move|p2a: Overqwil|Barb Barrage|p1a: Rayquaza\n|-damage|p1a: Rayquaza|78\/100\n|\n|upkeep\n|turn|30\n|\n|t:|1700745605\n|switch|p2a: Mandibuzz|Mandibuzz, F|52\/100\n|move|p1a: Rayquaza|Earthquake|p2a: Mandibuzz\n|-immune|p2a: Mandibuzz\n|\n|upkeep\n|turn|31\n|\n|t:|1700745609\n|move|p1a: Rayquaza|Dragon Ascent|p2a: Mandibuzz\n|-damage|p2a: Mandibuzz|0 fnt\n|-unboost|p1a: Rayquaza|def|1\n|-unboost|p1a: Rayquaza|spd|1\n|faint|p2a: Mandibuzz\n|\n|upkeep\n|\n|t:|1700745614\n|switch|p2a: Overqwil|Overqwil, M|51\/100\n|-ability|p2a: Overqwil|Intimidate|boost\n|-unboost|p1a: Rayquaza|atk|1\n|turn|32\n|\n|t:|1700745625\n|move|p1a: Rayquaza|Dragon Ascent|p2a: Overqwil\n|-damage|p2a: Overqwil|0 fnt\n|-unboost|p1a: Rayquaza|def|1\n|-unboost|p1a: Rayquaza|spd|1\n|faint|p2a: Overqwil\n|\n|upkeep\n|\n|t:|1700745645\n|switch|p2a: Sableye|Sableye-Mega, M|72\/100\n|turn|33\n|\n|t:|1700745654\n|move|p1a: Rayquaza|Dragon Claw|p2a: Sableye\n|-damage|p2a: Sableye|30\/100\n|move|p2a: Sableye|Will-O-Wisp|p1a: Rayquaza\n|-status|p1a: Rayquaza|brn\n|\n|-damage|p1a: Rayquaza|72\/100 brn|[from] brn\n|upkeep\n|turn|34\n|\n|t:|1700745658\n|move|p1a: Rayquaza|Dragon Claw|p2a: Sableye\n|-damage|p2a: Sableye|8\/100\n|move|p2a: Sableye|Recover|p2a: Sableye\n|-heal|p2a: Sableye|58\/100\n|\n|-damage|p1a: Rayquaza|66\/100 brn|[from] brn\n|upkeep\n|turn|35\n|\n|t:|1700745669\n|switch|p1a: Deoxys|Deoxys-Attack|100\/100\n|-ability|p1a: Deoxys|Pressure\n|move|p2a: Sableye|Recover|p2a: Sableye\n|-heal|p2a: Sableye|100\/100\n|\n|upkeep\n|turn|36\n|\n|t:|1700745674\n|move|p1a: Deoxys|Dark Pulse|p2a: Sableye\n|-damage|p2a: Sableye|63\/100\n|move|p2a: Sableye|Knock Off|p1a: Deoxys\n|-supereffective|p1a: Deoxys\n|-damage|p1a: Deoxys|0 fnt\n|-enditem|p1a: Deoxys|Choice Specs|[from] move: Knock Off|[of] p2a: Sableye\n|faint|p1a: Deoxys\n|\n|upkeep\n|\n|t:|1700745680\n|switch|p1a: Rayquaza|Rayquaza, shiny|66\/100 brn\n|-ability|p1a: Rayquaza|Air Lock\n|turn|37\n|l|\u2606Julieos\n|inactive|Julieos disconnected and has a minute to reconnect!\n|player|p1|\n|inactive|Julieos has 30 seconds to reconnect!\n|inactive|Julieos has 20 seconds to reconnect!\n|inactive|Julieos has 15 seconds to reconnect!\n|inactive|Julieos has 10 seconds to reconnect!\n|inactive|Julieos has 5 seconds to reconnect!\n|-message|Julieos lost due to inactivity.\n|\n|win|Braquelo\n|raw|Julieos's rating: 1256 &rarr; <strong>1236<\/strong><br \/>(-20 for losing)\n|raw|Braquelo's rating: 1323 &rarr; <strong>1339<\/strong><br \/>(+16 for winning)\n","uploadtime":1700745744,"views":0,"p1id":"julieos","p2id":"braquelo","formatid":"gen9nationaldexubers","rating":1236,"private":0,"password":""}