{"id":"gen9nationaldexubers-1999775321","p1":"Mike LEsgo","p2":"waquiner","format":"[Gen 9] National Dex Ubers","log":"|j|\u2606Mike LEsgo\n|j|\u2606waquiner\n|t:|1701115572\n|gametype|singles\n|player|p1|Mike LEsgo|volkner|\n|player|p2|waquiner|brock|\n|teamsize|p1|6\n|teamsize|p2|6\n|gen|9\n|tier|[Gen 9] National Dex Ubers\n|rule|HP Percentage Mod: HP is shown in percentages\n|rule|Endless Battle Clause: Forcing endless battles is banned\n|rule|OHKO Clause: OHKO moves are banned\n|rule|Evasion Moves Clause: Evasion moves are banned\n|rule|Evasion Items Clause: Evasion items are banned\n|rule|Species Clause: Limit one of each Pok\u00e9mon\n|rule|Sleep Clause Mod: Limit one foe put to sleep\n|rule|Mega Rayquaza Clause: You cannot mega evolve Rayquaza\n|clearpoke\n|poke|p1|Venusaur, F|\n|poke|p1|Raichu, F|\n|poke|p1|Nidoking, M|\n|poke|p1|Arcanine, M|\n|poke|p1|Raticate, F|\n|poke|p1|Gyarados, M|\n|poke|p2|Charizard, M|\n|poke|p2|Pikachu-Original, M|\n|poke|p2|Gengar, M|\n|poke|p2|Blastoise, F|\n|poke|p2|Mewtwo|\n|poke|p2|Mew|\n|teampreview\n|\n|t:|1701115577\n|start\n|switch|p1a: Raichu|Raichu, F|100\/100\n|switch|p2a: Mewtwo|Mewtwo|100\/100\n|-ability|p2a: Mewtwo|Unnerve\n|-item|p1a: Raichu|Air Balloon\n|turn|1\n|\n|t:|1701115587\n|switch|p2a: Gengar|Gengar, M|100\/100\n|move|p1a: Raichu|Fake Out|p2a: Gengar\n|-immune|p2a: Gengar\n|\n|upkeep\n|turn|2\n|\n|t:|1701115597\n|move|p1a: Raichu|Knock Off|p2a: Gengar\n|-supereffective|p2a: Gengar\n|-damage|p2a: Gengar|2\/100\n|-enditem|p2a: Gengar|Life Orb|[from] move: Knock Off|[of] p1a: Raichu\n|move|p2a: Gengar|Sludge Bomb|p1a: Raichu\n|-damage|p1a: Raichu|27\/100\n|-status|p1a: Raichu|psn\n|-enditem|p1a: Raichu|Air Balloon\n|\n|-damage|p1a: Raichu|14\/100 psn|[from] psn\n|upkeep\n|turn|3\n|\n|t:|1701115618\n|move|p2a: Gengar|Sludge Bomb|p1a: Raichu\n|-damage|p1a: Raichu|0 fnt\n|faint|p1a: Raichu\n|\n|upkeep\n|\n|t:|1701115642\n|switch|p1a: Raticate|Raticate, F|100\/100\n|turn|4\n|\n|t:|1701115710\n|switch|p2a: Blastoise|Blastoise, F|100\/100\n|move|p1a: Raticate|Sucker Punch||[still]\n|-fail|p1a: Raticate\n|\n|upkeep\n|turn|5\n|\n|t:|1701115764\n|move|p1a: Raticate|U-turn|p2a: Blastoise\n|-damage|p2a: Blastoise|70\/100\n|\n|t:|1701115771\n|switch|p1a: Gyarados|Gyarados, M|100\/100|[from] U-turn\n|move|p2a: Blastoise|Shell Smash|p2a: Blastoise\n|-unboost|p2a: Blastoise|def|1\n|-unboost|p2a: Blastoise|spd|1\n|-boost|p2a: Blastoise|atk|2\n|-boost|p2a: Blastoise|spa|2\n|-boost|p2a: Blastoise|spe|2\n|-enditem|p2a: Blastoise|White Herb\n|-clearnegativeboost|p2a: Blastoise|[silent]\n|\n|upkeep\n|turn|6\n|\n|t:|1701115789\n|move|p2a: Blastoise|Ice Beam|p1a: Gyarados\n|-crit|p1a: Gyarados\n|-damage|p1a: Gyarados|24\/100\n|move|p1a: Gyarados|Outrage|p2a: Blastoise\n|-damage|p2a: Blastoise|18\/100\n|\n|upkeep\n|turn|7\n|\n|t:|1701115798\n|move|p2a: Blastoise|Ice Beam|p1a: Gyarados\n|-damage|p1a: Gyarados|0 fnt\n|faint|p1a: Gyarados\n|\n|upkeep\n|\n|t:|1701115820\n|switch|p1a: Arcanine|Arcanine, M|100\/100\n|turn|8\n|\n|t:|1701115838\n|switch|p2a: Gengar|Gengar, M|2\/100\n|move|p1a: Arcanine|Extreme Speed|p2a: Gengar\n|-immune|p2a: Gengar\n|\n|upkeep\n|turn|9\n|\n|t:|1701115876\n|switch|p1a: Raticate|Raticate, F|100\/100\n|move|p2a: Gengar|Sludge Bomb|p1a: Raticate\n|-damage|p1a: Raticate|18\/100\n|\n|upkeep\n|turn|10\n|\n|t:|1701115895\n|switch|p2a: Charizard|Charizard, M|100\/100\n|move|p1a: Raticate|Sucker Punch||[still]\n|-fail|p1a: Raticate\n|\n|upkeep\n|turn|11\n|\n|t:|1701115908\n|move|p1a: Raticate|Sucker Punch|p2a: Charizard\n|-damage|p2a: Charizard|65\/100\n|move|p2a: Charizard|Flamethrower|p1a: Raticate\n|-damage|p1a: Raticate|0 fnt\n|faint|p1a: Raticate\n|\n|upkeep\n|\n|t:|1701115925\n|switch|p1a: Nidoking|Nidoking, M|100\/100\n|turn|12\n|\n|t:|1701115936\n|move|p2a: Charizard|Flamethrower|p1a: Nidoking\n|-damage|p1a: Nidoking|40\/100\n|move|p1a: Nidoking|Stealth Rock|p2a: Charizard\n|-sidestart|p2: waquiner|move: Stealth Rock\n|\n|upkeep\n|turn|13\n|\n|t:|1701115946\n|move|p2a: Charizard|Flamethrower|p1a: Nidoking\n|-damage|p1a: Nidoking|0 fnt\n|faint|p1a: Nidoking\n|\n|upkeep\n|\n|t:|1701115950\n|switch|p1a: Arcanine|Arcanine, M|100\/100\n|turn|14\n|\n|t:|1701115965\n|switch|p2a: Gengar|Gengar, M|2\/100\n|-damage|p2a: Gengar|0 fnt|[from] Stealth Rock\n|faint|p2a: Gengar\n|move|p1a: Arcanine|Flare Blitz|p2: Gengar|[notarget]\n|-fail|p1a: Arcanine\n|\n|upkeep\n|-message|Mike LEsgo forfeited.\n|\n|win|waquiner\n|l|\u2606Mike LEsgo\n|l|\u2606waquiner\n|j|\u2606Mike LEsgo\n|player|p1|Mike LEsgo|volkner\n","uploadtime":1701116559,"views":4,"p1id":"mikelesgo","p2id":"waquiner","formatid":"gen9nationaldexubers","rating":0,"private":0,"password":""}