{"id":"gen9nationaldexubers-1988845405","p1":"AlolanSandslashOU","p2":"ANinjaDude","format":"[Gen 9] National Dex Ubers","log":"|j|\u2606AlolanSandslashOU\n|j|\u2606ANinjaDude\n|t:|1699772532\n|gametype|singles\n|player|p1|AlolanSandslashOU|volkner|\n|player|p2|ANinjaDude|volkner|\n|teamsize|p1|6\n|teamsize|p2|6\n|gen|9\n|tier|[Gen 9] National Dex Ubers\n|rule|HP Percentage Mod: HP is shown in percentages\n|rule|Endless Battle Clause: Forcing endless battles is banned\n|rule|OHKO Clause: OHKO moves are banned\n|rule|Evasion Moves Clause: Evasion moves are banned\n|rule|Evasion Items Clause: Evasion items are banned\n|rule|Species Clause: Limit one of each Pok\u00e9mon\n|rule|Sleep Clause Mod: Limit one foe put to sleep\n|rule|Mega Rayquaza Clause: You cannot mega evolve Rayquaza\n|clearpoke\n|poke|p1|Sneasler, F|\n|poke|p1|Greninja-*, M|\n|poke|p1|Zapdos|\n|poke|p1|Iron Moth|\n|poke|p1|Kartana|\n|poke|p1|Great Tusk|\n|poke|p2|Landorus-Therian, M|\n|poke|p2|Celesteela|\n|poke|p2|Thundurus-Therian, M|\n|poke|p2|Dragonite, F|\n|poke|p2|Shaymin-Sky|\n|poke|p2|Iron Valiant|\n|teampreview\n|inactive|Battle timer is ON: inactive players will automatically lose when time's up. (requested by ANinjaDude)\n|c|\u2606AlolanSandslashOU|Valiant\n|c|\u2606AlolanSandslashOU|you bozo\n|c|\u2606ANinjaDude|glhf\n|\n|t:|1699772554\n|start\n|switch|p1a: Great Tusk|Great Tusk, shiny|100\/100\n|switch|p2a: Landorus|Landorus-Therian, M|100\/100\n|-ability|p2a: Landorus|Intimidate|boost\n|-unboost|p1a: Great Tusk|atk|1\n|turn|1\n|\n|t:|1699772558\n|move|p2a: Landorus|Imprison|p2a: Landorus\n|-start|p2a: Landorus|move: Imprison\n|cant|p1a: Great Tusk|move: Imprison|Knock Off\n|\n|upkeep\n|turn|2\n|c|\u2606ANinjaDude|no knock for you\n|c|\u2606AlolanSandslashOU|Shit\n|c|\u2606ANinjaDude|lol\n|\n|t:|1699772572\n|move|p2a: Landorus|Stealth Rock|p1a: Great Tusk\n|-sidestart|p1: AlolanSandslashOU|move: Stealth Rock\n|move|p1a: Great Tusk|Rapid Spin|p2a: Landorus\n|-damage|p2a: Landorus|85\/100\n|-boost|p1a: Great Tusk|spe|1\n|-sideend|p1: AlolanSandslashOU|Stealth Rock|[from] move: Rapid Spin|[of] p1a: Great Tusk\n|\n|upkeep\n|turn|3\n|\n|t:|1699772579\n|move|p1a: Great Tusk|Close Combat|p2a: Landorus\n|-resisted|p2a: Landorus\n|-damage|p2a: Landorus|58\/100\n|-unboost|p1a: Great Tusk|def|1\n|-unboost|p1a: Great Tusk|spd|1\n|move|p2a: Landorus|Stealth Rock|p1a: Great Tusk\n|-sidestart|p1: AlolanSandslashOU|move: Stealth Rock\n|\n|upkeep\n|turn|4\n|\n|t:|1699772583\n|move|p1a: Great Tusk|Rapid Spin|p2a: Landorus\n|-damage|p2a: Landorus|43\/100\n|-boost|p1a: Great Tusk|spe|1\n|-sideend|p1: AlolanSandslashOU|Stealth Rock|[from] move: Rapid Spin|[of] p1a: Great Tusk\n|move|p2a: Landorus|Stealth Rock|p1a: Great Tusk\n|-sidestart|p1: AlolanSandslashOU|move: Stealth Rock\n|\n|upkeep\n|turn|5\n|\n|t:|1699772586\n|move|p1a: Great Tusk|Rapid Spin|p2a: Landorus\n|-damage|p2a: Landorus|29\/100\n|-boost|p1a: Great Tusk|spe|1\n|-sideend|p1: AlolanSandslashOU|Stealth Rock|[from] move: Rapid Spin|[of] p1a: Great Tusk\n|move|p2a: Landorus|Stealth Rock|p1a: Great Tusk\n|-sidestart|p1: AlolanSandslashOU|move: Stealth Rock\n|\n|upkeep\n|turn|6\n|\n|t:|1699772589\n|move|p1a: Great Tusk|Rapid Spin|p2a: Landorus\n|-damage|p2a: Landorus|15\/100\n|-boost|p1a: Great Tusk|spe|1\n|-sideend|p1: AlolanSandslashOU|Stealth Rock|[from] move: Rapid Spin|[of] p1a: Great Tusk\n|move|p2a: Landorus|Stealth Rock|p1a: Great Tusk\n|-sidestart|p1: AlolanSandslashOU|move: Stealth Rock\n|\n|upkeep\n|turn|7\n|\n|t:|1699772593\n|move|p1a: Great Tusk|Rapid Spin|p2a: Landorus\n|-damage|p2a: Landorus|0 fnt\n|-boost|p1a: Great Tusk|spe|1\n|-sideend|p1: AlolanSandslashOU|Stealth Rock|[from] move: Rapid Spin|[of] p1a: Great Tusk\n|faint|p2a: Landorus\n|\n|upkeep\n|\n|t:|1699772598\n|switch|p2a: Shaymin|Shaymin-Sky|100\/100\n|turn|8\n|c|\u2606AlolanSandslashOU|what just happened\n|c|\u2606ANinjaDude|lol\n|\n|t:|1699772606\n|move|p1a: Great Tusk|Knock Off|p2a: Shaymin\n|-damage|p2a: Shaymin|67\/100\n|-enditem|p2a: Shaymin|Choice Scarf|[from] move: Knock Off|[of] p1a: Great Tusk\n|move|p2a: Shaymin|Air Slash|p1a: Great Tusk\n|-supereffective|p1a: Great Tusk\n|-damage|p1a: Great Tusk|0 fnt\n|faint|p1a: Great Tusk\n|-end|p1a: Great Tusk|Protosynthesis|[silent]\n|\n|upkeep\n|c|\u2606ANinjaDude|unfortunate\n|c|\u2606AlolanSandslashOU|You let tusk\n|c|\u2606AlolanSandslashOU|get to\n|c|\u2606ANinjaDude|but it will not save you\n|c|\u2606AlolanSandslashOU|700 speed\n|c|\u2606ANinjaDude|lol\n|\n|t:|1699772628\n|switch|p1a: Iron Moth|Iron Moth, shiny|100\/100\n|-enditem|p1a: Iron Moth|Booster Energy\n|-activate|p1a: Iron Moth|ability: Quark Drive|[fromitem]\n|-start|p1a: Iron Moth|quarkdrivespe\n|turn|9\n|\n|t:|1699772640\n|switch|p2a: Thundurus|Thundurus-Therian, M|100\/100\n|move|p1a: Iron Moth|Fiery Dance|p2a: Thundurus\n|-crit|p2a: Thundurus\n|-damage|p2a: Thundurus|20\/100\n|\n|upkeep\n|turn|10\n|\n|t:|1699772646\n|move|p1a: Iron Moth|Fiery Dance|p2a: Thundurus\n|-damage|p2a: Thundurus|0 fnt\n|faint|p2a: Thundurus\n|\n|upkeep\n|c|\u2606ANinjaDude|crit mattered fr\n|\n|t:|1699772649\n|switch|p2a: Iron Valiant|Iron Valiant|100\/100\n|-enditem|p2a: Iron Valiant|Booster Energy\n|-activate|p2a: Iron Valiant|ability: Quark Drive|[fromitem]\n|-start|p2a: Iron Valiant|quarkdrivespe\n|turn|11\n|\n|t:|1699772653\n|-terastallize|p2a: Iron Valiant|Fighting\n|move|p2a: Iron Valiant|Calm Mind|p2a: Iron Valiant\n|-boost|p2a: Iron Valiant|spa|1\n|-boost|p2a: Iron Valiant|spd|1\n|move|p1a: Iron Moth|Substitute|p1a: Iron Moth\n|-start|p1a: Iron Moth|Substitute\n|-damage|p1a: Iron Moth|76\/100\n|\n|upkeep\n|turn|12\n|\n|t:|1699772659\n|move|p2a: Iron Valiant|Encore|p1a: Iron Moth\n|-start|p1a: Iron Moth|Encore\n|move|p1a: Iron Moth|Substitute|p1a: Iron Moth\n|-fail|p1a: Iron Moth|move: Substitute\n|\n|upkeep\n|turn|13\n|\n|t:|1699772662\n|-end|p1a: Iron Moth|Quark Drive|[silent]\n|switch|p1a: Zapdos|Zapdos|100\/100\n|move|p2a: Iron Valiant|Calm Mind|p2a: Iron Valiant\n|-boost|p2a: Iron Valiant|spa|1\n|-boost|p2a: Iron Valiant|spd|1\n|\n|upkeep\n|turn|14\n|\n|t:|1699772665\n|move|p2a: Iron Valiant|Moonblast|p1a: Zapdos\n|-damage|p1a: Zapdos|15\/100\n|move|p1a: Zapdos|Hurricane|p2a: Iron Valiant|[miss]\n|-miss|p1a: Zapdos|p2a: Iron Valiant\n|\n|-heal|p1a: Zapdos|21\/100|[from] item: Leftovers\n|upkeep\n|turn|15\n|\n|t:|1699772670\n|move|p2a: Iron Valiant|Moonblast|p1a: Zapdos\n|-damage|p1a: Zapdos|0 fnt\n|faint|p1a: Zapdos\n|\n|upkeep\n|\n|t:|1699772673\n|switch|p1a: Kartana|Kartana, shiny|100\/100\n|turn|16\n|c|\u2606ANinjaDude|its valianting time\n|\n|t:|1699772681\n|move|p2a: Iron Valiant|Vacuum Wave|p1a: Kartana\n|-supereffective|p1a: Kartana\n|-damage|p1a: Kartana|0 fnt\n|faint|p1a: Kartana\n|\n|upkeep\n|\n|t:|1699772685\n|switch|p1a: Sneasler|Sneasler, F|100\/100\n|turn|17\n|\n|t:|1699772691\n|move|p2a: Iron Valiant|Moonblast|p1a: Sneasler\n|-damage|p1a: Sneasler|0 fnt\n|faint|p1a: Sneasler\n|\n|upkeep\n|\n|t:|1699772693\n|switch|p1a: Iron Moth|Iron Moth, shiny|76\/100\n|turn|18\n|\n|t:|1699772700\n|-terastallize|p1a: Iron Moth|Steel\n|move|p2a: Iron Valiant|Vacuum Wave|p1a: Iron Moth\n|-supereffective|p1a: Iron Moth\n|-damage|p1a: Iron Moth|0 fnt\n|faint|p1a: Iron Moth\n|-end|p1a: Iron Moth|Quark Drive|[silent]\n|\n|upkeep\n|\n|t:|1699772704\n|switch|p1a: Greninja|Greninja, M|100\/100\n|turn|19\n|\n|t:|1699772707\n|move|p2a: Iron Valiant|Vacuum Wave|p1a: Greninja\n|-supereffective|p1a: Greninja\n|-damage|p1a: Greninja|0 fnt\n|faint|p1a: Greninja\n|\n|win|ANinjaDude\n|c|\u2606ANinjaDude|ggs\n","uploadtime":1699772712,"views":6,"p1id":"alolansandslashou","p2id":"aninjadude","formatid":"gen9nationaldexubers","rating":0,"private":0,"password":""}