{"id":"gen9nationaldexubers-1984972203","p1":"Instinct41965","p2":"aguinaldo124","format":"[Gen 9] National Dex Ubers","log":"|j|\u2606Instinct41965\n|j|\u2606aguinaldo124\n|t:|1699316288\n|gametype|singles\n|player|p1|Instinct41965|veteran|1141\n|player|p2|aguinaldo124|bruno|1304\n|teamsize|p1|6\n|teamsize|p2|6\n|gen|9\n|tier|[Gen 9] National Dex Ubers\n|rated|\n|rule|HP Percentage Mod: HP is shown in percentages\n|rule|Endless Battle Clause: Forcing endless battles is banned\n|rule|OHKO Clause: OHKO moves are banned\n|rule|Evasion Moves Clause: Evasion moves are banned\n|rule|Evasion Items Clause: Evasion items are banned\n|rule|Species Clause: Limit one of each Pok\u00e9mon\n|rule|Sleep Clause Mod: Limit one foe put to sleep\n|rule|Mega Rayquaza Clause: You cannot mega evolve Rayquaza\n|clearpoke\n|poke|p1|Salamence, M|\n|poke|p1|Metagross|\n|poke|p1|Infernape, M|\n|poke|p1|Rotom-Wash|\n|poke|p1|Mamoswine, F|\n|poke|p1|Corviknight, M|\n|poke|p2|Decidueye, M|\n|poke|p2|Salazzle, F|\n|poke|p2|Scyther, F|\n|poke|p2|Hariyama, F|\n|poke|p2|Lycanroc, M|\n|poke|p2|Tatsugiri, F|\n|teampreview\n|inactive|Battle timer is ON: inactive players will automatically lose when time's up. (requested by aguinaldo124)\n|\n|t:|1699316295\n|start\n|switch|p1a: Mamoswine|Mamoswine, F|100\/100\n|switch|p2a: Lycanroc|Lycanroc, M|100\/100\n|turn|1\n|\n|t:|1699316306\n|move|p2a: Lycanroc|Taunt|p1a: Mamoswine\n|-start|p1a: Mamoswine|move: Taunt\n|move|p1a: Mamoswine|Earthquake|p2a: Lycanroc\n|-supereffective|p2a: Lycanroc\n|-enditem|p2a: Lycanroc|Focus Sash\n|-damage|p2a: Lycanroc|1\/100\n|\n|upkeep\n|turn|2\n|\n|t:|1699316316\n|switch|p1a: Corviknight|Corviknight, M, shiny|100\/100\n|move|p2a: Lycanroc|Endeavor|p1a: Corviknight\n|-damage|p1a: Corviknight|1\/100\n|\n|-heal|p1a: Corviknight|7\/100|[from] item: Leftovers\n|upkeep\n|turn|3\n|\n|t:|1699316325\n|move|p2a: Lycanroc|Accelerock|p1a: Corviknight\n|-damage|p1a: Corviknight|0 fnt\n|faint|p1a: Corviknight\n|\n|upkeep\n|\n|t:|1699316329\n|switch|p1a: Infernape|Infernape, M|100\/100\n|turn|4\n|\n|t:|1699316333\n|move|p1a: Infernape|Mach Punch|p2a: Lycanroc\n|-supereffective|p2a: Lycanroc\n|-damage|p2a: Lycanroc|0 fnt\n|faint|p2a: Lycanroc\n|\n|upkeep\n|\n|t:|1699316340\n|switch|p2a: Salazzle|Salazzle, F|100\/100\n|-item|p2a: Salazzle|Air Balloon\n|turn|5\n|\n|t:|1699316359\n|switch|p1a: Mamoswine|Mamoswine, F|100\/100\n|move|p2a: Salazzle|Fire Blast|p1a: Mamoswine\n|-supereffective|p1a: Mamoswine\n|-damage|p1a: Mamoswine|38\/100\n|-status|p1a: Mamoswine|brn\n|\n|-heal|p1a: Mamoswine|44\/100 brn|[from] item: Leftovers\n|-damage|p1a: Mamoswine|38\/100 brn|[from] brn\n|upkeep\n|turn|6\n|\n|t:|1699316372\n|switch|p1a: Rotom|Rotom-Wash, shiny|100\/100\n|move|p2a: Salazzle|Fire Blast|p1a: Rotom\n|-resisted|p1a: Rotom\n|-damage|p1a: Rotom|63\/100\n|\n|upkeep\n|turn|7\n|\n|t:|1699316381\n|move|p2a: Salazzle|Taunt|p1a: Rotom\n|-start|p1a: Rotom|move: Taunt\n|move|p1a: Rotom|Hydro Pump|p2a: Salazzle\n|-supereffective|p2a: Salazzle\n|-damage|p2a: Salazzle|0 fnt\n|-enditem|p2a: Salazzle|Air Balloon\n|faint|p2a: Salazzle\n|\n|upkeep\n|\n|t:|1699316390\n|switch|p2a: Decidueye|Decidueye, M|100\/100\n|turn|8\n|\n|t:|1699316407\n|switch|p1a: Salamence|Salamence, M|100\/100\n|-ability|p1a: Salamence|Intimidate|boost\n|-unboost|p2a: Decidueye|atk|1\n|move|p2a: Decidueye|Swords Dance|p2a: Decidueye\n|-boost|p2a: Decidueye|atk|2\n|\n|upkeep\n|turn|9\n|\n|t:|1699316417\n|detailschange|p1a: Salamence|Salamence-Mega, M\n|-mega|p1a: Salamence|Salamence|Salamencite\n|-terastallize|p2a: Decidueye|Ghost\n|move|p1a: Salamence|Fire Fang|p2a: Decidueye\n|-crit|p2a: Decidueye\n|-damage|p2a: Decidueye|42\/100\n|cant|p2a: Decidueye|flinch\n|\n|upkeep\n|turn|10\n|c|\u2606aguinaldo124|OMFG\n|c|\u2606Instinct41965|Ripp\n|c|\u2606aguinaldo124|dude\n|\n|t:|1699316441\n|move|p1a: Salamence|Dragon Claw|p2a: Decidueye\n|-damage|p2a: Decidueye|0 fnt\n|faint|p2a: Decidueye\n|\n|upkeep\n|\n|t:|1699316456\n|switch|p2a: Hariyama|Hariyama, F|100\/100\n|turn|11\n|\n|t:|1699316460\n|move|p1a: Salamence|Dragon Dance|p1a: Salamence\n|-boost|p1a: Salamence|atk|1\n|-boost|p1a: Salamence|spe|1\n|move|p2a: Hariyama|Ice Punch|p1a: Salamence\n|-supereffective|p1a: Salamence\n|-damage|p1a: Salamence|14\/100\n|-status|p1a: Salamence|frz\n|\n|upkeep\n|turn|12\n|c|\u2606Instinct41965|AHH\n|c|\u2606aguinaldo124|YEEEES\n|\n|t:|1699316474\n|cant|p1a: Salamence|frz\n|move|p2a: Hariyama|Ice Punch|p1a: Salamence\n|-supereffective|p1a: Salamence\n|-damage|p1a: Salamence|0 fnt\n|faint|p1a: Salamence\n|\n|upkeep\n|c|\u2606Instinct41965|Well played\n|\n|t:|1699316492\n|switch|p1a: Metagross|Metagross, shiny|100\/100\n|turn|13\n|\n|t:|1699316498\n|move|p1a: Metagross|Pursuit|p2a: Hariyama\n|-resisted|p2a: Hariyama\n|-damage|p2a: Hariyama|90\/100\n|-damage|p1a: Metagross|91\/100|[from] item: Life Orb\n|move|p2a: Hariyama|Belly Drum|p2a: Hariyama\n|-damage|p2a: Hariyama|40\/100\n|-setboost|p2a: Hariyama|atk|6|[from] move: Belly Drum\n|-enditem|p2a: Hariyama|Sitrus Berry|[eat]\n|-heal|p2a: Hariyama|64\/100|[from] item: Sitrus Berry\n|\n|upkeep\n|turn|14\n|\n|t:|1699316509\n|move|p1a: Metagross|Zen Headbutt|p2a: Hariyama\n|-supereffective|p2a: Hariyama\n|-damage|p2a: Hariyama|0 fnt\n|faint|p2a: Hariyama\n|-damage|p1a: Metagross|81\/100|[from] item: Life Orb\n|\n|upkeep\n|\n|t:|1699316524\n|switch|p2a: Scyther|Scyther, F|100\/100\n|turn|15\n|c|\u2606aguinaldo124|Ok scyther\n|c|\u2606aguinaldo124|We can do it\n|c|\u2606aguinaldo124|I believe you\n|\n|t:|1699316539\n|switch|p1a: Mamoswine|Mamoswine, F|38\/100 brn\n|move|p2a: Scyther|Swords Dance|p2a: Scyther\n|-boost|p2a: Scyther|atk|2\n|\n|-heal|p1a: Mamoswine|44\/100 brn|[from] item: Leftovers\n|-damage|p1a: Mamoswine|38\/100 brn|[from] brn\n|upkeep\n|turn|16\n|\n|t:|1699316549\n|move|p2a: Scyther|Dual Wingbeat|p1a: Mamoswine\n|-damage|p1a: Mamoswine|0 fnt\n|faint|p1a: Mamoswine\n|-hitcount|p1: Mamoswine|1\n|\n|upkeep\n|\n|t:|1699316554\n|switch|p1a: Rotom|Rotom-Wash, shiny|63\/100\n|turn|17\n|\n|t:|1699316563\n|move|p2a: Scyther|Close Combat|p1a: Rotom\n|-damage|p1a: Rotom|0 fnt\n|-unboost|p2a: Scyther|def|1\n|-unboost|p2a: Scyther|spd|1\n|faint|p1a: Rotom\n|\n|upkeep\n|\n|t:|1699316569\n|switch|p1a: Infernape|Infernape, M|100\/100\n|turn|18\n|\n|t:|1699316573\n|move|p1a: Infernape|Flare Blitz|p2a: Scyther\n|-supereffective|p2a: Scyther\n|-damage|p2a: Scyther|0 fnt\n|faint|p2a: Scyther\n|-damage|p1a: Infernape|68\/100|[from] Recoil\n|\n|upkeep\n|c|\u2606aguinaldo124|NOOOOO\n|\n|t:|1699316580\n|switch|p2a: Tatsugiri|Tatsugiri, F|100\/100\n|turn|19\n|\n|t:|1699316589\n|switch|p1a: Metagross|Metagross, shiny|81\/100\n|move|p2a: Tatsugiri|Surf|p1a: Metagross\n|-damage|p1a: Metagross|25\/100\n|\n|upkeep\n|turn|20\n|\n|t:|1699316600\n|move|p2a: Tatsugiri|Surf|p1a: Metagross\n|-damage|p1a: Metagross|0 fnt\n|faint|p1a: Metagross\n|\n|upkeep\n|\n|t:|1699316603\n|switch|p1a: Infernape|Infernape, M|68\/100\n|turn|21\n|\n|t:|1699316609\n|move|p1a: Infernape|Close Combat|p2a: Tatsugiri\n|-damage|p2a: Tatsugiri|4\/100\n|-unboost|p1a: Infernape|def|1\n|-unboost|p1a: Infernape|spd|1\n|move|p2a: Tatsugiri|Surf|p1a: Infernape\n|-supereffective|p1a: Infernape\n|-damage|p1a: Infernape|0 fnt\n|faint|p1a: Infernape\n|\n|win|aguinaldo124\n|raw|Instinct41965's rating: 1141 &rarr; <strong>1127<\/strong><br \/>(-14 for losing)\n|raw|aguinaldo124's rating: 1304 &rarr; <strong>1315<\/strong><br \/>(+11 for winning)\n|c|\u2606Instinct41965|Ggwp\n|c|\u2606aguinaldo124|GOOO TATSYGIRIII\n|c|\u2606aguinaldo124|OMG\n|c|\u2606Instinct41965|Haha\n|c|\u2606aguinaldo124|A MENACE\n|l|\u2606Instinct41965\n|c|\u2606aguinaldo124|A LEGEND\n","uploadtime":1699316634,"views":5,"p1id":"instinct41965","p2id":"aguinaldo124","formatid":"gen9nationaldexubers","rating":1127,"private":0,"password":""}