{"id":"gen9nationaldexubers-1999674493","p1":"Mrunal","p2":"Tombstone Ghost","format":"[Gen 9] National Dex Ubers","log":"|j|\u2606Mrunal\n|j|\u2606Tombstone Ghost\n|t:|1701106727\n|gametype|singles\n|player|p1|Mrunal|cheryl|\n|player|p2|Tombstone Ghost|gambler|\n|teamsize|p1|6\n|teamsize|p2|6\n|gen|9\n|tier|[Gen 9] National Dex Ubers\n|rule|HP Percentage Mod: HP is shown in percentages\n|rule|Endless Battle Clause: Forcing endless battles is banned\n|rule|OHKO Clause: OHKO moves are banned\n|rule|Evasion Moves Clause: Evasion moves are banned\n|rule|Evasion Items Clause: Evasion items are banned\n|rule|Species Clause: Limit one of each Pok\u00e9mon\n|rule|Sleep Clause Mod: Limit one foe put to sleep\n|rule|Mega Rayquaza Clause: You cannot mega evolve Rayquaza\n|clearpoke\n|poke|p1|Lunala|\n|poke|p1|Tapu Koko|\n|poke|p1|Keldeo-Resolute|\n|poke|p1|Iron Moth|\n|poke|p1|Iron Jugulis|\n|poke|p1|Garganacl, M|\n|poke|p2|Magearna|\n|poke|p2|Ninetales-Alola, M|\n|poke|p2|Arctozolt|\n|poke|p2|Azumarill, F|\n|poke|p2|Gurdurr, M|\n|poke|p2|Beedrill, F|\n|teampreview\n|\n|t:|1701106738\n|start\n|switch|p1a: Lunala|Lunala|100\/100\n|switch|p2a: Jazz|Beedrill, F|100\/100\n|turn|1\n|\n|t:|1701106760\n|detailschange|p2a: Jazz|Beedrill-Mega, F\n|-mega|p2a: Jazz|Beedrill|Beedrillite\n|move|p2a: Jazz|U-turn|p1a: Lunala\n|-damage|p1a: Lunala|75\/100\n|\n|t:|1701106774\n|switch|p2a: Bonk|Azumarill, F|100\/100|[from] U-turn\n|move|p1a: Lunala|Heat Wave|p2a: Bonk\n|-resisted|p2a: Bonk\n|-damage|p2a: Bonk|81\/100\n|\n|upkeep\n|turn|2\n|j| BlueB4llz\n|\n|t:|1701106836\n|switch|p2a: Hard Hat|Gurdurr, M|100\/100\n|move|p1a: Lunala|Moongeist Beam|p2a: Hard Hat\n|-damage|p2a: Hard Hat|48\/100\n|\n|upkeep\n|turn|3\n|\n|t:|1701106844\n|move|p1a: Lunala|Psyshock|p2a: Hard Hat\n|-supereffective|p2a: Hard Hat\n|-damage|p2a: Hard Hat|0 fnt\n|faint|p2a: Hard Hat\n|\n|upkeep\n|\n|t:|1701106862\n|switch|p2a: Jazz|Beedrill-Mega, F|100\/100\n|turn|4\n|\n|t:|1701106867\n|move|p2a: Jazz|Knock Off|p1a: Lunala\n|-supereffective|p1a: Lunala\n|-damage|p1a: Lunala|0 fnt\n|-enditem|p1a: Lunala|Heavy-Duty Boots|[from] move: Knock Off|[of] p2a: Jazz\n|faint|p1a: Lunala\n|\n|upkeep\n|\n|t:|1701106877\n|switch|p1a: Tapu Koko|Tapu Koko|100\/100\n|-fieldstart|move: Electric Terrain|[from] ability: Electric Surge|[of] p1a: Tapu Koko\n|turn|5\n|\n|t:|1701106882\n|move|p2a: Jazz|Poison Jab|p1a: Tapu Koko\n|-supereffective|p1a: Tapu Koko\n|-damage|p1a: Tapu Koko|0 fnt\n|faint|p1a: Tapu Koko\n|\n|upkeep\n|\n|t:|1701106892\n|switch|p1a: Iron Jugulis|Iron Jugulis|100\/100\n|-activate|p1a: Iron Jugulis|ability: Quark Drive\n|-start|p1a: Iron Jugulis|quarkdrivespe\n|turn|6\n|\n|t:|1701106913\n|move|p1a: Iron Jugulis|Hurricane|p2a: Jazz\n|-supereffective|p2a: Jazz\n|-damage|p2a: Jazz|0 fnt\n|faint|p2a: Jazz\n|-damage|p1a: Iron Jugulis|91\/100|[from] item: Life Orb\n|\n|upkeep\n|\n|t:|1701106919\n|switch|p2a: Aurora Borealis|Ninetales-Alola, M, shiny|100\/100\n|-weather|Snow|[from] ability: Snow Warning|[of] p2a: Aurora Borealis\n|turn|7\n|\n|t:|1701106927\n|-end|p1a: Iron Jugulis|Quark Drive|[silent]\n|switch|p1a: Garganacl|Garganacl, M|100\/100\n|move|p2a: Aurora Borealis|Aurora Veil|p2a: Aurora Borealis\n|-sidestart|p2: Tombstone Ghost|move: Aurora Veil\n|\n|-weather|Snow|[upkeep]\n|upkeep\n|turn|8\n|\n|t:|1701106944\n|switch|p2a: Bonk|Azumarill, F|81\/100\n|move|p1a: Garganacl|Brick Break|p2a: Bonk\n|-sideend|p2: Tombstone Ghost|move: Aurora Veil\n|-resisted|p2a: Bonk\n|-crit|p2a: Bonk\n|-damage|p2a: Bonk|64\/100\n|\n|-weather|Snow|[upkeep]\n|upkeep\n|turn|9\n|\n|t:|1701106953\n|move|p2a: Bonk|Belly Drum|p2a: Bonk\n|-damage|p2a: Bonk|14\/100\n|-setboost|p2a: Bonk|atk|6|[from] move: Belly Drum\n|-enditem|p2a: Bonk|Sitrus Berry|[eat]\n|-heal|p2a: Bonk|39\/100|[from] item: Sitrus Berry\n|move|p1a: Garganacl|Salt Cure|p2a: Bonk\n|-damage|p2a: Bonk|23\/100\n|-start|p2a: Bonk|Salt Cure\n|\n|-weather|Snow|[upkeep]\n|-damage|p2a: Bonk|0 fnt|[from] Salt Cure\n|faint|p2a: Bonk\n|upkeep\n|\n|t:|1701106966\n|switch|p2a: Snot Rocket|Arctozolt|100\/100\n|turn|10\n|c| BlueB4llz|the first time garg was able to use a move\n|c|\u2606Tombstone Ghost|kinda forgot about that\n|\n|t:|1701106981\n|move|p2a: Snot Rocket|Bolt Beak|p1a: Garganacl\n|-damage|p1a: Garganacl|48\/100\n|-damage|p2a: Snot Rocket|84\/100|[from] item: Rocky Helmet|[of] p1a: Garganacl\n|move|p1a: Garganacl|Salt Cure|p2a: Snot Rocket\n|-supereffective|p2a: Snot Rocket\n|-damage|p2a: Snot Rocket|60\/100\n|-start|p2a: Snot Rocket|Salt Cure\n|\n|-weather|Snow|[upkeep]\n|-damage|p2a: Snot Rocket|47\/100|[from] Salt Cure\n|upkeep\n|turn|11\n|\n|t:|1701106992\n|move|p2a: Snot Rocket|Bolt Beak|p1a: Garganacl\n|-crit|p1a: Garganacl\n|-damage|p1a: Garganacl|0 fnt\n|-damage|p2a: Snot Rocket|31\/100|[from] item: Rocky Helmet|[of] p1a: Garganacl\n|faint|p1a: Garganacl\n|\n|-weather|none\n|-damage|p2a: Snot Rocket|18\/100|[from] Salt Cure\n|upkeep\n|\n|t:|1701107006\n|switch|p1a: Iron Jugulis|Iron Jugulis|91\/100\n|-activate|p1a: Iron Jugulis|ability: Quark Drive\n|-start|p1a: Iron Jugulis|quarkdrivespe\n|turn|12\n|\n|t:|1701107024\n|switch|p2a: Aurora Borealis|Ninetales-Alola, M, shiny|100\/100\n|-weather|Snow|[from] ability: Snow Warning|[of] p2a: Aurora Borealis\n|move|p1a: Iron Jugulis|Earth Power|p2a: Aurora Borealis\n|-damage|p2a: Aurora Borealis|66\/100\n|-damage|p1a: Iron Jugulis|81\/100|[from] item: Life Orb\n|\n|-weather|Snow|[upkeep]\n|-fieldend|move: Electric Terrain\n|-end|p1a: Iron Jugulis|Quark Drive\n|upkeep\n|turn|13\n|\n|t:|1701107037\n|move|p2a: Aurora Borealis|Encore|p1a: Iron Jugulis\n|-start|p1a: Iron Jugulis|Encore\n|move|p1a: Iron Jugulis|Earth Power|p2a: Aurora Borealis\n|-damage|p2a: Aurora Borealis|29\/100\n|-damage|p1a: Iron Jugulis|71\/100|[from] item: Life Orb\n|\n|-weather|Snow|[upkeep]\n|upkeep\n|turn|14\n|\n|t:|1701107046\n|move|p2a: Aurora Borealis|Aurora Veil|p2a: Aurora Borealis\n|-sidestart|p2: Tombstone Ghost|move: Aurora Veil\n|move|p1a: Iron Jugulis|Earth Power|p2a: Aurora Borealis\n|-damage|p2a: Aurora Borealis|10\/100\n|-damage|p1a: Iron Jugulis|62\/100|[from] item: Life Orb\n|\n|-weather|Snow|[upkeep]\n|upkeep\n|turn|15\n|\n|t:|1701107060\n|switch|p2a: Megatron|Magearna|100\/100\n|move|p1a: Iron Jugulis|Earth Power|p2a: Megatron\n|-supereffective|p2a: Megatron\n|-damage|p2a: Megatron|69\/100\n|-damage|p1a: Iron Jugulis|52\/100|[from] item: Life Orb\n|\n|-weather|Snow|[upkeep]\n|-end|p1a: Iron Jugulis|Encore\n|upkeep\n|turn|16\n|\n|t:|1701107077\n|move|p1a: Iron Jugulis|Tailwind|p1a: Iron Jugulis\n|-sidestart|p1: Mrunal|move: Tailwind\n|move|p2a: Megatron|Shift Gear|p2a: Megatron\n|-boost|p2a: Megatron|spe|2\n|-boost|p2a: Megatron|atk|1\n|\n|-weather|none\n|upkeep\n|turn|17\n|\n|t:|1701107087\n|move|p1a: Iron Jugulis|Earth Power|p2a: Megatron\n|-supereffective|p2a: Megatron\n|-damage|p2a: Megatron|39\/100\n|-damage|p1a: Iron Jugulis|42\/100|[from] item: Life Orb\n|move|p2a: Megatron|Shift Gear|p2a: Megatron\n|-boost|p2a: Megatron|spe|2\n|-boost|p2a: Megatron|atk|1\n|\n|upkeep\n|turn|18\n|\n|t:|1701107102\n|move|p1a: Iron Jugulis|Earth Power|p2a: Megatron\n|-supereffective|p2a: Megatron\n|-damage|p2a: Megatron|9\/100\n|-damage|p1a: Iron Jugulis|32\/100|[from] item: Life Orb\n|move|p2a: Megatron|Draining Kiss|p1a: Iron Jugulis\n|-supereffective|p1a: Iron Jugulis\n|-damage|p1a: Iron Jugulis|0 fnt\n|-heal|p2a: Megatron|31\/100|[from] drain|[of] p1a: Iron Jugulis\n|faint|p1a: Iron Jugulis\n|-ability|p2a: Megatron|Soul-Heart|boost\n|-boost|p2a: Megatron|spa|1\n|-end|p1a: Iron Jugulis|Quark Drive|[silent]\n|\n|upkeep\n|c| BlueB4llz|well\n|\n|t:|1701107123\n|switch|p1a: Iron Moth|Iron Moth|100\/100\n|turn|19\n|c|\u2606Tombstone Ghost|This might be it\n|\n|t:|1701107152\n|move|p1a: Iron Moth|Fiery Dance|p2a: Megatron\n|-supereffective|p2a: Megatron\n|-damage|p2a: Megatron|0 fnt\n|faint|p2a: Megatron\n|\n|-sideend|p1: Mrunal|move: Tailwind\n|upkeep\n|c|\u2606Tombstone Ghost|nooo\n|\n|t:|1701107160\n|switch|p2a: Aurora Borealis|Ninetales-Alola, M, shiny|10\/100\n|-weather|Snow|[from] ability: Snow Warning|[of] p2a: Aurora Borealis\n|turn|20\n|\n|t:|1701107175\n|move|p1a: Iron Moth|Sludge Wave|p2a: Aurora Borealis\n|-supereffective|p2a: Aurora Borealis\n|-damage|p2a: Aurora Borealis|0 fnt\n|faint|p2a: Aurora Borealis\n|\n|-weather|Snow|[upkeep]\n|upkeep\n|\n|t:|1701107180\n|switch|p2a: Snot Rocket|Arctozolt|18\/100\n|turn|21\n|\n|t:|1701107184\n|move|p2a: Snot Rocket|Bolt Beak|p1a: Iron Moth\n|-damage|p1a: Iron Moth|0 fnt\n|faint|p1a: Iron Moth\n|-end|p1a: Iron Moth|Quark Drive|[silent]\n|\n|-weather|Snow|[upkeep]\n|-sideend|p2: Tombstone Ghost|move: Aurora Veil\n|upkeep\n|\n|t:|1701107190\n|switch|p1a: Keldeo|Keldeo-Resolute|100\/100\n|turn|22\n|\n|t:|1701107204\n|move|p2a: Snot Rocket|Bolt Beak|p1a: Keldeo\n|-supereffective|p1a: Keldeo\n|-damage|p1a: Keldeo|0 fnt\n|faint|p1a: Keldeo\n|\n|win|Tombstone Ghost\n|c|\u2606Tombstone Ghost|gg\n|c|\u2606Tombstone Ghost|extremely close\n|c|\u2606Mrunal|Gg\n|c|\u2606Mrunal|yeah\n|c|\u2606Tombstone Ghost|I thought you were gonna win\n|c|\u2606Mrunal|Extremely close, if there was no ninetales maybe\n|c|\u2606Mrunal|none the less g\n|c|\u2606Mrunal|gg\n|c|\u2606Tombstone Ghost|ninetales holds the entire team together\n|l| BlueB4llz\n|j| BlueB4llz\n|c|\u2606Tombstone Ghost|arctizolt slush rush is a beast with it\n|c| BlueB4llz|do you guys have all ur replays?\n|c|\u2606Tombstone Ghost|I do\n|c| BlueB4llz|alr\n|l| BlueB4llz\n|c|\u2606Mrunal|Gg bro\n|l|\u2606Mrunal\n|c|\u2606Tombstone Ghost|gg\n","uploadtime":1701107216,"views":20,"p1id":"mrunal","p2id":"tombstoneghost","formatid":"gen9nationaldexubers","rating":0,"private":0,"password":""}