{"id":"gen9nationaldexubers-1994006102","p1":"tootmimi","p2":"harsh634","format":"[Gen 9] National Dex Ubers","log":"|j|\u2606tootmimi\n|j|\u2606harsh634\n|t:|1700392222\n|gametype|singles\n|player|p1|tootmimi|265|1782\n|player|p2|harsh634|red|1582\n|teamsize|p1|6\n|teamsize|p2|6\n|gen|9\n|tier|[Gen 9] National Dex Ubers\n|rated|\n|rule|HP Percentage Mod: HP is shown in percentages\n|rule|Endless Battle Clause: Forcing endless battles is banned\n|rule|OHKO Clause: OHKO moves are banned\n|rule|Evasion Moves Clause: Evasion moves are banned\n|rule|Evasion Items Clause: Evasion items are banned\n|rule|Species Clause: Limit one of each Pok\u00e9mon\n|rule|Sleep Clause Mod: Limit one foe put to sleep\n|rule|Mega Rayquaza Clause: You cannot mega evolve Rayquaza\n|clearpoke\n|poke|p1|Yveltal|\n|poke|p1|Calyrex-Ice|\n|poke|p1|Necrozma-Dusk-Mane|\n|poke|p1|Zacian-*|\n|poke|p1|Groudon|\n|poke|p1|Zygarde|\n|poke|p2|Giratina|\n|poke|p2|Dondozo, F|\n|poke|p2|Blissey, F|\n|poke|p2|Tyranitar, M|\n|poke|p2|Ho-Oh|\n|poke|p2|Mewtwo|\n|teampreview\n|inactive|Battle timer is ON: inactive players will automatically lose when time's up. (requested by harsh634)\n|j| 1 em trach thu\n|\n|t:|1700392236\n|start\n|switch|p1a: Yveltal|Yveltal|100\/100\n|switch|p2a: Giratina|Giratina|100\/100\n|-ability|p1a: Yveltal|Dark Aura\n|-ability|p2a: Giratina|Pressure\n|turn|1\n|\n|t:|1700392245\n|switch|p2a: Tyranitar|Tyranitar, M|100\/100\n|-weather|Sandstorm|[from] ability: Sand Stream|[of] p2a: Tyranitar\n|move|p1a: Yveltal|Knock Off|p2a: Tyranitar\n|-resisted|p2a: Tyranitar\n|-damage|p2a: Tyranitar|82\/100\n|\n|-weather|Sandstorm|[upkeep]\n|-damage|p1a: Yveltal|94\/100|[from] Sandstorm\n|upkeep\n|turn|2\n|\n|t:|1700392255\n|switch|p1a: Zygarde|Zygarde|100\/100\n|detailschange|p2a: Tyranitar|Tyranitar-Mega, M\n|-mega|p2a: Tyranitar|Tyranitar|Tyranitarite\n|move|p2a: Tyranitar|Toxic|p1a: Zygarde\n|-status|p1a: Zygarde|tox\n|\n|-weather|Sandstorm|[upkeep]\n|-damage|p1a: Zygarde|94\/100 tox|[from] psn\n|upkeep\n|turn|3\n|\n|t:|1700392268\n|move|p1a: Zygarde|Glare|p2a: Tyranitar\n|-status|p2a: Tyranitar|par\n|move|p2a: Tyranitar|Knock Off|p1a: Zygarde\n|-damage|p1a: Zygarde|68\/100 tox\n|-enditem|p1a: Zygarde|Leftovers|[from] move: Knock Off|[of] p2a: Tyranitar\n|\n|-weather|Sandstorm|[upkeep]\n|-damage|p1a: Zygarde|55\/100 tox|[from] psn\n|upkeep\n|turn|4\n|\n|t:|1700392280\n|switch|p1a: Zacian|Zacian-Crowned|100\/100\n|-ability|p1a: Zacian|Intrepid Sword|boost\n|-boost|p1a: Zacian|atk|1\n|move|p2a: Tyranitar|Stealth Rock|p1a: Zacian\n|-sidestart|p1: tootmimi|move: Stealth Rock\n|\n|-weather|Sandstorm|[upkeep]\n|upkeep\n|turn|5\n|\n|t:|1700392295\n|switch|p1a: Yveltal|Yveltal|94\/100\n|-damage|p1a: Yveltal|70\/100|[from] Stealth Rock\n|-ability|p1a: Yveltal|Dark Aura\n|switch|p2a: Ho-Oh|Ho-Oh|100\/100\n|\n|-weather|none\n|upkeep\n|turn|6\n|\n|t:|1700392305\n|switch|p2a: Tyranitar|Tyranitar-Mega, M|82\/100 par\n|-weather|Sandstorm|[from] ability: Sand Stream|[of] p2a: Tyranitar\n|move|p1a: Yveltal|Knock Off|p2a: Tyranitar\n|-resisted|p2a: Tyranitar\n|-damage|p2a: Tyranitar|66\/100 par\n|\n|-weather|Sandstorm|[upkeep]\n|-damage|p1a: Yveltal|63\/100|[from] Sandstorm\n|upkeep\n|turn|7\n|\n|t:|1700392318\n|switch|p1a: Necrozma|Necrozma-Dusk-Mane|100\/100\n|-damage|p1a: Necrozma|94\/100|[from] Stealth Rock\n|move|p2a: Tyranitar|Knock Off|p1a: Necrozma\n|-supereffective|p1a: Necrozma\n|-damage|p1a: Necrozma|53\/100\n|-enditem|p1a: Necrozma|Leftovers|[from] move: Knock Off|[of] p2a: Tyranitar\n|\n|-weather|Sandstorm|[upkeep]\n|upkeep\n|turn|8\n|\n|t:|1700392328\n|switch|p2a: Dondozo|Dondozo, F|100\/100\n|move|p1a: Necrozma|Stealth Rock|p2a: Dondozo\n|-sidestart|p2: harsh634|move: Stealth Rock\n|\n|-weather|Sandstorm|[upkeep]\n|-damage|p2a: Dondozo|94\/100|[from] Sandstorm\n|-heal|p2a: Dondozo|100\/100|[from] item: Leftovers\n|upkeep\n|turn|9\n|\n|t:|1700392338\n|switch|p1a: Zygarde|Zygarde|55\/100 tox\n|-damage|p1a: Zygarde|49\/100 tox|[from] Stealth Rock\n|move|p2a: Dondozo|Curse|p2a: Dondozo\n|-unboost|p2a: Dondozo|spe|1\n|-boost|p2a: Dondozo|atk|1\n|-boost|p2a: Dondozo|def|1\n|\n|-weather|Sandstorm|[upkeep]\n|-damage|p2a: Dondozo|94\/100|[from] Sandstorm\n|-heal|p2a: Dondozo|100\/100|[from] item: Leftovers\n|-damage|p1a: Zygarde|43\/100 tox|[from] psn\n|-activate|p1a: Zygarde|ability: Power Construct\n|detailschange|p1a: Zygarde|Zygarde-Complete\n|-heal|p1a: Zygarde|62\/100 tox|[silent]\n|upkeep\n|turn|10\n|\n|t:|1700392354\n|move|p2a: Dondozo|Curse|p2a: Dondozo\n|-unboost|p2a: Dondozo|spe|1\n|-boost|p2a: Dondozo|atk|1\n|-boost|p2a: Dondozo|def|1\n|move|p1a: Zygarde|Dragon Tail|p2a: Dondozo\n|-damage|p2a: Dondozo|96\/100\n|drag|p2a: Ho-Oh|Ho-Oh|100\/100\n|\n|-weather|none\n|-damage|p1a: Zygarde|50\/100 tox|[from] psn\n|upkeep\n|turn|11\n|inactive|harsh634 has 120 seconds left.\n|\n|t:|1700392400\n|move|p2a: Ho-Oh|Sacred Fire|p1a: Zygarde\n|-resisted|p1a: Zygarde\n|-damage|p1a: Zygarde|43\/100 tox\n|move|p1a: Zygarde|Glare|p2a: Ho-Oh\n|-status|p2a: Ho-Oh|par\n|\n|-damage|p1a: Zygarde|25\/100 tox|[from] psn\n|upkeep\n|turn|12\n|\n|t:|1700392410\n|switch|p1a: Groudon|Groudon|100\/100\n|-damage|p1a: Groudon|94\/100|[from] Stealth Rock\n|detailschange|p1a: Groudon|Groudon-Primal\n|-primal|p1a: Groudon|Red Orb\n|-weather|DesolateLand|[from] ability: Desolate Land|[of] p1a: Groudon\n|switch|p2a: Blissey|Blissey, F|100\/100\n|\n|-weather|DesolateLand|[upkeep]\n|upkeep\n|turn|13\n|inactive|harsh634 has 120 seconds left.\n|\n|t:|1700392424\n|switch|p2a: Giratina|Giratina|100\/100\n|-damage|p2a: Giratina|88\/100|[from] Stealth Rock\n|-ability|p2a: Giratina|Pressure\n|move|p1a: Groudon|Heat Crash|p2a: Giratina\n|-resisted|p2a: Giratina\n|-damage|p2a: Giratina|78\/100\n|\n|-weather|DesolateLand|[upkeep]\n|-heal|p2a: Giratina|84\/100|[from] item: Leftovers\n|upkeep\n|turn|14\n|inactive|harsh634 has 120 seconds left.\n|\n|t:|1700392436\n|-weather|none\n|switch|p1a: Zacian|Zacian-Crowned|100\/100\n|-damage|p1a: Zacian|94\/100|[from] Stealth Rock\n|move|p2a: Giratina|Toxic|p1a: Zacian\n|-immune|p1a: Zacian\n|\n|-heal|p2a: Giratina|90\/100|[from] item: Leftovers\n|upkeep\n|turn|15\n|\n|t:|1700392446\n|switch|p2a: Ho-Oh|Ho-Oh|100\/100 par\n|move|p1a: Zacian|Play Rough|p2a: Ho-Oh|[miss]\n|-miss|p1a: Zacian|p2a: Ho-Oh\n|\n|upkeep\n|turn|16\n|\n|t:|1700392460\n|switch|p1a: Groudon|Groudon-Primal|94\/100\n|-damage|p1a: Groudon|82\/100|[from] Stealth Rock\n|-weather|DesolateLand|[from] ability: Desolate Land|[of] p1a: Groudon\n|move|p2a: Ho-Oh|Sacred Fire|p1a: Groudon\n|-resisted|p1a: Groudon\n|-damage|p1a: Groudon|65\/100\n|\n|-weather|DesolateLand|[upkeep]\n|upkeep\n|turn|17\n|\n|t:|1700392469\n|move|p1a: Groudon|Stone Edge|p2a: Ho-Oh\n|-supereffective|p2a: Ho-Oh\n|-damage|p2a: Ho-Oh|0 fnt\n|faint|p2a: Ho-Oh\n|\n|-weather|DesolateLand|[upkeep]\n|upkeep\n|\n|t:|1700392479\n|switch|p2a: Dondozo|Dondozo, F|96\/100\n|-damage|p2a: Dondozo|83\/100|[from] Stealth Rock\n|turn|18\n|\n|t:|1700392483\n|-weather|none\n|switch|p1a: Zygarde|Zygarde-Complete|25\/100 tox\n|-damage|p1a: Zygarde|18\/100 tox|[from] Stealth Rock\n|move|p2a: Dondozo|Curse|p2a: Dondozo\n|-unboost|p2a: Dondozo|spe|1\n|-boost|p2a: Dondozo|atk|1\n|-boost|p2a: Dondozo|def|1\n|\n|-heal|p2a: Dondozo|89\/100|[from] item: Leftovers\n|-damage|p1a: Zygarde|12\/100 tox|[from] psn\n|upkeep\n|turn|19\n|\n|t:|1700392509\n|move|p2a: Dondozo|Liquidation|p1a: Zygarde\n|-damage|p1a: Zygarde|0 fnt\n|faint|p1a: Zygarde\n|\n|-heal|p2a: Dondozo|96\/100|[from] item: Leftovers\n|upkeep\n|\n|t:|1700392516\n|switch|p1a: Yveltal|Yveltal|63\/100\n|-damage|p1a: Yveltal|39\/100|[from] Stealth Rock\n|-ability|p1a: Yveltal|Dark Aura\n|turn|20\n|\n|t:|1700392521\n|switch|p2a: Tyranitar|Tyranitar-Mega, M|66\/100 par\n|-damage|p2a: Tyranitar|54\/100 par|[from] Stealth Rock\n|-weather|Sandstorm|[from] ability: Sand Stream|[of] p2a: Tyranitar\n|move|p1a: Yveltal|Knock Off|p2a: Tyranitar\n|-resisted|p2a: Tyranitar\n|-crit|p2a: Tyranitar\n|-damage|p2a: Tyranitar|33\/100 par\n|\n|-weather|Sandstorm|[upkeep]\n|-damage|p1a: Yveltal|32\/100|[from] Sandstorm\n|upkeep\n|turn|21\n|\n|t:|1700392535\n|move|p1a: Yveltal|Roost|p1a: Yveltal\n|-heal|p1a: Yveltal|82\/100\n|-singleturn|p1a: Yveltal|move: Roost\n|move|p2a: Tyranitar|Rest|p2a: Tyranitar\n|-status|p2a: Tyranitar|slp|[from] move: Rest\n|-heal|p2a: Tyranitar|100\/100 slp|[silent]\n|\n|-weather|Sandstorm|[upkeep]\n|-damage|p1a: Yveltal|76\/100|[from] Sandstorm\n|upkeep\n|turn|22\n|\n|t:|1700392546\n|move|p1a: Yveltal|Knock Off|p2a: Tyranitar\n|-resisted|p2a: Tyranitar\n|-damage|p2a: Tyranitar|85\/100 slp\n|cant|p2a: Tyranitar|slp\n|\n|-weather|Sandstorm|[upkeep]\n|-damage|p1a: Yveltal|70\/100|[from] Sandstorm\n|upkeep\n|turn|23\n|\n|t:|1700392557\n|switch|p1a: Zacian|Zacian-Crowned|94\/100\n|-damage|p1a: Zacian|88\/100|[from] Stealth Rock\n|cant|p2a: Tyranitar|slp\n|\n|-weather|Sandstorm|[upkeep]\n|upkeep\n|turn|24\n|\n|t:|1700392569\n|switch|p2a: Dondozo|Dondozo, F|96\/100\n|-damage|p2a: Dondozo|83\/100|[from] Stealth Rock\n|move|p1a: Zacian|Wild Charge|p2a: Dondozo\n|-supereffective|p2a: Dondozo\n|-damage|p2a: Dondozo|52\/100\n|-damage|p1a: Zacian|76\/100|[from] Recoil\n|\n|-weather|none\n|-heal|p2a: Dondozo|58\/100|[from] item: Leftovers\n|upkeep\n|turn|25\n|\n|t:|1700392585\n|switch|p1a: Yveltal|Yveltal|70\/100\n|-damage|p1a: Yveltal|45\/100|[from] Stealth Rock\n|-ability|p1a: Yveltal|Dark Aura\n|move|p2a: Dondozo|Curse|p2a: Dondozo\n|-unboost|p2a: Dondozo|spe|1\n|-boost|p2a: Dondozo|atk|1\n|-boost|p2a: Dondozo|def|1\n|\n|-heal|p2a: Dondozo|64\/100|[from] item: Leftovers\n|upkeep\n|turn|26\n|\n|t:|1700392596\n|move|p1a: Yveltal|Knock Off|p2a: Dondozo\n|-damage|p2a: Dondozo|41\/100\n|-enditem|p2a: Dondozo|Leftovers|[from] move: Knock Off|[of] p1a: Yveltal\n|move|p2a: Dondozo|Avalanche|p1a: Yveltal\n|-supereffective|p1a: Yveltal\n|-damage|p1a: Yveltal|0 fnt\n|faint|p1a: Yveltal\n|\n|upkeep\n|j| EpicGamer069420\n|\n|t:|1700392610\n|switch|p1a: Zacian|Zacian-Crowned|76\/100\n|-damage|p1a: Zacian|70\/100|[from] Stealth Rock\n|turn|27\n|\n|t:|1700392618\n|move|p1a: Zacian|Wild Charge|p2a: Dondozo\n|-supereffective|p2a: Dondozo\n|-damage|p2a: Dondozo|20\/100\n|-damage|p1a: Zacian|62\/100|[from] Recoil\n|move|p2a: Dondozo|Rest|p2a: Dondozo\n|-status|p2a: Dondozo|slp|[from] move: Rest\n|-heal|p2a: Dondozo|100\/100 slp|[silent]\n|\n|upkeep\n|turn|28\n|\n|t:|1700392635\n|move|p1a: Zacian|Wild Charge|p2a: Dondozo\n|-supereffective|p2a: Dondozo\n|-damage|p2a: Dondozo|79\/100 slp\n|-damage|p1a: Zacian|53\/100|[from] Recoil\n|cant|p2a: Dondozo|slp\n|\n|upkeep\n|turn|29\n|c|\u2606harsh634|now dondozo wins\n|\n|t:|1700392642\n|move|p1a: Zacian|Wild Charge|p2a: Dondozo\n|-supereffective|p2a: Dondozo\n|-damage|p2a: Dondozo|57\/100 slp\n|-damage|p1a: Zacian|45\/100|[from] Recoil\n|cant|p2a: Dondozo|slp\n|\n|upkeep\n|turn|30\n|\n|t:|1700392655\n|move|p1a: Zacian|Wild Charge|p2a: Dondozo\n|-supereffective|p2a: Dondozo\n|-damage|p2a: Dondozo|35\/100 slp\n|-damage|p1a: Zacian|36\/100|[from] Recoil\n|-curestatus|p2a: Dondozo|slp|[msg]\n|move|p2a: Dondozo|Curse|p2a: Dondozo\n|-unboost|p2a: Dondozo|spe|1\n|-boost|p2a: Dondozo|atk|1\n|-boost|p2a: Dondozo|def|1\n|\n|upkeep\n|turn|31\n|\n|t:|1700392665\n|move|p1a: Zacian|Wild Charge|p2a: Dondozo\n|-supereffective|p2a: Dondozo\n|-damage|p2a: Dondozo|19\/100\n|-damage|p1a: Zacian|30\/100|[from] Recoil\n|move|p2a: Dondozo|Rest|p2a: Dondozo\n|-status|p2a: Dondozo|slp|[from] move: Rest\n|-heal|p2a: Dondozo|100\/100 slp|[silent]\n|\n|upkeep\n|turn|32\n|l| EpicGamer069420\n|\n|t:|1700392674\n|move|p1a: Zacian|Wild Charge|p2a: Dondozo\n|-supereffective|p2a: Dondozo\n|-damage|p2a: Dondozo|85\/100 slp\n|-damage|p1a: Zacian|24\/100|[from] Recoil\n|cant|p2a: Dondozo|slp\n|\n|upkeep\n|turn|33\n|\n|t:|1700392681\n|move|p1a: Zacian|Wild Charge|p2a: Dondozo\n|-supereffective|p2a: Dondozo\n|-crit|p2a: Dondozo\n|-damage|p2a: Dondozo|38\/100 slp\n|-damage|p1a: Zacian|5\/100|[from] Recoil\n|cant|p2a: Dondozo|slp\n|\n|upkeep\n|turn|34\n|\n|t:|1700392690\n|move|p1a: Zacian|Wild Charge|p2a: Dondozo\n|-supereffective|p2a: Dondozo\n|-damage|p2a: Dondozo|22\/100 slp\n|-damage|p1a: Zacian|0 fnt|[from] Recoil\n|faint|p1a: Zacian\n|-curestatus|p2a: Dondozo|slp|[msg]\n|move|p2a: Dondozo|Rest|p2a: Dondozo\n|-status|p2a: Dondozo|slp|[from] move: Rest\n|-heal|p2a: Dondozo|100\/100 slp|[silent]\n|\n|upkeep\n|\n|t:|1700392702\n|switch|p1a: Groudon|Groudon-Primal|65\/100\n|-damage|p1a: Groudon|53\/100|[from] Stealth Rock\n|-weather|DesolateLand|[from] ability: Desolate Land|[of] p1a: Groudon\n|turn|35\n|\n|t:|1700392709\n|move|p1a: Groudon|Earthquake|p2a: Dondozo\n|-damage|p2a: Dondozo|83\/100 slp\n|cant|p2a: Dondozo|slp\n|\n|-weather|DesolateLand|[upkeep]\n|upkeep\n|turn|36\n|\n|t:|1700392715\n|move|p1a: Groudon|Earthquake|p2a: Dondozo\n|-damage|p2a: Dondozo|68\/100 slp\n|cant|p2a: Dondozo|slp\n|\n|-weather|DesolateLand|[upkeep]\n|upkeep\n|turn|37\n|\n|t:|1700392721\n|move|p1a: Groudon|Earthquake|p2a: Dondozo\n|-damage|p2a: Dondozo|51\/100 slp\n|-curestatus|p2a: Dondozo|slp|[msg]\n|move|p2a: Dondozo|Avalanche|p1a: Groudon\n|-damage|p1a: Groudon|24\/100\n|\n|-weather|DesolateLand|[upkeep]\n|upkeep\n|turn|38\n|\n|t:|1700392729\n|move|p1a: Groudon|Earthquake|p2a: Dondozo\n|-damage|p2a: Dondozo|36\/100\n|move|p2a: Dondozo|Curse|p2a: Dondozo\n|-unboost|p2a: Dondozo|spe|1\n|-boost|p2a: Dondozo|atk|1\n|-boost|p2a: Dondozo|def|1\n|\n|-weather|DesolateLand|[upkeep]\n|upkeep\n|turn|39\n|\n|t:|1700392737\n|move|p1a: Groudon|Earthquake|p2a: Dondozo\n|-damage|p2a: Dondozo|23\/100\n|move|p2a: Dondozo|Curse|p2a: Dondozo\n|-unboost|p2a: Dondozo|spe|1\n|-boost|p2a: Dondozo|atk|1\n|-boost|p2a: Dondozo|def|1\n|\n|-weather|DesolateLand|[upkeep]\n|upkeep\n|turn|40\n|\n|t:|1700392747\n|move|p1a: Groudon|Earthquake|p2a: Dondozo\n|-damage|p2a: Dondozo|11\/100\n|move|p2a: Dondozo|Curse|p2a: Dondozo\n|-unboost|p2a: Dondozo|spe|1\n|-boost|p2a: Dondozo|atk|1\n|-boost|p2a: Dondozo|def|1\n|\n|-weather|DesolateLand|[upkeep]\n|upkeep\n|turn|41\n|\n|t:|1700392755\n|move|p1a: Groudon|Earthquake|p2a: Dondozo\n|-damage|p2a: Dondozo|1\/100\n|move|p2a: Dondozo|Rest|p2a: Dondozo\n|-status|p2a: Dondozo|slp|[from] move: Rest\n|-heal|p2a: Dondozo|100\/100 slp|[silent]\n|\n|-weather|DesolateLand|[upkeep]\n|upkeep\n|turn|42\n|c|\u2606harsh634|oof\n|c|\u2606tootmimi|:(\n|\n|t:|1700392769\n|move|p1a: Groudon|Earthquake|p2a: Dondozo\n|-damage|p2a: Dondozo|91\/100 slp\n|cant|p2a: Dondozo|slp\n|\n|-weather|DesolateLand|[upkeep]\n|upkeep\n|turn|43\n|\n|t:|1700392775\n|move|p1a: Groudon|Earthquake|p2a: Dondozo\n|-damage|p2a: Dondozo|82\/100 slp\n|cant|p2a: Dondozo|slp\n|\n|-weather|DesolateLand|[upkeep]\n|upkeep\n|turn|44\n|\n|t:|1700392781\n|move|p1a: Groudon|Earthquake|p2a: Dondozo\n|-damage|p2a: Dondozo|72\/100 slp\n|-curestatus|p2a: Dondozo|slp|[msg]\n|move|p2a: Dondozo|Curse|p2a: Dondozo\n|-unboost|p2a: Dondozo|spe|1\n|-boost|p2a: Dondozo|atk|1\n|-boost|p2a: Dondozo|def|1\n|\n|-weather|DesolateLand|[upkeep]\n|upkeep\n|turn|45\n|\n|t:|1700392789\n|move|p1a: Groudon|Earthquake|p2a: Dondozo\n|-damage|p2a: Dondozo|64\/100\n|move|p2a: Dondozo|Avalanche|p1a: Groudon\n|-damage|p1a: Groudon|0 fnt\n|faint|p1a: Groudon\n|-weather|none\n|\n|upkeep\n|\n|t:|1700392799\n|switch|p1a: Calyrex|Calyrex-Ice|100\/100\n|-ability|p1a: Calyrex|As One\n|-ability|p1a: Calyrex|Unnerve\n|turn|46\n|\n|t:|1700392806\n|move|p1a: Calyrex|Close Combat|p2a: Dondozo\n|-damage|p2a: Dondozo|58\/100\n|-unboost|p1a: Calyrex|def|1\n|-unboost|p1a: Calyrex|spd|1\n|move|p2a: Dondozo|Liquidation|p1a: Calyrex\n|-crit|p1a: Calyrex\n|-damage|p1a: Calyrex|0 fnt\n|faint|p1a: Calyrex\n|\n|upkeep\n|\n|t:|1700392815\n|switch|p1a: Necrozma|Necrozma-Dusk-Mane|53\/100\n|-damage|p1a: Necrozma|47\/100|[from] Stealth Rock\n|turn|47\n|\n|t:|1700392820\n|move|p1a: Necrozma|Iron Head|p2a: Dondozo\n|-resisted|p2a: Dondozo\n|-damage|p2a: Dondozo|56\/100\n|move|p2a: Dondozo|Liquidation|p1a: Necrozma\n|-crit|p1a: Necrozma\n|-damage|p1a: Necrozma|0 fnt\n|faint|p1a: Necrozma\n|\n|win|harsh634\n|raw|tootmimi's rating: 1782 &rarr; <strong>1752<\/strong><br \/>(-30 for losing)\n|raw|harsh634's rating: 1582 &rarr; <strong>1612<\/strong><br \/>(+30 for winning)\n|c|\u2606harsh634|gg\n|c|\u2606harsh634|well played\n|c|\u2606tootmimi|Wp\n|l|\u2606tootmimi\n|l|\u2606harsh634\n","uploadtime":1700392851,"views":4,"p1id":"tootmimi","p2id":"harsh634","formatid":"gen9nationaldexubers","rating":1612,"private":0,"password":""}