{"id":"gen9nationaldexubers-1982581250","p1":"KINGKRICH","p2":"British wa'er","format":"[Gen 9] National Dex Ubers","log":"|j|\u2606KINGKRICH\n|j|\u203dBritish wa'er\n|t:|1699027284\n|gametype|singles\n|player|p1|KINGKRICH|buck|1077\n|player|p2|British wa'er|170|1021\n|teamsize|p1|6\n|teamsize|p2|6\n|gen|9\n|tier|[Gen 9] National Dex Ubers\n|rated|\n|rule|HP Percentage Mod: HP is shown in percentages\n|rule|Endless Battle Clause: Forcing endless battles is banned\n|rule|OHKO Clause: OHKO moves are banned\n|rule|Evasion Moves Clause: Evasion moves are banned\n|rule|Evasion Items Clause: Evasion items are banned\n|rule|Species Clause: Limit one of each Pok\u00e9mon\n|rule|Sleep Clause Mod: Limit one foe put to sleep\n|rule|Mega Rayquaza Clause: You cannot mega evolve Rayquaza\n|clearpoke\n|poke|p1|Charizard, M|\n|poke|p1|Chandelure, F|\n|poke|p1|Talonflame, M|\n|poke|p1|Greninja-*, M|\n|poke|p1|Rapidash, M|\n|poke|p1|Incineroar, M|\n|poke|p2|Necrozma-Dawn-Wings|\n|poke|p2|Zygarde|\n|poke|p2|Scolipede, M|\n|poke|p2|Ursaluna-Bloodmoon, M|\n|poke|p2|Gliscor, M|\n|poke|p2|Marshadow|\n|teampreview\n|\n|t:|1699027297\n|start\n|switch|p1a: Greninja|Greninja, M|100\/100\n|switch|p2a: Necrozma|Necrozma-Dawn-Wings|100\/100\n|turn|1\n|\n|t:|1699027311\n|detailschange|p2a: Necrozma|Necrozma-Ultra\n|-burst|p2a: Necrozma|Necrozma|Ultranecrozium Z\n|move|p1a: Greninja|Dark Pulse|p2a: Necrozma\n|-start|p1a: Greninja|typechange|Dark|[from] ability: Protean\n|-supereffective|p2a: Necrozma\n|-damage|p2a: Necrozma|31\/100\n|move|p2a: Necrozma|Dragon Pulse|p1a: Greninja\n|-enditem|p1a: Greninja|Focus Sash\n|-damage|p1a: Greninja|1\/100\n|\n|upkeep\n|turn|2\n|\n|t:|1699027327\n|switch|p2a: Zygarde|Zygarde|100\/100\n|move|p1a: Greninja|Dark Pulse|p2a: Zygarde\n|-damage|p2a: Zygarde|59\/100\n|\n|upkeep\n|turn|3\n|\n|t:|1699027333\n|move|p1a: Greninja|Gunk Shot|p2a: Zygarde\n|-resisted|p2a: Zygarde\n|-damage|p2a: Zygarde|49\/100\n|move|p2a: Zygarde|Core Enforcer|p1a: Greninja\n|-damage|p1a: Greninja|0 fnt\n|faint|p1a: Greninja\n|\n|-activate|p2a: Zygarde|ability: Power Construct\n|detailschange|p2a: Zygarde|Zygarde-Complete\n|-heal|p2a: Zygarde|69\/100|[silent]\n|upkeep\n|\n|t:|1699027348\n|switch|p1a: Rapidash|Rapidash, M|100\/100\n|turn|4\n|\n|t:|1699027354\n|-terastallize|p1a: Rapidash|Fairy\n|move|p1a: Rapidash|Play Rough|p2a: Zygarde\n|-supereffective|p2a: Zygarde\n|-damage|p2a: Zygarde|31\/100\n|move|p2a: Zygarde|Earthquake|p1a: Rapidash\n|-damage|p1a: Rapidash|30\/100\n|\n|upkeep\n|turn|5\n|\n|t:|1699027365\n|move|p1a: Rapidash|Play Rough|p2a: Zygarde\n|-supereffective|p2a: Zygarde\n|-damage|p2a: Zygarde|0 fnt\n|faint|p2a: Zygarde\n|\n|upkeep\n|\n|t:|1699027374\n|switch|p2a: Necrozma|Necrozma-Ultra|31\/100\n|turn|6\n|\n|t:|1699027400\n|move|p1a: Rapidash|Play Rough|p2a: Necrozma\n|-supereffective|p2a: Necrozma\n|-damage|p2a: Necrozma|0 fnt\n|faint|p2a: Necrozma\n|\n|upkeep\n|\n|t:|1699027405\n|switch|p2a: Ursaluna|Ursaluna-Bloodmoon, M|100\/100\n|turn|7\n|\n|t:|1699027419\n|move|p1a: Rapidash|Flare Blitz|p2a: Ursaluna\n|-damage|p2a: Ursaluna|68\/100\n|-damage|p1a: Rapidash|12\/100|[from] Recoil\n|move|p2a: Ursaluna|Blood Moon|p1a: Rapidash\n|-damage|p1a: Rapidash|0 fnt\n|faint|p1a: Rapidash\n|\n|upkeep\n|\n|t:|1699027432\n|switch|p1a: Incineroar|Incineroar, M|100\/100\n|-ability|p1a: Incineroar|Intimidate|boost\n|-unboost|p2a: Ursaluna|atk|1\n|turn|8\n|\n|t:|1699027447\n|switch|p2a: Gliscor|Gliscor, M|100\/100\n|move|p1a: Incineroar|Fake Out|p2a: Gliscor\n|-damage|p2a: Gliscor|89\/100\n|\n|upkeep\n|turn|9\n|\n|t:|1699027456\n|move|p2a: Gliscor|Earthquake|p1a: Incineroar\n|-supereffective|p1a: Incineroar\n|-damage|p1a: Incineroar|20\/100\n|move|p1a: Incineroar|Fire Blast|p2a: Gliscor\n|-damage|p2a: Gliscor|39\/100\n|\n|upkeep\n|turn|10\n|\n|t:|1699027466\n|move|p2a: Gliscor|Earthquake|p1a: Incineroar\n|-supereffective|p1a: Incineroar\n|-damage|p1a: Incineroar|0 fnt\n|faint|p1a: Incineroar\n|\n|upkeep\n|\n|t:|1699027473\n|switch|p1a: Charizard|Charizard, M|100\/100\n|turn|11\n|\n|t:|1699027489\n|move|p2a: Gliscor|Dual Wingbeat|p1a: Charizard\n|-damage|p1a: Charizard|78\/100\n|-damage|p1a: Charizard|56\/100\n|-hitcount|p1a: Charizard|2\n|move|p1a: Charizard|Dragon Pulse|p2a: Gliscor\n|-damage|p2a: Gliscor|0 fnt\n|faint|p2a: Gliscor\n|\n|upkeep\n|\n|t:|1699027501\n|switch|p2a: Marshadow|Marshadow|100\/100\n|turn|12\n|\n|t:|1699027506\n|move|p2a: Marshadow|Shadow Punch|p1a: Charizard\n|-damage|p1a: Charizard|0 fnt\n|faint|p1a: Charizard\n|\n|upkeep\n|\n|t:|1699027512\n|switch|p1a: Talonflame|Talonflame, M|100\/100\n|turn|13\n|\n|t:|1699027516\n|move|p1a: Talonflame|Brave Bird|p2a: Marshadow\n|-supereffective|p2a: Marshadow\n|-damage|p2a: Marshadow|0 fnt\n|faint|p2a: Marshadow\n|-damage|p1a: Talonflame|65\/100|[from] Recoil\n|\n|upkeep\n|\n|t:|1699027522\n|switch|p2a: Scolipede|Scolipede, M|100\/100\n|turn|14\n|\n|t:|1699027528\n|move|p1a: Talonflame|Flare Blitz|p2a: Scolipede\n|-supereffective|p2a: Scolipede\n|-enditem|p2a: Scolipede|Focus Sash\n|-damage|p2a: Scolipede|1\/100\n|-damage|p1a: Talonflame|36\/100|[from] Recoil\n|move|p2a: Scolipede|Cross Poison|p1a: Talonflame\n|-crit|p1a: Talonflame\n|-damage|p1a: Talonflame|0 fnt\n|faint|p1a: Talonflame\n|\n|-ability|p2a: Scolipede|Speed Boost|boost\n|-boost|p2a: Scolipede|spe|1\n|upkeep\n|\n|t:|1699027542\n|switch|p1a: Chandelure|Chandelure, F|100\/100\n|turn|15\n|\n|t:|1699027549\n|move|p2a: Scolipede|Endeavor|p1a: Chandelure\n|-immune|p1a: Chandelure\n|move|p1a: Chandelure|Shadow Ball|p2a: Scolipede\n|-damage|p2a: Scolipede|0 fnt\n|faint|p2a: Scolipede\n|\n|upkeep\n|\n|t:|1699027556\n|switch|p2a: Ursaluna|Ursaluna-Bloodmoon, M|68\/100\n|turn|16\n|\n|t:|1699027564\n|move|p1a: Chandelure|Fire Blast|p2a: Ursaluna\n|-damage|p2a: Ursaluna|3\/100\n|-status|p2a: Ursaluna|brn\n|move|p2a: Ursaluna|Earthquake|p1a: Chandelure\n|-supereffective|p1a: Chandelure\n|-damage|p1a: Chandelure|23\/100\n|\n|-damage|p2a: Ursaluna|0 fnt|[from] brn\n|faint|p2a: Ursaluna\n|\n|win|KINGKRICH\n|upkeep\n|raw|KINGKRICH's rating: 1077 &rarr; <strong>1101<\/strong><br \/>(+24 for winning)\n|raw|British wa&apos;er's rating: 1021 &rarr; <strong>1010<\/strong><br \/>(-11 for losing)\n","uploadtime":1699027577,"views":6,"p1id":"kingkrich","p2id":"britishwaer","formatid":"gen9nationaldexubers","rating":1010,"private":0,"password":""}