{"id":"gen9nationaldexubers-1982701874","p1":"aguinaldo124","p2":"BankaiBleachGeek","format":"[Gen 9] National Dex Ubers","log":"|j|\u2606aguinaldo124\n|j|\u2606BankaiBleachGeek\n|t:|1699037073\n|gametype|singles\n|player|p1|aguinaldo124|red|1145\n|player|p2|BankaiBleachGeek|palmer|1057\n|teamsize|p1|6\n|teamsize|p2|6\n|gen|9\n|tier|[Gen 9] National Dex Ubers\n|rated|\n|rule|HP Percentage Mod: HP is shown in percentages\n|rule|Endless Battle Clause: Forcing endless battles is banned\n|rule|OHKO Clause: OHKO moves are banned\n|rule|Evasion Moves Clause: Evasion moves are banned\n|rule|Evasion Items Clause: Evasion items are banned\n|rule|Species Clause: Limit one of each Pok\u00e9mon\n|rule|Sleep Clause Mod: Limit one foe put to sleep\n|rule|Mega Rayquaza Clause: You cannot mega evolve Rayquaza\n|clearpoke\n|poke|p1|Kingdra, F|\n|poke|p1|Incineroar, F|\n|poke|p1|Grimmsnarl, M|\n|poke|p1|Ribombee, F|\n|poke|p1|Espathra, M|\n|poke|p1|Pyukumuku, F|\n|poke|p2|Sceptile, M|\n|poke|p2|Arboliva, F|\n|poke|p2|Electrode-Hisui|\n|poke|p2|Ferrothorn, M|\n|poke|p2|Ludicolo, M|\n|poke|p2|Torterra, M|\n|teampreview\n|inactive|Battle timer is ON: inactive players will automatically lose when time's up. (requested by aguinaldo124)\n|\n|t:|1699037084\n|start\n|switch|p1a: Grimmsnarl|Grimmsnarl, M|100\/100\n|switch|p2a: Sceptile|Sceptile, M|100\/100\n|turn|1\n|\n|t:|1699037093\n|detailschange|p2a: Sceptile|Sceptile-Mega, M\n|-mega|p2a: Sceptile|Sceptile|Sceptilite\n|move|p1a: Grimmsnarl|Light Screen|p1a: Grimmsnarl\n|-sidestart|p1: aguinaldo124|move: Light Screen\n|move|p2a: Sceptile|Focus Blast|p1a: Grimmsnarl|[miss]\n|-miss|p2a: Sceptile|p1a: Grimmsnarl\n|\n|upkeep\n|turn|2\n|\n|t:|1699037102\n|move|p1a: Grimmsnarl|Reflect|p1a: Grimmsnarl\n|-sidestart|p1: aguinaldo124|Reflect\n|move|p2a: Sceptile|Energy Ball|p1a: Grimmsnarl\n|-damage|p1a: Grimmsnarl|81\/100\n|\n|upkeep\n|turn|3\n|\n|t:|1699037108\n|switch|p2a: Electrode|Electrode-Hisui|100\/100\n|move|p1a: Grimmsnarl|Parting Shot|p2a: Electrode\n|-unboost|p2a: Electrode|atk|1\n|-unboost|p2a: Electrode|spa|1\n|\n|t:|1699037114\n|switch|p1a: Incineroar|Incineroar, F|100\/100|[from] Parting Shot\n|-ability|p1a: Incineroar|Intimidate|boost\n|-unboost|p2a: Electrode|atk|1\n|\n|upkeep\n|turn|4\n|\n|t:|1699037121\n|move|p2a: Electrode|Rain Dance|p2a: Electrode\n|-weather|RainDance\n|move|p1a: Incineroar|Bulk Up|p1a: Incineroar\n|-boost|p1a: Incineroar|atk|1\n|-boost|p1a: Incineroar|def|1\n|\n|-weather|RainDance|[upkeep]\n|upkeep\n|turn|5\n|\n|t:|1699037128\n|move|p2a: Electrode|Volt Switch|p1a: Incineroar\n|-damage|p1a: Incineroar|90\/100\n|\n|t:|1699037132\n|switch|p2a: Ludicolo|Ludicolo, M|100\/100|[from] Volt Switch\n|move|p1a: Incineroar|Bulk Up|p1a: Incineroar\n|-boost|p1a: Incineroar|atk|1\n|-boost|p1a: Incineroar|def|1\n|\n|-weather|RainDance|[upkeep]\n|upkeep\n|turn|6\n|\n|t:|1699037144\n|move|p2a: Ludicolo|Weather Ball|p1a: Incineroar\n|-supereffective|p1a: Incineroar\n|-damage|p1a: Incineroar|0 fnt\n|faint|p1a: Incineroar\n|-damage|p2a: Ludicolo|91\/100|[from] item: Life Orb\n|\n|-weather|RainDance|[upkeep]\n|upkeep\n|\n|t:|1699037152\n|switch|p1a: Kingdra|Kingdra, F|100\/100\n|turn|7\n|\n|t:|1699037159\n|move|p2a: Ludicolo|Ice Beam|p1a: Kingdra\n|-damage|p1a: Kingdra|80\/100\n|-damage|p2a: Ludicolo|81\/100|[from] item: Life Orb\n|move|p1a: Kingdra|Dragon Dance|p1a: Kingdra\n|-boost|p1a: Kingdra|atk|1\n|-boost|p1a: Kingdra|spe|1\n|\n|-weather|RainDance|[upkeep]\n|-heal|p1a: Kingdra|86\/100|[from] item: Leftovers\n|upkeep\n|turn|8\n|\n|t:|1699037170\n|move|p2a: Ludicolo|Giga Drain|p1a: Kingdra\n|-damage|p1a: Kingdra|58\/100\n|-heal|p2a: Ludicolo|95\/100|[from] drain|[of] p1a: Kingdra\n|-damage|p2a: Ludicolo|85\/100|[from] item: Life Orb\n|move|p1a: Kingdra|Dragon Dance|p1a: Kingdra\n|-boost|p1a: Kingdra|atk|1\n|-boost|p1a: Kingdra|spe|1\n|\n|-weather|RainDance|[upkeep]\n|-heal|p1a: Kingdra|64\/100|[from] item: Leftovers\n|-sideend|p1: aguinaldo124|move: Light Screen\n|upkeep\n|turn|9\n|\n|t:|1699037183\n|move|p1a: Kingdra|Outrage|p2a: Ludicolo\n|-damage|p2a: Ludicolo|0 fnt\n|faint|p2a: Ludicolo\n|\n|-weather|RainDance|[upkeep]\n|-heal|p1a: Kingdra|70\/100|[from] item: Leftovers\n|-sideend|p1: aguinaldo124|Reflect\n|upkeep\n|\n|t:|1699037190\n|switch|p2a: Ferrothorn|Ferrothorn, M|100\/100\n|turn|10\n|\n|t:|1699037197\n|move|p1a: Kingdra|Outrage|p2a: Ferrothorn|[from]lockedmove\n|-resisted|p2a: Ferrothorn\n|-damage|p2a: Ferrothorn|67\/100\n|-damage|p1a: Kingdra|58\/100|[from] ability: Iron Barbs|[of] p2a: Ferrothorn\n|-damage|p1a: Kingdra|41\/100|[from] item: Rocky Helmet|[of] p2a: Ferrothorn\n|move|p2a: Ferrothorn|Gyro Ball|p1a: Kingdra\n|-resisted|p1a: Kingdra\n|-damage|p1a: Kingdra|14\/100\n|\n|-weather|RainDance|[upkeep]\n|-heal|p1a: Kingdra|20\/100|[from] item: Leftovers\n|upkeep\n|turn|11\n|\n|t:|1699037209\n|move|p1a: Kingdra|Outrage|p2a: Ferrothorn|[from]lockedmove\n|-resisted|p2a: Ferrothorn\n|-damage|p2a: Ferrothorn|35\/100\n|-damage|p1a: Kingdra|8\/100|[from] ability: Iron Barbs|[of] p2a: Ferrothorn\n|-damage|p1a: Kingdra|0 fnt|[from] item: Rocky Helmet|[of] p2a: Ferrothorn\n|faint|p1a: Kingdra\n|move|p2a: Ferrothorn|Gyro Ball|p1: Kingdra|[notarget]\n|-fail|p2a: Ferrothorn\n|\n|-weather|none\n|upkeep\n|\n|t:|1699037221\n|switch|p1a: Grimmsnarl|Grimmsnarl, M|81\/100\n|turn|12\n|\n|t:|1699037225\n|move|p1a: Grimmsnarl|Taunt|p2a: Ferrothorn\n|-start|p2a: Ferrothorn|move: Taunt\n|move|p2a: Ferrothorn|Gyro Ball|p1a: Grimmsnarl\n|-supereffective|p1a: Grimmsnarl\n|-damage|p1a: Grimmsnarl|11\/100\n|\n|upkeep\n|turn|13\n|\n|t:|1699037234\n|move|p1a: Grimmsnarl|Reflect|p1a: Grimmsnarl\n|-sidestart|p1: aguinaldo124|Reflect\n|move|p2a: Ferrothorn|Gyro Ball|p1a: Grimmsnarl\n|-supereffective|p1a: Grimmsnarl\n|-damage|p1a: Grimmsnarl|0 fnt\n|faint|p1a: Grimmsnarl\n|\n|upkeep\n|\n|t:|1699037240\n|switch|p1a: Ribombee|Ribombee, F|100\/100\n|turn|14\n|\n|t:|1699037245\n|move|p1a: Ribombee|Sticky Web|p2a: Ferrothorn\n|-sidestart|p2: BankaiBleachGeek|move: Sticky Web\n|move|p2a: Ferrothorn|Gyro Ball|p1a: Ribombee\n|-supereffective|p1a: Ribombee\n|-damage|p1a: Ribombee|11\/100\n|\n|-end|p2a: Ferrothorn|move: Taunt\n|upkeep\n|turn|15\n|\n|t:|1699037254\n|move|p1a: Ribombee|Bug Buzz|p2a: Ferrothorn\n|-damage|p2a: Ferrothorn|0 fnt\n|faint|p2a: Ferrothorn\n|\n|upkeep\n|\n|t:|1699037259\n|switch|p2a: Electrode|Electrode-Hisui|100\/100\n|-activate|p2a: Electrode|move: Sticky Web\n|-unboost|p2a: Electrode|spe|1\n|turn|16\n|\n|t:|1699037264\n|move|p1a: Ribombee|Bug Buzz|p2a: Electrode\n|-supereffective|p2a: Electrode\n|-damage|p2a: Electrode|0 fnt\n|faint|p2a: Electrode\n|\n|upkeep\n|\n|t:|1699037273\n|switch|p2a: Torterra|Torterra, M|100\/100\n|-activate|p2a: Torterra|move: Sticky Web\n|-unboost|p2a: Torterra|spe|1\n|turn|17\n|\n|t:|1699037279\n|move|p1a: Ribombee|Sticky Web||[still]\n|-fail|p1a: Ribombee\n|move|p2a: Torterra|Earthquake|p1a: Ribombee\n|-resisted|p1a: Ribombee\n|-damage|p1a: Ribombee|0 fnt\n|faint|p1a: Ribombee\n|\n|upkeep\n|\n|t:|1699037287\n|switch|p1a: Espathra|Espathra, M|100\/100\n|turn|18\n|\n|t:|1699037295\n|move|p1a: Espathra|Calm Mind|p1a: Espathra\n|-boost|p1a: Espathra|spa|1\n|-boost|p1a: Espathra|spd|1\n|move|p2a: Torterra|Earthquake|p1a: Espathra\n|-damage|p1a: Espathra|70\/100\n|\n|-heal|p1a: Espathra|76\/100|[from] item: Leftovers\n|-ability|p1a: Espathra|Speed Boost|boost\n|-boost|p1a: Espathra|spe|1\n|upkeep\n|turn|19\n|\n|t:|1699037305\n|move|p1a: Espathra|Calm Mind|p1a: Espathra\n|-boost|p1a: Espathra|spa|1\n|-boost|p1a: Espathra|spd|1\n|move|p2a: Torterra|Earthquake|p1a: Espathra\n|-damage|p1a: Espathra|48\/100\n|\n|-heal|p1a: Espathra|54\/100|[from] item: Leftovers\n|-ability|p1a: Espathra|Speed Boost|boost\n|-boost|p1a: Espathra|spe|1\n|upkeep\n|turn|20\n|\n|t:|1699037316\n|move|p1a: Espathra|Calm Mind|p1a: Espathra\n|-boost|p1a: Espathra|spa|1\n|-boost|p1a: Espathra|spd|1\n|move|p2a: Torterra|Earthquake|p1a: Espathra\n|-damage|p1a: Espathra|27\/100\n|\n|-heal|p1a: Espathra|33\/100|[from] item: Leftovers\n|-sideend|p1: aguinaldo124|Reflect\n|-ability|p1a: Espathra|Speed Boost|boost\n|-boost|p1a: Espathra|spe|1\n|upkeep\n|turn|21\n|\n|t:|1699037327\n|move|p1a: Espathra|Protect|p1a: Espathra\n|-singleturn|p1a: Espathra|Protect\n|move|p2a: Torterra|Earthquake|p1a: Espathra\n|-activate|p1a: Espathra|move: Protect\n|\n|-heal|p1a: Espathra|39\/100|[from] item: Leftovers\n|-ability|p1a: Espathra|Speed Boost|boost\n|-boost|p1a: Espathra|spe|1\n|upkeep\n|turn|22\n|\n|t:|1699037338\n|move|p1a: Espathra|Stored Power|p2a: Torterra\n|-damage|p2a: Torterra|0 fnt\n|faint|p2a: Torterra\n|\n|-heal|p1a: Espathra|45\/100|[from] item: Leftovers\n|-ability|p1a: Espathra|Speed Boost|boost\n|-boost|p1a: Espathra|spe|1\n|upkeep\n|\n|t:|1699037345\n|switch|p2a: Arboliva|Arboliva, F|100\/100\n|-activate|p2a: Arboliva|move: Sticky Web\n|-unboost|p2a: Arboliva|spe|1\n|turn|23\n|\n|t:|1699037355\n|move|p1a: Espathra|Protect|p1a: Espathra\n|-singleturn|p1a: Espathra|Protect\n|move|p2a: Arboliva|Giga Drain|p1a: Espathra\n|-activate|p1a: Espathra|move: Protect\n|\n|-heal|p1a: Espathra|51\/100|[from] item: Leftovers\n|-ability|p1a: Espathra|Speed Boost|boost\n|-boost|p1a: Espathra|spe|1\n|upkeep\n|turn|24\n|\n|t:|1699037365\n|move|p1a: Espathra|Calm Mind|p1a: Espathra\n|-boost|p1a: Espathra|spa|1\n|-boost|p1a: Espathra|spd|1\n|move|p2a: Arboliva|Giga Drain|p1a: Espathra\n|-damage|p1a: Espathra|36\/100\n|\n|-heal|p1a: Espathra|42\/100|[from] item: Leftovers\n|upkeep\n|turn|25\n|\n|t:|1699037376\n|move|p1a: Espathra|Stored Power|p2a: Arboliva\n|-damage|p2a: Arboliva|0 fnt\n|-fieldstart|move: Grassy Terrain|[from] ability: Seed Sower|[of] p2a: Arboliva\n|faint|p2a: Arboliva\n|\n|-heal|p1a: Espathra|48\/100|[from] Grassy Terrain\n|-heal|p1a: Espathra|54\/100|[from] item: Leftovers\n|upkeep\n|c|\u2606aguinaldo124|Gg\n|\n|t:|1699037385\n|switch|p2a: Sceptile|Sceptile-Mega, M|100\/100\n|-activate|p2a: Sceptile|move: Sticky Web\n|-unboost|p2a: Sceptile|spe|1\n|turn|26\n|\n|t:|1699037396\n|move|p1a: Espathra|Stored Power|p2a: Sceptile\n|-damage|p2a: Sceptile|0 fnt\n|faint|p2a: Sceptile\n|\n|win|aguinaldo124\n|raw|aguinaldo124's rating: 1145 &rarr; <strong>1164<\/strong><br \/>(+19 for winning)\n|raw|BankaiBleachGeek's rating: 1057 &rarr; <strong>1043<\/strong><br \/>(-14 for losing)\n|l|\u2606BankaiBleachGeek\n","uploadtime":1699037407,"views":8,"p1id":"aguinaldo124","p2id":"bankaibleachgeek","formatid":"gen9nationaldexubers","rating":1043,"private":0,"password":""}