{"id":"gen9nationaldexubers-1984189231","p1":"El Zappo","p2":"Destinum","format":"[Gen 9] National Dex Ubers","log":"|j|\u2606El Zappo\n|j|\u2606Destinum\n|t:|1699228191\n|gametype|singles\n|player|p1|El Zappo|lusamine-nihilego|\n|player|p2|Destinum|colress|\n|teamsize|p1|6\n|teamsize|p2|6\n|gen|9\n|tier|[Gen 9] National Dex Ubers\n|rule|HP Percentage Mod: HP is shown in percentages\n|rule|Endless Battle Clause: Forcing endless battles is banned\n|rule|OHKO Clause: OHKO moves are banned\n|rule|Evasion Moves Clause: Evasion moves are banned\n|rule|Evasion Items Clause: Evasion items are banned\n|rule|Species Clause: Limit one of each Pok\u00e9mon\n|rule|Sleep Clause Mod: Limit one foe put to sleep\n|rule|Mega Rayquaza Clause: You cannot mega evolve Rayquaza\n|clearpoke\n|poke|p1|Garganacl, F|\n|poke|p1|Iron Valiant|\n|poke|p1|Ursaluna-Bloodmoon, M|\n|poke|p1|Cobalion|\n|poke|p1|Latias, F|\n|poke|p1|Moltres|\n|poke|p2|Ninetales-Alola, F|\n|poke|p2|Darmanitan-Galar, M|\n|poke|p2|Cetitan, M|\n|poke|p2|Piloswine, M|\n|poke|p2|Articuno|\n|poke|p2|Kyurem|\n|teampreview\n|j| SkillzBP\n|j| Jack0lantern89\n|c|\u2606El Zappo|Same leads?\n|c|\u2606Destinum|Sure I guess.\n|c| Jack0lantern89|hmmm\n|c| SkillzBP|the piloswine?????\n|\n|t:|1699228226\n|start\n|switch|p1a: Testament|Cobalion, shiny|100\/100\n|switch|p2a: I Choose Violence|Darmanitan-Galar, M|100\/100\n|turn|1\n|\n|t:|1699228237\n|switch|p1a: Hellfire|Moltres|100\/100\n|move|p2a: I Choose Violence|Flare Blitz|p1a: Hellfire\n|-resisted|p1a: Hellfire\n|-damage|p1a: Hellfire|78\/100\n|-damage|p2a: I Choose Violence|93\/100|[from] Recoil\n|\n|upkeep\n|turn|2\n|\n|t:|1699228250\n|switch|p2a: Chris P. Bacon|Piloswine, M|100\/100\n|move|p1a: Hellfire|U-turn|p2a: Chris P. Bacon\n|-damage|p2a: Chris P. Bacon|91\/100\n|\n|t:|1699228258\n|switch|p1a: Omen|Iron Valiant|100\/100|[from] U-turn\n|\n|upkeep\n|turn|3\n|c| Jack0lantern89|ngl\n|c| Jack0lantern89|i think valiant does something here\n|\n|t:|1699228290\n|move|p1a: Omen|Taunt|p2a: Chris P. Bacon\n|-start|p2a: Chris P. Bacon|move: Taunt\n|move|p2a: Chris P. Bacon|Earthquake|p1a: Omen\n|-damage|p1a: Omen|63\/100\n|\n|upkeep\n|turn|4\n|\n|t:|1699228303\n|-end|p1a: Omen|Quark Drive|[silent]\n|switch|p1a: Hellfire|Moltres|78\/100\n|move|p2a: Chris P. Bacon|Earthquake|p1a: Hellfire\n|-immune|p1a: Hellfire\n|\n|upkeep\n|turn|5\n|c|\u2606Destinum|Never seen Taunt on Valiant before.\n|\n|t:|1699228313\n|move|p1a: Hellfire|Fire Blast|p2a: Chris P. Bacon\n|-supereffective|p2a: Chris P. Bacon\n|-damage|p2a: Chris P. Bacon|64\/100\n|-status|p2a: Chris P. Bacon|brn\n|move|p2a: Chris P. Bacon|Rock Slide|p1a: Hellfire|[miss]\n|-miss|p2a: Chris P. Bacon|p1a: Hellfire\n|\n|-damage|p2a: Chris P. Bacon|57\/100 brn|[from] brn\n|-end|p2a: Chris P. Bacon|move: Taunt\n|upkeep\n|turn|6\n|c|\u2606Destinum|Fucking hell.\n|\n|t:|1699228323\n|move|p1a: Hellfire|U-turn|p2a: Chris P. Bacon\n|-damage|p2a: Chris P. Bacon|48\/100 brn\n|c|\u2606El Zappo|I'm sorry\n|\n|t:|1699228329\n|switch|p1a: Prayer Stone|Garganacl, F, shiny|100\/100|[from] U-turn\n|move|p2a: Chris P. Bacon|Stealth Rock|p1a: Prayer Stone\n|-sidestart|p1: El Zappo|move: Stealth Rock\n|\n|-damage|p2a: Chris P. Bacon|42\/100 brn|[from] brn\n|upkeep\n|turn|7\n|\n|t:|1699228336\n|switch|p2a: Let It Go|Ninetales-Alola, F|100\/100\n|-weather|Snow|[from] ability: Snow Warning|[of] p2a: Let It Go\n|move|p1a: Prayer Stone|Salt Cure|p2a: Let It Go\n|-supereffective|p2a: Let It Go\n|-damage|p2a: Let It Go|71\/100\n|-start|p2a: Let It Go|Salt Cure\n|\n|-weather|Snow|[upkeep]\n|-damage|p2a: Let It Go|58\/100|[from] Salt Cure\n|upkeep\n|turn|8\n|\n|t:|1699228351\n|switch|p2a: A Madafaking T-Rex|Kyurem|100\/100\n|-ability|p2a: A Madafaking T-Rex|Pressure\n|move|p1a: Prayer Stone|Body Press|p2a: A Madafaking T-Rex\n|-supereffective|p2a: A Madafaking T-Rex\n|-damage|p2a: A Madafaking T-Rex|58\/100\n|\n|-weather|Snow|[upkeep]\n|upkeep\n|turn|9\n|\n|t:|1699228358\n|-terastallize|p2a: A Madafaking T-Rex|Dragon\n|-terastallize|p1a: Prayer Stone|Ghost\n|move|p2a: A Madafaking T-Rex|Flash Cannon|p1a: Prayer Stone\n|-damage|p1a: Prayer Stone|61\/100\n|move|p1a: Prayer Stone|Salt Cure|p2a: A Madafaking T-Rex\n|-damage|p2a: A Madafaking T-Rex|46\/100\n|-start|p2a: A Madafaking T-Rex|Salt Cure\n|\n|-weather|Snow|[upkeep]\n|-heal|p1a: Prayer Stone|68\/100|[from] item: Leftovers\n|-damage|p2a: A Madafaking T-Rex|33\/100|[from] Salt Cure\n|upkeep\n|turn|10\n|c| Jack0lantern89|fire blast hit into burn then the rock slide miss\n|c| Jack0lantern89|thats unfort\n|j| Malice Incarnate\n|\n|t:|1699228379\n|switch|p2a: Moby Thicc|Cetitan, M|100\/100\n|move|p1a: Prayer Stone|Recover|p1a: Prayer Stone\n|-heal|p1a: Prayer Stone|100\/100\n|\n|-weather|Snow|[upkeep]\n|upkeep\n|turn|11\n|\n|t:|1699228395\n|move|p2a: Moby Thicc|Belly Drum|p2a: Moby Thicc\n|-damage|p2a: Moby Thicc|50\/100\n|-setboost|p2a: Moby Thicc|atk|6|[from] move: Belly Drum\n|-enditem|p2a: Moby Thicc|Sitrus Berry|[eat]\n|-heal|p2a: Moby Thicc|75\/100|[from] item: Sitrus Berry\n|move|p1a: Prayer Stone|Salt Cure|p2a: Moby Thicc\n|-supereffective|p2a: Moby Thicc\n|-damage|p2a: Moby Thicc|55\/100\n|-start|p2a: Moby Thicc|Salt Cure\n|\n|-weather|none\n|-damage|p2a: Moby Thicc|43\/100|[from] Salt Cure\n|upkeep\n|turn|12\n|\n|t:|1699228406\n|switch|p1a: Hellfire|Moltres|78\/100\n|move|p2a: Moby Thicc|Icicle Crash|p1a: Hellfire\n|-damage|p1a: Hellfire|0 fnt\n|faint|p1a: Hellfire\n|\n|-damage|p2a: Moby Thicc|31\/100|[from] Salt Cure\n|upkeep\n|\n|t:|1699228412\n|switch|p1a: Omen|Iron Valiant|63\/100\n|-damage|p1a: Omen|56\/100|[from] Stealth Rock\n|turn|13\n|c| Malice Incarnate|Garganacl should be named gargle on deez nuts\n|\n|t:|1699228415\n|move|p2a: Moby Thicc|Ice Shard|p1a: Omen\n|-damage|p1a: Omen|0 fnt\n|faint|p1a: Omen\n|-end|p1a: Omen|Quark Drive|[silent]\n|\n|-damage|p2a: Moby Thicc|18\/100|[from] Salt Cure\n|upkeep\n|\n|t:|1699228423\n|switch|p1a: Testament|Cobalion, shiny|100\/100\n|-damage|p1a: Testament|97\/100|[from] Stealth Rock\n|turn|14\n|c| SkillzBP|moby thicc is an insane ass name\n|j| IncandescentCandle\n|\n|t:|1699228435\n|switch|p2a: The Godfeather|Articuno|100\/100\n|-ability|p2a: The Godfeather|Pressure\n|move|p1a: Testament|Volt Switch|p2a: The Godfeather\n|-supereffective|p2a: The Godfeather\n|-damage|p2a: The Godfeather|80\/100\n|\n|t:|1699228442\n|switch|p1a: Prayer Stone|Garganacl, F, shiny, tera:Ghost|100\/100|[from] Volt Switch\n|-damage|p1a: Prayer Stone|88\/100|[from] Stealth Rock\n|\n|-heal|p1a: Prayer Stone|94\/100|[from] item: Leftovers\n|upkeep\n|turn|15\n|\n|t:|1699228459\n|move|p2a: The Godfeather|U-turn|p1a: Prayer Stone\n|-resisted|p1a: Prayer Stone\n|-damage|p1a: Prayer Stone|91\/100\n|\n|t:|1699228462\n|switch|p2a: Let It Go|Ninetales-Alola, F|58\/100|[from] U-turn\n|-weather|Snow|[from] ability: Snow Warning|[of] p2a: Let It Go\n|move|p1a: Prayer Stone|Salt Cure|p2a: Let It Go\n|-supereffective|p2a: Let It Go\n|-damage|p2a: Let It Go|30\/100\n|-start|p2a: Let It Go|Salt Cure\n|\n|-weather|Snow|[upkeep]\n|-heal|p1a: Prayer Stone|98\/100|[from] item: Leftovers\n|-damage|p2a: Let It Go|18\/100|[from] Salt Cure\n|upkeep\n|turn|16\n|c| Malice Incarnate|I hope you have curse on that garg\n|\n|t:|1699228466\n|move|p2a: Let It Go|Aurora Veil|p2a: Let It Go\n|-sidestart|p2: Destinum|move: Aurora Veil\n|move|p1a: Prayer Stone|Salt Cure|p2a: Let It Go\n|-supereffective|p2a: Let It Go\n|-damage|p2a: Let It Go|4\/100\n|\n|-weather|Snow|[upkeep]\n|-heal|p1a: Prayer Stone|100\/100|[from] item: Leftovers\n|-damage|p2a: Let It Go|0 fnt|[from] Salt Cure\n|faint|p2a: Let It Go\n|upkeep\n|c|\u2606El Zappo|Nope\n|\n|t:|1699228475\n|switch|p2a: A Madafaking T-Rex|Kyurem, tera:Dragon|33\/100\n|-ability|p2a: A Madafaking T-Rex|Pressure\n|turn|17\n|\n|t:|1699228478\n|move|p2a: A Madafaking T-Rex|Draco Meteor|p1a: Prayer Stone|[miss]\n|-miss|p2a: A Madafaking T-Rex|p1a: Prayer Stone\n|move|p1a: Prayer Stone|Salt Cure|p2a: A Madafaking T-Rex\n|-damage|p2a: A Madafaking T-Rex|27\/100\n|-start|p2a: A Madafaking T-Rex|Salt Cure\n|\n|-weather|Snow|[upkeep]\n|-damage|p2a: A Madafaking T-Rex|15\/100|[from] Salt Cure\n|upkeep\n|turn|18\n|\n|t:|1699228483\n|switch|p1a: Testament|Cobalion, shiny|97\/100\n|-damage|p1a: Testament|94\/100|[from] Stealth Rock\n|move|p2a: A Madafaking T-Rex|Draco Meteor|p1a: Testament|[miss]\n|-miss|p2a: A Madafaking T-Rex|p1a: Testament\n|\n|-weather|Snow|[upkeep]\n|-damage|p2a: A Madafaking T-Rex|3\/100|[from] Salt Cure\n|upkeep\n|turn|19\n|\n|t:|1699228487\n|switch|p2a: I Choose Violence|Darmanitan-Galar, M|93\/100\n|move|p1a: Testament|Volt Switch|p2a: I Choose Violence\n|-damage|p2a: I Choose Violence|82\/100\n|c|\u2606El Zappo|I'm sorry\n|c| IncandescentCandle|garg moment\n|\n|t:|1699228495\n|switch|p1a: Prayer Stone|Garganacl, F, shiny, tera:Ghost|100\/100|[from] Volt Switch\n|-damage|p1a: Prayer Stone|88\/100|[from] Stealth Rock\n|\n|-weather|none\n|-heal|p1a: Prayer Stone|94\/100|[from] item: Leftovers\n|upkeep\n|turn|20\n|c| Jack0lantern89|lmao\n|\n|t:|1699228500\n|move|p2a: I Choose Violence|Icicle Crash|p1a: Prayer Stone\n|-damage|p1a: Prayer Stone|57\/100\n|cant|p1a: Prayer Stone|flinch\n|\n|-heal|p1a: Prayer Stone|63\/100|[from] item: Leftovers\n|upkeep\n|turn|21\n|c| Malice Incarnate|I thought I might se the zen mode belly drum garg come out ngl\n|\n|t:|1699228505\n|move|p1a: Prayer Stone|Protect|p1a: Prayer Stone\n|-singleturn|p1a: Prayer Stone|Protect\n|move|p2a: I Choose Violence|Icicle Crash|p1a: Prayer Stone\n|-activate|p1a: Prayer Stone|move: Protect\n|\n|-heal|p1a: Prayer Stone|69\/100|[from] item: Leftovers\n|upkeep\n|turn|22\n|\n|t:|1699228507\n|move|p2a: I Choose Violence|Icicle Crash|p1a: Prayer Stone\n|-damage|p1a: Prayer Stone|37\/100\n|cant|p1a: Prayer Stone|flinch\n|\n|-heal|p1a: Prayer Stone|43\/100|[from] item: Leftovers\n|upkeep\n|turn|23\n|c| Jack0lantern89|dest is not geeting lucky\n|\n|t:|1699228513\n|move|p2a: I Choose Violence|Icicle Crash|p1a: Prayer Stone\n|-damage|p1a: Prayer Stone|6\/100\n|move|p1a: Prayer Stone|Recover|p1a: Prayer Stone\n|-heal|p1a: Prayer Stone|56\/100\n|\n|-heal|p1a: Prayer Stone|62\/100|[from] item: Leftovers\n|-sideend|p2: Destinum|move: Aurora Veil\n|upkeep\n|turn|24\n|c| Jack0lantern89|nvm\n|\n|t:|1699228519\n|move|p2a: I Choose Violence|Icicle Crash|p1a: Prayer Stone\n|-damage|p1a: Prayer Stone|25\/100\n|move|p1a: Prayer Stone|Salt Cure|p2a: I Choose Violence\n|-supereffective|p2a: I Choose Violence\n|-damage|p2a: I Choose Violence|38\/100\n|-start|p2a: I Choose Violence|Salt Cure\n|\n|-heal|p1a: Prayer Stone|31\/100|[from] item: Leftovers\n|-damage|p2a: I Choose Violence|26\/100|[from] Salt Cure\n|upkeep\n|turn|25\n|\n|t:|1699228523\n|move|p1a: Prayer Stone|Protect|p1a: Prayer Stone\n|-singleturn|p1a: Prayer Stone|Protect\n|move|p2a: I Choose Violence|Icicle Crash|p1a: Prayer Stone\n|-activate|p1a: Prayer Stone|move: Protect\n|\n|-heal|p1a: Prayer Stone|37\/100|[from] item: Leftovers\n|-damage|p2a: I Choose Violence|14\/100|[from] Salt Cure\n|upkeep\n|turn|26\n|\n|t:|1699228527\n|move|p2a: I Choose Violence|Icicle Crash|p1a: Prayer Stone\n|-damage|p1a: Prayer Stone|4\/100\n|cant|p1a: Prayer Stone|flinch\n|\n|-heal|p1a: Prayer Stone|10\/100|[from] item: Leftovers\n|-damage|p2a: I Choose Violence|2\/100|[from] Salt Cure\n|upkeep\n|turn|27\n|\n|t:|1699228538\n|switch|p2a: Chris P. Bacon|Piloswine, M|42\/100 brn\n|move|p1a: Prayer Stone|Protect||[still]\n|-fail|p1a: Prayer Stone\n|\n|-heal|p1a: Prayer Stone|16\/100|[from] item: Leftovers\n|-damage|p2a: Chris P. Bacon|36\/100 brn|[from] brn\n|upkeep\n|turn|28\n|\n|t:|1699228544\n|move|p2a: Chris P. Bacon|Earthquake|p1a: Prayer Stone\n|-damage|p1a: Prayer Stone|8\/100\n|move|p1a: Prayer Stone|Recover|p1a: Prayer Stone\n|-heal|p1a: Prayer Stone|58\/100\n|\n|-heal|p1a: Prayer Stone|64\/100|[from] item: Leftovers\n|-damage|p2a: Chris P. Bacon|30\/100 brn|[from] brn\n|upkeep\n|turn|29\n|c|\u2606Destinum|I forgot this thing was burned.\n|\n|t:|1699228580\n|switch|p2a: The Godfeather|Articuno|80\/100\n|-ability|p2a: The Godfeather|Pressure\n|move|p1a: Prayer Stone|Salt Cure|p2a: The Godfeather\n|-supereffective|p2a: The Godfeather\n|-damage|p2a: The Godfeather|43\/100\n|-start|p2a: The Godfeather|Salt Cure\n|\n|-heal|p1a: Prayer Stone|70\/100|[from] item: Leftovers\n|-damage|p2a: The Godfeather|30\/100|[from] Salt Cure\n|upkeep\n|turn|30\n|c|\u2606El Zappo|That burn is saving me\n|\n|t:|1699228591\n|move|p2a: The Godfeather|Roost|p2a: The Godfeather\n|-heal|p2a: The Godfeather|80\/100\n|-singleturn|p2a: The Godfeather|move: Roost\n|move|p1a: Prayer Stone|Recover|p1a: Prayer Stone\n|-heal|p1a: Prayer Stone|100\/100\n|\n|-damage|p2a: The Godfeather|68\/100|[from] Salt Cure\n|upkeep\n|turn|31\n|c| Malice Incarnate|The 1 chance of killing the fat fuck\n|\n|t:|1699228603\n|move|p2a: The Godfeather|Freeze-Dry|p1a: Prayer Stone\n|-damage|p1a: Prayer Stone|80\/100\n|move|p1a: Prayer Stone|Body Press|p2a: The Godfeather\n|-damage|p2a: The Godfeather|49\/100\n|\n|-heal|p1a: Prayer Stone|87\/100|[from] item: Leftovers\n|-damage|p2a: The Godfeather|37\/100|[from] Salt Cure\n|upkeep\n|turn|32\n|\n|t:|1699228609\n|move|p2a: The Godfeather|Roost|p2a: The Godfeather\n|-heal|p2a: The Godfeather|87\/100\n|-singleturn|p2a: The Godfeather|move: Roost\n|move|p1a: Prayer Stone|Body Press|p2a: The Godfeather\n|-supereffective|p2a: The Godfeather\n|-damage|p2a: The Godfeather|44\/100\n|\n|-heal|p1a: Prayer Stone|93\/100|[from] item: Leftovers\n|-damage|p2a: The Godfeather|32\/100|[from] Salt Cure\n|upkeep\n|turn|33\n|l| Malice Incarnate\n|\n|t:|1699228622\n|move|p2a: The Godfeather|Freeze-Dry|p1a: Prayer Stone\n|-damage|p1a: Prayer Stone|72\/100\n|move|p1a: Prayer Stone|Body Press|p2a: The Godfeather\n|-damage|p2a: The Godfeather|11\/100\n|\n|-heal|p1a: Prayer Stone|78\/100|[from] item: Leftovers\n|-damage|p2a: The Godfeather|0 fnt|[from] Salt Cure\n|faint|p2a: The Godfeather\n|upkeep\n|\n|t:|1699228629\n|switch|p2a: A Madafaking T-Rex|Kyurem, tera:Dragon|3\/100\n|-ability|p2a: A Madafaking T-Rex|Pressure\n|turn|34\n|\n|t:|1699228636\n|move|p2a: A Madafaking T-Rex|Earth Power|p1a: Prayer Stone\n|-damage|p1a: Prayer Stone|35\/100\n|move|p1a: Prayer Stone|Salt Cure|p2a: A Madafaking T-Rex\n|-damage|p2a: A Madafaking T-Rex|0 fnt\n|faint|p2a: A Madafaking T-Rex\n|\n|-heal|p1a: Prayer Stone|41\/100|[from] item: Leftovers\n|upkeep\n|\n|t:|1699228643\n|switch|p2a: I Choose Violence|Darmanitan-Galar, M|2\/100\n|turn|35\n|\n|t:|1699228645\n|move|p1a: Prayer Stone|Protect|p1a: Prayer Stone\n|-singleturn|p1a: Prayer Stone|Protect\n|move|p2a: I Choose Violence|Icicle Crash|p1a: Prayer Stone\n|-activate|p1a: Prayer Stone|move: Protect\n|\n|-heal|p1a: Prayer Stone|47\/100|[from] item: Leftovers\n|upkeep\n|turn|36\n|\n|t:|1699228650\n|move|p2a: I Choose Violence|Icicle Crash|p1a: Prayer Stone\n|-damage|p1a: Prayer Stone|15\/100\n|move|p1a: Prayer Stone|Recover|p1a: Prayer Stone\n|-heal|p1a: Prayer Stone|65\/100\n|\n|-heal|p1a: Prayer Stone|71\/100|[from] item: Leftovers\n|upkeep\n|turn|37\n|\n|t:|1699228653\n|move|p2a: I Choose Violence|Icicle Crash|p1a: Prayer Stone\n|-damage|p1a: Prayer Stone|33\/100\n|move|p1a: Prayer Stone|Salt Cure|p2a: I Choose Violence\n|-supereffective|p2a: I Choose Violence\n|-damage|p2a: I Choose Violence|0 fnt\n|faint|p2a: I Choose Violence\n|\n|-heal|p1a: Prayer Stone|40\/100|[from] item: Leftovers\n|upkeep\n|\n|t:|1699228659\n|switch|p2a: Moby Thicc|Cetitan, M|18\/100\n|turn|38\n|\n|t:|1699228662\n|move|p2a: Moby Thicc|Icicle Crash|p1a: Prayer Stone\n|-damage|p1a: Prayer Stone|21\/100\n|cant|p1a: Prayer Stone|flinch\n|\n|-heal|p1a: Prayer Stone|27\/100|[from] item: Leftovers\n|upkeep\n|turn|39\n|l| Jack0lantern89\n|\n|t:|1699228667\n|move|p1a: Prayer Stone|Protect|p1a: Prayer Stone\n|-singleturn|p1a: Prayer Stone|Protect\n|move|p2a: Moby Thicc|Icicle Crash|p1a: Prayer Stone\n|-activate|p1a: Prayer Stone|move: Protect\n|\n|-heal|p1a: Prayer Stone|33\/100|[from] item: Leftovers\n|upkeep\n|turn|40\n|\n|t:|1699228668\n|move|p2a: Moby Thicc|Icicle Crash|p1a: Prayer Stone\n|-damage|p1a: Prayer Stone|14\/100\n|move|p1a: Prayer Stone|Salt Cure|p2a: Moby Thicc\n|-supereffective|p2a: Moby Thicc\n|-damage|p2a: Moby Thicc|0 fnt\n|faint|p2a: Moby Thicc\n|\n|-heal|p1a: Prayer Stone|21\/100|[from] item: Leftovers\n|upkeep\n|\n|t:|1699228673\n|switch|p2a: Chris P. Bacon|Piloswine, M|30\/100 brn\n|turn|41\n|\n|t:|1699228676\n|move|p2a: Chris P. Bacon|Earthquake|p1a: Prayer Stone\n|-damage|p1a: Prayer Stone|12\/100\n|move|p1a: Prayer Stone|Recover|p1a: Prayer Stone\n|-heal|p1a: Prayer Stone|62\/100\n|\n|-heal|p1a: Prayer Stone|68\/100|[from] item: Leftovers\n|-damage|p2a: Chris P. Bacon|24\/100 brn|[from] brn\n|upkeep\n|turn|42\n|c|\u2606Destinum|gg\n|\n|t:|1699228681\n|move|p2a: Chris P. Bacon|Earthquake|p1a: Prayer Stone\n|-damage|p1a: Prayer Stone|59\/100\n|move|p1a: Prayer Stone|Body Press|p2a: Chris P. Bacon\n|-supereffective|p2a: Chris P. Bacon\n|-damage|p2a: Chris P. Bacon|0 fnt\n|faint|p2a: Chris P. Bacon\n|\n|win|El Zappo\n|c|\u2606El Zappo|Gg\n|c|\u2606El Zappo|I'm sorry about the jax\n|c|\u2606El Zappo|Hax*\n|l| SkillzBP\n","uploadtime":1699228689,"views":7,"p1id":"elzappo","p2id":"destinum","formatid":"gen9nationaldexubers","rating":0,"private":0,"password":""}