{"id":"gen9nationaldexubers-1983922586","p1":"Darklyst","p2":"Goomy cool","format":"[Gen 9] National Dex Ubers","log":"|j|\u2606Darklyst\n|j|\u2606Goomy cool\n|t:|1699200327\n|gametype|singles\n|player|p1|Darklyst|grimsley|1321\n|player|p2|Goomy cool|lady-gen4|1274\n|teamsize|p1|6\n|teamsize|p2|6\n|gen|9\n|tier|[Gen 9] National Dex Ubers\n|rated|\n|rule|HP Percentage Mod: HP is shown in percentages\n|rule|Endless Battle Clause: Forcing endless battles is banned\n|rule|OHKO Clause: OHKO moves are banned\n|rule|Evasion Moves Clause: Evasion moves are banned\n|rule|Evasion Items Clause: Evasion items are banned\n|rule|Species Clause: Limit one of each Pok\u00e9mon\n|rule|Sleep Clause Mod: Limit one foe put to sleep\n|rule|Mega Rayquaza Clause: You cannot mega evolve Rayquaza\n|clearpoke\n|poke|p1|Blaziken, M|\n|poke|p1|Zekrom|\n|poke|p1|Landorus-Therian, M|\n|poke|p1|Slurpuff, F|\n|poke|p1|Spectrier|\n|poke|p1|Iron Bundle|\n|poke|p2|Yveltal|\n|poke|p2|Arceus-Ghost|\n|poke|p2|Deoxys-Speed|\n|poke|p2|Genesect|\n|poke|p2|Salamence, M|\n|poke|p2|Xerneas-*|\n|teampreview\n|inactive|Battle timer is ON: inactive players will automatically lose when time's up. (requested by Goomy cool)\n|\n|t:|1699200331\n|start\n|switch|p1a: Slurpuff|Slurpuff, F|100\/100\n|switch|p2a: Deoxys|Deoxys-Speed|100\/100\n|-ability|p2a: Deoxys|Pressure\n|turn|1\n|\n|t:|1699200333\n|move|p2a: Deoxys|Magic Coat|p2a: Deoxys\n|-singleturn|p2a: Deoxys|move: Magic Coat\n|move|p1a: Slurpuff|Magic Coat|p1a: Slurpuff\n|-singleturn|p1a: Slurpuff|move: Magic Coat\n|\n|upkeep\n|turn|2\n|\n|t:|1699200342\n|move|p2a: Deoxys|Magic Coat|p2a: Deoxys\n|-singleturn|p2a: Deoxys|move: Magic Coat\n|move|p1a: Slurpuff|Magic Coat|p1a: Slurpuff\n|-singleturn|p1a: Slurpuff|move: Magic Coat\n|\n|upkeep\n|turn|3\n|\n|t:|1699200349\n|move|p2a: Deoxys|Magic Coat|p2a: Deoxys\n|-singleturn|p2a: Deoxys|move: Magic Coat\n|move|p1a: Slurpuff|Magic Coat|p1a: Slurpuff\n|-singleturn|p1a: Slurpuff|move: Magic Coat\n|\n|upkeep\n|turn|4\n|c|\u2606Darklyst|I can do this all day - Steve Rogers\n|\n|t:|1699200358\n|move|p2a: Deoxys|Magic Coat|p2a: Deoxys\n|-singleturn|p2a: Deoxys|move: Magic Coat\n|move|p1a: Slurpuff|Magic Coat|p1a: Slurpuff\n|-singleturn|p1a: Slurpuff|move: Magic Coat\n|\n|upkeep\n|turn|5\n|\n|t:|1699200362\n|move|p2a: Deoxys|Magic Coat|p2a: Deoxys\n|-singleturn|p2a: Deoxys|move: Magic Coat\n|move|p1a: Slurpuff|Magic Coat|p1a: Slurpuff\n|-singleturn|p1a: Slurpuff|move: Magic Coat\n|\n|upkeep\n|turn|6\n|c|\u2606Goomy cool|same\n|c|\u2606Darklyst|LOL\n|\n|t:|1699200369\n|move|p2a: Deoxys|Magic Coat|p2a: Deoxys\n|-singleturn|p2a: Deoxys|move: Magic Coat\n|move|p1a: Slurpuff|Magic Coat|p1a: Slurpuff\n|-singleturn|p1a: Slurpuff|move: Magic Coat\n|\n|upkeep\n|turn|7\n|\n|t:|1699200376\n|move|p2a: Deoxys|Magic Coat|p2a: Deoxys\n|-singleturn|p2a: Deoxys|move: Magic Coat\n|move|p1a: Slurpuff|Magic Coat|p1a: Slurpuff\n|-singleturn|p1a: Slurpuff|move: Magic Coat\n|\n|upkeep\n|turn|8\n|\n|t:|1699200389\n|move|p2a: Deoxys|Magic Coat|p2a: Deoxys\n|-singleturn|p2a: Deoxys|move: Magic Coat\n|move|p1a: Slurpuff|Magic Coat|p1a: Slurpuff\n|-singleturn|p1a: Slurpuff|move: Magic Coat\n|\n|upkeep\n|turn|9\n|\n|t:|1699200392\n|move|p2a: Deoxys|Magic Coat|p2a: Deoxys\n|-singleturn|p2a: Deoxys|move: Magic Coat\n|move|p1a: Slurpuff|Magic Coat|p1a: Slurpuff\n|-singleturn|p1a: Slurpuff|move: Magic Coat\n|\n|upkeep\n|turn|10\n|\n|t:|1699200395\n|move|p2a: Deoxys|Magic Coat|p2a: Deoxys\n|-singleturn|p2a: Deoxys|move: Magic Coat\n|move|p1a: Slurpuff|Magic Coat|p1a: Slurpuff\n|-singleturn|p1a: Slurpuff|move: Magic Coat\n|\n|upkeep\n|turn|11\n|\n|t:|1699200398\n|move|p2a: Deoxys|Magic Coat|p2a: Deoxys\n|-singleturn|p2a: Deoxys|move: Magic Coat\n|move|p1a: Slurpuff|Magic Coat|p1a: Slurpuff\n|-singleturn|p1a: Slurpuff|move: Magic Coat\n|\n|upkeep\n|turn|12\n|\n|t:|1699200402\n|move|p2a: Deoxys|Magic Coat|p2a: Deoxys\n|-singleturn|p2a: Deoxys|move: Magic Coat\n|move|p1a: Slurpuff|Magic Coat|p1a: Slurpuff\n|-singleturn|p1a: Slurpuff|move: Magic Coat\n|\n|upkeep\n|turn|13\n|\n|t:|1699200404\n|move|p2a: Deoxys|Magic Coat|p2a: Deoxys\n|-singleturn|p2a: Deoxys|move: Magic Coat\n|move|p1a: Slurpuff|Magic Coat|p1a: Slurpuff\n|-singleturn|p1a: Slurpuff|move: Magic Coat\n|\n|upkeep\n|turn|14\n|\n|t:|1699200408\n|move|p2a: Deoxys|Magic Coat|p2a: Deoxys\n|-singleturn|p2a: Deoxys|move: Magic Coat\n|move|p1a: Slurpuff|Magic Coat|p1a: Slurpuff\n|-singleturn|p1a: Slurpuff|move: Magic Coat\n|\n|upkeep\n|turn|15\n|\n|t:|1699200411\n|move|p2a: Deoxys|Magic Coat|p2a: Deoxys\n|-singleturn|p2a: Deoxys|move: Magic Coat\n|move|p1a: Slurpuff|Magic Coat|p1a: Slurpuff\n|-singleturn|p1a: Slurpuff|move: Magic Coat\n|\n|upkeep\n|turn|16\n|\n|t:|1699200414\n|move|p2a: Deoxys|Magic Coat|p2a: Deoxys\n|-singleturn|p2a: Deoxys|move: Magic Coat\n|move|p1a: Slurpuff|Magic Coat|p1a: Slurpuff\n|-singleturn|p1a: Slurpuff|move: Magic Coat\n|\n|upkeep\n|turn|17\n|\n|t:|1699200417\n|move|p2a: Deoxys|Magic Coat|p2a: Deoxys\n|-singleturn|p2a: Deoxys|move: Magic Coat\n|move|p1a: Slurpuff|Magic Coat|p1a: Slurpuff\n|-singleturn|p1a: Slurpuff|move: Magic Coat\n|\n|upkeep\n|turn|18\n|\n|t:|1699200420\n|move|p2a: Deoxys|Magic Coat|p2a: Deoxys\n|-singleturn|p2a: Deoxys|move: Magic Coat\n|move|p1a: Slurpuff|Magic Coat|p1a: Slurpuff\n|-singleturn|p1a: Slurpuff|move: Magic Coat\n|\n|upkeep\n|turn|19\n|\n|t:|1699200424\n|move|p2a: Deoxys|Magic Coat|p2a: Deoxys\n|-singleturn|p2a: Deoxys|move: Magic Coat\n|move|p1a: Slurpuff|Magic Coat|p1a: Slurpuff\n|-singleturn|p1a: Slurpuff|move: Magic Coat\n|\n|upkeep\n|turn|20\n|\n|t:|1699200427\n|move|p2a: Deoxys|Magic Coat|p2a: Deoxys\n|-singleturn|p2a: Deoxys|move: Magic Coat\n|move|p1a: Slurpuff|Magic Coat|p1a: Slurpuff\n|-singleturn|p1a: Slurpuff|move: Magic Coat\n|\n|upkeep\n|turn|21\n|\n|t:|1699200431\n|move|p2a: Deoxys|Magic Coat|p2a: Deoxys\n|-singleturn|p2a: Deoxys|move: Magic Coat\n|move|p1a: Slurpuff|Magic Coat|p1a: Slurpuff\n|-singleturn|p1a: Slurpuff|move: Magic Coat\n|\n|upkeep\n|turn|22\n|\n|t:|1699200434\n|move|p2a: Deoxys|Magic Coat|p2a: Deoxys\n|-singleturn|p2a: Deoxys|move: Magic Coat\n|move|p1a: Slurpuff|Magic Coat|p1a: Slurpuff\n|-singleturn|p1a: Slurpuff|move: Magic Coat\n|\n|upkeep\n|turn|23\n|\n|t:|1699200438\n|move|p2a: Deoxys|Magic Coat|p2a: Deoxys\n|-singleturn|p2a: Deoxys|move: Magic Coat\n|move|p1a: Slurpuff|Magic Coat|p1a: Slurpuff\n|-singleturn|p1a: Slurpuff|move: Magic Coat\n|\n|upkeep\n|turn|24\n|\n|t:|1699200441\n|move|p2a: Deoxys|Magic Coat|p2a: Deoxys\n|-singleturn|p2a: Deoxys|move: Magic Coat\n|move|p1a: Slurpuff|Magic Coat|p1a: Slurpuff\n|-singleturn|p1a: Slurpuff|move: Magic Coat\n|\n|upkeep\n|turn|25\n|\n|t:|1699200445\n|move|p2a: Deoxys|Taunt|p1a: Slurpuff\n|-start|p1a: Slurpuff|move: Taunt\n|cant|p1a: Slurpuff|move: Taunt|Yawn\n|\n|upkeep\n|turn|26\n|c|\u2606Darklyst|rip\n|\n|t:|1699200450\n|move|p2a: Deoxys|Stealth Rock|p1a: Slurpuff\n|-sidestart|p1: Darklyst|move: Stealth Rock\n|move|p1a: Slurpuff|Misty Explosion|p2a: Deoxys\n|-damage|p2a: Deoxys|67\/100\n|faint|p1a: Slurpuff\n|\n|upkeep\n|\n|t:|1699200454\n|switch|p1a: Landorus|Landorus-Therian, M|100\/100\n|-damage|p1a: Landorus|88\/100|[from] Stealth Rock\n|-ability|p1a: Landorus|Intimidate|boost\n|-unboost|p2a: Deoxys|atk|1\n|turn|27\n|\n|t:|1699200457\n|move|p2a: Deoxys|Taunt|p1a: Landorus\n|-start|p1a: Landorus|move: Taunt\n|move|p1a: Landorus|Earthquake|p2a: Deoxys\n|-damage|p2a: Deoxys|0 fnt\n|faint|p2a: Deoxys\n|\n|upkeep\n|\n|t:|1699200467\n|switch|p2a: Salamence|Salamence, M|100\/100\n|-ability|p2a: Salamence|Intimidate|boost\n|-unboost|p1a: Landorus|atk|1\n|turn|28\n|\n|t:|1699200472\n|detailschange|p2a: Salamence|Salamence-Mega, M\n|-mega|p2a: Salamence|Salamence|Salamencite\n|move|p2a: Salamence|Dragon Dance|p2a: Salamence\n|-boost|p2a: Salamence|atk|1\n|-boost|p2a: Salamence|spe|1\n|move|p1a: Landorus|U-turn|p2a: Salamence\n|-resisted|p2a: Salamence\n|-damage|p2a: Salamence|93\/100\n|\n|t:|1699200482\n|switch|p1a: Zekrom|Zekrom|100\/100|[from] U-turn\n|-damage|p1a: Zekrom|88\/100|[from] Stealth Rock\n|-ability|p1a: Zekrom|Teravolt\n|\n|upkeep\n|turn|29\n|\n|t:|1699200484\n|move|p2a: Salamence|Earthquake|p1a: Zekrom\n|-supereffective|p1a: Zekrom\n|-damage|p1a: Zekrom|0 fnt\n|faint|p1a: Zekrom\n|\n|upkeep\n|\n|t:|1699200487\n|switch|p1a: Iron Bundle|Iron Bundle|100\/100\n|turn|30\n|\n|t:|1699200492\n|move|p2a: Salamence|Frustration|p1a: Iron Bundle\n|-damage|p1a: Iron Bundle|0 fnt\n|faint|p1a: Iron Bundle\n|-end|p1a: Iron Bundle|Quark Drive|[silent]\n|\n|upkeep\n|\n|t:|1699200495\n|switch|p1a: Spectrier|Spectrier|100\/100\n|-damage|p1a: Spectrier|88\/100|[from] Stealth Rock\n|turn|31\n|\n|t:|1699200498\n|-terastallize|p1a: Spectrier|Fairy\n|move|p2a: Salamence|Frustration|p1a: Spectrier\n|-damage|p1a: Spectrier|0 fnt\n|faint|p1a: Spectrier\n|\n|upkeep\n|\n|t:|1699200502\n|switch|p1a: Landorus|Landorus-Therian, M|88\/100\n|-damage|p1a: Landorus|76\/100|[from] Stealth Rock\n|-ability|p1a: Landorus|Intimidate|boost\n|-unboost|p2a: Salamence|atk|1\n|turn|32\n|\n|t:|1699200505\n|move|p2a: Salamence|Frustration|p1a: Landorus\n|-damage|p1a: Landorus|0 fnt\n|-damage|p2a: Salamence|77\/100|[from] item: Rocky Helmet|[of] p1a: Landorus\n|faint|p1a: Landorus\n|\n|upkeep\n|\n|t:|1699200508\n|switch|p1a: Blaziken|Blaziken, M|100\/100\n|-damage|p1a: Blaziken|88\/100|[from] Stealth Rock\n|turn|33\n|\n|t:|1699200510\n|detailschange|p1a: Blaziken|Blaziken-Mega, M\n|-mega|p1a: Blaziken|Blaziken|Blazikenite\n|move|p2a: Salamence|Dragon Dance|p2a: Salamence\n|-boost|p2a: Salamence|atk|1\n|-boost|p2a: Salamence|spe|1\n|move|p1a: Blaziken|Stone Edge|p2a: Salamence\n|-supereffective|p2a: Salamence\n|-damage|p2a: Salamence|6\/100\n|\n|-ability|p1a: Blaziken|Speed Boost|boost\n|-boost|p1a: Blaziken|spe|1\n|upkeep\n|turn|34\n|\n|t:|1699200519\n|move|p2a: Salamence|Frustration|p1a: Blaziken\n|-supereffective|p1a: Blaziken\n|-damage|p1a: Blaziken|0 fnt\n|faint|p1a: Blaziken\n|\n|win|Goomy cool\n|raw|Darklyst's rating: 1321 &rarr; <strong>1298<\/strong><br \/>(-23 for losing)\n|raw|Goomy cool's rating: 1274 &rarr; <strong>1302<\/strong><br \/>(+28 for winning)\n|c|\u2606Goomy cool|gg\n|c|\u2606Darklyst|GG\n|l|\u2606Darklyst\n","uploadtime":1699200530,"views":4,"p1id":"darklyst","p2id":"goomycool","formatid":"gen9nationaldexubers","rating":1298,"private":0,"password":""}