{"id":"gen9nationaldexubers-1988698522","p1":"Djujao","p2":"Ginesect","format":"[Gen 9] National Dex Ubers","log":"|j|\u2606Djujao\n|j|\u2606Ginesect\n|t:|1699752070\n|gametype|singles\n|player|p1|Djujao|pilot|\n|player|p2|Ginesect|cynthia|\n|teamsize|p1|6\n|teamsize|p2|6\n|gen|9\n|tier|[Gen 9] National Dex Ubers\n|rule|HP Percentage Mod: HP is shown in percentages\n|rule|Endless Battle Clause: Forcing endless battles is banned\n|rule|OHKO Clause: OHKO moves are banned\n|rule|Evasion Moves Clause: Evasion moves are banned\n|rule|Evasion Items Clause: Evasion items are banned\n|rule|Species Clause: Limit one of each Pok\u00e9mon\n|rule|Sleep Clause Mod: Limit one foe put to sleep\n|rule|Mega Rayquaza Clause: You cannot mega evolve Rayquaza\n|clearpoke\n|poke|p1|Ribombee, M|\n|poke|p1|Gholdengo|\n|poke|p1|Great Tusk|\n|poke|p1|Manaphy|\n|poke|p1|Ogerpon-Cornerstone, F|\n|poke|p1|Rotom-Heat|\n|poke|p2|Chien-Pao|\n|poke|p2|Mandibuzz, F|\n|poke|p2|Mawile, M|\n|poke|p2|Sableye, M|\n|poke|p2|Greninja-*, M|\n|poke|p2|Ting-Lu|\n|teampreview\n|c|\u2606Djujao|glhf!\n|\n|t:|1699752094\n|start\n|switch|p1a: Ribombee|Ribombee, M|100\/100\n|switch|p2a: Ting-Lu|Ting-Lu|100\/100\n|-ability|p2a: Ting-Lu|Vessel of Ruin\n|turn|1\n|c|\u2606Ginesect|gl\n|\n|t:|1699752105\n|move|p1a: Ribombee|Sticky Web|p2a: Ting-Lu\n|-sidestart|p2: Ginesect|move: Sticky Web\n|move|p2a: Ting-Lu|Stealth Rock|p1a: Ribombee\n|-sidestart|p1: Djujao|move: Stealth Rock\n|\n|upkeep\n|turn|2\n|\n|t:|1699752119\n|move|p1a: Ribombee|Reflect|p1a: Ribombee\n|-sidestart|p1: Djujao|Reflect\n|move|p2a: Ting-Lu|Whirlwind|p1a: Ribombee\n|drag|p1a: Rotom|Rotom-Heat|100\/100\n|\n|upkeep\n|turn|3\n|\n|t:|1699752146\n|switch|p2a: Mandibuzz|Mandibuzz, F|100\/100\n|move|p1a: Rotom|Will-O-Wisp|p2a: Mandibuzz\n|-status|p2a: Mandibuzz|brn\n|\n|-damage|p2a: Mandibuzz|94\/100 brn|[from] brn\n|upkeep\n|turn|4\n|\n|t:|1699752156\n|move|p1a: Rotom|Volt Switch|p2a: Mandibuzz\n|-supereffective|p2a: Mandibuzz\n|-damage|p2a: Mandibuzz|50\/100 brn\n|\n|t:|1699752170\n|switch|p1a: Ribombee|Ribombee, M|100\/100|[from] Volt Switch\n|-damage|p1a: Ribombee|76\/100|[from] Stealth Rock\n|move|p2a: Mandibuzz|Defog|p1a: Ribombee\n|-unboost|p1a: Ribombee|evasion|1\n|-sideend|p1: Djujao|Reflect\n|-sideend|p1: Djujao|Stealth Rock|[from] move: Defog|[of] p2a: Mandibuzz\n|-sideend|p2: Ginesect|Sticky Web|[from] move: Defog|[of] p2a: Mandibuzz\n|\n|-damage|p2a: Mandibuzz|44\/100 brn|[from] brn\n|upkeep\n|turn|5\n|\n|t:|1699752186\n|switch|p2a: Mawile|Mawile, M|100\/100\n|-ability|p2a: Mawile|Intimidate|boost\n|-unboost|p1a: Ribombee|atk|1\n|move|p1a: Ribombee|Moonblast|p2a: Mawile\n|-resisted|p2a: Mawile\n|-damage|p2a: Mawile|66\/100\n|\n|upkeep\n|turn|6\n|\n|t:|1699752193\n|detailschange|p2a: Mawile|Mawile-Mega, M\n|-mega|p2a: Mawile|Mawile|Mawilite\n|move|p1a: Ribombee|Sticky Web|p2a: Mawile\n|-sidestart|p2: Ginesect|move: Sticky Web\n|move|p2a: Mawile|Iron Head|p1a: Ribombee\n|-supereffective|p1a: Ribombee\n|-damage|p1a: Ribombee|0 fnt\n|faint|p1a: Ribombee\n|\n|upkeep\n|\n|t:|1699752214\n|switch|p1a: Rotom|Rotom-Heat|100\/100\n|turn|7\n|\n|t:|1699752234\n|switch|p2a: Ting-Lu|Ting-Lu|100\/100\n|-activate|p2a: Ting-Lu|move: Sticky Web\n|-unboost|p2a: Ting-Lu|spe|1\n|-ability|p2a: Ting-Lu|Vessel of Ruin\n|move|p1a: Rotom|Volt Switch|p2a: Ting-Lu\n|-immune|p2a: Ting-Lu\n|\n|upkeep\n|turn|8\n|\n|t:|1699752242\n|move|p1a: Rotom|Will-O-Wisp|p2a: Ting-Lu\n|-status|p2a: Ting-Lu|brn\n|move|p2a: Ting-Lu|Whirlwind|p1a: Rotom\n|drag|p1a: Manaphy|Manaphy|100\/100\n|\n|-damage|p2a: Ting-Lu|94\/100 brn|[from] brn\n|upkeep\n|turn|9\n|\n|t:|1699752252\n|move|p1a: Manaphy|Scald|p2a: Ting-Lu\n|-supereffective|p2a: Ting-Lu\n|-damage|p2a: Ting-Lu|61\/100 brn\n|move|p2a: Ting-Lu|Stealth Rock|p1a: Manaphy\n|-sidestart|p1: Djujao|move: Stealth Rock\n|\n|-heal|p2a: Ting-Lu|67\/100 brn|[from] item: Leftovers\n|-damage|p2a: Ting-Lu|61\/100 brn|[from] brn\n|upkeep\n|turn|10\n|\n|t:|1699752266\n|move|p1a: Manaphy|Energy Ball|p2a: Ting-Lu\n|-supereffective|p2a: Ting-Lu\n|-damage|p2a: Ting-Lu|38\/100 brn\n|move|p2a: Ting-Lu|Whirlwind|p1a: Manaphy\n|drag|p1a: Rotom|Rotom-Heat|100\/100\n|\n|-heal|p2a: Ting-Lu|44\/100 brn|[from] item: Leftovers\n|-damage|p2a: Ting-Lu|38\/100 brn|[from] brn\n|upkeep\n|turn|11\n|\n|t:|1699752279\n|move|p2a: Ting-Lu|Protect|p2a: Ting-Lu\n|-singleturn|p2a: Ting-Lu|Protect\n|move|p1a: Rotom|Overheat|p2a: Ting-Lu\n|-activate|p2a: Ting-Lu|move: Protect\n|\n|-heal|p2a: Ting-Lu|44\/100 brn|[from] item: Leftovers\n|-damage|p2a: Ting-Lu|38\/100 brn|[from] brn\n|upkeep\n|turn|12\n|\n|t:|1699752302\n|move|p1a: Rotom|Overheat|p2a: Ting-Lu|[miss]\n|-miss|p1a: Rotom|p2a: Ting-Lu\n|move|p2a: Ting-Lu|Whirlwind|p1a: Rotom\n|drag|p1a: Great Tusk|Great Tusk|100\/100\n|-damage|p1a: Great Tusk|98\/100|[from] Stealth Rock\n|-enditem|p1a: Great Tusk|Booster Energy\n|-activate|p1a: Great Tusk|ability: Protosynthesis|[fromitem]\n|-start|p1a: Great Tusk|protosynthesisspe\n|\n|-heal|p2a: Ting-Lu|44\/100 brn|[from] item: Leftovers\n|-damage|p2a: Ting-Lu|38\/100 brn|[from] brn\n|upkeep\n|turn|13\n|\n|t:|1699752317\n|switch|p2a: Mandibuzz|Mandibuzz, F|44\/100 brn\n|move|p1a: Great Tusk|Close Combat|p2a: Mandibuzz\n|-damage|p2a: Mandibuzz|13\/100 brn\n|-unboost|p1a: Great Tusk|def|1\n|-unboost|p1a: Great Tusk|spd|1\n|\n|-damage|p2a: Mandibuzz|7\/100 brn|[from] brn\n|upkeep\n|turn|14\n|\n|t:|1699752326\n|switch|p2a: Sableye|Sableye, M|100\/100\n|-activate|p2a: Sableye|move: Sticky Web\n|-unboost|p2a: Sableye|spe|1\n|move|p1a: Great Tusk|Play Rough|p2a: Sableye\n|-supereffective|p2a: Sableye\n|-damage|p2a: Sableye|29\/100\n|\n|-heal|p2a: Sableye|36\/100|[from] item: Leftovers\n|upkeep\n|turn|15\n|\n|t:|1699752336\n|move|p2a: Sableye|Will-O-Wisp|p1a: Great Tusk\n|-status|p1a: Great Tusk|brn\n|move|p1a: Great Tusk|Earthquake|p2a: Sableye\n|-damage|p2a: Sableye|6\/100\n|\n|-heal|p2a: Sableye|12\/100|[from] item: Leftovers\n|-damage|p1a: Great Tusk|91\/100 brn|[from] brn\n|upkeep\n|turn|16\n|\n|t:|1699752344\n|move|p2a: Sableye|Recover|p2a: Sableye\n|-heal|p2a: Sableye|62\/100\n|move|p1a: Great Tusk|Play Rough|p2a: Sableye\n|-supereffective|p2a: Sableye\n|-damage|p2a: Sableye|26\/100\n|-unboost|p2a: Sableye|atk|1\n|\n|-heal|p2a: Sableye|33\/100|[from] item: Leftovers\n|-damage|p1a: Great Tusk|85\/100 brn|[from] brn\n|upkeep\n|turn|17\n|\n|t:|1699752354\n|move|p2a: Sableye|Recover|p2a: Sableye\n|-heal|p2a: Sableye|83\/100\n|move|p1a: Great Tusk|Bulk Up|p1a: Great Tusk\n|-boost|p1a: Great Tusk|atk|1\n|-boost|p1a: Great Tusk|def|1\n|\n|-heal|p2a: Sableye|89\/100|[from] item: Leftovers\n|-damage|p1a: Great Tusk|79\/100 brn|[from] brn\n|upkeep\n|turn|18\n|\n|t:|1699752362\n|move|p2a: Sableye|Encore|p1a: Great Tusk\n|-start|p1a: Great Tusk|Encore\n|move|p1a: Great Tusk|Bulk Up|p1a: Great Tusk\n|-boost|p1a: Great Tusk|atk|1\n|-boost|p1a: Great Tusk|def|1\n|\n|-heal|p2a: Sableye|95\/100|[from] item: Leftovers\n|-damage|p1a: Great Tusk|73\/100 brn|[from] brn\n|upkeep\n|turn|19\n|\n|t:|1699752370\n|move|p1a: Great Tusk|Bulk Up|p1a: Great Tusk\n|-boost|p1a: Great Tusk|atk|1\n|-boost|p1a: Great Tusk|def|1\n|move|p2a: Sableye|Night Shade|p1a: Great Tusk\n|-damage|p1a: Great Tusk|46\/100 brn\n|\n|-heal|p2a: Sableye|100\/100|[from] item: Leftovers\n|-damage|p1a: Great Tusk|40\/100 brn|[from] brn\n|upkeep\n|turn|20\n|\n|t:|1699752378\n|move|p1a: Great Tusk|Bulk Up|p1a: Great Tusk\n|-boost|p1a: Great Tusk|atk|1\n|-boost|p1a: Great Tusk|def|1\n|move|p2a: Sableye|Night Shade|p1a: Great Tusk\n|-damage|p1a: Great Tusk|13\/100 brn\n|\n|-damage|p1a: Great Tusk|6\/100 brn|[from] brn\n|-end|p1a: Great Tusk|Encore\n|upkeep\n|turn|21\n|\n|t:|1699752389\n|move|p1a: Great Tusk|Play Rough|p2a: Sableye\n|-supereffective|p2a: Sableye\n|-damage|p2a: Sableye|0 fnt\n|faint|p2a: Sableye\n|\n|-damage|p1a: Great Tusk|0 fnt|[from] brn\n|faint|p1a: Great Tusk\n|-end|p1a: Great Tusk|Protosynthesis|[silent]\n|upkeep\n|\n|t:|1699752405\n|switch|p1a: Ogerpon|Ogerpon-Cornerstone, F|100\/100\n|switch|p2a: Greninja|Greninja, M|100\/100\n|-activate|p2a: Greninja|move: Sticky Web\n|-unboost|p2a: Greninja|spe|1\n|-damage|p1a: Ogerpon|88\/100|[from] Stealth Rock\n|turn|22\n|\n|t:|1699752422\n|switch|p2a: Mandibuzz|Mandibuzz, F|7\/100 brn\n|move|p1a: Ogerpon|Horn Leech|p2a: Mandibuzz\n|-resisted|p2a: Mandibuzz\n|-damage|p2a: Mandibuzz|0 fnt\n|-heal|p1a: Ogerpon|93\/100|[from] drain|[of] p2a: Mandibuzz\n|faint|p2a: Mandibuzz\n|\n|upkeep\n|\n|t:|1699752431\n|switch|p2a: Mawile|Mawile-Mega, M|66\/100\n|-activate|p2a: Mawile|move: Sticky Web\n|-unboost|p2a: Mawile|spe|1\n|turn|23\n|\n|t:|1699752436\n|move|p1a: Ogerpon|Spiky Shield|p1a: Ogerpon\n|-singleturn|p1a: Ogerpon|move: Protect\n|move|p2a: Mawile|Iron Head|p1a: Ogerpon\n|-activate|p1a: Ogerpon|move: Protect\n|-damage|p2a: Mawile|53\/100|[from] Spiky Shield|[of] p1a: Ogerpon\n|\n|upkeep\n|turn|24\n|\n|t:|1699752444\n|switch|p1a: Rotom|Rotom-Heat|100\/100\n|move|p2a: Mawile|Swords Dance|p2a: Mawile\n|-boost|p2a: Mawile|atk|2\n|\n|upkeep\n|turn|25\n|\n|t:|1699752455\n|move|p1a: Rotom|Overheat|p2a: Mawile\n|-supereffective|p2a: Mawile\n|-damage|p2a: Mawile|0 fnt\n|-unboost|p1a: Rotom|spa|2\n|faint|p2a: Mawile\n|\n|upkeep\n|\n|t:|1699752458\n|switch|p2a: Greninja|Greninja, M|100\/100\n|-activate|p2a: Greninja|move: Sticky Web\n|-unboost|p2a: Greninja|spe|1\n|turn|26\n|\n|t:|1699752464\n|move|p2a: Greninja|Hydro Pump|p1a: Rotom\n|-supereffective|p1a: Rotom\n|-damage|p1a: Rotom|6\/100\n|move|p1a: Rotom|Volt Switch|p2a: Greninja\n|-supereffective|p2a: Greninja\n|-damage|p2a: Greninja|60\/100\n|c|\u2606Ginesect|ah shit\n|\n|t:|1699752471\n|switch|p1a: Manaphy|Manaphy|100\/100|[from] Volt Switch\n|-damage|p1a: Manaphy|88\/100|[from] Stealth Rock\n|\n|-heal|p1a: Manaphy|94\/100|[from] item: Leftovers\n|upkeep\n|turn|27\n|c|\u2606Ginesect|gg\n|c|\u2606Djujao|i can easily blow this\n|\n|t:|1699752490\n|switch|p2a: Ting-Lu|Ting-Lu|38\/100 brn\n|-activate|p2a: Ting-Lu|move: Sticky Web\n|-unboost|p2a: Ting-Lu|spe|1\n|-ability|p2a: Ting-Lu|Vessel of Ruin\n|move|p1a: Manaphy|Tail Glow|p1a: Manaphy\n|-boost|p1a: Manaphy|spa|3\n|\n|-heal|p1a: Manaphy|100\/100|[from] item: Leftovers\n|-heal|p2a: Ting-Lu|44\/100 brn|[from] item: Leftovers\n|-damage|p2a: Ting-Lu|38\/100 brn|[from] brn\n|upkeep\n|turn|28\n|\n|t:|1699752502\n|move|p1a: Manaphy|Scald|p2a: Ting-Lu\n|-supereffective|p2a: Ting-Lu\n|-damage|p2a: Ting-Lu|0 fnt\n|faint|p2a: Ting-Lu\n|\n|upkeep\n|\n|t:|1699752506\n|switch|p2a: Chien-Pao|Chien-Pao|100\/100\n|-activate|p2a: Chien-Pao|move: Sticky Web\n|-unboost|p2a: Chien-Pao|spe|1\n|-ability|p2a: Chien-Pao|Sword of Ruin\n|turn|29\n|\n|t:|1699752514\n|-terastallize|p2a: Chien-Pao|Dark\n|move|p2a: Chien-Pao|Sucker Punch|p1a: Manaphy\n|-damage|p1a: Manaphy|24\/100\n|move|p1a: Manaphy|Dazzling Gleam|p2a: Chien-Pao\n|-supereffective|p2a: Chien-Pao\n|-damage|p2a: Chien-Pao|0 fnt\n|faint|p2a: Chien-Pao\n|\n|-heal|p1a: Manaphy|30\/100|[from] item: Leftovers\n|upkeep\n|c|\u2606Ginesect|gg\n|\n|t:|1699752522\n|switch|p2a: Greninja|Greninja, M|60\/100\n|-activate|p2a: Greninja|move: Sticky Web\n|-unboost|p2a: Greninja|spe|1\n|turn|30\n|c|\u2606Djujao|gg\n|\n|t:|1699752527\n|move|p2a: Greninja|Dark Pulse|p1a: Manaphy\n|-damage|p1a: Manaphy|3\/100\n|move|p1a: Manaphy|Energy Ball|p2a: Greninja\n|-supereffective|p2a: Greninja\n|-damage|p2a: Greninja|0 fnt\n|faint|p2a: Greninja\n|\n|win|Djujao\n","uploadtime":1699752534,"views":6,"p1id":"djujao","p2id":"ginesect","formatid":"gen9nationaldexubers","rating":0,"private":0,"password":""}