{"id":"gen9nationaldexubers-1979888863","p1":"Ginesect","p2":"AlolanSandslashOU","format":"[Gen 9] National Dex Ubers","log":"|j|\u2606Ginesect\n|j|\u2606AlolanSandslashOU\n|t:|1698724695\n|gametype|singles\n|player|p1|Ginesect|leon-masters|\n|player|p2|AlolanSandslashOU|volkner|\n|teamsize|p1|6\n|teamsize|p2|6\n|gen|9\n|tier|[Gen 9] National Dex Ubers\n|rule|HP Percentage Mod: HP is shown in percentages\n|rule|Endless Battle Clause: Forcing endless battles is banned\n|rule|OHKO Clause: OHKO moves are banned\n|rule|Evasion Moves Clause: Evasion moves are banned\n|rule|Evasion Items Clause: Evasion items are banned\n|rule|Species Clause: Limit one of each Pok\u00e9mon\n|rule|Sleep Clause Mod: Limit one foe put to sleep\n|rule|Mega Rayquaza Clause: You cannot mega evolve Rayquaza\n|clearpoke\n|poke|p1|Roaring Moon|\n|poke|p1|Ribombee, M|\n|poke|p1|Diancie|\n|poke|p1|Ogerpon-Wellspring, F|\n|poke|p1|Gholdengo|\n|poke|p1|Great Tusk|\n|poke|p2|Tyranitar, M|\n|poke|p2|Excadrill, F|\n|poke|p2|Dracozolt|\n|poke|p2|Enamorus-Therian, F|\n|poke|p2|Amoonguss, M|\n|poke|p2|Garganacl, F|\n|teampreview\n|c|\u2606Ginesect|No cornerstone\n|c|\u2606Ginesect|?\n|c|\u2606Ginesect|Sad\n|\n|t:|1698724737\n|start\n|switch|p1a: Ribombee|Ribombee, M|100\/100\n|switch|p2a: Tyranitar|Tyranitar, M|100\/100\n|-weather|Sandstorm|[from] ability: Sand Stream|[of] p2a: Tyranitar\n|turn|1\n|\n|t:|1698724754\n|switch|p2a: Excadrill|Excadrill, F|100\/100\n|move|p1a: Ribombee|Sticky Web|p2a: Excadrill\n|-sidestart|p2: AlolanSandslashOU|move: Sticky Web\n|\n|-weather|Sandstorm|[upkeep]\n|-damage|p1a: Ribombee|94\/100|[from] Sandstorm\n|upkeep\n|turn|2\n|\n|t:|1698724762\n|switch|p1a: Gholdengo|Gholdengo|100\/100\n|-item|p1a: Gholdengo|Air Balloon\n|move|p2a: Excadrill|Rapid Spin|p1a: Gholdengo\n|-immune|p1a: Gholdengo\n|\n|-weather|Sandstorm|[upkeep]\n|upkeep\n|turn|3\n|\n|t:|1698724774\n|switch|p2a: Enamorus|Enamorus-Therian, F|100\/100\n|move|p1a: Gholdengo|Shadow Ball|p2a: Enamorus\n|-damage|p2a: Enamorus|65\/100\n|\n|-weather|Sandstorm|[upkeep]\n|-heal|p2a: Enamorus|71\/100|[from] item: Leftovers\n|upkeep\n|turn|4\n|\n|t:|1698724788\n|switch|p2a: Dracozolt|Dracozolt|100\/100\n|-activate|p2a: Dracozolt|move: Sticky Web\n|-unboost|p2a: Dracozolt|spe|1\n|move|p1a: Gholdengo|Make It Rain|p2a: Dracozolt\n|-resisted|p2a: Dracozolt\n|-damage|p2a: Dracozolt|55\/100\n|-unboost|p1a: Gholdengo|spa|1\n|\n|-weather|Sandstorm|[upkeep]\n|upkeep\n|turn|5\n|j| Hadesrfx\n|\n|t:|1698724817\n|switch|p2a: Garganacl|Garganacl, F|100\/100\n|-activate|p2a: Garganacl|move: Sticky Web\n|-unboost|p2a: Garganacl|spe|1\n|switch|p1a: Great Tusk|Great Tusk|100\/100\n|\n|-weather|none\n|upkeep\n|turn|6\n|\n|t:|1698724821\n|switch|p2a: Tyranitar|Tyranitar, M|100\/100\n|-activate|p2a: Tyranitar|move: Sticky Web\n|-unboost|p2a: Tyranitar|spe|1\n|-weather|Sandstorm|[from] ability: Sand Stream|[of] p2a: Tyranitar\n|move|p1a: Great Tusk|Knock Off|p2a: Tyranitar\n|-resisted|p2a: Tyranitar\n|-damage|p2a: Tyranitar|91\/100\n|\n|-weather|Sandstorm|[upkeep]\n|upkeep\n|turn|7\n|\n|t:|1698724827\n|switch|p2a: Amoonguss|Amoonguss, M|100\/100\n|-activate|p2a: Amoonguss|move: Sticky Web\n|-unboost|p2a: Amoonguss|spe|1\n|move|p1a: Great Tusk|Stealth Rock|p2a: Amoonguss\n|-sidestart|p2: AlolanSandslashOU|move: Stealth Rock\n|\n|-weather|Sandstorm|[upkeep]\n|-damage|p2a: Amoonguss|94\/100|[from] Sandstorm\n|upkeep\n|turn|8\n|\n|t:|1698724837\n|-end|p1a: Great Tusk|Protosynthesis|[silent]\n|switch|p1a: Gholdengo|Gholdengo|100\/100\n|-item|p1a: Gholdengo|Air Balloon\n|move|p2a: Amoonguss|Spore|p1a: Gholdengo\n|-immune|p1a: Gholdengo|[from] ability: Good as Gold\n|\n|-weather|Sandstorm|[upkeep]\n|-damage|p2a: Amoonguss|88\/100|[from] Sandstorm\n|upkeep\n|turn|9\n|\n|t:|1698724849\n|move|p1a: Gholdengo|Thunder Wave|p2a: Amoonguss|[miss]\n|-miss|p1a: Gholdengo|p2a: Amoonguss\n|move|p2a: Amoonguss|Foul Play|p1a: Gholdengo\n|-supereffective|p1a: Gholdengo\n|-damage|p1a: Gholdengo|76\/100\n|-enditem|p1a: Gholdengo|Air Balloon\n|\n|-weather|Sandstorm|[upkeep]\n|-damage|p2a: Amoonguss|82\/100|[from] Sandstorm\n|upkeep\n|turn|10\n|\n|t:|1698724858\n|switch|p2a: Excadrill|Excadrill, F|100\/100\n|-activate|p2a: Excadrill|move: Sticky Web\n|-unboost|p2a: Excadrill|spe|1\n|-damage|p2a: Excadrill|97\/100|[from] Stealth Rock\n|move|p1a: Gholdengo|Nasty Plot|p1a: Gholdengo\n|-boost|p1a: Gholdengo|spa|2\n|\n|-weather|none\n|-heal|p2a: Excadrill|100\/100|[from] item: Leftovers\n|upkeep\n|turn|11\n|\n|t:|1698724876\n|switch|p2a: Tyranitar|Tyranitar, M|91\/100\n|-activate|p2a: Tyranitar|move: Sticky Web\n|-unboost|p2a: Tyranitar|spe|1\n|-damage|p2a: Tyranitar|78\/100|[from] Stealth Rock\n|-weather|Sandstorm|[from] ability: Sand Stream|[of] p2a: Tyranitar\n|-terastallize|p1a: Gholdengo|Fairy\n|move|p1a: Gholdengo|Shadow Ball|p2a: Tyranitar\n|-resisted|p2a: Tyranitar\n|-damage|p2a: Tyranitar|51\/100\n|\n|-weather|Sandstorm|[upkeep]\n|-damage|p1a: Gholdengo|70\/100|[from] Sandstorm\n|upkeep\n|turn|12\n|c|\u2606Ginesect|Aw man\n|\n|t:|1698724894\n|switch|p2a: Excadrill|Excadrill, F|100\/100\n|-activate|p2a: Excadrill|move: Sticky Web\n|-unboost|p2a: Excadrill|spe|1\n|-damage|p2a: Excadrill|97\/100|[from] Stealth Rock\n|move|p1a: Gholdengo|Make It Rain|p2a: Excadrill\n|-resisted|p2a: Excadrill\n|-damage|p2a: Excadrill|8\/100\n|-unboost|p1a: Gholdengo|spa|1\n|\n|-weather|Sandstorm|[upkeep]\n|-damage|p1a: Gholdengo|64\/100|[from] Sandstorm\n|-heal|p2a: Excadrill|14\/100|[from] item: Leftovers\n|upkeep\n|turn|13\n|\n|t:|1698724900\n|move|p2a: Excadrill|Iron Head|p1a: Gholdengo\n|-supereffective|p1a: Gholdengo\n|-damage|p1a: Gholdengo|0 fnt\n|faint|p1a: Gholdengo\n|\n|-weather|Sandstorm|[upkeep]\n|-heal|p2a: Excadrill|20\/100|[from] item: Leftovers\n|upkeep\n|\n|t:|1698724934\n|switch|p1a: Great Tusk|Great Tusk|100\/100\n|turn|14\n|\n|t:|1698724942\n|move|p2a: Excadrill|Rapid Spin|p1a: Great Tusk\n|-damage|p1a: Great Tusk|90\/100\n|-boost|p2a: Excadrill|spe|1\n|-sideend|p2: AlolanSandslashOU|Stealth Rock|[from] move: Rapid Spin|[of] p2a: Excadrill\n|-sideend|p2: AlolanSandslashOU|Sticky Web|[from] move: Rapid Spin|[of] p2a: Excadrill\n|move|p1a: Great Tusk|Earthquake|p2a: Excadrill\n|-supereffective|p2a: Excadrill\n|-damage|p2a: Excadrill|0 fnt\n|faint|p2a: Excadrill\n|\n|-weather|Sandstorm|[upkeep]\n|upkeep\n|\n|t:|1698724959\n|switch|p2a: Garganacl|Garganacl, F|100\/100\n|turn|15\n|\n|t:|1698724965\n|move|p1a: Great Tusk|Knock Off|p2a: Garganacl\n|-damage|p2a: Garganacl|77\/100\n|-enditem|p2a: Garganacl|Leftovers|[from] move: Knock Off|[of] p1a: Great Tusk\n|move|p2a: Garganacl|Iron Defense|p2a: Garganacl\n|-boost|p2a: Garganacl|def|2\n|\n|-weather|none\n|upkeep\n|turn|16\n|\n|t:|1698724977\n|-end|p1a: Great Tusk|Protosynthesis|[silent]\n|switch|p1a: Diancie|Diancie|100\/100\n|switch|p2a: Tyranitar|Tyranitar, M|51\/100\n|-weather|Sandstorm|[from] ability: Sand Stream|[of] p2a: Tyranitar\n|\n|-weather|Sandstorm|[upkeep]\n|upkeep\n|turn|17\n|l| Hadesrfx\n|\n|t:|1698724982\n|switch|p2a: Amoonguss|Amoonguss, M|100\/100\n|detailschange|p1a: Diancie|Diancie-Mega\n|-mega|p1a: Diancie|Diancie|Diancite\n|move|p1a: Diancie|Earth Power|p2a: Amoonguss\n|-damage|p2a: Amoonguss|74\/100\n|-enditem|p2a: Amoonguss|Eject Button\n|\n|t:|1698724989\n|switch|p2a: Dracozolt|Dracozolt|55\/100\n|\n|-weather|Sandstorm|[upkeep]\n|upkeep\n|turn|18\n|\n|t:|1698724999\n|switch|p2a: Amoonguss|Amoonguss, M|100\/100\n|switch|p1a: Great Tusk|Great Tusk|90\/100\n|\n|-weather|Sandstorm|[upkeep]\n|-damage|p2a: Amoonguss|94\/100|[from] Sandstorm\n|upkeep\n|turn|19\n|\n|t:|1698725006\n|-end|p1a: Great Tusk|Protosynthesis|[silent]\n|switch|p1a: Diancie|Diancie-Mega|100\/100\n|move|p2a: Amoonguss|Spore|p1a: Diancie\n|move|p1a: Diancie|Spore|p2a: Amoonguss|[from]ability: Magic Bounce\n|-immune|p2a: Amoonguss\n|\n|-weather|Sandstorm|[upkeep]\n|-damage|p2a: Amoonguss|88\/100|[from] Sandstorm\n|upkeep\n|turn|20\n|\n|t:|1698725022\n|switch|p2a: Enamorus|Enamorus-Therian, F|71\/100\n|move|p1a: Diancie|Mystical Fire|p2a: Enamorus\n|-damage|p2a: Enamorus|46\/100\n|-unboost|p2a: Enamorus|spa|1\n|\n|-weather|none\n|-heal|p2a: Enamorus|52\/100|[from] item: Leftovers\n|upkeep\n|turn|21\n|\n|t:|1698725027\n|switch|p2a: Tyranitar|Tyranitar, M|51\/100\n|-weather|Sandstorm|[from] ability: Sand Stream|[of] p2a: Tyranitar\n|move|p1a: Diancie|Power Gem|p2a: Tyranitar\n|-damage|p2a: Tyranitar|19\/100\n|\n|-weather|Sandstorm|[upkeep]\n|upkeep\n|turn|22\n|c|\u2606Ginesect|So much switchin lmao\n|\n|t:|1698725040\n|move|p1a: Diancie|Moonblast|p2a: Tyranitar\n|-supereffective|p2a: Tyranitar\n|-damage|p2a: Tyranitar|0 fnt\n|faint|p2a: Tyranitar\n|\n|-weather|Sandstorm|[upkeep]\n|upkeep\n|\n|t:|1698725048\n|switch|p2a: Garganacl|Garganacl, F|77\/100\n|turn|23\n|\n|t:|1698725059\n|-terastallize|p2a: Garganacl|Fairy\n|move|p1a: Diancie|Earth Power|p2a: Garganacl\n|-damage|p2a: Garganacl|51\/100\n|move|p2a: Garganacl|Iron Defense|p2a: Garganacl\n|-boost|p2a: Garganacl|def|2\n|\n|-weather|Sandstorm|[upkeep]\n|-damage|p2a: Garganacl|45\/100|[from] Sandstorm\n|upkeep\n|turn|24\n|\n|t:|1698725064\n|move|p1a: Diancie|Moonblast|p2a: Garganacl\n|-damage|p2a: Garganacl|1\/100\n|move|p2a: Garganacl|Recover|p2a: Garganacl\n|-heal|p2a: Garganacl|51\/100\n|\n|-weather|Sandstorm|[upkeep]\n|-damage|p2a: Garganacl|45\/100|[from] Sandstorm\n|upkeep\n|turn|25\n|\n|t:|1698725068\n|move|p1a: Diancie|Moonblast|p2a: Garganacl\n|-damage|p2a: Garganacl|0 fnt\n|faint|p2a: Garganacl\n|\n|-weather|none\n|upkeep\n|c|\u2606Ginesect|gg\n|c|\u2606AlolanSandslashOU|Yeah gg\n|c|\u2606AlolanSandslashOU|I wanted to test the team out first but you didn't wanna wait :shrug:\n|\n|t:|1698725108\n|switch|p2a: Amoonguss|Amoonguss, M|100\/100\n|turn|26\n|\n|t:|1698725120\n|switch|p2a: Enamorus|Enamorus-Therian, F|52\/100\n|move|p1a: Diancie|Mystical Fire|p2a: Enamorus\n|-damage|p2a: Enamorus|29\/100\n|-unboost|p2a: Enamorus|spa|1\n|\n|-heal|p2a: Enamorus|35\/100|[from] item: Leftovers\n|upkeep\n|turn|27\n|\n|t:|1698725123\n|move|p1a: Diancie|Moonblast|p2a: Enamorus\n|-damage|p2a: Enamorus|0 fnt\n|faint|p2a: Enamorus\n|\n|upkeep\n|\n|t:|1698725126\n|switch|p2a: Dracozolt|Dracozolt|55\/100\n|turn|28\n|\n|t:|1698725129\n|move|p1a: Diancie|Moonblast|p2a: Dracozolt\n|-supereffective|p2a: Dracozolt\n|-damage|p2a: Dracozolt|0 fnt\n|faint|p2a: Dracozolt\n|\n|upkeep\n|\n|t:|1698725131\n|switch|p2a: Amoonguss|Amoonguss, M|100\/100\n|turn|29\n|\n|t:|1698725137\n|move|p1a: Diancie|Mystical Fire|p2a: Amoonguss\n|-supereffective|p2a: Amoonguss\n|-damage|p2a: Amoonguss|58\/100\n|-unboost|p2a: Amoonguss|spa|1\n|move|p2a: Amoonguss|Foul Play|p1a: Diancie\n|-resisted|p1a: Diancie\n|-damage|p1a: Diancie|82\/100\n|\n|upkeep\n|turn|30\n|\n|t:|1698725141\n|move|p1a: Diancie|Mystical Fire|p2a: Amoonguss\n|-supereffective|p2a: Amoonguss\n|-damage|p2a: Amoonguss|17\/100\n|-unboost|p2a: Amoonguss|spa|1\n|move|p2a: Amoonguss|Foul Play|p1a: Diancie\n|-resisted|p1a: Diancie\n|-damage|p1a: Diancie|64\/100\n|\n|upkeep\n|turn|31\n|-message|AlolanSandslashOU forfeited.\n|\n|win|Ginesect\n|l|\u2606AlolanSandslashOU\n","uploadtime":1698725148,"views":14,"p1id":"ginesect","p2id":"alolansandslashou","formatid":"gen9nationaldexubers","rating":0,"private":0,"password":""}