{"id":"gen9nationaldexubers-1996337757","p1":"Destinum","p2":"Salfy","format":"[Gen 9] National Dex Ubers","log":"|j|\u2606Destinum\n|j|\u2606Salfy\n|t:|1700672505\n|gametype|singles\n|player|p1|Destinum|colress|\n|player|p2|Salfy|depotagent|\n|teamsize|p1|6\n|teamsize|p2|6\n|gen|9\n|tier|[Gen 9] National Dex Ubers\n|rule|HP Percentage Mod: HP is shown in percentages\n|rule|Endless Battle Clause: Forcing endless battles is banned\n|rule|OHKO Clause: OHKO moves are banned\n|rule|Evasion Moves Clause: Evasion moves are banned\n|rule|Evasion Items Clause: Evasion items are banned\n|rule|Species Clause: Limit one of each Pok\u00e9mon\n|rule|Sleep Clause Mod: Limit one foe put to sleep\n|rule|Mega Rayquaza Clause: You cannot mega evolve Rayquaza\n|clearpoke\n|poke|p1|Ninetales-Alola, F|\n|poke|p1|Darmanitan-Galar, M|\n|poke|p1|Cetitan, M|\n|poke|p1|Piloswine, M|\n|poke|p1|Articuno|\n|poke|p1|Kyurem|\n|poke|p2|Banette, F|\n|poke|p2|Garchomp, M|\n|poke|p2|Hatterene, F|\n|poke|p2|Heatran, M|\n|poke|p2|Ferrothorn, F|\n|poke|p2|Iron Valiant|\n|teampreview\n|c|\u2606Salfy|glhf\n|c|\u2606Destinum|Tera?\n|c|\u2606Salfy|tera poison garchomp\n|j| AegiSwaggy\n|\n|t:|1700672551\n|start\n|switch|p1a: A Madafaking T-Rex|Kyurem|100\/100\n|switch|p2a: Acrid|Garchomp, M|100\/100\n|-ability|p1a: A Madafaking T-Rex|Pressure\n|turn|1\n|j| Astro Rifk\n|\n|t:|1700672600\n|switch|p1a: Let It Go|Ninetales-Alola, F|100\/100\n|-weather|Snow|[from] ability: Snow Warning|[of] p1a: Let It Go\n|-terastallize|p2a: Acrid|Poison\n|move|p2a: Acrid|Scale Shot|p1a: Let It Go\n|-immune|p1a: Let It Go\n|\n|-weather|Snow|[upkeep]\n|upkeep\n|turn|2\n|\n|t:|1700672611\n|move|p1a: Let It Go|Encore|p2a: Acrid\n|-start|p2a: Acrid|Encore\n|move|p2a: Acrid|Scale Shot|p1a: Let It Go\n|-immune|p1a: Let It Go\n|\n|-weather|Snow|[upkeep]\n|upkeep\n|turn|3\n|\n|t:|1700672620\n|switch|p2a: Mithrix|Heatran, M|100\/100\n|move|p1a: Let It Go|Aurora Veil|p1a: Let It Go\n|-sidestart|p1: Destinum|move: Aurora Veil\n|\n|-weather|Snow|[upkeep]\n|upkeep\n|turn|4\n|\n|t:|1700672629\n|switch|p1a: Moby Thicc|Cetitan, M|100\/100\n|move|p2a: Mithrix|Stealth Rock|p1a: Moby Thicc\n|-sidestart|p1: Destinum|move: Stealth Rock\n|\n|-weather|Snow|[upkeep]\n|upkeep\n|turn|5\n|\n|t:|1700672642\n|switch|p2a: Rex|Ferrothorn, F|100\/100\n|move|p1a: Moby Thicc|Earthquake|p2a: Rex\n|-damage|p2a: Rex|81\/100\n|\n|-weather|none\n|-heal|p2a: Rex|87\/100|[from] item: Leftovers\n|upkeep\n|turn|6\n|\n|t:|1700672656\n|switch|p1a: The Godfeather|Articuno|100\/100\n|-ability|p1a: The Godfeather|Pressure\n|move|p2a: Rex|Leech Seed|p1a: The Godfeather\n|-start|p1a: The Godfeather|move: Leech Seed\n|\n|-heal|p2a: Rex|93\/100|[from] item: Leftovers\n|-damage|p1a: The Godfeather|88\/100|[from] Leech Seed|[of] p2a: Rex\n|-heal|p2a: Rex|100\/100|[silent]\n|upkeep\n|turn|7\n|\n|t:|1700672663\n|move|p1a: The Godfeather|Defog|p2a: Rex\n|-unboost|p2a: Rex|evasion|1\n|-sideend|p1: Destinum|Stealth Rock|[from] move: Defog|[of] p1a: The Godfeather\n|move|p2a: Rex|Thunder Wave|p1a: The Godfeather\n|-status|p1a: The Godfeather|par\n|\n|-damage|p1a: The Godfeather|76\/100 par|[from] Leech Seed|[of] p2a: Rex\n|upkeep\n|turn|8\n|\n|t:|1700672674\n|switch|p1a: I Choose Violence|Darmanitan-Galar, M|100\/100\n|move|p2a: Rex|Leech Seed|p1a: I Choose Violence\n|-start|p1a: I Choose Violence|move: Leech Seed\n|\n|-damage|p1a: I Choose Violence|88\/100|[from] Leech Seed|[of] p2a: Rex\n|upkeep\n|turn|9\n|\n|t:|1700672690\n|move|p1a: I Choose Violence|Earthquake|p2a: Rex\n|-damage|p2a: Rex|66\/100\n|move|p2a: Rex|Thunder Wave|p1a: I Choose Violence\n|-status|p1a: I Choose Violence|par\n|\n|-heal|p2a: Rex|72\/100|[from] item: Leftovers\n|-damage|p1a: I Choose Violence|76\/100 par|[from] Leech Seed|[of] p2a: Rex\n|-heal|p2a: Rex|84\/100|[silent]\n|upkeep\n|turn|10\n|c| AegiSwaggy|LOL i just saw moby thicc thats a fantastic name\n|c|\u2606Salfy|yup\n|\n|t:|1700672725\n|switch|p1a: A Madafaking T-Rex|Kyurem|100\/100\n|-ability|p1a: A Madafaking T-Rex|Pressure\n|move|p2a: Rex|Gyro Ball|p1a: A Madafaking T-Rex\n|-supereffective|p1a: A Madafaking T-Rex\n|-damage|p1a: A Madafaking T-Rex|55\/100\n|\n|-heal|p2a: Rex|90\/100|[from] item: Leftovers\n|-sideend|p1: Destinum|move: Aurora Veil\n|upkeep\n|turn|11\n|\n|t:|1700672732\n|-terastallize|p1a: A Madafaking T-Rex|Dragon\n|move|p1a: A Madafaking T-Rex|Freeze-Dry|p2a: Rex\n|-damage|p2a: Rex|52\/100\n|move|p2a: Rex|Gyro Ball|p1a: A Madafaking T-Rex\n|-damage|p1a: A Madafaking T-Rex|6\/100\n|\n|-heal|p2a: Rex|59\/100|[from] item: Leftovers\n|upkeep\n|turn|12\n|\n|t:|1700672743\n|switch|p2a: Mithrix|Heatran, M|100\/100\n|move|p1a: A Madafaking T-Rex|Freeze-Dry|p2a: Mithrix\n|-resisted|p2a: Mithrix\n|-damage|p2a: Mithrix|93\/100\n|\n|-heal|p2a: Mithrix|99\/100|[from] item: Leftovers\n|upkeep\n|turn|13\n|\n|t:|1700672751\n|switch|p1a: Chris P. Bacon|Piloswine, M|100\/100\n|move|p2a: Mithrix|Stealth Rock|p1a: Chris P. Bacon\n|-sidestart|p1: Destinum|move: Stealth Rock\n|\n|-heal|p2a: Mithrix|100\/100|[from] item: Leftovers\n|upkeep\n|turn|14\n|\n|t:|1700672756\n|switch|p2a: Rex|Ferrothorn, F|59\/100\n|move|p1a: Chris P. Bacon|Stealth Rock|p2a: Rex\n|-sidestart|p2: Salfy|move: Stealth Rock\n|\n|-heal|p2a: Rex|65\/100|[from] item: Leftovers\n|upkeep\n|turn|15\n|\n|t:|1700672820\n|switch|p1a: The Godfeather|Articuno|76\/100 par\n|-ability|p1a: The Godfeather|Pressure\n|move|p2a: Rex|Gyro Ball|p1a: The Godfeather\n|-supereffective|p1a: The Godfeather\n|-damage|p1a: The Godfeather|52\/100 par\n|\n|-heal|p2a: Rex|71\/100|[from] item: Leftovers\n|upkeep\n|turn|16\n|\n|t:|1700672831\n|cant|p1a: The Godfeather|par\n|move|p2a: Rex|Leech Seed|p1a: The Godfeather\n|-start|p1a: The Godfeather|move: Leech Seed\n|\n|-heal|p2a: Rex|77\/100|[from] item: Leftovers\n|-damage|p1a: The Godfeather|40\/100 par|[from] Leech Seed|[of] p2a: Rex\n|-heal|p2a: Rex|91\/100|[silent]\n|upkeep\n|turn|17\n|\n|t:|1700672838\n|move|p1a: The Godfeather|Roost|p1a: The Godfeather\n|-heal|p1a: The Godfeather|90\/100 par\n|-singleturn|p1a: The Godfeather|move: Roost\n|move|p2a: Rex|Gyro Ball|p1a: The Godfeather\n|-supereffective|p1a: The Godfeather\n|-damage|p1a: The Godfeather|66\/100 par\n|\n|-heal|p2a: Rex|97\/100|[from] item: Leftovers\n|-damage|p1a: The Godfeather|54\/100 par|[from] Leech Seed|[of] p2a: Rex\n|-heal|p2a: Rex|100\/100|[silent]\n|upkeep\n|turn|18\n|c|\u2606Salfy|oh\n|\n|t:|1700672855\n|switch|p2a: Acrid|Garchomp, M, tera:Poison|100\/100\n|-damage|p2a: Acrid|88\/100|[from] Stealth Rock\n|move|p1a: The Godfeather|Defog|p2a: Acrid\n|-unboost|p2a: Acrid|evasion|1\n|-sideend|p2: Salfy|Stealth Rock|[from] move: Defog|[of] p1a: The Godfeather\n|-sideend|p1: Destinum|Stealth Rock|[from] move: Defog|[of] p1a: The Godfeather\n|\n|-damage|p1a: The Godfeather|41\/100 par|[from] Leech Seed|[of] p2a: Acrid\n|-heal|p2a: Acrid|100\/100|[silent]\n|upkeep\n|turn|19\n|\n|t:|1700672862\n|switch|p1a: Let It Go|Ninetales-Alola, F|100\/100\n|-weather|Snow|[from] ability: Snow Warning|[of] p1a: Let It Go\n|move|p2a: Acrid|Poison Jab|p1a: Let It Go\n|-supereffective|p1a: Let It Go\n|-damage|p1a: Let It Go|19\/100\n|\n|-weather|Snow|[upkeep]\n|upkeep\n|turn|20\n|\n|t:|1700672873\n|switch|p1a: Moby Thicc|Cetitan, M|100\/100\n|move|p2a: Acrid|Poison Jab|p1a: Moby Thicc\n|-damage|p1a: Moby Thicc|72\/100\n|\n|-weather|Snow|[upkeep]\n|upkeep\n|turn|21\n|\n|t:|1700672883\n|switch|p2a: Rex|Ferrothorn, F|100\/100\n|move|p1a: Moby Thicc|Belly Drum|p1a: Moby Thicc\n|-damage|p1a: Moby Thicc|22\/100\n|-setboost|p1a: Moby Thicc|atk|6|[from] move: Belly Drum\n|-enditem|p1a: Moby Thicc|Sitrus Berry|[eat]\n|-heal|p1a: Moby Thicc|47\/100|[from] item: Sitrus Berry\n|\n|-weather|Snow|[upkeep]\n|upkeep\n|turn|22\n|\n|t:|1700672888\n|move|p1a: Moby Thicc|Icicle Crash|p2a: Rex\n|-damage|p2a: Rex|0 fnt\n|faint|p2a: Rex\n|\n|-weather|Snow|[upkeep]\n|upkeep\n|\n|t:|1700672903\n|switch|p2a: Mercenary|Iron Valiant|100\/100\n|turn|23\n|\n|t:|1700672959\n|move|p1a: Moby Thicc|Ice Shard|p2a: Mercenary\n|-damage|p2a: Mercenary|0 fnt\n|faint|p2a: Mercenary\n|-end|p2a: Mercenary|Quark Drive|[silent]\n|\n|-weather|none\n|upkeep\n|\n|t:|1700672974\n|switch|p2a: Acrid|Garchomp, M, tera:Poison|100\/100\n|turn|24\n|\n|t:|1700672985\n|switch|p1a: Let It Go|Ninetales-Alola, F|19\/100\n|-weather|Snow|[from] ability: Snow Warning|[of] p1a: Let It Go\n|move|p2a: Acrid|Poison Jab|p1a: Let It Go\n|-supereffective|p1a: Let It Go\n|-damage|p1a: Let It Go|0 fnt\n|faint|p1a: Let It Go\n|\n|-weather|Snow|[upkeep]\n|upkeep\n|\n|t:|1700672991\n|switch|p1a: Moby Thicc|Cetitan, M|47\/100\n|turn|25\n|\n|t:|1700672998\n|switch|p2a: Artificer|Hatterene, F|100\/100\n|move|p1a: Moby Thicc|Earthquake|p2a: Artificer\n|-damage|p2a: Artificer|73\/100\n|\n|-weather|Snow|[upkeep]\n|-heal|p2a: Artificer|79\/100|[from] item: Leftovers\n|upkeep\n|turn|26\n|\n|t:|1700673017\n|move|p1a: Moby Thicc|Icicle Crash|p2a: Artificer\n|-damage|p2a: Artificer|46\/100\n|cant|p2a: Artificer|flinch\n|\n|-weather|Snow|[upkeep]\n|-heal|p2a: Artificer|52\/100|[from] item: Leftovers\n|upkeep\n|turn|27\n|l| Astro Rifk\n|\n|t:|1700673029\n|switch|p1a: I Choose Violence|Darmanitan-Galar, M|76\/100 par\n|move|p2a: Artificer|Draining Kiss|p1a: I Choose Violence\n|-damage|p1a: I Choose Violence|42\/100 par\n|-heal|p2a: Artificer|80\/100|[from] drain|[of] p1a: I Choose Violence\n|\n|-weather|Snow|[upkeep]\n|-heal|p2a: Artificer|86\/100|[from] item: Leftovers\n|upkeep\n|turn|28\n|\n|t:|1700673036\n|move|p1a: I Choose Violence|Icicle Crash|p2a: Artificer\n|-damage|p2a: Artificer|31\/100\n|move|p2a: Artificer|Draining Kiss|p1a: I Choose Violence\n|-damage|p1a: I Choose Violence|4\/100 par\n|-heal|p2a: Artificer|62\/100|[from] drain|[of] p1a: I Choose Violence\n|\n|-weather|none\n|-heal|p2a: Artificer|68\/100|[from] item: Leftovers\n|upkeep\n|turn|29\n|\n|t:|1700673043\n|switch|p2a: Mithrix|Heatran, M|100\/100\n|move|p1a: I Choose Violence|Icicle Crash|p2a: Mithrix\n|-resisted|p2a: Mithrix\n|-damage|p2a: Mithrix|86\/100\n|\n|-heal|p2a: Mithrix|92\/100|[from] item: Leftovers\n|upkeep\n|turn|30\n|\n|t:|1700673051\n|switch|p1a: Chris P. Bacon|Piloswine, M|100\/100\n|move|p2a: Mithrix|Flash Cannon|p1a: Chris P. Bacon\n|-supereffective|p1a: Chris P. Bacon\n|-damage|p1a: Chris P. Bacon|63\/100\n|\n|-heal|p2a: Mithrix|98\/100|[from] item: Leftovers\n|upkeep\n|turn|31\n|j| Astro Rifk\n|\n|t:|1700673058\n|move|p2a: Mithrix|Flash Cannon|p1a: Chris P. Bacon\n|-supereffective|p1a: Chris P. Bacon\n|-damage|p1a: Chris P. Bacon|23\/100\n|move|p1a: Chris P. Bacon|Earthquake|p2a: Mithrix\n|-supereffective|p2a: Mithrix\n|-damage|p2a: Mithrix|0 fnt\n|faint|p2a: Mithrix\n|\n|upkeep\n|\n|t:|1700673062\n|switch|p2a: Acrid|Garchomp, M, tera:Poison|100\/100\n|turn|32\n|l| Astro Rifk\n|\n|t:|1700673079\n|move|p2a: Acrid|Scale Shot|p1a: Chris P. Bacon\n|-damage|p1a: Chris P. Bacon|13\/100\n|-damage|p1a: Chris P. Bacon|3\/100\n|-damage|p1a: Chris P. Bacon|0 fnt\n|faint|p1a: Chris P. Bacon\n|-hitcount|p1: Chris P. Bacon|3\n|-unboost|p2a: Acrid|def|1\n|-boost|p2a: Acrid|spe|1\n|\n|upkeep\n|\n|t:|1700673121\n|switch|p1a: The Godfeather|Articuno|41\/100 par\n|-ability|p1a: The Godfeather|Pressure\n|turn|33\n|\n|t:|1700673134\n|move|p2a: Acrid|Swords Dance|p2a: Acrid\n|-boost|p2a: Acrid|atk|2\n|move|p1a: The Godfeather|Roost|p1a: The Godfeather\n|-heal|p1a: The Godfeather|91\/100 par\n|-singleturn|p1a: The Godfeather|move: Roost\n|\n|upkeep\n|turn|34\n|\n|t:|1700673140\n|move|p2a: Acrid|Poison Jab|p1a: The Godfeather\n|-damage|p1a: The Godfeather|36\/100 par\n|cant|p1a: The Godfeather|par\n|\n|upkeep\n|turn|35\n|\n|t:|1700673147\n|move|p2a: Acrid|Poison Jab|p1a: The Godfeather\n|-damage|p1a: The Godfeather|0 fnt\n|faint|p1a: The Godfeather\n|\n|upkeep\n|\n|t:|1700673152\n|switch|p1a: I Choose Violence|Darmanitan-Galar, M|4\/100 par\n|turn|36\n|\n|t:|1700673156\n|move|p2a: Acrid|Poison Jab|p1a: I Choose Violence\n|-damage|p1a: I Choose Violence|0 fnt\n|faint|p1a: I Choose Violence\n|\n|upkeep\n|c|\u2606Destinum|gg\n|c|\u2606Salfy|gg\n|\n|t:|1700673160\n|switch|p1a: A Madafaking T-Rex|Kyurem, tera:Dragon|6\/100\n|-ability|p1a: A Madafaking T-Rex|Pressure\n|turn|37\n|c|\u2606Salfy|Happy with the mons I chose\n|\n|t:|1700673173\n|move|p2a: Acrid|Poison Jab|p1a: A Madafaking T-Rex\n|-damage|p1a: A Madafaking T-Rex|0 fnt\n|faint|p1a: A Madafaking T-Rex\n|\n|upkeep\n|\n|t:|1700673175\n|switch|p1a: Moby Thicc|Cetitan, M|47\/100\n|turn|38\n|\n|t:|1700673178\n|move|p1a: Moby Thicc|Ice Shard|p2a: Acrid\n|-damage|p2a: Acrid|74\/100\n|move|p2a: Acrid|Poison Jab|p1a: Moby Thicc\n|-damage|p1a: Moby Thicc|0 fnt\n|faint|p1a: Moby Thicc\n|\n|win|Salfy\n|c|\u2606Salfy|gg\n","uploadtime":1700673188,"views":2,"p1id":"destinum","p2id":"salfy","formatid":"gen9nationaldexubers","rating":0,"private":0,"password":""}