{"id":"gen9nationaldexubers-1987576809","p1":"Eddeboi201","p2":"Rhyfinn jr.","format":"[Gen 9] National Dex Ubers","log":"|j|\u2606Eddeboi201\n|j|\u2606Rhyfinn jr.\n|t:|1699614605\n|gametype|singles\n|player|p1|Eddeboi201|fisherman-gen4|1350\n|player|p2|Rhyfinn jr.|ninjaboy|1396\n|teamsize|p1|6\n|teamsize|p2|6\n|gen|9\n|tier|[Gen 9] National Dex Ubers\n|rated|\n|rule|HP Percentage Mod: HP is shown in percentages\n|rule|Endless Battle Clause: Forcing endless battles is banned\n|rule|OHKO Clause: OHKO moves are banned\n|rule|Evasion Moves Clause: Evasion moves are banned\n|rule|Evasion Items Clause: Evasion items are banned\n|rule|Species Clause: Limit one of each Pok\u00e9mon\n|rule|Sleep Clause Mod: Limit one foe put to sleep\n|rule|Mega Rayquaza Clause: You cannot mega evolve Rayquaza\n|clearpoke\n|poke|p1|Jellicent, F|\n|poke|p1|Ferrothorn, M|\n|poke|p1|Mandibuzz, F|\n|poke|p1|Blissey, F|\n|poke|p1|Salamence, F|\n|poke|p1|Volcarona, F|\n|poke|p2|Xerneas-*|\n|poke|p2|Marshadow|\n|poke|p2|Groudon|\n|poke|p2|Deoxys-Speed|\n|poke|p2|Necrozma-Dusk-Mane|\n|poke|p2|Pheromosa|\n|teampreview\n|inactive|Battle timer is ON: inactive players will automatically lose when time's up. (requested by Rhyfinn jr.)\n|\n|t:|1699614622\n|start\n|switch|p1a: Ferrothorn|Ferrothorn, M|100\/100\n|switch|p2a: Deoxys|Deoxys-Speed, shiny|100\/100\n|-ability|p2a: Deoxys|Pressure\n|turn|1\n|\n|t:|1699614626\n|move|p2a: Deoxys|Taunt|p1a: Ferrothorn\n|-start|p1a: Ferrothorn|move: Taunt\n|move|p1a: Ferrothorn|Gyro Ball|p2a: Deoxys\n|-crit|p2a: Deoxys\n|-damage|p2a: Deoxys|6\/100\n|\n|upkeep\n|turn|2\n|\n|t:|1699614629\n|move|p2a: Deoxys|Stealth Rock|p1a: Ferrothorn\n|-sidestart|p1: Eddeboi201|move: Stealth Rock\n|move|p1a: Ferrothorn|Gyro Ball|p2a: Deoxys\n|-damage|p2a: Deoxys|0 fnt\n|faint|p2a: Deoxys\n|\n|upkeep\n|\n|t:|1699614647\n|switch|p2a: Pheromosa|Pheromosa, shiny|100\/100\n|turn|3\n|\n|t:|1699614657\n|switch|p1a: Jellicent|Jellicent, F|100\/100\n|-damage|p1a: Jellicent|88\/100|[from] Stealth Rock\n|move|p2a: Pheromosa|Close Combat|p1a: Jellicent\n|-immune|p1a: Jellicent\n|\n|-heal|p1a: Jellicent|94\/100|[from] item: Leftovers\n|upkeep\n|turn|4\n|\n|t:|1699614662\n|switch|p2a: Groudon|Groudon, shiny|100\/100\n|detailschange|p2a: Groudon|Groudon-Primal, shiny\n|-primal|p2a: Groudon|Red Orb\n|-weather|DesolateLand|[from] ability: Desolate Land|[of] p2a: Groudon\n|move|p1a: Jellicent|Protect||[still]\n|-fail|p1a: Jellicent\n|\n|-weather|DesolateLand|[upkeep]\n|-heal|p1a: Jellicent|100\/100|[from] item: Leftovers\n|upkeep\n|turn|5\n|\n|t:|1699614667\n|move|p2a: Groudon|Solar Beam||[still]\n|-prepare|p2a: Groudon|Solar Beam\n|-anim|p2a: Groudon|Solar Beam|p1a: Jellicent\n|-supereffective|p1a: Jellicent\n|-damage|p1a: Jellicent|40\/100\n|move|p1a: Jellicent|Toxic|p2a: Groudon\n|-status|p2a: Groudon|tox\n|\n|-weather|DesolateLand|[upkeep]\n|-heal|p1a: Jellicent|46\/100|[from] item: Leftovers\n|-damage|p2a: Groudon|94\/100 tox|[from] psn\n|upkeep\n|turn|6\n|\n|t:|1699614684\n|-weather|none\n|switch|p2a: Marshadow|Marshadow|100\/100\n|move|p1a: Jellicent|Protect||[still]\n|-fail|p1a: Jellicent\n|\n|-heal|p1a: Jellicent|52\/100|[from] item: Leftovers\n|upkeep\n|turn|7\n|\n|t:|1699614691\n|switch|p1a: Mandibuzz|Mandibuzz, F|100\/100\n|-damage|p1a: Mandibuzz|75\/100|[from] Stealth Rock\n|move|p2a: Marshadow|Spectral Thief|p1a: Mandibuzz\n|-resisted|p1a: Mandibuzz\n|-damage|p1a: Mandibuzz|63\/100\n|\n|-heal|p1a: Mandibuzz|69\/100|[from] item: Leftovers\n|upkeep\n|turn|8\n|\n|t:|1699614696\n|move|p2a: Marshadow|Rock Tomb|p1a: Mandibuzz\n|-supereffective|p1a: Mandibuzz\n|-damage|p1a: Mandibuzz|34\/100\n|-unboost|p1a: Mandibuzz|spe|1\n|move|p1a: Mandibuzz|Roost|p1a: Mandibuzz\n|-heal|p1a: Mandibuzz|84\/100\n|-singleturn|p1a: Mandibuzz|move: Roost\n|\n|-heal|p1a: Mandibuzz|90\/100|[from] item: Leftovers\n|upkeep\n|turn|9\n|\n|t:|1699614705\n|move|p2a: Marshadow|Close Combat|p1a: Mandibuzz\n|-damage|p1a: Mandibuzz|53\/100\n|-unboost|p2a: Marshadow|def|1\n|-unboost|p2a: Marshadow|spd|1\n|move|p1a: Mandibuzz|Foul Play|p2a: Marshadow\n|-damage|p2a: Marshadow|6\/100\n|\n|-heal|p1a: Mandibuzz|59\/100|[from] item: Leftovers\n|upkeep\n|turn|10\n|\n|t:|1699614711\n|move|p2a: Marshadow|Close Combat|p1a: Mandibuzz\n|-damage|p1a: Mandibuzz|24\/100\n|-unboost|p2a: Marshadow|def|1\n|-unboost|p2a: Marshadow|spd|1\n|move|p1a: Mandibuzz|Roost|p1a: Mandibuzz\n|-heal|p1a: Mandibuzz|74\/100\n|-singleturn|p1a: Mandibuzz|move: Roost\n|\n|-heal|p1a: Mandibuzz|80\/100|[from] item: Leftovers\n|upkeep\n|turn|11\n|\n|t:|1699614714\n|move|p2a: Marshadow|Close Combat|p1a: Mandibuzz\n|-damage|p1a: Mandibuzz|48\/100\n|-unboost|p2a: Marshadow|def|1\n|-unboost|p2a: Marshadow|spd|1\n|move|p1a: Mandibuzz|Foul Play|p2a: Marshadow\n|-damage|p2a: Marshadow|0 fnt\n|faint|p2a: Marshadow\n|\n|-heal|p1a: Mandibuzz|54\/100|[from] item: Leftovers\n|upkeep\n|\n|t:|1699614718\n|switch|p2a: Pheromosa|Pheromosa, shiny|100\/100\n|turn|12\n|\n|t:|1699614725\n|move|p2a: Pheromosa|Ice Beam|p1a: Mandibuzz\n|-supereffective|p1a: Mandibuzz\n|-damage|p1a: Mandibuzz|0 fnt\n|faint|p1a: Mandibuzz\n|-ability|p2a: Pheromosa|Beast Boost|boost\n|-boost|p2a: Pheromosa|spe|1\n|-damage|p2a: Pheromosa|91\/100|[from] item: Life Orb\n|\n|upkeep\n|\n|t:|1699614730\n|switch|p1a: Jellicent|Jellicent, F|52\/100\n|-damage|p1a: Jellicent|40\/100|[from] Stealth Rock\n|turn|13\n|\n|t:|1699614735\n|move|p2a: Pheromosa|Taunt|p1a: Jellicent\n|-start|p1a: Jellicent|move: Taunt\n|cant|p1a: Jellicent|move: Taunt|Strength Sap\n|\n|-heal|p1a: Jellicent|46\/100|[from] item: Leftovers\n|upkeep\n|turn|14\n|\n|t:|1699614743\n|switch|p2a: Xerneas|Xerneas|100\/100\n|-ability|p2a: Xerneas|Fairy Aura\n|move|p1a: Jellicent|Scald|p2a: Xerneas\n|-damage|p2a: Xerneas|80\/100\n|\n|-heal|p1a: Jellicent|52\/100|[from] item: Leftovers\n|upkeep\n|turn|15\n|\n|t:|1699614747\n|switch|p1a: Blissey|Blissey, F|100\/100\n|-damage|p1a: Blissey|88\/100|[from] Stealth Rock\n|move|p2a: Xerneas|Geomancy||[still]\n|-prepare|p2a: Xerneas|Geomancy\n|-enditem|p2a: Xerneas|Power Herb\n|-anim|p2a: Xerneas|Geomancy|p2a: Xerneas\n|-boost|p2a: Xerneas|spa|2\n|-boost|p2a: Xerneas|spd|2\n|-boost|p2a: Xerneas|spe|2\n|\n|-heal|p1a: Blissey|94\/100|[from] item: Leftovers\n|upkeep\n|turn|16\n|\n|t:|1699614751\n|move|p2a: Xerneas|Psyshock|p1a: Blissey\n|-damage|p1a: Blissey|0 fnt\n|faint|p1a: Blissey\n|\n|upkeep\n|\n|t:|1699614761\n|switch|p1a: Ferrothorn|Ferrothorn, M|100\/100\n|-damage|p1a: Ferrothorn|94\/100|[from] Stealth Rock\n|turn|17\n|\n|t:|1699614764\n|-terastallize|p2a: Xerneas|Fire\n|move|p2a: Xerneas|Hidden Power|p1a: Ferrothorn\n|-supereffective|p1a: Ferrothorn\n|-damage|p1a: Ferrothorn|0 fnt\n|faint|p1a: Ferrothorn\n|\n|upkeep\n|\n|t:|1699614770\n|switch|p1a: Jellicent|Jellicent, F|52\/100\n|-damage|p1a: Jellicent|40\/100|[from] Stealth Rock\n|turn|18\n|\n|t:|1699614776\n|move|p2a: Xerneas|Moonblast|p1a: Jellicent\n|-crit|p1a: Jellicent\n|-damage|p1a: Jellicent|0 fnt\n|faint|p1a: Jellicent\n|\n|upkeep\n|\n|t:|1699614779\n|switch|p1a: Salamence|Salamence, F|100\/100\n|-damage|p1a: Salamence|76\/100|[from] Stealth Rock\n|-ability|p1a: Salamence|Intimidate|boost\n|-unboost|p2a: Xerneas|atk|1\n|turn|19\n|\n|t:|1699614783\n|detailschange|p1a: Salamence|Salamence-Mega, F\n|-mega|p1a: Salamence|Salamence|Salamencite\n|move|p2a: Xerneas|Moonblast|p1a: Salamence\n|-supereffective|p1a: Salamence\n|-damage|p1a: Salamence|0 fnt\n|faint|p1a: Salamence\n|\n|upkeep\n|\n|t:|1699614785\n|switch|p1a: Volcarona|Volcarona, F|100\/100\n|-damage|p1a: Volcarona|51\/100|[from] Stealth Rock\n|turn|20\n|\n|t:|1699614791\n|move|p2a: Xerneas|Hidden Power|p1a: Volcarona\n|-damage|p1a: Volcarona|0 fnt\n|faint|p1a: Volcarona\n|\n|win|Rhyfinn jr.\n|raw|Eddeboi201's rating: 1350 &rarr; <strong>1333<\/strong><br \/>(-17 for losing)\n|raw|Rhyfinn jr.'s rating: 1396 &rarr; <strong>1413<\/strong><br \/>(+17 for winning)\n|c|\u2606Eddeboi201|ggs\n|l|\u2606Eddeboi201\n","uploadtime":1699614796,"views":5,"p1id":"eddeboi201","p2id":"rhyfinnjr","formatid":"gen9nationaldexubers","rating":1333,"private":0,"password":""}