{"id":"gen9nationaldexubers-2000633811","p1":"Coo1313","p2":"UmberEonsEvolved","format":"[Gen 9] National Dex Ubers","log":"|j|\u2606Coo1313\n|j|\u2606UmberEonsEvolved\n|inactive|Battle timer is ON: inactive players will automatically lose when time's up.\n|t:|1701212736\n|gametype|singles\n|player|p1|Coo1313|pryce-gen2|\n|player|p2|UmberEonsEvolved|marley|\n|teamsize|p1|6\n|teamsize|p2|6\n|gen|9\n|tier|[Gen 9] National Dex Ubers\n|rated|Tournament battle\n|rule|HP Percentage Mod: HP is shown in percentages\n|rule|Endless Battle Clause: Forcing endless battles is banned\n|rule|OHKO Clause: OHKO moves are banned\n|rule|Evasion Moves Clause: Evasion moves are banned\n|rule|Evasion Items Clause: Evasion items are banned\n|rule|Species Clause: Limit one of each Pok\u00e9mon\n|rule|Sleep Clause Mod: Limit one foe put to sleep\n|rule|Mega Rayquaza Clause: You cannot mega evolve Rayquaza\n|rule|Dynamax Clause: You cannot dynamax\n|rule|Terastal Clause: You cannot Terastallize\n|rule|Same Type Clause: Pok\u00e9mon in a team must share a type\n|clearpoke\n|poke|p1|Ninetales-Alola, F|\n|poke|p1|Baxcalibur, F|\n|poke|p1|Chien-Pao|\n|poke|p1|Iron Bundle|\n|poke|p1|Kyurem-Black|\n|poke|p1|Darmanitan-Galar, F|\n|poke|p2|Maushold-Four|\n|poke|p2|Cyclizar, F|\n|poke|p2|Ursaluna, M|\n|poke|p2|Ditto|\n|poke|p2|Staraptor, M|\n|poke|p2|Farigiraf, F|\n|teampreview\n|inactive|UmberEonsEvolved also wants the timer to be on.\n|\n|t:|1701212746\n|start\n|switch|p1a: Darmanitan|Darmanitan-Galar, F|100\/100\n|switch|p2a: La familia|Maushold-Four, shiny|100\/100\n|turn|1\n|\n|t:|1701212753\n|move|p1a: Darmanitan|U-turn|p2a: La familia\n|-damage|p2a: La familia|43\/100\n|\n|t:|1701212759\n|switch|p1a: Ninetales|Ninetales-Alola, F|100\/100|[from] U-turn\n|-weather|Snow|[from] ability: Snow Warning|[of] p1a: Ninetales\n|move|p2a: La familia|Population Bomb|p1a: Ninetales\n|-damage|p1a: Ninetales|90\/100\n|-damage|p1a: Ninetales|79\/100\n|-damage|p1a: Ninetales|68\/100\n|-damage|p1a: Ninetales|58\/100\n|-damage|p1a: Ninetales|46\/100\n|-damage|p1a: Ninetales|35\/100\n|-damage|p1a: Ninetales|23\/100\n|-damage|p1a: Ninetales|12\/100\n|-damage|p1a: Ninetales|1\/100\n|-damage|p1a: Ninetales|0 fnt\n|faint|p1a: Ninetales\n|-hitcount|p1: Ninetales|10\n|\n|-weather|Snow|[upkeep]\n|upkeep\n|\n|t:|1701212761\n|switch|p1a: Darmanitan|Darmanitan-Galar, F|100\/100\n|turn|2\n|\n|t:|1701212765\n|move|p2a: La familia|Protect|p2a: La familia\n|-singleturn|p2a: La familia|Protect\n|move|p1a: Darmanitan|U-turn|p2a: La familia\n|-activate|p2a: La familia|move: Protect\n|\n|-weather|Snow|[upkeep]\n|upkeep\n|turn|3\n|\n|t:|1701212768\n|switch|p2a: Emo Kiddo|Staraptor, M|100\/100\n|move|p1a: Darmanitan|U-turn|p2a: Emo Kiddo\n|-resisted|p2a: Emo Kiddo\n|-damage|p2a: Emo Kiddo|71\/100\n|\n|t:|1701212773\n|switch|p1a: Kyurem|Kyurem-Black|100\/100|[from] U-turn\n|-ability|p1a: Kyurem|Teravolt\n|\n|-weather|Snow|[upkeep]\n|upkeep\n|turn|4\n|\n|t:|1701212783\n|move|p2a: Emo Kiddo|Close Combat|p1a: Kyurem\n|-supereffective|p1a: Kyurem\n|-damage|p1a: Kyurem|58\/100\n|-unboost|p2a: Emo Kiddo|def|1\n|-unboost|p2a: Emo Kiddo|spd|1\n|move|p1a: Kyurem|Icicle Spear|p2a: Emo Kiddo\n|-supereffective|p2a: Emo Kiddo\n|-damage|p2a: Emo Kiddo|1\/100\n|-supereffective|p2a: Emo Kiddo\n|-damage|p2a: Emo Kiddo|0 fnt\n|faint|p2a: Emo Kiddo\n|-hitcount|p2: Emo Kiddo|2\n|\n|-weather|Snow|[upkeep]\n|upkeep\n|\n|t:|1701212791\n|switch|p2a: Middle Child|Cyclizar, F, shiny|100\/100\n|turn|5\n|\n|t:|1701212799\n|move|p2a: Middle Child|Outrage|p1a: Kyurem\n|-supereffective|p1a: Kyurem\n|-damage|p1a: Kyurem|0 fnt\n|faint|p1a: Kyurem\n|\n|-weather|none\n|upkeep\n|\n|t:|1701212801\n|switch|p1a: Darmanitan|Darmanitan-Galar, F|100\/100\n|turn|6\n|\n|t:|1701212804\n|move|p1a: Darmanitan|Icicle Crash|p2a: Middle Child\n|-supereffective|p2a: Middle Child\n|-damage|p2a: Middle Child|0 fnt\n|faint|p2a: Middle Child\n|\n|upkeep\n|\n|t:|1701212807\n|switch|p2a: Copycat|Ditto|100\/100\n|-transform|p2a: Copycat|p1a: Darmanitan|[from] ability: Imposter\n|turn|7\n|\n|t:|1701212811\n|move|p1a: Darmanitan|Icicle Crash|p2a: Copycat\n|-resisted|p2a: Copycat\n|-damage|p2a: Copycat|12\/100\n|move|p2a: Copycat|Flare Blitz|p1a: Darmanitan\n|-supereffective|p1a: Darmanitan\n|-damage|p1a: Darmanitan|0 fnt\n|faint|p1a: Darmanitan\n|-damage|p2a: Copycat|0 fnt|[from] Recoil\n|faint|p2a: Copycat\n|\n|upkeep\n|\n|t:|1701212822\n|switch|p1a: Iron Bundle|Iron Bundle|100\/100\n|switch|p2a: Chain Chomp|Farigiraf, F, shiny|100\/100\n|turn|8\n|\n|t:|1701212826\n|move|p1a: Iron Bundle|Flip Turn|p2a: Chain Chomp\n|-damage|p2a: Chain Chomp|87\/100\n|\n|t:|1701212828\n|-end|p1a: Iron Bundle|Quark Drive|[silent]\n|switch|p1a: Chien-Pao|Chien-Pao|100\/100|[from] Flip Turn\n|-ability|p1a: Chien-Pao|Sword of Ruin\n|move|p2a: Chain Chomp|Agility|p2a: Chain Chomp\n|-boost|p2a: Chain Chomp|spe|2\n|\n|upkeep\n|turn|9\n|\n|t:|1701212833\n|move|p2a: Chain Chomp|Dazzling Gleam|p1a: Chien-Pao\n|-supereffective|p1a: Chien-Pao\n|-damage|p1a: Chien-Pao|39\/100\n|move|p1a: Chien-Pao|Sacred Sword|p2a: Chain Chomp\n|-damage|p2a: Chain Chomp|50\/100\n|\n|upkeep\n|turn|10\n|\n|t:|1701212838\n|move|p1a: Chien-Pao|Sucker Punch|p2a: Chain Chomp\n|-supereffective|p2a: Chain Chomp\n|-damage|p2a: Chain Chomp|0 fnt\n|faint|p2a: Chain Chomp\n|\n|upkeep\n|\n|t:|1701212842\n|switch|p2a: Bear Grylls|Ursaluna, M|100\/100\n|turn|11\n|\n|t:|1701212846\n|move|p2a: Bear Grylls|Protect|p2a: Bear Grylls\n|-singleturn|p2a: Bear Grylls|Protect\n|move|p1a: Chien-Pao|Sacred Sword|p2a: Bear Grylls\n|-activate|p2a: Bear Grylls|move: Protect\n|\n|-status|p2a: Bear Grylls|brn|[from] item: Flame Orb\n|upkeep\n|turn|12\n|\n|t:|1701212848\n|move|p1a: Chien-Pao|Sacred Sword|p2a: Bear Grylls\n|-supereffective|p2a: Bear Grylls\n|-damage|p2a: Bear Grylls|32\/100 brn\n|move|p2a: Bear Grylls|Facade|p1a: Chien-Pao\n|-crit|p1a: Chien-Pao\n|-damage|p1a: Chien-Pao|0 fnt\n|faint|p1a: Chien-Pao\n|\n|-damage|p2a: Bear Grylls|25\/100 brn|[from] brn\n|upkeep\n|\n|t:|1701212852\n|switch|p1a: Iron Bundle|Iron Bundle|100\/100\n|turn|13\n|\n|t:|1701212857\n|move|p1a: Iron Bundle|Ice Beam|p2a: Bear Grylls\n|-supereffective|p2a: Bear Grylls\n|-damage|p2a: Bear Grylls|0 fnt\n|faint|p2a: Bear Grylls\n|\n|upkeep\n|\n|t:|1701212859\n|switch|p2a: La familia|Maushold-Four, shiny|43\/100\n|turn|14\n|\n|t:|1701212861\n|move|p1a: Iron Bundle|Ice Beam|p2a: La familia\n|-damage|p2a: La familia|0 fnt\n|faint|p2a: La familia\n|\n|win|Coo1313\n|n|\u2606Coo1313|coo1313\n|n|\u2606UmberEonsEvolved|umbereonsevolved\n|l|\u2606UmberEonsEvolved\n","uploadtime":1701212963,"views":0,"p1id":"coo1313","p2id":"umbereonsevolved","formatid":"gen9nationaldexubers","rating":0,"private":0,"password":""}