{"id":"gen9nationaldexubers-1984267007","p1":"MiraGraves","p2":"Vario 64\u2606\u5f61","format":"[Gen 9] National Dex Ubers","log":"|j|\u2606MiraGraves\n|j|\u2606Vario 64\u2606\u5f61\n|t:|1699236862\n|gametype|singles\n|player|p1|MiraGraves|psychicf-gen4|\n|player|p2|Vario 64\u2606\u5f61|ghetsis|\n|teamsize|p1|6\n|teamsize|p2|6\n|gen|9\n|tier|[Gen 9] National Dex Ubers\n|rule|HP Percentage Mod: HP is shown in percentages\n|rule|Endless Battle Clause: Forcing endless battles is banned\n|rule|OHKO Clause: OHKO moves are banned\n|rule|Evasion Moves Clause: Evasion moves are banned\n|rule|Evasion Items Clause: Evasion items are banned\n|rule|Species Clause: Limit one of each Pok\u00e9mon\n|rule|Sleep Clause Mod: Limit one foe put to sleep\n|rule|Mega Rayquaza Clause: You cannot mega evolve Rayquaza\n|clearpoke\n|poke|p1|Torkoal, F|\n|poke|p1|Altaria, F|\n|poke|p1|Latias, F|\n|poke|p1|Blacephalon|\n|poke|p1|Zekrom|\n|poke|p1|Heatran, F|\n|poke|p2|Ribombee, M|\n|poke|p2|Ogerpon-Wellspring, F|\n|poke|p2|Nidoking, M|\n|poke|p2|Lopunny, F|\n|poke|p2|Eternatus|\n|poke|p2|Kyurem|\n|teampreview\n|c|\u2606Vario 64\u2606\u5f61|Gl hf\n|\n|t:|1699236921\n|start\n|switch|p1a: Torkoal|Torkoal, F|100\/100\n|switch|p2a: Ribombee|Ribombee, M|100\/100\n|-weather|SunnyDay|[from] ability: Drought|[of] p1a: Torkoal\n|turn|1\n|\n|t:|1699236944\n|-terastallize|p2a: Ribombee|Ghost\n|move|p2a: Ribombee|Stun Spore|p1a: Torkoal|[miss]\n|-miss|p2a: Ribombee|p1a: Torkoal\n|move|p1a: Torkoal|Flamethrower|p2a: Ribombee\n|-crit|p2a: Ribombee\n|-enditem|p2a: Ribombee|Focus Sash\n|-damage|p2a: Ribombee|1\/100\n|\n|-weather|SunnyDay|[upkeep]\n|upkeep\n|turn|2\n|\n|t:|1699236955\n|move|p2a: Ribombee|Sticky Web|p1a: Torkoal\n|-sidestart|p1: MiraGraves|move: Sticky Web\n|move|p1a: Torkoal|Stealth Rock|p2a: Ribombee\n|-sidestart|p2: Vario 64\u2606\u5f61|move: Stealth Rock\n|\n|-weather|SunnyDay|[upkeep]\n|upkeep\n|turn|3\n|\n|t:|1699236965\n|move|p2a: Ribombee|Stun Spore|p1a: Torkoal\n|-status|p1a: Torkoal|par\n|move|p1a: Torkoal|Flamethrower|p2a: Ribombee\n|-crit|p2a: Ribombee\n|-damage|p2a: Ribombee|0 fnt\n|faint|p2a: Ribombee\n|\n|-weather|SunnyDay|[upkeep]\n|upkeep\n|\n|t:|1699236990\n|switch|p2a: Nidoking|Nidoking, M|100\/100\n|-damage|p2a: Nidoking|95\/100|[from] Stealth Rock\n|turn|4\n|\n|t:|1699237006\n|move|p2a: Nidoking|Earth Power|p1a: Torkoal\n|-supereffective|p1a: Torkoal\n|-damage|p1a: Torkoal|0 fnt\n|faint|p1a: Torkoal\n|\n|-weather|SunnyDay|[upkeep]\n|upkeep\n|\n|t:|1699237018\n|switch|p1a: Latias|Latias, F|100\/100\n|turn|5\n|\n|t:|1699237034\n|-terastallize|p1a: Latias|Steel\n|move|p1a: Latias|Calm Mind|p1a: Latias\n|-boost|p1a: Latias|spa|1\n|-boost|p1a: Latias|spd|1\n|move|p2a: Nidoking|Fire Blast|p1a: Latias\n|-supereffective|p1a: Latias\n|-damage|p1a: Latias|21\/100\n|\n|-weather|SunnyDay|[upkeep]\n|-heal|p1a: Latias|27\/100|[from] item: Leftovers\n|upkeep\n|turn|6\n|c|\u2606MiraGraves|Oof\n|\n|t:|1699237050\n|switch|p2a: Lopunny|Lopunny, F|100\/100\n|-damage|p2a: Lopunny|88\/100|[from] Stealth Rock\n|move|p1a: Latias|Ice Beam|p2a: Lopunny\n|-damage|p2a: Lopunny|39\/100\n|\n|-weather|SunnyDay|[upkeep]\n|-heal|p1a: Latias|33\/100|[from] item: Leftovers\n|upkeep\n|turn|7\n|\n|t:|1699237060\n|detailschange|p2a: Lopunny|Lopunny-Mega, F\n|-mega|p2a: Lopunny|Lopunny|Lopunnite\n|move|p2a: Lopunny|Close Combat|p1a: Latias\n|-supereffective|p1a: Latias\n|-damage|p1a: Latias|0 fnt\n|-unboost|p2a: Lopunny|def|1\n|-unboost|p2a: Lopunny|spd|1\n|faint|p1a: Latias\n|\n|-weather|SunnyDay|[upkeep]\n|upkeep\n|\n|t:|1699237069\n|switch|p1a: Blacephalon|Blacephalon|100\/100\n|-activate|p1a: Blacephalon|move: Sticky Web\n|-unboost|p1a: Blacephalon|spe|1\n|turn|8\n|\n|t:|1699237085\n|move|p2a: Lopunny|Close Combat|p1a: Blacephalon\n|-damage|p1a: Blacephalon|0 fnt\n|-unboost|p2a: Lopunny|def|1\n|-unboost|p2a: Lopunny|spd|1\n|faint|p1a: Blacephalon\n|\n|-weather|none\n|upkeep\n|\n|t:|1699237095\n|switch|p1a: Heatran|Heatran, F|100\/100\n|-item|p1a: Heatran|Air Balloon\n|turn|9\n|\n|t:|1699237100\n|move|p2a: Lopunny|Close Combat|p1a: Heatran\n|-supereffective|p1a: Heatran\n|-damage|p1a: Heatran|0 fnt\n|-unboost|p2a: Lopunny|def|1\n|-unboost|p2a: Lopunny|spd|1\n|-enditem|p1a: Heatran|Air Balloon\n|faint|p1a: Heatran\n|\n|upkeep\n|\n|t:|1699237107\n|switch|p1a: Zekrom|Zekrom|100\/100\n|-activate|p1a: Zekrom|move: Sticky Web\n|-unboost|p1a: Zekrom|spe|1\n|-ability|p1a: Zekrom|Teravolt\n|turn|10\n|\n|t:|1699237138\n|move|p2a: Lopunny|Close Combat|p1a: Zekrom\n|-damage|p1a: Zekrom|48\/100\n|-unboost|p2a: Lopunny|def|1\n|-unboost|p2a: Lopunny|spd|1\n|move|p1a: Zekrom|Dragon Claw|p2a: Lopunny\n|-damage|p2a: Lopunny|0 fnt\n|faint|p2a: Lopunny\n|\n|upkeep\n|\n|t:|1699237152\n|switch|p2a: Nidoking|Nidoking, M|95\/100\n|-damage|p2a: Nidoking|89\/100|[from] Stealth Rock\n|turn|11\n|\n|t:|1699237169\n|move|p1a: Zekrom|Dragon Claw|p2a: Nidoking\n|-crit|p2a: Nidoking\n|-damage|p2a: Nidoking|0 fnt\n|faint|p2a: Nidoking\n|\n|upkeep\n|\n|t:|1699237185\n|switch|p2a: Eternatus|Eternatus|100\/100\n|-damage|p2a: Eternatus|88\/100|[from] Stealth Rock\n|-ability|p2a: Eternatus|Pressure\n|turn|12\n|\n|t:|1699237193\n|move|p2a: Eternatus|Dynamax Cannon|p1a: Zekrom\n|-supereffective|p1a: Zekrom\n|-damage|p1a: Zekrom|0 fnt\n|faint|p1a: Zekrom\n|\n|upkeep\n|\n|t:|1699237197\n|switch|p1a: Altaria|Altaria, F|100\/100\n|turn|13\n|\n|t:|1699237211\n|switch|p2a: Ogerpon|Ogerpon-Wellspring, F|100\/100\n|-damage|p2a: Ogerpon|88\/100|[from] Stealth Rock\n|detailschange|p1a: Altaria|Altaria-Mega, F\n|-mega|p1a: Altaria|Altaria|Altarianite\n|move|p1a: Altaria|Dragon Dance|p1a: Altaria\n|-boost|p1a: Altaria|atk|1\n|-boost|p1a: Altaria|spe|1\n|\n|upkeep\n|turn|14\n|\n|t:|1699237231\n|move|p1a: Altaria|Dragon Dance|p1a: Altaria\n|-boost|p1a: Altaria|atk|1\n|-boost|p1a: Altaria|spe|1\n|move|p2a: Ogerpon|Play Rough|p1a: Altaria\n|-supereffective|p1a: Altaria\n|-damage|p1a: Altaria|29\/100\n|\n|upkeep\n|turn|15\n|\n|t:|1699237245\n|move|p1a: Altaria|Return|p2a: Ogerpon\n|-damage|p2a: Ogerpon|0 fnt\n|faint|p2a: Ogerpon\n|\n|upkeep\n|\n|t:|1699237254\n|switch|p2a: Eternatus|Eternatus|88\/100\n|-damage|p2a: Eternatus|76\/100|[from] Stealth Rock\n|-ability|p2a: Eternatus|Pressure\n|turn|16\n|\n|t:|1699237266\n|move|p2a: Eternatus|Toxic|p1a: Altaria\n|-status|p1a: Altaria|tox\n|move|p1a: Altaria|Earthquake|p2a: Eternatus\n|-supereffective|p2a: Eternatus\n|-damage|p2a: Eternatus|0 fnt\n|faint|p2a: Eternatus\n|\n|-damage|p1a: Altaria|23\/100 tox|[from] psn\n|upkeep\n|\n|t:|1699237275\n|switch|p2a: Kyurem|Kyurem|100\/100\n|-damage|p2a: Kyurem|76\/100|[from] Stealth Rock\n|-ability|p2a: Kyurem|Pressure\n|turn|17\n|\n|t:|1699237280\n|move|p2a: Kyurem|Protect|p2a: Kyurem\n|-singleturn|p2a: Kyurem|Protect\n|move|p1a: Altaria|Return|p2a: Kyurem\n|-activate|p2a: Kyurem|move: Protect\n|\n|-heal|p2a: Kyurem|82\/100|[from] item: Leftovers\n|-damage|p1a: Altaria|10\/100 tox|[from] psn\n|upkeep\n|turn|18\n|\n|t:|1699237290\n|move|p2a: Kyurem|Protect|p2a: Kyurem\n|-singleturn|p2a: Kyurem|Protect\n|move|p1a: Altaria|Return|p2a: Kyurem\n|-activate|p2a: Kyurem|move: Protect\n|\n|-heal|p2a: Kyurem|88\/100|[from] item: Leftovers\n|-damage|p1a: Altaria|0 fnt|[from] psn\n|faint|p1a: Altaria\n|\n|win|Vario 64\u2606\u5f61\n|upkeep\n|c|\u2606MiraGraves|NRO\n|c|\u2606Vario 64\u2606\u5f61|Rip\n|c|\u2606MiraGraves|The double protect!!!\n|c|\u2606MiraGraves|WTF\n|c|\u2606MiraGraves|RNG\n|c|\u2606Vario 64\u2606\u5f61|im not gonna say i didnt fish for it\n|c|\u2606MiraGraves|GG\n|c|\u2606Vario 64\u2606\u5f61|Gg\n|c|\u2606MiraGraves|Was eteranatus scarfed?\n","uploadtime":1699237382,"views":9,"p1id":"miragraves","p2id":"vario64","formatid":"gen9nationaldexubers","rating":0,"private":0,"password":""}