{"id":"gen9nationaldexubers-1987959067","p1":"SuzumiSou","p2":"biden brane","format":"[Gen 9] National Dex Ubers","log":"|j|\u2606SuzumiSou\n|j|\u2606biden brane\n|t:|1699653231\n|gametype|singles\n|player|p1|SuzumiSou|winona|\n|player|p2|biden brane|giovanni|\n|teamsize|p1|6\n|teamsize|p2|6\n|gen|9\n|tier|[Gen 9] National Dex Ubers\n|rule|HP Percentage Mod: HP is shown in percentages\n|rule|Endless Battle Clause: Forcing endless battles is banned\n|rule|OHKO Clause: OHKO moves are banned\n|rule|Evasion Moves Clause: Evasion moves are banned\n|rule|Evasion Items Clause: Evasion items are banned\n|rule|Species Clause: Limit one of each Pok\u00e9mon\n|rule|Sleep Clause Mod: Limit one foe put to sleep\n|rule|Mega Rayquaza Clause: You cannot mega evolve Rayquaza\n|clearpoke\n|poke|p1|Gallade, M|\n|poke|p1|Zamazenta-*|\n|poke|p1|Blacephalon|\n|poke|p1|Gliscor, F|\n|poke|p1|Amoonguss, M|\n|poke|p1|Tatsugiri-Stretchy, F|\n|poke|p2|Dondozo, F|\n|poke|p2|Scizor, M|\n|poke|p2|Tornadus-Therian, M|\n|poke|p2|Heatran, F|\n|poke|p2|Rillaboom, M|\n|poke|p2|Darmanitan-Galar, M|\n|teampreview\n|j| crossedmoon\n|\n|t:|1699653245\n|start\n|switch|p1a: Zamazenta|Zamazenta-Crowned|100\/100\n|switch|p2a: Saber|Scizor, M|100\/100\n|-ability|p1a: Zamazenta|Dauntless Shield|boost\n|-boost|p1a: Zamazenta|def|1\n|turn|1\n|\n|t:|1699653255\n|detailschange|p2a: Saber|Scizor-Mega, M\n|-mega|p2a: Saber|Scizor|Scizorite\n|move|p1a: Zamazenta|Iron Defense|p1a: Zamazenta\n|-boost|p1a: Zamazenta|def|2\n|move|p2a: Saber|U-turn|p1a: Zamazenta\n|-resisted|p1a: Zamazenta\n|-damage|p1a: Zamazenta|98\/100\n|\n|t:|1699653264\n|switch|p2a: Kohaku|Dondozo, F|100\/100|[from] U-turn\n|\n|upkeep\n|turn|2\n|\n|t:|1699653272\n|move|p1a: Zamazenta|Iron Defense|p1a: Zamazenta\n|-boost|p1a: Zamazenta|def|2\n|move|p2a: Kohaku|Body Press|p1a: Zamazenta\n|-supereffective|p1a: Zamazenta\n|-damage|p1a: Zamazenta|72\/100\n|\n|upkeep\n|turn|3\n|\n|t:|1699653287\n|move|p2a: Kohaku|Protect|p2a: Kohaku\n|-singleturn|p2a: Kohaku|Protect\n|move|p1a: Zamazenta|Roar|p2a: Kohaku\n|drag|p2a: Saber|Scizor-Mega, M|100\/100\n|\n|upkeep\n|turn|4\n|\n|t:|1699653295\n|switch|p2a: Kohaku|Dondozo, F|100\/100\n|move|p1a: Zamazenta|Body Press|p2a: Kohaku\n|-damage|p2a: Kohaku|77\/100\n|\n|-heal|p2a: Kohaku|83\/100|[from] item: Leftovers\n|upkeep\n|turn|5\n|\n|t:|1699653313\n|switch|p1a: Blacephalon|Blacephalon|100\/100\n|move|p2a: Kohaku|Body Press|p1a: Blacephalon\n|-immune|p1a: Blacephalon\n|\n|-heal|p2a: Kohaku|89\/100|[from] item: Leftovers\n|upkeep\n|turn|6\n|\n|t:|1699653322\n|move|p1a: Blacephalon|Trick|p2a: Kohaku\n|-activate|p1a: Blacephalon|move: Trick|[of] p2a: Kohaku\n|-item|p2a: Kohaku|Choice Specs|[from] move: Trick\n|-item|p1a: Blacephalon|Leftovers|[from] move: Trick\n|move|p2a: Kohaku|Liquidation|p1a: Blacephalon\n|-supereffective|p1a: Blacephalon\n|-damage|p1a: Blacephalon|0 fnt\n|faint|p1a: Blacephalon\n|\n|upkeep\n|\n|t:|1699653336\n|switch|p1a: Tatsugiri|Tatsugiri-Stretchy, F|100\/100\n|turn|7\n|\n|t:|1699653343\n|switch|p2a: Hisui|Rillaboom, M, shiny|100\/100\n|-fieldstart|move: Grassy Terrain|[from] ability: Grassy Surge|[of] p2a: Hisui\n|move|p1a: Tatsugiri|Nasty Plot|p1a: Tatsugiri\n|-boost|p1a: Tatsugiri|spa|2\n|\n|upkeep\n|turn|8\n|\n|t:|1699653395\n|move|p1a: Tatsugiri|Draco Meteor|p2a: Hisui\n|-damage|p2a: Hisui|0 fnt\n|-unboost|p1a: Tatsugiri|spa|2\n|faint|p2a: Hisui\n|\n|upkeep\n|\n|t:|1699653401\n|switch|p2a: Honest Mids Mike|Darmanitan-Galar, M|100\/100\n|turn|9\n|\n|t:|1699653460\n|switch|p1a: Gliscor|Gliscor, F|100\/100\n|move|p2a: Honest Mids Mike|Substitute|p2a: Honest Mids Mike\n|-start|p2a: Honest Mids Mike|Substitute\n|-damage|p2a: Honest Mids Mike|75\/100\n|\n|-heal|p2a: Honest Mids Mike|82\/100|[from] Grassy Terrain\n|-status|p1a: Gliscor|tox|[from] item: Toxic Orb\n|upkeep\n|turn|10\n|inactive|Battle timer is ON: inactive players will automatically lose when time's up. (requested by biden brane)\n|\n|t:|1699653550\n|move|p1a: Gliscor|Protect|p1a: Gliscor\n|-singleturn|p1a: Gliscor|Protect\n|move|p2a: Honest Mids Mike|Belly Drum|p2a: Honest Mids Mike\n|-damage|p2a: Honest Mids Mike|32\/100\n|-setboost|p2a: Honest Mids Mike|atk|6|[from] move: Belly Drum\n|\n|-heal|p2a: Honest Mids Mike|38\/100|[from] Grassy Terrain\n|-formechange|p2a: Honest Mids Mike|Darmanitan-Galar-Zen|\n|upkeep\n|turn|11\n|inactive|SuzumiSou has 270 seconds left.\n|\n|t:|1699653598\n|move|p2a: Honest Mids Mike|Ice Punch|p1a: Gliscor\n|-supereffective|p1a: Gliscor\n|-damage|p1a: Gliscor|0 fnt\n|faint|p1a: Gliscor\n|\n|-heal|p2a: Honest Mids Mike|44\/100|[from] Grassy Terrain\n|-fieldend|move: Grassy Terrain\n|upkeep\n|inactive|SuzumiSou has 240 seconds left.\n|\n|t:|1699653645\n|switch|p1a: Amoonguss|Amoonguss, M|100\/100\n|turn|12\n|inactive|SuzumiSou has 210 seconds left.\n|\n|t:|1699653672\n|move|p2a: Honest Mids Mike|Earthquake|p1a: Amoonguss\n|-damage|p1a: Amoonguss|0 fnt\n|faint|p1a: Amoonguss\n|\n|upkeep\n|inactive|SuzumiSou has 180 seconds left.\n|\n|t:|1699653725\n|switch|p1a: Gallade|Gallade, M|100\/100\n|turn|13\n|inactive|SuzumiSou has 150 seconds left.\n|\n|t:|1699653753\n|detailschange|p1a: Gallade|Gallade-Mega, M\n|-mega|p1a: Gallade|Gallade|Galladite\n|move|p2a: Honest Mids Mike|Earthquake|p1a: Gallade\n|-damage|p1a: Gallade|0 fnt\n|faint|p1a: Gallade\n|\n|upkeep\n|\n|t:|1699653759\n|switch|p1a: Zamazenta|Zamazenta-Crowned|72\/100\n|turn|14\n|\n|t:|1699653768\n|move|p1a: Zamazenta|Body Press|p2a: Honest Mids Mike\n|-supereffective|p2a: Honest Mids Mike\n|-end|p2a: Honest Mids Mike|Substitute\n|move|p2a: Honest Mids Mike|Earthquake|p1a: Zamazenta\n|-supereffective|p1a: Zamazenta\n|-damage|p1a: Zamazenta|0 fnt\n|faint|p1a: Zamazenta\n|\n|upkeep\n|\n|t:|1699653787\n|switch|p1a: Tatsugiri|Tatsugiri-Stretchy, F|100\/100\n|turn|15\n|\n|t:|1699653805\n|move|p2a: Honest Mids Mike|Substitute|p2a: Honest Mids Mike\n|-start|p2a: Honest Mids Mike|Substitute\n|-damage|p2a: Honest Mids Mike|19\/100\n|-enditem|p2a: Honest Mids Mike|Salac Berry|[eat]\n|-boost|p2a: Honest Mids Mike|spe|1|[from] item: Salac Berry\n|move|p1a: Tatsugiri|Draco Meteor|p2a: Honest Mids Mike\n|-end|p2a: Honest Mids Mike|Substitute\n|-unboost|p1a: Tatsugiri|spa|2\n|\n|upkeep\n|turn|16\n|\n|t:|1699653815\n|move|p2a: Honest Mids Mike|Ice Punch|p1a: Tatsugiri\n|-damage|p1a: Tatsugiri|0 fnt\n|faint|p1a: Tatsugiri\n|\n|win|biden brane\n|l|\u2606SuzumiSou\n|l| crossedmoon\n","uploadtime":1699653893,"views":34,"p1id":"suzumisou","p2id":"bidenbrane","formatid":"gen9nationaldexubers","rating":0,"private":0,"password":""}