{"id":"gen9nationaldexubers-1999270744","p1":"Linc11de7","p2":"Woomy N","format":"[Gen 9] National Dex Ubers","log":"|j|\u2606Linc11de7\n|j|\u2606Woomy N\n|t:|1701053252\n|gametype|singles\n|player|p1|Linc11de7|169|\n|player|p2|Woomy N|n|\n|teamsize|p1|6\n|teamsize|p2|6\n|gen|9\n|tier|[Gen 9] National Dex Ubers\n|rule|HP Percentage Mod: HP is shown in percentages\n|rule|Endless Battle Clause: Forcing endless battles is banned\n|rule|OHKO Clause: OHKO moves are banned\n|rule|Evasion Moves Clause: Evasion moves are banned\n|rule|Evasion Items Clause: Evasion items are banned\n|rule|Species Clause: Limit one of each Pok\u00e9mon\n|rule|Sleep Clause Mod: Limit one foe put to sleep\n|rule|Mega Rayquaza Clause: You cannot mega evolve Rayquaza\n|clearpoke\n|poke|p1|Electrode-Hisui|\n|poke|p1|Meowscarada, F|\n|poke|p1|Enamorus, F|\n|poke|p1|Volcanion|\n|poke|p1|Aegislash, F|\n|poke|p1|Absol, F|\n|poke|p2|Ursaluna-Bloodmoon, M|\n|poke|p2|Sandy Shocks|\n|poke|p2|Sceptile, F|\n|poke|p2|Tapu Fini|\n|poke|p2|Talonflame, F|\n|poke|p2|Wo-Chien|\n|teampreview\n|c|\u2606Woomy N|Glhf\n|c|\u2606Linc11de7|U2\n|j| Hadesofender\n|inactive|Battle timer is ON: inactive players will automatically lose when time's up. (requested by Linc11de7)\n|\n|t:|1701053357\n|start\n|switch|p1a: Meowscarada|Meowscarada, F|100\/100\n|switch|p2a: smoke and mirrors|Sceptile, F, shiny|100\/100\n|turn|1\n|inactiveoff|Battle timer is now OFF.\n|c|\u2606Woomy N|Also please no timer\n|j| tfgba\n|c|\u2606Linc11de7|Ik I was making sure I didn\u2019t lag out\n|c|\u2606Linc11de7|showdown on my phone is really weird\n|\n|t:|1701053387\n|move|p2a: smoke and mirrors|Protect|p2a: smoke and mirrors\n|-singleturn|p2a: smoke and mirrors|Protect\n|move|p1a: Meowscarada|U-turn|p2a: smoke and mirrors\n|-start|p1a: Meowscarada|typechange|Bug|[from] ability: Protean\n|-activate|p2a: smoke and mirrors|move: Protect\n|\n|upkeep\n|turn|2\n|\n|t:|1701053399\n|switch|p2a: abscond the plane|Talonflame, F, shiny|100\/100\n|move|p1a: Meowscarada|U-turn|p2a: abscond the plane\n|-resisted|p2a: abscond the plane\n|-damage|p2a: abscond the plane|90\/100\n|\n|t:|1701053408\n|switch|p1a: Volcanion|Volcanion|100\/100|[from] U-turn\n|\n|upkeep\n|turn|3\n|j| ND9T2 Comstockery\n|c| ND9T2 Comstockery|LINCON\n|c| Hadesofender|not burned, mans haxing alr\n|l|\u2606Linc11de7\n|player|p1|\n|j|\u2606Linc11de7\n|player|p1|Linc11de7|169\n|c|\u2606Linc11de7|Connor?\n|\n|t:|1701053508\n|switch|p2a: pacific rain|Tapu Fini, shiny|100\/100\n|-fieldstart|move: Misty Terrain|[from] ability: Misty Surge|[of] p2a: pacific rain\n|move|p1a: Volcanion|Steam Eruption|p2a: pacific rain\n|-resisted|p2a: pacific rain\n|-damage|p2a: pacific rain|60\/100\n|\n|upkeep\n|turn|4\n|c|\u2606Linc11de7|Did I lag\n|j| FocusSashRattatata\n|c|\u2606Linc11de7|Dawn league soon Connor\n|c|\u2606Linc11de7|You ready?\n|c| ND9T2 Comstockery|yes dude i love pokemon\n|\n|t:|1701053590\n|switch|p1a: Aegislash|Aegislash, F|100\/100\n|move|p2a: pacific rain|Knock Off|p1a: Aegislash\n|-supereffective|p1a: Aegislash\n|-damage|p1a: Aegislash|76\/100\n|-enditem|p1a: Aegislash|Leftovers|[from] move: Knock Off|[of] p2a: pacific rain\n|\n|upkeep\n|turn|5\n|c|\u2606Linc11de7|They should add av but for defense\n|\n|t:|1701053708\n|switch|p2a: noone was watching|Wo-Chien|100\/100\n|-ability|p2a: noone was watching|Tablets of Ruin\n|-formechange|p1a: Aegislash|Aegislash-Blade||[from] ability: Stance Change\n|move|p1a: Aegislash|Iron Head|p2a: noone was watching\n|-damage|p2a: noone was watching|69\/100\n|\n|-heal|p2a: noone was watching|75\/100|[from] item: Leftovers\n|upkeep\n|turn|6\n|c| Hadesofender|what an origional idea\n|c|\u2606Linc11de7|Ik\n|l| FocusSashRattatata\n|c|\u2606Linc11de7|Wait the sports channel is telling me there\u2019s a 50\/50 chance I get cancer in my life time\n|\n|t:|1701053786\n|move|p2a: noone was watching|Ruination|p1a: Aegislash\n|-damage|p1a: Aegislash|38\/100\n|move|p1a: Aegislash|Sacred Sword|p2a: noone was watching\n|-supereffective|p2a: noone was watching\n|-damage|p2a: noone was watching|26\/100\n|\n|-heal|p2a: noone was watching|32\/100|[from] item: Leftovers\n|upkeep\n|turn|7\n|c|\u2606Linc11de7|can we hurry this up so I can go have crisis\n|\n|t:|1701053812\n|move|p2a: noone was watching|Knock Off|p1a: Aegislash\n|-supereffective|p1a: Aegislash\n|-damage|p1a: Aegislash|0 fnt\n|faint|p1a: Aegislash\n|\n|-heal|p2a: noone was watching|38\/100|[from] item: Leftovers\n|-fieldend|Misty Terrain\n|upkeep\n|\n|t:|1701053825\n|switch|p1a: Volcanion|Volcanion|100\/100\n|turn|8\n|\n|t:|1701053838\n|move|p2a: noone was watching|Protect|p2a: noone was watching\n|-singleturn|p2a: noone was watching|Protect\n|move|p1a: Volcanion|Sludge Wave|p2a: noone was watching\n|-activate|p2a: noone was watching|move: Protect\n|\n|-heal|p2a: noone was watching|45\/100|[from] item: Leftovers\n|upkeep\n|turn|9\n|\n|t:|1701053873\n|switch|p2a: gold star|Ursaluna-Bloodmoon, M|100\/100\n|move|p1a: Volcanion|Sludge Wave|p2a: gold star\n|-resisted|p2a: gold star\n|-damage|p2a: gold star|71\/100\n|\n|upkeep\n|turn|10\n|\n|t:|1701053939\n|switch|p1a: Absol|Absol, F|100\/100\n|-ability|p1a: Absol|Pressure\n|move|p2a: gold star|Blood Moon|p1a: Absol\n|-damage|p1a: Absol|0 fnt\n|faint|p1a: Absol\n|\n|upkeep\n|\n|t:|1701053945\n|switch|p1a: Enamorus|Enamorus, F|100\/100\n|turn|11\n|j| pakkel34\n|l| pakkel34\n|\n|t:|1701054006\n|switch|p2a: look me in the eye|Sandy Shocks|100\/100\n|-enditem|p2a: look me in the eye|Booster Energy\n|-activate|p2a: look me in the eye|ability: Protosynthesis|[fromitem]\n|-start|p2a: look me in the eye|protosynthesisspe\n|move|p1a: Enamorus|Superpower|p2a: look me in the eye\n|-damage|p2a: look me in the eye|57\/100\n|-boost|p1a: Enamorus|atk|1\n|-boost|p1a: Enamorus|def|1\n|\n|upkeep\n|turn|12\n|\n|t:|1701054078\n|switch|p1a: Meowscarada|Meowscarada, F|100\/100\n|move|p2a: look me in the eye|Thunderbolt|p1a: Meowscarada\n|-resisted|p1a: Meowscarada\n|-damage|p1a: Meowscarada|66\/100\n|\n|upkeep\n|turn|13\n|j| Cuddersoup\n|\n|t:|1701054228\n|-terastallize|p2a: look me in the eye|Ice\n|move|p1a: Meowscarada|Play Rough|p2a: look me in the eye\n|-start|p1a: Meowscarada|typechange|Fairy|[from] ability: Protean\n|-damage|p2a: look me in the eye|5\/100\n|-unboost|p2a: look me in the eye|atk|1\n|move|p2a: look me in the eye|Tera Blast|p1a: Meowscarada|[anim] Tera Blast Ice\n|-damage|p1a: Meowscarada|12\/100\n|\n|upkeep\n|turn|14\n|\n|t:|1701054250\n|-end|p2a: look me in the eye|Protosynthesis|[silent]\n|switch|p2a: abscond the plane|Talonflame, F, shiny|90\/100\n|move|p1a: Meowscarada|Play Rough|p2a: abscond the plane\n|-resisted|p2a: abscond the plane\n|-damage|p2a: abscond the plane|62\/100\n|\n|upkeep\n|turn|15\n|l| Cuddersoup\n|\n|t:|1701054289\n|switch|p1a: Volcanion|Volcanion|100\/100\n|move|p2a: abscond the plane|U-turn|p1a: Volcanion\n|-resisted|p1a: Volcanion\n|-damage|p1a: Volcanion|95\/100\n|\n|t:|1701054318\n|switch|p2a: look me in the eye|Sandy Shocks, tera:Ice|5\/100|[from] U-turn\n|\n|upkeep\n|turn|16\n|\n|t:|1701054324\n|switch|p1a: Meowscarada|Meowscarada, F|12\/100\n|move|p2a: look me in the eye|Thunderbolt|p1a: Meowscarada\n|-resisted|p1a: Meowscarada\n|-damage|p1a: Meowscarada|0 fnt\n|faint|p1a: Meowscarada\n|\n|upkeep\n|\n|t:|1701054328\n|switch|p1a: Enamorus|Enamorus, F|100\/100\n|turn|17\n|\n|t:|1701054359\n|-end|p2a: look me in the eye|Protosynthesis|[silent]\n|switch|p2a: abscond the plane|Talonflame, F, shiny|62\/100\n|move|p1a: Enamorus|Superpower|p2a: abscond the plane\n|-resisted|p2a: abscond the plane\n|-damage|p2a: abscond the plane|37\/100\n|-boost|p1a: Enamorus|atk|1\n|-boost|p1a: Enamorus|def|1\n|\n|upkeep\n|turn|18\n|\n|t:|1701054374\n|move|p2a: abscond the plane|Will-O-Wisp|p1a: Enamorus\n|-status|p1a: Enamorus|brn\n|move|p1a: Enamorus|Agility|p1a: Enamorus\n|-unboost|p1a: Enamorus|spe|2\n|\n|-damage|p1a: Enamorus|94\/100 brn|[from] brn\n|upkeep\n|turn|19\n|c|\u2606Linc11de7|Eait\n|c|\u2606Linc11de7|wait\n|c|\u2606Woomy N|Hm\n|c| tfgba|growl big dog\n|c|\u2606Linc11de7|Calculated\n|\n|t:|1701054413\n|move|p2a: abscond the plane|Roost|p2a: abscond the plane\n|-heal|p2a: abscond the plane|87\/100\n|-singleturn|p2a: abscond the plane|move: Roost\n|move|p1a: Enamorus|Play Rough|p2a: abscond the plane\n|-resisted|p2a: abscond the plane\n|-damage|p2a: abscond the plane|67\/100\n|\n|-heal|p1a: Enamorus|100\/100 brn|[from] item: Leftovers\n|-damage|p1a: Enamorus|94\/100 brn|[from] brn\n|upkeep\n|turn|20\n|\n|t:|1701054473\n|switch|p2a: look me in the eye|Sandy Shocks, tera:Ice|5\/100\n|switch|p1a: Volcanion|Volcanion|95\/100\n|\n|upkeep\n|turn|21\n|\n|t:|1701054510\n|switch|p1a: Enamorus|Enamorus, F|94\/100 brn\n|move|p2a: look me in the eye|Thunderbolt|p1a: Enamorus\n|-supereffective|p1a: Enamorus\n|-damage|p1a: Enamorus|0 fnt\n|faint|p1a: Enamorus\n|\n|upkeep\n|\n|t:|1701054515\n|switch|p1a: Electrode|Electrode-Hisui|100\/100\n|turn|22\n|\n|t:|1701054538\n|move|p1a: Electrode|Thunderbolt|p2a: look me in the eye\n|-damage|p2a: look me in the eye|0 fnt\n|faint|p2a: look me in the eye\n|-end|p2a: look me in the eye|Protosynthesis|[silent]\n|\n|upkeep\n|\n|t:|1701054554\n|switch|p2a: noone was watching|Wo-Chien|45\/100\n|-ability|p2a: noone was watching|Tablets of Ruin\n|turn|23\n|\n|t:|1701054560\n|-terastallize|p1a: Electrode|Electric\n|move|p2a: noone was watching|Protect|p2a: noone was watching\n|-singleturn|p2a: noone was watching|Protect\n|move|p1a: Electrode|Tera Blast|p2a: noone was watching|[anim] Tera Blast Electric\n|-activate|p2a: noone was watching|move: Protect\n|\n|-heal|p2a: noone was watching|51\/100|[from] item: Leftovers\n|upkeep\n|turn|24\n|c|\u2606Linc11de7|That\u2019s not terra ice\n|\n|t:|1701054600\n|move|p1a: Electrode|Thunderbolt|p2a: noone was watching\n|-resisted|p2a: noone was watching\n|-damage|p2a: noone was watching|37\/100\n|move|p2a: noone was watching|Knock Off|p1a: Electrode\n|-damage|p1a: Electrode|48\/100\n|-status|p2a: noone was watching|par|[from] ability: Static|[of] p1a: Electrode\n|-enditem|p1a: Electrode|Expert Belt|[from] move: Knock Off|[of] p2a: noone was watching\n|\n|-heal|p2a: noone was watching|43\/100 par|[from] item: Leftovers\n|upkeep\n|turn|25\n|c| Hadesofender|oh yeah no ice is unfortunate asf huh\n|c|\u2606Linc11de7|You lost to terra ice to\n|\n|t:|1701054620\n|move|p1a: Electrode|Volt Switch|p2a: noone was watching\n|-resisted|p2a: noone was watching\n|-damage|p2a: noone was watching|33\/100 par\n|c|\u2606Linc11de7|unless av ursa\n|\n|t:|1701054629\n|switch|p1a: Volcanion|Volcanion|95\/100|[from] Volt Switch\n|move|p2a: noone was watching|Knock Off|p1a: Volcanion\n|-damage|p1a: Volcanion|71\/100\n|-enditem|p1a: Volcanion|Choice Specs|[from] move: Knock Off|[of] p2a: noone was watching\n|\n|-heal|p2a: noone was watching|40\/100 par|[from] item: Leftovers\n|upkeep\n|turn|26\n|\n|t:|1701054656\n|move|p1a: Volcanion|Flamethrower|p2a: noone was watching\n|-supereffective|p2a: noone was watching\n|-damage|p2a: noone was watching|0 fnt\n|faint|p2a: noone was watching\n|\n|upkeep\n|\n|t:|1701054704\n|switch|p2a: smoke and mirrors|Sceptile, F, shiny|100\/100\n|turn|27\n|\n|t:|1701054709\n|detailschange|p2a: smoke and mirrors|Sceptile-Mega, F, shiny\n|-mega|p2a: smoke and mirrors|Sceptile|Sceptilite\n|move|p2a: smoke and mirrors|Leaf Storm|p1a: Volcanion\n|-damage|p1a: Volcanion|0 fnt\n|-unboost|p2a: smoke and mirrors|spa|2\n|faint|p1a: Volcanion\n|\n|upkeep\n|\n|t:|1701054713\n|switch|p1a: Electrode|Electrode-Hisui, tera:Electric|48\/100\n|turn|28\n|c|\u2606Linc11de7|Oh it\u2019s not av either\n|\n|t:|1701054726\n|move|p1a: Electrode|Leaf Storm|p2a: smoke and mirrors\n|-resisted|p2a: smoke and mirrors\n|-damage|p2a: smoke and mirrors|85\/100\n|-unboost|p1a: Electrode|spa|2\n|move|p2a: smoke and mirrors|Dragon Pulse|p1a: Electrode\n|-damage|p1a: Electrode|10\/100\n|\n|upkeep\n|turn|29\n|c|\u2606Linc11de7|it took to much from sludge wave\n|j| Sillybandz\n|c|\u2606Linc11de7|Oh well\n|\n|t:|1701054741\n|move|p1a: Electrode|Leaf Storm|p2a: smoke and mirrors\n|-resisted|p2a: smoke and mirrors\n|-damage|p2a: smoke and mirrors|77\/100\n|-unboost|p1a: Electrode|spa|2\n|move|p2a: smoke and mirrors|Dragon Pulse|p1a: Electrode\n|-damage|p1a: Electrode|0 fnt\n|faint|p1a: Electrode\n|\n|win|Woomy N\n|c|\u2606Linc11de7|Gg\n|l| ND9T2 Comstockery\n|c|\u2606Woomy N|Gg\n|l| Sillybandz\n|l|\u2606Woomy N\n|l|\u2606Linc11de7\n|l| tfgba\n|j|\u2606Woomy N\n|player|p2|Woomy N|n\n","uploadtime":1701054755,"views":41,"p1id":"linc11de7","p2id":"woomyn","formatid":"gen9nationaldexubers","rating":0,"private":0,"password":""}