{"id":"gen9nationaldexubers-1991605890","p1":"mr Deuzp","p2":"tootmimi","format":"[Gen 9] National Dex Ubers","log":"|j|\u2606mr Deuzp\n|j|\u2606tootmimi\n|t:|1700093428\n|gametype|singles\n|player|p1|mr Deuzp|shadowtriad|1350\n|player|p2|tootmimi|2|1638\n|teamsize|p1|6\n|teamsize|p2|6\n|gen|9\n|tier|[Gen 9] National Dex Ubers\n|rated|\n|rule|HP Percentage Mod: HP is shown in percentages\n|rule|Endless Battle Clause: Forcing endless battles is banned\n|rule|OHKO Clause: OHKO moves are banned\n|rule|Evasion Moves Clause: Evasion moves are banned\n|rule|Evasion Items Clause: Evasion items are banned\n|rule|Species Clause: Limit one of each Pok\u00e9mon\n|rule|Sleep Clause Mod: Limit one foe put to sleep\n|rule|Mega Rayquaza Clause: You cannot mega evolve Rayquaza\n|clearpoke\n|poke|p1|Ho-Oh|\n|poke|p1|Pheromosa|\n|poke|p1|Naganadel|\n|poke|p1|Galvantula, M|\n|poke|p1|Shaymin-Sky|\n|poke|p1|Metagross|\n|poke|p2|Yveltal|\n|poke|p2|Calyrex-Ice|\n|poke|p2|Necrozma-Dusk-Mane|\n|poke|p2|Zacian-*|\n|poke|p2|Groudon|\n|poke|p2|Magearna|\n|teampreview\n|\n|t:|1700093439\n|start\n|switch|p1a: Galvantula|Galvantula, M, shiny|100\/100\n|switch|p2a: Yveltal|Yveltal|100\/100\n|-ability|p2a: Yveltal|Dark Aura\n|turn|1\n|inactive|Battle timer is ON: inactive players will automatically lose when time's up. (requested by tootmimi)\n|\n|t:|1700093447\n|move|p1a: Galvantula|Thunder Wave|p2a: Yveltal\n|-status|p2a: Yveltal|par\n|move|p2a: Yveltal|Knock Off|p1a: Galvantula\n|-enditem|p1a: Galvantula|Focus Sash\n|-damage|p1a: Galvantula|1\/100\n|\n|upkeep\n|turn|2\n|\n|t:|1700093454\n|move|p1a: Galvantula|Sticky Web|p2a: Yveltal\n|-sidestart|p2: tootmimi|move: Sticky Web\n|move|p2a: Yveltal|Knock Off|p1a: Galvantula\n|-damage|p1a: Galvantula|0 fnt\n|faint|p1a: Galvantula\n|\n|upkeep\n|\n|t:|1700093465\n|switch|p1a: Naganadel|Naganadel, shiny|100\/100\n|turn|3\n|\n|t:|1700093469\n|move|p1a: Naganadel|Nasty Plot|p1a: Naganadel\n|-boost|p1a: Naganadel|spa|2\n|cant|p2a: Yveltal|par\n|\n|upkeep\n|turn|4\n|\n|t:|1700093475\n|move|p1a: Naganadel|Nasty Plot|p1a: Naganadel\n|-boost|p1a: Naganadel|spa|2\n|cant|p2a: Yveltal|par\n|\n|upkeep\n|turn|5\n|\n|t:|1700093481\n|move|p1a: Naganadel|Nasty Plot|p1a: Naganadel\n|-boost|p1a: Naganadel|spa|2\n|cant|p2a: Yveltal|par\n|\n|upkeep\n|turn|6\n|c|\u2606tootmimi|\u2026\n|\n|t:|1700093506\n|cant|p2a: Yveltal|par\n|move|p1a: Naganadel|Sludge Bomb|p2a: Yveltal\n|-damage|p2a: Yveltal|0 fnt\n|faint|p2a: Yveltal\n|-ability|p1a: Naganadel|Beast Boost|boost\n|-boost|p1a: Naganadel|spe|1\n|\n|upkeep\n|\n|t:|1700093515\n|switch|p2a: Magearna|Magearna|100\/100\n|-activate|p2a: Magearna|move: Sticky Web\n|-unboost|p2a: Magearna|spe|1\n|turn|7\n|\n|t:|1700093519\n|move|p1a: Naganadel|Flamethrower|p2a: Magearna\n|-supereffective|p2a: Magearna\n|-damage|p2a: Magearna|0 fnt\n|faint|p2a: Magearna\n|-ability|p1a: Naganadel|Beast Boost|boost\n|-boost|p1a: Naganadel|spe|1\n|\n|upkeep\n|\n|t:|1700093533\n|switch|p2a: Necrozma|Necrozma-Dusk-Mane|100\/100\n|-activate|p2a: Necrozma|move: Sticky Web\n|-unboost|p2a: Necrozma|spe|1\n|turn|8\n|\n|t:|1700093538\n|-terastallize|p2a: Necrozma|Water\n|move|p1a: Naganadel|Flamethrower|p2a: Necrozma\n|-resisted|p2a: Necrozma\n|-damage|p2a: Necrozma|56\/100\n|move|p2a: Necrozma|Trick Room|p2a: Necrozma\n|-fieldstart|move: Trick Room|[of] p2a: Necrozma\n|\n|-heal|p2a: Necrozma|62\/100|[from] item: Leftovers\n|upkeep\n|turn|9\n|\n|t:|1700093548\n|move|p2a: Necrozma|Stealth Rock|p1a: Naganadel\n|-sidestart|p1: mr Deuzp|move: Stealth Rock\n|move|p1a: Naganadel|Sludge Bomb|p2a: Necrozma\n|-damage|p2a: Necrozma|0 fnt\n|faint|p2a: Necrozma\n|-ability|p1a: Naganadel|Beast Boost|boost\n|-boost|p1a: Naganadel|spe|1\n|\n|upkeep\n|\n|t:|1700093557\n|switch|p2a: Calyrex|Calyrex-Ice|100\/100\n|-ability|p2a: Calyrex|As One\n|-ability|p2a: Calyrex|Unnerve\n|turn|10\n|\n|t:|1700093563\n|move|p2a: Calyrex|Glacial Lance|p1a: Naganadel\n|-supereffective|p1a: Naganadel\n|-enditem|p1a: Naganadel|Focus Sash\n|-damage|p1a: Naganadel|1\/100\n|move|p1a: Naganadel|Flamethrower|p2a: Calyrex\n|-supereffective|p2a: Calyrex\n|-damage|p2a: Calyrex|0 fnt\n|faint|p2a: Calyrex\n|-ability|p1a: Naganadel|Beast Boost|boost\n|-boost|p1a: Naganadel|spe|1\n|\n|upkeep\n|\n|t:|1700093574\n|switch|p2a: Groudon|Groudon|100\/100\n|-activate|p2a: Groudon|move: Sticky Web\n|-unboost|p2a: Groudon|spe|1\n|detailschange|p2a: Groudon|Groudon-Primal\n|-primal|p2a: Groudon|Red Orb\n|-weather|DesolateLand|[from] ability: Desolate Land|[of] p2a: Groudon\n|turn|11\n|\n|t:|1700093582\n|move|p2a: Groudon|Earthquake|p1a: Naganadel\n|-supereffective|p1a: Naganadel\n|-damage|p1a: Naganadel|0 fnt\n|faint|p1a: Naganadel\n|\n|-weather|DesolateLand|[upkeep]\n|upkeep\n|\n|t:|1700093585\n|switch|p1a: Pheromosa|Pheromosa, shiny|100\/100\n|turn|12\n|\n|t:|1700093590\n|move|p2a: Groudon|Heat Crash|p1a: Pheromosa\n|-supereffective|p1a: Pheromosa\n|-damage|p1a: Pheromosa|0 fnt\n|faint|p1a: Pheromosa\n|\n|-weather|DesolateLand|[upkeep]\n|-fieldend|move: Trick Room\n|upkeep\n|\n|t:|1700093594\n|switch|p1a: Shaymin|Shaymin-Sky, shiny|100\/100\n|-damage|p1a: Shaymin|76\/100|[from] Stealth Rock\n|turn|13\n|\n|t:|1700093600\n|-terastallize|p1a: Shaymin|Flying\n|move|p1a: Shaymin|Air Slash|p2a: Groudon\n|-damage|p2a: Groudon|53\/100\n|cant|p2a: Groudon|flinch\n|\n|-weather|DesolateLand|[upkeep]\n|upkeep\n|turn|14\n|\n|t:|1700093607\n|move|p1a: Shaymin|Air Slash|p2a: Groudon\n|-damage|p2a: Groudon|8\/100\n|cant|p2a: Groudon|flinch\n|\n|-weather|DesolateLand|[upkeep]\n|upkeep\n|turn|15\n|c|\u2606tootmimi|So lucky\n|\n|t:|1700093624\n|move|p1a: Shaymin|Air Slash|p2a: Groudon\n|-damage|p2a: Groudon|0 fnt\n|faint|p2a: Groudon\n|-weather|none\n|\n|upkeep\n|\n|t:|1700093630\n|switch|p2a: Zacian|Zacian-Crowned|100\/100\n|-activate|p2a: Zacian|move: Sticky Web\n|-unboost|p2a: Zacian|spe|1\n|-ability|p2a: Zacian|Intrepid Sword|boost\n|-boost|p2a: Zacian|atk|1\n|turn|16\n|\n|t:|1700093636\n|move|p1a: Shaymin|Air Slash|p2a: Zacian\n|-resisted|p2a: Zacian\n|-damage|p2a: Zacian|78\/100\n|cant|p2a: Zacian|flinch\n|\n|upkeep\n|turn|17\n|\n|t:|1700093641\n|move|p1a: Shaymin|Air Slash|p2a: Zacian\n|-resisted|p2a: Zacian\n|-damage|p2a: Zacian|57\/100\n|cant|p2a: Zacian|flinch\n|\n|upkeep\n|turn|18\n|\n|t:|1700093647\n|move|p1a: Shaymin|Air Slash|p2a: Zacian|[miss]\n|-miss|p1a: Shaymin|p2a: Zacian\n|move|p2a: Zacian|Wild Charge|p1a: Shaymin\n|-supereffective|p1a: Shaymin\n|-damage|p1a: Shaymin|0 fnt\n|faint|p1a: Shaymin\n|-damage|p2a: Zacian|37\/100|[from] Recoil\n|\n|upkeep\n|\n|t:|1700093651\n|switch|p1a: Ho-Oh|Ho-Oh, shiny|100\/100\n|-damage|p1a: Ho-Oh|51\/100|[from] Stealth Rock\n|turn|19\n|\n|t:|1700093659\n|switch|p1a: Metagross|Metagross, shiny|100\/100\n|-damage|p1a: Metagross|95\/100|[from] Stealth Rock\n|move|p2a: Zacian|Wild Charge|p1a: Metagross\n|-damage|p1a: Metagross|50\/100\n|-damage|p2a: Zacian|26\/100|[from] Recoil\n|\n|upkeep\n|turn|20\n|\n|t:|1700093669\n|detailschange|p1a: Metagross|Metagross-Mega, shiny\n|-mega|p1a: Metagross|Metagross|Metagrossite\n|move|p1a: Metagross|Earthquake|p2a: Zacian\n|-supereffective|p2a: Zacian\n|-damage|p2a: Zacian|0 fnt\n|faint|p2a: Zacian\n|\n|win|mr Deuzp\n|raw|mr Deuzp's rating: 1350 &rarr; <strong>1384<\/strong><br \/>(+34 for winning)\n|raw|tootmimi's rating: 1638 &rarr; <strong>1604<\/strong><br \/>(-34 for losing)\n|l|\u2606tootmimi\n","uploadtime":1700093687,"views":7,"p1id":"mrdeuzp","p2id":"tootmimi","formatid":"gen9nationaldexubers","rating":1384,"private":0,"password":""}