{"id":"gen9nationaldexubers-1996567137","p1":"Yuinna.","p2":"Ginesect","format":"[Gen 9] National Dex Ubers","log":"|j|\u2606Yuinna.\n|j|\u2606Ginesect\n|t:|1700695142\n|gametype|singles\n|player|p1|Yuinna.|serena-masters|\n|player|p2|Ginesect|cynthia|\n|teamsize|p1|6\n|teamsize|p2|6\n|gen|9\n|tier|[Gen 9] National Dex Ubers\n|rule|HP Percentage Mod: HP is shown in percentages\n|rule|Endless Battle Clause: Forcing endless battles is banned\n|rule|OHKO Clause: OHKO moves are banned\n|rule|Evasion Moves Clause: Evasion moves are banned\n|rule|Evasion Items Clause: Evasion items are banned\n|rule|Species Clause: Limit one of each Pok\u00e9mon\n|rule|Sleep Clause Mod: Limit one foe put to sleep\n|rule|Mega Rayquaza Clause: You cannot mega evolve Rayquaza\n|clearpoke\n|poke|p1|Ribombee, M|\n|poke|p1|Medicham, M|\n|poke|p1|Ogerpon-Hearthflame, F|\n|poke|p1|Dragapult, M|\n|poke|p1|Manaphy|\n|poke|p1|Landorus-Therian, M|\n|poke|p2|Ninetales-Alola, F|\n|poke|p2|Baxcalibur, M|\n|poke|p2|Iron Bundle|\n|poke|p2|Weavile, M|\n|poke|p2|Arctozolt|\n|poke|p2|Gliscor, M|\n|teampreview\n|inactive|Battle timer is ON: inactive players will automatically lose when time's up. (requested by Yuinna.)\n|\n|t:|1700695168\n|start\n|switch|p1a: Ribombee|Ribombee, M|100\/100\n|switch|p2a: Ninetales|Ninetales-Alola, F|100\/100\n|-weather|Snow|[from] ability: Snow Warning|[of] p2a: Ninetales\n|turn|1\n|\n|t:|1700695182\n|move|p2a: Ninetales|Encore||[still]\n|-fail|p2a: Ninetales\n|move|p1a: Ribombee|Sticky Web|p2a: Ninetales\n|-sidestart|p2: Ginesect|move: Sticky Web\n|\n|-weather|Snow|[upkeep]\n|upkeep\n|turn|2\n|c|\u2606Ginesect|Damn it's faster\n|\n|t:|1700695195\n|switch|p1a: Ogerpon|Ogerpon-Hearthflame, F|100\/100\n|-ability|p1a: Ogerpon|Mold Breaker\n|move|p2a: Ninetales|Aurora Veil|p2a: Ninetales\n|-sidestart|p2: Ginesect|move: Aurora Veil\n|\n|-weather|Snow|[upkeep]\n|upkeep\n|turn|3\n|\n|t:|1700695205\n|switch|p2a: Gliscor|Gliscor, M|100\/100\n|move|p1a: Ogerpon|Swords Dance|p1a: Ogerpon\n|-boost|p1a: Ogerpon|atk|2\n|\n|-weather|Snow|[upkeep]\n|-status|p2a: Gliscor|tox|[from] item: Toxic Orb\n|upkeep\n|turn|4\n|\n|t:|1700695211\n|move|p1a: Ogerpon|Power Whip|p2a: Gliscor|[miss]\n|-miss|p1a: Ogerpon|p2a: Gliscor\n|move|p2a: Gliscor|Defog|p1a: Ogerpon\n|-unboost|p1a: Ogerpon|evasion|1\n|-sideend|p2: Ginesect|Sticky Web|[from] move: Defog|[of] p2a: Gliscor\n|\n|-weather|Snow|[upkeep]\n|upkeep\n|turn|5\n|\n|t:|1700695219\n|move|p1a: Ogerpon|Power Whip|p2a: Gliscor\n|-damage|p2a: Gliscor|58\/100 tox\n|move|p2a: Gliscor|Stealth Rock|p1a: Ogerpon\n|-sidestart|p1: Yuinna.|move: Stealth Rock\n|\n|-weather|Snow|[upkeep]\n|-heal|p2a: Gliscor|70\/100 tox|[from] ability: Poison Heal\n|upkeep\n|turn|6\n|\n|t:|1700695226\n|move|p1a: Ogerpon|Knock Off|p2a: Gliscor\n|-crit|p2a: Gliscor\n|-damage|p2a: Gliscor|0 fnt\n|-enditem|p2a: Gliscor|Toxic Orb|[from] move: Knock Off|[of] p1a: Ogerpon\n|faint|p2a: Gliscor\n|\n|-weather|Snow|[upkeep]\n|-sideend|p2: Ginesect|move: Aurora Veil\n|upkeep\n|\n|t:|1700695234\n|switch|p2a: Ninetales|Ninetales-Alola, F|100\/100\n|turn|7\n|\n|t:|1700695244\n|move|p1a: Ogerpon|Ivy Cudgel|p2a: Ninetales|[anim] Ivy Cudgel Fire\n|-supereffective|p2a: Ninetales\n|-damage|p2a: Ninetales|0 fnt\n|faint|p2a: Ninetales\n|\n|-weather|Snow|[upkeep]\n|upkeep\n|c|\u2606Ginesect|Bruh misclick switch lo\n|c|\u2606Ginesect|Lol\n|inactive|Ginesect has 270 seconds left.\n|\n|t:|1700695277\n|switch|p2a: Iron Bundle|Iron Bundle|100\/100\n|turn|8\n|\n|t:|1700695284\n|move|p2a: Iron Bundle|Hydro Pump|p1a: Ogerpon\n|-damage|p1a: Ogerpon|0 fnt\n|faint|p1a: Ogerpon\n|\n|-weather|none\n|upkeep\n|\n|t:|1700695292\n|switch|p1a: Medicham|Medicham, M|100\/100\n|-damage|p1a: Medicham|94\/100|[from] Stealth Rock\n|turn|9\n|\n|t:|1700695299\n|-end|p2a: Iron Bundle|Quark Drive|[silent]\n|switch|p2a: Arctozolt|Arctozolt|100\/100\n|detailschange|p1a: Medicham|Medicham-Mega, M\n|-mega|p1a: Medicham|Medicham|Medichamite\n|move|p1a: Medicham|Fake Out|p2a: Arctozolt\n|-damage|p2a: Arctozolt|73\/100\n|\n|upkeep\n|turn|10\n|\n|t:|1700695306\n|move|p1a: Medicham|High Jump Kick|p2a: Arctozolt|[miss]\n|-miss|p1a: Medicham|p2a: Arctozolt\n|-damage|p1a: Medicham|45\/100|[from] highjumpkick\n|move|p2a: Arctozolt|Bolt Beak|p1a: Medicham\n|-damage|p1a: Medicham|0 fnt\n|faint|p1a: Medicham\n|-damage|p2a: Arctozolt|63\/100|[from] item: Life Orb\n|\n|upkeep\n|c|\u2606Ginesect|Lol\n|\n|t:|1700695313\n|switch|p1a: Ribombee|Ribombee, M|100\/100\n|-damage|p1a: Ribombee|76\/100|[from] Stealth Rock\n|turn|11\n|\n|t:|1700695330\n|switch|p2a: Iron Bundle|Iron Bundle|100\/100\n|move|p1a: Ribombee|Sticky Web|p2a: Iron Bundle\n|-sidestart|p2: Ginesect|move: Sticky Web\n|\n|upkeep\n|turn|12\n|\n|t:|1700695334\n|move|p2a: Iron Bundle|Freeze-Dry|p1a: Ribombee\n|-damage|p1a: Ribombee|0 fnt\n|faint|p1a: Ribombee\n|\n|upkeep\n|\n|t:|1700695337\n|switch|p1a: Dragapult|Dragapult, M|100\/100\n|-damage|p1a: Dragapult|88\/100|[from] Stealth Rock\n|turn|13\n|\n|t:|1700695343\n|move|p1a: Dragapult|Thunderbolt|p2a: Iron Bundle\n|-supereffective|p2a: Iron Bundle\n|-damage|p2a: Iron Bundle|0 fnt\n|faint|p2a: Iron Bundle\n|-end|p2a: Iron Bundle|Quark Drive|[silent]\n|\n|upkeep\n|c|\u2606Ginesect|Damn\n|c|\u2606Yuinna.|what restriction?\n|\n|t:|1700695358\n|switch|p2a: Weavile|Weavile, M|100\/100\n|-activate|p2a: Weavile|move: Sticky Web\n|-unboost|p2a: Weavile|spe|1\n|-ability|p2a: Weavile|Pressure\n|turn|14\n|\n|t:|1700695377\n|switch|p1a: Manaphy|Manaphy|100\/100\n|-damage|p1a: Manaphy|88\/100|[from] Stealth Rock\n|move|p2a: Weavile|Icicle Crash|p1a: Manaphy\n|-resisted|p1a: Manaphy\n|-damage|p1a: Manaphy|69\/100\n|\n|upkeep\n|turn|15\n|\n|t:|1700695386\n|switch|p2a: Arctozolt|Arctozolt|63\/100\n|-activate|p2a: Arctozolt|move: Sticky Web\n|-unboost|p2a: Arctozolt|spe|1\n|move|p1a: Manaphy|Tail Glow|p1a: Manaphy\n|-boost|p1a: Manaphy|spa|3\n|\n|upkeep\n|turn|16\n|\n|t:|1700695392\n|move|p1a: Manaphy|Dazzling Gleam|p2a: Arctozolt\n|-damage|p2a: Arctozolt|0 fnt\n|faint|p2a: Arctozolt\n|\n|upkeep\n|\n|t:|1700695395\n|switch|p2a: Weavile|Weavile, M|100\/100\n|-activate|p2a: Weavile|move: Sticky Web\n|-unboost|p2a: Weavile|spe|1\n|-ability|p2a: Weavile|Pressure\n|turn|17\n|\n|t:|1700695405\n|-terastallize|p2a: Weavile|Dark\n|move|p1a: Manaphy|Dazzling Gleam|p2a: Weavile\n|-supereffective|p2a: Weavile\n|-enditem|p2a: Weavile|Focus Sash\n|-damage|p2a: Weavile|1\/100\n|move|p2a: Weavile|Knock Off|p1a: Manaphy\n|-damage|p1a: Manaphy|26\/100\n|\n|upkeep\n|turn|18\n|\n|t:|1700695412\n|move|p1a: Manaphy|Dazzling Gleam|p2a: Weavile\n|-supereffective|p2a: Weavile\n|-crit|p2a: Weavile\n|-damage|p2a: Weavile|0 fnt\n|faint|p2a: Weavile\n|\n|upkeep\n|c|\u2606Yuinna.|gg\n|c|\u2606Ginesect|gg\n|c|\u2606Ginesect|Misclick switch into alolatales wasvdumb\n|\n|t:|1700695433\n|switch|p2a: Baxcalibur|Baxcalibur, M|100\/100\n|-activate|p2a: Baxcalibur|move: Sticky Web\n|-unboost|p2a: Baxcalibur|spe|1\n|turn|19\n|\n|t:|1700695441\n|move|p1a: Manaphy|Dazzling Gleam|p2a: Baxcalibur\n|-supereffective|p2a: Baxcalibur\n|-damage|p2a: Baxcalibur|0 fnt\n|faint|p2a: Baxcalibur\n|\n|win|Yuinna.\n|c|\u2606Yuinna.|ye gg\n","uploadtime":1700695448,"views":4,"p1id":"yuinna","p2id":"ginesect","formatid":"gen9nationaldexubers","rating":0,"private":0,"password":""}