{"id":"gen9nationaldexubers-1983907160","p1":"Moonz_e","p2":"Bug Maniac Swaggy","format":"[Gen 9] National Dex Ubers","log":"|j|\u2606Moonz_e\n|j|\u2606Bug Maniac Swaggy\n|t:|1699198607\n|gametype|singles\n|player|p1|Moonz_e|caitlin-masters|\n|player|p2|Bug Maniac Swaggy|whitney|\n|teamsize|p1|6\n|teamsize|p2|6\n|gen|9\n|tier|[Gen 9] National Dex Ubers\n|rule|HP Percentage Mod: HP is shown in percentages\n|rule|Endless Battle Clause: Forcing endless battles is banned\n|rule|OHKO Clause: OHKO moves are banned\n|rule|Evasion Moves Clause: Evasion moves are banned\n|rule|Evasion Items Clause: Evasion items are banned\n|rule|Species Clause: Limit one of each Pok\u00e9mon\n|rule|Sleep Clause Mod: Limit one foe put to sleep\n|rule|Mega Rayquaza Clause: You cannot mega evolve Rayquaza\n|clearpoke\n|poke|p1|Ogerpon-Hearthflame, F|\n|poke|p1|Torkoal, M|\n|poke|p1|Charizard, M|\n|poke|p1|Volcanion|\n|poke|p1|Typhlosion-Hisui, F|\n|poke|p1|Moltres|\n|poke|p2|Charizard, M|\n|poke|p2|Iron Valiant|\n|poke|p2|Sinistcha-Masterpiece|\n|poke|p2|Zapdos|\n|poke|p2|Ferrothorn, F|\n|poke|p2|Landorus-Therian, M|\n|teampreview\n|c|\u2606Moonz_e|Glhf\n|c|\u2606Bug Maniac Swaggy|glhf!\n|j| ArcticIzagi\n|c| ArcticIzagi|good luck to both of you\n|c|\u2606Bug Maniac Swaggy|ill take care of replays again\n|c|\u2606Moonz_e|Water Tea, right?\n|c|\u2606Bug Maniac Swaggy|yeh\n|j| AhiruChan\n|j| Astro Rifk\n|\n|t:|1699198659\n|start\n|switch|p1a: Revolt|Volcanion|100\/100\n|switch|p2a: Non Funkible Token|Landorus-Therian, M|100\/100\n|-ability|p2a: Non Funkible Token|Intimidate|boost\n|-unboost|p1a: Revolt|atk|1\n|turn|1\n|c| AhiruChan|Go moonz!\n|j| GrundleGrimace\n|c|\u2606Moonz_e|Oh shit i forgor\n|j| Destinum\n|c|\u2606Moonz_e|Oh it won't change ;-;\n|c|\u2606Moonz_e|Welp\n|c| ArcticIzagi|avatar?\n|c|\u2606Moonz_e|Yr\n|c|\u2606Moonz_e|Ye\n|\n|t:|1699198715\n|move|p2a: Non Funkible Token|U-turn|p1a: Revolt\n|-resisted|p1a: Revolt\n|-damage|p1a: Revolt|90\/100\n|\n|t:|1699198721\n|switch|p2a: Misericorde|Sinistcha-Masterpiece|100\/100|[from] U-turn\n|move|p1a: Revolt|Steam Eruption|p2a: Misericorde\n|-resisted|p2a: Misericorde\n|-damage|p2a: Misericorde|73\/100\n|-status|p2a: Misericorde|brn\n|\n|-heal|p2a: Misericorde|79\/100 brn|[from] item: Leftovers\n|-heal|p1a: Revolt|96\/100|[from] item: Leftovers\n|-damage|p2a: Misericorde|76\/100 brn|[from] brn\n|upkeep\n|turn|2\n|c| Destinum|You have your usual avatar on my screen.\n|j| IncandescentCandle\n|c|\u2606Moonz_e|I know\n|c|\u2606Bug Maniac Swaggy|oh yeah burn is halved with heatproof awesome\n|c| AhiruChan|Me too\n|\n|t:|1699198755\n|move|p2a: Misericorde|Calm Mind|p2a: Misericorde\n|-boost|p2a: Misericorde|spa|1\n|-boost|p2a: Misericorde|spd|1\n|move|p1a: Revolt|Flamethrower|p2a: Misericorde\n|-supereffective|p2a: Misericorde\n|-damage|p2a: Misericorde|45\/100 brn\n|\n|-heal|p1a: Revolt|100\/100|[from] item: Leftovers\n|-heal|p2a: Misericorde|51\/100 brn|[from] item: Leftovers\n|-damage|p2a: Misericorde|48\/100 brn|[from] brn\n|upkeep\n|turn|3\n|\n|t:|1699198767\n|move|p1a: Revolt|Haze|p1a: Revolt\n|-clearallboost\n|move|p2a: Misericorde|Strength Sap|p1a: Revolt\n|-unboost|p1a: Revolt|atk|1\n|-heal|p2a: Misericorde|100\/100 brn\n|\n|-damage|p2a: Misericorde|98\/100 brn|[from] brn\n|upkeep\n|turn|4\n|c|\u2606Bug Maniac Swaggy|oh speed tie\n|c| IncandescentCandle|Where have I seen this before?\n|c| AhiruChan|Deja vu\n|c| Astro Rifk|something something ive been here before\n|\n|t:|1699198809\n|switch|p2a: Howl|Charizard, M|100\/100\n|move|p1a: Revolt|Flamethrower|p2a: Howl\n|-resisted|p2a: Howl\n|-damage|p2a: Howl|75\/100\n|\n|upkeep\n|turn|5\n|c|\u2606Moonz_e|Is it a speed tie?\n|c|\u2606Bug Maniac Swaggy|yeh\n|c|\u2606Moonz_e|That's a really specific speed to have on a Sinistcha\n|c| AhiruChan|Also why tf is\n|c|\u2606Bug Maniac Swaggy|we have the same base speed\n|c| IncandescentCandle|You're both 0 speed\n|c| IncandescentCandle|They're the same base\n|c|\u2606Bug Maniac Swaggy|yer\n|\n|t:|1699198862\n|detailschange|p2a: Howl|Charizard-Mega-Y, M\n|-mega|p2a: Howl|Charizard|Charizardite Y\n|-weather|SunnyDay|[from] ability: Drought|[of] p2a: Howl\n|move|p2a: Howl|Solar Beam||[still]\n|-prepare|p2a: Howl|Solar Beam\n|-anim|p2a: Howl|Solar Beam|p1a: Revolt\n|-damage|p1a: Revolt|58\/100\n|move|p1a: Revolt|Steam Eruption|p2a: Howl\n|-supereffective|p2a: Howl\n|-damage|p2a: Howl|26\/100\n|\n|-weather|SunnyDay|[upkeep]\n|-heal|p1a: Revolt|64\/100|[from] item: Leftovers\n|upkeep\n|turn|6\n|c| AhiruChan|Strength sap is still\n|c| AhiruChan|16 bp\n|c| AhiruChan|Flamethrowarrrr\n|c| ArcticIzagi|why not, i guess\n|\n|t:|1699198920\n|switch|p2a: Fitnah|Zapdos|100\/100\n|switch|p1a: Villain|Charizard, M|100\/100\n|\n|-weather|SunnyDay|[upkeep]\n|upkeep\n|turn|7\n|\n|t:|1699198943\n|detailschange|p1a: Villain|Charizard-Mega-X, M\n|-mega|p1a: Villain|Charizard|Charizardite X\n|move|p1a: Villain|Dragon Dance|p1a: Villain\n|-boost|p1a: Villain|atk|1\n|-boost|p1a: Villain|spe|1\n|move|p2a: Fitnah|Volt Switch|p1a: Villain\n|-resisted|p1a: Villain\n|-damage|p1a: Villain|82\/100\n|c| Destinum|This Charizard is pretty dangerous.\n|c|\u2606Moonz_e|MOVE FAST BABY DON'T BE SLOOOOOW\n|c|\u2606Bug Maniac Swaggy|i dont remember if youre jolly or not\n|c|\u2606Moonz_e|STEP ASIDE, RELOAD, TIME TO GOOO\n|c| AhiruChan|Moonz and her mega zard is like alain and his\n|c|\u2606Moonz_e|I CAN'T SEEM TO CONTROL\n|c| AhiruChan|WE HAVE DECIDED TO GO AGAINST YOUR FATE\n|c|\u2606Moonz_e|ALL THIS RAGE THAT'S INSIDE ME\n|c|\u2606Moonz_e|Zard pulled his Devil Trigger\n|\n|t:|1699199030\n|switch|p2a: Non Funkible Token|Landorus-Therian, M|100\/100|[from] Volt Switch\n|-ability|p2a: Non Funkible Token|Intimidate|boost\n|-unboost|p1a: Villain|atk|1\n|\n|-weather|SunnyDay|[upkeep]\n|upkeep\n|turn|8\n|j| Viviexists\n|\n|t:|1699199118\n|switch|p2a: Howl|Charizard-Mega-Y, M|26\/100\n|move|p1a: Villain|Blaze Kick|p2a: Howl\n|-resisted|p2a: Howl\n|-damage|p2a: Howl|0 fnt\n|faint|p2a: Howl\n|\n|-weather|SunnyDay|[upkeep]\n|upkeep\n|c| AhiruChan|The kick\n|c|\u2606Moonz_e|ALL OF THESE THOUGHTS RUNNIN' THROUGH MY HEAD\n|c|\u2606Moonz_e|ARM ON FIRE, VEINS BURNIN' RED\n|c| AhiruChan|I dont play the raiden game >:\n|c|\u2606Moonz_e|FRUSTRATION IS GETTIN'BIGGER\n|\n|t:|1699199163\n|switch|p2a: Misericorde|Sinistcha-Masterpiece|98\/100 brn\n|turn|9\n|c|\u2606Moonz_e|BANG BANG BANG, PULL MY DEVIL TRIGGER\n|\n|t:|1699199176\n|move|p1a: Villain|Dragon Dance|p1a: Villain\n|-boost|p1a: Villain|atk|1\n|-boost|p1a: Villain|spe|1\n|move|p2a: Misericorde|Strength Sap|p1a: Villain\n|-unboost|p1a: Villain|atk|1\n|-heal|p2a: Misericorde|100\/100 brn\n|\n|-weather|none\n|-damage|p2a: Misericorde|98\/100 brn|[from] brn\n|upkeep\n|turn|10\n|\n|t:|1699199197\n|move|p1a: Villain|Dragon Claw|p2a: Misericorde\n|-damage|p2a: Misericorde|57\/100 brn\n|move|p2a: Misericorde|Calm Mind|p2a: Misericorde\n|-boost|p2a: Misericorde|spa|1\n|-boost|p2a: Misericorde|spd|1\n|\n|-heal|p2a: Misericorde|64\/100 brn|[from] item: Leftovers\n|-damage|p2a: Misericorde|61\/100 brn|[from] brn\n|upkeep\n|turn|11\n|\n|t:|1699199209\n|move|p1a: Villain|Blaze Kick|p2a: Misericorde|[miss]\n|-miss|p1a: Villain|p2a: Misericorde\n|move|p2a: Misericorde|Strength Sap|p1a: Villain\n|-unboost|p1a: Villain|atk|1\n|-heal|p2a: Misericorde|100\/100 brn\n|\n|-damage|p2a: Misericorde|98\/100 brn|[from] brn\n|upkeep\n|turn|12\n|c|\u2606Moonz_e|NOOOOO\n|c| ArcticIzagi|damn\n|c|\u2606Bug Maniac Swaggy|come on misericorde\n|\n|t:|1699199240\n|switch|p1a: Growing Older|Torkoal, M|100\/100\n|-weather|SunnyDay|[from] ability: Drought|[of] p1a: Growing Older\n|move|p2a: Misericorde|Calm Mind|p2a: Misericorde\n|-boost|p2a: Misericorde|spa|1\n|-boost|p2a: Misericorde|spd|1\n|\n|-weather|SunnyDay|[upkeep]\n|-heal|p2a: Misericorde|100\/100 brn|[from] item: Leftovers\n|-damage|p2a: Misericorde|98\/100 brn|[from] brn\n|upkeep\n|turn|13\n|\n|t:|1699199253\n|move|p2a: Misericorde|Shadow Ball|p1a: Growing Older\n|-damage|p1a: Growing Older|11\/100\n|move|p1a: Growing Older|Stealth Rock|p2a: Misericorde\n|-sidestart|p2: Bug Maniac Swaggy|move: Stealth Rock\n|\n|-weather|SunnyDay|[upkeep]\n|-heal|p2a: Misericorde|100\/100 brn|[from] item: Leftovers\n|-damage|p2a: Misericorde|98\/100 brn|[from] brn\n|upkeep\n|turn|14\n|\n|t:|1699199263\n|switch|p1a: I Need A Surgeon|Moltres|100\/100\n|move|p2a: Misericorde|Calm Mind|p2a: Misericorde\n|-boost|p2a: Misericorde|spa|1\n|-boost|p2a: Misericorde|spd|1\n|\n|-weather|SunnyDay|[upkeep]\n|-heal|p2a: Misericorde|100\/100 brn|[from] item: Leftovers\n|-damage|p2a: Misericorde|98\/100 brn|[from] brn\n|upkeep\n|turn|15\n|c| Viviexists|SINISTCHA YEAHHH\n|c|\u2606Bug Maniac Swaggy|sinistcha gaming\n|\n|t:|1699199283\n|move|p1a: I Need A Surgeon|U-turn|p2a: Misericorde\n|-damage|p2a: Misericorde|87\/100 brn\n|c| IncandescentCandle|This is insane.\n|c| Viviexists|Its weirdly funny how moonz folds to sinistcha\n|c| Viviexists|lmao\n|\n|t:|1699199300\n|switch|p1a: Revolt|Volcanion|64\/100|[from] U-turn\n|move|p2a: Misericorde|Shadow Ball|p1a: Revolt\n|-damage|p1a: Revolt|0 fnt\n|faint|p1a: Revolt\n|\n|-weather|SunnyDay|[upkeep]\n|-heal|p2a: Misericorde|93\/100 brn|[from] item: Leftovers\n|-damage|p2a: Misericorde|90\/100 brn|[from] brn\n|upkeep\n|c| Astro Rifk|the level of gaming is unprecedented\n|c| Destinum|When a Grass-type sweeps Mono Fire.\n|c|\u2606Bug Maniac Swaggy|heatproof babyyyy\n|\n|t:|1699199312\n|switch|p1a: Everybody Knows|Ogerpon-Hearthflame, F|100\/100\n|-ability|p1a: Everybody Knows|Mold Breaker\n|turn|16\n|c| AhiruChan|THE OGERPON\n|c| Destinum|Maybe a pickup for future teams Athy?\n|c| ArcticIzagi|come on, ogerpon gaming\n|c| IncandescentCandle|Sinistcha is quite excellent I'm fully aware\n|c| AhiruChan|CRIT BONK\n|c| IncandescentCandle|However in this particular instance I didn't run it, because Lilligant-Hisui is geniunely one of the most dishonestly broken pokemon I've ever ran\n|c| AhiruChan|CRIT BONK\n|c| AhiruChan|crit bonk\n|\n|t:|1699199404\n|-terastallize|p1a: Everybody Knows|Fire\n|detailschange|p1a: Everybody Knows|Ogerpon-Hearthflame-Tera, F, tera:Fire\n|-ability|p1a: Everybody Knows|Embody Aspect (Hearthflame)|boost\n|-boost|p1a: Everybody Knows|atk|1\n|-terastallize|p2a: Misericorde|Water\n|move|p1a: Everybody Knows|Horn Leech|p2a: Misericorde\n|-supereffective|p2a: Misericorde\n|-damage|p2a: Misericorde|0 fnt\n|faint|p2a: Misericorde\n|\n|-weather|SunnyDay|[upkeep]\n|upkeep\n|c|\u2606Moonz_e|YESS\n|c| IncandescentCandle|omg\n|c|\u2606Bug Maniac Swaggy|shiiiit\n|c| ArcticIzagi|YES\n|c| GrundleGrimace|Insane\n|c| AhiruChan|RHE FUCKING PREDICT\n|c| AhiruChan|hsgudjshdhd\n|c|\u2606Moonz_e|I SEE THE FUTURE\n|c| Viviexists|Holy shit\n|c| ArcticIzagi|THE THIRD EYE\n|c| AhiruChan|MOONZ ADOPT ME\n|c| ArcticIzagi|ENLIGHTENMENT\n|c| AhiruChan|FUCKING ADOPT ME RN\n|c| Viviexists|HUH\n|c|\u2606Bug Maniac Swaggy|well now i lose to typhlosion F\n|\n|t:|1699199455\n|switch|p2a: Spectrum of Sin|Iron Valiant|100\/100\n|-damage|p2a: Spectrum of Sin|94\/100|[from] Stealth Rock\n|turn|17\n|c| Destinum|Not sure about Everybody, but Moonz for sure fucking Knows!\n|c| AhiruChan|Prettt sure it's gg now\n|\n|t:|1699199468\n|move|p2a: Spectrum of Sin|Close Combat|p1a: Everybody Knows\n|-damage|p1a: Everybody Knows|17\/100\n|-unboost|p2a: Spectrum of Sin|def|1\n|-unboost|p2a: Spectrum of Sin|spd|1\n|-damage|p2a: Spectrum of Sin|85\/100|[from] item: Life Orb\n|move|p1a: Everybody Knows|Ivy Cudgel|p2a: Spectrum of Sin\n|-damage|p2a: Spectrum of Sin|0 fnt\n|faint|p2a: Spectrum of Sin\n|-end|p2a: Spectrum of Sin|Quark Drive|[silent]\n|\n|-weather|SunnyDay|[upkeep]\n|upkeep\n|j| El Zappo\n|c| AhiruChan|BONK\n|\n|t:|1699199482\n|switch|p2a: Non Funkible Token|Landorus-Therian, M|100\/100\n|-damage|p2a: Non Funkible Token|88\/100|[from] Stealth Rock\n|-ability|p2a: Non Funkible Token|Intimidate|boost\n|-unboost|p1a: Everybody Knows|atk|1\n|turn|18\n|c| AhiruChan|BONKKKKK\n|\n|t:|1699199500\n|switch|p1a: Villain|Charizard-Mega-X, M|82\/100\n|move|p2a: Non Funkible Token|Earthquake|p1a: Villain\n|-supereffective|p1a: Villain\n|-damage|p1a: Villain|0 fnt\n|faint|p1a: Villain\n|\n|-weather|SunnyDay|[upkeep]\n|upkeep\n|c| AhiruChan|Aw >:\n|\n|t:|1699199509\n|switch|p1a: I Need A Surgeon|Moltres|100\/100\n|turn|19\n|c| IncandescentCandle|hm\n|c|\u2606Moonz_e|This is scarf Ahiru\n|c| Astro Rifk|hm\n|c| AhiruChan|Oh\n|c|\u2606Bug Maniac Swaggy|dont worry ill clutch in game 3\n|c| Astro Rifk|wait wheres g2\n|c| Destinum|This is game 1.\n|j| Jamwo j\n|c|\u2606Bug Maniac Swaggy|nah this is game 1 but im pretending like ill win game 2\n|c|\u2606Bug Maniac Swaggy|(i wont)\n|c| AhiruChan|Typhosion:\n|c| IncandescentCandle|Swaggy noooo\n|c| Astro Rifk|nah u clutch\n|\n|t:|1699199577\n|switch|p2a: Terminal Ludicity|Ferrothorn, F|100\/100\n|-damage|p2a: Terminal Ludicity|94\/100|[from] Stealth Rock\n|move|p1a: I Need A Surgeon|Will-O-Wisp|p2a: Terminal Ludicity\n|-status|p2a: Terminal Ludicity|brn\n|\n|-weather|none\n|-heal|p2a: Terminal Ludicity|100\/100 brn|[from] item: Leftovers\n|-damage|p2a: Terminal Ludicity|94\/100 brn|[from] brn\n|upkeep\n|turn|20\n|l| El Zappo\n|\n|t:|1699199589\n|move|p1a: I Need A Surgeon|U-turn|p2a: Terminal Ludicity\n|-damage|p2a: Terminal Ludicity|84\/100 brn\n|-damage|p1a: I Need A Surgeon|88\/100|[from] ability: Iron Barbs|[of] p2a: Terminal Ludicity\n|\n|t:|1699199593\n|switch|p1a: Growing Older|Torkoal, M|11\/100|[from] U-turn\n|-weather|SunnyDay|[from] ability: Drought|[of] p1a: Growing Older\n|move|p2a: Terminal Ludicity|Stealth Rock|p1a: Growing Older\n|-sidestart|p1: Moonz_e|move: Stealth Rock\n|\n|-weather|SunnyDay|[upkeep]\n|-heal|p2a: Terminal Ludicity|90\/100 brn|[from] item: Leftovers\n|-damage|p2a: Terminal Ludicity|84\/100 brn|[from] brn\n|upkeep\n|turn|21\n|c| AhiruChan|THE SUN IS REAL\n|c| AhiruChan|RAPID SPIN SARC\n|c|\u2606Bug Maniac Swaggy|lol speed tie\n|\n|t:|1699199619\n|move|p2a: Terminal Ludicity|Stealth Rock||[still]\n|-fail|p2a: Terminal Ludicity\n|move|p1a: Growing Older|Rapid Spin|p2a: Terminal Ludicity\n|-resisted|p2a: Terminal Ludicity\n|-damage|p2a: Terminal Ludicity|81\/100 brn\n|-boost|p1a: Growing Older|spe|1\n|-damage|p1a: Growing Older|0 fnt|[from] ability: Iron Barbs|[of] p2a: Terminal Ludicity\n|faint|p1a: Growing Older\n|\n|-weather|SunnyDay|[upkeep]\n|-heal|p2a: Terminal Ludicity|87\/100 brn|[from] item: Leftovers\n|-damage|p2a: Terminal Ludicity|81\/100 brn|[from] brn\n|upkeep\n|c| IncandescentCandle|fuck\n|c|\u2606Bug Maniac Swaggy|well fuck me\n|c|\u2606Moonz_e|Suicide is badass\n|c| AhiruChan|AND SHE LOST THE SPEED TIE\n|\n|t:|1699199632\n|switch|p1a: Not An Option|Typhlosion-Hisui, F|100\/100\n|-damage|p1a: Not An Option|76\/100|[from] Stealth Rock\n|turn|22\n|c| ArcticIzagi|thyphlosion gaming\n|c| Destinum|I mean... Rocks are still up folks.\n|c|\u2606Bug Maniac Swaggy|wait\n|c| IncandescentCandle|fitnah holds\n|c| AhiruChan|Wait\n|c|\u2606Moonz_e|Yeah why tho\n|c|\u2606Bug Maniac Swaggy|rocks are still up?\n|c| IncandescentCandle|cause you died to iron barbs\n|c|\u2606Bug Maniac Swaggy|tf\n|c| AhiruChan|Ohhh u died\n|j| El Zappo\n|c|\u2606Moonz_e|Not that it matters bt\n|c|\u2606Bug Maniac Swaggy|OHHHH\n|c| Jamwo j|Bc pokemon is a dumb game\n|c|\u2606Moonz_e|Byt\n|c|\u2606Bug Maniac Swaggy|lol\n|c| AhiruChan|Rocks stays if u died\n|c|\u2606Moonz_e|But\n|c| AhiruChan|LMAO\n|c| Destinum|Because Torkoal died to Iron Barbs.\n|c|\u2606Bug Maniac Swaggy|click fire blast if real\n|\n|t:|1699199672\n|move|p1a: Not An Option|Eruption|p2a: Terminal Ludicity\n|-supereffective|p2a: Terminal Ludicity\n|-damage|p2a: Terminal Ludicity|0 fnt\n|faint|p2a: Terminal Ludicity\n|\n|-weather|SunnyDay|[upkeep]\n|upkeep\n|c| IncandescentCandle|miss eruption\n|\n|t:|1699199678\n|switch|p2a: Fitnah|Zapdos|100\/100\n|turn|23\n|c| Jamwo j|It cares abt the speed that wont matter bc u faint but not removint the rocks\n|c| AhiruChan|76% ERUPTION GOOOO\n|\n|t:|1699199691\n|move|p1a: Not An Option|Eruption|p2a: Fitnah\n|-damage|p2a: Fitnah|24\/100\n|move|p2a: Fitnah|Hurricane|p1a: Not An Option\n|-crit|p1a: Not An Option\n|-damage|p1a: Not An Option|0 fnt\n|faint|p1a: Not An Option\n|\n|-weather|SunnyDay|[upkeep]\n|upkeep\n|c|\u2606Bug Maniac Swaggy|YOOOOO\n|c| IncandescentCandle|GOAT\n|c|\u2606Bug Maniac Swaggy|WHAT\n|c|\u2606Moonz_e|Oh really?\n|c| IncandescentCandle|FITNAH\n|c|\u2606Bug Maniac Swaggy|LETS GO\n|c| IncandescentCandle|HOLDS\n|\n|t:|1699199702\n|switch|p1a: I Need A Surgeon|Moltres|88\/100\n|turn|24\n|c| El Zappo|50%\n|c| AhiruChan|WAIT WAIT\n|c| El Zappo|THE GAMBLER\n|c| IncandescentCandle|IT FUCKING HOLDS\n|\n|t:|1699199712\n|move|p2a: Fitnah|Volt Switch|p1a: I Need A Surgeon\n|-supereffective|p1a: I Need A Surgeon\n|-damage|p1a: I Need A Surgeon|47\/100\n|c| Astro Rifk|FIRST KILL\n|c| Astro Rifk|WOOOO\n|c|\u2606Bug Maniac Swaggy|IM FASTER?\n|c|\u2606Bug Maniac Swaggy|shit\n|c| IncandescentCandle|well shit\n|c| El Zappo|JOHNNY GUULTY GEAR, THE MAN HATED BY THE GOD OF FAILURE\n|\n|t:|1699199722\n|switch|p2a: Non Funkible Token|Landorus-Therian, M|88\/100|[from] Volt Switch\n|-damage|p2a: Non Funkible Token|76\/100|[from] Stealth Rock\n|-ability|p2a: Non Funkible Token|Intimidate|boost\n|-unboost|p1a: I Need A Surgeon|atk|1\n|move|p1a: I Need A Surgeon|Will-O-Wisp|p2a: Non Funkible Token\n|-status|p2a: Non Funkible Token|brn\n|\n|-weather|SunnyDay|[upkeep]\n|-damage|p2a: Non Funkible Token|70\/100 brn|[from] brn\n|upkeep\n|turn|25\n|c| Destinum|Zapdos is faster than Moltres, yes.\n|c| IncandescentCandle|wait it doesnt matter\n|c|\u2606Bug Maniac Swaggy|this is fine\n|c| IncandescentCandle|hearthflame is dead to rights\n|c|\u2606Bug Maniac Swaggy|just dont miss\n|c|\u2606Bug Maniac Swaggy|pls\n|c| Astro Rifk|its prob a tie\n|c|\u2606Moonz_e|Hm\n|c| AhiruChan|It misses:\n|c|\u2606Moonz_e|I think i misplayed\n|c| Astro Rifk|nvm\n|c| AhiruChan|GO MOONZ\n|c| Astro Rifk|im goofy\n|\n|t:|1699199752\n|move|p2a: Non Funkible Token|Stone Edge|p1a: I Need A Surgeon\n|-supereffective|p1a: I Need A Surgeon\n|-crit|p1a: I Need A Surgeon\n|-damage|p1a: I Need A Surgeon|0 fnt\n|faint|p1a: I Need A Surgeon\n|\n|-weather|SunnyDay|[upkeep]\n|-damage|p2a: Non Funkible Token|64\/100 brn|[from] brn\n|upkeep\n|c|\u2606Bug Maniac Swaggy|WE'RE UUUPP\n|c|\u2606Moonz_e|Yup, should've defoged\n|c|\u2606Moonz_e|Welp, gg\n|\n|t:|1699199769\n|switch|p1a: Everybody Knows|Ogerpon-Hearthflame-Tera, F, tera:Fire|17\/100\n|-damage|p1a: Everybody Knows|0 fnt|[from] Stealth Rock\n|faint|p1a: Everybody Knows\n|\n|win|Bug Maniac Swaggy\n|c|\u2606Bug Maniac Swaggy|gg\n|c| Astro Rifk|tfw the air is getting warmer around you\n|l| Jamwo j\n|l| Astro Rifk\n|c| AhiruChan|Nuuuuu\n|l|\u2606Bug Maniac Swaggy\n|l| AhiruChan\n|c| Destinum|And this Moonz, is why you should have just gone Typhlosion to revenge kill Landorus instead of fucking around with Moltres for no reason.\n|c| Viviexists|If you defogged lando just outsped and killed hearthflame anyway\n|c| Viviexists|but\n|c| Viviexists|miss chance so\n|l| El Zappo\n|l| ArcticIzagi\n","uploadtime":1699199775,"views":16,"p1id":"moonze","p2id":"bugmaniacswaggy","formatid":"gen9nationaldexubers","rating":0,"private":0,"password":""}