{"id":"gen9nationaldexubers-1982162003","p1":"RetlawDB","p2":"Duckgmr425zzz","format":"[Gen 9] National Dex Ubers","log":"|j|\u2606RetlawDB\n|j|\u2606Duckgmr425zzz\n|t:|1698974287\n|gametype|singles\n|player|p1|RetlawDB|wattson|1123\n|player|p2|Duckgmr425zzz|marnie-masters3|1211\n|teamsize|p1|6\n|teamsize|p2|6\n|gen|9\n|tier|[Gen 9] National Dex Ubers\n|rated|\n|rule|HP Percentage Mod: HP is shown in percentages\n|rule|Endless Battle Clause: Forcing endless battles is banned\n|rule|OHKO Clause: OHKO moves are banned\n|rule|Evasion Moves Clause: Evasion moves are banned\n|rule|Evasion Items Clause: Evasion items are banned\n|rule|Species Clause: Limit one of each Pok\u00e9mon\n|rule|Sleep Clause Mod: Limit one foe put to sleep\n|rule|Mega Rayquaza Clause: You cannot mega evolve Rayquaza\n|clearpoke\n|poke|p1|Vikavolt, F|\n|poke|p1|Cradily, F|\n|poke|p1|Drifblim, M|\n|poke|p1|Golisopod, M|\n|poke|p1|Houndoom, M|\n|poke|p1|Avalugg, F|\n|poke|p2|Salamence, M|\n|poke|p2|Ninetales-Alola, F|\n|poke|p2|Aegislash, M|\n|poke|p2|Yveltal|\n|poke|p2|Darmanitan, M|\n|poke|p2|Milotic, F|\n|teampreview\n|\n|t:|1698974300\n|start\n|switch|p1a: Val|Avalugg, F|100\/100\n|switch|p2a: Darmanitan|Darmanitan, M|100\/100\n|turn|1\n|\n|t:|1698974312\n|move|p2a: Darmanitan|Flare Blitz|p1a: Val\n|-supereffective|p1a: Val\n|-damage|p1a: Val|24\/100\n|-damage|p2a: Darmanitan|72\/100|[from] Recoil\n|move|p1a: Val|Earthquake|p2a: Darmanitan\n|-supereffective|p2a: Darmanitan\n|-damage|p2a: Darmanitan|0 fnt\n|faint|p2a: Darmanitan\n|\n|upkeep\n|\n|t:|1698974325\n|switch|p2a: Ninetales|Ninetales-Alola, F|100\/100\n|-weather|Snow|[from] ability: Snow Warning|[of] p2a: Ninetales\n|turn|2\n|\n|t:|1698974346\n|move|p2a: Ninetales|Aurora Veil|p2a: Ninetales\n|-sidestart|p2: Duckgmr425zzz|move: Aurora Veil\n|move|p1a: Val|Gyro Ball|p2a: Ninetales\n|-supereffective|p2a: Ninetales\n|-damage|p2a: Ninetales|7\/100\n|\n|-weather|Snow|[upkeep]\n|upkeep\n|turn|3\n|\n|t:|1698974356\n|move|p2a: Ninetales|Moonblast|p1a: Val\n|-damage|p1a: Val|0 fnt\n|faint|p1a: Val\n|\n|-weather|Snow|[upkeep]\n|upkeep\n|\n|t:|1698974364\n|switch|p1a: Victoria|Vikavolt, F|100\/100\n|turn|4\n|\n|t:|1698974372\n|move|p2a: Ninetales|Freeze-Dry|p1a: Victoria\n|-damage|p1a: Victoria|60\/100\n|move|p1a: Victoria|Volt Switch|p2a: Ninetales\n|-damage|p2a: Ninetales|0 fnt\n|faint|p2a: Ninetales\n|\n|t:|1698974384\n|switch|p1a: Globito|Drifblim, M|100\/100|[from] Volt Switch\n|\n|-weather|Snow|[upkeep]\n|upkeep\n|\n|t:|1698974393\n|switch|p2a: Milotic|Milotic, F|100\/100\n|turn|5\n|\n|t:|1698974402\n|switch|p1a: Victoria|Vikavolt, F|60\/100\n|move|p2a: Milotic|Toxic|p1a: Victoria|[miss]\n|-miss|p2a: Milotic|p1a: Victoria\n|\n|-weather|Snow|[upkeep]\n|-status|p2a: Milotic|brn|[from] item: Flame Orb\n|upkeep\n|turn|6\n|\n|t:|1698974411\n|switch|p2a: Aegislash|Aegislash, M|100\/100\n|move|p1a: Victoria|Sticky Web|p2a: Aegislash\n|-sidestart|p2: Duckgmr425zzz|move: Sticky Web\n|\n|-weather|none\n|upkeep\n|turn|7\n|\n|t:|1698974418\n|move|p1a: Victoria|Volt Switch|p2a: Aegislash\n|-damage|p2a: Aegislash|86\/100\n|\n|t:|1698974426\n|switch|p1a: Horacio|Houndoom, M, shiny|100\/100|[from] Volt Switch\n|move|p2a: Aegislash|Swords Dance|p2a: Aegislash\n|-boost|p2a: Aegislash|atk|2\n|\n|-heal|p2a: Aegislash|92\/100|[from] item: Leftovers\n|upkeep\n|turn|8\n|\n|t:|1698974438\n|switch|p1a: Globito|Drifblim, M|100\/100\n|-formechange|p2a: Aegislash|Aegislash-Blade||[from] ability: Stance Change\n|move|p2a: Aegislash|Sacred Sword|p1a: Globito\n|-immune|p1a: Globito\n|\n|-heal|p2a: Aegislash|99\/100|[from] item: Leftovers\n|upkeep\n|turn|9\n|\n|t:|1698974450\n|-formechange|p2a: Aegislash|Aegislash||[from] ability: Stance Change\n|move|p2a: Aegislash|King's Shield|p2a: Aegislash\n|-singleturn|p2a: Aegislash|Protect\n|move|p1a: Globito|Hypnosis|p2a: Aegislash|[miss]\n|-miss|p1a: Globito|p2a: Aegislash\n|\n|-heal|p2a: Aegislash|100\/100|[from] item: Leftovers\n|-sideend|p2: Duckgmr425zzz|move: Aurora Veil\n|upkeep\n|turn|10\n|\n|t:|1698974460\n|-formechange|p2a: Aegislash|Aegislash-Blade||[from] ability: Stance Change\n|move|p2a: Aegislash|Shadow Sneak|p1a: Globito\n|-supereffective|p1a: Globito\n|-crit|p1a: Globito\n|-enditem|p1a: Globito|Focus Sash\n|-damage|p1a: Globito|1\/100\n|move|p1a: Globito|Shadow Ball|p2a: Aegislash\n|-supereffective|p2a: Aegislash\n|-damage|p2a: Aegislash|5\/100\n|-unboost|p2a: Aegislash|spd|1\n|\n|-heal|p2a: Aegislash|12\/100|[from] item: Leftovers\n|upkeep\n|turn|11\n|\n|t:|1698974485\n|-formechange|p2a: Aegislash|Aegislash||[from] ability: Stance Change\n|move|p2a: Aegislash|King's Shield|p2a: Aegislash\n|-singleturn|p2a: Aegislash|Protect\n|move|p1a: Globito|Shadow Ball|p2a: Aegislash\n|-activate|p2a: Aegislash|move: Protect\n|\n|-heal|p2a: Aegislash|18\/100|[from] item: Leftovers\n|upkeep\n|turn|12\n|\n|t:|1698974496\n|-formechange|p2a: Aegislash|Aegislash-Blade||[from] ability: Stance Change\n|move|p2a: Aegislash|Shadow Sneak|p1a: Globito\n|-supereffective|p1a: Globito\n|-damage|p1a: Globito|0 fnt\n|faint|p1a: Globito\n|\n|-heal|p2a: Aegislash|24\/100|[from] item: Leftovers\n|upkeep\n|\n|t:|1698974509\n|switch|p1a: Victoria|Vikavolt, F|60\/100\n|turn|13\n|l|\u2606Duckgmr425zzz\n|player|p2|\n|j|\u2606Duckgmr425zzz\n|player|p2|Duckgmr425zzz|marnie-masters3\n|\n|t:|1698974538\n|-formechange|p2a: Aegislash|Aegislash||[from] ability: Stance Change\n|move|p2a: Aegislash|King's Shield|p2a: Aegislash\n|-singleturn|p2a: Aegislash|Protect\n|move|p1a: Victoria|Thunderbolt|p2a: Aegislash\n|-activate|p2a: Aegislash|move: Protect\n|\n|-heal|p2a: Aegislash|30\/100|[from] item: Leftovers\n|upkeep\n|turn|14\n|\n|t:|1698974556\n|-formechange|p2a: Aegislash|Aegislash-Blade||[from] ability: Stance Change\n|move|p2a: Aegislash|Shadow Sneak|p1a: Victoria\n|-damage|p1a: Victoria|10\/100\n|move|p1a: Victoria|Volt Switch|p2a: Aegislash\n|-damage|p2a: Aegislash|0 fnt\n|faint|p2a: Aegislash\n|\n|t:|1698974570\n|switch|p1a: Cramberry|Cradily, F, shiny|100\/100|[from] Volt Switch\n|\n|upkeep\n|\n|t:|1698974578\n|switch|p2a: Milotic|Milotic, F|100\/100 brn\n|-activate|p2a: Milotic|move: Sticky Web\n|-unboost|p2a: Milotic|spe|1\n|turn|15\n|\n|t:|1698974583\n|move|p2a: Milotic|Toxic|p1a: Cramberry\n|-status|p1a: Cramberry|tox\n|move|p1a: Cramberry|Leech Seed|p2a: Milotic\n|-start|p2a: Milotic|move: Leech Seed\n|\n|-damage|p2a: Milotic|88\/100 brn|[from] Leech Seed|[of] p1a: Cramberry\n|-damage|p1a: Cramberry|94\/100 tox|[from] psn\n|-damage|p2a: Milotic|82\/100 brn|[from] brn\n|upkeep\n|turn|16\n|\n|t:|1698974602\n|switch|p2a: Yveltal|Yveltal|100\/100\n|-ability|p2a: Yveltal|Dark Aura\n|move|p1a: Cramberry|Giga Drain|p2a: Yveltal\n|-resisted|p2a: Yveltal\n|-damage|p2a: Yveltal|94\/100\n|-heal|p1a: Cramberry|98\/100 tox|[from] drain|[of] p2a: Yveltal\n|\n|-heal|p1a: Cramberry|100\/100 tox|[from] item: Leftovers\n|-damage|p1a: Cramberry|88\/100 tox|[from] psn\n|upkeep\n|turn|17\n|\n|t:|1698974618\n|-terastallize|p2a: Yveltal|Dark\n|move|p2a: Yveltal|Dark Pulse|p1a: Cramberry\n|-damage|p1a: Cramberry|35\/100 tox\n|move|p1a: Cramberry|Leech Seed|p2a: Yveltal\n|-start|p2a: Yveltal|move: Leech Seed\n|\n|-heal|p1a: Cramberry|41\/100 tox|[from] item: Leftovers\n|-damage|p2a: Yveltal|82\/100|[from] Leech Seed|[of] p1a: Cramberry\n|-heal|p1a: Cramberry|55\/100 tox|[silent]\n|-damage|p1a: Cramberry|37\/100 tox|[from] psn\n|upkeep\n|turn|18\n|\n|t:|1698974638\n|switch|p2a: Milotic|Milotic, F|82\/100 brn\n|-activate|p2a: Milotic|move: Sticky Web\n|-unboost|p2a: Milotic|spe|1\n|move|p1a: Cramberry|Recover|p1a: Cramberry\n|-heal|p1a: Cramberry|87\/100 tox\n|\n|-heal|p1a: Cramberry|93\/100 tox|[from] item: Leftovers\n|-damage|p1a: Cramberry|68\/100 tox|[from] psn\n|-damage|p2a: Milotic|76\/100 brn|[from] brn\n|upkeep\n|turn|19\n|\n|t:|1698974653\n|switch|p1a: Victoria|Vikavolt, F|10\/100\n|move|p2a: Milotic|Scald|p1a: Victoria\n|-damage|p1a: Victoria|0 fnt\n|faint|p1a: Victoria\n|\n|-damage|p2a: Milotic|70\/100 brn|[from] brn\n|upkeep\n|\n|t:|1698974666\n|switch|p1a: Gustavo|Golisopod, M, shiny|100\/100\n|turn|20\n|\n|t:|1698974670\n|move|p1a: Gustavo|First Impression|p2a: Milotic\n|-damage|p2a: Milotic|37\/100 brn\n|move|p2a: Milotic|Recover|p2a: Milotic\n|-heal|p2a: Milotic|87\/100 brn\n|\n|-damage|p2a: Milotic|81\/100 brn|[from] brn\n|upkeep\n|turn|21\n|\n|t:|1698974679\n|switch|p1a: Cramberry|Cradily, F, shiny|68\/100 tox\n|move|p2a: Milotic|Toxic|p1a: Cramberry\n|-fail|p1a: Cramberry|tox\n|\n|-heal|p1a: Cramberry|74\/100 tox|[from] item: Leftovers\n|-damage|p1a: Cramberry|68\/100 tox|[from] psn\n|-damage|p2a: Milotic|75\/100 brn|[from] brn\n|upkeep\n|turn|22\n|\n|t:|1698974697\n|switch|p2a: Yveltal|Yveltal, tera:Dark|82\/100\n|-activate|p2a: Yveltal|move: Sticky Web\n|-unboost|p2a: Yveltal|spe|1\n|-ability|p2a: Yveltal|Dark Aura\n|move|p1a: Cramberry|Leech Seed|p2a: Yveltal\n|-start|p2a: Yveltal|move: Leech Seed\n|\n|-heal|p1a: Cramberry|74\/100 tox|[from] item: Leftovers\n|-damage|p2a: Yveltal|69\/100|[from] Leech Seed|[of] p1a: Cramberry\n|-heal|p1a: Cramberry|88\/100 tox|[silent]\n|-damage|p1a: Cramberry|76\/100 tox|[from] psn\n|upkeep\n|turn|23\n|\n|t:|1698974724\n|move|p2a: Yveltal|Oblivion Wing|p1a: Cramberry\n|-damage|p1a: Cramberry|45\/100 tox\n|-heal|p2a: Yveltal|90\/100|[from] drain|[of] p1a: Cramberry\n|move|p1a: Cramberry|Recover|p1a: Cramberry\n|-heal|p1a: Cramberry|95\/100 tox\n|\n|-heal|p1a: Cramberry|100\/100 tox|[from] item: Leftovers\n|-damage|p2a: Yveltal|78\/100|[from] Leech Seed|[of] p1a: Cramberry\n|-damage|p1a: Cramberry|82\/100 tox|[from] psn\n|upkeep\n|turn|24\n|\n|t:|1698974738\n|move|p2a: Yveltal|Oblivion Wing|p1a: Cramberry\n|-damage|p1a: Cramberry|56\/100 tox\n|-heal|p2a: Yveltal|96\/100|[from] drain|[of] p1a: Cramberry\n|move|p1a: Cramberry|Rock Slide|p2a: Yveltal|[miss]\n|-miss|p1a: Cramberry|p2a: Yveltal\n|\n|-heal|p1a: Cramberry|62\/100 tox|[from] item: Leftovers\n|-damage|p2a: Yveltal|83\/100|[from] Leech Seed|[of] p1a: Cramberry\n|-heal|p1a: Cramberry|75\/100 tox|[silent]\n|-damage|p1a: Cramberry|51\/100 tox|[from] psn\n|upkeep\n|turn|25\n|\n|t:|1698974761\n|move|p2a: Yveltal|Oblivion Wing|p1a: Cramberry\n|-damage|p1a: Cramberry|21\/100 tox\n|-heal|p2a: Yveltal|100\/100|[from] drain|[of] p1a: Cramberry\n|move|p1a: Cramberry|Recover|p1a: Cramberry\n|-heal|p1a: Cramberry|71\/100 tox\n|\n|-heal|p1a: Cramberry|77\/100 tox|[from] item: Leftovers\n|-damage|p2a: Yveltal|88\/100|[from] Leech Seed|[of] p1a: Cramberry\n|-heal|p1a: Cramberry|91\/100 tox|[silent]\n|-damage|p1a: Cramberry|61\/100 tox|[from] psn\n|upkeep\n|turn|26\n|\n|t:|1698974795\n|switch|p1a: Horacio|Houndoom, M, shiny|100\/100\n|move|p2a: Yveltal|Oblivion Wing|p1a: Horacio\n|-damage|p1a: Horacio|33\/100\n|-heal|p2a: Yveltal|100\/100|[from] drain|[of] p1a: Horacio\n|\n|-damage|p2a: Yveltal|88\/100|[from] Leech Seed|[of] p1a: Horacio\n|-heal|p1a: Horacio|51\/100|[silent]\n|upkeep\n|turn|27\n|\n|t:|1698974808\n|switch|p2a: Milotic|Milotic, F|75\/100 brn\n|-activate|p2a: Milotic|move: Sticky Web\n|-unboost|p2a: Milotic|spe|1\n|detailschange|p1a: Horacio|Houndoom-Mega, M, shiny\n|-mega|p1a: Horacio|Houndoom|Houndoominite\n|move|p1a: Horacio|Flamethrower|p2a: Milotic\n|-resisted|p2a: Milotic\n|-damage|p2a: Milotic|60\/100 brn\n|\n|-damage|p2a: Milotic|54\/100 brn|[from] brn\n|upkeep\n|turn|28\n|\n|t:|1698974821\n|switch|p1a: Cramberry|Cradily, F, shiny|61\/100 tox\n|move|p2a: Milotic|Recover|p2a: Milotic\n|-heal|p2a: Milotic|100\/100 brn\n|\n|-heal|p1a: Cramberry|67\/100 tox|[from] item: Leftovers\n|-damage|p1a: Cramberry|61\/100 tox|[from] psn\n|-damage|p2a: Milotic|94\/100 brn|[from] brn\n|upkeep\n|turn|29\n|\n|t:|1698974834\n|move|p2a: Milotic|Scald|p1a: Cramberry\n|-ability|p1a: Cramberry|Storm Drain|boost\n|-boost|p1a: Cramberry|spa|1\n|move|p1a: Cramberry|Leech Seed|p2a: Milotic\n|-start|p2a: Milotic|move: Leech Seed\n|\n|-heal|p1a: Cramberry|67\/100 tox|[from] item: Leftovers\n|-damage|p2a: Milotic|82\/100 brn|[from] Leech Seed|[of] p1a: Cramberry\n|-heal|p1a: Cramberry|80\/100 tox|[silent]\n|-damage|p1a: Cramberry|68\/100 tox|[from] psn\n|-damage|p2a: Milotic|76\/100 brn|[from] brn\n|upkeep\n|turn|30\n|\n|t:|1698974848\n|move|p2a: Milotic|Recover|p2a: Milotic\n|-heal|p2a: Milotic|100\/100 brn\n|move|p1a: Cramberry|Giga Drain|p2a: Milotic\n|-supereffective|p2a: Milotic\n|-damage|p2a: Milotic|62\/100 brn\n|-heal|p1a: Cramberry|87\/100 tox|[from] drain|[of] p2a: Milotic\n|\n|-heal|p1a: Cramberry|94\/100 tox|[from] item: Leftovers\n|-damage|p2a: Milotic|50\/100 brn|[from] Leech Seed|[of] p1a: Cramberry\n|-heal|p1a: Cramberry|100\/100 tox|[silent]\n|-damage|p1a: Cramberry|82\/100 tox|[from] psn\n|-damage|p2a: Milotic|44\/100 brn|[from] brn\n|upkeep\n|turn|31\n|\n|t:|1698974863\n|move|p2a: Milotic|Recover|p2a: Milotic\n|-heal|p2a: Milotic|94\/100 brn\n|move|p1a: Cramberry|Giga Drain|p2a: Milotic\n|-supereffective|p2a: Milotic\n|-damage|p2a: Milotic|56\/100 brn\n|-heal|p1a: Cramberry|100\/100 tox|[from] drain|[of] p2a: Milotic\n|\n|-damage|p2a: Milotic|43\/100 brn|[from] Leech Seed|[of] p1a: Cramberry\n|-damage|p1a: Cramberry|76\/100 tox|[from] psn\n|-damage|p2a: Milotic|37\/100 brn|[from] brn\n|upkeep\n|turn|32\n|\n|t:|1698974885\n|switch|p1a: Gustavo|Golisopod, M, shiny|100\/100\n|move|p2a: Milotic|Recover|p2a: Milotic\n|-heal|p2a: Milotic|87\/100 brn\n|\n|-damage|p2a: Milotic|75\/100 brn|[from] Leech Seed|[of] p1a: Gustavo\n|-damage|p2a: Milotic|69\/100 brn|[from] brn\n|upkeep\n|turn|33\n|\n|t:|1698974894\n|switch|p1a: Cramberry|Cradily, F, shiny|76\/100 tox\n|move|p2a: Milotic|Toxic|p1a: Cramberry\n|-fail|p1a: Cramberry|tox\n|\n|-heal|p1a: Cramberry|82\/100 tox|[from] item: Leftovers\n|-damage|p2a: Milotic|56\/100 brn|[from] Leech Seed|[of] p1a: Cramberry\n|-heal|p1a: Cramberry|95\/100 tox|[silent]\n|-damage|p1a: Cramberry|89\/100 tox|[from] psn\n|-damage|p2a: Milotic|50\/100 brn|[from] brn\n|upkeep\n|turn|34\n|\n|t:|1698974909\n|move|p2a: Milotic|Recover|p2a: Milotic\n|-heal|p2a: Milotic|99\/100 brn\n|move|p1a: Cramberry|Giga Drain|p2a: Milotic\n|-supereffective|p2a: Milotic\n|-damage|p2a: Milotic|71\/100 brn\n|-heal|p1a: Cramberry|100\/100 tox|[from] drain|[of] p2a: Milotic\n|\n|-damage|p2a: Milotic|59\/100 brn|[from] Leech Seed|[of] p1a: Cramberry\n|-damage|p1a: Cramberry|88\/100 tox|[from] psn\n|-damage|p2a: Milotic|53\/100 brn|[from] brn\n|upkeep\n|turn|35\n|\n|t:|1698974929\n|switch|p2a: Yveltal|Yveltal, tera:Dark|88\/100\n|-activate|p2a: Yveltal|move: Sticky Web\n|-unboost|p2a: Yveltal|spe|1\n|-ability|p2a: Yveltal|Dark Aura\n|move|p1a: Cramberry|Giga Drain|p2a: Yveltal\n|-damage|p2a: Yveltal|75\/100\n|-heal|p1a: Cramberry|95\/100 tox|[from] drain|[of] p2a: Yveltal\n|\n|-heal|p1a: Cramberry|100\/100 tox|[from] item: Leftovers\n|-damage|p1a: Cramberry|82\/100 tox|[from] psn\n|upkeep\n|turn|36\n|\n|t:|1698974943\n|move|p2a: Yveltal|Oblivion Wing|p1a: Cramberry\n|-damage|p1a: Cramberry|56\/100 tox\n|-heal|p2a: Yveltal|93\/100|[from] drain|[of] p1a: Cramberry\n|move|p1a: Cramberry|Leech Seed|p2a: Yveltal\n|-start|p2a: Yveltal|move: Leech Seed\n|\n|-heal|p1a: Cramberry|62\/100 tox|[from] item: Leftovers\n|-damage|p2a: Yveltal|81\/100|[from] Leech Seed|[of] p1a: Cramberry\n|-heal|p1a: Cramberry|75\/100 tox|[silent]\n|-damage|p1a: Cramberry|51\/100 tox|[from] psn\n|upkeep\n|turn|37\n|\n|t:|1698974959\n|move|p2a: Yveltal|Dark Pulse|p1a: Cramberry\n|-damage|p1a: Cramberry|0 fnt\n|faint|p1a: Cramberry\n|\n|upkeep\n|\n|t:|1698974965\n|switch|p1a: Gustavo|Golisopod, M, shiny|100\/100\n|turn|38\n|\n|t:|1698974968\n|switch|p2a: Salamence|Salamence, M, shiny|100\/100\n|-ability|p2a: Salamence|Intimidate|boost\n|-unboost|p1a: Gustavo|atk|1\n|move|p1a: Gustavo|First Impression|p2a: Salamence\n|-resisted|p2a: Salamence\n|-damage|p2a: Salamence|78\/100\n|\n|upkeep\n|turn|39\n|\n|t:|1698974979\n|switch|p1a: Horacio|Houndoom-Mega, M, shiny|51\/100\n|detailschange|p2a: Salamence|Salamence-Mega, M, shiny\n|-mega|p2a: Salamence|Salamence|Salamencite\n|move|p2a: Salamence|Dragon Dance|p2a: Salamence\n|-boost|p2a: Salamence|atk|1\n|-boost|p2a: Salamence|spe|1\n|\n|upkeep\n|turn|40\n|\n|t:|1698974988\n|move|p2a: Salamence|Earthquake|p1a: Horacio\n|-supereffective|p1a: Horacio\n|-damage|p1a: Horacio|0 fnt\n|faint|p1a: Horacio\n|\n|upkeep\n|\n|t:|1698975001\n|switch|p1a: Gustavo|Golisopod, M, shiny|100\/100\n|turn|41\n|\n|t:|1698975004\n|move|p1a: Gustavo|First Impression|p2a: Salamence\n|-resisted|p2a: Salamence\n|-damage|p2a: Salamence|56\/100\n|move|p2a: Salamence|Return|p1a: Gustavo\n|-supereffective|p1a: Gustavo\n|-damage|p1a: Gustavo|0 fnt\n|faint|p1a: Gustavo\n|\n|win|Duckgmr425zzz\n|raw|RetlawDB's rating: 1123 &rarr; <strong>1104<\/strong><br \/>(-19 for losing)\n|raw|Duckgmr425zzz's rating: 1211 &rarr; <strong>1230<\/strong><br \/>(+19 for winning)\n|l|\u2606RetlawDB\n|l|\u2606Duckgmr425zzz\n|j|\u2606Duckgmr425zzz\n|player|p2|Duckgmr425zzz|marnie-masters3\n","uploadtime":1698975043,"views":10,"p1id":"retlawdb","p2id":"duckgmr425zzz","formatid":"gen9nationaldexubers","rating":1104,"private":0,"password":""}