{"id":"gen9nationaldexubers-1997542443","p1":"Mudseph03","p2":"Jaluminor","format":"[Gen 9] National Dex Ubers","log":"|j|\u2606Mudseph03\n|j|\u2606Jaluminor\n|t:|1700822840\n|gametype|singles\n|player|p1|Mudseph03|red|1364\n|player|p2|Jaluminor|hilbert-wonderlauncher|1382\n|teamsize|p1|6\n|teamsize|p2|6\n|gen|9\n|tier|[Gen 9] National Dex Ubers\n|rated|\n|rule|HP Percentage Mod: HP is shown in percentages\n|rule|Endless Battle Clause: Forcing endless battles is banned\n|rule|OHKO Clause: OHKO moves are banned\n|rule|Evasion Moves Clause: Evasion moves are banned\n|rule|Evasion Items Clause: Evasion items are banned\n|rule|Species Clause: Limit one of each Pok\u00e9mon\n|rule|Sleep Clause Mod: Limit one foe put to sleep\n|rule|Mega Rayquaza Clause: You cannot mega evolve Rayquaza\n|clearpoke\n|poke|p1|Dragapult, M|\n|poke|p1|Kartana|\n|poke|p1|Aegislash, M|\n|poke|p1|Quagsire, M|\n|poke|p1|Heatran, M|\n|poke|p1|Togekiss, M|\n|poke|p2|Groudon|\n|poke|p2|Kyogre|\n|poke|p2|Necrozma-Dusk-Mane|\n|poke|p2|Zygarde|\n|poke|p2|Mewtwo|\n|poke|p2|Kyurem-Black|\n|teampreview\n|inactive|Battle timer is ON: inactive players will automatically lose when time's up. (requested by Jaluminor)\n|\n|t:|1700822861\n|start\n|switch|p1a: Christran|Heatran, M|100\/100\n|switch|p2a: Zygarde|Zygarde|100\/100\n|turn|1\n|\n|t:|1700822870\n|switch|p1a: Puyolsire|Quagsire, M|100\/100\n|move|p2a: Zygarde|Coil|p2a: Zygarde\n|-boost|p2a: Zygarde|atk|1\n|-boost|p2a: Zygarde|def|1\n|-boost|p2a: Zygarde|accuracy|1\n|\n|upkeep\n|turn|2\n|\n|t:|1700822877\n|-terastallize|p2a: Zygarde|Water\n|move|p2a: Zygarde|Coil|p2a: Zygarde\n|-boost|p2a: Zygarde|atk|1\n|-boost|p2a: Zygarde|def|1\n|-boost|p2a: Zygarde|accuracy|1\n|move|p1a: Puyolsire|Toxic|p2a: Zygarde\n|-status|p2a: Zygarde|tox\n|\n|-damage|p2a: Zygarde|94\/100 tox|[from] psn\n|upkeep\n|turn|3\n|\n|t:|1700822885\n|move|p2a: Zygarde|Coil|p2a: Zygarde\n|-boost|p2a: Zygarde|atk|1\n|-boost|p2a: Zygarde|def|1\n|-boost|p2a: Zygarde|accuracy|1\n|move|p1a: Puyolsire|Spikes|p2a: Zygarde\n|-sidestart|p2: Jaluminor|Spikes\n|\n|-heal|p2a: Zygarde|100\/100 tox|[from] item: Leftovers\n|-damage|p2a: Zygarde|88\/100 tox|[from] psn\n|upkeep\n|turn|4\n|\n|t:|1700822893\n|move|p2a: Zygarde|Coil|p2a: Zygarde\n|-boost|p2a: Zygarde|atk|1\n|-boost|p2a: Zygarde|def|1\n|-boost|p2a: Zygarde|accuracy|1\n|move|p1a: Puyolsire|Spikes|p2a: Zygarde\n|-sidestart|p2: Jaluminor|Spikes\n|\n|-heal|p2a: Zygarde|94\/100 tox|[from] item: Leftovers\n|-damage|p2a: Zygarde|76\/100 tox|[from] psn\n|upkeep\n|turn|5\n|\n|t:|1700822902\n|move|p2a: Zygarde|Coil|p2a: Zygarde\n|-boost|p2a: Zygarde|atk|1\n|-boost|p2a: Zygarde|def|1\n|-boost|p2a: Zygarde|accuracy|1\n|move|p1a: Puyolsire|Spikes|p2a: Zygarde\n|-sidestart|p2: Jaluminor|Spikes\n|\n|-heal|p2a: Zygarde|82\/100 tox|[from] item: Leftovers\n|-damage|p2a: Zygarde|57\/100 tox|[from] psn\n|upkeep\n|turn|6\n|\n|t:|1700822911\n|move|p2a: Zygarde|Coil|p2a: Zygarde\n|-boost|p2a: Zygarde|atk|1\n|-boost|p2a: Zygarde|def|1\n|-boost|p2a: Zygarde|accuracy|1\n|move|p1a: Puyolsire|Earthquake|p2a: Zygarde\n|-damage|p2a: Zygarde|36\/100 tox\n|\n|-heal|p2a: Zygarde|42\/100 tox|[from] item: Leftovers\n|-damage|p2a: Zygarde|11\/100 tox|[from] psn\n|-activate|p2a: Zygarde|ability: Power Construct\n|detailschange|p2a: Zygarde|Zygarde-Complete, tera:Water\n|-heal|p2a: Zygarde|41\/100 tox|[silent]\n|upkeep\n|turn|7\n|\n|t:|1700822925\n|move|p2a: Zygarde|Rest|p2a: Zygarde\n|-status|p2a: Zygarde|slp|[from] move: Rest\n|-heal|p2a: Zygarde|100\/100 slp|[silent]\n|move|p1a: Puyolsire|Recover||[still]\n|-fail|p1a: Puyolsire|heal\n|\n|upkeep\n|turn|8\n|\n|t:|1700822932\n|cant|p2a: Zygarde|slp\n|move|p2a: Zygarde|Sleep Talk|p2a: Zygarde\n|move|p2a: Zygarde|Thousand Arrows|p1a: Puyolsire|[from]move: Sleep Talk\n|-damage|p1a: Puyolsire|79\/100\n|move|p1a: Puyolsire|Earthquake|p2a: Zygarde\n|-damage|p2a: Zygarde|86\/100 slp\n|\n|-heal|p2a: Zygarde|92\/100 slp|[from] item: Leftovers\n|-heal|p1a: Puyolsire|85\/100|[from] item: Leftovers\n|upkeep\n|turn|9\n|\n|t:|1700822943\n|cant|p2a: Zygarde|slp\n|move|p2a: Zygarde|Sleep Talk|p2a: Zygarde\n|move|p2a: Zygarde|Rest||[from]move: Sleep Talk|[still]\n|-fail|p2a: Zygarde\n|move|p1a: Puyolsire|Earthquake|p2a: Zygarde\n|-damage|p2a: Zygarde|78\/100 slp\n|\n|-heal|p2a: Zygarde|84\/100 slp|[from] item: Leftovers\n|-heal|p1a: Puyolsire|91\/100|[from] item: Leftovers\n|upkeep\n|turn|10\n|\n|t:|1700822953\n|-curestatus|p2a: Zygarde|slp|[msg]\n|move|p2a: Zygarde|Thousand Arrows|p1a: Puyolsire\n|-damage|p1a: Puyolsire|68\/100\n|move|p1a: Puyolsire|Toxic|p2a: Zygarde\n|-status|p2a: Zygarde|tox\n|\n|-heal|p2a: Zygarde|90\/100 tox|[from] item: Leftovers\n|-heal|p1a: Puyolsire|74\/100|[from] item: Leftovers\n|-damage|p2a: Zygarde|84\/100 tox|[from] psn\n|upkeep\n|turn|11\n|\n|t:|1700822964\n|move|p2a: Zygarde|Thousand Arrows|p1a: Puyolsire\n|-damage|p1a: Puyolsire|52\/100\n|move|p1a: Puyolsire|Earthquake|p2a: Zygarde\n|-damage|p2a: Zygarde|70\/100 tox\n|\n|-heal|p2a: Zygarde|76\/100 tox|[from] item: Leftovers\n|-heal|p1a: Puyolsire|58\/100|[from] item: Leftovers\n|-damage|p2a: Zygarde|64\/100 tox|[from] psn\n|upkeep\n|turn|12\n|\n|t:|1700822973\n|move|p2a: Zygarde|Thousand Arrows|p1a: Puyolsire\n|-damage|p1a: Puyolsire|37\/100\n|move|p1a: Puyolsire|Recover|p1a: Puyolsire\n|-heal|p1a: Puyolsire|87\/100\n|\n|-heal|p2a: Zygarde|70\/100 tox|[from] item: Leftovers\n|-heal|p1a: Puyolsire|94\/100|[from] item: Leftovers\n|-damage|p2a: Zygarde|51\/100 tox|[from] psn\n|upkeep\n|turn|13\n|\n|t:|1700822986\n|move|p2a: Zygarde|Thousand Arrows|p1a: Puyolsire\n|-damage|p1a: Puyolsire|73\/100\n|move|p1a: Puyolsire|Spikes||[still]\n|-fail|p1a: Puyolsire\n|\n|-heal|p2a: Zygarde|58\/100 tox|[from] item: Leftovers\n|-heal|p1a: Puyolsire|80\/100|[from] item: Leftovers\n|-damage|p2a: Zygarde|33\/100 tox|[from] psn\n|upkeep\n|turn|14\n|\n|t:|1700822996\n|move|p2a: Zygarde|Rest|p2a: Zygarde\n|-status|p2a: Zygarde|slp|[from] move: Rest\n|-heal|p2a: Zygarde|100\/100 slp|[silent]\n|move|p1a: Puyolsire|Earthquake|p2a: Zygarde\n|-damage|p2a: Zygarde|86\/100 slp\n|\n|-heal|p2a: Zygarde|92\/100 slp|[from] item: Leftovers\n|-heal|p1a: Puyolsire|86\/100|[from] item: Leftovers\n|upkeep\n|turn|15\n|\n|t:|1700823005\n|cant|p2a: Zygarde|slp\n|move|p2a: Zygarde|Sleep Talk|p2a: Zygarde\n|move|p2a: Zygarde|Coil|p2a: Zygarde|[from]move: Sleep Talk\n|-boost|p2a: Zygarde|atk|0\n|-boost|p2a: Zygarde|def|0\n|-boost|p2a: Zygarde|accuracy|0\n|move|p1a: Puyolsire|Spikes||[still]\n|-fail|p1a: Puyolsire\n|\n|-heal|p2a: Zygarde|99\/100 slp|[from] item: Leftovers\n|-heal|p1a: Puyolsire|92\/100|[from] item: Leftovers\n|upkeep\n|turn|16\n|\n|t:|1700823024\n|cant|p2a: Zygarde|slp\n|move|p2a: Zygarde|Sleep Talk|p2a: Zygarde\n|move|p2a: Zygarde|Rest||[from]move: Sleep Talk|[still]\n|-fail|p2a: Zygarde\n|move|p1a: Puyolsire|Spikes||[still]\n|-fail|p1a: Puyolsire\n|\n|-heal|p2a: Zygarde|100\/100 slp|[from] item: Leftovers\n|-heal|p1a: Puyolsire|98\/100|[from] item: Leftovers\n|upkeep\n|turn|17\n|\n|t:|1700823033\n|-curestatus|p2a: Zygarde|slp|[msg]\n|move|p2a: Zygarde|Thousand Arrows|p1a: Puyolsire\n|-damage|p1a: Puyolsire|77\/100\n|move|p1a: Puyolsire|Toxic|p2a: Zygarde\n|-status|p2a: Zygarde|tox\n|\n|-heal|p1a: Puyolsire|83\/100|[from] item: Leftovers\n|-damage|p2a: Zygarde|94\/100 tox|[from] psn\n|upkeep\n|turn|18\n|\n|t:|1700823046\n|move|p2a: Zygarde|Thousand Arrows|p1a: Puyolsire\n|-damage|p1a: Puyolsire|62\/100\n|move|p1a: Puyolsire|Earthquake|p2a: Zygarde\n|-damage|p2a: Zygarde|81\/100 tox\n|\n|-heal|p2a: Zygarde|87\/100 tox|[from] item: Leftovers\n|-heal|p1a: Puyolsire|68\/100|[from] item: Leftovers\n|-damage|p2a: Zygarde|75\/100 tox|[from] psn\n|upkeep\n|turn|19\n|\n|t:|1700823055\n|move|p2a: Zygarde|Thousand Arrows|p1a: Puyolsire\n|-damage|p1a: Puyolsire|44\/100\n|move|p1a: Puyolsire|Spikes||[still]\n|-fail|p1a: Puyolsire\n|\n|-heal|p2a: Zygarde|81\/100 tox|[from] item: Leftovers\n|-heal|p1a: Puyolsire|50\/100|[from] item: Leftovers\n|-damage|p2a: Zygarde|62\/100 tox|[from] psn\n|upkeep\n|turn|20\n|\n|t:|1700823067\n|move|p2a: Zygarde|Thousand Arrows|p1a: Puyolsire\n|-damage|p1a: Puyolsire|28\/100\n|move|p1a: Puyolsire|Recover|p1a: Puyolsire\n|-heal|p1a: Puyolsire|78\/100\n|\n|-heal|p2a: Zygarde|68\/100 tox|[from] item: Leftovers\n|-heal|p1a: Puyolsire|85\/100|[from] item: Leftovers\n|-damage|p2a: Zygarde|44\/100 tox|[from] psn\n|upkeep\n|turn|21\n|\n|t:|1700823081\n|move|p2a: Zygarde|Thousand Arrows|p1a: Puyolsire\n|-damage|p1a: Puyolsire|62\/100\n|move|p1a: Puyolsire|Spikes||[still]\n|-fail|p1a: Puyolsire\n|\n|-heal|p2a: Zygarde|50\/100 tox|[from] item: Leftovers\n|-heal|p1a: Puyolsire|68\/100|[from] item: Leftovers\n|-damage|p2a: Zygarde|19\/100 tox|[from] psn\n|upkeep\n|turn|22\n|\n|t:|1700823092\n|move|p2a: Zygarde|Rest|p2a: Zygarde\n|-status|p2a: Zygarde|slp|[from] move: Rest\n|-heal|p2a: Zygarde|100\/100 slp|[silent]\n|move|p1a: Puyolsire|Earthquake|p2a: Zygarde\n|-damage|p2a: Zygarde|87\/100 slp\n|\n|-heal|p2a: Zygarde|93\/100 slp|[from] item: Leftovers\n|-heal|p1a: Puyolsire|74\/100|[from] item: Leftovers\n|upkeep\n|turn|23\n|\n|t:|1700823101\n|cant|p2a: Zygarde|slp\n|move|p2a: Zygarde|Sleep Talk|p2a: Zygarde\n|move|p2a: Zygarde|Thousand Arrows|p1a: Puyolsire|[from]move: Sleep Talk\n|-damage|p1a: Puyolsire|54\/100\n|move|p1a: Puyolsire|Spikes||[still]\n|-fail|p1a: Puyolsire\n|\n|-heal|p2a: Zygarde|99\/100 slp|[from] item: Leftovers\n|-heal|p1a: Puyolsire|60\/100|[from] item: Leftovers\n|upkeep\n|turn|24\n|\n|t:|1700823112\n|cant|p2a: Zygarde|slp\n|move|p2a: Zygarde|Sleep Talk|p2a: Zygarde\n|move|p2a: Zygarde|Thousand Arrows|p1a: Puyolsire|[from]move: Sleep Talk\n|-damage|p1a: Puyolsire|39\/100\n|move|p1a: Puyolsire|Recover|p1a: Puyolsire\n|-heal|p1a: Puyolsire|89\/100\n|\n|-heal|p2a: Zygarde|100\/100 slp|[from] item: Leftovers\n|-heal|p1a: Puyolsire|95\/100|[from] item: Leftovers\n|upkeep\n|turn|25\n|\n|t:|1700823125\n|-curestatus|p2a: Zygarde|slp|[msg]\n|move|p2a: Zygarde|Thousand Arrows|p1a: Puyolsire\n|-damage|p1a: Puyolsire|72\/100\n|move|p1a: Puyolsire|Spikes||[still]\n|-fail|p1a: Puyolsire\n|\n|-heal|p1a: Puyolsire|78\/100|[from] item: Leftovers\n|upkeep\n|turn|26\n|\n|t:|1700823137\n|move|p2a: Zygarde|Thousand Arrows|p1a: Puyolsire\n|-damage|p1a: Puyolsire|54\/100\n|move|p1a: Puyolsire|Toxic|p2a: Zygarde\n|-status|p2a: Zygarde|tox\n|\n|-heal|p1a: Puyolsire|60\/100|[from] item: Leftovers\n|-damage|p2a: Zygarde|94\/100 tox|[from] psn\n|upkeep\n|turn|27\n|\n|t:|1700823145\n|move|p2a: Zygarde|Thousand Arrows|p1a: Puyolsire\n|-damage|p1a: Puyolsire|39\/100\n|move|p1a: Puyolsire|Recover|p1a: Puyolsire\n|-heal|p1a: Puyolsire|89\/100\n|\n|-heal|p2a: Zygarde|100\/100 tox|[from] item: Leftovers\n|-heal|p1a: Puyolsire|95\/100|[from] item: Leftovers\n|-damage|p2a: Zygarde|88\/100 tox|[from] psn\n|upkeep\n|turn|28\n|\n|t:|1700823154\n|move|p2a: Zygarde|Thousand Arrows|p1a: Puyolsire\n|-damage|p1a: Puyolsire|75\/100\n|move|p1a: Puyolsire|Spikes||[still]\n|-fail|p1a: Puyolsire\n|\n|-heal|p2a: Zygarde|94\/100 tox|[from] item: Leftovers\n|-heal|p1a: Puyolsire|81\/100|[from] item: Leftovers\n|-damage|p2a: Zygarde|76\/100 tox|[from] psn\n|upkeep\n|turn|29\n|\n|t:|1700823170\n|move|p2a: Zygarde|Thousand Arrows|p1a: Puyolsire\n|-damage|p1a: Puyolsire|60\/100\n|move|p1a: Puyolsire|Spikes||[still]\n|-fail|p1a: Puyolsire\n|\n|-heal|p2a: Zygarde|82\/100 tox|[from] item: Leftovers\n|-heal|p1a: Puyolsire|66\/100|[from] item: Leftovers\n|-damage|p2a: Zygarde|58\/100 tox|[from] psn\n|upkeep\n|turn|30\n|\n|t:|1700823187\n|move|p2a: Zygarde|Thousand Arrows|p1a: Puyolsire\n|-damage|p1a: Puyolsire|45\/100\n|move|p1a: Puyolsire|Spikes||[still]\n|-fail|p1a: Puyolsire\n|\n|-heal|p2a: Zygarde|64\/100 tox|[from] item: Leftovers\n|-heal|p1a: Puyolsire|52\/100|[from] item: Leftovers\n|-damage|p2a: Zygarde|33\/100 tox|[from] psn\n|upkeep\n|turn|31\n|\n|t:|1700823197\n|move|p2a: Zygarde|Rest|p2a: Zygarde\n|-status|p2a: Zygarde|slp|[from] move: Rest\n|-heal|p2a: Zygarde|100\/100 slp|[silent]\n|move|p1a: Puyolsire|Recover|p1a: Puyolsire\n|-heal|p1a: Puyolsire|100\/100\n|\n|upkeep\n|turn|32\n|inactive|Mudseph03 has 120 seconds left.\n|\n|t:|1700823224\n|switch|p2a: Groudon|Groudon|100\/100\n|-damage|p2a: Groudon|76\/100|[from] Spikes\n|detailschange|p2a: Groudon|Groudon-Primal\n|-primal|p2a: Groudon|Red Orb\n|-weather|DesolateLand|[from] ability: Desolate Land|[of] p2a: Groudon\n|move|p1a: Puyolsire|Spikes||[still]\n|-fail|p1a: Puyolsire\n|\n|-weather|DesolateLand|[upkeep]\n|upkeep\n|turn|33\n|inactive|Mudseph03 has 120 seconds left.\n|\n|t:|1700823235\n|switch|p1a: Togefeits|Togekiss, M|100\/100\n|move|p2a: Groudon|Solar Beam||[still]\n|-prepare|p2a: Groudon|Solar Beam\n|-anim|p2a: Groudon|Solar Beam|p1a: Togefeits\n|-resisted|p1a: Togefeits\n|-damage|p1a: Togefeits|76\/100\n|\n|-weather|DesolateLand|[upkeep]\n|upkeep\n|turn|34\n|\n|t:|1700823242\n|move|p1a: Togefeits|Air Slash|p2a: Groudon\n|-damage|p2a: Groudon|32\/100\n|cant|p2a: Groudon|flinch\n|\n|-weather|DesolateLand|[upkeep]\n|upkeep\n|turn|35\n|\n|t:|1700823248\n|move|p1a: Togefeits|Air Slash|p2a: Groudon\n|-damage|p2a: Groudon|0 fnt\n|faint|p2a: Groudon\n|-weather|none\n|\n|upkeep\n|\n|t:|1700823254\n|switch|p2a: Necrozma|Necrozma-Dusk-Mane|100\/100\n|-damage|p2a: Necrozma|75\/100|[from] Spikes\n|turn|36\n|\n|t:|1700823262\n|move|p2a: Necrozma|Dragon Dance|p2a: Necrozma\n|-boost|p2a: Necrozma|atk|1\n|-boost|p2a: Necrozma|spe|1\n|move|p1a: Togefeits|Thunder Wave|p2a: Necrozma\n|-status|p2a: Necrozma|par\n|\n|upkeep\n|turn|37\n|\n|t:|1700823270\n|move|p1a: Togefeits|Air Slash|p2a: Necrozma\n|-resisted|p2a: Necrozma\n|-damage|p2a: Necrozma|58\/100 par\n|move|p2a: Necrozma|Dragon Dance|p2a: Necrozma\n|-boost|p2a: Necrozma|atk|1\n|-boost|p2a: Necrozma|spe|1\n|\n|upkeep\n|turn|38\n|\n|t:|1700823277\n|switch|p1a: Puyolsire|Quagsire, M|100\/100\n|detailschange|p2a: Necrozma|Necrozma-Ultra\n|-burst|p2a: Necrozma|Necrozma|Ultranecrozium Z\n|move|p2a: Necrozma|Sunsteel Strike|p1a: Puyolsire\n|-resisted|p1a: Puyolsire\n|-crit|p1a: Puyolsire\n|-damage|p1a: Puyolsire|58\/100\n|\n|-heal|p1a: Puyolsire|64\/100|[from] item: Leftovers\n|upkeep\n|turn|39\n|\n|t:|1700823289\n|switch|p1a: Saiko no Hero|Aegislash, M|100\/100\n|cant|p2a: Necrozma|par\n|\n|upkeep\n|turn|40\n|\n|t:|1700823304\n|switch|p2a: Kyogre|Kyogre|100\/100\n|-damage|p2a: Kyogre|76\/100|[from] Spikes\n|detailschange|p2a: Kyogre|Kyogre-Primal\n|-primal|p2a: Kyogre|Blue Orb\n|-weather|PrimordialSea|[from] ability: Primordial Sea|[of] p2a: Kyogre\n|-formechange|p1a: Saiko no Hero|Aegislash-Blade||[from] ability: Stance Change\n|move|p1a: Saiko no Hero|Gyro Ball|p2a: Kyogre\n|-resisted|p2a: Kyogre\n|-damage|p2a: Kyogre|44\/100\n|\n|-weather|PrimordialSea|[upkeep]\n|upkeep\n|turn|41\n|\n|t:|1700823322\n|-formechange|p1a: Saiko no Hero|Aegislash||[from] ability: Stance Change\n|move|p1a: Saiko no Hero|King's Shield|p1a: Saiko no Hero\n|-singleturn|p1a: Saiko no Hero|Protect\n|move|p2a: Kyogre|Origin Pulse|p1a: Saiko no Hero\n|-activate|p1a: Saiko no Hero|move: Protect\n|\n|-weather|PrimordialSea|[upkeep]\n|upkeep\n|turn|42\n|\n|t:|1700823329\n|move|p2a: Kyogre|Origin Pulse|p1a: Saiko no Hero\n|-damage|p1a: Saiko no Hero|7\/100\n|-formechange|p1a: Saiko no Hero|Aegislash-Blade||[from] ability: Stance Change\n|move|p1a: Saiko no Hero|Gyro Ball|p2a: Kyogre\n|-resisted|p2a: Kyogre\n|-damage|p2a: Kyogre|11\/100\n|\n|-weather|PrimordialSea|[upkeep]\n|upkeep\n|turn|43\n|\n|t:|1700823336\n|move|p1a: Saiko no Hero|Shadow Sneak|p2a: Kyogre\n|-damage|p2a: Kyogre|0 fnt\n|faint|p2a: Kyogre\n|-weather|none\n|\n|upkeep\n|\n|t:|1700823344\n|switch|p2a: Kyurem|Kyurem-Black|100\/100\n|-damage|p2a: Kyurem|75\/100|[from] Spikes\n|-ability|p2a: Kyurem|Teravolt\n|turn|44\n|\n|t:|1700823350\n|move|p2a: Kyurem|Hone Claws|p2a: Kyurem\n|-boost|p2a: Kyurem|atk|1\n|-boost|p2a: Kyurem|accuracy|1\n|move|p1a: Saiko no Hero|Gyro Ball|p2a: Kyurem\n|-supereffective|p2a: Kyurem\n|-damage|p2a: Kyurem|0 fnt\n|faint|p2a: Kyurem\n|\n|upkeep\n|c|\u2606Jaluminor|gg\n|-message|Jaluminor forfeited.\n|\n|win|Mudseph03\n|raw|Mudseph03's rating: 1364 &rarr; <strong>1385<\/strong><br \/>(+21 for winning)\n|raw|Jaluminor's rating: 1382 &rarr; <strong>1361<\/strong><br \/>(-21 for losing)\n|l|\u2606Jaluminor\n|c|\u2606Mudseph03|Gg\n","uploadtime":1700823383,"views":4,"p1id":"mudseph03","p2id":"jaluminor","formatid":"gen9nationaldexubers","rating":1361,"private":0,"password":""}