{"id":"gen9nationaldexubers-1991946342","p1":"TRIPLE RILABOOM","p2":"Jecario","format":"[Gen 9] National Dex Ubers","log":"|j|\u2606TRIPLE RILABOOM\n|j|\u2606Jecario\n|t:|1700141285\n|gametype|singles\n|player|p1|TRIPLE RILABOOM|170|1129\n|player|p2|Jecario|102|1057\n|teamsize|p1|6\n|teamsize|p2|6\n|gen|9\n|tier|[Gen 9] National Dex Ubers\n|rated|\n|rule|HP Percentage Mod: HP is shown in percentages\n|rule|Endless Battle Clause: Forcing endless battles is banned\n|rule|OHKO Clause: OHKO moves are banned\n|rule|Evasion Moves Clause: Evasion moves are banned\n|rule|Evasion Items Clause: Evasion items are banned\n|rule|Species Clause: Limit one of each Pok\u00e9mon\n|rule|Sleep Clause Mod: Limit one foe put to sleep\n|rule|Mega Rayquaza Clause: You cannot mega evolve Rayquaza\n|clearpoke\n|poke|p1|Marshadow|\n|poke|p1|Darmanitan-Galar, F|\n|poke|p1|Gholdengo|\n|poke|p1|Galvantula, F|\n|poke|p1|Zarude|\n|poke|p1|Great Tusk|\n|poke|p2|Mewtwo|\n|poke|p2|Groudon|\n|poke|p2|Kyogre|\n|poke|p2|Necrozma-Dusk-Mane|\n|poke|p2|Arceus|\n|poke|p2|Zacian-*|\n|teampreview\n|\n|t:|1700141306\n|start\n|switch|p1a: Marshadow|Marshadow|100\/100\n|switch|p2a: Necrozma|Necrozma-Dusk-Mane|100\/100\n|turn|1\n|\n|t:|1700141314\n|detailschange|p2a: Necrozma|Necrozma-Ultra\n|-burst|p2a: Necrozma|Necrozma|Ultranecrozium Z\n|move|p1a: Marshadow|Swagger|p2a: Necrozma|[miss]\n|-miss|p1a: Marshadow|p2a: Necrozma\n|move|p2a: Necrozma|Dragon Dance|p2a: Necrozma\n|-boost|p2a: Necrozma|atk|1\n|-boost|p2a: Necrozma|spe|1\n|-enditem|p1a: Marshadow|Mirror Herb\n|-boost|p1a: Marshadow|atk|1|[from] item: Mirror Herb\n|-boost|p1a: Marshadow|spe|1|[from] item: Mirror Herb\n|\n|upkeep\n|turn|2\n|\n|t:|1700141327\n|move|p1a: Marshadow|Spectral Thief||[still]\n|-clearpositiveboost|p2a: Necrozma|p1a: Marshadow|move: Spectral Thief\n|-boost|p1a: Marshadow|atk|1\n|-boost|p1a: Marshadow|spe|1\n|-anim|p1a: Marshadow|Spectral Thief|p2a: Necrozma\n|-supereffective|p2a: Necrozma\n|-damage|p2a: Necrozma|0 fnt\n|faint|p2a: Necrozma\n|\n|upkeep\n|\n|t:|1700141336\n|switch|p2a: Groudon|Groudon|100\/100\n|detailschange|p2a: Groudon|Groudon-Primal\n|-primal|p2a: Groudon|Red Orb\n|-weather|DesolateLand|[from] ability: Desolate Land|[of] p2a: Groudon\n|turn|3\n|\n|t:|1700141345\n|move|p1a: Marshadow|Spectral Thief|p2a: Groudon\n|-damage|p2a: Groudon|43\/100\n|move|p2a: Groudon|Earthquake|p1a: Marshadow\n|-damage|p1a: Marshadow|14\/100\n|\n|-weather|DesolateLand|[upkeep]\n|upkeep\n|turn|4\n|\n|t:|1700141354\n|move|p1a: Marshadow|Spectral Thief|p2a: Groudon\n|-damage|p2a: Groudon|0 fnt\n|faint|p2a: Groudon\n|-weather|none\n|\n|upkeep\n|\n|t:|1700141360\n|switch|p2a: Kyogre|Kyogre|100\/100\n|detailschange|p2a: Kyogre|Kyogre-Primal\n|-primal|p2a: Kyogre|Blue Orb\n|-weather|PrimordialSea|[from] ability: Primordial Sea|[of] p2a: Kyogre\n|turn|5\n|\n|t:|1700141368\n|-terastallize|p1a: Marshadow|Ghost\n|move|p1a: Marshadow|Spectral Thief|p2a: Kyogre\n|-damage|p2a: Kyogre|0 fnt\n|faint|p2a: Kyogre\n|-weather|none\n|\n|upkeep\n|\n|t:|1700141374\n|switch|p2a: Arceus|Arceus|100\/100\n|turn|6\n|\n|t:|1700141378\n|move|p1a: Marshadow|Close Combat|p2a: Arceus\n|-supereffective|p2a: Arceus\n|-damage|p2a: Arceus|0 fnt\n|-unboost|p1a: Marshadow|def|1\n|-unboost|p1a: Marshadow|spd|1\n|faint|p2a: Arceus\n|\n|upkeep\n|\n|t:|1700141385\n|switch|p2a: Zacian|Zacian-Crowned|100\/100\n|-ability|p2a: Zacian|Intrepid Sword|boost\n|-boost|p2a: Zacian|atk|1\n|turn|7\n|\n|t:|1700141394\n|-terastallize|p2a: Zacian|Fighting\n|move|p1a: Marshadow|Close Combat|p2a: Zacian\n|-damage|p2a: Zacian|0 fnt\n|-unboost|p1a: Marshadow|def|1\n|-unboost|p1a: Marshadow|spd|1\n|faint|p2a: Zacian\n|\n|upkeep\n|\n|t:|1700141397\n|switch|p2a: Mewtwo|Mewtwo|100\/100\n|-ability|p2a: Mewtwo|Pressure\n|turn|8\n|\n|t:|1700141405\n|detailschange|p2a: Mewtwo|Mewtwo-Mega-Y\n|-mega|p2a: Mewtwo|Mewtwo|Mewtwonite Y\n|move|p1a: Marshadow|Spectral Thief|p2a: Mewtwo\n|-supereffective|p2a: Mewtwo\n|-damage|p2a: Mewtwo|0 fnt\n|faint|p2a: Mewtwo\n|\n|win|TRIPLE RILABOOM\n|raw|TRIPLE RILABOOM's rating: 1129 &rarr; <strong>1149<\/strong><br \/>(+20 for winning)\n|raw|Jecario's rating: 1057 &rarr; <strong>1042<\/strong><br \/>(-15 for losing)\n|l|\u2606Jecario\n","uploadtime":1700141412,"views":23,"p1id":"triplerilaboom","p2id":"jecario","formatid":"gen9nationaldexubers","rating":1042,"private":0,"password":""}