{"id":"gen9nationaldexubers-1983416840","p1":"KINGKRICH","p2":"Leafpapasita","format":"[Gen 9] National Dex Ubers","log":"|j|\u2606KINGKRICH\n|j|\u2606Leafpapasita\n|t:|1699127890\n|gametype|singles\n|player|p1|KINGKRICH|buck|1100\n|player|p2|Leafpapasita|steven|1033\n|teamsize|p1|6\n|teamsize|p2|6\n|gen|9\n|tier|[Gen 9] National Dex Ubers\n|rated|\n|rule|HP Percentage Mod: HP is shown in percentages\n|rule|Endless Battle Clause: Forcing endless battles is banned\n|rule|OHKO Clause: OHKO moves are banned\n|rule|Evasion Moves Clause: Evasion moves are banned\n|rule|Evasion Items Clause: Evasion items are banned\n|rule|Species Clause: Limit one of each Pok\u00e9mon\n|rule|Sleep Clause Mod: Limit one foe put to sleep\n|rule|Mega Rayquaza Clause: You cannot mega evolve Rayquaza\n|clearpoke\n|poke|p1|Rapidash, M|\n|poke|p1|Seismitoad, M|\n|poke|p1|Bisharp, M|\n|poke|p1|Noivern, M|\n|poke|p1|Ribombee, F|\n|poke|p1|Banette, F|\n|poke|p2|Alakazam, M|\n|poke|p2|Milotic, F|\n|poke|p2|Roaring Moon|\n|poke|p2|Arceus-Fairy|\n|poke|p2|Banette, M|\n|poke|p2|Zacian-*|\n|teampreview\n|\n|t:|1699127899\n|start\n|switch|p1a: Ribombee|Ribombee, F|100\/100\n|switch|p2a: Milotic|Milotic, F|100\/100\n|turn|1\n|\n|t:|1699127907\n|move|p1a: Ribombee|Quiver Dance|p1a: Ribombee\n|-boost|p1a: Ribombee|spa|1\n|-boost|p1a: Ribombee|spd|1\n|-boost|p1a: Ribombee|spe|1\n|move|p2a: Milotic|Coil|p2a: Milotic\n|-boost|p2a: Milotic|atk|1\n|-boost|p2a: Milotic|def|1\n|-boost|p2a: Milotic|accuracy|1\n|\n|upkeep\n|turn|2\n|\n|t:|1699127916\n|move|p1a: Ribombee|Quiver Dance|p1a: Ribombee\n|-boost|p1a: Ribombee|spa|1\n|-boost|p1a: Ribombee|spd|1\n|-boost|p1a: Ribombee|spe|1\n|move|p2a: Milotic|Coil|p2a: Milotic\n|-boost|p2a: Milotic|atk|1\n|-boost|p2a: Milotic|def|1\n|-boost|p2a: Milotic|accuracy|1\n|\n|upkeep\n|turn|3\n|\n|t:|1699127925\n|switch|p2a: Roaring Moon|Roaring Moon|100\/100\n|move|p1a: Ribombee|Dazzling Gleam|p2a: Roaring Moon\n|-supereffective|p2a: Roaring Moon\n|-damage|p2a: Roaring Moon|0 fnt\n|faint|p2a: Roaring Moon\n|-end|p2a: Roaring Moon|Protosynthesis|[silent]\n|\n|upkeep\n|\n|t:|1699127929\n|switch|p2a: Banette|Banette, M|100\/100\n|turn|4\n|\n|t:|1699127938\n|move|p1a: Ribombee|Dazzling Gleam|p2a: Banette\n|-damage|p2a: Banette|0 fnt\n|faint|p2a: Banette\n|\n|upkeep\n|\n|t:|1699127941\n|switch|p2a: Zacian|Zacian-Crowned|100\/100\n|-ability|p2a: Zacian|Intrepid Sword|boost\n|-boost|p2a: Zacian|atk|1\n|turn|5\n|\n|t:|1699127948\n|move|p1a: Ribombee|Dazzling Gleam|p2a: Zacian\n|-resisted|p2a: Zacian\n|-damage|p2a: Zacian|74\/100\n|move|p2a: Zacian|Sacred Sword|p1a: Ribombee\n|-resisted|p1a: Ribombee\n|-damage|p1a: Ribombee|79\/100\n|\n|-heal|p1a: Ribombee|86\/100|[from] item: Leftovers\n|upkeep\n|turn|6\n|\n|t:|1699127956\n|move|p1a: Ribombee|Bug Buzz|p2a: Zacian\n|-resisted|p2a: Zacian\n|-damage|p2a: Zacian|58\/100\n|move|p2a: Zacian|Wild Charge|p1a: Ribombee\n|-damage|p1a: Ribombee|0 fnt\n|faint|p1a: Ribombee\n|-damage|p2a: Zacian|42\/100|[from] Recoil\n|\n|upkeep\n|\n|t:|1699127970\n|switch|p1a: Seismitoad|Seismitoad, M|100\/100\n|turn|7\n|\n|t:|1699127975\n|move|p2a: Zacian|Sacred Sword|p1a: Seismitoad\n|-damage|p1a: Seismitoad|36\/100\n|move|p1a: Seismitoad|Rain Dance|p1a: Seismitoad\n|-weather|RainDance\n|\n|-weather|RainDance|[upkeep]\n|upkeep\n|turn|8\n|\n|t:|1699127982\n|move|p1a: Seismitoad|Liquidation|p2a: Zacian\n|-damage|p2a: Zacian|0 fnt\n|faint|p2a: Zacian\n|\n|-weather|RainDance|[upkeep]\n|upkeep\n|\n|t:|1699127985\n|switch|p2a: Alakazam|Alakazam, M|100\/100\n|turn|9\n|\n|t:|1699127992\n|move|p1a: Seismitoad|Liquidation|p2a: Alakazam\n|-damage|p2a: Alakazam|0 fnt\n|faint|p2a: Alakazam\n|\n|-weather|RainDance|[upkeep]\n|upkeep\n|\n|t:|1699127994\n|switch|p2a: Arceus|Arceus-Fairy|100\/100\n|turn|10\n|\n|t:|1699128001\n|move|p1a: Seismitoad|Liquidation|p2a: Arceus\n|-damage|p2a: Arceus|63\/100\n|move|p2a: Arceus|Dragon Dance|p2a: Arceus\n|-boost|p2a: Arceus|atk|1\n|-boost|p2a: Arceus|spe|1\n|\n|-weather|RainDance|[upkeep]\n|upkeep\n|turn|11\n|\n|t:|1699128009\n|move|p1a: Seismitoad|Liquidation|p2a: Arceus\n|-damage|p2a: Arceus|24\/100\n|move|p2a: Arceus|Air Slash|p1a: Seismitoad\n|-damage|p1a: Seismitoad|8\/100\n|\n|-weather|none\n|upkeep\n|turn|12\n|\n|t:|1699128017\n|switch|p2a: Milotic|Milotic, F|100\/100\n|move|p1a: Seismitoad|Liquidation|p2a: Milotic\n|-resisted|p2a: Milotic\n|-damage|p2a: Milotic|80\/100\n|\n|upkeep\n|turn|13\n|\n|t:|1699128036\n|move|p2a: Milotic|Aqua Tail|p1a: Seismitoad\n|-damage|p1a: Seismitoad|0 fnt\n|faint|p1a: Seismitoad\n|\n|upkeep\n|\n|t:|1699128043\n|switch|p1a: Rapidash|Rapidash, M|100\/100\n|turn|14\n|\n|t:|1699128048\n|-terastallize|p1a: Rapidash|Fairy\n|move|p1a: Rapidash|Swords Dance|p1a: Rapidash\n|-boost|p1a: Rapidash|atk|2\n|move|p2a: Milotic|Aqua Tail|p1a: Rapidash\n|-damage|p1a: Rapidash|55\/100\n|\n|upkeep\n|turn|15\n|\n|t:|1699128058\n|move|p1a: Rapidash|Wild Charge|p2a: Milotic\n|-supereffective|p2a: Milotic\n|-damage|p2a: Milotic|0 fnt\n|faint|p2a: Milotic\n|-damage|p1a: Rapidash|29\/100|[from] Recoil\n|\n|upkeep\n|\n|t:|1699128060\n|switch|p2a: Arceus|Arceus-Fairy|24\/100\n|turn|16\n|\n|t:|1699128065\n|-terastallize|p2a: Arceus|Fairy\n|move|p1a: Rapidash|Play Rough|p2a: Arceus\n|-damage|p2a: Arceus|0 fnt\n|faint|p2a: Arceus\n|\n|win|KINGKRICH\n|raw|KINGKRICH's rating: 1100 &rarr; <strong>1120<\/strong><br \/>(+20 for winning)\n|raw|Leafpapasita's rating: 1033 &rarr; <strong>1021<\/strong><br \/>(-12 for losing)\n|l|\u2606Leafpapasita\n","uploadtime":1699128081,"views":7,"p1id":"kingkrich","p2id":"leafpapasita","formatid":"gen9nationaldexubers","rating":1021,"private":0,"password":""}