{"id":"gen9nationaldexubers-1994118477","p1":"COMBAT-MODE\u26a0\ufe0f","p2":"Iplayathoem","format":"[Gen 9] National Dex Ubers","log":"|j|\u2606COMBAT-MODE\u26a0\ufe0f\n|j|\u2606Iplayathoem\n|t:|1700409052\n|gametype|singles\n|player|p1|COMBAT-MODE\u26a0\ufe0f|battlegirl-gen6|1098\n|player|p2|Iplayathoem|hilbert-masters2|1043\n|teamsize|p1|6\n|teamsize|p2|6\n|gen|9\n|tier|[Gen 9] National Dex Ubers\n|rated|\n|rule|HP Percentage Mod: HP is shown in percentages\n|rule|Endless Battle Clause: Forcing endless battles is banned\n|rule|OHKO Clause: OHKO moves are banned\n|rule|Evasion Moves Clause: Evasion moves are banned\n|rule|Evasion Items Clause: Evasion items are banned\n|rule|Species Clause: Limit one of each Pok\u00e9mon\n|rule|Sleep Clause Mod: Limit one foe put to sleep\n|rule|Mega Rayquaza Clause: You cannot mega evolve Rayquaza\n|clearpoke\n|poke|p1|Sawk, M|\n|poke|p1|Throh, M|\n|poke|p1|Hitmonlee, M|\n|poke|p1|Blaziken, M|\n|poke|p1|Decidueye-Hisui, M|\n|poke|p1|Okidogi, M|\n|poke|p2|Charizard, M|\n|poke|p2|Torterra, M|\n|poke|p2|Skeledirge, M|\n|poke|p2|Arctovish|\n|poke|p2|Electivire, M|\n|poke|p2|Rapidash-Galar, F|\n|teampreview\n|\n|t:|1700409120\n|start\n|switch|p1a: \ud83d\udca5SAWK\ud83d\udca2\ud83d\ude20\ud83e\udd1a|Sawk, M, shiny|100\/100\n|switch|p2a: Zard|Charizard, M|100\/100\n|turn|1\n|\n|t:|1700409134\n|detailschange|p2a: Zard|Charizard-Mega-X, M\n|-mega|p2a: Zard|Charizard|Charizardite X\n|move|p2a: Zard|Power-Up Punch|p1a: \ud83d\udca5SAWK\ud83d\udca2\ud83d\ude20\ud83e\udd1a\n|-damage|p1a: \ud83d\udca5SAWK\ud83d\udca2\ud83d\ude20\ud83e\udd1a|73\/100\n|-boost|p2a: Zard|atk|1\n|move|p1a: \ud83d\udca5SAWK\ud83d\udca2\ud83d\ude20\ud83e\udd1a|Power-Up Punch|p2a: Zard\n|-damage|p2a: Zard|74\/100\n|-boost|p1a: \ud83d\udca5SAWK\ud83d\udca2\ud83d\ude20\ud83e\udd1a|atk|1\n|\n|upkeep\n|turn|2\n|\n|t:|1700409147\n|move|p2a: Zard|Power-Up Punch|p1a: \ud83d\udca5SAWK\ud83d\udca2\ud83d\ude20\ud83e\udd1a\n|-damage|p1a: \ud83d\udca5SAWK\ud83d\udca2\ud83d\ude20\ud83e\udd1a|31\/100\n|-boost|p2a: Zard|atk|1\n|move|p1a: \ud83d\udca5SAWK\ud83d\udca2\ud83d\ude20\ud83e\udd1a|Close Combat|p2a: Zard\n|-damage|p2a: Zard|0 fnt\n|-unboost|p1a: \ud83d\udca5SAWK\ud83d\udca2\ud83d\ude20\ud83e\udd1a|def|1\n|-unboost|p1a: \ud83d\udca5SAWK\ud83d\udca2\ud83d\ude20\ud83e\udd1a|spd|1\n|faint|p2a: Zard\n|\n|upkeep\n|\n|t:|1700409163\n|switch|p2a: Arcto|Arctovish|100\/100\n|turn|3\n|\n|t:|1700409166\n|move|p2a: Arcto|Fishious Rend|p1a: \ud83d\udca5SAWK\ud83d\udca2\ud83d\ude20\ud83e\udd1a\n|-damage|p1a: \ud83d\udca5SAWK\ud83d\udca2\ud83d\ude20\ud83e\udd1a|0 fnt\n|faint|p1a: \ud83d\udca5SAWK\ud83d\udca2\ud83d\ude20\ud83e\udd1a\n|\n|upkeep\n|\n|t:|1700409176\n|switch|p1a: \ud83d\udca2DECIDYEYE\ud83d\udca2\ud83d\udc4a\ud83e\udd1c|Decidueye-Hisui, M|100\/100\n|turn|4\n|\n|t:|1700409180\n|move|p2a: Arcto|Fishious Rend|p1a: \ud83d\udca2DECIDYEYE\ud83d\udca2\ud83d\udc4a\ud83e\udd1c\n|-resisted|p1a: \ud83d\udca2DECIDYEYE\ud83d\udca2\ud83d\udc4a\ud83e\udd1c\n|-damage|p1a: \ud83d\udca2DECIDYEYE\ud83d\udca2\ud83d\udc4a\ud83e\udd1c|49\/100\n|move|p1a: \ud83d\udca2DECIDYEYE\ud83d\udca2\ud83d\udc4a\ud83e\udd1c|Trailblaze|p2a: Arcto\n|-supereffective|p2a: Arcto\n|-damage|p2a: Arcto|48\/100\n|-boost|p1a: \ud83d\udca2DECIDYEYE\ud83d\udca2\ud83d\udc4a\ud83e\udd1c|spe|1\n|\n|upkeep\n|turn|5\n|\n|t:|1700409194\n|move|p1a: \ud83d\udca2DECIDYEYE\ud83d\udca2\ud83d\udc4a\ud83e\udd1c|Trailblaze|p2a: Arcto\n|-supereffective|p2a: Arcto\n|-damage|p2a: Arcto|1\/100\n|-boost|p1a: \ud83d\udca2DECIDYEYE\ud83d\udca2\ud83d\udc4a\ud83e\udd1c|spe|1\n|move|p2a: Arcto|Fishious Rend|p1a: \ud83d\udca2DECIDYEYE\ud83d\udca2\ud83d\udc4a\ud83e\udd1c\n|-resisted|p1a: \ud83d\udca2DECIDYEYE\ud83d\udca2\ud83d\udc4a\ud83e\udd1c\n|-damage|p1a: \ud83d\udca2DECIDYEYE\ud83d\udca2\ud83d\udc4a\ud83e\udd1c|25\/100\n|\n|upkeep\n|turn|6\n|\n|t:|1700409205\n|move|p1a: \ud83d\udca2DECIDYEYE\ud83d\udca2\ud83d\udc4a\ud83e\udd1c|Trailblaze|p2a: Arcto\n|-supereffective|p2a: Arcto\n|-damage|p2a: Arcto|0 fnt\n|-boost|p1a: \ud83d\udca2DECIDYEYE\ud83d\udca2\ud83d\udc4a\ud83e\udd1c|spe|1\n|faint|p2a: Arcto\n|\n|upkeep\n|\n|t:|1700409214\n|switch|p2a: Tore|Torterra, M|100\/100\n|turn|7\n|\n|t:|1700409220\n|move|p1a: \ud83d\udca2DECIDYEYE\ud83d\udca2\ud83d\udc4a\ud83e\udd1c|Triple Arrows|p2a: Tore\n|-damage|p2a: Tore|59\/100\n|-unboost|p2a: Tore|def|1\n|move|p2a: Tore|Swords Dance|p2a: Tore\n|-boost|p2a: Tore|atk|2\n|\n|upkeep\n|turn|8\n|\n|t:|1700409245\n|-terastallize|p1a: \ud83d\udca2DECIDYEYE\ud83d\udca2\ud83d\udc4a\ud83e\udd1c|Fighting\n|move|p1a: \ud83d\udca2DECIDYEYE\ud83d\udca2\ud83d\udc4a\ud83e\udd1c|Triple Arrows|p2a: Tore\n|-crit|p2a: Tore\n|-damage|p2a: Tore|0 fnt\n|faint|p2a: Tore\n|\n|upkeep\n|\n|t:|1700409249\n|switch|p2a: Sked|Skeledirge, M|100\/100\n|turn|9\n|\n|t:|1700409258\n|-terastallize|p2a: Sked|Grass\n|move|p1a: \ud83d\udca2DECIDYEYE\ud83d\udca2\ud83d\udc4a\ud83e\udd1c|Triple Arrows|p2a: Sked\n|-crit|p2a: Sked\n|-damage|p2a: Sked|36\/100\n|-unboost|p2a: Sked|def|1\n|move|p2a: Sked|Torch Song|p1a: \ud83d\udca2DECIDYEYE\ud83d\udca2\ud83d\udc4a\ud83e\udd1c\n|-damage|p1a: \ud83d\udca2DECIDYEYE\ud83d\udca2\ud83d\udc4a\ud83e\udd1c|0 fnt\n|-boost|p2a: Sked|spa|1\n|faint|p1a: \ud83d\udca2DECIDYEYE\ud83d\udca2\ud83d\udc4a\ud83e\udd1c\n|\n|upkeep\n|\n|t:|1700409275\n|switch|p1a: \ud83d\udca5BLAZIKEN\u2757\ufe0f\ud83d\udca2\ud83d\ude21\ud83e\udd1c|Blaziken, M, shiny|100\/100\n|turn|10\n|\n|t:|1700409281\n|detailschange|p1a: \ud83d\udca5BLAZIKEN\u2757\ufe0f\ud83d\udca2\ud83d\ude21\ud83e\udd1c|Blaziken-Mega, M, shiny\n|-mega|p1a: \ud83d\udca5BLAZIKEN\u2757\ufe0f\ud83d\udca2\ud83d\ude21\ud83e\udd1c|Blaziken|Blazikenite\n|move|p1a: \ud83d\udca5BLAZIKEN\u2757\ufe0f\ud83d\udca2\ud83d\ude21\ud83e\udd1c|Swords Dance|p1a: \ud83d\udca5BLAZIKEN\u2757\ufe0f\ud83d\udca2\ud83d\ude21\ud83e\udd1c\n|-boost|p1a: \ud83d\udca5BLAZIKEN\u2757\ufe0f\ud83d\udca2\ud83d\ude21\ud83e\udd1c|atk|2\n|move|p2a: Sked|Torch Song|p1a: \ud83d\udca5BLAZIKEN\u2757\ufe0f\ud83d\udca2\ud83d\ude21\ud83e\udd1c\n|-resisted|p1a: \ud83d\udca5BLAZIKEN\u2757\ufe0f\ud83d\udca2\ud83d\ude21\ud83e\udd1c\n|-damage|p1a: \ud83d\udca5BLAZIKEN\u2757\ufe0f\ud83d\udca2\ud83d\ude21\ud83e\udd1c|37\/100\n|-boost|p2a: Sked|spa|1\n|\n|-ability|p1a: \ud83d\udca5BLAZIKEN\u2757\ufe0f\ud83d\udca2\ud83d\ude21\ud83e\udd1c|Speed Boost|boost\n|-boost|p1a: \ud83d\udca5BLAZIKEN\u2757\ufe0f\ud83d\udca2\ud83d\ude21\ud83e\udd1c|spe|1\n|upkeep\n|turn|11\n|\n|t:|1700409294\n|move|p1a: \ud83d\udca5BLAZIKEN\u2757\ufe0f\ud83d\udca2\ud83d\ude21\ud83e\udd1c|Sky Uppercut|p2a: Sked\n|-damage|p2a: Sked|0 fnt\n|faint|p2a: Sked\n|\n|-ability|p1a: \ud83d\udca5BLAZIKEN\u2757\ufe0f\ud83d\udca2\ud83d\ude21\ud83e\udd1c|Speed Boost|boost\n|-boost|p1a: \ud83d\udca5BLAZIKEN\u2757\ufe0f\ud83d\udca2\ud83d\ude21\ud83e\udd1c|spe|1\n|upkeep\n|\n|t:|1700409299\n|switch|p2a: Dash|Rapidash-Galar, F|100\/100\n|turn|12\n|\n|t:|1700409304\n|move|p1a: \ud83d\udca5BLAZIKEN\u2757\ufe0f\ud83d\udca2\ud83d\ude21\ud83e\udd1c|Blaze Kick|p2a: Dash\n|-damage|p2a: Dash|0 fnt\n|faint|p2a: Dash\n|\n|-ability|p1a: \ud83d\udca5BLAZIKEN\u2757\ufe0f\ud83d\udca2\ud83d\ude21\ud83e\udd1c|Speed Boost|boost\n|-boost|p1a: \ud83d\udca5BLAZIKEN\u2757\ufe0f\ud83d\udca2\ud83d\ude21\ud83e\udd1c|spe|1\n|upkeep\n|\n|t:|1700409309\n|switch|p2a: Electi|Electivire, M|100\/100\n|turn|13\n|\n|t:|1700409314\n|move|p1a: \ud83d\udca5BLAZIKEN\u2757\ufe0f\ud83d\udca2\ud83d\ude21\ud83e\udd1c|Close Combat|p2a: Electi\n|-damage|p2a: Electi|0 fnt\n|-unboost|p1a: \ud83d\udca5BLAZIKEN\u2757\ufe0f\ud83d\udca2\ud83d\ude21\ud83e\udd1c|def|1\n|-unboost|p1a: \ud83d\udca5BLAZIKEN\u2757\ufe0f\ud83d\udca2\ud83d\ude21\ud83e\udd1c|spd|1\n|faint|p2a: Electi\n|\n|win|COMBAT-MODE\u26a0\ufe0f\n|raw|COMBAT-MODE\u26a0\ufe0f's rating: 1098 &rarr; <strong>1119<\/strong><br \/>(+21 for winning)\n|raw|Iplayathoem's rating: 1043 &rarr; <strong>1029<\/strong><br \/>(-14 for losing)\n|l|\u2606Iplayathoem\n","uploadtime":1700409324,"views":4,"p1id":"combatmode","p2id":"iplayathoem","formatid":"gen9nationaldexubers","rating":1029,"private":0,"password":""}