{"id":"gen9nationaldexubers-1993458385","p1":"brutey bonnet","p2":"Weirdmenace","format":"[Gen 9] National Dex Ubers","log":"|j|\u2606brutey bonnet\n|j|\u2606Weirdmenace\n|t:|1700320392\n|gametype|singles\n|player|p1|brutey bonnet|102|1359\n|player|p2|Weirdmenace|caitlin|1405\n|teamsize|p1|6\n|teamsize|p2|6\n|gen|9\n|tier|[Gen 9] National Dex Ubers\n|rated|\n|rule|HP Percentage Mod: HP is shown in percentages\n|rule|Endless Battle Clause: Forcing endless battles is banned\n|rule|OHKO Clause: OHKO moves are banned\n|rule|Evasion Moves Clause: Evasion moves are banned\n|rule|Evasion Items Clause: Evasion items are banned\n|rule|Species Clause: Limit one of each Pok\u00e9mon\n|rule|Sleep Clause Mod: Limit one foe put to sleep\n|rule|Mega Rayquaza Clause: You cannot mega evolve Rayquaza\n|clearpoke\n|poke|p1|Xerneas-*|\n|poke|p1|Marshadow|\n|poke|p1|Kommo-o, F|\n|poke|p1|Zacian-*|\n|poke|p1|Groudon|\n|poke|p1|Necrozma-Dusk-Mane|\n|poke|p2|Ho-Oh|\n|poke|p2|Zygarde|\n|poke|p2|Marshadow|\n|poke|p2|Groudon|\n|poke|p2|Arceus-Dark|\n|poke|p2|Kyogre|\n|teampreview\n|inactive|Battle timer is ON: inactive players will automatically lose when time's up. (requested by brutey bonnet)\n|\n|t:|1700320400\n|start\n|switch|p1a: Zacian|Zacian-Crowned|100\/100\n|switch|p2a: BKC|Arceus-Dark|100\/100\n|-ability|p1a: Zacian|Intrepid Sword|boost\n|-boost|p1a: Zacian|atk|1\n|turn|1\n|\n|t:|1700320407\n|-terastallize|p2a: BKC|Ghost\n|move|p1a: Zacian|Swords Dance|p1a: Zacian\n|-boost|p1a: Zacian|atk|2\n|move|p2a: BKC|Will-O-Wisp|p1a: Zacian|[miss]\n|-miss|p2a: BKC|p1a: Zacian\n|\n|upkeep\n|turn|2\n|\n|t:|1700320415\n|move|p1a: Zacian|Behemoth Blade|p2a: BKC\n|-damage|p2a: BKC|3\/100\n|move|p2a: BKC|Foul Play|p1a: Zacian\n|-resisted|p1a: Zacian\n|-damage|p1a: Zacian|19\/100\n|\n|upkeep\n|turn|3\n|\n|t:|1700320424\n|switch|p2a: looks at you funny|Zygarde|100\/100\n|move|p1a: Zacian|Behemoth Blade|p2a: looks at you funny\n|-damage|p2a: looks at you funny|21\/100\n|\n|-activate|p2a: looks at you funny|ability: Power Construct\n|detailschange|p2a: looks at you funny|Zygarde-Complete\n|-heal|p2a: looks at you funny|48\/100|[silent]\n|upkeep\n|turn|4\n|\n|t:|1700320437\n|move|p2a: looks at you funny|Extreme Speed|p1a: Zacian\n|-resisted|p1a: Zacian\n|-damage|p1a: Zacian|10\/100\n|move|p1a: Zacian|Behemoth Blade|p2a: looks at you funny\n|-damage|p2a: looks at you funny|0 fnt\n|faint|p2a: looks at you funny\n|\n|upkeep\n|\n|t:|1700320443\n|switch|p2a: borzoi|Marshadow|100\/100\n|turn|5\n|\n|t:|1700320446\n|move|p2a: borzoi|Shadow Sneak|p1a: Zacian\n|-damage|p1a: Zacian|0 fnt\n|faint|p1a: Zacian\n|\n|upkeep\n|\n|t:|1700320452\n|switch|p1a: Xerneas|Xerneas|100\/100\n|-ability|p1a: Xerneas|Fairy Aura\n|turn|6\n|\n|t:|1700320456\n|switch|p2a: kid named eruption|Groudon|100\/100\n|detailschange|p2a: kid named eruption|Groudon-Primal\n|-primal|p2a: kid named eruption|Red Orb\n|-weather|DesolateLand|[from] ability: Desolate Land|[of] p2a: kid named eruption\n|move|p1a: Xerneas|Moonblast|p2a: kid named eruption\n|-resisted|p2a: kid named eruption\n|-crit|p2a: kid named eruption\n|-damage|p2a: kid named eruption|45\/100\n|\n|-weather|DesolateLand|[upkeep]\n|upkeep\n|turn|7\n|\n|t:|1700320467\n|move|p2a: kid named eruption|Precipice Blades|p1a: Xerneas\n|-damage|p1a: Xerneas|28\/100\n|move|p1a: Xerneas|Moonblast|p2a: kid named eruption\n|-resisted|p2a: kid named eruption\n|-damage|p2a: kid named eruption|11\/100\n|\n|-weather|DesolateLand|[upkeep]\n|upkeep\n|turn|8\n|\n|t:|1700320476\n|move|p2a: kid named eruption|Heat Crash|p1a: Xerneas\n|-damage|p1a: Xerneas|0 fnt\n|faint|p1a: Xerneas\n|\n|-weather|DesolateLand|[upkeep]\n|upkeep\n|\n|t:|1700320480\n|switch|p1a: Marshadow|Marshadow|100\/100\n|turn|9\n|\n|t:|1700320486\n|-weather|none\n|switch|p2a: birdspam|Ho-Oh|100\/100\n|move|p1a: Marshadow|Shadow Sneak|p2a: birdspam\n|-damage|p2a: birdspam|80\/100\n|\n|upkeep\n|turn|10\n|\n|t:|1700320492\n|move|p1a: Marshadow|Spectral Thief|p2a: birdspam\n|-damage|p2a: birdspam|51\/100\n|move|p2a: birdspam|Sacred Fire|p1a: Marshadow\n|-damage|p1a: Marshadow|43\/100\n|\n|upkeep\n|turn|11\n|\n|t:|1700320500\n|move|p1a: Marshadow|Spectral Thief|p2a: birdspam\n|-damage|p2a: birdspam|22\/100\n|move|p2a: birdspam|Recover|p2a: birdspam\n|-heal|p2a: birdspam|72\/100\n|\n|upkeep\n|turn|12\n|\n|t:|1700320513\n|switch|p1a: Kommo-o|Kommo-o, F|100\/100\n|move|p2a: birdspam|Sacred Fire|p1a: Kommo-o\n|-resisted|p1a: Kommo-o\n|-damage|p1a: Kommo-o|80\/100\n|\n|upkeep\n|turn|13\n|\n|t:|1700320522\n|-zpower|p1a: Kommo-o\n|move|p1a: Kommo-o|Clangorous Soulblaze|p2a: birdspam|[zeffect]\n|-damage|p2a: birdspam|38\/100\n|-boost|p1a: Kommo-o|atk|1\n|-boost|p1a: Kommo-o|def|1\n|-boost|p1a: Kommo-o|spa|1\n|-boost|p1a: Kommo-o|spd|1\n|-boost|p1a: Kommo-o|spe|1\n|move|p2a: birdspam|Toxic|p1a: Kommo-o\n|-status|p1a: Kommo-o|tox\n|\n|-damage|p1a: Kommo-o|73\/100 tox|[from] psn\n|upkeep\n|turn|14\n|\n|t:|1700320535\n|switch|p2a: BKC|Arceus-Dark, tera:Ghost|3\/100\n|move|p1a: Kommo-o|Clanging Scales|p2a: BKC\n|-damage|p2a: BKC|0 fnt\n|faint|p2a: BKC\n|-unboost|p1a: Kommo-o|def|1\n|\n|-damage|p1a: Kommo-o|61\/100 tox|[from] psn\n|upkeep\n|\n|t:|1700320541\n|switch|p2a: birdspam|Ho-Oh|71\/100\n|turn|15\n|\n|t:|1700320545\n|move|p1a: Kommo-o|Clanging Scales|p2a: birdspam\n|-damage|p2a: birdspam|45\/100\n|-unboost|p1a: Kommo-o|def|1\n|move|p2a: birdspam|Recover|p2a: birdspam\n|-heal|p2a: birdspam|95\/100\n|\n|-damage|p1a: Kommo-o|42\/100 tox|[from] psn\n|upkeep\n|turn|16\n|\n|t:|1700320554\n|move|p1a: Kommo-o|Clanging Scales|p2a: birdspam\n|-damage|p2a: birdspam|69\/100\n|-unboost|p1a: Kommo-o|def|1\n|move|p2a: birdspam|Recover|p2a: birdspam\n|-heal|p2a: birdspam|100\/100\n|\n|-damage|p1a: Kommo-o|18\/100 tox|[from] psn\n|upkeep\n|turn|17\n|\n|t:|1700320564\n|move|p1a: Kommo-o|Clanging Scales|p2a: birdspam\n|-damage|p2a: birdspam|74\/100\n|-unboost|p1a: Kommo-o|def|1\n|move|p2a: birdspam|Sacred Fire|p1a: Kommo-o\n|-resisted|p1a: Kommo-o\n|-damage|p1a: Kommo-o|0 fnt\n|faint|p1a: Kommo-o\n|\n|upkeep\n|\n|t:|1700320572\n|switch|p1a: Necrozma|Necrozma-Dusk-Mane|100\/100\n|turn|18\n|\n|t:|1700320577\n|detailschange|p1a: Necrozma|Necrozma-Ultra\n|-burst|p1a: Necrozma|Necrozma|Ultranecrozium Z\n|move|p1a: Necrozma|Dragon Dance|p1a: Necrozma\n|-boost|p1a: Necrozma|atk|1\n|-boost|p1a: Necrozma|spe|1\n|move|p2a: birdspam|Sacred Fire|p1a: Necrozma\n|-resisted|p1a: Necrozma\n|-crit|p1a: Necrozma\n|-damage|p1a: Necrozma|69\/100\n|\n|upkeep\n|turn|19\n|\n|t:|1700320588\n|move|p1a: Necrozma|Photon Geyser|p2a: birdspam\n|-damage|p2a: birdspam|11\/100\n|move|p2a: birdspam|Toxic|p1a: Necrozma\n|-status|p1a: Necrozma|tox\n|\n|-damage|p1a: Necrozma|63\/100 tox|[from] psn\n|upkeep\n|turn|20\n|\n|t:|1700320597\n|switch|p2a: kid named eruption|Groudon-Primal|11\/100\n|-weather|DesolateLand|[from] ability: Desolate Land|[of] p2a: kid named eruption\n|move|p1a: Necrozma|Dragon Dance|p1a: Necrozma\n|-boost|p1a: Necrozma|atk|1\n|-boost|p1a: Necrozma|spe|1\n|\n|-weather|DesolateLand|[upkeep]\n|-damage|p1a: Necrozma|51\/100 tox|[from] psn\n|upkeep\n|turn|21\n|\n|t:|1700320607\n|move|p1a: Necrozma|Photon Geyser|p2a: kid named eruption\n|-damage|p2a: kid named eruption|0 fnt\n|faint|p2a: kid named eruption\n|-weather|none\n|\n|-damage|p1a: Necrozma|33\/100 tox|[from] psn\n|upkeep\n|\n|t:|1700320609\n|switch|p2a: borzoi|Marshadow|100\/100\n|turn|22\n|\n|t:|1700320616\n|move|p2a: borzoi|Shadow Sneak|p1a: Necrozma\n|-supereffective|p1a: Necrozma\n|-damage|p1a: Necrozma|0 fnt\n|faint|p1a: Necrozma\n|\n|upkeep\n|\n|t:|1700320620\n|switch|p1a: Groudon|Groudon|100\/100\n|detailschange|p1a: Groudon|Groudon-Primal\n|-primal|p1a: Groudon|Red Orb\n|-weather|DesolateLand|[from] ability: Desolate Land|[of] p1a: Groudon\n|turn|23\n|\n|t:|1700320630\n|switch|p2a: birdspam|Ho-Oh|45\/100\n|move|p1a: Groudon|Heat Crash|p2a: birdspam\n|-resisted|p2a: birdspam\n|-damage|p2a: birdspam|0 fnt\n|faint|p2a: birdspam\n|\n|-weather|DesolateLand|[upkeep]\n|upkeep\n|\n|t:|1700320634\n|switch|p2a: goldfish crackers|Kyogre|100\/100\n|detailschange|p2a: goldfish crackers|Kyogre-Primal\n|-primal|p2a: goldfish crackers|Blue Orb\n|-weather|PrimordialSea|[from] ability: Primordial Sea|[of] p2a: goldfish crackers\n|turn|24\n|\n|t:|1700320641\n|switch|p1a: Marshadow|Marshadow|43\/100\n|move|p2a: goldfish crackers|Origin Pulse|p1a: Marshadow\n|-damage|p1a: Marshadow|0 fnt\n|faint|p1a: Marshadow\n|\n|-weather|PrimordialSea|[upkeep]\n|upkeep\n|\n|t:|1700320647\n|switch|p1a: Groudon|Groudon-Primal|100\/100\n|-weather|DesolateLand|[from] ability: Desolate Land|[of] p1a: Groudon\n|turn|25\n|\n|t:|1700320655\n|switch|p2a: borzoi|Marshadow|100\/100\n|move|p1a: Groudon|Precipice Blades|p2a: borzoi\n|-damage|p2a: borzoi|0 fnt\n|faint|p2a: borzoi\n|\n|-weather|DesolateLand|[upkeep]\n|upkeep\n|\n|t:|1700320657\n|switch|p2a: goldfish crackers|Kyogre-Primal|100\/100\n|-weather|PrimordialSea|[from] ability: Primordial Sea|[of] p2a: goldfish crackers\n|turn|26\n|\n|t:|1700320664\n|move|p1a: Groudon|Precipice Blades|p2a: goldfish crackers\n|-damage|p2a: goldfish crackers|37\/100\n|move|p2a: goldfish crackers|Origin Pulse|p1a: Groudon\n|-supereffective|p1a: Groudon\n|-damage|p1a: Groudon|0 fnt\n|faint|p1a: Groudon\n|\n|win|Weirdmenace\n|raw|brutey bonnet's rating: 1359 &rarr; <strong>1342<\/strong><br \/>(-17 for losing)\n|raw|Weirdmenace's rating: 1405 &rarr; <strong>1422<\/strong><br \/>(+17 for winning)\n|l|\u2606brutey bonnet\n|l|\u2606Weirdmenace\n","uploadtime":1700320669,"views":6,"p1id":"bruteybonnet","p2id":"weirdmenace","formatid":"gen9nationaldexubers","rating":1342,"private":0,"password":""}