{"id":"gen9nationaldexubers-1985846283","p1":"CryAndComplain23","p2":"geeb69","format":"[Gen 9] National Dex Ubers","log":"|j|\u2606CryAndComplain23\n|j|\u203dgeeb69\n|t:|1699412595\n|gametype|singles\n|player|p1|CryAndComplain23|guzma|\n|player|p2|geeb69|ethan|\n|teamsize|p1|6\n|teamsize|p2|6\n|gen|9\n|tier|[Gen 9] National Dex Ubers\n|rule|HP Percentage Mod: HP is shown in percentages\n|rule|Endless Battle Clause: Forcing endless battles is banned\n|rule|OHKO Clause: OHKO moves are banned\n|rule|Evasion Moves Clause: Evasion moves are banned\n|rule|Evasion Items Clause: Evasion items are banned\n|rule|Species Clause: Limit one of each Pok\u00e9mon\n|rule|Sleep Clause Mod: Limit one foe put to sleep\n|rule|Mega Rayquaza Clause: You cannot mega evolve Rayquaza\n|clearpoke\n|poke|p1|Slowking-Galar, M|\n|poke|p1|Zapdos-Galar|\n|poke|p1|Volcarona, F|\n|poke|p1|Kingambit, M|\n|poke|p1|Altaria, M|\n|poke|p1|Chansey, F|\n|poke|p2|Blacephalon|\n|poke|p2|Manectric, M|\n|poke|p2|Dragonite, M|\n|poke|p2|Slowking, M|\n|poke|p2|Stakataka|\n|poke|p2|Ursaluna, M|\n|teampreview\n|j| poop679\n|l|\u2606CryAndComplain23\n|player|p1|\n|j| Arod2606\n|j|\u2606CryAndComplain23\n|player|p1|CryAndComplain23|guzma\n|j| Bob67543789\n|j| foofoo1\n|\n|t:|1699412640\n|start\n|switch|p1a: Queen Bitch Jr|Chansey, F|100\/100\n|switch|p2a: Manectric|Manectric, M, shiny|100\/100\n|turn|1\n|\n|t:|1699412665\n|detailschange|p2a: Manectric|Manectric-Mega, M, shiny\n|-mega|p2a: Manectric|Manectric|Manectite\n|-ability|p2a: Manectric|Intimidate|boost\n|-unboost|p1a: Queen Bitch Jr|atk|1\n|move|p2a: Manectric|Volt Switch|p1a: Queen Bitch Jr\n|-damage|p1a: Queen Bitch Jr|92\/100\n|j| Eljefejefffff\n|\n|t:|1699412673\n|switch|p2a: Blacephalon|Blacephalon|100\/100|[from] Volt Switch\n|move|p1a: Queen Bitch Jr|Stealth Rock|p2a: Blacephalon\n|-sidestart|p2: geeb69|move: Stealth Rock\n|\n|upkeep\n|turn|2\n|\n|t:|1699412693\n|switch|p1a: Moonage Daydream|Altaria, M|100\/100\n|move|p2a: Blacephalon|Trick||[still]\n|-fail|p2a: Blacephalon\n|\n|upkeep\n|turn|3\n|l| Bob67543789\n|\n|t:|1699412716\n|switch|p2a: Stakataka|Stakataka, shiny|100\/100\n|-damage|p2a: Stakataka|94\/100|[from] Stealth Rock\n|-item|p2a: Stakataka|Air Balloon\n|detailschange|p1a: Moonage Daydream|Altaria-Mega, M\n|-mega|p1a: Moonage Daydream|Altaria|Altarianite\n|move|p1a: Moonage Daydream|Earthquake|p2a: Stakataka\n|-immune|p2a: Stakataka\n|\n|upkeep\n|turn|4\n|\n|t:|1699412735\n|switch|p1a: Ashes to Ashes|Volcarona, F|100\/100\n|move|p2a: Stakataka|Trick Room|p2a: Stakataka\n|-fieldstart|move: Trick Room|[of] p2a: Stakataka\n|\n|upkeep\n|turn|5\n|\n|t:|1699412750\n|move|p2a: Stakataka|Earthquake|p1a: Ashes to Ashes\n|-damage|p1a: Ashes to Ashes|45\/100\n|move|p1a: Ashes to Ashes|Fiery Dance|p2a: Stakataka\n|-damage|p2a: Stakataka|53\/100\n|-boost|p1a: Ashes to Ashes|spa|1\n|-enditem|p2a: Stakataka|Air Balloon\n|\n|upkeep\n|turn|6\n|\n|t:|1699412764\n|switch|p1a: Let\u2019s Dance|Zapdos-Galar|100\/100\n|move|p2a: Stakataka|Earthquake|p1a: Let\u2019s Dance\n|-immune|p1a: Let\u2019s Dance\n|\n|upkeep\n|turn|7\n|\n|t:|1699412773\n|switch|p1a: Ashes to Ashes|Volcarona, F|45\/100\n|move|p2a: Stakataka|Gyro Ball|p1a: Ashes to Ashes\n|-resisted|p1a: Ashes to Ashes\n|-damage|p1a: Ashes to Ashes|0 fnt\n|-status|p2a: Stakataka|brn|[from] ability: Flame Body|[of] p1a: Ashes to Ashes\n|faint|p1a: Ashes to Ashes\n|-ability|p2a: Stakataka|Beast Boost|boost\n|-boost|p2a: Stakataka|def|1\n|\n|-damage|p2a: Stakataka|47\/100 brn|[from] brn\n|upkeep\n|\n|t:|1699412797\n|switch|p1a: Weird and Gilly|Slowking-Galar, M|100\/100\n|turn|8\n|\n|t:|1699412819\n|switch|p2a: Ursaluna|Ursaluna, M, shiny|100\/100\n|-damage|p2a: Ursaluna|94\/100|[from] Stealth Rock\n|move|p1a: Weird and Gilly|Flamethrower|p2a: Ursaluna\n|-damage|p2a: Ursaluna|73\/100\n|\n|-fieldend|move: Trick Room\n|-status|p2a: Ursaluna|brn|[from] item: Flame Orb\n|upkeep\n|turn|9\n|\n|t:|1699412836\n|move|p2a: Ursaluna|Facade|p1a: Weird and Gilly\n|-damage|p1a: Weird and Gilly|0 fnt\n|faint|p1a: Weird and Gilly\n|\n|-damage|p2a: Ursaluna|67\/100 brn|[from] brn\n|upkeep\n|\n|t:|1699412841\n|switch|p1a: Let\u2019s Dance|Zapdos-Galar|100\/100\n|turn|10\n|\n|t:|1699412855\n|switch|p2a: Blacephalon|Blacephalon|100\/100\n|move|p1a: Let\u2019s Dance|Thunderous Kick|p2a: Blacephalon\n|-immune|p2a: Blacephalon\n|\n|upkeep\n|turn|11\n|\n|t:|1699412872\n|switch|p1a: Queen Bitch Jr|Chansey, F|92\/100\n|move|p2a: Blacephalon|Psyshock|p1a: Queen Bitch Jr\n|-damage|p1a: Queen Bitch Jr|43\/100\n|\n|upkeep\n|turn|12\n|\n|t:|1699412887\n|switch|p1a: Major Tom|Kingambit, M|100\/100\n|-activate|p1a: Major Tom|ability: Supreme Overlord\n|-start|p1a: Major Tom|fallen2|[silent]\n|move|p2a: Blacephalon|Psyshock|p1a: Major Tom\n|-immune|p1a: Major Tom\n|\n|upkeep\n|turn|13\n|\n|t:|1699412918\n|move|p2a: Blacephalon|Flamethrower|p1a: Major Tom\n|-supereffective|p1a: Major Tom\n|-damage|p1a: Major Tom|0 fnt\n|faint|p1a: Major Tom\n|-end|p1a: Major Tom|fallen2|[silent]\n|-ability|p2a: Blacephalon|Beast Boost|boost\n|-boost|p2a: Blacephalon|spa|1\n|\n|upkeep\n|\n|t:|1699412929\n|switch|p1a: Let\u2019s Dance|Zapdos-Galar|100\/100\n|turn|14\n|\n|t:|1699412939\n|move|p1a: Let\u2019s Dance|Knock Off|p2a: Blacephalon\n|-supereffective|p2a: Blacephalon\n|-damage|p2a: Blacephalon|0 fnt\n|-enditem|p2a: Blacephalon|Heavy-Duty Boots|[from] move: Knock Off|[of] p1a: Let\u2019s Dance\n|faint|p2a: Blacephalon\n|\n|upkeep\n|\n|t:|1699412953\n|switch|p2a: Dragonite|Dragonite, M|100\/100\n|turn|15\n|\n|t:|1699412966\n|switch|p1a: Moonage Daydream|Altaria-Mega, M|100\/100\n|move|p2a: Dragonite|Ice Beam|p1a: Moonage Daydream\n|-supereffective|p1a: Moonage Daydream\n|-damage|p1a: Moonage Daydream|50\/100\n|\n|upkeep\n|turn|16\n|\n|t:|1699412983\n|switch|p1a: Queen Bitch Jr|Chansey, F|43\/100\n|move|p2a: Dragonite|Ice Beam|p1a: Queen Bitch Jr\n|-damage|p1a: Queen Bitch Jr|38\/100\n|\n|upkeep\n|turn|17\n|\n|t:|1699412995\n|switch|p2a: Ursaluna|Ursaluna, M, shiny|67\/100 brn\n|-damage|p2a: Ursaluna|61\/100 brn|[from] Stealth Rock\n|move|p1a: Queen Bitch Jr|Soft-Boiled|p1a: Queen Bitch Jr\n|-heal|p1a: Queen Bitch Jr|88\/100\n|\n|-damage|p2a: Ursaluna|54\/100 brn|[from] brn\n|upkeep\n|turn|18\n|\n|t:|1699413005\n|move|p1a: Queen Bitch Jr|Seismic Toss|p2a: Ursaluna\n|-damage|p2a: Ursaluna|33\/100 brn\n|move|p2a: Ursaluna|Facade|p1a: Queen Bitch Jr\n|-damage|p1a: Queen Bitch Jr|0 fnt\n|faint|p1a: Queen Bitch Jr\n|\n|-damage|p2a: Ursaluna|27\/100 brn|[from] brn\n|upkeep\n|\n|t:|1699413018\n|switch|p1a: Let\u2019s Dance|Zapdos-Galar|100\/100\n|turn|19\n|\n|t:|1699413034\n|move|p1a: Let\u2019s Dance|Thunderous Kick|p2a: Ursaluna\n|-supereffective|p2a: Ursaluna\n|-damage|p2a: Ursaluna|0 fnt\n|faint|p2a: Ursaluna\n|\n|upkeep\n|\n|t:|1699413047\n|switch|p2a: Dragonite|Dragonite, M|100\/100\n|turn|20\n|\n|t:|1699413054\n|move|p1a: Let\u2019s Dance|Thunderous Kick|p2a: Dragonite\n|-resisted|p2a: Dragonite\n|-damage|p2a: Dragonite|92\/100\n|-unboost|p2a: Dragonite|def|1\n|move|p2a: Dragonite|Ice Beam|p1a: Let\u2019s Dance\n|-supereffective|p1a: Let\u2019s Dance\n|-damage|p1a: Let\u2019s Dance|49\/100\n|\n|upkeep\n|turn|21\n|\n|t:|1699413062\n|move|p1a: Let\u2019s Dance|Thunderous Kick|p2a: Dragonite\n|-resisted|p2a: Dragonite\n|-damage|p2a: Dragonite|63\/100\n|-unboost|p2a: Dragonite|def|1\n|move|p2a: Dragonite|Ice Beam|p1a: Let\u2019s Dance\n|-supereffective|p1a: Let\u2019s Dance\n|-damage|p1a: Let\u2019s Dance|0 fnt\n|faint|p1a: Let\u2019s Dance\n|\n|upkeep\n|\n|t:|1699413065\n|switch|p1a: Moonage Daydream|Altaria-Mega, M|50\/100\n|turn|22\n|\n|t:|1699413076\n|move|p2a: Dragonite|Extreme Speed|p1a: Moonage Daydream\n|-damage|p1a: Moonage Daydream|21\/100\n|move|p1a: Moonage Daydream|Return|p2a: Dragonite\n|-supereffective|p2a: Dragonite\n|-damage|p2a: Dragonite|0 fnt\n|faint|p2a: Dragonite\n|\n|upkeep\n|\n|t:|1699413086\n|switch|p2a: Manectric|Manectric-Mega, M, shiny|100\/100\n|-damage|p2a: Manectric|88\/100|[from] Stealth Rock\n|-ability|p2a: Manectric|Intimidate|boost\n|-unboost|p1a: Moonage Daydream|atk|1\n|turn|23\n|\n|t:|1699413091\n|move|p2a: Manectric|Hidden Power|p1a: Moonage Daydream\n|-supereffective|p1a: Moonage Daydream\n|-damage|p1a: Moonage Daydream|0 fnt\n|faint|p1a: Moonage Daydream\n|\n|win|geeb69\n","uploadtime":1699413095,"views":28,"p1id":"cryandcomplain23","p2id":"geeb69","formatid":"gen9nationaldexubers","rating":0,"private":0,"password":""}