{"id":"gen9nationaldexubers-1995032363","p1":"JustMonika_CARR","p2":"Poke J miner","format":"[Gen 9] National Dex Ubers","log":"|j|\u2606JustMonika_CARR\n|j|\u2606Poke J miner\n|t:|1700515317\n|gametype|singles\n|player|p1|JustMonika_CARR|dawn|1352\n|player|p2|Poke J miner|169|1273\n|teamsize|p1|6\n|teamsize|p2|6\n|gen|9\n|tier|[Gen 9] National Dex Ubers\n|rated|\n|rule|HP Percentage Mod: HP is shown in percentages\n|rule|Endless Battle Clause: Forcing endless battles is banned\n|rule|OHKO Clause: OHKO moves are banned\n|rule|Evasion Moves Clause: Evasion moves are banned\n|rule|Evasion Items Clause: Evasion items are banned\n|rule|Species Clause: Limit one of each Pok\u00e9mon\n|rule|Sleep Clause Mod: Limit one foe put to sleep\n|rule|Mega Rayquaza Clause: You cannot mega evolve Rayquaza\n|clearpoke\n|poke|p1|Shuckle, M|\n|poke|p1|Deoxys-Speed|\n|poke|p1|Arceus|\n|poke|p1|Forretress, M|\n|poke|p1|Magearna|\n|poke|p1|Pyukumuku, M|\n|poke|p2|Necrozma-Dusk-Mane|\n|poke|p2|Glimmora, M|\n|poke|p2|Regieleki|\n|poke|p2|Skeledirge, F|\n|poke|p2|Marshadow|\n|poke|p2|Tatsugiri-Droopy, F|\n|teampreview\n|\n|t:|1700515327\n|start\n|switch|p1a: Forretress|Forretress, M, shiny|100\/100\n|switch|p2a: Glimmora|Glimmora, M|100\/100\n|turn|1\n|\n|t:|1700515332\n|move|p2a: Glimmora|Stealth Rock|p1a: Forretress\n|-sidestart|p1: JustMonika_CARR|move: Stealth Rock\n|move|p1a: Forretress|Toxic Spikes|p2a: Glimmora\n|-sidestart|p2: Poke J miner|move: Toxic Spikes\n|\n|upkeep\n|turn|2\n|\n|t:|1700515346\n|switch|p2a: Necrozma|Necrozma-Dusk-Mane|100\/100\n|move|p1a: Forretress|Toxic Spikes|p2a: Necrozma\n|-sidestart|p2: Poke J miner|move: Toxic Spikes\n|\n|upkeep\n|turn|3\n|\n|t:|1700515354\n|switch|p2a: Glimmora|Glimmora, M|100\/100\n|-sideend|p2: Poke J miner|move: Toxic Spikes|[of] p2a: Glimmora\n|move|p1a: Forretress|Rapid Spin|p2a: Glimmora\n|-resisted|p2a: Glimmora\n|-damage|p2a: Glimmora|96\/100\n|-boost|p1a: Forretress|spe|1\n|-activate|p2a: Glimmora|ability: Toxic Debris\n|-sidestart|p1: JustMonika_CARR|move: Toxic Spikes\n|-sideend|p1: JustMonika_CARR|Toxic Spikes|[from] move: Rapid Spin|[of] p1a: Forretress\n|-sideend|p1: JustMonika_CARR|Stealth Rock|[from] move: Rapid Spin|[of] p1a: Forretress\n|\n|upkeep\n|turn|4\n|\n|t:|1700515372\n|switch|p2a: Walking Woke|Tatsugiri-Droopy, F, shiny|100\/100\n|move|p1a: Forretress|Stealth Rock|p2a: Walking Woke\n|-sidestart|p2: Poke J miner|move: Stealth Rock\n|\n|upkeep\n|turn|5\n|\n|t:|1700515379\n|-terastallize|p2a: Walking Woke|Steel\n|move|p2a: Walking Woke|Rapid Spin|p1a: Forretress\n|-resisted|p1a: Forretress\n|-damage|p1a: Forretress|98\/100\n|-boost|p2a: Walking Woke|spe|1\n|-sideend|p2: Poke J miner|Stealth Rock|[from] move: Rapid Spin|[of] p2a: Walking Woke\n|-enditem|p1a: Forretress|Red Card|[of] p2a: Walking Woke\n|drag|p2a: Skeledirge|Skeledirge, F|100\/100\n|move|p1a: Forretress|Toxic Spikes|p2a: Skeledirge\n|-sidestart|p2: Poke J miner|move: Toxic Spikes\n|\n|upkeep\n|turn|6\n|\n|t:|1700515392\n|-terastallize|p1a: Forretress|Dragon\n|move|p1a: Forretress|Stealth Rock|p2a: Skeledirge\n|-sidestart|p2: Poke J miner|move: Stealth Rock\n|move|p2a: Skeledirge|Torch Song|p1a: Forretress\n|-resisted|p1a: Forretress\n|-damage|p1a: Forretress|85\/100\n|-boost|p2a: Skeledirge|spa|1\n|\n|upkeep\n|turn|7\n|\n|t:|1700515401\n|move|p1a: Forretress|Toxic Spikes|p2a: Skeledirge\n|-sidestart|p2: Poke J miner|move: Toxic Spikes\n|move|p2a: Skeledirge|Will-O-Wisp|p1a: Forretress\n|-status|p1a: Forretress|brn\n|\n|-damage|p1a: Forretress|79\/100 brn|[from] brn\n|upkeep\n|turn|8\n|\n|t:|1700515412\n|switch|p1a: Pyukumuku|Pyukumuku, M, shiny|100\/100\n|move|p2a: Skeledirge|Hex|p1a: Pyukumuku\n|-damage|p1a: Pyukumuku|82\/100\n|\n|-heal|p1a: Pyukumuku|88\/100|[from] item: Leftovers\n|upkeep\n|turn|9\n|\n|t:|1700515421\n|move|p2a: Skeledirge|Will-O-Wisp|p1a: Pyukumuku|[miss]\n|-miss|p2a: Skeledirge|p1a: Pyukumuku\n|move|p1a: Pyukumuku|Toxic|p2a: Skeledirge\n|-status|p2a: Skeledirge|tox\n|\n|-heal|p1a: Pyukumuku|94\/100|[from] item: Leftovers\n|-damage|p2a: Skeledirge|94\/100 tox|[from] psn\n|upkeep\n|turn|10\n|\n|t:|1700515432\n|switch|p1a: Forretress|Forretress, M, shiny, tera:Dragon|79\/100 brn\n|move|p2a: Skeledirge|Will-O-Wisp|p1a: Forretress\n|-fail|p1a: Forretress|brn\n|\n|-heal|p2a: Skeledirge|100\/100 tox|[from] item: Leftovers\n|-damage|p2a: Skeledirge|88\/100 tox|[from] psn\n|-damage|p1a: Forretress|73\/100 brn|[from] brn\n|upkeep\n|turn|11\n|\n|t:|1700515440\n|switch|p2a: Glimmora|Glimmora, M|96\/100\n|-sideend|p2: Poke J miner|move: Toxic Spikes|[of] p2a: Glimmora\n|-damage|p2a: Glimmora|83\/100|[from] Stealth Rock\n|move|p1a: Forretress|Rapid Spin|p2a: Glimmora\n|-resisted|p2a: Glimmora\n|-damage|p2a: Glimmora|81\/100\n|-boost|p1a: Forretress|spe|1\n|-activate|p2a: Glimmora|ability: Toxic Debris\n|-sidestart|p1: JustMonika_CARR|move: Toxic Spikes\n|-sideend|p1: JustMonika_CARR|Toxic Spikes|[from] move: Rapid Spin|[of] p1a: Forretress\n|\n|-damage|p1a: Forretress|67\/100 brn|[from] brn\n|upkeep\n|turn|12\n|\n|t:|1700515456\n|move|p2a: Glimmora|Mortal Spin|p1a: Forretress\n|-damage|p1a: Forretress|62\/100 brn\n|-sideend|p2: Poke J miner|Stealth Rock|[from] move: Mortal Spin|[of] p2a: Glimmora\n|move|p1a: Forretress|Toxic Spikes|p2a: Glimmora\n|-sidestart|p2: Poke J miner|move: Toxic Spikes\n|\n|-damage|p1a: Forretress|56\/100 brn|[from] brn\n|upkeep\n|turn|13\n|\n|t:|1700515464\n|move|p2a: Glimmora|Stealth Rock|p1a: Forretress\n|-sidestart|p1: JustMonika_CARR|move: Stealth Rock\n|move|p1a: Forretress|Stealth Rock|p2a: Glimmora\n|-sidestart|p2: Poke J miner|move: Stealth Rock\n|\n|-damage|p1a: Forretress|50\/100 brn|[from] brn\n|upkeep\n|turn|14\n|\n|t:|1700515472\n|move|p2a: Glimmora|Mortal Spin|p1a: Forretress\n|-damage|p1a: Forretress|45\/100 brn\n|-sideend|p2: Poke J miner|Toxic Spikes|[from] move: Mortal Spin|[of] p2a: Glimmora\n|-sideend|p2: Poke J miner|Stealth Rock|[from] move: Mortal Spin|[of] p2a: Glimmora\n|move|p1a: Forretress|Rapid Spin|p2a: Glimmora\n|-resisted|p2a: Glimmora\n|-damage|p2a: Glimmora|79\/100\n|-boost|p1a: Forretress|spe|1\n|-activate|p2a: Glimmora|ability: Toxic Debris\n|-sidestart|p1: JustMonika_CARR|move: Toxic Spikes\n|-sideend|p1: JustMonika_CARR|Toxic Spikes|[from] move: Rapid Spin|[of] p1a: Forretress\n|-sideend|p1: JustMonika_CARR|Stealth Rock|[from] move: Rapid Spin|[of] p1a: Forretress\n|\n|-damage|p1a: Forretress|39\/100 brn|[from] brn\n|upkeep\n|turn|15\n|\n|t:|1700515485\n|move|p2a: Glimmora|Stealth Rock|p1a: Forretress\n|-sidestart|p1: JustMonika_CARR|move: Stealth Rock\n|move|p1a: Forretress|Stealth Rock|p2a: Glimmora\n|-sidestart|p2: Poke J miner|move: Stealth Rock\n|\n|-damage|p1a: Forretress|33\/100 brn|[from] brn\n|upkeep\n|turn|16\n|\n|t:|1700515498\n|move|p2a: Glimmora|Earth Power|p1a: Forretress\n|-damage|p1a: Forretress|10\/100 brn\n|move|p1a: Forretress|Rapid Spin|p2a: Glimmora\n|-resisted|p2a: Glimmora\n|-damage|p2a: Glimmora|77\/100\n|-boost|p1a: Forretress|spe|1\n|-activate|p2a: Glimmora|ability: Toxic Debris\n|-sidestart|p1: JustMonika_CARR|move: Toxic Spikes\n|-sideend|p1: JustMonika_CARR|Toxic Spikes|[from] move: Rapid Spin|[of] p1a: Forretress\n|-sideend|p1: JustMonika_CARR|Stealth Rock|[from] move: Rapid Spin|[of] p1a: Forretress\n|\n|-damage|p1a: Forretress|4\/100 brn|[from] brn\n|upkeep\n|turn|17\n|\n|t:|1700515512\n|switch|p1a: Magearna|Magearna|100\/100\n|move|p2a: Glimmora|Stealth Rock|p1a: Magearna\n|-sidestart|p1: JustMonika_CARR|move: Stealth Rock\n|\n|upkeep\n|turn|18\n|\n|t:|1700515525\n|move|p2a: Glimmora|Earth Power|p1a: Magearna\n|-supereffective|p1a: Magearna\n|-damage|p1a: Magearna|57\/100\n|move|p1a: Magearna|Ice Beam|p2a: Glimmora\n|-damage|p2a: Glimmora|33\/100\n|\n|upkeep\n|turn|19\n|\n|t:|1700515533\n|move|p2a: Glimmora|Spiky Shield|p2a: Glimmora\n|-singleturn|p2a: Glimmora|move: Protect\n|move|p1a: Magearna|Ice Beam|p2a: Glimmora\n|-activate|p2a: Glimmora|move: Protect\n|\n|upkeep\n|turn|20\n|\n|t:|1700515544\n|move|p2a: Glimmora|Earth Power|p1a: Magearna\n|-supereffective|p1a: Magearna\n|-damage|p1a: Magearna|10\/100\n|-unboost|p1a: Magearna|spd|1\n|move|p1a: Magearna|Aura Sphere|p2a: Glimmora\n|-damage|p2a: Glimmora|0 fnt\n|faint|p2a: Glimmora\n|-ability|p1a: Magearna|Soul-Heart|boost\n|-boost|p1a: Magearna|spa|1\n|\n|upkeep\n|\n|t:|1700515552\n|switch|p2a: Walking Woke|Tatsugiri-Droopy, F, shiny, tera:Steel|100\/100\n|-damage|p2a: Walking Woke|94\/100|[from] Stealth Rock\n|turn|21\n|\n|t:|1700515558\n|move|p2a: Walking Woke|Rapid Spin|p1a: Magearna\n|-resisted|p1a: Magearna\n|-damage|p1a: Magearna|7\/100\n|-boost|p2a: Walking Woke|spe|1\n|-sideend|p2: Poke J miner|Stealth Rock|[from] move: Rapid Spin|[of] p2a: Walking Woke\n|move|p1a: Magearna|Aura Sphere|p2a: Walking Woke\n|-supereffective|p2a: Walking Woke\n|-damage|p2a: Walking Woke|20\/100\n|\n|upkeep\n|turn|22\n|\n|t:|1700515567\n|move|p2a: Walking Woke|Surf|p1a: Magearna\n|-damage|p1a: Magearna|0 fnt\n|faint|p1a: Magearna\n|\n|upkeep\n|\n|t:|1700515572\n|switch|p1a: Forretress|Forretress, M, shiny, tera:Dragon|4\/100 brn\n|-damage|p1a: Forretress|0 fnt|[from] Stealth Rock\n|faint|p1a: Forretress\n|\n|t:|1700515581\n|switch|p1a: Deoxys|Deoxys-Speed, shiny|100\/100\n|-damage|p1a: Deoxys|88\/100|[from] Stealth Rock\n|-ability|p1a: Deoxys|Pressure\n|turn|23\n|\n|t:|1700515591\n|move|p1a: Deoxys|Mud-Slap|p2a: Walking Woke\n|-supereffective|p2a: Walking Woke\n|-damage|p2a: Walking Woke|12\/100\n|-unboost|p2a: Walking Woke|accuracy|1\n|move|p2a: Walking Woke|Surf|p1a: Deoxys\n|-damage|p1a: Deoxys|28\/100\n|\n|upkeep\n|turn|24\n|\n|t:|1700515602\n|move|p1a: Deoxys|Light Screen|p1a: Deoxys\n|-sidestart|p1: JustMonika_CARR|move: Light Screen\n|move|p2a: Walking Woke|Surf|p1a: Deoxys\n|-damage|p1a: Deoxys|0 fnt\n|faint|p1a: Deoxys\n|\n|upkeep\n|\n|t:|1700515608\n|switch|p1a: Arceus|Arceus|100\/100\n|-damage|p1a: Arceus|88\/100|[from] Stealth Rock\n|turn|25\n|\n|t:|1700515612\n|move|p2a: Walking Woke|Tera Blast|p1a: Arceus|[anim] Tera Blast Steel\n|-damage|p1a: Arceus|76\/100\n|move|p1a: Arceus|Cosmic Power|p1a: Arceus\n|-boost|p1a: Arceus|def|1\n|-boost|p1a: Arceus|spd|1\n|\n|upkeep\n|turn|26\n|\n|t:|1700515615\n|move|p2a: Walking Woke|Surf|p1a: Arceus\n|-damage|p1a: Arceus|67\/100\n|move|p1a: Arceus|Cosmic Power|p1a: Arceus\n|-boost|p1a: Arceus|def|1\n|-boost|p1a: Arceus|spd|1\n|\n|upkeep\n|turn|27\n|\n|t:|1700515621\n|move|p2a: Walking Woke|Rapid Spin|p1a: Arceus\n|-damage|p1a: Arceus|66\/100\n|-boost|p2a: Walking Woke|spe|1\n|move|p1a: Arceus|Cosmic Power|p1a: Arceus\n|-boost|p1a: Arceus|def|1\n|-boost|p1a: Arceus|spd|1\n|\n|upkeep\n|turn|28\n|\n|t:|1700515625\n|move|p2a: Walking Woke|Surf|p1a: Arceus\n|-damage|p1a: Arceus|60\/100\n|move|p1a: Arceus|Cosmic Power|p1a: Arceus\n|-boost|p1a: Arceus|def|1\n|-boost|p1a: Arceus|spd|1\n|\n|upkeep\n|turn|29\n|\n|t:|1700515628\n|move|p2a: Walking Woke|Surf|p1a: Arceus\n|-damage|p1a: Arceus|56\/100\n|move|p1a: Arceus|Cosmic Power|p1a: Arceus\n|-boost|p1a: Arceus|def|1\n|-boost|p1a: Arceus|spd|1\n|\n|upkeep\n|turn|30\n|\n|t:|1700515630\n|move|p2a: Walking Woke|Surf|p1a: Arceus|[miss]\n|-miss|p2a: Walking Woke|p1a: Arceus\n|move|p1a: Arceus|Cosmic Power|p1a: Arceus\n|-boost|p1a: Arceus|def|1\n|-boost|p1a: Arceus|spd|1\n|\n|upkeep\n|turn|31\n|\n|t:|1700515638\n|move|p2a: Walking Woke|Surf|p1a: Arceus|[miss]\n|-miss|p2a: Walking Woke|p1a: Arceus\n|move|p1a: Arceus|Rest|p1a: Arceus\n|-status|p1a: Arceus|slp|[from] move: Rest\n|-heal|p1a: Arceus|100\/100 slp|[silent]\n|-enditem|p1a: Arceus|Chesto Berry|[eat]\n|-curestatus|p1a: Arceus|slp|[msg]\n|\n|-sideend|p1: JustMonika_CARR|move: Light Screen\n|upkeep\n|turn|32\n|\n|t:|1700515643\n|move|p2a: Walking Woke|Surf|p1a: Arceus\n|-damage|p1a: Arceus|94\/100\n|move|p1a: Arceus|Whirlpool|p2a: Walking Woke\n|-ability|p2a: Walking Woke|Storm Drain|boost\n|-boost|p2a: Walking Woke|spa|1\n|\n|upkeep\n|turn|33\n|\n|t:|1700515654\n|move|p2a: Walking Woke|Surf|p1a: Arceus\n|-damage|p1a: Arceus|85\/100\n|move|p1a: Arceus|Cosmic Power|p1a: Arceus\n|-boost|p1a: Arceus|def|0\n|-boost|p1a: Arceus|spd|0\n|\n|upkeep\n|turn|34\n|\n|t:|1700515659\n|move|p2a: Walking Woke|Surf|p1a: Arceus|[miss]\n|-miss|p2a: Walking Woke|p1a: Arceus\n|move|p1a: Arceus|Cosmic Power|p1a: Arceus\n|-boost|p1a: Arceus|def|0\n|-boost|p1a: Arceus|spd|0\n|\n|upkeep\n|turn|35\n|\n|t:|1700515666\n|move|p2a: Walking Woke|Dragon Pulse|p1a: Arceus\n|-damage|p1a: Arceus|75\/100\n|move|p1a: Arceus|Cosmic Power|p1a: Arceus\n|-boost|p1a: Arceus|def|0\n|-boost|p1a: Arceus|spd|0\n|\n|upkeep\n|turn|36\n|\n|t:|1700515670\n|move|p2a: Walking Woke|Dragon Pulse|p1a: Arceus\n|-damage|p1a: Arceus|66\/100\n|move|p1a: Arceus|Cosmic Power|p1a: Arceus\n|-boost|p1a: Arceus|def|0\n|-boost|p1a: Arceus|spd|0\n|\n|upkeep\n|turn|37\n|\n|t:|1700515673\n|move|p2a: Walking Woke|Rapid Spin|p1a: Arceus|[miss]\n|-miss|p2a: Walking Woke|p1a: Arceus\n|move|p1a: Arceus|Cosmic Power|p1a: Arceus\n|-boost|p1a: Arceus|def|0\n|-boost|p1a: Arceus|spd|0\n|\n|upkeep\n|turn|38\n|\n|t:|1700515676\n|move|p2a: Walking Woke|Rapid Spin|p1a: Arceus\n|-damage|p1a: Arceus|65\/100\n|-boost|p2a: Walking Woke|spe|1\n|move|p1a: Arceus|Cosmic Power|p1a: Arceus\n|-boost|p1a: Arceus|def|0\n|-boost|p1a: Arceus|spd|0\n|\n|upkeep\n|turn|39\n|\n|t:|1700515683\n|move|p2a: Walking Woke|Dragon Pulse|p1a: Arceus\n|-damage|p1a: Arceus|56\/100\n|move|p1a: Arceus|Cosmic Power|p1a: Arceus\n|-boost|p1a: Arceus|def|0\n|-boost|p1a: Arceus|spd|0\n|\n|upkeep\n|turn|40\n|\n|t:|1700515689\n|move|p2a: Walking Woke|Dragon Pulse|p1a: Arceus\n|-damage|p1a: Arceus|47\/100\n|move|p1a: Arceus|Cosmic Power|p1a: Arceus\n|-boost|p1a: Arceus|def|0\n|-boost|p1a: Arceus|spd|0\n|\n|upkeep\n|turn|41\n|\n|t:|1700515697\n|move|p2a: Walking Woke|Dragon Pulse|p1a: Arceus|[miss]\n|-miss|p2a: Walking Woke|p1a: Arceus\n|move|p1a: Arceus|Cosmic Power|p1a: Arceus\n|-boost|p1a: Arceus|def|0\n|-boost|p1a: Arceus|spd|0\n|\n|upkeep\n|turn|42\n|\n|t:|1700515701\n|move|p2a: Walking Woke|Dragon Pulse|p1a: Arceus\n|-damage|p1a: Arceus|38\/100\n|move|p1a: Arceus|Cosmic Power|p1a: Arceus\n|-boost|p1a: Arceus|def|0\n|-boost|p1a: Arceus|spd|0\n|\n|upkeep\n|turn|43\n|\n|t:|1700515706\n|move|p2a: Walking Woke|Dragon Pulse|p1a: Arceus|[miss]\n|-miss|p2a: Walking Woke|p1a: Arceus\n|move|p1a: Arceus|Cosmic Power|p1a: Arceus\n|-boost|p1a: Arceus|def|0\n|-boost|p1a: Arceus|spd|0\n|\n|upkeep\n|turn|44\n|\n|t:|1700515710\n|move|p2a: Walking Woke|Dragon Pulse|p1a: Arceus\n|-damage|p1a: Arceus|29\/100\n|move|p1a: Arceus|Cosmic Power|p1a: Arceus\n|-boost|p1a: Arceus|def|0\n|-boost|p1a: Arceus|spd|0\n|\n|upkeep\n|turn|45\n|\n|t:|1700515717\n|move|p2a: Walking Woke|Dragon Pulse|p1a: Arceus\n|-damage|p1a: Arceus|19\/100\n|move|p1a: Arceus|Cosmic Power|p1a: Arceus\n|-boost|p1a: Arceus|def|0\n|-boost|p1a: Arceus|spd|0\n|\n|upkeep\n|turn|46\n|\n|t:|1700515725\n|move|p2a: Walking Woke|Dragon Pulse|p1a: Arceus\n|-damage|p1a: Arceus|10\/100\n|move|p1a: Arceus|Rest|p1a: Arceus\n|-status|p1a: Arceus|slp|[from] move: Rest\n|-heal|p1a: Arceus|100\/100 slp|[silent]\n|\n|upkeep\n|turn|47\n|\n|t:|1700515736\n|move|p2a: Walking Woke|Rapid Spin|p1a: Arceus\n|-damage|p1a: Arceus|99\/100 slp\n|-boost|p2a: Walking Woke|spe|1\n|cant|p1a: Arceus|slp\n|\n|upkeep\n|turn|48\n|\n|t:|1700515743\n|move|p2a: Walking Woke|Rapid Spin|p1a: Arceus\n|-damage|p1a: Arceus|99\/100 slp\n|-boost|p2a: Walking Woke|spe|1\n|cant|p1a: Arceus|slp\n|\n|upkeep\n|turn|49\n|\n|t:|1700515749\n|move|p2a: Walking Woke|Rapid Spin|p1a: Arceus\n|-damage|p1a: Arceus|98\/100 slp\n|-boost|p2a: Walking Woke|spe|1\n|-curestatus|p1a: Arceus|slp|[msg]\n|move|p1a: Arceus|Cosmic Power|p1a: Arceus\n|-boost|p1a: Arceus|def|0\n|-boost|p1a: Arceus|spd|0\n|\n|upkeep\n|turn|50\n|\n|t:|1700515756\n|move|p2a: Walking Woke|Surf|p1a: Arceus|[miss]\n|-miss|p2a: Walking Woke|p1a: Arceus\n|move|p1a: Arceus|Cosmic Power|p1a: Arceus\n|-boost|p1a: Arceus|def|0\n|-boost|p1a: Arceus|spd|0\n|\n|upkeep\n|turn|51\n|\n|t:|1700515761\n|move|p2a: Walking Woke|Rapid Spin|p1a: Arceus\n|-damage|p1a: Arceus|97\/100\n|move|p1a: Arceus|Cosmic Power|p1a: Arceus\n|-boost|p1a: Arceus|def|0\n|-boost|p1a: Arceus|spd|0\n|\n|upkeep\n|turn|52\n|\n|t:|1700515768\n|move|p2a: Walking Woke|Rapid Spin|p1a: Arceus|[miss]\n|-miss|p2a: Walking Woke|p1a: Arceus\n|move|p1a: Arceus|Cosmic Power|p1a: Arceus\n|-boost|p1a: Arceus|def|0\n|-boost|p1a: Arceus|spd|0\n|\n|upkeep\n|turn|53\n|\n|t:|1700515777\n|move|p2a: Walking Woke|Rapid Spin|p1a: Arceus|[miss]\n|-miss|p2a: Walking Woke|p1a: Arceus\n|move|p1a: Arceus|Cosmic Power|p1a: Arceus\n|-boost|p1a: Arceus|def|0\n|-boost|p1a: Arceus|spd|0\n|\n|upkeep\n|turn|54\n|\n|t:|1700515789\n|move|p2a: Walking Woke|Surf|p1a: Arceus|[miss]\n|-miss|p2a: Walking Woke|p1a: Arceus\n|move|p1a: Arceus|Cosmic Power|p1a: Arceus\n|-boost|p1a: Arceus|def|0\n|-boost|p1a: Arceus|spd|0\n|\n|upkeep\n|turn|55\n|c|\u2606JustMonika_CARR|Sigh\n|-message|JustMonika_CARR forfeited.\n|\n|win|Poke J miner\n|raw|JustMonika_CARR's rating: 1352 &rarr; <strong>1328<\/strong><br \/>(-24 for losing)\n|raw|Poke J miner's rating: 1273 &rarr; <strong>1304<\/strong><br \/>(+31 for winning)\n|l|\u2606JustMonika_CARR\n","uploadtime":1700515812,"views":14,"p1id":"justmonikacarr","p2id":"pokejminer","formatid":"gen9nationaldexubers","rating":1304,"private":0,"password":""}