{"id":"gen9nationaldexubers-1999532764","p1":"Hiusi guy %\u25d5\u203f\u203f\u25d5%","p2":"ANinjaDude","format":"[Gen 9] National Dex Ubers","log":"|j|\u2606Hiusi guy %\u25d5\u203f\u203f\u25d5%\n|j|\u2606ANinjaDude\n|t:|1701093322\n|gametype|singles\n|player|p1|Hiusi guy %\u25d5\u203f\u203f\u25d5%|alec-anime|\n|player|p2|ANinjaDude|volkner|\n|teamsize|p1|6\n|teamsize|p2|6\n|gen|9\n|tier|[Gen 9] National Dex Ubers\n|rule|HP Percentage Mod: HP is shown in percentages\n|rule|Endless Battle Clause: Forcing endless battles is banned\n|rule|OHKO Clause: OHKO moves are banned\n|rule|Evasion Moves Clause: Evasion moves are banned\n|rule|Evasion Items Clause: Evasion items are banned\n|rule|Species Clause: Limit one of each Pok\u00e9mon\n|rule|Sleep Clause Mod: Limit one foe put to sleep\n|rule|Mega Rayquaza Clause: You cannot mega evolve Rayquaza\n|clearpoke\n|poke|p1|Melmetal|\n|poke|p1|Smeargle, M|\n|poke|p1|Beedrill, F|\n|poke|p1|Weavile, F|\n|poke|p1|Tapu Koko|\n|poke|p1|Sneasler, M|\n|poke|p2|Aerodactyl, F|\n|poke|p2|Dragonite, M|\n|poke|p2|Celesteela|\n|poke|p2|Landorus-Therian, M|\n|poke|p2|Moltres-Galar|\n|poke|p2|Volcarona, F|\n|teampreview\n|inactive|Battle timer is ON: inactive players will automatically lose when time's up. (requested by ANinjaDude)\n|c|\u2606ANinjaDude|glhf\n|\n|t:|1701093338\n|start\n|switch|p1a: Smeargle|Smeargle, M|100\/100\n|switch|p2a: Aerodactyl|Aerodactyl, F|100\/100\n|-ability|p2a: Aerodactyl|Unnerve\n|turn|1\n|c|\u2606Hiusi guy %\u25d5\u203f\u203f\u25d5%|Same 2 u\n|\n|t:|1701093365\n|move|p2a: Aerodactyl|Taunt|p1a: Smeargle\n|-start|p1a: Smeargle|move: Taunt\n|move|p1a: Smeargle|Stone Axe|p2a: Aerodactyl\n|-supereffective|p2a: Aerodactyl\n|-damage|p2a: Aerodactyl|84\/100\n|-sidestart|p2: ANinjaDude|move: Stealth Rock\n|\n|upkeep\n|turn|2\n|\n|t:|1701093372\n|move|p2a: Aerodactyl|Stealth Rock|p1a: Smeargle\n|-sidestart|p1: Hiusi guy %\u25d5\u203f\u203f\u25d5%|move: Stealth Rock\n|move|p1a: Smeargle|Mortal Spin|p2a: Aerodactyl\n|-resisted|p2a: Aerodactyl\n|-damage|p2a: Aerodactyl|82\/100\n|-status|p2a: Aerodactyl|psn\n|-sideend|p1: Hiusi guy %\u25d5\u203f\u203f\u25d5%|Stealth Rock|[from] move: Mortal Spin|[of] p1a: Smeargle\n|\n|-damage|p2a: Aerodactyl|70\/100 psn|[from] psn\n|upkeep\n|turn|3\n|\n|t:|1701093376\n|move|p2a: Aerodactyl|Dual Wingbeat|p1a: Smeargle|[miss]\n|-miss|p2a: Aerodactyl|p1a: Smeargle\n|move|p1a: Smeargle|Mortal Spin|p2a: Aerodactyl\n|-resisted|p2a: Aerodactyl\n|-damage|p2a: Aerodactyl|68\/100 psn\n|\n|-damage|p2a: Aerodactyl|56\/100 psn|[from] psn\n|-end|p1a: Smeargle|move: Taunt\n|upkeep\n|turn|4\n|\n|t:|1701093383\n|move|p2a: Aerodactyl|Taunt|p1a: Smeargle\n|-start|p1a: Smeargle|move: Taunt\n|move|p1a: Smeargle|Mortal Spin|p2a: Aerodactyl\n|-resisted|p2a: Aerodactyl\n|-damage|p2a: Aerodactyl|54\/100 psn\n|\n|-damage|p2a: Aerodactyl|42\/100 psn|[from] psn\n|upkeep\n|turn|5\n|\n|t:|1701093386\n|move|p2a: Aerodactyl|Dual Wingbeat|p1a: Smeargle\n|-damage|p1a: Smeargle|58\/100\n|-damage|p1a: Smeargle|11\/100\n|-hitcount|p1a: Smeargle|2\n|move|p1a: Smeargle|Mortal Spin|p2a: Aerodactyl\n|-resisted|p2a: Aerodactyl\n|-damage|p2a: Aerodactyl|40\/100 psn\n|\n|-damage|p2a: Aerodactyl|28\/100 psn|[from] psn\n|upkeep\n|turn|6\n|\n|t:|1701093392\n|move|p2a: Aerodactyl|Dual Wingbeat|p1a: Smeargle\n|-damage|p1a: Smeargle|0 fnt\n|faint|p1a: Smeargle\n|-hitcount|p1: Smeargle|1\n|\n|-damage|p2a: Aerodactyl|15\/100 psn|[from] psn\n|upkeep\n|\n|t:|1701093404\n|switch|p1a: Beedrill|Beedrill, F|100\/100\n|turn|7\n|\n|t:|1701093407\n|detailschange|p1a: Beedrill|Beedrill-Mega, F\n|-mega|p1a: Beedrill|Beedrill|Beedrillite\n|move|p1a: Beedrill|U-turn|p2a: Aerodactyl\n|-resisted|p2a: Aerodactyl\n|-damage|p2a: Aerodactyl|0 fnt\n|faint|p2a: Aerodactyl\n|\n|t:|1701093414\n|switch|p1a: Tapu Koko|Tapu Koko|100\/100|[from] U-turn\n|-fieldstart|move: Electric Terrain|[from] ability: Electric Surge|[of] p1a: Tapu Koko\n|\n|upkeep\n|\n|t:|1701093423\n|switch|p2a: Volcarona|Volcarona, F|100\/100\n|turn|8\n|\n|t:|1701093437\n|move|p1a: Tapu Koko|Volt Switch|p2a: Volcarona\n|-damage|p2a: Volcarona|57\/100\n|\n|t:|1701093442\n|switch|p1a: Melmetal|Melmetal|100\/100|[from] Volt Switch\n|move|p2a: Volcarona|Quiver Dance|p2a: Volcarona\n|-boost|p2a: Volcarona|spa|1\n|-boost|p2a: Volcarona|spd|1\n|-boost|p2a: Volcarona|spe|1\n|\n|upkeep\n|turn|9\n|\n|t:|1701093446\n|move|p2a: Volcarona|Flamethrower|p1a: Melmetal\n|-supereffective|p1a: Melmetal\n|-damage|p1a: Melmetal|9\/100\n|move|p1a: Melmetal|High Horsepower|p2a: Volcarona\n|-damage|p2a: Volcarona|0 fnt\n|faint|p2a: Volcarona\n|\n|upkeep\n|\n|t:|1701093452\n|switch|p2a: Celesteela|Celesteela|100\/100\n|-damage|p2a: Celesteela|88\/100|[from] Stealth Rock\n|turn|10\n|\n|t:|1701093457\n|move|p2a: Celesteela|Autotomize|p2a: Celesteela\n|-boost|p2a: Celesteela|spe|2\n|-start|p2a: Celesteela|Autotomize\n|move|p1a: Melmetal|Thunder Punch|p2a: Celesteela\n|-supereffective|p2a: Celesteela\n|-damage|p2a: Celesteela|0 fnt\n|faint|p2a: Celesteela\n|\n|upkeep\n|\n|t:|1701093462\n|switch|p2a: Landorus|Landorus-Therian, M|100\/100\n|-damage|p2a: Landorus|88\/100|[from] Stealth Rock\n|-ability|p2a: Landorus|Intimidate|boost\n|-unboost|p1a: Melmetal|atk|1\n|turn|11\n|\n|t:|1701093468\n|move|p2a: Landorus|Earthquake|p1a: Melmetal\n|-supereffective|p1a: Melmetal\n|-damage|p1a: Melmetal|0 fnt\n|faint|p1a: Melmetal\n|\n|-fieldend|move: Electric Terrain\n|upkeep\n|\n|t:|1701093471\n|switch|p1a: Tapu Koko|Tapu Koko|100\/100\n|-fieldstart|move: Electric Terrain|[from] ability: Electric Surge|[of] p1a: Tapu Koko\n|turn|12\n|\n|t:|1701093482\n|move|p1a: Tapu Koko|Hidden Power|p2a: Landorus\n|-supereffective|p2a: Landorus\n|-damage|p2a: Landorus|0 fnt\n|faint|p2a: Landorus\n|\n|upkeep\n|\n|t:|1701093486\n|switch|p2a: Moltres|Moltres-Galar|100\/100\n|-damage|p2a: Moltres|76\/100|[from] Stealth Rock\n|turn|13\n|\n|t:|1701093491\n|move|p1a: Tapu Koko|Volt Switch|p2a: Moltres\n|-supereffective|p2a: Moltres\n|-damage|p2a: Moltres|6\/100\n|-enditem|p2a: Moltres|Weakness Policy\n|-boost|p2a: Moltres|atk|2|[from] item: Weakness Policy\n|-boost|p2a: Moltres|spa|2|[from] item: Weakness Policy\n|-ability|p2a: Moltres|Berserk|boost\n|-boost|p2a: Moltres|spa|1\n|\n|t:|1701093494\n|switch|p1a: Sneasler|Sneasler, M|100\/100|[from] Volt Switch\n|-enditem|p1a: Sneasler|Electric Seed\n|-boost|p1a: Sneasler|def|1|[from] item: Electric Seed\n|move|p2a: Moltres|Agility|p2a: Moltres\n|-boost|p2a: Moltres|spe|2\n|\n|upkeep\n|turn|14\n|\n|t:|1701093501\n|move|p1a: Sneasler|Dire Claw|p2a: Moltres\n|-damage|p2a: Moltres|0 fnt\n|faint|p2a: Moltres\n|\n|upkeep\n|\n|t:|1701093504\n|switch|p2a: Dragonite|Dragonite, M|100\/100\n|-damage|p2a: Dragonite|76\/100|[from] Stealth Rock\n|turn|15\n|\n|t:|1701093510\n|-terastallize|p1a: Sneasler|Rock\n|move|p1a: Sneasler|Rock Slide|p2a: Dragonite\n|-supereffective|p2a: Dragonite\n|-crit|p2a: Dragonite\n|-damage|p2a: Dragonite|0 fnt\n|faint|p2a: Dragonite\n|\n|win|Hiusi guy %\u25d5\u203f\u203f\u25d5%\n|c|\u2606ANinjaDude|ggs\n|c|\u2606Hiusi guy %\u25d5\u203f\u203f\u25d5%|Gg\n","uploadtime":1701093517,"views":4,"p1id":"hiusiguy","p2id":"aninjadude","formatid":"gen9nationaldexubers","rating":0,"private":0,"password":""}