{"id":"gen9nationaldexubers-1993743876","p1":"Poundtown-101","p2":"Harttt___","format":"[Gen 9] National Dex Ubers","log":"|j|\u2606Poundtown-101\n|j|\u2606Harttt___\n|t:|1700352035\n|gametype|singles\n|player|p1|Poundtown-101|hiker-gen4|1326\n|player|p2|Harttt___|artist-gen4|1310\n|teamsize|p1|6\n|teamsize|p2|6\n|gen|9\n|tier|[Gen 9] National Dex Ubers\n|rated|\n|rule|HP Percentage Mod: HP is shown in percentages\n|rule|Endless Battle Clause: Forcing endless battles is banned\n|rule|OHKO Clause: OHKO moves are banned\n|rule|Evasion Moves Clause: Evasion moves are banned\n|rule|Evasion Items Clause: Evasion items are banned\n|rule|Species Clause: Limit one of each Pok\u00e9mon\n|rule|Sleep Clause Mod: Limit one foe put to sleep\n|rule|Mega Rayquaza Clause: You cannot mega evolve Rayquaza\n|clearpoke\n|poke|p1|Groudon|\n|poke|p1|Kyogre|\n|poke|p1|Ho-Oh|\n|poke|p1|Xerneas-*|\n|poke|p1|Lugia|\n|poke|p1|Azumarill, M|\n|poke|p2|Rayquaza|\n|poke|p2|Lapras, F|\n|poke|p2|Arboliva, M|\n|poke|p2|Moltres-Galar|\n|poke|p2|Entei|\n|poke|p2|Kleavor, F|\n|teampreview\n|\n|t:|1700352060\n|start\n|switch|p1a: Azumarill|Azumarill, M|100\/100\n|switch|p2a: Arboliva|Arboliva, M|100\/100\n|turn|1\n|\n|t:|1700352078\n|move|p1a: Azumarill|Belly Drum|p1a: Azumarill\n|-damage|p1a: Azumarill|50\/100\n|-setboost|p1a: Azumarill|atk|6|[from] move: Belly Drum\n|-enditem|p1a: Azumarill|Sitrus Berry|[eat]\n|-heal|p1a: Azumarill|75\/100|[from] item: Sitrus Berry\n|move|p2a: Arboliva|Leech Seed|p1a: Azumarill\n|-start|p1a: Azumarill|move: Leech Seed\n|\n|-damage|p1a: Azumarill|63\/100|[from] Leech Seed|[of] p2a: Arboliva\n|upkeep\n|turn|2\n|\n|t:|1700352094\n|move|p1a: Azumarill|Aqua Jet|p2a: Arboliva\n|-resisted|p2a: Arboliva\n|-damage|p2a: Arboliva|60\/100\n|-fieldstart|move: Grassy Terrain|[from] ability: Seed Sower|[of] p2a: Arboliva\n|move|p2a: Arboliva|Substitute|p2a: Arboliva\n|-start|p2a: Arboliva|Substitute\n|-damage|p2a: Arboliva|35\/100\n|\n|-heal|p1a: Azumarill|69\/100|[from] Grassy Terrain\n|-heal|p2a: Arboliva|41\/100|[from] Grassy Terrain\n|-heal|p2a: Arboliva|47\/100|[from] item: Leftovers\n|-damage|p1a: Azumarill|57\/100|[from] Leech Seed|[of] p2a: Arboliva\n|-heal|p2a: Arboliva|61\/100|[silent]\n|upkeep\n|turn|3\n|\n|t:|1700352100\n|move|p2a: Arboliva|Protect|p2a: Arboliva\n|-singleturn|p2a: Arboliva|Protect\n|move|p1a: Azumarill|Play Rough|p2a: Arboliva\n|-activate|p2a: Arboliva|move: Protect\n|\n|-heal|p1a: Azumarill|63\/100|[from] Grassy Terrain\n|-heal|p2a: Arboliva|67\/100|[from] Grassy Terrain\n|-heal|p2a: Arboliva|74\/100|[from] item: Leftovers\n|-damage|p1a: Azumarill|51\/100|[from] Leech Seed|[of] p2a: Arboliva\n|-heal|p2a: Arboliva|87\/100|[silent]\n|upkeep\n|turn|4\n|\n|t:|1700352104\n|move|p1a: Azumarill|Play Rough|p2a: Arboliva|[miss]\n|-miss|p1a: Azumarill|p2a: Arboliva\n|move|p2a: Arboliva|Substitute|p2a: Arboliva\n|-fail|p2a: Arboliva|move: Substitute\n|\n|-heal|p1a: Azumarill|57\/100|[from] Grassy Terrain\n|-heal|p2a: Arboliva|94\/100|[from] Grassy Terrain\n|-heal|p2a: Arboliva|99\/100|[from] item: Leftovers\n|-damage|p1a: Azumarill|45\/100|[from] Leech Seed|[of] p2a: Arboliva\n|-heal|p2a: Arboliva|100\/100|[silent]\n|upkeep\n|turn|5\n|\n|t:|1700352119\n|move|p2a: Arboliva|Protect|p2a: Arboliva\n|-singleturn|p2a: Arboliva|Protect\n|move|p1a: Azumarill|Aqua Jet|p2a: Arboliva\n|-activate|p2a: Arboliva|move: Protect\n|\n|-heal|p1a: Azumarill|51\/100|[from] Grassy Terrain\n|-damage|p1a: Azumarill|38\/100|[from] Leech Seed|[of] p2a: Arboliva\n|upkeep\n|turn|6\n|inactive|Battle timer is ON: inactive players will automatically lose when time's up. (requested by Harttt___)\n|\n|t:|1700352157\n|move|p1a: Azumarill|Play Rough|p2a: Arboliva\n|-end|p2a: Arboliva|Substitute\n|move|p2a: Arboliva|Substitute|p2a: Arboliva\n|-start|p2a: Arboliva|Substitute\n|-damage|p2a: Arboliva|75\/100\n|\n|-heal|p1a: Azumarill|45\/100|[from] Grassy Terrain\n|-heal|p2a: Arboliva|82\/100|[from] Grassy Terrain\n|-heal|p2a: Arboliva|88\/100|[from] item: Leftovers\n|-damage|p1a: Azumarill|32\/100|[from] Leech Seed|[of] p2a: Arboliva\n|-heal|p2a: Arboliva|100\/100|[silent]\n|-fieldend|move: Grassy Terrain\n|upkeep\n|turn|7\n|\n|t:|1700352162\n|move|p2a: Arboliva|Protect|p2a: Arboliva\n|-singleturn|p2a: Arboliva|Protect\n|move|p1a: Azumarill|Play Rough|p2a: Arboliva\n|-activate|p2a: Arboliva|move: Protect\n|\n|-damage|p1a: Azumarill|20\/100|[from] Leech Seed|[of] p2a: Arboliva\n|upkeep\n|turn|8\n|inactive|Poundtown-101 has 120 seconds left.\n|inactive|Poundtown-101 has 90 seconds left.\n|\n|t:|1700352240\n|move|p1a: Azumarill|Aqua Jet|p2a: Arboliva\n|-resisted|p2a: Arboliva\n|-end|p2a: Arboliva|Substitute\n|move|p2a: Arboliva|Substitute|p2a: Arboliva\n|-start|p2a: Arboliva|Substitute\n|-damage|p2a: Arboliva|75\/100\n|\n|-heal|p2a: Arboliva|82\/100|[from] item: Leftovers\n|-damage|p1a: Azumarill|7\/100|[from] Leech Seed|[of] p2a: Arboliva\n|-heal|p2a: Arboliva|95\/100|[silent]\n|upkeep\n|turn|9\n|\n|t:|1700352244\n|move|p2a: Arboliva|Protect|p2a: Arboliva\n|-singleturn|p2a: Arboliva|Protect\n|move|p1a: Azumarill|Play Rough|p2a: Arboliva\n|-activate|p2a: Arboliva|move: Protect\n|\n|-heal|p2a: Arboliva|100\/100|[from] item: Leftovers\n|-damage|p1a: Azumarill|0 fnt|[from] Leech Seed|[of] p2a: Arboliva\n|faint|p1a: Azumarill\n|upkeep\n|\n|t:|1700352250\n|switch|p1a: Groudon|Groudon|100\/100\n|detailschange|p1a: Groudon|Groudon-Primal\n|-primal|p1a: Groudon|Red Orb\n|-weather|DesolateLand|[from] ability: Desolate Land|[of] p1a: Groudon\n|turn|10\n|\n|t:|1700352253\n|move|p1a: Groudon|Rock Polish|p1a: Groudon\n|-boost|p1a: Groudon|spe|2\n|move|p2a: Arboliva|Leech Seed|p1a: Groudon\n|-start|p1a: Groudon|move: Leech Seed\n|\n|-weather|DesolateLand|[upkeep]\n|-damage|p1a: Groudon|88\/100|[from] Leech Seed|[of] p2a: Arboliva\n|upkeep\n|turn|11\n|\n|t:|1700352256\n|move|p2a: Arboliva|Protect|p2a: Arboliva\n|-singleturn|p2a: Arboliva|Protect\n|move|p1a: Groudon|Power-Up Punch|p2a: Arboliva\n|-activate|p2a: Arboliva|move: Protect\n|\n|-weather|DesolateLand|[upkeep]\n|-damage|p1a: Groudon|76\/100|[from] Leech Seed|[of] p2a: Arboliva\n|upkeep\n|turn|12\n|\n|t:|1700352259\n|move|p1a: Groudon|Will-O-Wisp||[still]\n|-fail|p1a: Groudon\n|move|p2a: Arboliva|Earth Power|p1a: Groudon\n|-supereffective|p1a: Groudon\n|-damage|p1a: Groudon|30\/100\n|\n|-weather|DesolateLand|[upkeep]\n|-damage|p1a: Groudon|18\/100|[from] Leech Seed|[of] p2a: Arboliva\n|upkeep\n|turn|13\n|\n|t:|1700352261\n|move|p2a: Arboliva|Protect|p2a: Arboliva\n|-singleturn|p2a: Arboliva|Protect\n|move|p1a: Groudon|Power-Up Punch|p2a: Arboliva\n|-activate|p2a: Arboliva|move: Protect\n|\n|-weather|DesolateLand|[upkeep]\n|-damage|p1a: Groudon|5\/100|[from] Leech Seed|[of] p2a: Arboliva\n|upkeep\n|turn|14\n|inactive|Poundtown-101 has 120 seconds left.\n|\n|t:|1700352281\n|move|p1a: Groudon|Earthquake|p2a: Arboliva\n|-resisted|p2a: Arboliva\n|-end|p2a: Arboliva|Substitute\n|move|p2a: Arboliva|Substitute|p2a: Arboliva\n|-start|p2a: Arboliva|Substitute\n|-damage|p2a: Arboliva|75\/100\n|\n|-weather|DesolateLand|[upkeep]\n|-heal|p2a: Arboliva|82\/100|[from] item: Leftovers\n|-damage|p1a: Groudon|0 fnt|[from] Leech Seed|[of] p2a: Arboliva\n|-heal|p2a: Arboliva|86\/100|[silent]\n|faint|p1a: Groudon\n|-weather|none\n|upkeep\n|\n|t:|1700352284\n|switch|p1a: Ho-Oh|Ho-Oh, shiny|100\/100\n|turn|15\n|\n|t:|1700352287\n|-zpower|p1a: Ho-Oh\n|move|p1a: Ho-Oh|Z-Celebrate|p1a: Ho-Oh|[anim]Celebrate\n|-boost|p1a: Ho-Oh|atk|1|[zeffect]\n|-boost|p1a: Ho-Oh|def|1|[zeffect]\n|-boost|p1a: Ho-Oh|spa|1|[zeffect]\n|-boost|p1a: Ho-Oh|spd|1|[zeffect]\n|-boost|p1a: Ho-Oh|spe|1|[zeffect]\n|-activate|p1a: Ho-Oh|move: Celebrate\n|move|p2a: Arboliva|Leech Seed|p1a: Ho-Oh\n|-start|p1a: Ho-Oh|move: Leech Seed\n|\n|-heal|p2a: Arboliva|92\/100|[from] item: Leftovers\n|-damage|p1a: Ho-Oh|88\/100|[from] Leech Seed|[of] p2a: Arboliva\n|-heal|p2a: Arboliva|100\/100|[silent]\n|upkeep\n|turn|16\n|\n|t:|1700352292\n|move|p2a: Arboliva|Protect|p2a: Arboliva\n|-singleturn|p2a: Arboliva|Protect\n|move|p1a: Ho-Oh|Flame Charge|p2a: Arboliva\n|-activate|p2a: Arboliva|move: Protect\n|\n|-damage|p1a: Ho-Oh|76\/100|[from] Leech Seed|[of] p2a: Arboliva\n|upkeep\n|turn|17\n|\n|t:|1700352298\n|move|p1a: Ho-Oh|Flame Charge|p2a: Arboliva\n|-supereffective|p2a: Arboliva\n|-end|p2a: Arboliva|Substitute\n|-boost|p1a: Ho-Oh|spe|1\n|move|p2a: Arboliva|Substitute|p2a: Arboliva\n|-start|p2a: Arboliva|Substitute\n|-damage|p2a: Arboliva|75\/100\n|\n|-heal|p2a: Arboliva|82\/100|[from] item: Leftovers\n|-damage|p1a: Ho-Oh|63\/100|[from] Leech Seed|[of] p2a: Arboliva\n|-heal|p2a: Arboliva|94\/100|[silent]\n|upkeep\n|turn|18\n|\n|t:|1700352319\n|move|p2a: Arboliva|Protect|p2a: Arboliva\n|-singleturn|p2a: Arboliva|Protect\n|move|p1a: Ho-Oh|Flame Charge|p2a: Arboliva\n|-activate|p2a: Arboliva|move: Protect\n|\n|-heal|p2a: Arboliva|99\/100|[from] item: Leftovers\n|-damage|p1a: Ho-Oh|51\/100|[from] Leech Seed|[of] p2a: Arboliva\n|-heal|p2a: Arboliva|100\/100|[silent]\n|upkeep\n|turn|19\n|\n|t:|1700352324\n|move|p1a: Ho-Oh|Flame Charge|p2a: Arboliva\n|-supereffective|p2a: Arboliva\n|-end|p2a: Arboliva|Substitute\n|-boost|p1a: Ho-Oh|spe|1\n|move|p2a: Arboliva|Substitute|p2a: Arboliva\n|-start|p2a: Arboliva|Substitute\n|-damage|p2a: Arboliva|75\/100\n|\n|-heal|p2a: Arboliva|82\/100|[from] item: Leftovers\n|-damage|p1a: Ho-Oh|38\/100|[from] Leech Seed|[of] p2a: Arboliva\n|-heal|p2a: Arboliva|94\/100|[silent]\n|upkeep\n|turn|20\n|\n|t:|1700352328\n|move|p2a: Arboliva|Protect|p2a: Arboliva\n|-singleturn|p2a: Arboliva|Protect\n|move|p1a: Ho-Oh|Flame Charge|p2a: Arboliva\n|-activate|p2a: Arboliva|move: Protect\n|\n|-heal|p2a: Arboliva|99\/100|[from] item: Leftovers\n|-damage|p1a: Ho-Oh|26\/100|[from] Leech Seed|[of] p2a: Arboliva\n|-heal|p2a: Arboliva|100\/100|[silent]\n|upkeep\n|turn|21\n|\n|t:|1700352336\n|move|p1a: Ho-Oh|Flame Charge|p2a: Arboliva\n|-supereffective|p2a: Arboliva\n|-end|p2a: Arboliva|Substitute\n|-boost|p1a: Ho-Oh|spe|1\n|move|p2a: Arboliva|Substitute|p2a: Arboliva\n|-start|p2a: Arboliva|Substitute\n|-damage|p2a: Arboliva|75\/100\n|\n|-heal|p2a: Arboliva|82\/100|[from] item: Leftovers\n|-damage|p1a: Ho-Oh|13\/100|[from] Leech Seed|[of] p2a: Arboliva\n|-heal|p2a: Arboliva|94\/100|[silent]\n|upkeep\n|turn|22\n|\n|t:|1700352341\n|move|p2a: Arboliva|Protect|p2a: Arboliva\n|-singleturn|p2a: Arboliva|Protect\n|move|p1a: Ho-Oh|Flame Charge|p2a: Arboliva\n|-activate|p2a: Arboliva|move: Protect\n|\n|-heal|p2a: Arboliva|99\/100|[from] item: Leftovers\n|-damage|p1a: Ho-Oh|1\/100|[from] Leech Seed|[of] p2a: Arboliva\n|-heal|p2a: Arboliva|100\/100|[silent]\n|upkeep\n|turn|23\n|l|\u2606Poundtown-101\n|inactive|Poundtown-101 disconnected and has a minute to reconnect!\n|player|p1|\n|j|\u2606Poundtown-101\n|inactive|Poundtown-101 reconnected and has 135 seconds left.\n|player|p1|Poundtown-101|hiker-gen4\n|\n|t:|1700352361\n|move|p1a: Ho-Oh|Flame Charge|p2a: Arboliva\n|-supereffective|p2a: Arboliva\n|-crit|p2a: Arboliva\n|-end|p2a: Arboliva|Substitute\n|-boost|p1a: Ho-Oh|spe|1\n|move|p2a: Arboliva|Earth Power|p1a: Ho-Oh\n|-immune|p1a: Ho-Oh\n|\n|-damage|p1a: Ho-Oh|0 fnt|[from] Leech Seed|[of] p2a: Arboliva\n|faint|p1a: Ho-Oh\n|upkeep\n|\n|t:|1700352368\n|switch|p1a: Kyogre|Kyogre|100\/100\n|detailschange|p1a: Kyogre|Kyogre-Primal\n|-primal|p1a: Kyogre|Blue Orb\n|-weather|PrimordialSea|[from] ability: Primordial Sea|[of] p1a: Kyogre\n|turn|24\n|\n|t:|1700352372\n|move|p1a: Kyogre|Ice Beam|p2a: Arboliva\n|-supereffective|p2a: Arboliva\n|-damage|p2a: Arboliva|49\/100\n|-fieldstart|move: Grassy Terrain|[from] ability: Seed Sower|[of] p2a: Arboliva\n|move|p2a: Arboliva|Leech Seed|p1a: Kyogre\n|-start|p1a: Kyogre|move: Leech Seed\n|\n|-weather|PrimordialSea|[upkeep]\n|-heal|p2a: Arboliva|56\/100|[from] Grassy Terrain\n|-heal|p2a: Arboliva|62\/100|[from] item: Leftovers\n|-damage|p1a: Kyogre|88\/100|[from] Leech Seed|[of] p2a: Arboliva\n|-heal|p2a: Arboliva|73\/100|[silent]\n|upkeep\n|turn|25\n|\n|t:|1700352383\n|move|p2a: Arboliva|Protect|p2a: Arboliva\n|-singleturn|p2a: Arboliva|Protect\n|move|p1a: Kyogre|Ice Beam|p2a: Arboliva\n|-activate|p2a: Arboliva|move: Protect\n|\n|-weather|PrimordialSea|[upkeep]\n|-heal|p1a: Kyogre|94\/100|[from] Grassy Terrain\n|-heal|p2a: Arboliva|79\/100|[from] Grassy Terrain\n|-heal|p2a: Arboliva|85\/100|[from] item: Leftovers\n|-damage|p1a: Kyogre|82\/100|[from] Leech Seed|[of] p2a: Arboliva\n|-heal|p2a: Arboliva|97\/100|[silent]\n|upkeep\n|turn|26\n|\n|t:|1700352384\n|move|p1a: Kyogre|Ice Beam|p2a: Arboliva\n|-supereffective|p2a: Arboliva\n|-damage|p2a: Arboliva|43\/100\n|move|p2a: Arboliva|Substitute|p2a: Arboliva\n|-start|p2a: Arboliva|Substitute\n|-damage|p2a: Arboliva|18\/100\n|\n|-weather|PrimordialSea|[upkeep]\n|-heal|p1a: Kyogre|88\/100|[from] Grassy Terrain\n|-heal|p2a: Arboliva|24\/100|[from] Grassy Terrain\n|-heal|p2a: Arboliva|30\/100|[from] item: Leftovers\n|-damage|p1a: Kyogre|76\/100|[from] Leech Seed|[of] p2a: Arboliva\n|-heal|p2a: Arboliva|42\/100|[silent]\n|upkeep\n|turn|27\n|\n|t:|1700352387\n|move|p2a: Arboliva|Protect|p2a: Arboliva\n|-singleturn|p2a: Arboliva|Protect\n|move|p1a: Kyogre|Ice Beam|p2a: Arboliva\n|-activate|p2a: Arboliva|move: Protect\n|\n|-weather|PrimordialSea|[upkeep]\n|-heal|p1a: Kyogre|82\/100|[from] Grassy Terrain\n|-heal|p2a: Arboliva|48\/100|[from] Grassy Terrain\n|-heal|p2a: Arboliva|54\/100|[from] item: Leftovers\n|-damage|p1a: Kyogre|70\/100|[from] Leech Seed|[of] p2a: Arboliva\n|-heal|p2a: Arboliva|65\/100|[silent]\n|upkeep\n|turn|28\n|\n|t:|1700352390\n|move|p1a: Kyogre|Ice Beam|p2a: Arboliva\n|-supereffective|p2a: Arboliva\n|-end|p2a: Arboliva|Substitute\n|move|p2a: Arboliva|Substitute|p2a: Arboliva\n|-start|p2a: Arboliva|Substitute\n|-damage|p2a: Arboliva|40\/100\n|\n|-weather|PrimordialSea|[upkeep]\n|-heal|p1a: Kyogre|76\/100|[from] Grassy Terrain\n|-heal|p2a: Arboliva|47\/100|[from] Grassy Terrain\n|-heal|p2a: Arboliva|53\/100|[from] item: Leftovers\n|-damage|p1a: Kyogre|64\/100|[from] Leech Seed|[of] p2a: Arboliva\n|-heal|p2a: Arboliva|64\/100|[silent]\n|-fieldend|move: Grassy Terrain\n|upkeep\n|turn|29\n|\n|t:|1700352395\n|move|p2a: Arboliva|Protect|p2a: Arboliva\n|-singleturn|p2a: Arboliva|Protect\n|move|p1a: Kyogre|Ice Beam|p2a: Arboliva\n|-activate|p2a: Arboliva|move: Protect\n|\n|-weather|PrimordialSea|[upkeep]\n|-heal|p2a: Arboliva|70\/100|[from] item: Leftovers\n|-damage|p1a: Kyogre|51\/100|[from] Leech Seed|[of] p2a: Arboliva\n|-heal|p2a: Arboliva|82\/100|[silent]\n|upkeep\n|turn|30\n|\n|t:|1700352398\n|move|p1a: Kyogre|Ice Beam|p2a: Arboliva\n|-supereffective|p2a: Arboliva\n|-end|p2a: Arboliva|Substitute\n|move|p2a: Arboliva|Substitute|p2a: Arboliva\n|-start|p2a: Arboliva|Substitute\n|-damage|p2a: Arboliva|57\/100\n|\n|-weather|PrimordialSea|[upkeep]\n|-heal|p2a: Arboliva|63\/100|[from] item: Leftovers\n|-damage|p1a: Kyogre|39\/100|[from] Leech Seed|[of] p2a: Arboliva\n|-heal|p2a: Arboliva|75\/100|[silent]\n|upkeep\n|turn|31\n|l|\u2606Poundtown-101\n|inactive|Poundtown-101 disconnected and has a minute to reconnect!\n|player|p1|\n|j|\u2606Poundtown-101\n|inactive|Poundtown-101 reconnected and has 130 seconds left.\n|player|p1|Poundtown-101|hiker-gen4\n|inactive|Poundtown-101 has 120 seconds left.\n|\n|t:|1700352434\n|move|p2a: Arboliva|Protect|p2a: Arboliva\n|-singleturn|p2a: Arboliva|Protect\n|move|p1a: Kyogre|Ice Beam|p2a: Arboliva\n|-activate|p2a: Arboliva|move: Protect\n|\n|-weather|PrimordialSea|[upkeep]\n|-heal|p2a: Arboliva|81\/100|[from] item: Leftovers\n|-damage|p1a: Kyogre|27\/100|[from] Leech Seed|[of] p2a: Arboliva\n|-heal|p2a: Arboliva|93\/100|[silent]\n|upkeep\n|turn|32\n|\n|t:|1700352441\n|move|p1a: Kyogre|Ice Beam|p2a: Arboliva\n|-supereffective|p2a: Arboliva\n|-end|p2a: Arboliva|Substitute\n|move|p2a: Arboliva|Substitute|p2a: Arboliva\n|-start|p2a: Arboliva|Substitute\n|-damage|p2a: Arboliva|68\/100\n|\n|-weather|PrimordialSea|[upkeep]\n|-heal|p2a: Arboliva|74\/100|[from] item: Leftovers\n|-damage|p1a: Kyogre|14\/100|[from] Leech Seed|[of] p2a: Arboliva\n|-heal|p2a: Arboliva|85\/100|[silent]\n|upkeep\n|turn|33\n|\n|t:|1700352448\n|move|p1a: Kyogre|Ice Beam|p2a: Arboliva\n|-supereffective|p2a: Arboliva\n|-end|p2a: Arboliva|Substitute\n|move|p2a: Arboliva|Earth Power|p1a: Kyogre\n|-damage|p1a: Kyogre|0 fnt\n|faint|p1a: Kyogre\n|-weather|none\n|\n|-heal|p2a: Arboliva|92\/100|[from] item: Leftovers\n|upkeep\n|\n|t:|1700352451\n|switch|p1a: Lugia|Lugia|100\/100\n|turn|34\n|\n|t:|1700352454\n|move|p1a: Lugia|Calm Mind|p1a: Lugia\n|-boost|p1a: Lugia|spa|1\n|-boost|p1a: Lugia|spd|1\n|move|p2a: Arboliva|Leech Seed|p1a: Lugia\n|-start|p1a: Lugia|move: Leech Seed\n|\n|-heal|p2a: Arboliva|98\/100|[from] item: Leftovers\n|-damage|p1a: Lugia|88\/100|[from] Leech Seed|[of] p2a: Arboliva\n|-heal|p2a: Arboliva|100\/100|[silent]\n|upkeep\n|turn|35\n|\n|t:|1700352476\n|move|p1a: Lugia|Calm Mind|p1a: Lugia\n|-boost|p1a: Lugia|spa|1\n|-boost|p1a: Lugia|spd|1\n|move|p2a: Arboliva|Substitute|p2a: Arboliva\n|-start|p2a: Arboliva|Substitute\n|-damage|p2a: Arboliva|75\/100\n|\n|-heal|p2a: Arboliva|82\/100|[from] item: Leftovers\n|-damage|p1a: Lugia|76\/100|[from] Leech Seed|[of] p2a: Arboliva\n|-heal|p2a: Arboliva|94\/100|[silent]\n|upkeep\n|turn|36\n|\n|t:|1700352480\n|move|p1a: Lugia|Calm Mind|p1a: Lugia\n|-boost|p1a: Lugia|spa|1\n|-boost|p1a: Lugia|spd|1\n|move|p2a: Arboliva|Earth Power|p1a: Lugia\n|-immune|p1a: Lugia\n|\n|-heal|p2a: Arboliva|99\/100|[from] item: Leftovers\n|-damage|p1a: Lugia|63\/100|[from] Leech Seed|[of] p2a: Arboliva\n|-heal|p2a: Arboliva|100\/100|[silent]\n|upkeep\n|turn|37\n|\n|t:|1700352485\n|move|p1a: Lugia|Calm Mind|p1a: Lugia\n|-boost|p1a: Lugia|spa|1\n|-boost|p1a: Lugia|spd|1\n|move|p2a: Arboliva|Earth Power|p1a: Lugia\n|-immune|p1a: Lugia\n|\n|-damage|p1a: Lugia|51\/100|[from] Leech Seed|[of] p2a: Arboliva\n|upkeep\n|turn|38\n|\n|t:|1700352488\n|move|p1a: Lugia|Roost|p1a: Lugia\n|-heal|p1a: Lugia|100\/100\n|-singleturn|p1a: Lugia|move: Roost\n|move|p2a: Arboliva|Earth Power|p1a: Lugia\n|-crit|p1a: Lugia\n|-damage|p1a: Lugia|88\/100\n|\n|-damage|p1a: Lugia|76\/100|[from] Leech Seed|[of] p2a: Arboliva\n|upkeep\n|turn|39\n|\n|t:|1700352491\n|move|p1a: Lugia|Calm Mind|p1a: Lugia\n|-boost|p1a: Lugia|spa|1\n|-boost|p1a: Lugia|spd|1\n|move|p2a: Arboliva|Earth Power|p1a: Lugia\n|-immune|p1a: Lugia\n|\n|-damage|p1a: Lugia|63\/100|[from] Leech Seed|[of] p2a: Arboliva\n|upkeep\n|turn|40\n|\n|t:|1700352498\n|move|p1a: Lugia|Roost|p1a: Lugia\n|-heal|p1a: Lugia|100\/100\n|-singleturn|p1a: Lugia|move: Roost\n|move|p2a: Arboliva|Earth Power|p1a: Lugia\n|-damage|p1a: Lugia|98\/100\n|\n|-damage|p1a: Lugia|86\/100|[from] Leech Seed|[of] p2a: Arboliva\n|upkeep\n|turn|41\n|\n|t:|1700352500\n|move|p1a: Lugia|Calm Mind|p1a: Lugia\n|-boost|p1a: Lugia|spa|1\n|-boost|p1a: Lugia|spd|1\n|move|p2a: Arboliva|Earth Power|p1a: Lugia\n|-immune|p1a: Lugia\n|\n|-damage|p1a: Lugia|73\/100|[from] Leech Seed|[of] p2a: Arboliva\n|upkeep\n|turn|42\n|\n|t:|1700352503\n|move|p1a: Lugia|Ancient Power|p2a: Arboliva\n|-end|p2a: Arboliva|Substitute\n|move|p2a: Arboliva|Earth Power|p1a: Lugia\n|-immune|p1a: Lugia\n|\n|-damage|p1a: Lugia|61\/100|[from] Leech Seed|[of] p2a: Arboliva\n|upkeep\n|turn|43\n|\n|t:|1700352507\n|move|p2a: Arboliva|Protect|p2a: Arboliva\n|-singleturn|p2a: Arboliva|Protect\n|move|p1a: Lugia|Aeroblast|p2a: Arboliva\n|-activate|p2a: Arboliva|move: Protect\n|\n|-damage|p1a: Lugia|48\/100|[from] Leech Seed|[of] p2a: Arboliva\n|upkeep\n|turn|44\n|\n|t:|1700352512\n|move|p1a: Lugia|Aeroblast|p2a: Arboliva\n|-supereffective|p2a: Arboliva\n|-damage|p2a: Arboliva|0 fnt\n|-fieldstart|move: Grassy Terrain|[from] ability: Seed Sower|[of] p2a: Arboliva\n|faint|p2a: Arboliva\n|\n|upkeep\n|\n|t:|1700352523\n|switch|p2a: Lapras|Lapras, F|100\/100\n|turn|45\n|\n|t:|1700352526\n|move|p1a: Lugia|Ancient Power|p2a: Lapras\n|-supereffective|p2a: Lapras\n|-damage|p2a: Lapras|25\/100\n|move|p2a: Lapras|Blizzard|p1a: Lugia\n|-supereffective|p1a: Lugia\n|-damage|p1a: Lugia|34\/100\n|-enditem|p1a: Lugia|Weakness Policy\n|-boost|p1a: Lugia|atk|2|[from] item: Weakness Policy\n|-boost|p1a: Lugia|spa|0\n|\n|-heal|p2a: Lapras|31\/100|[from] Grassy Terrain\n|-damage|p1a: Lugia|22\/100|[from] Leech Seed|[of] p2a: Lapras\n|-heal|p2a: Lapras|40\/100|[silent]\n|upkeep\n|turn|46\n|\n|t:|1700352532\n|move|p1a: Lugia|Ancient Power|p2a: Lapras\n|-supereffective|p2a: Lapras\n|-damage|p2a: Lapras|0 fnt\n|faint|p2a: Lapras\n|\n|upkeep\n|\n|t:|1700352536\n|switch|p2a: Entei|Entei|100\/100\n|turn|47\n|\n|t:|1700352540\n|move|p2a: Entei|Extreme Speed|p1a: Lugia\n|-damage|p1a: Lugia|0 fnt\n|faint|p1a: Lugia\n|\n|upkeep\n|\n|t:|1700352542\n|switch|p1a: Xerneas|Xerneas|100\/100\n|-ability|p1a: Xerneas|Fairy Aura\n|turn|48\n|\n|t:|1700352546\n|move|p2a: Entei|Extreme Speed|p1a: Xerneas\n|-damage|p1a: Xerneas|69\/100\n|move|p1a: Xerneas|Geomancy||[still]\n|-prepare|p1a: Xerneas|Geomancy\n|-enditem|p1a: Xerneas|Power Herb\n|-anim|p1a: Xerneas|Geomancy|p1a: Xerneas\n|-boost|p1a: Xerneas|spa|2\n|-boost|p1a: Xerneas|spd|2\n|-boost|p1a: Xerneas|spe|2\n|\n|-heal|p1a: Xerneas|75\/100|[from] Grassy Terrain\n|-fieldend|move: Grassy Terrain\n|upkeep\n|turn|49\n|\n|t:|1700352557\n|move|p2a: Entei|Extreme Speed|p1a: Xerneas\n|-damage|p1a: Xerneas|46\/100\n|move|p1a: Xerneas|Moonblast|p2a: Entei\n|-resisted|p2a: Entei\n|-damage|p2a: Entei|45\/100\n|\n|upkeep\n|turn|50\n|\n|t:|1700352565\n|move|p2a: Entei|Extreme Speed|p1a: Xerneas\n|-damage|p1a: Xerneas|18\/100\n|move|p1a: Xerneas|Moonblast|p2a: Entei\n|-resisted|p2a: Entei\n|-damage|p2a: Entei|0 fnt\n|faint|p2a: Entei\n|\n|upkeep\n|\n|t:|1700352568\n|switch|p2a: Kleavor|Kleavor, F|100\/100\n|turn|51\n|\n|t:|1700352572\n|-terastallize|p1a: Xerneas|Steel\n|move|p1a: Xerneas|Flash Cannon|p2a: Kleavor\n|-supereffective|p2a: Kleavor\n|-damage|p2a: Kleavor|0 fnt\n|faint|p2a: Kleavor\n|\n|upkeep\n|\n|t:|1700352576\n|switch|p2a: Moltres|Moltres-Galar|100\/100\n|turn|52\n|\n|t:|1700352579\n|-terastallize|p2a: Moltres|Ground\n|move|p1a: Xerneas|Moonblast|p2a: Moltres\n|-damage|p2a: Moltres|11\/100\n|-ability|p2a: Moltres|Berserk|boost\n|-boost|p2a: Moltres|spa|1\n|move|p2a: Moltres|Tera Blast|p1a: Xerneas|[anim] Tera Blast Ground\n|-supereffective|p1a: Xerneas\n|-damage|p1a: Xerneas|0 fnt\n|faint|p1a: Xerneas\n|\n|win|Harttt___\n|raw|Poundtown-101's rating: 1311 &rarr; <strong>1291<\/strong><br \/>(-20 for losing)\n|raw|Harttt___'s rating: 1310 &rarr; <strong>1330<\/strong><br \/>(+20 for winning)\n","uploadtime":1700352586,"views":22,"p1id":"poundtown101","p2id":"harttt","formatid":"gen9nationaldexubers","rating":1291,"private":0,"password":""}