{"id":"gen9nationaldexubers-1989032618","p1":"Perilous Nightmare","p2":"aguinaldo124","format":"[Gen 9] National Dex Ubers","log":"|j|\u2606Perilous Nightmare\n|j|\u2606aguinaldo124\n|t:|1699804543\n|gametype|singles\n|player|p1|Perilous Nightmare|266|1181\n|player|p2|aguinaldo124|bruno|1169\n|teamsize|p1|6\n|teamsize|p2|6\n|gen|9\n|tier|[Gen 9] National Dex Ubers\n|rated|\n|rule|HP Percentage Mod: HP is shown in percentages\n|rule|Endless Battle Clause: Forcing endless battles is banned\n|rule|OHKO Clause: OHKO moves are banned\n|rule|Evasion Moves Clause: Evasion moves are banned\n|rule|Evasion Items Clause: Evasion items are banned\n|rule|Species Clause: Limit one of each Pok\u00e9mon\n|rule|Sleep Clause Mod: Limit one foe put to sleep\n|rule|Mega Rayquaza Clause: You cannot mega evolve Rayquaza\n|clearpoke\n|poke|p1|Aegislash, F|\n|poke|p1|Kangaskhan, F|\n|poke|p1|Necrozma-Dusk-Mane|\n|poke|p1|Kyogre|\n|poke|p1|Glimmora, F|\n|poke|p1|Gliscor, F|\n|poke|p2|Garchomp, M|\n|poke|p2|Porygon-Z|\n|poke|p2|Scolipede, M|\n|poke|p2|Skeledirge, F|\n|poke|p2|Flutter Mane|\n|poke|p2|Skarmory, F|\n|teampreview\n|inactive|Battle timer is ON: inactive players will automatically lose when time's up. (requested by aguinaldo124)\n|\n|t:|1699804556\n|start\n|switch|p1a: Aegislash|Aegislash, F, shiny|100\/100\n|switch|p2a: Flutter Mane|Flutter Mane|100\/100\n|-enditem|p2a: Flutter Mane|Booster Energy\n|-activate|p2a: Flutter Mane|ability: Protosynthesis|[fromitem]\n|-start|p2a: Flutter Mane|protosynthesisspe\n|turn|1\n|\n|t:|1699804568\n|move|p2a: Flutter Mane|Shadow Ball|p1a: Aegislash\n|-supereffective|p1a: Aegislash\n|-crit|p1a: Aegislash\n|-damage|p1a: Aegislash|0 fnt\n|faint|p1a: Aegislash\n|\n|upkeep\n|c|\u2606Perilous Nightmare|That crit mattered\n|c|\u2606aguinaldo124|Yes\n|\n|t:|1699804597\n|switch|p1a: Kyogre|Kyogre, shiny|100\/100\n|detailschange|p1a: Kyogre|Kyogre-Primal, shiny\n|-primal|p1a: Kyogre|Blue Orb\n|-weather|PrimordialSea|[from] ability: Primordial Sea|[of] p1a: Kyogre\n|turn|2\n|\n|t:|1699804609\n|move|p2a: Flutter Mane|Substitute|p2a: Flutter Mane\n|-start|p2a: Flutter Mane|Substitute\n|-damage|p2a: Flutter Mane|76\/100\n|move|p1a: Kyogre|Thunder|p2a: Flutter Mane\n|-end|p2a: Flutter Mane|Substitute\n|\n|-weather|PrimordialSea|[upkeep]\n|upkeep\n|turn|3\n|\n|t:|1699804618\n|move|p2a: Flutter Mane|Calm Mind|p2a: Flutter Mane\n|-boost|p2a: Flutter Mane|spa|1\n|-boost|p2a: Flutter Mane|spd|1\n|move|p1a: Kyogre|Calm Mind|p1a: Kyogre\n|-boost|p1a: Kyogre|spa|1\n|-boost|p1a: Kyogre|spd|1\n|\n|-weather|PrimordialSea|[upkeep]\n|upkeep\n|turn|4\n|\n|t:|1699804633\n|move|p2a: Flutter Mane|Shadow Ball|p1a: Kyogre\n|-damage|p1a: Kyogre|76\/100\n|move|p1a: Kyogre|Calm Mind|p1a: Kyogre\n|-boost|p1a: Kyogre|spa|1\n|-boost|p1a: Kyogre|spd|1\n|\n|-weather|PrimordialSea|[upkeep]\n|upkeep\n|turn|5\n|\n|t:|1699804640\n|move|p2a: Flutter Mane|Shadow Ball|p1a: Kyogre\n|-damage|p1a: Kyogre|55\/100\n|move|p1a: Kyogre|Thunder|p2a: Flutter Mane\n|-damage|p2a: Flutter Mane|0 fnt\n|faint|p2a: Flutter Mane\n|-end|p2a: Flutter Mane|Protosynthesis|[silent]\n|\n|-weather|PrimordialSea|[upkeep]\n|upkeep\n|\n|t:|1699804649\n|switch|p2a: Scolipede|Scolipede, M|100\/100\n|turn|6\n|\n|t:|1699804654\n|move|p2a: Scolipede|Substitute|p2a: Scolipede\n|-start|p2a: Scolipede|Substitute\n|-damage|p2a: Scolipede|75\/100\n|move|p1a: Kyogre|Thunder|p2a: Scolipede\n|-end|p2a: Scolipede|Substitute\n|\n|-weather|PrimordialSea|[upkeep]\n|-heal|p2a: Scolipede|82\/100|[from] item: Leftovers\n|-ability|p2a: Scolipede|Speed Boost|boost\n|-boost|p2a: Scolipede|spe|1\n|upkeep\n|turn|7\n|\n|t:|1699804664\n|move|p2a: Scolipede|Toxic|p1a: Kyogre\n|-status|p1a: Kyogre|tox\n|move|p1a: Kyogre|Thunder|p2a: Scolipede\n|-damage|p2a: Scolipede|0 fnt\n|faint|p2a: Scolipede\n|\n|-weather|PrimordialSea|[upkeep]\n|-damage|p1a: Kyogre|49\/100 tox|[from] psn\n|upkeep\n|\n|t:|1699804679\n|switch|p2a: Garchomp|Garchomp, M|100\/100\n|turn|8\n|\n|t:|1699804687\n|move|p2a: Garchomp|Earthquake|p1a: Kyogre\n|-damage|p1a: Kyogre|0 fnt\n|faint|p1a: Kyogre\n|-weather|none\n|\n|upkeep\n|\n|t:|1699804696\n|switch|p1a: Necrozma|Necrozma-Dusk-Mane, shiny|100\/100\n|turn|9\n|\n|t:|1699804711\n|detailschange|p1a: Necrozma|Necrozma-Ultra, shiny\n|-burst|p1a: Necrozma|Necrozma|Ultranecrozium Z\n|move|p1a: Necrozma|Dragon Dance|p1a: Necrozma\n|-boost|p1a: Necrozma|atk|1\n|-boost|p1a: Necrozma|spe|1\n|move|p2a: Garchomp|Swords Dance|p2a: Garchomp\n|-boost|p2a: Garchomp|atk|2\n|\n|upkeep\n|turn|10\n|\n|t:|1699804726\n|-zpower|p1a: Necrozma\n|move|p1a: Necrozma|Light That Burns the Sky|p2a: Garchomp|[zeffect]\n|-damage|p2a: Garchomp|0 fnt\n|faint|p2a: Garchomp\n|\n|upkeep\n|\n|t:|1699804734\n|switch|p2a: Skarmory|Skarmory, F|100\/100\n|turn|11\n|\n|t:|1699804742\n|move|p1a: Necrozma|Photon Geyser|p2a: Skarmory\n|-resisted|p2a: Skarmory\n|-damage|p2a: Skarmory|55\/100\n|-ability|p2a: Skarmory|Weak Armor|boost\n|-unboost|p2a: Skarmory|def|1\n|-boost|p2a: Skarmory|spe|2\n|move|p2a: Skarmory|Swords Dance|p2a: Skarmory\n|-boost|p2a: Skarmory|atk|2\n|\n|upkeep\n|turn|12\n|\n|t:|1699804757\n|-terastallize|p2a: Skarmory|Steel\n|move|p2a: Skarmory|Iron Head|p1a: Necrozma\n|-damage|p1a: Necrozma|26\/100\n|cant|p1a: Necrozma|flinch\n|\n|upkeep\n|turn|13\n|c|\u2606Perilous Nightmare|Bruh\n|\n|t:|1699804770\n|switch|p1a: Gliscor|Gliscor, F, shiny|100\/100\n|move|p2a: Skarmory|Iron Head|p1a: Gliscor\n|-damage|p1a: Gliscor|37\/100\n|\n|-status|p1a: Gliscor|tox|[from] item: Toxic Orb\n|upkeep\n|turn|14\n|c|\u2606aguinaldo124|Im pretty lucky\n|c|\u2606Perilous Nightmare|30% Chance\n|\n|t:|1699804797\n|-terastallize|p1a: Gliscor|Steel\n|move|p2a: Skarmory|Brave Bird|p1a: Gliscor\n|-resisted|p1a: Gliscor\n|-damage|p1a: Gliscor|5\/100 tox\n|-damage|p2a: Skarmory|41\/100|[from] Recoil\n|move|p1a: Gliscor|Earthquake|p2a: Skarmory\n|-supereffective|p2a: Skarmory\n|-damage|p2a: Skarmory|0 fnt\n|faint|p2a: Skarmory\n|\n|-heal|p1a: Gliscor|17\/100 tox|[from] ability: Poison Heal\n|upkeep\n|\n|t:|1699804811\n|switch|p2a: Porygon-Z|Porygon-Z|100\/100\n|turn|15\n|c|\u2606Perilous Nightmare|Low roll\n|\n|t:|1699804824\n|-zpower|p2a: Porygon-Z\n|move|p2a: Porygon-Z|Z-Conversion|p2a: Porygon-Z|[anim]Conversion\n|-boost|p2a: Porygon-Z|atk|1|[zeffect]\n|-boost|p2a: Porygon-Z|def|1|[zeffect]\n|-boost|p2a: Porygon-Z|spa|1|[zeffect]\n|-boost|p2a: Porygon-Z|spd|1|[zeffect]\n|-boost|p2a: Porygon-Z|spe|1|[zeffect]\n|-start|p2a: Porygon-Z|typechange|Ghost\n|move|p1a: Gliscor|Earthquake|p2a: Porygon-Z\n|-crit|p2a: Porygon-Z\n|-damage|p2a: Porygon-Z|20\/100\n|\n|-heal|p1a: Gliscor|30\/100 tox|[from] ability: Poison Heal\n|upkeep\n|turn|16\n|\n|t:|1699804843\n|move|p2a: Porygon-Z|Shadow Ball|p1a: Gliscor\n|-damage|p1a: Gliscor|0 fnt\n|faint|p1a: Gliscor\n|\n|upkeep\n|inactive|Perilous Nightmare has 120 seconds left.\n|\n|t:|1699804853\n|switch|p1a: Necrozma|Necrozma-Ultra, shiny|26\/100\n|turn|17\n|\n|t:|1699804863\n|move|p2a: Porygon-Z|Shadow Ball|p1a: Necrozma\n|-supereffective|p1a: Necrozma\n|-damage|p1a: Necrozma|0 fnt\n|faint|p1a: Necrozma\n|\n|upkeep\n|inactive|Perilous Nightmare has 120 seconds left.\n|\n|t:|1699804886\n|switch|p1a: Glimmora|Glimmora, F|100\/100\n|turn|18\n|\n|t:|1699804898\n|move|p2a: Porygon-Z|Psychic|p1a: Glimmora\n|-supereffective|p1a: Glimmora\n|-damage|p1a: Glimmora|0 fnt\n|faint|p1a: Glimmora\n|\n|upkeep\n|\n|t:|1699804904\n|switch|p1a: Kangaskhan|Kangaskhan, F, shiny|100\/100\n|turn|19\n|c|\u2606Perilous Nightmare|This thing only has fighting and normal  moves\n|c|\u2606aguinaldo124|I will risk a paralise\n|inactive|Perilous Nightmare has 90 seconds left.\n|c|\u2606aguinaldo124|It has scrappy\n|\n|t:|1699804939\n|detailschange|p1a: Kangaskhan|Kangaskhan-Mega, F, shiny\n|-mega|p1a: Kangaskhan|Kangaskhan|Kangaskhanite\n|move|p2a: Porygon-Z|Thunderbolt|p1a: Kangaskhan\n|-damage|p1a: Kangaskhan|49\/100\n|move|p1a: Kangaskhan|Drain Punch|p2a: Porygon-Z\n|-immune|p2a: Porygon-Z\n|\n|upkeep\n|turn|20\n|c|\u2606aguinaldo124|Oh\n|inactive|Perilous Nightmare has 90 seconds left.\n|c|\u2606aguinaldo124|Its mega\n|c|\u2606aguinaldo124|Gg then\n|c|\u2606Perilous Nightmare|It did have scrappy\n|c|\u2606Perilous Nightmare|I'm an idiot\n|c|\u2606aguinaldo124|Lol\n|-message|Perilous Nightmare forfeited.\n|\n|win|aguinaldo124\n|raw|Perilous Nightmare's rating: 1181 &rarr; <strong>1155<\/strong><br \/>(-26 for losing)\n|raw|aguinaldo124's rating: 1169 &rarr; <strong>1195<\/strong><br \/>(+26 for winning)\n|l|\u2606Perilous Nightmare\n|c|\u2606aguinaldo124|Ggs\n","uploadtime":1699804984,"views":7,"p1id":"perilousnightmare","p2id":"aguinaldo124","formatid":"gen9nationaldexubers","rating":1155,"private":0,"password":""}