{"id":"gen9nationaldexubers-1979114519","p1":"Thraaycer","p2":"Dabigmurph","format":"[Gen 9] National Dex Ubers","log":"|j|\u2606Thraaycer\n|j|\u2606Dabigmurph\n|t:|1698634123\n|gametype|singles\n|player|p1|Thraaycer|steven|1230\n|player|p2|Dabigmurph|hiker-gen4|1444\n|teamsize|p1|6\n|teamsize|p2|6\n|gen|9\n|tier|[Gen 9] National Dex Ubers\n|rated|\n|rule|HP Percentage Mod: HP is shown in percentages\n|rule|Endless Battle Clause: Forcing endless battles is banned\n|rule|OHKO Clause: OHKO moves are banned\n|rule|Evasion Moves Clause: Evasion moves are banned\n|rule|Evasion Items Clause: Evasion items are banned\n|rule|Species Clause: Limit one of each Pok\u00e9mon\n|rule|Sleep Clause Mod: Limit one foe put to sleep\n|rule|Mega Rayquaza Clause: You cannot mega evolve Rayquaza\n|clearpoke\n|poke|p1|Chien-Pao|\n|poke|p1|Zygarde|\n|poke|p1|Toxapex, F|\n|poke|p1|Groudon|\n|poke|p1|Metagross|\n|poke|p1|Xurkitree|\n|poke|p2|Grimmsnarl, M|\n|poke|p2|Annihilape, F|\n|poke|p2|Corviknight, F|\n|poke|p2|Zacian-*|\n|poke|p2|Chi-Yu|\n|poke|p2|Flutter Mane|\n|teampreview\n|l|\u2606Dabigmurph\n|player|p2|\n|j|\u2606Dabigmurph\n|player|p2|Dabigmurph|hiker-gen4\n|\n|t:|1698634156\n|start\n|switch|p1a: Metagross|Metagross, shiny|100\/100\n|switch|p2a: Grimmsnarl|Grimmsnarl, M|100\/100\n|turn|1\n|\n|t:|1698634163\n|detailschange|p1a: Metagross|Metagross-Mega, shiny\n|-mega|p1a: Metagross|Metagross|Metagrossite\n|move|p2a: Grimmsnarl|Taunt|p1a: Metagross\n|-start|p1a: Metagross|move: Taunt\n|move|p1a: Metagross|Meteor Mash|p2a: Grimmsnarl|[miss]\n|-miss|p1a: Metagross|p2a: Grimmsnarl\n|\n|upkeep\n|turn|2\n|\n|t:|1698634170\n|move|p2a: Grimmsnarl|Reflect|p2a: Grimmsnarl\n|-sidestart|p2: Dabigmurph|Reflect\n|move|p1a: Metagross|Meteor Mash|p2a: Grimmsnarl\n|-supereffective|p2a: Grimmsnarl\n|-damage|p2a: Grimmsnarl|12\/100\n|\n|upkeep\n|turn|3\n|\n|t:|1698634178\n|move|p2a: Grimmsnarl|Parting Shot|p1a: Metagross\n|-unboost|p1a: Metagross|atk|1\n|-unboost|p1a: Metagross|spa|1\n|\n|t:|1698634187\n|switch|p2a: Chi-Yu|Chi-Yu|100\/100|[from] Parting Shot\n|-ability|p2a: Chi-Yu|Beads of Ruin\n|move|p1a: Metagross|Meteor Mash|p2a: Chi-Yu\n|-resisted|p2a: Chi-Yu\n|-damage|p2a: Chi-Yu|77\/100\n|\n|-end|p1a: Metagross|move: Taunt\n|upkeep\n|turn|4\n|\n|t:|1698634194\n|switch|p1a: Toxapex|Toxapex, F, shiny|100\/100\n|move|p2a: Chi-Yu|Nasty Plot|p2a: Chi-Yu\n|-boost|p2a: Chi-Yu|spa|2\n|\n|upkeep\n|turn|5\n|\n|t:|1698634200\n|move|p2a: Chi-Yu|Dark Pulse|p1a: Toxapex\n|-damage|p1a: Toxapex|20\/100\n|-heal|p2a: Chi-Yu|89\/100|[from] item: Shell Bell|[of] p1a: Toxapex\n|move|p1a: Toxapex|Haze|p1a: Toxapex\n|-clearallboost\n|\n|-heal|p1a: Toxapex|26\/100|[from] item: Leftovers\n|upkeep\n|turn|6\n|\n|t:|1698634207\n|move|p1a: Toxapex|Baneful Bunker|p1a: Toxapex\n|-singleturn|p1a: Toxapex|move: Protect\n|move|p2a: Chi-Yu|Dark Pulse|p1a: Toxapex\n|-activate|p1a: Toxapex|move: Protect\n|\n|-heal|p1a: Toxapex|32\/100|[from] item: Leftovers\n|upkeep\n|turn|7\n|\n|t:|1698634217\n|move|p2a: Chi-Yu|Dark Pulse|p1a: Toxapex\n|-damage|p1a: Toxapex|0 fnt\n|faint|p1a: Toxapex\n|-heal|p2a: Chi-Yu|94\/100|[from] item: Shell Bell|[of] p1: Toxapex\n|\n|upkeep\n|\n|t:|1698634238\n|switch|p1a: Groudon|Groudon, shiny|100\/100\n|detailschange|p1a: Groudon|Groudon-Primal, shiny\n|-primal|p1a: Groudon|Red Orb\n|-weather|DesolateLand|[from] ability: Desolate Land|[of] p1a: Groudon\n|turn|8\n|\n|t:|1698634255\n|move|p2a: Chi-Yu|Dark Pulse|p1a: Groudon\n|-damage|p1a: Groudon|41\/100\n|-heal|p2a: Chi-Yu|100\/100|[from] item: Shell Bell|[of] p1a: Groudon\n|move|p1a: Groudon|Swords Dance|p1a: Groudon\n|-boost|p1a: Groudon|atk|2\n|\n|-weather|DesolateLand|[upkeep]\n|upkeep\n|turn|9\n|\n|t:|1698634261\n|move|p2a: Chi-Yu|Dark Pulse|p1a: Groudon\n|-damage|p1a: Groudon|0 fnt\n|faint|p1a: Groudon\n|-weather|none\n|\n|-sideend|p2: Dabigmurph|Reflect\n|upkeep\n|\n|t:|1698634267\n|switch|p1a: Metagross|Metagross-Mega, shiny|100\/100\n|turn|10\n|\n|t:|1698634277\n|move|p1a: Metagross|Bullet Punch|p2a: Chi-Yu\n|-resisted|p2a: Chi-Yu\n|-damage|p2a: Chi-Yu|69\/100\n|move|p2a: Chi-Yu|Nasty Plot|p2a: Chi-Yu\n|-boost|p2a: Chi-Yu|spa|2\n|\n|upkeep\n|turn|11\n|-message|Thraaycer forfeited.\n|\n|win|Dabigmurph\n|raw|Thraaycer's rating: 1230 &rarr; <strong>1219<\/strong><br \/>(-11 for losing)\n|raw|Dabigmurph's rating: 1444 &rarr; <strong>1453<\/strong><br \/>(+9 for winning)\n|l|\u2606Thraaycer\n","uploadtime":1698634303,"views":7,"p1id":"thraaycer","p2id":"dabigmurph","formatid":"gen9nationaldexubers","rating":1219,"private":0,"password":""}