{"id":"gen9nationaldexubers-1984380306","p1":"LIlinxv","p2":"Incredible Gassy","format":"[Gen 9] National Dex Ubers","log":"|j|\u2606LIlinxv\n|j|\u2606Incredible Gassy\n|t:|1699253026\n|gametype|singles\n|player|p1|LIlinxv|266|1571\n|player|p2|Incredible Gassy|kieran|1648\n|teamsize|p1|6\n|teamsize|p2|6\n|gen|9\n|tier|[Gen 9] National Dex Ubers\n|rated|\n|rule|HP Percentage Mod: HP is shown in percentages\n|rule|Endless Battle Clause: Forcing endless battles is banned\n|rule|OHKO Clause: OHKO moves are banned\n|rule|Evasion Moves Clause: Evasion moves are banned\n|rule|Evasion Items Clause: Evasion items are banned\n|rule|Species Clause: Limit one of each Pok\u00e9mon\n|rule|Sleep Clause Mod: Limit one foe put to sleep\n|rule|Mega Rayquaza Clause: You cannot mega evolve Rayquaza\n|clearpoke\n|poke|p1|Rayquaza|\n|poke|p1|Melmetal|\n|poke|p1|Hatterene, F|\n|poke|p1|Basculegion, M|\n|poke|p1|Porygon2|\n|poke|p1|Yveltal|\n|poke|p2|Groudon|\n|poke|p2|Arceus-Ground|\n|poke|p2|Magearna|\n|poke|p2|Chansey, F|\n|poke|p2|Marshadow|\n|poke|p2|Ho-Oh|\n|teampreview\n|inactive|Battle timer is ON: inactive players will automatically lose when time's up. (requested by Incredible Gassy)\n|\n|t:|1699253033\n|start\n|switch|p1a: Rayquaza|Rayquaza|100\/100\n|switch|p2a: Magearna|Magearna|100\/100\n|-ability|p1a: Rayquaza|Air Lock\n|turn|1\n|\n|t:|1699253041\n|switch|p1a: Porygon2|Porygon2|100\/100\n|-ability|p1a: Porygon2|Download|boost\n|-boost|p1a: Porygon2|atk|1\n|switch|p2a: Groudon|Groudon|100\/100\n|detailschange|p2a: Groudon|Groudon-Primal\n|-primal|p2a: Groudon|Red Orb\n|-weather|DesolateLand|[from] ability: Desolate Land|[of] p2a: Groudon\n|\n|-weather|DesolateLand|[upkeep]\n|upkeep\n|turn|2\n|\n|t:|1699253050\n|-weather|none\n|switch|p2a: Magearna|Magearna|100\/100\n|switch|p1a: Rayquaza|Rayquaza|100\/100\n|-ability|p1a: Rayquaza|Air Lock\n|\n|upkeep\n|turn|3\n|\n|t:|1699253060\n|switch|p1a: Porygon2|Porygon2|100\/100\n|-ability|p1a: Porygon2|Download|boost\n|-boost|p1a: Porygon2|atk|1\n|move|p2a: Magearna|Fleur Cannon|p1a: Porygon2\n|-damage|p1a: Porygon2|57\/100\n|-unboost|p2a: Magearna|spa|2\n|\n|upkeep\n|turn|4\n|\n|t:|1699253069\n|move|p2a: Magearna|Fleur Cannon|p1a: Porygon2\n|-damage|p1a: Porygon2|37\/100\n|-unboost|p2a: Magearna|spa|2\n|move|p1a: Porygon2|Recover|p1a: Porygon2\n|-heal|p1a: Porygon2|87\/100\n|\n|upkeep\n|turn|5\n|\n|t:|1699253088\n|move|p2a: Magearna|Calm Mind|p2a: Magearna\n|-boost|p2a: Magearna|spa|1\n|-boost|p2a: Magearna|spd|1\n|move|p1a: Porygon2|Tri Attack|p2a: Magearna\n|-resisted|p2a: Magearna\n|-damage|p2a: Magearna|93\/100\n|-status|p2a: Magearna|par\n|\n|-heal|p2a: Magearna|99\/100 par|[from] item: Leftovers\n|upkeep\n|turn|6\n|\n|t:|1699253093\n|move|p2a: Magearna|Calm Mind|p2a: Magearna\n|-boost|p2a: Magearna|spa|1\n|-boost|p2a: Magearna|spd|1\n|move|p1a: Porygon2|Trick Room|p1a: Porygon2\n|-fieldstart|move: Trick Room|[of] p1a: Porygon2\n|\n|-heal|p2a: Magearna|100\/100 par|[from] item: Leftovers\n|upkeep\n|turn|7\n|\n|t:|1699253096\n|move|p1a: Porygon2|Teleport|p1a: Porygon2\n|\n|t:|1699253101\n|switch|p1a: Melmetal|Melmetal|100\/100|[from] Teleport\n|move|p2a: Magearna|Trick Room|p2a: Magearna\n|-fieldend|move: Trick Room\n|\n|upkeep\n|turn|8\n|\n|t:|1699253108\n|switch|p2a: Groudon|Groudon-Primal|100\/100\n|-weather|DesolateLand|[from] ability: Desolate Land|[of] p2a: Groudon\n|-terastallize|p1a: Melmetal|Steel\n|move|p1a: Melmetal|Double Iron Bash|p2a: Groudon\n|-resisted|p2a: Groudon\n|-damage|p2a: Groudon|81\/100\n|-resisted|p2a: Groudon\n|-damage|p2a: Groudon|61\/100\n|-hitcount|p2a: Groudon|2\n|\n|-weather|DesolateLand|[upkeep]\n|upkeep\n|turn|9\n|\n|t:|1699253123\n|-weather|none\n|switch|p2a: Chansey|Chansey, F|100\/100\n|switch|p1a: Rayquaza|Rayquaza|100\/100\n|-ability|p1a: Rayquaza|Air Lock\n|\n|upkeep\n|turn|10\n|\n|t:|1699253133\n|switch|p1a: Yveltal|Yveltal|100\/100\n|-ability|p1a: Yveltal|Dark Aura\n|move|p2a: Chansey|Heal Bell|p2a: Chansey\n|-activate|p2a: Chansey|move: Heal Bell\n|-curestatus|p2: Magearna|par|[msg]\n|\n|upkeep\n|turn|11\n|\n|t:|1699253143\n|switch|p2a: Magearna|Magearna|100\/100\n|move|p1a: Yveltal|Knock Off|p2a: Magearna\n|-resisted|p2a: Magearna\n|-damage|p2a: Magearna|64\/100\n|-enditem|p2a: Magearna|Leftovers|[from] move: Knock Off|[of] p1a: Yveltal\n|\n|upkeep\n|turn|12\n|\n|t:|1699253154\n|switch|p1a: Porygon2|Porygon2|87\/100\n|-ability|p1a: Porygon2|Download|boost\n|-boost|p1a: Porygon2|atk|1\n|move|p2a: Magearna|Fleur Cannon|p1a: Porygon2\n|-damage|p1a: Porygon2|48\/100\n|-unboost|p2a: Magearna|spa|2\n|\n|upkeep\n|turn|13\n|\n|t:|1699253162\n|switch|p2a: Marshadow|Marshadow|100\/100\n|move|p1a: Porygon2|Recover|p1a: Porygon2\n|-heal|p1a: Porygon2|98\/100\n|\n|upkeep\n|turn|14\n|\n|t:|1699253172\n|move|p2a: Marshadow|Poltergeist|p1a: Porygon2\n|-immune|p1a: Porygon2\n|move|p1a: Porygon2|Trick Room|p1a: Porygon2\n|-fieldstart|move: Trick Room|[of] p1a: Porygon2\n|\n|upkeep\n|turn|15\n|\n|t:|1699253180\n|switch|p2a: Groudon|Groudon-Primal|61\/100\n|-weather|DesolateLand|[from] ability: Desolate Land|[of] p2a: Groudon\n|move|p1a: Porygon2|Teleport|p1a: Porygon2\n|\n|t:|1699253186\n|switch|p1a: Melmetal|Melmetal, tera:Steel|100\/100|[from] Teleport\n|\n|-weather|DesolateLand|[upkeep]\n|upkeep\n|turn|16\n|\n|t:|1699253189\n|move|p1a: Melmetal|Earthquake|p2a: Groudon\n|-supereffective|p2a: Groudon\n|-damage|p2a: Groudon|7\/100\n|move|p2a: Groudon|Lava Plume|p1a: Melmetal\n|-supereffective|p1a: Melmetal\n|-damage|p1a: Melmetal|0 fnt\n|faint|p1a: Melmetal\n|\n|-weather|DesolateLand|[upkeep]\n|upkeep\n|c|\u2606Incredible Gassy|no\n|\n|t:|1699253202\n|switch|p1a: Yveltal|Yveltal|100\/100\n|-ability|p1a: Yveltal|Dark Aura\n|turn|17\n|\n|t:|1699253206\n|-weather|none\n|switch|p2a: Magearna|Magearna|64\/100\n|move|p1a: Yveltal|Knock Off|p2a: Magearna\n|-resisted|p2a: Magearna\n|-damage|p2a: Magearna|37\/100\n|\n|upkeep\n|turn|18\n|\n|t:|1699253217\n|switch|p2a: Chansey|Chansey, F|100\/100\n|switch|p1a: Hatterene|Hatterene, F|100\/100\n|\n|-fieldend|move: Trick Room\n|upkeep\n|turn|19\n|\n|t:|1699253227\n|switch|p1a: Yveltal|Yveltal|100\/100\n|-ability|p1a: Yveltal|Dark Aura\n|move|p2a: Chansey|Wish|p2a: Chansey\n|\n|upkeep\n|turn|20\n|\n|t:|1699253234\n|switch|p1a: Hatterene|Hatterene, F|100\/100\n|switch|p2a: Magearna|Magearna|37\/100\n|\n|-heal|p2a: Magearna|100\/100|[from] move: Wish|[wisher] Chansey\n|upkeep\n|turn|21\n|\n|t:|1699253241\n|move|p2a: Magearna|Flash Cannon|p1a: Hatterene\n|-supereffective|p1a: Hatterene\n|-damage|p1a: Hatterene|17\/100\n|move|p1a: Hatterene|Mystical Fire|p2a: Magearna\n|-supereffective|p2a: Magearna\n|-damage|p2a: Magearna|61\/100\n|-unboost|p2a: Magearna|spa|1\n|\n|upkeep\n|turn|22\n|\n|t:|1699253249\n|move|p2a: Magearna|Fleur Cannon|p1a: Hatterene\n|-damage|p1a: Hatterene|0 fnt\n|-unboost|p2a: Magearna|spa|2\n|faint|p1a: Hatterene\n|-ability|p2a: Magearna|Soul-Heart|boost\n|-boost|p2a: Magearna|spa|1\n|\n|upkeep\n|\n|t:|1699253253\n|switch|p1a: Basculegion|Basculegion, M|100\/100\n|turn|23\n|\n|t:|1699253259\n|switch|p2a: Chansey|Chansey, F|100\/100\n|move|p1a: Basculegion|Last Respects|p2a: Chansey\n|-immune|p2a: Chansey\n|\n|upkeep\n|turn|24\n|\n|t:|1699253263\n|switch|p1a: Porygon2|Porygon2|98\/100\n|-ability|p1a: Porygon2|Download|boost\n|-boost|p1a: Porygon2|atk|1\n|move|p2a: Chansey|Wish|p2a: Chansey\n|\n|upkeep\n|turn|25\n|\n|t:|1699253267\n|switch|p2a: Magearna|Magearna|61\/100\n|move|p1a: Porygon2|Teleport|p1a: Porygon2\n|\n|t:|1699253271\n|switch|p1a: Basculegion|Basculegion, M|100\/100|[from] Teleport\n|\n|-heal|p2a: Magearna|100\/100|[from] move: Wish|[wisher] Chansey\n|upkeep\n|turn|26\n|\n|t:|1699253274\n|switch|p2a: Groudon|Groudon-Primal|7\/100\n|-weather|DesolateLand|[from] ability: Desolate Land|[of] p2a: Groudon\n|move|p1a: Basculegion|Last Respects|p2a: Groudon\n|-damage|p2a: Groudon|0 fnt\n|faint|p2a: Groudon\n|-weather|none\n|\n|upkeep\n|\n|t:|1699253277\n|switch|p2a: Chansey|Chansey, F|100\/100\n|turn|27\n|\n|t:|1699253280\n|switch|p1a: Yveltal|Yveltal|100\/100\n|-ability|p1a: Yveltal|Dark Aura\n|move|p2a: Chansey|Wish|p2a: Chansey\n|\n|upkeep\n|turn|28\n|\n|t:|1699253288\n|switch|p1a: Basculegion|Basculegion, M|100\/100\n|switch|p2a: Arceus|Arceus-Ground|100\/100\n|\n|upkeep\n|turn|29\n|\n|t:|1699253297\n|move|p1a: Basculegion|Wave Crash|p2a: Arceus\n|-supereffective|p2a: Arceus\n|-damage|p2a: Arceus|7\/100\n|-damage|p1a: Basculegion|65\/100|[from] Recoil\n|move|p2a: Arceus|Earthquake|p1a: Basculegion\n|-damage|p1a: Basculegion|0 fnt\n|faint|p1a: Basculegion\n|\n|upkeep\n|c|\u2606Incredible Gassy|hitler dead\n|-message|LIlinxv forfeited.\n|\n|win|Incredible Gassy\n|raw|LIlinxv's rating: 1571 &rarr; <strong>1555<\/strong><br \/>(-16 for losing)\n|raw|Incredible Gassy's rating: 1648 &rarr; <strong>1664<\/strong><br \/>(+16 for winning)\n|l|\u2606LIlinxv\n","uploadtime":1699253440,"views":5,"p1id":"lilinxv","p2id":"incrediblegassy","formatid":"gen9nationaldexubers","rating":1555,"private":0,"password":""}