{"id":"gen9nationaldexubers-1996157331","p1":"Jaluminor","p2":"quagsy","format":"[Gen 9] National Dex Ubers","log":"|j|\u2606Jaluminor\n|j|\u2606quagsy\n|t:|1700652689\n|gametype|singles\n|player|p1|Jaluminor|hilbert-wonderlauncher|1468\n|player|p2|quagsy|265|1516\n|teamsize|p1|6\n|teamsize|p2|6\n|gen|9\n|tier|[Gen 9] National Dex Ubers\n|rated|\n|rule|HP Percentage Mod: HP is shown in percentages\n|rule|Endless Battle Clause: Forcing endless battles is banned\n|rule|OHKO Clause: OHKO moves are banned\n|rule|Evasion Moves Clause: Evasion moves are banned\n|rule|Evasion Items Clause: Evasion items are banned\n|rule|Species Clause: Limit one of each Pok\u00e9mon\n|rule|Sleep Clause Mod: Limit one foe put to sleep\n|rule|Mega Rayquaza Clause: You cannot mega evolve Rayquaza\n|clearpoke\n|poke|p1|Groudon|\n|poke|p1|Kyogre|\n|poke|p1|Necrozma-Dusk-Mane|\n|poke|p1|Zygarde|\n|poke|p1|Mewtwo|\n|poke|p1|Kyurem-Black|\n|poke|p2|Ribombee, F|\n|poke|p2|Rayquaza|\n|poke|p2|Zacian-*|\n|poke|p2|Necrozma-Dusk-Mane|\n|poke|p2|Arceus-Ground|\n|poke|p2|Kyogre|\n|teampreview\n|inactive|Battle timer is ON: inactive players will automatically lose when time's up. (requested by quagsy)\n|\n|t:|1700652703\n|start\n|switch|p1a: Zygarde|Zygarde|100\/100\n|switch|p2a: Ribombee|Ribombee, F|100\/100\n|turn|1\n|\n|t:|1700652714\n|move|p2a: Ribombee|Stun Spore|p1a: Zygarde\n|-status|p1a: Zygarde|par\n|cant|p1a: Zygarde|par\n|\n|upkeep\n|turn|2\n|\n|t:|1700652722\n|move|p2a: Ribombee|Moonblast|p1a: Zygarde\n|-supereffective|p1a: Zygarde\n|-crit|p1a: Zygarde\n|-damage|p1a: Zygarde|25\/100 par\n|-unboost|p1a: Zygarde|spa|1\n|move|p1a: Zygarde|Coil|p1a: Zygarde\n|-boost|p1a: Zygarde|atk|1\n|-boost|p1a: Zygarde|def|1\n|-boost|p1a: Zygarde|accuracy|1\n|\n|-heal|p1a: Zygarde|31\/100 par|[from] item: Leftovers\n|-activate|p1a: Zygarde|ability: Power Construct\n|detailschange|p1a: Zygarde|Zygarde-Complete\n|-heal|p1a: Zygarde|55\/100 par|[silent]\n|upkeep\n|turn|3\n|\n|t:|1700652735\n|-terastallize|p1a: Zygarde|Water\n|move|p2a: Ribombee|Moonblast|p1a: Zygarde\n|-damage|p1a: Zygarde|39\/100 par\n|-unboost|p1a: Zygarde|spa|1\n|move|p1a: Zygarde|Rest|p1a: Zygarde\n|-status|p1a: Zygarde|slp|[from] move: Rest\n|-heal|p1a: Zygarde|100\/100 slp|[silent]\n|\n|upkeep\n|turn|4\n|\n|t:|1700652744\n|move|p2a: Ribombee|Sticky Web|p1a: Zygarde\n|-sidestart|p1: Jaluminor|move: Sticky Web\n|cant|p1a: Zygarde|slp\n|move|p1a: Zygarde|Sleep Talk|p1a: Zygarde\n|move|p1a: Zygarde|Coil|p1a: Zygarde|[from]move: Sleep Talk\n|-boost|p1a: Zygarde|atk|1\n|-boost|p1a: Zygarde|def|1\n|-boost|p1a: Zygarde|accuracy|1\n|\n|upkeep\n|turn|5\n|\n|t:|1700652755\n|switch|p2a: Kyogre|Kyogre|100\/100\n|detailschange|p2a: Kyogre|Kyogre-Primal\n|-primal|p2a: Kyogre|Blue Orb\n|-weather|PrimordialSea|[from] ability: Primordial Sea|[of] p2a: Kyogre\n|cant|p1a: Zygarde|slp\n|move|p1a: Zygarde|Sleep Talk|p1a: Zygarde\n|move|p1a: Zygarde|Thousand Arrows|p2a: Kyogre|[from]move: Sleep Talk\n|-damage|p2a: Kyogre|32\/100\n|\n|-weather|PrimordialSea|[upkeep]\n|upkeep\n|turn|6\n|\n|t:|1700652774\n|-weather|none\n|switch|p2a: Ribombee|Ribombee, F|100\/100\n|-curestatus|p1a: Zygarde|slp|[msg]\n|move|p1a: Zygarde|Thousand Arrows|p2a: Ribombee\n|-resisted|p2a: Ribombee\n|-damage|p2a: Ribombee|41\/100\n|\n|upkeep\n|turn|7\n|\n|t:|1700652785\n|move|p2a: Ribombee|Stun Spore|p1a: Zygarde\n|-status|p1a: Zygarde|par\n|move|p1a: Zygarde|Thousand Arrows|p2a: Ribombee\n|-resisted|p2a: Ribombee\n|-damage|p2a: Ribombee|0 fnt\n|faint|p2a: Ribombee\n|\n|upkeep\n|\n|t:|1700652794\n|switch|p2a: Arceus|Arceus-Ground|100\/100\n|turn|8\n|\n|t:|1700652797\n|move|p2a: Arceus|Taunt|p1a: Zygarde\n|-start|p1a: Zygarde|move: Taunt\n|cant|p1a: Zygarde|move: Taunt|Coil\n|\n|upkeep\n|turn|9\n|\n|t:|1700652808\n|move|p2a: Arceus|Swords Dance|p2a: Arceus\n|-boost|p2a: Arceus|atk|2\n|move|p1a: Zygarde|Thousand Arrows|p2a: Arceus\n|-damage|p2a: Arceus|50\/100\n|\n|upkeep\n|turn|10\n|\n|t:|1700652817\n|move|p2a: Arceus|Earthquake|p1a: Zygarde\n|-damage|p1a: Zygarde|72\/100 par\n|move|p1a: Zygarde|Thousand Arrows|p2a: Arceus\n|-damage|p2a: Arceus|2\/100\n|\n|-heal|p1a: Zygarde|78\/100 par|[from] item: Leftovers\n|-end|p1a: Zygarde|move: Taunt\n|upkeep\n|turn|11\n|\n|t:|1700652826\n|move|p2a: Arceus|Earthquake|p1a: Zygarde\n|-damage|p1a: Zygarde|51\/100 par\n|move|p1a: Zygarde|Thousand Arrows|p2a: Arceus\n|-damage|p2a: Arceus|0 fnt\n|faint|p2a: Arceus\n|\n|-heal|p1a: Zygarde|57\/100 par|[from] item: Leftovers\n|upkeep\n|\n|t:|1700652829\n|switch|p2a: Kyogre|Kyogre-Primal|32\/100\n|-weather|PrimordialSea|[from] ability: Primordial Sea|[of] p2a: Kyogre\n|turn|12\n|\n|t:|1700652837\n|move|p2a: Kyogre|Thunder|p1a: Zygarde\n|-supereffective|p1a: Zygarde\n|-damage|p1a: Zygarde|15\/100 par\n|cant|p1a: Zygarde|par\n|\n|-weather|PrimordialSea|[upkeep]\n|-heal|p1a: Zygarde|21\/100 par|[from] item: Leftovers\n|upkeep\n|turn|13\n|\n|t:|1700652846\n|switch|p1a: Groudon|Groudon|100\/100\n|-activate|p1a: Groudon|move: Sticky Web\n|-unboost|p1a: Groudon|spe|1\n|detailschange|p1a: Groudon|Groudon-Primal\n|-primal|p1a: Groudon|Red Orb\n|-weather|DesolateLand|[from] ability: Desolate Land|[of] p1a: Groudon\n|move|p2a: Kyogre|Thunder|p1a: Groudon\n|-immune|p1a: Groudon\n|\n|-weather|DesolateLand|[upkeep]\n|upkeep\n|turn|14\n|\n|t:|1700652856\n|switch|p2a: Rayquaza|Rayquaza|100\/100\n|-ability|p2a: Rayquaza|Air Lock\n|move|p1a: Groudon|Solar Beam||[still]\n|-prepare|p1a: Groudon|Solar Beam\n|\n|-weather|DesolateLand|[upkeep]\n|upkeep\n|turn|15\n|\n|t:|1700652876\n|-terastallize|p2a: Rayquaza|Flying\n|move|p2a: Rayquaza|Dragon Ascent|p1a: Groudon\n|-damage|p1a: Groudon|0 fnt\n|-unboost|p2a: Rayquaza|def|1\n|-unboost|p2a: Rayquaza|spd|1\n|faint|p1a: Groudon\n|-weather|none\n|\n|upkeep\n|\n|t:|1700652891\n|switch|p1a: Necrozma|Necrozma-Dusk-Mane|100\/100\n|-activate|p1a: Necrozma|move: Sticky Web\n|-unboost|p1a: Necrozma|spe|1\n|turn|16\n|\n|t:|1700652900\n|switch|p2a: Kyogre|Kyogre-Primal|32\/100\n|-weather|PrimordialSea|[from] ability: Primordial Sea|[of] p2a: Kyogre\n|move|p1a: Necrozma|Dragon Dance|p1a: Necrozma\n|-boost|p1a: Necrozma|atk|1\n|-boost|p1a: Necrozma|spe|1\n|\n|-weather|PrimordialSea|[upkeep]\n|upkeep\n|turn|17\n|\n|t:|1700652911\n|move|p2a: Kyogre|Origin Pulse|p1a: Necrozma\n|-damage|p1a: Necrozma|0 fnt\n|faint|p1a: Necrozma\n|\n|-weather|PrimordialSea|[upkeep]\n|upkeep\n|\n|t:|1700652920\n|switch|p1a: Kyurem|Kyurem-Black|100\/100\n|-activate|p1a: Kyurem|move: Sticky Web\n|-unboost|p1a: Kyurem|spe|1\n|-ability|p1a: Kyurem|Teravolt\n|turn|18\n|\n|t:|1700652926\n|move|p2a: Kyogre|Ice Beam|p1a: Kyurem\n|-damage|p1a: Kyurem|58\/100\n|move|p1a: Kyurem|Scale Shot|p2a: Kyogre\n|-damage|p2a: Kyogre|14\/100\n|-damage|p2a: Kyogre|0 fnt\n|faint|p2a: Kyogre\n|-weather|none\n|-hitcount|p2: Kyogre|2\n|-unboost|p1a: Kyurem|def|1\n|-boost|p1a: Kyurem|spe|1\n|\n|upkeep\n|\n|t:|1700652938\n|switch|p2a: Rayquaza|Rayquaza, tera:Flying|100\/100\n|-ability|p2a: Rayquaza|Air Lock\n|turn|19\n|\n|t:|1700652944\n|move|p1a: Kyurem|Fusion Bolt|p2a: Rayquaza\n|-supereffective|p2a: Rayquaza\n|-damage|p2a: Rayquaza|8\/100\n|move|p2a: Rayquaza|Dragon Ascent|p1a: Kyurem\n|-damage|p1a: Kyurem|0 fnt\n|-unboost|p2a: Rayquaza|def|1\n|-unboost|p2a: Rayquaza|spd|1\n|faint|p1a: Kyurem\n|\n|upkeep\n|\n|t:|1700652957\n|switch|p1a: Zygarde|Zygarde-Complete, tera:Water|21\/100 par\n|-activate|p1a: Zygarde|move: Sticky Web\n|-unboost|p1a: Zygarde|spe|1\n|turn|20\n|\n|t:|1700652963\n|move|p2a: Rayquaza|Dragon Ascent|p1a: Zygarde\n|-damage|p1a: Zygarde|0 fnt\n|-unboost|p2a: Rayquaza|def|1\n|-unboost|p2a: Rayquaza|spd|1\n|faint|p1a: Zygarde\n|\n|upkeep\n|\n|t:|1700652975\n|switch|p1a: Kyogre|Kyogre|100\/100\n|-activate|p1a: Kyogre|move: Sticky Web\n|-unboost|p1a: Kyogre|spe|1\n|detailschange|p1a: Kyogre|Kyogre-Primal\n|-primal|p1a: Kyogre|Blue Orb\n|-weather|PrimordialSea|[from] ability: Primordial Sea|[of] p1a: Kyogre\n|turn|21\n|\n|t:|1700652983\n|move|p2a: Rayquaza|Dragon Ascent|p1a: Kyogre\n|-damage|p1a: Kyogre|0 fnt\n|-unboost|p2a: Rayquaza|def|1\n|-unboost|p2a: Rayquaza|spd|1\n|faint|p1a: Kyogre\n|-weather|none\n|\n|upkeep\n|\n|t:|1700652990\n|switch|p1a: Mewtwo|Mewtwo|100\/100\n|-activate|p1a: Mewtwo|move: Sticky Web\n|-unboost|p1a: Mewtwo|spe|1\n|-ability|p1a: Mewtwo|Pressure\n|turn|22\n|\n|t:|1700652998\n|detailschange|p1a: Mewtwo|Mewtwo-Mega-Y\n|-mega|p1a: Mewtwo|Mewtwo|Mewtwonite Y\n|move|p2a: Rayquaza|Dragon Ascent|p1a: Mewtwo\n|-damage|p1a: Mewtwo|0 fnt\n|-unboost|p2a: Rayquaza|def|1\n|-unboost|p2a: Rayquaza|spd|1\n|faint|p1a: Mewtwo\n|\n|win|quagsy\n|raw|Jaluminor's rating: 1468 &rarr; <strong>1451<\/strong><br \/>(-17 for losing)\n|raw|quagsy's rating: 1516 &rarr; <strong>1533<\/strong><br \/>(+17 for winning)\n|c|\u2606Jaluminor|gg\n|c|\u2606quagsy|gg\n|l|\u2606Jaluminor\n","uploadtime":1700653003,"views":0,"p1id":"jaluminor","p2id":"quagsy","formatid":"gen9nationaldexubers","rating":1451,"private":0,"password":""}