{"id":"gen9nationaldexubers-1991989957","p1":"Congelaito","p2":"WillroBalance","format":"[Gen 9] National Dex Ubers","log":"|j|\u2606Congelaito\n|j|\u2606WillroBalance\n|t:|1700145621\n|gametype|singles\n|player|p1|Congelaito|adaman|\n|player|p2|WillroBalance|lusamine-nihilego|\n|teamsize|p1|6\n|teamsize|p2|6\n|gen|9\n|tier|[Gen 9] National Dex Ubers\n|rated|Tournament battle\n|rule|HP Percentage Mod: HP is shown in percentages\n|rule|Endless Battle Clause: Forcing endless battles is banned\n|rule|OHKO Clause: OHKO moves are banned\n|rule|Evasion Moves Clause: Evasion moves are banned\n|rule|Evasion Items Clause: Evasion items are banned\n|rule|Species Clause: Limit one of each Pok\u00e9mon\n|rule|Sleep Clause Mod: Limit one foe put to sleep\n|rule|Mega Rayquaza Clause: You cannot mega evolve Rayquaza\n|clearpoke\n|poke|p1|Tapu Lele|\n|poke|p1|Lugia|\n|poke|p1|Boltund, M|\n|poke|p1|Deoxys-Speed|\n|poke|p1|Mewtwo|\n|poke|p1|Ditto|\n|poke|p2|Eternatus|\n|poke|p2|Groudon|\n|poke|p2|Arceus-Dark|\n|poke|p2|Ho-Oh|\n|poke|p2|Zygarde|\n|poke|p2|Necrozma-Dusk-Mane|\n|teampreview\n|inactive|Battle timer is ON: inactive players will automatically lose when time's up. (requested by WillroBalance)\n|j| cheese miestro\n|c|\u2606WillroBalance|boltound\n|c|\u2606Congelaito|I just put it cuz it look pretty\n|c| cheese miestro|W\n|inactive|WillroBalance has 120 seconds left.\n|c|\u2606WillroBalance|boltound ditto lugia hyper offense\n|\n|t:|1700145664\n|start\n|switch|p1a: Deoxys|Deoxys-Speed|100\/100\n|switch|p2a: Zygarde|Zygarde|100\/100\n|-ability|p1a: Deoxys|Pressure\n|turn|1\n|\n|t:|1700145669\n|move|p1a: Deoxys|Stealth Rock|p2a: Zygarde\n|-sidestart|p2: WillroBalance|move: Stealth Rock\n|move|p2a: Zygarde|Thousand Arrows|p1a: Deoxys\n|-damage|p1a: Deoxys|62\/100\n|\n|upkeep\n|turn|2\n|\n|t:|1700145674\n|move|p1a: Deoxys|Spikes|p2a: Zygarde\n|-sidestart|p2: WillroBalance|Spikes\n|move|p2a: Zygarde|Coil|p2a: Zygarde\n|-boost|p2a: Zygarde|atk|1\n|-boost|p2a: Zygarde|def|1\n|-boost|p2a: Zygarde|accuracy|1\n|\n|upkeep\n|turn|3\n|\n|t:|1700145679\n|switch|p1a: Lugia|Lugia|100\/100\n|move|p2a: Zygarde|Thousand Arrows|p1a: Lugia\n|-damage|p1a: Lugia|86\/100\n|-start|p1a: Lugia|Smack Down\n|-enditem|p1a: Lugia|Eject Button\n|\n|t:|1700145682\n|switch|p1a: Tapu Lele|Tapu Lele|100\/100\n|-fieldstart|move: Psychic Terrain|[from] ability: Psychic Surge|[of] p1a: Tapu Lele\n|\n|upkeep\n|turn|4\n|\n|t:|1700145703\n|switch|p2a: Ho-Oh|Ho-Oh|100\/100\n|move|p1a: Tapu Lele|Psychic|p2a: Ho-Oh\n|-damage|p2a: Ho-Oh|66\/100\n|\n|upkeep\n|turn|5\n|\n|t:|1700145708\n|move|p1a: Tapu Lele|Psychic|p2a: Ho-Oh\n|-damage|p2a: Ho-Oh|30\/100\n|move|p2a: Ho-Oh|Defog|p1a: Tapu Lele\n|-unboost|p1a: Tapu Lele|evasion|1\n|-sideend|p2: WillroBalance|Spikes|[from] move: Defog|[of] p2a: Ho-Oh\n|-sideend|p2: WillroBalance|Stealth Rock|[from] move: Defog|[of] p2a: Ho-Oh\n|-fieldend|move: Psychic Terrain\n|\n|upkeep\n|turn|6\n|\n|t:|1700145714\n|switch|p2a: Necrozma|Necrozma-Dusk-Mane|100\/100\n|move|p1a: Tapu Lele|Future Sight|p2a: Necrozma\n|-start|p1a: Tapu Lele|move: Future Sight\n|\n|upkeep\n|turn|7\n|\n|t:|1700145720\n|switch|p1a: Lugia|Lugia|86\/100\n|move|p2a: Necrozma|Toxic|p1a: Lugia\n|-status|p1a: Lugia|tox\n|\n|-damage|p1a: Lugia|80\/100 tox|[from] psn\n|upkeep\n|turn|8\n|\n|t:|1700145724\n|move|p1a: Lugia|Roost|p1a: Lugia\n|-heal|p1a: Lugia|100\/100 tox\n|-singleturn|p1a: Lugia|move: Roost\n|move|p2a: Necrozma|Sunsteel Strike|p1a: Lugia\n|-damage|p1a: Lugia|64\/100 tox\n|\n|-end|p2a: Necrozma|move: Future Sight\n|-resisted|p2a: Necrozma\n|-damage|p2a: Necrozma|90\/100\n|-heal|p2a: Necrozma|96\/100|[from] item: Leftovers\n|-damage|p1a: Lugia|52\/100 tox|[from] psn\n|upkeep\n|turn|9\n|\n|t:|1700145733\n|move|p1a: Lugia|Roost|p1a: Lugia\n|-heal|p1a: Lugia|100\/100 tox\n|-singleturn|p1a: Lugia|move: Roost\n|move|p2a: Necrozma|Sunsteel Strike|p1a: Lugia\n|-damage|p1a: Lugia|65\/100 tox\n|\n|-heal|p2a: Necrozma|100\/100|[from] item: Leftovers\n|-damage|p1a: Lugia|47\/100 tox|[from] psn\n|upkeep\n|turn|10\n|\n|t:|1700145745\n|switch|p1a: Ditto|Ditto|100\/100\n|-transform|p1a: Ditto|p2a: Necrozma|[from] ability: Imposter\n|move|p2a: Necrozma|Sunsteel Strike|p1a: Ditto\n|-resisted|p1a: Ditto\n|-damage|p1a: Ditto|80\/100\n|\n|upkeep\n|turn|11\n|\n|t:|1700145757\n|switch|p1a: Deoxys|Deoxys-Speed|62\/100\n|-ability|p1a: Deoxys|Pressure\n|move|p2a: Necrozma|Earthquake|p1a: Deoxys\n|-damage|p1a: Deoxys|20\/100\n|\n|upkeep\n|turn|12\n|\n|t:|1700145762\n|move|p1a: Deoxys|Stealth Rock|p2a: Necrozma\n|-sidestart|p2: WillroBalance|move: Stealth Rock\n|move|p2a: Necrozma|Earthquake|p1a: Deoxys\n|-damage|p1a: Deoxys|0 fnt\n|faint|p1a: Deoxys\n|\n|upkeep\n|c|\u2606Congelaito|I think this team just cant kill necrozma xD\n|\n|t:|1700145786\n|switch|p1a: Ditto|Ditto|80\/100\n|-transform|p1a: Ditto|p2a: Necrozma|[from] ability: Imposter\n|turn|13\n|\n|t:|1700145790\n|move|p1a: Ditto|Earthquake|p2a: Necrozma\n|-supereffective|p2a: Necrozma\n|-damage|p2a: Necrozma|70\/100\n|move|p2a: Necrozma|Earthquake|p1a: Ditto\n|-supereffective|p1a: Ditto\n|-damage|p1a: Ditto|37\/100\n|\n|-heal|p2a: Necrozma|76\/100|[from] item: Leftovers\n|upkeep\n|turn|14\n|\n|t:|1700145795\n|move|p1a: Ditto|Earthquake|p2a: Necrozma\n|-supereffective|p2a: Necrozma\n|-damage|p2a: Necrozma|47\/100\n|move|p2a: Necrozma|Earthquake|p1a: Ditto\n|-supereffective|p1a: Ditto\n|-damage|p1a: Ditto|0 fnt\n|faint|p1a: Ditto\n|\n|-heal|p2a: Necrozma|53\/100|[from] item: Leftovers\n|upkeep\n|\n|t:|1700145797\n|switch|p1a: Boltund|Boltund, M|100\/100\n|turn|15\n|\n|t:|1700145803\n|-terastallize|p1a: Boltund|Psychic\n|move|p1a: Boltund|Crunch|p2a: Necrozma\n|-supereffective|p2a: Necrozma\n|-damage|p2a: Necrozma|7\/100\n|move|p2a: Necrozma|Morning Sun|p2a: Necrozma\n|-heal|p2a: Necrozma|57\/100\n|\n|-heal|p2a: Necrozma|63\/100|[from] item: Leftovers\n|upkeep\n|turn|16\n|\n|t:|1700145810\n|switch|p2a: Arceus|Arceus-Dark|100\/100\n|-damage|p2a: Arceus|88\/100|[from] Stealth Rock\n|move|p1a: Boltund|Crunch|p2a: Arceus\n|-resisted|p2a: Arceus\n|-damage|p2a: Arceus|74\/100\n|\n|upkeep\n|turn|17\n|\n|t:|1700145813\n|switch|p1a: Tapu Lele|Tapu Lele|100\/100\n|-fieldstart|move: Psychic Terrain|[from] ability: Psychic Surge|[of] p1a: Tapu Lele\n|move|p2a: Arceus|Foul Play|p1a: Tapu Lele\n|-damage|p1a: Tapu Lele|62\/100\n|\n|upkeep\n|turn|18\n|\n|t:|1700145830\n|switch|p1a: Boltund|Boltund, M, tera:Psychic|100\/100\n|move|p2a: Arceus|Recover|p2a: Arceus\n|-heal|p2a: Arceus|100\/100\n|\n|upkeep\n|turn|19\n|\n|t:|1700145839\n|switch|p1a: Lugia|Lugia|47\/100 tox\n|move|p2a: Arceus|Foul Play|p1a: Lugia\n|-supereffective|p1a: Lugia\n|-damage|p1a: Lugia|12\/100 tox\n|\n|-damage|p1a: Lugia|6\/100 tox|[from] psn\n|upkeep\n|turn|20\n|\n|t:|1700145846\n|move|p1a: Lugia|Toxic|p2a: Arceus\n|-status|p2a: Arceus|tox\n|move|p2a: Arceus|Foul Play|p1a: Lugia\n|-supereffective|p1a: Lugia\n|-damage|p1a: Lugia|0 fnt\n|faint|p1a: Lugia\n|\n|-damage|p2a: Arceus|94\/100 tox|[from] psn\n|upkeep\n|c|\u2606WillroBalance|why so fast\n|\n|t:|1700145853\n|switch|p1a: Tapu Lele|Tapu Lele|62\/100\n|turn|21\n|c|\u2606Congelaito|Idk\n|c|\u2606Congelaito|thi is really old team\n|\n|t:|1700145864\n|move|p1a: Tapu Lele|Moonblast|p2a: Arceus\n|-supereffective|p2a: Arceus\n|-damage|p2a: Arceus|32\/100 tox\n|-unboost|p2a: Arceus|spa|1\n|move|p2a: Arceus|Toxic|p1a: Tapu Lele\n|-status|p1a: Tapu Lele|tox\n|\n|-damage|p1a: Tapu Lele|56\/100 tox|[from] psn\n|-damage|p2a: Arceus|19\/100 tox|[from] psn\n|upkeep\n|turn|22\n|j| breezai\n|\n|t:|1700145874\n|switch|p2a: Ho-Oh|Ho-Oh|64\/100\n|move|p1a: Tapu Lele|Future Sight|p2a: Ho-Oh\n|-start|p1a: Tapu Lele|move: Future Sight\n|\n|-damage|p1a: Tapu Lele|44\/100 tox|[from] psn\n|upkeep\n|turn|23\n|\n|t:|1700145882\n|switch|p1a: Mewtwo|Mewtwo|100\/100\n|-ability|p1a: Mewtwo|Pressure\n|move|p2a: Ho-Oh|Sacred Fire|p1a: Mewtwo\n|-damage|p1a: Mewtwo|56\/100\n|-status|p1a: Mewtwo|brn\n|\n|-damage|p1a: Mewtwo|50\/100 brn|[from] brn\n|upkeep\n|turn|24\n|\n|t:|1700145892\n|switch|p2a: Arceus|Arceus-Dark|19\/100 tox\n|-damage|p2a: Arceus|7\/100 tox|[from] Stealth Rock\n|move|p1a: Mewtwo|Psystrike|p2a: Arceus\n|-immune|p2a: Arceus\n|\n|-end|p2a: Arceus|move: Future Sight\n|-immune|p2a: Arceus\n|-damage|p2a: Arceus|1\/100 tox|[from] psn\n|-damage|p1a: Mewtwo|44\/100 brn|[from] brn\n|-fieldend|move: Psychic Terrain\n|upkeep\n|turn|25\n|\n|t:|1700145894\n|move|p1a: Mewtwo|Ice Beam|p2a: Arceus\n|-damage|p2a: Arceus|0 fnt\n|faint|p2a: Arceus\n|-damage|p1a: Mewtwo|34\/100 brn|[from] item: Life Orb\n|\n|-damage|p1a: Mewtwo|27\/100 brn|[from] brn\n|upkeep\n|\n|t:|1700145896\n|switch|p2a: Necrozma|Necrozma-Dusk-Mane|63\/100\n|-damage|p2a: Necrozma|57\/100|[from] Stealth Rock\n|turn|26\n|\n|t:|1700145898\n|move|p1a: Mewtwo|Taunt|p2a: Necrozma\n|-start|p2a: Necrozma|move: Taunt\n|cant|p2a: Necrozma|move: Taunt|Morning Sun\n|\n|-heal|p2a: Necrozma|63\/100|[from] item: Leftovers\n|-damage|p1a: Mewtwo|21\/100 brn|[from] brn\n|upkeep\n|turn|27\n|\n|t:|1700145901\n|move|p1a: Mewtwo|Ice Beam|p2a: Necrozma\n|-resisted|p2a: Necrozma\n|-damage|p2a: Necrozma|49\/100\n|-damage|p1a: Mewtwo|11\/100 brn|[from] item: Life Orb\n|move|p2a: Necrozma|Earthquake|p1a: Mewtwo\n|-damage|p1a: Mewtwo|0 fnt\n|faint|p1a: Mewtwo\n|\n|-heal|p2a: Necrozma|55\/100|[from] item: Leftovers\n|upkeep\n|\n|t:|1700145903\n|switch|p1a: Tapu Lele|Tapu Lele|44\/100 tox\n|-fieldstart|move: Psychic Terrain|[from] ability: Psychic Surge|[of] p1a: Tapu Lele\n|turn|28\n|\n|t:|1700145908\n|move|p1a: Tapu Lele|Moonblast|p2a: Necrozma\n|-resisted|p2a: Necrozma\n|-damage|p2a: Necrozma|39\/100\n|-unboost|p2a: Necrozma|spa|1\n|move|p2a: Necrozma|Sunsteel Strike|p1a: Tapu Lele\n|-supereffective|p1a: Tapu Lele\n|-damage|p1a: Tapu Lele|0 fnt\n|faint|p1a: Tapu Lele\n|\n|-heal|p2a: Necrozma|45\/100|[from] item: Leftovers\n|-end|p2a: Necrozma|move: Taunt\n|upkeep\n|\n|t:|1700145911\n|switch|p1a: Boltund|Boltund, M, tera:Psychic|100\/100\n|turn|29\n|\n|t:|1700145917\n|-terastallize|p2a: Necrozma|Grass\n|move|p1a: Boltund|Psychic Fangs|p2a: Necrozma\n|-damage|p2a: Necrozma|0 fnt\n|faint|p2a: Necrozma\n|\n|upkeep\n|\n|t:|1700145924\n|switch|p2a: Zygarde|Zygarde|100\/100\n|-damage|p2a: Zygarde|94\/100|[from] Stealth Rock\n|turn|30\n|c|\u2606Congelaito|I trust in  you\n|\n|t:|1700145928\n|move|p1a: Boltund|Psychic Fangs|p2a: Zygarde\n|-damage|p2a: Zygarde|40\/100\n|move|p2a: Zygarde|Coil|p2a: Zygarde\n|-boost|p2a: Zygarde|atk|1\n|-boost|p2a: Zygarde|def|1\n|-boost|p2a: Zygarde|accuracy|1\n|\n|-heal|p2a: Zygarde|46\/100|[from] item: Leftovers\n|-activate|p2a: Zygarde|ability: Power Construct\n|detailschange|p2a: Zygarde|Zygarde-Complete\n|-heal|p2a: Zygarde|64\/100|[silent]\n|upkeep\n|turn|31\n|c|\u2606Congelaito|OH oh\n|\n|t:|1700145935\n|move|p1a: Boltund|Psychic Fangs|p2a: Zygarde\n|-damage|p2a: Zygarde|40\/100\n|move|p2a: Zygarde|Rest|p2a: Zygarde\n|-status|p2a: Zygarde|slp|[from] move: Rest\n|-heal|p2a: Zygarde|100\/100 slp|[silent]\n|\n|upkeep\n|turn|32\n|\n|t:|1700145938\n|move|p1a: Boltund|Psychic Fangs|p2a: Zygarde\n|-damage|p2a: Zygarde|76\/100 slp\n|cant|p2a: Zygarde|slp\n|move|p2a: Zygarde|Sleep Talk|p2a: Zygarde\n|move|p2a: Zygarde|Thousand Arrows|p1a: Boltund|[from]move: Sleep Talk\n|-damage|p1a: Boltund|9\/100\n|\n|-heal|p2a: Zygarde|82\/100 slp|[from] item: Leftovers\n|upkeep\n|turn|33\n|\n|t:|1700145941\n|move|p1a: Boltund|Psychic Fangs|p2a: Zygarde\n|-damage|p2a: Zygarde|57\/100 slp\n|cant|p2a: Zygarde|slp\n|move|p2a: Zygarde|Sleep Talk|p2a: Zygarde\n|move|p2a: Zygarde|Rest||[from]move: Sleep Talk|[still]\n|-fail|p2a: Zygarde\n|\n|-heal|p2a: Zygarde|63\/100 slp|[from] item: Leftovers\n|upkeep\n|turn|34\n|c|\u2606Congelaito|Crit\n|c|\u2606Congelaito|(?)\n|\n|t:|1700145951\n|move|p1a: Boltund|Psychic Fangs|p2a: Zygarde\n|-damage|p2a: Zygarde|39\/100 slp\n|-curestatus|p2a: Zygarde|slp|[msg]\n|move|p2a: Zygarde|Coil|p2a: Zygarde\n|-boost|p2a: Zygarde|atk|1\n|-boost|p2a: Zygarde|def|1\n|-boost|p2a: Zygarde|accuracy|1\n|\n|-heal|p2a: Zygarde|46\/100|[from] item: Leftovers\n|upkeep\n|turn|35\n|\n|t:|1700145953\n|move|p1a: Boltund|Psychic Fangs|p2a: Zygarde\n|-damage|p2a: Zygarde|26\/100\n|move|p2a: Zygarde|Rest|p2a: Zygarde\n|-status|p2a: Zygarde|slp|[from] move: Rest\n|-heal|p2a: Zygarde|100\/100 slp|[silent]\n|\n|-fieldend|move: Psychic Terrain\n|upkeep\n|turn|36\n|\n|t:|1700145956\n|move|p1a: Boltund|Psychic Fangs|p2a: Zygarde\n|-damage|p2a: Zygarde|87\/100 slp\n|cant|p2a: Zygarde|slp\n|move|p2a: Zygarde|Sleep Talk|p2a: Zygarde\n|move|p2a: Zygarde|Thousand Arrows|p1a: Boltund|[from]move: Sleep Talk\n|-damage|p1a: Boltund|0 fnt\n|faint|p1a: Boltund\n|\n|win|WillroBalance\n|n|\u2606Congelaito|congelaito\n|n|\u2606WillroBalance|willrobalance\n|n| cheese miestro|cheesemiestro\n|n| breezai|breezai\n","uploadtime":1700145962,"views":8,"p1id":"congelaito","p2id":"willrobalance","formatid":"gen9nationaldexubers","rating":0,"private":0,"password":""}