{"id":"gen9nationaldexubers-1993650273","p1":"SilverKeith","p2":"Raycen25","format":"[Gen 9] National Dex Ubers","log":"|j|\u2606SilverKeith\n|j|\u2606Raycen25\n|t:|1700341557\n|gametype|singles\n|player|p1|SilverKeith|2|\n|player|p2|Raycen25|102|\n|teamsize|p1|6\n|teamsize|p2|6\n|gen|9\n|tier|[Gen 9] National Dex Ubers\n|rule|HP Percentage Mod: HP is shown in percentages\n|rule|Endless Battle Clause: Forcing endless battles is banned\n|rule|OHKO Clause: OHKO moves are banned\n|rule|Evasion Moves Clause: Evasion moves are banned\n|rule|Evasion Items Clause: Evasion items are banned\n|rule|Species Clause: Limit one of each Pok\u00e9mon\n|rule|Sleep Clause Mod: Limit one foe put to sleep\n|rule|Mega Rayquaza Clause: You cannot mega evolve Rayquaza\n|clearpoke\n|poke|p1|Cinderace, F|\n|poke|p1|Articuno-Galar|\n|poke|p1|Zarude|\n|poke|p1|Copperajah, F|\n|poke|p1|Barraskewda, F|\n|poke|p1|Togetic, M|\n|poke|p2|Raikou|\n|poke|p2|Espeon, M|\n|poke|p2|Kingdra, M|\n|poke|p2|Darmanitan-Galar, M|\n|poke|p2|Coalossal, F|\n|poke|p2|Sandaconda, M|\n|teampreview\n|c|\u2606SilverKeith|un min que invito a los demas\n|c|\u2606Raycen25|ok\n|j| santysas\n|c| santysas|owo\n|j| Juanjomaster\n|c| santysas|Listo, ya estamos todos los importantes\n|j| zereffu\n|c| zereffu|Lacio perdes y te echamos del grupo\n|c| santysas|Sin presiones\n|c|\u2606Raycen25|quien invito a zereffu?\n|c| zereffu|Yo solo p\n|c|\u2606Raycen25|jaja\n|c|\u2606SilverKeith|le damos en 2 min?\n|c|\u2606Raycen25|por mi bien\n|c|\u2606SilverKeith|no les puse nombres a mis pokes otra vez\n|c|\u2606SilverKeith|como se nota que hago todo a ultimo momento\n|c|\u2606Raycen25|jaja\n|c|\u2606SilverKeith|bueno va\n|c| zereffu|Autoloss\n|\n|t:|1700341852\n|start\n|switch|p1a: Articuno|Articuno-Galar|100\/100\n|switch|p2a: Cabezon|Espeon, M, shiny|100\/100\n|turn|1\n|\n|t:|1700341862\n|move|p2a: Cabezon|Shadow Ball|p1a: Articuno\n|-supereffective|p1a: Articuno\n|-damage|p1a: Articuno|33\/100\n|-enditem|p1a: Articuno|Weakness Policy\n|-boost|p1a: Articuno|atk|2|[from] item: Weakness Policy\n|-boost|p1a: Articuno|spa|2|[from] item: Weakness Policy\n|move|p1a: Articuno|Agility|p1a: Articuno\n|-boost|p1a: Articuno|spe|2\n|\n|upkeep\n|turn|2\n|\n|t:|1700341874\n|-terastallize|p1a: Articuno|Psychic\n|move|p1a: Articuno|Stored Power|p2a: Cabezon\n|-resisted|p2a: Cabezon\n|-damage|p2a: Cabezon|0 fnt\n|faint|p2a: Cabezon\n|\n|upkeep\n|c| zereffu|Oh\n|c| Juanjomaster|Salv\n|c| zereffu|Gg?\n|\n|t:|1700341887\n|switch|p2a: La calor|Coalossal, F, shiny|100\/100\n|turn|3\n|c| santysas|ayno\n|\n|t:|1700341895\n|-terastallize|p2a: La calor|Dragon\n|move|p1a: Articuno|Stored Power|p2a: La calor\n|-damage|p2a: La calor|1\/100\n|move|p2a: La calor|Heat Crash|p1a: Articuno\n|-damage|p1a: Articuno|3\/100\n|\n|upkeep\n|turn|4\n|c| santysas|NOPUEDESER\n|c| zereffu|Pecheo\n|\n|t:|1700341913\n|move|p1a: Articuno|Stored Power|p2a: La calor\n|-damage|p2a: La calor|0 fnt\n|faint|p2a: La calor\n|\n|upkeep\n|c| zereffu|Gg en efecto\n|\n|t:|1700341936\n|switch|p2a: Pi\u00f1ata|Sandaconda, M, shiny|100\/100\n|turn|5\n|\n|t:|1700341943\n|move|p1a: Articuno|Stored Power|p2a: Pi\u00f1ata\n|-damage|p2a: Pi\u00f1ata|0 fnt\n|-weather|Sandstorm|[from] ability: Sand Spit|[of] p2a: Pi\u00f1ata\n|faint|p2a: Pi\u00f1ata\n|\n|-weather|Sandstorm|[upkeep]\n|-damage|p1a: Articuno|0 fnt|[from] Sandstorm\n|faint|p1a: Articuno\n|upkeep\n|c| zereffu|Nice\n|\n|t:|1700341964\n|switch|p1a: Togetic|Togetic, M|100\/100\n|switch|p2a: Manco|Kingdra, M, shiny|100\/100\n|turn|6\n|c| santysas|Buen sacrificio\n|c| Juanjomaster|Salvada\n|c| zereffu|3vs5\n|c| zereffu|Sin presi\u00f3n\n|\n|t:|1700341972\n|move|p2a: Manco|Rain Dance|p2a: Manco\n|-weather|RainDance\n|move|p1a: Togetic|Toxic|p2a: Manco\n|-status|p2a: Manco|tox\n|\n|-weather|RainDance|[upkeep]\n|-damage|p2a: Manco|94\/100 tox|[from] psn\n|upkeep\n|turn|7\n|\n|t:|1700341979\n|move|p2a: Manco|Surf|p1a: Togetic\n|-damage|p1a: Togetic|58\/100\n|-damage|p2a: Manco|84\/100 tox|[from] item: Life Orb\n|move|p1a: Togetic|Draining Kiss|p2a: Manco\n|-supereffective|p2a: Manco\n|-damage|p2a: Manco|49\/100 tox\n|-heal|p1a: Togetic|82\/100|[from] drain|[of] p2a: Manco\n|\n|-weather|RainDance|[upkeep]\n|-damage|p2a: Manco|37\/100 tox|[from] psn\n|upkeep\n|turn|8\n|\n|t:|1700341991\n|move|p1a: Togetic|Protect|p1a: Togetic\n|-singleturn|p1a: Togetic|Protect\n|move|p2a: Manco|Ice Beam|p1a: Togetic\n|-activate|p1a: Togetic|move: Protect\n|\n|-weather|RainDance|[upkeep]\n|-damage|p2a: Manco|18\/100 tox|[from] psn\n|upkeep\n|turn|9\n|\n|t:|1700342003\n|move|p2a: Manco|Ice Beam|p1a: Togetic\n|-supereffective|p1a: Togetic\n|-damage|p1a: Togetic|40\/100\n|-damage|p2a: Manco|8\/100 tox|[from] item: Life Orb\n|move|p1a: Togetic|Draining Kiss|p2a: Manco\n|-supereffective|p2a: Manco\n|-damage|p2a: Manco|0 fnt\n|-heal|p1a: Togetic|45\/100|[from] drain|[of] p2a: Manco\n|faint|p2a: Manco\n|\n|-weather|RainDance|[upkeep]\n|upkeep\n|\n|t:|1700342021\n|switch|p2a: Repeinado|Darmanitan-Galar, M, shiny|100\/100\n|turn|10\n|c| zereffu|Coalossal pecho fr\u00edo\n|\n|t:|1700342064\n|move|p2a: Repeinado|Icicle Crash|p1a: Togetic\n|-supereffective|p1a: Togetic\n|-damage|p1a: Togetic|0 fnt\n|faint|p1a: Togetic\n|\n|-weather|none\n|upkeep\n|\n|t:|1700342069\n|switch|p1a: Cinderace|Cinderace, F|100\/100\n|turn|11\n|\n|t:|1700342074\n|switch|p2a: Enchufe|Raikou, shiny|100\/100\n|move|p1a: Cinderace|Pyro Ball|p2a: Enchufe|[miss]\n|-miss|p1a: Cinderace|p2a: Enchufe\n|\n|upkeep\n|turn|12\n|c| zereffu|Hax\n|c| santysas|Fall\u00f3 el penalty\n|c| zereffu|Siunt\n|\n|t:|1700342111\n|move|p1a: Cinderace|Pyro Ball|p2a: Enchufe|[miss]\n|-miss|p1a: Cinderace|p2a: Enchufe\n|move|p2a: Enchufe|Discharge|p1a: Cinderace\n|-damage|p1a: Cinderace|43\/100\n|\n|upkeep\n|turn|13\n|\n|t:|1700342117\n|move|p1a: Cinderace|Pyro Ball|p2a: Enchufe\n|-damage|p2a: Enchufe|19\/100\n|move|p2a: Enchufe|Discharge|p1a: Cinderace\n|-damage|p1a: Cinderace|0 fnt\n|faint|p1a: Cinderace\n|\n|-heal|p2a: Enchufe|25\/100|[from] item: Leftovers\n|upkeep\n|c| santysas|lmaooo\n|c| zereffu|Por\n|c| Juanjomaster|XDDD\n|\n|t:|1700342125\n|switch|p1a: Barraskewda|Barraskewda, F|100\/100\n|turn|14\n|c| zereffu|Ojo\n|\n|t:|1700342131\n|move|p1a: Barraskewda|Flip Turn|p2a: Enchufe\n|-damage|p2a: Enchufe|0 fnt\n|faint|p2a: Enchufe\n|j| Pelotudinhos Clown\n|c| zereffu|Nah gg\n|c| Pelotudinhos Clown|Chale llegue tarde\n|\n|t:|1700342153\n|switch|p1a: Zarude|Zarude|100\/100|[from] Flip Turn\n|\n|upkeep\n|c| santysas|Ahora sweepea darmanitan vos confia\n|\n|t:|1700342160\n|switch|p2a: Repeinado|Darmanitan-Galar, M, shiny|100\/100\n|turn|15\n|\n|t:|1700342179\n|move|p2a: Repeinado|Flare Blitz|p1a: Zarude\n|-supereffective|p1a: Zarude\n|-damage|p1a: Zarude|21\/100\n|-damage|p2a: Repeinado|73\/100|[from] Recoil\n|move|p1a: Zarude|Drain Punch|p2a: Repeinado\n|-supereffective|p2a: Repeinado\n|-damage|p2a: Repeinado|0 fnt\n|-heal|p1a: Zarude|56\/100|[from] drain|[of] p2a: Repeinado\n|faint|p2a: Repeinado\n|-damage|p1a: Zarude|46\/100|[from] item: Life Orb\n|\n|win|SilverKeith\n|c| santysas|f\n|c|\u2606SilverKeith|gg\n|c| santysas|gg\n|c|\u2606Raycen25|gg\n|c| Pelotudinhos Clown|Ksi\n|c| Juanjomaster|gg\n|c| zereffu|No ten\u00eda close combate?\n|c| Pelotudinhos Clown|gg\n|c|\u2606Raycen25|mi estrategia de dar lastima no funciono\n|c|\u2606SilverKeith|le puse esto porque me parecio que no me hacia falta el da\u00f1o extra\n|c| santysas|por un momento pense que iba a ser 6-0 , pero se recupero bien\n|l| Pelotudinhos Clown\n|c| zereffu|Me refer\u00eda el Darma\n|c| santysas|Cinderace pecho frio\n|c|\u2606SilverKeith|yo pens\u00e9 que era un 6-0 tmb\n|l| zereffu\n|c|\u2606Raycen25|me re dolio el articuno, me rompio el corazon\n|c| santysas|Sandaconda God\n|c|\u2606SilverKeith|articuno micasita\n|c|\u2606Raycen25|era la unica forma de por lo meno bajar 1\n|c| santysas|Acuerdense de subir la replay\n|l| Juanjomaster\n|l|\u2606Raycen25\n|j|\u2606Raycen25\n|player|p2|Raycen25|102\n","uploadtime":1700342310,"views":36,"p1id":"silverkeith","p2id":"raycen25","formatid":"gen9nationaldexubers","rating":0,"private":0,"password":""}