{"id":"gen9nationaldexubers-2000505557","p1":"Smoke2117YT","p2":"POKE_comeshot","format":"[Gen 9] National Dex Ubers","log":"|j|\u203dSmoke2117YT\n|j|\u203dPOKE_comeshot\n|t:|1701200460\n|gametype|singles\n|player|p1|Smoke2117YT|n|1242\n|player|p2|POKE_comeshot|2|1393\n|teamsize|p1|6\n|teamsize|p2|6\n|gen|9\n|tier|[Gen 9] National Dex Ubers\n|rated|\n|rule|HP Percentage Mod: HP is shown in percentages\n|rule|Endless Battle Clause: Forcing endless battles is banned\n|rule|OHKO Clause: OHKO moves are banned\n|rule|Evasion Moves Clause: Evasion moves are banned\n|rule|Evasion Items Clause: Evasion items are banned\n|rule|Species Clause: Limit one of each Pok\u00e9mon\n|rule|Sleep Clause Mod: Limit one foe put to sleep\n|rule|Mega Rayquaza Clause: You cannot mega evolve Rayquaza\n|clearpoke\n|poke|p1|Darmanitan-Galar, M|\n|poke|p1|Kingambit, M|\n|poke|p1|Dracovish|\n|poke|p1|Alakazam, M|\n|poke|p1|Roserade, F|\n|poke|p1|Drifblim, F|\n|poke|p2|Banette, F|\n|poke|p2|Darmanitan-Galar, M|\n|poke|p2|Ferrothorn, M|\n|poke|p2|Heatran, M|\n|poke|p2|Greninja-*, M|\n|poke|p2|Landorus-Therian, M|\n|teampreview\n|inactive|Battle timer is ON: inactive players will automatically lose when time's up. (requested by Smoke2117YT)\n|\n|t:|1701200470\n|start\n|switch|p1a: Dracovish|Dracovish|100\/100\n|switch|p2a: Heatran|Heatran, M, shiny|100\/100\n|turn|1\n|\n|t:|1701200479\n|move|p1a: Dracovish|Ice Fang|p2a: Heatran\n|-resisted|p2a: Heatran\n|-damage|p2a: Heatran|96\/100\n|move|p2a: Heatran|Magma Storm|p1a: Dracovish\n|-resisted|p1a: Dracovish\n|-damage|p1a: Dracovish|87\/100\n|-activate|p1a: Dracovish|move: Magma Storm|[of] p2a: Heatran\n|\n|-heal|p2a: Heatran|100\/100|[from] item: Leftovers\n|-damage|p1a: Dracovish|75\/100|[from] move: Magma Storm|[partiallytrapped]\n|upkeep\n|turn|2\n|\n|t:|1701200482\n|move|p2a: Heatran|Protect|p2a: Heatran\n|-singleturn|p2a: Heatran|Protect\n|move|p1a: Dracovish|Ice Fang|p2a: Heatran\n|-activate|p2a: Heatran|move: Protect\n|\n|-damage|p1a: Dracovish|62\/100|[from] move: Magma Storm|[partiallytrapped]\n|upkeep\n|turn|3\n|\n|t:|1701200487\n|move|p1a: Dracovish|Ice Fang|p2a: Heatran\n|-resisted|p2a: Heatran\n|-damage|p2a: Heatran|96\/100\n|cant|p2a: Heatran|flinch\n|\n|-heal|p2a: Heatran|100\/100|[from] item: Leftovers\n|-damage|p1a: Dracovish|50\/100|[from] move: Magma Storm|[partiallytrapped]\n|upkeep\n|turn|4\n|\n|t:|1701200490\n|move|p1a: Dracovish|Ice Fang|p2a: Heatran\n|-resisted|p2a: Heatran\n|-damage|p2a: Heatran|96\/100\n|move|p2a: Heatran|Magma Storm|p1a: Dracovish\n|-resisted|p1a: Dracovish\n|-damage|p1a: Dracovish|37\/100\n|\n|-heal|p2a: Heatran|100\/100|[from] item: Leftovers\n|-damage|p1a: Dracovish|24\/100|[from] move: Magma Storm|[partiallytrapped]\n|upkeep\n|turn|5\n|\n|t:|1701200494\n|move|p1a: Dracovish|Ice Fang|p2a: Heatran\n|-resisted|p2a: Heatran\n|-damage|p2a: Heatran|97\/100\n|move|p2a: Heatran|Earth Power|p1a: Dracovish\n|-damage|p1a: Dracovish|0 fnt\n|faint|p1a: Dracovish\n|\n|-heal|p2a: Heatran|100\/100|[from] item: Leftovers\n|upkeep\n|\n|t:|1701200500\n|switch|p1a: Darmanitan|Darmanitan-Galar, M|100\/100\n|turn|6\n|\n|t:|1701200519\n|move|p2a: Heatran|Protect|p2a: Heatran\n|-singleturn|p2a: Heatran|Protect\n|move|p1a: Darmanitan|Earthquake|p2a: Heatran\n|-activate|p2a: Heatran|move: Protect\n|\n|upkeep\n|turn|7\n|\n|t:|1701200528\n|switch|p1a: Roserade|Roserade, F|100\/100\n|switch|p2a: Landorus|Landorus-Therian, M, shiny|100\/100\n|-ability|p2a: Landorus|Intimidate|boost\n|-unboost|p1a: Roserade|atk|1\n|\n|upkeep\n|turn|8\n|\n|t:|1701200532\n|move|p1a: Roserade|Giga Drain|p2a: Landorus\n|-crit|p2a: Landorus\n|-damage|p2a: Landorus|64\/100\n|move|p2a: Landorus|Earthquake|p1a: Roserade\n|-damage|p1a: Roserade|0 fnt\n|faint|p1a: Roserade\n|\n|upkeep\n|\n|t:|1701200536\n|switch|p1a: Darmanitan|Darmanitan-Galar, M|100\/100\n|turn|9\n|\n|t:|1701200542\n|switch|p2a: Heatran|Heatran, M, shiny|100\/100\n|move|p1a: Darmanitan|Icicle Crash|p2a: Heatran\n|-resisted|p2a: Heatran\n|-damage|p2a: Heatran|83\/100\n|\n|-heal|p2a: Heatran|90\/100|[from] item: Leftovers\n|upkeep\n|turn|10\n|\n|t:|1701200550\n|switch|p1a: Alakazam|Alakazam, M|100\/100\n|move|p2a: Heatran|Magma Storm|p1a: Alakazam|[miss]\n|-miss|p2a: Heatran|p1a: Alakazam\n|\n|-heal|p2a: Heatran|96\/100|[from] item: Leftovers\n|upkeep\n|turn|11\n|\n|t:|1701200556\n|detailschange|p1a: Alakazam|Alakazam-Mega, M\n|-mega|p1a: Alakazam|Alakazam|Alakazite\n|-ability|p1a: Alakazam|Flash Fire|[from] ability: Trace|[of] p2a: Heatran\n|move|p1a: Alakazam|Psyshock|p2a: Heatran\n|-resisted|p2a: Heatran\n|-damage|p2a: Heatran|80\/100\n|move|p2a: Heatran|Magma Storm|p1a: Alakazam\n|-start|p1a: Alakazam|ability: Flash Fire\n|\n|-heal|p2a: Heatran|86\/100|[from] item: Leftovers\n|upkeep\n|turn|12\n|\n|t:|1701200571\n|move|p1a: Alakazam|Dazzling Gleam|p2a: Heatran\n|-resisted|p2a: Heatran\n|-damage|p2a: Heatran|78\/100\n|move|p2a: Heatran|Earth Power|p1a: Alakazam\n|-damage|p1a: Alakazam|66\/100\n|-unboost|p1a: Alakazam|spd|1\n|\n|-heal|p2a: Heatran|85\/100|[from] item: Leftovers\n|upkeep\n|turn|13\n|\n|t:|1701200577\n|move|p1a: Alakazam|Shadow Ball|p2a: Heatran\n|-damage|p2a: Heatran|55\/100\n|move|p2a: Heatran|Earth Power|p1a: Alakazam\n|-damage|p1a: Alakazam|14\/100\n|-unboost|p1a: Alakazam|spd|1\n|\n|-heal|p2a: Heatran|61\/100|[from] item: Leftovers\n|upkeep\n|turn|14\n|\n|t:|1701200590\n|-end|p1a: Alakazam|ability: Flash Fire|[silent]\n|switch|p1a: Drifblim|Drifblim, F|100\/100\n|move|p2a: Heatran|Earth Power|p1a: Drifblim\n|-immune|p1a: Drifblim\n|\n|-heal|p2a: Heatran|68\/100|[from] item: Leftovers\n|upkeep\n|turn|15\n|\n|t:|1701200596\n|move|p1a: Drifblim|Shadow Ball|p2a: Heatran\n|-damage|p2a: Heatran|39\/100\n|-unboost|p2a: Heatran|spd|1\n|move|p2a: Heatran|Magma Storm|p1a: Drifblim\n|-damage|p1a: Drifblim|47\/100\n|-activate|p1a: Drifblim|move: Magma Storm|[of] p2a: Heatran\n|-enditem|p1a: Drifblim|Red Card|[of] p2a: Heatran\n|drag|p2a: Landorus|Landorus-Therian, M, shiny|64\/100\n|-ability|p2a: Landorus|Intimidate|boost\n|-unboost|p1a: Drifblim|atk|1\n|\n|-end|p1a: Drifblim|Magma Storm|[partiallytrapped]|[silent]\n|upkeep\n|turn|16\n|\n|t:|1701200608\n|move|p1a: Drifblim|Strength Sap|p2a: Landorus\n|-unboost|p2a: Landorus|atk|1\n|-heal|p1a: Drifblim|100\/100\n|move|p2a: Landorus|Stone Edge|p1a: Drifblim\n|-supereffective|p1a: Drifblim\n|-damage|p1a: Drifblim|23\/100\n|\n|upkeep\n|turn|17\n|\n|t:|1701200616\n|move|p1a: Drifblim|Strength Sap|p2a: Landorus\n|-unboost|p2a: Landorus|atk|1\n|-heal|p1a: Drifblim|80\/100\n|move|p2a: Landorus|U-turn|p1a: Drifblim\n|-resisted|p1a: Drifblim\n|-damage|p1a: Drifblim|76\/100\n|\n|t:|1701200620\n|switch|p2a: Darmanitan|Darmanitan-Galar, M, shiny|100\/100|[from] U-turn\n|\n|upkeep\n|turn|18\n|\n|t:|1701200625\n|move|p1a: Drifblim|Strength Sap|p2a: Darmanitan\n|-unboost|p2a: Darmanitan|atk|1\n|-heal|p1a: Drifblim|100\/100\n|move|p2a: Darmanitan|Icicle Crash|p1a: Drifblim|[miss]\n|-miss|p2a: Darmanitan|p1a: Drifblim\n|\n|upkeep\n|turn|19\n|\n|t:|1701200640\n|move|p1a: Drifblim|Strength Sap|p2a: Darmanitan\n|-unboost|p2a: Darmanitan|atk|1\n|move|p2a: Darmanitan|Icicle Crash|p1a: Drifblim\n|-supereffective|p1a: Drifblim\n|-damage|p1a: Drifblim|0 fnt\n|faint|p1a: Drifblim\n|\n|upkeep\n|\n|t:|1701200647\n|switch|p1a: Kingambit|Kingambit, M|100\/100\n|-activate|p1a: Kingambit|ability: Supreme Overlord\n|-start|p1a: Kingambit|fallen3|[silent]\n|turn|20\n|\n|t:|1701200659\n|switch|p2a: Heatran|Heatran, M, shiny|39\/100\n|move|p1a: Kingambit|Swords Dance|p1a: Kingambit\n|-boost|p1a: Kingambit|atk|2\n|\n|-heal|p2a: Heatran|45\/100|[from] item: Leftovers\n|upkeep\n|turn|21\n|\n|t:|1701200673\n|move|p1a: Kingambit|Sucker Punch|p2a: Heatran\n|-damage|p2a: Heatran|0 fnt\n|faint|p2a: Heatran\n|\n|upkeep\n|\n|t:|1701200679\n|switch|p2a: Darmanitan|Darmanitan-Galar, M, shiny|100\/100\n|turn|22\n|\n|t:|1701200684\n|move|p1a: Kingambit|Sucker Punch|p2a: Darmanitan\n|-damage|p2a: Darmanitan|0 fnt\n|faint|p2a: Darmanitan\n|\n|upkeep\n|\n|t:|1701200691\n|switch|p2a: Ferrothorn|Ferrothorn, M, shiny|100\/100\n|turn|23\n|\n|t:|1701200693\n|move|p1a: Kingambit|Kowtow Cleave|p2a: Ferrothorn\n|-damage|p2a: Ferrothorn|17\/100\n|-damage|p1a: Kingambit|88\/100|[from] ability: Iron Barbs|[of] p2a: Ferrothorn\n|move|p2a: Ferrothorn|Leech Seed|p1a: Kingambit\n|-start|p1a: Kingambit|move: Leech Seed\n|\n|-heal|p1a: Kingambit|94\/100|[from] item: Leftovers\n|-heal|p2a: Ferrothorn|23\/100|[from] item: Leftovers\n|-damage|p1a: Kingambit|82\/100|[from] Leech Seed|[of] p2a: Ferrothorn\n|-heal|p2a: Ferrothorn|37\/100|[silent]\n|upkeep\n|turn|24\n|\n|t:|1701200696\n|move|p2a: Ferrothorn|Protect|p2a: Ferrothorn\n|-singleturn|p2a: Ferrothorn|Protect\n|move|p1a: Kingambit|Swords Dance|p1a: Kingambit\n|-boost|p1a: Kingambit|atk|2\n|\n|-heal|p1a: Kingambit|88\/100|[from] item: Leftovers\n|-heal|p2a: Ferrothorn|43\/100|[from] item: Leftovers\n|-damage|p1a: Kingambit|76\/100|[from] Leech Seed|[of] p2a: Ferrothorn\n|-heal|p2a: Ferrothorn|58\/100|[silent]\n|upkeep\n|turn|25\n|\n|t:|1701200699\n|switch|p2a: Landorus|Landorus-Therian, M, shiny|64\/100\n|-ability|p2a: Landorus|Intimidate|boost\n|-unboost|p1a: Kingambit|atk|1\n|move|p1a: Kingambit|Kowtow Cleave|p2a: Landorus\n|-damage|p2a: Landorus|0 fnt\n|faint|p2a: Landorus\n|\n|-heal|p1a: Kingambit|82\/100|[from] item: Leftovers\n|upkeep\n|\n|t:|1701200702\n|switch|p2a: Greninja|Greninja, M, shiny|100\/100\n|turn|26\n|\n|t:|1701200706\n|move|p2a: Greninja|Surf|p1a: Kingambit\n|-start|p2a: Greninja|typechange|Water|[from] ability: Protean\n|-damage|p1a: Kingambit|35\/100\n|-damage|p2a: Greninja|91\/100|[from] item: Life Orb\n|move|p1a: Kingambit|Iron Head|p2a: Greninja\n|-resisted|p2a: Greninja\n|-damage|p2a: Greninja|0 fnt\n|faint|p2a: Greninja\n|\n|-heal|p1a: Kingambit|42\/100|[from] item: Leftovers\n|upkeep\n|\n|t:|1701200713\n|switch|p2a: Banette|Banette, F, shiny|100\/100\n|turn|27\n|\n|t:|1701200727\n|detailschange|p2a: Banette|Banette-Mega, F, shiny\n|-mega|p2a: Banette|Banette|Banettite\n|move|p2a: Banette|Will-O-Wisp|p1a: Kingambit\n|-hint|Since gen 7, Dark is immune to Prankster moves.\n|-immune|p1a: Kingambit\n|move|p1a: Kingambit|Sucker Punch||[still]\n|-fail|p1a: Kingambit\n|\n|-heal|p1a: Kingambit|48\/100|[from] item: Leftovers\n|-damage|p1a: Kingambit|35\/100|[from] Leech Seed|[of] p2a: Banette\n|upkeep\n|turn|28\n|\n|t:|1701200736\n|move|p2a: Banette|Shadow Claw|p1a: Kingambit\n|-resisted|p1a: Kingambit\n|-damage|p1a: Kingambit|23\/100\n|move|p1a: Kingambit|Kowtow Cleave|p2a: Banette\n|-supereffective|p2a: Banette\n|-damage|p2a: Banette|0 fnt\n|faint|p2a: Banette\n|\n|-heal|p1a: Kingambit|29\/100|[from] item: Leftovers\n|upkeep\n|-message|POKE_comeshot forfeited.\n|\n|win|Smoke2117YT\n|raw|Smoke2117YT's rating: 1242 &rarr; <strong>1277<\/strong><br \/>(+35 for winning)\n|raw|POKE_comeshot's rating: 1393 &rarr; <strong>1365<\/strong><br \/>(-28 for losing)\n|l|\u203dPOKE_comeshot\n","uploadtime":1701200744,"views":1,"p1id":"smoke2117yt","p2id":"pokecomeshot","formatid":"gen9nationaldexubers","rating":1277,"private":0,"password":""}