{"id":"gen9nationaldexubers-1993723432","p1":"QueenLilith<3","p2":"Kdisue","format":"[Gen 9] National Dex Ubers","log":"|j|\u2606QueenLilith<3\n|j|\u2606Kdisue\n|t:|1700349664\n|gametype|singles\n|player|p1|QueenLilith<3|clair|1057\n|player|p2|Kdisue|102|1097\n|teamsize|p1|6\n|teamsize|p2|6\n|gen|9\n|tier|[Gen 9] National Dex Ubers\n|rated|\n|rule|HP Percentage Mod: HP is shown in percentages\n|rule|Endless Battle Clause: Forcing endless battles is banned\n|rule|OHKO Clause: OHKO moves are banned\n|rule|Evasion Moves Clause: Evasion moves are banned\n|rule|Evasion Items Clause: Evasion items are banned\n|rule|Species Clause: Limit one of each Pok\u00e9mon\n|rule|Sleep Clause Mod: Limit one foe put to sleep\n|rule|Mega Rayquaza Clause: You cannot mega evolve Rayquaza\n|clearpoke\n|poke|p1|Pikachu, F|\n|poke|p1|Gliscor, M|\n|poke|p1|Greninja-*, M|\n|poke|p1|Hawlucha, M|\n|poke|p1|Ferrothorn, M|\n|poke|p1|Kingdra, F|\n|poke|p2|Deoxys-Defense|\n|poke|p2|Chansey, F|\n|poke|p2|Ferrothorn, F|\n|poke|p2|Rotom-Wash|\n|poke|p2|Ho-Oh|\n|poke|p2|Lugia|\n|teampreview\n|inactive|Battle timer is ON: inactive players will automatically lose when time's up. (requested by QueenLilith<3)\n|\n|t:|1700349679\n|start\n|switch|p1a: Fear Feather|Hawlucha, M|100\/100\n|switch|p2a: Washington|Rotom-Wash|100\/100\n|-ability|p1a: Fear Feather|Mold Breaker\n|turn|1\n|\n|t:|1700349687\n|switch|p1a: Power House|Pikachu, F|100\/100\n|move|p2a: Washington|Volt Switch|p1a: Power House\n|-ability|p1a: Power House|Lightning Rod|boost\n|-boost|p1a: Power House|spa|1\n|\n|upkeep\n|turn|2\n|\n|t:|1700349699\n|switch|p2a: Iron boy|Ferrothorn, F|100\/100\n|move|p1a: Power House|Draining Kiss|p2a: Iron boy\n|-resisted|p2a: Iron boy\n|-damage|p2a: Iron boy|89\/100\n|-damage|p1a: Power House|88\/100|[from] ability: Iron Barbs|[of] p2a: Iron boy\n|\n|upkeep\n|turn|3\n|\n|t:|1700349711\n|-terastallize|p1a: Power House|Electric\n|move|p1a: Power House|Thunderbolt|p2a: Iron boy\n|-resisted|p2a: Iron boy\n|-damage|p2a: Iron boy|46\/100\n|move|p2a: Iron boy|Gyro Ball|p1a: Power House\n|-resisted|p1a: Power House\n|-damage|p1a: Power House|0 fnt\n|faint|p1a: Power House\n|\n|upkeep\n|\n|t:|1700349716\n|switch|p1a: Chilly dude|Greninja, M|100\/100\n|turn|4\n|\n|t:|1700349723\n|move|p1a: Chilly dude|Dark Pulse|p2a: Iron boy\n|-damage|p2a: Iron boy|14\/100\n|move|p2a: Iron boy|Gyro Ball|p1a: Chilly dude\n|-resisted|p1a: Chilly dude\n|-damage|p1a: Chilly dude|18\/100\n|\n|upkeep\n|turn|5\n|\n|t:|1700349730\n|move|p1a: Chilly dude|Dark Pulse|p2a: Iron boy\n|-damage|p2a: Iron boy|0 fnt\n|faint|p2a: Iron boy\n|-ability|p1a: Chilly dude|Battle Bond|boost\n|-boost|p1a: Chilly dude|atk|1\n|-boost|p1a: Chilly dude|spa|1\n|-boost|p1a: Chilly dude|spe|1\n|-activate|p1a: Chilly dude|ability: Battle Bond\n|\n|upkeep\n|\n|t:|1700349739\n|switch|p2a: Egg woman|Chansey, F|100\/100\n|turn|6\n|c|\u2606Kdisue|Crap\n|\n|t:|1700349748\n|move|p1a: Chilly dude|Dark Pulse|p2a: Egg woman\n|-damage|p2a: Egg woman|74\/100\n|move|p2a: Egg woman|Power-Up Punch|p1a: Chilly dude\n|-supereffective|p1a: Chilly dude\n|-damage|p1a: Chilly dude|2\/100\n|-boost|p2a: Egg woman|atk|1\n|\n|upkeep\n|turn|7\n|\n|t:|1700349757\n|move|p1a: Chilly dude|Extrasensory|p2a: Egg woman\n|-damage|p2a: Egg woman|58\/100\n|move|p2a: Egg woman|Soft-Boiled|p2a: Egg woman\n|-heal|p2a: Egg woman|100\/100\n|\n|upkeep\n|turn|8\n|\n|t:|1700349764\n|move|p1a: Chilly dude|Dark Pulse|p2a: Egg woman\n|-damage|p2a: Egg woman|76\/100\n|move|p2a: Egg woman|Power-Up Punch|p1a: Chilly dude\n|-supereffective|p1a: Chilly dude\n|-damage|p1a: Chilly dude|0 fnt\n|-boost|p2a: Egg woman|atk|1\n|faint|p1a: Chilly dude\n|\n|upkeep\n|\n|t:|1700349769\n|switch|p1a: Spikey tank|Ferrothorn, M|100\/100\n|turn|9\n|\n|t:|1700349780\n|move|p2a: Egg woman|Power-Up Punch|p1a: Spikey tank\n|-supereffective|p1a: Spikey tank\n|-crit|p1a: Spikey tank\n|-damage|p1a: Spikey tank|74\/100\n|-boost|p2a: Egg woman|atk|1\n|-damage|p2a: Egg woman|63\/100|[from] ability: Iron Barbs|[of] p1a: Spikey tank\n|-damage|p2a: Egg woman|47\/100|[from] item: Rocky Helmet|[of] p1a: Spikey tank\n|move|p1a: Spikey tank|Toxic|p2a: Egg woman\n|-status|p2a: Egg woman|tox\n|\n|-damage|p2a: Egg woman|40\/100 tox|[from] psn\n|upkeep\n|turn|10\n|\n|t:|1700349793\n|move|p2a: Egg woman|Soft-Boiled|p2a: Egg woman\n|-heal|p2a: Egg woman|90\/100 tox\n|move|p1a: Spikey tank|Spikes|p2a: Egg woman\n|-sidestart|p2: Kdisue|Spikes\n|\n|-damage|p2a: Egg woman|78\/100 tox|[from] psn\n|upkeep\n|turn|11\n|\n|t:|1700349803\n|move|p2a: Egg woman|Ice Punch|p1a: Spikey tank\n|-crit|p1a: Spikey tank\n|-damage|p1a: Spikey tank|42\/100\n|-damage|p2a: Egg woman|65\/100 tox|[from] ability: Iron Barbs|[of] p1a: Spikey tank\n|-damage|p2a: Egg woman|49\/100 tox|[from] item: Rocky Helmet|[of] p1a: Spikey tank\n|move|p1a: Spikey tank|Gyro Ball|p2a: Egg woman\n|-damage|p2a: Egg woman|1\/100 tox\n|\n|-damage|p2a: Egg woman|0 fnt|[from] psn\n|faint|p2a: Egg woman\n|upkeep\n|\n|t:|1700349815\n|switch|p2a: Ho-Oh|Ho-Oh|100\/100\n|turn|12\n|\n|t:|1700349821\n|move|p2a: Ho-Oh|Sacred Fire|p1a: Spikey tank\n|-supereffective|p1a: Spikey tank\n|-damage|p1a: Spikey tank|0 fnt\n|faint|p1a: Spikey tank\n|\n|upkeep\n|\n|t:|1700349825\n|switch|p1a: Lil Sniper|Kingdra, F|100\/100\n|turn|13\n|\n|t:|1700349830\n|move|p1a: Lil Sniper|Agility|p1a: Lil Sniper\n|-boost|p1a: Lil Sniper|spe|2\n|move|p2a: Ho-Oh|Brave Bird|p1a: Lil Sniper\n|-damage|p1a: Lil Sniper|41\/100\n|-damage|p2a: Ho-Oh|87\/100|[from] Recoil\n|\n|upkeep\n|turn|14\n|\n|t:|1700349839\n|move|p1a: Lil Sniper|Scald|p2a: Ho-Oh\n|-supereffective|p2a: Ho-Oh\n|-damage|p2a: Ho-Oh|67\/100\n|move|p2a: Ho-Oh|Brave Bird|p1a: Lil Sniper\n|-damage|p1a: Lil Sniper|0 fnt\n|faint|p1a: Lil Sniper\n|-damage|p2a: Ho-Oh|57\/100|[from] Recoil\n|\n|upkeep\n|\n|t:|1700349843\n|switch|p1a: Fear Feather|Hawlucha, M|100\/100\n|-ability|p1a: Fear Feather|Mold Breaker\n|turn|15\n|\n|t:|1700349853\n|move|p1a: Fear Feather|Swords Dance|p1a: Fear Feather\n|-boost|p1a: Fear Feather|atk|2\n|move|p2a: Ho-Oh|Brave Bird|p1a: Fear Feather\n|-supereffective|p1a: Fear Feather\n|-enditem|p1a: Fear Feather|Focus Sash\n|-damage|p1a: Fear Feather|1\/100\n|-damage|p2a: Ho-Oh|34\/100|[from] Recoil\n|\n|upkeep\n|turn|16\n|\n|t:|1700349863\n|move|p1a: Fear Feather|Acrobatics|p2a: Ho-Oh\n|-damage|p2a: Ho-Oh|0 fnt\n|faint|p2a: Ho-Oh\n|\n|upkeep\n|\n|t:|1700349869\n|switch|p2a: Lugia|Lugia|100\/100\n|turn|17\n|\n|t:|1700349875\n|move|p1a: Fear Feather|Acrobatics|p2a: Lugia\n|-damage|p2a: Lugia|40\/100\n|move|p2a: Lugia|Aeroblast|p1a: Fear Feather\n|-supereffective|p1a: Fear Feather\n|-damage|p1a: Fear Feather|0 fnt\n|faint|p1a: Fear Feather\n|-damage|p2a: Lugia|30\/100|[from] item: Life Orb\n|\n|upkeep\n|\n|t:|1700349877\n|switch|p1a: Questionable opt.|Gliscor, M|100\/100\n|turn|18\n|\n|t:|1700349889\n|move|p2a: Lugia|Psycho Boost|p1a: Questionable opt.\n|-damage|p1a: Questionable opt.|21\/100\n|-unboost|p2a: Lugia|spa|2\n|-damage|p2a: Lugia|20\/100|[from] item: Life Orb\n|move|p1a: Questionable opt.|Ice Fang|p2a: Lugia\n|-supereffective|p2a: Lugia\n|-damage|p2a: Lugia|0 fnt\n|faint|p2a: Lugia\n|\n|-status|p1a: Questionable opt.|tox|[from] item: Toxic Orb\n|upkeep\n|\n|t:|1700349912\n|switch|p2a: Sexy Red|Deoxys-Defense|100\/100\n|-damage|p2a: Sexy Red|88\/100|[from] Spikes\n|-ability|p2a: Sexy Red|Pressure\n|turn|19\n|\n|t:|1700349919\n|move|p1a: Questionable opt.|Swords Dance|p1a: Questionable opt.\n|-boost|p1a: Questionable opt.|atk|2\n|move|p2a: Sexy Red|Nasty Plot|p2a: Sexy Red\n|-boost|p2a: Sexy Red|spa|2\n|\n|-heal|p1a: Questionable opt.|34\/100 tox|[from] ability: Poison Heal\n|upkeep\n|turn|20\n|\n|t:|1700349929\n|-terastallize|p2a: Sexy Red|Psychic\n|move|p1a: Questionable opt.|Earthquake|p2a: Sexy Red\n|-damage|p2a: Sexy Red|12\/100\n|move|p2a: Sexy Red|Psycho Boost|p1a: Questionable opt.\n|-crit|p1a: Questionable opt.\n|-damage|p1a: Questionable opt.|0 fnt\n|-unboost|p2a: Sexy Red|spa|2\n|faint|p1a: Questionable opt.\n|-damage|p2a: Sexy Red|2\/100|[from] item: Life Orb\n|\n|win|Kdisue\n|raw|QueenLilith&lt;3's rating: 1057 &rarr; <strong>1041<\/strong><br \/>(-16 for losing)\n|raw|Kdisue's rating: 1097 &rarr; <strong>1120<\/strong><br \/>(+23 for winning)\n|l|\u2606QueenLilith<3\n","uploadtime":1700349944,"views":9,"p1id":"queenlilith3","p2id":"kdisue","formatid":"gen9nationaldexubers","rating":1041,"private":0,"password":""}