{"id":"gen9nationaldexubers-1980475479","p1":"VerduOsane","p2":"Jesus jostar","format":"[Gen 9] National Dex Ubers","log":"|j|\u2606VerduOsane\n|j|\u2606Jesus jostar\n|t:|1698788465\n|gametype|singles\n|player|p1|VerduOsane|1|1210\n|player|p2|Jesus jostar|cynthia|1172\n|teamsize|p1|6\n|teamsize|p2|6\n|gen|9\n|tier|[Gen 9] National Dex Ubers\n|rated|\n|rule|HP Percentage Mod: HP is shown in percentages\n|rule|Endless Battle Clause: Forcing endless battles is banned\n|rule|OHKO Clause: OHKO moves are banned\n|rule|Evasion Moves Clause: Evasion moves are banned\n|rule|Evasion Items Clause: Evasion items are banned\n|rule|Species Clause: Limit one of each Pok\u00e9mon\n|rule|Sleep Clause Mod: Limit one foe put to sleep\n|rule|Mega Rayquaza Clause: You cannot mega evolve Rayquaza\n|clearpoke\n|poke|p1|Masquerain, F|\n|poke|p1|Meowscarada, F|\n|poke|p1|Iron Moth|\n|poke|p1|Hoopa|\n|poke|p1|Gliscor, M|\n|poke|p1|Kommo-o, M|\n|poke|p2|Gliscor, M|\n|poke|p2|Garganacl, M|\n|poke|p2|Kingambit, F|\n|poke|p2|Klefki, M|\n|poke|p2|Magearna|\n|poke|p2|Necrozma-Dusk-Mane|\n|teampreview\n|l|\u2606Jesus jostar\n|player|p2|\n|inactive|Battle timer is ON: inactive players will automatically lose when time's up. (requested by VerduOsane)\n|j|\u2606Jesus jostar\n|inactive|Jesus jostar reconnected and has 145 seconds left.\n|player|p2|Jesus jostar|cynthia\n|\n|t:|1698788498\n|start\n|switch|p1a: Meowscarada|Meowscarada, F|100\/100\n|switch|p2a: Mr president|Klefki, M|100\/100\n|turn|1\n|\n|t:|1698788506\n|move|p2a: Mr president|Reflect|p2a: Mr president\n|-sidestart|p2: Jesus jostar|Reflect\n|move|p1a: Meowscarada|Knock Off|p2a: Mr president\n|-start|p1a: Meowscarada|typechange|Dark|[from] ability: Protean\n|-resisted|p2a: Mr president\n|-damage|p2a: Mr president|92\/100\n|-enditem|p2a: Mr president|Choice Scarf|[from] move: Knock Off|[of] p1a: Meowscarada\n|\n|upkeep\n|turn|2\n|inactive|VerduOsane has 120 seconds left.\n|\n|t:|1698788549\n|switch|p1a: Masquerain|Masquerain, F|100\/100\n|-ability|p1a: Masquerain|Intimidate|boost\n|-unboost|p2a: Mr president|atk|1\n|switch|p2a: Purple haze|Gliscor, M|100\/100\n|\n|-status|p2a: Purple haze|tox|[from] item: Toxic Orb\n|upkeep\n|turn|3\n|\n|t:|1698788567\n|switch|p1a: Gliscor|Gliscor, M|100\/100\n|move|p2a: Purple haze|Swords Dance|p2a: Purple haze\n|-boost|p2a: Purple haze|atk|2\n|\n|-status|p1a: Gliscor|tox|[from] item: Toxic Orb\n|upkeep\n|turn|4\n|\n|t:|1698788587\n|move|p1a: Gliscor|Stealth Rock|p2a: Purple haze\n|-sidestart|p2: Jesus jostar|move: Stealth Rock\n|move|p2a: Purple haze|Swords Dance|p2a: Purple haze\n|-boost|p2a: Purple haze|atk|2\n|\n|upkeep\n|turn|5\n|\n|t:|1698788600\n|move|p2a: Purple haze|Facade|p1a: Gliscor\n|-damage|p1a: Gliscor|39\/100 tox\n|move|p1a: Gliscor|Spikes|p2a: Purple haze\n|-sidestart|p2: Jesus jostar|Spikes\n|\n|-heal|p1a: Gliscor|52\/100 tox|[from] ability: Poison Heal\n|-sideend|p2: Jesus jostar|Reflect\n|upkeep\n|turn|6\n|\n|t:|1698788608\n|move|p1a: Gliscor|Spikes|p2a: Purple haze\n|-sidestart|p2: Jesus jostar|Spikes\n|move|p2a: Purple haze|Facade|p1a: Gliscor\n|-damage|p1a: Gliscor|0 fnt\n|faint|p1a: Gliscor\n|\n|upkeep\n|\n|t:|1698788636\n|switch|p1a: Hoopa|Hoopa|100\/100\n|turn|7\n|\n|t:|1698788643\n|move|p2a: Purple haze|Earthquake|p1a: Hoopa\n|-damage|p1a: Hoopa|3\/100\n|move|p1a: Hoopa|Foul Play|p2a: Purple haze\n|-damage|p2a: Purple haze|61\/100 tox\n|\n|-heal|p2a: Purple haze|74\/100 tox|[from] ability: Poison Heal\n|upkeep\n|turn|8\n|\n|t:|1698788654\n|move|p2a: Purple haze|Facade|p1a: Hoopa\n|-immune|p1a: Hoopa\n|move|p1a: Hoopa|Foul Play|p2a: Purple haze\n|-damage|p2a: Purple haze|35\/100 tox\n|\n|-heal|p2a: Purple haze|47\/100 tox|[from] ability: Poison Heal\n|upkeep\n|turn|9\n|\n|t:|1698788661\n|move|p2a: Purple haze|Earthquake|p1a: Hoopa\n|-damage|p1a: Hoopa|0 fnt\n|faint|p1a: Hoopa\n|\n|-heal|p2a: Purple haze|60\/100 tox|[from] ability: Poison Heal\n|upkeep\n|\n|t:|1698788664\n|switch|p1a: Meowscarada|Meowscarada, F|100\/100\n|turn|10\n|inactive|VerduOsane has 120 seconds left.\n|\n|t:|1698788681\n|move|p1a: Meowscarada|Flower Trick|p2a: Purple haze\n|-start|p1a: Meowscarada|typechange|Grass|[from] ability: Protean\n|-crit|p2a: Purple haze\n|-damage|p2a: Purple haze|31\/100 tox\n|move|p2a: Purple haze|Facade|p1a: Meowscarada\n|-enditem|p1a: Meowscarada|Focus Sash\n|-damage|p1a: Meowscarada|1\/100\n|\n|-heal|p2a: Purple haze|43\/100 tox|[from] ability: Poison Heal\n|upkeep\n|turn|11\n|\n|t:|1698788692\n|move|p1a: Meowscarada|Flower Trick|p2a: Purple haze\n|-crit|p2a: Purple haze\n|-damage|p2a: Purple haze|16\/100 tox\n|move|p2a: Purple haze|Roost|p2a: Purple haze\n|-heal|p2a: Purple haze|66\/100 tox\n|-singleturn|p2a: Purple haze|move: Roost\n|\n|-heal|p2a: Purple haze|78\/100 tox|[from] ability: Poison Heal\n|upkeep\n|turn|12\n|inactive|VerduOsane has 120 seconds left.\n|\n|t:|1698788701\n|move|p1a: Meowscarada|Acrobatics|p2a: Purple haze\n|-damage|p2a: Purple haze|59\/100 tox\n|move|p2a: Purple haze|Facade|p1a: Meowscarada\n|-damage|p1a: Meowscarada|0 fnt\n|faint|p1a: Meowscarada\n|\n|-heal|p2a: Purple haze|72\/100 tox|[from] ability: Poison Heal\n|upkeep\n|inactive|VerduOsane has 120 seconds left.\n|\n|t:|1698788707\n|switch|p1a: Iron Moth|Iron Moth|100\/100\n|-enditem|p1a: Iron Moth|Booster Energy\n|-activate|p1a: Iron Moth|ability: Quark Drive|[fromitem]\n|-start|p1a: Iron Moth|quarkdrivespe\n|turn|13\n|inactive|VerduOsane has 120 seconds left.\n|\n|t:|1698788731\n|-terastallize|p1a: Iron Moth|Grass\n|move|p1a: Iron Moth|Energy Ball|p2a: Purple haze\n|-damage|p2a: Purple haze|21\/100 tox\n|-unboost|p2a: Purple haze|spd|1\n|move|p2a: Purple haze|Earthquake|p1a: Iron Moth\n|-resisted|p1a: Iron Moth\n|-damage|p1a: Iron Moth|35\/100\n|\n|-heal|p2a: Purple haze|34\/100 tox|[from] ability: Poison Heal\n|upkeep\n|turn|14\n|\n|t:|1698788742\n|move|p1a: Iron Moth|Energy Ball|p2a: Purple haze\n|-damage|p2a: Purple haze|0 fnt\n|faint|p2a: Purple haze\n|\n|upkeep\n|\n|t:|1698788749\n|switch|p2a: Mr president|Klefki, M|92\/100\n|-damage|p2a: Mr president|86\/100|[from] Stealth Rock\n|-damage|p2a: Mr president|69\/100|[from] Spikes\n|turn|15\n|inactive|VerduOsane has 120 seconds left.\n|\n|t:|1698788761\n|move|p2a: Mr president|Light Screen|p2a: Mr president\n|-sidestart|p2: Jesus jostar|move: Light Screen\n|move|p1a: Iron Moth|Fiery Dance|p2a: Mr president\n|-supereffective|p2a: Mr president\n|-damage|p2a: Mr president|23\/100\n|\n|upkeep\n|turn|16\n|\n|t:|1698788762\n|move|p2a: Mr president|Defog|p1a: Iron Moth\n|-unboost|p1a: Iron Moth|evasion|1\n|-sideend|p2: Jesus jostar|Spikes|[from] move: Defog|[of] p2a: Mr president\n|-sideend|p2: Jesus jostar|Stealth Rock|[from] move: Defog|[of] p2a: Mr president\n|move|p1a: Iron Moth|Fiery Dance|p2a: Mr president\n|-supereffective|p2a: Mr president\n|-damage|p2a: Mr president|0 fnt\n|-boost|p1a: Iron Moth|spa|1\n|faint|p2a: Mr president\n|\n|upkeep\n|\n|t:|1698788774\n|switch|p2a: Foo fighters|Magearna|100\/100\n|turn|17\n|\n|t:|1698788798\n|move|p1a: Iron Moth|Fiery Dance|p2a: Foo fighters\n|-supereffective|p2a: Foo fighters\n|-damage|p2a: Foo fighters|51\/100\n|-boost|p1a: Iron Moth|spa|1\n|-enditem|p2a: Foo fighters|Weakness Policy\n|-boost|p2a: Foo fighters|atk|2|[from] item: Weakness Policy\n|-boost|p2a: Foo fighters|spa|2|[from] item: Weakness Policy\n|move|p2a: Foo fighters|Calm Mind|p2a: Foo fighters\n|-boost|p2a: Foo fighters|spa|1\n|-boost|p2a: Foo fighters|spd|1\n|\n|upkeep\n|turn|18\n|\n|t:|1698788804\n|move|p1a: Iron Moth|Fiery Dance|p2a: Foo fighters\n|-supereffective|p2a: Foo fighters\n|-damage|p2a: Foo fighters|7\/100\n|move|p2a: Foo fighters|Shift Gear|p2a: Foo fighters\n|-boost|p2a: Foo fighters|spe|2\n|-boost|p2a: Foo fighters|atk|1\n|\n|upkeep\n|turn|19\n|\n|t:|1698788812\n|move|p1a: Iron Moth|Fiery Dance|p2a: Foo fighters\n|-supereffective|p2a: Foo fighters\n|-damage|p2a: Foo fighters|0 fnt\n|-boost|p1a: Iron Moth|spa|1\n|faint|p2a: Foo fighters\n|\n|-sideend|p2: Jesus jostar|move: Light Screen\n|upkeep\n|\n|t:|1698788816\n|switch|p2a: Made in Heaven|Necrozma-Dusk-Mane, shiny|100\/100\n|turn|20\n|\n|t:|1698788822\n|move|p1a: Iron Moth|Fiery Dance|p2a: Made in Heaven\n|-supereffective|p2a: Made in Heaven\n|-damage|p2a: Made in Heaven|0 fnt\n|-boost|p1a: Iron Moth|spa|1\n|faint|p2a: Made in Heaven\n|\n|upkeep\n|\n|t:|1698788827\n|switch|p2a: Wonder of U|Garganacl, M|100\/100\n|turn|21\n|\n|t:|1698788831\n|move|p1a: Iron Moth|Energy Ball|p2a: Wonder of U\n|-supereffective|p2a: Wonder of U\n|-damage|p2a: Wonder of U|0 fnt\n|faint|p2a: Wonder of U\n|\n|upkeep\n|\n|t:|1698788835\n|switch|p2a: Metallica|Kingambit, F|100\/100\n|-activate|p2a: Metallica|ability: Supreme Overlord\n|-start|p2a: Metallica|fallen5|[silent]\n|-item|p2a: Metallica|Air Balloon\n|turn|22\n|\n|t:|1698788843\n|move|p2a: Metallica|Sucker Punch|p1a: Iron Moth\n|-damage|p1a: Iron Moth|0 fnt\n|faint|p1a: Iron Moth\n|-end|p1a: Iron Moth|Quark Drive|[silent]\n|\n|upkeep\n|\n|t:|1698788846\n|switch|p1a: Kommo-o|Kommo-o, M|100\/100\n|turn|23\n|\n|t:|1698788853\n|switch|p1a: Masquerain|Masquerain, F|100\/100\n|-ability|p1a: Masquerain|Intimidate|boost\n|-unboost|p2a: Metallica|atk|1\n|-terastallize|p2a: Metallica|Flying\n|move|p2a: Metallica|Swords Dance|p2a: Metallica\n|-boost|p2a: Metallica|atk|2\n|\n|upkeep\n|turn|24\n|\n|t:|1698788861\n|move|p1a: Masquerain|Foul Play|p2a: Metallica\n|-damage|p2a: Metallica|56\/100\n|-enditem|p2a: Metallica|Air Balloon\n|move|p2a: Metallica|Iron Head|p1a: Masquerain\n|-enditem|p1a: Masquerain|Focus Sash\n|-damage|p1a: Masquerain|1\/100\n|\n|upkeep\n|turn|25\n|\n|t:|1698788868\n|move|p2a: Metallica|Sucker Punch||[still]\n|-fail|p2a: Metallica\n|move|p1a: Masquerain|Quiver Dance|p1a: Masquerain\n|-boost|p1a: Masquerain|spa|1\n|-boost|p1a: Masquerain|spd|1\n|-boost|p1a: Masquerain|spe|1\n|\n|upkeep\n|turn|26\n|\n|t:|1698788873\n|move|p2a: Metallica|Sucker Punch||[still]\n|-fail|p2a: Metallica\n|move|p1a: Masquerain|Quiver Dance|p1a: Masquerain\n|-boost|p1a: Masquerain|spa|1\n|-boost|p1a: Masquerain|spd|1\n|-boost|p1a: Masquerain|spe|1\n|\n|upkeep\n|turn|27\n|\n|t:|1698788877\n|move|p1a: Masquerain|Foul Play|p2a: Metallica\n|-damage|p2a: Metallica|8\/100\n|move|p2a: Metallica|Iron Head|p1a: Masquerain\n|-damage|p1a: Masquerain|0 fnt\n|faint|p1a: Masquerain\n|\n|upkeep\n|\n|t:|1698788880\n|switch|p1a: Kommo-o|Kommo-o, M|100\/100\n|turn|28\n|\n|t:|1698788886\n|move|p2a: Metallica|Sucker Punch|p1a: Kommo-o\n|-resisted|p1a: Kommo-o\n|-damage|p1a: Kommo-o|57\/100\n|move|p1a: Kommo-o|Boomburst|p2a: Metallica\n|-damage|p2a: Metallica|0 fnt\n|faint|p2a: Metallica\n|-end|p2a: Metallica|fallen5|[silent]\n|-enditem|p1a: Kommo-o|Throat Spray\n|\n|win|VerduOsane\n|raw|VerduOsane's rating: 1210 &rarr; <strong>1232<\/strong><br \/>(+22 for winning)\n|raw|Jesus jostar's rating: 1172 &rarr; <strong>1150<\/strong><br \/>(-22 for losing)\n|l|\u2606Jesus jostar\n","uploadtime":1698788910,"views":9,"p1id":"verduosane","p2id":"jesusjostar","formatid":"gen9nationaldexubers","rating":1150,"private":0,"password":""}