{"id":"gen9nationaldexubers-1998728317","p1":"ndou\u6389\u5206\u84dd\u67d0\u4fa0996","p2":"Ash 26th","format":"[Gen 9] National Dex Ubers","log":"|j|\u2606ndou\u6389\u5206\u84dd\u67d0\u4fa0996\n|j|\u2606Ash 26th\n|t:|1700978942\n|gametype|singles\n|player|p1|ndou\u6389\u5206\u84dd\u67d0\u4fa0996|hilbert|\n|player|p2|Ash 26th|marley|\n|teamsize|p1|6\n|teamsize|p2|6\n|gen|9\n|tier|[Gen 9] National Dex Ubers\n|rule|HP Percentage Mod: HP is shown in percentages\n|rule|Endless Battle Clause: Forcing endless battles is banned\n|rule|OHKO Clause: OHKO moves are banned\n|rule|Evasion Moves Clause: Evasion moves are banned\n|rule|Evasion Items Clause: Evasion items are banned\n|rule|Species Clause: Limit one of each Pok\u00e9mon\n|rule|Sleep Clause Mod: Limit one foe put to sleep\n|rule|Mega Rayquaza Clause: You cannot mega evolve Rayquaza\n|clearpoke\n|poke|p1|Dondozo, M|\n|poke|p1|Clodsire, M|\n|poke|p1|Skeledirge, F|\n|poke|p1|Dragonite, M|\n|poke|p1|Yveltal|\n|poke|p1|Palafin, M|\n|poke|p2|Darmanitan-Galar, M|\n|poke|p2|Urshifu-*, F|\n|poke|p2|Diancie|\n|poke|p2|Samurott-Hisui, F|\n|poke|p2|Ogerpon-Cornerstone, F|\n|poke|p2|Iron Valiant|\n|teampreview\n|inactive|Battle timer is ON: inactive players will automatically lose when time's up. (requested by Ash 26th)\n|\n|t:|1700978946\n|start\n|switch|p1a: \u58ee\u58ee\u5988|Skeledirge, F|100\/100\n|switch|p2a: Samurott|Samurott-Hisui, F, shiny|100\/100\n|turn|1\n|\n|t:|1700978950\n|-terastallize|p1a: \u58ee\u58ee\u5988|Fairy\n|move|p2a: Samurott|Ceaseless Edge|p1a: \u58ee\u58ee\u5988\n|-resisted|p1a: \u58ee\u58ee\u5988\n|-damage|p1a: \u58ee\u58ee\u5988|88\/100\n|-sidestart|p1: ndou\u6389\u5206\u84dd\u67d0\u4fa0996|Spikes\n|move|p1a: \u58ee\u58ee\u5988|Will-O-Wisp|p2a: Samurott\n|-status|p2a: Samurott|brn\n|\n|-damage|p2a: Samurott|94\/100 brn|[from] brn\n|upkeep\n|turn|2\n|\n|t:|1700978962\n|switch|p1a: \u6211\u8981\u5403\u996d|Yveltal|100\/100\n|-ability|p1a: \u6211\u8981\u5403\u996d|Dark Aura\n|move|p2a: Samurott|Encore||[still]\n|-fail|p2a: Samurott\n|\n|-damage|p2a: Samurott|88\/100 brn|[from] brn\n|upkeep\n|turn|3\n|\n|t:|1700978968\n|switch|p2a: Diancie|Diancie|100\/100\n|move|p1a: \u6211\u8981\u5403\u996d|Dual Wingbeat|p2a: Diancie\n|-resisted|p2a: Diancie\n|-damage|p2a: Diancie|88\/100\n|-resisted|p2a: Diancie\n|-damage|p2a: Diancie|75\/100\n|-hitcount|p2a: Diancie|2\n|\n|upkeep\n|turn|4\n|\n|t:|1700978980\n|switch|p1a: \u7259?|Clodsire, M|100\/100\n|-damage|p1a: \u7259?|88\/100|[from] Spikes\n|detailschange|p2a: Diancie|Diancie-Mega\n|-mega|p2a: Diancie|Diancie|Diancite\n|move|p2a: Diancie|Moonblast|p1a: \u7259?\n|-resisted|p1a: \u7259?\n|-damage|p1a: \u7259?|74\/100\n|-unboost|p1a: \u7259?|spa|1\n|\n|-heal|p1a: \u7259?|80\/100|[from] item: Leftovers\n|upkeep\n|turn|5\n|\n|t:|1700978992\n|switch|p2a: Urshifu|Urshifu, F|100\/100\n|move|p1a: \u7259?|Earthquake|p2a: Urshifu\n|-damage|p2a: Urshifu|74\/100\n|\n|-heal|p1a: \u7259?|86\/100|[from] item: Leftovers\n|upkeep\n|turn|6\n|\n|t:|1700979004\n|switch|p1a: \u58ee\u58ee\u5988|Skeledirge, F, tera:Fairy|88\/100\n|move|p2a: Urshifu|Iron Head|p1a: \u58ee\u58ee\u5988\n|-supereffective|p1a: \u58ee\u58ee\u5988\n|-damage|p1a: \u58ee\u58ee\u5988|38\/100\n|\n|upkeep\n|turn|7\n|\n|t:|1700979012\n|switch|p2a: Diancie|Diancie-Mega|75\/100\n|switch|p1a: \u6211\u7684\u795e|Palafin, M|100\/100\n|-damage|p1a: \u6211\u7684\u795e|88\/100|[from] Spikes\n|\n|upkeep\n|turn|8\n|\n|t:|1700979019\n|switch|p2a: Samurott|Samurott-Hisui, F, shiny|88\/100 brn\n|move|p1a: \u6211\u7684\u795e|Flip Turn|p2a: Samurott\n|-resisted|p2a: Samurott\n|-damage|p2a: Samurott|68\/100 brn\n|\n|t:|1700979022\n|detailschange|p1a: \u6211\u7684\u795e|Palafin-Hero, M\n|switch|p1a: \u58ee\u58ee\u5988|Skeledirge, F, tera:Fairy|38\/100|[from] Flip Turn\n|\n|-damage|p2a: Samurott|62\/100 brn|[from] brn\n|upkeep\n|turn|9\n|\n|t:|1700979027\n|move|p2a: Samurott|Aqua Cutter|p1a: \u58ee\u58ee\u5988\n|-damage|p1a: \u58ee\u58ee\u5988|24\/100\n|move|p1a: \u58ee\u58ee\u5988|Slack Off|p1a: \u58ee\u58ee\u5988\n|-heal|p1a: \u58ee\u58ee\u5988|74\/100\n|\n|-damage|p2a: Samurott|56\/100 brn|[from] brn\n|upkeep\n|turn|10\n|\n|t:|1700979043\n|switch|p1a: \u80a5\u5927\u597d\u62f3|Dragonite, M|100\/100\n|move|p2a: Samurott|Ceaseless Edge|p1a: \u80a5\u5927\u597d\u62f3\n|-damage|p1a: \u80a5\u5927\u597d\u62f3|92\/100\n|-sidestart|p1: ndou\u6389\u5206\u84dd\u67d0\u4fa0996|Spikes\n|\n|-damage|p2a: Samurott|49\/100 brn|[from] brn\n|upkeep\n|turn|11\n|\n|t:|1700979051\n|switch|p2a: Diancie|Diancie-Mega|75\/100\n|move|p1a: \u80a5\u5927\u597d\u62f3|Thunder Wave|p2a: Diancie\n|move|p2a: Diancie|Thunder Wave|p1a: \u80a5\u5927\u597d\u62f3|[from]ability: Magic Bounce\n|-status|p1a: \u80a5\u5927\u597d\u62f3|par\n|\n|upkeep\n|turn|12\n|\n|t:|1700979058\n|switch|p1a: \u7259?|Clodsire, M|86\/100\n|-damage|p1a: \u7259?|70\/100|[from] Spikes\n|move|p2a: Diancie|Earth Power|p1a: \u7259?\n|-supereffective|p1a: \u7259?\n|-damage|p1a: \u7259?|29\/100\n|\n|-heal|p1a: \u7259?|35\/100|[from] item: Leftovers\n|upkeep\n|turn|13\n|\n|t:|1700979066\n|move|p2a: Diancie|Stealth Rock|p1a: \u7259?\n|-sidestart|p1: ndou\u6389\u5206\u84dd\u67d0\u4fa0996|move: Stealth Rock\n|move|p1a: \u7259?|Recover|p1a: \u7259?\n|-heal|p1a: \u7259?|85\/100\n|\n|-heal|p1a: \u7259?|91\/100|[from] item: Leftovers\n|upkeep\n|turn|14\n|\n|t:|1700979073\n|switch|p2a: Iron Valiant|Iron Valiant|100\/100\n|-enditem|p2a: Iron Valiant|Booster Energy\n|-activate|p2a: Iron Valiant|ability: Quark Drive|[fromitem]\n|-start|p2a: Iron Valiant|quarkdrivespa\n|switch|p1a: \u58ee\u58ee\u5988|Skeledirge, F, tera:Fairy|74\/100\n|\n|upkeep\n|turn|15\n|\n|t:|1700979085\n|switch|p1a: \u4e11\u9738\u4e0d\u6b7b|Dondozo, M|100\/100\n|-damage|p1a: \u4e11\u9738\u4e0d\u6b7b|84\/100|[from] Spikes\n|-damage|p1a: \u4e11\u9738\u4e0d\u6b7b|71\/100|[from] Stealth Rock\n|move|p2a: Iron Valiant|Moonblast|p1a: \u4e11\u9738\u4e0d\u6b7b\n|-damage|p1a: \u4e11\u9738\u4e0d\u6b7b|6\/100\n|\n|upkeep\n|turn|16\n|\n|t:|1700979093\n|move|p2a: Iron Valiant|Moonblast|p1a: \u4e11\u9738\u4e0d\u6b7b\n|-damage|p1a: \u4e11\u9738\u4e0d\u6b7b|0 fnt\n|faint|p1a: \u4e11\u9738\u4e0d\u6b7b\n|\n|upkeep\n|\n|t:|1700979096\n|switch|p1a: \u6211\u7684\u795e|Palafin-Hero, M|88\/100\n|-damage|p1a: \u6211\u7684\u795e|72\/100|[from] Spikes\n|-damage|p1a: \u6211\u7684\u795e|59\/100|[from] Stealth Rock\n|-activate|p1a: \u6211\u7684\u795e|ability: Zero to Hero\n|turn|17\n|\n|t:|1700979098\n|move|p1a: \u6211\u7684\u795e|Jet Punch|p2a: Iron Valiant\n|-damage|p2a: Iron Valiant|33\/100\n|move|p2a: Iron Valiant|Moonblast|p1a: \u6211\u7684\u795e\n|-damage|p1a: \u6211\u7684\u795e|0 fnt\n|faint|p1a: \u6211\u7684\u795e\n|\n|upkeep\n|\n|t:|1700979106\n|switch|p1a: \u80a5\u5927\u597d\u62f3|Dragonite, M|92\/100 par\n|turn|18\n|\n|t:|1700979109\n|move|p2a: Iron Valiant|Moonblast|p1a: \u80a5\u5927\u597d\u62f3\n|-supereffective|p1a: \u80a5\u5927\u597d\u62f3\n|-damage|p1a: \u80a5\u5927\u597d\u62f3|0 fnt\n|faint|p1a: \u80a5\u5927\u597d\u62f3\n|\n|upkeep\n|-message|ndou\u6389\u5206\u84dd\u67d0\u4fa0996 forfeited.\n|\n|win|Ash 26th\n|l|\u2606ndou\u6389\u5206\u84dd\u67d0\u4fa0996\n","uploadtime":1700979120,"views":6,"p1id":"ndou996","p2id":"ash26th","formatid":"gen9nationaldexubers","rating":0,"private":0,"password":""}