{"id":"gen9nationaldexubers-2000645135","p1":"tiolocodj","p2":"ToastTheDragon777","format":"[Gen 9] National Dex Ubers","log":"|j|\u2606tiolocodj\n|j|\u2606ToastTheDragon777\n|inactive|Battle timer is ON: inactive players will automatically lose when time's up.\n|t:|1701213983\n|gametype|singles\n|player|p1|tiolocodj|tabitha-gen3|\n|player|p2|ToastTheDragon777|benga|\n|teamsize|p1|6\n|teamsize|p2|6\n|gen|9\n|tier|[Gen 9] National Dex Ubers\n|rated|Tournament battle\n|rule|HP Percentage Mod: HP is shown in percentages\n|rule|Endless Battle Clause: Forcing endless battles is banned\n|rule|OHKO Clause: OHKO moves are banned\n|rule|Evasion Moves Clause: Evasion moves are banned\n|rule|Evasion Items Clause: Evasion items are banned\n|rule|Species Clause: Limit one of each Pok\u00e9mon\n|rule|Sleep Clause Mod: Limit one foe put to sleep\n|rule|Mega Rayquaza Clause: You cannot mega evolve Rayquaza\n|rule|Dynamax Clause: You cannot dynamax\n|rule|Terastal Clause: You cannot Terastallize\n|rule|Same Type Clause: Pok\u00e9mon in a team must share a type\n|clearpoke\n|poke|p1|Garchomp, M|\n|poke|p1|Nidoking, M|\n|poke|p1|Gastrodon, M|\n|poke|p1|Krookodile, M|\n|poke|p1|Great Tusk|\n|poke|p1|Excadrill, M|\n|poke|p2|Sneasler, F|\n|poke|p2|Blaziken, F|\n|poke|p2|Great Tusk|\n|poke|p2|Iron Valiant|\n|poke|p2|Kommo-o, M|\n|poke|p2|Zamazenta-*|\n|teampreview\n|inactive|ToastTheDragon777 also wants the timer to be on.\n|inactive|tiolocodj also wants the timer to be on.\n|j|+Hyjinks\n|\n|t:|1701213997\n|start\n|switch|p1a: Last time addition|Gastrodon, M|100\/100\n|switch|p2a: Iron Valiant|Iron Valiant|100\/100\n|-enditem|p2a: Iron Valiant|Booster Energy\n|-activate|p2a: Iron Valiant|ability: Quark Drive|[fromitem]\n|-start|p2a: Iron Valiant|quarkdrivespe\n|turn|1\n|\n|t:|1701214005\n|move|p2a: Iron Valiant|Moonblast|p1a: Last time addition\n|-damage|p1a: Last time addition|58\/100\n|move|p1a: Last time addition|Scald|p2a: Iron Valiant\n|-damage|p2a: Iron Valiant|41\/100\n|\n|-heal|p1a: Last time addition|64\/100|[from] item: Leftovers\n|upkeep\n|turn|2\n|\n|t:|1701214014\n|move|p2a: Iron Valiant|Moonblast|p1a: Last time addition\n|-damage|p1a: Last time addition|22\/100\n|-unboost|p1a: Last time addition|spa|1\n|move|p1a: Last time addition|Scald|p2a: Iron Valiant\n|-damage|p2a: Iron Valiant|0 fnt\n|faint|p2a: Iron Valiant\n|-end|p2a: Iron Valiant|Quark Drive|[silent]\n|\n|-heal|p1a: Last time addition|28\/100|[from] item: Leftovers\n|upkeep\n|\n|t:|1701214026\n|switch|p2a: Kommo-o|Kommo-o, M|100\/100\n|turn|3\n|\n|t:|1701214036\n|-zpower|p2a: Kommo-o\n|move|p2a: Kommo-o|Clangorous Soulblaze|p1a: Last time addition|[zeffect]\n|-damage|p1a: Last time addition|0 fnt\n|faint|p1a: Last time addition\n|-boost|p2a: Kommo-o|atk|1\n|-boost|p2a: Kommo-o|def|1\n|-boost|p2a: Kommo-o|spa|1\n|-boost|p2a: Kommo-o|spd|1\n|-boost|p2a: Kommo-o|spe|1\n|\n|upkeep\n|\n|t:|1701214049\n|switch|p1a: Mamut sin pelo|Great Tusk|100\/100\n|turn|4\n|\n|t:|1701214063\n|move|p2a: Kommo-o|Clanging Scales|p1a: Mamut sin pelo\n|-damage|p1a: Mamut sin pelo|0 fnt\n|faint|p1a: Mamut sin pelo\n|-end|p1a: Mamut sin pelo|Protosynthesis|[silent]\n|-unboost|p2a: Kommo-o|def|1\n|\n|upkeep\n|\n|t:|1701214074\n|switch|p1a: nerfminer|Excadrill, M|100\/100\n|-ability|p1a: nerfminer|Mold Breaker\n|turn|5\n|\n|t:|1701214083\n|move|p2a: Kommo-o|Aura Sphere|p1a: nerfminer\n|-supereffective|p1a: nerfminer\n|-damage|p1a: nerfminer|0 fnt\n|faint|p1a: nerfminer\n|\n|upkeep\n|\n|t:|1701214097\n|switch|p1a: big boi|Garchomp, M, shiny|100\/100\n|turn|6\n|\n|t:|1701214100\n|move|p2a: Kommo-o|Clanging Scales|p1a: big boi\n|-supereffective|p1a: big boi\n|-damage|p1a: big boi|0 fnt\n|faint|p1a: big boi\n|-unboost|p2a: Kommo-o|def|1\n|\n|upkeep\n|\n|t:|1701214103\n|switch|p1a: Facha|Krookodile, M|100\/100\n|turn|7\n|\n|t:|1701214104\n|move|p1a: Facha|Outrage|p2a: Kommo-o\n|-supereffective|p2a: Kommo-o\n|-damage|p2a: Kommo-o|0 fnt\n|faint|p2a: Kommo-o\n|-ability|p1a: Facha|Moxie|boost\n|-boost|p1a: Facha|atk|1\n|\n|upkeep\n|\n|t:|1701214109\n|switch|p2a: Zamazenta|Zamazenta-Crowned|100\/100\n|-ability|p2a: Zamazenta|Dauntless Shield|boost\n|-boost|p2a: Zamazenta|def|1\n|turn|8\n|\n|t:|1701214111\n|move|p1a: Facha|Outrage|p2a: Zamazenta|[from]lockedmove\n|-resisted|p2a: Zamazenta\n|-damage|p2a: Zamazenta|91\/100\n|-start|p1a: Facha|confusion|[fatigue]\n|move|p2a: Zamazenta|Body Press|p1a: Facha\n|-supereffective|p1a: Facha\n|-damage|p1a: Facha|0 fnt\n|faint|p1a: Facha\n|\n|upkeep\n|\n|t:|1701214114\n|switch|p1a: El Machista|Nidoking, M|100\/100\n|turn|9\n|l|+Hyjinks\n|c|\u2606tiolocodj|GGWP\n|c|\u2606ToastTheDragon777|gg\n|\n|t:|1701214127\n|move|p2a: Zamazenta|Body Press|p1a: El Machista\n|-resisted|p1a: El Machista\n|-damage|p1a: El Machista|52\/100\n|move|p1a: El Machista|Earth Power|p2a: Zamazenta\n|-supereffective|p2a: Zamazenta\n|-damage|p2a: Zamazenta|4\/100\n|\n|upkeep\n|turn|10\n|c|\u2606tiolocodj|I hope you have a nice day :)\n|\n|t:|1701214136\n|move|p2a: Zamazenta|Body Press|p1a: El Machista\n|-resisted|p1a: El Machista\n|-damage|p1a: El Machista|0 fnt\n|faint|p1a: El Machista\n|\n|win|ToastTheDragon777\n|n|\u2606tiolocodj|tiolocodj\n|n|\u2606ToastTheDragon777|toastthedragon777\n","uploadtime":1701214137,"views":0,"p1id":"tiolocodj","p2id":"toastthedragon777","formatid":"gen9nationaldexubers","rating":0,"private":0,"password":""}