{"id":"gen9nationaldexubers-1980797646","p1":"Furrrz","p2":"Marcio Fox666","format":"[Gen 9] National Dex Ubers","log":"|j|\u2606Furrrz\n|j|\u2606Marcio Fox666\n|t:|1698834861\n|gametype|singles\n|player|p1|Furrrz|2|1060\n|player|p2|Marcio Fox666|265|1092\n|teamsize|p1|6\n|teamsize|p2|6\n|gen|9\n|tier|[Gen 9] National Dex Ubers\n|rated|\n|rule|HP Percentage Mod: HP is shown in percentages\n|rule|Endless Battle Clause: Forcing endless battles is banned\n|rule|OHKO Clause: OHKO moves are banned\n|rule|Evasion Moves Clause: Evasion moves are banned\n|rule|Evasion Items Clause: Evasion items are banned\n|rule|Species Clause: Limit one of each Pok\u00e9mon\n|rule|Sleep Clause Mod: Limit one foe put to sleep\n|rule|Mega Rayquaza Clause: You cannot mega evolve Rayquaza\n|clearpoke\n|poke|p1|Lucario, F|\n|poke|p1|Galvantula, M|\n|poke|p1|Dragapult, M|\n|poke|p1|Kyurem-Black|\n|poke|p1|Groudon|\n|poke|p1|Zacian-*|\n|poke|p2|Lucario, F|\n|poke|p2|Gardevoir, F|\n|poke|p2|Zacian-*|\n|poke|p2|Charizard, F|\n|poke|p2|Rayquaza|\n|poke|p2|Cinderace, F|\n|teampreview\n|\n|t:|1698834871\n|start\n|switch|p1a: Groudon|Groudon|100\/100\n|switch|p2a: Zacian|Zacian-Crowned|100\/100\n|-ability|p2a: Zacian|Intrepid Sword|boost\n|-boost|p2a: Zacian|atk|1\n|detailschange|p1a: Groudon|Groudon-Primal\n|-primal|p1a: Groudon|Red Orb\n|-weather|DesolateLand|[from] ability: Desolate Land|[of] p1a: Groudon\n|turn|1\n|inactive|Battle timer is ON: inactive players will automatically lose when time's up. (requested by Furrrz)\n|\n|t:|1698834889\n|move|p2a: Zacian|Close Combat|p1a: Groudon\n|-damage|p1a: Groudon|47\/100\n|-unboost|p2a: Zacian|def|1\n|-unboost|p2a: Zacian|spd|1\n|move|p1a: Groudon|Rock Polish|p1a: Groudon\n|-boost|p1a: Groudon|spe|2\n|\n|-weather|DesolateLand|[upkeep]\n|upkeep\n|turn|2\n|\n|t:|1698834899\n|move|p1a: Groudon|Precipice Blades|p2a: Zacian|[miss]\n|-miss|p1a: Groudon|p2a: Zacian\n|move|p2a: Zacian|Close Combat|p1a: Groudon\n|-damage|p1a: Groudon|0 fnt\n|-unboost|p2a: Zacian|def|1\n|-unboost|p2a: Zacian|spd|1\n|faint|p1a: Groudon\n|-weather|none\n|\n|upkeep\n|inactive|Furrrz has 120 seconds left.\n|\n|t:|1698834932\n|switch|p1a: Spydar|Galvantula, M|100\/100\n|turn|3\n|\n|t:|1698834936\n|move|p2a: Zacian|Behemoth Blade|p1a: Spydar\n|-resisted|p1a: Spydar\n|-damage|p1a: Spydar|16\/100\n|move|p1a: Spydar|Thunder Wave|p2a: Zacian\n|-status|p2a: Zacian|par\n|\n|upkeep\n|turn|4\n|\n|t:|1698834947\n|move|p1a: Spydar|Sticky Web|p2a: Zacian\n|-sidestart|p2: Marcio Fox666|move: Sticky Web\n|move|p2a: Zacian|Behemoth Blade|p1a: Spydar\n|-resisted|p1a: Spydar\n|-damage|p1a: Spydar|0 fnt\n|faint|p1a: Spydar\n|\n|upkeep\n|\n|t:|1698834950\n|switch|p1a: The mascot|Lucario, F|100\/100\n|turn|5\n|\n|t:|1698834959\n|detailschange|p1a: The mascot|Lucario-Mega, F\n|-mega|p1a: The mascot|Lucario|Lucarionite\n|move|p1a: The mascot|Close Combat|p2a: Zacian\n|-damage|p2a: Zacian|0 fnt\n|-unboost|p1a: The mascot|def|1\n|-unboost|p1a: The mascot|spd|1\n|faint|p2a: Zacian\n|\n|upkeep\n|\n|t:|1698834973\n|switch|p2a: Cinderace|Cinderace, F|100\/100\n|turn|6\n|\n|t:|1698834979\n|move|p2a: Cinderace|Pyro Ball|p1a: The mascot\n|-supereffective|p1a: The mascot\n|-damage|p1a: The mascot|0 fnt\n|faint|p1a: The mascot\n|\n|upkeep\n|\n|t:|1698834985\n|switch|p1a: Zacian|Zacian-Crowned|100\/100\n|-ability|p1a: Zacian|Intrepid Sword|boost\n|-boost|p1a: Zacian|atk|1\n|turn|7\n|\n|t:|1698834990\n|move|p1a: Zacian|Close Combat|p2a: Cinderace\n|-damage|p2a: Cinderace|11\/100\n|-unboost|p1a: Zacian|def|1\n|-unboost|p1a: Zacian|spd|1\n|move|p2a: Cinderace|Pyro Ball|p1a: Zacian\n|-supereffective|p1a: Zacian\n|-damage|p1a: Zacian|0 fnt\n|faint|p1a: Zacian\n|\n|upkeep\n|-message|Furrrz forfeited.\n|\n|win|Marcio Fox666\n|raw|Furrrz's rating: 1060 &rarr; <strong>1043<\/strong><br \/>(-17 for losing)\n|raw|Marcio Fox666's rating: 1092 &rarr; <strong>1116<\/strong><br \/>(+24 for winning)\n|l|\u2606Furrrz\n","uploadtime":1698835005,"views":10,"p1id":"furrrz","p2id":"marciofox666","formatid":"gen9nationaldexubers","rating":1043,"private":0,"password":""}