{"id":"gen9nationaldexubers-1983521841","p1":"Jcdragontales","p2":"Ifyouseekamos","format":"[Gen 9] National Dex Ubers","log":"|j|\u2606Jcdragontales\n|j|\u2606Ifyouseekamos\n|t:|1699139209\n|gametype|singles\n|player|p1|Jcdragontales|guzma|\n|player|p2|Ifyouseekamos|n|\n|teamsize|p1|6\n|teamsize|p2|6\n|gen|9\n|tier|[Gen 9] National Dex Ubers\n|rule|HP Percentage Mod: HP is shown in percentages\n|rule|Endless Battle Clause: Forcing endless battles is banned\n|rule|OHKO Clause: OHKO moves are banned\n|rule|Evasion Moves Clause: Evasion moves are banned\n|rule|Evasion Items Clause: Evasion items are banned\n|rule|Species Clause: Limit one of each Pok\u00e9mon\n|rule|Sleep Clause Mod: Limit one foe put to sleep\n|rule|Mega Rayquaza Clause: You cannot mega evolve Rayquaza\n|clearpoke\n|poke|p1|Chandelure, F|\n|poke|p1|Chien-Pao|\n|poke|p1|Garchomp, M|\n|poke|p1|Aerodactyl, M|\n|poke|p1|Ditto|\n|poke|p1|Amoonguss, F|\n|poke|p2|Excadrill, M|\n|poke|p2|Dracozolt|\n|poke|p2|Iron Jugulis|\n|poke|p2|Gigalith, M|\n|poke|p2|Pincurchin, F|\n|poke|p2|Gyarados, F|\n|teampreview\n|c|\u2606Ifyouseekamos|Glhf Josh\n|c|\u2606Jcdragontales|You too my fellow josh\n|\n|t:|1699139271\n|start\n|switch|p1a: Bitey|Garchomp, M|100\/100\n|switch|p2a: Pincurchin|Pincurchin, F, shiny|100\/100\n|-fieldstart|move: Electric Terrain|[from] ability: Electric Surge|[of] p2a: Pincurchin\n|turn|1\n|\n|t:|1699139298\n|switch|p2a: Mr. Puppethands|Iron Jugulis, shiny|100\/100\n|-activate|p2a: Mr. Puppethands|ability: Quark Drive\n|-start|p2a: Mr. Puppethands|quarkdrivespe\n|move|p1a: Bitey|Stealth Rock|p2a: Mr. Puppethands\n|-sidestart|p2: Ifyouseekamos|move: Stealth Rock\n|\n|upkeep\n|turn|2\n|j| Cunningjams\n|\n|t:|1699139351\n|switch|p1a: SussyBaka|Amoonguss, F|100\/100\n|move|p2a: Mr. Puppethands|Dark Pulse|p1a: SussyBaka\n|-damage|p1a: SussyBaka|64\/100\n|\n|-heal|p1a: SussyBaka|71\/100|[from] item: Black Sludge\n|upkeep\n|turn|3\n|\n|t:|1699139379\n|-end|p2a: Mr. Puppethands|Quark Drive|[silent]\n|switch|p2a: Fraggle Rock|Gigalith, M, shiny|100\/100\n|-damage|p2a: Fraggle Rock|88\/100|[from] Stealth Rock\n|-weather|Sandstorm|[from] ability: Sand Stream|[of] p2a: Fraggle Rock\n|move|p1a: SussyBaka|Giga Drain|p2a: Fraggle Rock\n|-supereffective|p2a: Fraggle Rock\n|-damage|p2a: Fraggle Rock|72\/100\n|-heal|p1a: SussyBaka|78\/100|[from] drain|[of] p2a: Fraggle Rock\n|\n|-weather|Sandstorm|[upkeep]\n|-damage|p1a: SussyBaka|72\/100|[from] Sandstorm\n|-heal|p1a: SussyBaka|78\/100|[from] item: Black Sludge\n|upkeep\n|turn|4\n|\n|t:|1699139411\n|switch|p1a: Bitey|Garchomp, M|100\/100\n|switch|p2a: Big Booty|Dracozolt, shiny|100\/100\n|-damage|p2a: Big Booty|88\/100|[from] Stealth Rock\n|\n|-weather|Sandstorm|[upkeep]\n|upkeep\n|turn|5\n|\n|t:|1699139437\n|move|p2a: Big Booty|Outrage|p1a: Bitey\n|-supereffective|p1a: Bitey\n|-damage|p1a: Bitey|0 fnt\n|-damage|p2a: Big Booty|76\/100|[from] ability: Rough Skin|[of] p1a: Bitey\n|-damage|p2a: Big Booty|59\/100|[from] item: Rocky Helmet|[of] p1a: Bitey\n|faint|p1a: Bitey\n|\n|-weather|Sandstorm|[upkeep]\n|-fieldend|move: Electric Terrain\n|upkeep\n|\n|t:|1699139446\n|switch|p1a: GuessWho|Ditto|100\/100\n|-transform|p1a: GuessWho|p2a: Big Booty|[from] ability: Imposter\n|turn|6\n|c|\u2606Ifyouseekamos|dang defeated by myself\n|\n|t:|1699139482\n|move|p1a: GuessWho|Outrage|p2a: Big Booty\n|-supereffective|p2a: Big Booty\n|-damage|p2a: Big Booty|0 fnt\n|faint|p2a: Big Booty\n|\n|-weather|Sandstorm|[upkeep]\n|upkeep\n|\n|t:|1699139496\n|switch|p2a: Gary|Gyarados, F, shiny|100\/100\n|-damage|p2a: Gary|76\/100|[from] Stealth Rock\n|-ability|p2a: Gary|Intimidate|boost\n|-unboost|p1a: GuessWho|atk|1\n|turn|7\n|c|\u2606Jcdragontales|Ditto is stupid lmao\n|\n|t:|1699139508\n|move|p1a: GuessWho|Outrage|p2a: Gary|[from]lockedmove\n|-damage|p2a: Gary|51\/100\n|-start|p1a: GuessWho|confusion|[fatigue]\n|move|p2a: Gary|Dragon Dance|p2a: Gary\n|-boost|p2a: Gary|atk|1\n|-boost|p2a: Gary|spe|1\n|\n|-weather|none\n|upkeep\n|turn|8\n|\n|t:|1699139522\n|switch|p1a: SussyBaka|Amoonguss, F|100\/100\n|detailschange|p2a: Gary|Gyarados-Mega, F, shiny\n|-mega|p2a: Gary|Gyarados|Gyaradosite\n|-ability|p2a: Gary|Mold Breaker\n|move|p2a: Gary|Substitute|p2a: Gary\n|-start|p2a: Gary|Substitute\n|-damage|p2a: Gary|26\/100\n|\n|upkeep\n|turn|9\n|\n|t:|1699139539\n|move|p2a: Gary|Dragon Dance|p2a: Gary\n|-boost|p2a: Gary|atk|1\n|-boost|p2a: Gary|spe|1\n|move|p1a: SussyBaka|Giga Drain|p2a: Gary\n|-supereffective|p2a: Gary\n|-end|p2a: Gary|Substitute\n|\n|upkeep\n|turn|10\n|\n|t:|1699139547\n|move|p2a: Gary|Bounce||[still]\n|-prepare|p2a: Gary|Bounce\n|move|p1a: SussyBaka|Giga Drain|p2a: Gary|[miss]\n|-miss|p1a: SussyBaka|p2a: Gary\n|\n|upkeep\n|turn|11\n|\n|t:|1699139575\n|move|p2a: Gary|Bounce|p1a: SussyBaka|[from]lockedmove\n|-supereffective|p1a: SussyBaka\n|-damage|p1a: SussyBaka|0 fnt\n|faint|p1a: SussyBaka\n|\n|upkeep\n|\n|t:|1699139578\n|switch|p1a: GuessWho|Ditto|100\/100\n|-transform|p1a: GuessWho|p2a: Gary|[from] ability: Imposter\n|-ability|p1a: GuessWho|Mold Breaker\n|turn|12\n|c|\u2606Ifyouseekamos|Ditto sure is stupid\n|\n|t:|1699139600\n|move|p1a: GuessWho|Waterfall|p2a: Gary\n|-resisted|p2a: Gary\n|-damage|p2a: Gary|0 fnt\n|faint|p2a: Gary\n|\n|upkeep\n|c|\u2606Jcdragontales|I\u2019m so sorry\n|c|\u2606Ifyouseekamos|don't be I did it to me\n|\n|t:|1699139621\n|switch|p2a: Pincurchin|Pincurchin, F, shiny|100\/100\n|-damage|p2a: Pincurchin|88\/100|[from] Stealth Rock\n|-fieldstart|move: Electric Terrain|[from] ability: Electric Surge|[of] p2a: Pincurchin\n|turn|13\n|\n|t:|1699139644\n|move|p1a: GuessWho|Waterfall|p2a: Pincurchin\n|-damage|p2a: Pincurchin|18\/100\n|move|p2a: Pincurchin|Rising Voltage|p1a: GuessWho\n|-hint|Rising Voltage's BP doubled on grounded target.\n|-supereffective|p1a: GuessWho\n|-damage|p1a: GuessWho|2\/100\n|\n|upkeep\n|turn|14\n|\n|t:|1699139653\n|move|p2a: Pincurchin|Sucker Punch|p1a: GuessWho\n|-resisted|p1a: GuessWho\n|-damage|p1a: GuessWho|0 fnt\n|faint|p1a: GuessWho\n|\n|upkeep\n|\n|t:|1699139657\n|switch|p1a: SpookySeasonOver|Chandelure, F|100\/100\n|turn|15\n|c|\u2606Jcdragontales|The throws\n|\n|t:|1699139673\n|move|p2a: Pincurchin|Sucker Punch||[still]\n|-fail|p2a: Pincurchin\n|move|p1a: SpookySeasonOver|Calm Mind|p1a: SpookySeasonOver\n|-boost|p1a: SpookySeasonOver|spa|1\n|-boost|p1a: SpookySeasonOver|spd|1\n|\n|upkeep\n|turn|16\n|\n|t:|1699139704\n|move|p1a: SpookySeasonOver|Calm Mind|p1a: SpookySeasonOver\n|-boost|p1a: SpookySeasonOver|spa|1\n|-boost|p1a: SpookySeasonOver|spd|1\n|move|p2a: Pincurchin|Scald|p1a: SpookySeasonOver\n|-supereffective|p1a: SpookySeasonOver\n|-damage|p1a: SpookySeasonOver|75\/100\n|\n|-heal|p1a: SpookySeasonOver|81\/100|[from] item: Leftovers\n|upkeep\n|turn|17\n|\n|t:|1699139728\n|switch|p2a: Fraggle Rock|Gigalith, M, shiny|72\/100\n|-damage|p2a: Fraggle Rock|59\/100|[from] Stealth Rock\n|-weather|Sandstorm|[from] ability: Sand Stream|[of] p2a: Fraggle Rock\n|move|p1a: SpookySeasonOver|Calm Mind|p1a: SpookySeasonOver\n|-boost|p1a: SpookySeasonOver|spa|1\n|-boost|p1a: SpookySeasonOver|spd|1\n|\n|-weather|Sandstorm|[upkeep]\n|-damage|p1a: SpookySeasonOver|75\/100|[from] Sandstorm\n|-heal|p1a: SpookySeasonOver|81\/100|[from] item: Leftovers\n|-fieldend|move: Electric Terrain\n|upkeep\n|turn|18\n|\n|t:|1699139739\n|-terastallize|p1a: SpookySeasonOver|Normal\n|move|p1a: SpookySeasonOver|Shadow Ball|p2a: Fraggle Rock\n|-damage|p2a: Fraggle Rock|22\/100\n|-unboost|p2a: Fraggle Rock|spd|1\n|move|p2a: Fraggle Rock|Earthquake|p1a: SpookySeasonOver\n|-damage|p1a: SpookySeasonOver|41\/100\n|\n|-weather|Sandstorm|[upkeep]\n|-damage|p1a: SpookySeasonOver|35\/100|[from] Sandstorm\n|-heal|p1a: SpookySeasonOver|41\/100|[from] item: Leftovers\n|upkeep\n|turn|19\n|\n|t:|1699139757\n|move|p1a: SpookySeasonOver|Shadow Ball|p2a: Fraggle Rock\n|-damage|p2a: Fraggle Rock|0 fnt\n|faint|p2a: Fraggle Rock\n|\n|-weather|Sandstorm|[upkeep]\n|-damage|p1a: SpookySeasonOver|35\/100|[from] Sandstorm\n|-heal|p1a: SpookySeasonOver|41\/100|[from] item: Leftovers\n|upkeep\n|\n|t:|1699139761\n|switch|p2a: Sir Drilliam|Excadrill, M, shiny|100\/100\n|-damage|p2a: Sir Drilliam|97\/100|[from] Stealth Rock\n|turn|20\n|\n|t:|1699139818\n|move|p2a: Sir Drilliam|Rock Slide|p1a: SpookySeasonOver\n|-damage|p1a: SpookySeasonOver|0 fnt\n|faint|p1a: SpookySeasonOver\n|\n|-weather|Sandstorm|[upkeep]\n|upkeep\n|\n|t:|1699139825\n|switch|p1a: Bensaur|Aerodactyl, M|100\/100\n|turn|21\n|\n|t:|1699139886\n|detailschange|p1a: Bensaur|Aerodactyl-Mega, M\n|-mega|p1a: Bensaur|Aerodactyl|Aerodactylite\n|move|p2a: Sir Drilliam|Iron Head|p1a: Bensaur\n|-supereffective|p1a: Bensaur\n|-damage|p1a: Bensaur|0 fnt\n|faint|p1a: Bensaur\n|\n|-weather|none\n|upkeep\n|\n|t:|1699139891\n|switch|p1a: PIEROGI|Chien-Pao|100\/100\n|-ability|p1a: PIEROGI|Sword of Ruin\n|turn|22\n|c|\u2606Jcdragontales|Think I lose still lol\n|c|\u2606Ifyouseekamos|it's close\n|\n|t:|1699139949\n|move|p1a: PIEROGI|Ice Spinner|p2a: Sir Drilliam\n|-damage|p2a: Sir Drilliam|34\/100\n|move|p2a: Sir Drilliam|Rapid Spin|p1a: PIEROGI\n|-damage|p1a: PIEROGI|75\/100\n|-boost|p2a: Sir Drilliam|spe|1\n|-sideend|p2: Ifyouseekamos|Stealth Rock|[from] move: Rapid Spin|[of] p2a: Sir Drilliam\n|\n|upkeep\n|turn|23\n|\n|t:|1699139955\n|move|p1a: PIEROGI|Ice Spinner|p2a: Sir Drilliam\n|-damage|p2a: Sir Drilliam|0 fnt\n|faint|p2a: Sir Drilliam\n|\n|upkeep\n|\n|t:|1699139960\n|switch|p2a: Pincurchin|Pincurchin, F, shiny|18\/100\n|-fieldstart|move: Electric Terrain|[from] ability: Electric Surge|[of] p2a: Pincurchin\n|turn|24\n|\n|t:|1699139967\n|move|p1a: PIEROGI|Sucker Punch|p2a: Pincurchin\n|-damage|p2a: Pincurchin|0 fnt\n|faint|p2a: Pincurchin\n|\n|upkeep\n|\n|t:|1699139972\n|switch|p2a: Mr. Puppethands|Iron Jugulis, shiny|100\/100\n|-activate|p2a: Mr. Puppethands|ability: Quark Drive\n|-start|p2a: Mr. Puppethands|quarkdrivespe\n|turn|25\n|c|\u2606Jcdragontales|Hmm\n|c|\u2606Ifyouseekamos|gg either way lol\n|\n|t:|1699140009\n|move|p2a: Mr. Puppethands|Hurricane|p1a: PIEROGI\n|-damage|p1a: PIEROGI|0 fnt\n|faint|p1a: PIEROGI\n|\n|win|Ifyouseekamos\n|c|\u2606Jcdragontales|Ah so close\n|c|\u2606Jcdragontales|if that missed lol\n|c|\u2606Jcdragontales|tight man gg\n|c|\u2606Ifyouseekamos|you had me if that missed\n|c| Cunningjams|Ggs bbs\n|c|\u2606Ifyouseekamos|you too<3\n|l| Cunningjams\n|c|\u2606Jcdragontales|ill post up and get ready for reger\n","uploadtime":1699140047,"views":27,"p1id":"jcdragontales","p2id":"ifyouseekamos","formatid":"gen9nationaldexubers","rating":0,"private":0,"password":""}