{"id":"gen9nationaldexubers-1980458927","p1":"aquiles meo","p2":"Necrozmalord","format":"[Gen 9] National Dex Ubers","log":"|j|\u2606aquiles meo\n|j|\u2606Necrozmalord\n|t:|1698786867\n|gametype|singles\n|player|p1|aquiles meo|ethan|1055\n|player|p2|Necrozmalord|169|1000\n|teamsize|p1|6\n|teamsize|p2|1\n|gen|9\n|tier|[Gen 9] National Dex Ubers\n|rated|\n|rule|HP Percentage Mod: HP is shown in percentages\n|rule|Endless Battle Clause: Forcing endless battles is banned\n|rule|OHKO Clause: OHKO moves are banned\n|rule|Evasion Moves Clause: Evasion moves are banned\n|rule|Evasion Items Clause: Evasion items are banned\n|rule|Species Clause: Limit one of each Pok\u00e9mon\n|rule|Sleep Clause Mod: Limit one foe put to sleep\n|rule|Mega Rayquaza Clause: You cannot mega evolve Rayquaza\n|clearpoke\n|poke|p1|Jirachi|\n|poke|p1|Ho-Oh|\n|poke|p1|Rayquaza|\n|poke|p1|Pidgeot, M|\n|poke|p1|Lucario, M|\n|poke|p1|Luxray, M|\n|poke|p2|Palkia-Origin|\n|teampreview\n|\n|t:|1698786874\n|start\n|switch|p1a: Rayquaza|Rayquaza, shiny|100\/100\n|switch|p2a: Palkia|Palkia-Origin|100\/100\n|-ability|p2a: Palkia|Pressure\n|-ability|p1a: Rayquaza|Air Lock\n|turn|1\n|\n|t:|1698786890\n|-terastallize|p1a: Rayquaza|Flying\n|move|p2a: Palkia|Spacial Rend|p1a: Rayquaza\n|-crit|p1a: Rayquaza\n|-damage|p1a: Rayquaza|0 fnt\n|faint|p1a: Rayquaza\n|\n|upkeep\n|\n|t:|1698786904\n|switch|p1a: Pidgeot|Pidgeot, M, shiny|100\/100\n|turn|2\n|\n|t:|1698786917\n|move|p2a: Palkia|Spacial Rend|p1a: Pidgeot\n|-damage|p1a: Pidgeot|5\/100\n|move|p1a: Pidgeot|Tailwind|p1a: Pidgeot\n|-sidestart|p1: aquiles meo|move: Tailwind\n|\n|upkeep\n|turn|3\n|\n|t:|1698786927\n|move|p1a: Pidgeot|Ominous Wind|p2a: Palkia\n|-damage|p2a: Palkia|89\/100\n|move|p2a: Palkia|Hydro Pump|p1a: Pidgeot\n|-damage|p1a: Pidgeot|0 fnt\n|faint|p1a: Pidgeot\n|\n|upkeep\n|\n|t:|1698786939\n|switch|p1a: Lucario|Lucario, M, shiny|100\/100\n|turn|4\n|\n|t:|1698786977\n|detailschange|p1a: Lucario|Lucario-Mega, M, shiny\n|-mega|p1a: Lucario|Lucario|Lucarionite\n|move|p1a: Lucario|Drain Punch|p2a: Palkia\n|-damage|p2a: Palkia|23\/100\n|move|p2a: Palkia|Hydro Pump|p1a: Lucario\n|-damage|p1a: Lucario|0 fnt\n|faint|p1a: Lucario\n|\n|upkeep\n|\n|t:|1698786989\n|switch|p1a: Ho-Oh|Ho-Oh, shiny|100\/100\n|turn|5\n|\n|t:|1698786999\n|switch|p1a: Jirachi|Jirachi, shiny|100\/100\n|move|p2a: Palkia|Hydro Pump|p1a: Jirachi\n|-damage|p1a: Jirachi|26\/100\n|\n|-heal|p1a: Jirachi|32\/100|[from] item: Leftovers\n|-sideend|p1: aquiles meo|move: Tailwind\n|upkeep\n|turn|6\n|\n|t:|1698787007\n|move|p2a: Palkia|Hydro Pump|p1a: Jirachi\n|-damage|p1a: Jirachi|0 fnt\n|faint|p1a: Jirachi\n|\n|upkeep\n|\n|t:|1698787020\n|switch|p1a: Luxray|Luxray, M, shiny|100\/100\n|turn|7\n|\n|t:|1698787028\n|move|p2a: Palkia|Hydro Pump|p1a: Luxray\n|-damage|p1a: Luxray|9\/100\n|-zpower|p1a: Luxray\n|move|p1a: Luxray|Gigavolt Havoc|p2a: Palkia|[zeffect]\n|-damage|p2a: Palkia|0 fnt\n|faint|p2a: Palkia\n|\n|win|aquiles meo\n|raw|aquiles meo's rating: 1055 &rarr; <strong>1082<\/strong><br \/>(+27 for winning)\n|raw|Necrozmalord's rating: 1000 &rarr; <strong>1000<\/strong><br \/>(+0 for losing)\n|c|\u2606aquiles meo|good game\n","uploadtime":1698787049,"views":12,"p1id":"aquilesmeo","p2id":"necrozmalord","formatid":"gen9nationaldexubers","rating":1000,"private":0,"password":""}