{"id":"gen9nationaldexubers-1999546596","p1":"RoksaMcWeeb","p2":"ewas","format":"[Gen 9] National Dex Ubers","log":"|j|\u2606RoksaMcWeeb\n|j|\u2606ewas\n|t:|1701094787\n|gametype|singles\n|player|p1|RoksaMcWeeb|whitney|1072\n|player|p2|ewas|102|1000\n|teamsize|p1|6\n|teamsize|p2|6\n|gen|9\n|tier|[Gen 9] National Dex Ubers\n|rated|\n|rule|HP Percentage Mod: HP is shown in percentages\n|rule|Endless Battle Clause: Forcing endless battles is banned\n|rule|OHKO Clause: OHKO moves are banned\n|rule|Evasion Moves Clause: Evasion moves are banned\n|rule|Evasion Items Clause: Evasion items are banned\n|rule|Species Clause: Limit one of each Pok\u00e9mon\n|rule|Sleep Clause Mod: Limit one foe put to sleep\n|rule|Mega Rayquaza Clause: You cannot mega evolve Rayquaza\n|clearpoke\n|poke|p1|Palafin, M|\n|poke|p1|Iron Bundle|\n|poke|p1|Gholdengo|\n|poke|p1|Annihilape, M|\n|poke|p1|Espathra, M|\n|poke|p1|Banette, M|\n|poke|p2|Marshadow|\n|poke|p2|Blaziken, F|\n|poke|p2|Snorlax, F|\n|poke|p2|Greninja-*, M|\n|poke|p2|Cloyster, F|\n|poke|p2|Togekiss, F|\n|teampreview\n|c|\u2606RoksaMcWeeb|Gl hf\n|\n|t:|1701094809\n|start\n|switch|p1a: Gholdengo|Gholdengo|100\/100\n|switch|p2a: Blaziken|Blaziken, F, shiny|100\/100\n|turn|1\n|\n|t:|1701094819\n|switch|p1a: Palafin|Palafin, M|100\/100\n|move|p2a: Blaziken|Protect||[still]\n|-fail|p2a: Blaziken\n|\n|-ability|p2a: Blaziken|Speed Boost|boost\n|-boost|p2a: Blaziken|spe|1\n|upkeep\n|turn|2\n|\n|t:|1701094833\n|move|p1a: Palafin|Flip Turn|p2a: Blaziken\n|-supereffective|p2a: Blaziken\n|-damage|p2a: Blaziken|34\/100\n|\n|t:|1701094839\n|detailschange|p1a: Palafin|Palafin-Hero, M\n|switch|p1a: Banette|Banette, M|100\/100|[from] Flip Turn\n|-item|p2a: Blaziken|Life Orb|[from] ability: Frisk|[of] p1a: Banette|[identify]\n|move|p2a: Blaziken|Low Kick|p1a: Banette\n|-immune|p1a: Banette\n|\n|-ability|p2a: Blaziken|Speed Boost|boost\n|-boost|p2a: Blaziken|spe|1\n|upkeep\n|turn|3\n|\n|t:|1701094856\n|detailschange|p1a: Banette|Banette-Mega, M\n|-mega|p1a: Banette|Banette|Banettite\n|move|p1a: Banette|Shadow Sneak|p2a: Blaziken\n|-damage|p2a: Blaziken|0 fnt\n|faint|p2a: Blaziken\n|\n|upkeep\n|\n|t:|1701094870\n|switch|p2a: Greninja|Greninja, M|100\/100\n|turn|4\n|\n|t:|1701094896\n|switch|p1a: Iron Bundle|Iron Bundle|100\/100\n|move|p2a: Greninja|Water Shuriken|p1a: Iron Bundle\n|-resisted|p1a: Iron Bundle\n|-damage|p1a: Iron Bundle|94\/100\n|-resisted|p1a: Iron Bundle\n|-damage|p1a: Iron Bundle|87\/100\n|-resisted|p1a: Iron Bundle\n|-crit|p1a: Iron Bundle\n|-damage|p1a: Iron Bundle|78\/100\n|-hitcount|p1a: Iron Bundle|3\n|\n|upkeep\n|turn|5\n|\n|t:|1701094915\n|move|p1a: Iron Bundle|Freeze-Dry|p2a: Greninja\n|-supereffective|p2a: Greninja\n|-damage|p2a: Greninja|0 fnt\n|faint|p2a: Greninja\n|\n|upkeep\n|\n|t:|1701094923\n|switch|p2a: Snorlax|Snorlax, F, shiny|100\/100\n|turn|6\n|\n|t:|1701094932\n|move|p1a: Iron Bundle|Taunt|p2a: Snorlax\n|-start|p2a: Snorlax|move: Taunt\n|cant|p2a: Snorlax|move: Taunt|Curse\n|\n|upkeep\n|turn|7\n|\n|t:|1701094940\n|-end|p1a: Iron Bundle|Quark Drive|[silent]\n|switch|p1a: Annihilape|Annihilape, M|100\/100\n|switch|p2a: Togekiss|Togekiss, F, shiny|100\/100\n|\n|upkeep\n|turn|8\n|\n|t:|1701094951\n|move|p1a: Annihilape|Bulk Up|p1a: Annihilape\n|-boost|p1a: Annihilape|atk|1\n|-boost|p1a: Annihilape|def|1\n|move|p2a: Togekiss|Air Slash|p1a: Annihilape\n|-supereffective|p1a: Annihilape\n|-damage|p1a: Annihilape|34\/100\n|\n|-heal|p1a: Annihilape|40\/100|[from] item: Leftovers\n|upkeep\n|turn|9\n|\n|t:|1701094961\n|move|p1a: Annihilape|Rage Fist|p2a: Togekiss\n|-damage|p2a: Togekiss|28\/100\n|move|p2a: Togekiss|Roost|p2a: Togekiss\n|-heal|p2a: Togekiss|78\/100\n|-singleturn|p2a: Togekiss|move: Roost\n|\n|-heal|p1a: Annihilape|46\/100|[from] item: Leftovers\n|upkeep\n|turn|10\n|\n|t:|1701094978\n|move|p1a: Annihilape|Rage Fist|p2a: Togekiss\n|-damage|p2a: Togekiss|9\/100\n|move|p2a: Togekiss|Aura Sphere|p1a: Annihilape\n|-immune|p1a: Annihilape\n|\n|-heal|p1a: Annihilape|52\/100|[from] item: Leftovers\n|upkeep\n|turn|11\n|\n|t:|1701094986\n|move|p1a: Annihilape|Rage Fist|p2a: Togekiss\n|-damage|p2a: Togekiss|0 fnt\n|faint|p2a: Togekiss\n|\n|-heal|p1a: Annihilape|58\/100|[from] item: Leftovers\n|upkeep\n|\n|t:|1701094990\n|switch|p2a: Snorlax|Snorlax, F, shiny|100\/100\n|turn|12\n|\n|t:|1701094993\n|move|p1a: Annihilape|Taunt|p2a: Snorlax\n|-start|p2a: Snorlax|move: Taunt\n|cant|p2a: Snorlax|move: Taunt|Curse\n|\n|-heal|p1a: Annihilape|64\/100|[from] item: Leftovers\n|upkeep\n|turn|13\n|\n|t:|1701094999\n|move|p1a: Annihilape|Drain Punch|p2a: Snorlax\n|-supereffective|p2a: Snorlax\n|-damage|p2a: Snorlax|0 fnt\n|-heal|p1a: Annihilape|100\/100|[from] drain|[of] p2a: Snorlax\n|faint|p2a: Snorlax\n|\n|upkeep\n|\n|t:|1701095006\n|switch|p2a: Cloyster|Cloyster, F|100\/100\n|turn|14\n|\n|t:|1701095014\n|move|p2a: Cloyster|Shell Smash|p2a: Cloyster\n|-unboost|p2a: Cloyster|def|1\n|-unboost|p2a: Cloyster|spd|1\n|-boost|p2a: Cloyster|atk|2\n|-boost|p2a: Cloyster|spa|2\n|-boost|p2a: Cloyster|spe|2\n|-enditem|p2a: Cloyster|White Herb\n|-clearnegativeboost|p2a: Cloyster|[silent]\n|move|p1a: Annihilape|Taunt|p2a: Cloyster\n|-start|p2a: Cloyster|move: Taunt\n|\n|upkeep\n|turn|15\n|\n|t:|1701095026\n|move|p2a: Cloyster|Icicle Spear|p1a: Annihilape\n|-damage|p1a: Annihilape|86\/100\n|-damage|p1a: Annihilape|72\/100\n|-damage|p1a: Annihilape|56\/100\n|-damage|p1a: Annihilape|41\/100\n|-damage|p1a: Annihilape|26\/100\n|-hitcount|p1a: Annihilape|5\n|move|p1a: Annihilape|Rage Fist|p2a: Cloyster\n|-damage|p2a: Cloyster|0 fnt\n|faint|p2a: Cloyster\n|\n|-heal|p1a: Annihilape|32\/100|[from] item: Leftovers\n|upkeep\n|\n|t:|1701095030\n|switch|p2a: Marshadow|Marshadow|100\/100\n|turn|16\n|\n|t:|1701095043\n|move|p2a: Marshadow|Spectral Thief||[still]\n|-clearpositiveboost|p1a: Annihilape|p2a: Marshadow|move: Spectral Thief\n|-boost|p2a: Marshadow|atk|1\n|-boost|p2a: Marshadow|def|1\n|-anim|p2a: Marshadow|Spectral Thief|p1a: Annihilape\n|-supereffective|p1a: Annihilape\n|-damage|p1a: Annihilape|0 fnt\n|faint|p1a: Annihilape\n|\n|upkeep\n|\n|t:|1701095054\n|switch|p1a: Banette|Banette-Mega, M|100\/100\n|turn|17\n|c|\u2606RoksaMcWeeb|Gg\n|\n|t:|1701095061\n|move|p2a: Marshadow|Shadow Sneak|p1a: Banette\n|-supereffective|p1a: Banette\n|-damage|p1a: Banette|0 fnt\n|faint|p1a: Banette\n|\n|upkeep\n|\n|t:|1701095071\n|switch|p1a: Palafin|Palafin-Hero, M|100\/100\n|-activate|p1a: Palafin|ability: Zero to Hero\n|turn|18\n|\n|t:|1701095078\n|move|p2a: Marshadow|Protect|p2a: Marshadow\n|-singleturn|p2a: Marshadow|Protect\n|move|p1a: Palafin|Wave Crash|p2a: Marshadow\n|-activate|p2a: Marshadow|move: Protect\n|\n|upkeep\n|turn|19\n|\n|t:|1701095089\n|move|p1a: Palafin|Wave Crash|p2a: Marshadow\n|-damage|p2a: Marshadow|35\/100\n|-damage|p1a: Palafin|80\/100|[from] Recoil\n|move|p2a: Marshadow|Drain Punch|p1a: Palafin\n|-damage|p1a: Palafin|22\/100\n|-heal|p2a: Marshadow|66\/100|[from] drain|[of] p1a: Palafin\n|\n|upkeep\n|turn|20\n|\n|t:|1701095097\n|move|p2a: Marshadow|Shadow Sneak|p1a: Palafin\n|-damage|p1a: Palafin|0 fnt\n|faint|p1a: Palafin\n|\n|upkeep\n|c|\u2606RoksaMcWeeb|Did i say gg too early?\n|\n|t:|1701095116\n|switch|p1a: Iron Bundle|Iron Bundle|78\/100\n|turn|21\n|\n|t:|1701095131\n|move|p2a: Marshadow|Protect|p2a: Marshadow\n|-singleturn|p2a: Marshadow|Protect\n|move|p1a: Iron Bundle|Hydro Pump|p2a: Marshadow\n|-activate|p2a: Marshadow|move: Protect\n|\n|upkeep\n|turn|22\n|\n|t:|1701095145\n|move|p1a: Iron Bundle|Hydro Pump|p2a: Marshadow\n|-damage|p2a: Marshadow|2\/100\n|move|p2a: Marshadow|Drain Punch|p1a: Iron Bundle\n|-supereffective|p1a: Iron Bundle\n|-damage|p1a: Iron Bundle|0 fnt\n|-heal|p2a: Marshadow|33\/100|[from] drain|[of] p1a: Iron Bundle\n|faint|p1a: Iron Bundle\n|-end|p1a: Iron Bundle|Quark Drive|[silent]\n|\n|upkeep\n|\n|t:|1701095165\n|switch|p1a: Gholdengo|Gholdengo|100\/100\n|turn|23\n|\n|t:|1701095171\n|move|p2a: Marshadow|Shadow Sneak|p1a: Gholdengo\n|-supereffective|p1a: Gholdengo\n|-crit|p1a: Gholdengo\n|-damage|p1a: Gholdengo|0 fnt\n|faint|p1a: Gholdengo\n|\n|upkeep\n|\n|t:|1701095173\n|switch|p1a: Espathra|Espathra, M|100\/100\n|turn|24\n|\n|t:|1701095183\n|move|p2a: Marshadow|Protect|p2a: Marshadow\n|-singleturn|p2a: Marshadow|Protect\n|move|p1a: Espathra|Dazzling Gleam|p2a: Marshadow\n|-activate|p2a: Marshadow|move: Protect\n|\n|-ability|p1a: Espathra|Speed Boost|boost\n|-boost|p1a: Espathra|spe|1\n|upkeep\n|turn|25\n|\n|t:|1701095225\n|-terastallize|p2a: Marshadow|Fighting\n|move|p1a: Espathra|Dazzling Gleam|p2a: Marshadow\n|-supereffective|p2a: Marshadow\n|-damage|p2a: Marshadow|0 fnt\n|faint|p2a: Marshadow\n|\n|win|RoksaMcWeeb\n|raw|RoksaMcWeeb's rating: 1072 &rarr; <strong>1095<\/strong><br \/>(+23 for winning)\n|raw|ewas's rating: 1000 &rarr; <strong>1000<\/strong><br \/>(+0 for losing)\n|c|\u2606RoksaMcWeeb|Gg\n","uploadtime":1701095238,"views":1,"p1id":"roksamcweeb","p2id":"ewas","formatid":"gen9nationaldexubers","rating":1000,"private":0,"password":""}