{"id":"gen9nationaldexubers-1984961496","p1":"Maximal_Creature","p2":"RealHarryStyles","format":"[Gen 9] National Dex Ubers","log":"|j|\u2606Maximal_Creature\n|j|\u2606RealHarryStyles\n|t:|1699315160\n|gametype|singles\n|player|p1|Maximal_Creature|lucas|\n|player|p2|RealHarryStyles|clay|\n|teamsize|p1|6\n|teamsize|p2|6\n|gen|9\n|tier|[Gen 9] National Dex Ubers\n|rule|HP Percentage Mod: HP is shown in percentages\n|rule|Endless Battle Clause: Forcing endless battles is banned\n|rule|OHKO Clause: OHKO moves are banned\n|rule|Evasion Moves Clause: Evasion moves are banned\n|rule|Evasion Items Clause: Evasion items are banned\n|rule|Species Clause: Limit one of each Pok\u00e9mon\n|rule|Sleep Clause Mod: Limit one foe put to sleep\n|rule|Mega Rayquaza Clause: You cannot mega evolve Rayquaza\n|clearpoke\n|poke|p1|Baxcalibur, F|\n|poke|p1|Darmanitan-Galar, M|\n|poke|p1|Iron Bundle|\n|poke|p1|Mamoswine, F|\n|poke|p1|Abomasnow, M|\n|poke|p1|Avalugg-Hisui, F|\n|poke|p2|Blaziken, M|\n|poke|p2|Arcanine-Hisui, M|\n|poke|p2|Ninetales, F|\n|poke|p2|Typhlosion-Hisui, F|\n|poke|p2|Cinderace, F|\n|poke|p2|Iron Moth|\n|teampreview\n|\n|t:|1699315174\n|start\n|switch|p1a: Jolly Giant|Darmanitan-Galar, M, shiny|100\/100\n|switch|p2a: Cinderace|Cinderace, F|100\/100\n|-item|p2a: Cinderace|Air Balloon\n|turn|1\n|\n|t:|1699315185\n|move|p1a: Jolly Giant|U-turn|p2a: Cinderace\n|-resisted|p2a: Cinderace\n|-damage|p2a: Cinderace|74\/100\n|-enditem|p2a: Cinderace|Air Balloon\n|j| RyndarPlays\n|\n|t:|1699315191\n|switch|p1a: Xebec|Avalugg-Hisui, F|100\/100|[from] U-turn\n|move|p2a: Cinderace|Iron Head|p1a: Xebec\n|-start|p2a: Cinderace|typechange|Steel|[from] ability: Libero\n|-supereffective|p1a: Xebec\n|-damage|p1a: Xebec|27\/100\n|\n|-heal|p1a: Xebec|33\/100|[from] item: Leftovers\n|upkeep\n|turn|2\n|\n|t:|1699315202\n|move|p2a: Cinderace|Iron Head|p1a: Xebec\n|-supereffective|p1a: Xebec\n|-damage|p1a: Xebec|0 fnt\n|faint|p1a: Xebec\n|\n|upkeep\n|c|\u2606RealHarryStyles|rip\n|\n|t:|1699315227\n|switch|p1a: Jolly Giant|Darmanitan-Galar, M, shiny|100\/100\n|turn|3\n|\n|t:|1699315231\n|move|p1a: Jolly Giant|Earthquake|p2a: Cinderace\n|-supereffective|p2a: Cinderace\n|-damage|p2a: Cinderace|0 fnt\n|faint|p2a: Cinderace\n|\n|upkeep\n|\n|t:|1699315247\n|switch|p2a: Typhlosion|Typhlosion-Hisui, F|100\/100\n|turn|4\n|\n|t:|1699315255\n|move|p2a: Typhlosion|Eruption|p1a: Jolly Giant\n|-supereffective|p1a: Jolly Giant\n|-damage|p1a: Jolly Giant|0 fnt\n|faint|p1a: Jolly Giant\n|\n|upkeep\n|\n|t:|1699315284\n|switch|p1a: Godzilla|Baxcalibur, F, shiny|100\/100\n|turn|5\n|c| RyndarPlays|Bro where's your Cetitan?\n|\n|t:|1699315293\n|move|p2a: Typhlosion|Eruption|p1a: Godzilla\n|-damage|p1a: Godzilla|20\/100\n|-ability|p1a: Godzilla|Thermal Exchange|boost\n|-boost|p1a: Godzilla|atk|1\n|move|p1a: Godzilla|Dragon Dance|p1a: Godzilla\n|-boost|p1a: Godzilla|atk|1\n|-boost|p1a: Godzilla|spe|1\n|\n|upkeep\n|turn|6\n|\n|t:|1699315304\n|move|p2a: Typhlosion|Eruption|p1a: Godzilla\n|-damage|p1a: Godzilla|0 fnt\n|faint|p1a: Godzilla\n|\n|upkeep\n|\n|t:|1699315317\n|switch|p1a: Brisk|Iron Bundle, shiny|100\/100\n|-enditem|p1a: Brisk|Booster Energy\n|-activate|p1a: Brisk|ability: Quark Drive|[fromitem]\n|-start|p1a: Brisk|quarkdrivespa\n|turn|7\n|\n|t:|1699315322\n|switch|p2a: Ninetales|Ninetales, F|100\/100\n|-weather|SunnyDay|[from] ability: Drought|[of] p2a: Ninetales\n|-terastallize|p1a: Brisk|Ground\n|move|p1a: Brisk|Tera Blast|p2a: Ninetales|[anim] Tera Blast Ground\n|-supereffective|p2a: Ninetales\n|-damage|p2a: Ninetales|0 fnt\n|faint|p2a: Ninetales\n|\n|-weather|SunnyDay|[upkeep]\n|upkeep\n|\n|t:|1699315340\n|switch|p2a: Typhlosion|Typhlosion-Hisui, F|100\/100\n|turn|8\n|\n|t:|1699315344\n|-terastallize|p2a: Typhlosion|Fire\n|move|p2a: Typhlosion|Eruption|p1a: Brisk\n|-damage|p1a: Brisk|0 fnt\n|faint|p1a: Brisk\n|-end|p1a: Brisk|Quark Drive|[silent]\n|\n|-weather|SunnyDay|[upkeep]\n|upkeep\n|\n|t:|1699315366\n|switch|p1a: Big Fella|Abomasnow, M, shiny|100\/100\n|-weather|Snow|[from] ability: Snow Warning|[of] p1a: Big Fella\n|turn|9\n|\n|t:|1699315375\n|detailschange|p1a: Big Fella|Abomasnow-Mega, M, shiny\n|-mega|p1a: Big Fella|Abomasnow|Abomasite\n|move|p2a: Typhlosion|Eruption|p1a: Big Fella\n|-supereffective|p1a: Big Fella\n|-damage|p1a: Big Fella|0 fnt\n|faint|p1a: Big Fella\n|\n|-weather|Snow|[upkeep]\n|upkeep\n|\n|t:|1699315384\n|switch|p1a: Peppa|Mamoswine, F, shiny|100\/100\n|turn|10\n|\n|t:|1699315394\n|move|p2a: Typhlosion|Eruption|p1a: Peppa\n|-supereffective|p1a: Peppa\n|-damage|p1a: Peppa|0 fnt\n|faint|p1a: Peppa\n|\n|win|RealHarryStyles\n|c|\u2606RealHarryStyles|ggs\n","uploadtime":1699315408,"views":21,"p1id":"maximalcreature","p2id":"realharrystyles","formatid":"gen9nationaldexubers","rating":0,"private":0,"password":""}