{"id":"gen9nationaldexubers-1999632572","p1":"Yami Tayori","p2":"Titan The Moon","format":"[Gen 9] National Dex Ubers","log":"|j|\u2606Yami Tayori\n|j|\u2606Titan The Moon\n|t:|1701102987\n|gametype|singles\n|player|p1|Yami Tayori|steven|1050\n|player|p2|Titan The Moon|doctor|1108\n|teamsize|p1|2\n|teamsize|p2|6\n|gen|9\n|tier|[Gen 9] National Dex Ubers\n|rated|\n|rule|HP Percentage Mod: HP is shown in percentages\n|rule|Endless Battle Clause: Forcing endless battles is banned\n|rule|OHKO Clause: OHKO moves are banned\n|rule|Evasion Moves Clause: Evasion moves are banned\n|rule|Evasion Items Clause: Evasion items are banned\n|rule|Species Clause: Limit one of each Pok\u00e9mon\n|rule|Sleep Clause Mod: Limit one foe put to sleep\n|rule|Mega Rayquaza Clause: You cannot mega evolve Rayquaza\n|clearpoke\n|poke|p1|Ninetales-Alola, F|\n|poke|p1|Baxcalibur, M|\n|poke|p2|Thundurus-Therian, M|\n|poke|p2|Ogerpon, F|\n|poke|p2|Seviper, M|\n|poke|p2|Mandibuzz, F|\n|poke|p2|Poltchageist|\n|poke|p2|Bewear, F|\n|teampreview\n|inactive|Battle timer is ON: inactive players will automatically lose when time's up. (requested by Titan The Moon)\n|\n|t:|1701102993\n|start\n|switch|p1a: Yuki Onna|Ninetales-Alola, F|100\/100\n|switch|p2a: Bewear|Bewear, F|100\/100\n|-weather|Snow|[from] ability: Snow Warning|[of] p1a: Yuki Onna\n|turn|1\n|\n|t:|1701102998\n|move|p1a: Yuki Onna|Aurora Veil|p1a: Yuki Onna\n|-sidestart|p1: Yami Tayori|move: Aurora Veil\n|move|p2a: Bewear|Return|p1a: Yuki Onna\n|-damage|p1a: Yuki Onna|79\/100\n|\n|-weather|Snow|[upkeep]\n|upkeep\n|turn|2\n|\n|t:|1701103006\n|move|p1a: Yuki Onna|Encore|p2a: Bewear\n|-start|p2a: Bewear|Encore\n|move|p2a: Bewear|Return|p1a: Yuki Onna\n|-damage|p1a: Yuki Onna|58\/100\n|\n|-weather|Snow|[upkeep]\n|upkeep\n|turn|3\n|\n|t:|1701103011\n|switch|p1a: Mister Fridge|Baxcalibur, M, shiny|100\/100\n|move|p2a: Bewear|Return|p1a: Mister Fridge\n|-damage|p1a: Mister Fridge|85\/100\n|\n|-weather|Snow|[upkeep]\n|-heal|p1a: Mister Fridge|91\/100|[from] ability: Ice Body\n|upkeep\n|turn|4\n|\n|t:|1701103017\n|move|p1a: Mister Fridge|Swords Dance|p1a: Mister Fridge\n|-boost|p1a: Mister Fridge|atk|2\n|move|p2a: Bewear|Return|p1a: Mister Fridge\n|-crit|p1a: Mister Fridge\n|-damage|p1a: Mister Fridge|37\/100\n|\n|-weather|Snow|[upkeep]\n|-heal|p1a: Mister Fridge|43\/100|[from] ability: Ice Body\n|-end|p2a: Bewear|Encore\n|upkeep\n|turn|5\n|\n|t:|1701103030\n|move|p1a: Mister Fridge|Icicle Spear|p2a: Bewear\n|-damage|p2a: Bewear|77\/100\n|-damage|p2a: Bewear|51\/100\n|-damage|p2a: Bewear|27\/100\n|-damage|p2a: Bewear|4\/100\n|-hitcount|p2a: Bewear|4\n|move|p2a: Bewear|Bulk Up|p2a: Bewear\n|-boost|p2a: Bewear|atk|1\n|-boost|p2a: Bewear|def|1\n|\n|-weather|none\n|upkeep\n|turn|6\n|\n|t:|1701103043\n|move|p1a: Mister Fridge|Icicle Spear|p2a: Bewear\n|-damage|p2a: Bewear|0 fnt\n|faint|p2a: Bewear\n|-hitcount|p2: Bewear|1\n|\n|upkeep\n|\n|t:|1701103049\n|switch|p2a: Seviper|Seviper, M, shiny|100\/100\n|turn|7\n|\n|t:|1701103055\n|move|p1a: Mister Fridge|Scale Shot|p2a: Seviper\n|-damage|p2a: Seviper|59\/100\n|-damage|p2a: Seviper|15\/100\n|-damage|p2a: Seviper|0 fnt\n|faint|p2a: Seviper\n|-hitcount|p2: Seviper|3\n|-unboost|p1a: Mister Fridge|def|1\n|-boost|p1a: Mister Fridge|spe|1\n|\n|upkeep\n|\n|t:|1701103059\n|switch|p2a: Thundurus|Thundurus-Therian, M|100\/100\n|turn|8\n|\n|t:|1701103067\n|-terastallize|p2a: Thundurus|Ground\n|move|p1a: Mister Fridge|Icicle Spear|p2a: Thundurus\n|-supereffective|p2a: Thundurus\n|-damage|p2a: Thundurus|26\/100\n|-supereffective|p2a: Thundurus\n|-damage|p2a: Thundurus|0 fnt\n|faint|p2a: Thundurus\n|-hitcount|p2: Thundurus|2\n|\n|-sideend|p1: Yami Tayori|move: Aurora Veil\n|upkeep\n|\n|t:|1701103072\n|switch|p2a: Mandibuzz|Mandibuzz, F|100\/100\n|turn|9\n|\n|t:|1701103080\n|move|p1a: Mister Fridge|Icicle Spear|p2a: Mandibuzz\n|-supereffective|p2a: Mandibuzz\n|-damage|p2a: Mandibuzz|59\/100\n|-ability|p2a: Mandibuzz|Weak Armor|boost\n|-unboost|p2a: Mandibuzz|def|1\n|-boost|p2a: Mandibuzz|spe|2\n|-supereffective|p2a: Mandibuzz\n|-damage|p2a: Mandibuzz|0 fnt\n|faint|p2a: Mandibuzz\n|-hitcount|p2: Mandibuzz|2\n|\n|upkeep\n|\n|t:|1701103083\n|switch|p2a: Ogerpon|Ogerpon, F|100\/100\n|turn|10\n|\n|t:|1701103091\n|move|p1a: Mister Fridge|Icicle Spear|p2a: Ogerpon\n|-supereffective|p2a: Ogerpon\n|-crit|p2a: Ogerpon\n|-damage|p2a: Ogerpon|4\/100\n|-supereffective|p2a: Ogerpon\n|-crit|p2a: Ogerpon\n|-damage|p2a: Ogerpon|0 fnt\n|faint|p2a: Ogerpon\n|-hitcount|p2: Ogerpon|2\n|\n|upkeep\n|\n|t:|1701103093\n|switch|p2a: Poltchageist|Poltchageist|100\/100\n|turn|11\n|\n|t:|1701103103\n|move|p1a: Mister Fridge|Icicle Spear|p2a: Poltchageist\n|-supereffective|p2a: Poltchageist\n|-damage|p2a: Poltchageist|0 fnt\n|faint|p2a: Poltchageist\n|-hitcount|p2: Poltchageist|1\n|\n|win|Yami Tayori\n|raw|Yami Tayori's rating: 1050 &rarr; <strong>1088<\/strong><br \/>(+38 for winning)\n|raw|Titan The Moon's rating: 1108 &rarr; <strong>1079<\/strong><br \/>(-29 for losing)\n|l|\u2606Titan The Moon\n","uploadtime":1701103115,"views":2,"p1id":"yamitayori","p2id":"titanthemoon","formatid":"gen9nationaldexubers","rating":1079,"private":0,"password":""}