{"id":"gen9nationaldexubers-1985691531","p1":"Hazervex2.0","p2":"Grerinja","format":"[Gen 9] National Dex Ubers","log":"|j|\u2606Hazervex2.0\n|j|\u2606Grerinja\n|t:|1699396211\n|gametype|singles\n|player|p1|Hazervex2.0|giovanni|1295\n|player|p2|Grerinja|1|1160\n|teamsize|p1|6\n|teamsize|p2|6\n|gen|9\n|tier|[Gen 9] National Dex Ubers\n|rated|\n|rule|HP Percentage Mod: HP is shown in percentages\n|rule|Endless Battle Clause: Forcing endless battles is banned\n|rule|OHKO Clause: OHKO moves are banned\n|rule|Evasion Moves Clause: Evasion moves are banned\n|rule|Evasion Items Clause: Evasion items are banned\n|rule|Species Clause: Limit one of each Pok\u00e9mon\n|rule|Sleep Clause Mod: Limit one foe put to sleep\n|rule|Mega Rayquaza Clause: You cannot mega evolve Rayquaza\n|clearpoke\n|poke|p1|Araquanid, F|\n|poke|p1|Durant, F|\n|poke|p1|Accelgor, M|\n|poke|p1|Volcarona, M|\n|poke|p1|Scizor, M|\n|poke|p1|Pheromosa|\n|poke|p2|Blaziken, F|\n|poke|p2|Galvantula, F|\n|poke|p2|Goodra-Hisui, F|\n|poke|p2|Togekiss, M|\n|poke|p2|Gliscor, F|\n|poke|p2|Quagsire, M|\n|teampreview\n|inactive|Battle timer is ON: inactive players will automatically lose when time's up. (requested by Hazervex2.0)\n|\n|t:|1699396221\n|start\n|switch|p1a: Araquanid|Araquanid, F|100\/100\n|switch|p2a: Galvantula|Galvantula, F|100\/100\n|turn|1\n|\n|t:|1699396241\n|move|p2a: Galvantula|Thunder Wave|p1a: Araquanid\n|-status|p1a: Araquanid|par\n|move|p1a: Araquanid|Sticky Web|p2a: Galvantula\n|-sidestart|p2: Grerinja|move: Sticky Web\n|\n|upkeep\n|turn|2\n|\n|t:|1699396248\n|move|p2a: Galvantula|Sticky Web|p1a: Araquanid\n|-sidestart|p1: Hazervex2.0|move: Sticky Web\n|move|p1a: Araquanid|Liquidation|p2a: Galvantula\n|-damage|p2a: Galvantula|16\/100\n|\n|upkeep\n|turn|3\n|\n|t:|1699396253\n|move|p2a: Galvantula|Thunder|p1a: Araquanid\n|-supereffective|p1a: Araquanid\n|-damage|p1a: Araquanid|40\/100 par\n|cant|p1a: Araquanid|par\n|\n|upkeep\n|turn|4\n|\n|t:|1699396259\n|move|p2a: Galvantula|Thunder|p1a: Araquanid|[miss]\n|-miss|p2a: Galvantula|p1a: Araquanid\n|move|p1a: Araquanid|Liquidation|p2a: Galvantula\n|-damage|p2a: Galvantula|0 fnt\n|faint|p2a: Galvantula\n|\n|upkeep\n|\n|t:|1699396268\n|switch|p2a: Togekiss|Togekiss, M|100\/100\n|turn|5\n|\n|t:|1699396290\n|move|p2a: Togekiss|Air Slash|p1a: Araquanid\n|-supereffective|p1a: Araquanid\n|-damage|p1a: Araquanid|0 fnt\n|faint|p1a: Araquanid\n|-damage|p2a: Togekiss|91\/100|[from] item: Life Orb\n|\n|upkeep\n|\n|t:|1699396303\n|switch|p1a: Scizor|Scizor, M|100\/100\n|-activate|p1a: Scizor|move: Sticky Web\n|-unboost|p1a: Scizor|spe|1\n|turn|6\n|\n|t:|1699396309\n|switch|p2a: Quagsire|Quagsire, M|100\/100\n|-activate|p2a: Quagsire|move: Sticky Web\n|-unboost|p2a: Quagsire|spe|1\n|detailschange|p1a: Scizor|Scizor-Mega, M\n|-mega|p1a: Scizor|Scizor|Scizorite\n|move|p1a: Scizor|Bullet Punch|p2a: Quagsire\n|-resisted|p2a: Quagsire\n|-damage|p2a: Quagsire|87\/100\n|\n|-heal|p2a: Quagsire|93\/100|[from] item: Leftovers\n|upkeep\n|turn|7\n|\n|t:|1699396323\n|switch|p1a: Volcarona|Volcarona, M|100\/100\n|move|p2a: Quagsire|Earthquake|p1a: Volcarona\n|-damage|p1a: Volcarona|52\/100\n|\n|-heal|p2a: Quagsire|99\/100|[from] item: Leftovers\n|upkeep\n|turn|8\n|\n|t:|1699396336\n|switch|p2a: Togekiss|Togekiss, M|91\/100\n|-terastallize|p1a: Volcarona|Grass\n|move|p1a: Volcarona|Quiver Dance|p1a: Volcarona\n|-boost|p1a: Volcarona|spa|1\n|-boost|p1a: Volcarona|spd|1\n|-boost|p1a: Volcarona|spe|1\n|\n|upkeep\n|turn|9\n|\n|t:|1699396345\n|move|p1a: Volcarona|Flamethrower|p2a: Togekiss\n|-damage|p2a: Togekiss|16\/100\n|move|p2a: Togekiss|Air Slash|p1a: Volcarona\n|-supereffective|p1a: Volcarona\n|-damage|p1a: Volcarona|0 fnt\n|faint|p1a: Volcarona\n|-damage|p2a: Togekiss|6\/100|[from] item: Life Orb\n|\n|upkeep\n|\n|t:|1699396360\n|switch|p1a: Accelgor|Accelgor, M|100\/100\n|-activate|p1a: Accelgor|move: Sticky Web\n|-unboost|p1a: Accelgor|spe|1\n|turn|10\n|\n|t:|1699396367\n|move|p2a: Togekiss|Roost|p2a: Togekiss\n|-heal|p2a: Togekiss|56\/100\n|-singleturn|p2a: Togekiss|move: Roost\n|move|p1a: Accelgor|Bug Buzz|p2a: Togekiss\n|-resisted|p2a: Togekiss\n|-damage|p2a: Togekiss|34\/100\n|-unboost|p2a: Togekiss|spd|1\n|-enditem|p1a: Accelgor|Throat Spray\n|-boost|p1a: Accelgor|spa|1|[from] item: Throat Spray\n|\n|upkeep\n|turn|11\n|\n|t:|1699396385\n|move|p1a: Accelgor|Sludge Bomb|p2a: Togekiss\n|-supereffective|p2a: Togekiss\n|-damage|p2a: Togekiss|0 fnt\n|faint|p2a: Togekiss\n|\n|upkeep\n|\n|t:|1699396397\n|switch|p2a: Blaziken|Blaziken, F|100\/100\n|-activate|p2a: Blaziken|move: Sticky Web\n|-unboost|p2a: Blaziken|spe|1\n|turn|12\n|\n|t:|1699396410\n|detailschange|p2a: Blaziken|Blaziken-Mega, F\n|-mega|p2a: Blaziken|Blaziken|Blazikenite\n|move|p1a: Accelgor|Focus Blast|p2a: Blaziken\n|-damage|p2a: Blaziken|28\/100\n|move|p2a: Blaziken|Flare Blitz|p1a: Accelgor\n|-supereffective|p1a: Accelgor\n|-damage|p1a: Accelgor|0 fnt\n|faint|p1a: Accelgor\n|-damage|p2a: Blaziken|0 fnt|[from] Recoil\n|faint|p2a: Blaziken\n|\n|upkeep\n|\n|t:|1699396425\n|switch|p1a: Scizor|Scizor-Mega, M|100\/100\n|switch|p2a: Quagsire|Quagsire, M|99\/100\n|-activate|p1a: Scizor|move: Sticky Web\n|-unboost|p1a: Scizor|spe|1\n|-activate|p2a: Quagsire|move: Sticky Web\n|-unboost|p2a: Quagsire|spe|1\n|turn|13\n|\n|t:|1699396432\n|move|p1a: Scizor|Swords Dance|p1a: Scizor\n|-boost|p1a: Scizor|atk|2\n|move|p2a: Quagsire|Earthquake|p1a: Scizor\n|-damage|p1a: Scizor|78\/100\n|\n|-heal|p2a: Quagsire|100\/100|[from] item: Leftovers\n|upkeep\n|turn|14\n|\n|t:|1699396440\n|move|p1a: Scizor|Close Combat|p2a: Quagsire\n|-damage|p2a: Quagsire|66\/100\n|-unboost|p1a: Scizor|def|1\n|-unboost|p1a: Scizor|spd|1\n|move|p2a: Quagsire|Earthquake|p1a: Scizor\n|-damage|p1a: Scizor|54\/100\n|\n|-heal|p2a: Quagsire|73\/100|[from] item: Leftovers\n|upkeep\n|turn|15\n|\n|t:|1699396451\n|switch|p1a: Durant|Durant, F|100\/100\n|-activate|p1a: Durant|move: Sticky Web\n|-unboost|p1a: Durant|spe|1\n|move|p2a: Quagsire|Recover|p2a: Quagsire\n|-heal|p2a: Quagsire|100\/100\n|\n|upkeep\n|turn|16\n|\n|t:|1699396467\n|move|p1a: Durant|First Impression|p2a: Quagsire\n|-damage|p2a: Quagsire|38\/100\n|move|p2a: Quagsire|Earthquake|p1a: Durant\n|-damage|p1a: Durant|64\/100\n|\n|-heal|p2a: Quagsire|44\/100|[from] item: Leftovers\n|upkeep\n|turn|17\n|\n|t:|1699396476\n|switch|p1a: Pheromosa|Pheromosa|100\/100\n|-activate|p1a: Pheromosa|move: Sticky Web\n|-unboost|p1a: Pheromosa|spe|1\n|move|p2a: Quagsire|Recover|p2a: Quagsire\n|-heal|p2a: Quagsire|94\/100\n|\n|-heal|p2a: Quagsire|99\/100|[from] item: Leftovers\n|upkeep\n|turn|18\n|\n|t:|1699396485\n|move|p1a: Pheromosa|Close Combat|p2a: Quagsire\n|-damage|p2a: Quagsire|28\/100\n|-unboost|p1a: Pheromosa|def|1\n|-unboost|p1a: Pheromosa|spd|1\n|move|p2a: Quagsire|Toxic|p1a: Pheromosa\n|-status|p1a: Pheromosa|tox\n|\n|-heal|p2a: Quagsire|34\/100|[from] item: Leftovers\n|-damage|p1a: Pheromosa|94\/100 tox|[from] psn\n|upkeep\n|turn|19\n|\n|t:|1699396501\n|move|p2a: Quagsire|Protect|p2a: Quagsire\n|-singleturn|p2a: Quagsire|Protect\n|move|p1a: Pheromosa|Close Combat|p2a: Quagsire\n|-activate|p2a: Quagsire|move: Protect\n|\n|-heal|p2a: Quagsire|40\/100|[from] item: Leftovers\n|-damage|p1a: Pheromosa|82\/100 tox|[from] psn\n|upkeep\n|turn|20\n|\n|t:|1699396511\n|switch|p2a: Gliscor|Gliscor, F|100\/100\n|move|p1a: Pheromosa|Close Combat|p2a: Gliscor\n|-resisted|p2a: Gliscor\n|-damage|p2a: Gliscor|69\/100\n|-unboost|p1a: Pheromosa|def|1\n|-unboost|p1a: Pheromosa|spd|1\n|\n|-damage|p1a: Pheromosa|64\/100 tox|[from] psn\n|-status|p2a: Gliscor|tox|[from] item: Toxic Orb\n|upkeep\n|turn|21\n|\n|t:|1699396523\n|switch|p1a: Durant|Durant, F|64\/100\n|-activate|p1a: Durant|move: Sticky Web\n|-unboost|p1a: Durant|spe|1\n|move|p2a: Gliscor|Facade|p1a: Durant\n|-resisted|p1a: Durant\n|-damage|p1a: Durant|45\/100\n|\n|-heal|p2a: Gliscor|82\/100 tox|[from] ability: Poison Heal\n|upkeep\n|turn|22\n|\n|t:|1699396534\n|move|p2a: Gliscor|Earthquake|p1a: Durant\n|-damage|p1a: Durant|5\/100\n|move|p1a: Durant|Iron Head|p2a: Gliscor\n|-damage|p2a: Gliscor|28\/100 tox\n|\n|-heal|p2a: Gliscor|41\/100 tox|[from] ability: Poison Heal\n|upkeep\n|turn|23\n|\n|t:|1699396542\n|move|p2a: Gliscor|Earthquake|p1a: Durant\n|-damage|p1a: Durant|0 fnt\n|faint|p1a: Durant\n|\n|-heal|p2a: Gliscor|53\/100 tox|[from] ability: Poison Heal\n|upkeep\n|\n|t:|1699396549\n|switch|p1a: Pheromosa|Pheromosa|64\/100 tox\n|-activate|p1a: Pheromosa|move: Sticky Web\n|-unboost|p1a: Pheromosa|spe|1\n|turn|24\n|\n|t:|1699396554\n|move|p2a: Gliscor|Protect|p2a: Gliscor\n|-singleturn|p2a: Gliscor|Protect\n|move|p1a: Pheromosa|Triple Axel|p2a: Gliscor\n|-activate|p2a: Gliscor|move: Protect\n|\n|-damage|p1a: Pheromosa|58\/100 tox|[from] psn\n|-heal|p2a: Gliscor|65\/100 tox|[from] ability: Poison Heal\n|upkeep\n|turn|25\n|\n|t:|1699396570\n|-terastallize|p2a: Gliscor|Normal\n|move|p1a: Pheromosa|Triple Axel|p2a: Gliscor\n|-damage|p2a: Gliscor|59\/100 tox\n|-damage|p2a: Gliscor|45\/100 tox\n|-damage|p2a: Gliscor|22\/100 tox\n|-hitcount|p2a: Gliscor|3\n|move|p2a: Gliscor|Facade|p1a: Pheromosa\n|-damage|p1a: Pheromosa|0 fnt\n|faint|p1a: Pheromosa\n|\n|-heal|p2a: Gliscor|35\/100 tox|[from] ability: Poison Heal\n|upkeep\n|\n|t:|1699396583\n|switch|p1a: Scizor|Scizor-Mega, M|54\/100\n|-activate|p1a: Scizor|move: Sticky Web\n|-unboost|p1a: Scizor|spe|1\n|turn|26\n|\n|t:|1699396594\n|move|p2a: Gliscor|Earthquake|p1a: Scizor\n|-damage|p1a: Scizor|29\/100\n|move|p1a: Scizor|Swords Dance|p1a: Scizor\n|-boost|p1a: Scizor|atk|2\n|\n|-heal|p2a: Gliscor|47\/100 tox|[from] ability: Poison Heal\n|upkeep\n|turn|27\n|\n|t:|1699396603\n|move|p2a: Gliscor|Earthquake|p1a: Scizor\n|-damage|p1a: Scizor|4\/100\n|move|p1a: Scizor|Roost|p1a: Scizor\n|-heal|p1a: Scizor|54\/100\n|-singleturn|p1a: Scizor|move: Roost\n|\n|-heal|p2a: Gliscor|60\/100 tox|[from] ability: Poison Heal\n|upkeep\n|turn|28\n|\n|t:|1699396611\n|move|p2a: Gliscor|Earthquake|p1a: Scizor\n|-damage|p1a: Scizor|28\/100\n|move|p1a: Scizor|Roost|p1a: Scizor\n|-heal|p1a: Scizor|79\/100\n|-singleturn|p1a: Scizor|move: Roost\n|\n|-heal|p2a: Gliscor|72\/100 tox|[from] ability: Poison Heal\n|upkeep\n|turn|29\n|\n|t:|1699396626\n|move|p1a: Scizor|Bullet Punch|p2a: Gliscor\n|-damage|p2a: Gliscor|26\/100 tox\n|move|p2a: Gliscor|Earthquake|p1a: Scizor\n|-damage|p1a: Scizor|54\/100\n|\n|-heal|p2a: Gliscor|38\/100 tox|[from] ability: Poison Heal\n|upkeep\n|turn|30\n|\n|t:|1699396640\n|move|p2a: Gliscor|Protect|p2a: Gliscor\n|-singleturn|p2a: Gliscor|Protect\n|move|p1a: Scizor|Bullet Punch|p2a: Gliscor\n|-activate|p2a: Gliscor|move: Protect\n|\n|-heal|p2a: Gliscor|51\/100 tox|[from] ability: Poison Heal\n|upkeep\n|turn|31\n|\n|t:|1699396652\n|move|p1a: Scizor|Bullet Punch|p2a: Gliscor\n|-damage|p2a: Gliscor|6\/100 tox\n|move|p2a: Gliscor|Earthquake|p1a: Scizor\n|-damage|p1a: Scizor|28\/100\n|\n|-heal|p2a: Gliscor|18\/100 tox|[from] ability: Poison Heal\n|upkeep\n|turn|32\n|\n|t:|1699396660\n|move|p2a: Gliscor|Earthquake|p1a: Scizor\n|-damage|p1a: Scizor|2\/100\n|move|p1a: Scizor|Roost|p1a: Scizor\n|-heal|p1a: Scizor|52\/100\n|-singleturn|p1a: Scizor|move: Roost\n|\n|-heal|p2a: Gliscor|31\/100 tox|[from] ability: Poison Heal\n|upkeep\n|turn|33\n|inactive|Hazervex2.0 has 120 seconds left.\n|\n|t:|1699396697\n|move|p1a: Scizor|Bullet Punch|p2a: Gliscor\n|-damage|p2a: Gliscor|0 fnt\n|faint|p2a: Gliscor\n|\n|upkeep\n|\n|t:|1699396702\n|switch|p2a: Quagsire|Quagsire, M|40\/100\n|-activate|p2a: Quagsire|move: Sticky Web\n|-unboost|p2a: Quagsire|spe|1\n|turn|34\n|\n|t:|1699396706\n|move|p1a: Scizor|Close Combat|p2a: Quagsire\n|-damage|p2a: Quagsire|6\/100\n|-unboost|p1a: Scizor|def|1\n|-unboost|p1a: Scizor|spd|1\n|move|p2a: Quagsire|Recover|p2a: Quagsire\n|-heal|p2a: Quagsire|56\/100\n|\n|-heal|p2a: Quagsire|62\/100|[from] item: Leftovers\n|upkeep\n|turn|35\n|-message|Hazervex2.0 forfeited.\n|\n|win|Grerinja\n|raw|Hazervex2.0's rating: 1295 &rarr; <strong>1261<\/strong><br \/>(-34 for losing)\n|raw|Grerinja's rating: 1160 &rarr; <strong>1194<\/strong><br \/>(+34 for winning)\n|l|\u2606Hazervex2.0\n","uploadtime":1699396724,"views":31,"p1id":"hazervex20","p2id":"grerinja","formatid":"gen9nationaldexubers","rating":1194,"private":0,"password":""}