{"id":"gen9nationaldexubers-1984202747","p1":"bepsi-can","p2":"VinnyTheRose","format":"[Gen 9] National Dex Ubers","log":"|j|\u2606bepsi-can\n|j|\u2606VinnyTheRose\n|t:|1699229686\n|gametype|singles\n|player|p1|bepsi-can|elesa|1051\n|player|p2|VinnyTheRose|doubleteam|1212\n|teamsize|p1|6\n|teamsize|p2|6\n|gen|9\n|tier|[Gen 9] National Dex Ubers\n|rated|\n|rule|HP Percentage Mod: HP is shown in percentages\n|rule|Endless Battle Clause: Forcing endless battles is banned\n|rule|OHKO Clause: OHKO moves are banned\n|rule|Evasion Moves Clause: Evasion moves are banned\n|rule|Evasion Items Clause: Evasion items are banned\n|rule|Species Clause: Limit one of each Pok\u00e9mon\n|rule|Sleep Clause Mod: Limit one foe put to sleep\n|rule|Mega Rayquaza Clause: You cannot mega evolve Rayquaza\n|clearpoke\n|poke|p1|Annihilape, M|\n|poke|p1|Pelipper, F|\n|poke|p1|Tentacruel, F|\n|poke|p1|Sylveon, M|\n|poke|p1|Relicanth, F|\n|poke|p1|Flygon, F|\n|poke|p2|Lunala|\n|poke|p2|Magearna|\n|poke|p2|Marshadow|\n|poke|p2|Naganadel|\n|poke|p2|Pheromosa|\n|poke|p2|Necrozma-Dusk-Mane|\n|teampreview\n|inactive|Battle timer is ON: inactive players will automatically lose when time's up. (requested by VinnyTheRose)\n|inactive|bepsi-can also wants the timer to be on.\n|\n|t:|1699229698\n|start\n|switch|p1a: Costco Kyogre|Pelipper, F|100\/100\n|switch|p2a: Pheromosa|Pheromosa|100\/100\n|-weather|RainDance|[from] ability: Drizzle|[of] p1a: Costco Kyogre\n|turn|1\n|c|\u2606bepsi-can|sun and moon slurper\n|c|\u2606VinnyTheRose|alola for life\n|\n|t:|1699229716\n|move|p2a: Pheromosa|U-turn|p1a: Costco Kyogre\n|-resisted|p1a: Costco Kyogre\n|-damage|p1a: Costco Kyogre|78\/100\n|\n|t:|1699229729\n|switch|p2a: Magearna|Magearna|100\/100|[from] U-turn\n|move|p1a: Costco Kyogre|Hurricane|p2a: Magearna\n|-resisted|p2a: Magearna\n|-damage|p2a: Magearna|86\/100\n|\n|-weather|RainDance|[upkeep]\n|upkeep\n|turn|2\n|\n|t:|1699229747\n|move|p2a: Magearna|Shift Gear|p2a: Magearna\n|-boost|p2a: Magearna|spe|2\n|-boost|p2a: Magearna|atk|1\n|move|p1a: Costco Kyogre|Hydro Pump|p2a: Magearna\n|-damage|p2a: Magearna|44\/100\n|\n|-weather|RainDance|[upkeep]\n|upkeep\n|turn|3\n|\n|t:|1699229758\n|move|p2a: Magearna|Calm Mind|p2a: Magearna\n|-boost|p2a: Magearna|spa|1\n|-boost|p2a: Magearna|spd|1\n|move|p1a: Costco Kyogre|Hydro Pump|p2a: Magearna\n|-crit|p2a: Magearna\n|-damage|p2a: Magearna|0 fnt\n|faint|p2a: Magearna\n|\n|-weather|RainDance|[upkeep]\n|upkeep\n|c|\u2606bepsi-can|im cracked\n|c|\u2606bepsi-can|its confirmed\n|inactive|VinnyTheRose has 120 seconds left.\n|\n|t:|1699229774\n|switch|p2a: Necrozma|Necrozma-Dusk-Mane|100\/100\n|turn|4\n|c|\u2606bepsi-can|pelliper>magearna\n|c|\u2606VinnyTheRose|its canon now\n|inactive|VinnyTheRose has 120 seconds left.\n|c|\u2606VinnyTheRose|smogon fix your tiers\n|c|\u2606bepsi-can|ong\n|\n|t:|1699229792\n|detailschange|p2a: Necrozma|Necrozma-Ultra\n|-burst|p2a: Necrozma|Necrozma|Ultranecrozium Z\n|move|p2a: Necrozma|Calm Mind|p2a: Necrozma\n|-boost|p2a: Necrozma|spa|1\n|-boost|p2a: Necrozma|spd|1\n|move|p1a: Costco Kyogre|Hydro Pump|p2a: Necrozma\n|-resisted|p2a: Necrozma\n|-damage|p2a: Necrozma|82\/100\n|\n|-weather|RainDance|[upkeep]\n|upkeep\n|turn|5\n|inactive|VinnyTheRose has 120 seconds left.\n|c|\u2606bepsi-can|bump pelliper to ag\n|\n|t:|1699229811\n|move|p2a: Necrozma|Photon Geyser|p1a: Costco Kyogre\n|-damage|p1a: Costco Kyogre|0 fnt\n|faint|p1a: Costco Kyogre\n|\n|-weather|RainDance|[upkeep]\n|upkeep\n|\n|t:|1699229816\n|switch|p1a: Sleeper Pick|Tentacruel, F|100\/100\n|turn|6\n|c|\u2606bepsi-can|behold\n|\n|t:|1699229821\n|move|p2a: Necrozma|Photon Geyser|p1a: Sleeper Pick\n|-supereffective|p1a: Sleeper Pick\n|-damage|p1a: Sleeper Pick|0 fnt\n|faint|p1a: Sleeper Pick\n|\n|-weather|RainDance|[upkeep]\n|upkeep\n|c|\u2606bepsi-can|ah shit\n|c|\u2606bepsi-can|i forgot what type that was\n|c|\u2606VinnyTheRose|im sorry my man\n|\n|t:|1699229841\n|switch|p1a: Bug\/Dragon|Flygon, F|100\/100\n|turn|7\n|\n|t:|1699229848\n|move|p1a: Bug\/Dragon|First Impression|p2a: Necrozma\n|-supereffective|p2a: Necrozma\n|-damage|p2a: Necrozma|29\/100\n|move|p2a: Necrozma|Photon Geyser|p1a: Bug\/Dragon\n|-damage|p1a: Bug\/Dragon|0 fnt\n|faint|p1a: Bug\/Dragon\n|\n|-weather|RainDance|[upkeep]\n|upkeep\n|\n|t:|1699229856\n|switch|p1a: Relican!|Relicanth, F|100\/100\n|turn|8\n|\n|t:|1699229861\n|move|p1a: Relican!|Head Smash|p2a: Necrozma\n|-damage|p2a: Necrozma|0 fnt\n|faint|p2a: Necrozma\n|-damage|p1a: Relican!|86\/100|[from] Recoil\n|\n|-weather|none\n|upkeep\n|\n|t:|1699229869\n|switch|p2a: Pheromosa|Pheromosa|100\/100\n|turn|9\n|\n|t:|1699229873\n|move|p2a: Pheromosa|Close Combat|p1a: Relican!\n|-supereffective|p1a: Relican!\n|-damage|p1a: Relican!|0 fnt\n|-unboost|p2a: Pheromosa|def|1\n|-unboost|p2a: Pheromosa|spd|1\n|faint|p1a: Relican!\n|-ability|p2a: Pheromosa|Beast Boost|boost\n|-boost|p2a: Pheromosa|spe|1\n|\n|upkeep\n|\n|t:|1699229878\n|switch|p1a: Mankey Mk II|Annihilape, M|100\/100\n|turn|10\n|\n|t:|1699229888\n|switch|p2a: Naganadel|Naganadel|100\/100\n|move|p1a: Mankey Mk II|Bulk Up|p1a: Mankey Mk II\n|-boost|p1a: Mankey Mk II|atk|1\n|-boost|p1a: Mankey Mk II|def|1\n|\n|upkeep\n|turn|11\n|\n|t:|1699229896\n|move|p2a: Naganadel|Nasty Plot|p2a: Naganadel\n|-boost|p2a: Naganadel|spa|2\n|move|p1a: Mankey Mk II|Substitute|p1a: Mankey Mk II\n|-start|p1a: Mankey Mk II|Substitute\n|-damage|p1a: Mankey Mk II|75\/100\n|\n|-heal|p1a: Mankey Mk II|82\/100|[from] item: Leftovers\n|upkeep\n|turn|12\n|\n|t:|1699229909\n|move|p2a: Naganadel|Sludge Wave|p1a: Mankey Mk II\n|-resisted|p1a: Mankey Mk II\n|-end|p1a: Mankey Mk II|Substitute\n|-damage|p2a: Naganadel|91\/100|[from] item: Life Orb\n|move|p1a: Mankey Mk II|Drain Punch|p2a: Naganadel\n|-resisted|p2a: Naganadel\n|-damage|p2a: Naganadel|43\/100\n|-heal|p1a: Mankey Mk II|98\/100|[from] drain|[of] p2a: Naganadel\n|\n|-heal|p1a: Mankey Mk II|100\/100|[from] item: Leftovers\n|upkeep\n|turn|13\n|\n|t:|1699229919\n|move|p2a: Naganadel|Draco Meteor|p1a: Mankey Mk II|[miss]\n|-miss|p2a: Naganadel|p1a: Mankey Mk II\n|move|p1a: Mankey Mk II|Drain Punch|p2a: Naganadel\n|-resisted|p2a: Naganadel\n|-damage|p2a: Naganadel|0 fnt\n|faint|p2a: Naganadel\n|\n|upkeep\n|c|\u2606bepsi-can|im cracked\n|\n|t:|1699229938\n|switch|p2a: Lunala|Lunala|100\/100\n|turn|14\n|\n|t:|1699229950\n|-terastallize|p1a: Mankey Mk II|Fire\n|move|p2a: Lunala|Trick|p1a: Mankey Mk II\n|-activate|p2a: Lunala|move: Trick|[of] p1a: Mankey Mk II\n|-item|p1a: Mankey Mk II|Choice Specs|[from] move: Trick\n|-item|p2a: Lunala|Leftovers|[from] move: Trick\n|move|p1a: Mankey Mk II|Rage Fist|p2a: Lunala\n|-supereffective|p2a: Lunala\n|-damage|p2a: Lunala|30\/100\n|\n|-heal|p2a: Lunala|36\/100|[from] item: Leftovers\n|upkeep\n|turn|15\n|\n|t:|1699229965\n|move|p2a: Lunala|Moongeist Beam|p1a: Mankey Mk II\n|-damage|p1a: Mankey Mk II|51\/100\n|move|p1a: Mankey Mk II|Rage Fist|p2a: Lunala\n|-supereffective|p2a: Lunala\n|-damage|p2a: Lunala|0 fnt\n|faint|p2a: Lunala\n|\n|upkeep\n|c|\u2606bepsi-can|SPECS ANNIHILAPE IS THE NEW META????\n|\n|t:|1699229976\n|switch|p2a: Marshadow|Marshadow|100\/100\n|turn|16\n|\n|t:|1699229979\n|move|p2a: Marshadow|Spectral Thief||[still]\n|-clearpositiveboost|p1a: Mankey Mk II|p2a: Marshadow|move: Spectral Thief\n|-boost|p2a: Marshadow|atk|1\n|-boost|p2a: Marshadow|def|1\n|-anim|p2a: Marshadow|Spectral Thief|p1a: Mankey Mk II\n|-crit|p1a: Mankey Mk II\n|-damage|p1a: Mankey Mk II|0 fnt\n|faint|p1a: Mankey Mk II\n|-damage|p2a: Marshadow|91\/100|[from] item: Life Orb\n|\n|upkeep\n|\n|t:|1699229987\n|switch|p1a: LSD Femboy|Sylveon, M|100\/100\n|turn|17\n|c|\u2606VinnyTheRose|shit i cant hurt a femboy\n|c|\u2606VinnyTheRose|thats my religion\n|\n|t:|1699230005\n|move|p2a: Marshadow|Spectral Thief|p1a: LSD Femboy\n|-damage|p1a: LSD Femboy|24\/100\n|-damage|p2a: Marshadow|81\/100|[from] item: Life Orb\n|move|p1a: LSD Femboy|Echoed Voice|p2a: Marshadow\n|-supereffective|p2a: Marshadow\n|-damage|p2a: Marshadow|40\/100\n|\n|upkeep\n|turn|18\n|c|\u2606bepsi-can|frfr\n|c|\u2606bepsi-can|if it gets going this mon is a nuke\n|\n|t:|1699230028\n|move|p2a: Marshadow|Spectral Thief|p1a: LSD Femboy\n|-damage|p1a: LSD Femboy|0 fnt\n|faint|p1a: LSD Femboy\n|-damage|p2a: Marshadow|30\/100|[from] item: Life Orb\n|\n|win|VinnyTheRose\n|raw|bepsi-can's rating: 1051 &rarr; <strong>1041<\/strong><br \/>(-10 for losing)\n|raw|VinnyTheRose's rating: 1212 &rarr; <strong>1226<\/strong><br \/>(+14 for winning)\n|c|\u2606VinnyTheRose|gg wp man, have a good day\n|l|\u2606bepsi-can\n","uploadtime":1699230043,"views":4,"p1id":"bepsican","p2id":"vinnytherose","formatid":"gen9nationaldexubers","rating":1041,"private":0,"password":""}