{"id":"gen9nationaldexubers-1984179089","p1":"aquiles meo","p2":"ShelmetSoup","format":"[Gen 9] National Dex Ubers","log":"|j|\u2606aquiles meo\n|j|\u2606ShelmetSoup\n|t:|1699227058\n|gametype|singles\n|player|p1|aquiles meo|169|1131\n|player|p2|ShelmetSoup|265|1199\n|teamsize|p1|6\n|teamsize|p2|6\n|gen|9\n|tier|[Gen 9] National Dex Ubers\n|rated|\n|rule|HP Percentage Mod: HP is shown in percentages\n|rule|Endless Battle Clause: Forcing endless battles is banned\n|rule|OHKO Clause: OHKO moves are banned\n|rule|Evasion Moves Clause: Evasion moves are banned\n|rule|Evasion Items Clause: Evasion items are banned\n|rule|Species Clause: Limit one of each Pok\u00e9mon\n|rule|Sleep Clause Mod: Limit one foe put to sleep\n|rule|Mega Rayquaza Clause: You cannot mega evolve Rayquaza\n|clearpoke\n|poke|p1|Jirachi|\n|poke|p1|Ho-Oh|\n|poke|p1|Rayquaza|\n|poke|p1|Pidgeot, M|\n|poke|p1|Lucario, M|\n|poke|p1|Luxray, M|\n|poke|p2|Groudon|\n|poke|p2|Gholdengo|\n|poke|p2|Ho-Oh|\n|poke|p2|Chi-Yu|\n|poke|p2|Ferrothorn, M|\n|poke|p2|Salamence, M|\n|teampreview\n|l|\u2606aquiles meo\n|player|p1|\n|\n|t:|1699227072\n|start\n|switch|p1a: Jirachi|Jirachi, shiny|100\/100\n|switch|p2a: Groudon|Groudon|100\/100\n|-weather|SunnyDay|[from] ability: Drought|[of] p2a: Groudon\n|turn|1\n|j|\u2606aquiles meo\n|player|p1|aquiles meo|169\n|\n|t:|1699227081\n|move|p1a: Jirachi|Iron Head|p2a: Groudon\n|-damage|p2a: Groudon|84\/100\n|move|p2a: Groudon|Stealth Rock|p1a: Jirachi\n|-sidestart|p1: aquiles meo|move: Stealth Rock\n|\n|-weather|SunnyDay|[upkeep]\n|-heal|p2a: Groudon|90\/100|[from] item: Leftovers\n|upkeep\n|turn|2\n|inactive|Battle timer is ON: inactive players will automatically lose when time's up. (requested by ShelmetSoup)\n|\n|t:|1699227099\n|switch|p2a: Ferrothorn|Ferrothorn, M|100\/100\n|-terastallize|p1a: Jirachi|Water\n|move|p1a: Jirachi|Iron Head|p2a: Ferrothorn\n|-resisted|p2a: Ferrothorn\n|-damage|p2a: Ferrothorn|90\/100\n|-damage|p1a: Jirachi|88\/100|[from] ability: Iron Barbs|[of] p2a: Ferrothorn\n|\n|-weather|SunnyDay|[upkeep]\n|-heal|p1a: Jirachi|94\/100|[from] item: Leftovers\n|-heal|p2a: Ferrothorn|96\/100|[from] item: Leftovers\n|upkeep\n|turn|3\n|inactive|ShelmetSoup has 120 seconds left.\n|\n|t:|1699227130\n|move|p1a: Jirachi|Iron Head|p2a: Ferrothorn\n|-resisted|p2a: Ferrothorn\n|-damage|p2a: Ferrothorn|85\/100\n|-damage|p1a: Jirachi|82\/100|[from] ability: Iron Barbs|[of] p2a: Ferrothorn\n|move|p2a: Ferrothorn|Power Whip|p1a: Jirachi|[miss]\n|-miss|p2a: Ferrothorn|p1a: Jirachi\n|\n|-weather|SunnyDay|[upkeep]\n|-heal|p1a: Jirachi|88\/100|[from] item: Leftovers\n|-heal|p2a: Ferrothorn|91\/100|[from] item: Leftovers\n|upkeep\n|turn|4\n|\n|t:|1699227145\n|move|p1a: Jirachi|Iron Head|p2a: Ferrothorn\n|-resisted|p2a: Ferrothorn\n|-damage|p2a: Ferrothorn|80\/100\n|-damage|p1a: Jirachi|76\/100|[from] ability: Iron Barbs|[of] p2a: Ferrothorn\n|cant|p2a: Ferrothorn|flinch\n|\n|-weather|SunnyDay|[upkeep]\n|-heal|p1a: Jirachi|82\/100|[from] item: Leftovers\n|-heal|p2a: Ferrothorn|86\/100|[from] item: Leftovers\n|upkeep\n|turn|5\n|\n|t:|1699227160\n|move|p1a: Jirachi|Doom Desire|p2a: Ferrothorn\n|-start|p1a: Jirachi|Doom Desire\n|move|p2a: Ferrothorn|Power Whip|p1a: Jirachi\n|-supereffective|p1a: Jirachi\n|-damage|p1a: Jirachi|13\/100\n|\n|-weather|none\n|-heal|p1a: Jirachi|19\/100|[from] item: Leftovers\n|-heal|p2a: Ferrothorn|92\/100|[from] item: Leftovers\n|upkeep\n|turn|6\n|inactive|ShelmetSoup has 120 seconds left.\n|\n|t:|1699227212\n|move|p1a: Jirachi|Wish|p1a: Jirachi\n|move|p2a: Ferrothorn|Power Whip|p1a: Jirachi\n|-supereffective|p1a: Jirachi\n|-damage|p1a: Jirachi|0 fnt\n|faint|p1a: Jirachi\n|\n|-heal|p2a: Ferrothorn|98\/100|[from] item: Leftovers\n|upkeep\n|inactive|aquiles meo has 120 seconds left.\n|\n|t:|1699227223\n|switch|p1a: Ho-Oh|Ho-Oh, shiny|100\/100\n|-damage|p1a: Ho-Oh|51\/100|[from] Stealth Rock\n|turn|7\n|inactive|ShelmetSoup has 90 seconds left.\n|\n|t:|1699227250\n|switch|p2a: Chi-Yu|Chi-Yu|100\/100\n|-ability|p2a: Chi-Yu|Beads of Ruin\n|move|p1a: Ho-Oh|Calm Mind|p1a: Ho-Oh\n|-boost|p1a: Ho-Oh|spa|1\n|-boost|p1a: Ho-Oh|spd|1\n|\n|-end|p2a: Chi-Yu|move: Doom Desire\n|-resisted|p2a: Chi-Yu\n|-damage|p2a: Chi-Yu|75\/100\n|-heal|p1a: Ho-Oh|95\/100|[from] move: Wish|[wisher] Jirachi\n|upkeep\n|turn|8\n|inactive|aquiles meo has 120 seconds left.\n|\n|t:|1699227271\n|-terastallize|p2a: Chi-Yu|Dark\n|move|p2a: Chi-Yu|Dark Pulse|p1a: Ho-Oh\n|-damage|p1a: Ho-Oh|49\/100\n|move|p1a: Ho-Oh|Burn Up|p2a: Chi-Yu\n|-damage|p2a: Chi-Yu|0 fnt\n|-start|p1a: Ho-Oh|typechange|???\/Flying|[from] move: Burn Up\n|faint|p2a: Chi-Yu\n|\n|upkeep\n|\n|t:|1699227283\n|switch|p2a: Salamence|Salamence, M|100\/100\n|-ability|p2a: Salamence|Intimidate|boost\n|-fail|p1a: Ho-Oh|unboost|[from] item: Clear Amulet|[of] p1a: Ho-Oh\n|turn|9\n|inactive|aquiles meo has 120 seconds left.\n|\n|t:|1699227296\n|move|p2a: Salamence|Dragon Dance|p2a: Salamence\n|-boost|p2a: Salamence|atk|1\n|-boost|p2a: Salamence|spe|1\n|move|p1a: Ho-Oh|Ancient Power|p2a: Salamence\n|-supereffective|p2a: Salamence\n|-damage|p2a: Salamence|29\/100\n|\n|upkeep\n|turn|10\n|inactive|aquiles meo has 120 seconds left.\n|\n|t:|1699227319\n|detailschange|p2a: Salamence|Salamence-Mega, M\n|-mega|p2a: Salamence|Salamence|Salamencite\n|move|p2a: Salamence|Double-Edge|p1a: Ho-Oh\n|-damage|p1a: Ho-Oh|0 fnt\n|faint|p1a: Ho-Oh\n|-damage|p2a: Salamence|9\/100|[from] Recoil\n|\n|upkeep\n|\n|t:|1699227327\n|switch|p1a: Lucario|Lucario, M, shiny|100\/100\n|-damage|p1a: Lucario|97\/100|[from] Stealth Rock\n|turn|11\n|inactive|ShelmetSoup has 120 seconds left.\n|inactive|ShelmetSoup has 90 seconds left.\n|inactive|ShelmetSoup has 60 seconds left.\n|inactive|ShelmetSoup has 30 seconds left.\n|inactive|ShelmetSoup has 20 seconds left.\n|inactive|ShelmetSoup has 15 seconds left.\n|inactive|ShelmetSoup has 10 seconds left.\n|inactive|ShelmetSoup has 5 seconds left.\n|-message|ShelmetSoup lost due to inactivity.\n|\n|win|aquiles meo\n|raw|aquiles meo's rating: 1131 &rarr; <strong>1161<\/strong><br \/>(+30 for winning)\n|raw|ShelmetSoup's rating: 1199 &rarr; <strong>1169<\/strong><br \/>(-30 for losing)\n","uploadtime":1699227461,"views":4,"p1id":"aquilesmeo","p2id":"shelmetsoup","formatid":"gen9nationaldexubers","rating":1161,"private":0,"password":""}