{"id":"gen9nationaldexubers-1999045823","p1":"Kye_Akashi","p2":"thelexus30","format":"[Gen 9] National Dex Ubers","log":"|j|\u2606Kye_Akashi\n|j|\u2606thelexus30\n|t:|1701027337\n|gametype|singles\n|player|p1|Kye_Akashi|unknownf|1223\n|player|p2|thelexus30|pokekid|1303\n|teamsize|p1|6\n|teamsize|p2|6\n|gen|9\n|tier|[Gen 9] National Dex Ubers\n|rated|\n|rule|HP Percentage Mod: HP is shown in percentages\n|rule|Endless Battle Clause: Forcing endless battles is banned\n|rule|OHKO Clause: OHKO moves are banned\n|rule|Evasion Moves Clause: Evasion moves are banned\n|rule|Evasion Items Clause: Evasion items are banned\n|rule|Species Clause: Limit one of each Pok\u00e9mon\n|rule|Sleep Clause Mod: Limit one foe put to sleep\n|rule|Mega Rayquaza Clause: You cannot mega evolve Rayquaza\n|clearpoke\n|poke|p1|Lucario, M|\n|poke|p1|Garchomp, M|\n|poke|p1|Urshifu-*, M|\n|poke|p1|Mimikyu, F|\n|poke|p1|Mewtwo|\n|poke|p1|Cinderace, M|\n|poke|p2|Tapu Koko|\n|poke|p2|Iron Hands|\n|poke|p2|Raichu-Alola, M|\n|poke|p2|Iron Valiant|\n|poke|p2|Annihilape, F|\n|poke|p2|Zapdos|\n|teampreview\n|\n|t:|1701027359\n|start\n|switch|p1a: Cinderace|Cinderace, M|100\/100\n|switch|p2a: El kokas|Tapu Koko, shiny|100\/100\n|-fieldstart|move: Electric Terrain|[from] ability: Electric Surge|[of] p2a: El kokas\n|turn|1\n|\n|t:|1701027366\n|move|p2a: El kokas|Volt Switch|p1a: Cinderace\n|-damage|p1a: Cinderace|45\/100\n|\n|t:|1701027372\n|switch|p2a: Zapdos|Zapdos|100\/100|[from] Volt Switch\n|move|p1a: Cinderace|Gunk Shot|p2a: Zapdos\n|-start|p1a: Cinderace|typechange|Poison|[from] ability: Libero\n|-damage|p2a: Zapdos|61\/100\n|\n|upkeep\n|turn|2\n|\n|t:|1701027385\n|move|p1a: Cinderace|Pyro Ball|p2a: Zapdos\n|-crit|p2a: Zapdos\n|-damage|p2a: Zapdos|22\/100\n|move|p2a: Zapdos|Volt Switch|p1a: Cinderace\n|-damage|p1a: Cinderace|4\/100\n|\n|t:|1701027403\n|switch|p2a: Annihilape|Annihilape, F|100\/100|[from] Volt Switch\n|\n|upkeep\n|turn|3\n|\n|t:|1701027409\n|move|p1a: Cinderace|Acrobatics|p2a: Annihilape\n|-supereffective|p2a: Annihilape\n|-damage|p2a: Annihilape|37\/100\n|move|p2a: Annihilape|Bulk Up|p2a: Annihilape\n|-boost|p2a: Annihilape|atk|1\n|-boost|p2a: Annihilape|def|1\n|\n|upkeep\n|turn|4\n|\n|t:|1701027414\n|move|p1a: Cinderace|Acrobatics|p2a: Annihilape\n|-supereffective|p2a: Annihilape\n|-damage|p2a: Annihilape|0 fnt\n|faint|p2a: Annihilape\n|\n|upkeep\n|\n|t:|1701027424\n|switch|p2a: Iron Valiant|Iron Valiant|100\/100\n|-activate|p2a: Iron Valiant|ability: Quark Drive\n|-start|p2a: Iron Valiant|quarkdrivespe\n|turn|5\n|\n|t:|1701027430\n|move|p2a: Iron Valiant|Knock Off|p1a: Cinderace\n|-damage|p1a: Cinderace|0 fnt\n|faint|p1a: Cinderace\n|\n|-fieldend|move: Electric Terrain\n|-end|p2a: Iron Valiant|Quark Drive\n|upkeep\n|\n|t:|1701027441\n|switch|p1a: Urshifu|Urshifu-Rapid-Strike, M|100\/100\n|turn|6\n|\n|t:|1701027452\n|-end|p2a: Iron Valiant|Quark Drive|[silent]\n|switch|p2a: Zapdos|Zapdos|22\/100\n|-terastallize|p1a: Urshifu|Steel\n|move|p1a: Urshifu|Poison Jab|p2a: Zapdos\n|-damage|p2a: Zapdos|3\/100\n|-status|p2a: Zapdos|psn\n|-damage|p1a: Urshifu|84\/100|[from] item: Rocky Helmet|[of] p2a: Zapdos\n|\n|-damage|p2a: Zapdos|0 fnt|[from] psn\n|faint|p2a: Zapdos\n|upkeep\n|\n|t:|1701027461\n|switch|p2a: Iron Valiant|Iron Valiant|100\/100\n|turn|7\n|\n|t:|1701027467\n|move|p2a: Iron Valiant|Close Combat|p1a: Urshifu\n|-supereffective|p1a: Urshifu\n|-damage|p1a: Urshifu|0 fnt\n|-unboost|p2a: Iron Valiant|def|1\n|-unboost|p2a: Iron Valiant|spd|1\n|faint|p1a: Urshifu\n|\n|upkeep\n|\n|t:|1701027473\n|switch|p1a: Mimikyu|Mimikyu, F, shiny|100\/100\n|turn|8\n|\n|t:|1701027482\n|-end|p2a: Iron Valiant|Quark Drive|[silent]\n|switch|p2a: El kokas|Tapu Koko, shiny|100\/100\n|-fieldstart|move: Electric Terrain|[from] ability: Electric Surge|[of] p2a: El kokas\n|move|p1a: Mimikyu|Swords Dance|p1a: Mimikyu\n|-boost|p1a: Mimikyu|atk|2\n|\n|upkeep\n|turn|9\n|\n|t:|1701027488\n|move|p2a: El kokas|Volt Switch|p1a: Mimikyu\n|-activate|p1a: Mimikyu|ability: Disguise\n|-damage|p1a: Mimikyu|100\/100\n|detailschange|p1a: Mimikyu|Mimikyu-Busted, F, shiny\n|-damage|p1a: Mimikyu|88\/100|[from] pokemon: Mimikyu-Busted\n|\n|t:|1701027498\n|switch|p2a: Tesla|Raichu-Alola, M, shiny|100\/100|[from] Volt Switch\n|move|p1a: Mimikyu|Swords Dance|p1a: Mimikyu\n|-boost|p1a: Mimikyu|atk|2\n|\n|upkeep\n|turn|10\n|\n|t:|1701027504\n|move|p1a: Mimikyu|Shadow Sneak|p2a: Tesla\n|-supereffective|p2a: Tesla\n|-damage|p2a: Tesla|0 fnt\n|faint|p2a: Tesla\n|\n|upkeep\n|\n|t:|1701027526\n|switch|p2a: Iron Valiant|Iron Valiant|100\/100\n|-activate|p2a: Iron Valiant|ability: Quark Drive\n|-start|p2a: Iron Valiant|quarkdrivespe\n|turn|11\n|\n|t:|1701027540\n|move|p1a: Mimikyu|Shadow Sneak|p2a: Iron Valiant\n|-damage|p2a: Iron Valiant|34\/100\n|move|p2a: Iron Valiant|Spirit Break|p1a: Mimikyu\n|-damage|p1a: Mimikyu|0 fnt\n|faint|p1a: Mimikyu\n|\n|upkeep\n|\n|t:|1701027551\n|switch|p1a: Mewtwo|Mewtwo|100\/100\n|-ability|p1a: Mewtwo|Unnerve\n|turn|12\n|\n|t:|1701027567\n|move|p2a: Iron Valiant|Spirit Break|p1a: Mewtwo\n|-damage|p1a: Mewtwo|52\/100\n|-unboost|p1a: Mewtwo|spa|1\n|move|p1a: Mewtwo|Calm Mind|p1a: Mewtwo\n|-boost|p1a: Mewtwo|spa|1\n|-boost|p1a: Mewtwo|spd|1\n|\n|-heal|p1a: Mewtwo|58\/100|[from] item: Leftovers\n|-fieldend|move: Electric Terrain\n|-end|p2a: Iron Valiant|Quark Drive\n|upkeep\n|turn|13\n|\n|t:|1701027572\n|move|p2a: Iron Valiant|Spirit Break|p1a: Mewtwo\n|-damage|p1a: Mewtwo|2\/100\n|-unboost|p1a: Mewtwo|spa|1\n|move|p1a: Mewtwo|Psystrike|p2a: Iron Valiant\n|-supereffective|p2a: Iron Valiant\n|-damage|p2a: Iron Valiant|0 fnt\n|faint|p2a: Iron Valiant\n|-end|p2a: Iron Valiant|Quark Drive|[silent]\n|\n|-heal|p1a: Mewtwo|8\/100|[from] item: Leftovers\n|upkeep\n|\n|t:|1701027576\n|switch|p2a: El kokas|Tapu Koko, shiny|100\/100\n|-fieldstart|move: Electric Terrain|[from] ability: Electric Surge|[of] p2a: El kokas\n|turn|14\n|\n|t:|1701027584\n|switch|p1a: Garchomp|Garchomp, M, shiny|100\/100\n|move|p2a: El kokas|Dazzling Gleam|p1a: Garchomp\n|-supereffective|p1a: Garchomp\n|-damage|p1a: Garchomp|28\/100\n|\n|upkeep\n|turn|15\n|\n|t:|1701027589\n|move|p2a: El kokas|Dazzling Gleam|p1a: Garchomp\n|-supereffective|p1a: Garchomp\n|-damage|p1a: Garchomp|0 fnt\n|faint|p1a: Garchomp\n|\n|upkeep\n|\n|t:|1701027592\n|switch|p1a: Lucario|Lucario, M|100\/100\n|turn|16\n|\n|t:|1701027597\n|detailschange|p1a: Lucario|Lucario-Mega, M\n|-mega|p1a: Lucario|Lucario|Lucarionite\n|move|p2a: El kokas|Dazzling Gleam|p1a: Lucario\n|-damage|p1a: Lucario|45\/100\n|move|p1a: Lucario|Meteor Mash|p2a: El kokas\n|-damage|p2a: El kokas|13\/100\n|\n|upkeep\n|turn|17\n|\n|t:|1701027602\n|move|p1a: Lucario|Extreme Speed|p2a: El kokas\n|-damage|p2a: El kokas|0 fnt\n|faint|p2a: El kokas\n|\n|upkeep\n|\n|t:|1701027604\n|switch|p2a: El Palmas|Iron Hands|100\/100\n|-activate|p2a: El Palmas|ability: Quark Drive\n|-start|p2a: El Palmas|quarkdriveatk\n|turn|18\n|\n|t:|1701027614\n|move|p1a: Lucario|Aura Sphere|p2a: El Palmas\n|-crit|p2a: El Palmas\n|-damage|p2a: El Palmas|65\/100\n|move|p2a: El Palmas|Drain Punch|p1a: Lucario\n|-supereffective|p1a: Lucario\n|-crit|p1a: Lucario\n|-damage|p1a: Lucario|0 fnt\n|-heal|p2a: El Palmas|79\/100|[from] drain|[of] p1a: Lucario\n|faint|p1a: Lucario\n|\n|-fieldend|move: Electric Terrain\n|-end|p2a: El Palmas|Quark Drive\n|upkeep\n|\n|t:|1701027617\n|switch|p1a: Mewtwo|Mewtwo|8\/100\n|-ability|p1a: Mewtwo|Unnerve\n|turn|19\n|\n|t:|1701027623\n|move|p1a: Mewtwo|Psystrike|p2a: El Palmas\n|-supereffective|p2a: El Palmas\n|-damage|p2a: El Palmas|0 fnt\n|faint|p2a: El Palmas\n|-end|p2a: El Palmas|Quark Drive|[silent]\n|\n|win|Kye_Akashi\n|raw|Kye_Akashi's rating: 1223 &rarr; <strong>1254<\/strong><br \/>(+31 for winning)\n|raw|thelexus30's rating: 1303 &rarr; <strong>1278<\/strong><br \/>(-25 for losing)\n","uploadtime":1701027631,"views":2,"p1id":"kyeakashi","p2id":"thelexus30","formatid":"gen9nationaldexubers","rating":1254,"private":0,"password":""}