{"id":"gen9nationaldexubers-1982208335","p1":"lionecio","p2":"Jackimaster","format":"[Gen 9] National Dex Ubers","log":"|j|\u2606lionecio\n|j|\u2606Jackimaster\n|t:|1698979368\n|gametype|singles\n|player|p1|lionecio|steven|\n|player|p2|Jackimaster|unknown|\n|teamsize|p1|6\n|teamsize|p2|6\n|gen|9\n|tier|[Gen 9] National Dex Ubers\n|rule|HP Percentage Mod: HP is shown in percentages\n|rule|Endless Battle Clause: Forcing endless battles is banned\n|rule|OHKO Clause: OHKO moves are banned\n|rule|Evasion Moves Clause: Evasion moves are banned\n|rule|Evasion Items Clause: Evasion items are banned\n|rule|Species Clause: Limit one of each Pok\u00e9mon\n|rule|Sleep Clause Mod: Limit one foe put to sleep\n|rule|Mega Rayquaza Clause: You cannot mega evolve Rayquaza\n|clearpoke\n|poke|p1|Dragapult, F|\n|poke|p1|Umbreon, F|\n|poke|p1|Zapdos|\n|poke|p1|Scizor, F|\n|poke|p1|Weezing-Galar, M|\n|poke|p1|Excadrill, F|\n|poke|p2|Garganacl, M|\n|poke|p2|Dragapult, F|\n|poke|p2|Meowscarada, F|\n|poke|p2|Vanilluxe, F|\n|poke|p2|Clodsire, M|\n|poke|p2|Togekiss, M|\n|teampreview\n|c|\u2606Jackimaster|Buenass\n|c|\u2606lionecio|wenas\n|c|\u2606lionecio|vaniluxe con draga y togue?\n|c|\u2606lionecio|jack?\n|\n|t:|1698979402\n|start\n|switch|p1a: Scizor|Scizor, F|100\/100\n|switch|p2a: Clodsire|Clodsire, M|100\/100\n|turn|1\n|c|\u2606Jackimaster|Cosas\n|c|\u2606Jackimaster|pq?\n|\n|t:|1698979413\n|detailschange|p1a: Scizor|Scizor-Mega, F\n|-mega|p1a: Scizor|Scizor|Scizorite\n|move|p1a: Scizor|U-turn|p2a: Clodsire\n|-resisted|p2a: Clodsire\n|-damage|p2a: Clodsire|81\/100\n|\n|t:|1698979438\n|switch|p1a: Excadrill|Excadrill, F|100\/100|[from] U-turn\n|-ability|p1a: Excadrill|Mold Breaker\n|move|p2a: Clodsire|Stealth Rock|p1a: Excadrill\n|-sidestart|p1: lionecio|move: Stealth Rock\n|\n|-heal|p2a: Clodsire|88\/100|[from] item: Black Sludge\n|upkeep\n|turn|2\n|\n|t:|1698979454\n|move|p1a: Excadrill|Rock Slide|p2a: Clodsire\n|-resisted|p2a: Clodsire\n|-damage|p2a: Clodsire|71\/100\n|move|p2a: Clodsire|Earthquake|p1a: Excadrill\n|-supereffective|p1a: Excadrill\n|-crit|p1a: Excadrill\n|-damage|p1a: Excadrill|0 fnt\n|faint|p1a: Excadrill\n|\n|-heal|p2a: Clodsire|78\/100|[from] item: Black Sludge\n|upkeep\n|c|\u2606lionecio|BRUUUH\n|c|\u2606Jackimaster|xD\n|c|\u2606lionecio|la kgue\n|c|\u2606lionecio|y ese critico\n|c|\u2606Jackimaster|da igual\n|c|\u2606Jackimaster|tiene 252 en ataque\n|c|\u2606lionecio|no\n|c|\u2606Jackimaster|evs\n|c|\u2606Jackimaster|xd\n|c|\u2606lionecio|si lo awantaba\n|c|\u2606lionecio|tiene evs en def\n|\n|t:|1698979494\n|switch|p1a: Umbreon|Umbreon, F|100\/100\n|-damage|p1a: Umbreon|88\/100|[from] Stealth Rock\n|turn|3\n|c|\u2606Jackimaster|waos\n|\n|t:|1698979498\n|move|p1a: Umbreon|Protect|p1a: Umbreon\n|-singleturn|p1a: Umbreon|Protect\n|move|p2a: Clodsire|Poison Jab|p1a: Umbreon\n|-activate|p1a: Umbreon|move: Protect\n|\n|-heal|p1a: Umbreon|94\/100|[from] item: Leftovers\n|-heal|p2a: Clodsire|84\/100|[from] item: Black Sludge\n|upkeep\n|turn|4\n|\n|t:|1698979503\n|move|p1a: Umbreon|Yawn|p2a: Clodsire\n|-start|p2a: Clodsire|move: Yawn|[of] p1a: Umbreon\n|move|p2a: Clodsire|Poison Jab|p1a: Umbreon\n|-damage|p1a: Umbreon|77\/100\n|-status|p1a: Umbreon|psn\n|-activate|p1a: Umbreon|ability: Synchronize\n|-immune|p2a: Clodsire\n|\n|-heal|p1a: Umbreon|83\/100 psn|[from] item: Leftovers\n|-heal|p2a: Clodsire|90\/100|[from] item: Black Sludge\n|-damage|p1a: Umbreon|70\/100 psn|[from] psn\n|upkeep\n|turn|5\n|c|\u2606Jackimaster|Soy buenisimo\n|\n|t:|1698979514\n|move|p1a: Umbreon|Wish|p1a: Umbreon\n|move|p2a: Clodsire|Earthquake|p1a: Umbreon\n|-damage|p1a: Umbreon|49\/100 psn\n|\n|-heal|p1a: Umbreon|55\/100 psn|[from] item: Leftovers\n|-heal|p2a: Clodsire|96\/100|[from] item: Black Sludge\n|-damage|p1a: Umbreon|43\/100 psn|[from] psn\n|-end|p2a: Clodsire|move: Yawn|[silent]\n|-status|p2a: Clodsire|slp\n|upkeep\n|turn|6\n|\n|t:|1698979521\n|move|p1a: Umbreon|Foul Play|p2a: Clodsire\n|-damage|p2a: Clodsire|67\/100 slp\n|cant|p2a: Clodsire|slp\n|\n|-heal|p1a: Umbreon|93\/100 psn|[from] move: Wish|[wisher] Umbreon\n|-heal|p1a: Umbreon|99\/100 psn|[from] item: Leftovers\n|-heal|p2a: Clodsire|73\/100 slp|[from] item: Black Sludge\n|-damage|p1a: Umbreon|86\/100 psn|[from] psn\n|upkeep\n|turn|7\n|\n|t:|1698979526\n|move|p1a: Umbreon|Wish|p1a: Umbreon\n|-curestatus|p2a: Clodsire|slp|[msg]\n|move|p2a: Clodsire|Recover|p2a: Clodsire\n|-heal|p2a: Clodsire|100\/100\n|\n|-heal|p1a: Umbreon|92\/100 psn|[from] item: Leftovers\n|-damage|p1a: Umbreon|80\/100 psn|[from] psn\n|upkeep\n|turn|8\n|\n|t:|1698979530\n|move|p1a: Umbreon|Yawn|p2a: Clodsire\n|-start|p2a: Clodsire|move: Yawn|[of] p1a: Umbreon\n|move|p2a: Clodsire|Earthquake|p1a: Umbreon\n|-damage|p1a: Umbreon|59\/100 psn\n|\n|-heal|p1a: Umbreon|100\/100 psn|[from] move: Wish|[wisher] Umbreon\n|-damage|p1a: Umbreon|88\/100 psn|[from] psn\n|upkeep\n|turn|9\n|\n|t:|1698979533\n|switch|p1a: Zapdos|Zapdos|100\/100\n|-ability|p1a: Zapdos|Pressure\n|move|p2a: Clodsire|Earthquake|p1a: Zapdos\n|-immune|p1a: Zapdos\n|\n|-end|p2a: Clodsire|move: Yawn|[silent]\n|-status|p2a: Clodsire|slp\n|upkeep\n|turn|10\n|\n|t:|1698979546\n|switch|p2a: Dragapult|Dragapult, F|100\/100\n|move|p1a: Zapdos|Heat Wave|p2a: Dragapult\n|-resisted|p2a: Dragapult\n|-damage|p2a: Dragapult|80\/100\n|\n|upkeep\n|turn|11\n|c|\u2606Jackimaster|Na\n|\n|t:|1698979554\n|switch|p1a: Weezing|Weezing-Galar, M|100\/100\n|-damage|p1a: Weezing|88\/100|[from] Stealth Rock\n|move|p2a: Dragapult|Shadow Ball|p1a: Weezing\n|-damage|p1a: Weezing|37\/100\n|-unboost|p1a: Weezing|spd|1\n|\n|-heal|p1a: Weezing|43\/100|[from] item: Black Sludge\n|upkeep\n|turn|12\n|c|\u2606lionecio|BRUh\n|c|\u2606lionecio|q pasa\n|c|\u2606Jackimaster|XD\n|c|\u2606lionecio|q pasa\n|c|\u2606lionecio|activas todos\n|c|\u2606Jackimaster|Aca nms\n|\n|t:|1698979580\n|move|p2a: Dragapult|Shadow Ball|p1a: Weezing\n|-damage|p1a: Weezing|0 fnt\n|faint|p1a: Weezing\n|\n|upkeep\n|\n|t:|1698979584\n|switch|p1a: Dragapult|Dragapult, F|100\/100\n|-damage|p1a: Dragapult|88\/100|[from] Stealth Rock\n|turn|13\n|c|\u2606lionecio|ya si me ganas en speed\n|c|\u2606lionecio|me rindo\n|c|\u2606lionecio|nanana\n|\n|t:|1698979604\n|move|p1a: Dragapult|Shadow Ball|p2a: Dragapult\n|-supereffective|p2a: Dragapult\n|-damage|p2a: Dragapult|0 fnt\n|faint|p2a: Dragapult\n|\n|upkeep\n|c|\u2606Jackimaster|Uy\n|\n|t:|1698979613\n|switch|p2a: Meowscarada|Meowscarada, F, shiny|100\/100\n|turn|14\n|\n|t:|1698979619\n|switch|p1a: Scizor|Scizor-Mega, F|100\/100\n|-damage|p1a: Scizor|88\/100|[from] Stealth Rock\n|move|p2a: Meowscarada|Knock Off|p1a: Scizor\n|-start|p2a: Meowscarada|typechange|Dark|[from] ability: Protean\n|-damage|p1a: Scizor|62\/100\n|-damage|p2a: Meowscarada|91\/100|[from] item: Life Orb\n|\n|upkeep\n|turn|15\n|c|\u2606Jackimaster|hmm\n|\n|t:|1698979631\n|switch|p2a: Clodsire|Clodsire, M|100\/100 slp\n|move|p1a: Scizor|Swords Dance|p1a: Scizor\n|-boost|p1a: Scizor|atk|2\n|\n|upkeep\n|turn|16\n|c|\u2606lionecio|jum\n|c|\u2606lionecio|o\n|\n|t:|1698979638\n|move|p1a: Scizor|U-turn|p2a: Clodsire\n|-resisted|p2a: Clodsire\n|-damage|p2a: Clodsire|60\/100 slp\n|\n|t:|1698979641\n|switch|p1a: Dragapult|Dragapult, F|88\/100|[from] U-turn\n|-damage|p1a: Dragapult|76\/100|[from] Stealth Rock\n|cant|p2a: Clodsire|slp\n|\n|-heal|p2a: Clodsire|67\/100 slp|[from] item: Black Sludge\n|upkeep\n|turn|17\n|c|\u2606Jackimaster|uf\n|\n|t:|1698979654\n|move|p1a: Dragapult|Shadow Ball|p2a: Clodsire\n|-damage|p2a: Clodsire|40\/100 slp\n|cant|p2a: Clodsire|slp\n|\n|-heal|p2a: Clodsire|46\/100 slp|[from] item: Black Sludge\n|upkeep\n|turn|18\n|\n|t:|1698979658\n|move|p1a: Dragapult|Shadow Ball|p2a: Clodsire\n|-damage|p2a: Clodsire|16\/100 slp\n|cant|p2a: Clodsire|slp\n|\n|-heal|p2a: Clodsire|23\/100 slp|[from] item: Black Sludge\n|upkeep\n|turn|19\n|c|\u2606lionecio|ya y no le baja\n|c|\u2606lionecio|la def\n|\n|t:|1698979665\n|move|p1a: Dragapult|Shadow Ball|p2a: Clodsire\n|-damage|p2a: Clodsire|0 fnt\n|faint|p2a: Clodsire\n|\n|upkeep\n|c|\u2606Jackimaster|xd\n|\n|t:|1698979670\n|switch|p2a: Vanilluxe|Vanilluxe, F|100\/100\n|-weather|Snow|[from] ability: Snow Warning|[of] p2a: Vanilluxe\n|turn|20\n|\n|t:|1698979676\n|switch|p1a: Umbreon|Umbreon, F|88\/100 psn\n|-damage|p1a: Umbreon|76\/100 psn|[from] Stealth Rock\n|move|p2a: Vanilluxe|Aurora Veil|p2a: Vanilluxe\n|-sidestart|p2: Jackimaster|move: Aurora Veil\n|\n|-weather|Snow|[upkeep]\n|-heal|p1a: Umbreon|82\/100 psn|[from] item: Leftovers\n|-damage|p1a: Umbreon|69\/100 psn|[from] psn\n|upkeep\n|turn|21\n|c|\u2606Jackimaster|Perdiste\n|\n|t:|1698979692\n|switch|p2a: Garganacl|Garganacl, M, shiny|100\/100\n|move|p1a: Umbreon|Yawn|p2a: Garganacl\n|-immune|p2a: Garganacl|[from] ability: Purifying Salt\n|\n|-weather|Snow|[upkeep]\n|-heal|p1a: Umbreon|75\/100 psn|[from] item: Leftovers\n|-damage|p1a: Umbreon|63\/100 psn|[from] psn\n|upkeep\n|turn|22\n|c|\u2606lionecio|nomames\n|c|\u2606lionecio|ya entendi\n|c|\u2606lionecio|en efecto\n|c|\u2606lionecio|ya mame\n|c|\u2606Jackimaster|JAJAJAJ\n|\n|t:|1698979749\n|move|p1a: Umbreon|Wish|p1a: Umbreon\n|move|p2a: Garganacl|Iron Defense|p2a: Garganacl\n|-boost|p2a: Garganacl|def|2\n|\n|-weather|Snow|[upkeep]\n|-heal|p1a: Umbreon|69\/100 psn|[from] item: Leftovers\n|-damage|p1a: Umbreon|57\/100 psn|[from] psn\n|upkeep\n|turn|23\n|\n|t:|1698979758\n|move|p1a: Umbreon|Foul Play|p2a: Garganacl\n|-damage|p2a: Garganacl|95\/100\n|move|p2a: Garganacl|Iron Defense|p2a: Garganacl\n|-boost|p2a: Garganacl|def|2\n|\n|-weather|Snow|[upkeep]\n|-heal|p1a: Umbreon|100\/100 psn|[from] move: Wish|[wisher] Umbreon\n|-heal|p2a: Garganacl|100\/100|[from] item: Leftovers\n|-damage|p1a: Umbreon|88\/100 psn|[from] psn\n|upkeep\n|turn|24\n|\n|t:|1698979768\n|switch|p1a: Scizor|Scizor-Mega, F|62\/100\n|-damage|p1a: Scizor|49\/100|[from] Stealth Rock\n|move|p2a: Garganacl|Iron Defense|p2a: Garganacl\n|-boost|p2a: Garganacl|def|2\n|\n|-weather|none\n|upkeep\n|turn|25\n|c|\u2606Jackimaster|Me estas dando demasiado tiempo\n|\n|t:|1698979775\n|move|p1a: Scizor|Bullet Punch|p2a: Garganacl\n|-supereffective|p2a: Garganacl\n|-damage|p2a: Garganacl|96\/100\n|move|p2a: Garganacl|Body Press|p1a: Scizor\n|-damage|p1a: Scizor|0 fnt\n|faint|p1a: Scizor\n|\n|-heal|p2a: Garganacl|100\/100|[from] item: Leftovers\n|upkeep\n|\n|t:|1698979780\n|switch|p1a: Dragapult|Dragapult, F|76\/100\n|-damage|p1a: Dragapult|64\/100|[from] Stealth Rock\n|turn|26\n|c|\u2606Jackimaster|Me hace critico\n|c|\u2606Jackimaster|y te juro\n|c|\u2606Jackimaster|que te baneo en el mc\n|\n|t:|1698979799\n|move|p1a: Dragapult|U-turn|p2a: Garganacl\n|-damage|p2a: Garganacl|98\/100\n|\n|t:|1698979802\n|switch|p1a: Umbreon|Umbreon, F|88\/100 psn|[from] U-turn\n|-damage|p1a: Umbreon|76\/100 psn|[from] Stealth Rock\n|move|p2a: Garganacl|Salt Cure|p1a: Umbreon\n|-damage|p1a: Umbreon|64\/100 psn\n|-start|p1a: Umbreon|Salt Cure\n|\n|-heal|p1a: Umbreon|70\/100 psn|[from] item: Leftovers\n|-heal|p2a: Garganacl|100\/100|[from] item: Leftovers\n|-damage|p1a: Umbreon|58\/100 psn|[from] psn\n|-damage|p1a: Umbreon|45\/100 psn|[from] Salt Cure\n|upkeep\n|turn|27\n|\n|t:|1698979828\n|move|p1a: Umbreon|Wish|p1a: Umbreon\n|move|p2a: Garganacl|Salt Cure|p1a: Umbreon\n|-damage|p1a: Umbreon|34\/100 psn\n|\n|-heal|p1a: Umbreon|40\/100 psn|[from] item: Leftovers\n|-damage|p1a: Umbreon|28\/100 psn|[from] psn\n|-damage|p1a: Umbreon|15\/100 psn|[from] Salt Cure\n|-sideend|p2: Jackimaster|move: Aurora Veil\n|upkeep\n|turn|28\n|\n|t:|1698979845\n|move|p1a: Umbreon|Foul Play|p2a: Garganacl\n|-damage|p2a: Garganacl|95\/100\n|move|p2a: Garganacl|Salt Cure|p1a: Umbreon\n|-damage|p1a: Umbreon|5\/100 psn\n|\n|-heal|p1a: Umbreon|55\/100 psn|[from] move: Wish|[wisher] Umbreon\n|-heal|p1a: Umbreon|61\/100 psn|[from] item: Leftovers\n|-heal|p2a: Garganacl|100\/100|[from] item: Leftovers\n|-damage|p1a: Umbreon|48\/100 psn|[from] psn\n|-damage|p1a: Umbreon|36\/100 psn|[from] Salt Cure\n|upkeep\n|turn|29\n|\n|t:|1698979881\n|move|p1a: Umbreon|Wish|p1a: Umbreon\n|move|p2a: Garganacl|Body Press|p1a: Umbreon\n|-supereffective|p1a: Umbreon\n|-damage|p1a: Umbreon|0 fnt\n|faint|p1a: Umbreon\n|\n|upkeep\n|\n|t:|1698979890\n|switch|p1a: Zapdos|Zapdos|100\/100\n|-ability|p1a: Zapdos|Pressure\n|turn|30\n|\n|t:|1698979894\n|move|p1a: Zapdos|Hidden Power|p2a: Garganacl\n|-supereffective|p2a: Garganacl\n|-damage|p2a: Garganacl|73\/100\n|move|p2a: Garganacl|Salt Cure|p1a: Zapdos\n|-supereffective|p1a: Zapdos\n|-damage|p1a: Zapdos|68\/100\n|-start|p1a: Zapdos|Salt Cure\n|\n|-heal|p1a: Zapdos|100\/100|[from] move: Wish|[wisher] Umbreon\n|-heal|p2a: Garganacl|79\/100|[from] item: Leftovers\n|-damage|p1a: Zapdos|88\/100|[from] Salt Cure\n|upkeep\n|turn|31\n|c|\u2606Jackimaster|XD\n|\n|t:|1698979902\n|move|p1a: Zapdos|Hidden Power|p2a: Garganacl\n|-supereffective|p2a: Garganacl\n|-damage|p2a: Garganacl|53\/100\n|move|p2a: Garganacl|Salt Cure|p1a: Zapdos\n|-supereffective|p1a: Zapdos\n|-damage|p1a: Zapdos|52\/100\n|\n|-heal|p2a: Garganacl|59\/100|[from] item: Leftovers\n|-damage|p1a: Zapdos|39\/100|[from] Salt Cure\n|upkeep\n|turn|32\n|\n|t:|1698979907\n|move|p1a: Zapdos|Hidden Power|p2a: Garganacl\n|-supereffective|p2a: Garganacl\n|-damage|p2a: Garganacl|31\/100\n|move|p2a: Garganacl|Recover|p2a: Garganacl\n|-heal|p2a: Garganacl|81\/100\n|\n|-heal|p2a: Garganacl|87\/100|[from] item: Leftovers\n|-damage|p1a: Zapdos|27\/100|[from] Salt Cure\n|upkeep\n|turn|33\n|\n|t:|1698979921\n|move|p1a: Zapdos|Roost|p1a: Zapdos\n|-heal|p1a: Zapdos|77\/100\n|-singleturn|p1a: Zapdos|move: Roost\n|move|p2a: Garganacl|Salt Cure|p1a: Zapdos\n|-damage|p1a: Zapdos|59\/100\n|\n|-heal|p2a: Garganacl|94\/100|[from] item: Leftovers\n|-damage|p1a: Zapdos|47\/100|[from] Salt Cure\n|upkeep\n|turn|34\n|\n|t:|1698980028\n|move|p1a: Zapdos|Hidden Power|p2a: Garganacl\n|-supereffective|p2a: Garganacl\n|-damage|p2a: Garganacl|65\/100\n|move|p2a: Garganacl|Salt Cure|p1a: Zapdos\n|-supereffective|p1a: Zapdos\n|-damage|p1a: Zapdos|13\/100\n|\n|-heal|p2a: Garganacl|71\/100|[from] item: Leftovers\n|-damage|p1a: Zapdos|0 fnt|[from] Salt Cure\n|faint|p1a: Zapdos\n|upkeep\n|\n|t:|1698980054\n|switch|p1a: Dragapult|Dragapult, F|64\/100\n|-damage|p1a: Dragapult|51\/100|[from] Stealth Rock\n|turn|35\n|c|\u2606Jackimaster|en efecto\n|c|\u2606Jackimaster|caque\n|\n|t:|1698980062\n|move|p1a: Dragapult|Draco Meteor|p2a: Garganacl\n|-damage|p2a: Garganacl|15\/100\n|-unboost|p1a: Dragapult|spa|2\n|move|p2a: Garganacl|Recover|p2a: Garganacl\n|-heal|p2a: Garganacl|65\/100\n|\n|-heal|p2a: Garganacl|71\/100|[from] item: Leftovers\n|upkeep\n|turn|36\n|c|\u2606Jackimaster|XD\n|\n|t:|1698980091\n|move|p1a: Dragapult|Draco Meteor|p2a: Garganacl\n|-damage|p2a: Garganacl|45\/100\n|-unboost|p1a: Dragapult|spa|2\n|move|p2a: Garganacl|Recover|p2a: Garganacl\n|-heal|p2a: Garganacl|95\/100\n|\n|-heal|p2a: Garganacl|100\/100|[from] item: Leftovers\n|upkeep\n|turn|37\n|\n|t:|1698980101\n|move|p1a: Dragapult|Draco Meteor|p2a: Garganacl\n|-damage|p2a: Garganacl|82\/100\n|-unboost|p1a: Dragapult|spa|2\n|move|p2a: Garganacl|Salt Cure|p1a: Dragapult\n|-damage|p1a: Dragapult|31\/100\n|-start|p1a: Dragapult|Salt Cure\n|\n|-heal|p2a: Garganacl|88\/100|[from] item: Leftovers\n|-damage|p1a: Dragapult|19\/100|[from] Salt Cure\n|upkeep\n|turn|38\n|c|\u2606Jackimaster|gg\n|\n|t:|1698980111\n|-terastallize|p1a: Dragapult|Dragon\n|move|p1a: Dragapult|Draco Meteor|p2a: Garganacl\n|-damage|p2a: Garganacl|70\/100\n|move|p2a: Garganacl|Recover|p2a: Garganacl\n|-heal|p2a: Garganacl|100\/100\n|\n|-damage|p1a: Dragapult|6\/100|[from] Salt Cure\n|upkeep\n|turn|39\n|\n|t:|1698980118\n|move|p1a: Dragapult|Draco Meteor|p2a: Garganacl\n|-damage|p2a: Garganacl|80\/100\n|move|p2a: Garganacl|Salt Cure|p1a: Dragapult\n|-damage|p1a: Dragapult|0 fnt\n|faint|p1a: Dragapult\n|\n|win|Jackimaster\n","uploadtime":1698980124,"views":8,"p1id":"lionecio","p2id":"jackimaster","formatid":"gen9nationaldexubers","rating":0,"private":0,"password":""}