{"id":"gen9nationaldexubers-1985464995","p1":"BillyBobJr.The3rd","p2":"EndlessC4lamity","format":"[Gen 9] National Dex Ubers","log":"|j|\u2606BillyBobJr.The3rd\n|j|\u2606EndlessC4lamity\n|t:|1699376900\n|gametype|singles\n|player|p1|BillyBobJr.The3rd|169|\n|player|p2|EndlessC4lamity|katy|\n|teamsize|p1|6\n|teamsize|p2|6\n|gen|9\n|tier|[Gen 9] National Dex Ubers\n|rule|HP Percentage Mod: HP is shown in percentages\n|rule|Endless Battle Clause: Forcing endless battles is banned\n|rule|OHKO Clause: OHKO moves are banned\n|rule|Evasion Moves Clause: Evasion moves are banned\n|rule|Evasion Items Clause: Evasion items are banned\n|rule|Species Clause: Limit one of each Pok\u00e9mon\n|rule|Sleep Clause Mod: Limit one foe put to sleep\n|rule|Mega Rayquaza Clause: You cannot mega evolve Rayquaza\n|clearpoke\n|poke|p1|Pelipper, M|\n|poke|p1|Walking Wake|\n|poke|p1|Kilowattrel, M|\n|poke|p1|Tauros-Paldea-Aqua, M|\n|poke|p1|Swampert, F|\n|poke|p1|Aerodactyl, F|\n|poke|p2|Ninetales-Alola, M|\n|poke|p2|Gardevoir, F|\n|poke|p2|Snorlax, M|\n|poke|p2|Alcremie-Ruby-Swirl, F|\n|poke|p2|Ribombee, F|\n|poke|p2|Mismagius, F|\n|teampreview\n|c|\u2606EndlessC4lamity|glhf\n|c|\u2606BillyBobJr.The3rd|glhf\n|\n|t:|1699376920\n|start\n|switch|p1a: Aerodactyl|Aerodactyl, F|100\/100\n|switch|p2a: Ribombee|Ribombee, F, shiny|100\/100\n|-ability|p1a: Aerodactyl|Unnerve\n|turn|1\n|\n|t:|1699376928\n|detailschange|p1a: Aerodactyl|Aerodactyl-Mega, F\n|-mega|p1a: Aerodactyl|Aerodactyl|Aerodactylite\n|move|p1a: Aerodactyl|Dual Wingbeat|p2a: Ribombee\n|-supereffective|p2a: Ribombee\n|-enditem|p2a: Ribombee|Focus Sash\n|-damage|p2a: Ribombee|1\/100\n|-supereffective|p2a: Ribombee\n|-damage|p2a: Ribombee|0 fnt\n|faint|p2a: Ribombee\n|-hitcount|p2: Ribombee|2\n|\n|upkeep\n|\n|t:|1699376937\n|switch|p2a: Snorlax|Snorlax, M|100\/100\n|turn|2\n|\n|t:|1699376943\n|switch|p1a: Pelipper|Pelipper, M|100\/100\n|-weather|RainDance|[from] ability: Drizzle|[of] p1a: Pelipper\n|move|p2a: Snorlax|Double-Edge|p1a: Pelipper\n|-damage|p1a: Pelipper|44\/100\n|-damage|p2a: Snorlax|89\/100|[from] Recoil\n|-damage|p2a: Snorlax|79\/100|[from] item: Life Orb\n|\n|-weather|RainDance|[upkeep]\n|upkeep\n|turn|3\n|\n|t:|1699376948\n|move|p1a: Pelipper|Roost|p1a: Pelipper\n|-heal|p1a: Pelipper|94\/100\n|-singleturn|p1a: Pelipper|move: Roost\n|move|p2a: Snorlax|Double-Edge|p1a: Pelipper\n|-damage|p1a: Pelipper|30\/100\n|-damage|p2a: Snorlax|66\/100|[from] Recoil\n|-damage|p2a: Snorlax|56\/100|[from] item: Life Orb\n|\n|-weather|RainDance|[upkeep]\n|upkeep\n|turn|4\n|j| Snowflakss\n|\n|t:|1699376954\n|switch|p2a: Mismagius|Mismagius, F|100\/100\n|move|p1a: Pelipper|U-turn|p2a: Mismagius\n|-resisted|p2a: Mismagius\n|-damage|p2a: Mismagius|93\/100\n|\n|t:|1699376959\n|switch|p1a: Aerodactyl|Aerodactyl-Mega, F|100\/100|[from] U-turn\n|\n|-weather|RainDance|[upkeep]\n|upkeep\n|turn|5\n|c| Snowflakss|Ayaya\n|\n|t:|1699376971\n|move|p2a: Mismagius|Shadow Ball|p1a: Aerodactyl\n|-crit|p1a: Aerodactyl\n|-damage|p1a: Aerodactyl|29\/100\n|move|p1a: Aerodactyl|Pursuit|p2a: Mismagius\n|-supereffective|p2a: Mismagius\n|-damage|p2a: Mismagius|29\/100\n|\n|-weather|RainDance|[upkeep]\n|upkeep\n|turn|6\n|c|\u2606BillyBobJr.The3rd|owie\n|j| Vaiythe\n|\n|t:|1699376986\n|move|p2a: Mismagius|Shadow Ball|p1a: Aerodactyl\n|-damage|p1a: Aerodactyl|0 fnt\n|faint|p1a: Aerodactyl\n|\n|-weather|RainDance|[upkeep]\n|upkeep\n|\n|t:|1699376988\n|switch|p1a: Tauros|Tauros-Paldea-Aqua, M|100\/100\n|-ability|p1a: Tauros|Intimidate|boost\n|-unboost|p2a: Mismagius|atk|1\n|turn|7\n|\n|t:|1699376992\n|move|p1a: Tauros|Wave Crash|p2a: Mismagius\n|-damage|p2a: Mismagius|0 fnt\n|faint|p2a: Mismagius\n|-damage|p1a: Tauros|92\/100|[from] Recoil\n|\n|-weather|RainDance|[upkeep]\n|upkeep\n|\n|t:|1699376994\n|switch|p2a: Ninetales|Ninetales-Alola, M, shiny|100\/100\n|-weather|Snow|[from] ability: Snow Warning|[of] p2a: Ninetales\n|turn|8\n|\n|t:|1699376999\n|switch|p1a: Pelipper|Pelipper, M|30\/100\n|-weather|RainDance|[from] ability: Drizzle|[of] p1a: Pelipper\n|move|p2a: Ninetales|Freeze-Dry|p1a: Pelipper\n|-supereffective|p1a: Pelipper\n|-damage|p1a: Pelipper|0 fnt\n|faint|p1a: Pelipper\n|\n|-weather|RainDance|[upkeep]\n|upkeep\n|\n|t:|1699377001\n|switch|p1a: Walking Wake|Walking Wake|100\/100\n|-enditem|p1a: Walking Wake|Booster Energy\n|-activate|p1a: Walking Wake|ability: Protosynthesis|[fromitem]\n|-start|p1a: Walking Wake|protosynthesisspa\n|turn|9\n|\n|t:|1699377008\n|move|p2a: Ninetales|Freeze-Dry|p1a: Walking Wake\n|-supereffective|p1a: Walking Wake\n|-crit|p1a: Walking Wake\n|-damage|p1a: Walking Wake|0 fnt\n|faint|p1a: Walking Wake\n|-end|p1a: Walking Wake|Protosynthesis|[silent]\n|\n|-weather|RainDance|[upkeep]\n|upkeep\n|c|\u2606BillyBobJr.The3rd|oh\n|\n|t:|1699377017\n|switch|p1a: Tauros|Tauros-Paldea-Aqua, M|92\/100\n|-ability|p1a: Tauros|Intimidate|boost\n|-unboost|p2a: Ninetales|atk|1\n|turn|10\n|\n|t:|1699377025\n|switch|p2a: Alcremie|Alcremie-Ruby-Swirl, F|100\/100\n|move|p1a: Tauros|Wave Crash|p2a: Alcremie\n|-damage|p2a: Alcremie|0 fnt\n|faint|p2a: Alcremie\n|-damage|p1a: Tauros|54\/100|[from] Recoil\n|\n|-weather|RainDance|[upkeep]\n|upkeep\n|\n|t:|1699377034\n|switch|p2a: Snorlax|Snorlax, M|56\/100\n|turn|11\n|\n|t:|1699377040\n|switch|p1a: Swampert|Swampert, F|100\/100\n|move|p2a: Snorlax|Double-Edge|p1a: Swampert\n|-damage|p1a: Swampert|29\/100\n|-damage|p2a: Snorlax|38\/100|[from] Recoil\n|-damage|p2a: Snorlax|28\/100|[from] item: Life Orb\n|\n|-weather|RainDance|[upkeep]\n|upkeep\n|turn|12\n|\n|t:|1699377043\n|move|p1a: Swampert|Liquidation|p2a: Snorlax\n|-crit|p2a: Snorlax\n|-damage|p2a: Snorlax|0 fnt\n|faint|p2a: Snorlax\n|\n|-weather|RainDance|[upkeep]\n|upkeep\n|\n|t:|1699377046\n|switch|p2a: Gardevoir|Gardevoir, F|100\/100\n|turn|13\n|\n|t:|1699377049\n|detailschange|p2a: Gardevoir|Gardevoir-Mega, F\n|-mega|p2a: Gardevoir|Gardevoir|Gardevoirite\n|move|p2a: Gardevoir|Hyper Voice|p1a: Swampert\n|-damage|p1a: Swampert|0 fnt\n|faint|p1a: Swampert\n|\n|-weather|RainDance|[upkeep]\n|upkeep\n|\n|t:|1699377055\n|switch|p1a: Kilowattrel|Kilowattrel, M|100\/100\n|turn|14\n|\n|t:|1699377060\n|move|p1a: Kilowattrel|Thunder|p2a: Gardevoir\n|-damage|p2a: Gardevoir|49\/100\n|move|p2a: Gardevoir|Hyper Voice|p1a: Kilowattrel\n|-damage|p1a: Kilowattrel|0 fnt\n|faint|p1a: Kilowattrel\n|\n|-weather|RainDance|[upkeep]\n|upkeep\n|\n|t:|1699377064\n|switch|p1a: Tauros|Tauros-Paldea-Aqua, M|54\/100\n|-ability|p1a: Tauros|Intimidate|boost\n|-unboost|p2a: Gardevoir|atk|1\n|turn|15\n|\n|t:|1699377066\n|move|p1a: Tauros|Wave Crash|p2a: Gardevoir\n|-damage|p2a: Gardevoir|0 fnt\n|faint|p2a: Gardevoir\n|-damage|p1a: Tauros|38\/100|[from] Recoil\n|\n|-weather|none\n|upkeep\n|\n|t:|1699377069\n|switch|p2a: Ninetales|Ninetales-Alola, M, shiny|100\/100\n|-weather|Snow|[from] ability: Snow Warning|[of] p2a: Ninetales\n|turn|16\n|\n|t:|1699377070\n|move|p1a: Tauros|Wave Crash|p2a: Ninetales\n|-damage|p2a: Ninetales|40\/100\n|-damage|p1a: Tauros|17\/100|[from] Recoil\n|move|p2a: Ninetales|Freeze-Dry|p1a: Tauros\n|-supereffective|p1a: Tauros\n|-damage|p1a: Tauros|0 fnt\n|faint|p1a: Tauros\n|\n|win|EndlessC4lamity\n|c|\u2606BillyBobJr.The3rd|ggs\n|c|\u2606EndlessC4lamity|gg\n","uploadtime":1699377083,"views":36,"p1id":"billybobjrthe3rd","p2id":"endlessc4lamity","formatid":"gen9nationaldexubers","rating":0,"private":0,"password":""}