{"id":"gen9nationaldexubers-1983804287","p1":"DrArkane15","p2":"Neosouls","format":"[Gen 9] National Dex Ubers","log":"|j|\u2606DrArkane15\n|j|\u2606Neosouls\n|t:|1699184242\n|gametype|singles\n|player|p1|DrArkane15|cyrus|\n|player|p2|Neosouls|marlon|\n|teamsize|p1|3\n|teamsize|p2|5\n|gen|9\n|tier|[Gen 9] National Dex Ubers\n|rule|HP Percentage Mod: HP is shown in percentages\n|rule|Endless Battle Clause: Forcing endless battles is banned\n|rule|OHKO Clause: OHKO moves are banned\n|rule|Evasion Moves Clause: Evasion moves are banned\n|rule|Evasion Items Clause: Evasion items are banned\n|rule|Species Clause: Limit one of each Pok\u00e9mon\n|rule|Sleep Clause Mod: Limit one foe put to sleep\n|rule|Mega Rayquaza Clause: You cannot mega evolve Rayquaza\n|clearpoke\n|poke|p1|Pinsir, L30, F|\n|poke|p1|Electrode-Hisui, L27|\n|poke|p1|Centiskorch, L29, M|\n|poke|p2|Charmeleon, L30, M|\n|poke|p2|Staravia, L30, F|\n|poke|p2|Gyarados, L30, M|\n|poke|p2|Primeape, L30, M|\n|poke|p2|Pawniard, L29, F|\n|teampreview\n|\n|t:|1699184251\n|start\n|switch|p1a: Electrode|Electrode-Hisui, L27|100\/100\n|switch|p2a: Apollon|Charmeleon, L30, M|100\/100\n|turn|1\n|\n|t:|1699184259\n|switch|p1a: Centiskorch|Centiskorch, L29, M|100\/100\n|move|p2a: Apollon|Flamethrower|p1a: Centiskorch\n|-damage|p1a: Centiskorch|64\/100\n|\n|upkeep\n|turn|2\n|\n|t:|1699184267\n|move|p2a: Apollon|Smokescreen|p1a: Centiskorch\n|-unboost|p1a: Centiskorch|accuracy|1\n|move|p1a: Centiskorch|Bite|p2a: Apollon\n|-damage|p2a: Apollon|68\/100\n|\n|upkeep\n|turn|3\n|inactive|Battle timer is ON: inactive players will automatically lose when time's up. (requested by DrArkane15)\n|\n|t:|1699184274\n|move|p2a: Apollon|Dragon Breath|p1a: Centiskorch\n|-damage|p1a: Centiskorch|49\/100\n|move|p1a: Centiskorch|Bite|p2a: Apollon\n|-damage|p2a: Apollon|35\/100\n|\n|upkeep\n|turn|4\n|\n|t:|1699184281\n|move|p2a: Apollon|Flamethrower|p1a: Centiskorch\n|-damage|p1a: Centiskorch|13\/100\n|move|p1a: Centiskorch|Bite|p2a: Apollon\n|-damage|p2a: Apollon|2\/100\n|\n|upkeep\n|turn|5\n|\n|t:|1699184295\n|switch|p2a: Gyarados|Gyarados, L30, M|100\/100\n|-ability|p2a: Gyarados|Intimidate|boost\n|-unboost|p1a: Centiskorch|atk|1\n|move|p1a: Centiskorch|Fire Lash|p2a: Gyarados\n|-resisted|p2a: Gyarados\n|-crit|p2a: Gyarados\n|-damage|p2a: Gyarados|69\/100\n|-unboost|p2a: Gyarados|def|1\n|\n|upkeep\n|turn|6\n|\n|t:|1699184305\n|move|p2a: Gyarados|Bite|p1a: Centiskorch\n|-damage|p1a: Centiskorch|0 fnt\n|faint|p1a: Centiskorch\n|\n|upkeep\n|\n|t:|1699184309\n|switch|p1a: Electrode|Electrode-Hisui, L27|100\/100\n|turn|7\n|\n|t:|1699184314\n|move|p1a: Electrode|Thunderbolt|p2a: Gyarados\n|-supereffective|p2a: Gyarados\n|-damage|p2a: Gyarados|0 fnt\n|faint|p2a: Gyarados\n|\n|upkeep\n|\n|t:|1699184324\n|switch|p2a: Wilder|Primeape, L30, M|100\/100\n|turn|8\n|\n|t:|1699184330\n|move|p1a: Electrode|Leech Seed|p2a: Wilder\n|-start|p2a: Wilder|move: Leech Seed\n|move|p2a: Wilder|Low Kick|p1a: Electrode\n|-damage|p1a: Electrode|29\/100\n|-status|p2a: Wilder|par|[from] ability: Static|[of] p1a: Electrode\n|\n|-damage|p2a: Wilder|88\/100 par|[from] Leech Seed|[of] p1a: Electrode\n|-heal|p1a: Electrode|43\/100|[silent]\n|upkeep\n|turn|9\n|\n|t:|1699184339\n|switch|p1a: Pinsir|Pinsir, L30, F|100\/100\n|move|p2a: Wilder|Low Kick|p1a: Pinsir\n|-resisted|p1a: Pinsir\n|-damage|p1a: Pinsir|78\/100\n|\n|-damage|p2a: Wilder|75\/100 par|[from] Leech Seed|[of] p1a: Pinsir\n|-heal|p1a: Pinsir|90\/100|[silent]\n|upkeep\n|turn|10\n|\n|t:|1699184357\n|switch|p2a: Tomoe|Pawniard, L29, F|100\/100\n|move|p1a: Pinsir|X-Scissor|p2a: Tomoe\n|-damage|p2a: Tomoe|18\/100\n|\n|upkeep\n|turn|11\n|\n|t:|1699184367\n|move|p1a: Pinsir|X-Scissor|p2a: Tomoe\n|-damage|p2a: Tomoe|0 fnt\n|faint|p2a: Tomoe\n|-ability|p1a: Pinsir|Moxie|boost\n|-boost|p1a: Pinsir|atk|1\n|\n|upkeep\n|\n|t:|1699184373\n|switch|p2a: Starscreem|Staravia, L30, F|100\/100\n|-ability|p2a: Starscreem|Intimidate|boost\n|-unboost|p1a: Pinsir|atk|1\n|turn|12\n|\n|t:|1699184388\n|move|p2a: Starscreem|Quick Attack|p1a: Pinsir\n|-damage|p1a: Pinsir|70\/100\n|move|p1a: Pinsir|Close Combat|p2a: Starscreem\n|-damage|p2a: Starscreem|13\/100\n|-unboost|p1a: Pinsir|def|1\n|-unboost|p1a: Pinsir|spd|1\n|\n|upkeep\n|turn|13\n|\n|t:|1699184400\n|switch|p2a: Wilder|Primeape, L30, M|75\/100 par\n|move|p1a: Pinsir|Quick Attack|p2a: Wilder\n|-damage|p2a: Wilder|50\/100 par\n|\n|upkeep\n|turn|14\n|\n|t:|1699184408\n|move|p1a: Pinsir|Close Combat|p2a: Wilder\n|-damage|p2a: Wilder|0 fnt\n|-unboost|p1a: Pinsir|def|1\n|-unboost|p1a: Pinsir|spd|1\n|faint|p2a: Wilder\n|-ability|p1a: Pinsir|Moxie|boost\n|-boost|p1a: Pinsir|atk|1\n|\n|upkeep\n|\n|t:|1699184417\n|switch|p2a: Starscreem|Staravia, L30, F|13\/100\n|-ability|p2a: Starscreem|Intimidate|boost\n|-unboost|p1a: Pinsir|atk|1\n|turn|15\n|\n|t:|1699184423\n|move|p1a: Pinsir|Quick Attack|p2a: Starscreem\n|-damage|p2a: Starscreem|0 fnt\n|faint|p2a: Starscreem\n|-ability|p1a: Pinsir|Moxie|boost\n|-boost|p1a: Pinsir|atk|1\n|\n|upkeep\n|\n|t:|1699184434\n|switch|p2a: Apollon|Charmeleon, L30, M|2\/100\n|turn|16\n|\n|t:|1699184439\n|move|p1a: Pinsir|Quick Attack|p2a: Apollon\n|-damage|p2a: Apollon|0 fnt\n|faint|p2a: Apollon\n|\n|win|DrArkane15\n","uploadtime":1699184445,"views":6,"p1id":"drarkane15","p2id":"neosouls","formatid":"gen9nationaldexubers","rating":0,"private":0,"password":""}