{"id":"gen9nationaldexubers-1983328289","p1":"ChannelerAlice","p2":"SweetTriste","format":"[Gen 9] National Dex Ubers","log":"|j|\u2606ChannelerAlice\n|j|\u2606SweetTriste\n|t:|1699118685\n|gametype|singles\n|player|p1|ChannelerAlice|allister-masters|1097\n|player|p2|SweetTriste|101|1170\n|teamsize|p1|6\n|teamsize|p2|6\n|gen|9\n|tier|[Gen 9] National Dex Ubers\n|rated|\n|rule|HP Percentage Mod: HP is shown in percentages\n|rule|Endless Battle Clause: Forcing endless battles is banned\n|rule|OHKO Clause: OHKO moves are banned\n|rule|Evasion Moves Clause: Evasion moves are banned\n|rule|Evasion Items Clause: Evasion items are banned\n|rule|Species Clause: Limit one of each Pok\u00e9mon\n|rule|Sleep Clause Mod: Limit one foe put to sleep\n|rule|Mega Rayquaza Clause: You cannot mega evolve Rayquaza\n|clearpoke\n|poke|p1|Xerneas-*|\n|poke|p1|Glimmora, M|\n|poke|p1|Lopunny, M|\n|poke|p1|Garganacl, F|\n|poke|p1|Skarmory, M|\n|poke|p1|Greninja-*, M|\n|poke|p2|Ribombee, M|\n|poke|p2|Urshifu-*, M|\n|poke|p2|Hawlucha, M|\n|poke|p2|Zacian-*|\n|poke|p2|Kommo-o, F|\n|poke|p2|Cyclizar, M|\n|teampreview\n|inactive|Battle timer is ON: inactive players will automatically lose when time's up. (requested by ChannelerAlice)\n|\n|t:|1699118689\n|start\n|switch|p1a: Caltrops|Glimmora, M, shiny|100\/100\n|switch|p2a: Ribombee|Ribombee, M|100\/100\n|turn|1\n|\n|t:|1699118697\n|move|p2a: Ribombee|Sticky Web|p1a: Caltrops\n|-sidestart|p1: ChannelerAlice|move: Sticky Web\n|move|p1a: Caltrops|Sludge Bomb|p2a: Ribombee\n|-supereffective|p2a: Ribombee\n|-crit|p2a: Ribombee\n|-damage|p2a: Ribombee|0 fnt\n|faint|p2a: Ribombee\n|\n|upkeep\n|\n|t:|1699118702\n|switch|p2a: Cyclizar|Cyclizar, M|100\/100\n|turn|2\n|\n|t:|1699118704\n|move|p2a: Cyclizar|Shed Tail|p2a: Cyclizar\n|-start|p2a: Cyclizar|Substitute|[from] move: Shed Tail\n|-damage|p2a: Cyclizar|50\/100\n|\n|t:|1699118709\n|switch|p2a: Kommo-o|Kommo-o, F, shiny|100\/100|[from] Shed Tail\n|move|p1a: Caltrops|Stealth Rock|p2a: Kommo-o\n|-sidestart|p2: SweetTriste|move: Stealth Rock\n|\n|upkeep\n|turn|3\n|\n|t:|1699118715\n|move|p1a: Caltrops|Spikes|p2a: Kommo-o\n|-sidestart|p2: SweetTriste|Spikes\n|move|p2a: Kommo-o|Clangorous Soul|p2a: Kommo-o\n|-boost|p2a: Kommo-o|atk|1\n|-boost|p2a: Kommo-o|def|1\n|-boost|p2a: Kommo-o|spa|1\n|-boost|p2a: Kommo-o|spd|1\n|-boost|p2a: Kommo-o|spe|1\n|-damage|p2a: Kommo-o|68\/100\n|\n|upkeep\n|turn|4\n|\n|t:|1699118721\n|move|p2a: Kommo-o|Clangorous Soul|p2a: Kommo-o\n|-boost|p2a: Kommo-o|atk|1\n|-boost|p2a: Kommo-o|def|1\n|-boost|p2a: Kommo-o|spa|1\n|-boost|p2a: Kommo-o|spd|1\n|-boost|p2a: Kommo-o|spe|1\n|-damage|p2a: Kommo-o|35\/100\n|move|p1a: Caltrops|Spikes|p2a: Kommo-o\n|-sidestart|p2: SweetTriste|Spikes\n|\n|upkeep\n|turn|5\n|c|\u2606ChannelerAlice|yknow you can use z moves\n|\n|t:|1699118732\n|move|p2a: Kommo-o|Brick Break|p1a: Caltrops\n|-damage|p1a: Caltrops|31\/100\n|-activate|p1a: Caltrops|ability: Toxic Debris\n|-sidestart|p2: SweetTriste|move: Toxic Spikes\n|move|p1a: Caltrops|Spikes|p2a: Kommo-o\n|-sidestart|p2: SweetTriste|Spikes\n|\n|upkeep\n|turn|6\n|c|\u2606SweetTriste|how\n|c|\u2606ChannelerAlice|clangorous soulblaze is better\n|c|\u2606SweetTriste|nah\n|\n|t:|1699118748\n|move|p2a: Kommo-o|Brick Break|p1a: Caltrops\n|-crit|p1a: Caltrops\n|-damage|p1a: Caltrops|0 fnt\n|-activate|p1a: Caltrops|ability: Toxic Debris\n|-sidestart|p2: SweetTriste|move: Toxic Spikes\n|faint|p1a: Caltrops\n|\n|upkeep\n|c|\u2606SweetTriste|i cant use physical dragon moves with z move\n|\n|t:|1699118762\n|switch|p1a: Refferee|Skarmory, M, shiny|100\/100\n|turn|7\n|c|\u2606ChannelerAlice|yea you can\n|\n|t:|1699118774\n|move|p2a: Kommo-o|Brick Break|p1a: Refferee\n|-damage|p1a: Refferee|61\/100\n|-enditem|p1a: Refferee|Red Card|[of] p2a: Kommo-o\n|drag|p2a: Cyclizar|Cyclizar, M|50\/100\n|-damage|p2a: Cyclizar|38\/100|[from] Stealth Rock\n|-damage|p2a: Cyclizar|13\/100|[from] Spikes\n|-status|p2a: Cyclizar|tox\n|move|p1a: Refferee|Roost|p1a: Refferee\n|-heal|p1a: Refferee|100\/100\n|-singleturn|p1a: Refferee|move: Roost\n|\n|-heal|p2a: Cyclizar|19\/100 tox|[from] item: Leftovers\n|-damage|p2a: Cyclizar|13\/100 tox|[from] psn\n|upkeep\n|turn|8\n|c|\u2606ChannelerAlice|i love this skarmory\n|inactive|ChannelerAlice has 120 seconds left.\n|\n|t:|1699118796\n|move|p2a: Cyclizar|Fire Fang|p1a: Refferee\n|-supereffective|p1a: Refferee\n|-damage|p1a: Refferee|80\/100\n|move|p1a: Refferee|Brave Bird|p2a: Cyclizar\n|-damage|p2a: Cyclizar|0 fnt\n|faint|p2a: Cyclizar\n|-damage|p1a: Refferee|76\/100|[from] Recoil\n|\n|upkeep\n|\n|t:|1699118808\n|switch|p2a: Hawlucha|Hawlucha, M, shiny|100\/100\n|-damage|p2a: Hawlucha|88\/100|[from] Stealth Rock\n|turn|9\n|\n|t:|1699118812\n|move|p2a: Hawlucha|Close Combat|p1a: Refferee\n|-damage|p1a: Refferee|42\/100\n|-unboost|p2a: Hawlucha|def|1\n|-unboost|p2a: Hawlucha|spd|1\n|-enditem|p2a: Hawlucha|White Herb\n|-clearnegativeboost|p2a: Hawlucha|[silent]\n|move|p1a: Refferee|Brave Bird|p2a: Hawlucha\n|-supereffective|p2a: Hawlucha\n|-damage|p2a: Hawlucha|0 fnt\n|faint|p2a: Hawlucha\n|-damage|p1a: Refferee|16\/100|[from] Recoil\n|\n|upkeep\n|c|\u2606SweetTriste|damn\n|\n|t:|1699118824\n|switch|p2a: Urshifu|Urshifu-Rapid-Strike, M|100\/100\n|-damage|p2a: Urshifu|94\/100|[from] Stealth Rock\n|-damage|p2a: Urshifu|69\/100|[from] Spikes\n|-status|p2a: Urshifu|tox\n|turn|10\n|c|\u2606ChannelerAlice|honest to god, this skarmory is my second best pokemon\n|\n|t:|1699118838\n|move|p2a: Urshifu|Aqua Jet|p1a: Refferee\n|-damage|p1a: Refferee|3\/100\n|move|p1a: Refferee|Roost|p1a: Refferee\n|-heal|p1a: Refferee|53\/100\n|-singleturn|p1a: Refferee|move: Roost\n|\n|-heal|p2a: Urshifu|75\/100 tox|[from] item: Leftovers\n|-damage|p2a: Urshifu|69\/100 tox|[from] psn\n|upkeep\n|turn|11\n|\n|t:|1699118847\n|-terastallize|p2a: Urshifu|Water\n|move|p2a: Urshifu|Surging Strikes|p1a: Refferee\n|-crit|p1a: Refferee\n|-damage|p1a: Refferee|36\/100\n|-crit|p1a: Refferee\n|-damage|p1a: Refferee|19\/100\n|-crit|p1a: Refferee\n|-damage|p1a: Refferee|1\/100\n|-hitcount|p1a: Refferee|3\n|move|p1a: Refferee|Roost|p1a: Refferee\n|-heal|p1a: Refferee|51\/100\n|-singleturn|p1a: Refferee|move: Roost\n|\n|-heal|p2a: Urshifu|75\/100 tox|[from] item: Leftovers\n|-damage|p2a: Urshifu|63\/100 tox|[from] psn\n|upkeep\n|turn|12\n|\n|t:|1699118860\n|move|p2a: Urshifu|Bulk Up|p2a: Urshifu\n|-boost|p2a: Urshifu|atk|1\n|-boost|p2a: Urshifu|def|1\n|move|p1a: Refferee|Roost|p1a: Refferee\n|-heal|p1a: Refferee|100\/100\n|-singleturn|p1a: Refferee|move: Roost\n|\n|-heal|p2a: Urshifu|69\/100 tox|[from] item: Leftovers\n|-damage|p2a: Urshifu|51\/100 tox|[from] psn\n|upkeep\n|turn|13\n|\n|t:|1699118868\n|move|p2a: Urshifu|Surging Strikes|p1a: Refferee\n|-crit|p1a: Refferee\n|-damage|p1a: Refferee|74\/100\n|-crit|p1a: Refferee\n|-damage|p1a: Refferee|47\/100\n|-crit|p1a: Refferee\n|-damage|p1a: Refferee|19\/100\n|-hitcount|p1a: Refferee|3\n|move|p1a: Refferee|Brave Bird|p2a: Urshifu\n|-damage|p2a: Urshifu|32\/100 tox\n|-damage|p1a: Refferee|12\/100|[from] Recoil\n|\n|-heal|p2a: Urshifu|38\/100 tox|[from] item: Leftovers\n|-damage|p2a: Urshifu|13\/100 tox|[from] psn\n|upkeep\n|turn|14\n|c|\u2606ChannelerAlice|FOR THE EMPEROR\n|\n|t:|1699118884\n|move|p2a: Urshifu|Aqua Jet|p1a: Refferee\n|-damage|p1a: Refferee|0 fnt\n|faint|p1a: Refferee\n|\n|-heal|p2a: Urshifu|20\/100 tox|[from] item: Leftovers\n|-damage|p2a: Urshifu|0 fnt|[from] psn\n|faint|p2a: Urshifu\n|upkeep\n|c|\u2606ChannelerAlice|and now its time to start the tomfoolery\n|\n|t:|1699118898\n|switch|p2a: Zacian|Zacian-Crowned|100\/100\n|switch|p1a: Minecraft 2|Garganacl, F, shiny|100\/100\n|-damage|p2a: Zacian|94\/100|[from] Stealth Rock\n|-damage|p2a: Zacian|69\/100|[from] Spikes\n|-ability|p2a: Zacian|Intrepid Sword|boost\n|-boost|p2a: Zacian|atk|1\n|-activate|p1a: Minecraft 2|move: Sticky Web\n|-unboost|p1a: Minecraft 2|spe|1\n|turn|15\n|\n|t:|1699118909\n|-terastallize|p1a: Minecraft 2|Ghost\n|move|p2a: Zacian|Behemoth Blade|p1a: Minecraft 2\n|-damage|p1a: Minecraft 2|45\/100\n|move|p1a: Minecraft 2|Iron Defense|p1a: Minecraft 2\n|-boost|p1a: Minecraft 2|def|2\n|\n|-heal|p1a: Minecraft 2|51\/100|[from] item: Leftovers\n|upkeep\n|turn|16\n|\n|t:|1699118923\n|move|p2a: Zacian|Ice Fang|p1a: Minecraft 2\n|-damage|p1a: Minecraft 2|39\/100\n|move|p1a: Minecraft 2|Recover|p1a: Minecraft 2\n|-heal|p1a: Minecraft 2|89\/100\n|\n|-heal|p1a: Minecraft 2|95\/100|[from] item: Leftovers\n|upkeep\n|turn|17\n|\n|t:|1699118930\n|move|p2a: Zacian|Ice Fang|p1a: Minecraft 2\n|-damage|p1a: Minecraft 2|82\/100\n|move|p1a: Minecraft 2|Iron Defense|p1a: Minecraft 2\n|-boost|p1a: Minecraft 2|def|2\n|\n|-heal|p1a: Minecraft 2|88\/100|[from] item: Leftovers\n|upkeep\n|turn|18\n|c|\u2606ChannelerAlice|the tomfooler has begun\n|\n|t:|1699118941\n|move|p2a: Zacian|Ice Fang|p1a: Minecraft 2|[miss]\n|-miss|p2a: Zacian|p1a: Minecraft 2\n|move|p1a: Minecraft 2|Iron Defense|p1a: Minecraft 2\n|-boost|p1a: Minecraft 2|def|2\n|\n|-heal|p1a: Minecraft 2|94\/100|[from] item: Leftovers\n|upkeep\n|turn|19\n|\n|t:|1699118945\n|move|p2a: Zacian|Ice Fang|p1a: Minecraft 2\n|-damage|p1a: Minecraft 2|88\/100\n|move|p1a: Minecraft 2|Salt Cure|p2a: Zacian\n|-resisted|p2a: Zacian\n|-damage|p2a: Zacian|63\/100\n|-start|p2a: Zacian|Salt Cure\n|\n|-heal|p1a: Minecraft 2|94\/100|[from] item: Leftovers\n|-damage|p2a: Zacian|38\/100|[from] Salt Cure\n|upkeep\n|turn|20\n|\n|t:|1699118954\n|switch|p2a: Kommo-o|Kommo-o, F, shiny|35\/100\n|-damage|p2a: Kommo-o|28\/100|[from] Stealth Rock\n|-damage|p2a: Kommo-o|4\/100|[from] Spikes\n|-status|p2a: Kommo-o|tox\n|move|p1a: Minecraft 2|Body Press|p2a: Kommo-o\n|-damage|p2a: Kommo-o|0 fnt\n|faint|p2a: Kommo-o\n|\n|-heal|p1a: Minecraft 2|99\/100|[from] item: Leftovers\n|upkeep\n|\n|t:|1699118962\n|switch|p2a: Zacian|Zacian-Crowned|38\/100\n|-damage|p2a: Zacian|32\/100|[from] Stealth Rock\n|-damage|p2a: Zacian|7\/100|[from] Spikes\n|turn|21\n|c|\u2606SweetTriste|gg\n|c|\u2606ChannelerAlice|tomfoolery gaming\n|\n|t:|1699118972\n|move|p2a: Zacian|Ice Fang|p1a: Minecraft 2|[miss]\n|-miss|p2a: Zacian|p1a: Minecraft 2\n|move|p1a: Minecraft 2|Salt Cure|p2a: Zacian\n|-resisted|p2a: Zacian\n|-damage|p2a: Zacian|0 fnt\n|faint|p2a: Zacian\n|\n|win|ChannelerAlice\n|raw|ChannelerAlice's rating: 1097 &rarr; <strong>1128<\/strong><br \/>(+31 for winning)\n|raw|SweetTriste's rating: 1170 &rarr; <strong>1140<\/strong><br \/>(-30 for losing)\n|c|\u2606ChannelerAlice|gg\n|l|\u2606SweetTriste\n","uploadtime":1699118988,"views":10,"p1id":"channeleralice","p2id":"sweettriste","formatid":"gen9nationaldexubers","rating":1128,"private":0,"password":""}