{"id":"gen9nationaldexubers-1982102884","p1":"whaah","p2":"fritzrakoczy","format":"[Gen 9] National Dex Ubers","log":"|j|\u2606whaah\n|j|\u2606fritzrakoczy\n|t:|1698968115\n|gametype|singles\n|player|p1|whaah|plasmagrunt-gen5bw|1294\n|player|p2|fritzrakoczy|rosa|1439\n|teamsize|p1|6\n|teamsize|p2|6\n|gen|9\n|tier|[Gen 9] National Dex Ubers\n|rated|\n|rule|HP Percentage Mod: HP is shown in percentages\n|rule|Endless Battle Clause: Forcing endless battles is banned\n|rule|OHKO Clause: OHKO moves are banned\n|rule|Evasion Moves Clause: Evasion moves are banned\n|rule|Evasion Items Clause: Evasion items are banned\n|rule|Species Clause: Limit one of each Pok\u00e9mon\n|rule|Sleep Clause Mod: Limit one foe put to sleep\n|rule|Mega Rayquaza Clause: You cannot mega evolve Rayquaza\n|clearpoke\n|poke|p1|Grimmsnarl, M|\n|poke|p1|Ogerpon-Hearthflame, F|\n|poke|p1|Flutter Mane|\n|poke|p1|Calyrex-Ice|\n|poke|p1|Arceus|\n|poke|p1|Giratina-Origin|\n|poke|p2|Yveltal|\n|poke|p2|Zygarde|\n|poke|p2|Eternatus|\n|poke|p2|Groudon|\n|poke|p2|Marshadow|\n|poke|p2|Necrozma-Dusk-Mane|\n|teampreview\n|inactive|Battle timer is ON: inactive players will automatically lose when time's up. (requested by fritzrakoczy)\n|\n|t:|1698968118\n|start\n|switch|p1a: Grimmsnarl|Grimmsnarl, M|100\/100\n|switch|p2a: Groudon|Groudon|100\/100\n|detailschange|p2a: Groudon|Groudon-Primal\n|-primal|p2a: Groudon|Red Orb\n|-weather|DesolateLand|[from] ability: Desolate Land|[of] p2a: Groudon\n|turn|1\n|\n|t:|1698968148\n|move|p1a: Grimmsnarl|Reflect|p1a: Grimmsnarl\n|-sidestart|p1: whaah|Reflect\n|move|p2a: Groudon|Stealth Rock|p1a: Grimmsnarl\n|-sidestart|p1: whaah|move: Stealth Rock\n|\n|-weather|DesolateLand|[upkeep]\n|upkeep\n|turn|2\n|inactive|whaah has 120 seconds left.\n|\n|t:|1698968200\n|move|p1a: Grimmsnarl|Taunt|p2a: Groudon\n|-start|p2a: Groudon|move: Taunt\n|move|p2a: Groudon|Heat Crash|p1a: Grimmsnarl\n|-damage|p1a: Grimmsnarl|21\/100\n|\n|-weather|DesolateLand|[upkeep]\n|upkeep\n|turn|3\n|\n|t:|1698968218\n|-weather|none\n|switch|p2a: Yveltal|Yveltal|100\/100\n|-ability|p2a: Yveltal|Dark Aura\n|switch|p1a: Giratina|Giratina-Origin|100\/100\n|-damage|p1a: Giratina|88\/100|[from] Stealth Rock\n|\n|upkeep\n|turn|4\n|\n|t:|1698968230\n|move|p2a: Yveltal|Taunt|p1a: Giratina\n|-start|p1a: Giratina|move: Taunt\n|cant|p1a: Giratina|move: Taunt|Defog\n|\n|upkeep\n|turn|5\n|\n|t:|1698968233\n|move|p2a: Yveltal|Knock Off|p1a: Giratina\n|-supereffective|p1a: Giratina\n|-damage|p1a: Giratina|59\/100\n|move|p1a: Giratina|Draco Meteor|p2a: Yveltal|[miss]\n|-miss|p1a: Giratina|p2a: Yveltal\n|\n|upkeep\n|turn|6\n|\n|t:|1698968257\n|switch|p2a: Necrozma|Necrozma-Dusk-Mane|100\/100\n|move|p1a: Giratina|Draco Meteor|p2a: Necrozma|[miss]\n|-miss|p1a: Giratina|p2a: Necrozma\n|\n|-end|p1a: Giratina|move: Taunt\n|upkeep\n|turn|7\n|c|\u2606fritzrakoczy|Wtf\n|\n|t:|1698968272\n|move|p1a: Giratina|Defog|p2a: Necrozma\n|-unboost|p2a: Necrozma|evasion|1\n|-sideend|p1: whaah|Stealth Rock|[from] move: Defog|[of] p1a: Giratina\n|move|p2a: Necrozma|Swords Dance|p2a: Necrozma\n|-boost|p2a: Necrozma|atk|2\n|\n|upkeep\n|turn|8\n|\n|t:|1698968282\n|move|p1a: Giratina|Draco Meteor|p2a: Necrozma\n|-resisted|p2a: Necrozma\n|-damage|p2a: Necrozma|65\/100\n|-unboost|p1a: Giratina|spa|2\n|move|p2a: Necrozma|Sunsteel Strike|p1a: Giratina\n|-damage|p1a: Giratina|17\/100\n|\n|-sideend|p1: whaah|Reflect\n|upkeep\n|turn|9\n|\n|t:|1698968299\n|move|p1a: Giratina|Hex|p2a: Necrozma\n|-supereffective|p2a: Necrozma\n|-damage|p2a: Necrozma|39\/100\n|move|p2a: Necrozma|Morning Sun|p2a: Necrozma\n|-heal|p2a: Necrozma|89\/100\n|\n|upkeep\n|turn|10\n|\n|t:|1698968308\n|move|p1a: Giratina|Hex|p2a: Necrozma\n|-supereffective|p2a: Necrozma\n|-damage|p2a: Necrozma|64\/100\n|move|p2a: Necrozma|Sunsteel Strike|p1a: Giratina\n|-damage|p1a: Giratina|0 fnt\n|faint|p1a: Giratina\n|\n|upkeep\n|\n|t:|1698968315\n|switch|p1a: Grimmsnarl|Grimmsnarl, M|21\/100\n|turn|11\n|\n|t:|1698968324\n|move|p1a: Grimmsnarl|Reflect|p1a: Grimmsnarl\n|-sidestart|p1: whaah|Reflect\n|move|p2a: Necrozma|Morning Sun|p2a: Necrozma\n|-heal|p2a: Necrozma|100\/100\n|\n|upkeep\n|turn|12\n|\n|t:|1698968329\n|move|p1a: Grimmsnarl|Taunt|p2a: Necrozma\n|-start|p2a: Necrozma|move: Taunt\n|move|p2a: Necrozma|Sunsteel Strike|p1a: Grimmsnarl\n|-supereffective|p1a: Grimmsnarl\n|-crit|p1a: Grimmsnarl\n|-damage|p1a: Grimmsnarl|0 fnt\n|faint|p1a: Grimmsnarl\n|\n|upkeep\n|\n|t:|1698968343\n|switch|p1a: Calyrex|Calyrex-Ice|100\/100\n|-ability|p1a: Calyrex|As One\n|-ability|p1a: Calyrex|Unnerve\n|turn|13\n|inactive|fritzrakoczy has 120 seconds left.\n|\n|t:|1698968373\n|-zpower|p2a: Necrozma\n|move|p2a: Necrozma|Searing Sunraze Smash|p1a: Calyrex|[zeffect]\n|-supereffective|p1a: Calyrex\n|-damage|p1a: Calyrex|0 fnt\n|faint|p1a: Calyrex\n|\n|upkeep\n|c|\u2606fritzrakoczy|Fuck em up necroxma\n|c|\u2606fritzrakoczy|Necrozma\n|\n|t:|1698968397\n|switch|p1a: Flutter Mane|Flutter Mane|100\/100\n|turn|14\n|\n|t:|1698968405\n|move|p1a: Flutter Mane|Calm Mind|p1a: Flutter Mane\n|-boost|p1a: Flutter Mane|spa|1\n|-boost|p1a: Flutter Mane|spd|1\n|move|p2a: Necrozma|Sunsteel Strike|p1a: Flutter Mane\n|-supereffective|p1a: Flutter Mane\n|-damage|p1a: Flutter Mane|0 fnt\n|faint|p1a: Flutter Mane\n|-end|p1a: Flutter Mane|Protosynthesis|[silent]\n|\n|-end|p2a: Necrozma|move: Taunt\n|upkeep\n|\n|t:|1698968413\n|switch|p1a: Ogerpon|Ogerpon-Hearthflame, F|100\/100\n|-ability|p1a: Ogerpon|Mold Breaker\n|turn|15\n|\n|t:|1698968429\n|move|p1a: Ogerpon|Swords Dance|p1a: Ogerpon\n|-boost|p1a: Ogerpon|atk|2\n|move|p2a: Necrozma|Photon Geyser|p1a: Ogerpon\n|-damage|p1a: Ogerpon|9\/100\n|\n|upkeep\n|turn|16\n|\n|t:|1698968441\n|-terastallize|p1a: Ogerpon|Fire\n|detailschange|p1a: Ogerpon|Ogerpon-Hearthflame-Tera, F, tera:Fire\n|-ability|p1a: Ogerpon|Embody Aspect (Hearthflame)|boost\n|-boost|p1a: Ogerpon|atk|1\n|move|p1a: Ogerpon|Ivy Cudgel|p2a: Necrozma\n|-supereffective|p2a: Necrozma\n|-damage|p2a: Necrozma|0 fnt\n|faint|p2a: Necrozma\n|\n|upkeep\n|\n|t:|1698968458\n|switch|p2a: Marshadow|Marshadow|100\/100\n|turn|17\n|\n|t:|1698968462\n|move|p2a: Marshadow|Spectral Thief||[still]\n|-clearpositiveboost|p1a: Ogerpon|p2a: Marshadow|move: Spectral Thief\n|-boost|p2a: Marshadow|atk|3\n|-anim|p2a: Marshadow|Spectral Thief|p1a: Ogerpon\n|-damage|p1a: Ogerpon|0 fnt\n|faint|p1a: Ogerpon\n|\n|upkeep\n|\n|t:|1698968466\n|switch|p1a: Arceus|Arceus|100\/100\n|turn|18\n|inactive|fritzrakoczy has 120 seconds left.\n|inactive|fritzrakoczy has 90 seconds left.\n|\n|t:|1698968533\n|move|p2a: Marshadow|Close Combat|p1a: Arceus\n|-supereffective|p1a: Arceus\n|-damage|p1a: Arceus|0 fnt\n|-unboost|p2a: Marshadow|def|1\n|-unboost|p2a: Marshadow|spd|1\n|faint|p1a: Arceus\n|\n|win|fritzrakoczy\n|raw|whaah's rating: 1294 &rarr; <strong>1280<\/strong><br \/>(-14 for losing)\n|raw|fritzrakoczy's rating: 1457 &rarr; <strong>1468<\/strong><br \/>(+11 for winning)\n","uploadtime":1698968394,"views":7,"p1id":"whaah","p2id":"fritzrakoczy","formatid":"gen9nationaldexubers","rating":1280,"private":0,"password":""}