{"id":"gen9nationaldexubers-1978596136","p1":"Hari Ganesh D","p2":"GYM LOVER MPC","format":"[Gen 9] National Dex Ubers","log":"|j|\u2606Hari Ganesh D\n|j|\u2606GYM LOVER MPC\n|t:|1698563119\n|gametype|singles\n|player|p1|Hari Ganesh D|leon|1209\n|player|p2|GYM LOVER MPC|blackbelt-gen4dp|1106\n|teamsize|p1|6\n|teamsize|p2|6\n|gen|9\n|tier|[Gen 9] National Dex Ubers\n|rated|\n|rule|HP Percentage Mod: HP is shown in percentages\n|rule|Endless Battle Clause: Forcing endless battles is banned\n|rule|OHKO Clause: OHKO moves are banned\n|rule|Evasion Moves Clause: Evasion moves are banned\n|rule|Evasion Items Clause: Evasion items are banned\n|rule|Species Clause: Limit one of each Pok\u00e9mon\n|rule|Sleep Clause Mod: Limit one foe put to sleep\n|rule|Mega Rayquaza Clause: You cannot mega evolve Rayquaza\n|clearpoke\n|poke|p1|Charizard, M|\n|poke|p1|Maushold-Four|\n|poke|p1|Houndstone, M|\n|poke|p1|Kommo-o, M|\n|poke|p1|Melmetal|\n|poke|p1|Xerneas-*|\n|poke|p2|Yveltal|\n|poke|p2|Marshadow|\n|poke|p2|Eternatus|\n|poke|p2|Zacian-*|\n|poke|p2|Kyogre|\n|poke|p2|Diancie|\n|teampreview\n|inactive|Battle timer is ON: inactive players will automatically lose when time's up. (requested by Hari Ganesh D)\n|\n|t:|1698563131\n|start\n|switch|p1a: Xerneas|Xerneas|100\/100\n|switch|p2a: Yveltal|Yveltal|100\/100\n|-ability|p2a: Yveltal|Dark Aura\n|-ability|p1a: Xerneas|Fairy Aura\n|turn|1\n|\n|t:|1698563142\n|move|p2a: Yveltal|Taunt|p1a: Xerneas\n|-start|p1a: Xerneas|move: Taunt\n|cant|p1a: Xerneas|move: Taunt|Geomancy\n|\n|upkeep\n|turn|2\n|\n|t:|1698563149\n|move|p2a: Yveltal|Oblivion Wing|p1a: Xerneas\n|-damage|p1a: Xerneas|64\/100\n|-damage|p2a: Yveltal|91\/100|[from] item: Life Orb\n|move|p1a: Xerneas|Moonblast|p2a: Yveltal\n|-supereffective|p2a: Yveltal\n|-damage|p2a: Yveltal|10\/100\n|\n|upkeep\n|turn|3\n|\n|t:|1698563160\n|move|p2a: Yveltal|Oblivion Wing|p1a: Xerneas\n|-damage|p1a: Xerneas|31\/100\n|-heal|p2a: Yveltal|35\/100|[from] drain|[of] p1a: Xerneas\n|-damage|p2a: Yveltal|26\/100|[from] item: Life Orb\n|move|p1a: Xerneas|Moonblast|p2a: Yveltal\n|-supereffective|p2a: Yveltal\n|-damage|p2a: Yveltal|0 fnt\n|faint|p2a: Yveltal\n|\n|-end|p1a: Xerneas|move: Taunt\n|upkeep\n|inactive|GYM LOVER MPC has 120 seconds left.\n|\n|t:|1698563185\n|switch|p2a: Zacian|Zacian-Crowned|100\/100\n|-ability|p2a: Zacian|Intrepid Sword|boost\n|-boost|p2a: Zacian|atk|1\n|turn|4\n|\n|t:|1698563193\n|move|p2a: Zacian|Behemoth Blade|p1a: Xerneas\n|-supereffective|p1a: Xerneas\n|-damage|p1a: Xerneas|0 fnt\n|faint|p1a: Xerneas\n|\n|upkeep\n|\n|t:|1698563195\n|switch|p1a: Charizard|Charizard, M|100\/100\n|turn|5\n|inactive|GYM LOVER MPC has 120 seconds left.\n|\n|t:|1698563239\n|switch|p2a: Diancie|Diancie|100\/100\n|detailschange|p1a: Charizard|Charizard-Mega-Y, M\n|-mega|p1a: Charizard|Charizard|Charizardite Y\n|-weather|SunnyDay|[from] ability: Drought|[of] p1a: Charizard\n|move|p1a: Charizard|Weather Ball|p2a: Diancie\n|-resisted|p2a: Diancie\n|-damage|p2a: Diancie|65\/100\n|\n|-weather|SunnyDay|[upkeep]\n|upkeep\n|turn|6\n|l|\u2606Hari Ganesh D\n|inactive|Hari Ganesh D disconnected and has a minute to reconnect!\n|player|p1|\n|inactive|Hari Ganesh D has 30 seconds to reconnect!\n|j|\u2606Hari Ganesh D\n|inactive|Hari Ganesh D reconnected and has 120 seconds left.\n|player|p1|Hari Ganesh D|leon\n|\n|t:|1698563280\n|detailschange|p2a: Diancie|Diancie-Mega\n|-mega|p2a: Diancie|Diancie|Diancite\n|move|p1a: Charizard|Solar Beam||[still]\n|-prepare|p1a: Charizard|Solar Beam\n|-anim|p1a: Charizard|Solar Beam|p2a: Diancie\n|-supereffective|p2a: Diancie\n|-damage|p2a: Diancie|0 fnt\n|faint|p2a: Diancie\n|\n|-weather|SunnyDay|[upkeep]\n|upkeep\n|\n|t:|1698563290\n|switch|p2a: Kyogre|Kyogre|100\/100\n|detailschange|p2a: Kyogre|Kyogre-Primal\n|-primal|p2a: Kyogre|Blue Orb\n|-weather|PrimordialSea|[from] ability: Primordial Sea|[of] p2a: Kyogre\n|turn|7\n|inactive|Hari Ganesh D has 120 seconds left.\n|\n|t:|1698563302\n|switch|p1a: Melmetal|Melmetal|100\/100\n|move|p2a: Kyogre|Origin Pulse|p1a: Melmetal\n|-damage|p1a: Melmetal|10\/100\n|\n|-weather|PrimordialSea|[upkeep]\n|upkeep\n|turn|8\n|inactive|Hari Ganesh D has 120 seconds left.\n|\n|t:|1698563310\n|move|p2a: Kyogre|Earthquake|p1a: Melmetal\n|-supereffective|p1a: Melmetal\n|-damage|p1a: Melmetal|0 fnt\n|faint|p1a: Melmetal\n|\n|-weather|PrimordialSea|[upkeep]\n|upkeep\n|\n|t:|1698563313\n|switch|p1a: Charizard|Charizard-Mega-Y, M|100\/100\n|-ability|p1a: Charizard|Drought|[from] primordialsea|[fail]\n|turn|9\n|inactive|GYM LOVER MPC has 120 seconds left.\n|\n|t:|1698563321\n|move|p1a: Charizard|Weather Ball|p2a: Kyogre\n|-resisted|p2a: Kyogre\n|-damage|p2a: Kyogre|81\/100\n|move|p2a: Kyogre|Origin Pulse|p1a: Charizard\n|-supereffective|p1a: Charizard\n|-damage|p1a: Charizard|0 fnt\n|faint|p1a: Charizard\n|\n|-weather|PrimordialSea|[upkeep]\n|upkeep\n|\n|t:|1698563328\n|switch|p1a: Kommo-o|Kommo-o, M|100\/100\n|turn|10\n|\n|t:|1698563333\n|-zpower|p1a: Kommo-o\n|move|p1a: Kommo-o|Clangorous Soulblaze|p2a: Kyogre|[zeffect]\n|-damage|p2a: Kyogre|44\/100\n|-boost|p1a: Kommo-o|atk|1\n|-boost|p1a: Kommo-o|def|1\n|-boost|p1a: Kommo-o|spa|1\n|-boost|p1a: Kommo-o|spd|1\n|-boost|p1a: Kommo-o|spe|1\n|move|p2a: Kyogre|Ice Beam|p1a: Kommo-o\n|-supereffective|p1a: Kommo-o\n|-damage|p1a: Kommo-o|46\/100\n|\n|-weather|PrimordialSea|[upkeep]\n|upkeep\n|turn|11\n|\n|t:|1698563349\n|move|p1a: Kommo-o|Clanging Scales|p2a: Kyogre\n|-damage|p2a: Kyogre|11\/100\n|-unboost|p1a: Kommo-o|def|1\n|move|p2a: Kyogre|Ice Beam|p1a: Kommo-o\n|-supereffective|p1a: Kommo-o\n|-damage|p1a: Kommo-o|0 fnt\n|faint|p1a: Kommo-o\n|\n|-weather|PrimordialSea|[upkeep]\n|upkeep\n|\n|t:|1698563356\n|switch|p1a: Maushold|Maushold-Four|100\/100\n|turn|12\n|\n|t:|1698563361\n|-terastallize|p1a: Maushold|Ghost\n|move|p1a: Maushold|Population Bomb|p2a: Kyogre\n|-damage|p2a: Kyogre|2\/100\n|-damage|p2a: Kyogre|0 fnt\n|faint|p2a: Kyogre\n|-weather|none\n|-hitcount|p2: Kyogre|2\n|\n|upkeep\n|\n|t:|1698563371\n|switch|p2a: Zacian|Zacian-Crowned|100\/100\n|turn|13\n|\n|t:|1698563381\n|move|p1a: Maushold|Population Bomb|p2a: Zacian\n|-resisted|p2a: Zacian\n|-damage|p2a: Zacian|96\/100\n|-resisted|p2a: Zacian\n|-damage|p2a: Zacian|92\/100\n|-resisted|p2a: Zacian\n|-damage|p2a: Zacian|88\/100\n|-resisted|p2a: Zacian\n|-damage|p2a: Zacian|84\/100\n|-resisted|p2a: Zacian\n|-crit|p2a: Zacian\n|-damage|p2a: Zacian|78\/100\n|-resisted|p2a: Zacian\n|-damage|p2a: Zacian|74\/100\n|-resisted|p2a: Zacian\n|-damage|p2a: Zacian|70\/100\n|-resisted|p2a: Zacian\n|-damage|p2a: Zacian|65\/100\n|-resisted|p2a: Zacian\n|-damage|p2a: Zacian|61\/100\n|-resisted|p2a: Zacian\n|-damage|p2a: Zacian|57\/100\n|-hitcount|p2a: Zacian|10\n|move|p2a: Zacian|Behemoth Blade|p1a: Maushold\n|-damage|p1a: Maushold|21\/100\n|\n|upkeep\n|turn|14\n|\n|t:|1698563404\n|move|p1a: Maushold|Population Bomb|p2a: Zacian\n|-resisted|p2a: Zacian\n|-damage|p2a: Zacian|53\/100\n|-resisted|p2a: Zacian\n|-damage|p2a: Zacian|48\/100\n|-resisted|p2a: Zacian\n|-damage|p2a: Zacian|44\/100\n|-resisted|p2a: Zacian\n|-damage|p2a: Zacian|40\/100\n|-resisted|p2a: Zacian\n|-damage|p2a: Zacian|36\/100\n|-resisted|p2a: Zacian\n|-damage|p2a: Zacian|31\/100\n|-resisted|p2a: Zacian\n|-damage|p2a: Zacian|27\/100\n|-resisted|p2a: Zacian\n|-damage|p2a: Zacian|22\/100\n|-resisted|p2a: Zacian\n|-damage|p2a: Zacian|18\/100\n|-resisted|p2a: Zacian\n|-damage|p2a: Zacian|14\/100\n|-hitcount|p2a: Zacian|10\n|move|p2a: Zacian|Brutal Swing|p1a: Maushold\n|-supereffective|p1a: Maushold\n|-damage|p1a: Maushold|0 fnt\n|faint|p1a: Maushold\n|\n|upkeep\n|\n|t:|1698563410\n|switch|p1a: Houndstone|Houndstone, M|100\/100\n|turn|15\n|inactive|GYM LOVER MPC has 120 seconds left.\n|inactive|GYM LOVER MPC has 90 seconds left.\n|\n|t:|1698563471\n|move|p1a: Houndstone|Last Respects|p2a: Zacian\n|-crit|p2a: Zacian\n|-damage|p2a: Zacian|0 fnt\n|faint|p2a: Zacian\n|\n|upkeep\n|\n|t:|1698563478\n|switch|p2a: Marshadow|Marshadow|100\/100\n|turn|16\n|inactive|GYM LOVER MPC has 90 seconds left.\n|\n|t:|1698563485\n|move|p1a: Houndstone|Last Respects|p2a: Marshadow\n|-supereffective|p2a: Marshadow\n|-damage|p2a: Marshadow|0 fnt\n|faint|p2a: Marshadow\n|\n|upkeep\n|inactive|GYM LOVER MPC has 90 seconds left.\n|\n|t:|1698563491\n|switch|p2a: Eternatus|Eternatus|100\/100\n|-ability|p2a: Eternatus|Pressure\n|turn|17\n|\n|t:|1698563499\n|-terastallize|p2a: Eternatus|Poison\n|move|p1a: Houndstone|Last Respects|p2a: Eternatus\n|-damage|p2a: Eternatus|0 fnt\n|faint|p2a: Eternatus\n|\n|win|Hari Ganesh D\n|raw|Hari Ganesh D's rating: 1209 &rarr; <strong>1227<\/strong><br \/>(+18 for winning)\n|raw|GYM LOVER MPC's rating: 1106 &rarr; <strong>1088<\/strong><br \/>(-18 for losing)\n","uploadtime":1698563507,"views":11,"p1id":"hariganeshd","p2id":"gymlovermpc","formatid":"gen9nationaldexubers","rating":1088,"private":0,"password":""}