{"id":"gen9nationaldexubers-1984167507","p1":"EVIL-M0DE\ufe0f\ufe0f\ufe0f\ufe0f\ufe0f\u25aa\ufe0f","p2":"PSYKEYstr","format":"[Gen 9] National Dex Ubers","log":"|j|\u2606EVIL-M0DE\ufe0f\ufe0f\ufe0f\ufe0f\ufe0f\u25aa\ufe0f\n|j|\u2606PSYKEYstr\n|t:|1699225790\n|gametype|singles\n|player|p1|EVIL-M0DE\ufe0f\ufe0f\ufe0f\ufe0f\ufe0f\u25aa\ufe0f|guitarist|1099\n|player|p2|PSYKEYstr|tulip|1118\n|teamsize|p1|6\n|teamsize|p2|6\n|gen|9\n|tier|[Gen 9] National Dex Ubers\n|rated|\n|rule|HP Percentage Mod: HP is shown in percentages\n|rule|Endless Battle Clause: Forcing endless battles is banned\n|rule|OHKO Clause: OHKO moves are banned\n|rule|Evasion Moves Clause: Evasion moves are banned\n|rule|Evasion Items Clause: Evasion items are banned\n|rule|Species Clause: Limit one of each Pok\u00e9mon\n|rule|Sleep Clause Mod: Limit one foe put to sleep\n|rule|Mega Rayquaza Clause: You cannot mega evolve Rayquaza\n|clearpoke\n|poke|p1|Chien-Pao|\n|poke|p1|Roaring Moon|\n|poke|p1|Sharpedo, M|\n|poke|p1|Silvally-*|\n|poke|p1|Kingambit, M|\n|poke|p1|Moltres-Galar|\n|poke|p2|Yanmega, F|\n|poke|p2|Espathra, F|\n|poke|p2|Sharpedo, F|\n|poke|p2|Scolipede, F|\n|poke|p2|Blaziken, F|\n|poke|p2|Ninjask, F|\n|teampreview\n|\n|t:|1699225826\n|start\n|switch|p1a: \u26ab\ufe0f\u26ab\ufe0fMOLTRES\u26ab\ufe0f\u26ab\ufe0f|Moltres-Galar|100\/100\n|switch|p2a: Espathra|Espathra, F|100\/100\n|turn|1\n|\n|t:|1699225834\n|move|p2a: Espathra|Protect|p2a: Espathra\n|-singleturn|p2a: Espathra|Protect\n|move|p1a: \u26ab\ufe0f\u26ab\ufe0fMOLTRES\u26ab\ufe0f\u26ab\ufe0f|Nasty Plot|p1a: \u26ab\ufe0f\u26ab\ufe0fMOLTRES\u26ab\ufe0f\u26ab\ufe0f\n|-boost|p1a: \u26ab\ufe0f\u26ab\ufe0fMOLTRES\u26ab\ufe0f\u26ab\ufe0f|spa|2\n|\n|-ability|p2a: Espathra|Speed Boost|boost\n|-boost|p2a: Espathra|spe|1\n|upkeep\n|turn|2\n|\n|t:|1699225850\n|-terastallize|p2a: Espathra|Fairy\n|move|p2a: Espathra|Calm Mind|p2a: Espathra\n|-boost|p2a: Espathra|spa|1\n|-boost|p2a: Espathra|spd|1\n|move|p1a: \u26ab\ufe0f\u26ab\ufe0fMOLTRES\u26ab\ufe0f\u26ab\ufe0f|Dark Pulse|p2a: Espathra\n|-resisted|p2a: Espathra\n|-damage|p2a: Espathra|56\/100\n|\n|-ability|p2a: Espathra|Speed Boost|boost\n|-boost|p2a: Espathra|spe|1\n|upkeep\n|turn|3\n|\n|t:|1699225870\n|move|p2a: Espathra|Protect|p2a: Espathra\n|-singleturn|p2a: Espathra|Protect\n|move|p1a: \u26ab\ufe0f\u26ab\ufe0fMOLTRES\u26ab\ufe0f\u26ab\ufe0f|Snarl|p2a: Espathra\n|-activate|p2a: Espathra|move: Protect\n|\n|-ability|p2a: Espathra|Speed Boost|boost\n|-boost|p2a: Espathra|spe|1\n|upkeep\n|turn|4\n|\n|t:|1699225886\n|move|p2a: Espathra|Dazzling Gleam|p1a: \u26ab\ufe0f\u26ab\ufe0fMOLTRES\u26ab\ufe0f\u26ab\ufe0f\n|-supereffective|p1a: \u26ab\ufe0f\u26ab\ufe0fMOLTRES\u26ab\ufe0f\u26ab\ufe0f\n|-damage|p1a: \u26ab\ufe0f\u26ab\ufe0fMOLTRES\u26ab\ufe0f\u26ab\ufe0f|1\/100\n|-ability|p1a: \u26ab\ufe0f\u26ab\ufe0fMOLTRES\u26ab\ufe0f\u26ab\ufe0f|Berserk|boost\n|-boost|p1a: \u26ab\ufe0f\u26ab\ufe0fMOLTRES\u26ab\ufe0f\u26ab\ufe0f|spa|1\n|move|p1a: \u26ab\ufe0f\u26ab\ufe0fMOLTRES\u26ab\ufe0f\u26ab\ufe0f|Dark Pulse|p2a: Espathra\n|-resisted|p2a: Espathra\n|-damage|p2a: Espathra|0 fnt\n|faint|p2a: Espathra\n|\n|upkeep\n|\n|t:|1699225907\n|switch|p2a: Ninjask|Ninjask, F, shiny|100\/100\n|turn|5\n|\n|t:|1699225922\n|move|p1a: \u26ab\ufe0f\u26ab\ufe0fMOLTRES\u26ab\ufe0f\u26ab\ufe0f|Sucker Punch|p2a: Ninjask\n|-damage|p2a: Ninjask|47\/100\n|move|p2a: Ninjask|U-turn|p1a: \u26ab\ufe0f\u26ab\ufe0fMOLTRES\u26ab\ufe0f\u26ab\ufe0f\n|-crit|p1a: \u26ab\ufe0f\u26ab\ufe0fMOLTRES\u26ab\ufe0f\u26ab\ufe0f\n|-damage|p1a: \u26ab\ufe0f\u26ab\ufe0fMOLTRES\u26ab\ufe0f\u26ab\ufe0f|0 fnt\n|faint|p1a: \u26ab\ufe0f\u26ab\ufe0fMOLTRES\u26ab\ufe0f\u26ab\ufe0f\n|\n|t:|1699225931\n|switch|p2a: Scolipede|Scolipede, F, shiny|100\/100|[from] U-turn\n|\n|upkeep\n|\n|t:|1699225938\n|switch|p1a: \u26ab\ufe0fCHIEN-PAO\u26ab\ufe0f\ud83d\udd95|Chien-Pao|100\/100\n|-ability|p1a: \u26ab\ufe0fCHIEN-PAO\u26ab\ufe0f\ud83d\udd95|Sword of Ruin\n|turn|6\n|\n|t:|1699225946\n|move|p2a: Scolipede|Protect|p2a: Scolipede\n|-singleturn|p2a: Scolipede|Protect\n|move|p1a: \u26ab\ufe0fCHIEN-PAO\u26ab\ufe0f\ud83d\udd95|Swords Dance|p1a: \u26ab\ufe0fCHIEN-PAO\u26ab\ufe0f\ud83d\udd95\n|-boost|p1a: \u26ab\ufe0fCHIEN-PAO\u26ab\ufe0f\ud83d\udd95|atk|2\n|\n|-ability|p2a: Scolipede|Speed Boost|boost\n|-boost|p2a: Scolipede|spe|1\n|upkeep\n|turn|7\n|\n|t:|1699225955\n|-terastallize|p1a: \u26ab\ufe0fCHIEN-PAO\u26ab\ufe0f\ud83d\udd95|Dark\n|move|p1a: \u26ab\ufe0fCHIEN-PAO\u26ab\ufe0f\ud83d\udd95|Sucker Punch||[still]\n|-fail|p1a: \u26ab\ufe0fCHIEN-PAO\u26ab\ufe0f\ud83d\udd95\n|move|p2a: Scolipede|Toxic|p1a: \u26ab\ufe0fCHIEN-PAO\u26ab\ufe0f\ud83d\udd95\n|-status|p1a: \u26ab\ufe0fCHIEN-PAO\u26ab\ufe0f\ud83d\udd95|tox\n|\n|-damage|p1a: \u26ab\ufe0fCHIEN-PAO\u26ab\ufe0f\ud83d\udd95|95\/100 tox|[from] psn\n|-ability|p2a: Scolipede|Speed Boost|boost\n|-boost|p2a: Scolipede|spe|1\n|upkeep\n|turn|8\n|\n|t:|1699225965\n|move|p2a: Scolipede|Protect|p2a: Scolipede\n|-singleturn|p2a: Scolipede|Protect\n|move|p1a: \u26ab\ufe0fCHIEN-PAO\u26ab\ufe0f\ud83d\udd95|Crunch|p2a: Scolipede\n|-activate|p2a: Scolipede|move: Protect\n|\n|-damage|p1a: \u26ab\ufe0fCHIEN-PAO\u26ab\ufe0f\ud83d\udd95|83\/100 tox|[from] psn\n|-ability|p2a: Scolipede|Speed Boost|boost\n|-boost|p2a: Scolipede|spe|1\n|upkeep\n|turn|9\n|\n|t:|1699225996\n|move|p1a: \u26ab\ufe0fCHIEN-PAO\u26ab\ufe0f\ud83d\udd95|Sucker Punch|p2a: Scolipede\n|-damage|p2a: Scolipede|0 fnt\n|faint|p2a: Scolipede\n|\n|-damage|p1a: \u26ab\ufe0fCHIEN-PAO\u26ab\ufe0f\ud83d\udd95|65\/100 tox|[from] psn\n|upkeep\n|\n|t:|1699226033\n|switch|p2a: Yanmega|Yanmega, F, shiny|100\/100\n|turn|10\n|\n|t:|1699226038\n|move|p2a: Yanmega|Protect|p2a: Yanmega\n|-singleturn|p2a: Yanmega|Protect\n|move|p1a: \u26ab\ufe0fCHIEN-PAO\u26ab\ufe0f\ud83d\udd95|Crunch|p2a: Yanmega\n|-activate|p2a: Yanmega|move: Protect\n|\n|-damage|p1a: \u26ab\ufe0fCHIEN-PAO\u26ab\ufe0f\ud83d\udd95|41\/100 tox|[from] psn\n|-ability|p2a: Yanmega|Speed Boost|boost\n|-boost|p2a: Yanmega|spe|1\n|upkeep\n|turn|11\n|\n|t:|1699226060\n|move|p1a: \u26ab\ufe0fCHIEN-PAO\u26ab\ufe0f\ud83d\udd95|Sucker Punch||[still]\n|-fail|p1a: \u26ab\ufe0fCHIEN-PAO\u26ab\ufe0f\ud83d\udd95\n|move|p2a: Yanmega|Defog|p1a: \u26ab\ufe0fCHIEN-PAO\u26ab\ufe0f\ud83d\udd95\n|-unboost|p1a: \u26ab\ufe0fCHIEN-PAO\u26ab\ufe0f\ud83d\udd95|evasion|1\n|\n|-damage|p1a: \u26ab\ufe0fCHIEN-PAO\u26ab\ufe0f\ud83d\udd95|11\/100 tox|[from] psn\n|-ability|p2a: Yanmega|Speed Boost|boost\n|-boost|p2a: Yanmega|spe|1\n|upkeep\n|turn|12\n|\n|t:|1699226071\n|move|p2a: Yanmega|Protect|p2a: Yanmega\n|-singleturn|p2a: Yanmega|Protect\n|move|p1a: \u26ab\ufe0fCHIEN-PAO\u26ab\ufe0f\ud83d\udd95|Sucker Punch||[still]\n|-fail|p1a: \u26ab\ufe0fCHIEN-PAO\u26ab\ufe0f\ud83d\udd95\n|\n|-damage|p1a: \u26ab\ufe0fCHIEN-PAO\u26ab\ufe0f\ud83d\udd95|0 fnt|[from] psn\n|faint|p1a: \u26ab\ufe0fCHIEN-PAO\u26ab\ufe0f\ud83d\udd95\n|-ability|p2a: Yanmega|Speed Boost|boost\n|-boost|p2a: Yanmega|spe|1\n|upkeep\n|\n|t:|1699226085\n|switch|p1a: \u26ab\ufe0fSILVALLY--EVIL\u26ab\ufe0f|Silvally-Dark|100\/100\n|turn|13\n|\n|t:|1699226100\n|move|p2a: Yanmega|Air Slash|p1a: \u26ab\ufe0fSILVALLY--EVIL\u26ab\ufe0f\n|-damage|p1a: \u26ab\ufe0fSILVALLY--EVIL\u26ab\ufe0f|70\/100\n|move|p1a: \u26ab\ufe0fSILVALLY--EVIL\u26ab\ufe0f|Punishment|p2a: Yanmega\n|-damage|p2a: Yanmega|55\/100\n|\n|-ability|p2a: Yanmega|Speed Boost|boost\n|-boost|p2a: Yanmega|spe|1\n|upkeep\n|turn|14\n|\n|t:|1699226109\n|move|p2a: Yanmega|Protect|p2a: Yanmega\n|-singleturn|p2a: Yanmega|Protect\n|move|p1a: \u26ab\ufe0fSILVALLY--EVIL\u26ab\ufe0f|Punishment|p2a: Yanmega\n|-activate|p2a: Yanmega|move: Protect\n|\n|-ability|p2a: Yanmega|Speed Boost|boost\n|-boost|p2a: Yanmega|spe|1\n|upkeep\n|turn|15\n|\n|t:|1699226119\n|move|p2a: Yanmega|Air Slash|p1a: \u26ab\ufe0fSILVALLY--EVIL\u26ab\ufe0f\n|-damage|p1a: \u26ab\ufe0fSILVALLY--EVIL\u26ab\ufe0f|36\/100\n|move|p1a: \u26ab\ufe0fSILVALLY--EVIL\u26ab\ufe0f|Punishment|p2a: Yanmega\n|-damage|p2a: Yanmega|0 fnt\n|faint|p2a: Yanmega\n|\n|upkeep\n|\n|t:|1699226157\n|switch|p2a: Ninjask|Ninjask, F, shiny|47\/100\n|turn|16\n|\n|t:|1699226162\n|move|p2a: Ninjask|U-turn|p1a: \u26ab\ufe0fSILVALLY--EVIL\u26ab\ufe0f\n|-supereffective|p1a: \u26ab\ufe0fSILVALLY--EVIL\u26ab\ufe0f\n|-damage|p1a: \u26ab\ufe0fSILVALLY--EVIL\u26ab\ufe0f|0 fnt\n|faint|p1a: \u26ab\ufe0fSILVALLY--EVIL\u26ab\ufe0f\n|\n|t:|1699226166\n|switch|p2a: Blaziken|Blaziken, F, shiny|100\/100|[from] U-turn\n|\n|upkeep\n|\n|t:|1699226171\n|switch|p1a: \u26ab\ufe0fSHARPEDO\u26ab\ufe0f|Sharpedo, M|100\/100\n|turn|17\n|\n|t:|1699226177\n|detailschange|p2a: Blaziken|Blaziken-Mega, F, shiny\n|-mega|p2a: Blaziken|Blaziken|Blazikenite\n|move|p2a: Blaziken|Protect|p2a: Blaziken\n|-singleturn|p2a: Blaziken|Protect\n|move|p1a: \u26ab\ufe0fSHARPEDO\u26ab\ufe0f|Aqua Jet|p2a: Blaziken\n|-activate|p2a: Blaziken|move: Protect\n|\n|-ability|p1a: \u26ab\ufe0fSHARPEDO\u26ab\ufe0f|Speed Boost|boost\n|-boost|p1a: \u26ab\ufe0fSHARPEDO\u26ab\ufe0f|spe|1\n|-ability|p2a: Blaziken|Speed Boost|boost\n|-boost|p2a: Blaziken|spe|1\n|upkeep\n|turn|18\n|\n|t:|1699226198\n|move|p1a: \u26ab\ufe0fSHARPEDO\u26ab\ufe0f|Aqua Jet|p2a: Blaziken\n|-supereffective|p2a: Blaziken\n|-damage|p2a: Blaziken|48\/100\n|move|p2a: Blaziken|Close Combat|p1a: \u26ab\ufe0fSHARPEDO\u26ab\ufe0f\n|-supereffective|p1a: \u26ab\ufe0fSHARPEDO\u26ab\ufe0f\n|-damage|p1a: \u26ab\ufe0fSHARPEDO\u26ab\ufe0f|0 fnt\n|-unboost|p2a: Blaziken|def|1\n|-unboost|p2a: Blaziken|spd|1\n|faint|p1a: \u26ab\ufe0fSHARPEDO\u26ab\ufe0f\n|\n|-ability|p2a: Blaziken|Speed Boost|boost\n|-boost|p2a: Blaziken|spe|1\n|upkeep\n|\n|t:|1699226218\n|switch|p1a: \u26ab\ufe0fROARING MOON\u26ab\ufe0f\ud83d\udc79|Roaring Moon|100\/100\n|-enditem|p1a: \u26ab\ufe0fROARING MOON\u26ab\ufe0f\ud83d\udc79|Booster Energy\n|-activate|p1a: \u26ab\ufe0fROARING MOON\u26ab\ufe0f\ud83d\udc79|ability: Protosynthesis|[fromitem]\n|-start|p1a: \u26ab\ufe0fROARING MOON\u26ab\ufe0f\ud83d\udc79|protosynthesisatk\n|turn|19\n|\n|t:|1699226226\n|move|p2a: Blaziken|Protect|p2a: Blaziken\n|-singleturn|p2a: Blaziken|Protect\n|move|p1a: \u26ab\ufe0fROARING MOON\u26ab\ufe0f\ud83d\udc79|Breaking Swipe|p2a: Blaziken\n|-activate|p2a: Blaziken|move: Protect\n|\n|-ability|p2a: Blaziken|Speed Boost|boost\n|-boost|p2a: Blaziken|spe|1\n|upkeep\n|turn|20\n|\n|t:|1699226246\n|move|p2a: Blaziken|Close Combat|p1a: \u26ab\ufe0fROARING MOON\u26ab\ufe0f\ud83d\udc79\n|-supereffective|p1a: \u26ab\ufe0fROARING MOON\u26ab\ufe0f\ud83d\udc79\n|-damage|p1a: \u26ab\ufe0fROARING MOON\u26ab\ufe0f\ud83d\udc79|0 fnt\n|-unboost|p2a: Blaziken|def|1\n|-unboost|p2a: Blaziken|spd|1\n|faint|p1a: \u26ab\ufe0fROARING MOON\u26ab\ufe0f\ud83d\udc79\n|-end|p1a: \u26ab\ufe0fROARING MOON\u26ab\ufe0f\ud83d\udc79|Protosynthesis|[silent]\n|\n|-ability|p2a: Blaziken|Speed Boost|boost\n|-boost|p2a: Blaziken|spe|1\n|upkeep\n|\n|t:|1699226255\n|switch|p1a: \u26ab\ufe0fKINGAMBIT\u26ab\ufe0f|Kingambit, M, shiny|100\/100\n|-activate|p1a: \u26ab\ufe0fKINGAMBIT\u26ab\ufe0f|ability: Supreme Overlord\n|-start|p1a: \u26ab\ufe0fKINGAMBIT\u26ab\ufe0f|fallen5|[silent]\n|turn|21\n|\n|t:|1699226270\n|switch|p2a: Ninjask|Ninjask, F, shiny|47\/100\n|move|p1a: \u26ab\ufe0fKINGAMBIT\u26ab\ufe0f|Sucker Punch||[still]\n|-fail|p1a: \u26ab\ufe0fKINGAMBIT\u26ab\ufe0f\n|\n|upkeep\n|turn|22\n|\n|t:|1699226276\n|move|p2a: Ninjask|Swords Dance|p2a: Ninjask\n|-boost|p2a: Ninjask|atk|2\n|move|p1a: \u26ab\ufe0fKINGAMBIT\u26ab\ufe0f|Swords Dance|p1a: \u26ab\ufe0fKINGAMBIT\u26ab\ufe0f\n|-boost|p1a: \u26ab\ufe0fKINGAMBIT\u26ab\ufe0f|atk|2\n|\n|-ability|p2a: Ninjask|Speed Boost|boost\n|-boost|p2a: Ninjask|spe|1\n|upkeep\n|turn|23\n|\n|t:|1699226287\n|move|p1a: \u26ab\ufe0fKINGAMBIT\u26ab\ufe0f|Sucker Punch|p2a: Ninjask\n|-damage|p2a: Ninjask|0 fnt\n|faint|p2a: Ninjask\n|\n|upkeep\n|\n|t:|1699226300\n|switch|p2a: Sharpedo|Sharpedo, F, shiny|100\/100\n|turn|24\n|\n|t:|1699226309\n|move|p2a: Sharpedo|Protect|p2a: Sharpedo\n|-singleturn|p2a: Sharpedo|Protect\n|move|p1a: \u26ab\ufe0fKINGAMBIT\u26ab\ufe0f|Kowtow Cleave|p2a: Sharpedo\n|-activate|p2a: Sharpedo|move: Protect\n|\n|-ability|p2a: Sharpedo|Speed Boost|boost\n|-boost|p2a: Sharpedo|spe|1\n|upkeep\n|turn|25\n|\n|t:|1699226346\n|move|p2a: Sharpedo|Ice Fang|p1a: \u26ab\ufe0fKINGAMBIT\u26ab\ufe0f|[miss]\n|-miss|p2a: Sharpedo|p1a: \u26ab\ufe0fKINGAMBIT\u26ab\ufe0f\n|move|p1a: \u26ab\ufe0fKINGAMBIT\u26ab\ufe0f|Kowtow Cleave|p2a: Sharpedo\n|-resisted|p2a: Sharpedo\n|-damage|p2a: Sharpedo|0 fnt\n|faint|p2a: Sharpedo\n|\n|upkeep\n|\n|t:|1699226354\n|switch|p2a: Blaziken|Blaziken-Mega, F, shiny|48\/100\n|turn|26\n|\n|t:|1699226358\n|move|p2a: Blaziken|Protect|p2a: Blaziken\n|-singleturn|p2a: Blaziken|Protect\n|move|p1a: \u26ab\ufe0fKINGAMBIT\u26ab\ufe0f|Sucker Punch||[still]\n|-fail|p1a: \u26ab\ufe0fKINGAMBIT\u26ab\ufe0f\n|\n|-ability|p2a: Blaziken|Speed Boost|boost\n|-boost|p2a: Blaziken|spe|1\n|upkeep\n|turn|27\n|\n|t:|1699226375\n|move|p2a: Blaziken|Protect||[still]\n|-fail|p2a: Blaziken\n|move|p1a: \u26ab\ufe0fKINGAMBIT\u26ab\ufe0f|Sucker Punch||[still]\n|-fail|p1a: \u26ab\ufe0fKINGAMBIT\u26ab\ufe0f\n|\n|-ability|p2a: Blaziken|Speed Boost|boost\n|-boost|p2a: Blaziken|spe|1\n|upkeep\n|turn|28\n|\n|t:|1699226395\n|move|p1a: \u26ab\ufe0fKINGAMBIT\u26ab\ufe0f|Sucker Punch|p2a: Blaziken\n|-resisted|p2a: Blaziken\n|-damage|p2a: Blaziken|0 fnt\n|faint|p2a: Blaziken\n|\n|win|EVIL-M0DE\ufe0f\ufe0f\ufe0f\ufe0f\ufe0f\u25aa\ufe0f\n|raw|EVIL-M0DE\ufe0f\ufe0f\ufe0f\ufe0f\ufe0f\u25aa\ufe0f's rating: 1099 &rarr; <strong>1126<\/strong><br \/>(+27 for winning)\n|raw|PSYKEYstr's rating: 1118 &rarr; <strong>1092<\/strong><br \/>(-26 for losing)\n|l|\u2606PSYKEYstr\n|l|\u2606EVIL-M0DE\ufe0f\ufe0f\ufe0f\ufe0f\ufe0f\u25aa\ufe0f\n|j|\u2606EVIL-M0DE\ufe0f\ufe0f\ufe0f\ufe0f\ufe0f\u25aa\ufe0f\n|player|p1|EVIL-M0DE\ufe0f\ufe0f\ufe0f\ufe0f\ufe0f\u25aa\ufe0f|guitarist\n|j|\u2606PSYKEYstr\n|player|p2|PSYKEYstr|tulip\n|l|\u2606PSYKEYstr\n|player|p2|\n","uploadtime":1699226770,"views":4,"p1id":"evilm0de","p2id":"psykeystr","formatid":"gen9nationaldexubers","rating":1092,"private":0,"password":""}