{"id":"gen9nationaldexubers-1981020213","p1":"standardbandard23","p2":"ArcticIzagi","format":"[Gen 9] National Dex Ubers","log":"|j|\u2606standardbandard23\n|j|\u2606ArcticIzagi\n|t:|1698857281\n|gametype|singles\n|player|p1|standardbandard23|steven|\n|player|p2|ArcticIzagi|sycamore|\n|teamsize|p1|6\n|teamsize|p2|6\n|gen|9\n|tier|[Gen 9] National Dex Ubers\n|rule|HP Percentage Mod: HP is shown in percentages\n|rule|Endless Battle Clause: Forcing endless battles is banned\n|rule|OHKO Clause: OHKO moves are banned\n|rule|Evasion Moves Clause: Evasion moves are banned\n|rule|Evasion Items Clause: Evasion items are banned\n|rule|Species Clause: Limit one of each Pok\u00e9mon\n|rule|Sleep Clause Mod: Limit one foe put to sleep\n|rule|Mega Rayquaza Clause: You cannot mega evolve Rayquaza\n|clearpoke\n|poke|p1|Tapu Koko|\n|poke|p1|Sneasler, F|\n|poke|p1|Volcarona, F|\n|poke|p1|Iron Valiant|\n|poke|p1|Gliscor, M|\n|poke|p1|Charizard, M|\n|poke|p2|Diancie|\n|poke|p2|Coalossal, M|\n|poke|p2|Tyranitar, M|\n|poke|p2|Ogerpon-Cornerstone, F|\n|poke|p2|Terrakion|\n|poke|p2|Nihilego|\n|teampreview\n|c|\u2606standardbandard23|glhf\n|j| Destinum\n|c|\u2606ArcticIzagi|same\n|c|\u2606ArcticIzagi|tera?\n|c|\u2606standardbandard23|grass volc\n|j| Frosty707\n|\n|t:|1698857325\n|start\n|switch|p1a: Die for you|Tapu Koko|100\/100\n|switch|p2a: Banquet|Diancie|100\/100\n|-fieldstart|move: Electric Terrain|[from] ability: Electric Surge|[of] p1a: Die for you\n|turn|1\n|c| Frosty707|yoooo i also used koko sneasler volc val in my tour\n|c| Frosty707|devious 4\n|\n|t:|1698857395\n|detailschange|p2a: Banquet|Diancie-Mega\n|-mega|p2a: Banquet|Diancie|Diancite\n|move|p1a: Die for you|U-turn|p2a: Banquet\n|-resisted|p2a: Banquet\n|-damage|p2a: Banquet|90\/100\n|\n|t:|1698857400\n|switch|p1a: Devolution|Charizard, M|100\/100|[from] U-turn\n|move|p2a: Banquet|Stealth Rock|p1a: Devolution\n|-sidestart|p1: standardbandard23|move: Stealth Rock\n|\n|upkeep\n|turn|2\n|j| IncandescentCandle\n|\n|t:|1698857424\n|detailschange|p1a: Devolution|Charizard-Mega-X, M\n|-mega|p1a: Devolution|Charizard|Charizardite X\n|move|p2a: Banquet|Diamond Storm|p1a: Devolution\n|-supereffective|p1a: Devolution\n|-damage|p1a: Devolution|0 fnt\n|-boost|p2a: Banquet|def|2\n|faint|p1a: Devolution\n|\n|upkeep\n|c|\u2606standardbandard23|that's bad\n|c| Destinum|I'm unsure what the plan was there to begin with.\n|c|\u2606standardbandard23|was a roll supposedly\n|\n|t:|1698857480\n|switch|p1a: Infected|Volcarona, F|100\/100\n|turn|3\n|\n|t:|1698857484\n|move|p2a: Banquet|Diamond Storm|p1a: Infected\n|-supereffective|p1a: Infected\n|-damage|p1a: Infected|0 fnt\n|faint|p1a: Infected\n|\n|upkeep\n|c|\u2606standardbandard23|I FORGOT TO TERA FRICK\n|c|\u2606standardbandard23|well that's gg\n|l| IncandescentCandle\n|c| Destinum|I wouldn't be so hasty regarding that.\n|c|\u2606ArcticIzagi|Anything can still happen\n|\n|t:|1698857536\n|switch|p1a: Die for you|Tapu Koko|100\/100\n|turn|4\n|c|\u2606ArcticIzagi|were playing Pokemon afterall\n|c|\u2606standardbandard23|i am so dum\n|c|\u2606standardbandard23|lack of tera fricked me\n|\n|t:|1698857580\n|move|p1a: Die for you|Thunderbolt|p2a: Banquet\n|-damage|p2a: Banquet|18\/100\n|move|p2a: Banquet|Diamond Storm|p1a: Die for you\n|-damage|p1a: Die for you|24\/100\n|-boost|p2a: Banquet|def|2\n|\n|upkeep\n|turn|5\n|c|\u2606standardbandard23|no ep?\n|c|\u2606ArcticIzagi|na\n|\n|t:|1698857611\n|move|p1a: Die for you|Thunderbolt|p2a: Banquet\n|-damage|p2a: Banquet|0 fnt\n|faint|p2a: Banquet\n|\n|-fieldend|move: Electric Terrain\n|upkeep\n|c|\u2606standardbandard23|that would have been nice to know turn 1\n|\n|t:|1698857620\n|switch|p2a: Antlion|Tyranitar, M|100\/100\n|-weather|Sandstorm|[from] ability: Sand Stream|[of] p2a: Antlion\n|turn|6\n|j| IncandescentCandle\n|\n|t:|1698857633\n|move|p1a: Die for you|U-turn|p2a: Antlion\n|-supereffective|p2a: Antlion\n|-damage|p2a: Antlion|73\/100\n|\n|t:|1698857636\n|switch|p1a: Earthrise|Gliscor, M|100\/100|[from] U-turn\n|-damage|p1a: Earthrise|88\/100|[from] Stealth Rock\n|move|p2a: Antlion|Earthquake|p1a: Earthrise\n|-immune|p1a: Earthrise\n|\n|-weather|Sandstorm|[upkeep]\n|-status|p1a: Earthrise|tox|[from] item: Toxic Orb\n|upkeep\n|turn|7\n|\n|t:|1698857646\n|move|p1a: Earthrise|Earthquake|p2a: Antlion\n|-supereffective|p2a: Antlion\n|-damage|p2a: Antlion|7\/100\n|move|p2a: Antlion|Ice Beam|p1a: Earthrise\n|-supereffective|p1a: Earthrise\n|-damage|p1a: Earthrise|0 fnt\n|faint|p1a: Earthrise\n|\n|-weather|Sandstorm|[upkeep]\n|upkeep\n|c|\u2606standardbandard23|why does he get ice beam\n|c|\u2606ArcticIzagi|funny\n|c|\u2606standardbandard23|literally why\n|c| Destinum|Pseudo-legendary Godzilla.\n|\n|t:|1698857670\n|switch|p1a: Die for you|Tapu Koko|24\/100\n|-fieldstart|move: Electric Terrain|[from] ability: Electric Surge|[of] p1a: Die for you\n|turn|8\n|c| IncandescentCandle|omfg wait ik this set\n|\n|t:|1698857682\n|switch|p2a: Dr. Herbert|Nihilego|100\/100\n|move|p1a: Die for you|U-turn|p2a: Dr. Herbert\n|-resisted|p2a: Dr. Herbert\n|-damage|p2a: Dr. Herbert|89\/100\n|\n|t:|1698857688\n|switch|p1a: Starlight|Iron Valiant|100\/100|[from] U-turn\n|-damage|p1a: Starlight|94\/100|[from] Stealth Rock\n|-activate|p1a: Starlight|ability: Quark Drive\n|-start|p1a: Starlight|quarkdrivespe\n|\n|-weather|Sandstorm|[upkeep]\n|-damage|p1a: Starlight|88\/100|[from] Sandstorm\n|upkeep\n|turn|9\n|\n|t:|1698857701\n|move|p1a: Starlight|Psyshock|p2a: Dr. Herbert\n|-supereffective|p2a: Dr. Herbert\n|-damage|p2a: Dr. Herbert|0 fnt\n|faint|p2a: Dr. Herbert\n|\n|-weather|Sandstorm|[upkeep]\n|-damage|p1a: Starlight|82\/100|[from] Sandstorm\n|upkeep\n|\n|t:|1698857715\n|switch|p2a: Tadamono|Terrakion|100\/100\n|turn|10\n|\n|t:|1698857730\n|move|p1a: Starlight|Psyshock|p2a: Tadamono\n|-supereffective|p2a: Tadamono\n|-damage|p2a: Tadamono|9\/100\n|move|p2a: Tadamono|Poison Jab|p1a: Starlight\n|-supereffective|p1a: Starlight\n|-damage|p1a: Starlight|6\/100\n|\n|-weather|none\n|upkeep\n|turn|11\n|\n|t:|1698857740\n|move|p1a: Starlight|Psyshock|p2a: Tadamono\n|-supereffective|p2a: Tadamono\n|-damage|p2a: Tadamono|0 fnt\n|faint|p2a: Tadamono\n|\n|upkeep\n|\n|t:|1698857744\n|switch|p2a: Antlion|Tyranitar, M|7\/100\n|-weather|Sandstorm|[from] ability: Sand Stream|[of] p2a: Antlion\n|turn|12\n|c| Destinum|The Sandstorm *just* ran out lol.\n|\n|t:|1698857781\n|move|p1a: Starlight|Psyshock|p2a: Antlion\n|-immune|p2a: Antlion\n|move|p2a: Antlion|Earthquake|p1a: Starlight\n|-damage|p1a: Starlight|0 fnt\n|faint|p1a: Starlight\n|-end|p1a: Starlight|Quark Drive|[silent]\n|\n|-weather|Sandstorm|[upkeep]\n|-fieldend|move: Electric Terrain\n|upkeep\n|\n|t:|1698857788\n|switch|p1a: Die for you|Tapu Koko|24\/100\n|-fieldstart|move: Electric Terrain|[from] ability: Electric Surge|[of] p1a: Die for you\n|turn|13\n|\n|t:|1698857796\n|switch|p2a: SummerVacationWar|Coalossal, M|100\/100\n|move|p1a: Die for you|Thunderbolt|p2a: SummerVacationWar\n|-damage|p2a: SummerVacationWar|74\/100\n|\n|-weather|Sandstorm|[upkeep]\n|-damage|p1a: Die for you|18\/100|[from] Sandstorm\n|upkeep\n|turn|14\n|\n|t:|1698857810\n|move|p1a: Die for you|Roost|p1a: Die for you\n|-heal|p1a: Die for you|68\/100\n|-singleturn|p1a: Die for you|move: Roost\n|move|p2a: SummerVacationWar|Will-O-Wisp|p1a: Die for you\n|-status|p1a: Die for you|brn\n|\n|-weather|Sandstorm|[upkeep]\n|-damage|p1a: Die for you|62\/100 brn|[from] Sandstorm\n|-damage|p1a: Die for you|56\/100 brn|[from] brn\n|upkeep\n|turn|15\n|\n|t:|1698857819\n|move|p1a: Die for you|Thunderbolt|p2a: SummerVacationWar\n|-damage|p2a: SummerVacationWar|42\/100\n|-status|p2a: SummerVacationWar|par\n|move|p2a: SummerVacationWar|Overheat|p1a: Die for you\n|-damage|p1a: Die for you|3\/100 brn\n|-unboost|p2a: SummerVacationWar|spa|2\n|\n|-weather|Sandstorm|[upkeep]\n|-damage|p1a: Die for you|0 fnt|[from] Sandstorm\n|faint|p1a: Die for you\n|upkeep\n|\n|t:|1698857828\n|switch|p1a: Let it Die|Sneasler, F|100\/100\n|-damage|p1a: Let it Die|95\/100|[from] Stealth Rock\n|-enditem|p1a: Let it Die|Electric Seed\n|-boost|p1a: Let it Die|def|1|[from] item: Electric Seed\n|turn|16\n|c| IncandescentCandle|are we all out of pickled ginger\n|\n|t:|1698857843\n|move|p1a: Let it Die|Swords Dance|p1a: Let it Die\n|-boost|p1a: Let it Die|atk|2\n|move|p2a: SummerVacationWar|Will-O-Wisp|p1a: Let it Die\n|-status|p1a: Let it Die|brn\n|\n|-weather|none\n|-damage|p1a: Let it Die|89\/100 brn|[from] brn\n|upkeep\n|turn|17\n|\n|t:|1698857867\n|move|p1a: Let it Die|Swords Dance|p1a: Let it Die\n|-boost|p1a: Let it Die|atk|2\n|move|p2a: SummerVacationWar|Overheat|p1a: Let it Die\n|-damage|p1a: Let it Die|65\/100 brn\n|-unboost|p2a: SummerVacationWar|spa|2\n|\n|-damage|p1a: Let it Die|59\/100 brn|[from] brn\n|-fieldend|move: Electric Terrain\n|upkeep\n|turn|18\n|\n|t:|1698857898\n|move|p1a: Let it Die|Rock Slide|p2a: SummerVacationWar\n|-supereffective|p2a: SummerVacationWar\n|-damage|p2a: SummerVacationWar|1\/100 par\n|cant|p2a: SummerVacationWar|par\n|\n|-damage|p1a: Let it Die|53\/100 brn|[from] brn\n|upkeep\n|turn|19\n|c|\u2606ArcticIzagi|can we tera with our monotype teams?\n|\n|t:|1698857918\n|move|p1a: Let it Die|Rock Slide|p2a: SummerVacationWar\n|-supereffective|p2a: SummerVacationWar\n|-damage|p2a: SummerVacationWar|0 fnt\n|faint|p2a: SummerVacationWar\n|\n|-damage|p1a: Let it Die|47\/100 brn|[from] brn\n|upkeep\n|c|\u2606standardbandard23|yea\n|c| IncandescentCandle|yes\n|\n|t:|1698857924\n|switch|p2a: Hikattero Justice|Ogerpon-Cornerstone, F|100\/100\n|turn|20\n|\n|t:|1698857947\n|-terastallize|p2a: Hikattero Justice|Rock\n|detailschange|p2a: Hikattero Justice|Ogerpon-Cornerstone-Tera, F, tera:Rock\n|-ability|p2a: Hikattero Justice|Embody Aspect (Cornerstone)|boost\n|-boost|p2a: Hikattero Justice|def|1\n|move|p1a: Let it Die|Dire Claw|p2a: Hikattero Justice\n|-resisted|p2a: Hikattero Justice\n|-damage|p2a: Hikattero Justice|68\/100\n|move|p2a: Hikattero Justice|Ivy Cudgel|p1a: Let it Die\n|-resisted|p1a: Let it Die\n|-damage|p1a: Let it Die|4\/100 brn\n|\n|-damage|p1a: Let it Die|0 fnt|[from] brn\n|faint|p1a: Let it Die\n|\n|win|ArcticIzagi\n|upkeep\n|c|\u2606ArcticIzagi|gg\n|c|\u2606standardbandard23|gg\n|l| Frosty707\n|c|\u2606standardbandard23|out was literally hoping for good dire claw luck\n","uploadtime":1698857961,"views":26,"p1id":"standardbandard23","p2id":"arcticizagi","formatid":"gen9nationaldexubers","rating":0,"private":0,"password":""}