{"id":"gen9nationaldexubers-1995494085","p1":"Lifix Voidwalker","p2":"Master Kirbs","format":"[Gen 9] National Dex Ubers","log":"|j|\u2606Lifix Voidwalker\n|j|\u2606Master Kirbs\n|t:|1700576870\n|gametype|singles\n|player|p1|Lifix Voidwalker|170|1082\n|player|p2|Master Kirbs|hiker-gen4|1142\n|teamsize|p1|6\n|teamsize|p2|6\n|gen|9\n|tier|[Gen 9] National Dex Ubers\n|rated|\n|rule|HP Percentage Mod: HP is shown in percentages\n|rule|Endless Battle Clause: Forcing endless battles is banned\n|rule|OHKO Clause: OHKO moves are banned\n|rule|Evasion Moves Clause: Evasion moves are banned\n|rule|Evasion Items Clause: Evasion items are banned\n|rule|Species Clause: Limit one of each Pok\u00e9mon\n|rule|Sleep Clause Mod: Limit one foe put to sleep\n|rule|Mega Rayquaza Clause: You cannot mega evolve Rayquaza\n|clearpoke\n|poke|p1|Flutter Mane|\n|poke|p1|Archeops, F|\n|poke|p1|Slowking, F|\n|poke|p1|Rabsca, F|\n|poke|p1|Glaceon, F|\n|poke|p1|Tapu Bulu|\n|poke|p2|Enamorus, F|\n|poke|p2|Miltank, F|\n|poke|p2|Masquerain, M|\n|poke|p2|Kleavor, F|\n|poke|p2|Zoroark-Hisui, M|\n|poke|p2|Chien-Pao|\n|teampreview\n|inactive|Battle timer is ON: inactive players will automatically lose when time's up. (requested by Master Kirbs)\n|c|\u2606Lifix Voidwalker|I got this team by a random Pokemon generator!\n|\n|t:|1700576887\n|start\n|switch|p1a: Laxluster|Slowking, F, shiny|100\/100\n|switch|p2a: Masquerain|Masquerain, M|100\/100\n|-ability|p2a: Masquerain|Intimidate|boost\n|-unboost|p1a: Laxluster|atk|1\n|turn|1\n|\n|t:|1700576901\n|move|p2a: Masquerain|Stun Spore|p1a: Laxluster\n|-status|p1a: Laxluster|par\n|move|p1a: Laxluster|Chilly Reception|p1a: Laxluster\n|-weather|Snow\n|\n|t:|1700576906\n|switch|p1a: Naughty Naughty|Glaceon, F, shiny|100\/100|[from] Chilly Reception\n|\n|-weather|Snow|[upkeep]\n|upkeep\n|turn|2\n|\n|t:|1700576916\n|move|p1a: Naughty Naughty|Ice Shard|p2a: Masquerain\n|-supereffective|p2a: Masquerain\n|-damage|p2a: Masquerain|50\/100\n|move|p2a: Masquerain|Sticky Web|p1a: Naughty Naughty\n|-sidestart|p1: Lifix Voidwalker|move: Sticky Web\n|\n|-weather|Snow|[upkeep]\n|upkeep\n|turn|3\n|\n|t:|1700576923\n|switch|p2a: Kleavor|Kleavor, F|100\/100\n|move|p1a: Naughty Naughty|Ice Shard|p2a: Kleavor\n|-crit|p2a: Kleavor\n|-damage|p2a: Kleavor|70\/100\n|\n|-weather|Snow|[upkeep]\n|upkeep\n|turn|4\n|\n|t:|1700576931\n|switch|p2a: Masquerain|Masquerain, M|50\/100\n|-ability|p2a: Masquerain|Intimidate|boost\n|-unboost|p1a: Naughty Naughty|atk|1\n|move|p1a: Naughty Naughty|Avalanche|p2a: Masquerain\n|-supereffective|p2a: Masquerain\n|-damage|p2a: Masquerain|5\/100\n|\n|-weather|Snow|[upkeep]\n|upkeep\n|turn|5\n|\n|t:|1700576938\n|move|p1a: Naughty Naughty|Ice Shard|p2a: Masquerain\n|-supereffective|p2a: Masquerain\n|-damage|p2a: Masquerain|0 fnt\n|faint|p2a: Masquerain\n|\n|-weather|none\n|upkeep\n|\n|t:|1700576947\n|switch|p2a: Kleavor|Kleavor, F|70\/100\n|turn|6\n|\n|t:|1700576951\n|move|p2a: Kleavor|Stone Axe|p1a: Naughty Naughty\n|-supereffective|p1a: Naughty Naughty\n|-damage|p1a: Naughty Naughty|0 fnt\n|-sidestart|p1: Lifix Voidwalker|move: Stealth Rock\n|faint|p1a: Naughty Naughty\n|-damage|p2a: Kleavor|60\/100|[from] item: Life Orb\n|\n|upkeep\n|\n|t:|1700576979\n|switch|p1a: Tapu Buhulu|Tapu Bulu, shiny|100\/100\n|-activate|p1a: Tapu Buhulu|move: Sticky Web\n|-unboost|p1a: Tapu Buhulu|spe|1\n|-damage|p1a: Tapu Buhulu|88\/100|[from] Stealth Rock\n|-fieldstart|move: Grassy Terrain|[from] ability: Grassy Surge|[of] p1a: Tapu Buhulu\n|-enditem|p1a: Tapu Buhulu|Grassy Seed\n|-boost|p1a: Tapu Buhulu|def|1|[from] item: Grassy Seed\n|turn|7\n|\n|t:|1700576988\n|move|p2a: Kleavor|Dual Wingbeat|p1a: Tapu Buhulu\n|-supereffective|p1a: Tapu Buhulu\n|-damage|p1a: Tapu Buhulu|64\/100\n|-supereffective|p1a: Tapu Buhulu\n|-damage|p1a: Tapu Buhulu|41\/100\n|-hitcount|p1a: Tapu Buhulu|2\n|-damage|p2a: Kleavor|50\/100|[from] item: Life Orb\n|move|p1a: Tapu Buhulu|Horn Leech|p2a: Kleavor\n|-damage|p2a: Kleavor|0 fnt\n|-heal|p1a: Tapu Buhulu|61\/100|[from] drain|[of] p2a: Kleavor\n|faint|p2a: Kleavor\n|\n|-heal|p1a: Tapu Buhulu|68\/100|[from] Grassy Terrain\n|upkeep\n|\n|t:|1700576997\n|switch|p2a: Miltank|Miltank, F|100\/100\n|turn|8\n|\n|t:|1700577002\n|move|p2a: Miltank|Flamethrower|p1a: Tapu Buhulu\n|-supereffective|p1a: Tapu Buhulu\n|-damage|p1a: Tapu Buhulu|9\/100\n|move|p1a: Tapu Buhulu|Wood Hammer|p2a: Miltank\n|-damage|p2a: Miltank|0 fnt\n|replace|p2a: Zoroark|Zoroark-Hisui, M\n|-end|p2a: Zoroark|Illusion\n|faint|p2a: Zoroark\n|-damage|p1a: Tapu Buhulu|0 fnt|[from] Recoil\n|faint|p1a: Tapu Buhulu\n|\n|upkeep\n|\n|t:|1700577021\n|switch|p2a: Miltank|Miltank, F|100\/100\n|switch|p1a: Laxluster|Slowking, F, shiny|100\/100 par\n|-activate|p1a: Laxluster|move: Sticky Web\n|-unboost|p1a: Laxluster|spe|1\n|-damage|p1a: Laxluster|88\/100 par|[from] Stealth Rock\n|turn|9\n|\n|t:|1700577027\n|move|p2a: Miltank|Curse|p2a: Miltank\n|-unboost|p2a: Miltank|spe|1\n|-boost|p2a: Miltank|atk|1\n|-boost|p2a: Miltank|def|1\n|move|p1a: Laxluster|Blizzard|p2a: Miltank|[miss]\n|-miss|p1a: Laxluster|p2a: Miltank\n|\n|-heal|p1a: Laxluster|94\/100 par|[from] Grassy Terrain\n|upkeep\n|turn|10\n|\n|t:|1700577034\n|move|p2a: Miltank|Curse|p2a: Miltank\n|-unboost|p2a: Miltank|spe|1\n|-boost|p2a: Miltank|atk|1\n|-boost|p2a: Miltank|def|1\n|cant|p1a: Laxluster|par\n|\n|-heal|p1a: Laxluster|99\/100 par|[from] Grassy Terrain\n|upkeep\n|turn|11\n|\n|t:|1700577037\n|move|p2a: Miltank|Curse|p2a: Miltank\n|-unboost|p2a: Miltank|spe|1\n|-boost|p2a: Miltank|atk|1\n|-boost|p2a: Miltank|def|1\n|move|p1a: Laxluster|Blizzard|p2a: Miltank|[miss]\n|-miss|p1a: Laxluster|p2a: Miltank\n|\n|-heal|p1a: Laxluster|100\/100 par|[from] Grassy Terrain\n|-fieldend|move: Grassy Terrain\n|upkeep\n|turn|12\n|\n|t:|1700577044\n|move|p2a: Miltank|Body Slam|p1a: Laxluster\n|-damage|p1a: Laxluster|20\/100 par\n|move|p1a: Laxluster|Blizzard|p2a: Miltank\n|-damage|p2a: Miltank|64\/100\n|\n|-heal|p2a: Miltank|71\/100|[from] item: Leftovers\n|upkeep\n|turn|13\n|\n|t:|1700577050\n|move|p2a: Miltank|Body Slam|p1a: Laxluster\n|-damage|p1a: Laxluster|0 fnt\n|faint|p1a: Laxluster\n|\n|-heal|p2a: Miltank|77\/100|[from] item: Leftovers\n|upkeep\n|\n|t:|1700577064\n|switch|p1a: Imp Ossible|Flutter Mane, shiny|100\/100\n|-activate|p1a: Imp Ossible|move: Sticky Web\n|-unboost|p1a: Imp Ossible|spe|1\n|-damage|p1a: Imp Ossible|88\/100|[from] Stealth Rock\n|-enditem|p1a: Imp Ossible|Booster Energy\n|-activate|p1a: Imp Ossible|ability: Protosynthesis|[fromitem]\n|-start|p1a: Imp Ossible|protosynthesisspd\n|turn|14\n|\n|t:|1700577078\n|move|p1a: Imp Ossible|Moonblast|p2a: Miltank\n|-damage|p2a: Miltank|25\/100\n|move|p2a: Miltank|Body Slam|p1a: Imp Ossible\n|-damage|p1a: Imp Ossible|0 fnt\n|faint|p1a: Imp Ossible\n|-end|p1a: Imp Ossible|Protosynthesis|[silent]\n|\n|-heal|p2a: Miltank|31\/100|[from] item: Leftovers\n|upkeep\n|\n|t:|1700577087\n|switch|p1a: Rashca|Rabsca, F, shiny|100\/100\n|-activate|p1a: Rashca|move: Sticky Web\n|-unboost|p1a: Rashca|spe|1\n|-damage|p1a: Rashca|76\/100|[from] Stealth Rock\n|turn|15\n|\n|t:|1700577095\n|move|p2a: Miltank|Milk Drink|p2a: Miltank\n|-heal|p2a: Miltank|81\/100\n|move|p1a: Rashca|Revival Blessing|p1a: Rashca\n|-enditem|p1a: Rashca|Leppa Berry|[eat]\n|-activate|p1a: Rashca|item: Leppa Berry|Revival Blessing|[consumed]\n|\n|t:|1700577107\n|-heal|p1: Tapu Buhulu|50\/100|[from] move: Revival Blessing\n|\n|-heal|p2a: Miltank|88\/100|[from] item: Leftovers\n|upkeep\n|turn|16\n|\n|t:|1700577113\n|move|p2a: Miltank|Body Slam|p1a: Rashca\n|-damage|p1a: Rashca|0 fnt\n|faint|p1a: Rashca\n|\n|-heal|p2a: Miltank|94\/100|[from] item: Leftovers\n|upkeep\n|\n|t:|1700577115\n|switch|p1a: Tapu Buhulu|Tapu Bulu, shiny|50\/100\n|-activate|p1a: Tapu Buhulu|move: Sticky Web\n|-unboost|p1a: Tapu Buhulu|spe|1\n|-damage|p1a: Tapu Buhulu|38\/100|[from] Stealth Rock\n|-fieldstart|move: Grassy Terrain|[from] ability: Grassy Surge|[of] p1a: Tapu Buhulu\n|turn|17\n|\n|t:|1700577122\n|move|p1a: Tapu Buhulu|Wood Hammer|p2a: Miltank\n|-damage|p2a: Miltank|63\/100\n|-damage|p1a: Tapu Buhulu|26\/100|[from] Recoil\n|move|p2a: Miltank|Body Slam|p1a: Tapu Buhulu\n|-damage|p1a: Tapu Buhulu|0 fnt\n|faint|p1a: Tapu Buhulu\n|\n|-heal|p2a: Miltank|69\/100|[from] Grassy Terrain\n|-heal|p2a: Miltank|75\/100|[from] item: Leftovers\n|upkeep\n|\n|t:|1700577125\n|switch|p1a: Sass Lass|Archeops, F, shiny|100\/100\n|-damage|p1a: Sass Lass|76\/100|[from] Stealth Rock\n|turn|18\n|\n|t:|1700577133\n|-terastallize|p1a: Sass Lass|Flying\n|move|p1a: Sass Lass|Quick Attack|p2a: Miltank\n|-enditem|p1a: Sass Lass|Normal Gem|[from] gem\n|-damage|p2a: Miltank|69\/100\n|move|p2a: Miltank|Body Slam|p1a: Sass Lass\n|-damage|p1a: Sass Lass|0 fnt\n|faint|p1a: Sass Lass\n|\n|win|Master Kirbs\n|raw|Lifix Voidwalker's rating: 1082 &rarr; <strong>1064<\/strong><br \/>(-18 for losing)\n|raw|Master Kirbs's rating: 1142 &rarr; <strong>1163<\/strong><br \/>(+21 for winning)\n|l|\u2606Lifix Voidwalker\n","uploadtime":1700577143,"views":0,"p1id":"lifixvoidwalker","p2id":"masterkirbs","formatid":"gen9nationaldexubers","rating":1064,"private":0,"password":""}