{"id":"gen9nationaldexubers-1978571677","p1":"TheDude10101","p2":"ninjask 8","format":"[Gen 9] National Dex Ubers","log":"|j|\u2606TheDude10101\n|j|\u2606ninjask 8\n|t:|1698558149\n|gametype|singles\n|player|p1|TheDude10101|1|1252\n|player|p2|ninjask 8|hilbert-masters|1495\n|teamsize|p1|6\n|teamsize|p2|6\n|gen|9\n|tier|[Gen 9] National Dex Ubers\n|rated|\n|rule|HP Percentage Mod: HP is shown in percentages\n|rule|Endless Battle Clause: Forcing endless battles is banned\n|rule|OHKO Clause: OHKO moves are banned\n|rule|Evasion Moves Clause: Evasion moves are banned\n|rule|Evasion Items Clause: Evasion items are banned\n|rule|Species Clause: Limit one of each Pok\u00e9mon\n|rule|Sleep Clause Mod: Limit one foe put to sleep\n|rule|Mega Rayquaza Clause: You cannot mega evolve Rayquaza\n|clearpoke\n|poke|p1|Forretress, M|\n|poke|p1|Lopunny, F|\n|poke|p1|Golisopod, F|\n|poke|p1|Sandy Shocks|\n|poke|p1|Chansey, F|\n|poke|p1|Typhlosion, F|\n|poke|p2|Groudon|\n|poke|p2|Xerneas-*|\n|poke|p2|Necrozma-Dusk-Mane|\n|poke|p2|Kyurem-White|\n|poke|p2|Zygarde|\n|poke|p2|Salamence, M|\n|teampreview\n|inactive|Battle timer is ON: inactive players will automatically lose when time's up. (requested by TheDude10101)\n|\n|t:|1698558155\n|start\n|switch|p1a: Forretress|Forretress, M|100\/100\n|switch|p2a: Zygarde|Zygarde|100\/100\n|turn|1\n|\n|t:|1698558160\n|move|p2a: Zygarde|Coil|p2a: Zygarde\n|-boost|p2a: Zygarde|atk|1\n|-boost|p2a: Zygarde|def|1\n|-boost|p2a: Zygarde|accuracy|1\n|move|p1a: Forretress|Stealth Rock|p2a: Zygarde\n|-sidestart|p2: ninjask 8|move: Stealth Rock\n|\n|upkeep\n|turn|2\n|\n|t:|1698558164\n|move|p2a: Zygarde|Thousand Arrows|p1a: Forretress\n|-damage|p1a: Forretress|67\/100\n|move|p1a: Forretress|Toxic|p2a: Zygarde\n|-status|p2a: Zygarde|tox\n|\n|-damage|p2a: Zygarde|94\/100 tox|[from] psn\n|upkeep\n|turn|3\n|\n|t:|1698558170\n|move|p2a: Zygarde|Coil|p2a: Zygarde\n|-boost|p2a: Zygarde|atk|1\n|-boost|p2a: Zygarde|def|1\n|-boost|p2a: Zygarde|accuracy|1\n|move|p1a: Forretress|Gyro Ball|p2a: Zygarde\n|-damage|p2a: Zygarde|86\/100 tox\n|\n|-heal|p2a: Zygarde|92\/100 tox|[from] item: Leftovers\n|-damage|p2a: Zygarde|80\/100 tox|[from] psn\n|upkeep\n|turn|4\n|\n|t:|1698558179\n|move|p2a: Zygarde|Thousand Arrows|p1a: Forretress\n|-damage|p1a: Forretress|15\/100\n|move|p1a: Forretress|Gyro Ball|p2a: Zygarde\n|-damage|p2a: Zygarde|71\/100 tox\n|\n|-heal|p2a: Zygarde|78\/100 tox|[from] item: Leftovers\n|-damage|p2a: Zygarde|59\/100 tox|[from] psn\n|upkeep\n|turn|5\n|\n|t:|1698558187\n|move|p2a: Zygarde|Thousand Arrows|p1a: Forretress\n|-damage|p1a: Forretress|0 fnt\n|faint|p1a: Forretress\n|\n|-heal|p2a: Zygarde|65\/100 tox|[from] item: Leftovers\n|-damage|p2a: Zygarde|40\/100 tox|[from] psn\n|-activate|p2a: Zygarde|ability: Power Construct\n|detailschange|p2a: Zygarde|Zygarde-Complete\n|-heal|p2a: Zygarde|61\/100 tox|[silent]\n|upkeep\n|\n|t:|1698558199\n|switch|p1a: Lopunny|Lopunny, F, shiny|100\/100\n|turn|6\n|\n|t:|1698558203\n|detailschange|p1a: Lopunny|Lopunny-Mega, F, shiny\n|-mega|p1a: Lopunny|Lopunny|Lopunnite\n|move|p1a: Lopunny|Fake Out|p2a: Zygarde\n|-damage|p2a: Zygarde|56\/100 tox\n|cant|p2a: Zygarde|flinch\n|\n|-heal|p2a: Zygarde|62\/100 tox|[from] item: Leftovers\n|-damage|p2a: Zygarde|31\/100 tox|[from] psn\n|upkeep\n|turn|7\n|\n|t:|1698558216\n|switch|p1a: Golisopod|Golisopod, F|100\/100\n|move|p2a: Zygarde|Thousand Arrows|p1a: Golisopod\n|-resisted|p1a: Golisopod\n|-damage|p1a: Golisopod|68\/100\n|\n|-heal|p2a: Zygarde|37\/100 tox|[from] item: Leftovers\n|-damage|p2a: Zygarde|0 fnt|[from] psn\n|faint|p2a: Zygarde\n|upkeep\n|\n|t:|1698558222\n|switch|p2a: Xerneas|Xerneas|100\/100\n|-damage|p2a: Xerneas|88\/100|[from] Stealth Rock\n|-ability|p2a: Xerneas|Fairy Aura\n|turn|8\n|\n|t:|1698558228\n|-terastallize|p1a: Golisopod|Bug\n|move|p2a: Xerneas|Geomancy||[still]\n|-prepare|p2a: Xerneas|Geomancy\n|-enditem|p2a: Xerneas|Power Herb\n|-anim|p2a: Xerneas|Geomancy|p2a: Xerneas\n|-boost|p2a: Xerneas|spa|2\n|-boost|p2a: Xerneas|spd|2\n|-boost|p2a: Xerneas|spe|2\n|move|p1a: Golisopod|Leech Life|p2a: Xerneas\n|-resisted|p2a: Xerneas\n|-damage|p2a: Xerneas|51\/100\n|-heal|p1a: Golisopod|89\/100|[from] drain|[of] p2a: Xerneas\n|-damage|p1a: Golisopod|79\/100|[from] item: Life Orb\n|\n|upkeep\n|turn|9\n|\n|t:|1698558236\n|switch|p1a: Chansey|Chansey, F|100\/100\n|move|p2a: Xerneas|Draining Kiss|p1a: Chansey\n|-damage|p1a: Chansey|86\/100\n|-heal|p2a: Xerneas|70\/100|[from] drain|[of] p1a: Chansey\n|\n|upkeep\n|turn|10\n|\n|t:|1698558251\n|move|p2a: Xerneas|Geomancy||[still]\n|-prepare|p2a: Xerneas|Geomancy\n|move|p1a: Chansey|Seismic Toss|p2a: Xerneas\n|-damage|p2a: Xerneas|45\/100\n|\n|upkeep\n|turn|11\n|\n|t:|1698558257\n|move|p2a: Xerneas|Geomancy|p2a: Xerneas|[from]lockedmove\n|-boost|p2a: Xerneas|spa|2\n|-boost|p2a: Xerneas|spd|2\n|-boost|p2a: Xerneas|spe|2\n|move|p1a: Chansey|Seismic Toss|p2a: Xerneas\n|-damage|p2a: Xerneas|20\/100\n|\n|upkeep\n|turn|12\n|\n|t:|1698558261\n|-terastallize|p2a: Xerneas|Fairy\n|move|p2a: Xerneas|Draining Kiss|p1a: Chansey\n|-damage|p1a: Chansey|51\/100\n|-heal|p2a: Xerneas|66\/100|[from] drain|[of] p1a: Chansey\n|move|p1a: Chansey|Wish|p1a: Chansey\n|\n|upkeep\n|turn|13\n|\n|t:|1698558267\n|move|p2a: Xerneas|Draining Kiss|p1a: Chansey\n|-damage|p1a: Chansey|21\/100\n|-heal|p2a: Xerneas|100\/100|[from] drain|[of] p1a: Chansey\n|move|p1a: Chansey|Seismic Toss|p2a: Xerneas\n|-damage|p2a: Xerneas|75\/100\n|\n|-heal|p1a: Chansey|71\/100|[from] move: Wish|[wisher] Chansey\n|upkeep\n|turn|14\n|\n|t:|1698558272\n|move|p2a: Xerneas|Draining Kiss|p1a: Chansey\n|-damage|p1a: Chansey|38\/100\n|-heal|p2a: Xerneas|100\/100|[from] drain|[of] p1a: Chansey\n|move|p1a: Chansey|Seismic Toss|p2a: Xerneas\n|-damage|p2a: Xerneas|75\/100\n|\n|upkeep\n|turn|15\n|\n|t:|1698558280\n|move|p1a: Chansey|Protect|p1a: Chansey\n|-singleturn|p1a: Chansey|Protect\n|move|p2a: Xerneas|Draining Kiss|p1a: Chansey\n|-activate|p1a: Chansey|move: Protect\n|\n|upkeep\n|turn|16\n|\n|t:|1698558282\n|move|p2a: Xerneas|Draining Kiss|p1a: Chansey\n|-damage|p1a: Chansey|8\/100\n|-heal|p2a: Xerneas|100\/100|[from] drain|[of] p1a: Chansey\n|move|p1a: Chansey|Wish|p1a: Chansey\n|\n|upkeep\n|turn|17\n|\n|t:|1698558286\n|move|p1a: Chansey|Protect|p1a: Chansey\n|-singleturn|p1a: Chansey|Protect\n|move|p2a: Xerneas|Geomancy||[still]\n|-prepare|p2a: Xerneas|Geomancy\n|\n|-heal|p1a: Chansey|58\/100|[from] move: Wish|[wisher] Chansey\n|upkeep\n|turn|18\n|\n|t:|1698558288\n|move|p2a: Xerneas|Geomancy|p2a: Xerneas|[from]lockedmove\n|-boost|p2a: Xerneas|spa|2\n|-boost|p2a: Xerneas|spd|2\n|-boost|p2a: Xerneas|spe|2\n|move|p1a: Chansey|Wish|p1a: Chansey\n|\n|upkeep\n|turn|19\n|\n|t:|1698558296\n|move|p2a: Xerneas|Draining Kiss|p1a: Chansey\n|-damage|p1a: Chansey|19\/100\n|move|p1a: Chansey|Seismic Toss|p2a: Xerneas\n|-damage|p2a: Xerneas|75\/100\n|\n|-heal|p1a: Chansey|69\/100|[from] move: Wish|[wisher] Chansey\n|upkeep\n|turn|20\n|\n|t:|1698558304\n|move|p2a: Xerneas|Draining Kiss|p1a: Chansey\n|-damage|p1a: Chansey|26\/100\n|-heal|p2a: Xerneas|100\/100|[from] drain|[of] p1a: Chansey\n|move|p1a: Chansey|Wish|p1a: Chansey\n|\n|upkeep\n|turn|21\n|\n|t:|1698558309\n|move|p1a: Chansey|Protect|p1a: Chansey\n|-singleturn|p1a: Chansey|Protect\n|move|p2a: Xerneas|Thunderbolt|p1a: Chansey\n|-activate|p1a: Chansey|move: Protect\n|\n|-heal|p1a: Chansey|76\/100|[from] move: Wish|[wisher] Chansey\n|upkeep\n|turn|22\n|\n|t:|1698558317\n|move|p2a: Xerneas|Thunderbolt|p1a: Chansey\n|-damage|p1a: Chansey|49\/100\n|move|p1a: Chansey|Seismic Toss|p2a: Xerneas\n|-damage|p2a: Xerneas|75\/100\n|\n|upkeep\n|turn|23\n|\n|t:|1698558323\n|move|p1a: Chansey|Protect|p1a: Chansey\n|-singleturn|p1a: Chansey|Protect\n|move|p2a: Xerneas|Thunderbolt|p1a: Chansey\n|-activate|p1a: Chansey|move: Protect\n|\n|upkeep\n|turn|24\n|\n|t:|1698558329\n|move|p2a: Xerneas|Thunderbolt|p1a: Chansey\n|-damage|p1a: Chansey|20\/100\n|move|p1a: Chansey|Wish|p1a: Chansey\n|\n|upkeep\n|turn|25\n|\n|t:|1698558336\n|move|p2a: Xerneas|Hidden Power|p1a: Chansey\n|-damage|p1a: Chansey|2\/100\n|move|p1a: Chansey|Wish||[still]\n|-fail|p1a: Chansey\n|\n|-heal|p1a: Chansey|52\/100|[from] move: Wish|[wisher] Chansey\n|upkeep\n|turn|26\n|\n|t:|1698558341\n|move|p2a: Xerneas|Thunderbolt|p1a: Chansey\n|-damage|p1a: Chansey|25\/100\n|move|p1a: Chansey|Wish|p1a: Chansey\n|\n|upkeep\n|turn|27\n|\n|t:|1698558346\n|move|p1a: Chansey|Protect|p1a: Chansey\n|-singleturn|p1a: Chansey|Protect\n|move|p2a: Xerneas|Thunderbolt|p1a: Chansey\n|-activate|p1a: Chansey|move: Protect\n|\n|-heal|p1a: Chansey|75\/100|[from] move: Wish|[wisher] Chansey\n|upkeep\n|turn|28\n|\n|t:|1698558348\n|move|p2a: Xerneas|Thunderbolt|p1a: Chansey\n|-damage|p1a: Chansey|49\/100\n|move|p1a: Chansey|Wish|p1a: Chansey\n|\n|upkeep\n|turn|29\n|\n|t:|1698558353\n|move|p2a: Xerneas|Draining Kiss|p1a: Chansey\n|-damage|p1a: Chansey|7\/100\n|-heal|p2a: Xerneas|100\/100|[from] drain|[of] p1a: Chansey\n|move|p1a: Chansey|Seismic Toss|p2a: Xerneas\n|-damage|p2a: Xerneas|75\/100\n|\n|-heal|p1a: Chansey|57\/100|[from] move: Wish|[wisher] Chansey\n|upkeep\n|turn|30\n|\n|t:|1698558360\n|move|p2a: Xerneas|Thunderbolt|p1a: Chansey\n|-damage|p1a: Chansey|28\/100\n|move|p1a: Chansey|Wish|p1a: Chansey\n|\n|upkeep\n|turn|31\n|\n|t:|1698558365\n|move|p2a: Xerneas|Hidden Power|p1a: Chansey\n|-damage|p1a: Chansey|8\/100\n|move|p1a: Chansey|Seismic Toss|p2a: Xerneas\n|-damage|p2a: Xerneas|50\/100\n|\n|-heal|p1a: Chansey|58\/100|[from] move: Wish|[wisher] Chansey\n|upkeep\n|turn|32\n|\n|t:|1698558372\n|move|p1a: Chansey|Protect|p1a: Chansey\n|-singleturn|p1a: Chansey|Protect\n|move|p2a: Xerneas|Draining Kiss|p1a: Chansey\n|-activate|p1a: Chansey|move: Protect\n|\n|upkeep\n|turn|33\n|\n|t:|1698558378\n|move|p2a: Xerneas|Draining Kiss|p1a: Chansey\n|-damage|p1a: Chansey|15\/100\n|-heal|p2a: Xerneas|100\/100|[from] drain|[of] p1a: Chansey\n|move|p1a: Chansey|Wish|p1a: Chansey\n|\n|upkeep\n|turn|34\n|\n|t:|1698558383\n|move|p1a: Chansey|Protect|p1a: Chansey\n|-singleturn|p1a: Chansey|Protect\n|move|p2a: Xerneas|Thunderbolt|p1a: Chansey\n|-activate|p1a: Chansey|move: Protect\n|\n|-heal|p1a: Chansey|65\/100|[from] move: Wish|[wisher] Chansey\n|upkeep\n|turn|35\n|\n|t:|1698558387\n|move|p2a: Xerneas|Thunderbolt|p1a: Chansey\n|-damage|p1a: Chansey|35\/100\n|move|p1a: Chansey|Wish|p1a: Chansey\n|\n|upkeep\n|turn|36\n|\n|t:|1698558391\n|move|p2a: Xerneas|Draining Kiss|p1a: Chansey\n|-damage|p1a: Chansey|0 fnt\n|faint|p1a: Chansey\n|\n|upkeep\n|-message|TheDude10101 forfeited.\n|\n|win|ninjask 8\n|raw|TheDude10101's rating: 1252 &rarr; <strong>1242<\/strong><br \/>(-10 for losing)\n|raw|ninjask 8's rating: 1495 &rarr; <strong>1503<\/strong><br \/>(+8 for winning)\n|l|\u2606TheDude10101\n","uploadtime":1698558404,"views":9,"p1id":"thedude10101","p2id":"ninjask8","formatid":"gen9nationaldexubers","rating":1242,"private":0,"password":""}