{"id":"gen9nationaldexubers-1988000287","p1":"Razorgliscor472","p2":"Tytheguy004","format":"[Gen 9] National Dex Ubers","log":"|j|\u2606Razorgliscor472\n|j|\u2606Tytheguy004\n|t:|1699657679\n|gametype|singles\n|player|p1|Razorgliscor472|266|\n|player|p2|Tytheguy004|scientist-gen4dp|\n|teamsize|p1|6\n|teamsize|p2|6\n|gen|9\n|tier|[Gen 9] National Dex Ubers\n|rule|HP Percentage Mod: HP is shown in percentages\n|rule|Endless Battle Clause: Forcing endless battles is banned\n|rule|OHKO Clause: OHKO moves are banned\n|rule|Evasion Moves Clause: Evasion moves are banned\n|rule|Evasion Items Clause: Evasion items are banned\n|rule|Species Clause: Limit one of each Pok\u00e9mon\n|rule|Sleep Clause Mod: Limit one foe put to sleep\n|rule|Mega Rayquaza Clause: You cannot mega evolve Rayquaza\n|clearpoke\n|poke|p1|Groudon|\n|poke|p1|Gastrodon, F|\n|poke|p1|Landorus-Therian, M|\n|poke|p1|Excadrill, F|\n|poke|p1|Venusaur, M|\n|poke|p1|Garchomp, M|\n|poke|p2|Scizor, M|\n|poke|p2|Urshifu-*, M|\n|poke|p2|Krookodile, M|\n|poke|p2|Pelipper, F|\n|poke|p2|Iron Bundle|\n|poke|p2|Floatzel, F|\n|teampreview\n|inactive|Battle timer is ON: inactive players will automatically lose when time's up. (requested by Razorgliscor472)\n|c|\u2606Tytheguy004|Glhf\n|c|\u2606Razorgliscor472|u2\n|\n|t:|1699657706\n|start\n|switch|p1a: Gastrodon|Gastrodon, F|100\/100\n|switch|p2a: Urshifu|Urshifu-Rapid-Strike, M|100\/100\n|turn|1\n|\n|t:|1699657724\n|switch|p2a: Krookodile|Krookodile, M|100\/100\n|-ability|p2a: Krookodile|Intimidate|boost\n|-unboost|p1a: Gastrodon|atk|1\n|-terastallize|p1a: Gastrodon|Poison\n|move|p1a: Gastrodon|Stealth Rock|p2a: Krookodile\n|-sidestart|p2: Tytheguy004|move: Stealth Rock\n|\n|upkeep\n|turn|2\n|\n|t:|1699657733\n|switch|p1a: Landorus|Landorus-Therian, M|100\/100\n|-ability|p1a: Landorus|Intimidate|boost\n|-unboost|p2a: Krookodile|atk|1\n|move|p2a: Krookodile|Earthquake|p1a: Landorus\n|-immune|p1a: Landorus\n|\n|upkeep\n|turn|3\n|\n|t:|1699657744\n|switch|p2a: Pelipper|Pelipper, F|100\/100\n|-damage|p2a: Pelipper|76\/100|[from] Stealth Rock\n|-weather|RainDance|[from] ability: Drizzle|[of] p2a: Pelipper\n|move|p1a: Landorus|Substitute|p1a: Landorus\n|-start|p1a: Landorus|Substitute\n|-damage|p1a: Landorus|76\/100\n|\n|-weather|RainDance|[upkeep]\n|-heal|p1a: Landorus|82\/100|[from] item: Leftovers\n|upkeep\n|turn|4\n|\n|t:|1699657751\n|move|p2a: Pelipper|Surf|p1a: Landorus\n|-supereffective|p1a: Landorus\n|-crit|p1a: Landorus\n|-end|p1a: Landorus|Substitute\n|move|p1a: Landorus|Gravity|p1a: Landorus\n|-fieldstart|move: Gravity\n|\n|-weather|RainDance|[upkeep]\n|-heal|p1a: Landorus|88\/100|[from] item: Leftovers\n|upkeep\n|turn|5\n|\n|t:|1699657760\n|switch|p1a: Gastrodon|Gastrodon, F, tera:Poison|100\/100\n|move|p2a: Pelipper|Hurricane|p1a: Gastrodon\n|-damage|p1a: Gastrodon|65\/100\n|\n|-weather|RainDance|[upkeep]\n|-heal|p1a: Gastrodon|71\/100|[from] item: Leftovers\n|upkeep\n|turn|6\n|\n|t:|1699657774\n|move|p2a: Pelipper|U-turn|p1a: Gastrodon\n|-resisted|p1a: Gastrodon\n|-damage|p1a: Gastrodon|69\/100\n|\n|t:|1699657779\n|switch|p2a: Floatzel|Floatzel, F|100\/100|[from] U-turn\n|-damage|p2a: Floatzel|88\/100|[from] Stealth Rock\n|move|p1a: Gastrodon|Toxic|p2a: Floatzel\n|-status|p2a: Floatzel|tox\n|\n|-weather|RainDance|[upkeep]\n|-heal|p1a: Gastrodon|75\/100|[from] item: Leftovers\n|-damage|p2a: Floatzel|82\/100 tox|[from] psn\n|upkeep\n|turn|7\n|\n|t:|1699657791\n|move|p2a: Floatzel|Ice Spinner|p1a: Gastrodon\n|-damage|p1a: Gastrodon|44\/100\n|move|p1a: Gastrodon|Recover|p1a: Gastrodon\n|-heal|p1a: Gastrodon|94\/100\n|\n|-weather|RainDance|[upkeep]\n|-heal|p1a: Gastrodon|99\/100|[from] item: Leftovers\n|-damage|p2a: Floatzel|70\/100 tox|[from] psn\n|upkeep\n|turn|8\n|\n|t:|1699657797\n|switch|p2a: Krookodile|Krookodile, M|100\/100\n|-damage|p2a: Krookodile|94\/100|[from] Stealth Rock\n|-ability|p2a: Krookodile|Intimidate|boost\n|-unboost|p1a: Gastrodon|atk|1\n|move|p1a: Gastrodon|Scald|p2a: Krookodile\n|-supereffective|p2a: Krookodile\n|-damage|p2a: Krookodile|0 fnt\n|faint|p2a: Krookodile\n|\n|-weather|RainDance|[upkeep]\n|-heal|p1a: Gastrodon|100\/100|[from] item: Leftovers\n|-fieldend|move: Gravity\n|upkeep\n|\n|t:|1699657812\n|switch|p2a: Iron Bundle|Iron Bundle|100\/100\n|-damage|p2a: Iron Bundle|76\/100|[from] Stealth Rock\n|-enditem|p2a: Iron Bundle|Booster Energy\n|-activate|p2a: Iron Bundle|ability: Quark Drive|[fromitem]\n|-start|p2a: Iron Bundle|quarkdrivespe\n|turn|9\n|\n|t:|1699657817\n|move|p2a: Iron Bundle|Ice Beam|p1a: Gastrodon\n|-damage|p1a: Gastrodon|55\/100\n|move|p1a: Gastrodon|Toxic|p2a: Iron Bundle\n|-status|p2a: Iron Bundle|tox\n|\n|-weather|RainDance|[upkeep]\n|-heal|p1a: Gastrodon|62\/100|[from] item: Leftovers\n|-damage|p2a: Iron Bundle|70\/100 tox|[from] psn\n|upkeep\n|turn|10\n|\n|t:|1699657822\n|move|p2a: Iron Bundle|Ice Beam|p1a: Gastrodon\n|-damage|p1a: Gastrodon|15\/100\n|move|p1a: Gastrodon|Recover|p1a: Gastrodon\n|-heal|p1a: Gastrodon|65\/100\n|\n|-weather|none\n|-heal|p1a: Gastrodon|71\/100|[from] item: Leftovers\n|-damage|p2a: Iron Bundle|58\/100 tox|[from] psn\n|upkeep\n|turn|11\n|\n|t:|1699657827\n|move|p2a: Iron Bundle|Ice Beam|p1a: Gastrodon\n|-damage|p1a: Gastrodon|31\/100\n|move|p1a: Gastrodon|Recover|p1a: Gastrodon\n|-heal|p1a: Gastrodon|81\/100\n|\n|-heal|p1a: Gastrodon|87\/100|[from] item: Leftovers\n|-damage|p2a: Iron Bundle|40\/100 tox|[from] psn\n|upkeep\n|turn|12\n|\n|t:|1699657832\n|move|p2a: Iron Bundle|Ice Beam|p1a: Gastrodon\n|-damage|p1a: Gastrodon|48\/100\n|move|p1a: Gastrodon|Recover|p1a: Gastrodon\n|-heal|p1a: Gastrodon|98\/100\n|\n|-heal|p1a: Gastrodon|100\/100|[from] item: Leftovers\n|-damage|p2a: Iron Bundle|16\/100 tox|[from] psn\n|upkeep\n|turn|13\n|\n|t:|1699657836\n|move|p2a: Iron Bundle|Ice Beam|p1a: Gastrodon\n|-damage|p1a: Gastrodon|60\/100\n|move|p1a: Gastrodon|Scald|p2a: Iron Bundle\n|-resisted|p2a: Iron Bundle\n|-damage|p2a: Iron Bundle|0 fnt\n|faint|p2a: Iron Bundle\n|-end|p2a: Iron Bundle|Quark Drive|[silent]\n|\n|-heal|p1a: Gastrodon|66\/100|[from] item: Leftovers\n|upkeep\n|\n|t:|1699657841\n|switch|p2a: Scizor|Scizor, M|100\/100\n|-damage|p2a: Scizor|88\/100|[from] Stealth Rock\n|turn|14\n|\n|t:|1699657851\n|switch|p1a: Landorus|Landorus-Therian, M|88\/100\n|-ability|p1a: Landorus|Intimidate|boost\n|-unboost|p2a: Scizor|atk|1\n|detailschange|p2a: Scizor|Scizor-Mega, M\n|-mega|p2a: Scizor|Scizor|Scizorite\n|move|p2a: Scizor|Bullet Punch|p1a: Landorus\n|-damage|p1a: Landorus|70\/100\n|\n|-heal|p1a: Landorus|76\/100|[from] item: Leftovers\n|upkeep\n|turn|15\n|\n|t:|1699657859\n|move|p1a: Landorus|Gravity|p1a: Landorus\n|-fieldstart|move: Gravity\n|move|p2a: Scizor|U-turn|p1a: Landorus\n|-resisted|p1a: Landorus\n|-damage|p1a: Landorus|65\/100\n|\n|t:|1699657861\n|switch|p2a: Floatzel|Floatzel, F|70\/100 tox|[from] U-turn\n|-damage|p2a: Floatzel|58\/100 tox|[from] Stealth Rock\n|\n|-heal|p1a: Landorus|71\/100|[from] item: Leftovers\n|-damage|p2a: Floatzel|52\/100 tox|[from] psn\n|upkeep\n|turn|16\n|\n|t:|1699657866\n|switch|p1a: Gastrodon|Gastrodon, F, tera:Poison|66\/100\n|move|p2a: Floatzel|Ice Spinner|p1a: Gastrodon\n|-damage|p1a: Gastrodon|37\/100\n|\n|-heal|p1a: Gastrodon|43\/100|[from] item: Leftovers\n|-damage|p2a: Floatzel|39\/100 tox|[from] psn\n|upkeep\n|turn|17\n|\n|t:|1699657870\n|move|p2a: Floatzel|Ice Spinner|p1a: Gastrodon\n|-crit|p1a: Gastrodon\n|-damage|p1a: Gastrodon|0 fnt\n|faint|p1a: Gastrodon\n|\n|-damage|p2a: Floatzel|21\/100 tox|[from] psn\n|upkeep\n|\n|t:|1699657881\n|switch|p1a: Excadrill|Excadrill, F|100\/100\n|-ability|p1a: Excadrill|Mold Breaker\n|turn|18\n|\n|t:|1699657888\n|move|p1a: Excadrill|Earthquake|p2a: Floatzel\n|-damage|p2a: Floatzel|0 fnt\n|faint|p2a: Floatzel\n|\n|upkeep\n|\n|t:|1699657892\n|switch|p2a: Urshifu|Urshifu-Rapid-Strike, M|100\/100\n|-damage|p2a: Urshifu|94\/100|[from] Stealth Rock\n|turn|19\n|\n|t:|1699657900\n|switch|p1a: Landorus|Landorus-Therian, M|71\/100\n|-ability|p1a: Landorus|Intimidate|boost\n|-unboost|p2a: Urshifu|atk|1\n|move|p2a: Urshifu|Surging Strikes|p1a: Landorus\n|-supereffective|p1a: Landorus\n|-crit|p1a: Landorus\n|-damage|p1a: Landorus|35\/100\n|-supereffective|p1a: Landorus\n|-crit|p1a: Landorus\n|-damage|p1a: Landorus|0 fnt\n|faint|p1a: Landorus\n|-hitcount|p1: Landorus|2\n|\n|-fieldend|move: Gravity\n|upkeep\n|\n|t:|1699657905\n|switch|p1a: Groudon|Groudon|100\/100\n|-weather|SunnyDay|[from] ability: Drought|[of] p1a: Groudon\n|turn|20\n|\n|t:|1699657912\n|switch|p2a: Pelipper|Pelipper, F|76\/100\n|-damage|p2a: Pelipper|51\/100|[from] Stealth Rock\n|-weather|RainDance|[from] ability: Drizzle|[of] p2a: Pelipper\n|move|p1a: Groudon|Will-O-Wisp|p2a: Pelipper\n|-status|p2a: Pelipper|brn\n|\n|-weather|RainDance|[upkeep]\n|-damage|p2a: Pelipper|45\/100 brn|[from] brn\n|upkeep\n|turn|21\n|\n|t:|1699657919\n|move|p1a: Groudon|Protect|p1a: Groudon\n|-singleturn|p1a: Groudon|Protect\n|move|p2a: Pelipper|Surf|p1a: Groudon\n|-activate|p1a: Groudon|move: Protect\n|\n|-weather|RainDance|[upkeep]\n|-damage|p2a: Pelipper|39\/100 brn|[from] brn\n|upkeep\n|turn|22\n|\n|t:|1699657929\n|switch|p1a: Garchomp|Garchomp, M|100\/100\n|move|p2a: Pelipper|Hurricane|p1a: Garchomp\n|-damage|p1a: Garchomp|59\/100\n|\n|-weather|RainDance|[upkeep]\n|-damage|p2a: Pelipper|32\/100 brn|[from] brn\n|upkeep\n|turn|23\n|\n|t:|1699657937\n|switch|p2a: Scizor|Scizor-Mega, M|88\/100\n|-damage|p2a: Scizor|76\/100|[from] Stealth Rock\n|detailschange|p1a: Garchomp|Garchomp-Mega, M\n|-mega|p1a: Garchomp|Garchomp|Garchompite\n|move|p1a: Garchomp|Scale Shot|p2a: Scizor|[miss]\n|-miss|p1a: Garchomp|p2a: Scizor\n|\n|-weather|RainDance|[upkeep]\n|upkeep\n|turn|24\n|\n|t:|1699657946\n|switch|p1a: Groudon|Groudon|100\/100\n|-weather|SunnyDay|[from] ability: Drought|[of] p1a: Groudon\n|move|p2a: Scizor|Close Combat|p1a: Groudon\n|-damage|p1a: Groudon|81\/100\n|-unboost|p2a: Scizor|def|1\n|-unboost|p2a: Scizor|spd|1\n|\n|-weather|SunnyDay|[upkeep]\n|-heal|p1a: Groudon|87\/100|[from] item: Leftovers\n|upkeep\n|turn|25\n|\n|t:|1699657957\n|move|p1a: Groudon|Spikes|p2a: Scizor\n|-sidestart|p2: Tytheguy004|Spikes\n|move|p2a: Scizor|U-turn|p1a: Groudon\n|-damage|p1a: Groudon|71\/100\n|\n|t:|1699657958\n|switch|p2a: Pelipper|Pelipper, F|32\/100 brn|[from] U-turn\n|-damage|p2a: Pelipper|8\/100 brn|[from] Stealth Rock\n|-weather|RainDance|[from] ability: Drizzle|[of] p2a: Pelipper\n|\n|-weather|RainDance|[upkeep]\n|-heal|p1a: Groudon|77\/100|[from] item: Leftovers\n|-damage|p2a: Pelipper|1\/100 brn|[from] brn\n|upkeep\n|turn|26\n|\n|t:|1699657964\n|move|p1a: Groudon|Protect|p1a: Groudon\n|-singleturn|p1a: Groudon|Protect\n|move|p2a: Pelipper|Defog|p1a: Groudon\n|-activate|p1a: Groudon|move: Protect\n|\n|-weather|RainDance|[upkeep]\n|-heal|p1a: Groudon|84\/100|[from] item: Leftovers\n|-damage|p2a: Pelipper|0 fnt|[from] brn\n|faint|p2a: Pelipper\n|upkeep\n|\n|t:|1699657966\n|switch|p2a: Urshifu|Urshifu-Rapid-Strike, M|94\/100\n|-damage|p2a: Urshifu|88\/100|[from] Stealth Rock\n|-damage|p2a: Urshifu|76\/100|[from] Spikes\n|turn|27\n|\n|t:|1699657975\n|switch|p1a: Garchomp|Garchomp-Mega, M|59\/100\n|move|p2a: Urshifu|Surging Strikes|p1a: Garchomp\n|-crit|p1a: Garchomp\n|-damage|p1a: Garchomp|34\/100\n|-crit|p1a: Garchomp\n|-damage|p1a: Garchomp|9\/100\n|-crit|p1a: Garchomp\n|-damage|p1a: Garchomp|0 fnt\n|faint|p1a: Garchomp\n|-hitcount|p1: Garchomp|3\n|\n|-weather|RainDance|[upkeep]\n|upkeep\n|\n|t:|1699657978\n|switch|p1a: Groudon|Groudon|84\/100\n|-weather|SunnyDay|[from] ability: Drought|[of] p1a: Groudon\n|turn|28\n|\n|t:|1699657987\n|-terastallize|p2a: Urshifu|Water\n|move|p2a: Urshifu|Surging Strikes|p1a: Groudon\n|-supereffective|p1a: Groudon\n|-crit|p1a: Groudon\n|-damage|p1a: Groudon|70\/100\n|-supereffective|p1a: Groudon\n|-crit|p1a: Groudon\n|-damage|p1a: Groudon|56\/100\n|-supereffective|p1a: Groudon\n|-crit|p1a: Groudon\n|-damage|p1a: Groudon|42\/100\n|-hitcount|p1a: Groudon|3\n|move|p1a: Groudon|Will-O-Wisp|p2a: Urshifu\n|-status|p2a: Urshifu|brn\n|\n|-weather|SunnyDay|[upkeep]\n|-heal|p1a: Groudon|48\/100|[from] item: Leftovers\n|-damage|p2a: Urshifu|70\/100 brn|[from] brn\n|upkeep\n|turn|29\n|\n|t:|1699657995\n|move|p1a: Groudon|Protect|p1a: Groudon\n|-singleturn|p1a: Groudon|Protect\n|move|p2a: Urshifu|Surging Strikes|p1a: Groudon\n|-supereffective|p1a: Groudon\n|-crit|p1a: Groudon\n|-damage|p1a: Groudon|41\/100\n|-supereffective|p1a: Groudon\n|-crit|p1a: Groudon\n|-damage|p1a: Groudon|34\/100\n|-supereffective|p1a: Groudon\n|-crit|p1a: Groudon\n|-damage|p1a: Groudon|27\/100\n|-hitcount|p1a: Groudon|3\n|\n|-weather|SunnyDay|[upkeep]\n|-heal|p1a: Groudon|34\/100|[from] item: Leftovers\n|-damage|p2a: Urshifu|64\/100 brn|[from] brn\n|upkeep\n|turn|30\n|\n|t:|1699658001\n|move|p2a: Urshifu|Surging Strikes|p1a: Groudon\n|-supereffective|p1a: Groudon\n|-crit|p1a: Groudon\n|-damage|p1a: Groudon|27\/100\n|-supereffective|p1a: Groudon\n|-crit|p1a: Groudon\n|-damage|p1a: Groudon|21\/100\n|-supereffective|p1a: Groudon\n|-crit|p1a: Groudon\n|-damage|p1a: Groudon|14\/100\n|-hitcount|p1a: Groudon|3\n|move|p1a: Groudon|Precipice Blades|p2a: Urshifu\n|-damage|p2a: Urshifu|1\/100 brn\n|\n|-weather|SunnyDay|[upkeep]\n|-heal|p1a: Groudon|20\/100|[from] item: Leftovers\n|-damage|p2a: Urshifu|0 fnt|[from] brn\n|faint|p2a: Urshifu\n|upkeep\n|\n|t:|1699658004\n|switch|p2a: Scizor|Scizor-Mega, M|76\/100\n|-damage|p2a: Scizor|64\/100|[from] Stealth Rock\n|-damage|p2a: Scizor|52\/100|[from] Spikes\n|turn|31\n|\n|t:|1699658009\n|move|p1a: Groudon|Precipice Blades|p2a: Scizor\n|-damage|p2a: Scizor|20\/100\n|move|p2a: Scizor|Close Combat|p1a: Groudon\n|-damage|p1a: Groudon|1\/100\n|-unboost|p2a: Scizor|def|1\n|-unboost|p2a: Scizor|spd|1\n|\n|-weather|SunnyDay|[upkeep]\n|-heal|p1a: Groudon|7\/100|[from] item: Leftovers\n|upkeep\n|turn|32\n|\n|t:|1699658013\n|move|p2a: Scizor|Bullet Punch|p1a: Groudon\n|-damage|p1a: Groudon|0 fnt\n|faint|p1a: Groudon\n|\n|-weather|none\n|upkeep\n|\n|t:|1699658018\n|switch|p1a: Excadrill|Excadrill, F|100\/100\n|-ability|p1a: Excadrill|Mold Breaker\n|turn|33\n|c|\u2606Tytheguy004|Gg\n|\n|t:|1699658021\n|move|p1a: Excadrill|Earthquake|p2a: Scizor\n|-damage|p2a: Scizor|0 fnt\n|faint|p2a: Scizor\n|\n|win|Razorgliscor472\n|c|\u2606Razorgliscor472|gg\n|l|\u2606Tytheguy004\n","uploadtime":1699658029,"views":8,"p1id":"razorgliscor472","p2id":"tytheguy004","formatid":"gen9nationaldexubers","rating":0,"private":0,"password":""}