{"id":"gen9nationaldexubers-1978859585","p1":"commonapi","p2":"Mizuharamami","format":"[Gen 9] National Dex Ubers","log":"|j|\u2606commonapi\n|j|\u2606Mizuharamami\n|t:|1698603610\n|gametype|singles\n|player|p1|commonapi|169|1910\n|player|p2|Mizuharamami|erika-gen1|1884\n|teamsize|p1|6\n|teamsize|p2|6\n|gen|9\n|tier|[Gen 9] National Dex Ubers\n|rated|\n|rule|HP Percentage Mod: HP is shown in percentages\n|rule|Endless Battle Clause: Forcing endless battles is banned\n|rule|OHKO Clause: OHKO moves are banned\n|rule|Evasion Moves Clause: Evasion moves are banned\n|rule|Evasion Items Clause: Evasion items are banned\n|rule|Species Clause: Limit one of each Pok\u00e9mon\n|rule|Sleep Clause Mod: Limit one foe put to sleep\n|rule|Mega Rayquaza Clause: You cannot mega evolve Rayquaza\n|clearpoke\n|poke|p1|Ho-Oh|\n|poke|p1|Groudon|\n|poke|p1|Zacian-*|\n|poke|p1|Arceus|\n|poke|p1|Xerneas-*|\n|poke|p1|Kyogre|\n|poke|p2|Mewtwo|\n|poke|p2|Ditto|\n|poke|p2|Groudon|\n|poke|p2|Arceus-Fairy|\n|poke|p2|Necrozma-Dusk-Mane|\n|poke|p2|Yveltal|\n|teampreview\n|inactive|Battle timer is ON: inactive players will automatically lose when time's up. (requested by Mizuharamami)\n|\n|t:|1698603625\n|start\n|switch|p1a: Xerneas|Xerneas|100\/100\n|switch|p2a: Necrozma|Necrozma-Dusk-Mane|100\/100\n|-ability|p1a: Xerneas|Fairy Aura\n|turn|1\n|inactive|Mizuharamami has 120 seconds left.\n|\n|t:|1698603660\n|move|p2a: Necrozma|Stealth Rock|p1a: Xerneas\n|-sidestart|p1: commonapi|move: Stealth Rock\n|move|p1a: Xerneas|Geomancy||[still]\n|-prepare|p1a: Xerneas|Geomancy\n|-enditem|p1a: Xerneas|Power Herb\n|-anim|p1a: Xerneas|Geomancy|p1a: Xerneas\n|-boost|p1a: Xerneas|spa|2\n|-boost|p1a: Xerneas|spd|2\n|-boost|p1a: Xerneas|spe|2\n|\n|upkeep\n|turn|2\n|\n|t:|1698603666\n|move|p1a: Xerneas|Moonblast|p2a: Necrozma\n|-resisted|p2a: Necrozma\n|-damage|p2a: Necrozma|30\/100\n|move|p2a: Necrozma|Photon Geyser|p1a: Xerneas\n|-damage|p1a: Xerneas|83\/100\n|\n|upkeep\n|turn|3\n|\n|t:|1698603679\n|move|p1a: Xerneas|Draining Kiss|p2a: Necrozma\n|-resisted|p2a: Necrozma\n|-crit|p2a: Necrozma\n|-damage|p2a: Necrozma|0 fnt\n|-heal|p1a: Xerneas|99\/100|[from] drain|[of] p2a: Necrozma\n|faint|p2a: Necrozma\n|\n|upkeep\n|\n|t:|1698603689\n|switch|p2a: Ditto|Ditto, shiny|100\/100\n|-transform|p2a: Ditto|p1a: Xerneas|[from] ability: Imposter\n|-ability|p2a: Ditto|Fairy Aura\n|turn|4\n|\n|t:|1698603694\n|-terastallize|p1a: Xerneas|Steel\n|move|p2a: Ditto|Hidden Power|p1a: Xerneas\n|-supereffective|p1a: Xerneas\n|-damage|p1a: Xerneas|65\/100\n|move|p1a: Xerneas|Draining Kiss|p2a: Ditto\n|-damage|p2a: Ditto|58\/100\n|-heal|p1a: Xerneas|85\/100|[from] drain|[of] p2a: Ditto\n|\n|upkeep\n|turn|5\n|\n|t:|1698603702\n|move|p2a: Ditto|Hidden Power|p1a: Xerneas\n|-supereffective|p1a: Xerneas\n|-damage|p1a: Xerneas|51\/100\n|move|p1a: Xerneas|Moonblast|p2a: Ditto\n|-damage|p2a: Ditto|0 fnt\n|faint|p2a: Ditto\n|\n|upkeep\n|\n|t:|1698603706\n|switch|p2a: Yveltal|Yveltal, shiny|100\/100\n|-ability|p2a: Yveltal|Dark Aura\n|turn|6\n|\n|t:|1698603711\n|move|p2a: Yveltal|Sucker Punch|p1a: Xerneas\n|-crit|p1a: Xerneas\n|-damage|p1a: Xerneas|0 fnt\n|faint|p1a: Xerneas\n|-damage|p2a: Yveltal|91\/100|[from] item: Life Orb\n|\n|upkeep\n|c|\u2606commonapi|lucky asfg\n|c|\u2606commonapi|asf\n|\n|t:|1698603724\n|switch|p1a: Ho-Oh|Ho-Oh|100\/100\n|turn|7\n|\n|t:|1698603729\n|move|p2a: Yveltal|Knock Off|p1a: Ho-Oh\n|-damage|p1a: Ho-Oh|38\/100\n|-enditem|p1a: Ho-Oh|Heavy-Duty Boots|[from] move: Knock Off|[of] p2a: Yveltal\n|-damage|p2a: Yveltal|81\/100|[from] item: Life Orb\n|move|p1a: Ho-Oh|Sacred Fire|p2a: Yveltal\n|-damage|p2a: Yveltal|38\/100\n|-status|p2a: Yveltal|brn\n|\n|-damage|p2a: Yveltal|32\/100 brn|[from] brn\n|upkeep\n|turn|8\n|\n|t:|1698603738\n|move|p2a: Yveltal|Dark Pulse|p1a: Ho-Oh\n|-damage|p1a: Ho-Oh|6\/100\n|-damage|p2a: Yveltal|22\/100 brn|[from] item: Life Orb\n|cant|p1a: Ho-Oh|flinch\n|\n|-damage|p2a: Yveltal|16\/100 brn|[from] brn\n|upkeep\n|turn|9\n|c|\u2606commonapi|smh\n|\n|t:|1698603749\n|switch|p1a: Zacian|Zacian-Crowned|100\/100\n|-damage|p1a: Zacian|94\/100|[from] Stealth Rock\n|-ability|p1a: Zacian|Intrepid Sword|boost\n|-boost|p1a: Zacian|atk|1\n|move|p2a: Yveltal|Oblivion Wing|p1a: Zacian\n|-resisted|p1a: Zacian\n|-damage|p1a: Zacian|69\/100\n|-heal|p2a: Yveltal|32\/100 brn|[from] drain|[of] p1a: Zacian\n|-damage|p2a: Yveltal|22\/100 brn|[from] item: Life Orb\n|\n|-damage|p2a: Yveltal|16\/100 brn|[from] brn\n|upkeep\n|turn|10\n|c|\u2606Mizuharamami|What about the burn\n|c|\u2606commonapi|sacred fire is 50%\n|c|\u2606Mizuharamami|And also I'm max attack it anyway kills\n|\n|t:|1698603769\n|move|p1a: Zacian|Behemoth Blade|p2a: Yveltal\n|-damage|p2a: Yveltal|0 fnt\n|faint|p2a: Yveltal\n|\n|upkeep\n|c|\u2606commonapi|tf you mean what about burn\n|\n|t:|1698603772\n|switch|p2a: Groudon|Groudon|100\/100\n|detailschange|p2a: Groudon|Groudon-Primal\n|-primal|p2a: Groudon|Red Orb\n|-weather|DesolateLand|[from] ability: Desolate Land|[of] p2a: Groudon\n|turn|11\n|\n|t:|1698603779\n|move|p1a: Zacian|Close Combat|p2a: Groudon\n|-damage|p2a: Groudon|53\/100\n|-unboost|p1a: Zacian|def|1\n|-unboost|p1a: Zacian|spd|1\n|move|p2a: Groudon|Earthquake|p1a: Zacian\n|-supereffective|p1a: Zacian\n|-damage|p1a: Zacian|0 fnt\n|faint|p1a: Zacian\n|\n|-weather|DesolateLand|[upkeep]\n|upkeep\n|\n|t:|1698603785\n|switch|p1a: Kyogre|Kyogre|100\/100\n|-damage|p1a: Kyogre|88\/100|[from] Stealth Rock\n|detailschange|p1a: Kyogre|Kyogre-Primal\n|-primal|p1a: Kyogre|Blue Orb\n|-weather|PrimordialSea|[from] ability: Primordial Sea|[of] p1a: Kyogre\n|turn|12\n|\n|t:|1698603799\n|move|p1a: Kyogre|Water Spout|p2a: Groudon\n|-supereffective|p2a: Groudon\n|-damage|p2a: Groudon|0 fnt\n|faint|p2a: Groudon\n|\n|-weather|PrimordialSea|[upkeep]\n|upkeep\n|c|\u2606Mizuharamami|Speed tie win what about that\n|\n|t:|1698603815\n|switch|p2a: Mewtwo|Mewtwo|100\/100\n|-ability|p2a: Mewtwo|Pressure\n|turn|13\n|\n|t:|1698603818\n|detailschange|p2a: Mewtwo|Mewtwo-Mega-X\n|-mega|p2a: Mewtwo|Mewtwo|Mewtwonite X\n|move|p2a: Mewtwo|Low Kick|p1a: Kyogre\n|-damage|p1a: Kyogre|0 fnt\n|faint|p1a: Kyogre\n|-weather|none\n|\n|upkeep\n|\n|t:|1698603824\n|switch|p1a: Groudon|Groudon|100\/100\n|-damage|p1a: Groudon|94\/100|[from] Stealth Rock\n|detailschange|p1a: Groudon|Groudon-Primal\n|-primal|p1a: Groudon|Red Orb\n|-weather|DesolateLand|[from] ability: Desolate Land|[of] p1a: Groudon\n|turn|14\n|\n|t:|1698603831\n|move|p2a: Mewtwo|Low Kick|p1a: Groudon\n|-damage|p1a: Groudon|53\/100\n|move|p1a: Groudon|Overheat|p2a: Mewtwo\n|-damage|p2a: Mewtwo|0 fnt\n|-unboost|p1a: Groudon|spa|2\n|faint|p2a: Mewtwo\n|\n|-weather|DesolateLand|[upkeep]\n|upkeep\n|\n|t:|1698603837\n|switch|p2a: Arceus|Arceus-Fairy|100\/100\n|turn|15\n|\n|t:|1698603839\n|move|p2a: Arceus|Toxic|p1a: Groudon\n|-status|p1a: Groudon|tox\n|move|p1a: Groudon|Toxic|p2a: Arceus\n|-status|p2a: Arceus|tox\n|\n|-weather|DesolateLand|[upkeep]\n|-damage|p2a: Arceus|94\/100 tox|[from] psn\n|-damage|p1a: Groudon|47\/100 tox|[from] psn\n|upkeep\n|turn|16\n|\n|t:|1698603843\n|move|p2a: Arceus|Judgment|p1a: Groudon\n|-resisted|p1a: Groudon\n|-damage|p1a: Groudon|25\/100 tox\n|move|p1a: Groudon|Earthquake|p2a: Arceus\n|-damage|p2a: Arceus|54\/100 tox\n|\n|-weather|DesolateLand|[upkeep]\n|-damage|p2a: Arceus|42\/100 tox|[from] psn\n|-damage|p1a: Groudon|12\/100 tox|[from] psn\n|upkeep\n|turn|17\n|\n|t:|1698603847\n|move|p2a: Arceus|Judgment|p1a: Groudon\n|-resisted|p1a: Groudon\n|-damage|p1a: Groudon|0 fnt\n|faint|p1a: Groudon\n|-weather|none\n|\n|-damage|p2a: Arceus|23\/100 tox|[from] psn\n|upkeep\n|\n|t:|1698603850\n|switch|p1a: Arceus|Arceus|100\/100\n|-damage|p1a: Arceus|88\/100|[from] Stealth Rock\n|turn|18\n|\n|t:|1698603855\n|move|p2a: Arceus|Toxic|p1a: Arceus\n|-status|p1a: Arceus|tox\n|-enditem|p1a: Arceus|Lum Berry|[eat]\n|-curestatus|p1a: Arceus|tox|[msg]\n|move|p1a: Arceus|Swords Dance|p1a: Arceus\n|-boost|p1a: Arceus|atk|2\n|\n|-damage|p2a: Arceus|0 fnt|[from] psn\n|faint|p2a: Arceus\n|\n|win|commonapi\n|upkeep\n|raw|commonapi's rating: 1910 &rarr; <strong>1929<\/strong><br \/>(+19 for winning)\n|raw|Mizuharamami's rating: 1884 &rarr; <strong>1865<\/strong><br \/>(-19 for losing)\n|l|\u2606Mizuharamami\n|l|\u2606commonapi\n","uploadtime":1698604267,"views":12,"p1id":"commonapi","p2id":"mizuharamami","formatid":"gen9nationaldexubers","rating":1865,"private":0,"password":""}