{"id":"gen9nationaldexubers-1989431526","p1":"vegdog","p2":"SteamedPingas","format":"[Gen 9] National Dex Ubers","log":"|j|\u2606vegdog\n|j|\u2606SteamedPingas\n|t:|1699849507\n|gametype|singles\n|player|p1|vegdog|102|1576\n|player|p2|SteamedPingas|shadowtriad|1471\n|teamsize|p1|6\n|teamsize|p2|6\n|gen|9\n|tier|[Gen 9] National Dex Ubers\n|rated|\n|rule|HP Percentage Mod: HP is shown in percentages\n|rule|Endless Battle Clause: Forcing endless battles is banned\n|rule|OHKO Clause: OHKO moves are banned\n|rule|Evasion Moves Clause: Evasion moves are banned\n|rule|Evasion Items Clause: Evasion items are banned\n|rule|Species Clause: Limit one of each Pok\u00e9mon\n|rule|Sleep Clause Mod: Limit one foe put to sleep\n|rule|Mega Rayquaza Clause: You cannot mega evolve Rayquaza\n|clearpoke\n|poke|p1|Giratina|\n|poke|p1|Dondozo, M|\n|poke|p1|Chansey, F|\n|poke|p1|Tyranitar, M|\n|poke|p1|Ho-Oh|\n|poke|p1|Mewtwo|\n|poke|p2|Arceus|\n|poke|p2|Ho-Oh|\n|poke|p2|Groudon|\n|poke|p2|Necrozma-Dusk-Mane|\n|poke|p2|Kyogre|\n|poke|p2|Xerneas-*|\n|teampreview\n|\n|t:|1699849512\n|start\n|switch|p1a: Erebus|Tyranitar, M, shiny|100\/100\n|switch|p2a: Necrozma|Necrozma-Dusk-Mane|100\/100\n|-weather|Sandstorm|[from] ability: Sand Stream|[of] p1a: Erebus\n|turn|1\n|\n|t:|1699849517\n|detailschange|p1a: Erebus|Tyranitar-Mega, M, shiny\n|-mega|p1a: Erebus|Tyranitar|Tyranitarite\n|move|p2a: Necrozma|Stealth Rock|p1a: Erebus\n|-sidestart|p1: vegdog|move: Stealth Rock\n|move|p1a: Erebus|Knock Off|p2a: Necrozma\n|-supereffective|p2a: Necrozma\n|-damage|p2a: Necrozma|61\/100\n|-damage|p1a: Erebus|84\/100|[from] item: Rocky Helmet|[of] p2a: Necrozma\n|-enditem|p2a: Necrozma|Rocky Helmet|[from] move: Knock Off|[of] p1a: Erebus\n|\n|-weather|Sandstorm|[upkeep]\n|upkeep\n|turn|2\n|\n|t:|1699849528\n|switch|p2a: Groudon|Groudon, shiny|100\/100\n|detailschange|p2a: Groudon|Groudon-Primal, shiny\n|-primal|p2a: Groudon|Red Orb\n|-weather|DesolateLand|[from] ability: Desolate Land|[of] p2a: Groudon\n|switch|p1a: Helios|Ho-Oh, shiny|100\/100\n|\n|-weather|DesolateLand|[upkeep]\n|upkeep\n|turn|3\n|\n|t:|1699849533\n|switch|p1a: Chaos|Giratina, shiny|100\/100\n|-damage|p1a: Chaos|88\/100|[from] Stealth Rock\n|-ability|p1a: Chaos|Pressure\n|move|p2a: Groudon|Stone Edge|p1a: Chaos\n|-crit|p1a: Chaos\n|-damage|p1a: Chaos|54\/100\n|\n|-weather|DesolateLand|[upkeep]\n|-heal|p1a: Chaos|60\/100|[from] item: Leftovers\n|upkeep\n|turn|4\n|\n|t:|1699849542\n|move|p2a: Groudon|Precipice Blades|p1a: Chaos\n|-damage|p1a: Chaos|21\/100\n|move|p1a: Chaos|Toxic|p2a: Groudon\n|-status|p2a: Groudon|tox\n|\n|-weather|DesolateLand|[upkeep]\n|-heal|p1a: Chaos|27\/100|[from] item: Leftovers\n|-damage|p2a: Groudon|94\/100 tox|[from] psn\n|upkeep\n|turn|5\n|\n|t:|1699849552\n|-weather|none\n|switch|p2a: Necrozma|Necrozma-Dusk-Mane|61\/100\n|move|p1a: Chaos|Rest|p1a: Chaos\n|-status|p1a: Chaos|slp|[from] move: Rest\n|-heal|p1a: Chaos|100\/100 slp|[silent]\n|\n|upkeep\n|turn|6\n|\n|t:|1699849556\n|switch|p1a: Helios|Ho-Oh, shiny|100\/100\n|move|p2a: Necrozma|Knock Off|p1a: Helios\n|-damage|p1a: Helios|80\/100\n|-enditem|p1a: Helios|Heavy-Duty Boots|[from] move: Knock Off|[of] p2a: Necrozma\n|\n|upkeep\n|turn|7\n|\n|t:|1699849562\n|move|p1a: Helios|Defog|p2a: Necrozma\n|-unboost|p2a: Necrozma|evasion|1\n|-sideend|p1: vegdog|Stealth Rock|[from] move: Defog|[of] p1a: Helios\n|move|p2a: Necrozma|Morning Sun|p2a: Necrozma\n|-heal|p2a: Necrozma|100\/100\n|\n|upkeep\n|turn|8\n|\n|t:|1699849565\n|move|p1a: Helios|Sacred Fire|p2a: Necrozma\n|-supereffective|p2a: Necrozma\n|-damage|p2a: Necrozma|64\/100\n|move|p2a: Necrozma|Stealth Rock|p1a: Helios\n|-sidestart|p1: vegdog|move: Stealth Rock\n|\n|upkeep\n|turn|9\n|\n|t:|1699849573\n|switch|p2a: Kyogre|Kyogre, shiny|100\/100\n|detailschange|p2a: Kyogre|Kyogre-Primal, shiny\n|-primal|p2a: Kyogre|Blue Orb\n|-weather|PrimordialSea|[from] ability: Primordial Sea|[of] p2a: Kyogre\n|move|p1a: Helios|Defog|p2a: Kyogre\n|-unboost|p2a: Kyogre|evasion|1\n|-sideend|p1: vegdog|Stealth Rock|[from] move: Defog|[of] p1a: Helios\n|\n|-weather|PrimordialSea|[upkeep]\n|upkeep\n|turn|10\n|\n|t:|1699849576\n|switch|p1a: Epione|Chansey, F, shiny|100\/100\n|move|p2a: Kyogre|Thunder|p1a: Epione\n|-damage|p1a: Epione|88\/100\n|\n|-weather|PrimordialSea|[upkeep]\n|upkeep\n|turn|11\n|\n|t:|1699849579\n|-weather|none\n|switch|p2a: Necrozma|Necrozma-Dusk-Mane|64\/100\n|move|p1a: Epione|Seismic Toss|p2a: Necrozma\n|-damage|p2a: Necrozma|39\/100\n|\n|upkeep\n|turn|12\n|\n|t:|1699849583\n|switch|p1a: Hyperion|Mewtwo, shiny|100\/100\n|-ability|p1a: Hyperion|Pressure\n|move|p2a: Necrozma|Morning Sun|p2a: Necrozma\n|-heal|p2a: Necrozma|89\/100\n|\n|upkeep\n|turn|13\n|\n|t:|1699849590\n|move|p1a: Hyperion|Will-O-Wisp|p2a: Necrozma|[miss]\n|-miss|p1a: Hyperion|p2a: Necrozma\n|move|p2a: Necrozma|Knock Off|p1a: Hyperion\n|-supereffective|p1a: Hyperion\n|-damage|p1a: Hyperion|46\/100\n|-damage|p2a: Necrozma|73\/100|[from] item: Rocky Helmet|[of] p1a: Hyperion\n|-enditem|p1a: Hyperion|Rocky Helmet|[from] move: Knock Off|[of] p2a: Necrozma\n|\n|upkeep\n|turn|14\n|\n|t:|1699849596\n|switch|p2a: Ho-Oh|Ho-Oh|100\/100\n|move|p1a: Hyperion|Recover|p1a: Hyperion\n|-heal|p1a: Hyperion|96\/100\n|\n|upkeep\n|turn|15\n|\n|t:|1699849599\n|switch|p1a: Erebus|Tyranitar-Mega, M, shiny|84\/100\n|-weather|Sandstorm|[from] ability: Sand Stream|[of] p1a: Erebus\n|move|p2a: Ho-Oh|Whirlwind|p1a: Erebus\n|drag|p1a: Chaos|Giratina, shiny|100\/100 slp\n|-ability|p1a: Chaos|Pressure\n|\n|-weather|Sandstorm|[upkeep]\n|-damage|p2a: Ho-Oh|94\/100|[from] Sandstorm\n|-damage|p1a: Chaos|94\/100 slp|[from] Sandstorm\n|-heal|p1a: Chaos|100\/100 slp|[from] item: Leftovers\n|upkeep\n|turn|16\n|\n|t:|1699849603\n|switch|p2a: Kyogre|Kyogre-Primal, shiny|100\/100\n|-weather|PrimordialSea|[from] ability: Primordial Sea|[of] p2a: Kyogre\n|switch|p1a: Erebus|Tyranitar-Mega, M, shiny|84\/100\n|-ability|p1a: Erebus|Sand Stream|[from] primordialsea|[fail]\n|\n|-weather|PrimordialSea|[upkeep]\n|upkeep\n|turn|17\n|\n|t:|1699849607\n|switch|p1a: Epione|Chansey, F, shiny|88\/100\n|move|p2a: Kyogre|Calm Mind|p2a: Kyogre\n|-boost|p2a: Kyogre|spa|1\n|-boost|p2a: Kyogre|spd|1\n|\n|-weather|PrimordialSea|[upkeep]\n|upkeep\n|turn|18\n|\n|t:|1699849613\n|-weather|none\n|switch|p2a: Necrozma|Necrozma-Dusk-Mane|73\/100\n|-terastallize|p1a: Epione|Grass\n|move|p1a: Epione|Confide|p2a: Necrozma\n|-unboost|p2a: Necrozma|spa|1\n|\n|upkeep\n|turn|19\n|\n|t:|1699849617\n|switch|p1a: Hyperion|Mewtwo, shiny|96\/100\n|-ability|p1a: Hyperion|Pressure\n|move|p2a: Necrozma|Stealth Rock|p1a: Hyperion\n|-sidestart|p1: vegdog|move: Stealth Rock\n|\n|upkeep\n|turn|20\n|\n|t:|1699849624\n|switch|p2a: Ho-Oh|Ho-Oh|100\/100\n|move|p1a: Hyperion|Foul Play|p2a: Ho-Oh\n|-damage|p2a: Ho-Oh|75\/100\n|\n|upkeep\n|turn|21\n|\n|t:|1699849629\n|move|p1a: Hyperion|Psystrike|p2a: Ho-Oh\n|-crit|p2a: Ho-Oh\n|-damage|p2a: Ho-Oh|9\/100\n|move|p2a: Ho-Oh|Whirlwind|p1a: Hyperion\n|drag|p1a: Triton|Dondozo, M, shiny|100\/100\n|-damage|p1a: Triton|88\/100|[from] Stealth Rock\n|\n|-heal|p1a: Triton|94\/100|[from] item: Leftovers\n|upkeep\n|turn|22\n|\n|t:|1699849636\n|switch|p2a: Necrozma|Necrozma-Dusk-Mane|73\/100\n|move|p1a: Triton|Liquidation|p2a: Necrozma\n|-damage|p2a: Necrozma|58\/100\n|\n|-heal|p1a: Triton|99\/100|[from] item: Leftovers\n|upkeep\n|turn|23\n|\n|t:|1699849639\n|switch|p1a: Hyperion|Mewtwo, shiny|96\/100\n|-damage|p1a: Hyperion|84\/100|[from] Stealth Rock\n|-ability|p1a: Hyperion|Pressure\n|move|p2a: Necrozma|Morning Sun|p2a: Necrozma\n|-heal|p2a: Necrozma|100\/100\n|\n|upkeep\n|turn|24\n|\n|t:|1699849645\n|move|p1a: Hyperion|Foul Play|p2a: Necrozma\n|-supereffective|p2a: Necrozma\n|-damage|p2a: Necrozma|74\/100\n|move|p2a: Necrozma|Sunsteel Strike|p1a: Hyperion\n|-damage|p1a: Hyperion|42\/100\n|\n|upkeep\n|turn|25\n|\n|t:|1699849654\n|switch|p2a: Ho-Oh|Ho-Oh|42\/100\n|move|p1a: Hyperion|Recover|p1a: Hyperion\n|-heal|p1a: Hyperion|92\/100\n|\n|upkeep\n|turn|26\n|\n|t:|1699849658\n|switch|p2a: Necrozma|Necrozma-Dusk-Mane|74\/100\n|move|p1a: Hyperion|Psystrike|p2a: Necrozma\n|-resisted|p2a: Necrozma\n|-damage|p2a: Necrozma|67\/100\n|\n|upkeep\n|turn|27\n|\n|t:|1699849663\n|switch|p2a: Ho-Oh|Ho-Oh|76\/100\n|move|p1a: Hyperion|Will-O-Wisp|p2a: Ho-Oh\n|-immune|p2a: Ho-Oh\n|\n|upkeep\n|turn|28\n|\n|t:|1699849668\n|move|p1a: Hyperion|Foul Play|p2a: Ho-Oh\n|-damage|p2a: Ho-Oh|50\/100\n|move|p2a: Ho-Oh|Roost|p2a: Ho-Oh\n|-heal|p2a: Ho-Oh|99\/100\n|-singleturn|p2a: Ho-Oh|move: Roost\n|\n|upkeep\n|turn|29\n|\n|t:|1699849675\n|switch|p1a: Erebus|Tyranitar-Mega, M, shiny|84\/100\n|-damage|p1a: Erebus|72\/100|[from] Stealth Rock\n|-weather|Sandstorm|[from] ability: Sand Stream|[of] p1a: Erebus\n|move|p2a: Ho-Oh|Sacred Fire|p1a: Erebus\n|-resisted|p1a: Erebus\n|-damage|p1a: Erebus|59\/100\n|-status|p1a: Erebus|brn\n|\n|-weather|Sandstorm|[upkeep]\n|-damage|p2a: Ho-Oh|94\/100|[from] Sandstorm\n|-damage|p1a: Erebus|53\/100 brn|[from] brn\n|upkeep\n|turn|30\n|\n|t:|1699849688\n|switch|p2a: Necrozma|Necrozma-Dusk-Mane|67\/100\n|switch|p1a: Hyperion|Mewtwo, shiny|92\/100\n|-damage|p1a: Hyperion|79\/100|[from] Stealth Rock\n|-ability|p1a: Hyperion|Pressure\n|\n|-weather|Sandstorm|[upkeep]\n|-damage|p1a: Hyperion|73\/100|[from] Sandstorm\n|upkeep\n|turn|31\n|\n|t:|1699849697\n|switch|p1a: Chaos|Giratina, shiny|100\/100 slp\n|-damage|p1a: Chaos|88\/100 slp|[from] Stealth Rock\n|-ability|p1a: Chaos|Pressure\n|move|p2a: Necrozma|Sunsteel Strike|p1a: Chaos\n|-damage|p1a: Chaos|67\/100 slp\n|\n|-weather|Sandstorm|[upkeep]\n|-damage|p1a: Chaos|61\/100 slp|[from] Sandstorm\n|-heal|p1a: Chaos|67\/100 slp|[from] item: Leftovers\n|upkeep\n|turn|32\n|\n|t:|1699849704\n|switch|p1a: Triton|Dondozo, M, shiny|99\/100\n|-damage|p1a: Triton|88\/100|[from] Stealth Rock\n|move|p2a: Necrozma|Knock Off|p1a: Triton\n|-damage|p1a: Triton|73\/100\n|-enditem|p1a: Triton|Leftovers|[from] move: Knock Off|[of] p2a: Necrozma\n|\n|-weather|Sandstorm|[upkeep]\n|-damage|p1a: Triton|67\/100|[from] Sandstorm\n|upkeep\n|turn|33\n|\n|t:|1699849718\n|switch|p2a: Groudon|Groudon-Primal, shiny|94\/100 tox\n|-weather|DesolateLand|[from] ability: Desolate Land|[of] p2a: Groudon\n|move|p1a: Triton|Curse|p1a: Triton\n|-unboost|p1a: Triton|spe|1\n|-boost|p1a: Triton|atk|1\n|-boost|p1a: Triton|def|1\n|\n|-weather|DesolateLand|[upkeep]\n|-damage|p2a: Groudon|88\/100 tox|[from] psn\n|upkeep\n|turn|34\n|\n|t:|1699849727\n|move|p2a: Groudon|Precipice Blades|p1a: Triton\n|-damage|p1a: Triton|41\/100\n|move|p1a: Triton|Curse|p1a: Triton\n|-unboost|p1a: Triton|spe|1\n|-boost|p1a: Triton|atk|1\n|-boost|p1a: Triton|def|1\n|\n|-weather|DesolateLand|[upkeep]\n|-damage|p2a: Groudon|76\/100 tox|[from] psn\n|upkeep\n|turn|35\n|\n|t:|1699849733\n|-weather|none\n|switch|p2a: Kyogre|Kyogre-Primal, shiny|100\/100\n|-weather|PrimordialSea|[from] ability: Primordial Sea|[of] p2a: Kyogre\n|move|p1a: Triton|Rest|p1a: Triton\n|-status|p1a: Triton|slp|[from] move: Rest\n|-heal|p1a: Triton|100\/100 slp|[silent]\n|\n|-weather|PrimordialSea|[upkeep]\n|upkeep\n|turn|36\n|\n|t:|1699849739\n|-weather|none\n|switch|p2a: Arceus|Arceus|100\/100\n|switch|p1a: Epione|Chansey, F, shiny, tera:Grass|88\/100\n|-damage|p1a: Epione|75\/100|[from] Stealth Rock\n|\n|upkeep\n|turn|37\n|\n|t:|1699849748\n|switch|p1a: Triton|Dondozo, M, shiny|100\/100 slp\n|-damage|p1a: Triton|88\/100 slp|[from] Stealth Rock\n|move|p2a: Arceus|Swords Dance|p2a: Arceus\n|-boost|p2a: Arceus|atk|2\n|\n|upkeep\n|turn|38\n|\n|t:|1699849751\n|-terastallize|p2a: Arceus|Ghost\n|move|p2a: Arceus|Shadow Claw|p1a: Triton\n|-damage|p1a: Triton|67\/100 slp\n|-damage|p2a: Arceus|91\/100|[from] item: Life Orb\n|cant|p1a: Triton|slp\n|\n|upkeep\n|turn|39\n|\n|t:|1699849758\n|switch|p2a: Kyogre|Kyogre-Primal, shiny|100\/100\n|-weather|PrimordialSea|[from] ability: Primordial Sea|[of] p2a: Kyogre\n|cant|p1a: Triton|slp\n|\n|-weather|PrimordialSea|[upkeep]\n|upkeep\n|turn|40\n|\n|t:|1699849764\n|switch|p1a: Epione|Chansey, F, shiny, tera:Grass|75\/100\n|-damage|p1a: Epione|63\/100|[from] Stealth Rock\n|move|p2a: Kyogre|Origin Pulse|p1a: Epione\n|-resisted|p1a: Epione\n|-damage|p1a: Epione|48\/100\n|\n|-weather|PrimordialSea|[upkeep]\n|upkeep\n|turn|41\n|\n|t:|1699849775\n|-weather|none\n|switch|p2a: Necrozma|Necrozma-Dusk-Mane|67\/100\n|move|p1a: Epione|Heal Bell|p1a: Epione\n|-activate|p1a: Epione|move: Heal Bell\n|-curestatus|p1: Chaos|slp|[msg]\n|-curestatus|p1: Triton|slp|[msg]\n|-curestatus|p1: Erebus|brn|[msg]\n|\n|upkeep\n|turn|42\n|\n|t:|1699849785\n|switch|p2a: Xerneas|Xerneas|100\/100\n|-ability|p2a: Xerneas|Fairy Aura\n|switch|p1a: Hyperion|Mewtwo, shiny|73\/100\n|-damage|p1a: Hyperion|60\/100|[from] Stealth Rock\n|-ability|p1a: Hyperion|Pressure\n|\n|upkeep\n|turn|43\n|\n|t:|1699849791\n|switch|p1a: Helios|Ho-Oh, shiny|100\/100\n|-damage|p1a: Helios|51\/100|[from] Stealth Rock\n|move|p2a: Xerneas|Geomancy||[still]\n|-prepare|p2a: Xerneas|Geomancy\n|-enditem|p2a: Xerneas|Power Herb\n|-anim|p2a: Xerneas|Geomancy|p2a: Xerneas\n|-boost|p2a: Xerneas|spa|2\n|-boost|p2a: Xerneas|spd|2\n|-boost|p2a: Xerneas|spe|2\n|\n|upkeep\n|turn|44\n|\n|t:|1699849793\n|move|p2a: Xerneas|Thunder|p1a: Helios|[miss]\n|-miss|p2a: Xerneas|p1a: Helios\n|move|p1a: Helios|Toxic|p2a: Xerneas\n|-status|p2a: Xerneas|tox\n|\n|-damage|p2a: Xerneas|94\/100 tox|[from] psn\n|upkeep\n|turn|45\n|\n|t:|1699849803\n|switch|p1a: Epione|Chansey, F, shiny, tera:Grass|48\/100\n|-damage|p1a: Epione|36\/100|[from] Stealth Rock\n|move|p2a: Xerneas|Thunder|p1a: Epione\n|-resisted|p1a: Epione\n|-damage|p1a: Epione|24\/100\n|\n|-damage|p2a: Xerneas|82\/100 tox|[from] psn\n|upkeep\n|turn|46\n|\n|t:|1699849810\n|move|p2a: Xerneas|Moonblast|p1a: Epione\n|-damage|p1a: Epione|0 fnt\n|faint|p1a: Epione\n|\n|-damage|p2a: Xerneas|64\/100 tox|[from] psn\n|upkeep\n|\n|t:|1699849829\n|switch|p1a: Helios|Ho-Oh, shiny|84\/100\n|-damage|p1a: Helios|34\/100|[from] Stealth Rock\n|turn|47\n|\n|t:|1699849842\n|move|p2a: Xerneas|Moonblast|p1a: Helios\n|-resisted|p1a: Helios\n|-damage|p1a: Helios|0 fnt\n|faint|p1a: Helios\n|\n|-damage|p2a: Xerneas|39\/100 tox|[from] psn\n|upkeep\n|-message|vegdog forfeited.\n|\n|win|SteamedPingas\n|raw|vegdog's rating: 1576 &rarr; <strong>1550<\/strong><br \/>(-26 for losing)\n|raw|SteamedPingas's rating: 1471 &rarr; <strong>1497<\/strong><br \/>(+26 for winning)\n|l|\u2606vegdog\n","uploadtime":1699849854,"views":5,"p1id":"vegdog","p2id":"steamedpingas","formatid":"gen9nationaldexubers","rating":1497,"private":0,"password":""}