{"id":"gen9nationaldexubers-1980455372","p1":"doubletrouble84","p2":"ngbfdc","format":"[Gen 9] National Dex Ubers","log":"|j|\u2606doubletrouble84\n|j|\u2606ngbfdc\n|t:|1698786524\n|gametype|singles\n|player|p1|doubletrouble84|n|1375\n|player|p2|ngbfdc|benga|1315\n|teamsize|p1|6\n|teamsize|p2|6\n|gen|9\n|tier|[Gen 9] National Dex Ubers\n|rated|\n|rule|HP Percentage Mod: HP is shown in percentages\n|rule|Endless Battle Clause: Forcing endless battles is banned\n|rule|OHKO Clause: OHKO moves are banned\n|rule|Evasion Moves Clause: Evasion moves are banned\n|rule|Evasion Items Clause: Evasion items are banned\n|rule|Species Clause: Limit one of each Pok\u00e9mon\n|rule|Sleep Clause Mod: Limit one foe put to sleep\n|rule|Mega Rayquaza Clause: You cannot mega evolve Rayquaza\n|clearpoke\n|poke|p1|Basculegion, M|\n|poke|p1|Marshadow|\n|poke|p1|Deoxys-Speed|\n|poke|p1|Xerneas-*|\n|poke|p1|Zacian-*|\n|poke|p1|Pelipper, M|\n|poke|p2|Breloom, M|\n|poke|p2|Pikachu, F|\n|poke|p2|Arceus|\n|poke|p2|Xerneas-*|\n|poke|p2|Shuckle, F|\n|poke|p2|Mewtwo|\n|teampreview\n|inactive|Battle timer is ON: inactive players will automatically lose when time's up. (requested by ngbfdc)\n|inactive|doubletrouble84 also wants the timer to be on.\n|\n|t:|1698786530\n|start\n|switch|p1a: Deoxys|Deoxys-Speed|100\/100\n|switch|p2a: Shuckle|Shuckle, F|100\/100\n|-ability|p1a: Deoxys|Pressure\n|turn|1\n|\n|t:|1698786545\n|move|p1a: Deoxys|Taunt|p2a: Shuckle\n|-start|p2a: Shuckle|move: Taunt\n|cant|p2a: Shuckle|move: Taunt|Sticky Web\n|\n|upkeep\n|turn|2\n|inactive|ngbfdc has 120 seconds left.\n|\n|t:|1698786599\n|switch|p2a: Mewtwo|Mewtwo|100\/100\n|-ability|p2a: Mewtwo|Pressure\n|move|p1a: Deoxys|Stealth Rock|p2a: Mewtwo\n|-sidestart|p2: ngbfdc|move: Stealth Rock\n|\n|upkeep\n|turn|3\n|\n|t:|1698786608\n|detailschange|p2a: Mewtwo|Mewtwo-Mega-Y\n|-mega|p2a: Mewtwo|Mewtwo|Mewtwonite Y\n|move|p1a: Deoxys|Taunt|p2a: Mewtwo\n|-start|p2a: Mewtwo|move: Taunt\n|move|p2a: Mewtwo|Ice Beam|p1a: Deoxys\n|-damage|p1a: Deoxys|36\/100\n|\n|upkeep\n|turn|4\n|\n|t:|1698786617\n|move|p1a: Deoxys|Spikes|p2a: Mewtwo\n|-sidestart|p2: ngbfdc|Spikes\n|move|p2a: Mewtwo|Ice Beam|p1a: Deoxys\n|-damage|p1a: Deoxys|0 fnt\n|faint|p1a: Deoxys\n|\n|upkeep\n|\n|t:|1698786625\n|switch|p1a: Xerneas|Xerneas|100\/100\n|-ability|p1a: Xerneas|Fairy Aura\n|turn|5\n|inactive|ngbfdc has 120 seconds left.\n|\n|t:|1698786632\n|move|p2a: Mewtwo|Psychic|p1a: Xerneas\n|-damage|p1a: Xerneas|48\/100\n|move|p1a: Xerneas|Geomancy||[still]\n|-prepare|p1a: Xerneas|Geomancy\n|-enditem|p1a: Xerneas|Power Herb\n|-anim|p1a: Xerneas|Geomancy|p1a: Xerneas\n|-boost|p1a: Xerneas|spa|2\n|-boost|p1a: Xerneas|spd|2\n|-boost|p1a: Xerneas|spe|2\n|\n|-end|p2a: Mewtwo|move: Taunt\n|upkeep\n|turn|6\n|\n|t:|1698786642\n|move|p1a: Xerneas|Moonblast|p2a: Mewtwo\n|-damage|p2a: Mewtwo|0 fnt\n|faint|p2a: Mewtwo\n|\n|upkeep\n|\n|t:|1698786647\n|switch|p2a: Pikachu|Pikachu, F|100\/100\n|-damage|p2a: Pikachu|88\/100|[from] Stealth Rock\n|-damage|p2a: Pikachu|76\/100|[from] Spikes\n|turn|7\n|\n|t:|1698786652\n|-terastallize|p2a: Pikachu|Normal\n|move|p2a: Pikachu|Fake Out|p1a: Xerneas\n|-damage|p1a: Xerneas|25\/100\n|cant|p1a: Xerneas|flinch\n|\n|upkeep\n|turn|8\n|\n|t:|1698786659\n|move|p2a: Pikachu|Extreme Speed|p1a: Xerneas\n|-damage|p1a: Xerneas|0 fnt\n|faint|p1a: Xerneas\n|\n|upkeep\n|\n|t:|1698786665\n|switch|p1a: Marshadow|Marshadow|100\/100\n|turn|9\n|\n|t:|1698786670\n|switch|p2a: Shuckle|Shuckle, F|100\/100\n|-damage|p2a: Shuckle|76\/100|[from] Stealth Rock\n|-damage|p2a: Shuckle|63\/100|[from] Spikes\n|move|p1a: Marshadow|Shadow Sneak|p2a: Shuckle\n|-damage|p2a: Shuckle|45\/100\n|-enditem|p2a: Shuckle|Red Card|[of] p1a: Marshadow\n|drag|p1a: Pelipper|Pelipper, M|100\/100\n|-weather|RainDance|[from] ability: Drizzle|[of] p1a: Pelipper\n|\n|-weather|RainDance|[upkeep]\n|upkeep\n|turn|10\n|\n|t:|1698786683\n|move|p1a: Pelipper|Scald|p2a: Shuckle\n|-supereffective|p2a: Shuckle\n|-damage|p2a: Shuckle|3\/100\n|-status|p2a: Shuckle|brn\n|move|p2a: Shuckle|Sticky Web|p1a: Pelipper\n|-sidestart|p1: doubletrouble84|move: Sticky Web\n|\n|-weather|RainDance|[upkeep]\n|-damage|p2a: Shuckle|0 fnt|[from] brn\n|faint|p2a: Shuckle\n|upkeep\n|\n|t:|1698786693\n|switch|p2a: Pikachu|Pikachu, F, tera:Normal|76\/100\n|-damage|p2a: Pikachu|63\/100|[from] Stealth Rock\n|-damage|p2a: Pikachu|51\/100|[from] Spikes\n|turn|11\n|\n|t:|1698786702\n|switch|p1a: Zacian|Zacian-Crowned|100\/100\n|-activate|p1a: Zacian|move: Sticky Web\n|-unboost|p1a: Zacian|spe|1\n|-ability|p1a: Zacian|Intrepid Sword|boost\n|-boost|p1a: Zacian|atk|1\n|move|p2a: Pikachu|Fake Out|p1a: Zacian\n|-resisted|p1a: Zacian\n|-damage|p1a: Zacian|89\/100\n|\n|-weather|RainDance|[upkeep]\n|upkeep\n|turn|12\n|\n|t:|1698786721\n|switch|p2a: Breloom|Breloom, M|100\/100\n|-damage|p2a: Breloom|94\/100|[from] Stealth Rock\n|-damage|p2a: Breloom|82\/100|[from] Spikes\n|move|p1a: Zacian|Behemoth Blade|p2a: Breloom\n|-damage|p2a: Breloom|0 fnt\n|faint|p2a: Breloom\n|\n|-weather|RainDance|[upkeep]\n|upkeep\n|\n|t:|1698786732\n|switch|p2a: Arceus|Arceus|100\/100\n|-damage|p2a: Arceus|88\/100|[from] Stealth Rock\n|-damage|p2a: Arceus|76\/100|[from] Spikes\n|turn|13\n|\n|t:|1698786737\n|move|p1a: Zacian|Behemoth Blade|p2a: Arceus\n|-damage|p2a: Arceus|15\/100\n|move|p2a: Arceus|Earthquake|p1a: Zacian\n|-supereffective|p1a: Zacian\n|-damage|p1a: Zacian|19\/100\n|\n|-weather|RainDance|[upkeep]\n|-heal|p2a: Arceus|21\/100|[from] item: Leftovers\n|upkeep\n|turn|14\n|\n|t:|1698786747\n|move|p1a: Zacian|Behemoth Blade|p2a: Arceus\n|-damage|p2a: Arceus|0 fnt\n|faint|p2a: Arceus\n|\n|-weather|RainDance|[upkeep]\n|upkeep\n|\n|t:|1698786753\n|switch|p2a: Pikachu|Pikachu, F, tera:Normal|51\/100\n|-damage|p2a: Pikachu|38\/100|[from] Stealth Rock\n|-damage|p2a: Pikachu|26\/100|[from] Spikes\n|turn|15\n|\n|t:|1698786759\n|move|p2a: Pikachu|Fake Out|p1a: Zacian\n|-resisted|p1a: Zacian\n|-damage|p1a: Zacian|7\/100\n|cant|p1a: Zacian|flinch\n|\n|-weather|RainDance|[upkeep]\n|upkeep\n|turn|16\n|\n|t:|1698786767\n|move|p2a: Pikachu|Extreme Speed|p1a: Zacian\n|-resisted|p1a: Zacian\n|-damage|p1a: Zacian|0 fnt\n|faint|p1a: Zacian\n|\n|-weather|none\n|upkeep\n|\n|t:|1698786774\n|switch|p1a: Marshadow|Marshadow|100\/100\n|-activate|p1a: Marshadow|move: Sticky Web\n|-unboost|p1a: Marshadow|spe|1\n|turn|17\n|\n|t:|1698786779\n|move|p1a: Marshadow|Close Combat|p2a: Pikachu\n|-supereffective|p2a: Pikachu\n|-damage|p2a: Pikachu|0 fnt\n|-unboost|p1a: Marshadow|def|1\n|-unboost|p1a: Marshadow|spd|1\n|faint|p2a: Pikachu\n|\n|upkeep\n|\n|t:|1698786785\n|switch|p2a: Xerneas|Xerneas|100\/100\n|-damage|p2a: Xerneas|88\/100|[from] Stealth Rock\n|-damage|p2a: Xerneas|76\/100|[from] Spikes\n|-ability|p2a: Xerneas|Fairy Aura\n|turn|18\n|\n|t:|1698786793\n|move|p1a: Marshadow|Spectral Thief|p2a: Xerneas\n|-damage|p2a: Xerneas|40\/100\n|move|p2a: Xerneas|Moonblast|p1a: Marshadow\n|-supereffective|p1a: Marshadow\n|-enditem|p1a: Marshadow|Focus Sash\n|-damage|p1a: Marshadow|1\/100\n|\n|upkeep\n|turn|19\n|\n|t:|1698786803\n|move|p1a: Marshadow|Poltergeist|p2a: Xerneas\n|-activate|p2a: Xerneas|move: Poltergeist|Power Herb\n|-damage|p2a: Xerneas|0 fnt\n|faint|p2a: Xerneas\n|\n|win|doubletrouble84\n|raw|doubletrouble84's rating: 1375 &rarr; <strong>1392<\/strong><br \/>(+17 for winning)\n|raw|ngbfdc's rating: 1315 &rarr; <strong>1298<\/strong><br \/>(-17 for losing)\n|l|\u2606ngbfdc\n","uploadtime":1698786815,"views":11,"p1id":"doubletrouble84","p2id":"ngbfdc","formatid":"gen9nationaldexubers","rating":1298,"private":0,"password":""}