{"id":"gen9nationaldexubers-1998428275","p1":"popo4456","p2":"Thebestrug","format":"[Gen 9] National Dex Ubers","log":"|j|\u2606popo4456\n|j|\u2606Thebestrug\n|t:|1700941215\n|gametype|singles\n|player|p1|popo4456|galacticgrunt|\n|player|p2|Thebestrug|cynthia|\n|teamsize|p1|6\n|teamsize|p2|6\n|gen|9\n|tier|[Gen 9] National Dex Ubers\n|rule|HP Percentage Mod: HP is shown in percentages\n|rule|Endless Battle Clause: Forcing endless battles is banned\n|rule|OHKO Clause: OHKO moves are banned\n|rule|Evasion Moves Clause: Evasion moves are banned\n|rule|Evasion Items Clause: Evasion items are banned\n|rule|Species Clause: Limit one of each Pok\u00e9mon\n|rule|Sleep Clause Mod: Limit one foe put to sleep\n|rule|Mega Rayquaza Clause: You cannot mega evolve Rayquaza\n|clearpoke\n|poke|p1|Banette, M|\n|poke|p1|Ting-Lu|\n|poke|p1|Ribombee, M|\n|poke|p1|Celesteela|\n|poke|p1|Kommo-o, F|\n|poke|p1|Serperior, M|\n|poke|p2|Aegislash, M|\n|poke|p2|Goodra-Hisui, M|\n|poke|p2|Tapu Lele|\n|poke|p2|Volcarona, M|\n|poke|p2|Venusaur, M|\n|poke|p2|Samurott-Hisui, M|\n|teampreview\n|j| Orangesodapop\n|j| Nekolo\n|c| Nekolo|GL GL\n|\n|t:|1700941346\n|start\n|switch|p1a: Ribombee|Ribombee, M|100\/100\n|switch|p2a: Goodra|Goodra-Hisui, M, shiny|100\/100\n|turn|1\n|\n|t:|1700941351\n|move|p1a: Ribombee|Sticky Web|p2a: Goodra\n|-sidestart|p2: Thebestrug|move: Sticky Web\n|move|p2a: Goodra|Curse|p2a: Goodra\n|-unboost|p2a: Goodra|spe|1\n|-boost|p2a: Goodra|atk|1\n|-boost|p2a: Goodra|def|1\n|\n|upkeep\n|turn|2\n|l| Orangesodapop\n|\n|t:|1700941357\n|switch|p1a: Ting-Lu|Ting-Lu|100\/100\n|-ability|p1a: Ting-Lu|Vessel of Ruin\n|move|p2a: Goodra|Curse|p2a: Goodra\n|-unboost|p2a: Goodra|spe|1\n|-boost|p2a: Goodra|atk|1\n|-boost|p2a: Goodra|def|1\n|\n|upkeep\n|turn|3\n|\n|t:|1700941365\n|move|p1a: Ting-Lu|Stealth Rock|p2a: Goodra\n|-sidestart|p2: Thebestrug|move: Stealth Rock\n|move|p2a: Goodra|Body Press|p1a: Ting-Lu\n|-supereffective|p1a: Ting-Lu\n|-damage|p1a: Ting-Lu|65\/100\n|\n|-heal|p1a: Ting-Lu|71\/100|[from] item: Leftovers\n|upkeep\n|turn|4\n|j| Orangesodapop\n|\n|t:|1700941375\n|switch|p1a: Banette|Banette, M|100\/100\n|move|p2a: Goodra|Body Press|p1a: Banette\n|-immune|p1a: Banette\n|\n|upkeep\n|turn|5\n|\n|t:|1700941381\n|detailschange|p1a: Banette|Banette-Mega, M\n|-mega|p1a: Banette|Banette|Banettite\n|move|p1a: Banette|Will-O-Wisp|p2a: Goodra\n|-status|p2a: Goodra|brn\n|move|p2a: Goodra|Heavy Slam|p1a: Banette\n|-damage|p1a: Banette|52\/100\n|\n|-damage|p2a: Goodra|94\/100 brn|[from] brn\n|upkeep\n|turn|6\n|\n|t:|1700941391\n|switch|p1a: Ting-Lu|Ting-Lu|71\/100\n|-ability|p1a: Ting-Lu|Vessel of Ruin\n|move|p2a: Goodra|Heavy Slam|p1a: Ting-Lu\n|-damage|p1a: Ting-Lu|65\/100\n|\n|-heal|p1a: Ting-Lu|72\/100|[from] item: Leftovers\n|-heal|p2a: Goodra|100\/100 brn|[from] item: Leftovers\n|-damage|p2a: Goodra|94\/100 brn|[from] brn\n|upkeep\n|turn|7\n|\n|t:|1700941403\n|move|p2a: Goodra|Curse|p2a: Goodra\n|-unboost|p2a: Goodra|spe|1\n|-boost|p2a: Goodra|atk|1\n|-boost|p2a: Goodra|def|1\n|move|p1a: Ting-Lu|Whirlwind|p2a: Goodra\n|drag|p2a: Tapu Lele|Tapu Lele, shiny|100\/100\n|-activate|p2a: Tapu Lele|move: Sticky Web\n|-unboost|p2a: Tapu Lele|spe|1\n|-damage|p2a: Tapu Lele|88\/100|[from] Stealth Rock\n|-fieldstart|move: Psychic Terrain|[from] ability: Psychic Surge|[of] p2a: Tapu Lele\n|\n|-heal|p1a: Ting-Lu|78\/100|[from] item: Leftovers\n|upkeep\n|turn|8\n|\n|t:|1700941416\n|switch|p1a: Ribombee|Ribombee, M|100\/100\n|-zpower|p2a: Tapu Lele\n|move|p2a: Tapu Lele|All-Out Pummeling|p1a: Ribombee|[zeffect]\n|-resisted|p1a: Ribombee\n|-damage|p1a: Ribombee|76\/100\n|\n|upkeep\n|turn|9\n|\n|t:|1700941426\n|move|p1a: Ribombee|Moonblast|p2a: Tapu Lele\n|-damage|p2a: Tapu Lele|51\/100\n|move|p2a: Tapu Lele|Psyshock|p1a: Ribombee\n|-damage|p1a: Ribombee|0 fnt\n|faint|p1a: Ribombee\n|\n|upkeep\n|\n|t:|1700941452\n|switch|p1a: Kommo-o|Kommo-o, F|100\/100\n|turn|10\n|\n|t:|1700941455\n|move|p1a: Kommo-o|Poison Jab|p2a: Tapu Lele\n|-supereffective|p2a: Tapu Lele\n|-damage|p2a: Tapu Lele|0 fnt\n|faint|p2a: Tapu Lele\n|\n|upkeep\n|\n|t:|1700941463\n|switch|p2a: Samurott|Samurott-Hisui, M, shiny|100\/100\n|-activate|p2a: Samurott|move: Sticky Web\n|-unboost|p2a: Samurott|spe|1\n|-damage|p2a: Samurott|88\/100|[from] Stealth Rock\n|turn|11\n|\n|t:|1700941480\n|move|p1a: Kommo-o|Close Combat|p2a: Samurott\n|-supereffective|p2a: Samurott\n|-damage|p2a: Samurott|0 fnt\n|-unboost|p1a: Kommo-o|def|1\n|-unboost|p1a: Kommo-o|spd|1\n|faint|p2a: Samurott\n|\n|-fieldend|move: Psychic Terrain\n|upkeep\n|\n|t:|1700941491\n|switch|p2a: Volcarona|Volcarona, M, shiny|100\/100\n|turn|12\n|\n|t:|1700941498\n|switch|p1a: Banette|Banette-Mega, M|52\/100\n|move|p2a: Volcarona|Quiver Dance|p2a: Volcarona\n|-boost|p2a: Volcarona|spa|1\n|-boost|p2a: Volcarona|spd|1\n|-boost|p2a: Volcarona|spe|1\n|\n|upkeep\n|turn|13\n|\n|t:|1700941504\n|move|p1a: Banette|Destiny Bond|p1a: Banette\n|-singlemove|p1a: Banette|Destiny Bond\n|move|p2a: Volcarona|Fiery Dance|p1a: Banette\n|-damage|p1a: Banette|0 fnt\n|-boost|p2a: Volcarona|spa|1\n|faint|p1a: Banette\n|-activate|p1a: Banette|move: Destiny Bond\n|faint|p2a: Volcarona\n|\n|upkeep\n|\n|t:|1700941513\n|switch|p2a: Venusaur|Venusaur, M|100\/100\n|switch|p1a: Kommo-o|Kommo-o, F|100\/100\n|-activate|p2a: Venusaur|move: Sticky Web\n|-unboost|p2a: Venusaur|spe|1\n|-damage|p2a: Venusaur|88\/100|[from] Stealth Rock\n|turn|14\n|\n|t:|1700941523\n|switch|p1a: Serperior|Serperior, M|100\/100\n|detailschange|p2a: Venusaur|Venusaur-Mega, M\n|-mega|p2a: Venusaur|Venusaur|Venusaurite\n|move|p2a: Venusaur|Giga Drain|p1a: Serperior\n|-resisted|p1a: Serperior\n|-damage|p1a: Serperior|81\/100\n|-heal|p2a: Venusaur|96\/100|[from] drain|[of] p1a: Serperior\n|\n|-heal|p1a: Serperior|87\/100|[from] item: Leftovers\n|upkeep\n|turn|15\n|\n|t:|1700941532\n|switch|p1a: Celesteela|Celesteela|100\/100\n|move|p2a: Venusaur|Sludge Bomb|p1a: Celesteela\n|-immune|p1a: Celesteela\n|\n|upkeep\n|turn|16\n|\n|t:|1700941541\n|move|p1a: Celesteela|Air Slash|p2a: Venusaur\n|-supereffective|p2a: Venusaur\n|-damage|p2a: Venusaur|33\/100\n|move|p2a: Venusaur|Leech Seed|p1a: Celesteela\n|-start|p1a: Celesteela|move: Leech Seed\n|\n|-damage|p1a: Celesteela|88\/100|[from] Leech Seed|[of] p2a: Venusaur\n|-heal|p2a: Venusaur|45\/100|[silent]\n|upkeep\n|turn|17\n|\n|t:|1700941548\n|move|p2a: Venusaur|Protect|p2a: Venusaur\n|-singleturn|p2a: Venusaur|Protect\n|move|p1a: Celesteela|Air Slash|p2a: Venusaur\n|-activate|p2a: Venusaur|move: Protect\n|\n|-damage|p1a: Celesteela|76\/100|[from] Leech Seed|[of] p2a: Venusaur\n|-heal|p2a: Venusaur|56\/100|[silent]\n|upkeep\n|turn|18\n|\n|t:|1700941556\n|move|p1a: Celesteela|Air Slash|p2a: Venusaur\n|-supereffective|p2a: Venusaur\n|-damage|p2a: Venusaur|0 fnt\n|faint|p2a: Venusaur\n|-ability|p1a: Celesteela|Beast Boost|boost\n|-boost|p1a: Celesteela|spa|1\n|\n|upkeep\n|c|\u2606Thebestrug|yeah I knew it\n|c|\u2606Thebestrug|Gz\n|\n|t:|1700941563\n|switch|p2a: Aegislash|Aegislash, M, shiny|100\/100\n|-activate|p2a: Aegislash|move: Sticky Web\n|-unboost|p2a: Aegislash|spe|1\n|-damage|p2a: Aegislash|94\/100|[from] Stealth Rock\n|turn|19\n|\n|t:|1700941568\n|switch|p1a: Ting-Lu|Ting-Lu|78\/100\n|-ability|p1a: Ting-Lu|Vessel of Ruin\n|move|p2a: Aegislash|Substitute|p2a: Aegislash\n|-start|p2a: Aegislash|Substitute\n|-damage|p2a: Aegislash|69\/100\n|\n|-heal|p1a: Ting-Lu|84\/100|[from] item: Leftovers\n|-heal|p2a: Aegislash|75\/100|[from] item: Leftovers\n|upkeep\n|turn|20\n|\n|t:|1700941580\n|move|p1a: Ting-Lu|Earthquake|p2a: Aegislash\n|-supereffective|p2a: Aegislash\n|-end|p2a: Aegislash|Substitute\n|-formechange|p2a: Aegislash|Aegislash-Blade||[from] ability: Stance Change\n|move|p2a: Aegislash|Shadow Ball|p1a: Ting-Lu\n|-resisted|p1a: Ting-Lu\n|-damage|p1a: Ting-Lu|72\/100\n|\n|-heal|p1a: Ting-Lu|79\/100|[from] item: Leftovers\n|-heal|p2a: Aegislash|82\/100|[from] item: Leftovers\n|upkeep\n|turn|21\n|c|\u2606Thebestrug|gg popo\n|c|\u2606popo4456|gg\n|\n|t:|1700941598\n|switch|p2a: Goodra|Goodra-Hisui, M, shiny|94\/100 brn\n|-activate|p2a: Goodra|move: Sticky Web\n|-unboost|p2a: Goodra|spe|1\n|-damage|p2a: Goodra|88\/100 brn|[from] Stealth Rock\n|move|p1a: Ting-Lu|Earthquake|p2a: Goodra\n|-supereffective|p2a: Goodra\n|-damage|p2a: Goodra|28\/100 brn\n|\n|-heal|p1a: Ting-Lu|85\/100|[from] item: Leftovers\n|-heal|p2a: Goodra|34\/100 brn|[from] item: Leftovers\n|-damage|p2a: Goodra|28\/100 brn|[from] brn\n|upkeep\n|turn|22\n|c|\u2606Thebestrug|I forgot about all the stuff you do ;-;\n|\n|t:|1700941610\n|move|p1a: Ting-Lu|Earthquake|p2a: Goodra\n|-supereffective|p2a: Goodra\n|-damage|p2a: Goodra|0 fnt\n|faint|p2a: Goodra\n|\n|-heal|p1a: Ting-Lu|91\/100|[from] item: Leftovers\n|upkeep\n|c|\u2606popo4456|:)\n|c|\u2606Thebestrug|Its like I had got all my notes ready for this and yeah\n|c|\u2606Thebestrug|ahhh\n|\n|t:|1700941623\n|switch|p2a: Aegislash|Aegislash, M, shiny|82\/100\n|-activate|p2a: Aegislash|move: Sticky Web\n|-unboost|p2a: Aegislash|spe|1\n|-damage|p2a: Aegislash|75\/100|[from] Stealth Rock\n|turn|23\n|\n|t:|1700941630\n|move|p2a: Aegislash|King's Shield|p2a: Aegislash\n|-singleturn|p2a: Aegislash|Protect\n|move|p1a: Ting-Lu|Earthquake|p2a: Aegislash\n|-activate|p2a: Aegislash|move: Protect\n|\n|-heal|p1a: Ting-Lu|97\/100|[from] item: Leftovers\n|-heal|p2a: Aegislash|82\/100|[from] item: Leftovers\n|upkeep\n|turn|24\n|\n|t:|1700941637\n|move|p1a: Ting-Lu|Earthquake|p2a: Aegislash\n|-supereffective|p2a: Aegislash\n|-damage|p2a: Aegislash|26\/100\n|-formechange|p2a: Aegislash|Aegislash-Blade||[from] ability: Stance Change\n|move|p2a: Aegislash|Shadow Ball|p1a: Ting-Lu\n|-resisted|p1a: Ting-Lu\n|-damage|p1a: Ting-Lu|85\/100\n|\n|-heal|p1a: Ting-Lu|91\/100|[from] item: Leftovers\n|-heal|p2a: Aegislash|32\/100|[from] item: Leftovers\n|upkeep\n|turn|25\n|\n|t:|1700941649\n|-formechange|p2a: Aegislash|Aegislash||[from] ability: Stance Change\n|move|p2a: Aegislash|King's Shield|p2a: Aegislash\n|-singleturn|p2a: Aegislash|Protect\n|move|p1a: Ting-Lu|Earthquake|p2a: Aegislash\n|-activate|p2a: Aegislash|move: Protect\n|\n|-heal|p1a: Ting-Lu|97\/100|[from] item: Leftovers\n|-heal|p2a: Aegislash|38\/100|[from] item: Leftovers\n|upkeep\n|turn|26\n|\n|t:|1700941659\n|move|p2a: Aegislash|King's Shield||[still]\n|-fail|p2a: Aegislash\n|move|p1a: Ting-Lu|Earthquake|p2a: Aegislash\n|-supereffective|p2a: Aegislash\n|-damage|p2a: Aegislash|0 fnt\n|faint|p2a: Aegislash\n|\n|win|popo4456\n|c|\u2606Thebestrug|gg\n|c|\u2606popo4456|gg\n","uploadtime":1700941667,"views":3,"p1id":"popo4456","p2id":"thebestrug","formatid":"gen9nationaldexubers","rating":0,"private":0,"password":""}