{"id":"gen9nationaldexubers-1987980424","p1":"Dragonsbanisher971","p2":"Hultygo","format":"[Gen 9] National Dex Ubers","log":"|j|\u2606Dragonsbanisher971\n|j|\u2606Hultygo\n|t:|1699655519\n|gametype|singles\n|player|p1|Dragonsbanisher971|169|1233\n|player|p2|Hultygo|clown|1268\n|teamsize|p1|6\n|teamsize|p2|6\n|gen|9\n|tier|[Gen 9] National Dex Ubers\n|rated|\n|rule|HP Percentage Mod: HP is shown in percentages\n|rule|Endless Battle Clause: Forcing endless battles is banned\n|rule|OHKO Clause: OHKO moves are banned\n|rule|Evasion Moves Clause: Evasion moves are banned\n|rule|Evasion Items Clause: Evasion items are banned\n|rule|Species Clause: Limit one of each Pok\u00e9mon\n|rule|Sleep Clause Mod: Limit one foe put to sleep\n|rule|Mega Rayquaza Clause: You cannot mega evolve Rayquaza\n|clearpoke\n|poke|p1|Landorus-Therian, M|\n|poke|p1|Walking Wake|\n|poke|p1|Clefable, F|\n|poke|p1|Sneasler, F|\n|poke|p1|Samurott-Hisui, M|\n|poke|p1|Gligar, M|\n|poke|p2|Kyogre|\n|poke|p2|Zacian-*|\n|poke|p2|Marshadow|\n|poke|p2|Espathra, M|\n|poke|p2|Grimmsnarl, M|\n|poke|p2|Blaziken, M|\n|teampreview\n|inactive|Battle timer is ON: inactive players will automatically lose when time's up. (requested by Hultygo)\n|\n|t:|1699655527\n|start\n|switch|p1a: Clefable|Clefable, F|100\/100\n|switch|p2a: Grimmsnarl|Grimmsnarl, M|100\/100\n|turn|1\n|\n|t:|1699655534\n|move|p2a: Grimmsnarl|Taunt|p1a: Clefable\n|-start|p1a: Clefable|move: Taunt\n|cant|p1a: Clefable|move: Taunt|Stealth Rock\n|\n|upkeep\n|turn|2\n|\n|t:|1699655542\n|switch|p1a: Gligar|Gligar, M, shiny|100\/100\n|move|p2a: Grimmsnarl|Light Screen|p2a: Grimmsnarl\n|-sidestart|p2: Hultygo|move: Light Screen\n|\n|upkeep\n|turn|3\n|\n|t:|1699655548\n|move|p2a: Grimmsnarl|Reflect|p2a: Grimmsnarl\n|-sidestart|p2: Hultygo|Reflect\n|move|p1a: Gligar|Toxic|p2a: Grimmsnarl\n|-status|p2a: Grimmsnarl|tox\n|\n|-damage|p2a: Grimmsnarl|94\/100 tox|[from] psn\n|upkeep\n|turn|4\n|\n|t:|1699655556\n|switch|p2a: Blaziken|Blaziken, M|100\/100\n|move|p1a: Gligar|Spikes|p2a: Blaziken\n|-sidestart|p2: Hultygo|Spikes\n|\n|upkeep\n|turn|5\n|\n|t:|1699655562\n|move|p2a: Blaziken|Swords Dance|p2a: Blaziken\n|-boost|p2a: Blaziken|atk|2\n|move|p1a: Gligar|Spikes|p2a: Blaziken\n|-sidestart|p2: Hultygo|Spikes\n|\n|-ability|p2a: Blaziken|Speed Boost|boost\n|-boost|p2a: Blaziken|spe|1\n|upkeep\n|turn|6\n|\n|t:|1699655572\n|detailschange|p2a: Blaziken|Blaziken-Mega, M\n|-mega|p2a: Blaziken|Blaziken|Blazikenite\n|move|p2a: Blaziken|Swords Dance|p2a: Blaziken\n|-boost|p2a: Blaziken|atk|2\n|move|p1a: Gligar|Earthquake|p2a: Blaziken\n|-supereffective|p2a: Blaziken\n|-damage|p2a: Blaziken|66\/100\n|\n|-ability|p2a: Blaziken|Speed Boost|boost\n|-boost|p2a: Blaziken|spe|1\n|upkeep\n|turn|7\n|\n|t:|1699655582\n|move|p2a: Blaziken|Stone Edge|p1a: Gligar\n|-damage|p1a: Gligar|39\/100\n|move|p1a: Gligar|Toxic|p2a: Blaziken\n|-status|p2a: Blaziken|tox\n|\n|-damage|p2a: Blaziken|60\/100 tox|[from] psn\n|-ability|p2a: Blaziken|Speed Boost|boost\n|-boost|p2a: Blaziken|spe|1\n|upkeep\n|turn|8\n|\n|t:|1699655593\n|move|p2a: Blaziken|Stone Edge|p1a: Gligar\n|-crit|p1a: Gligar\n|-damage|p1a: Gligar|0 fnt\n|faint|p1a: Gligar\n|\n|-damage|p2a: Blaziken|48\/100 tox|[from] psn\n|-ability|p2a: Blaziken|Speed Boost|boost\n|-boost|p2a: Blaziken|spe|1\n|upkeep\n|\n|t:|1699655602\n|switch|p1a: Clefable|Clefable, F|100\/100\n|turn|9\n|\n|t:|1699655608\n|move|p2a: Blaziken|Low Kick|p1a: Clefable\n|-resisted|p1a: Clefable\n|-damage|p1a: Clefable|86\/100\n|move|p1a: Clefable|Stealth Rock|p2a: Blaziken\n|-sidestart|p2: Hultygo|move: Stealth Rock\n|\n|-heal|p1a: Clefable|92\/100|[from] item: Leftovers\n|-damage|p2a: Blaziken|30\/100 tox|[from] psn\n|-sideend|p2: Hultygo|move: Light Screen\n|-ability|p2a: Blaziken|Speed Boost|boost\n|-boost|p2a: Blaziken|spe|1\n|upkeep\n|turn|10\n|\n|t:|1699655620\n|move|p2a: Blaziken|Flare Blitz|p1a: Clefable\n|-damage|p1a: Clefable|36\/100\n|-damage|p2a: Blaziken|6\/100 tox|[from] Recoil\n|move|p1a: Clefable|Draining Kiss|p2a: Blaziken\n|-damage|p2a: Blaziken|0 fnt\n|-heal|p1a: Clefable|39\/100|[from] drain|[of] p2a: Blaziken\n|faint|p2a: Blaziken\n|\n|-heal|p1a: Clefable|45\/100|[from] item: Leftovers\n|-sideend|p2: Hultygo|Reflect\n|upkeep\n|\n|t:|1699655630\n|switch|p2a: Marshadow|Marshadow|100\/100\n|-damage|p2a: Marshadow|84\/100|[from] Spikes\n|-damage|p2a: Marshadow|78\/100|[from] Stealth Rock\n|turn|11\n|\n|t:|1699655643\n|move|p2a: Marshadow|Spectral Thief|p1a: Clefable\n|-crit|p1a: Clefable\n|-damage|p1a: Clefable|0 fnt\n|faint|p1a: Clefable\n|\n|upkeep\n|\n|t:|1699655650\n|switch|p1a: Samurott|Samurott-Hisui, M, shiny|100\/100\n|turn|12\n|\n|t:|1699655657\n|-terastallize|p1a: Samurott|Ghost\n|move|p2a: Marshadow|Rock Tomb|p1a: Samurott\n|-damage|p1a: Samurott|56\/100\n|-unboost|p1a: Samurott|spe|1\n|move|p1a: Samurott|Air Slash|p2a: Marshadow\n|-supereffective|p2a: Marshadow\n|-damage|p2a: Marshadow|0 fnt\n|faint|p2a: Marshadow\n|\n|upkeep\n|\n|t:|1699655669\n|switch|p2a: Kyogre|Kyogre, shiny|100\/100\n|-damage|p2a: Kyogre|84\/100|[from] Spikes\n|-damage|p2a: Kyogre|72\/100|[from] Stealth Rock\n|detailschange|p2a: Kyogre|Kyogre-Primal, shiny\n|-primal|p2a: Kyogre|Blue Orb\n|-weather|PrimordialSea|[from] ability: Primordial Sea|[of] p2a: Kyogre\n|turn|13\n|\n|t:|1699655680\n|switch|p1a: Walking Wake|Walking Wake|100\/100\n|-enditem|p1a: Walking Wake|Booster Energy\n|-activate|p1a: Walking Wake|ability: Protosynthesis|[fromitem]\n|-start|p1a: Walking Wake|protosynthesisspe\n|move|p2a: Kyogre|Ice Beam|p1a: Walking Wake\n|-damage|p1a: Walking Wake|50\/100\n|\n|-weather|PrimordialSea|[upkeep]\n|upkeep\n|turn|14\n|\n|t:|1699655691\n|move|p1a: Walking Wake|Draco Meteor|p2a: Kyogre\n|-damage|p2a: Kyogre|27\/100\n|-unboost|p1a: Walking Wake|spa|2\n|move|p2a: Kyogre|Thunder|p1a: Walking Wake\n|-damage|p1a: Walking Wake|0 fnt\n|faint|p1a: Walking Wake\n|-end|p1a: Walking Wake|Protosynthesis|[silent]\n|\n|-weather|PrimordialSea|[upkeep]\n|upkeep\n|\n|t:|1699655703\n|switch|p1a: Sneasler|Sneasler, F|100\/100\n|turn|15\n|\n|t:|1699655708\n|move|p1a: Sneasler|Close Combat|p2a: Kyogre\n|-damage|p2a: Kyogre|0 fnt\n|-unboost|p1a: Sneasler|def|1\n|-unboost|p1a: Sneasler|spd|1\n|faint|p2a: Kyogre\n|-weather|none\n|\n|upkeep\n|\n|t:|1699655712\n|switch|p2a: Grimmsnarl|Grimmsnarl, M|94\/100 tox\n|-damage|p2a: Grimmsnarl|78\/100 tox|[from] Spikes\n|-damage|p2a: Grimmsnarl|65\/100 tox|[from] Stealth Rock\n|turn|16\n|\n|t:|1699655729\n|move|p2a: Grimmsnarl|Light Screen|p2a: Grimmsnarl\n|-sidestart|p2: Hultygo|move: Light Screen\n|move|p1a: Sneasler|Swords Dance|p1a: Sneasler\n|-boost|p1a: Sneasler|atk|2\n|\n|-damage|p2a: Grimmsnarl|59\/100 tox|[from] psn\n|upkeep\n|turn|17\n|\n|t:|1699655736\n|move|p2a: Grimmsnarl|Taunt|p1a: Sneasler\n|-start|p1a: Sneasler|move: Taunt\n|move|p1a: Sneasler|Dire Claw|p2a: Grimmsnarl\n|-supereffective|p2a: Grimmsnarl\n|-damage|p2a: Grimmsnarl|0 fnt\n|faint|p2a: Grimmsnarl\n|\n|upkeep\n|\n|t:|1699655742\n|switch|p2a: Espathra|Espathra, M|100\/100\n|-damage|p2a: Espathra|84\/100|[from] Spikes\n|-damage|p2a: Espathra|72\/100|[from] Stealth Rock\n|turn|18\n|\n|t:|1699655753\n|move|p1a: Sneasler|Dire Claw|p2a: Espathra\n|-damage|p2a: Espathra|0 fnt\n|faint|p2a: Espathra\n|\n|upkeep\n|\n|t:|1699655757\n|switch|p2a: Zacian|Zacian-Crowned|100\/100\n|-damage|p2a: Zacian|84\/100|[from] Spikes\n|-damage|p2a: Zacian|78\/100|[from] Stealth Rock\n|-ability|p2a: Zacian|Intrepid Sword|boost\n|-boost|p2a: Zacian|atk|1\n|turn|19\n|\n|t:|1699655766\n|-terastallize|p2a: Zacian|Fighting\n|move|p2a: Zacian|Behemoth Blade|p1a: Sneasler\n|-enditem|p1a: Sneasler|Focus Sash\n|-damage|p1a: Sneasler|1\/100\n|move|p1a: Sneasler|Acrobatics|p2a: Zacian\n|-supereffective|p2a: Zacian\n|-damage|p2a: Zacian|0 fnt\n|faint|p2a: Zacian\n|\n|win|Dragonsbanisher971\n|raw|Dragonsbanisher971's rating: 1233 &rarr; <strong>1261<\/strong><br \/>(+28 for winning)\n|raw|Hultygo's rating: 1268 &rarr; <strong>1240<\/strong><br \/>(-28 for losing)\n|l|\u2606Hultygo\n","uploadtime":1699655789,"views":6,"p1id":"dragonsbanisher971","p2id":"hultygo","formatid":"gen9nationaldexubers","rating":1240,"private":0,"password":""}