{"id":"gen9nationaldexubers-1989058196","p1":"Malice Incarnate","p2":"SkillzBP","format":"[Gen 9] National Dex Ubers","log":"|j|\u2606Malice Incarnate\n|j|\u2606SkillzBP\n|t:|1699807538\n|gametype|singles\n|player|p1|Malice Incarnate|palmer|\n|player|p2|SkillzBP|hau|\n|teamsize|p1|6\n|teamsize|p2|6\n|gen|9\n|tier|[Gen 9] National Dex Ubers\n|rule|HP Percentage Mod: HP is shown in percentages\n|rule|Endless Battle Clause: Forcing endless battles is banned\n|rule|OHKO Clause: OHKO moves are banned\n|rule|Evasion Moves Clause: Evasion moves are banned\n|rule|Evasion Items Clause: Evasion items are banned\n|rule|Species Clause: Limit one of each Pok\u00e9mon\n|rule|Sleep Clause Mod: Limit one foe put to sleep\n|rule|Mega Rayquaza Clause: You cannot mega evolve Rayquaza\n|clearpoke\n|poke|p1|Scizor, M|\n|poke|p1|Landorus-Therian, M|\n|poke|p1|Greninja-*, M|\n|poke|p1|Corviknight, M|\n|poke|p1|Blissey, F|\n|poke|p1|Conkeldurr, F|\n|poke|p2|Kyogre|\n|poke|p2|Slowbro, M|\n|poke|p2|Urshifu-*, F|\n|poke|p2|Palkia-Origin|\n|poke|p2|Crawdaunt, M|\n|poke|p2|Swampert, F|\n|teampreview\n|inactive|Battle timer is ON: inactive players will automatically lose when time's up. (requested by Malice Incarnate)\n|inactive|SkillzBP also wants the timer to be on.\n|inactive|Malice Incarnate has 270 seconds left.\n|\n|t:|1699807576\n|start\n|switch|p1a: Honkeldurr|Conkeldurr, F|100\/100\n|switch|p2a: Kyogre|Kyogre|100\/100\n|-weather|RainDance|[from] ability: Drizzle|[of] p2a: Kyogre\n|turn|1\n|\n|t:|1699807586\n|switch|p1a: Fat Fuck Friday|Blissey, F|100\/100\n|move|p2a: Kyogre|Water Spout|p1a: Fat Fuck Friday\n|-damage|p1a: Fat Fuck Friday|52\/100\n|\n|-weather|RainDance|[upkeep]\n|upkeep\n|turn|2\n|c|\u2606SkillzBP|I FORGOT NAMES\n|\n|t:|1699807604\n|switch|p2a: Dwayne Johnson|Swampert, F|100\/100\n|move|p1a: Fat Fuck Friday|Soft-Boiled|p1a: Fat Fuck Friday\n|-heal|p1a: Fat Fuck Friday|100\/100\n|\n|-weather|RainDance|[upkeep]\n|upkeep\n|turn|3\n|c|\u2606Malice Incarnate|gotta forfeit then\n|c|\u2606Malice Incarnate|sorry\n|\n|t:|1699807614\n|switch|p1a: Tinkatrouble|Corviknight, M|100\/100\n|-ability|p1a: Tinkatrouble|Pressure\n|detailschange|p2a: Dwayne Johnson|Swampert-Mega, F\n|-mega|p2a: Dwayne Johnson|Swampert|Swampertite\n|move|p2a: Dwayne Johnson|Liquidation|p1a: Tinkatrouble\n|-damage|p1a: Tinkatrouble|47\/100\n|-damage|p2a: Dwayne Johnson|84\/100|[from] item: Rocky Helmet|[of] p1a: Tinkatrouble\n|\n|-weather|RainDance|[upkeep]\n|upkeep\n|turn|4\n|\n|t:|1699807618\n|-terastallize|p1a: Tinkatrouble|Dragon\n|move|p2a: Dwayne Johnson|Liquidation|p1a: Tinkatrouble\n|-resisted|p1a: Tinkatrouble\n|-damage|p1a: Tinkatrouble|19\/100\n|-unboost|p1a: Tinkatrouble|def|1\n|-damage|p2a: Dwayne Johnson|68\/100|[from] item: Rocky Helmet|[of] p1a: Tinkatrouble\n|move|p1a: Tinkatrouble|Roost|p1a: Tinkatrouble\n|-heal|p1a: Tinkatrouble|69\/100\n|\n|-weather|RainDance|[upkeep]\n|upkeep\n|turn|5\n|\n|t:|1699807624\n|move|p2a: Dwayne Johnson|Ice Punch|p1a: Tinkatrouble\n|-supereffective|p1a: Tinkatrouble\n|-damage|p1a: Tinkatrouble|8\/100\n|-damage|p2a: Dwayne Johnson|51\/100|[from] item: Rocky Helmet|[of] p1a: Tinkatrouble\n|move|p1a: Tinkatrouble|U-turn|p2a: Dwayne Johnson\n|-damage|p2a: Dwayne Johnson|38\/100\n|\n|t:|1699807630\n|switch|p1a: Faberge|Scizor, M|100\/100|[from] U-turn\n|\n|-weather|none\n|upkeep\n|turn|6\n|\n|t:|1699807636\n|switch|p2a: Single mother of 2|Slowbro, M|100\/100\n|detailschange|p1a: Faberge|Scizor-Mega, M\n|-mega|p1a: Faberge|Scizor|Scizorite\n|move|p1a: Faberge|U-turn|p2a: Single mother of 2\n|-supereffective|p2a: Single mother of 2\n|-damage|p2a: Single mother of 2|59\/100\n|-damage|p1a: Faberge|84\/100|[from] item: Rocky Helmet|[of] p2a: Single mother of 2\n|\n|t:|1699807643\n|switch|p1a: Honkeldurr|Conkeldurr, F|100\/100|[from] U-turn\n|\n|-status|p1a: Honkeldurr|brn|[from] item: Flame Orb\n|upkeep\n|turn|7\n|\n|t:|1699807650\n|move|p1a: Honkeldurr|Knock Off|p2a: Single mother of 2\n|-supereffective|p2a: Single mother of 2\n|-damage|p2a: Single mother of 2|0 fnt\n|-damage|p1a: Honkeldurr|84\/100 brn|[from] item: Rocky Helmet|[of] p2a: Single mother of 2\n|-enditem|p2a: Single mother of 2|Rocky Helmet|[from] move: Knock Off|[of] p1a: Honkeldurr\n|faint|p2a: Single mother of 2\n|\n|-damage|p1a: Honkeldurr|78\/100 brn|[from] brn\n|upkeep\n|\n|t:|1699807658\n|switch|p2a: Kyogre|Kyogre|100\/100\n|-weather|RainDance|[from] ability: Drizzle|[of] p2a: Kyogre\n|turn|8\n|\n|t:|1699807669\n|switch|p2a: Dwayne Johnson|Swampert-Mega, F|38\/100\n|switch|p1a: Tinkatrouble|Corviknight, M, tera:Dragon|8\/100\n|-ability|p1a: Tinkatrouble|Pressure\n|\n|-weather|RainDance|[upkeep]\n|upkeep\n|turn|9\n|\n|t:|1699807672\n|move|p2a: Dwayne Johnson|Flip Turn|p1a: Tinkatrouble\n|-resisted|p1a: Tinkatrouble\n|-damage|p1a: Tinkatrouble|0 fnt\n|-damage|p2a: Dwayne Johnson|22\/100|[from] item: Rocky Helmet|[of] p1a: Tinkatrouble\n|faint|p1a: Tinkatrouble\n|\n|t:|1699807684\n|switch|p2a: bear(?)|Urshifu-Rapid-Strike, F|100\/100|[from] Flip Turn\n|\n|-weather|RainDance|[upkeep]\n|upkeep\n|\n|t:|1699807692\n|switch|p1a: Faberge|Scizor-Mega, M|84\/100\n|turn|10\n|\n|t:|1699807702\n|move|p2a: bear(?)|Surging Strikes|p1a: Faberge\n|-crit|p1a: Faberge\n|-damage|p1a: Faberge|65\/100\n|-crit|p1a: Faberge\n|-damage|p1a: Faberge|46\/100\n|-crit|p1a: Faberge\n|-damage|p1a: Faberge|28\/100\n|-hitcount|p1a: Faberge|3\n|move|p1a: Faberge|Sunny Day|p1a: Faberge\n|-weather|SunnyDay\n|\n|-weather|SunnyDay|[upkeep]\n|upkeep\n|turn|11\n|c|\u2606SkillzBP|WHAT\n|c|\u2606Malice Incarnate|we cook\n|c|\u2606SkillzBP|this is some insane anti-rain tech LMAOO\n|inactive|SkillzBP has 270 seconds left.\n|c|\u2606SkillzBP|that's actually so funny bcs i don't even think surging strikes kills anymore\n|\n|t:|1699807752\n|switch|p2a: Kyogre|Kyogre|100\/100\n|-weather|RainDance|[from] ability: Drizzle|[of] p2a: Kyogre\n|move|p1a: Faberge|Roost|p1a: Faberge\n|-heal|p1a: Faberge|79\/100\n|-singleturn|p1a: Faberge|move: Roost\n|\n|-weather|RainDance|[upkeep]\n|upkeep\n|turn|12\n|c|\u2606Malice Incarnate|we cook\n|\n|t:|1699807767\n|switch|p1a: Fat Fuck Friday|Blissey, F|100\/100\n|move|p2a: Kyogre|Water Spout|p1a: Fat Fuck Friday\n|-damage|p1a: Fat Fuck Friday|56\/100\n|\n|-weather|RainDance|[upkeep]\n|upkeep\n|turn|13\n|\n|t:|1699807778\n|move|p2a: Kyogre|Water Spout|p1a: Fat Fuck Friday\n|-damage|p1a: Fat Fuck Friday|5\/100\n|move|p1a: Fat Fuck Friday|Seismic Toss|p2a: Kyogre\n|-damage|p2a: Kyogre|71\/100\n|\n|-weather|RainDance|[upkeep]\n|-heal|p2a: Kyogre|77\/100|[from] item: Leftovers\n|upkeep\n|turn|14\n|\n|t:|1699807783\n|move|p2a: Kyogre|Ice Beam|p1a: Fat Fuck Friday\n|-damage|p1a: Fat Fuck Friday|0 fnt\n|faint|p1a: Fat Fuck Friday\n|\n|-weather|RainDance|[upkeep]\n|-heal|p2a: Kyogre|83\/100|[from] item: Leftovers\n|upkeep\n|\n|t:|1699807789\n|switch|p1a: Amphinobi|Greninja, M|100\/100\n|turn|15\n|\n|t:|1699807794\n|move|p1a: Amphinobi|Grass Knot|p2a: Kyogre\n|-supereffective|p2a: Kyogre\n|-damage|p2a: Kyogre|11\/100\n|-damage|p1a: Amphinobi|91\/100|[from] item: Life Orb\n|move|p2a: Kyogre|Thunder|p1a: Amphinobi\n|-supereffective|p1a: Amphinobi\n|-damage|p1a: Amphinobi|0 fnt\n|faint|p1a: Amphinobi\n|\n|-weather|none\n|-heal|p2a: Kyogre|17\/100|[from] item: Leftovers\n|upkeep\n|c|\u2606Malice Incarnate|bryh\n|c|\u2606Malice Incarnate|how did that not KO\n|\n|t:|1699807813\n|switch|p1a: Faberge|Scizor-Mega, M|79\/100\n|turn|16\n|c|\u2606SkillzBP|these sets got me perplexed got damn\n|\n|t:|1699807827\n|switch|p2a: That crab I hate|Crawdaunt, M|100\/100\n|move|p1a: Faberge|Sunny Day|p1a: Faberge\n|-weather|SunnyDay\n|\n|-weather|SunnyDay|[upkeep]\n|upkeep\n|turn|17\n|c|\u2606Malice Incarnate|how dare you hate the agency\n|\n|t:|1699807842\n|move|p2a: That crab I hate|Knock Off|p1a: Faberge\n|-damage|p1a: Faberge|44\/100\n|-damage|p2a: That crab I hate|91\/100|[from] item: Life Orb\n|move|p1a: Faberge|U-turn|p2a: That crab I hate\n|-supereffective|p2a: That crab I hate\n|-damage|p2a: That crab I hate|0 fnt\n|faint|p2a: That crab I hate\n|\n|t:|1699807849\n|switch|p1a: Honkeldurr|Conkeldurr, F|78\/100 brn|[from] U-turn\n|\n|-weather|SunnyDay|[upkeep]\n|-damage|p1a: Honkeldurr|72\/100 brn|[from] brn\n|upkeep\n|c|\u2606Malice Incarnate|honkeldurr\n|\n|t:|1699807855\n|switch|p2a: Palkia|Palkia-Origin|100\/100\n|-ability|p2a: Palkia|Pressure\n|turn|18\n|\n|t:|1699807858\n|move|p2a: Palkia|Draco Meteor|p1a: Honkeldurr|[miss]\n|-miss|p2a: Palkia|p1a: Honkeldurr\n|move|p1a: Honkeldurr|Close Combat|p2a: Palkia\n|-damage|p2a: Palkia|0 fnt\n|-unboost|p1a: Honkeldurr|def|1\n|-unboost|p1a: Honkeldurr|spd|1\n|faint|p2a: Palkia\n|\n|-weather|SunnyDay|[upkeep]\n|-damage|p1a: Honkeldurr|66\/100 brn|[from] brn\n|upkeep\n|c|\u2606Malice Incarnate|we have a chance\n|c|\u2606SkillzBP|yo this thing is some ass\n|c|\u2606Malice Incarnate|you missed 1 move\n|inactive|SkillzBP has 270 seconds left.\n|c|\u2606SkillzBP|yeah and that was it's first move\n|c|\u2606SkillzBP|firing palkia from the team\n|\n|t:|1699807895\n|switch|p2a: bear(?)|Urshifu-Rapid-Strike, F|100\/100\n|turn|19\n|\n|t:|1699807906\n|switch|p1a: UUBL|Landorus-Therian, M|100\/100\n|-ability|p1a: UUBL|Intimidate|boost\n|-unboost|p2a: bear(?)|atk|1\n|move|p2a: bear(?)|U-turn|p1a: UUBL\n|-resisted|p1a: UUBL\n|-damage|p1a: UUBL|90\/100\n|\n|t:|1699807909\n|switch|p2a: Kyogre|Kyogre|17\/100|[from] U-turn\n|-weather|RainDance|[from] ability: Drizzle|[of] p2a: Kyogre\n|\n|-weather|RainDance|[upkeep]\n|-heal|p2a: Kyogre|23\/100|[from] item: Leftovers\n|upkeep\n|turn|20\n|inactive|SkillzBP has 270 seconds left.\n|\n|t:|1699807918\n|move|p1a: UUBL|Earthquake|p2a: Kyogre\n|-crit|p2a: Kyogre\n|-damage|p2a: Kyogre|0 fnt\n|faint|p2a: Kyogre\n|\n|-weather|RainDance|[upkeep]\n|upkeep\n|inactive|SkillzBP has 270 seconds left.\n|\n|t:|1699807924\n|switch|p2a: bear(?)|Urshifu-Rapid-Strike, F|100\/100\n|turn|21\n|\n|t:|1699807927\n|move|p2a: bear(?)|Surging Strikes|p1a: UUBL\n|-supereffective|p1a: UUBL\n|-crit|p1a: UUBL\n|-damage|p1a: UUBL|14\/100\n|-supereffective|p1a: UUBL\n|-crit|p1a: UUBL\n|-damage|p1a: UUBL|0 fnt\n|faint|p1a: UUBL\n|-hitcount|p1: UUBL|2\n|\n|-weather|RainDance|[upkeep]\n|upkeep\n|\n|t:|1699807931\n|switch|p1a: Faberge|Scizor-Mega, M|44\/100\n|turn|22\n|\n|t:|1699807933\n|move|p2a: bear(?)|Surging Strikes|p1a: Faberge\n|-crit|p1a: Faberge\n|-damage|p1a: Faberge|25\/100\n|-crit|p1a: Faberge\n|-damage|p1a: Faberge|7\/100\n|-crit|p1a: Faberge\n|-damage|p1a: Faberge|0 fnt\n|faint|p1a: Faberge\n|-hitcount|p1: Faberge|3\n|\n|-weather|RainDance|[upkeep]\n|upkeep\n|\n|t:|1699807937\n|switch|p1a: Honkeldurr|Conkeldurr, F|66\/100 brn\n|turn|23\n|\n|t:|1699807939\n|move|p2a: bear(?)|Surging Strikes|p1a: Honkeldurr\n|-crit|p1a: Honkeldurr\n|-damage|p1a: Honkeldurr|39\/100 brn\n|-crit|p1a: Honkeldurr\n|-damage|p1a: Honkeldurr|15\/100 brn\n|-crit|p1a: Honkeldurr\n|-damage|p1a: Honkeldurr|0 fnt\n|faint|p1a: Honkeldurr\n|-hitcount|p1: Honkeldurr|3\n|\n|win|SkillzBP\n|c|\u2606SkillzBP|gg\n|c|\u2606Malice Incarnate|dang, gg\n|l|\u2606Malice Incarnate\n|j|\u2606Malice Incarnate\n|player|p1|Malice Incarnate|palmer\n","uploadtime":1699807949,"views":32,"p1id":"maliceincarnate","p2id":"skillzbp","formatid":"gen9nationaldexubers","rating":0,"private":0,"password":""}