{"id":"gen9nationaldexubers-1979679311","p1":"Binso","p2":"PabloOak","format":"[Gen 9] National Dex Ubers","log":"|j|\u2606Binso\n|j|\u2606PabloOak\n|t:|1698702575\n|gametype|singles\n|player|p1|Binso|ruinmaniac|\n|player|p2|PabloOak|265|\n|teamsize|p1|6\n|teamsize|p2|6\n|gen|9\n|tier|[Gen 9] National Dex Ubers\n|rule|HP Percentage Mod: HP is shown in percentages\n|rule|Endless Battle Clause: Forcing endless battles is banned\n|rule|OHKO Clause: OHKO moves are banned\n|rule|Evasion Moves Clause: Evasion moves are banned\n|rule|Evasion Items Clause: Evasion items are banned\n|rule|Species Clause: Limit one of each Pok\u00e9mon\n|rule|Sleep Clause Mod: Limit one foe put to sleep\n|rule|Mega Rayquaza Clause: You cannot mega evolve Rayquaza\n|clearpoke\n|poke|p1|Darmanitan-Galar, M|\n|poke|p1|Froslass, F|\n|poke|p1|Regice|\n|poke|p1|Bellibolt, M|\n|poke|p1|Vanilluxe, F|\n|poke|p1|Rotom-Wash|\n|poke|p2|Metagross|\n|poke|p2|Indeedee-F, F|\n|poke|p2|Ursaluna-Bloodmoon, M|\n|poke|p2|Slowking-Galar, M|\n|poke|p2|Tauros, M|\n|poke|p2|Gallade, M|\n|teampreview\n|c|\u2606Binso|Vamos a dar un minutillo\n|c|\u2606Binso|Y le damos\n|c|\u2606Binso|Pero vamos tiene pinta que no se meter\u00e1 nadie\n|c|\u2606PabloOak|q triste\n|c|\u2606PabloOak|es lo q hay\n|j| JOACHULO\n|c|\u2606Binso|Ya jajaja\n|c|\u2606Binso|Luego ver\u00e1n la repe\n|j| Jevyan\n|c|\u2606Binso|Le damos ?\n|c|\u2606PabloOak|les go\n|j| danielbeast45\n|\n|t:|1698702726\n|start\n|switch|p1a: Shawn Frost|Vanilluxe, F|100\/100\n|switch|p2a: Pepe|Slowking-Galar, M|100\/100\n|-weather|Snow|[from] ability: Snow Warning|[of] p1a: Shawn Frost\n|turn|1\n|\n|t:|1698702741\n|move|p1a: Shawn Frost|Aurora Veil|p1a: Shawn Frost\n|-sidestart|p1: Binso|move: Aurora Veil\n|move|p2a: Pepe|Flamethrower|p1a: Shawn Frost\n|-supereffective|p1a: Shawn Frost\n|-crit|p1a: Shawn Frost\n|-damage|p1a: Shawn Frost|29\/100\n|\n|-weather|Snow|[upkeep]\n|upkeep\n|turn|2\n|c| danielbeast45|co,o\u00e7\n|c| danielbeast45|ya empezamos jajsjasa\n|\n|t:|1698702795\n|switch|p1a: Obelix|Darmanitan-Galar, M|100\/100\n|move|p2a: Pepe|Flamethrower|p1a: Obelix\n|-supereffective|p1a: Obelix\n|-damage|p1a: Obelix|65\/100\n|\n|-weather|Snow|[upkeep]\n|upkeep\n|turn|3\n|\n|t:|1698702818\n|switch|p2a: S\u00faper Fascista|Tauros, M|100\/100\n|-ability|p2a: S\u00faper Fascista|Intimidate|boost\n|-unboost|p1a: Obelix|atk|1\n|move|p1a: Obelix|U-turn|p2a: S\u00faper Fascista\n|-damage|p2a: S\u00faper Fascista|71\/100\n|\n|t:|1698702828\n|switch|p1a: Iv\u00e1n KBRON|Froslass, F|100\/100|[from] U-turn\n|\n|-weather|Snow|[upkeep]\n|upkeep\n|turn|4\n|c| JOACHULO|Buena\n|\n|t:|1698702844\n|switch|p2a: Pepe|Slowking-Galar, M|100\/100\n|move|p1a: Iv\u00e1n KBRON|Spikes|p2a: Pepe\n|-sidestart|p2: PabloOak|Spikes\n|\n|-weather|Snow|[upkeep]\n|upkeep\n|turn|5\n|c| danielbeast45|ojo\n|\n|t:|1698702856\n|move|p1a: Iv\u00e1n KBRON|Shadow Ball|p2a: Pepe\n|-supereffective|p2a: Pepe\n|-damage|p2a: Pepe|73\/100\n|move|p2a: Pepe|Flamethrower|p1a: Iv\u00e1n KBRON\n|-supereffective|p1a: Iv\u00e1n KBRON\n|-damage|p1a: Iv\u00e1n KBRON|67\/100\n|\n|-weather|none\n|upkeep\n|turn|6\n|j| alexmp45\n|\n|t:|1698702887\n|switch|p1a: Choji|Bellibolt, M, shiny|100\/100\n|move|p2a: Pepe|Flamethrower|p1a: Choji\n|-crit|p1a: Choji\n|-damage|p1a: Choji|75\/100\n|-start|p1a: Choji|Charge|Flamethrower|[from] ability: Electromorphosis\n|\n|upkeep\n|turn|7\n|\n|t:|1698702922\n|move|p2a: Pepe|Expanding Force|p1a: Choji\n|-damage|p1a: Choji|64\/100\n|-start|p1a: Choji|Charge|Expanding Force|[from] ability: Electromorphosis\n|move|p1a: Choji|Light Screen|p1a: Choji\n|-sidestart|p1: Binso|move: Light Screen\n|\n|upkeep\n|turn|8\n|c| JOACHULO|C\u00f3mo?\n|c| JOACHULO|Que sacada\n|\n|t:|1698702951\n|switch|p2a: Pibe Calladito|Ursaluna-Bloodmoon, M|100\/100\n|-damage|p2a: Pibe Calladito|88\/100|[from] Spikes\n|move|p1a: Choji|Soak|p2a: Pibe Calladito\n|-start|p2a: Pibe Calladito|typechange|Water\n|\n|-sideend|p1: Binso|move: Aurora Veil\n|upkeep\n|turn|9\n|c| Jevyan|Sacadon.\n|\n|t:|1698702969\n|switch|p2a: Pepe|Slowking-Galar, M|100\/100\n|-damage|p2a: Pepe|88\/100|[from] Spikes\n|move|p1a: Choji|Parabolic Charge|p2a: Pepe\n|-damage|p2a: Pepe|68\/100\n|-heal|p1a: Choji|74\/100|[from] drain|[of] p2a: Pepe\n|-end|p1a: Choji|Charge|[silent]\n|\n|upkeep\n|turn|10\n|\n|t:|1698702982\n|move|p2a: Pepe|Scald|p1a: Choji\n|-damage|p1a: Choji|67\/100\n|-status|p1a: Choji|brn\n|-start|p1a: Choji|Charge|Scald|[from] ability: Electromorphosis\n|move|p1a: Choji|Slack Off|p1a: Choji\n|-heal|p1a: Choji|100\/100 brn\n|\n|-damage|p1a: Choji|94\/100 brn|[from] brn\n|upkeep\n|turn|11\n|\n|t:|1698702998\n|switch|p2a: Pibe Calladito|Ursaluna-Bloodmoon, M|88\/100\n|-damage|p2a: Pibe Calladito|76\/100|[from] Spikes\n|move|p1a: Choji|Light Screen||[still]\n|-fail|p1a: Choji\n|\n|-damage|p1a: Choji|88\/100 brn|[from] brn\n|-sideend|p1: Binso|move: Light Screen\n|upkeep\n|turn|12\n|\n|t:|1698703017\n|-terastallize|p1a: Choji|Flying\n|move|p2a: Pibe Calladito|Earth Power|p1a: Choji\n|-immune|p1a: Choji\n|move|p1a: Choji|Soak|p2a: Pibe Calladito\n|-start|p2a: Pibe Calladito|typechange|Water\n|\n|-damage|p1a: Choji|82\/100 brn|[from] brn\n|upkeep\n|turn|13\n|c| JOACHULO|Dios\n|\n|t:|1698703027\n|switch|p2a: Pepe|Slowking-Galar, M|100\/100\n|-damage|p2a: Pepe|88\/100|[from] Spikes\n|move|p1a: Choji|Light Screen|p1a: Choji\n|-sidestart|p1: Binso|move: Light Screen\n|\n|-damage|p1a: Choji|76\/100 brn|[from] brn\n|upkeep\n|turn|14\n|c| JOACHULO|Binso est\u00e1 cachondo\n|\n|t:|1698703039\n|move|p2a: Pepe|Ice Beam|p1a: Choji\n|-supereffective|p1a: Choji\n|-damage|p1a: Choji|60\/100 brn\n|-start|p1a: Choji|Charge|Ice Beam|[from] ability: Electromorphosis\n|move|p1a: Choji|Slack Off|p1a: Choji\n|-heal|p1a: Choji|100\/100 brn\n|\n|-damage|p1a: Choji|94\/100 brn|[from] brn\n|upkeep\n|turn|15\n|\n|t:|1698703047\n|move|p2a: Pepe|Ice Beam|p1a: Choji\n|-supereffective|p1a: Choji\n|-damage|p1a: Choji|78\/100 brn\n|-start|p1a: Choji|Charge|Ice Beam|[from] ability: Electromorphosis\n|move|p1a: Choji|Soak|p2a: Pepe\n|-start|p2a: Pepe|typechange|Water\n|\n|-damage|p1a: Choji|71\/100 brn|[from] brn\n|upkeep\n|turn|16\n|\n|t:|1698703064\n|switch|p2a: Pibe Calladito|Ursaluna-Bloodmoon, M|76\/100\n|-damage|p2a: Pibe Calladito|64\/100|[from] Spikes\n|move|p1a: Choji|Slack Off|p1a: Choji\n|-heal|p1a: Choji|100\/100 brn\n|\n|-damage|p1a: Choji|94\/100 brn|[from] brn\n|upkeep\n|turn|17\n|c| alexmp45|Cuenta la leyenda que este combate supero al famos turno 47\n|\n|t:|1698703076\n|move|p2a: Pibe Calladito|Blood Moon|p1a: Choji\n|-damage|p1a: Choji|66\/100 brn\n|-start|p1a: Choji|Charge|Blood Moon|[from] ability: Electromorphosis\n|move|p1a: Choji|Soak|p2a: Pibe Calladito\n|-start|p2a: Pibe Calladito|typechange|Water\n|\n|-damage|p1a: Choji|60\/100 brn|[from] brn\n|-sideend|p1: Binso|move: Light Screen\n|upkeep\n|turn|18\n|c| Jevyan|Esta jugando binso de locos\n|\n|t:|1698703088\n|move|p2a: Pibe Calladito|Hyper Voice|p1a: Choji\n|-damage|p1a: Choji|34\/100 brn\n|-start|p1a: Choji|Charge|Hyper Voice|[from] ability: Electromorphosis\n|-enditem|p1a: Choji|Sitrus Berry|[eat]\n|-heal|p1a: Choji|59\/100 brn|[from] item: Sitrus Berry\n|move|p1a: Choji|Slack Off|p1a: Choji\n|-heal|p1a: Choji|100\/100 brn\n|\n|-damage|p1a: Choji|94\/100 brn|[from] brn\n|upkeep\n|turn|19\n|c| alexmp45|Esta modo diablo\n|\n|t:|1698703102\n|move|p2a: Pibe Calladito|Blood Moon|p1a: Choji\n|-damage|p1a: Choji|53\/100 brn\n|-start|p1a: Choji|Charge|Blood Moon|[from] ability: Electromorphosis\n|move|p1a: Choji|Light Screen|p1a: Choji\n|-sidestart|p1: Binso|move: Light Screen\n|\n|-damage|p1a: Choji|47\/100 brn|[from] brn\n|upkeep\n|turn|20\n|\n|t:|1698703110\n|switch|p2a: Pepe|Slowking-Galar, M|100\/100\n|-damage|p2a: Pepe|88\/100|[from] Spikes\n|move|p1a: Choji|Slack Off|p1a: Choji\n|-heal|p1a: Choji|97\/100 brn\n|\n|-damage|p1a: Choji|91\/100 brn|[from] brn\n|upkeep\n|turn|21\n|\n|t:|1698703118\n|move|p2a: Pepe|Ice Beam|p1a: Choji\n|-supereffective|p1a: Choji\n|-damage|p1a: Choji|76\/100 brn\n|-start|p1a: Choji|Charge|Ice Beam|[from] ability: Electromorphosis\n|move|p1a: Choji|Soak|p2a: Pepe\n|-start|p2a: Pepe|typechange|Water\n|\n|-damage|p1a: Choji|70\/100 brn|[from] brn\n|upkeep\n|turn|22\n|\n|t:|1698703134\n|switch|p2a: Mamita|Indeedee-F, F|100\/100\n|-damage|p2a: Mamita|88\/100|[from] Spikes\n|-fieldstart|move: Psychic Terrain|[from] ability: Psychic Surge|[of] p2a: Mamita\n|move|p1a: Choji|Slack Off|p1a: Choji\n|-heal|p1a: Choji|100\/100 brn\n|\n|-damage|p1a: Choji|94\/100 brn|[from] brn\n|upkeep\n|turn|23\n|\n|t:|1698703148\n|switch|p2a: Jefo|Metagross|100\/100\n|-damage|p2a: Jefo|88\/100|[from] Spikes\n|move|p1a: Choji|Parabolic Charge|p2a: Jefo\n|-damage|p2a: Jefo|24\/100\n|-heal|p1a: Choji|100\/100 brn|[from] drain|[of] p2a: Jefo\n|-end|p1a: Choji|Charge|[silent]\n|\n|-damage|p1a: Choji|94\/100 brn|[from] brn\n|-sideend|p1: Binso|move: Light Screen\n|upkeep\n|turn|24\n|c| alexmp45|Como salte un congelado o un critiquin se acabo\n|\n|t:|1698703164\n|switch|p1a: Cristina|Rotom-Wash|100\/100\n|detailschange|p2a: Jefo|Metagross-Mega\n|-mega|p2a: Jefo|Metagross|Metagrossite\n|move|p2a: Jefo|Zen Headbutt|p1a: Cristina\n|-damage|p1a: Cristina|41\/100\n|\n|-heal|p1a: Cristina|47\/100|[from] item: Leftovers\n|upkeep\n|turn|25\n|\n|t:|1698703186\n|move|p2a: Jefo|Zen Headbutt|p1a: Cristina\n|-damage|p1a: Cristina|0 fnt\n|faint|p1a: Cristina\n|\n|upkeep\n|\n|t:|1698703190\n|switch|p1a: Shawn Frost|Vanilluxe, F|29\/100\n|-weather|Snow|[from] ability: Snow Warning|[of] p1a: Shawn Frost\n|turn|26\n|\n|t:|1698703197\n|move|p1a: Shawn Frost|Ice Shard|p2a: Jefo\n|-activate|p2a: Jefo|move: Psychic Terrain\n|move|p2a: Jefo|Meteor Mash|p1a: Shawn Frost|[miss]\n|-miss|p2a: Jefo|p1a: Shawn Frost\n|\n|-weather|Snow|[upkeep]\n|-fieldend|move: Psychic Terrain\n|upkeep\n|turn|27\n|\n|t:|1698703206\n|move|p1a: Shawn Frost|Ice Shard|p2a: Jefo\n|-resisted|p2a: Jefo\n|-damage|p2a: Jefo|20\/100\n|move|p2a: Jefo|Meteor Mash|p1a: Shawn Frost\n|-supereffective|p1a: Shawn Frost\n|-damage|p1a: Shawn Frost|0 fnt\n|faint|p1a: Shawn Frost\n|\n|-weather|Snow|[upkeep]\n|upkeep\n|\n|t:|1698703213\n|switch|p1a: Obelix|Darmanitan-Galar, M|65\/100\n|turn|28\n|l| alexmp45\n|j| alexmp45\n|\n|t:|1698703266\n|switch|p2a: S\u00faper Fascista|Tauros, M|71\/100\n|-damage|p2a: S\u00faper Fascista|59\/100|[from] Spikes\n|-ability|p2a: S\u00faper Fascista|Intimidate|boost\n|-unboost|p1a: Obelix|atk|1\n|move|p1a: Obelix|Flare Blitz|p2a: S\u00faper Fascista\n|-damage|p2a: S\u00faper Fascista|2\/100\n|-damage|p1a: Obelix|49\/100|[from] Recoil\n|\n|-weather|Snow|[upkeep]\n|upkeep\n|turn|29\n|\n|t:|1698703334\n|switch|p1a: Iv\u00e1n KBRON|Froslass, F|67\/100\n|move|p2a: S\u00faper Fascista|Earthquake|p1a: Iv\u00e1n KBRON\n|-damage|p1a: Iv\u00e1n KBRON|21\/100\n|\n|-weather|Snow|[upkeep]\n|upkeep\n|turn|30\n|\n|t:|1698703358\n|move|p1a: Iv\u00e1n KBRON|Destiny Bond|p1a: Iv\u00e1n KBRON\n|-singlemove|p1a: Iv\u00e1n KBRON|Destiny Bond\n|move|p2a: S\u00faper Fascista|Earthquake|p1a: Iv\u00e1n KBRON\n|-damage|p1a: Iv\u00e1n KBRON|0 fnt\n|faint|p1a: Iv\u00e1n KBRON\n|-activate|p1a: Iv\u00e1n KBRON|move: Destiny Bond\n|faint|p2a: S\u00faper Fascista\n|\n|-weather|none\n|upkeep\n|\n|t:|1698703377\n|switch|p2a: Mamita|Indeedee-F, F|88\/100\n|switch|p1a: Choji|Bellibolt, M, shiny, tera:Flying|94\/100 brn\n|-damage|p2a: Mamita|76\/100|[from] Spikes\n|-fieldstart|move: Psychic Terrain|[from] ability: Psychic Surge|[of] p2a: Mamita\n|turn|31\n|l| alexmp45\n|\n|t:|1698703396\n|move|p2a: Mamita|Mystical Fire|p1a: Choji\n|-damage|p1a: Choji|68\/100 brn\n|-unboost|p1a: Choji|spa|1\n|-start|p1a: Choji|Charge|Mystical Fire|[from] ability: Electromorphosis\n|move|p1a: Choji|Light Screen|p1a: Choji\n|-sidestart|p1: Binso|move: Light Screen\n|\n|-damage|p1a: Choji|62\/100 brn|[from] brn\n|upkeep\n|turn|32\n|\n|t:|1698703404\n|move|p2a: Mamita|Mystical Fire|p1a: Choji\n|-damage|p1a: Choji|49\/100 brn\n|-unboost|p1a: Choji|spa|1\n|-start|p1a: Choji|Charge|Mystical Fire|[from] ability: Electromorphosis\n|move|p1a: Choji|Slack Off|p1a: Choji\n|-heal|p1a: Choji|99\/100 brn\n|\n|-damage|p1a: Choji|93\/100 brn|[from] brn\n|upkeep\n|turn|33\n|j| alexmp45\n|\n|t:|1698703414\n|move|p2a: Mamita|Mystical Fire|p1a: Choji\n|-damage|p1a: Choji|80\/100 brn\n|-unboost|p1a: Choji|spa|1\n|-start|p1a: Choji|Charge|Mystical Fire|[from] ability: Electromorphosis\n|move|p1a: Choji|Soak|p2a: Mamita\n|-start|p2a: Mamita|typechange|Water\n|\n|-damage|p1a: Choji|74\/100 brn|[from] brn\n|upkeep\n|turn|34\n|c| danielbeast45|muy buena pablito\n|\n|t:|1698703424\n|move|p2a: Mamita|Mystical Fire|p1a: Choji\n|-damage|p1a: Choji|61\/100 brn\n|-unboost|p1a: Choji|spa|1\n|-start|p1a: Choji|Charge|Mystical Fire|[from] ability: Electromorphosis\n|move|p1a: Choji|Parabolic Charge|p2a: Mamita\n|-supereffective|p2a: Mamita\n|-damage|p2a: Mamita|40\/100\n|-heal|p1a: Choji|74\/100 brn|[from] drain|[of] p2a: Mamita\n|-end|p1a: Choji|Charge|[silent]\n|\n|-damage|p1a: Choji|68\/100 brn|[from] brn\n|upkeep\n|turn|35\n|\n|t:|1698703443\n|switch|p2a: Rajador|Gallade, M|100\/100\n|-damage|p2a: Rajador|88\/100|[from] Spikes\n|switch|p1a: Binso|Regice|100\/100\n|\n|-sideend|p1: Binso|move: Light Screen\n|-fieldend|move: Psychic Terrain\n|upkeep\n|turn|36\n|\n|t:|1698703455\n|move|p1a: Binso|Protect|p1a: Binso\n|-singleturn|p1a: Binso|Protect\n|move|p2a: Rajador|Sacred Sword|p1a: Binso\n|-activate|p1a: Binso|move: Protect\n|\n|upkeep\n|turn|37\n|c| danielbeast45|co\u00f1o\n|c| danielbeast45|tremendo\u00e7\n|\n|t:|1698703467\n|move|p2a: Rajador|Sacred Sword|p1a: Binso\n|-supereffective|p1a: Binso\n|-damage|p1a: Binso|0 fnt\n|faint|p1a: Binso\n|\n|upkeep\n|\n|t:|1698703472\n|switch|p1a: Choji|Bellibolt, M, shiny, tera:Flying|68\/100 brn\n|turn|38\n|\n|t:|1698703482\n|switch|p2a: Mamita|Indeedee-F, F|40\/100\n|-damage|p2a: Mamita|27\/100|[from] Spikes\n|-fieldstart|move: Psychic Terrain|[from] ability: Psychic Surge|[of] p2a: Mamita\n|move|p1a: Choji|Parabolic Charge|p2a: Mamita\n|-damage|p2a: Mamita|0 fnt\n|-heal|p1a: Choji|78\/100 brn|[from] drain|[of] p2a: Mamita\n|faint|p2a: Mamita\n|\n|-damage|p1a: Choji|72\/100 brn|[from] brn\n|upkeep\n|\n|t:|1698703495\n|switch|p2a: Rajador|Gallade, M|88\/100\n|-damage|p2a: Rajador|76\/100|[from] Spikes\n|turn|39\n|\n|t:|1698703500\n|move|p2a: Rajador|Psycho Cut|p1a: Choji\n|-damage|p1a: Choji|4\/100 brn\n|-start|p1a: Choji|Charge|Psycho Cut|[from] ability: Electromorphosis\n|move|p1a: Choji|Slack Off|p1a: Choji\n|-heal|p1a: Choji|54\/100 brn\n|\n|-damage|p1a: Choji|48\/100 brn|[from] brn\n|upkeep\n|turn|40\n|\n|t:|1698703510\n|move|p2a: Rajador|Psycho Cut|p1a: Choji\n|-damage|p1a: Choji|0 fnt\n|faint|p1a: Choji\n|\n|upkeep\n|\n|t:|1698703515\n|switch|p1a: Obelix|Darmanitan-Galar, M|49\/100\n|turn|41\n|\n|t:|1698703527\n|move|p1a: Obelix|U-turn|p2a: Rajador\n|-damage|p2a: Rajador|13\/100\n|move|p2a: Rajador|Psycho Cut|p1a: Obelix\n|-damage|p1a: Obelix|0 fnt\n|faint|p1a: Obelix\n|\n|win|PabloOak\n|c|\u2606PabloOak|gg\n|c|\u2606Binso|gg\n|l|\u2606PabloOak\n|l| danielbeast45\n","uploadtime":1698703614,"views":13,"p1id":"binso","p2id":"pablooak","formatid":"gen9nationaldexubers","rating":0,"private":0,"password":""}