{"id":"gen9nationaldexubers-1978605138","p1":"Dragonnightwing","p2":"ozzey","format":"[Gen 9] National Dex Ubers","log":"|j|\u2606Dragonnightwing\n|j|\u2606ozzey\n|t:|1698565082\n|gametype|singles\n|player|p1|Dragonnightwing|lance|\n|player|p2|ozzey|bugcatcher-gen4dp|\n|teamsize|p1|6\n|teamsize|p2|6\n|gen|9\n|tier|[Gen 9] National Dex Ubers\n|rule|HP Percentage Mod: HP is shown in percentages\n|rule|Endless Battle Clause: Forcing endless battles is banned\n|rule|OHKO Clause: OHKO moves are banned\n|rule|Evasion Moves Clause: Evasion moves are banned\n|rule|Evasion Items Clause: Evasion items are banned\n|rule|Species Clause: Limit one of each Pok\u00e9mon\n|rule|Sleep Clause Mod: Limit one foe put to sleep\n|rule|Mega Rayquaza Clause: You cannot mega evolve Rayquaza\n|clearpoke\n|poke|p1|Pelipper, M|\n|poke|p1|Tyrantrum, F|\n|poke|p1|Aggron, M|\n|poke|p1|Jolteon, M|\n|poke|p1|Togekiss, F|\n|poke|p1|Swampert, F|\n|poke|p2|Lokix, M|\n|poke|p2|Volcarona, F|\n|poke|p2|Beedrill, M|\n|poke|p2|Ribombee, F|\n|poke|p2|Yanmega, M|\n|poke|p2|Golisopod, F|\n|teampreview\n|inactive|Battle timer is ON: inactive players will automatically lose when time's up. (requested by ozzey)\n|\n|t:|1698565092\n|start\n|switch|p1a: Simon|Jolteon, M|100\/100\n|switch|p2a: Hollow Knight|Lokix, M|100\/100\n|turn|1\n|\n|t:|1698565100\n|move|p2a: Hollow Knight|First Impression|p1a: Simon\n|-damage|p1a: Simon|8\/100\n|-damage|p2a: Hollow Knight|91\/100|[from] item: Life Orb\n|move|p1a: Simon|Volt Switch|p2a: Hollow Knight\n|-damage|p2a: Hollow Knight|23\/100\n|\n|t:|1698565108\n|switch|p1a: Muah muah|Togekiss, F|100\/100|[from] Volt Switch\n|\n|upkeep\n|turn|2\n|\n|t:|1698565114\n|move|p2a: Hollow Knight|Sucker Punch|p1a: Muah muah\n|-resisted|p1a: Muah muah\n|-damage|p1a: Muah muah|58\/100\n|-damage|p2a: Hollow Knight|14\/100|[from] item: Life Orb\n|move|p1a: Muah muah|Ancient Power|p2a: Hollow Knight\n|-supereffective|p2a: Hollow Knight\n|-damage|p2a: Hollow Knight|0 fnt\n|faint|p2a: Hollow Knight\n|\n|upkeep\n|\n|t:|1698565125\n|switch|p2a: Sealed vessel|Beedrill, M, shiny|100\/100\n|turn|3\n|\n|t:|1698565134\n|switch|p1a: Tori|Swampert, F|100\/100\n|detailschange|p2a: Sealed vessel|Beedrill-Mega, M, shiny\n|-mega|p2a: Sealed vessel|Beedrill|Beedrillite\n|move|p2a: Sealed vessel|Poison Jab|p1a: Tori\n|-resisted|p1a: Tori\n|-damage|p1a: Tori|72\/100\n|\n|upkeep\n|turn|4\n|\n|t:|1698565146\n|switch|p2a: Baldur|Golisopod, F|100\/100\n|detailschange|p1a: Tori|Swampert-Mega, F\n|-mega|p1a: Tori|Swampert|Swampertite\n|move|p1a: Tori|Waterfall|p2a: Baldur\n|-resisted|p2a: Baldur\n|-damage|p2a: Baldur|83\/100\n|\n|upkeep\n|turn|5\n|\n|t:|1698565156\n|move|p2a: Baldur|First Impression|p1a: Tori\n|-damage|p1a: Tori|33\/100\n|move|p1a: Tori|Counter|p2a: Baldur\n|-damage|p2a: Baldur|0 fnt\n|faint|p2a: Baldur\n|\n|upkeep\n|\n|t:|1698565164\n|switch|p2a: Hornet|Volcarona, F|100\/100\n|turn|6\n|\n|t:|1698565170\n|move|p2a: Hornet|Giga Drain|p1a: Tori\n|-supereffective|p1a: Tori\n|-damage|p1a: Tori|0 fnt\n|faint|p1a: Tori\n|\n|upkeep\n|\n|t:|1698565176\n|switch|p1a: Simon|Jolteon, M|8\/100\n|turn|7\n|\n|t:|1698565181\n|switch|p2a: Quirrel|Yanmega, M|100\/100\n|move|p1a: Simon|Volt Switch|p2a: Quirrel\n|-supereffective|p2a: Quirrel\n|-damage|p2a: Quirrel|0 fnt\n|faint|p2a: Quirrel\n|\n|t:|1698565188\n|switch|p1a: Peppa|Pelipper, M|100\/100|[from] Volt Switch\n|-weather|RainDance|[from] ability: Drizzle|[of] p1a: Peppa\n|\n|-weather|RainDance|[upkeep]\n|upkeep\n|\n|t:|1698565198\n|switch|p2a: White lady|Ribombee, F|100\/100\n|turn|8\n|\n|t:|1698565204\n|move|p2a: White lady|Quiver Dance|p2a: White lady\n|-boost|p2a: White lady|spa|1\n|-boost|p2a: White lady|spd|1\n|-boost|p2a: White lady|spe|1\n|move|p1a: Peppa|Hurricane|p2a: White lady\n|-supereffective|p2a: White lady\n|-enditem|p2a: White lady|Focus Sash\n|-damage|p2a: White lady|1\/100\n|\n|-weather|RainDance|[upkeep]\n|upkeep\n|turn|9\n|\n|t:|1698565219\n|move|p2a: White lady|Moonblast|p1a: Peppa\n|-damage|p1a: Peppa|16\/100\n|-unboost|p1a: Peppa|spa|1\n|move|p1a: Peppa|Hurricane|p2a: White lady\n|-supereffective|p2a: White lady\n|-damage|p2a: White lady|0 fnt\n|faint|p2a: White lady\n|\n|-weather|RainDance|[upkeep]\n|upkeep\n|\n|t:|1698565225\n|switch|p2a: Sealed vessel|Beedrill-Mega, M, shiny|100\/100\n|turn|10\n|\n|t:|1698565232\n|move|p2a: Sealed vessel|Fell Stinger|p1a: Peppa\n|-resisted|p1a: Peppa\n|-damage|p1a: Peppa|0 fnt\n|faint|p1a: Peppa\n|-boost|p2a: Sealed vessel|atk|3\n|\n|-weather|RainDance|[upkeep]\n|upkeep\n|\n|t:|1698565246\n|switch|p1a: Muah muah|Togekiss, F|58\/100\n|turn|11\n|\n|t:|1698565250\n|switch|p1a: Aaron|Aggron, M, shiny|100\/100\n|move|p2a: Sealed vessel|Poison Jab|p1a: Aaron\n|-immune|p1a: Aaron\n|\n|-weather|RainDance|[upkeep]\n|upkeep\n|turn|12\n|\n|t:|1698565260\n|switch|p1a: Muah muah|Togekiss, F|58\/100\n|move|p2a: Sealed vessel|Drill Run|p1a: Muah muah\n|-immune|p1a: Muah muah\n|\n|-weather|RainDance|[upkeep]\n|upkeep\n|turn|13\n|\n|t:|1698565270\n|move|p2a: Sealed vessel|Knock Off|p1a: Muah muah\n|-resisted|p1a: Muah muah\n|-damage|p1a: Muah muah|9\/100\n|-enditem|p1a: Muah muah|Power Herb|[from] move: Knock Off|[of] p2a: Sealed vessel\n|move|p1a: Muah muah|Ancient Power|p2a: Sealed vessel\n|-supereffective|p2a: Sealed vessel\n|-damage|p2a: Sealed vessel|42\/100\n|\n|-weather|RainDance|[upkeep]\n|upkeep\n|turn|14\n|\n|t:|1698565284\n|move|p2a: Sealed vessel|Fell Stinger|p1a: Muah muah\n|-resisted|p1a: Muah muah\n|-damage|p1a: Muah muah|0 fnt\n|faint|p1a: Muah muah\n|-boost|p2a: Sealed vessel|atk|3\n|\n|-weather|none\n|upkeep\n|\n|t:|1698565296\n|switch|p1a: Simon|Jolteon, M|8\/100\n|turn|15\n|\n|t:|1698565304\n|move|p2a: Sealed vessel|Knock Off|p1a: Simon\n|-damage|p1a: Simon|0 fnt\n|-enditem|p1a: Simon|Clear Amulet|[from] move: Knock Off|[of] p2a: Sealed vessel\n|faint|p1a: Simon\n|\n|upkeep\n|\n|t:|1698565318\n|switch|p1a: Aaron|Aggron, M, shiny|100\/100\n|turn|16\n|\n|t:|1698565330\n|move|p2a: Sealed vessel|Drill Run|p1a: Aaron\n|-supereffective|p1a: Aaron\n|-damage|p1a: Aaron|0 fnt\n|faint|p1a: Aaron\n|\n|upkeep\n|\n|t:|1698565335\n|switch|p1a: Chrizztina|Tyrantrum, F|100\/100\n|turn|17\n|\n|t:|1698565346\n|move|p2a: Sealed vessel|Drill Run|p1a: Chrizztina|[miss]\n|-miss|p2a: Sealed vessel|p1a: Chrizztina\n|move|p1a: Chrizztina|Head Smash|p2a: Sealed vessel\n|-supereffective|p2a: Sealed vessel\n|-damage|p2a: Sealed vessel|0 fnt\n|faint|p2a: Sealed vessel\n|\n|upkeep\n|\n|t:|1698565352\n|switch|p2a: Hornet|Volcarona, F|100\/100\n|turn|18\n|c|\u2606ozzey|This\n|c|\u2606Dragonnightwing|:O\n|c|\u2606ozzey|Might be a issue now\n|\n|t:|1698565370\n|-terastallize|p2a: Hornet|Bug\n|move|p2a: Hornet|Psychic|p1a: Chrizztina\n|-damage|p1a: Chrizztina|52\/100\n|move|p1a: Chrizztina|Head Smash|p2a: Hornet|[miss]\n|-miss|p1a: Chrizztina|p2a: Hornet\n|\n|upkeep\n|turn|19\n|\n|t:|1698565379\n|move|p2a: Hornet|Psychic|p1a: Chrizztina\n|-damage|p1a: Chrizztina|9\/100\n|move|p1a: Chrizztina|Rest|p1a: Chrizztina\n|-status|p1a: Chrizztina|slp|[from] move: Rest\n|-heal|p1a: Chrizztina|100\/100 slp|[silent]\n|-enditem|p1a: Chrizztina|Chesto Berry|[eat]\n|-curestatus|p1a: Chrizztina|slp|[msg]\n|\n|upkeep\n|turn|20\n|\n|t:|1698565389\n|move|p2a: Hornet|Psychic|p1a: Chrizztina\n|-damage|p1a: Chrizztina|54\/100\n|move|p1a: Chrizztina|Head Smash|p2a: Hornet\n|-supereffective|p2a: Hornet\n|-damage|p2a: Hornet|0 fnt\n|faint|p2a: Hornet\n|\n|win|Dragonnightwing\n|c|\u2606ozzey|Yep\n|c|\u2606Dragonnightwing|WOO! GG\n|c|\u2606Dragonnightwing|Finally...\n|c|\u2606ozzey|As a wise flying specialist once said\n","uploadtime":1698565421,"views":25,"p1id":"dragonnightwing","p2id":"ozzey","formatid":"gen9nationaldexubers","rating":0,"private":0,"password":""}