{"id":"gen9nationaldexubers-1988128351","p1":"HarmTurtle","p2":"Rio34","format":"[Gen 9] National Dex Ubers","log":"|j|\u2606HarmTurtle\n|j|\u2606Rio34\n|t:|1699673078\n|gametype|singles\n|player|p1|HarmTurtle|carmine-festival|\n|player|p2|Rio34|riley|\n|teamsize|p1|6\n|teamsize|p2|6\n|gen|9\n|tier|[Gen 9] National Dex Ubers\n|rule|HP Percentage Mod: HP is shown in percentages\n|rule|Endless Battle Clause: Forcing endless battles is banned\n|rule|OHKO Clause: OHKO moves are banned\n|rule|Evasion Moves Clause: Evasion moves are banned\n|rule|Evasion Items Clause: Evasion items are banned\n|rule|Species Clause: Limit one of each Pok\u00e9mon\n|rule|Sleep Clause Mod: Limit one foe put to sleep\n|rule|Mega Rayquaza Clause: You cannot mega evolve Rayquaza\n|clearpoke\n|poke|p1|Breloom, F|\n|poke|p1|Gliscor, M|\n|poke|p1|Swampert, M|\n|poke|p1|Gastrodon-East, F|\n|poke|p1|Diggersby, M|\n|poke|p1|Steelix, M|\n|poke|p2|Weavile, F|\n|poke|p2|Umbreon, M|\n|poke|p2|Obstagoon, M|\n|poke|p2|Grimmsnarl, M|\n|poke|p2|Mandibuzz, F|\n|poke|p2|Sneasler, M|\n|teampreview\n|\n|t:|1699673088\n|start\n|switch|p1a: Steelix|Steelix, M|100\/100\n|switch|p2a: Sneasler|Sneasler, M, shiny|100\/100\n|turn|1\n|\n|t:|1699673099\n|switch|p1a: Gliscor|Gliscor, M, shiny|100\/100\n|move|p2a: Sneasler|Fake Out|p1a: Gliscor\n|-damage|p1a: Gliscor|90\/100\n|\n|-status|p1a: Gliscor|tox|[from] item: Toxic Orb\n|upkeep\n|turn|2\n|\n|t:|1699673111\n|move|p2a: Sneasler|Close Combat|p1a: Gliscor\n|-resisted|p1a: Gliscor\n|-damage|p1a: Gliscor|69\/100 tox\n|-unboost|p2a: Sneasler|def|1\n|-unboost|p2a: Sneasler|spd|1\n|move|p1a: Gliscor|Knock Off|p2a: Sneasler\n|-resisted|p2a: Sneasler\n|-damage|p2a: Sneasler|73\/100\n|-enditem|p2a: Sneasler|Focus Sash|[from] move: Knock Off|[of] p1a: Gliscor\n|\n|-heal|p1a: Gliscor|81\/100 tox|[from] ability: Poison Heal\n|upkeep\n|turn|3\n|\n|t:|1699673127\n|move|p2a: Sneasler|Acrobatics|p1a: Gliscor\n|-damage|p1a: Gliscor|57\/100 tox\n|move|p1a: Gliscor|Earthquake|p2a: Sneasler\n|-supereffective|p2a: Sneasler\n|-damage|p2a: Sneasler|0 fnt\n|faint|p2a: Sneasler\n|\n|-heal|p1a: Gliscor|69\/100 tox|[from] ability: Poison Heal\n|upkeep\n|\n|t:|1699673136\n|switch|p2a: Layla|Weavile, F|100\/100\n|-ability|p2a: Layla|Pressure\n|turn|4\n|\n|t:|1699673142\n|switch|p1a: Steelix|Steelix, M|100\/100\n|move|p2a: Layla|Fake Out|p1a: Steelix\n|-resisted|p1a: Steelix\n|-damage|p1a: Steelix|97\/100\n|\n|-heal|p1a: Steelix|100\/100|[from] item: Leftovers\n|upkeep\n|turn|5\n|\n|t:|1699673159\n|move|p2a: Layla|Knock Off|p1a: Steelix\n|-damage|p1a: Steelix|74\/100\n|-enditem|p1a: Steelix|Leftovers|[from] move: Knock Off|[of] p2a: Layla\n|move|p1a: Steelix|Stealth Rock|p2a: Layla\n|-sidestart|p2: Rio34|move: Stealth Rock\n|\n|upkeep\n|turn|6\n|\n|t:|1699673166\n|switch|p2a: Mandibuzz|Mandibuzz, F|100\/100\n|move|p1a: Steelix|Roar|p2a: Mandibuzz\n|drag|p2a: Umbreon|Umbreon, M, shiny|100\/100\n|-damage|p2a: Umbreon|88\/100|[from] Stealth Rock\n|\n|-heal|p2a: Umbreon|94\/100|[from] item: Leftovers\n|upkeep\n|turn|7\n|\n|t:|1699673179\n|switch|p2a: Mandibuzz|Mandibuzz, F|100\/100\n|move|p1a: Steelix|Iron Defense|p1a: Steelix\n|-boost|p1a: Steelix|def|2\n|\n|upkeep\n|turn|8\n|\n|t:|1699673196\n|move|p2a: Mandibuzz|Taunt|p1a: Steelix\n|-start|p1a: Steelix|move: Taunt\n|cant|p1a: Steelix|move: Taunt|Iron Defense\n|\n|upkeep\n|turn|9\n|\n|t:|1699673205\n|move|p2a: Mandibuzz|Defog|p1a: Steelix\n|-unboost|p1a: Steelix|evasion|1\n|-sideend|p2: Rio34|Stealth Rock|[from] move: Defog|[of] p2a: Mandibuzz\n|move|p1a: Steelix|Body Press|p2a: Mandibuzz\n|-damage|p2a: Mandibuzz|60\/100\n|\n|upkeep\n|turn|10\n|\n|t:|1699673225\n|move|p2a: Mandibuzz|Facade|p1a: Steelix\n|-resisted|p1a: Steelix\n|-damage|p1a: Steelix|72\/100\n|move|p1a: Steelix|Body Press|p2a: Mandibuzz\n|-damage|p2a: Mandibuzz|20\/100\n|\n|-end|p1a: Steelix|move: Taunt\n|upkeep\n|turn|11\n|\n|t:|1699673249\n|move|p2a: Mandibuzz|Roost|p2a: Mandibuzz\n|-heal|p2a: Mandibuzz|70\/100\n|-singleturn|p2a: Mandibuzz|move: Roost\n|move|p1a: Steelix|Stealth Rock|p2a: Mandibuzz\n|-sidestart|p2: Rio34|move: Stealth Rock\n|\n|upkeep\n|turn|12\n|\n|t:|1699673291\n|move|p2a: Mandibuzz|Taunt|p1a: Steelix\n|-start|p1a: Steelix|move: Taunt\n|move|p1a: Steelix|Body Press|p2a: Mandibuzz\n|-damage|p2a: Mandibuzz|35\/100\n|\n|upkeep\n|turn|13\n|\n|t:|1699673298\n|move|p2a: Mandibuzz|Roost|p2a: Mandibuzz\n|-heal|p2a: Mandibuzz|85\/100\n|-singleturn|p2a: Mandibuzz|move: Roost\n|move|p1a: Steelix|Body Press|p2a: Mandibuzz\n|-supereffective|p2a: Mandibuzz\n|-damage|p2a: Mandibuzz|7\/100\n|\n|upkeep\n|turn|14\n|\n|t:|1699673306\n|move|p2a: Mandibuzz|Roost|p2a: Mandibuzz\n|-heal|p2a: Mandibuzz|57\/100\n|-singleturn|p2a: Mandibuzz|move: Roost\n|move|p1a: Steelix|Body Press|p2a: Mandibuzz\n|-supereffective|p2a: Mandibuzz\n|-crit|p2a: Mandibuzz\n|-damage|p2a: Mandibuzz|0 fnt\n|faint|p2a: Mandibuzz\n|\n|-end|p1a: Steelix|move: Taunt\n|upkeep\n|\n|t:|1699673316\n|switch|p2a: Obstagoon|Obstagoon, M|100\/100\n|-damage|p2a: Obstagoon|88\/100|[from] Stealth Rock\n|turn|15\n|\n|t:|1699673334\n|move|p2a: Obstagoon|Obstruct|p2a: Obstagoon\n|-singleturn|p2a: Obstagoon|Protect\n|move|p1a: Steelix|Iron Defense|p1a: Steelix\n|-boost|p1a: Steelix|def|2\n|\n|-status|p2a: Obstagoon|brn|[from] item: Flame Orb\n|upkeep\n|turn|16\n|\n|t:|1699673341\n|move|p2a: Obstagoon|Obstruct||[still]\n|-fail|p2a: Obstagoon\n|move|p1a: Steelix|Body Press|p2a: Obstagoon\n|-supereffective|p2a: Obstagoon\n|-damage|p2a: Obstagoon|0 fnt\n|faint|p2a: Obstagoon\n|\n|upkeep\n|\n|t:|1699673349\n|switch|p2a: Grimmsnarl|Grimmsnarl, M|100\/100\n|-damage|p2a: Grimmsnarl|88\/100|[from] Stealth Rock\n|turn|17\n|\n|t:|1699673356\n|move|p2a: Grimmsnarl|Darkest Lariat|p1a: Steelix\n|-damage|p1a: Steelix|47\/100\n|move|p1a: Steelix|Body Press|p2a: Grimmsnarl\n|-damage|p2a: Grimmsnarl|0 fnt\n|faint|p2a: Grimmsnarl\n|\n|upkeep\n|\n|t:|1699673362\n|switch|p2a: Layla|Weavile, F|100\/100\n|-damage|p2a: Layla|76\/100|[from] Stealth Rock\n|-ability|p2a: Layla|Pressure\n|turn|18\n|\n|t:|1699673367\n|move|p2a: Layla|Fake Out|p1a: Steelix\n|-resisted|p1a: Steelix\n|-damage|p1a: Steelix|46\/100\n|cant|p1a: Steelix|flinch\n|\n|upkeep\n|turn|19\n|\n|t:|1699673372\n|move|p2a: Layla|Ice Punch|p1a: Steelix\n|-damage|p1a: Steelix|38\/100\n|move|p1a: Steelix|Body Press|p2a: Layla\n|-supereffective|p2a: Layla\n|-damage|p2a: Layla|0 fnt\n|faint|p2a: Layla\n|\n|upkeep\n|\n|t:|1699673379\n|switch|p2a: Umbreon|Umbreon, M, shiny|94\/100\n|-damage|p2a: Umbreon|82\/100|[from] Stealth Rock\n|turn|20\n|\n|t:|1699673388\n|move|p2a: Umbreon|Crunch|p1a: Steelix\n|-crit|p1a: Steelix\n|-damage|p1a: Steelix|24\/100\n|-unboost|p1a: Steelix|def|1\n|move|p1a: Steelix|Body Press|p2a: Umbreon\n|-supereffective|p2a: Umbreon\n|-damage|p2a: Umbreon|0 fnt\n|faint|p2a: Umbreon\n|\n|win|HarmTurtle\n","uploadtime":1699673398,"views":6,"p1id":"harmturtle","p2id":"rio34","formatid":"gen9nationaldexubers","rating":0,"private":0,"password":""}