{"id":"gen9nationaldexubers-1998519598","p1":"PiperRat","p2":"musekek","format":"[Gen 9] National Dex Ubers","log":"|j|\u2606PiperRat\n|j|\u2606musekek\n|t:|1700951577\n|gametype|singles\n|player|p1|PiperRat|plasmagruntf|\n|player|p2|musekek|iris-gen5bw2|\n|teamsize|p1|6\n|teamsize|p2|6\n|gen|9\n|tier|[Gen 9] National Dex Ubers\n|rule|HP Percentage Mod: HP is shown in percentages\n|rule|Endless Battle Clause: Forcing endless battles is banned\n|rule|OHKO Clause: OHKO moves are banned\n|rule|Evasion Moves Clause: Evasion moves are banned\n|rule|Evasion Items Clause: Evasion items are banned\n|rule|Species Clause: Limit one of each Pok\u00e9mon\n|rule|Sleep Clause Mod: Limit one foe put to sleep\n|rule|Mega Rayquaza Clause: You cannot mega evolve Rayquaza\n|clearpoke\n|poke|p1|Palafin, F|\n|poke|p1|Swampert, M|\n|poke|p1|Pelipper, M|\n|poke|p1|Cryogonal|\n|poke|p1|Tornadus, M|\n|poke|p1|Veluza, F|\n|poke|p2|Corviknight, M|\n|poke|p2|Great Tusk|\n|poke|p2|Dragapult, F|\n|poke|p2|Dragonite, F|\n|poke|p2|Swampert, M|\n|poke|p2|Gyarados, M|\n|teampreview\n|inactive|Battle timer is ON: inactive players will automatically lose when time's up. (requested by PiperRat)\n|j| SuzumiSou\n|\n|t:|1700951605\n|start\n|switch|p1a: Palafin|Palafin, F, shiny|100\/100\n|switch|p2a: GoodKnight|Corviknight, M, shiny|100\/100\n|turn|1\n|c|\u2606PiperRat|I dont want wik to watch\n|inactive|musekek has 270 seconds left.\n|c| SuzumiSou|me neither\n|\n|t:|1700951645\n|move|p1a: Palafin|Flip Turn|p2a: GoodKnight\n|-damage|p2a: GoodKnight|80\/100\n|c| SuzumiSou|fuck\n|inactive|PiperRat has 270 seconds left.\n|\n|t:|1700951672\n|detailschange|p1a: Palafin|Palafin-Hero, F, shiny\n|switch|p1a: Pelipper|Pelipper, M|100\/100|[from] Flip Turn\n|-weather|RainDance|[from] ability: Drizzle|[of] p1a: Pelipper\n|move|p2a: GoodKnight|Iron Defense|p2a: GoodKnight\n|-boost|p2a: GoodKnight|def|2\n|\n|-weather|RainDance|[upkeep]\n|-heal|p2a: GoodKnight|86\/100|[from] item: Leftovers\n|upkeep\n|turn|2\n|inactive|musekek has 270 seconds left.\n|n| LORD AXEON|lordaxeon\n|\n|t:|1700951704\n|switch|p1a: Palafin|Palafin-Hero, F, shiny|100\/100\n|-activate|p1a: Palafin|ability: Zero to Hero\n|move|p2a: GoodKnight|Sunny Day|p2a: GoodKnight\n|-weather|SunnyDay\n|\n|-weather|SunnyDay|[upkeep]\n|-heal|p2a: GoodKnight|93\/100|[from] item: Leftovers\n|upkeep\n|turn|3\n|j| Wikit\n|c| SuzumiSou|my goat\n|\n|t:|1700951715\n|move|p1a: Palafin|Flip Turn|p2a: GoodKnight\n|-damage|p2a: GoodKnight|84\/100\n|c| Wikit|You can find me in the club\u2026\n|inactive|PiperRat has 240 seconds left.\n|\n|t:|1700951733\n|switch|p1a: Pelipper|Pelipper, M|100\/100|[from] Flip Turn\n|-weather|RainDance|[from] ability: Drizzle|[of] p1a: Pelipper\n|move|p2a: GoodKnight|Body Press|p1a: Pelipper\n|-resisted|p1a: Pelipper\n|-damage|p1a: Pelipper|80\/100\n|\n|-weather|RainDance|[upkeep]\n|-heal|p2a: GoodKnight|91\/100|[from] item: Leftovers\n|upkeep\n|turn|4\n|inactive|musekek has 270 seconds left.\n|inactive|PiperRat has 240 seconds left.\n|c| SuzumiSou|wait i've seen this ironpress weather idea before\n|\n|t:|1700951760\n|move|p2a: GoodKnight|Sunny Day|p2a: GoodKnight\n|-weather|SunnyDay\n|move|p1a: Pelipper|Scald|p2a: GoodKnight\n|-damage|p2a: GoodKnight|79\/100\n|-status|p2a: GoodKnight|brn\n|\n|-weather|SunnyDay|[upkeep]\n|-heal|p2a: GoodKnight|85\/100 brn|[from] item: Leftovers\n|-damage|p2a: GoodKnight|79\/100 brn|[from] brn\n|upkeep\n|turn|5\n|inactive|musekek has 270 seconds left.\n|inactive|PiperRat has 210 seconds left.\n|\n|t:|1700951795\n|switch|p1a: Palafin|Palafin-Hero, F, shiny|100\/100\n|move|p2a: GoodKnight|Iron Defense|p2a: GoodKnight\n|-boost|p2a: GoodKnight|def|2\n|\n|-weather|SunnyDay|[upkeep]\n|-heal|p2a: GoodKnight|85\/100 brn|[from] item: Leftovers\n|-damage|p2a: GoodKnight|79\/100 brn|[from] brn\n|upkeep\n|turn|6\n|\n|t:|1700951803\n|move|p1a: Palafin|Ice Punch|p2a: GoodKnight\n|-damage|p2a: GoodKnight|70\/100 brn\n|move|p2a: GoodKnight|Body Press|p1a: Palafin\n|-damage|p1a: Palafin|59\/100\n|\n|-weather|SunnyDay|[upkeep]\n|-heal|p2a: GoodKnight|76\/100 brn|[from] item: Leftovers\n|-damage|p2a: GoodKnight|70\/100 brn|[from] brn\n|upkeep\n|turn|7\n|inactive|PiperRat has 210 seconds left.\n|\n|t:|1700951825\n|switch|p1a: Pelipper|Pelipper, M|80\/100\n|-weather|RainDance|[from] ability: Drizzle|[of] p1a: Pelipper\n|move|p2a: GoodKnight|Body Press|p1a: Pelipper\n|-resisted|p1a: Pelipper\n|-damage|p1a: Pelipper|67\/100\n|\n|-weather|RainDance|[upkeep]\n|-heal|p2a: GoodKnight|76\/100 brn|[from] item: Leftovers\n|-damage|p2a: GoodKnight|70\/100 brn|[from] brn\n|upkeep\n|turn|8\n|\n|t:|1700951842\n|switch|p1a: Tornadus|Tornadus, M, shiny|100\/100\n|move|p2a: GoodKnight|Sunny Day|p2a: GoodKnight\n|-weather|SunnyDay\n|\n|-weather|SunnyDay|[upkeep]\n|-heal|p2a: GoodKnight|76\/100 brn|[from] item: Leftovers\n|-damage|p2a: GoodKnight|70\/100 brn|[from] brn\n|upkeep\n|turn|9\n|\n|t:|1700951860\n|move|p1a: Tornadus|Rain Dance|p1a: Tornadus\n|-weather|RainDance\n|move|p2a: GoodKnight|Body Press|p1a: Tornadus\n|-resisted|p1a: Tornadus\n|-damage|p1a: Tornadus|74\/100\n|\n|-weather|RainDance|[upkeep]\n|-heal|p2a: GoodKnight|76\/100 brn|[from] item: Leftovers\n|-damage|p2a: GoodKnight|70\/100 brn|[from] brn\n|upkeep\n|turn|10\n|c| SuzumiSou|what the hell am i watching\n|\n|t:|1700951874\n|move|p1a: Tornadus|Tailwind|p1a: Tornadus\n|-sidestart|p1: PiperRat|move: Tailwind\n|move|p2a: GoodKnight|Body Press|p1a: Tornadus\n|-resisted|p1a: Tornadus\n|-damage|p1a: Tornadus|49\/100\n|\n|-weather|RainDance|[upkeep]\n|-heal|p2a: GoodKnight|76\/100 brn|[from] item: Leftovers\n|-damage|p2a: GoodKnight|70\/100 brn|[from] brn\n|upkeep\n|turn|11\n|c|\u2606musekek|gaming\n|inactive|PiperRat has 180 seconds left.\n|c| LORD AXEON|GAMING\n|c| SuzumiSou|this is actually insane\n|l|\u2606PiperRat\n|inactive|PiperRat disconnected and has 300 seconds to reconnect!\n|player|p1|\n|j|\u2606PiperRat\n|inactive|PiperRat reconnected and has 165 seconds left.\n|player|p1|PiperRat|plasmagruntf\n|c| Wikit|Plays so big piper left\n|inactive|PiperRat has 150 seconds left.\n|inactiveoff|Battle timer is now OFF.\n|c|\u2606musekek|i actually pressed a new move called disconnext your opponent\n|l|\u2606PiperRat\n|player|p1|\n|j| crossedmoon\n|c| crossedmoon|I had my guys take piper out\n|c|\u2606musekek|had to be done\n|j|\u2606PiperRat\n|player|p1|PiperRat|plasmagruntf\n|inactive|Battle timer is ON: inactive players will automatically lose when time's up. (requested by PiperRat)\n|inactive|PiperRat has 120 seconds left.\n|\n|t:|1700952137\n|-zpower|p1a: Tornadus\n|move|p1a: Tornadus|Supersonic Skystrike|p2a: GoodKnight|[zeffect]\n|-resisted|p2a: GoodKnight\n|-damage|p2a: GoodKnight|28\/100 brn\n|move|p2a: GoodKnight|Sunny Day|p2a: GoodKnight\n|-weather|SunnyDay\n|\n|-weather|SunnyDay|[upkeep]\n|-heal|p2a: GoodKnight|34\/100 brn|[from] item: Leftovers\n|-damage|p2a: GoodKnight|28\/100 brn|[from] brn\n|upkeep\n|turn|12\n|l| Wikit\n|inactive|PiperRat has 120 seconds left.\n|j| Wikit\n|c|\u2606musekek|GoodKnight\n|c|\u2606PiperRat|Moon this aint no joke i want to kill this bitch\n|inactive|PiperRat has 90 seconds left.\n|-message|PiperRat forfeited.\n|\n|win|musekek\n|l|\u2606PiperRat\n|l| SuzumiSou\n|l| LORD AXEON\n","uploadtime":1700952344,"views":14,"p1id":"piperrat","p2id":"musekek","formatid":"gen9nationaldexubers","rating":0,"private":0,"password":""}