{"id":"gen9nationaldexubers-1983162184","p1":"AlolanSandslashOU","p2":"cancer_asf_ngl","format":"[Gen 9] National Dex Ubers","log":"|j|\u2606AlolanSandslashOU\n|j|\u2606cancer_asf_ngl\n|t:|1699098491\n|gametype|singles\n|player|p1|AlolanSandslashOU|volkner|\n|player|p2|cancer_asf_ngl|169|\n|teamsize|p1|6\n|teamsize|p2|6\n|gen|9\n|tier|[Gen 9] National Dex Ubers\n|rule|HP Percentage Mod: HP is shown in percentages\n|rule|Endless Battle Clause: Forcing endless battles is banned\n|rule|OHKO Clause: OHKO moves are banned\n|rule|Evasion Moves Clause: Evasion moves are banned\n|rule|Evasion Items Clause: Evasion items are banned\n|rule|Species Clause: Limit one of each Pok\u00e9mon\n|rule|Sleep Clause Mod: Limit one foe put to sleep\n|rule|Mega Rayquaza Clause: You cannot mega evolve Rayquaza\n|clearpoke\n|poke|p1|Darmanitan-Galar, M|\n|poke|p1|Ribombee, M|\n|poke|p1|Sandslash-Alola, M|\n|poke|p1|Ninetales-Alola, M|\n|poke|p1|Cloyster, F|\n|poke|p1|Glastrier|\n|poke|p2|Tapu Koko|\n|poke|p2|Iron Leaves|\n|poke|p2|Iron Valiant|\n|poke|p2|Regieleki|\n|poke|p2|Rotom-Heat|\n|poke|p2|Mawile, F|\n|teampreview\n|inactive|Battle timer is ON: inactive players will automatically lose when time's up. (requested by cancer_asf_ngl)\n|c|\u2606AlolanSandslashOU|Hmmm\n|c|\u2606AlolanSandslashOU|Hope you don\u2019t get frostbite during this fight\n|inactive|AlolanSandslashOU has 270 seconds left.\n|inactive|cancer_asf_ngl has 270 seconds left.\n|c|\u2606cancer_asf_ngl|hope you dont get elctrified ig\n|\n|t:|1699098547\n|start\n|switch|p1a: Ribombee|Ribombee, M, shiny|100\/100\n|switch|p2a: Rotom|Rotom-Heat|100\/100\n|turn|1\n|\n|t:|1699098552\n|move|p2a: Rotom|Volt Switch|p1a: Ribombee\n|-damage|p1a: Ribombee|44\/100\n|\n|t:|1699098554\n|switch|p2a: Regieleki|Regieleki|100\/100|[from] Volt Switch\n|move|p1a: Ribombee|Sticky Web|p2a: Regieleki\n|-sidestart|p2: cancer_asf_ngl|move: Sticky Web\n|\n|upkeep\n|turn|2\n|\n|t:|1699098559\n|move|p2a: Regieleki|Rapid Spin|p1a: Ribombee\n|-damage|p1a: Ribombee|22\/100\n|-boost|p2a: Regieleki|spe|1\n|-sideend|p2: cancer_asf_ngl|Sticky Web|[from] move: Rapid Spin|[of] p2a: Regieleki\n|move|p1a: Ribombee|Sticky Web|p2a: Regieleki\n|-sidestart|p2: cancer_asf_ngl|move: Sticky Web\n|\n|upkeep\n|turn|3\n|\n|t:|1699098567\n|move|p2a: Regieleki|Rapid Spin|p1a: Ribombee\n|-damage|p1a: Ribombee|0 fnt\n|-boost|p2a: Regieleki|spe|1\n|-sideend|p2: cancer_asf_ngl|Sticky Web|[from] move: Rapid Spin|[of] p2a: Regieleki\n|faint|p1a: Ribombee\n|\n|upkeep\n|\n|t:|1699098579\n|switch|p1a: Ninetales|Ninetales-Alola, M, shiny|100\/100\n|-weather|Snow|[from] ability: Snow Warning|[of] p1a: Ninetales\n|turn|4\n|\n|t:|1699098585\n|move|p2a: Regieleki|Volt Switch|p1a: Ninetales\n|-damage|p1a: Ninetales|50\/100\n|\n|t:|1699098607\n|switch|p2a: Mawile|Mawile, F|100\/100|[from] Volt Switch\n|-ability|p2a: Mawile|Intimidate|boost\n|-unboost|p1a: Ninetales|atk|1\n|move|p1a: Ninetales|Aurora Veil|p1a: Ninetales\n|-sidestart|p1: AlolanSandslashOU|move: Aurora Veil\n|\n|-weather|Snow|[upkeep]\n|upkeep\n|turn|5\n|\n|t:|1699098617\n|detailschange|p2a: Mawile|Mawile-Mega, F\n|-mega|p2a: Mawile|Mawile|Mawilite\n|move|p1a: Ninetales|Encore||[still]\n|-fail|p1a: Ninetales\n|move|p2a: Mawile|Iron Head|p1a: Ninetales\n|-supereffective|p1a: Ninetales\n|-damage|p1a: Ninetales|0 fnt\n|faint|p1a: Ninetales\n|\n|-weather|Snow|[upkeep]\n|upkeep\n|c|\u2606cancer_asf_ngl|huh ?\n|\n|t:|1699098632\n|switch|p1a: Glastrier|Glastrier|100\/100\n|turn|6\n|\n|t:|1699098638\n|-terastallize|p1a: Glastrier|Steel\n|move|p1a: Glastrier|Substitute|p1a: Glastrier\n|-start|p1a: Glastrier|Substitute\n|-damage|p1a: Glastrier|75\/100\n|move|p2a: Mawile|Iron Head|p1a: Glastrier\n|-resisted|p1a: Glastrier\n|-activate|p1a: Glastrier|move: Substitute|[damage]\n|\n|-weather|Snow|[upkeep]\n|-heal|p1a: Glastrier|82\/100|[from] item: Leftovers\n|upkeep\n|turn|7\n|\n|t:|1699098645\n|move|p1a: Glastrier|Swords Dance|p1a: Glastrier\n|-boost|p1a: Glastrier|atk|2\n|move|p2a: Mawile|Play Rough|p1a: Glastrier\n|-resisted|p1a: Glastrier\n|-end|p1a: Glastrier|Substitute\n|\n|-weather|Snow|[upkeep]\n|-heal|p1a: Glastrier|88\/100|[from] item: Leftovers\n|upkeep\n|turn|8\n|\n|t:|1699098650\n|move|p1a: Glastrier|Substitute|p1a: Glastrier\n|-start|p1a: Glastrier|Substitute\n|-damage|p1a: Glastrier|63\/100\n|move|p2a: Mawile|Play Rough|p1a: Glastrier\n|-resisted|p1a: Glastrier\n|-activate|p1a: Glastrier|move: Substitute|[damage]\n|\n|-weather|Snow|[upkeep]\n|-heal|p1a: Glastrier|69\/100|[from] item: Leftovers\n|-sideend|p1: AlolanSandslashOU|move: Aurora Veil\n|upkeep\n|turn|9\n|\n|t:|1699098658\n|move|p1a: Glastrier|Stomping Tantrum|p2a: Mawile\n|-supereffective|p2a: Mawile\n|-damage|p2a: Mawile|7\/100\n|move|p2a: Mawile|Iron Head|p1a: Glastrier\n|-resisted|p1a: Glastrier\n|-end|p1a: Glastrier|Substitute\n|\n|-weather|Snow|[upkeep]\n|-heal|p1a: Glastrier|75\/100|[from] item: Leftovers\n|upkeep\n|turn|10\n|\n|t:|1699098681\n|move|p1a: Glastrier|Substitute|p1a: Glastrier\n|-start|p1a: Glastrier|Substitute\n|-damage|p1a: Glastrier|50\/100\n|move|p2a: Mawile|Play Rough|p1a: Glastrier\n|-resisted|p1a: Glastrier\n|-end|p1a: Glastrier|Substitute\n|\n|-weather|Snow|[upkeep]\n|-heal|p1a: Glastrier|56\/100|[from] item: Leftovers\n|upkeep\n|turn|11\n|\n|t:|1699098684\n|move|p1a: Glastrier|Stomping Tantrum|p2a: Mawile\n|-supereffective|p2a: Mawile\n|-damage|p2a: Mawile|0 fnt\n|faint|p2a: Mawile\n|-ability|p1a: Glastrier|Chilling Neigh|boost\n|-boost|p1a: Glastrier|atk|1\n|\n|-weather|none\n|-heal|p1a: Glastrier|63\/100|[from] item: Leftovers\n|upkeep\n|\n|t:|1699098687\n|switch|p2a: Tapu Koko|Tapu Koko|100\/100\n|-fieldstart|move: Electric Terrain|[from] ability: Electric Surge|[of] p2a: Tapu Koko\n|turn|12\n|\n|t:|1699098695\n|move|p2a: Tapu Koko|U-turn|p1a: Glastrier\n|-resisted|p1a: Glastrier\n|-damage|p1a: Glastrier|56\/100\n|\n|t:|1699098697\n|switch|p2a: Iron Leaves|Iron Leaves|100\/100|[from] U-turn\n|-activate|p2a: Iron Leaves|ability: Quark Drive\n|-start|p2a: Iron Leaves|quarkdrivespe\n|move|p1a: Glastrier|Stomping Tantrum|p2a: Iron Leaves\n|-resisted|p2a: Iron Leaves\n|-crit|p2a: Iron Leaves\n|-damage|p2a: Iron Leaves|54\/100\n|\n|-heal|p1a: Glastrier|63\/100|[from] item: Leftovers\n|upkeep\n|turn|13\n|\n|t:|1699098706\n|-terastallize|p2a: Iron Leaves|Fighting\n|move|p2a: Iron Leaves|Close Combat|p1a: Glastrier\n|-supereffective|p1a: Glastrier\n|-damage|p1a: Glastrier|0 fnt\n|-unboost|p2a: Iron Leaves|def|1\n|-unboost|p2a: Iron Leaves|spd|1\n|faint|p1a: Glastrier\n|\n|upkeep\n|\n|t:|1699098713\n|switch|p1a: Cloyster|Cloyster, F, shiny|100\/100\n|turn|14\n|\n|t:|1699098718\n|-end|p2a: Iron Leaves|Quark Drive|[silent]\n|switch|p2a: Rotom|Rotom-Heat|100\/100\n|move|p1a: Cloyster|Shell Smash|p1a: Cloyster\n|-unboost|p1a: Cloyster|def|1\n|-unboost|p1a: Cloyster|spd|1\n|-boost|p1a: Cloyster|atk|2\n|-boost|p1a: Cloyster|spa|2\n|-boost|p1a: Cloyster|spe|2\n|-enditem|p1a: Cloyster|White Herb\n|-clearnegativeboost|p1a: Cloyster|[silent]\n|\n|upkeep\n|turn|15\n|\n|t:|1699098726\n|move|p1a: Cloyster|Liquidation|p2a: Rotom\n|-supereffective|p2a: Rotom\n|-damage|p2a: Rotom|0 fnt\n|faint|p2a: Rotom\n|\n|upkeep\n|\n|t:|1699098733\n|switch|p2a: Regieleki|Regieleki|100\/100\n|turn|16\n|\n|t:|1699098738\n|move|p2a: Regieleki|Rising Voltage|p1a: Cloyster\n|-hint|Rising Voltage's BP doubled on grounded target.\n|-supereffective|p1a: Cloyster\n|-damage|p1a: Cloyster|0 fnt\n|faint|p1a: Cloyster\n|\n|-fieldend|move: Electric Terrain\n|upkeep\n|\n|t:|1699098742\n|switch|p1a: Sandslash|Sandslash-Alola, M|100\/100\n|turn|17\n|\n|t:|1699098746\n|move|p2a: Regieleki|Volt Switch|p1a: Sandslash\n|-damage|p1a: Sandslash|36\/100\n|\n|t:|1699098748\n|switch|p2a: Tapu Koko|Tapu Koko|100\/100|[from] Volt Switch\n|-fieldstart|move: Electric Terrain|[from] ability: Electric Surge|[of] p2a: Tapu Koko\n|move|p1a: Sandslash|Rapid Spin|p2a: Tapu Koko\n|-damage|p2a: Tapu Koko|85\/100\n|-boost|p1a: Sandslash|spe|1\n|\n|-heal|p2a: Tapu Koko|91\/100|[from] item: Leftovers\n|upkeep\n|turn|18\n|\n|t:|1699098753\n|move|p2a: Tapu Koko|U-turn|p1a: Sandslash\n|-resisted|p1a: Sandslash\n|-damage|p1a: Sandslash|26\/100\n|\n|t:|1699098761\n|switch|p2a: Iron Valiant|Iron Valiant|100\/100|[from] U-turn\n|-activate|p2a: Iron Valiant|ability: Quark Drive\n|-start|p2a: Iron Valiant|quarkdrivespe\n|move|p1a: Sandslash|Rapid Spin|p2a: Iron Valiant\n|-damage|p2a: Iron Valiant|83\/100\n|-boost|p1a: Sandslash|spe|1\n|\n|upkeep\n|turn|19\n|\n|t:|1699098769\n|move|p2a: Iron Valiant|Close Combat|p1a: Sandslash\n|-supereffective|p1a: Sandslash\n|-damage|p1a: Sandslash|0 fnt\n|-unboost|p2a: Iron Valiant|def|1\n|-unboost|p2a: Iron Valiant|spd|1\n|faint|p1a: Sandslash\n|\n|upkeep\n|\n|t:|1699098771\n|switch|p1a: Darmanitan|Darmanitan-Galar, M|100\/100\n|turn|20\n|c|\u2606AlolanSandslashOU|Gg\n|c|\u2606cancer_asf_ngl|gg\n|c|\u2606AlolanSandslashOU|you have successfully survived the cold weather\n|\n|t:|1699098792\n|-zpower|p2a: Iron Valiant\n|move|p2a: Iron Valiant|Shattered Psyche|p1a: Darmanitan|[zeffect]\n|-crit|p1a: Darmanitan\n|-damage|p1a: Darmanitan|0 fnt\n|faint|p1a: Darmanitan\n|\n|win|cancer_asf_ngl\n|c|\u2606AlolanSandslashOU|LMAO YOU LOST\n|c|\u2606cancer_asf_ngl|huh ?\n|c|\u2606AlolanSandslashOU|my ban is z moves\n|c|\u2606cancer_asf_ngl|whut\n|c|\u2606AlolanSandslashOU|You can\u2019t z move or it\u2019s a auto lose\n|c|\u2606cancer_asf_ngl|what about telling me earlier\n|c|\u2606AlolanSandslashOU|???\n|c|\u2606AlolanSandslashOU|it\u2019s literally stated in the gym leader info\n|c|\u2606cancer_asf_ngl|where is this rule\n|c|\u2606AlolanSandslashOU|Did you not check that?\n|c|\u2606cancer_asf_ngl|i did\n|c|\u2606cancer_asf_ngl|but do you think i memorized every single bans ?\n|l|\u2606AlolanSandslashOU\n|c|\u2606cancer_asf_ngl|i assumed you had none since you didnt telle anything abt it\n","uploadtime":1699098876,"views":6,"p1id":"alolansandslashou","p2id":"cancerasfngl","formatid":"gen9nationaldexubers","rating":0,"private":0,"password":""}