{"id":"gen9nationaldexubers-1989296949","p1":"PhoNoodles","p2":"bostf 1","format":"[Gen 9] National Dex Ubers","log":"|j|\u2606PhoNoodles\n|j|\u2606bostf 1\n|t:|1699833253\n|gametype|singles\n|player|p1|PhoNoodles|bugcatcher-gen4dp|1000\n|player|p2|bostf 1|linebacker|1046\n|teamsize|p1|6\n|teamsize|p2|6\n|gen|9\n|tier|[Gen 9] National Dex Ubers\n|rated|\n|rule|HP Percentage Mod: HP is shown in percentages\n|rule|Endless Battle Clause: Forcing endless battles is banned\n|rule|OHKO Clause: OHKO moves are banned\n|rule|Evasion Moves Clause: Evasion moves are banned\n|rule|Evasion Items Clause: Evasion items are banned\n|rule|Species Clause: Limit one of each Pok\u00e9mon\n|rule|Sleep Clause Mod: Limit one foe put to sleep\n|rule|Mega Rayquaza Clause: You cannot mega evolve Rayquaza\n|clearpoke\n|poke|p1|Tyranitar, F|\n|poke|p1|Dracozolt|\n|poke|p1|Hippowdon, F|\n|poke|p1|Dialga|\n|poke|p1|Excadrill, M|\n|poke|p1|Genesect|\n|poke|p2|Feraligatr, F|\n|poke|p2|Medicham, F|\n|poke|p2|Arcanine, F|\n|poke|p2|Tornadus, M|\n|poke|p2|Orthworm, F|\n|poke|p2|Toxapex, F|\n|teampreview\n|\n|t:|1699833257\n|start\n|switch|p1a: Tyranitar|Tyranitar, F|100\/100\n|switch|p2a: Orthworm|Orthworm, F|100\/100\n|-weather|Sandstorm|[from] ability: Sand Stream|[of] p1a: Tyranitar\n|turn|1\n|inactive|Battle timer is ON: inactive players will automatically lose when time's up. (requested by bostf 1)\n|\n|t:|1699833267\n|move|p2a: Orthworm|Heavy Slam|p1a: Tyranitar\n|-supereffective|p1a: Tyranitar\n|-crit|p1a: Tyranitar\n|-damage|p1a: Tyranitar|78\/100\n|move|p1a: Tyranitar|Stealth Rock|p2a: Orthworm\n|-sidestart|p2: bostf 1|move: Stealth Rock\n|\n|-weather|Sandstorm|[upkeep]\n|upkeep\n|turn|2\n|\n|t:|1699833273\n|move|p2a: Orthworm|Shed Tail|p2a: Orthworm\n|-start|p2a: Orthworm|Substitute|[from] move: Shed Tail\n|-damage|p2a: Orthworm|50\/100\n|-enditem|p2a: Orthworm|Sitrus Berry|[eat]\n|-heal|p2a: Orthworm|75\/100|[from] item: Sitrus Berry\n|\n|t:|1699833276\n|switch|p2a: Feraligatr|Feraligatr, F|100\/100|[from] Shed Tail\n|-damage|p2a: Feraligatr|88\/100|[from] Stealth Rock\n|move|p1a: Tyranitar|Roar|p2a: Feraligatr\n|drag|p2a: Medicham|Medicham, F, shiny|100\/100\n|-damage|p2a: Medicham|94\/100|[from] Stealth Rock\n|\n|-weather|Sandstorm|[upkeep]\n|-damage|p2a: Medicham|88\/100|[from] Sandstorm\n|upkeep\n|turn|3\n|\n|t:|1699833286\n|detailschange|p2a: Medicham|Medicham-Mega, F, shiny\n|-mega|p2a: Medicham|Medicham|Medichamite\n|move|p2a: Medicham|High Jump Kick|p1a: Tyranitar\n|-supereffective|p1a: Tyranitar\n|-damage|p1a: Tyranitar|0 fnt\n|faint|p1a: Tyranitar\n|\n|-weather|Sandstorm|[upkeep]\n|-damage|p2a: Medicham|82\/100|[from] Sandstorm\n|upkeep\n|\n|t:|1699833294\n|switch|p1a: Dracozolt|Dracozolt|100\/100\n|turn|4\n|\n|t:|1699833302\n|move|p1a: Dracozolt|Bolt Beak|p2a: Medicham\n|-damage|p2a: Medicham|0 fnt\n|faint|p2a: Medicham\n|\n|-weather|Sandstorm|[upkeep]\n|upkeep\n|\n|t:|1699833311\n|switch|p2a: Arcanine|Arcanine, F|100\/100\n|-damage|p2a: Arcanine|76\/100|[from] Stealth Rock\n|turn|5\n|\n|t:|1699833315\n|move|p1a: Dracozolt|Bolt Beak|p2a: Arcanine\n|-damage|p2a: Arcanine|0 fnt\n|faint|p2a: Arcanine\n|\n|-weather|Sandstorm|[upkeep]\n|upkeep\n|c|\u2606bostf 1|choice scarf?\n|\n|t:|1699833331\n|switch|p2a: Tornadus|Tornadus, M, shiny|100\/100\n|-damage|p2a: Tornadus|76\/100|[from] Stealth Rock\n|turn|6\n|c|\u2606PhoNoodles|nope, sand rush\n|c|\u2606PhoNoodles|banded tho\n|\n|t:|1699833344\n|move|p1a: Dracozolt|Bolt Beak|p2a: Tornadus\n|-supereffective|p2a: Tornadus\n|-damage|p2a: Tornadus|0 fnt\n|faint|p2a: Tornadus\n|\n|-weather|Sandstorm|[upkeep]\n|upkeep\n|-message|bostf 1 forfeited.\n|\n|win|PhoNoodles\n|raw|PhoNoodles's rating: 1000 &rarr; <strong>1045<\/strong><br \/>(+45 for winning)\n|raw|bostf 1's rating: 1046 &rarr; <strong>1027<\/strong><br \/>(-19 for losing)\n|l|\u2606bostf 1\n","uploadtime":1699833371,"views":22,"p1id":"phonoodles","p2id":"bostf1","formatid":"gen9nationaldexubers","rating":1027,"private":0,"password":""}