{"id":"gen9nationaldexubers-1991776378","p1":"Fazykins","p2":"Fazy1","format":"[Gen 9] National Dex Ubers","log":"|j|\u2606Fazykins\n|j|\u2606Fazy1\n|t:|1700115257\n|gametype|singles\n|player|p1|Fazykins|2|\n|player|p2|Fazy1|2|\n|teamsize|p1|1\n|teamsize|p2|1\n|gen|9\n|tier|[Gen 9] National Dex Ubers\n|rule|HP Percentage Mod: HP is shown in percentages\n|rule|Endless Battle Clause: Forcing endless battles is banned\n|rule|OHKO Clause: OHKO moves are banned\n|rule|Evasion Moves Clause: Evasion moves are banned\n|rule|Evasion Items Clause: Evasion items are banned\n|rule|Species Clause: Limit one of each Pok\u00e9mon\n|rule|Sleep Clause Mod: Limit one foe put to sleep\n|rule|Mega Rayquaza Clause: You cannot mega evolve Rayquaza\n|clearpoke\n|poke|p1|Nidoran-F, F|\n|poke|p2|Quaquaval, F|\n|teampreview\n|\n|t:|1700115262\n|start\n|switch|p1a: Nidoran-F|Nidoran-F, F|100\/100\n|switch|p2a: Quaquaval|Quaquaval, F|100\/100\n|turn|1\n|\n|t:|1700115270\n|move|p2a: Quaquaval|Aqua Step|p1a: Nidoran-F\n|-damage|p1a: Nidoran-F|72\/100\n|-boost|p2a: Quaquaval|spe|1\n|-status|p2a: Quaquaval|psn|[from] ability: Poison Point|[of] p1a: Nidoran-F\n|move|p1a: Nidoran-F|Toxic||[still]\n|-fail|p1a: Nidoran-F\n|\n|-damage|p2a: Quaquaval|88\/100 psn|[from] psn\n|upkeep\n|turn|2\n|\n|t:|1700115279\n|move|p1a: Nidoran-F|Protect|p1a: Nidoran-F\n|-singleturn|p1a: Nidoran-F|Protect\n|move|p2a: Quaquaval|Aqua Step|p1a: Nidoran-F\n|-activate|p1a: Nidoran-F|move: Protect\n|\n|-damage|p2a: Quaquaval|76\/100 psn|[from] psn\n|upkeep\n|turn|3\n|\n|t:|1700115289\n|move|p2a: Quaquaval|Aqua Step|p1a: Nidoran-F\n|-damage|p1a: Nidoran-F|38\/100\n|-boost|p2a: Quaquaval|spe|1\n|move|p1a: Nidoran-F|Venom Drench|p2a: Quaquaval\n|-unboost|p2a: Quaquaval|atk|1\n|-unboost|p2a: Quaquaval|spa|1\n|-unboost|p2a: Quaquaval|spe|1\n|\n|-damage|p2a: Quaquaval|64\/100 psn|[from] psn\n|upkeep\n|turn|4\n|\n|t:|1700115299\n|move|p1a: Nidoran-F|Protect|p1a: Nidoran-F\n|-singleturn|p1a: Nidoran-F|Protect\n|move|p2a: Quaquaval|Aqua Step|p1a: Nidoran-F\n|-activate|p1a: Nidoran-F|move: Protect\n|\n|-damage|p2a: Quaquaval|52\/100 psn|[from] psn\n|upkeep\n|turn|5\n|\n|t:|1700115306\n|move|p2a: Quaquaval|Aqua Step|p1a: Nidoran-F\n|-damage|p1a: Nidoran-F|18\/100\n|-boost|p2a: Quaquaval|spe|1\n|move|p1a: Nidoran-F|Venom Drench|p2a: Quaquaval\n|-unboost|p2a: Quaquaval|atk|1\n|-unboost|p2a: Quaquaval|spa|1\n|-unboost|p2a: Quaquaval|spe|1\n|\n|-damage|p2a: Quaquaval|39\/100 psn|[from] psn\n|upkeep\n|turn|6\n|\n|t:|1700115318\n|move|p1a: Nidoran-F|Protect|p1a: Nidoran-F\n|-singleturn|p1a: Nidoran-F|Protect\n|move|p2a: Quaquaval|Aqua Step|p1a: Nidoran-F\n|-activate|p1a: Nidoran-F|move: Protect\n|\n|-damage|p2a: Quaquaval|27\/100 psn|[from] psn\n|upkeep\n|turn|7\n|\n|t:|1700115329\n|move|p2a: Quaquaval|Aqua Step|p1a: Nidoran-F\n|-damage|p1a: Nidoran-F|2\/100\n|-boost|p2a: Quaquaval|spe|1\n|move|p1a: Nidoran-F|Thunderbolt|p2a: Quaquaval\n|-supereffective|p2a: Quaquaval\n|-damage|p2a: Quaquaval|0 fnt\n|faint|p2a: Quaquaval\n|\n|win|Fazykins\n","uploadtime":1700115339,"views":8,"p1id":"fazykins","p2id":"fazy1","formatid":"gen9nationaldexubers","rating":0,"private":0,"password":""}