{"id":"gen9nationaldexubers-1981776969","p1":"MadDogOfShowdown","p2":"InsertSampleText","format":"[Gen 9] National Dex Ubers","log":"|j|\u2606MadDogOfShowdown\n|j|\u2606InsertSampleText\n|t:|1698940814\n|gametype|singles\n|player|p1|MadDogOfShowdown|wallace|1450\n|player|p2|InsertSampleText|unknown|1507\n|teamsize|p1|6\n|teamsize|p2|6\n|gen|9\n|tier|[Gen 9] National Dex Ubers\n|rated|\n|rule|HP Percentage Mod: HP is shown in percentages\n|rule|Endless Battle Clause: Forcing endless battles is banned\n|rule|OHKO Clause: OHKO moves are banned\n|rule|Evasion Moves Clause: Evasion moves are banned\n|rule|Evasion Items Clause: Evasion items are banned\n|rule|Species Clause: Limit one of each Pok\u00e9mon\n|rule|Sleep Clause Mod: Limit one foe put to sleep\n|rule|Mega Rayquaza Clause: You cannot mega evolve Rayquaza\n|clearpoke\n|poke|p1|Yveltal|\n|poke|p1|Kingambit, M|\n|poke|p1|Greninja-*, M|\n|poke|p1|Urshifu-*, M|\n|poke|p1|Chien-Pao|\n|poke|p1|Chi-Yu|\n|poke|p2|Lopunny, F|\n|poke|p2|Latias, F|\n|poke|p2|Manaphy|\n|poke|p2|Corviknight, F|\n|poke|p2|Magearna|\n|poke|p2|Gliscor, M|\n|teampreview\n|inactive|Battle timer is ON: inactive players will automatically lose when time's up. (requested by MadDogOfShowdown)\n|\n|t:|1698940819\n|start\n|switch|p1a: Hell Fire|Chi-Yu|100\/100\n|switch|p2a: Fuchsia Fighter|Lopunny, F, shiny|100\/100\n|-ability|p1a: Hell Fire|Beads of Ruin\n|turn|1\n|\n|t:|1698940823\n|detailschange|p2a: Fuchsia Fighter|Lopunny-Mega, F, shiny\n|-mega|p2a: Fuchsia Fighter|Lopunny|Lopunnite\n|move|p2a: Fuchsia Fighter|Fake Out|p1a: Hell Fire\n|-damage|p1a: Hell Fire|67\/100\n|cant|p1a: Hell Fire|flinch\n|\n|upkeep\n|turn|2\n|\n|t:|1698940833\n|switch|p2a: VX Sagittarii|Latias, F|100\/100\n|move|p1a: Hell Fire|Flamethrower|p2a: VX Sagittarii\n|-resisted|p2a: VX Sagittarii\n|-damage|p2a: VX Sagittarii|80\/100\n|\n|upkeep\n|turn|3\n|\n|t:|1698940839\n|switch|p1a: Bloody Shadow|Urshifu, M|100\/100\n|move|p2a: VX Sagittarii|Thunderbolt|p1a: Bloody Shadow\n|-damage|p1a: Bloody Shadow|56\/100\n|\n|upkeep\n|turn|4\n|\n|t:|1698940845\n|switch|p2a: Kraz|Corviknight, F|100\/100\n|-ability|p2a: Kraz|Pressure\n|move|p1a: Bloody Shadow|Wicked Blow|p2a: Kraz\n|-crit|p2a: Kraz\n|-damage|p2a: Kraz|51\/100\n|-damage|p1a: Bloody Shadow|40\/100|[from] item: Rocky Helmet|[of] p2a: Kraz\n|\n|upkeep\n|turn|5\n|\n|t:|1698940849\n|move|p1a: Bloody Shadow|Wicked Blow|p2a: Kraz\n|-crit|p2a: Kraz\n|-damage|p2a: Kraz|0 fnt\n|-damage|p1a: Bloody Shadow|23\/100|[from] item: Rocky Helmet|[of] p2a: Kraz\n|faint|p2a: Kraz\n|\n|upkeep\n|\n|t:|1698940854\n|switch|p2a: Fuchsia Fighter|Lopunny-Mega, F, shiny|100\/100\n|turn|6\n|\n|t:|1698940856\n|switch|p1a: Reaper Bird|Yveltal|100\/100\n|-ability|p1a: Reaper Bird|Dark Aura\n|move|p2a: Fuchsia Fighter|Fake Out|p1a: Reaper Bird\n|-damage|p1a: Reaper Bird|82\/100\n|\n|upkeep\n|turn|7\n|\n|t:|1698940863\n|switch|p2a: Daisy Bell|Magearna|100\/100\n|move|p1a: Reaper Bird|Oblivion Wing|p2a: Daisy Bell\n|-resisted|p2a: Daisy Bell\n|-damage|p2a: Daisy Bell|86\/100\n|-heal|p1a: Reaper Bird|90\/100|[from] drain|[of] p2a: Daisy Bell\n|\n|-heal|p2a: Daisy Bell|93\/100|[from] item: Leftovers\n|upkeep\n|turn|8\n|\n|t:|1698940867\n|switch|p1a: Hell Fire|Chi-Yu|67\/100\n|-ability|p1a: Hell Fire|Beads of Ruin\n|move|p2a: Daisy Bell|Fleur Cannon|p1a: Hell Fire\n|-crit|p1a: Hell Fire\n|-damage|p1a: Hell Fire|0 fnt\n|-unboost|p2a: Daisy Bell|spa|2\n|faint|p1a: Hell Fire\n|-ability|p2a: Daisy Bell|Soul-Heart|boost\n|-boost|p2a: Daisy Bell|spa|1\n|\n|-heal|p2a: Daisy Bell|99\/100|[from] item: Leftovers\n|upkeep\n|\n|t:|1698940871\n|switch|p1a: Bloody Shadow|Urshifu, M|23\/100\n|turn|9\n|\n|t:|1698940885\n|switch|p2a: Gliscor|Gliscor, M|100\/100\n|move|p1a: Bloody Shadow|Close Combat|p2a: Gliscor\n|-resisted|p2a: Gliscor\n|-damage|p2a: Gliscor|71\/100\n|-unboost|p1a: Bloody Shadow|def|1\n|-unboost|p1a: Bloody Shadow|spd|1\n|\n|-status|p2a: Gliscor|tox|[from] item: Toxic Orb\n|upkeep\n|turn|10\n|\n|t:|1698940892\n|move|p1a: Bloody Shadow|Close Combat|p2a: Gliscor\n|-resisted|p2a: Gliscor\n|-damage|p2a: Gliscor|41\/100 tox\n|-unboost|p1a: Bloody Shadow|def|1\n|-unboost|p1a: Bloody Shadow|spd|1\n|move|p2a: Gliscor|Stone Edge|p1a: Bloody Shadow\n|-resisted|p1a: Bloody Shadow\n|-crit|p1a: Bloody Shadow\n|-damage|p1a: Bloody Shadow|0 fnt\n|faint|p1a: Bloody Shadow\n|\n|-heal|p2a: Gliscor|54\/100 tox|[from] ability: Poison Heal\n|upkeep\n|\n|t:|1698940896\n|switch|p1a: Chilly Demise|Chien-Pao|100\/100\n|-ability|p1a: Chilly Demise|Sword of Ruin\n|turn|11\n|\n|t:|1698940900\n|switch|p2a: Big Blue|Manaphy|100\/100\n|move|p1a: Chilly Demise|Swords Dance|p1a: Chilly Demise\n|-boost|p1a: Chilly Demise|atk|2\n|\n|upkeep\n|turn|12\n|\n|t:|1698940903\n|move|p1a: Chilly Demise|Crunch|p2a: Big Blue\n|-damage|p2a: Big Blue|0 fnt\n|faint|p2a: Big Blue\n|\n|upkeep\n|\n|t:|1698940907\n|switch|p2a: Fuchsia Fighter|Lopunny-Mega, F, shiny|100\/100\n|turn|13\n|\n|t:|1698940909\n|move|p2a: Fuchsia Fighter|Fake Out|p1a: Chilly Demise\n|-damage|p1a: Chilly Demise|69\/100\n|cant|p1a: Chilly Demise|flinch\n|\n|upkeep\n|turn|14\n|\n|t:|1698940912\n|move|p2a: Fuchsia Fighter|Close Combat|p1a: Chilly Demise\n|-supereffective|p1a: Chilly Demise\n|-damage|p1a: Chilly Demise|0 fnt\n|-unboost|p2a: Fuchsia Fighter|def|1\n|-unboost|p2a: Fuchsia Fighter|spd|1\n|faint|p1a: Chilly Demise\n|\n|upkeep\n|c|\u2606MadDogOfShowdown|speed tie\n|\n|t:|1698940925\n|switch|p1a: Reaper Bird|Yveltal|90\/100\n|-ability|p1a: Reaper Bird|Dark Aura\n|turn|15\n|\n|t:|1698940933\n|switch|p2a: Daisy Bell|Magearna|99\/100\n|move|p1a: Reaper Bird|Oblivion Wing|p2a: Daisy Bell\n|-resisted|p2a: Daisy Bell\n|-damage|p2a: Daisy Bell|83\/100\n|-heal|p1a: Reaper Bird|99\/100|[from] drain|[of] p2a: Daisy Bell\n|\n|-heal|p2a: Daisy Bell|89\/100|[from] item: Leftovers\n|upkeep\n|turn|16\n|\n|t:|1698940938\n|move|p1a: Reaper Bird|Dark Pulse|p2a: Daisy Bell\n|-resisted|p2a: Daisy Bell\n|-damage|p2a: Daisy Bell|71\/100\n|cant|p2a: Daisy Bell|flinch\n|\n|-heal|p2a: Daisy Bell|77\/100|[from] item: Leftovers\n|upkeep\n|turn|17\n|c|\u2606InsertSampleText|another day of thanking the agency for winning the speed tie\n|\n|t:|1698940947\n|move|p1a: Reaper Bird|Dark Pulse|p2a: Daisy Bell\n|-resisted|p2a: Daisy Bell\n|-damage|p2a: Daisy Bell|59\/100\n|move|p2a: Daisy Bell|Fleur Cannon|p1a: Reaper Bird\n|-supereffective|p1a: Reaper Bird\n|-damage|p1a: Reaper Bird|18\/100\n|-unboost|p2a: Daisy Bell|spa|2\n|\n|-heal|p2a: Daisy Bell|65\/100|[from] item: Leftovers\n|upkeep\n|turn|18\n|\n|t:|1698940952\n|move|p1a: Reaper Bird|Dark Pulse|p2a: Daisy Bell\n|-resisted|p2a: Daisy Bell\n|-damage|p2a: Daisy Bell|47\/100\n|move|p2a: Daisy Bell|Volt Switch|p1a: Reaper Bird\n|-supereffective|p1a: Reaper Bird\n|-damage|p1a: Reaper Bird|2\/100\n|\n|t:|1698940954\n|switch|p2a: Fuchsia Fighter|Lopunny-Mega, F, shiny|100\/100|[from] Volt Switch\n|\n|upkeep\n|turn|19\n|\n|t:|1698940957\n|move|p2a: Fuchsia Fighter|Fake Out|p1a: Reaper Bird\n|-damage|p1a: Reaper Bird|0 fnt\n|faint|p1a: Reaper Bird\n|\n|upkeep\n|\n|t:|1698940959\n|switch|p1a: The Ronin|Greninja, M|100\/100\n|turn|20\n|\n|t:|1698940962\n|move|p1a: The Ronin|Water Shuriken|p2a: Fuchsia Fighter\n|-damage|p2a: Fuchsia Fighter|89\/100\n|-damage|p2a: Fuchsia Fighter|75\/100\n|-damage|p2a: Fuchsia Fighter|64\/100\n|-damage|p2a: Fuchsia Fighter|51\/100\n|-damage|p2a: Fuchsia Fighter|37\/100\n|-hitcount|p2a: Fuchsia Fighter|5\n|-damage|p1a: The Ronin|91\/100|[from] item: Life Orb\n|move|p2a: Fuchsia Fighter|Close Combat|p1a: The Ronin\n|-supereffective|p1a: The Ronin\n|-damage|p1a: The Ronin|0 fnt\n|-unboost|p2a: Fuchsia Fighter|def|1\n|-unboost|p2a: Fuchsia Fighter|spd|1\n|faint|p1a: The Ronin\n|\n|upkeep\n|\n|t:|1698940967\n|switch|p1a: Bushido|Kingambit, M|100\/100\n|-activate|p1a: Bushido|ability: Supreme Overlord\n|-start|p1a: Bushido|fallen5|[silent]\n|turn|21\n|\n|t:|1698940971\n|switch|p2a: Gliscor|Gliscor, M|54\/100 tox\n|move|p1a: Bushido|Sucker Punch||[still]\n|-fail|p1a: Bushido\n|\n|-heal|p2a: Gliscor|66\/100 tox|[from] ability: Poison Heal\n|upkeep\n|turn|22\n|\n|t:|1698940976\n|-terastallize|p1a: Bushido|Dark\n|move|p2a: Gliscor|Earthquake|p1a: Bushido\n|-damage|p1a: Bushido|77\/100\n|move|p1a: Bushido|Swords Dance|p1a: Bushido\n|-boost|p1a: Bushido|atk|2\n|\n|-heal|p1a: Bushido|83\/100|[from] item: Leftovers\n|-heal|p2a: Gliscor|78\/100 tox|[from] ability: Poison Heal\n|upkeep\n|turn|23\n|\n|t:|1698940981\n|move|p2a: Gliscor|Toxic|p1a: Bushido\n|-status|p1a: Bushido|tox\n|move|p1a: Bushido|Kowtow Cleave|p2a: Gliscor\n|-damage|p2a: Gliscor|0 fnt\n|faint|p2a: Gliscor\n|\n|-heal|p1a: Bushido|90\/100 tox|[from] item: Leftovers\n|-damage|p1a: Bushido|83\/100 tox|[from] psn\n|upkeep\n|\n|t:|1698940985\n|switch|p2a: Fuchsia Fighter|Lopunny-Mega, F, shiny|37\/100\n|turn|24\n|\n|t:|1698940987\n|move|p2a: Fuchsia Fighter|Fake Out|p1a: Bushido\n|-damage|p1a: Bushido|69\/100 tox\n|cant|p1a: Bushido|flinch\n|\n|-heal|p1a: Bushido|75\/100 tox|[from] item: Leftovers\n|-damage|p1a: Bushido|62\/100 tox|[from] psn\n|upkeep\n|turn|25\n|\n|t:|1698940989\n|switch|p2a: Daisy Bell|Magearna|47\/100\n|move|p1a: Bushido|Kowtow Cleave|p2a: Daisy Bell\n|-resisted|p2a: Daisy Bell\n|-damage|p2a: Daisy Bell|0 fnt\n|faint|p2a: Daisy Bell\n|\n|-heal|p1a: Bushido|69\/100 tox|[from] item: Leftovers\n|-damage|p1a: Bushido|50\/100 tox|[from] psn\n|upkeep\n|\n|t:|1698940991\n|switch|p2a: Fuchsia Fighter|Lopunny-Mega, F, shiny|37\/100\n|turn|26\n|\n|t:|1698940994\n|move|p2a: Fuchsia Fighter|Fake Out|p1a: Bushido\n|-crit|p1a: Bushido\n|-damage|p1a: Bushido|26\/100 tox\n|cant|p1a: Bushido|flinch\n|\n|-heal|p1a: Bushido|32\/100 tox|[from] item: Leftovers\n|-damage|p1a: Bushido|7\/100 tox|[from] psn\n|upkeep\n|turn|27\n|c|\u2606MadDogOfShowdown|tch\n|-message|MadDogOfShowdown forfeited.\n|\n|win|InsertSampleText\n|raw|MadDogOfShowdown's rating: 1450 &rarr; <strong>1433<\/strong><br \/>(-17 for losing)\n|raw|InsertSampleText's rating: 1507 &rarr; <strong>1524<\/strong><br \/>(+17 for winning)\n|c|\u2606InsertSampleText|gg\n|l|\u2606MadDogOfShowdown\n","uploadtime":1698941180,"views":9,"p1id":"maddogofshowdown","p2id":"insertsampletext","formatid":"gen9nationaldexubers","rating":1433,"private":0,"password":""}