{"id":"gen9nationaldexubers-1984571044","p1":"Ginesect","p2":"Hussumon2","format":"[Gen 9] National Dex Ubers","log":"|j|\u2606Ginesect\n|j|\u203dHussumon2\n|t:|1699280857\n|gametype|singles\n|player|p1|Ginesect|workerice|\n|player|p2|Hussumon2|170|\n|teamsize|p1|6\n|teamsize|p2|6\n|gen|9\n|tier|[Gen 9] National Dex Ubers\n|rule|HP Percentage Mod: HP is shown in percentages\n|rule|Endless Battle Clause: Forcing endless battles is banned\n|rule|OHKO Clause: OHKO moves are banned\n|rule|Evasion Moves Clause: Evasion moves are banned\n|rule|Evasion Items Clause: Evasion items are banned\n|rule|Species Clause: Limit one of each Pok\u00e9mon\n|rule|Sleep Clause Mod: Limit one foe put to sleep\n|rule|Mega Rayquaza Clause: You cannot mega evolve Rayquaza\n|clearpoke\n|poke|p1|Chien-Pao|\n|poke|p1|Mandibuzz, F|\n|poke|p1|Mawile, F|\n|poke|p1|Grimmsnarl, M|\n|poke|p1|Greninja-*, M|\n|poke|p1|Ting-Lu|\n|poke|p2|Roaring Moon|\n|poke|p2|Heatran, M|\n|poke|p2|Rotom-Wash|\n|poke|p2|Serperior, F|\n|poke|p2|Gliscor, F|\n|poke|p2|Diancie|\n|teampreview\n|j| D. Lawrenzz\n|c|\u2606Ginesect|Hussu comeback match\n|c|\u2606Ginesect|\ud83d\udd25\ud83d\udd25\ud83d\udd25\n|c|\u2606Ginesect|Let's get the heat going\n|\n|t:|1699280910\n|start\n|switch|p1a: Ting-Lu|Ting-Lu|100\/100\n|switch|p2a: Serperior|Serperior, F|100\/100\n|-ability|p1a: Ting-Lu|Vessel of Ruin\n|turn|1\n|c| D. Lawrenzz|gl\n|\n|t:|1699280918\n|switch|p1a: Mandibuzz|Mandibuzz, F|100\/100\n|move|p2a: Serperior|Glare|p1a: Mandibuzz\n|-status|p1a: Mandibuzz|par\n|\n|upkeep\n|turn|2\n|c|\u2606Ginesect|Nice predict\n|\n|t:|1699280927\n|switch|p2a: Gliscor|Gliscor, F|100\/100\n|cant|p1a: Mandibuzz|par\n|\n|-status|p2a: Gliscor|tox|[from] item: Toxic Orb\n|upkeep\n|turn|3\n|\n|t:|1699280934\n|move|p2a: Gliscor|Spikes|p1a: Mandibuzz\n|-sidestart|p1: Ginesect|Spikes\n|move|p1a: Mandibuzz|Foul Play|p2a: Gliscor\n|-damage|p2a: Gliscor|81\/100 tox\n|\n|-heal|p2a: Gliscor|93\/100 tox|[from] ability: Poison Heal\n|upkeep\n|turn|4\n|\n|t:|1699280941\n|move|p2a: Gliscor|Spikes|p1a: Mandibuzz\n|-sidestart|p1: Ginesect|Spikes\n|move|p1a: Mandibuzz|Defog|p2a: Gliscor\n|-unboost|p2a: Gliscor|evasion|1\n|-sideend|p1: Ginesect|Spikes|[from] move: Defog|[of] p1a: Mandibuzz\n|\n|-heal|p2a: Gliscor|100\/100 tox|[from] ability: Poison Heal\n|upkeep\n|turn|5\n|\n|t:|1699280948\n|switch|p2a: Rotom|Rotom-Wash|100\/100\n|switch|p1a: Ting-Lu|Ting-Lu|100\/100\n|-ability|p1a: Ting-Lu|Vessel of Ruin\n|\n|upkeep\n|turn|6\n|\n|t:|1699280955\n|switch|p2a: Serperior|Serperior, F|100\/100\n|move|p1a: Ting-Lu|Stealth Rock|p2a: Serperior\n|-sidestart|p2: Hussumon2|move: Stealth Rock\n|\n|upkeep\n|turn|7\n|j| Just B3A$T\n|\n|t:|1699280962\n|move|p1a: Ting-Lu|Protect|p1a: Ting-Lu\n|-singleturn|p1a: Ting-Lu|Protect\n|move|p2a: Serperior|Substitute|p2a: Serperior\n|-start|p2a: Serperior|Substitute\n|-damage|p2a: Serperior|76\/100\n|\n|-heal|p2a: Serperior|82\/100|[from] item: Leftovers\n|upkeep\n|turn|8\n|c| Just B3A$T|arrival\n|j| ANinjaDude\n|c|\u2606Ginesect|Ooh\n|\n|t:|1699280970\n|move|p2a: Serperior|Leech Seed|p1a: Ting-Lu\n|-start|p1a: Ting-Lu|move: Leech Seed\n|move|p1a: Ting-Lu|Whirlwind|p2a: Serperior\n|drag|p2a: Roaring Moon|Roaring Moon|100\/100\n|-damage|p2a: Roaring Moon|88\/100|[from] Stealth Rock\n|\n|-damage|p1a: Ting-Lu|88\/100|[from] Leech Seed|[of] p2a: Roaring Moon\n|-heal|p2a: Roaring Moon|100\/100|[silent]\n|upkeep\n|turn|9\n|c| ANinjaDude|BITE HIS ANKLES\n|c| Just B3A$T|I'm at the gym during a hard ass bicep session\n|\n|t:|1699280981\n|switch|p1a: Grimmsnarl|Grimmsnarl, M|100\/100\n|move|p2a: Roaring Moon|Knock Off|p1a: Grimmsnarl\n|-resisted|p1a: Grimmsnarl\n|-damage|p1a: Grimmsnarl|84\/100\n|-enditem|p1a: Grimmsnarl|Light Clay|[from] move: Knock Off|[of] p2a: Roaring Moon\n|\n|upkeep\n|turn|10\n|c| Just B3A$T|but this is important too\n|\n|t:|1699280993\n|-end|p2a: Roaring Moon|Protosynthesis|[silent]\n|switch|p2a: Gliscor|Gliscor, F|100\/100 tox\n|-damage|p2a: Gliscor|88\/100 tox|[from] Stealth Rock\n|move|p1a: Grimmsnarl|Thunder Wave|p2a: Gliscor\n|-immune|p2a: Gliscor\n|\n|-heal|p2a: Gliscor|100\/100 tox|[from] ability: Poison Heal\n|upkeep\n|turn|11\n|\n|t:|1699280999\n|move|p1a: Grimmsnarl|Parting Shot|p2a: Gliscor\n|-unboost|p2a: Gliscor|atk|1\n|-unboost|p2a: Gliscor|spa|1\n|\n|t:|1699281002\n|switch|p1a: Greninja|Greninja, M|100\/100|[from] Parting Shot\n|move|p2a: Gliscor|Toxic|p1a: Greninja\n|-status|p1a: Greninja|tox\n|\n|-damage|p1a: Greninja|95\/100 tox|[from] psn\n|upkeep\n|turn|12\n|\n|t:|1699281010\n|switch|p2a: Rotom|Rotom-Wash|100\/100\n|-damage|p2a: Rotom|88\/100|[from] Stealth Rock\n|move|p1a: Greninja|Hydro Pump|p2a: Rotom\n|-resisted|p2a: Rotom\n|-damage|p2a: Rotom|62\/100\n|\n|-heal|p2a: Rotom|69\/100|[from] item: Leftovers\n|-damage|p1a: Greninja|83\/100 tox|[from] psn\n|upkeep\n|turn|13\n|\n|t:|1699281022\n|move|p1a: Greninja|Dark Pulse|p2a: Rotom\n|-crit|p2a: Rotom\n|-damage|p2a: Rotom|8\/100\n|move|p2a: Rotom|Pain Split|p1a: Greninja\n|-sethp|p1a: Greninja|46\/100 tox|[from] move: Pain Split|[silent]\n|-sethp|p2a: Rotom|43\/100|[from] move: Pain Split\n|\n|-heal|p2a: Rotom|49\/100|[from] item: Leftovers\n|-damage|p1a: Greninja|28\/100 tox|[from] psn\n|upkeep\n|turn|14\n|c| Just B3A$T|damn\n|c| ANinjaDude|crit mattered fr\n|\n|t:|1699281040\n|switch|p2a: Roaring Moon|Roaring Moon|100\/100\n|-damage|p2a: Roaring Moon|88\/100|[from] Stealth Rock\n|move|p1a: Greninja|Dark Pulse|p2a: Roaring Moon\n|-resisted|p2a: Roaring Moon\n|-damage|p2a: Roaring Moon|72\/100\n|\n|-damage|p1a: Greninja|4\/100 tox|[from] psn\n|upkeep\n|turn|15\n|c| Just B3A$T|I'm surprised Gin's not using Protean Specsninja\n|\n|t:|1699281055\n|-end|p2a: Roaring Moon|Protosynthesis|[silent]\n|switch|p2a: Heatran|Heatran, M|100\/100\n|-damage|p2a: Heatran|88\/100|[from] Stealth Rock\n|move|p1a: Greninja|Ice Beam|p2a: Heatran\n|-resisted|p2a: Heatran\n|-crit|p2a: Heatran\n|-damage|p2a: Heatran|81\/100\n|\n|-heal|p2a: Heatran|88\/100|[from] item: Leftovers\n|-damage|p1a: Greninja|0 fnt|[from] psn\n|faint|p1a: Greninja\n|upkeep\n|c| ANinjaDude|bbond is better as a cleaner imo\n|c|\u2606Ginesect|I'm surprised too\n|c|\u2606Ginesect|Nice one\n|c| Just B3A$T|cause it's actually a consistent set unlike BB\n|c| Just B3A$T|BB is like\n|\n|t:|1699281072\n|switch|p1a: Ting-Lu|Ting-Lu|88\/100\n|-ability|p1a: Ting-Lu|Vessel of Ruin\n|turn|16\n|c| ANinjaDude|bbond is better as going through a weakened team\n|c| Just B3A$T|you gotta commit to it\n|\n|t:|1699281076\n|move|p2a: Heatran|Taunt|p1a: Ting-Lu\n|-start|p1a: Ting-Lu|move: Taunt\n|cant|p1a: Ting-Lu|move: Taunt|Whirlwind\n|\n|-heal|p2a: Heatran|94\/100|[from] item: Leftovers\n|-heal|p1a: Ting-Lu|94\/100|[from] item: Leftovers\n|upkeep\n|turn|17\n|c| Just B3A$T|ye\n|c| ANinjaDude|so its better on really HO teams\n|\n|t:|1699281084\n|switch|p2a: Gliscor|Gliscor, F|100\/100 tox\n|-damage|p2a: Gliscor|88\/100 tox|[from] Stealth Rock\n|switch|p1a: Chien-Pao|Chien-Pao|100\/100\n|-ability|p1a: Chien-Pao|Sword of Ruin\n|\n|-heal|p2a: Gliscor|100\/100 tox|[from] ability: Poison Heal\n|upkeep\n|turn|18\n|\n|t:|1699281094\n|-terastallize|p2a: Gliscor|Water\n|move|p1a: Chien-Pao|Crunch|p2a: Gliscor\n|-damage|p2a: Gliscor|51\/100 tox\n|move|p2a: Gliscor|Toxic|p1a: Chien-Pao\n|-status|p1a: Chien-Pao|tox\n|\n|-damage|p1a: Chien-Pao|95\/100 tox|[from] psn\n|-heal|p2a: Gliscor|64\/100 tox|[from] ability: Poison Heal\n|upkeep\n|turn|19\n|c|\u2606Ginesect|Ooohhh\n|c|\u2606Ginesect|Nice\n|c| Just B3A$T|I mean\n|\n|t:|1699281110\n|switch|p1a: Grimmsnarl|Grimmsnarl, M|84\/100\n|move|p2a: Gliscor|Roost|p2a: Gliscor\n|-heal|p2a: Gliscor|100\/100 tox\n|\n|upkeep\n|turn|20\n|c| Just B3A$T|Good that you used Crunch\n|c| Just B3A$T|Expecting a Tera\n|\n|t:|1699281119\n|switch|p2a: Heatran|Heatran, M|94\/100\n|-damage|p2a: Heatran|81\/100|[from] Stealth Rock\n|move|p1a: Grimmsnarl|Reflect|p1a: Grimmsnarl\n|-sidestart|p1: Ginesect|Reflect\n|\n|-heal|p2a: Heatran|88\/100|[from] item: Leftovers\n|upkeep\n|turn|21\n|c| Just B3A$T|I'd have just ICrashed that\n|\n|t:|1699281126\n|move|p1a: Grimmsnarl|Light Screen|p1a: Grimmsnarl\n|-sidestart|p1: Ginesect|move: Light Screen\n|move|p2a: Heatran|Magma Storm|p1a: Grimmsnarl|[miss]\n|-miss|p2a: Heatran|p1a: Grimmsnarl\n|\n|-heal|p2a: Heatran|94\/100|[from] item: Leftovers\n|upkeep\n|turn|22\n|c| Just B3A$T|lack of thinking\n|\n|t:|1699281136\n|move|p1a: Grimmsnarl|Parting Shot|p2a: Heatran\n|-unboost|p2a: Heatran|atk|1\n|-unboost|p2a: Heatran|spa|1\n|c| ANinjaDude|think beast think\n|j| Kramaltsyzer\n|\n|t:|1699281141\n|switch|p1a: Ting-Lu|Ting-Lu|94\/100|[from] Parting Shot\n|-ability|p1a: Ting-Lu|Vessel of Ruin\n|move|p2a: Heatran|Stealth Rock|p1a: Ting-Lu\n|-sidestart|p1: Ginesect|move: Stealth Rock\n|\n|-heal|p2a: Heatran|99\/100|[from] item: Leftovers\n|-heal|p1a: Ting-Lu|100\/100|[from] item: Leftovers\n|upkeep\n|turn|23\n|\n|t:|1699281148\n|switch|p2a: Gliscor|Gliscor, F, tera:Water|100\/100 tox\n|-damage|p2a: Gliscor|88\/100 tox|[from] Stealth Rock\n|move|p1a: Ting-Lu|Earthquake|p2a: Gliscor\n|-damage|p2a: Gliscor|67\/100 tox\n|\n|-heal|p2a: Gliscor|79\/100 tox|[from] ability: Poison Heal\n|upkeep\n|turn|24\n|c| Just B3A$T|I love brains!!!\n|c| Just B3A$T|whoa\n|c| Just B3A$T|Kram\n|\n|t:|1699281156\n|move|p2a: Gliscor|Toxic|p1a: Ting-Lu|[miss]\n|-miss|p2a: Gliscor|p1a: Ting-Lu\n|move|p1a: Ting-Lu|Whirlwind|p2a: Gliscor\n|drag|p2a: Heatran|Heatran, M|99\/100\n|-damage|p2a: Heatran|88\/100|[from] Stealth Rock\n|\n|-heal|p2a: Heatran|94\/100|[from] item: Leftovers\n|-sideend|p1: Ginesect|Reflect\n|upkeep\n|turn|25\n|\n|t:|1699281168\n|move|p2a: Heatran|Magma Storm|p1a: Ting-Lu|[miss]\n|-miss|p2a: Heatran|p1a: Ting-Lu\n|move|p1a: Ting-Lu|Earthquake|p2a: Heatran\n|-supereffective|p2a: Heatran\n|-damage|p2a: Heatran|0 fnt\n|faint|p2a: Heatran\n|\n|-sideend|p1: Ginesect|move: Light Screen\n|upkeep\n|c| Kramaltsyzer|Yeah beast?\n|c|\u2606Ginesect|Ah yeah\n|\n|t:|1699281173\n|switch|p2a: Serperior|Serperior, F|82\/100\n|-damage|p2a: Serperior|69\/100|[from] Stealth Rock\n|turn|26\n|\n|t:|1699281179\n|move|p2a: Serperior|Leech Seed|p1a: Ting-Lu\n|-start|p1a: Ting-Lu|move: Leech Seed\n|move|p1a: Ting-Lu|Whirlwind|p2a: Serperior\n|drag|p2a: Diancie|Diancie|100\/100\n|-damage|p2a: Diancie|88\/100|[from] Stealth Rock\n|\n|-damage|p1a: Ting-Lu|88\/100|[from] Leech Seed|[of] p2a: Diancie\n|-heal|p2a: Diancie|100\/100|[silent]\n|upkeep\n|turn|27\n|\n|t:|1699281188\n|switch|p1a: Grimmsnarl|Grimmsnarl, M|84\/100\n|-damage|p1a: Grimmsnarl|72\/100|[from] Stealth Rock\n|detailschange|p2a: Diancie|Diancie-Mega\n|-mega|p2a: Diancie|Diancie|Diancite\n|move|p2a: Diancie|Moonblast|p1a: Grimmsnarl\n|-supereffective|p1a: Grimmsnarl\n|-damage|p1a: Grimmsnarl|0 fnt\n|faint|p1a: Grimmsnarl\n|\n|upkeep\n|c|\u2606Ginesect|Ooh fuck\n|c|\u2606Ginesect|Hmm\n|c| ANinjaDude|the fairy is in\n|c|\u2606Ginesect|Aight\n|\n|t:|1699281218\n|switch|p1a: Chien-Pao|Chien-Pao|95\/100 tox\n|-damage|p1a: Chien-Pao|70\/100 tox|[from] Stealth Rock\n|-ability|p1a: Chien-Pao|Sword of Ruin\n|turn|28\n|\n|t:|1699281223\n|-terastallize|p1a: Chien-Pao|Ice\n|move|p1a: Chien-Pao|Ice Spinner|p2a: Diancie\n|-damage|p2a: Diancie|0 fnt\n|faint|p2a: Diancie\n|\n|-damage|p1a: Chien-Pao|64\/100 tox|[from] psn\n|upkeep\n|\n|t:|1699281229\n|switch|p2a: Gliscor|Gliscor, F, tera:Water|79\/100 tox\n|-damage|p2a: Gliscor|67\/100 tox|[from] Stealth Rock\n|turn|29\n|c|\u2606Ginesect|Ye babyy\n|\n|t:|1699281235\n|switch|p1a: Ting-Lu|Ting-Lu|88\/100\n|-damage|p1a: Ting-Lu|82\/100|[from] Stealth Rock\n|-ability|p1a: Ting-Lu|Vessel of Ruin\n|move|p2a: Gliscor|Roost|p2a: Gliscor\n|-heal|p2a: Gliscor|100\/100 tox\n|\n|-heal|p1a: Ting-Lu|88\/100|[from] item: Leftovers\n|upkeep\n|turn|30\n|\n|t:|1699281248\n|switch|p1a: Mawile|Mawile, F|100\/100\n|-damage|p1a: Mawile|94\/100|[from] Stealth Rock\n|-ability|p1a: Mawile|Intimidate|boost\n|-unboost|p2a: Gliscor|atk|1\n|move|p2a: Gliscor|Toxic|p1a: Mawile\n|-immune|p1a: Mawile\n|\n|upkeep\n|turn|31\n|\n|t:|1699281252\n|detailschange|p1a: Mawile|Mawile-Mega, F\n|-mega|p1a: Mawile|Mawile|Mawilite\n|move|p2a: Gliscor|Earthquake|p1a: Mawile\n|-supereffective|p1a: Mawile\n|-damage|p1a: Mawile|49\/100\n|move|p1a: Mawile|Swords Dance|p1a: Mawile\n|-boost|p1a: Mawile|atk|2\n|\n|upkeep\n|turn|32\n|\n|t:|1699281261\n|move|p2a: Gliscor|Earthquake|p1a: Mawile\n|-supereffective|p1a: Mawile\n|-damage|p1a: Mawile|4\/100\n|move|p1a: Mawile|Play Rough|p2a: Gliscor\n|-damage|p2a: Gliscor|0 fnt\n|faint|p2a: Gliscor\n|\n|upkeep\n|c|\u2606Ginesect|Ooh damn\n|\n|t:|1699281273\n|switch|p2a: Roaring Moon|Roaring Moon|72\/100\n|-damage|p2a: Roaring Moon|60\/100|[from] Stealth Rock\n|turn|33\n|c|\u2606Ginesect|I think\n|l| D. Lawrenzz\n|c|\u2606Ginesect|Spunch could ohko\n|\n|t:|1699281295\n|move|p2a: Roaring Moon|Earthquake|p1a: Mawile\n|-supereffective|p1a: Mawile\n|-damage|p1a: Mawile|0 fnt\n|faint|p1a: Mawile\n|\n|upkeep\n|\n|t:|1699281309\n|switch|p1a: Chien-Pao|Chien-Pao, tera:Ice|64\/100 tox\n|-damage|p1a: Chien-Pao|39\/100 tox|[from] Stealth Rock\n|-ability|p1a: Chien-Pao|Sword of Ruin\n|turn|34\n|c| ANinjaDude|my calc was saying 53.8% chance to kill at that range\n|\n|t:|1699281319\n|-end|p2a: Roaring Moon|Protosynthesis|[silent]\n|switch|p2a: Rotom|Rotom-Wash|49\/100\n|-damage|p2a: Rotom|37\/100|[from] Stealth Rock\n|move|p1a: Chien-Pao|Ice Spinner|p2a: Rotom\n|-resisted|p2a: Rotom\n|-damage|p2a: Rotom|0 fnt\n|faint|p2a: Rotom\n|\n|-damage|p1a: Chien-Pao|33\/100 tox|[from] psn\n|upkeep\n|c|\u2606Ginesect|Aight maybe gg\n|\n|t:|1699281332\n|switch|p2a: Serperior|Serperior, F|69\/100\n|-damage|p2a: Serperior|57\/100|[from] Stealth Rock\n|turn|35\n|\n|t:|1699281336\n|move|p1a: Chien-Pao|Ice Spinner|p2a: Serperior\n|-supereffective|p2a: Serperior\n|-damage|p2a: Serperior|0 fnt\n|faint|p2a: Serperior\n|\n|-damage|p1a: Chien-Pao|21\/100 tox|[from] psn\n|upkeep\n|\n|t:|1699281338\n|switch|p2a: Roaring Moon|Roaring Moon|60\/100\n|-damage|p2a: Roaring Moon|48\/100|[from] Stealth Rock\n|turn|36\n|c|\u2606Ginesect|gg\n|\n|t:|1699281344\n|move|p1a: Chien-Pao|Ice Spinner|p2a: Roaring Moon\n|-supereffective|p2a: Roaring Moon\n|-damage|p2a: Roaring Moon|0 fnt\n|faint|p2a: Roaring Moon\n|-end|p2a: Roaring Moon|Protosynthesis|[silent]\n|\n|win|Ginesect\n","uploadtime":1699281353,"views":6,"p1id":"ginesect","p2id":"hussumon2","formatid":"gen9nationaldexubers","rating":0,"private":0,"password":""}