{"id":"gen9nationaldexubers-1980463422","p1":"Pickedman","p2":"EpicGamer069420","format":"[Gen 9] National Dex Ubers","log":"|j|\u2606Pickedman\n|j|\u2606EpicGamer069420\n|t:|1698787295\n|gametype|singles\n|player|p1|Pickedman|zinnia|1573\n|player|p2|EpicGamer069420|lucas|1554\n|teamsize|p1|6\n|teamsize|p2|6\n|gen|9\n|tier|[Gen 9] National Dex Ubers\n|rated|\n|rule|HP Percentage Mod: HP is shown in percentages\n|rule|Endless Battle Clause: Forcing endless battles is banned\n|rule|OHKO Clause: OHKO moves are banned\n|rule|Evasion Moves Clause: Evasion moves are banned\n|rule|Evasion Items Clause: Evasion items are banned\n|rule|Species Clause: Limit one of each Pok\u00e9mon\n|rule|Sleep Clause Mod: Limit one foe put to sleep\n|rule|Mega Rayquaza Clause: You cannot mega evolve Rayquaza\n|clearpoke\n|poke|p1|Mewtwo|\n|poke|p1|Groudon|\n|poke|p1|Ho-Oh|\n|poke|p1|Chansey, F|\n|poke|p1|Zacian-*|\n|poke|p1|Xerneas-*|\n|poke|p2|Heatran, F|\n|poke|p2|Necrozma-Dusk-Mane|\n|poke|p2|Xerneas-*|\n|poke|p2|Groudon|\n|poke|p2|Lugia|\n|poke|p2|Arceus-Ground|\n|teampreview\n|inactive|Battle timer is ON: inactive players will automatically lose when time's up. (requested by EpicGamer069420)\n|inactive|EpicGamer069420 has 120 seconds left.\n|\n|t:|1698787333\n|start\n|switch|p1a: Chansey|Chansey, F|100\/100\n|switch|p2a: Necrozma|Necrozma-Dusk-Mane|100\/100\n|turn|1\n|\n|t:|1698787345\n|move|p2a: Necrozma|Toxic|p1a: Chansey\n|-status|p1a: Chansey|tox\n|move|p1a: Chansey|Stealth Rock|p2a: Necrozma\n|-sidestart|p2: EpicGamer069420|move: Stealth Rock\n|\n|-damage|p1a: Chansey|94\/100 tox|[from] psn\n|upkeep\n|turn|2\n|\n|t:|1698787348\n|move|p2a: Necrozma|Knock Off|p1a: Chansey\n|-damage|p1a: Chansey|71\/100 tox\n|-enditem|p1a: Chansey|Eviolite|[from] move: Knock Off|[of] p2a: Necrozma\n|move|p1a: Chansey|Teleport|p1a: Chansey\n|\n|t:|1698787354\n|-curestatus|p1a: Chansey|tox|[from] ability: Natural Cure\n|switch|p1a: Groudon|Groudon, shiny|100\/100|[from] Teleport\n|detailschange|p1a: Groudon|Groudon-Primal, shiny\n|-primal|p1a: Groudon|Red Orb\n|-weather|DesolateLand|[from] ability: Desolate Land|[of] p1a: Groudon\n|\n|-weather|DesolateLand|[upkeep]\n|upkeep\n|turn|3\n|\n|t:|1698787361\n|move|p1a: Groudon|Precipice Blades|p2a: Necrozma\n|-supereffective|p2a: Necrozma\n|-damage|p2a: Necrozma|33\/100\n|move|p2a: Necrozma|Toxic|p1a: Groudon|[miss]\n|-miss|p2a: Necrozma|p1a: Groudon\n|\n|-weather|DesolateLand|[upkeep]\n|-heal|p2a: Necrozma|39\/100|[from] item: Leftovers\n|upkeep\n|turn|4\n|\n|t:|1698787368\n|switch|p2a: Heatran|Heatran, F|100\/100\n|-damage|p2a: Heatran|88\/100|[from] Stealth Rock\n|-item|p2a: Heatran|Air Balloon\n|move|p1a: Groudon|Heat Crash|p2a: Heatran\n|-start|p2a: Heatran|ability: Flash Fire\n|\n|-weather|DesolateLand|[upkeep]\n|upkeep\n|turn|5\n|\n|t:|1698787372\n|move|p2a: Heatran|Stealth Rock|p1a: Groudon\n|-sidestart|p1: Pickedman|move: Stealth Rock\n|move|p1a: Groudon|Stone Edge|p2a: Heatran\n|-crit|p2a: Heatran\n|-damage|p2a: Heatran|17\/100\n|-enditem|p2a: Heatran|Air Balloon\n|\n|-weather|DesolateLand|[upkeep]\n|upkeep\n|turn|6\n|\n|t:|1698787379\n|move|p2a: Heatran|Earth Power|p1a: Groudon\n|-supereffective|p1a: Groudon\n|-damage|p1a: Groudon|40\/100\n|move|p1a: Groudon|Precipice Blades|p2a: Heatran\n|-supereffective|p2a: Heatran\n|-damage|p2a: Heatran|0 fnt\n|faint|p2a: Heatran\n|\n|-weather|DesolateLand|[upkeep]\n|upkeep\n|\n|t:|1698787385\n|switch|p2a: Arceus|Arceus-Ground|100\/100\n|-damage|p2a: Arceus|94\/100|[from] Stealth Rock\n|turn|7\n|\n|t:|1698787392\n|move|p2a: Arceus|Calm Mind|p2a: Arceus\n|-boost|p2a: Arceus|spa|1\n|-boost|p2a: Arceus|spd|1\n|move|p1a: Groudon|Will-O-Wisp|p2a: Arceus\n|-status|p2a: Arceus|brn\n|\n|-weather|DesolateLand|[upkeep]\n|-damage|p2a: Arceus|88\/100 brn|[from] brn\n|upkeep\n|turn|8\n|\n|t:|1698787411\n|move|p2a: Arceus|Judgment|p1a: Groudon\n|-supereffective|p1a: Groudon\n|-damage|p1a: Groudon|0 fnt\n|faint|p1a: Groudon\n|-weather|none\n|\n|-damage|p2a: Arceus|82\/100 brn|[from] brn\n|upkeep\n|\n|t:|1698787415\n|switch|p1a: Chansey|Chansey, F|71\/100\n|-damage|p1a: Chansey|59\/100|[from] Stealth Rock\n|turn|9\n|\n|t:|1698787426\n|move|p2a: Arceus|Calm Mind|p2a: Arceus\n|-boost|p2a: Arceus|spa|1\n|-boost|p2a: Arceus|spd|1\n|move|p1a: Chansey|Seismic Toss|p2a: Arceus\n|-damage|p2a: Arceus|60\/100 brn\n|\n|-damage|p2a: Arceus|54\/100 brn|[from] brn\n|upkeep\n|turn|10\n|\n|t:|1698787433\n|move|p2a: Arceus|Calm Mind|p2a: Arceus\n|-boost|p2a: Arceus|spa|1\n|-boost|p2a: Arceus|spd|1\n|move|p1a: Chansey|Soft-Boiled|p1a: Chansey\n|-heal|p1a: Chansey|100\/100\n|\n|-damage|p2a: Arceus|48\/100 brn|[from] brn\n|upkeep\n|turn|11\n|\n|t:|1698787441\n|move|p2a: Arceus|Recover|p2a: Arceus\n|-heal|p2a: Arceus|98\/100 brn\n|move|p1a: Chansey|Seismic Toss|p2a: Arceus\n|-damage|p2a: Arceus|75\/100 brn\n|\n|-damage|p2a: Arceus|69\/100 brn|[from] brn\n|upkeep\n|turn|12\n|\n|t:|1698787444\n|move|p2a: Arceus|Judgment|p1a: Chansey\n|-damage|p1a: Chansey|56\/100\n|move|p1a: Chansey|Seismic Toss|p2a: Arceus\n|-damage|p2a: Arceus|46\/100 brn\n|\n|-damage|p2a: Arceus|40\/100 brn|[from] brn\n|upkeep\n|turn|13\n|\n|t:|1698787448\n|move|p2a: Arceus|Calm Mind|p2a: Arceus\n|-boost|p2a: Arceus|spa|1\n|-boost|p2a: Arceus|spd|1\n|move|p1a: Chansey|Seismic Toss|p2a: Arceus\n|-damage|p2a: Arceus|18\/100 brn\n|\n|-damage|p2a: Arceus|12\/100 brn|[from] brn\n|upkeep\n|turn|14\n|\n|t:|1698787454\n|move|p2a: Arceus|Recover|p2a: Arceus\n|-heal|p2a: Arceus|62\/100 brn\n|move|p1a: Chansey|Seismic Toss|p2a: Arceus\n|-damage|p2a: Arceus|39\/100 brn\n|\n|-damage|p2a: Arceus|33\/100 brn|[from] brn\n|upkeep\n|turn|15\n|\n|t:|1698787456\n|move|p2a: Arceus|Recover|p2a: Arceus\n|-heal|p2a: Arceus|83\/100 brn\n|move|p1a: Chansey|Seismic Toss|p2a: Arceus\n|-damage|p2a: Arceus|61\/100 brn\n|\n|-damage|p2a: Arceus|55\/100 brn|[from] brn\n|upkeep\n|turn|16\n|\n|t:|1698787458\n|move|p2a: Arceus|Recover|p2a: Arceus\n|-heal|p2a: Arceus|100\/100 brn\n|move|p1a: Chansey|Seismic Toss|p2a: Arceus\n|-damage|p2a: Arceus|78\/100 brn\n|\n|-damage|p2a: Arceus|72\/100 brn|[from] brn\n|upkeep\n|turn|17\n|\n|t:|1698787461\n|move|p2a: Arceus|Judgment|p1a: Chansey\n|-damage|p1a: Chansey|1\/100\n|move|p1a: Chansey|Seismic Toss|p2a: Arceus\n|-damage|p2a: Arceus|49\/100 brn\n|\n|-damage|p2a: Arceus|43\/100 brn|[from] brn\n|upkeep\n|turn|18\n|\n|t:|1698787464\n|move|p2a: Arceus|Recover|p2a: Arceus\n|-heal|p2a: Arceus|93\/100 brn\n|move|p1a: Chansey|Seismic Toss|p2a: Arceus\n|-damage|p2a: Arceus|71\/100 brn\n|\n|-damage|p2a: Arceus|65\/100 brn|[from] brn\n|upkeep\n|turn|19\n|\n|t:|1698787475\n|move|p2a: Arceus|Judgment|p1a: Chansey\n|-damage|p1a: Chansey|0 fnt\n|faint|p1a: Chansey\n|\n|-damage|p2a: Arceus|59\/100 brn|[from] brn\n|upkeep\n|\n|t:|1698787479\n|switch|p1a: Zacian|Zacian-Crowned|100\/100\n|-damage|p1a: Zacian|94\/100|[from] Stealth Rock\n|-ability|p1a: Zacian|Intrepid Sword|boost\n|-boost|p1a: Zacian|atk|1\n|turn|20\n|\n|t:|1698787489\n|move|p1a: Zacian|Behemoth Blade|p2a: Arceus\n|-damage|p2a: Arceus|7\/100 brn\n|move|p2a: Arceus|Judgment|p1a: Zacian\n|-supereffective|p1a: Zacian\n|-damage|p1a: Zacian|0 fnt\n|faint|p1a: Zacian\n|\n|-damage|p2a: Arceus|1\/100 brn|[from] brn\n|upkeep\n|\n|t:|1698787494\n|switch|p1a: Mewtwo|Mewtwo|100\/100\n|-damage|p1a: Mewtwo|88\/100|[from] Stealth Rock\n|-ability|p1a: Mewtwo|Pressure\n|turn|21\n|\n|t:|1698787501\n|detailschange|p1a: Mewtwo|Mewtwo-Mega-Y\n|-mega|p1a: Mewtwo|Mewtwo|Mewtwonite Y\n|move|p1a: Mewtwo|Psystrike|p2a: Arceus\n|-damage|p2a: Arceus|0 fnt\n|faint|p2a: Arceus\n|\n|upkeep\n|\n|t:|1698787515\n|switch|p2a: Lugia|Lugia|100\/100\n|turn|22\n|\n|t:|1698787521\n|move|p1a: Mewtwo|Nasty Plot|p1a: Mewtwo\n|-boost|p1a: Mewtwo|spa|2\n|move|p2a: Lugia|Toxic|p1a: Mewtwo\n|-status|p1a: Mewtwo|tox\n|\n|-damage|p1a: Mewtwo|82\/100 tox|[from] psn\n|upkeep\n|turn|23\n|\n|t:|1698787524\n|move|p1a: Mewtwo|Power Gem|p2a: Lugia\n|-supereffective|p2a: Lugia\n|-damage|p2a: Lugia|56\/100\n|move|p2a: Lugia|Aeroblast|p1a: Mewtwo\n|-crit|p1a: Mewtwo\n|-damage|p1a: Mewtwo|39\/100 tox\n|\n|-damage|p1a: Mewtwo|27\/100 tox|[from] psn\n|upkeep\n|turn|24\n|\n|t:|1698787542\n|switch|p2a: Necrozma|Necrozma-Dusk-Mane|39\/100\n|-damage|p2a: Necrozma|33\/100|[from] Stealth Rock\n|move|p1a: Mewtwo|Power Gem|p2a: Necrozma\n|-resisted|p2a: Necrozma\n|-damage|p2a: Necrozma|5\/100\n|\n|-heal|p2a: Necrozma|11\/100|[from] item: Leftovers\n|-damage|p1a: Mewtwo|8\/100 tox|[from] psn\n|upkeep\n|turn|25\n|\n|t:|1698787545\n|move|p1a: Mewtwo|Power Gem|p2a: Necrozma\n|-resisted|p2a: Necrozma\n|-damage|p2a: Necrozma|0 fnt\n|faint|p2a: Necrozma\n|\n|-damage|p1a: Mewtwo|0 fnt|[from] psn\n|faint|p1a: Mewtwo\n|upkeep\n|\n|t:|1698787561\n|switch|p1a: Xerneas|Xerneas|100\/100\n|switch|p2a: Groudon|Groudon|100\/100\n|-damage|p1a: Xerneas|88\/100|[from] Stealth Rock\n|-ability|p1a: Xerneas|Fairy Aura\n|-damage|p2a: Groudon|94\/100|[from] Stealth Rock\n|detailschange|p2a: Groudon|Groudon-Primal\n|-primal|p2a: Groudon|Red Orb\n|-weather|DesolateLand|[from] ability: Desolate Land|[of] p2a: Groudon\n|turn|26\n|\n|t:|1698787569\n|switch|p1a: Ho-Oh|Ho-Oh|100\/100\n|move|p2a: Groudon|Heat Crash|p1a: Ho-Oh\n|-resisted|p1a: Ho-Oh\n|-damage|p1a: Ho-Oh|54\/100\n|\n|-weather|DesolateLand|[upkeep]\n|upkeep\n|turn|27\n|\n|t:|1698787573\n|move|p2a: Groudon|Swords Dance|p2a: Groudon\n|-boost|p2a: Groudon|atk|2\n|move|p1a: Ho-Oh|Whirlwind|p2a: Groudon\n|-weather|none\n|drag|p2a: Lugia|Lugia|56\/100\n|\n|upkeep\n|turn|28\n|\n|t:|1698787578\n|move|p2a: Lugia|Roost|p2a: Lugia\n|-heal|p2a: Lugia|100\/100\n|-singleturn|p2a: Lugia|move: Roost\n|move|p1a: Ho-Oh|Toxic|p2a: Lugia\n|-status|p2a: Lugia|tox\n|\n|-damage|p2a: Lugia|94\/100 tox|[from] psn\n|upkeep\n|turn|29\n|\n|t:|1698787583\n|move|p2a: Lugia|Toxic|p1a: Ho-Oh\n|-status|p1a: Ho-Oh|tox\n|move|p1a: Ho-Oh|Defog|p2a: Lugia\n|-unboost|p2a: Lugia|evasion|1\n|-sideend|p2: EpicGamer069420|Stealth Rock|[from] move: Defog|[of] p1a: Ho-Oh\n|-sideend|p1: Pickedman|Stealth Rock|[from] move: Defog|[of] p1a: Ho-Oh\n|\n|-damage|p2a: Lugia|82\/100 tox|[from] psn\n|-damage|p1a: Ho-Oh|48\/100 tox|[from] psn\n|upkeep\n|turn|30\n|\n|t:|1698787592\n|switch|p2a: Xerneas|Xerneas|100\/100\n|-ability|p2a: Xerneas|Fairy Aura\n|move|p1a: Ho-Oh|Sacred Fire|p2a: Xerneas\n|-damage|p2a: Xerneas|76\/100\n|-status|p2a: Xerneas|brn\n|\n|-heal|p2a: Xerneas|82\/100 brn|[from] item: Leftovers\n|-damage|p1a: Ho-Oh|36\/100 tox|[from] psn\n|-damage|p2a: Xerneas|76\/100 brn|[from] brn\n|upkeep\n|turn|31\n|\n|t:|1698787595\n|move|p2a: Xerneas|Aromatherapy|p2a: Xerneas\n|-activate|p2a: Xerneas|move: Aromatherapy\n|-curestatus|p2a: Xerneas|brn|[msg]\n|-curestatus|p2: Lugia|tox|[msg]\n|move|p1a: Ho-Oh|Whirlwind|p2a: Xerneas\n|drag|p2a: Groudon|Groudon-Primal|94\/100\n|-weather|DesolateLand|[from] ability: Desolate Land|[of] p2a: Groudon\n|\n|-weather|DesolateLand|[upkeep]\n|-damage|p1a: Ho-Oh|18\/100 tox|[from] psn\n|upkeep\n|turn|32\n|\n|t:|1698787602\n|move|p2a: Groudon|Heat Crash|p1a: Ho-Oh\n|-resisted|p1a: Ho-Oh\n|-damage|p1a: Ho-Oh|0 fnt\n|faint|p1a: Ho-Oh\n|\n|-weather|DesolateLand|[upkeep]\n|upkeep\n|\n|t:|1698787605\n|switch|p1a: Xerneas|Xerneas|88\/100\n|-ability|p1a: Xerneas|Fairy Aura\n|turn|33\n|\n|t:|1698787609\n|move|p1a: Xerneas|Geomancy||[still]\n|-prepare|p1a: Xerneas|Geomancy\n|-enditem|p1a: Xerneas|Power Herb\n|-anim|p1a: Xerneas|Geomancy|p1a: Xerneas\n|-boost|p1a: Xerneas|spa|2\n|-boost|p1a: Xerneas|spd|2\n|-boost|p1a: Xerneas|spe|2\n|move|p2a: Groudon|Heat Crash|p1a: Xerneas\n|-damage|p1a: Xerneas|0 fnt\n|faint|p1a: Xerneas\n|\n|win|EpicGamer069420\n|raw|Pickedman's rating: 1573 &rarr; <strong>1552<\/strong><br \/>(-21 for losing)\n|raw|EpicGamer069420's rating: 1554 &rarr; <strong>1575<\/strong><br \/>(+21 for winning)\n|l|\u2606Pickedman\n|c|\u2606EpicGamer069420|gg\n","uploadtime":1698787620,"views":14,"p1id":"pickedman","p2id":"epicgamer069420","formatid":"gen9nationaldexubers","rating":1552,"private":0,"password":""}