{"id":"gen9nationaldexubers-1998609119","p1":"Aiga akarbane","p2":"ndou\u6389\u5206\u84dd\u67d0\u4fa0996","format":"[Gen 9] National Dex Ubers","log":"|j|\u2606Aiga akarbane\n|j|\u2606ndou\u6389\u5206\u84dd\u67d0\u4fa0996\n|t:|1700962493\n|gametype|singles\n|player|p1|Aiga akarbane|102|1075\n|player|p2|ndou\u6389\u5206\u84dd\u67d0\u4fa0996|hilbert|1162\n|teamsize|p1|6\n|teamsize|p2|6\n|gen|9\n|tier|[Gen 9] National Dex Ubers\n|rated|\n|rule|HP Percentage Mod: HP is shown in percentages\n|rule|Endless Battle Clause: Forcing endless battles is banned\n|rule|OHKO Clause: OHKO moves are banned\n|rule|Evasion Moves Clause: Evasion moves are banned\n|rule|Evasion Items Clause: Evasion items are banned\n|rule|Species Clause: Limit one of each Pok\u00e9mon\n|rule|Sleep Clause Mod: Limit one foe put to sleep\n|rule|Mega Rayquaza Clause: You cannot mega evolve Rayquaza\n|clearpoke\n|poke|p1|Darkrai|\n|poke|p1|Zeraora|\n|poke|p1|Zygarde|\n|poke|p1|Necrozma-Dusk-Mane|\n|poke|p1|Eternatus|\n|poke|p1|Groudon|\n|poke|p2|Dondozo, M|\n|poke|p2|Clodsire, M|\n|poke|p2|Skeledirge, F|\n|poke|p2|Dragonite, M|\n|poke|p2|Yveltal|\n|poke|p2|Blastoise, M|\n|teampreview\n|\n|t:|1700962499\n|start\n|switch|p1a: Zygarde|Zygarde|100\/100\n|switch|p2a: \u9f9f\u54aa|Blastoise, M, shiny|100\/100\n|turn|1\n|\n|t:|1700962505\n|detailschange|p2a: \u9f9f\u54aa|Blastoise-Mega, M, shiny\n|-mega|p2a: \u9f9f\u54aa|Blastoise|Blastoisinite\n|move|p2a: \u9f9f\u54aa|Shell Smash|p2a: \u9f9f\u54aa\n|-unboost|p2a: \u9f9f\u54aa|def|1\n|-unboost|p2a: \u9f9f\u54aa|spd|1\n|-boost|p2a: \u9f9f\u54aa|atk|2\n|-boost|p2a: \u9f9f\u54aa|spa|2\n|-boost|p2a: \u9f9f\u54aa|spe|2\n|move|p1a: Zygarde|Thousand Arrows|p2a: \u9f9f\u54aa\n|-damage|p2a: \u9f9f\u54aa|62\/100\n|\n|upkeep\n|turn|2\n|\n|t:|1700962515\n|move|p2a: \u9f9f\u54aa|Ice Beam|p1a: Zygarde\n|-supereffective|p1a: Zygarde\n|-damage|p1a: Zygarde|0 fnt\n|faint|p1a: Zygarde\n|\n|upkeep\n|\n|t:|1700962520\n|switch|p1a: Zeraora|Zeraora|100\/100\n|turn|3\n|\n|t:|1700962529\n|move|p2a: \u9f9f\u54aa|Aura Sphere|p1a: Zeraora\n|-damage|p1a: Zeraora|4\/100\n|move|p1a: Zeraora|Drain Punch|p2a: \u9f9f\u54aa\n|-damage|p2a: \u9f9f\u54aa|29\/100\n|-heal|p1a: Zeraora|20\/100|[from] drain|[of] p2a: \u9f9f\u54aa\n|-heal|p1a: Zeraora|23\/100|[from] item: Shell Bell|[of] p2a: \u9f9f\u54aa\n|\n|upkeep\n|turn|4\n|j| agwuv\n|\n|t:|1700962541\n|move|p2a: \u9f9f\u54aa|Water Pulse|p1a: Zeraora\n|-damage|p1a: Zeraora|0 fnt\n|faint|p1a: Zeraora\n|\n|upkeep\n|\n|t:|1700962545\n|switch|p1a: Groudon|Groudon|100\/100\n|detailschange|p1a: Groudon|Groudon-Primal\n|-primal|p1a: Groudon|Red Orb\n|-weather|DesolateLand|[from] ability: Desolate Land|[of] p1a: Groudon\n|turn|5\n|\n|t:|1700962555\n|move|p2a: \u9f9f\u54aa|Ice Beam|p1a: Groudon\n|-damage|p1a: Groudon|31\/100\n|move|p1a: Groudon|Precipice Blades|p2a: \u9f9f\u54aa|[miss]\n|-miss|p1a: Groudon|p2a: \u9f9f\u54aa\n|\n|-weather|DesolateLand|[upkeep]\n|upkeep\n|turn|6\n|\n|t:|1700962566\n|move|p2a: \u9f9f\u54aa|Ice Beam|p1a: Groudon\n|-damage|p1a: Groudon|0 fnt\n|faint|p1a: Groudon\n|-weather|none\n|\n|upkeep\n|\n|t:|1700962575\n|switch|p1a: Darkrai|Darkrai|100\/100\n|turn|7\n|\n|t:|1700962581\n|move|p2a: \u9f9f\u54aa|Aura Sphere|p1a: Darkrai\n|-supereffective|p1a: Darkrai\n|-damage|p1a: Darkrai|0 fnt\n|faint|p1a: Darkrai\n|\n|upkeep\n|\n|t:|1700962586\n|switch|p1a: Eternatus|Eternatus|100\/100\n|-ability|p1a: Eternatus|Pressure\n|turn|8\n|\n|t:|1700962591\n|move|p2a: \u9f9f\u54aa|Ice Beam|p1a: Eternatus\n|-supereffective|p1a: Eternatus\n|-damage|p1a: Eternatus|8\/100\n|move|p1a: Eternatus|Draco Meteor|p2a: \u9f9f\u54aa\n|-damage|p2a: \u9f9f\u54aa|0 fnt\n|-unboost|p1a: Eternatus|spa|2\n|faint|p2a: \u9f9f\u54aa\n|\n|-heal|p1a: Eternatus|14\/100|[from] item: Leftovers\n|upkeep\n|\n|t:|1700962595\n|switch|p2a: \u6211\u8981\u5403\u996d|Yveltal|100\/100\n|-ability|p2a: \u6211\u8981\u5403\u996d|Dark Aura\n|turn|9\n|\n|t:|1700962604\n|move|p2a: \u6211\u8981\u5403\u996d|Knock Off|p1a: Eternatus\n|-damage|p1a: Eternatus|0 fnt\n|-enditem|p1a: Eternatus|Leftovers|[from] move: Knock Off|[of] p2a: \u6211\u8981\u5403\u996d\n|faint|p1a: Eternatus\n|\n|upkeep\n|\n|t:|1700962608\n|switch|p1a: Necrozma|Necrozma-Dusk-Mane|100\/100\n|turn|10\n|\n|t:|1700962615\n|-terastallize|p1a: Necrozma|Psychic\n|move|p2a: \u6211\u8981\u5403\u996d|Sucker Punch|p1a: Necrozma\n|-supereffective|p1a: Necrozma\n|-damage|p1a: Necrozma|47\/100\n|move|p1a: Necrozma|Photon Geyser|p2a: \u6211\u8981\u5403\u996d\n|-immune|p2a: \u6211\u8981\u5403\u996d\n|\n|upkeep\n|turn|11\n|\n|t:|1700962625\n|move|p2a: \u6211\u8981\u5403\u996d|Knock Off|p1a: Necrozma\n|-supereffective|p1a: Necrozma\n|-damage|p1a: Necrozma|0 fnt\n|-enditem|p1a: Necrozma|Shell Bell|[from] move: Knock Off|[of] p2a: \u6211\u8981\u5403\u996d\n|faint|p1a: Necrozma\n|\n|win|ndou\u6389\u5206\u84dd\u67d0\u4fa0996\n|raw|Aiga akarbane's rating: 1075 &rarr; <strong>1059<\/strong><br \/>(-16 for losing)\n|raw|ndou\u6389\u5206\u84dd\u67d0\u4fa0996's rating: 1162 &rarr; <strong>1181<\/strong><br \/>(+19 for winning)\n|l| agwuv\n|l|\u2606Aiga akarbane\n","uploadtime":1700962632,"views":4,"p1id":"aigaakarbane","p2id":"ndou996","formatid":"gen9nationaldexubers","rating":1059,"private":0,"password":""}