{"id":"gen9nationaldexubers-1978517706","p1":"Sundust0","p2":"Quarters_OU","format":"[Gen 9] National Dex Ubers","log":"|j|\u2606Sundust0\n|j|\u2606Quarters_OU\n|t:|1698549487\n|gametype|singles\n|player|p1|Sundust0|170|1041\n|player|p2|Quarters_OU|170|1127\n|teamsize|p1|5\n|teamsize|p2|6\n|gen|9\n|tier|[Gen 9] National Dex Ubers\n|rated|\n|rule|HP Percentage Mod: HP is shown in percentages\n|rule|Endless Battle Clause: Forcing endless battles is banned\n|rule|OHKO Clause: OHKO moves are banned\n|rule|Evasion Moves Clause: Evasion moves are banned\n|rule|Evasion Items Clause: Evasion items are banned\n|rule|Species Clause: Limit one of each Pok\u00e9mon\n|rule|Sleep Clause Mod: Limit one foe put to sleep\n|rule|Mega Rayquaza Clause: You cannot mega evolve Rayquaza\n|clearpoke\n|poke|p1|Mew|\n|poke|p1|Xerneas-*|\n|poke|p1|Calyrex-Ice|\n|poke|p1|Groudon|\n|poke|p1|Zacian-*|\n|poke|p2|Roaring Moon|\n|poke|p2|Ninetales-Alola, M|\n|poke|p2|Volcarona, M|\n|poke|p2|Clodsire, F|\n|poke|p2|Scizor, M|\n|poke|p2|Rotom-Wash|\n|teampreview\n|inactive|Battle timer is ON: inactive players will automatically lose when time's up. (requested by Sundust0)\n|\n|t:|1698549498\n|start\n|switch|p1a: Mew|Mew|100\/100\n|switch|p2a: Ninetales|Ninetales-Alola, M|100\/100\n|-weather|Snow|[from] ability: Snow Warning|[of] p2a: Ninetales\n|turn|1\n|\n|t:|1698549505\n|move|p2a: Ninetales|Hypnosis|p1a: Mew|[miss]\n|-miss|p2a: Ninetales|p1a: Mew\n|move|p1a: Mew|Cosmic Power|p1a: Mew\n|-boost|p1a: Mew|def|1\n|-boost|p1a: Mew|spd|1\n|\n|-weather|Snow|[upkeep]\n|upkeep\n|turn|2\n|\n|t:|1698549511\n|move|p2a: Ninetales|Hypnosis|p1a: Mew|[miss]\n|-miss|p2a: Ninetales|p1a: Mew\n|move|p1a: Mew|Cosmic Power|p1a: Mew\n|-boost|p1a: Mew|def|1\n|-boost|p1a: Mew|spd|1\n|\n|-weather|Snow|[upkeep]\n|upkeep\n|turn|3\n|\n|t:|1698549517\n|move|p2a: Ninetales|Hypnosis|p1a: Mew|[miss]\n|-miss|p2a: Ninetales|p1a: Mew\n|move|p1a: Mew|Cosmic Power|p1a: Mew\n|-boost|p1a: Mew|def|1\n|-boost|p1a: Mew|spd|1\n|\n|-weather|Snow|[upkeep]\n|upkeep\n|turn|4\n|\n|t:|1698549524\n|move|p2a: Ninetales|Hypnosis|p1a: Mew|[miss]\n|-miss|p2a: Ninetales|p1a: Mew\n|move|p1a: Mew|Cosmic Power|p1a: Mew\n|-boost|p1a: Mew|def|1\n|-boost|p1a: Mew|spd|1\n|\n|-weather|Snow|[upkeep]\n|upkeep\n|turn|5\n|\n|t:|1698549531\n|move|p2a: Ninetales|Hypnosis|p1a: Mew|[miss]\n|-miss|p2a: Ninetales|p1a: Mew\n|move|p1a: Mew|Cosmic Power|p1a: Mew\n|-boost|p1a: Mew|def|1\n|-boost|p1a: Mew|spd|1\n|\n|-weather|none\n|upkeep\n|turn|6\n|\n|t:|1698549537\n|move|p2a: Ninetales|Hypnosis|p1a: Mew|[miss]\n|-miss|p2a: Ninetales|p1a: Mew\n|move|p1a: Mew|Cosmic Power|p1a: Mew\n|-boost|p1a: Mew|def|1\n|-boost|p1a: Mew|spd|1\n|\n|upkeep\n|turn|7\n|\n|t:|1698549553\n|move|p2a: Ninetales|Hypnosis|p1a: Mew\n|-status|p1a: Mew|slp|[from] move: Hypnosis\n|cant|p1a: Mew|slp\n|\n|upkeep\n|turn|8\n|c|\u2606Sundust0|attack bruh\n|\n|t:|1698549568\n|switch|p2a: Scizor|Scizor, M|100\/100\n|cant|p1a: Mew|slp\n|\n|upkeep\n|turn|9\n|\n|t:|1698549574\n|detailschange|p2a: Scizor|Scizor-Mega, M\n|-mega|p2a: Scizor|Scizor|Scizorite\n|move|p2a: Scizor|Swords Dance|p2a: Scizor\n|-boost|p2a: Scizor|atk|2\n|cant|p1a: Mew|slp\n|\n|upkeep\n|turn|10\n|\n|t:|1698549581\n|move|p2a: Scizor|Pounce|p1a: Mew\n|-supereffective|p1a: Mew\n|-damage|p1a: Mew|63\/100 slp\n|-unboost|p1a: Mew|spe|1\n|-curestatus|p1a: Mew|slp|[msg]\n|move|p1a: Mew|Roar|p2a: Scizor\n|drag|p2a: Clodsire|Clodsire, F|100\/100\n|\n|upkeep\n|turn|11\n|\n|t:|1698549590\n|move|p1a: Mew|Roost|p1a: Mew\n|-heal|p1a: Mew|100\/100\n|-singleturn|p1a: Mew|move: Roost\n|move|p2a: Clodsire|Toxic|p1a: Mew\n|-status|p1a: Mew|tox\n|-activate|p1a: Mew|ability: Synchronize\n|-immune|p2a: Clodsire\n|\n|-damage|p1a: Mew|94\/100 tox|[from] psn\n|upkeep\n|turn|12\n|\n|t:|1698549599\n|move|p2a: Clodsire|Stealth Rock|p1a: Mew\n|-sidestart|p1: Sundust0|move: Stealth Rock\n|move|p1a: Mew|Counter||[still]\n|-fail|p1a: Mew\n|\n|-damage|p1a: Mew|82\/100 tox|[from] psn\n|upkeep\n|turn|13\n|\n|t:|1698549619\n|switch|p2a: Rotom|Rotom-Wash|100\/100\n|move|p1a: Mew|Roar|p2a: Rotom\n|drag|p2a: Roaring Moon|Roaring Moon|100\/100\n|-enditem|p2a: Roaring Moon|Booster Energy\n|-activate|p2a: Roaring Moon|ability: Protosynthesis|[fromitem]\n|-start|p2a: Roaring Moon|protosynthesisatk\n|\n|-damage|p1a: Mew|64\/100 tox|[from] psn\n|upkeep\n|turn|14\n|\n|t:|1698549628\n|move|p2a: Roaring Moon|Dragon Dance|p2a: Roaring Moon\n|-boost|p2a: Roaring Moon|atk|1\n|-boost|p2a: Roaring Moon|spe|1\n|move|p1a: Mew|Counter||[still]\n|-fail|p1a: Mew\n|\n|-damage|p1a: Mew|39\/100 tox|[from] psn\n|upkeep\n|turn|15\n|\n|t:|1698549634\n|move|p2a: Roaring Moon|Dragon Dance|p2a: Roaring Moon\n|-boost|p2a: Roaring Moon|atk|1\n|-boost|p2a: Roaring Moon|spe|1\n|move|p1a: Mew|Roost|p1a: Mew\n|-heal|p1a: Mew|89\/100 tox\n|-singleturn|p1a: Mew|move: Roost\n|\n|-damage|p1a: Mew|58\/100 tox|[from] psn\n|upkeep\n|turn|16\n|\n|t:|1698549641\n|move|p2a: Roaring Moon|Dragon Dance|p2a: Roaring Moon\n|-boost|p2a: Roaring Moon|atk|1\n|-boost|p2a: Roaring Moon|spe|1\n|move|p1a: Mew|Roost|p1a: Mew\n|-heal|p1a: Mew|100\/100 tox\n|-singleturn|p1a: Mew|move: Roost\n|\n|-damage|p1a: Mew|64\/100 tox|[from] psn\n|upkeep\n|turn|17\n|\n|t:|1698549648\n|move|p2a: Roaring Moon|Dragon Dance|p2a: Roaring Moon\n|-boost|p2a: Roaring Moon|atk|1\n|-boost|p2a: Roaring Moon|spe|1\n|move|p1a: Mew|Roost|p1a: Mew\n|-heal|p1a: Mew|100\/100 tox\n|-singleturn|p1a: Mew|move: Roost\n|\n|-damage|p1a: Mew|57\/100 tox|[from] psn\n|upkeep\n|turn|18\n|\n|t:|1698549655\n|move|p2a: Roaring Moon|Dragon Dance|p2a: Roaring Moon\n|-boost|p2a: Roaring Moon|atk|1\n|-boost|p2a: Roaring Moon|spe|1\n|move|p1a: Mew|Roost|p1a: Mew\n|-heal|p1a: Mew|100\/100 tox\n|-singleturn|p1a: Mew|move: Roost\n|\n|-damage|p1a: Mew|51\/100 tox|[from] psn\n|upkeep\n|turn|19\n|\n|t:|1698549665\n|move|p2a: Roaring Moon|Dragon Dance|p2a: Roaring Moon\n|-boost|p2a: Roaring Moon|atk|1\n|-boost|p2a: Roaring Moon|spe|1\n|move|p1a: Mew|Roost|p1a: Mew\n|-heal|p1a: Mew|100\/100 tox\n|-singleturn|p1a: Mew|move: Roost\n|\n|-damage|p1a: Mew|45\/100 tox|[from] psn\n|upkeep\n|turn|20\n|-message|Sundust0 forfeited.\n|\n|win|Quarters_OU\n|raw|Sundust0's rating: 1041 &rarr; <strong>1029<\/strong><br \/>(-12 for losing)\n|raw|Quarters_OU's rating: 1127 &rarr; <strong>1146<\/strong><br \/>(+19 for winning)\n|l|\u2606Sundust0\n","uploadtime":1698549688,"views":9,"p1id":"sundust0","p2id":"quartersou","formatid":"gen9nationaldexubers","rating":1029,"private":0,"password":""}