{"id":"gen9nationaldexubers-1990190741","p1":"Pecheur Tom","p2":"Titiditto","format":"[Gen 9] National Dex Ubers","log":"|j|\u2606Pecheur Tom\n|j|\u2606Titiditto\n|t:|1699935079\n|gametype|singles\n|player|p1|Pecheur Tom|1|1094\n|player|p2|Titiditto|scientist|1077\n|teamsize|p1|6\n|teamsize|p2|6\n|gen|9\n|tier|[Gen 9] National Dex Ubers\n|rated|\n|rule|HP Percentage Mod: HP is shown in percentages\n|rule|Endless Battle Clause: Forcing endless battles is banned\n|rule|OHKO Clause: OHKO moves are banned\n|rule|Evasion Moves Clause: Evasion moves are banned\n|rule|Evasion Items Clause: Evasion items are banned\n|rule|Species Clause: Limit one of each Pok\u00e9mon\n|rule|Sleep Clause Mod: Limit one foe put to sleep\n|rule|Mega Rayquaza Clause: You cannot mega evolve Rayquaza\n|clearpoke\n|poke|p1|Nihilego|\n|poke|p1|Stakataka|\n|poke|p1|Celesteela|\n|poke|p1|Xurkitree|\n|poke|p1|Buzzwole|\n|poke|p1|Naganadel|\n|poke|p2|Eevee, M|\n|poke|p2|Gyarados, M|\n|poke|p2|Dracovish|\n|poke|p2|Toxtricity, M|\n|poke|p2|Dragapult, F|\n|poke|p2|Toxapex, F|\n|teampreview\n|\n|t:|1699935086\n|start\n|switch|p1a: Nihilego|Nihilego, shiny|100\/100\n|switch|p2a: Eevee|Eevee, M|100\/100\n|-item|p1a: Nihilego|Air Balloon\n|turn|1\n|\n|t:|1699935093\n|move|p2a: Eevee|Detect|p2a: Eevee\n|-singleturn|p2a: Eevee|Protect\n|move|p1a: Nihilego|Stealth Rock|p2a: Eevee\n|-sidestart|p2: Titiditto|move: Stealth Rock\n|\n|upkeep\n|turn|2\n|\n|t:|1699935100\n|move|p1a: Nihilego|Toxic Spikes|p2a: Eevee\n|-sidestart|p2: Titiditto|move: Toxic Spikes\n|-zpower|p2a: Eevee\n|move|p2a: Eevee|Extreme Evoboost|p2a: Eevee\n|-boost|p2a: Eevee|atk|2\n|-boost|p2a: Eevee|def|2\n|-boost|p2a: Eevee|spa|2\n|-boost|p2a: Eevee|spd|2\n|-boost|p2a: Eevee|spe|2\n|\n|upkeep\n|turn|3\n|\n|t:|1699935112\n|move|p1a: Nihilego|Sludge Bomb|p2a: Eevee\n|-damage|p2a: Eevee|61\/100\n|move|p2a: Eevee|Stored Power|p1a: Nihilego\n|-supereffective|p1a: Nihilego\n|-damage|p1a: Nihilego|5\/100\n|-enditem|p1a: Nihilego|Air Balloon\n|\n|upkeep\n|turn|4\n|\n|t:|1699935121\n|move|p1a: Nihilego|Toxic Spikes|p2a: Eevee\n|-sidestart|p2: Titiditto|move: Toxic Spikes\n|move|p2a: Eevee|Shadow Ball|p1a: Nihilego\n|-damage|p1a: Nihilego|0 fnt\n|faint|p1a: Nihilego\n|\n|upkeep\n|\n|t:|1699935127\n|switch|p1a: Stakataka|Stakataka, shiny|100\/100\n|-item|p1a: Stakataka|Air Balloon\n|turn|5\n|\n|t:|1699935132\n|move|p2a: Eevee|Last Resort|p1a: Stakataka\n|-resisted|p1a: Stakataka\n|-damage|p1a: Stakataka|88\/100\n|-enditem|p1a: Stakataka|Air Balloon\n|move|p1a: Stakataka|Trick Room|p1a: Stakataka\n|-fieldstart|move: Trick Room|[of] p1a: Stakataka\n|\n|upkeep\n|turn|6\n|\n|t:|1699935143\n|move|p1a: Stakataka|Gyro Ball|p2a: Eevee\n|-damage|p2a: Eevee|0 fnt\n|faint|p2a: Eevee\n|-ability|p1a: Stakataka|Beast Boost|boost\n|-boost|p1a: Stakataka|def|1\n|\n|upkeep\n|\n|t:|1699935150\n|switch|p2a: Toxtricity|Toxtricity, M|100\/100\n|-damage|p2a: Toxtricity|88\/100|[from] Stealth Rock\n|-sideend|p2: Titiditto|move: Toxic Spikes|[of] p2a: Toxtricity\n|turn|7\n|\n|t:|1699935155\n|move|p1a: Stakataka|Earthquake|p2a: Toxtricity\n|-supereffective|p2a: Toxtricity\n|-damage|p2a: Toxtricity|0 fnt\n|faint|p2a: Toxtricity\n|-ability|p1a: Stakataka|Beast Boost|boost\n|-boost|p1a: Stakataka|def|1\n|\n|upkeep\n|\n|t:|1699935164\n|switch|p2a: Gyarados|Gyarados, M|100\/100\n|-damage|p2a: Gyarados|76\/100|[from] Stealth Rock\n|turn|8\n|\n|t:|1699935171\n|detailschange|p2a: Gyarados|Gyarados-Mega, M\n|-mega|p2a: Gyarados|Gyarados|Gyaradosite\n|-ability|p2a: Gyarados|Mold Breaker\n|move|p1a: Stakataka|Stone Edge|p2a: Gyarados\n|-crit|p2a: Gyarados\n|-damage|p2a: Gyarados|9\/100\n|move|p2a: Gyarados|Dragon Dance|p2a: Gyarados\n|-boost|p2a: Gyarados|atk|1\n|-boost|p2a: Gyarados|spe|1\n|\n|upkeep\n|turn|9\n|\n|t:|1699935181\n|move|p1a: Stakataka|Gyro Ball|p2a: Gyarados\n|-resisted|p2a: Gyarados\n|-damage|p2a: Gyarados|0 fnt\n|faint|p2a: Gyarados\n|-ability|p1a: Stakataka|Beast Boost|boost\n|-boost|p1a: Stakataka|def|1\n|\n|-fieldend|move: Trick Room\n|upkeep\n|\n|t:|1699935188\n|switch|p2a: Dracovish|Dracovish, shiny|100\/100\n|-damage|p2a: Dracovish|88\/100|[from] Stealth Rock\n|turn|10\n|\n|t:|1699935193\n|-terastallize|p1a: Stakataka|Water\n|move|p2a: Dracovish|Fishious Rend|p1a: Stakataka\n|-resisted|p1a: Stakataka\n|-damage|p1a: Stakataka|78\/100\n|move|p1a: Stakataka|Trick Room|p1a: Stakataka\n|-fieldstart|move: Trick Room|[of] p1a: Stakataka\n|\n|upkeep\n|turn|11\n|\n|t:|1699935201\n|move|p1a: Stakataka|Gyro Ball|p2a: Dracovish\n|-resisted|p2a: Dracovish\n|-damage|p2a: Dracovish|52\/100\n|move|p2a: Dracovish|Fishious Rend|p1a: Stakataka\n|-resisted|p1a: Stakataka\n|-damage|p1a: Stakataka|74\/100\n|\n|upkeep\n|turn|12\n|\n|t:|1699935208\n|switch|p2a: Toxapex|Toxapex, F|100\/100\n|-damage|p2a: Toxapex|88\/100|[from] Stealth Rock\n|move|p1a: Stakataka|Gyro Ball|p2a: Toxapex\n|-resisted|p2a: Toxapex\n|-damage|p2a: Toxapex|65\/100\n|-damage|p1a: Stakataka|57\/100|[from] item: Rocky Helmet|[of] p2a: Toxapex\n|\n|upkeep\n|turn|13\n|\n|t:|1699935216\n|move|p1a: Stakataka|Earthquake|p2a: Toxapex\n|-supereffective|p2a: Toxapex\n|-damage|p2a: Toxapex|0 fnt\n|faint|p2a: Toxapex\n|-ability|p1a: Stakataka|Beast Boost|boost\n|-boost|p1a: Stakataka|def|1\n|\n|upkeep\n|\n|t:|1699935223\n|switch|p2a: Dragapult|Dragapult, F|100\/100\n|-damage|p2a: Dragapult|88\/100|[from] Stealth Rock\n|turn|14\n|\n|t:|1699935227\n|move|p1a: Stakataka|Gyro Ball|p2a: Dragapult\n|-damage|p2a: Dragapult|0 fnt\n|faint|p2a: Dragapult\n|-ability|p1a: Stakataka|Beast Boost|boost\n|-boost|p1a: Stakataka|def|1\n|\n|-fieldend|move: Trick Room\n|upkeep\n|\n|t:|1699935232\n|switch|p2a: Dracovish|Dracovish, shiny|52\/100\n|-damage|p2a: Dracovish|40\/100|[from] Stealth Rock\n|turn|15\n|\n|t:|1699935236\n|move|p2a: Dracovish|Fishious Rend|p1a: Stakataka\n|-resisted|p1a: Stakataka\n|-damage|p1a: Stakataka|50\/100\n|move|p1a: Stakataka|Gyro Ball|p2a: Dracovish\n|-resisted|p2a: Dracovish\n|-damage|p2a: Dracovish|0 fnt\n|faint|p2a: Dracovish\n|\n|win|Pecheur Tom\n|raw|Pecheur Tom's rating: 1116 &rarr; <strong>1138<\/strong><br \/>(+22 for winning)\n|raw|Titiditto's rating: 1077 &rarr; <strong>1058<\/strong><br \/>(-19 for losing)\n|l|\u2606Titiditto\n","uploadtime":1699935244,"views":8,"p1id":"pecheurtom","p2id":"titiditto","formatid":"gen9nationaldexubers","rating":1058,"private":0,"password":""}