{"id":"gen9nationaldexubers-1980889367","p1":"heavylever","p2":"1 em trach thu","format":"[Gen 9] National Dex Ubers","log":"|j|\u2606heavylever\n|j|\u26061 em trach thu\n|t:|1698846259\n|gametype|singles\n|player|p1|heavylever|ash-unova|1708\n|player|p2|1 em trach thu|170|1651\n|teamsize|p1|6\n|teamsize|p2|6\n|gen|9\n|tier|[Gen 9] National Dex Ubers\n|rated|\n|rule|HP Percentage Mod: HP is shown in percentages\n|rule|Endless Battle Clause: Forcing endless battles is banned\n|rule|OHKO Clause: OHKO moves are banned\n|rule|Evasion Moves Clause: Evasion moves are banned\n|rule|Evasion Items Clause: Evasion items are banned\n|rule|Species Clause: Limit one of each Pok\u00e9mon\n|rule|Sleep Clause Mod: Limit one foe put to sleep\n|rule|Mega Rayquaza Clause: You cannot mega evolve Rayquaza\n|clearpoke\n|poke|p1|Groudon|\n|poke|p1|Giratina-Origin|\n|poke|p1|Zekrom|\n|poke|p1|Kyogre|\n|poke|p1|Dondozo, F|\n|poke|p1|Blissey, F|\n|poke|p2|Kyogre|\n|poke|p2|Groudon|\n|poke|p2|Zacian-*|\n|poke|p2|Arceus|\n|poke|p2|Rayquaza|\n|poke|p2|Banette, M|\n|teampreview\n|inactive|Battle timer is ON: inactive players will automatically lose when time's up. (requested by 1 em trach thu)\n|\n|t:|1698846286\n|start\n|switch|p1a: Kyogre|Kyogre|100\/100\n|switch|p2a: Arceus|Arceus|100\/100\n|detailschange|p1a: Kyogre|Kyogre-Primal\n|-primal|p1a: Kyogre|Blue Orb\n|-weather|PrimordialSea|[from] ability: Primordial Sea|[of] p1a: Kyogre\n|turn|1\n|\n|t:|1698846303\n|move|p2a: Arceus|Stealth Rock|p1a: Kyogre\n|-sidestart|p1: heavylever|move: Stealth Rock\n|move|p1a: Kyogre|Origin Pulse|p2a: Arceus\n|-damage|p2a: Arceus|7\/100\n|\n|-weather|PrimordialSea|[upkeep]\n|-heal|p2a: Arceus|13\/100|[from] item: Leftovers\n|upkeep\n|turn|2\n|\n|t:|1698846320\n|move|p2a: Arceus|Extreme Speed|p1a: Kyogre\n|-damage|p1a: Kyogre|71\/100\n|move|p1a: Kyogre|Ice Beam|p2a: Arceus\n|-damage|p2a: Arceus|0 fnt\n|faint|p2a: Arceus\n|\n|-weather|PrimordialSea|[upkeep]\n|upkeep\n|\n|t:|1698846330\n|switch|p2a: Zacian|Zacian-Crowned|100\/100\n|-ability|p2a: Zacian|Intrepid Sword|boost\n|-boost|p2a: Zacian|atk|1\n|turn|3\n|\n|t:|1698846335\n|-weather|none\n|switch|p1a: Dondizzy|Dondozo, F, shiny|100\/100\n|-damage|p1a: Dondizzy|88\/100|[from] Stealth Rock\n|move|p2a: Zacian|Wild Charge|p1a: Dondizzy\n|-supereffective|p1a: Dondizzy\n|-damage|p1a: Dondizzy|55\/100\n|-damage|p2a: Zacian|88\/100|[from] Recoil\n|\n|-heal|p1a: Dondizzy|62\/100|[from] item: Leftovers\n|upkeep\n|turn|4\n|\n|t:|1698846348\n|switch|p2a: Banette|Banette, M|100\/100\n|-item|p1a: Dondizzy|Leftovers|[from] ability: Frisk|[of] p2a: Banette|[identify]\n|move|p1a: Dondizzy|Curse|p1a: Dondizzy\n|-unboost|p1a: Dondizzy|spe|1\n|-boost|p1a: Dondizzy|atk|1\n|-boost|p1a: Dondizzy|def|1\n|\n|-heal|p1a: Dondizzy|68\/100|[from] item: Leftovers\n|upkeep\n|turn|5\n|\n|t:|1698846361\n|detailschange|p2a: Banette|Banette-Mega, M\n|-mega|p2a: Banette|Banette|Banettite\n|move|p2a: Banette|Encore|p1a: Dondizzy\n|-start|p1a: Dondizzy|Encore\n|move|p1a: Dondizzy|Curse|p1a: Dondizzy\n|-unboost|p1a: Dondizzy|spe|1\n|-boost|p1a: Dondizzy|atk|1\n|-boost|p1a: Dondizzy|def|1\n|\n|-heal|p1a: Dondizzy|74\/100|[from] item: Leftovers\n|upkeep\n|turn|6\n|\n|t:|1698846372\n|move|p2a: Banette|Knock Off|p1a: Dondizzy\n|-damage|p1a: Dondizzy|64\/100\n|-enditem|p1a: Dondizzy|Leftovers|[from] move: Knock Off|[of] p2a: Banette\n|move|p1a: Dondizzy|Curse|p1a: Dondizzy\n|-unboost|p1a: Dondizzy|spe|1\n|-boost|p1a: Dondizzy|atk|1\n|-boost|p1a: Dondizzy|def|1\n|\n|upkeep\n|turn|7\n|\n|t:|1698846387\n|move|p2a: Banette|Knock Off|p1a: Dondizzy\n|-damage|p1a: Dondizzy|59\/100\n|move|p1a: Dondizzy|Curse|p1a: Dondizzy\n|-unboost|p1a: Dondizzy|spe|1\n|-boost|p1a: Dondizzy|atk|1\n|-boost|p1a: Dondizzy|def|1\n|\n|-end|p1a: Dondizzy|Encore\n|upkeep\n|turn|8\n|\n|t:|1698846396\n|move|p2a: Banette|Encore|p1a: Dondizzy\n|-start|p1a: Dondizzy|Encore\n|move|p1a: Dondizzy|Curse|p1a: Dondizzy\n|-unboost|p1a: Dondizzy|spe|1\n|-boost|p1a: Dondizzy|atk|1\n|-boost|p1a: Dondizzy|def|1\n|\n|upkeep\n|turn|9\n|\n|t:|1698846404\n|move|p2a: Banette|Taunt|p1a: Dondizzy\n|-start|p1a: Dondizzy|move: Taunt\n|cant|p1a: Dondizzy|move: Taunt|Curse\n|\n|upkeep\n|turn|10\n|\n|t:|1698846415\n|switch|p2a: Groudon|Groudon|100\/100\n|detailschange|p2a: Groudon|Groudon-Primal\n|-primal|p2a: Groudon|Red Orb\n|-weather|DesolateLand|[from] ability: Desolate Land|[of] p2a: Groudon\n|-activate|p1a: Dondizzy|move: Struggle\n|move|p1a: Dondizzy|Struggle|p2a: Groudon\n|-damage|p2a: Groudon|77\/100\n|-damage|p1a: Dondizzy|34\/100|[from] recoil\n|\n|-weather|DesolateLand|[upkeep]\n|-end|p1a: Dondizzy|Encore\n|upkeep\n|turn|11\n|\n|t:|1698846427\n|move|p2a: Groudon|Solar Beam||[still]\n|-prepare|p2a: Groudon|Solar Beam\n|-anim|p2a: Groudon|Solar Beam|p1a: Dondizzy\n|-supereffective|p1a: Dondizzy\n|-damage|p1a: Dondizzy|0 fnt\n|faint|p1a: Dondizzy\n|\n|-weather|DesolateLand|[upkeep]\n|upkeep\n|\n|t:|1698846439\n|switch|p1a: Giratina|Giratina-Origin, shiny|100\/100\n|-damage|p1a: Giratina|88\/100|[from] Stealth Rock\n|turn|12\n|\n|t:|1698846449\n|-weather|none\n|switch|p2a: Kyogre|Kyogre|100\/100\n|detailschange|p2a: Kyogre|Kyogre-Primal\n|-primal|p2a: Kyogre|Blue Orb\n|-weather|PrimordialSea|[from] ability: Primordial Sea|[of] p2a: Kyogre\n|move|p1a: Giratina|Defog|p2a: Kyogre\n|-unboost|p2a: Kyogre|evasion|1\n|-sideend|p1: heavylever|Stealth Rock|[from] move: Defog|[of] p1a: Giratina\n|\n|-weather|PrimordialSea|[upkeep]\n|upkeep\n|turn|13\n|\n|t:|1698846461\n|move|p2a: Kyogre|Ice Beam|p1a: Giratina\n|-supereffective|p1a: Giratina\n|-damage|p1a: Giratina|41\/100\n|move|p1a: Giratina|Thunder Wave|p2a: Kyogre\n|-status|p2a: Kyogre|par\n|\n|-weather|PrimordialSea|[upkeep]\n|upkeep\n|turn|14\n|\n|t:|1698846468\n|move|p1a: Giratina|Hex|p2a: Kyogre\n|-damage|p2a: Kyogre|51\/100 par\n|move|p2a: Kyogre|Ice Beam|p1a: Giratina\n|-supereffective|p1a: Giratina\n|-crit|p1a: Giratina\n|-damage|p1a: Giratina|0 fnt\n|faint|p1a: Giratina\n|\n|-weather|PrimordialSea|[upkeep]\n|upkeep\n|\n|t:|1698846475\n|switch|p1a: Groudon|Groudon|100\/100\n|detailschange|p1a: Groudon|Groudon-Primal\n|-primal|p1a: Groudon|Red Orb\n|-weather|DesolateLand|[from] ability: Desolate Land|[of] p1a: Groudon\n|turn|15\n|\n|t:|1698846482\n|move|p1a: Groudon|Earthquake|p2a: Kyogre\n|-damage|p2a: Kyogre|0 fnt\n|faint|p2a: Kyogre\n|\n|-weather|DesolateLand|[upkeep]\n|upkeep\n|\n|t:|1698846488\n|switch|p2a: Rayquaza|Rayquaza|100\/100\n|-ability|p2a: Rayquaza|Air Lock\n|turn|16\n|\n|t:|1698846493\n|-weather|none\n|switch|p1a: Kyogre|Kyogre-Primal|71\/100\n|-weather|PrimordialSea|[from] ability: Primordial Sea|[of] p1a: Kyogre\n|move|p2a: Rayquaza|Surf|p1a: Kyogre\n|-resisted|p1a: Kyogre\n|-damage|p1a: Kyogre|61\/100\n|\n|-weather|PrimordialSea|[upkeep]\n|upkeep\n|turn|17\n|\n|t:|1698846505\n|move|p2a: Rayquaza|Draco Meteor|p1a: Kyogre\n|-damage|p1a: Kyogre|17\/100\n|-unboost|p2a: Rayquaza|spa|2\n|move|p1a: Kyogre|Ice Beam|p2a: Rayquaza\n|-supereffective|p2a: Rayquaza\n|-enditem|p2a: Rayquaza|Focus Sash\n|-damage|p2a: Rayquaza|1\/100\n|-status|p2a: Rayquaza|frz\n|\n|-weather|PrimordialSea|[upkeep]\n|upkeep\n|turn|18\n|\n|t:|1698846516\n|cant|p2a: Rayquaza|frz\n|move|p1a: Kyogre|Ice Beam|p2a: Rayquaza\n|-supereffective|p2a: Rayquaza\n|-damage|p2a: Rayquaza|0 fnt\n|faint|p2a: Rayquaza\n|\n|-weather|PrimordialSea|[upkeep]\n|upkeep\n|\n|t:|1698846524\n|switch|p2a: Zacian|Zacian-Crowned|88\/100\n|turn|19\n|\n|t:|1698846533\n|-weather|none\n|switch|p1a: Groudon|Groudon-Primal|100\/100\n|-weather|DesolateLand|[from] ability: Desolate Land|[of] p1a: Groudon\n|move|p2a: Zacian|Wild Charge|p1a: Groudon\n|-immune|p1a: Groudon\n|\n|-weather|DesolateLand|[upkeep]\n|upkeep\n|turn|20\n|\n|t:|1698846544\n|-terastallize|p2a: Zacian|Ground\n|move|p2a: Zacian|Tera Blast|p1a: Groudon|[anim] Tera Blast Ground\n|-supereffective|p1a: Groudon\n|-damage|p1a: Groudon|46\/100\n|move|p1a: Groudon|Earthquake|p2a: Zacian\n|-crit|p2a: Zacian\n|-damage|p2a: Zacian|0 fnt\n|faint|p2a: Zacian\n|\n|-weather|DesolateLand|[upkeep]\n|upkeep\n|inactive|1 em trach thu has 120 seconds left.\n|\n|t:|1698846572\n|switch|p2a: Groudon|Groudon-Primal|77\/100\n|turn|21\n|\n|t:|1698846580\n|move|p2a: Groudon|Rock Tomb|p1a: Groudon\n|-damage|p1a: Groudon|29\/100\n|-unboost|p1a: Groudon|spe|1\n|move|p1a: Groudon|Earthquake|p2a: Groudon\n|-supereffective|p2a: Groudon\n|-damage|p2a: Groudon|0 fnt\n|faint|p2a: Groudon\n|\n|-weather|DesolateLand|[upkeep]\n|upkeep\n|\n|t:|1698846590\n|switch|p2a: Banette|Banette-Mega, M|100\/100\n|turn|22\n|\n|t:|1698846593\n|move|p2a: Banette|Knock Off|p1a: Groudon\n|-damage|p1a: Groudon|15\/100\n|move|p1a: Groudon|Will-O-Wisp|p2a: Banette\n|-status|p2a: Banette|brn\n|\n|-weather|DesolateLand|[upkeep]\n|-damage|p2a: Banette|95\/100 brn|[from] brn\n|upkeep\n|turn|23\n|\n|t:|1698846602\n|move|p2a: Banette|Encore|p1a: Groudon\n|-start|p1a: Groudon|Encore\n|move|p1a: Groudon|Will-O-Wisp|p2a: Banette\n|-fail|p2a: Banette|brn\n|\n|-weather|DesolateLand|[upkeep]\n|-damage|p2a: Banette|89\/100 brn|[from] brn\n|upkeep\n|turn|24\n|\n|t:|1698846610\n|move|p2a: Banette|Knock Off|p1a: Groudon\n|-damage|p1a: Groudon|7\/100\n|move|p1a: Groudon|Will-O-Wisp|p2a: Banette\n|-fail|p2a: Banette|brn\n|\n|-weather|DesolateLand|[upkeep]\n|-damage|p2a: Banette|83\/100 brn|[from] brn\n|upkeep\n|turn|25\n|\n|t:|1698846618\n|move|p2a: Banette|Knock Off|p1a: Groudon\n|-damage|p1a: Groudon|0 fnt\n|faint|p1a: Groudon\n|-weather|none\n|\n|-damage|p2a: Banette|77\/100 brn|[from] brn\n|upkeep\n|\n|t:|1698846621\n|switch|p1a: Kyogre|Kyogre-Primal|17\/100\n|-weather|PrimordialSea|[from] ability: Primordial Sea|[of] p1a: Kyogre\n|turn|26\n|j| yahhhhhhhh\n|\n|t:|1698846632\n|move|p2a: Banette|Knock Off|p1a: Kyogre\n|-damage|p1a: Kyogre|3\/100\n|move|p1a: Kyogre|Thunder|p2a: Banette\n|-damage|p2a: Banette|3\/100 brn\n|\n|-weather|PrimordialSea|[upkeep]\n|-damage|p2a: Banette|0 fnt|[from] brn\n|faint|p2a: Banette\n|\n|win|heavylever\n|upkeep\n|raw|heavylever's rating: 1708 &rarr; <strong>1725<\/strong><br \/>(+17 for winning)\n|raw|1 em trach thu's rating: 1651 &rarr; <strong>1634<\/strong><br \/>(-17 for losing)\n|l|\u2606heavylever\n|l|\u26061 em trach thu\n","uploadtime":1698846657,"views":8,"p1id":"heavylever","p2id":"1emtrachthu","formatid":"gen9nationaldexubers","rating":1634,"private":0,"password":""}