{"id":"gen9nationaldexubers-1997674928","p1":"Hiusi guy %\u25d5\u203f\u203f\u25d5%","p2":"Ginesect","format":"[Gen 9] National Dex Ubers","log":"|j|\u2606Hiusi guy %\u25d5\u203f\u203f\u25d5%\n|j|\u2606Ginesect\n|t:|1700840445\n|gametype|singles\n|player|p1|Hiusi guy %\u25d5\u203f\u203f\u25d5%|alec-anime|\n|player|p2|Ginesect|cynthia|\n|teamsize|p1|6\n|teamsize|p2|6\n|gen|9\n|tier|[Gen 9] National Dex Ubers\n|rule|HP Percentage Mod: HP is shown in percentages\n|rule|Endless Battle Clause: Forcing endless battles is banned\n|rule|OHKO Clause: OHKO moves are banned\n|rule|Evasion Moves Clause: Evasion moves are banned\n|rule|Evasion Items Clause: Evasion items are banned\n|rule|Species Clause: Limit one of each Pok\u00e9mon\n|rule|Sleep Clause Mod: Limit one foe put to sleep\n|rule|Mega Rayquaza Clause: You cannot mega evolve Rayquaza\n|clearpoke\n|poke|p1|Iron Valiant|\n|poke|p1|Roaring Moon|\n|poke|p1|Grimmsnarl, M|\n|poke|p1|Blaziken, M|\n|poke|p1|Hatterene, F|\n|poke|p1|Altaria, M|\n|poke|p2|Ninetales-Alola, M|\n|poke|p2|Arctozolt|\n|poke|p2|Mamoswine, M|\n|poke|p2|Chien-Pao|\n|poke|p2|Diancie|\n|poke|p2|Articuno|\n|teampreview\n|\n|t:|1700840462\n|start\n|switch|p1a: Grimmsnarl|Grimmsnarl, M|100\/100\n|switch|p2a: Mamoswine|Mamoswine, M|100\/100\n|turn|1\n|\n|t:|1700840469\n|move|p1a: Grimmsnarl|Taunt|p2a: Mamoswine\n|-start|p2a: Mamoswine|move: Taunt\n|cant|p2a: Mamoswine|move: Taunt|Stealth Rock\n|\n|upkeep\n|turn|2\n|\n|t:|1700840498\n|move|p1a: Grimmsnarl|Reflect|p1a: Grimmsnarl\n|-sidestart|p1: Hiusi guy %\u25d5\u203f\u203f\u25d5%|Reflect\n|move|p2a: Mamoswine|Earthquake|p1a: Grimmsnarl\n|-damage|p1a: Grimmsnarl|63\/100\n|\n|upkeep\n|turn|3\n|\n|t:|1700840504\n|move|p1a: Grimmsnarl|Parting Shot|p2a: Mamoswine\n|-unboost|p2a: Mamoswine|atk|1\n|-unboost|p2a: Mamoswine|spa|1\n|\n|t:|1700840514\n|switch|p1a: Iron Valiant|Iron Valiant|100\/100|[from] Parting Shot\n|-enditem|p1a: Iron Valiant|Booster Energy\n|-activate|p1a: Iron Valiant|ability: Quark Drive|[fromitem]\n|-start|p1a: Iron Valiant|quarkdrivespe\n|move|p2a: Mamoswine|Knock Off|p1a: Iron Valiant\n|-resisted|p1a: Iron Valiant\n|-damage|p1a: Iron Valiant|98\/100\n|\n|-end|p2a: Mamoswine|move: Taunt\n|upkeep\n|turn|4\n|\n|t:|1700840529\n|switch|p2a: Ninetales|Ninetales-Alola, M|100\/100\n|-weather|Snow|[from] ability: Snow Warning|[of] p2a: Ninetales\n|move|p1a: Iron Valiant|Calm Mind|p1a: Iron Valiant\n|-boost|p1a: Iron Valiant|spa|1\n|-boost|p1a: Iron Valiant|spd|1\n|\n|-weather|Snow|[upkeep]\n|upkeep\n|turn|5\n|\n|t:|1700840536\n|move|p1a: Iron Valiant|Moonblast|p2a: Ninetales\n|-damage|p2a: Ninetales|13\/100\n|move|p2a: Ninetales|Aurora Veil|p2a: Ninetales\n|-sidestart|p2: Ginesect|move: Aurora Veil\n|\n|-weather|Snow|[upkeep]\n|upkeep\n|turn|6\n|\n|t:|1700840549\n|switch|p2a: Arctozolt|Arctozolt|100\/100\n|move|p1a: Iron Valiant|Moonblast|p2a: Arctozolt\n|-damage|p2a: Arctozolt|58\/100\n|\n|-weather|Snow|[upkeep]\n|-sideend|p1: Hiusi guy %\u25d5\u203f\u203f\u25d5%|Reflect\n|upkeep\n|turn|7\n|\n|t:|1700840557\n|move|p1a: Iron Valiant|Aura Sphere|p2a: Arctozolt\n|-supereffective|p2a: Arctozolt\n|-damage|p2a: Arctozolt|0 fnt\n|faint|p2a: Arctozolt\n|\n|-weather|Snow|[upkeep]\n|upkeep\n|\n|t:|1700840566\n|switch|p2a: Diancie|Diancie|100\/100\n|turn|8\n|\n|t:|1700840572\n|detailschange|p2a: Diancie|Diancie-Mega\n|-mega|p2a: Diancie|Diancie|Diancite\n|move|p1a: Iron Valiant|Substitute|p1a: Iron Valiant\n|-start|p1a: Iron Valiant|Substitute\n|-damage|p1a: Iron Valiant|73\/100\n|move|p2a: Diancie|Moonblast|p1a: Iron Valiant\n|-supereffective|p1a: Iron Valiant\n|-end|p1a: Iron Valiant|Substitute\n|\n|-weather|Snow|[upkeep]\n|upkeep\n|turn|9\n|\n|t:|1700840584\n|move|p1a: Iron Valiant|Substitute|p1a: Iron Valiant\n|-start|p1a: Iron Valiant|Substitute\n|-damage|p1a: Iron Valiant|48\/100\n|move|p2a: Diancie|Moonblast|p1a: Iron Valiant\n|-supereffective|p1a: Iron Valiant\n|-end|p1a: Iron Valiant|Substitute\n|\n|-weather|Snow|[upkeep]\n|-sideend|p2: Ginesect|move: Aurora Veil\n|upkeep\n|turn|10\n|\n|t:|1700840586\n|move|p1a: Iron Valiant|Moonblast|p2a: Diancie\n|-damage|p2a: Diancie|6\/100\n|-unboost|p2a: Diancie|spa|1\n|move|p2a: Diancie|Moonblast|p1a: Iron Valiant\n|-supereffective|p1a: Iron Valiant\n|-damage|p1a: Iron Valiant|0 fnt\n|faint|p1a: Iron Valiant\n|-end|p1a: Iron Valiant|Quark Drive|[silent]\n|\n|-weather|Snow|[upkeep]\n|upkeep\n|\n|t:|1700840616\n|switch|p1a: Grimmsnarl|Grimmsnarl, M|63\/100\n|turn|11\n|\n|t:|1700840623\n|move|p1a: Grimmsnarl|Light Screen|p1a: Grimmsnarl\n|-sidestart|p1: Hiusi guy %\u25d5\u203f\u203f\u25d5%|move: Light Screen\n|move|p2a: Diancie|Moonblast|p1a: Grimmsnarl\n|-supereffective|p1a: Grimmsnarl\n|-damage|p1a: Grimmsnarl|34\/100\n|\n|-weather|none\n|upkeep\n|turn|12\n|\n|t:|1700840631\n|switch|p2a: Chien-Pao|Chien-Pao|100\/100\n|-ability|p2a: Chien-Pao|Sword of Ruin\n|switch|p1a: Hatterene|Hatterene, F|100\/100\n|\n|upkeep\n|turn|13\n|\n|t:|1700840642\n|switch|p2a: Articuno|Articuno|100\/100\n|move|p1a: Hatterene|Draining Kiss|p2a: Articuno\n|-damage|p2a: Articuno|84\/100\n|\n|upkeep\n|turn|14\n|\n|t:|1700840650\n|move|p2a: Articuno|Defog|p1a: Hatterene\n|move|p1a: Hatterene|Defog|p2a: Articuno|[from]ability: Magic Bounce\n|-unboost|p2a: Articuno|evasion|1\n|move|p1a: Hatterene|Calm Mind|p1a: Hatterene\n|-boost|p1a: Hatterene|spa|1\n|-boost|p1a: Hatterene|spd|1\n|\n|upkeep\n|turn|15\n|c|\u2606Hiusi guy %\u25d5\u203f\u203f\u25d5%|Ok\n|c|\u2606Ginesect|ok wtf\n|c|\u2606Ginesect|I misclicked lmao\n|c|\u2606Hiusi guy %\u25d5\u203f\u203f\u25d5%|Lol\n|c|\u2606Ginesect|\ud83d\udc80\n|\n|t:|1700840692\n|move|p2a: Articuno|U-turn|p1a: Hatterene\n|-damage|p1a: Hatterene|85\/100\n|\n|t:|1700840696\n|switch|p2a: Mamoswine|Mamoswine, M|100\/100|[from] U-turn\n|move|p1a: Hatterene|Calm Mind|p1a: Hatterene\n|-boost|p1a: Hatterene|spa|1\n|-boost|p1a: Hatterene|spd|1\n|\n|-heal|p1a: Hatterene|91\/100|[from] item: Leftovers\n|-sideend|p1: Hiusi guy %\u25d5\u203f\u203f\u25d5%|move: Light Screen\n|upkeep\n|turn|16\n|\n|t:|1700840720\n|move|p2a: Mamoswine|Earthquake|p1a: Hatterene\n|-damage|p1a: Hatterene|22\/100\n|move|p1a: Hatterene|Giga Drain|p2a: Mamoswine\n|-supereffective|p2a: Mamoswine\n|-damage|p2a: Mamoswine|0 fnt\n|-heal|p1a: Hatterene|85\/100|[from] drain|[of] p2a: Mamoswine\n|faint|p2a: Mamoswine\n|\n|-heal|p1a: Hatterene|91\/100|[from] item: Leftovers\n|upkeep\n|\n|t:|1700840728\n|switch|p2a: Chien-Pao|Chien-Pao|100\/100\n|-ability|p2a: Chien-Pao|Sword of Ruin\n|turn|17\n|\n|t:|1700840732\n|-terastallize|p1a: Hatterene|Fire\n|move|p2a: Chien-Pao|Crunch|p1a: Hatterene\n|-crit|p1a: Hatterene\n|-damage|p1a: Hatterene|0 fnt\n|faint|p1a: Hatterene\n|\n|upkeep\n|c|\u2606Hiusi guy %\u25d5\u203f\u203f\u25d5%|Fair\n|c|\u2606Ginesect|Did crit matter\n|c|\u2606Ginesect|maybe\n|\n|t:|1700840754\n|switch|p1a: Grimmsnarl|Grimmsnarl, M|34\/100\n|turn|18\n|\n|t:|1700840760\n|move|p1a: Grimmsnarl|Reflect|p1a: Grimmsnarl\n|-sidestart|p1: Hiusi guy %\u25d5\u203f\u203f\u25d5%|Reflect\n|move|p2a: Chien-Pao|Crunch|p1a: Grimmsnarl\n|-resisted|p1a: Grimmsnarl\n|-damage|p1a: Grimmsnarl|23\/100\n|\n|upkeep\n|turn|19\n|\n|t:|1700840775\n|switch|p2a: Ninetales|Ninetales-Alola, M|13\/100\n|-weather|Snow|[from] ability: Snow Warning|[of] p2a: Ninetales\n|switch|p1a: Blaziken|Blaziken, M|100\/100\n|\n|-weather|Snow|[upkeep]\n|upkeep\n|turn|20\n|\n|t:|1700840783\n|move|p2a: Ninetales|Aurora Veil|p2a: Ninetales\n|-sidestart|p2: Ginesect|move: Aurora Veil\n|move|p1a: Blaziken|Swords Dance|p1a: Blaziken\n|-boost|p1a: Blaziken|atk|2\n|\n|-weather|Snow|[upkeep]\n|-ability|p1a: Blaziken|Speed Boost|boost\n|-boost|p1a: Blaziken|spe|1\n|upkeep\n|turn|21\n|\n|t:|1700840788\n|move|p1a: Blaziken|Close Combat|p2a: Ninetales\n|-damage|p2a: Ninetales|0 fnt\n|-unboost|p1a: Blaziken|def|1\n|-unboost|p1a: Blaziken|spd|1\n|faint|p2a: Ninetales\n|-damage|p1a: Blaziken|91\/100|[from] item: Life Orb\n|\n|-weather|Snow|[upkeep]\n|-ability|p1a: Blaziken|Speed Boost|boost\n|-boost|p1a: Blaziken|spe|1\n|upkeep\n|c|\u2606Ginesect|Ah it's gg\n|\n|t:|1700840816\n|switch|p2a: Articuno|Articuno|84\/100\n|turn|22\n|c|\u2606Hiusi guy %\u25d5\u203f\u203f\u25d5%|Gg\n|\n|t:|1700840826\n|move|p1a: Blaziken|Flare Blitz|p2a: Articuno\n|-supereffective|p2a: Articuno\n|-damage|p2a: Articuno|0 fnt\n|faint|p2a: Articuno\n|-damage|p1a: Blaziken|56\/100|[from] Recoil\n|-damage|p1a: Blaziken|46\/100|[from] item: Life Orb\n|\n|-weather|Snow|[upkeep]\n|-sideend|p1: Hiusi guy %\u25d5\u203f\u203f\u25d5%|Reflect\n|-ability|p1a: Blaziken|Speed Boost|boost\n|-boost|p1a: Blaziken|spe|1\n|upkeep\n|\n|t:|1700840829\n|switch|p2a: Chien-Pao|Chien-Pao|100\/100\n|-ability|p2a: Chien-Pao|Sword of Ruin\n|turn|23\n|\n|t:|1700840834\n|move|p2a: Chien-Pao|Sucker Punch|p1a: Blaziken\n|-resisted|p1a: Blaziken\n|-damage|p1a: Blaziken|0 fnt\n|faint|p1a: Blaziken\n|\n|-weather|Snow|[upkeep]\n|upkeep\n|\n|t:|1700840840\n|switch|p1a: Roaring Moon|Roaring Moon|100\/100\n|-enditem|p1a: Roaring Moon|Booster Energy\n|-activate|p1a: Roaring Moon|ability: Protosynthesis|[fromitem]\n|-start|p1a: Roaring Moon|protosynthesisatk\n|turn|24\n|\n|t:|1700840844\n|switch|p2a: Diancie|Diancie-Mega|6\/100\n|move|p1a: Roaring Moon|Dragon Dance|p1a: Roaring Moon\n|-boost|p1a: Roaring Moon|atk|1\n|-boost|p1a: Roaring Moon|spe|1\n|\n|-weather|Snow|[upkeep]\n|-sideend|p2: Ginesect|move: Aurora Veil\n|upkeep\n|turn|25\n|\n|t:|1700840849\n|move|p1a: Roaring Moon|Brick Break|p2a: Diancie\n|-damage|p2a: Diancie|0 fnt\n|faint|p2a: Diancie\n|\n|-weather|Snow|[upkeep]\n|upkeep\n|\n|t:|1700840877\n|switch|p2a: Chien-Pao|Chien-Pao|100\/100\n|-ability|p2a: Chien-Pao|Sword of Ruin\n|turn|26\n|\n|t:|1700840886\n|-terastallize|p2a: Chien-Pao|Dark\n|move|p1a: Roaring Moon|Brick Break|p2a: Chien-Pao\n|-supereffective|p2a: Chien-Pao\n|-damage|p2a: Chien-Pao|0 fnt\n|faint|p2a: Chien-Pao\n|\n|win|Hiusi guy %\u25d5\u203f\u203f\u25d5%\n|c|\u2606Ginesect|gg\n|c|\u2606Hiusi guy %\u25d5\u203f\u203f\u25d5%|Gg\n|l|\u2606Hiusi guy %\u25d5\u203f\u203f\u25d5%\n","uploadtime":1700840894,"views":3,"p1id":"hiusiguy","p2id":"ginesect","formatid":"gen9nationaldexubers","rating":0,"private":0,"password":""}