{"id":"gen9nationaldexubers-1997022363","p1":"MrTRB","p2":"Nuclear_Droid","format":"[Gen 9] National Dex Ubers","log":"|j|\u2606MrTRB\n|j|\u2606Nuclear_Droid\n|t:|1700756634\n|gametype|singles\n|player|p1|MrTRB|benga|\n|player|p2|Nuclear_Droid|169|\n|teamsize|p1|2\n|teamsize|p2|2\n|gen|9\n|tier|[Gen 9] National Dex Ubers\n|rule|HP Percentage Mod: HP is shown in percentages\n|rule|Endless Battle Clause: Forcing endless battles is banned\n|rule|OHKO Clause: OHKO moves are banned\n|rule|Evasion Moves Clause: Evasion moves are banned\n|rule|Evasion Items Clause: Evasion items are banned\n|rule|Species Clause: Limit one of each Pok\u00e9mon\n|rule|Sleep Clause Mod: Limit one foe put to sleep\n|rule|Mega Rayquaza Clause: You cannot mega evolve Rayquaza\n|clearpoke\n|poke|p1|Cyclizar, F|\n|poke|p1|Garganacl, F|\n|poke|p2|Palafin, F|\n|poke|p2|Iron Moth|\n|teampreview\n|\n|t:|1700756641\n|start\n|switch|p1a: Cyclizar|Cyclizar, F|100\/100\n|switch|p2a: Palafin|Palafin, F|100\/100\n|turn|1\n|\n|t:|1700756651\n|detailschange|p2a: Palafin|Palafin-Hero, F\n|switch|p2a: Iron Moth|Iron Moth, shiny|100\/100\n|-enditem|p2a: Iron Moth|Booster Energy\n|-activate|p2a: Iron Moth|ability: Quark Drive|[fromitem]\n|-start|p2a: Iron Moth|quarkdrivespa\n|move|p1a: Cyclizar|Shed Tail|p1a: Cyclizar\n|-start|p1a: Cyclizar|Substitute|[from] move: Shed Tail\n|-damage|p1a: Cyclizar|50\/100\n|-enditem|p1a: Cyclizar|Sitrus Berry|[eat]\n|-heal|p1a: Cyclizar|75\/100|[from] item: Sitrus Berry\n|\n|t:|1700756660\n|switch|p1a: Garganacl|Garganacl, F|100\/100|[from] Shed Tail\n|\n|upkeep\n|turn|2\n|\n|t:|1700756667\n|move|p2a: Iron Moth|Toxic Spikes|p1a: Garganacl\n|-sidestart|p1: MrTRB|move: Toxic Spikes\n|move|p1a: Garganacl|Salt Cure|p2a: Iron Moth\n|-supereffective|p2a: Iron Moth\n|-damage|p2a: Iron Moth|54\/100\n|-start|p2a: Iron Moth|Salt Cure\n|\n|-damage|p2a: Iron Moth|42\/100|[from] Salt Cure\n|upkeep\n|turn|3\n|\n|t:|1700756676\n|move|p2a: Iron Moth|Sludge Wave|p1a: Garganacl\n|-resisted|p1a: Garganacl\n|-end|p1a: Garganacl|Substitute\n|move|p1a: Garganacl|Iron Defense|p1a: Garganacl\n|-boost|p1a: Garganacl|def|2\n|\n|-damage|p2a: Iron Moth|29\/100|[from] Salt Cure\n|upkeep\n|turn|4\n|\n|t:|1700756686\n|move|p2a: Iron Moth|Discharge|p1a: Garganacl\n|-damage|p1a: Garganacl|75\/100\n|move|p1a: Garganacl|Iron Defense|p1a: Garganacl\n|-boost|p1a: Garganacl|def|2\n|\n|-heal|p1a: Garganacl|81\/100|[from] item: Leftovers\n|-damage|p2a: Iron Moth|17\/100|[from] Salt Cure\n|upkeep\n|turn|5\n|\n|t:|1700756695\n|move|p2a: Iron Moth|Discharge|p1a: Garganacl\n|-damage|p1a: Garganacl|53\/100\n|move|p1a: Garganacl|Body Press|p2a: Iron Moth\n|-resisted|p2a: Iron Moth\n|-damage|p2a: Iron Moth|0 fnt\n|faint|p2a: Iron Moth\n|-end|p2a: Iron Moth|Quark Drive|[silent]\n|\n|-heal|p1a: Garganacl|59\/100|[from] item: Leftovers\n|upkeep\n|\n|t:|1700756705\n|switch|p2a: Palafin|Palafin-Hero, F|100\/100\n|-activate|p2a: Palafin|ability: Zero to Hero\n|turn|6\n|j| CloysterEnjoyer\n|\n|t:|1700756713\n|-terastallize|p2a: Palafin|Poison\n|-terastallize|p1a: Garganacl|Steel\n|move|p2a: Palafin|Hydro Pump|p1a: Garganacl\n|-damage|p1a: Garganacl|30\/100\n|move|p1a: Garganacl|Body Press|p2a: Palafin\n|-resisted|p2a: Palafin\n|-damage|p2a: Palafin|64\/100\n|\n|-heal|p1a: Garganacl|36\/100|[from] item: Leftovers\n|upkeep\n|turn|7\n|c| CloysterEnjoyer|wow\n|\n|t:|1700756726\n|move|p2a: Palafin|Close Combat|p1a: Garganacl\n|-supereffective|p1a: Garganacl\n|-damage|p1a: Garganacl|15\/100\n|-unboost|p2a: Palafin|def|1\n|-unboost|p2a: Palafin|spd|1\n|move|p1a: Garganacl|Recover|p1a: Garganacl\n|-heal|p1a: Garganacl|65\/100\n|\n|-heal|p1a: Garganacl|72\/100|[from] item: Leftovers\n|upkeep\n|turn|8\n|\n|t:|1700756737\n|move|p2a: Palafin|Ice Beam|p1a: Garganacl\n|-resisted|p1a: Garganacl\n|-crit|p1a: Garganacl\n|-damage|p1a: Garganacl|61\/100\n|move|p1a: Garganacl|Salt Cure|p2a: Palafin\n|-damage|p2a: Palafin|44\/100\n|-start|p2a: Palafin|Salt Cure\n|\n|-heal|p1a: Garganacl|67\/100|[from] item: Leftovers\n|-damage|p2a: Palafin|32\/100|[from] Salt Cure\n|upkeep\n|turn|9\n|\n|t:|1700756749\n|move|p2a: Palafin|Close Combat|p1a: Garganacl\n|-supereffective|p1a: Garganacl\n|-damage|p1a: Garganacl|43\/100\n|-unboost|p2a: Palafin|def|1\n|-unboost|p2a: Palafin|spd|1\n|move|p1a: Garganacl|Body Press|p2a: Palafin\n|-resisted|p2a: Palafin\n|-damage|p2a: Palafin|0 fnt\n|faint|p2a: Palafin\n|\n|win|MrTRB\n|c| CloysterEnjoyer|btw the 6th gym leader is notorious for hiding away and taking forever\n|c|\u2606MrTRB|dam\n|l|\u2606Nuclear_Droid\n","uploadtime":1700756772,"views":9,"p1id":"mrtrb","p2id":"nucleardroid","formatid":"gen9nationaldexubers","rating":0,"private":0,"password":""}