{"id":"gen9nationaldexubers-1989598080","p1":"Artchu133","p2":"Zaynzito","format":"[Gen 9] National Dex Ubers","log":"|j|\u2606Artchu133\n|j|\u2606Zaynzito\n|t:|1699876874\n|gametype|singles\n|player|p1|Artchu133|ethan|\n|player|p2|Zaynzito|unknown|\n|teamsize|p1|6\n|teamsize|p2|6\n|gen|9\n|tier|[Gen 9] National Dex Ubers\n|rule|HP Percentage Mod: HP is shown in percentages\n|rule|Endless Battle Clause: Forcing endless battles is banned\n|rule|OHKO Clause: OHKO moves are banned\n|rule|Evasion Moves Clause: Evasion moves are banned\n|rule|Evasion Items Clause: Evasion items are banned\n|rule|Species Clause: Limit one of each Pok\u00e9mon\n|rule|Sleep Clause Mod: Limit one foe put to sleep\n|rule|Mega Rayquaza Clause: You cannot mega evolve Rayquaza\n|clearpoke\n|poke|p1|Houndour, L18, M|\n|poke|p1|Teddiursa, L18, M|\n|poke|p1|Morelull, L18, M|\n|poke|p1|Mudkip, L18, M|\n|poke|p1|Blitzle, L18, M|\n|poke|p1|Azurill, L18, M|\n|poke|p2|Crocalor, L18, M|\n|poke|p2|Fletchling, L18, M|\n|poke|p2|Ponyta-Galar, L18, F|\n|poke|p2|Helioptile, L18, M|\n|poke|p2|Pineco, L18, M|\n|poke|p2|Poliwag, L18, F|\n|teampreview\n|\n|t:|1699876881\n|start\n|switch|p1a: Pexin|Mudkip, L18, M|100\/100\n|switch|p2a: Pineco|Pineco, L18, M|100\/100\n|turn|1\n|j| The Kitten Boy\n|\n|t:|1699876893\n|move|p1a: Pexin|Ice Beam|p2a: Pineco\n|-damage|p2a: Pineco|65\/100\n|move|p2a: Pineco|Toxic Spikes|p1a: Pexin\n|-sidestart|p1: Artchu133|move: Toxic Spikes\n|\n|-heal|p2a: Pineco|71\/100|[from] item: Leftovers\n|upkeep\n|turn|2\n|\n|t:|1699876902\n|move|p1a: Pexin|Surf|p2a: Pineco\n|-damage|p2a: Pineco|18\/100\n|move|p2a: Pineco|Stealth Rock|p1a: Pexin\n|-sidestart|p1: Artchu133|move: Stealth Rock\n|\n|-heal|p2a: Pineco|24\/100|[from] item: Leftovers\n|upkeep\n|turn|3\n|\n|t:|1699876906\n|switch|p2a: Poliwag|Poliwag, L18, F|100\/100\n|move|p1a: Pexin|Surf|p2a: Poliwag\n|-immune|p2a: Poliwag|[from] ability: Water Absorb\n|\n|upkeep\n|turn|4\n|\n|t:|1699876915\n|move|p2a: Poliwag|Belly Drum|p2a: Poliwag\n|-damage|p2a: Poliwag|50\/100\n|-setboost|p2a: Poliwag|atk|6|[from] move: Belly Drum\n|-enditem|p2a: Poliwag|Sitrus Berry|[eat]\n|-heal|p2a: Poliwag|75\/100|[from] item: Sitrus Berry\n|move|p1a: Pexin|Sludge Wave|p2a: Poliwag\n|-damage|p2a: Poliwag|19\/100\n|\n|upkeep\n|turn|5\n|\n|t:|1699876920\n|move|p2a: Poliwag|Body Slam|p1a: Pexin\n|-damage|p1a: Pexin|6\/100\n|move|p1a: Pexin|Sludge Wave|p2a: Poliwag\n|-damage|p2a: Poliwag|0 fnt\n|faint|p2a: Poliwag\n|\n|upkeep\n|c|\u2606Zaynzito|porra\n|\n|t:|1699876933\n|switch|p2a: Helioptile|Helioptile, L18, M, shiny|100\/100\n|turn|6\n|c| The Kitten Boy|Why Belly Drum em babys \u00e9 t\u00e3o fraco?\n|\n|t:|1699876945\n|switch|p1a: Amongus\u00b2|Morelull, L18, M|100\/100\n|-status|p1a: Amongus\u00b2|psn\n|-damage|p1a: Amongus\u00b2|88\/100 psn|[from] Stealth Rock\n|move|p2a: Helioptile|Volt Switch|p1a: Amongus\u00b2\n|-resisted|p1a: Amongus\u00b2\n|-damage|p1a: Amongus\u00b2|76\/100 psn\n|\n|t:|1699876952\n|switch|p2a: Crocalor|Crocalor, L18, M|100\/100|[from] Volt Switch\n|\n|-damage|p1a: Amongus\u00b2|64\/100 psn|[from] psn\n|upkeep\n|turn|7\n|\n|t:|1699876967\n|switch|p1a: Capetin|Houndour, L18, M|100\/100\n|-status|p1a: Capetin|psn\n|-damage|p1a: Capetin|76\/100 psn|[from] Stealth Rock\n|move|p2a: Crocalor|Flamethrower|p1a: Capetin\n|-start|p1a: Capetin|ability: Flash Fire\n|\n|-damage|p1a: Capetin|64\/100 psn|[from] psn\n|upkeep\n|turn|8\n|\n|t:|1699876991\n|move|p1a: Capetin|Dark Pulse|p2a: Crocalor\n|-crit|p2a: Crocalor\n|-damage|p2a: Crocalor|62\/100\n|cant|p2a: Crocalor|flinch\n|\n|-damage|p1a: Capetin|52\/100 psn|[from] psn\n|upkeep\n|turn|9\n|\n|t:|1699876999\n|move|p1a: Capetin|Dark Pulse|p2a: Crocalor\n|-damage|p2a: Crocalor|38\/100\n|move|p2a: Crocalor|Hyper Voice|p1a: Capetin\n|-crit|p1a: Capetin\n|-damage|p1a: Capetin|0 fnt\n|faint|p1a: Capetin\n|\n|upkeep\n|\n|t:|1699877012\n|switch|p1a: Stomper|Blitzle, L18, M|100\/100\n|-status|p1a: Stomper|psn\n|-damage|p1a: Stomper|88\/100 psn|[from] Stealth Rock\n|turn|10\n|\n|t:|1699877025\n|move|p1a: Stomper|Wild Charge|p2a: Crocalor\n|-damage|p2a: Crocalor|0 fnt\n|faint|p2a: Crocalor\n|-damage|p1a: Stomper|76\/100 psn|[from] Recoil\n|-damage|p1a: Stomper|68\/100 psn|[from] item: Life Orb\n|\n|-damage|p1a: Stomper|56\/100 psn|[from] psn\n|upkeep\n|\n|t:|1699877033\n|switch|p2a: Ponyta|Ponyta-Galar, L18, F|100\/100\n|turn|11\n|\n|t:|1699877045\n|move|p2a: Ponyta|High Horsepower|p1a: Stomper\n|-supereffective|p1a: Stomper\n|-damage|p1a: Stomper|0 fnt\n|faint|p1a: Stomper\n|\n|upkeep\n|\n|t:|1699877060\n|switch|p1a: Amongus\u00b2|Morelull, L18, M|64\/100 psn\n|-damage|p1a: Amongus\u00b2|52\/100 psn|[from] Stealth Rock\n|turn|12\n|\n|t:|1699877069\n|switch|p2a: Pineco|Pineco, L18, M|24\/100\n|move|p1a: Amongus\u00b2|Strength Sap|p2a: Pineco\n|-unboost|p2a: Pineco|atk|1\n|-heal|p1a: Amongus\u00b2|100\/100 psn\n|\n|-heal|p2a: Pineco|30\/100|[from] item: Leftovers\n|-damage|p1a: Amongus\u00b2|88\/100 psn|[from] psn\n|upkeep\n|turn|13\n|\n|t:|1699877080\n|switch|p1a: Pexin|Mudkip, L18, M|6\/100\n|-status|p1a: Pexin|psn\n|-damage|p1a: Pexin|0 fnt|[from] Stealth Rock\n|faint|p1a: Pexin\n|move|p2a: Pineco|Toxic Spikes|p1: Pexin\n|-sidestart|p1: Artchu133|move: Toxic Spikes\n|\n|-heal|p2a: Pineco|36\/100|[from] item: Leftovers\n|upkeep\n|\n|t:|1699877092\n|switch|p1a: Amongus\u00b2|Morelull, L18, M|88\/100 psn\n|-damage|p1a: Amongus\u00b2|76\/100 psn|[from] Stealth Rock\n|turn|14\n|\n|t:|1699877106\n|move|p2a: Pineco|Pain Split|p1a: Amongus\u00b2\n|-sethp|p1a: Amongus\u00b2|56\/100 psn|[from] move: Pain Split|[silent]\n|-sethp|p2a: Pineco|53\/100|[from] move: Pain Split\n|move|p1a: Amongus\u00b2|Moonblast|p2a: Pineco\n|-damage|p2a: Pineco|0 fnt\n|faint|p2a: Pineco\n|\n|-damage|p1a: Amongus\u00b2|43\/100 psn|[from] psn\n|upkeep\n|\n|t:|1699877113\n|switch|p2a: Fletchling|Fletchling, L18, M|100\/100\n|turn|15\n|\n|t:|1699877121\n|move|p2a: Fletchling|Dual Wingbeat|p1a: Amongus\u00b2\n|-supereffective|p1a: Amongus\u00b2\n|-crit|p1a: Amongus\u00b2\n|-damage|p1a: Amongus\u00b2|0 fnt\n|faint|p1a: Amongus\u00b2\n|-hitcount|p1: Amongus\u00b2|1\n|\n|upkeep\n|\n|t:|1699877124\n|switch|p1a: Bolinha|Azurill, L18, M|100\/100\n|-status|p1a: Bolinha|tox\n|-damage|p1a: Bolinha|89\/100 tox|[from] Stealth Rock\n|turn|16\n|\n|t:|1699877132\n|move|p2a: Fletchling|Dual Wingbeat|p1a: Bolinha\n|-damage|p1a: Bolinha|44\/100 tox\n|-enditem|p1a: Bolinha|Berry Juice\n|-heal|p1a: Bolinha|82\/100 tox|[from] item: Berry Juice\n|-damage|p1a: Bolinha|42\/100 tox\n|-hitcount|p1a: Bolinha|2\n|move|p1a: Bolinha|Belly Drum||[still]\n|-fail|p1a: Bolinha\n|\n|-damage|p1a: Bolinha|36\/100 tox|[from] psn\n|upkeep\n|turn|17\n|\n|t:|1699877146\n|move|p2a: Fletchling|Dual Wingbeat|p1a: Bolinha\n|-damage|p1a: Bolinha|0 fnt\n|faint|p1a: Bolinha\n|-hitcount|p1: Bolinha|1\n|\n|upkeep\n|\n|t:|1699877152\n|switch|p1a: Monokuma|Teddiursa, L18, M, shiny|100\/100\n|-status|p1a: Monokuma|tox\n|-damage|p1a: Monokuma|89\/100 tox|[from] Stealth Rock\n|turn|18\n|\n|t:|1699877162\n|move|p2a: Fletchling|Dual Wingbeat|p1a: Monokuma\n|-damage|p1a: Monokuma|47\/100 tox\n|-damage|p1a: Monokuma|5\/100 tox\n|-hitcount|p1a: Monokuma|2\n|move|p1a: Monokuma|Facade|p2a: Fletchling\n|-damage|p2a: Fletchling|0 fnt\n|faint|p2a: Fletchling\n|\n|-damage|p1a: Monokuma|0 fnt|[from] psn\n|faint|p1a: Monokuma\n|\n|win|Zaynzito\n|upkeep\n|l| The Kitten Boy\n","uploadtime":1699877191,"views":13,"p1id":"artchu133","p2id":"zaynzito","formatid":"gen9nationaldexubers","rating":0,"private":0,"password":""}