{"id":"gen9nationaldexubers-1992979191","p1":"TOXIC_A7","p2":"Ghcghcgvhkvuvy","format":"[Gen 9] National Dex Ubers","log":"|j|\u2606TOXIC_A7\n|j|\u2606Ghcghcgvhkvuvy\n|t:|1700252235\n|gametype|singles\n|player|p1|TOXIC_A7|volo|1068\n|player|p2|Ghcghcgvhkvuvy|2|1000\n|teamsize|p1|6\n|teamsize|p2|6\n|gen|9\n|tier|[Gen 9] National Dex Ubers\n|rated|\n|rule|HP Percentage Mod: HP is shown in percentages\n|rule|Endless Battle Clause: Forcing endless battles is banned\n|rule|OHKO Clause: OHKO moves are banned\n|rule|Evasion Moves Clause: Evasion moves are banned\n|rule|Evasion Items Clause: Evasion items are banned\n|rule|Species Clause: Limit one of each Pok\u00e9mon\n|rule|Sleep Clause Mod: Limit one foe put to sleep\n|rule|Mega Rayquaza Clause: You cannot mega evolve Rayquaza\n|clearpoke\n|poke|p1|Shuckle, F|\n|poke|p1|Tyranitar, M|\n|poke|p1|Reuniclus, M|\n|poke|p1|Clefable, M|\n|poke|p1|Arceus-Poison|\n|poke|p1|Lugia|\n|poke|p2|Bidoof, F|\n|poke|p2|Smeargle, F|\n|poke|p2|Clodsire, M|\n|poke|p2|Quagsire, M|\n|poke|p2|Garganacl, F|\n|poke|p2|Exeggutor, F|\n|teampreview\n|\n|t:|1700252242\n|start\n|switch|p1a: Tyranitar|Tyranitar, M, shiny|100\/100\n|switch|p2a: Garganacl|Garganacl, F|100\/100\n|-weather|Sandstorm|[from] ability: Sand Stream|[of] p1a: Tyranitar\n|turn|1\n|\n|t:|1700252248\n|detailschange|p1a: Tyranitar|Tyranitar-Mega, M, shiny\n|-mega|p1a: Tyranitar|Tyranitar|Tyranitarite\n|move|p1a: Tyranitar|Stealth Rock|p2a: Garganacl\n|-sidestart|p2: Ghcghcgvhkvuvy|move: Stealth Rock\n|move|p2a: Garganacl|Salt Cure|p1a: Tyranitar\n|-damage|p1a: Tyranitar|89\/100\n|-start|p1a: Tyranitar|Salt Cure\n|\n|-weather|Sandstorm|[upkeep]\n|-damage|p1a: Tyranitar|77\/100|[from] Salt Cure\n|upkeep\n|turn|2\n|\n|t:|1700252257\n|move|p2a: Garganacl|Rock Blast|p1a: Tyranitar\n|-damage|p1a: Tyranitar|69\/100\n|-damage|p1a: Tyranitar|61\/100\n|-hitcount|p1a: Tyranitar|2\n|move|p1a: Tyranitar|Roar|p2a: Garganacl\n|drag|p2a: Exeggutor|Exeggutor, F|100\/100\n|-damage|p2a: Exeggutor|88\/100|[from] Stealth Rock\n|\n|-weather|Sandstorm|[upkeep]\n|-damage|p2a: Exeggutor|82\/100|[from] Sandstorm\n|-damage|p1a: Tyranitar|49\/100|[from] Salt Cure\n|upkeep\n|turn|3\n|\n|t:|1700252268\n|move|p2a: Exeggutor|Giga Drain|p1a: Tyranitar\n|-supereffective|p1a: Tyranitar\n|-damage|p1a: Tyranitar|16\/100\n|-heal|p2a: Exeggutor|100\/100|[from] drain|[of] p1a: Tyranitar\n|move|p1a: Tyranitar|Toxic|p2a: Exeggutor\n|-status|p2a: Exeggutor|tox\n|\n|-weather|Sandstorm|[upkeep]\n|-damage|p2a: Exeggutor|94\/100 tox|[from] Sandstorm\n|-damage|p2a: Exeggutor|88\/100 tox|[from] psn\n|-damage|p1a: Tyranitar|3\/100|[from] Salt Cure\n|upkeep\n|turn|4\n|\n|t:|1700252279\n|move|p2a: Exeggutor|Leaf Storm|p1a: Tyranitar\n|-supereffective|p1a: Tyranitar\n|-damage|p1a: Tyranitar|0 fnt\n|-unboost|p2a: Exeggutor|spa|2\n|faint|p1a: Tyranitar\n|\n|-weather|Sandstorm|[upkeep]\n|-damage|p2a: Exeggutor|82\/100 tox|[from] Sandstorm\n|-damage|p2a: Exeggutor|70\/100 tox|[from] psn\n|upkeep\n|c|\u2606TOXIC_A7|past exeggutor lol\n|\n|t:|1700252291\n|switch|p1a: Shuckle|Shuckle, F, shiny|100\/100\n|turn|5\n|\n|t:|1700252294\n|move|p2a: Exeggutor|Sunny Day|p2a: Exeggutor\n|-weather|SunnyDay\n|move|p1a: Shuckle|Shell Smash|p1a: Shuckle\n|-boost|p1a: Shuckle|def|1\n|-boost|p1a: Shuckle|spd|1\n|-unboost|p1a: Shuckle|atk|2\n|-unboost|p1a: Shuckle|spa|2\n|-unboost|p1a: Shuckle|spe|2\n|\n|-weather|SunnyDay|[upkeep]\n|-damage|p2a: Exeggutor|52\/100 tox|[from] psn\n|upkeep\n|turn|6\n|\n|t:|1700252306\n|move|p1a: Shuckle|Protect|p1a: Shuckle\n|-singleturn|p1a: Shuckle|Protect\n|move|p2a: Exeggutor|Giga Drain|p1a: Shuckle\n|-activate|p1a: Shuckle|move: Protect\n|\n|-weather|SunnyDay|[upkeep]\n|-damage|p2a: Exeggutor|28\/100 tox|[from] psn\n|upkeep\n|turn|7\n|\n|t:|1700252314\n|move|p2a: Exeggutor|Giga Drain|p1a: Shuckle\n|-damage|p1a: Shuckle|92\/100\n|-heal|p2a: Exeggutor|31\/100 tox|[from] drain|[of] p1a: Shuckle\n|move|p1a: Shuckle|Shell Smash|p1a: Shuckle\n|-boost|p1a: Shuckle|def|1\n|-boost|p1a: Shuckle|spd|1\n|-unboost|p1a: Shuckle|atk|2\n|-unboost|p1a: Shuckle|spa|2\n|-unboost|p1a: Shuckle|spe|2\n|\n|-weather|SunnyDay|[upkeep]\n|-heal|p1a: Shuckle|98\/100|[from] item: Leftovers\n|-damage|p2a: Exeggutor|1\/100 tox|[from] psn\n|upkeep\n|turn|8\n|\n|t:|1700252326\n|move|p1a: Shuckle|Protect|p1a: Shuckle\n|-singleturn|p1a: Shuckle|Protect\n|-zpower|p2a: Exeggutor\n|move|p2a: Exeggutor|Z-Sunny Day||[anim]Sunny Day|[still]\n|-boost|p2a: Exeggutor|spe|1|[zeffect]\n|-fail|p2a: Exeggutor\n|\n|-weather|SunnyDay|[upkeep]\n|-heal|p1a: Shuckle|100\/100|[from] item: Leftovers\n|-damage|p2a: Exeggutor|0 fnt|[from] psn\n|faint|p2a: Exeggutor\n|upkeep\n|\n|t:|1700252338\n|switch|p2a: Garganacl|Garganacl, F|100\/100\n|-damage|p2a: Garganacl|88\/100|[from] Stealth Rock\n|turn|9\n|\n|t:|1700252343\n|move|p2a: Garganacl|Salt Cure|p1a: Shuckle\n|-supereffective|p1a: Shuckle\n|-damage|p1a: Shuckle|89\/100\n|-start|p1a: Shuckle|Salt Cure\n|move|p1a: Shuckle|Infestation|p2a: Garganacl\n|-damage|p2a: Garganacl|87\/100\n|-activate|p2a: Garganacl|move: Infestation|[of] p1a: Shuckle\n|\n|-weather|none\n|-heal|p1a: Shuckle|95\/100|[from] item: Leftovers\n|-damage|p2a: Garganacl|75\/100|[from] move: Infestation|[partiallytrapped]\n|-damage|p1a: Shuckle|83\/100|[from] Salt Cure\n|upkeep\n|turn|10\n|inactive|Battle timer is ON: inactive players will automatically lose when time's up. (requested by Ghcghcgvhkvuvy)\n|\n|t:|1700252370\n|switch|p1a: Lugia|Lugia, shiny|100\/100\n|move|p2a: Garganacl|Rock Blast|p1a: Lugia\n|-supereffective|p1a: Lugia\n|-damage|p1a: Lugia|94\/100\n|-supereffective|p1a: Lugia\n|-damage|p1a: Lugia|80\/100\n|-hitcount|p1a: Lugia|2\n|\n|-damage|p1a: Lugia|68\/100|[from] item: Black Sludge\n|-end|p2a: Garganacl|Infestation|[partiallytrapped]|[silent]\n|upkeep\n|turn|11\n|\n|t:|1700252379\n|move|p1a: Lugia|Trick|p2a: Garganacl\n|-activate|p1a: Lugia|move: Trick|[of] p2a: Garganacl\n|-item|p2a: Garganacl|Black Sludge|[from] move: Trick\n|-enditem|p1a: Lugia|Black Sludge|[silent]|[from] move: Trick\n|move|p2a: Garganacl|Salt Cure|p1a: Lugia\n|-supereffective|p1a: Lugia\n|-damage|p1a: Lugia|48\/100\n|-start|p1a: Lugia|Salt Cure\n|\n|-damage|p2a: Garganacl|62\/100|[from] item: Black Sludge\n|-damage|p1a: Lugia|36\/100|[from] Salt Cure\n|upkeep\n|turn|12\n|\n|t:|1700252391\n|move|p1a: Lugia|Recover|p1a: Lugia\n|-heal|p1a: Lugia|86\/100\n|move|p2a: Garganacl|Rock Blast|p1a: Lugia\n|-supereffective|p1a: Lugia\n|-damage|p1a: Lugia|71\/100\n|-supereffective|p1a: Lugia\n|-damage|p1a: Lugia|58\/100\n|-supereffective|p1a: Lugia\n|-damage|p1a: Lugia|45\/100\n|-hitcount|p1a: Lugia|3\n|\n|-damage|p2a: Garganacl|50\/100|[from] item: Black Sludge\n|-damage|p1a: Lugia|33\/100|[from] Salt Cure\n|upkeep\n|turn|13\n|\n|t:|1700252404\n|move|p1a: Lugia|Recover|p1a: Lugia\n|-heal|p1a: Lugia|83\/100\n|move|p2a: Garganacl|Recover|p2a: Garganacl\n|-heal|p2a: Garganacl|99\/100\n|\n|-damage|p2a: Garganacl|88\/100|[from] item: Black Sludge\n|-damage|p1a: Lugia|71\/100|[from] Salt Cure\n|upkeep\n|turn|14\n|\n|t:|1700252412\n|move|p1a: Lugia|Air Slash|p2a: Garganacl\n|-resisted|p2a: Garganacl\n|-damage|p2a: Garganacl|75\/100\n|move|p2a: Garganacl|Rock Blast|p1a: Lugia\n|-supereffective|p1a: Lugia\n|-damage|p1a: Lugia|57\/100\n|-supereffective|p1a: Lugia\n|-damage|p1a: Lugia|44\/100\n|-supereffective|p1a: Lugia\n|-damage|p1a: Lugia|30\/100\n|-hitcount|p1a: Lugia|3\n|\n|-damage|p2a: Garganacl|62\/100|[from] item: Black Sludge\n|-damage|p1a: Lugia|18\/100|[from] Salt Cure\n|upkeep\n|turn|15\n|\n|t:|1700252425\n|move|p1a: Lugia|Recover|p1a: Lugia\n|-heal|p1a: Lugia|68\/100\n|move|p2a: Garganacl|Rock Blast|p1a: Lugia\n|-supereffective|p1a: Lugia\n|-damage|p1a: Lugia|54\/100\n|-supereffective|p1a: Lugia\n|-damage|p1a: Lugia|40\/100\n|-supereffective|p1a: Lugia\n|-damage|p1a: Lugia|28\/100\n|-hitcount|p1a: Lugia|3\n|\n|-damage|p2a: Garganacl|50\/100|[from] item: Black Sludge\n|-damage|p1a: Lugia|16\/100|[from] Salt Cure\n|upkeep\n|turn|16\n|\n|t:|1700252445\n|switch|p1a: Clefable|Clefable, M, shiny|100\/100\n|move|p2a: Garganacl|Recover|p2a: Garganacl\n|-heal|p2a: Garganacl|99\/100\n|\n|-damage|p2a: Garganacl|88\/100|[from] item: Black Sludge\n|upkeep\n|turn|17\n|\n|t:|1700252453\n|move|p2a: Garganacl|Salt Cure|p1a: Clefable\n|-damage|p1a: Clefable|85\/100\n|-start|p1a: Clefable|Salt Cure\n|move|p1a: Clefable|Draining Kiss|p2a: Garganacl\n|-damage|p2a: Garganacl|69\/100\n|-heal|p1a: Clefable|97\/100|[from] drain|[of] p2a: Garganacl\n|\n|-damage|p2a: Garganacl|57\/100|[from] item: Black Sludge\n|-heal|p1a: Clefable|100\/100|[from] item: Leftovers\n|upkeep\n|turn|18\n|\n|t:|1700252462\n|move|p2a: Garganacl|Rock Blast|p1a: Clefable\n|-damage|p1a: Clefable|90\/100\n|-damage|p1a: Clefable|80\/100\n|-damage|p1a: Clefable|70\/100\n|-hitcount|p1a: Clefable|3\n|move|p1a: Clefable|Draining Kiss|p2a: Garganacl\n|-damage|p2a: Garganacl|39\/100\n|-heal|p1a: Clefable|82\/100|[from] drain|[of] p2a: Garganacl\n|\n|-damage|p2a: Garganacl|27\/100|[from] item: Black Sludge\n|-heal|p1a: Clefable|88\/100|[from] item: Leftovers\n|upkeep\n|turn|19\n|\n|t:|1700252474\n|move|p2a: Garganacl|Recover|p2a: Garganacl\n|-heal|p2a: Garganacl|77\/100\n|move|p1a: Clefable|Wish|p1a: Clefable\n|\n|-damage|p2a: Garganacl|65\/100|[from] item: Black Sludge\n|-heal|p1a: Clefable|94\/100|[from] item: Leftovers\n|upkeep\n|turn|20\n|\n|t:|1700252482\n|move|p2a: Garganacl|Rock Polish|p2a: Garganacl\n|-boost|p2a: Garganacl|spe|2\n|move|p1a: Clefable|Draining Kiss|p2a: Garganacl\n|-damage|p2a: Garganacl|48\/100\n|-heal|p1a: Clefable|100\/100|[from] drain|[of] p2a: Garganacl\n|\n|-damage|p2a: Garganacl|36\/100|[from] item: Black Sludge\n|upkeep\n|turn|21\n|\n|t:|1700252491\n|move|p2a: Garganacl|Recover|p2a: Garganacl\n|-heal|p2a: Garganacl|86\/100\n|move|p1a: Clefable|Draining Kiss|p2a: Garganacl\n|-damage|p2a: Garganacl|69\/100\n|\n|-damage|p2a: Garganacl|57\/100|[from] item: Black Sludge\n|upkeep\n|turn|22\n|\n|t:|1700252498\n|move|p2a: Garganacl|Rock Blast|p1a: Clefable\n|-damage|p1a: Clefable|90\/100\n|-damage|p1a: Clefable|79\/100\n|-damage|p1a: Clefable|68\/100\n|-damage|p1a: Clefable|58\/100\n|-damage|p1a: Clefable|47\/100\n|-hitcount|p1a: Clefable|5\n|move|p1a: Clefable|Draining Kiss|p2a: Garganacl\n|-damage|p2a: Garganacl|37\/100\n|-heal|p1a: Clefable|60\/100|[from] drain|[of] p2a: Garganacl\n|\n|-damage|p2a: Garganacl|25\/100|[from] item: Black Sludge\n|-heal|p1a: Clefable|66\/100|[from] item: Leftovers\n|upkeep\n|turn|23\n|\n|t:|1700252512\n|move|p2a: Garganacl|Recover|p2a: Garganacl\n|-heal|p2a: Garganacl|75\/100\n|move|p1a: Clefable|Moonlight|p1a: Clefable\n|-heal|p1a: Clefable|100\/100\n|\n|-damage|p2a: Garganacl|63\/100|[from] item: Black Sludge\n|upkeep\n|turn|24\n|\n|t:|1700252520\n|move|p2a: Garganacl|Rock Blast|p1a: Clefable\n|-damage|p1a: Clefable|90\/100\n|-damage|p1a: Clefable|80\/100\n|-damage|p1a: Clefable|70\/100\n|-hitcount|p1a: Clefable|3\n|move|p1a: Clefable|Draining Kiss|p2a: Garganacl\n|-damage|p2a: Garganacl|44\/100\n|-heal|p1a: Clefable|82\/100|[from] drain|[of] p2a: Garganacl\n|\n|-damage|p2a: Garganacl|31\/100|[from] item: Black Sludge\n|-heal|p1a: Clefable|89\/100|[from] item: Leftovers\n|upkeep\n|turn|25\n|\n|t:|1700252534\n|move|p2a: Garganacl|Recover|p2a: Garganacl\n|-heal|p2a: Garganacl|81\/100\n|move|p1a: Clefable|Wish|p1a: Clefable\n|\n|-damage|p2a: Garganacl|69\/100|[from] item: Black Sludge\n|-heal|p1a: Clefable|95\/100|[from] item: Leftovers\n|upkeep\n|turn|26\n|\n|t:|1700252545\n|move|p2a: Garganacl|Rock Blast|p1a: Clefable\n|-damage|p1a: Clefable|85\/100\n|-damage|p1a: Clefable|75\/100\n|-damage|p1a: Clefable|64\/100\n|-damage|p1a: Clefable|54\/100\n|-damage|p1a: Clefable|44\/100\n|-hitcount|p1a: Clefable|5\n|move|p1a: Clefable|Draining Kiss|p2a: Garganacl\n|-damage|p2a: Garganacl|49\/100\n|-heal|p1a: Clefable|57\/100|[from] drain|[of] p2a: Garganacl\n|\n|-heal|p1a: Clefable|100\/100|[from] move: Wish|[wisher] Clefable\n|-damage|p2a: Garganacl|37\/100|[from] item: Black Sludge\n|upkeep\n|turn|27\n|\n|t:|1700252559\n|move|p2a: Garganacl|Rock Polish|p2a: Garganacl\n|-boost|p2a: Garganacl|spe|2\n|move|p1a: Clefable|Draining Kiss|p2a: Garganacl\n|-damage|p2a: Garganacl|20\/100\n|\n|-damage|p2a: Garganacl|8\/100|[from] item: Black Sludge\n|upkeep\n|turn|28\n|\n|t:|1700252567\n|move|p2a: Garganacl|Recover|p2a: Garganacl\n|-heal|p2a: Garganacl|58\/100\n|move|p1a: Clefable|Draining Kiss|p2a: Garganacl\n|-damage|p2a: Garganacl|40\/100\n|\n|-damage|p2a: Garganacl|27\/100|[from] item: Black Sludge\n|upkeep\n|turn|29\n|\n|t:|1700252573\n|move|p2a: Garganacl|Recover|p2a: Garganacl\n|-heal|p2a: Garganacl|77\/100\n|move|p1a: Clefable|Draining Kiss|p2a: Garganacl\n|-damage|p2a: Garganacl|61\/100\n|\n|-damage|p2a: Garganacl|48\/100|[from] item: Black Sludge\n|upkeep\n|turn|30\n|\n|t:|1700252580\n|move|p2a: Garganacl|Rock Blast|p1a: Clefable\n|-damage|p1a: Clefable|89\/100\n|-damage|p1a: Clefable|80\/100\n|-hitcount|p1a: Clefable|2\n|move|p1a: Clefable|Draining Kiss|p2a: Garganacl\n|-damage|p2a: Garganacl|29\/100\n|-heal|p1a: Clefable|92\/100|[from] drain|[of] p2a: Garganacl\n|\n|-damage|p2a: Garganacl|17\/100|[from] item: Black Sludge\n|-heal|p1a: Clefable|98\/100|[from] item: Leftovers\n|upkeep\n|turn|31\n|\n|t:|1700252590\n|move|p2a: Garganacl|Rock Blast|p1a: Clefable\n|-damage|p1a: Clefable|89\/100\n|-damage|p1a: Clefable|78\/100\n|-damage|p1a: Clefable|68\/100\n|-hitcount|p1a: Clefable|3\n|move|p1a: Clefable|Wish|p1a: Clefable\n|\n|-damage|p2a: Garganacl|4\/100|[from] item: Black Sludge\n|-heal|p1a: Clefable|74\/100|[from] item: Leftovers\n|upkeep\n|turn|32\n|\n|t:|1700252599\n|move|p2a: Garganacl|Rock Blast|p1a: Clefable\n|-damage|p1a: Clefable|65\/100\n|-damage|p1a: Clefable|56\/100\n|-damage|p1a: Clefable|46\/100\n|-hitcount|p1a: Clefable|3\n|move|p1a: Clefable|Draining Kiss|p2a: Garganacl\n|-damage|p2a: Garganacl|0 fnt\n|-heal|p1a: Clefable|48\/100|[from] drain|[of] p2a: Garganacl\n|faint|p2a: Garganacl\n|\n|-heal|p1a: Clefable|98\/100|[from] move: Wish|[wisher] Clefable\n|-heal|p1a: Clefable|100\/100|[from] item: Leftovers\n|upkeep\n|\n|t:|1700252615\n|switch|p2a: Smeargle|Smeargle, F|100\/100\n|-damage|p2a: Smeargle|88\/100|[from] Stealth Rock\n|turn|33\n|\n|t:|1700252636\n|switch|p1a: Lugia|Lugia, shiny|16\/100\n|move|p2a: Smeargle|Spore|p1a: Lugia\n|-status|p1a: Lugia|slp|[from] move: Spore\n|\n|-heal|p2a: Smeargle|94\/100|[from] item: Leftovers\n|upkeep\n|turn|34\n|\n|t:|1700252650\n|switch|p1a: Clefable|Clefable, M, shiny|100\/100\n|move|p2a: Smeargle|Seismic Toss|p1a: Clefable\n|-damage|p1a: Clefable|75\/100\n|\n|-heal|p2a: Smeargle|99\/100|[from] item: Leftovers\n|-heal|p1a: Clefable|81\/100|[from] item: Leftovers\n|upkeep\n|turn|35\n|\n|t:|1700252660\n|move|p2a: Smeargle|Substitute|p2a: Smeargle\n|-start|p2a: Smeargle|Substitute\n|-damage|p2a: Smeargle|75\/100\n|move|p1a: Clefable|Draining Kiss|p2a: Smeargle\n|-end|p2a: Smeargle|Substitute\n|-heal|p1a: Clefable|96\/100|[from] drain|[of] p2a: Smeargle\n|\n|-heal|p2a: Smeargle|81\/100|[from] item: Leftovers\n|-heal|p1a: Clefable|100\/100|[from] item: Leftovers\n|upkeep\n|turn|36\n|\n|t:|1700252668\n|move|p2a: Smeargle|Belly Drum|p2a: Smeargle\n|-damage|p2a: Smeargle|31\/100\n|-setboost|p2a: Smeargle|atk|6|[from] move: Belly Drum\n|move|p1a: Clefable|Draining Kiss|p2a: Smeargle\n|-damage|p2a: Smeargle|0 fnt\n|faint|p2a: Smeargle\n|\n|upkeep\n|\n|t:|1700252677\n|switch|p2a: Bidoof|Bidoof, F, shiny|100\/100\n|-damage|p2a: Bidoof|88\/100|[from] Stealth Rock\n|turn|37\n|\n|t:|1700252682\n|move|p1a: Clefable|Draining Kiss|p2a: Bidoof\n|-damage|p2a: Bidoof|52\/100\n|move|p2a: Bidoof|Toxic|p1a: Clefable\n|-status|p1a: Clefable|tox\n|\n|upkeep\n|turn|38\n|\n|t:|1700252690\n|move|p1a: Clefable|Draining Kiss|p2a: Bidoof\n|-damage|p2a: Bidoof|13\/100\n|move|p2a: Bidoof|Facade|p1a: Clefable\n|-damage|p1a: Clefable|83\/100 tox\n|\n|-heal|p1a: Clefable|89\/100 tox|[from] item: Leftovers\n|upkeep\n|turn|39\n|\n|t:|1700252698\n|move|p1a: Clefable|Aromatherapy|p1a: Clefable\n|-activate|p1a: Clefable|move: Aromatherapy\n|-curestatus|p1a: Clefable|tox|[msg]\n|-curestatus|p1: Lugia|slp|[msg]\n|move|p2a: Bidoof|Crunch|p1a: Clefable\n|-resisted|p1a: Clefable\n|-damage|p1a: Clefable|82\/100\n|\n|-heal|p1a: Clefable|88\/100|[from] item: Leftovers\n|upkeep\n|turn|40\n|\n|t:|1700252708\n|switch|p1a: Shuckle|Shuckle, F, shiny|83\/100\n|move|p2a: Bidoof|Toxic|p1a: Shuckle\n|-status|p1a: Shuckle|tox\n|\n|-heal|p1a: Shuckle|89\/100 tox|[from] item: Leftovers\n|-damage|p1a: Shuckle|83\/100 tox|[from] psn\n|upkeep\n|turn|41\n|\n|t:|1700252718\n|move|p2a: Bidoof|Crunch|p1a: Shuckle\n|-damage|p1a: Shuckle|73\/100 tox\n|-boost|p1a: Shuckle|def|1\n|move|p1a: Shuckle|Infestation|p2a: Bidoof\n|-damage|p2a: Bidoof|10\/100\n|-activate|p2a: Bidoof|move: Infestation|[of] p1a: Shuckle\n|\n|-heal|p1a: Shuckle|79\/100 tox|[from] item: Leftovers\n|-damage|p1a: Shuckle|67\/100 tox|[from] psn\n|-damage|p2a: Bidoof|0 fnt|[from] move: Infestation|[partiallytrapped]\n|faint|p2a: Bidoof\n|upkeep\n|\n|t:|1700252729\n|switch|p2a: Clodsire|Clodsire, M|100\/100\n|-damage|p2a: Clodsire|94\/100|[from] Stealth Rock\n|turn|42\n|\n|t:|1700252734\n|move|p2a: Clodsire|Stealth Rock|p1a: Shuckle\n|-sidestart|p1: TOXIC_A7|move: Stealth Rock\n|move|p1a: Shuckle|Infestation|p2a: Clodsire\n|-resisted|p2a: Clodsire\n|-damage|p2a: Clodsire|94\/100\n|-activate|p2a: Clodsire|move: Infestation|[of] p1a: Shuckle\n|\n|-heal|p2a: Clodsire|99\/100|[from] item: Black Sludge\n|-heal|p1a: Shuckle|73\/100 tox|[from] item: Leftovers\n|-damage|p1a: Shuckle|55\/100 tox|[from] psn\n|-damage|p2a: Clodsire|88\/100|[from] move: Infestation|[partiallytrapped]\n|upkeep\n|turn|43\n|\n|t:|1700252745\n|move|p1a: Shuckle|Protect|p1a: Shuckle\n|-singleturn|p1a: Shuckle|Protect\n|move|p2a: Clodsire|Yawn|p1a: Shuckle\n|-activate|p1a: Shuckle|move: Protect\n|\n|-heal|p2a: Clodsire|94\/100|[from] item: Black Sludge\n|-heal|p1a: Shuckle|61\/100 tox|[from] item: Leftovers\n|-damage|p1a: Shuckle|37\/100 tox|[from] psn\n|-damage|p2a: Clodsire|81\/100|[from] move: Infestation|[partiallytrapped]\n|upkeep\n|turn|44\n|\n|t:|1700252755\n|switch|p1a: Lugia|Lugia, shiny|16\/100\n|-damage|p1a: Lugia|0 fnt|[from] Stealth Rock\n|faint|p1a: Lugia\n|move|p2a: Clodsire|Yawn|p1: Lugia|[notarget]\n|-fail|p2a: Clodsire\n|\n|-heal|p2a: Clodsire|88\/100|[from] item: Black Sludge\n|-end|p2a: Clodsire|Infestation|[partiallytrapped]|[silent]\n|upkeep\n|\n|t:|1700252772\n|switch|p1a: Arceus|Arceus-Poison|100\/100\n|-damage|p1a: Arceus|88\/100|[from] Stealth Rock\n|turn|45\n|\n|t:|1700252776\n|move|p1a: Arceus|Taunt|p2a: Clodsire\n|-start|p2a: Clodsire|move: Taunt\n|cant|p2a: Clodsire|move: Taunt|Yawn\n|\n|-heal|p2a: Clodsire|94\/100|[from] item: Black Sludge\n|upkeep\n|turn|46\n|\n|t:|1700252782\n|move|p1a: Arceus|Whirlpool|p2a: Clodsire\n|-supereffective|p2a: Clodsire\n|-damage|p2a: Clodsire|84\/100\n|-activate|p2a: Clodsire|move: Whirlpool|[of] p1a: Arceus\n|move|p2a: Clodsire|Counter||[still]\n|-fail|p2a: Clodsire\n|\n|-heal|p2a: Clodsire|90\/100|[from] item: Black Sludge\n|-damage|p2a: Clodsire|78\/100|[from] move: Whirlpool|[partiallytrapped]\n|upkeep\n|turn|47\n|\n|t:|1700252792\n|move|p1a: Arceus|Whirlpool|p2a: Clodsire\n|-supereffective|p2a: Clodsire\n|-damage|p2a: Clodsire|67\/100\n|move|p2a: Clodsire|Counter||[still]\n|-fail|p2a: Clodsire\n|\n|-heal|p2a: Clodsire|74\/100|[from] item: Black Sludge\n|-damage|p2a: Clodsire|61\/100|[from] move: Whirlpool|[partiallytrapped]\n|-end|p2a: Clodsire|move: Taunt\n|upkeep\n|turn|48\n|\n|t:|1700252802\n|move|p1a: Arceus|Taunt|p2a: Clodsire\n|-start|p2a: Clodsire|move: Taunt\n|cant|p2a: Clodsire|move: Taunt|Yawn\n|\n|-heal|p2a: Clodsire|67\/100|[from] item: Black Sludge\n|-damage|p2a: Clodsire|55\/100|[from] move: Whirlpool|[partiallytrapped]\n|upkeep\n|turn|49\n|\n|t:|1700252810\n|move|p1a: Arceus|Whirlpool|p2a: Clodsire\n|-supereffective|p2a: Clodsire\n|-damage|p2a: Clodsire|45\/100\n|move|p2a: Clodsire|Counter||[still]\n|-fail|p2a: Clodsire\n|\n|-heal|p2a: Clodsire|51\/100|[from] item: Black Sludge\n|-damage|p2a: Clodsire|39\/100|[from] move: Whirlpool|[partiallytrapped]\n|upkeep\n|turn|50\n|\n|t:|1700252818\n|move|p1a: Arceus|Whirlpool|p2a: Clodsire|[miss]\n|-miss|p1a: Arceus|p2a: Clodsire\n|move|p2a: Clodsire|Counter||[still]\n|-fail|p2a: Clodsire\n|\n|-heal|p2a: Clodsire|45\/100|[from] item: Black Sludge\n|-damage|p2a: Clodsire|32\/100|[from] move: Whirlpool|[partiallytrapped]\n|-end|p2a: Clodsire|move: Taunt\n|upkeep\n|turn|51\n|\n|t:|1700252828\n|move|p1a: Arceus|Taunt|p2a: Clodsire\n|-start|p2a: Clodsire|move: Taunt\n|cant|p2a: Clodsire|move: Taunt|Recover\n|\n|-heal|p2a: Clodsire|39\/100|[from] item: Black Sludge\n|-end|p2a: Clodsire|Whirlpool|[partiallytrapped]\n|upkeep\n|turn|52\n|\n|t:|1700252836\n|move|p1a: Arceus|Whirlpool|p2a: Clodsire\n|-supereffective|p2a: Clodsire\n|-damage|p2a: Clodsire|27\/100\n|-activate|p2a: Clodsire|move: Whirlpool|[of] p1a: Arceus\n|move|p2a: Clodsire|Counter||[still]\n|-fail|p2a: Clodsire\n|\n|-heal|p2a: Clodsire|33\/100|[from] item: Black Sludge\n|-damage|p2a: Clodsire|21\/100|[from] move: Whirlpool|[partiallytrapped]\n|upkeep\n|turn|53\n|\n|t:|1700252847\n|-terastallize|p2a: Clodsire|Poison\n|move|p1a: Arceus|Whirlpool|p2a: Clodsire\n|-damage|p2a: Clodsire|16\/100\n|move|p2a: Clodsire|Counter||[still]\n|-fail|p2a: Clodsire\n|\n|-heal|p2a: Clodsire|22\/100|[from] item: Black Sludge\n|-damage|p2a: Clodsire|10\/100|[from] move: Whirlpool|[partiallytrapped]\n|-end|p2a: Clodsire|move: Taunt\n|upkeep\n|turn|54\n|\n|t:|1700252858\n|move|p1a: Arceus|Taunt|p2a: Clodsire\n|-start|p2a: Clodsire|move: Taunt\n|cant|p2a: Clodsire|move: Taunt|Stealth Rock\n|\n|-heal|p2a: Clodsire|16\/100|[from] item: Black Sludge\n|-damage|p2a: Clodsire|3\/100|[from] move: Whirlpool|[partiallytrapped]\n|upkeep\n|turn|55\n|\n|t:|1700252868\n|move|p1a: Arceus|Whirlpool|p2a: Clodsire\n|-damage|p2a: Clodsire|0 fnt\n|faint|p2a: Clodsire\n|\n|upkeep\n|\n|t:|1700252872\n|switch|p2a: Quagsire|Quagsire, M|100\/100\n|-damage|p2a: Quagsire|94\/100|[from] Stealth Rock\n|turn|56\n|\n|t:|1700252877\n|move|p1a: Arceus|Taunt|p2a: Quagsire\n|-start|p2a: Quagsire|move: Taunt\n|cant|p2a: Quagsire|move: Taunt|Toxic\n|\n|-heal|p2a: Quagsire|100\/100|[from] item: Leftovers\n|upkeep\n|turn|57\n|\n|t:|1700252883\n|move|p1a: Arceus|Whirlpool|p2a: Quagsire\n|-immune|p2a: Quagsire|[from] ability: Water Absorb\n|move|p2a: Quagsire|Body Press|p1a: Arceus\n|-resisted|p1a: Arceus\n|-damage|p1a: Arceus|81\/100\n|\n|upkeep\n|turn|58\n|\n|t:|1700252890\n|switch|p1a: Clefable|Clefable, M, shiny|88\/100\n|move|p2a: Quagsire|Scald|p1a: Clefable\n|-damage|p1a: Clefable|72\/100\n|-status|p1a: Clefable|brn\n|\n|-heal|p1a: Clefable|78\/100 brn|[from] item: Leftovers\n|-end|p2a: Quagsire|move: Taunt\n|upkeep\n|turn|59\n|\n|t:|1700252900\n|move|p1a: Clefable|Aromatherapy|p1a: Clefable\n|-activate|p1a: Clefable|move: Aromatherapy\n|-curestatus|p1a: Clefable|brn|[msg]\n|-curestatus|p1: Shuckle|tox|[msg]\n|move|p2a: Quagsire|Toxic|p1a: Clefable\n|-status|p1a: Clefable|tox\n|\n|-heal|p1a: Clefable|84\/100 tox|[from] item: Leftovers\n|upkeep\n|turn|60\n|\n|t:|1700252911\n|move|p1a: Clefable|Wish|p1a: Clefable\n|move|p2a: Quagsire|Body Press|p1a: Clefable\n|-resisted|p1a: Clefable\n|-damage|p1a: Clefable|74\/100 tox\n|\n|-heal|p1a: Clefable|80\/100 tox|[from] item: Leftovers\n|upkeep\n|turn|61\n|\n|t:|1700252917\n|switch|p1a: Shuckle|Shuckle, F, shiny|37\/100\n|-damage|p1a: Shuckle|12\/100|[from] Stealth Rock\n|move|p2a: Quagsire|Scald|p1a: Shuckle\n|-supereffective|p1a: Shuckle\n|-damage|p1a: Shuckle|0 fnt\n|faint|p1a: Shuckle\n|\n|upkeep\n|\n|t:|1700252925\n|switch|p1a: Reuniclus|Reuniclus, M, shiny|100\/100\n|turn|62\n|\n|t:|1700252932\n|move|p2a: Quagsire|Body Press|p1a: Reuniclus\n|-resisted|p1a: Reuniclus\n|-damage|p1a: Reuniclus|88\/100\n|move|p1a: Reuniclus|Infestation|p2a: Quagsire\n|-damage|p2a: Quagsire|94\/100\n|-activate|p2a: Quagsire|move: Infestation|[of] p1a: Reuniclus\n|\n|-heal|p2a: Quagsire|99\/100|[from] item: Leftovers\n|-heal|p1a: Reuniclus|94\/100|[from] item: Leftovers\n|-damage|p2a: Quagsire|88\/100|[from] move: Infestation|[partiallytrapped]\n|upkeep\n|turn|63\n|\n|t:|1700252942\n|move|p2a: Quagsire|Scald|p1a: Reuniclus\n|-damage|p1a: Reuniclus|82\/100\n|move|p1a: Reuniclus|Acid Armor|p1a: Reuniclus\n|-boost|p1a: Reuniclus|def|2\n|\n|-heal|p2a: Quagsire|94\/100|[from] item: Leftovers\n|-heal|p1a: Reuniclus|88\/100|[from] item: Leftovers\n|-damage|p2a: Quagsire|81\/100|[from] move: Infestation|[partiallytrapped]\n|upkeep\n|turn|64\n|\n|t:|1700252952\n|move|p1a: Reuniclus|Protect|p1a: Reuniclus\n|-singleturn|p1a: Reuniclus|Protect\n|move|p2a: Quagsire|Toxic|p1a: Reuniclus\n|-activate|p1a: Reuniclus|move: Protect\n|\n|-heal|p2a: Quagsire|88\/100|[from] item: Leftovers\n|-heal|p1a: Reuniclus|94\/100|[from] item: Leftovers\n|-damage|p2a: Quagsire|75\/100|[from] move: Infestation|[partiallytrapped]\n|upkeep\n|turn|65\n|\n|t:|1700252960\n|move|p2a: Quagsire|Toxic|p1a: Reuniclus|[miss]\n|-miss|p2a: Quagsire|p1a: Reuniclus\n|move|p1a: Reuniclus|Acid Armor|p1a: Reuniclus\n|-boost|p1a: Reuniclus|def|2\n|\n|-heal|p2a: Quagsire|81\/100|[from] item: Leftovers\n|-heal|p1a: Reuniclus|100\/100|[from] item: Leftovers\n|-damage|p2a: Quagsire|69\/100|[from] move: Infestation|[partiallytrapped]\n|upkeep\n|turn|66\n|\n|t:|1700252969\n|move|p2a: Quagsire|Toxic|p1a: Reuniclus\n|-status|p1a: Reuniclus|tox\n|move|p1a: Reuniclus|Acid Armor|p1a: Reuniclus\n|-boost|p1a: Reuniclus|def|2\n|\n|-heal|p2a: Quagsire|75\/100|[from] item: Leftovers\n|-damage|p2a: Quagsire|62\/100|[from] move: Infestation|[partiallytrapped]\n|upkeep\n|turn|67\n|\n|t:|1700252976\n|move|p2a: Quagsire|Recover|p2a: Quagsire\n|-heal|p2a: Quagsire|100\/100\n|move|p1a: Reuniclus|Infestation|p2a: Quagsire\n|-damage|p2a: Quagsire|93\/100\n|\n|-heal|p2a: Quagsire|99\/100|[from] item: Leftovers\n|-end|p2a: Quagsire|Infestation|[partiallytrapped]\n|upkeep\n|turn|68\n|c|\u2606TOXIC_A7|toxic deals no damage to me, just like clefable\n|\n|t:|1700252985\n|move|p2a: Quagsire|Scald|p1a: Reuniclus\n|-damage|p1a: Reuniclus|87\/100 tox\n|move|p1a: Reuniclus|Infestation|p2a: Quagsire\n|-damage|p2a: Quagsire|92\/100\n|-activate|p2a: Quagsire|move: Infestation|[of] p1a: Reuniclus\n|\n|-heal|p2a: Quagsire|98\/100|[from] item: Leftovers\n|-heal|p1a: Reuniclus|93\/100 tox|[from] item: Leftovers\n|-damage|p2a: Quagsire|86\/100|[from] move: Infestation|[partiallytrapped]\n|upkeep\n|turn|69\n|\n|t:|1700252995\n|move|p2a: Quagsire|Scald|p1a: Reuniclus\n|-damage|p1a: Reuniclus|82\/100 tox\n|move|p1a: Reuniclus|Infestation|p2a: Quagsire\n|-damage|p2a: Quagsire|79\/100\n|\n|-heal|p2a: Quagsire|85\/100|[from] item: Leftovers\n|-heal|p1a: Reuniclus|88\/100 tox|[from] item: Leftovers\n|-damage|p2a: Quagsire|72\/100|[from] move: Infestation|[partiallytrapped]\n|upkeep\n|turn|70\n|\n|t:|1700253005\n|move|p1a: Reuniclus|Protect|p1a: Reuniclus\n|-singleturn|p1a: Reuniclus|Protect\n|move|p2a: Quagsire|Scald|p1a: Reuniclus\n|-activate|p1a: Reuniclus|move: Protect\n|\n|-heal|p2a: Quagsire|78\/100|[from] item: Leftovers\n|-heal|p1a: Reuniclus|94\/100 tox|[from] item: Leftovers\n|-damage|p2a: Quagsire|66\/100|[from] move: Infestation|[partiallytrapped]\n|upkeep\n|turn|71\n|\n|t:|1700253018\n|move|p2a: Quagsire|Body Press|p1a: Reuniclus\n|-resisted|p1a: Reuniclus\n|-damage|p1a: Reuniclus|91\/100 tox\n|move|p1a: Reuniclus|Infestation|p2a: Quagsire\n|-damage|p2a: Quagsire|59\/100\n|\n|-heal|p2a: Quagsire|65\/100|[from] item: Leftovers\n|-heal|p1a: Reuniclus|97\/100 tox|[from] item: Leftovers\n|-damage|p2a: Quagsire|53\/100|[from] move: Infestation|[partiallytrapped]\n|upkeep\n|turn|72\n|\n|t:|1700253027\n|move|p2a: Quagsire|Recover|p2a: Quagsire\n|-heal|p2a: Quagsire|100\/100\n|move|p1a: Reuniclus|Acid Armor|p1a: Reuniclus\n|-boost|p1a: Reuniclus|def|0\n|\n|-heal|p1a: Reuniclus|100\/100 tox|[from] item: Leftovers\n|-end|p2a: Quagsire|Infestation|[partiallytrapped]\n|upkeep\n|turn|73\n|\n|t:|1700253041\n|switch|p1a: Arceus|Arceus-Poison|81\/100\n|-damage|p1a: Arceus|69\/100|[from] Stealth Rock\n|move|p2a: Quagsire|Scald|p1a: Arceus\n|-damage|p1a: Arceus|57\/100\n|\n|upkeep\n|turn|74\n|\n|t:|1700253049\n|move|p1a: Arceus|Recover|p1a: Arceus\n|-heal|p1a: Arceus|100\/100\n|move|p2a: Quagsire|Scald|p1a: Arceus\n|-crit|p1a: Arceus\n|-damage|p1a: Arceus|83\/100\n|\n|upkeep\n|turn|75\n|\n|t:|1700253055\n|move|p1a: Arceus|Toxic|p2a: Quagsire\n|-status|p2a: Quagsire|tox\n|move|p2a: Quagsire|Scald|p1a: Arceus\n|-damage|p1a: Arceus|73\/100\n|-status|p1a: Arceus|brn\n|\n|-damage|p2a: Quagsire|94\/100 tox|[from] psn\n|-damage|p1a: Arceus|67\/100 brn|[from] brn\n|upkeep\n|turn|76\n|\n|t:|1700253067\n|move|p1a: Arceus|Taunt|p2a: Quagsire\n|-start|p2a: Quagsire|move: Taunt\n|cant|p2a: Quagsire|move: Taunt|Toxic\n|\n|-heal|p2a: Quagsire|100\/100 tox|[from] item: Leftovers\n|-damage|p2a: Quagsire|88\/100 tox|[from] psn\n|-damage|p1a: Arceus|60\/100 brn|[from] brn\n|upkeep\n|turn|77\n|\n|t:|1700253074\n|switch|p1a: Clefable|Clefable, M, shiny|80\/100 tox\n|move|p2a: Quagsire|Body Press|p1a: Clefable\n|-resisted|p1a: Clefable\n|-damage|p1a: Clefable|71\/100 tox\n|\n|-heal|p1a: Clefable|77\/100 tox|[from] item: Leftovers\n|-heal|p2a: Quagsire|94\/100 tox|[from] item: Leftovers\n|-damage|p2a: Quagsire|76\/100 tox|[from] psn\n|upkeep\n|turn|78\n|\n|t:|1700253084\n|move|p1a: Clefable|Aromatherapy|p1a: Clefable\n|-activate|p1a: Clefable|move: Aromatherapy\n|-curestatus|p1a: Clefable|tox|[msg]\n|-curestatus|p1: Arceus|brn|[msg]\n|-curestatus|p1: Reuniclus|tox|[msg]\n|move|p2a: Quagsire|Scald|p1a: Clefable\n|-damage|p1a: Clefable|62\/100\n|-status|p1a: Clefable|brn\n|\n|-heal|p1a: Clefable|68\/100 brn|[from] item: Leftovers\n|-heal|p2a: Quagsire|82\/100 tox|[from] item: Leftovers\n|-damage|p2a: Quagsire|58\/100 tox|[from] psn\n|-end|p2a: Quagsire|move: Taunt\n|upkeep\n|turn|79\n|\n|t:|1700253099\n|move|p1a: Clefable|Wish|p1a: Clefable\n|move|p2a: Quagsire|Scald|p1a: Clefable\n|-damage|p1a: Clefable|50\/100 brn\n|\n|-heal|p1a: Clefable|56\/100 brn|[from] item: Leftovers\n|-heal|p2a: Quagsire|64\/100 tox|[from] item: Leftovers\n|-damage|p2a: Quagsire|33\/100 tox|[from] psn\n|upkeep\n|turn|80\n|\n|t:|1700253107\n|switch|p1a: Reuniclus|Reuniclus, M, shiny|100\/100\n|move|p2a: Quagsire|Recover|p2a: Quagsire\n|-heal|p2a: Quagsire|83\/100 tox\n|\n|-heal|p2a: Quagsire|90\/100 tox|[from] item: Leftovers\n|-damage|p2a: Quagsire|53\/100 tox|[from] psn\n|upkeep\n|turn|81\n|\n|t:|1700253115\n|move|p1a: Reuniclus|Protect|p1a: Reuniclus\n|-singleturn|p1a: Reuniclus|Protect\n|move|p2a: Quagsire|Toxic|p1a: Reuniclus\n|-activate|p1a: Reuniclus|move: Protect\n|\n|-heal|p2a: Quagsire|59\/100 tox|[from] item: Leftovers\n|-damage|p2a: Quagsire|16\/100 tox|[from] psn\n|upkeep\n|turn|82\n|\n|t:|1700253123\n|move|p2a: Quagsire|Recover|p2a: Quagsire\n|-heal|p2a: Quagsire|66\/100 tox\n|move|p1a: Reuniclus|Infestation|p2a: Quagsire\n|-damage|p2a: Quagsire|60\/100 tox\n|-activate|p2a: Quagsire|move: Infestation|[of] p1a: Reuniclus\n|\n|-heal|p2a: Quagsire|66\/100 tox|[from] item: Leftovers\n|-damage|p2a: Quagsire|17\/100 tox|[from] psn\n|-damage|p2a: Quagsire|5\/100 tox|[from] move: Infestation|[partiallytrapped]\n|upkeep\n|turn|83\n|\n|t:|1700253133\n|move|p2a: Quagsire|Recover|p2a: Quagsire\n|-heal|p2a: Quagsire|55\/100 tox\n|move|p1a: Reuniclus|Acid Armor|p1a: Reuniclus\n|-boost|p1a: Reuniclus|def|2\n|\n|-heal|p2a: Quagsire|61\/100 tox|[from] item: Leftovers\n|-damage|p2a: Quagsire|6\/100 tox|[from] psn\n|-damage|p2a: Quagsire|0 fnt|[from] move: Infestation|[partiallytrapped]\n|faint|p2a: Quagsire\n|\n|win|TOXIC_A7\n|upkeep\n|raw|TOXIC_A7's rating: 1068 &rarr; <strong>1092<\/strong><br \/>(+24 for winning)\n|raw|Ghcghcgvhkvuvy's rating: 1000 &rarr; <strong>1000<\/strong><br \/>(+0 for losing)\n|c|\u2606TOXIC_A7|ggwp\n|l|\u2606TOXIC_A7\n|j|\u2606TOXIC_A7\n|player|p1|TOXIC_A7|volo\n","uploadtime":1700253148,"views":9,"p1id":"toxica7","p2id":"ghcghcgvhkvuvy","formatid":"gen9nationaldexubers","rating":1000,"private":0,"password":""}