{"id":"gen9nationaldexubers-1982239230","p1":"denchkid22","p2":"dwaggypult","format":"[Gen 9] National Dex Ubers","log":"|j|\u2606denchkid22\n|j|\u2606dwaggypult\n|t:|1698983051\n|gametype|singles\n|player|p1|denchkid22|benga|1249\n|player|p2|dwaggypult|ghetsis-gen5bw|1109\n|teamsize|p1|6\n|teamsize|p2|6\n|gen|9\n|tier|[Gen 9] National Dex Ubers\n|rated|\n|rule|HP Percentage Mod: HP is shown in percentages\n|rule|Endless Battle Clause: Forcing endless battles is banned\n|rule|OHKO Clause: OHKO moves are banned\n|rule|Evasion Moves Clause: Evasion moves are banned\n|rule|Evasion Items Clause: Evasion items are banned\n|rule|Species Clause: Limit one of each Pok\u00e9mon\n|rule|Sleep Clause Mod: Limit one foe put to sleep\n|rule|Mega Rayquaza Clause: You cannot mega evolve Rayquaza\n|clearpoke\n|poke|p1|Darmanitan, M|\n|poke|p1|Ambipom, M|\n|poke|p1|Rillaboom, M|\n|poke|p1|Infernape, M|\n|poke|p1|Annihilape, M|\n|poke|p1|Oranguru, M|\n|poke|p2|Sigilyph, M|\n|poke|p2|Arcanine-Hisui, M|\n|poke|p2|Lunala|\n|poke|p2|Deoxys-Speed|\n|poke|p2|Wo-Chien|\n|poke|p2|Ferrothorn, F|\n|teampreview\n|inactive|Battle timer is ON: inactive players will automatically lose when time's up. (requested by denchkid22)\n|\n|t:|1698983062\n|start\n|switch|p1a: Cannon|Darmanitan, M, shiny|100\/100\n|switch|p2a: Rita|Deoxys-Speed|100\/100\n|-ability|p2a: Rita|Pressure\n|turn|1\n|\n|t:|1698983073\n|move|p2a: Rita|Taunt|p1a: Cannon\n|-start|p1a: Cannon|move: Taunt\n|move|p1a: Cannon|Flare Blitz|p2a: Rita\n|-damage|p2a: Rita|0 fnt\n|faint|p2a: Rita\n|-damage|p1a: Cannon|78\/100|[from] Recoil\n|\n|upkeep\n|\n|t:|1698983082\n|switch|p2a: Galactica|Lunala|100\/100\n|turn|2\n|\n|t:|1698983088\n|move|p1a: Cannon|Flare Blitz|p2a: Galactica\n|-damage|p2a: Galactica|50\/100\n|-damage|p1a: Cannon|55\/100|[from] Recoil\n|move|p2a: Galactica|Moongeist Beam|p1a: Cannon\n|-crit|p1a: Cannon\n|-damage|p1a: Cannon|0 fnt\n|faint|p1a: Cannon\n|\n|-heal|p2a: Galactica|56\/100|[from] item: Leftovers\n|upkeep\n|\n|t:|1698983096\n|switch|p1a: George|Ambipom, M|100\/100\n|turn|3\n|\n|t:|1698983108\n|move|p1a: George|Fake Out|p2a: Galactica\n|-immune|p2a: Galactica\n|move|p2a: Galactica|Moonblast|p1a: George\n|-damage|p1a: George|46\/100\n|\n|-heal|p2a: Galactica|62\/100|[from] item: Leftovers\n|upkeep\n|turn|4\n|c|\u2606denchkid22|oops\n|c|\u2606denchkid22|silly monke\n|\n|t:|1698983124\n|move|p1a: George|Return|p2a: Galactica\n|-immune|p2a: Galactica\n|move|p2a: Galactica|Moonlight|p2a: Galactica\n|-heal|p2a: Galactica|100\/100\n|\n|upkeep\n|turn|5\n|c|\u2606denchkid22|sorry im high\n|\n|t:|1698983141\n|move|p1a: George|U-turn|p2a: Galactica\n|-damage|p2a: Galactica|90\/100\n|-damage|p1a: George|36\/100|[from] item: Life Orb\n|\n|t:|1698983150\n|switch|p1a: Maurice|Oranguru, M, shiny|100\/100|[from] U-turn\n|move|p2a: Galactica|Moonblast|p1a: Maurice\n|-damage|p1a: Maurice|71\/100\n|-unboost|p1a: Maurice|spa|1\n|\n|-heal|p2a: Galactica|96\/100|[from] item: Leftovers\n|upkeep\n|turn|6\n|\n|t:|1698983160\n|move|p2a: Galactica|Moongeist Beam|p1a: Maurice\n|-immune|p1a: Maurice\n|move|p1a: Maurice|Nasty Plot|p1a: Maurice\n|-boost|p1a: Maurice|spa|2\n|\n|-heal|p2a: Galactica|100\/100|[from] item: Leftovers\n|upkeep\n|turn|7\n|c|\u2606denchkid22|haha\n|c|\u2606denchkid22|how the turn tables\n|\n|t:|1698983182\n|switch|p2a: Wicker Man|Arcanine-Hisui, M|100\/100\n|-ability|p2a: Wicker Man|Intimidate|boost\n|-fail|p1a: Maurice|unboost|Attack|[from] ability: Inner Focus|[of] p1a: Maurice\n|move|p1a: Maurice|Psychic|p2a: Wicker Man\n|-damage|p2a: Wicker Man|43\/100\n|\n|-heal|p2a: Wicker Man|49\/100|[from] item: Leftovers\n|upkeep\n|turn|8\n|c|\u2606denchkid22|monke focus\n|\n|t:|1698983194\n|move|p2a: Wicker Man|Flame Charge|p1a: Maurice\n|-damage|p1a: Maurice|42\/100\n|-boost|p2a: Wicker Man|spe|1\n|move|p1a: Maurice|Psychic|p2a: Wicker Man\n|-damage|p2a: Wicker Man|0 fnt\n|faint|p2a: Wicker Man\n|\n|upkeep\n|\n|t:|1698983202\n|switch|p2a: Th13teen|Wo-Chien|100\/100\n|-ability|p2a: Th13teen|Tablets of Ruin\n|turn|9\n|\n|t:|1698983212\n|-terastallize|p1a: Maurice|Fire\n|move|p2a: Th13teen|Giga Drain|p1a: Maurice\n|-resisted|p1a: Maurice\n|-damage|p1a: Maurice|29\/100\n|move|p1a: Maurice|Tera Blast|p2a: Th13teen|[anim] Tera Blast Fire\n|-supereffective|p2a: Th13teen\n|-damage|p2a: Th13teen|36\/100\n|\n|-heal|p2a: Th13teen|42\/100|[from] item: Leftovers\n|upkeep\n|turn|10\n|c|\u2606denchkid22|LOL\n|\n|t:|1698983223\n|-terastallize|p2a: Th13teen|Dark\n|move|p2a: Th13teen|Foul Play|p1a: Maurice\n|-damage|p1a: Maurice|9\/100\n|move|p1a: Maurice|Tera Blast|p2a: Th13teen|[anim] Tera Blast Fire\n|-damage|p2a: Th13teen|9\/100\n|\n|-heal|p2a: Th13teen|15\/100|[from] item: Leftovers\n|upkeep\n|turn|11\n|c|\u2606denchkid22|lol bro\n|c|\u2606denchkid22|why use foul play with your ability\n|c|\u2606denchkid22|terrible combo\n|\n|t:|1698983246\n|move|p2a: Th13teen|Protect|p2a: Th13teen\n|-singleturn|p2a: Th13teen|Protect\n|move|p1a: Maurice|Tera Blast|p2a: Th13teen|[anim] Tera Blast Fire\n|-activate|p2a: Th13teen|move: Protect\n|\n|-heal|p2a: Th13teen|22\/100|[from] item: Leftovers\n|upkeep\n|turn|12\n|\n|t:|1698983255\n|move|p2a: Th13teen|Giga Drain|p1a: Maurice\n|-resisted|p1a: Maurice\n|-damage|p1a: Maurice|0 fnt\n|-heal|p2a: Th13teen|26\/100|[from] drain|[of] p1a: Maurice\n|faint|p1a: Maurice\n|\n|-heal|p2a: Th13teen|32\/100|[from] item: Leftovers\n|upkeep\n|\n|t:|1698983260\n|switch|p1a: George|Ambipom, M|36\/100\n|turn|13\n|\n|t:|1698983267\n|move|p1a: George|Fake Out|p2a: Th13teen\n|-damage|p2a: Th13teen|9\/100\n|-damage|p1a: George|26\/100|[from] item: Life Orb\n|cant|p2a: Th13teen|flinch\n|\n|-heal|p2a: Th13teen|15\/100|[from] item: Leftovers\n|upkeep\n|turn|14\n|\n|t:|1698983276\n|switch|p2a: Galactica|Lunala|100\/100\n|move|p1a: George|U-turn|p2a: Galactica\n|-damage|p2a: Galactica|91\/100\n|-damage|p1a: George|16\/100|[from] item: Life Orb\n|\n|t:|1698983287\n|switch|p1a: Kong|Rillaboom, M|100\/100|[from] U-turn\n|-fieldstart|move: Grassy Terrain|[from] ability: Grassy Surge|[of] p1a: Kong\n|\n|-heal|p2a: Galactica|97\/100|[from] Grassy Terrain\n|-heal|p2a: Galactica|100\/100|[from] item: Leftovers\n|upkeep\n|turn|15\n|\n|t:|1698983297\n|move|p1a: Kong|Knock Off|p2a: Galactica\n|-supereffective|p2a: Galactica\n|-crit|p2a: Galactica\n|-damage|p2a: Galactica|11\/100\n|-enditem|p2a: Galactica|Leftovers|[from] move: Knock Off|[of] p1a: Kong\n|move|p2a: Galactica|Calm Mind|p2a: Galactica\n|-boost|p2a: Galactica|spa|1\n|-boost|p2a: Galactica|spd|1\n|\n|-heal|p2a: Galactica|17\/100|[from] Grassy Terrain\n|upkeep\n|turn|16\n|\n|t:|1698983307\n|switch|p2a: Nemesis|Ferrothorn, F, shiny|100\/100\n|move|p1a: Kong|Grassy Glide|p2a: Nemesis\n|-resisted|p2a: Nemesis\n|-damage|p2a: Nemesis|93\/100\n|-damage|p1a: Kong|88\/100|[from] ability: Iron Barbs|[of] p2a: Nemesis\n|-damage|p1a: Kong|72\/100|[from] item: Rocky Helmet|[of] p2a: Nemesis\n|\n|-heal|p1a: Kong|78\/100|[from] Grassy Terrain\n|-heal|p2a: Nemesis|99\/100|[from] Grassy Terrain\n|upkeep\n|turn|17\n|c|\u2606denchkid22|TASTE THE FOOKING JUNGLE MOFUCKA\n|\n|t:|1698983320\n|move|p1a: Kong|Brick Break|p2a: Nemesis\n|-supereffective|p2a: Nemesis\n|-damage|p2a: Nemesis|61\/100\n|-damage|p1a: Kong|66\/100|[from] ability: Iron Barbs|[of] p2a: Nemesis\n|-damage|p1a: Kong|49\/100|[from] item: Rocky Helmet|[of] p2a: Nemesis\n|move|p2a: Nemesis|Toxic|p1a: Kong\n|-status|p1a: Kong|tox\n|\n|-heal|p1a: Kong|55\/100 tox|[from] Grassy Terrain\n|-heal|p2a: Nemesis|67\/100|[from] Grassy Terrain\n|-damage|p1a: Kong|49\/100 tox|[from] psn\n|upkeep\n|turn|18\n|\n|t:|1698983334\n|move|p1a: Kong|Knock Off|p2a: Nemesis\n|-crit|p2a: Nemesis\n|-damage|p2a: Nemesis|26\/100\n|-damage|p1a: Kong|37\/100 tox|[from] ability: Iron Barbs|[of] p2a: Nemesis\n|-damage|p1a: Kong|20\/100 tox|[from] item: Rocky Helmet|[of] p2a: Nemesis\n|-enditem|p2a: Nemesis|Rocky Helmet|[from] move: Knock Off|[of] p1a: Kong\n|move|p2a: Nemesis|Spikes|p1a: Kong\n|-sidestart|p1: denchkid22|Spikes\n|\n|-heal|p1a: Kong|27\/100 tox|[from] Grassy Terrain\n|-heal|p2a: Nemesis|32\/100|[from] Grassy Terrain\n|-damage|p1a: Kong|14\/100 tox|[from] psn\n|upkeep\n|turn|19\n|\n|t:|1698983346\n|move|p1a: Kong|Brick Break|p2a: Nemesis\n|-supereffective|p2a: Nemesis\n|-damage|p2a: Nemesis|0 fnt\n|-damage|p1a: Kong|2\/100 tox|[from] ability: Iron Barbs|[of] p2a: Nemesis\n|faint|p2a: Nemesis\n|\n|-heal|p1a: Kong|8\/100 tox|[from] Grassy Terrain\n|-damage|p1a: Kong|0 fnt|[from] psn\n|faint|p1a: Kong\n|upkeep\n|\n|t:|1698983357\n|switch|p1a: Koba|Annihilape, M|100\/100\n|switch|p2a: Galactica|Lunala|17\/100\n|-damage|p1a: Koba|88\/100|[from] Spikes\n|turn|20\n|\n|t:|1698983365\n|move|p1a: Koba|Rage Fist|p2a: Galactica\n|-supereffective|p2a: Galactica\n|-damage|p2a: Galactica|0 fnt\n|faint|p2a: Galactica\n|\n|-heal|p1a: Koba|94\/100|[from] Grassy Terrain\n|-heal|p1a: Koba|99\/100|[from] item: Leftovers\n|upkeep\n|\n|t:|1698983373\n|switch|p2a: Smiler|Sigilyph, M|100\/100\n|turn|21\n|\n|t:|1698983388\n|move|p2a: Smiler|Air Slash|p1a: Koba\n|-supereffective|p1a: Koba\n|-damage|p1a: Koba|38\/100\n|move|p1a: Koba|Bulk Up|p1a: Koba\n|-boost|p1a: Koba|atk|1\n|-boost|p1a: Koba|def|1\n|\n|-heal|p1a: Koba|44\/100|[from] Grassy Terrain\n|-heal|p1a: Koba|50\/100|[from] item: Leftovers\n|-fieldend|move: Grassy Terrain\n|upkeep\n|turn|22\n|\n|t:|1698983397\n|move|p2a: Smiler|Air Slash|p1a: Koba\n|-supereffective|p1a: Koba\n|-damage|p1a: Koba|0 fnt\n|faint|p1a: Koba\n|\n|upkeep\n|\n|t:|1698983400\n|switch|p1a: Caesar|Infernape, M|100\/100\n|-damage|p1a: Caesar|88\/100|[from] Spikes\n|turn|23\n|\n|t:|1698983406\n|move|p1a: Caesar|Thunder Punch|p2a: Smiler\n|-supereffective|p2a: Smiler\n|-damage|p2a: Smiler|13\/100\n|-damage|p1a: Caesar|78\/100|[from] item: Life Orb\n|move|p2a: Smiler|Air Slash|p1a: Caesar\n|-supereffective|p1a: Caesar\n|-damage|p1a: Caesar|0 fnt\n|faint|p1a: Caesar\n|\n|upkeep\n|\n|t:|1698983410\n|switch|p1a: George|Ambipom, M|16\/100\n|-damage|p1a: George|3\/100|[from] Spikes\n|turn|24\n|c|\u2606denchkid22|dang\n|c|\u2606denchkid22|monke took the L\n|\n|t:|1698983421\n|move|p1a: George|Fake Out|p2a: Smiler\n|-damage|p2a: Smiler|0 fnt\n|faint|p2a: Smiler\n|-damage|p1a: George|0 fnt|[from] item: Life Orb\n|faint|p1a: George\n|\n|win|dwaggypult\n|raw|denchkid22's rating: 1249 &rarr; <strong>1214<\/strong><br \/>(-35 for losing)\n|raw|dwaggypult's rating: 1109 &rarr; <strong>1144<\/strong><br \/>(+35 for winning)\n","uploadtime":1698983317,"views":5,"p1id":"denchkid22","p2id":"dwaggypult","formatid":"gen9nationaldexubers","rating":1144,"private":0,"password":""}