{"id":"gen9nationaldexubers-1989810758","p1":"Nosaka Dresseur","p2":"Neosouls","format":"[Gen 9] National Dex Ubers","log":"|j|\u2606Nosaka Dresseur\n|j|\u2606Neosouls\n|t:|1699897671\n|gametype|singles\n|player|p1|Nosaka Dresseur|lucas-gen4pt|\n|player|p2|Neosouls|marlon|\n|teamsize|p1|6\n|teamsize|p2|3\n|gen|9\n|tier|[Gen 9] National Dex Ubers\n|rule|HP Percentage Mod: HP is shown in percentages\n|rule|Endless Battle Clause: Forcing endless battles is banned\n|rule|OHKO Clause: OHKO moves are banned\n|rule|Evasion Moves Clause: Evasion moves are banned\n|rule|Evasion Items Clause: Evasion items are banned\n|rule|Species Clause: Limit one of each Pok\u00e9mon\n|rule|Sleep Clause Mod: Limit one foe put to sleep\n|rule|Mega Rayquaza Clause: You cannot mega evolve Rayquaza\n|clearpoke\n|poke|p1|Frogadier, L25, M|\n|poke|p1|Ivysaur, F|\n|poke|p1|Fletchinder, L22, M|\n|poke|p1|Shinx, L10, F|\n|poke|p1|Grovyle, L20, M|\n|poke|p1|Pawniard, L10, F|\n|poke|p2|Basculegion, L23, M|\n|poke|p2|Fearow, L24, M|\n|poke|p2|Xatu, L25, F|\n|teampreview\n|\n|t:|1699897683\n|start\n|switch|p1a: Frogadier|Frogadier, L25, M|100\/100\n|switch|p2a: Fearow|Fearow, L24, M|100\/100\n|turn|1\n|\n|t:|1699897695\n|move|p2a: Fearow|Aerial Ace|p1a: Frogadier\n|-damage|p1a: Frogadier|27\/100\n|move|p1a: Frogadier|Water Pulse|p2a: Fearow\n|-damage|p2a: Fearow|35\/100\n|\n|upkeep\n|turn|2\n|\n|t:|1699897705\n|switch|p1a: Shinx|Shinx, L10, F|100\/100\n|move|p2a: Fearow|Aerial Ace|p1a: Shinx\n|-resisted|p1a: Shinx\n|-damage|p1a: Shinx|0 fnt\n|faint|p1a: Shinx\n|\n|upkeep\n|\n|t:|1699897715\n|switch|p1a: Fletchinder|Fletchinder, L22, M|100\/100\n|turn|3\n|\n|t:|1699897721\n|move|p2a: Fearow|Aerial Ace|p1a: Fletchinder\n|-damage|p1a: Fletchinder|17\/100\n|move|p1a: Fletchinder|Flame Charge|p2a: Fearow\n|-damage|p2a: Fearow|14\/100\n|-boost|p1a: Fletchinder|spe|1\n|\n|upkeep\n|turn|4\n|\n|t:|1699897730\n|move|p1a: Fletchinder|Quick Attack|p2a: Fearow\n|-damage|p2a: Fearow|3\/100\n|move|p2a: Fearow|Aerial Ace|p1a: Fletchinder\n|-damage|p1a: Fletchinder|0 fnt\n|faint|p1a: Fletchinder\n|\n|upkeep\n|\n|t:|1699897739\n|switch|p1a: Grovyle|Grovyle, L20, M|100\/100\n|turn|5\n|\n|t:|1699897744\n|move|p1a: Grovyle|Quick Attack|p2a: Fearow\n|-damage|p2a: Fearow|0 fnt\n|faint|p2a: Fearow\n|\n|upkeep\n|\n|t:|1699897749\n|switch|p2a: Xatu|Xatu, L25, F|100\/100\n|turn|6\n|\n|t:|1699897755\n|move|p2a: Xatu|Air Slash|p1a: Grovyle\n|-supereffective|p1a: Grovyle\n|-crit|p1a: Grovyle\n|-damage|p1a: Grovyle|0 fnt\n|faint|p1a: Grovyle\n|\n|upkeep\n|\n|t:|1699897761\n|switch|p1a: Frogadier|Frogadier, L25, M|27\/100\n|turn|7\n|\n|t:|1699897766\n|move|p2a: Xatu|Night Shade|p1a: Frogadier\n|-damage|p1a: Frogadier|0 fnt\n|faint|p1a: Frogadier\n|\n|upkeep\n|\n|t:|1699897771\n|switch|p1a: Pawniard|Pawniard, L10, F|100\/100\n|turn|8\n|\n|t:|1699897778\n|move|p2a: Xatu|Confuse Ray|p1a: Pawniard\n|-start|p1a: Pawniard|confusion\n|-activate|p1a: Pawniard|confusion\n|-damage|p1a: Pawniard|79\/100|[from] confusion\n|\n|upkeep\n|turn|9\n|\n|t:|1699897786\n|move|p2a: Xatu|Confuse Ray||[still]\n|-fail|p2a: Xatu\n|-end|p1a: Pawniard|confusion\n|move|p1a: Pawniard|Fury Cutter|p2a: Xatu\n|-damage|p2a: Xatu|96\/100\n|\n|upkeep\n|turn|10\n|\n|t:|1699897796\n|move|p2a: Xatu|Night Shade|p1a: Pawniard\n|-damage|p1a: Pawniard|0 fnt\n|faint|p1a: Pawniard\n|\n|upkeep\n|\n|t:|1699897801\n|switch|p1a: Ivysaur|Ivysaur, F|100\/100\n|turn|11\n|\n|t:|1699897806\n|move|p1a: Ivysaur|Poison Powder|p2a: Xatu\n|move|p2a: Xatu|Poison Powder|p1a: Ivysaur|[from]ability: Magic Bounce\n|-immune|p1a: Ivysaur\n|move|p2a: Xatu|Peck|p1a: Ivysaur\n|-supereffective|p1a: Ivysaur\n|-damage|p1a: Ivysaur|98\/100\n|\n|upkeep\n|turn|12\n|\n|t:|1699897818\n|move|p1a: Ivysaur|Razor Leaf|p2a: Xatu\n|-resisted|p2a: Xatu\n|-damage|p2a: Xatu|0 fnt\n|faint|p2a: Xatu\n|\n|upkeep\n|\n|t:|1699897823\n|switch|p2a: Basculegion|Basculegion, L23, M|100\/100\n|turn|13\n|\n|t:|1699897836\n|move|p1a: Ivysaur|Razor Leaf|p2a: Basculegion\n|-supereffective|p2a: Basculegion\n|-damage|p2a: Basculegion|0 fnt\n|faint|p2a: Basculegion\n|\n|win|Nosaka Dresseur\n","uploadtime":1699897846,"views":14,"p1id":"nosakadresseur","p2id":"neosouls","formatid":"gen9nationaldexubers","rating":0,"private":0,"password":""}