{"id":"gen9nationaldexubers-1981974407","p1":"GibleJ523","p2":"Dragonnightwing","format":"[Gen 9] National Dex Ubers","log":"|j|\u2606GibleJ523\n|j|\u2606Dragonnightwing\n|t:|1698956264\n|gametype|singles\n|player|p1|GibleJ523|169|\n|player|p2|Dragonnightwing|lance|\n|teamsize|p1|6\n|teamsize|p2|6\n|gen|9\n|tier|[Gen 9] National Dex Ubers\n|rule|HP Percentage Mod: HP is shown in percentages\n|rule|Endless Battle Clause: Forcing endless battles is banned\n|rule|OHKO Clause: OHKO moves are banned\n|rule|Evasion Moves Clause: Evasion moves are banned\n|rule|Evasion Items Clause: Evasion items are banned\n|rule|Species Clause: Limit one of each Pok\u00e9mon\n|rule|Sleep Clause Mod: Limit one foe put to sleep\n|rule|Mega Rayquaza Clause: You cannot mega evolve Rayquaza\n|clearpoke\n|poke|p1|Glimmora, F|\n|poke|p1|Samurott-Hisui, F|\n|poke|p1|Magnezone|\n|poke|p1|Hatterene, F|\n|poke|p1|Decidueye, M|\n|poke|p1|Garchomp, M|\n|poke|p2|Corviknight, F|\n|poke|p2|Empoleon, M|\n|poke|p2|Duraludon, M|\n|poke|p2|Aegislash, F|\n|poke|p2|Metagross|\n|poke|p2|Kingambit, F|\n|teampreview\n|\n|t:|1698956275\n|start\n|switch|p1a: Gible (real)|Garchomp, M|100\/100\n|switch|p2a: Sire|Corviknight, F|100\/100\n|-ability|p2a: Sire|Pressure\n|turn|1\n|\n|t:|1698956285\n|move|p1a: Gible (real)|Fire Fang|p2a: Sire\n|-supereffective|p2a: Sire\n|-damage|p2a: Sire|77\/100\n|-damage|p1a: Gible (real)|84\/100|[from] item: Rocky Helmet|[of] p2a: Sire\n|move|p2a: Sire|Bulk Up|p2a: Sire\n|-boost|p2a: Sire|atk|1\n|-boost|p2a: Sire|def|1\n|\n|upkeep\n|turn|2\n|\n|t:|1698956295\n|move|p1a: Gible (real)|Fire Fang|p2a: Sire\n|-supereffective|p2a: Sire\n|-damage|p2a: Sire|62\/100\n|-damage|p1a: Gible (real)|67\/100|[from] item: Rocky Helmet|[of] p2a: Sire\n|cant|p2a: Sire|flinch\n|\n|upkeep\n|turn|3\n|\n|t:|1698956302\n|move|p1a: Gible (real)|Fire Fang|p2a: Sire\n|-supereffective|p2a: Sire\n|-damage|p2a: Sire|47\/100\n|-damage|p1a: Gible (real)|50\/100|[from] item: Rocky Helmet|[of] p2a: Sire\n|move|p2a: Sire|Bulk Up|p2a: Sire\n|-boost|p2a: Sire|atk|1\n|-boost|p2a: Sire|def|1\n|\n|upkeep\n|turn|4\n|\n|t:|1698956312\n|move|p1a: Gible (real)|Rock Slide|p2a: Sire\n|-damage|p2a: Sire|40\/100\n|move|p2a: Sire|Bulk Up|p2a: Sire\n|-boost|p2a: Sire|atk|1\n|-boost|p2a: Sire|def|1\n|\n|upkeep\n|turn|5\n|\n|t:|1698956322\n|move|p1a: Gible (real)|Fire Fang|p2a: Sire\n|-supereffective|p2a: Sire\n|-damage|p2a: Sire|31\/100\n|-damage|p1a: Gible (real)|34\/100|[from] item: Rocky Helmet|[of] p2a: Sire\n|move|p2a: Sire|Bulk Up|p2a: Sire\n|-boost|p2a: Sire|atk|1\n|-boost|p2a: Sire|def|1\n|\n|upkeep\n|turn|6\n|\n|t:|1698956333\n|move|p1a: Gible (real)|Fire Fang|p2a: Sire\n|-supereffective|p2a: Sire\n|-damage|p2a: Sire|24\/100\n|-damage|p1a: Gible (real)|17\/100|[from] item: Rocky Helmet|[of] p2a: Sire\n|move|p2a: Sire|Bulk Up|p2a: Sire\n|-boost|p2a: Sire|atk|1\n|-boost|p2a: Sire|def|1\n|\n|upkeep\n|turn|7\n|\n|t:|1698956342\n|move|p1a: Gible (real)|Fire Fang|p2a: Sire\n|-supereffective|p2a: Sire\n|-damage|p2a: Sire|18\/100\n|-damage|p1a: Gible (real)|0 fnt|[from] item: Rocky Helmet|[of] p2a: Sire\n|faint|p1a: Gible (real)\n|cant|p2a: Sire|flinch\n|\n|upkeep\n|\n|t:|1698956355\n|switch|p1a: \"Emo\"|Samurott-Hisui, F|100\/100\n|turn|8\n|\n|t:|1698956358\n|move|p1a: \"Emo\"|Ceaseless Edge|p2a: Sire|[miss]\n|-miss|p1a: \"Emo\"|p2a: Sire\n|move|p2a: Sire|Body Press|p1a: \"Emo\"\n|-supereffective|p1a: \"Emo\"\n|-damage|p1a: \"Emo\"|0 fnt\n|-damage|p2a: Sire|1\/100|[from] item: Rocky Helmet|[of] p1a: \"Emo\"\n|faint|p1a: \"Emo\"\n|\n|upkeep\n|\n|t:|1698956366\n|switch|p1a: Illegal crystals|Glimmora, F|100\/100\n|turn|9\n|\n|t:|1698956375\n|move|p1a: Illegal crystals|Spiky Shield|p1a: Illegal crystals\n|-singleturn|p1a: Illegal crystals|move: Protect\n|move|p2a: Sire|Body Press|p1a: Illegal crystals\n|-activate|p1a: Illegal crystals|move: Protect\n|-damage|p2a: Sire|0 fnt|[from] Spiky Shield|[of] p1a: Illegal crystals\n|faint|p2a: Sire\n|\n|upkeep\n|\n|t:|1698956386\n|switch|p2a: Napoleon|Empoleon, M|100\/100\n|turn|10\n|\n|t:|1698956393\n|move|p1a: Illegal crystals|Stealth Rock|p2a: Napoleon\n|-sidestart|p2: Dragonnightwing|move: Stealth Rock\n|move|p2a: Napoleon|Surf|p1a: Illegal crystals\n|-supereffective|p1a: Illegal crystals\n|-damage|p1a: Illegal crystals|0 fnt\n|faint|p1a: Illegal crystals\n|\n|upkeep\n|\n|t:|1698956401\n|switch|p1a: Beans|Decidueye, M|100\/100\n|turn|11\n|\n|t:|1698956405\n|move|p1a: Beans|Leaf Blade|p2a: Napoleon\n|-crit|p2a: Napoleon\n|-damage|p2a: Napoleon|32\/100\n|move|p2a: Napoleon|Ice Beam|p1a: Beans\n|-supereffective|p1a: Beans\n|-damage|p1a: Beans|43\/100\n|\n|-heal|p1a: Beans|49\/100|[from] item: Leftovers\n|upkeep\n|turn|12\n|\n|t:|1698956419\n|move|p1a: Beans|Leaf Blade|p2a: Napoleon\n|-damage|p2a: Napoleon|0 fnt\n|faint|p2a: Napoleon\n|\n|-heal|p1a: Beans|56\/100|[from] item: Leftovers\n|upkeep\n|\n|t:|1698956433\n|switch|p2a: Agatha|Aegislash, F|100\/100\n|-damage|p2a: Agatha|94\/100|[from] Stealth Rock\n|turn|13\n|\n|t:|1698956439\n|move|p1a: Beans|Protect|p1a: Beans\n|-singleturn|p1a: Beans|Protect\n|-formechange|p2a: Agatha|Aegislash-Blade||[from] ability: Stance Change\n|move|p2a: Agatha|Air Slash|p1a: Beans\n|-activate|p1a: Beans|move: Protect\n|\n|-heal|p1a: Beans|62\/100|[from] item: Leftovers\n|upkeep\n|turn|14\n|\n|t:|1698956448\n|switch|p1a: Infinite fusion|Magnezone|100\/100\n|move|p2a: Agatha|Air Slash|p1a: Infinite fusion\n|-resisted|p1a: Infinite fusion\n|-damage|p1a: Infinite fusion|93\/100\n|\n|upkeep\n|turn|15\n|\n|t:|1698956467\n|move|p1a: Infinite fusion|Hidden Power|p2a: Agatha\n|-resisted|p2a: Agatha\n|-damage|p2a: Agatha|82\/100\n|move|p2a: Agatha|Night Slash|p1a: Infinite fusion\n|-damage|p1a: Infinite fusion|64\/100\n|\n|upkeep\n|turn|16\n|\n|t:|1698956479\n|switch|p1a: Beans|Decidueye, M|62\/100\n|move|p2a: Agatha|Night Slash|p1a: Beans\n|-supereffective|p1a: Beans\n|-crit|p1a: Beans\n|-damage|p1a: Beans|0 fnt\n|faint|p1a: Beans\n|\n|upkeep\n|\n|t:|1698956487\n|switch|p1a: Woman!?!?!?!|Hatterene, F|100\/100\n|turn|17\n|\n|t:|1698956501\n|move|p2a: Agatha|Night Slash|p1a: Woman!?!?!?!\n|-damage|p1a: Woman!?!?!?!|71\/100\n|move|p1a: Woman!?!?!?!|Dazzling Gleam|p2a: Agatha\n|-resisted|p2a: Agatha\n|-damage|p2a: Agatha|54\/100\n|\n|-heal|p1a: Woman!?!?!?!|77\/100|[from] item: Leftovers\n|upkeep\n|turn|18\n|\n|t:|1698956514\n|move|p2a: Agatha|Night Slash|p1a: Woman!?!?!?!\n|-damage|p1a: Woman!?!?!?!|47\/100\n|move|p1a: Woman!?!?!?!|Dark Pulse|p2a: Agatha\n|-supereffective|p2a: Agatha\n|-damage|p2a: Agatha|0 fnt\n|faint|p2a: Agatha\n|\n|-heal|p1a: Woman!?!?!?!|53\/100|[from] item: Leftovers\n|upkeep\n|\n|t:|1698956525\n|switch|p2a: Shelldon|Metagross|100\/100\n|-damage|p2a: Shelldon|94\/100|[from] Stealth Rock\n|turn|19\n|c|\u2606GibleJ523|I should have used my ground type team\n|\n|t:|1698956536\n|switch|p1a: Infinite fusion|Magnezone|64\/100\n|move|p2a: Shelldon|Meteor Mash|p1a: Infinite fusion\n|-resisted|p1a: Infinite fusion\n|-damage|p1a: Infinite fusion|54\/100\n|\n|upkeep\n|turn|20\n|\n|t:|1698956551\n|move|p1a: Infinite fusion|Thunderbolt|p2a: Shelldon\n|-damage|p2a: Shelldon|47\/100\n|move|p2a: Shelldon|Brick Break|p1a: Infinite fusion\n|-supereffective|p1a: Infinite fusion\n|-damage|p1a: Infinite fusion|4\/100\n|\n|upkeep\n|turn|21\n|\n|t:|1698956562\n|move|p1a: Infinite fusion|Thunderbolt|p2a: Shelldon\n|-damage|p2a: Shelldon|4\/100\n|move|p2a: Shelldon|Meteor Mash|p1a: Infinite fusion\n|-resisted|p1a: Infinite fusion\n|-damage|p1a: Infinite fusion|0 fnt\n|faint|p1a: Infinite fusion\n|\n|upkeep\n|\n|t:|1698956568\n|switch|p1a: Woman!?!?!?!|Hatterene, F|53\/100\n|turn|22\n|\n|t:|1698956574\n|move|p2a: Shelldon|Meteor Mash|p1a: Woman!?!?!?!\n|-supereffective|p1a: Woman!?!?!?!\n|-damage|p1a: Woman!?!?!?!|0 fnt\n|faint|p1a: Woman!?!?!?!\n|\n|win|Dragonnightwing\n|c|\u2606Dragonnightwing|Gg\n","uploadtime":1698956589,"views":8,"p1id":"giblej523","p2id":"dragonnightwing","formatid":"gen9nationaldexubers","rating":0,"private":0,"password":""}