{"id":"gen9nationaldexubers-1987212665","p1":"KingoftheTitans","p2":"nicolasg96","format":"[Gen 9] National Dex Ubers","log":"|j|\u2606KingoftheTitans\n|j|\u2606nicolasg96\n|t:|1699565797\n|gametype|singles\n|player|p1|KingoftheTitans|169|1382\n|player|p2|nicolasg96|preschooler|1351\n|teamsize|p1|6\n|teamsize|p2|6\n|gen|9\n|tier|[Gen 9] National Dex Ubers\n|rated|\n|rule|HP Percentage Mod: HP is shown in percentages\n|rule|Endless Battle Clause: Forcing endless battles is banned\n|rule|OHKO Clause: OHKO moves are banned\n|rule|Evasion Moves Clause: Evasion moves are banned\n|rule|Evasion Items Clause: Evasion items are banned\n|rule|Species Clause: Limit one of each Pok\u00e9mon\n|rule|Sleep Clause Mod: Limit one foe put to sleep\n|rule|Mega Rayquaza Clause: You cannot mega evolve Rayquaza\n|clearpoke\n|poke|p1|Porygon-Z|\n|poke|p1|Absol, F|\n|poke|p1|Iron Valiant|\n|poke|p1|Heatran, M|\n|poke|p1|Genesect|\n|poke|p1|Rotom-Wash|\n|poke|p2|Arceus-Ghost|\n|poke|p2|Ho-Oh|\n|poke|p2|Shaymin-Sky|\n|poke|p2|Kingambit, F|\n|poke|p2|Clodsire, M|\n|poke|p2|Whimsicott, M|\n|teampreview\n|inactive|Battle timer is ON: inactive players will automatically lose when time's up. (requested by nicolasg96)\n|\n|t:|1699565814\n|start\n|switch|p1a: Genesect|Genesect, shiny|100\/100\n|switch|p2a: Ho-Oh|Ho-Oh|100\/100\n|-ability|p1a: Genesect|Download|boost\n|-boost|p1a: Genesect|atk|1\n|turn|1\n|\n|t:|1699565820\n|move|p1a: Genesect|U-turn|p2a: Ho-Oh\n|-resisted|p2a: Ho-Oh\n|-damage|p2a: Ho-Oh|91\/100\n|\n|t:|1699565823\n|switch|p1a: Heatran|Heatran, M|100\/100|[from] U-turn\n|-item|p1a: Heatran|Air Balloon\n|move|p2a: Ho-Oh|Sacred Fire|p1a: Heatran\n|-start|p1a: Heatran|ability: Flash Fire\n|\n|upkeep\n|turn|2\n|\n|t:|1699565832\n|move|p1a: Heatran|Magma Storm|p2a: Ho-Oh\n|-resisted|p2a: Ho-Oh\n|-damage|p2a: Ho-Oh|67\/100\n|-activate|p2a: Ho-Oh|move: Magma Storm|[of] p1a: Heatran\n|move|p2a: Ho-Oh|Toxic|p1a: Heatran\n|-immune|p1a: Heatran\n|\n|-damage|p2a: Ho-Oh|55\/100|[from] move: Magma Storm|[partiallytrapped]\n|upkeep\n|turn|3\n|\n|t:|1699565840\n|move|p1a: Heatran|Taunt|p2a: Ho-Oh\n|-start|p2a: Ho-Oh|move: Taunt\n|cant|p2a: Ho-Oh|move: Taunt|Roost\n|\n|-damage|p2a: Ho-Oh|42\/100|[from] move: Magma Storm|[partiallytrapped]\n|upkeep\n|turn|4\n|\n|t:|1699565845\n|move|p1a: Heatran|Flash Cannon|p2a: Ho-Oh\n|-resisted|p2a: Ho-Oh\n|-damage|p2a: Ho-Oh|29\/100\n|move|p2a: Ho-Oh|Sacred Fire|p1a: Heatran\n|-immune|p1a: Heatran|[from] ability: Flash Fire\n|\n|-damage|p2a: Ho-Oh|17\/100|[from] move: Magma Storm|[partiallytrapped]\n|upkeep\n|turn|5\n|\n|t:|1699565854\n|move|p1a: Heatran|Flash Cannon|p2a: Ho-Oh\n|-resisted|p2a: Ho-Oh\n|-damage|p2a: Ho-Oh|4\/100\n|move|p2a: Ho-Oh|Sacred Fire|p1a: Heatran\n|-immune|p1a: Heatran|[from] ability: Flash Fire\n|\n|-damage|p2a: Ho-Oh|0 fnt|[from] move: Magma Storm|[partiallytrapped]\n|faint|p2a: Ho-Oh\n|upkeep\n|\n|t:|1699565859\n|switch|p2a: Shaymin|Shaymin-Sky|100\/100\n|turn|6\n|\n|t:|1699565864\n|move|p2a: Shaymin|Air Slash|p1a: Heatran\n|-resisted|p1a: Heatran\n|-damage|p1a: Heatran|71\/100\n|-enditem|p1a: Heatran|Air Balloon\n|cant|p1a: Heatran|flinch\n|\n|upkeep\n|turn|7\n|\n|t:|1699565872\n|switch|p2a: Arceus|Arceus-Ghost|100\/100\n|-end|p1a: Heatran|ability: Flash Fire|[silent]\n|switch|p1a: Rotom|Rotom-Wash|100\/100\n|\n|upkeep\n|turn|8\n|\n|t:|1699565880\n|move|p2a: Arceus|Swords Dance|p2a: Arceus\n|-boost|p2a: Arceus|atk|2\n|move|p1a: Rotom|Will-O-Wisp|p2a: Arceus\n|-status|p2a: Arceus|brn\n|\n|-damage|p2a: Arceus|94\/100 brn|[from] brn\n|upkeep\n|turn|9\n|\n|t:|1699565887\n|move|p2a: Arceus|Swords Dance|p2a: Arceus\n|-boost|p2a: Arceus|atk|2\n|move|p1a: Rotom|Hydro Pump|p2a: Arceus\n|-damage|p2a: Arceus|60\/100 brn\n|\n|-damage|p2a: Arceus|54\/100 brn|[from] brn\n|upkeep\n|turn|10\n|\n|t:|1699565894\n|move|p2a: Arceus|Shadow Force||[still]\n|-prepare|p2a: Arceus|Shadow Force\n|move|p1a: Rotom|Hydro Pump|p2a: Arceus|[miss]\n|-miss|p1a: Rotom|p2a: Arceus\n|\n|-damage|p2a: Arceus|48\/100 brn|[from] brn\n|upkeep\n|turn|11\n|\n|t:|1699565901\n|switch|p1a: Porygon-Z|Porygon-Z|100\/100\n|move|p2a: Arceus|Shadow Force|p1a: Porygon-Z|[from]lockedmove\n|-immune|p1a: Porygon-Z\n|\n|-damage|p2a: Arceus|42\/100 brn|[from] brn\n|upkeep\n|turn|12\n|\n|t:|1699565912\n|move|p2a: Arceus|Earthquake|p1a: Porygon-Z\n|-damage|p1a: Porygon-Z|24\/100\n|move|p1a: Porygon-Z|Shadow Ball|p2a: Arceus\n|-supereffective|p2a: Arceus\n|-damage|p2a: Arceus|0 fnt\n|faint|p2a: Arceus\n|-damage|p1a: Porygon-Z|14\/100|[from] item: Life Orb\n|\n|upkeep\n|\n|t:|1699565919\n|switch|p2a: Kingambit|Kingambit, F|100\/100\n|turn|13\n|\n|t:|1699565925\n|switch|p1a: Heatran|Heatran, M|71\/100\n|move|p2a: Kingambit|Iron Head|p1a: Heatran\n|-resisted|p1a: Heatran\n|-damage|p1a: Heatran|60\/100\n|\n|upkeep\n|turn|14\n|\n|t:|1699565931\n|-terastallize|p2a: Kingambit|Ground\n|move|p1a: Heatran|Magma Storm|p2a: Kingambit|[miss]\n|-miss|p1a: Heatran|p2a: Kingambit\n|move|p2a: Kingambit|Tera Blast|p1a: Heatran|[anim] Tera Blast Ground\n|-supereffective|p1a: Heatran\n|-damage|p1a: Heatran|0 fnt\n|faint|p1a: Heatran\n|\n|upkeep\n|\n|t:|1699565939\n|switch|p1a: Rotom|Rotom-Wash|100\/100\n|turn|15\n|\n|t:|1699565943\n|switch|p2a: Clodsire|Clodsire, M|100\/100\n|move|p1a: Rotom|Hydro Pump|p2a: Clodsire\n|-immune|p2a: Clodsire|[from] ability: Water Absorb\n|\n|upkeep\n|turn|16\n|c|\u2606KingoftheTitans|?????????????\n|\n|t:|1699565956\n|switch|p1a: Genesect|Genesect, shiny|100\/100\n|-ability|p1a: Genesect|Download|boost\n|-boost|p1a: Genesect|atk|1\n|move|p2a: Clodsire|Stealth Rock|p1a: Genesect\n|-sidestart|p1: KingoftheTitans|move: Stealth Rock\n|\n|upkeep\n|turn|17\n|\n|t:|1699565962\n|move|p1a: Genesect|Ice Beam|p2a: Clodsire\n|-supereffective|p2a: Clodsire\n|-damage|p2a: Clodsire|68\/100\n|-status|p2a: Clodsire|frz\n|-curestatus|p2a: Clodsire|frz|[msg]\n|move|p2a: Clodsire|Toxic Spikes|p1a: Genesect\n|-sidestart|p1: KingoftheTitans|move: Toxic Spikes\n|\n|-heal|p2a: Clodsire|74\/100|[from] item: Leftovers\n|upkeep\n|turn|18\n|\n|t:|1699565973\n|switch|p1a: Rotom|Rotom-Wash|100\/100\n|-damage|p1a: Rotom|88\/100|[from] Stealth Rock\n|move|p2a: Clodsire|Recover|p2a: Clodsire\n|-heal|p2a: Clodsire|100\/100\n|\n|-heal|p1a: Rotom|94\/100|[from] item: Leftovers\n|upkeep\n|turn|19\n|\n|t:|1699565981\n|move|p1a: Rotom|Defog|p2a: Clodsire\n|-unboost|p2a: Clodsire|evasion|1\n|-sideend|p1: KingoftheTitans|Toxic Spikes|[from] move: Defog|[of] p1a: Rotom\n|-sideend|p1: KingoftheTitans|Stealth Rock|[from] move: Defog|[of] p1a: Rotom\n|move|p2a: Clodsire|Toxic Spikes|p1a: Rotom\n|-sidestart|p1: KingoftheTitans|move: Toxic Spikes\n|\n|-heal|p1a: Rotom|100\/100|[from] item: Leftovers\n|upkeep\n|turn|20\n|\n|t:|1699565993\n|move|p1a: Rotom|Defog|p2a: Clodsire\n|-unboost|p2a: Clodsire|evasion|1\n|-sideend|p1: KingoftheTitans|Toxic Spikes|[from] move: Defog|[of] p1a: Rotom\n|move|p2a: Clodsire|Stealth Rock|p1a: Rotom\n|-sidestart|p1: KingoftheTitans|move: Stealth Rock\n|\n|upkeep\n|turn|21\n|\n|t:|1699565999\n|switch|p1a: Absol|Absol, F|100\/100\n|-damage|p1a: Absol|88\/100|[from] Stealth Rock\n|move|p2a: Clodsire|Stealth Rock||[still]\n|-fail|p2a: Clodsire\n|\n|upkeep\n|turn|22\n|\n|t:|1699566006\n|detailschange|p1a: Absol|Absol-Mega, F\n|-mega|p1a: Absol|Absol|Absolite\n|move|p1a: Absol|Knock Off|p2a: Clodsire\n|-damage|p2a: Clodsire|58\/100\n|-enditem|p2a: Clodsire|Leftovers|[from] move: Knock Off|[of] p1a: Absol\n|move|p2a: Clodsire|Earthquake|p1a: Absol\n|-damage|p1a: Absol|37\/100\n|\n|upkeep\n|turn|23\n|\n|t:|1699566021\n|switch|p1a: Rotom|Rotom-Wash|100\/100\n|-damage|p1a: Rotom|88\/100|[from] Stealth Rock\n|move|p2a: Clodsire|Recover|p2a: Clodsire\n|-heal|p2a: Clodsire|100\/100\n|\n|-heal|p1a: Rotom|94\/100|[from] item: Leftovers\n|upkeep\n|turn|24\n|\n|t:|1699566030\n|switch|p1a: Absol|Absol-Mega, F|37\/100\n|-damage|p1a: Absol|25\/100|[from] Stealth Rock\n|switch|p2a: Kingambit|Kingambit, F, tera:Ground|100\/100\n|\n|upkeep\n|turn|25\n|\n|t:|1699566038\n|move|p2a: Kingambit|Sucker Punch|p1a: Absol\n|-resisted|p1a: Absol\n|-damage|p1a: Absol|0 fnt\n|faint|p1a: Absol\n|\n|upkeep\n|\n|t:|1699566045\n|switch|p1a: Rotom|Rotom-Wash|94\/100\n|-damage|p1a: Rotom|82\/100|[from] Stealth Rock\n|turn|26\n|\n|t:|1699566051\n|switch|p2a: Whimsicott|Whimsicott, M|100\/100\n|move|p1a: Rotom|Defog|p2a: Whimsicott\n|-unboost|p2a: Whimsicott|evasion|1\n|-sideend|p1: KingoftheTitans|Stealth Rock|[from] move: Defog|[of] p1a: Rotom\n|\n|-heal|p1a: Rotom|88\/100|[from] item: Leftovers\n|upkeep\n|turn|27\n|\n|t:|1699566059\n|move|p2a: Whimsicott|Taunt|p1a: Rotom\n|-start|p1a: Rotom|move: Taunt\n|move|p1a: Rotom|Hydro Pump|p2a: Whimsicott\n|-resisted|p2a: Whimsicott\n|-damage|p2a: Whimsicott|59\/100\n|\n|-heal|p1a: Rotom|94\/100|[from] item: Leftovers\n|upkeep\n|turn|28\n|\n|t:|1699566068\n|switch|p1a: Porygon-Z|Porygon-Z|14\/100\n|move|p2a: Whimsicott|Leech Seed|p1a: Porygon-Z\n|-start|p1a: Porygon-Z|move: Leech Seed\n|\n|-damage|p1a: Porygon-Z|2\/100|[from] Leech Seed|[of] p2a: Whimsicott\n|-heal|p2a: Whimsicott|74\/100|[silent]\n|upkeep\n|turn|29\n|\n|t:|1699566076\n|switch|p1a: Genesect|Genesect, shiny|100\/100\n|-ability|p1a: Genesect|Download|boost\n|-boost|p1a: Genesect|spa|1\n|move|p2a: Whimsicott|Moonblast|p1a: Genesect\n|-resisted|p1a: Genesect\n|-damage|p1a: Genesect|80\/100\n|\n|upkeep\n|turn|30\n|\n|t:|1699566084\n|move|p1a: Genesect|Iron Head|p2a: Whimsicott\n|-supereffective|p2a: Whimsicott\n|-damage|p2a: Whimsicott|0 fnt\n|faint|p2a: Whimsicott\n|\n|upkeep\n|\n|t:|1699566090\n|switch|p2a: Kingambit|Kingambit, F, tera:Ground|100\/100\n|turn|31\n|\n|t:|1699566096\n|switch|p1a: Rotom|Rotom-Wash|94\/100\n|move|p2a: Kingambit|Swords Dance|p2a: Kingambit\n|-boost|p2a: Kingambit|atk|2\n|\n|-heal|p1a: Rotom|100\/100|[from] item: Leftovers\n|upkeep\n|turn|32\n|\n|t:|1699566105\n|move|p1a: Rotom|Hydro Pump|p2a: Kingambit\n|-supereffective|p2a: Kingambit\n|-damage|p2a: Kingambit|19\/100\n|move|p2a: Kingambit|Iron Head|p1a: Rotom\n|-resisted|p1a: Rotom\n|-damage|p1a: Rotom|68\/100\n|\n|-heal|p1a: Rotom|74\/100|[from] item: Leftovers\n|upkeep\n|turn|33\n|\n|t:|1699566112\n|move|p2a: Kingambit|Sucker Punch|p1a: Rotom\n|-damage|p1a: Rotom|0 fnt\n|faint|p1a: Rotom\n|\n|upkeep\n|\n|t:|1699566117\n|switch|p1a: Genesect|Genesect, shiny|80\/100\n|-ability|p1a: Genesect|Download|boost\n|-boost|p1a: Genesect|spa|1\n|turn|34\n|\n|t:|1699566121\n|move|p1a: Genesect|Extreme Speed|p2a: Kingambit\n|-damage|p2a: Kingambit|0 fnt\n|faint|p2a: Kingambit\n|\n|upkeep\n|\n|t:|1699566124\n|switch|p2a: Clodsire|Clodsire, M|100\/100\n|turn|35\n|\n|t:|1699566129\n|switch|p1a: Iron Valiant|Iron Valiant|100\/100\n|-enditem|p1a: Iron Valiant|Booster Energy\n|-activate|p1a: Iron Valiant|ability: Quark Drive|[fromitem]\n|-start|p1a: Iron Valiant|quarkdrivespe\n|move|p2a: Clodsire|Stealth Rock|p1a: Iron Valiant\n|-sidestart|p1: KingoftheTitans|move: Stealth Rock\n|\n|upkeep\n|turn|36\n|\n|t:|1699566137\n|move|p1a: Iron Valiant|Shadow Ball|p2a: Clodsire\n|-damage|p2a: Clodsire|80\/100\n|move|p2a: Clodsire|Toxic Spikes|p1a: Iron Valiant\n|-sidestart|p1: KingoftheTitans|move: Toxic Spikes\n|\n|upkeep\n|turn|37\n|\n|t:|1699566142\n|move|p1a: Iron Valiant|Shadow Ball|p2a: Clodsire\n|-damage|p2a: Clodsire|63\/100\n|move|p2a: Clodsire|Earthquake|p1a: Iron Valiant\n|-damage|p1a: Iron Valiant|65\/100\n|\n|upkeep\n|turn|38\n|\n|t:|1699566148\n|move|p1a: Iron Valiant|Shadow Ball|p2a: Clodsire\n|-damage|p2a: Clodsire|43\/100\n|-unboost|p2a: Clodsire|spd|1\n|move|p2a: Clodsire|Recover|p2a: Clodsire\n|-heal|p2a: Clodsire|93\/100\n|\n|upkeep\n|turn|39\n|\n|t:|1699566154\n|move|p1a: Iron Valiant|Shadow Ball|p2a: Clodsire\n|-damage|p2a: Clodsire|63\/100\n|move|p2a: Clodsire|Earthquake|p1a: Iron Valiant\n|-damage|p1a: Iron Valiant|30\/100\n|\n|upkeep\n|turn|40\n|\n|t:|1699566160\n|move|p1a: Iron Valiant|Shadow Ball|p2a: Clodsire\n|-damage|p2a: Clodsire|36\/100\n|move|p2a: Clodsire|Recover|p2a: Clodsire\n|-heal|p2a: Clodsire|86\/100\n|\n|upkeep\n|turn|41\n|\n|t:|1699566170\n|move|p1a: Iron Valiant|Shadow Ball|p2a: Clodsire\n|-damage|p2a: Clodsire|57\/100\n|move|p2a: Clodsire|Earthquake|p1a: Iron Valiant\n|-damage|p1a: Iron Valiant|0 fnt\n|faint|p1a: Iron Valiant\n|-end|p1a: Iron Valiant|Quark Drive|[silent]\n|\n|upkeep\n|\n|t:|1699566178\n|switch|p1a: Genesect|Genesect, shiny|80\/100\n|-damage|p1a: Genesect|68\/100|[from] Stealth Rock\n|-ability|p1a: Genesect|Download|boost\n|-boost|p1a: Genesect|spa|1\n|turn|42\n|\n|t:|1699566196\n|switch|p2a: Shaymin|Shaymin-Sky|100\/100\n|move|p1a: Genesect|Ice Beam|p2a: Shaymin\n|-supereffective|p2a: Shaymin\n|-damage|p2a: Shaymin|0 fnt\n|faint|p2a: Shaymin\n|\n|upkeep\n|\n|t:|1699566198\n|switch|p2a: Clodsire|Clodsire, M|57\/100\n|turn|43\n|c|\u2606KingoftheTitans|gg\n|\n|t:|1699566210\n|move|p1a: Genesect|Ice Beam|p2a: Clodsire\n|-supereffective|p2a: Clodsire\n|-damage|p2a: Clodsire|1\/100\n|move|p2a: Clodsire|Recover|p2a: Clodsire\n|-heal|p2a: Clodsire|51\/100\n|\n|upkeep\n|turn|44\n|-message|nicolasg96 forfeited.\n|\n|win|KingoftheTitans\n|raw|KingoftheTitans's rating: 1382 &rarr; <strong>1400<\/strong><br \/>(+18 for winning)\n|raw|nicolasg96's rating: 1351 &rarr; <strong>1333<\/strong><br \/>(-18 for losing)\n|l|\u2606nicolasg96\n","uploadtime":1699566218,"views":11,"p1id":"kingofthetitans","p2id":"nicolasg96","formatid":"gen9nationaldexubers","rating":1333,"private":0,"password":""}