{"id":"gen9nationaldexubers-1998260132","p1":"Hemachandra kings","p2":"hoenn militian","format":"[Gen 9] National Dex Ubers","log":"|j|\u2606Hemachandra kings\n|j|\u2606hoenn militian\n|t:|1700921285\n|gametype|singles\n|player|p1|Hemachandra kings|hilbert-wonderlauncher|1297\n|player|p2|hoenn militian|169|1445\n|teamsize|p1|6\n|teamsize|p2|6\n|gen|9\n|tier|[Gen 9] National Dex Ubers\n|rated|\n|rule|HP Percentage Mod: HP is shown in percentages\n|rule|Endless Battle Clause: Forcing endless battles is banned\n|rule|OHKO Clause: OHKO moves are banned\n|rule|Evasion Moves Clause: Evasion moves are banned\n|rule|Evasion Items Clause: Evasion items are banned\n|rule|Species Clause: Limit one of each Pok\u00e9mon\n|rule|Sleep Clause Mod: Limit one foe put to sleep\n|rule|Mega Rayquaza Clause: You cannot mega evolve Rayquaza\n|clearpoke\n|poke|p1|Basculegion, M|\n|poke|p1|Dragapult, M|\n|poke|p1|Kingambit, M|\n|poke|p1|Dracovish|\n|poke|p1|Hippopotas, L1, M|\n|poke|p1|Xerneas-*|\n|poke|p2|Groudon|\n|poke|p2|Grimmsnarl, M|\n|poke|p2|Skeledirge, M|\n|poke|p2|Moltres|\n|poke|p2|Blissey, F|\n|poke|p2|Calyrex-Ice|\n|teampreview\n|inactive|Battle timer is ON: inactive players will automatically lose when time's up. (requested by Hemachandra kings)\n|\n|t:|1700921312\n|start\n|switch|p1a: Xerneas|Xerneas|100\/100\n|switch|p2a: Grimmsnarl|Grimmsnarl, M|100\/100\n|-ability|p1a: Xerneas|Fairy Aura\n|turn|1\n|\n|t:|1700921323\n|switch|p1a: Kingambit|Kingambit, M|100\/100\n|move|p2a: Grimmsnarl|Parting Shot|p1a: Kingambit\n|-hint|Since gen 7, Dark is immune to Prankster moves.\n|-immune|p1a: Kingambit\n|\n|upkeep\n|turn|2\n|\n|t:|1700921331\n|switch|p2a: Moltres|Moltres|100\/100\n|move|p1a: Kingambit|Swords Dance|p1a: Kingambit\n|-boost|p1a: Kingambit|atk|2\n|\n|upkeep\n|turn|3\n|\n|t:|1700921338\n|-end|p1a: Kingambit|fallenundefined|[silent]\n|switch|p1a: Hippopotas|Hippopotas, L1, M|100\/100\n|-weather|Sandstorm|[from] ability: Sand Stream|[of] p1a: Hippopotas\n|move|p2a: Moltres|Burning Jealousy|p1a: Hippopotas\n|-crit|p1a: Hippopotas\n|-damage|p1a: Hippopotas|0 fnt\n|faint|p1a: Hippopotas\n|\n|-weather|Sandstorm|[upkeep]\n|-damage|p2a: Moltres|94\/100|[from] Sandstorm\n|upkeep\n|\n|t:|1700921344\n|switch|p1a: Dracovish|Dracovish|100\/100\n|turn|4\n|\n|t:|1700921351\n|switch|p2a: Groudon|Groudon|100\/100\n|detailschange|p2a: Groudon|Groudon-Primal\n|-primal|p2a: Groudon|Red Orb\n|-weather|DesolateLand|[from] ability: Desolate Land|[of] p2a: Groudon\n|-terastallize|p1a: Dracovish|Water\n|move|p1a: Dracovish|Outrage|p2a: Groudon\n|-damage|p2a: Groudon|48\/100\n|\n|-weather|DesolateLand|[upkeep]\n|upkeep\n|turn|5\n|\n|t:|1700921362\n|-weather|none\n|switch|p2a: Grimmsnarl|Grimmsnarl, M|100\/100\n|move|p1a: Dracovish|Outrage|p2a: Grimmsnarl|[from]lockedmove\n|-immune|p2a: Grimmsnarl\n|\n|upkeep\n|turn|6\n|\n|t:|1700921375\n|switch|p1a: Kingambit|Kingambit, M|100\/100\n|-activate|p1a: Kingambit|ability: Supreme Overlord\n|-start|p1a: Kingambit|fallen1|[silent]\n|move|p2a: Grimmsnarl|Spirit Break|p1a: Kingambit\n|-damage|p1a: Kingambit|76\/100\n|-unboost|p1a: Kingambit|spa|1\n|\n|upkeep\n|turn|7\n|\n|t:|1700921386\n|switch|p2a: Skeledirge|Skeledirge, M|100\/100\n|move|p1a: Kingambit|Kowtow Cleave|p2a: Skeledirge\n|-supereffective|p2a: Skeledirge\n|-damage|p2a: Skeledirge|36\/100\n|\n|upkeep\n|turn|8\n|\n|t:|1700921394\n|move|p2a: Skeledirge|Will-O-Wisp|p1a: Kingambit\n|-status|p1a: Kingambit|brn\n|move|p1a: Kingambit|Kowtow Cleave|p2a: Skeledirge\n|-supereffective|p2a: Skeledirge\n|-damage|p2a: Skeledirge|1\/100\n|\n|-damage|p1a: Kingambit|70\/100 brn|[from] brn\n|upkeep\n|turn|9\n|\n|t:|1700921408\n|move|p2a: Skeledirge|Slack Off|p2a: Skeledirge\n|-heal|p2a: Skeledirge|51\/100\n|move|p1a: Kingambit|Kowtow Cleave|p2a: Skeledirge\n|-supereffective|p2a: Skeledirge\n|-damage|p2a: Skeledirge|19\/100\n|\n|-damage|p1a: Kingambit|64\/100 brn|[from] brn\n|upkeep\n|turn|10\n|\n|t:|1700921416\n|move|p2a: Skeledirge|Slack Off|p2a: Skeledirge\n|-heal|p2a: Skeledirge|69\/100\n|move|p1a: Kingambit|Kowtow Cleave|p2a: Skeledirge\n|-supereffective|p2a: Skeledirge\n|-damage|p2a: Skeledirge|35\/100\n|\n|-damage|p1a: Kingambit|58\/100 brn|[from] brn\n|upkeep\n|turn|11\n|\n|t:|1700921425\n|-end|p1a: Kingambit|fallen1|[silent]\n|switch|p1a: Dracovish|Dracovish, tera:Water|100\/100\n|move|p2a: Skeledirge|Slack Off|p2a: Skeledirge\n|-heal|p2a: Skeledirge|85\/100\n|\n|upkeep\n|turn|12\n|\n|t:|1700921432\n|switch|p2a: Calyrex|Calyrex-Ice|100\/100\n|-ability|p2a: Calyrex|As One\n|-ability|p2a: Calyrex|Unnerve\n|move|p1a: Dracovish|Fishious Rend|p2a: Calyrex\n|-damage|p2a: Calyrex|17\/100\n|\n|upkeep\n|turn|13\n|\n|t:|1700921443\n|switch|p1a: Xerneas|Xerneas|100\/100\n|-ability|p1a: Xerneas|Fairy Aura\n|switch|p2a: Groudon|Groudon-Primal|48\/100\n|-weather|DesolateLand|[from] ability: Desolate Land|[of] p2a: Groudon\n|\n|-weather|DesolateLand|[upkeep]\n|upkeep\n|turn|14\n|\n|t:|1700921454\n|-zpower|p1a: Xerneas\n|move|p1a: Xerneas|Z-Geomancy||[anim]Geomancy|[still]\n|-boost|p1a: Xerneas|atk|1|[zeffect]\n|-boost|p1a: Xerneas|def|1|[zeffect]\n|-boost|p1a: Xerneas|spa|1|[zeffect]\n|-boost|p1a: Xerneas|spd|1|[zeffect]\n|-boost|p1a: Xerneas|spe|1|[zeffect]\n|-prepare|p1a: Xerneas|Geomancy\n|move|p2a: Groudon|Roar|p1a: Xerneas\n|drag|p1a: Dragapult|Dragapult, M|100\/100\n|\n|-weather|DesolateLand|[upkeep]\n|upkeep\n|turn|15\n|l|\u2606Hemachandra kings\n|inactive|Hemachandra kings disconnected and has a minute to reconnect!\n|player|p1|\n|inactive|Hemachandra kings has 30 seconds to reconnect!\n|inactive|Hemachandra kings has 20 seconds to reconnect!\n|j|\u2606Hemachandra kings\n|inactive|Hemachandra kings reconnected and has 100 seconds left.\n|player|p1|Hemachandra kings|hilbert-wonderlauncher\n|\n|t:|1700921510\n|-weather|none\n|switch|p2a: Grimmsnarl|Grimmsnarl, M|100\/100\n|move|p1a: Dragapult|Dragon Darts|p2a: Grimmsnarl\n|-immune|p2a: Grimmsnarl\n|\n|upkeep\n|turn|16\n|\n|t:|1700921519\n|switch|p1a: Kingambit|Kingambit, M|58\/100 brn\n|-activate|p1a: Kingambit|ability: Supreme Overlord\n|-start|p1a: Kingambit|fallen1|[silent]\n|move|p2a: Grimmsnarl|Spirit Break|p1a: Kingambit\n|-damage|p1a: Kingambit|34\/100 brn\n|-unboost|p1a: Kingambit|spa|1\n|\n|-damage|p1a: Kingambit|28\/100 brn|[from] brn\n|upkeep\n|turn|17\n|\n|t:|1700921530\n|switch|p2a: Moltres|Moltres|94\/100\n|move|p1a: Kingambit|Iron Head|p2a: Moltres\n|-resisted|p2a: Moltres\n|-damage|p2a: Moltres|85\/100\n|\n|-damage|p1a: Kingambit|22\/100 brn|[from] brn\n|upkeep\n|turn|18\n|\n|t:|1700921540\n|-end|p1a: Kingambit|fallen1|[silent]\n|switch|p1a: Dracovish|Dracovish, tera:Water|100\/100\n|move|p2a: Moltres|Burning Jealousy|p1a: Dracovish\n|-resisted|p1a: Dracovish\n|-damage|p1a: Dracovish|81\/100\n|\n|upkeep\n|turn|19\n|inactive|Hemachandra kings has 120 seconds left.\n|\n|t:|1700921547\n|move|p1a: Dracovish|Outrage|p2a: Moltres\n|-damage|p2a: Moltres|30\/100\n|-status|p1a: Dracovish|brn|[from] ability: Flame Body|[of] p2a: Moltres\n|move|p2a: Moltres|U-turn|p1a: Dracovish\n|-damage|p1a: Dracovish|66\/100 brn\n|\n|t:|1700921554\n|switch|p2a: Grimmsnarl|Grimmsnarl, M|100\/100|[from] U-turn\n|\n|-damage|p1a: Dracovish|60\/100 brn|[from] brn\n|upkeep\n|turn|20\n|inactive|Hemachandra kings has 120 seconds left.\n|inactive|Hemachandra kings has 90 seconds left.\n|inactive|Hemachandra kings has 60 seconds left.\n|inactive|Hemachandra kings has 30 seconds left.\n|inactive|Hemachandra kings has 20 seconds left.\n|inactive|Hemachandra kings has 15 seconds left.\n|inactive|Hemachandra kings has 10 seconds left.\n|inactive|Hemachandra kings has 5 seconds left.\n|-message|Hemachandra kings lost due to inactivity.\n|\n|win|hoenn militian\n|raw|Hemachandra kings's rating: 1297 &rarr; <strong>1282<\/strong><br \/>(-15 for losing)\n|raw|hoenn militian's rating: 1445 &rarr; <strong>1457<\/strong><br \/>(+12 for winning)\n","uploadtime":1700921695,"views":0,"p1id":"hemachandrakings","p2id":"hoennmilitian","formatid":"gen9nationaldexubers","rating":1282,"private":0,"password":""}