{"id":"gen9nationaldexubers-1978279442","p1":"Justznic","p2":"85792195wwww","format":"[Gen 9] National Dex Ubers","log":"|j|\u2606Justznic\n|j|\u260685792195wwww\n|t:|1698520262\n|gametype|singles\n|player|p1|Justznic|266|1666\n|player|p2|85792195wwww|lady|1822\n|teamsize|p1|6\n|teamsize|p2|6\n|gen|9\n|tier|[Gen 9] National Dex Ubers\n|rated|\n|rule|HP Percentage Mod: HP is shown in percentages\n|rule|Endless Battle Clause: Forcing endless battles is banned\n|rule|OHKO Clause: OHKO moves are banned\n|rule|Evasion Moves Clause: Evasion moves are banned\n|rule|Evasion Items Clause: Evasion items are banned\n|rule|Species Clause: Limit one of each Pok\u00e9mon\n|rule|Sleep Clause Mod: Limit one foe put to sleep\n|rule|Mega Rayquaza Clause: You cannot mega evolve Rayquaza\n|clearpoke\n|poke|p1|Orthworm, M|\n|poke|p1|Kyurem-Black|\n|poke|p1|Ditto|\n|poke|p1|Mew|\n|poke|p1|Mewtwo|\n|poke|p1|Klefki, M|\n|poke|p2|Zacian-*|\n|poke|p2|Kyogre|\n|poke|p2|Xerneas-*|\n|poke|p2|Krookodile, M|\n|poke|p2|Groudon|\n|poke|p2|Arceus|\n|teampreview\n|inactive|Battle timer is ON: inactive players will automatically lose when time's up. (requested by Justznic)\n|\n|t:|1698520272\n|start\n|switch|p1a: Kyurem|Kyurem-Black|100\/100\n|switch|p2a: Krookodile|Krookodile, M|100\/100\n|-ability|p1a: Kyurem|Teravolt\n|-ability|p2a: Krookodile|Intimidate|boost\n|-unboost|p1a: Kyurem|atk|1\n|turn|1\n|\n|t:|1698520281\n|switch|p2a: Zacian|Zacian-Crowned|100\/100\n|-ability|p2a: Zacian|Intrepid Sword|boost\n|-boost|p2a: Zacian|atk|1\n|move|p1a: Kyurem|Icicle Spear|p2a: Zacian\n|-resisted|p2a: Zacian\n|-damage|p2a: Zacian|95\/100\n|-resisted|p2a: Zacian\n|-damage|p2a: Zacian|90\/100\n|-resisted|p2a: Zacian\n|-damage|p2a: Zacian|85\/100\n|-resisted|p2a: Zacian\n|-damage|p2a: Zacian|80\/100\n|-hitcount|p2a: Zacian|4\n|\n|upkeep\n|turn|2\n|\n|t:|1698520296\n|switch|p2a: Kyogre|Kyogre|100\/100\n|detailschange|p2a: Kyogre|Kyogre-Primal\n|-primal|p2a: Kyogre|Blue Orb\n|-weather|PrimordialSea|[from] ability: Primordial Sea|[of] p2a: Kyogre\n|move|p1a: Kyurem|Fusion Bolt|p2a: Kyogre\n|-supereffective|p2a: Kyogre\n|-damage|p2a: Kyogre|46\/100\n|\n|-weather|PrimordialSea|[upkeep]\n|upkeep\n|turn|3\n|\n|t:|1698520307\n|-weather|none\n|switch|p2a: Krookodile|Krookodile, M|100\/100\n|-ability|p2a: Krookodile|Intimidate|boost\n|-unboost|p1a: Kyurem|atk|1\n|move|p1a: Kyurem|Dragon Dance|p1a: Kyurem\n|-boost|p1a: Kyurem|atk|1\n|-boost|p1a: Kyurem|spe|1\n|\n|upkeep\n|turn|4\n|\n|t:|1698520316\n|move|p1a: Kyurem|Dragon Dance|p1a: Kyurem\n|-boost|p1a: Kyurem|atk|1\n|-boost|p1a: Kyurem|spe|1\n|move|p2a: Krookodile|Stealth Rock|p1a: Kyurem\n|-sidestart|p1: Justznic|move: Stealth Rock\n|\n|upkeep\n|turn|5\n|\n|t:|1698520323\n|switch|p2a: Zacian|Zacian-Crowned|80\/100\n|move|p1a: Kyurem|Dragon Dance|p1a: Kyurem\n|-boost|p1a: Kyurem|atk|1\n|-boost|p1a: Kyurem|spe|1\n|\n|upkeep\n|turn|6\n|j| Toon_13\n|\n|t:|1698520330\n|switch|p2a: Krookodile|Krookodile, M|100\/100\n|-ability|p2a: Krookodile|Intimidate|boost\n|-unboost|p1a: Kyurem|atk|1\n|move|p1a: Kyurem|Fusion Bolt|p2a: Krookodile\n|-immune|p2a: Krookodile\n|\n|upkeep\n|turn|7\n|\n|t:|1698520339\n|move|p1a: Kyurem|Dragon Dance|p1a: Kyurem\n|-boost|p1a: Kyurem|atk|1\n|-boost|p1a: Kyurem|spe|1\n|move|p2a: Krookodile|Knock Off|p1a: Kyurem\n|-damage|p1a: Kyurem|60\/100\n|-enditem|p1a: Kyurem|Loaded Dice|[from] move: Knock Off|[of] p2a: Krookodile\n|\n|upkeep\n|turn|8\n|\n|t:|1698520347\n|switch|p2a: Zacian|Zacian-Crowned|80\/100\n|move|p1a: Kyurem|Icicle Spear|p2a: Zacian\n|-resisted|p2a: Zacian\n|-damage|p2a: Zacian|68\/100\n|-resisted|p2a: Zacian\n|-damage|p2a: Zacian|57\/100\n|-resisted|p2a: Zacian\n|-damage|p2a: Zacian|45\/100\n|-hitcount|p2a: Zacian|3\n|\n|upkeep\n|turn|9\n|\n|t:|1698520357\n|switch|p2a: Krookodile|Krookodile, M|100\/100\n|-ability|p2a: Krookodile|Intimidate|boost\n|-unboost|p1a: Kyurem|atk|1\n|move|p1a: Kyurem|Icicle Spear|p2a: Krookodile\n|-supereffective|p2a: Krookodile\n|-damage|p2a: Krookodile|62\/100\n|-supereffective|p2a: Krookodile\n|-damage|p2a: Krookodile|26\/100\n|-supereffective|p2a: Krookodile\n|-damage|p2a: Krookodile|0 fnt\n|faint|p2a: Krookodile\n|-hitcount|p2: Krookodile|3\n|\n|upkeep\n|inactive|85792195wwww has 120 seconds left.\n|\n|t:|1698520388\n|switch|p2a: Groudon|Groudon|100\/100\n|detailschange|p2a: Groudon|Groudon-Primal\n|-primal|p2a: Groudon|Red Orb\n|-weather|DesolateLand|[from] ability: Desolate Land|[of] p2a: Groudon\n|turn|10\n|\n|t:|1698520394\n|move|p1a: Kyurem|Icicle Spear|p2a: Groudon\n|-damage|p2a: Groudon|91\/100\n|-crit|p2a: Groudon\n|-damage|p2a: Groudon|78\/100\n|-damage|p2a: Groudon|68\/100\n|-damage|p2a: Groudon|58\/100\n|-hitcount|p2a: Groudon|4\n|move|p2a: Groudon|Heat Crash|p1a: Kyurem\n|-damage|p1a: Kyurem|0 fnt\n|faint|p1a: Kyurem\n|\n|-weather|DesolateLand|[upkeep]\n|upkeep\n|\n|t:|1698520402\n|switch|p1a: Ditto|Ditto|100\/100\n|-damage|p1a: Ditto|88\/100|[from] Stealth Rock\n|-transform|p1a: Ditto|p2a: Groudon|[from] ability: Imposter\n|turn|11\n|\n|t:|1698520411\n|switch|p2a: Zacian|Zacian-Crowned|45\/100\n|move|p1a: Ditto|Precipice Blades|p2a: Zacian\n|-supereffective|p2a: Zacian\n|-damage|p2a: Zacian|0 fnt\n|faint|p2a: Zacian\n|\n|-weather|DesolateLand|[upkeep]\n|upkeep\n|\n|t:|1698520424\n|switch|p2a: Arceus|Arceus|100\/100\n|turn|12\n|\n|t:|1698520430\n|-weather|none\n|switch|p1a: Klefki|Klefki, M|100\/100\n|-damage|p1a: Klefki|95\/100|[from] Stealth Rock\n|move|p2a: Arceus|Earthquake|p1a: Klefki\n|-supereffective|p1a: Klefki\n|-damage|p1a: Klefki|0 fnt\n|faint|p1a: Klefki\n|-damage|p2a: Arceus|91\/100|[from] item: Life Orb\n|\n|upkeep\n|\n|t:|1698520435\n|switch|p1a: Orthworm|Orthworm, M|100\/100\n|-damage|p1a: Orthworm|94\/100|[from] Stealth Rock\n|turn|13\n|\n|t:|1698520445\n|move|p2a: Arceus|Taunt|p1a: Orthworm\n|-start|p1a: Orthworm|move: Taunt\n|cant|p1a: Orthworm|move: Taunt|Shed Tail\n|\n|upkeep\n|turn|14\n|\n|t:|1698520451\n|switch|p2a: Kyogre|Kyogre-Primal|46\/100\n|-weather|PrimordialSea|[from] ability: Primordial Sea|[of] p2a: Kyogre\n|move|p1a: Orthworm|Body Press|p2a: Kyogre\n|-damage|p2a: Kyogre|16\/100\n|\n|-weather|PrimordialSea|[upkeep]\n|upkeep\n|turn|15\n|\n|t:|1698520460\n|switch|p1a: Ditto|Ditto|88\/100\n|-damage|p1a: Ditto|76\/100|[from] Stealth Rock\n|-transform|p1a: Ditto|p2a: Kyogre|[from] ability: Imposter\n|move|p2a: Kyogre|Scald|p1a: Ditto\n|-resisted|p1a: Ditto\n|-damage|p1a: Ditto|40\/100\n|\n|-weather|PrimordialSea|[upkeep]\n|upkeep\n|turn|16\n|\n|t:|1698520471\n|switch|p2a: Groudon|Groudon-Primal|58\/100\n|-weather|DesolateLand|[from] ability: Desolate Land|[of] p2a: Groudon\n|move|p1a: Ditto|Ice Beam|p2a: Groudon\n|-damage|p2a: Groudon|17\/100\n|\n|-weather|DesolateLand|[upkeep]\n|upkeep\n|turn|17\n|\n|t:|1698520481\n|move|p1a: Ditto|Ice Beam|p2a: Groudon\n|-damage|p2a: Groudon|0 fnt\n|faint|p2a: Groudon\n|-weather|none\n|\n|upkeep\n|\n|t:|1698520497\n|switch|p2a: Xerneas|Xerneas|100\/100\n|-ability|p2a: Xerneas|Fairy Aura\n|turn|18\n|\n|t:|1698520502\n|move|p1a: Ditto|Ice Beam|p2a: Xerneas\n|-damage|p2a: Xerneas|62\/100\n|move|p2a: Xerneas|Moonblast|p1a: Ditto\n|-damage|p1a: Ditto|0 fnt\n|faint|p1a: Ditto\n|\n|upkeep\n|\n|t:|1698520507\n|switch|p1a: Mewtwo|Mewtwo|100\/100\n|-damage|p1a: Mewtwo|88\/100|[from] Stealth Rock\n|-ability|p1a: Mewtwo|Pressure\n|turn|19\n|\n|t:|1698520514\n|detailschange|p1a: Mewtwo|Mewtwo-Mega-Y\n|-mega|p1a: Mewtwo|Mewtwo|Mewtwonite Y\n|move|p1a: Mewtwo|Psystrike|p2a: Xerneas\n|-damage|p2a: Xerneas|15\/100\n|move|p2a: Xerneas|Geomancy||[still]\n|-prepare|p2a: Xerneas|Geomancy\n|-enditem|p2a: Xerneas|Power Herb\n|-anim|p2a: Xerneas|Geomancy|p2a: Xerneas\n|-boost|p2a: Xerneas|spa|2\n|-boost|p2a: Xerneas|spd|2\n|-boost|p2a: Xerneas|spe|2\n|\n|upkeep\n|turn|20\n|\n|t:|1698520525\n|move|p2a: Xerneas|Moonblast|p1a: Mewtwo\n|-damage|p1a: Mewtwo|0 fnt\n|faint|p1a: Mewtwo\n|\n|upkeep\n|\n|t:|1698520527\n|switch|p1a: Mew|Mew|100\/100\n|-damage|p1a: Mew|88\/100|[from] Stealth Rock\n|turn|21\n|\n|t:|1698520534\n|move|p2a: Xerneas|Moonblast|p1a: Mew\n|-damage|p1a: Mew|0 fnt\n|faint|p1a: Mew\n|\n|upkeep\n|l|\u2606Justznic\n|inactive|Justznic disconnected and has a minute to reconnect!\n|player|p1|\n|inactive|Justznic has 30 seconds to reconnect!\n|inactive|Justznic has 20 seconds to reconnect!\n|inactive|Justznic has 15 seconds to reconnect!\n|inactive|Justznic has 10 seconds to reconnect!\n|inactive|Justznic has 5 seconds to reconnect!\n|-message|Justznic lost due to inactivity.\n|\n|win|85792195wwww\n|raw|Justznic's rating: 1666 &rarr; <strong>1654<\/strong><br \/>(-12 for losing)\n|raw|85792195wwww's rating: 1822 &rarr; <strong>1834<\/strong><br \/>(+12 for winning)\n","uploadtime":1698520605,"views":6,"p1id":"justznic","p2id":"85792195wwww","formatid":"gen9nationaldexubers","rating":1654,"private":0,"password":""}