{"id":"gen9nationaldexubers-1987386235","p1":"tbor2002","p2":"Jam20Jam","format":"[Gen 9] National Dex Ubers","log":"|j|\u2606tbor2002\n|j|\u2606Jam20Jam\n|t:|1699584744\n|gametype|singles\n|player|p1|tbor2002|wattson|\n|player|p2|Jam20Jam|carmine|\n|teamsize|p1|6\n|teamsize|p2|6\n|gen|9\n|tier|[Gen 9] National Dex Ubers\n|rule|HP Percentage Mod: HP is shown in percentages\n|rule|Endless Battle Clause: Forcing endless battles is banned\n|rule|OHKO Clause: OHKO moves are banned\n|rule|Evasion Moves Clause: Evasion moves are banned\n|rule|Evasion Items Clause: Evasion items are banned\n|rule|Species Clause: Limit one of each Pok\u00e9mon\n|rule|Sleep Clause Mod: Limit one foe put to sleep\n|rule|Mega Rayquaza Clause: You cannot mega evolve Rayquaza\n|clearpoke\n|poke|p1|Walking Wake|\n|poke|p1|Muk-Alola, M|\n|poke|p1|Jolteon, F|\n|poke|p1|Toxicroak, M|\n|poke|p1|Crabominable, M|\n|poke|p1|Glimmet, M|\n|poke|p2|Amoonguss, F|\n|poke|p2|Skeledirge, F|\n|poke|p2|Cetitan, F|\n|poke|p2|Grimer-Alola, F|\n|poke|p2|Coalossal, M|\n|poke|p2|Veluza, F|\n|teampreview\n|\n|t:|1699584776\n|start\n|switch|p1a: Toxicroak|Toxicroak, M|100\/100\n|switch|p2a: Skeledirge|Skeledirge, F|100\/100\n|turn|1\n|\n|t:|1699584790\n|switch|p1a: Walking Wake|Walking Wake|100\/100\n|move|p2a: Skeledirge|Torch Song|p1a: Walking Wake\n|-resisted|p1a: Walking Wake\n|-damage|p1a: Walking Wake|89\/100\n|-boost|p2a: Skeledirge|spa|1\n|\n|upkeep\n|turn|2\n|\n|t:|1699584833\n|switch|p2a: Amoonguss|Amoonguss, F|100\/100\n|move|p1a: Walking Wake|Hydro Steam|p2a: Amoonguss\n|-resisted|p2a: Amoonguss\n|-damage|p2a: Amoonguss|80\/100\n|\n|-heal|p2a: Amoonguss|86\/100|[from] item: Leftovers\n|upkeep\n|turn|3\n|\n|t:|1699584848\n|-end|p1a: Walking Wake|Protosynthesis|[silent]\n|switch|p1a: Glimmet|Glimmet, M|100\/100\n|move|p2a: Amoonguss|Spore|p1a: Glimmet\n|-status|p1a: Glimmet|slp|[from] move: Spore\n|\n|-heal|p2a: Amoonguss|92\/100|[from] item: Leftovers\n|upkeep\n|turn|4\n|\n|t:|1699584861\n|switch|p1a: Toxicroak|Toxicroak, M|100\/100\n|switch|p2a: Veluza|Veluza, F|100\/100\n|-ability|p2a: Veluza|Mold Breaker\n|\n|upkeep\n|turn|5\n|\n|t:|1699584872\n|-terastallize|p1a: Toxicroak|Dark\n|move|p1a: Toxicroak|Sucker Punch||[still]\n|-fail|p1a: Toxicroak\n|move|p2a: Veluza|Snowscape|p2a: Veluza\n|-weather|Snow\n|\n|-weather|Snow|[upkeep]\n|upkeep\n|turn|6\n|\n|t:|1699584887\n|move|p1a: Toxicroak|Sucker Punch|p2a: Veluza\n|-supereffective|p2a: Veluza\n|-damage|p2a: Veluza|9\/100\n|-damage|p1a: Toxicroak|91\/100|[from] item: Life Orb\n|move|p2a: Veluza|Flip Turn|p1a: Toxicroak\n|-damage|p1a: Toxicroak|55\/100\n|\n|t:|1699584894\n|switch|p2a: Cetitan|Cetitan, F|100\/100|[from] Flip Turn\n|\n|-weather|Snow|[upkeep]\n|upkeep\n|turn|7\n|\n|t:|1699584917\n|-terastallize|p2a: Cetitan|Ice\n|move|p1a: Toxicroak|Drain Punch|p2a: Cetitan\n|-supereffective|p2a: Cetitan\n|-damage|p2a: Cetitan|42\/100\n|-heal|p1a: Toxicroak|100\/100|[from] drain|[of] p2a: Cetitan\n|-enditem|p2a: Cetitan|Sitrus Berry|[eat]\n|-heal|p2a: Cetitan|67\/100|[from] item: Sitrus Berry\n|-damage|p1a: Toxicroak|91\/100|[from] item: Life Orb\n|move|p2a: Cetitan|Avalanche|p1a: Toxicroak\n|-damage|p1a: Toxicroak|0 fnt\n|faint|p1a: Toxicroak\n|\n|-weather|Snow|[upkeep]\n|upkeep\n|\n|t:|1699584948\n|switch|p1a: Crabominable|Crabominable, M|100\/100\n|turn|8\n|\n|t:|1699584970\n|switch|p2a: Amoonguss|Amoonguss, F|100\/100\n|move|p1a: Crabominable|Drain Punch|p2a: Amoonguss\n|-resisted|p2a: Amoonguss\n|-damage|p2a: Amoonguss|74\/100\n|\n|-weather|Snow|[upkeep]\n|-heal|p2a: Amoonguss|80\/100|[from] item: Leftovers\n|upkeep\n|turn|9\n|\n|t:|1699584984\n|move|p1a: Crabominable|Ice Hammer|p2a: Amoonguss\n|-supereffective|p2a: Amoonguss\n|-damage|p2a: Amoonguss|0 fnt\n|-unboost|p1a: Crabominable|spe|1\n|faint|p2a: Amoonguss\n|\n|-weather|Snow|[upkeep]\n|upkeep\n|\n|t:|1699584991\n|switch|p2a: Skeledirge|Skeledirge, F|100\/100\n|turn|10\n|\n|t:|1699584996\n|switch|p1a: Walking Wake|Walking Wake|89\/100\n|move|p2a: Skeledirge|Torch Song|p1a: Walking Wake\n|-resisted|p1a: Walking Wake\n|-damage|p1a: Walking Wake|77\/100\n|-boost|p2a: Skeledirge|spa|1\n|\n|-weather|Snow|[upkeep]\n|upkeep\n|turn|11\n|\n|t:|1699585015\n|switch|p2a: Grimer|Grimer-Alola, F|100\/100\n|move|p1a: Walking Wake|Dragon Pulse|p2a: Grimer\n|-damage|p2a: Grimer|25\/100\n|\n|-weather|Snow|[upkeep]\n|upkeep\n|turn|12\n|\n|t:|1699585023\n|move|p1a: Walking Wake|Dragon Pulse|p2a: Grimer\n|-damage|p2a: Grimer|0 fnt\n|faint|p2a: Grimer\n|\n|-weather|none\n|upkeep\n|\n|t:|1699585038\n|switch|p2a: Coalossal|Coalossal, M|100\/100\n|turn|13\n|\n|t:|1699585052\n|-end|p1a: Walking Wake|Protosynthesis|[silent]\n|switch|p1a: Glimmet|Glimmet, M|100\/100 slp\n|move|p2a: Coalossal|Power Gem|p1a: Glimmet\n|-damage|p1a: Glimmet|21\/100 slp\n|-damage|p2a: Coalossal|91\/100|[from] item: Life Orb\n|\n|upkeep\n|turn|14\n|\n|t:|1699585060\n|switch|p2a: Veluza|Veluza, F|9\/100\n|-ability|p2a: Veluza|Mold Breaker\n|cant|p1a: Glimmet|slp\n|\n|upkeep\n|turn|15\n|\n|t:|1699585066\n|move|p2a: Veluza|Snowscape|p2a: Veluza\n|-weather|Snow\n|cant|p1a: Glimmet|slp\n|\n|-weather|Snow|[upkeep]\n|upkeep\n|turn|16\n|\n|t:|1699585071\n|switch|p2a: Cetitan|Cetitan, F, tera:Ice|67\/100\n|cant|p1a: Glimmet|slp\n|\n|-weather|Snow|[upkeep]\n|upkeep\n|turn|17\n|\n|t:|1699585078\n|move|p2a: Cetitan|Belly Drum|p2a: Cetitan\n|-damage|p2a: Cetitan|17\/100\n|-setboost|p2a: Cetitan|atk|6|[from] move: Belly Drum\n|-curestatus|p1a: Glimmet|slp|[msg]\n|move|p1a: Glimmet|Stealth Rock|p2a: Cetitan\n|-sidestart|p2: Jam20Jam|move: Stealth Rock\n|\n|-weather|Snow|[upkeep]\n|upkeep\n|turn|18\n|\n|t:|1699585111\n|move|p2a: Cetitan|Earthquake|p1a: Glimmet\n|-supereffective|p1a: Glimmet\n|-damage|p1a: Glimmet|0 fnt\n|-activate|p1a: Glimmet|ability: Toxic Debris\n|-sidestart|p2: Jam20Jam|move: Toxic Spikes\n|faint|p1a: Glimmet\n|\n|-weather|Snow|[upkeep]\n|upkeep\n|\n|t:|1699585125\n|switch|p1a: Jolteon|Jolteon, F|100\/100\n|turn|19\n|\n|t:|1699585131\n|move|p2a: Cetitan|Earthquake|p1a: Jolteon\n|-supereffective|p1a: Jolteon\n|-damage|p1a: Jolteon|0 fnt\n|faint|p1a: Jolteon\n|\n|-weather|Snow|[upkeep]\n|upkeep\n|\n|t:|1699585143\n|switch|p1a: Walking Wake|Walking Wake|77\/100\n|turn|20\n|\n|t:|1699585163\n|move|p1a: Walking Wake|Flamethrower|p2a: Cetitan\n|-supereffective|p2a: Cetitan\n|-damage|p2a: Cetitan|0 fnt\n|faint|p2a: Cetitan\n|\n|-weather|Snow|[upkeep]\n|upkeep\n|\n|t:|1699585181\n|switch|p2a: Veluza|Veluza, F|9\/100\n|-damage|p2a: Veluza|0 fnt|[from] Stealth Rock\n|faint|p2a: Veluza\n|\n|t:|1699585186\n|switch|p2a: Skeledirge|Skeledirge, F|100\/100\n|-damage|p2a: Skeledirge|76\/100|[from] Stealth Rock\n|-status|p2a: Skeledirge|psn\n|turn|21\n|\n|t:|1699585201\n|-end|p1a: Walking Wake|Protosynthesis|[silent]\n|switch|p1a: Muk|Muk-Alola, M|100\/100\n|move|p2a: Skeledirge|Disarming Voice|p1a: Muk\n|-damage|p1a: Muk|93\/100\n|\n|-weather|Snow|[upkeep]\n|-damage|p2a: Skeledirge|63\/100 psn|[from] psn\n|upkeep\n|turn|22\n|\n|t:|1699585212\n|move|p2a: Skeledirge|Torch Song|p1a: Muk\n|-damage|p1a: Muk|70\/100\n|-boost|p2a: Skeledirge|spa|1\n|move|p1a: Muk|Knock Off|p2a: Skeledirge\n|-supereffective|p2a: Skeledirge\n|-damage|p2a: Skeledirge|0 fnt\n|-enditem|p2a: Skeledirge|Assault Vest|[from] move: Knock Off|[of] p1a: Muk\n|faint|p2a: Skeledirge\n|\n|-weather|none\n|upkeep\n|\n|t:|1699585221\n|switch|p2a: Coalossal|Coalossal, M|91\/100\n|-damage|p2a: Coalossal|66\/100|[from] Stealth Rock\n|-status|p2a: Coalossal|psn\n|turn|23\n|\n|t:|1699585228\n|move|p2a: Coalossal|Earth Power|p1a: Muk\n|-supereffective|p1a: Muk\n|-damage|p1a: Muk|37\/100\n|-damage|p2a: Coalossal|56\/100 psn|[from] item: Life Orb\n|move|p1a: Muk|Brick Break|p2a: Coalossal\n|-supereffective|p2a: Coalossal\n|-damage|p2a: Coalossal|23\/100 psn\n|\n|-damage|p2a: Coalossal|10\/100 psn|[from] psn\n|upkeep\n|turn|24\n|\n|t:|1699585237\n|move|p2a: Coalossal|Earth Power|p1a: Muk\n|-supereffective|p1a: Muk\n|-damage|p1a: Muk|6\/100\n|-damage|p2a: Coalossal|0 fnt|[from] item: Life Orb\n|faint|p2a: Coalossal\n|\n|win|tbor2002\n","uploadtime":1699585245,"views":13,"p1id":"tbor2002","p2id":"jam20jam","formatid":"gen9nationaldexubers","rating":0,"private":0,"password":""}