{"id":"gen9nationaldexubers-2000446277","p1":"Tiny Rhino","p2":"emmaloubibbityboo","format":"[Gen 9] National Dex Ubers","log":"|j|\u2606Tiny Rhino\n|j|\u2606emmaloubibbityboo\n|t:|1701195510\n|gametype|singles\n|player|p1|Tiny Rhino|265|\n|player|p2|emmaloubibbityboo|hilda|\n|teamsize|p1|4\n|teamsize|p2|4\n|gen|9\n|tier|[Gen 9] National Dex Ubers\n|rule|HP Percentage Mod: HP is shown in percentages\n|rule|Endless Battle Clause: Forcing endless battles is banned\n|rule|OHKO Clause: OHKO moves are banned\n|rule|Evasion Moves Clause: Evasion moves are banned\n|rule|Evasion Items Clause: Evasion items are banned\n|rule|Species Clause: Limit one of each Pok\u00e9mon\n|rule|Sleep Clause Mod: Limit one foe put to sleep\n|rule|Mega Rayquaza Clause: You cannot mega evolve Rayquaza\n|clearpoke\n|poke|p1|Stoutland, M|\n|poke|p1|Rattata, L1, F|\n|poke|p1|Cramorant, F|\n|poke|p1|Maractus, F|\n|poke|p2|Absol, M|\n|poke|p2|Steelix, M|\n|poke|p2|Klefki, M|\n|poke|p2|Grafaiai, F|\n|teampreview\n|\n|t:|1701195526\n|start\n|switch|p1a: Fear Me|Rattata, L1, F|100\/100\n|switch|p2a: Group Hug|Absol, M|100\/100\n|turn|1\n|\n|t:|1701195536\n|move|p2a: Group Hug|Punishment|p1a: Fear Me\n|-enditem|p1a: Fear Me|Focus Sash\n|-damage|p1a: Fear Me|10\/100\n|move|p1a: Fear Me|Endeavor|p2a: Group Hug\n|-damage|p2a: Group Hug|1\/100\n|\n|upkeep\n|turn|2\n|\n|t:|1701195547\n|switch|p1a: I'm Trying|Maractus, F|100\/100\n|move|p2a: Group Hug|Sucker Punch||[still]\n|-fail|p2a: Group Hug\n|\n|upkeep\n|turn|3\n|\n|t:|1701195555\n|switch|p2a: AverageMOBA Player|Grafaiai, F|100\/100\n|move|p1a: I'm Trying|Spikes|p2a: AverageMOBA Player\n|-sidestart|p2: emmaloubibbityboo|Spikes\n|\n|upkeep\n|turn|4\n|\n|t:|1701195564\n|switch|p1a: :cram: on sports|Cramorant, F|100\/100\n|move|p2a: AverageMOBA Player|Toxic|p1a: :cram: on sports\n|-status|p1a: :cram: on sports|tox\n|\n|-damage|p1a: :cram: on sports|94\/100 tox|[from] psn\n|upkeep\n|turn|5\n|\n|t:|1701195573\n|-zpower|p2a: AverageMOBA Player\n|move|p2a: AverageMOBA Player|Z-Parting Shot|p1a: :cram: on sports|[anim]Parting Shot\n|-activate|p2a: AverageMOBA Player|healreplacement\n|-unboost|p1a: :cram: on sports|atk|1\n|-unboost|p1a: :cram: on sports|spa|1\n|\n|t:|1701195579\n|switch|p2a: Group Hug|Absol, M|1\/100|[from] Parting Shot\n|-heal|p2a: Group Hug|100\/100|[from] move: Parting Shot|[zeffect]\n|-damage|p2a: Group Hug|88\/100|[from] Spikes\n|move|p1a: :cram: on sports|Surf|p2a: Group Hug\n|-formechange|p1a: :cram: on sports|Cramorant-Gulping|\n|-damage|p2a: Group Hug|40\/100\n|\n|-damage|p1a: :cram: on sports|82\/100 tox|[from] psn\n|upkeep\n|turn|6\n|c|\u2606Tiny Rhino|oh damm\n|\n|t:|1701195599\n|move|p2a: Group Hug|Sucker Punch|p1a: :cram: on sports\n|-damage|p1a: :cram: on sports|25\/100 tox\n|-damage|p2a: Group Hug|16\/100|[from] ability: Gulp Missile|[of] p1a: :cram: on sports\n|-unboost|p2a: Group Hug|def|1\n|-formechange|p1a: :cram: on sports|Cramorant|\n|-enditem|p1a: :cram: on sports|Sitrus Berry|[eat]\n|-heal|p1a: :cram: on sports|50\/100 tox|[from] item: Sitrus Berry\n|move|p1a: :cram: on sports|Surf|p2a: Group Hug\n|-formechange|p1a: :cram: on sports|Cramorant-Gorging|\n|-damage|p2a: Group Hug|0 fnt\n|faint|p2a: Group Hug\n|\n|-damage|p1a: :cram: on sports|31\/100 tox|[from] psn\n|upkeep\n|\n|t:|1701195611\n|switch|p2a: ClearlyLevitates|Klefki, M|100\/100\n|-item|p2a: ClearlyLevitates|Air Balloon\n|turn|7\n|\n|t:|1701195624\n|move|p1a: :cram: on sports|Surf|p2a: ClearlyLevitates\n|-damage|p2a: ClearlyLevitates|69\/100\n|-enditem|p2a: ClearlyLevitates|Air Balloon\n|move|p2a: ClearlyLevitates|Dazzling Gleam|p1a: :cram: on sports\n|-damage|p1a: :cram: on sports|0 fnt\n|-damage|p2a: ClearlyLevitates|45\/100|[from] ability: Gulp Missile|[of] p1a: :cram: on sports\n|-status|p2a: ClearlyLevitates|par\n|-formechange|p1a: :cram: on sports|Cramorant|\n|faint|p1a: :cram: on sports\n|\n|upkeep\n|\n|t:|1701195640\n|switch|p1a: Thcrapth|Stoutland, M|100\/100\n|turn|8\n|\n|t:|1701195646\n|move|p1a: Thcrapth|Stomping Tantrum|p2a: ClearlyLevitates\n|-supereffective|p2a: ClearlyLevitates\n|-damage|p2a: ClearlyLevitates|0 fnt\n|faint|p2a: ClearlyLevitates\n|\n|upkeep\n|\n|t:|1701195651\n|switch|p2a: Severus Snape|Steelix, M, shiny|100\/100\n|-damage|p2a: Severus Snape|88\/100|[from] Spikes\n|turn|9\n|\n|t:|1701195661\n|switch|p1a: I'm Trying|Maractus, F|100\/100\n|detailschange|p2a: Severus Snape|Steelix-Mega, M, shiny\n|-mega|p2a: Severus Snape|Steelix|Steelixite\n|move|p2a: Severus Snape|Body Press|p1a: I'm Trying\n|-damage|p1a: I'm Trying|37\/100\n|\n|upkeep\n|turn|10\n|\n|t:|1701195673\n|switch|p2a: AverageMOBA Player|Grafaiai, F|100\/100\n|-damage|p2a: AverageMOBA Player|88\/100|[from] Spikes\n|move|p1a: I'm Trying|Endeavor|p2a: AverageMOBA Player\n|-damage|p2a: AverageMOBA Player|33\/100\n|\n|upkeep\n|turn|11\n|\n|t:|1701195694\n|move|p2a: AverageMOBA Player|Metronome|p2a: AverageMOBA Player\n|move|p2a: AverageMOBA Player|Sunny Day|p2a: AverageMOBA Player|[from]move: Metronome\n|-weather|SunnyDay\n|move|p1a: I'm Trying|Energy Ball|p2a: AverageMOBA Player\n|-resisted|p2a: AverageMOBA Player\n|-damage|p2a: AverageMOBA Player|4\/100\n|\n|-weather|SunnyDay|[upkeep]\n|upkeep\n|turn|12\n|\n|t:|1701195703\n|move|p2a: AverageMOBA Player|Metronome|p2a: AverageMOBA Player\n|move|p2a: AverageMOBA Player|Teeter Dance|p1a: I'm Trying|[from]move: Metronome\n|-start|p1a: I'm Trying|confusion\n|-activate|p1a: I'm Trying|confusion\n|-damage|p1a: I'm Trying|24\/100|[from] confusion\n|\n|-weather|SunnyDay|[upkeep]\n|upkeep\n|turn|13\n|\n|t:|1701195716\n|switch|p1a: Fear Me|Rattata, L1, F|10\/100\n|move|p2a: AverageMOBA Player|Metronome|p2a: AverageMOBA Player\n|move|p2a: AverageMOBA Player|Screech|p1a: Fear Me|[from]move: Metronome\n|-unboost|p1a: Fear Me|def|2\n|\n|-weather|SunnyDay|[upkeep]\n|upkeep\n|turn|14\n|\n|t:|1701195727\n|move|p2a: AverageMOBA Player|Metronome|p2a: AverageMOBA Player\n|move|p2a: AverageMOBA Player|Parting Shot|p1a: Fear Me|[from]move: Metronome\n|-unboost|p1a: Fear Me|atk|1\n|-unboost|p1a: Fear Me|spa|1\n|\n|t:|1701195732\n|switch|p2a: Severus Snape|Steelix-Mega, M, shiny|88\/100|[from] Parting Shot\n|-damage|p2a: Severus Snape|76\/100|[from] Spikes\n|move|p1a: Fear Me|Endeavor|p2a: Severus Snape\n|-damage|p2a: Severus Snape|1\/100\n|\n|-weather|SunnyDay|[upkeep]\n|upkeep\n|turn|15\n|c|\u2606Tiny Rhino|ha ha\n|c|\u2606emmaloubibbityboo|i cry everytime\n|c|\u2606emmaloubibbityboo|gg\n|c|\u2606Tiny Rhino|that is so unfotunate\n|\n|t:|1701195756\n|move|p2a: Severus Snape|Body Press|p1a: Fear Me\n|-supereffective|p1a: Fear Me\n|-damage|p1a: Fear Me|0 fnt\n|faint|p1a: Fear Me\n|\n|-weather|none\n|upkeep\n|\n|t:|1701195761\n|switch|p1a: Thcrapth|Stoutland, M|100\/100\n|turn|16\n|\n|t:|1701195766\n|move|p1a: Thcrapth|Stomping Tantrum|p2a: Severus Snape\n|-supereffective|p2a: Severus Snape\n|-damage|p2a: Severus Snape|0 fnt\n|faint|p2a: Severus Snape\n|\n|upkeep\n|\n|t:|1701195770\n|switch|p2a: AverageMOBA Player|Grafaiai, F|4\/100\n|-damage|p2a: AverageMOBA Player|0 fnt|[from] Spikes\n|faint|p2a: AverageMOBA Player\n|\n|win|Tiny Rhino\n|c|\u2606Tiny Rhino|gg\n|c|\u2606emmaloubibbityboo|gg\n","uploadtime":1701195778,"views":1,"p1id":"tinyrhino","p2id":"emmaloubibbityboo","formatid":"gen9nationaldexubers","rating":0,"private":0,"password":""}