{"id":"gen9nationaldexubers-1998517603","p1":"MrTRB","p2":"Rainer367","format":"[Gen 9] National Dex Ubers","log":"|j|\u2606MrTRB\n|j|\u2606Rainer367\n|t:|1700951350\n|gametype|singles\n|player|p1|MrTRB|benga|\n|player|p2|Rainer367|will|\n|teamsize|p1|6\n|teamsize|p2|6\n|gen|9\n|tier|[Gen 9] National Dex Ubers\n|rule|HP Percentage Mod: HP is shown in percentages\n|rule|Endless Battle Clause: Forcing endless battles is banned\n|rule|OHKO Clause: OHKO moves are banned\n|rule|Evasion Moves Clause: Evasion moves are banned\n|rule|Evasion Items Clause: Evasion items are banned\n|rule|Species Clause: Limit one of each Pok\u00e9mon\n|rule|Sleep Clause Mod: Limit one foe put to sleep\n|rule|Mega Rayquaza Clause: You cannot mega evolve Rayquaza\n|clearpoke\n|poke|p1|Garganacl, F|\n|poke|p1|Gholdengo|\n|poke|p1|Cyclizar, M|\n|poke|p1|Pelipper, M|\n|poke|p1|Serperior, F|\n|poke|p1|Seismitoad, F|\n|poke|p2|Polteageist|\n|poke|p2|Dragapult, F|\n|poke|p2|Mimikyu, F|\n|poke|p2|Houndstone, F|\n|poke|p2|Tyranitar, F|\n|poke|p2|Annihilape, M|\n|teampreview\n|\n|t:|1700951362\n|start\n|switch|p1a: Serperior|Serperior, F, shiny|100\/100\n|switch|p2a: Hawk T1|Mimikyu, F, shiny|100\/100\n|turn|1\n|c|\u2606Rainer367|Wait\n|c|\u2606MrTRB|waiting\n|c|\u2606Rainer367|Technically you should've gone back to Xan\n|c|\u2606MrTRB|yes but\n|c|\u2606Rainer367|Eh whatever\n|\n|t:|1700951407\n|move|p1a: Serperior|Glare|p2a: Hawk T1\n|-status|p2a: Hawk T1|par\n|move|p2a: Hawk T1|Swords Dance|p2a: Hawk T1\n|-boost|p2a: Hawk T1|atk|2\n|\n|upkeep\n|turn|2\n|c|\u2606MrTRB|i dont think xan feels like going against this again\n|\n|t:|1700951414\n|move|p1a: Serperior|Leaf Storm|p2a: Hawk T1\n|-activate|p2a: Hawk T1|ability: Disguise\n|-damage|p2a: Hawk T1|100\/100 par\n|-boost|p1a: Serperior|spa|2\n|detailschange|p2a: Hawk T1|Mimikyu-Busted, F, shiny\n|-damage|p2a: Hawk T1|88\/100 par|[from] pokemon: Mimikyu-Busted\n|move|p2a: Hawk T1|Play Rough|p1a: Serperior\n|-damage|p1a: Serperior|28\/100\n|\n|-heal|p1a: Serperior|34\/100|[from] item: Leftovers\n|upkeep\n|turn|3\n|c|\u2606Rainer367|Fair\n|\n|t:|1700951425\n|cant|p2a: Hawk T1|par\n|move|p1a: Serperior|Giga Drain|p2a: Hawk T1\n|-damage|p2a: Hawk T1|30\/100 par\n|-heal|p1a: Serperior|54\/100|[from] drain|[of] p2a: Hawk T1\n|\n|-heal|p1a: Serperior|61\/100|[from] item: Leftovers\n|upkeep\n|turn|4\n|\n|t:|1700951431\n|move|p2a: Hawk T1|Shadow Sneak|p1a: Serperior\n|-damage|p1a: Serperior|26\/100\n|move|p1a: Serperior|Leaf Storm|p2a: Hawk T1\n|-damage|p2a: Hawk T1|0 fnt\n|-boost|p1a: Serperior|spa|2\n|faint|p2a: Hawk T1\n|\n|-heal|p1a: Serperior|32\/100|[from] item: Leftovers\n|upkeep\n|\n|t:|1700951437\n|switch|p2a: B-2 Spirit|Dragapult, F, shiny|100\/100\n|turn|5\n|\n|t:|1700951443\n|move|p2a: B-2 Spirit|Dragon Dance|p2a: B-2 Spirit\n|-boost|p2a: B-2 Spirit|atk|1\n|-boost|p2a: B-2 Spirit|spe|1\n|move|p1a: Serperior|Glare|p2a: B-2 Spirit\n|-status|p2a: B-2 Spirit|par\n|\n|-heal|p1a: Serperior|38\/100|[from] item: Leftovers\n|upkeep\n|turn|6\n|\n|t:|1700951451\n|move|p1a: Serperior|Leaf Storm|p2a: B-2 Spirit\n|-resisted|p2a: B-2 Spirit\n|-damage|p2a: B-2 Spirit|26\/100 par\n|-boost|p1a: Serperior|spa|2\n|move|p2a: B-2 Spirit|Dragon Darts|p1a: Serperior\n|-damage|p1a: Serperior|0 fnt\n|faint|p1a: Serperior\n|-damage|p2a: B-2 Spirit|16\/100 par|[from] item: Life Orb\n|\n|upkeep\n|\n|t:|1700951461\n|switch|p1a: Garganacl|Garganacl, F|100\/100\n|turn|7\n|c|\u2606Rainer367|Owch\n|\n|t:|1700951465\n|cant|p2a: B-2 Spirit|par\n|move|p1a: Garganacl|Curse|p1a: Garganacl\n|-unboost|p1a: Garganacl|spe|1\n|-boost|p1a: Garganacl|atk|1\n|-boost|p1a: Garganacl|def|1\n|\n|upkeep\n|turn|8\n|\n|t:|1700951472\n|move|p2a: B-2 Spirit|Dragon Darts|p1a: Garganacl\n|-damage|p1a: Garganacl|77\/100\n|-anim|p2a: B-2 Spirit|Dragon Darts|p1a: Garganacl\n|-damage|p1a: Garganacl|54\/100\n|-damage|p2a: B-2 Spirit|6\/100 par|[from] item: Life Orb\n|move|p1a: Garganacl|Curse|p1a: Garganacl\n|-unboost|p1a: Garganacl|spe|1\n|-boost|p1a: Garganacl|atk|1\n|-boost|p1a: Garganacl|def|1\n|\n|-heal|p1a: Garganacl|60\/100|[from] item: Leftovers\n|upkeep\n|turn|9\n|j| Rainer565\n|\n|t:|1700951493\n|cant|p2a: B-2 Spirit|par\n|move|p1a: Garganacl|Curse|p1a: Garganacl\n|-unboost|p1a: Garganacl|spe|1\n|-boost|p1a: Garganacl|atk|1\n|-boost|p1a: Garganacl|def|1\n|\n|-heal|p1a: Garganacl|66\/100|[from] item: Leftovers\n|upkeep\n|turn|10\n|c| Rainer565|bro ignored rule 6\n|\n|t:|1700951503\n|move|p2a: B-2 Spirit|Dragon Darts|p1a: Garganacl\n|-damage|p1a: Garganacl|51\/100\n|-anim|p2a: B-2 Spirit|Dragon Darts|p1a: Garganacl\n|-damage|p1a: Garganacl|35\/100\n|-damage|p2a: B-2 Spirit|0 fnt|[from] item: Life Orb\n|faint|p2a: B-2 Spirit\n|move|p1a: Garganacl|Recover|p1a: Garganacl\n|-heal|p1a: Garganacl|85\/100\n|\n|-heal|p1a: Garganacl|91\/100|[from] item: Leftovers\n|upkeep\n|c|\u2606Rainer367|It's fine\n|\n|t:|1700951513\n|switch|p2a: F-15 Eagle|Annihilape, M, shiny|100\/100\n|turn|11\n|\n|t:|1700951519\n|move|p2a: F-15 Eagle|Bulk Up|p2a: F-15 Eagle\n|-boost|p2a: F-15 Eagle|atk|1\n|-boost|p2a: F-15 Eagle|def|1\n|move|p1a: Garganacl|Avalanche|p2a: F-15 Eagle\n|-damage|p2a: F-15 Eagle|78\/100\n|\n|-heal|p2a: F-15 Eagle|84\/100|[from] item: Leftovers\n|-heal|p1a: Garganacl|98\/100|[from] item: Leftovers\n|upkeep\n|turn|12\n|\n|t:|1700951527\n|move|p2a: F-15 Eagle|Drain Punch|p1a: Garganacl\n|-supereffective|p1a: Garganacl\n|-damage|p1a: Garganacl|74\/100\n|-heal|p2a: F-15 Eagle|96\/100|[from] drain|[of] p1a: Garganacl\n|move|p1a: Garganacl|Curse|p1a: Garganacl\n|-unboost|p1a: Garganacl|spe|1\n|-boost|p1a: Garganacl|atk|1\n|-boost|p1a: Garganacl|def|1\n|\n|-heal|p2a: F-15 Eagle|100\/100|[from] item: Leftovers\n|-heal|p1a: Garganacl|80\/100|[from] item: Leftovers\n|upkeep\n|turn|13\n|\n|t:|1700951539\n|move|p2a: F-15 Eagle|Bulk Up|p2a: F-15 Eagle\n|-boost|p2a: F-15 Eagle|atk|1\n|-boost|p2a: F-15 Eagle|def|1\n|move|p1a: Garganacl|Avalanche|p2a: F-15 Eagle\n|-damage|p2a: F-15 Eagle|82\/100\n|\n|-heal|p2a: F-15 Eagle|88\/100|[from] item: Leftovers\n|-heal|p1a: Garganacl|86\/100|[from] item: Leftovers\n|upkeep\n|turn|14\n|c| Rainer565|So tanky\n|\n|t:|1700951545\n|move|p2a: F-15 Eagle|Bulk Up|p2a: F-15 Eagle\n|-boost|p2a: F-15 Eagle|atk|1\n|-boost|p2a: F-15 Eagle|def|1\n|move|p1a: Garganacl|Avalanche|p2a: F-15 Eagle\n|-damage|p2a: F-15 Eagle|72\/100\n|\n|-heal|p2a: F-15 Eagle|78\/100|[from] item: Leftovers\n|-heal|p1a: Garganacl|92\/100|[from] item: Leftovers\n|upkeep\n|turn|15\n|\n|t:|1700951549\n|move|p2a: F-15 Eagle|Bulk Up|p2a: F-15 Eagle\n|-boost|p2a: F-15 Eagle|atk|1\n|-boost|p2a: F-15 Eagle|def|1\n|move|p1a: Garganacl|Salt Cure|p2a: F-15 Eagle\n|-resisted|p2a: F-15 Eagle\n|-damage|p2a: F-15 Eagle|71\/100\n|-start|p2a: F-15 Eagle|Salt Cure\n|\n|-heal|p2a: F-15 Eagle|77\/100|[from] item: Leftovers\n|-heal|p1a: Garganacl|99\/100|[from] item: Leftovers\n|-damage|p2a: F-15 Eagle|65\/100|[from] Salt Cure\n|upkeep\n|turn|16\n|\n|t:|1700951556\n|move|p2a: F-15 Eagle|Drain Punch|p1a: Garganacl\n|-supereffective|p1a: Garganacl\n|-crit|p1a: Garganacl\n|-damage|p1a: Garganacl|0 fnt\n|-heal|p2a: F-15 Eagle|100\/100|[from] drain|[of] p1a: Garganacl\n|faint|p1a: Garganacl\n|\n|-damage|p2a: F-15 Eagle|88\/100|[from] Salt Cure\n|upkeep\n|c|\u2606MrTRB|the crit\n|c|\u2606Rainer367|There we go\n|\n|t:|1700951568\n|switch|p1a: Cyclizar|Cyclizar, M|100\/100\n|turn|17\n|\n|t:|1700951573\n|move|p1a: Cyclizar|Shed Tail|p1a: Cyclizar\n|-start|p1a: Cyclizar|Substitute|[from] move: Shed Tail\n|-damage|p1a: Cyclizar|50\/100\n|-enditem|p1a: Cyclizar|Sitrus Berry|[eat]\n|-heal|p1a: Cyclizar|75\/100|[from] item: Sitrus Berry\n|\n|t:|1700951578\n|switch|p1a: Gholdengo|Gholdengo|100\/100|[from] Shed Tail\n|move|p2a: F-15 Eagle|Taunt|p1a: Gholdengo\n|-immune|p1a: Gholdengo|[from] ability: Good as Gold\n|\n|-heal|p2a: F-15 Eagle|94\/100|[from] item: Leftovers\n|-damage|p2a: F-15 Eagle|82\/100|[from] Salt Cure\n|upkeep\n|turn|18\n|c|\u2606Rainer367|crud\n|\n|t:|1700951588\n|move|p1a: Gholdengo|Shadow Ball|p2a: F-15 Eagle\n|-supereffective|p2a: F-15 Eagle\n|-damage|p2a: F-15 Eagle|31\/100\n|move|p2a: F-15 Eagle|Rage Fist|p1a: Gholdengo\n|-supereffective|p1a: Gholdengo\n|-end|p1a: Gholdengo|Substitute\n|\n|-heal|p2a: F-15 Eagle|37\/100|[from] item: Leftovers\n|-damage|p2a: F-15 Eagle|24\/100|[from] Salt Cure\n|upkeep\n|turn|19\n|\n|t:|1700951597\n|move|p1a: Gholdengo|Shadow Ball|p2a: F-15 Eagle\n|-supereffective|p2a: F-15 Eagle\n|-damage|p2a: F-15 Eagle|0 fnt\n|faint|p2a: F-15 Eagle\n|\n|upkeep\n|\n|t:|1700951600\n|switch|p2a: A-10 Thunderbolt|Tyranitar, F, shiny|100\/100\n|-weather|Sandstorm|[from] ability: Sand Stream|[of] p2a: A-10 Thunderbolt\n|turn|20\n|c| Rainer565|welp\n|\n|t:|1700951608\n|-terastallize|p2a: A-10 Thunderbolt|Ghost\n|move|p1a: Gholdengo|Shadow Ball|p2a: A-10 Thunderbolt\n|-supereffective|p2a: A-10 Thunderbolt\n|-damage|p2a: A-10 Thunderbolt|16\/100\n|move|p2a: A-10 Thunderbolt|Dragon Dance|p2a: A-10 Thunderbolt\n|-boost|p2a: A-10 Thunderbolt|atk|1\n|-boost|p2a: A-10 Thunderbolt|spe|1\n|\n|-weather|Sandstorm|[upkeep]\n|-damage|p2a: A-10 Thunderbolt|10\/100|[from] Sandstorm\n|upkeep\n|turn|21\n|\n|t:|1700951616\n|move|p2a: A-10 Thunderbolt|Fire Punch|p1a: Gholdengo\n|-supereffective|p1a: Gholdengo\n|-damage|p1a: Gholdengo|6\/100\n|move|p1a: Gholdengo|Shadow Ball|p2a: A-10 Thunderbolt\n|-supereffective|p2a: A-10 Thunderbolt\n|-damage|p2a: A-10 Thunderbolt|0 fnt\n|faint|p2a: A-10 Thunderbolt\n|\n|-weather|Sandstorm|[upkeep]\n|upkeep\n|\n|t:|1700951621\n|switch|p2a: F-35 Lightning II|Houndstone, F, shiny|100\/100\n|turn|22\n|c|\u2606MrTRB|DORADO YOU DID IT\n|\n|t:|1700951631\n|move|p2a: F-35 Lightning II|Last Respects|p1a: Gholdengo\n|-supereffective|p1a: Gholdengo\n|-damage|p1a: Gholdengo|0 fnt\n|faint|p1a: Gholdengo\n|\n|-weather|Sandstorm|[upkeep]\n|upkeep\n|\n|t:|1700951637\n|switch|p1a: Pelipper|Pelipper, M, shiny|100\/100\n|-weather|RainDance|[from] ability: Drizzle|[of] p1a: Pelipper\n|turn|23\n|c| Rainer565|rip\n|\n|t:|1700951642\n|move|p2a: F-35 Lightning II|Last Respects|p1a: Pelipper\n|-damage|p1a: Pelipper|0 fnt\n|faint|p1a: Pelipper\n|\n|-weather|RainDance|[upkeep]\n|upkeep\n|\n|t:|1700951646\n|switch|p1a: Seismitoad|Seismitoad, F, shiny|100\/100\n|turn|24\n|c|\u2606Rainer367|Haha\n|\n|t:|1700951654\n|-terastallize|p1a: Seismitoad|Water\n|move|p1a: Seismitoad|Liquidation|p2a: F-35 Lightning II\n|-damage|p2a: F-35 Lightning II|12\/100\n|move|p2a: F-35 Lightning II|Last Respects|p1a: Seismitoad\n|-damage|p1a: Seismitoad|0 fnt\n|faint|p1a: Seismitoad\n|\n|-weather|RainDance|[upkeep]\n|upkeep\n|c| Rainer565|sweep\n|c|\u2606MrTRB|ONJDFKJNf\n|\n|t:|1700951663\n|switch|p1a: Cyclizar|Cyclizar, M|100\/100\n|turn|25\n|c| Rainer565|yoooo\n|c|\u2606Rainer367|:P\n|\n|t:|1700951671\n|move|p1a: Cyclizar|Ice Spinner|p2a: F-35 Lightning II\n|-damage|p2a: F-35 Lightning II|0 fnt\n|faint|p2a: F-35 Lightning II\n|\n|-weather|RainDance|[upkeep]\n|upkeep\n|c|\u2606MrTRB|but maybe\n|\n|t:|1700951673\n|switch|p2a: C-5 Galaxy|Polteageist, shiny|100\/100\n|turn|26\n|c|\u2606MrTRB|i still got this\n|c| Rainer565|1v1\n|\n|t:|1700951685\n|move|p1a: Cyclizar|Draco Meteor|p2a: C-5 Galaxy\n|-damage|p2a: C-5 Galaxy|58\/100\n|-unboost|p1a: Cyclizar|spa|2\n|move|p2a: C-5 Galaxy|Shell Smash|p2a: C-5 Galaxy\n|-unboost|p2a: C-5 Galaxy|def|1\n|-unboost|p2a: C-5 Galaxy|spd|1\n|-boost|p2a: C-5 Galaxy|atk|2\n|-boost|p2a: C-5 Galaxy|spa|2\n|-boost|p2a: C-5 Galaxy|spe|2\n|\n|-weather|RainDance|[upkeep]\n|upkeep\n|turn|27\n|c|\u2606Rainer367|C-5!\n|c|\u2606Rainer367|:D\n|c|\u2606MrTRB|nvm i lost\n|\n|t:|1700951694\n|move|p2a: C-5 Galaxy|Stored Power|p1a: Cyclizar\n|-damage|p1a: Cyclizar|0 fnt\n|faint|p1a: Cyclizar\n|\n|win|Rainer367\n|c|\u2606Rainer367|Good game\n|c|\u2606Rainer367|now back to Xan\n","uploadtime":1700951701,"views":6,"p1id":"mrtrb","p2id":"rainer367","formatid":"gen9nationaldexubers","rating":0,"private":0,"password":""}