{"id":"gen9nationaldexubers-1985161571","p1":"Black_Wicked","p2":"7s Recruit","format":"[Gen 9] National Dex Ubers","log":"|j|\u2606Black_Wicked\n|j|\u26067s Recruit\n|t:|1699340861\n|gametype|singles\n|player|p1|Black_Wicked|ghetsis|\n|player|p2|7s Recruit|ethan|\n|teamsize|p1|6\n|teamsize|p2|6\n|gen|9\n|tier|[Gen 9] National Dex Ubers\n|rule|HP Percentage Mod: HP is shown in percentages\n|rule|Endless Battle Clause: Forcing endless battles is banned\n|rule|OHKO Clause: OHKO moves are banned\n|rule|Evasion Moves Clause: Evasion moves are banned\n|rule|Evasion Items Clause: Evasion items are banned\n|rule|Species Clause: Limit one of each Pok\u00e9mon\n|rule|Sleep Clause Mod: Limit one foe put to sleep\n|rule|Mega Rayquaza Clause: You cannot mega evolve Rayquaza\n|clearpoke\n|poke|p1|Tropius, M|\n|poke|p1|Darmanitan, M|\n|poke|p1|Clodsire, F|\n|poke|p1|Glimmora, M|\n|poke|p1|Gardevoir, M|\n|poke|p1|Orbeetle, M|\n|poke|p2|Alakazam, M|\n|poke|p2|Tapu Lele|\n|poke|p2|Garchomp, M|\n|poke|p2|Greninja-*, M|\n|poke|p2|Weavile, M|\n|poke|p2|Hawlucha, M|\n|teampreview\n|inactive|Battle timer is ON: inactive players will automatically lose when time's up. (requested by Black_Wicked)\n|\n|t:|1699340867\n|start\n|switch|p1a: Clodsire|Clodsire, F|100\/100\n|switch|p2a: Tapu Lele|Tapu Lele|100\/100\n|-fieldstart|move: Psychic Terrain|[from] ability: Psychic Surge|[of] p2a: Tapu Lele\n|turn|1\n|\n|t:|1699340880\n|switch|p2a: Weavile|Weavile, M|100\/100\n|-ability|p2a: Weavile|Pressure\n|switch|p1a: Orbeetle|Orbeetle, M|100\/100\n|\n|upkeep\n|turn|2\n|\n|t:|1699340889\n|switch|p1a: Glimmora|Glimmora, M|100\/100\n|move|p2a: Weavile|Knock Off|p1a: Glimmora\n|-damage|p1a: Glimmora|21\/100\n|-activate|p1a: Glimmora|ability: Toxic Debris\n|-sidestart|p2: 7s Recruit|move: Toxic Spikes\n|-enditem|p1a: Glimmora|Focus Sash|[from] move: Knock Off|[of] p2a: Weavile\n|-damage|p2a: Weavile|91\/100|[from] item: Life Orb\n|\n|upkeep\n|turn|3\n|\n|t:|1699340901\n|move|p2a: Weavile|Icicle Crash|p1a: Glimmora\n|-damage|p1a: Glimmora|0 fnt\n|-activate|p1a: Glimmora|ability: Toxic Debris\n|-sidestart|p2: 7s Recruit|move: Toxic Spikes\n|faint|p1a: Glimmora\n|-damage|p2a: Weavile|81\/100|[from] item: Life Orb\n|\n|upkeep\n|\n|t:|1699340913\n|switch|p1a: Darmanitan|Darmanitan, M|100\/100\n|turn|4\n|\n|t:|1699340926\n|move|p2a: Weavile|Knock Off|p1a: Darmanitan\n|-damage|p1a: Darmanitan|8\/100\n|-enditem|p1a: Darmanitan|Sitrus Berry|[from] move: Knock Off|[of] p2a: Weavile\n|-damage|p2a: Weavile|71\/100|[from] item: Life Orb\n|move|p1a: Darmanitan|Belly Drum||[still]\n|-fail|p1a: Darmanitan\n|\n|-formechange|p1a: Darmanitan|Darmanitan-Zen|\n|upkeep\n|turn|5\n|\n|t:|1699340939\n|move|p2a: Weavile|Low Kick|p1a: Darmanitan\n|-resisted|p1a: Darmanitan\n|-damage|p1a: Darmanitan|0 fnt\n|faint|p1a: Darmanitan\n|-damage|p2a: Weavile|61\/100|[from] item: Life Orb\n|\n|-fieldend|move: Psychic Terrain\n|upkeep\n|\n|t:|1699340947\n|switch|p1a: Orbeetle|Orbeetle, M|100\/100\n|turn|6\n|\n|t:|1699340952\n|move|p2a: Weavile|Knock Off|p1a: Orbeetle\n|-supereffective|p1a: Orbeetle\n|-damage|p1a: Orbeetle|0 fnt\n|-enditem|p1a: Orbeetle|Lagging Tail|[from] move: Knock Off|[of] p2a: Weavile\n|faint|p1a: Orbeetle\n|-damage|p2a: Weavile|51\/100|[from] item: Life Orb\n|\n|upkeep\n|\n|t:|1699340958\n|switch|p1a: Tropius|Tropius, M|100\/100\n|turn|7\n|\n|t:|1699340963\n|-terastallize|p1a: Tropius|Flying\n|move|p2a: Weavile|Icicle Crash|p1a: Tropius\n|-supereffective|p1a: Tropius\n|-damage|p1a: Tropius|0 fnt\n|faint|p1a: Tropius\n|-damage|p2a: Weavile|41\/100|[from] item: Life Orb\n|\n|upkeep\n|\n|t:|1699340967\n|switch|p1a: Clodsire|Clodsire, F|100\/100\n|turn|8\n|\n|t:|1699340974\n|move|p2a: Weavile|Icicle Crash|p1a: Clodsire\n|-supereffective|p1a: Clodsire\n|-damage|p1a: Clodsire|10\/100\n|-damage|p2a: Weavile|31\/100|[from] item: Life Orb\n|move|p1a: Clodsire|Earthquake|p2a: Weavile\n|-damage|p2a: Weavile|0 fnt\n|faint|p2a: Weavile\n|\n|-heal|p1a: Clodsire|16\/100|[from] item: Leftovers\n|upkeep\n|\n|t:|1699340986\n|switch|p2a: Hawlucha|Hawlucha, M|100\/100\n|turn|9\n|\n|t:|1699340991\n|move|p2a: Hawlucha|Acrobatics|p1a: Clodsire\n|-damage|p1a: Clodsire|0 fnt\n|faint|p1a: Clodsire\n|\n|upkeep\n|\n|t:|1699340994\n|switch|p1a: Gardevoir|Gardevoir, M|100\/100\n|turn|10\n|\n|t:|1699341000\n|detailschange|p1a: Gardevoir|Gardevoir-Mega, M\n|-mega|p1a: Gardevoir|Gardevoir|Gardevoirite\n|move|p2a: Hawlucha|Acrobatics|p1a: Gardevoir\n|-damage|p1a: Gardevoir|78\/100\n|move|p1a: Gardevoir|Wish|p1a: Gardevoir\n|\n|upkeep\n|turn|11\n|\n|t:|1699341012\n|switch|p2a: Greninja|Greninja, M|100\/100\n|-status|p2a: Greninja|tox\n|move|p1a: Gardevoir|Calm Mind|p1a: Gardevoir\n|-boost|p1a: Gardevoir|spa|1\n|-boost|p1a: Gardevoir|spd|1\n|\n|-heal|p1a: Gardevoir|100\/100|[from] move: Wish|[wisher] Gardevoir\n|-damage|p2a: Greninja|95\/100 tox|[from] psn\n|upkeep\n|turn|12\n|\n|t:|1699341026\n|move|p2a: Greninja|Hydro Pump|p1a: Gardevoir|[miss]\n|-miss|p2a: Greninja|p1a: Gardevoir\n|move|p1a: Gardevoir|Psychic|p2a: Greninja\n|-immune|p2a: Greninja\n|\n|-damage|p2a: Greninja|83\/100 tox|[from] psn\n|upkeep\n|turn|13\n|\n|t:|1699341036\n|move|p2a: Greninja|Hydro Pump|p1a: Gardevoir\n|-damage|p1a: Gardevoir|60\/100\n|move|p1a: Gardevoir|Moonblast|p2a: Greninja\n|-supereffective|p2a: Greninja\n|-damage|p2a: Greninja|0 fnt\n|faint|p2a: Greninja\n|\n|upkeep\n|c|\u2606Black_Wicked|Battle bond\n|\n|t:|1699341046\n|switch|p2a: Tapu Lele|Tapu Lele|100\/100\n|-status|p2a: Tapu Lele|tox\n|-fieldstart|move: Psychic Terrain|[from] ability: Psychic Surge|[of] p2a: Tapu Lele\n|turn|14\n|\n|t:|1699341054\n|move|p2a: Tapu Lele|Moonblast|p1a: Gardevoir\n|-damage|p1a: Gardevoir|33\/100\n|move|p1a: Gardevoir|Wish|p1a: Gardevoir\n|\n|-damage|p2a: Tapu Lele|94\/100 tox|[from] psn\n|upkeep\n|turn|15\n|\n|t:|1699341064\n|switch|p2a: Garchomp|Garchomp, M|100\/100\n|-status|p2a: Garchomp|tox\n|move|p1a: Gardevoir|Calm Mind|p1a: Gardevoir\n|-boost|p1a: Gardevoir|spa|1\n|-boost|p1a: Gardevoir|spd|1\n|\n|-heal|p1a: Gardevoir|83\/100|[from] move: Wish|[wisher] Gardevoir\n|-damage|p2a: Garchomp|94\/100 tox|[from] psn\n|upkeep\n|turn|16\n|\n|t:|1699341080\n|move|p2a: Garchomp|Earthquake|p1a: Gardevoir\n|-damage|p1a: Gardevoir|15\/100\n|move|p1a: Gardevoir|Moonblast|p2a: Garchomp\n|-supereffective|p2a: Garchomp\n|-damage|p2a: Garchomp|0 fnt\n|faint|p2a: Garchomp\n|\n|upkeep\n|\n|t:|1699341090\n|switch|p2a: Hawlucha|Hawlucha, M|100\/100\n|-enditem|p2a: Hawlucha|Psychic Seed\n|-boost|p2a: Hawlucha|spd|1|[from] item: Psychic Seed\n|turn|17\n|\n|t:|1699341096\n|move|p2a: Hawlucha|Acrobatics|p1a: Gardevoir\n|-damage|p1a: Gardevoir|0 fnt\n|faint|p1a: Gardevoir\n|\n|win|7s Recruit\n|l|\u2606Black_Wicked\n|j|\u2606Black_Wicked\n|player|p1|Black_Wicked|ghetsis\n|l|\u2606Black_Wicked\n|player|p1|\n|j|\u2606Black_Wicked\n|player|p1|Black_Wicked|ghetsis\n","uploadtime":1699341104,"views":6,"p1id":"blackwicked","p2id":"7srecruit","formatid":"gen9nationaldexubers","rating":0,"private":0,"password":""}