{"id":"gen9nationaldexubers-2000165310","p1":"killgaldo","p2":"UsoJo","format":"[Gen 9] National Dex Ubers","log":"|j|\u2606killgaldo\n|j|\u2606UsoJo\n|t:|1701165940\n|gametype|singles\n|player|p1|killgaldo|lance|1249\n|player|p2|UsoJo|ghetsis|1110\n|teamsize|p1|6\n|teamsize|p2|6\n|gen|9\n|tier|[Gen 9] National Dex Ubers\n|rated|\n|rule|HP Percentage Mod: HP is shown in percentages\n|rule|Endless Battle Clause: Forcing endless battles is banned\n|rule|OHKO Clause: OHKO moves are banned\n|rule|Evasion Moves Clause: Evasion moves are banned\n|rule|Evasion Items Clause: Evasion items are banned\n|rule|Species Clause: Limit one of each Pok\u00e9mon\n|rule|Sleep Clause Mod: Limit one foe put to sleep\n|rule|Mega Rayquaza Clause: You cannot mega evolve Rayquaza\n|clearpoke\n|poke|p1|Ribombee, M|\n|poke|p1|Xerneas-*|\n|poke|p1|Skeledirge, F|\n|poke|p1|Charizard, M|\n|poke|p1|Zamazenta-*|\n|poke|p1|Xurkitree|\n|poke|p2|Kommo-o, M|\n|poke|p2|Melmetal|\n|poke|p2|Lucario, M|\n|poke|p2|Chi-Yu|\n|poke|p2|Aegislash, M|\n|poke|p2|Xurkitree|\n|teampreview\n|\n|t:|1701165958\n|start\n|switch|p1a: Ribombee|Ribombee, M|100\/100\n|switch|p2a: Xurkitree|Xurkitree|100\/100\n|turn|1\n|\n|t:|1701165969\n|move|p1a: Ribombee|Sticky Web|p2a: Xurkitree\n|-sidestart|p2: UsoJo|move: Sticky Web\n|move|p2a: Xurkitree|Calm Mind|p2a: Xurkitree\n|-boost|p2a: Xurkitree|spa|1\n|-boost|p2a: Xurkitree|spd|1\n|\n|upkeep\n|turn|2\n|\n|t:|1701165978\n|move|p1a: Ribombee|Stun Spore|p2a: Xurkitree|[miss]\n|-miss|p1a: Ribombee|p2a: Xurkitree\n|move|p2a: Xurkitree|Thunderbolt|p1a: Ribombee\n|-enditem|p1a: Ribombee|Focus Sash\n|-damage|p1a: Ribombee|1\/100\n|\n|upkeep\n|turn|3\n|\n|t:|1701165987\n|move|p1a: Ribombee|Stun Spore|p2a: Xurkitree|[miss]\n|-miss|p1a: Ribombee|p2a: Xurkitree\n|move|p2a: Xurkitree|Thunderbolt|p1a: Ribombee\n|-damage|p1a: Ribombee|0 fnt\n|faint|p1a: Ribombee\n|-ability|p2a: Xurkitree|Beast Boost|boost\n|-boost|p2a: Xurkitree|spa|1\n|\n|upkeep\n|\n|t:|1701166001\n|switch|p1a: Skeledirge|Skeledirge, F|100\/100\n|turn|4\n|\n|t:|1701166009\n|move|p1a: Skeledirge|Protect|p1a: Skeledirge\n|-singleturn|p1a: Skeledirge|Protect\n|move|p2a: Xurkitree|Thunderbolt|p1a: Skeledirge\n|-activate|p1a: Skeledirge|move: Protect\n|\n|upkeep\n|turn|5\n|\n|t:|1701166018\n|-terastallize|p1a: Skeledirge|Grass\n|move|p2a: Xurkitree|Thunderbolt|p1a: Skeledirge\n|-resisted|p1a: Skeledirge\n|-damage|p1a: Skeledirge|79\/100\n|move|p1a: Skeledirge|Yawn|p2a: Xurkitree\n|-start|p2a: Xurkitree|move: Yawn|[of] p1a: Skeledirge\n|\n|-heal|p1a: Skeledirge|85\/100|[from] item: Leftovers\n|upkeep\n|turn|6\n|\n|t:|1701166032\n|move|p2a: Xurkitree|Volt Switch|p1a: Skeledirge\n|-resisted|p1a: Skeledirge\n|-damage|p1a: Skeledirge|69\/100\n|\n|t:|1701166045\n|switch|p2a: Chi-Yu|Chi-Yu|100\/100|[from] Volt Switch\n|-activate|p2a: Chi-Yu|move: Sticky Web\n|-fail|p2a: Chi-Yu|unboost|[from] item: Clear Amulet|[of] p2a: Chi-Yu\n|-ability|p2a: Chi-Yu|Beads of Ruin\n|move|p1a: Skeledirge|Torch Song|p2a: Chi-Yu\n|-resisted|p2a: Chi-Yu\n|-damage|p2a: Chi-Yu|85\/100\n|-boost|p1a: Skeledirge|spa|1\n|\n|-heal|p1a: Skeledirge|75\/100|[from] item: Leftovers\n|upkeep\n|turn|7\n|\n|t:|1701166060\n|move|p1a: Skeledirge|Protect|p1a: Skeledirge\n|-singleturn|p1a: Skeledirge|Protect\n|move|p2a: Chi-Yu|Will-O-Wisp|p1a: Skeledirge\n|-activate|p1a: Skeledirge|move: Protect\n|\n|-heal|p1a: Skeledirge|81\/100|[from] item: Leftovers\n|upkeep\n|turn|8\n|\n|t:|1701166069\n|move|p2a: Chi-Yu|Nasty Plot|p2a: Chi-Yu\n|-boost|p2a: Chi-Yu|spa|2\n|move|p1a: Skeledirge|Yawn|p2a: Chi-Yu\n|-start|p2a: Chi-Yu|move: Yawn|[of] p1a: Skeledirge\n|\n|-heal|p1a: Skeledirge|87\/100|[from] item: Leftovers\n|upkeep\n|turn|9\n|\n|t:|1701166079\n|move|p1a: Skeledirge|Protect|p1a: Skeledirge\n|-singleturn|p1a: Skeledirge|Protect\n|move|p2a: Chi-Yu|Lava Plume|p1a: Skeledirge\n|-activate|p1a: Skeledirge|move: Protect\n|\n|-heal|p1a: Skeledirge|93\/100|[from] item: Leftovers\n|-end|p2a: Chi-Yu|move: Yawn|[silent]\n|-status|p2a: Chi-Yu|slp\n|upkeep\n|turn|10\n|\n|t:|1701166089\n|cant|p2a: Chi-Yu|slp\n|move|p1a: Skeledirge|Torch Song|p2a: Chi-Yu\n|-resisted|p2a: Chi-Yu\n|-damage|p2a: Chi-Yu|60\/100 slp\n|-boost|p1a: Skeledirge|spa|1\n|\n|-heal|p1a: Skeledirge|99\/100|[from] item: Leftovers\n|upkeep\n|turn|11\n|\n|t:|1701166098\n|cant|p2a: Chi-Yu|slp\n|move|p1a: Skeledirge|Torch Song|p2a: Chi-Yu\n|-resisted|p2a: Chi-Yu\n|-damage|p2a: Chi-Yu|23\/100 slp\n|-boost|p1a: Skeledirge|spa|1\n|\n|-heal|p1a: Skeledirge|100\/100|[from] item: Leftovers\n|upkeep\n|turn|12\n|\n|t:|1701166109\n|-curestatus|p2a: Chi-Yu|slp|[msg]\n|move|p2a: Chi-Yu|Lava Plume|p1a: Skeledirge\n|-supereffective|p1a: Skeledirge\n|-damage|p1a: Skeledirge|21\/100\n|move|p1a: Skeledirge|Torch Song|p2a: Chi-Yu\n|-resisted|p2a: Chi-Yu\n|-damage|p2a: Chi-Yu|0 fnt\n|-boost|p1a: Skeledirge|spa|1\n|faint|p2a: Chi-Yu\n|\n|-heal|p1a: Skeledirge|27\/100|[from] item: Leftovers\n|upkeep\n|\n|t:|1701166123\n|switch|p2a: Lucario|Lucario, M|100\/100\n|-activate|p2a: Lucario|move: Sticky Web\n|-unboost|p2a: Lucario|spe|1\n|turn|13\n|\n|t:|1701166136\n|move|p1a: Skeledirge|Protect|p1a: Skeledirge\n|-singleturn|p1a: Skeledirge|Protect\n|move|p2a: Lucario|Flash Cannon|p1a: Skeledirge\n|-activate|p1a: Skeledirge|move: Protect\n|\n|-heal|p1a: Skeledirge|34\/100|[from] item: Leftovers\n|upkeep\n|turn|14\n|\n|t:|1701166145\n|move|p2a: Lucario|Flash Cannon|p1a: Skeledirge\n|-damage|p1a: Skeledirge|13\/100\n|move|p1a: Skeledirge|Slack Off|p1a: Skeledirge\n|-heal|p1a: Skeledirge|63\/100\n|\n|-heal|p1a: Skeledirge|69\/100|[from] item: Leftovers\n|upkeep\n|turn|15\n|\n|t:|1701166153\n|move|p2a: Lucario|Aura Sphere|p1a: Skeledirge\n|-damage|p1a: Skeledirge|50\/100\n|move|p1a: Skeledirge|Torch Song|p2a: Lucario\n|-supereffective|p2a: Lucario\n|-damage|p2a: Lucario|0 fnt\n|-boost|p1a: Skeledirge|spa|1\n|faint|p2a: Lucario\n|\n|-heal|p1a: Skeledirge|57\/100|[from] item: Leftovers\n|upkeep\n|\n|t:|1701166173\n|switch|p2a: Kommo-o|Kommo-o, M|100\/100\n|-activate|p2a: Kommo-o|move: Sticky Web\n|-unboost|p2a: Kommo-o|spe|1\n|turn|16\n|\n|t:|1701166209\n|move|p2a: Kommo-o|Clangorous Soul|p2a: Kommo-o\n|-boost|p2a: Kommo-o|atk|1\n|-boost|p2a: Kommo-o|def|1\n|-boost|p2a: Kommo-o|spa|1\n|-boost|p2a: Kommo-o|spd|1\n|-boost|p2a: Kommo-o|spe|1\n|-damage|p2a: Kommo-o|68\/100\n|move|p1a: Skeledirge|Yawn|p2a: Kommo-o\n|-start|p2a: Kommo-o|move: Yawn|[of] p1a: Skeledirge\n|\n|-heal|p1a: Skeledirge|63\/100|[from] item: Leftovers\n|upkeep\n|turn|17\n|\n|t:|1701166226\n|switch|p2a: Xurkitree|Xurkitree|100\/100\n|-activate|p2a: Xurkitree|move: Sticky Web\n|-fail|p2a: Xurkitree|unboost|[from] item: Clear Amulet|[of] p2a: Xurkitree\n|move|p1a: Skeledirge|Torch Song|p2a: Xurkitree\n|-damage|p2a: Xurkitree|0 fnt\n|-boost|p1a: Skeledirge|spa|1\n|faint|p2a: Xurkitree\n|\n|-heal|p1a: Skeledirge|69\/100|[from] item: Leftovers\n|upkeep\n|\n|t:|1701166238\n|switch|p2a: Melmetal|Melmetal|100\/100\n|-activate|p2a: Melmetal|move: Sticky Web\n|-fail|p2a: Melmetal|unboost|[from] item: Clear Amulet|[of] p2a: Melmetal\n|turn|18\n|\n|t:|1701166245\n|move|p2a: Melmetal|Ice Punch|p1a: Skeledirge\n|-supereffective|p1a: Skeledirge\n|-damage|p1a: Skeledirge|9\/100\n|move|p1a: Skeledirge|Torch Song|p2a: Melmetal\n|-supereffective|p2a: Melmetal\n|-damage|p2a: Melmetal|0 fnt\n|faint|p2a: Melmetal\n|\n|-heal|p1a: Skeledirge|16\/100|[from] item: Leftovers\n|upkeep\n|\n|t:|1701166256\n|switch|p2a: Aegislash|Aegislash, M, shiny|100\/100\n|-activate|p2a: Aegislash|move: Sticky Web\n|-fail|p2a: Aegislash|unboost|[from] item: Clear Amulet|[of] p2a: Aegislash\n|turn|19\n|\n|t:|1701166262\n|move|p2a: Aegislash|King's Shield|p2a: Aegislash\n|-singleturn|p2a: Aegislash|Protect\n|move|p1a: Skeledirge|Protect||[still]\n|-fail|p1a: Skeledirge\n|\n|-heal|p1a: Skeledirge|22\/100|[from] item: Leftovers\n|upkeep\n|turn|20\n|\n|t:|1701166271\n|-formechange|p2a: Aegislash|Aegislash-Blade||[from] ability: Stance Change\n|move|p2a: Aegislash|Gyro Ball|p1a: Skeledirge\n|-damage|p1a: Skeledirge|11\/100\n|move|p1a: Skeledirge|Slack Off|p1a: Skeledirge\n|-heal|p1a: Skeledirge|61\/100\n|\n|-heal|p1a: Skeledirge|67\/100|[from] item: Leftovers\n|upkeep\n|turn|21\n|\n|t:|1701166282\n|move|p2a: Aegislash|Destiny Bond|p2a: Aegislash\n|-singlemove|p2a: Aegislash|Destiny Bond\n|move|p1a: Skeledirge|Torch Song|p2a: Aegislash\n|-supereffective|p2a: Aegislash\n|-damage|p2a: Aegislash|0 fnt\n|faint|p2a: Aegislash\n|-activate|p2a: Aegislash|move: Destiny Bond\n|faint|p1a: Skeledirge\n|\n|upkeep\n|\n|t:|1701166293\n|switch|p2a: Kommo-o|Kommo-o, M|68\/100\n|switch|p1a: Xerneas|Xerneas|100\/100\n|-ability|p1a: Xerneas|Fairy Aura\n|-activate|p2a: Kommo-o|move: Sticky Web\n|-unboost|p2a: Kommo-o|spe|1\n|turn|22\n|\n|t:|1701166301\n|move|p1a: Xerneas|Moonblast|p2a: Kommo-o\n|-supereffective|p2a: Kommo-o\n|-damage|p2a: Kommo-o|0 fnt\n|faint|p2a: Kommo-o\n|\n|win|killgaldo\n|raw|killgaldo's rating: 1249 &rarr; <strong>1264<\/strong><br \/>(+15 for winning)\n|raw|UsoJo's rating: 1110 &rarr; <strong>1095<\/strong><br \/>(-15 for losing)\n|l|\u2606UsoJo\n","uploadtime":1701166305,"views":19,"p1id":"killgaldo","p2id":"usojo","formatid":"gen9nationaldexubers","rating":1095,"private":0,"password":""}