{"id":"gen9nationaldexubers-2000430059","p1":"MK ANW","p2":"ALPKING52","format":"[Gen 9] National Dex Ubers","log":"|j|\u203dMK ANW\n|j|\u2606ALPKING52\n|t:|1701194123\n|gametype|singles\n|player|p1|MK ANW|red|1103\n|player|p2|ALPKING52|alder|1132\n|teamsize|p1|6\n|teamsize|p2|6\n|gen|9\n|tier|[Gen 9] National Dex Ubers\n|rated|\n|rule|HP Percentage Mod: HP is shown in percentages\n|rule|Endless Battle Clause: Forcing endless battles is banned\n|rule|OHKO Clause: OHKO moves are banned\n|rule|Evasion Moves Clause: Evasion moves are banned\n|rule|Evasion Items Clause: Evasion items are banned\n|rule|Species Clause: Limit one of each Pok\u00e9mon\n|rule|Sleep Clause Mod: Limit one foe put to sleep\n|rule|Mega Rayquaza Clause: You cannot mega evolve Rayquaza\n|clearpoke\n|poke|p1|Charizard, M|\n|poke|p1|Greninja-*, M|\n|poke|p1|Jolteon, M|\n|poke|p1|Staraptor, M|\n|poke|p1|Nidoking, M|\n|poke|p1|Primeape, M|\n|poke|p2|Dracovish|\n|poke|p2|Ho-Oh|\n|poke|p2|Regieleki|\n|poke|p2|Kingambit, M|\n|poke|p2|Deoxys-Attack|\n|poke|p2|Lucario, M|\n|teampreview\n|inactive|Battle timer is ON: inactive players will automatically lose when time's up. (requested by MK ANW)\n|\n|t:|1701194142\n|start\n|switch|p1a: Nidoking|Nidoking, M|100\/100\n|switch|p2a: Deoxys|Deoxys-Attack, shiny|100\/100\n|-ability|p2a: Deoxys|Pressure\n|turn|1\n|\n|t:|1701194152\n|switch|p1a: Primeape|Primeape, M|100\/100\n|move|p2a: Deoxys|Psychic|p1a: Primeape\n|-supereffective|p1a: Primeape\n|-damage|p1a: Primeape|0 fnt\n|faint|p1a: Primeape\n|-damage|p2a: Deoxys|91\/100|[from] item: Life Orb\n|\n|upkeep\n|\n|t:|1701194161\n|switch|p1a: Staraptor|Staraptor, M|100\/100\n|-ability|p1a: Staraptor|Intimidate|boost\n|-unboost|p2a: Deoxys|atk|1\n|turn|2\n|\n|t:|1701194178\n|-terastallize|p1a: Staraptor|Steel\n|move|p2a: Deoxys|Knock Off|p1a: Staraptor\n|-damage|p1a: Staraptor|49\/100\n|-enditem|p1a: Staraptor|Choice Band|[from] move: Knock Off|[of] p2a: Deoxys\n|-damage|p2a: Deoxys|81\/100|[from] item: Life Orb\n|move|p1a: Staraptor|U-turn|p2a: Deoxys\n|-supereffective|p2a: Deoxys\n|-damage|p2a: Deoxys|0 fnt\n|faint|p2a: Deoxys\n|\n|t:|1701194189\n|switch|p1a: Nidoking|Nidoking, M|100\/100|[from] U-turn\n|\n|upkeep\n|\n|t:|1701194200\n|switch|p2a: Lucario|Lucario, M, shiny|100\/100\n|turn|3\n|\n|t:|1701194205\n|detailschange|p2a: Lucario|Lucario-Mega, M, shiny\n|-mega|p2a: Lucario|Lucario|Lucarionite\n|move|p2a: Lucario|Earthquake|p1a: Nidoking\n|-supereffective|p1a: Nidoking\n|-damage|p1a: Nidoking|0 fnt\n|faint|p1a: Nidoking\n|\n|upkeep\n|\n|t:|1701194213\n|switch|p1a: Staraptor|Staraptor, M, tera:Steel|49\/100\n|-ability|p1a: Staraptor|Intimidate|boost\n|-unboost|p2a: Lucario|atk|1\n|turn|4\n|\n|t:|1701194237\n|switch|p2a: Regieleki|Regieleki, shiny|100\/100\n|move|p1a: Staraptor|Brave Bird|p2a: Regieleki\n|-resisted|p2a: Regieleki\n|-damage|p2a: Regieleki|40\/100\n|-damage|p1a: Staraptor|30\/100|[from] Recoil\n|\n|upkeep\n|turn|5\n|\n|t:|1701194245\n|move|p2a: Regieleki|Thunder Wave|p1a: Staraptor\n|-status|p1a: Staraptor|par\n|cant|p1a: Staraptor|par\n|\n|upkeep\n|turn|6\n|\n|t:|1701194261\n|move|p2a: Regieleki|Thunderbolt|p1a: Staraptor\n|-damage|p1a: Staraptor|0 fnt\n|faint|p1a: Staraptor\n|-damage|p2a: Regieleki|30\/100|[from] item: Life Orb\n|\n|upkeep\n|\n|t:|1701194268\n|switch|p1a: Jolteon|Jolteon, M|100\/100\n|turn|7\n|\n|t:|1701194272\n|move|p2a: Regieleki|Extreme Speed|p1a: Jolteon\n|-damage|p1a: Jolteon|57\/100\n|-damage|p2a: Regieleki|20\/100|[from] item: Life Orb\n|move|p1a: Jolteon|Shadow Ball|p2a: Regieleki\n|-damage|p2a: Regieleki|0 fnt\n|faint|p2a: Regieleki\n|-damage|p1a: Jolteon|48\/100|[from] item: Life Orb\n|\n|upkeep\n|\n|t:|1701194276\n|switch|p2a: Lucario|Lucario-Mega, M, shiny|100\/100\n|turn|8\n|\n|t:|1701194286\n|move|p1a: Jolteon|Thunderbolt|p2a: Lucario\n|-damage|p2a: Lucario|0 fnt\n|faint|p2a: Lucario\n|-damage|p1a: Jolteon|38\/100|[from] item: Life Orb\n|\n|upkeep\n|\n|t:|1701194299\n|switch|p2a: Kingambit|Kingambit, M, shiny|100\/100\n|-activate|p2a: Kingambit|ability: Supreme Overlord\n|-start|p2a: Kingambit|fallen3|[silent]\n|turn|9\n|\n|t:|1701194304\n|move|p2a: Kingambit|Sucker Punch|p1a: Jolteon\n|-damage|p1a: Jolteon|0 fnt\n|faint|p1a: Jolteon\n|\n|upkeep\n|\n|t:|1701194310\n|switch|p1a: Greninja|Greninja, M|100\/100\n|turn|10\n|\n|t:|1701194328\n|move|p1a: Greninja|Surf|p2a: Kingambit\n|-damage|p2a: Kingambit|58\/100\n|move|p2a: Kingambit|Poison Jab|p1a: Greninja\n|-damage|p1a: Greninja|34\/100\n|\n|-heal|p2a: Kingambit|64\/100|[from] item: Leftovers\n|upkeep\n|turn|11\n|\n|t:|1701194337\n|move|p2a: Kingambit|Sucker Punch|p1a: Greninja\n|-resisted|p1a: Greninja\n|-damage|p1a: Greninja|0 fnt\n|faint|p1a: Greninja\n|\n|-heal|p2a: Kingambit|70\/100|[from] item: Leftovers\n|upkeep\n|\n|t:|1701194345\n|switch|p1a: Charizard|Charizard, M|100\/100\n|turn|12\n|\n|t:|1701194359\n|move|p2a: Kingambit|Sucker Punch||[still]\n|-fail|p2a: Kingambit\n|move|p1a: Charizard|Dragon Dance|p1a: Charizard\n|-boost|p1a: Charizard|atk|1\n|-boost|p1a: Charizard|spe|1\n|\n|-heal|p2a: Kingambit|77\/100|[from] item: Leftovers\n|upkeep\n|turn|13\n|\n|t:|1701194367\n|move|p2a: Kingambit|Sucker Punch||[still]\n|-fail|p2a: Kingambit\n|move|p1a: Charizard|Dragon Dance|p1a: Charizard\n|-boost|p1a: Charizard|atk|1\n|-boost|p1a: Charizard|spe|1\n|\n|-heal|p2a: Kingambit|83\/100|[from] item: Leftovers\n|upkeep\n|turn|14\n|\n|t:|1701194379\n|detailschange|p1a: Charizard|Charizard-Mega-X, M\n|-mega|p1a: Charizard|Charizard|Charizardite X\n|move|p1a: Charizard|Flame Charge|p2a: Kingambit\n|-supereffective|p2a: Kingambit\n|-damage|p2a: Kingambit|0 fnt\n|-boost|p1a: Charizard|spe|1\n|faint|p2a: Kingambit\n|-end|p2a: Kingambit|fallen3|[silent]\n|\n|upkeep\n|\n|t:|1701194385\n|switch|p2a: Ho-Oh|Ho-Oh, shiny|100\/100\n|turn|15\n|\n|t:|1701194394\n|-terastallize|p2a: Ho-Oh|Ground\n|move|p1a: Charizard|Dragon Claw|p2a: Ho-Oh\n|-damage|p2a: Ho-Oh|0 fnt\n|faint|p2a: Ho-Oh\n|\n|upkeep\n|\n|t:|1701194397\n|switch|p2a: Dracovish|Dracovish, shiny|100\/100\n|turn|16\n|\n|t:|1701194405\n|move|p1a: Charizard|Dragon Claw|p2a: Dracovish\n|-supereffective|p2a: Dracovish\n|-damage|p2a: Dracovish|0 fnt\n|faint|p2a: Dracovish\n|\n|win|MK ANW\n|raw|MK ANW's rating: 1103 &rarr; <strong>1131<\/strong><br \/>(+28 for winning)\n|raw|ALPKING52's rating: 1149 &rarr; <strong>1121<\/strong><br \/>(-28 for losing)\n","uploadtime":1701194412,"views":2,"p1id":"mkanw","p2id":"alpking52","formatid":"gen9nationaldexubers","rating":1121,"private":0,"password":""}