{"id":"gen9nationaldexubers-1991634540","p1":"WesHC","p2":"Exzavionte","format":"[Gen 9] National Dex Ubers","log":"|j|\u2606WesHC\n|j|\u2606Exzavionte\n|t:|1700096662\n|gametype|singles\n|player|p1|WesHC|acetrainer-gen4|1266\n|player|p2|Exzavionte|lucas|1273\n|teamsize|p1|6\n|teamsize|p2|6\n|gen|9\n|tier|[Gen 9] National Dex Ubers\n|rated|\n|rule|HP Percentage Mod: HP is shown in percentages\n|rule|Endless Battle Clause: Forcing endless battles is banned\n|rule|OHKO Clause: OHKO moves are banned\n|rule|Evasion Moves Clause: Evasion moves are banned\n|rule|Evasion Items Clause: Evasion items are banned\n|rule|Species Clause: Limit one of each Pok\u00e9mon\n|rule|Sleep Clause Mod: Limit one foe put to sleep\n|rule|Mega Rayquaza Clause: You cannot mega evolve Rayquaza\n|clearpoke\n|poke|p1|Sableye, M|\n|poke|p1|Grimmsnarl, M|\n|poke|p1|Tyranitar, M|\n|poke|p1|Bisharp, M|\n|poke|p1|Darkrai|\n|poke|p1|Greninja-*, M|\n|poke|p2|Groudon|\n|poke|p2|Kyogre|\n|poke|p2|Giratina-Origin|\n|poke|p2|Flutter Mane|\n|poke|p2|Octillery, M|\n|poke|p2|Garganacl, F|\n|teampreview\n|inactive|Battle timer is ON: inactive players will automatically lose when time's up. (requested by Exzavionte)\n|inactive|WesHC has 120 seconds left.\n|\n|t:|1700096724\n|start\n|switch|p1a: Grimmsnarl|Grimmsnarl, M|100\/100\n|switch|p2a: Flutter Mane|Flutter Mane|100\/100\n|-enditem|p2a: Flutter Mane|Booster Energy\n|-activate|p2a: Flutter Mane|ability: Protosynthesis|[fromitem]\n|-start|p2a: Flutter Mane|protosynthesisspe\n|turn|1\n|\n|t:|1700096731\n|move|p1a: Grimmsnarl|Light Screen|p1a: Grimmsnarl\n|-sidestart|p1: WesHC|move: Light Screen\n|move|p2a: Flutter Mane|Draining Kiss|p1a: Grimmsnarl\n|-supereffective|p1a: Grimmsnarl\n|-damage|p1a: Grimmsnarl|75\/100\n|\n|upkeep\n|turn|2\n|\n|t:|1700096742\n|-end|p2a: Flutter Mane|Protosynthesis|[silent]\n|switch|p2a: Giratina|Giratina-Origin|100\/100\n|move|p1a: Grimmsnarl|Reflect|p1a: Grimmsnarl\n|-sidestart|p1: WesHC|Reflect\n|\n|upkeep\n|turn|3\n|\n|t:|1700096750\n|move|p2a: Giratina|Toxic|p1a: Grimmsnarl\n|-status|p1a: Grimmsnarl|tox\n|move|p1a: Grimmsnarl|Foul Play|p2a: Giratina\n|-supereffective|p2a: Giratina\n|-damage|p2a: Giratina|50\/100\n|\n|-damage|p1a: Grimmsnarl|69\/100 tox|[from] psn\n|upkeep\n|turn|4\n|\n|t:|1700096770\n|move|p1a: Grimmsnarl|Parting Shot|p2a: Giratina\n|-unboost|p2a: Giratina|atk|1\n|-unboost|p2a: Giratina|spa|1\n|\n|t:|1700096786\n|switch|p1a: Tyranitar|Tyranitar, M|100\/100|[from] Parting Shot\n|-weather|Sandstorm|[from] ability: Sand Stream|[of] p1a: Tyranitar\n|move|p2a: Giratina|Earthquake|p1a: Tyranitar\n|-supereffective|p1a: Tyranitar\n|-damage|p1a: Tyranitar|82\/100\n|-enditem|p1a: Tyranitar|Weakness Policy\n|-boost|p1a: Tyranitar|atk|2|[from] item: Weakness Policy\n|-boost|p1a: Tyranitar|spa|2|[from] item: Weakness Policy\n|\n|-weather|Sandstorm|[upkeep]\n|-damage|p2a: Giratina|44\/100|[from] Sandstorm\n|upkeep\n|turn|5\n|\n|t:|1700096795\n|move|p1a: Tyranitar|Dragon Dance|p1a: Tyranitar\n|-boost|p1a: Tyranitar|atk|1\n|-boost|p1a: Tyranitar|spe|1\n|move|p2a: Giratina|Dragon Tail|p1a: Tyranitar|[miss]\n|-miss|p2a: Giratina|p1a: Tyranitar\n|\n|-weather|Sandstorm|[upkeep]\n|-damage|p2a: Giratina|38\/100|[from] Sandstorm\n|upkeep\n|turn|6\n|\n|t:|1700096800\n|move|p1a: Tyranitar|Knock Off|p2a: Giratina\n|-supereffective|p2a: Giratina\n|-damage|p2a: Giratina|0 fnt\n|faint|p2a: Giratina\n|\n|-weather|Sandstorm|[upkeep]\n|upkeep\n|\n|t:|1700096804\n|switch|p2a: Kyogre|Kyogre, shiny|100\/100\n|detailschange|p2a: Kyogre|Kyogre-Primal, shiny\n|-primal|p2a: Kyogre|Blue Orb\n|-weather|PrimordialSea|[from] ability: Primordial Sea|[of] p2a: Kyogre\n|turn|7\n|\n|t:|1700096809\n|move|p1a: Tyranitar|Stone Edge|p2a: Kyogre\n|-damage|p2a: Kyogre|0 fnt\n|faint|p2a: Kyogre\n|-weather|none\n|\n|upkeep\n|\n|t:|1700096813\n|switch|p2a: Groudon|Groudon, shiny|100\/100\n|detailschange|p2a: Groudon|Groudon-Primal, shiny\n|-primal|p2a: Groudon|Red Orb\n|-weather|DesolateLand|[from] ability: Desolate Land|[of] p2a: Groudon\n|turn|8\n|\n|t:|1700096818\n|move|p1a: Tyranitar|Stone Edge|p2a: Groudon\n|-damage|p2a: Groudon|11\/100\n|move|p2a: Groudon|Earthquake|p1a: Tyranitar\n|-supereffective|p1a: Tyranitar\n|-crit|p1a: Tyranitar\n|-damage|p1a: Tyranitar|0 fnt\n|faint|p1a: Tyranitar\n|\n|-weather|DesolateLand|[upkeep]\n|-sideend|p1: WesHC|move: Light Screen\n|upkeep\n|\n|t:|1700096827\n|switch|p1a: Greninja|Greninja, M|100\/100\n|turn|9\n|\n|t:|1700096831\n|move|p1a: Greninja|Dark Pulse|p2a: Groudon\n|-damage|p2a: Groudon|0 fnt\n|faint|p2a: Groudon\n|-weather|none\n|-ability|p1a: Greninja|Battle Bond|boost\n|-boost|p1a: Greninja|atk|1\n|-boost|p1a: Greninja|spa|1\n|-boost|p1a: Greninja|spe|1\n|-activate|p1a: Greninja|ability: Battle Bond\n|\n|-sideend|p1: WesHC|Reflect\n|upkeep\n|\n|t:|1700096837\n|switch|p2a: Flutter Mane|Flutter Mane|100\/100\n|turn|10\n|\n|t:|1700096847\n|move|p1a: Greninja|Hydro Pump|p2a: Flutter Mane\n|-damage|p2a: Flutter Mane|10\/100\n|move|p2a: Flutter Mane|Draining Kiss|p1a: Greninja\n|-supereffective|p1a: Greninja\n|-damage|p1a: Greninja|18\/100\n|-heal|p2a: Flutter Mane|81\/100|[from] drain|[of] p1a: Greninja\n|\n|upkeep\n|turn|11\n|\n|t:|1700096857\n|-end|p2a: Flutter Mane|Protosynthesis|[silent]\n|switch|p2a: Octillery|Octillery, M|100\/100\n|move|p1a: Greninja|Hydro Pump|p2a: Octillery\n|-resisted|p2a: Octillery\n|-damage|p2a: Octillery|52\/100\n|\n|-heal|p2a: Octillery|58\/100|[from] item: Leftovers\n|-ability|p2a: Octillery|Moody|boost\n|-boost|p2a: Octillery|atk|2\n|-unboost|p2a: Octillery|spa|1\n|upkeep\n|turn|12\n|\n|t:|1700096865\n|move|p1a: Greninja|Dark Pulse|p2a: Octillery\n|-damage|p2a: Octillery|0 fnt\n|faint|p2a: Octillery\n|\n|upkeep\n|\n|t:|1700096869\n|switch|p2a: Garganacl|Garganacl, F|100\/100\n|turn|13\n|\n|t:|1700096889\n|-terastallize|p2a: Garganacl|Flying\n|move|p1a: Greninja|Hydro Pump|p2a: Garganacl\n|-damage|p2a: Garganacl|32\/100\n|move|p2a: Garganacl|Salt Cure|p1a: Greninja\n|-damage|p1a: Greninja|0 fnt\n|faint|p1a: Greninja\n|\n|-heal|p2a: Garganacl|38\/100|[from] item: Leftovers\n|upkeep\n|\n|t:|1700096900\n|switch|p1a: Grimmsnarl|Grimmsnarl, M|69\/100 tox\n|turn|14\n|\n|t:|1700096907\n|move|p2a: Garganacl|Protect|p2a: Garganacl\n|-singleturn|p2a: Garganacl|Protect\n|move|p1a: Grimmsnarl|Reflect|p1a: Grimmsnarl\n|-sidestart|p1: WesHC|Reflect\n|\n|-heal|p2a: Garganacl|44\/100|[from] item: Leftovers\n|-damage|p1a: Grimmsnarl|63\/100 tox|[from] psn\n|upkeep\n|turn|15\n|\n|t:|1700096916\n|move|p1a: Grimmsnarl|Light Screen|p1a: Grimmsnarl\n|-sidestart|p1: WesHC|move: Light Screen\n|move|p2a: Garganacl|Iron Defense|p2a: Garganacl\n|-boost|p2a: Garganacl|def|2\n|\n|-heal|p2a: Garganacl|50\/100|[from] item: Leftovers\n|-damage|p1a: Grimmsnarl|51\/100 tox|[from] psn\n|upkeep\n|turn|16\n|\n|t:|1700096921\n|move|p1a: Grimmsnarl|Parting Shot|p2a: Garganacl\n|-unboost|p2a: Garganacl|atk|1\n|-unboost|p2a: Garganacl|spa|1\n|\n|t:|1700096928\n|switch|p1a: Sableye|Sableye, M|100\/100|[from] Parting Shot\n|move|p2a: Garganacl|Iron Defense|p2a: Garganacl\n|-boost|p2a: Garganacl|def|2\n|\n|-heal|p2a: Garganacl|57\/100|[from] item: Leftovers\n|upkeep\n|turn|17\n|\n|t:|1700096936\n|detailschange|p1a: Sableye|Sableye-Mega, M\n|-mega|p1a: Sableye|Sableye|Sablenite\n|move|p2a: Garganacl|Protect|p2a: Garganacl\n|-singleturn|p2a: Garganacl|Protect\n|move|p1a: Sableye|Seismic Toss|p2a: Garganacl\n|-activate|p2a: Garganacl|move: Protect\n|\n|-heal|p2a: Garganacl|63\/100|[from] item: Leftovers\n|upkeep\n|turn|18\n|\n|t:|1700096944\n|move|p2a: Garganacl|Salt Cure|p1a: Sableye\n|-damage|p1a: Sableye|96\/100\n|-start|p1a: Sableye|Salt Cure\n|move|p1a: Sableye|Seismic Toss|p2a: Garganacl\n|-damage|p2a: Garganacl|38\/100\n|\n|-heal|p2a: Garganacl|44\/100|[from] item: Leftovers\n|-damage|p1a: Sableye|84\/100|[from] Salt Cure\n|upkeep\n|turn|19\n|\n|t:|1700096953\n|move|p2a: Garganacl|Protect|p2a: Garganacl\n|-singleturn|p2a: Garganacl|Protect\n|move|p1a: Sableye|Seismic Toss|p2a: Garganacl\n|-activate|p2a: Garganacl|move: Protect\n|\n|-heal|p2a: Garganacl|50\/100|[from] item: Leftovers\n|-damage|p1a: Sableye|72\/100|[from] Salt Cure\n|upkeep\n|turn|20\n|\n|t:|1700096962\n|move|p2a: Garganacl|Iron Defense|p2a: Garganacl\n|-boost|p2a: Garganacl|def|2\n|move|p1a: Sableye|Seismic Toss|p2a: Garganacl\n|-damage|p2a: Garganacl|26\/100\n|\n|-heal|p2a: Garganacl|32\/100|[from] item: Leftovers\n|-damage|p1a: Sableye|59\/100|[from] Salt Cure\n|upkeep\n|turn|21\n|\n|t:|1700096967\n|move|p2a: Garganacl|Protect|p2a: Garganacl\n|-singleturn|p2a: Garganacl|Protect\n|move|p1a: Sableye|Recover|p1a: Sableye\n|-heal|p1a: Sableye|100\/100\n|\n|-heal|p2a: Garganacl|38\/100|[from] item: Leftovers\n|-damage|p1a: Sableye|88\/100|[from] Salt Cure\n|-sideend|p1: WesHC|Reflect\n|upkeep\n|turn|22\n|\n|t:|1700096976\n|move|p2a: Garganacl|Salt Cure|p1a: Sableye\n|-damage|p1a: Sableye|78\/100\n|move|p1a: Sableye|Seismic Toss|p2a: Garganacl\n|-damage|p2a: Garganacl|13\/100\n|\n|-heal|p2a: Garganacl|20\/100|[from] item: Leftovers\n|-damage|p1a: Sableye|66\/100|[from] Salt Cure\n|-sideend|p1: WesHC|move: Light Screen\n|upkeep\n|turn|23\n|\n|t:|1700096982\n|move|p2a: Garganacl|Protect|p2a: Garganacl\n|-singleturn|p2a: Garganacl|Protect\n|move|p1a: Sableye|Seismic Toss|p2a: Garganacl\n|-activate|p2a: Garganacl|move: Protect\n|\n|-heal|p2a: Garganacl|26\/100|[from] item: Leftovers\n|-damage|p1a: Sableye|53\/100|[from] Salt Cure\n|upkeep\n|turn|24\n|\n|t:|1700096994\n|move|p2a: Garganacl|Recover|p2a: Garganacl\n|-heal|p2a: Garganacl|76\/100\n|move|p1a: Sableye|Seismic Toss|p2a: Garganacl\n|-damage|p2a: Garganacl|51\/100\n|\n|-heal|p2a: Garganacl|57\/100|[from] item: Leftovers\n|-damage|p1a: Sableye|41\/100|[from] Salt Cure\n|upkeep\n|turn|25\n|\n|t:|1700097000\n|move|p2a: Garganacl|Salt Cure|p1a: Sableye\n|-crit|p1a: Sableye\n|-damage|p1a: Sableye|21\/100\n|move|p1a: Sableye|Recover|p1a: Sableye\n|-heal|p1a: Sableye|71\/100\n|\n|-heal|p2a: Garganacl|63\/100|[from] item: Leftovers\n|-damage|p1a: Sableye|59\/100|[from] Salt Cure\n|upkeep\n|turn|26\n|\n|t:|1700097006\n|move|p2a: Garganacl|Salt Cure|p1a: Sableye\n|-damage|p1a: Sableye|50\/100\n|move|p1a: Sableye|Recover|p1a: Sableye\n|-heal|p1a: Sableye|99\/100\n|\n|-heal|p2a: Garganacl|70\/100|[from] item: Leftovers\n|-damage|p1a: Sableye|87\/100|[from] Salt Cure\n|upkeep\n|turn|27\n|\n|t:|1700097011\n|move|p2a: Garganacl|Salt Cure|p1a: Sableye\n|-damage|p1a: Sableye|77\/100\n|move|p1a: Sableye|Seismic Toss|p2a: Garganacl\n|-damage|p2a: Garganacl|45\/100\n|\n|-heal|p2a: Garganacl|51\/100|[from] item: Leftovers\n|-damage|p1a: Sableye|65\/100|[from] Salt Cure\n|upkeep\n|turn|28\n|\n|t:|1700097019\n|move|p2a: Garganacl|Protect|p2a: Garganacl\n|-singleturn|p2a: Garganacl|Protect\n|move|p1a: Sableye|Seismic Toss|p2a: Garganacl\n|-activate|p2a: Garganacl|move: Protect\n|\n|-heal|p2a: Garganacl|57\/100|[from] item: Leftovers\n|-damage|p1a: Sableye|53\/100|[from] Salt Cure\n|upkeep\n|turn|29\n|\n|t:|1700097033\n|move|p2a: Garganacl|Salt Cure|p1a: Sableye\n|-damage|p1a: Sableye|44\/100\n|move|p1a: Sableye|Seismic Toss|p2a: Garganacl\n|-damage|p2a: Garganacl|32\/100\n|\n|-heal|p2a: Garganacl|39\/100|[from] item: Leftovers\n|-damage|p1a: Sableye|31\/100|[from] Salt Cure\n|upkeep\n|turn|30\n|\n|t:|1700097043\n|move|p2a: Garganacl|Salt Cure|p1a: Sableye\n|-damage|p1a: Sableye|23\/100\n|move|p1a: Sableye|Recover|p1a: Sableye\n|-heal|p1a: Sableye|73\/100\n|\n|-heal|p2a: Garganacl|45\/100|[from] item: Leftovers\n|-damage|p1a: Sableye|60\/100|[from] Salt Cure\n|upkeep\n|turn|31\n|\n|t:|1700097066\n|move|p2a: Garganacl|Salt Cure|p1a: Sableye\n|-damage|p1a: Sableye|51\/100\n|move|p1a: Sableye|Recover|p1a: Sableye\n|-heal|p1a: Sableye|100\/100\n|\n|-heal|p2a: Garganacl|51\/100|[from] item: Leftovers\n|-damage|p1a: Sableye|88\/100|[from] Salt Cure\n|upkeep\n|turn|32\n|\n|t:|1700097075\n|move|p2a: Garganacl|Recover|p2a: Garganacl\n|-heal|p2a: Garganacl|100\/100\n|move|p1a: Sableye|Seismic Toss|p2a: Garganacl\n|-damage|p2a: Garganacl|76\/100\n|\n|-heal|p2a: Garganacl|82\/100|[from] item: Leftovers\n|-damage|p1a: Sableye|76\/100|[from] Salt Cure\n|upkeep\n|turn|33\n|c|\u2606Exzavionte|we stall\n|\n|t:|1700097088\n|switch|p1a: Darkrai|Darkrai|100\/100\n|move|p2a: Garganacl|Salt Cure|p1a: Darkrai\n|-damage|p1a: Darkrai|88\/100\n|-start|p1a: Darkrai|Salt Cure\n|\n|-heal|p2a: Garganacl|88\/100|[from] item: Leftovers\n|-damage|p1a: Darkrai|75\/100|[from] Salt Cure\n|upkeep\n|turn|34\n|c|\u2606WesHC|So bored...\n|\n|t:|1700097095\n|move|p2a: Garganacl|Protect|p2a: Garganacl\n|-singleturn|p2a: Garganacl|Protect\n|move|p1a: Darkrai|Nasty Plot|p1a: Darkrai\n|-boost|p1a: Darkrai|spa|2\n|\n|-heal|p2a: Garganacl|94\/100|[from] item: Leftovers\n|-damage|p1a: Darkrai|63\/100|[from] Salt Cure\n|upkeep\n|turn|35\n|\n|t:|1700097101\n|-zpower|p1a: Darkrai\n|move|p1a: Darkrai|Z-Hypnosis|p2a: Garganacl|[anim]Hypnosis|[miss]\n|-boost|p1a: Darkrai|spe|1|[zeffect]\n|-miss|p1a: Darkrai|p2a: Garganacl\n|move|p2a: Garganacl|Salt Cure|p1a: Darkrai\n|-damage|p1a: Darkrai|50\/100\n|\n|-heal|p2a: Garganacl|100\/100|[from] item: Leftovers\n|-damage|p1a: Darkrai|38\/100|[from] Salt Cure\n|upkeep\n|turn|36\n|\n|t:|1700097106\n|move|p1a: Darkrai|Dark Pulse|p2a: Garganacl\n|-damage|p2a: Garganacl|25\/100\n|move|p2a: Garganacl|Salt Cure|p1a: Darkrai\n|-damage|p1a: Darkrai|26\/100\n|\n|-heal|p2a: Garganacl|31\/100|[from] item: Leftovers\n|-damage|p1a: Darkrai|13\/100|[from] Salt Cure\n|upkeep\n|turn|37\n|\n|t:|1700097114\n|move|p2a: Garganacl|Protect|p2a: Garganacl\n|-singleturn|p2a: Garganacl|Protect\n|move|p1a: Darkrai|Dark Pulse|p2a: Garganacl\n|-activate|p2a: Garganacl|move: Protect\n|\n|-heal|p2a: Garganacl|38\/100|[from] item: Leftovers\n|-damage|p1a: Darkrai|1\/100|[from] Salt Cure\n|upkeep\n|turn|38\n|\n|t:|1700097121\n|move|p2a: Garganacl|Protect|p2a: Garganacl\n|-singleturn|p2a: Garganacl|Protect\n|move|p1a: Darkrai|Dark Pulse|p2a: Garganacl\n|-activate|p2a: Garganacl|move: Protect\n|\n|-heal|p2a: Garganacl|44\/100|[from] item: Leftovers\n|-damage|p1a: Darkrai|0 fnt|[from] Salt Cure\n|faint|p1a: Darkrai\n|upkeep\n|c|\u2606WesHC|FUUUUUUUUUUUUUCK!\n|\n|t:|1700097129\n|switch|p1a: Sableye|Sableye-Mega, M|76\/100\n|turn|39\n|\n|t:|1700097134\n|move|p2a: Garganacl|Salt Cure|p1a: Sableye\n|-damage|p1a: Sableye|67\/100\n|-start|p1a: Sableye|Salt Cure\n|move|p1a: Sableye|Seismic Toss|p2a: Garganacl\n|-damage|p2a: Garganacl|19\/100\n|\n|-heal|p2a: Garganacl|25\/100|[from] item: Leftovers\n|-damage|p1a: Sableye|55\/100|[from] Salt Cure\n|upkeep\n|turn|40\n|c|\u2606Exzavionte|yay\n|c|\u2606WesHC|Chingada madre\n|\n|t:|1700097148\n|move|p2a: Garganacl|Recover|p2a: Garganacl\n|-heal|p2a: Garganacl|75\/100\n|move|p1a: Sableye|Recover|p1a: Sableye\n|-heal|p1a: Sableye|100\/100\n|\n|-heal|p2a: Garganacl|81\/100|[from] item: Leftovers\n|-damage|p1a: Sableye|88\/100|[from] Salt Cure\n|upkeep\n|turn|41\n|\n|t:|1700097164\n|move|p2a: Garganacl|Salt Cure|p1a: Sableye\n|-damage|p1a: Sableye|78\/100\n|move|p1a: Sableye|Seismic Toss|p2a: Garganacl\n|-damage|p2a: Garganacl|57\/100\n|\n|-heal|p2a: Garganacl|63\/100|[from] item: Leftovers\n|-damage|p1a: Sableye|66\/100|[from] Salt Cure\n|upkeep\n|turn|42\n|\n|t:|1700097175\n|move|p2a: Garganacl|Salt Cure|p1a: Sableye\n|-damage|p1a: Sableye|57\/100\n|move|p1a: Sableye|Seismic Toss|p2a: Garganacl\n|-damage|p2a: Garganacl|38\/100\n|\n|-heal|p2a: Garganacl|44\/100|[from] item: Leftovers\n|-damage|p1a: Sableye|45\/100|[from] Salt Cure\n|upkeep\n|turn|43\n|\n|t:|1700097188\n|move|p2a: Garganacl|Protect|p2a: Garganacl\n|-singleturn|p2a: Garganacl|Protect\n|move|p1a: Sableye|Seismic Toss|p2a: Garganacl\n|-activate|p2a: Garganacl|move: Protect\n|\n|-heal|p2a: Garganacl|50\/100|[from] item: Leftovers\n|-damage|p1a: Sableye|32\/100|[from] Salt Cure\n|upkeep\n|turn|44\n|\n|t:|1700097196\n|move|p2a: Garganacl|Salt Cure|p1a: Sableye\n|-damage|p1a: Sableye|22\/100\n|move|p1a: Sableye|Seismic Toss|p2a: Garganacl\n|-damage|p2a: Garganacl|26\/100\n|\n|-heal|p2a: Garganacl|32\/100|[from] item: Leftovers\n|-damage|p1a: Sableye|10\/100|[from] Salt Cure\n|upkeep\n|turn|45\n|\n|t:|1700097203\n|move|p2a: Garganacl|Salt Cure|p1a: Sableye\n|-damage|p1a: Sableye|1\/100\n|move|p1a: Sableye|Recover|p1a: Sableye\n|-heal|p1a: Sableye|51\/100\n|\n|-heal|p2a: Garganacl|38\/100|[from] item: Leftovers\n|-damage|p1a: Sableye|39\/100|[from] Salt Cure\n|upkeep\n|turn|46\n|\n|t:|1700097211\n|move|p2a: Garganacl|Protect|p2a: Garganacl\n|-singleturn|p2a: Garganacl|Protect\n|move|p1a: Sableye|Recover|p1a: Sableye\n|-heal|p1a: Sableye|89\/100\n|\n|-heal|p2a: Garganacl|44\/100|[from] item: Leftovers\n|-damage|p1a: Sableye|77\/100|[from] Salt Cure\n|upkeep\n|turn|47\n|\n|t:|1700097216\n|move|p2a: Garganacl|Recover|p2a: Garganacl\n|-heal|p2a: Garganacl|94\/100\n|move|p1a: Sableye|Seismic Toss|p2a: Garganacl\n|-damage|p2a: Garganacl|70\/100\n|\n|-heal|p2a: Garganacl|76\/100|[from] item: Leftovers\n|-damage|p1a: Sableye|64\/100|[from] Salt Cure\n|upkeep\n|turn|48\n|\n|t:|1700097220\n|move|p2a: Garganacl|Iron Defense|p2a: Garganacl\n|-boost|p2a: Garganacl|def|0\n|move|p1a: Sableye|Foul Play|p2a: Garganacl\n|-damage|p2a: Garganacl|73\/100\n|\n|-heal|p2a: Garganacl|79\/100|[from] item: Leftovers\n|-damage|p1a: Sableye|52\/100|[from] Salt Cure\n|upkeep\n|turn|49\n|\n|t:|1700097226\n|move|p2a: Garganacl|Iron Defense|p2a: Garganacl\n|-boost|p2a: Garganacl|def|0\n|move|p1a: Sableye|Seismic Toss|p2a: Garganacl\n|-damage|p2a: Garganacl|54\/100\n|\n|-heal|p2a: Garganacl|60\/100|[from] item: Leftovers\n|-damage|p1a: Sableye|39\/100|[from] Salt Cure\n|upkeep\n|turn|50\n|\n|t:|1700097234\n|move|p2a: Garganacl|Iron Defense|p2a: Garganacl\n|-boost|p2a: Garganacl|def|0\n|move|p1a: Sableye|Foul Play|p2a: Garganacl\n|-crit|p2a: Garganacl\n|-damage|p2a: Garganacl|32\/100\n|\n|-heal|p2a: Garganacl|39\/100|[from] item: Leftovers\n|-damage|p1a: Sableye|27\/100|[from] Salt Cure\n|upkeep\n|turn|51\n|\n|t:|1700097243\n|move|p2a: Garganacl|Recover|p2a: Garganacl\n|-heal|p2a: Garganacl|89\/100\n|move|p1a: Sableye|Seismic Toss|p2a: Garganacl\n|-damage|p2a: Garganacl|64\/100\n|\n|-heal|p2a: Garganacl|70\/100|[from] item: Leftovers\n|-damage|p1a: Sableye|15\/100|[from] Salt Cure\n|upkeep\n|turn|52\n|\n|t:|1700097251\n|move|p2a: Garganacl|Iron Defense|p2a: Garganacl\n|-boost|p2a: Garganacl|def|0\n|move|p1a: Sableye|Seismic Toss|p2a: Garganacl\n|-damage|p2a: Garganacl|45\/100\n|\n|-heal|p2a: Garganacl|51\/100|[from] item: Leftovers\n|-damage|p1a: Sableye|2\/100|[from] Salt Cure\n|upkeep\n|turn|53\n|\n|t:|1700097260\n|move|p2a: Garganacl|Iron Defense|p2a: Garganacl\n|-boost|p2a: Garganacl|def|0\n|move|p1a: Sableye|Seismic Toss|p2a: Garganacl\n|-damage|p2a: Garganacl|27\/100\n|\n|-heal|p2a: Garganacl|33\/100|[from] item: Leftovers\n|-damage|p1a: Sableye|0 fnt|[from] Salt Cure\n|faint|p1a: Sableye\n|upkeep\n|\n|t:|1700097274\n|switch|p1a: Grimmsnarl|Grimmsnarl, M|51\/100 tox\n|turn|54\n|c|\u2606WesHC|FUCK!\n|c|\u2606WesHC|Miss click\n|\n|t:|1700097283\n|move|p1a: Grimmsnarl|Parting Shot|p2a: Garganacl\n|-unboost|p2a: Garganacl|atk|1\n|-unboost|p2a: Garganacl|spa|1\n|\n|t:|1700097285\n|switch|p1a: Bisharp|Bisharp, M|100\/100|[from] Parting Shot\n|move|p2a: Garganacl|Salt Cure|p1a: Bisharp\n|-resisted|p1a: Bisharp\n|-damage|p1a: Bisharp|97\/100\n|-start|p1a: Bisharp|Salt Cure\n|\n|-heal|p2a: Garganacl|39\/100|[from] item: Leftovers\n|-damage|p1a: Bisharp|72\/100|[from] Salt Cure\n|upkeep\n|turn|55\n|\n|t:|1700097296\n|move|p1a: Bisharp|Swords Dance|p1a: Bisharp\n|-boost|p1a: Bisharp|atk|2\n|move|p2a: Garganacl|Recover|p2a: Garganacl\n|-heal|p2a: Garganacl|89\/100\n|\n|-heal|p2a: Garganacl|95\/100|[from] item: Leftovers\n|-damage|p1a: Bisharp|48\/100|[from] Salt Cure\n|upkeep\n|turn|56\n|\n|t:|1700097304\n|move|p1a: Bisharp|Swords Dance|p1a: Bisharp\n|-boost|p1a: Bisharp|atk|2\n|move|p2a: Garganacl|Salt Cure|p1a: Bisharp\n|-resisted|p1a: Bisharp\n|-damage|p1a: Bisharp|44\/100\n|\n|-heal|p2a: Garganacl|100\/100|[from] item: Leftovers\n|-damage|p1a: Bisharp|20\/100|[from] Salt Cure\n|upkeep\n|turn|57\n|\n|t:|1700097313\n|move|p1a: Bisharp|Stone Edge|p2a: Garganacl\n|-supereffective|p2a: Garganacl\n|-damage|p2a: Garganacl|70\/100\n|move|p2a: Garganacl|Salt Cure|p1a: Bisharp\n|-resisted|p1a: Bisharp\n|-damage|p1a: Bisharp|16\/100\n|\n|-heal|p2a: Garganacl|76\/100|[from] item: Leftovers\n|-damage|p1a: Bisharp|0 fnt|[from] Salt Cure\n|faint|p1a: Bisharp\n|upkeep\n|-message|WesHC forfeited.\n|\n|win|Exzavionte\n|raw|WesHC's rating: 1266 &rarr; <strong>1242<\/strong><br \/>(-24 for losing)\n|raw|Exzavionte's rating: 1273 &rarr; <strong>1297<\/strong><br \/>(+24 for winning)\n|l|\u2606WesHC\n","uploadtime":1700097127,"views":8,"p1id":"weshc","p2id":"exzavionte","formatid":"gen9nationaldexubers","rating":1242,"private":0,"password":""}