{"id":"gen9nationaldexubers-1999260679","p1":"Elixsmokezzdem","p2":"opopikoss","format":"[Gen 9] National Dex Ubers","log":"|j|\u2606Elixsmokezzdem\n|j|\u2606opopikoss\n|t:|1701052000\n|gametype|singles\n|player|p1|Elixsmokezzdem|youngcouple|1229\n|player|p2|opopikoss|lucas|1331\n|teamsize|p1|6\n|teamsize|p2|6\n|gen|9\n|tier|[Gen 9] National Dex Ubers\n|rated|\n|rule|HP Percentage Mod: HP is shown in percentages\n|rule|Endless Battle Clause: Forcing endless battles is banned\n|rule|OHKO Clause: OHKO moves are banned\n|rule|Evasion Moves Clause: Evasion moves are banned\n|rule|Evasion Items Clause: Evasion items are banned\n|rule|Species Clause: Limit one of each Pok\u00e9mon\n|rule|Sleep Clause Mod: Limit one foe put to sleep\n|rule|Mega Rayquaza Clause: You cannot mega evolve Rayquaza\n|clearpoke\n|poke|p1|Zygarde|\n|poke|p1|Melmetal|\n|poke|p1|Incineroar, M|\n|poke|p1|Bronzong|\n|poke|p1|Blastoise, F|\n|poke|p1|Porygon2|\n|poke|p2|Tornadus-Therian, M|\n|poke|p2|Great Tusk|\n|poke|p2|Chien-Pao|\n|poke|p2|Magearna|\n|poke|p2|Skeledirge, M|\n|poke|p2|Scizor, M|\n|teampreview\n|j| jasifkajfsjfg\n|c| jasifkajfsjfg|imagine one day you wake up and you are Tate, built like hercules, caramel, check the bank, full of money, you pick up a 3000 dollar aramni shirt and dont even button it up, what would you do\n|c|\u2606Elixsmokezzdem|Dawg\n|c| jasifkajfsjfg|I will follow you\n|c|\u2606Elixsmokezzdem|No\n|c|\u2606Elixsmokezzdem|Follow someone else\n|c| jasifkajfsjfg|how about this\n|c|\u2606opopikoss|LMAO\n|inactive|Battle timer is ON: inactive players will automatically lose when time's up. (requested by Elixsmokezzdem)\n|\n|t:|1701052036\n|start\n|switch|p1a: Bronzong|Bronzong, shiny|100\/100\n|switch|p2a: Magearna|Magearna|100\/100\n|turn|1\n|c| jasifkajfsjfg|who is this\n|c|\u2606Elixsmokezzdem|Opop\n|c|\u2606Elixsmokezzdem|Help me\n|c|\u2606opopikoss|idk\n|c| jasifkajfsjfg|opopikoss?\n|c|\u2606Elixsmokezzdem|This guy is harassing me\n|c| jasifkajfsjfg|I am\n|n|!opopikoss|opopikoss\n|\n|t:|1701052065\n|move|p2a: Magearna|Shift Gear|p2a: Magearna\n|-boost|p2a: Magearna|spe|2\n|-boost|p2a: Magearna|atk|1\n|move|p1a: Bronzong|Trick Room|p1a: Bronzong\n|-fieldstart|move: Trick Room|[of] p1a: Bronzong\n|\n|upkeep\n|turn|2\n|c| jasifkajfsjfg|beacuse he wont fight me\n|c| jasifkajfsjfg|and wont awnser my question\n|c|\u2606Elixsmokezzdem|Let me cook up this fight rq\n|\n|t:|1701052083\n|move|p1a: Bronzong|Stealth Rock|p2a: Magearna\n|-sidestart|p2: opopikoss|move: Stealth Rock\n|move|p2a: Magearna|Calm Mind|p2a: Magearna\n|-boost|p2a: Magearna|spa|1\n|-boost|p2a: Magearna|spd|1\n|\n|upkeep\n|turn|3\n|c|\u2606Elixsmokezzdem|My trick room team god tier\n|c| jasifkajfsjfg|and then we will fight\n|c| jasifkajfsjfg|okay\n|inactive|Elixsmokezzdem has 120 seconds left.\n|\n|t:|1701052105\n|move|p1a: Bronzong|Gyro Ball|p2a: Magearna\n|-damage|p2a: Magearna|65\/100\n|move|p2a: Magearna|Calm Mind|p2a: Magearna\n|-boost|p2a: Magearna|spa|1\n|-boost|p2a: Magearna|spd|1\n|\n|-heal|p2a: Magearna|71\/100|[from] item: Leftovers\n|upkeep\n|turn|4\n|c| jasifkajfsjfg|aggred?\n|c| jasifkajfsjfg|agreed\n|inactive|Elixsmokezzdem has 120 seconds left.\n|\n|t:|1701052124\n|switch|p1a: Melmetal|Melmetal, shiny|100\/100\n|move|p2a: Magearna|Calm Mind|p2a: Magearna\n|-boost|p2a: Magearna|spa|1\n|-boost|p2a: Magearna|spd|1\n|\n|-heal|p2a: Magearna|77\/100|[from] item: Leftovers\n|upkeep\n|turn|5\n|inactive|Elixsmokezzdem has 120 seconds left.\n|c| jasifkajfsjfg|also by the way the other guy is 100% about to beat you\n|\n|t:|1701052141\n|-terastallize|p2a: Magearna|Ground\n|move|p1a: Melmetal|Earthquake|p2a: Magearna\n|-damage|p2a: Magearna|24\/100\n|move|p2a: Magearna|Stored Power|p1a: Melmetal\n|-resisted|p1a: Melmetal\n|-damage|p1a: Melmetal|9\/100\n|\n|-heal|p2a: Magearna|30\/100|[from] item: Leftovers\n|-fieldend|move: Trick Room\n|upkeep\n|turn|6\n|inactive|Elixsmokezzdem has 120 seconds left.\n|c|\u2606Elixsmokezzdem|Hp ground is insane\n|c|\u2606Elixsmokezzdem|These people play weird ash\n|c| jasifkajfsjfg|nah maybe you are just bad\n|inactive|Elixsmokezzdem has 90 seconds left.\n|\n|t:|1701052185\n|switch|p1a: Bronzong|Bronzong, shiny|100\/100\n|move|p2a: Magearna|Stored Power|p1a: Bronzong\n|-resisted|p1a: Bronzong\n|-damage|p1a: Bronzong|70\/100\n|\n|-heal|p2a: Magearna|36\/100|[from] item: Leftovers\n|-heal|p1a: Bronzong|76\/100|[from] item: Leftovers\n|upkeep\n|turn|7\n|c| jasifkajfsjfg|ever thought about that\n|inactive|Elixsmokezzdem has 90 seconds left.\n|c|\u2606Elixsmokezzdem|Im still gonna win\n|\n|t:|1701052207\n|move|p2a: Magearna|Stored Power|p1a: Bronzong\n|-resisted|p1a: Bronzong\n|-damage|p1a: Bronzong|46\/100\n|move|p1a: Bronzong|Trick Room|p1a: Bronzong\n|-fieldstart|move: Trick Room|[of] p1a: Bronzong\n|\n|-heal|p1a: Bronzong|52\/100|[from] item: Leftovers\n|-heal|p2a: Magearna|42\/100|[from] item: Leftovers\n|upkeep\n|turn|8\n|c| jasifkajfsjfg|Ight lets see that then\n|\n|t:|1701052216\n|move|p1a: Bronzong|Gyro Ball|p2a: Magearna\n|-damage|p2a: Magearna|8\/100\n|move|p2a: Magearna|Stored Power|p1a: Bronzong\n|-resisted|p1a: Bronzong\n|-damage|p1a: Bronzong|24\/100\n|\n|-heal|p1a: Bronzong|30\/100|[from] item: Leftovers\n|-heal|p2a: Magearna|14\/100|[from] item: Leftovers\n|upkeep\n|turn|9\n|inactive|Elixsmokezzdem has 90 seconds left.\n|\n|t:|1701052226\n|move|p1a: Bronzong|Gyro Ball|p2a: Magearna\n|-damage|p2a: Magearna|0 fnt\n|faint|p2a: Magearna\n|\n|-heal|p1a: Bronzong|36\/100|[from] item: Leftovers\n|upkeep\n|\n|t:|1701052236\n|switch|p2a: Skeledirge|Skeledirge, M|100\/100\n|turn|10\n|inactive|Elixsmokezzdem has 90 seconds left.\n|\n|t:|1701052261\n|move|p1a: Bronzong|Toxic|p2a: Skeledirge\n|-status|p2a: Skeledirge|tox\n|move|p2a: Skeledirge|Torch Song|p1a: Bronzong\n|-supereffective|p1a: Bronzong\n|-damage|p1a: Bronzong|0 fnt\n|-boost|p2a: Skeledirge|spa|1\n|faint|p1a: Bronzong\n|\n|-damage|p2a: Skeledirge|94\/100 tox|[from] psn\n|upkeep\n|inactive|Elixsmokezzdem has 60 seconds left.\n|\n|t:|1701052284\n|switch|p1a: Blastoise|Blastoise, F, shiny|100\/100\n|turn|11\n|\n|t:|1701052289\n|detailschange|p1a: Blastoise|Blastoise-Mega, F, shiny\n|-mega|p1a: Blastoise|Blastoise|Blastoisinite\n|move|p2a: Skeledirge|Will-O-Wisp|p1a: Blastoise\n|-status|p1a: Blastoise|brn\n|move|p1a: Blastoise|Water Pulse|p2a: Skeledirge\n|-supereffective|p2a: Skeledirge\n|-damage|p2a: Skeledirge|0 fnt\n|faint|p2a: Skeledirge\n|\n|-damage|p1a: Blastoise|94\/100 brn|[from] brn\n|-fieldend|move: Trick Room\n|upkeep\n|\n|t:|1701052299\n|switch|p2a: Great Tusk|Great Tusk|100\/100\n|-damage|p2a: Great Tusk|98\/100|[from] Stealth Rock\n|-enditem|p2a: Great Tusk|Booster Energy\n|-activate|p2a: Great Tusk|ability: Protosynthesis|[fromitem]\n|-start|p2a: Great Tusk|protosynthesisatk\n|turn|12\n|c|\u2606Elixsmokezzdem|Willo wisp \ud83d\udc80\n|c| jasifkajfsjfg|what\n|\n|t:|1701052318\n|move|p2a: Great Tusk|Rapid Spin|p1a: Blastoise\n|-damage|p1a: Blastoise|75\/100 brn\n|-boost|p2a: Great Tusk|spe|1\n|-sideend|p2: opopikoss|Stealth Rock|[from] move: Rapid Spin|[of] p2a: Great Tusk\n|move|p1a: Blastoise|Dark Pulse|p2a: Great Tusk\n|-resisted|p2a: Great Tusk\n|-damage|p2a: Great Tusk|61\/100\n|\n|-damage|p1a: Blastoise|69\/100 brn|[from] brn\n|upkeep\n|turn|13\n|\n|t:|1701052329\n|move|p2a: Great Tusk|Close Combat|p1a: Blastoise\n|-damage|p1a: Blastoise|1\/100 brn\n|-unboost|p2a: Great Tusk|def|1\n|-unboost|p2a: Great Tusk|spd|1\n|move|p1a: Blastoise|Water Pulse|p2a: Great Tusk\n|-supereffective|p2a: Great Tusk\n|-crit|p2a: Great Tusk\n|-damage|p2a: Great Tusk|0 fnt\n|faint|p2a: Great Tusk\n|-end|p2a: Great Tusk|Protosynthesis|[silent]\n|\n|-damage|p1a: Blastoise|0 fnt|[from] brn\n|faint|p1a: Blastoise\n|upkeep\n|\n|t:|1701052342\n|switch|p2a: Scizor|Scizor, M|100\/100\n|switch|p1a: Porygon2|Porygon2, shiny|100\/100\n|-ability|p1a: Porygon2|Download|boost\n|-boost|p1a: Porygon2|spa|1\n|turn|14\n|\n|t:|1701052352\n|detailschange|p2a: Scizor|Scizor-Mega, M\n|-mega|p2a: Scizor|Scizor|Scizorite\n|move|p2a: Scizor|Swords Dance|p2a: Scizor\n|-boost|p2a: Scizor|atk|2\n|move|p1a: Porygon2|Trick Room|p1a: Porygon2\n|-fieldstart|move: Trick Room|[of] p1a: Porygon2\n|\n|upkeep\n|turn|15\n|\n|t:|1701052359\n|move|p1a: Porygon2|Foul Play|p2a: Scizor\n|-damage|p2a: Scizor|46\/100\n|move|p2a: Scizor|Swords Dance|p2a: Scizor\n|-boost|p2a: Scizor|atk|2\n|\n|upkeep\n|turn|16\n|\n|t:|1701052369\n|move|p2a: Scizor|Bullet Punch|p1a: Porygon2\n|-damage|p1a: Porygon2|55\/100\n|move|p1a: Porygon2|Foul Play|p2a: Scizor\n|-crit|p2a: Scizor\n|-damage|p2a: Scizor|0 fnt\n|faint|p2a: Scizor\n|\n|upkeep\n|\n|t:|1701052374\n|switch|p2a: ENDORSES BAPE|Tornadus-Therian, M, shiny|100\/100\n|turn|17\n|\n|t:|1701052384\n|move|p1a: Porygon2|Recover|p1a: Porygon2\n|-heal|p1a: Porygon2|100\/100\n|move|p2a: ENDORSES BAPE|Nasty Plot|p2a: ENDORSES BAPE\n|-boost|p2a: ENDORSES BAPE|spa|2\n|\n|upkeep\n|turn|18\n|\n|t:|1701052391\n|move|p1a: Porygon2|Tri Attack|p2a: ENDORSES BAPE\n|-damage|p2a: ENDORSES BAPE|47\/100\n|move|p2a: ENDORSES BAPE|Nasty Plot|p2a: ENDORSES BAPE\n|-boost|p2a: ENDORSES BAPE|spa|2\n|\n|-fieldend|move: Trick Room\n|upkeep\n|turn|19\n|\n|t:|1701052409\n|-zpower|p2a: ENDORSES BAPE\n|move|p2a: ENDORSES BAPE|Supersonic Skystrike|p1a: Porygon2|[zeffect]\n|-damage|p1a: Porygon2|0 fnt\n|faint|p1a: Porygon2\n|\n|upkeep\n|inactive|Elixsmokezzdem has 90 seconds left.\n|\n|t:|1701052429\n|switch|p1a: Incineroar|Incineroar, M, shiny|100\/100\n|-ability|p1a: Incineroar|Intimidate|boost\n|-unboost|p2a: ENDORSES BAPE|atk|1\n|turn|20\n|\n|t:|1701052434\n|move|p1a: Incineroar|Fake Out|p2a: ENDORSES BAPE\n|-damage|p2a: ENDORSES BAPE|34\/100\n|cant|p2a: ENDORSES BAPE|flinch\n|\n|upkeep\n|turn|21\n|c| jasifkajfsjfg|you actually finna about to win\n|\n|t:|1701052453\n|-terastallize|p1a: Incineroar|Ghost\n|move|p2a: ENDORSES BAPE|Bleakwind Storm|p1a: Incineroar\n|-damage|p1a: Incineroar|0 fnt\n|faint|p1a: Incineroar\n|\n|upkeep\n|c| jasifkajfsjfg|nevermind\n|\n|t:|1701052459\n|switch|p1a: Melmetal|Melmetal, shiny|9\/100\n|turn|22\n|\n|t:|1701052463\n|move|p2a: ENDORSES BAPE|Heat Wave|p1a: Melmetal|[miss]\n|-miss|p2a: ENDORSES BAPE|p1a: Melmetal\n|move|p1a: Melmetal|Ice Punch|p2a: ENDORSES BAPE\n|-supereffective|p2a: ENDORSES BAPE\n|-damage|p2a: ENDORSES BAPE|0 fnt\n|faint|p2a: ENDORSES BAPE\n|\n|upkeep\n|\n|t:|1701052467\n|switch|p2a: Chien-Pao|Chien-Pao|100\/100\n|-ability|p2a: Chien-Pao|Sword of Ruin\n|turn|23\n|\n|t:|1701052477\n|move|p2a: Chien-Pao|Icicle Crash|p1a: Melmetal\n|-resisted|p1a: Melmetal\n|-damage|p1a: Melmetal|0 fnt\n|faint|p1a: Melmetal\n|\n|upkeep\n|c| jasifkajfsjfg|wait hol up\n|n|\u2606opopikoss|opopikoss\n|\n|t:|1701052482\n|switch|p1a: Zygarde|Zygarde, shiny|100\/100\n|turn|24\n|\n|t:|1701052485\n|move|p2a: Chien-Pao|Icicle Crash|p1a: Zygarde\n|-supereffective|p1a: Zygarde\n|-damage|p1a: Zygarde|0 fnt\n|faint|p1a: Zygarde\n|\n|win|opopikoss\n|raw|Elixsmokezzdem's rating: 1229 &rarr; <strong>1211<\/strong><br \/>(-18 for losing)\n|raw|opopikoss's rating: 1331 &rarr; <strong>1345<\/strong><br \/>(+14 for winning)\n","uploadtime":1701052062,"views":1,"p1id":"elixsmokezzdem","p2id":"opopikoss","formatid":"gen9nationaldexubers","rating":1211,"private":0,"password":""}