{"id":"gen9nationaldexubers-1983060380","p1":"Guj Genera","p2":"Disco 2003","format":"[Gen 9] National Dex Ubers","log":"|j|\u2606Guj Genera\n|j|\u2606Disco 2003\n|t:|1699077411\n|gametype|singles\n|player|p1|Guj Genera|red|\n|player|p2|Disco 2003|101|\n|teamsize|p1|6\n|teamsize|p2|6\n|gen|9\n|tier|[Gen 9] National Dex Ubers\n|rule|HP Percentage Mod: HP is shown in percentages\n|rule|Endless Battle Clause: Forcing endless battles is banned\n|rule|OHKO Clause: OHKO moves are banned\n|rule|Evasion Moves Clause: Evasion moves are banned\n|rule|Evasion Items Clause: Evasion items are banned\n|rule|Species Clause: Limit one of each Pok\u00e9mon\n|rule|Sleep Clause Mod: Limit one foe put to sleep\n|rule|Mega Rayquaza Clause: You cannot mega evolve Rayquaza\n|clearpoke\n|poke|p1|Landorus-Therian, M|\n|poke|p1|Zeraora|\n|poke|p1|Kommo-o, M|\n|poke|p1|Kartana|\n|poke|p1|Inteleon, M|\n|poke|p1|Cryogonal|\n|poke|p2|Runerigus, M|\n|poke|p2|Excadrill, M|\n|poke|p2|Gastrodon, F|\n|poke|p2|Landorus-Therian, M|\n|poke|p2|Ursaluna-Bloodmoon, M|\n|poke|p2|Hippowdon, F|\n|teampreview\n|inactive|Battle timer is ON: inactive players will automatically lose when time's up. (requested by Guj Genera)\n|j| Captainbruh1008\n|c|\u2606Guj Genera|Glhf\n|inactive|Disco 2003 has 270 seconds left.\n|j| Master of Mirrors\n|inactiveoff|Battle timer is now OFF.\n|c| Master of Mirrors|Thats a Runerigus\n|j| Astro nation y\n|\n|t:|1699077461\n|start\n|switch|p1a: Inteleon|Inteleon, M, shiny|100\/100\n|switch|p2a: Hippowdon|Hippowdon, F|100\/100\n|-weather|Sandstorm|[from] ability: Sand Stream|[of] p2a: Hippowdon\n|turn|1\n|j| vespyyy\n|\n|t:|1699077469\n|switch|p2a: The Mollusk|Gastrodon, F|100\/100\n|move|p1a: Inteleon|Ice Beam|p2a: The Mollusk\n|-damage|p2a: The Mollusk|60\/100\n|-status|p2a: The Mollusk|frz\n|\n|-weather|Sandstorm|[upkeep]\n|-damage|p1a: Inteleon|94\/100|[from] Sandstorm\n|upkeep\n|turn|2\n|j| Endgame Is Hot\n|c| Endgame Is Hot|Wtf\n|c| Master of Mirrors|Jfc\n|c| Master of Mirrors|Immediately\n|c| Endgame Is Hot|I thought we were gonna battle\n|c| Endgame Is Hot|???\n|c| Master of Mirrors|lmfao seif\n|c| Astro nation y|morgan always\n|c| Astro nation y|exposes\n|c| Astro nation y|people\n|c| Astro nation y|smh\n|c| Master of Mirrors|True\n|c|\u2606Guj Genera|U are next endgame\n|c| Astro nation y|LOL\n|c| Astro nation y|LOL\n|c| Astro nation y|LOL\n|c| Captainbruh1008|Bro\n|c| Captainbruh1008|._.\n|c| Endgame Is Hot|Okay sounds good bro\n|c| Astro nation y|GOAT red\n|j| k7eenex\n|c| Endgame Is Hot|Just remember\n|c| Endgame Is Hot|Im the grass gym\n|\n|t:|1699077517\n|move|p1a: Inteleon|Ice Beam|p2a: The Mollusk\n|-damage|p2a: The Mollusk|16\/100 frz\n|-curestatus|p2a: The Mollusk|frz|[from] move: Scald\n|move|p2a: The Mollusk|Scald|p1a: Inteleon\n|-resisted|p1a: Inteleon\n|-damage|p1a: Inteleon|73\/100\n|\n|-weather|Sandstorm|[upkeep]\n|-damage|p1a: Inteleon|67\/100|[from] Sandstorm\n|upkeep\n|turn|3\n|c|\u2606Guj Genera|No u are electric I\u2019m not stupid\n|c| Captainbruh1008|Nah\n|c| Endgame Is Hot|Okay youre right sorry\n|c| Captainbruh1008|He's Fairy\n|c| k7eenex|Guys I\u2019m on 4%\n|c| k7eenex|send prayers\n|\n|t:|1699077549\n|switch|p2a: Enter Sandman|Excadrill, M|100\/100\n|move|p1a: Inteleon|Ice Beam|p2a: Enter Sandman\n|-damage|p2a: Enter Sandman|37\/100\n|\n|-weather|Sandstorm|[upkeep]\n|-damage|p1a: Inteleon|61\/100|[from] Sandstorm\n|upkeep\n|turn|4\n|\n|t:|1699077559\n|switch|p2a: The Killing Moon|Ursaluna-Bloodmoon, M|100\/100\n|move|p1a: Inteleon|Ice Beam|p2a: The Killing Moon\n|-supereffective|p2a: The Killing Moon\n|-damage|p2a: The Killing Moon|6\/100\n|\n|-weather|Sandstorm|[upkeep]\n|-damage|p1a: Inteleon|55\/100|[from] Sandstorm\n|upkeep\n|turn|5\n|c| Captainbruh1008|I can't offer a prayer but I have advice\n|c| Captainbruh1008|Keep existing out of pure spite\n|c| vespyyy|Lol\n|c|\u2606Disco 2003|aight im getting goobed lol\n|l| Endgame Is Hot\n|c| k7eenex|We watching until my phone dies\n|c| vespyyy|Rip\n|c| k7eenex|lets go\n|\n|t:|1699077588\n|switch|p2a: The Mollusk|Gastrodon, F|16\/100\n|move|p1a: Inteleon|Ice Beam|p2a: The Mollusk\n|-damage|p2a: The Mollusk|0 fnt\n|faint|p2a: The Mollusk\n|\n|-weather|Sandstorm|[upkeep]\n|-damage|p1a: Inteleon|49\/100|[from] Sandstorm\n|upkeep\n|c| Captainbruh1008|Keep your phone powered by spite\n|c| vespyyy|Failed double\n|c| vespyyy|Gg\n|\n|t:|1699077597\n|switch|p2a: Enter Sandman|Excadrill, M|37\/100\n|turn|6\n|c| Astro nation y|tez thought he was facing ABR\n|c| Astro nation y|with that play\n|\n|t:|1699077616\n|switch|p1a: Kartana|Kartana, shiny|100\/100\n|move|p2a: Enter Sandman|Earthquake|p1a: Kartana\n|-damage|p1a: Kartana|41\/100\n|\n|-weather|Sandstorm|[upkeep]\n|upkeep\n|turn|7\n|c| Astro nation y|low key\n|j| Endgame Is Hot\n|\n|t:|1699077627\n|move|p2a: Enter Sandman|Earthquake|p1a: Kartana\n|-damage|p1a: Kartana|0 fnt\n|faint|p1a: Kartana\n|\n|-weather|Sandstorm|[upkeep]\n|upkeep\n|c|\u2606Disco 2003|ngl\n|\n|t:|1699077631\n|switch|p1a: Cryogonal|Cryogonal, shiny|100\/100\n|turn|8\n|l| Captainbruh1008\n|c|\u2606Disco 2003|i dont even understand what's happening anymore\n|\n|t:|1699077640\n|move|p2a: Enter Sandman|Iron Head|p1a: Cryogonal\n|-supereffective|p1a: Cryogonal\n|-damage|p1a: Cryogonal|0 fnt\n|faint|p1a: Cryogonal\n|\n|-weather|none\n|upkeep\n|c| vespyyy|Lol\n|\n|t:|1699077647\n|switch|p1a: Kommo-o|Kommo-o, M, shiny|100\/100\n|turn|9\n|c|\u2606Guj Genera|No more storm\n|\n|t:|1699077681\n|switch|p2a: Hippowdon|Hippowdon, F|100\/100\n|-weather|Sandstorm|[from] ability: Sand Stream|[of] p2a: Hippowdon\n|-zpower|p1a: Kommo-o\n|move|p1a: Kommo-o|Clangorous Soulblaze|p2a: Hippowdon|[zeffect]\n|-damage|p2a: Hippowdon|52\/100\n|-boost|p1a: Kommo-o|atk|1\n|-boost|p1a: Kommo-o|def|1\n|-boost|p1a: Kommo-o|spa|1\n|-boost|p1a: Kommo-o|spd|1\n|-boost|p1a: Kommo-o|spe|1\n|\n|-weather|Sandstorm|[upkeep]\n|-damage|p1a: Kommo-o|94\/100|[from] Sandstorm\n|upkeep\n|turn|10\n|l| vespyyy\n|j| vespyyy\n|c| Endgame Is Hot|Tez this why we run scarf lando with explosion\n|c| Endgame Is Hot|Or idk\n|c|\u2606Disco 2003|real\n|c| Endgame Is Hot|Ground fairy type smh\n|\n|t:|1699077734\n|move|p1a: Kommo-o|Dragon Claw|p2a: Hippowdon\n|-damage|p2a: Hippowdon|6\/100\n|move|p2a: Hippowdon|Whirlwind|p1a: Kommo-o\n|drag|p1a: Landorus|Landorus-Therian, M, shiny|100\/100\n|-ability|p1a: Landorus|Intimidate|boost\n|-unboost|p2a: Hippowdon|atk|1\n|\n|-weather|Sandstorm|[upkeep]\n|upkeep\n|turn|11\n|c| Master of Mirrors|I wish we had a ground fairy\n|\n|t:|1699077744\n|move|p1a: Landorus|U-turn|p2a: Hippowdon\n|-damage|p2a: Hippowdon|0 fnt\n|faint|p2a: Hippowdon\n|c| Master of Mirrors|We need one\n|\n|t:|1699077747\n|switch|p1a: Zeraora|Zeraora, shiny|100\/100|[from] U-turn\n|\n|-weather|Sandstorm|[upkeep]\n|-damage|p1a: Zeraora|95\/100|[from] Sandstorm\n|upkeep\n|c|\u2606Disco 2003|too true\n|\n|t:|1699077757\n|switch|p2a: Landorus|Landorus-Therian, M|100\/100\n|-ability|p2a: Landorus|Intimidate|boost\n|-unboost|p1a: Zeraora|atk|1\n|turn|12\n|c| k7eenex|Why is\n|\n|t:|1699077762\n|move|p1a: Zeraora|Grass Knot|p2a: Landorus\n|-damage|p2a: Landorus|81\/100\n|-damage|p1a: Zeraora|78\/100|[from] item: Rocky Helmet|[of] p2a: Landorus\n|move|p2a: Landorus|U-turn|p1a: Zeraora\n|-damage|p1a: Zeraora|47\/100\n|\n|t:|1699077780\n|switch|p2a: Enter Sandman|Excadrill, M|37\/100|[from] U-turn\n|\n|-weather|Sandstorm|[upkeep]\n|-damage|p1a: Zeraora|41\/100|[from] Sandstorm\n|upkeep\n|turn|13\n|l| Endgame Is Hot\n|\n|t:|1699077797\n|switch|p1a: Landorus|Landorus-Therian, M, shiny|100\/100\n|-ability|p1a: Landorus|Intimidate|boost\n|-unboost|p2a: Enter Sandman|atk|1\n|move|p2a: Enter Sandman|Earthquake|p1a: Landorus\n|-immune|p1a: Landorus\n|\n|-weather|Sandstorm|[upkeep]\n|upkeep\n|turn|14\n|j| Endgame Is Hot\n|\n|t:|1699077812\n|switch|p2a: Landorus|Landorus-Therian, M|81\/100\n|-ability|p2a: Landorus|Intimidate|boost\n|-unboost|p1a: Landorus|atk|1\n|move|p1a: Landorus|Earthquake|p2a: Landorus\n|-immune|p2a: Landorus\n|\n|-weather|Sandstorm|[upkeep]\n|upkeep\n|turn|15\n|\n|t:|1699077827\n|move|p1a: Landorus|Toxic|p2a: Landorus\n|-status|p2a: Landorus|tox\n|move|p2a: Landorus|U-turn|p1a: Landorus\n|-resisted|p1a: Landorus\n|-damage|p1a: Landorus|92\/100\n|-damage|p2a: Landorus|65\/100 tox|[from] item: Rocky Helmet|[of] p1a: Landorus\n|\n|t:|1699077837\n|switch|p2a: Runerigus|Runerigus, M|100\/100|[from] U-turn\n|\n|-weather|Sandstorm|[upkeep]\n|upkeep\n|turn|16\n|\n|t:|1699077845\n|move|p1a: Landorus|Toxic|p2a: Runerigus\n|-status|p2a: Runerigus|tox\n|move|p2a: Runerigus|Trick Room|p2a: Runerigus\n|-fieldstart|move: Trick Room|[of] p2a: Runerigus\n|\n|-weather|none\n|-damage|p2a: Runerigus|94\/100 tox|[from] psn\n|upkeep\n|turn|17\n|j| Cr0ssHeart\n|\n|t:|1699077889\n|switch|p2a: Enter Sandman|Excadrill, M|37\/100\n|move|p1a: Landorus|Stealth Rock|p2a: Enter Sandman\n|-sidestart|p2: Disco 2003|move: Stealth Rock\n|\n|upkeep\n|turn|18\n|j| ninjamage13\n|\n|t:|1699077909\n|move|p1a: Landorus|Earthquake|p2a: Enter Sandman\n|-supereffective|p2a: Enter Sandman\n|-damage|p2a: Enter Sandman|0 fnt\n|faint|p2a: Enter Sandman\n|\n|upkeep\n|\n|t:|1699077912\n|switch|p2a: Landorus|Landorus-Therian, M|65\/100 tox\n|-damage|p2a: Landorus|53\/100 tox|[from] Stealth Rock\n|-ability|p2a: Landorus|Intimidate|boost\n|-unboost|p1a: Landorus|atk|1\n|turn|19\n|\n|t:|1699077917\n|move|p2a: Landorus|Defog|p1a: Landorus\n|-unboost|p1a: Landorus|evasion|1\n|-sideend|p2: Disco 2003|Stealth Rock|[from] move: Defog|[of] p2a: Landorus\n|move|p1a: Landorus|Toxic|p2a: Landorus|[miss]\n|-miss|p1a: Landorus|p2a: Landorus\n|\n|-damage|p2a: Landorus|47\/100 tox|[from] psn\n|upkeep\n|turn|20\n|\n|t:|1699077927\n|move|p2a: Landorus|Toxic|p1a: Landorus\n|-status|p1a: Landorus|tox\n|move|p1a: Landorus|Stealth Rock|p2a: Landorus\n|-sidestart|p2: Disco 2003|move: Stealth Rock\n|\n|-damage|p2a: Landorus|35\/100 tox|[from] psn\n|-damage|p1a: Landorus|86\/100 tox|[from] psn\n|-fieldend|move: Trick Room\n|upkeep\n|turn|21\n|\n|t:|1699077941\n|move|p1a: Landorus|Stealth Rock||[still]\n|-fail|p1a: Landorus\n|move|p2a: Landorus|Defog|p1a: Landorus\n|-unboost|p1a: Landorus|evasion|1\n|-sideend|p2: Disco 2003|Stealth Rock|[from] move: Defog|[of] p2a: Landorus\n|\n|-damage|p1a: Landorus|74\/100 tox|[from] psn\n|-damage|p2a: Landorus|16\/100 tox|[from] psn\n|upkeep\n|turn|22\n|\n|t:|1699077946\n|move|p1a: Landorus|Stealth Rock|p2a: Landorus\n|-sidestart|p2: Disco 2003|move: Stealth Rock\n|move|p2a: Landorus|Defog|p1a: Landorus\n|-unboost|p1a: Landorus|evasion|1\n|-sideend|p2: Disco 2003|Stealth Rock|[from] move: Defog|[of] p2a: Landorus\n|\n|-damage|p1a: Landorus|56\/100 tox|[from] psn\n|-damage|p2a: Landorus|0 fnt|[from] psn\n|faint|p2a: Landorus\n|upkeep\n|\n|t:|1699077957\n|switch|p2a: The Killing Moon|Ursaluna-Bloodmoon, M|6\/100\n|turn|23\n|\n|t:|1699077965\n|switch|p2a: Runerigus|Runerigus, M|94\/100 tox\n|move|p1a: Landorus|U-turn|p2a: Runerigus\n|-resisted|p2a: Runerigus\n|-damage|p2a: Runerigus|91\/100 tox\n|-activate|p2a: Runerigus|ability: Wandering Spirit|Intimidate|Wandering Spirit|[of] p1a: Landorus\n|-ability|p2a: Runerigus|Intimidate|boost\n|-unboost|p1a: Landorus|atk|1\n|\n|t:|1699077972\n|switch|p1a: Inteleon|Inteleon, M, shiny|49\/100|[from] U-turn\n|\n|-heal|p2a: Runerigus|97\/100 tox|[from] item: Leftovers\n|-damage|p2a: Runerigus|91\/100 tox|[from] psn\n|upkeep\n|turn|24\n|\n|t:|1699077975\n|move|p1a: Inteleon|Snipe Shot|p2a: Runerigus\n|-supereffective|p2a: Runerigus\n|-damage|p2a: Runerigus|0 fnt\n|faint|p2a: Runerigus\n|\n|upkeep\n|c|\u2606Disco 2003|gg\n|\n|t:|1699077979\n|switch|p2a: The Killing Moon|Ursaluna-Bloodmoon, M|6\/100\n|turn|25\n|\n|t:|1699077983\n|move|p2a: The Killing Moon|Vacuum Wave|p1a: Inteleon\n|-damage|p1a: Inteleon|24\/100\n|move|p1a: Inteleon|Snipe Shot|p2a: The Killing Moon\n|-supereffective|p2a: The Killing Moon\n|-damage|p2a: The Killing Moon|0 fnt\n|faint|p2a: The Killing Moon\n|\n|win|Guj Genera\n|c|\u2606Guj Genera|Gg\n|l| Endgame Is Hot\n|l| Astro nation y\n|l| ninjamage13\n|l| Master of Mirrors\n|l| Cr0ssHeart\n|c|\u2606Guj Genera|great first battle as gym leader\n|l| k7eenex\n|j| Don Bork\n|c|\u2606Disco 2003|lol not my best showing but thank you\n|l| Don Bork\n|c|\u2606Guj Genera|That sand was a bit tricky that\u2019s why I was sacking the Pok\u00e9mon\n|l|\u2606Disco 2003\n|l|\u2606Guj Genera\n|j|\u2606Disco 2003\n|player|p2|Disco 2003|101\n","uploadtime":1699078010,"views":16,"p1id":"gujgenera","p2id":"disco2003","formatid":"gen9nationaldexubers","rating":0,"private":0,"password":""}