{"id":"gen9nationaldexubers-1978989858","p1":"airjlew","p2":"PeggyPlsCallMe","format":"[Gen 9] National Dex Ubers","log":"|j|\u2606airjlew\n|j|\u2606PeggyPlsCallMe\n|t:|1698618289\n|gametype|singles\n|player|p1|airjlew|266|1170\n|player|p2|PeggyPlsCallMe|102|1067\n|teamsize|p1|6\n|teamsize|p2|6\n|gen|9\n|tier|[Gen 9] National Dex Ubers\n|rated|\n|rule|HP Percentage Mod: HP is shown in percentages\n|rule|Endless Battle Clause: Forcing endless battles is banned\n|rule|OHKO Clause: OHKO moves are banned\n|rule|Evasion Moves Clause: Evasion moves are banned\n|rule|Evasion Items Clause: Evasion items are banned\n|rule|Species Clause: Limit one of each Pok\u00e9mon\n|rule|Sleep Clause Mod: Limit one foe put to sleep\n|rule|Mega Rayquaza Clause: You cannot mega evolve Rayquaza\n|clearpoke\n|poke|p1|Aegislash, M|\n|poke|p1|Slowbro, F|\n|poke|p1|Weavile, M|\n|poke|p1|Torterra, M|\n|poke|p1|Ditto|\n|poke|p1|Clefable, M|\n|poke|p2|Sneasler, M|\n|poke|p2|Talonflame, F|\n|poke|p2|Iron Leaves|\n|poke|p2|Zeraora|\n|poke|p2|Walking Wake|\n|poke|p2|Cetitan, M|\n|teampreview\n|\n|t:|1698618296\n|start\n|switch|p1a: Ditto|Ditto|100\/100\n|switch|p2a: Cetitan|Cetitan, M|100\/100\n|-transform|p1a: Ditto|p2a: Cetitan|[from] ability: Imposter\n|turn|1\n|\n|t:|1698618305\n|switch|p1a: Aegislash|Aegislash, M|100\/100\n|move|p2a: Cetitan|Belly Drum|p2a: Cetitan\n|-damage|p2a: Cetitan|50\/100\n|-setboost|p2a: Cetitan|atk|6|[from] move: Belly Drum\n|-enditem|p2a: Cetitan|Sitrus Berry|[eat]\n|-heal|p2a: Cetitan|75\/100|[from] item: Sitrus Berry\n|\n|upkeep\n|turn|2\n|\n|t:|1698618331\n|-terastallize|p2a: Cetitan|Ground\n|move|p2a: Cetitan|Earthquake|p1a: Aegislash\n|-supereffective|p1a: Aegislash\n|-damage|p1a: Aegislash|0 fnt\n|faint|p1a: Aegislash\n|\n|upkeep\n|\n|t:|1698618338\n|switch|p1a: Ditto|Ditto|100\/100\n|-transform|p1a: Ditto|p2a: Cetitan|[from] ability: Imposter\n|-start|p1a: Ditto|typechange|Ice|[silent]\n|turn|3\n|\n|t:|1698618360\n|move|p1a: Ditto|Icicle Crash|p2a: Cetitan\n|-supereffective|p2a: Cetitan\n|-damage|p2a: Cetitan|0 fnt\n|faint|p2a: Cetitan\n|\n|upkeep\n|\n|t:|1698618366\n|switch|p2a: Talonflame|Talonflame, F|100\/100\n|turn|4\n|\n|t:|1698618374\n|switch|p1a: Slowbro|Slowbro, F|100\/100\n|move|p2a: Talonflame|Flare Blitz|p1a: Slowbro\n|-resisted|p1a: Slowbro\n|-damage|p1a: Slowbro|88\/100\n|-damage|p2a: Talonflame|95\/100|[from] Recoil\n|\n|-heal|p2a: Talonflame|100\/100|[from] item: Leftovers\n|upkeep\n|turn|5\n|\n|t:|1698618383\n|switch|p2a: Iron Leaves|Iron Leaves|100\/100\n|-enditem|p2a: Iron Leaves|Booster Energy\n|-activate|p2a: Iron Leaves|ability: Quark Drive|[fromitem]\n|-start|p2a: Iron Leaves|quarkdriveatk\n|move|p1a: Slowbro|Future Sight|p2a: Iron Leaves\n|-start|p1a: Slowbro|move: Future Sight\n|\n|upkeep\n|turn|6\n|\n|t:|1698618399\n|switch|p1a: Ditto|Ditto|100\/100\n|-transform|p1a: Ditto|p2a: Iron Leaves|[from] ability: Imposter\n|move|p2a: Iron Leaves|Swords Dance|p2a: Iron Leaves\n|-boost|p2a: Iron Leaves|atk|2\n|\n|upkeep\n|turn|7\n|\n|t:|1698618413\n|-end|p1a: Ditto|Quark Drive|[silent]\n|switch|p1a: Weavile|Weavile, M|100\/100\n|-ability|p1a: Weavile|Pressure\n|move|p2a: Iron Leaves|Psyblade|p1a: Weavile\n|-immune|p1a: Weavile\n|\n|-end|p2a: Iron Leaves|move: Future Sight\n|-resisted|p2a: Iron Leaves\n|-damage|p2a: Iron Leaves|81\/100\n|upkeep\n|turn|8\n|\n|t:|1698618437\n|move|p1a: Weavile|Ice Spinner|p2a: Iron Leaves\n|-supereffective|p2a: Iron Leaves\n|-damage|p2a: Iron Leaves|0 fnt\n|faint|p2a: Iron Leaves\n|-end|p2a: Iron Leaves|Quark Drive|[silent]\n|\n|upkeep\n|\n|t:|1698618441\n|switch|p2a: Talonflame|Talonflame, F|100\/100\n|turn|9\n|\n|t:|1698618445\n|switch|p1a: Slowbro|Slowbro, F|100\/100\n|move|p2a: Talonflame|Brave Bird|p1a: Slowbro\n|-damage|p1a: Slowbro|72\/100\n|-damage|p2a: Talonflame|88\/100|[from] Recoil\n|\n|-heal|p2a: Talonflame|94\/100|[from] item: Leftovers\n|upkeep\n|turn|10\n|\n|t:|1698618454\n|switch|p2a: Walking Wake|Walking Wake|100\/100\n|-enditem|p2a: Walking Wake|Booster Energy\n|-activate|p2a: Walking Wake|ability: Protosynthesis|[fromitem]\n|-start|p2a: Walking Wake|protosynthesisspa\n|move|p1a: Slowbro|Slack Off|p1a: Slowbro\n|-heal|p1a: Slowbro|100\/100\n|\n|upkeep\n|turn|11\n|\n|t:|1698618475\n|move|p2a: Walking Wake|Dragon Pulse|p1a: Slowbro\n|-damage|p1a: Slowbro|43\/100\n|move|p1a: Slowbro|Future Sight|p2a: Walking Wake\n|-start|p1a: Slowbro|move: Future Sight\n|\n|upkeep\n|turn|12\n|\n|t:|1698618482\n|switch|p1a: Clefable|Clefable, M|100\/100\n|move|p2a: Walking Wake|Dragon Pulse|p1a: Clefable\n|-immune|p1a: Clefable\n|\n|upkeep\n|turn|13\n|\n|t:|1698618498\n|move|p2a: Walking Wake|Flamethrower|p1a: Clefable\n|-damage|p1a: Clefable|60\/100\n|move|p1a: Clefable|Moonblast|p2a: Walking Wake\n|-supereffective|p2a: Walking Wake\n|-damage|p2a: Walking Wake|42\/100\n|\n|-end|p2a: Walking Wake|move: Future Sight\n|-damage|p2a: Walking Wake|5\/100\n|-heal|p1a: Clefable|66\/100|[from] item: Leftovers\n|upkeep\n|turn|14\n|\n|t:|1698618517\n|move|p2a: Walking Wake|Flamethrower|p1a: Clefable\n|-damage|p1a: Clefable|27\/100\n|move|p1a: Clefable|Wish|p1a: Clefable\n|\n|-heal|p1a: Clefable|33\/100|[from] item: Leftovers\n|upkeep\n|turn|15\n|\n|t:|1698618523\n|move|p1a: Clefable|Protect|p1a: Clefable\n|-singleturn|p1a: Clefable|Protect\n|move|p2a: Walking Wake|Flamethrower|p1a: Clefable\n|-activate|p1a: Clefable|move: Protect\n|\n|-heal|p1a: Clefable|83\/100|[from] move: Wish|[wisher] Clefable\n|-heal|p1a: Clefable|89\/100|[from] item: Leftovers\n|upkeep\n|turn|16\n|\n|t:|1698618540\n|-end|p2a: Walking Wake|Protosynthesis|[silent]\n|switch|p2a: Sneasler|Sneasler, M|100\/100\n|move|p1a: Clefable|Moonblast|p2a: Sneasler\n|-damage|p2a: Sneasler|61\/100\n|-unboost|p2a: Sneasler|spa|1\n|\n|-heal|p1a: Clefable|95\/100|[from] item: Leftovers\n|upkeep\n|turn|17\n|\n|t:|1698618558\n|move|p1a: Clefable|Protect|p1a: Clefable\n|-singleturn|p1a: Clefable|Protect\n|move|p2a: Sneasler|Dire Claw|p1a: Clefable\n|-activate|p1a: Clefable|move: Protect\n|\n|-heal|p1a: Clefable|100\/100|[from] item: Leftovers\n|upkeep\n|turn|18\n|c|\u2606airjlew|!data dire claw\n|raw|<ul class=\"utilichart\"><li class=\"result\"><span class=\"col movenamecol\"><a href=\"https:\/\/dex.pokemonshowdown.com\/moves\/direclaw\">Dire Claw<\/a><\/span> <span class=\"col typecol\"><img src=\"\/\/play.pokemonshowdown.com\/sprites\/types\/Poison.png\" alt=\"Poison\" width=\"32\" height=\"14\"><img src=\"\/\/play.pokemonshowdown.com\/sprites\/categories\/Physical.png\" alt=\"Physical\" width=\"32\" height=\"14\"><\/span> <span class=\"col labelcol\"><em>Power<\/em><br>80<\/span> <span class=\"col widelabelcol\"><em>Accuracy<\/em><br>100%<\/span> <span class=\"col pplabelcol\"><em>PP<\/em><br>24<\/span> <span class=\"col movedesccol\">50% chance to sleep, poison, or paralyze target.<\/span> <\/li><li style=\"clear:both\"><\/li><\/ul>\n\n|\n|t:|1698618577\n|switch|p1a: Slowbro|Slowbro, F|76\/100\n|move|p2a: Sneasler|Dire Claw|p1a: Slowbro\n|-damage|p1a: Slowbro|52\/100\n|\n|upkeep\n|turn|19\n|\n|t:|1698618598\n|move|p2a: Sneasler|U-turn|p1a: Slowbro\n|-supereffective|p1a: Slowbro\n|-damage|p1a: Slowbro|22\/100\n|\n|t:|1698618606\n|switch|p2a: Talonflame|Talonflame, F|94\/100|[from] U-turn\n|move|p1a: Slowbro|Future Sight|p2a: Talonflame\n|-start|p1a: Slowbro|move: Future Sight\n|\n|-heal|p2a: Talonflame|99\/100|[from] item: Leftovers\n|upkeep\n|turn|20\n|\n|t:|1698618616\n|switch|p1a: Ditto|Ditto|100\/100\n|-transform|p1a: Ditto|p2a: Talonflame|[from] ability: Imposter\n|move|p2a: Talonflame|Brave Bird|p1a: Ditto\n|-damage|p1a: Ditto|32\/100\n|-damage|p2a: Talonflame|77\/100|[from] Recoil\n|\n|-heal|p2a: Talonflame|83\/100|[from] item: Leftovers\n|upkeep\n|turn|21\n|\n|t:|1698618628\n|move|p1a: Ditto|Brave Bird|p2a: Talonflame\n|-damage|p2a: Talonflame|15\/100\n|-damage|p1a: Ditto|10\/100|[from] Recoil\n|move|p2a: Talonflame|Brave Bird|p1a: Ditto\n|-damage|p1a: Ditto|0 fnt\n|faint|p1a: Ditto\n|-damage|p2a: Talonflame|12\/100|[from] Recoil\n|\n|-end|p2a: Talonflame|move: Future Sight\n|-damage|p2a: Talonflame|0 fnt\n|faint|p2a: Talonflame\n|upkeep\n|\n|t:|1698618655\n|switch|p2a: Zeraora|Zeraora|100\/100\n|switch|p1a: Clefable|Clefable, M|100\/100\n|turn|22\n|\n|t:|1698618664\n|move|p2a: Zeraora|Bulk Up|p2a: Zeraora\n|-boost|p2a: Zeraora|atk|1\n|-boost|p2a: Zeraora|def|1\n|move|p1a: Clefable|Stealth Rock|p2a: Zeraora\n|-sidestart|p2: PeggyPlsCallMe|move: Stealth Rock\n|\n|upkeep\n|turn|23\n|\n|t:|1698618676\n|move|p2a: Zeraora|Close Combat|p1a: Clefable\n|-resisted|p1a: Clefable\n|-damage|p1a: Clefable|78\/100\n|-unboost|p2a: Zeraora|def|1\n|-unboost|p2a: Zeraora|spd|1\n|move|p1a: Clefable|Moonblast|p2a: Zeraora\n|-damage|p2a: Zeraora|39\/100\n|\n|-heal|p1a: Clefable|84\/100|[from] item: Leftovers\n|upkeep\n|turn|24\n|\n|t:|1698618685\n|move|p2a: Zeraora|Plasma Fists|p1a: Clefable\n|-damage|p1a: Clefable|32\/100\n|-fieldactivate|move: Ion Deluge\n|-hint|Normal-type moves become Electric-type after using Plasma Fists.\n|move|p1a: Clefable|Moonblast|p2a: Zeraora\n|-damage|p2a: Zeraora|0 fnt\n|faint|p2a: Zeraora\n|\n|-heal|p1a: Clefable|38\/100|[from] item: Leftovers\n|upkeep\n|\n|t:|1698618694\n|switch|p2a: Walking Wake|Walking Wake|5\/100\n|-damage|p2a: Walking Wake|0 fnt|[from] Stealth Rock\n|faint|p2a: Walking Wake\n|-end|p2a: Walking Wake|Protosynthesis|[silent]\n|\n|t:|1698618698\n|switch|p2a: Sneasler|Sneasler, M|61\/100\n|turn|25\n|\n|t:|1698618708\n|move|p2a: Sneasler|Dire Claw|p1a: Clefable\n|-supereffective|p1a: Clefable\n|-damage|p1a: Clefable|0 fnt\n|faint|p1a: Clefable\n|\n|upkeep\n|\n|t:|1698618712\n|switch|p1a: Torterra|Torterra, M|100\/100\n|turn|26\n|\n|t:|1698618723\n|-terastallize|p1a: Torterra|Rock\n|move|p2a: Sneasler|Fire Punch|p1a: Torterra\n|-resisted|p1a: Torterra\n|-damage|p1a: Torterra|87\/100\n|-status|p1a: Torterra|psn|[from] ability: Poison Touch|[of] p2a: Sneasler\n|move|p1a: Torterra|Headlong Rush|p2a: Sneasler\n|-supereffective|p2a: Sneasler\n|-damage|p2a: Sneasler|0 fnt\n|-unboost|p1a: Torterra|def|1\n|-unboost|p1a: Torterra|spd|1\n|faint|p2a: Sneasler\n|\n|win|airjlew\n|raw|airjlew's rating: 1170 &rarr; <strong>1188<\/strong><br \/>(+18 for winning)\n|raw|PeggyPlsCallMe's rating: 1067 &rarr; <strong>1053<\/strong><br \/>(-14 for losing)\n|c|\u2606airjlew|gg\n|c|\u2606airjlew|wait\n|c|\u2606airjlew|aren't you in the draft league?\n","uploadtime":1698618869,"views":7,"p1id":"airjlew","p2id":"peggyplscallme","formatid":"gen9nationaldexubers","rating":1053,"private":0,"password":""}