{"id":"gen9nationaldexubers-1987639889","p1":"Santino696969","p2":"JustMonika_CARR","format":"[Gen 9] National Dex Ubers","log":"|j|\u2606Santino696969\n|j|\u2606JustMonika_CARR\n|t:|1699622838\n|gametype|singles\n|player|p1|Santino696969|ash-sinnoh|1437\n|player|p2|JustMonika_CARR|rosa|1556\n|teamsize|p1|6\n|teamsize|p2|6\n|gen|9\n|tier|[Gen 9] National Dex Ubers\n|rated|\n|rule|HP Percentage Mod: HP is shown in percentages\n|rule|Endless Battle Clause: Forcing endless battles is banned\n|rule|OHKO Clause: OHKO moves are banned\n|rule|Evasion Moves Clause: Evasion moves are banned\n|rule|Evasion Items Clause: Evasion items are banned\n|rule|Species Clause: Limit one of each Pok\u00e9mon\n|rule|Sleep Clause Mod: Limit one foe put to sleep\n|rule|Mega Rayquaza Clause: You cannot mega evolve Rayquaza\n|clearpoke\n|poke|p1|Deoxys-Attack|\n|poke|p1|Marshadow|\n|poke|p1|Necrozma-Dusk-Mane|\n|poke|p1|Forretress, F|\n|poke|p1|Arceus-Ghost|\n|poke|p1|Salamence, F|\n|poke|p2|Marshadow|\n|poke|p2|Aerodactyl, M|\n|poke|p2|Arceus|\n|poke|p2|Forretress, F|\n|poke|p2|Pheromosa|\n|poke|p2|Necrozma-Dawn-Wings|\n|teampreview\n|inactive|Battle timer is ON: inactive players will automatically lose when time's up. (requested by Santino696969)\n|\n|t:|1699622843\n|start\n|switch|p1a: BOOM|Forretress, F|100\/100\n|switch|p2a: Aerodactyl|Aerodactyl, M, shiny|100\/100\n|turn|1\n|\n|t:|1699622852\n|detailschange|p2a: Aerodactyl|Aerodactyl-Mega, M, shiny\n|-mega|p2a: Aerodactyl|Aerodactyl|Aerodactylite\n|move|p2a: Aerodactyl|Taunt|p1a: BOOM\n|-start|p1a: BOOM|move: Taunt\n|cant|p1a: BOOM|move: Taunt|Stealth Rock\n|\n|upkeep\n|turn|2\n|\n|t:|1699622860\n|move|p2a: Aerodactyl|Hone Claws|p2a: Aerodactyl\n|-boost|p2a: Aerodactyl|atk|1\n|-boost|p2a: Aerodactyl|accuracy|1\n|move|p1a: BOOM|Rapid Spin|p2a: Aerodactyl\n|-resisted|p2a: Aerodactyl\n|-damage|p2a: Aerodactyl|93\/100\n|-boost|p1a: BOOM|spe|1\n|\n|upkeep\n|turn|3\n|\n|t:|1699622872\n|switch|p1a: True god|Necrozma-Dusk-Mane, shiny|100\/100\n|move|p2a: Aerodactyl|Hone Claws|p2a: Aerodactyl\n|-boost|p2a: Aerodactyl|atk|1\n|-boost|p2a: Aerodactyl|accuracy|1\n|\n|upkeep\n|turn|4\n|\n|t:|1699622880\n|move|p2a: Aerodactyl|Taunt|p1a: True god\n|-start|p1a: True god|move: Taunt\n|cant|p1a: True god|move: Taunt|Dragon Dance\n|\n|upkeep\n|turn|5\n|\n|t:|1699622889\n|move|p2a: Aerodactyl|Stone Edge|p1a: True god\n|-resisted|p1a: True god\n|-damage|p1a: True god|55\/100\n|move|p1a: True god|Sunsteel Strike|p2a: Aerodactyl\n|-supereffective|p2a: Aerodactyl\n|-damage|p2a: Aerodactyl|0 fnt\n|faint|p2a: Aerodactyl\n|\n|upkeep\n|\n|t:|1699622899\n|switch|p2a: Forretress|Forretress, F, shiny|100\/100\n|turn|6\n|\n|t:|1699622904\n|move|p1a: True god|Earthquake|p2a: Forretress\n|-damage|p2a: Forretress|77\/100\n|-enditem|p2a: Forretress|Red Card|[of] p1a: True god\n|drag|p1a: Too angry|Salamence, F|100\/100\n|-ability|p1a: Too angry|Intimidate|boost\n|-unboost|p2a: Forretress|atk|1\n|move|p2a: Forretress|Toxic Spikes|p1a: Too angry\n|-sidestart|p1: Santino696969|move: Toxic Spikes\n|\n|upkeep\n|turn|7\n|\n|t:|1699622914\n|detailschange|p1a: Too angry|Salamence-Mega, F\n|-mega|p1a: Too angry|Salamence|Salamencite\n|move|p1a: Too angry|Dragon Dance|p1a: Too angry\n|-boost|p1a: Too angry|atk|1\n|-boost|p1a: Too angry|spe|1\n|move|p2a: Forretress|Stealth Rock|p1a: Too angry\n|-sidestart|p1: Santino696969|move: Stealth Rock\n|\n|upkeep\n|turn|8\n|\n|t:|1699622922\n|move|p1a: Too angry|Dragon Dance|p1a: Too angry\n|-boost|p1a: Too angry|atk|1\n|-boost|p1a: Too angry|spe|1\n|move|p2a: Forretress|Toxic Spikes|p1a: Too angry\n|-sidestart|p1: Santino696969|move: Toxic Spikes\n|\n|upkeep\n|turn|9\n|\n|t:|1699622929\n|move|p1a: Too angry|Frustration|p2a: Forretress\n|-damage|p2a: Forretress|6\/100\n|move|p2a: Forretress|Rapid Spin|p1a: Too angry\n|-damage|p1a: Too angry|95\/100\n|-boost|p2a: Forretress|spe|1\n|\n|upkeep\n|turn|10\n|\n|t:|1699622938\n|move|p2a: Forretress|Endure|p2a: Forretress\n|-singleturn|p2a: Forretress|move: Endure\n|move|p1a: Too angry|Earthquake|p2a: Forretress\n|-activate|p2a: Forretress|move: Endure\n|-damage|p2a: Forretress|1\/100\n|\n|upkeep\n|turn|11\n|\n|t:|1699622944\n|move|p2a: Forretress|Endure|p2a: Forretress\n|-singleturn|p2a: Forretress|move: Endure\n|move|p1a: Too angry|Dragon Dance|p1a: Too angry\n|-boost|p1a: Too angry|atk|1\n|-boost|p1a: Too angry|spe|1\n|\n|upkeep\n|turn|12\n|\n|t:|1699622952\n|move|p2a: Forretress|Endure||[still]\n|-fail|p2a: Forretress\n|move|p1a: Too angry|Aqua Tail|p2a: Forretress\n|-damage|p2a: Forretress|0 fnt\n|faint|p2a: Forretress\n|\n|upkeep\n|\n|t:|1699622960\n|switch|p2a: Marshadow|Marshadow|100\/100\n|turn|13\n|\n|t:|1699622964\n|move|p1a: Too angry|Frustration|p2a: Marshadow\n|-supereffective|p2a: Marshadow\n|-enditem|p2a: Marshadow|Focus Sash\n|-damage|p2a: Marshadow|1\/100\n|move|p2a: Marshadow|Spectral Thief||[still]\n|-clearpositiveboost|p1a: Too angry|p2a: Marshadow|move: Spectral Thief\n|-boost|p2a: Marshadow|atk|3\n|-boost|p2a: Marshadow|spe|3\n|-anim|p2a: Marshadow|Spectral Thief|p1a: Too angry\n|-damage|p1a: Too angry|7\/100\n|\n|upkeep\n|turn|14\n|\n|t:|1699622990\n|move|p2a: Marshadow|Shadow Sneak|p1a: Too angry\n|-damage|p1a: Too angry|0 fnt\n|faint|p1a: Too angry\n|\n|upkeep\n|l|\u2606Santino696969\n|inactive|Santino696969 disconnected and has a minute to reconnect!\n|player|p1|\n|j| IMINDANGERUwU\n|j|\u2606Santino696969\n|inactive|Santino696969 reconnected and has 130 seconds left.\n|player|p1|Santino696969|ash-sinnoh\n|\n|t:|1699623015\n|switch|p1a: BOOM|Forretress, F|100\/100\n|-damage|p1a: BOOM|88\/100|[from] Stealth Rock\n|turn|15\n|inactive|JustMonika_CARR has 120 seconds left.\n|\n|t:|1699623036\n|switch|p1a: True god|Necrozma-Dusk-Mane, shiny|55\/100\n|-damage|p1a: True god|49\/100|[from] Stealth Rock\n|-terastallize|p2a: Marshadow|Flying\n|move|p2a: Marshadow|Acrobatics|p1a: True god\n|-resisted|p1a: True god\n|-damage|p1a: True god|0 fnt\n|faint|p1a: True god\n|\n|upkeep\n|\n|t:|1699623044\n|switch|p1a: BOOM|Forretress, F|88\/100\n|-damage|p1a: BOOM|76\/100|[from] Stealth Rock\n|turn|16\n|\n|t:|1699623050\n|move|p2a: Marshadow|Acrobatics|p1a: BOOM\n|-damage|p1a: BOOM|0 fnt\n|faint|p1a: BOOM\n|\n|upkeep\n|\n|t:|1699623055\n|switch|p1a: No stall|Deoxys-Attack|100\/100\n|-status|p1a: No stall|tox\n|-damage|p1a: No stall|88\/100 tox|[from] Stealth Rock\n|-ability|p1a: No stall|Pressure\n|turn|17\n|\n|t:|1699623063\n|move|p1a: No stall|Extreme Speed|p2a: Marshadow\n|-damage|p2a: Marshadow|0 fnt\n|faint|p2a: Marshadow\n|-damage|p1a: No stall|78\/100 tox|[from] item: Life Orb\n|\n|-damage|p1a: No stall|72\/100 tox|[from] psn\n|upkeep\n|\n|t:|1699623080\n|switch|p2a: Pheromosa|Pheromosa, shiny|100\/100\n|turn|18\n|\n|t:|1699623086\n|move|p1a: No stall|Extreme Speed|p2a: Pheromosa\n|-enditem|p2a: Pheromosa|Focus Sash\n|-damage|p2a: Pheromosa|1\/100\n|-damage|p1a: No stall|62\/100 tox|[from] item: Life Orb\n|move|p2a: Pheromosa|Lunge|p1a: No stall\n|-supereffective|p1a: No stall\n|-damage|p1a: No stall|0 fnt\n|faint|p1a: No stall\n|-ability|p2a: Pheromosa|Beast Boost|boost\n|-boost|p2a: Pheromosa|atk|1\n|\n|upkeep\n|\n|t:|1699623094\n|switch|p1a: Sweep ender|Marshadow|100\/100\n|-status|p1a: Sweep ender|tox\n|-damage|p1a: Sweep ender|94\/100 tox|[from] Stealth Rock\n|turn|19\n|\n|t:|1699623102\n|switch|p2a: Arceus|Arceus|100\/100\n|move|p1a: Sweep ender|Shadow Sneak|p2a: Arceus\n|-immune|p2a: Arceus\n|\n|-damage|p1a: Sweep ender|88\/100 tox|[from] psn\n|upkeep\n|turn|20\n|\n|t:|1699623115\n|switch|p2a: Necrozma|Necrozma-Dawn-Wings|100\/100\n|move|p1a: Sweep ender|Low Kick|p2a: Necrozma\n|-immune|p2a: Necrozma\n|\n|-damage|p1a: Sweep ender|76\/100 tox|[from] psn\n|upkeep\n|turn|21\n|\n|t:|1699623130\n|detailschange|p2a: Necrozma|Necrozma-Ultra\n|-burst|p2a: Necrozma|Necrozma|Ultranecrozium Z\n|move|p2a: Necrozma|Calm Mind|p2a: Necrozma\n|-boost|p2a: Necrozma|spa|1\n|-boost|p2a: Necrozma|spd|1\n|move|p1a: Sweep ender|Rock Tomb|p2a: Necrozma\n|-damage|p2a: Necrozma|67\/100\n|-unboost|p2a: Necrozma|spe|1\n|\n|-damage|p1a: Sweep ender|57\/100 tox|[from] psn\n|upkeep\n|turn|22\n|\n|t:|1699623144\n|switch|p2a: Arceus|Arceus|100\/100\n|move|p1a: Sweep ender|Spectral Thief|p2a: Arceus\n|-immune|p2a: Arceus\n|\n|-damage|p1a: Sweep ender|32\/100 tox|[from] psn\n|upkeep\n|turn|23\n|-message|Santino696969 forfeited.\n|\n|win|JustMonika_CARR\n|raw|Santino696969's rating: 1437 &rarr; <strong>1424<\/strong><br \/>(-13 for losing)\n|raw|JustMonika_CARR's rating: 1556 &rarr; <strong>1569<\/strong><br \/>(+13 for winning)\n|l|\u2606Santino696969\n","uploadtime":1699623158,"views":4,"p1id":"santino696969","p2id":"justmonikacarr","formatid":"gen9nationaldexubers","rating":1424,"private":0,"password":""}