{"id":"gen9nationaldexubers-1996903108","p1":"Registry","p2":"Victor hg 999","format":"[Gen 9] National Dex Ubers","log":"|j|\u2606Registry\n|j|\u2606Victor hg 999\n|t:|1700742709\n|gametype|singles\n|player|p1|Registry|harlequin|1161\n|player|p2|Victor hg 999|lucas|1107\n|teamsize|p1|6\n|teamsize|p2|6\n|gen|9\n|tier|[Gen 9] National Dex Ubers\n|rated|\n|rule|HP Percentage Mod: HP is shown in percentages\n|rule|Endless Battle Clause: Forcing endless battles is banned\n|rule|OHKO Clause: OHKO moves are banned\n|rule|Evasion Moves Clause: Evasion moves are banned\n|rule|Evasion Items Clause: Evasion items are banned\n|rule|Species Clause: Limit one of each Pok\u00e9mon\n|rule|Sleep Clause Mod: Limit one foe put to sleep\n|rule|Mega Rayquaza Clause: You cannot mega evolve Rayquaza\n|clearpoke\n|poke|p1|Victini|\n|poke|p1|Landorus-Therian, M|\n|poke|p1|Tyrantrum, F|\n|poke|p1|Arctovish|\n|poke|p1|Heracross, F|\n|poke|p1|Xurkitree|\n|poke|p2|Aron, L1, M|\n|poke|p2|Glimmet, L1, F|\n|poke|p2|Whimsicott, L1, F|\n|poke|p2|Wattrel, L1, F|\n|poke|p2|Nosepass, L1, F|\n|poke|p2|Magnemite, L1|\n|teampreview\n|inactive|Battle timer is ON: inactive players will automatically lose when time's up. (requested by Victor hg 999)\n|\n|t:|1700742721\n|start\n|switch|p1a: Heracross|Heracross, F|100\/100\n|switch|p2a: Glimmet|Glimmet, L1, F|100\/100\n|turn|1\n|\n|t:|1700742736\n|detailschange|p1a: Heracross|Heracross-Mega, F\n|-mega|p1a: Heracross|Heracross|Heracronite\n|move|p1a: Heracross|Swords Dance|p1a: Heracross\n|-boost|p1a: Heracross|atk|2\n|move|p2a: Glimmet|Toxic|p1a: Heracross\n|-status|p1a: Heracross|tox\n|\n|-damage|p1a: Heracross|94\/100 tox|[from] psn\n|upkeep\n|turn|2\n|\n|t:|1700742747\n|move|p1a: Heracross|Megahorn|p2a: Glimmet\n|-resisted|p2a: Glimmet\n|-enditem|p2a: Glimmet|Focus Sash\n|-damage|p2a: Glimmet|9\/100\n|-activate|p2a: Glimmet|ability: Toxic Debris\n|-sidestart|p1: Registry|move: Toxic Spikes\n|move|p2a: Glimmet|Toxic Spikes|p1a: Heracross\n|-sidestart|p1: Registry|move: Toxic Spikes\n|\n|-damage|p1a: Heracross|82\/100 tox|[from] psn\n|upkeep\n|turn|3\n|\n|t:|1700742758\n|move|p2a: Glimmet|Protect|p2a: Glimmet\n|-singleturn|p2a: Glimmet|Protect\n|move|p1a: Heracross|Bug Buzz|p2a: Glimmet\n|-activate|p2a: Glimmet|move: Protect\n|\n|-damage|p1a: Heracross|64\/100 tox|[from] psn\n|upkeep\n|turn|4\n|\n|t:|1700742767\n|move|p2a: Glimmet|Protect|p2a: Glimmet\n|-singleturn|p2a: Glimmet|Protect\n|move|p1a: Heracross|Bug Buzz|p2a: Glimmet\n|-activate|p2a: Glimmet|move: Protect\n|\n|-damage|p1a: Heracross|40\/100 tox|[from] psn\n|upkeep\n|turn|5\n|\n|t:|1700742776\n|move|p2a: Glimmet|Protect||[still]\n|-fail|p2a: Glimmet\n|move|p1a: Heracross|Bug Buzz|p2a: Glimmet\n|-resisted|p2a: Glimmet\n|-damage|p2a: Glimmet|0 fnt\n|faint|p2a: Glimmet\n|\n|-damage|p1a: Heracross|10\/100 tox|[from] psn\n|upkeep\n|\n|t:|1700742784\n|switch|p2a: Nosepass|Nosepass, L1, F, shiny|100\/100\n|turn|6\n|\n|t:|1700742791\n|move|p2a: Nosepass|Protect|p2a: Nosepass\n|-singleturn|p2a: Nosepass|Protect\n|move|p1a: Heracross|Megahorn|p2a: Nosepass\n|-activate|p2a: Nosepass|move: Protect\n|\n|-damage|p1a: Heracross|0 fnt|[from] psn\n|faint|p1a: Heracross\n|upkeep\n|\n|t:|1700742804\n|switch|p1a: Landorus|Landorus-Therian, M|100\/100\n|-ability|p1a: Landorus|Intimidate|boost\n|-unboost|p2a: Nosepass|atk|1\n|turn|7\n|\n|t:|1700742815\n|move|p1a: Landorus|Earthquake|p2a: Nosepass\n|-supereffective|p2a: Nosepass\n|-ability|p2a: Nosepass|Sturdy\n|-damage|p2a: Nosepass|10\/100\n|move|p2a: Nosepass|Toxic|p1a: Landorus\n|-status|p1a: Landorus|tox\n|\n|-damage|p1a: Landorus|95\/100 tox|[from] psn\n|upkeep\n|turn|8\n|\n|t:|1700742824\n|move|p1a: Landorus|Fly||[still]\n|-prepare|p1a: Landorus|Fly\n|move|p2a: Nosepass|Pain Split|p1a: Landorus|[miss]\n|-miss|p2a: Nosepass|p1a: Landorus\n|\n|-damage|p1a: Landorus|83\/100 tox|[from] psn\n|upkeep\n|turn|9\n|\n|t:|1700742829\n|move|p1a: Landorus|Fly|p2a: Nosepass|[from]lockedmove|[miss]\n|-miss|p1a: Landorus|p2a: Nosepass\n|move|p2a: Nosepass|Pain Split|p1a: Landorus\n|-sethp|p1a: Landorus|42\/100 tox|[from] move: Pain Split|[silent]\n|-sethp|p2a: Nosepass|100\/100|[from] move: Pain Split\n|\n|-damage|p1a: Landorus|24\/100 tox|[from] psn\n|upkeep\n|turn|10\n|\n|t:|1700742839\n|move|p1a: Landorus|Earthquake|p2a: Nosepass\n|-supereffective|p2a: Nosepass\n|-ability|p2a: Nosepass|Sturdy\n|-damage|p2a: Nosepass|10\/100\n|move|p2a: Nosepass|Pain Split|p1a: Landorus\n|-sethp|p1a: Landorus|12\/100 tox|[from] move: Pain Split|[silent]\n|-sethp|p2a: Nosepass|100\/100|[from] move: Pain Split\n|\n|-damage|p1a: Landorus|0 fnt|[from] psn\n|faint|p1a: Landorus\n|upkeep\n|\n|t:|1700742854\n|switch|p1a: Arctovish|Arctovish|100\/100\n|-status|p1a: Arctovish|tox\n|turn|11\n|\n|t:|1700742859\n|move|p1a: Arctovish|Fishious Rend|p2a: Nosepass\n|-supereffective|p2a: Nosepass\n|-ability|p2a: Nosepass|Sturdy\n|-damage|p2a: Nosepass|10\/100\n|-damage|p1a: Arctovish|84\/100 tox|[from] item: Rocky Helmet|[of] p2a: Nosepass\n|move|p2a: Nosepass|Pain Split|p1a: Arctovish\n|-sethp|p1a: Arctovish|42\/100 tox|[from] move: Pain Split|[silent]\n|-sethp|p2a: Nosepass|100\/100|[from] move: Pain Split\n|\n|-damage|p1a: Arctovish|36\/100 tox|[from] psn\n|upkeep\n|turn|12\n|\n|t:|1700742872\n|move|p1a: Arctovish|Fishious Rend|p2a: Nosepass\n|-supereffective|p2a: Nosepass\n|-ability|p2a: Nosepass|Sturdy\n|-damage|p2a: Nosepass|10\/100\n|-damage|p1a: Arctovish|20\/100 tox|[from] item: Rocky Helmet|[of] p2a: Nosepass\n|move|p2a: Nosepass|Pain Split|p1a: Arctovish\n|-sethp|p1a: Arctovish|10\/100 tox|[from] move: Pain Split|[silent]\n|-sethp|p2a: Nosepass|100\/100|[from] move: Pain Split\n|\n|-damage|p1a: Arctovish|0 fnt|[from] psn\n|faint|p1a: Arctovish\n|upkeep\n|inactive|Registry has 120 seconds left.\n|\n|t:|1700742897\n|switch|p1a: Victini|Victini|100\/100\n|-status|p1a: Victini|tox\n|turn|13\n|\n|t:|1700742905\n|move|p2a: Nosepass|Protect|p2a: Nosepass\n|-singleturn|p2a: Nosepass|Protect\n|-zpower|p1a: Victini\n|move|p1a: Victini|Inferno Overdrive|p2a: Nosepass|[zeffect]\n|-resisted|p2a: Nosepass\n|-zbroken|p2a: Nosepass\n|-ability|p2a: Nosepass|Sturdy\n|-damage|p2a: Nosepass|10\/100\n|\n|-damage|p1a: Victini|94\/100 tox|[from] psn\n|upkeep\n|turn|14\n|\n|t:|1700742920\n|move|p1a: Victini|Flare Blitz|p2a: Nosepass\n|-resisted|p2a: Nosepass\n|-damage|p2a: Nosepass|0 fnt\n|-damage|p1a: Victini|78\/100 tox|[from] item: Rocky Helmet|[of] p2a: Nosepass\n|faint|p2a: Nosepass\n|-damage|p1a: Victini|78\/100 tox|[from] Recoil\n|\n|-damage|p1a: Victini|65\/100 tox|[from] psn\n|upkeep\n|\n|t:|1700742927\n|switch|p2a: Magnemite|Magnemite, L1, shiny|100\/100\n|turn|15\n|\n|t:|1700742932\n|move|p2a: Magnemite|Protect|p2a: Magnemite\n|-singleturn|p2a: Magnemite|Protect\n|move|p1a: Victini|Flare Blitz|p2a: Magnemite\n|-activate|p2a: Magnemite|move: Protect\n|\n|-damage|p1a: Victini|47\/100 tox|[from] psn\n|upkeep\n|turn|16\n|\n|t:|1700742941\n|move|p1a: Victini|Flare Blitz|p2a: Magnemite\n|-supereffective|p2a: Magnemite\n|-ability|p2a: Magnemite|Sturdy\n|-damage|p2a: Magnemite|10\/100\n|-enditem|p2a: Magnemite|Oran Berry|[eat]\n|-heal|p2a: Magnemite|100\/100|[from] item: Oran Berry\n|-damage|p1a: Victini|46\/100 tox|[from] Recoil\n|move|p2a: Magnemite|Recycle|p2a: Magnemite\n|-item|p2a: Magnemite|Oran Berry|[from] move: Recycle\n|\n|-damage|p1a: Victini|21\/100 tox|[from] psn\n|upkeep\n|turn|17\n|\n|t:|1700742955\n|move|p2a: Magnemite|Protect|p2a: Magnemite\n|-singleturn|p2a: Magnemite|Protect\n|move|p1a: Victini|Flare Blitz|p2a: Magnemite\n|-activate|p2a: Magnemite|move: Protect\n|\n|-damage|p1a: Victini|0 fnt|[from] psn\n|faint|p1a: Victini\n|upkeep\n|\n|t:|1700742964\n|switch|p1a: Tyrantrum|Tyrantrum, F|100\/100\n|-status|p1a: Tyrantrum|tox\n|turn|18\n|\n|t:|1700742970\n|-terastallize|p1a: Tyrantrum|Dragon\n|move|p1a: Tyrantrum|Outrage|p2a: Magnemite\n|-resisted|p2a: Magnemite\n|-ability|p2a: Magnemite|Sturdy\n|-damage|p2a: Magnemite|10\/100\n|-enditem|p2a: Magnemite|Oran Berry|[eat]\n|-heal|p2a: Magnemite|100\/100|[from] item: Oran Berry\n|move|p2a: Magnemite|Recycle|p2a: Magnemite\n|-item|p2a: Magnemite|Oran Berry|[from] move: Recycle\n|\n|-damage|p1a: Tyrantrum|95\/100 tox|[from] psn\n|upkeep\n|turn|19\n|\n|t:|1700742986\n|move|p2a: Magnemite|Protect|p2a: Magnemite\n|-singleturn|p2a: Magnemite|Protect\n|move|p1a: Tyrantrum|Outrage|p2a: Magnemite|[from]lockedmove\n|-activate|p2a: Magnemite|move: Protect\n|\n|-damage|p1a: Tyrantrum|83\/100 tox|[from] psn\n|upkeep\n|turn|20\n|\n|t:|1700742996\n|move|p1a: Tyrantrum|Outrage|p2a: Magnemite\n|-resisted|p2a: Magnemite\n|-ability|p2a: Magnemite|Sturdy\n|-damage|p2a: Magnemite|10\/100\n|-enditem|p2a: Magnemite|Oran Berry|[eat]\n|-heal|p2a: Magnemite|100\/100|[from] item: Oran Berry\n|move|p2a: Magnemite|Recycle|p2a: Magnemite\n|-item|p2a: Magnemite|Oran Berry|[from] move: Recycle\n|\n|-damage|p1a: Tyrantrum|65\/100 tox|[from] psn\n|upkeep\n|turn|21\n|\n|t:|1700743012\n|move|p1a: Tyrantrum|Outrage|p2a: Magnemite|[from]lockedmove\n|-resisted|p2a: Magnemite\n|-ability|p2a: Magnemite|Sturdy\n|-damage|p2a: Magnemite|10\/100\n|-enditem|p2a: Magnemite|Oran Berry|[eat]\n|-heal|p2a: Magnemite|100\/100|[from] item: Oran Berry\n|move|p2a: Magnemite|Recycle|p2a: Magnemite\n|-item|p2a: Magnemite|Oran Berry|[from] move: Recycle\n|\n|-damage|p1a: Tyrantrum|41\/100 tox|[from] psn\n|upkeep\n|turn|22\n|\n|t:|1700743024\n|move|p1a: Tyrantrum|Outrage|p2a: Magnemite|[from]lockedmove\n|-resisted|p2a: Magnemite\n|-ability|p2a: Magnemite|Sturdy\n|-damage|p2a: Magnemite|10\/100\n|-enditem|p2a: Magnemite|Oran Berry|[eat]\n|-heal|p2a: Magnemite|100\/100|[from] item: Oran Berry\n|-start|p1a: Tyrantrum|confusion|[fatigue]\n|move|p2a: Magnemite|Recycle|p2a: Magnemite\n|-item|p2a: Magnemite|Oran Berry|[from] move: Recycle\n|\n|-damage|p1a: Tyrantrum|11\/100 tox|[from] psn\n|upkeep\n|turn|23\n|\n|t:|1700743038\n|-activate|p1a: Tyrantrum|confusion\n|move|p1a: Tyrantrum|Ice Fang|p2a: Magnemite\n|-resisted|p2a: Magnemite\n|-ability|p2a: Magnemite|Sturdy\n|-damage|p2a: Magnemite|10\/100\n|-enditem|p2a: Magnemite|Oran Berry|[eat]\n|-heal|p2a: Magnemite|100\/100|[from] item: Oran Berry\n|move|p2a: Magnemite|Recycle|p2a: Magnemite\n|-item|p2a: Magnemite|Oran Berry|[from] move: Recycle\n|\n|-damage|p1a: Tyrantrum|0 fnt|[from] psn\n|faint|p1a: Tyrantrum\n|upkeep\n|\n|t:|1700743048\n|switch|p1a: Xurkitree|Xurkitree|100\/100\n|-status|p1a: Xurkitree|tox\n|turn|24\n|\n|t:|1700743066\n|move|p1a: Xurkitree|Dazzling Gleam|p2a: Magnemite\n|-resisted|p2a: Magnemite\n|-ability|p2a: Magnemite|Sturdy\n|-damage|p2a: Magnemite|10\/100\n|-enditem|p2a: Magnemite|Oran Berry|[eat]\n|-heal|p2a: Magnemite|100\/100|[from] item: Oran Berry\n|-damage|p1a: Xurkitree|91\/100 tox|[from] item: Life Orb\n|move|p2a: Magnemite|Recycle|p2a: Magnemite\n|-item|p2a: Magnemite|Oran Berry|[from] move: Recycle\n|\n|-damage|p1a: Xurkitree|85\/100 tox|[from] psn\n|upkeep\n|turn|25\n|-message|Registry forfeited.\n|\n|win|Victor hg 999\n|raw|Registry's rating: 1161 &rarr; <strong>1132<\/strong><br \/>(-29 for losing)\n|raw|Victor hg 999's rating: 1107 &rarr; <strong>1136<\/strong><br \/>(+29 for winning)\n|l|\u2606Registry\n","uploadtime":1700743080,"views":6,"p1id":"registry","p2id":"victorhg999","formatid":"gen9nationaldexubers","rating":1132,"private":0,"password":""}