{"id":"gen9nationaldexubers-1980861339","p1":"Cilantora","p2":"dadad3e24","format":"[Gen 9] National Dex Ubers","log":"|j|\u2606Cilantora\n|j|\u2606dadad3e24\n|t:|1698843424\n|gametype|singles\n|player|p1|Cilantora|veteran|1140\n|player|p2|dadad3e24|saturn|1000\n|teamsize|p1|6\n|teamsize|p2|6\n|gen|9\n|tier|[Gen 9] National Dex Ubers\n|rated|\n|rule|HP Percentage Mod: HP is shown in percentages\n|rule|Endless Battle Clause: Forcing endless battles is banned\n|rule|OHKO Clause: OHKO moves are banned\n|rule|Evasion Moves Clause: Evasion moves are banned\n|rule|Evasion Items Clause: Evasion items are banned\n|rule|Species Clause: Limit one of each Pok\u00e9mon\n|rule|Sleep Clause Mod: Limit one foe put to sleep\n|rule|Mega Rayquaza Clause: You cannot mega evolve Rayquaza\n|clearpoke\n|poke|p1|Dragapult, F|\n|poke|p1|Breloom, F|\n|poke|p1|Cyclizar, M|\n|poke|p1|Annihilape, M|\n|poke|p1|Darmanitan-Galar, F|\n|poke|p1|Samurott-Hisui, F|\n|poke|p2|Giratina|\n|poke|p2|Dondozo, F|\n|poke|p2|Chansey, F|\n|poke|p2|Tyranitar, F|\n|poke|p2|Ho-Oh|\n|poke|p2|Mewtwo|\n|teampreview\n|inactive|Battle timer is ON: inactive players will automatically lose when time's up. (requested by dadad3e24)\n|\n|t:|1698843433\n|start\n|switch|p1a: Cyclizar|Cyclizar, M|100\/100\n|switch|p2a: Ho-Oh|Ho-Oh|100\/100\n|turn|1\n|\n|t:|1698843439\n|move|p1a: Cyclizar|Shed Tail|p1a: Cyclizar\n|-start|p1a: Cyclizar|Substitute|[from] move: Shed Tail\n|-damage|p1a: Cyclizar|50\/100\n|\n|t:|1698843443\n|switch|p1a: Samurott|Samurott-Hisui, F|100\/100|[from] Shed Tail\n|move|p2a: Ho-Oh|Sacred Fire|p1a: Samurott\n|-resisted|p1a: Samurott\n|-activate|p1a: Samurott|move: Substitute|[damage]\n|\n|upkeep\n|turn|2\n|\n|t:|1698843459\n|move|p1a: Samurott|Knock Off|p2a: Ho-Oh\n|-damage|p2a: Ho-Oh|72\/100\n|-enditem|p2a: Ho-Oh|Heavy-Duty Boots|[from] move: Knock Off|[of] p1a: Samurott\n|move|p2a: Ho-Oh|Whirlwind|p1a: Samurott\n|drag|p1a: Annihilape|Annihilape, M|100\/100\n|\n|upkeep\n|turn|3\n|\n|t:|1698843472\n|-terastallize|p1a: Annihilape|Water\n|move|p1a: Annihilape|Taunt|p2a: Ho-Oh\n|-start|p2a: Ho-Oh|move: Taunt\n|move|p2a: Ho-Oh|Sacred Fire|p1a: Annihilape\n|-resisted|p1a: Annihilape\n|-damage|p1a: Annihilape|78\/100\n|\n|-heal|p1a: Annihilape|85\/100|[from] item: Leftovers\n|upkeep\n|turn|4\n|\n|t:|1698843489\n|switch|p2a: Dondozo|Dondozo, F|100\/100\n|move|p1a: Annihilape|Bulk Up|p1a: Annihilape\n|-boost|p1a: Annihilape|atk|1\n|-boost|p1a: Annihilape|def|1\n|\n|-heal|p1a: Annihilape|91\/100|[from] item: Leftovers\n|upkeep\n|turn|5\n|\n|t:|1698843498\n|move|p1a: Annihilape|Rage Fist|p2a: Dondozo\n|-damage|p2a: Dondozo|82\/100\n|move|p2a: Dondozo|Curse|p2a: Dondozo\n|-unboost|p2a: Dondozo|spe|1\n|-boost|p2a: Dondozo|atk|1\n|-boost|p2a: Dondozo|def|1\n|\n|-heal|p1a: Annihilape|97\/100|[from] item: Leftovers\n|-heal|p2a: Dondozo|88\/100|[from] item: Leftovers\n|upkeep\n|turn|6\n|\n|t:|1698843515\n|move|p1a: Annihilape|Taunt|p2a: Dondozo\n|-start|p2a: Dondozo|move: Taunt\n|cant|p2a: Dondozo|move: Taunt|Curse\n|\n|-heal|p1a: Annihilape|100\/100|[from] item: Leftovers\n|-heal|p2a: Dondozo|94\/100|[from] item: Leftovers\n|upkeep\n|turn|7\n|\n|t:|1698843522\n|move|p1a: Annihilape|Bulk Up|p1a: Annihilape\n|-boost|p1a: Annihilape|atk|1\n|-boost|p1a: Annihilape|def|1\n|move|p2a: Dondozo|Liquidation|p1a: Annihilape\n|-resisted|p1a: Annihilape\n|-damage|p1a: Annihilape|78\/100\n|\n|-heal|p1a: Annihilape|84\/100|[from] item: Leftovers\n|-heal|p2a: Dondozo|100\/100|[from] item: Leftovers\n|upkeep\n|turn|8\n|\n|t:|1698843534\n|move|p1a: Annihilape|Bulk Up|p1a: Annihilape\n|-boost|p1a: Annihilape|atk|1\n|-boost|p1a: Annihilape|def|1\n|move|p2a: Dondozo|Liquidation|p1a: Annihilape\n|-resisted|p1a: Annihilape\n|-damage|p1a: Annihilape|62\/100\n|\n|-heal|p1a: Annihilape|68\/100|[from] item: Leftovers\n|-end|p2a: Dondozo|move: Taunt\n|upkeep\n|turn|9\n|\n|t:|1698843543\n|move|p1a: Annihilape|Taunt|p2a: Dondozo\n|-start|p2a: Dondozo|move: Taunt\n|move|p2a: Dondozo|Liquidation|p1a: Annihilape\n|-resisted|p1a: Annihilape\n|-damage|p1a: Annihilape|47\/100\n|\n|-heal|p1a: Annihilape|53\/100|[from] item: Leftovers\n|upkeep\n|turn|10\n|\n|t:|1698843555\n|move|p1a: Annihilape|Drain Punch|p2a: Dondozo\n|-damage|p2a: Dondozo|92\/100\n|-heal|p1a: Annihilape|58\/100|[from] drain|[of] p2a: Dondozo\n|move|p2a: Dondozo|Liquidation|p1a: Annihilape\n|-resisted|p1a: Annihilape\n|-damage|p1a: Annihilape|36\/100\n|\n|-heal|p1a: Annihilape|43\/100|[from] item: Leftovers\n|-heal|p2a: Dondozo|98\/100|[from] item: Leftovers\n|upkeep\n|turn|11\n|\n|t:|1698843568\n|move|p1a: Annihilape|Rage Fist|p2a: Dondozo\n|-damage|p2a: Dondozo|64\/100\n|move|p2a: Dondozo|Liquidation|p1a: Annihilape\n|-resisted|p1a: Annihilape\n|-damage|p1a: Annihilape|23\/100\n|\n|-heal|p1a: Annihilape|29\/100|[from] item: Leftovers\n|-heal|p2a: Dondozo|70\/100|[from] item: Leftovers\n|-end|p2a: Dondozo|move: Taunt\n|upkeep\n|turn|12\n|\n|t:|1698843584\n|move|p1a: Annihilape|Rage Fist|p2a: Dondozo\n|-damage|p2a: Dondozo|27\/100\n|move|p2a: Dondozo|Liquidation|p1a: Annihilape\n|-resisted|p1a: Annihilape\n|-damage|p1a: Annihilape|8\/100\n|-unboost|p1a: Annihilape|def|1\n|-ability|p1a: Annihilape|Defiant|boost\n|-boost|p1a: Annihilape|atk|2\n|\n|-heal|p1a: Annihilape|14\/100|[from] item: Leftovers\n|-heal|p2a: Dondozo|33\/100|[from] item: Leftovers\n|upkeep\n|turn|13\n|\n|t:|1698843595\n|switch|p2a: Mewtwo|Mewtwo|100\/100\n|-ability|p2a: Mewtwo|Pressure\n|move|p1a: Annihilape|Rage Fist|p2a: Mewtwo\n|-supereffective|p2a: Mewtwo\n|-damage|p2a: Mewtwo|0 fnt\n|-damage|p1a: Annihilape|0 fnt|[from] item: Rocky Helmet|[of] p2a: Mewtwo\n|faint|p2a: Mewtwo\n|faint|p1a: Annihilape\n|\n|upkeep\n|\n|t:|1698843608\n|switch|p2a: Ho-Oh|Ho-Oh|100\/100\n|switch|p1a: Cyclizar|Cyclizar, M|84\/100\n|turn|14\n|\n|t:|1698843613\n|move|p1a: Cyclizar|Shed Tail|p1a: Cyclizar\n|-start|p1a: Cyclizar|Substitute|[from] move: Shed Tail\n|-damage|p1a: Cyclizar|34\/100\n|\n|t:|1698843616\n|switch|p1a: Samurott|Samurott-Hisui, F|100\/100|[from] Shed Tail\n|move|p2a: Ho-Oh|Whirlwind|p1a: Samurott\n|drag|p1a: Darmanitan|Darmanitan-Galar, F|100\/100\n|\n|upkeep\n|turn|15\n|\n|t:|1698843625\n|move|p1a: Darmanitan|Rock Slide|p2a: Ho-Oh\n|-supereffective|p2a: Ho-Oh\n|-damage|p2a: Ho-Oh|0 fnt\n|faint|p2a: Ho-Oh\n|\n|upkeep\n|\n|t:|1698843628\n|switch|p2a: Dondozo|Dondozo, F|33\/100\n|turn|16\n|\n|t:|1698843634\n|switch|p1a: Samurott|Samurott-Hisui, F|100\/100\n|move|p2a: Dondozo|Rest|p2a: Dondozo\n|-status|p2a: Dondozo|slp|[from] move: Rest\n|-heal|p2a: Dondozo|100\/100 slp|[silent]\n|\n|upkeep\n|turn|17\n|\n|t:|1698843646\n|switch|p2a: Tyranitar|Tyranitar, F|100\/100\n|-weather|Sandstorm|[from] ability: Sand Stream|[of] p2a: Tyranitar\n|move|p1a: Samurott|Knock Off|p2a: Tyranitar\n|-resisted|p2a: Tyranitar\n|-damage|p2a: Tyranitar|89\/100\n|\n|-weather|Sandstorm|[upkeep]\n|-damage|p1a: Samurott|94\/100|[from] Sandstorm\n|upkeep\n|turn|18\n|\n|t:|1698843655\n|detailschange|p2a: Tyranitar|Tyranitar-Mega, F\n|-mega|p2a: Tyranitar|Tyranitar|Tyranitarite\n|move|p1a: Samurott|Razor Shell|p2a: Tyranitar\n|-supereffective|p2a: Tyranitar\n|-damage|p2a: Tyranitar|30\/100\n|-unboost|p2a: Tyranitar|def|1\n|move|p2a: Tyranitar|Toxic|p1a: Samurott|[miss]\n|-miss|p2a: Tyranitar|p1a: Samurott\n|\n|-weather|Sandstorm|[upkeep]\n|-damage|p1a: Samurott|88\/100|[from] Sandstorm\n|upkeep\n|turn|19\n|-message|dadad3e24 forfeited.\n|\n|win|Cilantora\n|raw|Cilantora's rating: 1140 &rarr; <strong>1155<\/strong><br \/>(+15 for winning)\n|raw|dadad3e24's rating: 1000 &rarr; <strong>1000<\/strong><br \/>(+0 for losing)\n|l|\u2606dadad3e24\n","uploadtime":1698843670,"views":6,"p1id":"cilantora","p2id":"dadad3e24","formatid":"gen9nationaldexubers","rating":1000,"private":0,"password":""}