{"id":"gen9nationaldexubers-2000281838","p1":"Th3Soci3ty","p2":"ttliot","format":"[Gen 9] National Dex Ubers","log":"|j|\u2606Th3Soci3ty\n|j|\u2606ttliot\n|t:|1701180989\n|gametype|singles\n|player|p1|Th3Soci3ty|veteranf|1175\n|player|p2|ttliot|lance|1172\n|teamsize|p1|6\n|teamsize|p2|6\n|gen|9\n|tier|[Gen 9] National Dex Ubers\n|rated|\n|rule|HP Percentage Mod: HP is shown in percentages\n|rule|Endless Battle Clause: Forcing endless battles is banned\n|rule|OHKO Clause: OHKO moves are banned\n|rule|Evasion Moves Clause: Evasion moves are banned\n|rule|Evasion Items Clause: Evasion items are banned\n|rule|Species Clause: Limit one of each Pok\u00e9mon\n|rule|Sleep Clause Mod: Limit one foe put to sleep\n|rule|Mega Rayquaza Clause: You cannot mega evolve Rayquaza\n|clearpoke\n|poke|p1|Glimmora, M|\n|poke|p1|Sneasler, F|\n|poke|p1|Dusclops, F|\n|poke|p1|Garganacl, M|\n|poke|p1|Noivern, F|\n|poke|p1|Mamoswine, F|\n|poke|p2|Jirachi|\n|poke|p2|Cottonee, L1, F|\n|poke|p2|Cresselia, F|\n|poke|p2|Tyranitar, M|\n|poke|p2|Aron, L1, M|\n|poke|p2|Taillow, L1, M|\n|teampreview\n|inactive|Battle timer is ON: inactive players will automatically lose when time's up. (requested by ttliot)\n|\n|t:|1701180998\n|start\n|switch|p1a: Glimmora|Glimmora, M|100\/100\n|switch|p2a: Tyranitar|Tyranitar, M|100\/100\n|-weather|Sandstorm|[from] ability: Sand Stream|[of] p2a: Tyranitar\n|turn|1\n|\n|t:|1701181002\n|detailschange|p2a: Tyranitar|Tyranitar-Mega, M\n|-mega|p2a: Tyranitar|Tyranitar|Tyranitarite\n|move|p1a: Glimmora|Stealth Rock|p2a: Tyranitar\n|-sidestart|p2: ttliot|move: Stealth Rock\n|move|p2a: Tyranitar|Stealth Rock|p1a: Glimmora\n|-sidestart|p1: Th3Soci3ty|move: Stealth Rock\n|\n|-weather|Sandstorm|[upkeep]\n|upkeep\n|turn|2\n|\n|t:|1701181009\n|move|p1a: Glimmora|Mortal Spin|p2a: Tyranitar\n|-resisted|p2a: Tyranitar\n|-damage|p2a: Tyranitar|99\/100\n|-status|p2a: Tyranitar|psn\n|-sideend|p1: Th3Soci3ty|Stealth Rock|[from] move: Mortal Spin|[of] p1a: Glimmora\n|move|p2a: Tyranitar|Crunch|p1a: Glimmora\n|-damage|p1a: Glimmora|34\/100\n|-activate|p1a: Glimmora|ability: Toxic Debris\n|-sidestart|p2: ttliot|move: Toxic Spikes\n|\n|-weather|Sandstorm|[upkeep]\n|-damage|p2a: Tyranitar|86\/100 psn|[from] psn\n|upkeep\n|turn|3\n|\n|t:|1701181015\n|move|p1a: Glimmora|Earth Power|p2a: Tyranitar\n|-supereffective|p2a: Tyranitar\n|-damage|p2a: Tyranitar|58\/100 psn\n|move|p2a: Tyranitar|Crunch|p1a: Glimmora\n|-damage|p1a: Glimmora|0 fnt\n|-activate|p1a: Glimmora|ability: Toxic Debris\n|-sidestart|p2: ttliot|move: Toxic Spikes\n|faint|p1a: Glimmora\n|\n|-weather|Sandstorm|[upkeep]\n|-damage|p2a: Tyranitar|46\/100 psn|[from] psn\n|upkeep\n|\n|t:|1701181019\n|switch|p1a: Sneasler|Sneasler, F|100\/100\n|turn|4\n|\n|t:|1701181022\n|move|p1a: Sneasler|Fake Out|p2a: Tyranitar\n|-resisted|p2a: Tyranitar\n|-damage|p2a: Tyranitar|42\/100 psn\n|cant|p2a: Tyranitar|flinch\n|\n|-weather|Sandstorm|[upkeep]\n|-damage|p1a: Sneasler|95\/100|[from] Sandstorm\n|-damage|p2a: Tyranitar|29\/100 psn|[from] psn\n|upkeep\n|turn|5\n|\n|t:|1701181024\n|move|p1a: Sneasler|Close Combat|p2a: Tyranitar\n|-supereffective|p2a: Tyranitar\n|-damage|p2a: Tyranitar|0 fnt\n|-unboost|p1a: Sneasler|def|1\n|-unboost|p1a: Sneasler|spd|1\n|faint|p2a: Tyranitar\n|\n|-weather|none\n|upkeep\n|\n|t:|1701181027\n|switch|p2a: Taillow|Taillow, L1, M|100\/100\n|-damage|p2a: Taillow|75\/100|[from] Stealth Rock\n|turn|6\n|\n|t:|1701181033\n|move|p1a: Sneasler|U-turn|p2a: Taillow\n|-resisted|p2a: Taillow\n|-damage|p2a: Taillow|0 fnt\n|faint|p2a: Taillow\n|\n|t:|1701181038\n|switch|p1a: Dusclops|Dusclops, F|100\/100|[from] U-turn\n|-ability|p1a: Dusclops|Pressure\n|\n|upkeep\n|\n|t:|1701181042\n|switch|p2a: Aron|Aron, L1, M|100\/100\n|-damage|p2a: Aron|92\/100|[from] Stealth Rock\n|turn|7\n|\n|t:|1701181046\n|move|p1a: Dusclops|Power-Up Punch|p2a: Aron\n|-supereffective|p2a: Aron\n|-damage|p2a: Aron|0 fnt\n|-boost|p1a: Dusclops|atk|1\n|faint|p2a: Aron\n|\n|upkeep\n|\n|t:|1701181049\n|switch|p2a: Cottonee|Cottonee, L1, F|100\/100\n|-damage|p2a: Cottonee|92\/100|[from] Stealth Rock\n|-status|p2a: Cottonee|tox\n|turn|8\n|\n|t:|1701181054\n|move|p2a: Cottonee|Leech Seed|p1a: Dusclops\n|-start|p1a: Dusclops|move: Leech Seed\n|move|p1a: Dusclops|Power-Up Punch|p2a: Cottonee\n|-resisted|p2a: Cottonee\n|-damage|p2a: Cottonee|0 fnt\n|-boost|p1a: Dusclops|atk|1\n|faint|p2a: Cottonee\n|\n|upkeep\n|\n|t:|1701181059\n|switch|p2a: Jirachi|Jirachi|100\/100\n|-damage|p2a: Jirachi|94\/100|[from] Stealth Rock\n|turn|9\n|\n|t:|1701181062\n|move|p2a: Jirachi|Protect|p2a: Jirachi\n|-singleturn|p2a: Jirachi|Protect\n|move|p1a: Dusclops|Poltergeist|p2a: Jirachi\n|-activate|p2a: Jirachi|move: Protect\n|\n|-heal|p2a: Jirachi|100\/100|[from] item: Leftovers\n|-damage|p1a: Dusclops|88\/100|[from] Leech Seed|[of] p2a: Jirachi\n|upkeep\n|turn|10\n|\n|t:|1701181071\n|move|p2a: Jirachi|Iron Head|p1a: Dusclops\n|-crit|p1a: Dusclops\n|-damage|p1a: Dusclops|53\/100\n|cant|p1a: Dusclops|flinch\n|\n|-damage|p1a: Dusclops|41\/100|[from] Leech Seed|[of] p2a: Jirachi\n|upkeep\n|turn|11\n|\n|t:|1701181076\n|move|p2a: Jirachi|Iron Head|p1a: Dusclops\n|-damage|p1a: Dusclops|17\/100\n|move|p1a: Dusclops|Poltergeist|p2a: Jirachi\n|-activate|p2a: Jirachi|move: Poltergeist|Leftovers\n|-supereffective|p2a: Jirachi\n|-crit|p2a: Jirachi\n|-damage|p2a: Jirachi|0 fnt\n|faint|p2a: Jirachi\n|\n|upkeep\n|\n|t:|1701181080\n|switch|p2a: Cresselia|Cresselia, F|100\/100\n|-damage|p2a: Cresselia|88\/100|[from] Stealth Rock\n|turn|12\n|\n|t:|1701181085\n|-terastallize|p2a: Cresselia|Poison\n|move|p1a: Dusclops|Shadow Sneak|p2a: Cresselia\n|-damage|p2a: Cresselia|71\/100\n|move|p2a: Cresselia|Psychic|p1a: Dusclops\n|-damage|p1a: Dusclops|0 fnt\n|faint|p1a: Dusclops\n|\n|upkeep\n|\n|t:|1701181090\n|switch|p1a: Sneasler|Sneasler, F|95\/100\n|turn|13\n|\n|t:|1701181093\n|move|p1a: Sneasler|Fake Out|p2a: Cresselia\n|-damage|p2a: Cresselia|63\/100\n|cant|p2a: Cresselia|flinch\n|\n|upkeep\n|turn|14\n|\n|t:|1701181099\n|move|p1a: Sneasler|U-turn|p2a: Cresselia\n|-resisted|p2a: Cresselia\n|-damage|p2a: Cresselia|56\/100\n|\n|t:|1701181102\n|switch|p1a: Garganacl|Garganacl, M|100\/100|[from] U-turn\n|move|p2a: Cresselia|Toxic|p1a: Garganacl\n|-immune|p1a: Garganacl|[from] ability: Purifying Salt\n|\n|upkeep\n|turn|15\n|-message|ttliot forfeited.\n|\n|win|Th3Soci3ty\n|raw|Th3Soci3ty's rating: 1175 &rarr; <strong>1200<\/strong><br \/>(+25 for winning)\n|raw|ttliot's rating: 1172 &rarr; <strong>1147<\/strong><br \/>(-25 for losing)\n|l|\u2606ttliot\n","uploadtime":1701181112,"views":1,"p1id":"th3soci3ty","p2id":"ttliot","formatid":"gen9nationaldexubers","rating":1147,"private":0,"password":""}