{"id":"gen9nationaldexubers-1978282041","p1":"RealSaad","p2":"JustMonika_CARR","format":"[Gen 9] National Dex Ubers","log":"|j|\u2606RealSaad\n|j|\u2606JustMonika_CARR\n|t:|1698520547\n|gametype|singles\n|player|p1|RealSaad|pokemonranger|1378\n|player|p2|JustMonika_CARR|dawn|1498\n|teamsize|p1|6\n|teamsize|p2|6\n|gen|9\n|tier|[Gen 9] National Dex Ubers\n|rated|\n|rule|HP Percentage Mod: HP is shown in percentages\n|rule|Endless Battle Clause: Forcing endless battles is banned\n|rule|OHKO Clause: OHKO moves are banned\n|rule|Evasion Moves Clause: Evasion moves are banned\n|rule|Evasion Items Clause: Evasion items are banned\n|rule|Species Clause: Limit one of each Pok\u00e9mon\n|rule|Sleep Clause Mod: Limit one foe put to sleep\n|rule|Mega Rayquaza Clause: You cannot mega evolve Rayquaza\n|clearpoke\n|poke|p1|Arceus|\n|poke|p1|Groudon|\n|poke|p1|Zacian-*|\n|poke|p1|Necrozma-Dusk-Mane|\n|poke|p1|Giratina|\n|poke|p1|Mewtwo|\n|poke|p2|Yveltal|\n|poke|p2|Skarmory, F|\n|poke|p2|Gothitelle, F|\n|poke|p2|Deoxys-Speed|\n|poke|p2|Shuckle, M|\n|poke|p2|Durant, F|\n|teampreview\n|inactive|Battle timer is ON: inactive players will automatically lose when time's up. (requested by RealSaad)\n|c|\u2606JustMonika_CARR|glhf\n|\n|t:|1698520568\n|start\n|switch|p1a: Mewtwo|Mewtwo|100\/100\n|switch|p2a: Skarmory|Skarmory, F, shiny|100\/100\n|-ability|p1a: Mewtwo|Pressure\n|turn|1\n|\n|t:|1698520577\n|detailschange|p1a: Mewtwo|Mewtwo-Mega-Y\n|-mega|p1a: Mewtwo|Mewtwo|Mewtwonite Y\n|move|p1a: Mewtwo|Ice Beam|p2a: Skarmory\n|-damage|p2a: Skarmory|61\/100\n|move|p2a: Skarmory|Stealth Rock|p1a: Mewtwo\n|-sidestart|p1: RealSaad|move: Stealth Rock\n|\n|-heal|p2a: Skarmory|67\/100|[from] item: Leftovers\n|upkeep\n|turn|2\n|\n|t:|1698520594\n|move|p1a: Mewtwo|Ice Beam|p2a: Skarmory\n|-damage|p2a: Skarmory|28\/100\n|move|p2a: Skarmory|Whirlwind|p1a: Mewtwo\n|drag|p1a: Groudon|Groudon|100\/100\n|-damage|p1a: Groudon|94\/100|[from] Stealth Rock\n|detailschange|p1a: Groudon|Groudon-Primal\n|-primal|p1a: Groudon|Red Orb\n|-weather|DesolateLand|[from] ability: Desolate Land|[of] p1a: Groudon\n|\n|-weather|DesolateLand|[upkeep]\n|-heal|p2a: Skarmory|34\/100|[from] item: Leftovers\n|upkeep\n|turn|3\n|\n|t:|1698520606\n|move|p1a: Groudon|Swords Dance|p1a: Groudon\n|-boost|p1a: Groudon|atk|2\n|move|p2a: Skarmory|Whirlwind|p1a: Groudon\n|-weather|none\n|drag|p1a: Arceus|Arceus|100\/100\n|-damage|p1a: Arceus|88\/100|[from] Stealth Rock\n|\n|-heal|p2a: Skarmory|40\/100|[from] item: Leftovers\n|upkeep\n|turn|4\n|\n|t:|1698520617\n|move|p1a: Arceus|Extreme Speed|p2a: Skarmory\n|-resisted|p2a: Skarmory\n|-damage|p2a: Skarmory|17\/100\n|-damage|p1a: Arceus|78\/100|[from] item: Life Orb\n|move|p2a: Skarmory|Spikes|p1a: Arceus\n|-sidestart|p1: RealSaad|Spikes\n|\n|-heal|p2a: Skarmory|23\/100|[from] item: Leftovers\n|upkeep\n|turn|5\n|\n|t:|1698520626\n|move|p1a: Arceus|Swords Dance|p1a: Arceus\n|-boost|p1a: Arceus|atk|2\n|move|p2a: Skarmory|Whirlwind|p1a: Arceus\n|drag|p1a: Zacian|Zacian-Crowned|100\/100\n|-damage|p1a: Zacian|94\/100|[from] Stealth Rock\n|-damage|p1a: Zacian|82\/100|[from] Spikes\n|-ability|p1a: Zacian|Intrepid Sword|boost\n|-boost|p1a: Zacian|atk|1\n|\n|-heal|p2a: Skarmory|29\/100|[from] item: Leftovers\n|upkeep\n|turn|6\n|\n|t:|1698520636\n|move|p1a: Zacian|Wild Charge|p2a: Skarmory\n|-supereffective|p2a: Skarmory\n|-damage|p2a: Skarmory|0 fnt\n|faint|p2a: Skarmory\n|-damage|p1a: Zacian|75\/100|[from] Recoil\n|\n|upkeep\n|\n|t:|1698520650\n|switch|p2a: Durant|Durant, F, shiny|100\/100\n|turn|7\n|\n|t:|1698520665\n|-terastallize|p1a: Zacian|Ground\n|move|p2a: Durant|Entrainment|p1a: Zacian\n|-endability|p1a: Zacian|Intrepid Sword|[from] move: Entrainment\n|-ability|p1a: Zacian|Truant|[from] move: Entrainment\n|move|p1a: Zacian|Tera Blast|p2a: Durant|[anim] Tera Blast Ground\n|-damage|p2a: Durant|21\/100\n|\n|upkeep\n|turn|8\n|\n|t:|1698520672\n|switch|p2a: Gothitelle|Gothitelle, F, shiny|100\/100\n|cant|p1a: Zacian|ability: Truant\n|\n|upkeep\n|turn|9\n|\n|t:|1698520678\n|move|p2a: Gothitelle|Protect|p2a: Gothitelle\n|-singleturn|p2a: Gothitelle|Protect\n|move|p1a: Zacian|Behemoth Blade|p2a: Gothitelle\n|-activate|p2a: Gothitelle|move: Protect\n|\n|upkeep\n|turn|10\n|\n|t:|1698520685\n|cant|p1a: Zacian|ability: Truant\n|move|p2a: Gothitelle|Substitute|p2a: Gothitelle\n|-start|p2a: Gothitelle|Substitute\n|-damage|p2a: Gothitelle|75\/100\n|\n|upkeep\n|turn|11\n|\n|t:|1698520690\n|move|p1a: Zacian|Behemoth Blade|p2a: Gothitelle\n|-end|p2a: Gothitelle|Substitute\n|move|p2a: Gothitelle|Substitute|p2a: Gothitelle\n|-start|p2a: Gothitelle|Substitute\n|-damage|p2a: Gothitelle|50\/100\n|\n|upkeep\n|turn|12\n|\n|t:|1698520696\n|cant|p1a: Zacian|ability: Truant\n|move|p2a: Gothitelle|Substitute|p2a: Gothitelle\n|-fail|p2a: Gothitelle|move: Substitute\n|\n|upkeep\n|turn|13\n|\n|t:|1698520709\n|move|p1a: Zacian|Behemoth Blade|p2a: Gothitelle\n|-end|p2a: Gothitelle|Substitute\n|move|p2a: Gothitelle|Substitute|p2a: Gothitelle\n|-start|p2a: Gothitelle|Substitute\n|-damage|p2a: Gothitelle|25\/100\n|-enditem|p2a: Gothitelle|Starf Berry|[eat]\n|-boost|p2a: Gothitelle|spa|2|[from] item: Starf Berry\n|\n|upkeep\n|turn|14\n|\n|t:|1698520722\n|move|p2a: Gothitelle|Protect|p2a: Gothitelle\n|-singleturn|p2a: Gothitelle|Protect\n|cant|p1a: Zacian|ability: Truant\n|\n|upkeep\n|turn|15\n|c|\u2606JustMonika_CARR|Ow, misclick\n|\n|t:|1698520734\n|move|p2a: Gothitelle|Protect||[still]\n|-fail|p2a: Gothitelle\n|move|p1a: Zacian|Behemoth Blade|p2a: Gothitelle\n|-end|p2a: Gothitelle|Substitute\n|\n|upkeep\n|turn|16\n|\n|t:|1698520741\n|cant|p1a: Zacian|ability: Truant\n|move|p2a: Gothitelle|Recycle|p2a: Gothitelle\n|-item|p2a: Gothitelle|Starf Berry|[from] move: Recycle\n|-enditem|p2a: Gothitelle|Starf Berry|[eat]\n|-boost|p2a: Gothitelle|def|2|[from] item: Starf Berry\n|\n|upkeep\n|turn|17\n|\n|t:|1698520748\n|move|p2a: Gothitelle|Protect|p2a: Gothitelle\n|-singleturn|p2a: Gothitelle|Protect\n|move|p1a: Zacian|Behemoth Blade|p2a: Gothitelle\n|-activate|p2a: Gothitelle|move: Protect\n|\n|upkeep\n|turn|18\n|\n|t:|1698520751\n|cant|p1a: Zacian|ability: Truant\n|move|p2a: Gothitelle|Recycle|p2a: Gothitelle\n|-item|p2a: Gothitelle|Starf Berry|[from] move: Recycle\n|-enditem|p2a: Gothitelle|Starf Berry|[eat]\n|-boost|p2a: Gothitelle|def|2|[from] item: Starf Berry\n|\n|upkeep\n|turn|19\n|\n|t:|1698520754\n|move|p2a: Gothitelle|Protect|p2a: Gothitelle\n|-singleturn|p2a: Gothitelle|Protect\n|move|p1a: Zacian|Behemoth Blade|p2a: Gothitelle\n|-activate|p2a: Gothitelle|move: Protect\n|\n|upkeep\n|turn|20\n|\n|t:|1698520756\n|cant|p1a: Zacian|ability: Truant\n|move|p2a: Gothitelle|Recycle|p2a: Gothitelle\n|-item|p2a: Gothitelle|Starf Berry|[from] move: Recycle\n|-enditem|p2a: Gothitelle|Starf Berry|[eat]\n|-boost|p2a: Gothitelle|spa|2|[from] item: Starf Berry\n|\n|upkeep\n|turn|21\n|\n|t:|1698520758\n|move|p2a: Gothitelle|Protect|p2a: Gothitelle\n|-singleturn|p2a: Gothitelle|Protect\n|move|p1a: Zacian|Behemoth Blade|p2a: Gothitelle\n|-activate|p2a: Gothitelle|move: Protect\n|\n|upkeep\n|turn|22\n|\n|t:|1698520760\n|cant|p1a: Zacian|ability: Truant\n|move|p2a: Gothitelle|Recycle|p2a: Gothitelle\n|-item|p2a: Gothitelle|Starf Berry|[from] move: Recycle\n|-enditem|p2a: Gothitelle|Starf Berry|[eat]\n|-boost|p2a: Gothitelle|def|2|[from] item: Starf Berry\n|\n|upkeep\n|turn|23\n|\n|t:|1698520763\n|move|p2a: Gothitelle|Protect|p2a: Gothitelle\n|-singleturn|p2a: Gothitelle|Protect\n|move|p1a: Zacian|Behemoth Blade|p2a: Gothitelle\n|-activate|p2a: Gothitelle|move: Protect\n|\n|upkeep\n|turn|24\n|\n|t:|1698520766\n|cant|p1a: Zacian|ability: Truant\n|move|p2a: Gothitelle|Recycle|p2a: Gothitelle\n|-item|p2a: Gothitelle|Starf Berry|[from] move: Recycle\n|-enditem|p2a: Gothitelle|Starf Berry|[eat]\n|-boost|p2a: Gothitelle|spa|2|[from] item: Starf Berry\n|\n|upkeep\n|turn|25\n|\n|t:|1698520768\n|move|p2a: Gothitelle|Protect|p2a: Gothitelle\n|-singleturn|p2a: Gothitelle|Protect\n|move|p1a: Zacian|Tera Blast|p2a: Gothitelle|[anim] Tera Blast Ground\n|-activate|p2a: Gothitelle|move: Protect\n|\n|upkeep\n|turn|26\n|\n|t:|1698520769\n|cant|p1a: Zacian|ability: Truant\n|move|p2a: Gothitelle|Recycle|p2a: Gothitelle\n|-item|p2a: Gothitelle|Starf Berry|[from] move: Recycle\n|-enditem|p2a: Gothitelle|Starf Berry|[eat]\n|-boost|p2a: Gothitelle|spd|2|[from] item: Starf Berry\n|\n|upkeep\n|turn|27\n|\n|t:|1698520771\n|move|p2a: Gothitelle|Protect|p2a: Gothitelle\n|-singleturn|p2a: Gothitelle|Protect\n|move|p1a: Zacian|Tera Blast|p2a: Gothitelle|[anim] Tera Blast Ground\n|-activate|p2a: Gothitelle|move: Protect\n|\n|upkeep\n|turn|28\n|\n|t:|1698520773\n|cant|p1a: Zacian|ability: Truant\n|move|p2a: Gothitelle|Recycle|p2a: Gothitelle\n|-item|p2a: Gothitelle|Starf Berry|[from] move: Recycle\n|-enditem|p2a: Gothitelle|Starf Berry|[eat]\n|-boost|p2a: Gothitelle|spe|2|[from] item: Starf Berry\n|\n|upkeep\n|turn|29\n|\n|t:|1698520778\n|move|p2a: Gothitelle|Protect|p2a: Gothitelle\n|-singleturn|p2a: Gothitelle|Protect\n|move|p1a: Zacian|Tera Blast|p2a: Gothitelle|[anim] Tera Blast Ground\n|-activate|p2a: Gothitelle|move: Protect\n|\n|upkeep\n|turn|30\n|\n|t:|1698520784\n|cant|p1a: Zacian|ability: Truant\n|move|p2a: Gothitelle|Recycle|p2a: Gothitelle\n|-item|p2a: Gothitelle|Starf Berry|[from] move: Recycle\n|-enditem|p2a: Gothitelle|Starf Berry|[eat]\n|-boost|p2a: Gothitelle|atk|2|[from] item: Starf Berry\n|\n|upkeep\n|turn|31\n|\n|t:|1698520788\n|move|p2a: Gothitelle|Protect|p2a: Gothitelle\n|-singleturn|p2a: Gothitelle|Protect\n|move|p1a: Zacian|Tera Blast|p2a: Gothitelle|[anim] Tera Blast Ground\n|-activate|p2a: Gothitelle|move: Protect\n|\n|upkeep\n|turn|32\n|\n|t:|1698520789\n|cant|p1a: Zacian|ability: Truant\n|move|p2a: Gothitelle|Recycle|p2a: Gothitelle\n|-item|p2a: Gothitelle|Starf Berry|[from] move: Recycle\n|-enditem|p2a: Gothitelle|Starf Berry|[eat]\n|-boost|p2a: Gothitelle|spd|2|[from] item: Starf Berry\n|\n|upkeep\n|turn|33\n|\n|t:|1698520795\n|move|p2a: Gothitelle|Protect|p2a: Gothitelle\n|-singleturn|p2a: Gothitelle|Protect\n|move|p1a: Zacian|Tera Blast|p2a: Gothitelle|[anim] Tera Blast Ground\n|-activate|p2a: Gothitelle|move: Protect\n|\n|upkeep\n|turn|34\n|\n|t:|1698520797\n|cant|p1a: Zacian|ability: Truant\n|move|p2a: Gothitelle|Recycle|p2a: Gothitelle\n|-item|p2a: Gothitelle|Starf Berry|[from] move: Recycle\n|-enditem|p2a: Gothitelle|Starf Berry|[eat]\n|-boost|p2a: Gothitelle|spd|2|[from] item: Starf Berry\n|\n|upkeep\n|turn|35\n|\n|t:|1698520799\n|move|p2a: Gothitelle|Protect|p2a: Gothitelle\n|-singleturn|p2a: Gothitelle|Protect\n|move|p1a: Zacian|Tera Blast|p2a: Gothitelle|[anim] Tera Blast Ground\n|-activate|p2a: Gothitelle|move: Protect\n|\n|upkeep\n|turn|36\n|\n|t:|1698520804\n|cant|p1a: Zacian|ability: Truant\n|move|p2a: Gothitelle|Recycle|p2a: Gothitelle\n|-item|p2a: Gothitelle|Starf Berry|[from] move: Recycle\n|-enditem|p2a: Gothitelle|Starf Berry|[eat]\n|-boost|p2a: Gothitelle|spe|2|[from] item: Starf Berry\n|\n|upkeep\n|turn|37\n|\n|t:|1698520809\n|move|p2a: Gothitelle|Protect|p2a: Gothitelle\n|-singleturn|p2a: Gothitelle|Protect\n|move|p1a: Zacian|Tera Blast|p2a: Gothitelle|[anim] Tera Blast Ground\n|-activate|p2a: Gothitelle|move: Protect\n|\n|upkeep\n|turn|38\n|\n|t:|1698520811\n|move|p2a: Gothitelle|Recycle|p2a: Gothitelle\n|-item|p2a: Gothitelle|Starf Berry|[from] move: Recycle\n|-enditem|p2a: Gothitelle|Starf Berry|[eat]\n|-boost|p2a: Gothitelle|atk|2|[from] item: Starf Berry\n|cant|p1a: Zacian|ability: Truant\n|\n|upkeep\n|turn|39\n|\n|t:|1698520818\n|move|p2a: Gothitelle|Protect|p2a: Gothitelle\n|-singleturn|p2a: Gothitelle|Protect\n|move|p1a: Zacian|Tera Blast|p2a: Gothitelle|[anim] Tera Blast Ground\n|-activate|p2a: Gothitelle|move: Protect\n|\n|upkeep\n|turn|40\n|\n|t:|1698520820\n|move|p2a: Gothitelle|Recycle|p2a: Gothitelle\n|-item|p2a: Gothitelle|Starf Berry|[from] move: Recycle\n|-enditem|p2a: Gothitelle|Starf Berry|[eat]\n|-boost|p2a: Gothitelle|atk|2|[from] item: Starf Berry\n|cant|p1a: Zacian|ability: Truant\n|\n|upkeep\n|turn|41\n|\n|t:|1698520823\n|move|p2a: Gothitelle|Protect|p2a: Gothitelle\n|-singleturn|p2a: Gothitelle|Protect\n|move|p1a: Zacian|Tera Blast|p2a: Gothitelle|[anim] Tera Blast Ground\n|-activate|p2a: Gothitelle|move: Protect\n|\n|upkeep\n|turn|42\n|\n|t:|1698520825\n|move|p2a: Gothitelle|Recycle|p2a: Gothitelle\n|-item|p2a: Gothitelle|Starf Berry|[from] move: Recycle\n|-enditem|p2a: Gothitelle|Starf Berry|[eat]\n|-boost|p2a: Gothitelle|spe|2|[from] item: Starf Berry\n|cant|p1a: Zacian|ability: Truant\n|\n|upkeep\n|turn|43\n|\n|t:|1698520836\n|move|p2a: Gothitelle|Dark Pulse|p1a: Zacian\n|-damage|p1a: Zacian|0 fnt\n|faint|p1a: Zacian\n|\n|upkeep\n|\n|t:|1698520851\n|switch|p1a: Arceus|Arceus|78\/100\n|-damage|p1a: Arceus|66\/100|[from] Stealth Rock\n|-damage|p1a: Arceus|54\/100|[from] Spikes\n|turn|44\n|\n|t:|1698520858\n|move|p1a: Arceus|Extreme Speed|p2a: Gothitelle\n|-damage|p2a: Gothitelle|12\/100\n|-damage|p1a: Arceus|44\/100|[from] item: Life Orb\n|move|p2a: Gothitelle|Dark Pulse|p1a: Arceus\n|-damage|p1a: Arceus|0 fnt\n|faint|p1a: Arceus\n|\n|upkeep\n|\n|t:|1698520875\n|switch|p1a: Groudon|Groudon-Primal|94\/100\n|-damage|p1a: Groudon|82\/100|[from] Stealth Rock\n|-damage|p1a: Groudon|70\/100|[from] Spikes\n|-weather|DesolateLand|[from] ability: Desolate Land|[of] p1a: Groudon\n|turn|45\n|\n|t:|1698520882\n|-terastallize|p2a: Gothitelle|Dark\n|move|p2a: Gothitelle|Dark Pulse|p1a: Groudon\n|-damage|p1a: Groudon|0 fnt\n|faint|p1a: Groudon\n|-weather|none\n|\n|upkeep\n|\n|t:|1698520885\n|switch|p1a: Necrozma|Necrozma-Dusk-Mane|100\/100\n|-damage|p1a: Necrozma|95\/100|[from] Stealth Rock\n|-damage|p1a: Necrozma|82\/100|[from] Spikes\n|turn|46\n|-message|RealSaad forfeited.\n|\n|win|JustMonika_CARR\n|raw|RealSaad's rating: 1378 &rarr; <strong>1365<\/strong><br \/>(-13 for losing)\n|raw|JustMonika_CARR's rating: 1498 &rarr; <strong>1511<\/strong><br \/>(+13 for winning)\n|l|\u2606RealSaad\n","uploadtime":1698520893,"views":9,"p1id":"realsaad","p2id":"justmonikacarr","formatid":"gen9nationaldexubers","rating":1365,"private":0,"password":""}