{"id":"gen9nationaldexubers-1981658654","p1":"heavylever","p2":"Bluetool","format":"[Gen 9] National Dex Ubers","log":"|j|\u2606heavylever\n|j|\u2606Bluetool\n|t:|1698931059\n|gametype|singles\n|player|p1|heavylever|ash-unova|1715\n|player|p2|Bluetool|morty|1506\n|teamsize|p1|6\n|teamsize|p2|6\n|gen|9\n|tier|[Gen 9] National Dex Ubers\n|rated|\n|rule|HP Percentage Mod: HP is shown in percentages\n|rule|Endless Battle Clause: Forcing endless battles is banned\n|rule|OHKO Clause: OHKO moves are banned\n|rule|Evasion Moves Clause: Evasion moves are banned\n|rule|Evasion Items Clause: Evasion items are banned\n|rule|Species Clause: Limit one of each Pok\u00e9mon\n|rule|Sleep Clause Mod: Limit one foe put to sleep\n|rule|Mega Rayquaza Clause: You cannot mega evolve Rayquaza\n|clearpoke\n|poke|p1|Groudon|\n|poke|p1|Giratina-Origin|\n|poke|p1|Zekrom|\n|poke|p1|Kyogre|\n|poke|p1|Dondozo, M|\n|poke|p1|Blissey, F|\n|poke|p2|Ho-Oh|\n|poke|p2|Zygarde|\n|poke|p2|Groudon|\n|poke|p2|Kyogre|\n|poke|p2|Arceus-Dark|\n|poke|p2|Marshadow|\n|teampreview\n|inactive|Battle timer is ON: inactive players will automatically lose when time's up. (requested by heavylever)\n|\n|t:|1698931095\n|start\n|switch|p1a: Kyogre|Kyogre|100\/100\n|switch|p2a: Arceus|Arceus-Dark|100\/100\n|detailschange|p1a: Kyogre|Kyogre-Primal\n|-primal|p1a: Kyogre|Blue Orb\n|-weather|PrimordialSea|[from] ability: Primordial Sea|[of] p1a: Kyogre\n|turn|1\n|\n|t:|1698931108\n|switch|p2a: Groudon|Groudon, shiny|100\/100\n|detailschange|p2a: Groudon|Groudon-Primal, shiny\n|-primal|p2a: Groudon|Red Orb\n|-weather|DesolateLand|[from] ability: Desolate Land|[of] p2a: Groudon\n|move|p1a: Kyogre|Origin Pulse||[still]\n|-fail|p1a: Kyogre|Origin Pulse|[from] Desolate Land\n|\n|-weather|DesolateLand|[upkeep]\n|upkeep\n|turn|2\n|inactive|heavylever has 120 seconds left.\n|inactive|Bluetool has 120 seconds left.\n|inactive|heavylever has 90 seconds left.\n|\n|t:|1698931183\n|switch|p1a: Dondizzy|Dondozo, M, shiny|100\/100\n|move|p2a: Groudon|Hone Claws|p2a: Groudon\n|-boost|p2a: Groudon|atk|1\n|-boost|p2a: Groudon|accuracy|1\n|\n|-weather|DesolateLand|[upkeep]\n|upkeep\n|turn|3\n|inactive|Bluetool has 120 seconds left.\n|\n|t:|1698931196\n|move|p2a: Groudon|Precipice Blades|p1a: Dondizzy\n|-damage|p1a: Dondizzy|62\/100\n|move|p1a: Dondizzy|Curse|p1a: Dondizzy\n|-unboost|p1a: Dondizzy|spe|1\n|-boost|p1a: Dondizzy|atk|1\n|-boost|p1a: Dondizzy|def|1\n|\n|-weather|DesolateLand|[upkeep]\n|-heal|p1a: Dondizzy|68\/100|[from] item: Leftovers\n|upkeep\n|turn|4\n|\n|t:|1698931203\n|move|p2a: Groudon|Precipice Blades|p1a: Dondizzy|[miss]\n|-miss|p2a: Groudon|p1a: Dondizzy\n|move|p1a: Dondizzy|Curse|p1a: Dondizzy\n|-unboost|p1a: Dondizzy|spe|1\n|-boost|p1a: Dondizzy|atk|1\n|-boost|p1a: Dondizzy|def|1\n|\n|-weather|DesolateLand|[upkeep]\n|-heal|p1a: Dondizzy|75\/100|[from] item: Leftovers\n|upkeep\n|turn|5\n|\n|t:|1698931211\n|move|p2a: Groudon|Precipice Blades|p1a: Dondizzy\n|-damage|p1a: Dondizzy|55\/100\n|move|p1a: Dondizzy|Body Press|p2a: Groudon\n|-damage|p2a: Groudon|69\/100\n|\n|-weather|DesolateLand|[upkeep]\n|-heal|p1a: Dondizzy|62\/100|[from] item: Leftovers\n|upkeep\n|turn|6\n|\n|t:|1698931234\n|move|p2a: Groudon|Precipice Blades|p1a: Dondizzy\n|-damage|p1a: Dondizzy|41\/100\n|move|p1a: Dondizzy|Curse|p1a: Dondizzy\n|-unboost|p1a: Dondizzy|spe|1\n|-boost|p1a: Dondizzy|atk|1\n|-boost|p1a: Dondizzy|def|1\n|\n|-weather|DesolateLand|[upkeep]\n|-heal|p1a: Dondizzy|47\/100|[from] item: Leftovers\n|upkeep\n|turn|7\n|\n|t:|1698931240\n|move|p2a: Groudon|Precipice Blades|p1a: Dondizzy\n|-damage|p1a: Dondizzy|32\/100\n|move|p1a: Dondizzy|Rest|p1a: Dondizzy\n|-status|p1a: Dondizzy|slp|[from] move: Rest\n|-heal|p1a: Dondizzy|100\/100 slp|[silent]\n|\n|-weather|DesolateLand|[upkeep]\n|upkeep\n|turn|8\n|\n|t:|1698931260\n|move|p2a: Groudon|Precipice Blades|p1a: Dondizzy\n|-damage|p1a: Dondizzy|83\/100 slp\n|cant|p1a: Dondizzy|slp\n|\n|-weather|DesolateLand|[upkeep]\n|-heal|p1a: Dondizzy|89\/100 slp|[from] item: Leftovers\n|upkeep\n|turn|9\n|\n|t:|1698931264\n|-weather|none\n|switch|p2a: Marshadow|Marshadow|100\/100\n|cant|p1a: Dondizzy|slp\n|\n|-heal|p1a: Dondizzy|96\/100 slp|[from] item: Leftovers\n|upkeep\n|turn|10\n|\n|t:|1698931269\n|move|p2a: Marshadow|Spectral Thief||[still]\n|-clearpositiveboost|p1a: Dondizzy|p2a: Marshadow|move: Spectral Thief\n|-boost|p2a: Marshadow|atk|3\n|-boost|p2a: Marshadow|def|3\n|-anim|p2a: Marshadow|Spectral Thief|p1a: Dondizzy\n|-damage|p1a: Dondizzy|67\/100 slp\n|-curestatus|p1a: Dondizzy|slp|[msg]\n|move|p1a: Dondizzy|Liquidation|p2a: Marshadow\n|-damage|p2a: Marshadow|64\/100\n|\n|-heal|p1a: Dondizzy|73\/100|[from] item: Leftovers\n|upkeep\n|turn|11\n|\n|t:|1698931284\n|move|p2a: Marshadow|Spectral Thief|p1a: Dondizzy\n|-damage|p1a: Dondizzy|42\/100\n|move|p1a: Dondizzy|Liquidation|p2a: Marshadow\n|-damage|p2a: Marshadow|26\/100\n|\n|-heal|p1a: Dondizzy|48\/100|[from] item: Leftovers\n|upkeep\n|turn|12\n|\n|t:|1698931292\n|move|p2a: Marshadow|Spectral Thief|p1a: Dondizzy\n|-damage|p1a: Dondizzy|15\/100\n|move|p1a: Dondizzy|Liquidation|p2a: Marshadow\n|-damage|p2a: Marshadow|0 fnt\n|faint|p2a: Marshadow\n|\n|-heal|p1a: Dondizzy|21\/100|[from] item: Leftovers\n|upkeep\n|\n|t:|1698931309\n|switch|p2a: Kyogre|Kyogre, shiny|100\/100\n|detailschange|p2a: Kyogre|Kyogre-Primal, shiny\n|-primal|p2a: Kyogre|Blue Orb\n|-weather|PrimordialSea|[from] ability: Primordial Sea|[of] p2a: Kyogre\n|turn|13\n|\n|t:|1698931317\n|switch|p1a: Blissey|Blissey, F, shiny|100\/100\n|move|p2a: Kyogre|Thunder|p1a: Blissey\n|-damage|p1a: Blissey|88\/100\n|-status|p1a: Blissey|par\n|\n|-weather|PrimordialSea|[upkeep]\n|-heal|p1a: Blissey|94\/100 par|[from] item: Leftovers\n|upkeep\n|turn|14\n|\n|t:|1698931323\n|move|p2a: Kyogre|Calm Mind|p2a: Kyogre\n|-boost|p2a: Kyogre|spa|1\n|-boost|p2a: Kyogre|spd|1\n|cant|p1a: Blissey|par\n|\n|-weather|PrimordialSea|[upkeep]\n|-heal|p1a: Blissey|100\/100 par|[from] item: Leftovers\n|upkeep\n|turn|15\n|\n|t:|1698931328\n|move|p2a: Kyogre|Ice Beam|p1a: Blissey\n|-damage|p1a: Blissey|85\/100 par\n|move|p1a: Blissey|Toxic|p2a: Kyogre|[miss]\n|-miss|p1a: Blissey|p2a: Kyogre\n|\n|-weather|PrimordialSea|[upkeep]\n|-heal|p1a: Blissey|91\/100 par|[from] item: Leftovers\n|upkeep\n|turn|16\n|\n|t:|1698931332\n|move|p2a: Kyogre|Calm Mind|p2a: Kyogre\n|-boost|p2a: Kyogre|spa|1\n|-boost|p2a: Kyogre|spd|1\n|move|p1a: Blissey|Toxic|p2a: Kyogre\n|-status|p2a: Kyogre|tox\n|\n|-weather|PrimordialSea|[upkeep]\n|-heal|p1a: Blissey|97\/100 par|[from] item: Leftovers\n|-damage|p2a: Kyogre|94\/100 tox|[from] psn\n|upkeep\n|turn|17\n|\n|t:|1698931335\n|move|p2a: Kyogre|Origin Pulse|p1a: Blissey|[miss]\n|-miss|p2a: Kyogre|p1a: Blissey\n|cant|p1a: Blissey|par\n|\n|-weather|PrimordialSea|[upkeep]\n|-heal|p1a: Blissey|100\/100 par|[from] item: Leftovers\n|-damage|p2a: Kyogre|82\/100 tox|[from] psn\n|upkeep\n|turn|18\n|\n|t:|1698931341\n|-curestatus|p1a: Blissey|par|[from] ability: Natural Cure\n|switch|p1a: Dondizzy|Dondozo, M, shiny|21\/100\n|move|p2a: Kyogre|Ice Beam|p1a: Dondizzy\n|-resisted|p1a: Dondizzy\n|-damage|p1a: Dondizzy|3\/100\n|-status|p1a: Dondizzy|frz\n|\n|-weather|PrimordialSea|[upkeep]\n|-heal|p1a: Dondizzy|9\/100 frz|[from] item: Leftovers\n|-damage|p2a: Kyogre|63\/100 tox|[from] psn\n|upkeep\n|turn|19\n|\n|t:|1698931346\n|switch|p1a: Blissey|Blissey, F, shiny|100\/100\n|move|p2a: Kyogre|Ice Beam|p1a: Blissey\n|-damage|p1a: Blissey|79\/100\n|\n|-weather|PrimordialSea|[upkeep]\n|-heal|p1a: Blissey|85\/100|[from] item: Leftovers\n|-damage|p2a: Kyogre|38\/100 tox|[from] psn\n|upkeep\n|turn|20\n|\n|t:|1698931350\n|move|p2a: Kyogre|Origin Pulse|p1a: Blissey\n|-damage|p1a: Blissey|24\/100\n|move|p1a: Blissey|Stealth Rock|p2a: Kyogre\n|-sidestart|p2: Bluetool|move: Stealth Rock\n|\n|-weather|PrimordialSea|[upkeep]\n|-heal|p1a: Blissey|30\/100|[from] item: Leftovers\n|-damage|p2a: Kyogre|7\/100 tox|[from] psn\n|upkeep\n|turn|21\n|\n|t:|1698931354\n|switch|p1a: Dondizzy|Dondozo, M, shiny|9\/100 frz\n|move|p2a: Kyogre|Ice Beam|p1a: Dondizzy\n|-resisted|p1a: Dondizzy\n|-damage|p1a: Dondizzy|0 fnt\n|faint|p1a: Dondizzy\n|\n|-weather|PrimordialSea|[upkeep]\n|-damage|p2a: Kyogre|0 fnt|[from] psn\n|faint|p2a: Kyogre\n|-weather|none\n|upkeep\n|\n|t:|1698931361\n|switch|p2a: Ho-Oh|Ho-Oh, shiny|100\/100\n|switch|p1a: Kyogre|Kyogre-Primal|100\/100\n|-weather|PrimordialSea|[from] ability: Primordial Sea|[of] p1a: Kyogre\n|turn|22\n|\n|t:|1698931368\n|switch|p2a: Groudon|Groudon-Primal, shiny|69\/100\n|-damage|p2a: Groudon|57\/100|[from] Stealth Rock\n|-weather|DesolateLand|[from] ability: Desolate Land|[of] p2a: Groudon\n|move|p1a: Kyogre|Ice Beam|p2a: Groudon\n|-damage|p2a: Groudon|16\/100\n|\n|-weather|DesolateLand|[upkeep]\n|upkeep\n|turn|23\n|\n|t:|1698931372\n|switch|p1a: Giratina|Giratina-Origin, shiny|100\/100\n|move|p2a: Groudon|Precipice Blades|p1a: Giratina\n|-immune|p1a: Giratina|[from] ability: Levitate\n|\n|-weather|DesolateLand|[upkeep]\n|upkeep\n|turn|24\n|\n|t:|1698931378\n|-weather|none\n|switch|p2a: Ho-Oh|Ho-Oh, shiny|100\/100\n|move|p1a: Giratina|Hex|p2a: Ho-Oh\n|-crit|p2a: Ho-Oh\n|-damage|p2a: Ho-Oh|66\/100\n|\n|upkeep\n|turn|25\n|\n|t:|1698931384\n|move|p2a: Ho-Oh|Defog|p1a: Giratina\n|-unboost|p1a: Giratina|evasion|1\n|-sideend|p2: Bluetool|Stealth Rock|[from] move: Defog|[of] p2a: Ho-Oh\n|move|p1a: Giratina|Thunder Wave|p2a: Ho-Oh|[miss]\n|-miss|p1a: Giratina|p2a: Ho-Oh\n|\n|upkeep\n|turn|26\n|\n|t:|1698931390\n|move|p2a: Ho-Oh|Toxic|p1a: Giratina\n|-status|p1a: Giratina|tox\n|move|p1a: Giratina|Thunder Wave|p2a: Ho-Oh\n|-status|p2a: Ho-Oh|par\n|\n|-damage|p1a: Giratina|94\/100 tox|[from] psn\n|upkeep\n|turn|27\n|\n|t:|1698931395\n|switch|p2a: Arceus|Arceus-Dark|100\/100\n|move|p1a: Giratina|Hex|p2a: Arceus\n|-resisted|p2a: Arceus\n|-damage|p2a: Arceus|88\/100\n|\n|-damage|p1a: Giratina|82\/100 tox|[from] psn\n|upkeep\n|turn|28\n|\n|t:|1698931400\n|switch|p1a: Blissey|Blissey, F, shiny|30\/100\n|move|p2a: Arceus|Taunt|p1a: Blissey\n|-start|p1a: Blissey|move: Taunt\n|\n|-heal|p1a: Blissey|36\/100|[from] item: Leftovers\n|upkeep\n|turn|29\n|\n|t:|1698931404\n|move|p2a: Arceus|Will-O-Wisp|p1a: Blissey|[miss]\n|-miss|p2a: Arceus|p1a: Blissey\n|move|p1a: Blissey|Seismic Toss|p2a: Arceus\n|-damage|p2a: Arceus|65\/100\n|\n|-heal|p1a: Blissey|42\/100|[from] item: Leftovers\n|upkeep\n|turn|30\n|\n|t:|1698931407\n|move|p2a: Arceus|Will-O-Wisp|p1a: Blissey\n|-status|p1a: Blissey|brn\n|move|p1a: Blissey|Seismic Toss|p2a: Arceus\n|-damage|p2a: Arceus|43\/100\n|\n|-heal|p1a: Blissey|48\/100 brn|[from] item: Leftovers\n|-damage|p1a: Blissey|42\/100 brn|[from] brn\n|-end|p1a: Blissey|move: Taunt\n|upkeep\n|turn|31\n|\n|t:|1698931415\n|move|p2a: Arceus|Taunt|p1a: Blissey\n|-start|p1a: Blissey|move: Taunt\n|cant|p1a: Blissey|move: Taunt|Soft-Boiled\n|\n|-heal|p1a: Blissey|48\/100 brn|[from] item: Leftovers\n|-damage|p1a: Blissey|42\/100 brn|[from] brn\n|upkeep\n|turn|32\n|\n|t:|1698931417\n|move|p2a: Arceus|Recover|p2a: Arceus\n|-heal|p2a: Arceus|93\/100\n|move|p1a: Blissey|Seismic Toss|p2a: Arceus\n|-damage|p2a: Arceus|70\/100\n|\n|-heal|p1a: Blissey|48\/100 brn|[from] item: Leftovers\n|-damage|p1a: Blissey|42\/100 brn|[from] brn\n|upkeep\n|turn|33\n|\n|t:|1698931419\n|move|p2a: Arceus|Foul Play|p1a: Blissey\n|-damage|p1a: Blissey|34\/100 brn\n|move|p1a: Blissey|Seismic Toss|p2a: Arceus\n|-damage|p2a: Arceus|48\/100\n|\n|-heal|p1a: Blissey|41\/100 brn|[from] item: Leftovers\n|-damage|p1a: Blissey|34\/100 brn|[from] brn\n|-end|p1a: Blissey|move: Taunt\n|upkeep\n|turn|34\n|\n|t:|1698931422\n|move|p2a: Arceus|Taunt|p1a: Blissey\n|-start|p1a: Blissey|move: Taunt\n|move|p1a: Blissey|Seismic Toss|p2a: Arceus\n|-damage|p2a: Arceus|25\/100\n|\n|-heal|p1a: Blissey|41\/100 brn|[from] item: Leftovers\n|-damage|p1a: Blissey|34\/100 brn|[from] brn\n|upkeep\n|turn|35\n|\n|t:|1698931424\n|move|p2a: Arceus|Recover|p2a: Arceus\n|-heal|p2a: Arceus|75\/100\n|move|p1a: Blissey|Seismic Toss|p2a: Arceus\n|-damage|p2a: Arceus|53\/100\n|\n|-heal|p1a: Blissey|41\/100 brn|[from] item: Leftovers\n|-damage|p1a: Blissey|34\/100 brn|[from] brn\n|upkeep\n|turn|36\n|\n|t:|1698931428\n|move|p2a: Arceus|Foul Play|p1a: Blissey\n|-damage|p1a: Blissey|28\/100 brn\n|move|p1a: Blissey|Seismic Toss|p2a: Arceus\n|-damage|p2a: Arceus|30\/100\n|\n|-heal|p1a: Blissey|34\/100 brn|[from] item: Leftovers\n|-damage|p1a: Blissey|28\/100 brn|[from] brn\n|-end|p1a: Blissey|move: Taunt\n|upkeep\n|turn|37\n|\n|t:|1698931433\n|move|p2a: Arceus|Taunt|p1a: Blissey\n|-start|p1a: Blissey|move: Taunt\n|cant|p1a: Blissey|move: Taunt|Soft-Boiled\n|\n|-heal|p1a: Blissey|34\/100 brn|[from] item: Leftovers\n|-damage|p1a: Blissey|28\/100 brn|[from] brn\n|upkeep\n|turn|38\n|\n|t:|1698931435\n|move|p2a: Arceus|Recover|p2a: Arceus\n|-heal|p2a: Arceus|80\/100\n|move|p1a: Blissey|Seismic Toss|p2a: Arceus\n|-damage|p2a: Arceus|58\/100\n|\n|-heal|p1a: Blissey|34\/100 brn|[from] item: Leftovers\n|-damage|p1a: Blissey|28\/100 brn|[from] brn\n|upkeep\n|turn|39\n|\n|t:|1698931440\n|move|p2a: Arceus|Foul Play|p1a: Blissey\n|-damage|p1a: Blissey|20\/100 brn\n|move|p1a: Blissey|Seismic Toss|p2a: Arceus\n|-damage|p2a: Arceus|35\/100\n|\n|-heal|p1a: Blissey|26\/100 brn|[from] item: Leftovers\n|-damage|p1a: Blissey|20\/100 brn|[from] brn\n|-end|p1a: Blissey|move: Taunt\n|upkeep\n|turn|40\n|\n|t:|1698931448\n|move|p2a: Arceus|Taunt|p1a: Blissey\n|-start|p1a: Blissey|move: Taunt\n|move|p1a: Blissey|Seismic Toss|p2a: Arceus\n|-damage|p2a: Arceus|13\/100\n|\n|-heal|p1a: Blissey|26\/100 brn|[from] item: Leftovers\n|-damage|p1a: Blissey|20\/100 brn|[from] brn\n|upkeep\n|turn|41\n|\n|t:|1698931450\n|move|p2a: Arceus|Recover|p2a: Arceus\n|-heal|p2a: Arceus|63\/100\n|move|p1a: Blissey|Seismic Toss|p2a: Arceus\n|-damage|p2a: Arceus|40\/100\n|\n|-heal|p1a: Blissey|26\/100 brn|[from] item: Leftovers\n|-damage|p1a: Blissey|20\/100 brn|[from] brn\n|upkeep\n|turn|42\n|\n|t:|1698931453\n|move|p2a: Arceus|Recover|p2a: Arceus\n|-heal|p2a: Arceus|90\/100\n|move|p1a: Blissey|Seismic Toss|p2a: Arceus\n|-damage|p2a: Arceus|68\/100\n|\n|-heal|p1a: Blissey|26\/100 brn|[from] item: Leftovers\n|-damage|p1a: Blissey|20\/100 brn|[from] brn\n|-end|p1a: Blissey|move: Taunt\n|upkeep\n|turn|43\n|\n|t:|1698931455\n|move|p2a: Arceus|Taunt|p1a: Blissey\n|-start|p1a: Blissey|move: Taunt\n|move|p1a: Blissey|Seismic Toss|p2a: Arceus\n|-damage|p2a: Arceus|45\/100\n|\n|-heal|p1a: Blissey|26\/100 brn|[from] item: Leftovers\n|-damage|p1a: Blissey|20\/100 brn|[from] brn\n|upkeep\n|turn|44\n|\n|t:|1698931459\n|-curestatus|p1a: Blissey|brn|[from] ability: Natural Cure\n|switch|p1a: Giratina|Giratina-Origin, shiny|82\/100 tox\n|move|p2a: Arceus|Foul Play|p1a: Giratina\n|-supereffective|p1a: Giratina\n|-damage|p1a: Giratina|24\/100 tox\n|\n|-damage|p1a: Giratina|17\/100 tox|[from] psn\n|upkeep\n|turn|45\n|\n|t:|1698931463\n|move|p2a: Arceus|Foul Play|p1a: Giratina\n|-supereffective|p1a: Giratina\n|-damage|p1a: Giratina|0 fnt\n|faint|p1a: Giratina\n|\n|upkeep\n|\n|t:|1698931466\n|switch|p1a: Kyogre|Kyogre-Primal|100\/100\n|-weather|PrimordialSea|[from] ability: Primordial Sea|[of] p1a: Kyogre\n|turn|46\n|\n|t:|1698931469\n|move|p2a: Arceus|Recover|p2a: Arceus\n|-heal|p2a: Arceus|95\/100\n|move|p1a: Kyogre|Origin Pulse|p2a: Arceus\n|-damage|p2a: Arceus|22\/100\n|\n|-weather|PrimordialSea|[upkeep]\n|upkeep\n|turn|47\n|\n|t:|1698931473\n|switch|p2a: Groudon|Groudon-Primal, shiny|16\/100\n|-weather|DesolateLand|[from] ability: Desolate Land|[of] p2a: Groudon\n|move|p1a: Kyogre|Thunder|p2a: Groudon\n|-immune|p2a: Groudon\n|\n|-weather|DesolateLand|[upkeep]\n|upkeep\n|turn|48\n|\n|t:|1698931477\n|switch|p1a: Blissey|Blissey, F, shiny|20\/100\n|move|p2a: Groudon|Precipice Blades|p1a: Blissey\n|-damage|p1a: Blissey|0 fnt\n|faint|p1a: Blissey\n|\n|-weather|DesolateLand|[upkeep]\n|upkeep\n|\n|t:|1698931480\n|switch|p1a: Zekrom|Zekrom|100\/100\n|-ability|p1a: Zekrom|Teravolt\n|turn|49\n|\n|t:|1698931482\n|move|p1a: Zekrom|Dragon Claw|p2a: Groudon\n|-damage|p2a: Groudon|0 fnt\n|faint|p2a: Groudon\n|-weather|none\n|\n|upkeep\n|\n|t:|1698931487\n|switch|p2a: Zygarde|Zygarde, shiny|100\/100\n|turn|50\n|\n|t:|1698931495\n|switch|p1a: Kyogre|Kyogre-Primal|100\/100\n|-weather|PrimordialSea|[from] ability: Primordial Sea|[of] p1a: Kyogre\n|-terastallize|p2a: Zygarde|Normal\n|move|p2a: Zygarde|Coil|p2a: Zygarde\n|-boost|p2a: Zygarde|atk|1\n|-boost|p2a: Zygarde|def|1\n|-boost|p2a: Zygarde|accuracy|1\n|\n|-weather|PrimordialSea|[upkeep]\n|upkeep\n|turn|51\n|\n|t:|1698931499\n|move|p2a: Zygarde|Thousand Arrows|p1a: Kyogre\n|-damage|p1a: Kyogre|51\/100\n|move|p1a: Kyogre|Origin Pulse|p2a: Zygarde\n|-damage|p2a: Zygarde|12\/100\n|\n|-weather|PrimordialSea|[upkeep]\n|-activate|p2a: Zygarde|ability: Power Construct\n|detailschange|p2a: Zygarde|Zygarde-Complete, shiny, tera:Normal\n|-heal|p2a: Zygarde|42\/100|[silent]\n|upkeep\n|turn|52\n|\n|t:|1698931506\n|move|p1a: Kyogre|Origin Pulse|p2a: Zygarde|[miss]\n|-miss|p1a: Kyogre|p2a: Zygarde\n|move|p2a: Zygarde|Thousand Arrows|p1a: Kyogre\n|-damage|p1a: Kyogre|6\/100\n|\n|-weather|PrimordialSea|[upkeep]\n|upkeep\n|turn|53\n|\n|t:|1698931509\n|move|p2a: Zygarde|Extreme Speed|p1a: Kyogre\n|-damage|p1a: Kyogre|0 fnt\n|faint|p1a: Kyogre\n|-weather|none\n|\n|upkeep\n|\n|t:|1698931514\n|switch|p1a: Groudon|Groudon|100\/100\n|detailschange|p1a: Groudon|Groudon-Primal\n|-primal|p1a: Groudon|Red Orb\n|-weather|DesolateLand|[from] ability: Desolate Land|[of] p1a: Groudon\n|turn|54\n|\n|t:|1698931517\n|move|p1a: Groudon|Will-O-Wisp|p2a: Zygarde\n|-status|p2a: Zygarde|brn\n|move|p2a: Zygarde|Rest|p2a: Zygarde\n|-status|p2a: Zygarde|slp|[from] move: Rest\n|-heal|p2a: Zygarde|100\/100 slp|[silent]\n|-enditem|p2a: Zygarde|Chesto Berry|[eat]\n|-curestatus|p2a: Zygarde|slp|[msg]\n|\n|-weather|DesolateLand|[upkeep]\n|upkeep\n|turn|55\n|\n|t:|1698931525\n|move|p1a: Groudon|Will-O-Wisp|p2a: Zygarde\n|-status|p2a: Zygarde|brn\n|move|p2a: Zygarde|Thousand Arrows|p1a: Groudon\n|-supereffective|p1a: Groudon\n|-damage|p1a: Groudon|71\/100\n|\n|-weather|DesolateLand|[upkeep]\n|-damage|p2a: Zygarde|94\/100 brn|[from] brn\n|upkeep\n|turn|56\n|\n|t:|1698931528\n|move|p2a: Zygarde|Coil|p2a: Zygarde\n|-boost|p2a: Zygarde|atk|1\n|-boost|p2a: Zygarde|def|1\n|-boost|p2a: Zygarde|accuracy|1\n|move|p1a: Groudon|Roar|p2a: Zygarde\n|drag|p2a: Arceus|Arceus-Dark|22\/100\n|\n|-weather|DesolateLand|[upkeep]\n|upkeep\n|turn|57\n|\n|t:|1698931536\n|move|p2a: Arceus|Foul Play|p1a: Groudon\n|-damage|p1a: Groudon|24\/100\n|move|p1a: Groudon|Earthquake|p2a: Arceus\n|-damage|p2a: Arceus|0 fnt\n|faint|p2a: Arceus\n|\n|-weather|DesolateLand|[upkeep]\n|upkeep\n|\n|t:|1698931539\n|switch|p2a: Zygarde|Zygarde-Complete, shiny, tera:Normal|94\/100 brn\n|turn|58\n|\n|t:|1698931544\n|move|p1a: Groudon|Earthquake|p2a: Zygarde\n|-crit|p2a: Zygarde\n|-damage|p2a: Zygarde|49\/100 brn\n|move|p2a: Zygarde|Thousand Arrows|p1a: Groudon\n|-supereffective|p1a: Groudon\n|-damage|p1a: Groudon|5\/100\n|\n|-weather|DesolateLand|[upkeep]\n|-damage|p2a: Zygarde|43\/100 brn|[from] brn\n|upkeep\n|turn|59\n|\n|t:|1698931553\n|move|p2a: Zygarde|Rest|p2a: Zygarde\n|-status|p2a: Zygarde|slp|[from] move: Rest\n|-heal|p2a: Zygarde|100\/100 slp|[silent]\n|move|p1a: Groudon|Roar|p2a: Zygarde\n|drag|p2a: Ho-Oh|Ho-Oh, shiny|99\/100 par\n|\n|-weather|DesolateLand|[upkeep]\n|upkeep\n|turn|60\n|\n|t:|1698931557\n|move|p1a: Groudon|Stone Edge|p2a: Ho-Oh\n|-supereffective|p2a: Ho-Oh\n|-damage|p2a: Ho-Oh|0 fnt\n|faint|p2a: Ho-Oh\n|\n|-weather|DesolateLand|[upkeep]\n|upkeep\n|\n|t:|1698931559\n|switch|p2a: Zygarde|Zygarde-Complete, shiny, tera:Normal|100\/100 slp\n|turn|61\n|\n|t:|1698931562\n|-weather|none\n|switch|p1a: Zekrom|Zekrom|100\/100\n|-ability|p1a: Zekrom|Teravolt\n|cant|p2a: Zygarde|slp\n|\n|upkeep\n|turn|62\n|\n|t:|1698931566\n|move|p1a: Zekrom|Dragon Dance|p1a: Zekrom\n|-boost|p1a: Zekrom|atk|1\n|-boost|p1a: Zekrom|spe|1\n|cant|p2a: Zygarde|slp\n|\n|upkeep\n|turn|63\n|\n|t:|1698931568\n|move|p1a: Zekrom|Dragon Dance|p1a: Zekrom\n|-boost|p1a: Zekrom|atk|1\n|-boost|p1a: Zekrom|spe|1\n|-curestatus|p2a: Zygarde|slp|[msg]\n|move|p2a: Zygarde|Coil|p2a: Zygarde\n|-boost|p2a: Zygarde|atk|1\n|-boost|p2a: Zygarde|def|1\n|-boost|p2a: Zygarde|accuracy|1\n|\n|upkeep\n|turn|64\n|\n|t:|1698931580\n|-terastallize|p1a: Zekrom|Fairy\n|move|p1a: Zekrom|Dragon Dance|p1a: Zekrom\n|-boost|p1a: Zekrom|atk|1\n|-boost|p1a: Zekrom|spe|1\n|move|p2a: Zygarde|Thousand Arrows|p1a: Zekrom\n|-damage|p1a: Zekrom|62\/100\n|\n|upkeep\n|turn|65\n|\n|t:|1698931589\n|move|p1a: Zekrom|Bolt Strike|p2a: Zygarde|[miss]\n|-miss|p1a: Zekrom|p2a: Zygarde\n|move|p2a: Zygarde|Coil|p2a: Zygarde\n|-boost|p2a: Zygarde|atk|1\n|-boost|p2a: Zygarde|def|1\n|-boost|p2a: Zygarde|accuracy|1\n|\n|upkeep\n|turn|66\n|\n|t:|1698931592\n|move|p1a: Zekrom|Bolt Strike|p2a: Zygarde\n|-damage|p2a: Zygarde|63\/100\n|move|p2a: Zygarde|Coil|p2a: Zygarde\n|-boost|p2a: Zygarde|atk|1\n|-boost|p2a: Zygarde|def|1\n|-boost|p2a: Zygarde|accuracy|1\n|\n|upkeep\n|turn|67\n|\n|t:|1698931595\n|move|p1a: Zekrom|Bolt Strike|p2a: Zygarde\n|-damage|p2a: Zygarde|37\/100\n|-status|p2a: Zygarde|par\n|move|p2a: Zygarde|Coil|p2a: Zygarde\n|-boost|p2a: Zygarde|atk|1\n|-boost|p2a: Zygarde|def|1\n|-boost|p2a: Zygarde|accuracy|1\n|\n|upkeep\n|turn|68\n|\n|t:|1698931601\n|move|p1a: Zekrom|Bolt Strike|p2a: Zygarde\n|-damage|p2a: Zygarde|12\/100 par\n|cant|p2a: Zygarde|par\n|\n|upkeep\n|turn|69\n|\n|t:|1698931606\n|move|p2a: Zygarde|Extreme Speed|p1a: Zekrom\n|-damage|p1a: Zekrom|0 fnt\n|faint|p1a: Zekrom\n|\n|upkeep\n|\n|t:|1698931609\n|switch|p1a: Groudon|Groudon-Primal|5\/100\n|-weather|DesolateLand|[from] ability: Desolate Land|[of] p1a: Groudon\n|turn|70\n|\n|t:|1698931611\n|cant|p2a: Zygarde|par\n|move|p1a: Groudon|Earthquake|p2a: Zygarde\n|-damage|p2a: Zygarde|2\/100 par\n|\n|-weather|DesolateLand|[upkeep]\n|upkeep\n|turn|71\n|\n|t:|1698931613\n|move|p2a: Zygarde|Extreme Speed|p1a: Groudon\n|-damage|p1a: Groudon|0 fnt\n|faint|p1a: Groudon\n|-weather|none\n|\n|win|Bluetool\n|raw|heavylever's rating: 1715 &rarr; <strong>1684<\/strong><br \/>(-31 for losing)\n|raw|Bluetool's rating: 1506 &rarr; <strong>1537<\/strong><br \/>(+31 for winning)\n|l|\u2606heavylever\n|c|\u2606Bluetool|gg\n","uploadtime":1698931632,"views":8,"p1id":"heavylever","p2id":"bluetool","formatid":"gen9nationaldexubers","rating":1537,"private":0,"password":""}