{"id":"gen9nationaldexubers-1987171471","p1":"Magnetonmagby","p2":"leximek","format":"[Gen 9] National Dex Ubers","log":"|j|\u2606Magnetonmagby\n|j|\u2606leximek\n|t:|1699562085\n|gametype|singles\n|player|p1|Magnetonmagby|170|1431\n|player|p2|leximek|benga|1389\n|teamsize|p1|6\n|teamsize|p2|6\n|gen|9\n|tier|[Gen 9] National Dex Ubers\n|rated|\n|rule|HP Percentage Mod: HP is shown in percentages\n|rule|Endless Battle Clause: Forcing endless battles is banned\n|rule|OHKO Clause: OHKO moves are banned\n|rule|Evasion Moves Clause: Evasion moves are banned\n|rule|Evasion Items Clause: Evasion items are banned\n|rule|Species Clause: Limit one of each Pok\u00e9mon\n|rule|Sleep Clause Mod: Limit one foe put to sleep\n|rule|Mega Rayquaza Clause: You cannot mega evolve Rayquaza\n|clearpoke\n|poke|p1|Shuckle, F|\n|poke|p1|Solgaleo|\n|poke|p1|Groudon|\n|poke|p1|Yveltal|\n|poke|p1|Arceus|\n|poke|p1|Xerneas-*|\n|poke|p2|Marshadow|\n|poke|p2|Necrozma-Dusk-Mane|\n|poke|p2|Groudon|\n|poke|p2|Kyogre|\n|poke|p2|Xerneas-*|\n|poke|p2|Yveltal|\n|teampreview\n|inactive|Battle timer is ON: inactive players will automatically lose when time's up. (requested by leximek)\n|\n|t:|1699562091\n|start\n|switch|p1a: Shuckle|Shuckle, F|100\/100\n|switch|p2a: Xerneas|Xerneas|100\/100\n|-ability|p2a: Xerneas|Fairy Aura\n|turn|1\n|\n|t:|1699562097\n|move|p2a: Xerneas|Moonblast|p1a: Shuckle\n|-damage|p1a: Shuckle|66\/100\n|-unboost|p1a: Shuckle|spa|1\n|move|p1a: Shuckle|Encore|p2a: Xerneas\n|-start|p2a: Xerneas|Encore\n|\n|upkeep\n|turn|2\n|\n|t:|1699562104\n|move|p2a: Xerneas|Moonblast|p1a: Shuckle\n|-damage|p1a: Shuckle|26\/100\n|move|p1a: Shuckle|Sticky Web|p2a: Xerneas\n|-sidestart|p2: leximek|move: Sticky Web\n|\n|upkeep\n|turn|3\n|\n|t:|1699562111\n|move|p2a: Xerneas|Moonblast|p1a: Shuckle\n|-damage|p1a: Shuckle|0 fnt\n|faint|p1a: Shuckle\n|\n|upkeep\n|\n|t:|1699562129\n|switch|p1a: Groudon|Groudon|100\/100\n|detailschange|p1a: Groudon|Groudon-Primal\n|-primal|p1a: Groudon|Red Orb\n|-weather|DesolateLand|[from] ability: Desolate Land|[of] p1a: Groudon\n|turn|4\n|\n|t:|1699562139\n|switch|p2a: Yveltal|Yveltal|100\/100\n|-ability|p2a: Yveltal|Dark Aura\n|move|p1a: Groudon|Swords Dance|p1a: Groudon\n|-boost|p1a: Groudon|atk|2\n|\n|-weather|DesolateLand|[upkeep]\n|upkeep\n|turn|5\n|\n|t:|1699562158\n|-terastallize|p2a: Yveltal|Dark\n|move|p2a: Yveltal|Dark Pulse|p1a: Groudon\n|-damage|p1a: Groudon|18\/100\n|move|p1a: Groudon|Fire Punch|p2a: Yveltal\n|-damage|p2a: Yveltal|0 fnt\n|faint|p2a: Yveltal\n|\n|-weather|DesolateLand|[upkeep]\n|upkeep\n|inactive|leximek has 120 seconds left.\n|\n|t:|1699562181\n|switch|p2a: Marshadow|Marshadow|100\/100\n|-activate|p2a: Marshadow|move: Sticky Web\n|-unboost|p2a: Marshadow|spe|1\n|turn|6\n|\n|t:|1699562189\n|move|p1a: Groudon|Earthquake|p2a: Marshadow\n|-enditem|p2a: Marshadow|Focus Sash\n|-damage|p2a: Marshadow|1\/100\n|move|p2a: Marshadow|Spectral Thief||[still]\n|-clearpositiveboost|p1a: Groudon|p2a: Marshadow|move: Spectral Thief\n|-boost|p2a: Marshadow|atk|2\n|-anim|p2a: Marshadow|Spectral Thief|p1a: Groudon\n|-damage|p1a: Groudon|0 fnt\n|faint|p1a: Groudon\n|-weather|none\n|\n|upkeep\n|\n|t:|1699562196\n|switch|p1a: Yveltal|Yveltal|100\/100\n|-ability|p1a: Yveltal|Dark Aura\n|turn|7\n|inactive|leximek has 120 seconds left.\n|\n|t:|1699562218\n|switch|p2a: Xerneas|Xerneas|100\/100\n|-activate|p2a: Xerneas|move: Sticky Web\n|-unboost|p2a: Xerneas|spe|1\n|-ability|p2a: Xerneas|Fairy Aura\n|move|p1a: Yveltal|Dark Pulse|p2a: Xerneas\n|-resisted|p2a: Xerneas\n|-damage|p2a: Xerneas|72\/100\n|-damage|p1a: Yveltal|91\/100|[from] item: Life Orb\n|\n|upkeep\n|turn|8\n|inactive|leximek has 120 seconds left.\n|\n|t:|1699562234\n|move|p1a: Yveltal|Taunt|p2a: Xerneas\n|-start|p2a: Xerneas|move: Taunt\n|cant|p2a: Xerneas|move: Taunt|Geomancy\n|\n|upkeep\n|turn|9\n|\n|t:|1699562239\n|move|p1a: Yveltal|Oblivion Wing|p2a: Xerneas\n|-damage|p2a: Xerneas|30\/100\n|-heal|p1a: Yveltal|100\/100|[from] drain|[of] p2a: Xerneas\n|-damage|p1a: Yveltal|91\/100|[from] item: Life Orb\n|move|p2a: Xerneas|Moonblast|p1a: Yveltal\n|-supereffective|p1a: Yveltal\n|-damage|p1a: Yveltal|0 fnt\n|faint|p1a: Yveltal\n|\n|upkeep\n|\n|t:|1699562247\n|switch|p1a: Solgaleo|Solgaleo, shiny|100\/100\n|turn|10\n|\n|t:|1699562254\n|-zpower|p1a: Solgaleo\n|move|p1a: Solgaleo|Z-Splash|p1a: Solgaleo|[anim]Splash\n|-boost|p1a: Solgaleo|atk|3|[zeffect]\n|-nothing\n|move|p2a: Xerneas|Moonblast|p1a: Solgaleo\n|-resisted|p1a: Solgaleo\n|-damage|p1a: Solgaleo|68\/100\n|\n|-end|p2a: Xerneas|move: Taunt\n|upkeep\n|turn|11\n|\n|t:|1699562266\n|move|p1a: Solgaleo|Flame Charge|p2a: Xerneas\n|-damage|p2a: Xerneas|0 fnt\n|-boost|p1a: Solgaleo|spe|1\n|faint|p2a: Xerneas\n|\n|upkeep\n|inactive|leximek has 120 seconds left.\n|\n|t:|1699562286\n|switch|p2a: Marshadow|Marshadow|1\/100\n|-activate|p2a: Marshadow|move: Sticky Web\n|-unboost|p2a: Marshadow|spe|1\n|turn|12\n|\n|t:|1699562300\n|move|p2a: Marshadow|Shadow Sneak|p1a: Solgaleo\n|-supereffective|p1a: Solgaleo\n|-damage|p1a: Solgaleo|17\/100\n|move|p1a: Solgaleo|Flame Charge|p2a: Marshadow\n|-damage|p2a: Marshadow|0 fnt\n|-boost|p1a: Solgaleo|spe|1\n|faint|p2a: Marshadow\n|\n|upkeep\n|inactive|leximek has 120 seconds left.\n|\n|t:|1699562314\n|switch|p2a: Groudon|Groudon|100\/100\n|-activate|p2a: Groudon|move: Sticky Web\n|-unboost|p2a: Groudon|spe|1\n|detailschange|p2a: Groudon|Groudon-Primal\n|-primal|p2a: Groudon|Red Orb\n|-weather|DesolateLand|[from] ability: Desolate Land|[of] p2a: Groudon\n|turn|13\n|\n|t:|1699562321\n|move|p1a: Solgaleo|Earthquake|p2a: Groudon\n|-supereffective|p2a: Groudon\n|-damage|p2a: Groudon|0 fnt\n|faint|p2a: Groudon\n|-weather|none\n|\n|upkeep\n|\n|t:|1699562329\n|switch|p2a: Kyogre|Kyogre|100\/100\n|-activate|p2a: Kyogre|move: Sticky Web\n|-unboost|p2a: Kyogre|spe|1\n|detailschange|p2a: Kyogre|Kyogre-Primal\n|-primal|p2a: Kyogre|Blue Orb\n|-weather|PrimordialSea|[from] ability: Primordial Sea|[of] p2a: Kyogre\n|turn|14\n|\n|t:|1699562340\n|move|p1a: Solgaleo|Earthquake|p2a: Kyogre\n|-damage|p2a: Kyogre|0 fnt\n|faint|p2a: Kyogre\n|-weather|none\n|\n|upkeep\n|\n|t:|1699562344\n|switch|p2a: Necrozma|Necrozma-Dusk-Mane|100\/100\n|-activate|p2a: Necrozma|move: Sticky Web\n|-unboost|p2a: Necrozma|spe|1\n|turn|15\n|\n|t:|1699562350\n|move|p1a: Solgaleo|Earthquake|p2a: Necrozma\n|-supereffective|p2a: Necrozma\n|-damage|p2a: Necrozma|0 fnt\n|faint|p2a: Necrozma\n|\n|win|Magnetonmagby\n|raw|Magnetonmagby's rating: 1431 &rarr; <strong>1449<\/strong><br \/>(+18 for winning)\n|raw|leximek's rating: 1389 &rarr; <strong>1371<\/strong><br \/>(-18 for losing)\n","uploadtime":1699562357,"views":10,"p1id":"magnetonmagby","p2id":"leximek","formatid":"gen9nationaldexubers","rating":1371,"private":0,"password":""}