{"id":"gen9nationaldexubers-1997333514","p1":"Ash Ketchum344","p2":"Vernisulyph3","format":"[Gen 9] National Dex Ubers","log":"|j|\u2606Ash Ketchum344\n|j|\u2606Vernisulyph3\n|t:|1700790655\n|gametype|singles\n|player|p1|Ash Ketchum344|lucas-gen4pt|1119\n|player|p2|Vernisulyph3|acetrainer-gen4dp|1000\n|teamsize|p1|6\n|teamsize|p2|6\n|gen|9\n|tier|[Gen 9] National Dex Ubers\n|rated|\n|rule|HP Percentage Mod: HP is shown in percentages\n|rule|Endless Battle Clause: Forcing endless battles is banned\n|rule|OHKO Clause: OHKO moves are banned\n|rule|Evasion Moves Clause: Evasion moves are banned\n|rule|Evasion Items Clause: Evasion items are banned\n|rule|Species Clause: Limit one of each Pok\u00e9mon\n|rule|Sleep Clause Mod: Limit one foe put to sleep\n|rule|Mega Rayquaza Clause: You cannot mega evolve Rayquaza\n|clearpoke\n|poke|p1|Lucario, M|\n|poke|p1|Dragonite, F|\n|poke|p1|Dracovish|\n|poke|p1|Gengar, M|\n|poke|p1|Sirfetch\u2019d, M|\n|poke|p1|Pikachu-Partner, M|\n|poke|p2|Mawile, M|\n|poke|p2|Gliscor, F|\n|poke|p2|Zekrom|\n|poke|p2|Tapu Koko|\n|poke|p2|Magearna|\n|poke|p2|Rotom-Wash|\n|teampreview\n|\n|t:|1700790679\n|start\n|switch|p1a: Dracovish|Dracovish|100\/100\n|switch|p2a: Magearna|Magearna|100\/100\n|turn|1\n|\n|t:|1700790686\n|move|p1a: Dracovish|Fishious Rend|p2a: Magearna\n|-damage|p2a: Magearna|21\/100\n|move|p2a: Magearna|Trick Room|p2a: Magearna\n|-fieldstart|move: Trick Room|[of] p2a: Magearna\n|\n|-heal|p2a: Magearna|27\/100|[from] item: Leftovers\n|upkeep\n|turn|2\n|\n|t:|1700790694\n|-terastallize|p1a: Dracovish|Ground\n|move|p2a: Magearna|Fleur Cannon|p1a: Dracovish\n|-damage|p1a: Dracovish|24\/100\n|-unboost|p2a: Magearna|spa|2\n|move|p1a: Dracovish|Fishious Rend|p2a: Magearna\n|-damage|p2a: Magearna|0 fnt\n|faint|p2a: Magearna\n|\n|upkeep\n|\n|t:|1700790707\n|switch|p2a: Mawile|Mawile, M|100\/100\n|turn|3\n|inactive|Battle timer is ON: inactive players will automatically lose when time's up. (requested by Ash Ketchum344)\n|\n|t:|1700790717\n|switch|p1a: Sirfetch\u2019d|Sirfetch\u2019d, M|100\/100\n|detailschange|p2a: Mawile|Mawile-Mega, M\n|-mega|p2a: Mawile|Mawile|Mawilite\n|move|p2a: Mawile|Play Rough|p1a: Sirfetch\u2019d\n|-supereffective|p1a: Sirfetch\u2019d\n|-damage|p1a: Sirfetch\u2019d|0 fnt\n|faint|p1a: Sirfetch\u2019d\n|\n|upkeep\n|\n|t:|1700790732\n|switch|p1a: Lucario|Lucario, M|100\/100\n|turn|4\n|\n|t:|1700790740\n|detailschange|p1a: Lucario|Lucario-Mega, M\n|-mega|p1a: Lucario|Lucario|Lucarionite\n|move|p1a: Lucario|Bullet Punch|p2a: Mawile\n|-crit|p2a: Mawile\n|-damage|p2a: Mawile|53\/100\n|move|p2a: Mawile|Fire Fang|p1a: Lucario\n|-supereffective|p1a: Lucario\n|-damage|p1a: Lucario|0 fnt\n|faint|p1a: Lucario\n|\n|upkeep\n|\n|t:|1700790751\n|switch|p1a: Dragonite|Dragonite, F|100\/100\n|turn|5\n|\n|t:|1700790770\n|move|p2a: Mawile|Play Rough|p1a: Dragonite|[miss]\n|-miss|p2a: Mawile|p1a: Dragonite\n|move|p1a: Dragonite|Dragon Dance|p1a: Dragonite\n|-boost|p1a: Dragonite|atk|1\n|-boost|p1a: Dragonite|spe|1\n|\n|-fieldend|move: Trick Room\n|upkeep\n|turn|6\n|\n|t:|1700790795\n|switch|p2a: Gliscor|Gliscor, F|100\/100\n|move|p1a: Dragonite|Dragon Dance|p1a: Dragonite\n|-boost|p1a: Dragonite|atk|1\n|-boost|p1a: Dragonite|spe|1\n|\n|-status|p2a: Gliscor|tox|[from] item: Toxic Orb\n|upkeep\n|turn|7\n|l|\u2606Vernisulyph3\n|inactive|Vernisulyph3 disconnected and has a minute to reconnect!\n|player|p2|\n|j|\u2606Vernisulyph3\n|inactive|Vernisulyph3 reconnected and has 120 seconds left.\n|player|p2|Vernisulyph3|acetrainer-gen4dp\n|\n|t:|1700790814\n|move|p1a: Dragonite|Dragon Rush|p2a: Gliscor|[miss]\n|-miss|p1a: Dragonite|p2a: Gliscor\n|move|p2a: Gliscor|Toxic|p1a: Dragonite\n|-status|p1a: Dragonite|tox\n|\n|-damage|p1a: Dragonite|94\/100 tox|[from] psn\n|upkeep\n|turn|8\n|inactive|Vernisulyph3 has 120 seconds left.\n|\n|t:|1700790828\n|move|p2a: Gliscor|Protect|p2a: Gliscor\n|-singleturn|p2a: Gliscor|Protect\n|move|p1a: Dragonite|Dragon Rush|p2a: Gliscor\n|-activate|p2a: Gliscor|move: Protect\n|\n|-damage|p1a: Dragonite|82\/100 tox|[from] psn\n|upkeep\n|turn|9\n|\n|t:|1700790837\n|move|p1a: Dragonite|Dragon Rush|p2a: Gliscor\n|-damage|p2a: Gliscor|34\/100 tox\n|move|p2a: Gliscor|Knock Off|p1a: Dragonite\n|-damage|p1a: Dragonite|60\/100 tox\n|-enditem|p1a: Dragonite|Heavy-Duty Boots|[from] move: Knock Off|[of] p2a: Gliscor\n|\n|-damage|p1a: Dragonite|41\/100 tox|[from] psn\n|-heal|p2a: Gliscor|46\/100 tox|[from] ability: Poison Heal\n|upkeep\n|turn|10\n|\n|t:|1700790846\n|move|p2a: Gliscor|Protect|p2a: Gliscor\n|-singleturn|p2a: Gliscor|Protect\n|move|p1a: Dragonite|Roost|p1a: Dragonite\n|-heal|p1a: Dragonite|92\/100 tox\n|-singleturn|p1a: Dragonite|move: Roost\n|\n|-damage|p1a: Dragonite|67\/100 tox|[from] psn\n|-heal|p2a: Gliscor|58\/100 tox|[from] ability: Poison Heal\n|upkeep\n|turn|11\n|inactive|Vernisulyph3 has 120 seconds left.\n|\n|t:|1700790882\n|switch|p2a: Rotom|Rotom-Wash|100\/100\n|move|p1a: Dragonite|Dragon Dance|p1a: Dragonite\n|-boost|p1a: Dragonite|atk|1\n|-boost|p1a: Dragonite|spe|1\n|\n|-damage|p1a: Dragonite|36\/100 tox|[from] psn\n|upkeep\n|turn|12\n|inactive|Vernisulyph3 has 90 seconds left.\n|\n|t:|1700790916\n|switch|p2a: Mawile|Mawile-Mega, M|53\/100\n|move|p1a: Dragonite|Extreme Speed|p2a: Mawile\n|-resisted|p2a: Mawile\n|-damage|p2a: Mawile|15\/100\n|\n|-damage|p1a: Dragonite|0 fnt|[from] psn\n|faint|p1a: Dragonite\n|upkeep\n|\n|t:|1700790927\n|switch|p1a: Pikachu|Pikachu-Partner, M|100\/100\n|turn|13\n|inactive|Vernisulyph3 has 90 seconds left.\n|\n|t:|1700790937\n|switch|p2a: Gliscor|Gliscor, F|58\/100 tox\n|move|p1a: Pikachu|Fake Out|p2a: Gliscor\n|-damage|p2a: Gliscor|55\/100 tox\n|\n|-heal|p2a: Gliscor|67\/100 tox|[from] ability: Poison Heal\n|upkeep\n|turn|14\n|inactive|Vernisulyph3 has 90 seconds left.\n|\n|t:|1700790947\n|switch|p1a: Gengar|Gengar, M|100\/100\n|move|p2a: Gliscor|Toxic|p1a: Gengar\n|-immune|p1a: Gengar\n|\n|-heal|p2a: Gliscor|80\/100 tox|[from] ability: Poison Heal\n|upkeep\n|turn|15\n|\n|t:|1700790957\n|move|p1a: Gengar|Hidden Power|p2a: Gliscor\n|-supereffective|p2a: Gliscor\n|-damage|p2a: Gliscor|0 fnt\n|faint|p2a: Gliscor\n|\n|upkeep\n|inactive|Vernisulyph3 has 90 seconds left.\n|inactive|Vernisulyph3 has 60 seconds left.\n|\n|t:|1700791009\n|switch|p2a: Rotom|Rotom-Wash|100\/100\n|turn|16\n|\n|t:|1700791014\n|move|p1a: Gengar|Shadow Ball|p2a: Rotom\n|-damage|p2a: Rotom|56\/100\n|move|p2a: Rotom|Hydro Pump|p1a: Gengar\n|-damage|p1a: Gengar|59\/100\n|\n|-heal|p2a: Rotom|62\/100|[from] item: Leftovers\n|upkeep\n|turn|17\n|inactive|Vernisulyph3 has 60 seconds left.\n|\n|t:|1700791028\n|move|p1a: Gengar|Sludge Bomb|p2a: Rotom\n|-damage|p2a: Rotom|10\/100\n|move|p2a: Rotom|Hydro Pump|p1a: Gengar\n|-damage|p1a: Gengar|12\/100\n|\n|-heal|p2a: Rotom|16\/100|[from] item: Leftovers\n|upkeep\n|turn|18\n|inactive|Vernisulyph3 has 60 seconds left.\n|\n|t:|1700791040\n|switch|p2a: Mawile|Mawile-Mega, M|15\/100\n|move|p1a: Gengar|Shadow Ball|p2a: Mawile\n|-damage|p2a: Mawile|0 fnt\n|faint|p2a: Mawile\n|\n|upkeep\n|inactive|Vernisulyph3 has 60 seconds left.\n|-message|Vernisulyph3 forfeited.\n|\n|win|Ash Ketchum344\n|raw|Ash Ketchum344's rating: 1119 &rarr; <strong>1136<\/strong><br \/>(+17 for winning)\n|raw|Vernisulyph3's rating: 1000 &rarr; <strong>1000<\/strong><br \/>(+0 for losing)\n|l|\u2606Vernisulyph3\n","uploadtime":1700791059,"views":3,"p1id":"ashketchum344","p2id":"vernisulyph3","formatid":"gen9nationaldexubers","rating":1000,"private":0,"password":""}