{"id":"gen9nationaldexubers-1979861365","p1":"Italoo.op6","p2":"Grantypoo","format":"[Gen 9] National Dex Ubers","log":"|j|\u2606Italoo.op6\n|j|\u2606Grantypoo\n|t:|1698721210\n|gametype|singles\n|player|p1|Italoo.op6|ghetsis|1086\n|player|p2|Grantypoo|teamrocket|1144\n|teamsize|p1|6\n|teamsize|p2|6\n|gen|9\n|tier|[Gen 9] National Dex Ubers\n|rated|\n|rule|HP Percentage Mod: HP is shown in percentages\n|rule|Endless Battle Clause: Forcing endless battles is banned\n|rule|OHKO Clause: OHKO moves are banned\n|rule|Evasion Moves Clause: Evasion moves are banned\n|rule|Evasion Items Clause: Evasion items are banned\n|rule|Species Clause: Limit one of each Pok\u00e9mon\n|rule|Sleep Clause Mod: Limit one foe put to sleep\n|rule|Mega Rayquaza Clause: You cannot mega evolve Rayquaza\n|clearpoke\n|poke|p1|Garchomp, F|\n|poke|p1|Gyarados, F|\n|poke|p1|Blaziken, M|\n|poke|p1|Gengar, F|\n|poke|p1|Clefable, M|\n|poke|p1|Metagross|\n|poke|p2|Armarouge, F|\n|poke|p2|Nihilego|\n|poke|p2|Naganadel|\n|poke|p2|Genesect-Douse|\n|poke|p2|Corviknight, M|\n|poke|p2|Bronzong|\n|teampreview\n|inactive|Battle timer is ON: inactive players will automatically lose when time's up. (requested by Italoo.op6)\n|c|\u2606Grantypoo|Helloh\n|\n|t:|1698721235\n|start\n|switch|p1a: Clefable|Clefable, M|100\/100\n|switch|p2a: Ridley|Naganadel|100\/100\n|-item|p2a: Ridley|Air Balloon\n|turn|1\n|\n|t:|1698721245\n|move|p2a: Ridley|Tailwind|p2a: Ridley\n|-sidestart|p2: Grantypoo|move: Tailwind\n|move|p1a: Clefable|Stealth Rock|p2a: Ridley\n|-sidestart|p2: Grantypoo|move: Stealth Rock\n|\n|upkeep\n|turn|2\n|\n|t:|1698721250\n|switch|p2a: Metroid|Nihilego|100\/100\n|-damage|p2a: Metroid|88\/100|[from] Stealth Rock\n|move|p1a: Clefable|Moonblast|p2a: Metroid\n|-resisted|p2a: Metroid\n|-damage|p2a: Metroid|76\/100\n|\n|-heal|p2a: Metroid|82\/100|[from] item: Leftovers\n|upkeep\n|turn|3\n|\n|t:|1698721259\n|move|p2a: Metroid|Sludge Bomb|p1a: Clefable\n|-supereffective|p1a: Clefable\n|-damage|p1a: Clefable|29\/100\n|-status|p1a: Clefable|psn\n|move|p1a: Clefable|Wish|p1a: Clefable\n|\n|-heal|p2a: Metroid|88\/100|[from] item: Leftovers\n|upkeep\n|turn|4\n|\n|t:|1698721278\n|switch|p1a: Blaziken|Blaziken, M|100\/100\n|move|p2a: Metroid|Power Gem|p1a: Blaziken\n|-damage|p1a: Blaziken|39\/100\n|\n|-heal|p1a: Blaziken|93\/100|[from] move: Wish|[wisher] Clefable\n|-heal|p2a: Metroid|94\/100|[from] item: Leftovers\n|-sideend|p2: Grantypoo|move: Tailwind\n|upkeep\n|turn|5\n|\n|t:|1698721291\n|detailschange|p1a: Blaziken|Blaziken-Mega, M\n|-mega|p1a: Blaziken|Blaziken|Blazikenite\n|move|p1a: Blaziken|Protect|p1a: Blaziken\n|-singleturn|p1a: Blaziken|Protect\n|move|p2a: Metroid|Sludge Bomb|p1a: Blaziken\n|-activate|p1a: Blaziken|move: Protect\n|\n|-heal|p2a: Metroid|99\/100|[from] item: Leftovers\n|-ability|p1a: Blaziken|Speed Boost|boost\n|-boost|p1a: Blaziken|spe|1\n|upkeep\n|turn|6\n|\n|t:|1698721306\n|move|p1a: Blaziken|Sky Uppercut|p2a: Metroid\n|-damage|p2a: Metroid|19\/100\n|move|p2a: Metroid|Sludge Bomb|p1a: Blaziken\n|-damage|p1a: Blaziken|35\/100\n|\n|-heal|p2a: Metroid|25\/100|[from] item: Leftovers\n|-ability|p1a: Blaziken|Speed Boost|boost\n|-boost|p1a: Blaziken|spe|1\n|upkeep\n|turn|7\n|\n|t:|1698721321\n|switch|p2a: Samus Aran|Armarouge, F|100\/100\n|-damage|p2a: Samus Aran|76\/100|[from] Stealth Rock\n|move|p1a: Blaziken|Sky Uppercut|p2a: Samus Aran\n|-resisted|p2a: Samus Aran\n|-damage|p2a: Samus Aran|51\/100\n|\n|-ability|p1a: Blaziken|Speed Boost|boost\n|-boost|p1a: Blaziken|spe|1\n|upkeep\n|turn|8\n|\n|t:|1698721341\n|switch|p1a: Metagross|Metagross|100\/100\n|move|p2a: Samus Aran|Psychic|p1a: Metagross\n|-resisted|p1a: Metagross\n|-damage|p1a: Metagross|90\/100\n|\n|upkeep\n|turn|9\n|\n|t:|1698721356\n|switch|p2a: Nightmare|Bronzong|100\/100\n|-damage|p2a: Nightmare|94\/100|[from] Stealth Rock\n|switch|p1a: Gyarados|Gyarados, F|100\/100\n|-ability|p1a: Gyarados|Intimidate|boost\n|-unboost|p2a: Nightmare|atk|1\n|\n|-heal|p2a: Nightmare|100\/100|[from] item: Leftovers\n|upkeep\n|turn|10\n|\n|t:|1698721366\n|switch|p1a: Clefable|Clefable, M|29\/100 psn\n|move|p2a: Nightmare|Iron Defense|p2a: Nightmare\n|-boost|p2a: Nightmare|def|2\n|\n|upkeep\n|turn|11\n|\n|t:|1698721373\n|move|p1a: Clefable|Wish|p1a: Clefable\n|move|p2a: Nightmare|Stored Power|p1a: Clefable\n|-damage|p1a: Clefable|13\/100 psn\n|\n|upkeep\n|turn|12\n|\n|t:|1698721382\n|switch|p1a: Blaziken|Blaziken-Mega, M|35\/100\n|move|p2a: Nightmare|Substitute|p2a: Nightmare\n|-start|p2a: Nightmare|Substitute\n|-damage|p2a: Nightmare|76\/100\n|\n|-heal|p1a: Blaziken|90\/100|[from] move: Wish|[wisher] Clefable\n|-heal|p2a: Nightmare|82\/100|[from] item: Leftovers\n|upkeep\n|turn|13\n|\n|t:|1698721392\n|move|p1a: Blaziken|Swords Dance|p1a: Blaziken\n|-boost|p1a: Blaziken|atk|2\n|move|p2a: Nightmare|Iron Defense|p2a: Nightmare\n|-boost|p2a: Nightmare|def|2\n|\n|-heal|p2a: Nightmare|88\/100|[from] item: Leftovers\n|-ability|p1a: Blaziken|Speed Boost|boost\n|-boost|p1a: Blaziken|spe|1\n|upkeep\n|turn|14\n|\n|t:|1698721400\n|move|p1a: Blaziken|Blaze Kick|p2a: Nightmare\n|-supereffective|p2a: Nightmare\n|-crit|p2a: Nightmare\n|-end|p2a: Nightmare|Substitute\n|move|p2a: Nightmare|Iron Defense|p2a: Nightmare\n|-boost|p2a: Nightmare|def|2\n|\n|-heal|p2a: Nightmare|94\/100|[from] item: Leftovers\n|-ability|p1a: Blaziken|Speed Boost|boost\n|-boost|p1a: Blaziken|spe|1\n|upkeep\n|turn|15\n|inactive|Italoo.op6 has 120 seconds left.\n|\n|t:|1698721433\n|move|p1a: Blaziken|Blaze Kick|p2a: Nightmare\n|-supereffective|p2a: Nightmare\n|-damage|p2a: Nightmare|51\/100\n|move|p2a: Nightmare|Stored Power|p1a: Blaziken\n|-supereffective|p1a: Blaziken\n|-damage|p1a: Blaziken|0 fnt\n|faint|p1a: Blaziken\n|\n|-heal|p2a: Nightmare|57\/100|[from] item: Leftovers\n|upkeep\n|inactive|Italoo.op6 has 120 seconds left.\n|c|\u2606Grantypoo|Thank goodness\n|\n|t:|1698721442\n|switch|p1a: Garchomp|Garchomp, F|100\/100\n|turn|16\n|\n|t:|1698721447\n|move|p1a: Garchomp|Fire Fang|p2a: Nightmare\n|-supereffective|p2a: Nightmare\n|-damage|p2a: Nightmare|47\/100\n|cant|p2a: Nightmare|flinch\n|\n|-heal|p2a: Nightmare|54\/100|[from] item: Leftovers\n|upkeep\n|turn|17\n|\n|t:|1698721453\n|move|p1a: Garchomp|Earthquake|p2a: Nightmare\n|-immune|p2a: Nightmare|[from] ability: Levitate\n|move|p2a: Nightmare|Substitute|p2a: Nightmare\n|-start|p2a: Nightmare|Substitute\n|-damage|p2a: Nightmare|29\/100\n|\n|-heal|p2a: Nightmare|35\/100|[from] item: Leftovers\n|upkeep\n|turn|18\n|\n|t:|1698721460\n|move|p1a: Garchomp|Swords Dance|p1a: Garchomp\n|-boost|p1a: Garchomp|atk|2\n|move|p2a: Nightmare|Stored Power|p1a: Garchomp\n|-damage|p1a: Garchomp|60\/100\n|\n|-heal|p1a: Garchomp|66\/100|[from] item: Leftovers\n|-heal|p2a: Nightmare|41\/100|[from] item: Leftovers\n|upkeep\n|turn|19\n|\n|t:|1698721468\n|move|p1a: Garchomp|Fire Fang|p2a: Nightmare\n|-supereffective|p2a: Nightmare\n|-activate|p2a: Nightmare|move: Substitute|[damage]\n|move|p2a: Nightmare|Stored Power|p1a: Garchomp\n|-damage|p1a: Garchomp|23\/100\n|\n|-heal|p1a: Garchomp|29\/100|[from] item: Leftovers\n|-heal|p2a: Nightmare|47\/100|[from] item: Leftovers\n|upkeep\n|turn|20\n|\n|t:|1698721477\n|move|p1a: Garchomp|Fire Fang|p2a: Nightmare\n|-supereffective|p2a: Nightmare\n|-end|p2a: Nightmare|Substitute\n|move|p2a: Nightmare|Stored Power|p1a: Garchomp\n|-damage|p1a: Garchomp|0 fnt\n|faint|p1a: Garchomp\n|\n|-heal|p2a: Nightmare|54\/100|[from] item: Leftovers\n|upkeep\n|\n|t:|1698721483\n|switch|p1a: Metagross|Metagross|90\/100\n|turn|21\n|\n|t:|1698721488\n|move|p1a: Metagross|Hone Claws|p1a: Metagross\n|-boost|p1a: Metagross|atk|1\n|-boost|p1a: Metagross|accuracy|1\n|move|p2a: Nightmare|Substitute|p2a: Nightmare\n|-start|p2a: Nightmare|Substitute\n|-damage|p2a: Nightmare|29\/100\n|\n|-heal|p2a: Nightmare|35\/100|[from] item: Leftovers\n|upkeep\n|turn|22\n|\n|t:|1698721496\n|move|p1a: Metagross|Double-Edge|p2a: Nightmare\n|-resisted|p2a: Nightmare\n|-activate|p2a: Nightmare|move: Substitute|[damage]\n|-damage|p1a: Metagross|88\/100|[from] Recoil|[of] p2a: Nightmare\n|move|p2a: Nightmare|Body Press|p1a: Metagross\n|-damage|p1a: Metagross|12\/100\n|-damage|p2a: Nightmare|19\/100|[from] item: Rocky Helmet|[of] p1a: Metagross\n|\n|-heal|p2a: Nightmare|25\/100|[from] item: Leftovers\n|upkeep\n|turn|23\n|\n|t:|1698721508\n|move|p1a: Metagross|Double-Edge|p2a: Nightmare\n|-resisted|p2a: Nightmare\n|-activate|p2a: Nightmare|move: Substitute|[damage]\n|-damage|p1a: Metagross|10\/100|[from] Recoil|[of] p2a: Nightmare\n|move|p2a: Nightmare|Body Press|p1a: Metagross\n|-damage|p1a: Metagross|0 fnt\n|-damage|p2a: Nightmare|8\/100|[from] item: Rocky Helmet|[of] p1a: Metagross\n|faint|p1a: Metagross\n|\n|-heal|p2a: Nightmare|15\/100|[from] item: Leftovers\n|upkeep\n|\n|t:|1698721521\n|switch|p1a: Gengar|Gengar, F|100\/100\n|turn|24\n|\n|t:|1698721526\n|move|p1a: Gengar|Shadow Ball|p2a: Nightmare\n|-supereffective|p2a: Nightmare\n|-end|p2a: Nightmare|Substitute\n|move|p2a: Nightmare|Stored Power|p1a: Gengar\n|-supereffective|p1a: Gengar\n|-damage|p1a: Gengar|0 fnt\n|faint|p1a: Gengar\n|\n|-heal|p2a: Nightmare|21\/100|[from] item: Leftovers\n|upkeep\n|\n|t:|1698721532\n|switch|p1a: Gyarados|Gyarados, F|100\/100\n|-ability|p1a: Gyarados|Intimidate|boost\n|-unboost|p2a: Nightmare|atk|1\n|turn|25\n|\n|t:|1698721538\n|move|p1a: Gyarados|Waterfall|p2a: Nightmare\n|-damage|p2a: Nightmare|12\/100\n|move|p2a: Nightmare|Stored Power|p1a: Gyarados\n|-damage|p1a: Gyarados|63\/100\n|\n|-heal|p2a: Nightmare|18\/100|[from] item: Leftovers\n|upkeep\n|turn|26\n|\n|t:|1698721545\n|move|p1a: Gyarados|Ice Fang|p2a: Nightmare\n|-resisted|p2a: Nightmare\n|-damage|p2a: Nightmare|15\/100\n|move|p2a: Nightmare|Stored Power|p1a: Gyarados\n|-damage|p1a: Gyarados|23\/100\n|\n|-heal|p2a: Nightmare|22\/100|[from] item: Leftovers\n|upkeep\n|turn|27\n|\n|t:|1698721553\n|move|p1a: Gyarados|Waterfall|p2a: Nightmare\n|-damage|p2a: Nightmare|12\/100\n|move|p2a: Nightmare|Stored Power|p1a: Gyarados\n|-damage|p1a: Gyarados|0 fnt\n|faint|p1a: Gyarados\n|\n|-heal|p2a: Nightmare|19\/100|[from] item: Leftovers\n|upkeep\n|\n|t:|1698721558\n|switch|p1a: Clefable|Clefable, M|13\/100 psn\n|turn|28\n|\n|t:|1698721562\n|move|p1a: Clefable|Knock Off|p2a: Nightmare\n|-supereffective|p2a: Nightmare\n|-damage|p2a: Nightmare|9\/100\n|-enditem|p2a: Nightmare|Leftovers|[from] move: Knock Off|[of] p1a: Clefable\n|move|p2a: Nightmare|Stored Power|p1a: Clefable\n|-damage|p1a: Clefable|0 fnt\n|faint|p1a: Clefable\n|\n|win|Grantypoo\n|raw|Italoo.op6's rating: 1086 &rarr; <strong>1067<\/strong><br \/>(-19 for losing)\n|raw|Grantypoo's rating: 1144 &rarr; <strong>1165<\/strong><br \/>(+21 for winning)\n|c|\u2606Grantypoo|gg\n|l|\u2606Italoo.op6\n","uploadtime":1698721574,"views":12,"p1id":"italooop6","p2id":"grantypoo","formatid":"gen9nationaldexubers","rating":1067,"private":0,"password":""}