{"id":"gen9nationaldexubers-1988675569","p1":"japue","p2":"lese256","format":"[Gen 9] National Dex Ubers","log":"|j|\u2606japue\n|j|\u2606lese256\n|t:|1699749251\n|gametype|singles\n|player|p1|japue|cynthia|\n|player|p2|lese256|policeman-gen4|\n|teamsize|p1|6\n|teamsize|p2|6\n|gen|9\n|tier|[Gen 9] National Dex Ubers\n|rule|HP Percentage Mod: HP is shown in percentages\n|rule|Endless Battle Clause: Forcing endless battles is banned\n|rule|OHKO Clause: OHKO moves are banned\n|rule|Evasion Moves Clause: Evasion moves are banned\n|rule|Evasion Items Clause: Evasion items are banned\n|rule|Species Clause: Limit one of each Pok\u00e9mon\n|rule|Sleep Clause Mod: Limit one foe put to sleep\n|rule|Mega Rayquaza Clause: You cannot mega evolve Rayquaza\n|clearpoke\n|poke|p1|Tapu Lele|\n|poke|p1|Alakazam, F|\n|poke|p1|Sneasler, M|\n|poke|p1|Great Tusk|\n|poke|p1|Ditto|\n|poke|p1|Armarouge, F|\n|poke|p2|Melmetal|\n|poke|p2|Chien-Pao|\n|poke|p2|Ursaluna-Bloodmoon, M|\n|poke|p2|Cresselia, F|\n|poke|p2|Great Tusk|\n|poke|p2|Hatterene, F|\n|teampreview\n|inactive|Battle timer is ON: inactive players will automatically lose when time's up. (requested by lese256)\n|\n|t:|1699749258\n|start\n|switch|p1a: Tapu Lele|Tapu Lele|100\/100\n|switch|p2a: Great Tusk|Great Tusk|100\/100\n|-fieldstart|move: Psychic Terrain|[from] ability: Psychic Surge|[of] p1a: Tapu Lele\n|turn|1\n|\n|t:|1699749278\n|switch|p1a: Great Tusk|Great Tusk|100\/100\n|move|p2a: Great Tusk|Stealth Rock|p1a: Great Tusk\n|-sidestart|p1: japue|move: Stealth Rock\n|\n|upkeep\n|turn|2\n|\n|t:|1699749284\n|move|p1a: Great Tusk|Rapid Spin|p2a: Great Tusk\n|-damage|p2a: Great Tusk|88\/100\n|-boost|p1a: Great Tusk|spe|1\n|-sideend|p1: japue|Stealth Rock|[from] move: Rapid Spin|[of] p1a: Great Tusk\n|move|p2a: Great Tusk|Rapid Spin|p1a: Great Tusk\n|-damage|p1a: Great Tusk|87\/100\n|-boost|p2a: Great Tusk|spe|1\n|\n|upkeep\n|turn|3\n|\n|t:|1699749288\n|-zpower|p1a: Great Tusk\n|move|p1a: Great Tusk|Subzero Slammer|p2a: Great Tusk|[zeffect]\n|-supereffective|p2a: Great Tusk\n|-damage|p2a: Great Tusk|4\/100\n|move|p2a: Great Tusk|Stealth Rock|p1a: Great Tusk\n|-sidestart|p1: japue|move: Stealth Rock\n|\n|upkeep\n|turn|4\n|\n|t:|1699749297\n|move|p1a: Great Tusk|Rapid Spin|p2a: Great Tusk\n|-damage|p2a: Great Tusk|0 fnt\n|-boost|p1a: Great Tusk|spe|1\n|-sideend|p1: japue|Stealth Rock|[from] move: Rapid Spin|[of] p1a: Great Tusk\n|faint|p2a: Great Tusk\n|-end|p2a: Great Tusk|Protosynthesis|[silent]\n|\n|upkeep\n|\n|t:|1699749302\n|switch|p2a: Cresselia|Cresselia, F|100\/100\n|turn|5\n|\n|t:|1699749308\n|-end|p1a: Great Tusk|Protosynthesis|[silent]\n|switch|p1a: Tapu Lele|Tapu Lele|100\/100\n|move|p2a: Cresselia|Moonblast|p1a: Tapu Lele\n|-damage|p1a: Tapu Lele|82\/100\n|-unboost|p1a: Tapu Lele|spa|1\n|\n|upkeep\n|turn|6\n|\n|t:|1699749312\n|move|p1a: Tapu Lele|Future Sight|p2a: Cresselia\n|-start|p1a: Tapu Lele|move: Future Sight\n|move|p2a: Cresselia|Trick Room|p2a: Cresselia\n|-fieldstart|move: Trick Room|[of] p2a: Cresselia\n|\n|upkeep\n|turn|7\n|\n|t:|1699749319\n|switch|p2a: Melmetal|Melmetal|100\/100\n|move|p1a: Tapu Lele|Taunt|p2a: Melmetal\n|-start|p2a: Melmetal|move: Taunt\n|\n|upkeep\n|turn|8\n|\n|t:|1699749336\n|switch|p1a: Great Tusk|Great Tusk|87\/100\n|move|p2a: Melmetal|Double Iron Bash|p1a: Great Tusk\n|-damage|p1a: Great Tusk|40\/100\n|-damage|p1a: Great Tusk|0 fnt\n|faint|p1a: Great Tusk\n|-end|p1a: Great Tusk|Protosynthesis|[silent]\n|-hitcount|p1: Great Tusk|2\n|\n|-end|p2a: Melmetal|move: Future Sight\n|-resisted|p2a: Melmetal\n|-damage|p2a: Melmetal|62\/100\n|-fieldend|move: Psychic Terrain\n|upkeep\n|\n|t:|1699749340\n|switch|p1a: Ditto|Ditto|100\/100\n|-transform|p1a: Ditto|p2a: Melmetal|[from] ability: Imposter\n|turn|9\n|\n|t:|1699749346\n|-terastallize|p2a: Melmetal|Steel\n|move|p2a: Melmetal|Double Iron Bash|p1a: Ditto\n|-resisted|p1a: Ditto\n|-damage|p1a: Ditto|64\/100\n|-resisted|p1a: Ditto\n|-damage|p1a: Ditto|26\/100\n|-hitcount|p1a: Ditto|2\n|move|p1a: Ditto|Earthquake|p2a: Melmetal\n|-supereffective|p2a: Melmetal\n|-damage|p2a: Melmetal|16\/100\n|\n|-end|p2a: Melmetal|move: Taunt\n|upkeep\n|turn|10\n|inactive|japue has 270 seconds left.\n|\n|t:|1699749383\n|switch|p1a: Sneasler|Sneasler, M|100\/100\n|move|p2a: Melmetal|Double Iron Bash|p1a: Sneasler\n|-damage|p1a: Sneasler|0 fnt\n|faint|p1a: Sneasler\n|-hitcount|p1: Sneasler|1\n|\n|-fieldend|move: Trick Room\n|upkeep\n|\n|t:|1699749393\n|switch|p1a: Armarouge|Armarouge, F|100\/100\n|turn|11\n|\n|t:|1699749397\n|switch|p2a: Cresselia|Cresselia, F|100\/100\n|move|p1a: Armarouge|Armor Cannon|p2a: Cresselia\n|-damage|p2a: Cresselia|59\/100\n|-unboost|p1a: Armarouge|def|1\n|-unboost|p1a: Armarouge|spd|1\n|\n|upkeep\n|turn|12\n|\n|t:|1699749406\n|switch|p1a: Tapu Lele|Tapu Lele|82\/100\n|-fieldstart|move: Psychic Terrain|[from] ability: Psychic Surge|[of] p1a: Tapu Lele\n|move|p2a: Cresselia|Trick Room|p2a: Cresselia\n|-fieldstart|move: Trick Room|[of] p2a: Cresselia\n|\n|upkeep\n|turn|13\n|\n|t:|1699749409\n|move|p2a: Cresselia|Lunar Dance|p2a: Cresselia\n|faint|p2a: Cresselia\n|move|p1a: Tapu Lele|Future Sight|p2: Cresselia\n|-start|p1a: Tapu Lele|move: Future Sight\n|\n|upkeep\n|\n|t:|1699749411\n|switch|p2a: Melmetal|Melmetal, tera:Steel|16\/100\n|-heal|p2a: Melmetal|100\/100|[from] move: Lunar Dance\n|turn|14\n|\n|t:|1699749422\n|switch|p1a: Ditto|Ditto|26\/100\n|-transform|p1a: Ditto|p2a: Melmetal|[from] ability: Imposter\n|move|p2a: Melmetal|Double Iron Bash|p1a: Ditto\n|-resisted|p1a: Ditto\n|-damage|p1a: Ditto|0 fnt\n|faint|p1a: Ditto\n|-hitcount|p1: Ditto|1\n|\n|upkeep\n|\n|t:|1699749425\n|switch|p1a: Armarouge|Armarouge, F|100\/100\n|turn|15\n|\n|t:|1699749431\n|switch|p1a: Alakazam|Alakazam, F|100\/100\n|move|p2a: Melmetal|Double Iron Bash|p1a: Alakazam\n|-damage|p1a: Alakazam|0 fnt\n|faint|p1a: Alakazam\n|-hitcount|p1: Alakazam|1\n|\n|-end|p2a: Melmetal|move: Future Sight\n|-resisted|p2a: Melmetal\n|-damage|p2a: Melmetal|60\/100\n|upkeep\n|\n|t:|1699749433\n|switch|p1a: Armarouge|Armarouge, F|100\/100\n|turn|16\n|\n|t:|1699749437\n|move|p1a: Armarouge|Endure|p1a: Armarouge\n|-singleturn|p1a: Armarouge|move: Endure\n|move|p2a: Melmetal|Double Iron Bash|p1a: Armarouge\n|-resisted|p1a: Armarouge\n|-damage|p1a: Armarouge|51\/100\n|-ability|p1a: Armarouge|Weak Armor|boost\n|-unboost|p1a: Armarouge|def|1\n|-boost|p1a: Armarouge|spe|2\n|-resisted|p1a: Armarouge\n|-activate|p1a: Armarouge|move: Endure\n|-damage|p1a: Armarouge|1\/100\n|-ability|p1a: Armarouge|Weak Armor|boost\n|-unboost|p1a: Armarouge|def|1\n|-boost|p1a: Armarouge|spe|2\n|-hitcount|p1a: Armarouge|2\n|\n|-fieldend|move: Trick Room\n|upkeep\n|turn|17\n|\n|t:|1699749447\n|move|p1a: Armarouge|Armor Cannon|p2a: Melmetal\n|-supereffective|p2a: Melmetal\n|-damage|p2a: Melmetal|0 fnt\n|-unboost|p1a: Armarouge|def|1\n|-unboost|p1a: Armarouge|spd|1\n|faint|p2a: Melmetal\n|\n|upkeep\n|\n|t:|1699749450\n|switch|p2a: Hatterene|Hatterene, F|100\/100\n|turn|18\n|\n|t:|1699749470\n|switch|p1a: Tapu Lele|Tapu Lele|82\/100\n|move|p2a: Hatterene|Trick Room|p2a: Hatterene\n|-fieldstart|move: Trick Room|[of] p2a: Hatterene\n|\n|upkeep\n|turn|19\n|\n|t:|1699749477\n|move|p2a: Hatterene|Healing Wish|p2a: Hatterene\n|faint|p2a: Hatterene\n|move|p1a: Tapu Lele|Moonblast|p2: Hatterene|[notarget]\n|-fail|p1a: Tapu Lele\n|\n|-fieldend|move: Psychic Terrain\n|upkeep\n|\n|t:|1699749481\n|switch|p2a: Ursaluna|Ursaluna-Bloodmoon, M|100\/100\n|turn|20\n|\n|t:|1699749488\n|move|p2a: Ursaluna|Blood Moon|p1a: Tapu Lele\n|-crit|p1a: Tapu Lele\n|-damage|p1a: Tapu Lele|0 fnt\n|faint|p1a: Tapu Lele\n|\n|upkeep\n|\n|t:|1699749490\n|switch|p1a: Armarouge|Armarouge, F|1\/100\n|turn|21\n|\n|t:|1699749495\n|move|p1a: Armarouge|Endure|p1a: Armarouge\n|-singleturn|p1a: Armarouge|move: Endure\n|move|p2a: Ursaluna|Vacuum Wave|p1a: Armarouge\n|-resisted|p1a: Armarouge\n|-activate|p1a: Armarouge|move: Endure\n|-damage|p1a: Armarouge|1\/100\n|\n|upkeep\n|turn|22\n|\n|t:|1699749499\n|move|p1a: Armarouge|Endure|p1a: Armarouge\n|-singleturn|p1a: Armarouge|move: Endure\n|move|p2a: Ursaluna|Vacuum Wave|p1a: Armarouge\n|-resisted|p1a: Armarouge\n|-activate|p1a: Armarouge|move: Endure\n|-damage|p1a: Armarouge|1\/100\n|\n|-fieldend|move: Trick Room\n|upkeep\n|turn|23\n|\n|t:|1699749503\n|-terastallize|p1a: Armarouge|Psychic\n|move|p2a: Ursaluna|Vacuum Wave|p1a: Armarouge\n|-resisted|p1a: Armarouge\n|-damage|p1a: Armarouge|0 fnt\n|faint|p1a: Armarouge\n|\n|win|lese256\n","uploadtime":1699749507,"views":5,"p1id":"japue","p2id":"lese256","formatid":"gen9nationaldexubers","rating":0,"private":0,"password":""}