{"id":"gen9nationaldexubers-1987317192","p1":"ChocoBwear","p2":"KingTrans","format":"[Gen 9] National Dex Ubers","log":"|j|\u2606ChocoBwear\n|j|\u2606KingTrans\n|t:|1699576787\n|gametype|singles\n|player|p1|ChocoBwear|pokemaniac|1196\n|player|p2|KingTrans|cynthia-masters3|1316\n|teamsize|p1|6\n|teamsize|p2|6\n|gen|9\n|tier|[Gen 9] National Dex Ubers\n|rated|\n|rule|HP Percentage Mod: HP is shown in percentages\n|rule|Endless Battle Clause: Forcing endless battles is banned\n|rule|OHKO Clause: OHKO moves are banned\n|rule|Evasion Moves Clause: Evasion moves are banned\n|rule|Evasion Items Clause: Evasion items are banned\n|rule|Species Clause: Limit one of each Pok\u00e9mon\n|rule|Sleep Clause Mod: Limit one foe put to sleep\n|rule|Mega Rayquaza Clause: You cannot mega evolve Rayquaza\n|clearpoke\n|poke|p1|Klefki, F|\n|poke|p1|Lucario, M|\n|poke|p1|Melmetal|\n|poke|p1|Ferrothorn, M|\n|poke|p1|Genesect|\n|poke|p1|Kingambit, M|\n|poke|p2|Palafin, M|\n|poke|p2|Kyogre|\n|poke|p2|Ditto|\n|poke|p2|Arceus-Ground|\n|poke|p2|Yveltal|\n|poke|p2|Gholdengo|\n|teampreview\n|\n|t:|1699576797\n|start\n|switch|p1a: Klefki|Klefki, F|100\/100\n|switch|p2a: Arceus|Arceus-Ground|100\/100\n|turn|1\n|\n|t:|1699576806\n|move|p1a: Klefki|Light Screen|p1a: Klefki\n|-sidestart|p1: ChocoBwear|move: Light Screen\n|move|p2a: Arceus|Calm Mind|p2a: Arceus\n|-boost|p2a: Arceus|spa|1\n|-boost|p2a: Arceus|spd|1\n|\n|upkeep\n|turn|2\n|\n|t:|1699576817\n|move|p1a: Klefki|Reflect|p1a: Klefki\n|-sidestart|p1: ChocoBwear|Reflect\n|move|p2a: Arceus|Calm Mind|p2a: Arceus\n|-boost|p2a: Arceus|spa|1\n|-boost|p2a: Arceus|spd|1\n|\n|upkeep\n|turn|3\n|\n|t:|1699576822\n|move|p1a: Klefki|Toxic|p2a: Arceus\n|-status|p2a: Arceus|tox\n|move|p2a: Arceus|Calm Mind|p2a: Arceus\n|-boost|p2a: Arceus|spa|1\n|-boost|p2a: Arceus|spd|1\n|\n|-damage|p2a: Arceus|94\/100 tox|[from] psn\n|upkeep\n|turn|4\n|\n|t:|1699576838\n|switch|p1a: Ferrothorn|Ferrothorn, M|100\/100\n|move|p2a: Arceus|Judgment|p1a: Ferrothorn\n|-damage|p1a: Ferrothorn|50\/100\n|\n|-damage|p2a: Arceus|82\/100 tox|[from] psn\n|upkeep\n|turn|5\n|\n|t:|1699576846\n|move|p2a: Arceus|Judgment|p1a: Ferrothorn\n|-damage|p1a: Ferrothorn|1\/100\n|move|p1a: Ferrothorn|Leech Seed|p2a: Arceus\n|-start|p2a: Arceus|move: Leech Seed\n|\n|-damage|p2a: Arceus|70\/100 tox|[from] Leech Seed|[of] p1a: Ferrothorn\n|-heal|p1a: Ferrothorn|20\/100|[silent]\n|-damage|p2a: Arceus|52\/100 tox|[from] psn\n|upkeep\n|turn|6\n|\n|t:|1699576863\n|move|p2a: Arceus|Judgment|p1a: Ferrothorn\n|-damage|p1a: Ferrothorn|0 fnt\n|faint|p1a: Ferrothorn\n|\n|-damage|p2a: Arceus|27\/100 tox|[from] psn\n|upkeep\n|\n|t:|1699576882\n|switch|p1a: Lucario|Lucario, M|100\/100\n|turn|7\n|\n|t:|1699576886\n|switch|p2a: Gholdengo|Gholdengo|100\/100\n|detailschange|p1a: Lucario|Lucario-Mega, M\n|-mega|p1a: Lucario|Lucario|Lucarionite\n|move|p1a: Lucario|Extreme Speed|p2a: Gholdengo\n|-immune|p2a: Gholdengo\n|\n|upkeep\n|turn|8\n|\n|t:|1699576908\n|move|p1a: Lucario|Earthquake|p2a: Gholdengo\n|-supereffective|p2a: Gholdengo\n|-damage|p2a: Gholdengo|43\/100\n|move|p2a: Gholdengo|Nasty Plot|p2a: Gholdengo\n|-boost|p2a: Gholdengo|spa|2\n|\n|-sideend|p1: ChocoBwear|move: Light Screen\n|upkeep\n|turn|9\n|\n|t:|1699576916\n|-terastallize|p2a: Gholdengo|Fairy\n|move|p1a: Lucario|Earthquake|p2a: Gholdengo\n|-damage|p2a: Gholdengo|15\/100\n|move|p2a: Gholdengo|Shadow Ball|p1a: Lucario\n|-damage|p1a: Lucario|0 fnt\n|faint|p1a: Lucario\n|\n|-sideend|p1: ChocoBwear|Reflect\n|upkeep\n|\n|t:|1699576926\n|switch|p1a: Klefki|Klefki, F|100\/100\n|turn|10\n|\n|t:|1699576933\n|move|p1a: Klefki|Light Screen|p1a: Klefki\n|-sidestart|p1: ChocoBwear|move: Light Screen\n|move|p2a: Gholdengo|Recover|p2a: Gholdengo\n|-heal|p2a: Gholdengo|65\/100\n|\n|upkeep\n|turn|11\n|\n|t:|1699576939\n|move|p1a: Klefki|Reflect|p1a: Klefki\n|-sidestart|p1: ChocoBwear|Reflect\n|move|p2a: Gholdengo|Nasty Plot|p2a: Gholdengo\n|-boost|p2a: Gholdengo|spa|2\n|\n|upkeep\n|turn|12\n|\n|t:|1699576951\n|switch|p1a: Genesect|Genesect, shiny|100\/100\n|-ability|p1a: Genesect|Download|boost\n|-boost|p1a: Genesect|spa|1\n|move|p2a: Gholdengo|Recover|p2a: Gholdengo\n|-heal|p2a: Gholdengo|100\/100\n|\n|upkeep\n|turn|13\n|\n|t:|1699576960\n|move|p1a: Genesect|Iron Head|p2a: Gholdengo\n|-supereffective|p2a: Gholdengo\n|-damage|p2a: Gholdengo|47\/100\n|move|p2a: Gholdengo|Shadow Ball|p1a: Genesect\n|-damage|p1a: Genesect|32\/100\n|-unboost|p1a: Genesect|spd|1\n|\n|upkeep\n|turn|14\n|\n|t:|1699576972\n|switch|p2a: Palafin|Palafin, M|100\/100\n|-terastallize|p1a: Genesect|Normal\n|move|p1a: Genesect|Extreme Speed|p2a: Palafin\n|-crit|p2a: Palafin\n|-damage|p2a: Palafin|13\/100\n|\n|upkeep\n|turn|15\n|\n|t:|1699576983\n|detailschange|p2a: Palafin|Palafin-Hero, M\n|switch|p2a: Ditto|Ditto|100\/100\n|-transform|p2a: Ditto|p1a: Genesect|[from] ability: Imposter\n|-ability|p2a: Ditto|Download|boost\n|-boost|p2a: Ditto|spa|1\n|move|p1a: Genesect|Extreme Speed|p2a: Ditto\n|-resisted|p2a: Ditto\n|-damage|p2a: Ditto|72\/100\n|\n|upkeep\n|-start|p2a: Ditto|typechange|Bug\/Steel|[silent]\n|turn|16\n|\n|t:|1699576994\n|move|p2a: Ditto|U-turn|p1a: Genesect\n|-damage|p1a: Genesect|10\/100\n|\n|t:|1699576997\n|switch|p2a: Gholdengo|Gholdengo, tera:Fairy|47\/100|[from] U-turn\n|move|p1a: Genesect|U-turn|p2a: Gholdengo\n|-resisted|p2a: Gholdengo\n|-damage|p2a: Gholdengo|35\/100\n|\n|t:|1699577006\n|switch|p1a: Melmetal|Melmetal|100\/100|[from] U-turn\n|\n|upkeep\n|turn|17\n|\n|t:|1699577015\n|move|p2a: Gholdengo|Shadow Ball|p1a: Melmetal\n|-damage|p1a: Melmetal|86\/100\n|-unboost|p1a: Melmetal|spd|1\n|move|p1a: Melmetal|Thunder Punch|p2a: Gholdengo\n|-damage|p2a: Gholdengo|9\/100\n|\n|-sideend|p1: ChocoBwear|move: Light Screen\n|upkeep\n|turn|18\n|\n|t:|1699577024\n|move|p2a: Gholdengo|Shadow Ball|p1a: Melmetal\n|-damage|p1a: Melmetal|45\/100\n|move|p1a: Melmetal|Double Iron Bash|p2a: Gholdengo\n|-supereffective|p2a: Gholdengo\n|-damage|p2a: Gholdengo|0 fnt\n|faint|p2a: Gholdengo\n|-hitcount|p2: Gholdengo|1\n|\n|-sideend|p1: ChocoBwear|Reflect\n|upkeep\n|\n|t:|1699577030\n|switch|p2a: Arceus|Arceus-Ground|27\/100 tox\n|turn|19\n|\n|t:|1699577053\n|move|p2a: Arceus|Judgment|p1a: Melmetal\n|-supereffective|p1a: Melmetal\n|-damage|p1a: Melmetal|0 fnt\n|faint|p1a: Melmetal\n|\n|-damage|p2a: Arceus|21\/100 tox|[from] psn\n|upkeep\n|\n|t:|1699577061\n|switch|p1a: Klefki|Klefki, F|100\/100\n|turn|20\n|\n|t:|1699577064\n|move|p1a: Klefki|Light Screen|p1a: Klefki\n|-sidestart|p1: ChocoBwear|move: Light Screen\n|move|p2a: Arceus|Judgment|p1a: Klefki\n|-supereffective|p1a: Klefki\n|-damage|p1a: Klefki|48\/100\n|\n|-damage|p2a: Arceus|9\/100 tox|[from] psn\n|upkeep\n|turn|21\n|\n|t:|1699577071\n|move|p1a: Klefki|Reflect|p1a: Klefki\n|-sidestart|p1: ChocoBwear|Reflect\n|move|p2a: Arceus|Judgment|p1a: Klefki\n|-supereffective|p1a: Klefki\n|-damage|p1a: Klefki|0 fnt\n|faint|p1a: Klefki\n|\n|-damage|p2a: Arceus|0 fnt|[from] psn\n|faint|p2a: Arceus\n|upkeep\n|\n|t:|1699577083\n|switch|p2a: Kyogre|Kyogre|100\/100\n|switch|p1a: Genesect|Genesect, shiny, tera:Normal|10\/100\n|-weather|RainDance|[from] ability: Drizzle|[of] p2a: Kyogre\n|-ability|p1a: Genesect|Download|boost\n|-boost|p1a: Genesect|atk|1\n|turn|22\n|\n|t:|1699577092\n|move|p1a: Genesect|Extreme Speed|p2a: Kyogre\n|-damage|p2a: Kyogre|25\/100\n|move|p2a: Kyogre|Thunder|p1a: Genesect\n|-damage|p1a: Genesect|0 fnt\n|faint|p1a: Genesect\n|\n|-weather|RainDance|[upkeep]\n|upkeep\n|\n|t:|1699577101\n|switch|p1a: Kingambit|Kingambit, M|100\/100\n|-activate|p1a: Kingambit|ability: Supreme Overlord\n|-start|p1a: Kingambit|fallen5|[silent]\n|turn|23\n|\n|t:|1699577106\n|move|p1a: Kingambit|Sucker Punch|p2a: Kyogre\n|-damage|p2a: Kyogre|0 fnt\n|faint|p2a: Kyogre\n|\n|-weather|RainDance|[upkeep]\n|upkeep\n|\n|t:|1699577109\n|switch|p2a: Yveltal|Yveltal|100\/100\n|-ability|p2a: Yveltal|Dark Aura\n|turn|24\n|\n|t:|1699577118\n|move|p2a: Yveltal|Taunt|p1a: Kingambit\n|-start|p1a: Kingambit|move: Taunt\n|move|p1a: Kingambit|Knock Off|p2a: Yveltal\n|-resisted|p2a: Yveltal\n|-damage|p2a: Yveltal|55\/100\n|-enditem|p2a: Yveltal|Heavy-Duty Boots|[from] move: Knock Off|[of] p1a: Kingambit\n|\n|-weather|RainDance|[upkeep]\n|upkeep\n|turn|25\n|\n|t:|1699577127\n|move|p2a: Yveltal|Defog|p1a: Kingambit\n|-unboost|p1a: Kingambit|evasion|1\n|-sideend|p1: ChocoBwear|Reflect\n|-sideend|p1: ChocoBwear|move: Light Screen\n|move|p1a: Kingambit|Iron Head|p2a: Yveltal\n|-damage|p2a: Yveltal|0 fnt\n|faint|p2a: Yveltal\n|\n|-weather|RainDance|[upkeep]\n|upkeep\n|\n|t:|1699577133\n|switch|p2a: Ditto|Ditto|72\/100\n|-transform|p2a: Ditto|p1a: Kingambit|[from] ability: Imposter\n|-activate|p2a: Ditto|ability: Supreme Overlord\n|-start|p2a: Ditto|fallen4|[silent]\n|turn|26\n|\n|t:|1699577143\n|move|p2a: Ditto|Iron Head|p1a: Kingambit\n|-resisted|p1a: Kingambit\n|-damage|p1a: Kingambit|77\/100\n|move|p1a: Kingambit|Low Kick|p2a: Ditto\n|-supereffective|p2a: Ditto\n|-damage|p2a: Ditto|0 fnt\n|faint|p2a: Ditto\n|-end|p2a: Ditto|fallen4|[silent]\n|\n|-weather|none\n|-end|p1a: Kingambit|move: Taunt\n|upkeep\n|\n|t:|1699577146\n|switch|p2a: Palafin|Palafin-Hero, M|13\/100\n|-activate|p2a: Palafin|ability: Zero to Hero\n|turn|27\n|c|\u2606ChocoBwear|GG\n|\n|t:|1699577157\n|move|p1a: Kingambit|Sucker Punch|p2a: Palafin\n|-damage|p2a: Palafin|0 fnt\n|faint|p2a: Palafin\n|\n|win|ChocoBwear\n|raw|ChocoBwear's rating: 1196 &rarr; <strong>1229<\/strong><br \/>(+33 for winning)\n|raw|KingTrans's rating: 1316 &rarr; <strong>1289<\/strong><br \/>(-27 for losing)\n|l|\u2606KingTrans\n","uploadtime":1699577170,"views":4,"p1id":"chocobwear","p2id":"kingtrans","formatid":"gen9nationaldexubers","rating":1229,"private":0,"password":""}