{"id":"gen9nationaldexubers-1978666801","p1":"ChesterblkBeard","p2":"MommyMikuNakano","format":"[Gen 9] National Dex Ubers","log":"|j|\u2606ChesterblkBeard\n|j|\u2606MommyMikuNakano\n|t:|1698577927\n|gametype|singles\n|player|p1|ChesterblkBeard|170|1490\n|player|p2|MommyMikuNakano|erika-gen1|1757\n|teamsize|p1|6\n|teamsize|p2|6\n|gen|9\n|tier|[Gen 9] National Dex Ubers\n|rated|\n|rule|HP Percentage Mod: HP is shown in percentages\n|rule|Endless Battle Clause: Forcing endless battles is banned\n|rule|OHKO Clause: OHKO moves are banned\n|rule|Evasion Moves Clause: Evasion moves are banned\n|rule|Evasion Items Clause: Evasion items are banned\n|rule|Species Clause: Limit one of each Pok\u00e9mon\n|rule|Sleep Clause Mod: Limit one foe put to sleep\n|rule|Mega Rayquaza Clause: You cannot mega evolve Rayquaza\n|clearpoke\n|poke|p1|Landorus-Therian, M|\n|poke|p1|Heatran, F|\n|poke|p1|Urshifu-*, M|\n|poke|p1|Dragapult, M|\n|poke|p1|Scizor, F|\n|poke|p1|Zapdos|\n|poke|p2|Mewtwo|\n|poke|p2|Necrozma-Dusk-Mane|\n|poke|p2|Kingambit, M|\n|poke|p2|Urshifu-*, M|\n|poke|p2|Ditto|\n|poke|p2|Arceus-Fairy|\n|teampreview\n|inactive|Battle timer is ON: inactive players will automatically lose when time's up. (requested by MommyMikuNakano)\n|\n|t:|1698577936\n|start\n|switch|p1a: Heatran|Heatran, F|100\/100\n|switch|p2a: Necrozma|Necrozma-Dusk-Mane, shiny|100\/100\n|turn|1\n|\n|t:|1698577944\n|move|p1a: Heatran|Stealth Rock|p2a: Necrozma\n|-sidestart|p2: MommyMikuNakano|move: Stealth Rock\n|move|p2a: Necrozma|Stealth Rock|p1a: Heatran\n|-sidestart|p1: ChesterblkBeard|move: Stealth Rock\n|\n|upkeep\n|turn|2\n|\n|t:|1698577950\n|detailschange|p2a: Necrozma|Necrozma-Ultra, shiny\n|-burst|p2a: Necrozma|Necrozma|Ultranecrozium Z\n|move|p2a: Necrozma|Earth Power|p1a: Heatran\n|-supereffective|p1a: Heatran\n|-damage|p1a: Heatran|0 fnt\n|faint|p1a: Heatran\n|\n|upkeep\n|\n|t:|1698577960\n|switch|p1a: Dragapult|Dragapult, M|100\/100\n|-damage|p1a: Dragapult|88\/100|[from] Stealth Rock\n|turn|3\n|\n|t:|1698577979\n|switch|p2a: Arceus|Arceus-Fairy|100\/100\n|-damage|p2a: Arceus|88\/100|[from] Stealth Rock\n|-zpower|p1a: Dragapult\n|move|p1a: Dragapult|Never-Ending Nightmare|p2a: Arceus|[zeffect]\n|-damage|p2a: Arceus|39\/100\n|\n|upkeep\n|turn|4\n|\n|t:|1698577993\n|switch|p1a: Scizor|Scizor, F, shiny|100\/100\n|-damage|p1a: Scizor|88\/100|[from] Stealth Rock\n|move|p2a: Arceus|Recover|p2a: Arceus\n|-heal|p2a: Arceus|89\/100\n|\n|upkeep\n|turn|5\n|\n|t:|1698578008\n|detailschange|p1a: Scizor|Scizor-Mega, F, shiny\n|-mega|p1a: Scizor|Scizor|Scizorite\n|move|p2a: Arceus|Taunt|p1a: Scizor\n|-start|p1a: Scizor|move: Taunt\n|cant|p1a: Scizor|move: Taunt|Swords Dance\n|\n|upkeep\n|turn|6\n|\n|t:|1698578019\n|switch|p2a: Ditto|Ditto, shiny|100\/100\n|-damage|p2a: Ditto|88\/100|[from] Stealth Rock\n|-transform|p2a: Ditto|p1a: Scizor|[from] ability: Imposter\n|move|p1a: Scizor|Bullet Punch|p2a: Ditto\n|-resisted|p2a: Ditto\n|-damage|p2a: Ditto|73\/100\n|\n|upkeep\n|turn|7\n|\n|t:|1698578028\n|switch|p1a: Zapdos|Zapdos|100\/100\n|move|p2a: Ditto|Close Combat|p1a: Zapdos\n|-resisted|p1a: Zapdos\n|-damage|p1a: Zapdos|83\/100\n|-unboost|p2a: Ditto|def|1\n|-unboost|p2a: Ditto|spd|1\n|\n|upkeep\n|turn|8\n|\n|t:|1698578037\n|switch|p2a: Arceus|Arceus-Fairy|89\/100\n|-damage|p2a: Arceus|77\/100|[from] Stealth Rock\n|move|p1a: Zapdos|Discharge|p2a: Arceus\n|-damage|p2a: Arceus|56\/100\n|\n|upkeep\n|turn|9\n|\n|t:|1698578046\n|move|p2a: Arceus|Toxic|p1a: Zapdos\n|-status|p1a: Zapdos|tox\n|move|p1a: Zapdos|Discharge|p2a: Arceus\n|-damage|p2a: Arceus|34\/100\n|\n|-damage|p1a: Zapdos|77\/100 tox|[from] psn\n|upkeep\n|turn|10\n|\n|t:|1698578050\n|move|p2a: Arceus|Recover|p2a: Arceus\n|-heal|p2a: Arceus|84\/100\n|move|p1a: Zapdos|Volt Switch|p2a: Arceus\n|-damage|p2a: Arceus|64\/100\n|\n|t:|1698578064\n|switch|p1a: Scizor|Scizor-Mega, F, shiny|88\/100|[from] Volt Switch\n|-damage|p1a: Scizor|76\/100|[from] Stealth Rock\n|\n|upkeep\n|turn|11\n|\n|t:|1698578068\n|move|p1a: Scizor|Bullet Punch|p2a: Arceus\n|-supereffective|p2a: Arceus\n|-damage|p2a: Arceus|16\/100\n|move|p2a: Arceus|Judgment|p1a: Scizor\n|-resisted|p1a: Scizor\n|-damage|p1a: Scizor|47\/100\n|\n|upkeep\n|turn|12\n|\n|t:|1698578071\n|move|p1a: Scizor|Bullet Punch|p2a: Arceus\n|-supereffective|p2a: Arceus\n|-damage|p2a: Arceus|0 fnt\n|faint|p2a: Arceus\n|\n|upkeep\n|\n|t:|1698578081\n|switch|p2a: Urshifu|Urshifu, M|100\/100\n|-damage|p2a: Urshifu|94\/100|[from] Stealth Rock\n|turn|13\n|\n|t:|1698578094\n|move|p2a: Urshifu|Wicked Blow|p1a: Scizor\n|-crit|p1a: Scizor\n|-damage|p1a: Scizor|0 fnt\n|faint|p1a: Scizor\n|-damage|p2a: Urshifu|84\/100|[from] item: Life Orb\n|\n|upkeep\n|inactive|ChesterblkBeard has 120 seconds left.\n|\n|t:|1698578126\n|switch|p1a: Landorus|Landorus-Therian, M|100\/100\n|-damage|p1a: Landorus|88\/100|[from] Stealth Rock\n|-ability|p1a: Landorus|Intimidate|boost\n|-unboost|p2a: Urshifu|atk|1\n|turn|14\n|\n|t:|1698578133\n|switch|p2a: Ditto|Ditto, shiny|73\/100\n|-damage|p2a: Ditto|60\/100|[from] Stealth Rock\n|-transform|p2a: Ditto|p1a: Landorus|[from] ability: Imposter\n|-ability|p2a: Ditto|Intimidate|boost\n|-unboost|p1a: Landorus|atk|1\n|move|p1a: Landorus|Earthquake|p2a: Ditto\n|-immune|p2a: Ditto\n|\n|upkeep\n|turn|15\n|\n|t:|1698578141\n|switch|p1a: Urshifu|Urshifu-Rapid-Strike, M|100\/100\n|-damage|p1a: Urshifu|94\/100|[from] Stealth Rock\n|move|p2a: Ditto|U-turn|p1a: Urshifu\n|-resisted|p1a: Urshifu\n|-damage|p1a: Urshifu|80\/100\n|\n|t:|1698578145\n|switch|p2a: Necrozma|Necrozma-Ultra, shiny|100\/100|[from] U-turn\n|-damage|p2a: Necrozma|88\/100|[from] Stealth Rock\n|\n|upkeep\n|turn|16\n|inactive|ChesterblkBeard has 120 seconds left.\n|\n|t:|1698578179\n|move|p1a: Urshifu|U-turn|p2a: Necrozma\n|-supereffective|p2a: Necrozma\n|-damage|p2a: Necrozma|33\/100\n|\n|t:|1698578184\n|switch|p1a: Dragapult|Dragapult, M|88\/100|[from] U-turn\n|-damage|p1a: Dragapult|76\/100|[from] Stealth Rock\n|move|p2a: Necrozma|Photon Geyser|p1a: Dragapult\n|-damage|p1a: Dragapult|0 fnt\n|faint|p1a: Dragapult\n|\n|upkeep\n|\n|t:|1698578195\n|switch|p1a: Urshifu|Urshifu-Rapid-Strike, M|80\/100\n|-damage|p1a: Urshifu|74\/100|[from] Stealth Rock\n|turn|17\n|inactive|ChesterblkBeard has 90 seconds left.\n|\n|t:|1698578241\n|move|p1a: Urshifu|U-turn|p2a: Necrozma\n|-supereffective|p2a: Necrozma\n|-damage|p2a: Necrozma|0 fnt\n|faint|p2a: Necrozma\n|\n|t:|1698578243\n|switch|p1a: Zapdos|Zapdos|77\/100 tox|[from] U-turn\n|\n|-damage|p1a: Zapdos|71\/100 tox|[from] psn\n|upkeep\n|\n|t:|1698578249\n|switch|p2a: Mewtwo|Mewtwo|100\/100\n|-damage|p2a: Mewtwo|88\/100|[from] Stealth Rock\n|-ability|p2a: Mewtwo|Pressure\n|turn|18\n|inactive|ChesterblkBeard has 90 seconds left.\n|\n|t:|1698578255\n|move|p2a: Mewtwo|Ice Beam|p1a: Zapdos\n|-supereffective|p1a: Zapdos\n|-damage|p1a: Zapdos|15\/100 tox\n|move|p1a: Zapdos|Discharge|p2a: Mewtwo\n|-damage|p2a: Mewtwo|49\/100\n|-status|p2a: Mewtwo|par\n|\n|-damage|p1a: Zapdos|3\/100 tox|[from] psn\n|upkeep\n|turn|19\n|inactive|ChesterblkBeard has 90 seconds left.\n|\n|t:|1698578267\n|move|p1a: Zapdos|Volt Switch|p2a: Mewtwo\n|-damage|p2a: Mewtwo|11\/100 par\n|inactive|ChesterblkBeard has 90 seconds left.\n|\n|t:|1698578272\n|switch|p1a: Urshifu|Urshifu-Rapid-Strike, M|74\/100|[from] Volt Switch\n|-damage|p1a: Urshifu|68\/100|[from] Stealth Rock\n|cant|p2a: Mewtwo|par\n|\n|upkeep\n|turn|20\n|inactive|ChesterblkBeard has 90 seconds left.\n|\n|t:|1698578290\n|move|p1a: Urshifu|Surging Strikes|p2a: Mewtwo\n|-crit|p2a: Mewtwo\n|-damage|p2a: Mewtwo|0 fnt\n|faint|p2a: Mewtwo\n|-hitcount|p2: Mewtwo|1\n|\n|upkeep\n|\n|t:|1698578299\n|switch|p2a: Ditto|Ditto, shiny|60\/100\n|-damage|p2a: Ditto|48\/100|[from] Stealth Rock\n|-transform|p2a: Ditto|p1a: Urshifu|[from] ability: Imposter\n|turn|21\n|\n|t:|1698578308\n|move|p1a: Urshifu|Surging Strikes|p2a: Ditto\n|-resisted|p2a: Ditto\n|-crit|p2a: Ditto\n|-damage|p2a: Ditto|36\/100\n|-resisted|p2a: Ditto\n|-crit|p2a: Ditto\n|-damage|p2a: Ditto|26\/100\n|-resisted|p2a: Ditto\n|-crit|p2a: Ditto\n|-damage|p2a: Ditto|15\/100\n|-hitcount|p2a: Ditto|3\n|move|p2a: Ditto|Close Combat|p1a: Urshifu\n|-damage|p1a: Urshifu|1\/100\n|-unboost|p2a: Ditto|def|1\n|-unboost|p2a: Ditto|spd|1\n|\n|upkeep\n|turn|22\n|\n|t:|1698578322\n|move|p1a: Urshifu|Surging Strikes|p2a: Ditto\n|-resisted|p2a: Ditto\n|-crit|p2a: Ditto\n|-damage|p2a: Ditto|0 fnt\n|faint|p2a: Ditto\n|-hitcount|p2: Ditto|1\n|\n|upkeep\n|\n|t:|1698578327\n|switch|p2a: Urshifu|Urshifu, M|84\/100\n|-damage|p2a: Urshifu|78\/100|[from] Stealth Rock\n|turn|23\n|\n|t:|1698578331\n|move|p2a: Urshifu|Sucker Punch|p1a: Urshifu\n|-resisted|p1a: Urshifu\n|-damage|p1a: Urshifu|0 fnt\n|faint|p1a: Urshifu\n|-damage|p2a: Urshifu|68\/100|[from] item: Life Orb\n|\n|upkeep\n|\n|t:|1698578340\n|switch|p1a: Landorus|Landorus-Therian, M|88\/100\n|-damage|p1a: Landorus|76\/100|[from] Stealth Rock\n|-ability|p1a: Landorus|Intimidate|boost\n|-unboost|p2a: Urshifu|atk|1\n|turn|24\n|\n|t:|1698578353\n|move|p2a: Urshifu|Wicked Blow|p1a: Landorus\n|-crit|p1a: Landorus\n|-damage|p1a: Landorus|0 fnt\n|-damage|p2a: Urshifu|52\/100|[from] item: Rocky Helmet|[of] p1a: Landorus\n|faint|p1a: Landorus\n|-damage|p2a: Urshifu|42\/100|[from] item: Life Orb\n|\n|upkeep\n|-message|ChesterblkBeard forfeited.\n|\n|win|MommyMikuNakano\n|raw|ChesterblkBeard's rating: 1490 &rarr; <strong>1483<\/strong><br \/>(-7 for losing)\n|raw|MommyMikuNakano's rating: 1757 &rarr; <strong>1764<\/strong><br \/>(+7 for winning)\n|l|\u2606ChesterblkBeard\n","uploadtime":1698578366,"views":14,"p1id":"chesterblkbeard","p2id":"mommymikunakano","formatid":"gen9nationaldexubers","rating":1483,"private":0,"password":""}