{"id":"gen9nationaldexubers-1983715664","p1":"Barrythebestrival","p2":"xcjjwfhfy","format":"[Gen 9] National Dex Ubers","log":"|j|\u2606Barrythebestrival\n|j|\u2606xcjjwfhfy\n|t:|1699166080\n|gametype|singles\n|player|p1|Barrythebestrival|barry|1277\n|player|p2|xcjjwfhfy|furisodegirl-black|1402\n|teamsize|p1|6\n|teamsize|p2|6\n|gen|9\n|tier|[Gen 9] National Dex Ubers\n|rated|\n|rule|HP Percentage Mod: HP is shown in percentages\n|rule|Endless Battle Clause: Forcing endless battles is banned\n|rule|OHKO Clause: OHKO moves are banned\n|rule|Evasion Moves Clause: Evasion moves are banned\n|rule|Evasion Items Clause: Evasion items are banned\n|rule|Species Clause: Limit one of each Pok\u00e9mon\n|rule|Sleep Clause Mod: Limit one foe put to sleep\n|rule|Mega Rayquaza Clause: You cannot mega evolve Rayquaza\n|clearpoke\n|poke|p1|Mew|\n|poke|p1|Blacephalon|\n|poke|p1|Beedrill, M|\n|poke|p1|Weavile, F|\n|poke|p1|Okidogi, M|\n|poke|p1|Iron Treads|\n|poke|p2|Salamence, F|\n|poke|p2|Giratina-Origin|\n|poke|p2|Clodsire, M|\n|poke|p2|Naganadel|\n|poke|p2|Ogerpon-Hearthflame, F|\n|poke|p2|Groudon|\n|teampreview\n|inactive|Battle timer is ON: inactive players will automatically lose when time's up. (requested by Barrythebestrival)\n|inactive|xcjjwfhfy also wants the timer to be on.\n|j| Zerolyst\n|c|\u2606Barrythebestrival|Glhf\n|c|\u2606Barrythebestrival|I used mew an rubl\n|inactive|Barrythebestrival has 120 seconds left.\n|c|\u2606Barrythebestrival|And weavile for my 1 uubl\n|\n|t:|1699166126\n|start\n|switch|p1a: Beedrill|Beedrill, M|100\/100\n|switch|p2a: Groudon|Groudon|100\/100\n|detailschange|p2a: Groudon|Groudon-Primal\n|-primal|p2a: Groudon|Red Orb\n|-weather|DesolateLand|[from] ability: Desolate Land|[of] p2a: Groudon\n|turn|1\n|c| Zerolyst|mega beedrill is UU?\n|c|\u2606Barrythebestrival|Yes somehow\n|inactive|Barrythebestrival has 120 seconds left.\n|c|\u2606Barrythebestrival|See\n|c|\u2606Barrythebestrival|Uu\n|\n|t:|1699166175\n|switch|p1a: Weavile|Weavile, F|100\/100\n|move|p2a: Groudon|Fire Punch|p1a: Weavile\n|-supereffective|p1a: Weavile\n|-enditem|p1a: Weavile|Focus Sash\n|-damage|p1a: Weavile|1\/100\n|-status|p1a: Weavile|brn\n|\n|-weather|DesolateLand|[upkeep]\n|-damage|p1a: Weavile|0 fnt|[from] brn\n|faint|p1a: Weavile\n|upkeep\n|c|\u2606Barrythebestrival|Fuvkin burn\n|\n|t:|1699166191\n|switch|p1a: Mew|Mew|100\/100\n|turn|2\n|c|\u2606Barrythebestrival|Time to meet\n|c|\u2606Barrythebestrival|Mewing\n|inactive|Barrythebestrival has 90 seconds left.\n|\n|t:|1699166207\n|-zpower|p1a: Mew\n|move|p1a: Mew|Genesis Supernova|p2a: Groudon|[zeffect]\n|-damage|p2a: Groudon|37\/100\n|-fieldstart|move: Psychic Terrain\n|move|p2a: Groudon|Fire Punch|p1a: Mew\n|-damage|p1a: Mew|36\/100\n|\n|-weather|DesolateLand|[upkeep]\n|upkeep\n|turn|3\n|inactive|Barrythebestrival has 90 seconds left.\n|inactive|xcjjwfhfy has 120 seconds left.\n|\n|t:|1699166238\n|move|p1a: Mew|Roost|p1a: Mew\n|-heal|p1a: Mew|86\/100\n|-singleturn|p1a: Mew|move: Roost\n|move|p2a: Groudon|Fire Punch|p1a: Mew\n|-crit|p1a: Mew\n|-damage|p1a: Mew|0 fnt\n|faint|p1a: Mew\n|\n|-weather|DesolateLand|[upkeep]\n|upkeep\n|c|\u2606Barrythebestrival|Lucky ass crit\n|\n|t:|1699166252\n|switch|p1a: Blacephalon|Blacephalon|100\/100\n|turn|4\n|\n|t:|1699166257\n|-weather|none\n|switch|p2a: Clodsire|Clodsire, M|100\/100\n|move|p1a: Blacephalon|Protect||[still]\n|-fail|p1a: Blacephalon\n|\n|upkeep\n|turn|5\n|inactive|Barrythebestrival has 90 seconds left.\n|\n|t:|1699166290\n|move|p1a: Blacephalon|Last Resort|p2a: Clodsire\n|-damage|p2a: Clodsire|29\/100\n|-damage|p1a: Blacephalon|91\/100|[from] item: Life Orb\n|move|p2a: Clodsire|Earthquake|p1a: Blacephalon\n|-supereffective|p1a: Blacephalon\n|-damage|p1a: Blacephalon|0 fnt\n|faint|p1a: Blacephalon\n|\n|-heal|p2a: Clodsire|35\/100|[from] item: Leftovers\n|upkeep\n|\n|t:|1699166295\n|switch|p1a: Beedrill|Beedrill, M|100\/100\n|turn|6\n|\n|t:|1699166301\n|detailschange|p1a: Beedrill|Beedrill-Mega, M\n|-mega|p1a: Beedrill|Beedrill|Beedrillite\n|move|p1a: Beedrill|Fell Stinger|p2a: Clodsire\n|-resisted|p2a: Clodsire\n|-damage|p2a: Clodsire|15\/100\n|move|p2a: Clodsire|Recover|p2a: Clodsire\n|-heal|p2a: Clodsire|65\/100\n|\n|-heal|p2a: Clodsire|71\/100|[from] item: Leftovers\n|-fieldend|move: Psychic Terrain\n|upkeep\n|turn|7\n|inactive|Barrythebestrival has 90 seconds left.\n|\n|t:|1699166310\n|move|p1a: Beedrill|Knock Off|p2a: Clodsire\n|-crit|p2a: Clodsire\n|-damage|p2a: Clodsire|13\/100\n|-enditem|p2a: Clodsire|Leftovers|[from] move: Knock Off|[of] p1a: Beedrill\n|move|p2a: Clodsire|Recover|p2a: Clodsire\n|-heal|p2a: Clodsire|63\/100\n|\n|upkeep\n|turn|8\n|inactive|Barrythebestrival has 90 seconds left.\n|\n|t:|1699166321\n|switch|p1a: Iron Treads|Iron Treads|100\/100\n|move|p2a: Clodsire|Recover|p2a: Clodsire\n|-heal|p2a: Clodsire|100\/100\n|\n|upkeep\n|turn|9\n|\n|t:|1699166329\n|switch|p2a: Giratina|Giratina-Origin|100\/100\n|move|p1a: Iron Treads|Earthquake|p2a: Giratina\n|-immune|p2a: Giratina|[from] ability: Levitate\n|\n|upkeep\n|turn|10\n|\n|t:|1699166338\n|-end|p1a: Iron Treads|Quark Drive|[silent]\n|switch|p1a: Okidogi|Okidogi, M|100\/100\n|move|p2a: Giratina|Poltergeist|p1a: Okidogi|[miss]\n|-miss|p2a: Giratina|p1a: Okidogi\n|\n|upkeep\n|turn|11\n|\n|t:|1699166348\n|move|p2a: Giratina|Poltergeist|p1a: Okidogi\n|-activate|p1a: Okidogi|move: Poltergeist|Leftovers\n|-damage|p1a: Okidogi|56\/100\n|move|p1a: Okidogi|Knock Off|p2a: Giratina\n|-supereffective|p2a: Giratina\n|-damage|p2a: Giratina|76\/100\n|-status|p2a: Giratina|tox|[from] ability: Toxic Chain|[of] p1a: Okidogi\n|\n|-heal|p1a: Okidogi|62\/100|[from] item: Leftovers\n|-damage|p2a: Giratina|70\/100 tox|[from] psn\n|upkeep\n|turn|12\n|c|\u2606Barrythebestrival|Using that or\n|c|\u2606Barrythebestrival|Orb\n|inactive|Barrythebestrival has 90 seconds left.\n|inactive|xcjjwfhfy has 120 seconds left.\n|\n|t:|1699166391\n|switch|p2a: Naganadel|Naganadel|100\/100\n|move|p1a: Okidogi|Knock Off|p2a: Naganadel\n|-crit|p2a: Naganadel\n|-damage|p2a: Naganadel|11\/100\n|-enditem|p2a: Naganadel|Choice Specs|[from] move: Knock Off|[of] p1a: Okidogi\n|\n|-heal|p1a: Okidogi|68\/100|[from] item: Leftovers\n|upkeep\n|turn|13\n|inactive|xcjjwfhfy has 120 seconds left.\n|\n|t:|1699166403\n|move|p2a: Naganadel|Fire Blast|p1a: Okidogi\n|-damage|p1a: Okidogi|30\/100\n|move|p1a: Okidogi|Drain Punch|p2a: Naganadel\n|-resisted|p2a: Naganadel\n|-damage|p2a: Naganadel|0 fnt\n|-heal|p1a: Okidogi|34\/100|[from] drain|[of] p2a: Naganadel\n|faint|p2a: Naganadel\n|\n|-heal|p1a: Okidogi|40\/100|[from] item: Leftovers\n|upkeep\n|inactive|xcjjwfhfy has 120 seconds left.\n|\n|t:|1699166416\n|switch|p2a: Salamence|Salamence, F|100\/100\n|-ability|p2a: Salamence|Intimidate|boost\n|-unboost|p1a: Okidogi|atk|1\n|turn|14\n|inactive|xcjjwfhfy has 120 seconds left.\n|\n|t:|1699166422\n|detailschange|p2a: Salamence|Salamence-Mega, F\n|-mega|p2a: Salamence|Salamence|Salamencite\n|move|p2a: Salamence|Dragon Dance|p2a: Salamence\n|-boost|p2a: Salamence|atk|1\n|-boost|p2a: Salamence|spe|1\n|move|p1a: Okidogi|Knock Off|p2a: Salamence\n|-damage|p2a: Salamence|90\/100\n|-status|p2a: Salamence|tox|[from] ability: Toxic Chain|[of] p1a: Okidogi\n|\n|-heal|p1a: Okidogi|46\/100|[from] item: Leftovers\n|-damage|p2a: Salamence|84\/100 tox|[from] psn\n|upkeep\n|turn|15\n|inactive|xcjjwfhfy has 120 seconds left.\n|\n|t:|1699166434\n|move|p2a: Salamence|Earthquake|p1a: Okidogi\n|-supereffective|p1a: Okidogi\n|-damage|p1a: Okidogi|0 fnt\n|faint|p1a: Okidogi\n|\n|-damage|p2a: Salamence|72\/100 tox|[from] psn\n|upkeep\n|\n|t:|1699166445\n|switch|p1a: Iron Treads|Iron Treads|100\/100\n|turn|16\n|\n|t:|1699166454\n|-terastallize|p1a: Iron Treads|Ground\n|move|p2a: Salamence|Earthquake|p1a: Iron Treads\n|-damage|p1a: Iron Treads|52\/100\n|move|p1a: Iron Treads|Heavy Slam|p2a: Salamence\n|-damage|p2a: Salamence|51\/100 tox\n|\n|-damage|p2a: Salamence|33\/100 tox|[from] psn\n|upkeep\n|turn|17\n|inactive|Barrythebestrival has 120 seconds left.\n|\n|t:|1699166464\n|move|p2a: Salamence|Roost|p2a: Salamence\n|-heal|p2a: Salamence|83\/100 tox\n|-singleturn|p2a: Salamence|move: Roost\n|move|p1a: Iron Treads|Heavy Slam|p2a: Salamence\n|-damage|p2a: Salamence|63\/100 tox\n|\n|-damage|p2a: Salamence|38\/100 tox|[from] psn\n|upkeep\n|turn|18\n|\n|t:|1699166474\n|move|p2a: Salamence|Double-Edge|p1a: Iron Treads\n|-damage|p1a: Iron Treads|0 fnt\n|faint|p1a: Iron Treads\n|-end|p1a: Iron Treads|Quark Drive|[silent]\n|-damage|p2a: Salamence|25\/100 tox|[from] Recoil\n|\n|-damage|p2a: Salamence|0 fnt|[from] psn\n|faint|p2a: Salamence\n|upkeep\n|\n|t:|1699166484\n|switch|p1a: Beedrill|Beedrill-Mega, M|100\/100\n|switch|p2a: Ogerpon|Ogerpon-Hearthflame, F|100\/100\n|-ability|p2a: Ogerpon|Mold Breaker\n|turn|19\n|\n|t:|1699166491\n|-terastallize|p2a: Ogerpon|Fire\n|detailschange|p2a: Ogerpon|Ogerpon-Hearthflame-Tera, F, tera:Fire\n|-ability|p2a: Ogerpon|Embody Aspect (Hearthflame)|boost\n|-boost|p2a: Ogerpon|atk|1\n|move|p1a: Beedrill|Poison Jab|p2a: Ogerpon\n|-damage|p2a: Ogerpon|23\/100\n|-status|p2a: Ogerpon|psn\n|move|p2a: Ogerpon|Ivy Cudgel|p1a: Beedrill\n|-supereffective|p1a: Beedrill\n|-damage|p1a: Beedrill|0 fnt\n|faint|p1a: Beedrill\n|\n|win|xcjjwfhfy\n|raw|Barrythebestrival's rating: 1277 &rarr; <strong>1261<\/strong><br \/>(-16 for losing)\n|raw|xcjjwfhfy's rating: 1402 &rarr; <strong>1415<\/strong><br \/>(+13 for winning)\n","uploadtime":1699166185,"views":3,"p1id":"barrythebestrival","p2id":"xcjjwfhfy","formatid":"gen9nationaldexubers","rating":1261,"private":0,"password":""}