{"id":"gen9nationaldexubers-1979213570","p1":"zhangdinglong\u82cd\u54cd\u4ebf","p2":"503844a","format":"[Gen 9] National Dex Ubers","log":"|j|\u2606zhangdinglong\u82cd\u54cd\u4ebf\n|j|\u2606503844a\n|t:|1698653359\n|gametype|singles\n|player|p1|zhangdinglong\u82cd\u54cd\u4ebf|elesa-masters|\n|player|p2|503844a|n-masters|\n|teamsize|p1|6\n|teamsize|p2|6\n|gen|9\n|tier|[Gen 9] National Dex Ubers\n|rule|HP Percentage Mod: HP is shown in percentages\n|rule|Endless Battle Clause: Forcing endless battles is banned\n|rule|OHKO Clause: OHKO moves are banned\n|rule|Evasion Moves Clause: Evasion moves are banned\n|rule|Evasion Items Clause: Evasion items are banned\n|rule|Species Clause: Limit one of each Pok\u00e9mon\n|rule|Sleep Clause Mod: Limit one foe put to sleep\n|rule|Mega Rayquaza Clause: You cannot mega evolve Rayquaza\n|clearpoke\n|poke|p1|Cresselia, F|\n|poke|p1|Hatterene, F|\n|poke|p1|Melmetal|\n|poke|p1|Arceus|\n|poke|p1|Calyrex-Ice|\n|poke|p1|Necrozma-Dusk-Mane|\n|poke|p2|Grimmsnarl, M|\n|poke|p2|Groudon|\n|poke|p2|Mewtwo|\n|poke|p2|Arceus-Ground|\n|poke|p2|Kyurem-Black|\n|poke|p2|Xerneas-*|\n|teampreview\n|j| quaddle\n|l| quaddle\n|\n|t:|1698653388\n|start\n|switch|p1a: Necrozma|Necrozma-Dusk-Mane|100\/100\n|switch|p2a: Kyurem|Kyurem-Black|100\/100\n|-ability|p2a: Kyurem|Teravolt\n|turn|1\n|inactive|Battle timer is ON: inactive players will automatically lose when time's up. (requested by 503844a)\n|\n|t:|1698653419\n|switch|p2a: Groudon|Groudon|100\/100\n|detailschange|p2a: Groudon|Groudon-Primal\n|-primal|p2a: Groudon|Red Orb\n|-weather|DesolateLand|[from] ability: Desolate Land|[of] p2a: Groudon\n|move|p1a: Necrozma|Stealth Rock|p2a: Groudon\n|-sidestart|p2: 503844a|move: Stealth Rock\n|\n|-weather|DesolateLand|[upkeep]\n|upkeep\n|turn|2\n|\n|t:|1698653437\n|move|p2a: Groudon|Fire Punch|p1a: Necrozma\n|-supereffective|p1a: Necrozma\n|-damage|p1a: Necrozma|8\/100\n|-enditem|p1a: Necrozma|Weakness Policy\n|-boost|p1a: Necrozma|atk|2|[from] item: Weakness Policy\n|-boost|p1a: Necrozma|spa|2|[from] item: Weakness Policy\n|move|p1a: Necrozma|Trick Room|p1a: Necrozma\n|-fieldstart|move: Trick Room|[of] p1a: Necrozma\n|\n|-weather|DesolateLand|[upkeep]\n|upkeep\n|turn|3\n|\n|t:|1698653447\n|move|p1a: Necrozma|Earthquake|p2a: Groudon\n|-supereffective|p2a: Groudon\n|-damage|p2a: Groudon|0 fnt\n|faint|p2a: Groudon\n|-weather|none\n|\n|upkeep\n|\n|t:|1698653456\n|switch|p2a: Grimmsnarl|Grimmsnarl, M, shiny|100\/100\n|-damage|p2a: Grimmsnarl|88\/100|[from] Stealth Rock\n|turn|4\n|\n|t:|1698653466\n|move|p2a: Grimmsnarl|Reflect|p2a: Grimmsnarl\n|-sidestart|p2: 503844a|Reflect\n|move|p1a: Necrozma|Sunsteel Strike|p2a: Grimmsnarl\n|-supereffective|p2a: Grimmsnarl\n|-damage|p2a: Grimmsnarl|0 fnt\n|faint|p2a: Grimmsnarl\n|\n|upkeep\n|\n|t:|1698653469\n|switch|p2a: Kyurem|Kyurem-Black|100\/100\n|-damage|p2a: Kyurem|76\/100|[from] Stealth Rock\n|-ability|p2a: Kyurem|Teravolt\n|turn|5\n|\n|t:|1698653478\n|-terastallize|p2a: Kyurem|Electric\n|move|p1a: Necrozma|Sunsteel Strike|p2a: Kyurem\n|-resisted|p2a: Kyurem\n|-damage|p2a: Kyurem|48\/100\n|move|p2a: Kyurem|Dragon Dance|p2a: Kyurem\n|-boost|p2a: Kyurem|atk|1\n|-boost|p2a: Kyurem|spe|1\n|\n|upkeep\n|turn|6\n|\n|t:|1698653487\n|move|p1a: Necrozma|Sunsteel Strike|p2a: Kyurem\n|-resisted|p2a: Kyurem\n|-damage|p2a: Kyurem|19\/100\n|move|p2a: Kyurem|Dragon Dance|p2a: Kyurem\n|-boost|p2a: Kyurem|atk|1\n|-boost|p2a: Kyurem|spe|1\n|\n|-fieldend|move: Trick Room\n|upkeep\n|turn|7\n|j| quaddle\n|\n|t:|1698653496\n|move|p2a: Kyurem|Icicle Spear|p1a: Necrozma\n|-resisted|p1a: Necrozma\n|-damage|p1a: Necrozma|0 fnt\n|faint|p1a: Necrozma\n|-hitcount|p1: Necrozma|1\n|\n|upkeep\n|l| quaddle\n|\n|t:|1698653502\n|switch|p1a: Cresselia|Cresselia, F|100\/100\n|turn|8\n|\n|t:|1698653506\n|move|p2a: Kyurem|Icicle Spear|p1a: Cresselia\n|-damage|p1a: Cresselia|77\/100\n|-damage|p1a: Cresselia|52\/100\n|-damage|p1a: Cresselia|31\/100\n|-enditem|p1a: Cresselia|Sitrus Berry|[eat]\n|-heal|p1a: Cresselia|56\/100|[from] item: Sitrus Berry\n|-damage|p1a: Cresselia|35\/100\n|-damage|p1a: Cresselia|11\/100\n|-hitcount|p1a: Cresselia|5\n|move|p1a: Cresselia|Trick Room|p1a: Cresselia\n|-fieldstart|move: Trick Room|[of] p1a: Cresselia\n|\n|upkeep\n|turn|9\n|c|\u2606zhangdinglong\u82cd\u54cd\u4ebf|\u997f\u554a\n|c|\u2606zhangdinglong\u82cd\u54cd\u4ebf|\u6211\u7684\u5730\u9707\n|\n|t:|1698653521\n|move|p1a: Cresselia|Lunar Dance|p1a: Cresselia\n|faint|p1a: Cresselia\n|move|p2a: Kyurem|Icicle Spear|p1: Cresselia|[notarget]\n|-fail|p2a: Kyurem\n|\n|upkeep\n|\n|t:|1698653525\n|switch|p1a: Calyrex|Calyrex-Ice|100\/100\n|-ability|p1a: Calyrex|As One\n|-ability|p1a: Calyrex|Unnerve\n|turn|10\n|c|\u2606503844a|\u5df2\u7ecf\u8f93\u4e86\n|-message|503844a forfeited.\n|\n|win|zhangdinglong\u82cd\u54cd\u4ebf\n","uploadtime":1698653544,"views":14,"p1id":"zhangdinglong","p2id":"503844a","formatid":"gen9nationaldexubers","rating":0,"private":0,"password":""}