{"id":"gen9nationaldexubers-1999400319","p1":"Hiusi guy %\u25d5\u203f\u203f\u25d5%","p2":"SCARCITY25","format":"[Gen 9] National Dex Ubers","log":"|j|\u2606Hiusi guy %\u25d5\u203f\u203f\u25d5%\n|j|\u2606SCARCITY25\n|t:|1701074074\n|gametype|singles\n|player|p1|Hiusi guy %\u25d5\u203f\u203f\u25d5%|alec-anime|\n|player|p2|SCARCITY25|cynthia-gen4|\n|teamsize|p1|6\n|teamsize|p2|6\n|gen|9\n|tier|[Gen 9] National Dex Ubers\n|rule|HP Percentage Mod: HP is shown in percentages\n|rule|Endless Battle Clause: Forcing endless battles is banned\n|rule|OHKO Clause: OHKO moves are banned\n|rule|Evasion Moves Clause: Evasion moves are banned\n|rule|Evasion Items Clause: Evasion items are banned\n|rule|Species Clause: Limit one of each Pok\u00e9mon\n|rule|Sleep Clause Mod: Limit one foe put to sleep\n|rule|Mega Rayquaza Clause: You cannot mega evolve Rayquaza\n|clearpoke\n|poke|p1|Iron Valiant|\n|poke|p1|Roaring Moon|\n|poke|p1|Grimmsnarl, M|\n|poke|p1|Blaziken, M|\n|poke|p1|Hatterene, F|\n|poke|p1|Altaria, F|\n|poke|p2|Dialga|\n|poke|p2|Moltres|\n|poke|p2|Dragapult, F|\n|poke|p2|Dragonite, M|\n|poke|p2|Kommo-o, M|\n|poke|p2|Latios, M|\n|teampreview\n|c|\u2606SCARCITY25|glhf\n|j| ultramandyna\n|\n|t:|1701074093\n|start\n|switch|p1a: Grimmsnarl|Grimmsnarl, M|100\/100\n|switch|p2a: Moltres|Moltres|100\/100\n|-ability|p2a: Moltres|Pressure\n|turn|1\n|\n|t:|1701074101\n|move|p1a: Grimmsnarl|Light Screen|p1a: Grimmsnarl\n|-sidestart|p1: Hiusi guy %\u25d5\u203f\u203f\u25d5%|move: Light Screen\n|move|p2a: Moltres|Toxic|p1a: Grimmsnarl\n|-status|p1a: Grimmsnarl|tox\n|\n|-damage|p1a: Grimmsnarl|94\/100 tox|[from] psn\n|upkeep\n|turn|2\n|\n|t:|1701074106\n|move|p1a: Grimmsnarl|Parting Shot|p2a: Moltres\n|-unboost|p2a: Moltres|atk|1\n|-unboost|p2a: Moltres|spa|1\n|\n|t:|1701074108\n|switch|p1a: Hatterene|Hatterene, F|100\/100|[from] Parting Shot\n|move|p2a: Moltres|U-turn|p1a: Hatterene\n|-damage|p1a: Hatterene|89\/100\n|l| ultramandyna\n|\n|t:|1701074112\n|switch|p2a: Dialga|Dialga|100\/100|[from] U-turn\n|-ability|p2a: Dialga|Pressure\n|\n|upkeep\n|turn|3\n|\n|t:|1701074125\n|switch|p1a: Blaziken|Blaziken, M|100\/100\n|move|p2a: Dialga|Flash Cannon|p1a: Blaziken\n|-resisted|p1a: Blaziken\n|-damage|p1a: Blaziken|84\/100\n|\n|upkeep\n|turn|4\n|\n|t:|1701074138\n|switch|p2a: Moltres|Moltres|100\/100\n|-ability|p2a: Moltres|Pressure\n|move|p1a: Blaziken|Swords Dance|p1a: Blaziken\n|-boost|p1a: Blaziken|atk|2\n|\n|-ability|p1a: Blaziken|Speed Boost|boost\n|-boost|p1a: Blaziken|spe|1\n|upkeep\n|turn|5\n|\n|t:|1701074143\n|move|p1a: Blaziken|Poison Jab|p2a: Moltres\n|-damage|p2a: Moltres|33\/100\n|-damage|p1a: Blaziken|74\/100|[from] item: Life Orb\n|move|p2a: Moltres|Toxic|p1a: Blaziken\n|-status|p1a: Blaziken|tox\n|\n|-heal|p2a: Moltres|39\/100|[from] item: Leftovers\n|-damage|p1a: Blaziken|68\/100 tox|[from] psn\n|-sideend|p1: Hiusi guy %\u25d5\u203f\u203f\u25d5%|move: Light Screen\n|-ability|p1a: Blaziken|Speed Boost|boost\n|-boost|p1a: Blaziken|spe|1\n|upkeep\n|turn|6\n|\n|t:|1701074153\n|switch|p2a: Dialga|Dialga|100\/100\n|-ability|p2a: Dialga|Pressure\n|move|p1a: Blaziken|Poison Jab|p2a: Dialga\n|-immune|p2a: Dialga\n|\n|-damage|p1a: Blaziken|56\/100 tox|[from] psn\n|-ability|p1a: Blaziken|Speed Boost|boost\n|-boost|p1a: Blaziken|spe|1\n|upkeep\n|turn|7\n|\n|t:|1701074164\n|switch|p1a: Iron Valiant|Iron Valiant|100\/100\n|-enditem|p1a: Iron Valiant|Booster Energy\n|-activate|p1a: Iron Valiant|ability: Quark Drive|[fromitem]\n|-start|p1a: Iron Valiant|quarkdrivespe\n|switch|p2a: Moltres|Moltres|39\/100\n|-ability|p2a: Moltres|Pressure\n|\n|-heal|p2a: Moltres|46\/100|[from] item: Leftovers\n|upkeep\n|turn|8\n|\n|t:|1701074174\n|move|p1a: Iron Valiant|Moonblast|p2a: Moltres\n|-resisted|p2a: Moltres\n|-damage|p2a: Moltres|29\/100\n|-unboost|p2a: Moltres|spa|1\n|move|p2a: Moltres|Air Slash|p1a: Iron Valiant\n|-supereffective|p1a: Iron Valiant\n|-damage|p1a: Iron Valiant|31\/100\n|\n|-heal|p2a: Moltres|35\/100|[from] item: Leftovers\n|upkeep\n|turn|9\n|\n|t:|1701074180\n|move|p1a: Iron Valiant|Substitute|p1a: Iron Valiant\n|-start|p1a: Iron Valiant|Substitute\n|-damage|p1a: Iron Valiant|6\/100\n|move|p2a: Moltres|Air Slash|p1a: Iron Valiant\n|-supereffective|p1a: Iron Valiant\n|-end|p1a: Iron Valiant|Substitute\n|\n|-heal|p2a: Moltres|41\/100|[from] item: Leftovers\n|upkeep\n|turn|10\n|\n|t:|1701074185\n|move|p1a: Iron Valiant|Destiny Bond|p1a: Iron Valiant\n|-singlemove|p1a: Iron Valiant|Destiny Bond\n|move|p2a: Moltres|Air Slash|p1a: Iron Valiant\n|-supereffective|p1a: Iron Valiant\n|-damage|p1a: Iron Valiant|0 fnt\n|faint|p1a: Iron Valiant\n|-activate|p1a: Iron Valiant|move: Destiny Bond\n|-end|p1a: Iron Valiant|Quark Drive|[silent]\n|faint|p2a: Moltres\n|\n|upkeep\n|\n|t:|1701074209\n|switch|p1a: Grimmsnarl|Grimmsnarl, M|94\/100 tox\n|switch|p2a: Latios|Latios, M|100\/100\n|turn|11\n|\n|t:|1701074213\n|move|p1a: Grimmsnarl|Light Screen|p1a: Grimmsnarl\n|-sidestart|p1: Hiusi guy %\u25d5\u203f\u203f\u25d5%|move: Light Screen\n|move|p2a: Latios|Reflect|p2a: Latios\n|-sidestart|p2: SCARCITY25|Reflect\n|\n|-damage|p1a: Grimmsnarl|88\/100 tox|[from] psn\n|upkeep\n|turn|12\n|\n|t:|1701074224\n|move|p1a: Grimmsnarl|Parting Shot|p2a: Latios\n|-unboost|p2a: Latios|atk|1\n|-unboost|p2a: Latios|spa|1\n|\n|t:|1701074230\n|switch|p1a: Altaria|Altaria, F|100\/100|[from] Parting Shot\n|move|p2a: Latios|Defog|p1a: Altaria\n|-unboost|p1a: Altaria|evasion|1\n|-sideend|p1: Hiusi guy %\u25d5\u203f\u203f\u25d5%|move: Light Screen\n|\n|upkeep\n|turn|13\n|\n|t:|1701074237\n|switch|p2a: Dialga|Dialga|100\/100\n|-ability|p2a: Dialga|Pressure\n|switch|p1a: Grimmsnarl|Grimmsnarl, M|88\/100 tox\n|\n|-damage|p1a: Grimmsnarl|82\/100 tox|[from] psn\n|upkeep\n|turn|14\n|\n|t:|1701074241\n|move|p1a: Grimmsnarl|Light Screen|p1a: Grimmsnarl\n|-sidestart|p1: Hiusi guy %\u25d5\u203f\u203f\u25d5%|move: Light Screen\n|move|p2a: Dialga|Flash Cannon|p1a: Grimmsnarl\n|-supereffective|p1a: Grimmsnarl\n|-damage|p1a: Grimmsnarl|47\/100 tox\n|\n|-damage|p1a: Grimmsnarl|35\/100 tox|[from] psn\n|upkeep\n|turn|15\n|\n|t:|1701074250\n|switch|p2a: Latios|Latios, M|100\/100\n|move|p1a: Grimmsnarl|Parting Shot|p2a: Latios\n|-unboost|p2a: Latios|atk|1\n|-unboost|p2a: Latios|spa|1\n|\n|t:|1701074255\n|switch|p1a: Roaring Moon|Roaring Moon|100\/100|[from] Parting Shot\n|\n|-sideend|p2: SCARCITY25|Reflect\n|upkeep\n|turn|16\n|\n|t:|1701074264\n|move|p1a: Roaring Moon|Dragon Claw|p2a: Latios\n|-supereffective|p2a: Latios\n|-damage|p2a: Latios|0 fnt\n|faint|p2a: Latios\n|\n|upkeep\n|\n|t:|1701074280\n|switch|p2a: Dragonite|Dragonite, M|100\/100\n|turn|17\n|\n|t:|1701074286\n|move|p1a: Roaring Moon|Dragon Dance|p1a: Roaring Moon\n|-boost|p1a: Roaring Moon|atk|1\n|-boost|p1a: Roaring Moon|spe|1\n|move|p2a: Dragonite|Dragon Dance|p2a: Dragonite\n|-boost|p2a: Dragonite|atk|1\n|-boost|p2a: Dragonite|spe|1\n|\n|upkeep\n|turn|18\n|\n|t:|1701074288\n|move|p1a: Roaring Moon|Dragon Claw|p2a: Dragonite\n|-supereffective|p2a: Dragonite\n|-damage|p2a: Dragonite|25\/100\n|move|p2a: Dragonite|Dragon Claw|p1a: Roaring Moon\n|-supereffective|p1a: Roaring Moon\n|-enditem|p1a: Roaring Moon|Haban Berry|[eat]\n|-enditem|p1a: Roaring Moon|Haban Berry|[weaken]\n|-damage|p1a: Roaring Moon|10\/100\n|\n|-sideend|p1: Hiusi guy %\u25d5\u203f\u203f\u25d5%|move: Light Screen\n|upkeep\n|turn|19\n|\n|t:|1701074300\n|move|p1a: Roaring Moon|Dragon Claw|p2a: Dragonite\n|-supereffective|p2a: Dragonite\n|-damage|p2a: Dragonite|0 fnt\n|faint|p2a: Dragonite\n|\n|upkeep\n|\n|t:|1701074301\n|switch|p2a: Dialga|Dialga|100\/100\n|-ability|p2a: Dialga|Pressure\n|turn|20\n|\n|t:|1701074304\n|move|p1a: Roaring Moon|Earthquake|p2a: Dialga\n|-supereffective|p2a: Dialga\n|-damage|p2a: Dialga|11\/100\n|move|p2a: Dialga|Flash Cannon|p1a: Roaring Moon\n|-damage|p1a: Roaring Moon|0 fnt\n|faint|p1a: Roaring Moon\n|-end|p1a: Roaring Moon|Protosynthesis|[silent]\n|\n|upkeep\n|\n|t:|1701074323\n|switch|p1a: Grimmsnarl|Grimmsnarl, M|35\/100 tox\n|turn|21\n|\n|t:|1701074363\n|switch|p2a: Kommo-o|Kommo-o, M|100\/100\n|move|p1a: Grimmsnarl|Light Screen|p1a: Grimmsnarl\n|-sidestart|p1: Hiusi guy %\u25d5\u203f\u203f\u25d5%|move: Light Screen\n|\n|-damage|p1a: Grimmsnarl|29\/100 tox|[from] psn\n|upkeep\n|turn|22\n|\n|t:|1701074367\n|move|p1a: Grimmsnarl|Taunt|p2a: Kommo-o\n|-start|p2a: Kommo-o|move: Taunt\n|move|p2a: Kommo-o|Flash Cannon|p1a: Grimmsnarl\n|-supereffective|p1a: Grimmsnarl\n|-damage|p1a: Grimmsnarl|10\/100 tox\n|\n|-damage|p1a: Grimmsnarl|0 fnt|[from] psn\n|faint|p1a: Grimmsnarl\n|upkeep\n|\n|t:|1701074371\n|switch|p1a: Altaria|Altaria, F|100\/100\n|turn|23\n|\n|t:|1701074378\n|move|p2a: Kommo-o|Flash Cannon|p1a: Altaria\n|-damage|p1a: Altaria|88\/100\n|move|p1a: Altaria|Dragon Dance|p1a: Altaria\n|-boost|p1a: Altaria|atk|1\n|-boost|p1a: Altaria|spe|1\n|\n|upkeep\n|turn|24\n|\n|t:|1701074386\n|detailschange|p1a: Altaria|Altaria-Mega, F\n|-mega|p1a: Altaria|Altaria|Altarianite\n|move|p1a: Altaria|Frustration|p2a: Kommo-o\n|-supereffective|p2a: Kommo-o\n|-damage|p2a: Kommo-o|0 fnt\n|faint|p2a: Kommo-o\n|\n|upkeep\n|\n|t:|1701074394\n|switch|p2a: Dialga|Dialga|11\/100\n|-ability|p2a: Dialga|Pressure\n|turn|25\n|\n|t:|1701074396\n|move|p2a: Dialga|Flash Cannon|p1a: Altaria\n|-supereffective|p1a: Altaria\n|-damage|p1a: Altaria|38\/100\n|move|p1a: Altaria|Frustration|p2a: Dialga\n|-damage|p2a: Dialga|0 fnt\n|faint|p2a: Dialga\n|\n|-sideend|p1: Hiusi guy %\u25d5\u203f\u203f\u25d5%|move: Light Screen\n|upkeep\n|\n|t:|1701074398\n|switch|p2a: Dragapult|Dragapult, F|100\/100\n|turn|26\n|\n|t:|1701074404\n|move|p1a: Altaria|Frustration|p2a: Dragapult\n|-supereffective|p2a: Dragapult\n|-damage|p2a: Dragapult|0 fnt\n|faint|p2a: Dragapult\n|\n|win|Hiusi guy %\u25d5\u203f\u203f\u25d5%\n|c|\u2606SCARCITY25|gg\n|c|\u2606Hiusi guy %\u25d5\u203f\u203f\u25d5%|Gg\n|l|\u2606SCARCITY25\n|j|\u2606SCARCITY25\n|player|p2|SCARCITY25|cynthia-gen4\n","uploadtime":1701074414,"views":26,"p1id":"hiusiguy","p2id":"scarcity25","formatid":"gen9nationaldexubers","rating":0,"private":0,"password":""}