{"id":"gen9nationaldexubers-1988121824","p1":"HarmTurtle","p2":"Rio34","format":"[Gen 9] National Dex Ubers","log":"|j|\u2606HarmTurtle\n|j|\u2606Rio34\n|t:|1699672240\n|gametype|singles\n|player|p1|HarmTurtle|carmine-festival|\n|player|p2|Rio34|riley|\n|teamsize|p1|6\n|teamsize|p2|6\n|gen|9\n|tier|[Gen 9] National Dex Ubers\n|rule|HP Percentage Mod: HP is shown in percentages\n|rule|Endless Battle Clause: Forcing endless battles is banned\n|rule|OHKO Clause: OHKO moves are banned\n|rule|Evasion Moves Clause: Evasion moves are banned\n|rule|Evasion Items Clause: Evasion items are banned\n|rule|Species Clause: Limit one of each Pok\u00e9mon\n|rule|Sleep Clause Mod: Limit one foe put to sleep\n|rule|Mega Rayquaza Clause: You cannot mega evolve Rayquaza\n|clearpoke\n|poke|p1|Veluza, F|\n|poke|p1|Mr. Rime, F|\n|poke|p1|Tauros, M|\n|poke|p1|Azumarill, F|\n|poke|p1|Brute Bonnet|\n|poke|p1|Sandy Shocks|\n|poke|p2|Weavile, F|\n|poke|p2|Umbreon, M|\n|poke|p2|Obstagoon, M|\n|poke|p2|Krookodile, M|\n|poke|p2|Grimmsnarl, M|\n|poke|p2|Zoroark, M|\n|teampreview\n|c|\u2606HarmTurtle|gl hf! Part 2\n|\n|t:|1699672254\n|start\n|switch|p1a: fizzy pop|Azumarill, F|100\/100\n|switch|p2a: Umbreon|Umbreon, M, shiny|100\/100\n|turn|1\n|\n|t:|1699672260\n|move|p2a: Umbreon|Trick|p1a: fizzy pop\n|-activate|p2a: Umbreon|move: Trick|[of] p1a: fizzy pop\n|-item|p1a: fizzy pop|Choice Specs|[from] move: Trick\n|-item|p2a: Umbreon|Choice Band|[from] move: Trick\n|move|p1a: fizzy pop|Play Rough|p2a: Umbreon\n|-supereffective|p2a: Umbreon\n|-damage|p2a: Umbreon|0 fnt\n|replace|p2a: Zoroark|Zoroark, M\n|-end|p2a: Zoroark|Illusion\n|faint|p2a: Zoroark\n|\n|upkeep\n|\n|t:|1699672281\n|switch|p2a: Grimmsnarl|Grimmsnarl, M|100\/100\n|turn|2\n|\n|t:|1699672292\n|move|p2a: Grimmsnarl|Bulk Up|p2a: Grimmsnarl\n|-boost|p2a: Grimmsnarl|atk|1\n|-boost|p2a: Grimmsnarl|def|1\n|move|p1a: fizzy pop|Play Rough|p2a: Grimmsnarl\n|-supereffective|p2a: Grimmsnarl\n|-damage|p2a: Grimmsnarl|9\/100\n|\n|upkeep\n|turn|3\n|\n|t:|1699672318\n|switch|p1a: the OG|Tauros, M|100\/100\n|move|p2a: Grimmsnarl|Play Rough|p1a: the OG|[miss]\n|-miss|p2a: Grimmsnarl|p1a: the OG\n|\n|upkeep\n|turn|4\n|\n|t:|1699672330\n|move|p2a: Grimmsnarl|Taunt|p1a: the OG\n|-start|p1a: the OG|move: Taunt\n|move|p1a: the OG|Iron Head|p2a: Grimmsnarl\n|-supereffective|p2a: Grimmsnarl\n|-enditem|p2a: Grimmsnarl|Babiri Berry|[eat]\n|-enditem|p2a: Grimmsnarl|Babiri Berry|[weaken]\n|-damage|p2a: Grimmsnarl|0 fnt\n|faint|p2a: Grimmsnarl\n|\n|upkeep\n|\n|t:|1699672339\n|switch|p2a: Layla|Weavile, F|100\/100\n|-ability|p2a: Layla|Pressure\n|turn|5\n|\n|t:|1699672368\n|move|p2a: Layla|Fake Out|p1a: the OG\n|-crit|p1a: the OG\n|-damage|p1a: the OG|76\/100\n|cant|p1a: the OG|flinch\n|\n|upkeep\n|turn|6\n|\n|t:|1699672376\n|move|p2a: Layla|Swords Dance|p2a: Layla\n|-boost|p2a: Layla|atk|2\n|move|p1a: the OG|Close Combat|p2a: Layla\n|-supereffective|p2a: Layla\n|-enditem|p2a: Layla|Focus Sash\n|-damage|p2a: Layla|1\/100\n|-unboost|p1a: the OG|def|1\n|-unboost|p1a: the OG|spd|1\n|-damage|p1a: the OG|66\/100|[from] item: Life Orb\n|\n|-end|p1a: the OG|move: Taunt\n|upkeep\n|turn|7\n|\n|t:|1699672397\n|move|p2a: Layla|Ice Punch|p1a: the OG\n|-damage|p1a: the OG|0 fnt\n|faint|p1a: the OG\n|\n|upkeep\n|\n|t:|1699672402\n|switch|p1a: still a luzer|Veluza, F|100\/100\n|turn|8\n|\n|t:|1699672411\n|move|p1a: still a luzer|Aqua Cutter|p2a: Layla\n|-damage|p2a: Layla|0 fnt\n|faint|p2a: Layla\n|\n|upkeep\n|\n|t:|1699672421\n|switch|p2a: Obstagoon|Obstagoon, M|100\/100\n|turn|9\n|\n|t:|1699672433\n|switch|p1a: sandy socks|Sandy Shocks|100\/100\n|-enditem|p1a: sandy socks|Booster Energy\n|-activate|p1a: sandy socks|ability: Protosynthesis|[fromitem]\n|-start|p1a: sandy socks|protosynthesisspe\n|move|p2a: Obstagoon|Obstruct||[still]\n|-fail|p2a: Obstagoon\n|\n|-status|p2a: Obstagoon|brn|[from] item: Flame Orb\n|upkeep\n|turn|10\n|\n|t:|1699672448\n|-terastallize|p2a: Obstagoon|Normal\n|move|p1a: sandy socks|Stealth Rock|p2a: Obstagoon\n|-sidestart|p2: Rio34|move: Stealth Rock\n|move|p2a: Obstagoon|Facade|p1a: sandy socks\n|-damage|p1a: sandy socks|0 fnt\n|faint|p1a: sandy socks\n|-end|p1a: sandy socks|Protosynthesis|[silent]\n|\n|-damage|p2a: Obstagoon|94\/100 brn|[from] brn\n|upkeep\n|\n|t:|1699672460\n|switch|p1a: still a luzer|Veluza, F|100\/100\n|turn|11\n|\n|t:|1699672468\n|move|p1a: still a luzer|Final Gambit|p2a: Obstagoon\n|-damage|p2a: Obstagoon|0 fnt\n|faint|p1a: still a luzer\n|faint|p2a: Obstagoon\n|\n|upkeep\n|\n|t:|1699672486\n|switch|p2a: Umbreon|Umbreon, M, shiny|100\/100\n|switch|p1a: brutish bonbon|Brute Bonnet|100\/100\n|-damage|p2a: Umbreon|88\/100|[from] Stealth Rock\n|turn|12\n|\n|t:|1699672498\n|move|p1a: brutish bonbon|Spore|p2a: Umbreon\n|-status|p2a: Umbreon|slp|[from] move: Spore\n|cant|p2a: Umbreon|slp\n|\n|-heal|p2a: Umbreon|94\/100 slp|[from] item: Leftovers\n|upkeep\n|turn|13\n|\n|t:|1699672505\n|move|p1a: brutish bonbon|Bullet Seed|p2a: Umbreon\n|-damage|p2a: Umbreon|82\/100 slp\n|-damage|p2a: Umbreon|70\/100 slp\n|-crit|p2a: Umbreon\n|-damage|p2a: Umbreon|53\/100 slp\n|-damage|p2a: Umbreon|42\/100 slp\n|-hitcount|p2a: Umbreon|4\n|cant|p2a: Umbreon|slp\n|\n|-heal|p2a: Umbreon|48\/100 slp|[from] item: Leftovers\n|upkeep\n|turn|14\n|\n|t:|1699672519\n|move|p1a: brutish bonbon|Bullet Seed|p2a: Umbreon\n|-damage|p2a: Umbreon|37\/100 slp\n|-damage|p2a: Umbreon|26\/100 slp\n|-damage|p2a: Umbreon|15\/100 slp\n|-damage|p2a: Umbreon|3\/100 slp\n|-hitcount|p2a: Umbreon|4\n|cant|p2a: Umbreon|slp\n|\n|-heal|p2a: Umbreon|9\/100 slp|[from] item: Leftovers\n|upkeep\n|turn|15\n|\n|t:|1699672529\n|move|p1a: brutish bonbon|Bullet Seed|p2a: Umbreon\n|-crit|p2a: Umbreon\n|-damage|p2a: Umbreon|0 fnt\n|faint|p2a: Umbreon\n|-hitcount|p2: Umbreon|1\n|\n|upkeep\n|\n|t:|1699672534\n|switch|p2a: Krookodile|Krookodile, M|100\/100\n|-damage|p2a: Krookodile|94\/100|[from] Stealth Rock\n|turn|16\n|\n|t:|1699672550\n|move|p2a: Krookodile|Fire Fang|p1a: brutish bonbon|[miss]\n|-miss|p2a: Krookodile|p1a: brutish bonbon\n|move|p1a: brutish bonbon|Bullet Seed|p2a: Krookodile\n|-supereffective|p2a: Krookodile\n|-damage|p2a: Krookodile|56\/100\n|-supereffective|p2a: Krookodile\n|-damage|p2a: Krookodile|20\/100\n|-supereffective|p2a: Krookodile\n|-damage|p2a: Krookodile|0 fnt\n|faint|p2a: Krookodile\n|-hitcount|p2: Krookodile|3\n|\n|win|HarmTurtle\n","uploadtime":1699672561,"views":15,"p1id":"harmturtle","p2id":"rio34","formatid":"gen9nationaldexubers","rating":0,"private":0,"password":""}