{"id":"gen9nationaldexubers-1985750627","p1":"HarmTurtle","p2":"Jeffrin","format":"[Gen 9] National Dex Ubers","log":"|j|\u2606HarmTurtle\n|j|\u2606Jeffrin\n|t:|1699402310\n|gametype|singles\n|player|p1|HarmTurtle|carmine-festival|\n|player|p2|Jeffrin|falkner|\n|teamsize|p1|6\n|teamsize|p2|6\n|gen|9\n|tier|[Gen 9] National Dex Ubers\n|rule|HP Percentage Mod: HP is shown in percentages\n|rule|Endless Battle Clause: Forcing endless battles is banned\n|rule|OHKO Clause: OHKO moves are banned\n|rule|Evasion Moves Clause: Evasion moves are banned\n|rule|Evasion Items Clause: Evasion items are banned\n|rule|Species Clause: Limit one of each Pok\u00e9mon\n|rule|Sleep Clause Mod: Limit one foe put to sleep\n|rule|Mega Rayquaza Clause: You cannot mega evolve Rayquaza\n|clearpoke\n|poke|p1|Celesteela|\n|poke|p1|Quaquaval, F|\n|poke|p1|Grimmsnarl, M|\n|poke|p1|Vileplume, F|\n|poke|p1|Exeggutor, M|\n|poke|p1|Hariyama, M|\n|poke|p2|Crobat, M|\n|poke|p2|Minior|\n|poke|p2|Rotom-Fan|\n|poke|p2|Togekiss, F|\n|poke|p2|Pinsir, M|\n|poke|p2|Celesteela|\n|teampreview\n|c|\u2606HarmTurtle|gl hf! part 2\n|c|\u2606Jeffrin|Same\n|c|\u2606HarmTurtle|and don't go telling me your sets immediately lol\n|c|\u2606HarmTurtle|wait until the set's over :p\n|c|\u2606Jeffrin|Fair :p\n|\n|t:|1699402334\n|start\n|switch|p1a: Grimm Guy|Grimmsnarl, M|100\/100\n|switch|p2a: Angellica|Togekiss, F, shiny|100\/100\n|turn|1\n|\n|t:|1699402342\n|move|p1a: Grimm Guy|Taunt|p2a: Angellica\n|-start|p2a: Angellica|move: Taunt\n|move|p2a: Angellica|Draining Kiss|p1a: Grimm Guy\n|-supereffective|p1a: Grimm Guy\n|-damage|p1a: Grimm Guy|62\/100\n|\n|upkeep\n|turn|2\n|\n|t:|1699402365\n|switch|p2a: Pulse|Rotom-Fan, shiny|100\/100\n|move|p1a: Grimm Guy|Parting Shot|p2a: Pulse\n|-unboost|p2a: Pulse|atk|1\n|-unboost|p2a: Pulse|spa|1\n|\n|t:|1699402384\n|switch|p1a: fried egg|Exeggutor, M|100\/100|[from] Parting Shot\n|\n|upkeep\n|turn|3\n|\n|t:|1699402398\n|-terastallize|p1a: fried egg|Electric\n|move|p2a: Pulse|Air Slash|p1a: fried egg\n|-resisted|p1a: fried egg\n|-crit|p1a: fried egg\n|-damage|p1a: fried egg|74\/100\n|cant|p1a: fried egg|flinch\n|\n|upkeep\n|turn|4\n|\n|t:|1699402406\n|switch|p2a: Xavier|Crobat, M, shiny|100\/100\n|move|p1a: fried egg|Future Sight|p2a: Xavier\n|-start|p1a: fried egg|move: Future Sight\n|\n|upkeep\n|turn|5\n|\n|t:|1699402419\n|switch|p1a: catch these hands|Hariyama, M|100\/100\n|move|p2a: Xavier|Taunt|p1a: catch these hands\n|-start|p1a: catch these hands|move: Taunt\n|\n|upkeep\n|turn|6\n|\n|t:|1699402430\n|move|p2a: Xavier|U-turn|p1a: catch these hands\n|-resisted|p1a: catch these hands\n|-damage|p1a: catch these hands|94\/100\n|\n|t:|1699402433\n|switch|p2a: Guillotine|Pinsir, M, shiny|100\/100|[from] U-turn\n|move|p1a: catch these hands|Knock Off|p2a: Guillotine\n|-damage|p2a: Guillotine|80\/100\n|\n|-end|p2a: Guillotine|move: Future Sight\n|-damage|p2a: Guillotine|8\/100\n|-heal|p1a: catch these hands|99\/100|[from] item: Leftovers\n|upkeep\n|turn|7\n|c|\u2606Jeffrin|ow forgot that\n|\n|t:|1699402455\n|switch|p1a: biggest rocket|Celesteela, shiny|100\/100\n|detailschange|p2a: Guillotine|Pinsir-Mega, M, shiny\n|-mega|p2a: Guillotine|Pinsir|Pinsirite\n|move|p2a: Guillotine|Frustration|p1a: biggest rocket\n|-resisted|p1a: biggest rocket\n|-crit|p1a: biggest rocket\n|-damage|p1a: biggest rocket|43\/100\n|\n|upkeep\n|turn|8\n|c|\u2606HarmTurtle|goodness\n|\n|t:|1699402472\n|move|p2a: Guillotine|Frustration|p1a: biggest rocket\n|-resisted|p1a: biggest rocket\n|-damage|p1a: biggest rocket|6\/100\n|move|p1a: biggest rocket|Autotomize|p1a: biggest rocket\n|-boost|p1a: biggest rocket|spe|2\n|-start|p1a: biggest rocket|Autotomize\n|\n|upkeep\n|turn|9\n|\n|t:|1699402483\n|move|p2a: Guillotine|Quick Attack|p1a: biggest rocket\n|-resisted|p1a: biggest rocket\n|-damage|p1a: biggest rocket|0 fnt\n|faint|p1a: biggest rocket\n|\n|upkeep\n|\n|t:|1699402487\n|switch|p1a: Grimm Guy|Grimmsnarl, M|62\/100\n|turn|10\n|\n|t:|1699402490\n|move|p2a: Guillotine|Quick Attack|p1a: Grimm Guy\n|-damage|p1a: Grimm Guy|34\/100\n|move|p1a: Grimm Guy|Reflect|p1a: Grimm Guy\n|-sidestart|p1: HarmTurtle|Reflect\n|\n|upkeep\n|turn|11\n|\n|t:|1699402499\n|move|p1a: Grimm Guy|Light Screen|p1a: Grimm Guy\n|-sidestart|p1: HarmTurtle|move: Light Screen\n|move|p2a: Guillotine|Swords Dance|p2a: Guillotine\n|-boost|p2a: Guillotine|atk|2\n|\n|upkeep\n|turn|12\n|\n|t:|1699402504\n|move|p2a: Guillotine|Quick Attack|p1a: Grimm Guy\n|-damage|p1a: Grimm Guy|5\/100\n|move|p1a: Grimm Guy|Taunt|p2a: Guillotine\n|-start|p2a: Guillotine|move: Taunt\n|\n|upkeep\n|turn|13\n|\n|t:|1699402509\n|move|p2a: Guillotine|Quick Attack|p1a: Grimm Guy\n|-damage|p1a: Grimm Guy|0 fnt\n|faint|p1a: Grimm Guy\n|\n|upkeep\n|\n|t:|1699402524\n|switch|p1a: Watermelon|Vileplume, F, shiny|100\/100\n|turn|14\n|\n|t:|1699402530\n|move|p2a: Guillotine|Quick Attack|p1a: Watermelon\n|-supereffective|p1a: Watermelon\n|-damage|p1a: Watermelon|54\/100\n|-damage|p2a: Guillotine|0 fnt|[from] item: Rocky Helmet|[of] p1a: Watermelon\n|faint|p2a: Guillotine\n|move|p1a: Watermelon|Sleep Powder|p2: Guillotine|[notarget]\n|-fail|p1a: Watermelon\n|\n|upkeep\n|\n|t:|1699402538\n|switch|p2a: Sprinkles|Minior, shiny|100\/100\n|-formechange|p2a: Sprinkles|Minior-Meteor||[from] ability: Shields Down\n|turn|15\n|c|\u2606Jeffrin|Surprised aerialte quick attack did that little\n|\n|t:|1699402566\n|switch|p2a: Xavier|Crobat, M, shiny|100\/100\n|switch|p1a: Bustdown Jr.|Quaquaval, F|100\/100\n|\n|upkeep\n|turn|16\n|\n|t:|1699402572\n|move|p2a: Xavier|Taunt|p1a: Bustdown Jr.\n|-start|p1a: Bustdown Jr.|move: Taunt\n|move|p1a: Bustdown Jr.|Aqua Step|p2a: Xavier\n|-damage|p2a: Xavier|56\/100\n|-boost|p1a: Bustdown Jr.|spe|1\n|\n|upkeep\n|turn|17\n|\n|t:|1699402582\n|move|p1a: Bustdown Jr.|Aqua Step|p2a: Xavier\n|-damage|p2a: Xavier|9\/100\n|-boost|p1a: Bustdown Jr.|spe|1\n|move|p2a: Xavier|Defog|p1a: Bustdown Jr.\n|-unboost|p1a: Bustdown Jr.|evasion|1\n|-sideend|p1: HarmTurtle|Reflect\n|-sideend|p1: HarmTurtle|move: Light Screen\n|\n|upkeep\n|turn|18\n|\n|t:|1699402591\n|switch|p2a: Ground Control|Celesteela, shiny|100\/100\n|move|p1a: Bustdown Jr.|Aqua Step|p2a: Ground Control\n|-damage|p2a: Ground Control|70\/100\n|-boost|p1a: Bustdown Jr.|spe|1\n|\n|-end|p1a: Bustdown Jr.|move: Taunt\n|upkeep\n|turn|19\n|\n|t:|1699402619\n|switch|p1a: fried egg|Exeggutor, M, tera:Electric|74\/100\n|move|p2a: Ground Control|Air Slash|p1a: fried egg\n|-resisted|p1a: fried egg\n|-damage|p1a: fried egg|62\/100\n|\n|upkeep\n|turn|20\n|\n|t:|1699402629\n|move|p1a: fried egg|Leech Seed|p2a: Ground Control\n|-start|p2a: Ground Control|move: Leech Seed\n|move|p2a: Ground Control|Flamethrower|p1a: fried egg\n|-damage|p1a: fried egg|43\/100\n|-enditem|p1a: fried egg|Sitrus Berry|[eat]\n|-heal|p1a: fried egg|68\/100|[from] item: Sitrus Berry\n|\n|-damage|p2a: Ground Control|57\/100|[from] Leech Seed|[of] p1a: fried egg\n|-heal|p1a: fried egg|80\/100|[silent]\n|-item|p1a: fried egg|Sitrus Berry|[from] ability: Harvest\n|upkeep\n|turn|21\n|\n|t:|1699402640\n|switch|p2a: Sprinkles|Minior, shiny|100\/100\n|-formechange|p2a: Sprinkles|Minior-Meteor||[from] ability: Shields Down\n|move|p1a: fried egg|Future Sight|p2a: Sprinkles\n|-start|p1a: fried egg|move: Future Sight\n|\n|upkeep\n|turn|22\n|c|\u2606Jeffrin|Almost tera'd there :p\n|\n|t:|1699402672\n|move|p2a: Sprinkles|Shell Smash|p2a: Sprinkles\n|-unboost|p2a: Sprinkles|def|1\n|-unboost|p2a: Sprinkles|spd|1\n|-boost|p2a: Sprinkles|atk|2\n|-boost|p2a: Sprinkles|spa|2\n|-boost|p2a: Sprinkles|spe|2\n|-enditem|p2a: Sprinkles|White Herb\n|-clearnegativeboost|p2a: Sprinkles|[silent]\n|move|p1a: fried egg|Wish|p1a: fried egg\n|\n|upkeep\n|turn|23\n|\n|t:|1699402680\n|switch|p1a: Watermelon|Vileplume, F, shiny|54\/100\n|move|p2a: Sprinkles|Earthquake|p1a: Watermelon\n|-damage|p1a: Watermelon|29\/100\n|\n|-end|p2a: Sprinkles|move: Future Sight\n|-damage|p2a: Sprinkles|49\/100\n|-heal|p1a: Watermelon|84\/100|[from] move: Wish|[wisher] fried egg\n|-formechange|p2a: Sprinkles|Minior||[from] ability: Shields Down\n|upkeep\n|turn|24\n|c|\u2606HarmTurtle|oh dear\n|c|\u2606HarmTurtle|that was the worst possible outcome lol\n|\n|t:|1699402704\n|move|p2a: Sprinkles|Acrobatics|p1a: Watermelon\n|-supereffective|p1a: Watermelon\n|-damage|p1a: Watermelon|0 fnt\n|-damage|p2a: Sprinkles|32\/100|[from] item: Rocky Helmet|[of] p1a: Watermelon\n|faint|p1a: Watermelon\n|\n|upkeep\n|\n|t:|1699402711\n|switch|p1a: fried egg|Exeggutor, M, tera:Electric|80\/100\n|turn|25\n|\n|t:|1699402714\n|move|p2a: Sprinkles|Earthquake|p1a: fried egg\n|-supereffective|p1a: fried egg\n|-damage|p1a: fried egg|0 fnt\n|faint|p1a: fried egg\n|\n|upkeep\n|c|\u2606HarmTurtle|gg\n|-message|HarmTurtle forfeited.\n|\n|win|Jeffrin\n|c|\u2606Jeffrin|gg\n","uploadtime":1699402729,"views":4,"p1id":"harmturtle","p2id":"jeffrin","formatid":"gen9nationaldexubers","rating":0,"private":0,"password":""}