{"id":"gen9nationaldexubers-1988090639","p1":"hattorivt","p2":"Katkid0409","format":"[Gen 9] National Dex Ubers","log":"|j|\u2606hattorivt\n|j|\u2606Katkid0409\n|t:|1699668364\n|gametype|singles\n|player|p1|hattorivt|marnie-masters|\n|player|p2|Katkid0409|266|\n|teamsize|p1|6\n|teamsize|p2|6\n|gen|9\n|tier|[Gen 9] National Dex Ubers\n|rule|HP Percentage Mod: HP is shown in percentages\n|rule|Endless Battle Clause: Forcing endless battles is banned\n|rule|OHKO Clause: OHKO moves are banned\n|rule|Evasion Moves Clause: Evasion moves are banned\n|rule|Evasion Items Clause: Evasion items are banned\n|rule|Species Clause: Limit one of each Pok\u00e9mon\n|rule|Sleep Clause Mod: Limit one foe put to sleep\n|rule|Mega Rayquaza Clause: You cannot mega evolve Rayquaza\n|clearpoke\n|poke|p1|Iron Moth|\n|poke|p1|Mawile, M|\n|poke|p1|Regidrago|\n|poke|p1|Forretress, F|\n|poke|p1|Baxcalibur, F|\n|poke|p1|Hawlucha, M|\n|poke|p2|Scream Tail|\n|poke|p2|Tapu Bulu|\n|poke|p2|Glimmora, F|\n|poke|p2|Iron Jugulis|\n|poke|p2|Breloom, F|\n|poke|p2|Dragonite, M|\n|teampreview\n|inactive|Battle timer is ON: inactive players will automatically lose when time's up. (requested by hattorivt)\n|inactive|Katkid0409 also wants the timer to be on.\n|\n|t:|1699668380\n|start\n|switch|p1a: Forretress|Forretress, F|100\/100\n|switch|p2a: Glimmora|Glimmora, F|100\/100\n|turn|1\n|\n|t:|1699668389\n|move|p2a: Glimmora|Power Gem|p1a: Forretress\n|-damage|p1a: Forretress|35\/100\n|move|p1a: Forretress|Gyro Ball|p2a: Glimmora\n|-supereffective|p2a: Glimmora\n|-damage|p2a: Glimmora|29\/100\n|-activate|p2a: Glimmora|ability: Toxic Debris\n|-sidestart|p1: hattorivt|move: Toxic Spikes\n|\n|-heal|p1a: Forretress|41\/100|[from] item: Leftovers\n|upkeep\n|turn|2\n|\n|t:|1699668398\n|switch|p1a: Hawlucha|Hawlucha, M|100\/100\n|move|p2a: Glimmora|Power Gem|p1a: Hawlucha\n|-damage|p1a: Hawlucha|37\/100\n|\n|-heal|p1a: Hawlucha|43\/100|[from] item: Leftovers\n|upkeep\n|turn|3\n|\n|t:|1699668409\n|move|p1a: Hawlucha|Roost|p1a: Hawlucha\n|-heal|p1a: Hawlucha|93\/100\n|-singleturn|p1a: Hawlucha|move: Roost\n|move|p2a: Glimmora|Stealth Rock|p1a: Hawlucha\n|-sidestart|p1: hattorivt|move: Stealth Rock\n|\n|-heal|p1a: Hawlucha|99\/100|[from] item: Leftovers\n|upkeep\n|turn|4\n|\n|t:|1699668432\n|move|p1a: Hawlucha|Stone Edge|p2a: Glimmora\n|-damage|p2a: Glimmora|0 fnt\n|-activate|p2a: Glimmora|ability: Toxic Debris\n|-sidestart|p1: hattorivt|move: Toxic Spikes\n|faint|p2a: Glimmora\n|\n|-heal|p1a: Hawlucha|100\/100|[from] item: Leftovers\n|upkeep\n|\n|t:|1699668436\n|switch|p2a: Scream Tail|Scream Tail|100\/100\n|turn|5\n|\n|t:|1699668441\n|switch|p1a: Forretress|Forretress, F|41\/100\n|-damage|p1a: Forretress|29\/100|[from] Stealth Rock\n|move|p2a: Scream Tail|Thunder Wave|p1a: Forretress\n|-status|p1a: Forretress|par\n|\n|-heal|p1a: Forretress|35\/100 par|[from] item: Leftovers\n|upkeep\n|turn|6\n|\n|t:|1699668451\n|move|p2a: Scream Tail|Reflect|p2a: Scream Tail\n|-sidestart|p2: Katkid0409|Reflect\n|cant|p1a: Forretress|par\n|\n|-heal|p1a: Forretress|41\/100 par|[from] item: Leftovers\n|upkeep\n|turn|7\n|\n|t:|1699668458\n|move|p2a: Scream Tail|Light Screen|p2a: Scream Tail\n|-sidestart|p2: Katkid0409|move: Light Screen\n|move|p1a: Forretress|Rapid Spin|p2a: Scream Tail\n|-damage|p2a: Scream Tail|96\/100\n|-boost|p1a: Forretress|spe|1\n|-sideend|p1: hattorivt|Toxic Spikes|[from] move: Rapid Spin|[of] p1a: Forretress\n|-sideend|p1: hattorivt|Stealth Rock|[from] move: Rapid Spin|[of] p1a: Forretress\n|\n|-heal|p1a: Forretress|48\/100 par|[from] item: Leftovers\n|upkeep\n|turn|8\n|\n|t:|1699668478\n|-end|p2a: Scream Tail|Protosynthesis|[silent]\n|switch|p2a: Breloom|Breloom, F|100\/100\n|move|p1a: Forretress|Volt Switch|p2a: Breloom\n|-resisted|p2a: Breloom\n|-damage|p2a: Breloom|95\/100\n|inactive|hattorivt has 270 seconds left.\n|\n|t:|1699668506\n|switch|p1a: Iron Moth|Iron Moth|100\/100|[from] Volt Switch\n|\n|upkeep\n|turn|9\n|\n|t:|1699668529\n|switch|p2a: Iron Jugulis|Iron Jugulis|100\/100\n|move|p1a: Iron Moth|Sludge Wave|p2a: Iron Jugulis\n|-damage|p2a: Iron Jugulis|69\/100\n|\n|upkeep\n|turn|10\n|inactive|hattorivt has 270 seconds left.\n|\n|t:|1699668542\n|-end|p1a: Iron Moth|Quark Drive|[silent]\n|switch|p1a: Hawlucha|Hawlucha, M|100\/100\n|move|p2a: Iron Jugulis|Hurricane|p1a: Hawlucha|[miss]\n|-miss|p2a: Iron Jugulis|p1a: Hawlucha\n|\n|upkeep\n|turn|11\n|\n|t:|1699668554\n|move|p2a: Iron Jugulis|Hurricane|p1a: Hawlucha\n|-supereffective|p1a: Hawlucha\n|-damage|p1a: Hawlucha|0 fnt\n|faint|p1a: Hawlucha\n|\n|upkeep\n|\n|t:|1699668560\n|switch|p1a: Mawile|Mawile, M|100\/100\n|-ability|p1a: Mawile|Intimidate|boost\n|-unboost|p2a: Iron Jugulis|atk|1\n|turn|12\n|\n|t:|1699668574\n|-end|p2a: Iron Jugulis|Quark Drive|[silent]\n|switch|p2a: Tapu Bulu|Tapu Bulu|100\/100\n|-fieldstart|move: Grassy Terrain|[from] ability: Grassy Surge|[of] p2a: Tapu Bulu\n|detailschange|p1a: Mawile|Mawile-Mega, M\n|-mega|p1a: Mawile|Mawile|Mawilite\n|move|p1a: Mawile|Play Rough|p2a: Tapu Bulu\n|-damage|p2a: Tapu Bulu|65\/100\n|\n|-heal|p2a: Tapu Bulu|71\/100|[from] Grassy Terrain\n|-heal|p2a: Tapu Bulu|78\/100|[from] item: Leftovers\n|upkeep\n|turn|13\n|\n|t:|1699668582\n|move|p2a: Tapu Bulu|Swords Dance|p2a: Tapu Bulu\n|-boost|p2a: Tapu Bulu|atk|2\n|move|p1a: Mawile|Iron Head|p2a: Tapu Bulu\n|-supereffective|p2a: Tapu Bulu\n|-damage|p2a: Tapu Bulu|12\/100\n|\n|-heal|p2a: Tapu Bulu|19\/100|[from] Grassy Terrain\n|-heal|p2a: Tapu Bulu|25\/100|[from] item: Leftovers\n|-sideend|p2: Katkid0409|Reflect\n|upkeep\n|turn|14\n|inactive|Katkid0409 has 270 seconds left.\n|\n|t:|1699668615\n|switch|p1a: Forretress|Forretress, F|48\/100 par\n|move|p2a: Tapu Bulu|Superpower|p1a: Forretress\n|-damage|p1a: Forretress|11\/100 par\n|-unboost|p2a: Tapu Bulu|atk|1\n|-unboost|p2a: Tapu Bulu|def|1\n|\n|-heal|p2a: Tapu Bulu|31\/100|[from] Grassy Terrain\n|-heal|p2a: Tapu Bulu|37\/100|[from] item: Leftovers\n|-heal|p1a: Forretress|17\/100 par|[from] Grassy Terrain\n|-heal|p1a: Forretress|23\/100 par|[from] item: Leftovers\n|-sideend|p2: Katkid0409|move: Light Screen\n|upkeep\n|turn|15\n|\n|t:|1699668625\n|move|p2a: Tapu Bulu|Superpower|p1a: Forretress\n|-damage|p1a: Forretress|0 fnt\n|-unboost|p2a: Tapu Bulu|atk|1\n|-unboost|p2a: Tapu Bulu|def|1\n|faint|p1a: Forretress\n|\n|-heal|p2a: Tapu Bulu|44\/100|[from] Grassy Terrain\n|-heal|p2a: Tapu Bulu|50\/100|[from] item: Leftovers\n|upkeep\n|\n|t:|1699668631\n|switch|p1a: Iron Moth|Iron Moth|100\/100\n|turn|16\n|\n|t:|1699668637\n|move|p1a: Iron Moth|Sludge Wave|p2a: Tapu Bulu\n|-supereffective|p2a: Tapu Bulu\n|-damage|p2a: Tapu Bulu|0 fnt\n|faint|p2a: Tapu Bulu\n|\n|-fieldend|move: Grassy Terrain\n|upkeep\n|\n|t:|1699668641\n|switch|p2a: Scream Tail|Scream Tail|96\/100\n|turn|17\n|\n|t:|1699668646\n|move|p1a: Iron Moth|Sludge Wave|p2a: Scream Tail\n|-supereffective|p2a: Scream Tail\n|-damage|p2a: Scream Tail|21\/100\n|move|p2a: Scream Tail|Thunder Wave|p1a: Iron Moth\n|-status|p1a: Iron Moth|par\n|\n|upkeep\n|turn|18\n|\n|t:|1699668658\n|move|p2a: Scream Tail|Light Screen|p2a: Scream Tail\n|-sidestart|p2: Katkid0409|move: Light Screen\n|move|p1a: Iron Moth|Sludge Wave|p2a: Scream Tail\n|-supereffective|p2a: Scream Tail\n|-damage|p2a: Scream Tail|0 fnt\n|faint|p2a: Scream Tail\n|-end|p2a: Scream Tail|Protosynthesis|[silent]\n|\n|upkeep\n|\n|t:|1699668674\n|switch|p2a: Dragonite|Dragonite, M|100\/100\n|turn|19\n|\n|t:|1699668677\n|move|p1a: Iron Moth|Sludge Wave|p2a: Dragonite\n|-damage|p2a: Dragonite|88\/100\n|move|p2a: Dragonite|Dragon Dance|p2a: Dragonite\n|-boost|p2a: Dragonite|atk|1\n|-boost|p2a: Dragonite|spe|1\n|\n|upkeep\n|turn|20\n|\n|t:|1699668681\n|-end|p1a: Iron Moth|Quark Drive|[silent]\n|switch|p1a: Mawile|Mawile-Mega, M|100\/100\n|move|p2a: Dragonite|Dragon Dance|p2a: Dragonite\n|-boost|p2a: Dragonite|atk|1\n|-boost|p2a: Dragonite|spe|1\n|\n|upkeep\n|turn|21\n|\n|t:|1699668700\n|move|p1a: Mawile|Sucker Punch|p2a: Dragonite\n|-damage|p2a: Dragonite|41\/100\n|move|p2a: Dragonite|Earthquake|p1a: Mawile\n|-supereffective|p1a: Mawile\n|-damage|p1a: Mawile|0 fnt\n|faint|p1a: Mawile\n|\n|upkeep\n|\n|t:|1699668706\n|switch|p1a: Baxcalibur|Baxcalibur, F|100\/100\n|turn|22\n|\n|t:|1699668726\n|-terastallize|p2a: Dragonite|Normal\n|move|p2a: Dragonite|Roost|p2a: Dragonite\n|-heal|p2a: Dragonite|92\/100\n|move|p1a: Baxcalibur|Icicle Spear|p2a: Dragonite\n|-damage|p2a: Dragonite|74\/100\n|-damage|p2a: Dragonite|55\/100\n|-damage|p2a: Dragonite|38\/100\n|-damage|p2a: Dragonite|21\/100\n|-hitcount|p2a: Dragonite|4\n|\n|upkeep\n|turn|23\n|\n|t:|1699668741\n|move|p2a: Dragonite|Extreme Speed|p1a: Baxcalibur\n|-damage|p1a: Baxcalibur|3\/100\n|move|p1a: Baxcalibur|Icicle Spear|p2a: Dragonite\n|-damage|p2a: Dragonite|3\/100\n|-damage|p2a: Dragonite|0 fnt\n|faint|p2a: Dragonite\n|-hitcount|p2: Dragonite|2\n|\n|upkeep\n|\n|t:|1699668746\n|switch|p2a: Breloom|Breloom, F|95\/100\n|turn|24\n|\n|t:|1699668762\n|move|p1a: Baxcalibur|Ice Shard|p2a: Breloom\n|-supereffective|p2a: Breloom\n|-damage|p2a: Breloom|10\/100\n|move|p2a: Breloom|Mach Punch|p1a: Baxcalibur\n|-supereffective|p1a: Baxcalibur\n|-damage|p1a: Baxcalibur|0 fnt\n|faint|p1a: Baxcalibur\n|\n|upkeep\n|\n|t:|1699668767\n|switch|p1a: Regidrago|Regidrago|100\/100\n|turn|25\n|\n|t:|1699668772\n|-terastallize|p1a: Regidrago|Poison\n|move|p2a: Breloom|Mach Punch|p1a: Regidrago\n|-resisted|p1a: Regidrago\n|-damage|p1a: Regidrago|81\/100\n|move|p1a: Regidrago|Dragon Energy|p2a: Breloom\n|-damage|p2a: Breloom|0 fnt\n|faint|p2a: Breloom\n|\n|-sideend|p2: Katkid0409|move: Light Screen\n|upkeep\n|\n|t:|1699668778\n|switch|p2a: Iron Jugulis|Iron Jugulis|69\/100\n|turn|26\n|\n|t:|1699668780\n|move|p1a: Regidrago|Dragon Energy|p2a: Iron Jugulis\n|-damage|p2a: Iron Jugulis|0 fnt\n|faint|p2a: Iron Jugulis\n|-end|p2a: Iron Jugulis|Quark Drive|[silent]\n|\n|win|hattorivt\n|c|\u2606Katkid0409|Gg\n|c|\u2606hattorivt|gg\n|l|\u2606hattorivt\n|c|\u2606Katkid0409|You gonna submit the replays?\n","uploadtime":1699668784,"views":8,"p1id":"hattorivt","p2id":"katkid0409","formatid":"gen9nationaldexubers","rating":0,"private":0,"password":""}