{"id":"gen9nationaldexubers-1998412955","p1":"kingofgamezzz","p2":"therealplayerred","format":"[Gen 9] National Dex Ubers","log":"|j|\u2606kingofgamezzz\n|j|\u2606therealplayerred\n|t:|1700939505\n|gametype|singles\n|player|p1|kingofgamezzz|ninjaboy|\n|player|p2|therealplayerred|blue|\n|teamsize|p1|6\n|teamsize|p2|6\n|gen|9\n|tier|[Gen 9] National Dex Ubers\n|rule|HP Percentage Mod: HP is shown in percentages\n|rule|Endless Battle Clause: Forcing endless battles is banned\n|rule|OHKO Clause: OHKO moves are banned\n|rule|Evasion Moves Clause: Evasion moves are banned\n|rule|Evasion Items Clause: Evasion items are banned\n|rule|Species Clause: Limit one of each Pok\u00e9mon\n|rule|Sleep Clause Mod: Limit one foe put to sleep\n|rule|Mega Rayquaza Clause: You cannot mega evolve Rayquaza\n|clearpoke\n|poke|p1|Gyarados, M|\n|poke|p1|Toxapex, F|\n|poke|p1|Annihilape, M|\n|poke|p1|Typhlosion-Hisui, F|\n|poke|p1|Dragonite, M|\n|poke|p1|Empoleon, M|\n|poke|p2|Annihilape, M|\n|poke|p2|Gliscor, M|\n|poke|p2|Ursaluna-Bloodmoon, M|\n|poke|p2|Iron Valiant|\n|poke|p2|Dracovish|\n|poke|p2|Charizard, F|\n|teampreview\n|\n|t:|1700939525\n|start\n|switch|p1a: Dragon Sllayer|Toxapex, F, shiny|100\/100\n|switch|p2a: Charizard|Charizard, F, shiny|100\/100\n|turn|1\n|\n|t:|1700939546\n|detailschange|p2a: Charizard|Charizard-Mega-Y, F, shiny\n|-mega|p2a: Charizard|Charizard|Charizardite Y\n|-weather|SunnyDay|[from] ability: Drought|[of] p2a: Charizard\n|-terastallize|p1a: Dragon Sllayer|Fairy\n|move|p2a: Charizard|Scorching Sands|p1a: Dragon Sllayer\n|-damage|p1a: Dragon Sllayer|78\/100\n|move|p1a: Dragon Sllayer|Toxic Spikes|p2a: Charizard\n|-sidestart|p2: therealplayerred|move: Toxic Spikes\n|\n|-weather|SunnyDay|[upkeep]\n|-heal|p1a: Dragon Sllayer|85\/100|[from] item: Leftovers\n|upkeep\n|turn|2\n|\n|t:|1700939576\n|move|p2a: Charizard|Flamethrower|p1a: Dragon Sllayer\n|-damage|p1a: Dragon Sllayer|21\/100\n|move|p1a: Dragon Sllayer|Toxic Spikes|p2a: Charizard\n|-sidestart|p2: therealplayerred|move: Toxic Spikes\n|\n|-weather|SunnyDay|[upkeep]\n|-heal|p1a: Dragon Sllayer|27\/100|[from] item: Leftovers\n|upkeep\n|turn|3\n|\n|t:|1700939595\n|switch|p1a: King of the Sea|Empoleon, M, shiny|100\/100\n|move|p2a: Charizard|Scorching Sands|p1a: King of the Sea\n|-supereffective|p1a: King of the Sea\n|-damage|p1a: King of the Sea|52\/100\n|-status|p1a: King of the Sea|brn\n|\n|-weather|SunnyDay|[upkeep]\n|-heal|p1a: King of the Sea|59\/100 brn|[from] item: Leftovers\n|-damage|p1a: King of the Sea|52\/100 brn|[from] brn\n|upkeep\n|turn|4\n|\n|t:|1700939616\n|move|p2a: Charizard|Scorching Sands|p1a: King of the Sea\n|-supereffective|p1a: King of the Sea\n|-damage|p1a: King of the Sea|0 fnt\n|faint|p1a: King of the Sea\n|\n|-weather|SunnyDay|[upkeep]\n|upkeep\n|\n|t:|1700939631\n|switch|p1a: Souja boo Tell em|Dragonite, M, shiny|100\/100\n|turn|5\n|\n|t:|1700939651\n|move|p2a: Charizard|Air Slash|p1a: Souja boo Tell em\n|-damage|p1a: Souja boo Tell em|82\/100\n|cant|p1a: Souja boo Tell em|flinch\n|\n|-weather|none\n|upkeep\n|turn|6\n|\n|t:|1700939660\n|move|p2a: Charizard|Air Slash|p1a: Souja boo Tell em\n|-damage|p1a: Souja boo Tell em|41\/100\n|move|p1a: Souja boo Tell em|Dragon Tail|p2a: Charizard\n|-crit|p2a: Charizard\n|-damage|p2a: Charizard|34\/100\n|drag|p2a: Toxico|Gliscor, M, shiny|100\/100\n|\n|-status|p2a: Toxico|tox|[from] item: Toxic Orb\n|upkeep\n|turn|7\n|\n|t:|1700939680\n|move|p2a: Toxico|Gunk Shot|p1a: Souja boo Tell em\n|-damage|p1a: Souja boo Tell em|18\/100\n|-status|p1a: Souja boo Tell em|psn\n|move|p1a: Souja boo Tell em|Dragon Tail|p2a: Toxico\n|-damage|p2a: Toxico|73\/100 tox\n|drag|p2a: Charizard|Charizard-Mega-Y, F, shiny|34\/100\n|-weather|SunnyDay|[from] ability: Drought|[of] p2a: Charizard\n|\n|-weather|SunnyDay|[upkeep]\n|-damage|p1a: Souja boo Tell em|5\/100 psn|[from] psn\n|upkeep\n|turn|8\n|\n|t:|1700939693\n|switch|p2a: Demonape|Annihilape, M, shiny|100\/100\n|-status|p2a: Demonape|tox\n|move|p1a: Souja boo Tell em|Extreme Speed|p2a: Demonape\n|-immune|p2a: Demonape\n|\n|-weather|SunnyDay|[upkeep]\n|-damage|p2a: Demonape|94\/100 tox|[from] psn\n|-damage|p1a: Souja boo Tell em|0 fnt|[from] psn\n|faint|p1a: Souja boo Tell em\n|upkeep\n|\n|t:|1700939724\n|switch|p1a: SSJ of Legend|Annihilape, M, shiny|100\/100\n|turn|9\n|\n|t:|1700939733\n|-terastallize|p2a: Demonape|Fighting\n|move|p1a: SSJ of Legend|Rage Fist|p2a: Demonape\n|-damage|p2a: Demonape|70\/100 tox\n|move|p2a: Demonape|Rage Fist|p1a: SSJ of Legend\n|-supereffective|p1a: SSJ of Legend\n|-damage|p1a: SSJ of Legend|18\/100\n|\n|-weather|SunnyDay|[upkeep]\n|-damage|p2a: Demonape|58\/100 tox|[from] psn\n|upkeep\n|turn|10\n|\n|t:|1700939747\n|move|p1a: SSJ of Legend|Rest|p1a: SSJ of Legend\n|-status|p1a: SSJ of Legend|slp|[from] move: Rest\n|-heal|p1a: SSJ of Legend|100\/100 slp|[silent]\n|-enditem|p1a: SSJ of Legend|Chesto Berry|[eat]\n|-curestatus|p1a: SSJ of Legend|slp|[msg]\n|move|p2a: Demonape|Rest|p2a: Demonape\n|-status|p2a: Demonape|slp|[from] move: Rest\n|-heal|p2a: Demonape|100\/100 slp|[silent]\n|-enditem|p2a: Demonape|Chesto Berry|[eat]\n|-curestatus|p2a: Demonape|slp|[msg]\n|\n|-weather|SunnyDay|[upkeep]\n|upkeep\n|turn|11\n|\n|t:|1700939762\n|switch|p1a: Dragon Sllayer|Toxapex, F, shiny, tera:Fairy|61\/100\n|move|p2a: Demonape|Bulk Up|p2a: Demonape\n|-boost|p2a: Demonape|atk|1\n|-boost|p2a: Demonape|def|1\n|\n|-weather|none\n|-heal|p1a: Dragon Sllayer|67\/100|[from] item: Leftovers\n|upkeep\n|turn|12\n|\n|t:|1700939780\n|move|p2a: Demonape|Bulk Up|p2a: Demonape\n|-boost|p2a: Demonape|atk|1\n|-boost|p2a: Demonape|def|1\n|move|p1a: Dragon Sllayer|Ice Beam|p2a: Demonape\n|-damage|p2a: Demonape|90\/100\n|\n|-heal|p1a: Dragon Sllayer|73\/100|[from] item: Leftovers\n|upkeep\n|turn|13\n|\n|t:|1700939805\n|switch|p1a: Hawaiian Volano|Typhlosion-Hisui, F, shiny|100\/100\n|move|p2a: Demonape|Rage Fist|p1a: Hawaiian Volano\n|-supereffective|p1a: Hawaiian Volano\n|-damage|p1a: Hawaiian Volano|0 fnt\n|faint|p1a: Hawaiian Volano\n|\n|upkeep\n|\n|t:|1700939818\n|switch|p1a: Top G|Gyarados, M, shiny|100\/100\n|-ability|p1a: Top G|Intimidate|boost\n|-unboost|p2a: Demonape|atk|1\n|-ability|p2a: Demonape|Defiant|boost\n|-boost|p2a: Demonape|atk|2\n|turn|14\n|\n|t:|1700939829\n|detailschange|p1a: Top G|Gyarados-Mega, M, shiny\n|-mega|p1a: Top G|Gyarados|Gyaradosite\n|-ability|p1a: Top G|Mold Breaker\n|move|p2a: Demonape|Drain Punch|p1a: Top G\n|-supereffective|p1a: Top G\n|-damage|p1a: Top G|0 fnt\n|-heal|p2a: Demonape|100\/100|[from] drain|[of] p1a: Top G\n|faint|p1a: Top G\n|\n|upkeep\n|\n|t:|1700939846\n|switch|p1a: SSJ of Legend|Annihilape, M, shiny|100\/100\n|turn|15\n|\n|t:|1700939855\n|move|p2a: Demonape|Rage Fist|p1a: SSJ of Legend\n|-supereffective|p1a: SSJ of Legend\n|-damage|p1a: SSJ of Legend|0 fnt\n|faint|p1a: SSJ of Legend\n|\n|upkeep\n|\n|t:|1700939860\n|switch|p1a: Dragon Sllayer|Toxapex, F, shiny, tera:Fairy|100\/100\n|turn|16\n|\n|t:|1700939866\n|move|p2a: Demonape|Rage Fist|p1a: Dragon Sllayer\n|-damage|p1a: Dragon Sllayer|0 fnt\n|faint|p1a: Dragon Sllayer\n|\n|win|therealplayerred\n|l|\u2606kingofgamezzz\n","uploadtime":1700939875,"views":1,"p1id":"kingofgamezzz","p2id":"therealplayerred","formatid":"gen9nationaldexubers","rating":0,"private":0,"password":""}