{"id":"gen9nationaldexubers-1997915747","p1":"MafeIsMental","p2":"Save a Solar","format":"[Gen 9] National Dex Ubers","log":"|j|\u2606MafeIsMental\n|j|\u2606Save a Solar\n|t:|1700867038\n|gametype|singles\n|player|p1|MafeIsMental|rocketgruntf|1199\n|player|p2|Save a Solar|brassius|1330\n|teamsize|p1|6\n|teamsize|p2|6\n|gen|9\n|tier|[Gen 9] National Dex Ubers\n|rated|\n|rule|HP Percentage Mod: HP is shown in percentages\n|rule|Endless Battle Clause: Forcing endless battles is banned\n|rule|OHKO Clause: OHKO moves are banned\n|rule|Evasion Moves Clause: Evasion moves are banned\n|rule|Evasion Items Clause: Evasion items are banned\n|rule|Species Clause: Limit one of each Pok\u00e9mon\n|rule|Sleep Clause Mod: Limit one foe put to sleep\n|rule|Mega Rayquaza Clause: You cannot mega evolve Rayquaza\n|clearpoke\n|poke|p1|Annihilape, F|\n|poke|p1|Clodsire, F|\n|poke|p1|Grimmsnarl, M|\n|poke|p1|Dragapult, F|\n|poke|p1|Groudon|\n|poke|p1|Landorus, M|\n|poke|p2|Palkia-Origin|\n|poke|p2|Necrozma-Dusk-Mane|\n|poke|p2|Grimmsnarl, M|\n|poke|p2|Ditto|\n|poke|p2|Zygarde|\n|poke|p2|Deoxys-Speed|\n|teampreview\n|inactive|Battle timer is ON: inactive players will automatically lose when time's up. (requested by MafeIsMental)\n|inactive|Save a Solar has 120 seconds left.\n|\n|t:|1700867086\n|start\n|switch|p1a: Grimmsnarl|Grimmsnarl, M|100\/100\n|switch|p2a: BUT IT WAS I DEO!|Deoxys-Speed, shiny|100\/100\n|-ability|p2a: BUT IT WAS I DEO!|Pressure\n|turn|1\n|\n|t:|1700867095\n|move|p2a: BUT IT WAS I DEO!|Magic Coat|p2a: BUT IT WAS I DEO!\n|-singleturn|p2a: BUT IT WAS I DEO!|move: Magic Coat\n|move|p1a: Grimmsnarl|Taunt|p2a: BUT IT WAS I DEO!\n|move|p2a: BUT IT WAS I DEO!|Taunt|p1a: Grimmsnarl|[from]Magic Coat\n|-start|p1a: Grimmsnarl|move: Taunt\n|\n|upkeep\n|turn|2\n|\n|t:|1700867104\n|switch|p1a: Landorus|Landorus, M|100\/100\n|move|p2a: BUT IT WAS I DEO!|Stealth Rock|p1a: Landorus\n|-sidestart|p1: MafeIsMental|move: Stealth Rock\n|\n|upkeep\n|turn|3\n|\n|t:|1700867110\n|move|p2a: BUT IT WAS I DEO!|Spikes|p1a: Landorus\n|-sidestart|p1: MafeIsMental|Spikes\n|move|p1a: Landorus|Defog|p2a: BUT IT WAS I DEO!\n|-unboost|p2a: BUT IT WAS I DEO!|evasion|1\n|-sideend|p1: MafeIsMental|Spikes|[from] move: Defog|[of] p1a: Landorus\n|-sideend|p1: MafeIsMental|Stealth Rock|[from] move: Defog|[of] p1a: Landorus\n|\n|upkeep\n|turn|4\n|\n|t:|1700867122\n|move|p2a: BUT IT WAS I DEO!|Stealth Rock|p1a: Landorus\n|-sidestart|p1: MafeIsMental|move: Stealth Rock\n|move|p1a: Landorus|Earth Power|p2a: BUT IT WAS I DEO!\n|-damage|p2a: BUT IT WAS I DEO!|12\/100\n|\n|upkeep\n|turn|5\n|\n|t:|1700867139\n|move|p2a: BUT IT WAS I DEO!|Taunt|p1a: Landorus\n|-start|p1a: Landorus|move: Taunt\n|cant|p1a: Landorus|move: Taunt|Defog\n|\n|upkeep\n|turn|6\n|\n|t:|1700867153\n|switch|p1a: Grimmsnarl|Grimmsnarl, M|100\/100\n|-damage|p1a: Grimmsnarl|88\/100|[from] Stealth Rock\n|move|p2a: BUT IT WAS I DEO!|Spikes|p1a: Grimmsnarl\n|-sidestart|p1: MafeIsMental|Spikes\n|\n|upkeep\n|turn|7\n|inactive|Save a Solar has 120 seconds left.\n|\n|t:|1700867184\n|move|p1a: Grimmsnarl|Reflect|p1a: Grimmsnarl\n|-sidestart|p1: MafeIsMental|Reflect\n|move|p2a: BUT IT WAS I DEO!|Taunt|p1a: Grimmsnarl\n|-start|p1a: Grimmsnarl|move: Taunt\n|\n|upkeep\n|turn|8\n|\n|t:|1700867192\n|switch|p1a: Landorus|Landorus, M|100\/100\n|-damage|p1a: Landorus|88\/100|[from] Stealth Rock\n|move|p2a: BUT IT WAS I DEO!|Spikes|p1a: Landorus\n|-sidestart|p1: MafeIsMental|Spikes\n|\n|upkeep\n|turn|9\n|\n|t:|1700867203\n|move|p2a: BUT IT WAS I DEO!|Taunt|p1a: Landorus\n|-start|p1a: Landorus|move: Taunt\n|cant|p1a: Landorus|move: Taunt|Defog\n|\n|upkeep\n|turn|10\n|\n|t:|1700867209\n|switch|p1a: Grimmsnarl|Grimmsnarl, M|88\/100\n|-damage|p1a: Grimmsnarl|76\/100|[from] Stealth Rock\n|-damage|p1a: Grimmsnarl|59\/100|[from] Spikes\n|move|p2a: BUT IT WAS I DEO!|Spikes|p1a: Grimmsnarl\n|-sidestart|p1: MafeIsMental|Spikes\n|\n|upkeep\n|turn|11\n|\n|t:|1700867228\n|move|p1a: Grimmsnarl|Light Screen|p1a: Grimmsnarl\n|-sidestart|p1: MafeIsMental|move: Light Screen\n|move|p2a: BUT IT WAS I DEO!|Taunt|p1a: Grimmsnarl\n|-start|p1a: Grimmsnarl|move: Taunt\n|\n|upkeep\n|turn|12\n|\n|t:|1700867235\n|switch|p2a: HARRY|Grimmsnarl, M, shiny|100\/100\n|switch|p1a: Landorus|Landorus, M|88\/100\n|-damage|p1a: Landorus|76\/100|[from] Stealth Rock\n|\n|upkeep\n|turn|13\n|\n|t:|1700867244\n|move|p2a: HARRY|Taunt|p1a: Landorus\n|-start|p1a: Landorus|move: Taunt\n|cant|p1a: Landorus|move: Taunt|Defog\n|\n|upkeep\n|turn|14\n|\n|t:|1700867250\n|move|p2a: HARRY|Light Screen|p2a: HARRY\n|-sidestart|p2: Save a Solar|move: Light Screen\n|move|p1a: Landorus|Sludge Wave|p2a: HARRY\n|-supereffective|p2a: HARRY\n|-damage|p2a: HARRY|49\/100\n|\n|-sideend|p1: MafeIsMental|Reflect\n|upkeep\n|turn|15\n|\n|t:|1700867261\n|-terastallize|p2a: HARRY|Steel\n|move|p2a: HARRY|Reflect|p2a: HARRY\n|-sidestart|p2: Save a Solar|Reflect\n|move|p1a: Landorus|Sludge Wave|p2a: HARRY\n|-immune|p2a: HARRY\n|\n|-end|p1a: Landorus|move: Taunt\n|upkeep\n|turn|16\n|\n|t:|1700867269\n|move|p2a: HARRY|Taunt|p1a: Landorus\n|-start|p1a: Landorus|move: Taunt\n|move|p1a: Landorus|Earth Power|p2a: HARRY\n|-supereffective|p2a: HARRY\n|-damage|p2a: HARRY|0 fnt\n|faint|p2a: HARRY\n|\n|upkeep\n|\n|t:|1700867282\n|switch|p2a: #T3: CENTAUR|Palkia-Origin, shiny|100\/100\n|-ability|p2a: #T3: CENTAUR|Pressure\n|turn|17\n|\n|t:|1700867288\n|switch|p1a: MF LIZZ|Groudon, shiny|100\/100\n|-damage|p1a: MF LIZZ|94\/100|[from] Stealth Rock\n|-damage|p1a: MF LIZZ|69\/100|[from] Spikes\n|detailschange|p1a: MF LIZZ|Groudon-Primal, shiny\n|-primal|p1a: MF LIZZ|Red Orb\n|-weather|DesolateLand|[from] ability: Desolate Land|[of] p1a: MF LIZZ\n|move|p2a: #T3: CENTAUR|Hydro Pump||[still]\n|-fail|p2a: #T3: CENTAUR|Hydro Pump|[from] Desolate Land\n|\n|-weather|DesolateLand|[upkeep]\n|upkeep\n|turn|18\n|\n|t:|1700867299\n|move|p2a: #T3: CENTAUR|Spacial Rend|p1a: MF LIZZ\n|-damage|p1a: MF LIZZ|25\/100\n|move|p1a: MF LIZZ|Swords Dance|p1a: MF LIZZ\n|-boost|p1a: MF LIZZ|atk|2\n|\n|-weather|DesolateLand|[upkeep]\n|-sideend|p1: MafeIsMental|move: Light Screen\n|upkeep\n|turn|19\n|\n|t:|1700867304\n|move|p2a: #T3: CENTAUR|Spacial Rend|p1a: MF LIZZ\n|-damage|p1a: MF LIZZ|0 fnt\n|faint|p1a: MF LIZZ\n|-weather|none\n|\n|upkeep\n|\n|t:|1700867313\n|switch|p1a: Grimmsnarl|Grimmsnarl, M|59\/100\n|-damage|p1a: Grimmsnarl|47\/100|[from] Stealth Rock\n|-damage|p1a: Grimmsnarl|22\/100|[from] Spikes\n|turn|20\n|\n|t:|1700867320\n|move|p1a: Grimmsnarl|Light Screen|p1a: Grimmsnarl\n|-sidestart|p1: MafeIsMental|move: Light Screen\n|move|p2a: #T3: CENTAUR|Hydro Pump|p1a: Grimmsnarl\n|-damage|p1a: Grimmsnarl|0 fnt\n|faint|p1a: Grimmsnarl\n|\n|upkeep\n|\n|t:|1700867324\n|switch|p1a: Prowler|Annihilape, F|100\/100\n|-damage|p1a: Prowler|94\/100|[from] Stealth Rock\n|-damage|p1a: Prowler|69\/100|[from] Spikes\n|turn|21\n|\n|t:|1700867331\n|-terastallize|p1a: Prowler|Water\n|move|p2a: #T3: CENTAUR|Hydro Pump|p1a: Prowler\n|-resisted|p1a: Prowler\n|-damage|p1a: Prowler|56\/100\n|move|p1a: Prowler|Bulk Up|p1a: Prowler\n|-boost|p1a: Prowler|atk|1\n|-boost|p1a: Prowler|def|1\n|\n|-sideend|p2: Save a Solar|move: Light Screen\n|upkeep\n|turn|22\n|\n|t:|1700867339\n|move|p2a: #T3: CENTAUR|Thunder|p1a: Prowler\n|-supereffective|p1a: Prowler\n|-damage|p1a: Prowler|24\/100\n|move|p1a: Prowler|Bulk Up|p1a: Prowler\n|-boost|p1a: Prowler|atk|1\n|-boost|p1a: Prowler|def|1\n|\n|-sideend|p2: Save a Solar|Reflect\n|upkeep\n|turn|23\n|\n|t:|1700867346\n|move|p2a: #T3: CENTAUR|Thunder|p1a: Prowler\n|-supereffective|p1a: Prowler\n|-damage|p1a: Prowler|0 fnt\n|faint|p1a: Prowler\n|\n|upkeep\n|-message|MafeIsMental forfeited.\n|\n|win|Save a Solar\n|raw|MafeIsMental's rating: 1199 &rarr; <strong>1183<\/strong><br \/>(-16 for losing)\n|raw|Save a Solar's rating: 1330 &rarr; <strong>1343<\/strong><br \/>(+13 for winning)\n|l|\u2606MafeIsMental\n","uploadtime":1700867460,"views":1,"p1id":"mafeismental","p2id":"saveasolar","formatid":"gen9nationaldexubers","rating":1183,"private":0,"password":""}