{"id":"gen9nationaldexubers-1992768832","p1":"AufWiedersehen123","p2":"plasma13","format":"[Gen 9] National Dex Ubers","log":"|j|\u2606AufWiedersehen123\n|j|\u2606plasma13\n|t:|1700233787\n|gametype|singles\n|player|p1|AufWiedersehen123|265|\n|player|p2|plasma13|102|\n|teamsize|p1|6\n|teamsize|p2|6\n|gen|9\n|tier|[Gen 9] National Dex Ubers\n|rule|HP Percentage Mod: HP is shown in percentages\n|rule|Endless Battle Clause: Forcing endless battles is banned\n|rule|OHKO Clause: OHKO moves are banned\n|rule|Evasion Moves Clause: Evasion moves are banned\n|rule|Evasion Items Clause: Evasion items are banned\n|rule|Species Clause: Limit one of each Pok\u00e9mon\n|rule|Sleep Clause Mod: Limit one foe put to sleep\n|rule|Mega Rayquaza Clause: You cannot mega evolve Rayquaza\n|clearpoke\n|poke|p1|Pupitar, M|\n|poke|p1|Obstagoon, M|\n|poke|p1|Spectrier|\n|poke|p1|Gholdengo|\n|poke|p1|Corviknight, F|\n|poke|p1|Masquerain, M|\n|poke|p2|Cutiefly, M|\n|poke|p2|Maushold-Four|\n|poke|p2|Serperior, F|\n|poke|p2|Dracovish|\n|poke|p2|Pelipper, F|\n|poke|p2|Weavile, M|\n|teampreview\n|\n|t:|1700233806\n|start\n|switch|p1a: Spectrier|Spectrier|100\/100\n|switch|p2a: Cutiefly|Cutiefly, M|100\/100\n|turn|1\n|\n|t:|1700233841\n|move|p1a: Spectrier|Will-O-Wisp|p2a: Cutiefly\n|-status|p2a: Cutiefly|brn\n|move|p2a: Cutiefly|Sticky Web|p1a: Spectrier\n|-sidestart|p1: AufWiedersehen123|move: Sticky Web\n|\n|-damage|p2a: Cutiefly|94\/100 brn|[from] brn\n|upkeep\n|turn|2\n|\n|t:|1700233854\n|move|p1a: Spectrier|Agility|p1a: Spectrier\n|-boost|p1a: Spectrier|spe|2\n|move|p2a: Cutiefly|Tailwind|p2a: Cutiefly\n|-sidestart|p2: plasma13|move: Tailwind\n|\n|-damage|p2a: Cutiefly|88\/100 brn|[from] brn\n|upkeep\n|turn|3\n|\n|t:|1700233890\n|switch|p2a: Serperior|Serperior, F|100\/100\n|move|p1a: Spectrier|Hex|p2a: Serperior\n|-damage|p2a: Serperior|36\/100\n|-damage|p1a: Spectrier|91\/100|[from] item: Life Orb\n|\n|upkeep\n|turn|4\n|\n|t:|1700233902\n|move|p1a: Spectrier|Draining Kiss|p2a: Serperior\n|-damage|p2a: Serperior|3\/100\n|-heal|p1a: Spectrier|100\/100|[from] drain|[of] p2a: Serperior\n|-damage|p1a: Spectrier|91\/100|[from] item: Life Orb\n|move|p2a: Serperior|Leaf Storm|p1a: Spectrier|[miss]\n|-miss|p2a: Serperior|p1a: Spectrier\n|\n|upkeep\n|turn|5\n|\n|t:|1700233913\n|move|p1a: Spectrier|Hex|p2a: Serperior\n|-damage|p2a: Serperior|0 fnt\n|faint|p2a: Serperior\n|-ability|p1a: Spectrier|Grim Neigh|boost\n|-boost|p1a: Spectrier|spa|1\n|-damage|p1a: Spectrier|81\/100|[from] item: Life Orb\n|\n|-sideend|p2: plasma13|move: Tailwind\n|upkeep\n|\n|t:|1700233936\n|switch|p2a: Weavile|Weavile, M|100\/100\n|turn|6\n|\n|t:|1700233947\n|move|p1a: Spectrier|Draining Kiss|p2a: Weavile\n|-supereffective|p2a: Weavile\n|-damage|p2a: Weavile|0 fnt\n|-heal|p1a: Spectrier|100\/100|[from] drain|[of] p2a: Weavile\n|faint|p2a: Weavile\n|-ability|p1a: Spectrier|Grim Neigh|boost\n|-boost|p1a: Spectrier|spa|1\n|-damage|p1a: Spectrier|91\/100|[from] item: Life Orb\n|\n|upkeep\n|\n|t:|1700233963\n|switch|p2a: Pelipper|Pelipper, F|100\/100\n|-weather|RainDance|[from] ability: Drizzle|[of] p2a: Pelipper\n|turn|7\n|\n|t:|1700233983\n|move|p1a: Spectrier|Draining Kiss|p2a: Pelipper\n|-damage|p2a: Pelipper|23\/100\n|-heal|p1a: Spectrier|100\/100|[from] drain|[of] p2a: Pelipper\n|-damage|p1a: Spectrier|91\/100|[from] item: Life Orb\n|move|p2a: Pelipper|Hurricane|p1a: Spectrier\n|-damage|p1a: Spectrier|43\/100\n|\n|-weather|RainDance|[upkeep]\n|upkeep\n|turn|8\n|\n|t:|1700233995\n|move|p1a: Spectrier|Draining Kiss|p2a: Pelipper\n|-damage|p2a: Pelipper|0 fnt\n|-heal|p1a: Spectrier|59\/100|[from] drain|[of] p2a: Pelipper\n|faint|p2a: Pelipper\n|-ability|p1a: Spectrier|Grim Neigh|boost\n|-boost|p1a: Spectrier|spa|1\n|-damage|p1a: Spectrier|49\/100|[from] item: Life Orb\n|\n|-weather|RainDance|[upkeep]\n|upkeep\n|\n|t:|1700234008\n|switch|p2a: Cutiefly|Cutiefly, M|88\/100 brn\n|turn|9\n|\n|t:|1700234013\n|move|p1a: Spectrier|Draining Kiss|p2a: Cutiefly\n|-damage|p2a: Cutiefly|0 fnt\n|-heal|p1a: Spectrier|100\/100|[from] drain|[of] p2a: Cutiefly\n|faint|p2a: Cutiefly\n|-ability|p1a: Spectrier|Grim Neigh|boost\n|-boost|p1a: Spectrier|spa|1\n|-damage|p1a: Spectrier|91\/100|[from] item: Life Orb\n|\n|-weather|RainDance|[upkeep]\n|upkeep\n|\n|t:|1700234021\n|switch|p2a: Dracovish|Dracovish|100\/100\n|turn|10\n|\n|t:|1700234033\n|move|p1a: Spectrier|Draining Kiss|p2a: Dracovish\n|-supereffective|p2a: Dracovish\n|-damage|p2a: Dracovish|0 fnt\n|-heal|p1a: Spectrier|100\/100|[from] drain|[of] p2a: Dracovish\n|faint|p2a: Dracovish\n|-ability|p1a: Spectrier|Grim Neigh|boost\n|-boost|p1a: Spectrier|spa|1\n|-damage|p1a: Spectrier|91\/100|[from] item: Life Orb\n|\n|-weather|RainDance|[upkeep]\n|upkeep\n|\n|t:|1700234042\n|switch|p2a: Maushold|Maushold-Four|100\/100\n|turn|11\n|\n|t:|1700234052\n|-terastallize|p2a: Maushold|Normal\n|move|p1a: Spectrier|Draining Kiss|p2a: Maushold\n|-damage|p2a: Maushold|0 fnt\n|-heal|p1a: Spectrier|100\/100|[from] drain|[of] p2a: Maushold\n|faint|p2a: Maushold\n|-damage|p1a: Spectrier|91\/100|[from] item: Life Orb\n|\n|win|AufWiedersehen123\n|l|\u2606plasma13\n|j|\u2606plasma13\n|player|p2|plasma13|102\n","uploadtime":1700234102,"views":29,"p1id":"aufwiedersehen123","p2id":"plasma13","formatid":"gen9nationaldexubers","rating":0,"private":0,"password":""}