{"id":"gen9nationaldexubers-1991715916","p1":"dawniedawns","p2":"Ferret i guess","format":"[Gen 9] National Dex Ubers","log":"|j|\u2606dawniedawns\n|j|\u2606Ferret i guess\n|t:|1700106175\n|gametype|singles\n|player|p1|dawniedawns|falkner|\n|player|p2|Ferret i guess|psychicf|\n|teamsize|p1|6\n|teamsize|p2|6\n|gen|9\n|tier|[Gen 9] National Dex Ubers\n|rule|HP Percentage Mod: HP is shown in percentages\n|rule|Endless Battle Clause: Forcing endless battles is banned\n|rule|OHKO Clause: OHKO moves are banned\n|rule|Evasion Moves Clause: Evasion moves are banned\n|rule|Evasion Items Clause: Evasion items are banned\n|rule|Species Clause: Limit one of each Pok\u00e9mon\n|rule|Sleep Clause Mod: Limit one foe put to sleep\n|rule|Mega Rayquaza Clause: You cannot mega evolve Rayquaza\n|clearpoke\n|poke|p1|Ninetales-Alola, F|\n|poke|p1|Giratina-Origin|\n|poke|p1|Groudon|\n|poke|p1|Gardevoir, M|\n|poke|p1|Tyranitar, M|\n|poke|p1|Houndstone, F|\n|poke|p2|Ninetales-Alola, M|\n|poke|p2|Groudon|\n|poke|p2|Kyogre|\n|poke|p2|Iron Moth|\n|poke|p2|Necrozma-Dawn-Wings|\n|poke|p2|Kingambit, M|\n|teampreview\n|\n|t:|1700106183\n|start\n|switch|p1a: Celsius|Ninetales-Alola, F|100\/100\n|switch|p2a: Centigrade|Ninetales-Alola, M|100\/100\n|-weather|Snow|[from] ability: Snow Warning|[of] p1a: Celsius\n|turn|1\n|\n|t:|1700106194\n|move|p2a: Centigrade|Aurora Veil|p2a: Centigrade\n|-sidestart|p2: Ferret i guess|move: Aurora Veil\n|move|p1a: Celsius|Aurora Veil|p1a: Celsius\n|-sidestart|p1: dawniedawns|move: Aurora Veil\n|\n|-weather|Snow|[upkeep]\n|upkeep\n|turn|2\n|\n|t:|1700106211\n|move|p1a: Celsius|Dark Pulse|p2a: Centigrade\n|-resisted|p2a: Centigrade\n|-damage|p2a: Centigrade|94\/100\n|move|p2a: Centigrade|Moonblast|p1a: Celsius\n|-damage|p1a: Celsius|80\/100\n|\n|-weather|Snow|[upkeep]\n|upkeep\n|turn|3\n|\n|t:|1700106262\n|switch|p1a: grat|Giratina-Origin|100\/100\n|move|p2a: Centigrade|Blizzard|p1a: grat\n|-supereffective|p1a: grat\n|-damage|p1a: grat|73\/100\n|\n|-weather|Snow|[upkeep]\n|upkeep\n|turn|4\n|\n|t:|1700106274\n|move|p2a: Centigrade|Moonblast|p1a: grat\n|-supereffective|p1a: grat\n|-damage|p1a: grat|47\/100\n|move|p1a: grat|Outrage|p2a: Centigrade\n|-immune|p2a: Centigrade\n|\n|-weather|Snow|[upkeep]\n|upkeep\n|turn|5\n|\n|t:|1700106286\n|switch|p1a: grd|Groudon|100\/100\n|detailschange|p1a: grd|Groudon-Primal\n|-primal|p1a: grd|Red Orb\n|-weather|DesolateLand|[from] ability: Desolate Land|[of] p1a: grd\n|move|p2a: Centigrade|Blizzard|p1a: grd|[miss]\n|-miss|p2a: Centigrade|p1a: grd\n|\n|-weather|DesolateLand|[upkeep]\n|-sideend|p2: Ferret i guess|move: Aurora Veil\n|upkeep\n|turn|6\n|\n|t:|1700106296\n|switch|p2a: Mr Landman|Groudon|100\/100\n|detailschange|p2a: Mr Landman|Groudon-Primal\n|-primal|p2a: Mr Landman|Red Orb\n|move|p1a: grd|Eruption|p2a: Mr Landman\n|-resisted|p2a: Mr Landman\n|-damage|p2a: Mr Landman|37\/100\n|\n|-weather|DesolateLand|[upkeep]\n|upkeep\n|turn|7\n|\n|t:|1700106306\n|move|p1a: grd|Eruption|p2a: Mr Landman\n|-resisted|p2a: Mr Landman\n|-damage|p2a: Mr Landman|0 fnt\n|faint|p2a: Mr Landman\n|\n|-weather|DesolateLand|[upkeep]\n|upkeep\n|\n|t:|1700106312\n|switch|p2a: Oceanman|Kyogre, shiny|100\/100\n|detailschange|p2a: Oceanman|Kyogre-Primal, shiny\n|-primal|p2a: Oceanman|Blue Orb\n|-weather|PrimordialSea|[from] ability: Primordial Sea|[of] p2a: Oceanman\n|turn|8\n|\n|t:|1700106320\n|switch|p1a: Celsius|Ninetales-Alola, F|80\/100\n|-ability|p1a: Celsius|Snow Warning|[from] primordialsea|[fail]\n|move|p2a: Oceanman|Surf|p1a: Celsius\n|-damage|p1a: Celsius|20\/100\n|\n|-weather|PrimordialSea|[upkeep]\n|-sideend|p1: dawniedawns|move: Aurora Veil\n|upkeep\n|turn|9\n|\n|t:|1700106335\n|move|p1a: Celsius|Aurora Veil||[still]\n|-fail|p1a: Celsius\n|move|p2a: Oceanman|Thunder|p1a: Celsius\n|-damage|p1a: Celsius|0 fnt\n|faint|p1a: Celsius\n|\n|-weather|PrimordialSea|[upkeep]\n|upkeep\n|\n|t:|1700106343\n|switch|p1a: grd|Groudon-Primal|100\/100\n|-weather|DesolateLand|[from] ability: Desolate Land|[of] p1a: grd\n|turn|10\n|\n|t:|1700106350\n|switch|p2a: I like himb|Iron Moth|100\/100\n|-enditem|p2a: I like himb|Booster Energy\n|-activate|p2a: I like himb|ability: Quark Drive|[fromitem]\n|-start|p2a: I like himb|quarkdrivespa\n|move|p1a: grd|Solar Beam||[still]\n|-prepare|p1a: grd|Solar Beam\n|-anim|p1a: grd|Solar Beam|p2a: I like himb\n|-resisted|p2a: I like himb\n|-damage|p2a: I like himb|89\/100\n|\n|-weather|DesolateLand|[upkeep]\n|upkeep\n|turn|11\n|\n|t:|1700106393\n|-end|p2a: I like himb|Quark Drive|[silent]\n|switch|p2a: Centigrade|Ninetales-Alola, M|94\/100\n|move|p1a: grd|Earthquake|p2a: Centigrade\n|-damage|p2a: Centigrade|0 fnt\n|faint|p2a: Centigrade\n|\n|-weather|DesolateLand|[upkeep]\n|upkeep\n|\n|t:|1700106401\n|switch|p2a: Oceanman|Kyogre-Primal, shiny|100\/100\n|-weather|PrimordialSea|[from] ability: Primordial Sea|[of] p2a: Oceanman\n|turn|12\n|\n|t:|1700106410\n|move|p1a: grd|Solar Beam||[still]\n|-prepare|p1a: grd|Solar Beam\n|move|p2a: Oceanman|Surf|p1a: grd\n|-supereffective|p1a: grd\n|-damage|p1a: grd|0 fnt\n|faint|p1a: grd\n|\n|-weather|PrimordialSea|[upkeep]\n|upkeep\n|\n|t:|1700106418\n|switch|p1a: grat|Giratina-Origin|47\/100\n|turn|13\n|\n|t:|1700106428\n|move|p2a: Oceanman|Calm Mind|p2a: Oceanman\n|-boost|p2a: Oceanman|spa|1\n|-boost|p2a: Oceanman|spd|1\n|move|p1a: grat|Outrage|p2a: Oceanman\n|-damage|p2a: Oceanman|25\/100\n|\n|-weather|PrimordialSea|[upkeep]\n|upkeep\n|turn|14\n|\n|t:|1700106435\n|move|p2a: Oceanman|Surf|p1a: grat\n|-resisted|p1a: grat\n|-damage|p1a: grat|0 fnt\n|faint|p1a: grat\n|\n|-weather|PrimordialSea|[upkeep]\n|upkeep\n|\n|t:|1700106441\n|switch|p1a: ralt|Gardevoir, M|100\/100\n|turn|15\n|\n|t:|1700106446\n|move|p1a: ralt|Moonblast|p2a: Oceanman\n|-damage|p2a: Oceanman|7\/100\n|-unboost|p2a: Oceanman|spa|1\n|move|p2a: Oceanman|Surf|p1a: ralt\n|-damage|p1a: ralt|0 fnt\n|faint|p1a: ralt\n|\n|-weather|PrimordialSea|[upkeep]\n|upkeep\n|\n|t:|1700106454\n|switch|p1a: heheheha|Tyranitar, M|100\/100\n|-ability|p1a: heheheha|Sand Stream|[from] primordialsea|[fail]\n|turn|16\n|\n|t:|1700106463\n|move|p1a: heheheha|Ice Beam|p2a: Oceanman\n|-resisted|p2a: Oceanman\n|-damage|p2a: Oceanman|3\/100\n|-status|p2a: Oceanman|frz\n|cant|p2a: Oceanman|frz\n|\n|-weather|PrimordialSea|[upkeep]\n|upkeep\n|turn|17\n|\n|t:|1700106471\n|move|p1a: heheheha|Superpower|p2a: Oceanman\n|-damage|p2a: Oceanman|0 fnt\n|-unboost|p1a: heheheha|atk|1\n|-unboost|p1a: heheheha|def|1\n|faint|p2a: Oceanman\n|-weather|none\n|\n|upkeep\n|\n|t:|1700106478\n|switch|p2a: I like himb|Iron Moth|89\/100\n|turn|18\n|\n|t:|1700106485\n|switch|p1a: finality|Houndstone, F|100\/100\n|move|p2a: I like himb|Toxic Spikes|p1a: finality\n|-sidestart|p1: dawniedawns|move: Toxic Spikes\n|\n|upkeep\n|turn|19\n|\n|t:|1700106493\n|switch|p1a: heheheha|Tyranitar, M|100\/100\n|-status|p1a: heheheha|psn\n|-weather|Sandstorm|[from] ability: Sand Stream|[of] p1a: heheheha\n|move|p2a: I like himb|Toxic Spikes|p1a: heheheha\n|-sidestart|p1: dawniedawns|move: Toxic Spikes\n|\n|-weather|Sandstorm|[upkeep]\n|-damage|p2a: I like himb|83\/100|[from] Sandstorm\n|-damage|p1a: heheheha|88\/100 psn|[from] psn\n|upkeep\n|turn|20\n|\n|t:|1700106506\n|move|p2a: I like himb|Bug Buzz|p1a: heheheha\n|-supereffective|p1a: heheheha\n|-damage|p1a: heheheha|45\/100 psn\n|move|p1a: heheheha|Earthquake|p2a: I like himb\n|-supereffective|p2a: I like himb\n|-damage|p2a: I like himb|0 fnt\n|faint|p2a: I like himb\n|-end|p2a: I like himb|Quark Drive|[silent]\n|\n|-weather|Sandstorm|[upkeep]\n|-damage|p1a: heheheha|32\/100 psn|[from] psn\n|upkeep\n|\n|t:|1700106514\n|switch|p2a: Totem Ribombee|Necrozma-Dawn-Wings|100\/100\n|turn|21\n|\n|t:|1700106522\n|detailschange|p2a: Totem Ribombee|Necrozma-Ultra\n|-burst|p2a: Totem Ribombee|Necrozma|Ultranecrozium Z\n|move|p2a: Totem Ribombee|Calm Mind|p2a: Totem Ribombee\n|-boost|p2a: Totem Ribombee|spa|1\n|-boost|p2a: Totem Ribombee|spd|1\n|move|p1a: heheheha|Superpower|p2a: Totem Ribombee\n|-resisted|p2a: Totem Ribombee\n|-damage|p2a: Totem Ribombee|82\/100\n|-unboost|p1a: heheheha|atk|1\n|-unboost|p1a: heheheha|def|1\n|\n|-weather|Sandstorm|[upkeep]\n|-damage|p2a: Totem Ribombee|76\/100|[from] Sandstorm\n|-damage|p1a: heheheha|20\/100 psn|[from] psn\n|upkeep\n|turn|22\n|\n|t:|1700106535\n|switch|p1a: finality|Houndstone, F|100\/100\n|-status|p1a: finality|tox\n|move|p2a: Totem Ribombee|Calm Mind|p2a: Totem Ribombee\n|-boost|p2a: Totem Ribombee|spa|1\n|-boost|p2a: Totem Ribombee|spd|1\n|\n|-weather|Sandstorm|[upkeep]\n|-damage|p2a: Totem Ribombee|70\/100|[from] Sandstorm\n|-damage|p1a: finality|95\/100 tox|[from] psn\n|upkeep\n|turn|23\n|j| El!te 00f\n|\n|t:|1700106544\n|move|p1a: finality|Last Respects|p2a: Totem Ribombee\n|-supereffective|p2a: Totem Ribombee\n|-damage|p2a: Totem Ribombee|0 fnt\n|faint|p2a: Totem Ribombee\n|\n|-weather|none\n|-damage|p1a: finality|83\/100 tox|[from] psn\n|upkeep\n|l| El!te 00f\n|\n|t:|1700106551\n|switch|p2a: Oh i love chess|Kingambit, M|100\/100\n|-activate|p2a: Oh i love chess|ability: Supreme Overlord\n|-start|p2a: Oh i love chess|fallen5|[silent]\n|turn|24\n|\n|t:|1700106557\n|-terastallize|p2a: Oh i love chess|Flying\n|move|p1a: finality|Last Respects|p2a: Oh i love chess\n|-damage|p2a: Oh i love chess|0 fnt\n|faint|p2a: Oh i love chess\n|-end|p2a: Oh i love chess|fallen5|[silent]\n|\n|win|dawniedawns\n|l|\u2606Ferret i guess\n|l|\u2606dawniedawns\n|j|\u2606Ferret i guess\n|player|p2|Ferret i guess|psychicf\n","uploadtime":1700106623,"views":15,"p1id":"dawniedawns","p2id":"ferretiguess","formatid":"gen9nationaldexubers","rating":0,"private":0,"password":""}