{"id":"gen9nationaldexubers-1997406063","p1":"GrahamGengar","p2":"VerduOsane","format":"[Gen 9] National Dex Ubers","log":"|j|\u2606GrahamGengar\n|j|\u2606VerduOsane\n|t:|1700800162\n|gametype|singles\n|player|p1|GrahamGengar|silver|1373\n|player|p2|VerduOsane|265|1316\n|teamsize|p1|6\n|teamsize|p2|6\n|gen|9\n|tier|[Gen 9] National Dex Ubers\n|rated|\n|rule|HP Percentage Mod: HP is shown in percentages\n|rule|Endless Battle Clause: Forcing endless battles is banned\n|rule|OHKO Clause: OHKO moves are banned\n|rule|Evasion Moves Clause: Evasion moves are banned\n|rule|Evasion Items Clause: Evasion items are banned\n|rule|Species Clause: Limit one of each Pok\u00e9mon\n|rule|Sleep Clause Mod: Limit one foe put to sleep\n|rule|Mega Rayquaza Clause: You cannot mega evolve Rayquaza\n|clearpoke\n|poke|p1|Xerneas-*|\n|poke|p1|Nidoking, M|\n|poke|p1|Regieleki|\n|poke|p1|Kingambit, M|\n|poke|p1|Dragapult, F|\n|poke|p1|Charizard, M|\n|poke|p2|Weavile, F|\n|poke|p2|Sneasler, F|\n|poke|p2|Scizor, F|\n|poke|p2|Iron Thorns|\n|poke|p2|Gastrodon-East, M|\n|poke|p2|Iron Leaves|\n|teampreview\n|\n|t:|1700800173\n|start\n|switch|p1a: Xerneas|Xerneas|100\/100\n|switch|p2a: Weavile|Weavile, F|100\/100\n|-ability|p2a: Weavile|Pressure\n|-ability|p1a: Xerneas|Fairy Aura\n|turn|1\n|inactive|Battle timer is ON: inactive players will automatically lose when time's up. (requested by GrahamGengar)\n|\n|t:|1700800181\n|move|p2a: Weavile|Fake Out|p1a: Xerneas\n|-damage|p1a: Xerneas|89\/100\n|cant|p1a: Xerneas|flinch\n|\n|upkeep\n|turn|2\n|\n|t:|1700800184\n|move|p2a: Weavile|Knock Off|p1a: Xerneas\n|-resisted|p1a: Xerneas\n|-damage|p1a: Xerneas|66\/100\n|-enditem|p1a: Xerneas|Power Herb|[from] move: Knock Off|[of] p2a: Weavile\n|move|p1a: Xerneas|Geomancy||[still]\n|-prepare|p1a: Xerneas|Geomancy\n|\n|upkeep\n|turn|3\n|\n|t:|1700800190\n|switch|p2a: Scizor|Scizor, F|100\/100\n|move|p1a: Xerneas|Geomancy|p1a: Xerneas|[from]lockedmove\n|-boost|p1a: Xerneas|spa|2\n|-boost|p1a: Xerneas|spd|2\n|-boost|p1a: Xerneas|spe|2\n|\n|upkeep\n|turn|4\n|\n|t:|1700800197\n|switch|p1a: Charizard|Charizard, M|100\/100\n|detailschange|p2a: Scizor|Scizor-Mega, F\n|-mega|p2a: Scizor|Scizor|Scizorite\n|move|p2a: Scizor|Bullet Punch|p1a: Charizard\n|-resisted|p1a: Charizard\n|-damage|p1a: Charizard|72\/100\n|\n|upkeep\n|turn|5\n|\n|t:|1700800204\n|switch|p2a: Gastrodon|Gastrodon-East, M, shiny|100\/100\n|detailschange|p1a: Charizard|Charizard-Mega-Y, M\n|-mega|p1a: Charizard|Charizard|Charizardite Y\n|-weather|SunnyDay|[from] ability: Drought|[of] p1a: Charizard\n|move|p1a: Charizard|Solar Beam||[still]\n|-prepare|p1a: Charizard|Solar Beam\n|-anim|p1a: Charizard|Solar Beam|p2a: Gastrodon\n|-supereffective|p2a: Gastrodon\n|-damage|p2a: Gastrodon|0 fnt\n|faint|p2a: Gastrodon\n|\n|-weather|SunnyDay|[upkeep]\n|upkeep\n|c|\u2606VerduOsane|I\u2019m fucking stupid..\n|\n|t:|1700800216\n|switch|p2a: Iron Thorns|Iron Thorns|100\/100\n|turn|6\n|c|\u2606GrahamGengar|yea you are\n|\n|t:|1700800232\n|-terastallize|p2a: Iron Thorns|Bug\n|move|p1a: Charizard|Scorching Sands|p2a: Iron Thorns\n|-resisted|p2a: Iron Thorns\n|-damage|p2a: Iron Thorns|84\/100\n|move|p2a: Iron Thorns|Dragon Dance|p2a: Iron Thorns\n|-boost|p2a: Iron Thorns|atk|1\n|-boost|p2a: Iron Thorns|spe|1\n|\n|-weather|SunnyDay|[upkeep]\n|upkeep\n|turn|7\n|\n|t:|1700800240\n|move|p2a: Iron Thorns|Rock Blast|p1a: Charizard\n|-supereffective|p1a: Charizard\n|-damage|p1a: Charizard|0 fnt\n|faint|p1a: Charizard\n|-hitcount|p1: Charizard|1\n|\n|-weather|SunnyDay|[upkeep]\n|upkeep\n|\n|t:|1700800247\n|switch|p1a: Nidoking|Nidoking, M|100\/100\n|turn|8\n|\n|t:|1700800253\n|move|p1a: Nidoking|Flamethrower|p2a: Iron Thorns\n|-supereffective|p2a: Iron Thorns\n|-damage|p2a: Iron Thorns|0 fnt\n|faint|p2a: Iron Thorns\n|-end|p2a: Iron Thorns|Quark Drive|[silent]\n|\n|-weather|SunnyDay|[upkeep]\n|upkeep\n|c|\u2606VerduOsane|at least ik that\u2019s scarfed\n|c|\u2606GrahamGengar|and?\n|\n|t:|1700800272\n|switch|p2a: Weavile|Weavile, F|100\/100\n|-ability|p2a: Weavile|Pressure\n|turn|9\n|\n|t:|1700800276\n|move|p2a: Weavile|Fake Out|p1a: Nidoking\n|-damage|p1a: Nidoking|83\/100\n|cant|p1a: Nidoking|flinch\n|\n|-weather|none\n|upkeep\n|turn|10\n|\n|t:|1700800284\n|move|p1a: Nidoking|Flamethrower|p2a: Weavile\n|-supereffective|p2a: Weavile\n|-damage|p2a: Weavile|16\/100\n|move|p2a: Weavile|Ice Spinner|p1a: Nidoking\n|-supereffective|p1a: Nidoking\n|-damage|p1a: Nidoking|0 fnt\n|faint|p1a: Nidoking\n|\n|upkeep\n|\n|t:|1700800290\n|switch|p1a: Regieleki|Regieleki|100\/100\n|turn|11\n|\n|t:|1700800297\n|move|p2a: Weavile|Ice Shard|p1a: Regieleki\n|-damage|p1a: Regieleki|60\/100\n|move|p1a: Regieleki|Volt Switch|p2a: Weavile\n|-damage|p2a: Weavile|0 fnt\n|faint|p2a: Weavile\n|\n|t:|1700800306\n|switch|p1a: Kingambit|Kingambit, M|100\/100|[from] Volt Switch\n|-activate|p1a: Kingambit|ability: Supreme Overlord\n|-start|p1a: Kingambit|fallen2|[silent]\n|\n|upkeep\n|\n|t:|1700800310\n|switch|p2a: Sneasler|Sneasler, F, shiny|100\/100\n|turn|12\n|\n|t:|1700800317\n|-terastallize|p1a: Kingambit|Ghost\n|move|p2a: Sneasler|Swords Dance|p2a: Sneasler\n|-boost|p2a: Sneasler|atk|2\n|move|p1a: Kingambit|Iron Head|p2a: Sneasler\n|-damage|p2a: Sneasler|7\/100\n|\n|upkeep\n|turn|13\n|\n|t:|1700800325\n|move|p1a: Kingambit|Sucker Punch||[still]\n|-fail|p1a: Kingambit\n|move|p2a: Sneasler|Swords Dance|p2a: Sneasler\n|-boost|p2a: Sneasler|atk|2\n|\n|upkeep\n|turn|14\n|\n|t:|1700800331\n|move|p1a: Kingambit|Sucker Punch|p2a: Sneasler\n|-resisted|p2a: Sneasler\n|-crit|p2a: Sneasler\n|-damage|p2a: Sneasler|0 fnt\n|faint|p2a: Sneasler\n|\n|upkeep\n|\n|t:|1700800336\n|switch|p2a: Scizor|Scizor-Mega, F|100\/100\n|turn|15\n|\n|t:|1700800341\n|move|p1a: Kingambit|Sucker Punch|p2a: Scizor\n|-damage|p2a: Scizor|62\/100\n|move|p2a: Scizor|Pursuit|p1a: Kingambit\n|-supereffective|p1a: Kingambit\n|-damage|p1a: Kingambit|58\/100\n|\n|upkeep\n|turn|16\n|\n|t:|1700800347\n|move|p2a: Scizor|Swords Dance|p2a: Scizor\n|-boost|p2a: Scizor|atk|2\n|move|p1a: Kingambit|Kowtow Cleave|p2a: Scizor\n|-damage|p2a: Scizor|14\/100\n|\n|upkeep\n|turn|17\n|\n|t:|1700800352\n|move|p2a: Scizor|Bullet Punch|p1a: Kingambit\n|-damage|p1a: Kingambit|0 fnt\n|faint|p1a: Kingambit\n|-end|p1a: Kingambit|fallen2|[silent]\n|\n|upkeep\n|\n|t:|1700800365\n|switch|p1a: Dragapult|Dragapult, F|100\/100\n|turn|18\n|\n|t:|1700800377\n|move|p2a: Scizor|Bullet Punch|p1a: Dragapult\n|-crit|p1a: Dragapult\n|-enditem|p1a: Dragapult|Focus Sash\n|-damage|p1a: Dragapult|1\/100\n|-start|p2a: Scizor|Disable|Bullet Punch|[from] ability: Cursed Body|[of] p1a: Dragapult\n|move|p1a: Dragapult|Flamethrower|p2a: Scizor\n|-supereffective|p2a: Scizor\n|-damage|p2a: Scizor|0 fnt\n|faint|p2a: Scizor\n|\n|upkeep\n|\n|t:|1700800380\n|switch|p2a: Iron Leaves|Iron Leaves|100\/100\n|-enditem|p2a: Iron Leaves|Booster Energy\n|-activate|p2a: Iron Leaves|ability: Quark Drive|[fromitem]\n|-start|p2a: Iron Leaves|quarkdrivespe\n|turn|19\n|\n|t:|1700800389\n|move|p2a: Iron Leaves|Psyblade|p1a: Dragapult\n|-damage|p1a: Dragapult|0 fnt\n|-start|p2a: Iron Leaves|Disable|Psyblade|[from] ability: Cursed Body|[of] p1a: Dragapult\n|faint|p1a: Dragapult\n|\n|upkeep\n|\n|t:|1700800394\n|switch|p1a: Regieleki|Regieleki|60\/100\n|turn|20\n|\n|t:|1700800400\n|move|p1a: Regieleki|Tera Blast|p2a: Iron Leaves\n|-damage|p2a: Iron Leaves|77\/100\n|move|p2a: Iron Leaves|Leaf Blade|p1a: Regieleki\n|-damage|p1a: Regieleki|0 fnt\n|faint|p1a: Regieleki\n|\n|upkeep\n|\n|t:|1700800405\n|switch|p1a: Xerneas|Xerneas|66\/100\n|-ability|p1a: Xerneas|Fairy Aura\n|turn|21\n|\n|t:|1700800409\n|move|p2a: Iron Leaves|Leaf Blade|p1a: Xerneas\n|-damage|p1a: Xerneas|24\/100\n|move|p1a: Xerneas|Draining Kiss|p2a: Iron Leaves\n|-damage|p2a: Iron Leaves|43\/100\n|-heal|p1a: Xerneas|45\/100|[from] drain|[of] p2a: Iron Leaves\n|\n|upkeep\n|turn|22\n|\n|t:|1700800414\n|move|p2a: Iron Leaves|Leaf Blade|p1a: Xerneas\n|-damage|p1a: Xerneas|3\/100\n|move|p1a: Xerneas|Draining Kiss|p2a: Iron Leaves\n|-damage|p2a: Iron Leaves|9\/100\n|-heal|p1a: Xerneas|24\/100|[from] drain|[of] p2a: Iron Leaves\n|\n|-end|p2a: Iron Leaves|Disable\n|upkeep\n|turn|23\n|\n|t:|1700800418\n|move|p2a: Iron Leaves|Leaf Blade|p1a: Xerneas\n|-damage|p1a: Xerneas|0 fnt\n|faint|p1a: Xerneas\n|\n|win|VerduOsane\n|raw|GrahamGengar's rating: 1373 &rarr; <strong>1350<\/strong><br \/>(-23 for losing)\n|raw|VerduOsane's rating: 1316 &rarr; <strong>1339<\/strong><br \/>(+23 for winning)\n|c|\u2606GrahamGengar|gg\n|c|\u2606VerduOsane|gg\n|l|\u2606GrahamGengar\n","uploadtime":1700800430,"views":21,"p1id":"grahamgengar","p2id":"verduosane","formatid":"gen9nationaldexubers","rating":1339,"private":0,"password":""}