{"id":"gen9nationaldexubers-1979329477","p1":"Just B3A$T","p2":"ANinjaDude","format":"[Gen 9] National Dex Ubers","log":"|j|\u2606Just B3A$T\n|j|\u2606ANinjaDude\n|t:|1698671909\n|gametype|singles\n|player|p1|Just B3A$T|noland|\n|player|p2|ANinjaDude|volkner|\n|teamsize|p1|6\n|teamsize|p2|6\n|gen|9\n|tier|[Gen 9] National Dex Ubers\n|rule|HP Percentage Mod: HP is shown in percentages\n|rule|Endless Battle Clause: Forcing endless battles is banned\n|rule|OHKO Clause: OHKO moves are banned\n|rule|Evasion Moves Clause: Evasion moves are banned\n|rule|Evasion Items Clause: Evasion items are banned\n|rule|Species Clause: Limit one of each Pok\u00e9mon\n|rule|Sleep Clause Mod: Limit one foe put to sleep\n|rule|Mega Rayquaza Clause: You cannot mega evolve Rayquaza\n|clearpoke\n|poke|p1|Iron Valiant|\n|poke|p1|Gholdengo|\n|poke|p1|Sableye, M|\n|poke|p1|Conkeldurr, M|\n|poke|p1|Zapdos|\n|poke|p1|Toxapex, F|\n|poke|p2|Landorus-Therian, M|\n|poke|p2|Celesteela|\n|poke|p2|Thundurus-Therian, M|\n|poke|p2|Dragonite, M|\n|poke|p2|Rayquaza|\n|poke|p2|Scizor, F|\n|teampreview\n|inactive|Battle timer is ON: inactive players will automatically lose when time's up. (requested by ANinjaDude)\n|inactive|Just B3A$T also wants the timer to be on.\n|c|\u2606ANinjaDude|glhf\n|c|\u2606Just B3A$T|u2\n|\n|t:|1698671928\n|start\n|switch|p1a: bolt beak!!!|Zapdos|100\/100\n|switch|p2a: Landorus|Landorus-Therian, M|100\/100\n|-ability|p2a: Landorus|Intimidate|boost\n|-unboost|p1a: bolt beak!!!|atk|1\n|turn|1\n|\n|t:|1698671931\n|move|p2a: Landorus|Stealth Rock|p1a: bolt beak!!!\n|-sidestart|p1: Just B3A$T|move: Stealth Rock\n|move|p1a: bolt beak!!!|Hurricane|p2a: Landorus\n|-damage|p2a: Landorus|37\/100\n|\n|upkeep\n|turn|2\n|\n|t:|1698671937\n|move|p2a: Landorus|Explosion|p1a: bolt beak!!!\n|-damage|p1a: bolt beak!!!|6\/100\n|faint|p2a: Landorus\n|move|p1a: bolt beak!!!|Defog|p2: Landorus|[notarget]\n|-fail|p1a: bolt beak!!!\n|\n|upkeep\n|\n|t:|1698671946\n|switch|p2a: Rayquaza|Rayquaza|100\/100\n|-ability|p2a: Rayquaza|Air Lock\n|turn|3\n|c|\u2606Just B3A$T|should've expected the boom Lando\n|\n|t:|1698671953\n|switch|p1a: Fear|Sableye, M|100\/100\n|-damage|p1a: Fear|88\/100|[from] Stealth Rock\n|move|p2a: Rayquaza|Swords Dance|p2a: Rayquaza\n|-boost|p2a: Rayquaza|atk|2\n|\n|upkeep\n|turn|4\n|\n|t:|1698671959\n|switch|p2a: Thundurus|Thundurus-Therian, M|100\/100\n|move|p1a: Fear|Thunder Wave|p2a: Thundurus\n|-immune|p2a: Thundurus|[from] ability: Volt Absorb\n|\n|upkeep\n|turn|5\n|\n|t:|1698671964\n|switch|p1a: bolt beak!!!|Zapdos|6\/100\n|move|p2a: Thundurus|Substitute|p2a: Thundurus\n|-start|p2a: Thundurus|Substitute\n|-damage|p2a: Thundurus|76\/100\n|\n|upkeep\n|turn|6\n|\n|t:|1698671969\n|move|p2a: Thundurus|Thunderbolt|p1a: bolt beak!!!\n|-damage|p1a: bolt beak!!!|0 fnt\n|faint|p1a: bolt beak!!!\n|\n|upkeep\n|c|\u2606ANinjaDude|wanna see a magic trick?\n|\n|t:|1698671993\n|switch|p1a: Test Your Might!|Conkeldurr, M|100\/100\n|-damage|p1a: Test Your Might!|94\/100|[from] Stealth Rock\n|turn|7\n|\n|t:|1698671999\n|move|p2a: Thundurus|Nasty Plot|p2a: Thundurus\n|-boost|p2a: Thundurus|spa|2\n|move|p1a: Test Your Might!|Ice Punch|p2a: Thundurus\n|-supereffective|p2a: Thundurus\n|-end|p2a: Thundurus|Substitute\n|\n|upkeep\n|turn|8\n|c|\u2606Just B3A$T|uhh\n|\n|t:|1698672008\n|move|p2a: Thundurus|Thunderbolt|p1a: Test Your Might!\n|-damage|p1a: Test Your Might!|12\/100\n|move|p1a: Test Your Might!|Ice Punch|p2a: Thundurus\n|-supereffective|p2a: Thundurus\n|-damage|p2a: Thundurus|0 fnt\n|faint|p2a: Thundurus\n|\n|upkeep\n|c|\u2606ANinjaDude|huh\n|\n|t:|1698672013\n|switch|p2a: Rayquaza|Rayquaza|100\/100\n|-ability|p2a: Rayquaza|Air Lock\n|turn|9\n|c|\u2606Just B3A$T|tanky as hell\n|c|\u2606Just B3A$T|ig\n|c|\u2606ANinjaDude|intriguing\n|\n|t:|1698672027\n|move|p1a: Test Your Might!|Mach Punch|p2a: Rayquaza\n|-resisted|p2a: Rayquaza\n|-damage|p2a: Rayquaza|85\/100\n|move|p2a: Rayquaza|Scale Shot|p1a: Test Your Might!\n|-damage|p1a: Test Your Might!|0 fnt\n|faint|p1a: Test Your Might!\n|-hitcount|p1: Test Your Might!|1\n|-unboost|p2a: Rayquaza|def|1\n|-boost|p2a: Rayquaza|spe|1\n|\n|upkeep\n|\n|t:|1698672030\n|switch|p1a: Fear|Sableye, M|88\/100\n|-damage|p1a: Fear|76\/100|[from] Stealth Rock\n|turn|10\n|\n|t:|1698672035\n|move|p1a: Fear|Thunder Wave|p2a: Rayquaza\n|-status|p2a: Rayquaza|par\n|move|p2a: Rayquaza|Swords Dance|p2a: Rayquaza\n|-boost|p2a: Rayquaza|atk|2\n|\n|upkeep\n|turn|11\n|\n|t:|1698672038\n|detailschange|p1a: Fear|Sableye-Mega, M\n|-mega|p1a: Fear|Sableye|Sablenite\n|move|p2a: Rayquaza|Scale Shot|p1a: Fear\n|-damage|p1a: Fear|48\/100\n|-damage|p1a: Fear|22\/100\n|-damage|p1a: Fear|0 fnt\n|faint|p1a: Fear\n|-hitcount|p1: Fear|3\n|-unboost|p2a: Rayquaza|def|1\n|-boost|p2a: Rayquaza|spe|1\n|\n|upkeep\n|\n|t:|1698672046\n|switch|p1a: Iron Pride Icon|Iron Valiant, shiny|100\/100\n|-damage|p1a: Iron Pride Icon|94\/100|[from] Stealth Rock\n|-enditem|p1a: Iron Pride Icon|Booster Energy\n|-activate|p1a: Iron Pride Icon|ability: Quark Drive|[fromitem]\n|-start|p1a: Iron Pride Icon|quarkdrivespe\n|turn|12\n|\n|t:|1698672051\n|-terastallize|p2a: Rayquaza|Steel\n|move|p1a: Iron Pride Icon|Moonblast|p2a: Rayquaza\n|-resisted|p2a: Rayquaza\n|-damage|p2a: Rayquaza|62\/100 par\n|move|p2a: Rayquaza|Dragon Ascent|p1a: Iron Pride Icon\n|-supereffective|p1a: Iron Pride Icon\n|-damage|p1a: Iron Pride Icon|0 fnt\n|-unboost|p2a: Rayquaza|def|1\n|-unboost|p2a: Rayquaza|spd|1\n|faint|p1a: Iron Pride Icon\n|-end|p1a: Iron Pride Icon|Quark Drive|[silent]\n|\n|upkeep\n|c|\u2606Just B3A$T|Me when\n|c|\u2606Just B3A$T|fuck\n|c|\u2606ANinjaDude|lol\n|\n|t:|1698672064\n|switch|p1a: pest|Toxapex, F|100\/100\n|-damage|p1a: pest|88\/100|[from] Stealth Rock\n|turn|13\n|c|\u2606ANinjaDude|quaza dont fuck around\n|\n|t:|1698672072\n|move|p2a: Rayquaza|Earthquake|p1a: pest\n|-supereffective|p1a: pest\n|-damage|p1a: pest|0 fnt\n|faint|p1a: pest\n|\n|upkeep\n|\n|t:|1698672074\n|switch|p1a: Profit!|Gholdengo|100\/100\n|-damage|p1a: Profit!|94\/100|[from] Stealth Rock\n|-item|p1a: Profit!|Air Balloon\n|turn|14\n|\n|t:|1698672081\n|cant|p2a: Rayquaza|par\n|move|p1a: Profit!|Shadow Ball|p2a: Rayquaza\n|-damage|p2a: Rayquaza|0 fnt\n|faint|p2a: Rayquaza\n|\n|upkeep\n|c|\u2606Just B3A$T|true\n|\n|t:|1698672085\n|switch|p2a: Celesteela|Celesteela|100\/100\n|turn|15\n|c|\u2606Just B3A$T|Yo\n|\n|t:|1698672090\n|move|p2a: Celesteela|Meteor Beam||[still]\n|-prepare|p2a: Celesteela|Meteor Beam\n|-boost|p2a: Celesteela|spa|1\n|-enditem|p2a: Celesteela|Power Herb\n|-anim|p2a: Celesteela|Meteor Beam|p1a: Profit!\n|-resisted|p1a: Profit!\n|-damage|p1a: Profit!|68\/100\n|-enditem|p1a: Profit!|Air Balloon\n|move|p1a: Profit!|Nasty Plot|p1a: Profit!\n|-boost|p1a: Profit!|spa|2\n|\n|upkeep\n|turn|16\n|\n|t:|1698672098\n|move|p2a: Celesteela|Flash Cannon|p1a: Profit!\n|-resisted|p1a: Profit!\n|-damage|p1a: Profit!|39\/100\n|move|p1a: Profit!|Shadow Ball|p2a: Celesteela\n|-damage|p2a: Celesteela|2\/100\n|\n|upkeep\n|turn|17\n|\n|t:|1698672103\n|move|p2a: Celesteela|Flash Cannon|p1a: Profit!\n|-resisted|p1a: Profit!\n|-damage|p1a: Profit!|14\/100\n|move|p1a: Profit!|Recover|p1a: Profit!\n|-heal|p1a: Profit!|64\/100\n|\n|upkeep\n|turn|18\n|c|\u2606ANinjaDude|i lived bitch\n|\n|t:|1698672107\n|move|p2a: Celesteela|Flash Cannon|p1a: Profit!\n|-resisted|p1a: Profit!\n|-crit|p1a: Profit!\n|-damage|p1a: Profit!|24\/100\n|move|p1a: Profit!|Recover|p1a: Profit!\n|-heal|p1a: Profit!|74\/100\n|\n|upkeep\n|turn|19\n|\n|t:|1698672111\n|move|p2a: Celesteela|Flash Cannon|p1a: Profit!\n|-resisted|p1a: Profit!\n|-damage|p1a: Profit!|49\/100\n|move|p1a: Profit!|Recover|p1a: Profit!\n|-heal|p1a: Profit!|99\/100\n|\n|upkeep\n|turn|20\n|c|\u2606Just B3A$T|good for me\n|\n|t:|1698672120\n|move|p2a: Celesteela|Flash Cannon|p1a: Profit!\n|-resisted|p1a: Profit!\n|-damage|p1a: Profit!|71\/100\n|move|p1a: Profit!|Shadow Ball|p2a: Celesteela\n|-damage|p2a: Celesteela|0 fnt\n|faint|p2a: Celesteela\n|\n|upkeep\n|\n|t:|1698672124\n|switch|p2a: Scizor|Scizor, F|100\/100\n|turn|21\n|\n|t:|1698672129\n|detailschange|p2a: Scizor|Scizor-Mega, F\n|-mega|p2a: Scizor|Scizor|Scizorite\n|move|p2a: Scizor|Knock Off|p1a: Profit!\n|-supereffective|p1a: Profit!\n|-crit|p1a: Profit!\n|-damage|p1a: Profit!|0 fnt\n|faint|p1a: Profit!\n|\n|win|ANinjaDude\n|c|\u2606ANinjaDude|ggs\n|c|\u2606Just B3A$T|dangit\n|c|\u2606Just B3A$T|gg\n|c|\u2606ANinjaDude|idt crit mattered lol\n","uploadtime":1698672143,"views":11,"p1id":"justb3at","p2id":"aninjadude","formatid":"gen9nationaldexubers","rating":0,"private":0,"password":""}