{"id":"gen9nationaldexubers-1978294168","p1":"ibalistatitytwista","p2":"SNG Icyy","format":"[Gen 9] National Dex Ubers","log":"|j|\u2606ibalistatitytwista\n|j|\u2606SNG Icyy\n|t:|1698521871\n|gametype|singles\n|player|p1|ibalistatitytwista|alder|1128\n|player|p2|SNG Icyy|hugh|1000\n|teamsize|p1|6\n|teamsize|p2|6\n|gen|9\n|tier|[Gen 9] National Dex Ubers\n|rated|\n|rule|HP Percentage Mod: HP is shown in percentages\n|rule|Endless Battle Clause: Forcing endless battles is banned\n|rule|OHKO Clause: OHKO moves are banned\n|rule|Evasion Moves Clause: Evasion moves are banned\n|rule|Evasion Items Clause: Evasion items are banned\n|rule|Species Clause: Limit one of each Pok\u00e9mon\n|rule|Sleep Clause Mod: Limit one foe put to sleep\n|rule|Mega Rayquaza Clause: You cannot mega evolve Rayquaza\n|clearpoke\n|poke|p1|Blastoise, F|\n|poke|p1|Taillow, L1, F|\n|poke|p1|Groudon|\n|poke|p1|Yveltal|\n|poke|p1|Zygarde|\n|poke|p1|Ho-Oh|\n|poke|p2|Centiskorch, M|\n|poke|p2|Haxorus, M|\n|poke|p2|Azumarill, M|\n|poke|p2|Krookodile, M|\n|poke|p2|Dipplin, M|\n|poke|p2|Aurorus, M|\n|teampreview\n|inactive|Battle timer is ON: inactive players will automatically lose when time's up. (requested by ibalistatitytwista)\n|\n|t:|1698521882\n|start\n|switch|p1a: lil baby|Taillow, L1, F|100\/100\n|switch|p2a: Aurora|Aurorus, M, shiny|100\/100\n|-weather|Snow|[from] ability: Snow Warning|[of] p2a: Aurora\n|turn|1\n|\n|t:|1698521890\n|move|p2a: Aurora|Freeze-Dry|p1a: lil baby\n|-supereffective|p1a: lil baby\n|-enditem|p1a: lil baby|Focus Sash\n|-damage|p1a: lil baby|10\/100\n|move|p1a: lil baby|Endeavor|p2a: Aurora\n|-damage|p2a: Aurora|1\/100\n|\n|-weather|Snow|[upkeep]\n|upkeep\n|turn|2\n|\n|t:|1698521903\n|move|p1a: lil baby|Quick Attack|p2a: Aurora\n|-resisted|p2a: Aurora\n|-damage|p2a: Aurora|0 fnt\n|faint|p2a: Aurora\n|\n|-weather|Snow|[upkeep]\n|upkeep\n|\n|t:|1698521908\n|switch|p2a: Eggi|Azumarill, M|100\/100\n|turn|3\n|\n|t:|1698521915\n|move|p2a: Eggi|Aqua Jet|p1a: lil baby\n|-damage|p1a: lil baby|0 fnt\n|faint|p1a: lil baby\n|\n|-weather|Snow|[upkeep]\n|upkeep\n|\n|t:|1698521918\n|switch|p1a: Groudon|Groudon, shiny|100\/100\n|detailschange|p1a: Groudon|Groudon-Primal, shiny\n|-primal|p1a: Groudon|Red Orb\n|-weather|DesolateLand|[from] ability: Desolate Land|[of] p1a: Groudon\n|turn|4\n|\n|t:|1698521933\n|move|p1a: Groudon|Stealth Rock|p2a: Eggi\n|-sidestart|p2: SNG Icyy|move: Stealth Rock\n|move|p2a: Eggi|Liquidation||[still]\n|-fail|p2a: Eggi|Liquidation|[from] Desolate Land\n|\n|-weather|DesolateLand|[upkeep]\n|upkeep\n|turn|5\n|c|\u2606ibalistatitytwista|wow! unlucky miss\n|c|\u2606ibalistatitytwista|my bright powder really came in handy\n|\n|t:|1698521949\n|move|p1a: Groudon|Toxic|p2a: Eggi|[miss]\n|-miss|p1a: Groudon|p2a: Eggi\n|move|p2a: Eggi|Play Rough|p1a: Groudon\n|-resisted|p1a: Groudon\n|-damage|p1a: Groudon|86\/100\n|\n|-weather|DesolateLand|[upkeep]\n|upkeep\n|turn|6\n|c|\u2606SNG Icyy|I forgor\n|c|\u2606ibalistatitytwista|what did you forget\n|c|\u2606SNG Icyy|The sun\n|\n|t:|1698521975\n|move|p1a: Groudon|Toxic|p2a: Eggi\n|-status|p2a: Eggi|tox\n|move|p2a: Eggi|Play Rough|p1a: Groudon\n|-resisted|p1a: Groudon\n|-damage|p1a: Groudon|71\/100\n|\n|-weather|DesolateLand|[upkeep]\n|-damage|p2a: Eggi|94\/100 tox|[from] psn\n|upkeep\n|turn|7\n|c|\u2606ibalistatitytwista|what about it\n|\n|t:|1698521983\n|move|p1a: Groudon|Precipice Blades|p2a: Eggi\n|-damage|p2a: Eggi|18\/100 tox\n|move|p2a: Eggi|Play Rough|p1a: Groudon\n|-resisted|p1a: Groudon\n|-damage|p1a: Groudon|57\/100\n|\n|-weather|DesolateLand|[upkeep]\n|-heal|p2a: Eggi|24\/100 tox|[from] item: Leftovers\n|-damage|p2a: Eggi|12\/100 tox|[from] psn\n|upkeep\n|turn|8\n|\n|t:|1698521991\n|-weather|none\n|switch|p1a: Ho-Oh|Ho-Oh, shiny|100\/100\n|move|p2a: Eggi|Play Rough|p1a: Ho-Oh\n|-resisted|p1a: Ho-Oh\n|-damage|p1a: Ho-Oh|74\/100\n|\n|-heal|p2a: Eggi|18\/100 tox|[from] item: Leftovers\n|-damage|p2a: Eggi|0 fnt|[from] psn\n|faint|p2a: Eggi\n|upkeep\n|\n|t:|1698522006\n|switch|p2a: Axel|Haxorus, M, shiny|100\/100\n|-damage|p2a: Axel|88\/100|[from] Stealth Rock\n|-ability|p2a: Axel|Mold Breaker\n|turn|9\n|\n|t:|1698522012\n|move|p2a: Axel|Outrage|p1a: Ho-Oh\n|-damage|p1a: Ho-Oh|9\/100\n|move|p1a: Ho-Oh|Sacred Fire|p2a: Axel\n|-resisted|p2a: Axel\n|-damage|p2a: Axel|53\/100\n|-status|p2a: Axel|brn\n|\n|-damage|p2a: Axel|47\/100 brn|[from] brn\n|upkeep\n|turn|10\n|\n|t:|1698522020\n|switch|p1a: Groudon|Groudon-Primal, shiny|57\/100\n|-weather|DesolateLand|[from] ability: Desolate Land|[of] p1a: Groudon\n|move|p2a: Axel|Outrage|p1a: Groudon|[from]lockedmove\n|-damage|p1a: Groudon|41\/100\n|-start|p2a: Axel|confusion|[fatigue]\n|\n|-weather|DesolateLand|[upkeep]\n|-damage|p2a: Axel|41\/100 brn|[from] brn\n|upkeep\n|turn|11\n|\n|t:|1698522034\n|-activate|p2a: Axel|confusion\n|move|p2a: Axel|Close Combat|p1a: Groudon\n|-damage|p1a: Groudon|30\/100\n|-unboost|p2a: Axel|def|1\n|-unboost|p2a: Axel|spd|1\n|move|p1a: Groudon|Precipice Blades|p2a: Axel\n|-damage|p2a: Axel|0 fnt\n|faint|p2a: Axel\n|\n|-weather|DesolateLand|[upkeep]\n|upkeep\n|\n|t:|1698522045\n|switch|p2a: Croc|Krookodile, M|100\/100\n|-damage|p2a: Croc|94\/100|[from] Stealth Rock\n|turn|12\n|\n|t:|1698522050\n|-weather|none\n|switch|p1a: Yveltal|Yveltal, shiny|100\/100\n|-ability|p1a: Yveltal|Dark Aura\n|move|p2a: Croc|Earthquake|p1a: Yveltal\n|-immune|p1a: Yveltal\n|\n|upkeep\n|turn|13\n|\n|t:|1698522059\n|switch|p2a: Drip|Dipplin, M, shiny|100\/100\n|-damage|p2a: Drip|88\/100|[from] Stealth Rock\n|move|p1a: Yveltal|Toxic|p2a: Drip\n|-status|p2a: Drip|tox\n|\n|-damage|p2a: Drip|82\/100 tox|[from] psn\n|upkeep\n|turn|14\n|\n|t:|1698522069\n|move|p1a: Yveltal|Taunt|p2a: Drip\n|-start|p2a: Drip|move: Taunt\n|move|p2a: Drip|Dragon Pulse|p1a: Yveltal\n|-damage|p1a: Yveltal|70\/100\n|\n|-damage|p2a: Drip|70\/100 tox|[from] psn\n|upkeep\n|turn|15\n|c|\u2606SNG Icyy|This my ou team\n|\n|t:|1698522088\n|switch|p1a: gunna|Blastoise, F|100\/100\n|move|p2a: Drip|Dragon Pulse|p1a: gunna\n|-damage|p1a: gunna|55\/100\n|\n|-damage|p2a: Drip|52\/100 tox|[from] psn\n|upkeep\n|turn|16\n|c|\u2606ibalistatitytwista|oh do you want to do an ou battle after this\n|c|\u2606SNG Icyy|Bet\n|\n|t:|1698522099\n|detailschange|p1a: gunna|Blastoise-Mega, F\n|-mega|p1a: gunna|Blastoise|Blastoisinite\n|move|p1a: gunna|Ice Beam|p2a: Drip\n|-supereffective|p2a: Drip\n|-damage|p2a: Drip|0 fnt\n|faint|p2a: Drip\n|\n|upkeep\n|\n|t:|1698522111\n|switch|p2a: Flames|Centiskorch, M|100\/100\n|-damage|p2a: Flames|51\/100|[from] Stealth Rock\n|turn|17\n|\n|t:|1698522115\n|move|p1a: gunna|Shell Smash|p1a: gunna\n|-unboost|p1a: gunna|def|1\n|-unboost|p1a: gunna|spd|1\n|-boost|p1a: gunna|atk|2\n|-boost|p1a: gunna|spa|2\n|-boost|p1a: gunna|spe|2\n|move|p2a: Flames|Power Whip|p1a: gunna\n|-supereffective|p1a: gunna\n|-damage|p1a: gunna|0 fnt\n|faint|p1a: gunna\n|\n|upkeep\n|\n|t:|1698522120\n|switch|p1a: Zygarde|Zygarde|100\/100\n|turn|18\n|\n|t:|1698522126\n|move|p1a: Zygarde|Substitute|p1a: Zygarde\n|-start|p1a: Zygarde|Substitute\n|-damage|p1a: Zygarde|76\/100\n|move|p2a: Flames|Power Whip|p1a: Zygarde\n|-end|p1a: Zygarde|Substitute\n|\n|-heal|p1a: Zygarde|82\/100|[from] item: Leftovers\n|upkeep\n|turn|19\n|c|\u2606ibalistatitytwista|watch out !! i'm not very good at ou.\n|c|\u2606SNG Icyy|Me either lol\n|\n|t:|1698522148\n|move|p1a: Zygarde|Dragon Dance|p1a: Zygarde\n|-boost|p1a: Zygarde|atk|1\n|-boost|p1a: Zygarde|spe|1\n|move|p2a: Flames|Power Whip|p1a: Zygarde\n|-damage|p1a: Zygarde|50\/100\n|\n|-heal|p1a: Zygarde|56\/100|[from] item: Leftovers\n|upkeep\n|turn|20\n|c|\u2606ibalistatitytwista|no you are better than me\n|\n|t:|1698522163\n|-terastallize|p2a: Flames|Flying\n|move|p1a: Zygarde|Thousand Arrows|p2a: Flames\n|-damage|p2a: Flames|0 fnt\n|faint|p2a: Flames\n|\n|-heal|p1a: Zygarde|62\/100|[from] item: Leftovers\n|upkeep\n|\n|t:|1698522170\n|switch|p2a: Croc|Krookodile, M|94\/100\n|-damage|p2a: Croc|88\/100|[from] Stealth Rock\n|turn|21\n|\n|t:|1698522181\n|move|p1a: Zygarde|Thousand Arrows|p2a: Croc\n|-damage|p2a: Croc|12\/100\n|move|p2a: Croc|Lash Out|p1a: Zygarde\n|-damage|p1a: Zygarde|31\/100\n|\n|-heal|p1a: Zygarde|37\/100|[from] item: Leftovers\n|-activate|p1a: Zygarde|ability: Power Construct\n|detailschange|p1a: Zygarde|Zygarde-Complete\n|-heal|p1a: Zygarde|61\/100|[silent]\n|upkeep\n|turn|22\n|\n|t:|1698522192\n|move|p2a: Croc|Lash Out|p1a: Zygarde\n|-damage|p1a: Zygarde|45\/100\n|move|p1a: Zygarde|Thousand Arrows|p2a: Croc\n|-damage|p2a: Croc|0 fnt\n|faint|p2a: Croc\n|\n|win|ibalistatitytwista\n|raw|ibalistatitytwista's rating: 1128 &rarr; <strong>1144<\/strong><br \/>(+16 for winning)\n|raw|SNG Icyy's rating: 1000 &rarr; <strong>1000<\/strong><br \/>(+0 for losing)\n|c|\u2606SNG Icyy|Gg\n|c|\u2606ibalistatitytwista|wow !! good match !! gunna and lil baby really came in clutch ..\n","uploadtime":1698522205,"views":30,"p1id":"ibalistatitytwista","p2id":"sngicyy","formatid":"gen9nationaldexubers","rating":1000,"private":0,"password":""}