{"id":"gen9nationaldexubers-1984476682","p1":"priestmajor","p2":"mega qy","format":"[Gen 9] National Dex Ubers","log":"|j|\u2606priestmajor\n|j|\u2606mega qy\n|t:|1699269799\n|gametype|singles\n|player|p1|priestmajor|266|1654\n|player|p2|mega qy|lusamine-nihilego|1776\n|teamsize|p1|6\n|teamsize|p2|6\n|gen|9\n|tier|[Gen 9] National Dex Ubers\n|rated|\n|rule|HP Percentage Mod: HP is shown in percentages\n|rule|Endless Battle Clause: Forcing endless battles is banned\n|rule|OHKO Clause: OHKO moves are banned\n|rule|Evasion Moves Clause: Evasion moves are banned\n|rule|Evasion Items Clause: Evasion items are banned\n|rule|Species Clause: Limit one of each Pok\u00e9mon\n|rule|Sleep Clause Mod: Limit one foe put to sleep\n|rule|Mega Rayquaza Clause: You cannot mega evolve Rayquaza\n|clearpoke\n|poke|p1|Groudon|\n|poke|p1|Ho-Oh|\n|poke|p1|Zygarde|\n|poke|p1|Arceus-Ground|\n|poke|p1|Yveltal|\n|poke|p1|Eternatus|\n|poke|p2|Hatterene, F|\n|poke|p2|Calyrex-Ice|\n|poke|p2|Arceus|\n|poke|p2|Cresselia, F|\n|poke|p2|Melmetal|\n|poke|p2|Groudon|\n|teampreview\n|\n|t:|1699269805\n|start\n|switch|p1a: Yveltal|Yveltal|100\/100\n|switch|p2a: \u9752\u6625\u97f3\u7bb1\u87c0\u4e0d\u4f1a\u68a6\u89c1\u9b54\u5973\u5b66\u59d0|Hatterene, F, shiny|100\/100\n|-ability|p1a: Yveltal|Dark Aura\n|turn|1\n|inactive|Battle timer is ON: inactive players will automatically lose when time's up. (requested by mega qy)\n|\n|t:|1699269809\n|move|p1a: Yveltal|Knock Off|p2a: \u9752\u6625\u97f3\u7bb1\u87c0\u4e0d\u4f1a\u68a6\u89c1\u9b54\u5973\u5b66\u59d0\n|-damage|p2a: \u9752\u6625\u97f3\u7bb1\u87c0\u4e0d\u4f1a\u68a6\u89c1\u9b54\u5973\u5b66\u59d0|34\/100\n|-enditem|p2a: \u9752\u6625\u97f3\u7bb1\u87c0\u4e0d\u4f1a\u68a6\u89c1\u9b54\u5973\u5b66\u59d0|Focus Sash|[from] move: Knock Off|[of] p1a: Yveltal\n|move|p2a: \u9752\u6625\u97f3\u7bb1\u87c0\u4e0d\u4f1a\u68a6\u89c1\u9b54\u5973\u5b66\u59d0|Trick Room|p2a: \u9752\u6625\u97f3\u7bb1\u87c0\u4e0d\u4f1a\u68a6\u89c1\u9b54\u5973\u5b66\u59d0\n|-fieldstart|move: Trick Room|[of] p2a: \u9752\u6625\u97f3\u7bb1\u87c0\u4e0d\u4f1a\u68a6\u89c1\u9b54\u5973\u5b66\u59d0\n|\n|upkeep\n|turn|2\n|\n|t:|1699269815\n|switch|p1a: Ho-Oh|Ho-Oh|100\/100\n|move|p2a: \u9752\u6625\u97f3\u7bb1\u87c0\u4e0d\u4f1a\u68a6\u89c1\u9b54\u5973\u5b66\u59d0|Misty Explosion|p1a: Ho-Oh\n|-resisted|p1a: Ho-Oh\n|-crit|p1a: Ho-Oh\n|-damage|p1a: Ho-Oh|75\/100\n|faint|p2a: \u9752\u6625\u97f3\u7bb1\u87c0\u4e0d\u4f1a\u68a6\u89c1\u9b54\u5973\u5b66\u59d0\n|\n|upkeep\n|\n|t:|1699269819\n|switch|p2a: \u6211\u8981\u51b0\u5c01\u8fd9\u4e2a\u4e16\u754c|Calyrex-Ice|100\/100\n|-ability|p2a: \u6211\u8981\u51b0\u5c01\u8fd9\u4e2a\u4e16\u754c|As One\n|-ability|p2a: \u6211\u8981\u51b0\u5c01\u8fd9\u4e2a\u4e16\u754c|Unnerve\n|turn|3\n|\n|t:|1699269831\n|-terastallize|p2a: \u6211\u8981\u51b0\u5c01\u8fd9\u4e2a\u4e16\u754c|Ice\n|move|p2a: \u6211\u8981\u51b0\u5c01\u8fd9\u4e2a\u4e16\u754c|Glacial Lance|p1a: Ho-Oh\n|-damage|p1a: Ho-Oh|0 fnt\n|faint|p1a: Ho-Oh\n|-ability|p2a: \u6211\u8981\u51b0\u5c01\u8fd9\u4e2a\u4e16\u754c|Chilling Neigh|boost\n|-boost|p2a: \u6211\u8981\u51b0\u5c01\u8fd9\u4e2a\u4e16\u754c|atk|1\n|\n|upkeep\n|\n|t:|1699269834\n|switch|p1a: Zygarde|Zygarde|100\/100\n|turn|4\n|\n|t:|1699269840\n|-terastallize|p1a: Zygarde|Water\n|move|p2a: \u6211\u8981\u51b0\u5c01\u8fd9\u4e2a\u4e16\u754c|Glacial Lance|p1a: Zygarde\n|-resisted|p1a: Zygarde\n|-damage|p1a: Zygarde|38\/100\n|move|p1a: Zygarde|Coil|p1a: Zygarde\n|-boost|p1a: Zygarde|atk|1\n|-boost|p1a: Zygarde|def|1\n|-boost|p1a: Zygarde|accuracy|1\n|\n|-heal|p1a: Zygarde|44\/100|[from] item: Leftovers\n|-activate|p1a: Zygarde|ability: Power Construct\n|detailschange|p1a: Zygarde|Zygarde-Complete, tera:Water\n|-heal|p1a: Zygarde|63\/100|[silent]\n|upkeep\n|turn|5\n|\n|t:|1699269850\n|move|p2a: \u6211\u8981\u51b0\u5c01\u8fd9\u4e2a\u4e16\u754c|Glacial Lance|p1a: Zygarde\n|-resisted|p1a: Zygarde\n|-damage|p1a: Zygarde|35\/100\n|move|p1a: Zygarde|Coil|p1a: Zygarde\n|-boost|p1a: Zygarde|atk|1\n|-boost|p1a: Zygarde|def|1\n|-boost|p1a: Zygarde|accuracy|1\n|\n|-heal|p1a: Zygarde|41\/100|[from] item: Leftovers\n|-fieldend|move: Trick Room\n|upkeep\n|turn|6\n|\n|t:|1699269862\n|switch|p2a: \u6700\u5f3a\u6218\u795e\u5b99\u65af|Arceus|100\/100\n|move|p1a: Zygarde|Thousand Arrows|p2a: \u6700\u5f3a\u6218\u795e\u5b99\u65af\n|-damage|p2a: \u6700\u5f3a\u6218\u795e\u5b99\u65af|72\/100\n|\n|-heal|p1a: Zygarde|48\/100|[from] item: Leftovers\n|upkeep\n|turn|7\n|\n|t:|1699269870\n|move|p1a: Zygarde|Coil|p1a: Zygarde\n|-boost|p1a: Zygarde|atk|1\n|-boost|p1a: Zygarde|def|1\n|-boost|p1a: Zygarde|accuracy|1\n|move|p2a: \u6700\u5f3a\u6218\u795e\u5b99\u65af|Trick Room|p2a: \u6700\u5f3a\u6218\u795e\u5b99\u65af\n|-fieldstart|move: Trick Room|[of] p2a: \u6700\u5f3a\u6218\u795e\u5b99\u65af\n|\n|-heal|p1a: Zygarde|54\/100|[from] item: Leftovers\n|upkeep\n|turn|8\n|\n|t:|1699269876\n|move|p1a: Zygarde|Coil|p1a: Zygarde\n|-boost|p1a: Zygarde|atk|1\n|-boost|p1a: Zygarde|def|1\n|-boost|p1a: Zygarde|accuracy|1\n|move|p2a: \u6700\u5f3a\u6218\u795e\u5b99\u65af|Roar|p1a: Zygarde\n|drag|p1a: Yveltal|Yveltal|100\/100\n|-ability|p1a: Yveltal|Dark Aura\n|\n|upkeep\n|turn|9\n|\n|t:|1699269890\n|switch|p2a: \u5c0f\u667a\u51a0\u519b\u5927\u9171|Melmetal|100\/100\n|switch|p1a: Zygarde|Zygarde-Complete, tera:Water|54\/100\n|\n|-heal|p1a: Zygarde|60\/100|[from] item: Leftovers\n|upkeep\n|turn|10\n|\n|t:|1699269911\n|switch|p1a: Groudon|Groudon|100\/100\n|detailschange|p1a: Groudon|Groudon-Primal\n|-primal|p1a: Groudon|Red Orb\n|-weather|DesolateLand|[from] ability: Desolate Land|[of] p1a: Groudon\n|move|p2a: \u5c0f\u667a\u51a0\u519b\u5927\u9171|Thunder Punch|p1a: Groudon\n|-immune|p1a: Groudon\n|\n|-weather|DesolateLand|[upkeep]\n|upkeep\n|turn|11\n|\n|t:|1699269920\n|switch|p2a: \u4eca\u665a\u505a\u4e2a\u597d\u68a6\u5427|Cresselia, F|100\/100\n|move|p1a: Groudon|Stealth Rock|p2a: \u4eca\u665a\u505a\u4e2a\u597d\u68a6\u5427\n|-sidestart|p2: mega qy|move: Stealth Rock\n|\n|-weather|DesolateLand|[upkeep]\n|-fieldend|move: Trick Room\n|upkeep\n|turn|12\n|\n|t:|1699269924\n|move|p1a: Groudon|Rock Tomb|p2a: \u4eca\u665a\u505a\u4e2a\u597d\u68a6\u5427\n|-damage|p2a: \u4eca\u665a\u505a\u4e2a\u597d\u68a6\u5427|83\/100\n|-unboost|p2a: \u4eca\u665a\u505a\u4e2a\u597d\u68a6\u5427|spe|1\n|move|p2a: \u4eca\u665a\u505a\u4e2a\u597d\u68a6\u5427|Trick Room|p2a: \u4eca\u665a\u505a\u4e2a\u597d\u68a6\u5427\n|-fieldstart|move: Trick Room|[of] p2a: \u4eca\u665a\u505a\u4e2a\u597d\u68a6\u5427\n|\n|-weather|DesolateLand|[upkeep]\n|upkeep\n|turn|13\n|\n|t:|1699269932\n|switch|p2a: \u6211\u8981\u51b0\u5c01\u8fd9\u4e2a\u4e16\u754c|Calyrex-Ice, tera:Ice|100\/100\n|-ability|p2a: \u6211\u8981\u51b0\u5c01\u8fd9\u4e2a\u4e16\u754c|As One\n|-ability|p2a: \u6211\u8981\u51b0\u5c01\u8fd9\u4e2a\u4e16\u754c|Unnerve\n|-damage|p2a: \u6211\u8981\u51b0\u5c01\u8fd9\u4e2a\u4e16\u754c|76\/100|[from] Stealth Rock\n|-weather|none\n|switch|p1a: Zygarde|Zygarde-Complete, tera:Water|60\/100\n|\n|-heal|p1a: Zygarde|66\/100|[from] item: Leftovers\n|upkeep\n|turn|14\n|\n|t:|1699269955\n|move|p2a: \u6211\u8981\u51b0\u5c01\u8fd9\u4e2a\u4e16\u754c|Glacial Lance|p1a: Zygarde\n|-resisted|p1a: Zygarde\n|-damage|p1a: Zygarde|40\/100\n|move|p1a: Zygarde|Coil|p1a: Zygarde\n|-boost|p1a: Zygarde|atk|1\n|-boost|p1a: Zygarde|def|1\n|-boost|p1a: Zygarde|accuracy|1\n|\n|-heal|p1a: Zygarde|46\/100|[from] item: Leftovers\n|upkeep\n|turn|15\n|\n|t:|1699269969\n|switch|p2a: \u5c0f\u667a\u51a0\u519b\u5927\u9171|Melmetal|100\/100\n|-damage|p2a: \u5c0f\u667a\u51a0\u519b\u5927\u9171|94\/100|[from] Stealth Rock\n|move|p1a: Zygarde|Rest|p1a: Zygarde\n|-status|p1a: Zygarde|slp|[from] move: Rest\n|-heal|p1a: Zygarde|100\/100 slp|[silent]\n|\n|upkeep\n|turn|16\n|\n|t:|1699269980\n|move|p2a: \u5c0f\u667a\u51a0\u519b\u5927\u9171|Earthquake|p1a: Zygarde\n|-damage|p1a: Zygarde|86\/100 slp\n|cant|p1a: Zygarde|slp\n|\n|-heal|p1a: Zygarde|93\/100 slp|[from] item: Leftovers\n|-fieldend|move: Trick Room\n|upkeep\n|turn|17\n|\n|t:|1699269996\n|switch|p2a: \u6700\u5f3a\u6218\u795e\u5b99\u65af|Arceus|72\/100\n|-damage|p2a: \u6700\u5f3a\u6218\u795e\u5b99\u65af|60\/100|[from] Stealth Rock\n|cant|p1a: Zygarde|slp\n|\n|-heal|p1a: Zygarde|99\/100 slp|[from] item: Leftovers\n|upkeep\n|turn|18\n|\n|t:|1699270000\n|move|p2a: \u6700\u5f3a\u6218\u795e\u5b99\u65af|Defog|p1a: Zygarde\n|-unboost|p1a: Zygarde|evasion|1\n|-sideend|p2: mega qy|Stealth Rock|[from] move: Defog|[of] p2a: \u6700\u5f3a\u6218\u795e\u5b99\u65af\n|-curestatus|p1a: Zygarde|slp|[msg]\n|move|p1a: Zygarde|Thousand Arrows|p2a: \u6700\u5f3a\u6218\u795e\u5b99\u65af\n|-crit|p2a: \u6700\u5f3a\u6218\u795e\u5b99\u65af\n|-damage|p2a: \u6700\u5f3a\u6218\u795e\u5b99\u65af|26\/100\n|\n|-heal|p1a: Zygarde|100\/100|[from] item: Leftovers\n|upkeep\n|turn|19\n|\n|t:|1699270008\n|move|p1a: Zygarde|Coil|p1a: Zygarde\n|-boost|p1a: Zygarde|atk|1\n|-boost|p1a: Zygarde|def|1\n|-boost|p1a: Zygarde|accuracy|1\n|move|p2a: \u6700\u5f3a\u6218\u795e\u5b99\u65af|Trick Room|p2a: \u6700\u5f3a\u6218\u795e\u5b99\u65af\n|-fieldstart|move: Trick Room|[of] p2a: \u6700\u5f3a\u6218\u795e\u5b99\u65af\n|\n|upkeep\n|turn|20\n|\n|t:|1699270020\n|move|p1a: Zygarde|Thousand Arrows|p2a: \u6700\u5f3a\u6218\u795e\u5b99\u65af\n|-damage|p2a: \u6700\u5f3a\u6218\u795e\u5b99\u65af|0 fnt\n|faint|p2a: \u6700\u5f3a\u6218\u795e\u5b99\u65af\n|\n|upkeep\n|\n|t:|1699270026\n|switch|p2a: \u5c0f\u667a\u51a0\u519b\u5927\u9171|Melmetal|94\/100\n|turn|21\n|\n|t:|1699270032\n|move|p2a: \u5c0f\u667a\u51a0\u519b\u5927\u9171|Thunder Punch|p1a: Zygarde\n|-supereffective|p1a: Zygarde\n|-damage|p1a: Zygarde|82\/100\n|move|p1a: Zygarde|Glare|p2a: \u5c0f\u667a\u51a0\u519b\u5927\u9171\n|-status|p2a: \u5c0f\u667a\u51a0\u519b\u5927\u9171|par\n|\n|-heal|p1a: Zygarde|88\/100|[from] item: Leftovers\n|upkeep\n|turn|22\n|-message|mega qy forfeited.\n|\n|win|priestmajor\n|raw|priestmajor's rating: 1654 &rarr; <strong>1681<\/strong><br \/>(+27 for winning)\n|raw|mega qy's rating: 1776 &rarr; <strong>1749<\/strong><br \/>(-27 for losing)\n|l|\u2606priestmajor\n|l|\u2606mega qy\n","uploadtime":1699270329,"views":5,"p1id":"priestmajor","p2id":"megaqy","formatid":"gen9nationaldexubers","rating":1681,"private":0,"password":""}