{"id":"gen9nationaldexubers-1990807031","p1":"Sasha82","p2":"Spectro Latios1","format":"[Gen 9] National Dex Ubers","log":"|j|\u2606Sasha82\n|j|\u2606Spectro Latios1\n|t:|1700002806\n|gametype|singles\n|player|p1|Sasha82|beauty-gen4dp|1051\n|player|p2|Spectro Latios1|unknown|1121\n|teamsize|p1|6\n|teamsize|p2|6\n|gen|9\n|tier|[Gen 9] National Dex Ubers\n|rated|\n|rule|HP Percentage Mod: HP is shown in percentages\n|rule|Endless Battle Clause: Forcing endless battles is banned\n|rule|OHKO Clause: OHKO moves are banned\n|rule|Evasion Moves Clause: Evasion moves are banned\n|rule|Evasion Items Clause: Evasion items are banned\n|rule|Species Clause: Limit one of each Pok\u00e9mon\n|rule|Sleep Clause Mod: Limit one foe put to sleep\n|rule|Mega Rayquaza Clause: You cannot mega evolve Rayquaza\n|clearpoke\n|poke|p1|Cloyster, M|\n|poke|p1|Zekrom|\n|poke|p1|Gengar, F|\n|poke|p1|Infernape, M|\n|poke|p1|Glimmora, F|\n|poke|p1|Meowscarada, M|\n|poke|p2|Galvantula, F|\n|poke|p2|Marshadow|\n|poke|p2|Smeargle, F|\n|poke|p2|Necrozma-Dusk-Mane|\n|poke|p2|Zacian-*|\n|poke|p2|Forretress, M|\n|teampreview\n|\n|t:|1700002811\n|start\n|switch|p1a: Glimmora|Glimmora, F|100\/100\n|switch|p2a: gohma|Galvantula, F, shiny|100\/100\n|turn|1\n|c|\u2606Spectro Latios1|glhf\n|c|\u2606Sasha82|u2\n|\n|t:|1700002822\n|move|p2a: gohma|Thunder Wave|p1a: Glimmora\n|-status|p1a: Glimmora|par\n|move|p1a: Glimmora|Spikes|p2a: gohma\n|-sidestart|p2: Spectro Latios1|Spikes\n|\n|upkeep\n|turn|2\n|\n|t:|1700002828\n|move|p2a: gohma|Sticky Web|p1a: Glimmora\n|-sidestart|p1: Sasha82|move: Sticky Web\n|cant|p1a: Glimmora|par\n|\n|upkeep\n|turn|3\n|\n|t:|1700002833\n|move|p2a: gohma|Thunder|p1a: Glimmora\n|-damage|p1a: Glimmora|50\/100 par\n|move|p1a: Glimmora|Mortal Spin|p2a: gohma\n|-damage|p2a: gohma|88\/100\n|-status|p2a: gohma|psn\n|-sideend|p1: Sasha82|Sticky Web|[from] move: Mortal Spin|[of] p1a: Glimmora\n|\n|-damage|p2a: gohma|76\/100 psn|[from] psn\n|upkeep\n|turn|4\n|\n|t:|1700002841\n|move|p2a: gohma|Sticky Web|p1a: Glimmora\n|-sidestart|p1: Sasha82|move: Sticky Web\n|move|p1a: Glimmora|Stealth Rock|p2a: gohma\n|-sidestart|p2: Spectro Latios1|move: Stealth Rock\n|\n|-damage|p2a: gohma|63\/100 psn|[from] psn\n|upkeep\n|turn|5\n|\n|t:|1700002846\n|move|p2a: gohma|Thunder|p1a: Glimmora\n|-damage|p1a: Glimmora|0 fnt\n|faint|p1a: Glimmora\n|\n|-damage|p2a: gohma|51\/100 psn|[from] psn\n|upkeep\n|\n|t:|1700002854\n|switch|p1a: Gengar|Gengar, F|100\/100\n|-activate|p1a: Gengar|move: Sticky Web\n|-unboost|p1a: Gengar|spe|1\n|turn|6\n|\n|t:|1700002860\n|move|p2a: gohma|Thunder Wave|p1a: Gengar\n|-status|p1a: Gengar|par\n|move|p1a: Gengar|Sludge Bomb|p2a: gohma\n|-damage|p2a: gohma|0 fnt\n|faint|p2a: gohma\n|-damage|p1a: Gengar|91\/100 par|[from] item: Life Orb\n|\n|upkeep\n|\n|t:|1700002863\n|switch|p2a: ancient spinner|Forretress, M|100\/100\n|-damage|p2a: ancient spinner|88\/100|[from] Spikes\n|-damage|p2a: ancient spinner|76\/100|[from] Stealth Rock\n|turn|7\n|\n|t:|1700002873\n|move|p1a: Gengar|Shadow Ball|p2a: ancient spinner\n|-damage|p2a: ancient spinner|0 fnt\n|faint|p2a: ancient spinner\n|-damage|p1a: Gengar|81\/100 par|[from] item: Life Orb\n|\n|upkeep\n|\n|t:|1700002876\n|switch|p2a: korok|Smeargle, F|100\/100\n|-damage|p2a: korok|88\/100|[from] Spikes\n|-damage|p2a: korok|76\/100|[from] Stealth Rock\n|turn|8\n|\n|t:|1700002882\n|move|p2a: korok|Substitute|p2a: korok\n|-start|p2a: korok|Substitute\n|-damage|p2a: korok|51\/100\n|cant|p1a: Gengar|par\n|\n|-heal|p2a: korok|57\/100|[from] item: Leftovers\n|-ability|p2a: korok|Moody|boost\n|-boost|p2a: korok|spe|2\n|-unboost|p2a: korok|def|1\n|upkeep\n|turn|9\n|\n|t:|1700002890\n|move|p2a: korok|Spiky Shield|p2a: korok\n|-singleturn|p2a: korok|move: Protect\n|move|p1a: Gengar|Sludge Bomb|p2a: korok\n|-activate|p2a: korok|move: Protect\n|\n|-heal|p2a: korok|63\/100|[from] item: Leftovers\n|-ability|p2a: korok|Moody|boost\n|-boost|p2a: korok|atk|2\n|-unboost|p2a: korok|def|1\n|upkeep\n|turn|10\n|\n|t:|1700002899\n|-terastallize|p2a: korok|Dark\n|move|p2a: korok|Power Trip|p1a: Gengar\n|-supereffective|p1a: Gengar\n|-damage|p1a: Gengar|0 fnt\n|faint|p1a: Gengar\n|\n|-heal|p2a: korok|69\/100|[from] item: Leftovers\n|-ability|p2a: korok|Moody|boost\n|-boost|p2a: korok|spe|2\n|-unboost|p2a: korok|spa|1\n|upkeep\n|\n|t:|1700002910\n|switch|p1a: Cloyster|Cloyster, M|100\/100\n|-activate|p1a: Cloyster|move: Sticky Web\n|-unboost|p1a: Cloyster|spe|1\n|turn|11\n|\n|t:|1700002918\n|switch|p1a: Meowscarada|Meowscarada, M|100\/100\n|-activate|p1a: Meowscarada|move: Sticky Web\n|-unboost|p1a: Meowscarada|spe|1\n|move|p2a: korok|Spore|p1a: Meowscarada\n|-immune|p1a: Meowscarada\n|\n|-heal|p2a: korok|75\/100|[from] item: Leftovers\n|-ability|p2a: korok|Moody|boost\n|-boost|p2a: korok|spd|2\n|-unboost|p2a: korok|atk|1\n|upkeep\n|turn|12\n|\n|t:|1700002932\n|move|p2a: korok|Spiky Shield|p2a: korok\n|-singleturn|p2a: korok|move: Protect\n|move|p1a: Meowscarada|Knock Off|p2a: korok\n|-start|p1a: Meowscarada|typechange|Dark|[from] ability: Protean\n|-activate|p2a: korok|move: Protect\n|-damage|p1a: Meowscarada|88\/100|[from] Spiky Shield|[of] p2a: korok\n|\n|-heal|p2a: korok|81\/100|[from] item: Leftovers\n|-ability|p2a: korok|Moody|boost\n|-boost|p2a: korok|spe|2\n|-unboost|p2a: korok|spd|1\n|upkeep\n|turn|13\n|\n|t:|1700002946\n|move|p2a: korok|Substitute|p2a: korok\n|-fail|p2a: korok|move: Substitute\n|move|p1a: Meowscarada|Knock Off|p2a: korok\n|-resisted|p2a: korok\n|-end|p2a: korok|Substitute\n|-damage|p1a: Meowscarada|78\/100|[from] item: Life Orb\n|\n|-heal|p2a: korok|87\/100|[from] item: Leftovers\n|-ability|p2a: korok|Moody|boost\n|-boost|p2a: korok|spd|2\n|-unboost|p2a: korok|spe|1\n|upkeep\n|turn|14\n|\n|t:|1700002956\n|move|p2a: korok|Spiky Shield|p2a: korok\n|-singleturn|p2a: korok|move: Protect\n|move|p1a: Meowscarada|Flower Trick|p2a: korok\n|-activate|p2a: korok|move: Protect\n|\n|-heal|p2a: korok|93\/100|[from] item: Leftovers\n|-ability|p2a: korok|Moody|boost\n|-boost|p2a: korok|spd|2\n|-unboost|p2a: korok|spe|1\n|upkeep\n|turn|15\n|\n|t:|1700002968\n|move|p2a: korok|Substitute|p2a: korok\n|-start|p2a: korok|Substitute\n|-damage|p2a: korok|68\/100\n|move|p1a: Meowscarada|Knock Off|p2a: korok\n|-resisted|p2a: korok\n|-end|p2a: korok|Substitute\n|-damage|p1a: Meowscarada|68\/100|[from] item: Life Orb\n|\n|-heal|p2a: korok|74\/100|[from] item: Leftovers\n|-ability|p2a: korok|Moody|boost\n|-boost|p2a: korok|def|2\n|-unboost|p2a: korok|spd|1\n|upkeep\n|turn|16\n|\n|t:|1700002978\n|move|p2a: korok|Spiky Shield|p2a: korok\n|-singleturn|p2a: korok|move: Protect\n|move|p1a: Meowscarada|Knock Off|p2a: korok\n|-activate|p2a: korok|move: Protect\n|-damage|p1a: Meowscarada|56\/100|[from] Spiky Shield|[of] p2a: korok\n|\n|-heal|p2a: korok|80\/100|[from] item: Leftovers\n|-ability|p2a: korok|Moody|boost\n|-boost|p2a: korok|spe|2\n|-unboost|p2a: korok|atk|1\n|upkeep\n|turn|17\n|\n|t:|1700002999\n|move|p2a: korok|Substitute|p2a: korok\n|-start|p2a: korok|Substitute\n|-damage|p2a: korok|55\/100\n|move|p1a: Meowscarada|Knock Off|p2a: korok\n|-resisted|p2a: korok\n|-end|p2a: korok|Substitute\n|-damage|p1a: Meowscarada|46\/100|[from] item: Life Orb\n|\n|-heal|p2a: korok|61\/100|[from] item: Leftovers\n|-ability|p2a: korok|Moody|boost\n|-boost|p2a: korok|spd|2\n|-unboost|p2a: korok|spe|1\n|upkeep\n|turn|18\n|c|\u2606Sasha82|you this patient\n|\n|t:|1700003015\n|move|p2a: korok|Spiky Shield|p2a: korok\n|-singleturn|p2a: korok|move: Protect\n|move|p1a: Meowscarada|Thunder Punch|p2a: korok\n|-activate|p2a: korok|move: Protect\n|-damage|p1a: Meowscarada|34\/100|[from] Spiky Shield|[of] p2a: korok\n|\n|-heal|p2a: korok|67\/100|[from] item: Leftovers\n|-ability|p2a: korok|Moody|boost\n|-boost|p2a: korok|spe|1\n|-unboost|p2a: korok|spd|1\n|upkeep\n|turn|19\n|\n|t:|1700003026\n|move|p2a: korok|Substitute|p2a: korok\n|-start|p2a: korok|Substitute\n|-damage|p2a: korok|43\/100\n|move|p1a: Meowscarada|Thunder Punch|p2a: korok\n|-end|p2a: korok|Substitute\n|-damage|p1a: Meowscarada|24\/100|[from] item: Life Orb\n|\n|-heal|p2a: korok|49\/100|[from] item: Leftovers\n|-ability|p2a: korok|Moody|boost\n|-boost|p2a: korok|atk|2\n|-unboost|p2a: korok|spd|1\n|upkeep\n|turn|20\n|\n|t:|1700003037\n|move|p2a: korok|Power Trip|p1a: Meowscarada\n|-resisted|p1a: Meowscarada\n|-damage|p1a: Meowscarada|0 fnt\n|faint|p1a: Meowscarada\n|\n|-heal|p2a: korok|55\/100|[from] item: Leftovers\n|-ability|p2a: korok|Moody|boost\n|-boost|p2a: korok|def|2\n|-unboost|p2a: korok|spe|1\n|upkeep\n|\n|t:|1700003046\n|switch|p1a: Zekrom|Zekrom|100\/100\n|-activate|p1a: Zekrom|move: Sticky Web\n|-unboost|p1a: Zekrom|spe|1\n|-ability|p1a: Zekrom|Teravolt\n|turn|21\n|\n|t:|1700003051\n|move|p2a: korok|Spore|p1a: Zekrom\n|-status|p1a: Zekrom|slp|[from] move: Spore\n|cant|p1a: Zekrom|slp\n|\n|-heal|p2a: korok|61\/100|[from] item: Leftovers\n|-ability|p2a: korok|Moody|boost\n|-boost|p2a: korok|atk|2\n|-unboost|p2a: korok|def|1\n|upkeep\n|turn|22\n|c|\u2606Sasha82|WHY DIDNT YOU USE SPORE BEFORE\n|\n|t:|1700003062\n|move|p2a: korok|Substitute|p2a: korok\n|-start|p2a: korok|Substitute\n|-damage|p2a: korok|36\/100\n|-curestatus|p1a: Zekrom|slp|[msg]\n|move|p1a: Zekrom|Dragon Dance|p1a: Zekrom\n|-boost|p1a: Zekrom|atk|1\n|-boost|p1a: Zekrom|spe|1\n|\n|-heal|p2a: korok|42\/100|[from] item: Leftovers\n|-ability|p2a: korok|Moody|boost\n|-boost|p2a: korok|atk|2\n|-unboost|p2a: korok|spe|1\n|upkeep\n|turn|23\n|\n|t:|1700003072\n|move|p2a: korok|Power Trip|p1a: Zekrom\n|-crit|p1a: Zekrom\n|-damage|p1a: Zekrom|0 fnt\n|faint|p1a: Zekrom\n|\n|-heal|p2a: korok|48\/100|[from] item: Leftovers\n|-ability|p2a: korok|Moody|boost\n|-boost|p2a: korok|spd|2\n|-unboost|p2a: korok|atk|1\n|upkeep\n|c|\u2606Spectro Latios1|no reason to\n|c|\u2606Sasha82|There was\n|c|\u2606Sasha82|you would have won easier\n|\n|t:|1700003091\n|switch|p1a: Infernape|Infernape, M|100\/100\n|-activate|p1a: Infernape|move: Sticky Web\n|-unboost|p1a: Infernape|spe|1\n|turn|24\n|c|\u2606Spectro Latios1|i knew i wouldn't need it\n|\n|t:|1700003105\n|move|p2a: korok|Power Trip|p1a: Infernape\n|-resisted|p1a: Infernape\n|-enditem|p1a: Infernape|Focus Sash\n|-damage|p1a: Infernape|1\/100\n|move|p1a: Infernape|Blaze Kick|p2a: korok\n|-end|p2a: korok|Substitute\n|\n|-heal|p2a: korok|54\/100|[from] item: Leftovers\n|-ability|p2a: korok|Moody|boost\n|-boost|p2a: korok|def|2\n|-unboost|p2a: korok|atk|1\n|upkeep\n|turn|25\n|c|\u2606Spectro Latios1|you were weakening yourself every other turn so was safer doing the combo\n|c|\u2606Sasha82|this is just ridiculous getting sweeped by such a pathetic mon\n|c|\u2606Spectro Latios1|you should have been using flower trick\n|\n|t:|1700003152\n|move|p2a: korok|Spiky Shield|p2a: korok\n|-singleturn|p2a: korok|move: Protect\n|move|p1a: Infernape|Blaze Kick|p2a: korok\n|-activate|p2a: korok|move: Protect\n|-damage|p1a: Infernape|0 fnt|[from] Spiky Shield|[of] p2a: korok\n|faint|p1a: Infernape\n|\n|-heal|p2a: korok|60\/100|[from] item: Leftovers\n|-ability|p2a: korok|Moody|boost\n|-boost|p2a: korok|atk|2\n|-unboost|p2a: korok|def|1\n|upkeep\n|\n|t:|1700003164\n|switch|p1a: Cloyster|Cloyster, M|100\/100\n|-activate|p1a: Cloyster|move: Sticky Web\n|-unboost|p1a: Cloyster|spe|1\n|turn|26\n|\n|t:|1700003169\n|move|p2a: korok|Power Trip|p1a: Cloyster\n|-enditem|p1a: Cloyster|Focus Sash\n|-damage|p1a: Cloyster|1\/100\n|move|p1a: Cloyster|Icicle Spear|p2a: korok\n|-damage|p2a: korok|44\/100\n|-damage|p2a: korok|28\/100\n|-damage|p2a: korok|14\/100\n|-damage|p2a: korok|0 fnt\n|faint|p2a: korok\n|-hitcount|p2: korok|4\n|\n|upkeep\n|\n|t:|1700003171\n|switch|p2a: ganondorf|Marshadow|100\/100\n|-damage|p2a: ganondorf|88\/100|[from] Spikes\n|-damage|p2a: ganondorf|82\/100|[from] Stealth Rock\n|turn|27\n|c|\u2606Sasha82|gg\n|\n|t:|1700003185\n|move|p2a: ganondorf|Shadow Sneak|p1a: Cloyster\n|-damage|p1a: Cloyster|0 fnt\n|faint|p1a: Cloyster\n|\n|win|Spectro Latios1\n|raw|Sasha82's rating: 1051 &rarr; <strong>1037<\/strong><br \/>(-14 for losing)\n|raw|Spectro Latios1's rating: 1121 &rarr; <strong>1141<\/strong><br \/>(+20 for winning)\n","uploadtime":1700003189,"views":30,"p1id":"sasha82","p2id":"spectrolatios1","formatid":"gen9nationaldexubers","rating":1037,"private":0,"password":""}