{"id":"gen9nationaldexubers-1987380161","p1":"E I C O S","p2":"85792195wwww","format":"[Gen 9] National Dex Ubers","log":"|j|\u2606E I C O S\n|j|\u260685792195wwww\n|t:|1699584015\n|gametype|singles\n|player|p1|E I C O S|266|1320\n|player|p2|85792195wwww|mira|1417\n|teamsize|p1|6\n|teamsize|p2|6\n|gen|9\n|tier|[Gen 9] National Dex Ubers\n|rated|\n|rule|HP Percentage Mod: HP is shown in percentages\n|rule|Endless Battle Clause: Forcing endless battles is banned\n|rule|OHKO Clause: OHKO moves are banned\n|rule|Evasion Moves Clause: Evasion moves are banned\n|rule|Evasion Items Clause: Evasion items are banned\n|rule|Species Clause: Limit one of each Pok\u00e9mon\n|rule|Sleep Clause Mod: Limit one foe put to sleep\n|rule|Mega Rayquaza Clause: You cannot mega evolve Rayquaza\n|clearpoke\n|poke|p1|Serperior, M|\n|poke|p1|Swampert, M|\n|poke|p1|Dragapult, M|\n|poke|p1|Corviknight, M|\n|poke|p1|Chien-Pao|\n|poke|p1|Iron Moth|\n|poke|p2|Kyurem-Black|\n|poke|p2|Samurott-Hisui, F|\n|poke|p2|Gholdengo|\n|poke|p2|Groudon|\n|poke|p2|Arceus-Ground|\n|poke|p2|Ribombee, M|\n|teampreview\n|inactive|Battle timer is ON: inactive players will automatically lose when time's up. (requested by E I C O S)\n|\n|t:|1699584024\n|start\n|switch|p1a: Chien-Pao|Chien-Pao|100\/100\n|switch|p2a: Ribombee|Ribombee, M|100\/100\n|-ability|p1a: Chien-Pao|Sword of Ruin\n|turn|1\n|\n|t:|1699584037\n|move|p1a: Chien-Pao|Ice Shard|p2a: Ribombee\n|-damage|p2a: Ribombee|52\/100\n|move|p2a: Ribombee|Stun Spore|p1a: Chien-Pao\n|-status|p1a: Chien-Pao|par\n|\n|upkeep\n|turn|2\n|\n|t:|1699584044\n|move|p2a: Ribombee|Sticky Web|p1a: Chien-Pao\n|-sidestart|p1: E I C O S|move: Sticky Web\n|move|p1a: Chien-Pao|Crunch|p2a: Ribombee\n|-resisted|p2a: Ribombee\n|-damage|p2a: Ribombee|3\/100\n|\n|upkeep\n|turn|3\n|\n|t:|1699584050\n|move|p1a: Chien-Pao|Ice Shard|p2a: Ribombee\n|-damage|p2a: Ribombee|0 fnt\n|faint|p2a: Ribombee\n|\n|upkeep\n|\n|t:|1699584056\n|switch|p2a: Samurott|Samurott-Hisui, F|100\/100\n|turn|4\n|\n|t:|1699584059\n|move|p2a: Samurott|Ceaseless Edge|p1a: Chien-Pao\n|-resisted|p1a: Chien-Pao\n|-damage|p1a: Chien-Pao|67\/100 par\n|-sidestart|p1: E I C O S|Spikes\n|cant|p1a: Chien-Pao|par\n|\n|upkeep\n|turn|5\n|\n|t:|1699584067\n|move|p2a: Samurott|Ceaseless Edge|p1a: Chien-Pao\n|-resisted|p1a: Chien-Pao\n|-damage|p1a: Chien-Pao|33\/100 par\n|-sidestart|p1: E I C O S|Spikes\n|move|p1a: Chien-Pao|Sacred Sword|p2a: Samurott\n|-supereffective|p2a: Samurott\n|-enditem|p2a: Samurott|Focus Sash\n|-damage|p2a: Samurott|1\/100\n|\n|upkeep\n|turn|6\n|\n|t:|1699584088\n|move|p2a: Samurott|Ceaseless Edge|p1a: Chien-Pao\n|-resisted|p1a: Chien-Pao\n|-damage|p1a: Chien-Pao|0 fnt\n|-sidestart|p1: E I C O S|Spikes\n|faint|p1a: Chien-Pao\n|\n|upkeep\n|\n|t:|1699584096\n|switch|p1a: Corviknight|Corviknight, M|100\/100\n|-ability|p1a: Corviknight|Pressure\n|turn|7\n|\n|t:|1699584101\n|switch|p2a: Gholdengo|Gholdengo|100\/100\n|-item|p2a: Gholdengo|Air Balloon\n|move|p1a: Corviknight|Rain Dance|p1a: Corviknight\n|-weather|RainDance\n|\n|-weather|RainDance|[upkeep]\n|upkeep\n|turn|8\n|\n|t:|1699584115\n|switch|p1a: Iron Moth|Iron Moth|100\/100\n|-activate|p1a: Iron Moth|move: Sticky Web\n|-unboost|p1a: Iron Moth|spe|1\n|-damage|p1a: Iron Moth|76\/100|[from] Spikes\n|-enditem|p1a: Iron Moth|Booster Energy\n|-activate|p1a: Iron Moth|ability: Quark Drive|[fromitem]\n|-start|p1a: Iron Moth|quarkdrivespa\n|move|p2a: Gholdengo|Shadow Ball|p1a: Iron Moth\n|-damage|p1a: Iron Moth|33\/100\n|\n|-weather|RainDance|[upkeep]\n|upkeep\n|turn|9\n|\n|t:|1699584128\n|switch|p2a: Samurott|Samurott-Hisui, F|1\/100\n|move|p1a: Iron Moth|Fiery Dance|p2a: Samurott\n|-resisted|p2a: Samurott\n|-damage|p2a: Samurott|0 fnt\n|-boost|p1a: Iron Moth|spa|1\n|faint|p2a: Samurott\n|\n|-weather|RainDance|[upkeep]\n|upkeep\n|\n|t:|1699584145\n|switch|p2a: Arceus|Arceus-Ground|100\/100\n|turn|10\n|\n|t:|1699584151\n|move|p2a: Arceus|Earthquake|p1a: Iron Moth\n|-supereffective|p1a: Iron Moth\n|-damage|p1a: Iron Moth|0 fnt\n|faint|p1a: Iron Moth\n|-end|p1a: Iron Moth|Quark Drive|[silent]\n|\n|-weather|RainDance|[upkeep]\n|upkeep\n|\n|t:|1699584170\n|switch|p1a: Serperior|Serperior, M|100\/100\n|-activate|p1a: Serperior|move: Sticky Web\n|-boost|p1a: Serperior|spe|1\n|-damage|p1a: Serperior|76\/100|[from] Spikes\n|turn|11\n|\n|t:|1699584180\n|switch|p2a: Kyurem|Kyurem-Black|100\/100\n|-ability|p2a: Kyurem|Teravolt\n|move|p1a: Serperior|Leaf Storm|p2a: Kyurem\n|-resisted|p2a: Kyurem\n|-damage|p2a: Kyurem|77\/100\n|-boost|p1a: Serperior|spa|2\n|\n|-weather|RainDance|[upkeep]\n|upkeep\n|turn|12\n|\n|t:|1699584190\n|move|p1a: Serperior|Dragon Pulse|p2a: Kyurem\n|-supereffective|p2a: Kyurem\n|-damage|p2a: Kyurem|0 fnt\n|faint|p2a: Kyurem\n|\n|-weather|RainDance|[upkeep]\n|upkeep\n|\n|t:|1699584214\n|switch|p2a: Gholdengo|Gholdengo|100\/100\n|-item|p2a: Gholdengo|Air Balloon\n|turn|13\n|\n|t:|1699584222\n|-terastallize|p1a: Serperior|Fire\n|move|p1a: Serperior|Leaf Storm|p2a: Gholdengo\n|-resisted|p2a: Gholdengo\n|-damage|p2a: Gholdengo|45\/100\n|-boost|p1a: Serperior|spa|2\n|-enditem|p2a: Gholdengo|Air Balloon\n|move|p2a: Gholdengo|Make It Rain|p1a: Serperior\n|-resisted|p1a: Serperior\n|-damage|p1a: Serperior|40\/100\n|-unboost|p2a: Gholdengo|spa|1\n|\n|-weather|RainDance|[upkeep]\n|upkeep\n|turn|14\n|\n|t:|1699584238\n|move|p1a: Serperior|Hidden Power|p2a: Gholdengo\n|-supereffective|p2a: Gholdengo\n|-damage|p2a: Gholdengo|0 fnt\n|faint|p2a: Gholdengo\n|\n|-weather|none\n|upkeep\n|\n|t:|1699584245\n|switch|p2a: Arceus|Arceus-Ground|100\/100\n|turn|15\n|\n|t:|1699584249\n|move|p1a: Serperior|Leaf Storm|p2a: Arceus\n|-supereffective|p2a: Arceus\n|-damage|p2a: Arceus|0 fnt\n|-boost|p1a: Serperior|spa|2\n|faint|p2a: Arceus\n|\n|upkeep\n|\n|t:|1699584256\n|switch|p2a: Groudon|Groudon|100\/100\n|detailschange|p2a: Groudon|Groudon-Primal\n|-primal|p2a: Groudon|Red Orb\n|-weather|DesolateLand|[from] ability: Desolate Land|[of] p2a: Groudon\n|turn|16\n|\n|t:|1699584262\n|move|p1a: Serperior|Leaf Storm|p2a: Groudon\n|-damage|p2a: Groudon|0 fnt\n|faint|p2a: Groudon\n|-weather|none\n|\n|win|E I C O S\n|raw|E I C O S's rating: 1320 &rarr; <strong>1345<\/strong><br \/>(+25 for winning)\n|raw|85792195wwww's rating: 1417 &rarr; <strong>1392<\/strong><br \/>(-25 for losing)\n|c|\u2606E I C O S|gg\n|l|\u260685792195wwww\n|l|\u2606E I C O S\n","uploadtime":1699584332,"views":5,"p1id":"eicos","p2id":"85792195wwww","formatid":"gen9nationaldexubers","rating":1345,"private":0,"password":""}