{"id":"gen9nationaldexubers-1998500544","p1":"kapithedumdum","p2":"FenixFyre04","format":"[Gen 9] National Dex Ubers","log":"|j|\u2606kapithedumdum\n|j|\u2606FenixFyre04\n|t:|1700949394\n|gametype|singles\n|player|p1|kapithedumdum|kieran|1457\n|player|p2|FenixFyre04|steven|1765\n|teamsize|p1|6\n|teamsize|p2|6\n|gen|9\n|tier|[Gen 9] National Dex Ubers\n|rated|\n|rule|HP Percentage Mod: HP is shown in percentages\n|rule|Endless Battle Clause: Forcing endless battles is banned\n|rule|OHKO Clause: OHKO moves are banned\n|rule|Evasion Moves Clause: Evasion moves are banned\n|rule|Evasion Items Clause: Evasion items are banned\n|rule|Species Clause: Limit one of each Pok\u00e9mon\n|rule|Sleep Clause Mod: Limit one foe put to sleep\n|rule|Mega Rayquaza Clause: You cannot mega evolve Rayquaza\n|clearpoke\n|poke|p1|Kyogre|\n|poke|p1|Ho-Oh|\n|poke|p1|Ferrothorn, M|\n|poke|p1|Zacian-*|\n|poke|p1|Regieleki|\n|poke|p1|Ribombee, M|\n|poke|p2|Kyogre|\n|poke|p2|Arceus-Dark|\n|poke|p2|Banette, M|\n|poke|p2|Necrozma-Dusk-Mane|\n|poke|p2|Groudon|\n|poke|p2|Rayquaza|\n|teampreview\n|inactive|Battle timer is ON: inactive players will automatically lose when time's up. (requested by kapithedumdum)\n|inactive|FenixFyre04 also wants the timer to be on.\n|inactive|FenixFyre04 has 120 seconds left.\n|\n|t:|1700949426\n|start\n|switch|p1a: Ribombee|Ribombee, M, shiny|100\/100\n|switch|p2a: Groudon|Groudon, shiny|100\/100\n|detailschange|p2a: Groudon|Groudon-Primal, shiny\n|-primal|p2a: Groudon|Red Orb\n|-weather|DesolateLand|[from] ability: Desolate Land|[of] p2a: Groudon\n|turn|1\n|\n|t:|1700949430\n|move|p1a: Ribombee|Sticky Web|p2a: Groudon\n|-sidestart|p2: FenixFyre04|move: Sticky Web\n|move|p2a: Groudon|Rock Polish|p2a: Groudon\n|-boost|p2a: Groudon|spe|2\n|\n|-weather|DesolateLand|[upkeep]\n|upkeep\n|turn|2\n|\n|t:|1700949444\n|move|p2a: Groudon|Swords Dance|p2a: Groudon\n|-boost|p2a: Groudon|atk|2\n|move|p1a: Ribombee|Stun Spore|p2a: Groudon|[miss]\n|-miss|p1a: Ribombee|p2a: Groudon\n|\n|-weather|DesolateLand|[upkeep]\n|upkeep\n|turn|3\n|\n|t:|1700949449\n|move|p2a: Groudon|Heat Crash|p1a: Ribombee\n|-supereffective|p1a: Ribombee\n|-enditem|p1a: Ribombee|Focus Sash\n|-damage|p1a: Ribombee|1\/100\n|move|p1a: Ribombee|Stun Spore|p2a: Groudon\n|-status|p2a: Groudon|par\n|\n|-weather|DesolateLand|[upkeep]\n|upkeep\n|turn|4\n|\n|t:|1700949460\n|switch|p1a: Kyogre|Kyogre|100\/100\n|detailschange|p1a: Kyogre|Kyogre-Primal\n|-primal|p1a: Kyogre|Blue Orb\n|-weather|PrimordialSea|[from] ability: Primordial Sea|[of] p1a: Kyogre\n|move|p2a: Groudon|Rock Polish|p2a: Groudon\n|-boost|p2a: Groudon|spe|2\n|\n|-weather|PrimordialSea|[upkeep]\n|upkeep\n|turn|5\n|\n|t:|1700949471\n|move|p2a: Groudon|Precipice Blades|p1a: Kyogre\n|-damage|p1a: Kyogre|0 fnt\n|faint|p1a: Kyogre\n|-weather|none\n|\n|upkeep\n|\n|t:|1700949475\n|switch|p1a: Ho-Oh|Ho-Oh|100\/100\n|turn|6\n|\n|t:|1700949491\n|move|p2a: Groudon|Heat Crash|p1a: Ho-Oh\n|-resisted|p1a: Ho-Oh\n|-damage|p1a: Ho-Oh|14\/100\n|move|p1a: Ho-Oh|Whirlwind|p2a: Groudon\n|drag|p2a: Banette|Banette, M|100\/100\n|-activate|p2a: Banette|move: Sticky Web\n|-unboost|p2a: Banette|spe|1\n|-item|p1a: Ho-Oh|Heavy-Duty Boots|[from] ability: Frisk|[of] p2a: Banette|[identify]\n|\n|upkeep\n|turn|7\n|\n|t:|1700949508\n|switch|p1a: Ferrothorn|Ferrothorn, M|100\/100\n|detailschange|p2a: Banette|Banette-Mega, M\n|-mega|p2a: Banette|Banette|Banettite\n|move|p2a: Banette|Poltergeist|p1a: Ferrothorn\n|-activate|p1a: Ferrothorn|move: Poltergeist|Leftovers\n|-damage|p1a: Ferrothorn|57\/100\n|\n|-heal|p1a: Ferrothorn|63\/100|[from] item: Leftovers\n|upkeep\n|turn|8\n|\n|t:|1700949518\n|switch|p2a: Groudon|Groudon-Primal, shiny|100\/100 par\n|-activate|p2a: Groudon|move: Sticky Web\n|-unboost|p2a: Groudon|spe|1\n|-weather|DesolateLand|[from] ability: Desolate Land|[of] p2a: Groudon\n|move|p1a: Ferrothorn|Leech Seed|p2a: Groudon\n|-start|p2a: Groudon|move: Leech Seed\n|\n|-weather|DesolateLand|[upkeep]\n|-heal|p1a: Ferrothorn|69\/100|[from] item: Leftovers\n|-damage|p2a: Groudon|88\/100 par|[from] Leech Seed|[of] p1a: Ferrothorn\n|-heal|p1a: Ferrothorn|82\/100|[silent]\n|upkeep\n|turn|9\n|\n|t:|1700949532\n|switch|p1a: Ho-Oh|Ho-Oh|47\/100\n|move|p2a: Groudon|Swords Dance|p2a: Groudon\n|-boost|p2a: Groudon|atk|2\n|\n|-weather|DesolateLand|[upkeep]\n|-damage|p2a: Groudon|76\/100 par|[from] Leech Seed|[of] p1a: Ho-Oh\n|-heal|p1a: Ho-Oh|60\/100|[silent]\n|upkeep\n|turn|10\n|\n|t:|1700949541\n|move|p1a: Ho-Oh|Earthquake|p2a: Groudon\n|-supereffective|p2a: Groudon\n|-damage|p2a: Groudon|34\/100 par\n|move|p2a: Groudon|Heat Crash|p1a: Ho-Oh\n|-resisted|p1a: Ho-Oh\n|-damage|p1a: Ho-Oh|0 fnt\n|faint|p1a: Ho-Oh\n|\n|-weather|DesolateLand|[upkeep]\n|upkeep\n|\n|t:|1700949548\n|switch|p1a: Regieleki|Regieleki|100\/100\n|turn|11\n|\n|t:|1700949555\n|-terastallize|p1a: Regieleki|Ice\n|move|p1a: Regieleki|Tera Blast|p2a: Groudon|[anim] Tera Blast Ice\n|-damage|p2a: Groudon|2\/100 par\n|move|p2a: Groudon|Heat Crash|p1a: Regieleki\n|-supereffective|p1a: Regieleki\n|-damage|p1a: Regieleki|0 fnt\n|faint|p1a: Regieleki\n|\n|-weather|DesolateLand|[upkeep]\n|upkeep\n|\n|t:|1700949559\n|switch|p1a: Ribombee|Ribombee, M, shiny|1\/100\n|turn|12\n|\n|t:|1700949564\n|move|p1a: Ribombee|Moonblast|p2a: Groudon\n|-resisted|p2a: Groudon\n|-damage|p2a: Groudon|0 fnt\n|faint|p2a: Groudon\n|-weather|none\n|\n|upkeep\n|\n|t:|1700949586\n|switch|p2a: Rayquaza|Rayquaza|100\/100\n|-ability|p2a: Rayquaza|Air Lock\n|turn|13\n|\n|t:|1700949589\n|move|p2a: Rayquaza|Extreme Speed|p1a: Ribombee\n|-damage|p1a: Ribombee|0 fnt\n|faint|p1a: Ribombee\n|\n|upkeep\n|\n|t:|1700949592\n|switch|p1a: Ferrothorn|Ferrothorn, M|82\/100\n|turn|14\n|\n|t:|1700949605\n|switch|p2a: Arceus|Arceus-Dark|100\/100\n|-activate|p2a: Arceus|move: Sticky Web\n|-unboost|p2a: Arceus|spe|1\n|move|p1a: Ferrothorn|Leech Seed|p2a: Arceus\n|-start|p2a: Arceus|move: Leech Seed\n|\n|-heal|p1a: Ferrothorn|88\/100|[from] item: Leftovers\n|-damage|p2a: Arceus|88\/100|[from] Leech Seed|[of] p1a: Ferrothorn\n|-heal|p1a: Ferrothorn|100\/100|[silent]\n|upkeep\n|turn|15\n|\n|t:|1700949608\n|move|p2a: Arceus|Taunt|p1a: Ferrothorn\n|-start|p1a: Ferrothorn|move: Taunt\n|cant|p1a: Ferrothorn|move: Taunt|Spikes\n|\n|-damage|p2a: Arceus|76\/100|[from] Leech Seed|[of] p1a: Ferrothorn\n|upkeep\n|turn|16\n|\n|t:|1700949613\n|switch|p2a: Banette|Banette-Mega, M|100\/100\n|-activate|p2a: Banette|move: Sticky Web\n|-unboost|p2a: Banette|spe|1\n|move|p1a: Ferrothorn|Gyro Ball|p2a: Banette\n|-damage|p2a: Banette|69\/100\n|\n|upkeep\n|turn|17\n|\n|t:|1700949620\n|move|p2a: Banette|Knock Off|p1a: Ferrothorn\n|-damage|p1a: Ferrothorn|75\/100\n|-damage|p2a: Banette|56\/100|[from] ability: Iron Barbs|[of] p1a: Ferrothorn\n|-enditem|p1a: Ferrothorn|Leftovers|[from] move: Knock Off|[of] p2a: Banette\n|move|p1a: Ferrothorn|Gyro Ball|p2a: Banette\n|-damage|p2a: Banette|25\/100\n|\n|-end|p1a: Ferrothorn|move: Taunt\n|upkeep\n|turn|18\n|\n|t:|1700949648\n|move|p2a: Banette|Poltergeist||[still]\n|-fail|p2a: Banette\n|move|p1a: Ferrothorn|Leech Seed|p2a: Banette\n|-start|p2a: Banette|move: Leech Seed\n|\n|-damage|p2a: Banette|13\/100|[from] Leech Seed|[of] p1a: Ferrothorn\n|-heal|p1a: Ferrothorn|87\/100|[silent]\n|upkeep\n|turn|19\n|\n|t:|1700949657\n|switch|p2a: Rayquaza|Rayquaza|100\/100\n|-ability|p2a: Rayquaza|Air Lock\n|move|p1a: Ferrothorn|Spikes|p2a: Rayquaza\n|-sidestart|p2: FenixFyre04|Spikes\n|\n|upkeep\n|turn|20\n|\n|t:|1700949660\n|move|p2a: Rayquaza|V-create|p1a: Ferrothorn|[miss]\n|-miss|p2a: Rayquaza|p1a: Ferrothorn\n|move|p1a: Ferrothorn|Gyro Ball|p2a: Rayquaza\n|-damage|p2a: Rayquaza|47\/100\n|\n|upkeep\n|turn|21\n|\n|t:|1700949666\n|move|p2a: Rayquaza|V-create|p1a: Ferrothorn\n|-supereffective|p1a: Ferrothorn\n|-damage|p1a: Ferrothorn|0 fnt\n|-unboost|p2a: Rayquaza|spe|1\n|-unboost|p2a: Rayquaza|def|1\n|-unboost|p2a: Rayquaza|spd|1\n|-damage|p2a: Rayquaza|35\/100|[from] ability: Iron Barbs|[of] p1a: Ferrothorn\n|faint|p1a: Ferrothorn\n|\n|upkeep\n|\n|t:|1700949668\n|switch|p1a: Zacian|Zacian-Crowned|100\/100\n|-ability|p1a: Zacian|Intrepid Sword|boost\n|-boost|p1a: Zacian|atk|1\n|turn|22\n|\n|t:|1700949671\n|move|p1a: Zacian|Play Rough|p2a: Rayquaza\n|-supereffective|p2a: Rayquaza\n|-damage|p2a: Rayquaza|0 fnt\n|faint|p2a: Rayquaza\n|\n|upkeep\n|\n|t:|1700949676\n|switch|p2a: Banette|Banette-Mega, M|13\/100\n|-activate|p2a: Banette|move: Sticky Web\n|-unboost|p2a: Banette|spe|1\n|-damage|p2a: Banette|0 fnt|[from] Spikes\n|faint|p2a: Banette\n|\n|t:|1700949686\n|switch|p2a: Kyogre|Kyogre, shiny|100\/100\n|-activate|p2a: Kyogre|move: Sticky Web\n|-unboost|p2a: Kyogre|spe|1\n|-damage|p2a: Kyogre|88\/100|[from] Spikes\n|detailschange|p2a: Kyogre|Kyogre-Primal, shiny\n|-primal|p2a: Kyogre|Blue Orb\n|-weather|PrimordialSea|[from] ability: Primordial Sea|[of] p2a: Kyogre\n|turn|23\n|\n|t:|1700949688\n|move|p1a: Zacian|Wild Charge|p2a: Kyogre\n|-supereffective|p2a: Kyogre\n|-damage|p2a: Kyogre|0 fnt\n|faint|p2a: Kyogre\n|-weather|none\n|-damage|p1a: Zacian|77\/100|[from] Recoil\n|\n|upkeep\n|\n|t:|1700949691\n|switch|p2a: Necrozma|Necrozma-Dusk-Mane|100\/100\n|-activate|p2a: Necrozma|move: Sticky Web\n|-unboost|p2a: Necrozma|spe|1\n|-damage|p2a: Necrozma|88\/100|[from] Spikes\n|turn|24\n|\n|t:|1700949695\n|move|p1a: Zacian|Crunch|p2a: Necrozma\n|-supereffective|p2a: Necrozma\n|-damage|p2a: Necrozma|38\/100\n|move|p2a: Necrozma|Earthquake|p1a: Zacian\n|-supereffective|p1a: Zacian\n|-damage|p1a: Zacian|0 fnt\n|faint|p1a: Zacian\n|\n|win|FenixFyre04\n|raw|kapithedumdum's rating: 1457 &rarr; <strong>1451<\/strong><br \/>(-6 for losing)\n|raw|FenixFyre04's rating: 1770 &rarr; <strong>1776<\/strong><br \/>(+6 for winning)\n|c|\u2606kapithedumdum|gg\n","uploadtime":1700949723,"views":7,"p1id":"kapithedumdum","p2id":"fenixfyre04","formatid":"gen9nationaldexubers","rating":1451,"private":0,"password":""}