{"id":"gen9nationaldexubers-1989799597","p1":"AndrewAlmighty","p2":"vailorn","format":"[Gen 9] National Dex Ubers","log":"|j|\u2606AndrewAlmighty\n|j|\u2606vailorn\n|t:|1699896751\n|gametype|singles\n|player|p1|AndrewAlmighty|giovanni|1386\n|player|p2|vailorn|rood|1523\n|teamsize|p1|6\n|teamsize|p2|6\n|gen|9\n|tier|[Gen 9] National Dex Ubers\n|rated|\n|rule|HP Percentage Mod: HP is shown in percentages\n|rule|Endless Battle Clause: Forcing endless battles is banned\n|rule|OHKO Clause: OHKO moves are banned\n|rule|Evasion Moves Clause: Evasion moves are banned\n|rule|Evasion Items Clause: Evasion items are banned\n|rule|Species Clause: Limit one of each Pok\u00e9mon\n|rule|Sleep Clause Mod: Limit one foe put to sleep\n|rule|Mega Rayquaza Clause: You cannot mega evolve Rayquaza\n|clearpoke\n|poke|p1|Zekrom|\n|poke|p1|Mewtwo|\n|poke|p1|Giratina-Origin|\n|poke|p1|Urshifu-*, M|\n|poke|p1|Iron Bundle|\n|poke|p1|Landorus, M|\n|poke|p2|Giratina|\n|poke|p2|Dondozo, M|\n|poke|p2|Chansey, F|\n|poke|p2|Tyranitar, M|\n|poke|p2|Ho-Oh|\n|poke|p2|Mewtwo|\n|teampreview\n|\n|t:|1699896761\n|start\n|switch|p1a: Thor|Zekrom, shiny|100\/100\n|switch|p2a: Tyranitar|Tyranitar, M, shiny|100\/100\n|-ability|p1a: Thor|Teravolt\n|-weather|Sandstorm|[from] ability: Sand Stream|[of] p2a: Tyranitar\n|turn|1\n|\n|t:|1699896767\n|detailschange|p2a: Tyranitar|Tyranitar-Mega, M, shiny\n|-mega|p2a: Tyranitar|Tyranitar|Tyranitarite\n|move|p1a: Thor|Volt Switch|p2a: Tyranitar\n|-damage|p2a: Tyranitar|91\/100\n|\n|t:|1699896777\n|switch|p1a: Calrissian|Landorus, M|100\/100|[from] Volt Switch\n|move|p2a: Tyranitar|Toxic|p1a: Calrissian\n|-status|p1a: Calrissian|tox\n|\n|-weather|Sandstorm|[upkeep]\n|-damage|p1a: Calrissian|95\/100 tox|[from] psn\n|upkeep\n|turn|2\n|\n|t:|1699896790\n|move|p1a: Calrissian|Stealth Rock|p2a: Tyranitar\n|-sidestart|p2: vailorn|move: Stealth Rock\n|move|p2a: Tyranitar|Stealth Rock|p1a: Calrissian\n|-sidestart|p1: AndrewAlmighty|move: Stealth Rock\n|\n|-weather|Sandstorm|[upkeep]\n|-damage|p1a: Calrissian|83\/100 tox|[from] psn\n|upkeep\n|turn|3\n|\n|t:|1699896812\n|switch|p2a: Ho-Oh|Ho-Oh, shiny|100\/100\n|move|p1a: Calrissian|Sandsear Storm|p2a: Ho-Oh\n|-immune|p2a: Ho-Oh\n|\n|-weather|Sandstorm|[upkeep]\n|-damage|p2a: Ho-Oh|94\/100|[from] Sandstorm\n|-damage|p1a: Calrissian|65\/100 tox|[from] psn\n|upkeep\n|turn|4\n|\n|t:|1699896824\n|switch|p1a: Thor|Zekrom, shiny|100\/100\n|-damage|p1a: Thor|88\/100|[from] Stealth Rock\n|-ability|p1a: Thor|Teravolt\n|switch|p2a: Chansey|Chansey, F, shiny|100\/100\n|-damage|p2a: Chansey|88\/100|[from] Stealth Rock\n|\n|-weather|Sandstorm|[upkeep]\n|-damage|p1a: Thor|82\/100|[from] Sandstorm\n|-damage|p2a: Chansey|82\/100|[from] Sandstorm\n|upkeep\n|turn|5\n|\n|t:|1699896843\n|switch|p2a: Ho-Oh|Ho-Oh, shiny|100\/100\n|move|p1a: Thor|Bolt Strike|p2a: Ho-Oh\n|-supereffective|p2a: Ho-Oh\n|-damage|p2a: Ho-Oh|0 fnt\n|faint|p2a: Ho-Oh\n|\n|-weather|none\n|upkeep\n|\n|t:|1699896853\n|switch|p2a: Tyranitar|Tyranitar-Mega, M, shiny|91\/100\n|-damage|p2a: Tyranitar|78\/100|[from] Stealth Rock\n|-weather|Sandstorm|[from] ability: Sand Stream|[of] p2a: Tyranitar\n|turn|6\n|\n|t:|1699896856\n|move|p1a: Thor|Bolt Strike|p2a: Tyranitar\n|-damage|p2a: Tyranitar|32\/100\n|move|p2a: Tyranitar|Toxic|p1a: Thor\n|-status|p1a: Thor|tox\n|\n|-weather|Sandstorm|[upkeep]\n|-damage|p1a: Thor|76\/100 tox|[from] Sandstorm\n|-damage|p1a: Thor|70\/100 tox|[from] psn\n|upkeep\n|turn|7\n|\n|t:|1699896861\n|switch|p2a: Giratina|Giratina, shiny|100\/100\n|-damage|p2a: Giratina|88\/100|[from] Stealth Rock\n|-ability|p2a: Giratina|Pressure\n|move|p1a: Thor|Bolt Strike|p2a: Giratina\n|-resisted|p2a: Giratina\n|-damage|p2a: Giratina|71\/100\n|-status|p2a: Giratina|par\n|\n|-weather|Sandstorm|[upkeep]\n|-damage|p1a: Thor|64\/100 tox|[from] Sandstorm\n|-damage|p2a: Giratina|65\/100 par|[from] Sandstorm\n|-heal|p2a: Giratina|71\/100 par|[from] item: Leftovers\n|-damage|p1a: Thor|52\/100 tox|[from] psn\n|upkeep\n|turn|8\n|\n|t:|1699896873\n|switch|p1a: Hades|Giratina-Origin, shiny|100\/100\n|-damage|p1a: Hades|88\/100|[from] Stealth Rock\n|move|p2a: Giratina|Rest|p2a: Giratina\n|-status|p2a: Giratina|slp|[from] move: Rest\n|-heal|p2a: Giratina|100\/100 slp|[silent]\n|\n|-weather|Sandstorm|[upkeep]\n|-damage|p1a: Hades|82\/100|[from] Sandstorm\n|-damage|p2a: Giratina|94\/100 slp|[from] Sandstorm\n|-heal|p2a: Giratina|100\/100 slp|[from] item: Leftovers\n|upkeep\n|turn|9\n|\n|t:|1699896892\n|switch|p2a: Dondozo|Dondozo, M, shiny|100\/100\n|-damage|p2a: Dondozo|88\/100|[from] Stealth Rock\n|move|p1a: Hades|Defog|p2a: Dondozo\n|-unboost|p2a: Dondozo|evasion|1\n|-sideend|p2: vailorn|Stealth Rock|[from] move: Defog|[of] p1a: Hades\n|-sideend|p1: AndrewAlmighty|Stealth Rock|[from] move: Defog|[of] p1a: Hades\n|\n|-weather|Sandstorm|[upkeep]\n|-damage|p1a: Hades|76\/100|[from] Sandstorm\n|-damage|p2a: Dondozo|82\/100|[from] Sandstorm\n|-heal|p2a: Dondozo|88\/100|[from] item: Leftovers\n|upkeep\n|turn|10\n|\n|t:|1699896901\n|switch|p1a: RoboDeliChkn|Iron Bundle|100\/100\n|move|p2a: Dondozo|Avalanche|p1a: RoboDeliChkn\n|-resisted|p1a: RoboDeliChkn\n|-damage|p1a: RoboDeliChkn|96\/100\n|\n|-weather|none\n|-heal|p2a: Dondozo|94\/100|[from] item: Leftovers\n|upkeep\n|turn|11\n|\n|t:|1699896908\n|switch|p2a: Chansey|Chansey, F, shiny|82\/100\n|move|p1a: RoboDeliChkn|Freeze-Dry|p2a: Chansey\n|-damage|p2a: Chansey|69\/100\n|-status|p2a: Chansey|frz\n|\n|upkeep\n|turn|12\n|\n|t:|1699896912\n|-end|p1a: RoboDeliChkn|Quark Drive|[silent]\n|switch|p1a: Calrissian|Landorus, M|65\/100 tox\n|-curestatus|p2a: Chansey|frz|[from] ability: Natural Cure\n|switch|p2a: Tyranitar|Tyranitar-Mega, M, shiny|32\/100\n|-weather|Sandstorm|[from] ability: Sand Stream|[of] p2a: Tyranitar\n|\n|-weather|Sandstorm|[upkeep]\n|-damage|p1a: Calrissian|59\/100 tox|[from] psn\n|upkeep\n|turn|13\n|\n|t:|1699896916\n|switch|p2a: Chansey|Chansey, F, shiny|69\/100\n|move|p1a: Calrissian|Sandsear Storm|p2a: Chansey\n|-damage|p2a: Chansey|50\/100\n|\n|-weather|Sandstorm|[upkeep]\n|-damage|p2a: Chansey|44\/100|[from] Sandstorm\n|-damage|p1a: Calrissian|47\/100 tox|[from] psn\n|upkeep\n|turn|14\n|\n|t:|1699896918\n|move|p1a: Calrissian|Stealth Rock|p2a: Chansey\n|-sidestart|p2: vailorn|move: Stealth Rock\n|move|p2a: Chansey|Soft-Boiled|p2a: Chansey\n|-heal|p2a: Chansey|94\/100\n|\n|-weather|Sandstorm|[upkeep]\n|-damage|p2a: Chansey|88\/100|[from] Sandstorm\n|-damage|p1a: Calrissian|29\/100 tox|[from] psn\n|upkeep\n|turn|15\n|\n|t:|1699896926\n|switch|p1a: Thor|Zekrom, shiny|52\/100 tox\n|-ability|p1a: Thor|Teravolt\n|move|p2a: Chansey|Seismic Toss|p1a: Thor\n|-damage|p1a: Thor|22\/100 tox\n|\n|-weather|Sandstorm|[upkeep]\n|-damage|p1a: Thor|16\/100 tox|[from] Sandstorm\n|-damage|p2a: Chansey|82\/100|[from] Sandstorm\n|-damage|p1a: Thor|10\/100 tox|[from] psn\n|upkeep\n|turn|16\n|\n|t:|1699896932\n|switch|p2a: Giratina|Giratina, shiny|100\/100 slp\n|-damage|p2a: Giratina|88\/100 slp|[from] Stealth Rock\n|-ability|p2a: Giratina|Pressure\n|move|p1a: Thor|Outrage|p2a: Giratina\n|-supereffective|p2a: Giratina\n|-damage|p2a: Giratina|28\/100 slp\n|\n|-weather|none\n|-heal|p2a: Giratina|35\/100 slp|[from] item: Leftovers\n|-damage|p1a: Thor|0 fnt|[from] psn\n|faint|p1a: Thor\n|upkeep\n|\n|t:|1699896944\n|switch|p1a: Athena|Mewtwo, shiny|100\/100\n|-ability|p1a: Athena|Unnerve\n|turn|17\n|\n|t:|1699896950\n|switch|p2a: Tyranitar|Tyranitar-Mega, M, shiny|32\/100\n|-damage|p2a: Tyranitar|20\/100|[from] Stealth Rock\n|-weather|Sandstorm|[from] ability: Sand Stream|[of] p2a: Tyranitar\n|detailschange|p1a: Athena|Mewtwo-Mega-Y, shiny\n|-mega|p1a: Athena|Mewtwo|Mewtwonite Y\n|move|p1a: Athena|Future Sight|p2a: Tyranitar\n|-start|p1a: Athena|move: Future Sight\n|\n|-weather|Sandstorm|[upkeep]\n|-damage|p1a: Athena|94\/100|[from] Sandstorm\n|upkeep\n|turn|18\n|\n|t:|1699896954\n|move|p1a: Athena|Ice Beam|p2a: Tyranitar\n|-damage|p2a: Tyranitar|5\/100\n|move|p2a: Tyranitar|Knock Off|p1a: Athena\n|-supereffective|p1a: Athena\n|-damage|p1a: Athena|7\/100\n|\n|-weather|Sandstorm|[upkeep]\n|-damage|p1a: Athena|1\/100|[from] Sandstorm\n|upkeep\n|turn|19\n|\n|t:|1699896966\n|switch|p1a: Calrissian|Landorus, M|29\/100 tox\n|move|p2a: Tyranitar|Knock Off|p1a: Calrissian\n|-damage|p1a: Calrissian|0 fnt\n|-enditem|p1a: Calrissian|Life Orb|[from] move: Knock Off|[of] p2a: Tyranitar\n|faint|p1a: Calrissian\n|\n|-weather|Sandstorm|[upkeep]\n|-end|p2a: Tyranitar|move: Future Sight\n|-immune|p2a: Tyranitar\n|upkeep\n|\n|t:|1699896969\n|switch|p1a: RoboDeliChkn|Iron Bundle|96\/100\n|turn|20\n|\n|t:|1699896974\n|move|p1a: RoboDeliChkn|Flip Turn|p2a: Tyranitar\n|-supereffective|p2a: Tyranitar\n|-damage|p2a: Tyranitar|0 fnt\n|faint|p2a: Tyranitar\n|\n|t:|1699896981\n|-end|p1a: RoboDeliChkn|Quark Drive|[silent]\n|switch|p1a: Hades|Giratina-Origin, shiny|76\/100|[from] Flip Turn\n|\n|-weather|Sandstorm|[upkeep]\n|-damage|p1a: Hades|70\/100|[from] Sandstorm\n|upkeep\n|\n|t:|1699896986\n|switch|p2a: Dondozo|Dondozo, M, shiny|94\/100\n|-damage|p2a: Dondozo|82\/100|[from] Stealth Rock\n|turn|21\n|\n|t:|1699896993\n|move|p1a: Hades|Breaking Swipe|p2a: Dondozo\n|-damage|p2a: Dondozo|64\/100\n|-unboost|p2a: Dondozo|atk|1\n|move|p2a: Dondozo|Liquidation|p1a: Hades\n|-resisted|p1a: Hades\n|-damage|p1a: Hades|63\/100\n|\n|-weather|none\n|-heal|p2a: Dondozo|70\/100|[from] item: Leftovers\n|upkeep\n|turn|22\n|\n|t:|1699897002\n|move|p1a: Hades|Earthquake|p2a: Dondozo\n|-damage|p2a: Dondozo|55\/100\n|move|p2a: Dondozo|Avalanche|p1a: Hades\n|-supereffective|p1a: Hades\n|-damage|p1a: Hades|39\/100\n|\n|-heal|p2a: Dondozo|61\/100|[from] item: Leftovers\n|upkeep\n|turn|23\n|\n|t:|1699897009\n|move|p1a: Hades|Breaking Swipe|p2a: Dondozo\n|-damage|p2a: Dondozo|43\/100\n|-unboost|p2a: Dondozo|atk|1\n|move|p2a: Dondozo|Rest|p2a: Dondozo\n|-status|p2a: Dondozo|slp|[from] move: Rest\n|-heal|p2a: Dondozo|100\/100 slp|[silent]\n|\n|upkeep\n|turn|24\n|\n|t:|1699897021\n|switch|p1a: RoboDeliChkn|Iron Bundle|96\/100\n|cant|p2a: Dondozo|slp\n|\n|upkeep\n|turn|25\n|\n|t:|1699897023\n|switch|p2a: Chansey|Chansey, F, shiny|82\/100\n|-damage|p2a: Chansey|69\/100|[from] Stealth Rock\n|move|p1a: RoboDeliChkn|Freeze-Dry|p2a: Chansey\n|-damage|p2a: Chansey|56\/100\n|\n|upkeep\n|turn|26\n|\n|t:|1699897030\n|move|p1a: RoboDeliChkn|Freeze-Dry|p2a: Chansey\n|-damage|p2a: Chansey|42\/100\n|move|p2a: Chansey|Heal Bell|p2a: Chansey\n|-activate|p2a: Chansey|move: Heal Bell\n|-curestatus|p2: Dondozo|slp|[msg]\n|-curestatus|p2: Giratina|slp|[msg]\n|\n|upkeep\n|turn|27\n|\n|t:|1699897039\n|move|p1a: RoboDeliChkn|Freeze-Dry|p2a: Chansey\n|-damage|p2a: Chansey|29\/100\n|move|p2a: Chansey|Soft-Boiled|p2a: Chansey\n|-heal|p2a: Chansey|79\/100\n|\n|upkeep\n|turn|28\n|\n|t:|1699897048\n|-end|p1a: RoboDeliChkn|Quark Drive|[silent]\n|switch|p1a: Hades|Giratina-Origin, shiny|39\/100\n|move|p2a: Chansey|Seismic Toss|p1a: Hades\n|-immune|p1a: Hades\n|\n|upkeep\n|turn|29\n|\n|t:|1699897062\n|switch|p2a: Mewtwo|Mewtwo, shiny|100\/100\n|-damage|p2a: Mewtwo|88\/100|[from] Stealth Rock\n|-ability|p2a: Mewtwo|Pressure\n|move|p1a: Hades|Breaking Swipe|p2a: Mewtwo\n|-damage|p2a: Mewtwo|52\/100\n|-unboost|p2a: Mewtwo|atk|1\n|-damage|p1a: Hades|22\/100|[from] item: Rocky Helmet|[of] p2a: Mewtwo\n|\n|upkeep\n|turn|30\n|\n|t:|1699897072\n|move|p1a: Hades|Shadow Sneak|p2a: Mewtwo\n|-supereffective|p2a: Mewtwo\n|-damage|p2a: Mewtwo|7\/100\n|-damage|p1a: Hades|6\/100|[from] item: Rocky Helmet|[of] p2a: Mewtwo\n|move|p2a: Mewtwo|Foul Play|p1a: Hades\n|-supereffective|p1a: Hades\n|-damage|p1a: Hades|0 fnt\n|faint|p1a: Hades\n|\n|upkeep\n|\n|t:|1699897084\n|switch|p1a: Athena|Mewtwo-Mega-Y, shiny|1\/100\n|turn|31\n|\n|t:|1699897093\n|move|p1a: Athena|Future Sight|p2a: Mewtwo\n|-start|p1a: Athena|move: Future Sight\n|move|p2a: Mewtwo|Foul Play|p1a: Athena\n|-supereffective|p1a: Athena\n|-damage|p1a: Athena|0 fnt\n|faint|p1a: Athena\n|\n|upkeep\n|\n|t:|1699897097\n|switch|p1a: RoboDeliChkn|Iron Bundle|96\/100\n|turn|32\n|\n|t:|1699897103\n|move|p1a: RoboDeliChkn|Flip Turn|p2a: Mewtwo\n|-damage|p2a: Mewtwo|0 fnt\n|-damage|p1a: RoboDeliChkn|80\/100|[from] item: Rocky Helmet|[of] p2a: Mewtwo\n|faint|p2a: Mewtwo\n|\n|t:|1699897106\n|-end|p1a: RoboDeliChkn|Quark Drive|[silent]\n|switch|p1a: Ares|Urshifu, M|100\/100|[from] Flip Turn\n|\n|upkeep\n|\n|t:|1699897121\n|switch|p2a: Giratina|Giratina, shiny|35\/100\n|-damage|p2a: Giratina|22\/100|[from] Stealth Rock\n|-ability|p2a: Giratina|Pressure\n|turn|33\n|\n|t:|1699897124\n|move|p1a: Ares|Wicked Blow|p2a: Giratina\n|-supereffective|p2a: Giratina\n|-crit|p2a: Giratina\n|-damage|p2a: Giratina|0 fnt\n|faint|p2a: Giratina\n|\n|-hint|Future Sight did not hit because the target is fainted.\n|upkeep\n|\n|t:|1699897129\n|switch|p2a: Dondozo|Dondozo, M, shiny|100\/100\n|-damage|p2a: Dondozo|88\/100|[from] Stealth Rock\n|turn|34\n|\n|t:|1699897135\n|move|p1a: Ares|Wicked Blow|p2a: Dondozo\n|-crit|p2a: Dondozo\n|-damage|p2a: Dondozo|61\/100\n|move|p2a: Dondozo|Liquidation|p1a: Ares\n|-damage|p1a: Ares|69\/100\n|\n|-heal|p2a: Dondozo|67\/100|[from] item: Leftovers\n|upkeep\n|turn|35\n|\n|t:|1699897141\n|move|p1a: Ares|Wicked Blow|p2a: Dondozo\n|-crit|p2a: Dondozo\n|-damage|p2a: Dondozo|41\/100\n|move|p2a: Dondozo|Curse|p2a: Dondozo\n|-unboost|p2a: Dondozo|spe|1\n|-boost|p2a: Dondozo|atk|1\n|-boost|p2a: Dondozo|def|1\n|\n|-heal|p2a: Dondozo|47\/100|[from] item: Leftovers\n|upkeep\n|turn|36\n|\n|t:|1699897144\n|move|p1a: Ares|Wicked Blow|p2a: Dondozo\n|-crit|p2a: Dondozo\n|-damage|p2a: Dondozo|20\/100\n|move|p2a: Dondozo|Rest|p2a: Dondozo\n|-status|p2a: Dondozo|slp|[from] move: Rest\n|-heal|p2a: Dondozo|100\/100 slp|[silent]\n|\n|upkeep\n|turn|37\n|\n|t:|1699897154\n|switch|p1a: RoboDeliChkn|Iron Bundle|80\/100\n|cant|p2a: Dondozo|slp\n|\n|upkeep\n|turn|38\n|\n|t:|1699897162\n|switch|p2a: Chansey|Chansey, F, shiny|79\/100\n|-damage|p2a: Chansey|67\/100|[from] Stealth Rock\n|move|p1a: RoboDeliChkn|Freeze-Dry|p2a: Chansey\n|-damage|p2a: Chansey|55\/100\n|\n|upkeep\n|turn|39\n|\n|t:|1699897169\n|-end|p1a: RoboDeliChkn|Quark Drive|[silent]\n|switch|p1a: Ares|Urshifu, M|69\/100\n|move|p2a: Chansey|Soft-Boiled|p2a: Chansey\n|-heal|p2a: Chansey|100\/100\n|\n|upkeep\n|turn|40\n|\n|t:|1699897176\n|switch|p2a: Dondozo|Dondozo, M, shiny|100\/100 slp\n|-damage|p2a: Dondozo|88\/100 slp|[from] Stealth Rock\n|move|p1a: Ares|Close Combat|p2a: Dondozo\n|-damage|p2a: Dondozo|60\/100 slp\n|-unboost|p1a: Ares|def|1\n|-unboost|p1a: Ares|spd|1\n|\n|-heal|p2a: Dondozo|67\/100 slp|[from] item: Leftovers\n|upkeep\n|turn|41\n|\n|t:|1699897183\n|switch|p1a: RoboDeliChkn|Iron Bundle|80\/100\n|cant|p2a: Dondozo|slp\n|\n|-heal|p2a: Dondozo|73\/100 slp|[from] item: Leftovers\n|upkeep\n|turn|42\n|\n|t:|1699897188\n|switch|p2a: Chansey|Chansey, F, shiny|100\/100\n|-damage|p2a: Chansey|88\/100|[from] Stealth Rock\n|move|p1a: RoboDeliChkn|Freeze-Dry|p2a: Chansey\n|-damage|p2a: Chansey|74\/100\n|-status|p2a: Chansey|frz\n|\n|upkeep\n|turn|43\n|\n|t:|1699897192\n|-end|p1a: RoboDeliChkn|Quark Drive|[silent]\n|switch|p1a: Ares|Urshifu, M|69\/100\n|cant|p2a: Chansey|frz\n|\n|upkeep\n|turn|44\n|\n|t:|1699897194\n|switch|p1a: RoboDeliChkn|Iron Bundle|80\/100\n|-curestatus|p2a: Chansey|frz|[from] ability: Natural Cure\n|switch|p2a: Dondozo|Dondozo, M, shiny|73\/100 slp\n|-damage|p2a: Dondozo|60\/100 slp|[from] Stealth Rock\n|\n|-heal|p2a: Dondozo|66\/100 slp|[from] item: Leftovers\n|upkeep\n|turn|45\n|\n|t:|1699897201\n|-terastallize|p2a: Dondozo|Fairy\n|move|p1a: RoboDeliChkn|Freeze-Dry|p2a: Dondozo\n|-damage|p2a: Dondozo|12\/100 slp\n|-curestatus|p2a: Dondozo|slp|[msg]\n|move|p2a: Dondozo|Rest|p2a: Dondozo\n|-status|p2a: Dondozo|slp|[from] move: Rest\n|-heal|p2a: Dondozo|100\/100 slp|[silent]\n|\n|upkeep\n|turn|46\n|\n|t:|1699897208\n|switch|p2a: Chansey|Chansey, F, shiny|74\/100\n|-damage|p2a: Chansey|62\/100|[from] Stealth Rock\n|move|p1a: RoboDeliChkn|Freeze-Dry|p2a: Chansey\n|-damage|p2a: Chansey|48\/100\n|\n|upkeep\n|turn|47\n|\n|t:|1699897210\n|-end|p1a: RoboDeliChkn|Quark Drive|[silent]\n|switch|p1a: Ares|Urshifu, M|69\/100\n|move|p2a: Chansey|Seismic Toss|p1a: Ares\n|-damage|p1a: Ares|40\/100\n|\n|upkeep\n|turn|48\n|\n|t:|1699897214\n|switch|p2a: Dondozo|Dondozo, M, shiny, tera:Fairy|100\/100 slp\n|-damage|p2a: Dondozo|88\/100 slp|[from] Stealth Rock\n|move|p1a: Ares|Close Combat|p2a: Dondozo\n|-resisted|p2a: Dondozo\n|-damage|p2a: Dondozo|75\/100 slp\n|-unboost|p1a: Ares|def|1\n|-unboost|p1a: Ares|spd|1\n|\n|-heal|p2a: Dondozo|81\/100 slp|[from] item: Leftovers\n|upkeep\n|turn|49\n|\n|t:|1699897217\n|move|p1a: Ares|Poison Jab|p2a: Dondozo\n|-supereffective|p2a: Dondozo\n|-damage|p2a: Dondozo|57\/100 slp\n|cant|p2a: Dondozo|slp\n|\n|-heal|p2a: Dondozo|63\/100 slp|[from] item: Leftovers\n|upkeep\n|turn|50\n|\n|t:|1699897222\n|switch|p1a: RoboDeliChkn|Iron Bundle|80\/100\n|cant|p2a: Dondozo|slp\n|\n|-heal|p2a: Dondozo|69\/100 slp|[from] item: Leftovers\n|upkeep\n|turn|51\n|\n|t:|1699897228\n|switch|p2a: Chansey|Chansey, F, shiny|48\/100\n|-damage|p2a: Chansey|36\/100|[from] Stealth Rock\n|move|p1a: RoboDeliChkn|Hydro Pump|p2a: Chansey\n|-damage|p2a: Chansey|17\/100\n|\n|upkeep\n|turn|52\n|\n|t:|1699897235\n|move|p1a: RoboDeliChkn|Hydro Pump|p2a: Chansey\n|-damage|p2a: Chansey|0 fnt\n|faint|p2a: Chansey\n|\n|upkeep\n|\n|t:|1699897237\n|switch|p2a: Dondozo|Dondozo, M, shiny, tera:Fairy|69\/100 slp\n|-damage|p2a: Dondozo|57\/100 slp|[from] Stealth Rock\n|turn|53\n|\n|t:|1699897243\n|move|p1a: RoboDeliChkn|Hydro Pump|p2a: Dondozo|[miss]\n|-miss|p1a: RoboDeliChkn|p2a: Dondozo\n|-curestatus|p2a: Dondozo|slp|[msg]\n|move|p2a: Dondozo|Liquidation|p1a: RoboDeliChkn\n|-resisted|p1a: RoboDeliChkn\n|-damage|p1a: RoboDeliChkn|61\/100\n|\n|-heal|p2a: Dondozo|63\/100|[from] item: Leftovers\n|upkeep\n|turn|54\n|\n|t:|1699897246\n|-end|p1a: RoboDeliChkn|Quark Drive|[silent]\n|switch|p1a: Ares|Urshifu, M|40\/100\n|move|p2a: Dondozo|Liquidation|p1a: Ares\n|-damage|p1a: Ares|9\/100\n|\n|-heal|p2a: Dondozo|69\/100|[from] item: Leftovers\n|upkeep\n|turn|55\n|\n|t:|1699897253\n|move|p1a: Ares|Poison Jab|p2a: Dondozo\n|-supereffective|p2a: Dondozo\n|-damage|p2a: Dondozo|46\/100\n|-status|p2a: Dondozo|psn\n|move|p2a: Dondozo|Liquidation|p1a: Ares\n|-damage|p1a: Ares|0 fnt\n|faint|p1a: Ares\n|\n|-heal|p2a: Dondozo|52\/100 psn|[from] item: Leftovers\n|-damage|p2a: Dondozo|40\/100 psn|[from] psn\n|upkeep\n|\n|t:|1699897259\n|switch|p1a: RoboDeliChkn|Iron Bundle|61\/100\n|turn|56\n|\n|t:|1699897262\n|-terastallize|p1a: RoboDeliChkn|Ice\n|move|p1a: RoboDeliChkn|Ice Beam|p2a: Dondozo\n|-damage|p2a: Dondozo|0 fnt\n|faint|p2a: Dondozo\n|\n|win|AndrewAlmighty\n|raw|AndrewAlmighty's rating: 1386 &rarr; <strong>1414<\/strong><br \/>(+28 for winning)\n|raw|vailorn's rating: 1523 &rarr; <strong>1495<\/strong><br \/>(-28 for losing)\n","uploadtime":1699897264,"views":6,"p1id":"andrewalmighty","p2id":"vailorn","formatid":"gen9nationaldexubers","rating":1414,"private":0,"password":""}