{"id":"gen9nationaldexubers-1983173819","p1":"Snaz_27","p2":"smird","format":"[Gen 9] National Dex Ubers","log":"|j|\u2606Snaz_27\n|j|\u2606smird\n|t:|1699100389\n|gametype|singles\n|player|p1|Snaz_27|red-gen7|\n|player|p2|smird|oak-gen1rb|\n|teamsize|p1|6\n|teamsize|p2|6\n|gen|9\n|tier|[Gen 9] National Dex Ubers\n|rule|HP Percentage Mod: HP is shown in percentages\n|rule|Endless Battle Clause: Forcing endless battles is banned\n|rule|OHKO Clause: OHKO moves are banned\n|rule|Evasion Moves Clause: Evasion moves are banned\n|rule|Evasion Items Clause: Evasion items are banned\n|rule|Species Clause: Limit one of each Pok\u00e9mon\n|rule|Sleep Clause Mod: Limit one foe put to sleep\n|rule|Mega Rayquaza Clause: You cannot mega evolve Rayquaza\n|clearpoke\n|poke|p1|Typhlosion-Hisui, M|\n|poke|p1|Pawmot, M|\n|poke|p1|Ogerpon-Wellspring, F|\n|poke|p1|Camerupt, M|\n|poke|p1|Slowbro, M|\n|poke|p1|Clodsire, M|\n|poke|p2|Melmetal|\n|poke|p2|Slowbro, M|\n|poke|p2|Skeledirge, F|\n|poke|p2|Dragonite, M|\n|poke|p2|Toxicroak, F|\n|poke|p2|Raichu-Alola, M|\n|teampreview\n|\n|t:|1699100395\n|start\n|switch|p1a: Paco|Slowbro, M|100\/100\n|switch|p2a: Toxicroak|Toxicroak, F|100\/100\n|turn|1\n|\n|t:|1699100404\n|-terastallize|p2a: Toxicroak|Dark\n|move|p2a: Toxicroak|Sucker Punch||[still]\n|-fail|p2a: Toxicroak\n|move|p1a: Paco|Block|p2a: Toxicroak\n|-activate|p2a: Toxicroak|trapped\n|\n|upkeep\n|turn|2\n|\n|t:|1699100412\n|move|p2a: Toxicroak|Sucker Punch||[still]\n|-fail|p2a: Toxicroak\n|move|p1a: Paco|Slack Off||[still]\n|-fail|p1a: Paco|heal\n|\n|upkeep\n|turn|3\n|\n|t:|1699100420\n|move|p2a: Toxicroak|Swords Dance|p2a: Toxicroak\n|-boost|p2a: Toxicroak|atk|2\n|move|p1a: Paco|Slack Off||[still]\n|-fail|p1a: Paco|heal\n|\n|upkeep\n|turn|4\n|\n|t:|1699100427\n|move|p2a: Toxicroak|Swords Dance|p2a: Toxicroak\n|-boost|p2a: Toxicroak|atk|2\n|move|p1a: Paco|Slack Off||[still]\n|-fail|p1a: Paco|heal\n|\n|upkeep\n|turn|5\n|\n|t:|1699100434\n|move|p2a: Toxicroak|Swords Dance|p2a: Toxicroak\n|-boost|p2a: Toxicroak|atk|2\n|move|p1a: Paco|Slack Off||[still]\n|-fail|p1a: Paco|heal\n|\n|upkeep\n|turn|6\n|\n|t:|1699100441\n|move|p2a: Toxicroak|Swords Dance|p2a: Toxicroak\n|-boost|p2a: Toxicroak|atk|0\n|move|p1a: Paco|Slack Off||[still]\n|-fail|p1a: Paco|heal\n|\n|upkeep\n|turn|7\n|\n|t:|1699100450\n|move|p2a: Toxicroak|Swords Dance|p2a: Toxicroak\n|-boost|p2a: Toxicroak|atk|0\n|move|p1a: Paco|Slack Off||[still]\n|-fail|p1a: Paco|heal\n|\n|upkeep\n|turn|8\n|\n|t:|1699100459\n|move|p2a: Toxicroak|Swords Dance|p2a: Toxicroak\n|-boost|p2a: Toxicroak|atk|0\n|move|p1a: Paco|Slack Off||[still]\n|-fail|p1a: Paco|heal\n|\n|upkeep\n|turn|9\n|\n|t:|1699100466\n|move|p2a: Toxicroak|Swords Dance|p2a: Toxicroak\n|-boost|p2a: Toxicroak|atk|0\n|move|p1a: Paco|Slack Off||[still]\n|-fail|p1a: Paco|heal\n|-enditem|p1a: Paco|Leppa Berry|[eat]\n|-activate|p1a: Paco|item: Leppa Berry|Slack Off|[consumed]\n|\n|upkeep\n|turn|10\n|\n|t:|1699100477\n|move|p2a: Toxicroak|Swords Dance|p2a: Toxicroak\n|-boost|p2a: Toxicroak|atk|0\n|move|p1a: Paco|Slack Off||[still]\n|-fail|p1a: Paco|heal\n|\n|upkeep\n|turn|11\n|\n|t:|1699100484\n|move|p2a: Toxicroak|Swords Dance|p2a: Toxicroak\n|-boost|p2a: Toxicroak|atk|0\n|move|p1a: Paco|Recycle|p1a: Paco\n|-item|p1a: Paco|Leppa Berry|[from] move: Recycle\n|\n|upkeep\n|turn|12\n|\n|t:|1699100492\n|move|p2a: Toxicroak|Swords Dance|p2a: Toxicroak\n|-boost|p2a: Toxicroak|atk|0\n|move|p1a: Paco|Slack Off||[still]\n|-fail|p1a: Paco|heal\n|\n|upkeep\n|turn|13\n|\n|t:|1699100498\n|move|p2a: Toxicroak|Swords Dance|p2a: Toxicroak\n|-boost|p2a: Toxicroak|atk|0\n|move|p1a: Paco|Slack Off||[still]\n|-fail|p1a: Paco|heal\n|\n|upkeep\n|turn|14\n|\n|t:|1699100507\n|move|p2a: Toxicroak|Swords Dance|p2a: Toxicroak\n|-boost|p2a: Toxicroak|atk|0\n|move|p1a: Paco|Slack Off||[still]\n|-fail|p1a: Paco|heal\n|\n|upkeep\n|turn|15\n|\n|t:|1699100515\n|move|p2a: Toxicroak|Gunk Shot|p1a: Paco\n|-damage|p1a: Paco|0 fnt\n|faint|p1a: Paco\n|-damage|p2a: Toxicroak|91\/100|[from] item: Life Orb\n|\n|upkeep\n|\n|t:|1699100523\n|switch|p1a: Gargantua|Ogerpon-Wellspring, F|100\/100\n|turn|16\n|\n|t:|1699100529\n|move|p2a: Toxicroak|Sucker Punch|p1a: Gargantua\n|-damage|p1a: Gargantua|0 fnt\n|faint|p1a: Gargantua\n|-damage|p2a: Toxicroak|81\/100|[from] item: Life Orb\n|\n|upkeep\n|\n|t:|1699100535\n|switch|p1a: Po|Pawmot, M|100\/100\n|turn|17\n|\n|t:|1699100542\n|move|p2a: Toxicroak|Sucker Punch|p1a: Po\n|-resisted|p1a: Po\n|-damage|p1a: Po|0 fnt\n|faint|p1a: Po\n|-damage|p2a: Toxicroak|71\/100|[from] item: Life Orb\n|\n|upkeep\n|\n|t:|1699100548\n|switch|p1a: Escobar|Camerupt, M, shiny|100\/100\n|turn|18\n|\n|t:|1699100554\n|detailschange|p1a: Escobar|Camerupt-Mega, M, shiny\n|-mega|p1a: Escobar|Camerupt|Cameruptite\n|move|p2a: Toxicroak|Sucker Punch|p1a: Escobar\n|-damage|p1a: Escobar|0 fnt\n|faint|p1a: Escobar\n|-damage|p2a: Toxicroak|61\/100|[from] item: Life Orb\n|\n|upkeep\n|\n|t:|1699100562\n|switch|p1a: Alfred|Typhlosion-Hisui, M|100\/100\n|turn|19\n|\n|t:|1699100602\n|move|p2a: Toxicroak|Sucker Punch|p1a: Alfred\n|-supereffective|p1a: Alfred\n|-damage|p1a: Alfred|0 fnt\n|faint|p1a: Alfred\n|-damage|p2a: Toxicroak|52\/100|[from] item: Life Orb\n|\n|upkeep\n|\n|t:|1699100614\n|switch|p1a: Blob|Clodsire, M|100\/100\n|turn|20\n|\n|t:|1699100622\n|move|p2a: Toxicroak|Sucker Punch||[still]\n|-fail|p2a: Toxicroak\n|move|p1a: Blob|Spikes|p2a: Toxicroak\n|-sidestart|p2: smird|Spikes\n|\n|upkeep\n|turn|21\n|\n|t:|1699100630\n|move|p2a: Toxicroak|Gunk Shot|p1a: Blob\n|-resisted|p1a: Blob\n|-crit|p1a: Blob\n|-damage|p1a: Blob|0 fnt\n|faint|p1a: Blob\n|-damage|p2a: Toxicroak|42\/100|[from] item: Life Orb\n|\n|win|smird\n","uploadtime":1699100638,"views":11,"p1id":"snaz27","p2id":"smird","formatid":"gen9nationaldexubers","rating":0,"private":0,"password":""}