{"id":"gen9nationaldexubers-1987316748","p1":"Tran minh quan","p2":"aguinaldo124","format":"[Gen 9] National Dex Ubers","log":"|j|\u2606Tran minh quan\n|j|\u2606aguinaldo124\n|t:|1699576738\n|gametype|singles\n|player|p1|Tran minh quan|lucas|1069\n|player|p2|aguinaldo124|bruno|1019\n|teamsize|p1|6\n|teamsize|p2|6\n|gen|9\n|tier|[Gen 9] National Dex Ubers\n|rated|\n|rule|HP Percentage Mod: HP is shown in percentages\n|rule|Endless Battle Clause: Forcing endless battles is banned\n|rule|OHKO Clause: OHKO moves are banned\n|rule|Evasion Moves Clause: Evasion moves are banned\n|rule|Evasion Items Clause: Evasion items are banned\n|rule|Species Clause: Limit one of each Pok\u00e9mon\n|rule|Sleep Clause Mod: Limit one foe put to sleep\n|rule|Mega Rayquaza Clause: You cannot mega evolve Rayquaza\n|clearpoke\n|poke|p1|Lucario, F|\n|poke|p1|Rillaboom, M|\n|poke|p1|Aurorus, M|\n|poke|p1|Charizard, M|\n|poke|p1|Dragonite, F|\n|poke|p1|Milotic, F|\n|poke|p2|Pikachu, F|\n|poke|p2|Plusle, M|\n|poke|p2|Emolga, F|\n|poke|p2|Dedenne, F|\n|poke|p2|Morpeko, M|\n|poke|p2|Pawmot, F|\n|teampreview\n|inactive|Battle timer is ON: inactive players will automatically lose when time's up. (requested by aguinaldo124)\n|\n|t:|1699576750\n|start\n|switch|p1a: Aurorus|Aurorus, M|100\/100\n|switch|p2a: Emolga|Emolga, F|100\/100\n|turn|1\n|\n|t:|1699576759\n|move|p2a: Emolga|Swagger|p1a: Aurorus\n|-boost|p1a: Aurorus|atk|2\n|-enditem|p2a: Emolga|Mirror Herb\n|-boost|p2a: Emolga|atk|2|[from] item: Mirror Herb\n|-start|p1a: Aurorus|confusion\n|-activate|p1a: Aurorus|confusion\n|-damage|p1a: Aurorus|86\/100|[from] confusion\n|\n|upkeep\n|turn|2\n|\n|t:|1699576788\n|move|p2a: Emolga|Wild Charge|p1a: Aurorus\n|-damage|p1a: Aurorus|21\/100\n|-damage|p2a: Emolga|71\/100|[from] Recoil\n|-activate|p1a: Aurorus|confusion\n|move|p1a: Aurorus|Light Screen|p1a: Aurorus\n|-sidestart|p1: Tran minh quan|move: Light Screen\n|\n|upkeep\n|turn|3\n|\n|t:|1699576796\n|move|p2a: Emolga|Knock Off|p1a: Aurorus\n|-damage|p1a: Aurorus|0 fnt\n|faint|p1a: Aurorus\n|\n|upkeep\n|\n|t:|1699576804\n|switch|p1a: Rillaboom|Rillaboom, M|100\/100\n|-fieldstart|move: Grassy Terrain|[from] ability: Grassy Surge|[of] p1a: Rillaboom\n|turn|4\n|\n|t:|1699576809\n|move|p1a: Rillaboom|Grassy Glide|p2a: Emolga\n|-resisted|p2a: Emolga\n|-damage|p2a: Emolga|16\/100\n|move|p2a: Emolga|Acrobatics|p1a: Rillaboom\n|-supereffective|p1a: Rillaboom\n|-damage|p1a: Rillaboom|0 fnt\n|faint|p1a: Rillaboom\n|\n|upkeep\n|\n|t:|1699576821\n|switch|p1a: Dragonite|Dragonite, F|100\/100\n|turn|5\n|\n|t:|1699576825\n|move|p2a: Emolga|Acrobatics|p1a: Dragonite\n|-damage|p1a: Dragonite|54\/100\n|move|p1a: Dragonite|Earthquake|p2a: Emolga\n|-immune|p2a: Emolga\n|\n|upkeep\n|turn|6\n|\n|t:|1699576833\n|move|p2a: Emolga|Acrobatics|p1a: Dragonite\n|-damage|p1a: Dragonite|0 fnt\n|faint|p1a: Dragonite\n|\n|-sideend|p1: Tran minh quan|move: Light Screen\n|upkeep\n|\n|t:|1699576840\n|switch|p1a: Lucario|Lucario, F|100\/100\n|turn|7\n|c|\u2606aguinaldo124|?????\n|\n|t:|1699576844\n|move|p1a: Lucario|Bullet Punch|p2a: Emolga\n|-resisted|p2a: Emolga\n|-damage|p2a: Emolga|0 fnt\n|faint|p2a: Emolga\n|\n|upkeep\n|\n|t:|1699576858\n|switch|p2a: Plusle|Plusle, M|100\/100\n|turn|8\n|\n|t:|1699576863\n|move|p2a: Plusle|Nasty Plot|p2a: Plusle\n|-boost|p2a: Plusle|spa|2\n|move|p1a: Lucario|Meteor Mash|p2a: Plusle\n|-resisted|p2a: Plusle\n|-damage|p2a: Plusle|41\/100\n|\n|-heal|p2a: Plusle|48\/100|[from] Grassy Terrain\n|-fieldend|move: Grassy Terrain\n|upkeep\n|turn|9\n|\n|t:|1699576874\n|move|p1a: Lucario|Bullet Punch|p2a: Plusle\n|-resisted|p2a: Plusle\n|-damage|p2a: Plusle|23\/100\n|move|p2a: Plusle|Hidden Power|p1a: Lucario\n|-supereffective|p1a: Lucario\n|-crit|p1a: Lucario\n|-damage|p1a: Lucario|0 fnt\n|faint|p1a: Lucario\n|\n|upkeep\n|\n|t:|1699576883\n|switch|p1a: Charizard|Charizard, M|100\/100\n|turn|10\n|\n|t:|1699576888\n|detailschange|p1a: Charizard|Charizard-Mega-Y, M\n|-mega|p1a: Charizard|Charizard|Charizardite Y\n|-weather|SunnyDay|[from] ability: Drought|[of] p1a: Charizard\n|move|p1a: Charizard|Weather Ball|p2a: Plusle\n|-damage|p2a: Plusle|0 fnt\n|faint|p2a: Plusle\n|\n|-weather|SunnyDay|[upkeep]\n|upkeep\n|\n|t:|1699576898\n|switch|p2a: Pawmot|Pawmot, F|100\/100\n|turn|11\n|\n|t:|1699576902\n|move|p2a: Pawmot|Double Shock|p1a: Charizard\n|-supereffective|p1a: Charizard\n|-damage|p1a: Charizard|0 fnt\n|-start|p2a: Pawmot|typechange|???\/Fighting|[from] move: Double Shock\n|faint|p1a: Charizard\n|\n|-weather|SunnyDay|[upkeep]\n|upkeep\n|\n|t:|1699576910\n|switch|p1a: Milotic|Milotic, F|100\/100\n|turn|12\n|\n|t:|1699576914\n|switch|p2a: Morpeko|Morpeko, M|100\/100\n|move|p1a: Milotic|Mimic||[still]\n|-fail|p1a: Milotic\n|\n|-weather|SunnyDay|[upkeep]\n|-formechange|p2a: Morpeko|Morpeko-Hangry||[from] ability: Hunger Switch\n|upkeep\n|turn|13\n|\n|t:|1699576923\n|move|p2a: Morpeko|Aura Wheel|p1a: Milotic\n|-damage|p1a: Milotic|33\/100\n|-boost|p2a: Morpeko|spe|1\n|-damage|p2a: Morpeko|91\/100|[from] item: Life Orb\n|move|p1a: Milotic|Hydro Pump|p2a: Morpeko\n|-damage|p2a: Morpeko|35\/100\n|\n|-weather|SunnyDay|[upkeep]\n|-formechange|p2a: Morpeko|Morpeko||[from] ability: Hunger Switch\n|upkeep\n|turn|14\n|\n|t:|1699576935\n|move|p2a: Morpeko|Aura Wheel|p1a: Milotic\n|-supereffective|p1a: Milotic\n|-damage|p1a: Milotic|0 fnt\n|-boost|p2a: Morpeko|spe|1\n|faint|p1a: Milotic\n|-damage|p2a: Morpeko|25\/100|[from] item: Life Orb\n|\n|win|aguinaldo124\n|raw|Tran minh quan's rating: 1069 &rarr; <strong>1046<\/strong><br \/>(-23 for losing)\n|raw|aguinaldo124's rating: 1019 &rarr; <strong>1061<\/strong><br \/>(+42 for winning)\n|c|\u2606aguinaldo124|Ggwp\n","uploadtime":1699576951,"views":14,"p1id":"tranminhquan","p2id":"aguinaldo124","formatid":"gen9nationaldexubers","rating":1046,"private":0,"password":""}