{"id":"gen9nationaldexubers-1983464344","p1":"Joiboi02","p2":"Finpom","format":"[Gen 9] National Dex Ubers","log":"|j|\u2606Joiboi02\n|j|\u2606Finpom\n|t:|1699132913\n|gametype|singles\n|player|p1|Joiboi02|101|1165\n|player|p2|Finpom|ingo|1232\n|teamsize|p1|6\n|teamsize|p2|6\n|gen|9\n|tier|[Gen 9] National Dex Ubers\n|rated|\n|rule|HP Percentage Mod: HP is shown in percentages\n|rule|Endless Battle Clause: Forcing endless battles is banned\n|rule|OHKO Clause: OHKO moves are banned\n|rule|Evasion Moves Clause: Evasion moves are banned\n|rule|Evasion Items Clause: Evasion items are banned\n|rule|Species Clause: Limit one of each Pok\u00e9mon\n|rule|Sleep Clause Mod: Limit one foe put to sleep\n|rule|Mega Rayquaza Clause: You cannot mega evolve Rayquaza\n|clearpoke\n|poke|p1|Metagross|\n|poke|p1|Marshadow|\n|poke|p1|Naganadel|\n|poke|p1|Ogerpon-Hearthflame, F|\n|poke|p1|Tapu Lele|\n|poke|p1|Iron Bundle|\n|poke|p2|Flutter Mane|\n|poke|p2|Annihilape, M|\n|poke|p2|Mewtwo|\n|poke|p2|Groudon|\n|poke|p2|Arceus-Steel|\n|poke|p2|Eternatus|\n|teampreview\n|inactive|Battle timer is ON: inactive players will automatically lose when time's up. (requested by Finpom)\n|\n|t:|1699132933\n|start\n|switch|p1a: Marshadow|Marshadow|100\/100\n|switch|p2a: Groudon|Groudon|100\/100\n|detailschange|p2a: Groudon|Groudon-Primal\n|-primal|p2a: Groudon|Red Orb\n|-weather|DesolateLand|[from] ability: Desolate Land|[of] p2a: Groudon\n|turn|1\n|\n|t:|1699132941\n|move|p1a: Marshadow|Knock Off|p2a: Groudon\n|-damage|p2a: Groudon|85\/100\n|move|p2a: Groudon|Stealth Rock|p1a: Marshadow\n|-sidestart|p1: Joiboi02|move: Stealth Rock\n|\n|-weather|DesolateLand|[upkeep]\n|upkeep\n|turn|2\n|\n|t:|1699132947\n|move|p1a: Marshadow|Shadow Sneak|p2a: Groudon\n|-damage|p2a: Groudon|66\/100\n|move|p2a: Groudon|Heat Crash|p1a: Marshadow\n|-damage|p1a: Marshadow|0 fnt\n|faint|p1a: Marshadow\n|\n|-weather|DesolateLand|[upkeep]\n|upkeep\n|\n|t:|1699132956\n|switch|p1a: Ogerpon|Ogerpon-Hearthflame, F|100\/100\n|-damage|p1a: Ogerpon|76\/100|[from] Stealth Rock\n|-ability|p1a: Ogerpon|Mold Breaker\n|turn|3\n|\n|t:|1699132967\n|-terastallize|p1a: Ogerpon|Fire\n|detailschange|p1a: Ogerpon|Ogerpon-Hearthflame-Tera, F, tera:Fire\n|-ability|p1a: Ogerpon|Embody Aspect (Hearthflame)|boost\n|-boost|p1a: Ogerpon|atk|1\n|move|p1a: Ogerpon|Ivy Cudgel|p2a: Groudon\n|-resisted|p2a: Groudon\n|-damage|p2a: Groudon|0 fnt\n|faint|p2a: Groudon\n|-weather|none\n|\n|upkeep\n|\n|t:|1699132977\n|switch|p2a: Mewtwo|Mewtwo|100\/100\n|-ability|p2a: Mewtwo|Pressure\n|turn|4\n|\n|t:|1699132984\n|detailschange|p2a: Mewtwo|Mewtwo-Mega-Y\n|-mega|p2a: Mewtwo|Mewtwo|Mewtwonite Y\n|move|p2a: Mewtwo|Earth Power|p1a: Ogerpon\n|-supereffective|p1a: Ogerpon\n|-damage|p1a: Ogerpon|0 fnt\n|faint|p1a: Ogerpon\n|\n|upkeep\n|\n|t:|1699132998\n|switch|p1a: Tapu Lele|Tapu Lele, shiny|100\/100\n|-damage|p1a: Tapu Lele|88\/100|[from] Stealth Rock\n|-fieldstart|move: Psychic Terrain|[from] ability: Psychic Surge|[of] p1a: Tapu Lele\n|turn|5\n|\n|t:|1699133004\n|move|p2a: Mewtwo|Fire Blast|p1a: Tapu Lele\n|-damage|p1a: Tapu Lele|35\/100\n|move|p1a: Tapu Lele|Toxic|p2a: Mewtwo\n|-status|p2a: Mewtwo|tox\n|\n|-damage|p2a: Mewtwo|94\/100 tox|[from] psn\n|upkeep\n|turn|6\n|\n|t:|1699133010\n|move|p2a: Mewtwo|Fire Blast|p1a: Tapu Lele\n|-damage|p1a: Tapu Lele|0 fnt\n|faint|p1a: Tapu Lele\n|\n|-damage|p2a: Mewtwo|82\/100 tox|[from] psn\n|upkeep\n|\n|t:|1699133015\n|switch|p1a: Iron Bundle|Iron Bundle, shiny|100\/100\n|-damage|p1a: Iron Bundle|76\/100|[from] Stealth Rock\n|-enditem|p1a: Iron Bundle|Booster Energy\n|-activate|p1a: Iron Bundle|ability: Quark Drive|[fromitem]\n|-start|p1a: Iron Bundle|quarkdrivespa\n|turn|7\n|\n|t:|1699133019\n|move|p2a: Mewtwo|Focus Blast|p1a: Iron Bundle\n|-supereffective|p1a: Iron Bundle\n|-damage|p1a: Iron Bundle|0 fnt\n|faint|p1a: Iron Bundle\n|-end|p1a: Iron Bundle|Quark Drive|[silent]\n|\n|-damage|p2a: Mewtwo|63\/100 tox|[from] psn\n|upkeep\n|\n|t:|1699133021\n|switch|p1a: Naganadel|Naganadel, shiny|100\/100\n|-damage|p1a: Naganadel|88\/100|[from] Stealth Rock\n|turn|8\n|\n|t:|1699133024\n|move|p2a: Mewtwo|Psychic|p1a: Naganadel\n|-supereffective|p1a: Naganadel\n|-damage|p1a: Naganadel|0 fnt\n|faint|p1a: Naganadel\n|\n|-damage|p2a: Mewtwo|38\/100 tox|[from] psn\n|upkeep\n|\n|t:|1699133026\n|switch|p1a: Metagross|Metagross, shiny|100\/100\n|-damage|p1a: Metagross|95\/100|[from] Stealth Rock\n|turn|9\n|\n|t:|1699133030\n|detailschange|p1a: Metagross|Metagross-Mega, shiny\n|-mega|p1a: Metagross|Metagross|Metagrossite\n|move|p1a: Metagross|Bullet Punch|p2a: Mewtwo\n|-activate|p2a: Mewtwo|move: Psychic Terrain\n|move|p2a: Mewtwo|Earth Power|p1a: Metagross\n|-supereffective|p1a: Metagross\n|-damage|p1a: Metagross|4\/100\n|\n|-damage|p2a: Mewtwo|7\/100 tox|[from] psn\n|-fieldend|move: Psychic Terrain\n|upkeep\n|turn|10\n|\n|t:|1699133035\n|move|p1a: Metagross|Bullet Punch|p2a: Mewtwo\n|-damage|p2a: Mewtwo|0 fnt\n|faint|p2a: Mewtwo\n|\n|upkeep\n|\n|t:|1699133038\n|switch|p2a: Annihilape|Annihilape, M|100\/100\n|turn|11\n|\n|t:|1699133040\n|move|p1a: Metagross|Bullet Punch|p2a: Annihilape\n|-damage|p2a: Annihilape|70\/100\n|move|p2a: Annihilape|Rage Fist|p1a: Metagross\n|-supereffective|p1a: Metagross\n|-damage|p1a: Metagross|0 fnt\n|faint|p1a: Metagross\n|\n|win|Finpom\n|raw|Joiboi02's rating: 1165 &rarr; <strong>1145<\/strong><br \/>(-20 for losing)\n|raw|Finpom's rating: 1232 &rarr; <strong>1252<\/strong><br \/>(+20 for winning)\n","uploadtime":1699133052,"views":7,"p1id":"joiboi02","p2id":"finpom","formatid":"gen9nationaldexubers","rating":1145,"private":0,"password":""}