{"id":"gen9nationaldexubers-1995292334","p1":"Chaitanya15","p2":"ParanoidWizard","format":"[Gen 9] National Dex Ubers","log":"|j|\u2606Chaitanya15\n|j|\u2606ParanoidWizard\n|t:|1700548110\n|gametype|singles\n|player|p1|Chaitanya15|101|1496\n|player|p2|ParanoidWizard|wallace|1507\n|teamsize|p1|6\n|teamsize|p2|6\n|gen|9\n|tier|[Gen 9] National Dex Ubers\n|rated|\n|rule|HP Percentage Mod: HP is shown in percentages\n|rule|Endless Battle Clause: Forcing endless battles is banned\n|rule|OHKO Clause: OHKO moves are banned\n|rule|Evasion Moves Clause: Evasion moves are banned\n|rule|Evasion Items Clause: Evasion items are banned\n|rule|Species Clause: Limit one of each Pok\u00e9mon\n|rule|Sleep Clause Mod: Limit one foe put to sleep\n|rule|Mega Rayquaza Clause: You cannot mega evolve Rayquaza\n|clearpoke\n|poke|p1|Kingambit, M|\n|poke|p1|Basculegion, M|\n|poke|p1|Kyogre|\n|poke|p1|Flutter Mane|\n|poke|p1|Deoxys-Speed|\n|poke|p1|Groudon|\n|poke|p2|Zacian-*|\n|poke|p2|Kyurem-Black|\n|poke|p2|Dragonite, M|\n|poke|p2|Ho-Oh|\n|poke|p2|Cyclizar, F|\n|poke|p2|Arceus|\n|teampreview\n|inactive|Battle timer is ON: inactive players will automatically lose when time's up. (requested by ParanoidWizard)\n|\n|t:|1700548125\n|start\n|switch|p1a: Flutter Mane|Flutter Mane|100\/100\n|switch|p2a: Dragonite|Dragonite, M|100\/100\n|-enditem|p1a: Flutter Mane|Booster Energy\n|-activate|p1a: Flutter Mane|ability: Protosynthesis|[fromitem]\n|-start|p1a: Flutter Mane|protosynthesisspe\n|turn|1\n|\n|t:|1700548139\n|move|p1a: Flutter Mane|Moonblast|p2a: Dragonite\n|-supereffective|p2a: Dragonite\n|-damage|p2a: Dragonite|0 fnt\n|faint|p2a: Dragonite\n|\n|upkeep\n|\n|t:|1700548146\n|switch|p2a: Zacian|Zacian-Crowned|100\/100\n|-ability|p2a: Zacian|Intrepid Sword|boost\n|-boost|p2a: Zacian|atk|1\n|turn|2\n|\n|t:|1700548153\n|move|p1a: Flutter Mane|Mystical Fire|p2a: Zacian\n|-supereffective|p2a: Zacian\n|-damage|p2a: Zacian|54\/100\n|-unboost|p2a: Zacian|spa|1\n|move|p2a: Zacian|Behemoth Blade|p1a: Flutter Mane\n|-supereffective|p1a: Flutter Mane\n|-damage|p1a: Flutter Mane|0 fnt\n|faint|p1a: Flutter Mane\n|-end|p1a: Flutter Mane|Protosynthesis|[silent]\n|\n|upkeep\n|\n|t:|1700548164\n|switch|p1a: Groudon|Groudon|100\/100\n|detailschange|p1a: Groudon|Groudon-Primal\n|-primal|p1a: Groudon|Red Orb\n|-weather|DesolateLand|[from] ability: Desolate Land|[of] p1a: Groudon\n|turn|3\n|\n|t:|1700548173\n|switch|p2a: Zapdoh|Ho-Oh, shiny|100\/100\n|move|p1a: Groudon|Rock Polish|p1a: Groudon\n|-boost|p1a: Groudon|spe|2\n|\n|-weather|DesolateLand|[upkeep]\n|upkeep\n|turn|4\n|\n|t:|1700548180\n|move|p1a: Groudon|Swords Dance|p1a: Groudon\n|-boost|p1a: Groudon|atk|2\n|move|p2a: Zapdoh|Earth Power|p1a: Groudon\n|-supereffective|p1a: Groudon\n|-damage|p1a: Groudon|42\/100\n|\n|-weather|DesolateLand|[upkeep]\n|upkeep\n|turn|5\n|\n|t:|1700548188\n|move|p1a: Groudon|Heat Crash|p2a: Zapdoh\n|-resisted|p2a: Zapdoh\n|-damage|p2a: Zapdoh|0 fnt\n|faint|p2a: Zapdoh\n|\n|-weather|DesolateLand|[upkeep]\n|upkeep\n|\n|t:|1700548197\n|switch|p2a: Arceus|Arceus|100\/100\n|turn|6\n|\n|t:|1700548206\n|move|p1a: Groudon|Precipice Blades|p2a: Arceus\n|-damage|p2a: Arceus|4\/100\n|move|p2a: Arceus|Cosmic Power|p2a: Arceus\n|-boost|p2a: Arceus|def|1\n|-boost|p2a: Arceus|spd|1\n|\n|-weather|DesolateLand|[upkeep]\n|-heal|p2a: Arceus|10\/100|[from] item: Leftovers\n|upkeep\n|turn|7\n|\n|t:|1700548215\n|move|p1a: Groudon|Heat Crash|p2a: Arceus\n|-damage|p2a: Arceus|0 fnt\n|faint|p2a: Arceus\n|\n|-weather|DesolateLand|[upkeep]\n|upkeep\n|\n|t:|1700548224\n|switch|p2a: Zacian|Zacian-Crowned|54\/100\n|turn|8\n|\n|t:|1700548229\n|move|p1a: Groudon|Heat Crash|p2a: Zacian\n|-supereffective|p2a: Zacian\n|-damage|p2a: Zacian|0 fnt\n|faint|p2a: Zacian\n|\n|-weather|DesolateLand|[upkeep]\n|upkeep\n|\n|t:|1700548238\n|switch|p2a: Kyurem|Kyurem-Black|100\/100\n|-ability|p2a: Kyurem|Teravolt\n|turn|9\n|\n|t:|1700548251\n|move|p1a: Groudon|Heat Crash|p2a: Kyurem\n|-enditem|p2a: Kyurem|Focus Sash\n|-damage|p2a: Kyurem|1\/100\n|move|p2a: Kyurem|Icicle Spear|p1a: Groudon\n|-damage|p1a: Groudon|31\/100\n|-damage|p1a: Groudon|19\/100\n|-damage|p1a: Groudon|7\/100\n|-hitcount|p1a: Groudon|3\n|\n|-weather|DesolateLand|[upkeep]\n|upkeep\n|turn|10\n|\n|t:|1700548262\n|move|p1a: Groudon|Heat Crash|p2a: Kyurem\n|-damage|p2a: Kyurem|0 fnt\n|faint|p2a: Kyurem\n|\n|-weather|DesolateLand|[upkeep]\n|upkeep\n|\n|t:|1700548274\n|switch|p2a: Cyclizar|Cyclizar, F|100\/100\n|turn|11\n|\n|t:|1700548278\n|move|p1a: Groudon|Heat Crash|p2a: Cyclizar\n|-resisted|p2a: Cyclizar\n|-damage|p2a: Cyclizar|0 fnt\n|faint|p2a: Cyclizar\n|\n|win|Chaitanya15\n|raw|Chaitanya15's rating: 1496 &rarr; <strong>1517<\/strong><br \/>(+21 for winning)\n|raw|ParanoidWizard's rating: 1507 &rarr; <strong>1486<\/strong><br \/>(-21 for losing)\n|c|\u2606Chaitanya15|Gg\n|l|\u2606ParanoidWizard\n","uploadtime":1700548293,"views":3,"p1id":"chaitanya15","p2id":"paranoidwizard","formatid":"gen9nationaldexubers","rating":1486,"private":0,"password":""}