{"id":"gen9nationaldexubers-1992024015","p1":"Certified E Kitten","p2":"zooz da tromp","format":"[Gen 9] National Dex Ubers","log":"|j|\u2606Certified E Kitten\n|j|\u2606zooz da tromp\n|t:|1700148648\n|gametype|singles\n|player|p1|Certified E Kitten|wallace|1453\n|player|p2|zooz da tromp|102|1688\n|teamsize|p1|6\n|teamsize|p2|6\n|gen|9\n|tier|[Gen 9] National Dex Ubers\n|rated|\n|rule|HP Percentage Mod: HP is shown in percentages\n|rule|Endless Battle Clause: Forcing endless battles is banned\n|rule|OHKO Clause: OHKO moves are banned\n|rule|Evasion Moves Clause: Evasion moves are banned\n|rule|Evasion Items Clause: Evasion items are banned\n|rule|Species Clause: Limit one of each Pok\u00e9mon\n|rule|Sleep Clause Mod: Limit one foe put to sleep\n|rule|Mega Rayquaza Clause: You cannot mega evolve Rayquaza\n|clearpoke\n|poke|p1|Diancie|\n|poke|p1|Garganacl, M|\n|poke|p1|Glimmora, M|\n|poke|p1|Kleavor, M|\n|poke|p1|Terrakion|\n|poke|p1|Lycanroc-Dusk, M|\n|poke|p2|Dondozo, F|\n|poke|p2|Ho-Oh|\n|poke|p2|Arceus-Dark|\n|poke|p2|Eternatus|\n|poke|p2|Yveltal|\n|poke|p2|Groudon|\n|teampreview\n|inactive|Battle timer is ON: inactive players will automatically lose when time's up. (requested by Certified E Kitten)\n|\n|t:|1700148675\n|start\n|switch|p1a: Beheading Video|Kleavor, M|100\/100\n|switch|p2a: Eternatus|Eternatus|100\/100\n|-ability|p2a: Eternatus|Pressure\n|turn|1\n|\n|t:|1700148681\n|move|p1a: Beheading Video|Stone Axe|p2a: Eternatus\n|-damage|p2a: Eternatus|62\/100\n|-sidestart|p2: zooz da tromp|move: Stealth Rock\n|move|p2a: Eternatus|Sludge Bomb|p1a: Beheading Video\n|-resisted|p1a: Beheading Video\n|-damage|p1a: Beheading Video|65\/100\n|\n|-heal|p2a: Eternatus|69\/100|[from] item: Black Sludge\n|upkeep\n|turn|2\n|\n|t:|1700148689\n|move|p1a: Beheading Video|Stone Axe|p2a: Eternatus\n|-damage|p2a: Eternatus|29\/100\n|move|p2a: Eternatus|Sludge Bomb|p1a: Beheading Video\n|-resisted|p1a: Beheading Video\n|-damage|p1a: Beheading Video|30\/100\n|\n|-heal|p2a: Eternatus|35\/100|[from] item: Black Sludge\n|upkeep\n|turn|3\n|\n|t:|1700148699\n|switch|p2a: Dondozo|Dondozo, F|100\/100\n|-damage|p2a: Dondozo|88\/100|[from] Stealth Rock\n|move|p1a: Beheading Video|Stone Axe|p2a: Dondozo\n|-damage|p2a: Dondozo|62\/100\n|\n|-heal|p2a: Dondozo|68\/100|[from] item: Leftovers\n|upkeep\n|turn|4\n|\n|t:|1700148709\n|switch|p1a: Slither.io|Glimmora, M|100\/100\n|move|p2a: Dondozo|Wave Crash|p1a: Slither.io\n|-supereffective|p1a: Slither.io\n|-damage|p1a: Slither.io|21\/100\n|-activate|p1a: Slither.io|ability: Toxic Debris\n|-sidestart|p2: zooz da tromp|move: Toxic Spikes\n|-damage|p2a: Dondozo|49\/100|[from] Recoil\n|\n|-heal|p2a: Dondozo|55\/100|[from] item: Leftovers\n|upkeep\n|turn|5\n|\n|t:|1700148721\n|switch|p2a: Yveltal|Yveltal|100\/100\n|-damage|p2a: Yveltal|75\/100|[from] Stealth Rock\n|-ability|p2a: Yveltal|Dark Aura\n|move|p1a: Slither.io|Spikes|p2a: Yveltal\n|-sidestart|p2: zooz da tromp|Spikes\n|\n|-heal|p2a: Yveltal|82\/100|[from] item: Leftovers\n|upkeep\n|turn|6\n|\n|t:|1700148731\n|move|p1a: Slither.io|Toxic Spikes|p2a: Yveltal\n|-sidestart|p2: zooz da tromp|move: Toxic Spikes\n|move|p2a: Yveltal|Knock Off|p1a: Slither.io\n|-damage|p1a: Slither.io|0 fnt\n|-enditem|p1a: Slither.io|Focus Sash|[from] move: Knock Off|[of] p2a: Yveltal\n|faint|p1a: Slither.io\n|\n|-heal|p2a: Yveltal|88\/100|[from] item: Leftovers\n|upkeep\n|\n|t:|1700148737\n|switch|p1a: Prowler|Lycanroc-Dusk, M|100\/100\n|turn|7\n|\n|t:|1700148746\n|move|p2a: Yveltal|Sucker Punch|p1a: Prowler\n|-damage|p1a: Prowler|37\/100\n|-zpower|p1a: Prowler\n|move|p1a: Prowler|Splintered Stormshards|p2a: Yveltal|[zeffect]\n|-supereffective|p2a: Yveltal\n|-damage|p2a: Yveltal|0 fnt\n|faint|p2a: Yveltal\n|\n|upkeep\n|\n|t:|1700148756\n|switch|p2a: Ho-Oh|Ho-Oh|100\/100\n|turn|8\n|\n|t:|1700148760\n|-terastallize|p2a: Ho-Oh|Grass\n|move|p1a: Prowler|Stone Edge|p2a: Ho-Oh\n|-damage|p2a: Ho-Oh|67\/100\n|move|p2a: Ho-Oh|Defog|p1a: Prowler\n|-unboost|p1a: Prowler|evasion|1\n|-sideend|p2: zooz da tromp|Spikes|[from] move: Defog|[of] p2a: Ho-Oh\n|-sideend|p2: zooz da tromp|Toxic Spikes|[from] move: Defog|[of] p2a: Ho-Oh\n|-sideend|p2: zooz da tromp|Stealth Rock|[from] move: Defog|[of] p2a: Ho-Oh\n|\n|upkeep\n|turn|9\n|\n|t:|1700148768\n|move|p1a: Prowler|Close Combat|p2a: Ho-Oh\n|-damage|p2a: Ho-Oh|27\/100\n|-unboost|p1a: Prowler|def|1\n|-unboost|p1a: Prowler|spd|1\n|move|p2a: Ho-Oh|Sacred Fire|p1a: Prowler\n|-resisted|p1a: Prowler\n|-damage|p1a: Prowler|0 fnt\n|faint|p1a: Prowler\n|\n|upkeep\n|\n|t:|1700148775\n|switch|p1a: Beheading Video|Kleavor, M|30\/100\n|turn|10\n|\n|t:|1700148778\n|switch|p2a: Arceus|Arceus-Dark|100\/100\n|move|p1a: Beheading Video|U-turn|p2a: Arceus\n|-supereffective|p2a: Arceus\n|-damage|p2a: Arceus|50\/100\n|\n|t:|1700148786\n|switch|p1a: Dodge RAM 1500|Terrakion|100\/100|[from] U-turn\n|\n|upkeep\n|turn|11\n|\n|t:|1700148802\n|switch|p2a: Ho-Oh|Ho-Oh, tera:Grass|61\/100\n|move|p1a: Dodge RAM 1500|Close Combat|p2a: Ho-Oh\n|-damage|p2a: Ho-Oh|17\/100\n|-unboost|p1a: Dodge RAM 1500|def|1\n|-unboost|p1a: Dodge RAM 1500|spd|1\n|\n|upkeep\n|turn|12\n|\n|t:|1700148815\n|move|p1a: Dodge RAM 1500|Close Combat|p2a: Ho-Oh\n|-damage|p2a: Ho-Oh|0 fnt\n|-unboost|p1a: Dodge RAM 1500|def|1\n|-unboost|p1a: Dodge RAM 1500|spd|1\n|faint|p2a: Ho-Oh\n|\n|upkeep\n|\n|t:|1700148820\n|switch|p2a: Groudon|Groudon|100\/100\n|detailschange|p2a: Groudon|Groudon-Primal\n|-primal|p2a: Groudon|Red Orb\n|-weather|DesolateLand|[from] ability: Desolate Land|[of] p2a: Groudon\n|turn|13\n|\n|t:|1700148825\n|move|p1a: Dodge RAM 1500|Close Combat|p2a: Groudon\n|-damage|p2a: Groudon|64\/100\n|-unboost|p1a: Dodge RAM 1500|def|1\n|-unboost|p1a: Dodge RAM 1500|spd|1\n|move|p2a: Groudon|Precipice Blades|p1a: Dodge RAM 1500|[miss]\n|-miss|p2a: Groudon|p1a: Dodge RAM 1500\n|\n|-weather|DesolateLand|[upkeep]\n|upkeep\n|turn|14\n|\n|t:|1700148832\n|move|p1a: Dodge RAM 1500|Close Combat|p2a: Groudon\n|-damage|p2a: Groudon|22\/100\n|-unboost|p1a: Dodge RAM 1500|def|1\n|-unboost|p1a: Dodge RAM 1500|spd|1\n|move|p2a: Groudon|Precipice Blades|p1a: Dodge RAM 1500\n|-supereffective|p1a: Dodge RAM 1500\n|-damage|p1a: Dodge RAM 1500|0 fnt\n|faint|p1a: Dodge RAM 1500\n|\n|-weather|DesolateLand|[upkeep]\n|upkeep\n|\n|t:|1700148835\n|switch|p1a: Beheading Video|Kleavor, M|30\/100\n|turn|15\n|\n|t:|1700148843\n|move|p1a: Beheading Video|Stone Axe|p2a: Groudon|[miss]\n|-miss|p1a: Beheading Video|p2a: Groudon\n|move|p2a: Groudon|Precipice Blades|p1a: Beheading Video\n|-damage|p1a: Beheading Video|0 fnt\n|faint|p1a: Beheading Video\n|\n|-weather|DesolateLand|[upkeep]\n|upkeep\n|\n|t:|1700148845\n|switch|p1a: Dwayne|Garganacl, M|100\/100\n|turn|16\n|\n|t:|1700148852\n|-terastallize|p1a: Dwayne|Ghost\n|move|p2a: Groudon|Precipice Blades|p1a: Dwayne\n|-damage|p1a: Dwayne|52\/100\n|move|p1a: Dwayne|Iron Defense|p1a: Dwayne\n|-boost|p1a: Dwayne|def|2\n|\n|-weather|DesolateLand|[upkeep]\n|-heal|p1a: Dwayne|58\/100|[from] item: Leftovers\n|upkeep\n|turn|17\n|\n|t:|1700148864\n|-weather|none\n|switch|p2a: Arceus|Arceus-Dark|50\/100\n|move|p1a: Dwayne|Recover|p1a: Dwayne\n|-heal|p1a: Dwayne|100\/100\n|\n|upkeep\n|turn|18\n|\n|t:|1700148871\n|switch|p1a: Trans Wrongs|Diancie|100\/100\n|move|p2a: Arceus|Judgment|p1a: Trans Wrongs\n|-resisted|p1a: Trans Wrongs\n|-damage|p1a: Trans Wrongs|77\/100\n|\n|upkeep\n|turn|19\n|\n|t:|1700148885\n|switch|p2a: Groudon|Groudon-Primal|22\/100\n|-weather|DesolateLand|[from] ability: Desolate Land|[of] p2a: Groudon\n|detailschange|p1a: Trans Wrongs|Diancie-Mega\n|-mega|p1a: Trans Wrongs|Diancie|Diancite\n|move|p1a: Trans Wrongs|Moonblast|p2a: Groudon\n|-resisted|p2a: Groudon\n|-damage|p2a: Groudon|5\/100\n|-unboost|p2a: Groudon|spa|1\n|\n|-weather|DesolateLand|[upkeep]\n|upkeep\n|turn|20\n|\n|t:|1700148894\n|move|p1a: Trans Wrongs|Moonblast|p2a: Groudon\n|-resisted|p2a: Groudon\n|-damage|p2a: Groudon|0 fnt\n|faint|p2a: Groudon\n|-weather|none\n|\n|upkeep\n|\n|t:|1700148899\n|switch|p2a: Dondozo|Dondozo, F|55\/100\n|turn|21\n|\n|t:|1700148902\n|switch|p1a: Dwayne|Garganacl, M, tera:Ghost|100\/100\n|move|p2a: Dondozo|Wave Crash|p1a: Dwayne\n|-damage|p1a: Dwayne|74\/100\n|-damage|p2a: Dondozo|48\/100|[from] Recoil\n|\n|-heal|p2a: Dondozo|54\/100|[from] item: Leftovers\n|-heal|p1a: Dwayne|80\/100|[from] item: Leftovers\n|upkeep\n|turn|22\n|\n|t:|1700148912\n|switch|p2a: Arceus|Arceus-Dark|50\/100\n|move|p1a: Dwayne|Salt Cure|p2a: Arceus\n|-damage|p2a: Arceus|42\/100\n|-start|p2a: Arceus|Salt Cure\n|\n|-heal|p1a: Dwayne|87\/100|[from] item: Leftovers\n|-damage|p2a: Arceus|29\/100|[from] Salt Cure\n|upkeep\n|turn|23\n|\n|t:|1700148923\n|move|p2a: Arceus|Judgment|p1a: Dwayne\n|-supereffective|p1a: Dwayne\n|-damage|p1a: Dwayne|27\/100\n|move|p1a: Dwayne|Body Press|p2a: Arceus\n|-supereffective|p2a: Arceus\n|-damage|p2a: Arceus|1\/100\n|\n|-heal|p1a: Dwayne|33\/100|[from] item: Leftovers\n|-damage|p2a: Arceus|0 fnt|[from] Salt Cure\n|faint|p2a: Arceus\n|upkeep\n|\n|t:|1700148938\n|switch|p2a: Eternatus|Eternatus|35\/100\n|-ability|p2a: Eternatus|Pressure\n|turn|24\n|\n|t:|1700148945\n|switch|p1a: Trans Wrongs|Diancie-Mega|77\/100\n|move|p2a: Eternatus|Sludge Bomb|p1a: Trans Wrongs\n|-damage|p1a: Trans Wrongs|22\/100\n|\n|-heal|p2a: Eternatus|41\/100|[from] item: Black Sludge\n|upkeep\n|turn|25\n|\n|t:|1700148953\n|move|p1a: Trans Wrongs|Earth Power|p2a: Eternatus\n|-supereffective|p2a: Eternatus\n|-damage|p2a: Eternatus|0 fnt\n|faint|p2a: Eternatus\n|\n|upkeep\n|\n|t:|1700148958\n|switch|p2a: Dondozo|Dondozo, F|54\/100\n|turn|26\n|\n|t:|1700148961\n|move|p1a: Trans Wrongs|Moonblast|p2a: Dondozo\n|-damage|p2a: Dondozo|0 fnt\n|faint|p2a: Dondozo\n|\n|win|Certified E Kitten\n|raw|Certified E Kitten's rating: 1453 &rarr; <strong>1485<\/strong><br \/>(+32 for winning)\n|raw|zooz da tromp's rating: 1688 &rarr; <strong>1656<\/strong><br \/>(-32 for losing)\n|l|\u2606zooz da tromp\n|l|\u2606Certified E Kitten\n","uploadtime":1700148970,"views":7,"p1id":"certifiedekitten","p2id":"zoozdatromp","formatid":"gen9nationaldexubers","rating":1485,"private":0,"password":""}