{"id":"gen9nationaldexubers-1995074980","p1":"m444rf","p2":"bydotcasts","format":"[Gen 9] National Dex Ubers","log":"|j|\u2606m444rf\n|j|\u2606bydotcasts\n|t:|1700519803\n|gametype|singles\n|player|p1|m444rf|2|\n|player|p2|bydotcasts|bruno|\n|teamsize|p1|6\n|teamsize|p2|6\n|gen|9\n|tier|[Gen 9] National Dex Ubers\n|rule|HP Percentage Mod: HP is shown in percentages\n|rule|Endless Battle Clause: Forcing endless battles is banned\n|rule|OHKO Clause: OHKO moves are banned\n|rule|Evasion Moves Clause: Evasion moves are banned\n|rule|Evasion Items Clause: Evasion items are banned\n|rule|Species Clause: Limit one of each Pok\u00e9mon\n|rule|Sleep Clause Mod: Limit one foe put to sleep\n|rule|Mega Rayquaza Clause: You cannot mega evolve Rayquaza\n|clearpoke\n|poke|p1|Great Tusk|\n|poke|p1|Slowking, F|\n|poke|p1|Bisharp, M|\n|poke|p1|Dragapult, M|\n|poke|p1|Audino, F|\n|poke|p1|Sharpedo, M|\n|poke|p2|Dragonite, M|\n|poke|p2|Heracross, M|\n|poke|p2|Heatran, M|\n|poke|p2|Clefable, F|\n|poke|p2|Aegislash, F|\n|poke|p2|Azelf|\n|teampreview\n|inactive|Battle timer is ON: inactive players will automatically lose when time's up. (requested by bydotcasts)\n|inactiveoff|Battle timer is now OFF.\n|j| Smackey_5\n|j| Demolution545\n|j| VoIteon\n|j| Gran gran\n|c|\u2606bydotcasts|glhf\n|c|\u2606m444rf|u2\n|c| Gran gran|glhf\n|c|\u2606m444rf|u2\n|\n|t:|1700519896\n|start\n|switch|p1a: Dragapult|Dragapult, M|100\/100\n|switch|p2a: Aegislash|Aegislash, F, shiny|100\/100\n|turn|1\n|\n|t:|1700519949\n|switch|p1a: Great Tusk|Great Tusk|100\/100\n|switch|p2a: Azelf|Azelf|100\/100\n|\n|upkeep\n|turn|2\n|\n|t:|1700519963\n|-end|p1a: Great Tusk|Protosynthesis|[silent]\n|switch|p1a: Bisharp|Bisharp, M|100\/100\n|move|p2a: Azelf|Psychic|p1a: Bisharp\n|-immune|p1a: Bisharp\n|\n|upkeep\n|turn|3\n|j| Lunar Sloth\n|\n|t:|1700519972\n|-activate|p2a: Azelf|move: Pursuit\n|move|p1a: Bisharp|Pursuit|p2a: Azelf|[from]Pursuit\n|-supereffective|p2a: Azelf\n|-damage|p2a: Azelf|0 fnt\n|faint|p2a: Azelf\n|-hint|A Pokemon can't switch between when it runs out of HP and when it faints\n|\n|upkeep\n|c| Gran gran|Broken\n|\n|t:|1700519983\n|switch|p2a: Heatran|Heatran, M|100\/100\n|-item|p2a: Heatran|Air Balloon\n|turn|4\n|\n|t:|1700519993\n|switch|p1a: Slowking|Slowking, F|100\/100\n|move|p2a: Heatran|Earth Power|p1a: Slowking\n|-damage|p1a: Slowking|74\/100\n|\n|upkeep\n|turn|5\n|\n|t:|1700520001\n|switch|p2a: Clefable|Clefable, F|100\/100\n|move|p1a: Slowking|Surf|p2a: Clefable\n|-damage|p2a: Clefable|63\/100\n|-enditem|p2a: Clefable|Red Card|[of] p1a: Slowking\n|drag|p1a: Sharpedo|Sharpedo, M|100\/100\n|\n|upkeep\n|turn|6\n|\n|t:|1700520011\n|move|p1a: Sharpedo|Flip Turn|p2a: Clefable\n|-damage|p2a: Clefable|33\/100\n|-damage|p1a: Sharpedo|91\/100|[from] item: Life Orb\n|\n|t:|1700520016\n|switch|p1a: Audino|Audino, F|100\/100|[from] Flip Turn\n|move|p2a: Clefable|Thunder Wave|p1a: Audino\n|-status|p1a: Audino|par\n|\n|upkeep\n|turn|7\n|\n|t:|1700520023\n|detailschange|p1a: Audino|Audino-Mega, F\n|-mega|p1a: Audino|Audino|Audinite\n|move|p2a: Clefable|Soft-Boiled|p2a: Clefable\n|-heal|p2a: Clefable|83\/100\n|move|p1a: Audino|Encore|p2a: Clefable\n|-start|p2a: Clefable|Encore\n|\n|upkeep\n|turn|8\n|\n|t:|1700520031\n|switch|p2a: Heracross|Heracross, M|100\/100\n|move|p1a: Audino|Calm Mind|p1a: Audino\n|-boost|p1a: Audino|spa|1\n|-boost|p1a: Audino|spd|1\n|\n|upkeep\n|turn|9\n|\n|t:|1700520046\n|detailschange|p2a: Heracross|Heracross-Mega, M\n|-mega|p2a: Heracross|Heracross|Heracronite\n|move|p2a: Heracross|Close Combat|p1a: Audino\n|-damage|p1a: Audino|34\/100 par\n|-unboost|p2a: Heracross|def|1\n|-unboost|p2a: Heracross|spd|1\n|cant|p1a: Audino|par\n|\n|upkeep\n|turn|10\n|\n|t:|1700520057\n|switch|p1a: Dragapult|Dragapult, M|100\/100\n|move|p2a: Heracross|Pin Missile|p1a: Dragapult\n|-resisted|p1a: Dragapult\n|-damage|p1a: Dragapult|89\/100\n|-resisted|p1a: Dragapult\n|-damage|p1a: Dragapult|77\/100\n|-resisted|p1a: Dragapult\n|-damage|p1a: Dragapult|64\/100\n|-resisted|p1a: Dragapult\n|-damage|p1a: Dragapult|52\/100\n|-resisted|p1a: Dragapult\n|-damage|p1a: Dragapult|39\/100\n|-hitcount|p1a: Dragapult|5\n|\n|upkeep\n|turn|11\n|c| Lunar Sloth|The twave\u2026\n|l| Lunar Sloth\n|\n|t:|1700520075\n|switch|p2a: Clefable|Clefable, F|83\/100\n|move|p1a: Dragapult|U-turn|p2a: Clefable\n|-resisted|p2a: Clefable\n|-damage|p2a: Clefable|77\/100\n|j| Lunar Sloth\n|\n|t:|1700520080\n|switch|p1a: Audino|Audino-Mega, F|34\/100 par|[from] U-turn\n|\n|upkeep\n|turn|12\n|c|\u2606m444rf|i cant escape the twave\n|\n|t:|1700520091\n|move|p2a: Clefable|Moonblast|p1a: Audino\n|-damage|p1a: Audino|18\/100 par\n|-unboost|p1a: Audino|spa|1\n|move|p1a: Audino|Wish|p1a: Audino\n|\n|upkeep\n|turn|13\n|\n|t:|1700520105\n|move|p2a: Clefable|Moonblast|p1a: Audino\n|-damage|p1a: Audino|1\/100 par\n|cant|p1a: Audino|par\n|\n|-heal|p1a: Audino|51\/100 par|[from] move: Wish|[wisher] Audino\n|upkeep\n|turn|14\n|\n|t:|1700520119\n|move|p2a: Clefable|Moonblast|p1a: Audino\n|-damage|p1a: Audino|35\/100 par\n|cant|p1a: Audino|par\n|\n|upkeep\n|turn|15\n|c|\u2606m444rf|dude\n|\n|t:|1700520127\n|move|p2a: Clefable|Moonblast|p1a: Audino\n|-damage|p1a: Audino|17\/100 par\n|move|p1a: Audino|Wish|p1a: Audino\n|\n|upkeep\n|turn|16\n|c| Lunar Sloth|Merf para luck is unparalleled\n|\n|t:|1700520136\n|move|p2a: Clefable|Moonblast|p1a: Audino\n|-damage|p1a: Audino|1\/100 par\n|move|p1a: Audino|Dazzling Gleam|p2a: Clefable\n|-damage|p2a: Clefable|65\/100\n|\n|-heal|p1a: Audino|51\/100 par|[from] move: Wish|[wisher] Audino\n|upkeep\n|turn|17\n|\n|t:|1700520148\n|move|p2a: Clefable|Moonblast|p1a: Audino\n|-crit|p1a: Audino\n|-damage|p1a: Audino|24\/100 par\n|move|p1a: Audino|Wish|p1a: Audino\n|\n|upkeep\n|turn|18\n|\n|t:|1700520153\n|move|p2a: Clefable|Moonblast|p1a: Audino\n|-damage|p1a: Audino|7\/100 par\n|move|p1a: Audino|Calm Mind|p1a: Audino\n|-boost|p1a: Audino|spa|1\n|-boost|p1a: Audino|spd|1\n|\n|-heal|p1a: Audino|57\/100 par|[from] move: Wish|[wisher] Audino\n|upkeep\n|turn|19\n|\n|t:|1700520161\n|move|p2a: Clefable|Calm Mind|p2a: Clefable\n|-boost|p2a: Clefable|spa|1\n|-boost|p2a: Clefable|spd|1\n|move|p1a: Audino|Wish|p1a: Audino\n|\n|upkeep\n|turn|20\n|\n|t:|1700520167\n|move|p2a: Clefable|Calm Mind|p2a: Clefable\n|-boost|p2a: Clefable|spa|1\n|-boost|p2a: Clefable|spd|1\n|cant|p1a: Audino|par\n|\n|-heal|p1a: Audino|100\/100 par|[from] move: Wish|[wisher] Audino\n|upkeep\n|turn|21\n|c|\u2606m444rf|i cant plaky\n|\n|t:|1700520183\n|move|p2a: Clefable|Soft-Boiled|p2a: Clefable\n|-heal|p2a: Clefable|100\/100\n|move|p1a: Audino|Encore|p2a: Clefable\n|-start|p2a: Clefable|Encore\n|\n|upkeep\n|turn|22\n|\n|t:|1700520195\n|move|p2a: Clefable|Soft-Boiled||[still]\n|-fail|p2a: Clefable|heal\n|cant|p1a: Audino|par\n|\n|upkeep\n|turn|23\n|\n|t:|1700520201\n|move|p2a: Clefable|Soft-Boiled||[still]\n|-fail|p2a: Clefable|heal\n|move|p1a: Audino|Calm Mind|p1a: Audino\n|-boost|p1a: Audino|spa|1\n|-boost|p1a: Audino|spd|1\n|\n|upkeep\n|turn|24\n|\n|t:|1700520210\n|move|p2a: Clefable|Soft-Boiled||[still]\n|-fail|p2a: Clefable|heal\n|move|p1a: Audino|Calm Mind|p1a: Audino\n|-boost|p1a: Audino|spa|1\n|-boost|p1a: Audino|spd|1\n|\n|-end|p2a: Clefable|Encore\n|upkeep\n|turn|25\n|\n|t:|1700520218\n|move|p2a: Clefable|Moonblast|p1a: Audino\n|-damage|p1a: Audino|88\/100 par\n|move|p1a: Audino|Dazzling Gleam|p2a: Clefable\n|-damage|p2a: Clefable|81\/100\n|\n|upkeep\n|turn|26\n|j| ZBFusion\n|\n|t:|1700520226\n|move|p2a: Clefable|Moonblast|p1a: Audino\n|-damage|p1a: Audino|75\/100 par\n|move|p1a: Audino|Dazzling Gleam|p2a: Clefable\n|-damage|p2a: Clefable|61\/100\n|\n|upkeep\n|turn|27\n|\n|t:|1700520233\n|move|p2a: Clefable|Moonblast|p1a: Audino\n|-damage|p1a: Audino|61\/100 par\n|-unboost|p1a: Audino|spa|1\n|cant|p1a: Audino|par\n|\n|upkeep\n|turn|28\n|\n|t:|1700520239\n|move|p2a: Clefable|Moonblast|p1a: Audino\n|-damage|p1a: Audino|47\/100 par\n|-unboost|p1a: Audino|spa|1\n|move|p1a: Audino|Wish|p1a: Audino\n|\n|upkeep\n|turn|29\n|\n|t:|1700520244\n|move|p2a: Clefable|Moonblast|p1a: Audino\n|-damage|p1a: Audino|35\/100 par\n|move|p1a: Audino|Calm Mind|p1a: Audino\n|-boost|p1a: Audino|spa|1\n|-boost|p1a: Audino|spd|1\n|\n|-heal|p1a: Audino|85\/100 par|[from] move: Wish|[wisher] Audino\n|upkeep\n|turn|30\n|\n|t:|1700520254\n|move|p2a: Clefable|Calm Mind|p2a: Clefable\n|-boost|p2a: Clefable|spa|1\n|-boost|p2a: Clefable|spd|1\n|cant|p1a: Audino|par\n|\n|upkeep\n|turn|31\n|\n|t:|1700520259\n|move|p2a: Clefable|Calm Mind|p2a: Clefable\n|-boost|p2a: Clefable|spa|1\n|-boost|p2a: Clefable|spd|1\n|move|p1a: Audino|Encore|p2a: Clefable\n|-start|p2a: Clefable|Encore\n|\n|upkeep\n|turn|32\n|\n|t:|1700520266\n|move|p2a: Clefable|Calm Mind|p2a: Clefable\n|-boost|p2a: Clefable|spa|1\n|-boost|p2a: Clefable|spd|1\n|cant|p1a: Audino|par\n|\n|upkeep\n|turn|33\n|\n|t:|1700520272\n|move|p2a: Clefable|Calm Mind|p2a: Clefable\n|-boost|p2a: Clefable|spa|1\n|-boost|p2a: Clefable|spd|1\n|move|p1a: Audino|Calm Mind|p1a: Audino\n|-boost|p1a: Audino|spa|1\n|-boost|p1a: Audino|spd|1\n|\n|upkeep\n|turn|34\n|c|\u2606m444rf|pelassdseesee\n|\n|t:|1700520279\n|move|p2a: Clefable|Calm Mind|p2a: Clefable\n|-boost|p2a: Clefable|spa|0\n|-boost|p2a: Clefable|spd|0\n|move|p1a: Audino|Calm Mind|p1a: Audino\n|-boost|p1a: Audino|spa|1\n|-boost|p1a: Audino|spd|1\n|\n|-end|p2a: Clefable|Encore\n|upkeep\n|turn|35\n|\n|t:|1700520290\n|move|p2a: Clefable|Moonblast|p1a: Audino\n|-damage|p1a: Audino|67\/100 par\n|move|p1a: Audino|Calm Mind|p1a: Audino\n|-boost|p1a: Audino|spa|1\n|-boost|p1a: Audino|spd|0\n|\n|upkeep\n|turn|36\n|\n|t:|1700520295\n|move|p2a: Clefable|Moonblast|p1a: Audino\n|-damage|p1a: Audino|50\/100 par\n|-unboost|p1a: Audino|spa|1\n|cant|p1a: Audino|par\n|\n|upkeep\n|turn|37\n|\n|t:|1700520301\n|move|p2a: Clefable|Moonblast|p1a: Audino\n|-damage|p1a: Audino|32\/100 par\n|cant|p1a: Audino|par\n|\n|upkeep\n|turn|38\n|\n|t:|1700520308\n|move|p2a: Clefable|Moonblast|p1a: Audino\n|-damage|p1a: Audino|15\/100 par\n|move|p1a: Audino|Wish|p1a: Audino\n|\n|upkeep\n|turn|39\n|c| VoIteon|merf u need a heal bell mon\n|inactive|Battle timer is ON: inactive players will automatically lose when time's up. (requested by bydotcasts)\n|c|\u2606m444rf|i just lost bruh\n|c| VoIteon|LOL\n|c| Lunar Sloth|The timer \ud83d\udc80\n|c|\u2606m444rf|its literally joever\n|c| Gran gran|Y\n|c| Lunar Sloth|Nah it\u2019s still possible\n|inactive|m444rf has 270 seconds left.\n|\n|t:|1700520363\n|move|p2a: Clefable|Moonblast|p1a: Audino\n|-damage|p1a: Audino|0 fnt\n|faint|p1a: Audino\n|\n|upkeep\n|\n|t:|1700520371\n|switch|p1a: Sharpedo|Sharpedo, M|91\/100\n|turn|40\n|inactive|m444rf has 240 seconds left.\n|inactive|bydotcasts has 270 seconds left.\n|inactive|m444rf has 210 seconds left.\n|inactive|m444rf has 180 seconds left.\n|\n|t:|1700520468\n|-terastallize|p1a: Sharpedo|Water\n|move|p1a: Sharpedo|Waterfall|p2a: Clefable\n|-damage|p2a: Clefable|3\/100\n|-damage|p1a: Sharpedo|81\/100|[from] item: Life Orb\n|move|p2a: Clefable|Moonblast|p1a: Sharpedo\n|-damage|p1a: Sharpedo|0 fnt\n|faint|p1a: Sharpedo\n|\n|upkeep\n|\n|t:|1700520475\n|switch|p1a: Dragapult|Dragapult, M|39\/100\n|turn|41\n|inactive|bydotcasts has 270 seconds left.\n|\n|t:|1700520499\n|move|p1a: Dragapult|Shadow Ball|p2a: Clefable\n|-damage|p2a: Clefable|0 fnt\n|faint|p2a: Clefable\n|\n|upkeep\n|l| Gran gran\n|\n|t:|1700520510\n|switch|p2a: Dragonite|Dragonite, M|100\/100\n|turn|42\n|\n|t:|1700520519\n|switch|p1a: Great Tusk|Great Tusk|100\/100\n|-terastallize|p2a: Dragonite|Normal\n|move|p2a: Dragonite|Extreme Speed|p1a: Great Tusk\n|-damage|p1a: Great Tusk|78\/100\n|\n|-heal|p1a: Great Tusk|84\/100|[from] item: Leftovers\n|upkeep\n|turn|43\n|inactive|bydotcasts has 270 seconds left.\n|\n|t:|1700520537\n|switch|p2a: Aegislash|Aegislash, F, shiny|100\/100\n|move|p1a: Great Tusk|Earthquake|p2a: Aegislash\n|-supereffective|p2a: Aegislash\n|-damage|p2a: Aegislash|31\/100\n|\n|-heal|p1a: Great Tusk|91\/100|[from] item: Leftovers\n|-heal|p2a: Aegislash|37\/100|[from] item: Leftovers\n|upkeep\n|turn|44\n|j| Gran gran\n|\n|t:|1700520548\n|move|p2a: Aegislash|King's Shield|p2a: Aegislash\n|-singleturn|p2a: Aegislash|Protect\n|move|p1a: Great Tusk|Stealth Rock|p2a: Aegislash\n|-sidestart|p2: bydotcasts|move: Stealth Rock\n|\n|-heal|p1a: Great Tusk|97\/100|[from] item: Leftovers\n|-heal|p2a: Aegislash|44\/100|[from] item: Leftovers\n|upkeep\n|turn|45\n|inactive|bydotcasts has 270 seconds left.\n|\n|t:|1700520572\n|move|p1a: Great Tusk|Earthquake|p2a: Aegislash\n|-supereffective|p2a: Aegislash\n|-damage|p2a: Aegislash|0 fnt\n|faint|p2a: Aegislash\n|\n|-heal|p1a: Great Tusk|100\/100|[from] item: Leftovers\n|upkeep\n|\n|t:|1700520580\n|switch|p2a: Heracross|Heracross-Mega, M|100\/100\n|-damage|p2a: Heracross|88\/100|[from] Stealth Rock\n|turn|46\n|\n|t:|1700520590\n|move|p2a: Heracross|Bullet Seed|p1a: Great Tusk\n|-supereffective|p1a: Great Tusk\n|-damage|p1a: Great Tusk|89\/100\n|-supereffective|p1a: Great Tusk\n|-damage|p1a: Great Tusk|78\/100\n|-supereffective|p1a: Great Tusk\n|-damage|p1a: Great Tusk|66\/100\n|-supereffective|p1a: Great Tusk\n|-crit|p1a: Great Tusk\n|-damage|p1a: Great Tusk|49\/100\n|-supereffective|p1a: Great Tusk\n|-damage|p1a: Great Tusk|36\/100\n|-hitcount|p1a: Great Tusk|5\n|move|p1a: Great Tusk|Ice Spinner|p2a: Heracross\n|-damage|p2a: Heracross|65\/100\n|\n|-heal|p1a: Great Tusk|42\/100|[from] item: Leftovers\n|upkeep\n|turn|47\n|inactive|bydotcasts has 270 seconds left.\n|\n|t:|1700520603\n|-end|p1a: Great Tusk|Protosynthesis|[silent]\n|switch|p1a: Bisharp|Bisharp, M|100\/100\n|move|p2a: Heracross|Bullet Seed|p1a: Bisharp\n|-resisted|p1a: Bisharp\n|-damage|p1a: Bisharp|96\/100\n|-resisted|p1a: Bisharp\n|-damage|p1a: Bisharp|92\/100\n|-resisted|p1a: Bisharp\n|-damage|p1a: Bisharp|88\/100\n|-resisted|p1a: Bisharp\n|-damage|p1a: Bisharp|84\/100\n|-resisted|p1a: Bisharp\n|-damage|p1a: Bisharp|79\/100\n|-hitcount|p1a: Bisharp|5\n|\n|upkeep\n|turn|48\n|inactive|bydotcasts has 270 seconds left.\n|\n|t:|1700520615\n|move|p1a: Bisharp|Sucker Punch|p2a: Heracross\n|-resisted|p2a: Heracross\n|-damage|p2a: Heracross|47\/100\n|move|p2a: Heracross|Close Combat|p1a: Bisharp\n|-supereffective|p1a: Bisharp\n|-damage|p1a: Bisharp|0 fnt\n|-unboost|p2a: Heracross|def|1\n|-unboost|p2a: Heracross|spd|1\n|faint|p1a: Bisharp\n|\n|upkeep\n|\n|t:|1700520618\n|switch|p1a: Dragapult|Dragapult, M|39\/100\n|turn|49\n|inactive|bydotcasts has 270 seconds left.\n|\n|t:|1700520631\n|switch|p2a: Dragonite|Dragonite, M, tera:Normal|100\/100\n|-damage|p2a: Dragonite|88\/100|[from] Stealth Rock\n|move|p1a: Dragapult|Draco Meteor|p2a: Dragonite\n|-damage|p2a: Dragonite|0 fnt\n|-unboost|p1a: Dragapult|spa|2\n|faint|p2a: Dragonite\n|\n|upkeep\n|inactive|bydotcasts has 270 seconds left.\n|\n|t:|1700520646\n|switch|p2a: Heatran|Heatran, M|100\/100\n|-damage|p2a: Heatran|88\/100|[from] Stealth Rock\n|-item|p2a: Heatran|Air Balloon\n|turn|50\n|inactive|bydotcasts has 270 seconds left.\n|\n|t:|1700520652\n|switch|p1a: Slowking|Slowking, F|100\/100\n|move|p2a: Heatran|Toxic|p1a: Slowking\n|-status|p1a: Slowking|tox\n|\n|-damage|p1a: Slowking|94\/100 tox|[from] psn\n|upkeep\n|turn|51\n|\n|t:|1700520661\n|switch|p2a: Heracross|Heracross-Mega, M|47\/100\n|-damage|p2a: Heracross|35\/100|[from] Stealth Rock\n|move|p1a: Slowking|Surf|p2a: Heracross\n|-damage|p2a: Heracross|0 fnt\n|faint|p2a: Heracross\n|\n|-damage|p1a: Slowking|82\/100 tox|[from] psn\n|upkeep\n|\n|t:|1700520669\n|switch|p2a: Heatran|Heatran, M|88\/100\n|-damage|p2a: Heatran|76\/100|[from] Stealth Rock\n|-item|p2a: Heatran|Air Balloon\n|turn|52\n|\n|t:|1700520675\n|move|p2a: Heatran|Earth Power|p1a: Slowking\n|-damage|p1a: Slowking|54\/100 tox\n|move|p1a: Slowking|Surf|p2a: Heatran\n|-supereffective|p2a: Heatran\n|-damage|p2a: Heatran|0 fnt\n|-enditem|p2a: Heatran|Air Balloon\n|faint|p2a: Heatran\n|\n|win|m444rf\n|l| ZBFusion\n|l| Gran gran\n|c|\u2606m444rf|tjank god those twaves didnt make me lose\n","uploadtime":1700520691,"views":9,"p1id":"m444rf","p2id":"bydotcasts","formatid":"gen9nationaldexubers","rating":0,"private":0,"password":""}