{"id":"gen9nationaldexubers-1991020211","p1":"Senseitoad71","p2":"jayklod","format":"[Gen 9] National Dex Ubers","log":"|j|\u2606Senseitoad71\n|j|\u2606jayklod\n|t:|1700029191\n|gametype|singles\n|player|p1|Senseitoad71|lusamine-nihilego|\n|player|p2|jayklod|ghetsis-gen5bw|\n|teamsize|p1|6\n|teamsize|p2|6\n|gen|9\n|tier|[Gen 9] National Dex Ubers\n|rule|HP Percentage Mod: HP is shown in percentages\n|rule|Endless Battle Clause: Forcing endless battles is banned\n|rule|OHKO Clause: OHKO moves are banned\n|rule|Evasion Moves Clause: Evasion moves are banned\n|rule|Evasion Items Clause: Evasion items are banned\n|rule|Species Clause: Limit one of each Pok\u00e9mon\n|rule|Sleep Clause Mod: Limit one foe put to sleep\n|rule|Mega Rayquaza Clause: You cannot mega evolve Rayquaza\n|clearpoke\n|poke|p1|Houndstone, F|\n|poke|p1|Lucario, M|\n|poke|p1|Cloyster, M|\n|poke|p1|Kyurem-Black|\n|poke|p1|Blacephalon|\n|poke|p1|Xurkitree|\n|poke|p2|Mawile, M|\n|poke|p2|Groudon|\n|poke|p2|Diancie|\n|poke|p2|Ditto|\n|poke|p2|Kangaskhan, F|\n|poke|p2|Gigalith, F|\n|teampreview\n|j| fortnight phil\n|\n|t:|1700029203\n|start\n|switch|p1a: Cloyster|Cloyster, M|100\/100\n|switch|p2a: pangaea|Groudon|100\/100\n|-weather|SunnyDay|[from] ability: Drought|[of] p2a: pangaea\n|turn|1\n|\n|t:|1700029210\n|-singleturn|p2a: pangaea|move: Focus Punch\n|move|p1a: Cloyster|Icicle Spear|p2a: pangaea\n|-supereffective|p2a: pangaea\n|-damage|p2a: pangaea|85\/100\n|-supereffective|p2a: pangaea\n|-damage|p2a: pangaea|68\/100\n|-supereffective|p2a: pangaea\n|-damage|p2a: pangaea|52\/100\n|-supereffective|p2a: pangaea\n|-damage|p2a: pangaea|35\/100\n|-supereffective|p2a: pangaea\n|-damage|p2a: pangaea|20\/100\n|-hitcount|p2a: pangaea|5\n|cant|p2a: pangaea|Focus Punch|Focus Punch\n|\n|-weather|SunnyDay|[upkeep]\n|upkeep\n|turn|2\n|j| CringeWeirdo02\n|\n|t:|1700029228\n|move|p1a: Cloyster|Icicle Spear|p2a: pangaea\n|-supereffective|p2a: pangaea\n|-damage|p2a: pangaea|2\/100\n|-supereffective|p2a: pangaea\n|-damage|p2a: pangaea|0 fnt\n|faint|p2a: pangaea\n|-hitcount|p2: pangaea|2\n|\n|-weather|SunnyDay|[upkeep]\n|upkeep\n|\n|t:|1700029262\n|switch|p2a: i got a rock|Gigalith, F|100\/100\n|-weather|Sandstorm|[from] ability: Sand Stream|[of] p2a: i got a rock\n|turn|3\n|\n|t:|1700029268\n|move|p1a: Cloyster|Toxic Spikes|p2a: i got a rock\n|-sidestart|p2: jayklod|move: Toxic Spikes\n|move|p2a: i got a rock|Stealth Rock|p1a: Cloyster\n|-sidestart|p1: Senseitoad71|move: Stealth Rock\n|\n|-weather|Sandstorm|[upkeep]\n|-damage|p1a: Cloyster|94\/100|[from] Sandstorm\n|upkeep\n|turn|4\n|\n|t:|1700029276\n|move|p1a: Cloyster|Toxic Spikes|p2a: i got a rock\n|-sidestart|p2: jayklod|move: Toxic Spikes\n|move|p2a: i got a rock|Stone Edge|p1a: Cloyster\n|-supereffective|p1a: Cloyster\n|-crit|p1a: Cloyster\n|-damage|p1a: Cloyster|0 fnt\n|faint|p1a: Cloyster\n|\n|-weather|Sandstorm|[upkeep]\n|upkeep\n|\n|t:|1700029324\n|switch|p1a: Xurkitree|Xurkitree|100\/100\n|-damage|p1a: Xurkitree|88\/100|[from] Stealth Rock\n|turn|5\n|\n|t:|1700029334\n|move|p1a: Xurkitree|Thunderbolt|p2a: i got a rock\n|-damage|p2a: i got a rock|43\/100\n|-damage|p1a: Xurkitree|78\/100|[from] item: Life Orb\n|move|p2a: i got a rock|Earthquake|p1a: Xurkitree\n|-supereffective|p1a: Xurkitree\n|-damage|p1a: Xurkitree|0 fnt\n|faint|p1a: Xurkitree\n|\n|-weather|Sandstorm|[upkeep]\n|-heal|p2a: i got a rock|49\/100|[from] item: Leftovers\n|upkeep\n|\n|t:|1700029368\n|switch|p1a: Houndstone|Houndstone, F|100\/100\n|turn|6\n|\n|t:|1700029388\n|move|p1a: Houndstone|Last Respects|p2a: i got a rock\n|-damage|p2a: i got a rock|0 fnt\n|faint|p2a: i got a rock\n|\n|-weather|Sandstorm|[upkeep]\n|upkeep\n|\n|t:|1700029397\n|switch|p2a: mom|Kangaskhan, F|100\/100\n|-status|p2a: mom|tox\n|turn|7\n|\n|t:|1700029435\n|switch|p1a: Kyurem|Kyurem-Black|100\/100\n|-damage|p1a: Kyurem|76\/100|[from] Stealth Rock\n|-ability|p1a: Kyurem|Teravolt\n|move|p2a: mom|Drain Punch|p1a: Kyurem\n|-supereffective|p1a: Kyurem\n|-damage|p1a: Kyurem|41\/100\n|\n|-weather|none\n|-damage|p2a: mom|95\/100 tox|[from] psn\n|upkeep\n|turn|8\n|\n|t:|1700029447\n|move|p1a: Kyurem|Icicle Spear|p2a: mom\n|-damage|p2a: mom|75\/100 tox\n|-damage|p2a: mom|55\/100 tox\n|-damage|p2a: mom|33\/100 tox\n|-damage|p2a: mom|13\/100 tox\n|-crit|p2a: mom\n|-damage|p2a: mom|0 fnt\n|faint|p2a: mom\n|-hitcount|p2: mom|5\n|\n|upkeep\n|\n|t:|1700029456\n|switch|p2a: sussy imposter|Ditto|100\/100\n|-status|p2a: sussy imposter|tox\n|-transform|p2a: sussy imposter|p1a: Kyurem|[from] ability: Imposter\n|-ability|p2a: sussy imposter|Teravolt\n|turn|9\n|\n|t:|1700029510\n|switch|p1a: Lucario|Lucario, M|100\/100\n|-damage|p1a: Lucario|98\/100|[from] Stealth Rock\n|move|p2a: sussy imposter|Dragon Dance|p2a: sussy imposter\n|-boost|p2a: sussy imposter|atk|1\n|-boost|p2a: sussy imposter|spe|1\n|\n|-damage|p2a: sussy imposter|94\/100 tox|[from] psn\n|upkeep\n|turn|10\n|\n|t:|1700029528\n|move|p2a: sussy imposter|Dragon Dance|p2a: sussy imposter\n|-boost|p2a: sussy imposter|atk|1\n|-boost|p2a: sussy imposter|spe|1\n|move|p1a: Lucario|Metronome|p1a: Lucario\n|move|p1a: Lucario|Power Swap|p2a: sussy imposter|[from]move: Metronome\n|-swapboost|p1a: Lucario|p2a: sussy imposter|atk, spa|[from] move: Power Swap\n|\n|-damage|p2a: sussy imposter|82\/100 tox|[from] psn\n|upkeep\n|turn|11\n|\n|t:|1700029543\n|move|p2a: sussy imposter|Dragon Dance|p2a: sussy imposter\n|-boost|p2a: sussy imposter|atk|1\n|-boost|p2a: sussy imposter|spe|1\n|move|p1a: Lucario|Metronome|p1a: Lucario\n|move|p1a: Lucario|Yawn||[from]move: Metronome|[still]\n|-fail|p1a: Lucario\n|\n|-damage|p2a: sussy imposter|64\/100 tox|[from] psn\n|upkeep\n|turn|12\n|\n|t:|1700029557\n|switch|p2a: terrible movie|Diancie|100\/100\n|-status|p2a: terrible movie|tox\n|move|p1a: Lucario|Metronome|p1a: Lucario\n|move|p1a: Lucario|Fire Lash|p2a: terrible movie|[from]move: Metronome\n|-resisted|p2a: terrible movie\n|-damage|p2a: terrible movie|82\/100 tox\n|\n|-heal|p2a: terrible movie|89\/100 tox|[from] item: Leftovers\n|-damage|p2a: terrible movie|82\/100 tox|[from] psn\n|upkeep\n|turn|13\n|\n|t:|1700029571\n|move|p1a: Lucario|Steel Beam|p2a: terrible movie\n|-supereffective|p2a: terrible movie\n|-damage|p2a: terrible movie|0 fnt\n|-damage|p1a: Lucario|47\/100|[from] steelbeam\n|faint|p2a: terrible movie\n|\n|upkeep\n|\n|t:|1700029580\n|switch|p2a: sussy imposter|Ditto|64\/100 tox\n|-transform|p2a: sussy imposter|p1a: Lucario|[from] ability: Imposter\n|turn|14\n|\n|t:|1700029585\n|move|p2a: sussy imposter|Metronome|p2a: sussy imposter\n|move|p2a: sussy imposter|Dragon Tail|p1a: Lucario|[from]move: Metronome\n|-resisted|p1a: Lucario\n|-damage|p1a: Lucario|20\/100\n|drag|p1a: Kyurem|Kyurem-Black|41\/100\n|-damage|p1a: Kyurem|17\/100|[from] Stealth Rock\n|-ability|p1a: Kyurem|Teravolt\n|\n|-damage|p2a: sussy imposter|58\/100 tox|[from] psn\n|upkeep\n|turn|15\n|\n|t:|1700029599\n|move|p2a: sussy imposter|Metronome|p2a: sussy imposter\n|move|p2a: sussy imposter|Bitter Blade|p1a: Kyurem|[from]move: Metronome\n|-damage|p1a: Kyurem|0 fnt\n|-heal|p2a: sussy imposter|69\/100 tox|[from] drain|[of] p1a: Kyurem\n|faint|p1a: Kyurem\n|\n|-damage|p2a: sussy imposter|57\/100 tox|[from] psn\n|upkeep\n|\n|t:|1700029607\n|switch|p1a: Lucario|Lucario, M|20\/100\n|-damage|p1a: Lucario|17\/100|[from] Stealth Rock\n|turn|16\n|\n|t:|1700029611\n|move|p2a: sussy imposter|Metronome|p2a: sussy imposter\n|move|p2a: sussy imposter|Absorb|p1a: Lucario|[from]move: Metronome\n|-resisted|p1a: Lucario\n|-damage|p1a: Lucario|12\/100\n|-heal|p2a: sussy imposter|60\/100 tox|[from] drain|[of] p1a: Lucario\n|move|p1a: Lucario|Metronome|p1a: Lucario\n|move|p1a: Lucario|Corrosive Gas|p2a: sussy imposter|[from]move: Metronome\n|-enditem|p2a: sussy imposter|Choice Scarf|[from] move: Corrosive Gas|[of] p1a: Lucario\n|\n|-damage|p2a: sussy imposter|42\/100 tox|[from] psn\n|upkeep\n|turn|17\n|\n|t:|1700029624\n|move|p2a: sussy imposter|Metronome|p2a: sussy imposter\n|move|p2a: sussy imposter|Screech|p1a: Lucario|[from]move: Metronome\n|-unboost|p1a: Lucario|def|2\n|move|p1a: Lucario|Metronome|p1a: Lucario\n|move|p1a: Lucario|U-turn|p2a: sussy imposter|[from]move: Metronome\n|-resisted|p2a: sussy imposter\n|-damage|p2a: sussy imposter|34\/100 tox\n|\n|t:|1700029640\n|switch|p1a: Blacephalon|Blacephalon|100\/100|[from] U-turn\n|-damage|p1a: Blacephalon|76\/100|[from] Stealth Rock\n|\n|-damage|p2a: sussy imposter|10\/100 tox|[from] psn\n|upkeep\n|turn|18\n|\n|t:|1700029648\n|switch|p1a: Lucario|Lucario, M|12\/100\n|-damage|p1a: Lucario|9\/100|[from] Stealth Rock\n|move|p2a: sussy imposter|Metronome|p2a: sussy imposter\n|move|p2a: sussy imposter|Mist|p2a: sussy imposter|[from]move: Metronome\n|-sidestart|p2: jayklod|Mist\n|\n|-damage|p2a: sussy imposter|0 fnt|[from] psn\n|faint|p2a: sussy imposter\n|upkeep\n|\n|t:|1700029657\n|switch|p2a: the maw|Mawile, M|100\/100\n|turn|19\n|\n|t:|1700029672\n|detailschange|p2a: the maw|Mawile-Mega, M\n|-mega|p2a: the maw|Mawile|Mawilite\n|move|p1a: Lucario|Bullet Punch|p2a: the maw\n|-damage|p2a: the maw|83\/100\n|move|p2a: the maw|Ice Punch|p1a: Lucario\n|-resisted|p1a: Lucario\n|-damage|p1a: Lucario|0 fnt\n|faint|p1a: Lucario\n|\n|upkeep\n|\n|t:|1700029684\n|switch|p1a: Blacephalon|Blacephalon|76\/100\n|-damage|p1a: Blacephalon|51\/100|[from] Stealth Rock\n|turn|20\n|\n|t:|1700029713\n|move|p2a: the maw|Sucker Punch|p1a: Blacephalon\n|-supereffective|p1a: Blacephalon\n|-damage|p1a: Blacephalon|0 fnt\n|faint|p1a: Blacephalon\n|\n|upkeep\n|\n|t:|1700029717\n|switch|p1a: Houndstone|Houndstone, F|100\/100\n|turn|21\n|\n|t:|1700029724\n|move|p2a: the maw|Sucker Punch|p1a: Houndstone\n|-supereffective|p1a: Houndstone\n|-damage|p1a: Houndstone|3\/100\n|move|p1a: Houndstone|Last Respects|p2a: the maw\n|-damage|p2a: the maw|0 fnt\n|faint|p2a: the maw\n|\n|win|Senseitoad71\n|l|\u2606jayklod\n|l| fortnight phil\n|l| CringeWeirdo02\n","uploadtime":1700029855,"views":14,"p1id":"senseitoad71","p2id":"jayklod","formatid":"gen9nationaldexubers","rating":0,"private":0,"password":""}