{"id":"gen9nationaldexubers-1989428208","p1":"Smoke2117YT","p2":"shuppet3768","format":"[Gen 9] National Dex Ubers","log":"|j|\u2606Smoke2117YT\n|j|\u2606shuppet3768\n|t:|1699849041\n|gametype|singles\n|player|p1|Smoke2117YT|n|1197\n|player|p2|shuppet3768|iono|1101\n|teamsize|p1|6\n|teamsize|p2|6\n|gen|9\n|tier|[Gen 9] National Dex Ubers\n|rated|\n|rule|HP Percentage Mod: HP is shown in percentages\n|rule|Endless Battle Clause: Forcing endless battles is banned\n|rule|OHKO Clause: OHKO moves are banned\n|rule|Evasion Moves Clause: Evasion moves are banned\n|rule|Evasion Items Clause: Evasion items are banned\n|rule|Species Clause: Limit one of each Pok\u00e9mon\n|rule|Sleep Clause Mod: Limit one foe put to sleep\n|rule|Mega Rayquaza Clause: You cannot mega evolve Rayquaza\n|clearpoke\n|poke|p1|Darmanitan-Galar, M|\n|poke|p1|Kingambit, M|\n|poke|p1|Dracovish|\n|poke|p1|Alakazam, M|\n|poke|p1|Roserade, F|\n|poke|p1|Drifblim, F|\n|poke|p2|Necrozma-Dusk-Mane|\n|poke|p2|Kyurem-White|\n|poke|p2|Glimmora, M|\n|poke|p2|Sceptile, M|\n|poke|p2|Zygarde-10%|\n|poke|p2|Genesect|\n|teampreview\n|inactive|Battle timer is ON: inactive players will automatically lose when time's up. (requested by Smoke2117YT)\n|c|\u2606Smoke2117YT|glhf\n|inactive|shuppet3768 has 120 seconds left.\n|c|\u2606shuppet3768|glhf\n|\n|t:|1699849080\n|start\n|switch|p1a: Enlightened|Alakazam, M|100\/100\n|switch|p2a: God Killer|Genesect, shiny|100\/100\n|-ability|p2a: God Killer|Download|boost\n|-boost|p2a: God Killer|atk|1\n|turn|1\n|\n|t:|1699849099\n|switch|p1a: Rosethorn|Roserade, F|100\/100\n|move|p2a: God Killer|Shift Gear|p2a: God Killer\n|-boost|p2a: God Killer|spe|2\n|-boost|p2a: God Killer|atk|1\n|\n|upkeep\n|turn|2\n|c|\u2606Smoke2117YT|uhoh.\n|\n|t:|1699849117\n|move|p2a: God Killer|Shift Gear|p2a: God Killer\n|-boost|p2a: God Killer|spe|2\n|-boost|p2a: God Killer|atk|1\n|move|p1a: Rosethorn|Giga Drain|p2a: God Killer\n|-resisted|p2a: God Killer\n|-damage|p2a: God Killer|90\/100\n|\n|upkeep\n|turn|3\n|\n|t:|1699849129\n|move|p2a: God Killer|Shift Gear|p2a: God Killer\n|-boost|p2a: God Killer|spe|2\n|-boost|p2a: God Killer|atk|1\n|move|p1a: Rosethorn|Giga Drain|p2a: God Killer\n|-resisted|p2a: God Killer\n|-damage|p2a: God Killer|78\/100\n|\n|upkeep\n|turn|4\n|\n|t:|1699849140\n|move|p2a: God Killer|Shift Gear|p2a: God Killer\n|-boost|p2a: God Killer|spe|0\n|-boost|p2a: God Killer|atk|1\n|move|p1a: Rosethorn|Giga Drain|p2a: God Killer\n|-resisted|p2a: God Killer\n|-damage|p2a: God Killer|67\/100\n|\n|upkeep\n|turn|5\n|c|\u2606shuppet3768|heheha\n|c|\u2606shuppet3768|ultra instinct genesect\n|inactive|Smoke2117YT has 120 seconds left.\n|\n|t:|1699849177\n|move|p2a: God Killer|Iron Head|p1a: Rosethorn\n|-damage|p1a: Rosethorn|0 fnt\n|faint|p1a: Rosethorn\n|\n|upkeep\n|c|\u2606Smoke2117YT|well not necessatily, ultra instinct would mean most of my attacks wouldn't hit\n|c|\u2606Smoke2117YT|you still took damage, you just got faster and stronger while being hit by weak attacks\n|inactive|Smoke2117YT has 90 seconds left.\n|\n|t:|1699849210\n|switch|p1a: Carriage|Drifblim, F|100\/100\n|turn|6\n|c|\u2606shuppet3768|:l\n|\n|t:|1699849225\n|move|p2a: God Killer|Shadow Claw|p1a: Carriage\n|-supereffective|p1a: Carriage\n|-damage|p1a: Carriage|0 fnt\n|faint|p1a: Carriage\n|\n|upkeep\n|inactive|Smoke2117YT has 90 seconds left.\n|\n|t:|1699849248\n|switch|p1a: Frostburn|Darmanitan-Galar, M|100\/100\n|turn|7\n|\n|t:|1699849255\n|-terastallize|p1a: Frostburn|Fire\n|move|p2a: God Killer|Iron Head|p1a: Frostburn\n|-resisted|p1a: Frostburn\n|-damage|p1a: Frostburn|0 fnt\n|faint|p1a: Frostburn\n|\n|upkeep\n|inactive|Smoke2117YT has 90 seconds left.\n|\n|t:|1699849263\n|switch|p1a: Fishbite|Dracovish|100\/100\n|turn|8\n|\n|t:|1699849270\n|move|p2a: God Killer|Leech Life|p1a: Fishbite\n|-damage|p1a: Fishbite|0 fnt\n|-heal|p2a: God Killer|100\/100|[from] drain|[of] p1a: Fishbite\n|faint|p1a: Fishbite\n|\n|upkeep\n|inactive|Smoke2117YT has 90 seconds left.\n|\n|t:|1699849293\n|switch|p1a: Enlightened|Alakazam, M|100\/100\n|turn|9\n|inactive|Smoke2117YT has 90 seconds left.\n|\n|t:|1699849306\n|detailschange|p1a: Enlightened|Alakazam-Mega, M\n|-mega|p1a: Enlightened|Alakazam|Alakazite\n|-ability|p1a: Enlightened|Download|boost\n|-boost|p1a: Enlightened|atk|1\n|-ability|p1a: Enlightened|Download|[from] ability: Trace|[of] p2a: God Killer\n|move|p2a: God Killer|Shadow Claw|p1a: Enlightened\n|-supereffective|p1a: Enlightened\n|-damage|p1a: Enlightened|0 fnt\n|faint|p1a: Enlightened\n|\n|upkeep\n|inactive|Smoke2117YT has 90 seconds left.\n|\n|t:|1699849317\n|switch|p1a: Excalibur|Kingambit, M|100\/100\n|-activate|p1a: Excalibur|ability: Supreme Overlord\n|-start|p1a: Excalibur|fallen5|[silent]\n|turn|10\n|c|\u2606shuppet3768|SPOONS!!!!!!\n|\n|t:|1699849329\n|move|p1a: Excalibur|Sucker Punch|p2a: God Killer\n|-damage|p2a: God Killer|28\/100\n|move|p2a: God Killer|Shadow Claw|p1a: Excalibur\n|-resisted|p1a: Excalibur\n|-damage|p1a: Excalibur|68\/100\n|\n|-heal|p1a: Excalibur|74\/100|[from] item: Leftovers\n|upkeep\n|turn|11\n|c|\u2606Smoke2117YT|oah\n|\n|t:|1699849344\n|-terastallize|p2a: God Killer|Water\n|move|p2a: God Killer|Shift Gear|p2a: God Killer\n|-boost|p2a: God Killer|spe|0\n|-boost|p2a: God Killer|atk|1\n|move|p1a: Excalibur|Kowtow Cleave|p2a: God Killer\n|-damage|p2a: God Killer|0 fnt\n|faint|p2a: God Killer\n|\n|-heal|p1a: Excalibur|80\/100|[from] item: Leftovers\n|upkeep\n|c|\u2606shuppet3768|hehehehehehe\n|\n|t:|1699849358\n|switch|p2a: EL BOZO|Glimmora, M|100\/100\n|turn|12\n|\n|t:|1699849368\n|move|p2a: EL BOZO|Energy Ball|p1a: Excalibur\n|-resisted|p1a: Excalibur\n|-damage|p1a: Excalibur|68\/100\n|move|p1a: Excalibur|Iron Head|p2a: EL BOZO\n|-supereffective|p2a: EL BOZO\n|-enditem|p2a: EL BOZO|Focus Sash\n|-damage|p2a: EL BOZO|1\/100\n|-activate|p2a: EL BOZO|ability: Toxic Debris\n|-sidestart|p1: Smoke2117YT|move: Toxic Spikes\n|\n|-heal|p1a: Excalibur|74\/100|[from] item: Leftovers\n|upkeep\n|turn|13\n|\n|t:|1699849381\n|switch|p2a: Scared of Dragons|Necrozma-Dusk-Mane, shiny|100\/100\n|move|p1a: Excalibur|Swords Dance|p1a: Excalibur\n|-boost|p1a: Excalibur|atk|2\n|\n|-heal|p1a: Excalibur|80\/100|[from] item: Leftovers\n|upkeep\n|turn|14\n|\n|t:|1699849391\n|move|p1a: Excalibur|Sucker Punch|p2a: Scared of Dragons\n|-supereffective|p2a: Scared of Dragons\n|-damage|p2a: Scared of Dragons|0 fnt\n|faint|p2a: Scared of Dragons\n|\n|-heal|p1a: Excalibur|86\/100|[from] item: Leftovers\n|upkeep\n|c|\u2606shuppet3768|:\/\n|\n|t:|1699849405\n|switch|p2a: CRACK KONG GUN|Zygarde-10%, shiny|100\/100\n|turn|15\n|inactive|Smoke2117YT has 120 seconds left.\n|\n|t:|1699849418\n|move|p1a: Excalibur|Sucker Punch||[still]\n|-fail|p1a: Excalibur\n|move|p2a: CRACK KONG GUN|Coil|p2a: CRACK KONG GUN\n|-boost|p2a: CRACK KONG GUN|atk|1\n|-boost|p2a: CRACK KONG GUN|def|1\n|-boost|p2a: CRACK KONG GUN|accuracy|1\n|\n|-heal|p1a: Excalibur|92\/100|[from] item: Leftovers\n|upkeep\n|turn|16\n|\n|t:|1699849424\n|move|p2a: CRACK KONG GUN|Coil|p2a: CRACK KONG GUN\n|-boost|p2a: CRACK KONG GUN|atk|1\n|-boost|p2a: CRACK KONG GUN|def|1\n|-boost|p2a: CRACK KONG GUN|accuracy|1\n|move|p1a: Excalibur|Kowtow Cleave|p2a: CRACK KONG GUN\n|-damage|p2a: CRACK KONG GUN|0 fnt\n|faint|p2a: CRACK KONG GUN\n|\n|-heal|p1a: Excalibur|99\/100|[from] item: Leftovers\n|upkeep\n|\n|t:|1699849430\n|switch|p2a: El Diablo|Kyurem-White|100\/100\n|-ability|p2a: El Diablo|Turboblaze\n|turn|17\n|\n|t:|1699849442\n|move|p1a: Excalibur|Sucker Punch|p2a: El Diablo\n|-enditem|p2a: El Diablo|Focus Sash\n|-damage|p2a: El Diablo|1\/100\n|move|p2a: El Diablo|Fusion Flare|p1a: Excalibur\n|-supereffective|p1a: Excalibur\n|-damage|p1a: Excalibur|2\/100\n|\n|-heal|p1a: Excalibur|8\/100|[from] item: Leftovers\n|upkeep\n|turn|18\n|c|\u2606Smoke2117YT|RAAAAAA\n|\n|t:|1699849452\n|move|p1a: Excalibur|Sucker Punch||[still]\n|-fail|p1a: Excalibur\n|move|p2a: El Diablo|Roost|p2a: El Diablo\n|-heal|p2a: El Diablo|51\/100\n|-singleturn|p2a: El Diablo|move: Roost\n|\n|-heal|p1a: Excalibur|14\/100|[from] item: Leftovers\n|upkeep\n|turn|19\n|\n|t:|1699849473\n|move|p1a: Excalibur|Sucker Punch|p2a: El Diablo\n|-damage|p2a: El Diablo|0 fnt\n|faint|p2a: El Diablo\n|\n|-heal|p1a: Excalibur|21\/100|[from] item: Leftovers\n|upkeep\n|\n|t:|1699849481\n|switch|p2a: EL BOZO|Glimmora, M|1\/100\n|turn|20\n|\n|t:|1699849488\n|move|p1a: Excalibur|Sucker Punch|p2a: EL BOZO\n|-damage|p2a: EL BOZO|0 fnt\n|-activate|p2a: EL BOZO|ability: Toxic Debris\n|-sidestart|p1: Smoke2117YT|move: Toxic Spikes\n|faint|p2a: EL BOZO\n|\n|-heal|p1a: Excalibur|27\/100|[from] item: Leftovers\n|upkeep\n|\n|t:|1699849491\n|switch|p2a: High on WEED|Sceptile, M, shiny|100\/100\n|turn|21\n|c|\u2606shuppet3768|gg\n|c|\u2606Smoke2117YT|ggwp.\n|\n|t:|1699849503\n|move|p1a: Excalibur|Sucker Punch|p2a: High on WEED\n|-damage|p2a: High on WEED|0 fnt\n|faint|p2a: High on WEED\n|\n|win|Smoke2117YT\n|raw|Smoke2117YT's rating: 1197 &rarr; <strong>1215<\/strong><br \/>(+18 for winning)\n|raw|shuppet3768's rating: 1101 &rarr; <strong>1083<\/strong><br \/>(-18 for losing)\n|c|\u2606Smoke2117YT|next time\n|c|\u2606shuppet3768|that was fun\n|c|\u2606Smoke2117YT|dont get so greedy\n","uploadtime":1699849513,"views":5,"p1id":"smoke2117yt","p2id":"shuppet3768","formatid":"gen9nationaldexubers","rating":1083,"private":0,"password":""}