{"id":"gen9nationaldexubers-1999147968","p1":"Kye_Akashi","p2":"AppleBoi29310","format":"[Gen 9] National Dex Ubers","log":"|j|\u2606Kye_Akashi\n|j|\u2606AppleBoi29310\n|t:|1701038393\n|gametype|singles\n|player|p1|Kye_Akashi|unknownf|1190\n|player|p2|AppleBoi29310|gambler|1065\n|teamsize|p1|6\n|teamsize|p2|6\n|gen|9\n|tier|[Gen 9] National Dex Ubers\n|rated|\n|rule|HP Percentage Mod: HP is shown in percentages\n|rule|Endless Battle Clause: Forcing endless battles is banned\n|rule|OHKO Clause: OHKO moves are banned\n|rule|Evasion Moves Clause: Evasion moves are banned\n|rule|Evasion Items Clause: Evasion items are banned\n|rule|Species Clause: Limit one of each Pok\u00e9mon\n|rule|Sleep Clause Mod: Limit one foe put to sleep\n|rule|Mega Rayquaza Clause: You cannot mega evolve Rayquaza\n|clearpoke\n|poke|p1|Lucario, M|\n|poke|p1|Garchomp, M|\n|poke|p1|Urshifu-*, M|\n|poke|p1|Mimikyu, F|\n|poke|p1|Mew|\n|poke|p1|Cinderace, M|\n|poke|p2|Darkrai|\n|poke|p2|Duraludon, F|\n|poke|p2|Ceruledge, M|\n|poke|p2|Cloyster, F|\n|poke|p2|Milotic, F|\n|poke|p2|Butterfree, F|\n|teampreview\n|\n|t:|1701038409\n|start\n|switch|p1a: Mimikyu|Mimikyu, F, shiny|100\/100\n|switch|p2a: Darkrai|Darkrai, shiny|100\/100\n|turn|1\n|\n|t:|1701038415\n|move|p2a: Darkrai|Hypnosis|p1a: Mimikyu\n|-status|p1a: Mimikyu|slp|[from] move: Hypnosis\n|cant|p1a: Mimikyu|slp\n|\n|-damage|p1a: Mimikyu|88\/100 slp|[from] ability: Bad Dreams|[of] p2a: Darkrai\n|upkeep\n|turn|2\n|\n|t:|1701038429\n|move|p2a: Darkrai|Dark Pulse|p1a: Mimikyu\n|-activate|p1a: Mimikyu|ability: Disguise\n|-damage|p1a: Mimikyu|88\/100 slp\n|detailschange|p1a: Mimikyu|Mimikyu-Busted, F, shiny\n|-damage|p1a: Mimikyu|76\/100 slp|[from] pokemon: Mimikyu-Busted\n|cant|p1a: Mimikyu|slp\n|\n|-damage|p1a: Mimikyu|63\/100 slp|[from] ability: Bad Dreams|[of] p2a: Darkrai\n|upkeep\n|turn|3\n|\n|t:|1701038438\n|move|p2a: Darkrai|Dream Eater|p1a: Mimikyu\n|-damage|p1a: Mimikyu|24\/100 slp\n|-curestatus|p1a: Mimikyu|slp|[msg]\n|move|p1a: Mimikyu|Play Rough|p2a: Darkrai\n|-supereffective|p2a: Darkrai\n|-damage|p2a: Darkrai|23\/100\n|-unboost|p2a: Darkrai|atk|1\n|\n|upkeep\n|turn|4\n|\n|t:|1701038448\n|move|p1a: Mimikyu|Shadow Sneak|p2a: Darkrai\n|-resisted|p2a: Darkrai\n|-damage|p2a: Darkrai|14\/100\n|move|p2a: Darkrai|Hypnosis|p1a: Mimikyu\n|-status|p1a: Mimikyu|slp|[from] move: Hypnosis\n|\n|-damage|p1a: Mimikyu|12\/100 slp|[from] ability: Bad Dreams|[of] p2a: Darkrai\n|upkeep\n|turn|5\n|\n|t:|1701038455\n|move|p2a: Darkrai|Hypnosis|p1a: Mimikyu|[miss]\n|-miss|p2a: Darkrai|p1a: Mimikyu\n|cant|p1a: Mimikyu|slp\n|\n|-damage|p1a: Mimikyu|0 fnt|[from] ability: Bad Dreams|[of] p2a: Darkrai\n|faint|p1a: Mimikyu\n|upkeep\n|\n|t:|1701038461\n|switch|p1a: Lucario|Lucario, M|100\/100\n|turn|6\n|\n|t:|1701038469\n|switch|p2a: Duraludon|Duraludon, F|100\/100\n|detailschange|p1a: Lucario|Lucario-Mega, M\n|-mega|p1a: Lucario|Lucario|Lucarionite\n|move|p1a: Lucario|Extreme Speed|p2a: Duraludon\n|-resisted|p2a: Duraludon\n|-damage|p2a: Duraludon|83\/100\n|\n|upkeep\n|turn|7\n|\n|t:|1701038481\n|move|p1a: Lucario|Aura Sphere|p2a: Duraludon\n|-supereffective|p2a: Duraludon\n|-damage|p2a: Duraludon|0 fnt\n|faint|p2a: Duraludon\n|\n|upkeep\n|\n|t:|1701038486\n|switch|p2a: Ceruledge|Ceruledge, M|100\/100\n|turn|8\n|\n|t:|1701038493\n|switch|p1a: Garchomp|Garchomp, M, shiny|100\/100\n|move|p2a: Ceruledge|Bitter Blade|p1a: Garchomp\n|-resisted|p1a: Garchomp\n|-damage|p1a: Garchomp|76\/100\n|-damage|p2a: Ceruledge|88\/100|[from] ability: Rough Skin|[of] p1a: Garchomp\n|-damage|p2a: Ceruledge|72\/100|[from] item: Rocky Helmet|[of] p1a: Garchomp\n|\n|upkeep\n|turn|9\n|\n|t:|1701038503\n|move|p1a: Garchomp|Stealth Rock|p2a: Ceruledge\n|-sidestart|p2: AppleBoi29310|move: Stealth Rock\n|move|p2a: Ceruledge|Poltergeist|p1a: Garchomp\n|-activate|p1a: Garchomp|move: Poltergeist|Rocky Helmet\n|-damage|p1a: Garchomp|18\/100\n|\n|upkeep\n|turn|10\n|\n|t:|1701038510\n|move|p1a: Garchomp|Earthquake|p2a: Ceruledge\n|-supereffective|p2a: Ceruledge\n|-damage|p2a: Ceruledge|0 fnt\n|faint|p2a: Ceruledge\n|\n|upkeep\n|\n|t:|1701038521\n|switch|p2a: Butterfree|Butterfree, F|100\/100\n|-damage|p2a: Butterfree|51\/100|[from] Stealth Rock\n|turn|11\n|\n|t:|1701038526\n|move|p1a: Garchomp|Dragon Claw|p2a: Butterfree\n|-damage|p2a: Butterfree|0 fnt\n|faint|p2a: Butterfree\n|\n|upkeep\n|\n|t:|1701038531\n|switch|p2a: Cloyster|Cloyster, F|100\/100\n|-damage|p2a: Cloyster|76\/100|[from] Stealth Rock\n|turn|12\n|\n|t:|1701038535\n|move|p1a: Garchomp|Poison Jab|p2a: Cloyster\n|-damage|p2a: Cloyster|57\/100\n|move|p2a: Cloyster|Icicle Spear|p1a: Garchomp\n|-supereffective|p1a: Garchomp\n|-damage|p1a: Garchomp|0 fnt\n|faint|p1a: Garchomp\n|-hitcount|p1: Garchomp|1\n|\n|upkeep\n|\n|t:|1701038549\n|switch|p1a: Urshifu|Urshifu-Rapid-Strike, M|100\/100\n|turn|13\n|\n|t:|1701038555\n|-terastallize|p2a: Cloyster|Water\n|move|p1a: Urshifu|Bulk Up|p1a: Urshifu\n|-boost|p1a: Urshifu|atk|1\n|-boost|p1a: Urshifu|def|1\n|move|p2a: Cloyster|Shell Smash|p2a: Cloyster\n|-unboost|p2a: Cloyster|def|1\n|-unboost|p2a: Cloyster|spd|1\n|-boost|p2a: Cloyster|atk|2\n|-boost|p2a: Cloyster|spa|2\n|-boost|p2a: Cloyster|spe|2\n|\n|upkeep\n|turn|14\n|\n|t:|1701038568\n|-terastallize|p1a: Urshifu|Steel\n|move|p2a: Cloyster|Rock Blast|p1a: Urshifu|[miss]\n|-miss|p2a: Cloyster|p1a: Urshifu\n|move|p1a: Urshifu|Drain Punch|p2a: Cloyster\n|-damage|p2a: Cloyster|0 fnt\n|faint|p2a: Cloyster\n|\n|upkeep\n|\n|t:|1701038576\n|switch|p2a: Milotic|Milotic, F|100\/100\n|-damage|p2a: Milotic|88\/100|[from] Stealth Rock\n|turn|15\n|\n|t:|1701038581\n|move|p1a: Urshifu|Surging Strikes|p2a: Milotic\n|-resisted|p2a: Milotic\n|-crit|p2a: Milotic\n|-damage|p2a: Milotic|74\/100\n|-resisted|p2a: Milotic\n|-crit|p2a: Milotic\n|-damage|p2a: Milotic|62\/100\n|-resisted|p2a: Milotic\n|-crit|p2a: Milotic\n|-damage|p2a: Milotic|49\/100\n|-hitcount|p2a: Milotic|3\n|move|p2a: Milotic|Scald|p1a: Urshifu\n|-damage|p1a: Urshifu|62\/100\n|\n|-status|p2a: Milotic|brn|[from] item: Flame Orb\n|upkeep\n|turn|16\n|\n|t:|1701038595\n|move|p1a: Urshifu|Drain Punch|p2a: Milotic\n|-damage|p2a: Milotic|20\/100 brn\n|-heal|p1a: Urshifu|79\/100|[from] drain|[of] p2a: Milotic\n|move|p2a: Milotic|Recover|p2a: Milotic\n|-heal|p2a: Milotic|70\/100 brn\n|\n|-damage|p2a: Milotic|64\/100 brn|[from] brn\n|upkeep\n|turn|17\n|\n|t:|1701038603\n|move|p1a: Urshifu|Poison Jab|p2a: Milotic\n|-damage|p2a: Milotic|45\/100 brn\n|move|p2a: Milotic|Recover|p2a: Milotic\n|-heal|p2a: Milotic|95\/100 brn\n|\n|-damage|p2a: Milotic|89\/100 brn|[from] brn\n|upkeep\n|turn|18\n|\n|t:|1701038615\n|move|p1a: Urshifu|Bulk Up|p1a: Urshifu\n|-boost|p1a: Urshifu|atk|1\n|-boost|p1a: Urshifu|def|1\n|move|p2a: Milotic|Substitute|p2a: Milotic\n|-start|p2a: Milotic|Substitute\n|-damage|p2a: Milotic|64\/100 brn\n|\n|-damage|p2a: Milotic|58\/100 brn|[from] brn\n|upkeep\n|turn|19\n|\n|t:|1701038626\n|move|p1a: Urshifu|Poison Jab|p2a: Milotic\n|-end|p2a: Milotic|Substitute\n|move|p2a: Milotic|Recover|p2a: Milotic\n|-heal|p2a: Milotic|100\/100 brn\n|\n|-damage|p2a: Milotic|94\/100 brn|[from] brn\n|upkeep\n|turn|20\n|\n|t:|1701038632\n|move|p1a: Urshifu|Bulk Up|p1a: Urshifu\n|-boost|p1a: Urshifu|atk|1\n|-boost|p1a: Urshifu|def|1\n|move|p2a: Milotic|Scald|p1a: Urshifu\n|-damage|p1a: Urshifu|36\/100\n|\n|-damage|p2a: Milotic|88\/100 brn|[from] brn\n|upkeep\n|turn|21\n|\n|t:|1701038640\n|move|p1a: Urshifu|Drain Punch|p2a: Milotic\n|-damage|p2a: Milotic|38\/100 brn\n|-heal|p1a: Urshifu|65\/100|[from] drain|[of] p2a: Milotic\n|move|p2a: Milotic|Scald|p1a: Urshifu\n|-damage|p1a: Urshifu|26\/100\n|\n|-damage|p2a: Milotic|32\/100 brn|[from] brn\n|upkeep\n|turn|22\n|\n|t:|1701038649\n|move|p1a: Urshifu|Drain Punch|p2a: Milotic\n|-damage|p2a: Milotic|0 fnt\n|-heal|p1a: Urshifu|44\/100|[from] drain|[of] p2a: Milotic\n|faint|p2a: Milotic\n|\n|upkeep\n|\n|t:|1701038654\n|switch|p2a: Darkrai|Darkrai, shiny|14\/100\n|-damage|p2a: Darkrai|1\/100|[from] Stealth Rock\n|turn|23\n|c|\u2606Kye_Akashi|gg\n|\n|t:|1701038662\n|move|p2a: Darkrai|Drain Punch|p1a: Urshifu\n|-supereffective|p1a: Urshifu\n|-damage|p1a: Urshifu|31\/100\n|-heal|p2a: Darkrai|8\/100|[from] drain|[of] p1a: Urshifu\n|move|p1a: Urshifu|Surging Strikes|p2a: Darkrai\n|-crit|p2a: Darkrai\n|-damage|p2a: Darkrai|0 fnt\n|faint|p2a: Darkrai\n|-hitcount|p2: Darkrai|1\n|\n|win|Kye_Akashi\n|raw|Kye_Akashi's rating: 1190 &rarr; <strong>1206<\/strong><br \/>(+16 for winning)\n|raw|AppleBoi29310's rating: 1065 &rarr; <strong>1052<\/strong><br \/>(-13 for losing)\n|c|\u2606AppleBoi29310|gg\n|c|\u2606AppleBoi29310|Urshifu just rlly good\n|c|\u2606Kye_Akashi|Yes\n|c|\u2606AppleBoi29310|and ur team is nice\n|c|\u2606AppleBoi29310|hey\n|c|\u2606AppleBoi29310|the Milotic strat that I was doing\n|c|\u2606Kye_Akashi|You is a good trainer\n|c|\u2606AppleBoi29310|was the burn\n|c|\u2606AppleBoi29310|was to up the defense\n|c|\u2606AppleBoi29310|because\n|c|\u2606AppleBoi29310|of marvle scale\n|c|\u2606Kye_Akashi|Why you use Flame orb in Milotic?\n|c|\u2606AppleBoi29310|marble scale\n|c|\u2606AppleBoi29310|search it up\n|c|\u2606Kye_Akashi|Oh\n|c|\u2606AppleBoi29310|raises the ability-bearer's Defense by 50% when inflicted by a major status ailment (poison, burn, paralysis, freeze or sleep).\n|c|\u2606AppleBoi29310|so my defense was going up\n|c|\u2606AppleBoi29310|every time\n|c|\u2606AppleBoi29310|it burnt me\n|c|\u2606Kye_Akashi|Yeah\n|c|\u2606AppleBoi29310|gg :D\n|c|\u2606Kye_Akashi|Gg :D\n","uploadtime":1701038736,"views":2,"p1id":"kyeakashi","p2id":"appleboi29310","formatid":"gen9nationaldexubers","rating":1052,"private":0,"password":""}