{"id":"gen9nationaldexubers-1992950568","p1":"KallaxDino","p2":"KingoftheTitans","format":"[Gen 9] National Dex Ubers","log":"|j|\u2606KallaxDino\n|j|\u2606KingoftheTitans\n|t:|1700249613\n|gametype|singles\n|player|p1|KallaxDino|266|\n|player|p2|KingoftheTitans|266|\n|teamsize|p1|6\n|teamsize|p2|6\n|gen|9\n|tier|[Gen 9] National Dex Ubers\n|rule|HP Percentage Mod: HP is shown in percentages\n|rule|Endless Battle Clause: Forcing endless battles is banned\n|rule|OHKO Clause: OHKO moves are banned\n|rule|Evasion Moves Clause: Evasion moves are banned\n|rule|Evasion Items Clause: Evasion items are banned\n|rule|Species Clause: Limit one of each Pok\u00e9mon\n|rule|Sleep Clause Mod: Limit one foe put to sleep\n|rule|Mega Rayquaza Clause: You cannot mega evolve Rayquaza\n|clearpoke\n|poke|p1|Zygarde|\n|poke|p1|Groudon|\n|poke|p1|Kyurem-White|\n|poke|p1|Mewtwo|\n|poke|p1|Zacian-*|\n|poke|p1|Necrozma-Dusk-Mane|\n|poke|p2|Charizard, M|\n|poke|p2|Greninja-*, M|\n|poke|p2|Serperior, F|\n|poke|p2|Tyranitar, M|\n|poke|p2|Excadrill, M|\n|poke|p2|Dracozolt|\n|teampreview\n|\n|t:|1700249616\n|start\n|switch|p1a: Groudon|Groudon|100\/100\n|switch|p2a: Serperior|Serperior, F|100\/100\n|detailschange|p1a: Groudon|Groudon-Primal\n|-primal|p1a: Groudon|Red Orb\n|-weather|DesolateLand|[from] ability: Desolate Land|[of] p1a: Groudon\n|turn|1\n|\n|t:|1700249624\n|move|p2a: Serperior|Leaf Storm|p1a: Groudon|[miss]\n|-miss|p2a: Serperior|p1a: Groudon\n|move|p1a: Groudon|Heat Crash|p2a: Serperior\n|-supereffective|p2a: Serperior\n|-crit|p2a: Serperior\n|-damage|p2a: Serperior|0 fnt\n|faint|p2a: Serperior\n|\n|-weather|DesolateLand|[upkeep]\n|upkeep\n|\n|t:|1700249638\n|switch|p2a: Tyranitar|Tyranitar, M|100\/100\n|-ability|p2a: Tyranitar|Sand Stream|[from] desolateland|[fail]\n|turn|2\n|\n|t:|1700249647\n|-terastallize|p2a: Tyranitar|Ground\n|move|p1a: Groudon|Heat Crash|p2a: Tyranitar\n|-damage|p2a: Tyranitar|18\/100\n|move|p2a: Tyranitar|Earthquake|p1a: Groudon\n|-supereffective|p1a: Groudon\n|-damage|p1a: Groudon|24\/100\n|\n|-weather|DesolateLand|[upkeep]\n|upkeep\n|turn|3\n|\n|t:|1700249659\n|move|p1a: Groudon|Precipice Blades|p2a: Tyranitar\n|-damage|p2a: Tyranitar|0 fnt\n|faint|p2a: Tyranitar\n|\n|-weather|DesolateLand|[upkeep]\n|upkeep\n|\n|t:|1700249667\n|switch|p2a: Greninja|Greninja, M|100\/100\n|turn|4\n|j| theosjhung\n|\n|t:|1700249675\n|move|p2a: Greninja|Ice Beam|p1a: Groudon\n|-damage|p1a: Groudon|0 fnt\n|faint|p1a: Groudon\n|-weather|none\n|-ability|p2a: Greninja|Battle Bond|boost\n|-boost|p2a: Greninja|atk|1\n|-boost|p2a: Greninja|spa|1\n|-boost|p2a: Greninja|spe|1\n|-activate|p2a: Greninja|ability: Battle Bond\n|\n|upkeep\n|\n|t:|1700249684\n|switch|p1a: Necrozma|Necrozma-Dusk-Mane|100\/100\n|turn|5\n|\n|t:|1700249711\n|move|p2a: Greninja|Dark Pulse|p1a: Necrozma\n|-supereffective|p1a: Necrozma\n|-damage|p1a: Necrozma|4\/100\n|move|p1a: Necrozma|Earthquake|p2a: Greninja\n|-damage|p2a: Greninja|31\/100\n|\n|upkeep\n|turn|6\n|\n|t:|1700249723\n|detailschange|p1a: Necrozma|Necrozma-Ultra\n|-burst|p1a: Necrozma|Necrozma|Ultranecrozium Z\n|move|p2a: Greninja|Water Shuriken|p1a: Necrozma\n|-resisted|p1a: Necrozma\n|-damage|p1a: Necrozma|0 fnt\n|faint|p1a: Necrozma\n|-hitcount|p1: Necrozma|1\n|\n|upkeep\n|\n|t:|1700249744\n|switch|p1a: Mewtwo|Mewtwo|100\/100\n|-ability|p1a: Mewtwo|Pressure\n|turn|7\n|\n|t:|1700249756\n|switch|p1a: Zacian|Zacian-Crowned|100\/100\n|-ability|p1a: Zacian|Intrepid Sword|boost\n|-boost|p1a: Zacian|atk|1\n|move|p2a: Greninja|Dark Pulse|p1a: Zacian\n|-resisted|p1a: Zacian\n|-damage|p1a: Zacian|75\/100\n|\n|upkeep\n|turn|8\n|\n|t:|1700249765\n|-terastallize|p1a: Zacian|Fairy\n|move|p2a: Greninja|Water Shuriken|p1a: Zacian\n|-damage|p1a: Zacian|64\/100\n|-damage|p1a: Zacian|55\/100\n|-damage|p1a: Zacian|44\/100\n|-damage|p1a: Zacian|33\/100\n|-hitcount|p1a: Zacian|4\n|move|p1a: Zacian|Behemoth Blade|p2a: Greninja\n|-resisted|p2a: Greninja\n|-damage|p2a: Greninja|0 fnt\n|faint|p2a: Greninja\n|\n|upkeep\n|\n|t:|1700249778\n|switch|p2a: Excadrill|Excadrill, M|100\/100\n|turn|9\n|\n|t:|1700249789\n|move|p1a: Zacian|Play Rough|p2a: Excadrill\n|-resisted|p2a: Excadrill\n|-damage|p2a: Excadrill|27\/100\n|move|p2a: Excadrill|Rapid Spin|p1a: Zacian\n|-damage|p1a: Zacian|13\/100\n|-boost|p2a: Excadrill|spe|1\n|\n|upkeep\n|turn|10\n|\n|t:|1700249799\n|move|p1a: Zacian|Swords Dance|p1a: Zacian\n|-boost|p1a: Zacian|atk|2\n|move|p2a: Excadrill|Iron Head|p1a: Zacian\n|-supereffective|p1a: Zacian\n|-damage|p1a: Zacian|0 fnt\n|faint|p1a: Zacian\n|\n|upkeep\n|\n|t:|1700249807\n|switch|p1a: Mewtwo|Mewtwo|100\/100\n|-ability|p1a: Mewtwo|Pressure\n|turn|11\n|\n|t:|1700249815\n|detailschange|p1a: Mewtwo|Mewtwo-Mega-Y\n|-mega|p1a: Mewtwo|Mewtwo|Mewtwonite Y\n|move|p1a: Mewtwo|Ice Beam|p2a: Excadrill\n|-damage|p2a: Excadrill|0 fnt\n|faint|p2a: Excadrill\n|\n|upkeep\n|\n|t:|1700249821\n|switch|p2a: Charizard|Charizard, M|100\/100\n|turn|12\n|\n|t:|1700249824\n|detailschange|p2a: Charizard|Charizard-Mega-X, M\n|-mega|p2a: Charizard|Charizard|Charizardite X\n|move|p1a: Mewtwo|Ice Beam|p2a: Charizard\n|-damage|p2a: Charizard|46\/100\n|move|p2a: Charizard|Dragon Dance|p2a: Charizard\n|-boost|p2a: Charizard|atk|1\n|-boost|p2a: Charizard|spe|1\n|\n|upkeep\n|turn|13\n|\n|t:|1700249834\n|move|p2a: Charizard|Dragon Claw|p1a: Mewtwo\n|-damage|p1a: Mewtwo|0 fnt\n|faint|p1a: Mewtwo\n|\n|upkeep\n|\n|t:|1700249838\n|switch|p1a: Kyurem|Kyurem-White|100\/100\n|-ability|p1a: Kyurem|Turboblaze\n|turn|14\n|\n|t:|1700249845\n|move|p2a: Charizard|Dragon Claw|p1a: Kyurem\n|-supereffective|p1a: Kyurem\n|-damage|p1a: Kyurem|0 fnt\n|faint|p1a: Kyurem\n|\n|upkeep\n|\n|t:|1700249850\n|switch|p1a: Zygarde|Zygarde|100\/100\n|turn|15\n|\n|t:|1700249854\n|move|p2a: Charizard|Dragon Claw|p1a: Zygarde\n|-supereffective|p1a: Zygarde\n|-damage|p1a: Zygarde|0 fnt\n|faint|p1a: Zygarde\n|\n|win|KingoftheTitans\n","uploadtime":1700249860,"views":19,"p1id":"kallaxdino","p2id":"kingofthetitans","formatid":"gen9nationaldexubers","rating":0,"private":0,"password":""}