{"id":"gen9nationaldexubers-1980832800","p1":"Snowy Summer","p2":"walfire","format":"[Gen 9] National Dex Ubers","log":"|j|\u2606Snowy Summer\n|j|\u2606walfire\n|t:|1698840071\n|gametype|singles\n|player|p1|Snowy Summer|2|1132\n|player|p2|walfire|steven|1144\n|teamsize|p1|6\n|teamsize|p2|6\n|gen|9\n|tier|[Gen 9] National Dex Ubers\n|rated|\n|rule|HP Percentage Mod: HP is shown in percentages\n|rule|Endless Battle Clause: Forcing endless battles is banned\n|rule|OHKO Clause: OHKO moves are banned\n|rule|Evasion Moves Clause: Evasion moves are banned\n|rule|Evasion Items Clause: Evasion items are banned\n|rule|Species Clause: Limit one of each Pok\u00e9mon\n|rule|Sleep Clause Mod: Limit one foe put to sleep\n|rule|Mega Rayquaza Clause: You cannot mega evolve Rayquaza\n|clearpoke\n|poke|p1|Cyclizar, M|\n|poke|p1|Dragonite, M|\n|poke|p1|Metagross|\n|poke|p1|Rillaboom, F|\n|poke|p1|Groudon|\n|poke|p1|Arceus-Fairy|\n|poke|p2|Blaziken, F|\n|poke|p2|Sceptile, M|\n|poke|p2|Metagross|\n|poke|p2|Salamence, F|\n|poke|p2|Sharpedo, F|\n|poke|p2|Zangoose, M|\n|teampreview\n|inactive|Battle timer is ON: inactive players will automatically lose when time's up. (requested by Snowy Summer)\n|\n|t:|1698840085\n|start\n|switch|p1a: \u795e|Cyclizar, M|100\/100\n|switch|p2a: Metagross|Metagross, shiny|100\/100\n|turn|1\n|\n|t:|1698840097\n|move|p1a: \u795e|Shed Tail|p1a: \u795e\n|-start|p1a: \u795e|Substitute|[from] move: Shed Tail\n|-damage|p1a: \u795e|50\/100\n|\n|t:|1698840102\n|switch|p1a: Groudon|Groudon|100\/100|[from] Shed Tail\n|detailschange|p1a: Groudon|Groudon-Primal\n|-primal|p1a: Groudon|Red Orb\n|-weather|DesolateLand|[from] ability: Desolate Land|[of] p1a: Groudon\n|move|p2a: Metagross|Earthquake|p1a: Groudon\n|-supereffective|p1a: Groudon\n|-end|p1a: Groudon|Substitute\n|-damage|p2a: Metagross|91\/100|[from] item: Life Orb\n|\n|-weather|DesolateLand|[upkeep]\n|upkeep\n|turn|2\n|\n|t:|1698840117\n|-terastallize|p2a: Metagross|Flying\n|move|p2a: Metagross|Earthquake|p1a: Groudon\n|-supereffective|p1a: Groudon\n|-damage|p1a: Groudon|44\/100\n|-damage|p2a: Metagross|81\/100|[from] item: Life Orb\n|move|p1a: Groudon|Eruption|p2a: Metagross\n|-damage|p2a: Metagross|24\/100\n|\n|-weather|DesolateLand|[upkeep]\n|upkeep\n|turn|3\n|inactive|Snowy Summer has 120 seconds left.\n|\n|t:|1698840152\n|-weather|none\n|switch|p1a: Dragonite|Dragonite, M|100\/100\n|move|p2a: Metagross|Meteor Mash|p1a: Dragonite|[miss]\n|-miss|p2a: Metagross|p1a: Dragonite\n|\n|upkeep\n|turn|4\n|inactive|Snowy Summer has 120 seconds left.\n|\n|t:|1698840159\n|move|p1a: Dragonite|Dragon Claw|p2a: Metagross\n|-damage|p2a: Metagross|0 fnt\n|faint|p2a: Metagross\n|\n|upkeep\n|\n|t:|1698840167\n|switch|p2a: Salamence|Salamence, F|100\/100\n|turn|5\n|inactive|Snowy Summer has 120 seconds left.\n|\n|t:|1698840200\n|switch|p1a: Arceus|Arceus-Fairy|100\/100\n|move|p2a: Salamence|Earthquake|p1a: Arceus\n|-damage|p1a: Arceus|61\/100\n|\n|upkeep\n|turn|6\n|\n|t:|1698840212\n|-terastallize|p1a: Arceus|Fairy\n|move|p1a: Arceus|Dazzling Gleam|p2a: Salamence\n|-supereffective|p2a: Salamence\n|-damage|p2a: Salamence|0 fnt\n|faint|p2a: Salamence\n|\n|upkeep\n|inactive|walfire has 120 seconds left.\n|\n|t:|1698840244\n|switch|p2a: Sceptile|Sceptile, M|100\/100\n|turn|7\n|\n|t:|1698840247\n|move|p1a: Arceus|Fire Blast|p2a: Sceptile|[miss]\n|-miss|p1a: Arceus|p2a: Sceptile\n|move|p2a: Sceptile|Bullet Seed|p1a: Arceus\n|-damage|p1a: Arceus|54\/100\n|-crit|p1a: Arceus\n|-damage|p1a: Arceus|42\/100\n|-damage|p1a: Arceus|32\/100\n|-damage|p1a: Arceus|24\/100\n|-hitcount|p1a: Arceus|4\n|\n|upkeep\n|turn|8\n|\n|t:|1698840260\n|move|p2a: Sceptile|Bullet Seed|p1a: Arceus\n|-damage|p1a: Arceus|16\/100\n|-damage|p1a: Arceus|8\/100\n|-damage|p1a: Arceus|0 fnt\n|faint|p1a: Arceus\n|-hitcount|p1: Arceus|3\n|\n|upkeep\n|\n|t:|1698840268\n|switch|p1a: \u795e|Cyclizar, M|83\/100\n|turn|9\n|\n|t:|1698840272\n|move|p1a: \u795e|Shed Tail|p1a: \u795e\n|-start|p1a: \u795e|Substitute|[from] move: Shed Tail\n|-damage|p1a: \u795e|33\/100\n|\n|t:|1698840275\n|switch|p1a: Dragonite|Dragonite, M|100\/100|[from] Shed Tail\n|move|p2a: Sceptile|Scale Shot|p1a: Dragonite\n|-supereffective|p1a: Dragonite\n|-activate|p1a: Dragonite|move: Substitute|[damage]\n|-supereffective|p1a: Dragonite\n|-activate|p1a: Dragonite|move: Substitute|[damage]\n|-supereffective|p1a: Dragonite\n|-end|p1a: Dragonite|Substitute\n|-supereffective|p1a: Dragonite\n|-damage|p1a: Dragonite|94\/100\n|-hitcount|p1a: Dragonite|4\n|-unboost|p2a: Sceptile|def|1\n|-boost|p2a: Sceptile|spe|1\n|\n|-heal|p1a: Dragonite|99\/100|[from] item: Leftovers\n|upkeep\n|turn|10\n|\n|t:|1698840292\n|move|p2a: Sceptile|Scale Shot|p1a: Dragonite\n|-supereffective|p1a: Dragonite\n|-damage|p1a: Dragonite|86\/100\n|-supereffective|p1a: Dragonite\n|-damage|p1a: Dragonite|73\/100\n|-supereffective|p1a: Dragonite\n|-damage|p1a: Dragonite|59\/100\n|-supereffective|p1a: Dragonite\n|-damage|p1a: Dragonite|44\/100\n|-supereffective|p1a: Dragonite\n|-damage|p1a: Dragonite|30\/100\n|-hitcount|p1a: Dragonite|5\n|-unboost|p2a: Sceptile|def|1\n|-boost|p2a: Sceptile|spe|1\n|move|p1a: Dragonite|Dragon Claw|p2a: Sceptile\n|-damage|p2a: Sceptile|0 fnt\n|faint|p2a: Sceptile\n|\n|-heal|p1a: Dragonite|37\/100|[from] item: Leftovers\n|upkeep\n|\n|t:|1698840310\n|switch|p2a: Zangoose|Zangoose, M|100\/100\n|turn|11\n|\n|t:|1698840318\n|move|p2a: Zangoose|Belly Drum|p2a: Zangoose\n|-damage|p2a: Zangoose|51\/100\n|-setboost|p2a: Zangoose|atk|6|[from] move: Belly Drum\n|move|p1a: Dragonite|Roost|p1a: Dragonite\n|-heal|p1a: Dragonite|87\/100\n|-singleturn|p1a: Dragonite|move: Roost\n|\n|-heal|p1a: Dragonite|93\/100|[from] item: Leftovers\n|upkeep\n|turn|12\n|\n|t:|1698840332\n|switch|p1a: Groudon|Groudon-Primal|44\/100\n|-weather|DesolateLand|[from] ability: Desolate Land|[of] p1a: Groudon\n|move|p2a: Zangoose|Substitute|p2a: Zangoose\n|-start|p2a: Zangoose|Substitute\n|-damage|p2a: Zangoose|26\/100\n|\n|-weather|DesolateLand|[upkeep]\n|upkeep\n|turn|13\n|\n|t:|1698840346\n|move|p2a: Zangoose|Power Trip|p1a: Groudon\n|-damage|p1a: Groudon|0 fnt\n|faint|p1a: Groudon\n|-weather|none\n|\n|upkeep\n|\n|t:|1698840353\n|switch|p1a: \u795e|Cyclizar, M|66\/100\n|turn|14\n|\n|t:|1698840359\n|move|p1a: \u795e|Shed Tail|p1a: \u795e\n|-start|p1a: \u795e|Substitute|[from] move: Shed Tail\n|-damage|p1a: \u795e|16\/100\n|\n|t:|1698840363\n|switch|p1a: Rillaboom|Rillaboom, F|100\/100|[from] Shed Tail\n|-fieldstart|move: Grassy Terrain|[from] ability: Grassy Surge|[of] p1a: Rillaboom\n|move|p2a: Zangoose|Substitute|p2a: Zangoose\n|-fail|p2a: Zangoose|move: Substitute\n|\n|-heal|p2a: Zangoose|32\/100|[from] Grassy Terrain\n|upkeep\n|turn|15\n|\n|t:|1698840373\n|move|p1a: Rillaboom|Grassy Glide|p2a: Zangoose\n|-end|p2a: Zangoose|Substitute\n|move|p2a: Zangoose|Substitute|p2a: Zangoose\n|-start|p2a: Zangoose|Substitute\n|-damage|p2a: Zangoose|7\/100\n|-enditem|p2a: Zangoose|Salac Berry|[eat]\n|-boost|p2a: Zangoose|spe|1|[from] item: Salac Berry\n|\n|-heal|p2a: Zangoose|13\/100|[from] Grassy Terrain\n|upkeep\n|turn|16\n|\n|t:|1698840382\n|move|p1a: Rillaboom|Grassy Glide|p2a: Zangoose\n|-end|p2a: Zangoose|Substitute\n|move|p2a: Zangoose|Flail|p1a: Rillaboom\n|-end|p1a: Rillaboom|Substitute\n|\n|-heal|p2a: Zangoose|19\/100|[from] Grassy Terrain\n|upkeep\n|turn|17\n|\n|t:|1698840395\n|move|p1a: Rillaboom|Grassy Glide|p2a: Zangoose\n|-damage|p2a: Zangoose|0 fnt\n|faint|p2a: Zangoose\n|\n|upkeep\n|\n|t:|1698840398\n|switch|p2a: Blaziken|Blaziken, F|100\/100\n|turn|18\n|\n|t:|1698840411\n|detailschange|p2a: Blaziken|Blaziken-Mega, F\n|-mega|p2a: Blaziken|Blaziken|Blazikenite\n|move|p2a: Blaziken|Blaze Kick|p1a: Rillaboom\n|-supereffective|p1a: Rillaboom\n|-damage|p1a: Rillaboom|0 fnt\n|faint|p1a: Rillaboom\n|\n|-fieldend|move: Grassy Terrain\n|-ability|p2a: Blaziken|Speed Boost|boost\n|-boost|p2a: Blaziken|spe|1\n|upkeep\n|\n|t:|1698840425\n|switch|p1a: Dragonite|Dragonite, M|93\/100\n|turn|19\n|\n|t:|1698840431\n|move|p2a: Blaziken|Knock Off|p1a: Dragonite\n|-damage|p1a: Dragonite|56\/100\n|-enditem|p1a: Dragonite|Leftovers|[from] move: Knock Off|[of] p2a: Blaziken\n|move|p1a: Dragonite|Earthquake|p2a: Blaziken\n|-supereffective|p2a: Blaziken\n|-damage|p2a: Blaziken|19\/100\n|\n|-ability|p2a: Blaziken|Speed Boost|boost\n|-boost|p2a: Blaziken|spe|1\n|upkeep\n|turn|20\n|\n|t:|1698840446\n|move|p2a: Blaziken|Close Combat|p1a: Dragonite\n|-resisted|p1a: Dragonite\n|-damage|p1a: Dragonite|22\/100\n|-unboost|p2a: Blaziken|def|1\n|-unboost|p2a: Blaziken|spd|1\n|move|p1a: Dragonite|Earthquake|p2a: Blaziken\n|-supereffective|p2a: Blaziken\n|-damage|p2a: Blaziken|0 fnt\n|faint|p2a: Blaziken\n|\n|upkeep\n|\n|t:|1698840452\n|switch|p2a: Sharpedo|Sharpedo, F|100\/100\n|turn|21\n|\n|t:|1698840461\n|move|p2a: Sharpedo|Crunch|p1a: Dragonite\n|-damage|p1a: Dragonite|0 fnt\n|faint|p1a: Dragonite\n|-damage|p2a: Sharpedo|91\/100|[from] item: Life Orb\n|\n|-ability|p2a: Sharpedo|Speed Boost|boost\n|-boost|p2a: Sharpedo|spe|1\n|upkeep\n|\n|t:|1698840471\n|switch|p1a: \u795e|Cyclizar, M|49\/100\n|turn|22\n|\n|t:|1698840476\n|move|p1a: \u795e|Draco Meteor|p2a: Sharpedo\n|-crit|p2a: Sharpedo\n|-damage|p2a: Sharpedo|0 fnt\n|-unboost|p1a: \u795e|spa|2\n|faint|p2a: Sharpedo\n|\n|win|Snowy Summer\n|raw|Snowy Summer's rating: 1132 &rarr; <strong>1158<\/strong><br \/>(+26 for winning)\n|raw|walfire's rating: 1144 &rarr; <strong>1118<\/strong><br \/>(-26 for losing)\n|l|\u2606Snowy Summer\n","uploadtime":1698840481,"views":5,"p1id":"snowysummer","p2id":"walfire","formatid":"gen9nationaldexubers","rating":1118,"private":0,"password":""}