{"id":"gen9nationaldexubers-1989098762","p1":"sicily is annoying","p2":"GenesectGen5","format":"[Gen 9] National Dex Ubers","log":"|j|\u2606sicily is annoying\n|j|\u2606GenesectGen5\n|t:|1699812005\n|gametype|singles\n|player|p1|sicily is annoying|cynthia-gen4|1175\n|player|p2|GenesectGen5|veteran|1141\n|teamsize|p1|6\n|teamsize|p2|6\n|gen|9\n|tier|[Gen 9] National Dex Ubers\n|rated|\n|rule|HP Percentage Mod: HP is shown in percentages\n|rule|Endless Battle Clause: Forcing endless battles is banned\n|rule|OHKO Clause: OHKO moves are banned\n|rule|Evasion Moves Clause: Evasion moves are banned\n|rule|Evasion Items Clause: Evasion items are banned\n|rule|Species Clause: Limit one of each Pok\u00e9mon\n|rule|Sleep Clause Mod: Limit one foe put to sleep\n|rule|Mega Rayquaza Clause: You cannot mega evolve Rayquaza\n|clearpoke\n|poke|p1|Kangaskhan, F|\n|poke|p1|Malamar, F|\n|poke|p1|Marshadow|\n|poke|p1|Volcanion|\n|poke|p1|Urshifu-*, M|\n|poke|p1|Flapple, M|\n|poke|p2|Kyurem-Black|\n|poke|p2|Volcarona, M|\n|poke|p2|Mienshao, F|\n|poke|p2|Genesect-Douse|\n|poke|p2|Landorus-Therian, M|\n|poke|p2|Serperior, M|\n|teampreview\n|inactive|Battle timer is ON: inactive players will automatically lose when time's up. (requested by sicily is annoying)\n|\n|t:|1699812021\n|start\n|switch|p1a: Flapple|Flapple, M|100\/100\n|switch|p2a: Mienshao|Mienshao, F, shiny|100\/100\n|turn|1\n|\n|t:|1699812033\n|move|p2a: Mienshao|U-turn|p1a: Flapple\n|-supereffective|p1a: Flapple\n|-damage|p1a: Flapple|4\/100\n|-activate|p1a: Flapple|ability: Ripen\n|-enditem|p1a: Flapple|Sitrus Berry|[eat]\n|-heal|p1a: Flapple|54\/100|[from] item: Sitrus Berry\n|-damage|p2a: Mienshao|91\/100|[from] item: Life Orb\n|\n|t:|1699812037\n|switch|p2a: Landorus|Landorus-Therian, M|100\/100|[from] U-turn\n|-ability|p2a: Landorus|Intimidate|boost\n|-unboost|p1a: Flapple|atk|1\n|move|p1a: Flapple|Dragon Dance|p1a: Flapple\n|-boost|p1a: Flapple|atk|1\n|-boost|p1a: Flapple|spe|1\n|\n|upkeep\n|turn|2\n|\n|t:|1699812047\n|move|p2a: Landorus|U-turn|p1a: Flapple\n|-supereffective|p1a: Flapple\n|-damage|p1a: Flapple|0 fnt\n|faint|p1a: Flapple\n|\n|t:|1699812050\n|switch|p2a: Mienshao|Mienshao, F, shiny|100\/100|[from] U-turn\n|\n|upkeep\n|\n|t:|1699812063\n|switch|p1a: Marshadow|Marshadow|100\/100\n|turn|3\n|\n|t:|1699812077\n|switch|p2a: Landorus|Landorus-Therian, M|100\/100\n|-ability|p2a: Landorus|Intimidate|boost\n|-unboost|p1a: Marshadow|atk|1\n|move|p1a: Marshadow|Jump Kick|p2a: Landorus\n|-resisted|p2a: Landorus\n|-damage|p2a: Landorus|80\/100\n|\n|upkeep\n|turn|4\n|\n|t:|1699812087\n|move|p1a: Marshadow|Sucker Punch|p2a: Landorus\n|-damage|p2a: Landorus|63\/100\n|move|p2a: Landorus|Earthquake|p1a: Marshadow\n|-damage|p1a: Marshadow|14\/100\n|\n|upkeep\n|turn|5\n|\n|t:|1699812100\n|move|p2a: Landorus|Earthquake|p1a: Marshadow\n|-damage|p1a: Marshadow|0 fnt\n|faint|p1a: Marshadow\n|\n|upkeep\n|\n|t:|1699812109\n|switch|p1a: Kangaskhan|Kangaskhan, F|100\/100\n|turn|6\n|\n|t:|1699812113\n|switch|p2a: Mienshao|Mienshao, F, shiny|100\/100\n|detailschange|p1a: Kangaskhan|Kangaskhan-Mega, F\n|-mega|p1a: Kangaskhan|Kangaskhan|Kangaskhanite\n|move|p1a: Kangaskhan|Power-Up Punch|p2a: Mienshao\n|-damage|p2a: Mienshao|78\/100\n|-boost|p1a: Kangaskhan|atk|1\n|-damage|p2a: Mienshao|70\/100\n|-boost|p1a: Kangaskhan|atk|1\n|-hitcount|p2a: Mienshao|2\n|\n|upkeep\n|turn|7\n|\n|t:|1699812126\n|move|p2a: Mienshao|High Jump Kick|p1a: Kangaskhan\n|-supereffective|p1a: Kangaskhan\n|-damage|p1a: Kangaskhan|0 fnt\n|faint|p1a: Kangaskhan\n|-damage|p2a: Mienshao|60\/100|[from] item: Life Orb\n|\n|upkeep\n|\n|t:|1699812134\n|switch|p1a: Urshifu|Urshifu-Rapid-Strike, M|100\/100\n|turn|8\n|\n|t:|1699812145\n|switch|p2a: Serperior|Serperior, M|100\/100\n|move|p1a: Urshifu|Close Combat|p2a: Serperior\n|-damage|p2a: Serperior|30\/100\n|-unboost|p1a: Urshifu|def|1\n|-unboost|p1a: Urshifu|spd|1\n|\n|upkeep\n|turn|9\n|\n|t:|1699812154\n|move|p1a: Urshifu|Close Combat|p2a: Serperior\n|-crit|p2a: Serperior\n|-damage|p2a: Serperior|0 fnt\n|-unboost|p1a: Urshifu|def|1\n|-unboost|p1a: Urshifu|spd|1\n|faint|p2a: Serperior\n|\n|upkeep\n|\n|t:|1699812157\n|switch|p2a: Landorus|Landorus-Therian, M|63\/100\n|-ability|p2a: Landorus|Intimidate|boost\n|-unboost|p1a: Urshifu|atk|1\n|turn|10\n|\n|t:|1699812164\n|-terastallize|p1a: Urshifu|Fighting\n|-terastallize|p2a: Landorus|Ground\n|move|p1a: Urshifu|Close Combat|p2a: Landorus\n|-damage|p2a: Landorus|0 fnt\n|-unboost|p1a: Urshifu|def|1\n|-unboost|p1a: Urshifu|spd|1\n|faint|p2a: Landorus\n|\n|upkeep\n|\n|t:|1699812174\n|switch|p2a: Volcarona|Volcarona, M|100\/100\n|turn|11\n|\n|t:|1699812178\n|move|p1a: Urshifu|Close Combat|p2a: Volcarona\n|-resisted|p2a: Volcarona\n|-damage|p2a: Volcarona|56\/100\n|-unboost|p1a: Urshifu|def|1\n|-unboost|p1a: Urshifu|spd|1\n|-status|p1a: Urshifu|brn|[from] ability: Flame Body|[of] p2a: Volcarona\n|move|p2a: Volcarona|Psychic|p1a: Urshifu\n|-supereffective|p1a: Urshifu\n|-damage|p1a: Urshifu|0 fnt\n|faint|p1a: Urshifu\n|\n|upkeep\n|\n|t:|1699812188\n|switch|p1a: Volcanion|Volcanion|100\/100\n|turn|12\n|\n|t:|1699812196\n|switch|p2a: Kyurem|Kyurem-Black|100\/100\n|-ability|p2a: Kyurem|Teravolt\n|move|p1a: Volcanion|Scald|p2a: Kyurem\n|-resisted|p2a: Kyurem\n|-damage|p2a: Kyurem|83\/100\n|\n|upkeep\n|turn|13\n|\n|t:|1699812205\n|move|p2a: Kyurem|Dragon Dance|p2a: Kyurem\n|-boost|p2a: Kyurem|atk|1\n|-boost|p2a: Kyurem|spe|1\n|move|p1a: Volcanion|Will-O-Wisp|p2a: Kyurem\n|-status|p2a: Kyurem|brn\n|-enditem|p2a: Kyurem|Lum Berry|[eat]\n|-curestatus|p2a: Kyurem|brn|[msg]\n|\n|upkeep\n|turn|14\n|\n|t:|1699812215\n|move|p2a: Kyurem|Fusion Bolt|p1a: Volcanion\n|-supereffective|p1a: Volcanion\n|-damage|p1a: Volcanion|0 fnt\n|faint|p1a: Volcanion\n|\n|upkeep\n|\n|t:|1699812221\n|switch|p1a: Malamar|Malamar, F|100\/100\n|turn|15\n|\n|t:|1699812225\n|move|p2a: Kyurem|Outrage|p1a: Malamar\n|-enditem|p1a: Malamar|Focus Sash\n|-damage|p1a: Malamar|1\/100\n|move|p1a: Malamar|Superpower|p2a: Kyurem\n|-supereffective|p2a: Kyurem\n|-damage|p2a: Kyurem|28\/100\n|-boost|p1a: Malamar|atk|1\n|-boost|p1a: Malamar|def|1\n|\n|upkeep\n|turn|16\n|c|\u2606GenesectGen5|GG\n|\n|t:|1699812235\n|move|p1a: Malamar|Protect|p1a: Malamar\n|-singleturn|p1a: Malamar|Protect\n|move|p2a: Kyurem|Outrage|p1a: Malamar|[from]lockedmove\n|-activate|p1a: Malamar|move: Protect\n|\n|upkeep\n|turn|17\n|\n|t:|1699812241\n|move|p2a: Kyurem|Outrage|p1a: Malamar\n|-damage|p1a: Malamar|0 fnt\n|faint|p1a: Malamar\n|\n|win|GenesectGen5\n|raw|sicily is annoying's rating: 1175 &rarr; <strong>1148<\/strong><br \/>(-27 for losing)\n|raw|GenesectGen5's rating: 1141 &rarr; <strong>1168<\/strong><br \/>(+27 for winning)\n","uploadtime":1699812246,"views":6,"p1id":"sicilyisannoying","p2id":"genesectgen5","formatid":"gen9nationaldexubers","rating":1148,"private":0,"password":""}