{"id":"gen9nationaldexubers-1997474479","p1":"dan5437570","p2":"SyntaxError614","format":"[Gen 9] National Dex Ubers","log":"|j|\u2606dan5437570\n|j|\u2606SyntaxError614\n|t:|1700811732\n|gametype|singles\n|player|p1|dan5437570|170|1080\n|player|p2|SyntaxError614|doubleteam|1066\n|teamsize|p1|6\n|teamsize|p2|6\n|gen|9\n|tier|[Gen 9] National Dex Ubers\n|rated|\n|rule|HP Percentage Mod: HP is shown in percentages\n|rule|Endless Battle Clause: Forcing endless battles is banned\n|rule|OHKO Clause: OHKO moves are banned\n|rule|Evasion Moves Clause: Evasion moves are banned\n|rule|Evasion Items Clause: Evasion items are banned\n|rule|Species Clause: Limit one of each Pok\u00e9mon\n|rule|Sleep Clause Mod: Limit one foe put to sleep\n|rule|Mega Rayquaza Clause: You cannot mega evolve Rayquaza\n|clearpoke\n|poke|p1|Gliscor, M|\n|poke|p1|Gyarados, M|\n|poke|p1|Iron Valiant|\n|poke|p1|Scizor, M|\n|poke|p1|Weavile, M|\n|poke|p1|Tangrowth, M|\n|poke|p2|Deoxys-Speed|\n|poke|p2|Blastoise, M|\n|poke|p2|Ferrothorn, F|\n|poke|p2|Darmanitan-Galar, F|\n|poke|p2|Kingambit, M|\n|poke|p2|Drifblim, F|\n|teampreview\n|inactive|Battle timer is ON: inactive players will automatically lose when time's up. (requested by dan5437570)\n|\n|t:|1700811749\n|start\n|switch|p1a: Weavile|Weavile, M|100\/100\n|switch|p2a: Deoxys|Deoxys-Speed|100\/100\n|-ability|p2a: Deoxys|Pressure\n|-ability|p1a: Weavile|Pressure\n|turn|1\n|\n|t:|1700811763\n|move|p2a: Deoxys|Stealth Rock|p1a: Weavile\n|-sidestart|p1: dan5437570|move: Stealth Rock\n|move|p1a: Weavile|Night Slash|p2a: Deoxys\n|-supereffective|p2a: Deoxys\n|-damage|p2a: Deoxys|12\/100\n|\n|upkeep\n|turn|2\n|\n|t:|1700811773\n|switch|p2a: Kingambit|Kingambit, M|100\/100\n|move|p1a: Weavile|Night Slash|p2a: Kingambit\n|-resisted|p2a: Kingambit\n|-damage|p2a: Kingambit|85\/100\n|\n|upkeep\n|turn|3\n|\n|t:|1700811781\n|move|p1a: Weavile|Low Kick|p2a: Kingambit\n|-supereffective|p2a: Kingambit\n|-damage|p2a: Kingambit|0 fnt\n|faint|p2a: Kingambit\n|-end|p2a: Kingambit|fallenundefined|[silent]\n|\n|upkeep\n|\n|t:|1700811795\n|switch|p2a: Blastoise|Blastoise, M|100\/100\n|turn|4\n|\n|t:|1700811799\n|move|p1a: Weavile|Icicle Spear|p2a: Blastoise\n|-resisted|p2a: Blastoise\n|-damage|p2a: Blastoise|95\/100\n|-resisted|p2a: Blastoise\n|-damage|p2a: Blastoise|89\/100\n|-resisted|p2a: Blastoise\n|-damage|p2a: Blastoise|84\/100\n|-resisted|p2a: Blastoise\n|-crit|p2a: Blastoise\n|-damage|p2a: Blastoise|76\/100\n|-resisted|p2a: Blastoise\n|-damage|p2a: Blastoise|71\/100\n|-hitcount|p2a: Blastoise|5\n|move|p2a: Blastoise|Shell Smash|p2a: Blastoise\n|-unboost|p2a: Blastoise|def|1\n|-unboost|p2a: Blastoise|spd|1\n|-boost|p2a: Blastoise|atk|2\n|-boost|p2a: Blastoise|spa|2\n|-boost|p2a: Blastoise|spe|2\n|\n|upkeep\n|turn|5\n|\n|t:|1700811816\n|detailschange|p2a: Blastoise|Blastoise-Mega, M\n|-mega|p2a: Blastoise|Blastoise|Blastoisinite\n|move|p2a: Blastoise|Aura Sphere|p1a: Weavile\n|-supereffective|p1a: Weavile\n|-damage|p1a: Weavile|0 fnt\n|faint|p1a: Weavile\n|\n|upkeep\n|\n|t:|1700811833\n|switch|p1a: Tangrowth|Tangrowth, M|100\/100\n|-damage|p1a: Tangrowth|88\/100|[from] Stealth Rock\n|turn|6\n|\n|t:|1700811839\n|move|p2a: Blastoise|Ice Beam|p1a: Tangrowth\n|-supereffective|p1a: Tangrowth\n|-crit|p1a: Tangrowth\n|-damage|p1a: Tangrowth|0 fnt\n|faint|p1a: Tangrowth\n|\n|upkeep\n|\n|t:|1700811846\n|switch|p1a: Iron Valiant|Iron Valiant|100\/100\n|-damage|p1a: Iron Valiant|94\/100|[from] Stealth Rock\n|-enditem|p1a: Iron Valiant|Booster Energy\n|-activate|p1a: Iron Valiant|ability: Quark Drive|[fromitem]\n|-start|p1a: Iron Valiant|quarkdrivespe\n|turn|7\n|\n|t:|1700811852\n|-terastallize|p1a: Iron Valiant|Fairy\n|move|p1a: Iron Valiant|Moonblast|p2a: Blastoise\n|-damage|p2a: Blastoise|0 fnt\n|faint|p2a: Blastoise\n|\n|upkeep\n|\n|t:|1700811871\n|switch|p2a: Ferrothorn|Ferrothorn, F|100\/100\n|turn|8\n|\n|t:|1700811876\n|move|p1a: Iron Valiant|Aura Sphere|p2a: Ferrothorn\n|-supereffective|p2a: Ferrothorn\n|-damage|p2a: Ferrothorn|36\/100\n|move|p2a: Ferrothorn|Thunder Wave|p1a: Iron Valiant\n|-status|p1a: Iron Valiant|par\n|\n|-heal|p2a: Ferrothorn|42\/100|[from] item: Leftovers\n|upkeep\n|turn|9\n|\n|t:|1700811885\n|switch|p2a: 6chaos9|Drifblim, F|100\/100\n|cant|p1a: Iron Valiant|par\n|\n|upkeep\n|turn|10\n|\n|t:|1700811895\n|-terastallize|p2a: 6chaos9|Fairy\n|move|p1a: Iron Valiant|Shadow Ball|p2a: 6chaos9\n|-damage|p2a: 6chaos9|73\/100\n|-unboost|p2a: 6chaos9|spd|1\n|move|p2a: 6chaos9|Hex|p1a: Iron Valiant\n|-damage|p1a: Iron Valiant|18\/100 par\n|\n|upkeep\n|turn|11\n|\n|t:|1700811906\n|switch|p2a: Ferrothorn|Ferrothorn, F|42\/100\n|move|p1a: Iron Valiant|Moonblast|p2a: Ferrothorn\n|-resisted|p2a: Ferrothorn\n|-damage|p2a: Ferrothorn|19\/100\n|\n|-heal|p2a: Ferrothorn|25\/100|[from] item: Leftovers\n|upkeep\n|turn|12\n|\n|t:|1700811916\n|cant|p1a: Iron Valiant|par\n|move|p2a: Ferrothorn|Leech Seed|p1a: Iron Valiant\n|-start|p1a: Iron Valiant|move: Leech Seed\n|\n|-heal|p2a: Ferrothorn|32\/100|[from] item: Leftovers\n|-damage|p1a: Iron Valiant|6\/100 par|[from] Leech Seed|[of] p2a: Ferrothorn\n|-heal|p2a: Ferrothorn|44\/100|[silent]\n|upkeep\n|turn|13\n|\n|t:|1700811932\n|cant|p1a: Iron Valiant|par\n|move|p2a: Ferrothorn|Gyro Ball|p1a: Iron Valiant\n|-supereffective|p1a: Iron Valiant\n|-damage|p1a: Iron Valiant|0 fnt\n|faint|p1a: Iron Valiant\n|-end|p1a: Iron Valiant|Quark Drive|[silent]\n|\n|-heal|p2a: Ferrothorn|50\/100|[from] item: Leftovers\n|upkeep\n|\n|t:|1700811941\n|switch|p1a: Gliscor|Gliscor, M|100\/100\n|-damage|p1a: Gliscor|88\/100|[from] Stealth Rock\n|turn|14\n|\n|t:|1700811948\n|switch|p2a: Deoxys|Deoxys-Speed|12\/100\n|-ability|p2a: Deoxys|Pressure\n|move|p1a: Gliscor|Earthquake|p2a: Deoxys\n|-damage|p2a: Deoxys|0 fnt\n|faint|p2a: Deoxys\n|\n|-status|p1a: Gliscor|tox|[from] item: Toxic Orb\n|upkeep\n|\n|t:|1700811958\n|switch|p2a: 6chaos9|Drifblim, F, tera:Fairy|73\/100\n|turn|15\n|\n|t:|1700811964\n|move|p1a: Gliscor|Earthquake|p2a: 6chaos9\n|-damage|p2a: 6chaos9|40\/100\n|move|p2a: 6chaos9|Hex|p1a: Gliscor\n|-damage|p1a: Gliscor|25\/100 tox\n|\n|-heal|p1a: Gliscor|38\/100 tox|[from] ability: Poison Heal\n|upkeep\n|turn|16\n|\n|t:|1700811973\n|move|p1a: Gliscor|Earthquake|p2a: 6chaos9\n|-damage|p2a: 6chaos9|2\/100\n|move|p2a: 6chaos9|Strength Sap|p1a: Gliscor\n|-unboost|p1a: Gliscor|atk|1\n|-heal|p2a: 6chaos9|65\/100\n|\n|-heal|p1a: Gliscor|50\/100 tox|[from] ability: Poison Heal\n|upkeep\n|turn|17\n|\n|t:|1700811983\n|move|p1a: Gliscor|Earthquake|p2a: 6chaos9\n|-damage|p2a: 6chaos9|43\/100\n|move|p2a: 6chaos9|Hex|p1a: Gliscor\n|-damage|p1a: Gliscor|0 fnt\n|faint|p1a: Gliscor\n|\n|upkeep\n|\n|t:|1700811991\n|switch|p1a: Scizor|Scizor, M|100\/100\n|-damage|p1a: Scizor|88\/100|[from] Stealth Rock\n|turn|18\n|\n|t:|1700811998\n|move|p1a: Scizor|Bullet Punch|p2a: 6chaos9\n|-supereffective|p2a: 6chaos9\n|-damage|p2a: 6chaos9|0 fnt\n|-damage|p1a: Scizor|63\/100|[from] ability: Aftermath|[of] p2a: 6chaos9\n|faint|p2a: 6chaos9\n|\n|upkeep\n|\n|t:|1700812002\n|switch|p2a: Darmanitan|Darmanitan-Galar, F|100\/100\n|turn|19\n|\n|t:|1700812008\n|move|p2a: Darmanitan|Flare Blitz|p1a: Scizor\n|-supereffective|p1a: Scizor\n|-damage|p1a: Scizor|0 fnt\n|faint|p1a: Scizor\n|-damage|p2a: Darmanitan|80\/100|[from] Recoil\n|\n|upkeep\n|\n|t:|1700812015\n|switch|p1a: Gyarados|Gyarados, M|100\/100\n|-damage|p1a: Gyarados|76\/100|[from] Stealth Rock\n|turn|20\n|\n|t:|1700812021\n|switch|p2a: Ferrothorn|Ferrothorn, F|50\/100\n|detailschange|p1a: Gyarados|Gyarados-Mega, M\n|-mega|p1a: Gyarados|Gyarados|Gyaradosite\n|-ability|p1a: Gyarados|Mold Breaker\n|move|p1a: Gyarados|Stone Edge|p2a: Ferrothorn\n|-resisted|p2a: Ferrothorn\n|-damage|p2a: Ferrothorn|32\/100\n|\n|-heal|p2a: Ferrothorn|38\/100|[from] item: Leftovers\n|upkeep\n|turn|21\n|\n|t:|1700812034\n|move|p1a: Gyarados|Waterfall|p2a: Ferrothorn\n|-resisted|p2a: Ferrothorn\n|-damage|p2a: Ferrothorn|16\/100\n|-damage|p1a: Gyarados|63\/100|[from] ability: Iron Barbs|[of] p2a: Ferrothorn\n|move|p2a: Ferrothorn|Thunder Wave|p1a: Gyarados\n|-status|p1a: Gyarados|par\n|\n|-heal|p2a: Ferrothorn|23\/100|[from] item: Leftovers\n|upkeep\n|turn|22\n|\n|t:|1700812046\n|cant|p1a: Gyarados|par\n|move|p2a: Ferrothorn|Leech Seed|p1a: Gyarados\n|-start|p1a: Gyarados|move: Leech Seed\n|\n|-heal|p2a: Ferrothorn|29\/100|[from] item: Leftovers\n|-damage|p1a: Gyarados|51\/100 par|[from] Leech Seed|[of] p2a: Ferrothorn\n|-heal|p2a: Ferrothorn|43\/100|[silent]\n|upkeep\n|turn|23\n|\n|t:|1700812054\n|move|p1a: Gyarados|Waterfall|p2a: Ferrothorn\n|-resisted|p2a: Ferrothorn\n|-damage|p2a: Ferrothorn|22\/100\n|-damage|p1a: Gyarados|39\/100 par|[from] ability: Iron Barbs|[of] p2a: Ferrothorn\n|cant|p2a: Ferrothorn|flinch\n|\n|-heal|p2a: Ferrothorn|28\/100|[from] item: Leftovers\n|-damage|p1a: Gyarados|26\/100 par|[from] Leech Seed|[of] p2a: Ferrothorn\n|-heal|p2a: Ferrothorn|42\/100|[silent]\n|upkeep\n|turn|24\n|\n|t:|1700812066\n|cant|p1a: Gyarados|par\n|move|p2a: Ferrothorn|Gyro Ball|p1a: Gyarados\n|-resisted|p1a: Gyarados\n|-damage|p1a: Gyarados|15\/100 par\n|\n|-heal|p2a: Ferrothorn|48\/100|[from] item: Leftovers\n|-damage|p1a: Gyarados|3\/100 par|[from] Leech Seed|[of] p2a: Ferrothorn\n|-heal|p2a: Ferrothorn|63\/100|[silent]\n|upkeep\n|turn|25\n|\n|t:|1700812073\n|move|p1a: Gyarados|Ice Fang|p2a: Ferrothorn\n|-crit|p2a: Ferrothorn\n|-damage|p2a: Ferrothorn|29\/100\n|-damage|p1a: Gyarados|0 fnt|[from] ability: Iron Barbs|[of] p2a: Ferrothorn\n|faint|p1a: Gyarados\n|\n|win|SyntaxError614\n|raw|dan5437570's rating: 1080 &rarr; <strong>1057<\/strong><br \/>(-23 for losing)\n|raw|SyntaxError614's rating: 1066 &rarr; <strong>1097<\/strong><br \/>(+31 for winning)\n|l|\u2606dan5437570\n","uploadtime":1700812082,"views":4,"p1id":"dan5437570","p2id":"syntaxerror614","formatid":"gen9nationaldexubers","rating":1057,"private":0,"password":""}