{"id":"gen9nationaldexubers-1993028018","p1":"XJohnson","p2":"YellowCalico","format":"[Gen 9] National Dex Ubers","log":"|j|\u2606XJohnson\n|j|\u2606YellowCalico\n|t:|1700256936\n|gametype|singles\n|player|p1|XJohnson|hop-masters|1246\n|player|p2|YellowCalico|scientistf|1186\n|teamsize|p1|6\n|teamsize|p2|6\n|gen|9\n|tier|[Gen 9] National Dex Ubers\n|rated|\n|rule|HP Percentage Mod: HP is shown in percentages\n|rule|Endless Battle Clause: Forcing endless battles is banned\n|rule|OHKO Clause: OHKO moves are banned\n|rule|Evasion Moves Clause: Evasion moves are banned\n|rule|Evasion Items Clause: Evasion items are banned\n|rule|Species Clause: Limit one of each Pok\u00e9mon\n|rule|Sleep Clause Mod: Limit one foe put to sleep\n|rule|Mega Rayquaza Clause: You cannot mega evolve Rayquaza\n|clearpoke\n|poke|p1|Baxcalibur, F|\n|poke|p1|Ninetales-Alola, F|\n|poke|p1|Tyranitar, M|\n|poke|p1|Kommo-o, M|\n|poke|p1|Stakataka|\n|poke|p1|Ting-Lu|\n|poke|p2|Empoleon, M|\n|poke|p2|Beedrill, F|\n|poke|p2|Talonflame, M|\n|poke|p2|Ceruledge, M|\n|poke|p2|Hitmonchan, M|\n|poke|p2|Urshifu-*, M|\n|teampreview\n|inactive|Battle timer is ON: inactive players will automatically lose when time's up. (requested by YellowCalico)\n|\n|t:|1700256948\n|start\n|switch|p1a: Tyranitar|Tyranitar, M|100\/100\n|switch|p2a: Andy|Talonflame, M, shiny|100\/100\n|-weather|Sandstorm|[from] ability: Sand Stream|[of] p1a: Tyranitar\n|turn|1\n|\n|t:|1700256959\n|switch|p2a: La chona|Hitmonchan, M, shiny|100\/100\n|detailschange|p1a: Tyranitar|Tyranitar-Mega, M\n|-mega|p1a: Tyranitar|Tyranitar|Tyranitarite\n|move|p1a: Tyranitar|Dragon Dance|p1a: Tyranitar\n|-boost|p1a: Tyranitar|atk|1\n|-boost|p1a: Tyranitar|spe|1\n|\n|-weather|Sandstorm|[upkeep]\n|-damage|p2a: La chona|94\/100|[from] Sandstorm\n|upkeep\n|turn|2\n|\n|t:|1700256971\n|-terastallize|p2a: La chona|Fighting\n|move|p2a: La chona|Mach Punch|p1a: Tyranitar\n|-supereffective|p1a: Tyranitar\n|-damage|p1a: Tyranitar|0 fnt\n|faint|p1a: Tyranitar\n|-damage|p2a: La chona|84\/100|[from] item: Life Orb\n|\n|-weather|Sandstorm|[upkeep]\n|-damage|p2a: La chona|78\/100|[from] Sandstorm\n|upkeep\n|\n|t:|1700256978\n|switch|p1a: Ninetales|Ninetales-Alola, F|100\/100\n|-weather|Snow|[from] ability: Snow Warning|[of] p1a: Ninetales\n|turn|3\n|\n|t:|1700256986\n|move|p2a: La chona|Bullet Punch|p1a: Ninetales\n|-supereffective|p1a: Ninetales\n|-damage|p1a: Ninetales|29\/100\n|-damage|p2a: La chona|68\/100|[from] item: Life Orb\n|move|p1a: Ninetales|Aurora Veil|p1a: Ninetales\n|-sidestart|p1: XJohnson|move: Aurora Veil\n|\n|-weather|Snow|[upkeep]\n|upkeep\n|turn|4\n|\n|t:|1700256995\n|switch|p1a: Kommo-o|Kommo-o, M|100\/100\n|move|p2a: La chona|Bullet Punch|p1a: Kommo-o\n|-damage|p1a: Kommo-o|91\/100\n|-damage|p2a: La chona|58\/100|[from] item: Life Orb\n|\n|-weather|Snow|[upkeep]\n|upkeep\n|turn|5\n|\n|t:|1700257007\n|move|p1a: Kommo-o|Clangorous Soul|p1a: Kommo-o\n|-boost|p1a: Kommo-o|atk|1\n|-boost|p1a: Kommo-o|def|1\n|-boost|p1a: Kommo-o|spa|1\n|-boost|p1a: Kommo-o|spd|1\n|-boost|p1a: Kommo-o|spe|1\n|-damage|p1a: Kommo-o|58\/100\n|move|p2a: La chona|Ice Punch|p1a: Kommo-o\n|-supereffective|p1a: Kommo-o\n|-damage|p1a: Kommo-o|34\/100\n|-status|p1a: Kommo-o|frz\n|-damage|p2a: La chona|49\/100|[from] item: Life Orb\n|\n|-weather|Snow|[upkeep]\n|upkeep\n|turn|6\n|\n|t:|1700257020\n|move|p2a: La chona|Mach Punch|p1a: Kommo-o\n|-damage|p1a: Kommo-o|20\/100 frz\n|-damage|p2a: La chona|39\/100|[from] item: Life Orb\n|cant|p1a: Kommo-o|frz\n|\n|-weather|Snow|[upkeep]\n|upkeep\n|turn|7\n|\n|t:|1700257028\n|move|p2a: La chona|Mach Punch|p1a: Kommo-o\n|-damage|p1a: Kommo-o|6\/100 frz\n|-damage|p2a: La chona|29\/100|[from] item: Life Orb\n|cant|p1a: Kommo-o|frz\n|\n|-weather|none\n|upkeep\n|turn|8\n|\n|t:|1700257040\n|switch|p1a: Ninetales|Ninetales-Alola, F|29\/100\n|-weather|Snow|[from] ability: Snow Warning|[of] p1a: Ninetales\n|move|p2a: La chona|Mach Punch|p1a: Ninetales\n|-damage|p1a: Ninetales|10\/100\n|-damage|p2a: La chona|19\/100|[from] item: Life Orb\n|\n|-weather|Snow|[upkeep]\n|upkeep\n|turn|9\n|\n|t:|1700257049\n|move|p2a: La chona|Mach Punch|p1a: Ninetales\n|-damage|p1a: Ninetales|0 fnt\n|faint|p1a: Ninetales\n|-damage|p2a: La chona|9\/100|[from] item: Life Orb\n|\n|-weather|Snow|[upkeep]\n|upkeep\n|\n|t:|1700257062\n|switch|p1a: Baxcalibur|Baxcalibur, F|100\/100\n|turn|10\n|\n|t:|1700257067\n|move|p2a: La chona|Mach Punch|p1a: Baxcalibur\n|-supereffective|p1a: Baxcalibur\n|-damage|p1a: Baxcalibur|73\/100\n|-damage|p2a: La chona|0 fnt|[from] item: Life Orb\n|faint|p2a: La chona\n|move|p1a: Baxcalibur|Substitute|p1a: Baxcalibur\n|-start|p1a: Baxcalibur|Substitute\n|-damage|p1a: Baxcalibur|48\/100\n|\n|-weather|Snow|[upkeep]\n|-heal|p1a: Baxcalibur|55\/100|[from] ability: Ice Body\n|-sideend|p1: XJohnson|move: Aurora Veil\n|upkeep\n|\n|t:|1700257079\n|switch|p2a: Hornet|Urshifu, M|100\/100\n|turn|11\n|\n|t:|1700257087\n|move|p2a: Hornet|Wicked Blow|p1a: Baxcalibur\n|-crit|p1a: Baxcalibur\n|-end|p1a: Baxcalibur|Substitute\n|move|p1a: Baxcalibur|Dragon Dance|p1a: Baxcalibur\n|-boost|p1a: Baxcalibur|atk|1\n|-boost|p1a: Baxcalibur|spe|1\n|\n|-weather|Snow|[upkeep]\n|-heal|p1a: Baxcalibur|61\/100|[from] ability: Ice Body\n|upkeep\n|turn|12\n|\n|t:|1700257098\n|move|p1a: Baxcalibur|Substitute|p1a: Baxcalibur\n|-start|p1a: Baxcalibur|Substitute\n|-damage|p1a: Baxcalibur|36\/100\n|move|p2a: Hornet|Close Combat|p1a: Baxcalibur\n|-supereffective|p1a: Baxcalibur\n|-end|p1a: Baxcalibur|Substitute\n|-unboost|p2a: Hornet|def|1\n|-unboost|p2a: Hornet|spd|1\n|\n|-weather|none\n|upkeep\n|turn|13\n|\n|t:|1700257108\n|move|p1a: Baxcalibur|Glaive Rush|p2a: Hornet\n|-damage|p2a: Hornet|0 fnt\n|-singlemove|p1a: Baxcalibur|Glaive Rush|[silent]\n|faint|p2a: Hornet\n|\n|upkeep\n|\n|t:|1700257117\n|switch|p2a: Juanako|Ceruledge, M|100\/100\n|turn|14\n|\n|t:|1700257135\n|switch|p1a: Kommo-o|Kommo-o, M|6\/100 frz\n|move|p2a: Juanako|Poltergeist|p1a: Kommo-o\n|-activate|p1a: Kommo-o|move: Poltergeist|Kommonium Z\n|-damage|p1a: Kommo-o|0 fnt\n|faint|p1a: Kommo-o\n|\n|upkeep\n|\n|t:|1700257138\n|switch|p1a: Ting-Lu|Ting-Lu|100\/100\n|-ability|p1a: Ting-Lu|Vessel of Ruin\n|turn|15\n|\n|t:|1700257148\n|switch|p2a: Andy|Talonflame, M, shiny|100\/100\n|move|p1a: Ting-Lu|Stealth Rock|p2a: Andy\n|-sidestart|p2: YellowCalico|move: Stealth Rock\n|\n|upkeep\n|turn|16\n|\n|t:|1700257159\n|move|p2a: Andy|Taunt|p1a: Ting-Lu\n|-start|p1a: Ting-Lu|move: Taunt\n|cant|p1a: Ting-Lu|move: Taunt|Stealth Rock\n|\n|upkeep\n|turn|17\n|\n|t:|1700257165\n|switch|p1a: Stakataka|Stakataka|100\/100\n|move|p2a: Andy|Brave Bird|p1a: Stakataka\n|-resisted|p1a: Stakataka\n|-damage|p1a: Stakataka|96\/100\n|-damage|p2a: Andy|99\/100|[from] Recoil\n|\n|upkeep\n|turn|18\n|\n|t:|1700257173\n|move|p2a: Andy|Taunt|p1a: Stakataka\n|-start|p1a: Stakataka|move: Taunt\n|move|p1a: Stakataka|Gyro Ball|p2a: Andy\n|-resisted|p2a: Andy\n|-damage|p2a: Andy|40\/100\n|\n|upkeep\n|turn|19\n|\n|t:|1700257183\n|switch|p1a: Ting-Lu|Ting-Lu|100\/100\n|-ability|p1a: Ting-Lu|Vessel of Ruin\n|move|p2a: Andy|Tailwind|p2a: Andy\n|-sidestart|p2: YellowCalico|move: Tailwind\n|\n|upkeep\n|turn|20\n|\n|t:|1700257191\n|switch|p1a: Baxcalibur|Baxcalibur, F|36\/100\n|move|p2a: Andy|Brave Bird|p1a: Baxcalibur\n|-damage|p1a: Baxcalibur|3\/100\n|-damage|p2a: Andy|29\/100|[from] Recoil\n|\n|upkeep\n|turn|21\n|\n|t:|1700257200\n|move|p2a: Andy|Brave Bird|p1a: Baxcalibur\n|-damage|p1a: Baxcalibur|0 fnt\n|faint|p1a: Baxcalibur\n|-damage|p2a: Andy|28\/100|[from] Recoil\n|\n|upkeep\n|\n|t:|1700257204\n|switch|p1a: Stakataka|Stakataka|96\/100\n|turn|22\n|\n|t:|1700257209\n|move|p2a: Andy|Taunt|p1a: Stakataka\n|-start|p1a: Stakataka|move: Taunt\n|move|p1a: Stakataka|Gyro Ball|p2a: Andy\n|-resisted|p2a: Andy\n|-damage|p2a: Andy|0 fnt\n|faint|p2a: Andy\n|-ability|p1a: Stakataka|Beast Boost|boost\n|-boost|p1a: Stakataka|atk|1\n|\n|-sideend|p2: YellowCalico|move: Tailwind\n|upkeep\n|\n|t:|1700257219\n|switch|p2a: Addy|Empoleon, M|100\/100\n|-damage|p2a: Addy|94\/100|[from] Stealth Rock\n|turn|23\n|\n|t:|1700257227\n|switch|p1a: Ting-Lu|Ting-Lu|100\/100\n|-ability|p1a: Ting-Lu|Vessel of Ruin\n|move|p2a: Addy|Scald|p1a: Ting-Lu\n|-supereffective|p1a: Ting-Lu\n|-damage|p1a: Ting-Lu|48\/100\n|-status|p1a: Ting-Lu|brn\n|\n|-heal|p2a: Addy|100\/100|[from] item: Leftovers\n|-heal|p1a: Ting-Lu|54\/100 brn|[from] item: Leftovers\n|-damage|p1a: Ting-Lu|48\/100 brn|[from] brn\n|upkeep\n|turn|24\n|\n|t:|1700257242\n|move|p2a: Addy|Scald|p1a: Ting-Lu\n|-supereffective|p1a: Ting-Lu\n|-damage|p1a: Ting-Lu|0 fnt\n|faint|p1a: Ting-Lu\n|\n|upkeep\n|\n|t:|1700257244\n|switch|p1a: Stakataka|Stakataka|96\/100\n|turn|25\n|\n|t:|1700257251\n|-terastallize|p1a: Stakataka|Steel\n|move|p2a: Addy|Scald|p1a: Stakataka\n|-damage|p1a: Stakataka|55\/100\n|-status|p1a: Stakataka|brn\n|-enditem|p1a: Stakataka|Lum Berry|[eat]\n|-curestatus|p1a: Stakataka|brn|[msg]\n|move|p1a: Stakataka|Trick Room|p1a: Stakataka\n|-fieldstart|move: Trick Room|[of] p1a: Stakataka\n|\n|upkeep\n|turn|26\n|\n|t:|1700257261\n|move|p1a: Stakataka|Earthquake|p2a: Addy\n|-supereffective|p2a: Addy\n|-crit|p2a: Addy\n|-damage|p2a: Addy|0 fnt\n|faint|p2a: Addy\n|-ability|p1a: Stakataka|Beast Boost|boost\n|-boost|p1a: Stakataka|atk|1\n|\n|upkeep\n|\n|t:|1700257269\n|switch|p2a: Calico|Beedrill, F|100\/100\n|-damage|p2a: Calico|76\/100|[from] Stealth Rock\n|turn|27\n|\n|t:|1700257275\n|detailschange|p2a: Calico|Beedrill-Mega, F\n|-mega|p2a: Calico|Beedrill|Beedrillite\n|move|p1a: Stakataka|Gyro Ball|p2a: Calico\n|-damage|p2a: Calico|0 fnt\n|faint|p2a: Calico\n|-ability|p1a: Stakataka|Beast Boost|boost\n|-boost|p1a: Stakataka|atk|1\n|\n|upkeep\n|c|\u2606XJohnson|Vwp\n|\n|t:|1700257282\n|switch|p2a: Juanako|Ceruledge, M|100\/100\n|-damage|p2a: Juanako|76\/100|[from] Stealth Rock\n|turn|28\n|-message|YellowCalico forfeited.\n|\n|win|XJohnson\n|raw|XJohnson's rating: 1246 &rarr; <strong>1267<\/strong><br \/>(+21 for winning)\n|raw|YellowCalico's rating: 1186 &rarr; <strong>1165<\/strong><br \/>(-21 for losing)\n|l|\u2606YellowCalico\n","uploadtime":1700257318,"views":8,"p1id":"xjohnson","p2id":"yellowcalico","formatid":"gen9nationaldexubers","rating":1165,"private":0,"password":""}