{"id":"gen9nationaldexubers-1977810779","p1":"dreadmaster70","p2":"Bakitaladelbarrio","format":"[Gen 9] National Dex Ubers","log":"|j|\u2606dreadmaster70\n|j|\u2606Bakitaladelbarrio\n|t:|1698452435\n|gametype|singles\n|player|p1|dreadmaster70|blaine|1429\n|player|p2|Bakitaladelbarrio|blue|1335\n|teamsize|p1|6\n|teamsize|p2|6\n|gen|9\n|tier|[Gen 9] National Dex Ubers\n|rated|\n|rule|HP Percentage Mod: HP is shown in percentages\n|rule|Endless Battle Clause: Forcing endless battles is banned\n|rule|OHKO Clause: OHKO moves are banned\n|rule|Evasion Moves Clause: Evasion moves are banned\n|rule|Evasion Items Clause: Evasion items are banned\n|rule|Species Clause: Limit one of each Pok\u00e9mon\n|rule|Sleep Clause Mod: Limit one foe put to sleep\n|rule|Mega Rayquaza Clause: You cannot mega evolve Rayquaza\n|clearpoke\n|poke|p1|Regigigas|\n|poke|p1|Basculegion, M|\n|poke|p1|Deoxys-Attack|\n|poke|p1|Blastoise, F|\n|poke|p1|Groudon|\n|poke|p1|Rayquaza|\n|poke|p2|Groudon|\n|poke|p2|Deoxys-Attack|\n|poke|p2|Ho-Oh|\n|poke|p2|Xerneas-*|\n|poke|p2|Zygarde|\n|poke|p2|Genesect|\n|teampreview\n|inactive|Battle timer is ON: inactive players will automatically lose when time's up. (requested by Bakitaladelbarrio)\n|\n|t:|1698452453\n|start\n|switch|p1a: Rayquaza|Rayquaza|100\/100\n|switch|p2a: Groudon|Groudon|100\/100\n|-ability|p1a: Rayquaza|Air Lock\n|detailschange|p2a: Groudon|Groudon-Primal\n|-primal|p2a: Groudon|Red Orb\n|-weather|DesolateLand|[from] ability: Desolate Land|[of] p2a: Groudon\n|turn|1\n|\n|t:|1698452471\n|move|p1a: Rayquaza|Surf|p2a: Groudon\n|-supereffective|p2a: Groudon\n|-damage|p2a: Groudon|0 fnt\n|faint|p2a: Groudon\n|-weather|none\n|\n|upkeep\n|\n|t:|1698452478\n|switch|p2a: Xerneas|Xerneas|100\/100\n|-ability|p2a: Xerneas|Fairy Aura\n|turn|2\n|\n|t:|1698452483\n|move|p1a: Rayquaza|Iron Head|p2a: Xerneas\n|-supereffective|p2a: Xerneas\n|-damage|p2a: Xerneas|62\/100\n|move|p2a: Xerneas|Moonblast|p1a: Rayquaza\n|-supereffective|p1a: Rayquaza\n|-damage|p1a: Rayquaza|0 fnt\n|faint|p1a: Rayquaza\n|\n|upkeep\n|\n|t:|1698452489\n|switch|p1a: Deoxys|Deoxys-Attack|100\/100\n|-ability|p1a: Deoxys|Pressure\n|turn|3\n|\n|t:|1698452502\n|move|p1a: Deoxys|Zen Headbutt|p2a: Xerneas\n|-damage|p2a: Xerneas|5\/100\n|-damage|p1a: Deoxys|91\/100|[from] item: Life Orb\n|move|p2a: Xerneas|Rest|p2a: Xerneas\n|-status|p2a: Xerneas|slp|[from] move: Rest\n|-heal|p2a: Xerneas|100\/100 slp|[silent]\n|\n|upkeep\n|turn|4\n|\n|t:|1698452511\n|move|p1a: Deoxys|Psycho Boost|p2a: Xerneas\n|-damage|p2a: Xerneas|45\/100 slp\n|-unboost|p1a: Deoxys|spa|2\n|-damage|p1a: Deoxys|81\/100|[from] item: Life Orb\n|cant|p2a: Xerneas|slp\n|move|p2a: Xerneas|Sleep Talk|p2a: Xerneas\n|move|p2a: Xerneas|Moonblast|p1a: Deoxys|[from]move: Sleep Talk\n|-damage|p1a: Deoxys|0 fnt\n|faint|p1a: Deoxys\n|\n|upkeep\n|\n|t:|1698452522\n|switch|p1a: Blastoise|Blastoise, F|100\/100\n|turn|5\n|\n|t:|1698452527\n|detailschange|p1a: Blastoise|Blastoise-Mega, F\n|-mega|p1a: Blastoise|Blastoise|Blastoisinite\n|move|p1a: Blastoise|Shell Smash|p1a: Blastoise\n|-unboost|p1a: Blastoise|def|1\n|-unboost|p1a: Blastoise|spd|1\n|-boost|p1a: Blastoise|atk|2\n|-boost|p1a: Blastoise|spa|2\n|-boost|p1a: Blastoise|spe|2\n|cant|p2a: Xerneas|slp\n|move|p2a: Xerneas|Sleep Talk|p2a: Xerneas\n|move|p2a: Xerneas|Aromatherapy|p2a: Xerneas|[from]move: Sleep Talk\n|-activate|p2a: Xerneas|move: Aromatherapy\n|-curestatus|p2a: Xerneas|slp|[msg]\n|\n|upkeep\n|turn|6\n|\n|t:|1698452549\n|move|p1a: Blastoise|Water Pulse|p2a: Xerneas\n|-damage|p2a: Xerneas|0 fnt\n|faint|p2a: Xerneas\n|\n|upkeep\n|\n|t:|1698452554\n|switch|p2a: Ho-Oh|Ho-Oh|100\/100\n|turn|7\n|\n|t:|1698452562\n|-terastallize|p2a: Ho-Oh|Grass\n|move|p1a: Blastoise|Water Pulse|p2a: Ho-Oh\n|-resisted|p2a: Ho-Oh\n|-damage|p2a: Ho-Oh|74\/100\n|move|p2a: Ho-Oh|Toxic|p1a: Blastoise\n|-status|p1a: Blastoise|tox\n|\n|-damage|p1a: Blastoise|94\/100 tox|[from] psn\n|upkeep\n|turn|8\n|\n|t:|1698452571\n|move|p1a: Blastoise|Dark Pulse|p2a: Ho-Oh\n|-damage|p2a: Ho-Oh|19\/100\n|move|p2a: Ho-Oh|Whirlwind|p1a: Blastoise\n|drag|p1a: Basculegion|Basculegion, M|100\/100\n|\n|upkeep\n|turn|9\n|\n|t:|1698452580\n|switch|p2a: Zygarde|Zygarde|100\/100\n|move|p1a: Basculegion|Last Respects|p2a: Zygarde\n|-damage|p2a: Zygarde|53\/100\n|\n|-heal|p2a: Zygarde|59\/100|[from] item: Leftovers\n|upkeep\n|turn|10\n|inactive|Bakitaladelbarrio has 120 seconds left.\n|\n|t:|1698452616\n|-terastallize|p1a: Basculegion|Ghost\n|move|p1a: Basculegion|Last Respects|p2a: Zygarde\n|-damage|p2a: Zygarde|4\/100\n|move|p2a: Zygarde|Coil|p2a: Zygarde\n|-boost|p2a: Zygarde|atk|1\n|-boost|p2a: Zygarde|def|1\n|-boost|p2a: Zygarde|accuracy|1\n|\n|-heal|p2a: Zygarde|10\/100|[from] item: Leftovers\n|-activate|p2a: Zygarde|ability: Power Construct\n|detailschange|p2a: Zygarde|Zygarde-Complete\n|-heal|p2a: Zygarde|41\/100|[silent]\n|upkeep\n|turn|11\n|inactive|Bakitaladelbarrio has 120 seconds left.\n|\n|t:|1698452631\n|move|p1a: Basculegion|Last Respects|p2a: Zygarde\n|-damage|p2a: Zygarde|19\/100\n|move|p2a: Zygarde|Rest|p2a: Zygarde\n|-status|p2a: Zygarde|slp|[from] move: Rest\n|-heal|p2a: Zygarde|100\/100 slp|[silent]\n|\n|upkeep\n|turn|12\n|\n|t:|1698452639\n|switch|p1a: Blastoise|Blastoise-Mega, F|94\/100 tox\n|cant|p2a: Zygarde|slp\n|\n|-damage|p1a: Blastoise|88\/100 tox|[from] psn\n|upkeep\n|turn|13\n|\n|t:|1698452646\n|switch|p2a: Ho-Oh|Ho-Oh, tera:Grass|53\/100\n|move|p1a: Blastoise|Shell Smash|p1a: Blastoise\n|-unboost|p1a: Blastoise|def|1\n|-unboost|p1a: Blastoise|spd|1\n|-boost|p1a: Blastoise|atk|2\n|-boost|p1a: Blastoise|spa|2\n|-boost|p1a: Blastoise|spe|2\n|\n|-damage|p1a: Blastoise|76\/100 tox|[from] psn\n|upkeep\n|turn|14\n|\n|t:|1698452658\n|switch|p2a: Genesect|Genesect|100\/100\n|-ability|p2a: Genesect|Download|boost\n|-boost|p2a: Genesect|spa|1\n|move|p1a: Blastoise|Dark Pulse|p2a: Genesect\n|-damage|p2a: Genesect|0 fnt\n|faint|p2a: Genesect\n|\n|-damage|p1a: Blastoise|57\/100 tox|[from] psn\n|upkeep\n|\n|t:|1698452669\n|switch|p2a: Ho-Oh|Ho-Oh, tera:Grass|86\/100\n|turn|15\n|\n|t:|1698452676\n|move|p1a: Blastoise|Dark Pulse|p2a: Ho-Oh\n|-damage|p2a: Ho-Oh|39\/100\n|cant|p2a: Ho-Oh|flinch\n|\n|-damage|p1a: Blastoise|32\/100 tox|[from] psn\n|upkeep\n|turn|16\n|\n|t:|1698452686\n|switch|p2a: Deoxys|Deoxys-Attack|100\/100\n|-ability|p2a: Deoxys|Pressure\n|move|p1a: Blastoise|Dark Pulse|p2a: Deoxys\n|-supereffective|p2a: Deoxys\n|-damage|p2a: Deoxys|0 fnt\n|faint|p2a: Deoxys\n|\n|-damage|p1a: Blastoise|1\/100 tox|[from] psn\n|upkeep\n|\n|t:|1698452697\n|switch|p2a: Ho-Oh|Ho-Oh, tera:Grass|72\/100\n|turn|17\n|\n|t:|1698452701\n|move|p1a: Blastoise|Dark Pulse|p2a: Ho-Oh\n|-damage|p2a: Ho-Oh|20\/100\n|move|p2a: Ho-Oh|Whirlwind|p1a: Blastoise\n|drag|p1a: Regigigas|Regigigas|100\/100\n|-start|p1a: Regigigas|ability: Slow Start\n|\n|upkeep\n|turn|18\n|\n|t:|1698452710\n|move|p2a: Ho-Oh|Sacred Fire|p1a: Regigigas\n|-damage|p1a: Regigigas|69\/100\n|-status|p1a: Regigigas|brn\n|move|p1a: Regigigas|Body Slam|p2a: Ho-Oh\n|-damage|p2a: Ho-Oh|10\/100\n|\n|-heal|p1a: Regigigas|75\/100 brn|[from] item: Leftovers\n|-damage|p1a: Regigigas|69\/100 brn|[from] brn\n|upkeep\n|turn|19\n|\n|t:|1698452728\n|switch|p2a: Zygarde|Zygarde-Complete|100\/100 slp\n|-end|p1a: Regigigas|Slow Start|[silent]\n|switch|p1a: Groudon|Groudon|100\/100\n|detailschange|p1a: Groudon|Groudon-Primal\n|-primal|p1a: Groudon|Red Orb\n|-weather|DesolateLand|[from] ability: Desolate Land|[of] p1a: Groudon\n|\n|-weather|DesolateLand|[upkeep]\n|upkeep\n|turn|20\n|\n|t:|1698452737\n|move|p1a: Groudon|Stealth Rock|p2a: Zygarde\n|-sidestart|p2: Bakitaladelbarrio|move: Stealth Rock\n|cant|p2a: Zygarde|slp\n|\n|-weather|DesolateLand|[upkeep]\n|upkeep\n|turn|21\n|\n|t:|1698452742\n|move|p1a: Groudon|Precipice Blades|p2a: Zygarde\n|-damage|p2a: Zygarde|76\/100 slp\n|-curestatus|p2a: Zygarde|slp|[msg]\n|move|p2a: Zygarde|Glare|p1a: Groudon\n|-status|p1a: Groudon|par\n|\n|-weather|DesolateLand|[upkeep]\n|-heal|p2a: Zygarde|82\/100|[from] item: Leftovers\n|upkeep\n|turn|22\n|\n|t:|1698452752\n|move|p2a: Zygarde|Coil|p2a: Zygarde\n|-boost|p2a: Zygarde|atk|1\n|-boost|p2a: Zygarde|def|1\n|-boost|p2a: Zygarde|accuracy|1\n|move|p1a: Groudon|Eruption|p2a: Zygarde\n|-resisted|p2a: Zygarde\n|-damage|p2a: Zygarde|47\/100\n|\n|-weather|DesolateLand|[upkeep]\n|-heal|p2a: Zygarde|54\/100|[from] item: Leftovers\n|upkeep\n|turn|23\n|\n|t:|1698452762\n|move|p2a: Zygarde|Thousand Arrows|p1a: Groudon\n|-supereffective|p1a: Groudon\n|-damage|p1a: Groudon|34\/100 par\n|move|p1a: Groudon|Precipice Blades|p2a: Zygarde\n|-damage|p2a: Zygarde|38\/100\n|\n|-weather|DesolateLand|[upkeep]\n|-heal|p2a: Zygarde|44\/100|[from] item: Leftovers\n|upkeep\n|turn|24\n|\n|t:|1698452771\n|move|p2a: Zygarde|Coil|p2a: Zygarde\n|-boost|p2a: Zygarde|atk|1\n|-boost|p2a: Zygarde|def|1\n|-boost|p2a: Zygarde|accuracy|1\n|move|p1a: Groudon|Precipice Blades|p2a: Zygarde\n|-damage|p2a: Zygarde|32\/100\n|\n|-weather|DesolateLand|[upkeep]\n|-heal|p2a: Zygarde|38\/100|[from] item: Leftovers\n|upkeep\n|turn|25\n|\n|t:|1698452781\n|-weather|none\n|switch|p1a: Basculegion|Basculegion, M, tera:Ghost|100\/100\n|move|p2a: Zygarde|Coil|p2a: Zygarde\n|-boost|p2a: Zygarde|atk|1\n|-boost|p2a: Zygarde|def|1\n|-boost|p2a: Zygarde|accuracy|1\n|\n|-heal|p2a: Zygarde|44\/100|[from] item: Leftovers\n|upkeep\n|turn|26\n|\n|t:|1698452792\n|move|p1a: Basculegion|Last Respects|p2a: Zygarde\n|-damage|p2a: Zygarde|29\/100\n|move|p2a: Zygarde|Thousand Arrows|p1a: Basculegion\n|-damage|p1a: Basculegion|5\/100\n|\n|-heal|p2a: Zygarde|35\/100|[from] item: Leftovers\n|upkeep\n|turn|27\n|\n|t:|1698452801\n|switch|p1a: Regigigas|Regigigas|69\/100 brn\n|-start|p1a: Regigigas|ability: Slow Start\n|move|p2a: Zygarde|Thousand Arrows|p1a: Regigigas\n|-crit|p1a: Regigigas\n|-damage|p1a: Regigigas|0 fnt\n|faint|p1a: Regigigas\n|-end|p1a: Regigigas|Slow Start|[silent]\n|\n|-heal|p2a: Zygarde|41\/100|[from] item: Leftovers\n|upkeep\n|\n|t:|1698452822\n|switch|p1a: Blastoise|Blastoise-Mega, F|1\/100 tox\n|turn|28\n|\n|t:|1698452826\n|move|p1a: Blastoise|Dark Pulse|p2a: Zygarde\n|-damage|p2a: Zygarde|15\/100\n|move|p2a: Zygarde|Rest|p2a: Zygarde\n|-status|p2a: Zygarde|slp|[from] move: Rest\n|-heal|p2a: Zygarde|100\/100 slp|[silent]\n|\n|-damage|p1a: Blastoise|0 fnt|[from] psn\n|faint|p1a: Blastoise\n|upkeep\n|\n|t:|1698452830\n|switch|p1a: Groudon|Groudon-Primal|34\/100 par\n|-weather|DesolateLand|[from] ability: Desolate Land|[of] p1a: Groudon\n|turn|29\n|\n|t:|1698452840\n|cant|p2a: Zygarde|slp\n|move|p1a: Groudon|Precipice Blades|p2a: Zygarde\n|-damage|p2a: Zygarde|91\/100 slp\n|\n|-weather|DesolateLand|[upkeep]\n|-heal|p2a: Zygarde|97\/100 slp|[from] item: Leftovers\n|upkeep\n|turn|30\n|\n|t:|1698452847\n|cant|p2a: Zygarde|slp\n|move|p1a: Groudon|Precipice Blades|p2a: Zygarde\n|-damage|p2a: Zygarde|87\/100 slp\n|\n|-weather|DesolateLand|[upkeep]\n|-heal|p2a: Zygarde|93\/100 slp|[from] item: Leftovers\n|upkeep\n|turn|31\n|\n|t:|1698452855\n|-curestatus|p2a: Zygarde|slp|[msg]\n|move|p2a: Zygarde|Coil|p2a: Zygarde\n|-boost|p2a: Zygarde|atk|1\n|-boost|p2a: Zygarde|def|1\n|-boost|p2a: Zygarde|accuracy|1\n|move|p1a: Groudon|Precipice Blades|p2a: Zygarde\n|-damage|p2a: Zygarde|86\/100\n|\n|-weather|DesolateLand|[upkeep]\n|-heal|p2a: Zygarde|92\/100|[from] item: Leftovers\n|upkeep\n|turn|32\n|\n|t:|1698452866\n|move|p2a: Zygarde|Coil|p2a: Zygarde\n|-boost|p2a: Zygarde|atk|1\n|-boost|p2a: Zygarde|def|1\n|-boost|p2a: Zygarde|accuracy|1\n|move|p1a: Groudon|Precipice Blades|p2a: Zygarde|[miss]\n|-miss|p1a: Groudon|p2a: Zygarde\n|\n|-weather|DesolateLand|[upkeep]\n|-heal|p2a: Zygarde|98\/100|[from] item: Leftovers\n|upkeep\n|turn|33\n|\n|t:|1698452875\n|move|p2a: Zygarde|Coil|p2a: Zygarde\n|-boost|p2a: Zygarde|atk|1\n|-boost|p2a: Zygarde|def|1\n|-boost|p2a: Zygarde|accuracy|1\n|move|p1a: Groudon|Precipice Blades|p2a: Zygarde|[miss]\n|-miss|p1a: Groudon|p2a: Zygarde\n|\n|-weather|DesolateLand|[upkeep]\n|-heal|p2a: Zygarde|100\/100|[from] item: Leftovers\n|upkeep\n|turn|34\n|\n|t:|1698452885\n|move|p2a: Zygarde|Thousand Arrows|p1a: Groudon\n|-supereffective|p1a: Groudon\n|-damage|p1a: Groudon|0 fnt\n|faint|p1a: Groudon\n|-weather|none\n|\n|upkeep\n|\n|t:|1698452886\n|switch|p1a: Basculegion|Basculegion, M, tera:Ghost|5\/100\n|turn|35\n|\n|t:|1698452893\n|move|p1a: Basculegion|Last Respects|p2a: Zygarde\n|-damage|p2a: Zygarde|83\/100\n|move|p2a: Zygarde|Thousand Arrows|p1a: Basculegion\n|-damage|p1a: Basculegion|0 fnt\n|faint|p1a: Basculegion\n|\n|win|Bakitaladelbarrio\n|raw|dreadmaster70's rating: 1429 &rarr; <strong>1404<\/strong><br \/>(-25 for losing)\n|raw|Bakitaladelbarrio's rating: 1335 &rarr; <strong>1360<\/strong><br \/>(+25 for winning)\n|l|\u2606dreadmaster70\n","uploadtime":1698452903,"views":7,"p1id":"dreadmaster70","p2id":"bakitaladelbarrio","formatid":"gen9nationaldexubers","rating":1360,"private":0,"password":""}