{"id":"gen9nationaldexubers-1990078740","p1":"vailorn","p2":"C0ld as Ice","format":"[Gen 9] National Dex Ubers","log":"|j|\u2606vailorn\n|j|\u2606C0ld as Ice\n|t:|1699922250\n|gametype|singles\n|player|p1|vailorn|rood|1648\n|player|p2|C0ld as Ice|170|1875\n|teamsize|p1|6\n|teamsize|p2|6\n|gen|9\n|tier|[Gen 9] National Dex Ubers\n|rated|\n|rule|HP Percentage Mod: HP is shown in percentages\n|rule|Endless Battle Clause: Forcing endless battles is banned\n|rule|OHKO Clause: OHKO moves are banned\n|rule|Evasion Moves Clause: Evasion moves are banned\n|rule|Evasion Items Clause: Evasion items are banned\n|rule|Species Clause: Limit one of each Pok\u00e9mon\n|rule|Sleep Clause Mod: Limit one foe put to sleep\n|rule|Mega Rayquaza Clause: You cannot mega evolve Rayquaza\n|clearpoke\n|poke|p1|Giratina|\n|poke|p1|Dondozo, F|\n|poke|p1|Chansey, F|\n|poke|p1|Tyranitar, F|\n|poke|p1|Ho-Oh|\n|poke|p1|Mewtwo|\n|poke|p2|Chien-Pao|\n|poke|p2|Necrozma-Dusk-Mane|\n|poke|p2|Ho-Oh|\n|poke|p2|Lunala|\n|poke|p2|Groudon, L99|\n|poke|p2|Arceus-Water|\n|teampreview\n|inactive|Battle timer is ON: inactive players will automatically lose when time's up. (requested by vailorn)\n|\n|t:|1699922278\n|start\n|switch|p1a: Tyranitar|Tyranitar, F, shiny|100\/100\n|switch|p2a: Chien-Pao|Chien-Pao|100\/100\n|-ability|p2a: Chien-Pao|Sword of Ruin\n|-weather|Sandstorm|[from] ability: Sand Stream|[of] p1a: Tyranitar\n|turn|1\n|\n|t:|1699922300\n|switch|p2a: Necrozma|Necrozma-Dusk-Mane, shiny|100\/100\n|switch|p1a: Dondozo|Dondozo, F, shiny|100\/100\n|\n|-weather|Sandstorm|[upkeep]\n|-damage|p1a: Dondozo|94\/100|[from] Sandstorm\n|-heal|p1a: Dondozo|100\/100|[from] item: Leftovers\n|upkeep\n|turn|2\n|\n|t:|1699922307\n|switch|p2a: Groudon|Groudon, L99, shiny|100\/100\n|detailschange|p2a: Groudon|Groudon-Primal, L99, shiny\n|-primal|p2a: Groudon|Red Orb\n|-weather|DesolateLand|[from] ability: Desolate Land|[of] p2a: Groudon\n|switch|p1a: Mewtwo|Mewtwo, shiny|100\/100\n|-ability|p1a: Mewtwo|Pressure\n|\n|-weather|DesolateLand|[upkeep]\n|upkeep\n|turn|3\n|\n|t:|1699922314\n|switch|p1a: Giratina|Giratina, shiny|100\/100\n|-ability|p1a: Giratina|Pressure\n|move|p2a: Groudon|Spikes|p1a: Giratina\n|-sidestart|p1: vailorn|Spikes\n|\n|-weather|DesolateLand|[upkeep]\n|upkeep\n|turn|4\n|\n|t:|1699922318\n|move|p1a: Giratina|Toxic|p2a: Groudon\n|-status|p2a: Groudon|tox\n|move|p2a: Groudon|Dragon Tail|p1a: Giratina\n|-supereffective|p1a: Giratina\n|-damage|p1a: Giratina|81\/100\n|drag|p1a: Chansey|Chansey, F, shiny|100\/100\n|-damage|p1a: Chansey|88\/100|[from] Spikes\n|\n|-weather|DesolateLand|[upkeep]\n|-damage|p2a: Groudon|94\/100 tox|[from] psn\n|upkeep\n|turn|5\n|\n|t:|1699922326\n|-weather|none\n|switch|p2a: Chien-Pao|Chien-Pao|100\/100\n|-ability|p2a: Chien-Pao|Sword of Ruin\n|switch|p1a: Ho-Oh|Ho-Oh, shiny|100\/100\n|\n|upkeep\n|turn|6\n|\n|t:|1699922334\n|switch|p2a: Arceus|Arceus-Water|100\/100\n|move|p1a: Ho-Oh|Sacred Fire|p2a: Arceus\n|-resisted|p2a: Arceus\n|-damage|p2a: Arceus|88\/100\n|-status|p2a: Arceus|brn\n|\n|-damage|p2a: Arceus|82\/100 brn|[from] brn\n|upkeep\n|turn|7\n|\n|t:|1699922351\n|switch|p1a: Chansey|Chansey, F, shiny|88\/100\n|-damage|p1a: Chansey|76\/100|[from] Spikes\n|move|p2a: Arceus|Toxic|p1a: Chansey\n|-status|p1a: Chansey|tox\n|\n|-damage|p1a: Chansey|69\/100 tox|[from] psn\n|-damage|p2a: Arceus|76\/100 brn|[from] brn\n|upkeep\n|turn|8\n|\n|t:|1699922355\n|move|p2a: Arceus|Taunt|p1a: Chansey\n|-start|p1a: Chansey|move: Taunt\n|cant|p1a: Chansey|move: Taunt|Heal Bell\n|\n|-damage|p1a: Chansey|57\/100 tox|[from] psn\n|-damage|p2a: Arceus|70\/100 brn|[from] brn\n|upkeep\n|turn|9\n|\n|t:|1699922361\n|-curestatus|p1a: Chansey|tox|[from] ability: Natural Cure\n|switch|p1a: Tyranitar|Tyranitar, F, shiny|100\/100\n|-damage|p1a: Tyranitar|88\/100|[from] Spikes\n|-weather|Sandstorm|[from] ability: Sand Stream|[of] p1a: Tyranitar\n|move|p2a: Arceus|Recover|p2a: Arceus\n|-heal|p2a: Arceus|100\/100 brn\n|\n|-weather|Sandstorm|[upkeep]\n|-damage|p2a: Arceus|94\/100 brn|[from] Sandstorm\n|-damage|p2a: Arceus|88\/100 brn|[from] brn\n|upkeep\n|turn|10\n|\n|t:|1699922367\n|detailschange|p1a: Tyranitar|Tyranitar-Mega, F, shiny\n|-mega|p1a: Tyranitar|Tyranitar|Tyranitarite\n|move|p2a: Arceus|Toxic|p1a: Tyranitar\n|-status|p1a: Tyranitar|tox\n|move|p1a: Tyranitar|Stealth Rock|p2a: Arceus\n|-sidestart|p2: C0ld as Ice|move: Stealth Rock\n|\n|-weather|Sandstorm|[upkeep]\n|-damage|p2a: Arceus|82\/100 brn|[from] Sandstorm\n|-damage|p1a: Tyranitar|82\/100 tox|[from] psn\n|-damage|p2a: Arceus|76\/100 brn|[from] brn\n|upkeep\n|turn|11\n|\n|t:|1699922371\n|move|p2a: Arceus|Judgment|p1a: Tyranitar\n|-supereffective|p1a: Tyranitar\n|-damage|p1a: Tyranitar|50\/100 tox\n|move|p1a: Tyranitar|Knock Off|p2a: Arceus\n|-damage|p2a: Arceus|52\/100 brn\n|\n|-weather|Sandstorm|[upkeep]\n|-damage|p2a: Arceus|46\/100 brn|[from] Sandstorm\n|-damage|p1a: Tyranitar|38\/100 tox|[from] psn\n|-damage|p2a: Arceus|39\/100 brn|[from] brn\n|upkeep\n|turn|12\n|\n|t:|1699922377\n|move|p2a: Arceus|Taunt|p1a: Tyranitar\n|-start|p1a: Tyranitar|move: Taunt\n|cant|p1a: Tyranitar|move: Taunt|Rest\n|\n|-weather|Sandstorm|[upkeep]\n|-damage|p2a: Arceus|33\/100 brn|[from] Sandstorm\n|-damage|p1a: Tyranitar|19\/100 tox|[from] psn\n|-damage|p2a: Arceus|27\/100 brn|[from] brn\n|upkeep\n|turn|13\n|\n|t:|1699922383\n|switch|p1a: Mewtwo|Mewtwo, shiny|100\/100\n|-damage|p1a: Mewtwo|88\/100|[from] Spikes\n|-ability|p1a: Mewtwo|Pressure\n|move|p2a: Arceus|Recover|p2a: Arceus\n|-heal|p2a: Arceus|77\/100 brn\n|\n|-weather|none\n|-damage|p2a: Arceus|71\/100 brn|[from] brn\n|upkeep\n|turn|14\n|\n|t:|1699922399\n|switch|p2a: Chien-Pao|Chien-Pao|100\/100\n|-damage|p2a: Chien-Pao|76\/100|[from] Stealth Rock\n|-ability|p2a: Chien-Pao|Sword of Ruin\n|move|p1a: Mewtwo|Psystrike|p2a: Chien-Pao\n|-immune|p2a: Chien-Pao\n|\n|upkeep\n|turn|15\n|\n|t:|1699922409\n|switch|p1a: Dondozo|Dondozo, F, shiny|100\/100\n|-damage|p1a: Dondozo|88\/100|[from] Spikes\n|move|p2a: Chien-Pao|Crunch|p1a: Dondozo\n|-damage|p1a: Dondozo|54\/100\n|\n|-heal|p1a: Dondozo|60\/100|[from] item: Leftovers\n|upkeep\n|turn|16\n|\n|t:|1699922414\n|switch|p2a: Lunala|Lunala, shiny|100\/100\n|move|p1a: Dondozo|Curse|p1a: Dondozo\n|-unboost|p1a: Dondozo|spe|1\n|-boost|p1a: Dondozo|atk|1\n|-boost|p1a: Dondozo|def|1\n|\n|-heal|p1a: Dondozo|66\/100|[from] item: Leftovers\n|upkeep\n|turn|17\n|\n|t:|1699922431\n|switch|p1a: Chansey|Chansey, F, shiny|57\/100\n|-damage|p1a: Chansey|44\/100|[from] Spikes\n|move|p2a: Lunala|Defog|p1a: Chansey\n|-unboost|p1a: Chansey|evasion|1\n|-sideend|p1: vailorn|Spikes|[from] move: Defog|[of] p2a: Lunala\n|-sideend|p2: C0ld as Ice|Stealth Rock|[from] move: Defog|[of] p2a: Lunala\n|\n|upkeep\n|turn|18\n|\n|t:|1699922439\n|switch|p2a: Groudon|Groudon-Primal, L99, shiny|94\/100 tox\n|-weather|DesolateLand|[from] ability: Desolate Land|[of] p2a: Groudon\n|move|p1a: Chansey|Soft-Boiled|p1a: Chansey\n|-heal|p1a: Chansey|94\/100\n|\n|-weather|DesolateLand|[upkeep]\n|-damage|p2a: Groudon|88\/100 tox|[from] psn\n|upkeep\n|turn|19\n|\n|t:|1699922443\n|move|p2a: Groudon|Spikes|p1a: Chansey\n|-sidestart|p1: vailorn|Spikes\n|move|p1a: Chansey|Heal Bell|p1a: Chansey\n|-activate|p1a: Chansey|move: Heal Bell\n|-curestatus|p1: Tyranitar|tox|[msg]\n|\n|-weather|DesolateLand|[upkeep]\n|-damage|p2a: Groudon|76\/100 tox|[from] psn\n|upkeep\n|turn|20\n|\n|t:|1699922450\n|switch|p1a: Giratina|Giratina, shiny|81\/100\n|-damage|p1a: Giratina|69\/100|[from] Spikes\n|-ability|p1a: Giratina|Pressure\n|move|p2a: Groudon|Dragon Tail|p1a: Giratina\n|-supereffective|p1a: Giratina\n|-damage|p1a: Giratina|51\/100\n|drag|p1a: Dondozo|Dondozo, F, shiny|66\/100\n|-damage|p1a: Dondozo|54\/100|[from] Spikes\n|\n|-weather|DesolateLand|[upkeep]\n|-heal|p1a: Dondozo|60\/100|[from] item: Leftovers\n|-damage|p2a: Groudon|58\/100 tox|[from] psn\n|upkeep\n|turn|21\n|\n|t:|1699922457\n|-weather|none\n|switch|p2a: Arceus|Arceus-Water|71\/100 brn\n|move|p1a: Dondozo|Avalanche|p2a: Arceus\n|-resisted|p2a: Arceus\n|-damage|p2a: Arceus|67\/100 brn\n|\n|-heal|p1a: Dondozo|66\/100|[from] item: Leftovers\n|-damage|p2a: Arceus|61\/100 brn|[from] brn\n|upkeep\n|turn|22\n|\n|t:|1699922472\n|switch|p1a: Mewtwo|Mewtwo, shiny|88\/100\n|-damage|p1a: Mewtwo|75\/100|[from] Spikes\n|-ability|p1a: Mewtwo|Pressure\n|move|p2a: Arceus|Toxic|p1a: Mewtwo\n|-status|p1a: Mewtwo|tox\n|\n|-damage|p1a: Mewtwo|69\/100 tox|[from] psn\n|-damage|p2a: Arceus|55\/100 brn|[from] brn\n|upkeep\n|turn|23\n|\n|t:|1699922480\n|switch|p2a: Ho-Oh|Ho-Oh, shiny|100\/100\n|move|p1a: Mewtwo|Psystrike|p2a: Ho-Oh\n|-damage|p2a: Ho-Oh|58\/100\n|\n|-damage|p1a: Mewtwo|57\/100 tox|[from] psn\n|upkeep\n|turn|24\n|\n|t:|1699922483\n|switch|p2a: Chien-Pao|Chien-Pao|76\/100\n|-ability|p2a: Chien-Pao|Sword of Ruin\n|move|p1a: Mewtwo|Recover|p1a: Mewtwo\n|-heal|p1a: Mewtwo|100\/100 tox\n|\n|-damage|p1a: Mewtwo|82\/100 tox|[from] psn\n|upkeep\n|turn|25\n|\n|t:|1699922487\n|switch|p1a: Dondozo|Dondozo, F, shiny|66\/100\n|-damage|p1a: Dondozo|54\/100|[from] Spikes\n|move|p2a: Chien-Pao|Crunch|p1a: Dondozo\n|-damage|p1a: Dondozo|16\/100\n|\n|-heal|p1a: Dondozo|22\/100|[from] item: Leftovers\n|upkeep\n|turn|26\n|\n|t:|1699922496\n|-terastallize|p2a: Chien-Pao|Dark\n|move|p2a: Chien-Pao|Crunch|p1a: Dondozo\n|-damage|p1a: Dondozo|0 fnt\n|faint|p1a: Dondozo\n|\n|upkeep\n|\n|t:|1699922511\n|switch|p1a: Mewtwo|Mewtwo, shiny|82\/100 tox\n|-damage|p1a: Mewtwo|69\/100 tox|[from] Spikes\n|-ability|p1a: Mewtwo|Pressure\n|turn|27\n|\n|t:|1699922514\n|-terastallize|p1a: Mewtwo|Dark\n|move|p2a: Chien-Pao|Crunch|p1a: Mewtwo\n|-resisted|p1a: Mewtwo\n|-damage|p1a: Mewtwo|24\/100 tox\n|-damage|p2a: Chien-Pao|59\/100|[from] item: Rocky Helmet|[of] p1a: Mewtwo\n|move|p1a: Mewtwo|Will-O-Wisp|p2a: Chien-Pao\n|-status|p2a: Chien-Pao|brn\n|\n|-damage|p1a: Mewtwo|18\/100 tox|[from] psn\n|-damage|p2a: Chien-Pao|53\/100 brn|[from] brn\n|upkeep\n|turn|28\n|\n|t:|1699922523\n|move|p2a: Chien-Pao|Crunch|p1a: Mewtwo\n|-resisted|p1a: Mewtwo\n|-damage|p1a: Mewtwo|0 fnt\n|-damage|p2a: Chien-Pao|36\/100 brn|[from] item: Rocky Helmet|[of] p1a: Mewtwo\n|faint|p1a: Mewtwo\n|\n|-damage|p2a: Chien-Pao|30\/100 brn|[from] brn\n|upkeep\n|\n|t:|1699922532\n|switch|p1a: Tyranitar|Tyranitar-Mega, F, shiny|19\/100\n|-damage|p1a: Tyranitar|7\/100|[from] Spikes\n|-weather|Sandstorm|[from] ability: Sand Stream|[of] p1a: Tyranitar\n|turn|29\n|\n|t:|1699922534\n|move|p2a: Chien-Pao|Crunch|p1a: Tyranitar\n|-resisted|p1a: Tyranitar\n|-damage|p1a: Tyranitar|0 fnt\n|faint|p1a: Tyranitar\n|\n|-weather|Sandstorm|[upkeep]\n|-damage|p2a: Chien-Pao|24\/100 brn|[from] Sandstorm\n|-damage|p2a: Chien-Pao|18\/100 brn|[from] brn\n|upkeep\n|-message|vailorn forfeited.\n|\n|win|C0ld as Ice\n|raw|vailorn's rating: 1648 &rarr; <strong>1640<\/strong><br \/>(-8 for losing)\n|raw|C0ld as Ice's rating: 1882 &rarr; <strong>1890<\/strong><br \/>(+8 for winning)\n|l|\u2606vailorn\n","uploadtime":1699924219,"views":6,"p1id":"vailorn","p2id":"c0ldasice","formatid":"gen9nationaldexubers","rating":1640,"private":0,"password":""}