{"id":"gen9nationaldexubers-1984474518","p1":"mega qy","p2":"faradey","format":"[Gen 9] National Dex Ubers","log":"|j|\u2606mega qy\n|j|\u2606faradey\n|t:|1699269483\n|gametype|singles\n|player|p1|mega qy|lusamine-nihilego|1762\n|player|p2|faradey|101|1658\n|teamsize|p1|6\n|teamsize|p2|6\n|gen|9\n|tier|[Gen 9] National Dex Ubers\n|rated|\n|rule|HP Percentage Mod: HP is shown in percentages\n|rule|Endless Battle Clause: Forcing endless battles is banned\n|rule|OHKO Clause: OHKO moves are banned\n|rule|Evasion Moves Clause: Evasion moves are banned\n|rule|Evasion Items Clause: Evasion items are banned\n|rule|Species Clause: Limit one of each Pok\u00e9mon\n|rule|Sleep Clause Mod: Limit one foe put to sleep\n|rule|Mega Rayquaza Clause: You cannot mega evolve Rayquaza\n|clearpoke\n|poke|p1|Hatterene, F|\n|poke|p1|Calyrex-Ice|\n|poke|p1|Arceus|\n|poke|p1|Cresselia, F|\n|poke|p1|Melmetal|\n|poke|p1|Groudon|\n|poke|p2|Groudon|\n|poke|p2|Landorus-Therian, M|\n|poke|p2|Marshadow|\n|poke|p2|Chansey, F|\n|poke|p2|Mewtwo|\n|poke|p2|Yveltal|\n|teampreview\n|inactive|Battle timer is ON: inactive players will automatically lose when time's up. (requested by mega qy)\n|\n|t:|1699269512\n|start\n|switch|p1a: \u9752\u6625\u97f3\u7bb1\u87c0\u4e0d\u4f1a\u68a6\u89c1\u9b54\u5973\u5b66\u59d0|Hatterene, F, shiny|100\/100\n|switch|p2a: Mewtwo|Mewtwo|100\/100\n|-ability|p2a: Mewtwo|Unnerve\n|turn|1\n|\n|t:|1699269519\n|detailschange|p2a: Mewtwo|Mewtwo-Mega-Y\n|-mega|p2a: Mewtwo|Mewtwo|Mewtwonite Y\n|move|p2a: Mewtwo|Substitute|p2a: Mewtwo\n|-start|p2a: Mewtwo|Substitute\n|-damage|p2a: Mewtwo|76\/100\n|move|p1a: \u9752\u6625\u97f3\u7bb1\u87c0\u4e0d\u4f1a\u68a6\u89c1\u9b54\u5973\u5b66\u59d0|Trick Room|p1a: \u9752\u6625\u97f3\u7bb1\u87c0\u4e0d\u4f1a\u68a6\u89c1\u9b54\u5973\u5b66\u59d0\n|-fieldstart|move: Trick Room|[of] p1a: \u9752\u6625\u97f3\u7bb1\u87c0\u4e0d\u4f1a\u68a6\u89c1\u9b54\u5973\u5b66\u59d0\n|\n|upkeep\n|turn|2\n|\n|t:|1699269532\n|move|p1a: \u9752\u6625\u97f3\u7bb1\u87c0\u4e0d\u4f1a\u68a6\u89c1\u9b54\u5973\u5b66\u59d0|Misty Explosion|p2a: Mewtwo\n|-end|p2a: Mewtwo|Substitute\n|faint|p1a: \u9752\u6625\u97f3\u7bb1\u87c0\u4e0d\u4f1a\u68a6\u89c1\u9b54\u5973\u5b66\u59d0\n|move|p2a: Mewtwo|Fire Blast|p1: \u9752\u6625\u97f3\u7bb1\u87c0\u4e0d\u4f1a\u68a6\u89c1\u9b54\u5973\u5b66\u59d0|[notarget]\n|-fail|p2a: Mewtwo\n|\n|upkeep\n|\n|t:|1699269539\n|switch|p1a: \u6211\u8981\u51b0\u5c01\u8fd9\u4e2a\u4e16\u754c|Calyrex-Ice|100\/100\n|-ability|p1a: \u6211\u8981\u51b0\u5c01\u8fd9\u4e2a\u4e16\u754c|As One\n|-ability|p1a: \u6211\u8981\u51b0\u5c01\u8fd9\u4e2a\u4e16\u754c|Unnerve\n|turn|3\n|\n|t:|1699269546\n|switch|p2a: Landorus|Landorus-Therian, M|100\/100\n|-ability|p2a: Landorus|Intimidate|boost\n|-unboost|p1a: \u6211\u8981\u51b0\u5c01\u8fd9\u4e2a\u4e16\u754c|atk|1\n|-terastallize|p1a: \u6211\u8981\u51b0\u5c01\u8fd9\u4e2a\u4e16\u754c|Ice\n|move|p1a: \u6211\u8981\u51b0\u5c01\u8fd9\u4e2a\u4e16\u754c|Icicle Spear|p2a: Landorus\n|-supereffective|p2a: Landorus\n|-damage|p2a: Landorus|40\/100\n|-supereffective|p2a: Landorus\n|-damage|p2a: Landorus|0 fnt\n|faint|p2a: Landorus\n|-ability|p1a: \u6211\u8981\u51b0\u5c01\u8fd9\u4e2a\u4e16\u754c|Chilling Neigh|boost\n|-boost|p1a: \u6211\u8981\u51b0\u5c01\u8fd9\u4e2a\u4e16\u754c|atk|1\n|-hitcount|p2: Landorus|2\n|\n|upkeep\n|\n|t:|1699269555\n|switch|p2a: Groudon|Groudon|100\/100\n|detailschange|p2a: Groudon|Groudon-Primal\n|-primal|p2a: Groudon|Red Orb\n|-weather|DesolateLand|[from] ability: Desolate Land|[of] p2a: Groudon\n|turn|4\n|\n|t:|1699269559\n|move|p1a: \u6211\u8981\u51b0\u5c01\u8fd9\u4e2a\u4e16\u754c|Icicle Spear|p2a: Groudon\n|-damage|p2a: Groudon|76\/100\n|-damage|p2a: Groudon|52\/100\n|-hitcount|p2a: Groudon|2\n|move|p2a: Groudon|Heat Crash|p1a: \u6211\u8981\u51b0\u5c01\u8fd9\u4e2a\u4e16\u754c\n|-supereffective|p1a: \u6211\u8981\u51b0\u5c01\u8fd9\u4e2a\u4e16\u754c\n|-damage|p1a: \u6211\u8981\u51b0\u5c01\u8fd9\u4e2a\u4e16\u754c|51\/100\n|\n|-weather|DesolateLand|[upkeep]\n|upkeep\n|turn|5\n|\n|t:|1699269572\n|move|p1a: \u6211\u8981\u51b0\u5c01\u8fd9\u4e2a\u4e16\u754c|Icicle Spear|p2a: Groudon\n|-damage|p2a: Groudon|27\/100\n|-damage|p2a: Groudon|4\/100\n|-hitcount|p2a: Groudon|2\n|move|p2a: Groudon|Heat Crash|p1a: \u6211\u8981\u51b0\u5c01\u8fd9\u4e2a\u4e16\u754c\n|-supereffective|p1a: \u6211\u8981\u51b0\u5c01\u8fd9\u4e2a\u4e16\u754c\n|-damage|p1a: \u6211\u8981\u51b0\u5c01\u8fd9\u4e2a\u4e16\u754c|3\/100\n|\n|-weather|DesolateLand|[upkeep]\n|-fieldend|move: Trick Room\n|upkeep\n|turn|6\n|\n|t:|1699269580\n|switch|p1a: \u8fd9\u4e2a\u4e16\u754c\u5371\u5728\u65e6\u5915|Groudon|100\/100\n|detailschange|p1a: \u8fd9\u4e2a\u4e16\u754c\u5371\u5728\u65e6\u5915|Groudon-Primal\n|-primal|p1a: \u8fd9\u4e2a\u4e16\u754c\u5371\u5728\u65e6\u5915|Red Orb\n|move|p2a: Groudon|Stone Edge|p1a: \u8fd9\u4e2a\u4e16\u754c\u5371\u5728\u65e6\u5915\n|-damage|p1a: \u8fd9\u4e2a\u4e16\u754c\u5371\u5728\u65e6\u5915|70\/100\n|\n|-weather|DesolateLand|[upkeep]\n|upkeep\n|turn|7\n|\n|t:|1699269587\n|switch|p1a: \u4eca\u665a\u505a\u4e2a\u597d\u68a6\u5427|Cresselia, F|100\/100\n|move|p2a: Groudon|Precipice Blades|p1a: \u4eca\u665a\u505a\u4e2a\u597d\u68a6\u5427\n|-immune|p1a: \u4eca\u665a\u505a\u4e2a\u597d\u68a6\u5427|[from] ability: Levitate\n|\n|-weather|DesolateLand|[upkeep]\n|upkeep\n|turn|8\n|\n|t:|1699269592\n|move|p2a: Groudon|Heat Crash|p1a: \u4eca\u665a\u505a\u4e2a\u597d\u68a6\u5427\n|-damage|p1a: \u4eca\u665a\u505a\u4e2a\u597d\u68a6\u5427|17\/100\n|move|p1a: \u4eca\u665a\u505a\u4e2a\u597d\u68a6\u5427|Trick Room|p1a: \u4eca\u665a\u505a\u4e2a\u597d\u68a6\u5427\n|-fieldstart|move: Trick Room|[of] p1a: \u4eca\u665a\u505a\u4e2a\u597d\u68a6\u5427\n|\n|-weather|DesolateLand|[upkeep]\n|upkeep\n|turn|9\n|\n|t:|1699269602\n|move|p1a: \u4eca\u665a\u505a\u4e2a\u597d\u68a6\u5427|Lunar Dance|p1a: \u4eca\u665a\u505a\u4e2a\u597d\u68a6\u5427\n|faint|p1a: \u4eca\u665a\u505a\u4e2a\u597d\u68a6\u5427\n|move|p2a: Groudon|Stone Edge|p1: \u4eca\u665a\u505a\u4e2a\u597d\u68a6\u5427|[notarget]\n|-fail|p2a: Groudon\n|\n|-weather|DesolateLand|[upkeep]\n|upkeep\n|\n|t:|1699269606\n|switch|p1a: \u6211\u8981\u51b0\u5c01\u8fd9\u4e2a\u4e16\u754c|Calyrex-Ice, tera:Ice|3\/100\n|-ability|p1a: \u6211\u8981\u51b0\u5c01\u8fd9\u4e2a\u4e16\u754c|As One\n|-ability|p1a: \u6211\u8981\u51b0\u5c01\u8fd9\u4e2a\u4e16\u754c|Unnerve\n|-heal|p1a: \u6211\u8981\u51b0\u5c01\u8fd9\u4e2a\u4e16\u754c|100\/100|[from] move: Lunar Dance\n|turn|10\n|\n|t:|1699269613\n|move|p1a: \u6211\u8981\u51b0\u5c01\u8fd9\u4e2a\u4e16\u754c|Icicle Spear|p2a: Groudon\n|-damage|p2a: Groudon|0 fnt\n|faint|p2a: Groudon\n|-weather|none\n|-ability|p1a: \u6211\u8981\u51b0\u5c01\u8fd9\u4e2a\u4e16\u754c|Chilling Neigh|boost\n|-boost|p1a: \u6211\u8981\u51b0\u5c01\u8fd9\u4e2a\u4e16\u754c|atk|1\n|-hitcount|p2: Groudon|1\n|\n|upkeep\n|inactive|faradey has 120 seconds left.\n|\n|t:|1699269652\n|switch|p2a: Mewtwo|Mewtwo-Mega-Y|76\/100\n|turn|11\n|\n|t:|1699269656\n|move|p1a: \u6211\u8981\u51b0\u5c01\u8fd9\u4e2a\u4e16\u754c|Icicle Spear|p2a: Mewtwo\n|-damage|p2a: Mewtwo|5\/100\n|-damage|p2a: Mewtwo|0 fnt\n|faint|p2a: Mewtwo\n|-ability|p1a: \u6211\u8981\u51b0\u5c01\u8fd9\u4e2a\u4e16\u754c|Chilling Neigh|boost\n|-boost|p1a: \u6211\u8981\u51b0\u5c01\u8fd9\u4e2a\u4e16\u754c|atk|1\n|-hitcount|p2: Mewtwo|2\n|\n|upkeep\n|\n|t:|1699269660\n|switch|p2a: Chansey|Chansey, F|100\/100\n|turn|12\n|\n|t:|1699269663\n|move|p1a: \u6211\u8981\u51b0\u5c01\u8fd9\u4e2a\u4e16\u754c|Icicle Spear|p2a: Chansey\n|-damage|p2a: Chansey|56\/100\n|-damage|p2a: Chansey|11\/100\n|-damage|p2a: Chansey|0 fnt\n|faint|p2a: Chansey\n|-ability|p1a: \u6211\u8981\u51b0\u5c01\u8fd9\u4e2a\u4e16\u754c|Chilling Neigh|boost\n|-boost|p1a: \u6211\u8981\u51b0\u5c01\u8fd9\u4e2a\u4e16\u754c|atk|1\n|-hitcount|p2: Chansey|3\n|\n|-fieldend|move: Trick Room\n|upkeep\n|\n|t:|1699269677\n|switch|p2a: Marshadow|Marshadow|100\/100\n|turn|13\n|\n|t:|1699269680\n|switch|p1a: \u8fd9\u4e2a\u4e16\u754c\u5371\u5728\u65e6\u5915|Groudon-Primal|70\/100\n|-weather|DesolateLand|[from] ability: Desolate Land|[of] p1a: \u8fd9\u4e2a\u4e16\u754c\u5371\u5728\u65e6\u5915\n|move|p2a: Marshadow|Spectral Thief|p1a: \u8fd9\u4e2a\u4e16\u754c\u5371\u5728\u65e6\u5915\n|-crit|p1a: \u8fd9\u4e2a\u4e16\u754c\u5371\u5728\u65e6\u5915\n|-damage|p1a: \u8fd9\u4e2a\u4e16\u754c\u5371\u5728\u65e6\u5915|22\/100\n|\n|-weather|DesolateLand|[upkeep]\n|upkeep\n|turn|14\n|\n|t:|1699269693\n|move|p2a: Marshadow|Force Palm|p1a: \u8fd9\u4e2a\u4e16\u754c\u5371\u5728\u65e6\u5915\n|-damage|p1a: \u8fd9\u4e2a\u4e16\u754c\u5371\u5728\u65e6\u5915|0 fnt\n|faint|p1a: \u8fd9\u4e2a\u4e16\u754c\u5371\u5728\u65e6\u5915\n|-weather|none\n|\n|upkeep\n|\n|t:|1699269696\n|switch|p1a: \u6700\u5f3a\u6218\u795e\u5b99\u65af|Arceus|100\/100\n|turn|15\n|\n|t:|1699269700\n|-terastallize|p2a: Marshadow|Fighting\n|move|p2a: Marshadow|Force Palm|p1a: \u6700\u5f3a\u6218\u795e\u5b99\u65af\n|-supereffective|p1a: \u6700\u5f3a\u6218\u795e\u5b99\u65af\n|-enditem|p1a: \u6700\u5f3a\u6218\u795e\u5b99\u65af|Chople Berry|[eat]\n|-enditem|p1a: \u6700\u5f3a\u6218\u795e\u5b99\u65af|Chople Berry|[weaken]\n|-damage|p1a: \u6700\u5f3a\u6218\u795e\u5b99\u65af|70\/100\n|move|p1a: \u6700\u5f3a\u6218\u795e\u5b99\u65af|Trick Room|p1a: \u6700\u5f3a\u6218\u795e\u5b99\u65af\n|-fieldstart|move: Trick Room|[of] p1a: \u6700\u5f3a\u6218\u795e\u5b99\u65af\n|\n|upkeep\n|turn|16\n|\n|t:|1699269711\n|move|p1a: \u6700\u5f3a\u6218\u795e\u5b99\u65af|Healing Wish|p1a: \u6700\u5f3a\u6218\u795e\u5b99\u65af\n|faint|p1a: \u6700\u5f3a\u6218\u795e\u5b99\u65af\n|move|p2a: Marshadow|Force Palm|p1: \u6700\u5f3a\u6218\u795e\u5b99\u65af|[notarget]\n|-fail|p2a: Marshadow\n|\n|upkeep\n|\n|t:|1699269716\n|switch|p1a: \u6211\u8981\u51b0\u5c01\u8fd9\u4e2a\u4e16\u754c|Calyrex-Ice, tera:Ice|100\/100\n|-ability|p1a: \u6211\u8981\u51b0\u5c01\u8fd9\u4e2a\u4e16\u754c|As One\n|-ability|p1a: \u6211\u8981\u51b0\u5c01\u8fd9\u4e2a\u4e16\u754c|Unnerve\n|turn|17\n|c|\u2606faradey|How\n|c|\u2606faradey|Cont\n|c|\u2606faradey|It\n|c|\u2606faradey|Omg\n|inactive|faradey has 120 seconds left.\n|\n|t:|1699269755\n|move|p2a: Marshadow|Shadow Sneak|p1a: \u6211\u8981\u51b0\u5c01\u8fd9\u4e2a\u4e16\u754c\n|-damage|p1a: \u6211\u8981\u51b0\u5c01\u8fd9\u4e2a\u4e16\u754c|81\/100\n|move|p1a: \u6211\u8981\u51b0\u5c01\u8fd9\u4e2a\u4e16\u754c|Icicle Spear|p2a: Marshadow\n|-damage|p2a: Marshadow|57\/100\n|-damage|p2a: Marshadow|13\/100\n|-damage|p2a: Marshadow|0 fnt\n|faint|p2a: Marshadow\n|-ability|p1a: \u6211\u8981\u51b0\u5c01\u8fd9\u4e2a\u4e16\u754c|Chilling Neigh|boost\n|-boost|p1a: \u6211\u8981\u51b0\u5c01\u8fd9\u4e2a\u4e16\u754c|atk|1\n|-hitcount|p2: Marshadow|3\n|\n|upkeep\n|\n|t:|1699269762\n|switch|p2a: Yveltal|Yveltal|100\/100\n|-ability|p2a: Yveltal|Dark Aura\n|turn|18\n|\n|t:|1699269766\n|move|p2a: Yveltal|Sucker Punch|p1a: \u6211\u8981\u51b0\u5c01\u8fd9\u4e2a\u4e16\u754c\n|-damage|p1a: \u6211\u8981\u51b0\u5c01\u8fd9\u4e2a\u4e16\u754c|47\/100\n|-damage|p2a: Yveltal|91\/100|[from] item: Life Orb\n|move|p1a: \u6211\u8981\u51b0\u5c01\u8fd9\u4e2a\u4e16\u754c|Icicle Spear|p2a: Yveltal\n|-supereffective|p2a: Yveltal\n|-damage|p2a: Yveltal|0 fnt\n|faint|p2a: Yveltal\n|-hitcount|p2: Yveltal|1\n|\n|win|mega qy\n|raw|mega qy's rating: 1762 &rarr; <strong>1776<\/strong><br \/>(+14 for winning)\n|raw|faradey's rating: 1658 &rarr; <strong>1644<\/strong><br \/>(-14 for losing)\n|l|\u2606mega qy\n","uploadtime":1699269797,"views":5,"p1id":"megaqy","p2id":"faradey","formatid":"gen9nationaldexubers","rating":1644,"private":0,"password":""}