{"id":"gen9nationaldexubers-1990180129","p1":"AlastorTheOverlord","p2":"stupiddogshit","format":"[Gen 9] National Dex Ubers","log":"|j|\u2606AlastorTheOverlord\n|j|\u2606stupiddogshit\n|t:|1699933686\n|gametype|singles\n|player|p1|AlastorTheOverlord|n|1198\n|player|p2|stupiddogshit|169|1259\n|teamsize|p1|6\n|teamsize|p2|6\n|gen|9\n|tier|[Gen 9] National Dex Ubers\n|rated|\n|rule|HP Percentage Mod: HP is shown in percentages\n|rule|Endless Battle Clause: Forcing endless battles is banned\n|rule|OHKO Clause: OHKO moves are banned\n|rule|Evasion Moves Clause: Evasion moves are banned\n|rule|Evasion Items Clause: Evasion items are banned\n|rule|Species Clause: Limit one of each Pok\u00e9mon\n|rule|Sleep Clause Mod: Limit one foe put to sleep\n|rule|Mega Rayquaza Clause: You cannot mega evolve Rayquaza\n|clearpoke\n|poke|p1|Blastoise, M|\n|poke|p1|Galvantula, M|\n|poke|p1|Garganacl, M|\n|poke|p1|Scream Tail|\n|poke|p1|Dracovish|\n|poke|p1|Yveltal|\n|poke|p2|Aerodactyl, F|\n|poke|p2|Gyarados, M|\n|poke|p2|Blissey, F|\n|poke|p2|Alakazam, F|\n|poke|p2|Dragapult, M|\n|poke|p2|Shuckle, F|\n|teampreview\n|inactive|Battle timer is ON: inactive players will automatically lose when time's up. (requested by stupiddogshit)\n|inactive|AlastorTheOverlord also wants the timer to be on.\n|inactive|stupiddogshit has 120 seconds left.\n|\n|t:|1699933719\n|start\n|switch|p1a: Elektrotula|Galvantula, M, shiny|100\/100\n|switch|p2a: Shuckle|Shuckle, F|100\/100\n|turn|1\n|\n|t:|1699933732\n|move|p1a: Elektrotula|Thunder|p2a: Shuckle\n|-damage|p2a: Shuckle|64\/100\n|move|p2a: Shuckle|Stealth Rock|p1a: Elektrotula\n|-sidestart|p1: AlastorTheOverlord|move: Stealth Rock\n|\n|-heal|p2a: Shuckle|70\/100|[from] item: Leftovers\n|upkeep\n|turn|2\n|\n|t:|1699933738\n|move|p1a: Elektrotula|Thunder|p2a: Shuckle\n|-damage|p2a: Shuckle|33\/100\n|move|p2a: Shuckle|Toxic|p1a: Elektrotula\n|-status|p1a: Elektrotula|tox\n|\n|-heal|p2a: Shuckle|39\/100|[from] item: Leftovers\n|-damage|p1a: Elektrotula|94\/100 tox|[from] psn\n|upkeep\n|turn|3\n|\n|t:|1699933747\n|move|p2a: Shuckle|Protect|p2a: Shuckle\n|-singleturn|p2a: Shuckle|Protect\n|move|p1a: Elektrotula|Thunder|p2a: Shuckle\n|-activate|p2a: Shuckle|move: Protect\n|\n|-heal|p2a: Shuckle|45\/100|[from] item: Leftovers\n|-damage|p1a: Elektrotula|82\/100 tox|[from] psn\n|upkeep\n|turn|4\n|\n|t:|1699933755\n|move|p1a: Elektrotula|Volt Switch|p2a: Shuckle\n|-damage|p2a: Shuckle|23\/100\n|\n|t:|1699933758\n|switch|p1a: Black Eagle|Yveltal|100\/100|[from] Volt Switch\n|-damage|p1a: Black Eagle|76\/100|[from] Stealth Rock\n|-ability|p1a: Black Eagle|Dark Aura\n|move|p2a: Shuckle|Substitute|p2a: Shuckle\n|-fail|p2a: Shuckle|move: Substitute|[weak]\n|\n|-heal|p2a: Shuckle|29\/100|[from] item: Leftovers\n|upkeep\n|turn|5\n|\n|t:|1699933780\n|switch|p2a: Blissey|Blissey, F|100\/100\n|move|p1a: Black Eagle|Dual Wingbeat|p2a: Blissey\n|-damage|p2a: Blissey|42\/100\n|-damage|p2a: Blissey|0 fnt\n|faint|p2a: Blissey\n|-hitcount|p2: Blissey|2\n|-damage|p1a: Black Eagle|66\/100|[from] item: Life Orb\n|\n|upkeep\n|\n|t:|1699933791\n|switch|p2a: Shuckle|Shuckle, F|29\/100\n|turn|6\n|\n|t:|1699933795\n|move|p2a: Shuckle|Protect|p2a: Shuckle\n|-singleturn|p2a: Shuckle|Protect\n|move|p1a: Black Eagle|Oblivion Wing|p2a: Shuckle\n|-activate|p2a: Shuckle|move: Protect\n|\n|-heal|p2a: Shuckle|35\/100|[from] item: Leftovers\n|upkeep\n|turn|7\n|\n|t:|1699933813\n|move|p1a: Black Eagle|Oblivion Wing|p2a: Shuckle\n|-damage|p2a: Shuckle|3\/100\n|-heal|p1a: Black Eagle|77\/100|[from] drain|[of] p2a: Shuckle\n|-damage|p1a: Black Eagle|67\/100|[from] item: Life Orb\n|move|p2a: Shuckle|Toxic|p1a: Black Eagle\n|-status|p1a: Black Eagle|tox\n|\n|-heal|p2a: Shuckle|9\/100|[from] item: Leftovers\n|-damage|p1a: Black Eagle|61\/100 tox|[from] psn\n|upkeep\n|turn|8\n|inactive|AlastorTheOverlord has 120 seconds left.\n|\n|t:|1699933844\n|move|p2a: Shuckle|Protect|p2a: Shuckle\n|-singleturn|p2a: Shuckle|Protect\n|move|p1a: Black Eagle|Oblivion Wing|p2a: Shuckle\n|-activate|p2a: Shuckle|move: Protect\n|\n|-heal|p2a: Shuckle|15\/100|[from] item: Leftovers\n|-damage|p1a: Black Eagle|49\/100 tox|[from] psn\n|upkeep\n|turn|9\n|inactive|stupiddogshit has 120 seconds left.\n|\n|t:|1699933867\n|move|p2a: Shuckle|Protect||[still]\n|-fail|p2a: Shuckle\n|move|p1a: Black Eagle|Defog|p2a: Shuckle\n|-unboost|p2a: Shuckle|evasion|1\n|-sideend|p1: AlastorTheOverlord|Stealth Rock|[from] move: Defog|[of] p1a: Black Eagle\n|\n|-heal|p2a: Shuckle|21\/100|[from] item: Leftovers\n|-damage|p1a: Black Eagle|30\/100 tox|[from] psn\n|upkeep\n|turn|10\n|inactive|stupiddogshit has 120 seconds left.\n|\n|t:|1699933879\n|move|p2a: Shuckle|Protect|p2a: Shuckle\n|-singleturn|p2a: Shuckle|Protect\n|move|p1a: Black Eagle|Dual Wingbeat|p2a: Shuckle\n|-activate|p2a: Shuckle|move: Protect\n|\n|-heal|p2a: Shuckle|27\/100|[from] item: Leftovers\n|-damage|p1a: Black Eagle|6\/100 tox|[from] psn\n|upkeep\n|turn|11\n|inactive|stupiddogshit has 120 seconds left.\n|\n|t:|1699933887\n|move|p1a: Black Eagle|Oblivion Wing|p2a: Shuckle\n|-damage|p2a: Shuckle|0 fnt\n|-heal|p1a: Black Eagle|15\/100 tox|[from] drain|[of] p2a: Shuckle\n|faint|p2a: Shuckle\n|-damage|p1a: Black Eagle|5\/100 tox|[from] item: Life Orb\n|\n|-damage|p1a: Black Eagle|0 fnt|[from] psn\n|faint|p1a: Black Eagle\n|upkeep\n|inactive|stupiddogshit has 120 seconds left.\n|\n|t:|1699933905\n|switch|p1a: Elektrotula|Galvantula, M, shiny|82\/100 tox\n|switch|p2a: Gyarados|Gyarados, M, shiny|100\/100\n|turn|12\n|inactive|stupiddogshit has 120 seconds left.\n|\n|t:|1699933920\n|detailschange|p2a: Gyarados|Gyarados-Mega, M, shiny\n|-mega|p2a: Gyarados|Gyarados|Gyaradosite\n|-ability|p2a: Gyarados|Mold Breaker\n|move|p1a: Elektrotula|Thunder|p2a: Gyarados\n|-supereffective|p2a: Gyarados\n|-damage|p2a: Gyarados|21\/100\n|-status|p2a: Gyarados|par\n|move|p2a: Gyarados|Dragon Dance|p2a: Gyarados\n|-boost|p2a: Gyarados|atk|1\n|-boost|p2a: Gyarados|spe|1\n|\n|-damage|p1a: Elektrotula|76\/100 tox|[from] psn\n|upkeep\n|turn|13\n|inactive|stupiddogshit has 120 seconds left.\n|\n|t:|1699933944\n|move|p1a: Elektrotula|Sticky Web|p2a: Gyarados\n|-sidestart|p2: stupiddogshit|move: Sticky Web\n|cant|p2a: Gyarados|par\n|\n|-damage|p1a: Elektrotula|64\/100 tox|[from] psn\n|upkeep\n|turn|14\n|\n|t:|1699933951\n|move|p1a: Elektrotula|Volt Switch|p2a: Gyarados\n|-supereffective|p2a: Gyarados\n|-damage|p2a: Gyarados|0 fnt\n|faint|p2a: Gyarados\n|\n|t:|1699933956\n|switch|p1a: Rock N' Rolll|Scream Tail|100\/100|[from] Volt Switch\n|\n|upkeep\n|\n|t:|1699933961\n|switch|p2a: Aerodactyl|Aerodactyl, F|100\/100\n|turn|15\n|\n|t:|1699933967\n|move|p2a: Aerodactyl|Taunt|p1a: Rock N' Rolll\n|-start|p1a: Rock N' Rolll|move: Taunt\n|cant|p1a: Rock N' Rolll|move: Taunt|Thunder Wave\n|\n|upkeep\n|turn|16\n|\n|t:|1699933972\n|move|p2a: Aerodactyl|Double-Edge|p1a: Rock N' Rolll\n|-damage|p1a: Rock N' Rolll|68\/100\n|move|p1a: Rock N' Rolll|Dazzling Gleam|p2a: Aerodactyl\n|-damage|p2a: Aerodactyl|73\/100\n|\n|-heal|p1a: Rock N' Rolll|74\/100|[from] item: Leftovers\n|upkeep\n|turn|17\n|\n|t:|1699933980\n|move|p2a: Aerodactyl|Double-Edge|p1a: Rock N' Rolll\n|-damage|p1a: Rock N' Rolll|44\/100\n|move|p1a: Rock N' Rolll|Dazzling Gleam|p2a: Aerodactyl\n|-damage|p2a: Aerodactyl|46\/100\n|\n|-heal|p1a: Rock N' Rolll|50\/100|[from] item: Leftovers\n|-end|p1a: Rock N' Rolll|move: Taunt\n|upkeep\n|turn|18\n|\n|t:|1699933989\n|move|p2a: Aerodactyl|Taunt|p1a: Rock N' Rolll\n|-start|p1a: Rock N' Rolll|move: Taunt\n|move|p1a: Rock N' Rolll|Dazzling Gleam|p2a: Aerodactyl\n|-damage|p2a: Aerodactyl|18\/100\n|\n|-heal|p1a: Rock N' Rolll|56\/100|[from] item: Leftovers\n|upkeep\n|turn|19\n|\n|t:|1699933998\n|move|p2a: Aerodactyl|Double-Edge|p1a: Rock N' Rolll\n|-damage|p1a: Rock N' Rolll|23\/100\n|move|p1a: Rock N' Rolll|Dazzling Gleam|p2a: Aerodactyl\n|-damage|p2a: Aerodactyl|0 fnt\n|faint|p2a: Aerodactyl\n|\n|-heal|p1a: Rock N' Rolll|30\/100|[from] item: Leftovers\n|upkeep\n|\n|t:|1699934013\n|switch|p2a: Alakazam|Alakazam, F|100\/100\n|-activate|p2a: Alakazam|move: Sticky Web\n|-unboost|p2a: Alakazam|spe|1\n|turn|20\n|\n|t:|1699934020\n|move|p1a: Rock N' Rolll|Dazzling Gleam|p2a: Alakazam\n|-damage|p2a: Alakazam|71\/100\n|move|p2a: Alakazam|Signal Beam|p1a: Rock N' Rolll\n|-damage|p1a: Rock N' Rolll|16\/100\n|\n|-heal|p1a: Rock N' Rolll|23\/100|[from] item: Leftovers\n|-end|p1a: Rock N' Rolll|move: Taunt\n|upkeep\n|turn|21\n|\n|t:|1699934032\n|move|p1a: Rock N' Rolll|Wish|p1a: Rock N' Rolll\n|move|p2a: Alakazam|Shadow Ball|p1a: Rock N' Rolll\n|-supereffective|p1a: Rock N' Rolll\n|-damage|p1a: Rock N' Rolll|0 fnt\n|faint|p1a: Rock N' Rolll\n|-end|p1a: Rock N' Rolll|Protosynthesis|[silent]\n|\n|upkeep\n|\n|t:|1699934041\n|switch|p1a: Elektrotula|Galvantula, M, shiny|64\/100 tox\n|turn|22\n|\n|t:|1699934047\n|switch|p2a: Dragapult|Dragapult, M|100\/100\n|-activate|p2a: Dragapult|move: Sticky Web\n|-unboost|p2a: Dragapult|spe|1\n|move|p1a: Elektrotula|Bug Buzz|p2a: Dragapult\n|-resisted|p2a: Dragapult\n|-damage|p2a: Dragapult|73\/100\n|\n|-heal|p1a: Elektrotula|100\/100 tox|[from] move: Wish|[wisher] Rock N' Rolll\n|-heal|p2a: Dragapult|79\/100|[from] item: Leftovers\n|-damage|p1a: Elektrotula|94\/100 tox|[from] psn\n|upkeep\n|turn|23\n|\n|t:|1699934068\n|move|p1a: Elektrotula|Thunder|p2a: Dragapult\n|-resisted|p2a: Dragapult\n|-damage|p2a: Dragapult|46\/100\n|move|p2a: Dragapult|Dragon Dance|p2a: Dragapult\n|-boost|p2a: Dragapult|atk|1\n|-boost|p2a: Dragapult|spe|1\n|\n|-heal|p2a: Dragapult|52\/100|[from] item: Leftovers\n|-damage|p1a: Elektrotula|82\/100 tox|[from] psn\n|upkeep\n|turn|24\n|inactive|stupiddogshit has 120 seconds left.\n|\n|t:|1699934090\n|move|p2a: Dragapult|Dragon Dance|p2a: Dragapult\n|-boost|p2a: Dragapult|atk|1\n|-boost|p2a: Dragapult|spe|1\n|move|p1a: Elektrotula|Thunder|p2a: Dragapult\n|-resisted|p2a: Dragapult\n|-damage|p2a: Dragapult|20\/100\n|\n|-heal|p2a: Dragapult|26\/100|[from] item: Leftovers\n|-damage|p1a: Elektrotula|64\/100 tox|[from] psn\n|upkeep\n|turn|25\n|inactive|stupiddogshit has 120 seconds left.\n|\n|t:|1699934102\n|move|p2a: Dragapult|Dragon Darts|p1a: Elektrotula\n|-damage|p1a: Elektrotula|0 fnt\n|faint|p1a: Elektrotula\n|\n|-heal|p2a: Dragapult|32\/100|[from] item: Leftovers\n|upkeep\n|\n|t:|1699934109\n|switch|p1a: Dracoperra|Dracovish|100\/100\n|turn|26\n|\n|t:|1699934114\n|move|p2a: Dragapult|Dragon Darts|p1a: Dracoperra\n|-supereffective|p1a: Dracoperra\n|-damage|p1a: Dracoperra|0 fnt\n|faint|p1a: Dracoperra\n|\n|-heal|p2a: Dragapult|38\/100|[from] item: Leftovers\n|upkeep\n|\n|t:|1699934118\n|switch|p1a: El Weon Salao|Garganacl, M, shiny|100\/100\n|turn|27\n|c|\u2606AlastorTheOverlord|Good game\n|\n|t:|1699934135\n|move|p2a: Dragapult|Phantom Force||[still]\n|-prepare|p2a: Dragapult|Phantom Force\n|move|p1a: El Weon Salao|Salt Cure|p2a: Dragapult|[miss]\n|-miss|p1a: El Weon Salao|p2a: Dragapult\n|\n|-heal|p2a: Dragapult|44\/100|[from] item: Leftovers\n|upkeep\n|turn|28\n|\n|t:|1699934142\n|move|p2a: Dragapult|Phantom Force|p1a: El Weon Salao|[from]lockedmove\n|-damage|p1a: El Weon Salao|72\/100\n|move|p1a: El Weon Salao|Salt Cure|p2a: Dragapult\n|-damage|p2a: Dragapult|26\/100\n|-start|p2a: Dragapult|Salt Cure\n|\n|-heal|p2a: Dragapult|32\/100|[from] item: Leftovers\n|-heal|p1a: El Weon Salao|79\/100|[from] item: Leftovers\n|-damage|p2a: Dragapult|20\/100|[from] Salt Cure\n|upkeep\n|turn|29\n|c|\u2606stupiddogshit|yeah you win wp wp\n|\n|t:|1699934153\n|move|p2a: Dragapult|Dragon Darts|p1a: El Weon Salao\n|-damage|p1a: El Weon Salao|48\/100\n|-anim|p2a: Dragapult|Dragon Darts|p1a: El Weon Salao\n|-damage|p1a: El Weon Salao|15\/100\n|move|p1a: El Weon Salao|Recover|p1a: El Weon Salao\n|-heal|p1a: El Weon Salao|65\/100\n|\n|-heal|p2a: Dragapult|26\/100|[from] item: Leftovers\n|-heal|p1a: El Weon Salao|72\/100|[from] item: Leftovers\n|-damage|p2a: Dragapult|13\/100|[from] Salt Cure\n|upkeep\n|turn|30\n|\n|t:|1699934170\n|move|p2a: Dragapult|Dragon Darts|p1a: El Weon Salao\n|-damage|p1a: El Weon Salao|40\/100\n|-anim|p2a: Dragapult|Dragon Darts|p1a: El Weon Salao\n|-damage|p1a: El Weon Salao|11\/100\n|move|p1a: El Weon Salao|Recover|p1a: El Weon Salao\n|-heal|p1a: El Weon Salao|61\/100\n|\n|-heal|p2a: Dragapult|19\/100|[from] item: Leftovers\n|-heal|p1a: El Weon Salao|67\/100|[from] item: Leftovers\n|-damage|p2a: Dragapult|7\/100|[from] Salt Cure\n|upkeep\n|turn|31\n|\n|t:|1699934193\n|move|p2a: Dragapult|Psychic Fangs|p1a: El Weon Salao\n|-damage|p1a: El Weon Salao|32\/100\n|move|p1a: El Weon Salao|Recover|p1a: El Weon Salao\n|-heal|p1a: El Weon Salao|82\/100\n|\n|-heal|p2a: Dragapult|13\/100|[from] item: Leftovers\n|-heal|p1a: El Weon Salao|88\/100|[from] item: Leftovers\n|-damage|p2a: Dragapult|1\/100|[from] Salt Cure\n|upkeep\n|turn|32\n|c|\u2606AlastorTheOverlord|This battle is hard\n|\n|t:|1699934205\n|move|p2a: Dragapult|Dragon Darts|p1a: El Weon Salao\n|-damage|p1a: El Weon Salao|54\/100\n|-anim|p2a: Dragapult|Dragon Darts|p1a: El Weon Salao\n|-damage|p1a: El Weon Salao|21\/100\n|move|p1a: El Weon Salao|Recover|p1a: El Weon Salao\n|-heal|p1a: El Weon Salao|71\/100\n|\n|-heal|p2a: Dragapult|7\/100|[from] item: Leftovers\n|-heal|p1a: El Weon Salao|77\/100|[from] item: Leftovers\n|-damage|p2a: Dragapult|0 fnt|[from] Salt Cure\n|faint|p2a: Dragapult\n|upkeep\n|inactive|stupiddogshit has 120 seconds left.\n|c|\u2606stupiddogshit|yeah very hard for sure\n|c|\u2606stupiddogshit|i dont see much of galvantula\n|c|\u2606stupiddogshit|use to be one of my fav gen 3\n|c|\u2606stupiddogshit|very under rated\n|\n|t:|1699934242\n|switch|p2a: Alakazam|Alakazam, F|71\/100\n|-activate|p2a: Alakazam|move: Sticky Web\n|-unboost|p2a: Alakazam|spe|1\n|turn|33\n|\n|t:|1699934254\n|move|p2a: Alakazam|Taunt|p1a: El Weon Salao\n|-start|p1a: El Weon Salao|move: Taunt\n|move|p1a: El Weon Salao|Salt Cure|p2a: Alakazam\n|-damage|p2a: Alakazam|28\/100\n|-start|p2a: Alakazam|Salt Cure\n|\n|-heal|p1a: El Weon Salao|83\/100|[from] item: Leftovers\n|-damage|p2a: Alakazam|16\/100|[from] Salt Cure\n|upkeep\n|turn|34\n|\n|t:|1699934268\n|switch|p1a: Escuerul|Blastoise, M, shiny|100\/100\n|move|p2a: Alakazam|Psychic|p1a: Escuerul\n|-crit|p1a: Escuerul\n|-damage|p1a: Escuerul|22\/100\n|\n|-damage|p2a: Alakazam|4\/100|[from] Salt Cure\n|upkeep\n|turn|35\n|\n|t:|1699934278\n|switch|p1a: El Weon Salao|Garganacl, M, shiny|83\/100\n|move|p2a: Alakazam|Psychic|p1a: El Weon Salao\n|-damage|p1a: El Weon Salao|38\/100\n|\n|-heal|p1a: El Weon Salao|45\/100|[from] item: Leftovers\n|-damage|p2a: Alakazam|0 fnt|[from] Salt Cure\n|faint|p2a: Alakazam\n|\n|win|AlastorTheOverlord\n|upkeep\n|raw|AlastorTheOverlord's rating: 1198 &rarr; <strong>1227<\/strong><br \/>(+29 for winning)\n|raw|stupiddogshit's rating: 1259 &rarr; <strong>1230<\/strong><br \/>(-29 for losing)\n","uploadtime":1699934282,"views":13,"p1id":"alastortheoverlord","p2id":"stupiddogshit","formatid":"gen9nationaldexubers","rating":1227,"private":0,"password":""}