{"id":"gen9nationaldexubers-1985169615","p1":"XX_1nfinity_XX","p2":"Just B3A$T","format":"[Gen 9] National Dex Ubers","log":"|j|\u2606XX_1nfinity_XX\n|j|\u2606Just B3A$T\n|t:|1699342328\n|gametype|singles\n|player|p1|XX_1nfinity_XX|steven|\n|player|p2|Just B3A$T|bruno|\n|teamsize|p1|6\n|teamsize|p2|6\n|gen|9\n|tier|[Gen 9] National Dex Ubers\n|rule|HP Percentage Mod: HP is shown in percentages\n|rule|Endless Battle Clause: Forcing endless battles is banned\n|rule|OHKO Clause: OHKO moves are banned\n|rule|Evasion Moves Clause: Evasion moves are banned\n|rule|Evasion Items Clause: Evasion items are banned\n|rule|Species Clause: Limit one of each Pok\u00e9mon\n|rule|Sleep Clause Mod: Limit one foe put to sleep\n|rule|Mega Rayquaza Clause: You cannot mega evolve Rayquaza\n|clearpoke\n|poke|p1|Flutter Mane|\n|poke|p1|Skeledirge, F|\n|poke|p1|Golurk|\n|poke|p1|Corsola-Galar, F|\n|poke|p1|Sableye, M|\n|poke|p1|Mandibuzz, F|\n|poke|p2|Iron Valiant|\n|poke|p2|Gholdengo|\n|poke|p2|Sableye, M|\n|poke|p2|Conkeldurr, M|\n|poke|p2|Zapdos|\n|poke|p2|Toxapex, F|\n|teampreview\n|inactive|Battle timer is ON: inactive players will automatically lose when time's up. (requested by XX_1nfinity_XX)\n|inactive|Just B3A$T also wants the timer to be on.\n|c|\u2606Just B3A$T|time to pummel you into pudding!\n|\n|t:|1699342355\n|start\n|switch|p1a: Corsola|Corsola-Galar, F|100\/100\n|switch|p2a: bolt beak!!!|Zapdos|100\/100\n|turn|1\n|\n|t:|1699342364\n|move|p2a: bolt beak!!!|Hurricane|p1a: Corsola|[miss]\n|-miss|p2a: bolt beak!!!|p1a: Corsola\n|move|p1a: Corsola|Will-O-Wisp|p2a: bolt beak!!!\n|-status|p2a: bolt beak!!!|brn\n|\n|-damage|p2a: bolt beak!!!|94\/100 brn|[from] brn\n|upkeep\n|turn|2\n|j| theironpikachu\n|\n|t:|1699342367\n|move|p2a: bolt beak!!!|Hurricane|p1a: Corsola\n|-damage|p1a: Corsola|75\/100\n|move|p1a: Corsola|Night Shade|p2a: bolt beak!!!\n|-damage|p2a: bolt beak!!!|68\/100 brn\n|\n|-damage|p2a: bolt beak!!!|62\/100 brn|[from] brn\n|upkeep\n|turn|3\n|\n|t:|1699342371\n|move|p2a: bolt beak!!!|U-turn|p1a: Corsola\n|-resisted|p1a: Corsola\n|-damage|p1a: Corsola|73\/100\n|-start|p2a: bolt beak!!!|Disable|U-turn|[from] ability: Cursed Body|[of] p1a: Corsola\n|\n|t:|1699342373\n|switch|p2a: pest|Toxapex, F|100\/100|[from] U-turn\n|move|p1a: Corsola|Strength Sap|p2a: pest\n|-unboost|p2a: pest|atk|1\n|-heal|p1a: Corsola|100\/100\n|\n|upkeep\n|turn|4\n|\n|t:|1699342381\n|move|p2a: pest|Knock Off|p1a: Corsola\n|-supereffective|p1a: Corsola\n|-damage|p1a: Corsola|84\/100\n|-enditem|p1a: Corsola|Eviolite|[from] move: Knock Off|[of] p2a: pest\n|move|p1a: Corsola|Will-O-Wisp|p2a: pest\n|-status|p2a: pest|brn\n|\n|-damage|p2a: pest|94\/100 brn|[from] brn\n|upkeep\n|turn|5\n|\n|t:|1699342385\n|move|p2a: pest|Toxic|p1a: Corsola\n|-status|p1a: Corsola|tox\n|move|p1a: Corsola|Night Shade|p2a: pest\n|-damage|p2a: pest|61\/100 brn\n|\n|-heal|p2a: pest|68\/100 brn|[from] item: Black Sludge\n|-damage|p1a: Corsola|78\/100 tox|[from] psn\n|-damage|p2a: pest|61\/100 brn|[from] brn\n|upkeep\n|turn|6\n|c|\u2606XX_1nfinity_XX|rude\n|\n|t:|1699342390\n|switch|p1a: Sableye|Sableye, M|100\/100\n|move|p2a: pest|Recover|p2a: pest\n|-heal|p2a: pest|100\/100 brn\n|\n|-damage|p2a: pest|94\/100 brn|[from] brn\n|upkeep\n|turn|7\n|c|\u2606Just B3A$T|no\n|\n|t:|1699342395\n|detailschange|p1a: Sableye|Sableye-Mega, M\n|-mega|p1a: Sableye|Sableye|Sablenite\n|move|p2a: pest|Scald|p1a: Sableye\n|-damage|p1a: Sableye|90\/100\n|move|p1a: Sableye|Knock Off|p2a: pest\n|-damage|p2a: pest|75\/100 brn\n|-enditem|p2a: pest|Black Sludge|[from] move: Knock Off|[of] p1a: Sableye\n|\n|-damage|p2a: pest|69\/100 brn|[from] brn\n|upkeep\n|turn|8\n|\n|t:|1699342403\n|switch|p1a: Corsola|Corsola-Galar, F|78\/100 tox\n|move|p2a: pest|Scald|p1a: Corsola\n|-damage|p1a: Corsola|67\/100 tox\n|\n|-damage|p1a: Corsola|61\/100 tox|[from] psn\n|-damage|p2a: pest|63\/100 brn|[from] brn\n|upkeep\n|turn|9\n|\n|t:|1699342406\n|move|p2a: pest|Recover|p2a: pest\n|-heal|p2a: pest|100\/100 brn\n|move|p1a: Corsola|Night Shade|p2a: pest\n|-damage|p2a: pest|68\/100 brn\n|\n|-damage|p1a: Corsola|49\/100 tox|[from] psn\n|-damage|p2a: pest|61\/100 brn|[from] brn\n|upkeep\n|turn|10\n|\n|t:|1699342409\n|move|p2a: pest|Recover|p2a: pest\n|-heal|p2a: pest|100\/100 brn\n|move|p1a: Corsola|Strength Sap|p2a: pest\n|-unboost|p2a: pest|atk|1\n|-heal|p1a: Corsola|82\/100 tox\n|\n|-damage|p1a: Corsola|63\/100 tox|[from] psn\n|-damage|p2a: pest|94\/100 brn|[from] brn\n|upkeep\n|turn|11\n|\n|t:|1699342412\n|move|p2a: pest|Scald|p1a: Corsola\n|-damage|p1a: Corsola|51\/100 tox\n|move|p1a: Corsola|Night Shade|p2a: pest\n|-damage|p2a: pest|61\/100 brn\n|\n|-damage|p1a: Corsola|27\/100 tox|[from] psn\n|-damage|p2a: pest|55\/100 brn|[from] brn\n|upkeep\n|turn|12\n|\n|t:|1699342415\n|move|p2a: pest|Recover|p2a: pest\n|-heal|p2a: pest|100\/100 brn\n|move|p1a: Corsola|Strength Sap|p2a: pest\n|-unboost|p2a: pest|atk|1\n|-heal|p1a: Corsola|52\/100 tox\n|\n|-damage|p1a: Corsola|21\/100 tox|[from] psn\n|-damage|p2a: pest|94\/100 brn|[from] brn\n|upkeep\n|turn|13\n|\n|t:|1699342419\n|switch|p2a: bolt beak!!!|Zapdos|62\/100 brn\n|move|p1a: Corsola|Strength Sap|p2a: bolt beak!!!\n|-unboost|p2a: bolt beak!!!|atk|1\n|-heal|p1a: Corsola|81\/100 tox\n|\n|-damage|p1a: Corsola|44\/100 tox|[from] psn\n|-damage|p2a: bolt beak!!!|56\/100 brn|[from] brn\n|upkeep\n|turn|14\n|\n|t:|1699342421\n|move|p2a: bolt beak!!!|Roost|p2a: bolt beak!!!\n|-heal|p2a: bolt beak!!!|100\/100 brn\n|-singleturn|p2a: bolt beak!!!|move: Roost\n|move|p1a: Corsola|Night Shade|p2a: bolt beak!!!\n|-damage|p2a: bolt beak!!!|74\/100 brn\n|\n|-damage|p1a: Corsola|0 fnt|[from] psn\n|faint|p1a: Corsola\n|-damage|p2a: bolt beak!!!|68\/100 brn|[from] brn\n|upkeep\n|c| theironpikachu|infinity i thought u were fighting type wtf\n|c|\u2606Just B3A$T|he was\n|c|\u2606Just B3A$T|then he swapped to ghost a while back\n|c| theironpikachu|i see\n|\n|t:|1699342449\n|switch|p1a: Golurk|Golurk|100\/100\n|turn|15\n|c|\u2606Just B3A$T|as a former ghost leader i expected more\n|c|\u2606Just B3A$T|ho\n|\n|t:|1699342461\n|move|p2a: bolt beak!!!|Hurricane|p1a: Golurk\n|-damage|p1a: Golurk|32\/100\n|move|p1a: Golurk|Rock Polish|p1a: Golurk\n|-boost|p1a: Golurk|spe|2\n|\n|-heal|p1a: Golurk|38\/100|[from] item: Leftovers\n|-damage|p2a: bolt beak!!!|62\/100 brn|[from] brn\n|upkeep\n|turn|16\n|c| theironpikachu|stall moment\n|\n|t:|1699342469\n|switch|p2a: pest|Toxapex, F|100\/100 brn\n|move|p1a: Golurk|Stone Edge|p2a: pest\n|-damage|p2a: pest|77\/100 brn\n|\n|-heal|p1a: Golurk|44\/100|[from] item: Leftovers\n|-damage|p2a: pest|71\/100 brn|[from] brn\n|upkeep\n|turn|17\n|c|\u2606Just B3A$T|what's your restriction\n|c|\u2606XX_1nfinity_XX|be confused\n|c|\u2606XX_1nfinity_XX|none\n|inactive|Just B3A$T has 270 seconds left.\n|c|\u2606Just B3A$T|!dt golurk\n|raw|<div class=\"message\"><ul class=\"utilichart\"><li class=\"result\"><span class=\"col numcol\">RU<\/span> <span class=\"col iconcol\"><psicon pokemon=\"golurk\"\/><\/span> <span class=\"col pokemonnamecol\" style=\"white-space:nowrap\"><a href=\"https:\/\/dex.pokemonshowdown.com\/pokemon\/golurk\" target=\"_blank\">Golurk<\/a><\/span> <span class=\"col typecol\"><img src=\"https:\/\/play.pokemonshowdown.com\/sprites\/types\/Ground.png\" alt=\"Ground\" height=\"14\" width=\"32\"><img src=\"https:\/\/play.pokemonshowdown.com\/sprites\/types\/Ghost.png\" alt=\"Ghost\" height=\"14\" width=\"32\"><\/span> <span style=\"float:left;min-height:26px\"><span class=\"col twoabilitycol\">Iron Fist<br \/>Klutz<\/span><span class=\"col abilitycol\"><em>No Guard<\/em><\/span><\/span><span style=\"float:left;min-height:26px\"><span class=\"col statcol\"><em>HP<\/em><br \/>89<\/span> <span class=\"col statcol\"><em>Atk<\/em><br \/>124<\/span> <span class=\"col statcol\"><em>Def<\/em><br \/>80<\/span> <span class=\"col statcol\"><em>SpA<\/em><br \/>55<\/span> <span class=\"col statcol\"><em>SpD<\/em><br \/>80<\/span> <span class=\"col statcol\"><em>Spe<\/em><br \/>55<\/span> <span class=\"col bstcol\"><em>BST<br \/>483<\/em><\/span> <\/span><\/li><li style=\"clear:both\"><\/li><\/ul><\/div>\n|raw|<font size=\"1\"><font color=\"#686868\">Dex#:<\/font> 623&nbsp;|&ThickSpace;<font color=\"#686868\">Gen:<\/font> 5&nbsp;|&ThickSpace;<font color=\"#686868\">Height:<\/font> 2.8 m&nbsp;|&ThickSpace;<font color=\"#686868\">Weight:<\/font> 330 kg <em>(120 BP)<\/em>&nbsp;|&ThickSpace;<font color=\"#686868\">Dex Colour:<\/font> Green&nbsp;|&ThickSpace;<font color=\"#686868\">Egg Group(s):<\/font> Mineral&nbsp;|&ThickSpace;<font color=\"#686868\">Pre-Evolution:<\/font> Golett&nbsp;|&ThickSpace;<font color=\"#686868\">Does Not Evolve<\/font><\/font>\n\n|c|\u2606Just B3A$T|right\n|\n|t:|1699342516\n|move|p1a: Golurk|Dynamic Punch|p2a: pest\n|-resisted|p2a: pest\n|-damage|p2a: pest|60\/100 brn\n|-start|p2a: pest|confusion\n|-activate|p2a: pest|confusion\n|move|p2a: pest|Scald|p1a: Golurk\n|-supereffective|p1a: Golurk\n|-crit|p1a: Golurk\n|-damage|p1a: Golurk|0 fnt\n|faint|p1a: Golurk\n|\n|-damage|p2a: pest|53\/100 brn|[from] brn\n|upkeep\n|\n|t:|1699342524\n|switch|p1a: Flutter Mane|Flutter Mane|100\/100\n|turn|18\n|\n|t:|1699342547\n|move|p1a: Flutter Mane|Substitute|p1a: Flutter Mane\n|-start|p1a: Flutter Mane|Substitute\n|-damage|p1a: Flutter Mane|76\/100\n|-end|p2a: pest|confusion\n|move|p2a: pest|Knock Off|p1a: Flutter Mane\n|-activate|p1a: Flutter Mane|move: Substitute|[damage]\n|\n|-damage|p2a: pest|47\/100 brn|[from] brn\n|upkeep\n|turn|19\n|\n|t:|1699342551\n|move|p1a: Flutter Mane|Thunderbolt|p2a: pest\n|-supereffective|p2a: pest\n|-damage|p2a: pest|0 fnt\n|faint|p2a: pest\n|\n|upkeep\n|c| theironpikachu|honestly if u make corsola hazard setter then replace golurk for a spikes setter its a p solid mono ghost stall team\n|\n|t:|1699342555\n|switch|p2a: Fear|Sableye, M|100\/100\n|turn|20\n|\n|t:|1699342560\n|detailschange|p2a: Fear|Sableye-Mega, M\n|-mega|p2a: Fear|Sableye|Sablenite\n|-zpower|p1a: Flutter Mane\n|move|p1a: Flutter Mane|Twinkle Tackle|p2a: Fear|[zeffect]\n|-supereffective|p2a: Fear\n|-damage|p2a: Fear|0 fnt\n|faint|p2a: Fear\n|\n|upkeep\n|c|\u2606Just B3A$T|pain\n|\n|t:|1699342569\n|switch|p2a: bolt beak!!!|Zapdos|62\/100 brn\n|turn|21\n|\n|t:|1699342574\n|move|p1a: Flutter Mane|Moonblast|p2a: bolt beak!!!\n|-damage|p2a: bolt beak!!!|20\/100 brn\n|-unboost|p2a: bolt beak!!!|spa|1\n|move|p2a: bolt beak!!!|Thunderbolt|p1a: Flutter Mane\n|-end|p1a: Flutter Mane|Substitute\n|\n|-damage|p2a: bolt beak!!!|13\/100 brn|[from] brn\n|upkeep\n|turn|22\n|\n|t:|1699342579\n|move|p1a: Flutter Mane|Substitute|p1a: Flutter Mane\n|-start|p1a: Flutter Mane|Substitute\n|-damage|p1a: Flutter Mane|51\/100\n|move|p2a: bolt beak!!!|Thunderbolt|p1a: Flutter Mane\n|-end|p1a: Flutter Mane|Substitute\n|\n|-damage|p2a: bolt beak!!!|7\/100 brn|[from] brn\n|upkeep\n|turn|23\n|\n|t:|1699342583\n|move|p1a: Flutter Mane|Moonblast|p2a: bolt beak!!!\n|-damage|p2a: bolt beak!!!|0 fnt\n|faint|p2a: bolt beak!!!\n|\n|upkeep\n|\n|t:|1699342589\n|switch|p2a: Iron Pride Icon|Iron Valiant, shiny|100\/100\n|-enditem|p2a: Iron Pride Icon|Booster Energy\n|-activate|p2a: Iron Pride Icon|ability: Quark Drive|[fromitem]\n|-start|p2a: Iron Pride Icon|quarkdrivespe\n|turn|24\n|\n|t:|1699342593\n|-end|p1a: Flutter Mane|Protosynthesis|[silent]\n|switch|p1a: Sableye|Sableye-Mega, M|90\/100\n|move|p2a: Iron Pride Icon|Shadow Claw|p1a: Sableye\n|-damage|p1a: Sableye|69\/100\n|\n|upkeep\n|turn|25\n|\n|t:|1699342597\n|move|p2a: Iron Pride Icon|Moonblast|p1a: Sableye\n|-supereffective|p1a: Sableye\n|-damage|p1a: Sableye|5\/100\n|move|p1a: Sableye|Will-O-Wisp|p2a: Iron Pride Icon\n|-status|p2a: Iron Pride Icon|brn\n|\n|-damage|p2a: Iron Pride Icon|94\/100 brn|[from] brn\n|upkeep\n|turn|26\n|\n|t:|1699342601\n|move|p2a: Iron Pride Icon|Moonblast|p1a: Sableye\n|-supereffective|p1a: Sableye\n|-damage|p1a: Sableye|0 fnt\n|faint|p1a: Sableye\n|\n|-damage|p2a: Iron Pride Icon|88\/100 brn|[from] brn\n|upkeep\n|\n|t:|1699342603\n|switch|p1a: Skeledirge|Skeledirge, F|100\/100\n|turn|27\n|\n|t:|1699342609\n|-end|p2a: Iron Pride Icon|Quark Drive|[silent]\n|switch|p2a: Test Your Might!|Conkeldurr, M|100\/100\n|-terastallize|p1a: Skeledirge|Fairy\n|move|p1a: Skeledirge|Torch Song|p2a: Test Your Might!\n|-damage|p2a: Test Your Might!|77\/100\n|-boost|p1a: Skeledirge|spa|1\n|\n|upkeep\n|turn|28\n|\n|t:|1699342617\n|move|p1a: Skeledirge|Torch Song|p2a: Test Your Might!\n|-damage|p2a: Test Your Might!|41\/100\n|-boost|p1a: Skeledirge|spa|1\n|move|p2a: Test Your Might!|Knock Off|p1a: Skeledirge\n|-resisted|p1a: Skeledirge\n|-damage|p1a: Skeledirge|84\/100\n|-enditem|p1a: Skeledirge|Heavy-Duty Boots|[from] move: Knock Off|[of] p2a: Test Your Might!\n|\n|upkeep\n|turn|29\n|\n|t:|1699342623\n|move|p1a: Skeledirge|Torch Song|p2a: Test Your Might!\n|-damage|p2a: Test Your Might!|0 fnt\n|-boost|p1a: Skeledirge|spa|1\n|faint|p2a: Test Your Might!\n|\n|upkeep\n|c|\u2606Just B3A$T|whoops\n|\n|t:|1699342632\n|switch|p2a: Profit!|Gholdengo|100\/100\n|-item|p2a: Profit!|Air Balloon\n|turn|30\n|\n|t:|1699342634\n|switch|p1a: Mandibuzz|Mandibuzz, F|100\/100\n|move|p2a: Profit!|Make It Rain|p1a: Mandibuzz\n|-crit|p1a: Mandibuzz\n|-damage|p1a: Mandibuzz|15\/100\n|-unboost|p2a: Profit!|spa|1\n|\n|upkeep\n|turn|31\n|c|\u2606XX_1nfinity_XX|man\n|\n|t:|1699342641\n|switch|p2a: Iron Pride Icon|Iron Valiant, shiny|88\/100 brn\n|move|p1a: Mandibuzz|Roost|p1a: Mandibuzz\n|-heal|p1a: Mandibuzz|65\/100\n|-singleturn|p1a: Mandibuzz|move: Roost\n|\n|-damage|p2a: Iron Pride Icon|82\/100 brn|[from] brn\n|upkeep\n|turn|32\n|c|\u2606XX_1nfinity_XX|what?\n|\n|t:|1699342647\n|switch|p1a: Skeledirge|Skeledirge, F, tera:Fairy|84\/100\n|move|p2a: Iron Pride Icon|Swords Dance|p2a: Iron Pride Icon\n|-boost|p2a: Iron Pride Icon|atk|2\n|\n|-damage|p2a: Iron Pride Icon|76\/100 brn|[from] brn\n|upkeep\n|turn|33\n|\n|t:|1699342659\n|move|p2a: Iron Pride Icon|Moonblast|p1a: Skeledirge\n|-damage|p1a: Skeledirge|54\/100\n|move|p1a: Skeledirge|Hex|p2a: Iron Pride Icon\n|-damage|p2a: Iron Pride Icon|0 fnt\n|faint|p2a: Iron Pride Icon\n|-end|p2a: Iron Pride Icon|Quark Drive|[silent]\n|\n|upkeep\n|\n|t:|1699342662\n|switch|p2a: Profit!|Gholdengo|100\/100\n|-item|p2a: Profit!|Air Balloon\n|turn|34\n|\n|t:|1699342665\n|move|p2a: Profit!|Nasty Plot|p2a: Profit!\n|-boost|p2a: Profit!|spa|2\n|move|p1a: Skeledirge|Torch Song|p2a: Profit!\n|-supereffective|p2a: Profit!\n|-damage|p2a: Profit!|43\/100\n|-boost|p1a: Skeledirge|spa|1\n|-enditem|p2a: Profit!|Air Balloon\n|\n|upkeep\n|turn|35\n|c|\u2606XX_1nfinity_XX|lol\n|\n|t:|1699342670\n|move|p2a: Profit!|Make It Rain|p1a: Skeledirge\n|-supereffective|p1a: Skeledirge\n|-damage|p1a: Skeledirge|0 fnt\n|-unboost|p2a: Profit!|spa|1\n|faint|p1a: Skeledirge\n|\n|upkeep\n|\n|t:|1699342674\n|switch|p1a: Flutter Mane|Flutter Mane|51\/100\n|turn|36\n|c|\u2606Just B3A$T|pain\n|\n|t:|1699342677\n|-terastallize|p2a: Profit!|Fighting\n|move|p1a: Flutter Mane|Substitute|p1a: Flutter Mane\n|-start|p1a: Flutter Mane|Substitute\n|-damage|p1a: Flutter Mane|26\/100\n|move|p2a: Profit!|Recover|p2a: Profit!\n|-heal|p2a: Profit!|93\/100\n|\n|upkeep\n|turn|37\n|\n|t:|1699342681\n|move|p1a: Flutter Mane|Moonblast|p2a: Profit!\n|-supereffective|p2a: Profit!\n|-damage|p2a: Profit!|0 fnt\n|faint|p2a: Profit!\n|\n|win|XX_1nfinity_XX\n|c|\u2606Just B3A$T|gg\n","uploadtime":1699342687,"views":6,"p1id":"xx1nfinityxx","p2id":"justb3at","formatid":"gen9nationaldexubers","rating":0,"private":0,"password":""}