{"id":"gen9nationaldexubers-1997541700","p1":"sheeps are u","p2":"tempestissimo86","format":"[Gen 9] National Dex Ubers","log":"|j|\u2606sheeps are u\n|j|\u2606tempestissimo86\n|t:|1700822725\n|gametype|singles\n|player|p1|sheeps are u|101|1189\n|player|p2|tempestissimo86|2|1214\n|teamsize|p1|6\n|teamsize|p2|6\n|gen|9\n|tier|[Gen 9] National Dex Ubers\n|rated|\n|rule|HP Percentage Mod: HP is shown in percentages\n|rule|Endless Battle Clause: Forcing endless battles is banned\n|rule|OHKO Clause: OHKO moves are banned\n|rule|Evasion Moves Clause: Evasion moves are banned\n|rule|Evasion Items Clause: Evasion items are banned\n|rule|Species Clause: Limit one of each Pok\u00e9mon\n|rule|Sleep Clause Mod: Limit one foe put to sleep\n|rule|Mega Rayquaza Clause: You cannot mega evolve Rayquaza\n|clearpoke\n|poke|p1|Dragonite, F|\n|poke|p1|Sylveon, F|\n|poke|p1|Salamence, F|\n|poke|p1|Gholdengo|\n|poke|p1|Ursaluna-Bloodmoon, M|\n|poke|p1|Corsola-Galar, M|\n|poke|p2|Arceus|\n|poke|p2|Marshadow|\n|poke|p2|Groudon|\n|poke|p2|Necrozma-Dusk-Mane|\n|poke|p2|Kyogre|\n|poke|p2|Yveltal|\n|teampreview\n|inactive|Battle timer is ON: inactive players will automatically lose when time's up. (requested by tempestissimo86)\n|\n|t:|1700822754\n|start\n|switch|p1a: idk man|Ursaluna-Bloodmoon, M|100\/100\n|switch|p2a: Groudon|Groudon|100\/100\n|detailschange|p2a: Groudon|Groudon-Primal\n|-primal|p2a: Groudon|Red Orb\n|-weather|DesolateLand|[from] ability: Desolate Land|[of] p2a: Groudon\n|turn|1\n|\n|t:|1700822778\n|-weather|none\n|switch|p2a: Yveltal|Yveltal|100\/100\n|-ability|p2a: Yveltal|Dark Aura\n|move|p1a: idk man|Earth Power|p2a: Yveltal\n|-immune|p2a: Yveltal\n|\n|upkeep\n|turn|2\n|\n|t:|1700822786\n|move|p2a: Yveltal|Knock Off|p1a: idk man\n|-damage|p1a: idk man|63\/100\n|-enditem|p1a: idk man|Assault Vest|[from] move: Knock Off|[of] p2a: Yveltal\n|move|p1a: idk man|Blood Moon|p2a: Yveltal\n|-damage|p2a: Yveltal|56\/100\n|\n|upkeep\n|turn|3\n|\n|t:|1700822795\n|move|p2a: Yveltal|Roost|p2a: Yveltal\n|-heal|p2a: Yveltal|100\/100\n|-singleturn|p2a: Yveltal|move: Roost\n|move|p1a: idk man|Moonblast|p2a: Yveltal\n|-supereffective|p2a: Yveltal\n|-damage|p2a: Yveltal|58\/100\n|\n|upkeep\n|turn|4\n|\n|t:|1700822803\n|move|p2a: Yveltal|U-turn|p1a: idk man\n|-damage|p1a: idk man|49\/100\n|\n|t:|1700822821\n|switch|p2a: Arceus|Arceus|100\/100|[from] U-turn\n|move|p1a: idk man|Blood Moon|p2a: Arceus\n|-damage|p2a: Arceus|51\/100\n|\n|-heal|p2a: Arceus|58\/100|[from] item: Leftovers\n|upkeep\n|turn|5\n|\n|t:|1700822833\n|move|p2a: Arceus|Bulk Up|p2a: Arceus\n|-boost|p2a: Arceus|atk|1\n|-boost|p2a: Arceus|def|1\n|move|p1a: idk man|Focus Blast|p2a: Arceus\n|-supereffective|p2a: Arceus\n|-damage|p2a: Arceus|0 fnt\n|faint|p2a: Arceus\n|\n|upkeep\n|\n|t:|1700822843\n|switch|p2a: Kyogre|Kyogre|100\/100\n|-weather|RainDance|[from] ability: Drizzle|[of] p2a: Kyogre\n|turn|6\n|\n|t:|1700822852\n|move|p2a: Kyogre|Water Spout|p1a: idk man\n|-supereffective|p1a: idk man\n|-damage|p1a: idk man|0 fnt\n|faint|p1a: idk man\n|\n|-weather|RainDance|[upkeep]\n|upkeep\n|\n|t:|1700822867\n|switch|p1a: tail attack!!|Dragonite, F|100\/100\n|turn|7\n|inactive|tempestissimo86 has 120 seconds left.\n|\n|t:|1700822912\n|switch|p2a: Necrozma|Necrozma-Dusk-Mane|100\/100\n|-terastallize|p1a: tail attack!!|Normal\n|move|p1a: tail attack!!|Extreme Speed|p2a: Necrozma\n|-resisted|p2a: Necrozma\n|-damage|p2a: Necrozma|78\/100\n|\n|-weather|RainDance|[upkeep]\n|-heal|p2a: Necrozma|84\/100|[from] item: Leftovers\n|upkeep\n|turn|8\n|\n|t:|1700822929\n|switch|p1a: waller baller|Corsola-Galar, M|100\/100\n|move|p2a: Necrozma|Dragon Dance|p2a: Necrozma\n|-boost|p2a: Necrozma|atk|1\n|-boost|p2a: Necrozma|spe|1\n|\n|-weather|RainDance|[upkeep]\n|-heal|p2a: Necrozma|90\/100|[from] item: Leftovers\n|upkeep\n|turn|9\n|\n|t:|1700822938\n|move|p2a: Necrozma|Sunsteel Strike|p1a: waller baller\n|-damage|p1a: waller baller|43\/100\n|-start|p2a: Necrozma|Disable|Sunsteel Strike|[from] ability: Cursed Body|[of] p1a: waller baller\n|move|p1a: waller baller|Will-O-Wisp|p2a: Necrozma\n|-status|p2a: Necrozma|brn\n|\n|-weather|RainDance|[upkeep]\n|-heal|p2a: Necrozma|96\/100 brn|[from] item: Leftovers\n|-damage|p2a: Necrozma|90\/100 brn|[from] brn\n|upkeep\n|turn|10\n|\n|t:|1700822949\n|move|p2a: Necrozma|Dragon Dance|p2a: Necrozma\n|-boost|p2a: Necrozma|atk|1\n|-boost|p2a: Necrozma|spe|1\n|move|p1a: waller baller|Strength Sap|p2a: Necrozma\n|-unboost|p2a: Necrozma|atk|1\n|-heal|p1a: waller baller|100\/100\n|\n|-weather|none\n|-heal|p2a: Necrozma|96\/100 brn|[from] item: Leftovers\n|-damage|p2a: Necrozma|90\/100 brn|[from] brn\n|upkeep\n|turn|11\n|\n|t:|1700822960\n|switch|p2a: Kyogre|Kyogre|100\/100\n|-weather|RainDance|[from] ability: Drizzle|[of] p2a: Kyogre\n|move|p1a: waller baller|Confuse Ray|p2a: Kyogre\n|-start|p2a: Kyogre|confusion\n|\n|-weather|RainDance|[upkeep]\n|upkeep\n|turn|12\n|\n|t:|1700822969\n|-activate|p2a: Kyogre|confusion\n|move|p2a: Kyogre|Water Spout|p1a: waller baller\n|-damage|p1a: waller baller|25\/100\n|-start|p2a: Kyogre|Disable|Water Spout|[from] ability: Cursed Body|[of] p1a: waller baller\n|move|p1a: waller baller|Night Shade|p2a: Kyogre\n|-damage|p2a: Kyogre|71\/100\n|\n|-weather|RainDance|[upkeep]\n|upkeep\n|turn|13\n|\n|t:|1700822982\n|switch|p2a: Groudon|Groudon-Primal|100\/100\n|-weather|DesolateLand|[from] ability: Desolate Land|[of] p2a: Groudon\n|move|p1a: waller baller|Strength Sap|p2a: Groudon\n|-unboost|p2a: Groudon|atk|1\n|-heal|p1a: waller baller|100\/100\n|\n|-weather|DesolateLand|[upkeep]\n|upkeep\n|turn|14\n|\n|t:|1700822991\n|move|p2a: Groudon|Stealth Rock|p1a: waller baller\n|-sidestart|p1: sheeps are u|move: Stealth Rock\n|move|p1a: waller baller|Night Shade|p2a: Groudon\n|-damage|p2a: Groudon|74\/100\n|\n|-weather|DesolateLand|[upkeep]\n|upkeep\n|turn|15\n|inactive|tempestissimo86 has 120 seconds left.\n|\n|t:|1700822998\n|move|p1a: waller baller|Confuse Ray|p2a: Groudon\n|-start|p2a: Groudon|confusion\n|-activate|p2a: Groudon|confusion\n|-damage|p2a: Groudon|68\/100|[from] confusion\n|\n|-weather|DesolateLand|[upkeep]\n|upkeep\n|turn|16\n|\n|t:|1700823008\n|-activate|p2a: Groudon|confusion\n|-damage|p2a: Groudon|61\/100|[from] confusion\n|move|p1a: waller baller|Night Shade|p2a: Groudon\n|-damage|p2a: Groudon|35\/100\n|\n|-weather|DesolateLand|[upkeep]\n|upkeep\n|turn|17\n|\n|t:|1700823013\n|-activate|p2a: Groudon|confusion\n|move|p2a: Groudon|Overheat|p1a: waller baller\n|-damage|p1a: waller baller|44\/100\n|-unboost|p2a: Groudon|spa|2\n|-start|p2a: Groudon|Disable|Overheat|[from] ability: Cursed Body|[of] p1a: waller baller\n|move|p1a: waller baller|Night Shade|p2a: Groudon\n|-damage|p2a: Groudon|9\/100\n|\n|-weather|DesolateLand|[upkeep]\n|upkeep\n|turn|18\n|\n|t:|1700823024\n|-activate|p2a: Groudon|confusion\n|-damage|p2a: Groudon|3\/100|[from] confusion\n|move|p1a: waller baller|Strength Sap|p2a: Groudon\n|-unboost|p2a: Groudon|atk|1\n|-heal|p1a: waller baller|100\/100\n|\n|-weather|DesolateLand|[upkeep]\n|upkeep\n|turn|19\n|\n|t:|1700823032\n|-end|p2a: Groudon|confusion\n|move|p2a: Groudon|Precipice Blades|p1a: waller baller\n|-damage|p1a: waller baller|75\/100\n|move|p1a: waller baller|Night Shade|p2a: Groudon\n|-damage|p2a: Groudon|0 fnt\n|faint|p2a: Groudon\n|-weather|none\n|\n|upkeep\n|inactive|tempestissimo86 has 120 seconds left.\n|\n|t:|1700823065\n|switch|p2a: Necrozma|Necrozma-Dusk-Mane|90\/100 brn\n|turn|20\n|\n|t:|1700823068\n|move|p2a: Necrozma|Dragon Dance|p2a: Necrozma\n|-boost|p2a: Necrozma|atk|1\n|-boost|p2a: Necrozma|spe|1\n|move|p1a: waller baller|Confuse Ray|p2a: Necrozma\n|-start|p2a: Necrozma|confusion\n|\n|-heal|p2a: Necrozma|96\/100 brn|[from] item: Leftovers\n|-damage|p2a: Necrozma|90\/100 brn|[from] brn\n|upkeep\n|turn|21\n|\n|t:|1700823076\n|-activate|p2a: Necrozma|confusion\n|move|p2a: Necrozma|Dragon Dance|p2a: Necrozma\n|-boost|p2a: Necrozma|atk|1\n|-boost|p2a: Necrozma|spe|1\n|move|p1a: waller baller|Strength Sap|p2a: Necrozma\n|-unboost|p2a: Necrozma|atk|1\n|-heal|p1a: waller baller|100\/100\n|\n|-heal|p2a: Necrozma|96\/100 brn|[from] item: Leftovers\n|-damage|p2a: Necrozma|90\/100 brn|[from] brn\n|upkeep\n|turn|22\n|\n|t:|1700823087\n|-activate|p2a: Necrozma|confusion\n|move|p2a: Necrozma|Dragon Dance|p2a: Necrozma\n|-boost|p2a: Necrozma|atk|1\n|-boost|p2a: Necrozma|spe|1\n|move|p1a: waller baller|Night Shade|p2a: Necrozma\n|-damage|p2a: Necrozma|65\/100 brn\n|\n|-heal|p2a: Necrozma|71\/100 brn|[from] item: Leftovers\n|-damage|p2a: Necrozma|65\/100 brn|[from] brn\n|upkeep\n|turn|23\n|\n|t:|1700823095\n|-end|p2a: Necrozma|confusion\n|move|p2a: Necrozma|Morning Sun|p2a: Necrozma\n|-heal|p2a: Necrozma|100\/100 brn\n|move|p1a: waller baller|Night Shade|p2a: Necrozma\n|-damage|p2a: Necrozma|75\/100 brn\n|\n|-heal|p2a: Necrozma|81\/100 brn|[from] item: Leftovers\n|-damage|p2a: Necrozma|75\/100 brn|[from] brn\n|upkeep\n|turn|24\n|\n|t:|1700823104\n|move|p2a: Necrozma|Dragon Dance|p2a: Necrozma\n|-boost|p2a: Necrozma|atk|1\n|-boost|p2a: Necrozma|spe|1\n|move|p1a: waller baller|Confuse Ray|p2a: Necrozma\n|-start|p2a: Necrozma|confusion\n|\n|-heal|p2a: Necrozma|81\/100 brn|[from] item: Leftovers\n|-damage|p2a: Necrozma|75\/100 brn|[from] brn\n|upkeep\n|turn|25\n|\n|t:|1700823113\n|-activate|p2a: Necrozma|confusion\n|-damage|p2a: Necrozma|48\/100 brn|[from] confusion\n|move|p1a: waller baller|Night Shade|p2a: Necrozma\n|-damage|p2a: Necrozma|23\/100 brn\n|\n|-heal|p2a: Necrozma|29\/100 brn|[from] item: Leftovers\n|-damage|p2a: Necrozma|23\/100 brn|[from] brn\n|upkeep\n|turn|26\n|\n|t:|1700823121\n|-activate|p2a: Necrozma|confusion\n|-damage|p2a: Necrozma|0 fnt|[from] confusion\n|faint|p2a: Necrozma\n|move|p1a: waller baller|Night Shade|p2: Necrozma|[notarget]\n|-fail|p1a: waller baller\n|\n|upkeep\n|\n|t:|1700823128\n|switch|p2a: Yveltal|Yveltal|58\/100\n|-ability|p2a: Yveltal|Dark Aura\n|turn|27\n|\n|t:|1700823133\n|switch|p1a: tail attack!!|Dragonite, F, tera:Normal|100\/100\n|-damage|p1a: tail attack!!|88\/100|[from] Stealth Rock\n|move|p2a: Yveltal|Knock Off|p1a: tail attack!!\n|-damage|p1a: tail attack!!|38\/100\n|-enditem|p1a: tail attack!!|Choice Band|[from] move: Knock Off|[of] p2a: Yveltal\n|\n|upkeep\n|turn|28\n|\n|t:|1700823145\n|switch|p2a: Marshadow|Marshadow|100\/100\n|move|p1a: tail attack!!|Extreme Speed|p2a: Marshadow\n|-immune|p2a: Marshadow\n|\n|upkeep\n|turn|29\n|\n|t:|1700823153\n|switch|p1a: waller baller|Corsola-Galar, M|100\/100\n|-damage|p1a: waller baller|88\/100|[from] Stealth Rock\n|move|p2a: Marshadow|Close Combat|p1a: waller baller\n|-immune|p1a: waller baller\n|\n|upkeep\n|turn|30\n|\n|t:|1700823160\n|switch|p2a: Yveltal|Yveltal|58\/100\n|-ability|p2a: Yveltal|Dark Aura\n|move|p1a: waller baller|Will-O-Wisp|p2a: Yveltal\n|-status|p2a: Yveltal|brn\n|\n|-damage|p2a: Yveltal|52\/100 brn|[from] brn\n|upkeep\n|turn|31\n|\n|t:|1700823168\n|switch|p1a: tail attack!!|Dragonite, F, tera:Normal|38\/100\n|-damage|p1a: tail attack!!|25\/100|[from] Stealth Rock\n|move|p2a: Yveltal|Knock Off|p1a: tail attack!!\n|-damage|p1a: tail attack!!|6\/100\n|\n|-damage|p2a: Yveltal|46\/100 brn|[from] brn\n|upkeep\n|turn|32\n|\n|t:|1700823178\n|move|p2a: Yveltal|Roost|p2a: Yveltal\n|-heal|p2a: Yveltal|96\/100 brn\n|-singleturn|p2a: Yveltal|move: Roost\n|move|p1a: tail attack!!|Roost|p1a: tail attack!!\n|-heal|p1a: tail attack!!|56\/100\n|\n|-damage|p2a: Yveltal|90\/100 brn|[from] brn\n|upkeep\n|turn|33\n|-message|tempestissimo86 forfeited.\n|\n|win|sheeps are u\n|raw|sheeps are u's rating: 1189 &rarr; <strong>1216<\/strong><br \/>(+27 for winning)\n|raw|tempestissimo86's rating: 1214 &rarr; <strong>1187<\/strong><br \/>(-27 for losing)\n|l|\u2606tempestissimo86\n","uploadtime":1700823234,"views":3,"p1id":"sheepsareu","p2id":"tempestissimo86","formatid":"gen9nationaldexubers","rating":1187,"private":0,"password":""}