{"id":"gen9nationaldexubers-1981707210","p1":"pokXD","p2":"XJohnson","format":"[Gen 9] National Dex Ubers","log":"|j|\u2606pokXD\n|j|\u2606XJohnson\n|t:|1698935399\n|gametype|singles\n|player|p1|pokXD|cynthia-gen7|\n|player|p2|XJohnson|mallow|\n|teamsize|p1|6\n|teamsize|p2|6\n|gen|9\n|tier|[Gen 9] National Dex Ubers\n|rule|HP Percentage Mod: HP is shown in percentages\n|rule|Endless Battle Clause: Forcing endless battles is banned\n|rule|OHKO Clause: OHKO moves are banned\n|rule|Evasion Moves Clause: Evasion moves are banned\n|rule|Evasion Items Clause: Evasion items are banned\n|rule|Species Clause: Limit one of each Pok\u00e9mon\n|rule|Sleep Clause Mod: Limit one foe put to sleep\n|rule|Mega Rayquaza Clause: You cannot mega evolve Rayquaza\n|clearpoke\n|poke|p1|Rotom-Wash|\n|poke|p1|Venusaur, M|\n|poke|p1|Garchomp, F|\n|poke|p1|Chandelure, F|\n|poke|p1|Luxray, M|\n|poke|p1|Porygon-Z|\n|poke|p2|Shaymin|\n|poke|p2|Tapu Lele|\n|poke|p2|Iron Leaves|\n|poke|p2|Whimsicott, F|\n|poke|p2|Mewtwo|\n|poke|p2|Garchomp, M|\n|teampreview\n|\n|t:|1698935402\n|start\n|switch|p1a: Fyehead|Chandelure, F|100\/100\n|switch|p2a: Uku Lele|Tapu Lele|100\/100\n|-fieldstart|move: Psychic Terrain|[from] ability: Psychic Surge|[of] p2a: Uku Lele\n|turn|1\n|\n|t:|1698935417\n|move|p1a: Fyehead|Shadow Ball|p2a: Uku Lele\n|-supereffective|p2a: Uku Lele\n|-damage|p2a: Uku Lele|8\/100\n|move|p2a: Uku Lele|Light Screen|p2a: Uku Lele\n|-sidestart|p2: XJohnson|move: Light Screen\n|\n|upkeep\n|turn|2\n|\n|t:|1698935423\n|switch|p2a: Whimsicott|Whimsicott, F, shiny|100\/100\n|move|p1a: Fyehead|Shadow Ball|p2a: Whimsicott\n|-damage|p2a: Whimsicott|69\/100\n|\n|upkeep\n|turn|3\n|\n|t:|1698935472\n|switch|p1a: WtfXD|Porygon-Z|100\/100\n|move|p2a: Whimsicott|U-turn|p1a: WtfXD\n|-damage|p1a: WtfXD|84\/100\n|\n|t:|1698935474\n|switch|p2a: Unite\u2019s best|Mewtwo|100\/100|[from] U-turn\n|-ability|p2a: Unite\u2019s best|Pressure\n|\n|upkeep\n|turn|4\n|\n|t:|1698935482\n|detailschange|p2a: Unite\u2019s best|Mewtwo-Mega-Y\n|-mega|p2a: Unite\u2019s best|Mewtwo|Mewtwonite Y\n|move|p2a: Unite\u2019s best|Substitute|p2a: Unite\u2019s best\n|-start|p2a: Unite\u2019s best|Substitute\n|-damage|p2a: Unite\u2019s best|76\/100\n|move|p1a: WtfXD|Nasty Plot|p1a: WtfXD\n|-boost|p1a: WtfXD|spa|2\n|\n|upkeep\n|turn|5\n|\n|t:|1698935492\n|move|p2a: Unite\u2019s best|Expanding Force|p1a: WtfXD\n|-damage|p1a: WtfXD|0 fnt\n|faint|p1a: WtfXD\n|\n|-sideend|p2: XJohnson|move: Light Screen\n|upkeep\n|\n|t:|1698935503\n|switch|p1a: Get washed|Rotom-Wash|100\/100\n|turn|6\n|c|\u2606XJohnson|Packed\n|\n|t:|1698935512\n|move|p2a: Unite\u2019s best|Expanding Force|p1a: Get washed\n|-damage|p1a: Get washed|11\/100\n|move|p1a: Get washed|Light Screen|p1a: Get washed\n|-sidestart|p1: pokXD|move: Light Screen\n|\n|upkeep\n|turn|7\n|\n|t:|1698935518\n|move|p2a: Unite\u2019s best|Calm Mind|p2a: Unite\u2019s best\n|-boost|p2a: Unite\u2019s best|spa|1\n|-boost|p2a: Unite\u2019s best|spd|1\n|move|p1a: Get washed|Reflect|p1a: Get washed\n|-sidestart|p1: pokXD|Reflect\n|\n|upkeep\n|turn|8\n|\n|t:|1698935528\n|move|p2a: Unite\u2019s best|Calm Mind|p2a: Unite\u2019s best\n|-boost|p2a: Unite\u2019s best|spa|1\n|-boost|p2a: Unite\u2019s best|spd|1\n|move|p1a: Get washed|Volt Switch|p2a: Unite\u2019s best\n|-activate|p2a: Unite\u2019s best|move: Substitute|[damage]\n|\n|t:|1698935537\n|switch|p1a: Peak?|Venusaur, M|100\/100|[from] Volt Switch\n|\n|-fieldend|move: Psychic Terrain\n|upkeep\n|turn|9\n|\n|t:|1698935548\n|detailschange|p1a: Peak?|Venusaur-Mega, M\n|-mega|p1a: Peak?|Venusaur|Venusaurite\n|move|p2a: Unite\u2019s best|Expanding Force|p1a: Peak?\n|-supereffective|p1a: Peak?\n|-damage|p1a: Peak?|25\/100\n|move|p1a: Peak?|Sludge Bomb|p2a: Unite\u2019s best\n|-activate|p2a: Unite\u2019s best|move: Substitute|[damage]\n|\n|upkeep\n|turn|10\n|\n|t:|1698935557\n|move|p2a: Unite\u2019s best|Expanding Force|p1a: Peak?\n|-supereffective|p1a: Peak?\n|-damage|p1a: Peak?|0 fnt\n|faint|p1a: Peak?\n|\n|upkeep\n|\n|t:|1698935564\n|switch|p1a: Fyehead|Chandelure, F|100\/100\n|turn|11\n|\n|t:|1698935570\n|move|p1a: Fyehead|Fire Blast|p2a: Unite\u2019s best\n|-end|p2a: Unite\u2019s best|Substitute\n|move|p2a: Unite\u2019s best|Expanding Force|p1a: Fyehead\n|-damage|p1a: Fyehead|32\/100\n|\n|upkeep\n|turn|12\n|\n|t:|1698935577\n|move|p1a: Fyehead|Fire Blast|p2a: Unite\u2019s best\n|-damage|p2a: Unite\u2019s best|54\/100\n|move|p2a: Unite\u2019s best|Calm Mind|p2a: Unite\u2019s best\n|-boost|p2a: Unite\u2019s best|spa|1\n|-boost|p2a: Unite\u2019s best|spd|1\n|\n|upkeep\n|turn|13\n|\n|t:|1698935584\n|move|p1a: Fyehead|Fire Blast|p2a: Unite\u2019s best\n|-damage|p2a: Unite\u2019s best|36\/100\n|move|p2a: Unite\u2019s best|Calm Mind|p2a: Unite\u2019s best\n|-boost|p2a: Unite\u2019s best|spa|1\n|-boost|p2a: Unite\u2019s best|spd|1\n|\n|-sideend|p1: pokXD|move: Light Screen\n|upkeep\n|turn|14\n|\n|t:|1698935593\n|move|p1a: Fyehead|Fire Blast|p2a: Unite\u2019s best\n|-damage|p2a: Unite\u2019s best|21\/100\n|-status|p2a: Unite\u2019s best|brn\n|move|p2a: Unite\u2019s best|Expanding Force|p1a: Fyehead\n|-damage|p1a: Fyehead|0 fnt\n|faint|p1a: Fyehead\n|\n|-damage|p2a: Unite\u2019s best|15\/100 brn|[from] brn\n|-sideend|p1: pokXD|Reflect\n|upkeep\n|\n|t:|1698935608\n|switch|p1a: Furb8|Luxray, M|100\/100\n|-ability|p1a: Furb8|Intimidate|boost\n|-unboost|p2a: Unite\u2019s best|atk|1\n|turn|15\n|\n|t:|1698935617\n|move|p2a: Unite\u2019s best|Expanding Force|p1a: Furb8\n|-damage|p1a: Furb8|0 fnt\n|faint|p1a: Furb8\n|\n|-damage|p2a: Unite\u2019s best|9\/100 brn|[from] brn\n|upkeep\n|\n|t:|1698935623\n|switch|p1a: Get washed|Rotom-Wash|11\/100\n|turn|16\n|\n|t:|1698935627\n|move|p2a: Unite\u2019s best|Expanding Force|p1a: Get washed\n|-damage|p1a: Get washed|0 fnt\n|faint|p1a: Get washed\n|\n|-damage|p2a: Unite\u2019s best|3\/100 brn|[from] brn\n|upkeep\n|\n|t:|1698935634\n|switch|p1a: Fraudchomp|Garchomp, F|100\/100\n|turn|17\n|\n|t:|1698935638\n|move|p2a: Unite\u2019s best|Expanding Force|p1a: Fraudchomp\n|-damage|p1a: Fraudchomp|0 fnt\n|faint|p1a: Fraudchomp\n|\n|win|XJohnson\n|l|\u2606pokXD\n|l|\u2606XJohnson\n|j|\u2606XJohnson\n|player|p2|XJohnson|mallow\n","uploadtime":1698935660,"views":9,"p1id":"pokxd","p2id":"xjohnson","formatid":"gen9nationaldexubers","rating":0,"private":0,"password":""}