{"id":"gen9nationaldexubers-1998033044","p1":"Flygonsweeper365","p2":"Hadesofender","format":"[Gen 9] National Dex Ubers","log":"|j|\u2606Flygonsweeper365\n|j|\u2606Hadesofender\n|t:|1700881501\n|gametype|singles\n|player|p1|Flygonsweeper365|riley|\n|player|p2|Hadesofender|nanu|\n|teamsize|p1|6\n|teamsize|p2|6\n|gen|9\n|tier|[Gen 9] National Dex Ubers\n|rule|HP Percentage Mod: HP is shown in percentages\n|rule|Endless Battle Clause: Forcing endless battles is banned\n|rule|OHKO Clause: OHKO moves are banned\n|rule|Evasion Moves Clause: Evasion moves are banned\n|rule|Evasion Items Clause: Evasion items are banned\n|rule|Species Clause: Limit one of each Pok\u00e9mon\n|rule|Sleep Clause Mod: Limit one foe put to sleep\n|rule|Mega Rayquaza Clause: You cannot mega evolve Rayquaza\n|clearpoke\n|poke|p1|Sandy Shocks|\n|poke|p1|Enamorus, F|\n|poke|p1|Primeape, M|\n|poke|p1|Banette, F|\n|poke|p1|Kingambit, M|\n|poke|p1|Ogerpon-Wellspring, F|\n|poke|p2|Iron Valiant|\n|poke|p2|Zapdos|\n|poke|p2|Torterra, F|\n|poke|p2|Bronzong|\n|poke|p2|Regirock|\n|poke|p2|Leafeon, M|\n|teampreview\n|c|\u2606Hadesofender|hf\n|c|\u2606Flygonsweeper365|hf\n|\n|t:|1700881591\n|start\n|switch|p1a: Poppy|Banette, F|100\/100\n|switch|p2a: Torterra|Torterra, F|100\/100\n|turn|1\n|\n|t:|1700881644\n|detailschange|p1a: Poppy|Banette-Mega, F\n|-mega|p1a: Poppy|Banette|Banettite\n|move|p2a: Torterra|Bullet Seed|p1a: Poppy\n|-damage|p1a: Poppy|85\/100\n|-damage|p1a: Poppy|70\/100\n|-damage|p1a: Poppy|56\/100\n|-damage|p1a: Poppy|40\/100\n|-damage|p1a: Poppy|26\/100\n|-hitcount|p1a: Poppy|5\n|move|p1a: Poppy|Poltergeist|p2a: Torterra\n|-activate|p2a: Torterra|move: Poltergeist|Loaded Dice\n|-damage|p2a: Torterra|24\/100\n|\n|upkeep\n|turn|2\n|\n|t:|1700881675\n|switch|p1a: Tybalt|Primeape, M|100\/100\n|move|p2a: Torterra|Bullet Seed|p1a: Tybalt\n|-damage|p1a: Tybalt|82\/100\n|-damage|p1a: Tybalt|64\/100\n|-crit|p1a: Tybalt\n|-damage|p1a: Tybalt|36\/100\n|-damage|p1a: Tybalt|18\/100\n|-damage|p1a: Tybalt|0 fnt\n|faint|p1a: Tybalt\n|-hitcount|p1: Tybalt|5\n|\n|upkeep\n|c|\u2606Hadesofender|my b\n|\n|t:|1700881704\n|switch|p1a: Haru|Ogerpon-Wellspring, F|100\/100\n|turn|3\n|\n|t:|1700881717\n|move|p1a: Haru|Knock Off|p2a: Torterra\n|-damage|p2a: Torterra|0 fnt\n|-enditem|p2a: Torterra|Loaded Dice|[from] move: Knock Off|[of] p1a: Haru\n|faint|p2a: Torterra\n|\n|upkeep\n|\n|t:|1700881733\n|switch|p2a: Regirock|Regirock|100\/100\n|turn|4\n|\n|t:|1700881743\n|move|p1a: Haru|Knock Off|p2a: Regirock\n|-damage|p2a: Regirock|85\/100\n|-enditem|p2a: Regirock|Custap Berry|[from] move: Knock Off|[of] p1a: Haru\n|move|p2a: Regirock|Stealth Rock|p1a: Haru\n|-sidestart|p1: Flygonsweeper365|move: Stealth Rock\n|\n|upkeep\n|turn|5\n|\n|t:|1700881767\n|move|p1a: Haru|Ivy Cudgel|p2a: Regirock|[anim] Ivy Cudgel Water\n|-supereffective|p2a: Regirock\n|-damage|p2a: Regirock|38\/100\n|move|p2a: Regirock|Body Press|p1a: Haru\n|-damage|p1a: Haru|50\/100\n|\n|upkeep\n|turn|6\n|\n|t:|1700881774\n|switch|p2a: Leafeon|Leafeon, M|100\/100\n|move|p1a: Haru|Horn Leech|p2a: Leafeon\n|-resisted|p2a: Leafeon\n|-damage|p2a: Leafeon|87\/100\n|-heal|p1a: Haru|57\/100|[from] drain|[of] p2a: Leafeon\n|\n|-heal|p2a: Leafeon|93\/100|[from] item: Leftovers\n|upkeep\n|turn|7\n|\n|t:|1700881791\n|move|p1a: Haru|Knock Off|p2a: Leafeon\n|-damage|p2a: Leafeon|73\/100\n|-enditem|p2a: Leafeon|Leftovers|[from] move: Knock Off|[of] p1a: Haru\n|move|p2a: Leafeon|Yawn|p1a: Haru\n|-start|p1a: Haru|move: Yawn|[of] p2a: Leafeon\n|\n|upkeep\n|turn|8\n|\n|t:|1700881844\n|switch|p1a: Checkmate|Kingambit, M, shiny|100\/100\n|-damage|p1a: Checkmate|94\/100|[from] Stealth Rock\n|-activate|p1a: Checkmate|ability: Supreme Overlord\n|-start|p1a: Checkmate|fallen1|[silent]\n|move|p2a: Leafeon|Knock Off|p1a: Checkmate\n|-resisted|p1a: Checkmate\n|-damage|p1a: Checkmate|84\/100\n|-enditem|p1a: Checkmate|Assault Vest|[from] move: Knock Off|[of] p2a: Leafeon\n|\n|upkeep\n|turn|9\n|\n|t:|1700881855\n|move|p2a: Leafeon|Protect|p2a: Leafeon\n|-singleturn|p2a: Leafeon|Protect\n|move|p1a: Checkmate|Kowtow Cleave|p2a: Leafeon\n|-activate|p2a: Leafeon|move: Protect\n|\n|upkeep\n|turn|10\n|\n|t:|1700881867\n|move|p2a: Leafeon|Wish|p2a: Leafeon\n|move|p1a: Checkmate|Stone Edge|p2a: Leafeon\n|-crit|p2a: Leafeon\n|-damage|p2a: Leafeon|33\/100\n|\n|upkeep\n|turn|11\n|\n|t:|1700881879\n|move|p2a: Leafeon|Protect|p2a: Leafeon\n|-singleturn|p2a: Leafeon|Protect\n|move|p1a: Checkmate|Kowtow Cleave|p2a: Leafeon\n|-activate|p2a: Leafeon|move: Protect\n|\n|-heal|p2a: Leafeon|83\/100|[from] move: Wish|[wisher] Leafeon\n|upkeep\n|turn|12\n|\n|t:|1700881888\n|move|p2a: Leafeon|Wish|p2a: Leafeon\n|move|p1a: Checkmate|Kowtow Cleave|p2a: Leafeon\n|-damage|p2a: Leafeon|52\/100\n|\n|upkeep\n|turn|13\n|\n|t:|1700881899\n|switch|p2a: Regirock|Regirock|38\/100\n|move|p1a: Checkmate|Stone Edge|p2a: Regirock\n|-damage|p2a: Regirock|22\/100\n|\n|-heal|p2a: Regirock|68\/100|[from] move: Wish|[wisher] Leafeon\n|upkeep\n|turn|14\n|\n|t:|1700881907\n|move|p1a: Checkmate|Iron Head|p2a: Regirock\n|-supereffective|p2a: Regirock\n|-damage|p2a: Regirock|28\/100\n|move|p2a: Regirock|Body Press|p1a: Checkmate\n|-supereffective|p1a: Checkmate\n|-damage|p1a: Checkmate|0 fnt\n|faint|p1a: Checkmate\n|-end|p1a: Checkmate|fallen1|[silent]\n|\n|upkeep\n|\n|t:|1700881920\n|switch|p1a: Aphrodite|Enamorus, F|100\/100\n|-damage|p1a: Aphrodite|76\/100|[from] Stealth Rock\n|turn|15\n|\n|t:|1700881942\n|move|p1a: Aphrodite|Earth Power|p2a: Regirock\n|-supereffective|p2a: Regirock\n|-damage|p2a: Regirock|0 fnt\n|faint|p2a: Regirock\n|\n|upkeep\n|\n|t:|1700881958\n|switch|p2a: Bronzong|Bronzong|100\/100\n|turn|16\n|\n|t:|1700881967\n|switch|p1a: Haru|Ogerpon-Wellspring, F|57\/100\n|-damage|p1a: Haru|44\/100|[from] Stealth Rock\n|move|p2a: Bronzong|Iron Defense|p2a: Bronzong\n|-boost|p2a: Bronzong|def|2\n|\n|upkeep\n|turn|17\n|\n|t:|1700881974\n|move|p1a: Haru|Knock Off|p2a: Bronzong\n|-supereffective|p2a: Bronzong\n|-damage|p2a: Bronzong|73\/100\n|-enditem|p2a: Bronzong|Chesto Berry|[from] move: Knock Off|[of] p1a: Haru\n|move|p2a: Bronzong|Body Press|p1a: Haru\n|-damage|p1a: Haru|0 fnt\n|faint|p1a: Haru\n|\n|upkeep\n|\n|t:|1700881987\n|switch|p1a: Poppy|Banette-Mega, F|26\/100\n|-damage|p1a: Poppy|14\/100|[from] Stealth Rock\n|turn|18\n|\n|t:|1700881993\n|switch|p2a: Zapdos|Zapdos|100\/100\n|move|p1a: Poppy|Pain Split|p2a: Zapdos\n|-sethp|p2a: Zapdos|56\/100|[from] move: Pain Split|[silent]\n|-sethp|p1a: Poppy|65\/100|[from] move: Pain Split\n|\n|upkeep\n|turn|19\n|\n|t:|1700882013\n|switch|p1a: Piripiri|Sandy Shocks|100\/100\n|-damage|p1a: Piripiri|94\/100|[from] Stealth Rock\n|-enditem|p1a: Piripiri|Booster Energy\n|-activate|p1a: Piripiri|ability: Protosynthesis|[fromitem]\n|-start|p1a: Piripiri|protosynthesisspe\n|move|p2a: Zapdos|Volt Switch|p1a: Piripiri\n|-immune|p1a: Piripiri\n|\n|upkeep\n|turn|20\n|\n|t:|1700882024\n|move|p1a: Piripiri|Power Gem|p2a: Zapdos\n|-supereffective|p2a: Zapdos\n|-damage|p2a: Zapdos|19\/100\n|move|p2a: Zapdos|Roost|p2a: Zapdos\n|-heal|p2a: Zapdos|69\/100\n|-singleturn|p2a: Zapdos|move: Roost\n|\n|upkeep\n|turn|21\n|\n|t:|1700882032\n|move|p1a: Piripiri|Thunderbolt|p2a: Zapdos\n|-damage|p2a: Zapdos|41\/100\n|move|p2a: Zapdos|Roost|p2a: Zapdos\n|-heal|p2a: Zapdos|92\/100\n|-singleturn|p2a: Zapdos|move: Roost\n|\n|upkeep\n|turn|22\n|\n|t:|1700882040\n|move|p1a: Piripiri|Thunderbolt|p2a: Zapdos\n|-damage|p2a: Zapdos|61\/100\n|move|p2a: Zapdos|Hurricane|p1a: Piripiri\n|-resisted|p1a: Piripiri\n|-damage|p1a: Piripiri|64\/100\n|-start|p1a: Piripiri|confusion\n|\n|upkeep\n|turn|23\n|\n|t:|1700882052\n|-activate|p1a: Piripiri|confusion\n|-damage|p1a: Piripiri|57\/100|[from] confusion\n|move|p2a: Zapdos|Roost|p2a: Zapdos\n|-heal|p2a: Zapdos|100\/100\n|-singleturn|p2a: Zapdos|move: Roost\n|\n|upkeep\n|turn|24\n|\n|t:|1700882058\n|-activate|p1a: Piripiri|confusion\n|move|p1a: Piripiri|Power Gem|p2a: Zapdos\n|-supereffective|p2a: Zapdos\n|-damage|p2a: Zapdos|68\/100\n|move|p2a: Zapdos|Hurricane|p1a: Piripiri\n|-resisted|p1a: Piripiri\n|-crit|p1a: Piripiri\n|-damage|p1a: Piripiri|16\/100\n|\n|upkeep\n|turn|25\n|\n|t:|1700882066\n|-activate|p1a: Piripiri|confusion\n|move|p1a: Piripiri|Power Gem|p2a: Zapdos\n|-supereffective|p2a: Zapdos\n|-damage|p2a: Zapdos|33\/100\n|move|p2a: Zapdos|Roost|p2a: Zapdos\n|-heal|p2a: Zapdos|83\/100\n|-singleturn|p2a: Zapdos|move: Roost\n|\n|upkeep\n|turn|26\n|\n|t:|1700882074\n|-end|p1a: Piripiri|confusion\n|move|p1a: Piripiri|Power Gem|p2a: Zapdos\n|-supereffective|p2a: Zapdos\n|-damage|p2a: Zapdos|50\/100\n|move|p2a: Zapdos|Roost|p2a: Zapdos\n|-heal|p2a: Zapdos|99\/100\n|-singleturn|p2a: Zapdos|move: Roost\n|\n|upkeep\n|turn|27\n|\n|t:|1700882091\n|move|p1a: Piripiri|Power Gem|p2a: Zapdos\n|-supereffective|p2a: Zapdos\n|-damage|p2a: Zapdos|65\/100\n|move|p2a: Zapdos|Hurricane|p1a: Piripiri|[miss]\n|-miss|p2a: Zapdos|p1a: Piripiri\n|\n|upkeep\n|turn|28\n|\n|t:|1700882097\n|move|p1a: Piripiri|Power Gem|p2a: Zapdos\n|-supereffective|p2a: Zapdos\n|-damage|p2a: Zapdos|29\/100\n|move|p2a: Zapdos|Roost|p2a: Zapdos\n|-heal|p2a: Zapdos|80\/100\n|-singleturn|p2a: Zapdos|move: Roost\n|\n|upkeep\n|turn|29\n|\n|t:|1700882105\n|move|p1a: Piripiri|Power Gem|p2a: Zapdos\n|-supereffective|p2a: Zapdos\n|-damage|p2a: Zapdos|45\/100\n|move|p2a: Zapdos|Roost|p2a: Zapdos\n|-heal|p2a: Zapdos|95\/100\n|-singleturn|p2a: Zapdos|move: Roost\n|\n|upkeep\n|turn|30\n|\n|t:|1700882118\n|move|p1a: Piripiri|Power Gem|p2a: Zapdos\n|-supereffective|p2a: Zapdos\n|-damage|p2a: Zapdos|61\/100\n|move|p2a: Zapdos|Hurricane|p1a: Piripiri\n|-resisted|p1a: Piripiri\n|-damage|p1a: Piripiri|0 fnt\n|faint|p1a: Piripiri\n|-end|p1a: Piripiri|Protosynthesis|[silent]\n|\n|upkeep\n|\n|t:|1700882229\n|switch|p1a: Aphrodite|Enamorus, F|76\/100\n|-damage|p1a: Aphrodite|51\/100|[from] Stealth Rock\n|turn|31\n|\n|t:|1700882234\n|move|p1a: Aphrodite|Calm Mind|p1a: Aphrodite\n|-boost|p1a: Aphrodite|spa|1\n|-boost|p1a: Aphrodite|spd|1\n|move|p2a: Zapdos|Volt Switch|p1a: Aphrodite\n|-supereffective|p1a: Aphrodite\n|-damage|p1a: Aphrodite|0 fnt\n|faint|p1a: Aphrodite\n|\n|t:|1700882237\n|switch|p2a: Leafeon|Leafeon, M|52\/100|[from] Volt Switch\n|\n|upkeep\n|\n|t:|1700882243\n|switch|p1a: Poppy|Banette-Mega, F|65\/100\n|-damage|p1a: Poppy|52\/100|[from] Stealth Rock\n|turn|32\n|\n|t:|1700882251\n|move|p1a: Poppy|Will-O-Wisp|p2a: Leafeon\n|-status|p2a: Leafeon|brn\n|move|p2a: Leafeon|Yawn|p1a: Poppy\n|-start|p1a: Poppy|move: Yawn|[of] p2a: Leafeon\n|\n|-damage|p2a: Leafeon|46\/100 brn|[from] brn\n|upkeep\n|turn|33\n|\n|t:|1700882260\n|move|p2a: Leafeon|Wish|p2a: Leafeon\n|move|p1a: Poppy|Gunk Shot|p2a: Leafeon|[miss]\n|-miss|p1a: Poppy|p2a: Leafeon\n|\n|-damage|p2a: Leafeon|40\/100 brn|[from] brn\n|-end|p1a: Poppy|move: Yawn|[silent]\n|-status|p1a: Poppy|slp\n|upkeep\n|turn|34\n|c|\u2606Hadesofender|my b\n|\n|t:|1700882267\n|move|p2a: Leafeon|Knock Off|p1a: Poppy\n|-supereffective|p1a: Poppy\n|-damage|p1a: Poppy|30\/100 slp\n|cant|p1a: Poppy|slp\n|\n|-heal|p2a: Leafeon|90\/100 brn|[from] move: Wish|[wisher] Leafeon\n|-damage|p2a: Leafeon|84\/100 brn|[from] brn\n|upkeep\n|turn|35\n|\n|t:|1700882275\n|-curestatus|p1a: Poppy|slp|[msg]\n|move|p1a: Poppy|Pain Split|p2a: Leafeon\n|-sethp|p2a: Leafeon|57\/100 brn|[from] move: Pain Split|[silent]\n|-sethp|p1a: Poppy|57\/100|[from] move: Pain Split\n|move|p2a: Leafeon|Knock Off|p1a: Poppy\n|-supereffective|p1a: Poppy\n|-damage|p1a: Poppy|34\/100\n|\n|-damage|p2a: Leafeon|51\/100 brn|[from] brn\n|upkeep\n|turn|36\n|\n|t:|1700882284\n|switch|p2a: Bronzong|Bronzong|73\/100\n|move|p1a: Poppy|Gunk Shot|p2a: Bronzong\n|-immune|p2a: Bronzong\n|\n|upkeep\n|turn|37\n|\n|t:|1700882295\n|move|p1a: Poppy|Will-O-Wisp|p2a: Bronzong\n|-status|p2a: Bronzong|brn\n|move|p2a: Bronzong|Gyro Ball|p1a: Poppy\n|-damage|p1a: Poppy|17\/100\n|\n|-damage|p2a: Bronzong|66\/100 brn|[from] brn\n|upkeep\n|turn|38\n|\n|t:|1700882304\n|move|p1a: Poppy|Pain Split|p2a: Bronzong\n|-sethp|p2a: Bronzong|41\/100 brn|[from] move: Pain Split|[silent]\n|-sethp|p1a: Poppy|42\/100|[from] move: Pain Split\n|move|p2a: Bronzong|Gyro Ball|p1a: Poppy\n|-damage|p1a: Poppy|27\/100\n|\n|-damage|p2a: Bronzong|35\/100 brn|[from] brn\n|upkeep\n|turn|39\n|\n|t:|1700882314\n|move|p1a: Poppy|Pain Split|p2a: Bronzong\n|-sethp|p2a: Bronzong|31\/100 brn|[from] move: Pain Split|[silent]\n|-sethp|p1a: Poppy|31\/100|[from] move: Pain Split\n|move|p2a: Bronzong|Gyro Ball|p1a: Poppy\n|-damage|p1a: Poppy|15\/100\n|\n|-damage|p2a: Bronzong|24\/100 brn|[from] brn\n|upkeep\n|turn|40\n|c|\u2606Flygonsweeper365|gg\n|c|\u2606Hadesofender|gg\n|\n|t:|1700882328\n|move|p1a: Poppy|Poltergeist||[still]\n|-fail|p1a: Poppy\n|move|p2a: Bronzong|Gyro Ball|p1a: Poppy\n|-damage|p1a: Poppy|0 fnt\n|faint|p1a: Poppy\n|\n|win|Hadesofender\n","uploadtime":1700882334,"views":35,"p1id":"flygonsweeper365","p2id":"hadesofender","formatid":"gen9nationaldexubers","rating":0,"private":0,"password":""}