{"id":"gen9nationaldexubers-1977770621","p1":"alexshh.__","p2":"XJohnson","format":"[Gen 9] National Dex Ubers","log":"|j|\u2606alexshh.__\n|j|\u2606XJohnson\n|t:|1698447579\n|gametype|singles\n|player|p1|alexshh.__|266|1172\n|player|p2|XJohnson|mallow|1106\n|teamsize|p1|6\n|teamsize|p2|6\n|gen|9\n|tier|[Gen 9] National Dex Ubers\n|rated|\n|rule|HP Percentage Mod: HP is shown in percentages\n|rule|Endless Battle Clause: Forcing endless battles is banned\n|rule|OHKO Clause: OHKO moves are banned\n|rule|Evasion Moves Clause: Evasion moves are banned\n|rule|Evasion Items Clause: Evasion items are banned\n|rule|Species Clause: Limit one of each Pok\u00e9mon\n|rule|Sleep Clause Mod: Limit one foe put to sleep\n|rule|Mega Rayquaza Clause: You cannot mega evolve Rayquaza\n|clearpoke\n|poke|p1|Zygarde-10%|\n|poke|p1|Xerneas-*|\n|poke|p1|Yveltal|\n|poke|p1|Marshadow|\n|poke|p1|Groudon|\n|poke|p1|Magearna|\n|poke|p2|Annihilape, M|\n|poke|p2|Genesect|\n|poke|p2|Dragapult, F|\n|poke|p2|Palafin, M|\n|poke|p2|Darmanitan-Galar, M|\n|poke|p2|Kangaskhan, F|\n|teampreview\n|\n|t:|1698447585\n|start\n|switch|p1a: Xerneas|Xerneas|100\/100\n|switch|p2a: Seamen Demon|Palafin, M|100\/100\n|-ability|p1a: Xerneas|Fairy Aura\n|turn|1\n|\n|t:|1698447600\n|move|p1a: Xerneas|Geomancy||[still]\n|-prepare|p1a: Xerneas|Geomancy\n|-enditem|p1a: Xerneas|Power Herb\n|-anim|p1a: Xerneas|Geomancy|p1a: Xerneas\n|-boost|p1a: Xerneas|spa|2\n|-boost|p1a: Xerneas|spd|2\n|-boost|p1a: Xerneas|spe|2\n|move|p2a: Seamen Demon|Encore|p1a: Xerneas\n|-start|p1a: Xerneas|Encore\n|\n|upkeep\n|turn|2\n|\n|t:|1698447604\n|detailschange|p2a: Seamen Demon|Palafin-Hero, M\n|switch|p2a: I.C Hot|Darmanitan-Galar, M|100\/100\n|move|p1a: Xerneas|Geomancy||[still]\n|-prepare|p1a: Xerneas|Geomancy\n|\n|upkeep\n|turn|3\n|\n|t:|1698447613\n|move|p1a: Xerneas|Geomancy|p1a: Xerneas|[from]lockedmove\n|-boost|p1a: Xerneas|spa|2\n|-boost|p1a: Xerneas|spd|2\n|-boost|p1a: Xerneas|spe|2\n|move|p2a: I.C Hot|Substitute|p2a: I.C Hot\n|-start|p2a: I.C Hot|Substitute\n|-damage|p2a: I.C Hot|76\/100\n|\n|upkeep\n|turn|4\n|\n|t:|1698447618\n|move|p1a: Xerneas|Geomancy||[still]\n|-prepare|p1a: Xerneas|Geomancy\n|move|p2a: I.C Hot|Icicle Crash|p1a: Xerneas\n|-damage|p1a: Xerneas|61\/100\n|\n|-end|p1a: Xerneas|Encore\n|upkeep\n|turn|5\n|\n|t:|1698447622\n|move|p1a: Xerneas|Geomancy|p1a: Xerneas|[from]lockedmove\n|-boost|p1a: Xerneas|spa|2\n|-boost|p1a: Xerneas|spd|2\n|-boost|p1a: Xerneas|spe|2\n|move|p2a: I.C Hot|Icicle Crash|p1a: Xerneas\n|-damage|p1a: Xerneas|20\/100\n|\n|upkeep\n|turn|6\n|\n|t:|1698447630\n|move|p1a: Xerneas|Hidden Power|p2a: I.C Hot\n|-supereffective|p2a: I.C Hot\n|-end|p2a: I.C Hot|Substitute\n|move|p2a: I.C Hot|Icicle Crash|p1a: Xerneas\n|-damage|p1a: Xerneas|0 fnt\n|faint|p1a: Xerneas\n|\n|upkeep\n|\n|t:|1698447635\n|switch|p1a: Groudon|Groudon|100\/100\n|detailschange|p1a: Groudon|Groudon-Primal\n|-primal|p1a: Groudon|Red Orb\n|-weather|DesolateLand|[from] ability: Desolate Land|[of] p1a: Groudon\n|turn|7\n|\n|t:|1698447647\n|switch|p2a: Drag Queen|Dragapult, F|100\/100\n|move|p1a: Groudon|Fire Punch|p2a: Drag Queen\n|-resisted|p2a: Drag Queen\n|-damage|p2a: Drag Queen|54\/100\n|\n|-weather|DesolateLand|[upkeep]\n|upkeep\n|turn|8\n|\n|t:|1698447673\n|move|p2a: Drag Queen|Reflect|p2a: Drag Queen\n|-sidestart|p2: XJohnson|Reflect\n|move|p1a: Groudon|Precipice Blades|p2a: Drag Queen\n|-damage|p2a: Drag Queen|2\/100\n|\n|-weather|DesolateLand|[upkeep]\n|upkeep\n|turn|9\n|\n|t:|1698447678\n|move|p2a: Drag Queen|Curse|p1a: Groudon\n|-start|p1a: Groudon|Curse|[of] p2a: Drag Queen\n|-damage|p2a: Drag Queen|0 fnt\n|faint|p2a: Drag Queen\n|move|p1a: Groudon|Precipice Blades|p2: Drag Queen|[notarget]\n|-fail|p1a: Groudon\n|\n|-weather|DesolateLand|[upkeep]\n|-damage|p1a: Groudon|76\/100|[from] Curse\n|upkeep\n|\n|t:|1698447680\n|switch|p2a: Kangaskhan|Kangaskhan, F|100\/100\n|turn|10\n|\n|t:|1698447694\n|detailschange|p2a: Kangaskhan|Kangaskhan-Mega, F\n|-mega|p2a: Kangaskhan|Kangaskhan|Kangaskhanite\n|move|p2a: Kangaskhan|Fake Out|p1a: Groudon\n|-damage|p1a: Groudon|62\/100\n|-damage|p1a: Groudon|59\/100\n|-hitcount|p1a: Groudon|2\n|cant|p1a: Groudon|flinch\n|\n|-weather|DesolateLand|[upkeep]\n|-damage|p1a: Groudon|35\/100|[from] Curse\n|upkeep\n|turn|11\n|\n|t:|1698447704\n|-weather|none\n|switch|p1a: Marshadow|Marshadow|100\/100\n|move|p2a: Kangaskhan|Wish|p2a: Kangaskhan\n|\n|upkeep\n|turn|12\n|\n|t:|1698447707\n|switch|p2a: Annihilape|Annihilape, M|100\/100\n|move|p1a: Marshadow|Close Combat|p2a: Annihilape\n|-immune|p2a: Annihilape\n|\n|upkeep\n|turn|13\n|\n|t:|1698447733\n|move|p1a: Marshadow|Spectral Thief|p2a: Annihilape\n|-supereffective|p2a: Annihilape\n|-damage|p2a: Annihilape|58\/100\n|move|p2a: Annihilape|Rage Fist|p1a: Marshadow\n|-supereffective|p1a: Marshadow\n|-enditem|p1a: Marshadow|Focus Sash\n|-damage|p1a: Marshadow|1\/100\n|\n|-heal|p2a: Annihilape|65\/100|[from] item: Leftovers\n|upkeep\n|turn|14\n|\n|t:|1698447742\n|move|p1a: Marshadow|Spectral Thief|p2a: Annihilape\n|-supereffective|p2a: Annihilape\n|-damage|p2a: Annihilape|20\/100\n|move|p2a: Annihilape|Rage Fist|p1a: Marshadow\n|-supereffective|p1a: Marshadow\n|-damage|p1a: Marshadow|0 fnt\n|faint|p1a: Marshadow\n|\n|-heal|p2a: Annihilape|27\/100|[from] item: Leftovers\n|upkeep\n|\n|t:|1698447753\n|switch|p1a: Magearna|Magearna|100\/100\n|turn|15\n|l|\u2606XJohnson\n|player|p2|\n|j|\u2606XJohnson\n|player|p2|XJohnson|mallow\n|\n|t:|1698447774\n|move|p2a: Annihilape|Bulk Up|p2a: Annihilape\n|-boost|p2a: Annihilape|atk|1\n|-boost|p2a: Annihilape|def|1\n|move|p1a: Magearna|Volt Switch|p2a: Annihilape\n|-damage|p2a: Annihilape|10\/100\n|\n|t:|1698447782\n|switch|p1a: Zygarde|Zygarde-10%|100\/100|[from] Volt Switch\n|\n|-heal|p2a: Annihilape|17\/100|[from] item: Leftovers\n|-sideend|p2: XJohnson|Reflect\n|upkeep\n|turn|16\n|\n|t:|1698447796\n|switch|p2a: Kangaskhan|Kangaskhan-Mega, F|100\/100\n|move|p1a: Zygarde|Extreme Speed|p2a: Kangaskhan\n|-damage|p2a: Kangaskhan|83\/100\n|\n|upkeep\n|turn|17\n|\n|t:|1698447805\n|switch|p1a: Groudon|Groudon-Primal|35\/100\n|-weather|DesolateLand|[from] ability: Desolate Land|[of] p1a: Groudon\n|move|p2a: Kangaskhan|Wish|p2a: Kangaskhan\n|\n|-weather|DesolateLand|[upkeep]\n|upkeep\n|turn|18\n|\n|t:|1698447812\n|move|p1a: Groudon|Precipice Blades|p2a: Kangaskhan\n|-damage|p2a: Kangaskhan|12\/100\n|move|p2a: Kangaskhan|Return|p1a: Groudon\n|-damage|p1a: Groudon|0 fnt\n|faint|p1a: Groudon\n|-weather|none\n|-hitcount|p1: Groudon|1\n|\n|-heal|p2a: Kangaskhan|62\/100|[from] move: Wish|[wisher] Kangaskhan\n|upkeep\n|\n|t:|1698447818\n|switch|p1a: Yveltal|Yveltal|100\/100\n|-ability|p1a: Yveltal|Dark Aura\n|turn|19\n|\n|t:|1698447825\n|move|p1a: Yveltal|Dark Pulse|p2a: Kangaskhan\n|-damage|p2a: Kangaskhan|0 fnt\n|faint|p2a: Kangaskhan\n|\n|upkeep\n|\n|t:|1698447837\n|switch|p2a: Gene|Genesect, shiny|100\/100\n|-ability|p2a: Gene|Download|boost\n|-boost|p2a: Gene|atk|1\n|turn|20\n|\n|t:|1698447861\n|move|p2a: Gene|U-turn|p1a: Yveltal\n|-damage|p1a: Yveltal|57\/100\n|\n|t:|1698447864\n|switch|p2a: Annihilape|Annihilape, M|17\/100|[from] U-turn\n|move|p1a: Yveltal|Dark Pulse|p2a: Annihilape\n|-damage|p2a: Annihilape|0 fnt\n|faint|p2a: Annihilape\n|\n|upkeep\n|\n|t:|1698447865\n|switch|p2a: Seamen Demon|Palafin-Hero, M|100\/100\n|-activate|p2a: Seamen Demon|ability: Zero to Hero\n|turn|21\n|\n|t:|1698447872\n|-terastallize|p2a: Seamen Demon|Water\n|move|p1a: Yveltal|Sucker Punch|p2a: Seamen Demon\n|-damage|p2a: Seamen Demon|60\/100\n|move|p2a: Seamen Demon|Jet Punch|p1a: Yveltal\n|-damage|p1a: Yveltal|12\/100\n|\n|-heal|p2a: Seamen Demon|66\/100|[from] item: Leftovers\n|upkeep\n|turn|22\n|\n|t:|1698447887\n|move|p2a: Seamen Demon|Jet Punch|p1a: Yveltal\n|-damage|p1a: Yveltal|0 fnt\n|faint|p1a: Yveltal\n|\n|-heal|p2a: Seamen Demon|73\/100|[from] item: Leftovers\n|upkeep\n|\n|t:|1698447902\n|switch|p1a: Zygarde|Zygarde-10%|100\/100\n|turn|23\n|\n|t:|1698447909\n|move|p1a: Zygarde|Dragon Dance|p1a: Zygarde\n|-boost|p1a: Zygarde|atk|1\n|-boost|p1a: Zygarde|spe|1\n|move|p2a: Seamen Demon|Bulk Up|p2a: Seamen Demon\n|-boost|p2a: Seamen Demon|atk|1\n|-boost|p2a: Seamen Demon|def|1\n|\n|-heal|p2a: Seamen Demon|79\/100|[from] item: Leftovers\n|upkeep\n|turn|24\n|\n|t:|1698447912\n|move|p1a: Zygarde|Dragon Dance|p1a: Zygarde\n|-boost|p1a: Zygarde|atk|1\n|-boost|p1a: Zygarde|spe|1\n|move|p2a: Seamen Demon|Drain Punch|p1a: Zygarde\n|-damage|p1a: Zygarde|14\/100\n|-heal|p2a: Seamen Demon|100\/100|[from] drain|[of] p1a: Zygarde\n|\n|-activate|p1a: Zygarde|ability: Power Construct\n|detailschange|p1a: Zygarde|Zygarde-Complete\n|-heal|p1a: Zygarde|63\/100|[silent]\n|upkeep\n|turn|25\n|\n|t:|1698447914\n|move|p1a: Zygarde|Dragon Dance|p1a: Zygarde\n|-boost|p1a: Zygarde|atk|1\n|-boost|p1a: Zygarde|spe|1\n|move|p2a: Seamen Demon|Encore|p1a: Zygarde\n|-start|p1a: Zygarde|Encore\n|\n|upkeep\n|turn|26\n|\n|t:|1698447917\n|move|p1a: Zygarde|Dragon Dance|p1a: Zygarde\n|-boost|p1a: Zygarde|atk|1\n|-boost|p1a: Zygarde|spe|1\n|move|p2a: Seamen Demon|Bulk Up|p2a: Seamen Demon\n|-boost|p2a: Seamen Demon|atk|1\n|-boost|p2a: Seamen Demon|def|1\n|\n|upkeep\n|turn|27\n|\n|t:|1698447919\n|move|p1a: Zygarde|Dragon Dance|p1a: Zygarde\n|-boost|p1a: Zygarde|atk|1\n|-boost|p1a: Zygarde|spe|1\n|move|p2a: Seamen Demon|Drain Punch|p1a: Zygarde\n|-damage|p1a: Zygarde|32\/100\n|\n|upkeep\n|turn|28\n|\n|t:|1698447921\n|move|p1a: Zygarde|Dragon Dance|p1a: Zygarde\n|-boost|p1a: Zygarde|atk|1\n|-boost|p1a: Zygarde|spe|1\n|move|p2a: Seamen Demon|Drain Punch|p1a: Zygarde\n|-damage|p1a: Zygarde|0 fnt\n|faint|p1a: Zygarde\n|\n|upkeep\n|\n|t:|1698447923\n|switch|p1a: Magearna|Magearna|100\/100\n|turn|29\n|\n|t:|1698447928\n|move|p2a: Seamen Demon|Jet Punch|p1a: Magearna\n|-damage|p1a: Magearna|27\/100\n|move|p1a: Magearna|Volt Switch|p2a: Seamen Demon\n|-supereffective|p2a: Seamen Demon\n|-damage|p2a: Seamen Demon|64\/100\n|\n|-heal|p2a: Seamen Demon|71\/100|[from] item: Leftovers\n|upkeep\n|turn|30\n|\n|t:|1698447933\n|move|p2a: Seamen Demon|Jet Punch|p1a: Magearna\n|-damage|p1a: Magearna|0 fnt\n|faint|p1a: Magearna\n|\n|win|XJohnson\n|raw|alexshh.__'s rating: 1172 &rarr; <strong>1142<\/strong><br \/>(-30 for losing)\n|raw|XJohnson's rating: 1106 &rarr; <strong>1136<\/strong><br \/>(+30 for winning)\n|l|\u2606alexshh.__\n","uploadtime":1698447946,"views":7,"p1id":"alexshh","p2id":"xjohnson","formatid":"gen9nationaldexubers","rating":1136,"private":0,"password":""}