{"id":"gen9nationaldexubers-1979041841","p1":"straightoutta14BC","p2":"ToastTheDragon777","format":"[Gen 9] National Dex Ubers","log":"|j|\u2606straightoutta14BC\n|j|\u2606ToastTheDragon777\n|inactive|Battle timer is ON: inactive players will automatically lose when time's up.\n|t:|1698624748\n|gametype|singles\n|player|p1|straightoutta14BC|1|\n|player|p2|ToastTheDragon777|benga|\n|teamsize|p1|6\n|teamsize|p2|6\n|gen|9\n|tier|[Gen 9] National Dex Ubers\n|rated|Tournament battle\n|rule|HP Percentage Mod: HP is shown in percentages\n|rule|Endless Battle Clause: Forcing endless battles is banned\n|rule|OHKO Clause: OHKO moves are banned\n|rule|Evasion Moves Clause: Evasion moves are banned\n|rule|Evasion Items Clause: Evasion items are banned\n|rule|Species Clause: Limit one of each Pok\u00e9mon\n|rule|Sleep Clause Mod: Limit one foe put to sleep\n|rule|Mega Rayquaza Clause: You cannot mega evolve Rayquaza\n|rule|Dynamax Clause: You cannot dynamax\n|rule|Terastal Clause: You cannot Terastallize\n|rule|Same Type Clause: Pok\u00e9mon in a team must share a type\n|clearpoke\n|poke|p1|Klinklang|\n|poke|p1|Bronzong|\n|poke|p1|Mawile, F|\n|poke|p1|Melmetal|\n|poke|p1|Stakataka|\n|poke|p1|Ferrothorn, F|\n|poke|p2|Sneasler, M|\n|poke|p2|Blaziken, M|\n|poke|p2|Great Tusk|\n|poke|p2|Iron Valiant|\n|poke|p2|Kommo-o, M|\n|poke|p2|Zamazenta-*|\n|teampreview\n|inactive|ToastTheDragon777 also wants the timer to be on.\n|inactive|straightoutta14BC has 120 seconds left.\n|inactive|straightoutta14BC has 90 seconds left.\n|\n|t:|1698624818\n|start\n|switch|p1a: Shenzhou|Klinklang|100\/100\n|switch|p2a: Great Tusk|Great Tusk|100\/100\n|turn|1\n|\n|t:|1698624826\n|move|p2a: Great Tusk|Close Combat|p1a: Shenzhou\n|-supereffective|p1a: Shenzhou\n|-enditem|p1a: Shenzhou|Focus Sash\n|-damage|p1a: Shenzhou|1\/100\n|-unboost|p2a: Great Tusk|def|1\n|-unboost|p2a: Great Tusk|spd|1\n|move|p1a: Shenzhou|Trick Room|p1a: Shenzhou\n|-fieldstart|move: Trick Room|[of] p1a: Shenzhou\n|\n|upkeep\n|turn|2\n|\n|t:|1698624834\n|move|p1a: Shenzhou|Steel Beam|p2a: Great Tusk\n|-damage|p2a: Great Tusk|15\/100\n|-damage|p1a: Shenzhou|0 fnt|[from] steelbeam\n|faint|p1a: Shenzhou\n|move|p2a: Great Tusk|Earthquake|p1: Shenzhou|[notarget]\n|-fail|p2a: Great Tusk\n|\n|upkeep\n|inactive|straightoutta14BC has 120 seconds left.\n|\n|t:|1698624877\n|switch|p1a: Valentina|Mawile, F|100\/100\n|-ability|p1a: Valentina|Intimidate|boost\n|-unboost|p2a: Great Tusk|atk|1\n|turn|3\n|\n|t:|1698624880\n|detailschange|p1a: Valentina|Mawile-Mega, F\n|-mega|p1a: Valentina|Mawile|Mawilite\n|move|p1a: Valentina|Play Rough|p2a: Great Tusk\n|-supereffective|p2a: Great Tusk\n|-damage|p2a: Great Tusk|0 fnt\n|faint|p2a: Great Tusk\n|-end|p2a: Great Tusk|Protosynthesis|[silent]\n|\n|upkeep\n|\n|t:|1698624888\n|switch|p2a: Zamazenta|Zamazenta-Crowned|100\/100\n|-ability|p2a: Zamazenta|Dauntless Shield|boost\n|-boost|p2a: Zamazenta|def|1\n|turn|4\n|\n|t:|1698624898\n|move|p1a: Valentina|Fire Fang|p2a: Zamazenta\n|-supereffective|p2a: Zamazenta\n|-damage|p2a: Zamazenta|71\/100\n|move|p2a: Zamazenta|Body Press|p1a: Valentina\n|-damage|p1a: Valentina|38\/100\n|\n|upkeep\n|turn|5\n|j| NDMS1B Victory\n|\n|t:|1698624904\n|switch|p1a: Venera|Ferrothorn, F|100\/100\n|move|p2a: Zamazenta|Body Press|p1a: Venera\n|-supereffective|p1a: Venera\n|-damage|p1a: Venera|5\/100\n|-damage|p2a: Zamazenta|58\/100|[from] ability: Iron Barbs|[of] p1a: Venera\n|\n|-heal|p1a: Venera|11\/100|[from] item: Leftovers\n|-fieldend|move: Trick Room\n|upkeep\n|turn|6\n|\n|t:|1698624911\n|move|p2a: Zamazenta|Body Press|p1a: Venera\n|-supereffective|p1a: Venera\n|-damage|p1a: Venera|0 fnt\n|-damage|p2a: Zamazenta|46\/100|[from] ability: Iron Barbs|[of] p1a: Venera\n|faint|p1a: Venera\n|\n|upkeep\n|\n|t:|1698624913\n|switch|p1a: Nova|Melmetal|100\/100\n|turn|7\n|\n|t:|1698624916\n|move|p2a: Zamazenta|Rest|p2a: Zamazenta\n|-status|p2a: Zamazenta|slp|[from] move: Rest\n|-heal|p2a: Zamazenta|100\/100 slp|[silent]\n|move|p1a: Nova|Earthquake|p2a: Zamazenta\n|-supereffective|p2a: Zamazenta\n|-damage|p2a: Zamazenta|54\/100 slp\n|\n|upkeep\n|turn|8\n|\n|t:|1698624918\n|cant|p2a: Zamazenta|slp\n|move|p2a: Zamazenta|Sleep Talk|p2a: Zamazenta\n|move|p2a: Zamazenta|Rest||[from]move: Sleep Talk|[still]\n|-fail|p2a: Zamazenta\n|move|p1a: Nova|Earthquake|p2a: Zamazenta\n|-supereffective|p2a: Zamazenta\n|-damage|p2a: Zamazenta|10\/100 slp\n|\n|upkeep\n|turn|9\n|\n|t:|1698624925\n|cant|p2a: Zamazenta|slp\n|move|p2a: Zamazenta|Sleep Talk|p2a: Zamazenta\n|move|p2a: Zamazenta|Rest||[from]move: Sleep Talk|[still]\n|-fail|p2a: Zamazenta\n|move|p1a: Nova|Earthquake|p2a: Zamazenta\n|-supereffective|p2a: Zamazenta\n|-damage|p2a: Zamazenta|0 fnt\n|faint|p2a: Zamazenta\n|\n|upkeep\n|\n|t:|1698624938\n|switch|p2a: Blaziken|Blaziken, M|100\/100\n|turn|10\n|\n|t:|1698624954\n|detailschange|p2a: Blaziken|Blaziken-Mega, M\n|-mega|p2a: Blaziken|Blaziken|Blazikenite\n|move|p2a: Blaziken|Protect|p2a: Blaziken\n|-singleturn|p2a: Blaziken|Protect\n|move|p1a: Nova|Earthquake|p2a: Blaziken\n|-activate|p2a: Blaziken|move: Protect\n|\n|-ability|p2a: Blaziken|Speed Boost|boost\n|-boost|p2a: Blaziken|spe|1\n|upkeep\n|turn|11\n|\n|t:|1698624958\n|move|p2a: Blaziken|High Jump Kick|p1a: Nova\n|-supereffective|p1a: Nova\n|-damage|p1a: Nova|22\/100\n|move|p1a: Nova|Earthquake|p2a: Blaziken\n|-supereffective|p2a: Blaziken\n|-damage|p2a: Blaziken|0 fnt\n|faint|p2a: Blaziken\n|\n|upkeep\n|j| NoahTheGreat6.4\n|\n|t:|1698624967\n|switch|p2a: Kommo-o|Kommo-o, M|100\/100\n|turn|12\n|\n|t:|1698624979\n|switch|p1a: ISS|Stakataka|100\/100\n|move|p2a: Kommo-o|Flamethrower|p1a: ISS\n|-damage|p1a: ISS|75\/100\n|\n|upkeep\n|turn|13\n|\n|t:|1698624989\n|move|p2a: Kommo-o|Aura Sphere|p1a: ISS\n|-supereffective|p1a: ISS\n|-crit|p1a: ISS\n|-damage|p1a: ISS|0 fnt\n|faint|p1a: ISS\n|\n|upkeep\n|\n|t:|1698624992\n|switch|p1a: Echo|Bronzong|100\/100\n|turn|14\n|\n|t:|1698624994\n|-zpower|p2a: Kommo-o\n|move|p2a: Kommo-o|Clangorous Soulblaze|p1a: Echo|[zeffect]\n|-resisted|p1a: Echo\n|-damage|p1a: Echo|70\/100\n|-boost|p2a: Kommo-o|atk|1\n|-boost|p2a: Kommo-o|def|1\n|-boost|p2a: Kommo-o|spa|1\n|-boost|p2a: Kommo-o|spd|1\n|-boost|p2a: Kommo-o|spe|1\n|move|p1a: Echo|Trick Room|p1a: Echo\n|-fieldstart|move: Trick Room|[of] p1a: Echo\n|\n|upkeep\n|turn|15\n|\n|t:|1698625004\n|switch|p1a: Nova|Melmetal|22\/100\n|move|p2a: Kommo-o|Flamethrower|p1a: Nova\n|-supereffective|p1a: Nova\n|-damage|p1a: Nova|0 fnt\n|faint|p1a: Nova\n|\n|upkeep\n|\n|t:|1698625008\n|switch|p1a: Valentina|Mawile-Mega, F|38\/100\n|turn|16\n|\n|t:|1698625010\n|move|p1a: Valentina|Play Rough|p2a: Kommo-o\n|-supereffective|p2a: Kommo-o\n|-damage|p2a: Kommo-o|0 fnt\n|faint|p2a: Kommo-o\n|\n|upkeep\n|\n|t:|1698625018\n|switch|p2a: Sneasler|Sneasler, M|100\/100\n|turn|17\n|\n|t:|1698625020\n|move|p2a: Sneasler|Fake Out|p1a: Valentina\n|-enditem|p2a: Sneasler|Normal Gem|[from] gem\n|-resisted|p1a: Valentina\n|-damage|p1a: Valentina|29\/100\n|cant|p1a: Valentina|flinch\n|\n|upkeep\n|turn|18\n|\n|t:|1698625041\n|move|p1a: Valentina|Play Rough|p2a: Sneasler\n|-damage|p2a: Sneasler|0 fnt\n|faint|p2a: Sneasler\n|\n|-fieldend|move: Trick Room\n|upkeep\n|\n|t:|1698625047\n|switch|p2a: Iron Valiant|Iron Valiant|100\/100\n|-enditem|p2a: Iron Valiant|Booster Energy\n|-activate|p2a: Iron Valiant|ability: Quark Drive|[fromitem]\n|-start|p2a: Iron Valiant|quarkdrivespe\n|turn|19\n|\n|t:|1698625049\n|move|p2a: Iron Valiant|Aura Sphere|p1a: Valentina\n|-damage|p1a: Valentina|0 fnt\n|faint|p1a: Valentina\n|\n|upkeep\n|\n|t:|1698625051\n|switch|p1a: Echo|Bronzong|70\/100\n|turn|20\n|\n|t:|1698625054\n|move|p2a: Iron Valiant|Aura Sphere|p1a: Echo\n|-damage|p1a: Echo|44\/100\n|move|p1a: Echo|Trick Room|p1a: Echo\n|-fieldstart|move: Trick Room|[of] p1a: Echo\n|\n|upkeep\n|turn|21\n|c|\u2606ToastTheDragon777|gg\n|\n|t:|1698625059\n|move|p1a: Echo|Gyro Ball|p2a: Iron Valiant\n|-supereffective|p2a: Iron Valiant\n|-damage|p2a: Iron Valiant|0 fnt\n|faint|p2a: Iron Valiant\n|-end|p2a: Iron Valiant|Quark Drive|[silent]\n|\n|win|straightoutta14BC\n|n|\u2606straightoutta14BC|straightoutta14bc\n|n|\u2606ToastTheDragon777|toastthedragon777\n|n| NDMS1B Victory|ndms1bvictory\n|n| NoahTheGreat6.4|noahthegreat64\n","uploadtime":1698625068,"views":7,"p1id":"straightoutta14bc","p2id":"toastthedragon777","formatid":"gen9nationaldexubers","rating":0,"private":0,"password":""}