{"id":"gen9nationaldexubers-1987497000","p1":"Registry","p2":"G_egg177","format":"[Gen 9] National Dex Ubers","log":"|j|\u2606Registry\n|j|\u2606G_egg177\n|t:|1699601658\n|gametype|singles\n|player|p1|Registry|harlequin|1058\n|player|p2|G_egg177|red|1087\n|teamsize|p1|6\n|teamsize|p2|6\n|gen|9\n|tier|[Gen 9] National Dex Ubers\n|rated|\n|rule|HP Percentage Mod: HP is shown in percentages\n|rule|Endless Battle Clause: Forcing endless battles is banned\n|rule|OHKO Clause: OHKO moves are banned\n|rule|Evasion Moves Clause: Evasion moves are banned\n|rule|Evasion Items Clause: Evasion items are banned\n|rule|Species Clause: Limit one of each Pok\u00e9mon\n|rule|Sleep Clause Mod: Limit one foe put to sleep\n|rule|Mega Rayquaza Clause: You cannot mega evolve Rayquaza\n|clearpoke\n|poke|p1|Pikachu-Alola, M|\n|poke|p1|Melmetal|\n|poke|p1|Lycanroc-Midnight, F|\n|poke|p1|Salazzle, F|\n|poke|p1|Palossand, F|\n|poke|p1|Tapu Fini|\n|poke|p2|Pikachu, F|\n|poke|p2|Venusaur, F|\n|poke|p2|Blastoise, F|\n|poke|p2|Charizard, M|\n|poke|p2|Snorlax, M|\n|poke|p2|Mewtwo|\n|teampreview\n|inactive|Battle timer is ON: inactive players will automatically lose when time's up. (requested by G_egg177)\n|\n|t:|1699601682\n|start\n|switch|p1a: Melmetal|Melmetal|100\/100\n|switch|p2a: Blastoise|Blastoise, F|100\/100\n|turn|1\n|\n|t:|1699601694\n|move|p2a: Blastoise|Shell Smash|p2a: Blastoise\n|-unboost|p2a: Blastoise|def|1\n|-unboost|p2a: Blastoise|spd|1\n|-boost|p2a: Blastoise|atk|2\n|-boost|p2a: Blastoise|spa|2\n|-boost|p2a: Blastoise|spe|2\n|move|p1a: Melmetal|Double Iron Bash|p2a: Blastoise\n|-resisted|p2a: Blastoise\n|-damage|p2a: Blastoise|70\/100\n|-resisted|p2a: Blastoise\n|-damage|p2a: Blastoise|43\/100\n|-hitcount|p2a: Blastoise|2\n|\n|upkeep\n|turn|2\n|\n|t:|1699601710\n|-terastallize|p2a: Blastoise|Water\n|move|p2a: Blastoise|Waterfall|p1a: Melmetal\n|-damage|p1a: Melmetal|67\/100\n|move|p1a: Melmetal|Double Iron Bash|p2a: Blastoise\n|-resisted|p2a: Blastoise\n|-damage|p2a: Blastoise|12\/100\n|-resisted|p2a: Blastoise\n|-damage|p2a: Blastoise|0 fnt\n|faint|p2a: Blastoise\n|-hitcount|p2: Blastoise|2\n|\n|upkeep\n|inactive|G_egg177 has 120 seconds left.\n|inactive|G_egg177 has 90 seconds left.\n|inactive|G_egg177 has 60 seconds left.\n|\n|t:|1699601794\n|switch|p2a: Charizard|Charizard, M|100\/100\n|turn|3\n|\n|t:|1699601801\n|switch|p1a: Lycanroc|Lycanroc-Midnight, F|100\/100\n|move|p2a: Charizard|Flamethrower|p1a: Lycanroc\n|-resisted|p1a: Lycanroc\n|-damage|p1a: Lycanroc|58\/100\n|\n|upkeep\n|turn|4\n|inactive|G_egg177 has 60 seconds left.\n|\n|t:|1699601824\n|move|p2a: Charizard|Flamethrower|p1a: Lycanroc\n|-resisted|p1a: Lycanroc\n|-damage|p1a: Lycanroc|11\/100\n|move|p1a: Lycanroc|Stone Edge|p2a: Charizard\n|-supereffective|p2a: Charizard\n|-damage|p2a: Charizard|0 fnt\n|faint|p2a: Charizard\n|\n|upkeep\n|inactive|G_egg177 has 30 seconds left.\n|inactive|G_egg177 has 20 seconds left.\n|c|\u2606G_egg177|I HOPE YOU GET R@Pe6d by several big black ni993a people\n|inactive|G_egg177 has 15 seconds left.\n|\n|t:|1699601871\n|switch|p2a: Snorlax|Snorlax, M|100\/100\n|turn|5\n|inactive|G_egg177 has 25 seconds left this turn.\n|inactive|G_egg177 has 20 seconds left.\n|\n|t:|1699601886\n|move|p1a: Lycanroc|Stone Edge|p2a: Snorlax\n|-crit|p2a: Snorlax\n|-damage|p2a: Snorlax|40\/100\n|move|p2a: Snorlax|Facade|p1a: Lycanroc\n|-resisted|p1a: Lycanroc\n|-damage|p1a: Lycanroc|0 fnt\n|faint|p1a: Lycanroc\n|\n|-status|p2a: Snorlax|brn|[from] item: Flame Orb\n|upkeep\n|inactive|G_egg177 has 25 seconds left this turn.\n|inactive|Registry has 120 seconds left.\n|\n|t:|1699601907\n|switch|p1a: Salazzle|Salazzle, F|100\/100\n|turn|6\n|\n|t:|1699601912\n|move|p1a: Salazzle|Fake Out|p2a: Snorlax\n|-damage|p2a: Snorlax|33\/100 brn\n|cant|p2a: Snorlax|flinch\n|\n|-damage|p2a: Snorlax|27\/100 brn|[from] brn\n|upkeep\n|turn|7\n|\n|t:|1699601919\n|move|p1a: Salazzle|Sludge Wave|p2a: Snorlax\n|-damage|p2a: Snorlax|0 fnt\n|faint|p2a: Snorlax\n|\n|upkeep\n|\n|t:|1699601927\n|switch|p2a: Mewtwo|Mewtwo|100\/100\n|-ability|p2a: Mewtwo|Pressure\n|turn|8\n|\n|t:|1699601934\n|switch|p1a: Palossand|Palossand, F|100\/100\n|detailschange|p2a: Mewtwo|Mewtwo-Mega-Y\n|-mega|p2a: Mewtwo|Mewtwo|Mewtwonite Y\n|move|p2a: Mewtwo|Psystrike|p1a: Palossand\n|-damage|p1a: Palossand|46\/100\n|\n|upkeep\n|turn|9\n|\n|t:|1699601943\n|move|p2a: Mewtwo|Shadow Ball|p1a: Palossand\n|-supereffective|p1a: Palossand\n|-damage|p1a: Palossand|0 fnt\n|faint|p1a: Palossand\n|\n|upkeep\n|\n|t:|1699601956\n|switch|p1a: Tapu Fini|Tapu Fini|100\/100\n|-fieldstart|move: Misty Terrain|[from] ability: Misty Surge|[of] p1a: Tapu Fini\n|turn|10\n|inactive|G_egg177 has 60 seconds left.\n|\n|t:|1699601965\n|move|p2a: Mewtwo|Psystrike|p1a: Tapu Fini\n|-damage|p1a: Tapu Fini|33\/100\n|move|p1a: Tapu Fini|Moonblast|p2a: Mewtwo\n|-damage|p2a: Mewtwo|70\/100\n|\n|upkeep\n|turn|11\n|\n|t:|1699601973\n|move|p2a: Mewtwo|Psystrike|p1a: Tapu Fini\n|-damage|p1a: Tapu Fini|0 fnt\n|faint|p1a: Tapu Fini\n|\n|upkeep\n|\n|t:|1699601983\n|switch|p1a: Pikachu|Pikachu-Alola, M|100\/100\n|turn|12\n|\n|t:|1699601995\n|move|p2a: Mewtwo|Psystrike|p1a: Pikachu\n|-damage|p1a: Pikachu|0 fnt\n|faint|p1a: Pikachu\n|\n|upkeep\n|\n|t:|1699602003\n|switch|p1a: Melmetal|Melmetal|67\/100\n|turn|13\n|\n|t:|1699602007\n|move|p2a: Mewtwo|Psystrike|p1a: Melmetal\n|-resisted|p1a: Melmetal\n|-crit|p1a: Melmetal\n|-damage|p1a: Melmetal|47\/100\n|-zpower|p1a: Melmetal\n|move|p1a: Melmetal|Corkscrew Crash|p2a: Mewtwo|[zeffect]\n|-damage|p2a: Mewtwo|0 fnt\n|faint|p2a: Mewtwo\n|\n|upkeep\n|\n|t:|1699602018\n|switch|p2a: Pikachu|Pikachu, F|100\/100\n|turn|14\n|\n|t:|1699602022\n|move|p2a: Pikachu|Hidden Power|p1a: Melmetal\n|-supereffective|p1a: Melmetal\n|-damage|p1a: Melmetal|0 fnt\n|faint|p1a: Melmetal\n|\n|-fieldend|Misty Terrain\n|upkeep\n|\n|t:|1699602027\n|switch|p1a: Salazzle|Salazzle, F|100\/100\n|turn|15\n|\n|t:|1699602034\n|move|p1a: Salazzle|Fake Out|p2a: Pikachu\n|-damage|p2a: Pikachu|79\/100\n|cant|p2a: Pikachu|flinch\n|\n|upkeep\n|turn|16\n|\n|t:|1699602040\n|move|p1a: Salazzle|Sludge Wave|p2a: Pikachu\n|-damage|p2a: Pikachu|0 fnt\n|faint|p2a: Pikachu\n|\n|upkeep\n|\n|t:|1699602045\n|switch|p2a: Venusaur|Venusaur, F|100\/100\n|turn|17\n|\n|t:|1699602049\n|move|p1a: Salazzle|Fire Blast|p2a: Venusaur\n|-supereffective|p2a: Venusaur\n|-damage|p2a: Venusaur|13\/100\n|move|p2a: Venusaur|Leech Seed|p1a: Salazzle\n|-start|p1a: Salazzle|move: Leech Seed\n|\n|-heal|p2a: Venusaur|19\/100|[from] item: Leftovers\n|-damage|p1a: Salazzle|88\/100|[from] Leech Seed|[of] p2a: Venusaur\n|-heal|p2a: Venusaur|29\/100|[silent]\n|upkeep\n|turn|18\n|inactive|G_egg177 has 120 seconds left.\n|\n|t:|1699602062\n|move|p2a: Venusaur|Protect|p2a: Venusaur\n|-singleturn|p2a: Venusaur|Protect\n|move|p1a: Salazzle|Sludge Wave|p2a: Venusaur\n|-activate|p2a: Venusaur|move: Protect\n|\n|-heal|p2a: Venusaur|35\/100|[from] item: Leftovers\n|-damage|p1a: Salazzle|76\/100|[from] Leech Seed|[of] p2a: Venusaur\n|-heal|p2a: Venusaur|44\/100|[silent]\n|upkeep\n|turn|19\n|inactive|G_egg177 has 120 seconds left.\n|\n|t:|1699602072\n|move|p1a: Salazzle|Fire Blast|p2a: Venusaur\n|-supereffective|p2a: Venusaur\n|-damage|p2a: Venusaur|0 fnt\n|faint|p2a: Venusaur\n|\n|win|Registry\n|raw|Registry's rating: 1058 &rarr; <strong>1092<\/strong><br \/>(+34 for winning)\n|raw|G_egg177's rating: 1087 &rarr; <strong>1062<\/strong><br \/>(-25 for losing)\n","uploadtime":1699601867,"views":9,"p1id":"registry","p2id":"gegg177","formatid":"gen9nationaldexubers","rating":1062,"private":0,"password":""}