{"id":"gen9nationaldexubers-1987869442","p1":"aquiles meo","p2":"Boatheconstrictor","format":"[Gen 9] National Dex Ubers","log":"|j|\u2606aquiles meo\n|j|\u203dBoatheconstrictor\n|t:|1699644368\n|gametype|singles\n|player|p1|aquiles meo|ethan|1091\n|player|p2|Boatheconstrictor|169|1054\n|teamsize|p1|6\n|teamsize|p2|6\n|gen|9\n|tier|[Gen 9] National Dex Ubers\n|rated|\n|rule|HP Percentage Mod: HP is shown in percentages\n|rule|Endless Battle Clause: Forcing endless battles is banned\n|rule|OHKO Clause: OHKO moves are banned\n|rule|Evasion Moves Clause: Evasion moves are banned\n|rule|Evasion Items Clause: Evasion items are banned\n|rule|Species Clause: Limit one of each Pok\u00e9mon\n|rule|Sleep Clause Mod: Limit one foe put to sleep\n|rule|Mega Rayquaza Clause: You cannot mega evolve Rayquaza\n|clearpoke\n|poke|p1|Jirachi|\n|poke|p1|Ho-Oh|\n|poke|p1|Rayquaza|\n|poke|p1|Pidgeot, M|\n|poke|p1|Lucario, M|\n|poke|p1|Luxray, M|\n|poke|p2|Kommo-o, M|\n|poke|p2|Blacephalon|\n|poke|p2|Genesect-Douse|\n|poke|p2|Eelektross, F|\n|poke|p2|Gliscor, F|\n|poke|p2|Tapu Bulu|\n|teampreview\n|\n|t:|1699644383\n|start\n|switch|p1a: Jirachi|Jirachi, shiny|100\/100\n|switch|p2a: Eelektross|Eelektross, F|100\/100\n|turn|1\n|\n|t:|1699644403\n|move|p1a: Jirachi|Iron Head|p2a: Eelektross\n|-resisted|p2a: Eelektross\n|-damage|p2a: Eelektross|83\/100\n|-damage|p1a: Jirachi|84\/100|[from] item: Rocky Helmet|[of] p2a: Eelektross\n|cant|p2a: Eelektross|flinch\n|\n|-heal|p1a: Jirachi|90\/100|[from] item: Leftovers\n|upkeep\n|turn|2\n|inactive|Battle timer is ON: inactive players will automatically lose when time's up. (requested by aquiles meo)\n|\n|t:|1699644449\n|move|p1a: Jirachi|Doom Desire|p2a: Eelektross\n|-start|p1a: Jirachi|Doom Desire\n|move|p2a: Eelektross|Stomping Tantrum|p1a: Jirachi\n|-supereffective|p1a: Jirachi\n|-damage|p1a: Jirachi|24\/100\n|\n|-heal|p1a: Jirachi|30\/100|[from] item: Leftovers\n|upkeep\n|turn|3\n|\n|t:|1699644474\n|switch|p1a: Rayquaza|Rayquaza, shiny|100\/100\n|-ability|p1a: Rayquaza|Air Lock\n|move|p2a: Eelektross|Stomping Tantrum|p1a: Rayquaza\n|-immune|p1a: Rayquaza\n|\n|upkeep\n|turn|4\n|\n|t:|1699644488\n|move|p1a: Rayquaza|Dragon Pulse|p2a: Eelektross\n|-damage|p2a: Eelektross|51\/100\n|move|p2a: Eelektross|Rock Slide|p1a: Rayquaza\n|-supereffective|p1a: Rayquaza\n|-damage|p1a: Rayquaza|59\/100\n|\n|-end|p2a: Eelektross|move: Doom Desire\n|-resisted|p2a: Eelektross\n|-damage|p2a: Eelektross|34\/100\n|upkeep\n|turn|5\n|inactive|aquiles meo has 120 seconds left.\n|\n|t:|1699644507\n|move|p1a: Rayquaza|Extreme Speed|p2a: Eelektross\n|-crit|p2a: Eelektross\n|-damage|p2a: Eelektross|0 fnt\n|-damage|p1a: Rayquaza|43\/100|[from] item: Rocky Helmet|[of] p2a: Eelektross\n|faint|p2a: Eelektross\n|\n|upkeep\n|\n|t:|1699644523\n|switch|p2a: Blacephalon|Blacephalon, shiny|100\/100\n|turn|6\n|inactive|aquiles meo has 120 seconds left.\n|\n|t:|1699644552\n|move|p2a: Blacephalon|Shadow Ball|p1a: Rayquaza\n|-damage|p1a: Rayquaza|3\/100\n|move|p1a: Rayquaza|Dragon Dance|p1a: Rayquaza\n|-boost|p1a: Rayquaza|atk|1\n|-boost|p1a: Rayquaza|spe|1\n|\n|upkeep\n|turn|7\n|\n|t:|1699644561\n|-terastallize|p1a: Rayquaza|Flying\n|move|p1a: Rayquaza|Dragon Ascent|p2a: Blacephalon\n|-damage|p2a: Blacephalon|0 fnt\n|-unboost|p1a: Rayquaza|def|1\n|-unboost|p1a: Rayquaza|spd|1\n|faint|p2a: Blacephalon\n|\n|upkeep\n|\n|t:|1699644570\n|switch|p2a: Genesect|Genesect-Douse, shiny|100\/100\n|-ability|p2a: Genesect|Download|boost\n|-boost|p2a: Genesect|atk|1\n|turn|8\n|inactive|aquiles meo has 120 seconds left.\n|\n|t:|1699644592\n|move|p1a: Rayquaza|Dragon Ascent|p2a: Genesect\n|-damage|p2a: Genesect|0 fnt\n|-unboost|p1a: Rayquaza|def|1\n|-unboost|p1a: Rayquaza|spd|1\n|faint|p2a: Genesect\n|\n|upkeep\n|\n|t:|1699644601\n|switch|p2a: Tapu Bulu|Tapu Bulu, shiny|100\/100\n|-fieldstart|move: Grassy Terrain|[from] ability: Grassy Surge|[of] p2a: Tapu Bulu\n|turn|9\n|inactive|aquiles meo has 120 seconds left.\n|\n|t:|1699644616\n|move|p1a: Rayquaza|Dragon Ascent|p2a: Tapu Bulu\n|-supereffective|p2a: Tapu Bulu\n|-damage|p2a: Tapu Bulu|0 fnt\n|-unboost|p1a: Rayquaza|def|1\n|-unboost|p1a: Rayquaza|spd|1\n|faint|p2a: Tapu Bulu\n|\n|upkeep\n|-message|Boatheconstrictor forfeited.\n|\n|win|aquiles meo\n|raw|aquiles meo's rating: 1091 &rarr; <strong>1115<\/strong><br \/>(+24 for winning)\n|raw|Boatheconstrictor's rating: 1054 &rarr; <strong>1038<\/strong><br \/>(-16 for losing)\n|l|\u203dBoatheconstrictor\n","uploadtime":1699644627,"views":5,"p1id":"aquilesmeo","p2id":"boatheconstrictor","formatid":"gen9nationaldexubers","rating":1038,"private":0,"password":""}