{"id":"gen9nationaldexubers-1986388570","p1":"musekek","p2":"tsutsujimori","format":"[Gen 9] National Dex Ubers","log":"|j|\u2606musekek\n|j|\u2606tsutsujimori\n|t:|1699474732\n|gametype|singles\n|player|p1|musekek|iris-gen5bw2|1063\n|player|p2|tsutsujimori|silver|1114\n|teamsize|p1|6\n|teamsize|p2|6\n|gen|9\n|tier|[Gen 9] National Dex Ubers\n|rated|\n|rule|HP Percentage Mod: HP is shown in percentages\n|rule|Endless Battle Clause: Forcing endless battles is banned\n|rule|OHKO Clause: OHKO moves are banned\n|rule|Evasion Moves Clause: Evasion moves are banned\n|rule|Evasion Items Clause: Evasion items are banned\n|rule|Species Clause: Limit one of each Pok\u00e9mon\n|rule|Sleep Clause Mod: Limit one foe put to sleep\n|rule|Mega Rayquaza Clause: You cannot mega evolve Rayquaza\n|clearpoke\n|poke|p1|Dragapult, M|\n|poke|p1|Great Tusk|\n|poke|p1|Corviknight, M|\n|poke|p1|Swampert, M|\n|poke|p1|Dragonite, M|\n|poke|p1|Lurantis, M|\n|poke|p2|Enamorus, F|\n|poke|p2|Kingambit, F|\n|poke|p2|Glimmora, F|\n|poke|p2|Chi-Yu|\n|poke|p2|Azumarill, M|\n|poke|p2|Meowscarada, M|\n|teampreview\n|inactive|Battle timer is ON: inactive players will automatically lose when time's up. (requested by tsutsujimori)\n|c|\u2606tsutsujimori|glhf\n|\n|t:|1699474743\n|start\n|switch|p1a: King DDZ|Dragapult, M|100\/100\n|switch|p2a: Glimmora|Glimmora, F|100\/100\n|turn|1\n|\n|t:|1699474751\n|move|p1a: King DDZ|Substitute|p1a: King DDZ\n|-start|p1a: King DDZ|Substitute\n|-damage|p1a: King DDZ|76\/100\n|move|p2a: Glimmora|Mortal Spin|p1a: King DDZ\n|-resisted|p1a: King DDZ\n|-activate|p1a: King DDZ|move: Substitute|[damage]\n|\n|upkeep\n|turn|2\n|\n|t:|1699474758\n|move|p1a: King DDZ|Dragon Dance|p1a: King DDZ\n|-boost|p1a: King DDZ|atk|1\n|-boost|p1a: King DDZ|spe|1\n|move|p2a: Glimmora|Stealth Rock|p1a: King DDZ\n|-sidestart|p1: musekek|move: Stealth Rock\n|\n|upkeep\n|turn|3\n|\n|t:|1699474781\n|move|p1a: King DDZ|Dragon Dance|p1a: King DDZ\n|-boost|p1a: King DDZ|atk|1\n|-boost|p1a: King DDZ|spe|1\n|move|p2a: Glimmora|Power Gem|p1a: King DDZ\n|-end|p1a: King DDZ|Substitute\n|\n|upkeep\n|turn|4\n|\n|t:|1699474788\n|move|p1a: King DDZ|Dragon Darts|p2a: Glimmora\n|-damage|p2a: Glimmora|43\/100\n|-activate|p2a: Glimmora|ability: Toxic Debris\n|-sidestart|p1: musekek|move: Toxic Spikes\n|-anim|p1a: King DDZ|Dragon Darts|p2a: Glimmora\n|-damage|p2a: Glimmora|0 fnt\n|-activate|p2a: Glimmora|ability: Toxic Debris\n|-sidestart|p1: musekek|move: Toxic Spikes\n|faint|p2a: Glimmora\n|\n|upkeep\n|\n|t:|1699474806\n|switch|p2a: Azumarill|Azumarill, M, shiny|100\/100\n|turn|5\n|\n|t:|1699474812\n|move|p2a: Azumarill|Aqua Jet|p1a: King DDZ\n|-resisted|p1a: King DDZ\n|-damage|p1a: King DDZ|59\/100\n|move|p1a: King DDZ|Substitute|p1a: King DDZ\n|-start|p1a: King DDZ|Substitute\n|-damage|p1a: King DDZ|34\/100\n|\n|upkeep\n|turn|6\n|\n|t:|1699474819\n|move|p1a: King DDZ|Dragon Dance|p1a: King DDZ\n|-boost|p1a: King DDZ|atk|1\n|-boost|p1a: King DDZ|spe|1\n|move|p2a: Azumarill|Belly Drum|p2a: Azumarill\n|-damage|p2a: Azumarill|50\/100\n|-setboost|p2a: Azumarill|atk|6|[from] move: Belly Drum\n|-enditem|p2a: Azumarill|Sitrus Berry|[eat]\n|-heal|p2a: Azumarill|75\/100|[from] item: Sitrus Berry\n|\n|upkeep\n|turn|7\n|\n|t:|1699474834\n|move|p2a: Azumarill|Aqua Jet|p1a: King DDZ\n|-resisted|p1a: King DDZ\n|-end|p1a: King DDZ|Substitute\n|move|p1a: King DDZ|Dragon Darts|p2a: Azumarill\n|-immune|p2a: Azumarill\n|\n|upkeep\n|turn|8\n|\n|t:|1699474845\n|move|p1a: King DDZ|Phantom Force||[still]\n|-prepare|p1a: King DDZ|Phantom Force\n|move|p2a: Azumarill|Play Rough|p1a: King DDZ|[miss]\n|-miss|p2a: Azumarill|p1a: King DDZ\n|\n|upkeep\n|turn|9\n|\n|t:|1699474852\n|move|p1a: King DDZ|Phantom Force|p2a: Azumarill|[from]lockedmove\n|-damage|p2a: Azumarill|0 fnt\n|faint|p2a: Azumarill\n|\n|upkeep\n|\n|t:|1699474857\n|switch|p2a: Enamorus|Enamorus, F, shiny|100\/100\n|turn|10\n|\n|t:|1699474862\n|move|p1a: King DDZ|Phantom Force||[still]\n|-prepare|p1a: King DDZ|Phantom Force\n|move|p2a: Enamorus|Moonblast|p1a: King DDZ|[miss]\n|-miss|p2a: Enamorus|p1a: King DDZ\n|\n|upkeep\n|turn|11\n|\n|t:|1699474867\n|move|p1a: King DDZ|Phantom Force|p2a: Enamorus|[from]lockedmove\n|-damage|p2a: Enamorus|0 fnt\n|faint|p2a: Enamorus\n|\n|upkeep\n|\n|t:|1699474877\n|switch|p2a: Meowscarada|Meowscarada, M, shiny|100\/100\n|turn|12\n|\n|t:|1699474892\n|move|p1a: King DDZ|Dragon Darts|p2a: Meowscarada\n|-damage|p2a: Meowscarada|2\/100\n|-anim|p1a: King DDZ|Dragon Darts|p2a: Meowscarada\n|-damage|p2a: Meowscarada|0 fnt\n|faint|p2a: Meowscarada\n|\n|upkeep\n|\n|t:|1699474898\n|switch|p2a: Chi-Yu|Chi-Yu|100\/100\n|-ability|p2a: Chi-Yu|Beads of Ruin\n|turn|13\n|\n|t:|1699474905\n|-terastallize|p2a: Chi-Yu|Fire\n|move|p1a: King DDZ|Dragon Darts|p2a: Chi-Yu\n|-damage|p2a: Chi-Yu|0 fnt\n|faint|p2a: Chi-Yu\n|\n|upkeep\n|\n|t:|1699474910\n|switch|p2a: Kingambit|Kingambit, F|100\/100\n|-activate|p2a: Kingambit|ability: Supreme Overlord\n|-start|p2a: Kingambit|fallen5|[silent]\n|turn|14\n|\n|t:|1699474916\n|move|p2a: Kingambit|Sucker Punch|p1a: King DDZ\n|-supereffective|p1a: King DDZ\n|-damage|p1a: King DDZ|0 fnt\n|faint|p1a: King DDZ\n|\n|upkeep\n|\n|t:|1699474922\n|switch|p1a: win button|Great Tusk|100\/100\n|-damage|p1a: win button|98\/100|[from] Stealth Rock\n|-status|p1a: win button|tox\n|-enditem|p1a: win button|Booster Energy\n|-activate|p1a: win button|ability: Protosynthesis|[fromitem]\n|-start|p1a: win button|protosynthesisatk\n|turn|15\n|\n|t:|1699474931\n|-terastallize|p1a: win button|Ground\n|move|p2a: Kingambit|Sucker Punch|p1a: win button\n|-damage|p1a: win button|54\/100 tox\n|move|p1a: win button|Headlong Rush|p2a: Kingambit\n|-supereffective|p2a: Kingambit\n|-damage|p2a: Kingambit|0 fnt\n|-unboost|p1a: win button|def|1\n|-unboost|p1a: win button|spd|1\n|faint|p2a: Kingambit\n|-end|p2a: Kingambit|fallen5|[silent]\n|\n|win|musekek\n|raw|musekek's rating: 1063 &rarr; <strong>1098<\/strong><br \/>(+35 for winning)\n|raw|tsutsujimori's rating: 1114 &rarr; <strong>1085<\/strong><br \/>(-29 for losing)\n|c|\u2606tsutsujimori|gg\n","uploadtime":1699474942,"views":6,"p1id":"musekek","p2id":"tsutsujimori","formatid":"gen9nationaldexubers","rating":1085,"private":0,"password":""}