{"id":"gen9nationaldexubers-1998885832","p1":"Bloze","p2":"Chaitanya15","format":"[Gen 9] National Dex Ubers","log":"|j|\u2606Bloze\n|j|\u2606Chaitanya15\n|t:|1701008588\n|gametype|singles\n|player|p1|Bloze|dawn|1442\n|player|p2|Chaitanya15|102|1465\n|teamsize|p1|6\n|teamsize|p2|6\n|gen|9\n|tier|[Gen 9] National Dex Ubers\n|rated|\n|rule|HP Percentage Mod: HP is shown in percentages\n|rule|Endless Battle Clause: Forcing endless battles is banned\n|rule|OHKO Clause: OHKO moves are banned\n|rule|Evasion Moves Clause: Evasion moves are banned\n|rule|Evasion Items Clause: Evasion items are banned\n|rule|Species Clause: Limit one of each Pok\u00e9mon\n|rule|Sleep Clause Mod: Limit one foe put to sleep\n|rule|Mega Rayquaza Clause: You cannot mega evolve Rayquaza\n|clearpoke\n|poke|p1|Zacian-*|\n|poke|p1|Genesect|\n|poke|p1|Xurkitree|\n|poke|p1|Ditto|\n|poke|p1|Mewtwo|\n|poke|p1|Lugia|\n|poke|p2|Kingambit, M|\n|poke|p2|Basculegion, M|\n|poke|p2|Kyogre|\n|poke|p2|Flutter Mane|\n|poke|p2|Deoxys-Speed|\n|poke|p2|Groudon|\n|teampreview\n|inactive|Battle timer is ON: inactive players will automatically lose when time's up. (requested by Bloze)\n|\n|t:|1701008597\n|start\n|switch|p1a: Xurkitree|Xurkitree|100\/100\n|switch|p2a: Deoxys|Deoxys-Speed|100\/100\n|-ability|p2a: Deoxys|Pressure\n|turn|1\n|\n|t:|1701008609\n|move|p2a: Deoxys|Stealth Rock|p1a: Xurkitree\n|-sidestart|p1: Bloze|move: Stealth Rock\n|-zpower|p1a: Xurkitree\n|move|p1a: Xurkitree|Z-Hypnosis|p2a: Deoxys|[anim]Hypnosis\n|-boost|p1a: Xurkitree|spe|1|[zeffect]\n|-status|p2a: Deoxys|slp|[from] move: Hypnosis\n|\n|upkeep\n|turn|2\n|\n|t:|1701008620\n|cant|p2a: Deoxys|slp\n|move|p1a: Xurkitree|Discharge|p2a: Deoxys\n|-crit|p2a: Deoxys\n|-damage|p2a: Deoxys|1\/100 slp\n|\n|upkeep\n|turn|3\n|\n|t:|1701008635\n|-curestatus|p2a: Deoxys|slp|[msg]\n|move|p2a: Deoxys|Spikes|p1a: Xurkitree\n|-sidestart|p1: Bloze|Spikes\n|move|p1a: Xurkitree|Discharge|p2a: Deoxys\n|-damage|p2a: Deoxys|0 fnt\n|faint|p2a: Deoxys\n|-ability|p1a: Xurkitree|Beast Boost|boost\n|-boost|p1a: Xurkitree|spa|1\n|\n|upkeep\n|\n|t:|1701008646\n|switch|p2a: Flutter Mane|Flutter Mane|100\/100\n|-enditem|p2a: Flutter Mane|Booster Energy\n|-activate|p2a: Flutter Mane|ability: Protosynthesis|[fromitem]\n|-start|p2a: Flutter Mane|protosynthesisspe\n|turn|4\n|\n|t:|1701008654\n|move|p2a: Flutter Mane|Moonblast|p1a: Xurkitree\n|-damage|p1a: Xurkitree|27\/100\n|move|p1a: Xurkitree|Discharge|p2a: Flutter Mane\n|-damage|p2a: Flutter Mane|21\/100\n|\n|upkeep\n|turn|5\n|\n|t:|1701008663\n|move|p2a: Flutter Mane|Moonblast|p1a: Xurkitree\n|-damage|p1a: Xurkitree|0 fnt\n|faint|p1a: Xurkitree\n|\n|upkeep\n|\n|t:|1701008677\n|switch|p1a: Ditto|Ditto|100\/100\n|-damage|p1a: Ditto|88\/100|[from] Stealth Rock\n|-damage|p1a: Ditto|76\/100|[from] Spikes\n|-transform|p1a: Ditto|p2a: Flutter Mane|[from] ability: Imposter\n|turn|6\n|\n|t:|1701008684\n|-terastallize|p1a: Ditto|Normal\n|move|p1a: Ditto|Shadow Ball|p2a: Flutter Mane\n|-supereffective|p2a: Flutter Mane\n|-damage|p2a: Flutter Mane|0 fnt\n|faint|p2a: Flutter Mane\n|-end|p2a: Flutter Mane|Protosynthesis|[silent]\n|\n|upkeep\n|\n|t:|1701008694\n|switch|p2a: Kingambit|Kingambit, M|100\/100\n|-activate|p2a: Kingambit|ability: Supreme Overlord\n|-start|p2a: Kingambit|fallen2|[silent]\n|turn|7\n|\n|t:|1701008699\n|-end|p1a: Ditto|Protosynthesis|[silent]\n|switch|p1a: Lugia|Lugia|100\/100\n|move|p2a: Kingambit|Swords Dance|p2a: Kingambit\n|-boost|p2a: Kingambit|atk|2\n|\n|upkeep\n|turn|8\n|\n|t:|1701008706\n|move|p1a: Lugia|Defog|p2a: Kingambit\n|-unboost|p2a: Kingambit|evasion|1\n|-sideend|p1: Bloze|Spikes|[from] move: Defog|[of] p1a: Lugia\n|-sideend|p1: Bloze|Stealth Rock|[from] move: Defog|[of] p1a: Lugia\n|move|p2a: Kingambit|Kowtow Cleave|p1a: Lugia\n|-supereffective|p1a: Lugia\n|-damage|p1a: Lugia|6\/100\n|-damage|p2a: Kingambit|91\/100|[from] item: Life Orb\n|\n|upkeep\n|turn|9\n|\n|t:|1701008717\n|move|p2a: Kingambit|Sucker Punch||[still]\n|-fail|p2a: Kingambit\n|move|p1a: Lugia|Roost|p1a: Lugia\n|-heal|p1a: Lugia|56\/100\n|-singleturn|p1a: Lugia|move: Roost\n|\n|upkeep\n|turn|10\n|\n|t:|1701008725\n|move|p1a: Lugia|Roost|p1a: Lugia\n|-heal|p1a: Lugia|100\/100\n|-singleturn|p1a: Lugia|move: Roost\n|move|p2a: Kingambit|Kowtow Cleave|p1a: Lugia\n|-supereffective|p1a: Lugia\n|-crit|p1a: Lugia\n|-damage|p1a: Lugia|0 fnt\n|faint|p1a: Lugia\n|-damage|p2a: Kingambit|81\/100|[from] item: Life Orb\n|\n|upkeep\n|j| Teded17669\n|l| Teded17669\n|\n|t:|1701008736\n|switch|p1a: Ditto|Ditto, tera:Normal|76\/100\n|-transform|p1a: Ditto|p2a: Kingambit|[from] ability: Imposter\n|-activate|p1a: Ditto|ability: Supreme Overlord\n|-start|p1a: Ditto|fallen2|[silent]\n|turn|11\n|\n|t:|1701008747\n|move|p1a: Ditto|Sucker Punch|p2a: Kingambit\n|-resisted|p2a: Kingambit\n|-damage|p2a: Kingambit|44\/100\n|move|p2a: Kingambit|Kowtow Cleave|p1a: Ditto\n|-damage|p1a: Ditto|0 fnt\n|faint|p1a: Ditto\n|-end|p1a: Ditto|fallen2|[silent]\n|-damage|p2a: Kingambit|34\/100|[from] item: Life Orb\n|\n|upkeep\n|\n|t:|1701008775\n|switch|p1a: Zacian|Zacian-Crowned, shiny|100\/100\n|-ability|p1a: Zacian|Intrepid Sword|boost\n|-boost|p1a: Zacian|atk|1\n|turn|12\n|\n|t:|1701008783\n|move|p1a: Zacian|Close Combat|p2a: Kingambit\n|-supereffective|p2a: Kingambit\n|-damage|p2a: Kingambit|0 fnt\n|-unboost|p1a: Zacian|def|1\n|-unboost|p1a: Zacian|spd|1\n|faint|p2a: Kingambit\n|-end|p2a: Kingambit|fallen2|[silent]\n|\n|upkeep\n|\n|t:|1701008791\n|switch|p2a: Groudon|Groudon|100\/100\n|detailschange|p2a: Groudon|Groudon-Primal\n|-primal|p2a: Groudon|Red Orb\n|-weather|DesolateLand|[from] ability: Desolate Land|[of] p2a: Groudon\n|turn|13\n|\n|t:|1701008798\n|move|p1a: Zacian|Close Combat|p2a: Groudon\n|-damage|p2a: Groudon|57\/100\n|-unboost|p1a: Zacian|def|1\n|-unboost|p1a: Zacian|spd|1\n|move|p2a: Groudon|Rock Polish|p2a: Groudon\n|-boost|p2a: Groudon|spe|2\n|\n|-weather|DesolateLand|[upkeep]\n|upkeep\n|turn|14\n|j| cheese miestro\n|j| Teded17669\n|\n|t:|1701008806\n|move|p2a: Groudon|Heat Crash|p1a: Zacian\n|-supereffective|p1a: Zacian\n|-damage|p1a: Zacian|0 fnt\n|faint|p1a: Zacian\n|\n|-weather|DesolateLand|[upkeep]\n|upkeep\n|j| 0 Morien 0\n|l| Teded17669\n|l| 0 Morien 0\n|\n|t:|1701008818\n|switch|p1a: Genesect|Genesect, shiny|100\/100\n|-ability|p1a: Genesect|Download|boost\n|-boost|p1a: Genesect|spa|1\n|turn|15\n|\n|t:|1701008822\n|move|p1a: Genesect|Extreme Speed|p2a: Groudon\n|-damage|p2a: Groudon|32\/100\n|move|p2a: Groudon|Heat Crash|p1a: Genesect\n|-supereffective|p1a: Genesect\n|-damage|p1a: Genesect|0 fnt\n|faint|p1a: Genesect\n|\n|-weather|DesolateLand|[upkeep]\n|upkeep\n|\n|t:|1701008825\n|switch|p1a: Mewtwo|Mewtwo|100\/100\n|-ability|p1a: Mewtwo|Pressure\n|turn|16\n|-message|Bloze forfeited.\n|\n|win|Chaitanya15\n|raw|Bloze's rating: 1418 &rarr; <strong>1401<\/strong><br \/>(-17 for losing)\n|raw|Chaitanya15's rating: 1465 &rarr; <strong>1482<\/strong><br \/>(+17 for winning)\n|l|\u2606Bloze\n","uploadtime":1701008839,"views":15,"p1id":"bloze","p2id":"chaitanya15","formatid":"gen9nationaldexubers","rating":1401,"private":0,"password":""}