{"id":"gen9nationaldexubers-1998267373","p1":"evnathebestest","p2":"18Angel2001","format":"[Gen 9] National Dex Ubers","log":"|j|\u2606evnathebestest\n|j|\u260618Angel2001\n|t:|1700922328\n|gametype|singles\n|player|p1|evnathebestest|169|1226\n|player|p2|18Angel2001|nate|1361\n|teamsize|p1|6\n|teamsize|p2|6\n|gen|9\n|tier|[Gen 9] National Dex Ubers\n|rated|\n|rule|HP Percentage Mod: HP is shown in percentages\n|rule|Endless Battle Clause: Forcing endless battles is banned\n|rule|OHKO Clause: OHKO moves are banned\n|rule|Evasion Moves Clause: Evasion moves are banned\n|rule|Evasion Items Clause: Evasion items are banned\n|rule|Species Clause: Limit one of each Pok\u00e9mon\n|rule|Sleep Clause Mod: Limit one foe put to sleep\n|rule|Mega Rayquaza Clause: You cannot mega evolve Rayquaza\n|clearpoke\n|poke|p1|Kyogre|\n|poke|p1|Abomasnow, F|\n|poke|p1|Slowbro, M|\n|poke|p1|Rayquaza|\n|poke|p1|Darkrai|\n|poke|p1|Lugia|\n|poke|p2|Urshifu-*, F|\n|poke|p2|Melmetal|\n|poke|p2|Ogerpon-Hearthflame, F|\n|poke|p2|Naganadel|\n|poke|p2|Blastoise, M|\n|poke|p2|Flutter Mane|\n|teampreview\n|inactive|Battle timer is ON: inactive players will automatically lose when time's up. (requested by 18Angel2001)\n|\n|t:|1700922378\n|start\n|switch|p1a: green dildalina|Rayquaza|100\/100\n|switch|p2a: Urshifu|Urshifu, F|100\/100\n|-ability|p1a: green dildalina|Air Lock\n|turn|1\n|\n|t:|1700922386\n|move|p2a: Urshifu|U-turn|p1a: green dildalina\n|-resisted|p1a: green dildalina\n|-damage|p1a: green dildalina|86\/100\n|\n|t:|1700922389\n|switch|p2a: Melmetal|Melmetal|100\/100|[from] U-turn\n|move|p1a: green dildalina|Dragon Dance|p1a: green dildalina\n|-boost|p1a: green dildalina|atk|1\n|-boost|p1a: green dildalina|spe|1\n|\n|upkeep\n|turn|2\n|\n|t:|1700922397\n|move|p1a: green dildalina|V-create|p2a: Melmetal\n|-supereffective|p2a: Melmetal\n|-damage|p2a: Melmetal|0 fnt\n|-unboost|p1a: green dildalina|spe|1\n|-unboost|p1a: green dildalina|def|1\n|-unboost|p1a: green dildalina|spd|1\n|faint|p2a: Melmetal\n|-damage|p1a: green dildalina|76\/100|[from] item: Life Orb\n|\n|upkeep\n|\n|t:|1700922407\n|switch|p2a: Naganadel|Naganadel|100\/100\n|turn|3\n|\n|t:|1700922414\n|switch|p1a: slave|Slowbro, M, shiny|100\/100\n|move|p2a: Naganadel|Dragon Pulse|p1a: slave\n|-damage|p1a: slave|52\/100\n|\n|upkeep\n|turn|4\n|\n|t:|1700922423\n|move|p2a: Naganadel|Nasty Plot|p2a: Naganadel\n|-boost|p2a: Naganadel|spa|2\n|move|p1a: slave|Teleport|p1a: slave\n|\n|t:|1700922433\n|switch|p1a: horse juice|Lugia|100\/100|[from] Teleport\n|\n|upkeep\n|turn|5\n|\n|t:|1700922443\n|move|p2a: Naganadel|Sludge Wave|p1a: horse juice\n|-damage|p1a: horse juice|74\/100\n|move|p1a: horse juice|Psychic|p2a: Naganadel\n|-supereffective|p2a: Naganadel\n|-damage|p2a: Naganadel|16\/100\n|\n|-heal|p1a: horse juice|80\/100|[from] item: Leftovers\n|upkeep\n|turn|6\n|\n|t:|1700922451\n|move|p2a: Naganadel|Sludge Wave|p1a: horse juice\n|-damage|p1a: horse juice|29\/100\n|move|p1a: horse juice|Psychic|p2a: Naganadel\n|-supereffective|p2a: Naganadel\n|-damage|p2a: Naganadel|0 fnt\n|faint|p2a: Naganadel\n|\n|-heal|p1a: horse juice|35\/100|[from] item: Leftovers\n|upkeep\n|\n|t:|1700922461\n|switch|p2a: Flutter Mane|Flutter Mane|100\/100\n|-enditem|p2a: Flutter Mane|Booster Energy\n|-activate|p2a: Flutter Mane|ability: Protosynthesis|[fromitem]\n|-start|p2a: Flutter Mane|protosynthesisspe\n|turn|7\n|\n|t:|1700922468\n|move|p2a: Flutter Mane|Shadow Ball|p1a: horse juice\n|-supereffective|p1a: horse juice\n|-damage|p1a: horse juice|0 fnt\n|faint|p1a: horse juice\n|\n|upkeep\n|\n|t:|1700922482\n|switch|p1a: juice|Kyogre, shiny|100\/100\n|-weather|RainDance|[from] ability: Drizzle|[of] p1a: juice\n|turn|8\n|\n|t:|1700922489\n|move|p2a: Flutter Mane|Moonblast|p1a: juice\n|-damage|p1a: juice|68\/100\n|move|p1a: juice|Water Spout|p2a: Flutter Mane\n|-damage|p2a: Flutter Mane|0 fnt\n|faint|p2a: Flutter Mane\n|-end|p2a: Flutter Mane|Protosynthesis|[silent]\n|\n|-weather|RainDance|[upkeep]\n|upkeep\n|\n|t:|1700922505\n|switch|p2a: Blastoise|Blastoise, M|100\/100\n|turn|9\n|\n|t:|1700922510\n|detailschange|p2a: Blastoise|Blastoise-Mega, M\n|-mega|p2a: Blastoise|Blastoise|Blastoisinite\n|move|p2a: Blastoise|Shell Smash|p2a: Blastoise\n|-unboost|p2a: Blastoise|def|1\n|-unboost|p2a: Blastoise|spd|1\n|-boost|p2a: Blastoise|atk|2\n|-boost|p2a: Blastoise|spa|2\n|-boost|p2a: Blastoise|spe|2\n|move|p1a: juice|Thunder|p2a: Blastoise\n|-supereffective|p2a: Blastoise\n|-damage|p2a: Blastoise|0 fnt\n|faint|p2a: Blastoise\n|\n|-weather|RainDance|[upkeep]\n|upkeep\n|\n|t:|1700922523\n|switch|p2a: Ogerpon|Ogerpon-Hearthflame, F|100\/100\n|-ability|p2a: Ogerpon|Mold Breaker\n|turn|10\n|\n|t:|1700922534\n|switch|p1a: slave|Slowbro, M, shiny|85\/100\n|move|p2a: Ogerpon|Trailblaze|p1a: slave\n|-supereffective|p1a: slave\n|-damage|p1a: slave|53\/100\n|-boost|p2a: Ogerpon|spe|1\n|\n|-weather|RainDance|[upkeep]\n|upkeep\n|turn|11\n|\n|t:|1700922553\n|move|p2a: Ogerpon|Horn Leech|p1a: slave\n|-supereffective|p1a: slave\n|-damage|p1a: slave|0 fnt\n|faint|p1a: slave\n|\n|-weather|RainDance|[upkeep]\n|upkeep\n|\n|t:|1700922567\n|switch|p1a: green dildalina|Rayquaza|76\/100\n|-ability|p1a: green dildalina|Air Lock\n|turn|12\n|\n|t:|1700922573\n|-terastallize|p2a: Ogerpon|Fire\n|detailschange|p2a: Ogerpon|Ogerpon-Hearthflame-Tera, F, tera:Fire\n|-ability|p2a: Ogerpon|Embody Aspect (Hearthflame)|boost\n|-boost|p2a: Ogerpon|atk|1\n|move|p2a: Ogerpon|Ivy Cudgel|p1a: green dildalina|[anim] Ivy Cudgel Fire\n|-resisted|p1a: green dildalina\n|-damage|p1a: green dildalina|10\/100\n|move|p1a: green dildalina|Dragon Dance|p1a: green dildalina\n|-boost|p1a: green dildalina|atk|1\n|-boost|p1a: green dildalina|spe|1\n|\n|-weather|none\n|upkeep\n|turn|13\n|\n|t:|1700922591\n|move|p1a: green dildalina|Extreme Speed|p2a: Ogerpon\n|-damage|p2a: Ogerpon|25\/100\n|-damage|p1a: green dildalina|0 fnt|[from] item: Life Orb\n|faint|p1a: green dildalina\n|move|p2a: Ogerpon|Ivy Cudgel|p1: green dildalina|[notarget]\n|-fail|p2a: Ogerpon\n|\n|upkeep\n|\n|t:|1700922603\n|switch|p1a: sexy god|Abomasnow, F, shiny|100\/100\n|-weather|Snow|[from] ability: Snow Warning|[of] p1a: sexy god\n|turn|14\n|\n|t:|1700922609\n|move|p2a: Ogerpon|Ivy Cudgel|p1a: sexy god|[anim] Ivy Cudgel Fire\n|-supereffective|p1a: sexy god\n|-damage|p1a: sexy god|0 fnt\n|faint|p1a: sexy god\n|\n|-weather|Snow|[upkeep]\n|upkeep\n|\n|t:|1700922613\n|switch|p1a: juice|Kyogre, shiny|68\/100\n|-weather|RainDance|[from] ability: Drizzle|[of] p1a: juice\n|turn|15\n|\n|t:|1700922620\n|move|p2a: Ogerpon|Horn Leech|p1a: juice\n|-supereffective|p1a: juice\n|-damage|p1a: juice|0 fnt\n|-heal|p2a: Ogerpon|69\/100|[from] drain|[of] p1a: juice\n|faint|p1a: juice\n|\n|-weather|RainDance|[upkeep]\n|upkeep\n|\n|t:|1700922623\n|switch|p1a: bbc mass|Darkrai|100\/100\n|turn|16\n|\n|t:|1700922631\n|move|p2a: Ogerpon|Ivy Cudgel|p1a: bbc mass|[anim] Ivy Cudgel Fire\n|-damage|p1a: bbc mass|18\/100\n|move|p1a: bbc mass|Dark Pulse|p2a: Ogerpon\n|-damage|p2a: Ogerpon|9\/100\n|\n|-weather|RainDance|[upkeep]\n|upkeep\n|turn|17\n|c|\u2606evnathebestest|WHY ISNT HE DEAD WHAT THE FUCK\n|\n|t:|1700922648\n|move|p2a: Ogerpon|Horn Leech|p1a: bbc mass\n|-damage|p1a: bbc mass|0 fnt\n|-heal|p2a: Ogerpon|18\/100|[from] drain|[of] p1a: bbc mass\n|faint|p1a: bbc mass\n|\n|win|18Angel2001\n|raw|evnathebestest's rating: 1226 &rarr; <strong>1210<\/strong><br \/>(-16 for losing)\n|raw|18Angel2001's rating: 1361 &rarr; <strong>1374<\/strong><br \/>(+13 for winning)\n","uploadtime":1700922645,"views":0,"p1id":"evnathebestest","p2id":"18angel2001","formatid":"gen9nationaldexubers","rating":1210,"private":0,"password":""}