{"id":"gen9nationaldexubers-1999102019","p1":"larsonshark","p2":"szymszym134","format":"[Gen 9] National Dex Ubers","log":"|j|\u2606larsonshark\n|j|\u2606szymszym134\n|t:|1701033336\n|gametype|singles\n|player|p1|larsonshark|caitlin|1392\n|player|p2|szymszym134|doubleteam|1672\n|teamsize|p1|6\n|teamsize|p2|6\n|gen|9\n|tier|[Gen 9] National Dex Ubers\n|rated|\n|rule|HP Percentage Mod: HP is shown in percentages\n|rule|Endless Battle Clause: Forcing endless battles is banned\n|rule|OHKO Clause: OHKO moves are banned\n|rule|Evasion Moves Clause: Evasion moves are banned\n|rule|Evasion Items Clause: Evasion items are banned\n|rule|Species Clause: Limit one of each Pok\u00e9mon\n|rule|Sleep Clause Mod: Limit one foe put to sleep\n|rule|Mega Rayquaza Clause: You cannot mega evolve Rayquaza\n|clearpoke\n|poke|p1|Grimmsnarl, M|\n|poke|p1|Smeargle, M|\n|poke|p1|Ditto|\n|poke|p1|Ho-Oh|\n|poke|p1|Zygarde-10%|\n|poke|p1|Mew|\n|poke|p2|Magearna|\n|poke|p2|Arceus-Ground|\n|poke|p2|Yveltal|\n|poke|p2|Ditto|\n|poke|p2|Garganacl, F|\n|poke|p2|Zygarde|\n|teampreview\n|inactive|Battle timer is ON: inactive players will automatically lose when time's up. (requested by szymszym134)\n|inactive|larsonshark also wants the timer to be on.\n|\n|t:|1701033354\n|start\n|switch|p1a: Grimmsnarl|Grimmsnarl, M, shiny|100\/100\n|switch|p2a: Arceus|Arceus-Ground|100\/100\n|turn|1\n|\n|t:|1701033361\n|move|p1a: Grimmsnarl|Light Screen|p1a: Grimmsnarl\n|-sidestart|p1: larsonshark|move: Light Screen\n|move|p2a: Arceus|Taunt|p1a: Grimmsnarl\n|-start|p1a: Grimmsnarl|move: Taunt\n|\n|upkeep\n|turn|2\n|\n|t:|1701033366\n|switch|p1a: Ho-Oh|Ho-Oh|100\/100\n|move|p2a: Arceus|Toxic|p1a: Ho-Oh\n|-status|p1a: Ho-Oh|tox\n|\n|-damage|p1a: Ho-Oh|94\/100 tox|[from] psn\n|upkeep\n|turn|3\n|\n|t:|1701033370\n|move|p2a: Arceus|Taunt|p1a: Ho-Oh\n|-start|p1a: Ho-Oh|move: Taunt\n|cant|p1a: Ho-Oh|move: Taunt|Toxic\n|\n|-damage|p1a: Ho-Oh|82\/100 tox|[from] psn\n|upkeep\n|turn|4\n|\n|t:|1701033378\n|move|p2a: Arceus|Judgment|p1a: Ho-Oh\n|-immune|p1a: Ho-Oh\n|move|p1a: Ho-Oh|Sacred Fire|p2a: Arceus\n|-damage|p2a: Arceus|71\/100\n|\n|-damage|p1a: Ho-Oh|63\/100 tox|[from] psn\n|upkeep\n|turn|5\n|\n|t:|1701033390\n|switch|p1a: Grimmsnarl|Grimmsnarl, M, shiny|100\/100\n|move|p2a: Arceus|Judgment|p1a: Grimmsnarl\n|-damage|p1a: Grimmsnarl|77\/100\n|\n|upkeep\n|turn|6\n|\n|t:|1701033399\n|move|p1a: Grimmsnarl|Parting Shot|p2a: Arceus\n|-unboost|p2a: Arceus|atk|1\n|-unboost|p2a: Arceus|spa|1\n|\n|t:|1701033403\n|switch|p1a: Mew|Mew|100\/100|[from] Parting Shot\n|move|p2a: Arceus|Toxic|p1a: Mew\n|-status|p1a: Mew|tox\n|-activate|p1a: Mew|ability: Synchronize\n|-status|p2a: Arceus|tox\n|\n|-damage|p2a: Arceus|65\/100 tox|[from] psn\n|-damage|p1a: Mew|94\/100 tox|[from] psn\n|upkeep\n|turn|7\n|\n|t:|1701033411\n|switch|p1a: Ho-Oh|Ho-Oh|97\/100 tox\n|move|p2a: Arceus|Taunt|p1a: Ho-Oh\n|-start|p1a: Ho-Oh|move: Taunt\n|\n|-damage|p2a: Arceus|53\/100 tox|[from] psn\n|-damage|p1a: Ho-Oh|91\/100 tox|[from] psn\n|upkeep\n|turn|8\n|\n|t:|1701033414\n|switch|p2a: Garganacl|Garganacl, F|100\/100\n|move|p1a: Ho-Oh|Sacred Fire|p2a: Garganacl\n|-resisted|p2a: Garganacl\n|-damage|p2a: Garganacl|88\/100\n|\n|-heal|p2a: Garganacl|95\/100|[from] item: Leftovers\n|-damage|p1a: Ho-Oh|78\/100 tox|[from] psn\n|-sideend|p1: larsonshark|move: Light Screen\n|upkeep\n|turn|9\n|\n|t:|1701033419\n|switch|p1a: Zygarde|Zygarde-10%|100\/100\n|move|p2a: Garganacl|Stealth Rock|p1a: Zygarde\n|-sidestart|p1: larsonshark|move: Stealth Rock\n|\n|-heal|p2a: Garganacl|100\/100|[from] item: Leftovers\n|upkeep\n|turn|10\n|\n|t:|1701033424\n|move|p1a: Zygarde|Dragon Dance|p1a: Zygarde\n|-boost|p1a: Zygarde|atk|1\n|-boost|p1a: Zygarde|spe|1\n|move|p2a: Garganacl|Salt Cure|p1a: Zygarde\n|-resisted|p1a: Zygarde\n|-damage|p1a: Zygarde|88\/100\n|-start|p1a: Zygarde|Salt Cure\n|\n|-damage|p1a: Zygarde|75\/100|[from] Salt Cure\n|upkeep\n|turn|11\n|\n|t:|1701033432\n|switch|p2a: Zygarde|Zygarde|100\/100\n|move|p1a: Zygarde|Dragon Dance|p1a: Zygarde\n|-boost|p1a: Zygarde|atk|1\n|-boost|p1a: Zygarde|spe|1\n|\n|-damage|p1a: Zygarde|63\/100|[from] Salt Cure\n|upkeep\n|turn|12\n|\n|t:|1701033438\n|-terastallize|p2a: Zygarde|Fairy\n|move|p1a: Zygarde|Scale Shot|p2a: Zygarde\n|-immune|p2a: Zygarde\n|move|p2a: Zygarde|Coil|p2a: Zygarde\n|-boost|p2a: Zygarde|atk|1\n|-boost|p2a: Zygarde|def|1\n|-boost|p2a: Zygarde|accuracy|1\n|\n|-damage|p1a: Zygarde|50\/100|[from] Salt Cure\n|-activate|p1a: Zygarde|ability: Power Construct\n|detailschange|p1a: Zygarde|Zygarde-Complete\n|-heal|p1a: Zygarde|79\/100|[silent]\n|upkeep\n|turn|13\n|\n|t:|1701033443\n|move|p1a: Zygarde|Thousand Arrows|p2a: Zygarde\n|-damage|p2a: Zygarde|62\/100\n|move|p2a: Zygarde|Coil|p2a: Zygarde\n|-boost|p2a: Zygarde|atk|1\n|-boost|p2a: Zygarde|def|1\n|-boost|p2a: Zygarde|accuracy|1\n|\n|-heal|p2a: Zygarde|68\/100|[from] item: Leftovers\n|-damage|p1a: Zygarde|66\/100|[from] Salt Cure\n|upkeep\n|turn|14\n|\n|t:|1701033449\n|move|p1a: Zygarde|Thousand Arrows|p2a: Zygarde\n|-damage|p2a: Zygarde|41\/100\n|move|p2a: Zygarde|Coil|p2a: Zygarde\n|-boost|p2a: Zygarde|atk|1\n|-boost|p2a: Zygarde|def|1\n|-boost|p2a: Zygarde|accuracy|1\n|\n|-heal|p2a: Zygarde|47\/100|[from] item: Leftovers\n|-damage|p1a: Zygarde|54\/100|[from] Salt Cure\n|-activate|p2a: Zygarde|ability: Power Construct\n|detailschange|p2a: Zygarde|Zygarde-Complete, tera:Fairy\n|-heal|p2a: Zygarde|65\/100|[silent]\n|upkeep\n|turn|15\n|\n|t:|1701033457\n|move|p1a: Zygarde|Thousand Arrows|p2a: Zygarde\n|-damage|p2a: Zygarde|51\/100\n|move|p2a: Zygarde|Dragon Tail|p1a: Zygarde\n|-supereffective|p1a: Zygarde\n|-damage|p1a: Zygarde|6\/100\n|drag|p1a: Grimmsnarl|Grimmsnarl, M, shiny|77\/100\n|-damage|p1a: Grimmsnarl|65\/100|[from] Stealth Rock\n|\n|-heal|p2a: Zygarde|57\/100|[from] item: Leftovers\n|upkeep\n|turn|16\n|\n|t:|1701033465\n|move|p1a: Grimmsnarl|Thunder Wave|p2a: Zygarde\n|-status|p2a: Zygarde|par\n|cant|p2a: Zygarde|par\n|\n|-heal|p2a: Zygarde|63\/100 par|[from] item: Leftovers\n|upkeep\n|turn|17\n|\n|t:|1701033477\n|move|p1a: Grimmsnarl|Reflect|p1a: Grimmsnarl\n|-sidestart|p1: larsonshark|Reflect\n|cant|p2a: Zygarde|par\n|\n|-heal|p2a: Zygarde|69\/100 par|[from] item: Leftovers\n|upkeep\n|turn|18\n|\n|t:|1701033481\n|move|p1a: Grimmsnarl|Light Screen|p1a: Grimmsnarl\n|-sidestart|p1: larsonshark|move: Light Screen\n|move|p2a: Zygarde|Thousand Arrows|p1a: Grimmsnarl\n|-damage|p1a: Grimmsnarl|26\/100\n|\n|-heal|p2a: Zygarde|75\/100 par|[from] item: Leftovers\n|upkeep\n|turn|19\n|\n|t:|1701033486\n|move|p1a: Grimmsnarl|Parting Shot|p2a: Zygarde\n|-unboost|p2a: Zygarde|atk|1\n|-unboost|p2a: Zygarde|spa|1\n|\n|t:|1701033490\n|switch|p1a: Mew|Mew|94\/100 tox|[from] Parting Shot\n|-damage|p1a: Mew|82\/100 tox|[from] Stealth Rock\n|move|p2a: Zygarde|Thousand Arrows|p1a: Mew\n|-damage|p1a: Mew|61\/100 tox\n|\n|-heal|p1a: Mew|67\/100 tox|[from] item: Leftovers\n|-heal|p2a: Zygarde|81\/100 par|[from] item: Leftovers\n|-damage|p1a: Mew|61\/100 tox|[from] psn\n|upkeep\n|turn|20\n|\n|t:|1701033497\n|move|p1a: Mew|Block|p2a: Zygarde\n|-activate|p2a: Zygarde|trapped\n|cant|p2a: Zygarde|par\n|\n|-heal|p1a: Mew|67\/100 tox|[from] item: Leftovers\n|-heal|p2a: Zygarde|87\/100 par|[from] item: Leftovers\n|-damage|p1a: Mew|55\/100 tox|[from] psn\n|upkeep\n|turn|21\n|\n|t:|1701033502\n|move|p1a: Mew|Imprison|p1a: Mew\n|-start|p1a: Mew|move: Imprison\n|cant|p2a: Zygarde|par\n|\n|-heal|p1a: Mew|61\/100 tox|[from] item: Leftovers\n|-heal|p2a: Zygarde|94\/100 par|[from] item: Leftovers\n|-damage|p1a: Mew|43\/100 tox|[from] psn\n|upkeep\n|turn|22\n|\n|t:|1701033506\n|move|p1a: Mew|Transform|p2a: Zygarde\n|-transform|p1a: Mew|p2a: Zygarde\n|cant|p2a: Zygarde|move: Imprison|Dragon Tail\n|\n|-heal|p1a: Mew|49\/100 tox|[from] item: Leftovers\n|-heal|p2a: Zygarde|99\/100 par|[from] item: Leftovers\n|-damage|p1a: Mew|24\/100 tox|[from] psn\n|upkeep\n|-start|p1a: Mew|typechange|Dragon\/Ground|[silent]\n|turn|23\n|\n|t:|1701033515\n|move|p1a: Mew|Rest|p1a: Mew\n|-status|p1a: Mew|slp|[from] move: Rest\n|-heal|p1a: Mew|100\/100 slp|[silent]\n|-activate|p2a: Zygarde|move: Struggle\n|move|p2a: Zygarde|Struggle|p1a: Mew\n|-damage|p1a: Mew|97\/100 slp\n|-damage|p2a: Zygarde|75\/100 par|[from] recoil\n|\n|-heal|p1a: Mew|100\/100 slp|[from] item: Leftovers\n|-heal|p2a: Zygarde|81\/100 par|[from] item: Leftovers\n|upkeep\n|turn|24\n|\n|t:|1701033522\n|cant|p1a: Mew|slp\n|-activate|p2a: Zygarde|move: Struggle\n|move|p2a: Zygarde|Struggle|p1a: Mew\n|-damage|p1a: Mew|97\/100 slp\n|-damage|p2a: Zygarde|56\/100 par|[from] recoil\n|\n|-heal|p1a: Mew|100\/100 slp|[from] item: Leftovers\n|-heal|p2a: Zygarde|62\/100 par|[from] item: Leftovers\n|-sideend|p1: larsonshark|Reflect\n|upkeep\n|turn|25\n|\n|t:|1701033530\n|cant|p1a: Mew|slp\n|cant|p2a: Zygarde|par\n|\n|-heal|p2a: Zygarde|68\/100 par|[from] item: Leftovers\n|-sideend|p1: larsonshark|move: Light Screen\n|upkeep\n|turn|26\n|\n|t:|1701033533\n|-curestatus|p1a: Mew|slp|[msg]\n|move|p1a: Mew|Coil|p1a: Mew\n|-boost|p1a: Mew|atk|1\n|-boost|p1a: Mew|def|1\n|-boost|p1a: Mew|accuracy|1\n|-activate|p2a: Zygarde|move: Struggle\n|move|p2a: Zygarde|Struggle|p1a: Mew\n|-damage|p1a: Mew|95\/100\n|-damage|p2a: Zygarde|43\/100 par|[from] recoil\n|\n|-heal|p1a: Mew|100\/100|[from] item: Leftovers\n|-heal|p2a: Zygarde|49\/100 par|[from] item: Leftovers\n|upkeep\n|turn|27\n|\n|t:|1701033537\n|move|p1a: Mew|Coil|p1a: Mew\n|-boost|p1a: Mew|atk|1\n|-boost|p1a: Mew|def|1\n|-boost|p1a: Mew|accuracy|1\n|cant|p2a: Zygarde|par\n|\n|-heal|p2a: Zygarde|55\/100 par|[from] item: Leftovers\n|upkeep\n|turn|28\n|\n|t:|1701033541\n|move|p1a: Mew|Coil|p1a: Mew\n|-boost|p1a: Mew|atk|1\n|-boost|p1a: Mew|def|1\n|-boost|p1a: Mew|accuracy|1\n|-activate|p2a: Zygarde|move: Struggle\n|move|p2a: Zygarde|Struggle|p1a: Mew\n|-crit|p1a: Mew\n|-damage|p1a: Mew|77\/100\n|-damage|p2a: Zygarde|30\/100 par|[from] recoil\n|\n|-heal|p1a: Mew|83\/100|[from] item: Leftovers\n|-heal|p2a: Zygarde|37\/100 par|[from] item: Leftovers\n|upkeep\n|turn|29\n|\n|t:|1701033544\n|move|p1a: Mew|Coil|p1a: Mew\n|-boost|p1a: Mew|atk|1\n|-boost|p1a: Mew|def|0\n|-boost|p1a: Mew|accuracy|0\n|cant|p2a: Zygarde|par\n|\n|-heal|p1a: Mew|90\/100|[from] item: Leftovers\n|-heal|p2a: Zygarde|43\/100 par|[from] item: Leftovers\n|upkeep\n|turn|30\n|\n|t:|1701033553\n|move|p1a: Mew|Thousand Arrows|p2a: Zygarde\n|-damage|p2a: Zygarde|20\/100 par\n|cant|p2a: Zygarde|par\n|\n|-heal|p1a: Mew|96\/100|[from] item: Leftovers\n|-heal|p2a: Zygarde|26\/100 par|[from] item: Leftovers\n|upkeep\n|turn|31\n|\n|t:|1701033565\n|move|p1a: Mew|Thousand Arrows|p2a: Zygarde\n|-damage|p2a: Zygarde|5\/100 par\n|cant|p2a: Zygarde|par\n|\n|-heal|p1a: Mew|100\/100|[from] item: Leftovers\n|-heal|p2a: Zygarde|11\/100 par|[from] item: Leftovers\n|upkeep\n|turn|32\n|\n|t:|1701033570\n|move|p1a: Mew|Thousand Arrows|p2a: Zygarde\n|-damage|p2a: Zygarde|0 fnt\n|faint|p2a: Zygarde\n|\n|upkeep\n|\n|t:|1701033575\n|switch|p2a: Arceus|Arceus-Ground|53\/100 tox\n|turn|33\n|\n|t:|1701033580\n|move|p2a: Arceus|Toxic|p1a: Mew|[miss]\n|-miss|p2a: Arceus|p1a: Mew\n|move|p1a: Mew|Dragon Tail|p2a: Arceus\n|-damage|p2a: Arceus|0 fnt\n|faint|p2a: Arceus\n|\n|upkeep\n|-message|szymszym134 forfeited.\n|\n|win|larsonshark\n|raw|larsonshark's rating: 1392 &rarr; <strong>1425<\/strong><br \/>(+33 for winning)\n|raw|szymszym134's rating: 1672 &rarr; <strong>1639<\/strong><br \/>(-33 for losing)\n|l|\u2606szymszym134\n","uploadtime":1701033673,"views":8,"p1id":"larsonshark","p2id":"szymszym134","formatid":"gen9nationaldexubers","rating":1425,"private":0,"password":""}