{"id":"gen9nationaldexubers-1981073533","p1":"ChallengerGage","p2":"Chaitanya15","format":"[Gen 9] National Dex Ubers","log":"|j|\u2606ChallengerGage\n|j|\u2606Chaitanya15\n|t:|1698861441\n|gametype|singles\n|player|p1|ChallengerGage|hero-conquest|1258\n|player|p2|Chaitanya15|101|1364\n|teamsize|p1|6\n|teamsize|p2|6\n|gen|9\n|tier|[Gen 9] National Dex Ubers\n|rated|\n|rule|HP Percentage Mod: HP is shown in percentages\n|rule|Endless Battle Clause: Forcing endless battles is banned\n|rule|OHKO Clause: OHKO moves are banned\n|rule|Evasion Moves Clause: Evasion moves are banned\n|rule|Evasion Items Clause: Evasion items are banned\n|rule|Species Clause: Limit one of each Pok\u00e9mon\n|rule|Sleep Clause Mod: Limit one foe put to sleep\n|rule|Mega Rayquaza Clause: You cannot mega evolve Rayquaza\n|clearpoke\n|poke|p1|Umbreon, M|\n|poke|p1|Absol, F|\n|poke|p1|Greninja-*, M|\n|poke|p1|Kingambit, M|\n|poke|p1|Hydreigon, F|\n|poke|p1|Chien-Pao|\n|poke|p2|Kingambit, F|\n|poke|p2|Basculegion, M|\n|poke|p2|Pikachu, F|\n|poke|p2|Kyogre|\n|poke|p2|Flutter Mane|\n|poke|p2|Deoxys-Speed|\n|teampreview\n|inactive|Battle timer is ON: inactive players will automatically lose when time's up. (requested by Chaitanya15)\n|\n|t:|1698861454\n|start\n|switch|p1a: Mocha|Umbreon, M|100\/100\n|switch|p2a: Deoxys|Deoxys-Speed|100\/100\n|-ability|p2a: Deoxys|Pressure\n|turn|1\n|\n|t:|1698861462\n|move|p2a: Deoxys|Stealth Rock|p1a: Mocha\n|-sidestart|p1: ChallengerGage|move: Stealth Rock\n|move|p1a: Mocha|Zap Cannon|p2a: Deoxys\n|-damage|p2a: Deoxys|79\/100\n|-status|p2a: Deoxys|par\n|\n|upkeep\n|turn|2\n|\n|t:|1698861471\n|move|p2a: Deoxys|Spikes|p1a: Mocha\n|-sidestart|p1: ChallengerGage|Spikes\n|move|p1a: Mocha|Light Screen|p1a: Mocha\n|-sidestart|p1: ChallengerGage|move: Light Screen\n|\n|upkeep\n|turn|3\n|\n|t:|1698861476\n|move|p2a: Deoxys|Spikes|p1a: Mocha\n|-sidestart|p1: ChallengerGage|Spikes\n|move|p1a: Mocha|Taunt|p2a: Deoxys\n|-start|p2a: Deoxys|move: Taunt\n|\n|upkeep\n|turn|4\n|\n|t:|1698861482\n|move|p2a: Deoxys|Extreme Speed|p1a: Mocha\n|-damage|p1a: Mocha|89\/100\n|move|p1a: Mocha|Reflect|p1a: Mocha\n|-sidestart|p1: ChallengerGage|Reflect\n|\n|upkeep\n|turn|5\n|\n|t:|1698861489\n|switch|p1a: Hydra|Hydreigon, F|100\/100\n|-damage|p1a: Hydra|88\/100|[from] Stealth Rock\n|move|p2a: Deoxys|Extreme Speed|p1a: Hydra\n|-damage|p1a: Hydra|77\/100\n|\n|upkeep\n|turn|6\n|\n|t:|1698861498\n|move|p2a: Deoxys|Extreme Speed|p1a: Hydra\n|-crit|p1a: Hydra\n|-damage|p1a: Hydra|47\/100\n|move|p1a: Hydra|Stealth Rock|p2a: Deoxys\n|-sidestart|p2: Chaitanya15|move: Stealth Rock\n|\n|-end|p2a: Deoxys|move: Taunt\n|upkeep\n|turn|7\n|\n|t:|1698861506\n|move|p1a: Hydra|Dark Pulse|p2a: Deoxys\n|-supereffective|p2a: Deoxys\n|-damage|p2a: Deoxys|0 fnt\n|faint|p2a: Deoxys\n|\n|upkeep\n|\n|t:|1698861514\n|switch|p2a: Flutter Mane|Flutter Mane|100\/100\n|-damage|p2a: Flutter Mane|88\/100|[from] Stealth Rock\n|-enditem|p2a: Flutter Mane|Booster Energy\n|-activate|p2a: Flutter Mane|ability: Protosynthesis|[fromitem]\n|-start|p2a: Flutter Mane|protosynthesisspe\n|turn|8\n|\n|t:|1698861522\n|move|p2a: Flutter Mane|Moonblast|p1a: Hydra\n|-supereffective|p1a: Hydra\n|-enditem|p1a: Hydra|Roseli Berry|[eat]\n|-enditem|p1a: Hydra|Roseli Berry|[weaken]\n|-damage|p1a: Hydra|0 fnt\n|faint|p1a: Hydra\n|\n|upkeep\n|\n|t:|1698861530\n|switch|p1a: Mocha|Umbreon, M|89\/100\n|-damage|p1a: Mocha|76\/100|[from] Stealth Rock\n|-damage|p1a: Mocha|60\/100|[from] Spikes\n|turn|9\n|\n|t:|1698861535\n|move|p2a: Flutter Mane|Moonblast|p1a: Mocha\n|-supereffective|p1a: Mocha\n|-damage|p1a: Mocha|24\/100\n|move|p1a: Mocha|Zap Cannon|p2a: Flutter Mane|[miss]\n|-miss|p1a: Mocha|p2a: Flutter Mane\n|\n|-sideend|p1: ChallengerGage|move: Light Screen\n|upkeep\n|turn|10\n|\n|t:|1698861544\n|move|p2a: Flutter Mane|Moonblast|p1a: Mocha\n|-supereffective|p1a: Mocha\n|-damage|p1a: Mocha|0 fnt\n|faint|p1a: Mocha\n|\n|upkeep\n|\n|t:|1698861561\n|switch|p1a: Hopper|Greninja, M|100\/100\n|-damage|p1a: Hopper|88\/100|[from] Stealth Rock\n|-damage|p1a: Hopper|72\/100|[from] Spikes\n|turn|11\n|\n|t:|1698861567\n|move|p2a: Flutter Mane|Moonblast|p1a: Hopper\n|-supereffective|p1a: Hopper\n|-damage|p1a: Hopper|0 fnt\n|faint|p1a: Hopper\n|\n|-sideend|p1: ChallengerGage|Reflect\n|upkeep\n|\n|t:|1698861569\n|switch|p1a: Angel|Absol, F, shiny|100\/100\n|-damage|p1a: Angel|88\/100|[from] Stealth Rock\n|-damage|p1a: Angel|72\/100|[from] Spikes\n|-ability|p1a: Angel|Pressure\n|turn|12\n|\n|t:|1698861579\n|detailschange|p1a: Angel|Absol-Mega, F, shiny\n|-mega|p1a: Angel|Absol|Absolite\n|move|p2a: Flutter Mane|Moonblast|p1a: Angel\n|-supereffective|p1a: Angel\n|-damage|p1a: Angel|0 fnt\n|faint|p1a: Angel\n|\n|upkeep\n|\n|t:|1698861581\n|switch|p1a: Sabre|Chien-Pao|100\/100\n|-damage|p1a: Sabre|76\/100|[from] Stealth Rock\n|-damage|p1a: Sabre|59\/100|[from] Spikes\n|-ability|p1a: Sabre|Sword of Ruin\n|turn|13\n|\n|t:|1698861592\n|move|p2a: Flutter Mane|Moonblast|p1a: Sabre\n|-supereffective|p1a: Sabre\n|-damage|p1a: Sabre|0 fnt\n|faint|p1a: Sabre\n|\n|upkeep\n|c|\u2606ChallengerGage|Oh wow you beat a dark Mono with stealth rocks and booster energy flutter mane\n|c|\u2606ChallengerGage|You must be so proud\n|\n|t:|1698861613\n|switch|p1a: General|Kingambit, M|100\/100\n|-damage|p1a: General|94\/100|[from] Stealth Rock\n|-damage|p1a: General|78\/100|[from] Spikes\n|-activate|p1a: General|ability: Supreme Overlord\n|-start|p1a: General|fallen5|[silent]\n|turn|14\n|c|\u2606Chaitanya15|Yeah\n|\n|t:|1698861634\n|-terastallize|p1a: General|Dark\n|move|p1a: General|Sucker Punch|p2a: Flutter Mane\n|-damage|p2a: Flutter Mane|0 fnt\n|faint|p2a: Flutter Mane\n|-end|p2a: Flutter Mane|Protosynthesis|[silent]\n|\n|upkeep\n|\n|t:|1698861647\n|switch|p2a: Pikachu|Pikachu, F|100\/100\n|-damage|p2a: Pikachu|88\/100|[from] Stealth Rock\n|turn|15\n|\n|t:|1698861655\n|move|p2a: Pikachu|Fake Out|p1a: General\n|-crit|p1a: General\n|-damage|p1a: General|61\/100\n|cant|p1a: General|flinch\n|\n|upkeep\n|turn|16\n|\n|t:|1698861667\n|move|p2a: Pikachu|Extreme Speed|p1a: General\n|-damage|p1a: General|37\/100\n|move|p1a: General|Sucker Punch||[still]\n|-fail|p1a: General\n|\n|upkeep\n|turn|17\n|\n|t:|1698861676\n|move|p2a: Pikachu|Extreme Speed|p1a: General\n|-damage|p1a: General|15\/100\n|move|p1a: General|Kowtow Cleave|p2a: Pikachu\n|-damage|p2a: Pikachu|0 fnt\n|faint|p2a: Pikachu\n|\n|upkeep\n|\n|t:|1698861686\n|switch|p2a: Kingambit|Kingambit, F|100\/100\n|-damage|p2a: Kingambit|94\/100|[from] Stealth Rock\n|-activate|p2a: Kingambit|ability: Supreme Overlord\n|-start|p2a: Kingambit|fallen3|[silent]\n|turn|18\n|\n|t:|1698861693\n|move|p1a: General|Sucker Punch|p2a: Kingambit\n|-resisted|p2a: Kingambit\n|-damage|p2a: Kingambit|64\/100\n|move|p2a: Kingambit|Iron Head|p1a: General\n|-damage|p1a: General|0 fnt\n|faint|p1a: General\n|-end|p1a: General|fallen5|[silent]\n|-damage|p2a: Kingambit|54\/100|[from] item: Life Orb\n|\n|win|Chaitanya15\n|raw|ChallengerGage's rating: 1258 &rarr; <strong>1240<\/strong><br \/>(-18 for losing)\n|raw|Chaitanya15's rating: 1364 &rarr; <strong>1378<\/strong><br \/>(+14 for winning)\n|c|\u2606Chaitanya15|Gg\n|c|\u2606ChallengerGage|Wowwww you're so good at thissssss\n|c|\u2606Chaitanya15|Thanks\n|c|\u2606ChallengerGage|Fuck up\n|l|\u2606ChallengerGage\n","uploadtime":1698861731,"views":11,"p1id":"challengergage","p2id":"chaitanya15","formatid":"gen9nationaldexubers","rating":1240,"private":0,"password":""}