{"id":"gen9nationaldexubers-1996565981","p1":"The_Gh0st_Shadow","p2":"straightoutta14BC","format":"[Gen 9] National Dex Ubers","log":"|j|\u2606The_Gh0st_Shadow\n|j|\u2606straightoutta14BC\n|inactive|Battle timer is ON: inactive players will automatically lose when time's up.\n|t:|1700695010\n|gametype|singles\n|player|p1|The_Gh0st_Shadow|ghetsis|\n|player|p2|straightoutta14BC|170|\n|teamsize|p1|6\n|teamsize|p2|6\n|gen|9\n|tier|[Gen 9] National Dex Ubers\n|rated|Tournament battle\n|rule|HP Percentage Mod: HP is shown in percentages\n|rule|Endless Battle Clause: Forcing endless battles is banned\n|rule|OHKO Clause: OHKO moves are banned\n|rule|Evasion Moves Clause: Evasion moves are banned\n|rule|Evasion Items Clause: Evasion items are banned\n|rule|Species Clause: Limit one of each Pok\u00e9mon\n|rule|Sleep Clause Mod: Limit one foe put to sleep\n|rule|Mega Rayquaza Clause: You cannot mega evolve Rayquaza\n|rule|Dynamax Clause: You cannot dynamax\n|rule|Terastal Clause: You cannot Terastallize\n|rule|Same Type Clause: Pok\u00e9mon in a team must share a type\n|clearpoke\n|poke|p1|Chi-Yu|\n|poke|p1|Reshiram|\n|poke|p1|Volcanion|\n|poke|p1|Ho-Oh|\n|poke|p1|Camerupt, F|\n|poke|p1|Entei|\n|poke|p2|Klefki, F|\n|poke|p2|Mawile, F|\n|poke|p2|Dialga|\n|poke|p2|Necrozma-Dusk-Mane|\n|poke|p2|Kartana|\n|poke|p2|Excadrill, M|\n|teampreview\n|j| galaxystudios370\n|c|\u2606The_Gh0st_Shadow|Exactly what I was scared of\n|j| Fixzation\n|c| galaxystudios370|you actually brought it\n|inactive|The_Gh0st_Shadow has 120 seconds left.\n|inactive|straightoutta14BC has 120 seconds left.\n|c|\u2606The_Gh0st_Shadow|This is bad\n|inactive|straightoutta14BC has 90 seconds left.\n|\n|t:|1700695095\n|start\n|switch|p1a: Reshiram|Reshiram|100\/100\n|switch|p2a: Deep Impact|Excadrill, M|100\/100\n|-ability|p1a: Reshiram|Turboblaze\n|-ability|p2a: Deep Impact|Mold Breaker\n|turn|1\n|inactive|straightoutta14BC has 120 seconds left.\n|\n|t:|1700695121\n|move|p1a: Reshiram|Flame Charge|p2a: Deep Impact\n|-supereffective|p2a: Deep Impact\n|-damage|p2a: Deep Impact|48\/100\n|-boost|p1a: Reshiram|spe|1\n|move|p2a: Deep Impact|Rapid Spin|p1a: Reshiram\n|-damage|p1a: Reshiram|84\/100\n|-boost|p2a: Deep Impact|spe|1\n|\n|upkeep\n|turn|2\n|inactive|straightoutta14BC has 120 seconds left.\n|\n|t:|1700695147\n|switch|p2a: Pioneer|Dialga|100\/100\n|-ability|p2a: Pioneer|Pressure\n|move|p1a: Reshiram|Earth Power|p2a: Pioneer\n|-supereffective|p2a: Pioneer\n|-damage|p2a: Pioneer|48\/100\n|\n|upkeep\n|turn|3\n|c|\u2606The_Gh0st_Shadow|Knew it\n|\n|t:|1700695157\n|move|p1a: Reshiram|Earth Power|p2a: Pioneer\n|-supereffective|p2a: Pioneer\n|-damage|p2a: Pioneer|0 fnt\n|faint|p2a: Pioneer\n|\n|upkeep\n|\n|t:|1700695164\n|switch|p2a: Mir|Klefki, F|100\/100\n|turn|4\n|\n|t:|1700695171\n|move|p2a: Mir|Light Screen|p2a: Mir\n|-sidestart|p2: straightoutta14BC|move: Light Screen\n|move|p1a: Reshiram|Blue Flare|p2a: Mir\n|-supereffective|p2a: Mir\n|-damage|p2a: Mir|26\/100\n|\n|upkeep\n|turn|5\n|\n|t:|1700695179\n|move|p2a: Mir|Reflect|p2a: Mir\n|-sidestart|p2: straightoutta14BC|Reflect\n|move|p1a: Reshiram|Earth Power|p2a: Mir\n|-supereffective|p2a: Mir\n|-crit|p2a: Mir\n|-damage|p2a: Mir|0 fnt\n|faint|p2a: Mir\n|\n|upkeep\n|\n|t:|1700695183\n|switch|p2a: Dyson|Necrozma-Dusk-Mane|100\/100\n|turn|6\n|\n|t:|1700695188\n|move|p1a: Reshiram|Noble Roar|p2a: Dyson\n|-unboost|p2a: Dyson|atk|1\n|-unboost|p2a: Dyson|spa|1\n|-enditem|p1a: Reshiram|Throat Spray\n|-boost|p1a: Reshiram|spa|1|[from] item: Throat Spray\n|move|p2a: Dyson|Rock Polish|p2a: Dyson\n|-boost|p2a: Dyson|spe|2\n|\n|upkeep\n|turn|7\n|j| LukaFr0mHSR\n|l| LukaFr0mHSR\n|inactive|straightoutta14BC has 120 seconds left.\n|\n|t:|1700695209\n|move|p2a: Dyson|Earth Power|p1a: Reshiram\n|-supereffective|p1a: Reshiram\n|-damage|p1a: Reshiram|58\/100\n|move|p1a: Reshiram|Noble Roar|p2a: Dyson\n|-unboost|p2a: Dyson|atk|1\n|-unboost|p2a: Dyson|spa|1\n|\n|upkeep\n|turn|8\n|inactive|straightoutta14BC has 120 seconds left.\n|\n|t:|1700695224\n|move|p2a: Dyson|Rock Polish|p2a: Dyson\n|-boost|p2a: Dyson|spe|2\n|move|p1a: Reshiram|Noble Roar|p2a: Dyson\n|-unboost|p2a: Dyson|atk|1\n|-unboost|p2a: Dyson|spa|1\n|\n|-sideend|p2: straightoutta14BC|move: Light Screen\n|upkeep\n|turn|9\n|\n|t:|1700695233\n|move|p2a: Dyson|Earth Power|p1a: Reshiram\n|-supereffective|p1a: Reshiram\n|-damage|p1a: Reshiram|40\/100\n|move|p1a: Reshiram|Blue Flare|p2a: Dyson\n|-supereffective|p2a: Dyson\n|-damage|p2a: Dyson|0 fnt\n|faint|p2a: Dyson\n|\n|-sideend|p2: straightoutta14BC|Reflect\n|upkeep\n|inactive|straightoutta14BC has 120 seconds left.\n|c|\u2606straightoutta14BC|can I not lose in the first round next time plz\n|\n|t:|1700695272\n|switch|p2a: Valentina|Mawile, F|100\/100\n|-ability|p2a: Valentina|Intimidate|boost\n|-unboost|p1a: Reshiram|atk|1\n|turn|10\n|c|\u2606The_Gh0st_Shadow|K\n|\n|t:|1700695286\n|detailschange|p2a: Valentina|Mawile-Mega, F\n|-mega|p2a: Valentina|Mawile|Mawilite\n|move|p1a: Reshiram|Earth Power|p2a: Valentina\n|-supereffective|p2a: Valentina\n|-damage|p2a: Valentina|0 fnt\n|faint|p2a: Valentina\n|\n|upkeep\n|\n|t:|1700695291\n|switch|p2a: Deep Impact|Excadrill, M|48\/100\n|-ability|p2a: Deep Impact|Mold Breaker\n|turn|11\n|c|\u2606straightoutta14BC|what did I do wrong\n|\n|t:|1700695307\n|move|p1a: Reshiram|Flame Charge|p2a: Deep Impact\n|-supereffective|p2a: Deep Impact\n|-damage|p2a: Deep Impact|14\/100\n|-boost|p1a: Reshiram|spe|1\n|move|p2a: Deep Impact|Earthquake|p1a: Reshiram\n|-supereffective|p1a: Reshiram\n|-damage|p1a: Reshiram|0 fnt\n|faint|p1a: Reshiram\n|\n|upkeep\n|c|\u2606The_Gh0st_Shadow|Bruh\n|\n|t:|1700695321\n|switch|p1a: Ho-Oh|Ho-Oh|100\/100\n|turn|12\n|inactive|straightoutta14BC has 90 seconds left.\n|\n|t:|1700695343\n|move|p2a: Deep Impact|Rock Slide|p1a: Ho-Oh\n|-supereffective|p1a: Ho-Oh\n|-damage|p1a: Ho-Oh|26\/100\n|move|p1a: Ho-Oh|Sacred Fire|p2a: Deep Impact\n|-supereffective|p2a: Deep Impact\n|-damage|p2a: Deep Impact|0 fnt\n|faint|p2a: Deep Impact\n|\n|upkeep\n|inactive|straightoutta14BC has 90 seconds left.\n|\n|t:|1700695350\n|switch|p2a: Ares|Kartana|100\/100\n|turn|13\n|c|\u2606The_Gh0st_Shadow|Pls stop always asking that\n|l| Fixzation\n|j| Fixzation\n|inactive|straightoutta14BC has 90 seconds left.\n|\n|t:|1700695387\n|switch|p1a: Volcanion|Volcanion|100\/100\n|-item|p1a: Volcanion|Air Balloon\n|move|p2a: Ares|Psycho Cut|p1a: Volcanion\n|-damage|p1a: Volcanion|83\/100\n|-enditem|p1a: Volcanion|Air Balloon\n|\n|upkeep\n|turn|14\n|\n|t:|1700695395\n|-zpower|p2a: Ares\n|move|p2a: Ares|Bloom Doom|p1a: Volcanion|[zeffect]\n|-damage|p1a: Volcanion|7\/100\n|move|p1a: Volcanion|Flamethrower|p2a: Ares\n|-supereffective|p2a: Ares\n|-damage|p2a: Ares|0 fnt\n|faint|p2a: Ares\n|\n|win|The_Gh0st_Shadow\n|n|\u2606The_Gh0st_Shadow|thegh0stshadow\n|n|\u2606straightoutta14BC|straightoutta14bc\n|n| galaxystudios370|galaxystudios370\n|n| Fixzation|fixzation\n|c| Fixzation|Should have set TR instead of another screen, straight\n|c|\u2606The_Gh0st_Shadow|GG\n|c|\u2606The_Gh0st_Shadow|WP\n|l| galaxystudios370\n|l| Fixzation\n|c|\u2606The_Gh0st_Shadow|he wouldn\u2019t have got the trick room\n|l|\u2606The_Gh0st_Shadow\n","uploadtime":1700695643,"views":1,"p1id":"thegh0stshadow","p2id":"straightoutta14bc","formatid":"gen9nationaldexubers","rating":0,"private":0,"password":""}