{"id":"gen9nationaldexubers-1992347160","p1":"Harmony6","p2":"asayake","format":"[Gen 9] National Dex Ubers","log":"|j|\u2606Harmony6\n|j|\u2606asayake\n|t:|1700177174\n|gametype|singles\n|player|p1|Harmony6|lady-gen4|\n|player|p2|asayake|caitlin|\n|teamsize|p1|6\n|teamsize|p2|6\n|gen|9\n|tier|[Gen 9] National Dex Ubers\n|rule|HP Percentage Mod: HP is shown in percentages\n|rule|Endless Battle Clause: Forcing endless battles is banned\n|rule|OHKO Clause: OHKO moves are banned\n|rule|Evasion Moves Clause: Evasion moves are banned\n|rule|Evasion Items Clause: Evasion items are banned\n|rule|Species Clause: Limit one of each Pok\u00e9mon\n|rule|Sleep Clause Mod: Limit one foe put to sleep\n|rule|Mega Rayquaza Clause: You cannot mega evolve Rayquaza\n|clearpoke\n|poke|p1|Lopunny, M|\n|poke|p1|Gastrodon, F|\n|poke|p1|Ferrothorn, F|\n|poke|p1|Zapdos|\n|poke|p1|Meowscarada, F|\n|poke|p1|Muk-Alola, F|\n|poke|p2|Ogerpon-Wellspring, F|\n|poke|p2|Urshifu-*, F|\n|poke|p2|Gyarados, F|\n|poke|p2|Toxapex, M|\n|poke|p2|Rotom-Wash|\n|poke|p2|Azumarill, M|\n|teampreview\n|j| Pex Hater\n|\n|t:|1700177226\n|start\n|switch|p1a: Lopunny|Lopunny, M|100\/100\n|switch|p2a: Rotom|Rotom-Wash|100\/100\n|turn|1\n|\n|t:|1700177243\n|detailschange|p1a: Lopunny|Lopunny-Mega, M\n|-mega|p1a: Lopunny|Lopunny|Lopunnite\n|move|p1a: Lopunny|Fake Out|p2a: Rotom\n|-damage|p2a: Rotom|81\/100\n|cant|p2a: Rotom|flinch\n|\n|-heal|p2a: Rotom|87\/100|[from] item: Leftovers\n|upkeep\n|turn|2\n|\n|t:|1700177249\n|move|p1a: Lopunny|U-turn|p2a: Rotom\n|-damage|p2a: Rotom|67\/100\n|\n|t:|1700177263\n|switch|p1a: Gastrodon|Gastrodon, F|100\/100|[from] U-turn\n|move|p2a: Rotom|Will-O-Wisp|p1a: Gastrodon|[miss]\n|-miss|p2a: Rotom|p1a: Gastrodon\n|\n|-heal|p2a: Rotom|73\/100|[from] item: Leftovers\n|upkeep\n|turn|3\n|\n|t:|1700177279\n|move|p2a: Rotom|Will-O-Wisp|p1a: Gastrodon\n|-status|p1a: Gastrodon|brn\n|move|p1a: Gastrodon|Spikes|p2a: Rotom\n|-sidestart|p2: asayake|Spikes\n|\n|-heal|p2a: Rotom|79\/100|[from] item: Leftovers\n|-damage|p1a: Gastrodon|94\/100 brn|[from] brn\n|upkeep\n|turn|4\n|\n|t:|1700177287\n|switch|p1a: Meowscarada|Meowscarada, F|100\/100\n|move|p2a: Rotom|Defog|p1a: Meowscarada\n|-unboost|p1a: Meowscarada|evasion|1\n|-sideend|p2: asayake|Spikes|[from] move: Defog|[of] p2a: Rotom\n|\n|-heal|p2a: Rotom|85\/100|[from] item: Leftovers\n|upkeep\n|turn|5\n|\n|t:|1700177294\n|switch|p2a: Toxapex|Toxapex, M|100\/100\n|move|p1a: Meowscarada|U-turn|p2a: Toxapex\n|-start|p1a: Meowscarada|typechange|Bug|[from] ability: Protean\n|-resisted|p2a: Toxapex\n|-damage|p2a: Toxapex|85\/100\n|-damage|p1a: Meowscarada|84\/100|[from] item: Rocky Helmet|[of] p2a: Toxapex\n|\n|t:|1700177299\n|switch|p1a: Zapdos|Zapdos|100\/100|[from] U-turn\n|\n|upkeep\n|turn|6\n|\n|t:|1700177307\n|switch|p2a: Rotom|Rotom-Wash|85\/100\n|move|p1a: Zapdos|Discharge|p2a: Rotom\n|-damage|p2a: Rotom|51\/100\n|\n|-heal|p2a: Rotom|57\/100|[from] item: Leftovers\n|upkeep\n|turn|7\n|\n|t:|1700177315\n|switch|p1a: Gastrodon|Gastrodon, F|94\/100 brn\n|switch|p2a: Ogerpon|Ogerpon-Wellspring, F|100\/100\n|\n|-heal|p1a: Gastrodon|100\/100 brn|[from] item: Leftovers\n|-damage|p1a: Gastrodon|94\/100 brn|[from] brn\n|upkeep\n|turn|8\n|\n|t:|1700177323\n|switch|p1a: Ferrothorn|Ferrothorn, F|100\/100\n|move|p2a: Ogerpon|Spikes|p1a: Ferrothorn\n|-sidestart|p1: Harmony6|Spikes\n|\n|upkeep\n|turn|9\n|\n|t:|1700177335\n|switch|p2a: Urshifu|Urshifu-Rapid-Strike, F|100\/100\n|switch|p1a: Zapdos|Zapdos|100\/100\n|\n|upkeep\n|turn|10\n|\n|t:|1700177341\n|move|p2a: Urshifu|Surging Strikes|p1a: Zapdos\n|-crit|p1a: Zapdos\n|-damage|p1a: Zapdos|78\/100\n|-crit|p1a: Zapdos\n|-damage|p1a: Zapdos|57\/100\n|-status|p2a: Urshifu|par|[from] ability: Static|[of] p1a: Zapdos\n|-crit|p1a: Zapdos\n|-damage|p1a: Zapdos|33\/100\n|-hitcount|p1a: Zapdos|3\n|move|p1a: Zapdos|Discharge|p2a: Urshifu\n|-supereffective|p2a: Urshifu\n|-damage|p2a: Urshifu|7\/100 par\n|\n|upkeep\n|turn|11\n|\n|t:|1700177353\n|move|p1a: Zapdos|Discharge|p2a: Urshifu\n|-supereffective|p2a: Urshifu\n|-damage|p2a: Urshifu|0 fnt\n|faint|p2a: Urshifu\n|\n|upkeep\n|\n|t:|1700177358\n|switch|p2a: Ogerpon|Ogerpon-Wellspring, F|100\/100\n|turn|12\n|\n|t:|1700177366\n|switch|p1a: Ferrothorn|Ferrothorn, F|100\/100\n|-damage|p1a: Ferrothorn|88\/100|[from] Spikes\n|move|p2a: Ogerpon|Ivy Cudgel|p1a: Ferrothorn|[anim] Ivy Cudgel Water\n|-resisted|p1a: Ferrothorn\n|-damage|p1a: Ferrothorn|65\/100\n|\n|-heal|p1a: Ferrothorn|71\/100|[from] item: Leftovers\n|upkeep\n|turn|13\n|\n|t:|1700177378\n|switch|p2a: Rotom|Rotom-Wash|57\/100\n|move|p1a: Ferrothorn|Stealth Rock|p2a: Rotom\n|-sidestart|p2: asayake|move: Stealth Rock\n|\n|-heal|p2a: Rotom|63\/100|[from] item: Leftovers\n|-heal|p1a: Ferrothorn|77\/100|[from] item: Leftovers\n|upkeep\n|turn|14\n|\n|t:|1700177382\n|switch|p1a: Gastrodon|Gastrodon, F|94\/100 brn\n|-damage|p1a: Gastrodon|82\/100 brn|[from] Spikes\n|move|p2a: Rotom|Volt Switch|p1a: Gastrodon\n|-immune|p1a: Gastrodon\n|\n|-heal|p2a: Rotom|68\/100|[from] item: Leftovers\n|-heal|p1a: Gastrodon|88\/100 brn|[from] item: Leftovers\n|-damage|p1a: Gastrodon|82\/100 brn|[from] brn\n|upkeep\n|turn|15\n|\n|t:|1700177384\n|move|p2a: Rotom|Defog|p1a: Gastrodon\n|-unboost|p1a: Gastrodon|evasion|1\n|-sideend|p1: Harmony6|Spikes|[from] move: Defog|[of] p2a: Rotom\n|-sideend|p2: asayake|Stealth Rock|[from] move: Defog|[of] p2a: Rotom\n|move|p1a: Gastrodon|Spikes|p2a: Rotom\n|-sidestart|p2: asayake|Spikes\n|\n|-heal|p2a: Rotom|74\/100|[from] item: Leftovers\n|-heal|p1a: Gastrodon|88\/100 brn|[from] item: Leftovers\n|-damage|p1a: Gastrodon|82\/100 brn|[from] brn\n|upkeep\n|turn|16\n|\n|t:|1700177391\n|switch|p2a: Ogerpon|Ogerpon-Wellspring, F|100\/100\n|-damage|p2a: Ogerpon|88\/100|[from] Spikes\n|move|p1a: Gastrodon|Scald|p2a: Ogerpon\n|-heal|p2a: Ogerpon|100\/100|[from] ability: Water Absorb|[of] p1a: Gastrodon\n|\n|-heal|p1a: Gastrodon|88\/100 brn|[from] item: Leftovers\n|-damage|p1a: Gastrodon|82\/100 brn|[from] brn\n|upkeep\n|turn|17\n|\n|t:|1700177406\n|move|p2a: Ogerpon|U-turn|p1a: Gastrodon\n|-damage|p1a: Gastrodon|51\/100 brn\n|\n|t:|1700177412\n|switch|p2a: Rotom|Rotom-Wash|74\/100|[from] U-turn\n|move|p1a: Gastrodon|Clear Smog|p2a: Rotom\n|-damage|p2a: Rotom|63\/100\n|-clearboost|p2a: Rotom\n|\n|-heal|p2a: Rotom|69\/100|[from] item: Leftovers\n|-heal|p1a: Gastrodon|57\/100 brn|[from] item: Leftovers\n|-damage|p1a: Gastrodon|51\/100 brn|[from] brn\n|upkeep\n|turn|18\n|\n|t:|1700177423\n|move|p2a: Rotom|Defog|p1a: Gastrodon\n|-unboost|p1a: Gastrodon|evasion|1\n|-sideend|p2: asayake|Spikes|[from] move: Defog|[of] p2a: Rotom\n|move|p1a: Gastrodon|Recover|p1a: Gastrodon\n|-heal|p1a: Gastrodon|100\/100 brn\n|\n|-heal|p2a: Rotom|75\/100|[from] item: Leftovers\n|-damage|p1a: Gastrodon|94\/100 brn|[from] brn\n|upkeep\n|turn|19\n|\n|t:|1700177431\n|switch|p1a: Lopunny|Lopunny-Mega, M|100\/100\n|move|p2a: Rotom|Volt Switch|p1a: Lopunny\n|-damage|p1a: Lopunny|70\/100\n|\n|t:|1700177437\n|switch|p2a: Toxapex|Toxapex, M|100\/100|[from] Volt Switch\n|\n|upkeep\n|turn|20\n|\n|t:|1700177464\n|switch|p1a: Zapdos|Zapdos|33\/100\n|move|p2a: Toxapex|Scald|p1a: Zapdos\n|-damage|p1a: Zapdos|19\/100\n|\n|upkeep\n|turn|21\n|\n|t:|1700177476\n|move|p1a: Zapdos|Roost|p1a: Zapdos\n|-heal|p1a: Zapdos|69\/100\n|-singleturn|p1a: Zapdos|move: Roost\n|move|p2a: Toxapex|Scald|p1a: Zapdos\n|-damage|p1a: Zapdos|54\/100\n|\n|upkeep\n|turn|22\n|\n|t:|1700177482\n|switch|p1a: Gastrodon|Gastrodon, F|94\/100 brn\n|switch|p2a: Rotom|Rotom-Wash|75\/100\n|\n|-heal|p2a: Rotom|81\/100|[from] item: Leftovers\n|-heal|p1a: Gastrodon|100\/100 brn|[from] item: Leftovers\n|-damage|p1a: Gastrodon|94\/100 brn|[from] brn\n|upkeep\n|turn|23\n|\n|t:|1700177487\n|switch|p2a: Ogerpon|Ogerpon-Wellspring, F|100\/100\n|move|p1a: Gastrodon|Scald|p2a: Ogerpon\n|-immune|p2a: Ogerpon|[from] ability: Water Absorb\n|\n|-heal|p1a: Gastrodon|100\/100 brn|[from] item: Leftovers\n|-damage|p1a: Gastrodon|94\/100 brn|[from] brn\n|upkeep\n|turn|24\n|\n|t:|1700177495\n|switch|p1a: Muk|Muk-Alola, F|100\/100\n|move|p2a: Ogerpon|Ivy Cudgel|p1a: Muk|[anim] Ivy Cudgel Water\n|-damage|p1a: Muk|34\/100\n|\n|upkeep\n|turn|25\n|\n|t:|1700177502\n|switch|p1a: Ferrothorn|Ferrothorn, F|77\/100\n|move|p2a: Ogerpon|U-turn|p1a: Ferrothorn\n|-damage|p1a: Ferrothorn|55\/100\n|-damage|p2a: Ogerpon|88\/100|[from] ability: Iron Barbs|[of] p1a: Ferrothorn\n|\n|t:|1700177504\n|switch|p2a: Gyarados|Gyarados, F|100\/100|[from] U-turn\n|-ability|p2a: Gyarados|Intimidate|boost\n|-unboost|p1a: Ferrothorn|atk|1\n|\n|-heal|p1a: Ferrothorn|61\/100|[from] item: Leftovers\n|upkeep\n|turn|26\n|\n|t:|1700177517\n|switch|p1a: Lopunny|Lopunny-Mega, M|70\/100\n|detailschange|p2a: Gyarados|Gyarados-Mega, F\n|-mega|p2a: Gyarados|Gyarados|Gyaradosite\n|-ability|p2a: Gyarados|Mold Breaker\n|move|p2a: Gyarados|Dragon Dance|p2a: Gyarados\n|-boost|p2a: Gyarados|atk|1\n|-boost|p2a: Gyarados|spe|1\n|\n|upkeep\n|turn|27\n|\n|t:|1700177523\n|switch|p2a: Toxapex|Toxapex, M|100\/100\n|move|p1a: Lopunny|Fake Out|p2a: Toxapex\n|-damage|p2a: Toxapex|86\/100\n|-damage|p1a: Lopunny|54\/100|[from] item: Rocky Helmet|[of] p2a: Toxapex\n|\n|upkeep\n|turn|28\n|\n|t:|1700177529\n|switch|p1a: Muk|Muk-Alola, F|34\/100\n|move|p2a: Toxapex|Scald|p1a: Muk\n|-damage|p1a: Muk|28\/100\n|\n|upkeep\n|turn|29\n|\n|t:|1700177532\n|move|p1a: Muk|Knock Off|p2a: Toxapex\n|-damage|p2a: Toxapex|66\/100\n|-damage|p1a: Muk|12\/100|[from] item: Rocky Helmet|[of] p2a: Toxapex\n|-enditem|p2a: Toxapex|Rocky Helmet|[from] move: Knock Off|[of] p1a: Muk\n|move|p2a: Toxapex|Toxic Spikes|p1a: Muk\n|-sidestart|p1: Harmony6|move: Toxic Spikes\n|\n|upkeep\n|turn|30\n|\n|t:|1700177539\n|switch|p1a: Zapdos|Zapdos|54\/100\n|move|p2a: Toxapex|Scald|p1a: Zapdos\n|-damage|p1a: Zapdos|39\/100\n|\n|upkeep\n|turn|31\n|\n|t:|1700177543\n|switch|p2a: Rotom|Rotom-Wash|81\/100\n|move|p1a: Zapdos|Roost|p1a: Zapdos\n|-heal|p1a: Zapdos|90\/100\n|-singleturn|p1a: Zapdos|move: Roost\n|\n|-heal|p2a: Rotom|87\/100|[from] item: Leftovers\n|upkeep\n|turn|32\n|\n|t:|1700177549\n|move|p1a: Zapdos|Discharge|p2a: Rotom\n|-damage|p2a: Rotom|50\/100\n|move|p2a: Rotom|Hydro Pump|p1a: Zapdos\n|-damage|p1a: Zapdos|54\/100\n|\n|-heal|p2a: Rotom|56\/100|[from] item: Leftovers\n|upkeep\n|turn|33\n|\n|t:|1700177557\n|move|p1a: Zapdos|Discharge|p2a: Rotom\n|-damage|p2a: Rotom|18\/100\n|move|p2a: Rotom|Will-O-Wisp|p1a: Zapdos\n|-status|p1a: Zapdos|brn\n|\n|-heal|p2a: Rotom|24\/100|[from] item: Leftovers\n|-damage|p1a: Zapdos|48\/100 brn|[from] brn\n|upkeep\n|turn|34\n|\n|t:|1700177561\n|move|p1a: Zapdos|Discharge|p2a: Rotom\n|-damage|p2a: Rotom|0 fnt\n|faint|p2a: Rotom\n|\n|-damage|p1a: Zapdos|42\/100 brn|[from] brn\n|upkeep\n|\n|t:|1700177565\n|switch|p2a: Ogerpon|Ogerpon-Wellspring, F|88\/100\n|turn|35\n|\n|t:|1700177571\n|move|p2a: Ogerpon|Ivy Cudgel|p1a: Zapdos|[anim] Ivy Cudgel Water\n|-damage|p1a: Zapdos|2\/100 brn\n|move|p1a: Zapdos|Hurricane|p2a: Ogerpon\n|-supereffective|p2a: Ogerpon\n|-damage|p2a: Ogerpon|0 fnt\n|faint|p2a: Ogerpon\n|\n|-damage|p1a: Zapdos|0 fnt|[from] brn\n|faint|p1a: Zapdos\n|upkeep\n|\n|t:|1700177576\n|switch|p2a: Azumarill|Azumarill, M|100\/100\n|switch|p1a: Muk|Muk-Alola, F|12\/100\n|-sideend|p1: Harmony6|move: Toxic Spikes|[of] p1a: Muk\n|turn|36\n|\n|t:|1700177580\n|move|p1a: Muk|Poison Jab|p2a: Azumarill\n|-supereffective|p2a: Azumarill\n|-damage|p2a: Azumarill|42\/100\n|-status|p2a: Azumarill|psn\n|move|p2a: Azumarill|Whirlpool|p1a: Muk\n|-damage|p1a: Muk|8\/100\n|-activate|p1a: Muk|move: Whirlpool|[of] p2a: Azumarill\n|\n|-heal|p2a: Azumarill|48\/100 psn|[from] item: Leftovers\n|-damage|p2a: Azumarill|36\/100 psn|[from] psn\n|-damage|p1a: Muk|0 fnt|[from] move: Whirlpool|[partiallytrapped]\n|faint|p1a: Muk\n|upkeep\n|j| Captainbruh1008\n|\n|t:|1700177585\n|switch|p1a: Lopunny|Lopunny-Mega, M|54\/100\n|turn|37\n|\n|t:|1700177589\n|switch|p2a: Toxapex|Toxapex, M|99\/100\n|move|p1a: Lopunny|Return|p2a: Toxapex\n|-damage|p2a: Toxapex|66\/100\n|\n|upkeep\n|turn|38\n|\n|t:|1700177601\n|move|p1a: Lopunny|U-turn|p2a: Toxapex\n|-resisted|p2a: Toxapex\n|-damage|p2a: Toxapex|58\/100\n|\n|t:|1700177604\n|switch|p1a: Gastrodon|Gastrodon, F|94\/100 brn|[from] U-turn\n|move|p2a: Toxapex|Recover|p2a: Toxapex\n|-heal|p2a: Toxapex|100\/100\n|\n|-heal|p1a: Gastrodon|100\/100 brn|[from] item: Leftovers\n|-damage|p1a: Gastrodon|94\/100 brn|[from] brn\n|upkeep\n|turn|39\n|\n|t:|1700177606\n|move|p1a: Gastrodon|Spikes|p2a: Toxapex\n|-sidestart|p2: asayake|Spikes\n|move|p2a: Toxapex|Toxic Spikes|p1a: Gastrodon\n|-sidestart|p1: Harmony6|move: Toxic Spikes\n|\n|-heal|p1a: Gastrodon|100\/100 brn|[from] item: Leftovers\n|-damage|p1a: Gastrodon|94\/100 brn|[from] brn\n|upkeep\n|turn|40\n|\n|t:|1700177611\n|switch|p2a: Gyarados|Gyarados-Mega, F|100\/100\n|-damage|p2a: Gyarados|88\/100|[from] Spikes\n|-ability|p2a: Gyarados|Mold Breaker\n|move|p1a: Gastrodon|Spikes|p2a: Gyarados\n|-sidestart|p2: asayake|Spikes\n|\n|-heal|p1a: Gastrodon|100\/100 brn|[from] item: Leftovers\n|-damage|p1a: Gastrodon|94\/100 brn|[from] brn\n|upkeep\n|turn|41\n|\n|t:|1700177619\n|switch|p1a: Meowscarada|Meowscarada, F|84\/100\n|-status|p1a: Meowscarada|psn\n|move|p2a: Gyarados|Substitute|p2a: Gyarados\n|-start|p2a: Gyarados|Substitute\n|-damage|p2a: Gyarados|63\/100\n|\n|-damage|p1a: Meowscarada|72\/100 psn|[from] psn\n|upkeep\n|turn|42\n|\n|t:|1700177632\n|move|p1a: Meowscarada|U-turn|p2a: Gyarados\n|-start|p1a: Meowscarada|typechange|Bug|[from] ability: Protean\n|-supereffective|p2a: Gyarados\n|-end|p2a: Gyarados|Substitute\n|\n|t:|1700177635\n|switch|p1a: Lopunny|Lopunny-Mega, M|54\/100|[from] U-turn\n|-status|p1a: Lopunny|psn\n|move|p2a: Gyarados|Dragon Dance|p2a: Gyarados\n|-boost|p2a: Gyarados|atk|1\n|-boost|p2a: Gyarados|spe|1\n|\n|-damage|p1a: Lopunny|41\/100 psn|[from] psn\n|upkeep\n|turn|43\n|\n|t:|1700177641\n|move|p1a: Lopunny|Fake Out|p2a: Gyarados\n|-damage|p2a: Gyarados|45\/100\n|cant|p2a: Gyarados|flinch\n|\n|-damage|p1a: Lopunny|29\/100 psn|[from] psn\n|upkeep\n|turn|44\n|\n|t:|1700177645\n|switch|p1a: Ferrothorn|Ferrothorn, F|61\/100\n|move|p2a: Gyarados|Substitute|p2a: Gyarados\n|-start|p2a: Gyarados|Substitute\n|-damage|p2a: Gyarados|20\/100\n|\n|-heal|p1a: Ferrothorn|67\/100|[from] item: Leftovers\n|upkeep\n|turn|45\n|\n|t:|1700177650\n|move|p2a: Gyarados|Dragon Dance|p2a: Gyarados\n|-boost|p2a: Gyarados|atk|1\n|-boost|p2a: Gyarados|spe|1\n|move|p1a: Ferrothorn|Gyro Ball|p2a: Gyarados\n|-resisted|p2a: Gyarados\n|-activate|p2a: Gyarados|move: Substitute|[damage]\n|\n|-heal|p1a: Ferrothorn|73\/100|[from] item: Leftovers\n|upkeep\n|turn|46\n|\n|t:|1700177652\n|move|p2a: Gyarados|Crunch|p1a: Ferrothorn\n|-damage|p1a: Ferrothorn|0 fnt\n|-damage|p2a: Gyarados|8\/100|[from] ability: Iron Barbs|[of] p1a: Ferrothorn\n|faint|p1a: Ferrothorn\n|\n|upkeep\n|\n|t:|1700177663\n|switch|p1a: Lopunny|Lopunny-Mega, M|29\/100 psn\n|turn|47\n|\n|t:|1700177667\n|move|p1a: Lopunny|Fake Out|p2a: Gyarados\n|-end|p2a: Gyarados|Substitute\n|move|p2a: Gyarados|Waterfall|p1a: Lopunny\n|-damage|p1a: Lopunny|0 fnt\n|faint|p1a: Lopunny\n|\n|upkeep\n|\n|t:|1700177670\n|switch|p1a: Gastrodon|Gastrodon, F|94\/100 brn\n|turn|48\n|\n|t:|1700177673\n|move|p2a: Gyarados|Crunch|p1a: Gastrodon\n|-damage|p1a: Gastrodon|0 fnt\n|faint|p1a: Gastrodon\n|\n|upkeep\n|\n|t:|1700177675\n|switch|p1a: Meowscarada|Meowscarada, F|72\/100 psn\n|turn|49\n|c| Captainbruh1008|No wonder this thing rose to OU\n|\n|t:|1700177677\n|move|p2a: Gyarados|Crunch|p1a: Meowscarada\n|-resisted|p1a: Meowscarada\n|-damage|p1a: Meowscarada|0 fnt\n|faint|p1a: Meowscarada\n|\n|win|asayake\n|c|\u2606Harmony6|Ggs\n|c| Pex Hater|break mold\n|c|\u2606asayake|if i had a nickel for every time i forgot zapdos\n|l|\u2606Harmony6\n|c|\u2606asayake|id have 2\n|c|\u2606asayake|which is weird\n|l| Captainbruh1008\n","uploadtime":1700177703,"views":35,"p1id":"harmony6","p2id":"asayake","formatid":"gen9nationaldexubers","rating":0,"private":0,"password":""}