{"id":"gen9nationaldexubers-1981906996","p1":"AT183","p2":"Ghost_Best_Girl","format":"[Gen 9] National Dex Ubers","log":"|j|\u2606AT183\n|j|\u2606Ghost_Best_Girl\n|t:|1698950702\n|gametype|singles\n|player|p1|AT183|pryce|1179\n|player|p2|Ghost_Best_Girl|veteranf|1241\n|teamsize|p1|6\n|teamsize|p2|6\n|gen|9\n|tier|[Gen 9] National Dex Ubers\n|rated|\n|rule|HP Percentage Mod: HP is shown in percentages\n|rule|Endless Battle Clause: Forcing endless battles is banned\n|rule|OHKO Clause: OHKO moves are banned\n|rule|Evasion Moves Clause: Evasion moves are banned\n|rule|Evasion Items Clause: Evasion items are banned\n|rule|Species Clause: Limit one of each Pok\u00e9mon\n|rule|Sleep Clause Mod: Limit one foe put to sleep\n|rule|Mega Rayquaza Clause: You cannot mega evolve Rayquaza\n|clearpoke\n|poke|p1|Necrozma-Dawn-Wings|\n|poke|p1|Magearna|\n|poke|p1|Forretress, F|\n|poke|p1|Blastoise, M|\n|poke|p1|Annihilape, F|\n|poke|p1|Ninetales-Alola, F|\n|poke|p2|Absol, F|\n|poke|p2|Rayquaza|\n|poke|p2|Ninetales-Alola, F|\n|poke|p2|Moltres-Galar|\n|poke|p2|Slither Wing|\n|poke|p2|Dialga|\n|teampreview\n|inactive|Battle timer is ON: inactive players will automatically lose when time's up. (requested by AT183)\n|\n|t:|1698950708\n|start\n|switch|p1a: The Landmine|Forretress, F|100\/100\n|switch|p2a: Slither Wing|Slither Wing|100\/100\n|-enditem|p2a: Slither Wing|Booster Energy\n|-activate|p2a: Slither Wing|ability: Protosynthesis|[fromitem]\n|-start|p2a: Slither Wing|protosynthesisatk\n|turn|1\n|\n|t:|1698950716\n|move|p2a: Slither Wing|Close Combat|p1a: The Landmine\n|-damage|p1a: The Landmine|52\/100\n|-unboost|p2a: Slither Wing|def|1\n|-unboost|p2a: Slither Wing|spd|1\n|-enditem|p1a: The Landmine|Red Card|[of] p2a: Slither Wing\n|-end|p2a: Slither Wing|Protosynthesis|[silent]\n|drag|p2a: Dialga|Dialga, shiny|100\/100\n|-ability|p2a: Dialga|Pressure\n|move|p1a: The Landmine|Stealth Rock|p2a: Dialga\n|-sidestart|p2: Ghost_Best_Girl|move: Stealth Rock\n|\n|upkeep\n|turn|2\n|\n|t:|1698950728\n|move|p2a: Dialga|Earth Power|p1a: The Landmine\n|-damage|p1a: The Landmine|4\/100\n|move|p1a: The Landmine|Spikes|p2a: Dialga\n|-sidestart|p2: Ghost_Best_Girl|Spikes\n|\n|upkeep\n|turn|3\n|\n|t:|1698950736\n|move|p2a: Dialga|Earth Power|p1a: The Landmine\n|-damage|p1a: The Landmine|0 fnt\n|faint|p1a: The Landmine\n|\n|upkeep\n|\n|t:|1698950750\n|switch|p1a: The Warship|Blastoise, M|100\/100\n|turn|4\n|\n|t:|1698950754\n|detailschange|p1a: The Warship|Blastoise-Mega, M\n|-mega|p1a: The Warship|Blastoise|Blastoisinite\n|move|p2a: Dialga|Thunder|p1a: The Warship\n|-supereffective|p1a: The Warship\n|-damage|p1a: The Warship|13\/100\n|move|p1a: The Warship|Shell Smash|p1a: The Warship\n|-unboost|p1a: The Warship|def|1\n|-unboost|p1a: The Warship|spd|1\n|-boost|p1a: The Warship|atk|2\n|-boost|p1a: The Warship|spa|2\n|-boost|p1a: The Warship|spe|2\n|\n|upkeep\n|turn|5\n|\n|t:|1698950763\n|move|p1a: The Warship|Dark Pulse|p2a: Dialga\n|-damage|p2a: Dialga|4\/100\n|move|p2a: Dialga|Thunder|p1a: The Warship\n|-supereffective|p1a: The Warship\n|-crit|p1a: The Warship\n|-damage|p1a: The Warship|0 fnt\n|faint|p1a: The Warship\n|\n|-heal|p2a: Dialga|10\/100|[from] item: Leftovers\n|upkeep\n|\n|t:|1698950774\n|switch|p1a: The Fox|Ninetales-Alola, F|100\/100\n|-weather|Snow|[from] ability: Snow Warning|[of] p1a: The Fox\n|turn|6\n|\n|t:|1698950778\n|move|p1a: The Fox|Aurora Veil|p1a: The Fox\n|-sidestart|p1: AT183|move: Aurora Veil\n|move|p2a: Dialga|Earth Power|p1a: The Fox\n|-damage|p1a: The Fox|81\/100\n|\n|-weather|Snow|[upkeep]\n|-heal|p2a: Dialga|17\/100|[from] item: Leftovers\n|upkeep\n|turn|7\n|\n|t:|1698950784\n|move|p1a: The Fox|Calm Mind|p1a: The Fox\n|-boost|p1a: The Fox|spa|1\n|-boost|p1a: The Fox|spd|1\n|move|p2a: Dialga|Earth Power|p1a: The Fox\n|-damage|p1a: The Fox|68\/100\n|\n|-weather|Snow|[upkeep]\n|-heal|p2a: Dialga|23\/100|[from] item: Leftovers\n|upkeep\n|turn|8\n|\n|t:|1698950792\n|move|p1a: The Fox|Freeze-Dry|p2a: Dialga\n|-damage|p2a: Dialga|0 fnt\n|faint|p2a: Dialga\n|\n|-weather|Snow|[upkeep]\n|upkeep\n|\n|t:|1698950806\n|switch|p2a: Slither Wing|Slither Wing|100\/100\n|-damage|p2a: Slither Wing|88\/100|[from] Stealth Rock\n|-damage|p2a: Slither Wing|76\/100|[from] Spikes\n|turn|9\n|\n|t:|1698950815\n|move|p2a: Slither Wing|First Impression|p1a: The Fox\n|-resisted|p1a: The Fox\n|-damage|p1a: The Fox|56\/100\n|move|p1a: The Fox|Freeze-Dry|p2a: Slither Wing\n|-damage|p2a: Slither Wing|36\/100\n|\n|-weather|Snow|[upkeep]\n|upkeep\n|turn|10\n|\n|t:|1698950825\n|move|p1a: The Fox|Freeze-Dry|p2a: Slither Wing\n|-damage|p2a: Slither Wing|0 fnt\n|faint|p2a: Slither Wing\n|-end|p2a: Slither Wing|Protosynthesis|[silent]\n|\n|-weather|none\n|upkeep\n|\n|t:|1698950836\n|switch|p2a: Absol|Absol, F|100\/100\n|-damage|p2a: Absol|88\/100|[from] Stealth Rock\n|-damage|p2a: Absol|76\/100|[from] Spikes\n|-ability|p2a: Absol|Pressure\n|turn|11\n|\n|t:|1698950848\n|detailschange|p2a: Absol|Absol-Mega, F\n|-mega|p2a: Absol|Absol|Absolite\n|move|p2a: Absol|Close Combat|p1a: The Fox\n|-damage|p1a: The Fox|18\/100\n|-unboost|p2a: Absol|def|1\n|-unboost|p2a: Absol|spd|1\n|move|p1a: The Fox|Draining Kiss|p2a: Absol\n|-supereffective|p2a: Absol\n|-crit|p2a: Absol\n|-damage|p2a: Absol|0 fnt\n|-heal|p1a: The Fox|72\/100|[from] drain|[of] p2a: Absol\n|faint|p2a: Absol\n|\n|upkeep\n|\n|t:|1698950858\n|switch|p2a: Ninetales|Ninetales-Alola, F, shiny|100\/100\n|-damage|p2a: Ninetales|76\/100|[from] Stealth Rock\n|-damage|p2a: Ninetales|64\/100|[from] Spikes\n|-weather|Snow|[from] ability: Snow Warning|[of] p2a: Ninetales\n|turn|12\n|\n|t:|1698950867\n|move|p1a: The Fox|Draining Kiss|p2a: Ninetales\n|-damage|p2a: Ninetales|31\/100\n|-heal|p1a: The Fox|97\/100|[from] drain|[of] p2a: Ninetales\n|move|p2a: Ninetales|Aurora Veil|p2a: Ninetales\n|-sidestart|p2: Ghost_Best_Girl|move: Aurora Veil\n|\n|-weather|Snow|[upkeep]\n|upkeep\n|turn|13\n|\n|t:|1698950875\n|move|p1a: The Fox|Draining Kiss|p2a: Ninetales\n|-damage|p2a: Ninetales|14\/100\n|-heal|p1a: The Fox|100\/100|[from] drain|[of] p2a: Ninetales\n|move|p2a: Ninetales|Toxic|p1a: The Fox|[miss]\n|-miss|p2a: Ninetales|p1a: The Fox\n|\n|-weather|Snow|[upkeep]\n|-sideend|p1: AT183|move: Aurora Veil\n|upkeep\n|turn|14\n|\n|t:|1698950882\n|move|p2a: Ninetales|Toxic|p1a: The Fox\n|-status|p1a: The Fox|tox\n|move|p1a: The Fox|Draining Kiss|p2a: Ninetales\n|-damage|p2a: Ninetales|0 fnt\n|faint|p2a: Ninetales\n|\n|-weather|Snow|[upkeep]\n|-damage|p1a: The Fox|95\/100 tox|[from] psn\n|upkeep\n|\n|t:|1698950890\n|switch|p2a: Rayquaza|Rayquaza, shiny|100\/100\n|-damage|p2a: Rayquaza|76\/100|[from] Stealth Rock\n|-ability|p2a: Rayquaza|Air Lock\n|turn|15\n|\n|t:|1698950899\n|move|p1a: The Fox|Freeze-Dry|p2a: Rayquaza\n|-supereffective|p2a: Rayquaza\n|-damage|p2a: Rayquaza|0 fnt\n|faint|p2a: Rayquaza\n|\n|-weather|Snow|[upkeep]\n|-damage|p1a: The Fox|83\/100 tox|[from] psn\n|upkeep\n|\n|t:|1698950908\n|switch|p2a: Moltres|Moltres-Galar|100\/100\n|-damage|p2a: Moltres|76\/100|[from] Stealth Rock\n|turn|16\n|\n|t:|1698950920\n|move|p1a: The Fox|Aurora Veil|p1a: The Fox\n|-sidestart|p1: AT183|move: Aurora Veil\n|move|p2a: Moltres|Hurricane|p1a: The Fox|[miss]\n|-miss|p2a: Moltres|p1a: The Fox\n|\n|-weather|none\n|-damage|p1a: The Fox|65\/100 tox|[from] psn\n|upkeep\n|turn|17\n|\n|t:|1698950927\n|move|p1a: The Fox|Draining Kiss|p2a: Moltres\n|-supereffective|p2a: Moltres\n|-damage|p2a: Moltres|52\/100\n|-heal|p1a: The Fox|85\/100 tox|[from] drain|[of] p2a: Moltres\n|-enditem|p2a: Moltres|Weakness Policy\n|-boost|p2a: Moltres|atk|2|[from] item: Weakness Policy\n|-boost|p2a: Moltres|spa|2|[from] item: Weakness Policy\n|move|p2a: Moltres|Hurricane|p1a: The Fox|[miss]\n|-miss|p2a: Moltres|p1a: The Fox\n|\n|-damage|p1a: The Fox|61\/100 tox|[from] psn\n|upkeep\n|turn|18\n|\n|t:|1698950936\n|move|p1a: The Fox|Calm Mind|p1a: The Fox\n|-boost|p1a: The Fox|spa|1\n|-boost|p1a: The Fox|spd|1\n|move|p2a: Moltres|Fiery Wrath|p1a: The Fox\n|-resisted|p1a: The Fox\n|-damage|p1a: The Fox|51\/100 tox\n|\n|-damage|p1a: The Fox|21\/100 tox|[from] psn\n|upkeep\n|turn|19\n|\n|t:|1698950950\n|move|p1a: The Fox|Draining Kiss|p2a: Moltres\n|-supereffective|p2a: Moltres\n|-damage|p2a: Moltres|18\/100\n|-heal|p1a: The Fox|50\/100 tox|[from] drain|[of] p2a: Moltres\n|-ability|p2a: Moltres|Berserk|boost\n|-boost|p2a: Moltres|spa|1\n|move|p2a: Moltres|Tailwind|p2a: Moltres\n|-sidestart|p2: Ghost_Best_Girl|move: Tailwind\n|\n|-damage|p1a: The Fox|14\/100 tox|[from] psn\n|-sideend|p2: Ghost_Best_Girl|move: Aurora Veil\n|upkeep\n|turn|20\n|\n|t:|1698950959\n|move|p2a: Moltres|Fiery Wrath|p1a: The Fox\n|-resisted|p1a: The Fox\n|-damage|p1a: The Fox|0 fnt\n|faint|p1a: The Fox\n|\n|upkeep\n|\n|t:|1698950963\n|switch|p1a: The M O N K E|Annihilape, F|100\/100\n|turn|21\n|\n|t:|1698950974\n|-terastallize|p1a: The M O N K E|Fighting\n|move|p2a: Moltres|Hurricane|p1a: The M O N K E\n|-supereffective|p1a: The M O N K E\n|-damage|p1a: The M O N K E|0 fnt\n|faint|p1a: The M O N K E\n|\n|upkeep\n|\n|t:|1698950979\n|switch|p1a: The Batman|Necrozma-Dawn-Wings|100\/100\n|turn|22\n|\n|t:|1698950991\n|detailschange|p1a: The Batman|Necrozma-Ultra\n|-burst|p1a: The Batman|Necrozma|Ultranecrozium Z\n|move|p2a: Moltres|Fiery Wrath|p1a: The Batman\n|-supereffective|p1a: The Batman\n|-damage|p1a: The Batman|1\/100\n|move|p1a: The Batman|Moongeist Beam|p2a: Moltres\n|-resisted|p2a: Moltres\n|-damage|p2a: Moltres|0 fnt\n|faint|p2a: Moltres\n|\n|win|AT183\n|raw|AT183's rating: 1179 &rarr; <strong>1208<\/strong><br \/>(+29 for winning)\n|raw|Ghost_Best_Girl's rating: 1241 &rarr; <strong>1212<\/strong><br \/>(-29 for losing)\n|l|\u2606Ghost_Best_Girl\n","uploadtime":1698951015,"views":8,"p1id":"at183","p2id":"ghostbestgirl","formatid":"gen9nationaldexubers","rating":1208,"private":0,"password":""}