{"id":"gen9nationaldexubers-1980433140","p1":"Fallsdownstairs13","p2":"SrailMix","format":"[Gen 9] National Dex Ubers","log":"|j|\u2606Fallsdownstairs13\n|j|\u2606SrailMix\n|t:|1698784491\n|gametype|singles\n|player|p1|Fallsdownstairs13|winona|1105\n|player|p2|SrailMix|birdkeeper|1174\n|teamsize|p1|6\n|teamsize|p2|6\n|gen|9\n|tier|[Gen 9] National Dex Ubers\n|rated|\n|rule|HP Percentage Mod: HP is shown in percentages\n|rule|Endless Battle Clause: Forcing endless battles is banned\n|rule|OHKO Clause: OHKO moves are banned\n|rule|Evasion Moves Clause: Evasion moves are banned\n|rule|Evasion Items Clause: Evasion items are banned\n|rule|Species Clause: Limit one of each Pok\u00e9mon\n|rule|Sleep Clause Mod: Limit one foe put to sleep\n|rule|Mega Rayquaza Clause: You cannot mega evolve Rayquaza\n|clearpoke\n|poke|p1|Bisharp, M|\n|poke|p1|Oricorio-Sensu, M|\n|poke|p1|Marshadow|\n|poke|p1|Volcarona, M|\n|poke|p1|Banette, M|\n|poke|p1|Malamar, M|\n|poke|p2|Marshadow|\n|poke|p2|Rotom-Wash|\n|poke|p2|Volcarona, F|\n|poke|p2|Urshifu-*, F|\n|poke|p2|Aegislash, M|\n|poke|p2|Garganacl, F|\n|teampreview\n|\n|t:|1698784504\n|start\n|switch|p1a: Malamar|Malamar, M|100\/100\n|switch|p2a: Urshifu|Urshifu-Rapid-Strike, F|100\/100\n|turn|1\n|\n|t:|1698784514\n|move|p2a: Urshifu|Swords Dance|p2a: Urshifu\n|-boost|p2a: Urshifu|atk|2\n|move|p1a: Malamar|Psycho Cut|p2a: Urshifu\n|-supereffective|p2a: Urshifu\n|-damage|p2a: Urshifu|56\/100\n|\n|upkeep\n|turn|2\n|\n|t:|1698784519\n|move|p2a: Urshifu|Surging Strikes|p1a: Malamar\n|-crit|p1a: Malamar\n|-damage|p1a: Malamar|53\/100\n|-crit|p1a: Malamar\n|-damage|p1a: Malamar|1\/100\n|-crit|p1a: Malamar\n|-damage|p1a: Malamar|0 fnt\n|faint|p1a: Malamar\n|-hitcount|p1: Malamar|3\n|-damage|p2a: Urshifu|46\/100|[from] item: Life Orb\n|\n|upkeep\n|\n|t:|1698784528\n|switch|p1a: Marshadow|Marshadow|100\/100\n|turn|3\n|\n|t:|1698784541\n|move|p1a: Marshadow|Spectral Thief||[still]\n|-clearpositiveboost|p2a: Urshifu|p1a: Marshadow|move: Spectral Thief\n|-boost|p1a: Marshadow|atk|2\n|-anim|p1a: Marshadow|Spectral Thief|p2a: Urshifu\n|-damage|p2a: Urshifu|0 fnt\n|faint|p2a: Urshifu\n|\n|upkeep\n|\n|t:|1698784544\n|switch|p2a: Marshadow|Marshadow|100\/100\n|turn|4\n|\n|t:|1698784557\n|-terastallize|p2a: Marshadow|Normal\n|move|p1a: Marshadow|Spectral Thief|p2a: Marshadow\n|-immune|p2a: Marshadow\n|move|p2a: Marshadow|Spectral Thief||[still]\n|-clearpositiveboost|p1a: Marshadow|p2a: Marshadow|move: Spectral Thief\n|-boost|p2a: Marshadow|atk|2\n|-anim|p2a: Marshadow|Spectral Thief|p1a: Marshadow\n|-supereffective|p1a: Marshadow\n|-damage|p1a: Marshadow|0 fnt\n|faint|p1a: Marshadow\n|\n|upkeep\n|\n|t:|1698784578\n|switch|p1a: Banette|Banette, M|100\/100\n|turn|5\n|\n|t:|1698784582\n|detailschange|p1a: Banette|Banette-Mega, M\n|-mega|p1a: Banette|Banette|Banettite\n|move|p2a: Marshadow|Shadow Sneak|p1a: Banette\n|-supereffective|p1a: Banette\n|-damage|p1a: Banette|0 fnt\n|faint|p1a: Banette\n|\n|upkeep\n|-message|Fallsdownstairs13 forfeited.\n|\n|win|SrailMix\n|raw|Fallsdownstairs13's rating: 1105 &rarr; <strong>1085<\/strong><br \/>(-20 for losing)\n|raw|SrailMix's rating: 1174 &rarr; <strong>1194<\/strong><br \/>(+20 for winning)\n|l|\u2606Fallsdownstairs13\n","uploadtime":1698784594,"views":7,"p1id":"fallsdownstairs13","p2id":"srailmix","formatid":"gen9nationaldexubers","rating":1085,"private":0,"password":""}