{"id":"gen9nationaldexubers-1986796446","p1":"arafatr871","p2":"Soyeon is a cutie","format":"[Gen 9] National Dex Ubers","log":"|j|\u2606arafatr871\n|j|\u2606Soyeon is a cutie\n|t:|1699526591\n|gametype|singles\n|player|p1|arafatr871|silver|1675\n|player|p2|Soyeon is a cutie|idol|1876\n|teamsize|p1|6\n|teamsize|p2|6\n|gen|9\n|tier|[Gen 9] National Dex Ubers\n|rated|\n|rule|HP Percentage Mod: HP is shown in percentages\n|rule|Endless Battle Clause: Forcing endless battles is banned\n|rule|OHKO Clause: OHKO moves are banned\n|rule|Evasion Moves Clause: Evasion moves are banned\n|rule|Evasion Items Clause: Evasion items are banned\n|rule|Species Clause: Limit one of each Pok\u00e9mon\n|rule|Sleep Clause Mod: Limit one foe put to sleep\n|rule|Mega Rayquaza Clause: You cannot mega evolve Rayquaza\n|clearpoke\n|poke|p1|Groudon|\n|poke|p1|Dondozo, M|\n|poke|p1|Yveltal|\n|poke|p1|Zacian-*|\n|poke|p1|Kyogre|\n|poke|p1|Samurott-Hisui, M|\n|poke|p2|Arceus-Fairy|\n|poke|p2|Kingambit, F|\n|poke|p2|Ditto|\n|poke|p2|Urshifu-*, M|\n|poke|p2|Lunala|\n|poke|p2|Necrozma-Dusk-Mane|\n|teampreview\n|inactive|Battle timer is ON: inactive players will automatically lose when time's up. (requested by arafatr871)\n|inactive|Soyeon is a cutie also wants the timer to be on.\n|\n|t:|1699526603\n|start\n|switch|p1a: Zacian|Zacian-Crowned|100\/100\n|switch|p2a: Necrozma|Necrozma-Dusk-Mane, shiny|100\/100\n|-ability|p1a: Zacian|Intrepid Sword|boost\n|-boost|p1a: Zacian|atk|1\n|turn|1\n|\n|t:|1699526608\n|-terastallize|p1a: Zacian|Ground\n|move|p1a: Zacian|Tera Blast|p2a: Necrozma|[anim] Tera Blast Ground\n|-supereffective|p2a: Necrozma\n|-damage|p2a: Necrozma|18\/100\n|move|p2a: Necrozma|Stealth Rock|p1a: Zacian\n|-sidestart|p1: arafatr871|move: Stealth Rock\n|\n|upkeep\n|turn|2\n|\n|t:|1699526625\n|move|p1a: Zacian|Tera Blast|p2a: Necrozma|[anim] Tera Blast Ground\n|-supereffective|p2a: Necrozma\n|-damage|p2a: Necrozma|0 fnt\n|faint|p2a: Necrozma\n|\n|upkeep\n|\n|t:|1699526628\n|switch|p2a: Ditto|Ditto, shiny|100\/100\n|-transform|p2a: Ditto|p1a: Zacian|[from] ability: Imposter\n|-ability|p2a: Ditto|Intrepid Sword|boost\n|-boost|p2a: Ditto|atk|1\n|-start|p2a: Ditto|typechange|Fairy\/Steel|[silent]\n|turn|3\n|\n|t:|1699526636\n|move|p2a: Ditto|Behemoth Blade|p1a: Zacian\n|-damage|p1a: Zacian|0 fnt\n|faint|p1a: Zacian\n|\n|upkeep\n|\n|t:|1699526640\n|switch|p1a: Dondozo|Dondozo, M, shiny|100\/100\n|-damage|p1a: Dondozo|88\/100|[from] Stealth Rock\n|turn|4\n|\n|t:|1699526646\n|move|p2a: Ditto|Behemoth Blade|p1a: Dondozo\n|-resisted|p1a: Dondozo\n|-damage|p1a: Dondozo|72\/100\n|move|p1a: Dondozo|Earthquake|p2a: Ditto\n|-supereffective|p2a: Ditto\n|-damage|p2a: Ditto|33\/100\n|\n|-heal|p1a: Dondozo|78\/100|[from] item: Leftovers\n|upkeep\n|turn|5\n|\n|t:|1699526649\n|switch|p2a: Lunala|Lunala, shiny|100\/100\n|move|p1a: Dondozo|Earthquake|p2a: Lunala\n|-damage|p2a: Lunala|85\/100\n|\n|-heal|p1a: Dondozo|84\/100|[from] item: Leftovers\n|upkeep\n|turn|6\n|\n|t:|1699526658\n|move|p2a: Lunala|Calm Mind|p2a: Lunala\n|-boost|p2a: Lunala|spa|1\n|-boost|p2a: Lunala|spd|1\n|move|p1a: Dondozo|Curse|p1a: Dondozo\n|-unboost|p1a: Dondozo|spe|1\n|-boost|p1a: Dondozo|atk|1\n|-boost|p1a: Dondozo|def|1\n|\n|-heal|p1a: Dondozo|90\/100|[from] item: Leftovers\n|upkeep\n|turn|7\n|\n|t:|1699526665\n|move|p2a: Lunala|Moongeist Beam|p1a: Dondozo\n|-damage|p1a: Dondozo|16\/100\n|move|p1a: Dondozo|Liquidation|p2a: Lunala\n|-damage|p2a: Lunala|34\/100\n|\n|-heal|p1a: Dondozo|22\/100|[from] item: Leftovers\n|upkeep\n|turn|8\n|j| nduts732\n|\n|t:|1699526673\n|move|p2a: Lunala|Moongeist Beam|p1a: Dondozo\n|-damage|p1a: Dondozo|0 fnt\n|faint|p1a: Dondozo\n|\n|upkeep\n|l| nduts732\n|\n|t:|1699526675\n|switch|p1a: Yveltal|Yveltal, shiny|100\/100\n|-damage|p1a: Yveltal|76\/100|[from] Stealth Rock\n|-ability|p1a: Yveltal|Dark Aura\n|turn|9\n|\n|t:|1699526681\n|switch|p2a: Arceus|Arceus-Fairy|100\/100\n|move|p1a: Yveltal|Dual Wingbeat|p2a: Arceus\n|-damage|p2a: Arceus|84\/100\n|-damage|p2a: Arceus|67\/100\n|-hitcount|p2a: Arceus|2\n|-damage|p1a: Yveltal|66\/100|[from] item: Life Orb\n|\n|upkeep\n|turn|10\n|\n|t:|1699526688\n|switch|p1a: Groudon|Groudon, shiny|100\/100\n|-damage|p1a: Groudon|94\/100|[from] Stealth Rock\n|detailschange|p1a: Groudon|Groudon-Primal, shiny\n|-primal|p1a: Groudon|Red Orb\n|-weather|DesolateLand|[from] ability: Desolate Land|[of] p1a: Groudon\n|move|p2a: Arceus|Judgment|p1a: Groudon\n|-resisted|p1a: Groudon\n|-damage|p1a: Groudon|67\/100\n|\n|-weather|DesolateLand|[upkeep]\n|upkeep\n|turn|11\n|\n|t:|1699526691\n|move|p2a: Arceus|Toxic|p1a: Groudon\n|-status|p1a: Groudon|tox\n|move|p1a: Groudon|Heat Crash|p2a: Arceus\n|-damage|p2a: Arceus|12\/100\n|\n|-weather|DesolateLand|[upkeep]\n|-damage|p1a: Groudon|60\/100 tox|[from] psn\n|upkeep\n|turn|12\n|\n|t:|1699526694\n|move|p2a: Arceus|Recover|p2a: Arceus\n|-heal|p2a: Arceus|62\/100\n|move|p1a: Groudon|Earthquake|p2a: Arceus\n|-damage|p2a: Arceus|18\/100\n|\n|-weather|DesolateLand|[upkeep]\n|-damage|p1a: Groudon|48\/100 tox|[from] psn\n|upkeep\n|turn|13\n|\n|t:|1699526698\n|-weather|none\n|switch|p1a: Samurott|Samurott-Hisui, M, shiny|100\/100\n|-damage|p1a: Samurott|88\/100|[from] Stealth Rock\n|move|p2a: Arceus|Recover|p2a: Arceus\n|-heal|p2a: Arceus|68\/100\n|\n|upkeep\n|turn|14\n|\n|t:|1699526702\n|move|p2a: Arceus|Judgment|p1a: Samurott\n|-supereffective|p1a: Samurott\n|-damage|p1a: Samurott|0 fnt\n|faint|p1a: Samurott\n|\n|upkeep\n|\n|t:|1699526705\n|switch|p1a: Kyogre|Kyogre|100\/100\n|-damage|p1a: Kyogre|88\/100|[from] Stealth Rock\n|detailschange|p1a: Kyogre|Kyogre-Primal\n|-primal|p1a: Kyogre|Blue Orb\n|-weather|PrimordialSea|[from] ability: Primordial Sea|[of] p1a: Kyogre\n|turn|15\n|\n|t:|1699526709\n|move|p2a: Arceus|Judgment|p1a: Kyogre\n|-damage|p1a: Kyogre|58\/100\n|move|p1a: Kyogre|Water Spout|p2a: Arceus\n|-damage|p2a: Arceus|2\/100\n|\n|-weather|PrimordialSea|[upkeep]\n|upkeep\n|turn|16\n|\n|t:|1699526713\n|move|p2a: Arceus|Judgment|p1a: Kyogre\n|-damage|p1a: Kyogre|30\/100\n|move|p1a: Kyogre|Scald|p2a: Arceus\n|-damage|p2a: Arceus|0 fnt\n|faint|p2a: Arceus\n|\n|-weather|PrimordialSea|[upkeep]\n|upkeep\n|\n|t:|1699526717\n|switch|p2a: Lunala|Lunala, shiny|34\/100\n|turn|17\n|\n|t:|1699526720\n|move|p2a: Lunala|Moongeist Beam|p1a: Kyogre\n|-damage|p1a: Kyogre|0 fnt\n|faint|p1a: Kyogre\n|-weather|none\n|\n|upkeep\n|\n|t:|1699526723\n|switch|p1a: Yveltal|Yveltal, shiny|66\/100\n|-damage|p1a: Yveltal|41\/100|[from] Stealth Rock\n|-ability|p1a: Yveltal|Dark Aura\n|turn|18\n|\n|t:|1699526728\n|switch|p2a: Kingambit|Kingambit, F|100\/100\n|-activate|p2a: Kingambit|ability: Supreme Overlord\n|-start|p2a: Kingambit|fallen2|[silent]\n|move|p1a: Yveltal|Knock Off|p2a: Kingambit\n|-resisted|p2a: Kingambit\n|-damage|p2a: Kingambit|69\/100\n|-enditem|p2a: Kingambit|Black Glasses|[from] move: Knock Off|[of] p1a: Yveltal\n|-damage|p1a: Yveltal|31\/100|[from] item: Life Orb\n|\n|upkeep\n|turn|19\n|\n|t:|1699526733\n|move|p1a: Yveltal|Dual Wingbeat|p2a: Kingambit\n|-resisted|p2a: Kingambit\n|-damage|p2a: Kingambit|59\/100\n|-resisted|p2a: Kingambit\n|-damage|p2a: Kingambit|48\/100\n|-hitcount|p2a: Kingambit|2\n|-damage|p1a: Yveltal|21\/100|[from] item: Life Orb\n|move|p2a: Kingambit|Knock Off|p1a: Yveltal\n|-resisted|p1a: Yveltal\n|-damage|p1a: Yveltal|0 fnt\n|-enditem|p1a: Yveltal|Life Orb|[from] move: Knock Off|[of] p2a: Kingambit\n|faint|p1a: Yveltal\n|\n|upkeep\n|\n|t:|1699526738\n|switch|p1a: Groudon|Groudon-Primal, shiny|48\/100 tox\n|-damage|p1a: Groudon|36\/100 tox|[from] Stealth Rock\n|-weather|DesolateLand|[from] ability: Desolate Land|[of] p1a: Groudon\n|turn|20\n|\n|t:|1699526741\n|move|p2a: Kingambit|Sucker Punch|p1a: Groudon\n|-damage|p1a: Groudon|1\/100 tox\n|move|p1a: Groudon|Earthquake|p2a: Kingambit\n|-supereffective|p2a: Kingambit\n|-damage|p2a: Kingambit|0 fnt\n|faint|p2a: Kingambit\n|-end|p2a: Kingambit|fallen2|[silent]\n|\n|-weather|DesolateLand|[upkeep]\n|-damage|p1a: Groudon|0 fnt|[from] psn\n|faint|p1a: Groudon\n|-weather|none\n|\n|win|Soyeon is a cutie\n|upkeep\n|raw|arafatr871's rating: 1675 &rarr; <strong>1665<\/strong><br \/>(-10 for losing)\n|raw|Soyeon is a cutie's rating: 1876 &rarr; <strong>1886<\/strong><br \/>(+10 for winning)\n|l|\u2606Soyeon is a cutie\n|l|\u2606arafatr871\n","uploadtime":1699526752,"views":15,"p1id":"arafatr871","p2id":"soyeonisacutie","formatid":"gen9nationaldexubers","rating":1665,"private":0,"password":""}