{"id":"gen9nationaldexubers-1999685924","p1":"ImGoodATM","p2":"Duskito","format":"[Gen 9] National Dex Ubers","log":"|j|\u2606ImGoodATM\n|j|\u2606Duskito\n|t:|1701107732\n|gametype|singles\n|player|p1|ImGoodATM|will|1270\n|player|p2|Duskito|alec-anime|1320\n|teamsize|p1|6\n|teamsize|p2|6\n|gen|9\n|tier|[Gen 9] National Dex Ubers\n|rated|\n|rule|HP Percentage Mod: HP is shown in percentages\n|rule|Endless Battle Clause: Forcing endless battles is banned\n|rule|OHKO Clause: OHKO moves are banned\n|rule|Evasion Moves Clause: Evasion moves are banned\n|rule|Evasion Items Clause: Evasion items are banned\n|rule|Species Clause: Limit one of each Pok\u00e9mon\n|rule|Sleep Clause Mod: Limit one foe put to sleep\n|rule|Mega Rayquaza Clause: You cannot mega evolve Rayquaza\n|clearpoke\n|poke|p1|Calyrex-Ice|\n|poke|p1|Stakataka|\n|poke|p1|Hatterene, F|\n|poke|p1|Kingambit, F|\n|poke|p1|Dondozo, M|\n|poke|p1|Reuniclus, F|\n|poke|p2|Xerneas-*|\n|poke|p2|Shaymin-Sky|\n|poke|p2|Hydreigon, M|\n|poke|p2|Volcarona, F|\n|poke|p2|Gallade, M|\n|poke|p2|Glimmora, F|\n|teampreview\n|inactive|Battle timer is ON: inactive players will automatically lose when time's up. (requested by ImGoodATM)\n|\n|t:|1701107744\n|start\n|switch|p1a: Hatterene|Hatterene, F|100\/100\n|switch|p2a: Glimmora|Glimmora, F|100\/100\n|turn|1\n|\n|t:|1701107748\n|move|p2a: Glimmora|Mortal Spin|p1a: Hatterene\n|-supereffective|p1a: Hatterene\n|-damage|p1a: Hatterene|85\/100\n|-status|p1a: Hatterene|psn\n|move|p1a: Hatterene|Trick Room|p1a: Hatterene\n|-fieldstart|move: Trick Room|[of] p1a: Hatterene\n|\n|-damage|p1a: Hatterene|73\/100 psn|[from] psn\n|upkeep\n|turn|2\n|\n|t:|1701107758\n|move|p1a: Hatterene|Expanding Force|p2a: Glimmora\n|-supereffective|p2a: Glimmora\n|-enditem|p2a: Glimmora|Focus Sash\n|-damage|p2a: Glimmora|1\/100\n|move|p2a: Glimmora|Power Gem|p1a: Hatterene\n|-crit|p1a: Hatterene\n|-damage|p1a: Hatterene|3\/100 psn\n|\n|-damage|p1a: Hatterene|0 fnt|[from] psn\n|faint|p1a: Hatterene\n|upkeep\n|\n|t:|1701107768\n|switch|p1a: Reuniclus|Reuniclus, F|100\/100\n|turn|3\n|inactive|Duskito has 120 seconds left.\n|\n|t:|1701107806\n|switch|p2a: Hydreigon|Hydreigon, M|100\/100\n|move|p1a: Reuniclus|Flash Cannon|p2a: Hydreigon\n|-damage|p2a: Hydreigon|65\/100\n|\n|upkeep\n|turn|4\n|inactive|Duskito has 120 seconds left.\n|\n|t:|1701107814\n|move|p1a: Reuniclus|Flash Cannon|p2a: Hydreigon\n|-damage|p2a: Hydreigon|30\/100\n|move|p2a: Hydreigon|Dark Pulse|p1a: Reuniclus\n|-supereffective|p1a: Reuniclus\n|-enditem|p1a: Reuniclus|Colbur Berry|[eat]\n|-enditem|p1a: Reuniclus|Colbur Berry|[weaken]\n|-damage|p1a: Reuniclus|65\/100\n|\n|upkeep\n|turn|5\n|\n|t:|1701107820\n|switch|p2a: Gallade|Gallade, M|100\/100\n|move|p1a: Reuniclus|Flash Cannon|p2a: Gallade\n|-damage|p2a: Gallade|66\/100\n|\n|-fieldend|move: Trick Room\n|upkeep\n|turn|6\n|\n|t:|1701107824\n|detailschange|p2a: Gallade|Gallade-Mega, M\n|-mega|p2a: Gallade|Gallade|Galladite\n|move|p2a: Gallade|Knock Off|p1a: Reuniclus\n|-supereffective|p1a: Reuniclus\n|-damage|p1a: Reuniclus|6\/100\n|move|p1a: Reuniclus|Trick Room|p1a: Reuniclus\n|-fieldstart|move: Trick Room|[of] p1a: Reuniclus\n|\n|upkeep\n|turn|7\n|\n|t:|1701107830\n|move|p1a: Reuniclus|Expanding Force|p2a: Gallade\n|-damage|p2a: Gallade|20\/100\n|move|p2a: Gallade|Triple Axel|p1a: Reuniclus\n|-crit|p1a: Reuniclus\n|-damage|p1a: Reuniclus|0 fnt\n|faint|p1a: Reuniclus\n|-hitcount|p1: Reuniclus|1\n|\n|upkeep\n|\n|t:|1701107832\n|switch|p1a: Stakataka|Stakataka|100\/100\n|turn|8\n|\n|t:|1701107836\n|switch|p2a: Glimmora|Glimmora, F|1\/100\n|move|p1a: Stakataka|Gyro Ball|p2a: Glimmora\n|-supereffective|p2a: Glimmora\n|-damage|p2a: Glimmora|0 fnt\n|-activate|p2a: Glimmora|ability: Toxic Debris\n|-sidestart|p1: ImGoodATM|move: Toxic Spikes\n|faint|p2a: Glimmora\n|-ability|p1a: Stakataka|Beast Boost|boost\n|-boost|p1a: Stakataka|def|1\n|\n|upkeep\n|\n|t:|1701107847\n|switch|p2a: Hydreigon|Hydreigon, M|30\/100\n|turn|9\n|\n|t:|1701107850\n|move|p1a: Stakataka|Body Press|p2a: Hydreigon\n|-supereffective|p2a: Hydreigon\n|-damage|p2a: Hydreigon|0 fnt\n|faint|p2a: Hydreigon\n|-ability|p1a: Stakataka|Beast Boost|boost\n|-boost|p1a: Stakataka|def|1\n|\n|upkeep\n|\n|t:|1701107860\n|switch|p2a: Gallade|Gallade-Mega, M|20\/100\n|turn|10\n|\n|t:|1701107861\n|move|p1a: Stakataka|Gyro Ball|p2a: Gallade\n|-damage|p2a: Gallade|0 fnt\n|faint|p2a: Gallade\n|-ability|p1a: Stakataka|Beast Boost|boost\n|-boost|p1a: Stakataka|def|1\n|\n|-fieldend|move: Trick Room\n|upkeep\n|\n|t:|1701107869\n|switch|p2a: Shaymin|Shaymin-Sky|100\/100\n|turn|11\n|\n|t:|1701107871\n|move|p2a: Shaymin|Earth Power|p1a: Stakataka\n|-supereffective|p1a: Stakataka\n|-damage|p1a: Stakataka|0 fnt\n|faint|p1a: Stakataka\n|\n|upkeep\n|\n|t:|1701107876\n|switch|p1a: Calyrex|Calyrex-Ice|100\/100\n|-ability|p1a: Calyrex|As One\n|-ability|p1a: Calyrex|Unnerve\n|-status|p1a: Calyrex|psn\n|turn|12\n|\n|t:|1701107882\n|-terastallize|p2a: Shaymin|Water\n|move|p2a: Shaymin|Air Slash|p1a: Calyrex\n|-damage|p1a: Calyrex|74\/100 psn\n|cant|p1a: Calyrex|flinch\n|\n|-heal|p1a: Calyrex|80\/100 psn|[from] item: Leftovers\n|-damage|p1a: Calyrex|68\/100 psn|[from] psn\n|upkeep\n|turn|13\n|\n|t:|1701107887\n|move|p2a: Shaymin|Air Slash|p1a: Calyrex\n|-damage|p1a: Calyrex|40\/100 psn\n|cant|p1a: Calyrex|flinch\n|\n|-heal|p1a: Calyrex|46\/100 psn|[from] item: Leftovers\n|-damage|p1a: Calyrex|34\/100 psn|[from] psn\n|upkeep\n|turn|14\n|\n|t:|1701107890\n|move|p2a: Shaymin|Air Slash|p1a: Calyrex\n|-damage|p1a: Calyrex|1\/100 psn\n|cant|p1a: Calyrex|flinch\n|\n|-heal|p1a: Calyrex|7\/100 psn|[from] item: Leftovers\n|-damage|p1a: Calyrex|0 fnt|[from] psn\n|faint|p1a: Calyrex\n|upkeep\n|\n|t:|1701107894\n|switch|p1a: Dondozo|Dondozo, M|100\/100\n|-status|p1a: Dondozo|psn\n|turn|15\n|\n|t:|1701107899\n|move|p2a: Shaymin|Seed Flare|p1a: Dondozo|[miss]\n|-miss|p2a: Shaymin|p1a: Dondozo\n|move|p1a: Dondozo|Double-Edge|p2a: Shaymin\n|-damage|p2a: Shaymin|32\/100\n|-damage|p1a: Dondozo|85\/100 psn|[from] Recoil\n|-damage|p1a: Dondozo|75\/100 psn|[from] item: Life Orb\n|\n|-damage|p1a: Dondozo|63\/100 psn|[from] psn\n|upkeep\n|turn|16\n|\n|t:|1701107902\n|move|p2a: Shaymin|Seed Flare|p1a: Dondozo\n|-supereffective|p1a: Dondozo\n|-damage|p1a: Dondozo|0 fnt\n|faint|p1a: Dondozo\n|\n|upkeep\n|\n|t:|1701107905\n|switch|p1a: Kingambit|Kingambit, F|100\/100\n|-activate|p1a: Kingambit|ability: Supreme Overlord\n|-start|p1a: Kingambit|fallen5|[silent]\n|turn|17\n|\n|t:|1701107909\n|move|p2a: Shaymin|Air Slash|p1a: Kingambit\n|-resisted|p1a: Kingambit\n|-damage|p1a: Kingambit|83\/100\n|cant|p1a: Kingambit|flinch\n|\n|upkeep\n|turn|18\n|\n|t:|1701107913\n|move|p2a: Shaymin|Healing Wish|p2a: Shaymin\n|faint|p2a: Shaymin\n|move|p1a: Kingambit|Iron Head|p2: Shaymin|[notarget]\n|-fail|p1a: Kingambit\n|\n|upkeep\n|\n|t:|1701107917\n|switch|p2a: Volcarona|Volcarona, F|100\/100\n|turn|19\n|\n|t:|1701107920\n|move|p2a: Volcarona|Fiery Dance|p1a: Kingambit\n|-supereffective|p1a: Kingambit\n|-damage|p1a: Kingambit|0 fnt\n|faint|p1a: Kingambit\n|-end|p1a: Kingambit|fallen5|[silent]\n|\n|win|Duskito\n|raw|ImGoodATM's rating: 1270 &rarr; <strong>1249<\/strong><br \/>(-21 for losing)\n|raw|Duskito's rating: 1320 &rarr; <strong>1337<\/strong><br \/>(+17 for winning)\n|l|\u2606ImGoodATM\n","uploadtime":1701107927,"views":7,"p1id":"imgoodatm","p2id":"duskito","formatid":"gen9nationaldexubers","rating":1249,"private":0,"password":""}