{"id":"gen9nationaldexubers-1991443322","p1":"pakiavatar9434","p2":"KarmaKazama0","format":"[Gen 9] National Dex Ubers","log":"|j|\u2606pakiavatar9434\n|j|\u2606KarmaKazama0\n|t:|1700077538\n|gametype|singles\n|player|p1|pakiavatar9434|dragontamer|1634\n|player|p2|KarmaKazama0|265|1480\n|teamsize|p1|6\n|teamsize|p2|6\n|gen|9\n|tier|[Gen 9] National Dex Ubers\n|rated|\n|rule|HP Percentage Mod: HP is shown in percentages\n|rule|Endless Battle Clause: Forcing endless battles is banned\n|rule|OHKO Clause: OHKO moves are banned\n|rule|Evasion Moves Clause: Evasion moves are banned\n|rule|Evasion Items Clause: Evasion items are banned\n|rule|Species Clause: Limit one of each Pok\u00e9mon\n|rule|Sleep Clause Mod: Limit one foe put to sleep\n|rule|Mega Rayquaza Clause: You cannot mega evolve Rayquaza\n|clearpoke\n|poke|p1|Melmetal|\n|poke|p1|Sharpedo, F|\n|poke|p1|Jellicent, F|\n|poke|p1|Blissey, F|\n|poke|p1|Xerneas-*|\n|poke|p1|Heatran, M|\n|poke|p2|Zygarde|\n|poke|p2|Ho-Oh|\n|poke|p2|Xerneas-*|\n|poke|p2|Arceus-Ground|\n|poke|p2|Groudon|\n|poke|p2|Giratina-Origin|\n|teampreview\n|inactive|Battle timer is ON: inactive players will automatically lose when time's up. (requested by KarmaKazama0)\n|\n|t:|1700077563\n|start\n|switch|p1a: Sharpedo|Sharpedo, F|100\/100\n|switch|p2a: Zygarde|Zygarde|100\/100\n|turn|1\n|\n|t:|1700077570\n|move|p1a: Sharpedo|Waterfall|p2a: Zygarde\n|-damage|p2a: Zygarde|76\/100\n|move|p2a: Zygarde|Glare|p1a: Sharpedo\n|-status|p1a: Sharpedo|par\n|\n|-heal|p2a: Zygarde|82\/100|[from] item: Leftovers\n|-ability|p1a: Sharpedo|Speed Boost|boost\n|-boost|p1a: Sharpedo|spe|1\n|upkeep\n|turn|2\n|\n|t:|1700077577\n|move|p2a: Zygarde|Coil|p2a: Zygarde\n|-boost|p2a: Zygarde|atk|1\n|-boost|p2a: Zygarde|def|1\n|-boost|p2a: Zygarde|accuracy|1\n|move|p1a: Sharpedo|Waterfall|p2a: Zygarde\n|-damage|p2a: Zygarde|69\/100\n|\n|-heal|p2a: Zygarde|75\/100|[from] item: Leftovers\n|-ability|p1a: Sharpedo|Speed Boost|boost\n|-boost|p1a: Sharpedo|spe|1\n|upkeep\n|turn|3\n|\n|t:|1700077581\n|move|p2a: Zygarde|Thousand Arrows|p1a: Sharpedo\n|-enditem|p1a: Sharpedo|Focus Sash\n|-damage|p1a: Sharpedo|1\/100 par\n|cant|p1a: Sharpedo|par\n|\n|-heal|p2a: Zygarde|81\/100|[from] item: Leftovers\n|-ability|p1a: Sharpedo|Speed Boost|boost\n|-boost|p1a: Sharpedo|spe|1\n|upkeep\n|turn|4\n|\n|t:|1700077599\n|move|p1a: Sharpedo|Destiny Bond|p1a: Sharpedo\n|-singlemove|p1a: Sharpedo|Destiny Bond\n|move|p2a: Zygarde|Thousand Arrows|p1a: Sharpedo\n|-damage|p1a: Sharpedo|0 fnt\n|faint|p1a: Sharpedo\n|-activate|p1a: Sharpedo|move: Destiny Bond\n|faint|p2a: Zygarde\n|\n|upkeep\n|c|\u2606pakiavatar9434|dam\n|c|\u2606pakiavatar9434|bailed out\n|c|\u2606pakiavatar9434|phew\n|\n|t:|1700077616\n|switch|p1a: Heatran|Heatran, M|100\/100\n|switch|p2a: Giratina|Giratina-Origin|100\/100\n|-item|p1a: Heatran|Air Balloon\n|turn|5\n|\n|t:|1700077620\n|move|p1a: Heatran|Toxic|p2a: Giratina\n|-status|p2a: Giratina|tox\n|move|p2a: Giratina|Dragon Tail|p1a: Heatran\n|-resisted|p1a: Heatran\n|-damage|p1a: Heatran|83\/100\n|-enditem|p1a: Heatran|Air Balloon\n|drag|p1a: Jellicent|Jellicent, F|100\/100\n|\n|-damage|p2a: Giratina|94\/100 tox|[from] psn\n|upkeep\n|turn|6\n|\n|t:|1700077628\n|switch|p1a: Blissey|Blissey, F|100\/100\n|move|p2a: Giratina|Poltergeist|p1a: Blissey\n|-immune|p1a: Blissey\n|\n|-damage|p2a: Giratina|82\/100 tox|[from] psn\n|upkeep\n|turn|7\n|\n|t:|1700077632\n|move|p1a: Blissey|Wish|p1a: Blissey\n|move|p2a: Giratina|Dragon Tail|p1a: Blissey\n|-damage|p1a: Blissey|67\/100\n|drag|p1a: Melmetal|Melmetal|100\/100\n|\n|-damage|p2a: Giratina|64\/100 tox|[from] psn\n|upkeep\n|turn|8\n|\n|t:|1700077639\n|switch|p1a: Blissey|Blissey, F|67\/100\n|move|p2a: Giratina|Will-O-Wisp|p1a: Blissey\n|-status|p1a: Blissey|brn\n|\n|-heal|p1a: Blissey|100\/100 brn|[from] move: Wish|[wisher] Blissey\n|-damage|p2a: Giratina|39\/100 tox|[from] psn\n|-damage|p1a: Blissey|94\/100 brn|[from] brn\n|upkeep\n|turn|9\n|\n|t:|1700077649\n|switch|p2a: Groudon|Groudon|100\/100\n|detailschange|p2a: Groudon|Groudon-Primal\n|-primal|p2a: Groudon|Red Orb\n|-weather|DesolateLand|[from] ability: Desolate Land|[of] p2a: Groudon\n|move|p1a: Blissey|Wish|p1a: Blissey\n|\n|-weather|DesolateLand|[upkeep]\n|-heal|p1a: Blissey|100\/100 brn|[from] item: Leftovers\n|-damage|p1a: Blissey|94\/100 brn|[from] brn\n|upkeep\n|turn|10\n|\n|t:|1700077659\n|-curestatus|p1a: Blissey|brn|[from] ability: Natural Cure\n|switch|p1a: Jellicent|Jellicent, F|100\/100\n|move|p2a: Groudon|Rock Polish|p2a: Groudon\n|-boost|p2a: Groudon|spe|2\n|\n|-weather|DesolateLand|[upkeep]\n|upkeep\n|turn|11\n|\n|t:|1700077670\n|move|p2a: Groudon|Precipice Blades|p1a: Jellicent\n|-damage|p1a: Jellicent|34\/100\n|move|p1a: Jellicent|Strength Sap|p2a: Groudon\n|-unboost|p2a: Groudon|atk|1\n|-heal|p1a: Jellicent|100\/100\n|\n|-weather|DesolateLand|[upkeep]\n|upkeep\n|turn|12\n|\n|t:|1700077682\n|-weather|none\n|switch|p2a: Arceus|Arceus-Ground|100\/100\n|move|p1a: Jellicent|Substitute|p1a: Jellicent\n|-start|p1a: Jellicent|Substitute\n|-damage|p1a: Jellicent|75\/100\n|\n|upkeep\n|turn|13\n|\n|t:|1700077687\n|move|p2a: Arceus|Taunt|p1a: Jellicent\n|-start|p1a: Jellicent|move: Taunt\n|cant|p1a: Jellicent|move: Taunt|Strength Sap\n|\n|upkeep\n|turn|14\n|\n|t:|1700077691\n|move|p2a: Arceus|Judgment|p1a: Jellicent\n|-end|p1a: Jellicent|Substitute\n|move|p1a: Jellicent|Scald|p2a: Arceus\n|-supereffective|p2a: Arceus\n|-damage|p2a: Arceus|66\/100\n|\n|upkeep\n|turn|15\n|\n|t:|1700077700\n|move|p2a: Arceus|Toxic|p1a: Jellicent|[miss]\n|-miss|p2a: Arceus|p1a: Jellicent\n|move|p1a: Jellicent|Scald|p2a: Arceus\n|-supereffective|p2a: Arceus\n|-damage|p2a: Arceus|33\/100\n|\n|-end|p1a: Jellicent|move: Taunt\n|upkeep\n|turn|16\n|\n|t:|1700077705\n|move|p2a: Arceus|Recover|p2a: Arceus\n|-heal|p2a: Arceus|83\/100\n|move|p1a: Jellicent|Scald|p2a: Arceus\n|-supereffective|p2a: Arceus\n|-damage|p2a: Arceus|53\/100\n|\n|upkeep\n|turn|17\n|\n|t:|1700077710\n|move|p2a: Arceus|Toxic|p1a: Jellicent\n|-status|p1a: Jellicent|tox\n|move|p1a: Jellicent|Scald|p2a: Arceus\n|-supereffective|p2a: Arceus\n|-damage|p2a: Arceus|23\/100\n|\n|-damage|p1a: Jellicent|69\/100 tox|[from] psn\n|upkeep\n|turn|18\n|\n|t:|1700077713\n|move|p2a: Arceus|Recover|p2a: Arceus\n|-heal|p2a: Arceus|73\/100\n|move|p1a: Jellicent|Scald|p2a: Arceus\n|-supereffective|p2a: Arceus\n|-damage|p2a: Arceus|43\/100\n|\n|-damage|p1a: Jellicent|57\/100 tox|[from] psn\n|upkeep\n|turn|19\n|\n|t:|1700077719\n|switch|p2a: Groudon|Groudon-Primal|100\/100\n|-weather|DesolateLand|[from] ability: Desolate Land|[of] p2a: Groudon\n|move|p1a: Jellicent|Strength Sap|p2a: Groudon\n|-unboost|p2a: Groudon|atk|1\n|-heal|p1a: Jellicent|100\/100 tox\n|\n|-weather|DesolateLand|[upkeep]\n|-damage|p1a: Jellicent|82\/100 tox|[from] psn\n|upkeep\n|turn|20\n|\n|t:|1700077726\n|switch|p1a: Heatran|Heatran, M|83\/100\n|move|p2a: Groudon|Precipice Blades|p1a: Heatran\n|-supereffective|p1a: Heatran\n|-crit|p1a: Heatran\n|-damage|p1a: Heatran|0 fnt\n|faint|p1a: Heatran\n|\n|-weather|DesolateLand|[upkeep]\n|upkeep\n|\n|t:|1700077738\n|switch|p1a: Xerneas|Xerneas|100\/100\n|-ability|p1a: Xerneas|Fairy Aura\n|turn|21\n|\n|t:|1700077746\n|move|p2a: Groudon|Precipice Blades|p1a: Xerneas\n|-damage|p1a: Xerneas|69\/100\n|move|p1a: Xerneas|Geomancy||[still]\n|-prepare|p1a: Xerneas|Geomancy\n|-enditem|p1a: Xerneas|Power Herb\n|-anim|p1a: Xerneas|Geomancy|p1a: Xerneas\n|-boost|p1a: Xerneas|spa|2\n|-boost|p1a: Xerneas|spd|2\n|-boost|p1a: Xerneas|spe|2\n|\n|-weather|DesolateLand|[upkeep]\n|upkeep\n|turn|22\n|\n|t:|1700077756\n|move|p1a: Xerneas|Moonblast|p2a: Groudon\n|-resisted|p2a: Groudon\n|-damage|p2a: Groudon|42\/100\n|-unboost|p2a: Groudon|spa|1\n|move|p2a: Groudon|Precipice Blades|p1a: Xerneas\n|-damage|p1a: Xerneas|41\/100\n|\n|-weather|DesolateLand|[upkeep]\n|upkeep\n|turn|23\n|\n|t:|1700077763\n|move|p1a: Xerneas|Moonblast|p2a: Groudon\n|-resisted|p2a: Groudon\n|-damage|p2a: Groudon|0 fnt\n|faint|p2a: Groudon\n|-weather|none\n|\n|upkeep\n|\n|t:|1700077765\n|switch|p2a: Ho-Oh|Ho-Oh|100\/100\n|turn|24\n|\n|t:|1700077770\n|-terastallize|p2a: Ho-Oh|Fire\n|move|p1a: Xerneas|Moonblast|p2a: Ho-Oh\n|-resisted|p2a: Ho-Oh\n|-damage|p2a: Ho-Oh|69\/100\n|-unboost|p2a: Ho-Oh|spa|1\n|move|p2a: Ho-Oh|Whirlwind|p1a: Xerneas\n|drag|p1a: Melmetal|Melmetal|100\/100\n|\n|upkeep\n|turn|25\n|\n|t:|1700077779\n|-terastallize|p1a: Melmetal|Water\n|move|p2a: Ho-Oh|Sacred Fire|p1a: Melmetal\n|-resisted|p1a: Melmetal\n|-damage|p1a: Melmetal|85\/100\n|move|p1a: Melmetal|Earthquake|p2a: Ho-Oh\n|-supereffective|p2a: Ho-Oh\n|-damage|p2a: Ho-Oh|12\/100\n|\n|upkeep\n|turn|26\n|\n|t:|1700077790\n|move|p2a: Ho-Oh|Toxic|p1a: Melmetal\n|-status|p1a: Melmetal|tox\n|move|p1a: Melmetal|Double Iron Bash|p2a: Ho-Oh\n|-resisted|p2a: Ho-Oh\n|-damage|p2a: Ho-Oh|0 fnt\n|faint|p2a: Ho-Oh\n|-hitcount|p2: Ho-Oh|1\n|\n|-damage|p1a: Melmetal|79\/100 tox|[from] psn\n|upkeep\n|\n|t:|1700077799\n|switch|p2a: Giratina|Giratina-Origin|39\/100 tox\n|turn|27\n|\n|t:|1700077803\n|move|p2a: Giratina|Poltergeist|p1a: Melmetal\n|-activate|p1a: Melmetal|move: Poltergeist|Quick Claw\n|-damage|p1a: Melmetal|44\/100 tox\n|move|p1a: Melmetal|Double Iron Bash|p2a: Giratina\n|-damage|p2a: Giratina|9\/100 tox\n|-damage|p2a: Giratina|0 fnt\n|faint|p2a: Giratina\n|-hitcount|p2: Giratina|2\n|\n|-damage|p1a: Melmetal|32\/100 tox|[from] psn\n|upkeep\n|\n|t:|1700077808\n|switch|p2a: Xerneas|Xerneas|100\/100\n|-ability|p2a: Xerneas|Fairy Aura\n|turn|28\n|-activate|p1a: Melmetal|item: Quick Claw\n|\n|t:|1700077813\n|move|p1a: Melmetal|Double Iron Bash|p2a: Xerneas\n|-supereffective|p2a: Xerneas\n|-damage|p2a: Xerneas|24\/100\n|-supereffective|p2a: Xerneas\n|-damage|p2a: Xerneas|0 fnt\n|faint|p2a: Xerneas\n|-hitcount|p2: Xerneas|2\n|\n|-damage|p1a: Melmetal|13\/100 tox|[from] psn\n|upkeep\n|c|\u2606pakiavatar9434|clutchchh\n|\n|t:|1700077817\n|switch|p2a: Arceus|Arceus-Ground|43\/100\n|turn|29\n|c|\u2606KarmaKazama0|ooooo\n|\n|t:|1700077823\n|move|p2a: Arceus|Judgment|p1a: Melmetal\n|-damage|p1a: Melmetal|0 fnt\n|faint|p1a: Melmetal\n|\n|upkeep\n|c|\u2606KarmaKazama0|that quick claw activation\n|\n|t:|1700077831\n|switch|p1a: Xerneas|Xerneas|41\/100\n|-ability|p1a: Xerneas|Fairy Aura\n|turn|30\n|\n|t:|1700077834\n|move|p2a: Arceus|Judgment|p1a: Xerneas\n|-crit|p1a: Xerneas\n|-damage|p1a: Xerneas|0 fnt\n|faint|p1a: Xerneas\n|\n|upkeep\n|\n|t:|1700077838\n|switch|p1a: Jellicent|Jellicent, F|82\/100 tox\n|turn|31\n|\n|t:|1700077844\n|move|p2a: Arceus|Recover|p2a: Arceus\n|-heal|p2a: Arceus|93\/100\n|move|p1a: Jellicent|Scald|p2a: Arceus\n|-supereffective|p2a: Arceus\n|-damage|p2a: Arceus|63\/100\n|\n|-damage|p1a: Jellicent|76\/100 tox|[from] psn\n|upkeep\n|turn|32\n|\n|t:|1700077850\n|move|p2a: Arceus|Recover|p2a: Arceus\n|-heal|p2a: Arceus|100\/100\n|move|p1a: Jellicent|Scald|p2a: Arceus\n|-supereffective|p2a: Arceus\n|-damage|p2a: Arceus|71\/100\n|\n|-damage|p1a: Jellicent|63\/100 tox|[from] psn\n|upkeep\n|turn|33\n|\n|t:|1700077853\n|move|p2a: Arceus|Taunt|p1a: Jellicent\n|-start|p1a: Jellicent|move: Taunt\n|cant|p1a: Jellicent|move: Taunt|Strength Sap\n|\n|-damage|p1a: Jellicent|45\/100 tox|[from] psn\n|upkeep\n|turn|34\n|\n|t:|1700077855\n|move|p2a: Arceus|Judgment|p1a: Jellicent\n|-damage|p1a: Jellicent|5\/100 tox\n|move|p1a: Jellicent|Scald|p2a: Arceus\n|-supereffective|p2a: Arceus\n|-damage|p2a: Arceus|40\/100\n|\n|-damage|p1a: Jellicent|0 fnt|[from] psn\n|faint|p1a: Jellicent\n|upkeep\n|\n|t:|1700077858\n|switch|p1a: Blissey|Blissey, F|94\/100\n|turn|35\n|\n|t:|1700077863\n|move|p2a: Arceus|Recover|p2a: Arceus\n|-heal|p2a: Arceus|90\/100\n|move|p1a: Blissey|Seismic Toss|p2a: Arceus\n|-damage|p2a: Arceus|67\/100\n|\n|-heal|p1a: Blissey|100\/100|[from] item: Leftovers\n|upkeep\n|turn|36\n|\n|t:|1700077865\n|move|p2a: Arceus|Toxic|p1a: Blissey\n|-status|p1a: Blissey|tox\n|move|p1a: Blissey|Seismic Toss|p2a: Arceus\n|-damage|p2a: Arceus|45\/100\n|\n|-damage|p1a: Blissey|94\/100 tox|[from] psn\n|upkeep\n|turn|37\n|\n|t:|1700077871\n|move|p2a: Arceus|Recover|p2a: Arceus\n|-heal|p2a: Arceus|95\/100\n|move|p1a: Blissey|Wish|p1a: Blissey\n|\n|-heal|p1a: Blissey|100\/100 tox|[from] item: Leftovers\n|-damage|p1a: Blissey|88\/100 tox|[from] psn\n|upkeep\n|turn|38\n|\n|t:|1700077875\n|move|p2a: Arceus|Taunt|p1a: Blissey\n|-start|p1a: Blissey|move: Taunt\n|move|p1a: Blissey|Seismic Toss|p2a: Arceus\n|-damage|p2a: Arceus|72\/100\n|\n|-heal|p1a: Blissey|100\/100 tox|[from] move: Wish|[wisher] Blissey\n|-damage|p1a: Blissey|82\/100 tox|[from] psn\n|upkeep\n|turn|39\n|\n|t:|1700077879\n|move|p2a: Arceus|Judgment|p1a: Blissey\n|-damage|p1a: Blissey|66\/100 tox\n|move|p1a: Blissey|Seismic Toss|p2a: Arceus\n|-damage|p2a: Arceus|50\/100\n|\n|-heal|p1a: Blissey|72\/100 tox|[from] item: Leftovers\n|-damage|p1a: Blissey|47\/100 tox|[from] psn\n|upkeep\n|turn|40\n|\n|t:|1700077883\n|move|p2a: Arceus|Recover|p2a: Arceus\n|-heal|p2a: Arceus|99\/100\n|move|p1a: Blissey|Seismic Toss|p2a: Arceus\n|-damage|p2a: Arceus|77\/100\n|\n|-heal|p1a: Blissey|53\/100 tox|[from] item: Leftovers\n|-damage|p1a: Blissey|22\/100 tox|[from] psn\n|-end|p1a: Blissey|move: Taunt\n|upkeep\n|turn|41\n|\n|t:|1700077887\n|move|p2a: Arceus|Taunt|p1a: Blissey\n|-start|p1a: Blissey|move: Taunt\n|move|p1a: Blissey|Seismic Toss|p2a: Arceus\n|-damage|p2a: Arceus|55\/100\n|\n|-heal|p1a: Blissey|29\/100 tox|[from] item: Leftovers\n|-damage|p1a: Blissey|0 fnt|[from] psn\n|faint|p1a: Blissey\n|\n|win|KarmaKazama0\n|upkeep\n|raw|pakiavatar9434's rating: 1634 &rarr; <strong>1606<\/strong><br \/>(-28 for losing)\n|raw|KarmaKazama0's rating: 1480 &rarr; <strong>1508<\/strong><br \/>(+28 for winning)\n|c|\u2606pakiavatar9434|gg\n|c|\u2606KarmaKazama0|GG\n|c|\u2606pakiavatar9434|toxic stalled\n|c|\u2606pakiavatar9434|sad\n|c|\u2606pakiavatar9434|by arceus\n|l|\u2606pakiavatar9434\n|c|\u2606KarmaKazama0|good\n","uploadtime":1700077908,"views":23,"p1id":"pakiavatar9434","p2id":"karmakazama0","formatid":"gen9nationaldexubers","rating":1508,"private":0,"password":""}