{"id":"gen9nationaldexubers-1981248320","p1":"BloodPlum","p2":"EeveeGirlStar","format":"[Gen 9] National Dex Ubers","log":"|j|\u2606BloodPlum\n|j|\u2606EeveeGirlStar\n|t:|1698876190\n|gametype|singles\n|player|p1|BloodPlum|parasollady|\n|player|p2|EeveeGirlStar|266|\n|teamsize|p1|6\n|teamsize|p2|6\n|gen|9\n|tier|[Gen 9] National Dex Ubers\n|rule|HP Percentage Mod: HP is shown in percentages\n|rule|Endless Battle Clause: Forcing endless battles is banned\n|rule|OHKO Clause: OHKO moves are banned\n|rule|Evasion Moves Clause: Evasion moves are banned\n|rule|Evasion Items Clause: Evasion items are banned\n|rule|Species Clause: Limit one of each Pok\u00e9mon\n|rule|Sleep Clause Mod: Limit one foe put to sleep\n|rule|Mega Rayquaza Clause: You cannot mega evolve Rayquaza\n|clearpoke\n|poke|p1|Scizor, F|\n|poke|p1|Volcarona, F|\n|poke|p1|Araquanid, M|\n|poke|p1|Ribombee, F|\n|poke|p1|Heracross, F|\n|poke|p1|Kleavor, F|\n|poke|p2|Reuniclus, M|\n|poke|p2|Sandy Shocks|\n|poke|p2|Tornadus-Therian, M|\n|poke|p2|Kommo-o, M|\n|poke|p2|Sinistcha|\n|poke|p2|Lopunny, M|\n|teampreview\n|c|\u2606EeveeGirlStar|glhf\n|c|\u2606BloodPlum|How do we send the link?\n|j| Moonz_e\n|c|\u2606EeveeGirlStar|tera fairy reuinclus\n|j| Bug Maniac Swaggy\n|j| SkillzBP\n|c|\u2606EeveeGirlStar|uhhh\n|c| Moonz_e|Hold on the purple link you have in your showdown dms with Star\n|c| Moonz_e|Or right click\n|j| standardbandard23\n|\n|t:|1698876238\n|start\n|switch|p1a: Araquanid|Araquanid, M|100\/100\n|switch|p2a: Orbit|Sandy Shocks|100\/100\n|turn|1\n|c| Moonz_e|Select \"Copy Link Adress\"\n|c| Moonz_e|And send to chat\n|\n|t:|1698876246\n|move|p2a: Orbit|Volt Switch|p1a: Araquanid\n|-supereffective|p1a: Araquanid\n|-damage|p1a: Araquanid|62\/100\n|\n|t:|1698876251\n|-end|p2a: Orbit|Protosynthesis|[silent]\n|switch|p2a: Expiration Date|Sinistcha|100\/100|[from] Volt Switch\n|move|p1a: Araquanid|Sticky Web|p2a: Expiration Date\n|-sidestart|p2: EeveeGirlStar|move: Sticky Web\n|\n|-heal|p1a: Araquanid|68\/100|[from] item: Leftovers\n|upkeep\n|turn|2\n|\n|t:|1698876256\n|move|p2a: Expiration Date|Calm Mind|p2a: Expiration Date\n|-boost|p2a: Expiration Date|spa|1\n|-boost|p2a: Expiration Date|spd|1\n|move|p1a: Araquanid|Lunge|p2a: Expiration Date\n|-damage|p2a: Expiration Date|85\/100\n|-unboost|p2a: Expiration Date|atk|1\n|\n|-heal|p2a: Expiration Date|91\/100|[from] item: Leftovers\n|-heal|p1a: Araquanid|74\/100|[from] item: Leftovers\n|upkeep\n|turn|3\n|j| IncandescentCandle\n|\n|t:|1698876261\n|move|p2a: Expiration Date|Calm Mind|p2a: Expiration Date\n|-boost|p2a: Expiration Date|spa|1\n|-boost|p2a: Expiration Date|spd|1\n|move|p1a: Araquanid|Toxic|p2a: Expiration Date\n|-status|p2a: Expiration Date|tox\n|\n|-heal|p2a: Expiration Date|97\/100 tox|[from] item: Leftovers\n|-heal|p1a: Araquanid|80\/100|[from] item: Leftovers\n|-damage|p2a: Expiration Date|91\/100 tox|[from] psn\n|upkeep\n|turn|4\n|j| Jack0lantern89\n|\n|t:|1698876268\n|switch|p1a: Ribombee|Ribombee, F|100\/100\n|move|p2a: Expiration Date|Matcha Gotcha|p1a: Ribombee\n|-resisted|p1a: Ribombee\n|-damage|p1a: Ribombee|52\/100\n|-heal|p2a: Expiration Date|100\/100 tox|[from] drain|[of] p1a: Ribombee\n|\n|-heal|p1a: Ribombee|58\/100|[from] item: Leftovers\n|-damage|p2a: Expiration Date|88\/100 tox|[from] psn\n|upkeep\n|turn|5\n|\n|t:|1698876273\n|move|p1a: Ribombee|Tailwind|p1a: Ribombee\n|-sidestart|p1: BloodPlum|move: Tailwind\n|move|p2a: Expiration Date|Shadow Ball|p1a: Ribombee\n|-damage|p1a: Ribombee|0 fnt\n|faint|p1a: Ribombee\n|\n|-heal|p2a: Expiration Date|94\/100 tox|[from] item: Leftovers\n|-damage|p2a: Expiration Date|76\/100 tox|[from] psn\n|upkeep\n|c| standardbandard23|is expiration date a tf2 reference by any chance\n|\n|t:|1698876276\n|switch|p1a: Kleavor|Kleavor, F|100\/100\n|turn|6\n|c| Moonz_e|Does matcha even have an expiration date, assuming it doesn't mold?\n|\n|t:|1698876280\n|move|p1a: Kleavor|Knock Off|p2a: Expiration Date\n|-supereffective|p2a: Expiration Date\n|-damage|p2a: Expiration Date|26\/100 tox\n|-enditem|p2a: Expiration Date|Leftovers|[from] move: Knock Off|[of] p1a: Kleavor\n|move|p2a: Expiration Date|Matcha Gotcha|p1a: Kleavor\n|-damage|p1a: Kleavor|0 fnt\n|-heal|p2a: Expiration Date|67\/100 tox|[from] drain|[of] p1a: Kleavor\n|faint|p1a: Kleavor\n|\n|-damage|p2a: Expiration Date|42\/100 tox|[from] psn\n|upkeep\n|\n|t:|1698876285\n|switch|p1a: Heracross|Heracross, F|100\/100\n|turn|7\n|c| IncandescentCandle|smth smth toroka\n|c|\u2606EeveeGirlStar|Not a tf2 ref\n|\n|t:|1698876295\n|move|p1a: Heracross|Throat Chop|p2a: Expiration Date\n|-supereffective|p2a: Expiration Date\n|-damage|p2a: Expiration Date|0 fnt\n|faint|p2a: Expiration Date\n|-ability|p1a: Heracross|Moxie|boost\n|-boost|p1a: Heracross|atk|1\n|\n|upkeep\n|\n|t:|1698876307\n|switch|p2a: Beyond|Tornadus-Therian, M|100\/100\n|turn|8\n|j| SkechiArt\n|\n|t:|1698876310\n|move|p1a: Heracross|Rock Slide|p2a: Beyond\n|-supereffective|p2a: Beyond\n|-damage|p2a: Beyond|8\/100\n|cant|p2a: Beyond|flinch\n|\n|-sideend|p1: BloodPlum|move: Tailwind\n|upkeep\n|turn|9\n|c| IncandescentCandle|wait omg this is a reun team\n|j| Astro Rifk\n|c|\u2606EeveeGirlStar|rippp\n|c| IncandescentCandle|star ur so based\n|\n|t:|1698876321\n|move|p2a: Beyond|Hurricane|p1a: Heracross\n|-supereffective|p1a: Heracross\n|-damage|p1a: Heracross|0 fnt\n|faint|p1a: Heracross\n|\n|upkeep\n|c| IncandescentCandle|holy\n|c| standardbandard23|reun the goat\n|c|\u2606EeveeGirlStar|ty\n|\n|t:|1698876327\n|switch|p1a: Scizor|Scizor, F|100\/100\n|turn|10\n|j| Viviexists\n|c| Astro Rifk|entertainment b4 i get smoked in gen 4 ou :smile:\n|c| standardbandard23|wait was that a speed tie?\n|\n|t:|1698876334\n|switch|p2a: Orbit|Sandy Shocks|100\/100\n|-activate|p2a: Orbit|move: Sticky Web\n|-unboost|p2a: Orbit|spe|1\n|detailschange|p1a: Scizor|Scizor-Mega, F\n|-mega|p1a: Scizor|Scizor|Scizorite\n|move|p1a: Scizor|Bullet Punch|p2a: Orbit\n|-resisted|p2a: Orbit\n|-damage|p2a: Orbit|80\/100\n|\n|upkeep\n|turn|11\n|c| SkillzBP|that flinch just made me frown ngl\n|c| IncandescentCandle|no\n|c| IncandescentCandle|tailwind was setup\n|\n|t:|1698876343\n|move|p2a: Orbit|Thunderbolt|p1a: Scizor\n|-damage|p1a: Scizor|59\/100\n|move|p1a: Scizor|Trailblaze|p2a: Orbit\n|-supereffective|p2a: Orbit\n|-damage|p2a: Orbit|4\/100\n|-boost|p1a: Scizor|spe|1\n|\n|upkeep\n|turn|12\n|c| standardbandard23|oh true\n|\n|t:|1698876349\n|move|p1a: Scizor|Bullet Punch|p2a: Orbit\n|-resisted|p2a: Orbit\n|-damage|p2a: Orbit|0 fnt\n|faint|p2a: Orbit\n|-end|p2a: Orbit|Protosynthesis|[silent]\n|\n|upkeep\n|c| Jack0lantern89|tbh\n|c| Jack0lantern89|if that were me\n|\n|t:|1698876353\n|switch|p2a: Love With Pride|Kommo-o, M|100\/100\n|-activate|p2a: Love With Pride|move: Sticky Web\n|-unboost|p2a: Love With Pride|spe|1\n|turn|13\n|\n|t:|1698876359\n|move|p1a: Scizor|Dual Wingbeat|p2a: Love With Pride|[miss]\n|-miss|p1a: Scizor|p2a: Love With Pride\n|move|p2a: Love With Pride|Flamethrower|p1a: Scizor\n|-supereffective|p1a: Scizor\n|-damage|p1a: Scizor|0 fnt\n|faint|p1a: Scizor\n|\n|upkeep\n|c| IncandescentCandle|how dooo i geetttttt to youuuuuuu again\n|\n|t:|1698876363\n|switch|p1a: Araquanid|Araquanid, M|80\/100\n|turn|14\n|c|\u2606EeveeGirlStar|oh sry\n|\n|t:|1698876374\n|-zpower|p2a: Love With Pride\n|move|p2a: Love With Pride|Clangorous Soulblaze|p1a: Araquanid|[zeffect]\n|-damage|p1a: Araquanid|36\/100\n|-boost|p2a: Love With Pride|atk|1\n|-boost|p2a: Love With Pride|def|1\n|-boost|p2a: Love With Pride|spa|1\n|-boost|p2a: Love With Pride|spd|1\n|-boost|p2a: Love With Pride|spe|1\n|move|p1a: Araquanid|Toxic|p2a: Love With Pride\n|-status|p2a: Love With Pride|tox\n|\n|-heal|p1a: Araquanid|42\/100|[from] item: Leftovers\n|-damage|p2a: Love With Pride|94\/100 tox|[from] psn\n|upkeep\n|turn|15\n|\n|t:|1698876386\n|move|p2a: Love With Pride|Boomburst|p1a: Araquanid\n|-damage|p1a: Araquanid|7\/100\n|move|p1a: Araquanid|Lunge|p2a: Love With Pride\n|-resisted|p2a: Love With Pride\n|-damage|p2a: Love With Pride|88\/100 tox\n|-unboost|p2a: Love With Pride|atk|1\n|\n|-heal|p1a: Araquanid|13\/100|[from] item: Leftovers\n|-damage|p2a: Love With Pride|76\/100 tox|[from] psn\n|upkeep\n|turn|16\n|\n|t:|1698876391\n|move|p2a: Love With Pride|Boomburst|p1a: Araquanid\n|-damage|p1a: Araquanid|0 fnt\n|faint|p1a: Araquanid\n|\n|-damage|p2a: Love With Pride|57\/100 tox|[from] psn\n|upkeep\n|\n|t:|1698876396\n|switch|p1a: Volcarona|Volcarona, F|100\/100\n|turn|17\n|c| standardbandard23|imagine if clangorus soulblaze raised stats first\n|\n|t:|1698876413\n|move|p1a: Volcarona|Air Slash|p2a: Love With Pride\n|-supereffective|p2a: Love With Pride\n|-damage|p2a: Love With Pride|15\/100 tox\n|move|p2a: Love With Pride|Clanging Scales|p1a: Volcarona\n|-damage|p1a: Volcarona|27\/100\n|-unboost|p2a: Love With Pride|def|1\n|\n|-damage|p2a: Love With Pride|0 fnt|[from] psn\n|faint|p2a: Love With Pride\n|upkeep\n|\n|t:|1698876419\n|switch|p2a: Beyond|Tornadus-Therian, M|42\/100\n|turn|18\n|\n|t:|1698876422\n|move|p1a: Volcarona|Air Slash|p2a: Beyond\n|-damage|p2a: Beyond|24\/100\n|move|p2a: Beyond|Heat Wave|p1a: Volcarona\n|-damage|p1a: Volcarona|4\/100\n|\n|upkeep\n|turn|19\n|\n|t:|1698876426\n|move|p1a: Volcarona|Air Slash|p2a: Beyond\n|-damage|p2a: Beyond|5\/100\n|move|p2a: Beyond|Heat Wave|p1a: Volcarona\n|-damage|p1a: Volcarona|0 fnt\n|faint|p1a: Volcarona\n|\n|win|EeveeGirlStar\n|c|\u2606EeveeGirlStar|gg\n|l|\u2606BloodPlum\n|l| Viviexists\n|c| standardbandard23|game 3 right?\n|c| IncandescentCandle|ye\n|l| Moonz_e\n|l| standardbandard23\n|l| SkillzBP\n|l| Astro Rifk\n|l| Jack0lantern89\n|l| SkechiArt\n|l| Bug Maniac Swaggy\n|l|\u2606EeveeGirlStar\n","uploadtime":1698876762,"views":13,"p1id":"bloodplum","p2id":"eeveegirlstar","formatid":"gen9nationaldexubers","rating":0,"private":0,"password":""}