{"id":"gen9nationaldexubers-1981252470","p1":"VerduOsane","p2":"ThatBoyBobby","format":"[Gen 9] National Dex Ubers","log":"|j|\u2606VerduOsane\n|j|\u2606ThatBoyBobby\n|t:|1698876579\n|gametype|singles\n|player|p1|VerduOsane|169|1244\n|player|p2|ThatBoyBobby|clemont|1075\n|teamsize|p1|6\n|teamsize|p2|6\n|gen|9\n|tier|[Gen 9] National Dex Ubers\n|rated|\n|rule|HP Percentage Mod: HP is shown in percentages\n|rule|Endless Battle Clause: Forcing endless battles is banned\n|rule|OHKO Clause: OHKO moves are banned\n|rule|Evasion Moves Clause: Evasion moves are banned\n|rule|Evasion Items Clause: Evasion items are banned\n|rule|Species Clause: Limit one of each Pok\u00e9mon\n|rule|Sleep Clause Mod: Limit one foe put to sleep\n|rule|Mega Rayquaza Clause: You cannot mega evolve Rayquaza\n|clearpoke\n|poke|p1|Weavile, M|\n|poke|p1|Sneasler, M|\n|poke|p1|Scizor, M|\n|poke|p1|Iron Thorns|\n|poke|p1|Gastrodon-East, F|\n|poke|p1|Iron Leaves|\n|poke|p2|Zygarde|\n|poke|p2|Mewtwo|\n|poke|p2|Aegislash, M|\n|poke|p2|Genesect-Douse|\n|poke|p2|Lugia|\n|poke|p2|Necrozma-Dawn-Wings|\n|teampreview\n|inactive|Battle timer is ON: inactive players will automatically lose when time's up. (requested by ThatBoyBobby)\n|\n|t:|1698876591\n|start\n|switch|p1a: Weavile|Weavile, M|100\/100\n|switch|p2a: Zygarde|Zygarde, shiny|100\/100\n|-ability|p1a: Weavile|Pressure\n|turn|1\n|\n|t:|1698876596\n|move|p1a: Weavile|Fake Out|p2a: Zygarde\n|-damage|p2a: Zygarde|91\/100\n|cant|p2a: Zygarde|flinch\n|\n|-heal|p2a: Zygarde|97\/100|[from] item: Leftovers\n|upkeep\n|turn|2\n|\n|t:|1698876601\n|move|p1a: Weavile|Ice Spinner|p2a: Zygarde\n|-supereffective|p2a: Zygarde\n|-damage|p2a: Zygarde|0 fnt\n|faint|p2a: Zygarde\n|\n|upkeep\n|\n|t:|1698876611\n|switch|p2a: Aegislash|Aegislash, M, shiny|100\/100\n|turn|3\n|\n|t:|1698876616\n|switch|p1a: Scizor|Scizor, M|100\/100\n|move|p2a: Aegislash|Substitute|p2a: Aegislash\n|-start|p2a: Aegislash|Substitute\n|-damage|p2a: Aegislash|76\/100\n|\n|-heal|p2a: Aegislash|82\/100|[from] item: Leftovers\n|upkeep\n|turn|4\n|\n|t:|1698876622\n|detailschange|p1a: Scizor|Scizor-Mega, M\n|-mega|p1a: Scizor|Scizor|Scizorite\n|move|p2a: Aegislash|King's Shield|p2a: Aegislash\n|-singleturn|p2a: Aegislash|Protect\n|move|p1a: Scizor|Swords Dance|p1a: Scizor\n|-boost|p1a: Scizor|atk|2\n|\n|-heal|p2a: Aegislash|88\/100|[from] item: Leftovers\n|upkeep\n|turn|5\n|\n|t:|1698876630\n|move|p1a: Scizor|Swords Dance|p1a: Scizor\n|-boost|p1a: Scizor|atk|2\n|-formechange|p2a: Aegislash|Aegislash-Blade||[from] ability: Stance Change\n|move|p2a: Aegislash|Iron Head|p1a: Scizor\n|-resisted|p1a: Scizor\n|-damage|p1a: Scizor|87\/100\n|\n|-heal|p2a: Aegislash|94\/100|[from] item: Leftovers\n|upkeep\n|turn|6\n|\n|t:|1698876647\n|-formechange|p2a: Aegislash|Aegislash||[from] ability: Stance Change\n|move|p2a: Aegislash|King's Shield|p2a: Aegislash\n|-singleturn|p2a: Aegislash|Protect\n|move|p1a: Scizor|Pursuit|p2a: Aegislash\n|-activate|p2a: Aegislash|move: Protect\n|-unboost|p1a: Scizor|atk|1\n|\n|-heal|p2a: Aegislash|99\/100|[from] item: Leftovers\n|upkeep\n|turn|7\n|\n|t:|1698876654\n|move|p1a: Scizor|Pursuit|p2a: Aegislash\n|-supereffective|p2a: Aegislash\n|-end|p2a: Aegislash|Substitute\n|-formechange|p2a: Aegislash|Aegislash-Blade||[from] ability: Stance Change\n|move|p2a: Aegislash|Shadow Ball|p1a: Scizor\n|-damage|p1a: Scizor|44\/100\n|\n|-heal|p2a: Aegislash|100\/100|[from] item: Leftovers\n|upkeep\n|turn|8\n|\n|t:|1698876667\n|-formechange|p2a: Aegislash|Aegislash||[from] ability: Stance Change\n|move|p2a: Aegislash|King's Shield|p2a: Aegislash\n|-singleturn|p2a: Aegislash|Protect\n|move|p1a: Scizor|Pursuit|p2a: Aegislash\n|-activate|p2a: Aegislash|move: Protect\n|-unboost|p1a: Scizor|atk|1\n|\n|upkeep\n|turn|9\n|\n|t:|1698876677\n|-terastallize|p2a: Aegislash|Steel\n|move|p1a: Scizor|Pursuit|p2a: Aegislash\n|-damage|p2a: Aegislash|52\/100\n|-formechange|p2a: Aegislash|Aegislash-Blade||[from] ability: Stance Change\n|move|p2a: Aegislash|Shadow Ball|p1a: Scizor\n|-damage|p1a: Scizor|4\/100\n|\n|-heal|p2a: Aegislash|58\/100|[from] item: Leftovers\n|upkeep\n|turn|10\n|\n|t:|1698876688\n|move|p1a: Scizor|Close Combat|p2a: Aegislash\n|-supereffective|p2a: Aegislash\n|-damage|p2a: Aegislash|0 fnt\n|-unboost|p1a: Scizor|def|1\n|-unboost|p1a: Scizor|spd|1\n|faint|p2a: Aegislash\n|\n|upkeep\n|\n|t:|1698876696\n|switch|p2a: Mewtwo|Mewtwo, shiny|100\/100\n|-ability|p2a: Mewtwo|Pressure\n|turn|11\n|\n|t:|1698876703\n|detailschange|p2a: Mewtwo|Mewtwo-Mega-Y, shiny\n|-mega|p2a: Mewtwo|Mewtwo|Mewtwonite Y\n|move|p1a: Scizor|Bullet Punch|p2a: Mewtwo\n|-damage|p2a: Mewtwo|0 fnt\n|faint|p2a: Mewtwo\n|\n|upkeep\n|c|\u2606ThatBoyBobby|flip\n|\n|t:|1698876713\n|switch|p2a: Lugia|Lugia, shiny|100\/100\n|turn|12\n|\n|t:|1698876720\n|move|p1a: Scizor|Bullet Punch|p2a: Lugia\n|-damage|p2a: Lugia|77\/100\n|move|p2a: Lugia|Surf|p1a: Scizor\n|-damage|p1a: Scizor|0 fnt\n|faint|p1a: Scizor\n|\n|-heal|p2a: Lugia|83\/100|[from] item: Leftovers\n|upkeep\n|\n|t:|1698876724\n|switch|p1a: Weavile|Weavile, M|100\/100\n|-ability|p1a: Weavile|Pressure\n|turn|13\n|\n|t:|1698876731\n|switch|p2a: Genesect|Genesect-Douse, shiny|100\/100\n|-ability|p2a: Genesect|Download|boost\n|-boost|p2a: Genesect|atk|1\n|move|p1a: Weavile|Fake Out|p2a: Genesect\n|-resisted|p2a: Genesect\n|-damage|p2a: Genesect|91\/100\n|\n|upkeep\n|turn|14\n|\n|t:|1698876737\n|switch|p1a: Gastrodon|Gastrodon-East, F, shiny|100\/100\n|move|p2a: Genesect|Techno Blast|p1a: Gastrodon\n|-ability|p1a: Gastrodon|Storm Drain|boost\n|-boost|p1a: Gastrodon|spa|1\n|\n|upkeep\n|turn|15\n|\n|t:|1698876744\n|move|p2a: Genesect|Flash Cannon|p1a: Gastrodon\n|-resisted|p1a: Gastrodon\n|-damage|p1a: Gastrodon|81\/100\n|-unboost|p1a: Gastrodon|spd|1\n|move|p1a: Gastrodon|Scald|p2a: Genesect\n|-damage|p2a: Genesect|40\/100\n|\n|-heal|p1a: Gastrodon|87\/100|[from] item: Leftovers\n|upkeep\n|turn|16\n|\n|t:|1698876755\n|move|p2a: Genesect|Bug Buzz|p1a: Gastrodon\n|-damage|p1a: Gastrodon|24\/100\n|move|p1a: Gastrodon|Scald|p2a: Genesect\n|-damage|p2a: Genesect|0 fnt\n|faint|p2a: Genesect\n|\n|-heal|p1a: Gastrodon|30\/100|[from] item: Leftovers\n|upkeep\n|\n|t:|1698876760\n|switch|p2a: Lugia|Lugia, shiny|83\/100\n|turn|17\n|\n|t:|1698876769\n|move|p2a: Lugia|Psychic|p1a: Gastrodon\n|-damage|p1a: Gastrodon|0 fnt\n|faint|p1a: Gastrodon\n|\n|-heal|p2a: Lugia|89\/100|[from] item: Leftovers\n|upkeep\n|\n|t:|1698876771\n|switch|p1a: Weavile|Weavile, M|100\/100\n|-ability|p1a: Weavile|Pressure\n|turn|18\n|\n|t:|1698876782\n|move|p1a: Weavile|Knock Off|p2a: Lugia\n|-supereffective|p2a: Lugia\n|-damage|p2a: Lugia|32\/100\n|-enditem|p2a: Lugia|Leftovers|[from] move: Knock Off|[of] p1a: Weavile\n|move|p2a: Lugia|Aeroblast|p1a: Weavile\n|-damage|p1a: Weavile|56\/100\n|\n|upkeep\n|turn|19\n|\n|t:|1698876792\n|move|p1a: Weavile|Ice Spinner|p2a: Lugia\n|-supereffective|p2a: Lugia\n|-damage|p2a: Lugia|0 fnt\n|faint|p2a: Lugia\n|\n|upkeep\n|\n|t:|1698876795\n|switch|p2a: Necrozma|Necrozma-Dawn-Wings, shiny|100\/100\n|turn|20\n|\n|t:|1698876802\n|detailschange|p2a: Necrozma|Necrozma-Ultra, shiny\n|-burst|p2a: Necrozma|Necrozma|Ultranecrozium Z\n|move|p1a: Weavile|Knock Off|p2a: Necrozma\n|-supereffective|p2a: Necrozma\n|-damage|p2a: Necrozma|39\/100\n|move|p2a: Necrozma|Dragon Pulse|p1a: Weavile\n|-crit|p1a: Weavile\n|-damage|p1a: Weavile|0 fnt\n|faint|p1a: Weavile\n|\n|upkeep\n|\n|t:|1698876815\n|switch|p1a: Iron Leaves|Iron Leaves|100\/100\n|-enditem|p1a: Iron Leaves|Booster Energy\n|-activate|p1a: Iron Leaves|ability: Quark Drive|[fromitem]\n|-start|p1a: Iron Leaves|quarkdrivespe\n|turn|21\n|\n|t:|1698876822\n|move|p1a: Iron Leaves|Leaf Blade|p2a: Necrozma\n|-resisted|p2a: Necrozma\n|-damage|p2a: Necrozma|16\/100\n|move|p2a: Necrozma|Moonlight|p2a: Necrozma\n|-heal|p2a: Necrozma|66\/100\n|\n|upkeep\n|turn|22\n|\n|t:|1698876828\n|move|p1a: Iron Leaves|Swords Dance|p1a: Iron Leaves\n|-boost|p1a: Iron Leaves|atk|2\n|move|p2a: Necrozma|Moonlight|p2a: Necrozma\n|-heal|p2a: Necrozma|100\/100\n|\n|upkeep\n|turn|23\n|\n|t:|1698876834\n|move|p1a: Iron Leaves|Leaf Blade|p2a: Necrozma\n|-resisted|p2a: Necrozma\n|-damage|p2a: Necrozma|52\/100\n|move|p2a: Necrozma|Moongeist Beam|p1a: Iron Leaves\n|-supereffective|p1a: Iron Leaves\n|-damage|p1a: Iron Leaves|0 fnt\n|faint|p1a: Iron Leaves\n|-end|p1a: Iron Leaves|Quark Drive|[silent]\n|\n|upkeep\n|\n|t:|1698876843\n|switch|p1a: Iron Thorns|Iron Thorns|100\/100\n|turn|24\n|\n|t:|1698876854\n|move|p2a: Necrozma|Moonlight|p2a: Necrozma\n|-heal|p2a: Necrozma|100\/100\n|move|p1a: Iron Thorns|Pin Missile|p2a: Necrozma\n|-supereffective|p2a: Necrozma\n|-damage|p2a: Necrozma|81\/100\n|-supereffective|p2a: Necrozma\n|-damage|p2a: Necrozma|63\/100\n|-supereffective|p2a: Necrozma\n|-damage|p2a: Necrozma|45\/100\n|-supereffective|p2a: Necrozma\n|-damage|p2a: Necrozma|28\/100\n|-hitcount|p2a: Necrozma|4\n|\n|upkeep\n|turn|25\n|\n|t:|1698876865\n|-zpower|p2a: Necrozma\n|move|p2a: Necrozma|Light That Burns the Sky|p1a: Iron Thorns|[zeffect]\n|-damage|p1a: Iron Thorns|0 fnt\n|faint|p1a: Iron Thorns\n|-end|p1a: Iron Thorns|Quark Drive|[silent]\n|\n|upkeep\n|\n|t:|1698876867\n|switch|p1a: Sneasler|Sneasler, M, shiny|100\/100\n|turn|26\n|c|\u2606VerduOsane|fucking hate that..\n|\n|t:|1698876881\n|-terastallize|p1a: Sneasler|Flying\n|move|p1a: Sneasler|Dire Claw|p2a: Necrozma\n|-damage|p2a: Necrozma|0 fnt\n|faint|p2a: Necrozma\n|\n|win|VerduOsane\n|raw|VerduOsane's rating: 1244 &rarr; <strong>1258<\/strong><br \/>(+14 for winning)\n|raw|ThatBoyBobby's rating: 1075 &rarr; <strong>1063<\/strong><br \/>(-12 for losing)\n|c|\u2606ThatBoyBobby|gg\n|c|\u2606ThatBoyBobby|can't belive\n|c|\u2606VerduOsane|gg..\n|c|\u2606ThatBoyBobby|i swept that much\n|c|\u2606ThatBoyBobby|wth 1 non setup pokemom\n|c|\u2606ThatBoyBobby|pokemon\n|c|\u2606VerduOsane|?\n|c|\u2606ThatBoyBobby|that survived x4 damage knock off\n|c|\u2606ThatBoyBobby|from weavile\n|c|\u2606VerduOsane|yea Prism Armor saved you\n|l|\u2606ThatBoyBobby\n|c|\u2606VerduOsane|amd I can\u2019t knock off z crystals which is complete bs imo\n","uploadtime":1698876964,"views":307,"p1id":"verduosane","p2id":"thatboybobby","formatid":"gen9nationaldexubers","rating":1063,"private":0,"password":""}