{"id":"gen9nationaldexubers-1990984993","p1":"Svadharma","p2":"sahoo2008","format":"[Gen 9] National Dex Ubers","log":"|j|\u2606Svadharma\n|j|\u2606sahoo2008\n|t:|1700023444\n|gametype|singles\n|player|p1|Svadharma|rei|\n|player|p2|sahoo2008|pokekid|\n|teamsize|p1|6\n|teamsize|p2|6\n|gen|9\n|tier|[Gen 9] National Dex Ubers\n|rule|HP Percentage Mod: HP is shown in percentages\n|rule|Endless Battle Clause: Forcing endless battles is banned\n|rule|OHKO Clause: OHKO moves are banned\n|rule|Evasion Moves Clause: Evasion moves are banned\n|rule|Evasion Items Clause: Evasion items are banned\n|rule|Species Clause: Limit one of each Pok\u00e9mon\n|rule|Sleep Clause Mod: Limit one foe put to sleep\n|rule|Mega Rayquaza Clause: You cannot mega evolve Rayquaza\n|clearpoke\n|poke|p1|Groudon|\n|poke|p1|Ho-Oh|\n|poke|p1|Zacian-*|\n|poke|p1|Necrozma-Dusk-Mane|\n|poke|p1|Arceus-Dark|\n|poke|p1|Mewtwo|\n|poke|p2|Necrozma-Dusk-Mane|\n|poke|p2|Arceus-Dark|\n|poke|p2|Volcanion|\n|poke|p2|Naganadel|\n|poke|p2|Annihilape, F|\n|poke|p2|Deoxys-Attack|\n|teampreview\n|inactive|Battle timer is ON: inactive players will automatically lose when time's up. (requested by Svadharma)\n|\n|t:|1700023453\n|start\n|switch|p1a: Groudon|Groudon|100\/100\n|switch|p2a: Annihilape|Annihilape, F|100\/100\n|detailschange|p1a: Groudon|Groudon-Primal\n|-primal|p1a: Groudon|Red Orb\n|-weather|DesolateLand|[from] ability: Desolate Land|[of] p1a: Groudon\n|turn|1\n|\n|t:|1700023461\n|move|p2a: Annihilape|Close Combat|p1a: Groudon\n|-damage|p1a: Groudon|75\/100\n|-unboost|p2a: Annihilape|def|1\n|-unboost|p2a: Annihilape|spd|1\n|move|p1a: Groudon|Stealth Rock|p2a: Annihilape\n|-sidestart|p2: sahoo2008|move: Stealth Rock\n|\n|-weather|DesolateLand|[upkeep]\n|upkeep\n|turn|2\n|\n|t:|1700023470\n|move|p2a: Annihilape|Brick Break|p1a: Groudon\n|-damage|p1a: Groudon|57\/100\n|move|p1a: Groudon|Precipice Blades|p2a: Annihilape\n|-damage|p2a: Annihilape|7\/100\n|\n|-weather|DesolateLand|[upkeep]\n|upkeep\n|turn|3\n|\n|t:|1700023477\n|move|p2a: Annihilape|Lash Out|p1a: Groudon\n|-damage|p1a: Groudon|46\/100\n|move|p1a: Groudon|Toxic|p2a: Annihilape\n|-status|p2a: Annihilape|tox\n|\n|-weather|DesolateLand|[upkeep]\n|-damage|p2a: Annihilape|1\/100 tox|[from] psn\n|upkeep\n|turn|4\n|\n|t:|1700023485\n|move|p2a: Annihilape|Close Combat|p1a: Groudon\n|-damage|p1a: Groudon|18\/100\n|-unboost|p2a: Annihilape|def|1\n|-unboost|p2a: Annihilape|spd|1\n|move|p1a: Groudon|Toxic|p2a: Annihilape|[miss]\n|-miss|p1a: Groudon|p2a: Annihilape\n|\n|-weather|DesolateLand|[upkeep]\n|-damage|p2a: Annihilape|0 fnt|[from] psn\n|faint|p2a: Annihilape\n|upkeep\n|\n|t:|1700023497\n|switch|p2a: Deoxys|Deoxys-Attack|100\/100\n|-damage|p2a: Deoxys|88\/100|[from] Stealth Rock\n|-ability|p2a: Deoxys|Pressure\n|turn|5\n|\n|t:|1700023506\n|-terastallize|p2a: Deoxys|Psychic\n|move|p2a: Deoxys|Psyshock|p1a: Groudon\n|-crit|p1a: Groudon\n|-damage|p1a: Groudon|0 fnt\n|faint|p1a: Groudon\n|-weather|none\n|\n|upkeep\n|\n|t:|1700023516\n|switch|p1a: Zacian|Zacian-Crowned|100\/100\n|-ability|p1a: Zacian|Intrepid Sword|boost\n|-boost|p1a: Zacian|atk|1\n|turn|6\n|\n|t:|1700023533\n|switch|p2a: Naganadel|Naganadel|100\/100\n|-damage|p2a: Naganadel|88\/100|[from] Stealth Rock\n|move|p1a: Zacian|Crunch|p2a: Naganadel\n|-damage|p2a: Naganadel|34\/100\n|-unboost|p2a: Naganadel|def|1\n|\n|upkeep\n|turn|7\n|\n|t:|1700023544\n|move|p1a: Zacian|Crunch|p2a: Naganadel\n|-damage|p2a: Naganadel|0 fnt\n|faint|p2a: Naganadel\n|\n|upkeep\n|\n|t:|1700023549\n|switch|p2a: Necrozma|Necrozma-Dusk-Mane|100\/100\n|-damage|p2a: Necrozma|94\/100|[from] Stealth Rock\n|turn|8\n|\n|t:|1700023556\n|detailschange|p2a: Necrozma|Necrozma-Ultra\n|-burst|p2a: Necrozma|Necrozma|Ultranecrozium Z\n|-terastallize|p1a: Zacian|Dark\n|move|p1a: Zacian|Crunch|p2a: Necrozma\n|-supereffective|p2a: Necrozma\n|-damage|p2a: Necrozma|0 fnt\n|faint|p2a: Necrozma\n|\n|upkeep\n|\n|t:|1700023575\n|switch|p2a: Volcanion|Volcanion|100\/100\n|-damage|p2a: Volcanion|76\/100|[from] Stealth Rock\n|turn|9\n|\n|t:|1700023582\n|move|p1a: Zacian|Wild Charge|p2a: Volcanion\n|-supereffective|p2a: Volcanion\n|-damage|p2a: Volcanion|0 fnt\n|faint|p2a: Volcanion\n|-damage|p1a: Zacian|82\/100|[from] Recoil\n|\n|upkeep\n|\n|t:|1700023588\n|switch|p2a: Deoxys|Deoxys-Attack, tera:Psychic|88\/100\n|-damage|p2a: Deoxys|76\/100|[from] Stealth Rock\n|-ability|p2a: Deoxys|Pressure\n|turn|10\n|\n|t:|1700023594\n|move|p1a: Zacian|Crunch|p2a: Deoxys\n|-supereffective|p2a: Deoxys\n|-damage|p2a: Deoxys|0 fnt\n|faint|p2a: Deoxys\n|\n|upkeep\n|\n|t:|1700023599\n|switch|p2a: Arceus|Arceus-Dark|100\/100\n|-damage|p2a: Arceus|88\/100|[from] Stealth Rock\n|turn|11\n|\n|t:|1700023606\n|move|p1a: Zacian|Behemoth Blade|p2a: Arceus\n|-damage|p2a: Arceus|34\/100\n|-zpower|p2a: Arceus\n|move|p2a: Arceus|Black Hole Eclipse|p1a: Zacian|[zeffect]\n|-resisted|p1a: Zacian\n|-damage|p1a: Zacian|50\/100\n|\n|upkeep\n|turn|12\n|\n|t:|1700023617\n|move|p1a: Zacian|Behemoth Blade|p2a: Arceus\n|-damage|p2a: Arceus|0 fnt\n|faint|p2a: Arceus\n|\n|win|Svadharma\n","uploadtime":1700023625,"views":17,"p1id":"svadharma","p2id":"sahoo2008","formatid":"gen9nationaldexubers","rating":0,"private":0,"password":""}