{"id":"gen9nationaldexubers-1986600506","p1":"Dragonplanet","p2":"Dropkickoctopus","format":"[Gen 9] National Dex Ubers","log":"|j|\u2606Dragonplanet\n|j|\u2606Dropkickoctopus\n|t:|1699496507\n|gametype|singles\n|player|p1|Dragonplanet|hoopster|\n|player|p2|Dropkickoctopus|baker|\n|teamsize|p1|6\n|teamsize|p2|6\n|gen|9\n|tier|[Gen 9] National Dex Ubers\n|rule|HP Percentage Mod: HP is shown in percentages\n|rule|Endless Battle Clause: Forcing endless battles is banned\n|rule|OHKO Clause: OHKO moves are banned\n|rule|Evasion Moves Clause: Evasion moves are banned\n|rule|Evasion Items Clause: Evasion items are banned\n|rule|Species Clause: Limit one of each Pok\u00e9mon\n|rule|Sleep Clause Mod: Limit one foe put to sleep\n|rule|Mega Rayquaza Clause: You cannot mega evolve Rayquaza\n|clearpoke\n|poke|p1|Lycanroc-Dusk, M|\n|poke|p1|Volcarona, F|\n|poke|p1|Ferrothorn, F|\n|poke|p1|Bombirdier, M|\n|poke|p1|Pelipper, F|\n|poke|p1|Zapdos-Galar|\n|poke|p2|Mamoswine, M|\n|poke|p2|Abomasnow, F|\n|poke|p2|Tentacruel, M|\n|poke|p2|Gliscor, F|\n|poke|p2|Chandelure, F|\n|poke|p2|Latias, F|\n|teampreview\n|\n|t:|1699496580\n|start\n|switch|p1a: Ferrothorn|Ferrothorn, F|100\/100\n|switch|p2a: Christian Bale|Gliscor, F|100\/100\n|turn|1\n|\n|t:|1699496593\n|move|p2a: Christian Bale|Stealth Rock|p1a: Ferrothorn\n|-sidestart|p1: Dragonplanet|move: Stealth Rock\n|move|p1a: Ferrothorn|Leech Seed|p2a: Christian Bale\n|-start|p2a: Christian Bale|move: Leech Seed\n|\n|-damage|p2a: Christian Bale|88\/100|[from] Leech Seed|[of] p1a: Ferrothorn\n|-status|p2a: Christian Bale|tox|[from] item: Toxic Orb\n|upkeep\n|turn|2\n|\n|t:|1699496602\n|switch|p2a: Be Our Guest|Chandelure, F|100\/100\n|move|p1a: Ferrothorn|Stealth Rock|p2a: Be Our Guest\n|-sidestart|p2: Dropkickoctopus|move: Stealth Rock\n|\n|upkeep\n|turn|3\n|\n|t:|1699496718\n|switch|p1a: Pelipper|Pelipper, F|100\/100\n|-damage|p1a: Pelipper|75\/100|[from] Stealth Rock\n|-weather|RainDance|[from] ability: Drizzle|[of] p1a: Pelipper\n|move|p2a: Be Our Guest|Flamethrower|p1a: Pelipper\n|-resisted|p1a: Pelipper\n|-damage|p1a: Pelipper|55\/100\n|\n|-weather|RainDance|[upkeep]\n|upkeep\n|turn|4\n|\n|t:|1699496732\n|switch|p2a: Captain Hentei|Tentacruel, M, shiny|100\/100\n|-damage|p2a: Captain Hentei|88\/100|[from] Stealth Rock\n|move|p1a: Pelipper|Hurricane|p2a: Captain Hentei\n|-damage|p2a: Captain Hentei|43\/100\n|\n|-weather|RainDance|[upkeep]\n|-heal|p2a: Captain Hentei|49\/100|[from] ability: Rain Dish\n|-heal|p2a: Captain Hentei|55\/100|[from] item: Black Sludge\n|upkeep\n|turn|5\n|\n|t:|1699496746\n|move|p2a: Captain Hentei|Rapid Spin|p1a: Pelipper\n|-damage|p1a: Pelipper|47\/100\n|-boost|p2a: Captain Hentei|spe|1\n|-sideend|p2: Dropkickoctopus|Stealth Rock|[from] move: Rapid Spin|[of] p2a: Captain Hentei\n|move|p1a: Pelipper|Hurricane|p2a: Captain Hentei\n|-damage|p2a: Captain Hentei|13\/100\n|\n|-weather|RainDance|[upkeep]\n|-heal|p2a: Captain Hentei|19\/100|[from] ability: Rain Dish\n|-heal|p2a: Captain Hentei|25\/100|[from] item: Black Sludge\n|upkeep\n|turn|6\n|\n|t:|1699496765\n|move|p2a: Captain Hentei|Toxic Spikes|p1a: Pelipper\n|-sidestart|p1: Dragonplanet|move: Toxic Spikes\n|move|p1a: Pelipper|Hurricane|p2a: Captain Hentei\n|-damage|p2a: Captain Hentei|0 fnt\n|faint|p2a: Captain Hentei\n|\n|-weather|RainDance|[upkeep]\n|upkeep\n|\n|t:|1699496781\n|switch|p2a: Mammoth Dong|Mamoswine, M|100\/100\n|turn|7\n|\n|t:|1699496825\n|move|p2a: Mammoth Dong|Icicle Crash|p1a: Pelipper\n|-damage|p1a: Pelipper|0 fnt\n|faint|p1a: Pelipper\n|-damage|p2a: Mammoth Dong|91\/100|[from] item: Life Orb\n|\n|-weather|none\n|upkeep\n|\n|t:|1699496873\n|switch|p1a: Ferrothorn|Ferrothorn, F|100\/100\n|-damage|p1a: Ferrothorn|94\/100|[from] Stealth Rock\n|turn|8\n|\n|t:|1699496888\n|move|p2a: Mammoth Dong|Earthquake|p1a: Ferrothorn\n|-damage|p1a: Ferrothorn|58\/100\n|-damage|p2a: Mammoth Dong|81\/100|[from] item: Life Orb\n|move|p1a: Ferrothorn|Body Press|p2a: Mammoth Dong\n|-supereffective|p2a: Mammoth Dong\n|-damage|p2a: Mammoth Dong|17\/100\n|\n|-heal|p1a: Ferrothorn|64\/100|[from] item: Leftovers\n|upkeep\n|turn|9\n|\n|t:|1699496944\n|switch|p2a: Be Our Guest|Chandelure, F|100\/100\n|move|p1a: Ferrothorn|Leech Seed|p2a: Be Our Guest\n|-start|p2a: Be Our Guest|move: Leech Seed\n|\n|-heal|p1a: Ferrothorn|70\/100|[from] item: Leftovers\n|-damage|p2a: Be Our Guest|88\/100|[from] Leech Seed|[of] p1a: Ferrothorn\n|-heal|p1a: Ferrothorn|79\/100|[silent]\n|upkeep\n|turn|10\n|\n|t:|1699497024\n|switch|p1a: Lycanroc|Lycanroc-Dusk, M, shiny|100\/100\n|-damage|p1a: Lycanroc|88\/100|[from] Stealth Rock\n|-status|p1a: Lycanroc|psn\n|move|p2a: Be Our Guest|Shadow Ball|p1a: Lycanroc\n|-damage|p1a: Lycanroc|4\/100 psn\n|\n|-damage|p2a: Be Our Guest|76\/100|[from] Leech Seed|[of] p1a: Lycanroc\n|-heal|p1a: Lycanroc|15\/100 psn|[silent]\n|-damage|p1a: Lycanroc|2\/100 psn|[from] psn\n|upkeep\n|turn|11\n|\n|t:|1699497080\n|switch|p2a: Power Bottom|Latias, F, shiny|100\/100\n|move|p1a: Lycanroc|Accelerock|p2a: Power Bottom\n|-damage|p2a: Power Bottom|76\/100\n|-damage|p1a: Lycanroc|0 fnt|[from] item: Life Orb\n|faint|p1a: Lycanroc\n|\n|-heal|p2a: Power Bottom|82\/100|[from] item: Leftovers\n|upkeep\n|\n|t:|1699497088\n|switch|p1a: Bombirdier|Bombirdier, M, shiny|100\/100\n|-damage|p1a: Bombirdier|76\/100|[from] Stealth Rock\n|turn|12\n|\n|t:|1699497132\n|move|p1a: Bombirdier|Knock Off|p2a: Power Bottom\n|-supereffective|p2a: Power Bottom\n|-damage|p2a: Power Bottom|17\/100\n|-enditem|p2a: Power Bottom|Leftovers|[from] move: Knock Off|[of] p1a: Bombirdier\n|move|p2a: Power Bottom|Dragon Pulse|p1a: Bombirdier\n|-damage|p1a: Bombirdier|33\/100\n|\n|upkeep\n|turn|13\n|\n|t:|1699497150\n|switch|p2a: Christian Bale|Gliscor, F|88\/100 tox\n|move|p1a: Bombirdier|Knock Off|p2a: Christian Bale\n|-damage|p2a: Christian Bale|63\/100 tox\n|-enditem|p2a: Christian Bale|Toxic Orb|[from] move: Knock Off|[of] p1a: Bombirdier\n|\n|-heal|p2a: Christian Bale|76\/100 tox|[from] ability: Poison Heal\n|upkeep\n|turn|14\n|\n|t:|1699497162\n|switch|p1a: Ferrothorn|Ferrothorn, F|79\/100\n|-damage|p1a: Ferrothorn|73\/100|[from] Stealth Rock\n|move|p2a: Christian Bale|U-turn|p1a: Ferrothorn\n|-damage|p1a: Ferrothorn|64\/100\n|-damage|p2a: Christian Bale|63\/100 tox|[from] ability: Iron Barbs|[of] p1a: Ferrothorn\n|\n|t:|1699497165\n|switch|p2a: Be Our Guest|Chandelure, F|76\/100|[from] U-turn\n|\n|-heal|p1a: Ferrothorn|70\/100|[from] item: Leftovers\n|upkeep\n|turn|15\n|\n|t:|1699497195\n|move|p2a: Be Our Guest|Flamethrower|p1a: Ferrothorn\n|-supereffective|p1a: Ferrothorn\n|-damage|p1a: Ferrothorn|0 fnt\n|faint|p1a: Ferrothorn\n|\n|upkeep\n|\n|t:|1699497199\n|switch|p1a: Volcarona|Volcarona, F, shiny|100\/100\n|turn|16\n|\n|t:|1699497207\n|move|p2a: Be Our Guest|Flamethrower|p1a: Volcarona\n|-damage|p1a: Volcarona|38\/100\n|move|p1a: Volcarona|Quiver Dance|p1a: Volcarona\n|-boost|p1a: Volcarona|spa|1\n|-boost|p1a: Volcarona|spd|1\n|-boost|p1a: Volcarona|spe|1\n|\n|upkeep\n|turn|17\n|\n|t:|1699497216\n|move|p1a: Volcarona|Hidden Power|p2a: Be Our Guest\n|-supereffective|p2a: Be Our Guest\n|-damage|p2a: Be Our Guest|0 fnt\n|faint|p2a: Be Our Guest\n|\n|upkeep\n|\n|t:|1699497225\n|switch|p2a: Christian Bale|Gliscor, F|63\/100 tox\n|turn|18\n|j| DONTBEFUKLIN\n|\n|t:|1699497270\n|move|p2a: Christian Bale|Protect|p2a: Christian Bale\n|-singleturn|p2a: Christian Bale|Protect\n|move|p1a: Volcarona|Fiery Dance|p2a: Christian Bale\n|-activate|p2a: Christian Bale|move: Protect\n|\n|-heal|p2a: Christian Bale|76\/100 tox|[from] ability: Poison Heal\n|upkeep\n|turn|19\n|\n|t:|1699497275\n|move|p1a: Volcarona|Fiery Dance|p2a: Christian Bale\n|-damage|p2a: Christian Bale|0 fnt\n|-boost|p1a: Volcarona|spa|1\n|faint|p2a: Christian Bale\n|\n|upkeep\n|\n|t:|1699497279\n|switch|p2a: Mammoth Dong|Mamoswine, M|17\/100\n|turn|20\n|\n|t:|1699497287\n|move|p2a: Mammoth Dong|Ice Shard|p1a: Volcarona\n|-resisted|p1a: Volcarona\n|-damage|p1a: Volcarona|19\/100\n|-damage|p2a: Mammoth Dong|7\/100|[from] item: Life Orb\n|move|p1a: Volcarona|Fiery Dance|p2a: Mammoth Dong\n|-supereffective|p2a: Mammoth Dong\n|-damage|p2a: Mammoth Dong|0 fnt\n|faint|p2a: Mammoth Dong\n|\n|upkeep\n|\n|t:|1699497293\n|switch|p2a: Snow Miser|Abomasnow, F|100\/100\n|-weather|Snow|[from] ability: Snow Warning|[of] p2a: Snow Miser\n|turn|21\n|\n|t:|1699497312\n|move|p1a: Volcarona|Fiery Dance|p2a: Snow Miser\n|-supereffective|p2a: Snow Miser\n|-damage|p2a: Snow Miser|0 fnt\n|faint|p2a: Snow Miser\n|\n|-weather|Snow|[upkeep]\n|upkeep\n|\n|t:|1699497314\n|switch|p2a: Power Bottom|Latias, F, shiny|17\/100\n|turn|22\n|\n|t:|1699497319\n|move|p1a: Volcarona|Fiery Dance|p2a: Power Bottom\n|-resisted|p2a: Power Bottom\n|-damage|p2a: Power Bottom|0 fnt\n|-boost|p1a: Volcarona|spa|1\n|faint|p2a: Power Bottom\n|\n|win|Dragonplanet\n|l|\u2606Dragonplanet\n|j|\u2606Dragonplanet\n|player|p1|Dragonplanet|hoopster\n|l| DONTBEFUKLIN\n","uploadtime":1699497323,"views":29,"p1id":"dragonplanet","p2id":"dropkickoctopus","formatid":"gen9nationaldexubers","rating":0,"private":0,"password":""}