{"id":"gen9nationaldexubers-1989678233","p1":"vailorn","p2":"Venty1","format":"[Gen 9] National Dex Ubers","log":"|j|\u2606vailorn\n|j|\u2606Venty1\n|t:|1699886046\n|gametype|singles\n|player|p1|vailorn|rood|1348\n|player|p2|Venty1|gambler|1310\n|teamsize|p1|6\n|teamsize|p2|6\n|gen|9\n|tier|[Gen 9] National Dex Ubers\n|rated|\n|rule|HP Percentage Mod: HP is shown in percentages\n|rule|Endless Battle Clause: Forcing endless battles is banned\n|rule|OHKO Clause: OHKO moves are banned\n|rule|Evasion Moves Clause: Evasion moves are banned\n|rule|Evasion Items Clause: Evasion items are banned\n|rule|Species Clause: Limit one of each Pok\u00e9mon\n|rule|Sleep Clause Mod: Limit one foe put to sleep\n|rule|Mega Rayquaza Clause: You cannot mega evolve Rayquaza\n|clearpoke\n|poke|p1|Giratina|\n|poke|p1|Dondozo, M|\n|poke|p1|Chansey, F|\n|poke|p1|Tyranitar, F|\n|poke|p1|Ho-Oh|\n|poke|p1|Mewtwo|\n|poke|p2|Groudon|\n|poke|p2|Dracovish|\n|poke|p2|Darmanitan-Galar, F|\n|poke|p2|Urshifu-*, F|\n|poke|p2|Zacian-*|\n|poke|p2|Kyogre|\n|teampreview\n|\n|t:|1699886051\n|start\n|switch|p1a: Tyranitar|Tyranitar, F, shiny|100\/100\n|switch|p2a: Kyogre|Kyogre|100\/100\n|-weather|RainDance|[from] ability: Drizzle|[of] p2a: Kyogre\n|-weather|Sandstorm|[from] ability: Sand Stream|[of] p1a: Tyranitar\n|turn|1\n|\n|t:|1699886065\n|switch|p2a: Groudon|Groudon|100\/100\n|detailschange|p2a: Groudon|Groudon-Primal\n|-primal|p2a: Groudon|Red Orb\n|-weather|DesolateLand|[from] ability: Desolate Land|[of] p2a: Groudon\n|detailschange|p1a: Tyranitar|Tyranitar-Mega, F, shiny\n|-mega|p1a: Tyranitar|Tyranitar|Tyranitarite\n|-ability|p1a: Tyranitar|Sand Stream|[from] desolateland|[fail]\n|move|p1a: Tyranitar|Toxic|p2a: Groudon\n|-status|p2a: Groudon|tox\n|\n|-weather|DesolateLand|[upkeep]\n|-damage|p2a: Groudon|94\/100 tox|[from] psn\n|upkeep\n|turn|2\n|\n|t:|1699886080\n|switch|p1a: Giratina|Giratina, shiny|100\/100\n|-ability|p1a: Giratina|Pressure\n|move|p2a: Groudon|Precipice Blades|p1a: Giratina\n|-damage|p1a: Giratina|71\/100\n|\n|-weather|DesolateLand|[upkeep]\n|-heal|p1a: Giratina|77\/100|[from] item: Leftovers\n|-damage|p2a: Groudon|82\/100 tox|[from] psn\n|upkeep\n|turn|3\n|\n|t:|1699886093\n|move|p2a: Groudon|Eruption|p1a: Giratina\n|-resisted|p1a: Giratina\n|-damage|p1a: Giratina|43\/100\n|move|p1a: Giratina|Toxic|p2a: Groudon\n|-fail|p2a: Groudon|tox\n|\n|-weather|DesolateLand|[upkeep]\n|-heal|p1a: Giratina|49\/100|[from] item: Leftovers\n|-damage|p2a: Groudon|64\/100 tox|[from] psn\n|upkeep\n|turn|4\n|\n|t:|1699886103\n|-weather|none\n|switch|p2a: cc|Zacian-Crowned|100\/100\n|-ability|p2a: cc|Intrepid Sword|boost\n|-boost|p2a: cc|atk|1\n|move|p1a: Giratina|Rest|p1a: Giratina\n|-status|p1a: Giratina|slp|[from] move: Rest\n|-heal|p1a: Giratina|100\/100 slp|[silent]\n|\n|upkeep\n|turn|5\n|\n|t:|1699886114\n|switch|p1a: Ho-Oh|Ho-Oh, shiny|100\/100\n|move|p2a: cc|Swords Dance|p2a: cc\n|-boost|p2a: cc|atk|2\n|\n|upkeep\n|turn|6\n|\n|t:|1699886120\n|move|p2a: cc|Behemoth Blade|p1a: Ho-Oh\n|-resisted|p1a: Ho-Oh\n|-damage|p1a: Ho-Oh|50\/100\n|move|p1a: Ho-Oh|Sacred Fire|p2a: cc\n|-supereffective|p2a: cc\n|-damage|p2a: cc|19\/100\n|\n|upkeep\n|turn|7\n|\n|t:|1699886128\n|switch|p1a: Dondozo|Dondozo, M, shiny|100\/100\n|move|p2a: cc|Behemoth Blade|p1a: Dondozo\n|-resisted|p1a: Dondozo\n|-damage|p1a: Dondozo|88\/100\n|\n|-heal|p1a: Dondozo|94\/100|[from] item: Leftovers\n|upkeep\n|turn|8\n|\n|t:|1699886143\n|move|p2a: cc|Behemoth Blade|p1a: Dondozo\n|-resisted|p1a: Dondozo\n|-damage|p1a: Dondozo|82\/100\n|move|p1a: Dondozo|Liquidation|p2a: cc\n|-damage|p2a: cc|0 fnt\n|faint|p2a: cc\n|\n|-heal|p1a: Dondozo|88\/100|[from] item: Leftovers\n|upkeep\n|\n|t:|1699886153\n|switch|p2a: Groudon|Groudon-Primal|64\/100 tox\n|-weather|DesolateLand|[from] ability: Desolate Land|[of] p2a: Groudon\n|turn|9\n|\n|t:|1699886163\n|move|p2a: Groudon|Solar Beam||[still]\n|-prepare|p2a: Groudon|Solar Beam\n|-anim|p2a: Groudon|Solar Beam|p1a: Dondozo\n|-supereffective|p1a: Dondozo\n|-crit|p1a: Dondozo\n|-damage|p1a: Dondozo|0 fnt\n|faint|p1a: Dondozo\n|\n|-weather|DesolateLand|[upkeep]\n|-damage|p2a: Groudon|57\/100 tox|[from] psn\n|upkeep\n|\n|t:|1699886172\n|switch|p1a: Giratina|Giratina, shiny|100\/100 slp\n|-ability|p1a: Giratina|Pressure\n|turn|10\n|\n|t:|1699886179\n|move|p2a: Groudon|Precipice Blades|p1a: Giratina\n|-damage|p1a: Giratina|70\/100 slp\n|cant|p1a: Giratina|slp\n|\n|-weather|DesolateLand|[upkeep]\n|-heal|p1a: Giratina|76\/100 slp|[from] item: Leftovers\n|-damage|p2a: Groudon|45\/100 tox|[from] psn\n|upkeep\n|turn|11\n|\n|t:|1699886193\n|-weather|none\n|switch|p2a: Kyogre|Kyogre|100\/100\n|-weather|RainDance|[from] ability: Drizzle|[of] p2a: Kyogre\n|cant|p1a: Giratina|slp\n|\n|-weather|RainDance|[upkeep]\n|-heal|p1a: Giratina|82\/100 slp|[from] item: Leftovers\n|upkeep\n|turn|12\n|\n|t:|1699886202\n|switch|p2a: :)|Dracovish|100\/100\n|switch|p1a: Tyranitar|Tyranitar-Mega, F, shiny|100\/100\n|-weather|Sandstorm|[from] ability: Sand Stream|[of] p1a: Tyranitar\n|\n|-weather|Sandstorm|[upkeep]\n|-damage|p2a: :)|94\/100|[from] Sandstorm\n|upkeep\n|turn|13\n|\n|t:|1699886220\n|switch|p1a: Giratina|Giratina, shiny|82\/100 slp\n|-ability|p1a: Giratina|Pressure\n|-terastallize|p2a: :)|Water\n|move|p2a: :)|Fishious Rend|p1a: Giratina\n|-resisted|p1a: Giratina\n|-damage|p1a: Giratina|54\/100 slp\n|\n|-weather|Sandstorm|[upkeep]\n|-damage|p2a: :)|88\/100|[from] Sandstorm\n|-damage|p1a: Giratina|48\/100 slp|[from] Sandstorm\n|-heal|p1a: Giratina|54\/100 slp|[from] item: Leftovers\n|upkeep\n|turn|14\n|\n|t:|1699886233\n|switch|p2a: Kyogre|Kyogre|100\/100\n|-weather|RainDance|[from] ability: Drizzle|[of] p2a: Kyogre\n|-curestatus|p1a: Giratina|slp|[msg]\n|move|p1a: Giratina|Dragon Tail|p2a: Kyogre\n|-damage|p2a: Kyogre|76\/100\n|drag|p2a: arceus killeur|Darmanitan-Galar, F|100\/100\n|\n|-weather|RainDance|[upkeep]\n|-heal|p1a: Giratina|60\/100|[from] item: Leftovers\n|upkeep\n|turn|15\n|\n|t:|1699886256\n|switch|p1a: Mewtwo|Mewtwo, shiny|100\/100\n|-ability|p1a: Mewtwo|Pressure\n|move|p2a: arceus killeur|Brick Break|p1a: Mewtwo\n|-resisted|p1a: Mewtwo\n|-damage|p1a: Mewtwo|84\/100\n|-damage|p2a: arceus killeur|84\/100|[from] item: Rocky Helmet|[of] p1a: Mewtwo\n|\n|-weather|RainDance|[upkeep]\n|upkeep\n|turn|16\n|\n|t:|1699886269\n|switch|p2a: Groudon|Groudon-Primal|45\/100 tox\n|-weather|DesolateLand|[from] ability: Desolate Land|[of] p2a: Groudon\n|move|p1a: Mewtwo|Psystrike|p2a: Groudon\n|-damage|p2a: Groudon|7\/100 tox\n|\n|-weather|DesolateLand|[upkeep]\n|-damage|p2a: Groudon|1\/100 tox|[from] psn\n|upkeep\n|turn|17\n|\n|t:|1699886278\n|move|p1a: Mewtwo|Foul Play|p2a: Groudon\n|-damage|p2a: Groudon|0 fnt\n|faint|p2a: Groudon\n|-weather|none\n|\n|upkeep\n|\n|t:|1699886284\n|switch|p2a: bz l'abri|Urshifu-Rapid-Strike, F|100\/100\n|turn|18\n|\n|t:|1699886308\n|switch|p2a: Kyogre|Kyogre|76\/100\n|-weather|RainDance|[from] ability: Drizzle|[of] p2a: Kyogre\n|move|p1a: Mewtwo|Psystrike|p2a: Kyogre\n|-damage|p2a: Kyogre|23\/100\n|\n|-weather|RainDance|[upkeep]\n|upkeep\n|turn|19\n|\n|t:|1699886316\n|switch|p1a: Tyranitar|Tyranitar-Mega, F, shiny|100\/100\n|-weather|Sandstorm|[from] ability: Sand Stream|[of] p1a: Tyranitar\n|switch|p2a: :)|Dracovish, tera:Water|88\/100\n|\n|-weather|Sandstorm|[upkeep]\n|-damage|p2a: :)|82\/100|[from] Sandstorm\n|upkeep\n|turn|20\n|\n|t:|1699886342\n|move|p2a: :)|Crunch|p1a: Tyranitar\n|-resisted|p1a: Tyranitar\n|-damage|p1a: Tyranitar|92\/100\n|move|p1a: Tyranitar|Knock Off|p2a: :)\n|-damage|p2a: :)|27\/100\n|-enditem|p2a: :)|Choice Scarf|[from] move: Knock Off|[of] p1a: Tyranitar\n|\n|-weather|Sandstorm|[upkeep]\n|-damage|p2a: :)|21\/100|[from] Sandstorm\n|upkeep\n|turn|21\n|\n|t:|1699886352\n|switch|p2a: Kyogre|Kyogre|23\/100\n|-weather|RainDance|[from] ability: Drizzle|[of] p2a: Kyogre\n|move|p1a: Tyranitar|Toxic|p2a: Kyogre\n|-status|p2a: Kyogre|tox\n|\n|-weather|RainDance|[upkeep]\n|-damage|p2a: Kyogre|17\/100 tox|[from] psn\n|upkeep\n|turn|22\n|\n|t:|1699886361\n|move|p2a: Kyogre|Origin Pulse|p1a: Tyranitar|[miss]\n|-miss|p2a: Kyogre|p1a: Tyranitar\n|move|p1a: Tyranitar|Stealth Rock|p2a: Kyogre\n|-sidestart|p2: Venty1|move: Stealth Rock\n|\n|-weather|RainDance|[upkeep]\n|-damage|p2a: Kyogre|5\/100 tox|[from] psn\n|upkeep\n|turn|23\n|\n|t:|1699886368\n|switch|p1a: Chansey|Chansey, F, shiny|100\/100\n|move|p2a: Kyogre|Origin Pulse|p1a: Chansey\n|-damage|p1a: Chansey|77\/100\n|\n|-weather|RainDance|[upkeep]\n|-damage|p2a: Kyogre|0 fnt|[from] psn\n|faint|p2a: Kyogre\n|upkeep\n|\n|t:|1699886376\n|switch|p2a: :)|Dracovish, tera:Water|21\/100\n|-damage|p2a: :)|8\/100|[from] Stealth Rock\n|turn|24\n|\n|t:|1699886381\n|switch|p1a: Tyranitar|Tyranitar-Mega, F, shiny|92\/100\n|-weather|Sandstorm|[from] ability: Sand Stream|[of] p1a: Tyranitar\n|move|p2a: :)|Fishious Rend|p1a: Tyranitar\n|-supereffective|p1a: Tyranitar\n|-damage|p1a: Tyranitar|0 fnt\n|faint|p1a: Tyranitar\n|\n|-weather|Sandstorm|[upkeep]\n|-damage|p2a: :)|2\/100|[from] Sandstorm\n|upkeep\n|\n|t:|1699886384\n|switch|p1a: Mewtwo|Mewtwo, shiny|84\/100\n|-ability|p1a: Mewtwo|Pressure\n|turn|25\n|\n|t:|1699886393\n|move|p1a: Mewtwo|Psystrike|p2a: :)\n|-damage|p2a: :)|0 fnt\n|faint|p2a: :)\n|\n|-weather|Sandstorm|[upkeep]\n|-damage|p1a: Mewtwo|77\/100|[from] Sandstorm\n|upkeep\n|\n|t:|1699886399\n|switch|p2a: bz l'abri|Urshifu-Rapid-Strike, F|100\/100\n|-damage|p2a: bz l'abri|94\/100|[from] Stealth Rock\n|turn|26\n|\n|t:|1699886406\n|move|p2a: bz l'abri|Aqua Jet|p1a: Mewtwo\n|-damage|p1a: Mewtwo|50\/100\n|-damage|p2a: bz l'abri|78\/100|[from] item: Rocky Helmet|[of] p1a: Mewtwo\n|move|p1a: Mewtwo|Psystrike|p2a: bz l'abri\n|-supereffective|p2a: bz l'abri\n|-damage|p2a: bz l'abri|0 fnt\n|faint|p2a: bz l'abri\n|\n|-weather|Sandstorm|[upkeep]\n|-damage|p1a: Mewtwo|44\/100|[from] Sandstorm\n|upkeep\n|\n|t:|1699886416\n|switch|p2a: arceus killeur|Darmanitan-Galar, F|84\/100\n|-damage|p2a: arceus killeur|59\/100|[from] Stealth Rock\n|turn|27\n|\n|t:|1699886422\n|move|p2a: arceus killeur|Earthquake|p1a: Mewtwo\n|-damage|p1a: Mewtwo|0 fnt\n|faint|p1a: Mewtwo\n|\n|-weather|Sandstorm|[upkeep]\n|-damage|p2a: arceus killeur|53\/100|[from] Sandstorm\n|upkeep\n|\n|t:|1699886426\n|switch|p1a: Ho-Oh|Ho-Oh, shiny|84\/100\n|turn|28\n|-message|Venty1 forfeited.\n|\n|win|vailorn\n|raw|vailorn's rating: 1348 &rarr; <strong>1366<\/strong><br \/>(+18 for winning)\n|raw|Venty1's rating: 1310 &rarr; <strong>1292<\/strong><br \/>(-18 for losing)\n|l|\u2606Venty1\n","uploadtime":1699886443,"views":15,"p1id":"vailorn","p2id":"venty1","formatid":"gen9nationaldexubers","rating":1292,"private":0,"password":""}