{"id":"gen9nationaldexubers-1998591644","p1":"Extreme_Riot 06","p2":"ryan_farhan","format":"[Gen 9] National Dex Ubers","log":"|j|\u2606Extreme_Riot 06\n|j|\u2606ryan_farhan\n|t:|1700960303\n|gametype|singles\n|player|p1|Extreme_Riot 06|gambler|1161\n|player|p2|ryan_farhan|1|1162\n|teamsize|p1|6\n|teamsize|p2|6\n|gen|9\n|tier|[Gen 9] National Dex Ubers\n|rated|\n|rule|HP Percentage Mod: HP is shown in percentages\n|rule|Endless Battle Clause: Forcing endless battles is banned\n|rule|OHKO Clause: OHKO moves are banned\n|rule|Evasion Moves Clause: Evasion moves are banned\n|rule|Evasion Items Clause: Evasion items are banned\n|rule|Species Clause: Limit one of each Pok\u00e9mon\n|rule|Sleep Clause Mod: Limit one foe put to sleep\n|rule|Mega Rayquaza Clause: You cannot mega evolve Rayquaza\n|clearpoke\n|poke|p1|Blaziken, M|\n|poke|p1|Aegislash, M|\n|poke|p1|Garchomp, M|\n|poke|p1|Zoroark, F|\n|poke|p1|Walrein, M|\n|poke|p1|Manectric, M|\n|poke|p2|Pikachu, M|\n|poke|p2|Lucario, M|\n|poke|p2|Dragonite, F|\n|poke|p2|Gengar, M|\n|poke|p2|Sirfetch\u2019d, M|\n|poke|p2|Dracovish|\n|teampreview\n|inactive|Battle timer is ON: inactive players will automatically lose when time's up. (requested by ryan_farhan)\n|\n|t:|1700960316\n|start\n|switch|p1a: Walrein|Walrein, M|100\/100\n|switch|p2a: Pikachu|Pikachu, M|100\/100\n|turn|1\n|\n|t:|1700960323\n|move|p2a: Pikachu|Thunderbolt|p1a: Walrein\n|-supereffective|p1a: Walrein\n|-damage|p1a: Walrein|14\/100\n|move|p1a: Walrein|Yawn|p2a: Pikachu\n|-start|p2a: Pikachu|move: Yawn|[of] p1a: Walrein\n|\n|-heal|p1a: Walrein|20\/100|[from] item: Leftovers\n|upkeep\n|turn|2\n|\n|t:|1700960332\n|switch|p1a: Garchomp|Garchomp, M|100\/100\n|move|p2a: Pikachu|Thunderbolt|p1a: Garchomp\n|-immune|p1a: Garchomp\n|\n|-end|p2a: Pikachu|move: Yawn|[silent]\n|-status|p2a: Pikachu|slp\n|upkeep\n|turn|3\n|\n|t:|1700960342\n|switch|p2a: Sirfetch\u2019d|Sirfetch\u2019d, M|100\/100\n|move|p1a: Garchomp|Swords Dance|p1a: Garchomp\n|-boost|p1a: Garchomp|atk|2\n|\n|upkeep\n|turn|4\n|\n|t:|1700960348\n|move|p1a: Garchomp|Earthquake|p2a: Sirfetch\u2019d\n|-damage|p2a: Sirfetch\u2019d|0 fnt\n|faint|p2a: Sirfetch\u2019d\n|\n|upkeep\n|\n|t:|1700960359\n|switch|p2a: Gengar|Gengar, M|100\/100\n|turn|5\n|\n|t:|1700960364\n|move|p1a: Garchomp|Earthquake|p2a: Gengar\n|-supereffective|p2a: Gengar\n|-enditem|p2a: Gengar|Focus Sash\n|-damage|p2a: Gengar|1\/100\n|move|p2a: Gengar|Shadow Ball|p1a: Garchomp\n|-damage|p1a: Garchomp|48\/100\n|\n|upkeep\n|turn|6\n|\n|t:|1700960374\n|switch|p2a: Pikachu|Pikachu, M|100\/100 slp\n|move|p1a: Garchomp|Dragon Claw|p2a: Pikachu\n|-damage|p2a: Pikachu|0 fnt\n|faint|p2a: Pikachu\n|\n|upkeep\n|\n|t:|1700960382\n|switch|p2a: Lucario|Lucario, M|100\/100\n|turn|7\n|\n|t:|1700960386\n|detailschange|p2a: Lucario|Lucario-Mega, M\n|-mega|p2a: Lucario|Lucario|Lucarionite\n|move|p1a: Garchomp|Earthquake|p2a: Lucario\n|-supereffective|p2a: Lucario\n|-damage|p2a: Lucario|0 fnt\n|faint|p2a: Lucario\n|\n|upkeep\n|\n|t:|1700960393\n|switch|p2a: Dragonite|Dragonite, F|100\/100\n|turn|8\n|\n|t:|1700960398\n|-terastallize|p2a: Dragonite|Fairy\n|move|p1a: Garchomp|Dragon Claw|p2a: Dragonite\n|-immune|p2a: Dragonite\n|move|p2a: Dragonite|Ice Beam|p1a: Garchomp\n|-supereffective|p1a: Garchomp\n|-damage|p1a: Garchomp|0 fnt\n|faint|p1a: Garchomp\n|\n|upkeep\n|\n|t:|1700960406\n|switch|p1a: Walrein|Walrein, M|20\/100\n|turn|9\n|\n|t:|1700960410\n|move|p2a: Dragonite|Extreme Speed|p1a: Walrein\n|-damage|p1a: Walrein|0 fnt\n|faint|p1a: Walrein\n|\n|upkeep\n|\n|t:|1700960417\n|switch|p1a: Manectric|Manectric, M|100\/100\n|turn|10\n|\n|t:|1700960422\n|switch|p2a: Gengar|Gengar, M|1\/100\n|detailschange|p1a: Manectric|Manectric-Mega, M\n|-mega|p1a: Manectric|Manectric|Manectite\n|-ability|p1a: Manectric|Intimidate|boost\n|-unboost|p2a: Gengar|atk|1\n|move|p1a: Manectric|Discharge|p2a: Gengar\n|-damage|p2a: Gengar|0 fnt\n|faint|p2a: Gengar\n|\n|upkeep\n|\n|t:|1700960433\n|switch|p2a: Dragonite|Dragonite, F, tera:Fairy|100\/100\n|turn|11\n|\n|t:|1700960438\n|move|p1a: Manectric|Discharge|p2a: Dragonite\n|-damage|p2a: Dragonite|78\/100\n|-status|p2a: Dragonite|par\n|move|p2a: Dragonite|Earthquake|p1a: Manectric\n|-supereffective|p1a: Manectric\n|-damage|p1a: Manectric|0 fnt\n|faint|p1a: Manectric\n|\n|upkeep\n|\n|t:|1700960444\n|switch|p1a: Blaziken|Blaziken, M|100\/100\n|turn|12\n|\n|t:|1700960450\n|move|p1a: Blaziken|Sludge Bomb|p2a: Dragonite\n|-supereffective|p2a: Dragonite\n|-damage|p2a: Dragonite|21\/100 par\n|-enditem|p2a: Dragonite|Weakness Policy\n|-boost|p2a: Dragonite|atk|2|[from] item: Weakness Policy\n|-boost|p2a: Dragonite|spa|2|[from] item: Weakness Policy\n|move|p2a: Dragonite|Earthquake|p1a: Blaziken\n|-damage|p1a: Blaziken|0 fnt\n|replace|p1a: Zoroark|Zoroark, F\n|-end|p1a: Zoroark|Illusion\n|faint|p1a: Zoroark\n|\n|upkeep\n|\n|t:|1700960459\n|switch|p1a: Aegislash|Aegislash, M, shiny|100\/100\n|turn|13\n|\n|t:|1700960465\n|-formechange|p1a: Aegislash|Aegislash-Blade||[from] ability: Stance Change\n|move|p1a: Aegislash|Iron Head|p2a: Dragonite\n|-supereffective|p2a: Dragonite\n|-damage|p2a: Dragonite|0 fnt\n|faint|p2a: Dragonite\n|\n|upkeep\n|\n|t:|1700960472\n|switch|p2a: Dracovish|Dracovish|100\/100\n|turn|14\n|\n|t:|1700960475\n|-formechange|p1a: Aegislash|Aegislash||[from] ability: Stance Change\n|move|p1a: Aegislash|King's Shield|p1a: Aegislash\n|-singleturn|p1a: Aegislash|Protect\n|-zpower|p2a: Dracovish\n|move|p2a: Dracovish|Z-Rain Dance|p2a: Dracovish|[anim]Rain Dance\n|-boost|p2a: Dracovish|spe|1|[zeffect]\n|-weather|RainDance\n|\n|-weather|RainDance|[upkeep]\n|upkeep\n|turn|15\n|\n|t:|1700960487\n|-terastallize|p1a: Aegislash|Fighting\n|move|p2a: Dracovish|Fishious Rend|p1a: Aegislash\n|-damage|p1a: Aegislash|0 fnt\n|faint|p1a: Aegislash\n|\n|-weather|RainDance|[upkeep]\n|upkeep\n|\n|t:|1700960492\n|switch|p1a: Blaziken|Blaziken, M|100\/100\n|turn|16\n|\n|t:|1700960497\n|move|p2a: Dracovish|Fishious Rend|p1a: Blaziken\n|-supereffective|p1a: Blaziken\n|-damage|p1a: Blaziken|0 fnt\n|faint|p1a: Blaziken\n|\n|win|ryan_farhan\n|raw|Extreme_Riot 06's rating: 1161 &rarr; <strong>1136<\/strong><br \/>(-25 for losing)\n|raw|ryan_farhan's rating: 1162 &rarr; <strong>1187<\/strong><br \/>(+25 for winning)\n|l|\u2606Extreme_Riot 06\n|c|\u2606ryan_farhan|Gg\n","uploadtime":1700960507,"views":4,"p1id":"extremeriot06","p2id":"ryanfarhan","formatid":"gen9nationaldexubers","rating":1136,"private":0,"password":""}