{"id":"gen9nationaldexubers-1979123360","p1":"KarmaNightraide","p2":"ironsp1dr","format":"[Gen 9] National Dex Ubers","log":"|j|\u2606KarmaNightraide\n|j|\u2606ironsp1dr\n|t:|1698635341\n|gametype|singles\n|player|p1|KarmaNightraide|unknown|\n|player|p2|ironsp1dr|li|\n|teamsize|p1|6\n|teamsize|p2|6\n|gen|9\n|tier|[Gen 9] National Dex Ubers\n|rule|HP Percentage Mod: HP is shown in percentages\n|rule|Endless Battle Clause: Forcing endless battles is banned\n|rule|OHKO Clause: OHKO moves are banned\n|rule|Evasion Moves Clause: Evasion moves are banned\n|rule|Evasion Items Clause: Evasion items are banned\n|rule|Species Clause: Limit one of each Pok\u00e9mon\n|rule|Sleep Clause Mod: Limit one foe put to sleep\n|rule|Mega Rayquaza Clause: You cannot mega evolve Rayquaza\n|clearpoke\n|poke|p1|Sinistcha-Masterpiece|\n|poke|p1|Aegislash, F|\n|poke|p1|Drifblim, M|\n|poke|p1|Ceruledge, M|\n|poke|p1|Runerigus, M|\n|poke|p1|Basculegion, M|\n|poke|p2|Hoopa-Unbound|\n|poke|p2|Weavile, F|\n|poke|p2|Greninja-*, M|\n|poke|p2|Chien-Pao|\n|poke|p2|Umbreon, F|\n|poke|p2|Meowscarada, F|\n|teampreview\n|\n|t:|1698635345\n|start\n|switch|p1a: Oni|Ceruledge, M|100\/100\n|switch|p2a: Umbreon|Umbreon, F, shiny|100\/100\n|turn|1\n|\n|t:|1698635354\n|move|p1a: Oni|Swords Dance|p1a: Oni\n|-boost|p1a: Oni|atk|2\n|move|p2a: Umbreon|Reflect|p2a: Umbreon\n|-sidestart|p2: ironsp1dr|Reflect\n|\n|upkeep\n|turn|2\n|\n|t:|1698635362\n|move|p1a: Oni|Close Combat|p2a: Umbreon\n|-supereffective|p2a: Umbreon\n|-damage|p2a: Umbreon|37\/100\n|-unboost|p1a: Oni|def|1\n|-unboost|p1a: Oni|spd|1\n|-enditem|p2a: Umbreon|Weakness Policy\n|-boost|p2a: Umbreon|atk|2|[from] item: Weakness Policy\n|-boost|p2a: Umbreon|spa|2|[from] item: Weakness Policy\n|move|p2a: Umbreon|Dark Pulse|p1a: Oni\n|-supereffective|p1a: Oni\n|-enditem|p1a: Oni|Focus Sash\n|-damage|p1a: Oni|1\/100\n|\n|upkeep\n|turn|3\n|\n|t:|1698635379\n|switch|p2a: Hoopa|Hoopa-Unbound|100\/100\n|move|p1a: Oni|Close Combat|p2a: Hoopa\n|-damage|p2a: Hoopa|34\/100\n|-unboost|p1a: Oni|def|1\n|-unboost|p1a: Oni|spd|1\n|\n|-heal|p2a: Hoopa|40\/100|[from] item: Leftovers\n|upkeep\n|turn|4\n|\n|t:|1698635390\n|move|p1a: Oni|Close Combat|p2a: Hoopa\n|-damage|p2a: Hoopa|0 fnt\n|-unboost|p1a: Oni|def|1\n|-unboost|p1a: Oni|spd|1\n|faint|p2a: Hoopa\n|\n|upkeep\n|\n|t:|1698635408\n|switch|p2a: Greninja|Greninja, M|100\/100\n|turn|5\n|\n|t:|1698635415\n|move|p2a: Greninja|Water Shuriken|p1a: Oni\n|-supereffective|p1a: Oni\n|-damage|p1a: Oni|0 fnt\n|faint|p1a: Oni\n|-ability|p2a: Greninja|Battle Bond|boost\n|-boost|p2a: Greninja|atk|1\n|-boost|p2a: Greninja|spa|1\n|-boost|p2a: Greninja|spe|1\n|-activate|p2a: Greninja|ability: Battle Bond\n|-hitcount|p1: Oni|1\n|\n|-sideend|p2: ironsp1dr|Reflect\n|upkeep\n|\n|t:|1698635448\n|switch|p1a: Goop Juice|Sinistcha-Masterpiece|100\/100\n|turn|6\n|\n|t:|1698635458\n|switch|p2a: Weavile|Weavile, F|100\/100\n|-ability|p2a: Weavile|Pressure\n|move|p1a: Goop Juice|Nasty Plot|p1a: Goop Juice\n|-boost|p1a: Goop Juice|spa|2\n|\n|upkeep\n|turn|7\n|\n|t:|1698635478\n|-terastallize|p1a: Goop Juice|Water\n|move|p2a: Weavile|Detect|p2a: Weavile\n|-singleturn|p2a: Weavile|Protect\n|move|p1a: Goop Juice|Matcha Gotcha|p2a: Weavile\n|-activate|p2a: Weavile|move: Protect\n|\n|upkeep\n|turn|8\n|\n|t:|1698635487\n|move|p2a: Weavile|Icicle Spear|p1a: Goop Juice\n|-resisted|p1a: Goop Juice\n|-damage|p1a: Goop Juice|93\/100\n|-resisted|p1a: Goop Juice\n|-damage|p1a: Goop Juice|86\/100\n|-resisted|p1a: Goop Juice\n|-damage|p1a: Goop Juice|80\/100\n|-resisted|p1a: Goop Juice\n|-damage|p1a: Goop Juice|74\/100\n|-resisted|p1a: Goop Juice\n|-damage|p1a: Goop Juice|66\/100\n|-hitcount|p1a: Goop Juice|5\n|move|p1a: Goop Juice|Matcha Gotcha|p2a: Weavile\n|-damage|p2a: Weavile|0 fnt\n|-heal|p1a: Goop Juice|100\/100|[from] drain|[of] p2a: Weavile\n|faint|p2a: Weavile\n|\n|upkeep\n|\n|t:|1698635491\n|switch|p2a: Meowscarada|Meowscarada, F|100\/100\n|turn|9\n|\n|t:|1698635510\n|move|p2a: Meowscarada|Thunder Punch|p1a: Goop Juice\n|-supereffective|p1a: Goop Juice\n|-damage|p1a: Goop Juice|48\/100\n|move|p1a: Goop Juice|Matcha Gotcha|p2a: Meowscarada\n|-resisted|p2a: Meowscarada\n|-damage|p2a: Meowscarada|43\/100\n|-heal|p1a: Goop Juice|77\/100|[from] drain|[of] p2a: Meowscarada\n|\n|upkeep\n|turn|10\n|\n|t:|1698635518\n|move|p2a: Meowscarada|Thunder Punch|p1a: Goop Juice\n|-supereffective|p1a: Goop Juice\n|-damage|p1a: Goop Juice|19\/100\n|move|p1a: Goop Juice|Matcha Gotcha|p2a: Meowscarada\n|-resisted|p2a: Meowscarada\n|-damage|p2a: Meowscarada|0 fnt\n|-heal|p1a: Goop Juice|41\/100|[from] drain|[of] p2a: Meowscarada\n|faint|p2a: Meowscarada\n|\n|upkeep\n|\n|t:|1698635523\n|switch|p2a: Chien-Pao|Chien-Pao|100\/100\n|-ability|p2a: Chien-Pao|Sword of Ruin\n|turn|11\n|\n|t:|1698635531\n|move|p2a: Chien-Pao|Throat Chop|p1a: Goop Juice\n|-damage|p1a: Goop Juice|0 fnt\n|faint|p1a: Goop Juice\n|\n|upkeep\n|\n|t:|1698635551\n|switch|p1a: Ragnar\u00f6k|Runerigus, M|100\/100\n|turn|12\n|\n|t:|1698635558\n|move|p2a: Chien-Pao|Swords Dance|p2a: Chien-Pao\n|-boost|p2a: Chien-Pao|atk|2\n|move|p1a: Ragnar\u00f6k|Body Press|p2a: Chien-Pao\n|-supereffective|p2a: Chien-Pao\n|-crit|p2a: Chien-Pao\n|-enditem|p2a: Chien-Pao|Focus Sash\n|-damage|p2a: Chien-Pao|1\/100\n|\n|upkeep\n|turn|13\n|\n|t:|1698635567\n|move|p2a: Chien-Pao|Throat Chop|p1a: Ragnar\u00f6k\n|-supereffective|p1a: Ragnar\u00f6k\n|-damage|p1a: Ragnar\u00f6k|0 fnt\n|-activate|p1a: Ragnar\u00f6k|ability: Wandering Spirit|Sword of Ruin|Wandering Spirit|[of] p2a: Chien-Pao\n|faint|p1a: Ragnar\u00f6k\n|\n|upkeep\n|\n|t:|1698635574\n|switch|p1a: Aegislash|Aegislash, F|100\/100\n|turn|14\n|\n|t:|1698635578\n|-formechange|p1a: Aegislash|Aegislash-Blade||[from] ability: Stance Change\n|move|p1a: Aegislash|Shadow Sneak|p2a: Chien-Pao\n|-resisted|p2a: Chien-Pao\n|-damage|p2a: Chien-Pao|0 fnt\n|faint|p2a: Chien-Pao\n|\n|upkeep\n|\n|t:|1698635583\n|switch|p2a: Greninja|Greninja, M|100\/100\n|turn|15\n|\n|t:|1698635599\n|-terastallize|p2a: Greninja|Water\n|-formechange|p1a: Aegislash|Aegislash||[from] ability: Stance Change\n|move|p1a: Aegislash|King's Shield|p1a: Aegislash\n|-singleturn|p1a: Aegislash|Protect\n|move|p2a: Greninja|Water Shuriken|p1a: Aegislash\n|-activate|p1a: Aegislash|move: Protect\n|\n|upkeep\n|turn|16\n|\n|t:|1698635624\n|move|p2a: Greninja|Ice Beam|p1a: Aegislash\n|-resisted|p1a: Aegislash\n|-damage|p1a: Aegislash|87\/100\n|-formechange|p1a: Aegislash|Aegislash-Blade||[from] ability: Stance Change\n|move|p1a: Aegislash|Sacred Sword|p2a: Greninja\n|-damage|p2a: Greninja|45\/100\n|\n|upkeep\n|turn|17\n|\n|t:|1698635636\n|-formechange|p1a: Aegislash|Aegislash||[from] ability: Stance Change\n|move|p1a: Aegislash|King's Shield|p1a: Aegislash\n|-singleturn|p1a: Aegislash|Protect\n|move|p2a: Greninja|Water Shuriken|p1a: Aegislash\n|-activate|p1a: Aegislash|move: Protect\n|\n|upkeep\n|turn|18\n|\n|t:|1698635646\n|move|p2a: Greninja|Water Shuriken|p1a: Aegislash\n|-damage|p1a: Aegislash|78\/100\n|-damage|p1a: Aegislash|68\/100\n|-damage|p1a: Aegislash|59\/100\n|-damage|p1a: Aegislash|50\/100\n|-hitcount|p1a: Aegislash|4\n|-formechange|p1a: Aegislash|Aegislash-Blade||[from] ability: Stance Change\n|move|p1a: Aegislash|Sacred Sword|p2a: Greninja\n|-damage|p2a: Greninja|0 fnt\n|faint|p2a: Greninja\n|\n|upkeep\n|\n|t:|1698635658\n|switch|p2a: Umbreon|Umbreon, F, shiny|37\/100\n|turn|19\n|\n|t:|1698635673\n|move|p1a: Aegislash|Sacred Sword|p2a: Umbreon\n|-supereffective|p2a: Umbreon\n|-damage|p2a: Umbreon|0 fnt\n|faint|p2a: Umbreon\n|\n|win|KarmaNightraide\n|l|\u2606ironsp1dr\n","uploadtime":1698635686,"views":12,"p1id":"karmanightraide","p2id":"ironsp1dr","formatid":"gen9nationaldexubers","rating":0,"private":0,"password":""}