{"id":"gen9nationaldexubers-1991986080","p1":"WillroBalance","p2":"TrapMasterSei","format":"[Gen 9] National Dex Ubers","log":"|j|\u2606WillroBalance\n|j|\u2606TrapMasterSei\n|t:|1700145260\n|gametype|singles\n|player|p1|WillroBalance|lusamine-nihilego|\n|player|p2|TrapMasterSei|170|\n|teamsize|p1|6\n|teamsize|p2|4\n|gen|9\n|tier|[Gen 9] National Dex Ubers\n|rated|Tournament battle\n|rule|HP Percentage Mod: HP is shown in percentages\n|rule|Endless Battle Clause: Forcing endless battles is banned\n|rule|OHKO Clause: OHKO moves are banned\n|rule|Evasion Moves Clause: Evasion moves are banned\n|rule|Evasion Items Clause: Evasion items are banned\n|rule|Species Clause: Limit one of each Pok\u00e9mon\n|rule|Sleep Clause Mod: Limit one foe put to sleep\n|rule|Mega Rayquaza Clause: You cannot mega evolve Rayquaza\n|clearpoke\n|poke|p1|Eternatus|\n|poke|p1|Groudon|\n|poke|p1|Arceus-Dark|\n|poke|p1|Ho-Oh|\n|poke|p1|Zygarde|\n|poke|p1|Necrozma-Dusk-Mane|\n|poke|p2|Ho-Oh|\n|poke|p2|Groudon|\n|poke|p2|Necrozma-Dusk-Mane|\n|poke|p2|Arceus-Dark|\n|teampreview\n|inactive|Battle timer is ON: inactive players will automatically lose when time's up. (requested by WillroBalance)\n|c|\u2606TrapMasterSei|sorry\n|c|\u2606WillroBalance|it\u2019s oo\n|c|\u2606WillroBalance|ok\n|\n|t:|1700145277\n|start\n|switch|p1a: Groudon|Groudon|100\/100\n|switch|p2a: Groudon|Groudon|100\/100\n|detailschange|p2a: Groudon|Groudon-Primal\n|-primal|p2a: Groudon|Red Orb\n|-weather|DesolateLand|[from] ability: Desolate Land|[of] p2a: Groudon\n|detailschange|p1a: Groudon|Groudon-Primal\n|-primal|p1a: Groudon|Red Orb\n|turn|1\n|\n|t:|1700145287\n|move|p2a: Groudon|Rock Tomb|p1a: Groudon\n|-damage|p1a: Groudon|88\/100\n|-unboost|p1a: Groudon|spe|1\n|move|p1a: Groudon|Precipice Blades|p2a: Groudon\n|-supereffective|p2a: Groudon\n|-damage|p2a: Groudon|28\/100\n|\n|-weather|DesolateLand|[upkeep]\n|upkeep\n|turn|2\n|\n|t:|1700145296\n|move|p2a: Groudon|Precipice Blades|p1a: Groudon\n|-supereffective|p1a: Groudon\n|-damage|p1a: Groudon|15\/100\n|move|p1a: Groudon|Precipice Blades|p2a: Groudon\n|-supereffective|p2a: Groudon\n|-damage|p2a: Groudon|0 fnt\n|faint|p2a: Groudon\n|\n|-weather|DesolateLand|[upkeep]\n|upkeep\n|\n|t:|1700145313\n|switch|p2a: Arceus|Arceus-Dark|100\/100\n|turn|3\n|\n|t:|1700145328\n|-weather|none\n|switch|p1a: Necrozma|Necrozma-Dusk-Mane|100\/100\n|move|p2a: Arceus|Foul Play|p1a: Necrozma\n|-supereffective|p1a: Necrozma\n|-damage|p1a: Necrozma|45\/100\n|\n|-heal|p1a: Necrozma|51\/100|[from] item: Leftovers\n|upkeep\n|turn|4\n|\n|t:|1700145332\n|switch|p1a: Ho-Oh|Ho-Oh|100\/100\n|move|p2a: Arceus|Toxic|p1a: Ho-Oh\n|-status|p1a: Ho-Oh|tox\n|\n|-damage|p1a: Ho-Oh|94\/100 tox|[from] psn\n|upkeep\n|turn|5\n|j| mystigen\n|c|\u2606WillroBalance|that\u2019s crazy\n|\n|t:|1700145343\n|move|p2a: Arceus|Taunt|p1a: Ho-Oh\n|-start|p1a: Ho-Oh|move: Taunt\n|cant|p1a: Ho-Oh|move: Taunt|Toxic\n|\n|-damage|p1a: Ho-Oh|82\/100 tox|[from] psn\n|upkeep\n|turn|6\n|\n|t:|1700145348\n|switch|p1a: Arceus|Arceus-Dark|100\/100\n|move|p2a: Arceus|Foul Play|p1a: Arceus\n|-resisted|p1a: Arceus\n|-damage|p1a: Arceus|89\/100\n|\n|upkeep\n|turn|7\n|c|\u2606TrapMasterSei|?\n|\n|t:|1700145356\n|move|p2a: Arceus|Toxic|p1a: Arceus\n|-status|p1a: Arceus|tox\n|move|p1a: Arceus|Toxic|p2a: Arceus\n|-status|p2a: Arceus|tox\n|\n|-damage|p2a: Arceus|94\/100 tox|[from] psn\n|-damage|p1a: Arceus|82\/100 tox|[from] psn\n|upkeep\n|turn|8\n|\n|t:|1700145369\n|move|p2a: Arceus|Foul Play|p1a: Arceus\n|-resisted|p1a: Arceus\n|-damage|p1a: Arceus|72\/100 tox\n|move|p1a: Arceus|Taunt|p2a: Arceus\n|-start|p2a: Arceus|move: Taunt\n|\n|-damage|p2a: Arceus|82\/100 tox|[from] psn\n|-damage|p1a: Arceus|60\/100 tox|[from] psn\n|upkeep\n|turn|9\n|\n|t:|1700145379\n|move|p2a: Arceus|Foul Play|p1a: Arceus\n|-resisted|p1a: Arceus\n|-damage|p1a: Arceus|49\/100 tox\n|move|p1a: Arceus|Recover|p1a: Arceus\n|-heal|p1a: Arceus|99\/100 tox\n|\n|-damage|p2a: Arceus|64\/100 tox|[from] psn\n|-damage|p1a: Arceus|81\/100 tox|[from] psn\n|upkeep\n|turn|10\n|\n|t:|1700145382\n|switch|p1a: Eternatus|Eternatus|100\/100\n|-ability|p1a: Eternatus|Pressure\n|move|p2a: Arceus|Foul Play|p1a: Eternatus\n|-damage|p1a: Eternatus|73\/100\n|\n|-damage|p2a: Arceus|40\/100 tox|[from] psn\n|upkeep\n|turn|11\n|\n|t:|1700145393\n|switch|p2a: Necrozma|Necrozma-Dusk-Mane|100\/100\n|move|p1a: Eternatus|Dynamax Cannon|p2a: Necrozma\n|-resisted|p2a: Necrozma\n|-damage|p2a: Necrozma|82\/100\n|\n|upkeep\n|turn|12\n|\n|t:|1700145398\n|-zpower|p1a: Eternatus\n|move|p1a: Eternatus|Inferno Overdrive|p2a: Necrozma|[zeffect]\n|-supereffective|p2a: Necrozma\n|-damage|p2a: Necrozma|7\/100\n|move|p2a: Necrozma|Sunsteel Strike|p1a: Eternatus\n|-damage|p1a: Eternatus|28\/100\n|\n|upkeep\n|turn|13\n|\n|t:|1700145413\n|move|p1a: Eternatus|Recover|p1a: Eternatus\n|-heal|p1a: Eternatus|78\/100\n|move|p2a: Necrozma|Sunsteel Strike|p1a: Eternatus\n|-damage|p1a: Eternatus|36\/100\n|\n|upkeep\n|turn|14\n|\n|t:|1700145424\n|move|p1a: Eternatus|Dynamax Cannon|p2a: Necrozma\n|-resisted|p2a: Necrozma\n|-damage|p2a: Necrozma|0 fnt\n|faint|p2a: Necrozma\n|\n|upkeep\n|\n|t:|1700145434\n|switch|p2a: Ho-Oh|Ho-Oh|100\/100\n|turn|15\n|j| Congelaito\n|\n|t:|1700145449\n|move|p1a: Eternatus|Recover|p1a: Eternatus\n|-heal|p1a: Eternatus|86\/100\n|move|p2a: Ho-Oh|Sacred Fire|p1a: Eternatus\n|-resisted|p1a: Eternatus\n|-damage|p1a: Eternatus|65\/100\n|\n|upkeep\n|turn|16\n|\n|t:|1700145466\n|move|p1a: Eternatus|Dynamax Cannon|p2a: Ho-Oh\n|-damage|p2a: Ho-Oh|72\/100\n|move|p2a: Ho-Oh|Whirlwind|p1a: Eternatus\n|drag|p1a: Ho-Oh|Ho-Oh|100\/100 tox\n|\n|-damage|p1a: Ho-Oh|94\/100 tox|[from] psn\n|upkeep\n|turn|17\n|\n|t:|1700145475\n|move|p2a: Ho-Oh|Defog|p1a: Ho-Oh\n|-unboost|p1a: Ho-Oh|evasion|1\n|move|p1a: Ho-Oh|Toxic|p2a: Ho-Oh\n|-status|p2a: Ho-Oh|tox\n|\n|-damage|p2a: Ho-Oh|66\/100 tox|[from] psn\n|-damage|p1a: Ho-Oh|82\/100 tox|[from] psn\n|upkeep\n|turn|18\n|l|\u2606TrapMasterSei\n|inactive|TrapMasterSei disconnected and has a minute to reconnect!\n|player|p2|\n|j|\u2606TrapMasterSei\n|inactive|TrapMasterSei reconnected and has 120 seconds left.\n|player|p2|TrapMasterSei|170\n|\n|t:|1700145518\n|move|p2a: Ho-Oh|Brave Bird|p1a: Ho-Oh\n|-damage|p1a: Ho-Oh|42\/100 tox\n|-damage|p2a: Ho-Oh|52\/100 tox|[from] Recoil\n|move|p1a: Ho-Oh|Sacred Fire|p2a: Ho-Oh\n|-resisted|p2a: Ho-Oh\n|-damage|p2a: Ho-Oh|33\/100 tox\n|\n|-damage|p2a: Ho-Oh|20\/100 tox|[from] psn\n|-damage|p1a: Ho-Oh|24\/100 tox|[from] psn\n|upkeep\n|turn|19\n|inactive|WillroBalance has 120 seconds left.\n|\n|t:|1700145549\n|switch|p1a: Groudon|Groudon-Primal|15\/100\n|-weather|DesolateLand|[from] ability: Desolate Land|[of] p1a: Groudon\n|move|p2a: Ho-Oh|Whirlwind|p1a: Groudon\n|-weather|none\n|drag|p1a: Eternatus|Eternatus|65\/100\n|-ability|p1a: Eternatus|Pressure\n|\n|-damage|p2a: Ho-Oh|2\/100 tox|[from] psn\n|upkeep\n|turn|20\n|j| cheese miestro\n|\n|t:|1700145558\n|move|p1a: Eternatus|Dynamax Cannon|p2a: Ho-Oh\n|-damage|p2a: Ho-Oh|0 fnt\n|faint|p2a: Ho-Oh\n|\n|upkeep\n|\n|t:|1700145562\n|switch|p2a: Arceus|Arceus-Dark|40\/100 tox\n|turn|21\n|inactive|TrapMasterSei has 120 seconds left.\n|\n|t:|1700145576\n|move|p1a: Eternatus|Dynamax Cannon|p2a: Arceus\n|-damage|p2a: Arceus|6\/100 tox\n|move|p2a: Arceus|Toxic|p1a: Eternatus\n|-immune|p1a: Eternatus\n|\n|-damage|p2a: Arceus|0 fnt|[from] psn\n|faint|p2a: Arceus\n|\n|win|WillroBalance\n|upkeep\n|n|\u2606WillroBalance|willrobalance\n|n| mystigen|mystigen\n|n| Congelaito|congelaito\n|n|\u2606TrapMasterSei|trapmastersei\n|n| cheese miestro|cheesemiestro\n|c|\u2606WillroBalance|gg\n|c|\u2606TrapMasterSei|gg\n|l| cheese miestro\n|l|\u2606WillroBalance\n","uploadtime":1700145594,"views":8,"p1id":"willrobalance","p2id":"trapmastersei","formatid":"gen9nationaldexubers","rating":0,"private":0,"password":""}