{"id":"gen9nationaldexubers-1990896822","p1":"PumpCatOwO","p2":"time tematico","format":"[Gen 9] National Dex Ubers","log":"|j|\u2606PumpCatOwO\n|j|\u2606time tematico\n|t:|1700012604\n|gametype|singles\n|player|p1|PumpCatOwO|iris-gen5bw2|1227\n|player|p2|time tematico|169|1052\n|teamsize|p1|6\n|teamsize|p2|6\n|gen|9\n|tier|[Gen 9] National Dex Ubers\n|rated|\n|rule|HP Percentage Mod: HP is shown in percentages\n|rule|Endless Battle Clause: Forcing endless battles is banned\n|rule|OHKO Clause: OHKO moves are banned\n|rule|Evasion Moves Clause: Evasion moves are banned\n|rule|Evasion Items Clause: Evasion items are banned\n|rule|Species Clause: Limit one of each Pok\u00e9mon\n|rule|Sleep Clause Mod: Limit one foe put to sleep\n|rule|Mega Rayquaza Clause: You cannot mega evolve Rayquaza\n|clearpoke\n|poke|p1|Grimmsnarl, M|\n|poke|p1|Groudon|\n|poke|p1|Necrozma-Dusk-Mane|\n|poke|p1|Xerneas-*|\n|poke|p1|Arceus-Ground|\n|poke|p1|Mewtwo|\n|poke|p2|Charizard, M|\n|poke|p2|Greninja-*, M|\n|poke|p2|Serperior, M|\n|poke|p2|Chansey, F|\n|poke|p2|Electivire, M|\n|poke|p2|Alakazam, M|\n|teampreview\n|\n|t:|1700012620\n|start\n|switch|p1a: Grimmsnarl|Grimmsnarl, M, shiny|100\/100\n|switch|p2a: Electivire|Electivire, M|100\/100\n|turn|1\n|\n|t:|1700012632\n|switch|p2a: Serperior|Serperior, M|100\/100\n|move|p1a: Grimmsnarl|Light Screen|p1a: Grimmsnarl\n|-sidestart|p1: PumpCatOwO|move: Light Screen\n|\n|upkeep\n|turn|2\n|\n|t:|1700012638\n|move|p1a: Grimmsnarl|Reflect|p1a: Grimmsnarl\n|-sidestart|p1: PumpCatOwO|Reflect\n|move|p2a: Serperior|Leaf Storm|p1a: Grimmsnarl\n|-damage|p1a: Grimmsnarl|73\/100\n|-boost|p2a: Serperior|spa|2\n|\n|upkeep\n|turn|3\n|\n|t:|1700012645\n|move|p1a: Grimmsnarl|Parting Shot|p2a: Serperior\n|-boost|p2a: Serperior|atk|1\n|-boost|p2a: Serperior|spa|1\n|\n|t:|1700012653\n|switch|p1a: Xerneas|Xerneas, shiny|100\/100|[from] Parting Shot\n|-ability|p1a: Xerneas|Fairy Aura\n|move|p2a: Serperior|Defog|p1a: Xerneas\n|-unboost|p1a: Xerneas|evasion|1\n|-sideend|p1: PumpCatOwO|Reflect\n|-sideend|p1: PumpCatOwO|move: Light Screen\n|\n|upkeep\n|turn|4\n|\n|t:|1700012662\n|move|p2a: Serperior|Leaf Storm|p1a: Xerneas\n|-damage|p1a: Xerneas|0 fnt\n|-boost|p2a: Serperior|spa|2\n|faint|p1a: Xerneas\n|\n|upkeep\n|\n|t:|1700012682\n|switch|p1a: Mewtwo|Mewtwo|100\/100\n|-ability|p1a: Mewtwo|Pressure\n|turn|5\n|\n|t:|1700012697\n|detailschange|p1a: Mewtwo|Mewtwo-Mega-Y\n|-mega|p1a: Mewtwo|Mewtwo|Mewtwonite Y\n|move|p1a: Mewtwo|Psystrike|p2a: Serperior\n|-damage|p2a: Serperior|21\/100\n|move|p2a: Serperior|Defog|p1a: Mewtwo\n|-unboost|p1a: Mewtwo|evasion|1\n|\n|upkeep\n|turn|6\n|\n|t:|1700012714\n|switch|p2a: Chansey|Chansey, F|100\/100\n|move|p1a: Mewtwo|Psystrike|p2a: Chansey\n|-damage|p2a: Chansey|58\/100\n|\n|upkeep\n|turn|7\n|\n|t:|1700012723\n|move|p1a: Mewtwo|Calm Mind|p1a: Mewtwo\n|-boost|p1a: Mewtwo|spa|1\n|-boost|p1a: Mewtwo|spd|1\n|move|p2a: Chansey|Seismic Toss|p1a: Mewtwo\n|-damage|p1a: Mewtwo|72\/100\n|\n|upkeep\n|turn|8\n|\n|t:|1700012730\n|move|p1a: Mewtwo|Calm Mind|p1a: Mewtwo\n|-boost|p1a: Mewtwo|spa|1\n|-boost|p1a: Mewtwo|spd|1\n|move|p2a: Chansey|Toxic|p1a: Mewtwo\n|-status|p1a: Mewtwo|tox\n|\n|-damage|p1a: Mewtwo|66\/100 tox|[from] psn\n|upkeep\n|turn|9\n|\n|t:|1700012739\n|move|p1a: Mewtwo|Psystrike|p2a: Chansey\n|-damage|p2a: Chansey|0 fnt\n|faint|p2a: Chansey\n|\n|-damage|p1a: Mewtwo|53\/100 tox|[from] psn\n|upkeep\n|\n|t:|1700012746\n|switch|p2a: Greninja|Greninja, M|100\/100\n|turn|10\n|\n|t:|1700012751\n|move|p1a: Mewtwo|Ice Beam|p2a: Greninja\n|-resisted|p2a: Greninja\n|-damage|p2a: Greninja|32\/100\n|move|p2a: Greninja|Dark Pulse|p1a: Mewtwo\n|-supereffective|p1a: Mewtwo\n|-damage|p1a: Mewtwo|21\/100 tox\n|\n|-damage|p1a: Mewtwo|2\/100 tox|[from] psn\n|upkeep\n|turn|11\n|\n|t:|1700012761\n|move|p2a: Greninja|Water Shuriken|p1a: Mewtwo\n|-damage|p1a: Mewtwo|0 fnt\n|faint|p1a: Mewtwo\n|-ability|p2a: Greninja|Battle Bond|boost\n|-boost|p2a: Greninja|atk|1\n|-boost|p2a: Greninja|spa|1\n|-boost|p2a: Greninja|spe|1\n|-activate|p2a: Greninja|ability: Battle Bond\n|-hitcount|p1: Mewtwo|1\n|\n|upkeep\n|\n|t:|1700012765\n|switch|p1a: Grimmsnarl|Grimmsnarl, M, shiny|73\/100\n|turn|12\n|\n|t:|1700012775\n|move|p1a: Grimmsnarl|Light Screen|p1a: Grimmsnarl\n|-sidestart|p1: PumpCatOwO|move: Light Screen\n|move|p2a: Greninja|Surf|p1a: Grimmsnarl\n|-damage|p1a: Grimmsnarl|35\/100\n|\n|upkeep\n|turn|13\n|\n|t:|1700012782\n|move|p1a: Grimmsnarl|Parting Shot|p2a: Greninja\n|-hint|Since gen 7, Dark is immune to Prankster moves.\n|-immune|p2a: Greninja\n|move|p2a: Greninja|Surf|p1a: Grimmsnarl\n|-damage|p1a: Grimmsnarl|0 fnt\n|faint|p1a: Grimmsnarl\n|\n|upkeep\n|\n|t:|1700012789\n|switch|p1a: Necrozma|Necrozma-Dusk-Mane|100\/100\n|turn|14\n|\n|t:|1700012793\n|move|p2a: Greninja|Dark Pulse|p1a: Necrozma\n|-supereffective|p1a: Necrozma\n|-damage|p1a: Necrozma|60\/100\n|-enditem|p1a: Necrozma|Weakness Policy\n|-boost|p1a: Necrozma|atk|2|[from] item: Weakness Policy\n|-boost|p1a: Necrozma|spa|2|[from] item: Weakness Policy\n|move|p1a: Necrozma|Photon Geyser|p2a: Greninja\n|-immune|p2a: Greninja\n|\n|upkeep\n|turn|15\n|\n|t:|1700012804\n|move|p2a: Greninja|Dark Pulse|p1a: Necrozma\n|-supereffective|p1a: Necrozma\n|-crit|p1a: Necrozma\n|-damage|p1a: Necrozma|0 fnt\n|faint|p1a: Necrozma\n|\n|upkeep\n|\n|t:|1700012810\n|switch|p1a: Arceus|Arceus-Ground|100\/100\n|turn|16\n|\n|t:|1700012817\n|move|p2a: Greninja|Water Shuriken|p1a: Arceus\n|-supereffective|p1a: Arceus\n|-damage|p1a: Arceus|93\/100\n|-supereffective|p1a: Arceus\n|-damage|p1a: Arceus|84\/100\n|-hitcount|p1a: Arceus|2\n|move|p1a: Arceus|Judgment|p2a: Greninja\n|-damage|p2a: Greninja|0 fnt\n|faint|p2a: Greninja\n|\n|upkeep\n|\n|t:|1700012833\n|switch|p2a: Serperior|Serperior, M|21\/100\n|turn|17\n|\n|t:|1700012838\n|move|p1a: Arceus|Power Gem|p2a: Serperior\n|-crit|p2a: Serperior\n|-damage|p2a: Serperior|0 fnt\n|faint|p2a: Serperior\n|\n|upkeep\n|\n|t:|1700012845\n|switch|p2a: Charizard|Charizard, M|100\/100\n|turn|18\n|\n|t:|1700012859\n|-terastallize|p2a: Charizard|Flying\n|move|p1a: Arceus|Power Gem|p2a: Charizard\n|-supereffective|p2a: Charizard\n|-damage|p2a: Charizard|29\/100\n|move|p2a: Charizard|Dragon Dance|p2a: Charizard\n|-boost|p2a: Charizard|atk|1\n|-boost|p2a: Charizard|spe|1\n|\n|upkeep\n|turn|19\n|\n|t:|1700012869\n|move|p2a: Charizard|Roost|p2a: Charizard\n|-heal|p2a: Charizard|79\/100\n|-hint|If a Flying Terastallized Pokemon uses Roost, it remains Flying-type.\n|move|p1a: Arceus|Power Gem|p2a: Charizard\n|-supereffective|p2a: Charizard\n|-damage|p2a: Charizard|6\/100\n|\n|-sideend|p1: PumpCatOwO|move: Light Screen\n|upkeep\n|turn|20\n|\n|t:|1700012881\n|move|p2a: Charizard|Flare Blitz|p1a: Arceus\n|-damage|p1a: Arceus|7\/100\n|-damage|p2a: Charizard|0 fnt|[from] Recoil\n|faint|p2a: Charizard\n|move|p1a: Arceus|Power Gem|p2: Charizard|[notarget]\n|-fail|p1a: Arceus\n|\n|upkeep\n|\n|t:|1700012891\n|switch|p2a: Alakazam|Alakazam, M|100\/100\n|turn|21\n|\n|t:|1700012896\n|detailschange|p2a: Alakazam|Alakazam-Mega, M\n|-mega|p2a: Alakazam|Alakazam|Alakazite\n|move|p2a: Alakazam|Psychic|p1a: Arceus\n|-damage|p1a: Arceus|0 fnt\n|faint|p1a: Arceus\n|\n|upkeep\n|\n|t:|1700012898\n|switch|p1a: Groudon|Groudon|100\/100\n|-weather|SunnyDay|[from] ability: Drought|[of] p2a: Alakazam\n|-ability|p2a: Alakazam|Drought|[from] ability: Trace|[of] p1a: Groudon\n|detailschange|p1a: Groudon|Groudon-Primal\n|-primal|p1a: Groudon|Red Orb\n|-weather|DesolateLand|[from] ability: Desolate Land|[of] p1a: Groudon\n|turn|22\n|\n|t:|1700012909\n|move|p2a: Alakazam|Psychic|p1a: Groudon\n|-damage|p1a: Groudon|40\/100\n|move|p1a: Groudon|Precipice Blades|p2a: Alakazam\n|-damage|p2a: Alakazam|0 fnt\n|faint|p2a: Alakazam\n|\n|-weather|DesolateLand|[upkeep]\n|upkeep\n|\n|t:|1700012916\n|switch|p2a: Electivire|Electivire, M|100\/100\n|turn|23\n|\n|t:|1700012920\n|move|p2a: Electivire|Earthquake|p1a: Groudon\n|-supereffective|p1a: Groudon\n|-damage|p1a: Groudon|0 fnt\n|faint|p1a: Groudon\n|-weather|none\n|\n|win|time tematico\n|raw|PumpCatOwO's rating: 1227 &rarr; <strong>1190<\/strong><br \/>(-37 for losing)\n|raw|time tematico's rating: 1052 &rarr; <strong>1099<\/strong><br \/>(+47 for winning)\n|l|\u2606PumpCatOwO\n","uploadtime":1700012931,"views":19,"p1id":"pumpcatowo","p2id":"timetematico","formatid":"gen9nationaldexubers","rating":1099,"private":0,"password":""}