{"id":"gen9nationaldexubers-1983461353","p1":"Jofrome","p2":"SainoEnjou32","format":"[Gen 9] National Dex Ubers","log":"|j|\u2606Jofrome\n|j|\u2606SainoEnjou32\n|t:|1699132596\n|gametype|singles\n|player|p1|Jofrome|170|\n|player|p2|SainoEnjou32|gambler|\n|teamsize|p1|6\n|teamsize|p2|6\n|gen|9\n|tier|[Gen 9] National Dex Ubers\n|rule|HP Percentage Mod: HP is shown in percentages\n|rule|Endless Battle Clause: Forcing endless battles is banned\n|rule|OHKO Clause: OHKO moves are banned\n|rule|Evasion Moves Clause: Evasion moves are banned\n|rule|Evasion Items Clause: Evasion items are banned\n|rule|Species Clause: Limit one of each Pok\u00e9mon\n|rule|Sleep Clause Mod: Limit one foe put to sleep\n|rule|Mega Rayquaza Clause: You cannot mega evolve Rayquaza\n|clearpoke\n|poke|p1|Garchomp, M|\n|poke|p1|Weavile, F|\n|poke|p1|Azumarill, M|\n|poke|p1|Gastrodon-East, M|\n|poke|p1|Mismagius, F|\n|poke|p1|Electivire, F|\n|poke|p2|Metagross|\n|poke|p2|Charizard, M|\n|poke|p2|Primeape, M|\n|poke|p2|Snorlax, M|\n|poke|p2|Cloyster, M|\n|poke|p2|Umbreon, F|\n|teampreview\n|c|\u2606Jofrome|glhf\n|c|\u2606SainoEnjou32|glhhf\n|c|\u2606Jofrome|heckin fun\n|\n|t:|1699132619\n|start\n|switch|p1a: Mismagius|Mismagius, F, shiny|100\/100\n|switch|p2a: Charizard|Charizard, M|100\/100\n|turn|1\n|\n|t:|1699132632\n|move|p2a: Charizard|Flamethrower|p1a: Mismagius\n|-damage|p1a: Mismagius|46\/100\n|move|p1a: Mismagius|Shadow Ball|p2a: Charizard\n|-damage|p2a: Charizard|26\/100\n|\n|upkeep\n|turn|2\n|\n|t:|1699132645\n|switch|p1a: Gastrodon|Gastrodon-East, M, shiny|100\/100\n|move|p2a: Charizard|Flamethrower|p1a: Gastrodon\n|-resisted|p1a: Gastrodon\n|-damage|p1a: Gastrodon|68\/100\n|-status|p1a: Gastrodon|brn\n|\n|-heal|p1a: Gastrodon|74\/100 brn|[from] item: Leftovers\n|-damage|p1a: Gastrodon|68\/100 brn|[from] brn\n|upkeep\n|turn|3\n|c|\u2606Jofrome|big 10% burn\n|\n|t:|1699132680\n|switch|p2a: Primeape|Primeape, M|100\/100\n|move|p1a: Gastrodon|Yawn|p2a: Primeape\n|-start|p2a: Primeape|move: Yawn|[of] p1a: Gastrodon\n|\n|-heal|p1a: Gastrodon|74\/100 brn|[from] item: Leftovers\n|-damage|p1a: Gastrodon|68\/100 brn|[from] brn\n|upkeep\n|turn|4\n|\n|t:|1699132703\n|switch|p2a: Cloyster|Cloyster, M|100\/100\n|move|p1a: Gastrodon|Stealth Rock|p2a: Cloyster\n|-sidestart|p2: SainoEnjou32|move: Stealth Rock\n|\n|-heal|p1a: Gastrodon|74\/100 brn|[from] item: Leftovers\n|-damage|p1a: Gastrodon|68\/100 brn|[from] brn\n|upkeep\n|turn|5\n|\n|t:|1699132718\n|move|p2a: Cloyster|Shell Smash|p2a: Cloyster\n|-unboost|p2a: Cloyster|def|1\n|-unboost|p2a: Cloyster|spd|1\n|-boost|p2a: Cloyster|atk|2\n|-boost|p2a: Cloyster|spa|2\n|-boost|p2a: Cloyster|spe|2\n|-enditem|p2a: Cloyster|White Herb\n|-clearnegativeboost|p2a: Cloyster|[silent]\n|move|p1a: Gastrodon|Yawn|p2a: Cloyster\n|-start|p2a: Cloyster|move: Yawn|[of] p1a: Gastrodon\n|\n|-heal|p1a: Gastrodon|74\/100 brn|[from] item: Leftovers\n|-damage|p1a: Gastrodon|68\/100 brn|[from] brn\n|upkeep\n|turn|6\n|\n|t:|1699132736\n|move|p2a: Cloyster|Icicle Spear|p1a: Gastrodon\n|-damage|p1a: Gastrodon|51\/100 brn\n|-damage|p1a: Gastrodon|33\/100 brn\n|-damage|p1a: Gastrodon|15\/100 brn\n|-damage|p1a: Gastrodon|0 fnt\n|faint|p1a: Gastrodon\n|-hitcount|p1: Gastrodon|4\n|\n|-end|p2a: Cloyster|move: Yawn|[silent]\n|-status|p2a: Cloyster|slp\n|upkeep\n|\n|t:|1699132760\n|switch|p1a: Garchomp|Garchomp, M, shiny|100\/100\n|turn|7\n|\n|t:|1699132819\n|cant|p2a: Cloyster|slp\n|move|p1a: Garchomp|Scale Shot|p2a: Cloyster\n|-damage|p2a: Cloyster|88\/100 slp\n|-damage|p2a: Cloyster|75\/100 slp\n|-damage|p2a: Cloyster|64\/100 slp\n|-damage|p2a: Cloyster|52\/100 slp\n|-damage|p2a: Cloyster|40\/100 slp\n|-hitcount|p2a: Cloyster|5\n|-unboost|p1a: Garchomp|def|1\n|-boost|p1a: Garchomp|spe|1\n|\n|upkeep\n|turn|8\n|\n|t:|1699132854\n|cant|p2a: Cloyster|slp\n|move|p1a: Garchomp|Earthquake|p2a: Cloyster\n|-crit|p2a: Cloyster\n|-damage|p2a: Cloyster|0 fnt\n|faint|p2a: Cloyster\n|\n|upkeep\n|\n|t:|1699132867\n|switch|p2a: Metagross|Metagross|100\/100\n|-damage|p2a: Metagross|95\/100|[from] Stealth Rock\n|turn|9\n|\n|t:|1699132872\n|move|p1a: Garchomp|Substitute|p1a: Garchomp\n|-start|p1a: Garchomp|Substitute\n|-damage|p1a: Garchomp|76\/100\n|move|p2a: Metagross|Ice Punch|p1a: Garchomp\n|-supereffective|p1a: Garchomp\n|-end|p1a: Garchomp|Substitute\n|\n|upkeep\n|turn|10\n|\n|t:|1699132897\n|move|p1a: Garchomp|Earthquake|p2a: Metagross\n|-supereffective|p2a: Metagross\n|-damage|p2a: Metagross|0 fnt\n|faint|p2a: Metagross\n|\n|upkeep\n|\n|t:|1699132909\n|switch|p2a: Charizard|Charizard, M|26\/100\n|-damage|p2a: Charizard|0 fnt|[from] Stealth Rock\n|faint|p2a: Charizard\n|\n|t:|1699132923\n|switch|p2a: Umbreon|Umbreon, F, shiny|100\/100\n|-damage|p2a: Umbreon|88\/100|[from] Stealth Rock\n|turn|11\n|\n|t:|1699132929\n|move|p1a: Garchomp|Substitute|p1a: Garchomp\n|-start|p1a: Garchomp|Substitute\n|-damage|p1a: Garchomp|51\/100\n|move|p2a: Umbreon|Toxic||[still]\n|-fail|p2a: Umbreon\n|\n|upkeep\n|turn|12\n|\n|t:|1699132937\n|switch|p2a: Primeape|Primeape, M|100\/100\n|-damage|p2a: Primeape|95\/100|[from] Stealth Rock\n|move|p1a: Garchomp|Swords Dance|p1a: Garchomp\n|-boost|p1a: Garchomp|atk|2\n|\n|upkeep\n|turn|13\n|\n|t:|1699132944\n|move|p1a: Garchomp|Earthquake|p2a: Primeape\n|-damage|p2a: Primeape|0 fnt\n|faint|p2a: Primeape\n|\n|upkeep\n|\n|t:|1699132948\n|switch|p2a: Snorlax|Snorlax, M|100\/100\n|-damage|p2a: Snorlax|88\/100|[from] Stealth Rock\n|turn|14\n|c|\u2606SainoEnjou32|gg\n|\n|t:|1699132954\n|move|p1a: Garchomp|Earthquake|p2a: Snorlax\n|-damage|p2a: Snorlax|0 fnt\n|faint|p2a: Snorlax\n|\n|upkeep\n|c|\u2606Jofrome|gg\n|\n|t:|1699132959\n|switch|p2a: Umbreon|Umbreon, F, shiny|88\/100\n|-damage|p2a: Umbreon|76\/100|[from] Stealth Rock\n|turn|15\n|\n|t:|1699132963\n|move|p2a: Umbreon|Protect|p2a: Umbreon\n|-singleturn|p2a: Umbreon|Protect\n|move|p1a: Garchomp|Earthquake|p2a: Umbreon\n|-activate|p2a: Umbreon|move: Protect\n|\n|upkeep\n|turn|16\n|\n|t:|1699132970\n|move|p1a: Garchomp|Earthquake|p2a: Umbreon\n|-damage|p2a: Umbreon|0 fnt\n|faint|p2a: Umbreon\n|\n|win|Jofrome\n","uploadtime":1699132975,"views":13,"p1id":"jofrome","p2id":"sainoenjou32","formatid":"gen9nationaldexubers","rating":0,"private":0,"password":""}