{"id":"gen9nationaldexubers-1978952306","p1":"CrossedMoon","p2":"musekek","format":"[Gen 9] National Dex Ubers","log":"|j|\u2606CrossedMoon\n|j|\u2606musekek\n|t:|1698613946\n|gametype|singles\n|player|p1|CrossedMoon|byron|\n|player|p2|musekek|iris-gen5bw2|\n|teamsize|p1|6\n|teamsize|p2|6\n|gen|9\n|tier|[Gen 9] National Dex Ubers\n|rule|HP Percentage Mod: HP is shown in percentages\n|rule|Endless Battle Clause: Forcing endless battles is banned\n|rule|OHKO Clause: OHKO moves are banned\n|rule|Evasion Moves Clause: Evasion moves are banned\n|rule|Evasion Items Clause: Evasion items are banned\n|rule|Species Clause: Limit one of each Pok\u00e9mon\n|rule|Sleep Clause Mod: Limit one foe put to sleep\n|rule|Mega Rayquaza Clause: You cannot mega evolve Rayquaza\n|clearpoke\n|poke|p1|Zapdos|\n|poke|p1|Landorus, M|\n|poke|p1|Torterra, M|\n|poke|p1|Gardevoir, F|\n|poke|p1|Volcanion|\n|poke|p1|Chansey, F|\n|poke|p2|Lurantis, F|\n|poke|p2|Great Tusk|\n|poke|p2|Dragapult, F|\n|poke|p2|Corviknight, M|\n|poke|p2|Victini|\n|poke|p2|Swampert, F|\n|teampreview\n|j| LORD AXEON\n|j| PiperRat\n|j| biden brane\n|\n|t:|1698613990\n|start\n|switch|p1a: Zapdos|Zapdos|100\/100\n|switch|p2a: Lurantis|Lurantis, F|100\/100\n|turn|1\n|\n|t:|1698613996\n|move|p1a: Zapdos|Tailwind|p1a: Zapdos\n|-sidestart|p1: CrossedMoon|move: Tailwind\n|move|p2a: Lurantis|Sunny Day|p2a: Lurantis\n|-weather|SunnyDay\n|\n|-weather|SunnyDay|[upkeep]\n|upkeep\n|turn|2\n|\n|t:|1698614018\n|move|p1a: Zapdos|Volt Switch|p2a: Lurantis\n|-resisted|p2a: Lurantis\n|-damage|p2a: Lurantis|90\/100\n|-enditem|p2a: Lurantis|Eject Button\n|\n|t:|1698614024\n|switch|p2a: win con|Great Tusk|100\/100\n|-activate|p2a: win con|ability: Protosynthesis\n|-start|p2a: win con|protosynthesisatk\n|\n|-weather|SunnyDay|[upkeep]\n|upkeep\n|turn|3\n|\n|t:|1698614042\n|switch|p1a: Gardevoir|Gardevoir, F|100\/100\n|move|p2a: win con|Stealth Rock|p1a: Gardevoir\n|-sidestart|p1: CrossedMoon|move: Stealth Rock\n|\n|-weather|SunnyDay|[upkeep]\n|upkeep\n|turn|4\n|j| Wikit\n|\n|t:|1698614076\n|-end|p2a: win con|Protosynthesis|[silent]\n|switch|p2a: Swampert|Swampert, F|100\/100\n|detailschange|p1a: Gardevoir|Gardevoir-Mega, F\n|-mega|p1a: Gardevoir|Gardevoir|Gardevoirite\n|move|p1a: Gardevoir|Hyper Voice|p2a: Swampert\n|-damage|p2a: Swampert|55\/100\n|\n|-weather|SunnyDay|[upkeep]\n|-heal|p2a: Swampert|61\/100|[from] item: Leftovers\n|-sideend|p1: CrossedMoon|move: Tailwind\n|upkeep\n|turn|5\n|\n|t:|1698614093\n|move|p1a: Gardevoir|Energy Ball|p2a: Swampert\n|-supereffective|p2a: Swampert\n|-damage|p2a: Swampert|0 fnt\n|faint|p2a: Swampert\n|\n|-weather|none\n|upkeep\n|\n|t:|1698614110\n|switch|p2a: Dragapult|Dragapult, F|100\/100\n|turn|6\n|\n|t:|1698614120\n|move|p2a: Dragapult|Substitute|p2a: Dragapult\n|-start|p2a: Dragapult|Substitute\n|-damage|p2a: Dragapult|76\/100\n|move|p1a: Gardevoir|Hyper Voice|p2a: Dragapult\n|-supereffective|p2a: Dragapult\n|-damage|p2a: Dragapult|0 fnt\n|faint|p2a: Dragapult\n|\n|upkeep\n|c|\u2606CrossedMoon|packed\n|c|\u2606musekek|LMAO??\n|c| biden brane|Sound move\n|\n|t:|1698614136\n|switch|p2a: i press v-create|Victini|100\/100\n|turn|7\n|c| Wikit|muse...\n|c|\u2606CrossedMoon|hyper voice ignores sub\n|c| PiperRat|Moon\n|c|\u2606CrossedMoon|its a sound move\n|c| LORD AXEON|she didn't know...\n|\n|t:|1698614142\n|move|p2a: i press v-create|V-create|p1a: Gardevoir\n|-damage|p1a: Gardevoir|0 fnt\n|-unboost|p2a: i press v-create|spe|1\n|-unboost|p2a: i press v-create|def|1\n|-unboost|p2a: i press v-create|spd|1\n|faint|p1a: Gardevoir\n|\n|upkeep\n|c| PiperRat|Eat shit and live\n|c|\u2606musekek|oh my god\n|\n|t:|1698614150\n|switch|p1a: Zapdos|Zapdos|100\/100\n|turn|8\n|\n|t:|1698614155\n|move|p2a: i press v-create|V-create|p1a: Zapdos\n|-damage|p1a: Zapdos|25\/100\n|-unboost|p2a: i press v-create|spe|1\n|-unboost|p2a: i press v-create|def|1\n|-unboost|p2a: i press v-create|spd|1\n|move|p1a: Zapdos|Defog|p2a: i press v-create\n|-unboost|p2a: i press v-create|evasion|1\n|-sideend|p1: CrossedMoon|Stealth Rock|[from] move: Defog|[of] p1a: Zapdos\n|\n|upkeep\n|turn|9\n|c| Wikit|victini lives up to its name\n|j| Ellinell\n|c| SuzumiSou|she pressed it\n|\n|t:|1698614176\n|move|p2a: i press v-create|V-create|p1a: Zapdos\n|-damage|p1a: Zapdos|0 fnt\n|-unboost|p2a: i press v-create|spe|1\n|-unboost|p2a: i press v-create|def|1\n|-unboost|p2a: i press v-create|spd|1\n|-status|p2a: i press v-create|par|[from] ability: Static|[of] p1a: Zapdos\n|faint|p1a: Zapdos\n|\n|upkeep\n|\n|t:|1698614190\n|switch|p1a: Volcanion|Volcanion|100\/100\n|turn|10\n|c| PiperRat|She pressed v create\n|c| Wikit|i gotta know how slow that zapdos is\n|\n|t:|1698614201\n|switch|p2a: Corviknight|Corviknight, M|100\/100\n|-ability|p2a: Corviknight|Pressure\n|move|p1a: Volcanion|Steam Eruption|p2a: Corviknight\n|-damage|p2a: Corviknight|44\/100\n|\n|-heal|p2a: Corviknight|50\/100|[from] item: Leftovers\n|upkeep\n|turn|11\n|c| SuzumiSou|mods twist her balls\n|\n|t:|1698614222\n|move|p1a: Volcanion|Flamethrower|p2a: Corviknight\n|-supereffective|p2a: Corviknight\n|-damage|p2a: Corviknight|0 fnt\n|faint|p2a: Corviknight\n|\n|upkeep\n|c|\u2606CrossedMoon|whats the info thing on showdown\n|c|\u2606CrossedMoon|like to get info on a move\n|\n|t:|1698614239\n|switch|p2a: i press v-create|Victini|100\/100 par\n|turn|12\n|c| SuzumiSou|slash data\n|\n|t:|1698614261\n|move|p2a: i press v-create|Bolt Strike|p1a: Volcanion\n|-supereffective|p1a: Volcanion\n|-damage|p1a: Volcanion|34\/100\n|move|p1a: Volcanion|Steam Eruption|p2a: i press v-create\n|-supereffective|p2a: i press v-create\n|-damage|p2a: i press v-create|0 fnt\n|faint|p2a: i press v-create\n|\n|upkeep\n|\n|t:|1698614270\n|switch|p2a: Lurantis|Lurantis, F|90\/100\n|turn|13\n|c|\u2606CrossedMoon|bolt this d*ck in your mouth\n|\n|t:|1698614278\n|move|p1a: Volcanion|Flamethrower|p2a: Lurantis\n|-supereffective|p2a: Lurantis\n|-damage|p2a: Lurantis|9\/100\n|move|p2a: Lurantis|Leaf Storm|p1a: Volcanion\n|-damage|p1a: Volcanion|0 fnt\n|-boost|p2a: Lurantis|spa|2\n|faint|p1a: Volcanion\n|\n|upkeep\n|c| SuzumiSou|I did not know it can learn bolt strike\n|\n|t:|1698614290\n|switch|p1a: Landorus|Landorus, M|100\/100\n|turn|14\n|c| Wikit|yo sweep incoming\n|\n|t:|1698614297\n|move|p1a: Landorus|U-turn|p2a: Lurantis\n|-supereffective|p2a: Lurantis\n|-damage|p2a: Lurantis|0 fnt\n|faint|p2a: Lurantis\n|-damage|p1a: Landorus|91\/100|[from] item: Life Orb\n|\n|t:|1698614305\n|switch|p1a: Torterra|Torterra, M|100\/100|[from] U-turn\n|\n|upkeep\n|\n|t:|1698614309\n|switch|p2a: win con|Great Tusk|100\/100\n|turn|15\n|\n|t:|1698614316\n|move|p2a: win con|Close Combat|p1a: Torterra\n|-damage|p1a: Torterra|42\/100\n|-unboost|p2a: win con|def|1\n|-unboost|p2a: win con|spd|1\n|move|p1a: Torterra|Shell Smash|p1a: Torterra\n|-unboost|p1a: Torterra|def|1\n|-unboost|p1a: Torterra|spd|1\n|-boost|p1a: Torterra|atk|2\n|-boost|p1a: Torterra|spa|2\n|-boost|p1a: Torterra|spe|2\n|\n|upkeep\n|turn|16\n|c| PiperRat|Win con\n|\n|t:|1698614327\n|move|p1a: Torterra|Bullet Seed|p2a: win con\n|-supereffective|p2a: win con\n|-damage|p2a: win con|44\/100\n|-supereffective|p2a: win con\n|-damage|p2a: win con|0 fnt\n|faint|p2a: win con\n|-end|p2a: win con|Protosynthesis|[silent]\n|-hitcount|p2: win con|2\n|\n|win|CrossedMoon\n|c| Ellinell|lose con i fear\n|c|\u2606CrossedMoon|the names got lost\n|c| Wikit|wait is this your official game\n|c|\u2606CrossedMoon|i had banger names\n|c| SuzumiSou|shouldve had ice spinner\n|c|\u2606CrossedMoon|yes\n|c|\u2606CrossedMoon|ggs\n|c| Wikit|no ice spinner into ground team sadge\n|l|\u2606CrossedMoon\n|l| biden brane\n|l| PiperRat\n","uploadtime":1698614533,"views":15,"p1id":"crossedmoon","p2id":"musekek","formatid":"gen9nationaldexubers","rating":0,"private":0,"password":""}