{"id":"gen9nationaldexubers-1984876443","p1":"Irfanayan","p2":"Obito 2001","format":"[Gen 9] National Dex Ubers","log":"|j|\u2606Irfanayan\n|j|\u2606Obito 2001\n|t:|1699306711\n|gametype|singles\n|player|p1|Irfanayan|101|1697\n|player|p2|Obito 2001|blue-gen3two|1851\n|teamsize|p1|6\n|teamsize|p2|6\n|gen|9\n|tier|[Gen 9] National Dex Ubers\n|rated|\n|rule|HP Percentage Mod: HP is shown in percentages\n|rule|Endless Battle Clause: Forcing endless battles is banned\n|rule|OHKO Clause: OHKO moves are banned\n|rule|Evasion Moves Clause: Evasion moves are banned\n|rule|Evasion Items Clause: Evasion items are banned\n|rule|Species Clause: Limit one of each Pok\u00e9mon\n|rule|Sleep Clause Mod: Limit one foe put to sleep\n|rule|Mega Rayquaza Clause: You cannot mega evolve Rayquaza\n|clearpoke\n|poke|p1|Groudon|\n|poke|p1|Xerneas-*|\n|poke|p1|Arceus|\n|poke|p1|Necrozma-Dusk-Mane|\n|poke|p1|Zygarde|\n|poke|p1|Lugia|\n|poke|p2|Salamence, F|\n|poke|p2|Kingambit, F|\n|poke|p2|Ditto|\n|poke|p2|Groudon|\n|poke|p2|Necrozma-Dusk-Mane|\n|poke|p2|Arceus-Fairy|\n|teampreview\n|inactive|Battle timer is ON: inactive players will automatically lose when time's up. (requested by Obito 2001)\n|\n|t:|1699306739\n|start\n|switch|p1a: Lugia|Lugia|100\/100\n|switch|p2a: Arceus|Arceus-Fairy|100\/100\n|turn|1\n|\n|t:|1699306747\n|move|p2a: Arceus|Taunt|p1a: Lugia\n|-start|p1a: Lugia|move: Taunt\n|cant|p1a: Lugia|move: Taunt|Toxic\n|\n|upkeep\n|turn|2\n|j| 85792195wwww\n|\n|t:|1699306760\n|switch|p1a: Groudon|Groudon|100\/100\n|detailschange|p1a: Groudon|Groudon-Primal\n|-primal|p1a: Groudon|Red Orb\n|-weather|DesolateLand|[from] ability: Desolate Land|[of] p1a: Groudon\n|move|p2a: Arceus|Toxic|p1a: Groudon|[miss]\n|-miss|p2a: Arceus|p1a: Groudon\n|\n|-weather|DesolateLand|[upkeep]\n|upkeep\n|turn|3\n|\n|t:|1699306771\n|move|p2a: Arceus|Toxic|p1a: Groudon\n|-status|p1a: Groudon|tox\n|move|p1a: Groudon|Swords Dance|p1a: Groudon\n|-boost|p1a: Groudon|atk|2\n|\n|-weather|DesolateLand|[upkeep]\n|-damage|p1a: Groudon|94\/100 tox|[from] psn\n|upkeep\n|turn|4\n|\n|t:|1699306780\n|switch|p2a: Salamence|Salamence, F|100\/100\n|-ability|p2a: Salamence|Intimidate|boost\n|-unboost|p1a: Groudon|atk|1\n|move|p1a: Groudon|Fire Punch|p2a: Salamence\n|-resisted|p2a: Salamence\n|-damage|p2a: Salamence|18\/100\n|\n|-weather|DesolateLand|[upkeep]\n|-damage|p1a: Groudon|82\/100 tox|[from] psn\n|upkeep\n|turn|5\n|\n|t:|1699306802\n|detailschange|p2a: Salamence|Salamence-Mega, F\n|-mega|p2a: Salamence|Salamence|Salamencite\n|move|p2a: Salamence|Frustration|p1a: Groudon\n|-damage|p1a: Groudon|42\/100 tox\n|move|p1a: Groudon|Fire Punch|p2a: Salamence\n|-resisted|p2a: Salamence\n|-damage|p2a: Salamence|0 fnt\n|faint|p2a: Salamence\n|\n|-weather|DesolateLand|[upkeep]\n|-damage|p1a: Groudon|24\/100 tox|[from] psn\n|upkeep\n|\n|t:|1699306813\n|switch|p2a: Ditto|Ditto, shiny|100\/100\n|-transform|p2a: Ditto|p1a: Groudon|[from] ability: Imposter\n|turn|6\n|\n|t:|1699306818\n|move|p2a: Ditto|Fire Punch|p1a: Groudon\n|-resisted|p1a: Groudon\n|-damage|p1a: Groudon|0 fnt\n|faint|p1a: Groudon\n|\n|-weather|DesolateLand|[upkeep]\n|upkeep\n|\n|t:|1699306831\n|switch|p1a: Necrozma|Necrozma-Dusk-Mane|100\/100\n|turn|7\n|\n|t:|1699306840\n|detailschange|p1a: Necrozma|Necrozma-Ultra\n|-burst|p1a: Necrozma|Necrozma|Ultranecrozium Z\n|move|p1a: Necrozma|Earth Power|p2a: Ditto\n|-supereffective|p2a: Ditto\n|-damage|p2a: Ditto|0 fnt\n|faint|p2a: Ditto\n|-weather|none\n|\n|upkeep\n|\n|t:|1699306847\n|switch|p2a: Arceus|Arceus-Fairy|100\/100\n|turn|8\n|j| hackmonsforever\n|\n|t:|1699306861\n|move|p1a: Necrozma|Dragon Pulse|p2a: Arceus\n|-immune|p2a: Arceus\n|move|p2a: Arceus|Judgment|p1a: Necrozma\n|-supereffective|p1a: Necrozma\n|-damage|p1a: Necrozma|0 fnt\n|faint|p1a: Necrozma\n|\n|upkeep\n|l| hackmonsforever\n|\n|t:|1699306872\n|switch|p1a: Lugia|Lugia|100\/100\n|turn|9\n|\n|t:|1699306884\n|-terastallize|p1a: Lugia|Poison\n|move|p2a: Arceus|Taunt|p1a: Lugia\n|-start|p1a: Lugia|move: Taunt\n|cant|p1a: Lugia|move: Taunt|Toxic\n|\n|upkeep\n|turn|10\n|\n|t:|1699306892\n|switch|p2a: Groudon|Groudon|100\/100\n|detailschange|p2a: Groudon|Groudon-Primal\n|-primal|p2a: Groudon|Red Orb\n|-weather|DesolateLand|[from] ability: Desolate Land|[of] p2a: Groudon\n|move|p1a: Lugia|Whirlpool||[still]\n|-fail|p1a: Lugia|Whirlpool|[from] Desolate Land\n|\n|-weather|DesolateLand|[upkeep]\n|upkeep\n|turn|11\n|\n|t:|1699306902\n|switch|p1a: Zygarde|Zygarde|100\/100\n|move|p2a: Groudon|Earthquake|p1a: Zygarde\n|-damage|p1a: Zygarde|71\/100\n|\n|-weather|DesolateLand|[upkeep]\n|-heal|p1a: Zygarde|77\/100|[from] item: Leftovers\n|upkeep\n|turn|12\n|\n|t:|1699306916\n|move|p1a: Zygarde|Dragon Dance|p1a: Zygarde\n|-boost|p1a: Zygarde|atk|1\n|-boost|p1a: Zygarde|spe|1\n|move|p2a: Groudon|Toxic|p1a: Zygarde\n|-status|p1a: Zygarde|tox\n|\n|-weather|DesolateLand|[upkeep]\n|-heal|p1a: Zygarde|84\/100 tox|[from] item: Leftovers\n|-damage|p1a: Zygarde|77\/100 tox|[from] psn\n|upkeep\n|turn|13\n|\n|t:|1699306928\n|-weather|none\n|switch|p2a: Arceus|Arceus-Fairy|100\/100\n|move|p1a: Zygarde|Dragon Dance|p1a: Zygarde\n|-boost|p1a: Zygarde|atk|1\n|-boost|p1a: Zygarde|spe|1\n|\n|-heal|p1a: Zygarde|84\/100 tox|[from] item: Leftovers\n|-damage|p1a: Zygarde|71\/100 tox|[from] psn\n|upkeep\n|turn|14\n|\n|t:|1699306939\n|move|p1a: Zygarde|Thousand Arrows|p2a: Arceus\n|-damage|p2a: Arceus|58\/100\n|move|p2a: Arceus|Judgment|p1a: Zygarde\n|-supereffective|p1a: Zygarde\n|-damage|p1a: Zygarde|0 fnt\n|faint|p1a: Zygarde\n|\n|upkeep\n|\n|t:|1699306958\n|switch|p1a: Arceus|Arceus|100\/100\n|turn|15\n|\n|t:|1699306965\n|move|p1a: Arceus|Extreme Speed|p2a: Arceus\n|-damage|p2a: Arceus|21\/100\n|-damage|p1a: Arceus|91\/100|[from] item: Life Orb\n|move|p2a: Arceus|Taunt|p1a: Arceus\n|-start|p1a: Arceus|move: Taunt\n|\n|upkeep\n|turn|16\n|\n|t:|1699306974\n|switch|p2a: Groudon|Groudon-Primal|100\/100\n|-weather|DesolateLand|[from] ability: Desolate Land|[of] p2a: Groudon\n|move|p1a: Arceus|Extreme Speed|p2a: Groudon\n|-damage|p2a: Groudon|75\/100\n|-damage|p1a: Arceus|81\/100|[from] item: Life Orb\n|\n|-weather|DesolateLand|[upkeep]\n|upkeep\n|turn|17\n|\n|t:|1699306991\n|switch|p1a: Lugia|Lugia, tera:Poison|100\/100\n|move|p2a: Groudon|Heat Crash|p1a: Lugia\n|-damage|p1a: Lugia|81\/100\n|\n|-weather|DesolateLand|[upkeep]\n|-heal|p1a: Lugia|87\/100|[from] item: Leftovers\n|upkeep\n|turn|18\n|\n|t:|1699307004\n|move|p1a: Lugia|Toxic|p2a: Groudon\n|-status|p2a: Groudon|tox\n|move|p2a: Groudon|Earthquake|p1a: Lugia\n|-supereffective|p1a: Lugia\n|-damage|p1a: Lugia|31\/100\n|\n|-weather|DesolateLand|[upkeep]\n|-heal|p1a: Lugia|37\/100|[from] item: Leftovers\n|-damage|p2a: Groudon|69\/100 tox|[from] psn\n|upkeep\n|turn|19\n|\n|t:|1699307020\n|-weather|none\n|switch|p2a: Necrozma|Necrozma-Dusk-Mane, shiny|100\/100\n|move|p1a: Lugia|Roost|p1a: Lugia\n|-heal|p1a: Lugia|87\/100\n|\n|-heal|p1a: Lugia|93\/100|[from] item: Leftovers\n|upkeep\n|turn|20\n|\n|t:|1699307031\n|move|p2a: Necrozma|Photon Geyser|p1a: Lugia\n|-supereffective|p1a: Lugia\n|-damage|p1a: Lugia|40\/100\n|move|p1a: Lugia|Whirlwind|p2a: Necrozma\n|drag|p2a: Kingambit|Kingambit, F|100\/100\n|-activate|p2a: Kingambit|ability: Supreme Overlord\n|-start|p2a: Kingambit|fallen2|[silent]\n|\n|-heal|p1a: Lugia|46\/100|[from] item: Leftovers\n|upkeep\n|turn|21\n|\n|t:|1699307045\n|move|p1a: Lugia|Whirlpool|p2a: Kingambit\n|-damage|p2a: Kingambit|93\/100\n|-activate|p2a: Kingambit|move: Whirlpool|[of] p1a: Lugia\n|move|p2a: Kingambit|Swords Dance|p2a: Kingambit\n|-boost|p2a: Kingambit|atk|2\n|\n|-heal|p1a: Lugia|52\/100|[from] item: Leftovers\n|-damage|p2a: Kingambit|81\/100|[from] move: Whirlpool|[partiallytrapped]\n|upkeep\n|turn|22\n|\n|t:|1699307058\n|move|p1a: Lugia|Roost|p1a: Lugia\n|-heal|p1a: Lugia|100\/100\n|move|p2a: Kingambit|Knock Off|p1a: Lugia\n|-damage|p1a: Lugia|58\/100\n|-enditem|p1a: Lugia|Leftovers|[from] move: Knock Off|[of] p2a: Kingambit\n|\n|-damage|p2a: Kingambit|69\/100|[from] move: Whirlpool|[partiallytrapped]\n|upkeep\n|turn|23\n|\n|t:|1699307071\n|move|p1a: Lugia|Roost|p1a: Lugia\n|-heal|p1a: Lugia|100\/100\n|move|p2a: Kingambit|Swords Dance|p2a: Kingambit\n|-boost|p2a: Kingambit|atk|2\n|\n|-damage|p2a: Kingambit|56\/100|[from] move: Whirlpool|[partiallytrapped]\n|upkeep\n|turn|24\n|\n|t:|1699307085\n|move|p1a: Lugia|Roost||[still]\n|-fail|p1a: Lugia|heal\n|move|p2a: Kingambit|Iron Head|p1a: Lugia\n|-damage|p1a: Lugia|60\/100\n|\n|-damage|p2a: Kingambit|44\/100|[from] move: Whirlpool|[partiallytrapped]\n|upkeep\n|turn|25\n|\n|t:|1699307097\n|move|p1a: Lugia|Roost|p1a: Lugia\n|-heal|p1a: Lugia|100\/100\n|move|p2a: Kingambit|Swords Dance|p2a: Kingambit\n|-boost|p2a: Kingambit|atk|2\n|\n|-end|p2a: Kingambit|Whirlpool|[partiallytrapped]\n|upkeep\n|turn|26\n|\n|t:|1699307106\n|move|p1a: Lugia|Whirlpool|p2a: Kingambit|[miss]\n|-miss|p1a: Lugia|p2a: Kingambit\n|move|p2a: Kingambit|Iron Head|p1a: Lugia\n|-damage|p1a: Lugia|44\/100\n|\n|upkeep\n|turn|27\n|\n|t:|1699307117\n|move|p1a: Lugia|Roost|p1a: Lugia\n|-heal|p1a: Lugia|94\/100\n|move|p2a: Kingambit|Knock Off|p1a: Lugia\n|-damage|p1a: Lugia|0 fnt\n|faint|p1a: Lugia\n|\n|upkeep\n|\n|t:|1699307126\n|switch|p1a: Arceus|Arceus|81\/100\n|turn|28\n|\n|t:|1699307141\n|-terastallize|p2a: Kingambit|Ghost\n|move|p1a: Arceus|Extreme Speed|p2a: Kingambit\n|-immune|p2a: Kingambit\n|move|p2a: Kingambit|Knock Off|p1a: Arceus\n|-damage|p1a: Arceus|0 fnt\n|-enditem|p1a: Arceus|Life Orb|[from] move: Knock Off|[of] p2a: Kingambit\n|faint|p1a: Arceus\n|\n|upkeep\n|\n|t:|1699307152\n|switch|p1a: Xerneas|Xerneas|100\/100\n|-ability|p1a: Xerneas|Fairy Aura\n|turn|29\n|c|\u2606Irfanayan|I lost die to Miss attack\n|\n|t:|1699307171\n|move|p2a: Kingambit|Sucker Punch|p1a: Xerneas\n|-resisted|p1a: Xerneas\n|-damage|p1a: Xerneas|16\/100\n|move|p1a: Xerneas|Moonblast|p2a: Kingambit\n|-damage|p2a: Kingambit|0 fnt\n|faint|p2a: Kingambit\n|-end|p2a: Kingambit|fallen2|[silent]\n|\n|upkeep\n|\n|t:|1699307175\n|switch|p2a: Groudon|Groudon-Primal|69\/100 tox\n|-weather|DesolateLand|[from] ability: Desolate Land|[of] p2a: Groudon\n|turn|30\n|\n|t:|1699307185\n|move|p1a: Xerneas|Moonblast|p2a: Groudon\n|-resisted|p2a: Groudon\n|-damage|p2a: Groudon|36\/100 tox\n|move|p2a: Groudon|Heat Crash|p1a: Xerneas\n|-damage|p1a: Xerneas|0 fnt\n|faint|p1a: Xerneas\n|\n|win|Obito 2001\n|raw|Irfanayan's rating: 1697 &rarr; <strong>1685<\/strong><br \/>(-12 for losing)\n|raw|Obito 2001's rating: 1851 &rarr; <strong>1863<\/strong><br \/>(+12 for winning)\n|l|\u2606Irfanayan\n|l|\u2606Obito 2001\n|l| 85792195wwww\n","uploadtime":1699307198,"views":7,"p1id":"irfanayan","p2id":"obito2001","formatid":"gen9nationaldexubers","rating":1685,"private":0,"password":""}