{"id":"gen9nationaldexubers-1978830984","p1":"Gabbls","p2":"Real Lysh","format":"[Gen 9] National Dex Ubers","log":"|j|\u2606Gabbls\n|j|\u2606Real Lysh\n|t:|1698600365\n|gametype|singles\n|player|p1|Gabbls|blue-gen7|\n|player|p2|Real Lysh|red-gen7|\n|teamsize|p1|6\n|teamsize|p2|6\n|gen|9\n|tier|[Gen 9] National Dex Ubers\n|rule|HP Percentage Mod: HP is shown in percentages\n|rule|Endless Battle Clause: Forcing endless battles is banned\n|rule|OHKO Clause: OHKO moves are banned\n|rule|Evasion Moves Clause: Evasion moves are banned\n|rule|Evasion Items Clause: Evasion items are banned\n|rule|Species Clause: Limit one of each Pok\u00e9mon\n|rule|Sleep Clause Mod: Limit one foe put to sleep\n|rule|Mega Rayquaza Clause: You cannot mega evolve Rayquaza\n|clearpoke\n|poke|p1|Typhlosion-Hisui, F|\n|poke|p1|Silvally-*|\n|poke|p1|Torkoal, M|\n|poke|p1|Great Tusk|\n|poke|p1|Meowscarada, M|\n|poke|p1|Araquanid, M|\n|poke|p2|Tapu Lele|\n|poke|p2|Ceruledge, M|\n|poke|p2|Clodsire, F|\n|poke|p2|Articuno|\n|poke|p2|Ditto|\n|poke|p2|Heliolisk, M|\n|teampreview\n|j| Cookieontop\n|j| Zorroark_RZ\n|c|\u2606Real Lysh|hf\n|c|\u2606Gabbls|u2\n|c|\u2606Real Lysh|YAMETEEEEEE\n|c|\u2606Gabbls|Kudasai\n|c|\u2606Real Lysh|RZ KUN\n|\n|t:|1698600470\n|start\n|switch|p1a: Araquanid|Araquanid, M|100\/100\n|switch|p2a: Cerulegend|Ceruledge, M|100\/100\n|turn|1\n|\n|t:|1698600492\n|switch|p2a: arty|Articuno|100\/100\n|-ability|p2a: arty|Pressure\n|move|p1a: Araquanid|Sticky Web|p2a: arty\n|-sidestart|p2: Real Lysh|move: Sticky Web\n|\n|upkeep\n|turn|2\n|\n|t:|1698600502\n|move|p2a: arty|Defog|p1a: Araquanid\n|-unboost|p1a: Araquanid|evasion|1\n|-sideend|p2: Real Lysh|Sticky Web|[from] move: Defog|[of] p2a: arty\n|move|p1a: Araquanid|Infestation|p2a: arty\n|-resisted|p2a: arty\n|-damage|p2a: arty|99\/100\n|-activate|p2a: arty|move: Infestation|[of] p1a: Araquanid\n|\n|-damage|p2a: arty|86\/100|[from] move: Infestation|[partiallytrapped]\n|upkeep\n|turn|3\n|\n|t:|1698600510\n|move|p2a: arty|U-turn|p1a: Araquanid\n|-damage|p1a: Araquanid|88\/100\n|\n|t:|1698600514\n|switch|p2a: avarage10\/10in2023|Clodsire, F|100\/100|[from] U-turn\n|move|p1a: Araquanid|Mirror Coat||[still]\n|-fail|p1a: Araquanid\n|\n|-heal|p1a: Araquanid|94\/100|[from] item: Leftovers\n|upkeep\n|turn|4\n|\n|t:|1698600529\n|switch|p1a: Great Tusk|Great Tusk|100\/100\n|move|p2a: avarage10\/10in2023|Yawn|p1a: Great Tusk\n|-start|p1a: Great Tusk|move: Yawn|[of] p2a: avarage10\/10in2023\n|\n|upkeep\n|turn|5\n|c| Zorroark_RZ|Clodsire idt sowas von ne 10\/10\n|\n|t:|1698600554\n|move|p1a: Great Tusk|Knock Off|p2a: avarage10\/10in2023\n|-damage|p2a: avarage10\/10in2023|48\/100\n|-enditem|p2a: avarage10\/10in2023|Black Sludge|[from] move: Knock Off|[of] p1a: Great Tusk\n|-damage|p1a: Great Tusk|91\/100|[from] item: Life Orb\n|move|p2a: avarage10\/10in2023|Stealth Rock|p1a: Great Tusk\n|-sidestart|p1: Gabbls|move: Stealth Rock\n|\n|-end|p1a: Great Tusk|move: Yawn|[silent]\n|-status|p1a: Great Tusk|slp\n|upkeep\n|turn|6\n|c| Cookieontop|real\n|\n|t:|1698600569\n|-end|p1a: Great Tusk|Protosynthesis|[silent]\n|switch|p1a: Araquanid|Araquanid, M|94\/100\n|-damage|p1a: Araquanid|69\/100|[from] Stealth Rock\n|switch|p2a: chefin <3 !!!|Tapu Lele, shiny|100\/100\n|-fieldstart|move: Psychic Terrain|[from] ability: Psychic Surge|[of] p2a: chefin <3 !!!\n|\n|-heal|p1a: Araquanid|75\/100|[from] item: Leftovers\n|upkeep\n|turn|7\n|\n|t:|1698600614\n|switch|p2a: arty|Articuno|86\/100\n|-ability|p2a: arty|Pressure\n|move|p1a: Araquanid|Mirror Coat||[still]\n|-fail|p1a: Araquanid\n|\n|-heal|p1a: Araquanid|82\/100|[from] item: Leftovers\n|upkeep\n|turn|8\n|\n|t:|1698600625\n|move|p2a: arty|Freeze-Dry|p1a: Araquanid\n|-supereffective|p1a: Araquanid\n|-damage|p1a: Araquanid|53\/100\n|move|p1a: Araquanid|Surf|p2a: arty\n|-damage|p2a: arty|60\/100\n|\n|-heal|p1a: Araquanid|59\/100|[from] item: Leftovers\n|upkeep\n|turn|9\n|\n|t:|1698600636\n|switch|p1a: Torkoal|Torkoal, M|100\/100\n|-damage|p1a: Torkoal|76\/100|[from] Stealth Rock\n|-weather|SunnyDay|[from] ability: Drought|[of] p1a: Torkoal\n|move|p2a: arty|Roost|p2a: arty\n|-heal|p2a: arty|100\/100\n|-singleturn|p2a: arty|move: Roost\n|\n|-weather|SunnyDay|[upkeep]\n|upkeep\n|turn|10\n|\n|t:|1698600658\n|move|p2a: arty|U-turn|p1a: Torkoal\n|-resisted|p1a: Torkoal\n|-damage|p1a: Torkoal|72\/100\n|\n|t:|1698600666\n|switch|p2a: Cerulegend|Ceruledge, M|100\/100|[from] U-turn\n|move|p1a: Torkoal|Yawn|p2a: Cerulegend\n|-start|p2a: Cerulegend|move: Yawn|[of] p1a: Torkoal\n|\n|-weather|SunnyDay|[upkeep]\n|-fieldend|move: Psychic Terrain\n|upkeep\n|turn|11\n|\n|t:|1698600684\n|switch|p2a: ENEL!!!|Heliolisk, M|100\/100\n|move|p1a: Torkoal|Stealth Rock|p2a: ENEL!!!\n|-sidestart|p2: Real Lysh|move: Stealth Rock\n|\n|-weather|SunnyDay|[upkeep]\n|-damage|p2a: ENEL!!!|88\/100|[from] ability: Solar Power|[of] p2a: ENEL!!!\n|upkeep\n|turn|12\n|\n|t:|1698600697\n|switch|p1a: Great Tusk|Great Tusk|91\/100 slp\n|-damage|p1a: Great Tusk|88\/100 slp|[from] Stealth Rock\n|-activate|p1a: Great Tusk|ability: Protosynthesis\n|-start|p1a: Great Tusk|protosynthesisatk\n|move|p2a: ENEL!!!|Solar Beam||[still]\n|-prepare|p2a: ENEL!!!|Solar Beam\n|-anim|p2a: ENEL!!!|Solar Beam|p1a: Great Tusk\n|-supereffective|p1a: Great Tusk\n|-damage|p1a: Great Tusk|0 fnt\n|faint|p1a: Great Tusk\n|-end|p1a: Great Tusk|Protosynthesis|[silent]\n|\n|-weather|SunnyDay|[upkeep]\n|-damage|p2a: ENEL!!!|76\/100|[from] ability: Solar Power|[of] p2a: ENEL!!!\n|upkeep\n|c| Zorroark_RZ|Sock\n|\n|t:|1698600713\n|switch|p1a: Silvally|Silvally-Fairy|100\/100\n|-damage|p1a: Silvally|88\/100|[from] Stealth Rock\n|turn|13\n|c| Zorroark_RZ|Sick\n|c|\u2606Real Lysh|ENEEEEEEL!!!!\n|\n|t:|1698600728\n|move|p2a: ENEL!!!|Solar Beam||[still]\n|-prepare|p2a: ENEL!!!|Solar Beam\n|-anim|p2a: ENEL!!!|Solar Beam|p1a: Silvally\n|-damage|p1a: Silvally|49\/100\n|move|p1a: Silvally|Tailwind|p1a: Silvally\n|-sidestart|p1: Gabbls|move: Tailwind\n|\n|-weather|SunnyDay|[upkeep]\n|-damage|p2a: ENEL!!!|63\/100|[from] ability: Solar Power|[of] p2a: ENEL!!!\n|upkeep\n|turn|14\n|\n|t:|1698600754\n|switch|p2a: arty|Articuno|100\/100\n|-ability|p2a: arty|Pressure\n|move|p1a: Silvally|Multi-Attack|p2a: arty\n|-damage|p2a: arty|76\/100\n|\n|-weather|SunnyDay|[upkeep]\n|upkeep\n|turn|15\n|\n|t:|1698600776\n|move|p1a: Silvally|Parting Shot|p2a: arty\n|-unboost|p2a: arty|atk|1\n|-unboost|p2a: arty|spa|1\n|\n|t:|1698600782\n|switch|p1a: Typhlosion|Typhlosion-Hisui, F|100\/100|[from] Parting Shot\n|-damage|p1a: Typhlosion|76\/100|[from] Stealth Rock\n|move|p2a: arty|Defog|p1a: Typhlosion\n|-unboost|p1a: Typhlosion|evasion|1\n|-sideend|p1: Gabbls|Stealth Rock|[from] move: Defog|[of] p2a: arty\n|-sideend|p2: Real Lysh|Stealth Rock|[from] move: Defog|[of] p2a: arty\n|\n|-weather|SunnyDay|[upkeep]\n|upkeep\n|turn|16\n|\n|t:|1698600794\n|switch|p2a: avarage10\/10in2023|Clodsire, F|48\/100\n|move|p1a: Typhlosion|Eruption|p2a: avarage10\/10in2023\n|-damage|p2a: avarage10\/10in2023|0 fnt\n|faint|p2a: avarage10\/10in2023\n|\n|-weather|none\n|-sideend|p1: Gabbls|move: Tailwind\n|upkeep\n|\n|t:|1698600812\n|switch|p2a: uno reverse card|Ditto|100\/100\n|-transform|p2a: uno reverse card|p1a: Typhlosion|[from] ability: Imposter\n|turn|17\n|\n|t:|1698600832\n|switch|p1a: Araquanid|Araquanid, M|59\/100\n|move|p2a: uno reverse card|Shadow Ball|p1a: Araquanid\n|-damage|p1a: Araquanid|35\/100\n|\n|-heal|p1a: Araquanid|42\/100|[from] item: Leftovers\n|upkeep\n|turn|18\n|\n|t:|1698600848\n|switch|p2a: arty|Articuno|76\/100\n|-ability|p2a: arty|Pressure\n|move|p1a: Araquanid|Sticky Web|p2a: arty\n|-sidestart|p2: Real Lysh|move: Sticky Web\n|\n|-heal|p1a: Araquanid|48\/100|[from] item: Leftovers\n|upkeep\n|turn|19\n|\n|t:|1698600870\n|switch|p1a: Typhlosion|Typhlosion-Hisui, F|76\/100\n|move|p2a: arty|U-turn|p1a: Typhlosion\n|-resisted|p1a: Typhlosion\n|-damage|p1a: Typhlosion|71\/100\n|\n|t:|1698600881\n|switch|p2a: uno reverse card|Ditto|100\/100|[from] U-turn\n|-activate|p2a: uno reverse card|move: Sticky Web\n|-unboost|p2a: uno reverse card|spe|1\n|-transform|p2a: uno reverse card|p1a: Typhlosion|[from] ability: Imposter\n|\n|upkeep\n|turn|20\n|\n|t:|1698600902\n|switch|p1a: Araquanid|Araquanid, M|48\/100\n|move|p2a: uno reverse card|Shadow Ball|p1a: Araquanid\n|-damage|p1a: Araquanid|22\/100\n|\n|-heal|p1a: Araquanid|28\/100|[from] item: Leftovers\n|upkeep\n|turn|21\n|\n|t:|1698600914\n|move|p2a: uno reverse card|Shadow Ball|p1a: Araquanid\n|-damage|p1a: Araquanid|6\/100\n|-unboost|p1a: Araquanid|spd|1\n|move|p1a: Araquanid|Surf|p2a: uno reverse card\n|-supereffective|p2a: uno reverse card\n|-damage|p2a: uno reverse card|10\/100\n|\n|-heal|p1a: Araquanid|12\/100|[from] item: Leftovers\n|upkeep\n|turn|22\n|\n|t:|1698600924\n|move|p2a: uno reverse card|Shadow Ball|p1a: Araquanid\n|-damage|p1a: Araquanid|0 fnt\n|faint|p1a: Araquanid\n|\n|upkeep\n|\n|t:|1698600929\n|switch|p1a: Meowscarada|Meowscarada, M|100\/100\n|turn|23\n|c| Zorroark_RZ|Die b\u00f6se role\n|\n|t:|1698600938\n|switch|p2a: arty|Articuno|76\/100\n|-ability|p2a: arty|Pressure\n|move|p1a: Meowscarada|Sucker Punch||[still]\n|-fail|p1a: Meowscarada\n|\n|upkeep\n|turn|24\n|\n|t:|1698600952\n|switch|p1a: Torkoal|Torkoal, M|72\/100\n|-weather|SunnyDay|[from] ability: Drought|[of] p1a: Torkoal\n|move|p2a: arty|Roost|p2a: arty\n|-heal|p2a: arty|100\/100\n|-singleturn|p2a: arty|move: Roost\n|\n|-weather|SunnyDay|[upkeep]\n|upkeep\n|turn|25\n|\n|t:|1698600961\n|move|p2a: arty|Defog|p1a: Torkoal\n|-unboost|p1a: Torkoal|evasion|1\n|-sideend|p2: Real Lysh|Sticky Web|[from] move: Defog|[of] p2a: arty\n|move|p1a: Torkoal|Flamethrower|p2a: arty\n|-supereffective|p2a: arty\n|-damage|p2a: arty|42\/100\n|\n|-weather|SunnyDay|[upkeep]\n|upkeep\n|turn|26\n|\n|t:|1698600977\n|move|p2a: arty|Roost|p2a: arty\n|-heal|p2a: arty|92\/100\n|-singleturn|p2a: arty|move: Roost\n|move|p1a: Torkoal|Stealth Rock|p2a: arty\n|-sidestart|p2: Real Lysh|move: Stealth Rock\n|\n|-weather|SunnyDay|[upkeep]\n|upkeep\n|turn|27\n|\n|t:|1698600989\n|move|p2a: arty|Defog|p1a: Torkoal\n|-unboost|p1a: Torkoal|evasion|1\n|-sideend|p2: Real Lysh|Stealth Rock|[from] move: Defog|[of] p2a: arty\n|move|p1a: Torkoal|Yawn|p2a: arty\n|-start|p2a: arty|move: Yawn|[of] p1a: Torkoal\n|\n|-weather|SunnyDay|[upkeep]\n|upkeep\n|turn|28\n|\n|t:|1698600998\n|move|p2a: arty|U-turn|p1a: Torkoal\n|-resisted|p1a: Torkoal\n|-damage|p1a: Torkoal|68\/100\n|\n|t:|1698601006\n|switch|p2a: Cerulegend|Ceruledge, M|100\/100|[from] U-turn\n|move|p1a: Torkoal|Stealth Rock|p2a: Cerulegend\n|-sidestart|p2: Real Lysh|move: Stealth Rock\n|\n|-weather|SunnyDay|[upkeep]\n|upkeep\n|turn|29\n|\n|t:|1698601017\n|move|p2a: Cerulegend|Taunt|p1a: Torkoal\n|-start|p1a: Torkoal|move: Taunt\n|move|p1a: Torkoal|Flamethrower|p2a: Cerulegend\n|-resisted|p2a: Cerulegend\n|-damage|p2a: Cerulegend|76\/100\n|\n|-weather|SunnyDay|[upkeep]\n|upkeep\n|turn|30\n|\n|t:|1698601038\n|move|p2a: Cerulegend|Bitter Blade|p1a: Torkoal\n|-resisted|p1a: Torkoal\n|-damage|p1a: Torkoal|49\/100\n|-heal|p2a: Cerulegend|87\/100|[from] drain|[of] p1a: Torkoal\n|move|p1a: Torkoal|Flamethrower|p2a: Cerulegend\n|-resisted|p2a: Cerulegend\n|-damage|p2a: Cerulegend|65\/100\n|\n|-weather|SunnyDay|[upkeep]\n|upkeep\n|turn|31\n|\n|t:|1698601110\n|move|p2a: Cerulegend|Swords Dance|p2a: Cerulegend\n|-boost|p2a: Cerulegend|atk|2\n|move|p1a: Torkoal|Flamethrower|p2a: Cerulegend\n|-resisted|p2a: Cerulegend\n|-damage|p2a: Cerulegend|41\/100\n|\n|-weather|none\n|-end|p1a: Torkoal|move: Taunt\n|upkeep\n|turn|32\n|\n|t:|1698601125\n|move|p2a: Cerulegend|Taunt|p1a: Torkoal\n|-start|p1a: Torkoal|move: Taunt\n|move|p1a: Torkoal|Flamethrower|p2a: Cerulegend\n|-resisted|p2a: Cerulegend\n|-damage|p2a: Cerulegend|26\/100\n|\n|upkeep\n|turn|33\n|\n|t:|1698601131\n|move|p2a: Cerulegend|Bitter Blade|p1a: Torkoal\n|-resisted|p1a: Torkoal\n|-damage|p1a: Torkoal|23\/100\n|-heal|p2a: Cerulegend|42\/100|[from] drain|[of] p1a: Torkoal\n|move|p1a: Torkoal|Flamethrower|p2a: Cerulegend\n|-resisted|p2a: Cerulegend\n|-damage|p2a: Cerulegend|25\/100\n|\n|upkeep\n|turn|34\n|\n|t:|1698601139\n|move|p2a: Cerulegend|Bitter Blade|p1a: Torkoal\n|-resisted|p1a: Torkoal\n|-damage|p1a: Torkoal|0 fnt\n|-heal|p2a: Cerulegend|39\/100|[from] drain|[of] p1a: Torkoal\n|faint|p1a: Torkoal\n|\n|upkeep\n|\n|t:|1698601142\n|switch|p1a: Meowscarada|Meowscarada, M|100\/100\n|turn|35\n|\n|t:|1698601148\n|move|p1a: Meowscarada|Knock Off|p2a: Cerulegend\n|-start|p1a: Meowscarada|typechange|Dark|[from] ability: Protean\n|-supereffective|p2a: Cerulegend\n|-damage|p2a: Cerulegend|0 fnt\n|-enditem|p2a: Cerulegend|Focus Sash|[from] move: Knock Off|[of] p1a: Meowscarada\n|faint|p2a: Cerulegend\n|\n|upkeep\n|\n|t:|1698601154\n|switch|p2a: chefin <3 !!!|Tapu Lele, shiny|100\/100\n|-damage|p2a: chefin <3 !!!|88\/100|[from] Stealth Rock\n|-fieldstart|move: Psychic Terrain|[from] ability: Psychic Surge|[of] p2a: chefin <3 !!!\n|turn|36\n|\n|t:|1698601162\n|move|p2a: chefin <3 !!!|Moonblast|p1a: Meowscarada\n|-supereffective|p1a: Meowscarada\n|-damage|p1a: Meowscarada|0 fnt\n|faint|p1a: Meowscarada\n|\n|upkeep\n|\n|t:|1698601164\n|switch|p1a: Silvally|Silvally-Fairy|49\/100\n|turn|37\n|c|\u2606Gabbls|ok gg\n|\n|t:|1698601178\n|move|p2a: chefin <3 !!!|Moonblast|p1a: Silvally\n|-damage|p1a: Silvally|22\/100\n|move|p1a: Silvally|Thunder Wave|p2a: chefin <3 !!!\n|-status|p2a: chefin <3 !!!|par\n|\n|upkeep\n|turn|38\n|c|\u2606Gabbls|oder?\n|c|\u2606Real Lysh|Ups\n|\n|t:|1698601194\n|move|p2a: chefin <3 !!!|Moonblast|p1a: Silvally\n|-damage|p1a: Silvally|0 fnt\n|faint|p1a: Silvally\n|\n|upkeep\n|\n|t:|1698601198\n|switch|p1a: Typhlosion|Typhlosion-Hisui, F|71\/100\n|turn|39\n|c|\u2606Real Lysh|falscher calc\n|\n|t:|1698601205\n|move|p1a: Typhlosion|Eruption|p2a: chefin <3 !!!\n|-crit|p2a: chefin <3 !!!\n|-damage|p2a: chefin <3 !!!|0 fnt\n|faint|p2a: chefin <3 !!!\n|\n|upkeep\n|c|\u2606Gabbls|ja gg\n|c|\u2606Gabbls|ur win\n|\n|t:|1698601220\n|switch|p2a: ENEL!!!|Heliolisk, M|63\/100\n|-damage|p2a: ENEL!!!|51\/100|[from] Stealth Rock\n|turn|40\n|\n|t:|1698601229\n|move|p2a: ENEL!!!|Thunderbolt|p1a: Typhlosion\n|-damage|p1a: Typhlosion|10\/100\n|move|p1a: Typhlosion|Eruption|p2a: ENEL!!!\n|-damage|p2a: ENEL!!!|30\/100\n|\n|-fieldend|move: Psychic Terrain\n|upkeep\n|turn|41\n|c|\u2606Gabbls|falschen move gekilckt\n|c|\u2606Gabbls|h\u00e4tte flamethrower\n|\n|t:|1698601243\n|move|p2a: ENEL!!!|Thunderbolt|p1a: Typhlosion\n|-damage|p1a: Typhlosion|0 fnt\n|faint|p1a: Typhlosion\n|\n|win|Real Lysh\n|c|\u2606Real Lysh|h\u00e4tte vrlieren k\u00f6nnen\n|c|\u2606Gabbls|jaja\n|c|\u2606Gabbls|wenn ich flamethrower grade geklickt h\u00e4trte\n|c|\u2606Real Lysh|falhes silvally set gecalced\n|c|\u2606Gabbls|dann h\u00e4ttest du actually geloosed\n","uploadtime":1698601252,"views":18,"p1id":"gabbls","p2id":"reallysh","formatid":"gen9nationaldexubers","rating":0,"private":0,"password":""}