{"id":"gen9nationaldexubers-1984225853","p1":"Church Temporary","p2":"OpTiC Waffle","format":"[Gen 9] National Dex Ubers","log":"|j|\u2606Church Temporary\n|j|\u2606OpTiC Waffle\n|t:|1699232300\n|gametype|singles\n|player|p1|Church Temporary|2|\n|player|p2|OpTiC Waffle|169|\n|teamsize|p1|6\n|teamsize|p2|6\n|gen|9\n|tier|[Gen 9] National Dex Ubers\n|rule|HP Percentage Mod: HP is shown in percentages\n|rule|Endless Battle Clause: Forcing endless battles is banned\n|rule|OHKO Clause: OHKO moves are banned\n|rule|Evasion Moves Clause: Evasion moves are banned\n|rule|Evasion Items Clause: Evasion items are banned\n|rule|Species Clause: Limit one of each Pok\u00e9mon\n|rule|Sleep Clause Mod: Limit one foe put to sleep\n|rule|Mega Rayquaza Clause: You cannot mega evolve Rayquaza\n|clearpoke\n|poke|p1|Deoxys-Speed|\n|poke|p1|Gigalith, M|\n|poke|p1|Dragonite, M|\n|poke|p1|Alakazam, M|\n|poke|p1|Durant, M|\n|poke|p1|Clefable, F|\n|poke|p2|Samurott-Hisui, F|\n|poke|p2|Annihilape, M|\n|poke|p2|Cresselia, F|\n|poke|p2|Heatran, M|\n|poke|p2|Iron Valiant|\n|poke|p2|Electrode-Hisui|\n|teampreview\n|\n|t:|1699232358\n|start\n|switch|p1a: The Fast|Deoxys-Speed|100\/100\n|switch|p2a: Electrode|Electrode-Hisui|100\/100\n|-ability|p1a: The Fast|Pressure\n|turn|1\n|\n|t:|1699232446\n|move|p1a: The Fast|Nasty Plot|p1a: The Fast\n|-boost|p1a: The Fast|spa|2\n|move|p2a: Electrode|Electric Terrain|p2a: Electrode\n|-fieldstart|move: Electric Terrain\n|\n|upkeep\n|turn|2\n|\n|t:|1699232506\n|switch|p2a: Cresselia|Cresselia, F|100\/100\n|move|p1a: The Fast|Nasty Plot|p1a: The Fast\n|-boost|p1a: The Fast|spa|2\n|\n|upkeep\n|turn|3\n|\n|t:|1699232557\n|move|p1a: The Fast|Nasty Plot|p1a: The Fast\n|-boost|p1a: The Fast|spa|2\n|move|p2a: Cresselia|Moonblast|p1a: The Fast\n|-damage|p1a: The Fast|60\/100\n|\n|upkeep\n|turn|4\n|\n|t:|1699232562\n|move|p1a: The Fast|Shadow Ball|p2a: Cresselia\n|-supereffective|p2a: Cresselia\n|-damage|p2a: Cresselia|0 fnt\n|faint|p2a: Cresselia\n|\n|upkeep\n|\n|t:|1699232565\n|switch|p2a: Iron Valiant|Iron Valiant|100\/100\n|-activate|p2a: Iron Valiant|ability: Quark Drive\n|-start|p2a: Iron Valiant|quarkdrivespe\n|turn|5\n|\n|t:|1699232593\n|move|p2a: Iron Valiant|Moonblast|p1a: The Fast\n|-damage|p1a: The Fast|0 fnt\n|faint|p1a: The Fast\n|-damage|p2a: Iron Valiant|91\/100|[from] item: Life Orb\n|\n|upkeep\n|\n|t:|1699232622\n|switch|p1a: EGG|Clefable, F|100\/100\n|turn|6\n|\n|t:|1699232629\n|-end|p2a: Iron Valiant|Quark Drive|[silent]\n|switch|p2a: Heatran|Heatran, M, shiny|100\/100\n|move|p1a: EGG|Moonblast|p2a: Heatran\n|-resisted|p2a: Heatran\n|-damage|p2a: Heatran|94\/100\n|-unboost|p2a: Heatran|spa|1\n|\n|upkeep\n|turn|7\n|\n|t:|1699232636\n|move|p2a: Heatran|Stealth Rock|p1a: EGG\n|-sidestart|p1: Church Temporary|move: Stealth Rock\n|move|p1a: EGG|Toxic|p2a: Heatran\n|-immune|p2a: Heatran\n|\n|upkeep\n|turn|8\n|\n|t:|1699232651\n|switch|p1a: A Fucking Ant|Durant, M|100\/100\n|-damage|p1a: A Fucking Ant|88\/100|[from] Stealth Rock\n|move|p2a: Heatran|Flash Cannon|p1a: A Fucking Ant\n|-resisted|p1a: A Fucking Ant\n|-damage|p1a: A Fucking Ant|59\/100\n|\n|-fieldend|move: Electric Terrain\n|upkeep\n|turn|9\n|\n|t:|1699232664\n|move|p1a: A Fucking Ant|Superpower|p2a: Heatran\n|-supereffective|p2a: Heatran\n|-damage|p2a: Heatran|0 fnt\n|-unboost|p1a: A Fucking Ant|atk|1\n|-unboost|p1a: A Fucking Ant|def|1\n|-damage|p1a: A Fucking Ant|43\/100|[from] item: Rocky Helmet|[of] p2a: Heatran\n|faint|p2a: Heatran\n|\n|upkeep\n|\n|t:|1699232677\n|switch|p2a: Samurott|Samurott-Hisui, F, shiny|100\/100\n|turn|10\n|\n|t:|1699232697\n|move|p2a: Samurott|Ceaseless Edge|p1a: A Fucking Ant\n|-damage|p1a: A Fucking Ant|0 fnt\n|-sidestart|p1: Church Temporary|Spikes\n|faint|p1a: A Fucking Ant\n|\n|upkeep\n|\n|t:|1699232714\n|switch|p1a: EGG|Clefable, F|100\/100\n|-damage|p1a: EGG|88\/100|[from] Stealth Rock\n|-damage|p1a: EGG|76\/100|[from] Spikes\n|turn|11\n|\n|t:|1699232730\n|switch|p2a: Electrode|Electrode-Hisui|100\/100\n|move|p1a: EGG|Toxic|p2a: Electrode\n|-status|p2a: Electrode|tox\n|\n|-heal|p1a: EGG|82\/100|[from] item: Leftovers\n|-damage|p2a: Electrode|94\/100 tox|[from] psn\n|upkeep\n|turn|12\n|\n|t:|1699232742\n|-terastallize|p2a: Electrode|Water\n|move|p2a: Electrode|Electric Terrain|p2a: Electrode\n|-fieldstart|move: Electric Terrain\n|move|p1a: EGG|Moonblast|p2a: Electrode\n|-damage|p2a: Electrode|58\/100 tox\n|-unboost|p2a: Electrode|spa|1\n|\n|-heal|p1a: EGG|88\/100|[from] item: Leftovers\n|-damage|p2a: Electrode|46\/100 tox|[from] psn\n|upkeep\n|turn|13\n|\n|t:|1699232755\n|move|p1a: EGG|Protect|p1a: EGG\n|-singleturn|p1a: EGG|Protect\n|move|p2a: Electrode|Thunderbolt|p1a: EGG\n|-activate|p1a: EGG|move: Protect\n|\n|-heal|p1a: EGG|94\/100|[from] item: Leftovers\n|-damage|p2a: Electrode|27\/100 tox|[from] psn\n|upkeep\n|turn|14\n|\n|t:|1699232766\n|move|p2a: Electrode|Thunderbolt|p1a: EGG\n|-damage|p1a: EGG|74\/100\n|move|p1a: EGG|Soft-Boiled|p1a: EGG\n|-heal|p1a: EGG|100\/100\n|\n|-damage|p2a: Electrode|2\/100 tox|[from] psn\n|upkeep\n|turn|15\n|\n|t:|1699232785\n|switch|p2a: Iron Valiant|Iron Valiant|91\/100\n|-activate|p2a: Iron Valiant|ability: Quark Drive\n|-start|p2a: Iron Valiant|quarkdrivespe\n|move|p1a: EGG|Protect||[still]\n|-fail|p1a: EGG\n|\n|upkeep\n|turn|16\n|\n|t:|1699232802\n|move|p2a: Iron Valiant|Encore|p1a: EGG\n|-start|p1a: EGG|Encore\n|move|p1a: EGG|Protect||[still]\n|-fail|p1a: EGG\n|\n|upkeep\n|turn|17\n|\n|t:|1699232815\n|switch|p1a: Dwagen|Dragonite, M|100\/100\n|-damage|p1a: Dwagen|76\/100|[from] Stealth Rock\n|move|p2a: Iron Valiant|Moonblast|p1a: Dwagen\n|-supereffective|p1a: Dwagen\n|-damage|p1a: Dwagen|0 fnt\n|faint|p1a: Dwagen\n|-damage|p2a: Iron Valiant|81\/100|[from] item: Life Orb\n|\n|upkeep\n|\n|t:|1699232832\n|switch|p1a: The Boulder|Gigalith, M|100\/100\n|turn|18\n|\n|t:|1699232846\n|move|p2a: Iron Valiant|Moonblast|p1a: The Boulder\n|-damage|p1a: The Boulder|35\/100\n|-damage|p2a: Iron Valiant|71\/100|[from] item: Life Orb\n|move|p1a: The Boulder|Explosion|p2a: Iron Valiant\n|-damage|p2a: Iron Valiant|0 fnt\n|faint|p1a: The Boulder\n|faint|p2a: Iron Valiant\n|-end|p2a: Iron Valiant|Quark Drive|[silent]\n|\n|upkeep\n|\n|t:|1699232866\n|switch|p2a: Electrode|Electrode-Hisui, tera:Water|2\/100 tox\n|switch|p1a: AlaKant|Alakazam, M|100\/100\n|turn|19\n|\n|t:|1699232891\n|detailschange|p1a: AlaKant|Alakazam-Mega, M\n|-mega|p1a: AlaKant|Alakazam|Alakazite\n|-ability|p1a: AlaKant|Soundproof|[from] ability: Trace|[of] p2a: Electrode\n|move|p1a: AlaKant|Psychic|p2a: Electrode\n|-damage|p2a: Electrode|0 fnt\n|faint|p2a: Electrode\n|\n|-fieldend|move: Electric Terrain\n|upkeep\n|\n|t:|1699232900\n|switch|p2a: Samurott|Samurott-Hisui, F, shiny|100\/100\n|turn|20\n|\n|t:|1699232925\n|move|p2a: Samurott|Ceaseless Edge|p1a: AlaKant\n|-supereffective|p1a: AlaKant\n|-damage|p1a: AlaKant|0 fnt\n|-sidestart|p1: Church Temporary|Spikes\n|faint|p1a: AlaKant\n|\n|upkeep\n|\n|t:|1699232929\n|switch|p1a: EGG|Clefable, F|100\/100\n|-damage|p1a: EGG|88\/100|[from] Stealth Rock\n|-damage|p1a: EGG|72\/100|[from] Spikes\n|turn|21\n|\n|t:|1699232937\n|move|p2a: Samurott|Ceaseless Edge|p1a: EGG|[miss]\n|-miss|p2a: Samurott|p1a: EGG\n|move|p1a: EGG|Toxic|p2a: Samurott\n|-status|p2a: Samurott|tox\n|\n|-heal|p1a: EGG|78\/100|[from] item: Leftovers\n|-damage|p2a: Samurott|94\/100 tox|[from] psn\n|upkeep\n|turn|22\n|\n|t:|1699232946\n|move|p1a: EGG|Protect|p1a: EGG\n|-singleturn|p1a: EGG|Protect\n|move|p2a: Samurott|Ceaseless Edge|p1a: EGG\n|-activate|p1a: EGG|move: Protect\n|\n|-heal|p1a: EGG|84\/100|[from] item: Leftovers\n|-damage|p2a: Samurott|82\/100 tox|[from] psn\n|upkeep\n|turn|23\n|\n|t:|1699232956\n|move|p2a: Samurott|Ceaseless Edge|p1a: EGG\n|-resisted|p1a: EGG\n|-damage|p1a: EGG|66\/100\n|-sidestart|p1: Church Temporary|Spikes\n|move|p1a: EGG|Soft-Boiled|p1a: EGG\n|-heal|p1a: EGG|100\/100\n|\n|-damage|p2a: Samurott|63\/100 tox|[from] psn\n|upkeep\n|turn|24\n|\n|t:|1699232968\n|switch|p2a: Baki|Annihilape, M, shiny|100\/100\n|move|p1a: EGG|Protect||[still]\n|-fail|p1a: EGG\n|\n|upkeep\n|turn|25\n|\n|t:|1699232976\n|move|p2a: Baki|Rage Fist|p1a: EGG\n|-damage|p1a: EGG|77\/100\n|move|p1a: EGG|Moonblast|p2a: Baki\n|-supereffective|p2a: Baki\n|-damage|p2a: Baki|42\/100\n|-unboost|p2a: Baki|spa|1\n|-ability|p2a: Baki|Defiant|boost\n|-boost|p2a: Baki|atk|2\n|\n|-heal|p1a: EGG|83\/100|[from] item: Leftovers\n|upkeep\n|turn|26\n|\n|t:|1699232986\n|move|p2a: Baki|Rage Fist|p1a: EGG\n|-crit|p1a: EGG\n|-damage|p1a: EGG|0 fnt\n|faint|p1a: EGG\n|\n|win|OpTiC Waffle\n|c|\u2606OpTiC Waffle|gg man!\n|c|\u2606OpTiC Waffle|i can report scores\n|l|\u2606OpTiC Waffle\n|j|\u2606OpTiC Waffle\n|player|p2|OpTiC Waffle|169\n","uploadtime":1699233103,"views":11,"p1id":"churchtemporary","p2id":"opticwaffle","formatid":"gen9nationaldexubers","rating":0,"private":0,"password":""}