{"id":"gen9nationaldexubers-1988483648","p1":"BigMommaBadger","p2":"Oriharabruh","format":"[Gen 9] National Dex Ubers","log":"|j|\u2606BigMommaBadger\n|j|\u2606Oriharabruh\n|t:|1699727821\n|gametype|singles\n|player|p1|BigMommaBadger|pokemonrangerf|1101\n|player|p2|Oriharabruh|cynthia-gen4|1201\n|teamsize|p1|6\n|teamsize|p2|6\n|gen|9\n|tier|[Gen 9] National Dex Ubers\n|rated|\n|rule|HP Percentage Mod: HP is shown in percentages\n|rule|Endless Battle Clause: Forcing endless battles is banned\n|rule|OHKO Clause: OHKO moves are banned\n|rule|Evasion Moves Clause: Evasion moves are banned\n|rule|Evasion Items Clause: Evasion items are banned\n|rule|Species Clause: Limit one of each Pok\u00e9mon\n|rule|Sleep Clause Mod: Limit one foe put to sleep\n|rule|Mega Rayquaza Clause: You cannot mega evolve Rayquaza\n|clearpoke\n|poke|p1|Reshiram|\n|poke|p1|Arceus-Water|\n|poke|p1|Ogerpon-Cornerstone, F|\n|poke|p1|Marshadow|\n|poke|p1|Lugia|\n|poke|p1|Zacian-*|\n|poke|p2|Mew|\n|poke|p2|Cinderace, M|\n|poke|p2|Garchomp, F|\n|poke|p2|Greninja-*, M|\n|poke|p2|Gyarados, F|\n|poke|p2|Naganadel|\n|teampreview\n|inactive|Battle timer is ON: inactive players will automatically lose when time's up. (requested by Oriharabruh)\n|\n|t:|1699727828\n|start\n|switch|p1a: Erebus|Marshadow|100\/100\n|switch|p2a: James Bunda|Greninja, M|100\/100\n|turn|1\n|\n|t:|1699727833\n|move|p1a: Erebus|Swagger|p2a: James Bunda|[miss]\n|-miss|p1a: Erebus|p2a: James Bunda\n|move|p2a: James Bunda|Dark Pulse|p1a: Erebus\n|-damage|p1a: Erebus|63\/100\n|\n|upkeep\n|turn|2\n|\n|t:|1699727837\n|move|p1a: Erebus|Swagger|p2a: James Bunda\n|-boost|p2a: James Bunda|atk|2\n|-start|p2a: James Bunda|confusion\n|-activate|p2a: James Bunda|confusion\n|move|p2a: James Bunda|Dark Pulse|p1a: Erebus\n|-damage|p1a: Erebus|23\/100\n|\n|upkeep\n|turn|3\n|\n|t:|1699727843\n|move|p1a: Erebus|Spectral Thief||[still]\n|-clearpositiveboost|p2a: James Bunda|p1a: Erebus|move: Spectral Thief\n|-boost|p1a: Erebus|atk|2\n|-anim|p1a: Erebus|Spectral Thief|p2a: James Bunda\n|-resisted|p2a: James Bunda\n|-damage|p2a: James Bunda|23\/100\n|-activate|p2a: James Bunda|confusion\n|move|p2a: James Bunda|Dark Pulse|p1a: Erebus\n|-damage|p1a: Erebus|0 fnt\n|faint|p1a: Erebus\n|-ability|p2a: James Bunda|Battle Bond|boost\n|-boost|p2a: James Bunda|atk|1\n|-boost|p2a: James Bunda|spa|1\n|-boost|p2a: James Bunda|spe|1\n|-activate|p2a: James Bunda|ability: Battle Bond\n|\n|upkeep\n|\n|t:|1699727854\n|switch|p1a: Athena|Zacian-Crowned, shiny|100\/100\n|-ability|p1a: Athena|Intrepid Sword|boost\n|-boost|p1a: Athena|atk|1\n|turn|4\n|inactive|Oriharabruh has 120 seconds left.\n|\n|t:|1699727889\n|-activate|p2a: James Bunda|confusion\n|-damage|p2a: James Bunda|3\/100|[from] confusion\n|move|p1a: Athena|Swords Dance|p1a: Athena\n|-boost|p1a: Athena|atk|2\n|\n|upkeep\n|turn|5\n|\n|t:|1699727897\n|-activate|p2a: James Bunda|confusion\n|move|p2a: James Bunda|Ice Beam|p1a: Athena\n|-resisted|p1a: Athena\n|-damage|p1a: Athena|83\/100\n|move|p1a: Athena|Swords Dance|p1a: Athena\n|-boost|p1a: Athena|atk|2\n|\n|upkeep\n|turn|6\n|\n|t:|1699727901\n|-end|p2a: James Bunda|confusion\n|move|p2a: James Bunda|Ice Beam|p1a: Athena\n|-resisted|p1a: Athena\n|-damage|p1a: Athena|66\/100\n|move|p1a: Athena|Swords Dance|p1a: Athena\n|-boost|p1a: Athena|atk|1\n|\n|upkeep\n|turn|7\n|\n|t:|1699727905\n|move|p2a: James Bunda|Ice Beam|p1a: Athena\n|-resisted|p1a: Athena\n|-damage|p1a: Athena|47\/100\n|-status|p1a: Athena|frz\n|cant|p1a: Athena|frz\n|\n|upkeep\n|turn|8\n|\n|t:|1699727908\n|move|p2a: James Bunda|Dark Pulse|p1a: Athena\n|-resisted|p1a: Athena\n|-damage|p1a: Athena|23\/100 frz\n|cant|p1a: Athena|frz\n|\n|upkeep\n|turn|9\n|\n|t:|1699727911\n|move|p2a: James Bunda|Dark Pulse|p1a: Athena\n|-resisted|p1a: Athena\n|-damage|p1a: Athena|0 fnt\n|faint|p1a: Athena\n|\n|upkeep\n|\n|t:|1699727914\n|switch|p1a: Psyche|Lugia, shiny|100\/100\n|turn|10\n|\n|t:|1699727917\n|move|p2a: James Bunda|Dark Pulse|p1a: Psyche\n|-supereffective|p1a: Psyche\n|-damage|p1a: Psyche|70\/100\n|move|p1a: Psyche|Giga Drain|p2a: James Bunda\n|-supereffective|p2a: James Bunda\n|-damage|p2a: James Bunda|0 fnt\n|-heal|p1a: Psyche|71\/100|[from] drain|[of] p2a: James Bunda\n|faint|p2a: James Bunda\n|\n|-heal|p1a: Psyche|77\/100|[from] item: Leftovers\n|upkeep\n|\n|t:|1699727920\n|switch|p2a: Mew|Mew, shiny|100\/100\n|turn|11\n|\n|t:|1699727923\n|move|p1a: Psyche|Calm Mind|p1a: Psyche\n|-boost|p1a: Psyche|spa|1\n|-boost|p1a: Psyche|spd|1\n|move|p2a: Mew|Cosmic Power|p2a: Mew\n|-boost|p2a: Mew|def|1\n|-boost|p2a: Mew|spd|1\n|\n|-heal|p1a: Psyche|84\/100|[from] item: Leftovers\n|upkeep\n|turn|12\n|\n|t:|1699727927\n|move|p1a: Psyche|Giga Drain|p2a: Mew\n|-damage|p2a: Mew|85\/100\n|-heal|p1a: Psyche|90\/100|[from] drain|[of] p2a: Mew\n|move|p2a: Mew|Cosmic Power|p2a: Mew\n|-boost|p2a: Mew|def|1\n|-boost|p2a: Mew|spd|1\n|\n|-heal|p1a: Psyche|96\/100|[from] item: Leftovers\n|-heal|p2a: Mew|91\/100|[from] item: Leftovers\n|upkeep\n|turn|13\n|\n|t:|1699727931\n|move|p1a: Psyche|Calm Mind|p1a: Psyche\n|-boost|p1a: Psyche|spa|1\n|-boost|p1a: Psyche|spd|1\n|move|p2a: Mew|Cosmic Power|p2a: Mew\n|-boost|p2a: Mew|def|1\n|-boost|p2a: Mew|spd|1\n|\n|-heal|p1a: Psyche|100\/100|[from] item: Leftovers\n|-heal|p2a: Mew|97\/100|[from] item: Leftovers\n|upkeep\n|turn|14\n|\n|t:|1699727933\n|move|p1a: Psyche|Calm Mind|p1a: Psyche\n|-boost|p1a: Psyche|spa|1\n|-boost|p1a: Psyche|spd|1\n|move|p2a: Mew|Cosmic Power|p2a: Mew\n|-boost|p2a: Mew|def|1\n|-boost|p2a: Mew|spd|1\n|\n|-heal|p2a: Mew|100\/100|[from] item: Leftovers\n|upkeep\n|turn|15\n|\n|t:|1699727937\n|move|p1a: Psyche|Calm Mind|p1a: Psyche\n|-boost|p1a: Psyche|spa|1\n|-boost|p1a: Psyche|spd|1\n|move|p2a: Mew|Cosmic Power|p2a: Mew\n|-boost|p2a: Mew|def|1\n|-boost|p2a: Mew|spd|1\n|\n|upkeep\n|turn|16\n|\n|t:|1699727939\n|move|p1a: Psyche|Calm Mind|p1a: Psyche\n|-boost|p1a: Psyche|spa|1\n|-boost|p1a: Psyche|spd|1\n|move|p2a: Mew|Cosmic Power|p2a: Mew\n|-boost|p2a: Mew|def|1\n|-boost|p2a: Mew|spd|1\n|\n|upkeep\n|turn|17\n|\n|t:|1699727942\n|move|p1a: Psyche|Calm Mind|p1a: Psyche\n|-boost|p1a: Psyche|spa|1\n|-boost|p1a: Psyche|spd|1\n|move|p2a: Mew|Stored Power|p1a: Psyche\n|-resisted|p1a: Psyche\n|-damage|p1a: Psyche|97\/100\n|\n|-heal|p1a: Psyche|100\/100|[from] item: Leftovers\n|upkeep\n|turn|18\n|\n|t:|1699727949\n|move|p1a: Psyche|Giga Drain|p2a: Mew\n|-crit|p2a: Mew\n|-damage|p2a: Mew|10\/100\n|move|p2a: Mew|Stored Power|p1a: Psyche\n|-resisted|p1a: Psyche\n|-damage|p1a: Psyche|96\/100\n|\n|-heal|p1a: Psyche|100\/100|[from] item: Leftovers\n|-heal|p2a: Mew|17\/100|[from] item: Leftovers\n|upkeep\n|turn|19\n|\n|t:|1699727957\n|-terastallize|p2a: Mew|Fairy\n|move|p1a: Psyche|Giga Drain|p2a: Mew\n|-damage|p2a: Mew|2\/100\n|move|p2a: Mew|Roost|p2a: Mew\n|-heal|p2a: Mew|52\/100\n|\n|-heal|p2a: Mew|58\/100|[from] item: Leftovers\n|upkeep\n|turn|20\n|\n|t:|1699727961\n|move|p1a: Psyche|Aeroblast|p2a: Mew\n|-damage|p2a: Mew|28\/100\n|move|p2a: Mew|Roost|p2a: Mew\n|-heal|p2a: Mew|78\/100\n|\n|-heal|p2a: Mew|84\/100|[from] item: Leftovers\n|upkeep\n|turn|21\n|\n|t:|1699727964\n|move|p1a: Psyche|Aeroblast|p2a: Mew\n|-damage|p2a: Mew|52\/100\n|move|p2a: Mew|Roost|p2a: Mew\n|-heal|p2a: Mew|100\/100\n|\n|upkeep\n|turn|22\n|\n|t:|1699727968\n|move|p1a: Psyche|Aeroblast|p2a: Mew\n|-damage|p2a: Mew|69\/100\n|move|p2a: Mew|Aura Sphere|p1a: Psyche\n|-resisted|p1a: Psyche\n|-damage|p1a: Psyche|99\/100\n|\n|-heal|p1a: Psyche|100\/100|[from] item: Leftovers\n|-heal|p2a: Mew|76\/100|[from] item: Leftovers\n|upkeep\n|turn|23\n|\n|t:|1699727976\n|move|p1a: Psyche|Giga Drain|p2a: Mew\n|-damage|p2a: Mew|59\/100\n|move|p2a: Mew|Stored Power|p1a: Psyche\n|-resisted|p1a: Psyche\n|-damage|p1a: Psyche|96\/100\n|\n|-heal|p1a: Psyche|100\/100|[from] item: Leftovers\n|-heal|p2a: Mew|65\/100|[from] item: Leftovers\n|upkeep\n|turn|24\n|\n|t:|1699727983\n|move|p1a: Psyche|Giga Drain|p2a: Mew\n|-damage|p2a: Mew|48\/100\n|move|p2a: Mew|Roost|p2a: Mew\n|-heal|p2a: Mew|98\/100\n|\n|-heal|p2a: Mew|100\/100|[from] item: Leftovers\n|upkeep\n|turn|25\n|\n|t:|1699727986\n|move|p1a: Psyche|Giga Drain|p2a: Mew\n|-damage|p2a: Mew|86\/100\n|move|p2a: Mew|Aura Sphere|p1a: Psyche\n|-resisted|p1a: Psyche\n|-damage|p1a: Psyche|99\/100\n|\n|-heal|p1a: Psyche|100\/100|[from] item: Leftovers\n|-heal|p2a: Mew|92\/100|[from] item: Leftovers\n|upkeep\n|turn|26\n|\n|t:|1699727990\n|move|p1a: Psyche|Psychic|p2a: Mew\n|-damage|p2a: Mew|62\/100\n|move|p2a: Mew|Aura Sphere|p1a: Psyche\n|-resisted|p1a: Psyche\n|-damage|p1a: Psyche|99\/100\n|\n|-heal|p1a: Psyche|100\/100|[from] item: Leftovers\n|-heal|p2a: Mew|68\/100|[from] item: Leftovers\n|upkeep\n|turn|27\n|\n|t:|1699727994\n|move|p1a: Psyche|Psychic|p2a: Mew\n|-damage|p2a: Mew|41\/100\n|move|p2a: Mew|Aura Sphere|p1a: Psyche\n|-resisted|p1a: Psyche\n|-damage|p1a: Psyche|99\/100\n|\n|-heal|p1a: Psyche|100\/100|[from] item: Leftovers\n|-heal|p2a: Mew|47\/100|[from] item: Leftovers\n|upkeep\n|turn|28\n|\n|t:|1699727998\n|move|p1a: Psyche|Psychic|p2a: Mew\n|-damage|p2a: Mew|17\/100\n|-unboost|p2a: Mew|spd|1\n|move|p2a: Mew|Roost|p2a: Mew\n|-heal|p2a: Mew|67\/100\n|\n|-heal|p2a: Mew|73\/100|[from] item: Leftovers\n|upkeep\n|turn|29\n|\n|t:|1699728003\n|move|p1a: Psyche|Psychic|p2a: Mew\n|-damage|p2a: Mew|43\/100\n|move|p2a: Mew|Roost|p2a: Mew\n|-heal|p2a: Mew|93\/100\n|\n|-heal|p2a: Mew|99\/100|[from] item: Leftovers\n|upkeep\n|turn|30\n|\n|t:|1699728008\n|move|p1a: Psyche|Psychic|p2a: Mew\n|-damage|p2a: Mew|65\/100\n|-unboost|p2a: Mew|spd|1\n|move|p2a: Mew|Cosmic Power|p2a: Mew\n|-boost|p2a: Mew|def|0\n|-boost|p2a: Mew|spd|1\n|\n|-heal|p2a: Mew|71\/100|[from] item: Leftovers\n|upkeep\n|turn|31\n|\n|t:|1699728013\n|move|p1a: Psyche|Psychic|p2a: Mew\n|-damage|p2a: Mew|38\/100\n|move|p2a: Mew|Roost|p2a: Mew\n|-heal|p2a: Mew|88\/100\n|\n|-heal|p2a: Mew|95\/100|[from] item: Leftovers\n|upkeep\n|turn|32\n|-message|Oriharabruh forfeited.\n|\n|win|BigMommaBadger\n|raw|BigMommaBadger's rating: 1101 &rarr; <strong>1133<\/strong><br \/>(+32 for winning)\n|raw|Oriharabruh's rating: 1201 &rarr; <strong>1169<\/strong><br \/>(-32 for losing)\n|l|\u2606Oriharabruh\n","uploadtime":1699728020,"views":4,"p1id":"bigmommabadger","p2id":"oriharabruh","formatid":"gen9nationaldexubers","rating":1133,"private":0,"password":""}