{"id":"gen9nationaldexubers-1989769251","p1":"Dekkerdoesstuff","p2":"ExpungedHasYourIP","format":"[Gen 9] National Dex Ubers","log":"|j|\u2606Dekkerdoesstuff\n|j|\u203dExpungedHasYourIP\n|t:|1699894169\n|gametype|singles\n|player|p1|Dekkerdoesstuff|n|1597\n|player|p2|ExpungedHasYourIP|teamrocket|1489\n|teamsize|p1|6\n|teamsize|p2|6\n|gen|9\n|tier|[Gen 9] National Dex Ubers\n|rated|\n|rule|HP Percentage Mod: HP is shown in percentages\n|rule|Endless Battle Clause: Forcing endless battles is banned\n|rule|OHKO Clause: OHKO moves are banned\n|rule|Evasion Moves Clause: Evasion moves are banned\n|rule|Evasion Items Clause: Evasion items are banned\n|rule|Species Clause: Limit one of each Pok\u00e9mon\n|rule|Sleep Clause Mod: Limit one foe put to sleep\n|rule|Mega Rayquaza Clause: You cannot mega evolve Rayquaza\n|clearpoke\n|poke|p1|Necrozma-Dusk-Mane|\n|poke|p1|Ho-Oh|\n|poke|p1|Groudon|\n|poke|p1|Arceus-Dark|\n|poke|p1|Zacian-*|\n|poke|p1|Kyogre|\n|poke|p2|Groudon|\n|poke|p2|Kyurem-Black|\n|poke|p2|Xerneas-*|\n|poke|p2|Salamence, M|\n|poke|p2|Marshadow|\n|poke|p2|Yveltal|\n|teampreview\n|inactive|Battle timer is ON: inactive players will automatically lose when time's up. (requested by Dekkerdoesstuff)\n|\n|t:|1699894191\n|start\n|switch|p1a: Necrozma|Necrozma-Dusk-Mane, shiny|100\/100\n|switch|p2a: Groudon|Groudon|100\/100\n|detailschange|p2a: Groudon|Groudon-Primal\n|-primal|p2a: Groudon|Red Orb\n|-weather|DesolateLand|[from] ability: Desolate Land|[of] p2a: Groudon\n|turn|1\n|\n|t:|1699894204\n|switch|p1a: Ho-Oh|Ho-Oh, shiny|100\/100\n|move|p2a: Groudon|Bulk Up|p2a: Groudon\n|-boost|p2a: Groudon|atk|1\n|-boost|p2a: Groudon|def|1\n|\n|-weather|DesolateLand|[upkeep]\n|upkeep\n|turn|2\n|\n|t:|1699894210\n|move|p2a: Groudon|Heat Crash|p1a: Ho-Oh\n|-resisted|p1a: Ho-Oh\n|-damage|p1a: Ho-Oh|40\/100\n|move|p1a: Ho-Oh|Toxic|p2a: Groudon\n|-status|p2a: Groudon|tox\n|\n|-weather|DesolateLand|[upkeep]\n|-damage|p2a: Groudon|94\/100 tox|[from] psn\n|upkeep\n|turn|3\n|\n|t:|1699894214\n|switch|p1a: Kyogre|Kyogre, shiny|100\/100\n|detailschange|p1a: Kyogre|Kyogre-Primal, shiny\n|-primal|p1a: Kyogre|Blue Orb\n|-weather|PrimordialSea|[from] ability: Primordial Sea|[of] p1a: Kyogre\n|move|p2a: Groudon|Heat Crash||[still]\n|-fail|p2a: Groudon|Heat Crash|[from] Primordial Sea\n|\n|-weather|PrimordialSea|[upkeep]\n|-damage|p2a: Groudon|82\/100 tox|[from] psn\n|upkeep\n|turn|4\n|\n|t:|1699894225\n|switch|p2a: Salamence|Salamence, M|100\/100\n|-ability|p2a: Salamence|Intimidate|boost\n|-unboost|p1a: Kyogre|atk|1\n|move|p1a: Kyogre|Origin Pulse|p2a: Salamence\n|-resisted|p2a: Salamence\n|-damage|p2a: Salamence|32\/100\n|\n|-weather|PrimordialSea|[upkeep]\n|upkeep\n|turn|5\n|\n|t:|1699894236\n|detailschange|p2a: Salamence|Salamence-Mega, M\n|-mega|p2a: Salamence|Salamence|Salamencite\n|move|p2a: Salamence|Double-Edge|p1a: Kyogre\n|-damage|p1a: Kyogre|14\/100\n|-damage|p2a: Salamence|3\/100|[from] Recoil\n|move|p1a: Kyogre|Ice Beam|p2a: Salamence\n|-supereffective|p2a: Salamence\n|-damage|p2a: Salamence|0 fnt\n|faint|p2a: Salamence\n|\n|-weather|PrimordialSea|[upkeep]\n|upkeep\n|\n|t:|1699894242\n|switch|p2a: Marshadow|Marshadow|100\/100\n|turn|6\n|\n|t:|1699894262\n|-weather|none\n|switch|p1a: Groudon|Groudon, shiny|100\/100\n|detailschange|p1a: Groudon|Groudon-Primal, shiny\n|-primal|p1a: Groudon|Red Orb\n|-weather|DesolateLand|[from] ability: Desolate Land|[of] p1a: Groudon\n|move|p2a: Marshadow|Shadow Sneak|p1a: Groudon\n|-damage|p1a: Groudon|86\/100\n|\n|-weather|DesolateLand|[upkeep]\n|upkeep\n|turn|7\n|\n|t:|1699894287\n|move|p2a: Marshadow|Knock Off|p1a: Groudon\n|-damage|p1a: Groudon|76\/100\n|move|p1a: Groudon|Spikes|p2a: Marshadow\n|-sidestart|p2: ExpungedHasYourIP|Spikes\n|\n|-weather|DesolateLand|[upkeep]\n|upkeep\n|turn|8\n|\n|t:|1699894299\n|switch|p2a: Yveltal|Yveltal, shiny|100\/100\n|-ability|p2a: Yveltal|Dark Aura\n|move|p1a: Groudon|Overheat|p2a: Yveltal\n|-damage|p2a: Yveltal|13\/100\n|-unboost|p1a: Groudon|spa|2\n|\n|-weather|DesolateLand|[upkeep]\n|upkeep\n|turn|9\n|\n|t:|1699894310\n|-weather|none\n|switch|p1a: Necrozma|Necrozma-Dusk-Mane, shiny|100\/100\n|move|p2a: Yveltal|Oblivion Wing|p1a: Necrozma\n|-resisted|p1a: Necrozma\n|-damage|p1a: Necrozma|82\/100\n|-heal|p2a: Yveltal|28\/100|[from] drain|[of] p1a: Necrozma\n|-damage|p2a: Yveltal|18\/100|[from] item: Life Orb\n|\n|upkeep\n|turn|10\n|\n|t:|1699894326\n|move|p2a: Yveltal|Dark Pulse|p1a: Necrozma\n|-supereffective|p1a: Necrozma\n|-damage|p1a: Necrozma|8\/100\n|-damage|p2a: Yveltal|8\/100|[from] item: Life Orb\n|cant|p1a: Necrozma|flinch\n|\n|upkeep\n|turn|11\n|\n|t:|1699894339\n|switch|p1a: Ho-Oh|Ho-Oh, shiny|74\/100\n|move|p2a: Yveltal|Oblivion Wing|p1a: Ho-Oh\n|-damage|p1a: Ho-Oh|47\/100\n|-heal|p2a: Yveltal|30\/100|[from] drain|[of] p1a: Ho-Oh\n|-damage|p2a: Yveltal|20\/100|[from] item: Life Orb\n|\n|upkeep\n|turn|12\n|\n|t:|1699894344\n|move|p2a: Yveltal|Dark Pulse|p1a: Ho-Oh\n|-damage|p1a: Ho-Oh|10\/100\n|-damage|p2a: Yveltal|10\/100|[from] item: Life Orb\n|move|p1a: Ho-Oh|Sacred Fire|p2a: Yveltal\n|-damage|p2a: Yveltal|0 fnt\n|faint|p2a: Yveltal\n|\n|upkeep\n|\n|t:|1699894350\n|switch|p2a: Kyurem|Kyurem-Black|100\/100\n|-damage|p2a: Kyurem|88\/100|[from] Spikes\n|-ability|p2a: Kyurem|Teravolt\n|turn|13\n|\n|t:|1699894359\n|switch|p1a: Zacian|Zacian-Crowned, shiny|100\/100\n|-ability|p1a: Zacian|Intrepid Sword|boost\n|-boost|p1a: Zacian|atk|1\n|move|p2a: Kyurem|Icicle Spear|p1a: Zacian\n|-resisted|p1a: Zacian\n|-damage|p1a: Zacian|92\/100\n|-resisted|p1a: Zacian\n|-damage|p1a: Zacian|84\/100\n|-resisted|p1a: Zacian\n|-damage|p1a: Zacian|77\/100\n|-hitcount|p1a: Zacian|3\n|\n|-heal|p2a: Kyurem|94\/100|[from] item: Leftovers\n|upkeep\n|turn|14\n|\n|t:|1699894367\n|switch|p2a: Groudon|Groudon-Primal|82\/100 tox\n|-damage|p2a: Groudon|70\/100 tox|[from] Spikes\n|-weather|DesolateLand|[from] ability: Desolate Land|[of] p2a: Groudon\n|move|p1a: Zacian|Play Rough|p2a: Groudon\n|-resisted|p2a: Groudon\n|-damage|p2a: Groudon|47\/100 tox\n|\n|-weather|DesolateLand|[upkeep]\n|-damage|p2a: Groudon|41\/100 tox|[from] psn\n|upkeep\n|turn|15\n|\n|t:|1699894381\n|-terastallize|p1a: Zacian|Fairy\n|move|p1a: Zacian|Play Rough|p2a: Groudon\n|-resisted|p2a: Groudon\n|-damage|p2a: Groudon|11\/100 tox\n|move|p2a: Groudon|Precipice Blades|p1a: Zacian\n|-crit|p1a: Zacian\n|-damage|p1a: Zacian|0 fnt\n|faint|p1a: Zacian\n|\n|-weather|DesolateLand|[upkeep]\n|-damage|p2a: Groudon|0 fnt|[from] psn\n|faint|p2a: Groudon\n|-weather|none\n|upkeep\n|inactive|ExpungedHasYourIP has 120 seconds left.\n|inactive|ExpungedHasYourIP has 90 seconds left.\n|\n|t:|1699894459\n|switch|p1a: Ho-Oh|Ho-Oh, shiny|43\/100\n|switch|p2a: Marshadow|Marshadow|100\/100\n|-damage|p2a: Marshadow|88\/100|[from] Spikes\n|turn|16\n|\n|t:|1699894473\n|switch|p1a: Necrozma|Necrozma-Dusk-Mane, shiny|8\/100\n|move|p2a: Marshadow|Spectral Thief|p1a: Necrozma\n|-supereffective|p1a: Necrozma\n|-damage|p1a: Necrozma|0 fnt\n|-damage|p2a: Marshadow|72\/100|[from] item: Rocky Helmet|[of] p1a: Necrozma\n|faint|p1a: Necrozma\n|\n|upkeep\n|\n|t:|1699894477\n|switch|p1a: Arceus|Arceus-Dark, shiny|100\/100\n|turn|17\n|inactive|ExpungedHasYourIP has 90 seconds left.\n|\n|t:|1699894483\n|move|p2a: Marshadow|Close Combat|p1a: Arceus\n|-supereffective|p1a: Arceus\n|-damage|p1a: Arceus|40\/100\n|-unboost|p2a: Marshadow|def|1\n|-unboost|p2a: Marshadow|spd|1\n|move|p1a: Arceus|Foul Play|p2a: Marshadow\n|-damage|p2a: Marshadow|0 fnt\n|faint|p2a: Marshadow\n|\n|upkeep\n|inactive|ExpungedHasYourIP has 90 seconds left.\n|\n|t:|1699894490\n|switch|p2a: Kyurem|Kyurem-Black|94\/100\n|-damage|p2a: Kyurem|82\/100|[from] Spikes\n|-ability|p2a: Kyurem|Teravolt\n|turn|18\n|\n|t:|1699894497\n|move|p1a: Arceus|Will-O-Wisp|p2a: Kyurem\n|-status|p2a: Kyurem|brn\n|move|p2a: Kyurem|Dragon Dance|p2a: Kyurem\n|-boost|p2a: Kyurem|atk|1\n|-boost|p2a: Kyurem|spe|1\n|\n|-heal|p2a: Kyurem|88\/100 brn|[from] item: Leftovers\n|-damage|p2a: Kyurem|82\/100 brn|[from] brn\n|upkeep\n|turn|19\n|\n|t:|1699894507\n|move|p2a: Kyurem|Icicle Spear|p1a: Arceus\n|-damage|p1a: Arceus|34\/100\n|-damage|p1a: Arceus|27\/100\n|-hitcount|p1a: Arceus|2\n|move|p1a: Arceus|Recover|p1a: Arceus\n|-heal|p1a: Arceus|77\/100\n|\n|-heal|p2a: Kyurem|88\/100 brn|[from] item: Leftovers\n|-damage|p2a: Kyurem|82\/100 brn|[from] brn\n|upkeep\n|turn|20\n|\n|t:|1699894514\n|move|p2a: Kyurem|Fusion Bolt|p1a: Arceus\n|-damage|p1a: Arceus|59\/100\n|move|p1a: Arceus|Foul Play|p2a: Kyurem\n|-damage|p2a: Kyurem|0 fnt\n|faint|p2a: Kyurem\n|\n|upkeep\n|\n|t:|1699894519\n|switch|p2a: Xerneas|Xerneas|100\/100\n|-damage|p2a: Xerneas|88\/100|[from] Spikes\n|-ability|p2a: Xerneas|Fairy Aura\n|turn|21\n|\n|t:|1699894524\n|-terastallize|p2a: Xerneas|Fairy\n|move|p1a: Arceus|Taunt|p2a: Xerneas\n|-start|p2a: Xerneas|move: Taunt\n|cant|p2a: Xerneas|move: Taunt|Geomancy\n|\n|upkeep\n|turn|22\n|\n|t:|1699894531\n|switch|p1a: Groudon|Groudon-Primal, shiny|76\/100\n|-weather|DesolateLand|[from] ability: Desolate Land|[of] p1a: Groudon\n|move|p2a: Xerneas|Moonblast|p1a: Groudon\n|-resisted|p1a: Groudon\n|-damage|p1a: Groudon|40\/100\n|\n|-weather|DesolateLand|[upkeep]\n|upkeep\n|turn|23\n|\n|t:|1699894537\n|move|p2a: Xerneas|Moonblast|p1a: Groudon\n|-resisted|p1a: Groudon\n|-damage|p1a: Groudon|4\/100\n|move|p1a: Groudon|Overheat|p2a: Xerneas\n|-damage|p2a: Xerneas|21\/100\n|-unboost|p1a: Groudon|spa|2\n|\n|-weather|DesolateLand|[upkeep]\n|-end|p2a: Xerneas|move: Taunt\n|upkeep\n|turn|24\n|\n|t:|1699894545\n|move|p2a: Xerneas|Moonblast|p1a: Groudon\n|-resisted|p1a: Groudon\n|-damage|p1a: Groudon|0 fnt\n|faint|p1a: Groudon\n|-weather|none\n|\n|upkeep\n|\n|t:|1699894548\n|switch|p1a: Ho-Oh|Ho-Oh, shiny|76\/100\n|turn|25\n|\n|t:|1699894550\n|move|p2a: Xerneas|Geomancy||[still]\n|-prepare|p2a: Xerneas|Geomancy\n|-enditem|p2a: Xerneas|Power Herb\n|-anim|p2a: Xerneas|Geomancy|p2a: Xerneas\n|-boost|p2a: Xerneas|spa|2\n|-boost|p2a: Xerneas|spd|2\n|-boost|p2a: Xerneas|spe|2\n|move|p1a: Ho-Oh|Sacred Fire|p2a: Xerneas\n|-damage|p2a: Xerneas|0 fnt\n|faint|p2a: Xerneas\n|\n|win|Dekkerdoesstuff\n|raw|Dekkerdoesstuff's rating: 1597 &rarr; <strong>1611<\/strong><br \/>(+14 for winning)\n|raw|ExpungedHasYourIP's rating: 1489 &rarr; <strong>1475<\/strong><br \/>(-14 for losing)\n","uploadtime":1699894571,"views":29,"p1id":"dekkerdoesstuff","p2id":"expungedhasyourip","formatid":"gen9nationaldexubers","rating":1475,"private":0,"password":""}