{"id":"gen9nationaldexubers-1984928331","p1":"contose","p2":"Xurkiyee","format":"[Gen 9] National Dex Ubers","log":"|j|\u2606contose\n|j|\u2606Xurkiyee\n|t:|1699311715\n|gametype|singles\n|player|p1|contose|fisherman-gen4|\n|player|p2|Xurkiyee|kimonogirl|\n|teamsize|p1|6\n|teamsize|p2|6\n|gen|9\n|tier|[Gen 9] National Dex Ubers\n|rule|HP Percentage Mod: HP is shown in percentages\n|rule|Endless Battle Clause: Forcing endless battles is banned\n|rule|OHKO Clause: OHKO moves are banned\n|rule|Evasion Moves Clause: Evasion moves are banned\n|rule|Evasion Items Clause: Evasion items are banned\n|rule|Species Clause: Limit one of each Pok\u00e9mon\n|rule|Sleep Clause Mod: Limit one foe put to sleep\n|rule|Mega Rayquaza Clause: You cannot mega evolve Rayquaza\n|clearpoke\n|poke|p1|Arceus-Ghost|\n|poke|p1|Lunala|\n|poke|p1|Lugia|\n|poke|p1|Dondozo, F|\n|poke|p1|Zekrom|\n|poke|p1|Giratina|\n|poke|p2|Ursaluna-Bloodmoon, M|\n|poke|p2|Groudon|\n|poke|p2|Magearna|\n|poke|p2|Arceus-Ghost|\n|poke|p2|Latios, M|\n|poke|p2|Roaring Moon|\n|teampreview\n|c|\u2606Xurkiyee|The super stall is real\n|c|\u2606Xurkiyee|hf\n|c|\u2606contose|this is the 1750 banlist\n|c|\u2606Xurkiyee|Neat\n|\n|t:|1699311754\n|start\n|switch|p1a: Lugia|Lugia|100\/100\n|switch|p2a: Roaring Moon|Roaring Moon|100\/100\n|turn|1\n|\n|t:|1699311761\n|move|p2a: Roaring Moon|Knock Off|p1a: Lugia\n|-supereffective|p1a: Lugia\n|-damage|p1a: Lugia|45\/100\n|-enditem|p1a: Lugia|Heavy-Duty Boots|[from] move: Knock Off|[of] p2a: Roaring Moon\n|move|p1a: Lugia|Toxic|p2a: Roaring Moon\n|-status|p2a: Roaring Moon|tox\n|\n|-damage|p2a: Roaring Moon|95\/100 tox|[from] psn\n|upkeep\n|turn|2\n|\n|t:|1699311776\n|move|p2a: Roaring Moon|Knock Off|p1a: Lugia\n|-supereffective|p1a: Lugia\n|-crit|p1a: Lugia\n|-damage|p1a: Lugia|0 fnt\n|faint|p1a: Lugia\n|\n|-damage|p2a: Roaring Moon|83\/100 tox|[from] psn\n|upkeep\n|\n|t:|1699311781\n|switch|p1a: Zekrom|Zekrom|100\/100\n|-ability|p1a: Zekrom|Teravolt\n|turn|3\n|\n|t:|1699311785\n|-end|p2a: Roaring Moon|Protosynthesis|[silent]\n|switch|p2a: Magearna|Magearna|100\/100\n|move|p1a: Zekrom|Dragon Dance|p1a: Zekrom\n|-boost|p1a: Zekrom|atk|1\n|-boost|p1a: Zekrom|spe|1\n|\n|upkeep\n|turn|4\n|\n|t:|1699311790\n|move|p1a: Zekrom|Fusion Bolt|p2a: Magearna\n|-damage|p2a: Magearna|44\/100\n|move|p2a: Magearna|Fleur Cannon|p1a: Zekrom\n|-supereffective|p1a: Zekrom\n|-damage|p1a: Zekrom|0 fnt\n|-unboost|p2a: Magearna|spa|2\n|faint|p1a: Zekrom\n|-ability|p2a: Magearna|Soul-Heart|boost\n|-boost|p2a: Magearna|spa|1\n|\n|-heal|p2a: Magearna|50\/100|[from] item: Leftovers\n|upkeep\n|\n|t:|1699311802\n|switch|p1a: Arceus|Arceus-Ghost|100\/100\n|turn|5\n|\n|t:|1699311805\n|move|p1a: Arceus|Will-O-Wisp|p2a: Magearna\n|-status|p2a: Magearna|brn\n|move|p2a: Magearna|Pain Split|p1a: Arceus\n|-sethp|p1a: Arceus|73\/100|[from] move: Pain Split|[silent]\n|-sethp|p2a: Magearna|79\/100 brn|[from] move: Pain Split\n|\n|-heal|p2a: Magearna|85\/100 brn|[from] item: Leftovers\n|-damage|p2a: Magearna|79\/100 brn|[from] brn\n|upkeep\n|turn|6\n|\n|t:|1699311809\n|move|p1a: Arceus|Hex|p2a: Magearna\n|-damage|p2a: Magearna|16\/100 brn\n|move|p2a: Magearna|Volt Switch|p1a: Arceus\n|-damage|p1a: Arceus|64\/100\n|\n|t:|1699311817\n|switch|p2a: Groudon|Groudon|100\/100|[from] Volt Switch\n|-weather|SunnyDay|[from] ability: Drought|[of] p2a: Groudon\n|\n|-weather|SunnyDay|[upkeep]\n|upkeep\n|turn|7\n|\n|t:|1699311822\n|switch|p1a: Giratina|Giratina|100\/100\n|-ability|p1a: Giratina|Pressure\n|switch|p2a: Roaring Moon|Roaring Moon|83\/100 tox\n|-activate|p2a: Roaring Moon|ability: Protosynthesis\n|-start|p2a: Roaring Moon|protosynthesisatk\n|\n|-weather|SunnyDay|[upkeep]\n|-damage|p2a: Roaring Moon|77\/100 tox|[from] psn\n|upkeep\n|turn|8\n|\n|t:|1699311830\n|-terastallize|p1a: Giratina|Steel\n|move|p2a: Roaring Moon|Knock Off|p1a: Giratina\n|-damage|p1a: Giratina|33\/100\n|-enditem|p1a: Giratina|Griseous Orb|[from] move: Knock Off|[of] p2a: Roaring Moon\n|move|p1a: Giratina|Draco Meteor|p2a: Roaring Moon\n|-supereffective|p2a: Roaring Moon\n|-damage|p2a: Roaring Moon|0 fnt\n|-unboost|p1a: Giratina|spa|2\n|faint|p2a: Roaring Moon\n|-end|p2a: Roaring Moon|Protosynthesis|[silent]\n|\n|-weather|SunnyDay|[upkeep]\n|upkeep\n|\n|t:|1699311836\n|switch|p2a: Ursaluna|Ursaluna-Bloodmoon, M|100\/100\n|turn|9\n|c|\u2606contose|whooot i had a signature item strapped\n|\n|t:|1699311853\n|move|p1a: Giratina|Pain Split|p2a: Ursaluna\n|-sethp|p2a: Ursaluna|68\/100|[from] move: Pain Split|[silent]\n|-sethp|p1a: Giratina|63\/100|[from] move: Pain Split\n|move|p2a: Ursaluna|Calm Mind|p2a: Ursaluna\n|-boost|p2a: Ursaluna|spa|1\n|-boost|p2a: Ursaluna|spd|1\n|\n|-weather|SunnyDay|[upkeep]\n|-heal|p2a: Ursaluna|74\/100|[from] item: Leftovers\n|upkeep\n|turn|10\n|c|\u2606Xurkiyee|Har har har har\n|\n|t:|1699311859\n|switch|p1a: Dondozo|Dondozo, F|100\/100\n|move|p2a: Ursaluna|Calm Mind|p2a: Ursaluna\n|-boost|p2a: Ursaluna|spa|1\n|-boost|p2a: Ursaluna|spd|1\n|\n|-weather|none\n|-heal|p2a: Ursaluna|80\/100|[from] item: Leftovers\n|upkeep\n|turn|11\n|\n|t:|1699311872\n|-terastallize|p2a: Ursaluna|Normal\n|move|p2a: Ursaluna|Hyper Voice|p1a: Dondozo\n|-damage|p1a: Dondozo|36\/100\n|move|p1a: Dondozo|Curse|p1a: Dondozo\n|-unboost|p1a: Dondozo|spe|1\n|-boost|p1a: Dondozo|atk|1\n|-boost|p1a: Dondozo|def|1\n|\n|-heal|p2a: Ursaluna|87\/100|[from] item: Leftovers\n|-heal|p1a: Dondozo|42\/100|[from] item: Leftovers\n|upkeep\n|turn|12\n|\n|t:|1699311881\n|move|p2a: Ursaluna|Hyper Voice|p1a: Dondozo\n|-damage|p1a: Dondozo|0 fnt\n|faint|p1a: Dondozo\n|\n|-heal|p2a: Ursaluna|93\/100|[from] item: Leftovers\n|upkeep\n|\n|t:|1699311892\n|switch|p1a: Lunala|Lunala|100\/100\n|turn|13\n|\n|t:|1699311895\n|move|p1a: Lunala|Focus Blast|p2a: Ursaluna|[miss]\n|-miss|p1a: Lunala|p2a: Ursaluna\n|move|p2a: Ursaluna|Hyper Voice|p1a: Lunala\n|-damage|p1a: Lunala|46\/100\n|\n|-heal|p2a: Ursaluna|99\/100|[from] item: Leftovers\n|upkeep\n|turn|14\n|\n|t:|1699311899\n|move|p1a: Lunala|Focus Blast|p2a: Ursaluna|[miss]\n|-miss|p1a: Lunala|p2a: Ursaluna\n|move|p2a: Ursaluna|Hyper Voice|p1a: Lunala\n|-damage|p1a: Lunala|0 fnt\n|faint|p1a: Lunala\n|\n|-heal|p2a: Ursaluna|100\/100|[from] item: Leftovers\n|upkeep\n|c|\u2606contose|this is so ass\n|c|\u2606Xurkiyee|oof\n|c|\u2606contose|gg\n|c|\u2606Xurkiyee|gg\n|\n|t:|1699311909\n|switch|p1a: Arceus|Arceus-Ghost|64\/100\n|turn|15\n|\n|t:|1699311912\n|move|p1a: Arceus|Aura Sphere|p2a: Ursaluna\n|-supereffective|p2a: Ursaluna\n|-crit|p2a: Ursaluna\n|-damage|p2a: Ursaluna|8\/100\n|move|p2a: Ursaluna|Hyper Voice|p1a: Arceus\n|-damage|p1a: Arceus|0 fnt\n|faint|p1a: Arceus\n|\n|-heal|p2a: Ursaluna|14\/100|[from] item: Leftovers\n|upkeep\n|\n|t:|1699311916\n|switch|p1a: Giratina|Giratina, tera:Steel|63\/100\n|-ability|p1a: Giratina|Pressure\n|turn|16\n|\n|t:|1699311922\n|move|p1a: Giratina|Draco Meteor|p2a: Ursaluna\n|-damage|p2a: Ursaluna|0 fnt\n|-unboost|p1a: Giratina|spa|2\n|faint|p2a: Ursaluna\n|\n|upkeep\n|\n|t:|1699311925\n|switch|p2a: Arceus|Arceus-Ghost|100\/100\n|turn|17\n|\n|t:|1699311929\n|move|p2a: Arceus|Will-O-Wisp|p1a: Giratina\n|-status|p1a: Giratina|brn\n|move|p1a: Giratina|Poltergeist|p2a: Arceus\n|-activate|p2a: Arceus|move: Poltergeist|Spooky Plate\n|-supereffective|p2a: Arceus\n|-damage|p2a: Arceus|69\/100\n|\n|-damage|p1a: Giratina|57\/100 brn|[from] brn\n|upkeep\n|turn|18\n|\n|t:|1699311933\n|move|p2a: Arceus|Calm Mind|p2a: Arceus\n|-boost|p2a: Arceus|spa|1\n|-boost|p2a: Arceus|spd|1\n|move|p1a: Giratina|Pain Split|p2a: Arceus\n|-sethp|p2a: Arceus|62\/100|[from] move: Pain Split|[silent]\n|-sethp|p1a: Giratina|63\/100 brn|[from] move: Pain Split\n|\n|-damage|p1a: Giratina|57\/100 brn|[from] brn\n|upkeep\n|turn|19\n|\n|t:|1699311939\n|move|p1a: Giratina|Shadow Sneak|p2a: Arceus\n|-supereffective|p2a: Arceus\n|-damage|p2a: Arceus|51\/100\n|move|p2a: Arceus|Hex|p1a: Giratina\n|-damage|p1a: Giratina|0 fnt\n|faint|p1a: Giratina\n|\n|win|Xurkiyee\n|l|\u2606contose\n","uploadtime":1699311953,"views":4,"p1id":"contose","p2id":"xurkiyee","formatid":"gen9nationaldexubers","rating":0,"private":0,"password":""}