{"id":"gen9nationaldexubers-1990009858","p1":"VampPhantom","p2":"RowletTheAnimator","format":"[Gen 9] National Dex Ubers","log":"|j|\u2606VampPhantom\n|j|\u2606RowletTheAnimator\n|t:|1699915032\n|gametype|singles\n|player|p1|VampPhantom|n|\n|player|p2|RowletTheAnimator|emmet|\n|teamsize|p1|6\n|teamsize|p2|6\n|gen|9\n|tier|[Gen 9] National Dex Ubers\n|rule|HP Percentage Mod: HP is shown in percentages\n|rule|Endless Battle Clause: Forcing endless battles is banned\n|rule|OHKO Clause: OHKO moves are banned\n|rule|Evasion Moves Clause: Evasion moves are banned\n|rule|Evasion Items Clause: Evasion items are banned\n|rule|Species Clause: Limit one of each Pok\u00e9mon\n|rule|Sleep Clause Mod: Limit one foe put to sleep\n|rule|Mega Rayquaza Clause: You cannot mega evolve Rayquaza\n|clearpoke\n|poke|p1|Quagsire, M|\n|poke|p1|Clodsire, F|\n|poke|p1|Cloyster, M|\n|poke|p1|Greedent, F|\n|poke|p1|Chandelure, F|\n|poke|p1|Ceruledge, F|\n|poke|p2|Tinkaton, F|\n|poke|p2|Chi-Yu|\n|poke|p2|Flutter Mane|\n|poke|p2|Ogerpon-Cornerstone, F|\n|poke|p2|Lapras, F|\n|poke|p2|Whimsicott, F|\n|teampreview\n|\n|t:|1699915039\n|start\n|switch|p1a: BABY LAND FEESH|Clodsire, F|100\/100\n|switch|p2a: TidalWave|Lapras, F|100\/100\n|turn|1\n|\n|t:|1699915045\n|move|p2a: TidalWave|Dragon Dance|p2a: TidalWave\n|-boost|p2a: TidalWave|atk|1\n|-boost|p2a: TidalWave|spe|1\n|move|p1a: BABY LAND FEESH|Gunk Shot|p2a: TidalWave\n|-damage|p2a: TidalWave|56\/100\n|\n|upkeep\n|turn|2\n|\n|t:|1699915051\n|move|p2a: TidalWave|Dragon Dance|p2a: TidalWave\n|-boost|p2a: TidalWave|atk|1\n|-boost|p2a: TidalWave|spe|1\n|move|p1a: BABY LAND FEESH|Gunk Shot|p2a: TidalWave\n|-damage|p2a: TidalWave|16\/100\n|-status|p2a: TidalWave|psn\n|\n|-damage|p2a: TidalWave|3\/100 psn|[from] psn\n|upkeep\n|turn|3\n|\n|t:|1699915061\n|switch|p1a: LAND FEESH|Quagsire, M|100\/100\n|move|p2a: TidalWave|Ice Beam|p1a: LAND FEESH\n|-damage|p1a: LAND FEESH|51\/100\n|\n|-damage|p2a: TidalWave|0 fnt|[from] psn\n|faint|p2a: TidalWave\n|upkeep\n|\n|t:|1699915066\n|switch|p2a: Smash|Tinkaton, F|100\/100\n|-ability|p2a: Smash|Mold Breaker\n|turn|4\n|\n|t:|1699915073\n|move|p2a: Smash|Gigaton Hammer|p1a: LAND FEESH\n|-resisted|p1a: LAND FEESH\n|-damage|p1a: LAND FEESH|12\/100\n|-damage|p2a: Smash|91\/100|[from] item: Life Orb\n|move|p1a: LAND FEESH|High Horsepower|p2a: Smash\n|-supereffective|p2a: Smash\n|-crit|p2a: Smash\n|-damage|p2a: Smash|0 fnt\n|faint|p2a: Smash\n|\n|upkeep\n|\n|t:|1699915079\n|switch|p2a: Nemo|Chi-Yu|100\/100\n|-ability|p2a: Nemo|Beads of Ruin\n|turn|5\n|\n|t:|1699915085\n|move|p2a: Nemo|Overheat|p1a: LAND FEESH\n|-resisted|p1a: LAND FEESH\n|-damage|p1a: LAND FEESH|0 fnt\n|-unboost|p2a: Nemo|spa|2\n|faint|p1a: LAND FEESH\n|\n|upkeep\n|\n|t:|1699915093\n|switch|p1a: he he he haw|Cloyster, M|100\/100\n|turn|6\n|\n|t:|1699915097\n|switch|p1a: Vamp|Ceruledge, F|100\/100\n|move|p2a: Nemo|Overheat|p1a: Vamp\n|-start|p1a: Vamp|ability: Flash Fire\n|\n|upkeep\n|turn|7\n|\n|t:|1699915110\n|switch|p2a: grrrr faka|Ogerpon-Cornerstone, F|100\/100\n|move|p1a: Vamp|Bitter Blade|p2a: grrrr faka\n|-ability|p2a: grrrr faka|Sturdy\n|-damage|p2a: grrrr faka|1\/100\n|\n|upkeep\n|turn|8\n|\n|t:|1699915117\n|-terastallize|p2a: grrrr faka|Rock\n|detailschange|p2a: grrrr faka|Ogerpon-Cornerstone-Tera, F, tera:Rock\n|-ability|p2a: grrrr faka|Embody Aspect (Cornerstone)|boost\n|-boost|p2a: grrrr faka|def|1\n|move|p2a: grrrr faka|Ivy Cudgel|p1a: Vamp\n|-supereffective|p1a: Vamp\n|-damage|p1a: Vamp|0 fnt\n|faint|p1a: Vamp\n|\n|upkeep\n|\n|t:|1699915132\n|switch|p1a: BABY LAND FEESH|Clodsire, F|100\/100\n|turn|9\n|\n|t:|1699915139\n|switch|p2a: Whimsii|Whimsicott, F|100\/100\n|move|p1a: BABY LAND FEESH|Gunk Shot|p2a: Whimsii\n|-supereffective|p2a: Whimsii\n|-damage|p2a: Whimsii|0 fnt\n|faint|p2a: Whimsii\n|\n|upkeep\n|\n|t:|1699915149\n|switch|p2a: Nemo|Chi-Yu|100\/100\n|-ability|p2a: Nemo|Beads of Ruin\n|turn|10\n|\n|t:|1699915158\n|move|p2a: Nemo|Overheat|p1a: BABY LAND FEESH\n|-damage|p1a: BABY LAND FEESH|2\/100\n|-unboost|p2a: Nemo|spa|2\n|-enditem|p1a: BABY LAND FEESH|Aguav Berry|[eat]\n|-heal|p1a: BABY LAND FEESH|35\/100|[from] item: Aguav Berry\n|move|p1a: BABY LAND FEESH|High Horsepower|p2a: Nemo\n|-supereffective|p2a: Nemo\n|-damage|p2a: Nemo|0 fnt\n|faint|p2a: Nemo\n|\n|upkeep\n|\n|t:|1699915162\n|switch|p2a: Mago|Flutter Mane|100\/100\n|-enditem|p2a: Mago|Booster Energy\n|-activate|p2a: Mago|ability: Protosynthesis|[fromitem]\n|-start|p2a: Mago|protosynthesisspe\n|turn|11\n|\n|t:|1699915173\n|move|p2a: Mago|Moonblast|p1a: BABY LAND FEESH\n|-resisted|p1a: BABY LAND FEESH\n|-damage|p1a: BABY LAND FEESH|17\/100\n|move|p1a: BABY LAND FEESH|Gunk Shot|p2a: Mago\n|-damage|p2a: Mago|4\/100\n|\n|upkeep\n|turn|12\n|\n|t:|1699915186\n|move|p2a: Mago|Moonblast|p1a: BABY LAND FEESH\n|-resisted|p1a: BABY LAND FEESH\n|-damage|p1a: BABY LAND FEESH|0 fnt\n|faint|p1a: BABY LAND FEESH\n|\n|upkeep\n|\n|t:|1699915191\n|switch|p1a: Greedent|Greedent, F|100\/100\n|turn|13\n|\n|t:|1699915198\n|-terastallize|p1a: Greedent|Fairy\n|move|p2a: Mago|Moonblast|p1a: Greedent\n|-damage|p1a: Greedent|55\/100\n|move|p1a: Greedent|Seed Bomb|p2a: Mago\n|-damage|p2a: Mago|0 fnt\n|faint|p2a: Mago\n|-end|p2a: Mago|Protosynthesis|[silent]\n|\n|upkeep\n|\n|t:|1699915203\n|switch|p2a: grrrr faka|Ogerpon-Cornerstone-Tera, F, tera:Rock|1\/100\n|-ability|p2a: grrrr faka|Embody Aspect (Cornerstone)|boost\n|-boost|p2a: grrrr faka|def|1\n|turn|14\n|\n|t:|1699915209\n|move|p2a: grrrr faka|Ivy Cudgel|p1a: Greedent\n|-damage|p1a: Greedent|0 fnt\n|faint|p1a: Greedent\n|\n|upkeep\n|\n|t:|1699915214\n|switch|p1a: he he he haw|Cloyster, M|100\/100\n|turn|15\n|\n|t:|1699915218\n|move|p2a: grrrr faka|Ivy Cudgel|p1a: he he he haw\n|-supereffective|p1a: he he he haw\n|-damage|p1a: he he he haw|0 fnt\n|faint|p1a: he he he haw\n|\n|upkeep\n|\n|t:|1699915222\n|switch|p1a: porple|Chandelure, F|100\/100\n|turn|16\n|\n|t:|1699915225\n|move|p2a: grrrr faka|Ivy Cudgel|p1a: porple\n|-supereffective|p1a: porple\n|-damage|p1a: porple|0 fnt\n|faint|p1a: porple\n|\n|win|RowletTheAnimator\n","uploadtime":1699915244,"views":10,"p1id":"vampphantom","p2id":"rowlettheanimator","formatid":"gen9nationaldexubers","rating":0,"private":0,"password":""}