{"id":"gen9nationaldexubers-1981842655","p1":"Neosouls","p2":"DrArkane15","format":"[Gen 9] National Dex Ubers","log":"|j|\u2606Neosouls\n|j|\u2606DrArkane15\n|t:|1698945761\n|gametype|singles\n|player|p1|Neosouls|2|\n|player|p2|DrArkane15|cyrus|\n|teamsize|p1|5\n|teamsize|p2|3\n|gen|9\n|tier|[Gen 9] National Dex Ubers\n|rule|HP Percentage Mod: HP is shown in percentages\n|rule|Endless Battle Clause: Forcing endless battles is banned\n|rule|OHKO Clause: OHKO moves are banned\n|rule|Evasion Moves Clause: Evasion moves are banned\n|rule|Evasion Items Clause: Evasion items are banned\n|rule|Species Clause: Limit one of each Pok\u00e9mon\n|rule|Sleep Clause Mod: Limit one foe put to sleep\n|rule|Mega Rayquaza Clause: You cannot mega evolve Rayquaza\n|clearpoke\n|poke|p1|Charmeleon, L24, M|\n|poke|p1|Staravia, L24, F|\n|poke|p1|Gyarados, L23, M|\n|poke|p1|Mankey, L24, M|\n|poke|p1|Pawniard, L19, F|\n|poke|p2|Onix, L22, M|\n|poke|p2|Geodude-Alola, L21, F|\n|poke|p2|Nosepass, L21, F|\n|teampreview\n|j| Half_A_Ako\n|c| Half_A_Ako|j'esperre tu perds neo\n|\n|t:|1698945779\n|start\n|switch|p1a: Wilder|Mankey, L24, M|100\/100\n|switch|p2a: Onix|Onix, L22, M|100\/100\n|turn|1\n|\n|t:|1698945790\n|move|p2a: Onix|Bulldoze|p1a: Wilder\n|-damage|p1a: Wilder|67\/100\n|-unboost|p1a: Wilder|spe|1\n|move|p1a: Wilder|Cross Chop|p2a: Onix|[miss]\n|-miss|p1a: Wilder|p2a: Onix\n|\n|upkeep\n|turn|2\n|c| Half_A_Ako|a mettre le level a 25 max\n|c| Half_A_Ako|cheh\n|\n|t:|1698945800\n|move|p2a: Onix|Rock Slide|p1a: Wilder\n|-resisted|p1a: Wilder\n|-damage|p1a: Wilder|47\/100\n|move|p1a: Wilder|Low Kick|p2a: Onix\n|-supereffective|p2a: Onix\n|-damage|p2a: Onix|0 fnt\n|faint|p2a: Onix\n|\n|upkeep\n|\n|t:|1698945814\n|switch|p2a: Nosepass|Nosepass, L21, F|100\/100\n|turn|3\n|\n|t:|1698945825\n|move|p1a: Wilder|Low Kick|p2a: Nosepass\n|-supereffective|p2a: Nosepass\n|-ability|p2a: Nosepass|Sturdy\n|-damage|p2a: Nosepass|2\/100\n|move|p2a: Nosepass|Spark|p1a: Wilder\n|-damage|p1a: Wilder|20\/100\n|\n|upkeep\n|turn|4\n|\n|t:|1698945834\n|move|p1a: Wilder|Fury Swipes|p2a: Nosepass|[miss]\n|-miss|p1a: Wilder|p2a: Nosepass\n|move|p2a: Nosepass|Spark|p1a: Wilder\n|-damage|p1a: Wilder|0 fnt\n|faint|p1a: Wilder\n|\n|upkeep\n|c| Half_A_Ako|solo le stp\n|c| Half_A_Ako|CHEH\n|\n|t:|1698945843\n|switch|p1a: Gyarados|Gyarados, L23, M|100\/100\n|-ability|p1a: Gyarados|Intimidate|boost\n|-unboost|p2a: Nosepass|atk|1\n|turn|5\n|c|\u2606DrArkane15|gal\u00e8re il a un l\u00e9viator\n|\n|t:|1698945852\n|move|p1a: Gyarados|Bite|p2a: Nosepass\n|-damage|p2a: Nosepass|0 fnt\n|faint|p2a: Nosepass\n|\n|upkeep\n|\n|t:|1698945856\n|switch|p2a: Geodude|Geodude-Alola, L21, F|100\/100\n|turn|6\n|\n|t:|1698945862\n|move|p1a: Gyarados|Crunch|p2a: Geodude\n|-damage|p2a: Geodude|62\/100\n|move|p2a: Geodude|Thunder Punch|p1a: Gyarados\n|-supereffective|p1a: Gyarados\n|-damage|p1a: Gyarados|0 fnt\n|faint|p1a: Gyarados\n|\n|upkeep\n|\n|t:|1698945870\n|switch|p1a: Apollon|Charmeleon, L24, M|100\/100\n|turn|7\n|c| Half_A_Ako|VOILA\n|\n|t:|1698945877\n|move|p1a: Apollon|Dragon Breath|p2a: Geodude\n|-damage|p2a: Geodude|8\/100\n|move|p2a: Geodude|Rock Tomb|p1a: Apollon\n|-supereffective|p1a: Apollon\n|-damage|p1a: Apollon|28\/100\n|-unboost|p1a: Apollon|spe|1\n|\n|upkeep\n|turn|8\n|c| Half_A_Ako|NIQUE LE\n|c| Half_A_Ako|VOILA\n|\n|t:|1698945887\n|move|p1a: Apollon|Dragon Breath|p2a: Geodude\n|-damage|p2a: Geodude|0 fnt\n|faint|p2a: Geodude\n|\n|win|Neosouls\n|c| Half_A_Ako|orhhh\n|l|\u2606DrArkane15\n","uploadtime":1698945895,"views":14,"p1id":"neosouls","p2id":"drarkane15","formatid":"gen9nationaldexubers","rating":0,"private":0,"password":""}