{"id":"gen9nationaldexubers-1996941778","p1":"Djujao","p2":"Ginesect","format":"[Gen 9] National Dex Ubers","log":"|j|\u2606Djujao\n|j|\u2606Ginesect\n|t:|1700747634\n|gametype|singles\n|player|p1|Djujao|pilot|\n|player|p2|Ginesect|cynthia|\n|teamsize|p1|6\n|teamsize|p2|6\n|gen|9\n|tier|[Gen 9] National Dex Ubers\n|rule|HP Percentage Mod: HP is shown in percentages\n|rule|Endless Battle Clause: Forcing endless battles is banned\n|rule|OHKO Clause: OHKO moves are banned\n|rule|Evasion Moves Clause: Evasion moves are banned\n|rule|Evasion Items Clause: Evasion items are banned\n|rule|Species Clause: Limit one of each Pok\u00e9mon\n|rule|Sleep Clause Mod: Limit one foe put to sleep\n|rule|Mega Rayquaza Clause: You cannot mega evolve Rayquaza\n|clearpoke\n|poke|p1|Iron Bundle|\n|poke|p1|Lopunny, F|\n|poke|p1|Tapu Koko|\n|poke|p1|Clodsire, M|\n|poke|p1|Moltres|\n|poke|p1|Gholdengo|\n|poke|p2|Ninetales-Alola, F|\n|poke|p2|Baxcalibur, F|\n|poke|p2|Iron Bundle|\n|poke|p2|Weavile, M|\n|poke|p2|Arctozolt|\n|poke|p2|Moltres|\n|teampreview\n|c|\u2606Djujao|glhf!\n|\n|t:|1700747650\n|start\n|switch|p1a: Gholdengo|Gholdengo|100\/100\n|switch|p2a: Weavile|Weavile, M|100\/100\n|-ability|p2a: Weavile|Pressure\n|turn|1\n|c|\u2606Ginesect|Glhf\n|\n|t:|1700747669\n|move|p1a: Gholdengo|Flash Cannon|p2a: Weavile\n|-supereffective|p2a: Weavile\n|-enditem|p2a: Weavile|Focus Sash\n|-damage|p2a: Weavile|1\/100\n|move|p2a: Weavile|Knock Off|p1a: Gholdengo\n|-supereffective|p1a: Gholdengo\n|-damage|p1a: Gholdengo|0 fnt\n|-enditem|p1a: Gholdengo|Choice Scarf|[from] move: Knock Off|[of] p2a: Weavile\n|faint|p1a: Gholdengo\n|\n|upkeep\n|\n|t:|1700747683\n|switch|p1a: Iron Bundle|Iron Bundle|100\/100\n|turn|2\n|\n|t:|1700747693\n|switch|p2a: Ninetales|Ninetales-Alola, F|100\/100\n|-weather|Snow|[from] ability: Snow Warning|[of] p2a: Ninetales\n|move|p1a: Iron Bundle|Flip Turn|p2a: Ninetales\n|-damage|p2a: Ninetales|85\/100\n|\n|t:|1700747710\n|-end|p1a: Iron Bundle|Quark Drive|[silent]\n|switch|p1a: Lopunny|Lopunny, F|100\/100|[from] Flip Turn\n|\n|-weather|Snow|[upkeep]\n|upkeep\n|turn|3\n|\n|t:|1700747718\n|switch|p2a: Moltres|Moltres|100\/100\n|detailschange|p1a: Lopunny|Lopunny-Mega, F\n|-mega|p1a: Lopunny|Lopunny|Lopunnite\n|move|p1a: Lopunny|Fake Out|p2a: Moltres\n|-damage|p2a: Moltres|76\/100\n|\n|-weather|Snow|[upkeep]\n|upkeep\n|turn|4\n|\n|t:|1700747726\n|switch|p1a: Moltres|Moltres|100\/100\n|move|p2a: Moltres|Roost|p2a: Moltres\n|-heal|p2a: Moltres|100\/100\n|-singleturn|p2a: Moltres|move: Roost\n|\n|-weather|Snow|[upkeep]\n|upkeep\n|turn|5\n|\n|t:|1700747738\n|switch|p2a: Iron Bundle|Iron Bundle|100\/100\n|move|p1a: Moltres|U-turn|p2a: Iron Bundle\n|-damage|p2a: Iron Bundle|89\/100\n|\n|t:|1700747757\n|switch|p1a: Tapu Koko|Tapu Koko|100\/100|[from] U-turn\n|-fieldstart|move: Electric Terrain|[from] ability: Electric Surge|[of] p1a: Tapu Koko\n|-activate|p2a: Iron Bundle|ability: Quark Drive\n|-start|p2a: Iron Bundle|quarkdrivespe\n|\n|-weather|Snow|[upkeep]\n|upkeep\n|turn|6\n|\n|t:|1700747772\n|move|p2a: Iron Bundle|Ice Beam|p1a: Tapu Koko\n|-damage|p1a: Tapu Koko|0 fnt\n|faint|p1a: Tapu Koko\n|\n|-weather|Snow|[upkeep]\n|upkeep\n|\n|t:|1700747779\n|switch|p1a: Iron Bundle|Iron Bundle|100\/100\n|-activate|p1a: Iron Bundle|ability: Quark Drive\n|-start|p1a: Iron Bundle|quarkdrivespe\n|turn|7\n|\n|t:|1700747799\n|-end|p2a: Iron Bundle|Quark Drive|[silent]\n|switch|p2a: Ninetales|Ninetales-Alola, F|85\/100\n|move|p1a: Iron Bundle|Aurora Veil|p1a: Iron Bundle\n|-sidestart|p1: Djujao|move: Aurora Veil\n|\n|-weather|Snow|[upkeep]\n|upkeep\n|turn|8\n|\n|t:|1700747810\n|move|p1a: Iron Bundle|Hydro Pump|p2a: Ninetales\n|-damage|p2a: Ninetales|27\/100\n|move|p2a: Ninetales|Aurora Veil|p2a: Ninetales\n|-sidestart|p2: Ginesect|move: Aurora Veil\n|\n|-weather|Snow|[upkeep]\n|upkeep\n|turn|9\n|\n|t:|1700747834\n|switch|p2a: Iron Bundle|Iron Bundle|89\/100\n|-activate|p2a: Iron Bundle|ability: Quark Drive\n|-start|p2a: Iron Bundle|quarkdrivespe\n|move|p1a: Iron Bundle|Flip Turn|p2a: Iron Bundle\n|-resisted|p2a: Iron Bundle\n|-crit|p2a: Iron Bundle\n|-damage|p2a: Iron Bundle|80\/100\n|\n|t:|1700747842\n|-end|p1a: Iron Bundle|Quark Drive|[silent]\n|switch|p1a: Lopunny|Lopunny-Mega, F|100\/100|[from] Flip Turn\n|\n|-weather|none\n|-fieldend|move: Electric Terrain\n|-end|p2a: Iron Bundle|Quark Drive\n|upkeep\n|turn|10\n|\n|t:|1700747861\n|switch|p1a: Clodsire|Clodsire, M|100\/100\n|move|p2a: Iron Bundle|Hydro Pump|p1a: Clodsire\n|-supereffective|p1a: Clodsire\n|-damage|p1a: Clodsire|47\/100\n|\n|upkeep\n|turn|11\n|\n|t:|1700747878\n|move|p2a: Iron Bundle|Hydro Pump|p1a: Clodsire\n|-supereffective|p1a: Clodsire\n|-crit|p1a: Clodsire\n|-damage|p1a: Clodsire|0 fnt\n|faint|p1a: Clodsire\n|\n|-sideend|p1: Djujao|move: Aurora Veil\n|upkeep\n|\n|t:|1700747889\n|switch|p1a: Iron Bundle|Iron Bundle|100\/100\n|turn|12\n|\n|t:|1700747901\n|-terastallize|p2a: Iron Bundle|Water\n|move|p2a: Iron Bundle|Hydro Pump|p1a: Iron Bundle\n|-resisted|p1a: Iron Bundle\n|-damage|p1a: Iron Bundle|16\/100\n|move|p1a: Iron Bundle|Hydro Pump|p2a: Iron Bundle\n|-resisted|p2a: Iron Bundle\n|-damage|p2a: Iron Bundle|58\/100\n|\n|-sideend|p2: Ginesect|move: Aurora Veil\n|upkeep\n|turn|13\n|\n|t:|1700747915\n|move|p1a: Iron Bundle|Hydro Pump|p2a: Iron Bundle\n|-resisted|p2a: Iron Bundle\n|-damage|p2a: Iron Bundle|13\/100\n|move|p2a: Iron Bundle|Hydro Pump|p1a: Iron Bundle\n|-resisted|p1a: Iron Bundle\n|-damage|p1a: Iron Bundle|0 fnt\n|faint|p1a: Iron Bundle\n|-end|p1a: Iron Bundle|Quark Drive|[silent]\n|\n|upkeep\n|\n|t:|1700747921\n|switch|p1a: Lopunny|Lopunny-Mega, F|100\/100\n|turn|14\n|\n|t:|1700747924\n|move|p1a: Lopunny|Fake Out|p2a: Iron Bundle\n|-damage|p2a: Iron Bundle|0 fnt\n|faint|p2a: Iron Bundle\n|-end|p2a: Iron Bundle|Quark Drive|[silent]\n|\n|upkeep\n|\n|t:|1700747929\n|switch|p2a: Ninetales|Ninetales-Alola, F|27\/100\n|-weather|Snow|[from] ability: Snow Warning|[of] p2a: Ninetales\n|turn|15\n|\n|t:|1700747939\n|move|p1a: Lopunny|Close Combat|p2a: Ninetales\n|-damage|p2a: Ninetales|0 fnt\n|-unboost|p1a: Lopunny|def|1\n|-unboost|p1a: Lopunny|spd|1\n|faint|p2a: Ninetales\n|\n|-weather|Snow|[upkeep]\n|upkeep\n|\n|t:|1700747942\n|switch|p2a: Arctozolt|Arctozolt|100\/100\n|turn|16\n|\n|t:|1700747951\n|switch|p1a: Moltres|Moltres|100\/100\n|move|p2a: Arctozolt|Bolt Beak|p1a: Moltres\n|-supereffective|p1a: Moltres\n|-damage|p1a: Moltres|0 fnt\n|-status|p2a: Arctozolt|brn|[from] ability: Flame Body|[of] p1a: Moltres\n|faint|p1a: Moltres\n|-damage|p2a: Arctozolt|91\/100 brn|[from] item: Life Orb\n|\n|-weather|Snow|[upkeep]\n|-damage|p2a: Arctozolt|84\/100 brn|[from] brn\n|upkeep\n|c|\u2606Ginesect|Damn\n|c|\u2606Ginesect|Insane\n|\n|t:|1700747961\n|switch|p1a: Lopunny|Lopunny-Mega, F|100\/100\n|turn|17\n|\n|t:|1700747972\n|move|p2a: Arctozolt|Bolt Beak|p1a: Lopunny\n|-damage|p1a: Lopunny|39\/100\n|-damage|p2a: Arctozolt|74\/100 brn|[from] item: Life Orb\n|move|p1a: Lopunny|Play Rough|p2a: Arctozolt\n|-damage|p2a: Arctozolt|50\/100 brn\n|\n|-weather|Snow|[upkeep]\n|-damage|p2a: Arctozolt|43\/100 brn|[from] brn\n|upkeep\n|turn|18\n|c|\u2606Djujao|fuck\n|c|\u2606Djujao|that isnt the dragon\n|\n|t:|1700747989\n|move|p2a: Arctozolt|Bolt Beak|p1a: Lopunny\n|-damage|p1a: Lopunny|0 fnt\n|faint|p1a: Lopunny\n|-damage|p2a: Arctozolt|33\/100 brn|[from] item: Life Orb\n|\n|win|Ginesect\n|c|\u2606Ginesect|Lol\n|c|\u2606Djujao|gg\n|c|\u2606Ginesect|gg\n","uploadtime":1700747997,"views":1,"p1id":"djujao","p2id":"ginesect","formatid":"gen9nationaldexubers","rating":0,"private":0,"password":""}