{"id":"gen9nationaldexubers-1983591532","p1":"clobbah time","p2":"the.hierophant96","format":"[Gen 9] National Dex Ubers","log":"|j|\u2606clobbah time\n|j|\u2606the.hierophant96\n|t:|1699146952\n|gametype|singles\n|player|p1|clobbah time|alec-anime|1357\n|player|p2|the.hierophant96|riley|1399\n|teamsize|p1|6\n|teamsize|p2|6\n|gen|9\n|tier|[Gen 9] National Dex Ubers\n|rated|\n|rule|HP Percentage Mod: HP is shown in percentages\n|rule|Endless Battle Clause: Forcing endless battles is banned\n|rule|OHKO Clause: OHKO moves are banned\n|rule|Evasion Moves Clause: Evasion moves are banned\n|rule|Evasion Items Clause: Evasion items are banned\n|rule|Species Clause: Limit one of each Pok\u00e9mon\n|rule|Sleep Clause Mod: Limit one foe put to sleep\n|rule|Mega Rayquaza Clause: You cannot mega evolve Rayquaza\n|clearpoke\n|poke|p1|Groudon|\n|poke|p1|Chi-Yu|\n|poke|p1|Zygarde|\n|poke|p1|Flutter Mane|\n|poke|p1|Zacian-*|\n|poke|p1|Marshadow|\n|poke|p2|Volcarona, F|\n|poke|p2|Kyogre|\n|poke|p2|Marshadow|\n|poke|p2|Eternatus|\n|poke|p2|Ferrothorn, M|\n|poke|p2|Shuckle, M|\n|teampreview\n|\n|t:|1699146964\n|start\n|switch|p1a: Marshadow|Marshadow|100\/100\n|switch|p2a: Shuckle|Shuckle, M|100\/100\n|turn|1\n|\n|t:|1699146979\n|move|p1a: Marshadow|Swagger|p2a: Shuckle\n|-boost|p2a: Shuckle|atk|2\n|-enditem|p1a: Marshadow|Mirror Herb\n|-boost|p1a: Marshadow|atk|2|[from] item: Mirror Herb\n|-start|p2a: Shuckle|confusion\n|-activate|p2a: Shuckle|confusion\n|move|p2a: Shuckle|Sticky Web|p1a: Marshadow\n|-sidestart|p1: clobbah time|move: Sticky Web\n|\n|upkeep\n|turn|2\n|\n|t:|1699146991\n|move|p1a: Marshadow|Spectral Thief||[still]\n|-clearpositiveboost|p2a: Shuckle|p1a: Marshadow|move: Spectral Thief\n|-boost|p1a: Marshadow|atk|2\n|-anim|p1a: Marshadow|Spectral Thief|p2a: Shuckle\n|-damage|p2a: Shuckle|30\/100\n|-activate|p2a: Shuckle|confusion\n|move|p2a: Shuckle|Stealth Rock|p1a: Marshadow\n|-sidestart|p1: clobbah time|move: Stealth Rock\n|\n|-heal|p2a: Shuckle|36\/100|[from] item: Leftovers\n|upkeep\n|turn|3\n|\n|t:|1699147002\n|move|p1a: Marshadow|Spectral Thief|p2a: Shuckle\n|-damage|p2a: Shuckle|0 fnt\n|faint|p2a: Shuckle\n|\n|upkeep\n|\n|t:|1699147009\n|switch|p2a: Marshadow|Marshadow|100\/100\n|turn|4\n|\n|t:|1699147020\n|-terastallize|p2a: Marshadow|Steel\n|move|p1a: Marshadow|Shadow Sneak|p2a: Marshadow\n|-enditem|p2a: Marshadow|Focus Sash\n|-damage|p2a: Marshadow|1\/100\n|move|p2a: Marshadow|Spectral Thief||[still]\n|-clearpositiveboost|p1a: Marshadow|p2a: Marshadow|move: Spectral Thief\n|-boost|p2a: Marshadow|atk|4\n|-anim|p2a: Marshadow|Spectral Thief|p1a: Marshadow\n|-supereffective|p1a: Marshadow\n|-damage|p1a: Marshadow|0 fnt\n|faint|p1a: Marshadow\n|\n|upkeep\n|\n|t:|1699147027\n|switch|p1a: Zygarde|Zygarde|100\/100\n|-activate|p1a: Zygarde|move: Sticky Web\n|-unboost|p1a: Zygarde|spe|1\n|-damage|p1a: Zygarde|94\/100|[from] Stealth Rock\n|turn|5\n|\n|t:|1699147039\n|move|p2a: Marshadow|Spectral Thief|p1a: Zygarde\n|-damage|p1a: Zygarde|4\/100\n|move|p1a: Zygarde|Thousand Arrows|p2a: Marshadow\n|-supereffective|p2a: Marshadow\n|-crit|p2a: Marshadow\n|-damage|p2a: Marshadow|0 fnt\n|faint|p2a: Marshadow\n|\n|-heal|p1a: Zygarde|10\/100|[from] item: Leftovers\n|-activate|p1a: Zygarde|ability: Power Construct\n|detailschange|p1a: Zygarde|Zygarde-Complete\n|-heal|p1a: Zygarde|41\/100|[silent]\n|upkeep\n|c|\u2606the.hierophant96|thanks for stats\n|\n|t:|1699147060\n|switch|p2a: Eternatus|Eternatus|100\/100\n|-ability|p2a: Eternatus|Pressure\n|turn|6\n|\n|t:|1699147070\n|move|p2a: Eternatus|Dynamax Cannon|p1a: Zygarde\n|-supereffective|p1a: Zygarde\n|-damage|p1a: Zygarde|0 fnt\n|faint|p1a: Zygarde\n|\n|upkeep\n|\n|t:|1699147073\n|switch|p1a: Groudon|Groudon|100\/100\n|-activate|p1a: Groudon|move: Sticky Web\n|-unboost|p1a: Groudon|spe|1\n|-damage|p1a: Groudon|94\/100|[from] Stealth Rock\n|-weather|SunnyDay|[from] ability: Drought|[of] p1a: Groudon\n|turn|7\n|\n|t:|1699147082\n|switch|p2a: Kyogre|Kyogre, shiny|100\/100\n|detailschange|p2a: Kyogre|Kyogre-Primal, shiny\n|-primal|p2a: Kyogre|Blue Orb\n|-weather|PrimordialSea|[from] ability: Primordial Sea|[of] p2a: Kyogre\n|move|p1a: Groudon|Precipice Blades|p2a: Kyogre\n|-damage|p2a: Kyogre|24\/100\n|\n|-weather|PrimordialSea|[upkeep]\n|upkeep\n|turn|8\n|inactive|Battle timer is ON: inactive players will automatically lose when time's up. (requested by the.hierophant96)\n|\n|t:|1699147125\n|-terastallize|p1a: Groudon|Grass\n|move|p2a: Kyogre|Water Spout|p1a: Groudon\n|-resisted|p1a: Groudon\n|-damage|p1a: Groudon|77\/100\n|move|p1a: Groudon|Precipice Blades|p2a: Kyogre|[miss]\n|-miss|p1a: Groudon|p2a: Kyogre\n|\n|-weather|PrimordialSea|[upkeep]\n|upkeep\n|turn|9\n|\n|t:|1699147133\n|move|p2a: Kyogre|Ice Beam|p1a: Groudon\n|-supereffective|p1a: Groudon\n|-damage|p1a: Groudon|0 fnt\n|faint|p1a: Groudon\n|\n|-weather|PrimordialSea|[upkeep]\n|upkeep\n|\n|t:|1699147137\n|switch|p1a: Zacian|Zacian-Crowned|100\/100\n|-activate|p1a: Zacian|move: Sticky Web\n|-unboost|p1a: Zacian|spe|1\n|-damage|p1a: Zacian|94\/100|[from] Stealth Rock\n|-ability|p1a: Zacian|Intrepid Sword|boost\n|-boost|p1a: Zacian|atk|1\n|turn|10\n|\n|t:|1699147143\n|move|p2a: Kyogre|Water Spout|p1a: Zacian\n|-damage|p1a: Zacian|59\/100\n|move|p1a: Zacian|Play Rough|p2a: Kyogre\n|-damage|p2a: Kyogre|0 fnt\n|faint|p2a: Kyogre\n|-weather|none\n|\n|upkeep\n|\n|t:|1699147151\n|switch|p2a: Ferrothorn|Ferrothorn, M|100\/100\n|turn|11\n|\n|t:|1699147176\n|switch|p1a: Chi-Yu|Chi-Yu|100\/100\n|-activate|p1a: Chi-Yu|move: Sticky Web\n|-unboost|p1a: Chi-Yu|spe|1\n|-damage|p1a: Chi-Yu|76\/100|[from] Stealth Rock\n|-ability|p1a: Chi-Yu|Beads of Ruin\n|move|p2a: Ferrothorn|Leech Seed|p1a: Chi-Yu\n|-start|p1a: Chi-Yu|move: Leech Seed\n|\n|-damage|p1a: Chi-Yu|63\/100|[from] Leech Seed|[of] p2a: Ferrothorn\n|upkeep\n|turn|12\n|\n|t:|1699147187\n|switch|p2a: Eternatus|Eternatus|100\/100\n|-ability|p2a: Eternatus|Pressure\n|move|p1a: Chi-Yu|Overheat|p2a: Eternatus\n|-resisted|p2a: Eternatus\n|-damage|p2a: Eternatus|43\/100\n|-unboost|p1a: Chi-Yu|spa|2\n|\n|-heal|p2a: Eternatus|49\/100|[from] item: Black Sludge\n|-damage|p1a: Chi-Yu|51\/100|[from] Leech Seed|[of] p2a: Eternatus\n|-heal|p2a: Eternatus|57\/100|[silent]\n|upkeep\n|turn|13\n|\n|t:|1699147198\n|switch|p1a: Zacian|Zacian-Crowned|59\/100\n|-activate|p1a: Zacian|move: Sticky Web\n|-unboost|p1a: Zacian|spe|1\n|-damage|p1a: Zacian|53\/100|[from] Stealth Rock\n|move|p2a: Eternatus|Cosmic Power|p2a: Eternatus\n|-boost|p2a: Eternatus|def|1\n|-boost|p2a: Eternatus|spd|1\n|\n|-heal|p2a: Eternatus|63\/100|[from] item: Black Sludge\n|upkeep\n|turn|14\n|\n|t:|1699147208\n|move|p2a: Eternatus|Flamethrower|p1a: Zacian\n|-supereffective|p1a: Zacian\n|-damage|p1a: Zacian|0 fnt\n|faint|p1a: Zacian\n|\n|-heal|p2a: Eternatus|69\/100|[from] item: Black Sludge\n|upkeep\n|\n|t:|1699147210\n|switch|p1a: Flutter Mane|Flutter Mane|100\/100\n|-activate|p1a: Flutter Mane|move: Sticky Web\n|-unboost|p1a: Flutter Mane|spe|1\n|-damage|p1a: Flutter Mane|88\/100|[from] Stealth Rock\n|turn|15\n|\n|t:|1699147226\n|move|p2a: Eternatus|Recover|p2a: Eternatus\n|-heal|p2a: Eternatus|100\/100\n|move|p1a: Flutter Mane|Calm Mind|p1a: Flutter Mane\n|-boost|p1a: Flutter Mane|spa|1\n|-boost|p1a: Flutter Mane|spd|1\n|\n|upkeep\n|turn|16\n|\n|t:|1699147248\n|move|p2a: Eternatus|Cosmic Power|p2a: Eternatus\n|-boost|p2a: Eternatus|def|1\n|-boost|p2a: Eternatus|spd|1\n|move|p1a: Flutter Mane|Calm Mind|p1a: Flutter Mane\n|-boost|p1a: Flutter Mane|spa|1\n|-boost|p1a: Flutter Mane|spd|1\n|\n|upkeep\n|turn|17\n|\n|t:|1699147261\n|move|p2a: Eternatus|Cosmic Power|p2a: Eternatus\n|-boost|p2a: Eternatus|def|1\n|-boost|p2a: Eternatus|spd|1\n|move|p1a: Flutter Mane|Substitute|p1a: Flutter Mane\n|-start|p1a: Flutter Mane|Substitute\n|-damage|p1a: Flutter Mane|63\/100\n|\n|upkeep\n|turn|18\n|\n|t:|1699147268\n|move|p2a: Eternatus|Cosmic Power|p2a: Eternatus\n|-boost|p2a: Eternatus|def|1\n|-boost|p2a: Eternatus|spd|1\n|move|p1a: Flutter Mane|Calm Mind|p1a: Flutter Mane\n|-boost|p1a: Flutter Mane|spa|1\n|-boost|p1a: Flutter Mane|spd|1\n|\n|upkeep\n|turn|19\n|\n|t:|1699147281\n|move|p2a: Eternatus|Flamethrower|p1a: Flutter Mane\n|-crit|p1a: Flutter Mane\n|-end|p1a: Flutter Mane|Substitute\n|move|p1a: Flutter Mane|Calm Mind|p1a: Flutter Mane\n|-boost|p1a: Flutter Mane|spa|1\n|-boost|p1a: Flutter Mane|spd|1\n|\n|upkeep\n|turn|20\n|\n|t:|1699147288\n|move|p2a: Eternatus|Flamethrower|p1a: Flutter Mane\n|-damage|p1a: Flutter Mane|50\/100\n|move|p1a: Flutter Mane|Substitute|p1a: Flutter Mane\n|-start|p1a: Flutter Mane|Substitute\n|-damage|p1a: Flutter Mane|25\/100\n|\n|upkeep\n|turn|21\n|\n|t:|1699147294\n|move|p2a: Eternatus|Flamethrower|p1a: Flutter Mane\n|-activate|p1a: Flutter Mane|move: Substitute|[damage]\n|move|p1a: Flutter Mane|Moonblast|p2a: Eternatus\n|-damage|p2a: Eternatus|55\/100\n|-unboost|p2a: Eternatus|spa|1\n|\n|-heal|p2a: Eternatus|61\/100|[from] item: Black Sludge\n|upkeep\n|turn|22\n|\n|t:|1699147302\n|move|p2a: Eternatus|Flamethrower|p1a: Flutter Mane\n|-activate|p1a: Flutter Mane|move: Substitute|[damage]\n|move|p1a: Flutter Mane|Moonblast|p2a: Eternatus\n|-damage|p2a: Eternatus|16\/100\n|\n|-heal|p2a: Eternatus|23\/100|[from] item: Black Sludge\n|upkeep\n|turn|23\n|\n|t:|1699147310\n|move|p2a: Eternatus|Recover|p2a: Eternatus\n|-heal|p2a: Eternatus|73\/100\n|-zpower|p1a: Flutter Mane\n|move|p1a: Flutter Mane|Never-Ending Nightmare|p2a: Eternatus|[zeffect]\n|-damage|p2a: Eternatus|0 fnt\n|faint|p2a: Eternatus\n|\n|upkeep\n|\n|t:|1699147320\n|switch|p2a: Ferrothorn|Ferrothorn, M|100\/100\n|turn|24\n|\n|t:|1699147333\n|move|p1a: Flutter Mane|Shadow Ball|p2a: Ferrothorn\n|-damage|p2a: Ferrothorn|5\/100\n|move|p2a: Ferrothorn|Gyro Ball|p1a: Flutter Mane\n|-supereffective|p1a: Flutter Mane\n|-end|p1a: Flutter Mane|Substitute\n|\n|upkeep\n|turn|25\n|\n|t:|1699147343\n|move|p1a: Flutter Mane|Shadow Ball|p2a: Ferrothorn\n|-damage|p2a: Ferrothorn|0 fnt\n|faint|p2a: Ferrothorn\n|\n|upkeep\n|\n|t:|1699147348\n|switch|p2a: Volcarona|Volcarona, F|100\/100\n|turn|26\n|\n|t:|1699147351\n|move|p2a: Volcarona|Fiery Dance|p1a: Flutter Mane\n|-damage|p1a: Flutter Mane|6\/100\n|-damage|p2a: Volcarona|91\/100|[from] item: Life Orb\n|move|p1a: Flutter Mane|Shadow Ball|p2a: Volcarona\n|-damage|p2a: Volcarona|0 fnt\n|faint|p2a: Volcarona\n|\n|win|clobbah time\n|raw|clobbah time's rating: 1382 &rarr; <strong>1403<\/strong><br \/>(+21 for winning)\n|raw|the.hierophant96's rating: 1399 &rarr; <strong>1378<\/strong><br \/>(-21 for losing)\n|l|\u2606the.hierophant96\n","uploadtime":1699147379,"views":6,"p1id":"clobbahtime","p2id":"thehierophant96","formatid":"gen9nationaldexubers","rating":1378,"private":0,"password":""}