{"id":"gen9nationaldexubers-1983207350","p1":"Neosouls","p2":"SUPPORTERDEGREGORY","format":"[Gen 9] National Dex Ubers","log":"|j|\u2606Neosouls\n|j|\u2606SUPPORTERDEGREGORY\n|t:|1699105197\n|gametype|singles\n|player|p1|Neosouls|marlon|\n|player|p2|SUPPORTERDEGREGORY|bruno|\n|teamsize|p1|2\n|teamsize|p2|6\n|gen|9\n|tier|[Gen 9] National Dex Ubers\n|rule|HP Percentage Mod: HP is shown in percentages\n|rule|Endless Battle Clause: Forcing endless battles is banned\n|rule|OHKO Clause: OHKO moves are banned\n|rule|Evasion Moves Clause: Evasion moves are banned\n|rule|Evasion Items Clause: Evasion items are banned\n|rule|Species Clause: Limit one of each Pok\u00e9mon\n|rule|Sleep Clause Mod: Limit one foe put to sleep\n|rule|Mega Rayquaza Clause: You cannot mega evolve Rayquaza\n|clearpoke\n|poke|p1|Flapple, L28, F|\n|poke|p1|Appletun, L28, M|\n|poke|p2|Combusken, L29, M|\n|poke|p2|Staravia, L28, M|\n|poke|p2|Horsea, L28, M|\n|poke|p2|Luxio, L25, M|\n|poke|p2|Impidimp, L24, M|\n|poke|p2|Rockruff, L22, M|\n|teampreview\n|\n|t:|1699105273\n|start\n|switch|p1a: Flapple|Flapple, L28, F|100\/100\n|switch|p2a: Combusken|Combusken, L29, M, shiny|100\/100\n|turn|1\n|\n|t:|1699105295\n|move|p1a: Flapple|Dragon Pulse|p2a: Combusken\n|-damage|p2a: Combusken|49\/100\n|move|p2a: Combusken|Flame Charge|p1a: Flapple\n|-damage|p1a: Flapple|69\/100\n|-boost|p2a: Combusken|spe|1\n|\n|-ability|p2a: Combusken|Speed Boost|boost\n|-boost|p2a: Combusken|spe|1\n|upkeep\n|turn|2\n|\n|t:|1699105306\n|move|p2a: Combusken|Aerial Ace|p1a: Flapple\n|-supereffective|p1a: Flapple\n|-crit|p1a: Flapple\n|-damage|p1a: Flapple|0 fnt\n|faint|p1a: Flapple\n|\n|-ability|p2a: Combusken|Speed Boost|boost\n|-boost|p2a: Combusken|spe|1\n|upkeep\n|\n|t:|1699105316\n|switch|p1a: Appletun|Appletun, L28, M|100\/100\n|turn|3\n|\n|t:|1699105321\n|move|p2a: Combusken|Aerial Ace|p1a: Appletun\n|-supereffective|p1a: Appletun\n|-damage|p1a: Appletun|65\/100\n|move|p1a: Appletun|Stomp|p2a: Combusken\n|-damage|p2a: Combusken|23\/100\n|\n|-ability|p2a: Combusken|Speed Boost|boost\n|-boost|p2a: Combusken|spe|1\n|upkeep\n|turn|4\n|\n|t:|1699105330\n|move|p2a: Combusken|Aerial Ace|p1a: Appletun\n|-supereffective|p1a: Appletun\n|-damage|p1a: Appletun|29\/100\n|move|p1a: Appletun|Stomp|p2a: Combusken\n|-damage|p2a: Combusken|0 fnt\n|faint|p2a: Combusken\n|\n|upkeep\n|\n|t:|1699105351\n|switch|p2a: Staravia|Staravia, L28, M|100\/100\n|-ability|p2a: Staravia|Intimidate|boost\n|-unboost|p1a: Appletun|atk|1\n|turn|5\n|\n|t:|1699105359\n|move|p2a: Staravia|Wing Attack|p1a: Appletun\n|-supereffective|p1a: Appletun\n|-damage|p1a: Appletun|0 fnt\n|faint|p1a: Appletun\n|\n|win|SUPPORTERDEGREGORY\n","uploadtime":1699105365,"views":8,"p1id":"neosouls","p2id":"supporterdegregory","formatid":"gen9nationaldexubers","rating":0,"private":0,"password":""}