{"id":"gen9nationaldexubers-1989958912","p1":"JeanPierre693","p2":"nirwell","format":"[Gen 9] National Dex Ubers","log":"|j|\u2606JeanPierre693\n|j|\u2606nirwell\n|t:|1699910242\n|gametype|singles\n|player|p1|JeanPierre693|elio|\n|player|p2|nirwell|cyclist-gen4|\n|teamsize|p1|6\n|teamsize|p2|6\n|gen|9\n|tier|[Gen 9] National Dex Ubers\n|rule|HP Percentage Mod: HP is shown in percentages\n|rule|Endless Battle Clause: Forcing endless battles is banned\n|rule|OHKO Clause: OHKO moves are banned\n|rule|Evasion Moves Clause: Evasion moves are banned\n|rule|Evasion Items Clause: Evasion items are banned\n|rule|Species Clause: Limit one of each Pok\u00e9mon\n|rule|Sleep Clause Mod: Limit one foe put to sleep\n|rule|Mega Rayquaza Clause: You cannot mega evolve Rayquaza\n|clearpoke\n|poke|p1|Kyogre|\n|poke|p1|Zacian-*|\n|poke|p1|Necrozma-Dusk-Mane|\n|poke|p1|Giratina|\n|poke|p1|Diancie|\n|poke|p1|Ho-Oh|\n|poke|p2|Roaring Moon|\n|poke|p2|Flutter Mane|\n|poke|p2|Greninja-*, M|\n|poke|p2|Pheromosa|\n|poke|p2|Iron Moth|\n|poke|p2|Kartana|\n|teampreview\n|\n|t:|1699910267\n|start\n|switch|p1a: Kyogre|Kyogre|100\/100\n|switch|p2a: Flutter Mane|Flutter Mane|100\/100\n|-weather|RainDance|[from] ability: Drizzle|[of] p1a: Kyogre\n|turn|1\n|\n|t:|1699910280\n|move|p1a: Kyogre|Water Spout|p2a: Flutter Mane\n|-damage|p2a: Flutter Mane|0 fnt\n|faint|p2a: Flutter Mane\n|-end|p2a: Flutter Mane|Protosynthesis|[silent]\n|\n|-weather|RainDance|[upkeep]\n|upkeep\n|\n|t:|1699910289\n|switch|p2a: Pheromosa|Pheromosa|100\/100\n|turn|2\n|\n|t:|1699910300\n|move|p1a: Kyogre|Water Spout|p2a: Pheromosa\n|-damage|p2a: Pheromosa|0 fnt\n|faint|p2a: Pheromosa\n|\n|-weather|RainDance|[upkeep]\n|upkeep\n|\n|t:|1699910308\n|switch|p2a: Roaring Moon|Roaring Moon|100\/100\n|-enditem|p2a: Roaring Moon|Booster Energy\n|-activate|p2a: Roaring Moon|ability: Protosynthesis|[fromitem]\n|-start|p2a: Roaring Moon|protosynthesisatk\n|turn|3\n|\n|t:|1699910335\n|switch|p1a: Zacian|Zacian-Crowned, shiny|100\/100\n|-ability|p1a: Zacian|Intrepid Sword|boost\n|-boost|p1a: Zacian|atk|1\n|move|p2a: Roaring Moon|Acrobatics|p1a: Zacian\n|-resisted|p1a: Zacian\n|-crit|p1a: Zacian\n|-damage|p1a: Zacian|63\/100\n|\n|-weather|RainDance|[upkeep]\n|upkeep\n|turn|4\n|\n|t:|1699910349\n|move|p1a: Zacian|Play Rough|p2a: Roaring Moon\n|-supereffective|p2a: Roaring Moon\n|-damage|p2a: Roaring Moon|0 fnt\n|faint|p2a: Roaring Moon\n|-end|p2a: Roaring Moon|Protosynthesis|[silent]\n|\n|-weather|RainDance|[upkeep]\n|upkeep\n|\n|t:|1699910356\n|switch|p2a: Iron Moth|Iron Moth|100\/100\n|-enditem|p2a: Iron Moth|Booster Energy\n|-activate|p2a: Iron Moth|ability: Quark Drive|[fromitem]\n|-start|p2a: Iron Moth|quarkdrivespa\n|turn|5\n|\n|t:|1699910364\n|switch|p1a: Ho-Oh|Ho-Oh, shiny|100\/100\n|move|p2a: Iron Moth|Fiery Dance|p1a: Ho-Oh\n|-resisted|p1a: Ho-Oh\n|-damage|p1a: Ho-Oh|94\/100\n|-boost|p2a: Iron Moth|spa|1\n|\n|-weather|none\n|upkeep\n|turn|6\n|\n|t:|1699910375\n|move|p2a: Iron Moth|Sludge Wave|p1a: Ho-Oh\n|-damage|p1a: Ho-Oh|52\/100\n|move|p1a: Ho-Oh|Brave Bird|p2a: Iron Moth\n|-damage|p2a: Iron Moth|11\/100\n|-damage|p1a: Ho-Oh|31\/100|[from] Recoil\n|\n|upkeep\n|turn|7\n|\n|t:|1699910382\n|switch|p1a: Zacian|Zacian-Crowned, shiny|63\/100\n|move|p2a: Iron Moth|Sludge Wave|p1a: Zacian\n|-immune|p1a: Zacian\n|\n|upkeep\n|turn|8\n|\n|t:|1699910389\n|move|p1a: Zacian|Quick Attack|p2a: Iron Moth\n|-damage|p2a: Iron Moth|0 fnt\n|faint|p2a: Iron Moth\n|-end|p2a: Iron Moth|Quark Drive|[silent]\n|\n|upkeep\n|\n|t:|1699910394\n|switch|p2a: Kartana|Kartana|100\/100\n|turn|9\n|\n|t:|1699910398\n|move|p2a: Kartana|Smart Strike|p1a: Zacian\n|-damage|p1a: Zacian|17\/100\n|move|p1a: Zacian|Close Combat|p2a: Kartana\n|-supereffective|p2a: Kartana\n|-damage|p2a: Kartana|11\/100\n|-unboost|p1a: Zacian|def|1\n|-unboost|p1a: Zacian|spd|1\n|\n|upkeep\n|turn|10\n|\n|t:|1699910408\n|switch|p1a: Necrozma|Necrozma-Dusk-Mane|100\/100\n|move|p2a: Kartana|Smart Strike|p1a: Necrozma\n|-resisted|p1a: Necrozma\n|-damage|p1a: Necrozma|87\/100\n|-damage|p2a: Kartana|0 fnt|[from] item: Rocky Helmet|[of] p1a: Necrozma\n|faint|p2a: Kartana\n|\n|upkeep\n|\n|t:|1699910417\n|switch|p2a: Greninja|Greninja, M|100\/100\n|turn|11\n|\n|t:|1699910436\n|switch|p1a: Kyogre|Kyogre|100\/100\n|-weather|RainDance|[from] ability: Drizzle|[of] p1a: Kyogre\n|move|p2a: Greninja|Surf|p1a: Kyogre\n|-resisted|p1a: Kyogre\n|-damage|p1a: Kyogre|80\/100\n|\n|-weather|RainDance|[upkeep]\n|upkeep\n|turn|12\n|\n|t:|1699910447\n|move|p1a: Kyogre|Thunder|p2a: Greninja\n|-supereffective|p2a: Greninja\n|-damage|p2a: Greninja|0 fnt\n|faint|p2a: Greninja\n|\n|win|JeanPierre693\n|l|\u2606nirwell\n","uploadtime":1699910456,"views":6,"p1id":"jeanpierre693","p2id":"nirwell","formatid":"gen9nationaldexubers","rating":0,"private":0,"password":""}