{"id":"gen9nationaldexubers-1984241052","p1":"abstractvoid","p2":"Zestrov","format":"[Gen 9] National Dex Ubers","log":"|j|\u2606abstractvoid\n|j|\u2606Zestrov\n|t:|1699233968\n|gametype|singles\n|player|p1|abstractvoid|roxie|\n|player|p2|Zestrov|boarder|\n|teamsize|p1|6\n|teamsize|p2|6\n|gen|9\n|tier|[Gen 9] National Dex Ubers\n|rule|HP Percentage Mod: HP is shown in percentages\n|rule|Endless Battle Clause: Forcing endless battles is banned\n|rule|OHKO Clause: OHKO moves are banned\n|rule|Evasion Moves Clause: Evasion moves are banned\n|rule|Evasion Items Clause: Evasion items are banned\n|rule|Species Clause: Limit one of each Pok\u00e9mon\n|rule|Sleep Clause Mod: Limit one foe put to sleep\n|rule|Mega Rayquaza Clause: You cannot mega evolve Rayquaza\n|clearpoke\n|poke|p1|Chien-Pao|\n|poke|p1|Iron Moth|\n|poke|p1|Zekrom|\n|poke|p1|Toxapex, M|\n|poke|p1|Arceus-Ghost|\n|poke|p1|Deoxys-Attack|\n|poke|p2|Greninja-*, M|\n|poke|p2|Dragonite, F|\n|poke|p2|Alakazam, M|\n|poke|p2|Zeraora|\n|poke|p2|Calyrex-Ice|\n|poke|p2|Arceus-Fire|\n|teampreview\n|j| Berryandon\n|j| ah3nny\n|c| Berryandon|woah a agamminn\n|\n|t:|1699234048\n|start\n|switch|p1a: The Shiggy Wiggyu|Deoxys-Attack|100\/100\n|switch|p2a: Master Roshi|Alakazam, M|100\/100\n|-ability|p1a: The Shiggy Wiggyu|Pressure\n|turn|1\n|j| HopeAddict\n|j| Tazz21\n|j| AshenAraquanid\n|c| Tazz21|holy shit its time\n|\n|t:|1699234067\n|detailschange|p2a: Master Roshi|Alakazam-Mega, M\n|-mega|p2a: Master Roshi|Alakazam|Alakazite\n|-ability|p2a: Master Roshi|Pressure\n|-ability|p2a: Master Roshi|Pressure|[from] ability: Trace|[of] p1a: The Shiggy Wiggyu\n|move|p1a: The Shiggy Wiggyu|Shadow Ball|p2a: Master Roshi\n|-supereffective|p2a: Master Roshi\n|-damage|p2a: Master Roshi|10\/100\n|move|p2a: Master Roshi|Shadow Ball|p1a: The Shiggy Wiggyu\n|-supereffective|p1a: The Shiggy Wiggyu\n|-enditem|p1a: The Shiggy Wiggyu|Focus Sash\n|-damage|p1a: The Shiggy Wiggyu|1\/100\n|\n|upkeep\n|turn|2\n|j| Hachachino\n|\n|t:|1699234095\n|move|p1a: The Shiggy Wiggyu|Shadow Ball|p2a: Master Roshi\n|-supereffective|p2a: Master Roshi\n|-damage|p2a: Master Roshi|0 fnt\n|faint|p2a: Master Roshi\n|\n|upkeep\n|\n|t:|1699234104\n|switch|p2a: Power Ranger|Zeraora|100\/100\n|turn|3\n|\n|t:|1699234124\n|move|p1a: The Shiggy Wiggyu|Psycho Boost|p2a: Power Ranger|[miss]\n|-miss|p1a: The Shiggy Wiggyu|p2a: Power Ranger\n|move|p2a: Power Ranger|Throat Chop|p1a: The Shiggy Wiggyu\n|-supereffective|p1a: The Shiggy Wiggyu\n|-damage|p1a: The Shiggy Wiggyu|0 fnt\n|faint|p1a: The Shiggy Wiggyu\n|\n|upkeep\n|c| Tazz21|oh my god that miss\n|c|\u2606Zestrov|fr my only luck for this game was that\n|\n|t:|1699234188\n|switch|p1a: the tail|Zekrom|100\/100\n|-ability|p1a: the tail|Teravolt\n|turn|4\n|\n|t:|1699234197\n|switch|p2a: Link|Calyrex-Ice|100\/100\n|-ability|p2a: Link|As One\n|-ability|p2a: Link|Unnerve\n|move|p1a: the tail|Substitute|p1a: the tail\n|-start|p1a: the tail|Substitute\n|-damage|p1a: the tail|76\/100\n|\n|-heal|p1a: the tail|82\/100|[from] item: Leftovers\n|upkeep\n|turn|5\n|c| HopeAddict|the tail\n|\n|t:|1699234217\n|move|p1a: the tail|Dragon Dance|p1a: the tail\n|-boost|p1a: the tail|atk|1\n|-boost|p1a: the tail|spe|1\n|move|p2a: Link|Icicle Crash|p1a: the tail|[miss]\n|-miss|p2a: Link|p1a: the tail\n|\n|-heal|p1a: the tail|88\/100|[from] item: Leftovers\n|upkeep\n|turn|6\n|\n|t:|1699234239\n|move|p1a: the tail|Dragon Dance|p1a: the tail\n|-boost|p1a: the tail|atk|1\n|-boost|p1a: the tail|spe|1\n|move|p2a: Link|Icicle Crash|p1a: the tail\n|-supereffective|p1a: the tail\n|-end|p1a: the tail|Substitute\n|\n|-heal|p1a: the tail|94\/100|[from] item: Leftovers\n|upkeep\n|turn|7\n|\n|t:|1699234251\n|move|p1a: the tail|Bolt Strike|p2a: Link\n|-damage|p2a: Link|7\/100\n|move|p2a: Link|Zen Headbutt|p1a: the tail\n|-damage|p1a: the tail|46\/100\n|\n|-heal|p1a: the tail|52\/100|[from] item: Leftovers\n|-heal|p2a: Link|13\/100|[from] item: Leftovers\n|upkeep\n|turn|8\n|\n|t:|1699234261\n|move|p1a: the tail|Dragon Claw|p2a: Link\n|-damage|p2a: Link|0 fnt\n|faint|p2a: Link\n|\n|-heal|p1a: the tail|59\/100|[from] item: Leftovers\n|upkeep\n|\n|t:|1699234273\n|switch|p2a: Power Ranger|Zeraora|100\/100\n|turn|9\n|\n|t:|1699234279\n|move|p2a: Power Ranger|Fake Out|p1a: the tail\n|-damage|p1a: the tail|49\/100\n|cant|p1a: the tail|flinch\n|\n|-heal|p1a: the tail|55\/100|[from] item: Leftovers\n|upkeep\n|turn|10\n|\n|t:|1699234300\n|move|p1a: the tail|Dragon Claw|p2a: Power Ranger\n|-enditem|p2a: Power Ranger|Focus Sash\n|-damage|p2a: Power Ranger|1\/100\n|move|p2a: Power Ranger|Close Combat|p1a: the tail\n|-damage|p1a: the tail|21\/100\n|-unboost|p2a: Power Ranger|def|1\n|-unboost|p2a: Power Ranger|spd|1\n|\n|-heal|p1a: the tail|27\/100|[from] item: Leftovers\n|upkeep\n|turn|11\n|\n|t:|1699234315\n|move|p1a: the tail|Dragon Claw|p2a: Power Ranger\n|-damage|p2a: Power Ranger|0 fnt\n|faint|p2a: Power Ranger\n|\n|-heal|p1a: the tail|33\/100|[from] item: Leftovers\n|upkeep\n|\n|t:|1699234322\n|switch|p2a: Great Saiyaman|Greninja, M|100\/100\n|turn|12\n|\n|t:|1699234326\n|move|p1a: the tail|Bolt Strike|p2a: Great Saiyaman\n|-supereffective|p2a: Great Saiyaman\n|-crit|p2a: Great Saiyaman\n|-damage|p2a: Great Saiyaman|0 fnt\n|faint|p2a: Great Saiyaman\n|\n|-heal|p1a: the tail|40\/100|[from] item: Leftovers\n|upkeep\n|\n|t:|1699234337\n|switch|p2a: Surtr|Arceus-Fire, shiny|100\/100\n|turn|13\n|\n|t:|1699234343\n|move|p1a: the tail|Substitute|p1a: the tail\n|-start|p1a: the tail|Substitute\n|-damage|p1a: the tail|15\/100\n|move|p2a: Surtr|Earthquake|p1a: the tail\n|-supereffective|p1a: the tail\n|-end|p1a: the tail|Substitute\n|\n|-heal|p1a: the tail|21\/100|[from] item: Leftovers\n|upkeep\n|turn|14\n|\n|t:|1699234351\n|move|p1a: the tail|Bolt Strike|p2a: Surtr\n|-damage|p2a: Surtr|0 fnt\n|faint|p2a: Surtr\n|\n|-heal|p1a: the tail|27\/100|[from] item: Leftovers\n|upkeep\n|\n|t:|1699234357\n|switch|p2a: Godzira|Dragonite, F, shiny|100\/100\n|turn|15\n|\n|t:|1699234363\n|move|p1a: the tail|Bolt Strike|p2a: Godzira\n|-damage|p2a: Godzira|0 fnt\n|faint|p2a: Godzira\n|\n|win|abstractvoid\n|c|\u2606Zestrov|gg\n|c|\u2606abstractvoid|gg\n","uploadtime":1699234372,"views":11,"p1id":"abstractvoid","p2id":"zestrov","formatid":"gen9nationaldexubers","rating":0,"private":0,"password":""}