{"id":"gen9nationaldexubers-1978483137","p1":"Eshan1210","p2":"CaptainMaxerica","format":"[Gen 9] National Dex Ubers","log":"|j|\u2606Eshan1210\n|j|\u2606CaptainMaxerica\n|t:|1698544790\n|gametype|singles\n|player|p1|Eshan1210|kieran-festival|\n|player|p2|CaptainMaxerica|cynthia-gen4|\n|teamsize|p1|6\n|teamsize|p2|6\n|gen|9\n|tier|[Gen 9] National Dex Ubers\n|rule|HP Percentage Mod: HP is shown in percentages\n|rule|Endless Battle Clause: Forcing endless battles is banned\n|rule|OHKO Clause: OHKO moves are banned\n|rule|Evasion Moves Clause: Evasion moves are banned\n|rule|Evasion Items Clause: Evasion items are banned\n|rule|Species Clause: Limit one of each Pok\u00e9mon\n|rule|Sleep Clause Mod: Limit one foe put to sleep\n|rule|Mega Rayquaza Clause: You cannot mega evolve Rayquaza\n|clearpoke\n|poke|p1|Azelf|\n|poke|p1|Registeel|\n|poke|p1|Oranguru, F|\n|poke|p1|Glalie, F|\n|poke|p1|Pheromosa|\n|poke|p1|Leavanny, M|\n|poke|p2|Spectrier|\n|poke|p2|Excadrill, F|\n|poke|p2|Kilowattrel, F|\n|poke|p2|Liepard, F|\n|poke|p2|Ho-Oh|\n|poke|p2|Ribombee, F|\n|teampreview\n|\n|t:|1698544823\n|start\n|switch|p1a: Registeel|Registeel|100\/100\n|switch|p2a: Excadrill|Excadrill, F, shiny|100\/100\n|-ability|p2a: Excadrill|Mold Breaker\n|turn|1\n|\n|t:|1698544836\n|-terastallize|p1a: Registeel|Fighting\n|move|p2a: Excadrill|Swords Dance|p2a: Excadrill\n|-boost|p2a: Excadrill|atk|2\n|move|p1a: Registeel|Body Press|p2a: Excadrill\n|-supereffective|p2a: Excadrill\n|-damage|p2a: Excadrill|0 fnt\n|faint|p2a: Excadrill\n|\n|upkeep\n|\n|t:|1698544849\n|switch|p2a: Spectrier|Spectrier|100\/100\n|turn|2\n|\n|t:|1698544871\n|move|p2a: Spectrier|Psychic|p1a: Registeel\n|-supereffective|p1a: Registeel\n|-damage|p1a: Registeel|50\/100\n|move|p1a: Registeel|Heavy Slam|p2a: Spectrier\n|-damage|p2a: Spectrier|60\/100\n|\n|-heal|p1a: Registeel|56\/100|[from] item: Leftovers\n|upkeep\n|turn|3\n|\n|t:|1698544899\n|move|p2a: Spectrier|Psychic|p1a: Registeel\n|-supereffective|p1a: Registeel\n|-damage|p1a: Registeel|1\/100\n|move|p1a: Registeel|Heavy Slam|p2a: Spectrier\n|-damage|p2a: Spectrier|19\/100\n|\n|-heal|p1a: Registeel|7\/100|[from] item: Leftovers\n|upkeep\n|turn|4\n|\n|t:|1698544910\n|move|p2a: Spectrier|Psychic|p1a: Registeel\n|-supereffective|p1a: Registeel\n|-damage|p1a: Registeel|0 fnt\n|faint|p1a: Registeel\n|-ability|p2a: Spectrier|Grim Neigh|boost\n|-boost|p2a: Spectrier|spa|1\n|\n|upkeep\n|\n|t:|1698544914\n|switch|p1a: Pheromosa|Pheromosa|100\/100\n|turn|5\n|\n|t:|1698544936\n|switch|p2a: Ho-Oh|Ho-Oh, shiny|100\/100\n|move|p1a: Pheromosa|U-turn|p2a: Ho-Oh\n|-resisted|p2a: Ho-Oh\n|-damage|p2a: Ho-Oh|91\/100\n|\n|t:|1698544948\n|switch|p1a: Leavanny|Leavanny, M|100\/100|[from] U-turn\n|\n|upkeep\n|turn|6\n|\n|t:|1698544955\n|move|p1a: Leavanny|Sticky Web|p2a: Ho-Oh\n|-sidestart|p2: CaptainMaxerica|move: Sticky Web\n|move|p2a: Ho-Oh|Sacred Fire|p1a: Leavanny\n|-supereffective|p1a: Leavanny\n|-enditem|p1a: Leavanny|Focus Sash\n|-damage|p1a: Leavanny|1\/100\n|\n|upkeep\n|turn|7\n|\n|t:|1698544966\n|move|p1a: Leavanny|Knock Off|p2a: Ho-Oh\n|-damage|p2a: Ho-Oh|73\/100\n|-enditem|p2a: Ho-Oh|Heavy-Duty Boots|[from] move: Knock Off|[of] p1a: Leavanny\n|move|p2a: Ho-Oh|Toxic|p1a: Leavanny|[miss]\n|-miss|p2a: Ho-Oh|p1a: Leavanny\n|\n|upkeep\n|turn|8\n|\n|t:|1698544980\n|move|p1a: Leavanny|Pounce|p2a: Ho-Oh\n|-resisted|p2a: Ho-Oh\n|-damage|p2a: Ho-Oh|67\/100\n|-unboost|p2a: Ho-Oh|spe|1\n|move|p2a: Ho-Oh|Sacred Fire|p1a: Leavanny\n|-supereffective|p1a: Leavanny\n|-damage|p1a: Leavanny|0 fnt\n|faint|p1a: Leavanny\n|\n|upkeep\n|\n|t:|1698545015\n|switch|p1a: Azelf|Azelf|100\/100\n|turn|9\n|\n|t:|1698545020\n|move|p1a: Azelf|Nasty Plot|p1a: Azelf\n|-boost|p1a: Azelf|spa|2\n|move|p2a: Ho-Oh|Defog|p1a: Azelf\n|-unboost|p1a: Azelf|evasion|1\n|-sideend|p2: CaptainMaxerica|Sticky Web|[from] move: Defog|[of] p2a: Ho-Oh\n|\n|upkeep\n|turn|10\n|\n|t:|1698545034\n|switch|p2a: Liepard|Liepard, F, shiny|100\/100\n|move|p1a: Azelf|Psyshock|p2a: Liepard\n|-immune|p2a: Liepard\n|\n|upkeep\n|turn|11\n|\n|t:|1698545044\n|move|p1a: Azelf|Flamethrower|p2a: Liepard\n|-damage|p2a: Liepard|0 fnt\n|faint|p2a: Liepard\n|\n|upkeep\n|\n|t:|1698545068\n|switch|p2a: Spectrier|Spectrier|19\/100\n|turn|12\n|\n|t:|1698545075\n|switch|p1a: Oranguru|Oranguru, F|100\/100\n|move|p2a: Spectrier|Shadow Ball|p1a: Oranguru\n|-immune|p1a: Oranguru\n|\n|upkeep\n|turn|13\n|\n|t:|1698545087\n|switch|p2a: Ribombee|Ribombee, F, shiny|100\/100\n|move|p1a: Oranguru|Substitute|p1a: Oranguru\n|-start|p1a: Oranguru|Substitute\n|-damage|p1a: Oranguru|75\/100\n|\n|-heal|p1a: Oranguru|82\/100|[from] item: Leftovers\n|upkeep\n|turn|14\n|\n|t:|1698545099\n|move|p2a: Ribombee|Sticky Web|p1a: Oranguru\n|-sidestart|p1: Eshan1210|move: Sticky Web\n|move|p1a: Oranguru|Calm Mind|p1a: Oranguru\n|-boost|p1a: Oranguru|spa|1\n|-boost|p1a: Oranguru|spd|1\n|\n|-heal|p1a: Oranguru|88\/100|[from] item: Leftovers\n|upkeep\n|turn|15\n|\n|t:|1698545136\n|move|p2a: Ribombee|U-turn|p1a: Oranguru\n|-supereffective|p1a: Oranguru\n|-activate|p1a: Oranguru|move: Substitute|[damage]\n|\n|t:|1698545159\n|switch|p2a: Ho-Oh|Ho-Oh, shiny|100\/100|[from] U-turn\n|move|p1a: Oranguru|Calm Mind|p1a: Oranguru\n|-boost|p1a: Oranguru|spa|1\n|-boost|p1a: Oranguru|spd|1\n|\n|-heal|p1a: Oranguru|94\/100|[from] item: Leftovers\n|upkeep\n|turn|16\n|\n|t:|1698545178\n|move|p2a: Ho-Oh|Sacred Fire|p1a: Oranguru\n|-end|p1a: Oranguru|Substitute\n|move|p1a: Oranguru|Psyshock|p2a: Ho-Oh\n|-damage|p2a: Ho-Oh|69\/100\n|\n|-heal|p1a: Oranguru|100\/100|[from] item: Leftovers\n|upkeep\n|turn|17\n|\n|t:|1698545188\n|move|p2a: Ho-Oh|Toxic|p1a: Oranguru\n|-status|p1a: Oranguru|tox\n|move|p1a: Oranguru|Hyper Voice|p2a: Ho-Oh\n|-damage|p2a: Ho-Oh|36\/100\n|\n|-damage|p1a: Oranguru|94\/100 tox|[from] psn\n|upkeep\n|turn|18\n|\n|t:|1698545197\n|move|p2a: Ho-Oh|Recover|p2a: Ho-Oh\n|-heal|p2a: Ho-Oh|86\/100\n|move|p1a: Oranguru|Psyshock|p2a: Ho-Oh\n|-damage|p2a: Ho-Oh|51\/100\n|\n|-heal|p1a: Oranguru|100\/100 tox|[from] item: Leftovers\n|-damage|p1a: Oranguru|88\/100 tox|[from] psn\n|upkeep\n|turn|19\n|\n|t:|1698545209\n|move|p2a: Ho-Oh|Recover|p2a: Ho-Oh\n|-heal|p2a: Ho-Oh|100\/100\n|move|p1a: Oranguru|Psyshock|p2a: Ho-Oh\n|-damage|p2a: Ho-Oh|68\/100\n|\n|-heal|p1a: Oranguru|94\/100 tox|[from] item: Leftovers\n|-damage|p1a: Oranguru|75\/100 tox|[from] psn\n|upkeep\n|turn|20\n|\n|t:|1698545218\n|move|p2a: Ho-Oh|Sacred Fire|p1a: Oranguru\n|-damage|p1a: Oranguru|42\/100 tox\n|move|p1a: Oranguru|Psyshock|p2a: Ho-Oh\n|-damage|p2a: Ho-Oh|34\/100\n|\n|-heal|p1a: Oranguru|48\/100 tox|[from] item: Leftovers\n|-damage|p1a: Oranguru|23\/100 tox|[from] psn\n|upkeep\n|turn|21\n|\n|t:|1698545226\n|move|p2a: Ho-Oh|Recover|p2a: Ho-Oh\n|-heal|p2a: Ho-Oh|84\/100\n|move|p1a: Oranguru|Psyshock|p2a: Ho-Oh\n|-damage|p2a: Ho-Oh|51\/100\n|\n|-heal|p1a: Oranguru|29\/100 tox|[from] item: Leftovers\n|-damage|p1a: Oranguru|0 fnt|[from] psn\n|faint|p1a: Oranguru\n|upkeep\n|\n|t:|1698545235\n|switch|p1a: Azelf|Azelf|100\/100\n|turn|22\n|\n|t:|1698545248\n|move|p1a: Azelf|Psyshock|p2a: Ho-Oh\n|-damage|p2a: Ho-Oh|22\/100\n|move|p2a: Ho-Oh|Sacred Fire|p1a: Azelf\n|-damage|p1a: Azelf|36\/100\n|-status|p1a: Azelf|brn\n|\n|-damage|p1a: Azelf|30\/100 brn|[from] brn\n|upkeep\n|turn|23\n|\n|t:|1698545258\n|move|p1a: Azelf|Psyshock|p2a: Ho-Oh\n|-damage|p2a: Ho-Oh|0 fnt\n|faint|p2a: Ho-Oh\n|\n|-damage|p1a: Azelf|24\/100 brn|[from] brn\n|upkeep\n|\n|t:|1698545271\n|switch|p2a: Spectrier|Spectrier|19\/100\n|turn|24\n|\n|t:|1698545292\n|move|p2a: Spectrier|Psychic|p1a: Azelf\n|-resisted|p1a: Azelf\n|-damage|p1a: Azelf|0 fnt\n|faint|p1a: Azelf\n|-ability|p2a: Spectrier|Grim Neigh|boost\n|-boost|p2a: Spectrier|spa|1\n|\n|upkeep\n|\n|t:|1698545301\n|switch|p1a: Glalie|Glalie, F|100\/100\n|-activate|p1a: Glalie|move: Sticky Web\n|-unboost|p1a: Glalie|spe|1\n|turn|25\n|\n|t:|1698545312\n|switch|p2a: Ribombee|Ribombee, F, shiny|100\/100\n|detailschange|p1a: Glalie|Glalie-Mega, F\n|-mega|p1a: Glalie|Glalie|Glalitite\n|move|p1a: Glalie|Return|p2a: Ribombee\n|-enditem|p2a: Ribombee|Focus Sash\n|-damage|p2a: Ribombee|1\/100\n|\n|upkeep\n|turn|26\n|\n|t:|1698545325\n|move|p2a: Ribombee|Moonblast|p1a: Glalie\n|-damage|p1a: Glalie|44\/100\n|-unboost|p1a: Glalie|spa|1\n|move|p1a: Glalie|Return|p2a: Ribombee\n|-damage|p2a: Ribombee|0 fnt\n|faint|p2a: Ribombee\n|\n|upkeep\n|\n|t:|1698545343\n|switch|p2a: Kilowattrel|Kilowattrel, F, shiny|100\/100\n|turn|27\n|\n|t:|1698545353\n|-terastallize|p2a: Kilowattrel|Electric\n|move|p2a: Kilowattrel|Thunderbolt|p1a: Glalie\n|-damage|p1a: Glalie|0 fnt\n|faint|p1a: Glalie\n|\n|upkeep\n|\n|t:|1698545358\n|switch|p1a: Pheromosa|Pheromosa|100\/100\n|-activate|p1a: Pheromosa|move: Sticky Web\n|-unboost|p1a: Pheromosa|spe|1\n|turn|28\n|\n|t:|1698545374\n|move|p2a: Kilowattrel|Thunderbolt|p1a: Pheromosa\n|-damage|p1a: Pheromosa|0 fnt\n|faint|p1a: Pheromosa\n|\n|win|CaptainMaxerica\n|l|\u2606Eshan1210\n","uploadtime":1698545379,"views":6,"p1id":"eshan1210","p2id":"captainmaxerica","formatid":"gen9nationaldexubers","rating":0,"private":0,"password":""}