{"id":"gen9nationaldexubers-1989134115","p1":"gluckcuck","p2":"KarmaKazama0","format":"[Gen 9] National Dex Ubers","log":"|j|\u2606gluckcuck\n|j|\u2606KarmaKazama0\n|t:|1699815882\n|gametype|singles\n|player|p1|gluckcuck|169|1271\n|player|p2|KarmaKazama0|1|1343\n|teamsize|p1|6\n|teamsize|p2|6\n|gen|9\n|tier|[Gen 9] National Dex Ubers\n|rated|\n|rule|HP Percentage Mod: HP is shown in percentages\n|rule|Endless Battle Clause: Forcing endless battles is banned\n|rule|OHKO Clause: OHKO moves are banned\n|rule|Evasion Moves Clause: Evasion moves are banned\n|rule|Evasion Items Clause: Evasion items are banned\n|rule|Species Clause: Limit one of each Pok\u00e9mon\n|rule|Sleep Clause Mod: Limit one foe put to sleep\n|rule|Mega Rayquaza Clause: You cannot mega evolve Rayquaza\n|clearpoke\n|poke|p1|Ogerpon-Cornerstone, F|\n|poke|p1|Shaymin-Sky|\n|poke|p1|Dipplin, F|\n|poke|p1|Meowscarada, F|\n|poke|p1|Kartana|\n|poke|p1|Lilligant-Hisui, F|\n|poke|p2|Salamence, F|\n|poke|p2|Buzzwole|\n|poke|p2|Arceus-Fairy|\n|poke|p2|Kingambit, M|\n|poke|p2|Kyogre|\n|poke|p2|Groudon|\n|teampreview\n|inactive|Battle timer is ON: inactive players will automatically lose when time's up. (requested by KarmaKazama0)\n|\n|t:|1699815898\n|start\n|switch|p1a: Lilligant|Lilligant-Hisui, F, shiny|100\/100\n|switch|p2a: Groudon|Groudon|100\/100\n|detailschange|p2a: Groudon|Groudon-Primal\n|-primal|p2a: Groudon|Red Orb\n|-weather|DesolateLand|[from] ability: Desolate Land|[of] p2a: Groudon\n|turn|1\n|\n|t:|1699815908\n|move|p1a: Lilligant|Victory Dance|p1a: Lilligant\n|-boost|p1a: Lilligant|atk|1\n|-boost|p1a: Lilligant|def|1\n|-boost|p1a: Lilligant|spe|1\n|move|p2a: Groudon|Stealth Rock|p1a: Lilligant\n|-sidestart|p1: gluckcuck|move: Stealth Rock\n|\n|-weather|DesolateLand|[upkeep]\n|upkeep\n|turn|2\n|\n|t:|1699815918\n|move|p1a: Lilligant|Victory Dance|p1a: Lilligant\n|-boost|p1a: Lilligant|atk|1\n|-boost|p1a: Lilligant|def|1\n|-boost|p1a: Lilligant|spe|1\n|move|p2a: Groudon|Roar|p1a: Lilligant\n|drag|p1a: Ogerpon|Ogerpon-Cornerstone, F|100\/100\n|-damage|p1a: Ogerpon|88\/100|[from] Stealth Rock\n|\n|-weather|DesolateLand|[upkeep]\n|upkeep\n|turn|3\n|\n|t:|1699815931\n|move|p1a: Ogerpon|Ivy Cudgel|p2a: Groudon\n|-damage|p2a: Groudon|71\/100\n|move|p2a: Groudon|Toxic|p1a: Ogerpon\n|-status|p1a: Ogerpon|tox\n|\n|-weather|DesolateLand|[upkeep]\n|-damage|p1a: Ogerpon|82\/100 tox|[from] psn\n|upkeep\n|turn|4\n|\n|t:|1699815939\n|-weather|none\n|switch|p2a: Salamence|Salamence, F|100\/100\n|-ability|p2a: Salamence|Intimidate|boost\n|-unboost|p1a: Ogerpon|atk|1\n|move|p1a: Ogerpon|Ivy Cudgel|p2a: Salamence\n|-supereffective|p2a: Salamence\n|-damage|p2a: Salamence|4\/100\n|\n|-damage|p1a: Ogerpon|70\/100 tox|[from] psn\n|upkeep\n|turn|5\n|\n|t:|1699815959\n|switch|p2a: Buzzwole|Buzzwole|100\/100\n|move|p1a: Ogerpon|Ivy Cudgel|p2a: Buzzwole\n|-damage|p2a: Buzzwole|83\/100\n|\n|-damage|p1a: Ogerpon|52\/100 tox|[from] psn\n|upkeep\n|turn|6\n|\n|t:|1699815968\n|switch|p1a: Dipplin|Dipplin, F, shiny|100\/100\n|-damage|p1a: Dipplin|88\/100|[from] Stealth Rock\n|-ability|p1a: Dipplin|Supersweet Syrup\n|-ability|p1a: Dipplin|Supersweet Syrup|boost\n|-unboost|p2a: Buzzwole|evasion|1\n|move|p2a: Buzzwole|Drain Punch|p1a: Dipplin\n|-damage|p1a: Dipplin|66\/100\n|-heal|p2a: Buzzwole|91\/100|[from] drain|[of] p1a: Dipplin\n|\n|upkeep\n|turn|7\n|\n|t:|1699815982\n|switch|p2a: Arceus|Arceus-Fairy|100\/100\n|move|p1a: Dipplin|Recover|p1a: Dipplin\n|-heal|p1a: Dipplin|100\/100\n|\n|upkeep\n|turn|8\n|\n|t:|1699815989\n|-terastallize|p1a: Dipplin|Steel\n|move|p2a: Arceus|Judgment|p1a: Dipplin\n|-resisted|p1a: Dipplin\n|-damage|p1a: Dipplin|86\/100\n|move|p1a: Dipplin|Tera Blast|p2a: Arceus|[anim] Tera Blast Steel\n|-supereffective|p2a: Arceus\n|-damage|p2a: Arceus|61\/100\n|\n|upkeep\n|turn|9\n|\n|t:|1699816003\n|-terastallize|p2a: Arceus|Poison\n|move|p2a: Arceus|Calm Mind|p2a: Arceus\n|-boost|p2a: Arceus|spa|1\n|-boost|p2a: Arceus|spd|1\n|move|p1a: Dipplin|Tera Blast|p2a: Arceus|[anim] Tera Blast Steel\n|-damage|p2a: Arceus|48\/100\n|\n|upkeep\n|turn|10\n|\n|t:|1699816013\n|switch|p1a: Meowscarada|Meowscarada, F, shiny|100\/100\n|-damage|p1a: Meowscarada|88\/100|[from] Stealth Rock\n|move|p2a: Arceus|Recover|p2a: Arceus\n|-heal|p2a: Arceus|98\/100\n|\n|upkeep\n|turn|11\n|\n|t:|1699816026\n|move|p1a: Meowscarada|Flower Trick|p2a: Arceus\n|-start|p1a: Meowscarada|typechange|Grass|[from] ability: Protean\n|-resisted|p2a: Arceus\n|-crit|p2a: Arceus\n|-damage|p2a: Arceus|79\/100\n|move|p2a: Arceus|Judgment|p1a: Meowscarada\n|-damage|p1a: Meowscarada|0 fnt\n|faint|p1a: Meowscarada\n|\n|upkeep\n|\n|t:|1699816043\n|switch|p1a: Shaymin|Shaymin-Sky|100\/100\n|-damage|p1a: Shaymin|76\/100|[from] Stealth Rock\n|turn|12\n|\n|t:|1699816051\n|move|p1a: Shaymin|Air Slash|p2a: Arceus\n|-damage|p2a: Arceus|63\/100\n|cant|p2a: Arceus|flinch\n|\n|upkeep\n|turn|13\n|\n|t:|1699816057\n|move|p1a: Shaymin|Seed Flare|p2a: Arceus\n|-resisted|p2a: Arceus\n|-damage|p2a: Arceus|49\/100\n|-unboost|p2a: Arceus|spd|2\n|move|p2a: Arceus|Recover|p2a: Arceus\n|-heal|p2a: Arceus|99\/100\n|\n|upkeep\n|turn|14\n|\n|t:|1699816066\n|move|p1a: Shaymin|Ominous Wind|p2a: Arceus\n|-damage|p2a: Arceus|81\/100\n|move|p2a: Arceus|Calm Mind|p2a: Arceus\n|-boost|p2a: Arceus|spa|1\n|-boost|p2a: Arceus|spd|1\n|\n|upkeep\n|turn|15\n|\n|t:|1699816073\n|move|p1a: Shaymin|Ominous Wind|p2a: Arceus\n|-damage|p2a: Arceus|69\/100\n|move|p2a: Arceus|Judgment|p1a: Shaymin\n|-damage|p1a: Shaymin|0 fnt\n|faint|p1a: Shaymin\n|\n|upkeep\n|\n|t:|1699816087\n|switch|p1a: Kartana|Kartana, shiny|100\/100\n|-damage|p1a: Kartana|94\/100|[from] Stealth Rock\n|turn|16\n|\n|t:|1699816093\n|move|p1a: Kartana|Smart Strike|p2a: Arceus\n|-damage|p2a: Arceus|45\/100\n|move|p2a: Arceus|Earth Power|p1a: Kartana\n|-damage|p1a: Kartana|0 fnt\n|faint|p1a: Kartana\n|\n|upkeep\n|\n|t:|1699816105\n|switch|p1a: Lilligant|Lilligant-Hisui, F, shiny|100\/100\n|-damage|p1a: Lilligant|94\/100|[from] Stealth Rock\n|turn|17\n|\n|t:|1699816132\n|move|p1a: Lilligant|Ice Spinner|p2a: Arceus\n|-damage|p2a: Arceus|33\/100\n|move|p2a: Arceus|Recover|p2a: Arceus\n|-heal|p2a: Arceus|83\/100\n|\n|upkeep\n|turn|18\n|\n|t:|1699816138\n|move|p1a: Lilligant|Ice Spinner|p2a: Arceus\n|-damage|p2a: Arceus|70\/100\n|move|p2a: Arceus|Judgment|p1a: Lilligant\n|-supereffective|p1a: Lilligant\n|-damage|p1a: Lilligant|0 fnt\n|faint|p1a: Lilligant\n|\n|upkeep\n|\n|t:|1699816148\n|switch|p1a: Ogerpon|Ogerpon-Cornerstone, F|52\/100 tox\n|-damage|p1a: Ogerpon|40\/100 tox|[from] Stealth Rock\n|turn|19\n|\n|t:|1699816154\n|move|p1a: Ogerpon|Synthesis|p1a: Ogerpon\n|-heal|p1a: Ogerpon|90\/100 tox\n|move|p2a: Arceus|Earth Power|p1a: Ogerpon\n|-damage|p1a: Ogerpon|34\/100 tox\n|\n|-damage|p1a: Ogerpon|28\/100 tox|[from] psn\n|upkeep\n|turn|20\n|\n|t:|1699816165\n|move|p1a: Ogerpon|Ivy Cudgel|p2a: Arceus\n|-damage|p2a: Arceus|39\/100\n|move|p2a: Arceus|Calm Mind|p2a: Arceus\n|-boost|p2a: Arceus|spa|1\n|-boost|p2a: Arceus|spd|1\n|\n|-damage|p1a: Ogerpon|16\/100 tox|[from] psn\n|upkeep\n|turn|21\n|\n|t:|1699816172\n|move|p1a: Ogerpon|Ivy Cudgel|p2a: Arceus\n|-damage|p2a: Arceus|4\/100\n|move|p2a: Arceus|Recover|p2a: Arceus\n|-heal|p2a: Arceus|55\/100\n|\n|-damage|p1a: Ogerpon|0 fnt|[from] psn\n|faint|p1a: Ogerpon\n|upkeep\n|\n|t:|1699816179\n|switch|p1a: Dipplin|Dipplin, F, shiny, tera:Steel|86\/100\n|-damage|p1a: Dipplin|80\/100|[from] Stealth Rock\n|turn|22\n|\n|t:|1699816184\n|move|p2a: Arceus|Earth Power|p1a: Dipplin\n|-supereffective|p1a: Dipplin\n|-damage|p1a: Dipplin|4\/100\n|-unboost|p1a: Dipplin|spd|1\n|move|p1a: Dipplin|Recover|p1a: Dipplin\n|-heal|p1a: Dipplin|54\/100\n|\n|upkeep\n|turn|23\n|\n|t:|1699816193\n|move|p2a: Arceus|Earth Power|p1a: Dipplin\n|-supereffective|p1a: Dipplin\n|-damage|p1a: Dipplin|0 fnt\n|faint|p1a: Dipplin\n|\n|win|KarmaKazama0\n|raw|gluckcuck's rating: 1271 &rarr; <strong>1251<\/strong><br \/>(-20 for losing)\n|raw|KarmaKazama0's rating: 1343 &rarr; <strong>1359<\/strong><br \/>(+16 for winning)\n|l|\u2606gluckcuck\n","uploadtime":1699816203,"views":9,"p1id":"gluckcuck","p2id":"karmakazama0","formatid":"gen9nationaldexubers","rating":1251,"private":0,"password":""}