{"id":"gen9nationaldexubers-1989622633","p1":"talalcht","p2":"Salascales","format":"[Gen 9] National Dex Ubers","log":"|j|\u2606talalcht\n|j|\u2606Salascales\n|t:|1699880044\n|gametype|singles\n|player|p1|talalcht|palmer|1204\n|player|p2|Salascales|n-masters|1222\n|teamsize|p1|6\n|teamsize|p2|6\n|gen|9\n|tier|[Gen 9] National Dex Ubers\n|rated|\n|rule|HP Percentage Mod: HP is shown in percentages\n|rule|Endless Battle Clause: Forcing endless battles is banned\n|rule|OHKO Clause: OHKO moves are banned\n|rule|Evasion Moves Clause: Evasion moves are banned\n|rule|Evasion Items Clause: Evasion items are banned\n|rule|Species Clause: Limit one of each Pok\u00e9mon\n|rule|Sleep Clause Mod: Limit one foe put to sleep\n|rule|Mega Rayquaza Clause: You cannot mega evolve Rayquaza\n|clearpoke\n|poke|p1|Samurott-Hisui, M|\n|poke|p1|Lopunny, F|\n|poke|p1|Dragonite, M|\n|poke|p1|Volcarona, F|\n|poke|p1|Gholdengo|\n|poke|p1|Clodsire, F|\n|poke|p2|Salamence, F|\n|poke|p2|Aegislash, F|\n|poke|p2|Kommo-o, M|\n|poke|p2|Orthworm, M|\n|poke|p2|Dracovish|\n|poke|p2|Vivillon-Pokeball, M|\n|teampreview\n|inactive|Battle timer is ON: inactive players will automatically lose when time's up. (requested by Salascales)\n|\n|t:|1699880059\n|start\n|switch|p1a: Daigo\ud83e\udd86|Dragonite, M|100\/100\n|switch|p2a: Orthworm|Orthworm, M, shiny|100\/100\n|turn|1\n|\n|t:|1699880067\n|move|p1a: Daigo\ud83e\udd86|Dragon Dance|p1a: Daigo\ud83e\udd86\n|-boost|p1a: Daigo\ud83e\udd86|atk|1\n|-boost|p1a: Daigo\ud83e\udd86|spe|1\n|move|p2a: Orthworm|Shed Tail|p2a: Orthworm\n|-start|p2a: Orthworm|Substitute|[from] move: Shed Tail\n|-damage|p2a: Orthworm|50\/100\n|-enditem|p2a: Orthworm|Sitrus Berry|[eat]\n|-heal|p2a: Orthworm|75\/100|[from] item: Sitrus Berry\n|\n|t:|1699880071\n|switch|p2a: Vivillon|Vivillon-Pokeball, M|100\/100|[from] Shed Tail\n|\n|upkeep\n|turn|2\n|\n|t:|1699880086\n|move|p1a: Daigo\ud83e\udd86|Extreme Speed|p2a: Vivillon\n|-end|p2a: Vivillon|Substitute\n|move|p2a: Vivillon|Sleep Powder|p1a: Daigo\ud83e\udd86\n|-status|p1a: Daigo\ud83e\udd86|slp|[from] move: Sleep Powder\n|\n|upkeep\n|turn|3\n|\n|t:|1699880103\n|switch|p1a: Rebecca\ud83d\ude0d|Lopunny, F, shiny|100\/100\n|move|p2a: Vivillon|Substitute|p2a: Vivillon\n|-start|p2a: Vivillon|Substitute\n|-damage|p2a: Vivillon|76\/100\n|\n|upkeep\n|turn|4\n|\n|t:|1699880120\n|detailschange|p1a: Rebecca\ud83d\ude0d|Lopunny-Mega, F, shiny\n|-mega|p1a: Rebecca\ud83d\ude0d|Lopunny|Lopunnite\n|move|p1a: Rebecca\ud83d\ude0d|Return|p2a: Vivillon\n|-end|p2a: Vivillon|Substitute\n|move|p2a: Vivillon|Sleep Powder|p1a: Rebecca\ud83d\ude0d\n|-message|Sleep Clause Mod activated.\n|-hint|Sleep Clause Mod prevents players from putting more than one of their opponent's Pok\u00e9mon to sleep at a time\n|\n|upkeep\n|turn|5\n|\n|t:|1699880131\n|move|p1a: Rebecca\ud83d\ude0d|Encore|p2a: Vivillon\n|-start|p2a: Vivillon|Encore\n|move|p2a: Vivillon|Sleep Powder|p1a: Rebecca\ud83d\ude0d\n|-message|Sleep Clause Mod activated.\n|-hint|Sleep Clause Mod prevents players from putting more than one of their opponent's Pok\u00e9mon to sleep at a time\n|\n|upkeep\n|turn|6\n|-message|Salascales forfeited.\n|\n|win|talalcht\n|raw|talalcht's rating: 1204 &rarr; <strong>1230<\/strong><br \/>(+26 for winning)\n|raw|Salascales's rating: 1222 &rarr; <strong>1196<\/strong><br \/>(-26 for losing)\n|l|\u2606Salascales\n","uploadtime":1699880140,"views":7,"p1id":"talalcht","p2id":"salascales","formatid":"gen9nationaldexubers","rating":1196,"private":0,"password":""}