{"id":"gen9nationaldexubers-1989169209","p1":"DracoAxel","p2":"huevoperobaneado","format":"[Gen 9] National Dex Ubers","log":"|j|\u2606DracoAxel\n|j|\u2606huevoperobaneado\n|t:|1699819534\n|gametype|singles\n|player|p1|DracoAxel|nate|\n|player|p2|huevoperobaneado|akari|\n|teamsize|p1|6\n|teamsize|p2|6\n|gen|9\n|tier|[Gen 9] National Dex Ubers\n|rule|HP Percentage Mod: HP is shown in percentages\n|rule|Endless Battle Clause: Forcing endless battles is banned\n|rule|OHKO Clause: OHKO moves are banned\n|rule|Evasion Moves Clause: Evasion moves are banned\n|rule|Evasion Items Clause: Evasion items are banned\n|rule|Species Clause: Limit one of each Pok\u00e9mon\n|rule|Sleep Clause Mod: Limit one foe put to sleep\n|rule|Mega Rayquaza Clause: You cannot mega evolve Rayquaza\n|clearpoke\n|poke|p1|Sneasler, M|\n|poke|p1|Cinderace, F|\n|poke|p1|Lopunny, F|\n|poke|p1|Garchomp, F|\n|poke|p1|Meowscarada, F|\n|poke|p1|Palafin, F|\n|poke|p2|Alakazam, M|\n|poke|p2|Tyranitar, M|\n|poke|p2|Houndstone, M|\n|poke|p2|Corviknight, M|\n|poke|p2|Clodsire, F|\n|poke|p2|Dracozolt|\n|teampreview\n|\n|t:|1699819579\n|start\n|switch|p1a: Palafin|Palafin, F|100\/100\n|switch|p2a: Alakazam|Alakazam, M|100\/100\n|turn|1\n|\n|t:|1699819602\n|switch|p2a: Corviknight|Corviknight, M|100\/100\n|-ability|p2a: Corviknight|Pressure\n|detailschange|p1a: Palafin|Palafin-Hero, F\n|switch|p1a: Meowscarada|Meowscarada, F|100\/100\n|\n|upkeep\n|turn|2\n|j| s.daninja\n|\n|t:|1699819613\n|move|p1a: Meowscarada|Toxic Spikes|p2a: Corviknight\n|-start|p1a: Meowscarada|typechange|Poison|[from] ability: Protean\n|-sidestart|p2: huevoperobaneado|move: Toxic Spikes\n|move|p2a: Corviknight|U-turn|p1a: Meowscarada\n|-resisted|p1a: Meowscarada\n|-damage|p1a: Meowscarada|90\/100\n|\n|t:|1699819639\n|switch|p2a: Clodsire|Clodsire, F|100\/100|[from] U-turn\n|-sideend|p2: huevoperobaneado|move: Toxic Spikes|[of] p2a: Clodsire\n|\n|upkeep\n|turn|3\n|c| s.daninja|Mmmm toxic spikes frente a un tim con un veneno no es muy buen momento\n|\n|t:|1699819644\n|switch|p2a: Corviknight|Corviknight, M|100\/100\n|-ability|p2a: Corviknight|Pressure\n|move|p1a: Meowscarada|Knock Off|p2a: Corviknight\n|-damage|p2a: Corviknight|84\/100\n|-damage|p1a: Meowscarada|74\/100|[from] item: Rocky Helmet|[of] p2a: Corviknight\n|-enditem|p2a: Corviknight|Rocky Helmet|[from] move: Knock Off|[of] p1a: Meowscarada\n|\n|upkeep\n|turn|4\n|\n|t:|1699819658\n|move|p1a: Meowscarada|Toxic Spikes|p2a: Corviknight\n|-sidestart|p2: huevoperobaneado|move: Toxic Spikes\n|move|p2a: Corviknight|Iron Defense|p2a: Corviknight\n|-boost|p2a: Corviknight|def|2\n|\n|upkeep\n|turn|5\n|\n|t:|1699819668\n|switch|p1a: Cinderace|Cinderace, F|100\/100\n|move|p2a: Corviknight|Iron Defense|p2a: Corviknight\n|-boost|p2a: Corviknight|def|2\n|\n|upkeep\n|turn|6\n|c| s.daninja|Es una emergen\n|c| s.daninja|Cia\n|\n|t:|1699819675\n|move|p1a: Cinderace|Pyro Ball|p2a: Corviknight\n|-supereffective|p2a: Corviknight\n|-damage|p2a: Corviknight|48\/100\n|-damage|p1a: Cinderace|91\/100|[from] item: Life Orb\n|move|p2a: Corviknight|Body Press|p1a: Cinderace\n|-damage|p1a: Cinderace|0 fnt\n|faint|p1a: Cinderace\n|\n|upkeep\n|\n|t:|1699819681\n|switch|p1a: Sneasler|Sneasler, M|100\/100\n|turn|7\n|c| s.daninja|Wtf\n|\n|t:|1699819687\n|move|p1a: Sneasler|Fake Out|p2a: Corviknight\n|-enditem|p1a: Sneasler|Normal Gem|[from] gem\n|-resisted|p2a: Corviknight\n|-damage|p2a: Corviknight|46\/100\n|cant|p2a: Corviknight|flinch\n|\n|upkeep\n|turn|8\n|\n|t:|1699819693\n|move|p1a: Sneasler|Close Combat|p2a: Corviknight\n|-damage|p2a: Corviknight|33\/100\n|-unboost|p1a: Sneasler|def|1\n|-unboost|p1a: Sneasler|spd|1\n|move|p2a: Corviknight|Roost|p2a: Corviknight\n|-heal|p2a: Corviknight|83\/100\n|-singleturn|p2a: Corviknight|move: Roost\n|\n|upkeep\n|turn|9\n|c| s.daninja|F barrida\n|\n|t:|1699819704\n|move|p1a: Sneasler|Close Combat|p2a: Corviknight\n|-damage|p2a: Corviknight|68\/100\n|-unboost|p1a: Sneasler|def|1\n|-unboost|p1a: Sneasler|spd|1\n|move|p2a: Corviknight|Body Press|p1a: Sneasler\n|-resisted|p1a: Sneasler\n|-damage|p1a: Sneasler|0 fnt\n|faint|p1a: Sneasler\n|\n|upkeep\n|\n|t:|1699819712\n|switch|p1a: Palafin|Palafin-Hero, F|100\/100\n|-activate|p1a: Palafin|ability: Zero to Hero\n|turn|10\n|\n|t:|1699819718\n|move|p1a: Palafin|Wave Crash|p2a: Corviknight\n|-damage|p2a: Corviknight|47\/100\n|-damage|p1a: Palafin|93\/100|[from] Recoil\n|move|p2a: Corviknight|Iron Defense|p2a: Corviknight\n|-boost|p2a: Corviknight|def|2\n|\n|upkeep\n|turn|11\n|\n|t:|1699819724\n|move|p1a: Palafin|Wave Crash|p2a: Corviknight\n|-damage|p2a: Corviknight|30\/100\n|-damage|p1a: Palafin|86\/100|[from] Recoil\n|move|p2a: Corviknight|Roost|p2a: Corviknight\n|-heal|p2a: Corviknight|80\/100\n|-singleturn|p2a: Corviknight|move: Roost\n|\n|upkeep\n|turn|12\n|l| s.daninja\n|\n|t:|1699819742\n|switch|p1a: Garchomp|Garchomp, F|100\/100\n|move|p2a: Corviknight|Roost|p2a: Corviknight\n|-heal|p2a: Corviknight|100\/100\n|-singleturn|p2a: Corviknight|move: Roost\n|\n|upkeep\n|turn|13\n|j| s.daninja\n|\n|t:|1699819748\n|-terastallize|p1a: Garchomp|Dragon\n|move|p1a: Garchomp|Outrage|p2a: Corviknight\n|-resisted|p2a: Corviknight\n|-damage|p2a: Corviknight|93\/100\n|move|p2a: Corviknight|Body Press|p1a: Garchomp\n|-damage|p1a: Garchomp|2\/100\n|-damage|p2a: Corviknight|80\/100|[from] ability: Rough Skin|[of] p1a: Garchomp\n|\n|upkeep\n|turn|14\n|\n|t:|1699819759\n|move|p1a: Garchomp|Outrage|p2a: Corviknight|[from]lockedmove\n|-resisted|p2a: Corviknight\n|-damage|p2a: Corviknight|73\/100\n|move|p2a: Corviknight|Roost|p2a: Corviknight\n|-heal|p2a: Corviknight|100\/100\n|-singleturn|p2a: Corviknight|move: Roost\n|\n|upkeep\n|turn|15\n|\n|t:|1699819768\n|move|p1a: Garchomp|Outrage|p2a: Corviknight|[from]lockedmove\n|-resisted|p2a: Corviknight\n|-damage|p2a: Corviknight|93\/100\n|-start|p1a: Garchomp|confusion|[fatigue]\n|move|p2a: Corviknight|Body Press|p1a: Garchomp\n|-damage|p1a: Garchomp|0 fnt\n|-damage|p2a: Corviknight|80\/100|[from] ability: Rough Skin|[of] p1a: Garchomp\n|faint|p1a: Garchomp\n|\n|upkeep\n|c|\u2606DracoAxel|Ya perd\u00ed\n|l| s.daninja\n|\n|t:|1699819781\n|switch|p1a: Lopunny|Lopunny, F|100\/100\n|turn|16\n|\n|t:|1699819784\n|detailschange|p1a: Lopunny|Lopunny-Mega, F\n|-mega|p1a: Lopunny|Lopunny|Lopunnite\n|move|p1a: Lopunny|Fake Out|p2a: Corviknight\n|-resisted|p2a: Corviknight\n|-damage|p2a: Corviknight|79\/100\n|cant|p2a: Corviknight|flinch\n|\n|upkeep\n|turn|17\n|\n|t:|1699819789\n|move|p1a: Lopunny|Close Combat|p2a: Corviknight\n|-damage|p2a: Corviknight|68\/100\n|-unboost|p1a: Lopunny|def|1\n|-unboost|p1a: Lopunny|spd|1\n|move|p2a: Corviknight|Roost|p2a: Corviknight\n|-heal|p2a: Corviknight|100\/100\n|-singleturn|p2a: Corviknight|move: Roost\n|\n|upkeep\n|turn|18\n|\n|t:|1699819795\n|move|p1a: Lopunny|Power-Up Punch|p2a: Corviknight\n|-damage|p2a: Corviknight|97\/100\n|-boost|p1a: Lopunny|atk|1\n|move|p2a: Corviknight|Body Press|p1a: Lopunny\n|-supereffective|p1a: Lopunny\n|-damage|p1a: Lopunny|0 fnt\n|faint|p1a: Lopunny\n|\n|upkeep\n|\n|t:|1699819805\n|switch|p1a: Meowscarada|Meowscarada, F|74\/100\n|turn|19\n|\n|t:|1699819808\n|move|p1a: Meowscarada|Flower Trick|p2a: Corviknight\n|-start|p1a: Meowscarada|typechange|Grass|[from] ability: Protean\n|-resisted|p2a: Corviknight\n|-crit|p2a: Corviknight\n|-damage|p2a: Corviknight|90\/100\n|move|p2a: Corviknight|Body Press|p1a: Meowscarada\n|-damage|p1a: Meowscarada|0 fnt\n|faint|p1a: Meowscarada\n|\n|upkeep\n|\n|t:|1699819812\n|switch|p1a: Palafin|Palafin-Hero, F|86\/100\n|turn|20\n|\n|t:|1699819822\n|move|p1a: Palafin|Jet Punch|p2a: Corviknight\n|-damage|p2a: Corviknight|81\/100\n|move|p2a: Corviknight|Body Press|p1a: Palafin\n|-damage|p1a: Palafin|0 fnt\n|faint|p1a: Palafin\n|\n|win|huevoperobaneado\n|l|\u2606DracoAxel\n","uploadtime":1699819884,"views":5,"p1id":"dracoaxel","p2id":"huevoperobaneado","formatid":"gen9nationaldexubers","rating":0,"private":0,"password":""}