{"id":"gen9nationaldexubers-1991203051","p1":"cinderace 88","p2":"HYDRO-MODE\ufe0f\ufe0f\ufe0f\u267e\ufe0f","format":"[Gen 9] National Dex Ubers","log":"|j|\u2606cinderace 88\n|j|\u2606HYDRO-MODE\ufe0f\ufe0f\ufe0f\u267e\ufe0f\n|t:|1700056728\n|gametype|singles\n|player|p1|cinderace 88|hop-masters|1041\n|player|p2|HYDRO-MODE\ufe0f\ufe0f\ufe0f\u267e\ufe0f|nessa|1154\n|teamsize|p1|6\n|teamsize|p2|6\n|gen|9\n|tier|[Gen 9] National Dex Ubers\n|rated|\n|rule|HP Percentage Mod: HP is shown in percentages\n|rule|Endless Battle Clause: Forcing endless battles is banned\n|rule|OHKO Clause: OHKO moves are banned\n|rule|Evasion Moves Clause: Evasion moves are banned\n|rule|Evasion Items Clause: Evasion items are banned\n|rule|Species Clause: Limit one of each Pok\u00e9mon\n|rule|Sleep Clause Mod: Limit one foe put to sleep\n|rule|Mega Rayquaza Clause: You cannot mega evolve Rayquaza\n|clearpoke\n|poke|p1|Toxtricity, M|\n|poke|p1|Muk-Alola, M|\n|poke|p1|Magnezone|\n|poke|p1|Garbodor, M|\n|poke|p1|Crobat, M|\n|poke|p1|Toxapex, F|\n|poke|p2|Cramorant, M|\n|poke|p2|Gastrodon-East, M|\n|poke|p2|Ludicolo, F|\n|poke|p2|Jellicent, F|\n|poke|p2|Clawitzer, M|\n|poke|p2|Wailord, M|\n|teampreview\n|inactive|Battle timer is ON: inactive players will automatically lose when time's up. (requested by cinderace 88)\n|\n|t:|1700056745\n|start\n|switch|p1a: Magnezone|Magnezone|100\/100\n|switch|p2a: \ud83d\udca7CRAMORANT\ud83d\udca7|Cramorant, M|100\/100\n|turn|1\n|\n|t:|1700056753\n|move|p2a: \ud83d\udca7CRAMORANT\ud83d\udca7|Rain Dance|p2a: \ud83d\udca7CRAMORANT\ud83d\udca7\n|-weather|RainDance\n|move|p1a: Magnezone|Light Screen|p1a: Magnezone\n|-sidestart|p1: cinderace 88|move: Light Screen\n|\n|-weather|RainDance|[upkeep]\n|upkeep\n|turn|2\n|\n|t:|1700056761\n|move|p2a: \ud83d\udca7CRAMORANT\ud83d\udca7|Surf|p1a: Magnezone\n|-formechange|p2a: \ud83d\udca7CRAMORANT\ud83d\udca7|Cramorant-Gulping|\n|-damage|p1a: Magnezone|70\/100\n|move|p1a: Magnezone|Reflect|p1a: Magnezone\n|-sidestart|p1: cinderace 88|Reflect\n|\n|-weather|RainDance|[upkeep]\n|upkeep\n|turn|3\n|\n|t:|1700056768\n|move|p2a: \ud83d\udca7CRAMORANT\ud83d\udca7|Surf|p1a: Magnezone\n|-damage|p1a: Magnezone|42\/100\n|move|p1a: Magnezone|Discharge|p2a: \ud83d\udca7CRAMORANT\ud83d\udca7\n|-supereffective|p2a: \ud83d\udca7CRAMORANT\ud83d\udca7\n|-damage|p2a: \ud83d\udca7CRAMORANT\ud83d\udca7|0 fnt\n|-damage|p1a: Magnezone|17\/100|[from] ability: Gulp Missile|[of] p2a: \ud83d\udca7CRAMORANT\ud83d\udca7\n|-unboost|p1a: Magnezone|def|1\n|-formechange|p2a: \ud83d\udca7CRAMORANT\ud83d\udca7|Cramorant|\n|faint|p2a: \ud83d\udca7CRAMORANT\ud83d\udca7\n|\n|-weather|RainDance|[upkeep]\n|upkeep\n|\n|t:|1700056785\n|switch|p2a: \ud83d\udca7\ud83d\udc33WAILGOD\ud83d\udc33\ud83d\udca7\ud83d\udca6|Wailord, M|100\/100\n|-ability|p2a: \ud83d\udca7\ud83d\udc33WAILGOD\ud83d\udc33\ud83d\udca7\ud83d\udca6|Pressure\n|turn|4\n|\n|t:|1700056795\n|-terastallize|p2a: \ud83d\udca7\ud83d\udc33WAILGOD\ud83d\udc33\ud83d\udca7\ud83d\udca6|Water\n|move|p2a: \ud83d\udca7\ud83d\udc33WAILGOD\ud83d\udc33\ud83d\udca7\ud83d\udca6|Water Spout|p1a: Magnezone\n|-damage|p1a: Magnezone|0 fnt\n|faint|p1a: Magnezone\n|\n|-weather|RainDance|[upkeep]\n|upkeep\n|\n|t:|1700056814\n|switch|p1a: Toxtricity|Toxtricity, M|100\/100\n|turn|5\n|\n|t:|1700056818\n|move|p2a: \ud83d\udca7\ud83d\udc33WAILGOD\ud83d\udc33\ud83d\udca7\ud83d\udca6|Water Spout|p1a: Toxtricity\n|-damage|p1a: Toxtricity|0 fnt\n|faint|p1a: Toxtricity\n|\n|-weather|RainDance|[upkeep]\n|upkeep\n|\n|t:|1700056824\n|switch|p1a: Toxapex|Toxapex, F|100\/100\n|turn|6\n|\n|t:|1700056827\n|move|p2a: \ud83d\udca7\ud83d\udc33WAILGOD\ud83d\udc33\ud83d\udca7\ud83d\udca6|Water Spout|p1a: Toxapex\n|-resisted|p1a: Toxapex\n|-damage|p1a: Toxapex|75\/100\n|move|p1a: Toxapex|Toxic Spikes|p2a: \ud83d\udca7\ud83d\udc33WAILGOD\ud83d\udc33\ud83d\udca7\ud83d\udca6\n|-sidestart|p2: HYDRO-MODE\ufe0f\ufe0f\ufe0f\u267e\ufe0f|move: Toxic Spikes\n|\n|-weather|RainDance|[upkeep]\n|-heal|p1a: Toxapex|81\/100|[from] item: Leftovers\n|upkeep\n|turn|7\n|\n|t:|1700056838\n|move|p2a: \ud83d\udca7\ud83d\udc33WAILGOD\ud83d\udc33\ud83d\udca7\ud83d\udca6|Water Spout|p1a: Toxapex\n|-resisted|p1a: Toxapex\n|-damage|p1a: Toxapex|53\/100\n|move|p1a: Toxapex|Knock Off|p2a: \ud83d\udca7\ud83d\udc33WAILGOD\ud83d\udc33\ud83d\udca7\ud83d\udca6\n|-damage|p2a: \ud83d\udca7\ud83d\udc33WAILGOD\ud83d\udc33\ud83d\udca7\ud83d\udca6|78\/100\n|-enditem|p2a: \ud83d\udca7\ud83d\udc33WAILGOD\ud83d\udc33\ud83d\udca7\ud83d\udca6|Choice Scarf|[from] move: Knock Off|[of] p1a: Toxapex\n|\n|-weather|RainDance|[upkeep]\n|-heal|p1a: Toxapex|59\/100|[from] item: Leftovers\n|upkeep\n|turn|8\n|\n|t:|1700056850\n|move|p2a: \ud83d\udca7\ud83d\udc33WAILGOD\ud83d\udc33\ud83d\udca7\ud83d\udca6|Hydro Pump|p1a: Toxapex\n|-resisted|p1a: Toxapex\n|-crit|p1a: Toxapex\n|-damage|p1a: Toxapex|0 fnt\n|faint|p1a: Toxapex\n|\n|-weather|none\n|-sideend|p1: cinderace 88|move: Light Screen\n|upkeep\n|\n|t:|1700056858\n|switch|p1a: Garbodor|Garbodor, M|100\/100\n|turn|9\n|\n|t:|1700056863\n|move|p1a: Garbodor|Seed Bomb|p2a: \ud83d\udca7\ud83d\udc33WAILGOD\ud83d\udc33\ud83d\udca7\ud83d\udca6\n|-supereffective|p2a: \ud83d\udca7\ud83d\udc33WAILGOD\ud83d\udc33\ud83d\udca7\ud83d\udca6\n|-damage|p2a: \ud83d\udca7\ud83d\udc33WAILGOD\ud83d\udc33\ud83d\udca7\ud83d\udca6|14\/100\n|move|p2a: \ud83d\udca7\ud83d\udc33WAILGOD\ud83d\udc33\ud83d\udca7\ud83d\udca6|Hydro Pump|p1a: Garbodor|[miss]\n|-miss|p2a: \ud83d\udca7\ud83d\udc33WAILGOD\ud83d\udc33\ud83d\udca7\ud83d\udca6|p1a: Garbodor\n|\n|-sideend|p1: cinderace 88|Reflect\n|upkeep\n|turn|10\n|\n|t:|1700056873\n|move|p1a: Garbodor|Seed Bomb|p2a: \ud83d\udca7\ud83d\udc33WAILGOD\ud83d\udc33\ud83d\udca7\ud83d\udca6\n|-supereffective|p2a: \ud83d\udca7\ud83d\udc33WAILGOD\ud83d\udc33\ud83d\udca7\ud83d\udca6\n|-damage|p2a: \ud83d\udca7\ud83d\udc33WAILGOD\ud83d\udc33\ud83d\udca7\ud83d\udca6|0 fnt\n|faint|p2a: \ud83d\udca7\ud83d\udc33WAILGOD\ud83d\udc33\ud83d\udca7\ud83d\udca6\n|\n|upkeep\n|inactive|HYDRO-MODE\ufe0f\ufe0f\ufe0f\u267e\ufe0f has 120 seconds left.\n|\n|t:|1700056922\n|switch|p2a: \ud83d\udca7LUDICULO\ud83d\udca7\ud83d\udca6|Ludicolo, F, shiny|100\/100\n|-status|p2a: \ud83d\udca7LUDICULO\ud83d\udca7\ud83d\udca6|psn\n|turn|11\n|\n|t:|1700056930\n|move|p1a: Garbodor|Gunk Shot|p2a: \ud83d\udca7LUDICULO\ud83d\udca7\ud83d\udca6\n|-supereffective|p2a: \ud83d\udca7LUDICULO\ud83d\udca7\ud83d\udca6\n|-damage|p2a: \ud83d\udca7LUDICULO\ud83d\udca7\ud83d\udca6|0 fnt\n|faint|p2a: \ud83d\udca7LUDICULO\ud83d\udca7\ud83d\udca6\n|\n|upkeep\n|\n|t:|1700056936\n|switch|p2a: \ud83d\udca7JELLICENT\ud83d\udca7\ud83d\udca6|Jellicent, F, shiny|100\/100\n|-status|p2a: \ud83d\udca7JELLICENT\ud83d\udca7\ud83d\udca6|psn\n|turn|12\n|\n|t:|1700056944\n|move|p2a: \ud83d\udca7JELLICENT\ud83d\udca7\ud83d\udca6|Water Spout|p1a: Garbodor\n|-damage|p1a: Garbodor|19\/100\n|move|p1a: Garbodor|Seed Bomb|p2a: \ud83d\udca7JELLICENT\ud83d\udca7\ud83d\udca6\n|-supereffective|p2a: \ud83d\udca7JELLICENT\ud83d\udca7\ud83d\udca6\n|-damage|p2a: \ud83d\udca7JELLICENT\ud83d\udca7\ud83d\udca6|38\/100 psn\n|\n|-damage|p2a: \ud83d\udca7JELLICENT\ud83d\udca7\ud83d\udca6|26\/100 psn|[from] psn\n|upkeep\n|turn|13\n|\n|t:|1700056953\n|move|p2a: \ud83d\udca7JELLICENT\ud83d\udca7\ud83d\udca6|Water Spout|p1a: Garbodor\n|-damage|p1a: Garbodor|0 fnt\n|faint|p1a: Garbodor\n|\n|-damage|p2a: \ud83d\udca7JELLICENT\ud83d\udca7\ud83d\udca6|14\/100 psn|[from] psn\n|upkeep\n|\n|t:|1700056967\n|switch|p1a: Muk|Muk-Alola, M|100\/100\n|turn|14\n|\n|t:|1700056971\n|move|p2a: \ud83d\udca7JELLICENT\ud83d\udca7\ud83d\udca6|Water Spout|p1a: Muk\n|-damage|p1a: Muk|94\/100\n|move|p1a: Muk|Assurance|p2a: \ud83d\udca7JELLICENT\ud83d\udca7\ud83d\udca6\n|-supereffective|p2a: \ud83d\udca7JELLICENT\ud83d\udca7\ud83d\udca6\n|-damage|p2a: \ud83d\udca7JELLICENT\ud83d\udca7\ud83d\udca6|0 fnt\n|faint|p2a: \ud83d\udca7JELLICENT\ud83d\udca7\ud83d\udca6\n|\n|upkeep\n|\n|t:|1700056985\n|switch|p2a: \ud83d\udca7CLAWITZER\ud83d\udca7\ud83d\udca6|Clawitzer, M|100\/100\n|-status|p2a: \ud83d\udca7CLAWITZER\ud83d\udca7\ud83d\udca6|psn\n|turn|15\n|\n|t:|1700056995\n|move|p2a: \ud83d\udca7CLAWITZER\ud83d\udca7\ud83d\udca6|Water Pulse|p1a: Muk\n|-damage|p1a: Muk|42\/100\n|-start|p1a: Muk|confusion\n|-activate|p1a: Muk|confusion\n|move|p1a: Muk|Curse|p1a: Muk\n|-unboost|p1a: Muk|spe|1\n|-boost|p1a: Muk|atk|1\n|-boost|p1a: Muk|def|1\n|\n|-damage|p2a: \ud83d\udca7CLAWITZER\ud83d\udca7\ud83d\udca6|88\/100 psn|[from] psn\n|upkeep\n|turn|16\n|\n|t:|1700057006\n|move|p2a: \ud83d\udca7CLAWITZER\ud83d\udca7\ud83d\udca6|Water Pulse|p1a: Muk\n|-damage|p1a: Muk|0 fnt\n|faint|p1a: Muk\n|\n|-damage|p2a: \ud83d\udca7CLAWITZER\ud83d\udca7\ud83d\udca6|76\/100 psn|[from] psn\n|upkeep\n|\n|t:|1700057009\n|switch|p1a: Crobat|Crobat, M|100\/100\n|turn|17\n|\n|t:|1700057015\n|move|p1a: Crobat|Zen Headbutt|p2a: \ud83d\udca7CLAWITZER\ud83d\udca7\ud83d\udca6\n|-damage|p2a: \ud83d\udca7CLAWITZER\ud83d\udca7\ud83d\udca6|49\/100 psn\n|move|p2a: \ud83d\udca7CLAWITZER\ud83d\udca7\ud83d\udca6|Water Pulse|p1a: Crobat\n|-damage|p1a: Crobat|26\/100\n|\n|-heal|p1a: Crobat|32\/100|[from] item: Leftovers\n|-damage|p2a: \ud83d\udca7CLAWITZER\ud83d\udca7\ud83d\udca6|37\/100 psn|[from] psn\n|upkeep\n|turn|18\n|\n|t:|1700057026\n|move|p1a: Crobat|Leech Life|p2a: \ud83d\udca7CLAWITZER\ud83d\udca7\ud83d\udca6\n|-damage|p2a: \ud83d\udca7CLAWITZER\ud83d\udca7\ud83d\udca6|7\/100 psn\n|-heal|p1a: Crobat|46\/100|[from] drain|[of] p2a: \ud83d\udca7CLAWITZER\ud83d\udca7\ud83d\udca6\n|move|p2a: \ud83d\udca7CLAWITZER\ud83d\udca7\ud83d\udca6|Water Pulse|p1a: Crobat\n|-damage|p1a: Crobat|0 fnt\n|faint|p1a: Crobat\n|\n|win|HYDRO-MODE\ufe0f\ufe0f\ufe0f\u267e\ufe0f\n|raw|cinderace 88's rating: 1041 &rarr; <strong>1030<\/strong><br \/>(-11 for losing)\n|raw|HYDRO-MODE\ufe0f\ufe0f\ufe0f\u267e\ufe0f's rating: 1154 &rarr; <strong>1171<\/strong><br \/>(+17 for winning)\n|l|\u2606cinderace 88\n","uploadtime":1700057238,"views":8,"p1id":"cinderace88","p2id":"hydromode","formatid":"gen9nationaldexubers","rating":1030,"private":0,"password":""}