{"id":"gen9nationaldexubers-1983659541","p1":"Are En Gee","p2":"grass knot zygarde","format":"[Gen 9] National Dex Ubers","log":"|j|\u2606Are En Gee\n|j|\u2606grass knot zygarde\n|t:|1699155162\n|gametype|singles\n|player|p1|Are En Gee|zinnia|1786\n|player|p2|grass knot zygarde|dawn|1675\n|teamsize|p1|6\n|teamsize|p2|6\n|gen|9\n|tier|[Gen 9] National Dex Ubers\n|rated|\n|rule|HP Percentage Mod: HP is shown in percentages\n|rule|Endless Battle Clause: Forcing endless battles is banned\n|rule|OHKO Clause: OHKO moves are banned\n|rule|Evasion Moves Clause: Evasion moves are banned\n|rule|Evasion Items Clause: Evasion items are banned\n|rule|Species Clause: Limit one of each Pok\u00e9mon\n|rule|Sleep Clause Mod: Limit one foe put to sleep\n|rule|Mega Rayquaza Clause: You cannot mega evolve Rayquaza\n|clearpoke\n|poke|p1|Zygarde|\n|poke|p1|Arceus-Water|\n|poke|p1|Scizor, M|\n|poke|p1|Ferrothorn, M|\n|poke|p1|Ho-Oh|\n|poke|p1|Ditto|\n|poke|p2|Chi-Yu|\n|poke|p2|Glimmora, M|\n|poke|p2|Groudon|\n|poke|p2|Arceus-Ghost|\n|poke|p2|Xerneas-*|\n|poke|p2|Zekrom|\n|teampreview\n|inactive|Battle timer is ON: inactive players will automatically lose when time's up. (requested by grass knot zygarde)\n|inactive|grass knot zygarde has 120 seconds left.\n|\n|t:|1699155205\n|start\n|switch|p1a: Arceus|Arceus-Water|100\/100\n|switch|p2a: \ua329\ua35f\ua074\ua14f\ua2ea\ua038\ua038\ua0a6\ua329\ua038\ua018\ua02d|Glimmora, M, shiny|100\/100\n|turn|1\n|\n|t:|1699155217\n|switch|p2a: So Far I Came|Groudon, shiny|100\/100\n|detailschange|p2a: So Far I Came|Groudon-Primal, shiny\n|-primal|p2a: So Far I Came|Red Orb\n|-weather|DesolateLand|[from] ability: Desolate Land|[of] p2a: So Far I Came\n|move|p1a: Arceus|Whirlpool||[still]\n|-fail|p1a: Arceus|Whirlpool|[from] Desolate Land\n|\n|-weather|DesolateLand|[upkeep]\n|upkeep\n|turn|2\n|\n|t:|1699155226\n|switch|p1a: Zygarde|Zygarde|100\/100\n|move|p2a: So Far I Came|Earthquake|p1a: Zygarde\n|-damage|p1a: Zygarde|51\/100\n|\n|-weather|DesolateLand|[upkeep]\n|-heal|p1a: Zygarde|57\/100|[from] item: Leftovers\n|upkeep\n|turn|3\n|\n|t:|1699155231\n|-weather|none\n|switch|p2a: \ua329\ua35f\ua074\ua14f\ua2ea\ua038\ua038\ua0a6\ua329\ua038\ua018\ua02d|Glimmora, M, shiny|100\/100\n|move|p1a: Zygarde|Thousand Waves|p2a: \ua329\ua35f\ua074\ua14f\ua2ea\ua038\ua038\ua0a6\ua329\ua038\ua018\ua02d\n|-supereffective|p2a: \ua329\ua35f\ua074\ua14f\ua2ea\ua038\ua038\ua0a6\ua329\ua038\ua018\ua02d\n|-enditem|p2a: \ua329\ua35f\ua074\ua14f\ua2ea\ua038\ua038\ua0a6\ua329\ua038\ua018\ua02d|Focus Sash\n|-damage|p2a: \ua329\ua35f\ua074\ua14f\ua2ea\ua038\ua038\ua0a6\ua329\ua038\ua018\ua02d|1\/100\n|-activate|p2a: \ua329\ua35f\ua074\ua14f\ua2ea\ua038\ua038\ua0a6\ua329\ua038\ua018\ua02d|trapped\n|-activate|p2a: \ua329\ua35f\ua074\ua14f\ua2ea\ua038\ua038\ua0a6\ua329\ua038\ua018\ua02d|ability: Toxic Debris\n|-sidestart|p1: Are En Gee|move: Toxic Spikes\n|\n|-heal|p1a: Zygarde|63\/100|[from] item: Leftovers\n|upkeep\n|turn|4\n|\n|t:|1699155249\n|move|p2a: \ua329\ua35f\ua074\ua14f\ua2ea\ua038\ua038\ua0a6\ua329\ua038\ua018\ua02d|Spikes|p1a: Zygarde\n|-sidestart|p1: Are En Gee|Spikes\n|move|p1a: Zygarde|Coil|p1a: Zygarde\n|-boost|p1a: Zygarde|atk|1\n|-boost|p1a: Zygarde|def|1\n|-boost|p1a: Zygarde|accuracy|1\n|\n|-heal|p1a: Zygarde|69\/100|[from] item: Leftovers\n|upkeep\n|turn|5\n|\n|t:|1699155259\n|move|p2a: \ua329\ua35f\ua074\ua14f\ua2ea\ua038\ua038\ua0a6\ua329\ua038\ua018\ua02d|Mortal Spin|p1a: Zygarde\n|-resisted|p1a: Zygarde\n|-damage|p1a: Zygarde|68\/100\n|-status|p1a: Zygarde|psn\n|move|p1a: Zygarde|Coil|p1a: Zygarde\n|-boost|p1a: Zygarde|atk|1\n|-boost|p1a: Zygarde|def|1\n|-boost|p1a: Zygarde|accuracy|1\n|\n|-heal|p1a: Zygarde|74\/100 psn|[from] item: Leftovers\n|-damage|p1a: Zygarde|62\/100 psn|[from] psn\n|upkeep\n|turn|6\n|\n|t:|1699155262\n|move|p2a: \ua329\ua35f\ua074\ua14f\ua2ea\ua038\ua038\ua0a6\ua329\ua038\ua018\ua02d|Spikes|p1a: Zygarde\n|-sidestart|p1: Are En Gee|Spikes\n|move|p1a: Zygarde|Coil|p1a: Zygarde\n|-boost|p1a: Zygarde|atk|1\n|-boost|p1a: Zygarde|def|1\n|-boost|p1a: Zygarde|accuracy|1\n|\n|-heal|p1a: Zygarde|68\/100 psn|[from] item: Leftovers\n|-damage|p1a: Zygarde|55\/100 psn|[from] psn\n|upkeep\n|turn|7\n|\n|t:|1699155265\n|move|p2a: \ua329\ua35f\ua074\ua14f\ua2ea\ua038\ua038\ua0a6\ua329\ua038\ua018\ua02d|Mud Shot|p1a: Zygarde|[miss]\n|-miss|p2a: \ua329\ua35f\ua074\ua14f\ua2ea\ua038\ua038\ua0a6\ua329\ua038\ua018\ua02d|p1a: Zygarde\n|move|p1a: Zygarde|Coil|p1a: Zygarde\n|-boost|p1a: Zygarde|atk|1\n|-boost|p1a: Zygarde|def|1\n|-boost|p1a: Zygarde|accuracy|1\n|\n|-heal|p1a: Zygarde|61\/100 psn|[from] item: Leftovers\n|-damage|p1a: Zygarde|49\/100 psn|[from] psn\n|-activate|p1a: Zygarde|ability: Power Construct\n|detailschange|p1a: Zygarde|Zygarde-Complete\n|-heal|p1a: Zygarde|68\/100 psn|[silent]\n|upkeep\n|turn|8\n|\n|t:|1699155293\n|move|p2a: \ua329\ua35f\ua074\ua14f\ua2ea\ua038\ua038\ua0a6\ua329\ua038\ua018\ua02d|Mud Shot|p1a: Zygarde\n|-damage|p1a: Zygarde|56\/100 psn\n|-unboost|p1a: Zygarde|spe|1\n|move|p1a: Zygarde|Rest|p1a: Zygarde\n|-status|p1a: Zygarde|slp|[from] move: Rest\n|-heal|p1a: Zygarde|100\/100 slp|[silent]\n|\n|upkeep\n|turn|9\n|\n|t:|1699155301\n|move|p2a: \ua329\ua35f\ua074\ua14f\ua2ea\ua038\ua038\ua0a6\ua329\ua038\ua018\ua02d|Spikes|p1a: Zygarde\n|-sidestart|p1: Are En Gee|Spikes\n|cant|p1a: Zygarde|slp\n|\n|upkeep\n|turn|10\n|\n|t:|1699155304\n|move|p2a: \ua329\ua35f\ua074\ua14f\ua2ea\ua038\ua038\ua0a6\ua329\ua038\ua018\ua02d|Mud Shot|p1a: Zygarde\n|-damage|p1a: Zygarde|88\/100 slp\n|-unboost|p1a: Zygarde|spe|1\n|cant|p1a: Zygarde|slp\n|\n|-heal|p1a: Zygarde|94\/100 slp|[from] item: Leftovers\n|upkeep\n|turn|11\n|\n|t:|1699155311\n|move|p2a: \ua329\ua35f\ua074\ua14f\ua2ea\ua038\ua038\ua0a6\ua329\ua038\ua018\ua02d|Mud Shot|p1a: Zygarde\n|-damage|p1a: Zygarde|82\/100 slp\n|-unboost|p1a: Zygarde|spe|1\n|-curestatus|p1a: Zygarde|slp|[msg]\n|move|p1a: Zygarde|Scale Shot|p2a: \ua329\ua35f\ua074\ua14f\ua2ea\ua038\ua038\ua0a6\ua329\ua038\ua018\ua02d\n|-damage|p2a: \ua329\ua35f\ua074\ua14f\ua2ea\ua038\ua038\ua0a6\ua329\ua038\ua018\ua02d|0 fnt\n|-activate|p2a: \ua329\ua35f\ua074\ua14f\ua2ea\ua038\ua038\ua0a6\ua329\ua038\ua018\ua02d|ability: Toxic Debris\n|-sidestart|p1: Are En Gee|move: Toxic Spikes\n|faint|p2a: \ua329\ua35f\ua074\ua14f\ua2ea\ua038\ua038\ua0a6\ua329\ua038\ua018\ua02d\n|-hitcount|p2: \ua329\ua35f\ua074\ua14f\ua2ea\ua038\ua038\ua0a6\ua329\ua038\ua018\ua02d|1\n|-unboost|p1a: Zygarde|def|1\n|-boost|p1a: Zygarde|spe|1\n|\n|-heal|p1a: Zygarde|88\/100|[from] item: Leftovers\n|upkeep\n|\n|t:|1699155312\n|switch|p2a: Rifle With a Scope|Chi-Yu|100\/100\n|-ability|p2a: Rifle With a Scope|Beads of Ruin\n|turn|12\n|\n|t:|1699155340\n|-zpower|p2a: Rifle With a Scope\n|move|p2a: Rifle With a Scope|Black Hole Eclipse|p1a: Zygarde|[zeffect]\n|-damage|p1a: Zygarde|19\/100\n|move|p1a: Zygarde|Thousand Waves|p2a: Rifle With a Scope\n|-supereffective|p2a: Rifle With a Scope\n|-damage|p2a: Rifle With a Scope|0 fnt\n|faint|p2a: Rifle With a Scope\n|\n|-heal|p1a: Zygarde|25\/100|[from] item: Leftovers\n|upkeep\n|inactive|grass knot zygarde has 120 seconds left.\n|\n|t:|1699155356\n|switch|p2a: Eyez see the shyne|Xerneas, shiny|100\/100\n|-ability|p2a: Eyez see the shyne|Fairy Aura\n|turn|13\n|\n|t:|1699155363\n|move|p2a: Eyez see the shyne|Moonblast|p1a: Zygarde\n|-supereffective|p1a: Zygarde\n|-damage|p1a: Zygarde|0 fnt\n|faint|p1a: Zygarde\n|\n|upkeep\n|\n|t:|1699155366\n|switch|p1a: Ho-Oh|Ho-Oh|100\/100\n|turn|14\n|\n|t:|1699155373\n|move|p2a: Eyez see the shyne|Thunderbolt|p1a: Ho-Oh\n|-supereffective|p1a: Ho-Oh\n|-damage|p1a: Ho-Oh|64\/100\n|move|p1a: Ho-Oh|Defog|p2a: Eyez see the shyne\n|-unboost|p2a: Eyez see the shyne|evasion|1\n|-sideend|p1: Are En Gee|Spikes|[from] move: Defog|[of] p1a: Ho-Oh\n|-sideend|p1: Are En Gee|Toxic Spikes|[from] move: Defog|[of] p1a: Ho-Oh\n|\n|upkeep\n|turn|15\n|\n|t:|1699155379\n|move|p2a: Eyez see the shyne|Thunderbolt|p1a: Ho-Oh\n|-supereffective|p1a: Ho-Oh\n|-damage|p1a: Ho-Oh|26\/100\n|move|p1a: Ho-Oh|Toxic|p2a: Eyez see the shyne\n|-status|p2a: Eyez see the shyne|tox\n|\n|-damage|p2a: Eyez see the shyne|94\/100 tox|[from] psn\n|upkeep\n|turn|16\n|\n|t:|1699155386\n|switch|p1a: Ferrothorn|Ferrothorn, M|100\/100\n|move|p2a: Eyez see the shyne|Thunderbolt|p1a: Ferrothorn\n|-resisted|p1a: Ferrothorn\n|-damage|p1a: Ferrothorn|89\/100\n|\n|-heal|p1a: Ferrothorn|95\/100|[from] item: Leftovers\n|-damage|p2a: Eyez see the shyne|82\/100 tox|[from] psn\n|upkeep\n|turn|17\n|\n|t:|1699155405\n|switch|p2a: So Far I Came|Groudon-Primal, shiny|100\/100\n|-weather|DesolateLand|[from] ability: Desolate Land|[of] p2a: So Far I Came\n|move|p1a: Ferrothorn|Toxic|p2a: So Far I Came\n|-status|p2a: So Far I Came|tox\n|\n|-weather|DesolateLand|[upkeep]\n|-heal|p1a: Ferrothorn|100\/100|[from] item: Leftovers\n|-damage|p2a: So Far I Came|94\/100 tox|[from] psn\n|upkeep\n|turn|18\n|\n|t:|1699155408\n|switch|p1a: Arceus|Arceus-Water|100\/100\n|move|p2a: So Far I Came|Heat Crash|p1a: Arceus\n|-resisted|p1a: Arceus\n|-damage|p1a: Arceus|80\/100\n|\n|-weather|DesolateLand|[upkeep]\n|-damage|p2a: So Far I Came|82\/100 tox|[from] psn\n|upkeep\n|turn|19\n|\n|t:|1699155413\n|-weather|none\n|switch|p2a: Caution|Zekrom, shiny|100\/100\n|-ability|p2a: Caution|Teravolt\n|move|p1a: Arceus|Recover|p1a: Arceus\n|-heal|p1a: Arceus|100\/100\n|\n|upkeep\n|turn|20\n|\n|t:|1699155419\n|switch|p1a: Scizor|Scizor, M|100\/100\n|move|p2a: Caution|Fusion Bolt|p1a: Scizor\n|-damage|p1a: Scizor|40\/100\n|-damage|p2a: Caution|91\/100|[from] item: Life Orb\n|\n|upkeep\n|turn|21\n|\n|t:|1699155426\n|switch|p1a: Ferrothorn|Ferrothorn, M|100\/100\n|move|p2a: Caution|Fusion Bolt|p1a: Ferrothorn\n|-resisted|p1a: Ferrothorn\n|-crit|p1a: Ferrothorn\n|-damage|p1a: Ferrothorn|53\/100\n|-damage|p2a: Caution|81\/100|[from] item: Life Orb\n|\n|-heal|p1a: Ferrothorn|59\/100|[from] item: Leftovers\n|upkeep\n|turn|22\n|\n|t:|1699155434\n|move|p2a: Caution|Dragon Dance|p2a: Caution\n|-boost|p2a: Caution|atk|1\n|-boost|p2a: Caution|spe|1\n|move|p1a: Ferrothorn|Leech Seed|p2a: Caution\n|-start|p2a: Caution|move: Leech Seed\n|\n|-heal|p1a: Ferrothorn|65\/100|[from] item: Leftovers\n|-damage|p2a: Caution|68\/100|[from] Leech Seed|[of] p1a: Ferrothorn\n|-heal|p1a: Ferrothorn|77\/100|[silent]\n|upkeep\n|turn|23\n|\n|t:|1699155442\n|switch|p2a: So Far I Came|Groudon-Primal, shiny|82\/100 tox\n|-weather|DesolateLand|[from] ability: Desolate Land|[of] p2a: So Far I Came\n|move|p1a: Ferrothorn|Spikes|p2a: So Far I Came\n|-sidestart|p2: grass knot zygarde|Spikes\n|\n|-weather|DesolateLand|[upkeep]\n|-heal|p1a: Ferrothorn|83\/100|[from] item: Leftovers\n|-damage|p2a: So Far I Came|76\/100 tox|[from] psn\n|upkeep\n|turn|24\n|\n|t:|1699155450\n|switch|p1a: Arceus|Arceus-Water|100\/100\n|move|p2a: So Far I Came|Heat Crash|p1a: Arceus\n|-resisted|p1a: Arceus\n|-damage|p1a: Arceus|78\/100\n|\n|-weather|DesolateLand|[upkeep]\n|-damage|p2a: So Far I Came|64\/100 tox|[from] psn\n|upkeep\n|turn|25\n|\n|t:|1699155456\n|move|p1a: Arceus|Recover|p1a: Arceus\n|-heal|p1a: Arceus|100\/100\n|move|p2a: So Far I Came|Earthquake|p1a: Arceus\n|-crit|p1a: Arceus\n|-damage|p1a: Arceus|46\/100\n|\n|-weather|DesolateLand|[upkeep]\n|-damage|p2a: So Far I Came|45\/100 tox|[from] psn\n|upkeep\n|turn|26\n|\n|t:|1699155464\n|-weather|none\n|switch|p2a: Ride til ya die|Arceus-Ghost|100\/100\n|-damage|p2a: Ride til ya die|88\/100|[from] Spikes\n|move|p1a: Arceus|Recover|p1a: Arceus\n|-heal|p1a: Arceus|96\/100\n|\n|upkeep\n|turn|27\n|\n|t:|1699155468\n|move|p2a: Ride til ya die|Taunt|p1a: Arceus\n|-start|p1a: Arceus|move: Taunt\n|cant|p1a: Arceus|move: Taunt|Perish Song\n|\n|upkeep\n|turn|28\n|\n|t:|1699155477\n|switch|p1a: Ho-Oh|Ho-Oh|59\/100\n|move|p2a: Ride til ya die|Dragon Dance|p2a: Ride til ya die\n|-boost|p2a: Ride til ya die|atk|1\n|-boost|p2a: Ride til ya die|spe|1\n|\n|upkeep\n|turn|29\n|\n|t:|1699155485\n|switch|p1a: Arceus|Arceus-Water|96\/100\n|move|p2a: Ride til ya die|Shadow Force||[still]\n|-prepare|p2a: Ride til ya die|Shadow Force\n|\n|upkeep\n|turn|30\n|\n|t:|1699155490\n|move|p2a: Ride til ya die|Shadow Force|p1a: Arceus|[from]lockedmove\n|-damage|p1a: Arceus|42\/100\n|move|p1a: Arceus|Perish Song|p1a: Arceus\n|-start|p1a: Arceus|perish3|[silent]\n|-start|p2a: Ride til ya die|perish3|[silent]\n|-fieldactivate|move: Perish Song\n|\n|-start|p2a: Ride til ya die|perish3\n|-start|p1a: Arceus|perish3\n|upkeep\n|turn|31\n|\n|t:|1699155496\n|move|p2a: Ride til ya die|Taunt|p1a: Arceus\n|-start|p1a: Arceus|move: Taunt\n|cant|p1a: Arceus|move: Taunt|Recover\n|\n|-start|p2a: Ride til ya die|perish2\n|-start|p1a: Arceus|perish2\n|upkeep\n|turn|32\n|\n|t:|1699155506\n|switch|p2a: Eyez see the shyne|Xerneas, shiny|82\/100 tox\n|-damage|p2a: Eyez see the shyne|69\/100 tox|[from] Spikes\n|-ability|p2a: Eyez see the shyne|Fairy Aura\n|switch|p1a: Scizor|Scizor, M|40\/100\n|\n|-damage|p2a: Eyez see the shyne|63\/100 tox|[from] psn\n|upkeep\n|turn|33\n|\n|t:|1699155511\n|detailschange|p1a: Scizor|Scizor-Mega, M\n|-mega|p1a: Scizor|Scizor|Scizorite\n|move|p1a: Scizor|Bullet Punch|p2a: Eyez see the shyne\n|-supereffective|p2a: Eyez see the shyne\n|-crit|p2a: Eyez see the shyne\n|-damage|p2a: Eyez see the shyne|0 fnt\n|faint|p2a: Eyez see the shyne\n|\n|upkeep\n|\n|t:|1699155519\n|switch|p2a: So Far I Came|Groudon-Primal, shiny|45\/100 tox\n|-damage|p2a: So Far I Came|33\/100 tox|[from] Spikes\n|-weather|DesolateLand|[from] ability: Desolate Land|[of] p2a: So Far I Came\n|turn|34\n|\n|t:|1699155525\n|-weather|none\n|switch|p2a: Caution|Zekrom, shiny|68\/100\n|-damage|p2a: Caution|56\/100|[from] Spikes\n|-ability|p2a: Caution|Teravolt\n|switch|p1a: Arceus|Arceus-Water|42\/100\n|\n|upkeep\n|turn|35\n|\n|t:|1699155533\n|switch|p1a: Ferrothorn|Ferrothorn, M|83\/100\n|move|p2a: Caution|Fusion Bolt|p1a: Ferrothorn\n|-resisted|p1a: Ferrothorn\n|-damage|p1a: Ferrothorn|50\/100\n|-damage|p2a: Caution|46\/100|[from] item: Life Orb\n|\n|-heal|p1a: Ferrothorn|56\/100|[from] item: Leftovers\n|upkeep\n|turn|36\n|\n|t:|1699155538\n|move|p2a: Caution|Fusion Bolt|p1a: Ferrothorn\n|-resisted|p1a: Ferrothorn\n|-damage|p1a: Ferrothorn|23\/100\n|-damage|p2a: Caution|36\/100|[from] item: Life Orb\n|move|p1a: Ferrothorn|Leech Seed|p2a: Caution\n|-start|p2a: Caution|move: Leech Seed\n|\n|-heal|p1a: Ferrothorn|29\/100|[from] item: Leftovers\n|-damage|p2a: Caution|24\/100|[from] Leech Seed|[of] p1a: Ferrothorn\n|-heal|p1a: Ferrothorn|41\/100|[silent]\n|upkeep\n|turn|37\n|\n|t:|1699155543\n|move|p2a: Caution|Dragon Dance|p2a: Caution\n|-boost|p2a: Caution|atk|1\n|-boost|p2a: Caution|spe|1\n|move|p1a: Ferrothorn|Spikes|p2a: Caution\n|-sidestart|p2: grass knot zygarde|Spikes\n|\n|-heal|p1a: Ferrothorn|47\/100|[from] item: Leftovers\n|-damage|p2a: Caution|11\/100|[from] Leech Seed|[of] p1a: Ferrothorn\n|-heal|p1a: Ferrothorn|59\/100|[silent]\n|upkeep\n|turn|38\n|\n|t:|1699155550\n|move|p2a: Caution|Fusion Bolt|p1a: Ferrothorn\n|-resisted|p1a: Ferrothorn\n|-damage|p1a: Ferrothorn|15\/100\n|-damage|p2a: Caution|1\/100|[from] item: Life Orb\n|move|p1a: Ferrothorn|Spikes|p2a: Caution\n|-sidestart|p2: grass knot zygarde|Spikes\n|\n|-heal|p1a: Ferrothorn|21\/100|[from] item: Leftovers\n|-damage|p2a: Caution|0 fnt|[from] Leech Seed|[of] p1a: Ferrothorn\n|-heal|p1a: Ferrothorn|22\/100|[silent]\n|faint|p2a: Caution\n|upkeep\n|\n|t:|1699155554\n|switch|p2a: Ride til ya die|Arceus-Ghost|88\/100\n|-damage|p2a: Ride til ya die|63\/100|[from] Spikes\n|turn|39\n|\n|t:|1699155559\n|move|p2a: Ride til ya die|Taunt|p1a: Ferrothorn\n|-start|p1a: Ferrothorn|move: Taunt\n|move|p1a: Ferrothorn|Gyro Ball|p2a: Ride til ya die\n|-damage|p2a: Ride til ya die|27\/100\n|\n|-heal|p1a: Ferrothorn|28\/100|[from] item: Leftovers\n|upkeep\n|turn|40\n|\n|t:|1699155564\n|move|p2a: Ride til ya die|Shadow Force||[still]\n|-prepare|p2a: Ride til ya die|Shadow Force\n|move|p1a: Ferrothorn|Gyro Ball|p2a: Ride til ya die|[miss]\n|-miss|p1a: Ferrothorn|p2a: Ride til ya die\n|\n|-heal|p1a: Ferrothorn|35\/100|[from] item: Leftovers\n|upkeep\n|turn|41\n|\n|t:|1699155567\n|move|p2a: Ride til ya die|Shadow Force|p1a: Ferrothorn|[from]lockedmove\n|-damage|p1a: Ferrothorn|0 fnt\n|-damage|p2a: Ride til ya die|14\/100|[from] ability: Iron Barbs|[of] p1a: Ferrothorn\n|faint|p1a: Ferrothorn\n|\n|upkeep\n|\n|t:|1699155569\n|switch|p1a: Scizor|Scizor-Mega, M|40\/100\n|turn|42\n|-message|grass knot zygarde forfeited.\n|\n|win|Are En Gee\n|raw|Are En Gee's rating: 1786 &rarr; <strong>1800<\/strong><br \/>(+14 for winning)\n|raw|grass knot zygarde's rating: 1675 &rarr; <strong>1661<\/strong><br \/>(-14 for losing)\n|c|\u2606Are En Gee|gg\n","uploadtime":1699155582,"views":7,"p1id":"areengee","p2id":"grassknotzygarde","formatid":"gen9nationaldexubers","rating":1661,"private":0,"password":""}