{"id":"gen9nationaldexubers-1984088562","p1":"Malice Incarnate","p2":"hollyxkid","format":"[Gen 9] National Dex Ubers","log":"|j|\u2606Malice Incarnate\n|j|\u2606hollyxkid\n|t:|1699217483\n|gametype|singles\n|player|p1|Malice Incarnate|palmer|\n|player|p2|hollyxkid|lady|\n|teamsize|p1|6\n|teamsize|p2|6\n|gen|9\n|tier|[Gen 9] National Dex Ubers\n|rule|HP Percentage Mod: HP is shown in percentages\n|rule|Endless Battle Clause: Forcing endless battles is banned\n|rule|OHKO Clause: OHKO moves are banned\n|rule|Evasion Moves Clause: Evasion moves are banned\n|rule|Evasion Items Clause: Evasion items are banned\n|rule|Species Clause: Limit one of each Pok\u00e9mon\n|rule|Sleep Clause Mod: Limit one foe put to sleep\n|rule|Mega Rayquaza Clause: You cannot mega evolve Rayquaza\n|clearpoke\n|poke|p1|Scizor, M|\n|poke|p1|Landorus-Therian, M|\n|poke|p1|Greninja-*, M|\n|poke|p1|Conkeldurr, M|\n|poke|p1|Blissey, F|\n|poke|p1|Corviknight, M|\n|poke|p2|Kangaskhan, F|\n|poke|p2|Blissey, F|\n|poke|p2|Ditto|\n|poke|p2|Zoroark-Hisui, M|\n|poke|p2|Cyclizar, M|\n|poke|p2|Arceus|\n|teampreview\n|inactive|Battle timer is ON: inactive players will automatically lose when time's up. (requested by Malice Incarnate)\n|c|\u2606Malice Incarnate|Glhf\n|c|\u2606Malice Incarnate|Tera dragon corviknight\n|c|\u2606hollyxkid|i'm playing the expert team before the actual team lmao\n|c|\u2606hollyxkid|glhf\n|inactive|hollyxkid has 270 seconds left.\n|\n|t:|1699217525\n|start\n|switch|p1a: Scizor|Scizor, M|100\/100\n|switch|p2a: Mama Mia :0|Kangaskhan, F|100\/100\n|turn|1\n|\n|t:|1699217531\n|detailschange|p2a: Mama Mia :0|Kangaskhan-Mega, F\n|-mega|p2a: Mama Mia :0|Kangaskhan|Kangaskhanite\n|detailschange|p1a: Scizor|Scizor-Mega, M\n|-mega|p1a: Scizor|Scizor|Scizorite\n|move|p2a: Mama Mia :0|Fake Out|p1a: Scizor\n|-resisted|p1a: Scizor\n|-damage|p1a: Scizor|94\/100\n|-resisted|p1a: Scizor\n|-damage|p1a: Scizor|92\/100\n|-hitcount|p1a: Scizor|2\n|cant|p1a: Scizor|flinch\n|\n|upkeep\n|turn|2\n|\n|t:|1699217544\n|move|p2a: Mama Mia :0|Power-Up Punch|p1a: Scizor\n|-damage|p1a: Scizor|84\/100\n|-boost|p2a: Mama Mia :0|atk|1\n|-damage|p1a: Scizor|81\/100\n|-boost|p2a: Mama Mia :0|atk|1\n|-hitcount|p1a: Scizor|2\n|move|p1a: Scizor|U-turn|p2a: Mama Mia :0\n|-damage|p2a: Mama Mia :0|64\/100\n|\n|t:|1699217546\n|switch|p1a: Landorus|Landorus-Therian, M|100\/100|[from] U-turn\n|-ability|p1a: Landorus|Intimidate|boost\n|-unboost|p2a: Mama Mia :0|atk|1\n|\n|upkeep\n|turn|3\n|\n|t:|1699217562\n|switch|p2a: still matt|Ditto|100\/100\n|-transform|p2a: still matt|p1a: Landorus|[from] ability: Imposter\n|-ability|p2a: still matt|Intimidate|boost\n|-unboost|p1a: Landorus|atk|1\n|move|p1a: Landorus|Stealth Rock|p2a: still matt\n|-sidestart|p2: hollyxkid|move: Stealth Rock\n|\n|upkeep\n|turn|4\n|\n|t:|1699217571\n|move|p2a: still matt|Stealth Rock|p1a: Landorus\n|-sidestart|p1: Malice Incarnate|move: Stealth Rock\n|-zpower|p1a: Landorus\n|move|p1a: Landorus|Continental Crush|p2a: still matt|[zeffect]\n|-damage|p2a: still matt|41\/100\n|\n|upkeep\n|turn|5\n|\n|t:|1699217580\n|switch|p2a: Bessie|Blissey, F|100\/100\n|move|p1a: Landorus|Swords Dance|p1a: Landorus\n|-boost|p1a: Landorus|atk|2\n|\n|upkeep\n|turn|6\n|\n|t:|1699217585\n|move|p1a: Landorus|Stone Edge|p2a: Bessie|[miss]\n|-miss|p1a: Landorus|p2a: Bessie\n|move|p2a: Bessie|Toxic|p1a: Landorus|[miss]\n|-miss|p2a: Bessie|p1a: Landorus\n|\n|upkeep\n|turn|7\n|\n|t:|1699217589\n|move|p1a: Landorus|Earthquake|p2a: Bessie\n|-damage|p2a: Bessie|23\/100\n|move|p2a: Bessie|Toxic|p1a: Landorus\n|-status|p1a: Landorus|tox\n|\n|-damage|p1a: Landorus|95\/100 tox|[from] psn\n|upkeep\n|turn|8\n|\n|t:|1699217595\n|switch|p2a: still matt|Ditto|41\/100\n|-damage|p2a: still matt|28\/100|[from] Stealth Rock\n|-transform|p2a: still matt|p1a: Landorus|[from] ability: Imposter\n|-ability|p2a: still matt|Intimidate|boost\n|-unboost|p1a: Landorus|atk|1\n|move|p1a: Landorus|Stone Edge|p2a: still matt|[miss]\n|-miss|p1a: Landorus|p2a: still matt\n|\n|-damage|p1a: Landorus|83\/100 tox|[from] psn\n|upkeep\n|turn|9\n|c|\u2606Malice Incarnate|Stone miss\n|\n|t:|1699217612\n|switch|p1a: Corviknight|Corviknight, M|100\/100\n|-damage|p1a: Corviknight|88\/100|[from] Stealth Rock\n|-ability|p1a: Corviknight|Pressure\n|move|p2a: still matt|Stone Edge|p1a: Corviknight\n|-damage|p1a: Corviknight|53\/100\n|\n|upkeep\n|turn|10\n|\n|t:|1699217628\n|switch|p2a: do it again|Cyclizar, M|100\/100\n|move|p1a: Corviknight|Roost|p1a: Corviknight\n|-heal|p1a: Corviknight|100\/100\n|-singleturn|p1a: Corviknight|move: Roost\n|\n|upkeep\n|turn|11\n|\n|t:|1699217633\n|move|p2a: do it again|Rapid Spin|p1a: Corviknight\n|-resisted|p1a: Corviknight\n|-damage|p1a: Corviknight|95\/100\n|-boost|p2a: do it again|spe|1\n|-damage|p2a: do it again|84\/100|[from] item: Rocky Helmet|[of] p1a: Corviknight\n|-sideend|p2: hollyxkid|Stealth Rock|[from] move: Rapid Spin|[of] p2a: do it again\n|move|p1a: Corviknight|Body Press|p2a: do it again\n|-supereffective|p2a: do it again\n|-damage|p2a: do it again|18\/100\n|\n|upkeep\n|turn|12\n|\n|t:|1699217642\n|move|p2a: do it again|Knock Off|p1a: Corviknight\n|-damage|p1a: Corviknight|81\/100\n|-damage|p2a: do it again|1\/100|[from] item: Rocky Helmet|[of] p1a: Corviknight\n|-enditem|p1a: Corviknight|Rocky Helmet|[from] move: Knock Off|[of] p2a: do it again\n|move|p1a: Corviknight|U-turn|p2a: do it again\n|-damage|p2a: do it again|0 fnt\n|faint|p2a: do it again\n|\n|t:|1699217653\n|switch|p1a: Scizor|Scizor-Mega, M|81\/100|[from] U-turn\n|-damage|p1a: Scizor|68\/100|[from] Stealth Rock\n|\n|upkeep\n|\n|t:|1699217668\n|switch|p2a: Mama Mia :0|Kangaskhan-Mega, F|64\/100\n|turn|13\n|\n|t:|1699217673\n|move|p2a: Mama Mia :0|Power-Up Punch|p1a: Scizor\n|-damage|p1a: Scizor|59\/100\n|-boost|p2a: Mama Mia :0|atk|1\n|-damage|p1a: Scizor|56\/100\n|-boost|p2a: Mama Mia :0|atk|1\n|-hitcount|p1a: Scizor|2\n|move|p1a: Scizor|Roost|p1a: Scizor\n|-heal|p1a: Scizor|100\/100\n|-singleturn|p1a: Scizor|move: Roost\n|\n|upkeep\n|turn|14\n|\n|t:|1699217677\n|move|p2a: Mama Mia :0|Return|p1a: Scizor\n|-resisted|p1a: Scizor\n|-damage|p1a: Scizor|69\/100\n|-resisted|p1a: Scizor\n|-damage|p1a: Scizor|62\/100\n|-hitcount|p1a: Scizor|2\n|move|p1a: Scizor|U-turn|p2a: Mama Mia :0\n|-damage|p2a: Mama Mia :0|34\/100\n|\n|t:|1699217690\n|switch|p1a: Conkeldurr|Conkeldurr, M|100\/100|[from] U-turn\n|-damage|p1a: Conkeldurr|94\/100|[from] Stealth Rock\n|\n|-status|p1a: Conkeldurr|brn|[from] item: Flame Orb\n|upkeep\n|turn|15\n|\n|t:|1699217699\n|switch|p2a: still matt|Ditto|28\/100\n|-transform|p2a: still matt|p1a: Conkeldurr|[from] ability: Imposter\n|move|p1a: Conkeldurr|Mach Punch|p2a: still matt\n|-damage|p2a: still matt|0 fnt\n|faint|p2a: still matt\n|\n|-damage|p1a: Conkeldurr|88\/100 brn|[from] brn\n|upkeep\n|\n|t:|1699217702\n|switch|p2a: Gab|Arceus|100\/100\n|turn|16\n|\n|t:|1699217705\n|move|p2a: Gab|Hyper Voice|p1a: Conkeldurr\n|-damage|p1a: Conkeldurr|11\/100 brn\n|move|p1a: Conkeldurr|Knock Off|p2a: Gab\n|-supereffective|p2a: Gab\n|-damage|p2a: Gab|0 fnt\n|replace|p2a: Jorge|Zoroark-Hisui, M\n|-end|p2a: Jorge|Illusion\n|-enditem|p2a: Jorge|Choice Specs|[from] move: Knock Off|[of] p1a: Conkeldurr\n|faint|p2a: Jorge\n|\n|-damage|p1a: Conkeldurr|5\/100 brn|[from] brn\n|upkeep\n|\n|t:|1699217711\n|switch|p2a: Mama Mia :0|Kangaskhan-Mega, F|34\/100\n|turn|17\n|\n|t:|1699217718\n|switch|p1a: Landorus|Landorus-Therian, M|83\/100 tox\n|-damage|p1a: Landorus|70\/100 tox|[from] Stealth Rock\n|-ability|p1a: Landorus|Intimidate|boost\n|-unboost|p2a: Mama Mia :0|atk|1\n|move|p2a: Mama Mia :0|Power-Up Punch|p1a: Landorus\n|-resisted|p1a: Landorus\n|-damage|p1a: Landorus|65\/100 tox\n|-boost|p2a: Mama Mia :0|atk|1\n|-resisted|p1a: Landorus\n|-damage|p1a: Landorus|64\/100 tox\n|-boost|p2a: Mama Mia :0|atk|1\n|-hitcount|p1a: Landorus|2\n|\n|-damage|p1a: Landorus|58\/100 tox|[from] psn\n|upkeep\n|turn|18\n|\n|t:|1699217725\n|move|p2a: Mama Mia :0|Return|p1a: Landorus\n|-damage|p1a: Landorus|0 fnt\n|faint|p1a: Landorus\n|-hitcount|p1: Landorus|1\n|\n|upkeep\n|\n|t:|1699217728\n|switch|p1a: Greninja|Greninja, M|100\/100\n|-damage|p1a: Greninja|88\/100|[from] Stealth Rock\n|turn|19\n|\n|t:|1699217733\n|switch|p2a: Bessie|Blissey, F|23\/100\n|move|p1a: Greninja|Ice Beam|p2a: Bessie\n|-start|p1a: Greninja|typechange|Ice|[from] ability: Protean\n|-damage|p2a: Bessie|11\/100\n|\n|upkeep\n|turn|20\n|\n|t:|1699217740\n|move|p1a: Greninja|Ice Beam|p2a: Bessie\n|-damage|p2a: Bessie|0 fnt\n|faint|p2a: Bessie\n|\n|upkeep\n|\n|t:|1699217744\n|switch|p2a: Gab|Arceus|100\/100\n|turn|21\n|\n|t:|1699217747\n|move|p1a: Greninja|Ice Beam|p2a: Gab\n|-damage|p2a: Gab|74\/100\n|move|p2a: Gab|Swords Dance|p2a: Gab\n|-boost|p2a: Gab|atk|2\n|\n|-heal|p2a: Gab|80\/100|[from] item: Leftovers\n|upkeep\n|turn|22\n|\n|t:|1699217751\n|switch|p1a: Corviknight|Corviknight, M|81\/100\n|-damage|p1a: Corviknight|69\/100|[from] Stealth Rock\n|-ability|p1a: Corviknight|Pressure\n|move|p2a: Gab|Extreme Speed|p1a: Corviknight\n|-resisted|p1a: Corviknight\n|-damage|p1a: Corviknight|46\/100\n|\n|-heal|p2a: Gab|86\/100|[from] item: Leftovers\n|upkeep\n|turn|23\n|\n|t:|1699217761\n|move|p2a: Gab|Swords Dance|p2a: Gab\n|-boost|p2a: Gab|atk|2\n|move|p1a: Corviknight|Roost|p1a: Corviknight\n|-heal|p1a: Corviknight|96\/100\n|-singleturn|p1a: Corviknight|move: Roost\n|\n|-heal|p2a: Gab|92\/100|[from] item: Leftovers\n|upkeep\n|turn|24\n|\n|t:|1699217764\n|move|p2a: Gab|Swords Dance|p2a: Gab\n|-boost|p2a: Gab|atk|2\n|move|p1a: Corviknight|Iron Defense|p1a: Corviknight\n|-boost|p1a: Corviknight|def|2\n|\n|-heal|p2a: Gab|98\/100|[from] item: Leftovers\n|upkeep\n|turn|25\n|\n|t:|1699217772\n|switch|p2a: Mama Mia :0|Kangaskhan-Mega, F|34\/100\n|move|p1a: Corviknight|Iron Defense|p1a: Corviknight\n|-boost|p1a: Corviknight|def|2\n|\n|upkeep\n|turn|26\n|\n|t:|1699217776\n|move|p2a: Mama Mia :0|Power-Up Punch|p1a: Corviknight\n|-damage|p1a: Corviknight|93\/100\n|-boost|p2a: Mama Mia :0|atk|1\n|-damage|p1a: Corviknight|92\/100\n|-boost|p2a: Mama Mia :0|atk|1\n|-hitcount|p1a: Corviknight|2\n|move|p1a: Corviknight|Body Press|p2a: Mama Mia :0\n|-supereffective|p2a: Mama Mia :0\n|-damage|p2a: Mama Mia :0|0 fnt\n|faint|p2a: Mama Mia :0\n|\n|upkeep\n|c|\u2606Malice Incarnate|Gg\n|\n|t:|1699217783\n|switch|p2a: Gab|Arceus|98\/100\n|turn|27\n|\n|t:|1699217786\n|move|p2a: Gab|Extreme Speed|p1a: Corviknight\n|-resisted|p1a: Corviknight\n|-damage|p1a: Corviknight|87\/100\n|move|p1a: Corviknight|Body Press|p2a: Gab\n|-supereffective|p2a: Gab\n|-damage|p2a: Gab|0 fnt\n|faint|p2a: Gab\n|\n|win|Malice Incarnate\n|c|\u2606hollyxkid|gg\n|l|\u2606hollyxkid\n","uploadtime":1699217796,"views":12,"p1id":"maliceincarnate","p2id":"hollyxkid","formatid":"gen9nationaldexubers","rating":0,"private":0,"password":""}