{"id":"gen9nationaldexubers-1985034080","p1":"yungmattattack","p2":"Karm ssb","format":"[Gen 9] National Dex Ubers","log":"|j|\u2606yungmattattack\n|j|\u2606Karm ssb\n|t:|1699322962\n|gametype|singles\n|player|p1|yungmattattack|170|\n|player|p2|Karm ssb|169|\n|teamsize|p1|6\n|teamsize|p2|6\n|gen|9\n|tier|[Gen 9] National Dex Ubers\n|rule|HP Percentage Mod: HP is shown in percentages\n|rule|Endless Battle Clause: Forcing endless battles is banned\n|rule|OHKO Clause: OHKO moves are banned\n|rule|Evasion Moves Clause: Evasion moves are banned\n|rule|Evasion Items Clause: Evasion items are banned\n|rule|Species Clause: Limit one of each Pok\u00e9mon\n|rule|Sleep Clause Mod: Limit one foe put to sleep\n|rule|Mega Rayquaza Clause: You cannot mega evolve Rayquaza\n|clearpoke\n|poke|p1|Swampert, M|\n|poke|p1|Pelipper, F|\n|poke|p1|Rotom-Wash|\n|poke|p1|Walking Wake|\n|poke|p1|Urshifu-*, F|\n|poke|p1|Samurott-Hisui, F|\n|poke|p2|Cyclizar, F|\n|poke|p2|Goodra-Hisui, F|\n|poke|p2|Baxcalibur, F|\n|poke|p2|Latias, F|\n|poke|p2|Roaring Moon|\n|poke|p2|Dragonite, M|\n|teampreview\n|j| mastermar22\n|\n|t:|1699322976\n|start\n|switch|p1a: Urshifu|Urshifu-Rapid-Strike, F|100\/100\n|switch|p2a: Dragonite|Dragonite, M|100\/100\n|turn|1\n|\n|t:|1699322998\n|move|p2a: Dragonite|Extreme Speed|p1a: Urshifu\n|-damage|p1a: Urshifu|73\/100\n|move|p1a: Urshifu|U-turn|p2a: Dragonite\n|-resisted|p2a: Dragonite\n|-damage|p2a: Dragonite|94\/100\n|\n|t:|1699323011\n|switch|p1a: Walking Wake|Walking Wake|100\/100|[from] U-turn\n|\n|upkeep\n|turn|2\n|\n|t:|1699323018\n|switch|p2a: Goodra|Goodra-Hisui, F|100\/100\n|move|p1a: Walking Wake|Hydro Steam|p2a: Goodra\n|-resisted|p2a: Goodra\n|-damage|p2a: Goodra|88\/100\n|\n|upkeep\n|turn|3\n|c|\u2606yungmattattack|misclick\n|\n|t:|1699323047\n|-end|p1a: Walking Wake|Protosynthesis|[silent]\n|switch|p1a: Rotom|Rotom-Wash|100\/100\n|move|p2a: Goodra|Draco Meteor|p1a: Rotom\n|-damage|p1a: Rotom|53\/100\n|-unboost|p2a: Goodra|spa|2\n|\n|-heal|p1a: Rotom|59\/100|[from] item: Leftovers\n|upkeep\n|turn|4\n|\n|t:|1699323056\n|move|p1a: Rotom|Volt Switch|p2a: Goodra\n|-resisted|p2a: Goodra\n|-damage|p2a: Goodra|82\/100\n|\n|t:|1699323069\n|switch|p1a: Pelipper|Pelipper, F|100\/100|[from] Volt Switch\n|-weather|RainDance|[from] ability: Drizzle|[of] p1a: Pelipper\n|move|p2a: Goodra|Knock Off|p1a: Pelipper\n|-damage|p1a: Pelipper|86\/100\n|-enditem|p1a: Pelipper|Leftovers|[from] move: Knock Off|[of] p2a: Goodra\n|\n|-weather|RainDance|[upkeep]\n|upkeep\n|turn|5\n|\n|t:|1699323129\n|move|p2a: Goodra|Draco Meteor|p1a: Pelipper\n|-damage|p1a: Pelipper|47\/100\n|-unboost|p2a: Goodra|spa|2\n|move|p1a: Pelipper|U-turn|p2a: Goodra\n|-resisted|p2a: Goodra\n|-damage|p2a: Goodra|78\/100\n|-ability|p2a: Goodra|Gooey\n|-unboost|p1a: Pelipper|spe|1\n|\n|t:|1699323138\n|switch|p1a: Walking Wake|Walking Wake|100\/100|[from] U-turn\n|\n|-weather|RainDance|[upkeep]\n|upkeep\n|turn|6\n|\n|t:|1699323166\n|move|p1a: Walking Wake|Draco Meteor|p2a: Goodra\n|-damage|p2a: Goodra|33\/100\n|-unboost|p1a: Walking Wake|spa|2\n|move|p2a: Goodra|Knock Off|p1a: Walking Wake\n|-damage|p1a: Walking Wake|80\/100\n|-enditem|p1a: Walking Wake|Choice Specs|[from] move: Knock Off|[of] p2a: Goodra\n|\n|-weather|RainDance|[upkeep]\n|upkeep\n|turn|7\n|\n|t:|1699323197\n|switch|p2a: Latias|Latias, F|100\/100\n|move|p1a: Walking Wake|Draco Meteor|p2a: Latias\n|-supereffective|p2a: Latias\n|-damage|p2a: Latias|46\/100\n|-unboost|p1a: Walking Wake|spa|2\n|\n|-weather|RainDance|[upkeep]\n|upkeep\n|turn|8\n|\n|t:|1699323217\n|-end|p1a: Walking Wake|Protosynthesis|[silent]\n|switch|p1a: Samurott|Samurott-Hisui, F|100\/100\n|move|p2a: Latias|Draco Meteor|p1a: Samurott\n|-damage|p1a: Samurott|8\/100\n|-unboost|p2a: Latias|spa|2\n|\n|-weather|none\n|upkeep\n|turn|9\n|\n|t:|1699323232\n|switch|p1a: Rotom|Rotom-Wash|59\/100\n|move|p2a: Latias|Draco Meteor|p1a: Rotom\n|-damage|p1a: Rotom|33\/100\n|-unboost|p2a: Latias|spa|2\n|\n|-heal|p1a: Rotom|39\/100|[from] item: Leftovers\n|upkeep\n|turn|10\n|\n|t:|1699323242\n|switch|p2a: Baxcalibur|Baxcalibur, F|100\/100\n|move|p1a: Rotom|Volt Switch|p2a: Baxcalibur\n|-resisted|p2a: Baxcalibur\n|-damage|p2a: Baxcalibur|87\/100\n|\n|t:|1699323250\n|switch|p1a: Urshifu|Urshifu-Rapid-Strike, F|73\/100|[from] Volt Switch\n|\n|upkeep\n|turn|11\n|\n|t:|1699323261\n|switch|p2a: Dragonite|Dragonite, M|94\/100\n|move|p1a: Urshifu|Close Combat|p2a: Dragonite\n|-resisted|p2a: Dragonite\n|-damage|p2a: Dragonite|61\/100\n|-unboost|p1a: Urshifu|def|1\n|-unboost|p1a: Urshifu|spd|1\n|\n|upkeep\n|turn|12\n|\n|t:|1699323295\n|switch|p1a: Samurott|Samurott-Hisui, F|8\/100\n|move|p2a: Dragonite|Extreme Speed|p1a: Samurott\n|-damage|p1a: Samurott|0 fnt\n|faint|p1a: Samurott\n|\n|upkeep\n|\n|t:|1699323307\n|switch|p1a: Walking Wake|Walking Wake|80\/100\n|turn|13\n|\n|t:|1699323374\n|switch|p2a: Cyclizar|Cyclizar, F|100\/100\n|move|p1a: Walking Wake|Draco Meteor|p2a: Cyclizar\n|-supereffective|p2a: Cyclizar\n|-damage|p2a: Cyclizar|0 fnt\n|-unboost|p1a: Walking Wake|spa|2\n|faint|p2a: Cyclizar\n|\n|upkeep\n|\n|t:|1699323395\n|switch|p2a: Roaring Moon|Roaring Moon|100\/100\n|turn|14\n|\n|t:|1699323410\n|-end|p1a: Walking Wake|Protosynthesis|[silent]\n|switch|p1a: Rotom|Rotom-Wash|39\/100\n|move|p2a: Roaring Moon|Dragon Dance|p2a: Roaring Moon\n|-boost|p2a: Roaring Moon|atk|1\n|-boost|p2a: Roaring Moon|spe|1\n|\n|-heal|p1a: Rotom|46\/100|[from] item: Leftovers\n|upkeep\n|turn|15\n|\n|t:|1699323428\n|move|p2a: Roaring Moon|Knock Off|p1a: Rotom\n|-damage|p1a: Rotom|0 fnt\n|-enditem|p1a: Rotom|Leftovers|[from] move: Knock Off|[of] p2a: Roaring Moon\n|faint|p1a: Rotom\n|\n|upkeep\n|\n|t:|1699323502\n|switch|p1a: Walking Wake|Walking Wake|80\/100\n|turn|16\n|\n|t:|1699323514\n|-end|p1a: Walking Wake|Protosynthesis|[silent]\n|switch|p1a: Pelipper|Pelipper, F|47\/100\n|-weather|RainDance|[from] ability: Drizzle|[of] p1a: Pelipper\n|-zpower|p2a: Roaring Moon\n|move|p2a: Roaring Moon|Tectonic Rage|p1a: Pelipper|[zeffect]\n|-immune|p1a: Pelipper\n|\n|-weather|RainDance|[upkeep]\n|upkeep\n|turn|17\n|\n|t:|1699323546\n|move|p2a: Roaring Moon|Dragon Dance|p2a: Roaring Moon\n|-boost|p2a: Roaring Moon|atk|1\n|-boost|p2a: Roaring Moon|spe|1\n|move|p1a: Pelipper|Roost|p1a: Pelipper\n|-heal|p1a: Pelipper|97\/100\n|-singleturn|p1a: Pelipper|move: Roost\n|\n|-weather|RainDance|[upkeep]\n|upkeep\n|turn|18\n|c|\u2606yungmattattack|scald pls\n|\n|t:|1699323560\n|move|p2a: Roaring Moon|Knock Off|p1a: Pelipper\n|-damage|p1a: Pelipper|39\/100\n|move|p1a: Pelipper|Scald|p2a: Roaring Moon\n|-resisted|p2a: Roaring Moon\n|-damage|p2a: Roaring Moon|81\/100\n|\n|-weather|RainDance|[upkeep]\n|upkeep\n|turn|19\n|c|\u2606Karm ssb|0 for 3\n|\n|t:|1699323585\n|move|p2a: Roaring Moon|Knock Off|p1a: Pelipper\n|-damage|p1a: Pelipper|0 fnt\n|faint|p1a: Pelipper\n|\n|-weather|RainDance|[upkeep]\n|upkeep\n|\n|t:|1699323589\n|switch|p1a: Swampert|Swampert, M|100\/100\n|turn|20\n|\n|t:|1699323602\n|detailschange|p1a: Swampert|Swampert-Mega, M\n|-mega|p1a: Swampert|Swampert|Swampertite\n|move|p2a: Roaring Moon|Earthquake|p1a: Swampert\n|-damage|p1a: Swampert|29\/100\n|move|p1a: Swampert|Ice Punch|p2a: Roaring Moon\n|-supereffective|p2a: Roaring Moon\n|-crit|p2a: Roaring Moon\n|-damage|p2a: Roaring Moon|0 fnt\n|faint|p2a: Roaring Moon\n|-end|p2a: Roaring Moon|Protosynthesis|[silent]\n|\n|-weather|none\n|upkeep\n|\n|t:|1699323626\n|switch|p2a: Baxcalibur|Baxcalibur, F|87\/100\n|turn|21\n|\n|t:|1699323645\n|move|p2a: Baxcalibur|Scale Shot|p1a: Swampert\n|-damage|p1a: Swampert|16\/100\n|-damage|p1a: Swampert|3\/100\n|-damage|p1a: Swampert|0 fnt\n|faint|p1a: Swampert\n|-hitcount|p1: Swampert|3\n|-unboost|p2a: Baxcalibur|def|1\n|-boost|p2a: Baxcalibur|spe|1\n|\n|upkeep\n|\n|t:|1699323650\n|switch|p1a: Urshifu|Urshifu-Rapid-Strike, F|73\/100\n|turn|22\n|\n|t:|1699323665\n|move|p1a: Urshifu|Close Combat|p2a: Baxcalibur\n|-supereffective|p2a: Baxcalibur\n|-damage|p2a: Baxcalibur|0 fnt\n|-unboost|p1a: Urshifu|def|1\n|-unboost|p1a: Urshifu|spd|1\n|faint|p2a: Baxcalibur\n|\n|upkeep\n|\n|t:|1699323677\n|switch|p2a: Latias|Latias, F|46\/100\n|turn|23\n|\n|t:|1699323681\n|move|p2a: Latias|Psychic|p1a: Urshifu\n|-supereffective|p1a: Urshifu\n|-damage|p1a: Urshifu|0 fnt\n|faint|p1a: Urshifu\n|\n|upkeep\n|\n|t:|1699323683\n|switch|p1a: Walking Wake|Walking Wake|80\/100\n|turn|24\n|c|\u2606yungmattattack|dodge it\n|\n|t:|1699323733\n|switch|p2a: Dragonite|Dragonite, M|61\/100\n|move|p1a: Walking Wake|Hurricane|p2a: Dragonite\n|-crit|p2a: Dragonite\n|-damage|p2a: Dragonite|2\/100\n|\n|upkeep\n|turn|25\n|\n|t:|1699323745\n|move|p2a: Dragonite|Extreme Speed|p1a: Walking Wake\n|-damage|p1a: Walking Wake|47\/100\n|move|p1a: Walking Wake|Hydro Steam|p2a: Dragonite\n|-resisted|p2a: Dragonite\n|-damage|p2a: Dragonite|0 fnt\n|faint|p2a: Dragonite\n|\n|upkeep\n|\n|t:|1699323764\n|switch|p2a: Latias|Latias, F|46\/100\n|turn|26\n|c|\u2606yungmattattack|Psychic still a roll\n|c|\u2606Karm ssb|ik\n|c|\u2606yungmattattack|go for the draco coward\n|\n|t:|1699323799\n|move|p2a: Latias|Psychic|p1a: Walking Wake\n|-damage|p1a: Walking Wake|0 fnt\n|faint|p1a: Walking Wake\n|-end|p1a: Walking Wake|Protosynthesis|[silent]\n|\n|win|Karm ssb\n|c|\u2606yungmattattack|ggs\n|c|\u2606Karm ssb|it was in my favor a good bit\n|c|\u2606Karm ssb|ggs\n|l|\u2606yungmattattack\n","uploadtime":1699323860,"views":6,"p1id":"yungmattattack","p2id":"karmssb","formatid":"gen9nationaldexubers","rating":0,"private":0,"password":""}