{"id":"gen9nationaldexubers-1998263602","p1":"hoenn militian","p2":"TristanPlaysPKMN","format":"[Gen 9] National Dex Ubers","log":"|j|\u2606hoenn militian\n|j|\u2606TristanPlaysPKMN\n|t:|1700921784\n|gametype|singles\n|player|p1|hoenn militian|169|1457\n|player|p2|TristanPlaysPKMN|eusine|1364\n|teamsize|p1|6\n|teamsize|p2|6\n|gen|9\n|tier|[Gen 9] National Dex Ubers\n|rated|\n|rule|HP Percentage Mod: HP is shown in percentages\n|rule|Endless Battle Clause: Forcing endless battles is banned\n|rule|OHKO Clause: OHKO moves are banned\n|rule|Evasion Moves Clause: Evasion moves are banned\n|rule|Evasion Items Clause: Evasion items are banned\n|rule|Species Clause: Limit one of each Pok\u00e9mon\n|rule|Sleep Clause Mod: Limit one foe put to sleep\n|rule|Mega Rayquaza Clause: You cannot mega evolve Rayquaza\n|clearpoke\n|poke|p1|Groudon|\n|poke|p1|Grimmsnarl, M|\n|poke|p1|Skeledirge, M|\n|poke|p1|Moltres|\n|poke|p1|Blissey, F|\n|poke|p1|Calyrex-Ice|\n|poke|p2|Zacian-*|\n|poke|p2|Ogerpon-Hearthflame, F|\n|poke|p2|Pheromosa|\n|poke|p2|Marshadow|\n|poke|p2|Gyarados, F|\n|poke|p2|Xerneas-*|\n|teampreview\n|inactive|Battle timer is ON: inactive players will automatically lose when time's up. (requested by TristanPlaysPKMN)\n|\n|t:|1700921790\n|start\n|switch|p1a: Grimmsnarl|Grimmsnarl, M|100\/100\n|switch|p2a: Leaping Roach|Pheromosa, shiny|100\/100\n|turn|1\n|\n|t:|1700921797\n|move|p2a: Leaping Roach|U-turn|p1a: Grimmsnarl\n|-damage|p1a: Grimmsnarl|49\/100\n|\n|t:|1700921801\n|switch|p2a: Mystic Majesty|Xerneas, shiny|100\/100|[from] U-turn\n|-ability|p2a: Mystic Majesty|Fairy Aura\n|move|p1a: Grimmsnarl|Spirit Break|p2a: Mystic Majesty\n|-damage|p2a: Mystic Majesty|64\/100\n|-unboost|p2a: Mystic Majesty|spa|1\n|\n|upkeep\n|turn|2\n|\n|t:|1700921813\n|move|p1a: Grimmsnarl|Parting Shot|p2a: Mystic Majesty\n|-unboost|p2a: Mystic Majesty|atk|1\n|-unboost|p2a: Mystic Majesty|spa|1\n|\n|t:|1700921825\n|switch|p1a: Blissey|Blissey, F|100\/100|[from] Parting Shot\n|move|p2a: Mystic Majesty|Geomancy||[still]\n|-prepare|p2a: Mystic Majesty|Geomancy\n|-enditem|p2a: Mystic Majesty|Power Herb\n|-anim|p2a: Mystic Majesty|Geomancy|p2a: Mystic Majesty\n|-boost|p2a: Mystic Majesty|spa|2\n|-boost|p2a: Mystic Majesty|spd|2\n|-boost|p2a: Mystic Majesty|spe|2\n|\n|upkeep\n|turn|3\n|\n|t:|1700921833\n|move|p2a: Mystic Majesty|Substitute|p2a: Mystic Majesty\n|-start|p2a: Mystic Majesty|Substitute\n|-damage|p2a: Mystic Majesty|39\/100\n|move|p1a: Blissey|Stealth Rock|p2a: Mystic Majesty\n|-sidestart|p2: TristanPlaysPKMN|move: Stealth Rock\n|\n|upkeep\n|turn|4\n|\n|t:|1700921854\n|move|p2a: Mystic Majesty|Geomancy||[still]\n|-prepare|p2a: Mystic Majesty|Geomancy\n|move|p1a: Blissey|Seismic Toss|p2a: Mystic Majesty\n|-activate|p2a: Mystic Majesty|move: Substitute|[damage]\n|\n|upkeep\n|turn|5\n|\n|t:|1700921859\n|move|p2a: Mystic Majesty|Geomancy|p2a: Mystic Majesty|[from]lockedmove\n|-boost|p2a: Mystic Majesty|spa|2\n|-boost|p2a: Mystic Majesty|spd|2\n|-boost|p2a: Mystic Majesty|spe|2\n|move|p1a: Blissey|Seismic Toss|p2a: Mystic Majesty\n|-end|p2a: Mystic Majesty|Substitute\n|\n|upkeep\n|turn|6\n|\n|t:|1700921876\n|move|p2a: Mystic Majesty|Moonblast|p1a: Blissey\n|-damage|p1a: Blissey|65\/100\n|move|p1a: Blissey|Seismic Toss|p2a: Mystic Majesty\n|-damage|p2a: Mystic Majesty|15\/100\n|\n|upkeep\n|turn|7\n|\n|t:|1700921882\n|move|p2a: Mystic Majesty|Moonblast|p1a: Blissey\n|-damage|p1a: Blissey|32\/100\n|move|p1a: Blissey|Seismic Toss|p2a: Mystic Majesty\n|-damage|p2a: Mystic Majesty|0 fnt\n|faint|p2a: Mystic Majesty\n|\n|upkeep\n|\n|t:|1700921889\n|switch|p2a: Leaping Roach|Pheromosa, shiny|100\/100\n|-damage|p2a: Leaping Roach|88\/100|[from] Stealth Rock\n|turn|8\n|\n|t:|1700921893\n|switch|p1a: Moltres|Moltres|100\/100\n|move|p2a: Leaping Roach|Rapid Spin|p1a: Moltres\n|-damage|p1a: Moltres|87\/100\n|-boost|p2a: Leaping Roach|spe|1\n|-sideend|p2: TristanPlaysPKMN|Stealth Rock|[from] move: Rapid Spin|[of] p2a: Leaping Roach\n|\n|upkeep\n|turn|9\n|\n|t:|1700921904\n|switch|p2a: Fanged Sail|Gyarados, F, shiny|100\/100\n|-ability|p2a: Fanged Sail|Intimidate|boost\n|-unboost|p1a: Moltres|atk|1\n|move|p1a: Moltres|U-turn|p2a: Fanged Sail\n|-resisted|p2a: Fanged Sail\n|-damage|p2a: Fanged Sail|94\/100\n|\n|t:|1700921915\n|switch|p1a: Calyrex|Calyrex-Ice|100\/100|[from] U-turn\n|-ability|p1a: Calyrex|As One\n|-ability|p1a: Calyrex|Unnerve\n|\n|upkeep\n|turn|10\n|inactive|TristanPlaysPKMN has 120 seconds left.\n|inactive|TristanPlaysPKMN has 90 seconds left.\n|\n|t:|1700921977\n|detailschange|p2a: Fanged Sail|Gyarados-Mega, F, shiny\n|-mega|p2a: Fanged Sail|Gyarados|Gyaradosite\n|-ability|p2a: Fanged Sail|Mold Breaker\n|move|p2a: Fanged Sail|Crunch|p1a: Calyrex\n|-supereffective|p1a: Calyrex\n|-damage|p1a: Calyrex|35\/100\n|move|p1a: Calyrex|Glacial Lance|p2a: Fanged Sail\n|-resisted|p2a: Fanged Sail\n|-crit|p2a: Fanged Sail\n|-damage|p2a: Fanged Sail|35\/100\n|\n|upkeep\n|turn|11\n|\n|t:|1700921990\n|switch|p1a: Groudon|Groudon|100\/100\n|detailschange|p1a: Groudon|Groudon-Primal\n|-primal|p1a: Groudon|Red Orb\n|-weather|DesolateLand|[from] ability: Desolate Land|[of] p1a: Groudon\n|move|p2a: Fanged Sail|Crunch|p1a: Groudon\n|-damage|p1a: Groudon|66\/100\n|-unboost|p1a: Groudon|def|1\n|\n|-weather|DesolateLand|[upkeep]\n|upkeep\n|turn|12\n|j| cheese miestro\n|\n|t:|1700922000\n|move|p1a: Groudon|Earthquake|p2a: Fanged Sail\n|-crit|p2a: Fanged Sail\n|-damage|p2a: Fanged Sail|0 fnt\n|faint|p2a: Fanged Sail\n|\n|-weather|DesolateLand|[upkeep]\n|upkeep\n|\n|t:|1700922009\n|switch|p2a: Masked Ogre|Ogerpon-Hearthflame, F|100\/100\n|-ability|p2a: Masked Ogre|Mold Breaker\n|turn|13\n|\n|t:|1700922018\n|-weather|none\n|switch|p1a: Moltres|Moltres|87\/100\n|-terastallize|p2a: Masked Ogre|Fire\n|detailschange|p2a: Masked Ogre|Ogerpon-Hearthflame-Tera, F, tera:Fire\n|-ability|p2a: Masked Ogre|Embody Aspect (Hearthflame)|boost\n|-boost|p2a: Masked Ogre|atk|1\n|move|p2a: Masked Ogre|Ivy Cudgel|p1a: Moltres|[anim] Ivy Cudgel Fire\n|-resisted|p1a: Moltres\n|-damage|p1a: Moltres|46\/100\n|\n|upkeep\n|turn|14\n|\n|t:|1700922029\n|move|p2a: Masked Ogre|Knock Off|p1a: Moltres\n|-damage|p1a: Moltres|9\/100\n|-enditem|p1a: Moltres|Heavy-Duty Boots|[from] move: Knock Off|[of] p2a: Masked Ogre\n|move|p1a: Moltres|Roost|p1a: Moltres\n|-heal|p1a: Moltres|59\/100\n|-singleturn|p1a: Moltres|move: Roost\n|\n|upkeep\n|turn|15\n|\n|t:|1700922038\n|move|p2a: Masked Ogre|Swords Dance|p2a: Masked Ogre\n|-boost|p2a: Masked Ogre|atk|2\n|move|p1a: Moltres|Roost|p1a: Moltres\n|-heal|p1a: Moltres|100\/100\n|-singleturn|p1a: Moltres|move: Roost\n|\n|upkeep\n|turn|16\n|\n|t:|1700922046\n|move|p2a: Masked Ogre|Ivy Cudgel|p1a: Moltres|[anim] Ivy Cudgel Fire\n|-resisted|p1a: Moltres\n|-damage|p1a: Moltres|39\/100\n|move|p1a: Moltres|Roar|p2a: Masked Ogre\n|drag|p2a: Leaping Roach|Pheromosa, shiny|88\/100\n|\n|upkeep\n|turn|17\n|\n|t:|1700922060\n|move|p2a: Leaping Roach|Triple Axel|p1a: Moltres\n|-damage|p1a: Moltres|33\/100\n|-status|p2a: Leaping Roach|brn|[from] ability: Flame Body|[of] p1a: Moltres\n|-damage|p1a: Moltres|27\/100\n|-damage|p1a: Moltres|19\/100\n|-hitcount|p1a: Moltres|3\n|move|p1a: Moltres|Roost|p1a: Moltres\n|-heal|p1a: Moltres|69\/100\n|-singleturn|p1a: Moltres|move: Roost\n|\n|-damage|p2a: Leaping Roach|82\/100 brn|[from] brn\n|upkeep\n|turn|18\n|\n|t:|1700922072\n|move|p2a: Leaping Roach|Triple Axel|p1a: Moltres\n|-damage|p1a: Moltres|66\/100\n|-damage|p1a: Moltres|60\/100\n|-damage|p1a: Moltres|52\/100\n|-hitcount|p1a: Moltres|3\n|move|p1a: Moltres|U-turn|p2a: Leaping Roach\n|-resisted|p2a: Leaping Roach\n|-damage|p2a: Leaping Roach|63\/100 brn\n|\n|t:|1700922085\n|switch|p1a: Skeledirge|Skeledirge, M|100\/100|[from] U-turn\n|\n|-damage|p2a: Leaping Roach|57\/100 brn|[from] brn\n|upkeep\n|turn|19\n|inactive|TristanPlaysPKMN has 120 seconds left.\n|\n|t:|1700922097\n|move|p2a: Leaping Roach|Triple Axel|p1a: Skeledirge\n|-resisted|p1a: Skeledirge\n|-damage|p1a: Skeledirge|99\/100\n|-resisted|p1a: Skeledirge\n|-crit|p1a: Skeledirge\n|-damage|p1a: Skeledirge|96\/100\n|-resisted|p1a: Skeledirge\n|-damage|p1a: Skeledirge|92\/100\n|-hitcount|p1a: Skeledirge|3\n|move|p1a: Skeledirge|Torch Song|p2a: Leaping Roach\n|-supereffective|p2a: Leaping Roach\n|-damage|p2a: Leaping Roach|0 fnt\n|-boost|p1a: Skeledirge|spa|1\n|faint|p2a: Leaping Roach\n|\n|upkeep\n|inactive|TristanPlaysPKMN has 120 seconds left.\n|\n|t:|1700922113\n|switch|p2a: Masked Ogre|Ogerpon-Hearthflame-Tera, F, tera:Fire|100\/100\n|-ability|p2a: Masked Ogre|Embody Aspect (Hearthflame)|boost\n|-boost|p2a: Masked Ogre|atk|1\n|turn|20\n|\n|t:|1700922127\n|move|p2a: Masked Ogre|Knock Off|p1a: Skeledirge\n|-supereffective|p1a: Skeledirge\n|-damage|p1a: Skeledirge|44\/100\n|-enditem|p1a: Skeledirge|Heavy-Duty Boots|[from] move: Knock Off|[of] p2a: Masked Ogre\n|move|p1a: Skeledirge|Torch Song|p2a: Masked Ogre\n|-resisted|p2a: Masked Ogre\n|-damage|p2a: Masked Ogre|75\/100\n|-boost|p1a: Skeledirge|spa|1\n|\n|upkeep\n|turn|21\n|\n|t:|1700922137\n|move|p2a: Masked Ogre|Knock Off|p1a: Skeledirge\n|-supereffective|p1a: Skeledirge\n|-damage|p1a: Skeledirge|12\/100\n|move|p1a: Skeledirge|Slack Off|p1a: Skeledirge\n|-heal|p1a: Skeledirge|62\/100\n|\n|upkeep\n|turn|22\n|\n|t:|1700922146\n|move|p2a: Masked Ogre|Knock Off|p1a: Skeledirge\n|-supereffective|p1a: Skeledirge\n|-damage|p1a: Skeledirge|33\/100\n|move|p1a: Skeledirge|Torch Song|p2a: Masked Ogre\n|-resisted|p2a: Masked Ogre\n|-damage|p2a: Masked Ogre|39\/100\n|-boost|p1a: Skeledirge|spa|1\n|\n|upkeep\n|turn|23\n|\n|t:|1700922157\n|move|p2a: Masked Ogre|Knock Off|p1a: Skeledirge\n|-supereffective|p1a: Skeledirge\n|-damage|p1a: Skeledirge|4\/100\n|move|p1a: Skeledirge|Slack Off|p1a: Skeledirge\n|-heal|p1a: Skeledirge|54\/100\n|\n|upkeep\n|turn|24\n|\n|t:|1700922172\n|move|p2a: Masked Ogre|Knock Off|p1a: Skeledirge\n|-supereffective|p1a: Skeledirge\n|-damage|p1a: Skeledirge|26\/100\n|move|p1a: Skeledirge|Slack Off|p1a: Skeledirge\n|-heal|p1a: Skeledirge|76\/100\n|\n|upkeep\n|turn|25\n|\n|t:|1700922183\n|switch|p2a: Shadow Thief|Marshadow|100\/100\n|move|p1a: Skeledirge|Hex|p2a: Shadow Thief\n|-supereffective|p2a: Shadow Thief\n|-enditem|p2a: Shadow Thief|Focus Sash\n|-damage|p2a: Shadow Thief|1\/100\n|\n|upkeep\n|turn|26\n|\n|t:|1700922202\n|switch|p1a: Grimmsnarl|Grimmsnarl, M|49\/100\n|move|p2a: Shadow Thief|Spectral Thief|p1a: Grimmsnarl\n|-resisted|p1a: Grimmsnarl\n|-crit|p1a: Grimmsnarl\n|-damage|p1a: Grimmsnarl|8\/100\n|\n|upkeep\n|turn|27\n|\n|t:|1700922211\n|move|p2a: Shadow Thief|Shadow Sneak|p1a: Grimmsnarl\n|-resisted|p1a: Grimmsnarl\n|-damage|p1a: Grimmsnarl|0 fnt\n|faint|p1a: Grimmsnarl\n|\n|upkeep\n|\n|t:|1700922215\n|switch|p1a: Moltres|Moltres|52\/100\n|turn|28\n|\n|t:|1700922222\n|move|p2a: Shadow Thief|Spectral Thief|p1a: Moltres\n|-crit|p1a: Moltres\n|-damage|p1a: Moltres|4\/100\n|move|p1a: Moltres|Burning Jealousy|p2a: Shadow Thief\n|-damage|p2a: Shadow Thief|0 fnt\n|faint|p2a: Shadow Thief\n|\n|upkeep\n|\n|t:|1700922232\n|switch|p2a: Masked Ogre|Ogerpon-Hearthflame-Tera, F, tera:Fire|39\/100\n|-ability|p2a: Masked Ogre|Embody Aspect (Hearthflame)|boost\n|-boost|p2a: Masked Ogre|atk|1\n|turn|29\n|\n|t:|1700922237\n|move|p2a: Masked Ogre|Ivy Cudgel|p1a: Moltres|[anim] Ivy Cudgel Fire\n|-resisted|p1a: Moltres\n|-damage|p1a: Moltres|0 fnt\n|faint|p1a: Moltres\n|\n|upkeep\n|\n|t:|1700922246\n|switch|p1a: Groudon|Groudon-Primal|66\/100\n|-weather|DesolateLand|[from] ability: Desolate Land|[of] p1a: Groudon\n|turn|30\n|\n|t:|1700922253\n|move|p2a: Masked Ogre|Horn Leech|p1a: Groudon\n|-damage|p1a: Groudon|23\/100\n|-heal|p2a: Masked Ogre|63\/100|[from] drain|[of] p1a: Groudon\n|move|p1a: Groudon|Earthquake|p2a: Masked Ogre\n|-supereffective|p2a: Masked Ogre\n|-damage|p2a: Masked Ogre|0 fnt\n|faint|p2a: Masked Ogre\n|\n|-weather|DesolateLand|[upkeep]\n|upkeep\n|\n|t:|1700922259\n|switch|p2a: Loyal Blade|Zacian-Crowned, shiny|100\/100\n|-ability|p2a: Loyal Blade|Intrepid Sword|boost\n|-boost|p2a: Loyal Blade|atk|1\n|turn|31\n|\n|t:|1700922265\n|move|p2a: Loyal Blade|Play Rough|p1a: Groudon\n|-resisted|p1a: Groudon\n|-damage|p1a: Groudon|0 fnt\n|faint|p1a: Groudon\n|-weather|none\n|\n|upkeep\n|\n|t:|1700922270\n|switch|p1a: Skeledirge|Skeledirge, M|76\/100\n|turn|32\n|\n|t:|1700922275\n|move|p2a: Loyal Blade|Behemoth Blade|p1a: Skeledirge\n|-resisted|p1a: Skeledirge\n|-damage|p1a: Skeledirge|59\/100\n|move|p1a: Skeledirge|Will-O-Wisp|p2a: Loyal Blade\n|-status|p2a: Loyal Blade|brn\n|\n|-damage|p2a: Loyal Blade|94\/100 brn|[from] brn\n|upkeep\n|turn|33\n|-message|TristanPlaysPKMN forfeited.\n|\n|win|hoenn militian\n|raw|hoenn militian's rating: 1457 &rarr; <strong>1472<\/strong><br \/>(+15 for winning)\n|raw|TristanPlaysPKMN's rating: 1364 &rarr; <strong>1349<\/strong><br \/>(-15 for losing)\n|j| elementalization\n|l|\u2606TristanPlaysPKMN\n","uploadtime":1700922298,"views":1,"p1id":"hoennmilitian","p2id":"tristanplayspkmn","formatid":"gen9nationaldexubers","rating":1349,"private":0,"password":""}