{"id":"gen9nationaldexubers-1990193399","p1":"KENTHARO 777","p2":"Vicente_NMG","format":"[Gen 9] National Dex Ubers","log":"|j|\u2606KENTHARO 777\n|j|\u2606Vicente_NMG\n|t:|1699935438\n|gametype|singles\n|player|p1|KENTHARO 777|nate|\n|player|p2|Vicente_NMG|red|\n|teamsize|p1|6\n|teamsize|p2|6\n|gen|9\n|tier|[Gen 9] National Dex Ubers\n|rule|HP Percentage Mod: HP is shown in percentages\n|rule|Endless Battle Clause: Forcing endless battles is banned\n|rule|OHKO Clause: OHKO moves are banned\n|rule|Evasion Moves Clause: Evasion moves are banned\n|rule|Evasion Items Clause: Evasion items are banned\n|rule|Species Clause: Limit one of each Pok\u00e9mon\n|rule|Sleep Clause Mod: Limit one foe put to sleep\n|rule|Mega Rayquaza Clause: You cannot mega evolve Rayquaza\n|clearpoke\n|poke|p1|Annihilape, M|\n|poke|p1|Blaziken, M|\n|poke|p1|Urshifu-*, M|\n|poke|p1|Bewear, M|\n|poke|p1|Zamazenta-*|\n|poke|p1|Marshadow|\n|poke|p2|Venusaur, M|\n|poke|p2|Torterra, M|\n|poke|p2|Lilligant-Hisui, F|\n|poke|p2|Ferrothorn, M|\n|poke|p2|Ogerpon-Wellspring, F|\n|poke|p2|Rotom-Mow|\n|teampreview\n|\n|t:|1699935448\n|start\n|switch|p1a: Blaziken|Blaziken, M|100\/100\n|switch|p2a: Torterra|Torterra, M|100\/100\n|turn|1\n|\n|t:|1699935456\n|detailschange|p1a: Blaziken|Blaziken-Mega, M\n|-mega|p1a: Blaziken|Blaziken|Blazikenite\n|move|p1a: Blaziken|Knock Off|p2a: Torterra\n|-damage|p2a: Torterra|62\/100\n|-enditem|p2a: Torterra|Sitrus Berry|[from] move: Knock Off|[of] p1a: Blaziken\n|move|p2a: Torterra|Shell Smash|p2a: Torterra\n|-unboost|p2a: Torterra|def|1\n|-unboost|p2a: Torterra|spd|1\n|-boost|p2a: Torterra|atk|2\n|-boost|p2a: Torterra|spa|2\n|-boost|p2a: Torterra|spe|2\n|\n|-ability|p1a: Blaziken|Speed Boost|boost\n|-boost|p1a: Blaziken|spe|1\n|upkeep\n|turn|2\n|\n|t:|1699935479\n|move|p1a: Blaziken|Close Combat|p2a: Torterra\n|-damage|p2a: Torterra|0 fnt\n|-unboost|p1a: Blaziken|def|1\n|-unboost|p1a: Blaziken|spd|1\n|faint|p2a: Torterra\n|\n|-ability|p1a: Blaziken|Speed Boost|boost\n|-boost|p1a: Blaziken|spe|1\n|upkeep\n|\n|t:|1699935487\n|switch|p2a: Rotom|Rotom-Mow|100\/100\n|turn|3\n|\n|t:|1699935493\n|move|p1a: Blaziken|Knock Off|p2a: Rotom\n|-damage|p2a: Rotom|47\/100\n|-enditem|p2a: Rotom|Sitrus Berry|[from] move: Knock Off|[of] p1a: Blaziken\n|move|p2a: Rotom|Thunder Wave|p1a: Blaziken\n|-status|p1a: Blaziken|par\n|\n|-ability|p1a: Blaziken|Speed Boost|boost\n|-boost|p1a: Blaziken|spe|1\n|upkeep\n|turn|4\n|\n|t:|1699935507\n|cant|p1a: Blaziken|par\n|move|p2a: Rotom|Discharge|p1a: Blaziken\n|-damage|p1a: Blaziken|30\/100 par\n|\n|-ability|p1a: Blaziken|Speed Boost|boost\n|-boost|p1a: Blaziken|spe|1\n|upkeep\n|turn|5\n|\n|t:|1699935517\n|cant|p1a: Blaziken|par\n|move|p2a: Rotom|Discharge|p1a: Blaziken\n|-damage|p1a: Blaziken|0 fnt\n|faint|p1a: Blaziken\n|\n|upkeep\n|l|\u2606Vicente_NMG\n|player|p2|\n|\n|t:|1699935536\n|switch|p1a: Marshadow|Marshadow|100\/100\n|turn|6\n|j|\u2606Vicente_NMG\n|player|p2|Vicente_NMG|red\n|\n|t:|1699935545\n|move|p1a: Marshadow|Poltergeist||[still]\n|-fail|p1a: Marshadow\n|move|p2a: Rotom|Thunder Wave|p1a: Marshadow\n|-status|p1a: Marshadow|par\n|\n|upkeep\n|turn|7\n|\n|t:|1699935554\n|move|p2a: Rotom|Leaf Storm|p1a: Marshadow\n|-damage|p1a: Marshadow|34\/100 par\n|-unboost|p2a: Rotom|spa|2\n|move|p1a: Marshadow|Poltergeist||[still]\n|-fail|p1a: Marshadow\n|\n|upkeep\n|turn|8\n|\n|t:|1699935561\n|move|p2a: Rotom|Discharge|p1a: Marshadow\n|-damage|p1a: Marshadow|13\/100 par\n|move|p1a: Marshadow|Counter||[still]\n|-fail|p1a: Marshadow\n|\n|upkeep\n|turn|9\n|\n|t:|1699935567\n|move|p2a: Rotom|Discharge|p1a: Marshadow\n|-damage|p1a: Marshadow|0 fnt\n|faint|p1a: Marshadow\n|\n|upkeep\n|\n|t:|1699935575\n|switch|p1a: Urshifu|Urshifu-Rapid-Strike, M|100\/100\n|turn|10\n|\n|t:|1699935596\n|-terastallize|p1a: Urshifu|Fighting\n|move|p1a: Urshifu|Fire Punch|p2a: Rotom\n|-supereffective|p2a: Rotom\n|-damage|p2a: Rotom|0 fnt\n|faint|p2a: Rotom\n|\n|upkeep\n|\n|t:|1699935609\n|switch|p2a: Ferrothorn|Ferrothorn, M|100\/100\n|-ability|p2a: Ferrothorn|Anticipation\n|turn|11\n|\n|t:|1699935620\n|move|p1a: Urshifu|Drain Punch|p2a: Ferrothorn\n|-supereffective|p2a: Ferrothorn\n|-damage|p2a: Ferrothorn|43\/100\n|move|p2a: Ferrothorn|Stealth Rock|p1a: Urshifu\n|-sidestart|p1: KENTHARO 777|move: Stealth Rock\n|\n|-heal|p2a: Ferrothorn|49\/100|[from] item: Leftovers\n|upkeep\n|turn|12\n|\n|t:|1699935627\n|move|p1a: Urshifu|Drain Punch|p2a: Ferrothorn\n|-supereffective|p2a: Ferrothorn\n|-damage|p2a: Ferrothorn|0 fnt\n|faint|p2a: Ferrothorn\n|\n|upkeep\n|\n|t:|1699935634\n|switch|p2a: Ogerpon|Ogerpon-Wellspring, F|100\/100\n|turn|13\n|\n|t:|1699935650\n|-terastallize|p2a: Ogerpon|Water\n|detailschange|p2a: Ogerpon|Ogerpon-Wellspring-Tera, F, tera:Water\n|-ability|p2a: Ogerpon|Embody Aspect (Wellspring)|boost\n|-boost|p2a: Ogerpon|spd|1\n|move|p2a: Ogerpon|Swords Dance|p2a: Ogerpon\n|-boost|p2a: Ogerpon|atk|2\n|move|p1a: Urshifu|Counter||[still]\n|-fail|p1a: Urshifu\n|\n|upkeep\n|turn|14\n|\n|t:|1699935666\n|move|p2a: Ogerpon|Ivy Cudgel|p1a: Urshifu\n|-damage|p1a: Urshifu|0 fnt\n|faint|p1a: Urshifu\n|\n|upkeep\n|\n|t:|1699935670\n|switch|p1a: Bewear|Bewear, M|100\/100\n|-damage|p1a: Bewear|94\/100|[from] Stealth Rock\n|turn|15\n|\n|t:|1699935682\n|move|p2a: Ogerpon|Brick Break|p1a: Bewear\n|-supereffective|p1a: Bewear\n|-damage|p1a: Bewear|26\/100\n|move|p1a: Bewear|Thunder Punch|p2a: Ogerpon\n|-supereffective|p2a: Ogerpon\n|-crit|p2a: Ogerpon\n|-damage|p2a: Ogerpon|1\/100\n|\n|-heal|p1a: Bewear|32\/100|[from] item: Leftovers\n|upkeep\n|turn|16\n|\n|t:|1699935697\n|move|p2a: Ogerpon|Ivy Cudgel|p1a: Bewear\n|-damage|p1a: Bewear|0 fnt\n|faint|p1a: Bewear\n|\n|upkeep\n|\n|t:|1699935703\n|switch|p1a: Zamazenta|Zamazenta-Crowned|100\/100\n|-damage|p1a: Zamazenta|97\/100|[from] Stealth Rock\n|-ability|p1a: Zamazenta|Dauntless Shield|boost\n|-boost|p1a: Zamazenta|def|1\n|turn|17\n|\n|t:|1699935719\n|move|p2a: Ogerpon|Ivy Cudgel|p1a: Zamazenta\n|-crit|p1a: Zamazenta\n|-damage|p1a: Zamazenta|0 fnt\n|faint|p1a: Zamazenta\n|\n|upkeep\n|\n|t:|1699935723\n|switch|p1a: Annihilape|Annihilape, M|100\/100\n|-damage|p1a: Annihilape|94\/100|[from] Stealth Rock\n|turn|18\n|\n|t:|1699935732\n|move|p2a: Ogerpon|Ivy Cudgel|p1a: Annihilape\n|-damage|p1a: Annihilape|0 fnt\n|faint|p1a: Annihilape\n|\n|win|Vicente_NMG\n","uploadtime":1699935736,"views":9,"p1id":"kentharo777","p2id":"vicentenmg","formatid":"gen9nationaldexubers","rating":0,"private":0,"password":""}