{"id":"gen9nationaldexubers-1978808423","p1":"noobashell","p2":"siiuubangal","format":"[Gen 9] National Dex Ubers","log":"|j|\u2606noobashell\n|j|\u2606siiuubangal\n|t:|1698597732\n|gametype|singles\n|player|p1|noobashell|266|\n|player|p2|siiuubangal|beauty-gen4dp|\n|teamsize|p1|6\n|teamsize|p2|6\n|gen|9\n|tier|[Gen 9] National Dex Ubers\n|rule|HP Percentage Mod: HP is shown in percentages\n|rule|Endless Battle Clause: Forcing endless battles is banned\n|rule|OHKO Clause: OHKO moves are banned\n|rule|Evasion Moves Clause: Evasion moves are banned\n|rule|Evasion Items Clause: Evasion items are banned\n|rule|Species Clause: Limit one of each Pok\u00e9mon\n|rule|Sleep Clause Mod: Limit one foe put to sleep\n|rule|Mega Rayquaza Clause: You cannot mega evolve Rayquaza\n|clearpoke\n|poke|p1|Eternatus|\n|poke|p1|Salamence, M|\n|poke|p1|Necrozma-Dusk-Mane|\n|poke|p1|Dragapult, M|\n|poke|p1|Zacian-*|\n|poke|p1|Groudon|\n|poke|p2|Kyogre|\n|poke|p2|Eternatus|\n|poke|p2|Mewtwo|\n|poke|p2|Abomasnow, M|\n|poke|p2|Dragapult, M|\n|poke|p2|Zacian-*|\n|teampreview\n|\n|t:|1698597745\n|start\n|switch|p1a: Dragapult|Dragapult, M|100\/100\n|switch|p2a: Dragapult|Dragapult, M|100\/100\n|turn|1\n|\n|t:|1698597757\n|-terastallize|p2a: Dragapult|Fairy\n|move|p2a: Dragapult|Dragon Dance|p2a: Dragapult\n|-boost|p2a: Dragapult|atk|1\n|-boost|p2a: Dragapult|spe|1\n|move|p1a: Dragapult|Dragon Dance|p1a: Dragapult\n|-boost|p1a: Dragapult|atk|1\n|-boost|p1a: Dragapult|spe|1\n|\n|upkeep\n|turn|2\n|\n|t:|1698597778\n|move|p2a: Dragapult|Dragon Darts|p1a: Dragapult\n|-supereffective|p1a: Dragapult\n|-damage|p1a: Dragapult|2\/100\n|-anim|p2a: Dragapult|Dragon Darts|p1a: Dragapult\n|-supereffective|p1a: Dragapult\n|-crit|p1a: Dragapult\n|-damage|p1a: Dragapult|0 fnt\n|faint|p1a: Dragapult\n|\n|upkeep\n|\n|t:|1698597792\n|switch|p1a: Necrozma|Necrozma-Dusk-Mane|100\/100\n|turn|3\n|\n|t:|1698597800\n|detailschange|p1a: Necrozma|Necrozma-Ultra\n|-burst|p1a: Necrozma|Necrozma|Ultranecrozium Z\n|move|p2a: Dragapult|Phantom Force||[still]\n|-prepare|p2a: Dragapult|Phantom Force\n|move|p1a: Necrozma|Sunsteel Strike|p2a: Dragapult|[miss]\n|-miss|p1a: Necrozma|p2a: Dragapult\n|\n|upkeep\n|turn|4\n|\n|t:|1698597831\n|move|p2a: Dragapult|Phantom Force|p1a: Necrozma|[from]lockedmove\n|-supereffective|p1a: Necrozma\n|-damage|p1a: Necrozma|0 fnt\n|faint|p1a: Necrozma\n|\n|upkeep\n|\n|t:|1698597836\n|switch|p1a: Salamence|Salamence, M|100\/100\n|-ability|p1a: Salamence|Intimidate|boost\n|-unboost|p2a: Dragapult|atk|1\n|turn|5\n|\n|t:|1698597843\n|switch|p1a: Zacian|Zacian-Crowned|100\/100\n|-ability|p1a: Zacian|Intrepid Sword|boost\n|-boost|p1a: Zacian|atk|1\n|move|p2a: Dragapult|Dragon Darts|p1a: Zacian\n|-immune|p1a: Zacian\n|\n|upkeep\n|turn|6\n|\n|t:|1698597855\n|move|p2a: Dragapult|Phantom Force||[still]\n|-prepare|p2a: Dragapult|Phantom Force\n|move|p1a: Zacian|Behemoth Blade|p2a: Dragapult|[miss]\n|-miss|p1a: Zacian|p2a: Dragapult\n|\n|upkeep\n|turn|7\n|\n|t:|1698597862\n|move|p2a: Dragapult|Phantom Force|p1a: Zacian|[from]lockedmove\n|-damage|p1a: Zacian|63\/100\n|move|p1a: Zacian|Behemoth Blade|p2a: Dragapult\n|-supereffective|p2a: Dragapult\n|-enditem|p2a: Dragapult|Focus Sash\n|-damage|p2a: Dragapult|1\/100\n|\n|upkeep\n|turn|8\n|\n|t:|1698597877\n|switch|p2a: Zacian|Zacian-Crowned|100\/100\n|-ability|p2a: Zacian|Intrepid Sword|boost\n|-boost|p2a: Zacian|atk|1\n|move|p1a: Zacian|Play Rough|p2a: Zacian\n|-resisted|p2a: Zacian\n|-damage|p2a: Zacian|69\/100\n|\n|upkeep\n|turn|9\n|\n|t:|1698597891\n|move|p2a: Zacian|Behemoth Blade|p1a: Zacian\n|-damage|p1a: Zacian|0 fnt\n|faint|p1a: Zacian\n|\n|upkeep\n|\n|t:|1698597896\n|switch|p1a: Groudon|Groudon|100\/100\n|detailschange|p1a: Groudon|Groudon-Primal\n|-primal|p1a: Groudon|Red Orb\n|-weather|DesolateLand|[from] ability: Desolate Land|[of] p1a: Groudon\n|turn|10\n|\n|t:|1698597904\n|move|p2a: Zacian|Swords Dance|p2a: Zacian\n|-boost|p2a: Zacian|atk|2\n|move|p1a: Groudon|Precipice Blades|p2a: Zacian\n|-supereffective|p2a: Zacian\n|-damage|p2a: Zacian|0 fnt\n|faint|p2a: Zacian\n|\n|-weather|DesolateLand|[upkeep]\n|upkeep\n|\n|t:|1698597915\n|switch|p2a: Eternatus|Eternatus|100\/100\n|-ability|p2a: Eternatus|Pressure\n|-item|p2a: Eternatus|Air Balloon\n|turn|11\n|\n|t:|1698597926\n|move|p2a: Eternatus|Dynamax Cannon|p1a: Groudon\n|-damage|p1a: Groudon|50\/100\n|move|p1a: Groudon|Heavy Slam|p2a: Eternatus\n|-damage|p2a: Eternatus|87\/100\n|-enditem|p2a: Eternatus|Air Balloon\n|\n|-weather|DesolateLand|[upkeep]\n|upkeep\n|turn|12\n|\n|t:|1698597937\n|move|p2a: Eternatus|Dynamax Cannon|p1a: Groudon\n|-damage|p1a: Groudon|0 fnt\n|faint|p1a: Groudon\n|-weather|none\n|\n|upkeep\n|\n|t:|1698597946\n|switch|p1a: Salamence|Salamence, M|100\/100\n|-ability|p1a: Salamence|Intimidate|boost\n|-unboost|p2a: Eternatus|atk|1\n|turn|13\n|\n|t:|1698597952\n|detailschange|p1a: Salamence|Salamence-Mega, M\n|-mega|p1a: Salamence|Salamence|Salamencite\n|move|p2a: Eternatus|Dynamax Cannon|p1a: Salamence\n|-supereffective|p1a: Salamence\n|-damage|p1a: Salamence|4\/100\n|move|p1a: Salamence|Dragon Dance|p1a: Salamence\n|-boost|p1a: Salamence|atk|1\n|-boost|p1a: Salamence|spe|1\n|\n|upkeep\n|turn|14\n|\n|t:|1698597962\n|move|p1a: Salamence|Dragon Claw|p2a: Eternatus\n|-supereffective|p2a: Eternatus\n|-damage|p2a: Eternatus|0 fnt\n|faint|p2a: Eternatus\n|\n|upkeep\n|\n|t:|1698597969\n|switch|p2a: Mewtwo|Mewtwo|100\/100\n|-ability|p2a: Mewtwo|Pressure\n|turn|15\n|\n|t:|1698597977\n|move|p1a: Salamence|Dragon Claw|p2a: Mewtwo\n|-damage|p2a: Mewtwo|34\/100\n|move|p2a: Mewtwo|Aura Sphere|p1a: Salamence\n|-resisted|p1a: Salamence\n|-damage|p1a: Salamence|0 fnt\n|faint|p1a: Salamence\n|\n|-heal|p2a: Mewtwo|40\/100|[from] item: Leftovers\n|upkeep\n|\n|t:|1698597981\n|switch|p1a: Eternatus|Eternatus|100\/100\n|-ability|p1a: Eternatus|Pressure\n|turn|16\n|\n|t:|1698598000\n|-terastallize|p1a: Eternatus|Dark\n|move|p2a: Mewtwo|Future Sight|p1a: Eternatus\n|-start|p2a: Mewtwo|move: Future Sight\n|move|p1a: Eternatus|Dynamax Cannon|p2a: Mewtwo\n|-damage|p2a: Mewtwo|0 fnt\n|faint|p2a: Mewtwo\n|\n|upkeep\n|\n|t:|1698598017\n|switch|p2a: Kyogre|Kyogre|100\/100\n|detailschange|p2a: Kyogre|Kyogre-Primal\n|-primal|p2a: Kyogre|Blue Orb\n|-weather|PrimordialSea|[from] ability: Primordial Sea|[of] p2a: Kyogre\n|turn|17\n|\n|t:|1698598026\n|move|p1a: Eternatus|Toxic|p2a: Kyogre\n|-status|p2a: Kyogre|tox\n|move|p2a: Kyogre|Water Spout|p1a: Eternatus\n|-damage|p1a: Eternatus|0 fnt\n|faint|p1a: Eternatus\n|\n|win|siiuubangal\n|c|\u2606noobashell|Gandu\n|l|\u2606noobashell\n","uploadtime":1698598050,"views":13,"p1id":"noobashell","p2id":"siiuubangal","formatid":"gen9nationaldexubers","rating":0,"private":0,"password":""}