{"id":"gen9nationaldexubers-1999098683","p1":"szymszym134","p2":"85792195wwww","format":"[Gen 9] National Dex Ubers","log":"|j|\u2606szymszym134\n|j|\u260685792195wwww\n|t:|1701032982\n|gametype|singles\n|player|p1|szymszym134|doubleteam|1687\n|player|p2|85792195wwww|mira|1770\n|teamsize|p1|6\n|teamsize|p2|6\n|gen|9\n|tier|[Gen 9] National Dex Ubers\n|rated|\n|rule|HP Percentage Mod: HP is shown in percentages\n|rule|Endless Battle Clause: Forcing endless battles is banned\n|rule|OHKO Clause: OHKO moves are banned\n|rule|Evasion Moves Clause: Evasion moves are banned\n|rule|Evasion Items Clause: Evasion items are banned\n|rule|Species Clause: Limit one of each Pok\u00e9mon\n|rule|Sleep Clause Mod: Limit one foe put to sleep\n|rule|Mega Rayquaza Clause: You cannot mega evolve Rayquaza\n|clearpoke\n|poke|p1|Magearna|\n|poke|p1|Arceus-Ground|\n|poke|p1|Yveltal|\n|poke|p1|Ditto|\n|poke|p1|Garganacl, M|\n|poke|p1|Zygarde|\n|poke|p2|Arceus|\n|poke|p2|Zacian-*|\n|poke|p2|Xerneas-*|\n|poke|p2|Kyogre|\n|poke|p2|Groudon|\n|poke|p2|Deoxys-Speed|\n|teampreview\n|inactive|Battle timer is ON: inactive players will automatically lose when time's up. (requested by szymszym134)\n|\n|t:|1701032991\n|start\n|switch|p1a: Arceus|Arceus-Ground|100\/100\n|switch|p2a: Kyogre|Kyogre|100\/100\n|detailschange|p2a: Kyogre|Kyogre-Primal\n|-primal|p2a: Kyogre|Blue Orb\n|-weather|PrimordialSea|[from] ability: Primordial Sea|[of] p2a: Kyogre\n|turn|1\n|\n|t:|1701033000\n|-terastallize|p1a: Arceus|Grass\n|move|p1a: Arceus|Toxic|p2a: Kyogre\n|-status|p2a: Kyogre|tox\n|move|p2a: Kyogre|Water Spout|p1a: Arceus\n|-resisted|p1a: Arceus\n|-damage|p1a: Arceus|42\/100\n|\n|-weather|PrimordialSea|[upkeep]\n|-damage|p2a: Kyogre|94\/100 tox|[from] psn\n|upkeep\n|turn|2\n|\n|t:|1701033012\n|-weather|none\n|switch|p2a: Deoxys|Deoxys-Speed|100\/100\n|-ability|p2a: Deoxys|Pressure\n|move|p1a: Arceus|Recover|p1a: Arceus\n|-heal|p1a: Arceus|92\/100\n|\n|-status|p2a: Deoxys|brn|[from] item: Flame Orb\n|upkeep\n|turn|3\n|\n|t:|1701033028\n|switch|p1a: Ditto|Ditto|100\/100\n|-transform|p1a: Ditto|p2a: Deoxys|[from] ability: Imposter\n|-ability|p1a: Ditto|Pressure\n|move|p2a: Deoxys|Stealth Rock|p1a: Ditto\n|-sidestart|p1: szymszym134|move: Stealth Rock\n|\n|-damage|p2a: Deoxys|94\/100 brn|[from] brn\n|upkeep\n|turn|4\n|\n|t:|1701033042\n|switch|p1a: Arceus|Arceus-Ground, tera:Grass|92\/100\n|-damage|p1a: Arceus|79\/100|[from] Stealth Rock\n|switch|p2a: Zacian|Zacian-Crowned|100\/100\n|-ability|p2a: Zacian|Intrepid Sword|boost\n|-boost|p2a: Zacian|atk|1\n|\n|upkeep\n|turn|5\n|\n|t:|1701033051\n|move|p2a: Zacian|Behemoth Blade|p1a: Arceus\n|-damage|p1a: Arceus|26\/100\n|move|p1a: Arceus|Judgment|p2a: Zacian\n|-supereffective|p2a: Zacian\n|-damage|p2a: Zacian|16\/100\n|\n|upkeep\n|turn|6\n|\n|t:|1701033062\n|switch|p1a: Zygarde|Zygarde|100\/100\n|-damage|p1a: Zygarde|94\/100|[from] Stealth Rock\n|move|p2a: Zacian|Behemoth Blade|p1a: Zygarde\n|-crit|p1a: Zygarde\n|-damage|p1a: Zygarde|0 fnt\n|faint|p1a: Zygarde\n|\n|upkeep\n|\n|t:|1701033073\n|switch|p1a: Ditto|Ditto|100\/100\n|-damage|p1a: Ditto|88\/100|[from] Stealth Rock\n|-transform|p1a: Ditto|p2a: Zacian|[from] ability: Imposter\n|-ability|p1a: Ditto|Intrepid Sword|boost\n|-boost|p1a: Ditto|atk|1\n|turn|7\n|\n|t:|1701033081\n|switch|p2a: Deoxys|Deoxys-Speed|94\/100 brn\n|-ability|p2a: Deoxys|Pressure\n|move|p1a: Ditto|Behemoth Blade|p2a: Deoxys\n|-damage|p2a: Deoxys|0 fnt\n|faint|p2a: Deoxys\n|\n|upkeep\n|\n|t:|1701033091\n|switch|p2a: Groudon|Groudon|100\/100\n|detailschange|p2a: Groudon|Groudon-Primal\n|-primal|p2a: Groudon|Red Orb\n|-weather|DesolateLand|[from] ability: Desolate Land|[of] p2a: Groudon\n|turn|8\n|\n|t:|1701033097\n|switch|p1a: Yveltal|Yveltal|100\/100\n|-ability|p1a: Yveltal|Dark Aura\n|move|p2a: Groudon|Heat Crash|p1a: Yveltal\n|-damage|p1a: Yveltal|9\/100\n|\n|-weather|DesolateLand|[upkeep]\n|upkeep\n|turn|9\n|\n|t:|1701033106\n|move|p1a: Yveltal|Foul Play|p2a: Groudon\n|-damage|p2a: Groudon|50\/100\n|move|p2a: Groudon|Heat Crash|p1a: Yveltal\n|-damage|p1a: Yveltal|0 fnt\n|faint|p1a: Yveltal\n|\n|-weather|DesolateLand|[upkeep]\n|upkeep\n|\n|t:|1701033119\n|switch|p1a: Ditto|Ditto|88\/100\n|-damage|p1a: Ditto|76\/100|[from] Stealth Rock\n|-transform|p1a: Ditto|p2a: Groudon|[from] ability: Imposter\n|turn|10\n|\n|t:|1701033126\n|switch|p2a: Zacian|Zacian-Crowned|16\/100\n|move|p1a: Ditto|Earthquake|p2a: Zacian\n|-supereffective|p2a: Zacian\n|-damage|p2a: Zacian|0 fnt\n|faint|p2a: Zacian\n|\n|-weather|DesolateLand|[upkeep]\n|upkeep\n|\n|t:|1701033136\n|switch|p2a: Arceus|Arceus|100\/100\n|turn|11\n|\n|t:|1701033141\n|-weather|none\n|switch|p1a: Garganacl|Garganacl, M|100\/100\n|-damage|p1a: Garganacl|88\/100|[from] Stealth Rock\n|move|p2a: Arceus|Earthquake|p1a: Garganacl\n|-supereffective|p1a: Garganacl\n|-damage|p1a: Garganacl|39\/100\n|-damage|p2a: Arceus|91\/100|[from] item: Life Orb\n|\n|-heal|p1a: Garganacl|45\/100|[from] item: Leftovers\n|upkeep\n|turn|12\n|\n|t:|1701033154\n|move|p1a: Garganacl|Protect|p1a: Garganacl\n|-singleturn|p1a: Garganacl|Protect\n|move|p2a: Arceus|Swords Dance|p2a: Arceus\n|-boost|p2a: Arceus|atk|2\n|\n|-heal|p1a: Garganacl|51\/100|[from] item: Leftovers\n|upkeep\n|turn|13\n|\n|t:|1701033163\n|switch|p1a: Arceus|Arceus-Ground, tera:Grass|26\/100\n|-damage|p1a: Arceus|13\/100|[from] Stealth Rock\n|move|p2a: Arceus|Earthquake|p1a: Arceus\n|-resisted|p1a: Arceus\n|-damage|p1a: Arceus|0 fnt\n|faint|p1a: Arceus\n|-damage|p2a: Arceus|81\/100|[from] item: Life Orb\n|\n|upkeep\n|\n|t:|1701033171\n|switch|p1a: Magearna|Magearna|100\/100\n|-damage|p1a: Magearna|94\/100|[from] Stealth Rock\n|turn|14\n|\n|t:|1701033176\n|switch|p2a: Groudon|Groudon-Primal|50\/100\n|-weather|DesolateLand|[from] ability: Desolate Land|[of] p2a: Groudon\n|move|p1a: Magearna|Fleur Cannon|p2a: Groudon\n|-resisted|p2a: Groudon\n|-damage|p2a: Groudon|20\/100\n|-unboost|p1a: Magearna|spa|2\n|\n|-weather|DesolateLand|[upkeep]\n|-heal|p1a: Magearna|100\/100|[from] item: Leftovers\n|upkeep\n|turn|15\n|\n|t:|1701033188\n|move|p2a: Groudon|Earthquake|p1a: Magearna\n|-supereffective|p1a: Magearna\n|-damage|p1a: Magearna|0 fnt\n|faint|p1a: Magearna\n|\n|-weather|DesolateLand|[upkeep]\n|upkeep\n|\n|t:|1701033191\n|switch|p1a: Ditto|Ditto|76\/100\n|-damage|p1a: Ditto|63\/100|[from] Stealth Rock\n|-transform|p1a: Ditto|p2a: Groudon|[from] ability: Imposter\n|turn|16\n|\n|t:|1701033199\n|move|p1a: Ditto|Earthquake|p2a: Groudon\n|-supereffective|p2a: Groudon\n|-damage|p2a: Groudon|0 fnt\n|faint|p2a: Groudon\n|\n|-weather|DesolateLand|[upkeep]\n|upkeep\n|\n|t:|1701033205\n|switch|p2a: Arceus|Arceus|81\/100\n|turn|17\n|\n|t:|1701033210\n|move|p1a: Ditto|Earthquake|p2a: Arceus\n|-damage|p2a: Arceus|28\/100\n|move|p2a: Arceus|Earthquake|p1a: Ditto\n|-supereffective|p1a: Ditto\n|-damage|p1a: Ditto|1\/100\n|-damage|p2a: Arceus|18\/100|[from] item: Life Orb\n|\n|-weather|DesolateLand|[upkeep]\n|upkeep\n|turn|18\n|\n|t:|1701033218\n|move|p2a: Arceus|Extreme Speed|p1a: Ditto\n|-damage|p1a: Ditto|0 fnt\n|faint|p1a: Ditto\n|-weather|none\n|-damage|p2a: Arceus|8\/100|[from] item: Life Orb\n|\n|upkeep\n|\n|t:|1701033220\n|switch|p1a: Garganacl|Garganacl, M|51\/100\n|-damage|p1a: Garganacl|39\/100|[from] Stealth Rock\n|turn|19\n|\n|t:|1701033228\n|move|p2a: Arceus|Earthquake|p1a: Garganacl\n|-supereffective|p1a: Garganacl\n|-damage|p1a: Garganacl|0 fnt\n|faint|p1a: Garganacl\n|-damage|p2a: Arceus|0 fnt|[from] item: Life Orb\n|faint|p2a: Arceus\n|\n|win|85792195wwww\n|raw|szymszym134's rating: 1687 &rarr; <strong>1672<\/strong><br \/>(-15 for losing)\n|raw|85792195wwww's rating: 1770 &rarr; <strong>1785<\/strong><br \/>(+15 for winning)\n|l|\u2606szymszym134\n","uploadtime":1701033237,"views":1,"p1id":"szymszym134","p2id":"85792195wwww","formatid":"gen9nationaldexubers","rating":1672,"private":0,"password":""}