{"id":"gen9nationaldexubers-1989103155","p1":"KarmaKazama0","p2":"3o2o2o2o2o","format":"[Gen 9] National Dex Ubers","log":"|j|\u2606KarmaKazama0\n|j|\u26063o2o2o2o2o\n|t:|1699812509\n|gametype|singles\n|player|p1|KarmaKazama0|1|1206\n|player|p2|3o2o2o2o2o|guitarist-gen3|1455\n|teamsize|p1|6\n|teamsize|p2|6\n|gen|9\n|tier|[Gen 9] National Dex Ubers\n|rated|\n|rule|HP Percentage Mod: HP is shown in percentages\n|rule|Endless Battle Clause: Forcing endless battles is banned\n|rule|OHKO Clause: OHKO moves are banned\n|rule|Evasion Moves Clause: Evasion moves are banned\n|rule|Evasion Items Clause: Evasion items are banned\n|rule|Species Clause: Limit one of each Pok\u00e9mon\n|rule|Sleep Clause Mod: Limit one foe put to sleep\n|rule|Mega Rayquaza Clause: You cannot mega evolve Rayquaza\n|clearpoke\n|poke|p1|Salamence, F|\n|poke|p1|Zacian-*|\n|poke|p1|Giratina-Origin|\n|poke|p1|Kyogre|\n|poke|p1|Groudon|\n|poke|p1|Buzzwole|\n|poke|p2|Necrozma-Dusk-Mane|\n|poke|p2|Groudon|\n|poke|p2|Marshadow|\n|poke|p2|Deoxys-Attack|\n|poke|p2|Zacian-*|\n|poke|p2|Farfetch\u2019d, M|\n|teampreview\n|inactive|Battle timer is ON: inactive players will automatically lose when time's up. (requested by 3o2o2o2o2o)\n|\n|t:|1699812528\n|start\n|switch|p1a: Kyogre|Kyogre|100\/100\n|switch|p2a: Fetching souls|Farfetch\u2019d, M, shiny|100\/100\n|detailschange|p1a: Kyogre|Kyogre-Primal\n|-primal|p1a: Kyogre|Blue Orb\n|-weather|PrimordialSea|[from] ability: Primordial Sea|[of] p1a: Kyogre\n|turn|1\n|\n|t:|1699812543\n|-weather|none\n|switch|p1a: Zacian|Zacian-Crowned|100\/100\n|-ability|p1a: Zacian|Intrepid Sword|boost\n|-boost|p1a: Zacian|atk|1\n|move|p2a: Fetching souls|Tailwind|p2a: Fetching souls\n|-sidestart|p2: 3o2o2o2o2o|move: Tailwind\n|\n|upkeep\n|turn|2\n|\n|t:|1699812547\n|move|p2a: Fetching souls|Close Combat|p1a: Zacian\n|-crit|p1a: Zacian\n|-damage|p1a: Zacian|47\/100\n|-unboost|p2a: Fetching souls|def|1\n|-unboost|p2a: Fetching souls|spd|1\n|move|p1a: Zacian|Wild Charge|p2a: Fetching souls\n|-supereffective|p2a: Fetching souls\n|-enditem|p2a: Fetching souls|Focus Sash\n|-damage|p2a: Fetching souls|1\/100\n|-damage|p1a: Zacian|28\/100|[from] Recoil\n|\n|upkeep\n|turn|3\n|\n|t:|1699812557\n|switch|p1a: Giratina|Giratina-Origin, shiny|100\/100\n|move|p2a: Fetching souls|Flail|p1a: Giratina\n|-immune|p1a: Giratina\n|\n|upkeep\n|turn|4\n|\n|t:|1699812571\n|move|p2a: Fetching souls|Brave Bird|p1a: Giratina\n|-damage|p1a: Giratina|58\/100\n|-damage|p2a: Fetching souls|0 fnt|[from] Recoil\n|faint|p2a: Fetching souls\n|move|p1a: Giratina|Draco Meteor|p2: Fetching souls|[notarget]\n|-fail|p1a: Giratina\n|\n|-sideend|p2: 3o2o2o2o2o|move: Tailwind\n|upkeep\n|\n|t:|1699812575\n|switch|p2a: Sword mf|Zacian-Crowned, shiny|100\/100\n|-ability|p2a: Sword mf|Intrepid Sword|boost\n|-boost|p2a: Sword mf|atk|1\n|turn|5\n|\n|t:|1699812583\n|switch|p1a: Zacian|Zacian-Crowned|28\/100\n|move|p2a: Sword mf|Play Rough|p1a: Zacian|[miss]\n|-miss|p2a: Sword mf|p1a: Zacian\n|\n|upkeep\n|turn|6\n|\n|t:|1699812594\n|move|p2a: Sword mf|Behemoth Blade|p1a: Zacian\n|-damage|p1a: Zacian|0 fnt\n|faint|p1a: Zacian\n|\n|upkeep\n|\n|t:|1699812597\n|switch|p1a: Groudon|Groudon|100\/100\n|detailschange|p1a: Groudon|Groudon-Primal\n|-primal|p1a: Groudon|Red Orb\n|-weather|DesolateLand|[from] ability: Desolate Land|[of] p1a: Groudon\n|turn|7\n|\n|t:|1699812601\n|-terastallize|p2a: Sword mf|Ground\n|move|p2a: Sword mf|Tera Blast|p1a: Groudon|[anim] Tera Blast Ground\n|-supereffective|p1a: Groudon\n|-damage|p1a: Groudon|30\/100\n|move|p1a: Groudon|Stealth Rock|p2a: Sword mf\n|-sidestart|p2: 3o2o2o2o2o|move: Stealth Rock\n|\n|-weather|DesolateLand|[upkeep]\n|upkeep\n|turn|8\n|\n|t:|1699812615\n|move|p2a: Sword mf|Play Rough|p1a: Groudon\n|-resisted|p1a: Groudon\n|-damage|p1a: Groudon|12\/100\n|move|p1a: Groudon|Toxic|p2a: Sword mf\n|-status|p2a: Sword mf|tox\n|\n|-weather|DesolateLand|[upkeep]\n|-damage|p2a: Sword mf|94\/100 tox|[from] psn\n|upkeep\n|turn|9\n|\n|t:|1699812625\n|move|p2a: Sword mf|Play Rough|p1a: Groudon\n|-resisted|p1a: Groudon\n|-damage|p1a: Groudon|0 fnt\n|faint|p1a: Groudon\n|-weather|none\n|\n|-damage|p2a: Sword mf|82\/100 tox|[from] psn\n|upkeep\n|\n|t:|1699812627\n|switch|p1a: Kyogre|Kyogre-Primal|100\/100\n|-weather|PrimordialSea|[from] ability: Primordial Sea|[of] p1a: Kyogre\n|turn|10\n|\n|t:|1699812631\n|move|p2a: Sword mf|Play Rough|p1a: Kyogre\n|-damage|p1a: Kyogre|19\/100\n|move|p1a: Kyogre|Water Spout|p2a: Sword mf\n|-supereffective|p2a: Sword mf\n|-damage|p2a: Sword mf|27\/100 tox\n|\n|-weather|PrimordialSea|[upkeep]\n|-damage|p2a: Sword mf|8\/100 tox|[from] psn\n|upkeep\n|turn|11\n|\n|t:|1699812636\n|move|p2a: Sword mf|Behemoth Blade|p1a: Kyogre\n|-resisted|p1a: Kyogre\n|-damage|p1a: Kyogre|0 fnt\n|faint|p1a: Kyogre\n|-weather|none\n|\n|-damage|p2a: Sword mf|0 fnt|[from] psn\n|faint|p2a: Sword mf\n|upkeep\n|\n|t:|1699812647\n|switch|p2a: Strong mf|Deoxys-Attack, shiny|100\/100\n|switch|p1a: Giratina|Giratina-Origin, shiny|58\/100\n|-damage|p2a: Strong mf|88\/100|[from] Stealth Rock\n|-ability|p2a: Strong mf|Pressure\n|turn|12\n|\n|t:|1699812655\n|move|p1a: Giratina|Shadow Sneak|p2a: Strong mf\n|-supereffective|p2a: Strong mf\n|-damage|p2a: Strong mf|0 fnt\n|faint|p2a: Strong mf\n|\n|upkeep\n|\n|t:|1699812658\n|switch|p2a: Elvis mf|Marshadow|100\/100\n|-damage|p2a: Elvis mf|94\/100|[from] Stealth Rock\n|turn|13\n|\n|t:|1699812677\n|move|p1a: Giratina|Shadow Sneak|p2a: Elvis mf\n|-supereffective|p2a: Elvis mf\n|-damage|p2a: Elvis mf|42\/100\n|move|p2a: Elvis mf|Spectral Thief|p1a: Giratina\n|-supereffective|p1a: Giratina\n|-damage|p1a: Giratina|0 fnt\n|faint|p1a: Giratina\n|\n|upkeep\n|\n|t:|1699812684\n|switch|p1a: Buzzwole|Buzzwole|100\/100\n|turn|14\n|\n|t:|1699812692\n|move|p2a: Elvis mf|Spectral Thief|p1a: Buzzwole\n|-damage|p1a: Buzzwole|80\/100\n|move|p1a: Buzzwole|Ice Punch|p2a: Elvis mf\n|-damage|p2a: Elvis mf|15\/100\n|\n|upkeep\n|turn|15\n|\n|t:|1699812699\n|move|p2a: Elvis mf|Spectral Thief|p1a: Buzzwole\n|-damage|p1a: Buzzwole|59\/100\n|move|p1a: Buzzwole|Roost|p1a: Buzzwole\n|-heal|p1a: Buzzwole|100\/100\n|-singleturn|p1a: Buzzwole|move: Roost\n|\n|upkeep\n|turn|16\n|\n|t:|1699812702\n|move|p2a: Elvis mf|Spectral Thief|p1a: Buzzwole\n|-damage|p1a: Buzzwole|78\/100\n|move|p1a: Buzzwole|Ice Punch|p2a: Elvis mf\n|-damage|p2a: Elvis mf|0 fnt\n|faint|p2a: Elvis mf\n|-ability|p1a: Buzzwole|Beast Boost|boost\n|-boost|p1a: Buzzwole|def|1\n|\n|upkeep\n|\n|t:|1699812704\n|switch|p2a: Sweep mf|Necrozma-Dusk-Mane, shiny|100\/100\n|-damage|p2a: Sweep mf|95\/100|[from] Stealth Rock\n|turn|17\n|\n|t:|1699812715\n|switch|p1a: Salamence|Salamence, F|100\/100\n|-ability|p1a: Salamence|Intimidate|boost\n|-unboost|p2a: Sweep mf|atk|1\n|detailschange|p2a: Sweep mf|Necrozma-Ultra, shiny\n|-burst|p2a: Sweep mf|Necrozma|Ultranecrozium Z\n|move|p2a: Sweep mf|Dragon Dance|p2a: Sweep mf\n|-boost|p2a: Sweep mf|atk|1\n|-boost|p2a: Sweep mf|spe|1\n|\n|upkeep\n|turn|18\n|\n|t:|1699812724\n|detailschange|p1a: Salamence|Salamence-Mega, F\n|-mega|p1a: Salamence|Salamence|Salamencite\n|-zpower|p2a: Sweep mf\n|move|p2a: Sweep mf|Light That Burns the Sky|p1a: Salamence|[zeffect]\n|-damage|p1a: Salamence|0 fnt\n|faint|p1a: Salamence\n|\n|upkeep\n|\n|t:|1699812730\n|switch|p1a: Buzzwole|Buzzwole|78\/100\n|turn|19\n|\n|t:|1699812740\n|-terastallize|p1a: Buzzwole|Water\n|move|p2a: Sweep mf|Photon Geyser|p1a: Buzzwole\n|-damage|p1a: Buzzwole|46\/100\n|move|p1a: Buzzwole|Ice Punch|p2a: Sweep mf\n|-supereffective|p2a: Sweep mf\n|-damage|p2a: Sweep mf|50\/100\n|\n|upkeep\n|turn|20\n|\n|t:|1699812752\n|move|p2a: Sweep mf|Dragon Dance|p2a: Sweep mf\n|-boost|p2a: Sweep mf|atk|1\n|-boost|p2a: Sweep mf|spe|1\n|move|p1a: Buzzwole|Roost|p1a: Buzzwole\n|-heal|p1a: Buzzwole|96\/100\n|\n|upkeep\n|turn|21\n|\n|t:|1699812755\n|move|p2a: Sweep mf|Photon Geyser|p1a: Buzzwole\n|-damage|p1a: Buzzwole|51\/100\n|move|p1a: Buzzwole|Ice Punch|p2a: Sweep mf\n|-supereffective|p2a: Sweep mf\n|-crit|p2a: Sweep mf\n|-damage|p2a: Sweep mf|0 fnt\n|faint|p2a: Sweep mf\n|-ability|p1a: Buzzwole|Beast Boost|boost\n|-boost|p1a: Buzzwole|def|1\n|\n|upkeep\n|\n|t:|1699812759\n|switch|p2a: Mf mf|Groudon, shiny|100\/100\n|-damage|p2a: Mf mf|94\/100|[from] Stealth Rock\n|detailschange|p2a: Mf mf|Groudon-Primal, shiny\n|-primal|p2a: Mf mf|Red Orb\n|-weather|DesolateLand|[from] ability: Desolate Land|[of] p2a: Mf mf\n|turn|22\n|\n|t:|1699812766\n|move|p2a: Mf mf|Eruption|p1a: Buzzwole\n|-resisted|p1a: Buzzwole\n|-damage|p1a: Buzzwole|0 fnt\n|faint|p1a: Buzzwole\n|\n|win|3o2o2o2o2o\n|raw|KarmaKazama0's rating: 1206 &rarr; <strong>1197<\/strong><br \/>(-9 for losing)\n|raw|3o2o2o2o2o's rating: 1470 &rarr; <strong>1477<\/strong><br \/>(+7 for winning)\n|l|\u2606KarmaKazama0\n","uploadtime":1699812771,"views":20,"p1id":"karmakazama0","p2id":"3o2o2o2o2o","formatid":"gen9nationaldexubers","rating":1197,"private":0,"password":""}