{"id":"gen9nationaldexubers-1996352770","p1":"Theruffletkid","p2":"Xurkiyee","format":"[Gen 9] National Dex Ubers","log":"|j|\u2606Theruffletkid\n|j|\u2606Xurkiyee\n|t:|1700673911\n|gametype|singles\n|player|p1|Theruffletkid|wattson|\n|player|p2|Xurkiyee|kimonogirl|\n|teamsize|p1|6\n|teamsize|p2|6\n|gen|9\n|tier|[Gen 9] National Dex Ubers\n|rule|HP Percentage Mod: HP is shown in percentages\n|rule|Endless Battle Clause: Forcing endless battles is banned\n|rule|OHKO Clause: OHKO moves are banned\n|rule|Evasion Moves Clause: Evasion moves are banned\n|rule|Evasion Items Clause: Evasion items are banned\n|rule|Species Clause: Limit one of each Pok\u00e9mon\n|rule|Sleep Clause Mod: Limit one foe put to sleep\n|rule|Mega Rayquaza Clause: You cannot mega evolve Rayquaza\n|clearpoke\n|poke|p1|Mewtwo|\n|poke|p1|Garganacl, M|\n|poke|p1|Arceus-Water|\n|poke|p1|Toxapex, F|\n|poke|p1|Ferrothorn, F|\n|poke|p1|Giratina|\n|poke|p2|Lunala|\n|poke|p2|Ferrothorn, M|\n|poke|p2|Groudon|\n|poke|p2|Arceus-Water|\n|poke|p2|Clefable, F|\n|poke|p2|Metagross|\n|teampreview\n|c|\u2606Xurkiyee|Not the garg\n|c|\u2606Xurkiyee|Hf\n|\n|t:|1700673951\n|start\n|switch|p1a: Arceus|Arceus-Water|100\/100\n|switch|p2a: Ferrothorn|Ferrothorn, M|100\/100\n|turn|1\n|\n|t:|1700673965\n|switch|p1a: Mewtwo|Mewtwo|100\/100\n|-ability|p1a: Mewtwo|Pressure\n|move|p2a: Ferrothorn|Spikes|p1a: Mewtwo\n|-sidestart|p1: Theruffletkid|Spikes\n|\n|upkeep\n|turn|2\n|\n|t:|1700673976\n|switch|p2a: Arceus|Arceus-Water|100\/100\n|detailschange|p1a: Mewtwo|Mewtwo-Mega-X\n|-mega|p1a: Mewtwo|Mewtwo|Mewtwonite X\n|move|p1a: Mewtwo|Low Kick|p2a: Arceus\n|-damage|p2a: Arceus|41\/100\n|\n|upkeep\n|turn|3\n|\n|t:|1700673983\n|switch|p2a: Clefable|Clefable, F|100\/100\n|move|p1a: Mewtwo|Low Kick|p2a: Clefable\n|-resisted|p2a: Clefable\n|-damage|p2a: Clefable|79\/100\n|\n|-heal|p2a: Clefable|85\/100|[from] item: Leftovers\n|upkeep\n|turn|4\n|\n|t:|1700674004\n|switch|p1a: Arceus|Arceus-Water|100\/100\n|-damage|p1a: Arceus|88\/100|[from] Spikes\n|move|p2a: Clefable|Moonblast|p1a: Arceus\n|-crit|p1a: Arceus\n|-damage|p1a: Arceus|57\/100\n|-unboost|p1a: Arceus|spa|1\n|\n|-heal|p2a: Clefable|91\/100|[from] item: Leftovers\n|upkeep\n|turn|5\n|\n|t:|1700674016\n|move|p1a: Arceus|Recover|p1a: Arceus\n|-heal|p1a: Arceus|100\/100\n|move|p2a: Clefable|Moonblast|p1a: Arceus\n|-damage|p1a: Arceus|79\/100\n|\n|-heal|p2a: Clefable|97\/100|[from] item: Leftovers\n|upkeep\n|turn|6\n|\n|t:|1700674024\n|move|p1a: Arceus|Judgment|p2a: Clefable\n|-damage|p2a: Clefable|76\/100\n|move|p2a: Clefable|Moonblast|p1a: Arceus\n|-damage|p1a: Arceus|59\/100\n|-unboost|p1a: Arceus|spa|1\n|\n|-heal|p2a: Clefable|82\/100|[from] item: Leftovers\n|upkeep\n|turn|7\n|\n|t:|1700674029\n|switch|p1a: Ferrothorn|Ferrothorn, F|100\/100\n|-damage|p1a: Ferrothorn|88\/100|[from] Spikes\n|switch|p2a: Ferrothorn|Ferrothorn, M|100\/100\n|\n|-heal|p1a: Ferrothorn|94\/100|[from] item: Leftovers\n|upkeep\n|turn|8\n|\n|t:|1700674036\n|move|p1a: Ferrothorn|Knock Off|p2a: Ferrothorn\n|-damage|p2a: Ferrothorn|87\/100\n|-damage|p1a: Ferrothorn|82\/100|[from] ability: Iron Barbs|[of] p2a: Ferrothorn\n|-enditem|p2a: Ferrothorn|Leftovers|[from] move: Knock Off|[of] p1a: Ferrothorn\n|move|p2a: Ferrothorn|Spikes|p1a: Ferrothorn\n|-sidestart|p1: Theruffletkid|Spikes\n|\n|-heal|p1a: Ferrothorn|88\/100|[from] item: Leftovers\n|upkeep\n|turn|9\n|\n|t:|1700674043\n|switch|p1a: Giratina|Giratina|100\/100\n|-damage|p1a: Giratina|84\/100|[from] Spikes\n|-ability|p1a: Giratina|Pressure\n|move|p2a: Ferrothorn|Body Press|p1a: Giratina\n|-immune|p1a: Giratina\n|\n|-heal|p1a: Giratina|90\/100|[from] item: Leftovers\n|upkeep\n|turn|10\n|\n|t:|1700674049\n|switch|p2a: Clefable|Clefable, F|82\/100\n|move|p1a: Giratina|Defog|p2a: Clefable\n|-unboost|p2a: Clefable|evasion|1\n|-sideend|p1: Theruffletkid|Spikes|[from] move: Defog|[of] p1a: Giratina\n|\n|-heal|p1a: Giratina|96\/100|[from] item: Leftovers\n|-heal|p2a: Clefable|88\/100|[from] item: Leftovers\n|upkeep\n|turn|11\n|\n|t:|1700674060\n|switch|p1a: Ferrothorn|Ferrothorn, F|88\/100\n|move|p2a: Clefable|Knock Off|p1a: Ferrothorn\n|-damage|p1a: Ferrothorn|76\/100\n|-activate|p1a: Ferrothorn|ability: Iron Barbs\n|-enditem|p1a: Ferrothorn|Leftovers|[from] move: Knock Off|[of] p2a: Clefable\n|\n|-heal|p2a: Clefable|94\/100|[from] item: Leftovers\n|upkeep\n|turn|12\n|\n|t:|1700674064\n|switch|p2a: Ferrothorn|Ferrothorn, M|87\/100\n|move|p1a: Ferrothorn|Knock Off|p2a: Ferrothorn\n|-damage|p2a: Ferrothorn|79\/100\n|-damage|p1a: Ferrothorn|63\/100|[from] ability: Iron Barbs|[of] p2a: Ferrothorn\n|\n|upkeep\n|turn|13\n|\n|t:|1700674071\n|switch|p1a: Mewtwo|Mewtwo-Mega-X|100\/100\n|move|p2a: Ferrothorn|Spikes|p1a: Mewtwo\n|-sidestart|p1: Theruffletkid|Spikes\n|\n|upkeep\n|turn|14\n|\n|t:|1700674079\n|switch|p2a: Clefable|Clefable, F|94\/100\n|move|p1a: Mewtwo|Stone Edge|p2a: Clefable\n|-crit|p2a: Clefable\n|-damage|p2a: Clefable|14\/100\n|\n|-heal|p2a: Clefable|20\/100|[from] item: Leftovers\n|upkeep\n|turn|15\n|\n|t:|1700674086\n|switch|p2a: Lunala|Lunala|100\/100\n|move|p1a: Mewtwo|Ice Beam|p2a: Lunala\n|-damage|p2a: Lunala|90\/100\n|\n|upkeep\n|turn|16\n|\n|t:|1700674092\n|switch|p1a: Garganacl|Garganacl, M|100\/100\n|-damage|p1a: Garganacl|88\/100|[from] Spikes\n|move|p2a: Lunala|Moongeist Beam|p1a: Garganacl\n|-damage|p1a: Garganacl|59\/100\n|\n|-heal|p1a: Garganacl|65\/100|[from] item: Leftovers\n|upkeep\n|turn|17\n|\n|t:|1700674103\n|switch|p2a: Clefable|Clefable, F|20\/100\n|-terastallize|p1a: Garganacl|Water\n|move|p1a: Garganacl|Salt Cure|p2a: Clefable\n|-damage|p2a: Clefable|5\/100\n|-start|p2a: Clefable|Salt Cure\n|\n|-heal|p2a: Clefable|11\/100|[from] item: Leftovers\n|-heal|p1a: Garganacl|71\/100|[from] item: Leftovers\n|upkeep\n|turn|18\n|\n|t:|1700674112\n|move|p2a: Clefable|Moonlight|p2a: Clefable\n|-heal|p2a: Clefable|61\/100\n|move|p1a: Garganacl|Body Press|p2a: Clefable\n|-resisted|p2a: Clefable\n|-damage|p2a: Clefable|47\/100\n|\n|-heal|p2a: Clefable|54\/100|[from] item: Leftovers\n|-heal|p1a: Garganacl|78\/100|[from] item: Leftovers\n|upkeep\n|turn|19\n|\n|t:|1700674121\n|switch|p1a: Arceus|Arceus-Water|59\/100\n|-damage|p1a: Arceus|46\/100|[from] Spikes\n|move|p2a: Clefable|Knock Off|p1a: Arceus\n|-damage|p1a: Arceus|40\/100\n|\n|-heal|p2a: Clefable|60\/100|[from] item: Leftovers\n|upkeep\n|turn|20\n|\n|t:|1700674129\n|switch|p2a: Arceus|Arceus-Water|41\/100\n|move|p1a: Arceus|Judgment|p2a: Arceus\n|-resisted|p2a: Arceus\n|-damage|p2a: Arceus|27\/100\n|\n|upkeep\n|turn|21\n|\n|t:|1700674134\n|move|p2a: Arceus|Recover|p2a: Arceus\n|-heal|p2a: Arceus|77\/100\n|move|p1a: Arceus|Recover|p1a: Arceus\n|-heal|p1a: Arceus|90\/100\n|\n|upkeep\n|turn|22\n|\n|t:|1700674139\n|move|p2a: Arceus|Toxic|p1a: Arceus\n|-status|p1a: Arceus|tox\n|move|p1a: Arceus|Toxic|p2a: Arceus\n|-status|p2a: Arceus|tox\n|\n|-damage|p2a: Arceus|71\/100 tox|[from] psn\n|-damage|p1a: Arceus|84\/100 tox|[from] psn\n|upkeep\n|turn|23\n|\n|t:|1700674145\n|move|p2a: Arceus|Judgment|p1a: Arceus\n|-resisted|p1a: Arceus\n|-damage|p1a: Arceus|68\/100 tox\n|move|p1a: Arceus|Refresh|p1a: Arceus\n|-curestatus|p1a: Arceus|tox|[msg]\n|\n|-damage|p2a: Arceus|58\/100 tox|[from] psn\n|upkeep\n|turn|24\n|\n|t:|1700674149\n|switch|p1a: Giratina|Giratina|96\/100\n|-damage|p1a: Giratina|84\/100|[from] Spikes\n|-ability|p1a: Giratina|Pressure\n|move|p2a: Arceus|Recover|p2a: Arceus\n|-heal|p2a: Arceus|100\/100 tox\n|\n|-heal|p1a: Giratina|90\/100|[from] item: Leftovers\n|-damage|p2a: Arceus|82\/100 tox|[from] psn\n|upkeep\n|turn|25\n|\n|t:|1700674155\n|switch|p2a: Clefable|Clefable, F|60\/100\n|move|p1a: Giratina|Defog|p2a: Clefable\n|-unboost|p2a: Clefable|evasion|1\n|-sideend|p1: Theruffletkid|Spikes|[from] move: Defog|[of] p1a: Giratina\n|\n|-heal|p1a: Giratina|96\/100|[from] item: Leftovers\n|-heal|p2a: Clefable|66\/100|[from] item: Leftovers\n|upkeep\n|turn|26\n|\n|t:|1700674163\n|switch|p1a: Arceus|Arceus-Water|68\/100\n|move|p2a: Clefable|Knock Off|p1a: Arceus\n|-damage|p1a: Arceus|62\/100\n|\n|-heal|p2a: Clefable|72\/100|[from] item: Leftovers\n|upkeep\n|turn|27\n|\n|t:|1700674170\n|switch|p2a: Arceus|Arceus-Water|82\/100 tox\n|move|p1a: Arceus|Judgment|p2a: Arceus\n|-resisted|p2a: Arceus\n|-damage|p2a: Arceus|66\/100 tox\n|\n|-damage|p2a: Arceus|60\/100 tox|[from] psn\n|upkeep\n|turn|28\n|\n|t:|1700674178\n|switch|p1a: Ferrothorn|Ferrothorn, F|63\/100\n|move|p2a: Arceus|Recover|p2a: Arceus\n|-heal|p2a: Arceus|100\/100 tox\n|\n|-damage|p2a: Arceus|88\/100 tox|[from] psn\n|upkeep\n|turn|29\n|\n|t:|1700674182\n|switch|p2a: Ferrothorn|Ferrothorn, M|79\/100\n|move|p1a: Ferrothorn|Spikes|p2a: Ferrothorn\n|-sidestart|p2: Xurkiyee|Spikes\n|\n|upkeep\n|turn|30\n|\n|t:|1700674202\n|switch|p1a: Toxapex|Toxapex, F|100\/100\n|move|p2a: Ferrothorn|Spikes|p1a: Toxapex\n|-sidestart|p1: Theruffletkid|Spikes\n|\n|upkeep\n|turn|31\n|\n|t:|1700674213\n|switch|p2a: Clefable|Clefable, F|72\/100\n|move|p1a: Toxapex|Scald|p2a: Clefable\n|-damage|p2a: Clefable|60\/100\n|\n|-heal|p2a: Clefable|66\/100|[from] item: Leftovers\n|upkeep\n|turn|32\n|\n|t:|1700674234\n|switch|p1a: Arceus|Arceus-Water|62\/100\n|-damage|p1a: Arceus|50\/100|[from] Spikes\n|move|p2a: Clefable|Knock Off|p1a: Arceus\n|-damage|p1a: Arceus|44\/100\n|\n|-heal|p2a: Clefable|72\/100|[from] item: Leftovers\n|upkeep\n|turn|33\n|\n|t:|1700674243\n|move|p1a: Arceus|Judgment|p2a: Clefable\n|-damage|p2a: Clefable|38\/100\n|move|p2a: Clefable|Moonblast|p1a: Arceus\n|-damage|p1a: Arceus|24\/100\n|\n|-heal|p2a: Clefable|44\/100|[from] item: Leftovers\n|upkeep\n|turn|34\n|\n|t:|1700674249\n|move|p1a: Arceus|Recover|p1a: Arceus\n|-heal|p1a: Arceus|75\/100\n|move|p2a: Clefable|Moonlight|p2a: Clefable\n|-heal|p2a: Clefable|94\/100\n|\n|-heal|p2a: Clefable|99\/100|[from] item: Leftovers\n|upkeep\n|turn|35\n|\n|t:|1700674268\n|switch|p1a: Toxapex|Toxapex, F|100\/100\n|move|p2a: Clefable|Moonblast|p1a: Toxapex\n|-resisted|p1a: Toxapex\n|-damage|p1a: Toxapex|88\/100\n|\n|-heal|p2a: Clefable|100\/100|[from] item: Leftovers\n|upkeep\n|turn|36\n|\n|t:|1700674274\n|move|p2a: Clefable|Knock Off|p1a: Toxapex\n|-damage|p1a: Toxapex|79\/100\n|-enditem|p1a: Toxapex|Heavy-Duty Boots|[from] move: Knock Off|[of] p2a: Clefable\n|move|p1a: Toxapex|Scald|p2a: Clefable\n|-damage|p2a: Clefable|89\/100\n|-status|p2a: Clefable|brn\n|\n|-heal|p2a: Clefable|95\/100 brn|[from] item: Leftovers\n|upkeep\n|turn|37\n|\n|t:|1700674285\n|move|p2a: Clefable|Heal Bell|p2a: Clefable\n|-activate|p2a: Clefable|move: Heal Bell\n|-curestatus|p2a: Clefable|brn|[msg]\n|-curestatus|p2: Arceus|tox|[msg]\n|move|p1a: Toxapex|Haze|p1a: Toxapex\n|-clearallboost\n|\n|-heal|p2a: Clefable|100\/100|[from] item: Leftovers\n|upkeep\n|turn|38\n|\n|t:|1700674297\n|move|p2a: Clefable|Knock Off|p1a: Toxapex\n|-damage|p1a: Toxapex|72\/100\n|move|p1a: Toxapex|Toxic|p2a: Clefable\n|-status|p2a: Clefable|tox\n|\n|upkeep\n|turn|39\n|\n|t:|1700674305\n|move|p2a: Clefable|Knock Off|p1a: Toxapex\n|-damage|p1a: Toxapex|66\/100\n|move|p1a: Toxapex|Toxic|p2a: Clefable\n|-fail|p2a: Clefable|tox\n|\n|upkeep\n|turn|40\n|\n|t:|1700674309\n|move|p2a: Clefable|Knock Off|p1a: Toxapex\n|-damage|p1a: Toxapex|60\/100\n|move|p1a: Toxapex|Haze|p1a: Toxapex\n|-clearallboost\n|\n|upkeep\n|turn|41\n|\n|t:|1700674312\n|switch|p2a: Metagross|Metagross|100\/100\n|-damage|p2a: Metagross|88\/100|[from] Spikes\n|move|p1a: Toxapex|Haze|p1a: Toxapex\n|-clearallboost\n|\n|upkeep\n|turn|42\n|\n|t:|1700674320\n|switch|p1a: Giratina|Giratina|96\/100\n|-damage|p1a: Giratina|84\/100|[from] Spikes\n|-ability|p1a: Giratina|Pressure\n|detailschange|p2a: Metagross|Metagross-Mega\n|-mega|p2a: Metagross|Metagross|Metagrossite\n|move|p2a: Metagross|Earthquake|p1a: Giratina\n|-damage|p1a: Giratina|68\/100\n|\n|-heal|p1a: Giratina|75\/100|[from] item: Leftovers\n|upkeep\n|turn|43\n|\n|t:|1700674329\n|move|p2a: Metagross|Meteor Mash|p1a: Giratina\n|-damage|p1a: Giratina|42\/100\n|move|p1a: Giratina|Will-O-Wisp|p2a: Metagross\n|-status|p2a: Metagross|brn\n|\n|-heal|p1a: Giratina|49\/100|[from] item: Leftovers\n|-damage|p2a: Metagross|82\/100 brn|[from] brn\n|upkeep\n|turn|44\n|\n|t:|1700674337\n|switch|p2a: Clefable|Clefable, F|100\/100 tox\n|move|p1a: Giratina|Defog|p2a: Clefable\n|-unboost|p2a: Clefable|evasion|1\n|-sideend|p2: Xurkiyee|Spikes|[from] move: Defog|[of] p1a: Giratina\n|-sideend|p1: Theruffletkid|Spikes|[from] move: Defog|[of] p1a: Giratina\n|\n|-heal|p1a: Giratina|55\/100|[from] item: Leftovers\n|upkeep\n|turn|45\n|\n|t:|1700674343\n|switch|p1a: Toxapex|Toxapex, F|93\/100\n|move|p2a: Clefable|Heal Bell|p2a: Clefable\n|-activate|p2a: Clefable|move: Heal Bell\n|-curestatus|p2a: Clefable|tox|[msg]\n|-curestatus|p2: Metagross|brn|[msg]\n|\n|upkeep\n|turn|46\n|\n|t:|1700674348\n|move|p2a: Clefable|Knock Off|p1a: Toxapex\n|-damage|p1a: Toxapex|87\/100\n|move|p1a: Toxapex|Scald|p2a: Clefable\n|-damage|p2a: Clefable|89\/100\n|\n|-heal|p2a: Clefable|95\/100|[from] item: Leftovers\n|upkeep\n|turn|47\n|\n|t:|1700674354\n|move|p2a: Clefable|Knock Off|p1a: Toxapex\n|-damage|p1a: Toxapex|81\/100\n|move|p1a: Toxapex|Scald|p2a: Clefable\n|-damage|p2a: Clefable|85\/100\n|\n|-heal|p2a: Clefable|91\/100|[from] item: Leftovers\n|upkeep\n|turn|48\n|\n|t:|1700674357\n|move|p2a: Clefable|Knock Off|p1a: Toxapex\n|-damage|p1a: Toxapex|75\/100\n|move|p1a: Toxapex|Toxic|p2a: Clefable\n|-status|p2a: Clefable|tox\n|\n|-heal|p2a: Clefable|97\/100 tox|[from] item: Leftovers\n|upkeep\n|turn|49\n|\n|t:|1700674360\n|move|p2a: Clefable|Knock Off|p1a: Toxapex\n|-damage|p1a: Toxapex|68\/100\n|move|p1a: Toxapex|Haze|p1a: Toxapex\n|-clearallboost\n|\n|-heal|p2a: Clefable|100\/100 tox|[from] item: Leftovers\n|upkeep\n|turn|50\n|\n|t:|1700674364\n|move|p2a: Clefable|Knock Off|p1a: Toxapex\n|-damage|p1a: Toxapex|62\/100\n|move|p1a: Toxapex|Scald|p2a: Clefable\n|-damage|p2a: Clefable|88\/100 tox\n|\n|-heal|p2a: Clefable|94\/100 tox|[from] item: Leftovers\n|upkeep\n|turn|51\n|\n|t:|1700674368\n|move|p2a: Clefable|Knock Off|p1a: Toxapex\n|-damage|p1a: Toxapex|56\/100\n|move|p1a: Toxapex|Scald|p2a: Clefable\n|-damage|p2a: Clefable|84\/100 tox\n|\n|-heal|p2a: Clefable|90\/100 tox|[from] item: Leftovers\n|upkeep\n|turn|52\n|\n|t:|1700674376\n|move|p2a: Clefable|Knock Off|p1a: Toxapex\n|-damage|p1a: Toxapex|50\/100\n|move|p1a: Toxapex|Scald|p2a: Clefable\n|-damage|p2a: Clefable|79\/100 tox\n|\n|-heal|p2a: Clefable|85\/100 tox|[from] item: Leftovers\n|upkeep\n|turn|53\n|\n|t:|1700674384\n|switch|p2a: Metagross|Metagross-Mega|82\/100\n|move|p1a: Toxapex|Recover|p1a: Toxapex\n|-heal|p1a: Toxapex|99\/100\n|\n|upkeep\n|turn|54\n|\n|t:|1700674392\n|move|p2a: Metagross|Zen Headbutt|p1a: Toxapex\n|-supereffective|p1a: Toxapex\n|-damage|p1a: Toxapex|24\/100\n|cant|p1a: Toxapex|flinch\n|\n|upkeep\n|turn|55\n|\n|t:|1700674396\n|switch|p1a: Ferrothorn|Ferrothorn, F|63\/100\n|move|p2a: Metagross|Earthquake|p1a: Ferrothorn\n|-damage|p1a: Ferrothorn|37\/100\n|\n|upkeep\n|turn|56\n|\n|t:|1700674405\n|move|p2a: Metagross|Earthquake|p1a: Ferrothorn\n|-damage|p1a: Ferrothorn|8\/100\n|move|p1a: Ferrothorn|Knock Off|p2a: Metagross\n|-supereffective|p2a: Metagross\n|-damage|p2a: Metagross|60\/100\n|\n|upkeep\n|turn|57\n|\n|t:|1700674414\n|switch|p1a: Arceus|Arceus-Water|75\/100\n|move|p2a: Metagross|Earthquake|p1a: Arceus\n|-damage|p1a: Arceus|54\/100\n|\n|upkeep\n|turn|58\n|\n|t:|1700674418\n|move|p2a: Metagross|Zen Headbutt|p1a: Arceus\n|-crit|p1a: Arceus\n|-damage|p1a: Arceus|9\/100\n|move|p1a: Arceus|Judgment|p2a: Metagross\n|-damage|p2a: Metagross|7\/100\n|\n|upkeep\n|turn|59\n|\n|t:|1700674424\n|switch|p1a: Ferrothorn|Ferrothorn, F|8\/100\n|move|p2a: Metagross|Earthquake|p1a: Ferrothorn\n|-damage|p1a: Ferrothorn|0 fnt\n|faint|p1a: Ferrothorn\n|\n|upkeep\n|\n|t:|1700674429\n|switch|p1a: Mewtwo|Mewtwo-Mega-X|100\/100\n|turn|60\n|\n|t:|1700674433\n|switch|p2a: Lunala|Lunala|90\/100\n|move|p1a: Mewtwo|Low Kick|p2a: Lunala\n|-immune|p2a: Lunala\n|\n|upkeep\n|turn|61\n|\n|t:|1700674445\n|switch|p1a: Garganacl|Garganacl, M, tera:Water|78\/100\n|move|p2a: Lunala|Moonblast|p1a: Garganacl\n|-damage|p1a: Garganacl|57\/100\n|-unboost|p1a: Garganacl|spa|1\n|\n|-heal|p1a: Garganacl|64\/100|[from] item: Leftovers\n|upkeep\n|turn|62\n|\n|t:|1700674453\n|switch|p2a: Clefable|Clefable, F|85\/100 tox\n|move|p1a: Garganacl|Salt Cure|p2a: Clefable\n|-damage|p2a: Clefable|70\/100 tox\n|-start|p2a: Clefable|Salt Cure\n|\n|-heal|p2a: Clefable|76\/100 tox|[from] item: Leftovers\n|-heal|p1a: Garganacl|70\/100|[from] item: Leftovers\n|upkeep\n|turn|63\n|\n|t:|1700674460\n|switch|p2a: Metagross|Metagross-Mega|7\/100\n|move|p1a: Garganacl|Iron Defense|p1a: Garganacl\n|-boost|p1a: Garganacl|def|2\n|\n|-heal|p1a: Garganacl|76\/100|[from] item: Leftovers\n|upkeep\n|turn|64\n|\n|t:|1700674468\n|switch|p2a: Clefable|Clefable, F|76\/100 tox\n|move|p1a: Garganacl|Body Press|p2a: Clefable\n|-resisted|p2a: Clefable\n|-damage|p2a: Clefable|52\/100 tox\n|\n|-heal|p2a: Clefable|58\/100 tox|[from] item: Leftovers\n|-heal|p1a: Garganacl|82\/100|[from] item: Leftovers\n|upkeep\n|turn|65\n|\n|t:|1700674473\n|move|p2a: Clefable|Knock Off|p1a: Garganacl\n|-damage|p1a: Garganacl|77\/100\n|-enditem|p1a: Garganacl|Leftovers|[from] move: Knock Off|[of] p2a: Clefable\n|move|p1a: Garganacl|Iron Defense|p1a: Garganacl\n|-boost|p1a: Garganacl|def|2\n|\n|-heal|p2a: Clefable|64\/100 tox|[from] item: Leftovers\n|upkeep\n|turn|66\n|\n|t:|1700674476\n|move|p2a: Clefable|Moonlight|p2a: Clefable\n|-heal|p2a: Clefable|100\/100 tox\n|move|p1a: Garganacl|Iron Defense|p1a: Garganacl\n|-boost|p1a: Garganacl|def|2\n|\n|upkeep\n|turn|67\n|\n|t:|1700674478\n|move|p2a: Clefable|Moonblast|p1a: Garganacl\n|-crit|p1a: Garganacl\n|-damage|p1a: Garganacl|46\/100\n|move|p1a: Garganacl|Body Press|p2a: Clefable\n|-resisted|p2a: Clefable\n|-damage|p2a: Clefable|49\/100 tox\n|\n|-heal|p2a: Clefable|55\/100 tox|[from] item: Leftovers\n|upkeep\n|turn|68\n|\n|t:|1700674485\n|move|p2a: Clefable|Moonblast|p1a: Garganacl\n|-damage|p1a: Garganacl|25\/100\n|move|p1a: Garganacl|Recover|p1a: Garganacl\n|-heal|p1a: Garganacl|75\/100\n|\n|-heal|p2a: Clefable|61\/100 tox|[from] item: Leftovers\n|upkeep\n|turn|69\n|\n|t:|1700674496\n|switch|p1a: Toxapex|Toxapex, F|57\/100\n|move|p2a: Clefable|Moonblast|p1a: Toxapex\n|-resisted|p1a: Toxapex\n|-damage|p1a: Toxapex|45\/100\n|\n|-heal|p2a: Clefable|67\/100 tox|[from] item: Leftovers\n|upkeep\n|turn|70\n|\n|t:|1700674501\n|switch|p2a: Metagross|Metagross-Mega|7\/100\n|move|p1a: Toxapex|Recover|p1a: Toxapex\n|-heal|p1a: Toxapex|95\/100\n|\n|upkeep\n|turn|71\n|\n|t:|1700674505\n|move|p2a: Metagross|Zen Headbutt|p1a: Toxapex\n|-supereffective|p1a: Toxapex\n|-damage|p1a: Toxapex|16\/100\n|move|p1a: Toxapex|Scald|p2a: Metagross\n|-damage|p2a: Metagross|0 fnt\n|faint|p2a: Metagross\n|\n|upkeep\n|\n|t:|1700674508\n|switch|p2a: Groudon|Groudon|100\/100\n|-weather|SunnyDay|[from] ability: Drought|[of] p2a: Groudon\n|turn|72\n|\n|t:|1700674518\n|switch|p1a: Garganacl|Garganacl, M, tera:Water|75\/100\n|move|p2a: Groudon|Swords Dance|p2a: Groudon\n|-boost|p2a: Groudon|atk|2\n|\n|-weather|SunnyDay|[upkeep]\n|upkeep\n|turn|73\n|\n|t:|1700674521\n|move|p2a: Groudon|Precipice Blades|p1a: Garganacl\n|-damage|p1a: Garganacl|0 fnt\n|faint|p1a: Garganacl\n|\n|-weather|SunnyDay|[upkeep]\n|upkeep\n|\n|t:|1700674529\n|switch|p1a: Arceus|Arceus-Water|9\/100\n|turn|74\n|l|\u2606Xurkiyee\n|player|p2|\n|j|\u2606Xurkiyee\n|player|p2|Xurkiyee|kimonogirl\n|\n|t:|1700674541\n|switch|p2a: Ferrothorn|Ferrothorn, M|79\/100\n|move|p1a: Arceus|Judgment|p2a: Ferrothorn\n|-resisted|p2a: Ferrothorn\n|-damage|p2a: Ferrothorn|69\/100\n|\n|-weather|SunnyDay|[upkeep]\n|upkeep\n|turn|75\n|\n|t:|1700674547\n|move|p1a: Arceus|Recover|p1a: Arceus\n|-heal|p1a: Arceus|59\/100\n|move|p2a: Ferrothorn|Leech Seed|p1a: Arceus|[miss]\n|-miss|p2a: Ferrothorn|p1a: Arceus\n|\n|-weather|SunnyDay|[upkeep]\n|upkeep\n|turn|76\n|\n|t:|1700674554\n|switch|p1a: Toxapex|Toxapex, F|49\/100\n|move|p2a: Ferrothorn|Leech Seed|p1a: Toxapex\n|-start|p1a: Toxapex|move: Leech Seed\n|\n|-weather|none\n|-damage|p1a: Toxapex|37\/100|[from] Leech Seed|[of] p2a: Ferrothorn\n|-heal|p2a: Ferrothorn|79\/100|[silent]\n|upkeep\n|turn|77\n|\n|t:|1700674557\n|switch|p1a: Arceus|Arceus-Water|59\/100\n|move|p2a: Ferrothorn|Spikes|p1a: Arceus\n|-sidestart|p1: Theruffletkid|Spikes\n|\n|upkeep\n|turn|78\n|\n|t:|1700674564\n|switch|p1a: Giratina|Giratina|55\/100\n|-damage|p1a: Giratina|42\/100|[from] Spikes\n|-ability|p1a: Giratina|Pressure\n|move|p2a: Ferrothorn|Leech Seed|p1a: Giratina\n|-start|p1a: Giratina|move: Leech Seed\n|\n|-heal|p1a: Giratina|49\/100|[from] item: Leftovers\n|-damage|p1a: Giratina|36\/100|[from] Leech Seed|[of] p2a: Ferrothorn\n|-heal|p2a: Ferrothorn|97\/100|[silent]\n|upkeep\n|turn|79\n|\n|t:|1700674571\n|move|p1a: Giratina|Defog|p2a: Ferrothorn\n|-unboost|p2a: Ferrothorn|evasion|1\n|-sideend|p1: Theruffletkid|Spikes|[from] move: Defog|[of] p1a: Giratina\n|move|p2a: Ferrothorn|Spikes|p1a: Giratina\n|-sidestart|p1: Theruffletkid|Spikes\n|\n|-heal|p1a: Giratina|42\/100|[from] item: Leftovers\n|-damage|p1a: Giratina|30\/100|[from] Leech Seed|[of] p2a: Ferrothorn\n|-heal|p2a: Ferrothorn|100\/100|[silent]\n|upkeep\n|turn|80\n|\n|t:|1700674576\n|move|p1a: Giratina|Rest|p1a: Giratina\n|-status|p1a: Giratina|slp|[from] move: Rest\n|-heal|p1a: Giratina|100\/100 slp|[silent]\n|move|p2a: Ferrothorn|Spikes|p1a: Giratina\n|-sidestart|p1: Theruffletkid|Spikes\n|\n|-damage|p1a: Giratina|88\/100 slp|[from] Leech Seed|[of] p2a: Ferrothorn\n|upkeep\n|turn|81\n|\n|t:|1700674586\n|switch|p1a: Toxapex|Toxapex, F|70\/100\n|-damage|p1a: Toxapex|54\/100|[from] Spikes\n|move|p2a: Ferrothorn|Spikes|p1a: Toxapex\n|-sidestart|p1: Theruffletkid|Spikes\n|\n|upkeep\n|turn|82\n|\n|t:|1700674590\n|move|p1a: Toxapex|Recover|p1a: Toxapex\n|-heal|p1a: Toxapex|100\/100\n|move|p2a: Ferrothorn|Leech Seed|p1a: Toxapex\n|-start|p1a: Toxapex|move: Leech Seed\n|\n|-damage|p1a: Toxapex|88\/100|[from] Leech Seed|[of] p2a: Ferrothorn\n|upkeep\n|turn|83\n|\n|t:|1700674600\n|switch|p1a: Giratina|Giratina|88\/100 slp\n|-damage|p1a: Giratina|63\/100 slp|[from] Spikes\n|-ability|p1a: Giratina|Pressure\n|switch|p2a: Clefable|Clefable, F|67\/100 tox\n|\n|-heal|p1a: Giratina|69\/100 slp|[from] item: Leftovers\n|-heal|p2a: Clefable|73\/100 tox|[from] item: Leftovers\n|upkeep\n|turn|84\n|\n|t:|1700674607\n|switch|p1a: Toxapex|Toxapex, F|100\/100\n|-damage|p1a: Toxapex|76\/100|[from] Spikes\n|move|p2a: Clefable|Knock Off|p1a: Toxapex\n|-damage|p1a: Toxapex|69\/100\n|\n|-heal|p2a: Clefable|79\/100 tox|[from] item: Leftovers\n|upkeep\n|turn|85\n|\n|t:|1700674622\n|switch|p2a: Lunala|Lunala|90\/100\n|switch|p1a: Mewtwo|Mewtwo-Mega-X|100\/100\n|-damage|p1a: Mewtwo|76\/100|[from] Spikes\n|\n|upkeep\n|turn|86\n|\n|t:|1700674644\n|switch|p1a: Arceus|Arceus-Water|59\/100\n|-damage|p1a: Arceus|34\/100|[from] Spikes\n|move|p2a: Lunala|Moongeist Beam|p1a: Arceus\n|-damage|p1a: Arceus|6\/100\n|\n|upkeep\n|turn|87\n|\n|t:|1700674650\n|move|p2a: Lunala|Moonblast|p1a: Arceus\n|-damage|p1a: Arceus|0 fnt\n|faint|p1a: Arceus\n|\n|upkeep\n|\n|t:|1700674654\n|switch|p1a: Toxapex|Toxapex, F|100\/100\n|-damage|p1a: Toxapex|76\/100|[from] Spikes\n|turn|88\n|\n|t:|1700674659\n|switch|p2a: Ferrothorn|Ferrothorn, M|100\/100\n|move|p1a: Toxapex|Toxic|p2a: Ferrothorn\n|-immune|p2a: Ferrothorn\n|\n|upkeep\n|turn|89\n|\n|t:|1700674665\n|switch|p1a: Giratina|Giratina|69\/100 slp\n|-damage|p1a: Giratina|45\/100 slp|[from] Spikes\n|-ability|p1a: Giratina|Pressure\n|move|p2a: Ferrothorn|Leech Seed|p1a: Giratina\n|-start|p1a: Giratina|move: Leech Seed\n|\n|-heal|p1a: Giratina|51\/100 slp|[from] item: Leftovers\n|-damage|p1a: Giratina|38\/100 slp|[from] Leech Seed|[of] p2a: Ferrothorn\n|upkeep\n|turn|90\n|\n|t:|1700674672\n|switch|p2a: Lunala|Lunala|90\/100\n|cant|p1a: Giratina|slp\n|\n|-heal|p1a: Giratina|45\/100 slp|[from] item: Leftovers\n|-damage|p1a: Giratina|32\/100 slp|[from] Leech Seed|[of] p2a: Lunala\n|-heal|p2a: Lunala|100\/100|[silent]\n|upkeep\n|turn|91\n|\n|t:|1700674676\n|switch|p1a: Toxapex|Toxapex, F|100\/100\n|-damage|p1a: Toxapex|76\/100|[from] Spikes\n|move|p2a: Lunala|Calm Mind|p2a: Lunala\n|-boost|p2a: Lunala|spa|1\n|-boost|p2a: Lunala|spd|1\n|\n|upkeep\n|turn|92\n|\n|t:|1700674681\n|move|p2a: Lunala|Moongeist Beam|p1a: Toxapex\n|-damage|p1a: Toxapex|25\/100\n|move|p1a: Toxapex|Toxic|p2a: Lunala\n|-status|p2a: Lunala|tox\n|\n|-damage|p2a: Lunala|94\/100 tox|[from] psn\n|upkeep\n|turn|93\n|\n|t:|1700674688\n|move|p2a: Lunala|Moongeist Beam|p1a: Toxapex\n|-damage|p1a: Toxapex|0 fnt\n|faint|p1a: Toxapex\n|\n|-damage|p2a: Lunala|82\/100 tox|[from] psn\n|upkeep\n|\n|t:|1700674689\n|switch|p1a: Giratina|Giratina|32\/100 slp\n|-damage|p1a: Giratina|7\/100 slp|[from] Spikes\n|-ability|p1a: Giratina|Pressure\n|turn|94\n|\n|t:|1700674694\n|move|p2a: Lunala|Moonblast|p1a: Giratina\n|-supereffective|p1a: Giratina\n|-damage|p1a: Giratina|0 fnt\n|faint|p1a: Giratina\n|\n|-damage|p2a: Lunala|64\/100 tox|[from] psn\n|upkeep\n|\n|t:|1700674696\n|switch|p1a: Mewtwo|Mewtwo-Mega-X|76\/100\n|-damage|p1a: Mewtwo|51\/100|[from] Spikes\n|turn|95\n|\n|t:|1700674698\n|move|p1a: Mewtwo|Stone Edge|p2a: Lunala\n|-damage|p2a: Lunala|32\/100 tox\n|move|p2a: Lunala|Moongeist Beam|p1a: Mewtwo\n|-supereffective|p1a: Mewtwo\n|-damage|p1a: Mewtwo|0 fnt\n|faint|p1a: Mewtwo\n|\n|win|Xurkiyee\n|c|\u2606Xurkiyee|gg\n|l|\u2606Theruffletkid\n|j|\u2606Theruffletkid\n|player|p1|Theruffletkid|wattson\n|l|\u2606Theruffletkid\n|player|p1|\n","uploadtime":1700674706,"views":20,"p1id":"theruffletkid","p2id":"xurkiyee","formatid":"gen9nationaldexubers","rating":0,"private":0,"password":""}