{"id":"gen9nationaldexubers-1982843480","p1":"YouGetBlocked","p2":"MMQZA2","format":"[Gen 9] National Dex Ubers","log":"|j|\u2606YouGetBlocked\n|j|\u2606MMQZA2\n|t:|1699050437\n|gametype|singles\n|player|p1|YouGetBlocked|169|1231\n|player|p2|MMQZA2|1|1346\n|teamsize|p1|6\n|teamsize|p2|6\n|gen|9\n|tier|[Gen 9] National Dex Ubers\n|rated|\n|rule|HP Percentage Mod: HP is shown in percentages\n|rule|Endless Battle Clause: Forcing endless battles is banned\n|rule|OHKO Clause: OHKO moves are banned\n|rule|Evasion Moves Clause: Evasion moves are banned\n|rule|Evasion Items Clause: Evasion items are banned\n|rule|Species Clause: Limit one of each Pok\u00e9mon\n|rule|Sleep Clause Mod: Limit one foe put to sleep\n|rule|Mega Rayquaza Clause: You cannot mega evolve Rayquaza\n|clearpoke\n|poke|p1|Xerneas-*|\n|poke|p1|Smeargle, M|\n|poke|p1|Kyogre|\n|poke|p1|Marshadow|\n|poke|p1|Yveltal|\n|poke|p1|Necrozma-Dusk-Mane|\n|poke|p2|Calyrex-Ice|\n|poke|p2|Slowbro, M|\n|poke|p2|Kyogre|\n|poke|p2|Zapdos|\n|poke|p2|Scizor, F|\n|poke|p2|Garchomp, M|\n|teampreview\n|inactive|Battle timer is ON: inactive players will automatically lose when time's up. (requested by YouGetBlocked)\n|c|\u2606YouGetBlocked|FIGHT!\n|\n|t:|1699050470\n|start\n|switch|p1a: ying yang|Smeargle, M|100\/100\n|switch|p2a: Garchomp|Garchomp, M|100\/100\n|turn|1\n|\n|t:|1699050480\n|move|p2a: Garchomp|Earthquake|p1a: ying yang\n|-enditem|p1a: ying yang|Focus Sash\n|-damage|p1a: ying yang|1\/100\n|move|p1a: ying yang|Tailwind|p1a: ying yang\n|-sidestart|p1: YouGetBlocked|move: Tailwind\n|\n|upkeep\n|turn|2\n|\n|t:|1699050494\n|move|p1a: ying yang|Sticky Web|p2a: Garchomp\n|-sidestart|p2: MMQZA2|move: Sticky Web\n|move|p2a: Garchomp|Stealth Rock|p1a: ying yang\n|-sidestart|p1: YouGetBlocked|move: Stealth Rock\n|\n|upkeep\n|turn|3\n|\n|t:|1699050497\n|switch|p2a: Zapdos|Zapdos|100\/100\n|-ability|p2a: Zapdos|Pressure\n|move|p1a: ying yang|Spore|p2a: Zapdos\n|-status|p2a: Zapdos|slp|[from] move: Spore\n|\n|upkeep\n|turn|4\n|\n|t:|1699050501\n|move|p1a: ying yang|Rapid Spin|p2a: Zapdos\n|-damage|p2a: Zapdos|97\/100 slp\n|-boost|p1a: ying yang|spe|1\n|-sideend|p1: YouGetBlocked|Stealth Rock|[from] move: Rapid Spin|[of] p1a: ying yang\n|cant|p2a: Zapdos|slp\n|\n|-sideend|p1: YouGetBlocked|move: Tailwind\n|upkeep\n|turn|5\n|\n|t:|1699050505\n|move|p1a: ying yang|Tailwind|p1a: ying yang\n|-sidestart|p1: YouGetBlocked|move: Tailwind\n|cant|p2a: Zapdos|slp\n|\n|upkeep\n|turn|6\n|\n|t:|1699050511\n|switch|p1a: Superman Sam|Xerneas|100\/100\n|-ability|p1a: Superman Sam|Fairy Aura\n|cant|p2a: Zapdos|slp\n|\n|upkeep\n|turn|7\n|\n|t:|1699050514\n|move|p1a: Superman Sam|Geomancy||[still]\n|-prepare|p1a: Superman Sam|Geomancy\n|-enditem|p1a: Superman Sam|Power Herb\n|-anim|p1a: Superman Sam|Geomancy|p1a: Superman Sam\n|-boost|p1a: Superman Sam|spa|2\n|-boost|p1a: Superman Sam|spd|2\n|-boost|p1a: Superman Sam|spe|2\n|-curestatus|p2a: Zapdos|slp|[msg]\n|move|p2a: Zapdos|Defog|p1a: Superman Sam\n|-unboost|p1a: Superman Sam|evasion|1\n|-sideend|p2: MMQZA2|Sticky Web|[from] move: Defog|[of] p2a: Zapdos\n|\n|upkeep\n|turn|8\n|\n|t:|1699050520\n|switch|p2a: Scizor|Scizor, F|100\/100\n|move|p1a: Superman Sam|Moonblast|p2a: Scizor\n|-resisted|p2a: Scizor\n|-damage|p2a: Scizor|36\/100\n|\n|-sideend|p1: YouGetBlocked|move: Tailwind\n|upkeep\n|turn|9\n|\n|t:|1699050525\n|detailschange|p2a: Scizor|Scizor-Mega, F\n|-mega|p2a: Scizor|Scizor|Scizorite\n|move|p2a: Scizor|Bullet Punch|p1a: Superman Sam\n|-supereffective|p1a: Superman Sam\n|-damage|p1a: Superman Sam|58\/100\n|move|p1a: Superman Sam|Moonblast|p2a: Scizor\n|-resisted|p2a: Scizor\n|-damage|p2a: Scizor|0 fnt\n|faint|p2a: Scizor\n|\n|upkeep\n|\n|t:|1699050544\n|switch|p2a: Slowbro|Slowbro, M|100\/100\n|turn|10\n|\n|t:|1699050548\n|-terastallize|p1a: Superman Sam|Electric\n|-terastallize|p2a: Slowbro|Fairy\n|move|p1a: Superman Sam|Thunder|p2a: Slowbro|[miss]\n|-miss|p1a: Superman Sam|p2a: Slowbro\n|move|p2a: Slowbro|Trick Room|p2a: Slowbro\n|-fieldstart|move: Trick Room|[of] p2a: Slowbro\n|\n|upkeep\n|turn|11\n|\n|t:|1699050553\n|move|p1a: Superman Sam|Thunder|p2a: Slowbro\n|-damage|p2a: Slowbro|0 fnt\n|faint|p2a: Slowbro\n|\n|upkeep\n|\n|t:|1699050564\n|switch|p2a: Calyrex|Calyrex-Ice|100\/100\n|-ability|p2a: Calyrex|As One\n|-ability|p2a: Calyrex|Unnerve\n|turn|12\n|\n|t:|1699050593\n|switch|p1a: juh juh|Necrozma-Dusk-Mane|100\/100\n|move|p2a: Calyrex|Glacial Lance|p1a: juh juh\n|-resisted|p1a: juh juh\n|-damage|p1a: juh juh|81\/100\n|\n|-heal|p1a: juh juh|87\/100|[from] item: Leftovers\n|upkeep\n|turn|13\n|\n|t:|1699050599\n|move|p2a: Calyrex|Crunch|p1a: juh juh\n|-supereffective|p1a: juh juh\n|-damage|p1a: juh juh|60\/100\n|move|p1a: juh juh|Earthquake|p2a: Calyrex\n|-damage|p2a: Calyrex|79\/100\n|\n|-heal|p1a: juh juh|66\/100|[from] item: Leftovers\n|upkeep\n|turn|14\n|\n|t:|1699050617\n|move|p2a: Calyrex|Crunch|p1a: juh juh\n|-supereffective|p1a: juh juh\n|-damage|p1a: juh juh|36\/100\n|move|p1a: juh juh|Moonlight|p1a: juh juh\n|-heal|p1a: juh juh|86\/100\n|\n|-heal|p1a: juh juh|92\/100|[from] item: Leftovers\n|-fieldend|move: Trick Room\n|upkeep\n|turn|15\n|\n|t:|1699050622\n|switch|p2a: Kyogre|Kyogre|100\/100\n|detailschange|p2a: Kyogre|Kyogre-Primal\n|-primal|p2a: Kyogre|Blue Orb\n|-weather|PrimordialSea|[from] ability: Primordial Sea|[of] p2a: Kyogre\n|move|p1a: juh juh|Earthquake|p2a: Kyogre\n|-damage|p2a: Kyogre|64\/100\n|\n|-weather|PrimordialSea|[upkeep]\n|-heal|p1a: juh juh|98\/100|[from] item: Leftovers\n|upkeep\n|turn|16\n|\n|t:|1699050633\n|switch|p1a: ying yang|Smeargle, M|1\/100\n|move|p2a: Kyogre|Origin Pulse|p1a: ying yang\n|-damage|p1a: ying yang|0 fnt\n|faint|p1a: ying yang\n|\n|-weather|PrimordialSea|[upkeep]\n|upkeep\n|\n|t:|1699050644\n|switch|p1a: diddy tate|Kyogre, shiny|100\/100\n|detailschange|p1a: diddy tate|Kyogre-Primal, shiny\n|-primal|p1a: diddy tate|Blue Orb\n|turn|17\n|\n|t:|1699050650\n|move|p2a: Kyogre|Thunder|p1a: diddy tate\n|-supereffective|p1a: diddy tate\n|-damage|p1a: diddy tate|48\/100\n|move|p1a: diddy tate|Thunder|p2a: Kyogre\n|-supereffective|p2a: Kyogre\n|-damage|p2a: Kyogre|0 fnt\n|faint|p2a: Kyogre\n|\n|-weather|PrimordialSea|[upkeep]\n|upkeep\n|\n|t:|1699050663\n|switch|p2a: Garchomp|Garchomp, M|100\/100\n|turn|18\n|\n|t:|1699050667\n|-zpower|p2a: Garchomp\n|move|p2a: Garchomp|Devastating Drake|p1a: diddy tate|[zeffect]\n|-damage|p1a: diddy tate|0 fnt\n|faint|p1a: diddy tate\n|-weather|none\n|\n|upkeep\n|\n|t:|1699050676\n|switch|p1a: Superman Sam|Xerneas, tera:Electric|58\/100\n|-ability|p1a: Superman Sam|Fairy Aura\n|turn|19\n|\n|t:|1699050679\n|move|p2a: Garchomp|Earthquake|p1a: Superman Sam\n|-supereffective|p1a: Superman Sam\n|-damage|p1a: Superman Sam|0 fnt\n|faint|p1a: Superman Sam\n|\n|upkeep\n|\n|t:|1699050695\n|switch|p1a: snippy ippy|Yveltal|100\/100\n|-ability|p1a: snippy ippy|Dark Aura\n|turn|20\n|\n|t:|1699050714\n|move|p2a: Garchomp|Swords Dance|p2a: Garchomp\n|-boost|p2a: Garchomp|atk|2\n|move|p1a: snippy ippy|Dark Pulse|p2a: Garchomp\n|-crit|p2a: Garchomp\n|-damage|p2a: Garchomp|0 fnt\n|faint|p2a: Garchomp\n|-damage|p1a: snippy ippy|91\/100|[from] item: Life Orb\n|\n|upkeep\n|\n|t:|1699050719\n|switch|p2a: Calyrex|Calyrex-Ice|79\/100\n|-ability|p2a: Calyrex|As One\n|-ability|p2a: Calyrex|Unnerve\n|turn|21\n|\n|t:|1699050723\n|move|p1a: snippy ippy|Dark Pulse|p2a: Calyrex\n|-supereffective|p2a: Calyrex\n|-damage|p2a: Calyrex|9\/100\n|-damage|p1a: snippy ippy|81\/100|[from] item: Life Orb\n|move|p2a: Calyrex|Glacial Lance|p1a: snippy ippy\n|-supereffective|p1a: snippy ippy\n|-damage|p1a: snippy ippy|0 fnt\n|faint|p1a: snippy ippy\n|-ability|p2a: Calyrex|Chilling Neigh|boost\n|-boost|p2a: Calyrex|atk|1\n|\n|upkeep\n|\n|t:|1699050729\n|switch|p1a: bubba|Marshadow|100\/100\n|turn|22\n|\n|t:|1699050732\n|switch|p2a: Zapdos|Zapdos|97\/100\n|-ability|p2a: Zapdos|Pressure\n|move|p1a: bubba|Shadow Sneak|p2a: Zapdos\n|-damage|p2a: Zapdos|75\/100\n|\n|upkeep\n|turn|23\n|\n|t:|1699050738\n|move|p1a: bubba|Spectral Thief|p2a: Zapdos\n|-damage|p2a: Zapdos|39\/100\n|move|p2a: Zapdos|Roost|p2a: Zapdos\n|-heal|p2a: Zapdos|89\/100\n|-singleturn|p2a: Zapdos|move: Roost\n|\n|upkeep\n|turn|24\n|\n|t:|1699050746\n|switch|p1a: juh juh|Necrozma-Dusk-Mane|98\/100\n|move|p2a: Zapdos|Hurricane|p1a: juh juh|[miss]\n|-miss|p2a: Zapdos|p1a: juh juh\n|\n|-heal|p1a: juh juh|100\/100|[from] item: Leftovers\n|upkeep\n|turn|25\n|\n|t:|1699050755\n|move|p2a: Zapdos|Roost|p2a: Zapdos\n|-heal|p2a: Zapdos|100\/100\n|-singleturn|p2a: Zapdos|move: Roost\n|move|p1a: juh juh|Stealth Rock|p2a: Zapdos\n|-sidestart|p2: MMQZA2|move: Stealth Rock\n|\n|upkeep\n|turn|26\n|\n|t:|1699050763\n|move|p2a: Zapdos|Defog|p1a: juh juh\n|-unboost|p1a: juh juh|evasion|1\n|-sideend|p2: MMQZA2|Stealth Rock|[from] move: Defog|[of] p2a: Zapdos\n|move|p1a: juh juh|Moonlight|p1a: juh juh\n|-fail|p1a: juh juh|heal\n|\n|upkeep\n|turn|27\n|\n|t:|1699050769\n|move|p2a: Zapdos|Volt Switch|p1a: juh juh\n|-damage|p1a: juh juh|79\/100\n|\n|t:|1699050772\n|switch|p2a: Calyrex|Calyrex-Ice|9\/100|[from] Volt Switch\n|-ability|p2a: Calyrex|As One\n|-ability|p2a: Calyrex|Unnerve\n|move|p1a: juh juh|Stealth Rock|p2a: Calyrex\n|-sidestart|p2: MMQZA2|move: Stealth Rock\n|\n|-heal|p1a: juh juh|85\/100|[from] item: Leftovers\n|upkeep\n|turn|28\n|\n|t:|1699050789\n|move|p1a: juh juh|Earthquake|p2a: Calyrex\n|-crit|p2a: Calyrex\n|-damage|p2a: Calyrex|0 fnt\n|faint|p2a: Calyrex\n|\n|-heal|p1a: juh juh|91\/100|[from] item: Leftovers\n|upkeep\n|\n|t:|1699050791\n|switch|p2a: Zapdos|Zapdos|100\/100\n|-ability|p2a: Zapdos|Pressure\n|turn|29\n|\n|t:|1699050802\n|move|p2a: Zapdos|Hurricane|p1a: juh juh\n|-resisted|p1a: juh juh\n|-damage|p1a: juh juh|74\/100\n|move|p1a: juh juh|Moonlight|p1a: juh juh\n|-heal|p1a: juh juh|100\/100\n|\n|upkeep\n|turn|30\n|\n|t:|1699050808\n|move|p2a: Zapdos|Volt Switch|p1a: juh juh\n|-damage|p1a: juh juh|76\/100\n|move|p1a: juh juh|Thunder Wave|p2a: Zapdos\n|-immune|p2a: Zapdos\n|\n|-heal|p1a: juh juh|82\/100|[from] item: Leftovers\n|upkeep\n|turn|31\n|\n|t:|1699050816\n|move|p2a: Zapdos|Volt Switch|p1a: juh juh\n|-damage|p1a: juh juh|60\/100\n|move|p1a: juh juh|Stealth Rock||[still]\n|-fail|p1a: juh juh\n|\n|-heal|p1a: juh juh|66\/100|[from] item: Leftovers\n|upkeep\n|turn|32\n|\n|t:|1699050833\n|move|p2a: Zapdos|Volt Switch|p1a: juh juh\n|-damage|p1a: juh juh|41\/100\n|move|p1a: juh juh|Moonlight|p1a: juh juh\n|-heal|p1a: juh juh|91\/100\n|\n|-heal|p1a: juh juh|97\/100|[from] item: Leftovers\n|upkeep\n|turn|33\n|\n|t:|1699050838\n|switch|p1a: bubba|Marshadow|100\/100\n|move|p2a: Zapdos|Volt Switch|p1a: bubba\n|-damage|p1a: bubba|65\/100\n|\n|upkeep\n|turn|34\n|\n|t:|1699050844\n|move|p1a: bubba|Spectral Thief|p2a: Zapdos\n|-damage|p2a: Zapdos|65\/100\n|move|p2a: Zapdos|Hurricane|p1a: bubba\n|-supereffective|p1a: bubba\n|-damage|p1a: bubba|0 fnt\n|faint|p1a: bubba\n|\n|upkeep\n|\n|t:|1699050847\n|switch|p1a: juh juh|Necrozma-Dusk-Mane|97\/100\n|turn|35\n|\n|t:|1699050854\n|move|p2a: Zapdos|Volt Switch|p1a: juh juh\n|-damage|p1a: juh juh|72\/100\n|move|p1a: juh juh|Earthquake|p2a: Zapdos\n|-immune|p2a: Zapdos\n|\n|-heal|p1a: juh juh|78\/100|[from] item: Leftovers\n|upkeep\n|turn|36\n|\n|t:|1699050860\n|move|p2a: Zapdos|Volt Switch|p1a: juh juh\n|-damage|p1a: juh juh|56\/100\n|move|p1a: juh juh|Stealth Rock||[still]\n|-fail|p1a: juh juh\n|\n|-heal|p1a: juh juh|62\/100|[from] item: Leftovers\n|upkeep\n|turn|37\n|\n|t:|1699050868\n|move|p2a: Zapdos|Volt Switch|p1a: juh juh\n|-damage|p1a: juh juh|39\/100\n|move|p1a: juh juh|Moonlight|p1a: juh juh\n|-heal|p1a: juh juh|89\/100\n|\n|-heal|p1a: juh juh|95\/100|[from] item: Leftovers\n|upkeep\n|turn|38\n|\n|t:|1699050897\n|move|p2a: Zapdos|Defog|p1a: juh juh\n|-unboost|p1a: juh juh|evasion|1\n|-sideend|p2: MMQZA2|Stealth Rock|[from] move: Defog|[of] p2a: Zapdos\n|move|p1a: juh juh|Thunder Wave|p2a: Zapdos\n|-immune|p2a: Zapdos\n|\n|-heal|p1a: juh juh|100\/100|[from] item: Leftovers\n|upkeep\n|turn|39\n|\n|t:|1699050903\n|move|p2a: Zapdos|Defog|p1a: juh juh\n|-unboost|p1a: juh juh|evasion|1\n|move|p1a: juh juh|Stealth Rock|p2a: Zapdos\n|-sidestart|p2: MMQZA2|move: Stealth Rock\n|\n|upkeep\n|turn|40\n|\n|t:|1699050908\n|move|p2a: Zapdos|Hurricane|p1a: juh juh\n|-resisted|p1a: juh juh\n|-damage|p1a: juh juh|83\/100\n|move|p1a: juh juh|Stealth Rock||[still]\n|-fail|p1a: juh juh\n|\n|-heal|p1a: juh juh|89\/100|[from] item: Leftovers\n|upkeep\n|turn|41\n|\n|t:|1699050918\n|move|p2a: Zapdos|Hurricane|p1a: juh juh\n|-resisted|p1a: juh juh\n|-damage|p1a: juh juh|70\/100\n|-start|p1a: juh juh|confusion\n|-activate|p1a: juh juh|confusion\n|-damage|p1a: juh juh|62\/100|[from] confusion\n|\n|-heal|p1a: juh juh|68\/100|[from] item: Leftovers\n|upkeep\n|turn|42\n|\n|t:|1699050927\n|move|p2a: Zapdos|Defog|p1a: juh juh\n|-unboost|p1a: juh juh|evasion|1\n|-sideend|p2: MMQZA2|Stealth Rock|[from] move: Defog|[of] p2a: Zapdos\n|-activate|p1a: juh juh|confusion\n|move|p1a: juh juh|Thunder Wave|p2a: Zapdos\n|-immune|p2a: Zapdos\n|\n|-heal|p1a: juh juh|74\/100|[from] item: Leftovers\n|upkeep\n|turn|43\n|\n|t:|1699050932\n|move|p2a: Zapdos|Volt Switch|p1a: juh juh\n|-damage|p1a: juh juh|50\/100\n|-activate|p1a: juh juh|confusion\n|-damage|p1a: juh juh|44\/100|[from] confusion\n|\n|-heal|p1a: juh juh|50\/100|[from] item: Leftovers\n|upkeep\n|turn|44\n|\n|t:|1699050941\n|move|p2a: Zapdos|Defog|p1a: juh juh\n|-unboost|p1a: juh juh|evasion|1\n|-end|p1a: juh juh|confusion\n|move|p1a: juh juh|Moonlight|p1a: juh juh\n|-heal|p1a: juh juh|99\/100\n|\n|-heal|p1a: juh juh|100\/100|[from] item: Leftovers\n|upkeep\n|turn|45\n|\n|t:|1699050946\n|move|p2a: Zapdos|Hurricane|p1a: juh juh\n|-resisted|p1a: juh juh\n|-damage|p1a: juh juh|82\/100\n|move|p1a: juh juh|Thunder Wave|p2a: Zapdos\n|-immune|p2a: Zapdos\n|\n|-heal|p1a: juh juh|88\/100|[from] item: Leftovers\n|upkeep\n|turn|46\n|\n|t:|1699050953\n|move|p2a: Zapdos|Hurricane|p1a: juh juh\n|-resisted|p1a: juh juh\n|-damage|p1a: juh juh|70\/100\n|move|p1a: juh juh|Thunder Wave|p2a: Zapdos\n|-immune|p2a: Zapdos\n|\n|-heal|p1a: juh juh|76\/100|[from] item: Leftovers\n|upkeep\n|turn|47\n|\n|t:|1699050981\n|move|p2a: Zapdos|Hurricane|p1a: juh juh\n|-resisted|p1a: juh juh\n|-crit|p1a: juh juh\n|-damage|p1a: juh juh|49\/100\n|move|p1a: juh juh|Thunder Wave|p2a: Zapdos\n|-immune|p2a: Zapdos\n|\n|-heal|p1a: juh juh|55\/100|[from] item: Leftovers\n|upkeep\n|turn|48\n|c|\u2606YouGetBlocked|can you just like forfeit or something\n|\n|t:|1699050996\n|move|p2a: Zapdos|Defog|p1a: juh juh\n|-unboost|p1a: juh juh|evasion|1\n|move|p1a: juh juh|Moonlight|p1a: juh juh\n|-heal|p1a: juh juh|100\/100\n|\n|upkeep\n|turn|49\n|c|\u2606YouGetBlocked|ill pp stall you and then you have to roost\n|\n|t:|1699051014\n|move|p2a: Zapdos|Hurricane|p1a: juh juh\n|-resisted|p1a: juh juh\n|-damage|p1a: juh juh|83\/100\n|-start|p1a: juh juh|confusion\n|-activate|p1a: juh juh|confusion\n|-damage|p1a: juh juh|76\/100|[from] confusion\n|\n|-heal|p1a: juh juh|82\/100|[from] item: Leftovers\n|upkeep\n|turn|50\n|\n|t:|1699051020\n|move|p2a: Zapdos|Hurricane|p1a: juh juh\n|-resisted|p1a: juh juh\n|-damage|p1a: juh juh|62\/100\n|-activate|p1a: juh juh|confusion\n|move|p1a: juh juh|Stealth Rock|p2a: Zapdos\n|-sidestart|p2: MMQZA2|move: Stealth Rock\n|\n|-heal|p1a: juh juh|68\/100|[from] item: Leftovers\n|upkeep\n|turn|51\n|\n|t:|1699051028\n|move|p2a: Zapdos|Hurricane|p1a: juh juh\n|-resisted|p1a: juh juh\n|-damage|p1a: juh juh|51\/100\n|-end|p1a: juh juh|confusion\n|move|p1a: juh juh|Earthquake|p2a: Zapdos\n|-immune|p2a: Zapdos\n|\n|-heal|p1a: juh juh|57\/100|[from] item: Leftovers\n|upkeep\n|turn|52\n|\n|t:|1699051042\n|move|p2a: Zapdos|Hurricane|p1a: juh juh\n|-resisted|p1a: juh juh\n|-damage|p1a: juh juh|39\/100\n|-start|p1a: juh juh|confusion\n|-activate|p1a: juh juh|confusion\n|move|p1a: juh juh|Stealth Rock||[still]\n|-fail|p1a: juh juh\n|\n|-heal|p1a: juh juh|45\/100|[from] item: Leftovers\n|upkeep\n|turn|53\n|c|\u2606MMQZA2|i will win\n|\n|t:|1699051051\n|move|p2a: Zapdos|Volt Switch|p1a: juh juh\n|-damage|p1a: juh juh|21\/100\n|-activate|p1a: juh juh|confusion\n|move|p1a: juh juh|Moonlight|p1a: juh juh\n|-heal|p1a: juh juh|71\/100\n|\n|-heal|p1a: juh juh|77\/100|[from] item: Leftovers\n|upkeep\n|turn|54\n|c|\u2606YouGetBlocked|ur taking so long though its just\n|c|\u2606YouGetBlocked|not fun\n|c|\u2606YouGetBlocked|like\n|c|\u2606YouGetBlocked|its 15 elo\n|c|\u2606YouGetBlocked|that youre getting\n|c|\u2606YouGetBlocked|but ur still gonna be a nerd\n|\n|t:|1699051067\n|move|p2a: Zapdos|Volt Switch|p1a: juh juh\n|-damage|p1a: juh juh|53\/100\n|-activate|p1a: juh juh|confusion\n|move|p1a: juh juh|Stealth Rock||[still]\n|-fail|p1a: juh juh\n|\n|-heal|p1a: juh juh|59\/100|[from] item: Leftovers\n|upkeep\n|turn|55\n|\n|t:|1699051071\n|move|p2a: Zapdos|Volt Switch|p1a: juh juh\n|-damage|p1a: juh juh|36\/100\n|-end|p1a: juh juh|confusion\n|move|p1a: juh juh|Earthquake|p2a: Zapdos\n|-immune|p2a: Zapdos\n|\n|-heal|p1a: juh juh|42\/100|[from] item: Leftovers\n|upkeep\n|turn|56\n|\n|t:|1699051075\n|move|p2a: Zapdos|Volt Switch|p1a: juh juh\n|-damage|p1a: juh juh|20\/100\n|move|p1a: juh juh|Earthquake|p2a: Zapdos\n|-immune|p2a: Zapdos\n|\n|-heal|p1a: juh juh|26\/100|[from] item: Leftovers\n|upkeep\n|turn|57\n|c|\u2606YouGetBlocked|u win ur just annoying\n|c|\u2606YouGetBlocked|like\n|c|\u2606YouGetBlocked|no fun\n|\n|t:|1699051085\n|move|p2a: Zapdos|Volt Switch|p1a: juh juh\n|-damage|p1a: juh juh|3\/100\n|move|p1a: juh juh|Earthquake|p2a: Zapdos\n|-immune|p2a: Zapdos\n|\n|-heal|p1a: juh juh|9\/100|[from] item: Leftovers\n|upkeep\n|turn|58\n|\n|t:|1699051088\n|move|p2a: Zapdos|Volt Switch|p1a: juh juh\n|-damage|p1a: juh juh|0 fnt\n|faint|p1a: juh juh\n|\n|win|MMQZA2\n|raw|YouGetBlocked's rating: 1231 &rarr; <strong>1214<\/strong><br \/>(-17 for losing)\n|raw|MMQZA2's rating: 1346 &rarr; <strong>1360<\/strong><br \/>(+14 for winning)\n|c|\u2606MMQZA2|gg\n|c|\u2606YouGetBlocked|no\n|c|\u2606YouGetBlocked|all u did\n|c|\u2606YouGetBlocked|was sit there\n","uploadtime":1699051097,"views":4,"p1id":"yougetblocked","p2id":"mmqza2","formatid":"gen9nationaldexubers","rating":1214,"private":0,"password":""}