{"id":"gen9nationaldexubers-1999014746","p1":"AceHaki","p2":"Oksan61","format":"[Gen 9] National Dex Ubers","log":"|j|\u2606AceHaki\n|j|\u2606Oksan61\n|t:|1701024026\n|gametype|singles\n|player|p1|AceHaki|ethan|1141\n|player|p2|Oksan61|266|1045\n|teamsize|p1|6\n|teamsize|p2|6\n|gen|9\n|tier|[Gen 9] National Dex Ubers\n|rated|\n|rule|HP Percentage Mod: HP is shown in percentages\n|rule|Endless Battle Clause: Forcing endless battles is banned\n|rule|OHKO Clause: OHKO moves are banned\n|rule|Evasion Moves Clause: Evasion moves are banned\n|rule|Evasion Items Clause: Evasion items are banned\n|rule|Species Clause: Limit one of each Pok\u00e9mon\n|rule|Sleep Clause Mod: Limit one foe put to sleep\n|rule|Mega Rayquaza Clause: You cannot mega evolve Rayquaza\n|clearpoke\n|poke|p1|Chien-Pao|\n|poke|p1|Deoxys-Defense|\n|poke|p1|Dragapult, F|\n|poke|p1|Darmanitan-Galar, M|\n|poke|p1|Cinderace, F|\n|poke|p1|Greninja-*, M|\n|poke|p2|Parasect, M|\n|poke|p2|Aerodactyl, M|\n|poke|p2|Great Tusk|\n|poke|p2|Orthworm, M|\n|poke|p2|Latios, M|\n|poke|p2|Gastrodon, F|\n|teampreview\n|\n|t:|1701024029\n|start\n|switch|p1a: Greninja|Greninja, M|100\/100\n|switch|p2a: Aerodactyl|Aerodactyl, M|100\/100\n|-ability|p2a: Aerodactyl|Pressure\n|turn|1\n|inactive|Battle timer is ON: inactive players will automatically lose when time's up. (requested by AceHaki)\n|\n|t:|1701024033\n|move|p2a: Aerodactyl|Stealth Rock|p1a: Greninja\n|-sidestart|p1: AceHaki|move: Stealth Rock\n|move|p1a: Greninja|Surf|p2a: Aerodactyl\n|-supereffective|p2a: Aerodactyl\n|-damage|p2a: Aerodactyl|0 fnt\n|faint|p2a: Aerodactyl\n|-ability|p1a: Greninja|Battle Bond|boost\n|-boost|p1a: Greninja|atk|1\n|-boost|p1a: Greninja|spa|1\n|-boost|p1a: Greninja|spe|1\n|-activate|p1a: Greninja|ability: Battle Bond\n|-damage|p1a: Greninja|91\/100|[from] item: Life Orb\n|\n|upkeep\n|\n|t:|1701024036\n|switch|p2a: Gastrodon|Gastrodon, F|100\/100\n|turn|2\n|\n|t:|1701024041\n|move|p1a: Greninja|Ice Beam|p2a: Gastrodon\n|-damage|p2a: Gastrodon|58\/100\n|-damage|p1a: Greninja|81\/100|[from] item: Life Orb\n|move|p2a: Gastrodon|Yawn|p1a: Greninja\n|-start|p1a: Greninja|move: Yawn|[of] p2a: Gastrodon\n|\n|upkeep\n|turn|3\n|\n|t:|1701024044\n|move|p1a: Greninja|Dark Pulse|p2a: Gastrodon\n|-damage|p2a: Gastrodon|0 fnt\n|faint|p2a: Gastrodon\n|-damage|p1a: Greninja|71\/100|[from] item: Life Orb\n|\n|-end|p1a: Greninja|move: Yawn|[silent]\n|-status|p1a: Greninja|slp\n|upkeep\n|\n|t:|1701024047\n|switch|p2a: Latios|Latios, M|100\/100\n|turn|4\n|\n|t:|1701024048\n|cant|p1a: Greninja|slp\n|move|p2a: Latios|Mystical Fire|p1a: Greninja\n|-resisted|p1a: Greninja\n|-damage|p1a: Greninja|55\/100 slp\n|-unboost|p1a: Greninja|spa|1\n|\n|upkeep\n|turn|5\n|\n|t:|1701024050\n|cant|p1a: Greninja|slp\n|move|p2a: Latios|Light Screen|p2a: Latios\n|-sidestart|p2: Oksan61|move: Light Screen\n|\n|upkeep\n|turn|6\n|\n|t:|1701024052\n|cant|p1a: Greninja|slp\n|move|p2a: Latios|Reflect|p2a: Latios\n|-sidestart|p2: Oksan61|Reflect\n|\n|upkeep\n|turn|7\n|\n|t:|1701024053\n|-curestatus|p1a: Greninja|slp|[msg]\n|move|p1a: Greninja|Dark Pulse|p2a: Latios\n|-supereffective|p2a: Latios\n|-damage|p2a: Latios|57\/100\n|-damage|p1a: Greninja|45\/100|[from] item: Life Orb\n|move|p2a: Latios|Memento|p1a: Greninja\n|-unboost|p1a: Greninja|atk|2\n|-unboost|p1a: Greninja|spa|2\n|faint|p2a: Latios\n|\n|upkeep\n|\n|t:|1701024056\n|switch|p2a: Orthworm|Orthworm, M|100\/100\n|turn|8\n|\n|t:|1701024059\n|move|p1a: Greninja|Surf|p2a: Orthworm\n|-damage|p2a: Orthworm|88\/100\n|-damage|p1a: Greninja|35\/100|[from] item: Life Orb\n|move|p2a: Orthworm|Shed Tail|p2a: Orthworm\n|-start|p2a: Orthworm|Substitute|[from] move: Shed Tail\n|-damage|p2a: Orthworm|38\/100\n|-enditem|p2a: Orthworm|Sitrus Berry|[eat]\n|-heal|p2a: Orthworm|63\/100|[from] item: Sitrus Berry\n|\n|t:|1701024062\n|switch|p2a: Parasect|Parasect, M|100\/100|[from] Shed Tail\n|\n|upkeep\n|turn|9\n|\n|t:|1701024065\n|move|p1a: Greninja|Ice Beam|p2a: Parasect\n|-supereffective|p2a: Parasect\n|-activate|p2a: Parasect|move: Substitute|[damage]\n|-damage|p1a: Greninja|25\/100|[from] item: Life Orb\n|move|p2a: Parasect|Agility|p2a: Parasect\n|-boost|p2a: Parasect|spe|2\n|\n|upkeep\n|turn|10\n|\n|t:|1701024072\n|move|p1a: Greninja|Ice Beam|p2a: Parasect\n|-supereffective|p2a: Parasect\n|-crit|p2a: Parasect\n|-end|p2a: Parasect|Substitute\n|-damage|p1a: Greninja|15\/100|[from] item: Life Orb\n|move|p2a: Parasect|Spore|p1a: Greninja\n|-status|p1a: Greninja|slp|[from] move: Spore\n|\n|upkeep\n|turn|11\n|\n|t:|1701024076\n|cant|p1a: Greninja|slp\n|move|p2a: Parasect|Agility|p2a: Parasect\n|-boost|p2a: Parasect|spe|2\n|\n|upkeep\n|turn|12\n|\n|t:|1701024078\n|cant|p1a: Greninja|slp\n|move|p2a: Parasect|Fell Stinger|p1a: Greninja\n|-supereffective|p1a: Greninja\n|-damage|p1a: Greninja|0 fnt\n|faint|p1a: Greninja\n|-boost|p2a: Parasect|atk|3\n|\n|-sideend|p2: Oksan61|move: Light Screen\n|upkeep\n|\n|t:|1701024081\n|switch|p1a: Monke|Darmanitan-Galar, M|100\/100\n|-damage|p1a: Monke|76\/100|[from] Stealth Rock\n|turn|13\n|\n|t:|1701024087\n|move|p1a: Monke|Icicle Crash|p2a: Parasect\n|-supereffective|p2a: Parasect\n|-damage|p2a: Parasect|0 fnt\n|faint|p2a: Parasect\n|\n|-sideend|p2: Oksan61|Reflect\n|upkeep\n|c|\u2606Oksan61|I hate choice scarf item\n|-message|Oksan61 forfeited.\n|\n|win|AceHaki\n|raw|AceHaki's rating: 1141 &rarr; <strong>1159<\/strong><br \/>(+18 for winning)\n|raw|Oksan61's rating: 1045 &rarr; <strong>1033<\/strong><br \/>(-12 for losing)\n|l|\u2606Oksan61\n|c|\u2606AceHaki|monkey\n","uploadtime":1701024274,"views":15,"p1id":"acehaki","p2id":"oksan61","formatid":"gen9nationaldexubers","rating":1033,"private":0,"password":""}