{"id":"gen9nationaldexubers-1983635325","p1":"TACOB3I","p2":"C0ld as Ice","format":"[Gen 9] National Dex Ubers","log":"|j|\u2606TACOB3I\n|j|\u2606C0ld as Ice\n|t:|1699152115\n|gametype|singles\n|player|p1|TACOB3I|ghetsis|1422\n|player|p2|C0ld as Ice|schoolkid-gen4dp|1706\n|teamsize|p1|6\n|teamsize|p2|6\n|gen|9\n|tier|[Gen 9] National Dex Ubers\n|rated|\n|rule|HP Percentage Mod: HP is shown in percentages\n|rule|Endless Battle Clause: Forcing endless battles is banned\n|rule|OHKO Clause: OHKO moves are banned\n|rule|Evasion Moves Clause: Evasion moves are banned\n|rule|Evasion Items Clause: Evasion items are banned\n|rule|Species Clause: Limit one of each Pok\u00e9mon\n|rule|Sleep Clause Mod: Limit one foe put to sleep\n|rule|Mega Rayquaza Clause: You cannot mega evolve Rayquaza\n|clearpoke\n|poke|p1|Groudon|\n|poke|p1|Rayquaza|\n|poke|p1|Kangaskhan, F|\n|poke|p1|Kingambit, M|\n|poke|p1|Grimmsnarl, M|\n|poke|p1|Kyogre|\n|poke|p2|Aerodactyl, F|\n|poke|p2|Necrozma-Dusk-Mane|\n|poke|p2|Deoxys-Speed|\n|poke|p2|Salamence, F|\n|poke|p2|Kingambit, F|\n|poke|p2|Kyurem-Black|\n|teampreview\n|inactive|Battle timer is ON: inactive players will automatically lose when time's up. (requested by C0ld as Ice)\n|\n|t:|1699152122\n|start\n|switch|p1a: \ud83d\ude08|Grimmsnarl, M|100\/100\n|switch|p2a: Aerodactyl|Aerodactyl, F|100\/100\n|-ability|p2a: Aerodactyl|Pressure\n|turn|1\n|\n|t:|1699152125\n|move|p1a: \ud83d\ude08|Thunder Wave|p2a: Aerodactyl|[miss]\n|-miss|p1a: \ud83d\ude08|p2a: Aerodactyl\n|move|p2a: Aerodactyl|Rock Tomb|p1a: \ud83d\ude08\n|-damage|p1a: \ud83d\ude08|75\/100\n|-unboost|p1a: \ud83d\ude08|spe|1\n|\n|upkeep\n|turn|2\n|\n|t:|1699152130\n|move|p1a: \ud83d\ude08|Thunder Wave|p2a: Aerodactyl\n|-status|p2a: Aerodactyl|par\n|move|p2a: Aerodactyl|Stealth Rock|p1a: \ud83d\ude08\n|-sidestart|p1: TACOB3I|move: Stealth Rock\n|\n|upkeep\n|turn|3\n|\n|t:|1699152134\n|move|p1a: \ud83d\ude08|Taunt|p2a: Aerodactyl\n|-start|p2a: Aerodactyl|move: Taunt\n|move|p2a: Aerodactyl|Rock Tomb|p1a: \ud83d\ude08\n|-damage|p1a: \ud83d\ude08|51\/100\n|-unboost|p1a: \ud83d\ude08|spe|1\n|\n|upkeep\n|turn|4\n|\n|t:|1699152138\n|move|p1a: \ud83d\ude08|Reflect|p1a: \ud83d\ude08\n|-sidestart|p1: TACOB3I|Reflect\n|move|p2a: Aerodactyl|Rock Tomb|p1a: \ud83d\ude08\n|-damage|p1a: \ud83d\ude08|39\/100\n|-unboost|p1a: \ud83d\ude08|spe|1\n|\n|upkeep\n|turn|5\n|\n|t:|1699152141\n|move|p1a: \ud83d\ude08|Light Screen|p1a: \ud83d\ude08\n|-sidestart|p1: TACOB3I|move: Light Screen\n|move|p2a: Aerodactyl|Rock Tomb|p1a: \ud83d\ude08\n|-damage|p1a: \ud83d\ude08|26\/100\n|-unboost|p1a: \ud83d\ude08|spe|1\n|\n|-end|p2a: Aerodactyl|move: Taunt\n|upkeep\n|turn|6\n|\n|t:|1699152145\n|move|p1a: \ud83d\ude08|Taunt|p2a: Aerodactyl\n|-start|p2a: Aerodactyl|move: Taunt\n|move|p2a: Aerodactyl|Rock Tomb|p1a: \ud83d\ude08|[miss]\n|-miss|p2a: Aerodactyl|p1a: \ud83d\ude08\n|\n|upkeep\n|turn|7\n|\n|t:|1699152154\n|switch|p1a: Kyogre|Kyogre|100\/100\n|-damage|p1a: Kyogre|88\/100|[from] Stealth Rock\n|detailschange|p1a: Kyogre|Kyogre-Primal\n|-primal|p1a: Kyogre|Blue Orb\n|-weather|PrimordialSea|[from] ability: Primordial Sea|[of] p1a: Kyogre\n|move|p2a: Aerodactyl|Rock Tomb|p1a: Kyogre\n|-damage|p1a: Kyogre|77\/100\n|-unboost|p1a: Kyogre|spe|1\n|\n|-weather|PrimordialSea|[upkeep]\n|upkeep\n|turn|8\n|\n|t:|1699152161\n|move|p2a: Aerodactyl|Rock Tomb|p1a: Kyogre\n|-damage|p1a: Kyogre|67\/100\n|-unboost|p1a: Kyogre|spe|1\n|move|p1a: Kyogre|Ancient Power|p2a: Aerodactyl\n|-supereffective|p2a: Aerodactyl\n|-damage|p2a: Aerodactyl|24\/100 par\n|\n|-weather|PrimordialSea|[upkeep]\n|-end|p2a: Aerodactyl|move: Taunt\n|upkeep\n|turn|9\n|\n|t:|1699152165\n|cant|p2a: Aerodactyl|par\n|move|p1a: Kyogre|Ancient Power|p2a: Aerodactyl\n|-supereffective|p2a: Aerodactyl\n|-damage|p2a: Aerodactyl|0 fnt\n|faint|p2a: Aerodactyl\n|\n|-weather|PrimordialSea|[upkeep]\n|upkeep\n|\n|t:|1699152178\n|switch|p2a: Deoxys|Deoxys-Speed|100\/100\n|-ability|p2a: Deoxys|Pressure\n|turn|10\n|\n|t:|1699152181\n|move|p2a: Deoxys|Light Screen|p2a: Deoxys\n|-sidestart|p2: C0ld as Ice|move: Light Screen\n|move|p1a: Kyogre|Ancient Power|p2a: Deoxys\n|-damage|p2a: Deoxys|84\/100\n|\n|-weather|PrimordialSea|[upkeep]\n|upkeep\n|turn|11\n|\n|t:|1699152183\n|move|p2a: Deoxys|Reflect|p2a: Deoxys\n|-sidestart|p2: C0ld as Ice|Reflect\n|move|p1a: Kyogre|Ancient Power|p2a: Deoxys\n|-damage|p2a: Deoxys|66\/100\n|-boost|p1a: Kyogre|atk|1\n|-boost|p1a: Kyogre|def|1\n|-boost|p1a: Kyogre|spa|1\n|-boost|p1a: Kyogre|spd|1\n|-boost|p1a: Kyogre|spe|1\n|\n|-weather|PrimordialSea|[upkeep]\n|-sideend|p1: TACOB3I|Reflect\n|upkeep\n|turn|12\n|\n|t:|1699152193\n|move|p1a: Kyogre|Thunder|p2a: Deoxys\n|-damage|p2a: Deoxys|14\/100\n|move|p2a: Deoxys|Teleport|p2a: Deoxys\n|\n|t:|1699152197\n|switch|p2a: Kyurem|Kyurem-Black|100\/100|[from] Teleport\n|-ability|p2a: Kyurem|Teravolt\n|\n|-weather|PrimordialSea|[upkeep]\n|-sideend|p1: TACOB3I|move: Light Screen\n|upkeep\n|turn|13\n|\n|t:|1699152202\n|move|p2a: Kyurem|Dragon Dance|p2a: Kyurem\n|-boost|p2a: Kyurem|atk|1\n|-boost|p2a: Kyurem|spe|1\n|move|p1a: Kyogre|Thunder|p2a: Kyurem\n|-resisted|p2a: Kyurem\n|-damage|p2a: Kyurem|80\/100\n|\n|-weather|PrimordialSea|[upkeep]\n|-heal|p2a: Kyurem|86\/100|[from] item: Leftovers\n|upkeep\n|turn|14\n|\n|t:|1699152209\n|move|p2a: Kyurem|Substitute|p2a: Kyurem\n|-start|p2a: Kyurem|Substitute\n|-damage|p2a: Kyurem|61\/100\n|move|p1a: Kyogre|Water Spout|p2a: Kyurem\n|-resisted|p2a: Kyurem\n|-end|p2a: Kyurem|Substitute\n|\n|-weather|PrimordialSea|[upkeep]\n|-heal|p2a: Kyurem|67\/100|[from] item: Leftovers\n|upkeep\n|turn|15\n|\n|t:|1699152211\n|move|p2a: Kyurem|Fusion Bolt|p1a: Kyogre\n|-supereffective|p1a: Kyogre\n|-crit|p1a: Kyogre\n|-damage|p1a: Kyogre|0 fnt\n|faint|p1a: Kyogre\n|-weather|none\n|\n|-heal|p2a: Kyurem|73\/100|[from] item: Leftovers\n|upkeep\n|\n|t:|1699152213\n|switch|p1a: \ud83d\ude08|Grimmsnarl, M|26\/100\n|-damage|p1a: \ud83d\ude08|14\/100|[from] Stealth Rock\n|turn|16\n|\n|t:|1699152227\n|-terastallize|p2a: Kyurem|Electric\n|move|p1a: \ud83d\ude08|Thunder Wave|p2a: Kyurem\n|-immune|p2a: Kyurem\n|move|p2a: Kyurem|Icicle Spear|p1a: \ud83d\ude08\n|-damage|p1a: \ud83d\ude08|0 fnt\n|faint|p1a: \ud83d\ude08\n|-hitcount|p1: \ud83d\ude08|1\n|\n|-heal|p2a: Kyurem|80\/100|[from] item: Leftovers\n|upkeep\n|\n|t:|1699152236\n|switch|p1a: Groudon|Groudon|100\/100\n|-damage|p1a: Groudon|94\/100|[from] Stealth Rock\n|detailschange|p1a: Groudon|Groudon-Primal\n|-primal|p1a: Groudon|Red Orb\n|-weather|DesolateLand|[from] ability: Desolate Land|[of] p1a: Groudon\n|turn|17\n|\n|t:|1699152238\n|move|p2a: Kyurem|Icicle Spear|p1a: Groudon\n|-damage|p1a: Groudon|80\/100\n|-damage|p1a: Groudon|66\/100\n|-damage|p1a: Groudon|50\/100\n|-hitcount|p1a: Groudon|3\n|move|p1a: Groudon|Precipice Blades|p2a: Kyurem\n|-supereffective|p2a: Kyurem\n|-damage|p2a: Kyurem|8\/100\n|\n|-weather|DesolateLand|[upkeep]\n|-heal|p2a: Kyurem|15\/100|[from] item: Leftovers\n|-sideend|p2: C0ld as Ice|move: Light Screen\n|upkeep\n|turn|18\n|\n|t:|1699152241\n|move|p2a: Kyurem|Icicle Spear|p1a: Groudon\n|-crit|p1a: Groudon\n|-damage|p1a: Groudon|28\/100\n|-damage|p1a: Groudon|15\/100\n|-damage|p1a: Groudon|1\/100\n|-damage|p1a: Groudon|0 fnt\n|faint|p1a: Groudon\n|-weather|none\n|-hitcount|p1: Groudon|4\n|\n|-heal|p2a: Kyurem|21\/100|[from] item: Leftovers\n|-sideend|p2: C0ld as Ice|Reflect\n|upkeep\n|\n|t:|1699152244\n|switch|p1a: Kangaskhan|Kangaskhan, F|100\/100\n|-damage|p1a: Kangaskhan|88\/100|[from] Stealth Rock\n|turn|19\n|\n|t:|1699152248\n|detailschange|p1a: Kangaskhan|Kangaskhan-Mega, F\n|-mega|p1a: Kangaskhan|Kangaskhan|Kangaskhanite\n|move|p1a: Kangaskhan|Fake Out|p2a: Kyurem\n|-damage|p2a: Kyurem|4\/100\n|-crit|p2a: Kyurem\n|-damage|p2a: Kyurem|0 fnt\n|faint|p2a: Kyurem\n|-hitcount|p2: Kyurem|2\n|\n|upkeep\n|\n|t:|1699152255\n|switch|p2a: Necrozma|Necrozma-Dusk-Mane|100\/100\n|turn|20\n|\n|t:|1699152257\n|move|p1a: Kangaskhan|Icy Wind|p2a: Necrozma\n|-resisted|p2a: Necrozma\n|-damage|p2a: Necrozma|97\/100\n|-unboost|p2a: Necrozma|spe|1\n|-resisted|p2a: Necrozma\n|-damage|p2a: Necrozma|96\/100\n|-unboost|p2a: Necrozma|spe|1\n|-hitcount|p2a: Necrozma|2\n|move|p2a: Necrozma|Dragon Dance|p2a: Necrozma\n|-boost|p2a: Necrozma|atk|1\n|-boost|p2a: Necrozma|spe|1\n|\n|upkeep\n|turn|21\n|\n|t:|1699152261\n|move|p1a: Kangaskhan|Sucker Punch|p2a: Necrozma\n|-supereffective|p2a: Necrozma\n|-damage|p2a: Necrozma|68\/100\n|-supereffective|p2a: Necrozma\n|-damage|p2a: Necrozma|61\/100\n|-hitcount|p2a: Necrozma|2\n|-zpower|p2a: Necrozma\n|move|p2a: Necrozma|Searing Sunraze Smash|p1a: Kangaskhan|[zeffect]\n|-damage|p1a: Kangaskhan|0 fnt\n|faint|p1a: Kangaskhan\n|\n|upkeep\n|\n|t:|1699152266\n|switch|p1a: Rayquaza|Rayquaza|100\/100\n|-damage|p1a: Rayquaza|76\/100|[from] Stealth Rock\n|-ability|p1a: Rayquaza|Air Lock\n|turn|22\n|\n|t:|1699152269\n|move|p1a: Rayquaza|V-create|p2a: Necrozma\n|-supereffective|p2a: Necrozma\n|-damage|p2a: Necrozma|0 fnt\n|-unboost|p1a: Rayquaza|spe|1\n|-unboost|p1a: Rayquaza|def|1\n|-unboost|p1a: Rayquaza|spd|1\n|faint|p2a: Necrozma\n|-damage|p1a: Rayquaza|66\/100|[from] item: Life Orb\n|\n|upkeep\n|\n|t:|1699152279\n|switch|p2a: Kingambit|Kingambit, F|100\/100\n|-activate|p2a: Kingambit|ability: Supreme Overlord\n|-start|p2a: Kingambit|fallen3|[silent]\n|turn|23\n|\n|t:|1699152282\n|-terastallize|p1a: Rayquaza|Fairy\n|move|p2a: Kingambit|Sucker Punch|p1a: Rayquaza\n|-resisted|p1a: Rayquaza\n|-damage|p1a: Rayquaza|17\/100\n|move|p1a: Rayquaza|V-create|p2a: Kingambit\n|-supereffective|p2a: Kingambit\n|-damage|p2a: Kingambit|0 fnt\n|-unboost|p1a: Rayquaza|spe|1\n|-unboost|p1a: Rayquaza|def|1\n|-unboost|p1a: Rayquaza|spd|1\n|faint|p2a: Kingambit\n|-end|p2a: Kingambit|fallen3|[silent]\n|-damage|p1a: Rayquaza|7\/100|[from] item: Life Orb\n|\n|upkeep\n|\n|t:|1699152288\n|switch|p2a: Salamence|Salamence, F|100\/100\n|-ability|p2a: Salamence|Intimidate|boost\n|-unboost|p1a: Rayquaza|atk|1\n|turn|24\n|\n|t:|1699152292\n|switch|p2a: Deoxys|Deoxys-Speed|14\/100\n|-ability|p2a: Deoxys|Pressure\n|move|p1a: Rayquaza|Draco Meteor|p2a: Deoxys\n|-damage|p2a: Deoxys|0 fnt\n|-unboost|p1a: Rayquaza|spa|2\n|faint|p2a: Deoxys\n|-damage|p1a: Rayquaza|0 fnt|[from] item: Life Orb\n|faint|p1a: Rayquaza\n|\n|upkeep\n|\n|t:|1699152295\n|switch|p2a: Salamence|Salamence, F|100\/100\n|switch|p1a: Gabriel gambit|Kingambit, M|100\/100\n|-ability|p2a: Salamence|Intimidate|boost\n|-unboost|p1a: Gabriel gambit|atk|1\n|-damage|p1a: Gabriel gambit|94\/100|[from] Stealth Rock\n|-activate|p1a: Gabriel gambit|ability: Supreme Overlord\n|-start|p1a: Gabriel gambit|fallen5|[silent]\n|turn|25\n|\n|t:|1699152298\n|detailschange|p2a: Salamence|Salamence-Mega, F\n|-mega|p2a: Salamence|Salamence|Salamencite\n|move|p2a: Salamence|Earthquake|p1a: Gabriel gambit\n|-supereffective|p1a: Gabriel gambit\n|-damage|p1a: Gabriel gambit|39\/100\n|-enditem|p1a: Gabriel gambit|Weakness Policy\n|-boost|p1a: Gabriel gambit|atk|2|[from] item: Weakness Policy\n|-boost|p1a: Gabriel gambit|spa|2|[from] item: Weakness Policy\n|move|p1a: Gabriel gambit|Kowtow Cleave|p2a: Salamence\n|-damage|p2a: Salamence|8\/100\n|\n|upkeep\n|turn|26\n|\n|t:|1699152302\n|move|p1a: Gabriel gambit|Sucker Punch|p2a: Salamence\n|-damage|p2a: Salamence|0 fnt\n|faint|p2a: Salamence\n|\n|win|TACOB3I\n|raw|TACOB3I's rating: 1422 &rarr; <strong>1455<\/strong><br \/>(+33 for winning)\n|raw|C0ld as Ice's rating: 1706 &rarr; <strong>1673<\/strong><br \/>(-33 for losing)\n|l|\u2606C0ld as Ice\n","uploadtime":1699152316,"views":6,"p1id":"tacob3i","p2id":"c0ldasice","formatid":"gen9nationaldexubers","rating":1455,"private":0,"password":""}