{"id":"gen9nationaldexubers-1990626789","p1":"Twilwind","p2":"85792195wwww","format":"[Gen 9] National Dex Ubers","log":"|j|\u203dTwilwind\n|j|\u260685792195wwww\n|t:|1699986845\n|gametype|singles\n|player|p1|Twilwind|clemont|1542\n|player|p2|85792195wwww|mira|1760\n|teamsize|p1|6\n|teamsize|p2|6\n|gen|9\n|tier|[Gen 9] National Dex Ubers\n|rated|\n|rule|HP Percentage Mod: HP is shown in percentages\n|rule|Endless Battle Clause: Forcing endless battles is banned\n|rule|OHKO Clause: OHKO moves are banned\n|rule|Evasion Moves Clause: Evasion moves are banned\n|rule|Evasion Items Clause: Evasion items are banned\n|rule|Species Clause: Limit one of each Pok\u00e9mon\n|rule|Sleep Clause Mod: Limit one foe put to sleep\n|rule|Mega Rayquaza Clause: You cannot mega evolve Rayquaza\n|clearpoke\n|poke|p1|Giratina-Origin|\n|poke|p1|Groudon|\n|poke|p1|Glimmora, F|\n|poke|p1|Xerneas-*|\n|poke|p1|Arceus|\n|poke|p1|Mewtwo|\n|poke|p2|Arceus-Ground|\n|poke|p2|Deoxys-Speed|\n|poke|p2|Landorus, M|\n|poke|p2|Zacian-*|\n|poke|p2|Groudon|\n|poke|p2|Kyurem-Black|\n|teampreview\n|\n|t:|1699986874\n|start\n|switch|p1a: Giratina|Giratina-Origin|100\/100\n|switch|p2a: Deoxys|Deoxys-Speed|100\/100\n|-ability|p2a: Deoxys|Pressure\n|turn|1\n|\n|t:|1699986886\n|move|p2a: Deoxys|Stealth Rock|p1a: Giratina\n|-sidestart|p1: Twilwind|move: Stealth Rock\n|move|p1a: Giratina|Shadow Ball|p2a: Deoxys\n|-supereffective|p2a: Deoxys\n|-enditem|p2a: Deoxys|Focus Sash\n|-damage|p2a: Deoxys|1\/100\n|\n|upkeep\n|turn|2\n|\n|t:|1699986895\n|switch|p2a: Kyurem|Kyurem-Black|100\/100\n|-ability|p2a: Kyurem|Teravolt\n|move|p1a: Giratina|Shadow Ball|p2a: Kyurem\n|-damage|p2a: Kyurem|57\/100\n|\n|upkeep\n|turn|3\n|j| breezai\n|\n|t:|1699986939\n|switch|p1a: Groudon|Groudon|100\/100\n|-damage|p1a: Groudon|94\/100|[from] Stealth Rock\n|detailschange|p1a: Groudon|Groudon-Primal\n|-primal|p1a: Groudon|Red Orb\n|-weather|DesolateLand|[from] ability: Desolate Land|[of] p1a: Groudon\n|move|p2a: Kyurem|Icicle Spear|p1a: Groudon\n|-damage|p1a: Groudon|83\/100\n|-damage|p1a: Groudon|72\/100\n|-damage|p1a: Groudon|62\/100\n|-crit|p1a: Groudon\n|-damage|p1a: Groudon|45\/100\n|-damage|p1a: Groudon|34\/100\n|-hitcount|p1a: Groudon|5\n|\n|-weather|DesolateLand|[upkeep]\n|upkeep\n|turn|4\n|\n|t:|1699986956\n|-weather|none\n|switch|p1a: Glimmora|Glimmora, F|100\/100\n|-damage|p1a: Glimmora|88\/100|[from] Stealth Rock\n|move|p2a: Kyurem|Icicle Spear|p1a: Glimmora\n|-damage|p1a: Glimmora|67\/100\n|-activate|p1a: Glimmora|ability: Toxic Debris\n|-sidestart|p2: 85792195wwww|move: Toxic Spikes\n|-crit|p1a: Glimmora\n|-damage|p1a: Glimmora|36\/100\n|-activate|p1a: Glimmora|ability: Toxic Debris\n|-sidestart|p2: 85792195wwww|move: Toxic Spikes\n|-damage|p1a: Glimmora|13\/100\n|-damage|p1a: Glimmora|0 fnt\n|faint|p1a: Glimmora\n|-hitcount|p1: Glimmora|4\n|\n|upkeep\n|\n|t:|1699986965\n|switch|p1a: Mewtwo|Mewtwo|100\/100\n|-ability|p1a: Mewtwo|Unnerve\n|-damage|p1a: Mewtwo|88\/100|[from] Stealth Rock\n|turn|5\n|\n|t:|1699986983\n|detailschange|p1a: Mewtwo|Mewtwo-Mega-Y\n|-mega|p1a: Mewtwo|Mewtwo|Mewtwonite Y\n|move|p1a: Mewtwo|Psystrike|p2a: Kyurem\n|-damage|p2a: Kyurem|0 fnt\n|faint|p2a: Kyurem\n|\n|upkeep\n|\n|t:|1699986992\n|switch|p2a: Deoxys|Deoxys-Speed|1\/100\n|-status|p2a: Deoxys|tox\n|-ability|p2a: Deoxys|Pressure\n|turn|6\n|\n|t:|1699987017\n|switch|p1a: Groudon|Groudon-Primal|34\/100\n|-damage|p1a: Groudon|22\/100|[from] Stealth Rock\n|-weather|DesolateLand|[from] ability: Desolate Land|[of] p1a: Groudon\n|move|p2a: Deoxys|Spikes|p1a: Groudon\n|-sidestart|p1: Twilwind|Spikes\n|\n|-weather|DesolateLand|[upkeep]\n|-damage|p2a: Deoxys|0 fnt|[from] psn\n|faint|p2a: Deoxys\n|upkeep\n|\n|t:|1699987034\n|switch|p2a: Landorus|Landorus, M|100\/100\n|turn|7\n|\n|t:|1699987040\n|move|p2a: Landorus|Earth Power|p1a: Groudon\n|-supereffective|p1a: Groudon\n|-damage|p1a: Groudon|0 fnt\n|faint|p1a: Groudon\n|-weather|none\n|\n|upkeep\n|\n|t:|1699987051\n|switch|p1a: Giratina|Giratina-Origin|100\/100\n|-damage|p1a: Giratina|88\/100|[from] Stealth Rock\n|turn|8\n|\n|t:|1699987058\n|move|p2a: Landorus|Sludge Wave|p1a: Giratina\n|-resisted|p1a: Giratina\n|-damage|p1a: Giratina|69\/100\n|move|p1a: Giratina|Shadow Ball|p2a: Landorus\n|-damage|p2a: Landorus|47\/100\n|\n|upkeep\n|turn|9\n|\n|t:|1699987067\n|move|p2a: Landorus|Sludge Wave|p1a: Giratina\n|-resisted|p1a: Giratina\n|-damage|p1a: Giratina|51\/100\n|move|p1a: Giratina|Shadow Ball|p2a: Landorus\n|-damage|p2a: Landorus|0 fnt\n|faint|p2a: Landorus\n|\n|upkeep\n|\n|t:|1699987076\n|switch|p2a: Zacian|Zacian-Crowned|100\/100\n|-ability|p2a: Zacian|Intrepid Sword|boost\n|-boost|p2a: Zacian|atk|1\n|turn|10\n|\n|t:|1699987086\n|-terastallize|p1a: Giratina|Steel\n|move|p2a: Zacian|Swords Dance|p2a: Zacian\n|-boost|p2a: Zacian|atk|2\n|move|p1a: Giratina|Roar|p2a: Zacian\n|drag|p2a: Arceus|Arceus-Ground|100\/100\n|-status|p2a: Arceus|tox\n|\n|-damage|p2a: Arceus|94\/100 tox|[from] psn\n|upkeep\n|turn|11\n|\n|t:|1699987101\n|move|p2a: Arceus|Taunt|p1a: Giratina\n|-start|p1a: Giratina|move: Taunt\n|move|p1a: Giratina|Shadow Ball|p2a: Arceus\n|-damage|p2a: Arceus|60\/100 tox\n|\n|-damage|p2a: Arceus|48\/100 tox|[from] psn\n|upkeep\n|turn|12\n|\n|t:|1699987111\n|move|p2a: Arceus|Stone Edge|p1a: Giratina\n|-resisted|p1a: Giratina\n|-damage|p1a: Giratina|40\/100\n|move|p1a: Giratina|Shadow Ball|p2a: Arceus\n|-damage|p2a: Arceus|13\/100 tox\n|\n|-damage|p2a: Arceus|0 fnt|[from] psn\n|faint|p2a: Arceus\n|upkeep\n|\n|t:|1699987122\n|switch|p2a: Zacian|Zacian-Crowned|100\/100\n|turn|13\n|\n|t:|1699987127\n|move|p2a: Zacian|Swords Dance|p2a: Zacian\n|-boost|p2a: Zacian|atk|2\n|move|p1a: Giratina|Shadow Ball|p2a: Zacian\n|-crit|p2a: Zacian\n|-damage|p2a: Zacian|37\/100\n|\n|-end|p1a: Giratina|move: Taunt\n|upkeep\n|turn|14\n|\n|t:|1699987138\n|move|p2a: Zacian|Close Combat|p1a: Giratina\n|-supereffective|p1a: Giratina\n|-damage|p1a: Giratina|0 fnt\n|-unboost|p2a: Zacian|def|1\n|-unboost|p2a: Zacian|spd|1\n|faint|p1a: Giratina\n|\n|upkeep\n|\n|t:|1699987145\n|switch|p1a: Arceus|Arceus|100\/100\n|-damage|p1a: Arceus|88\/100|[from] Stealth Rock\n|-damage|p1a: Arceus|76\/100|[from] Spikes\n|turn|15\n|\n|t:|1699987150\n|move|p1a: Arceus|Extreme Speed|p2a: Zacian\n|-resisted|p2a: Zacian\n|-damage|p2a: Zacian|2\/100\n|move|p2a: Zacian|Behemoth Blade|p1a: Arceus\n|-damage|p1a: Arceus|0 fnt\n|faint|p1a: Arceus\n|\n|upkeep\n|-message|Twilwind forfeited.\n|\n|win|85792195wwww\n|raw|Twilwind's rating: 1542 &rarr; <strong>1533<\/strong><br \/>(-9 for losing)\n|raw|85792195wwww's rating: 1760 &rarr; <strong>1769<\/strong><br \/>(+9 for winning)\n|l|\u203dTwilwind\n","uploadtime":1699987162,"views":6,"p1id":"twilwind","p2id":"85792195wwww","formatid":"gen9nationaldexubers","rating":1533,"private":0,"password":""}