{"id":"gen9nationaldexubers-1987404221","p1":"yipiee","p2":"Sobbletrainerdj816","format":"[Gen 9] National Dex Ubers","log":"|j|\u2606yipiee\n|j|\u2606Sobbletrainerdj816\n|t:|1699586944\n|gametype|singles\n|player|p1|yipiee|102|1327\n|player|p2|Sobbletrainerdj816|alec-anime|1243\n|teamsize|p1|6\n|teamsize|p2|6\n|gen|9\n|tier|[Gen 9] National Dex Ubers\n|rated|\n|rule|HP Percentage Mod: HP is shown in percentages\n|rule|Endless Battle Clause: Forcing endless battles is banned\n|rule|OHKO Clause: OHKO moves are banned\n|rule|Evasion Moves Clause: Evasion moves are banned\n|rule|Evasion Items Clause: Evasion items are banned\n|rule|Species Clause: Limit one of each Pok\u00e9mon\n|rule|Sleep Clause Mod: Limit one foe put to sleep\n|rule|Mega Rayquaza Clause: You cannot mega evolve Rayquaza\n|clearpoke\n|poke|p1|Shuckle, F|\n|poke|p1|Dracovish|\n|poke|p1|Gholdengo|\n|poke|p1|Kyogre|\n|poke|p1|Arceus-Ground|\n|poke|p1|Rayquaza|\n|poke|p2|Blaziken, F|\n|poke|p2|Marshadow|\n|poke|p2|Flutter Mane|\n|poke|p2|Zygarde|\n|poke|p2|Zacian-*|\n|poke|p2|Kangaskhan, F|\n|teampreview\n|inactive|Battle timer is ON: inactive players will automatically lose when time's up. (requested by Sobbletrainerdj816)\n|\n|t:|1699586950\n|start\n|switch|p1a: Shuckle|Shuckle, F, shiny|100\/100\n|switch|p2a: Death|Blaziken, F|100\/100\n|turn|1\n|\n|t:|1699586961\n|move|p2a: Death|Hone Claws|p2a: Death\n|-boost|p2a: Death|atk|1\n|-boost|p2a: Death|accuracy|1\n|move|p1a: Shuckle|Sticky Web|p2a: Death\n|-sidestart|p2: Sobbletrainerdj816|move: Sticky Web\n|\n|-ability|p2a: Death|Speed Boost|boost\n|-boost|p2a: Death|spe|1\n|upkeep\n|turn|2\n|c|\u2606Sobbletrainerdj816|!weakness Shuckle\n|c| Sobbletrainerdj816|\/raw <div class=\"infobox\">Shuckle (ignoring abilities):<br \/><span class=\"message-effect-weak\">Weaknesses<\/span>: Rock, Steel, Water<br \/><span class=\"message-effect-resist\">Resistances<\/span>: Normal, Poison<br \/><span class=\"message-effect-immune\">Immunities<\/span>: Sandstorm damage<\/div>\n|\n|t:|1699586984\n|detailschange|p2a: Death|Blaziken-Mega, F\n|-mega|p2a: Death|Blaziken|Blazikenite\n|move|p2a: Death|Stone Edge|p1a: Shuckle\n|-supereffective|p1a: Shuckle\n|-damage|p1a: Shuckle|25\/100\n|move|p1a: Shuckle|Stealth Rock|p2a: Death\n|-sidestart|p2: Sobbletrainerdj816|move: Stealth Rock\n|\n|-ability|p2a: Death|Speed Boost|boost\n|-boost|p2a: Death|spe|1\n|upkeep\n|turn|3\n|\n|t:|1699586998\n|move|p2a: Death|Stone Edge|p1a: Shuckle\n|-supereffective|p1a: Shuckle\n|-damage|p1a: Shuckle|0 fnt\n|faint|p1a: Shuckle\n|\n|-ability|p2a: Death|Speed Boost|boost\n|-boost|p2a: Death|spe|1\n|upkeep\n|\n|t:|1699587009\n|switch|p1a: Dracovish|Dracovish, shiny|100\/100\n|turn|4\n|\n|t:|1699587020\n|move|p2a: Death|High Jump Kick|p1a: Dracovish\n|-damage|p1a: Dracovish|0 fnt\n|faint|p1a: Dracovish\n|\n|-ability|p2a: Death|Speed Boost|boost\n|-boost|p2a: Death|spe|1\n|upkeep\n|\n|t:|1699587038\n|switch|p1a: Rayquaza|Rayquaza, shiny|100\/100\n|-ability|p1a: Rayquaza|Air Lock\n|turn|5\n|\n|t:|1699587043\n|-terastallize|p1a: Rayquaza|Normal\n|move|p2a: Death|Stone Edge|p1a: Rayquaza\n|-damage|p1a: Rayquaza|31\/100\n|move|p1a: Rayquaza|Earthquake|p2a: Death\n|-supereffective|p2a: Death\n|-damage|p2a: Death|0 fnt\n|faint|p2a: Death\n|\n|upkeep\n|\n|t:|1699587058\n|switch|p2a: Transformer|Zygarde|100\/100\n|-activate|p2a: Transformer|move: Sticky Web\n|-unboost|p2a: Transformer|spe|1\n|-damage|p2a: Transformer|94\/100|[from] Stealth Rock\n|turn|6\n|\n|t:|1699587085\n|move|p1a: Rayquaza|Extreme Speed|p2a: Transformer\n|-damage|p2a: Transformer|56\/100\n|move|p2a: Transformer|Dragon Dance|p2a: Transformer\n|-boost|p2a: Transformer|atk|1\n|-boost|p2a: Transformer|spe|1\n|\n|-heal|p2a: Transformer|62\/100|[from] item: Leftovers\n|upkeep\n|turn|7\n|\n|t:|1699587097\n|move|p2a: Transformer|Extreme Speed|p1a: Rayquaza\n|-damage|p1a: Rayquaza|0 fnt\n|faint|p1a: Rayquaza\n|\n|-heal|p2a: Transformer|69\/100|[from] item: Leftovers\n|upkeep\n|\n|t:|1699587102\n|switch|p1a: Arceus|Arceus-Ground|100\/100\n|turn|8\n|\n|t:|1699587114\n|move|p1a: Arceus|Ice Beam|p2a: Transformer\n|-supereffective|p2a: Transformer\n|-damage|p2a: Transformer|0 fnt\n|faint|p2a: Transformer\n|\n|upkeep\n|\n|t:|1699587122\n|switch|p2a: Mom-kid|Kangaskhan, F|100\/100\n|-activate|p2a: Mom-kid|move: Sticky Web\n|-unboost|p2a: Mom-kid|spe|1\n|-damage|p2a: Mom-kid|88\/100|[from] Stealth Rock\n|turn|9\n|\n|t:|1699587142\n|switch|p1a: Gholdengo|Gholdengo|100\/100\n|-item|p1a: Gholdengo|Air Balloon\n|move|p2a: Mom-kid|Fake Out|p1a: Gholdengo\n|-immune|p1a: Gholdengo\n|\n|upkeep\n|turn|10\n|\n|t:|1699587157\n|switch|p2a: Dog-sh*t|Zacian-Crowned|100\/100\n|-activate|p2a: Dog-sh*t|move: Sticky Web\n|-unboost|p2a: Dog-sh*t|spe|1\n|-damage|p2a: Dog-sh*t|94\/100|[from] Stealth Rock\n|-ability|p2a: Dog-sh*t|Intrepid Sword|boost\n|-boost|p2a: Dog-sh*t|atk|1\n|move|p1a: Gholdengo|Thunder Wave|p2a: Dog-sh*t\n|-status|p2a: Dog-sh*t|par\n|\n|upkeep\n|turn|11\n|\n|t:|1699587174\n|move|p1a: Gholdengo|Shadow Ball|p2a: Dog-sh*t\n|-damage|p2a: Dog-sh*t|64\/100 par\n|move|p2a: Dog-sh*t|Behemoth Blade|p1a: Gholdengo\n|-resisted|p1a: Gholdengo\n|-damage|p1a: Gholdengo|70\/100\n|-enditem|p1a: Gholdengo|Air Balloon\n|\n|upkeep\n|turn|12\n|\n|t:|1699587184\n|move|p1a: Gholdengo|Shadow Ball|p2a: Dog-sh*t\n|-damage|p2a: Dog-sh*t|31\/100 par\n|move|p2a: Dog-sh*t|Behemoth Blade|p1a: Gholdengo\n|-resisted|p1a: Gholdengo\n|-damage|p1a: Gholdengo|39\/100\n|\n|upkeep\n|turn|13\n|\n|t:|1699587192\n|move|p1a: Gholdengo|Recover|p1a: Gholdengo\n|-heal|p1a: Gholdengo|89\/100\n|move|p2a: Dog-sh*t|Behemoth Blade|p1a: Gholdengo\n|-resisted|p1a: Gholdengo\n|-damage|p1a: Gholdengo|57\/100\n|\n|upkeep\n|turn|14\n|\n|t:|1699587198\n|move|p1a: Gholdengo|Recover|p1a: Gholdengo\n|-heal|p1a: Gholdengo|100\/100\n|move|p2a: Dog-sh*t|Behemoth Blade|p1a: Gholdengo\n|-resisted|p1a: Gholdengo\n|-damage|p1a: Gholdengo|69\/100\n|\n|upkeep\n|turn|15\n|\n|t:|1699587205\n|move|p1a: Gholdengo|Shadow Ball|p2a: Dog-sh*t\n|-damage|p2a: Dog-sh*t|0 fnt\n|faint|p2a: Dog-sh*t\n|\n|upkeep\n|\n|t:|1699587209\n|switch|p2a: Ghost|Flutter Mane|100\/100\n|-activate|p2a: Ghost|move: Sticky Web\n|-unboost|p2a: Ghost|spe|1\n|-damage|p2a: Ghost|88\/100|[from] Stealth Rock\n|-enditem|p2a: Ghost|Booster Energy\n|-activate|p2a: Ghost|ability: Protosynthesis|[fromitem]\n|-start|p2a: Ghost|protosynthesisspa\n|turn|16\n|\n|t:|1699587222\n|move|p2a: Ghost|Shadow Ball|p1a: Gholdengo\n|-supereffective|p1a: Gholdengo\n|-damage|p1a: Gholdengo|0 fnt\n|faint|p1a: Gholdengo\n|\n|upkeep\n|\n|t:|1699587227\n|switch|p1a: Kyogre|Kyogre|100\/100\n|-weather|RainDance|[from] ability: Drizzle|[of] p1a: Kyogre\n|turn|17\n|\n|t:|1699587233\n|move|p1a: Kyogre|Water Spout|p2a: Ghost\n|-damage|p2a: Ghost|0 fnt\n|faint|p2a: Ghost\n|-end|p2a: Ghost|Protosynthesis|[silent]\n|\n|-weather|RainDance|[upkeep]\n|upkeep\n|\n|t:|1699587240\n|switch|p2a: Mom-kid|Kangaskhan, F|88\/100\n|-activate|p2a: Mom-kid|move: Sticky Web\n|-unboost|p2a: Mom-kid|spe|1\n|-damage|p2a: Mom-kid|76\/100|[from] Stealth Rock\n|turn|18\n|\n|t:|1699587245\n|move|p2a: Mom-kid|Fake Out|p1a: Kyogre\n|-damage|p1a: Kyogre|81\/100\n|cant|p1a: Kyogre|flinch\n|\n|-weather|RainDance|[upkeep]\n|upkeep\n|turn|19\n|\n|t:|1699587250\n|move|p1a: Kyogre|Water Spout|p2a: Mom-kid\n|-damage|p2a: Mom-kid|0 fnt\n|faint|p2a: Mom-kid\n|\n|-weather|RainDance|[upkeep]\n|upkeep\n|\n|t:|1699587255\n|switch|p2a: Child|Marshadow|100\/100\n|-activate|p2a: Child|move: Sticky Web\n|-unboost|p2a: Child|spe|1\n|-damage|p2a: Child|94\/100|[from] Stealth Rock\n|turn|20\n|\n|t:|1699587261\n|move|p1a: Kyogre|Water Spout|p2a: Child\n|-damage|p2a: Child|0 fnt\n|faint|p2a: Child\n|\n|win|yipiee\n|raw|yipiee's rating: 1327 &rarr; <strong>1342<\/strong><br \/>(+15 for winning)\n|raw|Sobbletrainerdj816's rating: 1243 &rarr; <strong>1224<\/strong><br \/>(-19 for losing)\n|l|\u2606Sobbletrainerdj816\n","uploadtime":1699587270,"views":5,"p1id":"yipiee","p2id":"sobbletrainerdj816","formatid":"gen9nationaldexubers","rating":1224,"private":0,"password":""}