{"id":"gen9nationaldexubers-1993622596","p1":"WishesArePure","p2":"PokemonLoverFairy","format":"[Gen 9] National Dex Ubers","log":"|j|\u2606WishesArePure\n|j|\u2606PokemonLoverFairy\n|t:|1700338555\n|gametype|singles\n|player|p1|WishesArePure|iris|1187\n|player|p2|PokemonLoverFairy|170|1172\n|teamsize|p1|6\n|teamsize|p2|6\n|gen|9\n|tier|[Gen 9] National Dex Ubers\n|rated|\n|rule|HP Percentage Mod: HP is shown in percentages\n|rule|Endless Battle Clause: Forcing endless battles is banned\n|rule|OHKO Clause: OHKO moves are banned\n|rule|Evasion Moves Clause: Evasion moves are banned\n|rule|Evasion Items Clause: Evasion items are banned\n|rule|Species Clause: Limit one of each Pok\u00e9mon\n|rule|Sleep Clause Mod: Limit one foe put to sleep\n|rule|Mega Rayquaza Clause: You cannot mega evolve Rayquaza\n|clearpoke\n|poke|p1|Cinderace, F|\n|poke|p1|Iron Valiant|\n|poke|p1|Ceruledge, F|\n|poke|p1|Greninja-*, M|\n|poke|p1|Lopunny, F|\n|poke|p1|Shaymin-Sky|\n|poke|p2|Xerneas-*|\n|poke|p2|Calyrex-Ice|\n|poke|p2|Gardevoir, M|\n|poke|p2|Groudon|\n|poke|p2|Salamence, F|\n|poke|p2|Deoxys-Attack|\n|teampreview\n|\n|t:|1700338563\n|start\n|switch|p1a: Oh lord have mercy|Lopunny, F|100\/100\n|switch|p2a: Deoxys|Deoxys-Attack|100\/100\n|-ability|p2a: Deoxys|Pressure\n|turn|1\n|\n|t:|1700338576\n|move|p1a: Oh lord have mercy|Fake Out|p2a: Deoxys\n|-damage|p2a: Deoxys|57\/100\n|cant|p2a: Deoxys|flinch\n|\n|-heal|p2a: Deoxys|63\/100|[from] item: Leftovers\n|upkeep\n|turn|2\n|\n|t:|1700338598\n|switch|p2a: Groudon|Groudon, shiny|100\/100\n|detailschange|p2a: Groudon|Groudon-Primal, shiny\n|-primal|p2a: Groudon|Red Orb\n|-weather|DesolateLand|[from] ability: Desolate Land|[of] p2a: Groudon\n|detailschange|p1a: Oh lord have mercy|Lopunny-Mega, F\n|-mega|p1a: Oh lord have mercy|Lopunny|Lopunnite\n|move|p1a: Oh lord have mercy|Last Resort|p2a: Groudon\n|-damage|p2a: Groudon|50\/100\n|\n|-weather|DesolateLand|[upkeep]\n|upkeep\n|turn|3\n|\n|t:|1700338610\n|move|p1a: Oh lord have mercy|Last Resort|p2a: Groudon\n|-damage|p2a: Groudon|1\/100\n|move|p2a: Groudon|Precipice Blades|p1a: Oh lord have mercy|[miss]\n|-miss|p2a: Groudon|p1a: Oh lord have mercy\n|\n|-weather|DesolateLand|[upkeep]\n|upkeep\n|turn|4\n|\n|t:|1700338622\n|move|p1a: Oh lord have mercy|Last Resort|p2a: Groudon\n|-damage|p2a: Groudon|0 fnt\n|faint|p2a: Groudon\n|-weather|none\n|\n|upkeep\n|c|\u2606PokemonLoverFairy|how\n|\n|t:|1700338635\n|switch|p2a: Xerneas|Xerneas|100\/100\n|-ability|p2a: Xerneas|Fairy Aura\n|turn|5\n|c|\u2606WishesArePure|wdym\n|c|\u2606PokemonLoverFairy|how did you finish my groundon\n|c|\u2606WishesArePure|with a move\n|\n|t:|1700338665\n|switch|p1a: Balls|Cinderace, F|100\/100\n|switch|p2a: Salamence|Salamence, F|100\/100\n|-ability|p2a: Salamence|Intimidate|boost\n|-unboost|p1a: Balls|atk|1\n|\n|upkeep\n|turn|6\n|\n|t:|1700338677\n|detailschange|p2a: Salamence|Salamence-Mega, F\n|-mega|p2a: Salamence|Salamence|Salamencite\n|move|p2a: Salamence|Draco Meteor|p1a: Balls\n|-damage|p1a: Balls|33\/100\n|-unboost|p2a: Salamence|spa|2\n|move|p1a: Balls|U-turn|p2a: Salamence\n|-start|p1a: Balls|typechange|Bug|[from] ability: Libero\n|-resisted|p2a: Salamence\n|-damage|p2a: Salamence|92\/100\n|\n|t:|1700338687\n|switch|p1a: Shaymin|Shaymin-Sky|100\/100|[from] U-turn\n|\n|upkeep\n|turn|7\n|c|\u2606WishesArePure|cool salamence\n|c|\u2606PokemonLoverFairy|thanks\n|\n|t:|1700338714\n|switch|p2a: Gardevoir|Gardevoir, M|100\/100\n|-ability|p2a: Gardevoir|Serene Grace|[from] ability: Trace|[of] p1a: Shaymin\n|-terastallize|p1a: Shaymin|Ice\n|move|p1a: Shaymin|Tera Blast|p2a: Gardevoir|[anim] Tera Blast Ice\n|-damage|p2a: Gardevoir|35\/100\n|\n|upkeep\n|turn|8\n|\n|t:|1700338726\n|move|p2a: Gardevoir|Protect|p2a: Gardevoir\n|-singleturn|p2a: Gardevoir|Protect\n|move|p1a: Shaymin|Tera Blast|p2a: Gardevoir|[anim] Tera Blast Ice\n|-activate|p2a: Gardevoir|move: Protect\n|\n|upkeep\n|turn|9\n|\n|t:|1700338731\n|move|p1a: Shaymin|Tera Blast|p2a: Gardevoir|[anim] Tera Blast Ice\n|-damage|p2a: Gardevoir|0 fnt\n|faint|p2a: Gardevoir\n|\n|upkeep\n|\n|t:|1700338746\n|switch|p2a: Calyrex|Calyrex-Ice|100\/100\n|-ability|p2a: Calyrex|As One\n|-ability|p2a: Calyrex|Unnerve\n|turn|10\n|\n|t:|1700338763\n|switch|p1a: Burn baby burn|Ceruledge, F|100\/100\n|move|p2a: Calyrex|Giga Drain|p1a: Burn baby burn\n|-resisted|p1a: Burn baby burn\n|-damage|p1a: Burn baby burn|92\/100\n|\n|upkeep\n|turn|11\n|\n|t:|1700338770\n|move|p1a: Burn baby burn|Bitter Blade|p2a: Calyrex\n|-supereffective|p2a: Calyrex\n|-damage|p2a: Calyrex|20\/100\n|-heal|p1a: Burn baby burn|100\/100|[from] drain|[of] p2a: Calyrex\n|move|p2a: Calyrex|Stomping Tantrum|p1a: Burn baby burn\n|-supereffective|p1a: Burn baby burn\n|-damage|p1a: Burn baby burn|26\/100\n|-ability|p1a: Burn baby burn|Weak Armor|boost\n|-unboost|p1a: Burn baby burn|def|1\n|-boost|p1a: Burn baby burn|spe|2\n|\n|-heal|p2a: Calyrex|26\/100|[from] item: Leftovers\n|upkeep\n|turn|12\n|\n|t:|1700338783\n|move|p1a: Burn baby burn|Bitter Blade|p2a: Calyrex\n|-supereffective|p2a: Calyrex\n|-damage|p2a: Calyrex|0 fnt\n|-heal|p1a: Burn baby burn|41\/100|[from] drain|[of] p2a: Calyrex\n|faint|p2a: Calyrex\n|\n|upkeep\n|\n|t:|1700338790\n|switch|p2a: Xerneas|Xerneas|100\/100\n|-ability|p2a: Xerneas|Fairy Aura\n|turn|13\n|\n|t:|1700338796\n|move|p1a: Burn baby burn|Bitter Blade|p2a: Xerneas\n|-damage|p2a: Xerneas|43\/100\n|-heal|p1a: Burn baby burn|81\/100|[from] drain|[of] p2a: Xerneas\n|move|p2a: Xerneas|Moonblast|p1a: Burn baby burn\n|-resisted|p1a: Burn baby burn\n|-damage|p1a: Burn baby burn|46\/100\n|\n|upkeep\n|turn|14\n|-message|PokemonLoverFairy forfeited.\n|\n|win|WishesArePure\n|raw|WishesArePure's rating: 1187 &rarr; <strong>1211<\/strong><br \/>(+24 for winning)\n|raw|PokemonLoverFairy's rating: 1172 &rarr; <strong>1148<\/strong><br \/>(-24 for losing)\n|l|\u2606PokemonLoverFairy\n|c|\u2606WishesArePure|gg\n","uploadtime":1700338841,"views":8,"p1id":"wishesarepure","p2id":"pokemonloverfairy","formatid":"gen9nationaldexubers","rating":1148,"private":0,"password":""}