{"id":"gen9nationaldexubers-1981038959","p1":"THD48","p2":"arrdamoin","format":"[Gen 9] National Dex Ubers","log":"|j|\u2606THD48\n|j|\u2606arrdamoin\n|t:|1698858767\n|gametype|singles\n|player|p1|THD48|265|\n|player|p2|arrdamoin|flint|\n|teamsize|p1|6\n|teamsize|p2|6\n|gen|9\n|tier|[Gen 9] National Dex Ubers\n|rule|HP Percentage Mod: HP is shown in percentages\n|rule|Endless Battle Clause: Forcing endless battles is banned\n|rule|OHKO Clause: OHKO moves are banned\n|rule|Evasion Moves Clause: Evasion moves are banned\n|rule|Evasion Items Clause: Evasion items are banned\n|rule|Species Clause: Limit one of each Pok\u00e9mon\n|rule|Sleep Clause Mod: Limit one foe put to sleep\n|rule|Mega Rayquaza Clause: You cannot mega evolve Rayquaza\n|clearpoke\n|poke|p1|Walking Wake|\n|poke|p1|Great Tusk|\n|poke|p1|Malamar, M|\n|poke|p1|Ninetales, M|\n|poke|p1|Kilowattrel, F|\n|poke|p1|Durant, M|\n|poke|p2|Palafin, M|\n|poke|p2|Cinderace, F|\n|poke|p2|Cresselia, F|\n|poke|p2|Gastrodon, M|\n|poke|p2|Weezing-Galar, F|\n|poke|p2|Jolteon, M|\n|teampreview\n|c|\u2606arrdamoin|hf\n|c|\u2606THD48|u2\n|\n|t:|1698858811\n|start\n|switch|p1a: Malamar|Malamar, M|100\/100\n|switch|p2a: Cresselia|Cresselia, F|100\/100\n|turn|1\n|\n|t:|1698858820\n|switch|p2a: Weezing|Weezing-Galar, F|100\/100\n|-ability|p2a: Weezing|Neutralizing Gas\n|move|p1a: Malamar|Superpower|p2a: Weezing\n|-resisted|p2a: Weezing\n|-damage|p2a: Weezing|95\/100\n|-unboost|p1a: Malamar|atk|1\n|-unboost|p1a: Malamar|def|1\n|-damage|p1a: Malamar|84\/100|[from] item: Rocky Helmet|[of] p2a: Weezing\n|\n|-heal|p1a: Malamar|90\/100|[from] item: Leftovers\n|upkeep\n|turn|2\n|j| BeniSama\n|\n|t:|1698858851\n|switch|p1a: Durant|Durant, M|100\/100\n|-end|p2a: Weezing|ability: Neutralizing Gas\n|switch|p2a: Cinderace|Cinderace, F|100\/100\n|\n|upkeep\n|turn|3\n|c|\u2606THD48|i was so confused for a sec\n|\n|t:|1698858867\n|switch|p1a: Great Tusk|Great Tusk|100\/100\n|move|p2a: Cinderace|Pyro Ball|p1a: Great Tusk\n|-damage|p1a: Great Tusk|66\/100\n|\n|-heal|p1a: Great Tusk|72\/100|[from] item: Leftovers\n|upkeep\n|turn|4\n|\n|t:|1698858885\n|-end|p1a: Great Tusk|Protosynthesis|[silent]\n|switch|p1a: Durant|Durant, M|100\/100\n|move|p2a: Cinderace|U-turn|p1a: Durant\n|-start|p2a: Cinderace|typechange|Bug|[from] ability: Libero\n|-resisted|p1a: Durant\n|-damage|p1a: Durant|80\/100\n|\n|t:|1698858891\n|switch|p2a: Cresselia|Cresselia, F|100\/100|[from] U-turn\n|\n|upkeep\n|turn|5\n|\n|t:|1698858899\n|-terastallize|p2a: Cresselia|Poison\n|move|p1a: Durant|First Impression|p2a: Cresselia\n|-resisted|p2a: Cresselia\n|-damage|p2a: Cresselia|80\/100\n|move|p2a: Cresselia|Hidden Power|p1a: Durant\n|-supereffective|p1a: Durant\n|-damage|p1a: Durant|0 fnt\n|faint|p1a: Durant\n|\n|-heal|p2a: Cresselia|86\/100|[from] item: Leftovers\n|upkeep\n|\n|t:|1698858909\n|switch|p1a: Malamar|Malamar, M|90\/100\n|turn|6\n|\n|t:|1698858914\n|switch|p2a: Cinderace|Cinderace, F|100\/100\n|move|p1a: Malamar|Psycho Cut|p2a: Cinderace\n|-damage|p2a: Cinderace|57\/100\n|\n|-heal|p1a: Malamar|96\/100|[from] item: Leftovers\n|upkeep\n|turn|7\n|\n|t:|1698858922\n|switch|p1a: Great Tusk|Great Tusk|72\/100\n|move|p2a: Cinderace|U-turn|p1a: Great Tusk\n|-start|p2a: Cinderace|typechange|Bug|[from] ability: Libero\n|-resisted|p1a: Great Tusk\n|-damage|p1a: Great Tusk|62\/100\n|\n|t:|1698858933\n|switch|p2a: Palafin|Palafin, M|100\/100|[from] U-turn\n|\n|-heal|p1a: Great Tusk|68\/100|[from] item: Leftovers\n|upkeep\n|turn|8\n|\n|t:|1698858939\n|detailschange|p2a: Palafin|Palafin-Hero, M\n|switch|p2a: Cresselia|Cresselia, F, tera:Poison|86\/100\n|-end|p1a: Great Tusk|Protosynthesis|[silent]\n|switch|p1a: Ninetales|Ninetales, M|100\/100\n|-weather|SunnyDay|[from] ability: Drought|[of] p1a: Ninetales\n|\n|-weather|SunnyDay|[upkeep]\n|-heal|p2a: Cresselia|92\/100|[from] item: Leftovers\n|upkeep\n|turn|9\n|\n|t:|1698858948\n|move|p1a: Ninetales|Overheat|p2a: Cresselia|[miss]\n|-miss|p1a: Ninetales|p2a: Cresselia\n|move|p2a: Cresselia|Thunder Wave|p1a: Ninetales\n|-status|p1a: Ninetales|par\n|\n|-weather|SunnyDay|[upkeep]\n|-heal|p2a: Cresselia|98\/100|[from] item: Leftovers\n|upkeep\n|turn|10\n|\n|t:|1698858972\n|switch|p2a: Palafin|Palafin-Hero, M|100\/100\n|-activate|p2a: Palafin|ability: Zero to Hero\n|switch|p1a: Malamar|Malamar, M|96\/100\n|\n|-weather|SunnyDay|[upkeep]\n|-heal|p1a: Malamar|100\/100|[from] item: Leftovers\n|upkeep\n|turn|11\n|\n|t:|1698858982\n|-terastallize|p1a: Malamar|Water\n|move|p2a: Palafin|Flip Turn|p1a: Malamar\n|-resisted|p1a: Malamar\n|-damage|p1a: Malamar|91\/100\n|\n|t:|1698858989\n|switch|p2a: Weezing|Weezing-Galar, F|95\/100|[from] Flip Turn\n|-ability|p2a: Weezing|Neutralizing Gas\n|move|p1a: Malamar|Superpower|p2a: Weezing\n|-resisted|p2a: Weezing\n|-damage|p2a: Weezing|89\/100\n|-unboost|p1a: Malamar|atk|1\n|-unboost|p1a: Malamar|def|1\n|-damage|p1a: Malamar|74\/100|[from] item: Rocky Helmet|[of] p2a: Weezing\n|\n|-weather|SunnyDay|[upkeep]\n|-heal|p1a: Malamar|80\/100|[from] item: Leftovers\n|upkeep\n|turn|12\n|\n|t:|1698859001\n|switch|p1a: Ninetales|Ninetales, M|100\/100 par\n|move|p2a: Weezing|Sludge Bomb|p1a: Ninetales\n|-damage|p1a: Ninetales|82\/100 par\n|\n|-weather|none\n|upkeep\n|turn|13\n|\n|t:|1698859009\n|-end|p2a: Weezing|ability: Neutralizing Gas\n|-weather|SunnyDay|[from] ability: Drought|[of] p1a: Ninetales\n|switch|p2a: Palafin|Palafin-Hero, M|100\/100\n|move|p1a: Ninetales|Overheat|p2a: Palafin\n|-resisted|p2a: Palafin\n|-damage|p2a: Palafin|76\/100\n|-unboost|p1a: Ninetales|spa|2\n|\n|-weather|SunnyDay|[upkeep]\n|upkeep\n|turn|14\n|\n|t:|1698859019\n|switch|p1a: Malamar|Malamar, M, tera:Water|80\/100\n|move|p2a: Palafin|Flip Turn|p1a: Malamar\n|-resisted|p1a: Malamar\n|-damage|p1a: Malamar|70\/100\n|\n|t:|1698859023\n|switch|p2a: Jolteon|Jolteon, M|100\/100|[from] Flip Turn\n|\n|-weather|SunnyDay|[upkeep]\n|-heal|p1a: Malamar|76\/100|[from] item: Leftovers\n|upkeep\n|turn|15\n|\n|t:|1698859030\n|switch|p1a: Kilowattrel|Kilowattrel, F|100\/100\n|move|p2a: Jolteon|Substitute|p2a: Jolteon\n|-start|p2a: Jolteon|Substitute\n|-damage|p2a: Jolteon|76\/100\n|\n|-weather|SunnyDay|[upkeep]\n|upkeep\n|turn|16\n|\n|t:|1698859038\n|move|p2a: Jolteon|Calm Mind|p2a: Jolteon\n|-boost|p2a: Jolteon|spa|1\n|-boost|p2a: Jolteon|spd|1\n|move|p1a: Kilowattrel|Hurricane|p2a: Jolteon|[miss]\n|-miss|p1a: Kilowattrel|p2a: Jolteon\n|\n|-weather|SunnyDay|[upkeep]\n|upkeep\n|turn|17\n|\n|t:|1698859048\n|move|p2a: Jolteon|Calm Mind|p2a: Jolteon\n|-boost|p2a: Jolteon|spa|1\n|-boost|p2a: Jolteon|spd|1\n|move|p1a: Kilowattrel|Hurricane|p2a: Jolteon\n|-resisted|p2a: Jolteon\n|-activate|p2a: Jolteon|move: Substitute|[damage]\n|\n|-weather|none\n|upkeep\n|turn|18\n|\n|t:|1698859057\n|switch|p1a: Great Tusk|Great Tusk|68\/100\n|move|p2a: Jolteon|Calm Mind|p2a: Jolteon\n|-boost|p2a: Jolteon|spa|1\n|-boost|p2a: Jolteon|spd|1\n|\n|-heal|p1a: Great Tusk|75\/100|[from] item: Leftovers\n|upkeep\n|turn|19\n|\n|t:|1698859064\n|move|p2a: Jolteon|Stored Power|p1a: Great Tusk\n|-supereffective|p1a: Great Tusk\n|-damage|p1a: Great Tusk|0 fnt\n|faint|p1a: Great Tusk\n|-end|p1a: Great Tusk|Protosynthesis|[silent]\n|\n|upkeep\n|\n|t:|1698859070\n|switch|p1a: Ninetales|Ninetales, M|82\/100 par\n|-weather|SunnyDay|[from] ability: Drought|[of] p1a: Ninetales\n|turn|20\n|\n|t:|1698859087\n|move|p2a: Jolteon|Thunderbolt|p1a: Ninetales\n|-damage|p1a: Ninetales|17\/100 par\n|move|p1a: Ninetales|Overheat|p2a: Jolteon\n|-end|p2a: Jolteon|Substitute\n|-unboost|p1a: Ninetales|spa|2\n|\n|-weather|SunnyDay|[upkeep]\n|upkeep\n|turn|21\n|\n|t:|1698859094\n|move|p2a: Jolteon|Substitute|p2a: Jolteon\n|-start|p2a: Jolteon|Substitute\n|-damage|p2a: Jolteon|51\/100\n|cant|p1a: Ninetales|par\n|\n|-weather|SunnyDay|[upkeep]\n|upkeep\n|turn|22\n|\n|t:|1698859099\n|move|p2a: Jolteon|Thunderbolt|p1a: Ninetales\n|-damage|p1a: Ninetales|0 fnt\n|faint|p1a: Ninetales\n|\n|-weather|SunnyDay|[upkeep]\n|upkeep\n|\n|t:|1698859106\n|switch|p1a: Walking Wake|Walking Wake|100\/100\n|-activate|p1a: Walking Wake|ability: Protosynthesis\n|-start|p1a: Walking Wake|protosynthesisspa\n|turn|23\n|\n|t:|1698859110\n|move|p1a: Walking Wake|Flip Turn|p2a: Jolteon\n|-activate|p2a: Jolteon|move: Substitute|[damage]\n|\n|t:|1698859113\n|-end|p1a: Walking Wake|Protosynthesis|[silent]\n|switch|p1a: Kilowattrel|Kilowattrel, F|100\/100|[from] Flip Turn\n|move|p2a: Jolteon|Thunderbolt|p1a: Kilowattrel\n|-immune|p1a: Kilowattrel|[from] ability: Volt Absorb\n|\n|-weather|SunnyDay|[upkeep]\n|upkeep\n|turn|24\n|\n|t:|1698859120\n|move|p2a: Jolteon|Stored Power|p1a: Kilowattrel\n|-damage|p1a: Kilowattrel|0 fnt\n|faint|p1a: Kilowattrel\n|\n|-weather|none\n|upkeep\n|\n|t:|1698859126\n|switch|p1a: Walking Wake|Walking Wake|100\/100\n|turn|25\n|\n|t:|1698859129\n|move|p1a: Walking Wake|Flip Turn|p2a: Jolteon\n|-end|p2a: Jolteon|Substitute\n|\n|t:|1698859132\n|-end|p1a: Walking Wake|Protosynthesis|[silent]\n|switch|p1a: Malamar|Malamar, M, tera:Water|76\/100|[from] Flip Turn\n|move|p2a: Jolteon|Substitute|p2a: Jolteon\n|-start|p2a: Jolteon|Substitute\n|-damage|p2a: Jolteon|26\/100\n|\n|-heal|p1a: Malamar|82\/100|[from] item: Leftovers\n|upkeep\n|turn|26\n|\n|t:|1698859140\n|move|p2a: Jolteon|Thunderbolt|p1a: Malamar\n|-supereffective|p1a: Malamar\n|-damage|p1a: Malamar|0 fnt\n|faint|p1a: Malamar\n|\n|upkeep\n|c|\u2606arrdamoin|gg\n|\n|t:|1698859144\n|switch|p1a: Walking Wake|Walking Wake|100\/100\n|turn|27\n|c|\u2606THD48|gg\n|\n|t:|1698859149\n|move|p1a: Walking Wake|Draco Meteor|p2a: Jolteon\n|-end|p2a: Jolteon|Substitute\n|-unboost|p1a: Walking Wake|spa|2\n|-zpower|p2a: Jolteon\n|move|p2a: Jolteon|Shattered Psyche|p1a: Walking Wake|[zeffect]\n|-damage|p1a: Walking Wake|0 fnt\n|faint|p1a: Walking Wake\n|-end|p1a: Walking Wake|Protosynthesis|[silent]\n|\n|win|arrdamoin\n","uploadtime":1698859159,"views":40,"p1id":"thd48","p2id":"arrdamoin","formatid":"gen9nationaldexubers","rating":0,"private":0,"password":""}