{"id":"gen9nationaldexubers-1994103328","p1":"UltraFIRAT","p2":"Spiderpool57","format":"[Gen 9] National Dex Ubers","log":"|j|\u2606UltraFIRAT\n|j|\u2606Spiderpool57\n|t:|1700407220\n|gametype|singles\n|player|p1|UltraFIRAT|rosa|1141\n|player|p2|Spiderpool57|266|1050\n|teamsize|p1|6\n|teamsize|p2|6\n|gen|9\n|tier|[Gen 9] National Dex Ubers\n|rated|\n|rule|HP Percentage Mod: HP is shown in percentages\n|rule|Endless Battle Clause: Forcing endless battles is banned\n|rule|OHKO Clause: OHKO moves are banned\n|rule|Evasion Moves Clause: Evasion moves are banned\n|rule|Evasion Items Clause: Evasion items are banned\n|rule|Species Clause: Limit one of each Pok\u00e9mon\n|rule|Sleep Clause Mod: Limit one foe put to sleep\n|rule|Mega Rayquaza Clause: You cannot mega evolve Rayquaza\n|clearpoke\n|poke|p1|Garchomp, F|\n|poke|p1|Crobat, M|\n|poke|p1|Aegislash, M|\n|poke|p1|Mimikyu, M|\n|poke|p1|Groudon|\n|poke|p1|Kyogre|\n|poke|p2|Feraligatr, M|\n|poke|p2|Kyogre|\n|poke|p2|Tornadus, M|\n|poke|p2|Ogerpon-Wellspring, F|\n|poke|p2|Blastoise, M|\n|poke|p2|Primarina, F|\n|teampreview\n|\n|t:|1700407239\n|start\n|switch|p1a: Mimikyu|Mimikyu, M|100\/100\n|switch|p2a: Kyogre|Kyogre, shiny|100\/100\n|detailschange|p2a: Kyogre|Kyogre-Primal, shiny\n|-primal|p2a: Kyogre|Blue Orb\n|-weather|PrimordialSea|[from] ability: Primordial Sea|[of] p2a: Kyogre\n|turn|1\n|inactive|Battle timer is ON: inactive players will automatically lose when time's up. (requested by Spiderpool57)\n|\n|t:|1700407251\n|move|p1a: Mimikyu|Swords Dance|p1a: Mimikyu\n|-boost|p1a: Mimikyu|atk|2\n|move|p2a: Kyogre|Water Spout|p1a: Mimikyu\n|-activate|p1a: Mimikyu|ability: Disguise\n|-damage|p1a: Mimikyu|100\/100\n|detailschange|p1a: Mimikyu|Mimikyu-Busted, M\n|-damage|p1a: Mimikyu|88\/100|[from] pokemon: Mimikyu-Busted\n|\n|-weather|PrimordialSea|[upkeep]\n|-heal|p1a: Mimikyu|94\/100|[from] item: Leftovers\n|upkeep\n|turn|2\n|\n|t:|1700407263\n|move|p1a: Mimikyu|Drain Punch|p2a: Kyogre\n|-damage|p2a: Kyogre|59\/100\n|-heal|p1a: Mimikyu|100\/100|[from] drain|[of] p2a: Kyogre\n|move|p2a: Kyogre|Water Spout|p1a: Mimikyu\n|-damage|p1a: Mimikyu|0 fnt\n|faint|p1a: Mimikyu\n|\n|-weather|PrimordialSea|[upkeep]\n|upkeep\n|\n|t:|1700407273\n|switch|p1a: Kyogre|Kyogre|100\/100\n|detailschange|p1a: Kyogre|Kyogre-Primal\n|-primal|p1a: Kyogre|Blue Orb\n|turn|3\n|\n|t:|1700407276\n|move|p2a: Kyogre|Thunder|p1a: Kyogre\n|-supereffective|p1a: Kyogre\n|-damage|p1a: Kyogre|37\/100\n|move|p1a: Kyogre|Thunder|p2a: Kyogre\n|-supereffective|p2a: Kyogre\n|-damage|p2a: Kyogre|0 fnt\n|faint|p2a: Kyogre\n|\n|-weather|PrimordialSea|[upkeep]\n|upkeep\n|\n|t:|1700407281\n|switch|p2a: Ogerpon|Ogerpon-Wellspring, F|100\/100\n|turn|4\n|\n|t:|1700407299\n|-weather|none\n|switch|p1a: Crobat|Crobat, M|100\/100\n|move|p2a: Ogerpon|Horn Leech|p1a: Crobat\n|-resisted|p1a: Crobat\n|-damage|p1a: Crobat|88\/100\n|\n|-heal|p1a: Crobat|95\/100|[from] item: Leftovers\n|upkeep\n|turn|5\n|\n|t:|1700407308\n|switch|p2a: Feraligatr|Feraligatr, M, shiny|100\/100\n|move|p1a: Crobat|Brave Bird|p2a: Feraligatr\n|-damage|p2a: Feraligatr|53\/100\n|-damage|p1a: Crobat|82\/100|[from] Recoil\n|\n|-heal|p1a: Crobat|88\/100|[from] item: Leftovers\n|upkeep\n|turn|6\n|\n|t:|1700407316\n|move|p1a: Crobat|Brave Bird|p2a: Feraligatr\n|-damage|p2a: Feraligatr|0 fnt\n|faint|p2a: Feraligatr\n|-damage|p1a: Crobat|73\/100|[from] Recoil\n|\n|-heal|p1a: Crobat|79\/100|[from] item: Leftovers\n|upkeep\n|\n|t:|1700407322\n|switch|p2a: Blastoise|Blastoise, M, shiny|100\/100\n|turn|7\n|\n|t:|1700407331\n|detailschange|p2a: Blastoise|Blastoise-Mega, M, shiny\n|-mega|p2a: Blastoise|Blastoise|Blastoisinite\n|move|p1a: Crobat|Brave Bird|p2a: Blastoise\n|-damage|p2a: Blastoise|56\/100\n|-damage|p1a: Crobat|65\/100|[from] Recoil\n|move|p2a: Blastoise|Aura Sphere|p1a: Crobat\n|-resisted|p1a: Crobat\n|-damage|p1a: Crobat|51\/100\n|\n|-heal|p1a: Crobat|57\/100|[from] item: Leftovers\n|upkeep\n|turn|8\n|\n|t:|1700407339\n|move|p1a: Crobat|Brave Bird|p2a: Blastoise\n|-damage|p2a: Blastoise|12\/100\n|-damage|p1a: Crobat|44\/100|[from] Recoil\n|move|p2a: Blastoise|Hydro Pump|p1a: Crobat|[miss]\n|-miss|p2a: Blastoise|p1a: Crobat\n|\n|-heal|p1a: Crobat|50\/100|[from] item: Leftovers\n|upkeep\n|turn|9\n|\n|t:|1700407346\n|move|p1a: Crobat|Crunch|p2a: Blastoise\n|-damage|p2a: Blastoise|0 fnt\n|faint|p2a: Blastoise\n|\n|-heal|p1a: Crobat|56\/100|[from] item: Leftovers\n|upkeep\n|-message|Spiderpool57 forfeited.\n|\n|win|UltraFIRAT\n|raw|UltraFIRAT's rating: 1141 &rarr; <strong>1160<\/strong><br \/>(+19 for winning)\n|raw|Spiderpool57's rating: 1050 &rarr; <strong>1037<\/strong><br \/>(-13 for losing)\n|l|\u2606Spiderpool57\n","uploadtime":1700407357,"views":4,"p1id":"ultrafirat","p2id":"spiderpool57","formatid":"gen9nationaldexubers","rating":1037,"private":0,"password":""}