{"id":"gen9nationaldexubers-1997781677","p1":"Spectro Latios13","p2":"Gigabot50","format":"[Gen 9] National Dex Ubers","log":"|j|\u2606Spectro Latios13\n|j|\u2606Gigabot50\n|t:|1700852030\n|gametype|singles\n|player|p1|Spectro Latios13|unknown|1149\n|player|p2|Gigabot50|palmer|1116\n|teamsize|p1|6\n|teamsize|p2|6\n|gen|9\n|tier|[Gen 9] National Dex Ubers\n|rated|\n|rule|HP Percentage Mod: HP is shown in percentages\n|rule|Endless Battle Clause: Forcing endless battles is banned\n|rule|OHKO Clause: OHKO moves are banned\n|rule|Evasion Moves Clause: Evasion moves are banned\n|rule|Evasion Items Clause: Evasion items are banned\n|rule|Species Clause: Limit one of each Pok\u00e9mon\n|rule|Sleep Clause Mod: Limit one foe put to sleep\n|rule|Mega Rayquaza Clause: You cannot mega evolve Rayquaza\n|clearpoke\n|poke|p1|Galvantula, M|\n|poke|p1|Marshadow|\n|poke|p1|Smeargle, M|\n|poke|p1|Necrozma-Dusk-Mane|\n|poke|p1|Zacian-*|\n|poke|p1|Forretress, F|\n|poke|p2|Deoxys-Attack|\n|poke|p2|Gallade, M|\n|poke|p2|Espeon, F|\n|poke|p2|Hatterene, F|\n|poke|p2|Armarouge, F|\n|poke|p2|Metagross|\n|teampreview\n|inactive|Battle timer is ON: inactive players will automatically lose when time's up. (requested by Gigabot50)\n|\n|t:|1700852040\n|start\n|switch|p1a: gohma|Galvantula, M, shiny|100\/100\n|switch|p2a: Bocchi|Hatterene, F|100\/100\n|turn|1\n|c|\u2606Spectro Latios13|glhf\n|\n|t:|1700852046\n|move|p1a: gohma|Thunder|p2a: Bocchi\n|-damage|p2a: Bocchi|53\/100\n|-status|p2a: Bocchi|par\n|move|p2a: Bocchi|Calm Mind|p2a: Bocchi\n|-boost|p2a: Bocchi|spa|1\n|-boost|p2a: Bocchi|spd|1\n|\n|-heal|p2a: Bocchi|59\/100 par|[from] item: Leftovers\n|upkeep\n|turn|2\n|c|\u2606Spectro Latios13|nice double up on magic bounce btw\n|\n|t:|1700852056\n|move|p1a: gohma|Thunder|p2a: Bocchi\n|-damage|p2a: Bocchi|28\/100 par\n|cant|p2a: Bocchi|par\n|\n|-heal|p2a: Bocchi|34\/100 par|[from] item: Leftovers\n|upkeep\n|turn|3\n|\n|t:|1700852075\n|move|p1a: gohma|Thunder|p2a: Bocchi\n|-damage|p2a: Bocchi|4\/100 par\n|move|p2a: Bocchi|Draining Kiss|p1a: gohma\n|-damage|p1a: gohma|41\/100\n|-heal|p2a: Bocchi|53\/100 par|[from] drain|[of] p1a: gohma\n|\n|-heal|p2a: Bocchi|59\/100 par|[from] item: Leftovers\n|upkeep\n|turn|4\n|\n|t:|1700852087\n|move|p1a: gohma|Thunder|p2a: Bocchi\n|-damage|p2a: Bocchi|24\/100 par\n|move|p2a: Bocchi|Draining Kiss|p1a: gohma\n|-damage|p1a: gohma|0 fnt\n|-heal|p2a: Bocchi|58\/100 par|[from] drain|[of] p1a: gohma\n|faint|p1a: gohma\n|\n|-heal|p2a: Bocchi|64\/100 par|[from] item: Leftovers\n|upkeep\n|\n|t:|1700852089\n|switch|p1a: ancient spinner|Forretress, F|100\/100\n|turn|5\n|\n|t:|1700852102\n|move|p1a: ancient spinner|Gyro Ball|p2a: Bocchi\n|-supereffective|p2a: Bocchi\n|-damage|p2a: Bocchi|52\/100 par\n|move|p2a: Bocchi|Nuzzle|p1a: ancient spinner\n|-damage|p1a: ancient spinner|98\/100\n|-status|p1a: ancient spinner|par\n|-enditem|p1a: ancient spinner|Red Card|[of] p2a: Bocchi\n|drag|p2a: Femboy|Gallade, M|100\/100\n|\n|upkeep\n|turn|6\n|\n|t:|1700852122\n|switch|p2a: Bocchi|Hatterene, F|52\/100 par\n|cant|p1a: ancient spinner|par\n|\n|-heal|p2a: Bocchi|58\/100 par|[from] item: Leftovers\n|upkeep\n|turn|7\n|\n|t:|1700852135\n|move|p2a: Bocchi|Calm Mind|p2a: Bocchi\n|-boost|p2a: Bocchi|spa|1\n|-boost|p2a: Bocchi|spd|1\n|cant|p1a: ancient spinner|par\n|\n|-heal|p2a: Bocchi|64\/100 par|[from] item: Leftovers\n|upkeep\n|turn|8\n|\n|t:|1700852143\n|cant|p2a: Bocchi|par\n|cant|p1a: ancient spinner|par\n|\n|-heal|p2a: Bocchi|70\/100 par|[from] item: Leftovers\n|upkeep\n|turn|9\n|\n|t:|1700852150\n|cant|p2a: Bocchi|par\n|cant|p1a: ancient spinner|par\n|\n|-heal|p2a: Bocchi|75\/100 par|[from] item: Leftovers\n|upkeep\n|turn|10\n|c|\u2606Gigabot50|Bro\n|\n|t:|1700852160\n|move|p2a: Bocchi|Calm Mind|p2a: Bocchi\n|-boost|p2a: Bocchi|spa|1\n|-boost|p2a: Bocchi|spd|1\n|cant|p1a: ancient spinner|par\n|\n|-heal|p2a: Bocchi|81\/100 par|[from] item: Leftovers\n|upkeep\n|turn|11\n|c|\u2606Spectro Latios13|and i just hit the highest back to back for this gen XD\n|\n|t:|1700852181\n|move|p2a: Bocchi|Calm Mind|p2a: Bocchi\n|-boost|p2a: Bocchi|spa|1\n|-boost|p2a: Bocchi|spd|1\n|cant|p1a: ancient spinner|par\n|\n|-heal|p2a: Bocchi|87\/100 par|[from] item: Leftovers\n|upkeep\n|turn|12\n|c|\u2606Gigabot50|Can we hit 5\n|inactive|Spectro Latios13 has 120 seconds left.\n|\n|t:|1700852210\n|move|p2a: Bocchi|Calm Mind|p2a: Bocchi\n|-boost|p2a: Bocchi|spa|1\n|-boost|p2a: Bocchi|spd|1\n|move|p1a: ancient spinner|Gyro Ball|p2a: Bocchi\n|-supereffective|p2a: Bocchi\n|-damage|p2a: Bocchi|66\/100 par\n|\n|-heal|p2a: Bocchi|72\/100 par|[from] item: Leftovers\n|upkeep\n|turn|13\n|inactive|Spectro Latios13 has 120 seconds left.\n|c|\u2606Spectro Latios13|that was 6 back to back\n|\n|t:|1700852231\n|move|p2a: Bocchi|Calm Mind|p2a: Bocchi\n|-boost|p2a: Bocchi|spa|1\n|-boost|p2a: Bocchi|spd|1\n|move|p1a: ancient spinner|Gyro Ball|p2a: Bocchi\n|-supereffective|p2a: Bocchi\n|-damage|p2a: Bocchi|51\/100 par\n|\n|-heal|p2a: Bocchi|57\/100 par|[from] item: Leftovers\n|upkeep\n|turn|14\n|c|\u2606Spectro Latios13|for me\n|c|\u2606Spectro Latios13|that's a record on my side\n|\n|t:|1700852242\n|move|p2a: Bocchi|Draining Kiss|p1a: ancient spinner\n|-resisted|p1a: ancient spinner\n|-damage|p1a: ancient spinner|41\/100 par\n|-heal|p2a: Bocchi|100\/100 par|[from] drain|[of] p1a: ancient spinner\n|move|p1a: ancient spinner|Gyro Ball|p2a: Bocchi\n|-supereffective|p2a: Bocchi\n|-damage|p2a: Bocchi|82\/100 par\n|\n|-heal|p2a: Bocchi|88\/100 par|[from] item: Leftovers\n|upkeep\n|turn|15\n|\n|t:|1700852252\n|move|p2a: Bocchi|Draining Kiss|p1a: ancient spinner\n|-resisted|p1a: ancient spinner\n|-damage|p1a: ancient spinner|0 fnt\n|-heal|p2a: Bocchi|100\/100 par|[from] drain|[of] p1a: ancient spinner\n|faint|p1a: ancient spinner\n|\n|upkeep\n|c|\u2606Spectro Latios13|i'm not salty this battle just got good\n|\n|t:|1700852262\n|switch|p1a: korok|Smeargle, M|100\/100\n|turn|16\n|inactive|Spectro Latios13 has 120 seconds left.\n|\n|t:|1700852267\n|move|p1a: korok|Substitute|p1a: korok\n|-start|p1a: korok|Substitute\n|-damage|p1a: korok|76\/100\n|move|p2a: Bocchi|Draining Kiss|p1a: korok\n|-end|p1a: korok|Substitute\n|\n|-heal|p1a: korok|82\/100|[from] item: Leftovers\n|-ability|p1a: korok|Moody|boost\n|-boost|p1a: korok|atk|2\n|-unboost|p1a: korok|spe|1\n|upkeep\n|turn|17\n|\n|t:|1700852278\n|move|p1a: korok|Spiky Shield|p1a: korok\n|-singleturn|p1a: korok|move: Protect\n|move|p2a: Bocchi|Draining Kiss|p1a: korok\n|-activate|p1a: korok|move: Protect\n|-damage|p2a: Bocchi|88\/100 par|[from] Spiky Shield|[of] p1a: korok\n|\n|-heal|p1a: korok|88\/100|[from] item: Leftovers\n|-heal|p2a: Bocchi|94\/100 par|[from] item: Leftovers\n|-ability|p1a: korok|Moody|boost\n|-boost|p1a: korok|atk|2\n|-unboost|p1a: korok|spa|1\n|upkeep\n|turn|18\n|inactive|Spectro Latios13 has 120 seconds left.\n|inactive|Spectro Latios13 has 90 seconds left.\n|l|\u2606Spectro Latios13\n|inactive|Spectro Latios13 disconnected and has a minute to reconnect!\n|player|p1|\n|inactive|Spectro Latios13 has 30 seconds to reconnect!\n|inactive|Spectro Latios13 has 20 seconds to reconnect!\n|inactive|Spectro Latios13 has 15 seconds to reconnect!\n|inactive|Spectro Latios13 has 10 seconds to reconnect!\n|inactive|Spectro Latios13 has 5 seconds to reconnect!\n|-message|Spectro Latios13 lost due to inactivity.\n|\n|win|Gigabot50\n|inactive|Spectro Latios13 has 10 seconds left this turn.\n|raw|Spectro Latios13's rating: 1149 &rarr; <strong>1122<\/strong><br \/>(-27 for losing)\n|raw|Gigabot50's rating: 1116 &rarr; <strong>1143<\/strong><br \/>(+27 for winning)\n|l|\u2606Gigabot50\n|j|\u2606Spectro Latios13\n|player|p1|Spectro Latios13|unknown\n|l|\u2606Spectro Latios13\n|player|p1|\n|j|\u2606Spectro Latios13\n|player|p1|Spectro Latios13|unknown\n","uploadtime":1700852900,"views":2,"p1id":"spectrolatios13","p2id":"gigabot50","formatid":"gen9nationaldexubers","rating":1122,"private":0,"password":""}