{"id":"gen9nationaldexubers-1998544270","p1":"hohink","p2":"woshikoudaimi","format":"[Gen 9] National Dex Ubers","log":"|j|\u2606hohink\n|j|\u2606woshikoudaimi\n|t:|1700954470\n|gametype|singles\n|player|p1|hohink|sada-ai|1300\n|player|p2|woshikoudaimi|hilda-masters3|1361\n|teamsize|p1|6\n|teamsize|p2|6\n|gen|9\n|tier|[Gen 9] National Dex Ubers\n|rated|\n|rule|HP Percentage Mod: HP is shown in percentages\n|rule|Endless Battle Clause: Forcing endless battles is banned\n|rule|OHKO Clause: OHKO moves are banned\n|rule|Evasion Moves Clause: Evasion moves are banned\n|rule|Evasion Items Clause: Evasion items are banned\n|rule|Species Clause: Limit one of each Pok\u00e9mon\n|rule|Sleep Clause Mod: Limit one foe put to sleep\n|rule|Mega Rayquaza Clause: You cannot mega evolve Rayquaza\n|clearpoke\n|poke|p1|Metagross|\n|poke|p1|Darkrai|\n|poke|p1|Zamazenta-*|\n|poke|p1|Braviary-Hisui, M|\n|poke|p1|Ursaluna-Bloodmoon, M|\n|poke|p1|Palkia-Origin|\n|poke|p2|Groudon|\n|poke|p2|Lucario, M|\n|poke|p2|Ho-Oh|\n|poke|p2|Arceus|\n|poke|p2|Necrozma-Dusk-Mane|\n|poke|p2|Eternatus|\n|teampreview\n|inactive|Battle timer is ON: inactive players will automatically lose when time's up. (requested by woshikoudaimi)\n|\n|t:|1700954493\n|start\n|switch|p1a: Braviary|Braviary-Hisui, M|100\/100\n|switch|p2a: Eternatus|Eternatus|100\/100\n|-ability|p2a: Eternatus|Pressure\n|turn|1\n|\n|t:|1700954506\n|move|p2a: Eternatus|Meteor Beam||[still]\n|-prepare|p2a: Eternatus|Meteor Beam\n|-boost|p2a: Eternatus|spa|1\n|-enditem|p2a: Eternatus|Power Herb\n|-anim|p2a: Eternatus|Meteor Beam|p1a: Braviary\n|-supereffective|p1a: Braviary\n|-damage|p1a: Braviary|0 fnt\n|faint|p1a: Braviary\n|\n|upkeep\n|\n|t:|1700954522\n|switch|p1a: Ursaluna|Ursaluna-Bloodmoon, M|100\/100\n|turn|2\n|\n|t:|1700954531\n|-terastallize|p2a: Eternatus|Flying\n|move|p2a: Eternatus|Dynamax Cannon|p1a: Ursaluna\n|-damage|p1a: Ursaluna|8\/100\n|move|p1a: Ursaluna|Earth Power|p2a: Eternatus\n|-immune|p2a: Eternatus\n|\n|upkeep\n|turn|3\n|\n|t:|1700954542\n|move|p2a: Eternatus|Sludge Wave|p1a: Ursaluna\n|-resisted|p1a: Ursaluna\n|-damage|p1a: Ursaluna|0 fnt\n|faint|p1a: Ursaluna\n|\n|upkeep\n|\n|t:|1700954567\n|switch|p1a: Zamazenta|Zamazenta-Crowned|100\/100\n|-ability|p1a: Zamazenta|Dauntless Shield|boost\n|-boost|p1a: Zamazenta|def|1\n|turn|4\n|\n|t:|1700954579\n|move|p2a: Eternatus|Fire Blast|p1a: Zamazenta\n|-supereffective|p1a: Zamazenta\n|-damage|p1a: Zamazenta|9\/100\n|move|p1a: Zamazenta|Ice Fang|p2a: Eternatus\n|-supereffective|p2a: Eternatus\n|-damage|p2a: Eternatus|64\/100\n|\n|upkeep\n|turn|5\n|\n|t:|1700954586\n|switch|p1a: Palkia|Palkia-Origin|100\/100\n|-ability|p1a: Palkia|Pressure\n|move|p2a: Eternatus|Dynamax Cannon|p1a: Palkia\n|-supereffective|p1a: Palkia\n|-damage|p1a: Palkia|0 fnt\n|faint|p1a: Palkia\n|\n|upkeep\n|\n|t:|1700954594\n|switch|p1a: Darkrai|Darkrai|100\/100\n|turn|6\n|\n|t:|1700954602\n|move|p2a: Eternatus|Dynamax Cannon|p1a: Darkrai\n|-damage|p1a: Darkrai|0 fnt\n|faint|p1a: Darkrai\n|\n|upkeep\n|\n|t:|1700954606\n|switch|p1a: Metagross|Metagross|100\/100\n|turn|7\n|\n|t:|1700954614\n|detailschange|p1a: Metagross|Metagross-Mega\n|-mega|p1a: Metagross|Metagross|Metagrossite\n|move|p2a: Eternatus|Fire Blast|p1a: Metagross\n|-supereffective|p1a: Metagross\n|-crit|p1a: Metagross\n|-damage|p1a: Metagross|0 fnt\n|faint|p1a: Metagross\n|\n|upkeep\n|\n|t:|1700954618\n|switch|p1a: Zamazenta|Zamazenta-Crowned|9\/100\n|turn|8\n|\n|t:|1700954621\n|move|p2a: Eternatus|Dynamax Cannon|p1a: Zamazenta\n|-resisted|p1a: Zamazenta\n|-damage|p1a: Zamazenta|0 fnt\n|faint|p1a: Zamazenta\n|\n|win|woshikoudaimi\n|raw|hohink's rating: 1300 &rarr; <strong>1279<\/strong><br \/>(-21 for losing)\n|raw|woshikoudaimi's rating: 1361 &rarr; <strong>1378<\/strong><br \/>(+17 for winning)\n|l|\u2606hohink\n","uploadtime":1700954958,"views":8,"p1id":"hohink","p2id":"woshikoudaimi","formatid":"gen9nationaldexubers","rating":1279,"private":0,"password":""}