{"id":"gen9nationaldexubers-1999285461","p1":"KingoftheTitans","p2":"tempestissimo86","format":"[Gen 9] National Dex Ubers","log":"|j|\u2606KingoftheTitans\n|j|\u203dtempestissimo86\n|t:|1701055107\n|gametype|singles\n|player|p1|KingoftheTitans|1|1396\n|player|p2|tempestissimo86|2|1401\n|teamsize|p1|6\n|teamsize|p2|6\n|gen|9\n|tier|[Gen 9] National Dex Ubers\n|rated|\n|rule|HP Percentage Mod: HP is shown in percentages\n|rule|Endless Battle Clause: Forcing endless battles is banned\n|rule|OHKO Clause: OHKO moves are banned\n|rule|Evasion Moves Clause: Evasion moves are banned\n|rule|Evasion Items Clause: Evasion items are banned\n|rule|Species Clause: Limit one of each Pok\u00e9mon\n|rule|Sleep Clause Mod: Limit one foe put to sleep\n|rule|Mega Rayquaza Clause: You cannot mega evolve Rayquaza\n|clearpoke\n|poke|p1|Tornadus, M|\n|poke|p1|Basculegion, M|\n|poke|p1|Druddigon, M|\n|poke|p1|Iron Thorns|\n|poke|p1|Torterra, M|\n|poke|p1|Aggron, M|\n|poke|p2|Arceus|\n|poke|p2|Marshadow|\n|poke|p2|Groudon|\n|poke|p2|Necrozma-Dusk-Mane|\n|poke|p2|Kyogre|\n|poke|p2|Yveltal|\n|teampreview\n|inactive|Battle timer is ON: inactive players will automatically lose when time's up. (requested by tempestissimo86)\n|\n|t:|1701055113\n|start\n|switch|p1a: Torterra|Torterra, M|100\/100\n|switch|p2a: Necrozma|Necrozma-Dusk-Mane|100\/100\n|turn|1\n|\n|t:|1701055124\n|move|p1a: Torterra|Shell Smash|p1a: Torterra\n|-unboost|p1a: Torterra|def|1\n|-unboost|p1a: Torterra|spd|1\n|-boost|p1a: Torterra|atk|2\n|-boost|p1a: Torterra|spa|2\n|-boost|p1a: Torterra|spe|2\n|move|p2a: Necrozma|Dragon Dance|p2a: Necrozma\n|-boost|p2a: Necrozma|atk|1\n|-boost|p2a: Necrozma|spe|1\n|\n|upkeep\n|turn|2\n|\n|t:|1701055144\n|move|p1a: Torterra|Headlong Rush|p2a: Necrozma\n|-supereffective|p2a: Necrozma\n|-damage|p2a: Necrozma|0 fnt\n|-unboost|p1a: Torterra|def|1\n|-unboost|p1a: Torterra|spd|1\n|faint|p2a: Necrozma\n|\n|upkeep\n|\n|t:|1701055159\n|switch|p2a: Marshadow|Marshadow|100\/100\n|turn|3\n|\n|t:|1701055162\n|move|p1a: Torterra|Bullet Seed|p2a: Marshadow\n|-damage|p2a: Marshadow|70\/100\n|-damage|p2a: Marshadow|43\/100\n|-damage|p2a: Marshadow|16\/100\n|-damage|p2a: Marshadow|0 fnt\n|faint|p2a: Marshadow\n|-hitcount|p2: Marshadow|4\n|\n|upkeep\n|\n|t:|1701055171\n|switch|p2a: Arceus|Arceus|100\/100\n|turn|4\n|\n|t:|1701055176\n|-terastallize|p2a: Arceus|Normal\n|move|p2a: Arceus|Extreme Speed|p1a: Torterra\n|-damage|p1a: Torterra|0 fnt\n|faint|p1a: Torterra\n|\n|upkeep\n|\n|t:|1701055190\n|switch|p1a: Aggron|Aggron, M, shiny|100\/100\n|turn|5\n|\n|t:|1701055194\n|switch|p2a: Groudon|Groudon|100\/100\n|detailschange|p2a: Groudon|Groudon-Primal\n|-primal|p2a: Groudon|Red Orb\n|-weather|DesolateLand|[from] ability: Desolate Land|[of] p2a: Groudon\n|detailschange|p1a: Aggron|Aggron-Mega, M, shiny\n|-mega|p1a: Aggron|Aggron|Aggronite\n|move|p1a: Aggron|Body Press|p2a: Groudon\n|-damage|p2a: Groudon|77\/100\n|\n|-weather|DesolateLand|[upkeep]\n|upkeep\n|turn|6\n|\n|t:|1701055208\n|switch|p1a: Druddigon|Druddigon, M, shiny|100\/100\n|move|p2a: Groudon|Overheat|p1a: Druddigon\n|-resisted|p1a: Druddigon\n|-damage|p1a: Druddigon|34\/100\n|-unboost|p2a: Groudon|spa|2\n|\n|-weather|DesolateLand|[upkeep]\n|upkeep\n|turn|7\n|\n|t:|1701055214\n|move|p2a: Groudon|Precipice Blades|p1a: Druddigon\n|-damage|p1a: Druddigon|0 fnt\n|faint|p1a: Druddigon\n|\n|-weather|DesolateLand|[upkeep]\n|upkeep\n|\n|t:|1701055219\n|switch|p1a: Iron Thorns|Iron Thorns|100\/100\n|-item|p1a: Iron Thorns|Air Balloon\n|turn|8\n|\n|t:|1701055226\n|-weather|none\n|switch|p2a: Arceus|Arceus, tera:Normal|100\/100\n|move|p1a: Iron Thorns|Dragon Dance|p1a: Iron Thorns\n|-boost|p1a: Iron Thorns|atk|1\n|-boost|p1a: Iron Thorns|spe|1\n|\n|upkeep\n|turn|9\n|\n|t:|1701055233\n|move|p1a: Iron Thorns|Stone Edge|p2a: Arceus\n|-damage|p2a: Arceus|48\/100\n|move|p2a: Arceus|Bulk Up|p2a: Arceus\n|-boost|p2a: Arceus|atk|1\n|-boost|p2a: Arceus|def|1\n|\n|-heal|p2a: Arceus|54\/100|[from] item: Leftovers\n|upkeep\n|turn|10\n|\n|t:|1701055241\n|move|p1a: Iron Thorns|Stone Edge|p2a: Arceus|[miss]\n|-miss|p1a: Iron Thorns|p2a: Arceus\n|move|p2a: Arceus|Recover|p2a: Arceus\n|-heal|p2a: Arceus|100\/100\n|\n|upkeep\n|turn|11\n|\n|t:|1701055246\n|move|p2a: Arceus|Extreme Speed|p1a: Iron Thorns\n|-resisted|p1a: Iron Thorns\n|-damage|p1a: Iron Thorns|62\/100\n|-enditem|p1a: Iron Thorns|Air Balloon\n|move|p1a: Iron Thorns|Dragon Dance|p1a: Iron Thorns\n|-boost|p1a: Iron Thorns|atk|1\n|-boost|p1a: Iron Thorns|spe|1\n|\n|upkeep\n|turn|12\n|\n|t:|1701055255\n|move|p2a: Arceus|Extreme Speed|p1a: Iron Thorns\n|-resisted|p1a: Iron Thorns\n|-damage|p1a: Iron Thorns|25\/100\n|move|p1a: Iron Thorns|Stone Edge|p2a: Arceus|[miss]\n|-miss|p1a: Iron Thorns|p2a: Arceus\n|\n|upkeep\n|turn|13\n|\n|t:|1701055262\n|move|p2a: Arceus|Extreme Speed|p1a: Iron Thorns\n|-resisted|p1a: Iron Thorns\n|-damage|p1a: Iron Thorns|0 fnt\n|faint|p1a: Iron Thorns\n|-end|p1a: Iron Thorns|Quark Drive|[silent]\n|\n|upkeep\n|\n|t:|1701055269\n|switch|p1a: Tornadus|Tornadus, M|100\/100\n|turn|14\n|\n|t:|1701055277\n|-terastallize|p1a: Tornadus|Fighting\n|move|p1a: Tornadus|Focus Blast|p2a: Arceus\n|-supereffective|p2a: Arceus\n|-damage|p2a: Arceus|12\/100\n|move|p2a: Arceus|Bulk Up|p2a: Arceus\n|-boost|p2a: Arceus|atk|1\n|-boost|p2a: Arceus|def|1\n|\n|-heal|p2a: Arceus|18\/100|[from] item: Leftovers\n|upkeep\n|turn|15\n|\n|t:|1701055286\n|move|p2a: Arceus|Extreme Speed|p1a: Tornadus\n|-damage|p1a: Tornadus|0 fnt\n|faint|p1a: Tornadus\n|\n|-heal|p2a: Arceus|25\/100|[from] item: Leftovers\n|upkeep\n|\n|t:|1701055292\n|switch|p1a: Aggron|Aggron-Mega, M, shiny|100\/100\n|turn|16\n|\n|t:|1701055302\n|move|p2a: Arceus|Recover|p2a: Arceus\n|-heal|p2a: Arceus|75\/100\n|move|p1a: Aggron|Body Press|p2a: Arceus\n|-supereffective|p2a: Arceus\n|-damage|p2a: Arceus|50\/100\n|\n|-heal|p2a: Arceus|56\/100|[from] item: Leftovers\n|upkeep\n|turn|17\n|\n|t:|1701055309\n|move|p2a: Arceus|Recover|p2a: Arceus\n|-heal|p2a: Arceus|100\/100\n|move|p1a: Aggron|Body Press|p2a: Arceus\n|-supereffective|p2a: Arceus\n|-damage|p2a: Arceus|75\/100\n|\n|-heal|p2a: Arceus|82\/100|[from] item: Leftovers\n|upkeep\n|turn|18\n|\n|t:|1701055316\n|move|p2a: Arceus|Bulk Up|p2a: Arceus\n|-boost|p2a: Arceus|atk|1\n|-boost|p2a: Arceus|def|1\n|move|p1a: Aggron|Body Press|p2a: Arceus\n|-supereffective|p2a: Arceus\n|-crit|p2a: Arceus\n|-damage|p2a: Arceus|12\/100\n|\n|-heal|p2a: Arceus|18\/100|[from] item: Leftovers\n|upkeep\n|turn|19\n|\n|t:|1701055325\n|move|p2a: Arceus|Recover|p2a: Arceus\n|-heal|p2a: Arceus|68\/100\n|move|p1a: Aggron|Stone Edge|p2a: Arceus|[miss]\n|-miss|p1a: Aggron|p2a: Arceus\n|\n|-heal|p2a: Arceus|75\/100|[from] item: Leftovers\n|upkeep\n|turn|20\n|\n|t:|1701055332\n|move|p2a: Arceus|Bulk Up|p2a: Arceus\n|-boost|p2a: Arceus|atk|1\n|-boost|p2a: Arceus|def|1\n|move|p1a: Aggron|Stone Edge|p2a: Arceus\n|-damage|p2a: Arceus|65\/100\n|\n|-heal|p2a: Arceus|71\/100|[from] item: Leftovers\n|upkeep\n|turn|21\n|\n|t:|1701055339\n|move|p2a: Arceus|Bulk Up|p2a: Arceus\n|-boost|p2a: Arceus|atk|1\n|-boost|p2a: Arceus|def|1\n|move|p1a: Aggron|Stone Edge|p2a: Arceus\n|-damage|p2a: Arceus|63\/100\n|\n|-heal|p2a: Arceus|70\/100|[from] item: Leftovers\n|upkeep\n|turn|22\n|\n|t:|1701055346\n|move|p2a: Arceus|Recover|p2a: Arceus\n|-heal|p2a: Arceus|100\/100\n|move|p1a: Aggron|Stone Edge|p2a: Arceus\n|-damage|p2a: Arceus|93\/100\n|\n|-heal|p2a: Arceus|99\/100|[from] item: Leftovers\n|upkeep\n|turn|23\n|\n|t:|1701055353\n|move|p2a: Arceus|Bulk Up|p2a: Arceus\n|-boost|p2a: Arceus|atk|1\n|-boost|p2a: Arceus|def|1\n|move|p1a: Aggron|Stone Edge|p2a: Arceus\n|-damage|p2a: Arceus|93\/100\n|\n|-heal|p2a: Arceus|99\/100|[from] item: Leftovers\n|upkeep\n|turn|24\n|\n|t:|1701055360\n|move|p2a: Arceus|Shadow Claw|p1a: Aggron\n|-damage|p1a: Aggron|54\/100\n|move|p1a: Aggron|Stone Edge|p2a: Arceus\n|-damage|p2a: Arceus|92\/100\n|\n|-heal|p2a: Arceus|98\/100|[from] item: Leftovers\n|upkeep\n|turn|25\n|\n|t:|1701055367\n|move|p2a: Arceus|Shadow Claw|p1a: Aggron\n|-damage|p1a: Aggron|9\/100\n|move|p1a: Aggron|Stone Edge|p2a: Arceus\n|-damage|p2a: Arceus|91\/100\n|\n|-heal|p2a: Arceus|97\/100|[from] item: Leftovers\n|upkeep\n|turn|26\n|c|\u2606KingoftheTitans|BRUH\n|c|\u2606KingoftheTitans|NO CRIT????\n|\n|t:|1701055378\n|move|p2a: Arceus|Shadow Claw|p1a: Aggron\n|-damage|p1a: Aggron|0 fnt\n|faint|p1a: Aggron\n|\n|-heal|p2a: Arceus|100\/100|[from] item: Leftovers\n|upkeep\n|\n|t:|1701055383\n|switch|p1a: Basculegion|Basculegion, M|100\/100\n|turn|27\n|\n|t:|1701055385\n|move|p1a: Basculegion|Wave Crash|p2a: Arceus\n|-damage|p2a: Arceus|88\/100\n|-damage|p1a: Basculegion|96\/100|[from] Recoil\n|move|p2a: Arceus|Shadow Claw|p1a: Basculegion\n|-supereffective|p1a: Basculegion\n|-damage|p1a: Basculegion|0 fnt\n|faint|p1a: Basculegion\n|\n|win|tempestissimo86\n|raw|KingoftheTitans's rating: 1396 &rarr; <strong>1376<\/strong><br \/>(-20 for losing)\n|raw|tempestissimo86's rating: 1401 &rarr; <strong>1421<\/strong><br \/>(+20 for winning)\n|l|\u203dtempestissimo86\n","uploadtime":1701055396,"views":1,"p1id":"kingofthetitans","p2id":"tempestissimo86","formatid":"gen9nationaldexubers","rating":1376,"private":0,"password":""}