{"id":"gen9nationaldexubers-1996217237","p1":"puddingss","p2":"Justznic","format":"[Gen 9] National Dex Ubers","log":"|j|\u2606puddingss\n|j|\u2606Justznic\n|t:|1700660348\n|gametype|singles\n|player|p1|puddingss|steven|1588\n|player|p2|Justznic|266|1480\n|teamsize|p1|6\n|teamsize|p2|6\n|gen|9\n|tier|[Gen 9] National Dex Ubers\n|rated|\n|rule|HP Percentage Mod: HP is shown in percentages\n|rule|Endless Battle Clause: Forcing endless battles is banned\n|rule|OHKO Clause: OHKO moves are banned\n|rule|Evasion Moves Clause: Evasion moves are banned\n|rule|Evasion Items Clause: Evasion items are banned\n|rule|Species Clause: Limit one of each Pok\u00e9mon\n|rule|Sleep Clause Mod: Limit one foe put to sleep\n|rule|Mega Rayquaza Clause: You cannot mega evolve Rayquaza\n|clearpoke\n|poke|p1|Chansey, F|\n|poke|p1|Dondozo, F|\n|poke|p1|Ho-Oh|\n|poke|p1|Giratina|\n|poke|p1|Eternatus|\n|poke|p1|Arceus-Dark|\n|poke|p2|Mewtwo|\n|poke|p2|Ditto|\n|poke|p2|Klefki, M|\n|poke|p2|Orthworm, F|\n|poke|p2|Kyurem-Black|\n|poke|p2|Mew|\n|teampreview\n|inactive|Battle timer is ON: inactive players will automatically lose when time's up. (requested by Justznic)\n|inactive|puddingss also wants the timer to be on.\n|\n|t:|1700660355\n|start\n|switch|p1a: Daemonium Draconis|Eternatus|100\/100\n|switch|p2a: Kyurem|Kyurem-Black|100\/100\n|-ability|p1a: Daemonium Draconis|Pressure\n|-ability|p2a: Kyurem|Teravolt\n|turn|1\n|\n|t:|1700660360\n|-terastallize|p2a: Kyurem|Fire\n|move|p1a: Daemonium Draconis|Toxic|p2a: Kyurem\n|-status|p2a: Kyurem|tox\n|move|p2a: Kyurem|Dragon Dance|p2a: Kyurem\n|-boost|p2a: Kyurem|atk|1\n|-boost|p2a: Kyurem|spe|1\n|\n|-damage|p2a: Kyurem|94\/100 tox|[from] psn\n|upkeep\n|turn|2\n|\n|t:|1700660365\n|switch|p1a: Cete Titanic|Dondozo, F|100\/100\n|move|p2a: Kyurem|Icicle Spear|p1a: Cete Titanic\n|-resisted|p1a: Cete Titanic\n|-damage|p1a: Cete Titanic|95\/100\n|-resisted|p1a: Cete Titanic\n|-damage|p1a: Cete Titanic|90\/100\n|-resisted|p1a: Cete Titanic\n|-damage|p1a: Cete Titanic|85\/100\n|-resisted|p1a: Cete Titanic\n|-damage|p1a: Cete Titanic|80\/100\n|-resisted|p1a: Cete Titanic\n|-damage|p1a: Cete Titanic|74\/100\n|-hitcount|p1a: Cete Titanic|5\n|\n|-heal|p1a: Cete Titanic|80\/100|[from] item: Leftovers\n|-damage|p2a: Kyurem|82\/100 tox|[from] psn\n|upkeep\n|turn|3\n|\n|t:|1700660368\n|move|p2a: Kyurem|Fusion Bolt|p1a: Cete Titanic\n|-supereffective|p1a: Cete Titanic\n|-damage|p1a: Cete Titanic|25\/100\n|move|p1a: Cete Titanic|Curse|p1a: Cete Titanic\n|-unboost|p1a: Cete Titanic|spe|1\n|-boost|p1a: Cete Titanic|atk|1\n|-boost|p1a: Cete Titanic|def|1\n|\n|-heal|p1a: Cete Titanic|31\/100|[from] item: Leftovers\n|-damage|p2a: Kyurem|64\/100 tox|[from] psn\n|upkeep\n|turn|4\n|\n|t:|1700660378\n|-terastallize|p1a: Cete Titanic|Fairy\n|move|p2a: Kyurem|Fusion Bolt|p1a: Cete Titanic\n|-damage|p1a: Cete Titanic|12\/100\n|move|p1a: Cete Titanic|Rest|p1a: Cete Titanic\n|-status|p1a: Cete Titanic|slp|[from] move: Rest\n|-heal|p1a: Cete Titanic|100\/100 slp|[silent]\n|\n|-damage|p2a: Kyurem|39\/100 tox|[from] psn\n|upkeep\n|turn|5\n|\n|t:|1700660384\n|move|p2a: Kyurem|Icicle Spear|p1a: Cete Titanic\n|-damage|p1a: Cete Titanic|94\/100 slp\n|-damage|p1a: Cete Titanic|86\/100 slp\n|-crit|p1a: Cete Titanic\n|-damage|p1a: Cete Titanic|70\/100 slp\n|-damage|p1a: Cete Titanic|63\/100 slp\n|-damage|p1a: Cete Titanic|56\/100 slp\n|-hitcount|p1a: Cete Titanic|5\n|cant|p1a: Cete Titanic|slp\n|\n|-heal|p1a: Cete Titanic|62\/100 slp|[from] item: Leftovers\n|-damage|p2a: Kyurem|8\/100 tox|[from] psn\n|upkeep\n|turn|6\n|\n|t:|1700660389\n|move|p2a: Kyurem|Icicle Spear|p1a: Cete Titanic\n|-damage|p1a: Cete Titanic|55\/100 slp\n|-damage|p1a: Cete Titanic|49\/100 slp\n|-damage|p1a: Cete Titanic|41\/100 slp\n|-damage|p1a: Cete Titanic|33\/100 slp\n|-damage|p1a: Cete Titanic|26\/100 slp\n|-hitcount|p1a: Cete Titanic|5\n|cant|p1a: Cete Titanic|slp\n|\n|-heal|p1a: Cete Titanic|32\/100 slp|[from] item: Leftovers\n|-damage|p2a: Kyurem|0 fnt|[from] psn\n|faint|p2a: Kyurem\n|upkeep\n|\n|t:|1700660392\n|switch|p2a: Klefki|Klefki, M|100\/100\n|turn|7\n|\n|t:|1700660395\n|move|p2a: Klefki|Switcheroo|p1a: Cete Titanic\n|-activate|p2a: Klefki|move: Trick|[of] p1a: Cete Titanic\n|-item|p1a: Cete Titanic|Toxic Orb|[from] move: Switcheroo\n|-item|p2a: Klefki|Leftovers|[from] move: Switcheroo\n|-curestatus|p1a: Cete Titanic|slp|[msg]\n|move|p1a: Cete Titanic|Rest|p1a: Cete Titanic\n|-status|p1a: Cete Titanic|slp|[from] move: Rest\n|-heal|p1a: Cete Titanic|100\/100 slp|[silent]\n|\n|upkeep\n|turn|8\n|\n|t:|1700660403\n|move|p2a: Klefki|Reflect|p2a: Klefki\n|-sidestart|p2: Justznic|Reflect\n|cant|p1a: Cete Titanic|slp\n|\n|upkeep\n|turn|9\n|\n|t:|1700660406\n|switch|p2a: Orthworm|Orthworm, F|100\/100\n|cant|p1a: Cete Titanic|slp\n|\n|upkeep\n|turn|10\n|\n|t:|1700660411\n|move|p2a: Orthworm|Shed Tail|p2a: Orthworm\n|-start|p2a: Orthworm|Substitute|[from] move: Shed Tail\n|-damage|p2a: Orthworm|50\/100\n|-enditem|p2a: Orthworm|Sitrus Berry|[eat]\n|-heal|p2a: Orthworm|75\/100|[from] item: Sitrus Berry\n|\n|t:|1700660414\n|switch|p2a: Mew|Mew|100\/100|[from] Shed Tail\n|-curestatus|p1a: Cete Titanic|slp|[msg]\n|move|p1a: Cete Titanic|Body Press|p2a: Mew\n|-resisted|p2a: Mew\n|-activate|p2a: Mew|move: Substitute|[damage]\n|\n|-status|p1a: Cete Titanic|tox|[from] item: Toxic Orb\n|upkeep\n|turn|11\n|\n|t:|1700660419\n|move|p2a: Mew|Block|p1a: Cete Titanic\n|-activate|p1a: Cete Titanic|trapped\n|move|p1a: Cete Titanic|Liquidation|p2a: Mew\n|-end|p2a: Mew|Substitute\n|\n|-damage|p1a: Cete Titanic|94\/100 tox|[from] psn\n|upkeep\n|turn|12\n|\n|t:|1700660425\n|move|p2a: Mew|Imprison|p2a: Mew\n|-start|p2a: Mew|move: Imprison\n|move|p1a: Cete Titanic|Liquidation|p2a: Mew\n|-crit|p2a: Mew\n|-damage|p2a: Mew|56\/100\n|\n|-damage|p1a: Cete Titanic|82\/100 tox|[from] psn\n|-sideend|p2: Justznic|Reflect\n|upkeep\n|turn|13\n|\n|t:|1700660439\n|move|p2a: Mew|Transform|p1a: Cete Titanic\n|-transform|p2a: Mew|p1a: Cete Titanic\n|cant|p1a: Cete Titanic|move: Imprison|Liquidation\n|\n|-damage|p1a: Cete Titanic|64\/100 tox|[from] psn\n|upkeep\n|-start|p2a: Mew|typechange|Water|[silent]\n|turn|14\n|\n|t:|1700660445\n|move|p2a: Mew|Rest|p2a: Mew\n|-status|p2a: Mew|slp|[from] move: Rest\n|-heal|p2a: Mew|100\/100 slp|[silent]\n|-activate|p1a: Cete Titanic|move: Struggle\n|move|p1a: Cete Titanic|Struggle|p2a: Mew\n|-damage|p2a: Mew|93\/100 slp\n|-damage|p1a: Cete Titanic|39\/100 tox|[from] recoil\n|\n|-damage|p1a: Cete Titanic|14\/100 tox|[from] psn\n|upkeep\n|turn|15\n|\n|t:|1700660449\n|cant|p2a: Mew|slp\n|-activate|p1a: Cete Titanic|move: Struggle\n|move|p1a: Cete Titanic|Struggle|p2a: Mew\n|-damage|p2a: Mew|87\/100 slp\n|-damage|p1a: Cete Titanic|0 fnt|[from] recoil\n|faint|p1a: Cete Titanic\n|\n|upkeep\n|\n|t:|1700660452\n|switch|p1a: Daemonium Draconis|Eternatus|100\/100\n|-ability|p1a: Daemonium Draconis|Pressure\n|turn|16\n|\n|t:|1700660457\n|switch|p2a: Orthworm|Orthworm, F|75\/100\n|move|p1a: Daemonium Draconis|Toxic Spikes|p2a: Orthworm\n|-sidestart|p2: Justznic|move: Toxic Spikes\n|\n|upkeep\n|turn|17\n|\n|t:|1700660464\n|move|p1a: Daemonium Draconis|Toxic Spikes|p2a: Orthworm\n|-sidestart|p2: Justznic|move: Toxic Spikes\n|move|p2a: Orthworm|Shed Tail|p2a: Orthworm\n|-start|p2a: Orthworm|Substitute|[from] move: Shed Tail\n|-damage|p2a: Orthworm|25\/100\n|\n|t:|1700660466\n|switch|p2a: Mew|Mew|87\/100 slp|[from] Shed Tail\n|\n|upkeep\n|turn|18\n|\n|t:|1700660470\n|switch|p1a: Sacra Avis|Ho-Oh|100\/100\n|cant|p2a: Mew|slp\n|\n|upkeep\n|turn|19\n|\n|t:|1700660474\n|-curestatus|p2a: Mew|slp|[msg]\n|move|p2a: Mew|Imprison|p2a: Mew\n|-start|p2a: Mew|move: Imprison\n|move|p1a: Sacra Avis|Sacred Fire|p2a: Mew\n|-end|p2a: Mew|Substitute\n|\n|upkeep\n|turn|20\n|\n|t:|1700660483\n|move|p2a: Mew|Block|p1a: Sacra Avis\n|-activate|p1a: Sacra Avis|trapped\n|move|p1a: Sacra Avis|Sacred Fire|p2a: Mew\n|-damage|p2a: Mew|58\/100\n|-status|p2a: Mew|brn\n|-activate|p2a: Mew|ability: Synchronize\n|-immune|p1a: Sacra Avis\n|\n|-damage|p2a: Mew|51\/100 brn|[from] brn\n|upkeep\n|turn|21\n|\n|t:|1700660490\n|-zpower|p2a: Mew\n|move|p2a: Mew|Z-Transform|p1a: Sacra Avis|[anim]Transform\n|-heal|p2a: Mew|100\/100 brn|[zeffect]\n|-transform|p2a: Mew|p1a: Sacra Avis\n|cant|p1a: Sacra Avis|move: Imprison|Brave Bird\n|\n|-damage|p2a: Mew|94\/100 brn|[from] brn\n|upkeep\n|turn|22\n|\n|t:|1700660498\n|-activate|p1a: Sacra Avis|move: Struggle\n|move|p1a: Sacra Avis|Struggle|p2a: Mew\n|-damage|p2a: Mew|84\/100 brn\n|-damage|p1a: Sacra Avis|75\/100|[from] recoil\n|move|p2a: Mew|Defog|p1a: Sacra Avis\n|-unboost|p1a: Sacra Avis|evasion|1\n|-sideend|p2: Justznic|Toxic Spikes|[from] move: Defog|[of] p2a: Mew\n|\n|-damage|p2a: Mew|78\/100 brn|[from] brn\n|upkeep\n|turn|23\n|\n|t:|1700660505\n|-activate|p1a: Sacra Avis|move: Struggle\n|move|p1a: Sacra Avis|Struggle|p2a: Mew\n|-damage|p2a: Mew|68\/100 brn\n|-damage|p1a: Sacra Avis|50\/100|[from] recoil\n|move|p2a: Mew|Toxic|p1a: Sacra Avis\n|-status|p1a: Sacra Avis|tox\n|\n|-damage|p1a: Sacra Avis|44\/100 tox|[from] psn\n|-damage|p2a: Mew|62\/100 brn|[from] brn\n|upkeep\n|turn|24\n|\n|t:|1700660515\n|move|p2a: Mew|Toxic|p1a: Sacra Avis\n|-fail|p1a: Sacra Avis|tox\n|-activate|p1a: Sacra Avis|move: Struggle\n|move|p1a: Sacra Avis|Struggle|p2a: Mew\n|-damage|p2a: Mew|53\/100 brn\n|-damage|p1a: Sacra Avis|19\/100 tox|[from] recoil\n|\n|-damage|p1a: Sacra Avis|7\/100 tox|[from] psn\n|-damage|p2a: Mew|47\/100 brn|[from] brn\n|upkeep\n|turn|25\n|\n|t:|1700660519\n|switch|p2a: Orthworm|Orthworm, F|25\/100\n|-activate|p1a: Sacra Avis|move: Struggle\n|move|p1a: Sacra Avis|Struggle|p2a: Orthworm\n|-damage|p2a: Orthworm|17\/100\n|-damage|p1a: Sacra Avis|0 fnt|[from] recoil\n|faint|p1a: Sacra Avis\n|\n|upkeep\n|\n|t:|1700660523\n|switch|p1a: Satis Rosea|Arceus-Dark|100\/100\n|turn|26\n|\n|t:|1700660526\n|move|p1a: Satis Rosea|Foul Play|p2a: Orthworm\n|-damage|p2a: Orthworm|1\/100\n|move|p2a: Orthworm|Body Press|p1a: Satis Rosea\n|-supereffective|p1a: Satis Rosea\n|-damage|p1a: Satis Rosea|64\/100\n|\n|upkeep\n|turn|27\n|\n|t:|1700660530\n|move|p1a: Satis Rosea|Foul Play|p2a: Orthworm\n|-damage|p2a: Orthworm|0 fnt\n|faint|p2a: Orthworm\n|\n|upkeep\n|\n|t:|1700660534\n|switch|p2a: Klefki|Klefki, M|100\/100\n|turn|28\n|\n|t:|1700660537\n|move|p2a: Klefki|Reflect|p2a: Klefki\n|-sidestart|p2: Justznic|Reflect\n|move|p1a: Satis Rosea|Stealth Rock|p2a: Klefki\n|-sidestart|p2: Justznic|move: Stealth Rock\n|\n|upkeep\n|turn|29\n|\n|t:|1700660543\n|move|p2a: Klefki|Spikes|p1a: Satis Rosea\n|-sidestart|p1: puddingss|Spikes\n|move|p1a: Satis Rosea|Will-O-Wisp|p2a: Klefki\n|-status|p2a: Klefki|brn\n|\n|-damage|p2a: Klefki|95\/100 brn|[from] brn\n|upkeep\n|turn|30\n|\n|t:|1700660550\n|switch|p2a: Mew|Mew|80\/100 brn\n|-damage|p2a: Mew|67\/100 brn|[from] Stealth Rock\n|move|p1a: Satis Rosea|Recover|p1a: Satis Rosea\n|-heal|p1a: Satis Rosea|100\/100\n|\n|-damage|p2a: Mew|61\/100 brn|[from] brn\n|upkeep\n|turn|31\n|\n|t:|1700660554\n|move|p1a: Satis Rosea|Foul Play|p2a: Mew\n|-supereffective|p2a: Mew\n|-damage|p2a: Mew|39\/100 brn\n|move|p2a: Mew|Imprison|p2a: Mew\n|-start|p2a: Mew|move: Imprison\n|\n|-damage|p2a: Mew|33\/100 brn|[from] brn\n|upkeep\n|turn|32\n|\n|t:|1700660566\n|move|p1a: Satis Rosea|Will-O-Wisp|p2a: Mew|[miss]\n|-miss|p1a: Satis Rosea|p2a: Mew\n|move|p2a: Mew|Transform|p1a: Satis Rosea\n|-transform|p2a: Mew|p1a: Satis Rosea\n|\n|-damage|p2a: Mew|26\/100 brn|[from] brn\n|-sideend|p2: Justznic|Reflect\n|upkeep\n|turn|33\n|\n|t:|1700660573\n|move|p2a: Mew|Recover|p2a: Mew\n|-heal|p2a: Mew|76\/100 brn\n|-activate|p1a: Satis Rosea|move: Struggle\n|move|p1a: Satis Rosea|Struggle|p2a: Mew\n|-damage|p2a: Mew|69\/100 brn\n|-damage|p1a: Satis Rosea|75\/100|[from] recoil\n|\n|-damage|p2a: Mew|63\/100 brn|[from] brn\n|upkeep\n|turn|34\n|-message|puddingss forfeited.\n|\n|win|Justznic\n|raw|puddingss's rating: 1588 &rarr; <strong>1562<\/strong><br \/>(-26 for losing)\n|raw|Justznic's rating: 1480 &rarr; <strong>1506<\/strong><br \/>(+26 for winning)\n|l|\u2606puddingss\n|j|\u2606puddingss\n|player|p1|puddingss|steven\n|l|\u2606Justznic\n","uploadtime":1700660628,"views":0,"p1id":"puddingss","p2id":"justznic","formatid":"gen9nationaldexubers","rating":1506,"private":0,"password":""}