{"id":"gen9nationaldexubers-1997501869","p1":"Error404Unknown","p2":"zf98","format":"[Gen 9] National Dex Ubers","log":"|j|\u2606Error404Unknown\n|j|\u2606zf98\n|t:|1700816345\n|gametype|singles\n|player|p1|Error404Unknown|170|1527\n|player|p2|zf98|169|1516\n|teamsize|p1|6\n|teamsize|p2|6\n|gen|9\n|tier|[Gen 9] National Dex Ubers\n|rated|\n|rule|HP Percentage Mod: HP is shown in percentages\n|rule|Endless Battle Clause: Forcing endless battles is banned\n|rule|OHKO Clause: OHKO moves are banned\n|rule|Evasion Moves Clause: Evasion moves are banned\n|rule|Evasion Items Clause: Evasion items are banned\n|rule|Species Clause: Limit one of each Pok\u00e9mon\n|rule|Sleep Clause Mod: Limit one foe put to sleep\n|rule|Mega Rayquaza Clause: You cannot mega evolve Rayquaza\n|clearpoke\n|poke|p1|Arceus|\n|poke|p1|Yveltal|\n|poke|p1|Groudon|\n|poke|p1|Zacian-*|\n|poke|p1|Eternatus|\n|poke|p1|Ho-Oh|\n|poke|p2|Basculegion, M|\n|poke|p2|Banette, M|\n|poke|p2|Giratina-Origin|\n|poke|p2|Arceus|\n|poke|p2|Zekrom|\n|poke|p2|Xerneas-*|\n|teampreview\n|\n|t:|1700816357\n|start\n|switch|p1a: Special Sweeper|Groudon|100\/100\n|switch|p2a: Giratina|Giratina-Origin|100\/100\n|detailschange|p1a: Special Sweeper|Groudon-Primal\n|-primal|p1a: Special Sweeper|Red Orb\n|-weather|DesolateLand|[from] ability: Desolate Land|[of] p1a: Special Sweeper\n|turn|1\n|inactive|Battle timer is ON: inactive players will automatically lose when time's up. (requested by zf98)\n|\n|t:|1700816377\n|move|p2a: Giratina|Poltergeist|p1a: Special Sweeper|[miss]\n|-miss|p2a: Giratina|p1a: Special Sweeper\n|move|p1a: Special Sweeper|Will-O-Wisp|p2a: Giratina\n|-status|p2a: Giratina|brn\n|\n|-weather|DesolateLand|[upkeep]\n|-damage|p2a: Giratina|94\/100 brn|[from] brn\n|upkeep\n|turn|2\n|\n|t:|1700816389\n|-weather|none\n|switch|p1a: Stall core|Zacian-Crowned|100\/100\n|-ability|p1a: Stall core|Intrepid Sword|boost\n|-boost|p1a: Stall core|atk|1\n|move|p2a: Giratina|Poltergeist|p1a: Stall core|[miss]\n|-miss|p2a: Giratina|p1a: Stall core\n|\n|-damage|p2a: Giratina|88\/100 brn|[from] brn\n|upkeep\n|turn|3\n|inactive|Error404Unknown has 120 seconds left.\n|\n|t:|1700816433\n|move|p1a: Stall core|Play Rough|p2a: Giratina\n|-supereffective|p2a: Giratina\n|-damage|p2a: Giratina|0 fnt\n|faint|p2a: Giratina\n|\n|upkeep\n|\n|t:|1700816445\n|switch|p2a: Banette|Banette, M|100\/100\n|-item|p1a: Stall core|Rusted Sword|[from] ability: Frisk|[of] p2a: Banette|[identify]\n|turn|4\n|inactive|Error404Unknown has 120 seconds left.\n|\n|t:|1700816454\n|detailschange|p2a: Banette|Banette-Mega, M\n|-mega|p2a: Banette|Banette|Banettite\n|move|p2a: Banette|Will-O-Wisp|p1a: Stall core\n|-status|p1a: Stall core|brn\n|move|p1a: Stall core|Behemoth Blade|p2a: Banette\n|-damage|p2a: Banette|27\/100\n|\n|-damage|p1a: Stall core|94\/100 brn|[from] brn\n|upkeep\n|turn|5\n|\n|t:|1700816465\n|move|p2a: Banette|Destiny Bond|p2a: Banette\n|-singlemove|p2a: Banette|Destiny Bond\n|move|p1a: Stall core|Behemoth Blade|p2a: Banette\n|-damage|p2a: Banette|0 fnt\n|faint|p2a: Banette\n|-activate|p2a: Banette|move: Destiny Bond\n|faint|p1a: Stall core\n|\n|upkeep\n|\n|t:|1700816480\n|switch|p1a: Physical Wall|Yveltal|100\/100\n|switch|p2a: Xerneas|Xerneas|100\/100\n|-ability|p2a: Xerneas|Fairy Aura\n|-ability|p1a: Physical Wall|Dark Aura\n|turn|6\n|inactive|Error404Unknown has 120 seconds left.\n|\n|t:|1700816505\n|switch|p1a: Ho-Oh|Ho-Oh|100\/100\n|move|p2a: Xerneas|Geomancy||[still]\n|-prepare|p2a: Xerneas|Geomancy\n|-enditem|p2a: Xerneas|Power Herb\n|-anim|p2a: Xerneas|Geomancy|p2a: Xerneas\n|-boost|p2a: Xerneas|spa|2\n|-boost|p2a: Xerneas|spd|2\n|-boost|p2a: Xerneas|spe|2\n|\n|upkeep\n|turn|7\n|\n|t:|1700816515\n|move|p2a: Xerneas|Thunder|p1a: Ho-Oh|[miss]\n|-miss|p2a: Xerneas|p1a: Ho-Oh\n|move|p1a: Ho-Oh|Whirlwind|p2a: Xerneas\n|drag|p2a: Basculegion|Basculegion, M|100\/100\n|\n|upkeep\n|turn|8\n|\n|t:|1700816531\n|-terastallize|p2a: Basculegion|Water\n|move|p2a: Basculegion|Wave Crash|p1a: Ho-Oh\n|-supereffective|p1a: Ho-Oh\n|-damage|p1a: Ho-Oh|0 fnt\n|faint|p1a: Ho-Oh\n|-damage|p2a: Basculegion|65\/100|[from] Recoil\n|\n|upkeep\n|\n|t:|1700816549\n|switch|p1a: Eternatus|Eternatus|100\/100\n|-ability|p1a: Eternatus|Pressure\n|turn|9\n|\n|t:|1700816562\n|move|p2a: Basculegion|Wave Crash|p1a: Eternatus\n|-resisted|p1a: Eternatus\n|-damage|p1a: Eternatus|63\/100\n|-damage|p2a: Basculegion|50\/100|[from] Recoil\n|move|p1a: Eternatus|Meteor Beam||[still]\n|-prepare|p1a: Eternatus|Meteor Beam\n|-boost|p1a: Eternatus|spa|1\n|-enditem|p1a: Eternatus|Power Herb\n|-anim|p1a: Eternatus|Meteor Beam|p2a: Basculegion\n|-damage|p2a: Basculegion|0 fnt\n|faint|p2a: Basculegion\n|\n|upkeep\n|\n|t:|1700816576\n|switch|p2a: Xerneas|Xerneas|100\/100\n|-ability|p2a: Xerneas|Fairy Aura\n|turn|10\n|\n|t:|1700816588\n|move|p1a: Eternatus|Sludge Wave|p2a: Xerneas\n|-supereffective|p2a: Xerneas\n|-damage|p2a: Xerneas|0 fnt\n|faint|p2a: Xerneas\n|\n|upkeep\n|\n|t:|1700816595\n|switch|p2a: Arceus|Arceus|100\/100\n|turn|11\n|\n|t:|1700816601\n|move|p1a: Eternatus|Dynamax Cannon|p2a: Arceus\n|-damage|p2a: Arceus|46\/100\n|move|p2a: Arceus|Swords Dance|p2a: Arceus\n|-boost|p2a: Arceus|atk|2\n|\n|upkeep\n|turn|12\n|\n|t:|1700816608\n|move|p2a: Arceus|Extreme Speed|p1a: Eternatus\n|-damage|p1a: Eternatus|0 fnt\n|faint|p1a: Eternatus\n|\n|upkeep\n|\n|t:|1700816615\n|switch|p1a: Physical Wall|Yveltal|100\/100\n|-ability|p1a: Physical Wall|Dark Aura\n|turn|13\n|\n|t:|1700816621\n|-terastallize|p1a: Physical Wall|Ghost\n|move|p2a: Arceus|Extreme Speed|p1a: Physical Wall\n|-immune|p1a: Physical Wall\n|move|p1a: Physical Wall|Foul Play|p2a: Arceus\n|-damage|p2a: Arceus|0 fnt\n|faint|p2a: Arceus\n|\n|upkeep\n|\n|t:|1700816630\n|switch|p2a: Zekrom|Zekrom|100\/100\n|-ability|p2a: Zekrom|Teravolt\n|turn|14\n|\n|t:|1700816638\n|move|p2a: Zekrom|Dragon Dance|p2a: Zekrom\n|-boost|p2a: Zekrom|atk|1\n|-boost|p2a: Zekrom|spe|1\n|move|p1a: Physical Wall|Foul Play|p2a: Zekrom\n|-damage|p2a: Zekrom|10\/100\n|\n|upkeep\n|turn|15\n|\n|t:|1700816646\n|move|p2a: Zekrom|Bolt Strike|p1a: Physical Wall\n|-damage|p1a: Physical Wall|14\/100\n|move|p1a: Physical Wall|Foul Play|p2a: Zekrom\n|-damage|p2a: Zekrom|0 fnt\n|faint|p2a: Zekrom\n|\n|win|Error404Unknown\n|raw|Error404Unknown's rating: 1527 &rarr; <strong>1546<\/strong><br \/>(+19 for winning)\n|raw|zf98's rating: 1516 &rarr; <strong>1497<\/strong><br \/>(-19 for losing)\n|l|\u2606zf98\n","uploadtime":1700816661,"views":5,"p1id":"error404unknown","p2id":"zf98","formatid":"gen9nationaldexubers","rating":1497,"private":0,"password":""}