{"id":"gen9nationaldexubers-1989242906","p1":"RositaV (TRAINER)","p2":"HarukaSlowpoke","format":"[Gen 9] National Dex Ubers","log":"|j|\u2606RositaV (TRAINER)\n|j|\u2606HarukaSlowpoke\n|t:|1699827230\n|gametype|singles\n|player|p1|RositaV (TRAINER)|rosa|\n|player|p2|HarukaSlowpoke|veteran|\n|teamsize|p1|6\n|teamsize|p2|6\n|gen|9\n|tier|[Gen 9] National Dex Ubers\n|rule|HP Percentage Mod: HP is shown in percentages\n|rule|Endless Battle Clause: Forcing endless battles is banned\n|rule|OHKO Clause: OHKO moves are banned\n|rule|Evasion Moves Clause: Evasion moves are banned\n|rule|Evasion Items Clause: Evasion items are banned\n|rule|Species Clause: Limit one of each Pok\u00e9mon\n|rule|Sleep Clause Mod: Limit one foe put to sleep\n|rule|Mega Rayquaza Clause: You cannot mega evolve Rayquaza\n|clearpoke\n|poke|p1|Charizard, M|\n|poke|p1|Lucario, M|\n|poke|p1|Garchomp, M|\n|poke|p1|Gardevoir, F|\n|poke|p1|Greninja-*, M|\n|poke|p1|Luxray, M|\n|poke|p2|Slowbro, F|\n|poke|p2|Hatterene, F|\n|poke|p2|Grimmsnarl, M|\n|poke|p2|Skeledirge, M|\n|poke|p2|Meowscarada, F|\n|poke|p2|Excadrill, F|\n|teampreview\n|inactive|Battle timer is ON: inactive players will automatically lose when time's up. (requested by HarukaSlowpoke)\n|\n|t:|1699827242\n|start\n|switch|p1a: Rayo de luz|Luxray, M|100\/100\n|switch|p2a: Grimmsnarl|Grimmsnarl, M|100\/100\n|-ability|p1a: Rayo de luz|Intimidate|boost\n|-unboost|p2a: Grimmsnarl|atk|1\n|turn|1\n|\n|t:|1699827257\n|move|p2a: Grimmsnarl|Parting Shot|p1a: Rayo de luz\n|-unboost|p1a: Rayo de luz|atk|1\n|-unboost|p1a: Rayo de luz|spa|1\n|\n|t:|1699827261\n|switch|p2a: Excadrill|Excadrill, F|100\/100|[from] Parting Shot\n|-ability|p2a: Excadrill|Mold Breaker\n|move|p1a: Rayo de luz|Wild Charge|p2a: Excadrill\n|-immune|p2a: Excadrill\n|\n|upkeep\n|turn|2\n|\n|t:|1699827276\n|switch|p1a: Ghithy Red|Charizard, M|100\/100\n|move|p2a: Excadrill|Swords Dance|p2a: Excadrill\n|-boost|p2a: Excadrill|atk|2\n|\n|upkeep\n|turn|3\n|\n|t:|1699827297\n|switch|p2a: Skeledirge|Skeledirge, M|100\/100\n|move|p1a: Ghithy Red|Focus Blast|p2a: Skeledirge\n|-immune|p2a: Skeledirge\n|\n|upkeep\n|turn|4\n|inactive|HarukaSlowpoke has 270 seconds left.\n|\n|t:|1699827321\n|move|p1a: Ghithy Red|Dragon Pulse|p2a: Skeledirge\n|-damage|p2a: Skeledirge|82\/100\n|move|p2a: Skeledirge|Torch Song|p1a: Ghithy Red\n|-resisted|p1a: Ghithy Red\n|-damage|p1a: Ghithy Red|76\/100\n|-boost|p2a: Skeledirge|spa|1\n|\n|upkeep\n|turn|5\n|\n|t:|1699827332\n|move|p1a: Ghithy Red|Air Slash|p2a: Skeledirge\n|-damage|p2a: Skeledirge|56\/100\n|cant|p2a: Skeledirge|flinch\n|\n|upkeep\n|turn|6\n|\n|t:|1699827339\n|move|p1a: Ghithy Red|Air Slash|p2a: Skeledirge\n|-damage|p2a: Skeledirge|31\/100\n|cant|p2a: Skeledirge|flinch\n|\n|upkeep\n|turn|7\n|\n|t:|1699827350\n|move|p1a: Ghithy Red|Air Slash|p2a: Skeledirge|[miss]\n|-miss|p1a: Ghithy Red|p2a: Skeledirge\n|move|p2a: Skeledirge|Snarl|p1a: Ghithy Red\n|-damage|p1a: Ghithy Red|43\/100\n|-unboost|p1a: Ghithy Red|spa|1\n|\n|upkeep\n|turn|8\n|\n|t:|1699827358\n|move|p1a: Ghithy Red|Air Slash|p2a: Skeledirge\n|-damage|p2a: Skeledirge|3\/100\n|move|p2a: Skeledirge|Torch Song|p1a: Ghithy Red\n|-resisted|p1a: Ghithy Red\n|-damage|p1a: Ghithy Red|5\/100\n|-boost|p2a: Skeledirge|spa|1\n|\n|upkeep\n|turn|9\n|\n|t:|1699827370\n|switch|p2a: Grimmsnarl|Grimmsnarl, M|100\/100\n|move|p1a: Ghithy Red|Air Slash|p2a: Grimmsnarl\n|-damage|p2a: Grimmsnarl|81\/100\n|\n|upkeep\n|turn|10\n|\n|t:|1699827378\n|move|p2a: Grimmsnarl|Light Screen|p2a: Grimmsnarl\n|-sidestart|p2: HarukaSlowpoke|move: Light Screen\n|move|p1a: Ghithy Red|Focus Blast|p2a: Grimmsnarl\n|-damage|p2a: Grimmsnarl|71\/100\n|\n|upkeep\n|turn|11\n|\n|t:|1699827388\n|move|p2a: Grimmsnarl|Sucker Punch|p1a: Ghithy Red\n|-damage|p1a: Ghithy Red|0 fnt\n|faint|p1a: Ghithy Red\n|\n|upkeep\n|\n|t:|1699827399\n|switch|p1a: Saponinja|Greninja, M|100\/100\n|turn|12\n|\n|t:|1699827407\n|move|p2a: Grimmsnarl|Parting Shot|p1a: Saponinja\n|-hint|Since gen 7, Dark is immune to Prankster moves.\n|-immune|p1a: Saponinja\n|move|p1a: Saponinja|Gunk Shot|p2a: Grimmsnarl\n|-start|p1a: Saponinja|typechange|Poison|[from] ability: Protean\n|-supereffective|p2a: Grimmsnarl\n|-damage|p2a: Grimmsnarl|0 fnt\n|faint|p2a: Grimmsnarl\n|\n|upkeep\n|inactive|HarukaSlowpoke has 270 seconds left.\n|\n|t:|1699827439\n|switch|p2a: Meowscarada|Meowscarada, F|100\/100\n|turn|13\n|\n|t:|1699827444\n|move|p2a: Meowscarada|Protect|p2a: Meowscarada\n|-start|p2a: Meowscarada|typechange|Normal|[from] ability: Protean\n|-singleturn|p2a: Meowscarada|Protect\n|move|p1a: Saponinja|Gunk Shot|p2a: Meowscarada\n|-activate|p2a: Meowscarada|move: Protect\n|\n|upkeep\n|turn|14\n|\n|t:|1699827461\n|move|p1a: Saponinja|Gunk Shot|p2a: Meowscarada|[miss]\n|-miss|p1a: Saponinja|p2a: Meowscarada\n|move|p2a: Meowscarada|Trick Room|p2a: Meowscarada\n|-fieldstart|move: Trick Room|[of] p2a: Meowscarada\n|\n|-sideend|p2: HarukaSlowpoke|move: Light Screen\n|upkeep\n|turn|15\n|l|\u2606RositaV (TRAINER)\n|inactive|RositaV (TRAINER) disconnected and has 300 seconds to reconnect!\n|player|p1|\n|j|\u2606RositaV (TRAINER)\n|inactive|RositaV (TRAINER) reconnected and has 290 seconds left.\n|player|p1|RositaV (TRAINER)|rosa\n|\n|t:|1699827481\n|switch|p1a: Rayo de luz|Luxray, M|100\/100\n|-ability|p1a: Rayo de luz|Intimidate|boost\n|-unboost|p2a: Meowscarada|atk|1\n|switch|p2a: Excadrill|Excadrill, F|100\/100\n|-ability|p2a: Excadrill|Mold Breaker\n|\n|upkeep\n|turn|16\n|l|\u2606RositaV (TRAINER)\n|inactive|RositaV (TRAINER) disconnected and has 295 seconds to reconnect!\n|player|p1|\n|j|\u2606RositaV (TRAINER)\n|inactive|RositaV (TRAINER) reconnected and has 285 seconds left.\n|player|p1|RositaV (TRAINER)|rosa\n|\n|t:|1699827512\n|move|p2a: Excadrill|Swords Dance|p2a: Excadrill\n|-boost|p2a: Excadrill|atk|2\n|move|p1a: Rayo de luz|Ice Fang|p2a: Excadrill\n|-damage|p2a: Excadrill|75\/100\n|\n|upkeep\n|turn|17\n|\n|t:|1699827525\n|move|p2a: Excadrill|Drill Run|p1a: Rayo de luz\n|-supereffective|p1a: Rayo de luz\n|-damage|p1a: Rayo de luz|0 fnt\n|faint|p1a: Rayo de luz\n|\n|upkeep\n|inactive|RositaV (TRAINER) has 270 seconds left.\n|\n|t:|1699827564\n|switch|p1a: Mapache Man|Lucario, M|100\/100\n|turn|18\n|\n|t:|1699827587\n|move|p1a: Mapache Man|Extreme Speed|p2a: Excadrill\n|-resisted|p2a: Excadrill\n|-damage|p2a: Excadrill|55\/100\n|-damage|p1a: Mapache Man|91\/100|[from] item: Life Orb\n|move|p2a: Excadrill|Drill Run|p1a: Mapache Man|[miss]\n|-miss|p2a: Excadrill|p1a: Mapache Man\n|\n|-fieldend|move: Trick Room\n|upkeep\n|turn|19\n|inactive|HarukaSlowpoke has 270 seconds left.\n|\n|t:|1699827613\n|-terastallize|p2a: Excadrill|Grass\n|move|p1a: Mapache Man|Swords Dance|p1a: Mapache Man\n|-boost|p1a: Mapache Man|atk|2\n|move|p2a: Excadrill|Rapid Spin|p1a: Mapache Man\n|-resisted|p1a: Mapache Man\n|-damage|p1a: Mapache Man|61\/100\n|-boost|p2a: Excadrill|spe|1\n|\n|upkeep\n|turn|20\n|inactive|RositaV (TRAINER) has 240 seconds left.\n|\n|t:|1699827633\n|move|p2a: Excadrill|Drill Run|p1a: Mapache Man\n|-supereffective|p1a: Mapache Man\n|-damage|p1a: Mapache Man|0 fnt\n|faint|p1a: Mapache Man\n|\n|upkeep\n|\n|t:|1699827641\n|switch|p1a: Saponinja|Greninja, M|100\/100\n|turn|21\n|inactive|RositaV (TRAINER) has 240 seconds left.\n|inactive|HarukaSlowpoke has 270 seconds left.\n|\n|t:|1699827647\n|move|p1a: Saponinja|Gunk Shot|p2a: Excadrill\n|-start|p1a: Saponinja|typechange|Poison|[from] ability: Protean\n|-supereffective|p2a: Excadrill\n|-damage|p2a: Excadrill|0 fnt\n|faint|p2a: Excadrill\n|\n|upkeep\n|inactive|HarukaSlowpoke has 270 seconds left.\n|\n|t:|1699827657\n|switch|p2a: Slowbro|Slowbro, F|100\/100\n|turn|22\n|\n|t:|1699827665\n|detailschange|p2a: Slowbro|Slowbro-Mega, F\n|-mega|p2a: Slowbro|Slowbro|Slowbronite\n|move|p1a: Saponinja|Dark Pulse|p2a: Slowbro\n|-supereffective|p2a: Slowbro\n|-damage|p2a: Slowbro|60\/100\n|move|p2a: Slowbro|Trick Room|p2a: Slowbro\n|-fieldstart|move: Trick Room|[of] p2a: Slowbro\n|\n|upkeep\n|turn|23\n|inactive|RositaV (TRAINER) has 240 seconds left.\n|\n|t:|1699827686\n|move|p2a: Slowbro|Psychic|p1a: Saponinja\n|-supereffective|p1a: Saponinja\n|-damage|p1a: Saponinja|0 fnt\n|faint|p1a: Saponinja\n|\n|upkeep\n|inactive|RositaV (TRAINER) has 240 seconds left.\n|\n|t:|1699827693\n|switch|p1a: \ud835\udcd6\ud835\udcea\ud835\udcfb\ud835\udced\ud835\udcee\ud835\udcff\ud835\udcf8\ud835\udcf2\ud835\udcfb|Gardevoir, F, shiny|100\/100\n|-ability|p1a: \ud835\udcd6\ud835\udcea\ud835\udcfb\ud835\udced\ud835\udcee\ud835\udcff\ud835\udcf8\ud835\udcf2\ud835\udcfb|Shell Armor|[from] ability: Trace|[of] p2a: Slowbro\n|turn|24\n|\n|t:|1699827702\n|move|p2a: Slowbro|Nasty Plot|p2a: Slowbro\n|-boost|p2a: Slowbro|spa|2\n|move|p1a: \ud835\udcd6\ud835\udcea\ud835\udcfb\ud835\udced\ud835\udcee\ud835\udcff\ud835\udcf8\ud835\udcf2\ud835\udcfb|Moonblast|p2a: Slowbro\n|-damage|p2a: Slowbro|9\/100\n|-damage|p1a: \ud835\udcd6\ud835\udcea\ud835\udcfb\ud835\udced\ud835\udcee\ud835\udcff\ud835\udcf8\ud835\udcf2\ud835\udcfb|91\/100|[from] item: Life Orb\n|\n|upkeep\n|turn|25\n|inactive|RositaV (TRAINER) has 240 seconds left.\n|\n|t:|1699827717\n|move|p2a: Slowbro|Scald|p1a: \ud835\udcd6\ud835\udcea\ud835\udcfb\ud835\udced\ud835\udcee\ud835\udcff\ud835\udcf8\ud835\udcf2\ud835\udcfb\n|-damage|p1a: \ud835\udcd6\ud835\udcea\ud835\udcfb\ud835\udced\ud835\udcee\ud835\udcff\ud835\udcf8\ud835\udcf2\ud835\udcfb|13\/100\n|move|p1a: \ud835\udcd6\ud835\udcea\ud835\udcfb\ud835\udced\ud835\udcee\ud835\udcff\ud835\udcf8\ud835\udcf2\ud835\udcfb|Mystical Fire|p2a: Slowbro\n|-resisted|p2a: Slowbro\n|-damage|p2a: Slowbro|0 fnt\n|faint|p2a: Slowbro\n|-damage|p1a: \ud835\udcd6\ud835\udcea\ud835\udcfb\ud835\udced\ud835\udcee\ud835\udcff\ud835\udcf8\ud835\udcf2\ud835\udcfb|3\/100|[from] item: Life Orb\n|\n|upkeep\n|\n|t:|1699827730\n|switch|p2a: Skeledirge|Skeledirge, M|3\/100\n|turn|26\n|l|\u2606RositaV (TRAINER)\n|inactive|RositaV (TRAINER) disconnected and has 285 seconds to reconnect!\n|player|p1|\n|inactive|RositaV (TRAINER) has 270 seconds to reconnect!\n|j|\u2606RositaV (TRAINER)\n|inactive|RositaV (TRAINER) reconnected and has 250 seconds left.\n|player|p1|RositaV (TRAINER)|rosa\n|inactive|RositaV (TRAINER) has 240 seconds left.\n|\n|t:|1699827777\n|move|p2a: Skeledirge|Shadow Ball|p1a: \ud835\udcd6\ud835\udcea\ud835\udcfb\ud835\udced\ud835\udcee\ud835\udcff\ud835\udcf8\ud835\udcf2\ud835\udcfb\n|-supereffective|p1a: \ud835\udcd6\ud835\udcea\ud835\udcfb\ud835\udced\ud835\udcee\ud835\udcff\ud835\udcf8\ud835\udcf2\ud835\udcfb\n|-damage|p1a: \ud835\udcd6\ud835\udcea\ud835\udcfb\ud835\udced\ud835\udcee\ud835\udcff\ud835\udcf8\ud835\udcf2\ud835\udcfb|0 fnt\n|faint|p1a: \ud835\udcd6\ud835\udcea\ud835\udcfb\ud835\udced\ud835\udcee\ud835\udcff\ud835\udcf8\ud835\udcf2\ud835\udcfb\n|\n|-fieldend|move: Trick Room\n|upkeep\n|\n|t:|1699827784\n|switch|p1a: Tibur\u00f3n Martillo|Garchomp, M|100\/100\n|turn|27\n|\n|t:|1699827796\n|move|p1a: Tibur\u00f3n Martillo|Swords Dance|p1a: Tibur\u00f3n Martillo\n|-boost|p1a: Tibur\u00f3n Martillo|atk|2\n|move|p2a: Skeledirge|Shadow Ball|p1a: Tibur\u00f3n Martillo\n|-damage|p1a: Tibur\u00f3n Martillo|56\/100\n|\n|-heal|p1a: Tibur\u00f3n Martillo|62\/100|[from] item: Leftovers\n|upkeep\n|turn|28\n|inactive|RositaV (TRAINER) has 240 seconds left.\n|\n|t:|1699827809\n|move|p1a: Tibur\u00f3n Martillo|Earthquake|p2a: Skeledirge\n|-supereffective|p2a: Skeledirge\n|-damage|p2a: Skeledirge|0 fnt\n|faint|p2a: Skeledirge\n|\n|-heal|p1a: Tibur\u00f3n Martillo|68\/100|[from] item: Leftovers\n|upkeep\n|l|\u2606RositaV (TRAINER)\n|inactive|RositaV (TRAINER) disconnected and has 265 seconds to reconnect!\n|player|p1|\n|\n|t:|1699827819\n|switch|p2a: Meowscarada|Meowscarada, F|100\/100\n|turn|29\n|j|\u2606RositaV (TRAINER)\n|inactive|RositaV (TRAINER) reconnected and has 250 seconds left.\n|player|p1|RositaV (TRAINER)|rosa\n|inactive|RositaV (TRAINER) has 240 seconds left.\n|\n|t:|1699827837\n|-terastallize|p1a: Tibur\u00f3n Martillo|Steel\n|move|p1a: Tibur\u00f3n Martillo|Swords Dance|p1a: Tibur\u00f3n Martillo\n|-boost|p1a: Tibur\u00f3n Martillo|atk|2\n|move|p2a: Meowscarada|Trick Room|p2a: Meowscarada\n|-start|p2a: Meowscarada|typechange|Psychic|[from] ability: Protean\n|-fieldstart|move: Trick Room|[of] p2a: Meowscarada\n|\n|-heal|p1a: Tibur\u00f3n Martillo|74\/100|[from] item: Leftovers\n|upkeep\n|turn|30\n|inactive|RositaV (TRAINER) has 240 seconds left.\n|\n|t:|1699827856\n|move|p1a: Tibur\u00f3n Martillo|Earthquake|p2a: Meowscarada\n|-damage|p2a: Meowscarada|0 fnt\n|faint|p2a: Meowscarada\n|\n|-heal|p1a: Tibur\u00f3n Martillo|81\/100|[from] item: Leftovers\n|upkeep\n|\n|t:|1699827863\n|switch|p2a: Hatterene|Hatterene, F|100\/100\n|turn|31\n|\n|t:|1699827872\n|move|p2a: Hatterene|Psychic|p1a: Tibur\u00f3n Martillo\n|-resisted|p1a: Tibur\u00f3n Martillo\n|-damage|p1a: Tibur\u00f3n Martillo|56\/100\n|move|p1a: Tibur\u00f3n Martillo|Earthquake|p2a: Hatterene\n|-damage|p2a: Hatterene|0 fnt\n|faint|p2a: Hatterene\n|\n|win|RositaV (TRAINER)\n","uploadtime":1699827913,"views":19,"p1id":"rositavtrainer","p2id":"harukaslowpoke","formatid":"gen9nationaldexubers","rating":0,"private":0,"password":""}