{"id":"gen9nationaldexubers-1995130056","p1":"ColdSobaNoodle","p2":"Gran gran","format":"[Gen 9] National Dex Ubers","log":"|j|\u2606ColdSobaNoodle\n|j|\u2606Gran gran\n|t:|1700525893\n|gametype|singles\n|player|p1|ColdSobaNoodle|cynthia|\n|player|p2|Gran gran|101|\n|teamsize|p1|6\n|teamsize|p2|6\n|gen|9\n|tier|[Gen 9] National Dex Ubers\n|rule|HP Percentage Mod: HP is shown in percentages\n|rule|Endless Battle Clause: Forcing endless battles is banned\n|rule|OHKO Clause: OHKO moves are banned\n|rule|Evasion Moves Clause: Evasion moves are banned\n|rule|Evasion Items Clause: Evasion items are banned\n|rule|Species Clause: Limit one of each Pok\u00e9mon\n|rule|Sleep Clause Mod: Limit one foe put to sleep\n|rule|Mega Rayquaza Clause: You cannot mega evolve Rayquaza\n|clearpoke\n|poke|p1|Dachsbun, M|\n|poke|p1|Zygarde-10%|\n|poke|p1|Banette, M|\n|poke|p1|Ninetales-Alola, F|\n|poke|p1|Corviknight, M|\n|poke|p1|Arctozolt|\n|poke|p2|Blaziken, F|\n|poke|p2|Nidoking, M|\n|poke|p2|Chansey, F|\n|poke|p2|Gastrodon, M|\n|poke|p2|Rillaboom, F|\n|poke|p2|Skarmory, F|\n|teampreview\n|c|\u2606Gran gran|one sec i gotta pee\n|j| Smackey_5\n|c|\u2606ColdSobaNoodle|first\n|j| MiniBearGrahams\n|c|\u2606ColdSobaNoodle|gonna go pee as well\n|j| Lunar Sloth\n|j| Demolution545\n|c|\u2606ColdSobaNoodle|k back\n|c| Smackey_5|My phone on 20% pls hurry\n|j| VoIteon\n|c|\u2606ColdSobaNoodle|who's ready for an hour more?\n|c|\u2606Gran gran|back\n|c| Demolution545|pls no\n|\n|t:|1700526052\n|start\n|switch|p1a: Jax|Zygarde-10%, shiny|100\/100\n|switch|p2a: Blaziken|Blaziken, F|100\/100\n|-ability|p1a: Jax|Aura Break\n|turn|1\n|j| Czar_agon\n|\n|t:|1700526103\n|switch|p2a: Gastrodon|Gastrodon, M|100\/100\n|move|p1a: Jax|Dragon Dance|p1a: Jax\n|-boost|p1a: Jax|atk|1\n|-boost|p1a: Jax|spe|1\n|\n|upkeep\n|turn|2\n|\n|t:|1700526121\n|switch|p1a: Zeppelin|Corviknight, M|100\/100\n|-ability|p1a: Zeppelin|Pressure\n|move|p2a: Gastrodon|Scald|p1a: Zeppelin\n|-damage|p1a: Zeppelin|76\/100\n|\n|upkeep\n|turn|3\n|\n|t:|1700526130\n|switch|p2a: Chansey|Chansey, F|100\/100\n|move|p1a: Zeppelin|U-turn|p2a: Chansey\n|-damage|p2a: Chansey|91\/100\n|\n|t:|1700526136\n|switch|p1a: Oogie Boogie|Banette, M, shiny|100\/100|[from] U-turn\n|-item|p2a: Chansey|Eviolite|[from] ability: Frisk|[of] p1a: Oogie Boogie|[identify]\n|\n|upkeep\n|turn|4\n|\n|t:|1700526139\n|switch|p2a: Skarmory|Skarmory, F|100\/100\n|detailschange|p1a: Oogie Boogie|Banette-Mega, M, shiny\n|-mega|p1a: Oogie Boogie|Banette|Banettite\n|move|p1a: Oogie Boogie|Knock Off|p2a: Skarmory\n|-damage|p2a: Skarmory|64\/100\n|-enditem|p2a: Skarmory|Leftovers|[from] move: Knock Off|[of] p1a: Oogie Boogie\n|\n|upkeep\n|turn|5\n|\n|t:|1700526147\n|move|p1a: Oogie Boogie|Shadow Claw|p2a: Skarmory\n|-damage|p2a: Skarmory|25\/100\n|move|p2a: Skarmory|Roost|p2a: Skarmory\n|-heal|p2a: Skarmory|75\/100\n|-singleturn|p2a: Skarmory|move: Roost\n|\n|upkeep\n|turn|6\n|\n|t:|1700526151\n|move|p1a: Oogie Boogie|Shadow Claw|p2a: Skarmory\n|-damage|p2a: Skarmory|39\/100\n|move|p2a: Skarmory|Roost|p2a: Skarmory\n|-heal|p2a: Skarmory|89\/100\n|-singleturn|p2a: Skarmory|move: Roost\n|\n|upkeep\n|turn|7\n|\n|t:|1700526158\n|move|p1a: Oogie Boogie|Shadow Claw|p2a: Skarmory\n|-damage|p2a: Skarmory|51\/100\n|move|p2a: Skarmory|Iron Head|p1a: Oogie Boogie\n|-damage|p1a: Oogie Boogie|69\/100\n|\n|upkeep\n|turn|8\n|\n|t:|1700526164\n|move|p1a: Oogie Boogie|Shadow Claw|p2a: Skarmory\n|-damage|p2a: Skarmory|11\/100\n|move|p2a: Skarmory|Roost|p2a: Skarmory\n|-heal|p2a: Skarmory|61\/100\n|-singleturn|p2a: Skarmory|move: Roost\n|\n|upkeep\n|turn|9\n|\n|t:|1700526167\n|move|p1a: Oogie Boogie|Shadow Claw|p2a: Skarmory\n|-damage|p2a: Skarmory|26\/100\n|move|p2a: Skarmory|Roost|p2a: Skarmory\n|-heal|p2a: Skarmory|76\/100\n|-singleturn|p2a: Skarmory|move: Roost\n|\n|upkeep\n|turn|10\n|inactive|Battle timer is ON: inactive players will automatically lose when time's up. (requested by ColdSobaNoodle)\n|\n|t:|1700526217\n|switch|p2a: Gastrodon|Gastrodon, M|100\/100\n|move|p1a: Oogie Boogie|Shadow Claw|p2a: Gastrodon\n|-damage|p2a: Gastrodon|68\/100\n|\n|-heal|p2a: Gastrodon|74\/100|[from] item: Leftovers\n|upkeep\n|turn|11\n|\n|t:|1700526225\n|switch|p1a: Zeppelin|Corviknight, M|76\/100\n|-ability|p1a: Zeppelin|Pressure\n|move|p2a: Gastrodon|Scald|p1a: Zeppelin\n|-damage|p1a: Zeppelin|53\/100\n|-status|p1a: Zeppelin|brn\n|\n|-heal|p2a: Gastrodon|80\/100|[from] item: Leftovers\n|-damage|p1a: Zeppelin|47\/100 brn|[from] brn\n|upkeep\n|turn|12\n|\n|t:|1700526231\n|move|p1a: Zeppelin|U-turn|p2a: Gastrodon\n|-damage|p2a: Gastrodon|75\/100\n|\n|t:|1700526242\n|switch|p1a: \u7a32\u8377|Ninetales-Alola, F, shiny|100\/100|[from] U-turn\n|-weather|Snow|[from] ability: Snow Warning|[of] p1a: \u7a32\u8377\n|move|p2a: Gastrodon|Recover|p2a: Gastrodon\n|-heal|p2a: Gastrodon|100\/100\n|\n|-weather|Snow|[upkeep]\n|upkeep\n|turn|13\n|j| m444rf\n|l| m444rf\n|j| m444rf\n|\n|t:|1700526253\n|switch|p2a: Chansey|Chansey, F|91\/100\n|move|p1a: \u7a32\u8377|Aurora Veil|p1a: \u7a32\u8377\n|-sidestart|p1: ColdSobaNoodle|move: Aurora Veil\n|\n|-weather|Snow|[upkeep]\n|upkeep\n|turn|14\n|\n|t:|1700526261\n|switch|p1a: Zeppelin|Corviknight, M|47\/100 brn\n|-ability|p1a: Zeppelin|Pressure\n|move|p2a: Chansey|Teleport|p2a: Chansey\n|\n|t:|1700526265\n|switch|p2a: Nidoking|Nidoking, M|100\/100|[from] Teleport\n|\n|-weather|Snow|[upkeep]\n|-damage|p1a: Zeppelin|41\/100 brn|[from] brn\n|upkeep\n|turn|15\n|l| m444rf\n|j| m444rf\n|l| m444rf\n|j| m444rf\n|\n|t:|1700526305\n|switch|p1a: Munchies|Dachsbun, M|100\/100\n|move|p2a: Nidoking|Flamethrower|p1a: Munchies\n|-ability|p1a: Munchies|Well-Baked Body|boost\n|-boost|p1a: Munchies|def|2\n|\n|-weather|Snow|[upkeep]\n|upkeep\n|turn|16\n|c|\u2606ColdSobaNoodle|sidenote both games were exactly 56 turns\n|inactive|Gran gran has 270 seconds left.\n|\n|t:|1700526332\n|move|p2a: Nidoking|Sludge Bomb|p1a: Munchies\n|-supereffective|p1a: Munchies\n|-damage|p1a: Munchies|28\/100\n|move|p1a: Munchies|Yawn|p2a: Nidoking\n|-start|p2a: Nidoking|move: Yawn|[of] p1a: Munchies\n|\n|-weather|Snow|[upkeep]\n|upkeep\n|turn|17\n|inactive|Gran gran has 270 seconds left.\n|inactive|ColdSobaNoodle has 270 seconds left.\n|\n|t:|1700526350\n|switch|p2a: Chansey|Chansey, F|91\/100\n|switch|p1a: Oogie Boogie|Banette-Mega, M, shiny|69\/100\n|\n|-weather|Snow|[upkeep]\n|-sideend|p1: ColdSobaNoodle|move: Aurora Veil\n|upkeep\n|turn|18\n|\n|t:|1700526359\n|switch|p2a: Gastrodon|Gastrodon, M|100\/100\n|move|p1a: Oogie Boogie|Knock Off|p2a: Gastrodon\n|-damage|p2a: Gastrodon|69\/100\n|-enditem|p2a: Gastrodon|Leftovers|[from] move: Knock Off|[of] p1a: Oogie Boogie\n|\n|-weather|Snow|[upkeep]\n|upkeep\n|turn|19\n|inactive|ColdSobaNoodle has 270 seconds left.\n|\n|t:|1700526381\n|move|p1a: Oogie Boogie|Shadow Claw|p2a: Gastrodon\n|-damage|p2a: Gastrodon|32\/100\n|move|p2a: Gastrodon|Recover|p2a: Gastrodon\n|-heal|p2a: Gastrodon|82\/100\n|\n|-weather|none\n|upkeep\n|turn|20\n|\n|t:|1700526386\n|move|p1a: Oogie Boogie|Pain Split|p2a: Gastrodon\n|-sethp|p2a: Gastrodon|68\/100|[from] move: Pain Split|[silent]\n|-sethp|p1a: Oogie Boogie|88\/100|[from] move: Pain Split\n|move|p2a: Gastrodon|Toxic|p1a: Oogie Boogie\n|-status|p1a: Oogie Boogie|tox\n|\n|-damage|p1a: Oogie Boogie|82\/100 tox|[from] psn\n|upkeep\n|turn|21\n|\n|t:|1700526391\n|move|p1a: Oogie Boogie|Shadow Claw|p2a: Gastrodon\n|-damage|p2a: Gastrodon|36\/100\n|move|p2a: Gastrodon|Recover|p2a: Gastrodon\n|-heal|p2a: Gastrodon|86\/100\n|\n|-damage|p1a: Oogie Boogie|69\/100 tox|[from] psn\n|upkeep\n|turn|22\n|\n|t:|1700526396\n|switch|p2a: Skarmory|Skarmory, F|76\/100\n|move|p1a: Oogie Boogie|Shadow Claw|p2a: Skarmory\n|-damage|p2a: Skarmory|40\/100\n|\n|-damage|p1a: Oogie Boogie|51\/100 tox|[from] psn\n|upkeep\n|turn|23\n|\n|t:|1700526406\n|move|p1a: Oogie Boogie|Shadow Claw|p2a: Skarmory\n|-damage|p2a: Skarmory|6\/100\n|move|p2a: Skarmory|Roost|p2a: Skarmory\n|-heal|p2a: Skarmory|56\/100\n|-singleturn|p2a: Skarmory|move: Roost\n|\n|-damage|p1a: Oogie Boogie|27\/100 tox|[from] psn\n|upkeep\n|turn|24\n|\n|t:|1700526414\n|move|p1a: Oogie Boogie|Pain Split|p2a: Skarmory\n|-sethp|p2a: Skarmory|42\/100|[from] move: Pain Split|[silent]\n|-sethp|p1a: Oogie Boogie|42\/100 tox|[from] move: Pain Split\n|move|p2a: Skarmory|Roost|p2a: Skarmory\n|-heal|p2a: Skarmory|92\/100\n|-singleturn|p2a: Skarmory|move: Roost\n|\n|-damage|p1a: Oogie Boogie|12\/100 tox|[from] psn\n|upkeep\n|turn|25\n|\n|t:|1700526422\n|move|p1a: Oogie Boogie|Pain Split|p2a: Skarmory\n|-sethp|p2a: Skarmory|51\/100|[from] move: Pain Split|[silent]\n|-sethp|p1a: Oogie Boogie|52\/100 tox|[from] move: Pain Split\n|move|p2a: Skarmory|Roost|p2a: Skarmory\n|-heal|p2a: Skarmory|100\/100\n|-singleturn|p2a: Skarmory|move: Roost\n|\n|-damage|p1a: Oogie Boogie|16\/100 tox|[from] psn\n|upkeep\n|turn|26\n|\n|t:|1700526432\n|switch|p1a: Zeppelin|Corviknight, M|41\/100 brn\n|-ability|p1a: Zeppelin|Pressure\n|move|p2a: Skarmory|Roost||[still]\n|-fail|p2a: Skarmory|heal\n|\n|-damage|p1a: Zeppelin|35\/100 brn|[from] brn\n|upkeep\n|turn|27\n|\n|t:|1700526435\n|move|p2a: Skarmory|Body Press|p1a: Zeppelin\n|-damage|p1a: Zeppelin|20\/100 brn\n|-damage|p2a: Skarmory|84\/100|[from] item: Rocky Helmet|[of] p1a: Zeppelin\n|move|p1a: Zeppelin|Roost|p1a: Zeppelin\n|-heal|p1a: Zeppelin|70\/100 brn\n|-singleturn|p1a: Zeppelin|move: Roost\n|\n|-damage|p1a: Zeppelin|64\/100 brn|[from] brn\n|upkeep\n|turn|28\n|\n|t:|1700526445\n|switch|p2a: Nidoking|Nidoking, M|100\/100\n|move|p1a: Zeppelin|U-turn|p2a: Nidoking\n|-resisted|p2a: Nidoking\n|-damage|p2a: Nidoking|95\/100\n|\n|t:|1700526450\n|switch|p1a: Jax|Zygarde-10%, shiny|100\/100|[from] U-turn\n|-ability|p1a: Jax|Aura Break\n|\n|upkeep\n|turn|29\n|\n|t:|1700526466\n|switch|p2a: Gastrodon|Gastrodon, M|86\/100\n|move|p1a: Jax|Dragon Dance|p1a: Jax\n|-boost|p1a: Jax|atk|1\n|-boost|p1a: Jax|spe|1\n|\n|upkeep\n|turn|30\n|\n|t:|1700526480\n|switch|p1a: \u7a32\u8377|Ninetales-Alola, F, shiny|100\/100\n|-weather|Snow|[from] ability: Snow Warning|[of] p1a: \u7a32\u8377\n|move|p2a: Gastrodon|Scald|p1a: \u7a32\u8377\n|-damage|p1a: \u7a32\u8377|68\/100\n|\n|-weather|Snow|[upkeep]\n|upkeep\n|turn|31\n|inactive|Gran gran has 270 seconds left.\n|\n|t:|1700526526\n|switch|p2a: Skarmory|Skarmory, F|84\/100\n|move|p1a: \u7a32\u8377|Heal Bell|p1a: \u7a32\u8377\n|-activate|p1a: \u7a32\u8377|move: Heal Bell\n|-curestatus|p1: Oogie Boogie|tox|[msg]\n|-curestatus|p1: Zeppelin|brn|[msg]\n|\n|-weather|Snow|[upkeep]\n|upkeep\n|turn|32\n|\n|t:|1700526543\n|move|p1a: \u7a32\u8377|Aurora Veil|p1a: \u7a32\u8377\n|-sidestart|p1: ColdSobaNoodle|move: Aurora Veil\n|move|p2a: Skarmory|Iron Head|p1a: \u7a32\u8377\n|-supereffective|p1a: \u7a32\u8377\n|-damage|p1a: \u7a32\u8377|24\/100\n|\n|-weather|Snow|[upkeep]\n|upkeep\n|turn|33\n|inactive|Gran gran has 270 seconds left.\n|\n|t:|1700526549\n|switch|p1a: Zeppelin|Corviknight, M|64\/100\n|-ability|p1a: Zeppelin|Pressure\n|move|p2a: Skarmory|Iron Head|p1a: Zeppelin\n|-resisted|p1a: Zeppelin\n|-damage|p1a: Zeppelin|61\/100\n|-damage|p2a: Skarmory|68\/100|[from] item: Rocky Helmet|[of] p1a: Zeppelin\n|\n|-weather|Snow|[upkeep]\n|upkeep\n|turn|34\n|inactive|Gran gran has 270 seconds left.\n|\n|t:|1700526567\n|move|p2a: Skarmory|Iron Defense|p2a: Skarmory\n|-boost|p2a: Skarmory|def|2\n|move|p1a: Zeppelin|U-turn|p2a: Skarmory\n|-resisted|p2a: Skarmory\n|-damage|p2a: Skarmory|66\/100\n|\n|t:|1700526578\n|switch|p1a: Chic Fil A|Arctozolt, shiny|100\/100|[from] U-turn\n|\n|-weather|Snow|[upkeep]\n|upkeep\n|turn|35\n|inactive|Gran gran has 270 seconds left.\n|\n|t:|1700526600\n|move|p1a: Chic Fil A|Bolt Beak|p2a: Skarmory\n|-supereffective|p2a: Skarmory\n|-damage|p2a: Skarmory|24\/100\n|move|p2a: Skarmory|Body Press|p1a: Chic Fil A\n|-supereffective|p1a: Chic Fil A\n|-damage|p1a: Chic Fil A|67\/100\n|\n|-weather|Snow|[upkeep]\n|upkeep\n|turn|36\n|\n|t:|1700526605\n|move|p1a: Chic Fil A|Bolt Beak|p2a: Skarmory\n|-supereffective|p2a: Skarmory\n|-damage|p2a: Skarmory|0 fnt\n|faint|p2a: Skarmory\n|\n|-weather|Snow|[upkeep]\n|-sideend|p1: ColdSobaNoodle|move: Aurora Veil\n|upkeep\n|\n|t:|1700526613\n|switch|p2a: Blaziken|Blaziken, F|100\/100\n|turn|37\n|\n|t:|1700526618\n|detailschange|p2a: Blaziken|Blaziken-Mega, F\n|-mega|p2a: Blaziken|Blaziken|Blazikenite\n|move|p2a: Blaziken|Protect|p2a: Blaziken\n|-singleturn|p2a: Blaziken|Protect\n|move|p1a: Chic Fil A|Substitute|p1a: Chic Fil A\n|-start|p1a: Chic Fil A|Substitute\n|-damage|p1a: Chic Fil A|42\/100\n|\n|-weather|none\n|-ability|p2a: Blaziken|Speed Boost|boost\n|-boost|p2a: Blaziken|spe|1\n|upkeep\n|turn|38\n|inactive|Gran gran has 270 seconds left.\n|\n|t:|1700526660\n|move|p2a: Blaziken|Poison Jab|p1a: Chic Fil A\n|-end|p1a: Chic Fil A|Substitute\n|move|p1a: Chic Fil A|Bolt Beak|p2a: Blaziken\n|-damage|p2a: Blaziken|58\/100\n|\n|-ability|p2a: Blaziken|Speed Boost|boost\n|-boost|p2a: Blaziken|spe|1\n|upkeep\n|turn|39\n|inactive|Gran gran has 240 seconds left.\n|inactive|ColdSobaNoodle has 270 seconds left.\n|\n|t:|1700526710\n|move|p2a: Blaziken|Flare Blitz|p1a: Chic Fil A\n|-supereffective|p1a: Chic Fil A\n|-damage|p1a: Chic Fil A|0 fnt\n|faint|p1a: Chic Fil A\n|-damage|p2a: Blaziken|40\/100|[from] Recoil\n|\n|-ability|p2a: Blaziken|Speed Boost|boost\n|-boost|p2a: Blaziken|spe|1\n|upkeep\n|inactive|ColdSobaNoodle has 240 seconds left.\n|\n|t:|1700526743\n|switch|p1a: Jax|Zygarde-10%, shiny|100\/100\n|-ability|p1a: Jax|Aura Break\n|turn|40\n|inactive|Gran gran has 210 seconds left.\n|\n|t:|1700526794\n|switch|p2a: Rillaboom|Rillaboom, F|100\/100\n|-fieldstart|move: Grassy Terrain|[from] ability: Grassy Surge|[of] p2a: Rillaboom\n|move|p1a: Jax|Extreme Speed|p2a: Rillaboom\n|-damage|p2a: Rillaboom|72\/100\n|\n|-heal|p2a: Rillaboom|79\/100|[from] Grassy Terrain\n|upkeep\n|turn|41\n|inactive|ColdSobaNoodle has 240 seconds left.\n|\n|t:|1700526804\n|switch|p1a: Zeppelin|Corviknight, M|61\/100\n|-ability|p1a: Zeppelin|Pressure\n|move|p2a: Rillaboom|U-turn|p1a: Zeppelin\n|-resisted|p1a: Zeppelin\n|-damage|p1a: Zeppelin|56\/100\n|-damage|p2a: Rillaboom|62\/100|[from] item: Rocky Helmet|[of] p1a: Zeppelin\n|\n|t:|1700526814\n|switch|p2a: Nidoking|Nidoking, M|95\/100|[from] U-turn\n|\n|-heal|p2a: Nidoking|100\/100|[from] Grassy Terrain\n|upkeep\n|turn|42\n|inactive|ColdSobaNoodle has 240 seconds left.\n|\n|t:|1700526826\n|-terastallize|p1a: Zeppelin|Water\n|move|p2a: Nidoking|Flamethrower|p1a: Zeppelin\n|-resisted|p1a: Zeppelin\n|-damage|p1a: Zeppelin|35\/100\n|move|p1a: Zeppelin|U-turn|p2a: Nidoking\n|-resisted|p2a: Nidoking\n|-damage|p2a: Nidoking|91\/100\n|inactive|ColdSobaNoodle has 240 seconds left.\n|\n|t:|1700526833\n|switch|p1a: Jax|Zygarde-10%, shiny|100\/100|[from] U-turn\n|-ability|p1a: Jax|Aura Break\n|\n|-heal|p2a: Nidoking|97\/100|[from] Grassy Terrain\n|upkeep\n|turn|43\n|inactive|Gran gran has 210 seconds left.\n|\n|t:|1700526848\n|switch|p2a: Gastrodon|Gastrodon, M|86\/100\n|move|p1a: Jax|Thousand Arrows|p2a: Gastrodon\n|-damage|p2a: Gastrodon|51\/100\n|\n|-heal|p2a: Gastrodon|57\/100|[from] Grassy Terrain\n|upkeep\n|turn|44\n|\n|t:|1700526861\n|switch|p1a: Zeppelin|Corviknight, M, tera:Water|35\/100\n|-ability|p1a: Zeppelin|Pressure\n|move|p2a: Gastrodon|Recover|p2a: Gastrodon\n|-heal|p2a: Gastrodon|100\/100\n|\n|-heal|p1a: Zeppelin|41\/100|[from] Grassy Terrain\n|-fieldend|move: Grassy Terrain\n|upkeep\n|turn|45\n|\n|t:|1700526867\n|move|p1a: Zeppelin|Roost|p1a: Zeppelin\n|-heal|p1a: Zeppelin|91\/100\n|move|p2a: Gastrodon|Toxic|p1a: Zeppelin\n|-status|p1a: Zeppelin|tox\n|\n|-damage|p1a: Zeppelin|85\/100 tox|[from] psn\n|upkeep\n|turn|46\n|\n|t:|1700526870\n|move|p1a: Zeppelin|U-turn|p2a: Gastrodon\n|-damage|p2a: Gastrodon|90\/100\n|\n|t:|1700526873\n|switch|p1a: \u7a32\u8377|Ninetales-Alola, F, shiny|24\/100|[from] U-turn\n|-weather|Snow|[from] ability: Snow Warning|[of] p1a: \u7a32\u8377\n|move|p2a: Gastrodon|Earth Power|p1a: \u7a32\u8377\n|-damage|p1a: \u7a32\u8377|0 fnt\n|faint|p1a: \u7a32\u8377\n|\n|-weather|Snow|[upkeep]\n|upkeep\n|inactive|ColdSobaNoodle has 270 seconds left.\n|c| Lunar Sloth|a toxic'd corviknight is unnatural\n|\n|t:|1700526882\n|switch|p1a: Munchies|Dachsbun, M|28\/100\n|turn|47\n|inactive|Gran gran has 240 seconds left.\n|\n|t:|1700526889\n|move|p1a: Munchies|Yawn|p2a: Gastrodon\n|-start|p2a: Gastrodon|move: Yawn|[of] p1a: Munchies\n|move|p2a: Gastrodon|Earth Power|p1a: Munchies\n|-damage|p1a: Munchies|0 fnt\n|faint|p1a: Munchies\n|\n|-weather|Snow|[upkeep]\n|upkeep\n|\n|t:|1700526893\n|switch|p1a: Jax|Zygarde-10%, shiny|100\/100\n|-ability|p1a: Jax|Aura Break\n|turn|48\n|inactive|Gran gran has 240 seconds left.\n|c|\u2606ColdSobaNoodle|these matches are so agonizingly long, but this will not deter me\n|inactive|Gran gran has 210 seconds left.\n|c| Demolution545|approaching turn 56\n|c| Demolution545|it is within sight\n|inactive|Gran gran has 180 seconds left.\n|\n|t:|1700526980\n|switch|p1a: Zeppelin|Corviknight, M, tera:Water|85\/100 tox\n|-ability|p1a: Zeppelin|Pressure\n|switch|p2a: Chansey|Chansey, F|91\/100\n|\n|-weather|Snow|[upkeep]\n|-damage|p1a: Zeppelin|79\/100 tox|[from] psn\n|upkeep\n|turn|49\n|inactive|ColdSobaNoodle has 270 seconds left.\n|\n|t:|1700527001\n|move|p1a: Zeppelin|U-turn|p2a: Chansey\n|-damage|p2a: Chansey|82\/100\n|inactive|ColdSobaNoodle has 270 seconds left.\n|\n|t:|1700527008\n|switch|p1a: Oogie Boogie|Banette-Mega, M, shiny|16\/100|[from] U-turn\n|move|p2a: Chansey|Teleport|p2a: Chansey\n|\n|t:|1700527012\n|switch|p2a: Gastrodon|Gastrodon, M|90\/100|[from] Teleport\n|\n|-weather|Snow|[upkeep]\n|upkeep\n|turn|50\n|\n|t:|1700527014\n|move|p1a: Oogie Boogie|Pain Split|p2a: Gastrodon\n|-sethp|p2a: Gastrodon|51\/100|[from] move: Pain Split|[silent]\n|-sethp|p1a: Oogie Boogie|65\/100|[from] move: Pain Split\n|move|p2a: Gastrodon|Toxic|p1a: Oogie Boogie\n|-status|p1a: Oogie Boogie|tox\n|\n|-weather|Snow|[upkeep]\n|-damage|p1a: Oogie Boogie|59\/100 tox|[from] psn\n|upkeep\n|turn|51\n|inactive|Gran gran has 180 seconds left.\n|\n|t:|1700527046\n|switch|p1a: Zeppelin|Corviknight, M, tera:Water|79\/100 tox\n|-ability|p1a: Zeppelin|Pressure\n|move|p2a: Gastrodon|Earth Power|p1a: Zeppelin\n|-damage|p1a: Zeppelin|51\/100 tox\n|\n|-weather|Snow|[upkeep]\n|-damage|p1a: Zeppelin|45\/100 tox|[from] psn\n|upkeep\n|turn|52\n|inactive|Gran gran has 180 seconds left.\n|\n|t:|1700527057\n|move|p1a: Zeppelin|Roost|p1a: Zeppelin\n|-heal|p1a: Zeppelin|95\/100 tox\n|move|p2a: Gastrodon|Recover|p2a: Gastrodon\n|-heal|p2a: Gastrodon|100\/100\n|\n|-weather|Snow|[upkeep]\n|-damage|p1a: Zeppelin|83\/100 tox|[from] psn\n|upkeep\n|turn|53\n|\n|t:|1700527062\n|move|p1a: Zeppelin|U-turn|p2a: Gastrodon\n|-damage|p2a: Gastrodon|89\/100\n|\n|t:|1700527069\n|switch|p1a: Oogie Boogie|Banette-Mega, M, shiny|59\/100 tox|[from] U-turn\n|move|p2a: Gastrodon|Scald|p1a: Oogie Boogie\n|-damage|p1a: Oogie Boogie|28\/100 tox\n|\n|-weather|none\n|-damage|p1a: Oogie Boogie|22\/100 tox|[from] psn\n|upkeep\n|turn|54\n|\n|t:|1700527075\n|move|p1a: Oogie Boogie|Pain Split|p2a: Gastrodon\n|-sethp|p2a: Gastrodon|53\/100|[from] move: Pain Split|[silent]\n|-sethp|p1a: Oogie Boogie|68\/100 tox|[from] move: Pain Split\n|move|p2a: Gastrodon|Toxic|p1a: Oogie Boogie\n|-fail|p1a: Oogie Boogie|tox\n|\n|-damage|p1a: Oogie Boogie|56\/100 tox|[from] psn\n|upkeep\n|turn|55\n|c| Demolution545|seeing corv get hit earth power is also weird\n|c|\u2606ColdSobaNoodle|was just thinking that lol\n|\n|t:|1700527097\n|switch|p1a: Zeppelin|Corviknight, M, tera:Water|83\/100 tox\n|-ability|p1a: Zeppelin|Pressure\n|switch|p2a: Nidoking|Nidoking, M|97\/100\n|\n|-damage|p1a: Zeppelin|77\/100 tox|[from] psn\n|upkeep\n|turn|56\n|\n|t:|1700527111\n|move|p2a: Nidoking|Sludge Bomb|p1a: Zeppelin\n|-damage|p1a: Zeppelin|20\/100 tox\n|move|p1a: Zeppelin|U-turn|p2a: Nidoking\n|-resisted|p2a: Nidoking\n|-damage|p2a: Nidoking|86\/100\n|\n|t:|1700527116\n|switch|p1a: Jax|Zygarde-10%, shiny|100\/100|[from] U-turn\n|-ability|p1a: Jax|Aura Break\n|\n|upkeep\n|turn|57\n|\n|t:|1700527131\n|move|p1a: Jax|Thousand Arrows|p2a: Nidoking\n|-supereffective|p2a: Nidoking\n|-crit|p2a: Nidoking\n|-damage|p2a: Nidoking|0 fnt\n|faint|p2a: Nidoking\n|\n|upkeep\n|c| Demolution545|no 56 turn game this time\n|inactive|Gran gran has 180 seconds left.\n|c|\u2606ColdSobaNoodle|over turn 56\n|\n|t:|1700527165\n|switch|p2a: Rillaboom|Rillaboom, F|62\/100\n|-fieldstart|move: Grassy Terrain|[from] ability: Grassy Surge|[of] p2a: Rillaboom\n|turn|58\n|inactive|Gran gran has 150 seconds left.\n|inactive|ColdSobaNoodle has 270 seconds left.\n|\n|t:|1700527222\n|-terastallize|p2a: Rillaboom|Grass\n|move|p2a: Rillaboom|Grassy Glide|p1a: Jax\n|-damage|p1a: Jax|0 fnt\n|faint|p1a: Jax\n|\n|-heal|p2a: Rillaboom|68\/100|[from] Grassy Terrain\n|upkeep\n|c|\u2606ColdSobaNoodle|well damn\n|c| m444rf|holy\n|c|\u2606ColdSobaNoodle|guess I'm beat\n|c|\u2606ColdSobaNoodle|I did not expect that to do so much\n|\n|t:|1700527243\n|switch|p1a: Oogie Boogie|Banette-Mega, M, shiny|56\/100 tox\n|turn|59\n|c| Lunar Sloth|yeah i didnt think thatd just ohko\n|c| Demolution545|this might be joever as they say\n|inactive|Gran gran has 150 seconds left.\n|c|\u2606ColdSobaNoodle|yessir\n|c| Lunar Sloth|im upset it wasnt turn 56\n|c| Demolution545|same\n|\n|t:|1700527269\n|move|p2a: Rillaboom|Grassy Glide|p1a: Oogie Boogie\n|-damage|p1a: Oogie Boogie|0 fnt\n|faint|p1a: Oogie Boogie\n|\n|-heal|p2a: Rillaboom|74\/100|[from] Grassy Terrain\n|upkeep\n|c|\u2606ColdSobaNoodle|All things considered these matches are.... too long\n|\n|t:|1700527275\n|switch|p1a: Zeppelin|Corviknight, M, tera:Water|20\/100 tox\n|-ability|p1a: Zeppelin|Pressure\n|turn|60\n|\n|t:|1700527278\n|move|p2a: Rillaboom|Grassy Glide|p1a: Zeppelin\n|-supereffective|p1a: Zeppelin\n|-damage|p1a: Zeppelin|0 fnt\n|-damage|p2a: Rillaboom|58\/100|[from] item: Rocky Helmet|[of] p1a: Zeppelin\n|faint|p1a: Zeppelin\n|\n|win|Gran gran\n|c|\u2606Gran gran|gg\n|c|\u2606ColdSobaNoodle|GGs\n|c| Lunar Sloth|good set though\n|l| MiniBearGrahams\n|c|\u2606ColdSobaNoodle|ehhh\n|c|\u2606ColdSobaNoodle|Good set\n|c|\u2606ColdSobaNoodle|long matches\n|l| m444rf\n|l| Lunar Sloth\n","uploadtime":1700527309,"views":3,"p1id":"coldsobanoodle","p2id":"grangran","formatid":"gen9nationaldexubers","rating":0,"private":0,"password":""}