{"id":"gen9nationaldexubers-2000087433","p1":"Sondtrai","p2":"Tony_Turtle22","format":"[Gen 9] National Dex Ubers","log":"|j|\u2606Sondtrai\n|j|\u2606Tony_Turtle22\n|t:|1701152392\n|gametype|singles\n|player|p1|Sondtrai|benga|1044\n|player|p2|Tony_Turtle22|ash-kalos|1115\n|teamsize|p1|6\n|teamsize|p2|6\n|gen|9\n|tier|[Gen 9] National Dex Ubers\n|rated|\n|rule|HP Percentage Mod: HP is shown in percentages\n|rule|Endless Battle Clause: Forcing endless battles is banned\n|rule|OHKO Clause: OHKO moves are banned\n|rule|Evasion Moves Clause: Evasion moves are banned\n|rule|Evasion Items Clause: Evasion items are banned\n|rule|Species Clause: Limit one of each Pok\u00e9mon\n|rule|Sleep Clause Mod: Limit one foe put to sleep\n|rule|Mega Rayquaza Clause: You cannot mega evolve Rayquaza\n|clearpoke\n|poke|p1|Palafin, M|\n|poke|p1|Chatot, F|\n|poke|p1|Ribombee, F|\n|poke|p1|Orthworm, F|\n|poke|p1|Gardevoir, F|\n|poke|p1|Landorus-Therian, M|\n|poke|p2|Zeraora|\n|poke|p2|Iron Thorns|\n|poke|p2|Naganadel|\n|poke|p2|Gliscor, F|\n|poke|p2|Empoleon, F|\n|poke|p2|Malamar, M|\n|teampreview\n|inactive|Battle timer is ON: inactive players will automatically lose when time's up. (requested by Tony_Turtle22)\n|\n|t:|1701152417\n|start\n|switch|p1a: Palafin|Palafin, M|100\/100\n|switch|p2a: Gliscor|Gliscor, F|100\/100\n|turn|1\n|\n|t:|1701152423\n|detailschange|p1a: Palafin|Palafin-Hero, M\n|switch|p1a: Ribombee|Ribombee, F|100\/100\n|move|p2a: Gliscor|Swords Dance|p2a: Gliscor\n|-boost|p2a: Gliscor|atk|2\n|\n|-status|p2a: Gliscor|tox|[from] item: Toxic Orb\n|upkeep\n|turn|2\n|\n|t:|1701152427\n|move|p1a: Ribombee|Sticky Web|p2a: Gliscor\n|-sidestart|p2: Tony_Turtle22|move: Sticky Web\n|move|p2a: Gliscor|Dual Wingbeat|p1a: Ribombee\n|-supereffective|p1a: Ribombee\n|-enditem|p1a: Ribombee|Focus Sash\n|-damage|p1a: Ribombee|1\/100\n|-supereffective|p1a: Ribombee\n|-damage|p1a: Ribombee|0 fnt\n|faint|p1a: Ribombee\n|-hitcount|p1: Ribombee|2\n|\n|upkeep\n|\n|t:|1701152433\n|switch|p1a: Gardevoir|Gardevoir, F|100\/100\n|turn|3\n|\n|t:|1701152437\n|detailschange|p1a: Gardevoir|Gardevoir-Mega, F\n|-mega|p1a: Gardevoir|Gardevoir|Gardevoirite\n|-terastallize|p2a: Gliscor|Normal\n|move|p1a: Gardevoir|Hyper Voice|p2a: Gliscor\n|-damage|p2a: Gliscor|6\/100 tox\n|move|p2a: Gliscor|Facade|p1a: Gardevoir\n|-damage|p1a: Gardevoir|0 fnt\n|faint|p1a: Gardevoir\n|\n|-heal|p2a: Gliscor|18\/100 tox|[from] ability: Poison Heal\n|upkeep\n|\n|t:|1701152450\n|switch|p1a: Palafin|Palafin-Hero, M|100\/100\n|-activate|p1a: Palafin|ability: Zero to Hero\n|turn|4\n|\n|t:|1701152478\n|move|p1a: Palafin|Jet Punch|p2a: Gliscor\n|-crit|p2a: Gliscor\n|-damage|p2a: Gliscor|0 fnt\n|faint|p2a: Gliscor\n|\n|upkeep\n|\n|t:|1701152484\n|switch|p2a: Empoleon|Empoleon, F|100\/100\n|-activate|p2a: Empoleon|move: Sticky Web\n|-unboost|p2a: Empoleon|spe|1\n|-ability|p2a: Empoleon|Competitive|boost\n|-boost|p2a: Empoleon|spa|2\n|turn|5\n|\n|t:|1701152492\n|move|p1a: Palafin|Bulk Up|p1a: Palafin\n|-boost|p1a: Palafin|atk|1\n|-boost|p1a: Palafin|def|1\n|move|p2a: Empoleon|Surf|p1a: Palafin\n|-resisted|p1a: Palafin\n|-damage|p1a: Palafin|60\/100\n|\n|upkeep\n|turn|6\n|\n|t:|1701152497\n|move|p1a: Palafin|Bulk Up|p1a: Palafin\n|-boost|p1a: Palafin|atk|1\n|-boost|p1a: Palafin|def|1\n|move|p2a: Empoleon|Surf|p1a: Palafin\n|-resisted|p1a: Palafin\n|-damage|p1a: Palafin|15\/100\n|\n|upkeep\n|turn|7\n|\n|t:|1701152517\n|switch|p2a: Iron Thorns|Iron Thorns|100\/100\n|-activate|p2a: Iron Thorns|move: Sticky Web\n|-unboost|p2a: Iron Thorns|spe|1\n|move|p1a: Palafin|Drain Punch|p2a: Iron Thorns\n|-supereffective|p2a: Iron Thorns\n|-damage|p2a: Iron Thorns|0 fnt\n|-heal|p1a: Palafin|57\/100|[from] drain|[of] p2a: Iron Thorns\n|faint|p2a: Iron Thorns\n|-end|p2a: Iron Thorns|Quark Drive|[silent]\n|\n|upkeep\n|\n|t:|1701152521\n|switch|p2a: Malamar|Malamar, M|100\/100\n|-activate|p2a: Malamar|move: Sticky Web\n|-unboost|p2a: Malamar|spe|1\n|turn|8\n|\n|t:|1701152530\n|move|p1a: Palafin|Jet Punch|p2a: Malamar\n|-damage|p2a: Malamar|35\/100\n|move|p2a: Malamar|Topsy-Turvy|p1a: Palafin\n|-invertboost|p1a: Palafin|[from] move: Topsy-Turvy\n|\n|upkeep\n|turn|9\n|\n|t:|1701152539\n|switch|p1a: Orthworm|Orthworm, F|100\/100\n|move|p2a: Malamar|Foul Play|p1a: Orthworm\n|-damage|p1a: Orthworm|84\/100\n|\n|upkeep\n|turn|10\n|\n|t:|1701152544\n|move|p1a: Orthworm|Shed Tail|p1a: Orthworm\n|-start|p1a: Orthworm|Substitute|[from] move: Shed Tail\n|-damage|p1a: Orthworm|34\/100\n|-enditem|p1a: Orthworm|Sitrus Berry|[eat]\n|-heal|p1a: Orthworm|59\/100|[from] item: Sitrus Berry\n|\n|t:|1701152547\n|switch|p1a: Chatot|Chatot, F|100\/100|[from] Shed Tail\n|move|p2a: Malamar|Destiny Bond|p2a: Malamar\n|-singlemove|p2a: Malamar|Destiny Bond\n|\n|upkeep\n|turn|11\n|\n|t:|1701152551\n|move|p1a: Chatot|Nasty Plot|p1a: Chatot\n|-boost|p1a: Chatot|spa|2\n|move|p2a: Malamar|Psycho Cut|p1a: Chatot\n|-damage|p1a: Chatot|54\/100\n|\n|upkeep\n|turn|12\n|\n|t:|1701152559\n|move|p1a: Chatot|Boomburst|p2a: Malamar\n|-damage|p2a: Malamar|0 fnt\n|faint|p2a: Malamar\n|-enditem|p1a: Chatot|Throat Spray\n|-boost|p1a: Chatot|spa|1|[from] item: Throat Spray\n|\n|upkeep\n|\n|t:|1701152565\n|switch|p2a: Empoleon|Empoleon, F|100\/100\n|-activate|p2a: Empoleon|move: Sticky Web\n|-unboost|p2a: Empoleon|spe|1\n|-ability|p2a: Empoleon|Competitive|boost\n|-boost|p2a: Empoleon|spa|2\n|turn|13\n|\n|t:|1701152570\n|move|p1a: Chatot|Boomburst|p2a: Empoleon\n|-resisted|p2a: Empoleon\n|-damage|p2a: Empoleon|34\/100\n|move|p2a: Empoleon|Ice Beam|p1a: Chatot\n|-supereffective|p1a: Chatot\n|-end|p1a: Chatot|Substitute\n|\n|-heal|p2a: Empoleon|41\/100|[from] item: Leftovers\n|upkeep\n|turn|14\n|\n|t:|1701152575\n|move|p1a: Chatot|Boomburst|p2a: Empoleon\n|-resisted|p2a: Empoleon\n|-damage|p2a: Empoleon|0 fnt\n|faint|p2a: Empoleon\n|\n|upkeep\n|\n|t:|1701152578\n|switch|p2a: Naganadel|Naganadel|100\/100\n|-activate|p2a: Naganadel|move: Sticky Web\n|-unboost|p2a: Naganadel|spe|1\n|turn|15\n|\n|t:|1701152585\n|move|p1a: Chatot|Boomburst|p2a: Naganadel\n|-damage|p2a: Naganadel|0 fnt\n|faint|p2a: Naganadel\n|\n|upkeep\n|-message|Tony_Turtle22 forfeited.\n|\n|win|Sondtrai\n|raw|Sondtrai's rating: 1044 &rarr; <strong>1084<\/strong><br \/>(+40 for winning)\n|raw|Tony_Turtle22's rating: 1115 &rarr; <strong>1085<\/strong><br \/>(-30 for losing)\n|l|\u2606Tony_Turtle22\n","uploadtime":1701152596,"views":2,"p1id":"sondtrai","p2id":"tonyturtle22","formatid":"gen9nationaldexubers","rating":1084,"private":0,"password":""}