{"id":"gen9nationaldexubers-1988998097","p1":"Kiowa2580","p2":"mike01019","format":"[Gen 9] National Dex Ubers","log":"|j|\u2606Kiowa2580\n|j|\u2606mike01019\n|t:|1699800247\n|gametype|singles\n|player|p1|Kiowa2580|giovanni|\n|player|p2|mike01019|nate|\n|teamsize|p1|6\n|teamsize|p2|6\n|gen|9\n|tier|[Gen 9] National Dex Ubers\n|rule|HP Percentage Mod: HP is shown in percentages\n|rule|Endless Battle Clause: Forcing endless battles is banned\n|rule|OHKO Clause: OHKO moves are banned\n|rule|Evasion Moves Clause: Evasion moves are banned\n|rule|Evasion Items Clause: Evasion items are banned\n|rule|Species Clause: Limit one of each Pok\u00e9mon\n|rule|Sleep Clause Mod: Limit one foe put to sleep\n|rule|Mega Rayquaza Clause: You cannot mega evolve Rayquaza\n|clearpoke\n|poke|p1|Infernape, M|\n|poke|p1|Tangrowth, M|\n|poke|p1|Porygon-Z|\n|poke|p1|Empoleon, F|\n|poke|p1|Gliscor, M|\n|poke|p1|Zoroark-Hisui, M|\n|poke|p2|Samurott-Hisui, M|\n|poke|p2|Kleavor, M|\n|poke|p2|Sneasler, F|\n|poke|p2|Ursaluna, F|\n|poke|p2|Electrode-Hisui|\n|poke|p2|Braviary-Hisui, M|\n|teampreview\n|\n|t:|1699800282\n|start\n|switch|p1a: Gliscor|Gliscor, M|100\/100\n|switch|p2a: Kleavor|Kleavor, M|100\/100\n|turn|1\n|\n|t:|1699800292\n|move|p1a: Gliscor|Stealth Rock|p2a: Kleavor\n|-sidestart|p2: mike01019|move: Stealth Rock\n|move|p2a: Kleavor|Stone Axe|p1a: Gliscor\n|-damage|p1a: Gliscor|66\/100\n|-sidestart|p1: Kiowa2580|move: Stealth Rock\n|\n|-status|p1a: Gliscor|tox|[from] item: Toxic Orb\n|upkeep\n|turn|2\n|\n|t:|1699800312\n|move|p1a: Gliscor|Knock Off|p2a: Kleavor\n|-damage|p2a: Kleavor|62\/100\n|-enditem|p2a: Kleavor|Focus Sash|[from] move: Knock Off|[of] p1a: Gliscor\n|move|p2a: Kleavor|Trailblaze|p1a: Gliscor\n|-damage|p1a: Gliscor|54\/100 tox\n|-boost|p2a: Kleavor|spe|1\n|\n|-heal|p1a: Gliscor|66\/100 tox|[from] ability: Poison Heal\n|upkeep\n|turn|3\n|\n|t:|1699800322\n|move|p2a: Kleavor|Stone Axe|p1a: Gliscor\n|-damage|p1a: Gliscor|30\/100 tox\n|move|p1a: Gliscor|U-turn|p2a: Kleavor\n|-damage|p2a: Kleavor|37\/100\n|\n|t:|1699800336\n|switch|p1a: Empoleon|Empoleon, F|100\/100|[from] U-turn\n|-damage|p1a: Empoleon|88\/100|[from] Stealth Rock\n|\n|upkeep\n|turn|4\n|\n|t:|1699800361\n|move|p1a: Empoleon|Hyper Voice|p2a: Kleavor\n|-resisted|p2a: Kleavor\n|-damage|p2a: Kleavor|0 fnt\n|faint|p2a: Kleavor\n|\n|upkeep\n|\n|t:|1699800365\n|switch|p2a: Samurott|Samurott-Hisui, M|100\/100\n|-damage|p2a: Samurott|88\/100|[from] Stealth Rock\n|turn|5\n|\n|t:|1699800374\n|switch|p1a: Empoleon|Empoleon, F|100\/100\n|-damage|p1a: Empoleon|94\/100|[from] Stealth Rock\n|move|p2a: Samurott|Ceaseless Edge|p1a: Empoleon\n|-damage|p1a: Empoleon|47\/100\n|-sidestart|p1: Kiowa2580|Spikes\n|\n|-heal|p1a: Empoleon|53\/100|[from] item: Leftovers\n|upkeep\n|turn|6\n|inactive|Battle timer is ON: inactive players will automatically lose when time's up. (requested by mike01019)\n|\n|t:|1699800426\n|move|p2a: Samurott|Sacred Sword|p1a: Empoleon\n|-supereffective|p1a: Empoleon\n|-damage|p1a: Empoleon|0 fnt\n|faint|p1a: Empoleon\n|\n|upkeep\n|\n|t:|1699800436\n|switch|p1a: Porygon-Z|Porygon-Z|100\/100\n|-damage|p1a: Porygon-Z|88\/100|[from] Stealth Rock\n|-damage|p1a: Porygon-Z|76\/100|[from] Spikes\n|turn|7\n|\n|t:|1699800450\n|move|p1a: Porygon-Z|Hyper Beam|p2a: Samurott|[miss]\n|-miss|p1a: Porygon-Z|p2a: Samurott\n|move|p2a: Samurott|Sacred Sword|p1a: Porygon-Z\n|-supereffective|p1a: Porygon-Z\n|-damage|p1a: Porygon-Z|0 fnt\n|faint|p1a: Porygon-Z\n|\n|upkeep\n|\n|t:|1699800459\n|switch|p1a: Infernape|Infernape, M|100\/100\n|-damage|p1a: Infernape|88\/100|[from] Stealth Rock\n|-damage|p1a: Infernape|76\/100|[from] Spikes\n|turn|8\n|\n|t:|1699800474\n|switch|p2a: Electrode|Electrode-Hisui|100\/100\n|-damage|p2a: Electrode|88\/100|[from] Stealth Rock\n|move|p1a: Infernape|Aura Sphere|p2a: Electrode\n|-damage|p2a: Electrode|30\/100\n|\n|upkeep\n|turn|9\n|\n|t:|1699800489\n|move|p1a: Infernape|Mach Punch|p2a: Electrode\n|-damage|p2a: Electrode|5\/100\n|move|p2a: Electrode|Thunderbolt|p1a: Infernape\n|-damage|p1a: Infernape|13\/100\n|\n|upkeep\n|turn|10\n|\n|t:|1699800493\n|move|p1a: Infernape|Mach Punch|p2a: Electrode\n|-damage|p2a: Electrode|0 fnt\n|faint|p2a: Electrode\n|\n|upkeep\n|\n|t:|1699800495\n|switch|p2a: Braviary|Braviary-Hisui, M|100\/100\n|-damage|p2a: Braviary|76\/100|[from] Stealth Rock\n|turn|11\n|\n|t:|1699800501\n|move|p1a: Infernape|Overheat|p2a: Braviary\n|-damage|p2a: Braviary|0 fnt\n|-unboost|p1a: Infernape|spa|2\n|faint|p2a: Braviary\n|\n|upkeep\n|\n|t:|1699800503\n|switch|p2a: Ursaluna|Ursaluna, F|100\/100\n|-damage|p2a: Ursaluna|94\/100|[from] Stealth Rock\n|turn|12\n|\n|t:|1699800505\n|move|p1a: Infernape|Mach Punch|p2a: Ursaluna\n|-supereffective|p2a: Ursaluna\n|-damage|p2a: Ursaluna|70\/100\n|move|p2a: Ursaluna|Facade|p1a: Infernape\n|-damage|p1a: Infernape|0 fnt\n|faint|p1a: Infernape\n|\n|-status|p2a: Ursaluna|brn|[from] item: Flame Orb\n|upkeep\n|\n|t:|1699800510\n|switch|p1a: Tangrowth|Tangrowth, M|100\/100\n|-damage|p1a: Tangrowth|88\/100|[from] Stealth Rock\n|-damage|p1a: Tangrowth|76\/100|[from] Spikes\n|turn|13\n|\n|t:|1699800516\n|move|p1a: Tangrowth|Leech Seed|p2a: Ursaluna\n|-start|p2a: Ursaluna|move: Leech Seed\n|move|p2a: Ursaluna|Ice Punch|p1a: Tangrowth\n|-supereffective|p1a: Tangrowth\n|-damage|p1a: Tangrowth|36\/100\n|\n|-damage|p2a: Ursaluna|57\/100 brn|[from] Leech Seed|[of] p1a: Tangrowth\n|-heal|p1a: Tangrowth|48\/100|[silent]\n|-damage|p2a: Ursaluna|51\/100 brn|[from] brn\n|upkeep\n|turn|14\n|\n|t:|1699800521\n|switch|p2a: Sneasler|Sneasler, F|100\/100\n|-damage|p2a: Sneasler|95\/100|[from] Stealth Rock\n|-ability|p2a: Sneasler|Pressure\n|move|p1a: Tangrowth|Energy Ball|p2a: Sneasler\n|-resisted|p2a: Sneasler\n|-damage|p2a: Sneasler|68\/100\n|\n|upkeep\n|turn|15\n|\n|t:|1699800530\n|move|p2a: Sneasler|U-turn|p1a: Tangrowth\n|-supereffective|p1a: Tangrowth\n|-damage|p1a: Tangrowth|18\/100\n|\n|t:|1699800532\n|switch|p2a: Ursaluna|Ursaluna, F|51\/100 brn|[from] U-turn\n|-damage|p2a: Ursaluna|45\/100 brn|[from] Stealth Rock\n|move|p1a: Tangrowth|Sleep Powder||[still]\n|-fail|p1a: Tangrowth\n|\n|-damage|p2a: Ursaluna|39\/100 brn|[from] brn\n|upkeep\n|turn|16\n|\n|t:|1699800536\n|move|p1a: Tangrowth|Energy Ball|p2a: Ursaluna\n|-supereffective|p2a: Ursaluna\n|-damage|p2a: Ursaluna|0 fnt\n|faint|p2a: Ursaluna\n|\n|upkeep\n|\n|t:|1699800538\n|switch|p2a: Samurott|Samurott-Hisui, M|88\/100\n|-damage|p2a: Samurott|76\/100|[from] Stealth Rock\n|turn|17\n|\n|t:|1699800541\n|move|p2a: Samurott|Ceaseless Edge|p1a: Tangrowth\n|-damage|p1a: Tangrowth|0 fnt\n|-sidestart|p1: Kiowa2580|Spikes\n|faint|p1a: Tangrowth\n|\n|upkeep\n|\n|t:|1699800543\n|switch|p1a: Gliscor|Gliscor, M|88\/100\n|-damage|p1a: Gliscor|76\/100|[from] Stealth Rock\n|-damage|p1a: Gliscor|59\/100|[from] Spikes\n|turn|18\n|\n|t:|1699800554\n|move|p1a: Gliscor|Hyper Voice|p2a: Samurott\n|-damage|p2a: Samurott|12\/100\n|move|p2a: Samurott|Aqua Cutter|p1a: Gliscor\n|-damage|p1a: Gliscor|0 fnt\n|replace|p1a: Zoroark|Zoroark-Hisui, M\n|-end|p1a: Zoroark|Illusion\n|faint|p1a: Zoroark\n|\n|upkeep\n|\n|t:|1699800559\n|switch|p1a: Gliscor|Gliscor, M|30\/100 tox\n|-damage|p1a: Gliscor|18\/100 tox|[from] Stealth Rock\n|turn|19\n|\n|t:|1699800562\n|move|p2a: Samurott|Aqua Jet|p1a: Gliscor\n|-supereffective|p1a: Gliscor\n|-damage|p1a: Gliscor|0 fnt\n|faint|p1a: Gliscor\n|\n|win|mike01019\n","uploadtime":1699800566,"views":4,"p1id":"kiowa2580","p2id":"mike01019","formatid":"gen9nationaldexubers","rating":0,"private":0,"password":""}