{"id":"gen9nationaldexubers-1994254111","p1":"ElderNorse","p2":"WillowOrchard","format":"[Gen 9] National Dex Ubers","log":"|j|\u2606ElderNorse\n|j|\u2606WillowOrchard\n|t:|1700423858\n|gametype|singles\n|player|p1|ElderNorse|clair|\n|player|p2|WillowOrchard|doubleteam|\n|teamsize|p1|6\n|teamsize|p2|6\n|gen|9\n|tier|[Gen 9] National Dex Ubers\n|rule|HP Percentage Mod: HP is shown in percentages\n|rule|Endless Battle Clause: Forcing endless battles is banned\n|rule|OHKO Clause: OHKO moves are banned\n|rule|Evasion Moves Clause: Evasion moves are banned\n|rule|Evasion Items Clause: Evasion items are banned\n|rule|Species Clause: Limit one of each Pok\u00e9mon\n|rule|Sleep Clause Mod: Limit one foe put to sleep\n|rule|Mega Rayquaza Clause: You cannot mega evolve Rayquaza\n|clearpoke\n|poke|p1|Torkoal, F|\n|poke|p1|Hariyama, F|\n|poke|p1|Huntail, F|\n|poke|p1|Slaking, M|\n|poke|p1|Seviper, F|\n|poke|p1|Cacturne, M|\n|poke|p2|Dracovish|\n|poke|p2|Darmanitan-Galar, F|\n|poke|p2|Inteleon, F|\n|poke|p2|Grimmsnarl, M|\n|poke|p2|Frosmoth, M|\n|poke|p2|Rapidash-Galar, M|\n|teampreview\n|\n|t:|1700423887\n|start\n|switch|p1a: Seviper|Seviper, F|100\/100\n|switch|p2a: Rapidash|Rapidash-Galar, M|100\/100\n|turn|1\n|\n|t:|1700423953\n|move|p2a: Rapidash|Drill Run|p1a: Seviper\n|-supereffective|p1a: Seviper\n|-damage|p1a: Seviper|0 fnt\n|faint|p1a: Seviper\n|\n|upkeep\n|\n|t:|1700423961\n|switch|p1a: Huntail|Huntail, F|100\/100\n|turn|2\n|\n|t:|1700423971\n|move|p1a: Huntail|Sucker Punch|p2a: Rapidash\n|-damage|p2a: Rapidash|76\/100\n|move|p2a: Rapidash|Drill Run|p1a: Huntail\n|-damage|p1a: Huntail|62\/100\n|\n|upkeep\n|turn|3\n|\n|t:|1700423999\n|switch|p2a: Grimmsnarl|Grimmsnarl, M|100\/100\n|-item|p1a: Huntail|Choice Scarf|[from] ability: Frisk|[of] p2a: Grimmsnarl|[identify]\n|move|p1a: Huntail|Sucker Punch||[still]\n|-fail|p1a: Huntail\n|\n|upkeep\n|turn|4\n|\n|t:|1700424020\n|switch|p1a: Torkoal|Torkoal, F|100\/100\n|-weather|SunnyDay|[from] ability: Drought|[of] p1a: Torkoal\n|move|p2a: Grimmsnarl|Power-Up Punch|p1a: Torkoal\n|-damage|p1a: Torkoal|90\/100\n|-boost|p2a: Grimmsnarl|atk|1\n|\n|-weather|SunnyDay|[upkeep]\n|upkeep\n|turn|5\n|\n|t:|1700424033\n|move|p2a: Grimmsnarl|Power-Up Punch|p1a: Torkoal\n|-damage|p1a: Torkoal|74\/100\n|-boost|p2a: Grimmsnarl|atk|1\n|move|p1a: Torkoal|Will-O-Wisp|p2a: Grimmsnarl\n|-status|p2a: Grimmsnarl|brn\n|\n|-weather|SunnyDay|[upkeep]\n|-damage|p2a: Grimmsnarl|94\/100 brn|[from] brn\n|upkeep\n|turn|6\n|\n|t:|1700424044\n|move|p2a: Grimmsnarl|Power-Up Punch|p1a: Torkoal\n|-damage|p1a: Torkoal|64\/100\n|-boost|p2a: Grimmsnarl|atk|1\n|move|p1a: Torkoal|Shell Smash|p1a: Torkoal\n|-unboost|p1a: Torkoal|def|1\n|-unboost|p1a: Torkoal|spd|1\n|-boost|p1a: Torkoal|atk|2\n|-boost|p1a: Torkoal|spa|2\n|-boost|p1a: Torkoal|spe|2\n|-enditem|p1a: Torkoal|White Herb\n|-clearnegativeboost|p1a: Torkoal|[silent]\n|\n|-weather|SunnyDay|[upkeep]\n|-damage|p2a: Grimmsnarl|88\/100 brn|[from] brn\n|upkeep\n|turn|7\n|\n|t:|1700424057\n|move|p2a: Grimmsnarl|Sucker Punch|p1a: Torkoal\n|-damage|p1a: Torkoal|31\/100\n|move|p1a: Torkoal|Overheat|p2a: Grimmsnarl\n|-damage|p2a: Grimmsnarl|0 fnt\n|-unboost|p1a: Torkoal|spa|2\n|faint|p2a: Grimmsnarl\n|\n|-weather|SunnyDay|[upkeep]\n|upkeep\n|\n|t:|1700424072\n|switch|p2a: Frosmoth|Frosmoth, M|100\/100\n|turn|8\n|\n|t:|1700424078\n|-terastallize|p2a: Frosmoth|Water\n|move|p2a: Frosmoth|Substitute|p2a: Frosmoth\n|-start|p2a: Frosmoth|Substitute\n|-damage|p2a: Frosmoth|75\/100\n|move|p1a: Torkoal|Overheat|p2a: Frosmoth\n|-resisted|p2a: Frosmoth\n|-activate|p2a: Frosmoth|move: Substitute|[damage]\n|-unboost|p1a: Torkoal|spa|2\n|\n|-weather|none\n|upkeep\n|turn|9\n|\n|t:|1700424094\n|move|p2a: Frosmoth|Quiver Dance|p2a: Frosmoth\n|-boost|p2a: Frosmoth|spa|1\n|-boost|p2a: Frosmoth|spd|1\n|-boost|p2a: Frosmoth|spe|1\n|move|p1a: Torkoal|Sludge Bomb|p2a: Frosmoth\n|-activate|p2a: Frosmoth|move: Substitute|[damage]\n|\n|upkeep\n|turn|10\n|\n|t:|1700424145\n|switch|p1a: Cacturne|Cacturne, M|100\/100\n|move|p2a: Frosmoth|Quiver Dance|p2a: Frosmoth\n|-boost|p2a: Frosmoth|spa|1\n|-boost|p2a: Frosmoth|spd|1\n|-boost|p2a: Frosmoth|spe|1\n|\n|upkeep\n|turn|11\n|\n|t:|1700424160\n|-terastallize|p1a: Cacturne|Ground\n|move|p2a: Frosmoth|Bug Buzz|p1a: Cacturne\n|-damage|p1a: Cacturne|0 fnt\n|faint|p1a: Cacturne\n|\n|upkeep\n|\n|t:|1700424167\n|switch|p1a: Slaking|Slaking, M|100\/100\n|turn|12\n|\n|t:|1700424177\n|move|p2a: Frosmoth|Quiver Dance|p2a: Frosmoth\n|-boost|p2a: Frosmoth|spa|1\n|-boost|p2a: Frosmoth|spd|1\n|-boost|p2a: Frosmoth|spe|1\n|move|p1a: Slaking|Play Rough|p2a: Frosmoth\n|-end|p2a: Frosmoth|Substitute\n|\n|upkeep\n|turn|13\n|\n|t:|1700424190\n|move|p2a: Frosmoth|Substitute|p2a: Frosmoth\n|-start|p2a: Frosmoth|Substitute\n|-damage|p2a: Frosmoth|50\/100\n|cant|p1a: Slaking|ability: Truant\n|\n|upkeep\n|turn|14\n|\n|t:|1700424199\n|switch|p1a: Hariyama|Hariyama, F|100\/100\n|move|p2a: Frosmoth|Bug Buzz|p1a: Hariyama\n|-resisted|p1a: Hariyama\n|-damage|p1a: Hariyama|46\/100\n|\n|-status|p1a: Hariyama|brn|[from] item: Flame Orb\n|upkeep\n|turn|15\n|\n|t:|1700424213\n|move|p1a: Hariyama|Bullet Punch|p2a: Frosmoth\n|-resisted|p2a: Frosmoth\n|-activate|p2a: Frosmoth|move: Substitute|[damage]\n|move|p2a: Frosmoth|Tera Blast|p1a: Hariyama|[anim] Tera Blast Water\n|-damage|p1a: Hariyama|0 fnt\n|faint|p1a: Hariyama\n|\n|upkeep\n|\n|t:|1700424222\n|switch|p1a: Huntail|Huntail, F|62\/100\n|turn|16\n|\n|t:|1700424227\n|move|p2a: Frosmoth|Bug Buzz|p1a: Huntail\n|-damage|p1a: Huntail|0 fnt\n|faint|p1a: Huntail\n|\n|upkeep\n|\n|t:|1700424232\n|switch|p1a: Torkoal|Torkoal, F|31\/100\n|-weather|SunnyDay|[from] ability: Drought|[of] p1a: Torkoal\n|turn|17\n|\n|t:|1700424240\n|move|p2a: Frosmoth|Bug Buzz|p1a: Torkoal\n|-resisted|p1a: Torkoal\n|-damage|p1a: Torkoal|0 fnt\n|faint|p1a: Torkoal\n|\n|-weather|SunnyDay|[upkeep]\n|upkeep\n|\n|t:|1700424247\n|switch|p1a: Slaking|Slaking, M|100\/100\n|turn|18\n|\n|t:|1700424252\n|move|p2a: Frosmoth|Quiver Dance|p2a: Frosmoth\n|-boost|p2a: Frosmoth|spa|1\n|-boost|p2a: Frosmoth|spd|1\n|-boost|p2a: Frosmoth|spe|1\n|move|p1a: Slaking|Shadow Claw|p2a: Frosmoth\n|-end|p2a: Frosmoth|Substitute\n|\n|-weather|SunnyDay|[upkeep]\n|upkeep\n|turn|19\n|\n|t:|1700424261\n|move|p2a: Frosmoth|Substitute|p2a: Frosmoth\n|-start|p2a: Frosmoth|Substitute\n|-damage|p2a: Frosmoth|25\/100\n|-enditem|p2a: Frosmoth|Aguav Berry|[eat]\n|-heal|p2a: Frosmoth|59\/100|[from] item: Aguav Berry\n|cant|p1a: Slaking|ability: Truant\n|\n|-weather|SunnyDay|[upkeep]\n|upkeep\n|turn|20\n|\n|t:|1700424272\n|move|p2a: Frosmoth|Quiver Dance|p2a: Frosmoth\n|-boost|p2a: Frosmoth|spa|1\n|-boost|p2a: Frosmoth|spd|1\n|-boost|p2a: Frosmoth|spe|1\n|move|p1a: Slaking|Bulk Up|p1a: Slaking\n|-boost|p1a: Slaking|atk|1\n|-boost|p1a: Slaking|def|1\n|\n|-weather|SunnyDay|[upkeep]\n|upkeep\n|turn|21\n|\n|t:|1700424281\n|move|p2a: Frosmoth|Quiver Dance|p2a: Frosmoth\n|-boost|p2a: Frosmoth|spa|1\n|-boost|p2a: Frosmoth|spd|1\n|-boost|p2a: Frosmoth|spe|1\n|cant|p1a: Slaking|ability: Truant\n|\n|-weather|none\n|upkeep\n|turn|22\n|\n|t:|1700424289\n|move|p2a: Frosmoth|Bug Buzz|p1a: Slaking\n|-damage|p1a: Slaking|0 fnt\n|faint|p1a: Slaking\n|\n|win|WillowOrchard\n|l|\u2606ElderNorse\n","uploadtime":1700424458,"views":10,"p1id":"eldernorse","p2id":"willoworchard","formatid":"gen9nationaldexubers","rating":0,"private":0,"password":""}