{"id":"gen9nationaldexubers-1999035738","p1":"Djujao","p2":"Aroma Nobody","format":"[Gen 9] National Dex Ubers","log":"|j|\u2606Djujao\n|j|\u2606Aroma Nobody\n|t:|1701026267\n|gametype|singles\n|player|p1|Djujao|pilot|\n|player|p2|Aroma Nobody|turo-ai|\n|teamsize|p1|6\n|teamsize|p2|6\n|gen|9\n|tier|[Gen 9] National Dex Ubers\n|rule|HP Percentage Mod: HP is shown in percentages\n|rule|Endless Battle Clause: Forcing endless battles is banned\n|rule|OHKO Clause: OHKO moves are banned\n|rule|Evasion Moves Clause: Evasion moves are banned\n|rule|Evasion Items Clause: Evasion items are banned\n|rule|Species Clause: Limit one of each Pok\u00e9mon\n|rule|Sleep Clause Mod: Limit one foe put to sleep\n|rule|Mega Rayquaza Clause: You cannot mega evolve Rayquaza\n|clearpoke\n|poke|p1|Ribombee, M|\n|poke|p1|Gholdengo|\n|poke|p1|Great Tusk|\n|poke|p1|Dragonite, M|\n|poke|p1|Greninja-*, M|\n|poke|p1|Clodsire, F|\n|poke|p2|Deoxys-Speed|\n|poke|p2|Hoopa-Unbound|\n|poke|p2|Slowking-Galar, F|\n|poke|p2|Indeedee-F, F|\n|poke|p2|Gallade, M|\n|poke|p2|Blaziken, M|\n|teampreview\n|c|\u2606Djujao|glhf\n|c|\u2606Aroma Nobody|glhf\n|\n|t:|1701026303\n|start\n|switch|p1a: Ribombee|Ribombee, M|100\/100\n|switch|p2a: Deoxys|Deoxys-Speed|100\/100\n|-ability|p2a: Deoxys|Pressure\n|turn|1\n|\n|t:|1701026326\n|move|p2a: Deoxys|Taunt|p1a: Ribombee\n|-start|p1a: Ribombee|move: Taunt\n|move|p1a: Ribombee|Bug Buzz|p2a: Deoxys\n|-supereffective|p2a: Deoxys\n|-enditem|p2a: Deoxys|Focus Sash\n|-damage|p2a: Deoxys|1\/100\n|\n|upkeep\n|turn|2\n|\n|t:|1701026336\n|move|p2a: Deoxys|Stealth Rock|p1a: Ribombee\n|-sidestart|p1: Djujao|move: Stealth Rock\n|move|p1a: Ribombee|Moonblast|p2a: Deoxys\n|-damage|p2a: Deoxys|0 fnt\n|faint|p2a: Deoxys\n|\n|upkeep\n|\n|t:|1701026346\n|switch|p2a: Blaziken|Blaziken, M|100\/100\n|turn|3\n|\n|t:|1701026355\n|switch|p1a: Greninja|Greninja, M|100\/100\n|-damage|p1a: Greninja|88\/100|[from] Stealth Rock\n|move|p2a: Blaziken|Flare Blitz|p1a: Greninja\n|-resisted|p1a: Greninja\n|-damage|p1a: Greninja|34\/100\n|-damage|p2a: Blaziken|84\/100|[from] Recoil\n|\n|-ability|p2a: Blaziken|Speed Boost|boost\n|-boost|p2a: Blaziken|spe|1\n|-enditem|p1a: Greninja|Mirror Herb\n|-boost|p1a: Greninja|spe|1|[from] item: Mirror Herb\n|upkeep\n|turn|4\n|\n|t:|1701026372\n|move|p2a: Blaziken|Protect|p2a: Blaziken\n|-singleturn|p2a: Blaziken|Protect\n|move|p1a: Greninja|Surf|p2a: Blaziken\n|-activate|p2a: Blaziken|move: Protect\n|\n|-ability|p2a: Blaziken|Speed Boost|boost\n|-boost|p2a: Blaziken|spe|1\n|upkeep\n|turn|5\n|\n|t:|1701026395\n|move|p1a: Greninja|Water Shuriken|p2a: Blaziken\n|-supereffective|p2a: Blaziken\n|-damage|p2a: Blaziken|64\/100\n|-supereffective|p2a: Blaziken\n|-damage|p2a: Blaziken|43\/100\n|-hitcount|p2a: Blaziken|2\n|move|p2a: Blaziken|Flare Blitz|p1a: Greninja\n|-resisted|p1a: Greninja\n|-damage|p1a: Greninja|0 fnt\n|faint|p1a: Greninja\n|-damage|p2a: Blaziken|32\/100|[from] Recoil\n|\n|-ability|p2a: Blaziken|Speed Boost|boost\n|-boost|p2a: Blaziken|spe|1\n|upkeep\n|\n|t:|1701026411\n|switch|p1a: Dragonite|Dragonite, M|100\/100\n|-damage|p1a: Dragonite|76\/100|[from] Stealth Rock\n|turn|6\n|\n|t:|1701026421\n|switch|p2a: Indeedee|Indeedee-F, F|100\/100\n|-fieldstart|move: Psychic Terrain|[from] ability: Psychic Surge|[of] p2a: Indeedee\n|move|p1a: Dragonite|Dragon Dance|p1a: Dragonite\n|-boost|p1a: Dragonite|atk|1\n|-boost|p1a: Dragonite|spe|1\n|\n|upkeep\n|turn|7\n|\n|t:|1701026437\n|move|p1a: Dragonite|Ice Spinner|p2a: Indeedee\n|-damage|p2a: Indeedee|26\/100\n|-fieldend|move: Psychic Terrain\n|move|p2a: Indeedee|Psyshock|p1a: Dragonite\n|-damage|p1a: Dragonite|38\/100\n|\n|upkeep\n|turn|8\n|\n|t:|1701026445\n|move|p1a: Dragonite|Earthquake|p2a: Indeedee\n|-damage|p2a: Indeedee|0 fnt\n|faint|p2a: Indeedee\n|\n|upkeep\n|\n|t:|1701026453\n|switch|p2a: Hoopa|Hoopa-Unbound|100\/100\n|turn|9\n|\n|t:|1701026461\n|move|p1a: Dragonite|Extreme Speed|p2a: Hoopa\n|-damage|p2a: Hoopa|3\/100\n|move|p2a: Hoopa|Hyperspace Fury|p1a: Dragonite\n|-damage|p1a: Dragonite|0 fnt\n|-unboost|p2a: Hoopa|def|1\n|faint|p1a: Dragonite\n|\n|upkeep\n|\n|t:|1701026475\n|switch|p1a: Gholdengo|Gholdengo|100\/100\n|-damage|p1a: Gholdengo|94\/100|[from] Stealth Rock\n|turn|10\n|\n|t:|1701026485\n|-terastallize|p2a: Hoopa|Dark\n|move|p1a: Gholdengo|Shadow Ball|p2a: Hoopa\n|-resisted|p2a: Hoopa\n|-crit|p2a: Hoopa\n|-damage|p2a: Hoopa|0 fnt\n|faint|p2a: Hoopa\n|\n|upkeep\n|\n|t:|1701026492\n|switch|p2a: Slowking|Slowking-Galar, F|100\/100\n|turn|11\n|\n|t:|1701026503\n|move|p1a: Gholdengo|Shadow Ball|p2a: Slowking\n|-supereffective|p2a: Slowking\n|-damage|p2a: Slowking|47\/100\n|move|p2a: Slowking|Future Sight|p1a: Gholdengo\n|-start|p2a: Slowking|move: Future Sight\n|\n|upkeep\n|turn|12\n|\n|t:|1701026509\n|move|p1a: Gholdengo|Shadow Ball|p2a: Slowking\n|-supereffective|p2a: Slowking\n|-crit|p2a: Slowking\n|-damage|p2a: Slowking|0 fnt\n|faint|p2a: Slowking\n|\n|upkeep\n|\n|t:|1701026512\n|switch|p2a: Gallade|Gallade, M|100\/100\n|turn|13\n|\n|t:|1701026516\n|detailschange|p2a: Gallade|Gallade-Mega, M\n|-mega|p2a: Gallade|Gallade|Galladite\n|move|p1a: Gholdengo|Shadow Ball|p2a: Gallade\n|-supereffective|p2a: Gallade\n|-damage|p2a: Gallade|9\/100\n|move|p2a: Gallade|Knock Off|p1a: Gholdengo\n|-supereffective|p1a: Gholdengo\n|-damage|p1a: Gholdengo|6\/100\n|-enditem|p1a: Gholdengo|Choice Scarf|[from] move: Knock Off|[of] p2a: Gallade\n|\n|-end|p1a: Gholdengo|move: Future Sight\n|-resisted|p1a: Gholdengo\n|-damage|p1a: Gholdengo|0 fnt\n|faint|p1a: Gholdengo\n|upkeep\n|\n|t:|1701026528\n|switch|p1a: Ribombee|Ribombee, M|100\/100\n|-damage|p1a: Ribombee|76\/100|[from] Stealth Rock\n|turn|14\n|\n|t:|1701026544\n|switch|p2a: Blaziken|Blaziken, M|32\/100\n|move|p1a: Ribombee|Bug Buzz|p2a: Blaziken\n|-resisted|p2a: Blaziken\n|-damage|p2a: Blaziken|18\/100\n|\n|upkeep\n|turn|15\n|\n|t:|1701026557\n|move|p2a: Blaziken|Protect|p2a: Blaziken\n|-singleturn|p2a: Blaziken|Protect\n|move|p1a: Ribombee|Moonblast|p2a: Blaziken\n|-activate|p2a: Blaziken|move: Protect\n|\n|-ability|p2a: Blaziken|Speed Boost|boost\n|-boost|p2a: Blaziken|spe|1\n|upkeep\n|turn|16\n|\n|t:|1701026574\n|-zpower|p2a: Blaziken\n|move|p2a: Blaziken|Inferno Overdrive|p1a: Ribombee|[zeffect]\n|-supereffective|p1a: Ribombee\n|-damage|p1a: Ribombee|0 fnt\n|faint|p1a: Ribombee\n|\n|-ability|p2a: Blaziken|Speed Boost|boost\n|-boost|p2a: Blaziken|spe|1\n|upkeep\n|\n|t:|1701026588\n|switch|p1a: Great Tusk|Great Tusk|100\/100\n|-damage|p1a: Great Tusk|98\/100|[from] Stealth Rock\n|-enditem|p1a: Great Tusk|Booster Energy\n|-activate|p1a: Great Tusk|ability: Protosynthesis|[fromitem]\n|-start|p1a: Great Tusk|protosynthesisspe\n|turn|17\n|c|\u2606Aroma Nobody|gg\n|c|\u2606Aroma Nobody|too much speed XD\n|\n|t:|1701026603\n|move|p2a: Blaziken|Flare Blitz|p1a: Great Tusk\n|-damage|p1a: Great Tusk|48\/100\n|-damage|p2a: Blaziken|0 fnt|[from] Recoil\n|faint|p2a: Blaziken\n|move|p1a: Great Tusk|Headlong Rush|p2: Blaziken|[notarget]\n|-fail|p1a: Great Tusk\n|\n|upkeep\n|\n|t:|1701026607\n|switch|p2a: Gallade|Gallade-Mega, M|9\/100\n|turn|18\n|c|\u2606Djujao|gg\n|\n|t:|1701026611\n|move|p1a: Great Tusk|Knock Off|p2a: Gallade\n|-damage|p2a: Gallade|0 fnt\n|faint|p2a: Gallade\n|\n|win|Djujao\n","uploadtime":1701026615,"views":2,"p1id":"djujao","p2id":"aromanobody","formatid":"gen9nationaldexubers","rating":0,"private":0,"password":""}