{"id":"gen9nationaldexubers-1982032880","p1":"Holiss77","p2":"Aroma Nobody","format":"[Gen 9] National Dex Ubers","log":"|j|\u2606Holiss77\n|j|\u2606Aroma Nobody\n|t:|1698961353\n|gametype|singles\n|player|p1|Holiss77|lucas|\n|player|p2|Aroma Nobody|turo-ai|\n|teamsize|p1|6\n|teamsize|p2|6\n|gen|9\n|tier|[Gen 9] National Dex Ubers\n|rule|HP Percentage Mod: HP is shown in percentages\n|rule|Endless Battle Clause: Forcing endless battles is banned\n|rule|OHKO Clause: OHKO moves are banned\n|rule|Evasion Moves Clause: Evasion moves are banned\n|rule|Evasion Items Clause: Evasion items are banned\n|rule|Species Clause: Limit one of each Pok\u00e9mon\n|rule|Sleep Clause Mod: Limit one foe put to sleep\n|rule|Mega Rayquaza Clause: You cannot mega evolve Rayquaza\n|clearpoke\n|poke|p1|Kartana|\n|poke|p1|Tapu Lele|\n|poke|p1|Sneasler, M|\n|poke|p1|Rillaboom, M|\n|poke|p1|Zapdos|\n|poke|p1|Rotom-Wash|\n|poke|p2|Pelipper, F|\n|poke|p2|Crawdaunt, F|\n|poke|p2|Tapu Koko|\n|poke|p2|Swampert, F|\n|poke|p2|Iron Bundle|\n|poke|p2|Manaphy|\n|teampreview\n|c|\u2606Aroma Nobody|Gphf\n|\n|t:|1698961384\n|start\n|switch|p1a: Tapu Lele|Tapu Lele, shiny|100\/100\n|switch|p2a: Iron Bundle|Iron Bundle|100\/100\n|-fieldstart|move: Psychic Terrain|[from] ability: Psychic Surge|[of] p1a: Tapu Lele\n|turn|1\n|\n|t:|1698961395\n|switch|p1a: Rotom|Rotom-Wash|100\/100\n|move|p2a: Iron Bundle|Flip Turn|p1a: Rotom\n|-resisted|p1a: Rotom\n|-damage|p1a: Rotom|92\/100\n|\n|t:|1698961401\n|-end|p2a: Iron Bundle|Quark Drive|[silent]\n|switch|p2a: Tapu Koko|Tapu Koko|100\/100|[from] Flip Turn\n|-fieldstart|move: Electric Terrain|[from] ability: Electric Surge|[of] p2a: Tapu Koko\n|\n|-heal|p1a: Rotom|98\/100|[from] item: Leftovers\n|upkeep\n|turn|2\n|\n|t:|1698961434\n|move|p2a: Tapu Koko|U-turn|p1a: Rotom\n|-damage|p1a: Rotom|79\/100\n|\n|t:|1698961444\n|switch|p2a: Swampert|Swampert, F|100\/100|[from] U-turn\n|move|p1a: Rotom|Volt Switch|p2a: Swampert\n|-immune|p2a: Swampert\n|\n|-heal|p1a: Rotom|86\/100|[from] item: Leftovers\n|upkeep\n|turn|3\n|\n|t:|1698961463\n|detailschange|p2a: Swampert|Swampert-Mega, F\n|-mega|p2a: Swampert|Swampert|Swampertite\n|move|p2a: Swampert|Flip Turn|p1a: Rotom\n|-resisted|p1a: Rotom\n|-damage|p1a: Rotom|67\/100\n|\n|t:|1698961497\n|switch|p2a: Iron Bundle|Iron Bundle|100\/100|[from] Flip Turn\n|-activate|p2a: Iron Bundle|ability: Quark Drive\n|-start|p2a: Iron Bundle|quarkdrivespe\n|move|p1a: Rotom|Will-O-Wisp|p2a: Iron Bundle|[miss]\n|-miss|p1a: Rotom|p2a: Iron Bundle\n|\n|-heal|p1a: Rotom|73\/100|[from] item: Leftovers\n|upkeep\n|turn|4\n|\n|t:|1698961510\n|-terastallize|p1a: Rotom|Steel\n|move|p2a: Iron Bundle|Freeze-Dry|p1a: Rotom\n|-resisted|p1a: Rotom\n|-damage|p1a: Rotom|50\/100\n|move|p1a: Rotom|Volt Switch|p2a: Iron Bundle\n|-supereffective|p2a: Iron Bundle\n|-damage|p2a: Iron Bundle|0 fnt\n|faint|p2a: Iron Bundle\n|-end|p2a: Iron Bundle|Quark Drive|[silent]\n|\n|t:|1698961546\n|switch|p1a: Enma|Kartana, shiny|100\/100|[from] Volt Switch\n|\n|upkeep\n|\n|t:|1698961560\n|switch|p2a: Pelipper|Pelipper, F|100\/100\n|-weather|RainDance|[from] ability: Drizzle|[of] p2a: Pelipper\n|turn|5\n|\n|t:|1698961585\n|switch|p1a: Zapdos|Zapdos|100\/100\n|move|p2a: Pelipper|Hurricane|p1a: Zapdos\n|-resisted|p1a: Zapdos\n|-damage|p1a: Zapdos|79\/100\n|-start|p1a: Zapdos|confusion\n|\n|-weather|RainDance|[upkeep]\n|-fieldend|move: Electric Terrain\n|upkeep\n|turn|6\n|\n|t:|1698961601\n|switch|p2a: Swampert|Swampert-Mega, F|100\/100\n|-activate|p1a: Zapdos|confusion\n|move|p1a: Zapdos|Hurricane|p2a: Swampert\n|-crit|p2a: Swampert\n|-damage|p2a: Swampert|22\/100\n|-start|p2a: Swampert|confusion\n|\n|-weather|RainDance|[upkeep]\n|upkeep\n|turn|7\n|\n|t:|1698961615\n|switch|p1a: Rillaboom|Rillaboom, M|100\/100\n|-fieldstart|move: Grassy Terrain|[from] ability: Grassy Surge|[of] p1a: Rillaboom\n|-activate|p2a: Swampert|confusion\n|-damage|p2a: Swampert|8\/100|[from] confusion\n|\n|-weather|RainDance|[upkeep]\n|-heal|p2a: Swampert|14\/100|[from] Grassy Terrain\n|upkeep\n|turn|8\n|\n|t:|1698961632\n|-activate|p2a: Swampert|confusion\n|move|p2a: Swampert|Flip Turn|p1a: Rillaboom\n|-resisted|p1a: Rillaboom\n|-damage|p1a: Rillaboom|77\/100\n|\n|t:|1698961641\n|switch|p2a: Pelipper|Pelipper, F|100\/100|[from] Flip Turn\n|move|p1a: Rillaboom|U-turn|p2a: Pelipper\n|-resisted|p2a: Pelipper\n|-damage|p2a: Pelipper|93\/100\n|\n|t:|1698961659\n|switch|p1a: Tapu Lele|Tapu Lele, shiny|100\/100|[from] U-turn\n|-fieldstart|move: Psychic Terrain|[from] ability: Psychic Surge|[of] p1a: Tapu Lele\n|\n|-weather|RainDance|[upkeep]\n|upkeep\n|turn|9\n|\n|t:|1698961668\n|move|p1a: Tapu Lele|Psyshock|p2a: Pelipper\n|-damage|p2a: Pelipper|35\/100\n|move|p2a: Pelipper|U-turn|p1a: Tapu Lele\n|-damage|p1a: Tapu Lele|87\/100\n|\n|t:|1698961677\n|switch|p2a: Tapu Koko|Tapu Koko|100\/100|[from] U-turn\n|-fieldstart|move: Electric Terrain|[from] ability: Electric Surge|[of] p2a: Tapu Koko\n|\n|-weather|RainDance|[upkeep]\n|upkeep\n|turn|10\n|\n|t:|1698961687\n|move|p2a: Tapu Koko|Light Screen|p2a: Tapu Koko\n|-sidestart|p2: Aroma Nobody|move: Light Screen\n|move|p1a: Tapu Lele|Psyshock|p2a: Tapu Koko\n|-damage|p2a: Tapu Koko|64\/100\n|\n|-weather|RainDance|[upkeep]\n|upkeep\n|turn|11\n|\n|t:|1698961698\n|move|p2a: Tapu Koko|Reflect|p2a: Tapu Koko\n|-sidestart|p2: Aroma Nobody|Reflect\n|move|p1a: Tapu Lele|Psyshock|p2a: Tapu Koko\n|-damage|p2a: Tapu Koko|32\/100\n|\n|-weather|RainDance|[upkeep]\n|upkeep\n|turn|12\n|\n|t:|1698961707\n|switch|p1a: Zapdos|Zapdos|79\/100\n|move|p2a: Tapu Koko|U-turn|p1a: Zapdos\n|-resisted|p1a: Zapdos\n|-damage|p1a: Zapdos|69\/100\n|\n|t:|1698961715\n|switch|p2a: Manaphy|Manaphy|100\/100|[from] U-turn\n|\n|-weather|none\n|upkeep\n|turn|13\n|\n|t:|1698961776\n|move|p2a: Manaphy|Tail Glow|p2a: Manaphy\n|-boost|p2a: Manaphy|spa|3\n|move|p1a: Zapdos|Defog|p2a: Manaphy\n|-unboost|p2a: Manaphy|evasion|1\n|-sideend|p2: Aroma Nobody|Reflect\n|-sideend|p2: Aroma Nobody|move: Light Screen\n|-fieldend|move: Electric Terrain\n|\n|upkeep\n|turn|14\n|\n|t:|1698961799\n|switch|p1a: Rillaboom|Rillaboom, M|77\/100\n|-fieldstart|move: Grassy Terrain|[from] ability: Grassy Surge|[of] p1a: Rillaboom\n|-zpower|p2a: Manaphy\n|move|p2a: Manaphy|Z-Rain Dance|p2a: Manaphy|[anim]Rain Dance\n|-boost|p2a: Manaphy|spe|1|[zeffect]\n|-weather|RainDance\n|\n|-weather|RainDance|[upkeep]\n|-heal|p1a: Rillaboom|84\/100|[from] Grassy Terrain\n|upkeep\n|turn|15\n|\n|t:|1698961815\n|move|p2a: Manaphy|Surf|p1a: Rillaboom\n|-resisted|p1a: Rillaboom\n|-damage|p1a: Rillaboom|41\/100\n|move|p1a: Rillaboom|Wood Hammer|p2a: Manaphy\n|-supereffective|p2a: Manaphy\n|-damage|p2a: Manaphy|0 fnt\n|faint|p2a: Manaphy\n|-damage|p1a: Rillaboom|8\/100|[from] Recoil\n|\n|-weather|RainDance|[upkeep]\n|-heal|p1a: Rillaboom|15\/100|[from] Grassy Terrain\n|upkeep\n|\n|t:|1698961825\n|switch|p2a: Crawdaunt|Crawdaunt, F|100\/100\n|turn|16\n|\n|t:|1698961839\n|-terastallize|p2a: Crawdaunt|Water\n|move|p2a: Crawdaunt|Aqua Jet|p1a: Rillaboom\n|-resisted|p1a: Rillaboom\n|-damage|p1a: Rillaboom|0 fnt\n|faint|p1a: Rillaboom\n|\n|-weather|RainDance|[upkeep]\n|upkeep\n|\n|t:|1698961860\n|switch|p1a: Enma|Kartana, shiny|100\/100\n|turn|17\n|\n|t:|1698961869\n|move|p2a: Crawdaunt|Aqua Jet|p1a: Enma\n|-resisted|p1a: Enma\n|-damage|p1a: Enma|59\/100\n|move|p1a: Enma|Leaf Blade|p2a: Crawdaunt\n|-supereffective|p2a: Crawdaunt\n|-damage|p2a: Crawdaunt|0 fnt\n|faint|p2a: Crawdaunt\n|-ability|p1a: Enma|Beast Boost|boost\n|-boost|p1a: Enma|atk|1\n|\n|-weather|RainDance|[upkeep]\n|-heal|p1a: Enma|65\/100|[from] Grassy Terrain\n|upkeep\n|\n|t:|1698961876\n|switch|p2a: Swampert|Swampert-Mega, F|14\/100\n|turn|18\n|\n|t:|1698961880\n|move|p2a: Swampert|Ice Punch|p1a: Enma\n|-damage|p1a: Enma|37\/100\n|move|p1a: Enma|Leaf Blade|p2a: Swampert\n|-supereffective|p2a: Swampert\n|-damage|p2a: Swampert|0 fnt\n|faint|p2a: Swampert\n|-ability|p1a: Enma|Beast Boost|boost\n|-boost|p1a: Enma|atk|1\n|\n|-weather|none\n|-heal|p1a: Enma|43\/100|[from] Grassy Terrain\n|-fieldend|move: Grassy Terrain\n|upkeep\n|\n|t:|1698961886\n|switch|p2a: Tapu Koko|Tapu Koko|32\/100\n|-fieldstart|move: Electric Terrain|[from] ability: Electric Surge|[of] p2a: Tapu Koko\n|turn|19\n|\n|t:|1698961891\n|move|p1a: Enma|Leaf Blade|p2a: Tapu Koko\n|-damage|p2a: Tapu Koko|0 fnt\n|faint|p2a: Tapu Koko\n|-ability|p1a: Enma|Beast Boost|boost\n|-boost|p1a: Enma|atk|1\n|\n|upkeep\n|c|\u2606Aroma Nobody|Gg\n|c|\u2606Holiss77|Gg\n|\n|t:|1698961906\n|switch|p2a: Pelipper|Pelipper, F|35\/100\n|-weather|RainDance|[from] ability: Drizzle|[of] p2a: Pelipper\n|turn|20\n|\n|t:|1698961908\n|move|p1a: Enma|Leaf Blade|p2a: Pelipper\n|-damage|p2a: Pelipper|0 fnt\n|faint|p2a: Pelipper\n|\n|win|Holiss77\n","uploadtime":1698961925,"views":8,"p1id":"holiss77","p2id":"aromanobody","formatid":"gen9nationaldexubers","rating":0,"private":0,"password":""}