{"id":"gen9nationaldexubers-1981870189","p1":"DrArkane15","p2":"Half_A_Ako","format":"[Gen 9] National Dex Ubers","log":"|j|\u2606DrArkane15\n|j|\u2606Half_A_Ako\n|t:|1698947855\n|gametype|singles\n|player|p1|DrArkane15|cyrus|\n|player|p2|Half_A_Ako|victor-dojo|\n|teamsize|p1|5\n|teamsize|p2|6\n|gen|9\n|tier|[Gen 9] National Dex Ubers\n|rule|HP Percentage Mod: HP is shown in percentages\n|rule|Endless Battle Clause: Forcing endless battles is banned\n|rule|OHKO Clause: OHKO moves are banned\n|rule|Evasion Moves Clause: Evasion moves are banned\n|rule|Evasion Items Clause: Evasion items are banned\n|rule|Species Clause: Limit one of each Pok\u00e9mon\n|rule|Sleep Clause Mod: Limit one foe put to sleep\n|rule|Mega Rayquaza Clause: You cannot mega evolve Rayquaza\n|clearpoke\n|poke|p1|Onix, L21, F|\n|poke|p1|Graveler-Alola, L24, M|\n|poke|p1|Drednaw, L25, F|\n|poke|p1|Cranidos, L22, F|\n|poke|p1|Carkol, L23, M|\n|poke|p2|Politoed, L25, F|\n|poke|p2|Mankey, L24, M|\n|poke|p2|Dartrix, L25, F|\n|poke|p2|Monferno, L23, F|\n|poke|p2|Gyarados, L25, F|\n|poke|p2|Shinx, L8, M|\n|teampreview\n|j| Laewen\n|\n|t:|1698947872\n|start\n|switch|p1a: Onix|Onix, L21, F|100\/100\n|switch|p2a: Shinx|Shinx, L8, M|100\/100\n|-ability|p2a: Shinx|Intimidate|boost\n|-unboost|p1a: Onix|atk|1\n|turn|1\n|\n|t:|1698947882\n|switch|p2a: grosse levre|Gyarados, L25, F|100\/100\n|-ability|p2a: grosse levre|Intimidate|boost\n|-unboost|p1a: Onix|atk|1\n|move|p1a: Onix|Bulldoze|p2a: grosse levre\n|-immune|p2a: grosse levre\n|\n|upkeep\n|turn|2\n|\n|t:|1698947892\n|move|p2a: grosse levre|Waterfall|p1a: Onix\n|-supereffective|p1a: Onix\n|-crit|p1a: Onix\n|-damage|p1a: Onix|0 fnt\n|faint|p1a: Onix\n|\n|upkeep\n|\n|t:|1698947897\n|switch|p1a: Graveler|Graveler-Alola, L24, M|100\/100\n|turn|3\n|j| Neosouls\n|\n|t:|1698947904\n|switch|p2a: Shinx|Shinx, L8, M|100\/100\n|-ability|p2a: Shinx|Intimidate|boost\n|-unboost|p1a: Graveler|atk|1\n|move|p1a: Graveler|Thunder Punch|p2a: Shinx\n|-resisted|p2a: Shinx\n|-damage|p2a: Shinx|0 fnt\n|faint|p2a: Shinx\n|\n|upkeep\n|\n|t:|1698947920\n|switch|p2a: neosouls irl|Mankey, L24, M|100\/100\n|turn|4\n|c| Neosouls|ALLER ALLER\n|c| Neosouls|Ah le batard\n|\n|t:|1698947942\n|switch|p1a: Cranidos|Cranidos, L22, F|100\/100\n|-ability|p1a: Cranidos|Mold Breaker\n|move|p2a: neosouls irl|Low Kick|p1a: Cranidos\n|-supereffective|p1a: Cranidos\n|-damage|p1a: Cranidos|0 fnt\n|faint|p1a: Cranidos\n|\n|upkeep\n|j| NicoTheGodTrainer\n|\n|t:|1698947954\n|switch|p1a: Drednaw|Drednaw, L25, F|100\/100\n|turn|5\n|c|\u2606Half_A_Ako|bro thinks he is him\n|\n|t:|1698947966\n|move|p1a: Drednaw|Razor Shell|p2a: neosouls irl\n|-damage|p2a: neosouls irl|0 fnt\n|faint|p2a: neosouls irl\n|\n|upkeep\n|\n|t:|1698947977\n|switch|p2a: mashallah la coupe|Dartrix, L25, F|100\/100\n|turn|6\n|\n|t:|1698947991\n|switch|p1a: Graveler|Graveler-Alola, L24, M|100\/100\n|move|p2a: mashallah la coupe|Razor Leaf|p1a: Graveler\n|-supereffective|p1a: Graveler\n|-crit|p1a: Graveler\n|-damage|p1a: Graveler|20\/100\n|\n|upkeep\n|turn|7\n|\n|t:|1698948001\n|move|p2a: mashallah la coupe|Razor Leaf|p1a: Graveler\n|-supereffective|p1a: Graveler\n|-damage|p1a: Graveler|0 fnt\n|faint|p1a: Graveler\n|\n|upkeep\n|\n|t:|1698948006\n|switch|p1a: Carkol|Carkol, L23, M|100\/100\n|turn|8\n|\n|t:|1698948016\n|switch|p2a: Knight|Politoed, L25, F|100\/100\n|-weather|RainDance|[from] ability: Drizzle|[of] p2a: Knight\n|move|p1a: Carkol|Flame Charge|p2a: Knight\n|-resisted|p2a: Knight\n|-damage|p2a: Knight|97\/100\n|-boost|p1a: Carkol|spe|1\n|\n|-weather|RainDance|[upkeep]\n|upkeep\n|turn|9\n|\n|t:|1698948032\n|switch|p1a: Drednaw|Drednaw, L25, F|100\/100\n|move|p2a: Knight|Hydro Pump|p1a: Drednaw\n|-damage|p1a: Drednaw|4\/100\n|\n|-weather|RainDance|[upkeep]\n|upkeep\n|turn|10\n|c| NicoTheGodTrainer|Si tu perds t'es gay Chone\n|\n|t:|1698948041\n|switch|p2a: neosouls irl2|Monferno, L23, F|100\/100\n|move|p1a: Drednaw|Crunch|p2a: neosouls irl2\n|-resisted|p2a: neosouls irl2\n|-damage|p2a: neosouls irl2|48\/100\n|\n|-weather|RainDance|[upkeep]\n|upkeep\n|turn|11\n|\n|t:|1698948053\n|move|p2a: neosouls irl2|Mach Punch|p1a: Drednaw\n|-supereffective|p1a: Drednaw\n|-damage|p1a: Drednaw|0 fnt\n|faint|p1a: Drednaw\n|\n|-weather|RainDance|[upkeep]\n|upkeep\n|\n|t:|1698948058\n|switch|p1a: Carkol|Carkol, L23, M|100\/100\n|turn|12\n|\n|t:|1698948065\n|move|p2a: neosouls irl2|Mach Punch|p1a: Carkol\n|-supereffective|p1a: Carkol\n|-damage|p1a: Carkol|54\/100\n|move|p1a: Carkol|Smack Down|p2a: neosouls irl2\n|-damage|p2a: neosouls irl2|14\/100\n|\n|-weather|none\n|upkeep\n|turn|13\n|\n|t:|1698948075\n|move|p2a: neosouls irl2|Mach Punch|p1a: Carkol\n|-supereffective|p1a: Carkol\n|-damage|p1a: Carkol|7\/100\n|move|p1a: Carkol|Smack Down|p2a: neosouls irl2\n|-damage|p2a: neosouls irl2|0 fnt\n|faint|p2a: neosouls irl2\n|\n|upkeep\n|\n|t:|1698948083\n|switch|p2a: Knight|Politoed, L25, F|97\/100\n|-weather|RainDance|[from] ability: Drizzle|[of] p2a: Knight\n|turn|14\n|\n|t:|1698948093\n|move|p2a: Knight|Earth Power|p1a: Carkol\n|-supereffective|p1a: Carkol\n|-damage|p1a: Carkol|0 fnt\n|faint|p1a: Carkol\n|\n|win|Half_A_Ako\n","uploadtime":1698948100,"views":23,"p1id":"drarkane15","p2id":"halfaako","formatid":"gen9nationaldexubers","rating":0,"private":0,"password":""}