{"id":"gen9nationaldexubers-1986536765","p1":"tillersaplant","p2":"TeenageDisaster666","format":"[Gen 9] National Dex Ubers","log":"|j|\u2606tillersaplant\n|j|\u2606TeenageDisaster666\n|t:|1699489410\n|gametype|singles\n|player|p1|tillersaplant|pokemonbreeder|1101\n|player|p2|TeenageDisaster666|burgh|1120\n|teamsize|p1|6\n|teamsize|p2|6\n|gen|9\n|tier|[Gen 9] National Dex Ubers\n|rated|\n|rule|HP Percentage Mod: HP is shown in percentages\n|rule|Endless Battle Clause: Forcing endless battles is banned\n|rule|OHKO Clause: OHKO moves are banned\n|rule|Evasion Moves Clause: Evasion moves are banned\n|rule|Evasion Items Clause: Evasion items are banned\n|rule|Species Clause: Limit one of each Pok\u00e9mon\n|rule|Sleep Clause Mod: Limit one foe put to sleep\n|rule|Mega Rayquaza Clause: You cannot mega evolve Rayquaza\n|clearpoke\n|poke|p1|Sableye, M|\n|poke|p1|Dugtrio-Alola, M|\n|poke|p1|Raichu-Alola, F|\n|poke|p1|Pincurchin, M|\n|poke|p1|Infernape, F|\n|poke|p1|Goodra-Hisui, M|\n|poke|p2|Urshifu-*, M|\n|poke|p2|Ursaluna, M|\n|poke|p2|Tornadus, M|\n|poke|p2|Annihilape, M|\n|poke|p2|Amoonguss, M|\n|poke|p2|Flutter Mane|\n|teampreview\n|\n|t:|1699489414\n|start\n|switch|p1a: Pincurchin|Pincurchin, M|100\/100\n|switch|p2a: Urshifu|Urshifu-Rapid-Strike, M|100\/100\n|-fieldstart|move: Electric Terrain|[from] ability: Electric Surge|[of] p1a: Pincurchin\n|turn|1\n|\n|t:|1699489423\n|move|p2a: Urshifu|Bulk Up|p2a: Urshifu\n|-boost|p2a: Urshifu|atk|1\n|-boost|p2a: Urshifu|def|1\n|move|p1a: Pincurchin|Rising Voltage|p2a: Urshifu\n|-hint|Rising Voltage's BP doubled on grounded target.\n|-supereffective|p2a: Urshifu\n|-enditem|p2a: Urshifu|Focus Sash\n|-damage|p2a: Urshifu|1\/100\n|\n|upkeep\n|turn|2\n|\n|t:|1699489433\n|move|p1a: Pincurchin|Sucker Punch|p2a: Urshifu\n|-resisted|p2a: Urshifu\n|-damage|p2a: Urshifu|0 fnt\n|faint|p2a: Urshifu\n|\n|upkeep\n|\n|t:|1699489440\n|switch|p2a: Rowr|Ursaluna, M|100\/100\n|turn|3\n|\n|t:|1699489450\n|switch|p1a: Sableye|Sableye, M, shiny|100\/100\n|-item|p1a: Sableye|Air Balloon\n|move|p2a: Rowr|Protect||[still]\n|-fail|p2a: Rowr\n|\n|-status|p2a: Rowr|brn|[from] item: Flame Orb\n|upkeep\n|turn|4\n|\n|t:|1699489463\n|move|p2a: Rowr|Earthquake|p1a: Sableye\n|-immune|p1a: Sableye\n|move|p1a: Sableye|Knock Off|p2a: Rowr\n|-damage|p2a: Rowr|73\/100 brn\n|-enditem|p2a: Rowr|Flame Orb|[from] move: Knock Off|[of] p1a: Sableye\n|\n|-damage|p2a: Rowr|67\/100 brn|[from] brn\n|upkeep\n|turn|5\n|\n|t:|1699489471\n|move|p1a: Sableye|Detect|p1a: Sableye\n|-singleturn|p1a: Sableye|Protect\n|move|p2a: Rowr|Rock Slide|p1a: Sableye\n|-activate|p1a: Sableye|move: Protect\n|\n|-damage|p2a: Rowr|61\/100 brn|[from] brn\n|upkeep\n|turn|6\n|\n|t:|1699489483\n|move|p1a: Sableye|Disable|p2a: Rowr\n|-start|p2a: Rowr|Disable|Rock Slide\n|cant|p2a: Rowr|Disable|Rock Slide\n|\n|-damage|p2a: Rowr|54\/100 brn|[from] brn\n|upkeep\n|turn|7\n|\n|t:|1699489490\n|switch|p2a: Megumin|Flutter Mane|100\/100\n|-enditem|p2a: Megumin|Booster Energy\n|-activate|p2a: Megumin|ability: Protosynthesis|[fromitem]\n|-start|p2a: Megumin|protosynthesisspa\n|move|p1a: Sableye|Knock Off|p2a: Megumin\n|-damage|p2a: Megumin|66\/100\n|\n|upkeep\n|turn|8\n|\n|t:|1699489499\n|move|p1a: Sableye|Detect|p1a: Sableye\n|-singleturn|p1a: Sableye|Protect\n|move|p2a: Megumin|Moonblast|p1a: Sableye\n|-activate|p1a: Sableye|move: Protect\n|\n|-fieldend|move: Electric Terrain\n|upkeep\n|turn|9\n|inactive|Battle timer is ON: inactive players will automatically lose when time's up. (requested by TeenageDisaster666)\n|\n|t:|1699489541\n|switch|p1a: Pincurchin|Pincurchin, M|100\/100\n|-fieldstart|move: Electric Terrain|[from] ability: Electric Surge|[of] p1a: Pincurchin\n|move|p2a: Megumin|Moonblast|p1a: Pincurchin\n|-damage|p1a: Pincurchin|8\/100\n|-unboost|p1a: Pincurchin|spa|1\n|\n|upkeep\n|turn|10\n|\n|t:|1699489557\n|move|p1a: Pincurchin|Sucker Punch|p2a: Megumin\n|-damage|p2a: Megumin|45\/100\n|move|p2a: Megumin|Moonblast|p1a: Pincurchin\n|-damage|p1a: Pincurchin|0 fnt\n|faint|p1a: Pincurchin\n|\n|upkeep\n|inactive|tillersaplant has 120 seconds left.\n|\n|t:|1699489585\n|switch|p1a: Raichu|Raichu-Alola, F|100\/100\n|turn|11\n|inactive|tillersaplant has 120 seconds left.\n|\n|t:|1699489591\n|move|p1a: Raichu|Thunderbolt|p2a: Megumin\n|-crit|p2a: Megumin\n|-damage|p2a: Megumin|0 fnt\n|faint|p2a: Megumin\n|-end|p2a: Megumin|Protosynthesis|[silent]\n|\n|upkeep\n|\n|t:|1699489595\n|switch|p2a: Rowr|Ursaluna, M|54\/100 brn\n|turn|12\n|\n|t:|1699489599\n|switch|p1a: Sableye|Sableye, M, shiny|100\/100\n|-item|p1a: Sableye|Air Balloon\n|move|p2a: Rowr|Earthquake|p1a: Sableye\n|-immune|p1a: Sableye\n|\n|-damage|p2a: Rowr|48\/100 brn|[from] brn\n|upkeep\n|turn|13\n|\n|t:|1699489607\n|move|p1a: Sableye|Detect|p1a: Sableye\n|-singleturn|p1a: Sableye|Protect\n|move|p2a: Rowr|Rock Slide|p1a: Sableye\n|-activate|p1a: Sableye|move: Protect\n|\n|-damage|p2a: Rowr|42\/100 brn|[from] brn\n|upkeep\n|turn|14\n|\n|t:|1699489614\n|move|p1a: Sableye|Disable|p2a: Rowr\n|-start|p2a: Rowr|Disable|Rock Slide\n|cant|p2a: Rowr|Disable|Rock Slide\n|\n|-damage|p2a: Rowr|36\/100 brn|[from] brn\n|upkeep\n|turn|15\n|-message|TeenageDisaster666 forfeited.\n|\n|win|tillersaplant\n|raw|tillersaplant's rating: 1101 &rarr; <strong>1129<\/strong><br \/>(+28 for winning)\n|raw|TeenageDisaster666's rating: 1139 &rarr; <strong>1111<\/strong><br \/>(-28 for losing)\n|l|\u2606TeenageDisaster666\n","uploadtime":1699489636,"views":6,"p1id":"tillersaplant","p2id":"teenagedisaster666","formatid":"gen9nationaldexubers","rating":1111,"private":0,"password":""}