{"id":"gen9nationaldexubers-1994545507","p1":"guiguistebe","p2":"Solander","format":"[Gen 9] National Dex Ubers","log":"|j|\u2606guiguistebe\n|j|\u203dSolander\n|t:|1700457529\n|gametype|singles\n|player|p1|guiguistebe|fisherman-gen4|1167\n|player|p2|Solander|hilbert|1137\n|teamsize|p1|6\n|teamsize|p2|6\n|gen|9\n|tier|[Gen 9] National Dex Ubers\n|rated|\n|rule|HP Percentage Mod: HP is shown in percentages\n|rule|Endless Battle Clause: Forcing endless battles is banned\n|rule|OHKO Clause: OHKO moves are banned\n|rule|Evasion Moves Clause: Evasion moves are banned\n|rule|Evasion Items Clause: Evasion items are banned\n|rule|Species Clause: Limit one of each Pok\u00e9mon\n|rule|Sleep Clause Mod: Limit one foe put to sleep\n|rule|Mega Rayquaza Clause: You cannot mega evolve Rayquaza\n|clearpoke\n|poke|p1|Groudon, L99|\n|poke|p1|Ho-Oh|\n|poke|p1|Torkoal, F|\n|poke|p1|Exeggutor, F|\n|poke|p1|Gigalith, M|\n|poke|p1|Giratina-Origin|\n|poke|p2|Giratina|\n|poke|p2|Greninja-*, M|\n|poke|p2|Charizard, F|\n|poke|p2|Necrozma-Dusk-Mane|\n|poke|p2|Zygarde|\n|poke|p2|Zoroark, M|\n|teampreview\n|\n|t:|1700457535\n|start\n|switch|p1a: \u4e0d\u4f1a\u98de\u4fdd\u62a4\u534f\u4f1a\u4f1a\u957f|Groudon, L99|100\/100\n|switch|p2a: Zygarde|Zygarde|100\/100\n|detailschange|p1a: \u4e0d\u4f1a\u98de\u4fdd\u62a4\u534f\u4f1a\u4f1a\u957f|Groudon-Primal, L99\n|-primal|p1a: \u4e0d\u4f1a\u98de\u4fdd\u62a4\u534f\u4f1a\u4f1a\u957f|Red Orb\n|-weather|DesolateLand|[from] ability: Desolate Land|[of] p1a: \u4e0d\u4f1a\u98de\u4fdd\u62a4\u534f\u4f1a\u4f1a\u957f\n|turn|1\n|\n|t:|1700457550\n|-weather|none\n|switch|p1a: \u521b\u4e16\u795e\u534f\u4f1a\u76d1\u89c6\u8005|Giratina-Origin|100\/100\n|move|p2a: Zygarde|Extrasensory|p1a: \u521b\u4e16\u795e\u534f\u4f1a\u76d1\u89c6\u8005\n|-damage|p1a: \u521b\u4e16\u795e\u534f\u4f1a\u76d1\u89c6\u8005|82\/100\n|\n|upkeep\n|turn|2\n|\n|t:|1700457594\n|move|p2a: Zygarde|Dark Pulse|p1a: \u521b\u4e16\u795e\u534f\u4f1a\u76d1\u89c6\u8005\n|-supereffective|p1a: \u521b\u4e16\u795e\u534f\u4f1a\u76d1\u89c6\u8005\n|-damage|p1a: \u521b\u4e16\u795e\u534f\u4f1a\u76d1\u89c6\u8005|24\/100\n|move|p1a: \u521b\u4e16\u795e\u534f\u4f1a\u76d1\u89c6\u8005|Draco Meteor|p2a: Zygarde\n|-damage|p2a: Zygarde|0 fnt\n|-unboost|p1a: \u521b\u4e16\u795e\u534f\u4f1a\u76d1\u89c6\u8005|spa|2\n|replace|p2a: Zoroark|Zoroark, M\n|-end|p2a: Zoroark|Illusion\n|faint|p2a: Zoroark\n|\n|upkeep\n|\n|t:|1700457602\n|switch|p2a: Greninja|Greninja, M|100\/100\n|turn|3\n|\n|t:|1700457613\n|switch|p1a: \u4e0d\u4f1a\u98de\u4fdd\u62a4\u534f\u4f1a\u4e8c\u7ea7\u6210\u5458|Gigalith, M|100\/100\n|-weather|Sandstorm|[from] ability: Sand Stream|[of] p1a: \u4e0d\u4f1a\u98de\u4fdd\u62a4\u534f\u4f1a\u4e8c\u7ea7\u6210\u5458\n|move|p2a: Greninja|Dark Pulse|p1a: \u4e0d\u4f1a\u98de\u4fdd\u62a4\u534f\u4f1a\u4e8c\u7ea7\u6210\u5458\n|-damage|p1a: \u4e0d\u4f1a\u98de\u4fdd\u62a4\u534f\u4f1a\u4e8c\u7ea7\u6210\u5458|82\/100\n|\n|-weather|Sandstorm|[upkeep]\n|-damage|p2a: Greninja|95\/100|[from] Sandstorm\n|-heal|p1a: \u4e0d\u4f1a\u98de\u4fdd\u62a4\u534f\u4f1a\u4e8c\u7ea7\u6210\u5458|88\/100|[from] item: Leftovers\n|upkeep\n|turn|4\n|\n|t:|1700457625\n|move|p2a: Greninja|Water Pulse|p1a: \u4e0d\u4f1a\u98de\u4fdd\u62a4\u534f\u4f1a\u4e8c\u7ea7\u6210\u5458\n|-supereffective|p1a: \u4e0d\u4f1a\u98de\u4fdd\u62a4\u534f\u4f1a\u4e8c\u7ea7\u6210\u5458\n|-damage|p1a: \u4e0d\u4f1a\u98de\u4fdd\u62a4\u534f\u4f1a\u4e8c\u7ea7\u6210\u5458|58\/100\n|move|p1a: \u4e0d\u4f1a\u98de\u4fdd\u62a4\u534f\u4f1a\u4e8c\u7ea7\u6210\u5458|Stealth Rock|p2a: Greninja\n|-sidestart|p2: Solander|move: Stealth Rock\n|\n|-weather|Sandstorm|[upkeep]\n|-damage|p2a: Greninja|89\/100|[from] Sandstorm\n|-heal|p1a: \u4e0d\u4f1a\u98de\u4fdd\u62a4\u534f\u4f1a\u4e8c\u7ea7\u6210\u5458|64\/100|[from] item: Leftovers\n|upkeep\n|turn|5\n|\n|t:|1700457636\n|move|p2a: Greninja|Water Pulse|p1a: \u4e0d\u4f1a\u98de\u4fdd\u62a4\u534f\u4f1a\u4e8c\u7ea7\u6210\u5458\n|-supereffective|p1a: \u4e0d\u4f1a\u98de\u4fdd\u62a4\u534f\u4f1a\u4e8c\u7ea7\u6210\u5458\n|-damage|p1a: \u4e0d\u4f1a\u98de\u4fdd\u62a4\u534f\u4f1a\u4e8c\u7ea7\u6210\u5458|30\/100\n|move|p1a: \u4e0d\u4f1a\u98de\u4fdd\u62a4\u534f\u4f1a\u4e8c\u7ea7\u6210\u5458|Stone Edge|p2a: Greninja\n|-damage|p2a: Greninja|20\/100\n|\n|-weather|Sandstorm|[upkeep]\n|-damage|p2a: Greninja|14\/100|[from] Sandstorm\n|-heal|p1a: \u4e0d\u4f1a\u98de\u4fdd\u62a4\u534f\u4f1a\u4e8c\u7ea7\u6210\u5458|36\/100|[from] item: Leftovers\n|upkeep\n|turn|6\n|\n|t:|1700457651\n|switch|p1a: \u65b0\u65f6\u4ee3\u6674\u5929\u961f\u961f\u957f|Torkoal, F|100\/100\n|-weather|SunnyDay|[from] ability: Drought|[of] p1a: \u65b0\u65f6\u4ee3\u6674\u5929\u961f\u961f\u957f\n|move|p2a: Greninja|Water Pulse|p1a: \u65b0\u65f6\u4ee3\u6674\u5929\u961f\u961f\u957f\n|-supereffective|p1a: \u65b0\u65f6\u4ee3\u6674\u5929\u961f\u961f\u957f\n|-damage|p1a: \u65b0\u65f6\u4ee3\u6674\u5929\u961f\u961f\u957f|57\/100\n|-start|p1a: \u65b0\u65f6\u4ee3\u6674\u5929\u961f\u961f\u957f|confusion\n|\n|-weather|SunnyDay|[upkeep]\n|upkeep\n|turn|7\n|\n|t:|1700457661\n|move|p2a: Greninja|Water Pulse|p1a: \u65b0\u65f6\u4ee3\u6674\u5929\u961f\u961f\u957f\n|-supereffective|p1a: \u65b0\u65f6\u4ee3\u6674\u5929\u961f\u961f\u957f\n|-damage|p1a: \u65b0\u65f6\u4ee3\u6674\u5929\u961f\u961f\u957f|13\/100\n|-activate|p1a: \u65b0\u65f6\u4ee3\u6674\u5929\u961f\u961f\u957f|confusion\n|-damage|p1a: \u65b0\u65f6\u4ee3\u6674\u5929\u961f\u961f\u957f|8\/100|[from] confusion\n|\n|-weather|SunnyDay|[upkeep]\n|upkeep\n|turn|8\n|\n|t:|1700457669\n|move|p2a: Greninja|Water Pulse|p1a: \u65b0\u65f6\u4ee3\u6674\u5929\u961f\u961f\u957f\n|-supereffective|p1a: \u65b0\u65f6\u4ee3\u6674\u5929\u961f\u961f\u957f\n|-damage|p1a: \u65b0\u65f6\u4ee3\u6674\u5929\u961f\u961f\u957f|0 fnt\n|faint|p1a: \u65b0\u65f6\u4ee3\u6674\u5929\u961f\u961f\u957f\n|-ability|p2a: Greninja|Battle Bond|boost\n|-boost|p2a: Greninja|atk|1\n|-boost|p2a: Greninja|spa|1\n|-boost|p2a: Greninja|spe|1\n|-activate|p2a: Greninja|ability: Battle Bond\n|\n|-weather|SunnyDay|[upkeep]\n|upkeep\n|\n|t:|1700457682\n|switch|p1a: \u6211\u8981\u98de\u516c\u53f8\u6444\u5f71\u5e08|Ho-Oh|100\/100\n|turn|9\n|\n|t:|1700457689\n|-terastallize|p2a: Greninja|Water\n|move|p2a: Greninja|Water Pulse|p1a: \u6211\u8981\u98de\u516c\u53f8\u6444\u5f71\u5e08\n|-supereffective|p1a: \u6211\u8981\u98de\u516c\u53f8\u6444\u5f71\u5e08\n|-damage|p1a: \u6211\u8981\u98de\u516c\u53f8\u6444\u5f71\u5e08|62\/100\n|move|p1a: \u6211\u8981\u98de\u516c\u53f8\u6444\u5f71\u5e08|Sacred Fire|p2a: Greninja\n|-resisted|p2a: Greninja\n|-damage|p2a: Greninja|0 fnt\n|faint|p2a: Greninja\n|\n|-weather|SunnyDay|[upkeep]\n|upkeep\n|\n|t:|1700457709\n|switch|p2a: Charizard|Charizard, F|100\/100\n|-damage|p2a: Charizard|51\/100|[from] Stealth Rock\n|turn|10\n|\n|t:|1700457719\n|detailschange|p2a: Charizard|Charizard-Mega-X, F\n|-mega|p2a: Charizard|Charizard|Charizardite X\n|move|p2a: Charizard|Dragon Claw|p1a: \u6211\u8981\u98de\u516c\u53f8\u6444\u5f71\u5e08\n|-damage|p1a: \u6211\u8981\u98de\u516c\u53f8\u6444\u5f71\u5e08|13\/100\n|move|p1a: \u6211\u8981\u98de\u516c\u53f8\u6444\u5f71\u5e08|Dual Wingbeat|p2a: Charizard\n|-damage|p2a: Charizard|27\/100\n|-damage|p2a: Charizard|3\/100\n|-hitcount|p2a: Charizard|2\n|\n|-weather|SunnyDay|[upkeep]\n|upkeep\n|turn|11\n|\n|t:|1700457734\n|switch|p1a: \u9668\u843d\u7684\u4f4e\u901f\u6253\u624b|Exeggutor, F|100\/100\n|move|p2a: Charizard|Dragon Claw|p1a: \u9668\u843d\u7684\u4f4e\u901f\u6253\u624b\n|-damage|p1a: \u9668\u843d\u7684\u4f4e\u901f\u6253\u624b|31\/100\n|\n|-weather|SunnyDay|[upkeep]\n|upkeep\n|turn|12\n|\n|t:|1700457742\n|move|p1a: \u9668\u843d\u7684\u4f4e\u901f\u6253\u624b|Solar Beam||[still]\n|-prepare|p1a: \u9668\u843d\u7684\u4f4e\u901f\u6253\u624b|Solar Beam\n|-anim|p1a: \u9668\u843d\u7684\u4f4e\u901f\u6253\u624b|Solar Beam|p2a: Charizard\n|-resisted|p2a: Charizard\n|-damage|p2a: Charizard|0 fnt\n|faint|p2a: Charizard\n|-damage|p1a: \u9668\u843d\u7684\u4f4e\u901f\u6253\u624b|21\/100|[from] item: Life Orb\n|\n|-weather|SunnyDay|[upkeep]\n|upkeep\n|\n|t:|1700457750\n|switch|p2a: Giratina|Giratina|100\/100\n|-damage|p2a: Giratina|88\/100|[from] Stealth Rock\n|-ability|p2a: Giratina|Pressure\n|turn|13\n|\n|t:|1700457757\n|move|p1a: \u9668\u843d\u7684\u4f4e\u901f\u6253\u624b|Psyshock|p2a: Giratina\n|-damage|p2a: Giratina|57\/100\n|-damage|p1a: \u9668\u843d\u7684\u4f4e\u901f\u6253\u624b|11\/100|[from] item: Life Orb\n|move|p2a: Giratina|Dual Wingbeat|p1a: \u9668\u843d\u7684\u4f4e\u901f\u6253\u624b\n|-supereffective|p1a: \u9668\u843d\u7684\u4f4e\u901f\u6253\u624b\n|-crit|p1a: \u9668\u843d\u7684\u4f4e\u901f\u6253\u624b\n|-damage|p1a: \u9668\u843d\u7684\u4f4e\u901f\u6253\u624b|0 fnt\n|faint|p1a: \u9668\u843d\u7684\u4f4e\u901f\u6253\u624b\n|-hitcount|p1: \u9668\u843d\u7684\u4f4e\u901f\u6253\u624b|1\n|\n|-weather|none\n|upkeep\n|\n|t:|1700457768\n|switch|p1a: \u521b\u4e16\u795e\u534f\u4f1a\u76d1\u89c6\u8005|Giratina-Origin|24\/100\n|turn|14\n|\n|t:|1700457776\n|move|p1a: \u521b\u4e16\u795e\u534f\u4f1a\u76d1\u89c6\u8005|Draco Meteor|p2a: Giratina\n|-supereffective|p2a: Giratina\n|-damage|p2a: Giratina|0 fnt\n|-unboost|p1a: \u521b\u4e16\u795e\u534f\u4f1a\u76d1\u89c6\u8005|spa|2\n|faint|p2a: Giratina\n|\n|upkeep\n|\n|t:|1700457780\n|switch|p2a: Zygarde|Zygarde|100\/100\n|-damage|p2a: Zygarde|94\/100|[from] Stealth Rock\n|turn|15\n|\n|t:|1700457786\n|move|p2a: Zygarde|Core Enforcer|p1a: \u521b\u4e16\u795e\u534f\u4f1a\u76d1\u89c6\u8005\n|-supereffective|p1a: \u521b\u4e16\u795e\u534f\u4f1a\u76d1\u89c6\u8005\n|-damage|p1a: \u521b\u4e16\u795e\u534f\u4f1a\u76d1\u89c6\u8005|0 fnt\n|faint|p1a: \u521b\u4e16\u795e\u534f\u4f1a\u76d1\u89c6\u8005\n|\n|upkeep\n|\n|t:|1700457795\n|switch|p1a: \u6211\u8981\u98de\u516c\u53f8\u6444\u5f71\u5e08|Ho-Oh|46\/100\n|turn|16\n|\n|t:|1700457803\n|move|p2a: Zygarde|Core Enforcer|p1a: \u6211\u8981\u98de\u516c\u53f8\u6444\u5f71\u5e08\n|-damage|p1a: \u6211\u8981\u98de\u516c\u53f8\u6444\u5f71\u5e08|29\/100\n|move|p1a: \u6211\u8981\u98de\u516c\u53f8\u6444\u5f71\u5e08|Roost|p1a: \u6211\u8981\u98de\u516c\u53f8\u6444\u5f71\u5e08\n|-heal|p1a: \u6211\u8981\u98de\u516c\u53f8\u6444\u5f71\u5e08|79\/100\n|-singleturn|p1a: \u6211\u8981\u98de\u516c\u53f8\u6444\u5f71\u5e08|move: Roost\n|\n|upkeep\n|turn|17\n|\n|t:|1700457817\n|move|p2a: Zygarde|Core Enforcer|p1a: \u6211\u8981\u98de\u516c\u53f8\u6444\u5f71\u5e08\n|-damage|p1a: \u6211\u8981\u98de\u516c\u53f8\u6444\u5f71\u5e08|62\/100\n|move|p1a: \u6211\u8981\u98de\u516c\u53f8\u6444\u5f71\u5e08|Sacred Fire|p2a: Zygarde\n|-resisted|p2a: Zygarde\n|-damage|p2a: Zygarde|72\/100\n|\n|upkeep\n|turn|18\n|\n|t:|1700457826\n|move|p2a: Zygarde|Core Enforcer|p1a: \u6211\u8981\u98de\u516c\u53f8\u6444\u5f71\u5e08\n|-damage|p1a: \u6211\u8981\u98de\u516c\u53f8\u6444\u5f71\u5e08|44\/100\n|move|p1a: \u6211\u8981\u98de\u516c\u53f8\u6444\u5f71\u5e08|Sacred Fire|p2a: Zygarde\n|-resisted|p2a: Zygarde\n|-damage|p2a: Zygarde|48\/100\n|\n|-activate|p2a: Zygarde|ability: Power Construct\n|detailschange|p2a: Zygarde|Zygarde-Complete\n|-heal|p2a: Zygarde|68\/100|[silent]\n|upkeep\n|turn|19\n|\n|t:|1700457839\n|move|p2a: Zygarde|Core Enforcer|p1a: \u6211\u8981\u98de\u516c\u53f8\u6444\u5f71\u5e08\n|-damage|p1a: \u6211\u8981\u98de\u516c\u53f8\u6444\u5f71\u5e08|26\/100\n|move|p1a: \u6211\u8981\u98de\u516c\u53f8\u6444\u5f71\u5e08|Roost|p1a: \u6211\u8981\u98de\u516c\u53f8\u6444\u5f71\u5e08\n|-heal|p1a: \u6211\u8981\u98de\u516c\u53f8\u6444\u5f71\u5e08|76\/100\n|-singleturn|p1a: \u6211\u8981\u98de\u516c\u53f8\u6444\u5f71\u5e08|move: Roost\n|\n|upkeep\n|turn|20\n|\n|t:|1700457849\n|move|p2a: Zygarde|Core Enforcer|p1a: \u6211\u8981\u98de\u516c\u53f8\u6444\u5f71\u5e08\n|-damage|p1a: \u6211\u8981\u98de\u516c\u53f8\u6444\u5f71\u5e08|57\/100\n|move|p1a: \u6211\u8981\u98de\u516c\u53f8\u6444\u5f71\u5e08|Sacred Fire|p2a: Zygarde\n|-resisted|p2a: Zygarde\n|-damage|p2a: Zygarde|52\/100\n|-status|p2a: Zygarde|brn\n|\n|-damage|p2a: Zygarde|46\/100 brn|[from] brn\n|upkeep\n|turn|21\n|\n|t:|1700457862\n|move|p2a: Zygarde|Core Enforcer|p1a: \u6211\u8981\u98de\u516c\u53f8\u6444\u5f71\u5e08\n|-damage|p1a: \u6211\u8981\u98de\u516c\u53f8\u6444\u5f71\u5e08|37\/100\n|move|p1a: \u6211\u8981\u98de\u516c\u53f8\u6444\u5f71\u5e08|Roost|p1a: \u6211\u8981\u98de\u516c\u53f8\u6444\u5f71\u5e08\n|-heal|p1a: \u6211\u8981\u98de\u516c\u53f8\u6444\u5f71\u5e08|88\/100\n|-singleturn|p1a: \u6211\u8981\u98de\u516c\u53f8\u6444\u5f71\u5e08|move: Roost\n|\n|-damage|p2a: Zygarde|40\/100 brn|[from] brn\n|upkeep\n|turn|22\n|\n|t:|1700457874\n|move|p2a: Zygarde|Core Enforcer|p1a: \u6211\u8981\u98de\u516c\u53f8\u6444\u5f71\u5e08\n|-damage|p1a: \u6211\u8981\u98de\u516c\u53f8\u6444\u5f71\u5e08|70\/100\n|move|p1a: \u6211\u8981\u98de\u516c\u53f8\u6444\u5f71\u5e08|Dual Wingbeat|p2a: Zygarde\n|-damage|p2a: Zygarde|29\/100 brn\n|-damage|p2a: Zygarde|17\/100 brn\n|-hitcount|p2a: Zygarde|2\n|\n|-damage|p2a: Zygarde|11\/100 brn|[from] brn\n|upkeep\n|turn|23\n|\n|t:|1700457886\n|move|p2a: Zygarde|Protect|p2a: Zygarde\n|-singleturn|p2a: Zygarde|Protect\n|move|p1a: \u6211\u8981\u98de\u516c\u53f8\u6444\u5f71\u5e08|Dual Wingbeat|p2a: Zygarde\n|-activate|p2a: Zygarde|move: Protect\n|\n|-damage|p2a: Zygarde|5\/100 brn|[from] brn\n|upkeep\n|turn|24\n|\n|t:|1700457900\n|move|p2a: Zygarde|Protect||[still]\n|-fail|p2a: Zygarde\n|move|p1a: \u6211\u8981\u98de\u516c\u53f8\u6444\u5f71\u5e08|Roost|p1a: \u6211\u8981\u98de\u516c\u53f8\u6444\u5f71\u5e08\n|-heal|p1a: \u6211\u8981\u98de\u516c\u53f8\u6444\u5f71\u5e08|100\/100\n|-singleturn|p1a: \u6211\u8981\u98de\u516c\u53f8\u6444\u5f71\u5e08|move: Roost\n|\n|-damage|p2a: Zygarde|0 fnt|[from] brn\n|faint|p2a: Zygarde\n|upkeep\n|\n|t:|1700457905\n|switch|p2a: Necrozma|Necrozma-Dusk-Mane|100\/100\n|-damage|p2a: Necrozma|94\/100|[from] Stealth Rock\n|turn|25\n|\n|t:|1700457919\n|detailschange|p2a: Necrozma|Necrozma-Ultra\n|-burst|p2a: Necrozma|Necrozma|Ultranecrozium Z\n|-terastallize|p1a: \u6211\u8981\u98de\u516c\u53f8\u6444\u5f71\u5e08|Steel\n|move|p2a: Necrozma|Photon Geyser|p1a: \u6211\u8981\u98de\u516c\u53f8\u6444\u5f71\u5e08\n|-resisted|p1a: \u6211\u8981\u98de\u516c\u53f8\u6444\u5f71\u5e08\n|-damage|p1a: \u6211\u8981\u98de\u516c\u53f8\u6444\u5f71\u5e08|78\/100\n|move|p1a: \u6211\u8981\u98de\u516c\u53f8\u6444\u5f71\u5e08|Sacred Fire|p2a: Necrozma\n|-resisted|p2a: Necrozma\n|-damage|p2a: Necrozma|78\/100\n|\n|upkeep\n|turn|26\n|\n|t:|1700457936\n|move|p2a: Necrozma|Photon Geyser|p1a: \u6211\u8981\u98de\u516c\u53f8\u6444\u5f71\u5e08\n|-resisted|p1a: \u6211\u8981\u98de\u516c\u53f8\u6444\u5f71\u5e08\n|-damage|p1a: \u6211\u8981\u98de\u516c\u53f8\u6444\u5f71\u5e08|57\/100\n|move|p1a: \u6211\u8981\u98de\u516c\u53f8\u6444\u5f71\u5e08|Sacred Fire|p2a: Necrozma\n|-resisted|p2a: Necrozma\n|-damage|p2a: Necrozma|61\/100\n|-status|p2a: Necrozma|brn\n|\n|-damage|p2a: Necrozma|55\/100 brn|[from] brn\n|upkeep\n|turn|27\n|\n|t:|1700457950\n|switch|p1a: \u4e0d\u4f1a\u98de\u4fdd\u62a4\u534f\u4f1a\u4f1a\u957f|Groudon-Primal, L99|100\/100\n|-weather|DesolateLand|[from] ability: Desolate Land|[of] p1a: \u4e0d\u4f1a\u98de\u4fdd\u62a4\u534f\u4f1a\u4f1a\u957f\n|move|p2a: Necrozma|Photon Geyser|p1a: \u4e0d\u4f1a\u98de\u4fdd\u62a4\u534f\u4f1a\u4f1a\u957f\n|-damage|p1a: \u4e0d\u4f1a\u98de\u4fdd\u62a4\u534f\u4f1a\u4f1a\u957f|85\/100\n|\n|-weather|DesolateLand|[upkeep]\n|-damage|p2a: Necrozma|49\/100 brn|[from] brn\n|upkeep\n|turn|28\n|\n|t:|1700457961\n|-zpower|p2a: Necrozma\n|move|p2a: Necrozma|Light That Burns the Sky|p1a: \u4e0d\u4f1a\u98de\u4fdd\u62a4\u534f\u4f1a\u4f1a\u957f|[zeffect]\n|-damage|p1a: \u4e0d\u4f1a\u98de\u4fdd\u62a4\u534f\u4f1a\u4f1a\u957f|53\/100\n|move|p1a: \u4e0d\u4f1a\u98de\u4fdd\u62a4\u534f\u4f1a\u4f1a\u957f|Earthquake|p2a: Necrozma\n|-damage|p2a: Necrozma|17\/100 brn\n|\n|-weather|DesolateLand|[upkeep]\n|-damage|p2a: Necrozma|11\/100 brn|[from] brn\n|upkeep\n|turn|29\n|\n|t:|1700457972\n|move|p2a: Necrozma|Morning Sun|p2a: Necrozma\n|-heal|p2a: Necrozma|77\/100 brn\n|move|p1a: \u4e0d\u4f1a\u98de\u4fdd\u62a4\u534f\u4f1a\u4f1a\u957f|Earthquake|p2a: Necrozma\n|-crit|p2a: Necrozma\n|-damage|p2a: Necrozma|22\/100 brn\n|\n|-weather|DesolateLand|[upkeep]\n|-damage|p2a: Necrozma|16\/100 brn|[from] brn\n|upkeep\n|turn|30\n|\n|t:|1700457982\n|-weather|none\n|switch|p1a: \u4e0d\u4f1a\u98de\u4fdd\u62a4\u534f\u4f1a\u4e8c\u7ea7\u6210\u5458|Gigalith, M|36\/100\n|-weather|Sandstorm|[from] ability: Sand Stream|[of] p1a: \u4e0d\u4f1a\u98de\u4fdd\u62a4\u534f\u4f1a\u4e8c\u7ea7\u6210\u5458\n|move|p2a: Necrozma|Moonlight|p2a: Necrozma\n|-heal|p2a: Necrozma|41\/100 brn\n|\n|-weather|Sandstorm|[upkeep]\n|-damage|p2a: Necrozma|35\/100 brn|[from] Sandstorm\n|-heal|p1a: \u4e0d\u4f1a\u98de\u4fdd\u62a4\u534f\u4f1a\u4e8c\u7ea7\u6210\u5458|42\/100|[from] item: Leftovers\n|-damage|p2a: Necrozma|29\/100 brn|[from] brn\n|upkeep\n|turn|31\n|\n|t:|1700457996\n|move|p2a: Necrozma|Photon Geyser|p1a: \u4e0d\u4f1a\u98de\u4fdd\u62a4\u534f\u4f1a\u4e8c\u7ea7\u6210\u5458\n|-damage|p1a: \u4e0d\u4f1a\u98de\u4fdd\u62a4\u534f\u4f1a\u4e8c\u7ea7\u6210\u5458|22\/100\n|move|p1a: \u4e0d\u4f1a\u98de\u4fdd\u62a4\u534f\u4f1a\u4e8c\u7ea7\u6210\u5458|Explosion|p2a: Necrozma\n|-damage|p2a: Necrozma|0 fnt\n|faint|p1a: \u4e0d\u4f1a\u98de\u4fdd\u62a4\u534f\u4f1a\u4e8c\u7ea7\u6210\u5458\n|faint|p2a: Necrozma\n|\n|win|guiguistebe\n|raw|guiguistebe's rating: 1167 &rarr; <strong>1190<\/strong><br \/>(+23 for winning)\n|raw|Solander's rating: 1137 &rarr; <strong>1114<\/strong><br \/>(-23 for losing)\n|l|\u203dSolander\n","uploadtime":1700458020,"views":3,"p1id":"guiguistebe","p2id":"solander","formatid":"gen9nationaldexubers","rating":1114,"private":0,"password":""}