{"id":"gen9nationaldexubers-1997883308","p1":"Sereio","p2":"PaleSwordsman_666","format":"[Gen 9] National Dex Ubers","log":"|j|\u2606Sereio\n|j|\u2606PaleSwordsman_666\n|t:|1700863369\n|gametype|singles\n|player|p1|Sereio|1|\n|player|p2|PaleSwordsman_666|cynthia-gen4|\n|teamsize|p1|6\n|teamsize|p2|6\n|gen|9\n|tier|[Gen 9] National Dex Ubers\n|rule|HP Percentage Mod: HP is shown in percentages\n|rule|Endless Battle Clause: Forcing endless battles is banned\n|rule|OHKO Clause: OHKO moves are banned\n|rule|Evasion Moves Clause: Evasion moves are banned\n|rule|Evasion Items Clause: Evasion items are banned\n|rule|Species Clause: Limit one of each Pok\u00e9mon\n|rule|Sleep Clause Mod: Limit one foe put to sleep\n|rule|Mega Rayquaza Clause: You cannot mega evolve Rayquaza\n|clearpoke\n|poke|p1|Arcanine, M|\n|poke|p1|Accelgor, F|\n|poke|p1|Metagross|\n|poke|p1|Lapras, F|\n|poke|p1|Roserade, M|\n|poke|p1|Gourgeist-*, M|\n|poke|p2|Giratina-Origin|\n|poke|p2|Sharpedo, F|\n|poke|p2|Ditto|\n|poke|p2|Mandibuzz, F|\n|poke|p2|Mienshao, M|\n|poke|p2|Mamoswine, F|\n|teampreview\n|inactive|Battle timer is ON: inactive players will automatically lose when time's up. (requested by PaleSwordsman_666)\n|\n|t:|1700863396\n|start\n|switch|p1a: Roserade|Roserade, M|100\/100\n|switch|p2a: Mienshao|Mienshao, M|100\/100\n|turn|1\n|\n|t:|1700863403\n|move|p2a: Mienshao|Fake Out|p1a: Roserade\n|-damage|p1a: Roserade|70\/100\n|-damage|p2a: Mienshao|91\/100|[from] item: Life Orb\n|cant|p1a: Roserade|flinch\n|\n|upkeep\n|turn|2\n|\n|t:|1700863408\n|move|p1a: Roserade|Leaf Storm|p2a: Mienshao\n|-damage|p2a: Mienshao|0 fnt\n|-unboost|p1a: Roserade|spa|2\n|faint|p2a: Mienshao\n|\n|upkeep\n|\n|t:|1700863413\n|switch|p2a: Sharpedo|Sharpedo, F|100\/100\n|turn|3\n|\n|t:|1700863439\n|switch|p1a: Gourgeist|Gourgeist, M|100\/100\n|-item|p2a: Sharpedo|Sharpedonite|[from] ability: Frisk|[of] p1a: Gourgeist|[identify]\n|move|p2a: Sharpedo|Protect||[still]\n|-fail|p2a: Sharpedo\n|\n|-ability|p2a: Sharpedo|Speed Boost|boost\n|-boost|p2a: Sharpedo|spe|1\n|upkeep\n|turn|4\n|\n|t:|1700863450\n|move|p2a: Sharpedo|Protect|p2a: Sharpedo\n|-singleturn|p2a: Sharpedo|Protect\n|move|p1a: Gourgeist|Power Whip|p2a: Sharpedo\n|-activate|p2a: Sharpedo|move: Protect\n|\n|-ability|p2a: Sharpedo|Speed Boost|boost\n|-boost|p2a: Sharpedo|spe|1\n|upkeep\n|turn|5\n|\n|t:|1700863457\n|switch|p1a: Lapras|Lapras, F|100\/100\n|detailschange|p2a: Sharpedo|Sharpedo-Mega, F\n|-mega|p2a: Sharpedo|Sharpedo|Sharpedonite\n|move|p2a: Sharpedo|Crunch|p1a: Lapras\n|-damage|p1a: Lapras|37\/100\n|\n|-heal|p1a: Lapras|43\/100|[from] item: Leftovers\n|upkeep\n|turn|6\n|\n|t:|1700863467\n|move|p2a: Sharpedo|Crunch|p1a: Lapras\n|-damage|p1a: Lapras|0 fnt\n|faint|p1a: Lapras\n|\n|upkeep\n|\n|t:|1700863478\n|switch|p1a: Arcanine|Arcanine, M|100\/100\n|-ability|p1a: Arcanine|Intimidate|boost\n|-unboost|p2a: Sharpedo|atk|1\n|turn|7\n|\n|t:|1700863483\n|move|p2a: Sharpedo|Waterfall|p1a: Arcanine\n|-supereffective|p1a: Arcanine\n|-damage|p1a: Arcanine|53\/100\n|move|p1a: Arcanine|Will-O-Wisp|p2a: Sharpedo\n|-status|p2a: Sharpedo|brn\n|\n|-damage|p2a: Sharpedo|94\/100 brn|[from] brn\n|upkeep\n|turn|8\n|\n|t:|1700863507\n|switch|p2a: Ditto|Ditto|100\/100\n|-transform|p2a: Ditto|p1a: Arcanine|[from] ability: Imposter\n|-ability|p2a: Ditto|Intimidate|boost\n|-unboost|p1a: Arcanine|atk|1\n|move|p1a: Arcanine|Morning Sun|p1a: Arcanine\n|-heal|p1a: Arcanine|100\/100\n|\n|upkeep\n|turn|9\n|\n|t:|1700863519\n|move|p2a: Ditto|Will-O-Wisp|p1a: Arcanine|[miss]\n|-miss|p2a: Ditto|p1a: Arcanine\n|move|p1a: Arcanine|Thief|p2a: Ditto\n|-damage|p2a: Ditto|90\/100\n|-enditem|p2a: Ditto|Choice Scarf|[silent]|[from] move: Thief|[of] p1a: Arcanine\n|-item|p1a: Arcanine|Choice Scarf|[from] move: Thief|[of] p2a: Ditto\n|\n|upkeep\n|turn|10\n|\n|t:|1700863536\n|switch|p2a: Sharpedo|Sharpedo-Mega, F|94\/100 brn\n|move|p1a: Arcanine|Flare Blitz|p2a: Sharpedo\n|-resisted|p2a: Sharpedo\n|-damage|p2a: Sharpedo|69\/100 brn\n|-damage|p1a: Arcanine|94\/100|[from] Recoil\n|\n|-damage|p2a: Sharpedo|63\/100 brn|[from] brn\n|upkeep\n|turn|11\n|\n|t:|1700863547\n|move|p1a: Arcanine|Flare Blitz|p2a: Sharpedo\n|-resisted|p2a: Sharpedo\n|-damage|p2a: Sharpedo|40\/100 brn\n|-damage|p1a: Arcanine|89\/100|[from] Recoil\n|move|p2a: Sharpedo|Waterfall|p1a: Arcanine\n|-supereffective|p1a: Arcanine\n|-damage|p1a: Arcanine|50\/100\n|\n|-damage|p2a: Sharpedo|34\/100 brn|[from] brn\n|upkeep\n|turn|12\n|\n|t:|1700863555\n|move|p1a: Arcanine|Flare Blitz|p2a: Sharpedo\n|-resisted|p2a: Sharpedo\n|-damage|p2a: Sharpedo|9\/100 brn\n|-damage|p1a: Arcanine|44\/100|[from] Recoil\n|move|p2a: Sharpedo|Waterfall|p1a: Arcanine\n|-supereffective|p1a: Arcanine\n|-damage|p1a: Arcanine|9\/100\n|\n|-damage|p2a: Sharpedo|3\/100 brn|[from] brn\n|upkeep\n|turn|13\n|\n|t:|1700863565\n|switch|p1a: Gourgeist|Gourgeist, M|100\/100\n|-item|p2a: Sharpedo|Sharpedonite|[from] ability: Frisk|[of] p1a: Gourgeist|[identify]\n|move|p2a: Sharpedo|Crunch|p1a: Gourgeist\n|-supereffective|p1a: Gourgeist\n|-damage|p1a: Gourgeist|22\/100\n|\n|-damage|p2a: Sharpedo|0 fnt|[from] brn\n|faint|p2a: Sharpedo\n|upkeep\n|\n|t:|1700863581\n|switch|p2a: Mamoswine|Mamoswine, F|100\/100\n|turn|14\n|\n|t:|1700863591\n|switch|p1a: Arcanine|Arcanine, M|9\/100\n|-ability|p1a: Arcanine|Intimidate|boost\n|-unboost|p2a: Mamoswine|atk|1\n|move|p2a: Mamoswine|Ice Shard|p1a: Arcanine\n|-resisted|p1a: Arcanine\n|-damage|p1a: Arcanine|4\/100\n|\n|upkeep\n|turn|15\n|\n|t:|1700863600\n|move|p2a: Mamoswine|Ice Shard|p1a: Arcanine\n|-resisted|p1a: Arcanine\n|-damage|p1a: Arcanine|0 fnt\n|faint|p1a: Arcanine\n|\n|upkeep\n|\n|t:|1700863609\n|switch|p1a: Metagross|Metagross|100\/100\n|turn|16\n|\n|t:|1700863613\n|switch|p2a: Giratina|Giratina-Origin, shiny|100\/100\n|detailschange|p1a: Metagross|Metagross-Mega\n|-mega|p1a: Metagross|Metagross|Metagrossite\n|move|p1a: Metagross|Meteor Mash|p2a: Giratina\n|-damage|p2a: Giratina|59\/100\n|\n|upkeep\n|turn|17\n|\n|t:|1700863623\n|move|p1a: Metagross|Meteor Mash|p2a: Giratina\n|-damage|p2a: Giratina|18\/100\n|-boost|p1a: Metagross|atk|1\n|move|p2a: Giratina|Thunder Wave|p1a: Metagross\n|-status|p1a: Metagross|par\n|\n|upkeep\n|turn|18\n|\n|t:|1700863632\n|move|p2a: Giratina|Hex|p1a: Metagross\n|-supereffective|p1a: Metagross\n|-damage|p1a: Metagross|0 fnt\n|faint|p1a: Metagross\n|\n|upkeep\n|\n|t:|1700863648\n|switch|p1a: Accelgor|Accelgor, F|100\/100\n|turn|19\n|\n|t:|1700863657\n|switch|p2a: Ditto|Ditto|90\/100\n|-transform|p2a: Ditto|p1a: Accelgor|[from] ability: Imposter\n|move|p1a: Accelgor|Bug Buzz|p2a: Ditto\n|-damage|p2a: Ditto|22\/100\n|-enditem|p1a: Accelgor|Throat Spray\n|-boost|p1a: Accelgor|spa|1|[from] item: Throat Spray\n|\n|upkeep\n|turn|20\n|\n|t:|1700863671\n|move|p1a: Accelgor|Bug Buzz|p2a: Ditto\n|-damage|p2a: Ditto|0 fnt\n|faint|p2a: Ditto\n|\n|upkeep\n|\n|t:|1700863684\n|switch|p2a: Mandibuzz|Mandibuzz, F, shiny|100\/100\n|turn|21\n|\n|t:|1700863689\n|move|p1a: Accelgor|Bug Buzz|p2a: Mandibuzz\n|-damage|p2a: Mandibuzz|60\/100\n|move|p2a: Mandibuzz|Foul Play|p1a: Accelgor\n|-damage|p1a: Accelgor|60\/100\n|\n|-heal|p2a: Mandibuzz|66\/100|[from] item: Leftovers\n|upkeep\n|turn|22\n|\n|t:|1700863699\n|move|p1a: Accelgor|Bug Buzz|p2a: Mandibuzz\n|-damage|p2a: Mandibuzz|26\/100\n|move|p2a: Mandibuzz|Foul Play|p1a: Accelgor\n|-damage|p1a: Accelgor|19\/100\n|\n|-heal|p2a: Mandibuzz|32\/100|[from] item: Leftovers\n|upkeep\n|turn|23\n|\n|t:|1700863724\n|move|p1a: Accelgor|Bug Buzz|p2a: Mandibuzz\n|-damage|p2a: Mandibuzz|0 fnt\n|faint|p2a: Mandibuzz\n|\n|upkeep\n|\n|t:|1700863726\n|switch|p2a: Mamoswine|Mamoswine, F|100\/100\n|turn|24\n|\n|t:|1700863734\n|-terastallize|p2a: Mamoswine|Ice\n|move|p2a: Mamoswine|Ice Shard|p1a: Accelgor\n|-damage|p1a: Accelgor|0 fnt\n|faint|p1a: Accelgor\n|\n|upkeep\n|\n|t:|1700863743\n|switch|p1a: Roserade|Roserade, M|70\/100\n|turn|25\n|\n|t:|1700863762\n|-terastallize|p1a: Roserade|Fairy\n|move|p2a: Mamoswine|Ice Shard|p1a: Roserade\n|-damage|p1a: Roserade|29\/100\n|move|p1a: Roserade|Dazzling Gleam|p2a: Mamoswine\n|-damage|p2a: Mamoswine|50\/100\n|\n|upkeep\n|turn|26\n|\n|t:|1700863770\n|move|p2a: Mamoswine|Ice Shard|p1a: Roserade\n|-damage|p1a: Roserade|0 fnt\n|faint|p1a: Roserade\n|\n|upkeep\n|\n|t:|1700863772\n|switch|p1a: Gourgeist|Gourgeist, M|22\/100\n|-item|p2a: Mamoswine|Custap Berry|[from] ability: Frisk|[of] p1a: Gourgeist|[identify]\n|turn|27\n|\n|t:|1700863779\n|move|p2a: Mamoswine|Ice Shard|p1a: Gourgeist\n|-supereffective|p1a: Gourgeist\n|-damage|p1a: Gourgeist|0 fnt\n|faint|p1a: Gourgeist\n|\n|win|PaleSwordsman_666\n|l|\u2606Sereio\n","uploadtime":1700863792,"views":2,"p1id":"sereio","p2id":"paleswordsman666","formatid":"gen9nationaldexubers","rating":0,"private":0,"password":""}