{"id":"gen9nationaldexubers-2000661099","p1":"zvle","p2":"Olie4","format":"[Gen 9] National Dex Ubers","log":"|j|\u2606zvle\n|j|\u2606Olie4\n|t:|1701215794\n|gametype|singles\n|player|p1|zvle|101|1258\n|player|p2|Olie4|lady|1234\n|teamsize|p1|5\n|teamsize|p2|6\n|gen|9\n|tier|[Gen 9] National Dex Ubers\n|rated|\n|rule|HP Percentage Mod: HP is shown in percentages\n|rule|Endless Battle Clause: Forcing endless battles is banned\n|rule|OHKO Clause: OHKO moves are banned\n|rule|Evasion Moves Clause: Evasion moves are banned\n|rule|Evasion Items Clause: Evasion items are banned\n|rule|Species Clause: Limit one of each Pok\u00e9mon\n|rule|Sleep Clause Mod: Limit one foe put to sleep\n|rule|Mega Rayquaza Clause: You cannot mega evolve Rayquaza\n|clearpoke\n|poke|p1|Mewtwo|\n|poke|p1|Groudon|\n|poke|p1|Ho-Oh|\n|poke|p1|Xerneas-*|\n|poke|p1|Suicune|\n|poke|p2|Regieleki|\n|poke|p2|Togekiss, F|\n|poke|p2|Greninja-*, M|\n|poke|p2|Ferrothorn, M|\n|poke|p2|Urshifu-*, M|\n|poke|p2|Pawmot, F|\n|teampreview\n|c|\u2606Olie4|gl\n|\n|t:|1701215799\n|start\n|switch|p1a: Ho-Oh|Ho-Oh, shiny|100\/100\n|switch|p2a: Ferrothorns|Ferrothorn, M|100\/100\n|turn|1\n|\n|t:|1701215804\n|switch|p2a: Togekiss|Togekiss, F, shiny|100\/100\n|move|p1a: Ho-Oh|Sacred Fire|p2a: Togekiss\n|-damage|p2a: Togekiss|50\/100\n|\n|-heal|p2a: Togekiss|56\/100|[from] item: Leftovers\n|upkeep\n|turn|2\n|c|\u2606zvle|gl hf\n|\n|t:|1701215822\n|switch|p1a: Suicune|Suicune, shiny|100\/100\n|-ability|p1a: Suicune|Pressure\n|move|p2a: Togekiss|Thunder Wave|p1a: Suicune\n|-status|p1a: Suicune|par\n|\n|-heal|p2a: Togekiss|62\/100|[from] item: Leftovers\n|upkeep\n|turn|3\n|\n|t:|1701215833\n|move|p2a: Togekiss|Air Slash|p1a: Suicune\n|-damage|p1a: Suicune|75\/100 par\n|cant|p1a: Suicune|flinch\n|\n|-heal|p2a: Togekiss|68\/100|[from] item: Leftovers\n|-heal|p1a: Suicune|81\/100 par|[from] item: Leftovers\n|upkeep\n|turn|4\n|\n|t:|1701215837\n|move|p2a: Togekiss|Air Slash|p1a: Suicune\n|-damage|p1a: Suicune|56\/100 par\n|cant|p1a: Suicune|flinch\n|\n|-heal|p2a: Togekiss|74\/100|[from] item: Leftovers\n|-heal|p1a: Suicune|62\/100 par|[from] item: Leftovers\n|upkeep\n|turn|5\n|\n|t:|1701215839\n|move|p2a: Togekiss|Air Slash|p1a: Suicune\n|-damage|p1a: Suicune|36\/100 par\n|cant|p1a: Suicune|flinch\n|\n|-heal|p2a: Togekiss|81\/100|[from] item: Leftovers\n|-heal|p1a: Suicune|42\/100 par|[from] item: Leftovers\n|upkeep\n|turn|6\n|\n|t:|1701215841\n|move|p2a: Togekiss|Air Slash|p1a: Suicune|[miss]\n|-miss|p2a: Togekiss|p1a: Suicune\n|move|p1a: Suicune|Rest|p1a: Suicune\n|-status|p1a: Suicune|slp|[from] move: Rest\n|-heal|p1a: Suicune|100\/100 slp|[silent]\n|\n|-heal|p2a: Togekiss|87\/100|[from] item: Leftovers\n|upkeep\n|turn|7\n|\n|t:|1701215845\n|move|p2a: Togekiss|Air Slash|p1a: Suicune\n|-damage|p1a: Suicune|75\/100 slp\n|cant|p1a: Suicune|slp\n|cant|p1a: Suicune|flinch\n|\n|-heal|p2a: Togekiss|93\/100|[from] item: Leftovers\n|-heal|p1a: Suicune|81\/100 slp|[from] item: Leftovers\n|upkeep\n|turn|8\n|\n|t:|1701215847\n|move|p2a: Togekiss|Air Slash|p1a: Suicune\n|-damage|p1a: Suicune|52\/100 slp\n|cant|p1a: Suicune|slp\n|cant|p1a: Suicune|flinch\n|\n|-heal|p2a: Togekiss|99\/100|[from] item: Leftovers\n|-heal|p1a: Suicune|58\/100 slp|[from] item: Leftovers\n|upkeep\n|turn|9\n|\n|t:|1701215849\n|move|p2a: Togekiss|Air Slash|p1a: Suicune\n|-damage|p1a: Suicune|29\/100 slp\n|-curestatus|p1a: Suicune|slp|[msg]\n|cant|p1a: Suicune|flinch\n|\n|-heal|p2a: Togekiss|100\/100|[from] item: Leftovers\n|-heal|p1a: Suicune|36\/100|[from] item: Leftovers\n|upkeep\n|turn|10\n|\n|t:|1701215854\n|move|p2a: Togekiss|Air Slash|p1a: Suicune\n|-damage|p1a: Suicune|11\/100\n|cant|p1a: Suicune|flinch\n|\n|-heal|p1a: Suicune|17\/100|[from] item: Leftovers\n|upkeep\n|turn|11\n|c|\u2606Olie4|paraflinch go br\n|c|\u2606zvle|xD\n|c|\u2606zvle|surprises you didn\u2019t boost first\n|c|\u2606Olie4|60% flinches but times 10\n|\n|t:|1701215887\n|move|p2a: Togekiss|Air Slash|p1a: Suicune\n|-damage|p1a: Suicune|0 fnt\n|faint|p1a: Suicune\n|\n|upkeep\n|\n|t:|1701215904\n|switch|p1a: Mewtwo|Mewtwo, shiny|100\/100\n|-ability|p1a: Mewtwo|Pressure\n|turn|12\n|c|\u2606Olie4|I SHOULD'VE NASTY PLOTTED LOL\n|\n|t:|1701215909\n|move|p1a: Mewtwo|Stone Edge|p2a: Togekiss|[miss]\n|-miss|p1a: Mewtwo|p2a: Togekiss\n|move|p2a: Togekiss|Thunder Wave|p1a: Mewtwo\n|-status|p1a: Mewtwo|par\n|\n|upkeep\n|turn|13\n|c|\u2606Olie4|welp\n|\n|t:|1701215915\n|move|p2a: Togekiss|Nasty Plot|p2a: Togekiss\n|-boost|p2a: Togekiss|spa|2\n|cant|p1a: Mewtwo|par\n|\n|upkeep\n|turn|14\n|\n|t:|1701215921\n|move|p2a: Togekiss|Nasty Plot|p2a: Togekiss\n|-boost|p2a: Togekiss|spa|2\n|move|p1a: Mewtwo|Stone Edge|p2a: Togekiss\n|-supereffective|p2a: Togekiss\n|-damage|p2a: Togekiss|25\/100\n|\n|-heal|p2a: Togekiss|31\/100|[from] item: Leftovers\n|upkeep\n|turn|15\n|c|\u2606Olie4|im letting it die kill me\n|\n|t:|1701215929\n|move|p2a: Togekiss|Nasty Plot|p2a: Togekiss\n|-boost|p2a: Togekiss|spa|2\n|move|p1a: Mewtwo|Stone Edge|p2a: Togekiss|[miss]\n|-miss|p1a: Mewtwo|p2a: Togekiss\n|\n|-heal|p2a: Togekiss|37\/100|[from] item: Leftovers\n|upkeep\n|turn|16\n|\n|t:|1701215933\n|move|p2a: Togekiss|Nasty Plot|p2a: Togekiss\n|-boost|p2a: Togekiss|spa|0\n|move|p1a: Mewtwo|Stone Edge|p2a: Togekiss\n|-supereffective|p2a: Togekiss\n|-crit|p2a: Togekiss\n|-damage|p2a: Togekiss|0 fnt\n|faint|p2a: Togekiss\n|\n|upkeep\n|c|\u2606Olie4|finally\n|c|\u2606zvle|y\n|c|\u2606Olie4|dont wana win like that\n|c|\u2606zvle|respect\n|\n|t:|1701215965\n|switch|p2a: Ferrothorns|Ferrothorn, M|100\/100\n|turn|17\n|\n|t:|1701215969\n|detailschange|p1a: Mewtwo|Mewtwo-Mega-X, shiny\n|-mega|p1a: Mewtwo|Mewtwo|Mewtwonite X\n|move|p1a: Mewtwo|Low Kick|p2a: Ferrothorns\n|-supereffective|p2a: Ferrothorns\n|-damage|p2a: Ferrothorns|13\/100\n|-damage|p1a: Mewtwo|88\/100 par|[from] ability: Iron Barbs|[of] p2a: Ferrothorns\n|move|p2a: Ferrothorns|Stealth Rock|p1a: Mewtwo\n|-sidestart|p1: zvle|move: Stealth Rock\n|\n|-heal|p2a: Ferrothorns|19\/100|[from] item: Leftovers\n|upkeep\n|turn|18\n|c|\u2606Olie4|i am rnjesus but not like that bro\n|\n|t:|1701215978\n|cant|p1a: Mewtwo|par\n|move|p2a: Ferrothorns|Power Whip|p1a: Mewtwo\n|-damage|p1a: Mewtwo|52\/100 par\n|\n|-heal|p2a: Ferrothorns|25\/100|[from] item: Leftovers\n|upkeep\n|turn|19\n|\n|t:|1701215983\n|move|p1a: Mewtwo|Low Kick|p2a: Ferrothorns\n|-supereffective|p2a: Ferrothorns\n|-damage|p2a: Ferrothorns|0 fnt\n|-damage|p1a: Mewtwo|40\/100 par|[from] ability: Iron Barbs|[of] p2a: Ferrothorns\n|faint|p2a: Ferrothorns\n|\n|upkeep\n|\n|t:|1701215990\n|switch|p2a: yourShifu|Urshifu-Rapid-Strike, M|100\/100\n|turn|20\n|c|\u2606zvle|lmao\n|\n|t:|1701216001\n|move|p2a: yourShifu|Surging Strikes|p1a: Mewtwo\n|-crit|p1a: Mewtwo\n|-damage|p1a: Mewtwo|22\/100 par\n|-crit|p1a: Mewtwo\n|-damage|p1a: Mewtwo|3\/100 par\n|-crit|p1a: Mewtwo\n|-damage|p1a: Mewtwo|0 fnt\n|faint|p1a: Mewtwo\n|-hitcount|p1: Mewtwo|3\n|\n|upkeep\n|c|\u2606Olie4|if i go its not to f*ing egg bird\n|\n|t:|1701216018\n|switch|p1a: Xerneas|Xerneas, shiny|100\/100\n|-damage|p1a: Xerneas|88\/100|[from] Stealth Rock\n|-ability|p1a: Xerneas|Fairy Aura\n|turn|21\n|\n|t:|1701216029\n|-terastallize|p1a: Xerneas|Steel\n|move|p2a: yourShifu|Surging Strikes|p1a: Xerneas\n|-crit|p1a: Xerneas\n|-damage|p1a: Xerneas|72\/100\n|-crit|p1a: Xerneas\n|-damage|p1a: Xerneas|57\/100\n|-crit|p1a: Xerneas\n|-damage|p1a: Xerneas|40\/100\n|-hitcount|p1a: Xerneas|3\n|move|p1a: Xerneas|Geomancy||[still]\n|-prepare|p1a: Xerneas|Geomancy\n|-enditem|p1a: Xerneas|Power Herb\n|-anim|p1a: Xerneas|Geomancy|p1a: Xerneas\n|-boost|p1a: Xerneas|spa|2\n|-boost|p1a: Xerneas|spd|2\n|-boost|p1a: Xerneas|spe|2\n|\n|upkeep\n|turn|22\n|\n|t:|1701216038\n|move|p2a: yourShifu|Surging Strikes|p1a: Xerneas\n|-crit|p1a: Xerneas\n|-damage|p1a: Xerneas|24\/100\n|-crit|p1a: Xerneas\n|-damage|p1a: Xerneas|8\/100\n|-crit|p1a: Xerneas\n|-damage|p1a: Xerneas|0 fnt\n|faint|p1a: Xerneas\n|-hitcount|p1: Xerneas|3\n|\n|upkeep\n|c|\u2606Olie4|what\n|c|\u2606Olie4|how\n|\n|t:|1701216044\n|switch|p1a: Groudon|Groudon, shiny|100\/100\n|-damage|p1a: Groudon|94\/100|[from] Stealth Rock\n|detailschange|p1a: Groudon|Groudon-Primal, shiny\n|-primal|p1a: Groudon|Red Orb\n|-weather|DesolateLand|[from] ability: Desolate Land|[of] p1a: Groudon\n|turn|23\n|\n|t:|1701216053\n|switch|p2a: Regieleki|Regieleki|100\/100\n|move|p1a: Groudon|Precipice Blades|p2a: Regieleki\n|-supereffective|p2a: Regieleki\n|-damage|p2a: Regieleki|0 fnt\n|faint|p2a: Regieleki\n|\n|-weather|DesolateLand|[upkeep]\n|upkeep\n|c|\u2606Olie4|bye regieleki\n|\n|t:|1701216059\n|switch|p2a: Greeninja|Greninja, M|100\/100\n|turn|24\n|c|\u2606zvle|not sure how you were faster\n|c|\u2606Olie4|i mean i am choice scarfed but you should've been faster\n|c|\u2606zvle|Against geomancy\n|c|\u2606Olie4|unless you were built slow\n|c|\u2606zvle|Ah I was like 405 only so makes sense\n|c|\u2606zvle|Yeee\n|\n|t:|1701216105\n|move|p2a: Greeninja|Grass Knot|p1a: Groudon\n|-start|p2a: Greeninja|typechange|Grass|[from] ability: Protean\n|-damage|p1a: Groudon|42\/100\n|move|p1a: Groudon|Rock Tomb|p2a: Greeninja\n|-damage|p2a: Greeninja|56\/100\n|-unboost|p2a: Greeninja|spe|1\n|\n|-weather|DesolateLand|[upkeep]\n|upkeep\n|turn|25\n|c|\u2606Olie4|did you not notice me outspeeding mewtwo x and go \"WHAT\"\n|\n|t:|1701216113\n|move|p1a: Groudon|Heat Crash|p2a: Greeninja\n|-supereffective|p2a: Greeninja\n|-crit|p2a: Greeninja\n|-damage|p2a: Greeninja|0 fnt\n|faint|p2a: Greeninja\n|\n|-weather|DesolateLand|[upkeep]\n|upkeep\n|\n|t:|1701216120\n|switch|p2a: Tall Pawmo|Pawmot, F|100\/100\n|turn|26\n|c|\u2606zvle|LOL true\n|c|\u2606Olie4|but hes a 322 base speed mon\n|c|\u2606zvle|I lowkey thought surging strike was prioritize\n|c|\u2606Olie4|it not priority it only ignores protect\n|c|\u2606Olie4|what?\n|c|\u2606zvle|i haven\u2019t played pokemanz in like a year now xD\n|c|\u2606zvle|i didn\u2019t like gen 8 much\n|c|\u2606Olie4|!dt unseen fist\n|raw|<ul class=\"utilichart\"><li class=\"result\"><span class=\"col namecol\"><a href=\"https:\/\/dex.pokemonshowdown.com\/abilities\/unseenfist\">Unseen Fist<\/a><\/span> <span class=\"col abilitydesccol\">This Pokemon's contact moves ignore the target's protection, except Max Guard.<\/span> <\/li><li style=\"clear:both\"><\/li><\/ul>\n|raw|<font size=\"1\"><font color=\"#686868\">Gen:<\/font> 8<\/font>\n\n|c|\u2606zvle|O wait 9\n|c|\u2606Olie4|nerf ability LOL\n|\n|t:|1701216197\n|move|p2a: Tall Pawmo|Revival Blessing|p2a: Tall Pawmo\n|\n|t:|1701216203\n|-heal|p2: Greeninja|50\/100|[from] move: Revival Blessing\n|move|p1a: Groudon|Rock Tomb|p2a: Tall Pawmo\n|-resisted|p2a: Tall Pawmo\n|-damage|p2a: Tall Pawmo|80\/100\n|-unboost|p2a: Tall Pawmo|spe|1\n|\n|-weather|DesolateLand|[upkeep]\n|upkeep\n|turn|27\n|\n|t:|1701216212\n|move|p2a: Tall Pawmo|Mach Punch|p1a: Groudon\n|-damage|p1a: Groudon|27\/100\n|move|p1a: Groudon|Heat Crash|p2a: Tall Pawmo\n|-damage|p2a: Tall Pawmo|0 fnt\n|faint|p2a: Tall Pawmo\n|\n|-weather|DesolateLand|[upkeep]\n|upkeep\n|\n|t:|1701216217\n|switch|p2a: Greeninja|Greninja, M|50\/100\n|turn|28\n|c|\u2606zvle|Ah shi\n|c|\u2606zvle|gg\n|c|\u2606Olie4|this thing is too op with specs\n|c|\u2606Olie4|gg\n|\n|t:|1701216232\n|move|p2a: Greeninja|Grass Knot|p1a: Groudon\n|-start|p2a: Greeninja|typechange|Grass|[from] ability: Protean\n|-damage|p1a: Groudon|0 fnt\n|faint|p1a: Groudon\n|-weather|none\n|\n|upkeep\n|c|\u2606Olie4|even tho im sash :D\n|\n|t:|1701216235\n|switch|p1a: Ho-Oh|Ho-Oh, shiny|100\/100\n|-damage|p1a: Ho-Oh|50\/100|[from] Stealth Rock\n|turn|29\n|\n|t:|1701216240\n|move|p2a: Greeninja|Hydro Pump|p1a: Ho-Oh|[miss]\n|-miss|p2a: Greeninja|p1a: Ho-Oh\n|move|p1a: Ho-Oh|Recover|p1a: Ho-Oh\n|-heal|p1a: Ho-Oh|100\/100\n|\n|upkeep\n|turn|30\n|\n|t:|1701216244\n|move|p2a: Greeninja|Hydro Pump|p1a: Ho-Oh\n|-supereffective|p1a: Ho-Oh\n|-damage|p1a: Ho-Oh|66\/100\n|move|p1a: Ho-Oh|Sacred Fire|p2a: Greeninja|[miss]\n|-miss|p1a: Ho-Oh|p2a: Greeninja\n|\n|-heal|p1a: Ho-Oh|73\/100|[from] item: Leftovers\n|upkeep\n|turn|31\n|\n|t:|1701216248\n|move|p2a: Greeninja|Hydro Pump|p1a: Ho-Oh\n|-supereffective|p1a: Ho-Oh\n|-damage|p1a: Ho-Oh|36\/100\n|move|p1a: Ho-Oh|Sacred Fire|p2a: Greeninja\n|-supereffective|p2a: Greeninja\n|-damage|p2a: Greeninja|0 fnt\n|faint|p2a: Greeninja\n|\n|-heal|p1a: Ho-Oh|42\/100|[from] item: Leftovers\n|upkeep\n|c|\u2606Olie4|fun, am i right\n|\n|t:|1701216257\n|switch|p2a: yourShifu|Urshifu-Rapid-Strike, M|100\/100\n|turn|32\n|c|\u2606Olie4|I SWEAR i almost clicked close combat\n|c|\u2606zvle|ya I do get caught up trying to get past 1600 and never do lol\n|c|\u2606Olie4|im 1234\n|\n|t:|1701216284\n|-terastallize|p2a: yourShifu|Water\n|move|p2a: yourShifu|Surging Strikes|p1a: Ho-Oh\n|-supereffective|p1a: Ho-Oh\n|-crit|p1a: Ho-Oh\n|-damage|p1a: Ho-Oh|8\/100\n|-supereffective|p1a: Ho-Oh\n|-crit|p1a: Ho-Oh\n|-damage|p1a: Ho-Oh|0 fnt\n|faint|p1a: Ho-Oh\n|-hitcount|p1: Ho-Oh|2\n|\n|win|Olie4\n|raw|zvle's rating: 1258 &rarr; <strong>1231<\/strong><br \/>(-27 for losing)\n|raw|Olie4's rating: 1234 &rarr; <strong>1261<\/strong><br \/>(+27 for winning)\n|c|\u2606Olie4|i cant hit 1400\n|c|\u2606Olie4|gg\n|c|\u2606zvle|yeah I\u2019m ass rn\n|c|\u2606Olie4|with like\n|c|\u2606Olie4|idk\n|c|\u2606Olie4|giratina\n|c|\u2606zvle|I think I was 1600 in gen 7 OU?\n|c|\u2606Olie4|gg wow\n|c|\u2606zvle|It would take me so long to get back\n|c|\u2606zvle|gg!\n|c|\u2606Olie4|your last slot could be giratina btw\n|c|\u2606Olie4|for bulk\n|c|\u2606zvle|Yeah now just a toilet game for me\n|c|\u2606Olie4|ok\n|c|\u2606zvle|and ahhhh ty good idea\n|c|\u2606Olie4|will o wisp\n|c|\u2606Olie4|support mon effectively\n|c|\u2606zvle|that\u2019s a good point\n|c|\u2606Olie4|wait a sce\n|c|\u2606Olie4|ec\n","uploadtime":1701216355,"views":0,"p1id":"zvle","p2id":"olie4","formatid":"gen9nationaldexubers","rating":1231,"private":0,"password":""}