{"id":"gen9nationaldexubers-1987447495","p1":"slug bite","p2":"Krufka","format":"[Gen 9] National Dex Ubers","log":"|j|\u2606slug bite\n|j|\u2606Krufka\n|t:|1699592955\n|gametype|singles\n|player|p1|slug bite|wallace|1202\n|player|p2|Krufka|170|1111\n|teamsize|p1|6\n|teamsize|p2|6\n|gen|9\n|tier|[Gen 9] National Dex Ubers\n|rated|\n|rule|HP Percentage Mod: HP is shown in percentages\n|rule|Endless Battle Clause: Forcing endless battles is banned\n|rule|OHKO Clause: OHKO moves are banned\n|rule|Evasion Moves Clause: Evasion moves are banned\n|rule|Evasion Items Clause: Evasion items are banned\n|rule|Species Clause: Limit one of each Pok\u00e9mon\n|rule|Sleep Clause Mod: Limit one foe put to sleep\n|rule|Mega Rayquaza Clause: You cannot mega evolve Rayquaza\n|clearpoke\n|poke|p1|Marshadow|\n|poke|p1|Clodsire, F|\n|poke|p1|Reshiram|\n|poke|p1|Arceus-Electric|\n|poke|p1|Magearna|\n|poke|p1|Sableye, F|\n|poke|p2|Deoxys-Speed|\n|poke|p2|Chien-Pao|\n|poke|p2|Marshadow|\n|poke|p2|Rayquaza|\n|poke|p2|Lugia|\n|poke|p2|Blaziken, M|\n|teampreview\n|\n|t:|1699592978\n|start\n|switch|p1a: Sableye|Sableye, F|100\/100\n|switch|p2a: Deoxys|Deoxys-Speed, shiny|100\/100\n|-ability|p2a: Deoxys|Pressure\n|turn|1\n|\n|t:|1699592987\n|detailschange|p1a: Sableye|Sableye-Mega, F\n|-mega|p1a: Sableye|Sableye|Sablenite\n|move|p2a: Deoxys|Taunt|p1a: Sableye\n|move|p1a: Sableye|Taunt|p2a: Deoxys|[from]ability: Magic Bounce\n|-start|p2a: Deoxys|move: Taunt\n|move|p1a: Sableye|Foul Play|p2a: Deoxys\n|-supereffective|p2a: Deoxys\n|-damage|p2a: Deoxys|27\/100\n|\n|upkeep\n|turn|2\n|\n|t:|1699593005\n|switch|p2a: Birb|Lugia, shiny|100\/100\n|-ability|p2a: Birb|Pressure\n|move|p1a: Sableye|Foul Play|p2a: Birb\n|-supereffective|p2a: Birb\n|-damage|p2a: Birb|70\/100\n|\n|upkeep\n|turn|3\n|\n|t:|1699593019\n|move|p2a: Birb|Toxic|p1a: Sableye\n|move|p1a: Sableye|Toxic|p2a: Birb|[from]ability: Magic Bounce\n|-status|p2a: Birb|tox\n|move|p1a: Sableye|Will-O-Wisp|p2a: Birb|[miss]\n|-miss|p1a: Sableye|p2a: Birb\n|\n|-damage|p2a: Birb|63\/100 tox|[from] psn\n|upkeep\n|turn|4\n|\n|t:|1699593031\n|move|p1a: Sableye|Foul Play|p2a: Birb\n|-supereffective|p2a: Birb\n|-damage|p2a: Birb|33\/100 tox\n|move|p2a: Birb|Whirlwind|p1a: Sableye\n|move|p1a: Sableye|Whirlwind|p2a: Birb|[from]ability: Magic Bounce\n|drag|p2a: Deoxys|Deoxys-Speed, shiny|27\/100\n|-ability|p2a: Deoxys|Pressure\n|\n|upkeep\n|turn|5\n|\n|t:|1699593045\n|switch|p2a: K F C|Blaziken, M, shiny|100\/100\n|move|p1a: Sableye|Will-O-Wisp|p2a: K F C\n|-immune|p2a: K F C\n|\n|upkeep\n|turn|6\n|\n|t:|1699593059\n|detailschange|p2a: K F C|Blaziken-Mega, M, shiny\n|-mega|p2a: K F C|Blaziken|Blazikenite\n|move|p2a: K F C|Protect|p2a: K F C\n|-singleturn|p2a: K F C|Protect\n|move|p1a: Sableye|Thunder Wave|p2a: K F C\n|-activate|p2a: K F C|move: Protect\n|\n|-ability|p2a: K F C|Speed Boost|boost\n|-boost|p2a: K F C|spe|1\n|upkeep\n|turn|7\n|\n|t:|1699593080\n|switch|p1a: Arceus|Arceus-Electric|100\/100\n|move|p2a: K F C|Swords Dance|p2a: K F C\n|-boost|p2a: K F C|atk|2\n|\n|-ability|p2a: K F C|Speed Boost|boost\n|-boost|p2a: K F C|spe|1\n|upkeep\n|turn|8\n|\n|t:|1699593089\n|move|p2a: K F C|Blaze Kick|p1a: Arceus|[miss]\n|-miss|p2a: K F C|p1a: Arceus\n|move|p1a: Arceus|Defog|p2a: K F C\n|-unboost|p2a: K F C|evasion|1\n|\n|-ability|p2a: K F C|Speed Boost|boost\n|-boost|p2a: K F C|spe|1\n|upkeep\n|turn|9\n|inactive|Battle timer is ON: inactive players will automatically lose when time's up. (requested by Krufka)\n|\n|t:|1699593105\n|move|p2a: K F C|Blaze Kick|p1a: Arceus\n|-damage|p1a: Arceus|35\/100\n|move|p1a: Arceus|Judgment|p2a: K F C\n|-damage|p2a: K F C|19\/100\n|\n|-ability|p2a: K F C|Speed Boost|boost\n|-boost|p2a: K F C|spe|1\n|upkeep\n|turn|10\n|\n|t:|1699593133\n|switch|p1a: Reshiram|Reshiram|100\/100\n|-ability|p1a: Reshiram|Turboblaze\n|move|p2a: K F C|Close Combat|p1a: Reshiram\n|-damage|p1a: Reshiram|0 fnt\n|-unboost|p2a: K F C|def|1\n|-unboost|p2a: K F C|spd|1\n|faint|p1a: Reshiram\n|\n|-ability|p2a: K F C|Speed Boost|boost\n|-boost|p2a: K F C|spe|1\n|upkeep\n|inactive|slug bite has 120 seconds left.\n|\n|t:|1699593146\n|switch|p1a: Marshadow|Marshadow|100\/100\n|turn|11\n|\n|t:|1699593168\n|switch|p2a: Snek|Rayquaza|100\/100\n|-ability|p2a: Snek|Air Lock\n|move|p1a: Marshadow|Shadow Sneak|p2a: Snek\n|-damage|p2a: Snek|61\/100\n|-damage|p1a: Marshadow|91\/100|[from] item: Life Orb\n|\n|upkeep\n|turn|12\n|inactive|slug bite has 120 seconds left.\n|\n|t:|1699593191\n|-terastallize|p2a: Snek|Normal\n|move|p1a: Marshadow|Ice Punch|p2a: Snek\n|-damage|p2a: Snek|24\/100\n|-damage|p1a: Marshadow|81\/100|[from] item: Life Orb\n|move|p2a: Snek|Swords Dance|p2a: Snek\n|-boost|p2a: Snek|atk|2\n|\n|upkeep\n|turn|13\n|inactive|slug bite has 120 seconds left.\n|\n|t:|1699593203\n|move|p1a: Marshadow|Low Kick|p2a: Snek\n|-supereffective|p2a: Snek\n|-damage|p2a: Snek|0 fnt\n|faint|p2a: Snek\n|-damage|p1a: Marshadow|71\/100|[from] item: Life Orb\n|\n|upkeep\n|\n|t:|1699593212\n|switch|p2a: Chien-POW|Chien-Pao|100\/100\n|-ability|p2a: Chien-POW|Sword of Ruin\n|turn|14\n|\n|t:|1699593223\n|move|p1a: Marshadow|Low Kick|p2a: Chien-POW\n|-supereffective|p2a: Chien-POW\n|-damage|p2a: Chien-POW|0 fnt\n|faint|p2a: Chien-POW\n|-damage|p1a: Marshadow|61\/100|[from] item: Life Orb\n|\n|upkeep\n|\n|t:|1699593230\n|switch|p2a: Marshadow|Marshadow|100\/100\n|turn|15\n|\n|t:|1699593235\n|move|p2a: Marshadow|Shadow Sneak|p1a: Marshadow\n|-supereffective|p1a: Marshadow\n|-damage|p1a: Marshadow|0 fnt\n|faint|p1a: Marshadow\n|\n|upkeep\n|inactive|slug bite has 120 seconds left.\n|\n|t:|1699593269\n|switch|p1a: Magearna|Magearna|100\/100\n|turn|16\n|\n|t:|1699593274\n|move|p2a: Marshadow|Shadow Sneak|p1a: Magearna\n|-damage|p1a: Magearna|75\/100\n|move|p1a: Magearna|Fleur Cannon|p2a: Marshadow\n|-supereffective|p2a: Marshadow\n|-enditem|p2a: Marshadow|Focus Sash\n|-damage|p2a: Marshadow|1\/100\n|-unboost|p1a: Magearna|spa|2\n|\n|-heal|p1a: Magearna|82\/100|[from] item: Leftovers\n|upkeep\n|turn|17\n|\n|t:|1699593288\n|move|p2a: Marshadow|Spectral Thief|p1a: Magearna\n|-damage|p1a: Magearna|45\/100\n|move|p1a: Magearna|Flash Cannon|p2a: Marshadow\n|-damage|p2a: Marshadow|0 fnt\n|faint|p2a: Marshadow\n|-ability|p1a: Magearna|Soul-Heart|boost\n|-boost|p1a: Magearna|spa|1\n|\n|-heal|p1a: Magearna|51\/100|[from] item: Leftovers\n|upkeep\n|\n|t:|1699593302\n|switch|p2a: Birb|Lugia, shiny|33\/100 tox\n|-ability|p2a: Birb|Pressure\n|turn|18\n|inactive|slug bite has 120 seconds left.\n|\n|t:|1699593328\n|move|p2a: Birb|Recover|p2a: Birb\n|-heal|p2a: Birb|83\/100 tox\n|move|p1a: Magearna|Pain Split|p2a: Birb\n|-sethp|p2a: Birb|64\/100 tox|[from] move: Pain Split|[silent]\n|-sethp|p1a: Magearna|73\/100|[from] move: Pain Split\n|\n|-heal|p1a: Magearna|79\/100|[from] item: Leftovers\n|-damage|p2a: Birb|57\/100 tox|[from] psn\n|upkeep\n|turn|19\n|inactive|slug bite has 120 seconds left.\n|\n|t:|1699593347\n|move|p1a: Magearna|Fleur Cannon|p2a: Birb\n|-damage|p2a: Birb|27\/100 tox\n|-unboost|p1a: Magearna|spa|2\n|move|p2a: Birb|Whirlwind|p1a: Magearna\n|drag|p1a: Sableye|Sableye-Mega, F|100\/100\n|\n|-damage|p2a: Birb|15\/100 tox|[from] psn\n|upkeep\n|turn|20\n|\n|t:|1699593360\n|switch|p2a: K F C|Blaziken-Mega, M, shiny|19\/100\n|move|p1a: Sableye|Foul Play|p2a: K F C\n|-resisted|p2a: K F C\n|-damage|p2a: K F C|0 fnt\n|faint|p2a: K F C\n|\n|upkeep\n|-message|Krufka forfeited.\n|\n|win|slug bite\n|raw|slug bite's rating: 1202 &rarr; <strong>1221<\/strong><br \/>(+19 for winning)\n|raw|Krufka's rating: 1111 &rarr; <strong>1092<\/strong><br \/>(-19 for losing)\n|l|\u2606Krufka\n","uploadtime":1699593375,"views":11,"p1id":"slugbite","p2id":"krufka","formatid":"gen9nationaldexubers","rating":1092,"private":0,"password":""}