{"id":"gen9nationaldexubers-1998016721","p1":"blocodediamante55","p2":"LilTJ507","format":"[Gen 9] National Dex Ubers","log":"|j|\u2606blocodediamante55\n|j|\u2606LilTJ507\n|t:|1700879401\n|gametype|singles\n|player|p1|blocodediamante55|nate|1067\n|player|p2|LilTJ507|skierf|1071\n|teamsize|p1|6\n|teamsize|p2|6\n|gen|9\n|tier|[Gen 9] National Dex Ubers\n|rated|\n|rule|HP Percentage Mod: HP is shown in percentages\n|rule|Endless Battle Clause: Forcing endless battles is banned\n|rule|OHKO Clause: OHKO moves are banned\n|rule|Evasion Moves Clause: Evasion moves are banned\n|rule|Evasion Items Clause: Evasion items are banned\n|rule|Species Clause: Limit one of each Pok\u00e9mon\n|rule|Sleep Clause Mod: Limit one foe put to sleep\n|rule|Mega Rayquaza Clause: You cannot mega evolve Rayquaza\n|clearpoke\n|poke|p1|Enamorus-Therian, F|\n|poke|p1|Durant, F|\n|poke|p1|Iron Moth|\n|poke|p1|Ninetales-Alola, F|\n|poke|p1|Galvantula, M|\n|poke|p1|Murkrow, M|\n|poke|p2|Cinderace, M|\n|poke|p2|Meowscarada, F|\n|poke|p2|Quagsire, M|\n|poke|p2|Hatterene, F|\n|poke|p2|Eternatus|\n|poke|p2|Dudunsparce-*, F|\n|teampreview\n|\n|t:|1700879404\n|start\n|switch|p1a: Galvantula|Galvantula, M|100\/100\n|switch|p2a: H A T|Hatterene, F|100\/100\n|turn|1\n|\n|t:|1700879413\n|move|p1a: Galvantula|Infestation|p2a: H A T\n|-damage|p2a: H A T|91\/100\n|-activate|p2a: H A T|move: Infestation|[of] p1a: Galvantula\n|move|p2a: H A T|Future Sight|p1a: Galvantula\n|-start|p2a: H A T|move: Future Sight\n|\n|-damage|p2a: H A T|79\/100|[from] move: Infestation|[partiallytrapped]\n|upkeep\n|turn|2\n|\n|t:|1700879423\n|move|p1a: Galvantula|Sticky Web|p2a: H A T\n|move|p2a: H A T|Sticky Web|p1a: Galvantula|[from]ability: Magic Bounce\n|-sidestart|p1: blocodediamante55|move: Sticky Web\n|move|p2a: H A T|Psychic|p1a: Galvantula\n|-enditem|p1a: Galvantula|Focus Sash\n|-damage|p1a: Galvantula|1\/100\n|\n|-damage|p2a: H A T|67\/100|[from] move: Infestation|[partiallytrapped]\n|upkeep\n|turn|3\n|\n|t:|1700879437\n|switch|p1a: Murkrow|Murkrow, M|100\/100\n|move|p2a: H A T|Future Sight||[still]\n|-fail|p2a: H A T\n|\n|-end|p1a: Murkrow|move: Future Sight\n|-immune|p1a: Murkrow\n|-end|p2a: H A T|Infestation|[partiallytrapped]|[silent]\n|upkeep\n|turn|4\n|\n|t:|1700879457\n|move|p1a: Murkrow|Perish Song|p1a: Murkrow\n|-start|p1a: Murkrow|perish3|[silent]\n|-start|p2a: H A T|perish3|[silent]\n|-fieldactivate|move: Perish Song\n|move|p2a: H A T|Dazzling Gleam|p1a: Murkrow\n|-supereffective|p1a: Murkrow\n|-enditem|p1a: Murkrow|Focus Sash\n|-damage|p1a: Murkrow|1\/100\n|\n|-start|p1a: Murkrow|perish3\n|-start|p2a: H A T|perish3\n|upkeep\n|turn|5\n|\n|t:|1700879468\n|move|p1a: Murkrow|Thunder Wave|p2a: H A T\n|move|p2a: H A T|Thunder Wave|p1a: Murkrow|[from]ability: Magic Bounce\n|-status|p1a: Murkrow|par\n|move|p2a: H A T|Nuzzle|p1a: Murkrow\n|-supereffective|p1a: Murkrow\n|-damage|p1a: Murkrow|0 fnt\n|faint|p1a: Murkrow\n|\n|-start|p2a: H A T|perish2\n|upkeep\n|\n|t:|1700879479\n|switch|p1a: Galvantula|Galvantula, M|1\/100\n|-activate|p1a: Galvantula|move: Sticky Web\n|-unboost|p1a: Galvantula|spe|1\n|turn|6\n|\n|t:|1700879486\n|move|p1a: Galvantula|Infestation|p2a: H A T\n|-damage|p2a: H A T|56\/100\n|-activate|p2a: H A T|move: Infestation|[of] p1a: Galvantula\n|move|p2a: H A T|Nuzzle|p1a: Galvantula\n|-resisted|p1a: Galvantula\n|-damage|p1a: Galvantula|0 fnt\n|faint|p1a: Galvantula\n|\n|-end|p2a: H A T|Infestation|[partiallytrapped]|[silent]\n|-start|p2a: H A T|perish1\n|upkeep\n|\n|t:|1700879498\n|switch|p1a: Enamorus|Enamorus-Therian, F|100\/100\n|turn|7\n|\n|t:|1700879506\n|move|p1a: Enamorus|Calm Mind|p1a: Enamorus\n|-boost|p1a: Enamorus|spa|1\n|-boost|p1a: Enamorus|spd|1\n|move|p2a: H A T|Future Sight|p1a: Enamorus\n|-start|p2a: H A T|move: Future Sight\n|\n|-start|p2a: H A T|perish0\n|upkeep\n|faint|p2a: H A T\n|\n|t:|1700879523\n|switch|p2a: Jggggj|Eternatus|100\/100\n|-ability|p2a: Jggggj|Pressure\n|turn|8\n|\n|t:|1700879532\n|move|p2a: Jggggj|Sludge Bomb|p1a: Enamorus\n|-supereffective|p1a: Enamorus\n|-crit|p1a: Enamorus\n|-damage|p1a: Enamorus|0 fnt\n|faint|p1a: Enamorus\n|\n|upkeep\n|\n|t:|1700879543\n|switch|p1a: Durant|Durant, F|100\/100\n|-activate|p1a: Durant|move: Sticky Web\n|-unboost|p1a: Durant|spe|1\n|turn|9\n|\n|t:|1700879548\n|move|p2a: Jggggj|Fire Blast|p1a: Durant\n|-supereffective|p1a: Durant\n|-enditem|p1a: Durant|Focus Sash\n|-damage|p1a: Durant|1\/100\n|move|p1a: Durant|Entrainment|p2a: Jggggj\n|-endability|p2a: Jggggj|Pressure|[from] move: Entrainment\n|-ability|p2a: Jggggj|Truant|[from] move: Entrainment\n|\n|-end|p1a: Durant|move: Future Sight\n|-resisted|p1a: Durant\n|-damage|p1a: Durant|0 fnt\n|faint|p1a: Durant\n|upkeep\n|\n|t:|1700879559\n|switch|p1a: Ninetales|Ninetales-Alola, F|100\/100\n|-activate|p1a: Ninetales|move: Sticky Web\n|-unboost|p1a: Ninetales|spe|1\n|-weather|Snow|[from] ability: Snow Warning|[of] p1a: Ninetales\n|turn|10\n|\n|t:|1700879573\n|cant|p2a: Jggggj|ability: Truant\n|move|p1a: Ninetales|Aurora Veil|p1a: Ninetales\n|-sidestart|p1: blocodediamante55|move: Aurora Veil\n|\n|-weather|Snow|[upkeep]\n|upkeep\n|turn|11\n|\n|t:|1700879579\n|move|p2a: Jggggj|Sludge Bomb|p1a: Ninetales\n|-supereffective|p1a: Ninetales\n|-damage|p1a: Ninetales|34\/100\n|move|p1a: Ninetales|Blizzard|p2a: Jggggj\n|-supereffective|p2a: Jggggj\n|-damage|p2a: Jggggj|37\/100\n|\n|-weather|Snow|[upkeep]\n|upkeep\n|turn|12\n|\n|t:|1700879589\n|cant|p2a: Jggggj|ability: Truant\n|move|p1a: Ninetales|Draining Kiss|p2a: Jggggj\n|-damage|p2a: Jggggj|22\/100\n|-heal|p1a: Ninetales|53\/100|[from] drain|[of] p2a: Jggggj\n|-damage|p1a: Ninetales|36\/100|[from] item: Rocky Helmet|[of] p2a: Jggggj\n|\n|-weather|Snow|[upkeep]\n|upkeep\n|turn|13\n|\n|t:|1700879602\n|move|p2a: Jggggj|Sludge Bomb|p1a: Ninetales\n|-supereffective|p1a: Ninetales\n|-damage|p1a: Ninetales|0 fnt\n|faint|p1a: Ninetales\n|\n|-weather|Snow|[upkeep]\n|upkeep\n|\n|t:|1700879608\n|switch|p1a: Iron Moth|Iron Moth|100\/100\n|-activate|p1a: Iron Moth|move: Sticky Web\n|-unboost|p1a: Iron Moth|spe|1\n|-enditem|p1a: Iron Moth|Booster Energy\n|-activate|p1a: Iron Moth|ability: Quark Drive|[fromitem]\n|-start|p1a: Iron Moth|quarkdrivespa\n|turn|14\n|\n|t:|1700879623\n|cant|p2a: Jggggj|ability: Truant\n|move|p1a: Iron Moth|Fiery Dance|p2a: Jggggj\n|-resisted|p2a: Jggggj\n|-damage|p2a: Jggggj|0 fnt\n|-boost|p1a: Iron Moth|spa|1\n|faint|p2a: Jggggj\n|\n|-weather|Snow|[upkeep]\n|-sideend|p1: blocodediamante55|move: Aurora Veil\n|upkeep\n|\n|t:|1700879637\n|switch|p2a: Quagsire|Quagsire, M|100\/100\n|turn|15\n|\n|t:|1700879642\n|move|p1a: Iron Moth|Energy Ball|p2a: Quagsire\n|-supereffective|p2a: Quagsire\n|-damage|p2a: Quagsire|0 fnt\n|faint|p2a: Quagsire\n|\n|-weather|Snow|[upkeep]\n|upkeep\n|\n|t:|1700879649\n|switch|p2a: God 4|Dudunsparce, F|100\/100\n|turn|16\n|c|\u2606LilTJ507|Gg\n|\n|t:|1700879657\n|move|p1a: Iron Moth|Fiery Dance|p2a: God 4\n|-damage|p2a: God 4|18\/100\n|-boost|p1a: Iron Moth|spa|1\n|-zpower|p2a: God 4\n|move|p2a: God 4|Breakneck Blitz|p1a: Iron Moth|[zeffect]\n|-damage|p1a: Iron Moth|38\/100\n|\n|-weather|Snow|[upkeep]\n|upkeep\n|turn|17\n|\n|t:|1700879668\n|move|p1a: Iron Moth|Bug Buzz|p2a: God 4\n|-damage|p2a: God 4|0 fnt\n|faint|p2a: God 4\n|\n|-weather|none\n|upkeep\n|\n|t:|1700879676\n|switch|p2a: Hvfgbj|Cinderace, M|100\/100\n|turn|18\n|\n|t:|1700879683\n|move|p2a: Hvfgbj|Sucker Punch|p1a: Iron Moth\n|-damage|p1a: Iron Moth|1\/100\n|move|p1a: Iron Moth|Energy Ball|p2a: Hvfgbj\n|-resisted|p2a: Hvfgbj\n|-damage|p2a: Hvfgbj|35\/100\n|\n|-heal|p2a: Hvfgbj|41\/100|[from] item: Leftovers\n|upkeep\n|turn|19\n|\n|t:|1700879693\n|move|p2a: Hvfgbj|Sucker Punch|p1a: Iron Moth\n|-damage|p1a: Iron Moth|0 fnt\n|faint|p1a: Iron Moth\n|-end|p1a: Iron Moth|Quark Drive|[silent]\n|\n|win|LilTJ507\n|raw|blocodediamante55's rating: 1067 &rarr; <strong>1047<\/strong><br \/>(-20 for losing)\n|raw|LilTJ507's rating: 1071 &rarr; <strong>1100<\/strong><br \/>(+29 for winning)\n|l|\u2606blocodediamante55\n","uploadtime":1700879796,"views":1,"p1id":"blocodediamante55","p2id":"liltj507","formatid":"gen9nationaldexubers","rating":1047,"private":0,"password":""}