{"id":"gen9nationaldexubers-1992459192","p1":"The_Lone_FoxYT","p2":"SlamOnyx","format":"[Gen 9] National Dex Ubers","log":"|j|\u2606The_Lone_FoxYT\n|j|\u2606SlamOnyx\n|t:|1700190134\n|gametype|singles\n|player|p1|The_Lone_FoxYT|policeman-gen4|1126\n|player|p2|SlamOnyx|volo|1056\n|teamsize|p1|6\n|teamsize|p2|6\n|gen|9\n|tier|[Gen 9] National Dex Ubers\n|rated|\n|rule|HP Percentage Mod: HP is shown in percentages\n|rule|Endless Battle Clause: Forcing endless battles is banned\n|rule|OHKO Clause: OHKO moves are banned\n|rule|Evasion Moves Clause: Evasion moves are banned\n|rule|Evasion Items Clause: Evasion items are banned\n|rule|Species Clause: Limit one of each Pok\u00e9mon\n|rule|Sleep Clause Mod: Limit one foe put to sleep\n|rule|Mega Rayquaza Clause: You cannot mega evolve Rayquaza\n|clearpoke\n|poke|p1|Yveltal|\n|poke|p1|Xerneas-*|\n|poke|p1|Dracovish|\n|poke|p1|Swampert, M|\n|poke|p1|Kyogre|\n|poke|p1|Necrozma-Dawn-Wings|\n|poke|p2|Pikachu, F|\n|poke|p2|Charizard, M|\n|poke|p2|Blastoise, M|\n|poke|p2|Squirtle, M|\n|poke|p2|Ekans, F|\n|poke|p2|Beedrill, F|\n|teampreview\n|inactive|Battle timer is ON: inactive players will automatically lose when time's up. (requested by SlamOnyx)\n|inactive|The_Lone_FoxYT also wants the timer to be on.\n|c|\u2606SlamOnyx|That\u2019s the homie\n|inactive|The_Lone_FoxYT has 120 seconds left.\n|c|\u2606The_Lone_FoxYT|Male Ancient Cynthia go away.\n|\n|t:|1700190175\n|start\n|switch|p1a: Xerneas|Xerneas, shiny|100\/100\n|switch|p2a: That\u2019s the homie|Squirtle, M|100\/100\n|-ability|p1a: Xerneas|Fairy Aura\n|turn|1\n|c|\u2606SlamOnyx|Aww. :(\n|c|\u2606The_Lone_FoxYT|JK\n|\n|t:|1700190191\n|move|p2a: That\u2019s the homie|Fake Out|p1a: Xerneas\n|-damage|p1a: Xerneas|94\/100\n|cant|p1a: Xerneas|flinch\n|\n|upkeep\n|turn|2\n|c|\u2606The_Lone_FoxYT|I just say that whenever I see volo.\n|c|\u2606SlamOnyx|Ik It\u2019s just satire lol\n|\n|t:|1700190215\n|move|p1a: Xerneas|Geomancy||[still]\n|-prepare|p1a: Xerneas|Geomancy\n|-enditem|p1a: Xerneas|Power Herb\n|-anim|p1a: Xerneas|Geomancy|p1a: Xerneas\n|-boost|p1a: Xerneas|spa|2\n|-boost|p1a: Xerneas|spd|2\n|-boost|p1a: Xerneas|spe|2\n|move|p2a: That\u2019s the homie|Shell Smash|p2a: That\u2019s the homie\n|-unboost|p2a: That\u2019s the homie|def|1\n|-unboost|p2a: That\u2019s the homie|spd|1\n|-boost|p2a: That\u2019s the homie|atk|2\n|-boost|p2a: That\u2019s the homie|spa|2\n|-boost|p2a: That\u2019s the homie|spe|2\n|\n|upkeep\n|turn|3\n|c|\u2606The_Lone_FoxYT|Because he is legit just ancient male Cynthia in Hisui.\n|c|\u2606SlamOnyx|True that\n|c|\u2606SlamOnyx|thats the homie though\n|c|\u2606The_Lone_FoxYT|Their teams are near EXACT mirrors.\n|\n|t:|1700190243\n|move|p1a: Xerneas|Thunderbolt|p2a: That\u2019s the homie\n|-supereffective|p2a: That\u2019s the homie\n|-enditem|p2a: That\u2019s the homie|Focus Sash\n|-damage|p2a: That\u2019s the homie|1\/100\n|move|p2a: That\u2019s the homie|Waterfall|p1a: Xerneas\n|-damage|p1a: Xerneas|54\/100\n|\n|upkeep\n|turn|4\n|\n|t:|1700190256\n|move|p2a: That\u2019s the homie|Aqua Jet|p1a: Xerneas\n|-damage|p1a: Xerneas|36\/100\n|move|p1a: Xerneas|Psychic|p2a: That\u2019s the homie\n|-damage|p2a: That\u2019s the homie|0 fnt\n|faint|p2a: That\u2019s the homie\n|\n|upkeep\n|\n|t:|1700190260\n|switch|p2a: Xbox Controller|Ekans, F|100\/100\n|-ability|p2a: Xbox Controller|Intimidate|boost\n|-unboost|p1a: Xerneas|atk|1\n|turn|5\n|\n|t:|1700190270\n|move|p1a: Xerneas|Geomancy||[still]\n|-prepare|p1a: Xerneas|Geomancy\n|move|p2a: Xbox Controller|Acid Spray|p1a: Xerneas\n|-supereffective|p1a: Xerneas\n|-damage|p1a: Xerneas|30\/100\n|-unboost|p1a: Xerneas|spd|2\n|\n|upkeep\n|turn|6\n|\n|t:|1700190277\n|move|p1a: Xerneas|Geomancy|p1a: Xerneas|[from]lockedmove\n|-boost|p1a: Xerneas|spa|2\n|-boost|p1a: Xerneas|spd|2\n|-boost|p1a: Xerneas|spe|2\n|move|p2a: Xbox Controller|Sludge Bomb|p1a: Xerneas\n|-supereffective|p1a: Xerneas\n|-damage|p1a: Xerneas|18\/100\n|-status|p1a: Xerneas|psn\n|\n|-damage|p1a: Xerneas|6\/100 psn|[from] psn\n|upkeep\n|turn|7\n|\n|t:|1700190286\n|move|p1a: Xerneas|Moonblast|p2a: Xbox Controller\n|-resisted|p2a: Xbox Controller\n|-enditem|p2a: Xbox Controller|Focus Sash\n|-damage|p2a: Xbox Controller|1\/100\n|move|p2a: Xbox Controller|Coil|p2a: Xbox Controller\n|-boost|p2a: Xbox Controller|atk|1\n|-boost|p2a: Xbox Controller|def|1\n|-boost|p2a: Xbox Controller|accuracy|1\n|\n|-damage|p1a: Xerneas|0 fnt|[from] psn\n|faint|p1a: Xerneas\n|upkeep\n|\n|t:|1700190300\n|switch|p1a: Ultranecrozma|Necrozma-Dawn-Wings, shiny|100\/100\n|turn|8\n|\n|t:|1700190306\n|detailschange|p1a: Ultranecrozma|Necrozma-Ultra, shiny\n|-burst|p1a: Ultranecrozma|Necrozma|Ultranecrozium Z\n|move|p1a: Ultranecrozma|Calm Mind|p1a: Ultranecrozma\n|-boost|p1a: Ultranecrozma|spa|1\n|-boost|p1a: Ultranecrozma|spd|1\n|move|p2a: Xbox Controller|Sludge Bomb|p1a: Ultranecrozma\n|-damage|p1a: Ultranecrozma|90\/100\n|\n|upkeep\n|turn|9\n|\n|t:|1700190319\n|-zpower|p1a: Ultranecrozma\n|move|p1a: Ultranecrozma|Light That Burns the Sky|p2a: Xbox Controller|[zeffect]\n|-supereffective|p2a: Xbox Controller\n|-damage|p2a: Xbox Controller|0 fnt\n|faint|p2a: Xbox Controller\n|\n|upkeep\n|\n|t:|1700190326\n|switch|p2a: Small Yellow Dude|Pikachu, F|100\/100\n|turn|10\n|c|\u2606The_Lone_FoxYT|I only use that move because it's cool and Ultranecrozma is just too cool.\n|\n|t:|1700190343\n|move|p2a: Small Yellow Dude|Fake Out|p1a: Ultranecrozma\n|-damage|p1a: Ultranecrozma|71\/100\n|cant|p1a: Ultranecrozma|flinch\n|\n|upkeep\n|turn|11\n|c|\u2606SlamOnyx|True\n|\n|t:|1700190351\n|move|p2a: Small Yellow Dude|Extreme Speed|p1a: Ultranecrozma\n|-damage|p1a: Ultranecrozma|39\/100\n|move|p1a: Ultranecrozma|Calm Mind|p1a: Ultranecrozma\n|-boost|p1a: Ultranecrozma|spa|1\n|-boost|p1a: Ultranecrozma|spd|1\n|\n|upkeep\n|turn|12\n|\n|t:|1700190372\n|move|p2a: Small Yellow Dude|Extreme Speed|p1a: Ultranecrozma\n|-damage|p1a: Ultranecrozma|5\/100\n|move|p1a: Ultranecrozma|Calm Mind|p1a: Ultranecrozma\n|-boost|p1a: Ultranecrozma|spa|1\n|-boost|p1a: Ultranecrozma|spd|1\n|\n|upkeep\n|turn|13\n|\n|t:|1700190383\n|move|p2a: Small Yellow Dude|Extreme Speed|p1a: Ultranecrozma\n|-damage|p1a: Ultranecrozma|0 fnt\n|faint|p1a: Ultranecrozma\n|\n|upkeep\n|\n|t:|1700190385\n|switch|p1a: It rains in Africa|Kyogre|100\/100\n|-weather|RainDance|[from] ability: Drizzle|[of] p1a: It rains in Africa\n|turn|14\n|c|\u2606SlamOnyx|IS THAT A TOTO REFERENCE??\n|\n|t:|1700190400\n|move|p2a: Small Yellow Dude|Volt Tackle|p1a: It rains in Africa\n|-supereffective|p1a: It rains in Africa\n|-damage|p1a: It rains in Africa|0 fnt\n|faint|p1a: It rains in Africa\n|-damage|p2a: Small Yellow Dude|47\/100|[from] Recoil\n|\n|-weather|RainDance|[upkeep]\n|upkeep\n|inactive|The_Lone_FoxYT has 120 seconds left.\n|c|\u2606SlamOnyx|Pikachu good tf?\n|c|\u2606The_Lone_FoxYT|This is kinda amusing NGL.  Seeing a team of full Ubers being destroyed by a normal team is kinda refreshing.  Even if it's me that's getting rekt.\n|\n|t:|1700190433\n|switch|p1a: SPEED|Swampert, M|100\/100\n|turn|15\n|inactive|The_Lone_FoxYT has 120 seconds left.\n|\n|t:|1700190444\n|detailschange|p1a: SPEED|Swampert-Mega, M\n|-mega|p1a: SPEED|Swampert|Swampertite\n|move|p2a: Small Yellow Dude|Extreme Speed|p1a: SPEED\n|-damage|p1a: SPEED|76\/100\n|move|p1a: SPEED|Earthquake|p2a: Small Yellow Dude\n|-supereffective|p2a: Small Yellow Dude\n|-damage|p2a: Small Yellow Dude|0 fnt\n|faint|p2a: Small Yellow Dude\n|\n|-weather|RainDance|[upkeep]\n|upkeep\n|\n|t:|1700190453\n|switch|p2a: Blurddle|Blastoise, M|100\/100\n|turn|16\n|c|\u2606SlamOnyx|Blurddle.\n|inactive|The_Lone_FoxYT has 120 seconds left.\n|\n|t:|1700190469\n|detailschange|p2a: Blurddle|Blastoise-Mega, M\n|-mega|p2a: Blurddle|Blastoise|Blastoisinite\n|move|p1a: SPEED|Earthquake|p2a: Blurddle\n|-damage|p2a: Blurddle|48\/100\n|move|p2a: Blurddle|Aura Sphere|p1a: SPEED\n|-damage|p1a: SPEED|43\/100\n|\n|-weather|RainDance|[upkeep]\n|upkeep\n|turn|17\n|inactive|The_Lone_FoxYT has 120 seconds left.\n|c|\u2606SlamOnyx|Aww\n|c|\u2606SlamOnyx|:(\n|\n|t:|1700190494\n|move|p1a: SPEED|Frustration|p2a: Blurddle\n|-damage|p2a: Blurddle|15\/100\n|move|p2a: Blurddle|Dragon Pulse|p1a: SPEED\n|-damage|p1a: SPEED|1\/100\n|\n|-weather|RainDance|[upkeep]\n|upkeep\n|turn|18\n|c|\u2606SlamOnyx|bruh\n|c|\u2606SlamOnyx|thats just insane.\n|c|\u2606SlamOnyx|ngl that\u2019s rare af\n|\n|t:|1700190519\n|move|p1a: SPEED|Aqua Tail|p2a: Blurddle\n|-resisted|p2a: Blurddle\n|-damage|p2a: Blurddle|0 fnt\n|faint|p2a: Blurddle\n|\n|-weather|RainDance|[upkeep]\n|upkeep\n|\n|t:|1700190525\n|switch|p2a: Bidibee|Beedrill, F|100\/100\n|turn|19\n|c|\u2606The_Lone_FoxYT|IKR.  Frustration is just a counter to pokemon like ditto.\n|\n|t:|1700190532\n|move|p2a: Bidibee|Fell Stinger|p1a: SPEED\n|-damage|p1a: SPEED|0 fnt\n|faint|p1a: SPEED\n|-boost|p2a: Bidibee|atk|3\n|\n|-weather|RainDance|[upkeep]\n|upkeep\n|c|\u2606SlamOnyx|hehe\n|\n|t:|1700190540\n|switch|p1a: Fishious Rend|Dracovish|100\/100\n|turn|20\n|inactive|The_Lone_FoxYT has 120 seconds left.\n|c|\u2606SlamOnyx|bee go slash\n|c|\u2606The_Lone_FoxYT|I rarely lose when I bring out my Fish.  Simply because of the ammount of damage I deal with it.\n|\n|t:|1700190570\n|-terastallize|p1a: Fishious Rend|Water\n|move|p1a: Fishious Rend|Fishious Rend|p2a: Bidibee\n|-damage|p2a: Bidibee|0 fnt\n|faint|p2a: Bidibee\n|\n|-weather|RainDance|[upkeep]\n|upkeep\n|c|\u2606SlamOnyx|HE SCARFED PLUS RAIN BOOST NO\n|\n|t:|1700190579\n|switch|p2a: Elon Musk|Charizard, M|100\/100\n|turn|21\n|c|\u2606The_Lone_FoxYT|And Strong Jaw, and Max speed and atk\n|inactive|The_Lone_FoxYT has 90 seconds left.\n|c|\u2606SlamOnyx|I knew it\n|c|\u2606SlamOnyx|I play competitive for fun ngl\n|\n|t:|1700190610\n|move|p1a: Fishious Rend|Fishious Rend|p2a: Elon Musk\n|-supereffective|p2a: Elon Musk\n|-damage|p2a: Elon Musk|0 fnt\n|faint|p2a: Elon Musk\n|\n|win|The_Lone_FoxYT\n|raw|The_Lone_FoxYT's rating: 1126 &rarr; <strong>1146<\/strong><br \/>(+20 for winning)\n|raw|SlamOnyx's rating: 1056 &rarr; <strong>1041<\/strong><br \/>(-15 for losing)\n|c|\u2606The_Lone_FoxYT|same.\n|c|\u2606SlamOnyx|I have the week off of school\n","uploadtime":1700190620,"views":7,"p1id":"thelonefoxyt","p2id":"slamonyx","formatid":"gen9nationaldexubers","rating":1041,"private":0,"password":""}