{"id":"gen9nationaldexubers-1982144162","p1":"Jim Jim Sr","p2":"HopOnMyArk","format":"[Gen 9] National Dex Ubers","log":"|j|\u2606Jim Jim Sr\n|j|\u2606HopOnMyArk\n|t:|1698972400\n|gametype|singles\n|player|p1|Jim Jim Sr|brycenman|\n|player|p2|HopOnMyArk|dragontamer|\n|teamsize|p1|6\n|teamsize|p2|6\n|gen|9\n|tier|[Gen 9] National Dex Ubers\n|rule|HP Percentage Mod: HP is shown in percentages\n|rule|Endless Battle Clause: Forcing endless battles is banned\n|rule|OHKO Clause: OHKO moves are banned\n|rule|Evasion Moves Clause: Evasion moves are banned\n|rule|Evasion Items Clause: Evasion items are banned\n|rule|Species Clause: Limit one of each Pok\u00e9mon\n|rule|Sleep Clause Mod: Limit one foe put to sleep\n|rule|Mega Rayquaza Clause: You cannot mega evolve Rayquaza\n|clearpoke\n|poke|p1|Mew|\n|poke|p1|Gallade, M|\n|poke|p1|Incineroar, M|\n|poke|p1|Silvally-*|\n|poke|p1|Electrode|\n|poke|p1|Mimikyu, F|\n|poke|p2|Kleavor, F|\n|poke|p2|Meloetta|\n|poke|p2|Krookodile, F|\n|poke|p2|Quaquaval, F|\n|poke|p2|Articuno|\n|poke|p2|Slowbro-Galar, F|\n|teampreview\n|c|\u2606Jim Jim Sr|glhf\n|c|\u2606HopOnMyArk|glhf my friend\n|c|\u2606Jim Jim Sr|whos doing scores\n|c|\u2606HopOnMyArk|i can report\n|c|\u2606Jim Jim Sr|kk\n|\n|t:|1698972473\n|start\n|switch|p1a: Quincy|Gallade, M, shiny|100\/100\n|switch|p2a: Kleavor|Kleavor, F|100\/100\n|turn|1\n|\n|t:|1698972542\n|detailschange|p1a: Quincy|Gallade-Mega, M, shiny\n|-mega|p1a: Quincy|Gallade|Galladite\n|move|p2a: Kleavor|X-Scissor|p1a: Quincy\n|-damage|p1a: Quincy|8\/100\n|move|p1a: Quincy|Aqua Cutter|p2a: Kleavor\n|-supereffective|p2a: Kleavor\n|-damage|p2a: Kleavor|22\/100\n|\n|upkeep\n|turn|2\n|\n|t:|1698972559\n|switch|p1a: Silver|Silvally-Fairy|100\/100\n|move|p2a: Kleavor|X-Scissor|p1a: Silver\n|-resisted|p1a: Silver\n|-damage|p1a: Silver|64\/100\n|\n|upkeep\n|turn|3\n|\n|t:|1698972593\n|switch|p2a: Articuno|Articuno|100\/100\n|-ability|p2a: Articuno|Pressure\n|move|p1a: Silver|Swords Dance|p1a: Silver\n|-boost|p1a: Silver|atk|2\n|\n|upkeep\n|turn|4\n|\n|t:|1698972608\n|move|p1a: Silver|Multi-Attack|p2a: Articuno\n|-damage|p2a: Articuno|39\/100\n|move|p2a: Articuno|Reflect|p2a: Articuno\n|-sidestart|p2: HopOnMyArk|Reflect\n|\n|upkeep\n|turn|5\n|\n|t:|1698972620\n|move|p1a: Silver|Multi-Attack|p2a: Articuno\n|-damage|p2a: Articuno|8\/100\n|move|p2a: Articuno|Light Screen|p2a: Articuno\n|-sidestart|p2: HopOnMyArk|move: Light Screen\n|\n|upkeep\n|turn|6\n|\n|t:|1698972629\n|move|p1a: Silver|Multi-Attack|p2a: Articuno\n|-damage|p2a: Articuno|0 fnt\n|faint|p2a: Articuno\n|\n|upkeep\n|\n|t:|1698972635\n|switch|p2a: Slowbro|Slowbro-Galar, F|100\/100\n|turn|7\n|\n|t:|1698972640\n|move|p1a: Silver|Parting Shot|p2a: Slowbro\n|-unboost|p2a: Slowbro|atk|1\n|-unboost|p2a: Slowbro|spa|1\n|\n|t:|1698972672\n|switch|p1a: Chad Furry|Incineroar, M, shiny|100\/100|[from] Parting Shot\n|-ability|p1a: Chad Furry|Intimidate|boost\n|-unboost|p2a: Slowbro|atk|1\n|move|p2a: Slowbro|Nasty Plot|p2a: Slowbro\n|-boost|p2a: Slowbro|spa|2\n|\n|upkeep\n|turn|8\n|\n|t:|1698972699\n|move|p1a: Chad Furry|Darkest Lariat|p2a: Slowbro\n|-supereffective|p2a: Slowbro\n|-damage|p2a: Slowbro|60\/100\n|move|p2a: Slowbro|Surf|p1a: Chad Furry\n|-supereffective|p1a: Chad Furry\n|-damage|p1a: Chad Furry|45\/100\n|\n|upkeep\n|turn|9\n|\n|t:|1698972720\n|move|p1a: Chad Furry|Darkest Lariat|p2a: Slowbro\n|-supereffective|p2a: Slowbro\n|-damage|p2a: Slowbro|18\/100\n|move|p2a: Slowbro|Surf|p1a: Chad Furry\n|-supereffective|p1a: Chad Furry\n|-damage|p1a: Chad Furry|0 fnt\n|faint|p1a: Chad Furry\n|\n|upkeep\n|\n|t:|1698972768\n|switch|p1a: Lil' Jim Jim|Mimikyu, F|100\/100\n|turn|10\n|-activate|p2a: Slowbro|ability: Quick Draw\n|\n|t:|1698972773\n|move|p2a: Slowbro|Sludge Wave|p1a: Lil' Jim Jim\n|-activate|p1a: Lil' Jim Jim|ability: Disguise\n|-damage|p1a: Lil' Jim Jim|100\/100\n|detailschange|p1a: Lil' Jim Jim|Mimikyu-Busted, F\n|-damage|p1a: Lil' Jim Jim|88\/100|[from] pokemon: Mimikyu-Busted\n|move|p1a: Lil' Jim Jim|Swords Dance|p1a: Lil' Jim Jim\n|-boost|p1a: Lil' Jim Jim|atk|2\n|\n|-heal|p1a: Lil' Jim Jim|94\/100|[from] item: Leftovers\n|upkeep\n|turn|11\n|-activate|p2a: Slowbro|ability: Quick Draw\n|\n|t:|1698972794\n|move|p2a: Slowbro|Sludge Wave|p1a: Lil' Jim Jim\n|-damage|p1a: Lil' Jim Jim|6\/100\n|move|p1a: Lil' Jim Jim|Wood Hammer|p2a: Slowbro\n|-resisted|p2a: Slowbro\n|-damage|p2a: Slowbro|5\/100\n|-damage|p1a: Lil' Jim Jim|0 fnt|[from] Recoil\n|faint|p1a: Lil' Jim Jim\n|\n|-sideend|p2: HopOnMyArk|Reflect\n|upkeep\n|\n|t:|1698972809\n|switch|p1a: Silver|Silvally-Fairy|64\/100\n|turn|12\n|-activate|p2a: Slowbro|item: Quick Claw\n|\n|t:|1698972839\n|move|p2a: Slowbro|Sludge Wave|p1a: Silver\n|-supereffective|p1a: Silver\n|-damage|p1a: Silver|0 fnt\n|faint|p1a: Silver\n|\n|-sideend|p2: HopOnMyArk|move: Light Screen\n|upkeep\n|\n|t:|1698972852\n|switch|p1a: Izzy|Mew, shiny|100\/100\n|turn|13\n|\n|t:|1698972856\n|move|p1a: Izzy|Crunch|p2a: Slowbro\n|-supereffective|p2a: Slowbro\n|-damage|p2a: Slowbro|0 fnt\n|faint|p2a: Slowbro\n|\n|upkeep\n|\n|t:|1698972894\n|switch|p2a: Kleavor|Kleavor, F|22\/100\n|turn|14\n|\n|t:|1698972898\n|move|p2a: Kleavor|X-Scissor|p1a: Izzy\n|-supereffective|p1a: Izzy\n|-crit|p1a: Izzy\n|-damage|p1a: Izzy|0 fnt\n|faint|p1a: Izzy\n|\n|upkeep\n|\n|t:|1698972925\n|switch|p1a: Kaboom?|Electrode|100\/100\n|turn|15\n|\n|t:|1698972955\n|switch|p2a: Meloetta|Meloetta|100\/100\n|-terastallize|p1a: Kaboom?|Ice\n|move|p1a: Kaboom?|Tera Blast|p2a: Meloetta|[anim] Tera Blast Ice\n|-damage|p2a: Meloetta|58\/100\n|\n|upkeep\n|turn|16\n|\n|t:|1698973007\n|move|p1a: Kaboom?|Tera Blast|p2a: Meloetta|[anim] Tera Blast Ice\n|-damage|p2a: Meloetta|17\/100\n|move|p2a: Meloetta|Shadow Ball|p1a: Kaboom?\n|-crit|p1a: Kaboom?\n|-damage|p1a: Kaboom?|8\/100\n|-unboost|p1a: Kaboom?|spd|1\n|\n|upkeep\n|turn|17\n|\n|t:|1698973020\n|move|p1a: Kaboom?|Tera Blast|p2a: Meloetta|[anim] Tera Blast Ice\n|-damage|p2a: Meloetta|0 fnt\n|faint|p2a: Meloetta\n|\n|upkeep\n|\n|t:|1698973023\n|switch|p2a: Quaquaval|Quaquaval, F|100\/100\n|turn|18\n|\n|t:|1698973031\n|move|p1a: Kaboom?|Tera Blast|p2a: Quaquaval|[anim] Tera Blast Ice\n|-resisted|p2a: Quaquaval\n|-damage|p2a: Quaquaval|73\/100\n|move|p2a: Quaquaval|Aqua Step|p1a: Kaboom?\n|-damage|p1a: Kaboom?|0 fnt\n|-boost|p2a: Quaquaval|spe|1\n|-damage|p2a: Quaquaval|48\/100|[from] ability: Aftermath|[of] p1a: Kaboom?\n|faint|p1a: Kaboom?\n|-ability|p2a: Quaquaval|Moxie|boost\n|-boost|p2a: Quaquaval|atk|1\n|\n|upkeep\n|\n|t:|1698973040\n|switch|p1a: Quincy|Gallade-Mega, M, shiny|8\/100\n|turn|19\n|\n|t:|1698973047\n|move|p2a: Quaquaval|Aqua Step|p1a: Quincy\n|-damage|p1a: Quincy|0 fnt\n|-boost|p2a: Quaquaval|spe|1\n|faint|p1a: Quincy\n|\n|win|HopOnMyArk\n|c|\u2606HopOnMyArk|ggs\n|c|\u2606Jim Jim Sr|yeah ggs\n|c|\u2606Jim Jim Sr|that slowbro messed me up big time\n|c|\u2606HopOnMyArk|you in discord? I'll pop in\n|c|\u2606Jim Jim Sr|yeah\n","uploadtime":1698973373,"views":43,"p1id":"jimjimsr","p2id":"hoponmyark","formatid":"gen9nationaldexubers","rating":0,"private":0,"password":""}