{"id":"gen9nationaldexubers-1998434204","p1":"cegomo8","p2":"Lima568","format":"[Gen 9] National Dex Ubers","log":"|j|\u2606cegomo8\n|j|\u2606Lima568\n|t:|1700941879\n|gametype|singles\n|player|p1|cegomo8|102|1292\n|player|p2|Lima568|dancer|1171\n|teamsize|p1|6\n|teamsize|p2|6\n|gen|9\n|tier|[Gen 9] National Dex Ubers\n|rated|\n|rule|HP Percentage Mod: HP is shown in percentages\n|rule|Endless Battle Clause: Forcing endless battles is banned\n|rule|OHKO Clause: OHKO moves are banned\n|rule|Evasion Moves Clause: Evasion moves are banned\n|rule|Evasion Items Clause: Evasion items are banned\n|rule|Species Clause: Limit one of each Pok\u00e9mon\n|rule|Sleep Clause Mod: Limit one foe put to sleep\n|rule|Mega Rayquaza Clause: You cannot mega evolve Rayquaza\n|clearpoke\n|poke|p1|Wo-Chien|\n|poke|p1|Krookodile, M|\n|poke|p1|Roaring Moon|\n|poke|p1|Kingambit, M|\n|poke|p1|Grimmsnarl, M|\n|poke|p1|Houndoom, M|\n|poke|p2|Kommo-o, M|\n|poke|p2|Grimmsnarl, M|\n|poke|p2|Toxtricity, M|\n|poke|p2|Arcanine-Hisui, F|\n|poke|p2|Aegislash, M|\n|poke|p2|Golisopod, M|\n|teampreview\n|\n|t:|1700941891\n|start\n|switch|p1a: Grimmsnarl|Grimmsnarl, M|100\/100\n|switch|p2a: Golisopod|Golisopod, M|100\/100\n|turn|1\n|\n|t:|1700941912\n|move|p2a: Golisopod|First Impression|p1a: Grimmsnarl\n|-damage|p1a: Grimmsnarl|43\/100\n|-damage|p2a: Golisopod|91\/100|[from] item: Life Orb\n|move|p1a: Grimmsnarl|Reflect|p1a: Grimmsnarl\n|-sidestart|p1: cegomo8|Reflect\n|\n|upkeep\n|turn|2\n|\n|t:|1700941924\n|switch|p2a: Grimmsnarl|Grimmsnarl, M|100\/100\n|move|p1a: Grimmsnarl|Light Screen|p1a: Grimmsnarl\n|-sidestart|p1: cegomo8|move: Light Screen\n|\n|upkeep\n|turn|3\n|\n|t:|1700941929\n|switch|p1a: Kingambit|Kingambit, M|100\/100\n|move|p2a: Grimmsnarl|Spirit Break|p1a: Kingambit\n|-damage|p1a: Kingambit|88\/100\n|-unboost|p1a: Kingambit|spa|1\n|-enditem|p1a: Kingambit|Red Card|[of] p2a: Grimmsnarl\n|drag|p2a: Golisopod|Golisopod, M|91\/100\n|\n|upkeep\n|turn|4\n|\n|t:|1700941938\n|-end|p1a: Kingambit|fallenundefined|[silent]\n|switch|p1a: Houndoom|Houndoom, M|100\/100\n|move|p2a: Golisopod|First Impression|p1a: Houndoom\n|-damage|p1a: Houndoom|39\/100\n|-damage|p2a: Golisopod|81\/100|[from] item: Life Orb\n|\n|upkeep\n|turn|5\n|\n|t:|1700941947\n|switch|p1a: Wo-Chien|Wo-Chien|100\/100\n|-ability|p1a: Wo-Chien|Tablets of Ruin\n|move|p2a: Golisopod|Pin Missile|p1a: Wo-Chien\n|-supereffective|p1a: Wo-Chien\n|-damage|p1a: Wo-Chien|75\/100\n|-supereffective|p1a: Wo-Chien\n|-damage|p1a: Wo-Chien|50\/100\n|-hitcount|p1a: Wo-Chien|2\n|-damage|p2a: Golisopod|71\/100|[from] item: Life Orb\n|\n|-heal|p1a: Wo-Chien|56\/100|[from] item: Leftovers\n|upkeep\n|turn|6\n|\n|t:|1700941963\n|move|p1a: Wo-Chien|Leech Seed|p2a: Golisopod\n|-start|p2a: Golisopod|move: Leech Seed\n|move|p2a: Golisopod|Pin Missile|p1a: Wo-Chien\n|-supereffective|p1a: Wo-Chien\n|-damage|p1a: Wo-Chien|31\/100\n|-supereffective|p1a: Wo-Chien\n|-damage|p1a: Wo-Chien|5\/100\n|-supereffective|p1a: Wo-Chien\n|-damage|p1a: Wo-Chien|0 fnt\n|faint|p1a: Wo-Chien\n|-hitcount|p1: Wo-Chien|3\n|-damage|p2a: Golisopod|61\/100|[from] item: Life Orb\n|\n|upkeep\n|\n|t:|1700941984\n|switch|p1a: Krookodile|Krookodile, M|100\/100\n|turn|7\n|\n|t:|1700941994\n|switch|p2a: Grimmsnarl|Grimmsnarl, M|100\/100\n|move|p1a: Krookodile|Stone Edge|p2a: Grimmsnarl\n|-damage|p2a: Grimmsnarl|59\/100\n|\n|upkeep\n|turn|8\n|\n|t:|1700942004\n|move|p1a: Krookodile|Stone Edge|p2a: Grimmsnarl|[miss]\n|-miss|p1a: Krookodile|p2a: Grimmsnarl\n|move|p2a: Grimmsnarl|Spirit Break|p1a: Krookodile\n|-supereffective|p1a: Krookodile\n|-damage|p1a: Krookodile|64\/100\n|-unboost|p1a: Krookodile|spa|1\n|\n|-sideend|p1: cegomo8|Reflect\n|upkeep\n|turn|9\n|\n|t:|1700942009\n|move|p2a: Grimmsnarl|Reflect|p2a: Grimmsnarl\n|-sidestart|p2: Lima568|Reflect\n|move|p1a: Krookodile|Stone Edge|p2a: Grimmsnarl\n|-damage|p2a: Grimmsnarl|40\/100\n|\n|-sideend|p1: cegomo8|move: Light Screen\n|upkeep\n|turn|10\n|\n|t:|1700942014\n|switch|p1a: Grimmsnarl|Grimmsnarl, M|43\/100\n|move|p2a: Grimmsnarl|Spirit Break|p1a: Grimmsnarl\n|-supereffective|p1a: Grimmsnarl\n|-damage|p1a: Grimmsnarl|0 fnt\n|faint|p1a: Grimmsnarl\n|\n|upkeep\n|\n|t:|1700942017\n|switch|p1a: Kingambit|Kingambit, M|88\/100\n|-activate|p1a: Kingambit|ability: Supreme Overlord\n|-start|p1a: Kingambit|fallen2|[silent]\n|turn|11\n|\n|t:|1700942022\n|move|p2a: Grimmsnarl|Light Screen|p2a: Grimmsnarl\n|-sidestart|p2: Lima568|move: Light Screen\n|move|p1a: Kingambit|Swords Dance|p1a: Kingambit\n|-boost|p1a: Kingambit|atk|2\n|\n|upkeep\n|turn|12\n|\n|t:|1700942027\n|move|p1a: Kingambit|Swords Dance|p1a: Kingambit\n|-boost|p1a: Kingambit|atk|2\n|move|p2a: Grimmsnarl|Spirit Break|p1a: Kingambit\n|-damage|p1a: Kingambit|63\/100\n|-unboost|p1a: Kingambit|spa|1\n|\n|upkeep\n|turn|13\n|\n|t:|1700942032\n|move|p1a: Kingambit|Iron Head|p2a: Grimmsnarl\n|-supereffective|p2a: Grimmsnarl\n|-damage|p2a: Grimmsnarl|0 fnt\n|faint|p2a: Grimmsnarl\n|\n|upkeep\n|\n|t:|1700942036\n|switch|p2a: Aegislash|Aegislash, M|100\/100\n|turn|14\n|\n|t:|1700942042\n|move|p1a: Kingambit|Sucker Punch|p2a: Aegislash\n|-supereffective|p2a: Aegislash\n|-damage|p2a: Aegislash|0 fnt\n|faint|p2a: Aegislash\n|\n|upkeep\n|\n|t:|1700942048\n|switch|p2a: Arcanine|Arcanine-Hisui, F|100\/100\n|turn|15\n|\n|t:|1700942053\n|move|p2a: Arcanine|Protect|p2a: Arcanine\n|-singleturn|p2a: Arcanine|Protect\n|move|p1a: Kingambit|Sucker Punch||[still]\n|-fail|p1a: Kingambit\n|\n|upkeep\n|turn|16\n|\n|t:|1700942057\n|move|p2a: Arcanine|Extreme Speed|p1a: Kingambit\n|-resisted|p1a: Kingambit\n|-damage|p1a: Kingambit|49\/100\n|-damage|p2a: Arcanine|91\/100|[from] item: Life Orb\n|move|p1a: Kingambit|Sucker Punch||[still]\n|-fail|p1a: Kingambit\n|\n|-sideend|p2: Lima568|Reflect\n|upkeep\n|turn|17\n|\n|t:|1700942060\n|move|p2a: Arcanine|Extreme Speed|p1a: Kingambit\n|-resisted|p1a: Kingambit\n|-damage|p1a: Kingambit|35\/100\n|-damage|p2a: Arcanine|81\/100|[from] item: Life Orb\n|move|p1a: Kingambit|Kowtow Cleave|p2a: Arcanine\n|-damage|p2a: Arcanine|0 fnt\n|faint|p2a: Arcanine\n|\n|upkeep\n|\n|t:|1700942065\n|switch|p2a: Golisopod|Golisopod, M|61\/100\n|turn|18\n|\n|t:|1700942082\n|-terastallize|p2a: Golisopod|Bug\n|move|p2a: Golisopod|First Impression|p1a: Kingambit\n|-damage|p1a: Kingambit|0 fnt\n|faint|p1a: Kingambit\n|-end|p1a: Kingambit|fallen2|[silent]\n|-damage|p2a: Golisopod|51\/100|[from] item: Life Orb\n|\n|-sideend|p2: Lima568|move: Light Screen\n|upkeep\n|\n|t:|1700942088\n|switch|p1a: Houndoom|Houndoom, M|39\/100\n|turn|19\n|\n|t:|1700942091\n|switch|p2a: Toxtricity|Toxtricity, M|100\/100\n|detailschange|p1a: Houndoom|Houndoom-Mega, M\n|-mega|p1a: Houndoom|Houndoom|Houndoominite\n|move|p1a: Houndoom|Fire Blast|p2a: Toxtricity\n|-damage|p2a: Toxtricity|15\/100\n|\n|upkeep\n|turn|20\n|\n|t:|1700942095\n|move|p1a: Houndoom|Fire Blast|p2a: Toxtricity\n|-damage|p2a: Toxtricity|0 fnt\n|faint|p2a: Toxtricity\n|\n|upkeep\n|\n|t:|1700942097\n|switch|p2a: Golisopod|Golisopod, M, tera:Bug|51\/100\n|turn|21\n|\n|t:|1700942103\n|switch|p1a: Krookodile|Krookodile, M|64\/100\n|move|p2a: Golisopod|First Impression|p1a: Krookodile\n|-supereffective|p1a: Krookodile\n|-damage|p1a: Krookodile|0 fnt\n|faint|p1a: Krookodile\n|-damage|p2a: Golisopod|41\/100|[from] item: Life Orb\n|-activate|p2a: Golisopod|ability: Emergency Exit\n|\n|t:|1700942107\n|switch|p2a: Kommo-o|Kommo-o, M|100\/100\n|\n|upkeep\n|\n|t:|1700942111\n|switch|p1a: Roaring Moon|Roaring Moon|100\/100\n|-enditem|p1a: Roaring Moon|Booster Energy\n|-activate|p1a: Roaring Moon|ability: Protosynthesis|[fromitem]\n|-start|p1a: Roaring Moon|protosynthesisatk\n|turn|22\n|\n|t:|1700942116\n|move|p1a: Roaring Moon|Dragon Dance|p1a: Roaring Moon\n|-boost|p1a: Roaring Moon|atk|1\n|-boost|p1a: Roaring Moon|spe|1\n|-zpower|p2a: Kommo-o\n|move|p2a: Kommo-o|Clangorous Soulblaze|p1a: Roaring Moon|[zeffect]\n|-supereffective|p1a: Roaring Moon\n|-damage|p1a: Roaring Moon|0 fnt\n|faint|p1a: Roaring Moon\n|-end|p1a: Roaring Moon|Protosynthesis|[silent]\n|-boost|p2a: Kommo-o|atk|1\n|-boost|p2a: Kommo-o|def|1\n|-boost|p2a: Kommo-o|spa|1\n|-boost|p2a: Kommo-o|spd|1\n|-boost|p2a: Kommo-o|spe|1\n|\n|upkeep\n|\n|t:|1700942120\n|switch|p1a: Houndoom|Houndoom-Mega, M|39\/100\n|turn|23\n|\n|t:|1700942125\n|move|p2a: Kommo-o|Clanging Scales|p1a: Houndoom\n|-damage|p1a: Houndoom|0 fnt\n|faint|p1a: Houndoom\n|\n|win|Lima568\n|raw|cegomo8's rating: 1292 &rarr; <strong>1259<\/strong><br \/>(-33 for losing)\n|raw|Lima568's rating: 1171 &rarr; <strong>1204<\/strong><br \/>(+33 for winning)\n|l|\u2606Lima568\n|j|\u2606Lima568\n|player|p2|Lima568|dancer\n|c|\u2606Lima568|gg\n|l|\u2606cegomo8\n","uploadtime":1700942137,"views":11,"p1id":"cegomo8","p2id":"lima568","formatid":"gen9nationaldexubers","rating":1204,"private":0,"password":""}