{"id":"gen9nationaldexubers-1987206022","p1":"Ezael_Stormblood","p2":"BEOnum2","format":"[Gen 9] National Dex Ubers","log":"|j|\u2606Ezael_Stormblood\n|j|\u2606BEOnum2\n|t:|1699565175\n|gametype|singles\n|player|p1|Ezael_Stormblood|hiker-gen4|1173\n|player|p2|BEOnum2|backersf|1280\n|teamsize|p1|6\n|teamsize|p2|6\n|gen|9\n|tier|[Gen 9] National Dex Ubers\n|rated|\n|rule|HP Percentage Mod: HP is shown in percentages\n|rule|Endless Battle Clause: Forcing endless battles is banned\n|rule|OHKO Clause: OHKO moves are banned\n|rule|Evasion Moves Clause: Evasion moves are banned\n|rule|Evasion Items Clause: Evasion items are banned\n|rule|Species Clause: Limit one of each Pok\u00e9mon\n|rule|Sleep Clause Mod: Limit one foe put to sleep\n|rule|Mega Rayquaza Clause: You cannot mega evolve Rayquaza\n|clearpoke\n|poke|p1|Deoxys-Speed|\n|poke|p1|Necrozma-Dusk-Mane|\n|poke|p1|Arceus-Ground|\n|poke|p1|Giratina-Origin|\n|poke|p1|Mewtwo|\n|poke|p1|Eternatus|\n|poke|p2|Gothitelle, M|\n|poke|p2|Arceus-Fairy|\n|poke|p2|Kingambit, F|\n|poke|p2|Ho-Oh|\n|poke|p2|Dragapult, M|\n|poke|p2|Zacian-*|\n|teampreview\n|\n|t:|1699565189\n|start\n|switch|p1a: Deoxys|Deoxys-Speed|100\/100\n|switch|p2a: Kingambit|Kingambit, F|100\/100\n|-ability|p1a: Deoxys|Pressure\n|turn|1\n|\n|t:|1699565196\n|move|p1a: Deoxys|Stealth Rock|p2a: Kingambit\n|-sidestart|p2: BEOnum2|move: Stealth Rock\n|move|p2a: Kingambit|Knock Off|p1a: Deoxys\n|-supereffective|p1a: Deoxys\n|-damage|p1a: Deoxys|0 fnt\n|-enditem|p1a: Deoxys|Light Clay|[from] move: Knock Off|[of] p2a: Kingambit\n|faint|p1a: Deoxys\n|\n|upkeep\n|\n|t:|1699565206\n|switch|p1a: Eternatus|Eternatus|100\/100\n|-ability|p1a: Eternatus|Pressure\n|turn|2\n|\n|t:|1699565216\n|move|p1a: Eternatus|Fire Blast|p2a: Kingambit|[miss]\n|-miss|p1a: Eternatus|p2a: Kingambit\n|move|p2a: Kingambit|Knock Off|p1a: Eternatus\n|-damage|p1a: Eternatus|55\/100\n|-enditem|p1a: Eternatus|Power Herb|[from] move: Knock Off|[of] p2a: Kingambit\n|\n|upkeep\n|turn|3\n|\n|t:|1699565224\n|-end|p2a: Kingambit|fallenundefined|[silent]\n|switch|p2a: Ho-Oh|Ho-Oh|100\/100\n|move|p1a: Eternatus|Fire Blast|p2a: Ho-Oh\n|-resisted|p2a: Ho-Oh\n|-damage|p2a: Ho-Oh|89\/100\n|\n|upkeep\n|turn|4\n|\n|t:|1699565230\n|move|p1a: Eternatus|Meteor Beam||[still]\n|-prepare|p1a: Eternatus|Meteor Beam\n|-boost|p1a: Eternatus|spa|1\n|move|p2a: Ho-Oh|Defog|p1a: Eternatus\n|-unboost|p1a: Eternatus|evasion|1\n|-sideend|p2: BEOnum2|Stealth Rock|[from] move: Defog|[of] p2a: Ho-Oh\n|\n|upkeep\n|turn|5\n|\n|t:|1699565242\n|switch|p2a: Zacian|Zacian-Crowned|100\/100\n|-ability|p2a: Zacian|Intrepid Sword|boost\n|-boost|p2a: Zacian|atk|1\n|move|p1a: Eternatus|Meteor Beam|p2a: Zacian|[from]lockedmove\n|-resisted|p2a: Zacian\n|-damage|p2a: Zacian|69\/100\n|\n|upkeep\n|turn|6\n|\n|t:|1699565258\n|move|p2a: Zacian|Play Rough|p1a: Eternatus\n|-damage|p1a: Eternatus|0 fnt\n|faint|p1a: Eternatus\n|\n|upkeep\n|\n|t:|1699565262\n|switch|p1a: Necrozma|Necrozma-Dusk-Mane|100\/100\n|turn|7\n|\n|t:|1699565264\n|detailschange|p1a: Necrozma|Necrozma-Ultra\n|-burst|p1a: Necrozma|Necrozma|Ultranecrozium Z\n|move|p2a: Zacian|Crunch|p1a: Necrozma\n|-supereffective|p1a: Necrozma\n|-damage|p1a: Necrozma|3\/100\n|move|p1a: Necrozma|Dragon Dance|p1a: Necrozma\n|-boost|p1a: Necrozma|atk|1\n|-boost|p1a: Necrozma|spe|1\n|\n|upkeep\n|turn|8\n|\n|t:|1699565273\n|move|p1a: Necrozma|Earthquake|p2a: Zacian\n|-supereffective|p2a: Zacian\n|-damage|p2a: Zacian|0 fnt\n|faint|p2a: Zacian\n|\n|upkeep\n|\n|t:|1699565282\n|switch|p2a: Ho-Oh|Ho-Oh|100\/100\n|turn|9\n|c|\u2606Ezael_Stormblood|now I pray that you don't carry priority\n|\n|t:|1699565316\n|-zpower|p1a: Necrozma\n|move|p1a: Necrozma|Light That Burns the Sky|p2a: Ho-Oh|[zeffect]\n|-damage|p2a: Ho-Oh|0 fnt\n|faint|p2a: Ho-Oh\n|\n|upkeep\n|\n|t:|1699565327\n|switch|p2a: Kingambit|Kingambit, F|100\/100\n|-activate|p2a: Kingambit|ability: Supreme Overlord\n|-start|p2a: Kingambit|fallen2|[silent]\n|turn|10\n|c|\u2606BEOnum2|i run gambit bru\n|\n|t:|1699565341\n|move|p2a: Kingambit|Sucker Punch||[still]\n|-fail|p2a: Kingambit\n|move|p1a: Necrozma|Dragon Dance|p1a: Necrozma\n|-boost|p1a: Necrozma|atk|1\n|-boost|p1a: Necrozma|spe|1\n|\n|upkeep\n|turn|11\n|c|\u2606Ezael_Stormblood|predicted\n|c|\u2606BEOnum2|holy shit\n|c|\u2606Ezael_Stormblood|now\n|c|\u2606Ezael_Stormblood|the mind game\n|c|\u2606Ezael_Stormblood|do you use another sucker punch\n|c|\u2606Ezael_Stormblood|or do you go for normal attack?\n|c|\u2606Ezael_Stormblood|do I dragon dance?\n|c|\u2606Ezael_Stormblood|or do I earthquake?\n|c|\u2606Ezael_Stormblood|either way it dosen't really matter\n|c|\u2606Ezael_Stormblood|it's simply another kill\n|\n|t:|1699565416\n|move|p2a: Kingambit|Sucker Punch||[still]\n|-fail|p2a: Kingambit\n|move|p1a: Necrozma|Dragon Dance|p1a: Necrozma\n|-boost|p1a: Necrozma|atk|1\n|-boost|p1a: Necrozma|spe|1\n|\n|upkeep\n|turn|12\n|\n|t:|1699565428\n|move|p2a: Kingambit|Sucker Punch||[still]\n|-fail|p2a: Kingambit\n|move|p1a: Necrozma|Dragon Dance|p1a: Necrozma\n|-boost|p1a: Necrozma|atk|1\n|-boost|p1a: Necrozma|spe|1\n|\n|upkeep\n|turn|13\n|\n|t:|1699565446\n|move|p2a: Kingambit|Sucker Punch||[still]\n|-fail|p2a: Kingambit\n|move|p1a: Necrozma|Dragon Dance|p1a: Necrozma\n|-boost|p1a: Necrozma|atk|1\n|-boost|p1a: Necrozma|spe|1\n|\n|upkeep\n|turn|14\n|\n|t:|1699565451\n|move|p1a: Necrozma|Dragon Dance|p1a: Necrozma\n|-boost|p1a: Necrozma|atk|1\n|-boost|p1a: Necrozma|spe|1\n|move|p2a: Kingambit|Knock Off|p1a: Necrozma\n|-supereffective|p1a: Necrozma\n|-damage|p1a: Necrozma|0 fnt\n|faint|p1a: Necrozma\n|\n|upkeep\n|c|\u2606Ezael_Stormblood|ah damn\n|c|\u2606BEOnum2|rip bozo\n|\n|t:|1699565460\n|switch|p1a: Arceus|Arceus-Ground|100\/100\n|turn|15\n|\n|t:|1699565469\n|-end|p2a: Kingambit|fallen2|[silent]\n|switch|p2a: Arceus|Arceus-Fairy|100\/100\n|-terastallize|p1a: Arceus|Ground\n|move|p1a: Arceus|Judgment|p2a: Arceus\n|-damage|p2a: Arceus|46\/100\n|\n|upkeep\n|turn|16\n|\n|t:|1699565478\n|move|p2a: Arceus|Judgment|p1a: Arceus\n|-damage|p1a: Arceus|61\/100\n|move|p1a: Arceus|Judgment|p2a: Arceus\n|-damage|p2a: Arceus|0 fnt\n|faint|p2a: Arceus\n|\n|upkeep\n|\n|t:|1699565484\n|switch|p2a: Gothitelle|Gothitelle, M|100\/100\n|turn|17\n|\n|t:|1699565491\n|move|p1a: Arceus|Judgment|p2a: Gothitelle\n|-damage|p2a: Gothitelle|51\/100\n|move|p2a: Gothitelle|Cosmic Power|p2a: Gothitelle\n|-boost|p2a: Gothitelle|def|1\n|-boost|p2a: Gothitelle|spd|1\n|\n|-heal|p2a: Gothitelle|57\/100|[from] item: Leftovers\n|upkeep\n|turn|18\n|c|\u2606BEOnum2|huh?\n|c|\u2606Ezael_Stormblood|are you picking a move?\n|c|\u2606BEOnum2|hold\n|c|\u2606BEOnum2|that judgement did more than it should\n|\n|t:|1699565638\n|move|p1a: Arceus|Recover|p1a: Arceus\n|-heal|p1a: Arceus|100\/100\n|move|p2a: Gothitelle|Taunt|p1a: Arceus\n|-start|p1a: Arceus|move: Taunt\n|\n|-heal|p2a: Gothitelle|63\/100|[from] item: Leftovers\n|upkeep\n|turn|19\n|\n|t:|1699565650\n|move|p1a: Arceus|Judgment|p2a: Gothitelle\n|-damage|p2a: Gothitelle|32\/100\n|move|p2a: Gothitelle|Cosmic Power|p2a: Gothitelle\n|-boost|p2a: Gothitelle|def|1\n|-boost|p2a: Gothitelle|spd|1\n|\n|-heal|p2a: Gothitelle|39\/100|[from] item: Leftovers\n|upkeep\n|turn|20\n|c|\u2606Ezael_Stormblood|double tera\n|c|\u2606BEOnum2|ho yeah that's right myb\n|\n|t:|1699565673\n|move|p1a: Arceus|Judgment|p2a: Gothitelle\n|-damage|p2a: Gothitelle|14\/100\n|move|p2a: Gothitelle|Rest|p2a: Gothitelle\n|-status|p2a: Gothitelle|slp|[from] move: Rest\n|-heal|p2a: Gothitelle|100\/100 slp|[silent]\n|\n|upkeep\n|turn|21\n|\n|t:|1699565689\n|move|p1a: Arceus|Judgment|p2a: Gothitelle\n|-damage|p2a: Gothitelle|78\/100 slp\n|cant|p2a: Gothitelle|slp\n|\n|-heal|p2a: Gothitelle|85\/100 slp|[from] item: Leftovers\n|-end|p1a: Arceus|move: Taunt\n|upkeep\n|turn|22\n|\n|t:|1699565697\n|move|p1a: Arceus|Calm Mind|p1a: Arceus\n|-boost|p1a: Arceus|spa|1\n|-boost|p1a: Arceus|spd|1\n|cant|p2a: Gothitelle|slp\n|\n|-heal|p2a: Gothitelle|91\/100 slp|[from] item: Leftovers\n|upkeep\n|turn|23\n|\n|t:|1699565724\n|move|p1a: Arceus|Calm Mind|p1a: Arceus\n|-boost|p1a: Arceus|spa|1\n|-boost|p1a: Arceus|spd|1\n|-curestatus|p2a: Gothitelle|slp|[msg]\n|move|p2a: Gothitelle|Cosmic Power|p2a: Gothitelle\n|-boost|p2a: Gothitelle|def|1\n|-boost|p2a: Gothitelle|spd|1\n|\n|-heal|p2a: Gothitelle|97\/100|[from] item: Leftovers\n|upkeep\n|turn|24\n|\n|t:|1699565733\n|move|p1a: Arceus|Calm Mind|p1a: Arceus\n|-boost|p1a: Arceus|spa|1\n|-boost|p1a: Arceus|spd|1\n|move|p2a: Gothitelle|Taunt|p1a: Arceus\n|-start|p1a: Arceus|move: Taunt\n|\n|-heal|p2a: Gothitelle|100\/100|[from] item: Leftovers\n|upkeep\n|turn|25\n|\n|t:|1699565747\n|move|p1a: Arceus|Judgment|p2a: Gothitelle\n|-damage|p2a: Gothitelle|50\/100\n|move|p2a: Gothitelle|Cosmic Power|p2a: Gothitelle\n|-boost|p2a: Gothitelle|def|1\n|-boost|p2a: Gothitelle|spd|1\n|\n|-heal|p2a: Gothitelle|57\/100|[from] item: Leftovers\n|upkeep\n|turn|26\n|\n|t:|1699565755\n|move|p1a: Arceus|Judgment|p2a: Gothitelle\n|-damage|p2a: Gothitelle|14\/100\n|move|p2a: Gothitelle|Rest|p2a: Gothitelle\n|-status|p2a: Gothitelle|slp|[from] move: Rest\n|-heal|p2a: Gothitelle|100\/100 slp|[silent]\n|\n|upkeep\n|turn|27\n|\n|t:|1699565775\n|move|p1a: Arceus|Judgment|p2a: Gothitelle\n|-damage|p2a: Gothitelle|62\/100 slp\n|cant|p2a: Gothitelle|slp\n|\n|-heal|p2a: Gothitelle|68\/100 slp|[from] item: Leftovers\n|-end|p1a: Arceus|move: Taunt\n|upkeep\n|turn|28\n|\n|t:|1699565786\n|move|p1a: Arceus|Calm Mind|p1a: Arceus\n|-boost|p1a: Arceus|spa|1\n|-boost|p1a: Arceus|spd|1\n|cant|p2a: Gothitelle|slp\n|\n|-heal|p2a: Gothitelle|74\/100 slp|[from] item: Leftovers\n|upkeep\n|turn|29\n|\n|t:|1699565839\n|move|p1a: Arceus|Calm Mind|p1a: Arceus\n|-boost|p1a: Arceus|spa|1\n|-boost|p1a: Arceus|spd|1\n|-curestatus|p2a: Gothitelle|slp|[msg]\n|move|p2a: Gothitelle|Cosmic Power|p2a: Gothitelle\n|-boost|p2a: Gothitelle|def|1\n|-boost|p2a: Gothitelle|spd|1\n|\n|-heal|p2a: Gothitelle|80\/100|[from] item: Leftovers\n|upkeep\n|turn|30\n|\n|t:|1699565860\n|move|p1a: Arceus|Judgment|p2a: Gothitelle\n|-damage|p2a: Gothitelle|33\/100\n|move|p2a: Gothitelle|Rest|p2a: Gothitelle\n|-status|p2a: Gothitelle|slp|[from] move: Rest\n|-heal|p2a: Gothitelle|100\/100 slp|[silent]\n|\n|upkeep\n|turn|31\n|\n|t:|1699565867\n|move|p1a: Arceus|Calm Mind|p1a: Arceus\n|-boost|p1a: Arceus|spa|1\n|-boost|p1a: Arceus|spd|1\n|cant|p2a: Gothitelle|slp\n|\n|upkeep\n|turn|32\n|\n|t:|1699565872\n|move|p1a: Arceus|Judgment|p2a: Gothitelle\n|-damage|p2a: Gothitelle|43\/100 slp\n|cant|p2a: Gothitelle|slp\n|\n|-heal|p2a: Gothitelle|49\/100 slp|[from] item: Leftovers\n|upkeep\n|turn|33\n|c|\u2606BEOnum2|oops\n|c|\u2606Ezael_Stormblood|lol\n|\n|t:|1699565885\n|move|p1a: Arceus|Judgment|p2a: Gothitelle\n|-damage|p2a: Gothitelle|0 fnt\n|faint|p2a: Gothitelle\n|\n|upkeep\n|\n|t:|1699565892\n|switch|p2a: Dragapult|Dragapult, M|100\/100\n|turn|34\n|c|\u2606Ezael_Stormblood|btw\n|\n|t:|1699565899\n|move|p2a: Dragapult|Protect|p2a: Dragapult\n|-singleturn|p2a: Dragapult|Protect\n|move|p1a: Arceus|Ice Beam|p2a: Dragapult\n|-activate|p2a: Dragapult|move: Protect\n|\n|upkeep\n|turn|35\n|c|\u2606Ezael_Stormblood|try this one out\n|\n|t:|1699565905\n|move|p2a: Dragapult|Disable|p1a: Arceus\n|-start|p1a: Arceus|Disable|Ice Beam\n|cant|p1a: Arceus|Disable|Ice Beam\n|\n|upkeep\n|turn|36\n|c|\u2606Ezael_Stormblood|ah well\n|\n|t:|1699565911\n|move|p2a: Dragapult|Dragon Darts|p1a: Arceus\n|-damage|p1a: Arceus|88\/100\n|-anim|p2a: Dragapult|Dragon Darts|p1a: Arceus\n|-damage|p1a: Arceus|75\/100\n|move|p1a: Arceus|Judgment|p2a: Dragapult\n|-damage|p2a: Dragapult|0 fnt\n|faint|p2a: Dragapult\n|\n|upkeep\n|\n|t:|1699565915\n|switch|p2a: Kingambit|Kingambit, F|100\/100\n|-activate|p2a: Kingambit|ability: Supreme Overlord\n|-start|p2a: Kingambit|fallen5|[silent]\n|turn|37\n|c|\u2606Ezael_Stormblood|4x spA does wonders\n|c|\u2606BEOnum2|crit?\n|\n|t:|1699565927\n|-terastallize|p2a: Kingambit|Dark\n|move|p2a: Kingambit|Sucker Punch||[still]\n|-fail|p2a: Kingambit\n|move|p1a: Arceus|Recover|p1a: Arceus\n|-heal|p1a: Arceus|100\/100\n|\n|upkeep\n|turn|38\n|c|\u2606BEOnum2|oh yeah\n|c|\u2606BEOnum2|crit\n|\n|t:|1699565942\n|move|p2a: Kingambit|Sucker Punch||[still]\n|-fail|p2a: Kingambit\n|move|p1a: Arceus|Recover||[still]\n|-fail|p1a: Arceus|heal\n|\n|-end|p1a: Arceus|Disable\n|upkeep\n|turn|39\n|\n|t:|1699565980\n|move|p1a: Arceus|Calm Mind|p1a: Arceus\n|-boost|p1a: Arceus|spa|0\n|-boost|p1a: Arceus|spd|0\n|move|p2a: Kingambit|Swords Dance|p2a: Kingambit\n|-boost|p2a: Kingambit|atk|2\n|\n|upkeep\n|turn|40\n|\n|t:|1699565990\n|move|p2a: Kingambit|Sucker Punch||[still]\n|-fail|p2a: Kingambit\n|move|p1a: Arceus|Calm Mind|p1a: Arceus\n|-boost|p1a: Arceus|spa|0\n|-boost|p1a: Arceus|spd|0\n|\n|upkeep\n|turn|41\n|c|\u2606Ezael_Stormblood|wooh\n|c|\u2606Ezael_Stormblood|I almost went for judgment there\n|\n|t:|1699566005\n|move|p1a: Arceus|Calm Mind|p1a: Arceus\n|-boost|p1a: Arceus|spa|0\n|-boost|p1a: Arceus|spd|0\n|move|p2a: Kingambit|Iron Head|p1a: Arceus\n|-damage|p1a: Arceus|16\/100\n|\n|upkeep\n|turn|42\n|\n|t:|1699566035\n|move|p1a: Arceus|Judgment|p2a: Kingambit\n|-damage|p2a: Kingambit|0 fnt\n|faint|p2a: Kingambit\n|-end|p2a: Kingambit|fallen5|[silent]\n|\n|win|Ezael_Stormblood\n|raw|Ezael_Stormblood's rating: 1147 &rarr; <strong>1181<\/strong><br \/>(+34 for winning)\n|raw|BEOnum2's rating: 1280 &rarr; <strong>1246<\/strong><br \/>(-34 for losing)\n|c|\u2606Ezael_Stormblood|gg\n|c|\u2606BEOnum2|gg\n|c|\u2606Ezael_Stormblood|man, that was crazy\n","uploadtime":1699566053,"views":16,"p1id":"ezaelstormblood","p2id":"beonum2","formatid":"gen9nationaldexubers","rating":1181,"private":0,"password":""}