{"id":"gen9nationaldexubers-1989219013","p1":"Williamsahous","p2":"AlastorTheOverlord","format":"[Gen 9] National Dex Ubers","log":"|j|\u2606Williamsahous\n|j|\u2606AlastorTheOverlord\n|t:|1699824686\n|gametype|singles\n|player|p1|Williamsahous|red|1090\n|player|p2|AlastorTheOverlord|n|1186\n|teamsize|p1|6\n|teamsize|p2|6\n|gen|9\n|tier|[Gen 9] National Dex Ubers\n|rated|\n|rule|HP Percentage Mod: HP is shown in percentages\n|rule|Endless Battle Clause: Forcing endless battles is banned\n|rule|OHKO Clause: OHKO moves are banned\n|rule|Evasion Moves Clause: Evasion moves are banned\n|rule|Evasion Items Clause: Evasion items are banned\n|rule|Species Clause: Limit one of each Pok\u00e9mon\n|rule|Sleep Clause Mod: Limit one foe put to sleep\n|rule|Mega Rayquaza Clause: You cannot mega evolve Rayquaza\n|clearpoke\n|poke|p1|Blastoise, F|\n|poke|p1|Charizard, F|\n|poke|p1|Venusaur, M|\n|poke|p1|Snorlax, F|\n|poke|p1|Alakazam, M|\n|poke|p1|Gengar, F|\n|poke|p2|Blastoise, M|\n|poke|p2|Galvantula, M|\n|poke|p2|Garganacl, M|\n|poke|p2|Scream Tail|\n|poke|p2|Dracovish|\n|poke|p2|Yveltal|\n|teampreview\n|inactive|Battle timer is ON: inactive players will automatically lose when time's up. (requested by AlastorTheOverlord)\n|inactive|Williamsahous also wants the timer to be on.\n|\n|t:|1699824696\n|start\n|switch|p1a: Snorlax|Snorlax, F|100\/100\n|switch|p2a: Elektrotula|Galvantula, M, shiny|100\/100\n|turn|1\n|\n|t:|1699824706\n|move|p2a: Elektrotula|Thunder|p1a: Snorlax\n|-damage|p1a: Snorlax|76\/100\n|-status|p1a: Snorlax|par\n|move|p1a: Snorlax|Curse|p1a: Snorlax\n|-unboost|p1a: Snorlax|spe|1\n|-boost|p1a: Snorlax|atk|1\n|-boost|p1a: Snorlax|def|1\n|\n|-heal|p1a: Snorlax|82\/100 par|[from] item: Leftovers\n|upkeep\n|turn|2\n|\n|t:|1699824722\n|move|p2a: Elektrotula|Sticky Web|p1a: Snorlax\n|-sidestart|p1: Williamsahous|move: Sticky Web\n|move|p1a: Snorlax|Rest|p1a: Snorlax\n|-status|p1a: Snorlax|slp|[from] move: Rest\n|-heal|p1a: Snorlax|100\/100 slp|[silent]\n|\n|upkeep\n|turn|3\n|\n|t:|1699824728\n|move|p2a: Elektrotula|Thunder|p1a: Snorlax\n|-damage|p1a: Snorlax|74\/100 slp\n|cant|p1a: Snorlax|slp\n|\n|-heal|p1a: Snorlax|80\/100 slp|[from] item: Leftovers\n|upkeep\n|turn|4\n|\n|t:|1699824732\n|move|p2a: Elektrotula|Thunder|p1a: Snorlax\n|-damage|p1a: Snorlax|52\/100 slp\n|cant|p1a: Snorlax|slp\n|\n|-heal|p1a: Snorlax|58\/100 slp|[from] item: Leftovers\n|upkeep\n|turn|5\n|\n|t:|1699824737\n|move|p2a: Elektrotula|Thunder|p1a: Snorlax\n|-damage|p1a: Snorlax|33\/100 slp\n|-curestatus|p1a: Snorlax|slp|[msg]\n|move|p1a: Snorlax|Earthquake|p2a: Elektrotula\n|-damage|p2a: Elektrotula|26\/100\n|\n|-heal|p1a: Snorlax|39\/100|[from] item: Leftovers\n|upkeep\n|turn|6\n|\n|t:|1699824739\n|move|p2a: Elektrotula|Thunder|p1a: Snorlax\n|-damage|p1a: Snorlax|12\/100\n|move|p1a: Snorlax|Earthquake|p2a: Elektrotula\n|-damage|p2a: Elektrotula|0 fnt\n|faint|p2a: Elektrotula\n|\n|-heal|p1a: Snorlax|18\/100|[from] item: Leftovers\n|upkeep\n|\n|t:|1699824748\n|switch|p2a: El Weon Salao|Garganacl, M, shiny|100\/100\n|turn|7\n|\n|t:|1699824754\n|-terastallize|p2a: El Weon Salao|Ghost\n|move|p2a: El Weon Salao|Iron Defense|p2a: El Weon Salao\n|-boost|p2a: El Weon Salao|def|2\n|move|p1a: Snorlax|Earthquake|p2a: El Weon Salao\n|-damage|p2a: El Weon Salao|89\/100\n|\n|-heal|p2a: El Weon Salao|95\/100|[from] item: Leftovers\n|-heal|p1a: Snorlax|24\/100|[from] item: Leftovers\n|upkeep\n|turn|8\n|\n|t:|1699824761\n|move|p2a: El Weon Salao|Iron Defense|p2a: El Weon Salao\n|-boost|p2a: El Weon Salao|def|2\n|move|p1a: Snorlax|Rest|p1a: Snorlax\n|-status|p1a: Snorlax|slp|[from] move: Rest\n|-heal|p1a: Snorlax|100\/100 slp|[silent]\n|\n|-heal|p2a: El Weon Salao|100\/100|[from] item: Leftovers\n|upkeep\n|turn|9\n|\n|t:|1699824764\n|move|p2a: El Weon Salao|Iron Defense|p2a: El Weon Salao\n|-boost|p2a: El Weon Salao|def|2\n|cant|p1a: Snorlax|slp\n|\n|upkeep\n|turn|10\n|\n|t:|1699824767\n|move|p2a: El Weon Salao|Body Press|p1a: Snorlax\n|-supereffective|p1a: Snorlax\n|-damage|p1a: Snorlax|0 fnt\n|faint|p1a: Snorlax\n|\n|upkeep\n|\n|t:|1699824776\n|switch|p1a: Gengar|Gengar, F|100\/100\n|-activate|p1a: Gengar|move: Sticky Web\n|-unboost|p1a: Gengar|spe|1\n|turn|11\n|\n|t:|1699824780\n|move|p1a: Gengar|Shadow Ball|p2a: El Weon Salao\n|-supereffective|p2a: El Weon Salao\n|-damage|p2a: El Weon Salao|66\/100\n|move|p2a: El Weon Salao|Salt Cure|p1a: Gengar\n|-damage|p1a: Gengar|73\/100\n|-start|p1a: Gengar|Salt Cure\n|\n|-heal|p2a: El Weon Salao|73\/100|[from] item: Leftovers\n|-damage|p1a: Gengar|61\/100|[from] Salt Cure\n|upkeep\n|turn|12\n|\n|t:|1699824792\n|move|p1a: Gengar|Destiny Bond|p1a: Gengar\n|-singlemove|p1a: Gengar|Destiny Bond\n|move|p2a: El Weon Salao|Recover|p2a: El Weon Salao\n|-heal|p2a: El Weon Salao|100\/100\n|\n|-damage|p1a: Gengar|48\/100|[from] Salt Cure\n|upkeep\n|turn|13\n|\n|t:|1699824801\n|move|p1a: Gengar|Sludge Bomb|p2a: El Weon Salao\n|-resisted|p2a: El Weon Salao\n|-damage|p2a: El Weon Salao|81\/100\n|move|p2a: El Weon Salao|Salt Cure|p1a: Gengar\n|-damage|p1a: Gengar|23\/100\n|\n|-heal|p2a: El Weon Salao|87\/100|[from] item: Leftovers\n|-damage|p1a: Gengar|10\/100|[from] Salt Cure\n|upkeep\n|turn|14\n|-message|Williamsahous forfeited.\n|\n|win|AlastorTheOverlord\n|raw|Williamsahous's rating: 1090 &rarr; <strong>1073<\/strong><br \/>(-17 for losing)\n|raw|AlastorTheOverlord's rating: 1186 &rarr; <strong>1204<\/strong><br \/>(+18 for winning)\n|l|\u2606Williamsahous\n","uploadtime":1699824825,"views":14,"p1id":"williamsahous","p2id":"alastortheoverlord","formatid":"gen9nationaldexubers","rating":1073,"private":0,"password":""}