{"id":"gen9nationaldexubers-1988753310","p1":"Elin Baecil","p2":"Zanty-Chan","format":"[Gen 9] National Dex Ubers","log":"|j|\u2606Elin Baecil\n|j|\u2606Zanty-Chan\n|t:|1699758722\n|gametype|singles\n|player|p1|Elin Baecil|leon-masters|\n|player|p2|Zanty-Chan|red|\n|teamsize|p1|6\n|teamsize|p2|6\n|gen|9\n|tier|[Gen 9] National Dex Ubers\n|rule|HP Percentage Mod: HP is shown in percentages\n|rule|Endless Battle Clause: Forcing endless battles is banned\n|rule|OHKO Clause: OHKO moves are banned\n|rule|Evasion Moves Clause: Evasion moves are banned\n|rule|Evasion Items Clause: Evasion items are banned\n|rule|Species Clause: Limit one of each Pok\u00e9mon\n|rule|Sleep Clause Mod: Limit one foe put to sleep\n|rule|Mega Rayquaza Clause: You cannot mega evolve Rayquaza\n|clearpoke\n|poke|p1|Ninetales-Alola, F|\n|poke|p1|Baxcalibur, M|\n|poke|p1|Kingambit, M|\n|poke|p1|Ribombee, M|\n|poke|p1|Gholdengo|\n|poke|p1|Salamence, M|\n|poke|p2|Chansey, F|\n|poke|p2|Dondozo, M|\n|poke|p2|Porygon-Z|\n|poke|p2|Chandelure, F|\n|poke|p2|Blastoise, F|\n|poke|p2|Scizor, M|\n|teampreview\n|inactive|Battle timer is ON: inactive players will automatically lose when time's up. (requested by Zanty-Chan)\n|inactive|Elin Baecil has 270 seconds left.\n|\n|t:|1699758756\n|start\n|switch|p1a: Kingambit|Kingambit, M|100\/100\n|switch|p2a: Chansey|Chansey, F|100\/100\n|turn|1\n|\n|t:|1699758771\n|switch|p2a: Dondozo|Dondozo, M|100\/100\n|move|p1a: Kingambit|Knock Off|p2a: Dondozo\n|-damage|p2a: Dondozo|65\/100\n|-enditem|p2a: Dondozo|Leftovers|[from] move: Knock Off|[of] p1a: Kingambit\n|\n|upkeep\n|turn|2\n|\n|t:|1699758787\n|-end|p1a: Kingambit|fallenundefined|[silent]\n|switch|p1a: Ninetales|Ninetales-Alola, F|100\/100\n|-weather|Snow|[from] ability: Snow Warning|[of] p1a: Ninetales\n|move|p2a: Dondozo|Rest|p2a: Dondozo\n|-status|p2a: Dondozo|slp|[from] move: Rest\n|-heal|p2a: Dondozo|100\/100 slp|[silent]\n|\n|-weather|Snow|[upkeep]\n|upkeep\n|turn|3\n|\n|t:|1699758796\n|switch|p2a: Scizor|Scizor, M|100\/100\n|move|p1a: Ninetales|Aurora Veil|p1a: Ninetales\n|-sidestart|p1: Elin Baecil|move: Aurora Veil\n|\n|-weather|Snow|[upkeep]\n|upkeep\n|turn|4\n|\n|t:|1699758803\n|switch|p1a: Salamence|Salamence, M|100\/100\n|-ability|p1a: Salamence|Intimidate|boost\n|-unboost|p2a: Scizor|atk|1\n|move|p2a: Scizor|U-turn|p1a: Salamence\n|-resisted|p1a: Salamence\n|-damage|p1a: Salamence|91\/100\n|-damage|p2a: Scizor|91\/100|[from] item: Life Orb\n|inactive|Zanty-Chan has 270 seconds left.\n|\n|t:|1699758840\n|switch|p2a: Porygon-Z|Porygon-Z|100\/100|[from] U-turn\n|\n|-weather|Snow|[upkeep]\n|upkeep\n|turn|5\n|\n|t:|1699758847\n|detailschange|p1a: Salamence|Salamence-Mega, M\n|-mega|p1a: Salamence|Salamence|Salamencite\n|move|p1a: Salamence|Return|p2a: Porygon-Z\n|-damage|p2a: Porygon-Z|0 fnt\n|faint|p2a: Porygon-Z\n|\n|-weather|Snow|[upkeep]\n|upkeep\n|\n|t:|1699758854\n|switch|p2a: Dondozo|Dondozo, M|100\/100 slp\n|turn|6\n|\n|t:|1699758873\n|switch|p1a: Ninetales|Ninetales-Alola, F|100\/100\n|cant|p2a: Dondozo|slp\n|\n|-weather|none\n|upkeep\n|turn|7\n|\n|t:|1699758877\n|switch|p2a: Chansey|Chansey, F|100\/100\n|move|p1a: Ninetales|Moonblast|p2a: Chansey\n|-damage|p2a: Chansey|91\/100\n|-unboost|p2a: Chansey|spa|1\n|\n|upkeep\n|turn|8\n|\n|t:|1699758886\n|switch|p1a: Kingambit|Kingambit, M|100\/100\n|move|p2a: Chansey|Toxic|p1a: Kingambit\n|-immune|p1a: Kingambit\n|\n|upkeep\n|turn|9\n|\n|t:|1699758904\n|-activate|p2a: Chansey|move: Pursuit\n|move|p1a: Kingambit|Pursuit|p2a: Chansey|[from]Pursuit\n|-damage|p2a: Chansey|52\/100\n|switch|p2a: Dondozo|Dondozo, M|100\/100 slp\n|\n|upkeep\n|turn|10\n|\n|t:|1699758914\n|-end|p1a: Kingambit|fallenundefined|[silent]\n|switch|p1a: Ribombee|Ribombee, M|100\/100\n|cant|p2a: Dondozo|slp\n|\n|-sideend|p1: Elin Baecil|move: Aurora Veil\n|upkeep\n|turn|11\n|\n|t:|1699758922\n|switch|p2a: Blastoise|Blastoise, F|100\/100\n|move|p1a: Ribombee|Sticky Web|p2a: Blastoise\n|-sidestart|p2: Zanty-Chan|move: Sticky Web\n|\n|upkeep\n|turn|12\n|\n|t:|1699758943\n|detailschange|p2a: Blastoise|Blastoise-Mega, F\n|-mega|p2a: Blastoise|Blastoise|Blastoisinite\n|move|p1a: Ribombee|Stun Spore|p2a: Blastoise|[miss]\n|-miss|p1a: Ribombee|p2a: Blastoise\n|move|p2a: Blastoise|Rapid Spin|p1a: Ribombee\n|-damage|p1a: Ribombee|78\/100\n|-boost|p2a: Blastoise|spe|1\n|-sideend|p2: Zanty-Chan|Sticky Web|[from] move: Rapid Spin|[of] p2a: Blastoise\n|\n|upkeep\n|turn|13\n|\n|t:|1699758957\n|move|p2a: Blastoise|Shell Smash|p2a: Blastoise\n|-unboost|p2a: Blastoise|def|1\n|-unboost|p2a: Blastoise|spd|1\n|-boost|p2a: Blastoise|atk|2\n|-boost|p2a: Blastoise|spa|2\n|-boost|p2a: Blastoise|spe|2\n|move|p1a: Ribombee|Stun Spore|p2a: Blastoise\n|-status|p2a: Blastoise|par\n|\n|upkeep\n|turn|14\n|\n|t:|1699758961\n|move|p1a: Ribombee|Sticky Web|p2a: Blastoise\n|-sidestart|p2: Zanty-Chan|move: Sticky Web\n|move|p2a: Blastoise|Water Pulse|p1a: Ribombee\n|-damage|p1a: Ribombee|0 fnt\n|faint|p1a: Ribombee\n|\n|upkeep\n|\n|t:|1699758965\n|switch|p1a: Ninetales|Ninetales-Alola, F|100\/100\n|-weather|Snow|[from] ability: Snow Warning|[of] p1a: Ninetales\n|turn|15\n|\n|t:|1699758980\n|move|p2a: Blastoise|Water Pulse|p1a: Ninetales\n|-damage|p1a: Ninetales|4\/100\n|move|p1a: Ninetales|Moonblast|p2a: Blastoise\n|-damage|p2a: Blastoise|52\/100 par\n|-unboost|p2a: Blastoise|spa|1\n|\n|-weather|Snow|[upkeep]\n|upkeep\n|turn|16\n|\n|t:|1699758991\n|move|p2a: Blastoise|Rapid Spin|p1a: Ninetales\n|-damage|p1a: Ninetales|0 fnt\n|-boost|p2a: Blastoise|spe|1\n|-sideend|p2: Zanty-Chan|Sticky Web|[from] move: Rapid Spin|[of] p2a: Blastoise\n|faint|p1a: Ninetales\n|\n|-weather|Snow|[upkeep]\n|upkeep\n|\n|t:|1699758997\n|switch|p1a: Baxcalibur|Baxcalibur, M|100\/100\n|turn|17\n|\n|t:|1699759002\n|-terastallize|p1a: Baxcalibur|Dragon\n|move|p2a: Blastoise|Dragon Pulse|p1a: Baxcalibur\n|-supereffective|p1a: Baxcalibur\n|-damage|p1a: Baxcalibur|0 fnt\n|faint|p1a: Baxcalibur\n|\n|-weather|Snow|[upkeep]\n|upkeep\n|\n|t:|1699759009\n|switch|p1a: Kingambit|Kingambit, M|100\/100\n|-activate|p1a: Kingambit|ability: Supreme Overlord\n|-start|p1a: Kingambit|fallen3|[silent]\n|turn|18\n|\n|t:|1699759013\n|move|p2a: Blastoise|Water Pulse|p1a: Kingambit\n|-damage|p1a: Kingambit|38\/100\n|move|p1a: Kingambit|Knock Off|p2a: Blastoise\n|-damage|p2a: Blastoise|0 fnt\n|faint|p2a: Blastoise\n|\n|-weather|Snow|[upkeep]\n|upkeep\n|\n|t:|1699759025\n|switch|p2a: Chandelure|Chandelure, F|100\/100\n|turn|19\n|\n|t:|1699759030\n|move|p2a: Chandelure|Trick|p1a: Kingambit\n|-activate|p2a: Chandelure|move: Trick|[of] p1a: Kingambit\n|-item|p1a: Kingambit|Choice Scarf|[from] move: Trick\n|-item|p2a: Chandelure|Black Glasses|[from] move: Trick\n|move|p1a: Kingambit|Knock Off|p2a: Chandelure\n|-supereffective|p2a: Chandelure\n|-damage|p2a: Chandelure|0 fnt\n|-enditem|p2a: Chandelure|Black Glasses|[from] move: Knock Off|[of] p1a: Kingambit\n|faint|p2a: Chandelure\n|\n|-weather|none\n|upkeep\n|\n|t:|1699759040\n|switch|p2a: Dondozo|Dondozo, M|100\/100 slp\n|turn|20\n|\n|t:|1699759052\n|-end|p1a: Kingambit|fallen3|[silent]\n|switch|p1a: Gholdengo|Gholdengo|100\/100\n|-item|p1a: Gholdengo|Air Balloon\n|-curestatus|p2a: Dondozo|slp|[msg]\n|move|p2a: Dondozo|Liquidation|p1a: Gholdengo\n|-damage|p1a: Gholdengo|64\/100\n|-enditem|p1a: Gholdengo|Air Balloon\n|\n|upkeep\n|turn|21\n|\n|t:|1699759056\n|switch|p2a: Chansey|Chansey, F|52\/100\n|move|p1a: Gholdengo|Nasty Plot|p1a: Gholdengo\n|-boost|p1a: Gholdengo|spa|2\n|\n|upkeep\n|turn|22\n|\n|t:|1699759074\n|-terastallize|p2a: Chansey|Ghost\n|move|p1a: Gholdengo|Make It Rain|p2a: Chansey\n|-damage|p2a: Chansey|16\/100\n|-unboost|p1a: Gholdengo|spa|1\n|move|p2a: Chansey|Soft-Boiled|p2a: Chansey\n|-heal|p2a: Chansey|66\/100\n|\n|upkeep\n|turn|23\n|\n|t:|1699759094\n|move|p1a: Gholdengo|Shadow Ball|p2a: Chansey\n|-supereffective|p2a: Chansey\n|-damage|p2a: Chansey|32\/100\n|move|p2a: Chansey|Soft-Boiled|p2a: Chansey\n|-heal|p2a: Chansey|82\/100\n|\n|upkeep\n|turn|24\n|inactive|Zanty-Chan has 270 seconds left.\n|\n|t:|1699759115\n|switch|p2a: Dondozo|Dondozo, M|100\/100\n|move|p1a: Gholdengo|Nasty Plot|p1a: Gholdengo\n|-boost|p1a: Gholdengo|spa|2\n|\n|upkeep\n|turn|25\n|\n|t:|1699759121\n|move|p1a: Gholdengo|Shadow Ball|p2a: Dondozo\n|-damage|p2a: Dondozo|61\/100\n|move|p2a: Dondozo|Liquidation|p1a: Gholdengo\n|-damage|p1a: Gholdengo|27\/100\n|\n|upkeep\n|turn|26\n|\n|t:|1699759131\n|move|p1a: Gholdengo|Shadow Ball|p2a: Dondozo\n|-damage|p2a: Dondozo|22\/100\n|-unboost|p2a: Dondozo|spd|1\n|move|p2a: Dondozo|Liquidation|p1a: Gholdengo\n|-damage|p1a: Gholdengo|0 fnt\n|faint|p1a: Gholdengo\n|\n|upkeep\n|\n|t:|1699759144\n|switch|p1a: Salamence|Salamence-Mega, M|91\/100\n|turn|27\n|\n|t:|1699759152\n|switch|p2a: Chansey|Chansey, F, tera:Ghost|82\/100\n|move|p1a: Salamence|Return|p2a: Chansey\n|-damage|p2a: Chansey|31\/100\n|\n|upkeep\n|turn|28\n|\n|t:|1699759162\n|move|p1a: Salamence|Return|p2a: Chansey\n|-damage|p2a: Chansey|0 fnt\n|faint|p2a: Chansey\n|\n|upkeep\n|\n|t:|1699759165\n|switch|p2a: Scizor|Scizor, M|91\/100\n|turn|29\n|\n|t:|1699759177\n|switch|p1a: Kingambit|Kingambit, M|38\/100\n|-activate|p1a: Kingambit|ability: Supreme Overlord\n|-start|p1a: Kingambit|fallen4|[silent]\n|move|p2a: Scizor|Bullet Punch|p1a: Kingambit\n|-resisted|p1a: Kingambit\n|-damage|p1a: Kingambit|23\/100\n|-damage|p2a: Scizor|81\/100|[from] item: Life Orb\n|\n|upkeep\n|turn|30\n|\n|t:|1699759190\n|move|p2a: Scizor|Roost|p2a: Scizor\n|-heal|p2a: Scizor|100\/100\n|-singleturn|p2a: Scizor|move: Roost\n|move|p1a: Kingambit|Knock Off|p2a: Scizor\n|-damage|p2a: Scizor|5\/100\n|-enditem|p2a: Scizor|Life Orb|[from] move: Knock Off|[of] p1a: Kingambit\n|\n|upkeep\n|turn|31\n|inactive|Zanty-Chan has 270 seconds left.\n|\n|t:|1699759240\n|move|p2a: Scizor|Sand Tomb|p1a: Kingambit\n|-supereffective|p1a: Kingambit\n|-damage|p1a: Kingambit|0 fnt\n|faint|p1a: Kingambit\n|-end|p1a: Kingambit|fallen4|[silent]\n|\n|upkeep\n|\n|t:|1699759243\n|switch|p1a: Salamence|Salamence-Mega, M|91\/100\n|turn|32\n|\n|t:|1699759249\n|move|p2a: Scizor|Bullet Punch|p1a: Salamence\n|-damage|p1a: Salamence|65\/100\n|move|p1a: Salamence|Return|p2a: Scizor\n|-damage|p2a: Scizor|0 fnt\n|faint|p2a: Scizor\n|\n|upkeep\n|\n|t:|1699759254\n|switch|p2a: Dondozo|Dondozo, M|22\/100\n|turn|33\n|\n|t:|1699759258\n|move|p1a: Salamence|Return|p2a: Dondozo\n|-damage|p2a: Dondozo|0 fnt\n|faint|p2a: Dondozo\n|\n|win|Elin Baecil\n|l|\u2606Zanty-Chan\n|j| s.daninja\n","uploadtime":1699759271,"views":13,"p1id":"elinbaecil","p2id":"zantychan","formatid":"gen9nationaldexubers","rating":0,"private":0,"password":""}