{"id":"gen9nationaldexubers-1985273771","p1":"dhkfx","p2":"Breeze88","format":"[Gen 9] National Dex Ubers","log":"|j|\u2606dhkfx\n|j|\u2606Breeze88\n|t:|1699358577\n|gametype|singles\n|player|p1|dhkfx|n|1651\n|player|p2|Breeze88|steven|1758\n|teamsize|p1|6\n|teamsize|p2|6\n|gen|9\n|tier|[Gen 9] National Dex Ubers\n|rated|\n|rule|HP Percentage Mod: HP is shown in percentages\n|rule|Endless Battle Clause: Forcing endless battles is banned\n|rule|OHKO Clause: OHKO moves are banned\n|rule|Evasion Moves Clause: Evasion moves are banned\n|rule|Evasion Items Clause: Evasion items are banned\n|rule|Species Clause: Limit one of each Pok\u00e9mon\n|rule|Sleep Clause Mod: Limit one foe put to sleep\n|rule|Mega Rayquaza Clause: You cannot mega evolve Rayquaza\n|clearpoke\n|poke|p1|Glimmora, F|\n|poke|p1|Giratina-Origin|\n|poke|p1|Xerneas-*|\n|poke|p1|Arceus-Dark|\n|poke|p1|Groudon|\n|poke|p1|Necrozma-Dusk-Mane|\n|poke|p2|Shuckle, F|\n|poke|p2|Necrozma-Dusk-Mane|\n|poke|p2|Yveltal|\n|poke|p2|Groudon|\n|poke|p2|Arceus-Ground|\n|poke|p2|Xerneas-*|\n|teampreview\n|inactive|Battle timer is ON: inactive players will automatically lose when time's up. (requested by Breeze88)\n|c|\u2606Breeze88|glhf\n|\n|t:|1699358592\n|start\n|switch|p1a: Necrozma|Necrozma-Dusk-Mane|100\/100\n|switch|p2a: Shuckle|Shuckle, F, shiny|100\/100\n|turn|1\n|\n|t:|1699358595\n|move|p1a: Necrozma|Dragon Dance|p1a: Necrozma\n|-boost|p1a: Necrozma|atk|1\n|-boost|p1a: Necrozma|spe|1\n|move|p2a: Shuckle|Sticky Web|p1a: Necrozma\n|-sidestart|p1: dhkfx|move: Sticky Web\n|\n|upkeep\n|turn|2\n|\n|t:|1699358600\n|move|p1a: Necrozma|Sunsteel Strike|p2a: Shuckle\n|-supereffective|p2a: Shuckle\n|-damage|p2a: Shuckle|0 fnt\n|faint|p2a: Shuckle\n|\n|upkeep\n|inactive|Breeze88 has 120 seconds left.\n|\n|t:|1699358636\n|switch|p2a: Nebbychadnezzar|Necrozma-Dusk-Mane, shiny|100\/100\n|turn|3\n|\n|t:|1699358659\n|move|p1a: Necrozma|Earthquake|p2a: Nebbychadnezzar\n|-supereffective|p2a: Nebbychadnezzar\n|-damage|p2a: Nebbychadnezzar|39\/100\n|-enditem|p2a: Nebbychadnezzar|Weakness Policy\n|-boost|p2a: Nebbychadnezzar|atk|2|[from] item: Weakness Policy\n|-boost|p2a: Nebbychadnezzar|spa|2|[from] item: Weakness Policy\n|move|p2a: Nebbychadnezzar|Trick Room|p2a: Nebbychadnezzar\n|-fieldstart|move: Trick Room|[of] p2a: Nebbychadnezzar\n|\n|upkeep\n|turn|4\n|inactive|Breeze88 has 120 seconds left.\n|\n|t:|1699358676\n|switch|p1a: Giratina|Giratina-Origin|100\/100\n|move|p2a: Nebbychadnezzar|Earthquake|p1a: Giratina\n|-immune|p1a: Giratina|[from] ability: Levitate\n|\n|upkeep\n|turn|5\n|inactive|Breeze88 has 120 seconds left.\n|\n|t:|1699358688\n|move|p1a: Giratina|Shadow Sneak|p2a: Nebbychadnezzar\n|-supereffective|p2a: Nebbychadnezzar\n|-damage|p2a: Nebbychadnezzar|17\/100\n|move|p2a: Nebbychadnezzar|Moonlight|p2a: Nebbychadnezzar\n|-heal|p2a: Nebbychadnezzar|67\/100\n|\n|upkeep\n|turn|6\n|inactive|Breeze88 has 120 seconds left.\n|\n|t:|1699358718\n|move|p2a: Nebbychadnezzar|Sunsteel Strike|p1a: Giratina\n|-damage|p1a: Giratina|37\/100\n|move|p1a: Giratina|Will-O-Wisp|p2a: Nebbychadnezzar\n|-status|p2a: Nebbychadnezzar|brn\n|\n|-damage|p2a: Nebbychadnezzar|61\/100 brn|[from] brn\n|upkeep\n|turn|7\n|\n|t:|1699358726\n|move|p1a: Giratina|Shadow Sneak|p2a: Nebbychadnezzar\n|-supereffective|p2a: Nebbychadnezzar\n|-damage|p2a: Nebbychadnezzar|42\/100 brn\n|move|p2a: Nebbychadnezzar|Sunsteel Strike|p1a: Giratina\n|-damage|p1a: Giratina|7\/100\n|\n|-damage|p2a: Nebbychadnezzar|36\/100 brn|[from] brn\n|-fieldend|move: Trick Room\n|upkeep\n|turn|8\n|\n|t:|1699358732\n|move|p1a: Giratina|Shadow Sneak|p2a: Nebbychadnezzar\n|-supereffective|p2a: Nebbychadnezzar\n|-damage|p2a: Nebbychadnezzar|15\/100 brn\n|move|p2a: Nebbychadnezzar|Moonlight|p2a: Nebbychadnezzar\n|-heal|p2a: Nebbychadnezzar|65\/100 brn\n|\n|-damage|p2a: Nebbychadnezzar|59\/100 brn|[from] brn\n|upkeep\n|turn|9\n|inactive|Breeze88 has 120 seconds left.\n|\n|t:|1699358737\n|move|p1a: Giratina|Shadow Sneak|p2a: Nebbychadnezzar\n|-supereffective|p2a: Nebbychadnezzar\n|-damage|p2a: Nebbychadnezzar|39\/100 brn\n|move|p2a: Nebbychadnezzar|Moonlight|p2a: Nebbychadnezzar\n|-heal|p2a: Nebbychadnezzar|89\/100 brn\n|\n|-damage|p2a: Nebbychadnezzar|83\/100 brn|[from] brn\n|upkeep\n|turn|10\n|\n|t:|1699358742\n|move|p1a: Giratina|Shadow Sneak|p2a: Nebbychadnezzar\n|-supereffective|p2a: Nebbychadnezzar\n|-damage|p2a: Nebbychadnezzar|62\/100 brn\n|move|p2a: Nebbychadnezzar|Sunsteel Strike|p1a: Giratina\n|-damage|p1a: Giratina|0 fnt\n|faint|p1a: Giratina\n|\n|-damage|p2a: Nebbychadnezzar|56\/100 brn|[from] brn\n|upkeep\n|\n|t:|1699358768\n|switch|p1a: Groudon|Groudon|100\/100\n|-activate|p1a: Groudon|move: Sticky Web\n|-unboost|p1a: Groudon|spe|1\n|detailschange|p1a: Groudon|Groudon-Primal\n|-primal|p1a: Groudon|Red Orb\n|-weather|DesolateLand|[from] ability: Desolate Land|[of] p1a: Groudon\n|turn|11\n|\n|t:|1699358792\n|switch|p2a: Yveltal|Yveltal, shiny|100\/100\n|-ability|p2a: Yveltal|Dark Aura\n|move|p1a: Groudon|Rock Polish|p1a: Groudon\n|-boost|p1a: Groudon|spe|2\n|\n|-weather|DesolateLand|[upkeep]\n|upkeep\n|turn|12\n|\n|t:|1699358803\n|-terastallize|p2a: Yveltal|Dark\n|move|p1a: Groudon|Heat Crash|p2a: Yveltal\n|-damage|p2a: Yveltal|0 fnt\n|faint|p2a: Yveltal\n|\n|-weather|DesolateLand|[upkeep]\n|upkeep\n|inactive|Breeze88 has 120 seconds left.\n|\n|t:|1699358817\n|switch|p2a: Arceus|Arceus-Ground|100\/100\n|turn|13\n|\n|t:|1699358832\n|move|p1a: Groudon|Heat Crash|p2a: Arceus\n|-crit|p2a: Arceus\n|-damage|p2a: Arceus|0 fnt\n|faint|p2a: Arceus\n|\n|-weather|DesolateLand|[upkeep]\n|upkeep\n|\n|t:|1699358841\n|switch|p2a: Nebbychadnezzar|Necrozma-Dusk-Mane, shiny|56\/100 brn\n|turn|14\n|\n|t:|1699358844\n|move|p1a: Groudon|Heat Crash|p2a: Nebbychadnezzar\n|-supereffective|p2a: Nebbychadnezzar\n|-damage|p2a: Nebbychadnezzar|0 fnt\n|faint|p2a: Nebbychadnezzar\n|\n|-weather|DesolateLand|[upkeep]\n|upkeep\n|\n|t:|1699358846\n|switch|p2a: Chopin|Groudon|100\/100\n|detailschange|p2a: Chopin|Groudon-Primal\n|-primal|p2a: Chopin|Red Orb\n|turn|15\n|\n|t:|1699358856\n|move|p1a: Groudon|Precipice Blades|p2a: Chopin|[miss]\n|-miss|p1a: Groudon|p2a: Chopin\n|move|p2a: Chopin|Rock Polish|p2a: Chopin\n|-boost|p2a: Chopin|spe|2\n|\n|-weather|DesolateLand|[upkeep]\n|upkeep\n|turn|16\n|\n|t:|1699358862\n|move|p2a: Chopin|Precipice Blades|p1a: Groudon\n|-supereffective|p1a: Groudon\n|-crit|p1a: Groudon\n|-damage|p1a: Groudon|0 fnt\n|faint|p1a: Groudon\n|\n|-weather|DesolateLand|[upkeep]\n|upkeep\n|\n|t:|1699358869\n|switch|p1a: Glimmora|Glimmora, F|100\/100\n|-activate|p1a: Glimmora|move: Sticky Web\n|-unboost|p1a: Glimmora|spe|1\n|turn|17\n|\n|t:|1699358877\n|move|p2a: Chopin|Eruption|p1a: Glimmora\n|-resisted|p1a: Glimmora\n|-damage|p1a: Glimmora|11\/100\n|move|p1a: Glimmora|Earth Power|p2a: Chopin\n|-supereffective|p2a: Chopin\n|-damage|p2a: Chopin|24\/100\n|\n|-weather|DesolateLand|[upkeep]\n|upkeep\n|turn|18\n|\n|t:|1699358883\n|move|p2a: Chopin|Precipice Blades|p1a: Glimmora\n|-supereffective|p1a: Glimmora\n|-damage|p1a: Glimmora|0 fnt\n|-activate|p1a: Glimmora|ability: Toxic Debris\n|-sidestart|p2: Breeze88|move: Toxic Spikes\n|faint|p1a: Glimmora\n|\n|-weather|DesolateLand|[upkeep]\n|upkeep\n|\n|t:|1699358887\n|switch|p1a: Arceus|Arceus-Dark|100\/100\n|-activate|p1a: Arceus|move: Sticky Web\n|-unboost|p1a: Arceus|spe|1\n|turn|19\n|\n|t:|1699358898\n|move|p2a: Chopin|Precipice Blades|p1a: Arceus\n|-damage|p1a: Arceus|42\/100\n|move|p1a: Arceus|Judgment|p2a: Chopin\n|-damage|p2a: Chopin|0 fnt\n|faint|p2a: Chopin\n|-weather|none\n|\n|upkeep\n|\n|t:|1699358903\n|switch|p2a: Xerneas|Xerneas, shiny|100\/100\n|-status|p2a: Xerneas|psn\n|-ability|p2a: Xerneas|Fairy Aura\n|turn|20\n|\n|t:|1699358905\n|switch|p1a: Necrozma|Necrozma-Dusk-Mane|100\/100\n|-activate|p1a: Necrozma|move: Sticky Web\n|-unboost|p1a: Necrozma|spe|1\n|move|p2a: Xerneas|Geomancy||[still]\n|-prepare|p2a: Xerneas|Geomancy\n|-enditem|p2a: Xerneas|Power Herb\n|-anim|p2a: Xerneas|Geomancy|p2a: Xerneas\n|-boost|p2a: Xerneas|spa|2\n|-boost|p2a: Xerneas|spd|2\n|-boost|p2a: Xerneas|spe|2\n|\n|-damage|p2a: Xerneas|88\/100 psn|[from] psn\n|upkeep\n|turn|21\n|\n|t:|1699358920\n|switch|p1a: Arceus|Arceus-Dark|42\/100\n|-activate|p1a: Arceus|move: Sticky Web\n|-unboost|p1a: Arceus|spe|1\n|move|p2a: Xerneas|Moonblast|p1a: Arceus\n|-supereffective|p1a: Arceus\n|-damage|p1a: Arceus|0 fnt\n|faint|p1a: Arceus\n|\n|-damage|p2a: Xerneas|75\/100 psn|[from] psn\n|upkeep\n|\n|t:|1699358925\n|switch|p1a: Necrozma|Necrozma-Dusk-Mane|100\/100\n|-activate|p1a: Necrozma|move: Sticky Web\n|-unboost|p1a: Necrozma|spe|1\n|turn|22\n|\n|t:|1699358946\n|switch|p1a: Xerneas|Xerneas, shiny|100\/100\n|-activate|p1a: Xerneas|move: Sticky Web\n|-unboost|p1a: Xerneas|spe|1\n|-ability|p1a: Xerneas|Fairy Aura\n|move|p2a: Xerneas|Moonblast|p1a: Xerneas\n|-damage|p1a: Xerneas|0 fnt\n|faint|p1a: Xerneas\n|\n|-damage|p2a: Xerneas|63\/100 psn|[from] psn\n|upkeep\n|\n|t:|1699358954\n|switch|p1a: Necrozma|Necrozma-Dusk-Mane|100\/100\n|-activate|p1a: Necrozma|move: Sticky Web\n|-unboost|p1a: Necrozma|spe|1\n|turn|23\n|\n|t:|1699358963\n|move|p2a: Xerneas|Moonblast|p1a: Necrozma\n|-resisted|p1a: Necrozma\n|-damage|p1a: Necrozma|30\/100\n|-unboost|p1a: Necrozma|spa|1\n|move|p1a: Necrozma|Sunsteel Strike|p2a: Xerneas\n|-supereffective|p2a: Xerneas\n|-damage|p2a: Xerneas|0 fnt\n|faint|p2a: Xerneas\n|\n|win|dhkfx\n|raw|dhkfx's rating: 1651 &rarr; <strong>1677<\/strong><br \/>(+26 for winning)\n|raw|Breeze88's rating: 1758 &rarr; <strong>1732<\/strong><br \/>(-26 for losing)\n|c|\u2606Breeze88|ggwp\n|l|\u2606Breeze88\n|l|\u2606dhkfx\n","uploadtime":1699359135,"views":13,"p1id":"dhkfx","p2id":"breeze88","formatid":"gen9nationaldexubers","rating":1677,"private":0,"password":""}