{"id":"gen9nationaldexubers-1979450348","p1":"700club","p2":"pandigaymer","format":"[Gen 9] National Dex Ubers","log":"|j|\u2606700club\n|j|\u2606pandigaymer\n|t:|1698683655\n|gametype|singles\n|player|p1|700club|shadowtriad|1280\n|player|p2|pandigaymer|265|1276\n|teamsize|p1|6\n|teamsize|p2|6\n|gen|9\n|tier|[Gen 9] National Dex Ubers\n|rated|\n|rule|HP Percentage Mod: HP is shown in percentages\n|rule|Endless Battle Clause: Forcing endless battles is banned\n|rule|OHKO Clause: OHKO moves are banned\n|rule|Evasion Moves Clause: Evasion moves are banned\n|rule|Evasion Items Clause: Evasion items are banned\n|rule|Species Clause: Limit one of each Pok\u00e9mon\n|rule|Sleep Clause Mod: Limit one foe put to sleep\n|rule|Mega Rayquaza Clause: You cannot mega evolve Rayquaza\n|clearpoke\n|poke|p1|Ogerpon-Hearthflame, F|\n|poke|p1|Ditto|\n|poke|p1|Deoxys-Speed|\n|poke|p1|Mewtwo|\n|poke|p1|Necrozma-Dusk-Mane|\n|poke|p1|Kingambit, F|\n|poke|p2|Kyogre|\n|poke|p2|Dracovish|\n|poke|p2|Zacian-*|\n|poke|p2|Necrozma-Dawn-Wings|\n|poke|p2|Basculegion, M|\n|poke|p2|Lucario, M|\n|teampreview\n|c|\u2606700club|hi\n|\n|t:|1698683667\n|start\n|switch|p1a: Deoxys|Deoxys-Speed|100\/100\n|switch|p2a: Kyogre|Kyogre|100\/100\n|-ability|p1a: Deoxys|Pressure\n|detailschange|p2a: Kyogre|Kyogre-Primal\n|-primal|p2a: Kyogre|Blue Orb\n|-weather|PrimordialSea|[from] ability: Primordial Sea|[of] p2a: Kyogre\n|turn|1\n|c|\u2606pandigaymer|heya\n|\n|t:|1698683683\n|move|p1a: Deoxys|Light Screen|p1a: Deoxys\n|-sidestart|p1: 700club|move: Light Screen\n|move|p2a: Kyogre|Origin Pulse|p1a: Deoxys\n|-damage|p1a: Deoxys|27\/100\n|\n|-weather|PrimordialSea|[upkeep]\n|upkeep\n|turn|2\n|\n|t:|1698683700\n|move|p1a: Deoxys|Stealth Rock|p2a: Kyogre\n|-sidestart|p2: pandigaymer|move: Stealth Rock\n|move|p2a: Kyogre|Origin Pulse|p1a: Deoxys\n|-damage|p1a: Deoxys|0 fnt\n|faint|p1a: Deoxys\n|\n|-weather|PrimordialSea|[upkeep]\n|upkeep\n|\n|t:|1698683713\n|switch|p1a: Ogerpon|Ogerpon-Hearthflame, F|100\/100\n|-ability|p1a: Ogerpon|Mold Breaker\n|turn|3\n|\n|t:|1698683728\n|move|p1a: Ogerpon|Horn Leech|p2a: Kyogre\n|-supereffective|p2a: Kyogre\n|-damage|p2a: Kyogre|24\/100\n|move|p2a: Kyogre|Origin Pulse|p1a: Ogerpon\n|-damage|p1a: Ogerpon|39\/100\n|\n|-weather|PrimordialSea|[upkeep]\n|upkeep\n|turn|4\n|\n|t:|1698683738\n|move|p1a: Ogerpon|Horn Leech|p2a: Kyogre\n|-supereffective|p2a: Kyogre\n|-damage|p2a: Kyogre|0 fnt\n|-heal|p1a: Ogerpon|51\/100|[from] drain|[of] p2a: Kyogre\n|faint|p2a: Kyogre\n|-weather|none\n|\n|upkeep\n|\n|t:|1698683745\n|switch|p2a: Dracovish|Dracovish|100\/100\n|-damage|p2a: Dracovish|88\/100|[from] Stealth Rock\n|turn|5\n|\n|t:|1698683764\n|move|p2a: Dracovish|Fishious Rend|p1a: Ogerpon\n|-damage|p1a: Ogerpon|0 fnt\n|faint|p1a: Ogerpon\n|\n|-sideend|p1: 700club|move: Light Screen\n|upkeep\n|\n|t:|1698683784\n|switch|p1a: Necrozma|Necrozma-Dusk-Mane|100\/100\n|turn|6\n|\n|t:|1698683803\n|-terastallize|p2a: Dracovish|Water\n|move|p2a: Dracovish|Fishious Rend|p1a: Necrozma\n|-damage|p1a: Necrozma|0 fnt\n|faint|p1a: Necrozma\n|\n|upkeep\n|\n|t:|1698683813\n|switch|p1a: Kingambit|Kingambit, F|100\/100\n|-activate|p1a: Kingambit|ability: Supreme Overlord\n|-start|p1a: Kingambit|fallen3|[silent]\n|turn|7\n|\n|t:|1698683824\n|move|p2a: Dracovish|Fishious Rend|p1a: Kingambit\n|-damage|p1a: Kingambit|3\/100\n|move|p1a: Kingambit|Swords Dance|p1a: Kingambit\n|-boost|p1a: Kingambit|atk|2\n|\n|upkeep\n|turn|8\n|\n|t:|1698683842\n|-terastallize|p1a: Kingambit|Dark\n|move|p1a: Kingambit|Sucker Punch|p2a: Dracovish\n|-damage|p2a: Dracovish|0 fnt\n|faint|p2a: Dracovish\n|\n|upkeep\n|\n|t:|1698683852\n|switch|p2a: Basculegion|Basculegion, M|100\/100\n|-damage|p2a: Basculegion|88\/100|[from] Stealth Rock\n|turn|9\n|\n|t:|1698683862\n|move|p1a: Kingambit|Sucker Punch|p2a: Basculegion\n|-supereffective|p2a: Basculegion\n|-damage|p2a: Basculegion|0 fnt\n|faint|p2a: Basculegion\n|\n|upkeep\n|\n|t:|1698683867\n|switch|p2a: Lucario|Lucario, M|100\/100\n|-damage|p2a: Lucario|98\/100|[from] Stealth Rock\n|turn|10\n|inactive|Battle timer is ON: inactive players will automatically lose when time's up. (requested by pandigaymer)\n|\n|t:|1698683892\n|detailschange|p2a: Lucario|Lucario-Mega, M\n|-mega|p2a: Lucario|Lucario|Lucarionite\n|move|p2a: Lucario|Bullet Punch|p1a: Kingambit\n|-damage|p1a: Kingambit|0 fnt\n|faint|p1a: Kingambit\n|-end|p1a: Kingambit|fallen3|[silent]\n|\n|upkeep\n|\n|t:|1698683897\n|switch|p1a: Mewtwo|Mewtwo|100\/100\n|-ability|p1a: Mewtwo|Unnerve\n|turn|11\n|\n|t:|1698683908\n|switch|p2a: Necrozma|Necrozma-Dawn-Wings|100\/100\n|-damage|p2a: Necrozma|88\/100|[from] Stealth Rock\n|detailschange|p1a: Mewtwo|Mewtwo-Mega-Y\n|-mega|p1a: Mewtwo|Mewtwo|Mewtwonite Y\n|move|p1a: Mewtwo|Fire Blast|p2a: Necrozma\n|-damage|p2a: Necrozma|44\/100\n|\n|upkeep\n|turn|12\n|\n|t:|1698683930\n|detailschange|p2a: Necrozma|Necrozma-Ultra\n|-burst|p2a: Necrozma|Necrozma|Ultranecrozium Z\n|move|p1a: Mewtwo|Fire Blast|p2a: Necrozma\n|-resisted|p2a: Necrozma\n|-damage|p2a: Necrozma|18\/100\n|move|p2a: Necrozma|Earthquake|p1a: Mewtwo\n|-damage|p1a: Mewtwo|51\/100\n|\n|upkeep\n|turn|13\n|\n|t:|1698683948\n|move|p1a: Mewtwo|Ice Beam|p2a: Necrozma\n|-supereffective|p2a: Necrozma\n|-damage|p2a: Necrozma|0 fnt\n|faint|p2a: Necrozma\n|\n|upkeep\n|\n|t:|1698683955\n|switch|p2a: Lucario|Lucario-Mega, M|98\/100\n|-damage|p2a: Lucario|95\/100|[from] Stealth Rock\n|turn|14\n|\n|t:|1698683959\n|move|p2a: Lucario|Bullet Punch|p1a: Mewtwo\n|-damage|p1a: Mewtwo|11\/100\n|move|p1a: Mewtwo|Fire Blast|p2a: Lucario|[miss]\n|-miss|p1a: Mewtwo|p2a: Lucario\n|\n|upkeep\n|turn|15\n|c|\u2606700club|gg\n|\n|t:|1698683977\n|move|p2a: Lucario|Bullet Punch|p1a: Mewtwo\n|-damage|p1a: Mewtwo|0 fnt\n|faint|p1a: Mewtwo\n|\n|upkeep\n|\n|t:|1698683981\n|switch|p1a: Ditto|Ditto|100\/100\n|-transform|p1a: Ditto|p2a: Lucario|[from] ability: Imposter\n|turn|16\n|\n|t:|1698684004\n|move|p1a: Ditto|Meteor Mash|p2a: Lucario\n|-resisted|p2a: Lucario\n|-damage|p2a: Lucario|52\/100\n|-boost|p1a: Ditto|atk|1\n|move|p2a: Lucario|Close Combat|p1a: Ditto\n|-supereffective|p1a: Ditto\n|-damage|p1a: Ditto|0 fnt\n|-unboost|p2a: Lucario|def|1\n|-unboost|p2a: Lucario|spd|1\n|faint|p1a: Ditto\n|\n|win|pandigaymer\n|raw|700club's rating: 1280 &rarr; <strong>1255<\/strong><br \/>(-25 for losing)\n|raw|pandigaymer's rating: 1276 &rarr; <strong>1301<\/strong><br \/>(+25 for winning)\n","uploadtime":1698684014,"views":9,"p1id":"700club","p2id":"pandigaymer","formatid":"gen9nationaldexubers","rating":1255,"private":0,"password":""}