{"id":"gen9nationaldexubers-1978702913","p1":"1998 Mercedes-Benz","p2":"ChrisTheTree256","format":"[Gen 9] National Dex Ubers","log":"|j|\u26061998 Mercedes-Benz\n|j|\u2606ChrisTheTree256\n|t:|1698584098\n|gametype|singles\n|player|p1|1998 Mercedes-Benz|aromalady-gen6|1336\n|player|p2|ChrisTheTree256|alec-anime|1361\n|teamsize|p1|6\n|teamsize|p2|6\n|gen|9\n|tier|[Gen 9] National Dex Ubers\n|rated|\n|rule|HP Percentage Mod: HP is shown in percentages\n|rule|Endless Battle Clause: Forcing endless battles is banned\n|rule|OHKO Clause: OHKO moves are banned\n|rule|Evasion Moves Clause: Evasion moves are banned\n|rule|Evasion Items Clause: Evasion items are banned\n|rule|Species Clause: Limit one of each Pok\u00e9mon\n|rule|Sleep Clause Mod: Limit one foe put to sleep\n|rule|Mega Rayquaza Clause: You cannot mega evolve Rayquaza\n|clearpoke\n|poke|p1|Deoxys-Speed|\n|poke|p1|Arceus|\n|poke|p1|Zacian-*|\n|poke|p1|Salamence, F|\n|poke|p1|Kyogre|\n|poke|p1|Ho-Oh|\n|poke|p2|Zygarde|\n|poke|p2|Marshadow|\n|poke|p2|Mawile, M|\n|poke|p2|Glimmora, M|\n|poke|p2|Groudon|\n|poke|p2|Yveltal|\n|teampreview\n|inactive|Battle timer is ON: inactive players will automatically lose when time's up. (requested by 1998 Mercedes-Benz)\n|\n|t:|1698584109\n|start\n|switch|p1a: What Do They Know|Deoxys-Speed|100\/100\n|switch|p2a: Yveltal|Yveltal|100\/100\n|-ability|p1a: What Do They Know|Pressure\n|-ability|p2a: Yveltal|Dark Aura\n|turn|1\n|\n|t:|1698584120\n|move|p1a: What Do They Know|Stealth Rock|p2a: Yveltal\n|-sidestart|p2: ChrisTheTree256|move: Stealth Rock\n|move|p2a: Yveltal|Dark Pulse|p1a: What Do They Know\n|-supereffective|p1a: What Do They Know\n|-damage|p1a: What Do They Know|0 fnt\n|faint|p1a: What Do They Know\n|\n|upkeep\n|\n|t:|1698584146\n|switch|p1a: Molly|Zacian-Crowned, shiny|100\/100\n|-ability|p1a: Molly|Intrepid Sword|boost\n|-boost|p1a: Molly|atk|1\n|turn|2\n|j| masturch33f420\n|\n|t:|1698584175\n|move|p1a: Molly|Swords Dance|p1a: Molly\n|-boost|p1a: Molly|atk|2\n|move|p2a: Yveltal|Shadow Ball|p1a: Molly\n|-damage|p1a: Molly|73\/100\n|\n|upkeep\n|turn|3\n|c| masturch33f420|WE\u2019RE BACK?1?1?1?\n|c|\u2606ChrisTheTree256|wha\n|\n|t:|1698584185\n|move|p1a: Molly|Wild Charge|p2a: Yveltal\n|-supereffective|p2a: Yveltal\n|-damage|p2a: Yveltal|0 fnt\n|faint|p2a: Yveltal\n|-damage|p1a: Molly|43\/100|[from] Recoil\n|\n|upkeep\n|c|\u26061998 Mercedes-Benz|dw\n|\n|t:|1698584193\n|switch|p2a: Glimmora|Glimmora, M|100\/100\n|-damage|p2a: Glimmora|88\/100|[from] Stealth Rock\n|turn|4\n|\n|t:|1698584198\n|move|p2a: Glimmora|Spiky Shield|p2a: Glimmora\n|-singleturn|p2a: Glimmora|move: Protect\n|move|p1a: Molly|Behemoth Blade|p2a: Glimmora\n|-activate|p2a: Glimmora|move: Protect\n|-damage|p1a: Molly|30\/100|[from] Spiky Shield|[of] p2a: Glimmora\n|\n|upkeep\n|turn|5\n|\n|t:|1698584207\n|switch|p2a: Groudon|Groudon|100\/100\n|-damage|p2a: Groudon|94\/100|[from] Stealth Rock\n|detailschange|p2a: Groudon|Groudon-Primal\n|-primal|p2a: Groudon|Red Orb\n|-weather|DesolateLand|[from] ability: Desolate Land|[of] p2a: Groudon\n|move|p1a: Molly|Behemoth Blade|p2a: Groudon\n|-resisted|p2a: Groudon\n|-damage|p2a: Groudon|51\/100\n|\n|-weather|DesolateLand|[upkeep]\n|upkeep\n|turn|6\n|c| masturch33f420|cc time\n|c| masturch33f420|wait no you dont have cc\n|\n|t:|1698584231\n|move|p1a: Molly|Close Combat|p2a: Groudon\n|-damage|p2a: Groudon|0 fnt\n|-unboost|p1a: Molly|def|1\n|-unboost|p1a: Molly|spd|1\n|faint|p2a: Groudon\n|-weather|none\n|\n|upkeep\n|c|\u26061998 Mercedes-Benz|fall\n|c| masturch33f420|marsh rks but oh well\n|\n|t:|1698584243\n|switch|p2a: Zygarde|Zygarde|100\/100\n|-damage|p2a: Zygarde|94\/100|[from] Stealth Rock\n|turn|7\n|c| masturch33f420|COOK HIM\n|c| masturch33f420|hes gonna tera\n|c|\u2606ChrisTheTree256|mash would be outspeed and killed\n|c|\u26061998 Mercedes-Benz|naurr\n|c| masturch33f420|I can feel it in my balls\n|\n|t:|1698584266\n|-terastallize|p2a: Zygarde|Steel\n|move|p1a: Molly|Behemoth Blade|p2a: Zygarde\n|-resisted|p2a: Zygarde\n|-damage|p2a: Zygarde|41\/100\n|move|p2a: Zygarde|Thousand Arrows|p1a: Molly\n|-supereffective|p1a: Molly\n|-damage|p1a: Molly|0 fnt\n|faint|p1a: Molly\n|\n|-heal|p2a: Zygarde|47\/100|[from] item: Leftovers\n|-activate|p2a: Zygarde|ability: Power Construct\n|detailschange|p2a: Zygarde|Zygarde-Complete, tera:Steel\n|-heal|p2a: Zygarde|67\/100|[silent]\n|upkeep\n|c| masturch33f420|chris do you not have fucking\n|c|\u26061998 Mercedes-Benz|the one piece\n|c| masturch33f420|shadow sneak\n|inactive|1998 Mercedes-Benz has 120 seconds left.\n|\n|t:|1698584277\n|switch|p1a: Witness|Salamence, F|100\/100\n|-ability|p1a: Witness|Intimidate|boost\n|-unboost|p2a: Zygarde|atk|1\n|turn|8\n|c|\u2606ChrisTheTree256|I do\n|c| masturch33f420|it rks from that range\n|inactive|1998 Mercedes-Benz has 120 seconds left.\n|c| masturch33f420|Hes gonna glare\n|c| masturch33f420|hes gonna status\n|c|\u2606ChrisTheTree256|it does?\n|\n|t:|1698584292\n|switch|p1a: Bed of Roses|Ho-Oh, shiny|100\/100\n|move|p2a: Zygarde|Core Enforcer|p1a: Bed of Roses\n|-crit|p1a: Bed of Roses\n|-damage|p1a: Bed of Roses|76\/100\n|\n|-heal|p2a: Zygarde|73\/100|[from] item: Leftovers\n|upkeep\n|turn|9\n|c| masturch33f420|it does bro\n|c| masturch33f420|WHAT THE FUCK\n|c|\u26061998 Mercedes-Benz|what is that fake move\n|c| masturch33f420|MIXED ZYGOD\n|inactive|1998 Mercedes-Benz has 120 seconds left.\n|\n|t:|1698584306\n|move|p2a: Zygarde|Thousand Arrows|p1a: Bed of Roses\n|-damage|p1a: Bed of Roses|57\/100\n|-start|p1a: Bed of Roses|Smack Down\n|move|p1a: Bed of Roses|Sacred Fire|p2a: Zygarde\n|-supereffective|p2a: Zygarde\n|-damage|p2a: Zygarde|32\/100\n|\n|-heal|p2a: Zygarde|38\/100|[from] item: Leftovers\n|upkeep\n|turn|10\n|c| masturch33f420|ARE YOU FUCKING STUPID???????????\n|c|&|\/log masturch33f420 was locked from talking by Artemis. (\u2606masturch33f420: ARE YOU FUCKING STUPID???????????)\n|c|&|\/raw <small>This action was done automatically. Want to learn more about the AI? <a href=\"https:\/\/www.smogon.com\/forums\/threads\/3570628\/#post-9056769\">Visit the information thread<\/a>.<\/small>\n|c|\u2606ChrisTheTree256|yes\n|\n|t:|1698584316\n|switch|p1a: Witness|Salamence, F|100\/100\n|-ability|p1a: Witness|Intimidate|boost\n|-unboost|p2a: Zygarde|atk|1\n|move|p2a: Zygarde|Thousand Arrows|p1a: Witness\n|-damage|p1a: Witness|75\/100\n|-start|p1a: Witness|Smack Down\n|\n|-heal|p2a: Zygarde|44\/100|[from] item: Leftovers\n|upkeep\n|turn|11\n|c|\u26061998 Mercedes-Benz|LOL\n|c|\u26061998 Mercedes-Benz|bro got locked\n|\n|t:|1698584327\n|switch|p1a: Bed of Roses|Ho-Oh, shiny|91\/100\n|move|p2a: Zygarde|Haze|p2a: Zygarde\n|-clearallboost\n|\n|-heal|p2a: Zygarde|50\/100|[from] item: Leftovers\n|upkeep\n|turn|12\n|\n|t:|1698584331\n|move|p2a: Zygarde|Thousand Arrows|p1a: Bed of Roses\n|-damage|p1a: Bed of Roses|67\/100\n|-start|p1a: Bed of Roses|Smack Down\n|move|p1a: Bed of Roses|Sacred Fire|p2a: Zygarde\n|-supereffective|p2a: Zygarde\n|-damage|p2a: Zygarde|6\/100\n|\n|-heal|p2a: Zygarde|12\/100|[from] item: Leftovers\n|upkeep\n|turn|13\n|\n|t:|1698584338\n|move|p2a: Zygarde|Thousand Arrows|p1a: Bed of Roses\n|-supereffective|p1a: Bed of Roses\n|-damage|p1a: Bed of Roses|13\/100\n|move|p1a: Bed of Roses|Sacred Fire|p2a: Zygarde\n|-supereffective|p2a: Zygarde\n|-damage|p2a: Zygarde|0 fnt\n|faint|p2a: Zygarde\n|\n|upkeep\n|\n|t:|1698584344\n|switch|p2a: Glimmora|Glimmora, M|88\/100\n|-damage|p2a: Glimmora|76\/100|[from] Stealth Rock\n|turn|14\n|\n|t:|1698584351\n|move|p2a: Glimmora|Mortal Spin|p1a: Bed of Roses\n|-damage|p1a: Bed of Roses|9\/100\n|-status|p1a: Bed of Roses|psn\n|-sideend|p2: ChrisTheTree256|Stealth Rock|[from] move: Mortal Spin|[of] p2a: Glimmora\n|move|p1a: Bed of Roses|Recover|p1a: Bed of Roses\n|-heal|p1a: Bed of Roses|60\/100 psn\n|\n|-damage|p1a: Bed of Roses|47\/100 psn|[from] psn\n|upkeep\n|turn|15\n|\n|t:|1698584360\n|move|p2a: Glimmora|Power Gem|p1a: Bed of Roses\n|-supereffective|p1a: Bed of Roses\n|-damage|p1a: Bed of Roses|0 fnt\n|faint|p1a: Bed of Roses\n|\n|upkeep\n|\n|t:|1698584365\n|switch|p1a: Witness|Salamence, F|75\/100\n|-ability|p1a: Witness|Intimidate|boost\n|-unboost|p2a: Glimmora|atk|1\n|turn|16\n|\n|t:|1698584369\n|detailschange|p1a: Witness|Salamence-Mega, F\n|-mega|p1a: Witness|Salamence|Salamencite\n|move|p1a: Witness|Earthquake|p2a: Glimmora\n|-supereffective|p2a: Glimmora\n|-damage|p2a: Glimmora|0 fnt\n|faint|p2a: Glimmora\n|\n|upkeep\n|\n|t:|1698584378\n|switch|p2a: Marshadow|Marshadow|100\/100\n|turn|17\n|\n|t:|1698584383\n|move|p2a: Marshadow|Will-O-Wisp|p1a: Witness\n|-status|p1a: Witness|brn\n|move|p1a: Witness|Frustration|p2a: Marshadow\n|-supereffective|p2a: Marshadow\n|-enditem|p2a: Marshadow|Focus Sash\n|-damage|p2a: Marshadow|1\/100\n|\n|-damage|p1a: Witness|69\/100 brn|[from] brn\n|upkeep\n|turn|18\n|\n|t:|1698584397\n|move|p2a: Marshadow|Spectral Thief|p1a: Witness\n|-damage|p1a: Witness|33\/100 brn\n|move|p1a: Witness|Dragon Dance|p1a: Witness\n|-boost|p1a: Witness|atk|1\n|-boost|p1a: Witness|spe|1\n|\n|-damage|p1a: Witness|27\/100 brn|[from] brn\n|upkeep\n|turn|19\n|\n|t:|1698584404\n|move|p2a: Marshadow|Shadow Sneak|p1a: Witness\n|-damage|p1a: Witness|1\/100 brn\n|move|p1a: Witness|Frustration|p2a: Marshadow\n|-supereffective|p2a: Marshadow\n|-damage|p2a: Marshadow|0 fnt\n|faint|p2a: Marshadow\n|\n|-damage|p1a: Witness|0 fnt|[from] brn\n|faint|p1a: Witness\n|upkeep\n|\n|t:|1698584413\n|switch|p2a: Mawile|Mawile, M|100\/100\n|switch|p1a: Stupid MF|Kyogre|100\/100\n|-ability|p2a: Mawile|Intimidate|boost\n|-unboost|p1a: Stupid MF|atk|1\n|detailschange|p1a: Stupid MF|Kyogre-Primal\n|-primal|p1a: Stupid MF|Blue Orb\n|-weather|PrimordialSea|[from] ability: Primordial Sea|[of] p1a: Stupid MF\n|turn|20\n|\n|t:|1698584422\n|detailschange|p2a: Mawile|Mawile-Mega, M\n|-mega|p2a: Mawile|Mawile|Mawilite\n|move|p1a: Stupid MF|Water Spout|p2a: Mawile\n|-damage|p2a: Mawile|0 fnt\n|faint|p2a: Mawile\n|\n|win|1998 Mercedes-Benz\n|raw|1998 Mercedes-Benz's rating: 1336 &rarr; <strong>1357<\/strong><br \/>(+21 for winning)\n|raw|ChrisTheTree256's rating: 1361 &rarr; <strong>1340<\/strong><br \/>(-21 for losing)\n","uploadtime":1698584307,"views":11,"p1id":"1998mercedesbenz","p2id":"christhetree256","formatid":"gen9nationaldexubers","rating":1340,"private":0,"password":""}