{"id":"gen9nationaldexubers-1999426779","p1":"Nico Burro","p2":"Th3Soci3ty","format":"[Gen 9] National Dex Ubers","log":"|j|\u2606Nico Burro\n|j|\u2606Th3Soci3ty\n|t:|1701078636\n|gametype|singles\n|player|p1|Nico Burro|drayden|1055\n|player|p2|Th3Soci3ty|zinzolin|1067\n|teamsize|p1|6\n|teamsize|p2|6\n|gen|9\n|tier|[Gen 9] National Dex Ubers\n|rated|\n|rule|HP Percentage Mod: HP is shown in percentages\n|rule|Endless Battle Clause: Forcing endless battles is banned\n|rule|OHKO Clause: OHKO moves are banned\n|rule|Evasion Moves Clause: Evasion moves are banned\n|rule|Evasion Items Clause: Evasion items are banned\n|rule|Species Clause: Limit one of each Pok\u00e9mon\n|rule|Sleep Clause Mod: Limit one foe put to sleep\n|rule|Mega Rayquaza Clause: You cannot mega evolve Rayquaza\n|clearpoke\n|poke|p1|Garchomp, F|\n|poke|p1|Florges-Yellow, F|\n|poke|p1|Volcarona, F|\n|poke|p1|Drapion, F|\n|poke|p1|Zeraora|\n|poke|p1|Dondozo, M|\n|poke|p2|Glimmora, F|\n|poke|p2|Sneasler, M|\n|poke|p2|Dusclops, F|\n|poke|p2|Garganacl, M|\n|poke|p2|Noivern, F|\n|poke|p2|Mamoswine, M|\n|teampreview\n|\n|t:|1701078641\n|start\n|switch|p1a: Rawwwr|Garchomp, F, shiny|100\/100\n|switch|p2a: Glimmora|Glimmora, F|100\/100\n|turn|1\n|\n|t:|1701078644\n|detailschange|p1a: Rawwwr|Garchomp-Mega, F, shiny\n|-mega|p1a: Rawwwr|Garchomp|Garchompite\n|move|p1a: Rawwwr|Swords Dance|p1a: Rawwwr\n|-boost|p1a: Rawwwr|atk|2\n|move|p2a: Glimmora|Stealth Rock|p1a: Rawwwr\n|-sidestart|p1: Nico Burro|move: Stealth Rock\n|\n|upkeep\n|turn|2\n|\n|t:|1701078651\n|move|p1a: Rawwwr|Earthquake|p2a: Glimmora\n|-supereffective|p2a: Glimmora\n|-enditem|p2a: Glimmora|Focus Sash\n|-damage|p2a: Glimmora|1\/100\n|-activate|p2a: Glimmora|ability: Toxic Debris\n|-sidestart|p1: Nico Burro|move: Toxic Spikes\n|move|p2a: Glimmora|Mortal Spin|p1a: Rawwwr\n|-resisted|p1a: Rawwwr\n|-damage|p1a: Rawwwr|98\/100\n|-status|p1a: Rawwwr|psn\n|\n|-damage|p1a: Rawwwr|85\/100 psn|[from] psn\n|upkeep\n|turn|3\n|\n|t:|1701078662\n|move|p1a: Rawwwr|Dragon Claw|p2a: Glimmora\n|-damage|p2a: Glimmora|0 fnt\n|-activate|p2a: Glimmora|ability: Toxic Debris\n|-sidestart|p1: Nico Burro|move: Toxic Spikes\n|faint|p2a: Glimmora\n|\n|-damage|p1a: Rawwwr|73\/100 psn|[from] psn\n|upkeep\n|\n|t:|1701078665\n|switch|p2a: Mamoswine|Mamoswine, M|100\/100\n|turn|4\n|\n|t:|1701078671\n|move|p2a: Mamoswine|Ice Shard|p1a: Rawwwr\n|-supereffective|p1a: Rawwwr\n|-damage|p1a: Rawwwr|0 fnt\n|faint|p1a: Rawwwr\n|-damage|p2a: Mamoswine|91\/100|[from] item: Life Orb\n|\n|upkeep\n|\n|t:|1701078685\n|switch|p1a: Zeraora|Zeraora, shiny|100\/100\n|turn|5\n|\n|t:|1701078689\n|move|p1a: Zeraora|Fire Punch|p2a: Mamoswine\n|-supereffective|p2a: Mamoswine\n|-damage|p2a: Mamoswine|65\/100\n|move|p2a: Mamoswine|Earthquake|p1a: Zeraora\n|-supereffective|p1a: Zeraora\n|-damage|p1a: Zeraora|0 fnt\n|faint|p1a: Zeraora\n|-damage|p2a: Mamoswine|55\/100|[from] item: Life Orb\n|\n|upkeep\n|\n|t:|1701078700\n|switch|p1a: Dondozo|Dondozo, M, shiny|100\/100\n|-damage|p1a: Dondozo|88\/100|[from] Stealth Rock\n|-status|p1a: Dondozo|tox\n|turn|6\n|\n|t:|1701078704\n|move|p2a: Mamoswine|Earthquake|p1a: Dondozo\n|-damage|p1a: Dondozo|48\/100 tox\n|-damage|p2a: Mamoswine|45\/100|[from] item: Life Orb\n|move|p1a: Dondozo|Wave Crash|p2a: Mamoswine\n|-supereffective|p2a: Mamoswine\n|-damage|p2a: Mamoswine|0 fnt\n|faint|p2a: Mamoswine\n|-damage|p1a: Dondozo|37\/100 tox|[from] Recoil\n|\n|-heal|p1a: Dondozo|43\/100 tox|[from] item: Leftovers\n|-damage|p1a: Dondozo|37\/100 tox|[from] psn\n|upkeep\n|\n|t:|1701078714\n|switch|p2a: Sneasler|Sneasler, M|100\/100\n|turn|7\n|\n|t:|1701078720\n|move|p2a: Sneasler|Fake Out|p1a: Dondozo\n|-damage|p1a: Dondozo|29\/100 tox\n|cant|p1a: Dondozo|flinch\n|\n|-heal|p1a: Dondozo|35\/100 tox|[from] item: Leftovers\n|-damage|p1a: Dondozo|23\/100 tox|[from] psn\n|upkeep\n|turn|8\n|\n|t:|1701078725\n|move|p2a: Sneasler|Dire Claw|p1a: Dondozo\n|-damage|p1a: Dondozo|0 fnt\n|faint|p1a: Dondozo\n|\n|upkeep\n|\n|t:|1701078730\n|switch|p1a: Boobies|Drapion, F, shiny|100\/100\n|-damage|p1a: Boobies|88\/100|[from] Stealth Rock\n|-sideend|p1: Nico Burro|move: Toxic Spikes|[of] p1a: Boobies\n|turn|9\n|\n|t:|1701078737\n|move|p2a: Sneasler|Dire Claw|p1a: Boobies\n|-resisted|p1a: Boobies\n|-damage|p1a: Boobies|64\/100\n|move|p1a: Boobies|Earthquake|p2a: Sneasler\n|-supereffective|p2a: Sneasler\n|-damage|p2a: Sneasler|5\/100\n|\n|upkeep\n|turn|10\n|\n|t:|1701078747\n|move|p2a: Sneasler|U-turn|p1a: Boobies\n|-damage|p1a: Boobies|37\/100\n|\n|t:|1701078749\n|switch|p2a: Noivern|Noivern, F|100\/100|[from] U-turn\n|move|p1a: Boobies|Night Slash|p2a: Noivern\n|-damage|p2a: Noivern|62\/100\n|\n|upkeep\n|turn|11\n|\n|t:|1701078758\n|move|p2a: Noivern|Dragon Pulse|p1a: Boobies\n|-damage|p1a: Boobies|0 fnt\n|faint|p1a: Boobies\n|\n|upkeep\n|\n|t:|1701078763\n|switch|p1a: Smell my flowers|Florges-Yellow, F, shiny|100\/100\n|-damage|p1a: Smell my flowers|88\/100|[from] Stealth Rock\n|turn|12\n|\n|t:|1701078767\n|-zpower|p2a: Noivern\n|move|p2a: Noivern|Supersonic Skystrike|p1a: Smell my flowers|[zeffect]\n|-damage|p1a: Smell my flowers|39\/100\n|move|p1a: Smell my flowers|Moonblast|p2a: Noivern\n|-supereffective|p2a: Noivern\n|-damage|p2a: Noivern|0 fnt\n|faint|p2a: Noivern\n|\n|upkeep\n|\n|t:|1701078777\n|switch|p2a: Sneasler|Sneasler, M|5\/100\n|turn|13\n|\n|t:|1701078781\n|move|p2a: Sneasler|Fake Out|p1a: Smell my flowers\n|-crit|p1a: Smell my flowers\n|-damage|p1a: Smell my flowers|13\/100\n|-status|p1a: Smell my flowers|psn|[from] ability: Poison Touch|[of] p2a: Sneasler\n|cant|p1a: Smell my flowers|flinch\n|\n|-damage|p1a: Smell my flowers|1\/100 psn|[from] psn\n|upkeep\n|turn|14\n|\n|t:|1701078784\n|move|p2a: Sneasler|U-turn|p1a: Smell my flowers\n|-resisted|p1a: Smell my flowers\n|-damage|p1a: Smell my flowers|0 fnt\n|faint|p1a: Smell my flowers\n|\n|t:|1701078786\n|switch|p2a: Garganacl|Garganacl, M|100\/100|[from] U-turn\n|\n|upkeep\n|\n|t:|1701078799\n|switch|p1a: Fatso|Volcarona, F|100\/100\n|-damage|p1a: Fatso|51\/100|[from] Stealth Rock\n|turn|15\n|\n|t:|1701078806\n|move|p1a: Fatso|Bug Buzz|p2a: Garganacl\n|-damage|p2a: Garganacl|51\/100\n|move|p2a: Garganacl|Salt Cure|p1a: Fatso\n|-supereffective|p1a: Fatso\n|-damage|p1a: Fatso|0 fnt\n|faint|p1a: Fatso\n|\n|win|Th3Soci3ty\n|raw|Nico Burro's rating: 1055 &rarr; <strong>1037<\/strong><br \/>(-18 for losing)\n|raw|Th3Soci3ty's rating: 1067 &rarr; <strong>1096<\/strong><br \/>(+29 for winning)\n","uploadtime":1701078811,"views":2,"p1id":"nicoburro","p2id":"th3soci3ty","formatid":"gen9nationaldexubers","rating":1037,"private":0,"password":""}