{"id":"gen9nationaldexubers-1983390235","p1":"TACOB3I","p2":"whatdoesalt+f4do","format":"[Gen 9] National Dex Ubers","log":"|j|\u2606TACOB3I\n|j|\u2606whatdoesalt+f4do\n|t:|1699125085\n|gametype|singles\n|player|p1|TACOB3I|ghetsis|1415\n|player|p2|whatdoesalt+f4do|swimmer|1440\n|teamsize|p1|6\n|teamsize|p2|6\n|gen|9\n|tier|[Gen 9] National Dex Ubers\n|rated|\n|rule|HP Percentage Mod: HP is shown in percentages\n|rule|Endless Battle Clause: Forcing endless battles is banned\n|rule|OHKO Clause: OHKO moves are banned\n|rule|Evasion Moves Clause: Evasion moves are banned\n|rule|Evasion Items Clause: Evasion items are banned\n|rule|Species Clause: Limit one of each Pok\u00e9mon\n|rule|Sleep Clause Mod: Limit one foe put to sleep\n|rule|Mega Rayquaza Clause: You cannot mega evolve Rayquaza\n|clearpoke\n|poke|p1|Groudon|\n|poke|p1|Rayquaza|\n|poke|p1|Kangaskhan, F|\n|poke|p1|Kingambit, F|\n|poke|p1|Grimmsnarl, M|\n|poke|p1|Kyogre|\n|poke|p2|Yveltal|\n|poke|p2|Groudon|\n|poke|p2|Ditto|\n|poke|p2|Kangaskhan, F|\n|poke|p2|Kyurem-White|\n|poke|p2|Zygarde|\n|teampreview\n|\n|t:|1699125098\n|start\n|switch|p1a: Groudon|Groudon|100\/100\n|switch|p2a: Zygarde|Zygarde, shiny|100\/100\n|detailschange|p1a: Groudon|Groudon-Primal\n|-primal|p1a: Groudon|Red Orb\n|-weather|DesolateLand|[from] ability: Desolate Land|[of] p1a: Groudon\n|turn|1\n|\n|t:|1699125103\n|-weather|none\n|switch|p1a: Rayquaza|Rayquaza|100\/100\n|-ability|p1a: Rayquaza|Air Lock\n|move|p2a: Zygarde|Coil|p2a: Zygarde\n|-boost|p2a: Zygarde|atk|1\n|-boost|p2a: Zygarde|def|1\n|-boost|p2a: Zygarde|accuracy|1\n|\n|upkeep\n|turn|2\n|\n|t:|1699125113\n|-terastallize|p2a: Zygarde|Steel\n|move|p1a: Rayquaza|Draco Meteor|p2a: Zygarde\n|-resisted|p2a: Zygarde\n|-damage|p2a: Zygarde|62\/100\n|-unboost|p1a: Rayquaza|spa|2\n|-damage|p1a: Rayquaza|91\/100|[from] item: Life Orb\n|move|p2a: Zygarde|Dragon Tail|p1a: Rayquaza\n|-supereffective|p1a: Rayquaza\n|-damage|p1a: Rayquaza|14\/100\n|drag|p1a: \ud83d\ude08|Grimmsnarl, M|100\/100\n|\n|-heal|p2a: Zygarde|68\/100|[from] item: Leftovers\n|upkeep\n|turn|3\n|\n|t:|1699125123\n|move|p1a: \ud83d\ude08|Thunder Wave|p2a: Zygarde\n|-status|p2a: Zygarde|par\n|move|p2a: Zygarde|Thousand Arrows|p1a: \ud83d\ude08\n|-damage|p1a: \ud83d\ude08|47\/100\n|\n|-heal|p2a: Zygarde|74\/100 par|[from] item: Leftovers\n|upkeep\n|turn|4\n|\n|t:|1699125126\n|move|p1a: \ud83d\ude08|Taunt|p2a: Zygarde\n|-start|p2a: Zygarde|move: Taunt\n|cant|p2a: Zygarde|move: Taunt|Rest\n|\n|-heal|p2a: Zygarde|80\/100 par|[from] item: Leftovers\n|upkeep\n|turn|5\n|\n|t:|1699125128\n|move|p1a: \ud83d\ude08|Reflect|p1a: \ud83d\ude08\n|-sidestart|p1: TACOB3I|Reflect\n|move|p2a: Zygarde|Thousand Arrows|p1a: \ud83d\ude08\n|-damage|p1a: \ud83d\ude08|23\/100\n|\n|-heal|p2a: Zygarde|87\/100 par|[from] item: Leftovers\n|upkeep\n|turn|6\n|\n|t:|1699125131\n|move|p1a: \ud83d\ude08|Light Screen|p1a: \ud83d\ude08\n|-sidestart|p1: TACOB3I|move: Light Screen\n|move|p2a: Zygarde|Thousand Arrows|p1a: \ud83d\ude08\n|-damage|p1a: \ud83d\ude08|0 fnt\n|faint|p1a: \ud83d\ude08\n|\n|-heal|p2a: Zygarde|93\/100 par|[from] item: Leftovers\n|-end|p2a: Zygarde|move: Taunt\n|upkeep\n|\n|t:|1699125142\n|switch|p1a: Kyogre|Kyogre|100\/100\n|detailschange|p1a: Kyogre|Kyogre-Primal\n|-primal|p1a: Kyogre|Blue Orb\n|-weather|PrimordialSea|[from] ability: Primordial Sea|[of] p1a: Kyogre\n|turn|7\n|\n|t:|1699125148\n|switch|p2a: Groudon|Groudon, shiny|100\/100\n|detailschange|p2a: Groudon|Groudon-Primal, shiny\n|-primal|p2a: Groudon|Red Orb\n|-weather|DesolateLand|[from] ability: Desolate Land|[of] p2a: Groudon\n|move|p1a: Kyogre|Water Spout||[still]\n|-fail|p1a: Kyogre|Water Spout|[from] Desolate Land\n|\n|-weather|DesolateLand|[upkeep]\n|upkeep\n|turn|8\n|\n|t:|1699125151\n|switch|p1a: Rayquaza|Rayquaza|14\/100\n|-ability|p1a: Rayquaza|Air Lock\n|move|p2a: Groudon|Stealth Rock|p1a: Rayquaza\n|-sidestart|p1: TACOB3I|move: Stealth Rock\n|\n|-weather|DesolateLand|[upkeep]\n|upkeep\n|turn|9\n|\n|t:|1699125158\n|move|p1a: Rayquaza|Surf|p2a: Groudon\n|-supereffective|p2a: Groudon\n|-damage|p2a: Groudon|0 fnt\n|faint|p2a: Groudon\n|-weather|none\n|-damage|p1a: Rayquaza|4\/100|[from] item: Life Orb\n|\n|upkeep\n|\n|t:|1699125166\n|switch|p2a: Kangaskhan|Kangaskhan, F, shiny|100\/100\n|turn|10\n|\n|t:|1699125170\n|detailschange|p2a: Kangaskhan|Kangaskhan-Mega, F, shiny\n|-mega|p2a: Kangaskhan|Kangaskhan|Kangaskhanite\n|move|p2a: Kangaskhan|Fake Out|p1a: Rayquaza\n|-damage|p1a: Rayquaza|0 fnt\n|faint|p1a: Rayquaza\n|-hitcount|p1: Rayquaza|1\n|\n|upkeep\n|\n|t:|1699125173\n|switch|p1a: Kangaskhan|Kangaskhan, F|100\/100\n|-damage|p1a: Kangaskhan|88\/100|[from] Stealth Rock\n|turn|11\n|\n|t:|1699125177\n|detailschange|p1a: Kangaskhan|Kangaskhan-Mega, F\n|-mega|p1a: Kangaskhan|Kangaskhan|Kangaskhanite\n|move|p1a: Kangaskhan|Fake Out|p2a: Kangaskhan\n|-damage|p2a: Kangaskhan|85\/100\n|-crit|p2a: Kangaskhan\n|-damage|p2a: Kangaskhan|79\/100\n|-hitcount|p2a: Kangaskhan|2\n|cant|p2a: Kangaskhan|flinch\n|\n|upkeep\n|turn|12\n|\n|t:|1699125181\n|move|p1a: Kangaskhan|Seismic Toss|p2a: Kangaskhan\n|-damage|p2a: Kangaskhan|55\/100\n|-damage|p2a: Kangaskhan|30\/100\n|-hitcount|p2a: Kangaskhan|2\n|move|p2a: Kangaskhan|Body Slam|p1a: Kangaskhan\n|-damage|p1a: Kangaskhan|68\/100\n|-status|p1a: Kangaskhan|par\n|-damage|p1a: Kangaskhan|63\/100 par\n|-hitcount|p1a: Kangaskhan|2\n|\n|-sideend|p1: TACOB3I|Reflect\n|upkeep\n|turn|13\n|\n|t:|1699125196\n|move|p2a: Kangaskhan|Seismic Toss|p1a: Kangaskhan\n|-damage|p1a: Kangaskhan|36\/100 par\n|-damage|p1a: Kangaskhan|10\/100 par\n|-hitcount|p1a: Kangaskhan|2\n|move|p1a: Kangaskhan|Seismic Toss|p2a: Kangaskhan\n|-damage|p2a: Kangaskhan|6\/100\n|-damage|p2a: Kangaskhan|0 fnt\n|faint|p2a: Kangaskhan\n|-hitcount|p2: Kangaskhan|2\n|\n|-sideend|p1: TACOB3I|move: Light Screen\n|upkeep\n|\n|t:|1699125204\n|switch|p2a: Yveltal|Yveltal, shiny|100\/100\n|-ability|p2a: Yveltal|Dark Aura\n|turn|14\n|\n|t:|1699125219\n|move|p2a: Yveltal|Dark Pulse|p1a: Kangaskhan\n|-damage|p1a: Kangaskhan|0 fnt\n|faint|p1a: Kangaskhan\n|\n|upkeep\n|\n|t:|1699125223\n|switch|p1a: Kyogre|Kyogre-Primal|100\/100\n|-damage|p1a: Kyogre|88\/100|[from] Stealth Rock\n|-weather|PrimordialSea|[from] ability: Primordial Sea|[of] p1a: Kyogre\n|turn|15\n|\n|t:|1699125234\n|move|p2a: Yveltal|Dark Pulse|p1a: Kyogre\n|-crit|p1a: Kyogre\n|-damage|p1a: Kyogre|38\/100\n|move|p1a: Kyogre|Thunder|p2a: Yveltal\n|-supereffective|p2a: Yveltal\n|-damage|p2a: Yveltal|2\/100\n|\n|-weather|PrimordialSea|[upkeep]\n|upkeep\n|turn|16\n|\n|t:|1699125237\n|move|p2a: Yveltal|Dark Pulse|p1a: Kyogre\n|-damage|p1a: Kyogre|5\/100\n|cant|p1a: Kyogre|flinch\n|\n|-weather|PrimordialSea|[upkeep]\n|upkeep\n|turn|17\n|\n|t:|1699125241\n|move|p2a: Yveltal|Dark Pulse|p1a: Kyogre\n|-damage|p1a: Kyogre|0 fnt\n|faint|p1a: Kyogre\n|-weather|none\n|\n|upkeep\n|\n|t:|1699125246\n|switch|p1a: Gabriel gambit|Kingambit, F|100\/100\n|-damage|p1a: Gabriel gambit|94\/100|[from] Stealth Rock\n|-activate|p1a: Gabriel gambit|ability: Supreme Overlord\n|-start|p1a: Gabriel gambit|fallen4|[silent]\n|turn|18\n|\n|t:|1699125250\n|move|p1a: Gabriel gambit|Sucker Punch|p2a: Yveltal\n|-resisted|p2a: Yveltal\n|-damage|p2a: Yveltal|0 fnt\n|faint|p2a: Yveltal\n|\n|upkeep\n|\n|t:|1699125252\n|switch|p2a: Zygarde|Zygarde, shiny, tera:Steel|93\/100 par\n|turn|19\n|\n|t:|1699125257\n|move|p1a: Gabriel gambit|Low Kick|p2a: Zygarde\n|-supereffective|p2a: Zygarde\n|-damage|p2a: Zygarde|26\/100 par\n|cant|p2a: Zygarde|par\n|\n|-heal|p2a: Zygarde|32\/100 par|[from] item: Leftovers\n|-activate|p2a: Zygarde|ability: Power Construct\n|detailschange|p2a: Zygarde|Zygarde-Complete, shiny, tera:Steel\n|-heal|p2a: Zygarde|56\/100 par|[silent]\n|upkeep\n|turn|20\n|\n|t:|1699125267\n|move|p1a: Gabriel gambit|Low Kick|p2a: Zygarde\n|-supereffective|p2a: Zygarde\n|-damage|p2a: Zygarde|13\/100 par\n|move|p2a: Zygarde|Thousand Arrows|p1a: Gabriel gambit\n|-supereffective|p1a: Gabriel gambit\n|-damage|p1a: Gabriel gambit|49\/100\n|-enditem|p1a: Gabriel gambit|Weakness Policy\n|-boost|p1a: Gabriel gambit|atk|2|[from] item: Weakness Policy\n|-boost|p1a: Gabriel gambit|spa|2|[from] item: Weakness Policy\n|\n|-heal|p2a: Zygarde|19\/100 par|[from] item: Leftovers\n|upkeep\n|turn|21\n|\n|t:|1699125274\n|move|p1a: Gabriel gambit|Low Kick|p2a: Zygarde\n|-supereffective|p2a: Zygarde\n|-damage|p2a: Zygarde|0 fnt\n|faint|p2a: Zygarde\n|\n|upkeep\n|\n|t:|1699125280\n|switch|p2a: Ditto|Ditto|100\/100\n|-transform|p2a: Ditto|p1a: Gabriel gambit|[from] ability: Imposter\n|-activate|p2a: Ditto|ability: Supreme Overlord\n|-start|p2a: Ditto|fallen4|[silent]\n|turn|22\n|\n|t:|1699125288\n|-terastallize|p1a: Gabriel gambit|Flying\n|move|p2a: Ditto|Low Kick|p1a: Gabriel gambit\n|-resisted|p1a: Gabriel gambit\n|-damage|p1a: Gabriel gambit|9\/100\n|move|p1a: Gabriel gambit|Low Kick|p2a: Ditto\n|-supereffective|p2a: Ditto\n|-damage|p2a: Ditto|0 fnt\n|faint|p2a: Ditto\n|-end|p2a: Ditto|fallen4|[silent]\n|\n|upkeep\n|\n|t:|1699125298\n|switch|p2a: Kyurem|Kyurem-White, shiny|100\/100\n|-ability|p2a: Kyurem|Turboblaze\n|turn|23\n|\n|t:|1699125302\n|move|p1a: Gabriel gambit|Sucker Punch|p2a: Kyurem\n|-damage|p2a: Kyurem|0 fnt\n|faint|p2a: Kyurem\n|\n|win|TACOB3I\n|raw|TACOB3I's rating: 1415 &rarr; <strong>1436<\/strong><br \/>(+21 for winning)\n|raw|whatdoesalt+f4do's rating: 1440 &rarr; <strong>1419<\/strong><br \/>(-21 for losing)\n|l|\u2606whatdoesalt+f4do\n","uploadtime":1699125309,"views":4,"p1id":"tacob3i","p2id":"whatdoesaltf4do","formatid":"gen9nationaldexubers","rating":1419,"private":0,"password":""}