{"id":"gen9nationaldexubers-1981132392","p1":"Dontoutpizzathehut","p2":"justhavefun<3","format":"[Gen 9] National Dex Ubers","log":"|j|\u2606Dontoutpizzathehut\n|j|\u2606justhavefun<3\n|t:|1698866152\n|gametype|singles\n|player|p1|Dontoutpizzathehut|2|1403\n|player|p2|justhavefun<3|169|1411\n|teamsize|p1|6\n|teamsize|p2|6\n|gen|9\n|tier|[Gen 9] National Dex Ubers\n|rated|\n|rule|HP Percentage Mod: HP is shown in percentages\n|rule|Endless Battle Clause: Forcing endless battles is banned\n|rule|OHKO Clause: OHKO moves are banned\n|rule|Evasion Moves Clause: Evasion moves are banned\n|rule|Evasion Items Clause: Evasion items are banned\n|rule|Species Clause: Limit one of each Pok\u00e9mon\n|rule|Sleep Clause Mod: Limit one foe put to sleep\n|rule|Mega Rayquaza Clause: You cannot mega evolve Rayquaza\n|clearpoke\n|poke|p1|Calyrex-Ice|\n|poke|p1|Kartana|\n|poke|p1|Blastoise, M|\n|poke|p1|Tapu Koko|\n|poke|p1|Zekrom|\n|poke|p1|Marshadow|\n|poke|p2|Ho-Oh|\n|poke|p2|Toxapex, F|\n|poke|p2|Amoonguss, F|\n|poke|p2|Cyclizar, M|\n|poke|p2|Tangrowth, F|\n|poke|p2|Slowbro, M|\n|teampreview\n|inactive|Battle timer is ON: inactive players will automatically lose when time's up. (requested by Dontoutpizzathehut)\n|c|\u2606justhavefun<3|salut sale fils de p\n|\n|t:|1698866162\n|start\n|switch|p1a: Tapu Koko|Tapu Koko|100\/100\n|switch|p2a: Tangrowth|Tangrowth, F|100\/100\n|-fieldstart|move: Electric Terrain|[from] ability: Electric Surge|[of] p1a: Tapu Koko\n|turn|1\n|\n|t:|1698866170\n|move|p1a: Tapu Koko|Nature's Madness|p2a: Tangrowth\n|-damage|p2a: Tangrowth|50\/100\n|move|p2a: Tangrowth|Leech Seed|p1a: Tapu Koko\n|-start|p1a: Tapu Koko|move: Leech Seed\n|\n|-heal|p2a: Tangrowth|57\/100|[from] item: Leftovers\n|-damage|p1a: Tapu Koko|88\/100|[from] Leech Seed|[of] p2a: Tangrowth\n|-heal|p2a: Tangrowth|65\/100|[silent]\n|upkeep\n|turn|2\n|\n|t:|1698866175\n|move|p1a: Tapu Koko|Nature's Madness|p2a: Tangrowth\n|-damage|p2a: Tangrowth|33\/100\n|move|p2a: Tangrowth|Substitute|p2a: Tangrowth\n|-start|p2a: Tangrowth|Substitute\n|-damage|p2a: Tangrowth|8\/100\n|\n|-heal|p2a: Tangrowth|14\/100|[from] item: Leftovers\n|-damage|p1a: Tapu Koko|76\/100|[from] Leech Seed|[of] p2a: Tangrowth\n|-heal|p2a: Tangrowth|23\/100|[silent]\n|upkeep\n|turn|3\n|\n|t:|1698866179\n|move|p2a: Tangrowth|Protect|p2a: Tangrowth\n|-singleturn|p2a: Tangrowth|Protect\n|move|p1a: Tapu Koko|Brave Bird|p2a: Tangrowth\n|-activate|p2a: Tangrowth|move: Protect\n|\n|-heal|p2a: Tangrowth|29\/100|[from] item: Leftovers\n|-damage|p1a: Tapu Koko|63\/100|[from] Leech Seed|[of] p2a: Tangrowth\n|-heal|p2a: Tangrowth|38\/100|[silent]\n|upkeep\n|turn|4\n|\n|t:|1698866182\n|move|p1a: Tapu Koko|Brave Bird|p2a: Tangrowth\n|-supereffective|p2a: Tangrowth\n|-end|p2a: Tangrowth|Substitute\n|-damage|p1a: Tapu Koko|51\/100|[from] Recoil|[of] p2a: Tangrowth\n|move|p2a: Tangrowth|Giga Drain|p1a: Tapu Koko\n|-damage|p1a: Tapu Koko|14\/100\n|-heal|p2a: Tangrowth|51\/100|[from] drain|[of] p1a: Tapu Koko\n|\n|-heal|p2a: Tangrowth|57\/100|[from] item: Leftovers\n|-damage|p1a: Tapu Koko|1\/100|[from] Leech Seed|[of] p2a: Tangrowth\n|-heal|p2a: Tangrowth|66\/100|[silent]\n|upkeep\n|turn|5\n|\n|t:|1698866193\n|-terastallize|p2a: Tangrowth|Water\n|move|p1a: Tapu Koko|Volt Switch|p2a: Tangrowth\n|-supereffective|p2a: Tangrowth\n|-damage|p2a: Tangrowth|0 fnt\n|faint|p2a: Tangrowth\n|\n|t:|1698866200\n|switch|p1a: Blastoise|Blastoise, M|100\/100|[from] Volt Switch\n|\n|-fieldend|move: Electric Terrain\n|upkeep\n|c|\u2606justhavefun<3|encore un fils de p qui a que de la chance\n|\n|t:|1698866211\n|switch|p2a: Amoonguss|Amoonguss, F|100\/100\n|turn|6\n|\n|t:|1698866216\n|switch|p1a: Kartana|Kartana|100\/100\n|move|p2a: Amoonguss|Spore|p1a: Kartana\n|-immune|p1a: Kartana\n|\n|upkeep\n|turn|7\n|\n|t:|1698866223\n|switch|p2a: Ho-Oh|Ho-Oh|100\/100\n|move|p1a: Kartana|Knock Off|p2a: Ho-Oh\n|-damage|p2a: Ho-Oh|59\/100\n|-enditem|p2a: Ho-Oh|Heavy-Duty Boots|[from] move: Knock Off|[of] p1a: Kartana\n|\n|upkeep\n|turn|8\n|\n|t:|1698866235\n|switch|p1a: Blastoise|Blastoise, M|100\/100\n|move|p2a: Ho-Oh|Sacred Fire|p1a: Blastoise\n|-resisted|p1a: Blastoise\n|-damage|p1a: Blastoise|77\/100\n|\n|upkeep\n|turn|9\n|c|\u2606justhavefun<3|grouille toi de jouer salope\n|\n|t:|1698866242\n|detailschange|p1a: Blastoise|Blastoise-Mega, M\n|-mega|p1a: Blastoise|Blastoise|Blastoisinite\n|move|p1a: Blastoise|Shell Smash|p1a: Blastoise\n|-unboost|p1a: Blastoise|def|1\n|-unboost|p1a: Blastoise|spd|1\n|-boost|p1a: Blastoise|atk|2\n|-boost|p1a: Blastoise|spa|2\n|-boost|p1a: Blastoise|spe|2\n|move|p2a: Ho-Oh|Whirlwind|p1a: Blastoise\n|drag|p1a: Zekrom|Zekrom|100\/100\n|-ability|p1a: Zekrom|Teravolt\n|\n|upkeep\n|turn|10\n|\n|t:|1698866247\n|switch|p2a: Amoonguss|Amoonguss, F|100\/100\n|move|p1a: Zekrom|Bolt Strike|p2a: Amoonguss\n|-resisted|p2a: Amoonguss\n|-damage|p2a: Amoonguss|62\/100\n|-status|p2a: Amoonguss|par\n|\n|-heal|p2a: Amoonguss|68\/100 par|[from] item: Black Sludge\n|upkeep\n|turn|11\n|\n|t:|1698866252\n|switch|p1a: Kartana|Kartana|100\/100\n|switch|p2a: Ho-Oh|Ho-Oh|93\/100\n|\n|upkeep\n|turn|12\n|\n|t:|1698866265\n|switch|p1a: Tapu Koko|Tapu Koko|1\/100\n|-fieldstart|move: Electric Terrain|[from] ability: Electric Surge|[of] p1a: Tapu Koko\n|move|p2a: Ho-Oh|Sacred Fire|p1a: Tapu Koko\n|-damage|p1a: Tapu Koko|0 fnt\n|faint|p1a: Tapu Koko\n|\n|upkeep\n|\n|t:|1698866269\n|switch|p1a: Blastoise|Blastoise-Mega, M|77\/100\n|turn|13\n|\n|t:|1698866272\n|move|p1a: Blastoise|Terrain Pulse|p2a: Ho-Oh\n|-supereffective|p2a: Ho-Oh\n|-damage|p2a: Ho-Oh|45\/100\n|move|p2a: Ho-Oh|Whirlwind|p1a: Blastoise\n|drag|p1a: Calyrex|Calyrex-Ice|100\/100\n|-ability|p1a: Calyrex|As One\n|-ability|p1a: Calyrex|Unnerve\n|\n|upkeep\n|turn|14\n|j| M3u2\n|\n|t:|1698866280\n|switch|p2a: Toxapex|Toxapex, F|100\/100\n|move|p1a: Calyrex|Trick Room|p1a: Calyrex\n|-fieldstart|move: Trick Room|[of] p1a: Calyrex\n|\n|upkeep\n|turn|15\n|\n|t:|1698866284\n|-terastallize|p1a: Calyrex|Ground\n|move|p2a: Toxapex|Scald|p1a: Calyrex\n|-supereffective|p1a: Calyrex\n|-damage|p1a: Calyrex|79\/100\n|move|p1a: Calyrex|High Horsepower|p2a: Toxapex\n|-supereffective|p2a: Toxapex\n|-damage|p2a: Toxapex|45\/100\n|\n|-heal|p2a: Toxapex|51\/100|[from] item: Black Sludge\n|upkeep\n|turn|16\n|\n|t:|1698866294\n|switch|p2a: Ho-Oh|Ho-Oh|78\/100\n|move|p1a: Calyrex|High Horsepower|p2a: Ho-Oh\n|-immune|p2a: Ho-Oh\n|\n|-fieldend|move: Electric Terrain\n|upkeep\n|turn|17\n|\n|t:|1698866296\n|move|p1a: Calyrex|Glacial Lance|p2a: Ho-Oh\n|-damage|p2a: Ho-Oh|25\/100\n|move|p2a: Ho-Oh|Sacred Fire|p1a: Calyrex\n|-damage|p1a: Calyrex|54\/100\n|\n|upkeep\n|turn|18\n|\n|t:|1698866304\n|switch|p2a: Toxapex|Toxapex, F|84\/100\n|move|p1a: Calyrex|High Horsepower|p2a: Toxapex\n|-supereffective|p2a: Toxapex\n|-damage|p2a: Toxapex|17\/100\n|\n|-heal|p2a: Toxapex|23\/100|[from] item: Black Sludge\n|-fieldend|move: Trick Room\n|upkeep\n|turn|19\n|\n|t:|1698866310\n|switch|p2a: Ho-Oh|Ho-Oh|58\/100\n|move|p1a: Calyrex|High Horsepower|p2a: Ho-Oh\n|-immune|p2a: Ho-Oh\n|\n|upkeep\n|turn|20\n|\n|t:|1698866313\n|move|p2a: Ho-Oh|Sacred Fire|p1a: Calyrex\n|-damage|p1a: Calyrex|31\/100\n|move|p1a: Calyrex|Glacial Lance|p2a: Ho-Oh\n|-damage|p2a: Ho-Oh|0 fnt\n|faint|p2a: Ho-Oh\n|-ability|p1a: Calyrex|Chilling Neigh|boost\n|-boost|p1a: Calyrex|atk|1\n|\n|upkeep\n|c|\u2606justhavefun<3|allez, gg sale pute\n|c|\u2606justhavefun<3|que de la chatte\n|c|\u2606justhavefun<3|vieille salope que tu es\n|c|\u2606justhavefun<3|haxx, haxx haxx\n|\n|t:|1698866343\n|switch|p2a: Slowbro|Slowbro, M|100\/100\n|turn|21\n|c|\u2606justhavefun<3|grouille toi de jouer\n|c|\u2606justhavefun<3|sans ta chatte de pute tu perd\n|n|\u203djusthavefun<3|justhavefun3\n|c|&|\/log justhavefun<3 was locked from talking by Artemis. (\u2606justhavefun<3: sans ta chatte de pute tu perd)\n|c|&|\/raw <small>This action was done automatically. Want to learn more about the AI? <a href=\"https:\/\/www.smogon.com\/forums\/threads\/3570628\/#post-9056769\">Visit the information thread<\/a>.<\/small>\n|c|\u2606Dontoutpizzathehut|No hablo espenol\n|inactive|Dontoutpizzathehut has 120 seconds left.\n|\n|t:|1698866391\n|switch|p1a: Kartana|Kartana|100\/100\n|move|p2a: Slowbro|Yawn|p1a: Kartana\n|-start|p1a: Kartana|move: Yawn|[of] p2a: Slowbro\n|\n|upkeep\n|turn|22\n|\n|t:|1698866396\n|move|p1a: Kartana|Knock Off|p2a: Slowbro\n|-supereffective|p2a: Slowbro\n|-damage|p2a: Slowbro|53\/100\n|-enditem|p2a: Slowbro|Leftovers|[from] move: Knock Off|[of] p1a: Kartana\n|move|p2a: Slowbro|Future Sight|p1a: Kartana\n|-start|p2a: Slowbro|move: Future Sight\n|\n|-end|p1a: Kartana|move: Yawn|[silent]\n|-status|p1a: Kartana|slp\n|upkeep\n|turn|23\n|inactive|Dontoutpizzathehut has 120 seconds left.\n|\n|t:|1698866412\n|cant|p1a: Kartana|slp\n|move|p2a: Slowbro|Teleport|p2a: Slowbro\n|\n|t:|1698866417\n|switch|p2a: Toxapex|Toxapex, F|56\/100|[from] Teleport\n|\n|-heal|p2a: Toxapex|63\/100|[from] item: Black Sludge\n|upkeep\n|turn|24\n|inactive|Dontoutpizzathehut has 120 seconds left.\n|\n|t:|1698866450\n|cant|p1a: Kartana|slp\n|move|p2a: Toxapex|Toxic Spikes|p1a: Kartana\n|-sidestart|p1: Dontoutpizzathehut|move: Toxic Spikes\n|\n|-end|p1a: Kartana|move: Future Sight\n|-resisted|p1a: Kartana\n|-damage|p1a: Kartana|39\/100 slp\n|-heal|p2a: Toxapex|69\/100|[from] item: Black Sludge\n|upkeep\n|turn|25\n|\n|t:|1698866455\n|cant|p1a: Kartana|slp\n|move|p2a: Toxapex|Scald|p1a: Kartana\n|-resisted|p1a: Kartana\n|-damage|p1a: Kartana|14\/100 slp\n|\n|-heal|p2a: Toxapex|75\/100|[from] item: Black Sludge\n|upkeep\n|turn|26\n|\n|t:|1698866458\n|-curestatus|p1a: Kartana|slp|[msg]\n|move|p1a: Kartana|Defog|p2a: Toxapex\n|-unboost|p2a: Toxapex|evasion|1\n|-sideend|p1: Dontoutpizzathehut|Toxic Spikes|[from] move: Defog|[of] p1a: Kartana\n|move|p2a: Toxapex|Scald|p1a: Kartana\n|-resisted|p1a: Kartana\n|-damage|p1a: Kartana|0 fnt\n|faint|p1a: Kartana\n|\n|-heal|p2a: Toxapex|81\/100|[from] item: Black Sludge\n|upkeep\n|\n|t:|1698866462\n|switch|p1a: Zekrom|Zekrom|100\/100\n|-ability|p1a: Zekrom|Teravolt\n|turn|27\n|\n|t:|1698866464\n|switch|p2a: Amoonguss|Amoonguss, F|100\/100 par\n|move|p1a: Zekrom|Bolt Strike|p2a: Amoonguss\n|-resisted|p2a: Amoonguss\n|-damage|p2a: Amoonguss|61\/100 par\n|\n|-heal|p2a: Amoonguss|67\/100 par|[from] item: Black Sludge\n|upkeep\n|turn|28\n|\n|t:|1698866468\n|move|p1a: Zekrom|Bolt Strike|p2a: Amoonguss\n|-resisted|p2a: Amoonguss\n|-damage|p2a: Amoonguss|29\/100 par\n|move|p2a: Amoonguss|Spore|p1a: Zekrom\n|-status|p1a: Zekrom|slp|[from] move: Spore\n|\n|-heal|p2a: Amoonguss|35\/100 par|[from] item: Black Sludge\n|upkeep\n|turn|29\n|\n|t:|1698866475\n|switch|p1a: Marshadow|Marshadow|100\/100\n|switch|p2a: Cyclizar|Cyclizar, M|100\/100\n|\n|upkeep\n|turn|30\n|\n|t:|1698866486\n|move|p1a: Marshadow|Spectral Thief|p2a: Cyclizar\n|-immune|p2a: Cyclizar\n|move|p2a: Cyclizar|Draco Meteor|p1a: Marshadow\n|-damage|p1a: Marshadow|67\/100\n|-unboost|p2a: Cyclizar|spa|2\n|\n|upkeep\n|turn|31\n|\n|t:|1698866494\n|switch|p2a: Toxapex|Toxapex, F|100\/100\n|move|p1a: Marshadow|Force Palm|p2a: Toxapex\n|-resisted|p2a: Toxapex\n|-damage|p2a: Toxapex|89\/100\n|\n|-heal|p2a: Toxapex|95\/100|[from] item: Black Sludge\n|upkeep\n|turn|32\n|\n|t:|1698866497\n|move|p1a: Marshadow|Swagger|p2a: Toxapex\n|-boost|p2a: Toxapex|atk|2\n|-enditem|p1a: Marshadow|Mirror Herb\n|-boost|p1a: Marshadow|atk|2|[from] item: Mirror Herb\n|-start|p2a: Toxapex|confusion\n|-activate|p2a: Toxapex|confusion\n|-damage|p2a: Toxapex|89\/100|[from] confusion\n|\n|-heal|p2a: Toxapex|96\/100|[from] item: Black Sludge\n|upkeep\n|turn|33\n|\n|t:|1698866502\n|move|p1a: Marshadow|Spectral Thief||[still]\n|-clearpositiveboost|p2a: Toxapex|p1a: Marshadow|move: Spectral Thief\n|-boost|p1a: Marshadow|atk|2\n|-anim|p1a: Marshadow|Spectral Thief|p2a: Toxapex\n|-damage|p2a: Toxapex|25\/100\n|-activate|p2a: Toxapex|confusion\n|move|p2a: Toxapex|Haze|p2a: Toxapex\n|-clearallboost\n|\n|-heal|p2a: Toxapex|31\/100|[from] item: Black Sludge\n|upkeep\n|turn|34\n|\n|t:|1698866508\n|switch|p2a: Cyclizar|Cyclizar, M|100\/100\n|move|p1a: Marshadow|Swagger|p2a: Cyclizar\n|-boost|p2a: Cyclizar|atk|2\n|-start|p2a: Cyclizar|confusion\n|\n|upkeep\n|turn|35\n|\n|t:|1698866517\n|move|p1a: Marshadow|Force Palm|p2a: Cyclizar\n|-supereffective|p2a: Cyclizar\n|-damage|p2a: Cyclizar|0 fnt\n|faint|p2a: Cyclizar\n|\n|upkeep\n|\n|t:|1698866520\n|switch|p2a: Toxapex|Toxapex, F|65\/100\n|turn|36\n|\n|t:|1698866529\n|move|p1a: Marshadow|Swagger|p2a: Toxapex\n|-boost|p2a: Toxapex|atk|2\n|-start|p2a: Toxapex|confusion\n|-activate|p2a: Toxapex|confusion\n|move|p2a: Toxapex|Scald|p1a: Marshadow\n|-damage|p1a: Marshadow|51\/100\n|\n|-heal|p2a: Toxapex|71\/100|[from] item: Black Sludge\n|upkeep\n|turn|37\n|-message|justhavefun<3 forfeited.\n|\n|win|Dontoutpizzathehut\n|raw|Dontoutpizzathehut's rating: 1403 &rarr; <strong>1423<\/strong><br \/>(+20 for winning)\n|raw|justhavefun&lt;3's rating: 1411 &rarr; <strong>1391<\/strong><br \/>(-20 for losing)\n","uploadtime":1698866160,"views":4,"p1id":"dontoutpizzathehut","p2id":"justhavefun3","formatid":"gen9nationaldexubers","rating":1391,"private":0,"password":""}