{"id":"gen9nationaldexubers-1986661182","p1":"rggef","p2":"flamingwrench11234","format":"[Gen 9] National Dex Ubers","log":"|j|\u2606rggef\n|j|\u2606flamingwrench11234\n|t:|1699503936\n|gametype|singles\n|player|p1|rggef|266|1470\n|player|p2|flamingwrench11234|102|1644\n|teamsize|p1|6\n|teamsize|p2|6\n|gen|9\n|tier|[Gen 9] National Dex Ubers\n|rated|\n|rule|HP Percentage Mod: HP is shown in percentages\n|rule|Endless Battle Clause: Forcing endless battles is banned\n|rule|OHKO Clause: OHKO moves are banned\n|rule|Evasion Moves Clause: Evasion moves are banned\n|rule|Evasion Items Clause: Evasion items are banned\n|rule|Species Clause: Limit one of each Pok\u00e9mon\n|rule|Sleep Clause Mod: Limit one foe put to sleep\n|rule|Mega Rayquaza Clause: You cannot mega evolve Rayquaza\n|clearpoke\n|poke|p1|Marshadow|\n|poke|p1|Samurott-Hisui, M|\n|poke|p1|Kingambit, M|\n|poke|p1|Great Tusk|\n|poke|p1|Arceus-Fairy|\n|poke|p1|Aggron, F|\n|poke|p2|Arceus-Ground|\n|poke|p2|Zygarde|\n|poke|p2|Yveltal|\n|poke|p2|Ho-Oh|\n|poke|p2|Groudon, L99|\n|poke|p2|Dondozo, M|\n|teampreview\n|inactive|Battle timer is ON: inactive players will automatically lose when time's up. (requested by rggef)\n|inactive|flamingwrench11234 has 120 seconds left.\n|\n|t:|1699503983\n|start\n|switch|p1a: Samurott|Samurott-Hisui, M|100\/100\n|switch|p2a: Y am I good|Yveltal|100\/100\n|-ability|p2a: Y am I good|Dark Aura\n|turn|1\n|\n|t:|1699503991\n|move|p1a: Samurott|Ceaseless Edge|p2a: Y am I good\n|-resisted|p2a: Y am I good\n|-damage|p2a: Y am I good|72\/100\n|-sidestart|p2: flamingwrench11234|Spikes\n|move|p2a: Y am I good|Oblivion Wing|p1a: Samurott\n|-damage|p1a: Samurott|7\/100\n|-heal|p2a: Y am I good|100\/100|[from] drain|[of] p1a: Samurott\n|-damage|p2a: Y am I good|91\/100|[from] item: Life Orb\n|\n|upkeep\n|turn|2\n|\n|t:|1699503995\n|move|p2a: Y am I good|Sucker Punch|p1a: Samurott\n|-resisted|p1a: Samurott\n|-damage|p1a: Samurott|0 fnt\n|faint|p1a: Samurott\n|-damage|p2a: Y am I good|81\/100|[from] item: Life Orb\n|\n|upkeep\n|\n|t:|1699503999\n|switch|p1a: Kingambit|Kingambit, M|100\/100\n|-activate|p1a: Kingambit|ability: Supreme Overlord\n|-start|p1a: Kingambit|fallen1|[silent]\n|turn|3\n|\n|t:|1699504005\n|switch|p2a: Magic bandaid|Dondozo, M|100\/100\n|-damage|p2a: Magic bandaid|88\/100|[from] Spikes\n|move|p1a: Kingambit|Knock Off|p2a: Magic bandaid\n|-damage|p2a: Magic bandaid|62\/100\n|-enditem|p2a: Magic bandaid|Leftovers|[from] move: Knock Off|[of] p1a: Kingambit\n|\n|upkeep\n|turn|4\n|\n|t:|1699504017\n|-end|p1a: Kingambit|fallen1|[silent]\n|switch|p1a: Arceus|Arceus-Fairy|100\/100\n|move|p2a: Magic bandaid|Liquidation|p1a: Arceus\n|-damage|p1a: Arceus|85\/100\n|\n|upkeep\n|turn|5\n|\n|t:|1699504023\n|switch|p2a: Toxic Flamethrower|Ho-Oh|100\/100\n|move|p1a: Arceus|Taunt|p2a: Toxic Flamethrower\n|-start|p2a: Toxic Flamethrower|move: Taunt\n|\n|upkeep\n|turn|6\n|\n|t:|1699504026\n|switch|p1a: Aggron|Aggron, F|100\/100\n|move|p2a: Toxic Flamethrower|Sacred Fire|p1a: Aggron\n|-damage|p1a: Aggron|76\/100\n|-status|p1a: Aggron|brn\n|\n|-damage|p1a: Aggron|70\/100 brn|[from] brn\n|upkeep\n|turn|7\n|\n|t:|1699504030\n|switch|p2a: Cells at sweeping|Zygarde|100\/100\n|-damage|p2a: Cells at sweeping|88\/100|[from] Spikes\n|move|p1a: Aggron|Block|p2a: Cells at sweeping\n|-activate|p2a: Cells at sweeping|trapped\n|\n|-heal|p2a: Cells at sweeping|94\/100|[from] item: Leftovers\n|-damage|p1a: Aggron|64\/100 brn|[from] brn\n|upkeep\n|turn|8\n|\n|t:|1699504036\n|detailschange|p1a: Aggron|Aggron-Mega, F\n|-mega|p1a: Aggron|Aggron|Aggronite\n|move|p2a: Cells at sweeping|Thousand Arrows|p1a: Aggron\n|-supereffective|p1a: Aggron\n|-damage|p1a: Aggron|46\/100 brn\n|move|p1a: Aggron|Taunt|p2a: Cells at sweeping\n|-start|p2a: Cells at sweeping|move: Taunt\n|\n|-heal|p2a: Cells at sweeping|100\/100|[from] item: Leftovers\n|-damage|p1a: Aggron|39\/100 brn|[from] brn\n|upkeep\n|turn|9\n|\n|t:|1699504041\n|move|p2a: Cells at sweeping|Thousand Arrows|p1a: Aggron\n|-supereffective|p1a: Aggron\n|-damage|p1a: Aggron|19\/100 brn\n|move|p1a: Aggron|Counter|p2a: Cells at sweeping\n|-damage|p2a: Cells at sweeping|66\/100\n|\n|-heal|p2a: Cells at sweeping|72\/100|[from] item: Leftovers\n|-damage|p1a: Aggron|12\/100 brn|[from] brn\n|upkeep\n|turn|10\n|\n|t:|1699504048\n|move|p2a: Cells at sweeping|Thousand Arrows|p1a: Aggron\n|-supereffective|p1a: Aggron\n|-damage|p1a: Aggron|0 fnt\n|faint|p1a: Aggron\n|\n|-heal|p2a: Cells at sweeping|79\/100|[from] item: Leftovers\n|upkeep\n|\n|t:|1699504050\n|switch|p1a: Great Tusk|Great Tusk|100\/100\n|-enditem|p1a: Great Tusk|Booster Energy\n|-activate|p1a: Great Tusk|ability: Protosynthesis|[fromitem]\n|-start|p1a: Great Tusk|protosynthesisatk\n|turn|11\n|\n|t:|1699504060\n|move|p1a: Great Tusk|Rapid Spin|p2a: Cells at sweeping\n|-damage|p2a: Cells at sweeping|65\/100\n|-boost|p1a: Great Tusk|spe|1\n|move|p2a: Cells at sweeping|Thousand Arrows|p1a: Great Tusk\n|-damage|p1a: Great Tusk|81\/100\n|\n|-heal|p2a: Cells at sweeping|71\/100|[from] item: Leftovers\n|-end|p2a: Cells at sweeping|move: Taunt\n|upkeep\n|turn|12\n|\n|t:|1699504066\n|move|p1a: Great Tusk|Headlong Rush|p2a: Cells at sweeping\n|-crit|p2a: Cells at sweeping\n|-damage|p2a: Cells at sweeping|6\/100\n|-unboost|p1a: Great Tusk|def|1\n|-unboost|p1a: Great Tusk|spd|1\n|move|p2a: Cells at sweeping|Glare|p1a: Great Tusk\n|-status|p1a: Great Tusk|par\n|\n|-heal|p2a: Cells at sweeping|12\/100|[from] item: Leftovers\n|-activate|p2a: Cells at sweeping|ability: Power Construct\n|detailschange|p2a: Cells at sweeping|Zygarde-Complete\n|-heal|p2a: Cells at sweeping|42\/100|[silent]\n|upkeep\n|turn|13\n|\n|t:|1699504070\n|move|p2a: Cells at sweeping|Rest|p2a: Cells at sweeping\n|-status|p2a: Cells at sweeping|slp|[from] move: Rest\n|-heal|p2a: Cells at sweeping|100\/100 slp|[silent]\n|move|p1a: Great Tusk|Bulk Up|p1a: Great Tusk\n|-boost|p1a: Great Tusk|atk|1\n|-boost|p1a: Great Tusk|def|1\n|\n|upkeep\n|turn|14\n|\n|t:|1699504074\n|cant|p2a: Cells at sweeping|slp\n|move|p1a: Great Tusk|Rapid Spin|p2a: Cells at sweeping\n|-damage|p2a: Cells at sweeping|88\/100 slp\n|-boost|p1a: Great Tusk|spe|1\n|\n|-heal|p2a: Cells at sweeping|94\/100 slp|[from] item: Leftovers\n|upkeep\n|turn|15\n|\n|t:|1699504076\n|cant|p1a: Great Tusk|par\n|cant|p2a: Cells at sweeping|slp\n|\n|-heal|p2a: Cells at sweeping|99\/100 slp|[from] item: Leftovers\n|upkeep\n|turn|16\n|\n|t:|1699504079\n|move|p1a: Great Tusk|Rapid Spin|p2a: Cells at sweeping\n|-damage|p2a: Cells at sweeping|87\/100 slp\n|-boost|p1a: Great Tusk|spe|1\n|-curestatus|p2a: Cells at sweeping|slp|[msg]\n|move|p2a: Cells at sweeping|Coil|p2a: Cells at sweeping\n|-boost|p2a: Cells at sweeping|atk|1\n|-boost|p2a: Cells at sweeping|def|1\n|-boost|p2a: Cells at sweeping|accuracy|1\n|\n|-heal|p2a: Cells at sweeping|93\/100|[from] item: Leftovers\n|upkeep\n|turn|17\n|\n|t:|1699504083\n|move|p1a: Great Tusk|Bulk Up|p1a: Great Tusk\n|-boost|p1a: Great Tusk|atk|1\n|-boost|p1a: Great Tusk|def|1\n|move|p2a: Cells at sweeping|Glare|p1a: Great Tusk\n|-fail|p1a: Great Tusk|par\n|\n|-heal|p2a: Cells at sweeping|99\/100|[from] item: Leftovers\n|upkeep\n|turn|18\n|\n|t:|1699504085\n|move|p1a: Great Tusk|Bulk Up|p1a: Great Tusk\n|-boost|p1a: Great Tusk|atk|1\n|-boost|p1a: Great Tusk|def|1\n|move|p2a: Cells at sweeping|Coil|p2a: Cells at sweeping\n|-boost|p2a: Cells at sweeping|atk|1\n|-boost|p2a: Cells at sweeping|def|1\n|-boost|p2a: Cells at sweeping|accuracy|1\n|\n|-heal|p2a: Cells at sweeping|100\/100|[from] item: Leftovers\n|upkeep\n|turn|19\n|\n|t:|1699504088\n|cant|p1a: Great Tusk|par\n|move|p2a: Cells at sweeping|Coil|p2a: Cells at sweeping\n|-boost|p2a: Cells at sweeping|atk|1\n|-boost|p2a: Cells at sweeping|def|1\n|-boost|p2a: Cells at sweeping|accuracy|1\n|\n|upkeep\n|turn|20\n|\n|t:|1699504090\n|move|p1a: Great Tusk|Bulk Up|p1a: Great Tusk\n|-boost|p1a: Great Tusk|atk|1\n|-boost|p1a: Great Tusk|def|1\n|move|p2a: Cells at sweeping|Coil|p2a: Cells at sweeping\n|-boost|p2a: Cells at sweeping|atk|1\n|-boost|p2a: Cells at sweeping|def|1\n|-boost|p2a: Cells at sweeping|accuracy|1\n|\n|upkeep\n|turn|21\n|\n|t:|1699504092\n|move|p1a: Great Tusk|Bulk Up|p1a: Great Tusk\n|-boost|p1a: Great Tusk|atk|1\n|-boost|p1a: Great Tusk|def|1\n|move|p2a: Cells at sweeping|Coil|p2a: Cells at sweeping\n|-boost|p2a: Cells at sweeping|atk|1\n|-boost|p2a: Cells at sweeping|def|1\n|-boost|p2a: Cells at sweeping|accuracy|1\n|\n|upkeep\n|turn|22\n|\n|t:|1699504094\n|move|p1a: Great Tusk|Bulk Up|p1a: Great Tusk\n|-boost|p1a: Great Tusk|atk|1\n|-boost|p1a: Great Tusk|def|1\n|move|p2a: Cells at sweeping|Coil|p2a: Cells at sweeping\n|-boost|p2a: Cells at sweeping|atk|1\n|-boost|p2a: Cells at sweeping|def|1\n|-boost|p2a: Cells at sweeping|accuracy|1\n|\n|upkeep\n|turn|23\n|\n|t:|1699504097\n|-terastallize|p2a: Cells at sweeping|Ground\n|move|p1a: Great Tusk|Bulk Up|p1a: Great Tusk\n|-boost|p1a: Great Tusk|atk|0\n|-boost|p1a: Great Tusk|def|1\n|move|p2a: Cells at sweeping|Thousand Arrows|p1a: Great Tusk\n|-damage|p1a: Great Tusk|54\/100 par\n|\n|upkeep\n|turn|24\n|\n|t:|1699504104\n|move|p1a: Great Tusk|Headlong Rush|p2a: Cells at sweeping\n|-damage|p2a: Cells at sweeping|68\/100\n|-unboost|p1a: Great Tusk|def|1\n|-unboost|p1a: Great Tusk|spd|1\n|move|p2a: Cells at sweeping|Thousand Arrows|p1a: Great Tusk\n|-damage|p1a: Great Tusk|21\/100 par\n|\n|-heal|p2a: Cells at sweeping|74\/100|[from] item: Leftovers\n|upkeep\n|turn|25\n|\n|t:|1699504107\n|move|p1a: Great Tusk|Headlong Rush|p2a: Cells at sweeping\n|-damage|p2a: Cells at sweeping|44\/100\n|-unboost|p1a: Great Tusk|def|1\n|-unboost|p1a: Great Tusk|spd|1\n|move|p2a: Cells at sweeping|Thousand Arrows|p1a: Great Tusk\n|-damage|p1a: Great Tusk|0 fnt\n|faint|p1a: Great Tusk\n|-end|p1a: Great Tusk|Protosynthesis|[silent]\n|\n|-heal|p2a: Cells at sweeping|50\/100|[from] item: Leftovers\n|upkeep\n|\n|t:|1699504111\n|switch|p1a: Marshadow|Marshadow|100\/100\n|turn|26\n|\n|t:|1699504115\n|switch|p2a: Y am I good|Yveltal|81\/100\n|-ability|p2a: Y am I good|Dark Aura\n|move|p1a: Marshadow|Close Combat|p2a: Y am I good\n|-crit|p2a: Y am I good\n|-damage|p2a: Y am I good|0 fnt\n|-unboost|p1a: Marshadow|def|1\n|-unboost|p1a: Marshadow|spd|1\n|faint|p2a: Y am I good\n|-damage|p1a: Marshadow|91\/100|[from] item: Life Orb\n|\n|upkeep\n|\n|t:|1699504126\n|switch|p2a: God ate dirt|Arceus-Ground|100\/100\n|-damage|p2a: God ate dirt|88\/100|[from] Spikes\n|turn|27\n|\n|t:|1699504135\n|switch|p1a: Arceus|Arceus-Fairy|85\/100\n|move|p2a: God ate dirt|Judgment|p1a: Arceus\n|-damage|p1a: Arceus|55\/100\n|\n|upkeep\n|turn|28\n|\n|t:|1699504138\n|move|p2a: God ate dirt|Taunt|p1a: Arceus\n|-start|p1a: Arceus|move: Taunt\n|cant|p1a: Arceus|move: Taunt|Recover\n|\n|upkeep\n|turn|29\n|\n|t:|1699504143\n|move|p2a: God ate dirt|Toxic|p1a: Arceus\n|-status|p1a: Arceus|tox\n|move|p1a: Arceus|Judgment|p2a: God ate dirt\n|-damage|p2a: God ate dirt|58\/100\n|\n|-damage|p1a: Arceus|49\/100 tox|[from] psn\n|upkeep\n|turn|30\n|\n|t:|1699504145\n|move|p2a: God ate dirt|Judgment|p1a: Arceus\n|-damage|p1a: Arceus|18\/100 tox\n|move|p1a: Arceus|Judgment|p2a: God ate dirt\n|-damage|p2a: God ate dirt|25\/100\n|\n|-damage|p1a: Arceus|6\/100 tox|[from] psn\n|-end|p1a: Arceus|move: Taunt\n|upkeep\n|turn|31\n|\n|t:|1699504150\n|move|p2a: God ate dirt|Judgment|p1a: Arceus\n|-damage|p1a: Arceus|0 fnt\n|faint|p1a: Arceus\n|\n|upkeep\n|\n|t:|1699504152\n|switch|p1a: Marshadow|Marshadow|91\/100\n|turn|32\n|\n|t:|1699504155\n|move|p1a: Marshadow|Poltergeist|p2a: God ate dirt\n|-activate|p2a: God ate dirt|move: Poltergeist|Earth Plate\n|-crit|p2a: God ate dirt\n|-damage|p2a: God ate dirt|0 fnt\n|faint|p2a: God ate dirt\n|-damage|p1a: Marshadow|81\/100|[from] item: Life Orb\n|\n|upkeep\n|\n|t:|1699504158\n|switch|p2a: Volcanic dude|Groudon, L99, shiny|100\/100\n|-damage|p2a: Volcanic dude|88\/100|[from] Spikes\n|detailschange|p2a: Volcanic dude|Groudon-Primal, L99, shiny\n|-primal|p2a: Volcanic dude|Red Orb\n|-weather|DesolateLand|[from] ability: Desolate Land|[of] p2a: Volcanic dude\n|turn|33\n|\n|t:|1699504164\n|move|p1a: Marshadow|Close Combat|p2a: Volcanic dude\n|-damage|p2a: Volcanic dude|49\/100\n|-unboost|p1a: Marshadow|def|1\n|-unboost|p1a: Marshadow|spd|1\n|-damage|p1a: Marshadow|71\/100|[from] item: Life Orb\n|move|p2a: Volcanic dude|Lava Plume|p1a: Marshadow\n|-crit|p1a: Marshadow\n|-damage|p1a: Marshadow|0 fnt\n|faint|p1a: Marshadow\n|\n|-weather|DesolateLand|[upkeep]\n|upkeep\n|\n|t:|1699504167\n|switch|p1a: Kingambit|Kingambit, M|100\/100\n|-activate|p1a: Kingambit|ability: Supreme Overlord\n|-start|p1a: Kingambit|fallen5|[silent]\n|turn|34\n|\n|t:|1699504169\n|-terastallize|p1a: Kingambit|Flying\n|move|p2a: Volcanic dude|Lava Plume|p1a: Kingambit\n|-damage|p1a: Kingambit|48\/100\n|move|p1a: Kingambit|Swords Dance|p1a: Kingambit\n|-boost|p1a: Kingambit|atk|2\n|\n|-weather|DesolateLand|[upkeep]\n|-heal|p1a: Kingambit|54\/100|[from] item: Leftovers\n|upkeep\n|turn|35\n|\n|t:|1699504175\n|move|p1a: Kingambit|Sucker Punch|p2a: Volcanic dude\n|-damage|p2a: Volcanic dude|0 fnt\n|faint|p2a: Volcanic dude\n|-weather|none\n|\n|-heal|p1a: Kingambit|60\/100|[from] item: Leftovers\n|upkeep\n|\n|t:|1699504180\n|switch|p2a: Toxic Flamethrower|Ho-Oh|100\/100\n|turn|36\n|\n|t:|1699504184\n|move|p2a: Toxic Flamethrower|Toxic|p1a: Kingambit\n|-status|p1a: Kingambit|tox\n|move|p1a: Kingambit|Knock Off|p2a: Toxic Flamethrower\n|-damage|p2a: Toxic Flamethrower|0 fnt\n|-enditem|p2a: Toxic Flamethrower|Heavy-Duty Boots|[from] move: Knock Off|[of] p1a: Kingambit\n|faint|p2a: Toxic Flamethrower\n|\n|-heal|p1a: Kingambit|66\/100 tox|[from] item: Leftovers\n|-damage|p1a: Kingambit|60\/100 tox|[from] psn\n|upkeep\n|\n|t:|1699504186\n|switch|p2a: Cells at sweeping|Zygarde-Complete, tera:Ground|50\/100\n|-damage|p2a: Cells at sweeping|38\/100|[from] Spikes\n|turn|37\n|\n|t:|1699504192\n|move|p2a: Cells at sweeping|Coil|p2a: Cells at sweeping\n|-boost|p2a: Cells at sweeping|atk|1\n|-boost|p2a: Cells at sweeping|def|1\n|-boost|p2a: Cells at sweeping|accuracy|1\n|move|p1a: Kingambit|Swords Dance|p1a: Kingambit\n|-boost|p1a: Kingambit|atk|2\n|\n|-heal|p2a: Cells at sweeping|44\/100|[from] item: Leftovers\n|-heal|p1a: Kingambit|66\/100 tox|[from] item: Leftovers\n|-damage|p1a: Kingambit|54\/100 tox|[from] psn\n|upkeep\n|turn|38\n|\n|t:|1699504201\n|move|p2a: Cells at sweeping|Thousand Arrows|p1a: Kingambit\n|-damage|p1a: Kingambit|11\/100 tox\n|-start|p1a: Kingambit|Smack Down\n|move|p1a: Kingambit|Knock Off|p2a: Cells at sweeping\n|-damage|p2a: Cells at sweeping|0 fnt\n|-enditem|p2a: Cells at sweeping|Leftovers|[from] move: Knock Off|[of] p1a: Kingambit\n|faint|p2a: Cells at sweeping\n|\n|-heal|p1a: Kingambit|18\/100 tox|[from] item: Leftovers\n|-damage|p1a: Kingambit|0 fnt|[from] psn\n|faint|p1a: Kingambit\n|-end|p1a: Kingambit|fallen5|[silent]\n|\n|win|flamingwrench11234\n|upkeep\n|raw|rggef's rating: 1470 &rarr; <strong>1459<\/strong><br \/>(-11 for losing)\n|raw|flamingwrench11234's rating: 1644 &rarr; <strong>1655<\/strong><br \/>(+11 for winning)\n|l|\u2606rggef\n|l|\u2606flamingwrench11234\n","uploadtime":1699504269,"views":5,"p1id":"rggef","p2id":"flamingwrench11234","formatid":"gen9nationaldexubers","rating":1459,"private":0,"password":""}