{"id":"gen9nationaldexubers-1982710369","p1":"Lunarquay","p2":"linkthecat01","format":"[Gen 9] National Dex Ubers","log":"|j|\u2606Lunarquay\n|j|\u2606linkthecat01\n|t:|1699037801\n|gametype|singles\n|player|p1|Lunarquay|cynthia-gen4|1269\n|player|p2|linkthecat01|medium|1175\n|teamsize|p1|6\n|teamsize|p2|6\n|gen|9\n|tier|[Gen 9] National Dex Ubers\n|rated|\n|rule|HP Percentage Mod: HP is shown in percentages\n|rule|Endless Battle Clause: Forcing endless battles is banned\n|rule|OHKO Clause: OHKO moves are banned\n|rule|Evasion Moves Clause: Evasion moves are banned\n|rule|Evasion Items Clause: Evasion items are banned\n|rule|Species Clause: Limit one of each Pok\u00e9mon\n|rule|Sleep Clause Mod: Limit one foe put to sleep\n|rule|Mega Rayquaza Clause: You cannot mega evolve Rayquaza\n|clearpoke\n|poke|p1|Deoxys-Attack|\n|poke|p1|Necrozma-Dusk-Mane|\n|poke|p1|Xerneas-*|\n|poke|p1|Blaziken, F|\n|poke|p1|Shuckle, F|\n|poke|p1|Basculegion, M|\n|poke|p2|Smeargle, F|\n|poke|p2|Melmetal|\n|poke|p2|Kangaskhan, F|\n|poke|p2|Deoxys-Defense|\n|poke|p2|Marshadow|\n|poke|p2|Regieleki|\n|teampreview\n|inactive|Battle timer is ON: inactive players will automatically lose when time's up. (requested by linkthecat01)\n|inactive|Lunarquay also wants the timer to be on.\n|\n|t:|1699037811\n|start\n|switch|p1a: :p|Shuckle, F|100\/100\n|switch|p2a: CTRL+ALT+DEL|Smeargle, F|100\/100\n|turn|1\n|\n|t:|1699037817\n|move|p2a: CTRL+ALT+DEL|Spore|p1a: :p\n|-status|p1a: :p|slp|[from] move: Spore\n|cant|p1a: :p|slp\n|\n|-ability|p2a: CTRL+ALT+DEL|Moody|boost\n|-boost|p2a: CTRL+ALT+DEL|atk|2\n|-unboost|p2a: CTRL+ALT+DEL|def|1\n|upkeep\n|turn|2\n|\n|t:|1699037830\n|switch|p1a: sun wielder|Blaziken, F, shiny|100\/100\n|move|p2a: CTRL+ALT+DEL|Stealth Rock|p1a: sun wielder\n|-sidestart|p1: Lunarquay|move: Stealth Rock\n|\n|-ability|p2a: CTRL+ALT+DEL|Moody|boost\n|-boost|p2a: CTRL+ALT+DEL|spd|2\n|-unboost|p2a: CTRL+ALT+DEL|atk|1\n|upkeep\n|turn|3\n|-activate|p2a: CTRL+ALT+DEL|item: Quick Claw\n|\n|t:|1699037839\n|detailschange|p1a: sun wielder|Blaziken-Mega, F, shiny\n|-mega|p1a: sun wielder|Blaziken|Blazikenite\n|move|p1a: sun wielder|Protect|p1a: sun wielder\n|-singleturn|p1a: sun wielder|Protect\n|move|p2a: CTRL+ALT+DEL|Rapid Spin|p1a: sun wielder\n|-activate|p1a: sun wielder|move: Protect\n|\n|-ability|p1a: sun wielder|Speed Boost|boost\n|-boost|p1a: sun wielder|spe|1\n|-ability|p2a: CTRL+ALT+DEL|Moody|boost\n|-boost|p2a: CTRL+ALT+DEL|spa|2\n|-unboost|p2a: CTRL+ALT+DEL|atk|1\n|upkeep\n|turn|4\n|\n|t:|1699037851\n|move|p1a: sun wielder|Close Combat|p2a: CTRL+ALT+DEL\n|-supereffective|p2a: CTRL+ALT+DEL\n|-damage|p2a: CTRL+ALT+DEL|0 fnt\n|-unboost|p1a: sun wielder|def|1\n|-unboost|p1a: sun wielder|spd|1\n|faint|p2a: CTRL+ALT+DEL\n|\n|-ability|p1a: sun wielder|Speed Boost|boost\n|-boost|p1a: sun wielder|spe|1\n|upkeep\n|\n|t:|1699037854\n|switch|p2a: THEWALLTHATWALKS|Deoxys-Defense|100\/100\n|-ability|p2a: THEWALLTHATWALKS|Pressure\n|turn|5\n|\n|t:|1699037866\n|move|p2a: THEWALLTHATWALKS|Protect|p2a: THEWALLTHATWALKS\n|-singleturn|p2a: THEWALLTHATWALKS|Protect\n|move|p1a: sun wielder|Flare Blitz|p2a: THEWALLTHATWALKS\n|-activate|p2a: THEWALLTHATWALKS|move: Protect\n|\n|-ability|p1a: sun wielder|Speed Boost|boost\n|-boost|p1a: sun wielder|spe|1\n|upkeep\n|turn|6\n|c|\u2606Lunarquay|what wa that fio you monkey\n|c|\u2606Lunarquay|for\n|\n|t:|1699037882\n|move|p1a: sun wielder|Close Combat|p2a: THEWALLTHATWALKS\n|-resisted|p2a: THEWALLTHATWALKS\n|-damage|p2a: THEWALLTHATWALKS|69\/100\n|-unboost|p1a: sun wielder|def|1\n|-unboost|p1a: sun wielder|spd|1\n|move|p2a: THEWALLTHATWALKS|Counter|p1a: sun wielder\n|-damage|p1a: sun wielder|38\/100\n|\n|-heal|p2a: THEWALLTHATWALKS|75\/100|[from] item: Leftovers\n|-ability|p1a: sun wielder|Speed Boost|boost\n|-boost|p1a: sun wielder|spe|1\n|upkeep\n|turn|7\n|c|\u2606linkthecat01|that\n|\n|t:|1699037895\n|move|p2a: THEWALLTHATWALKS|Protect|p2a: THEWALLTHATWALKS\n|-singleturn|p2a: THEWALLTHATWALKS|Protect\n|move|p1a: sun wielder|Flare Blitz|p2a: THEWALLTHATWALKS\n|-activate|p2a: THEWALLTHATWALKS|move: Protect\n|\n|-heal|p2a: THEWALLTHATWALKS|82\/100|[from] item: Leftovers\n|-ability|p1a: sun wielder|Speed Boost|boost\n|-boost|p1a: sun wielder|spe|1\n|upkeep\n|turn|8\n|c|\u2606Lunarquay|lol why r u ptoecting\n|c|\u2606Lunarquay|weirdo\n|\n|t:|1699037904\n|move|p1a: sun wielder|Flare Blitz|p2a: THEWALLTHATWALKS\n|-damage|p2a: THEWALLTHATWALKS|25\/100\n|-damage|p1a: sun wielder|19\/100|[from] Recoil\n|move|p2a: THEWALLTHATWALKS|Counter|p1a: sun wielder\n|-damage|p1a: sun wielder|0 fnt\n|faint|p1a: sun wielder\n|\n|-heal|p2a: THEWALLTHATWALKS|31\/100|[from] item: Leftovers\n|upkeep\n|c|\u2606linkthecat01|healing\n|c|\u2606Lunarquay|protect spammer\n|c|\u2606linkthecat01|and\n|\n|t:|1699037914\n|switch|p1a: comeback time|Basculegion, M|100\/100\n|-damage|p1a: comeback time|88\/100|[from] Stealth Rock\n|turn|9\n|c|\u2606Lunarquay|and even if u win u a loser\n|c|\u2606Lunarquay|XD\n|\n|t:|1699037924\n|move|p2a: THEWALLTHATWALKS|Protect|p2a: THEWALLTHATWALKS\n|-singleturn|p2a: THEWALLTHATWALKS|Protect\n|move|p1a: comeback time|Phantom Force||[still]\n|-prepare|p1a: comeback time|Phantom Force\n|\n|-heal|p2a: THEWALLTHATWALKS|37\/100|[from] item: Leftovers\n|upkeep\n|turn|10\n|c|\u2606linkthecat01|ok and\n|c|\u2606Lunarquay|and suck my pusy\n|n|\u203dLunarquay|lunarquay\n|c|&|\/log Lunarquay was locked from talking by Artemis. (\u2606Lunarquay: and suck my pusy)\n|c|&|\/raw <small>This action was done automatically. Want to learn more about the AI? <a href=\"https:\/\/www.smogon.com\/forums\/threads\/3570628\/#post-9056769\">Visit the information thread<\/a>.<\/small>\n|c|\u2606linkthecat01|lol\n|\n|t:|1699037948\n|switch|p2a: DUDE|Kangaskhan, F|100\/100\n|move|p1a: comeback time|Phantom Force|p2a: DUDE|[from]lockedmove\n|-immune|p2a: DUDE\n|\n|upkeep\n|turn|11\n|\n|t:|1699037966\n|switch|p1a: :p|Shuckle, F|100\/100 slp\n|-damage|p1a: :p|75\/100 slp|[from] Stealth Rock\n|move|p2a: DUDE|Thunder Punch|p1a: :p\n|-damage|p1a: :p|62\/100 slp\n|-enditem|p1a: :p|Red Card|[of] p2a: DUDE\n|drag|p2a: Punch|Melmetal|100\/100\n|\n|upkeep\n|turn|12\n|\n|t:|1699037978\n|move|p2a: Punch|Double Iron Bash|p1a: :p\n|-supereffective|p1a: :p\n|-damage|p1a: :p|7\/100 slp\n|-supereffective|p1a: :p\n|-damage|p1a: :p|0 fnt\n|faint|p1a: :p\n|-hitcount|p1: :p|2\n|\n|upkeep\n|\n|t:|1699037997\n|switch|p1a: Xmas tree <3|Xerneas|100\/100\n|-damage|p1a: Xmas tree <3|88\/100|[from] Stealth Rock\n|-ability|p1a: Xmas tree <3|Fairy Aura\n|turn|13\n|\n|t:|1699038010\n|move|p1a: Xmas tree <3|Geomancy||[still]\n|-prepare|p1a: Xmas tree <3|Geomancy\n|-enditem|p1a: Xmas tree <3|Power Herb\n|-anim|p1a: Xmas tree <3|Geomancy|p1a: Xmas tree <3\n|-boost|p1a: Xmas tree <3|spa|2\n|-boost|p1a: Xmas tree <3|spd|2\n|-boost|p1a: Xmas tree <3|spe|2\n|move|p2a: Punch|Double Iron Bash|p1a: Xmas tree <3\n|-supereffective|p1a: Xmas tree <3\n|-damage|p1a: Xmas tree <3|10\/100\n|-supereffective|p1a: Xmas tree <3\n|-damage|p1a: Xmas tree <3|0 fnt\n|faint|p1a: Xmas tree <3\n|-hitcount|p1: Xmas tree <3|2\n|\n|upkeep\n|\n|t:|1699038022\n|switch|p1a: damage machine|Deoxys-Attack|100\/100\n|-damage|p1a: damage machine|88\/100|[from] Stealth Rock\n|-ability|p1a: damage machine|Pressure\n|turn|14\n|\n|t:|1699038029\n|move|p1a: damage machine|Psycho Boost|p2a: Punch\n|-resisted|p2a: Punch\n|-damage|p2a: Punch|50\/100\n|-unboost|p1a: damage machine|spa|2\n|move|p2a: Punch|Double Iron Bash|p1a: damage machine\n|-damage|p1a: damage machine|0 fnt\n|faint|p1a: damage machine\n|-hitcount|p1: damage machine|1\n|\n|upkeep\n|\n|t:|1699038038\n|switch|p1a: wait for it..|Necrozma-Dusk-Mane, shiny|100\/100\n|-damage|p1a: wait for it..|94\/100|[from] Stealth Rock\n|turn|15\n|\n|t:|1699038047\n|move|p1a: wait for it..|Dragon Dance|p1a: wait for it..\n|-boost|p1a: wait for it..|atk|1\n|-boost|p1a: wait for it..|spe|1\n|move|p2a: Punch|Double Iron Bash|p1a: wait for it..\n|-resisted|p1a: wait for it..\n|-damage|p1a: wait for it..|73\/100\n|-resisted|p1a: wait for it..\n|-crit|p1a: wait for it..\n|-damage|p1a: wait for it..|42\/100\n|-hitcount|p1a: wait for it..|2\n|\n|upkeep\n|turn|16\n|\n|t:|1699038069\n|move|p1a: wait for it..|Psychic Fangs|p2a: Punch\n|-resisted|p2a: Punch\n|-damage|p2a: Punch|26\/100\n|move|p2a: Punch|Double Iron Bash|p1a: wait for it..\n|-resisted|p1a: wait for it..\n|-damage|p1a: wait for it..|19\/100\n|-resisted|p1a: wait for it..\n|-damage|p1a: wait for it..|0 fnt\n|faint|p1a: wait for it..\n|-hitcount|p1: wait for it..|2\n|\n|upkeep\n|\n|t:|1699038077\n|switch|p1a: comeback time|Basculegion, M|88\/100\n|-damage|p1a: comeback time|76\/100|[from] Stealth Rock\n|turn|17\n|\n|t:|1699038082\n|move|p1a: comeback time|Last Respects|p2a: Punch\n|-damage|p2a: Punch|0 fnt\n|faint|p2a: Punch\n|\n|upkeep\n|\n|t:|1699038087\n|switch|p2a: DUDE|Kangaskhan, F|100\/100\n|turn|18\n|-message|Lunarquay forfeited.\n|\n|win|linkthecat01\n|raw|Lunarquay's rating: 1269 &rarr; <strong>1237<\/strong><br \/>(-32 for losing)\n|raw|linkthecat01's rating: 1175 &rarr; <strong>1207<\/strong><br \/>(+32 for winning)\n|l|\u203dLunarquay\n","uploadtime":1699037934,"views":5,"p1id":"lunarquay","p2id":"linkthecat01","formatid":"gen9nationaldexubers","rating":1207,"private":0,"password":""}