{"id":"gen9nationaldexubers-1993565016","p1":"frankkk699","p2":"insanejokester","format":"[Gen 9] National Dex Ubers","log":"|j|\u2606frankkk699\n|j|\u2606insanejokester\n|t:|1700332320\n|gametype|singles\n|player|p1|frankkk699|janine|1086\n|player|p2|insanejokester|flannery|1119\n|teamsize|p1|6\n|teamsize|p2|6\n|gen|9\n|tier|[Gen 9] National Dex Ubers\n|rated|\n|rule|HP Percentage Mod: HP is shown in percentages\n|rule|Endless Battle Clause: Forcing endless battles is banned\n|rule|OHKO Clause: OHKO moves are banned\n|rule|Evasion Moves Clause: Evasion moves are banned\n|rule|Evasion Items Clause: Evasion items are banned\n|rule|Species Clause: Limit one of each Pok\u00e9mon\n|rule|Sleep Clause Mod: Limit one foe put to sleep\n|rule|Mega Rayquaza Clause: You cannot mega evolve Rayquaza\n|clearpoke\n|poke|p1|Regice|\n|poke|p1|Regidrago|\n|poke|p1|Regirock|\n|poke|p1|Registeel|\n|poke|p1|Regigigas|\n|poke|p1|Regieleki|\n|poke|p2|Typhlosion, M|\n|poke|p2|Beedrill, M|\n|poke|p2|Florges, F|\n|poke|p2|Milotic, F|\n|poke|p2|Skarmory, M|\n|poke|p2|Darmanitan-Galar, F|\n|teampreview\n|inactive|Battle timer is ON: inactive players will automatically lose when time's up. (requested by frankkk699)\n|\n|t:|1700332325\n|start\n|switch|p1a: Regieleki|Regieleki|100\/100\n|switch|p2a: Darmanitan|Darmanitan-Galar, F|100\/100\n|turn|1\n|\n|t:|1700332335\n|move|p1a: Regieleki|Volt Switch|p2a: Darmanitan\n|-damage|p2a: Darmanitan|28\/100\n|\n|t:|1700332339\n|switch|p1a: Regirock|Regirock, shiny|100\/100|[from] Volt Switch\n|move|p2a: Darmanitan|Icicle Crash|p1a: Regirock\n|-damage|p1a: Regirock|62\/100\n|\n|upkeep\n|turn|2\n|\n|t:|1700332348\n|switch|p2a: Milotic|Milotic, F|100\/100\n|move|p1a: Regirock|Drain Punch|p2a: Milotic\n|-damage|p2a: Milotic|79\/100\n|-heal|p1a: Regirock|76\/100|[from] drain|[of] p2a: Milotic\n|\n|-status|p2a: Milotic|brn|[from] item: Flame Orb\n|upkeep\n|turn|3\n|\n|t:|1700332358\n|switch|p1a: Regice|Regice, shiny|100\/100\n|move|p2a: Milotic|Scald|p1a: Regice\n|-damage|p1a: Regice|92\/100\n|-status|p1a: Regice|brn\n|\n|-damage|p2a: Milotic|73\/100 brn|[from] brn\n|-damage|p1a: Regice|86\/100 brn|[from] brn\n|upkeep\n|turn|4\n|\n|t:|1700332373\n|switch|p2a: Skarmory|Skarmory, M, shiny|100\/100\n|move|p1a: Regice|Thunderbolt|p2a: Skarmory\n|-supereffective|p2a: Skarmory\n|-damage|p2a: Skarmory|44\/100\n|\n|-heal|p2a: Skarmory|50\/100|[from] item: Leftovers\n|-damage|p1a: Regice|80\/100 brn|[from] brn\n|upkeep\n|turn|5\n|\n|t:|1700332382\n|switch|p1a: Regieleki|Regieleki|100\/100\n|move|p2a: Skarmory|Stealth Rock|p1a: Regieleki\n|-sidestart|p1: frankkk699|move: Stealth Rock\n|\n|-heal|p2a: Skarmory|56\/100|[from] item: Leftovers\n|upkeep\n|turn|6\n|\n|t:|1700332391\n|switch|p2a: Florges|Florges, F|100\/100\n|move|p1a: Regieleki|Thunderbolt|p2a: Florges\n|-damage|p2a: Florges|70\/100\n|\n|-heal|p2a: Florges|77\/100|[from] item: Leftovers\n|upkeep\n|turn|7\n|\n|t:|1700332399\n|move|p1a: Regieleki|Rapid Spin|p2a: Florges\n|-damage|p2a: Florges|63\/100\n|-boost|p1a: Regieleki|spe|1\n|-sideend|p1: frankkk699|Stealth Rock|[from] move: Rapid Spin|[of] p1a: Regieleki\n|move|p2a: Florges|Toxic|p1a: Regieleki\n|-status|p1a: Regieleki|tox\n|\n|-heal|p2a: Florges|69\/100|[from] item: Leftovers\n|-damage|p1a: Regieleki|95\/100 tox|[from] psn\n|upkeep\n|turn|8\n|\n|t:|1700332408\n|move|p1a: Regieleki|Volt Switch|p2a: Florges\n|-damage|p2a: Florges|44\/100\n|\n|t:|1700332411\n|switch|p1a: Regice|Regice, shiny|80\/100 brn|[from] Volt Switch\n|move|p2a: Florges|Wish|p2a: Florges\n|\n|-heal|p2a: Florges|50\/100|[from] item: Leftovers\n|-damage|p1a: Regice|74\/100 brn|[from] brn\n|upkeep\n|turn|9\n|\n|t:|1700332423\n|switch|p2a: Milotic|Milotic, F|73\/100 brn\n|move|p1a: Regice|Flash Cannon|p2a: Milotic\n|-resisted|p2a: Milotic\n|-damage|p2a: Milotic|68\/100 brn\n|\n|-heal|p2a: Milotic|100\/100 brn|[from] move: Wish|[wisher] Florges\n|-damage|p2a: Milotic|94\/100 brn|[from] brn\n|-damage|p1a: Regice|68\/100 brn|[from] brn\n|upkeep\n|turn|10\n|\n|t:|1700332448\n|switch|p1a: Regigigas|Regigigas|100\/100\n|-start|p1a: Regigigas|ability: Slow Start\n|move|p2a: Milotic|Scald|p1a: Regigigas\n|-damage|p1a: Regigigas|79\/100\n|\n|-heal|p1a: Regigigas|85\/100|[from] item: Leftovers\n|-damage|p2a: Milotic|88\/100 brn|[from] brn\n|upkeep\n|turn|11\n|\n|t:|1700332458\n|move|p2a: Milotic|Toxic|p1a: Regigigas\n|-status|p1a: Regigigas|tox\n|move|p1a: Regigigas|Substitute|p1a: Regigigas\n|-start|p1a: Regigigas|Substitute\n|-damage|p1a: Regigigas|60\/100 tox\n|\n|-heal|p1a: Regigigas|66\/100 tox|[from] item: Leftovers\n|-damage|p1a: Regigigas|60\/100 tox|[from] psn\n|-damage|p2a: Milotic|82\/100 brn|[from] brn\n|upkeep\n|turn|12\n|-message|frankkk699 forfeited.\n|\n|win|insanejokester\n|raw|frankkk699's rating: 1086 &rarr; <strong>1065<\/strong><br \/>(-21 for losing)\n|raw|insanejokester's rating: 1119 &rarr; <strong>1142<\/strong><br \/>(+23 for winning)\n|l|\u2606frankkk699\n","uploadtime":1700332474,"views":6,"p1id":"frankkk699","p2id":"insanejokester","formatid":"gen9nationaldexubers","rating":1065,"private":0,"password":""}