{"id":"gen9nationaldexubers-1988418518","p1":"goolibstien","p2":"PhobosYeah","format":"[Gen 9] National Dex Ubers","log":"|j|\u2606goolibstien\n|j|\u2606PhobosYeah\n|t:|1699720819\n|gametype|singles\n|player|p1|goolibstien|benga|1340\n|player|p2|PhobosYeah|roughneck|1353\n|teamsize|p1|6\n|teamsize|p2|6\n|gen|9\n|tier|[Gen 9] National Dex Ubers\n|rated|\n|rule|HP Percentage Mod: HP is shown in percentages\n|rule|Endless Battle Clause: Forcing endless battles is banned\n|rule|OHKO Clause: OHKO moves are banned\n|rule|Evasion Moves Clause: Evasion moves are banned\n|rule|Evasion Items Clause: Evasion items are banned\n|rule|Species Clause: Limit one of each Pok\u00e9mon\n|rule|Sleep Clause Mod: Limit one foe put to sleep\n|rule|Mega Rayquaza Clause: You cannot mega evolve Rayquaza\n|clearpoke\n|poke|p1|Charizard, F|\n|poke|p1|Kyogre|\n|poke|p1|Zacian-*|\n|poke|p1|Annihilape, F|\n|poke|p1|Arceus-Fairy|\n|poke|p1|Excadrill, M|\n|poke|p2|Ditto|\n|poke|p2|Smeargle, F|\n|poke|p2|Kangaskhan, F|\n|poke|p2|Zoroark-Hisui, F|\n|poke|p2|Ursaluna-Bloodmoon, M|\n|poke|p2|Arceus|\n|teampreview\n|inactive|Battle timer is ON: inactive players will automatically lose when time's up. (requested by goolibstien)\n|c|\u2606PhobosYeah|GLHF\n|c|\u2606goolibstien|same to u\n|\n|t:|1699720832\n|start\n|switch|p1a: Excadrill|Excadrill, M|100\/100\n|switch|p2a: Smeargle|Smeargle, F|100\/100\n|-ability|p1a: Excadrill|Mold Breaker\n|turn|1\n|\n|t:|1699720839\n|move|p1a: Excadrill|Iron Head|p2a: Smeargle\n|-damage|p2a: Smeargle|23\/100\n|move|p2a: Smeargle|Spore|p1a: Excadrill\n|-status|p1a: Excadrill|slp|[from] move: Spore\n|\n|-ability|p2a: Smeargle|Moody|boost\n|-boost|p2a: Smeargle|spe|2\n|-unboost|p2a: Smeargle|def|1\n|upkeep\n|turn|2\n|\n|t:|1699720849\n|move|p2a: Smeargle|Sticky Web|p1a: Excadrill\n|-sidestart|p1: goolibstien|move: Sticky Web\n|cant|p1a: Excadrill|slp\n|\n|-ability|p2a: Smeargle|Moody|boost\n|-boost|p2a: Smeargle|spe|2\n|-unboost|p2a: Smeargle|spa|1\n|upkeep\n|turn|3\n|\n|t:|1699720856\n|move|p2a: Smeargle|Seismic Toss|p1a: Excadrill\n|-damage|p1a: Excadrill|73\/100 slp\n|cant|p1a: Excadrill|slp\n|\n|-ability|p2a: Smeargle|Moody|boost\n|-boost|p2a: Smeargle|def|2\n|-unboost|p2a: Smeargle|spd|1\n|upkeep\n|turn|4\n|\n|t:|1699720864\n|move|p2a: Smeargle|Seismic Toss|p1a: Excadrill\n|-damage|p1a: Excadrill|45\/100 slp\n|-curestatus|p1a: Excadrill|slp|[msg]\n|move|p1a: Excadrill|Iron Head|p2a: Smeargle\n|-damage|p2a: Smeargle|0 fnt\n|faint|p2a: Smeargle\n|\n|upkeep\n|\n|t:|1699720878\n|switch|p2a: Arceus|Arceus|100\/100\n|turn|5\n|\n|t:|1699720884\n|move|p1a: Excadrill|Iron Head|p2a: Arceus\n|-damage|p2a: Arceus|19\/100\n|replace|p2a: Zoroark|Zoroark-Hisui, F\n|-end|p2a: Zoroark|Illusion\n|move|p2a: Zoroark|Flamethrower|p1a: Excadrill\n|-supereffective|p1a: Excadrill\n|-damage|p1a: Excadrill|0 fnt\n|faint|p1a: Excadrill\n|\n|upkeep\n|\n|t:|1699720903\n|switch|p1a: Zacian|Zacian-Crowned|100\/100\n|-activate|p1a: Zacian|move: Sticky Web\n|-unboost|p1a: Zacian|spe|1\n|-ability|p1a: Zacian|Intrepid Sword|boost\n|-boost|p1a: Zacian|atk|1\n|turn|6\n|\n|t:|1699720909\n|switch|p2a: Ditto|Ditto, shiny|100\/100\n|-transform|p2a: Ditto|p1a: Zacian|[from] ability: Imposter\n|-ability|p2a: Ditto|Intrepid Sword|boost\n|-boost|p2a: Ditto|atk|1\n|move|p1a: Zacian|Play Rough|p2a: Ditto\n|-resisted|p2a: Ditto\n|-damage|p2a: Ditto|62\/100\n|\n|upkeep\n|turn|7\n|\n|t:|1699720921\n|move|p2a: Ditto|Behemoth Blade|p1a: Zacian\n|-damage|p1a: Zacian|0 fnt\n|faint|p1a: Zacian\n|\n|upkeep\n|\n|t:|1699720929\n|switch|p1a: Charizard|Charizard, F|100\/100\n|turn|8\n|\n|t:|1699720934\n|detailschange|p1a: Charizard|Charizard-Mega-X, F\n|-mega|p1a: Charizard|Charizard|Charizardite X\n|move|p2a: Ditto|Behemoth Blade|p1a: Charizard\n|-resisted|p1a: Charizard\n|-damage|p1a: Charizard|40\/100\n|move|p1a: Charizard|Dragon Dance|p1a: Charizard\n|-boost|p1a: Charizard|atk|1\n|-boost|p1a: Charizard|spe|1\n|\n|upkeep\n|turn|9\n|\n|t:|1699720945\n|move|p1a: Charizard|Earthquake|p2a: Ditto\n|-supereffective|p2a: Ditto\n|-damage|p2a: Ditto|0 fnt\n|faint|p2a: Ditto\n|\n|upkeep\n|\n|t:|1699720953\n|switch|p2a: Arceus|Arceus|100\/100\n|turn|10\n|\n|t:|1699720959\n|-terastallize|p2a: Arceus|Normal\n|move|p2a: Arceus|Extreme Speed|p1a: Charizard\n|-damage|p1a: Charizard|0 fnt\n|faint|p1a: Charizard\n|\n|upkeep\n|\n|t:|1699720963\n|switch|p1a: Annihilape|Annihilape, F|100\/100\n|-activate|p1a: Annihilape|move: Sticky Web\n|-unboost|p1a: Annihilape|spe|1\n|-ability|p1a: Annihilape|Defiant|boost\n|-boost|p1a: Annihilape|atk|2\n|turn|11\n|\n|t:|1699720974\n|switch|p2a: Ursaluna|Ursaluna-Bloodmoon, M|19\/100\n|-terastallize|p1a: Annihilape|Water\n|move|p1a: Annihilape|Bulk Up|p1a: Annihilape\n|-boost|p1a: Annihilape|atk|1\n|-boost|p1a: Annihilape|def|1\n|\n|upkeep\n|turn|12\n|\n|t:|1699720987\n|move|p2a: Ursaluna|Grass Knot|p1a: Annihilape\n|-supereffective|p1a: Annihilape\n|-damage|p1a: Annihilape|31\/100\n|move|p1a: Annihilape|Drain Punch|p2a: Ursaluna\n|-immune|p2a: Ursaluna\n|\n|-heal|p1a: Annihilape|37\/100|[from] item: Leftovers\n|upkeep\n|turn|13\n|\n|t:|1699720995\n|switch|p1a: Arceus|Arceus-Fairy|100\/100\n|-activate|p1a: Arceus|move: Sticky Web\n|-unboost|p1a: Arceus|spe|1\n|move|p2a: Ursaluna|Grass Knot|p1a: Arceus\n|-damage|p1a: Arceus|60\/100\n|\n|upkeep\n|turn|14\n|\n|t:|1699721005\n|move|p2a: Ursaluna|Grass Knot|p1a: Arceus\n|-crit|p1a: Arceus\n|-damage|p1a: Arceus|4\/100\n|move|p1a: Arceus|Earth Power|p2a: Ursaluna\n|-damage|p2a: Ursaluna|0 fnt\n|replace|p2a: Zoroark|Zoroark-Hisui, F\n|-end|p2a: Zoroark|Illusion\n|faint|p2a: Zoroark\n|\n|upkeep\n|\n|t:|1699721016\n|switch|p2a: Kangaskhan|Kangaskhan, F, shiny|100\/100\n|turn|15\n|-message|goolibstien forfeited.\n|\n|win|PhobosYeah\n|raw|goolibstien's rating: 1340 &rarr; <strong>1321<\/strong><br \/>(-19 for losing)\n|raw|PhobosYeah's rating: 1353 &rarr; <strong>1372<\/strong><br \/>(+19 for winning)\n|l|\u2606goolibstien\n|c|\u2606PhobosYeah|GG\n","uploadtime":1699721039,"views":5,"p1id":"goolibstien","p2id":"phobosyeah","formatid":"gen9nationaldexubers","rating":1321,"private":0,"password":""}