{"id":"gen9nationaldexubers-1979850281","p1":"D. Lawrenzz","p2":"ANinjaDude","format":"[Gen 9] National Dex Ubers","log":"|j|\u2606D. Lawrenzz\n|j|\u2606ANinjaDude\n|t:|1698719915\n|gametype|singles\n|player|p1|D. Lawrenzz|blue-masters|\n|player|p2|ANinjaDude|volkner|\n|teamsize|p1|6\n|teamsize|p2|6\n|gen|9\n|tier|[Gen 9] National Dex Ubers\n|rule|HP Percentage Mod: HP is shown in percentages\n|rule|Endless Battle Clause: Forcing endless battles is banned\n|rule|OHKO Clause: OHKO moves are banned\n|rule|Evasion Moves Clause: Evasion moves are banned\n|rule|Evasion Items Clause: Evasion items are banned\n|rule|Species Clause: Limit one of each Pok\u00e9mon\n|rule|Sleep Clause Mod: Limit one foe put to sleep\n|rule|Mega Rayquaza Clause: You cannot mega evolve Rayquaza\n|clearpoke\n|poke|p1|Ribombee, M|\n|poke|p1|Medicham, M|\n|poke|p1|Great Tusk|\n|poke|p1|Ogerpon-Wellspring, F|\n|poke|p1|Gholdengo|\n|poke|p1|Iron Moth|\n|poke|p2|Landorus-Therian, M|\n|poke|p2|Celesteela|\n|poke|p2|Thundurus-Therian, M|\n|poke|p2|Dragonite, M|\n|poke|p2|Rayquaza|\n|poke|p2|Scizor, F|\n|teampreview\n|inactive|Battle timer is ON: inactive players will automatically lose when time's up. (requested by ANinjaDude)\n|inactive|D. Lawrenzz also wants the timer to be on.\n|c|\u2606ANinjaDude|glhf\n|c|\u2606D. Lawrenzz|hf\n|\n|t:|1698719923\n|start\n|switch|p1a: Ribombee|Ribombee, M|100\/100\n|switch|p2a: Landorus|Landorus-Therian, M|100\/100\n|-ability|p2a: Landorus|Intimidate|boost\n|-unboost|p1a: Ribombee|atk|1\n|turn|1\n|c|\u2606D. Lawrenzz|i have disadvantage here\n|c|\u2606ANinjaDude|webs vs the flying gym\n|\n|t:|1698719933\n|move|p1a: Ribombee|Hidden Power|p2a: Landorus\n|-supereffective|p2a: Landorus\n|-damage|p2a: Landorus|18\/100\n|move|p2a: Landorus|Stealth Rock|p1a: Ribombee\n|-sidestart|p1: D. Lawrenzz|move: Stealth Rock\n|\n|upkeep\n|turn|2\n|\n|t:|1698719937\n|move|p1a: Ribombee|Hidden Power|p2a: Landorus\n|-supereffective|p2a: Landorus\n|-damage|p2a: Landorus|0 fnt\n|faint|p2a: Landorus\n|\n|upkeep\n|\n|t:|1698719939\n|switch|p2a: Celesteela|Celesteela|100\/100\n|turn|3\n|\n|t:|1698719943\n|move|p1a: Ribombee|Stun Spore|p2a: Celesteela\n|-status|p2a: Celesteela|par\n|cant|p2a: Celesteela|par\n|\n|upkeep\n|turn|4\n|\n|t:|1698719947\n|move|p1a: Ribombee|Hidden Power|p2a: Celesteela\n|-damage|p2a: Celesteela|83\/100 par\n|move|p2a: Celesteela|Autotomize|p2a: Celesteela\n|-boost|p2a: Celesteela|spe|2\n|-start|p2a: Celesteela|Autotomize\n|\n|upkeep\n|turn|5\n|\n|t:|1698719963\n|switch|p1a: Medicham|Medicham, M|100\/100\n|-damage|p1a: Medicham|94\/100|[from] Stealth Rock\n|move|p2a: Celesteela|Autotomize|p2a: Celesteela\n|-boost|p2a: Celesteela|spe|2\n|-start|p2a: Celesteela|Autotomize\n|\n|upkeep\n|turn|6\n|\n|t:|1698719978\n|detailschange|p1a: Medicham|Medicham-Mega, M\n|-mega|p1a: Medicham|Medicham|Medichamite\n|move|p1a: Medicham|Fake Out|p2a: Celesteela\n|-resisted|p2a: Celesteela\n|-damage|p2a: Celesteela|73\/100 par\n|cant|p2a: Celesteela|flinch\n|\n|upkeep\n|turn|7\n|\n|t:|1698719984\n|move|p2a: Celesteela|Air Slash|p1a: Medicham\n|-supereffective|p1a: Medicham\n|-damage|p1a: Medicham|0 fnt\n|faint|p1a: Medicham\n|-ability|p2a: Celesteela|Beast Boost|boost\n|-boost|p2a: Celesteela|spa|1\n|\n|upkeep\n|\n|t:|1698719994\n|switch|p1a: Iron Moth|Iron Moth|100\/100\n|-damage|p1a: Iron Moth|76\/100|[from] Stealth Rock\n|-enditem|p1a: Iron Moth|Booster Energy\n|-activate|p1a: Iron Moth|ability: Quark Drive|[fromitem]\n|-start|p1a: Iron Moth|quarkdrivespa\n|turn|8\n|\n|t:|1698720001\n|move|p2a: Celesteela|Meteor Beam||[still]\n|-prepare|p2a: Celesteela|Meteor Beam\n|-boost|p2a: Celesteela|spa|1\n|-enditem|p2a: Celesteela|Power Herb\n|-anim|p2a: Celesteela|Meteor Beam|p1a: Iron Moth\n|-supereffective|p1a: Iron Moth\n|-damage|p1a: Iron Moth|0 fnt\n|faint|p1a: Iron Moth\n|-end|p1a: Iron Moth|Quark Drive|[silent]\n|-ability|p2a: Celesteela|Beast Boost|boost\n|-boost|p2a: Celesteela|spa|1\n|\n|upkeep\n|c|\u2606D. Lawrenzz|wait whattt\n|\n|t:|1698720017\n|switch|p1a: Gholdengo|Gholdengo|100\/100\n|-damage|p1a: Gholdengo|94\/100|[from] Stealth Rock\n|-item|p1a: Gholdengo|Air Balloon\n|turn|9\n|c|\u2606ANinjaDude|you werent optimized for booster speed\n|inactive|D. Lawrenzz has 270 seconds left.\n|\n|t:|1698720038\n|move|p2a: Celesteela|Flash Cannon|p1a: Gholdengo\n|-resisted|p1a: Gholdengo\n|-damage|p1a: Gholdengo|45\/100\n|-enditem|p1a: Gholdengo|Air Balloon\n|move|p1a: Gholdengo|Shadow Ball|p2a: Celesteela\n|-damage|p2a: Celesteela|32\/100 par\n|-unboost|p2a: Celesteela|spd|1\n|\n|upkeep\n|turn|10\n|inactive|D. Lawrenzz has 270 seconds left.\n|c|\u2606ANinjaDude|run 132 SpA\/252 Speed Timid\n|\n|t:|1698720054\n|cant|p2a: Celesteela|par\n|move|p1a: Gholdengo|Shadow Ball|p2a: Celesteela\n|-damage|p2a: Celesteela|0 fnt\n|faint|p2a: Celesteela\n|\n|upkeep\n|c|\u2606D. Lawrenzz|para pls\n|\n|t:|1698720059\n|switch|p2a: Scizor|Scizor, F|100\/100\n|turn|11\n|\n|t:|1698720063\n|detailschange|p2a: Scizor|Scizor-Mega, F\n|-mega|p2a: Scizor|Scizor|Scizorite\n|move|p1a: Gholdengo|Shadow Ball|p2a: Scizor\n|-damage|p2a: Scizor|52\/100\n|move|p2a: Scizor|Swords Dance|p2a: Scizor\n|-boost|p2a: Scizor|atk|2\n|\n|upkeep\n|turn|12\n|\n|t:|1698720069\n|move|p1a: Gholdengo|Shadow Ball|p2a: Scizor\n|-damage|p2a: Scizor|0 fnt\n|faint|p2a: Scizor\n|\n|upkeep\n|\n|t:|1698720074\n|switch|p2a: Rayquaza|Rayquaza|100\/100\n|-ability|p2a: Rayquaza|Air Lock\n|turn|13\n|\n|t:|1698720085\n|move|p2a: Rayquaza|Swords Dance|p2a: Rayquaza\n|-boost|p2a: Rayquaza|atk|2\n|move|p1a: Gholdengo|Power Gem|p2a: Rayquaza\n|-supereffective|p2a: Rayquaza\n|-damage|p2a: Rayquaza|35\/100\n|\n|upkeep\n|turn|14\n|c|\u2606ANinjaDude|ow\n|c|\u2606D. Lawrenzz|spa boost is better though in webs no?\n|\n|t:|1698720098\n|move|p2a: Rayquaza|Earthquake|p1a: Gholdengo\n|-supereffective|p1a: Gholdengo\n|-damage|p1a: Gholdengo|0 fnt\n|faint|p1a: Gholdengo\n|\n|upkeep\n|\n|t:|1698720104\n|switch|p1a: Great Tusk|Great Tusk|100\/100\n|-damage|p1a: Great Tusk|98\/100|[from] Stealth Rock\n|-enditem|p1a: Great Tusk|Booster Energy\n|-activate|p1a: Great Tusk|ability: Protosynthesis|[fromitem]\n|-start|p1a: Great Tusk|protosynthesisatk\n|turn|15\n|c|\u2606ANinjaDude|you're up against the flying gym\n|c|\u2606D. Lawrenzz|what restriction?\n|c|\u2606ANinjaDude|no z\n|c|\u2606D. Lawrenzz|i mean i dont cteam\n|c|\u2606D. Lawrenzz|i only changed the ribombee set\n|inactive|D. Lawrenzz has 270 seconds left.\n|\n|t:|1698720137\n|-terastallize|p1a: Great Tusk|Ground\n|move|p2a: Rayquaza|Dragon Ascent|p1a: Great Tusk\n|-damage|p1a: Great Tusk|0 fnt\n|-unboost|p2a: Rayquaza|def|1\n|-unboost|p2a: Rayquaza|spd|1\n|faint|p1a: Great Tusk\n|-end|p1a: Great Tusk|Protosynthesis|[silent]\n|\n|upkeep\n|inactive|D. Lawrenzz has 270 seconds left.\n|c|\u2606D. Lawrenzz|oh fuck\n|\n|t:|1698720146\n|switch|p1a: Ogerpon|Ogerpon-Wellspring, F|100\/100\n|-damage|p1a: Ogerpon|88\/100|[from] Stealth Rock\n|turn|16\n|c|\u2606ANinjaDude|the power of quaza\n|\n|t:|1698720150\n|move|p1a: Ogerpon|Ivy Cudgel|p2a: Rayquaza\n|-resisted|p2a: Rayquaza\n|-damage|p2a: Rayquaza|0 fnt\n|faint|p2a: Rayquaza\n|\n|upkeep\n|\n|t:|1698720153\n|switch|p2a: Thundurus|Thundurus-Therian, M|100\/100\n|turn|17\n|\n|t:|1698720162\n|move|p1a: Ogerpon|Knock Off|p2a: Thundurus\n|-damage|p2a: Thundurus|43\/100\n|-enditem|p2a: Thundurus|Heavy-Duty Boots|[from] move: Knock Off|[of] p1a: Ogerpon\n|move|p2a: Thundurus|Thunderbolt|p1a: Ogerpon\n|-damage|p1a: Ogerpon|31\/100\n|\n|upkeep\n|turn|18\n|\n|t:|1698720165\n|move|p1a: Ogerpon|Knock Off|p2a: Thundurus\n|-damage|p2a: Thundurus|5\/100\n|move|p2a: Thundurus|Thunderbolt|p1a: Ogerpon\n|-damage|p1a: Ogerpon|0 fnt\n|faint|p1a: Ogerpon\n|\n|upkeep\n|c|\u2606D. Lawrenzz|noooo\n|\n|t:|1698720176\n|switch|p1a: Ribombee|Ribombee, M|100\/100\n|-damage|p1a: Ribombee|76\/100|[from] Stealth Rock\n|turn|19\n|c|\u2606ANinjaDude|ivy cudgel would have killed\n|\n|t:|1698720181\n|move|p1a: Ribombee|Hidden Power|p2a: Thundurus\n|-supereffective|p2a: Thundurus\n|-damage|p2a: Thundurus|0 fnt\n|faint|p2a: Thundurus\n|\n|upkeep\n|\n|t:|1698720183\n|switch|p2a: Dragonite|Dragonite, M|100\/100\n|turn|20\n|\n|t:|1698720191\n|-terastallize|p2a: Dragonite|Normal\n|move|p2a: Dragonite|Extreme Speed|p1a: Ribombee\n|-damage|p1a: Ribombee|0 fnt\n|faint|p1a: Ribombee\n|\n|win|ANinjaDude\n|c|\u2606ANinjaDude|ggs\n|c|\u2606D. Lawrenzz|gg\n|c|\u2606D. Lawrenzz|so close\n","uploadtime":1698720205,"views":7,"p1id":"dlawrenzz","p2id":"aninjadude","formatid":"gen9nationaldexubers","rating":0,"private":0,"password":""}