{"id":"gen9nationaldexubers-1985809159","p1":"Zanty-Chan","p2":"KingoftheTitans","format":"[Gen 9] National Dex Ubers","log":"|j|\u2606Zanty-Chan\n|j|\u2606KingoftheTitans\n|t:|1699408455\n|gametype|singles\n|player|p1|Zanty-Chan|red|1256\n|player|p2|KingoftheTitans|170|1324\n|teamsize|p1|6\n|teamsize|p2|6\n|gen|9\n|tier|[Gen 9] National Dex Ubers\n|rated|\n|rule|HP Percentage Mod: HP is shown in percentages\n|rule|Endless Battle Clause: Forcing endless battles is banned\n|rule|OHKO Clause: OHKO moves are banned\n|rule|Evasion Moves Clause: Evasion moves are banned\n|rule|Evasion Items Clause: Evasion items are banned\n|rule|Species Clause: Limit one of each Pok\u00e9mon\n|rule|Sleep Clause Mod: Limit one foe put to sleep\n|rule|Mega Rayquaza Clause: You cannot mega evolve Rayquaza\n|clearpoke\n|poke|p1|Magearna|\n|poke|p1|Xerneas-*|\n|poke|p1|Aegislash, M|\n|poke|p1|Goodra, M|\n|poke|p1|Greninja-*, M|\n|poke|p1|Klefki, M|\n|poke|p2|Porygon-Z|\n|poke|p2|Absol, F|\n|poke|p2|Iron Valiant|\n|poke|p2|Heatran, M|\n|poke|p2|Genesect|\n|poke|p2|Rotom-Wash|\n|teampreview\n|inactive|Battle timer is ON: inactive players will automatically lose when time's up. (requested by Zanty-Chan)\n|\n|t:|1699408460\n|start\n|switch|p1a: Aegislash|Aegislash, M|100\/100\n|switch|p2a: Genesect|Genesect, shiny|100\/100\n|-ability|p2a: Genesect|Download|boost\n|-boost|p2a: Genesect|spa|1\n|turn|1\n|\n|t:|1699408466\n|move|p2a: Genesect|U-turn|p1a: Aegislash\n|-resisted|p1a: Aegislash\n|-damage|p1a: Aegislash|93\/100\n|\n|t:|1699408474\n|switch|p2a: Heatran|Heatran, M|100\/100|[from] U-turn\n|-item|p2a: Heatran|Air Balloon\n|move|p1a: Aegislash|Substitute|p1a: Aegislash\n|-start|p1a: Aegislash|Substitute\n|-damage|p1a: Aegislash|68\/100\n|\n|-heal|p1a: Aegislash|74\/100|[from] item: Leftovers\n|upkeep\n|turn|2\n|l|\u2606Zanty-Chan\n|inactive|Zanty-Chan disconnected and has a minute to reconnect!\n|player|p1|\n|inactive|Zanty-Chan has 30 seconds to reconnect!\n|j|\u2606Zanty-Chan\n|inactive|Zanty-Chan reconnected and has 120 seconds left.\n|player|p1|Zanty-Chan|red\n|\n|t:|1699408515\n|switch|p1a: Goodra|Goodra, M|100\/100\n|move|p2a: Heatran|Earth Power|p1a: Goodra\n|-damage|p1a: Goodra|87\/100\n|\n|upkeep\n|turn|3\n|\n|t:|1699408531\n|switch|p2a: Iron Valiant|Iron Valiant|100\/100\n|-enditem|p2a: Iron Valiant|Booster Energy\n|-activate|p2a: Iron Valiant|ability: Quark Drive|[fromitem]\n|-start|p2a: Iron Valiant|quarkdrivespe\n|move|p1a: Goodra|Scald|p2a: Iron Valiant\n|-damage|p2a: Iron Valiant|50\/100\n|-status|p2a: Iron Valiant|brn\n|\n|-damage|p2a: Iron Valiant|44\/100 brn|[from] brn\n|upkeep\n|turn|4\n|l|\u2606Zanty-Chan\n|inactive|Zanty-Chan disconnected and has a minute to reconnect!\n|player|p1|\n|inactive|Zanty-Chan has 30 seconds to reconnect!\n|inactive|Zanty-Chan has 20 seconds to reconnect!\n|inactive|Zanty-Chan has 15 seconds to reconnect!\n|j|\u2606Zanty-Chan\n|inactive|Zanty-Chan reconnected and has 70 seconds left.\n|player|p1|Zanty-Chan|red\n|inactive|Zanty-Chan has 60 seconds left.\n|\n|t:|1699408599\n|switch|p1a: Magearna|Magearna|100\/100\n|move|p2a: Iron Valiant|Destiny Bond|p2a: Iron Valiant\n|-singlemove|p2a: Iron Valiant|Destiny Bond\n|\n|-damage|p2a: Iron Valiant|38\/100 brn|[from] brn\n|upkeep\n|turn|5\n|\n|t:|1699408611\n|-end|p2a: Iron Valiant|Quark Drive|[silent]\n|switch|p2a: Heatran|Heatran, M|100\/100\n|-item|p2a: Heatran|Air Balloon\n|move|p1a: Magearna|Shift Gear|p1a: Magearna\n|-boost|p1a: Magearna|spe|2\n|-boost|p1a: Magearna|atk|1\n|\n|upkeep\n|turn|6\n|inactive|Zanty-Chan has 60 seconds left.\n|\n|t:|1699408624\n|move|p1a: Magearna|Aura Sphere|p2a: Heatran\n|-supereffective|p2a: Heatran\n|-damage|p2a: Heatran|46\/100\n|-enditem|p2a: Heatran|Air Balloon\n|move|p2a: Heatran|Magma Storm|p1a: Magearna\n|-supereffective|p1a: Magearna\n|-enditem|p1a: Magearna|Focus Sash\n|-damage|p1a: Magearna|1\/100\n|-activate|p1a: Magearna|move: Magma Storm|[of] p2a: Heatran\n|\n|-damage|p1a: Magearna|0 fnt|[from] move: Magma Storm|[partiallytrapped]\n|faint|p1a: Magearna\n|upkeep\n|\n|t:|1699408642\n|switch|p1a: Goodra|Goodra, M|87\/100\n|turn|7\n|\n|t:|1699408651\n|move|p2a: Heatran|Flash Cannon|p1a: Goodra\n|-damage|p1a: Goodra|66\/100\n|move|p1a: Goodra|Scald|p2a: Heatran\n|-supereffective|p2a: Heatran\n|-damage|p2a: Heatran|0 fnt\n|faint|p2a: Heatran\n|\n|upkeep\n|\n|t:|1699408660\n|switch|p2a: Absol|Absol, F|100\/100\n|turn|8\n|inactive|Zanty-Chan has 60 seconds left.\n|\n|t:|1699408673\n|switch|p1a: Klefki|Klefki, M|100\/100\n|detailschange|p2a: Absol|Absol-Mega, F\n|-mega|p2a: Absol|Absol|Absolite\n|move|p2a: Absol|Play Rough|p1a: Klefki\n|-resisted|p1a: Klefki\n|-damage|p1a: Klefki|79\/100\n|\n|upkeep\n|turn|9\n|inactive|Zanty-Chan has 60 seconds left.\n|\n|t:|1699408681\n|move|p1a: Klefki|Thunder Wave|p2a: Absol\n|move|p2a: Absol|Thunder Wave|p1a: Klefki|[from]ability: Magic Bounce\n|-status|p1a: Klefki|par\n|move|p2a: Absol|Knock Off|p1a: Klefki\n|-resisted|p1a: Klefki\n|-damage|p1a: Klefki|49\/100 par\n|-enditem|p1a: Klefki|Covert Cloak|[from] move: Knock Off|[of] p2a: Absol\n|\n|upkeep\n|turn|10\n|\n|t:|1699408691\n|move|p2a: Absol|Superpower|p1a: Klefki\n|-damage|p1a: Klefki|0 fnt\n|-unboost|p2a: Absol|atk|1\n|-unboost|p2a: Absol|def|1\n|faint|p1a: Klefki\n|\n|upkeep\n|inactive|Zanty-Chan has 60 seconds left.\n|\n|t:|1699408713\n|switch|p1a: Greninja|Greninja, M|100\/100\n|turn|11\n|\n|t:|1699408725\n|switch|p2a: Genesect|Genesect, shiny|100\/100\n|-ability|p2a: Genesect|Download|boost\n|-boost|p2a: Genesect|atk|1\n|move|p1a: Greninja|U-turn|p2a: Genesect\n|-start|p1a: Greninja|typechange|Bug|[from] ability: Protean\n|-resisted|p2a: Genesect\n|-damage|p2a: Genesect|74\/100\n|-damage|p1a: Greninja|91\/100|[from] item: Life Orb\n|\n|t:|1699408743\n|switch|p1a: Goodra|Goodra, M|66\/100|[from] U-turn\n|\n|upkeep\n|turn|12\n|\n|t:|1699408747\n|move|p2a: Genesect|Iron Head|p1a: Goodra\n|-damage|p1a: Goodra|0 fnt\n|-ability|p1a: Goodra|Gooey\n|-unboost|p2a: Genesect|spe|1\n|faint|p1a: Goodra\n|\n|upkeep\n|\n|t:|1699408767\n|switch|p1a: Aegislash|Aegislash, M|74\/100\n|turn|13\n|\n|t:|1699408772\n|switch|p2a: Rotom|Rotom-Wash|100\/100\n|move|p1a: Aegislash|Substitute|p1a: Aegislash\n|-start|p1a: Aegislash|Substitute\n|-damage|p1a: Aegislash|49\/100\n|\n|-heal|p1a: Aegislash|55\/100|[from] item: Leftovers\n|upkeep\n|turn|14\n|\n|t:|1699408779\n|move|p2a: Rotom|Hydro Pump|p1a: Aegislash\n|-end|p1a: Aegislash|Substitute\n|move|p1a: Aegislash|Toxic|p2a: Rotom\n|-status|p2a: Rotom|tox\n|\n|-heal|p1a: Aegislash|62\/100|[from] item: Leftovers\n|-damage|p2a: Rotom|94\/100 tox|[from] psn\n|upkeep\n|turn|15\n|\n|t:|1699408786\n|move|p1a: Aegislash|King's Shield|p1a: Aegislash\n|-singleturn|p1a: Aegislash|Protect\n|move|p2a: Rotom|Will-O-Wisp|p1a: Aegislash\n|-status|p1a: Aegislash|brn\n|\n|-heal|p2a: Rotom|100\/100 tox|[from] item: Leftovers\n|-heal|p1a: Aegislash|68\/100 brn|[from] item: Leftovers\n|-damage|p2a: Rotom|88\/100 tox|[from] psn\n|-damage|p1a: Aegislash|62\/100 brn|[from] brn\n|upkeep\n|turn|16\n|inactive|Zanty-Chan has 60 seconds left.\n|\n|t:|1699408808\n|switch|p2a: Porygon-Z|Porygon-Z|100\/100\n|switch|p1a: Xerneas|Xerneas|100\/100\n|-ability|p1a: Xerneas|Fairy Aura\n|\n|upkeep\n|turn|17\n|inactive|Zanty-Chan has 60 seconds left.\n|\n|t:|1699408815\n|move|p1a: Xerneas|Geomancy||[still]\n|-prepare|p1a: Xerneas|Geomancy\n|-enditem|p1a: Xerneas|Power Herb\n|-anim|p1a: Xerneas|Geomancy|p1a: Xerneas\n|-boost|p1a: Xerneas|spa|2\n|-boost|p1a: Xerneas|spd|2\n|-boost|p1a: Xerneas|spe|2\n|move|p2a: Porygon-Z|Tri Attack|p1a: Xerneas\n|-damage|p1a: Xerneas|69\/100\n|-damage|p2a: Porygon-Z|91\/100|[from] item: Life Orb\n|\n|upkeep\n|turn|18\n|inactive|Zanty-Chan has 60 seconds left.\n|\n|t:|1699408828\n|-terastallize|p1a: Xerneas|Fairy\n|move|p1a: Xerneas|Draining Kiss|p2a: Porygon-Z\n|-damage|p2a: Porygon-Z|0 fnt\n|-heal|p1a: Xerneas|100\/100|[from] drain|[of] p2a: Porygon-Z\n|faint|p2a: Porygon-Z\n|\n|upkeep\n|\n|t:|1699408834\n|switch|p2a: Genesect|Genesect, shiny|74\/100\n|-ability|p2a: Genesect|Download|boost\n|-boost|p2a: Genesect|atk|1\n|turn|19\n|inactive|Zanty-Chan has 60 seconds left.\n|\n|t:|1699408851\n|move|p1a: Xerneas|Psychic|p2a: Genesect\n|-resisted|p2a: Genesect\n|-damage|p2a: Genesect|34\/100\n|move|p2a: Genesect|Iron Head|p1a: Xerneas\n|-supereffective|p1a: Xerneas\n|-damage|p1a: Xerneas|1\/100\n|\n|upkeep\n|turn|20\n|\n|t:|1699408858\n|switch|p2a: Iron Valiant|Iron Valiant|38\/100 brn\n|move|p1a: Xerneas|Psychic|p2a: Iron Valiant\n|-supereffective|p2a: Iron Valiant\n|-damage|p2a: Iron Valiant|0 fnt\n|faint|p2a: Iron Valiant\n|-end|p2a: Iron Valiant|Quark Drive|[silent]\n|\n|upkeep\n|\n|t:|1699408864\n|switch|p2a: Genesect|Genesect, shiny|34\/100\n|-ability|p2a: Genesect|Download|boost\n|-boost|p2a: Genesect|atk|1\n|turn|21\n|\n|t:|1699408868\n|move|p2a: Genesect|Extreme Speed|p1a: Xerneas\n|-damage|p1a: Xerneas|0 fnt\n|faint|p1a: Xerneas\n|\n|upkeep\n|\n|t:|1699408873\n|switch|p1a: Aegislash|Aegislash, M|62\/100 brn\n|turn|22\n|\n|t:|1699408881\n|switch|p2a: Absol|Absol-Mega, F|100\/100\n|-formechange|p1a: Aegislash|Aegislash-Blade||[from] ability: Stance Change\n|move|p1a: Aegislash|Gyro Ball|p2a: Absol\n|-damage|p2a: Absol|53\/100\n|\n|-heal|p1a: Aegislash|68\/100 brn|[from] item: Leftovers\n|-damage|p1a: Aegislash|62\/100 brn|[from] brn\n|upkeep\n|turn|23\n|inactive|Zanty-Chan has 90 seconds left.\n|\n|t:|1699408891\n|-formechange|p1a: Aegislash|Aegislash||[from] ability: Stance Change\n|move|p1a: Aegislash|King's Shield|p1a: Aegislash\n|-singleturn|p1a: Aegislash|Protect\n|move|p2a: Absol|Superpower|p1a: Aegislash\n|-activate|p1a: Aegislash|move: Protect\n|-unboost|p2a: Absol|atk|1\n|\n|-heal|p1a: Aegislash|68\/100 brn|[from] item: Leftovers\n|-damage|p1a: Aegislash|62\/100 brn|[from] brn\n|upkeep\n|turn|24\n|inactive|Zanty-Chan has 90 seconds left.\n|\n|t:|1699408902\n|move|p2a: Absol|Knock Off|p1a: Aegislash\n|-supereffective|p1a: Aegislash\n|-damage|p1a: Aegislash|5\/100 brn\n|-enditem|p1a: Aegislash|Leftovers|[from] move: Knock Off|[of] p2a: Absol\n|-formechange|p1a: Aegislash|Aegislash-Blade||[from] ability: Stance Change\n|move|p1a: Aegislash|Gyro Ball|p2a: Absol\n|-damage|p2a: Absol|8\/100\n|\n|-damage|p1a: Aegislash|0 fnt|[from] brn\n|faint|p1a: Aegislash\n|upkeep\n|\n|t:|1699408925\n|switch|p1a: Greninja|Greninja, M|91\/100\n|turn|25\n|inactive|Zanty-Chan has 60 seconds left.\n|\n|t:|1699408955\n|switch|p2a: Rotom|Rotom-Wash|88\/100 tox\n|move|p1a: Greninja|Waterfall|p2a: Rotom\n|-start|p1a: Greninja|typechange|Water|[from] ability: Protean\n|-resisted|p2a: Rotom\n|-damage|p2a: Rotom|61\/100 tox\n|-damage|p1a: Greninja|81\/100|[from] item: Life Orb\n|\n|-heal|p2a: Rotom|67\/100 tox|[from] item: Leftovers\n|-damage|p2a: Rotom|61\/100 tox|[from] psn\n|upkeep\n|turn|26\n|inactive|Zanty-Chan has 60 seconds left.\n|\n|t:|1699408965\n|move|p1a: Greninja|U-turn|p2a: Rotom\n|-damage|p2a: Rotom|28\/100 tox\n|-damage|p1a: Greninja|71\/100|[from] item: Life Orb\n|move|p2a: Rotom|Thunderbolt|p1a: Greninja\n|-supereffective|p1a: Greninja\n|-damage|p1a: Greninja|0 fnt\n|faint|p1a: Greninja\n|\n|win|KingoftheTitans\n|raw|Zanty-Chan's rating: 1256 &rarr; <strong>1236<\/strong><br \/>(-20 for losing)\n|raw|KingoftheTitans's rating: 1324 &rarr; <strong>1340<\/strong><br \/>(+16 for winning)\n|l|\u2606Zanty-Chan\n","uploadtime":1699408980,"views":18,"p1id":"zantychan","p2id":"kingofthetitans","formatid":"gen9nationaldexubers","rating":1236,"private":0,"password":""}