{"id":"gen9nationaldexubers-1982141070","p1":"Breeze88","p2":"SerasVSpectra","format":"[Gen 9] National Dex Ubers","log":"|j|\u2606Breeze88\n|j|\u2606SerasVSpectra\n|t:|1698972084\n|gametype|singles\n|player|p1|Breeze88|steven|1642\n|player|p2|SerasVSpectra|guitarist|1514\n|teamsize|p1|6\n|teamsize|p2|6\n|gen|9\n|tier|[Gen 9] National Dex Ubers\n|rated|\n|rule|HP Percentage Mod: HP is shown in percentages\n|rule|Endless Battle Clause: Forcing endless battles is banned\n|rule|OHKO Clause: OHKO moves are banned\n|rule|Evasion Moves Clause: Evasion moves are banned\n|rule|Evasion Items Clause: Evasion items are banned\n|rule|Species Clause: Limit one of each Pok\u00e9mon\n|rule|Sleep Clause Mod: Limit one foe put to sleep\n|rule|Mega Rayquaza Clause: You cannot mega evolve Rayquaza\n|clearpoke\n|poke|p1|Shuckle, M|\n|poke|p1|Gholdengo|\n|poke|p1|Yveltal|\n|poke|p1|Groudon|\n|poke|p1|Arceus-Ground|\n|poke|p1|Xerneas-*|\n|poke|p2|Deoxys-Attack|\n|poke|p2|Necrozma-Dawn-Wings|\n|poke|p2|Excadrill, F|\n|poke|p2|Indeedee, M|\n|poke|p2|Shuckle, F|\n|poke|p2|Groudon|\n|teampreview\n|inactive|Battle timer is ON: inactive players will automatically lose when time's up. (requested by Breeze88)\n|c|\u2606Breeze88|glhf\n|\n|t:|1698972093\n|start\n|switch|p1a: Yveltal|Yveltal, shiny|100\/100\n|switch|p2a: Excadrill|Excadrill, F|100\/100\n|-ability|p1a: Yveltal|Dark Aura\n|-ability|p2a: Excadrill|Mold Breaker\n|-item|p2a: Excadrill|Air Balloon\n|turn|1\n|\n|t:|1698972096\n|move|p1a: Yveltal|Taunt|p2a: Excadrill\n|-start|p2a: Excadrill|move: Taunt\n|move|p2a: Excadrill|Rock Tomb|p1a: Yveltal\n|-supereffective|p1a: Yveltal\n|-damage|p1a: Yveltal|58\/100\n|-unboost|p1a: Yveltal|spe|1\n|\n|upkeep\n|turn|2\n|\n|t:|1698972105\n|switch|p2a: Indeedee|Indeedee, M|100\/100\n|-fieldstart|move: Psychic Terrain|[from] ability: Psychic Surge|[of] p2a: Indeedee\n|move|p1a: Yveltal|Dark Pulse|p2a: Indeedee\n|-supereffective|p2a: Indeedee\n|-damage|p2a: Indeedee|0 fnt\n|faint|p2a: Indeedee\n|-damage|p1a: Yveltal|48\/100|[from] item: Life Orb\n|\n|upkeep\n|\n|t:|1698972113\n|switch|p2a: Deoxys|Deoxys-Attack|100\/100\n|-ability|p2a: Deoxys|Pressure\n|turn|3\n|inactive|Breeze88 has 120 seconds left.\n|c|\u2606SerasVSpectra|Glhf\n|c|\u2606Breeze88|thx\n|\n|t:|1698972148\n|move|p1a: Yveltal|Sucker Punch|p2a: Deoxys\n|-activate|p2a: Deoxys|move: Psychic Terrain\n|move|p2a: Deoxys|Thunderbolt|p1a: Yveltal\n|-supereffective|p1a: Yveltal\n|-damage|p1a: Yveltal|0 fnt\n|faint|p1a: Yveltal\n|\n|upkeep\n|c|\u2606SerasVSpectra|Is that a red card Shuckle? XD\n|inactive|Breeze88 has 120 seconds left.\n|c|\u2606Breeze88|im stupid lol\n|c|\u2606Breeze88|maybe\n|c|\u2606SerasVSpectra|Thats my shuckle XDXD\n|\n|t:|1698972161\n|switch|p1a: Shuckle|Shuckle, M, shiny|100\/100\n|turn|4\n|c|\u2606Breeze88|lol\n|inactive|Breeze88 has 120 seconds left.\n|c|\u2606SerasVSpectra|Hahahha im happy XD it got popular\n|\n|t:|1698972181\n|switch|p2a: Excadrill|Excadrill, F|100\/100\n|-ability|p2a: Excadrill|Mold Breaker\n|-item|p2a: Excadrill|Air Balloon\n|move|p1a: Shuckle|Sticky Web|p2a: Excadrill\n|-sidestart|p2: SerasVSpectra|move: Sticky Web\n|\n|upkeep\n|turn|5\n|j| Area39\n|l| Area39\n|\n|t:|1698972192\n|move|p2a: Excadrill|Earthquake|p1a: Shuckle\n|-damage|p1a: Shuckle|71\/100\n|move|p1a: Shuckle|Encore|p2a: Excadrill\n|-start|p2a: Excadrill|Encore\n|\n|upkeep\n|turn|6\n|\n|t:|1698972202\n|switch|p2a: Groudon|Groudon, shiny|100\/100\n|-activate|p2a: Groudon|move: Sticky Web\n|-unboost|p2a: Groudon|spe|1\n|detailschange|p2a: Groudon|Groudon-Primal, shiny\n|-primal|p2a: Groudon|Red Orb\n|-weather|DesolateLand|[from] ability: Desolate Land|[of] p2a: Groudon\n|move|p1a: Shuckle|Stealth Rock|p2a: Groudon\n|-sidestart|p2: SerasVSpectra|move: Stealth Rock\n|\n|-weather|DesolateLand|[upkeep]\n|upkeep\n|turn|7\n|\n|t:|1698972209\n|move|p2a: Groudon|Power-Up Punch|p1a: Shuckle\n|-damage|p1a: Shuckle|60\/100\n|-boost|p2a: Groudon|atk|1\n|move|p1a: Shuckle|Encore|p2a: Groudon\n|-start|p2a: Groudon|Encore\n|\n|-weather|DesolateLand|[upkeep]\n|upkeep\n|turn|8\n|\n|t:|1698972216\n|-weather|none\n|switch|p2a: Excadrill|Excadrill, F|100\/100\n|-damage|p2a: Excadrill|97\/100|[from] Stealth Rock\n|-ability|p2a: Excadrill|Mold Breaker\n|-item|p2a: Excadrill|Air Balloon\n|switch|p1a: Gholdengo|Gholdengo|100\/100\n|\n|upkeep\n|turn|9\n|\n|t:|1698972224\n|move|p2a: Excadrill|Rock Tomb|p1a: Gholdengo\n|-resisted|p1a: Gholdengo\n|-damage|p1a: Gholdengo|90\/100\n|-unboost|p1a: Gholdengo|spe|1\n|move|p1a: Gholdengo|Shadow Ball|p2a: Excadrill\n|-damage|p2a: Excadrill|9\/100\n|-enditem|p2a: Excadrill|Air Balloon\n|\n|-fieldend|move: Psychic Terrain\n|upkeep\n|turn|10\n|\n|t:|1698972231\n|switch|p1a: Shuckle|Shuckle, M, shiny|60\/100\n|move|p2a: Excadrill|Earthquake|p1a: Shuckle\n|-damage|p1a: Shuckle|27\/100\n|\n|upkeep\n|turn|11\n|\n|t:|1698972237\n|move|p2a: Excadrill|Rapid Spin|p1a: Shuckle\n|-resisted|p1a: Shuckle\n|-damage|p1a: Shuckle|22\/100\n|-boost|p2a: Excadrill|spe|1\n|-sideend|p2: SerasVSpectra|Stealth Rock|[from] move: Rapid Spin|[of] p2a: Excadrill\n|-sideend|p2: SerasVSpectra|Sticky Web|[from] move: Rapid Spin|[of] p2a: Excadrill\n|move|p1a: Shuckle|Encore|p2a: Excadrill\n|-start|p2a: Excadrill|Encore\n|\n|upkeep\n|turn|12\n|\n|t:|1698972244\n|move|p2a: Excadrill|Rapid Spin|p1a: Shuckle\n|-resisted|p1a: Shuckle\n|-damage|p1a: Shuckle|16\/100\n|-boost|p2a: Excadrill|spe|1\n|move|p1a: Shuckle|Sticky Web|p2a: Excadrill\n|-sidestart|p2: SerasVSpectra|move: Sticky Web\n|\n|upkeep\n|turn|13\n|\n|t:|1698972250\n|switch|p1a: Gholdengo|Gholdengo|90\/100\n|move|p2a: Excadrill|Rapid Spin|p1a: Gholdengo\n|-immune|p1a: Gholdengo\n|\n|upkeep\n|turn|14\n|\n|t:|1698972252\n|move|p2a: Excadrill|Rapid Spin|p1a: Gholdengo\n|-immune|p1a: Gholdengo\n|move|p1a: Gholdengo|Shadow Ball|p2a: Excadrill\n|-damage|p2a: Excadrill|0 fnt\n|faint|p2a: Excadrill\n|\n|upkeep\n|\n|t:|1698972259\n|switch|p2a: Shuckle|Shuckle, F|100\/100\n|-activate|p2a: Shuckle|move: Sticky Web\n|-unboost|p2a: Shuckle|spe|1\n|turn|15\n|\n|t:|1698972285\n|switch|p1a: Groudon|Groudon|100\/100\n|detailschange|p1a: Groudon|Groudon-Primal\n|-primal|p1a: Groudon|Red Orb\n|-weather|DesolateLand|[from] ability: Desolate Land|[of] p1a: Groudon\n|move|p2a: Shuckle|Sticky Web|p1a: Groudon\n|-sidestart|p1: Breeze88|move: Sticky Web\n|\n|-weather|DesolateLand|[upkeep]\n|upkeep\n|turn|16\n|\n|t:|1698972289\n|move|p1a: Groudon|Eruption|p2a: Shuckle\n|-damage|p2a: Shuckle|13\/100\n|-enditem|p2a: Shuckle|Red Card|[of] p1a: Groudon\n|-weather|none\n|drag|p1a: Shuckle|Shuckle, M, shiny|16\/100\n|-activate|p1a: Shuckle|move: Sticky Web\n|-unboost|p1a: Shuckle|spe|1\n|move|p2a: Shuckle|Stealth Rock|p1a: Shuckle\n|-sidestart|p1: Breeze88|move: Stealth Rock\n|\n|upkeep\n|turn|17\n|\n|t:|1698972295\n|move|p2a: Shuckle|Mud-Slap|p1a: Shuckle\n|-damage|p1a: Shuckle|16\/100\n|-unboost|p1a: Shuckle|accuracy|1\n|move|p1a: Shuckle|Stealth Rock|p2a: Shuckle\n|-sidestart|p2: SerasVSpectra|move: Stealth Rock\n|\n|upkeep\n|turn|18\n|\n|t:|1698972309\n|move|p2a: Shuckle|Mud-Slap|p1a: Shuckle\n|-damage|p1a: Shuckle|14\/100\n|-unboost|p1a: Shuckle|accuracy|1\n|move|p1a: Shuckle|Knock Off|p2a: Shuckle|[miss]\n|-miss|p1a: Shuckle|p2a: Shuckle\n|\n|upkeep\n|turn|19\n|c|\u2606Breeze88|this if pure evil\n|c|\u2606Breeze88|is*\n|c|\u2606SerasVSpectra|Yes XD\n|c|\u2606Breeze88|I like it\n|\n|t:|1698972337\n|move|p2a: Shuckle|Mud-Slap|p1a: Shuckle\n|-damage|p1a: Shuckle|14\/100\n|-unboost|p1a: Shuckle|accuracy|1\n|move|p1a: Shuckle|Knock Off|p2a: Shuckle\n|-damage|p2a: Shuckle|10\/100\n|\n|upkeep\n|turn|20\n|c|\u2606SerasVSpectra|U though ur shuckle was this set\n|\n|t:|1698972345\n|move|p2a: Shuckle|Toxic|p1a: Shuckle\n|-status|p1a: Shuckle|tox\n|move|p1a: Shuckle|Knock Off|p2a: Shuckle\n|-crit|p2a: Shuckle\n|-damage|p2a: Shuckle|7\/100\n|\n|-damage|p1a: Shuckle|7\/100 tox|[from] psn\n|upkeep\n|turn|21\n|\n|t:|1698972349\n|move|p2a: Shuckle|Mud-Slap|p1a: Shuckle\n|-damage|p1a: Shuckle|7\/100 tox\n|-unboost|p1a: Shuckle|accuracy|1\n|move|p1a: Shuckle|Knock Off|p2a: Shuckle|[miss]\n|-miss|p1a: Shuckle|p2a: Shuckle\n|\n|-damage|p1a: Shuckle|0 fnt|[from] psn\n|faint|p1a: Shuckle\n|upkeep\n|\n|t:|1698972359\n|switch|p1a: Arceus|Arceus-Ground|100\/100\n|-activate|p1a: Arceus|move: Sticky Web\n|-unboost|p1a: Arceus|spe|1\n|-damage|p1a: Arceus|94\/100|[from] Stealth Rock\n|turn|22\n|c|\u2606SerasVSpectra|I though*\n|\n|t:|1698972363\n|move|p1a: Arceus|Earthquake|p2a: Shuckle\n|-damage|p2a: Shuckle|0 fnt\n|faint|p2a: Shuckle\n|\n|upkeep\n|\n|t:|1698972368\n|switch|p2a: Necrozma|Necrozma-Dawn-Wings|100\/100\n|-activate|p2a: Necrozma|move: Sticky Web\n|-unboost|p2a: Necrozma|spe|1\n|-damage|p2a: Necrozma|88\/100|[from] Stealth Rock\n|turn|23\n|c|\u2606Breeze88|yeah\n|\n|t:|1698972374\n|detailschange|p2a: Necrozma|Necrozma-Ultra\n|-burst|p2a: Necrozma|Necrozma|Ultranecrozium Z\n|move|p2a: Necrozma|Photon Geyser|p1a: Arceus\n|-damage|p1a: Arceus|45\/100\n|move|p1a: Arceus|Swords Dance|p1a: Arceus\n|-boost|p1a: Arceus|atk|2\n|\n|upkeep\n|turn|24\n|\n|t:|1698972397\n|move|p2a: Necrozma|Photon Geyser|p1a: Arceus\n|-damage|p1a: Arceus|0 fnt\n|faint|p1a: Arceus\n|\n|upkeep\n|\n|t:|1698972421\n|switch|p1a: Gholdengo|Gholdengo|90\/100\n|-activate|p1a: Gholdengo|move: Sticky Web\n|-unboost|p1a: Gholdengo|spe|1\n|-damage|p1a: Gholdengo|84\/100|[from] Stealth Rock\n|turn|25\n|\n|t:|1698972426\n|-terastallize|p1a: Gholdengo|Steel\n|move|p2a: Necrozma|Moongeist Beam|p1a: Gholdengo\n|-damage|p1a: Gholdengo|34\/100\n|move|p1a: Gholdengo|Shadow Ball|p2a: Necrozma\n|-supereffective|p2a: Necrozma\n|-crit|p2a: Necrozma\n|-damage|p2a: Necrozma|0 fnt\n|faint|p2a: Necrozma\n|\n|upkeep\n|\n|t:|1698972433\n|switch|p2a: Groudon|Groudon-Primal, shiny|100\/100\n|-activate|p2a: Groudon|move: Sticky Web\n|-unboost|p2a: Groudon|spe|1\n|-damage|p2a: Groudon|88\/100|[from] Stealth Rock\n|-weather|DesolateLand|[from] ability: Desolate Land|[of] p2a: Groudon\n|turn|26\n|\n|t:|1698972435\n|move|p2a: Groudon|Rock Polish|p2a: Groudon\n|-boost|p2a: Groudon|spe|2\n|move|p1a: Gholdengo|Shadow Ball|p2a: Groudon\n|-damage|p2a: Groudon|7\/100\n|\n|-weather|DesolateLand|[upkeep]\n|upkeep\n|turn|27\n|\n|t:|1698972441\n|move|p2a: Groudon|Fire Punch|p1a: Gholdengo\n|-supereffective|p1a: Gholdengo\n|-damage|p1a: Gholdengo|0 fnt\n|faint|p1a: Gholdengo\n|\n|-weather|DesolateLand|[upkeep]\n|upkeep\n|\n|t:|1698972443\n|switch|p1a: Xerneas|Xerneas, shiny|100\/100\n|-activate|p1a: Xerneas|move: Sticky Web\n|-unboost|p1a: Xerneas|spe|1\n|-damage|p1a: Xerneas|88\/100|[from] Stealth Rock\n|-ability|p1a: Xerneas|Fairy Aura\n|turn|28\n|\n|t:|1698972450\n|move|p2a: Groudon|Precipice Blades|p1a: Xerneas\n|-damage|p1a: Xerneas|24\/100\n|move|p1a: Xerneas|Moonblast|p2a: Groudon\n|-resisted|p2a: Groudon\n|-damage|p2a: Groudon|0 fnt\n|faint|p2a: Groudon\n|-weather|none\n|\n|upkeep\n|\n|t:|1698972454\n|switch|p2a: Deoxys|Deoxys-Attack|100\/100\n|-activate|p2a: Deoxys|move: Sticky Web\n|-unboost|p2a: Deoxys|spe|1\n|-damage|p2a: Deoxys|88\/100|[from] Stealth Rock\n|-ability|p2a: Deoxys|Pressure\n|turn|29\n|\n|t:|1698972457\n|-terastallize|p2a: Deoxys|Psychic\n|move|p2a: Deoxys|Psychic|p1a: Xerneas\n|-damage|p1a: Xerneas|0 fnt\n|faint|p1a: Xerneas\n|\n|upkeep\n|c|\u2606SerasVSpectra|Gg\n|\n|t:|1698972461\n|switch|p1a: Groudon|Groudon-Primal|100\/100\n|-activate|p1a: Groudon|move: Sticky Web\n|-unboost|p1a: Groudon|spe|1\n|-damage|p1a: Groudon|88\/100|[from] Stealth Rock\n|-weather|DesolateLand|[from] ability: Desolate Land|[of] p1a: Groudon\n|turn|30\n|c|\u2606Breeze88|ggwp\n|c|\u2606Breeze88|thx\n|c|\u2606SerasVSpectra|I dont think i kill\n|c|\u2606Breeze88|It has a chance\n|c|\u2606SerasVSpectra|But... Gg in any case XD\n|c|\u2606Breeze88|yeah\n|\n|t:|1698972486\n|move|p2a: Deoxys|Psychic|p1a: Groudon\n|-damage|p1a: Groudon|2\/100\n|move|p1a: Groudon|Rock Tomb|p2a: Deoxys|[miss]\n|-miss|p1a: Groudon|p2a: Deoxys\n|\n|-weather|DesolateLand|[upkeep]\n|upkeep\n|turn|31\n|c|\u2606SerasVSpectra|Thats unfair\n|c|\u2606SerasVSpectra|I will nasty plot\n|c|\u2606Breeze88|well that was doubly unexpected\n|c|\u2606SerasVSpectra|U win\n|inactive|SerasVSpectra has 120 seconds left.\n|\n|t:|1698972508\n|move|p2a: Deoxys|Nasty Plot|p2a: Deoxys\n|-boost|p2a: Deoxys|spa|2\n|move|p1a: Groudon|Rock Tomb|p2a: Deoxys\n|-damage|p2a: Deoxys|0 fnt\n|faint|p2a: Deoxys\n|\n|win|Breeze88\n|raw|Breeze88's rating: 1642 &rarr; <strong>1655<\/strong><br \/>(+13 for winning)\n|raw|SerasVSpectra's rating: 1514 &rarr; <strong>1501<\/strong><br \/>(-13 for losing)\n|c|\u2606Breeze88|thank you\n|c|\u2606Breeze88|good luck with sticky web\n|l|\u2606Breeze88\n|c|\u2606SerasVSpectra|Haha\n","uploadtime":1698972523,"views":13,"p1id":"breeze88","p2id":"serasvspectra","formatid":"gen9nationaldexubers","rating":1501,"private":0,"password":""}