{"id":"gen9nationaldexubers-1981261230","p1":"EeveeGirlStar","p2":"Viviexists","format":"[Gen 9] National Dex Ubers","log":"|j|\u2606EeveeGirlStar\n|j|\u2606Viviexists\n|t:|1698877406\n|gametype|singles\n|player|p1|EeveeGirlStar|elaine|\n|player|p2|Viviexists|mela|\n|teamsize|p1|6\n|teamsize|p2|6\n|gen|9\n|tier|[Gen 9] National Dex Ubers\n|rule|HP Percentage Mod: HP is shown in percentages\n|rule|Endless Battle Clause: Forcing endless battles is banned\n|rule|OHKO Clause: OHKO moves are banned\n|rule|Evasion Moves Clause: Evasion moves are banned\n|rule|Evasion Items Clause: Evasion items are banned\n|rule|Species Clause: Limit one of each Pok\u00e9mon\n|rule|Sleep Clause Mod: Limit one foe put to sleep\n|rule|Mega Rayquaza Clause: You cannot mega evolve Rayquaza\n|clearpoke\n|poke|p1|Torkoal, M|\n|poke|p1|Charizard, M|\n|poke|p1|Iron Moth|\n|poke|p1|Scovillain, F|\n|poke|p1|Volcanion|\n|poke|p1|Ceruledge, M|\n|poke|p2|Sinistcha|\n|poke|p2|Ting-Lu|\n|poke|p2|Alomomola, M|\n|poke|p2|Iron Hands|\n|poke|p2|Sableye, F|\n|poke|p2|Skeledirge, M|\n|teampreview\n|j| Destinum\n|c|\u2606EeveeGirlStar|glhf\n|\n|t:|1698877426\n|start\n|switch|p1a: If I Catch Fire|Volcanion|100\/100\n|switch|p2a: The Ring|Sableye, F|100\/100\n|turn|1\n|\n|t:|1698877428\n|detailschange|p2a: The Ring|Sableye-Mega, F\n|-mega|p2a: The Ring|Sableye|Sablenite\n|move|p1a: If I Catch Fire|Steam Eruption|p2a: The Ring\n|-damage|p2a: The Ring|53\/100\n|move|p2a: The Ring|Knock Off|p1a: If I Catch Fire\n|-damage|p1a: If I Catch Fire|78\/100\n|-enditem|p1a: If I Catch Fire|Heavy-Duty Boots|[from] move: Knock Off|[of] p2a: The Ring\n|\n|upkeep\n|turn|2\n|\n|t:|1698877437\n|move|p1a: If I Catch Fire|Steam Eruption|p2a: The Ring\n|-damage|p2a: The Ring|10\/100\n|move|p2a: The Ring|Recover|p2a: The Ring\n|-heal|p2a: The Ring|60\/100\n|\n|upkeep\n|turn|3\n|j| SkillzBP\n|c| Destinum|Vivi pulling out the stall team.\n|\n|t:|1698877446\n|switch|p2a: Poltergeist|Sinistcha|100\/100\n|move|p1a: If I Catch Fire|Steam Eruption|p2a: Poltergeist\n|-resisted|p2a: Poltergeist\n|-damage|p2a: Poltergeist|65\/100\n|\n|-heal|p2a: Poltergeist|71\/100|[from] item: Leftovers\n|upkeep\n|turn|4\n|\n|t:|1698877451\n|move|p2a: Poltergeist|Matcha Gotcha|p1a: If I Catch Fire\n|-crit|p1a: If I Catch Fire\n|-damage|p1a: If I Catch Fire|32\/100\n|-heal|p2a: Poltergeist|96\/100|[from] drain|[of] p1a: If I Catch Fire\n|move|p1a: If I Catch Fire|Flamethrower|p2a: Poltergeist\n|-supereffective|p2a: Poltergeist\n|-damage|p2a: Poltergeist|33\/100\n|\n|-heal|p2a: Poltergeist|39\/100|[from] item: Leftovers\n|upkeep\n|turn|5\n|j| Jack0lantern89\n|\n|t:|1698877456\n|move|p2a: Poltergeist|Matcha Gotcha|p1a: If I Catch Fire\n|-damage|p1a: If I Catch Fire|0 fnt\n|-heal|p2a: Poltergeist|56\/100|[from] drain|[of] p1a: If I Catch Fire\n|faint|p1a: If I Catch Fire\n|\n|-heal|p2a: Poltergeist|62\/100|[from] item: Leftovers\n|upkeep\n|c| Jack0lantern89|stall\n|c| Jack0lantern89|not fun\n|\n|t:|1698877477\n|switch|p1a: I\u2019ll Take My Turn|Ceruledge, M|100\/100\n|turn|6\n|j| Bug Maniac Swaggy\n|c| Jack0lantern89|but matcha gotcha\n|\n|t:|1698877481\n|move|p1a: I\u2019ll Take My Turn|Poltergeist|p2a: Poltergeist\n|-activate|p2a: Poltergeist|move: Poltergeist|Leftovers\n|-supereffective|p2a: Poltergeist\n|-damage|p2a: Poltergeist|0 fnt\n|faint|p2a: Poltergeist\n|\n|upkeep\n|c| Jack0lantern89|so its better\n|\n|t:|1698877489\n|switch|p2a: The Shining|Alomomola, M|100\/100\n|turn|7\n|c| Destinum|Well, it's not *super stally* at least, just a bit.\n|\n|t:|1698877492\n|switch|p1a: All My Troubles|Torkoal, M|100\/100\n|-weather|SunnyDay|[from] ability: Drought|[of] p1a: All My Troubles\n|move|p2a: The Shining|Scald|p1a: All My Troubles\n|-supereffective|p1a: All My Troubles\n|-crit|p1a: All My Troubles\n|-damage|p1a: All My Troubles|74\/100\n|\n|-weather|SunnyDay|[upkeep]\n|upkeep\n|turn|8\n|\n|t:|1698877498\n|move|p2a: The Shining|Flip Turn|p1a: All My Troubles\n|-supereffective|p1a: All My Troubles\n|-damage|p1a: All My Troubles|65\/100\n|\n|t:|1698877503\n|switch|p2a: IT|Iron Hands|100\/100|[from] Flip Turn\n|move|p1a: All My Troubles|Lava Plume|p2a: IT\n|-damage|p2a: IT|80\/100\n|\n|-weather|SunnyDay|[upkeep]\n|upkeep\n|turn|9\n|c| Jack0lantern89|idk if i should like the team\n|\n|t:|1698877510\n|switch|p1a: Burning Pile|Charizard, M|100\/100\n|move|p2a: IT|Earthquake|p1a: Burning Pile\n|-immune|p1a: Burning Pile\n|\n|-weather|SunnyDay|[upkeep]\n|upkeep\n|turn|10\n|c| Jack0lantern89|sinischa and hands are like\n|c| Jack0lantern89|super based\n|c| Jack0lantern89|but durge and sableye are\n|\n|t:|1698877523\n|detailschange|p1a: Burning Pile|Charizard-Mega-X, M\n|-mega|p1a: Burning Pile|Charizard|Charizardite X\n|move|p1a: Burning Pile|Flare Blitz|p2a: IT\n|-damage|p2a: IT|4\/100\n|-damage|p1a: Burning Pile|57\/100|[from] Recoil\n|move|p2a: IT|Drain Punch|p1a: Burning Pile\n|-damage|p1a: Burning Pile|7\/100\n|-heal|p2a: IT|19\/100|[from] drain|[of] p1a: Burning Pile\n|\n|-weather|SunnyDay|[upkeep]\n|upkeep\n|turn|11\n|\n|t:|1698877534\n|-end|p2a: IT|Quark Drive|[silent]\n|switch|p2a: The Shining|Alomomola, M|100\/100\n|move|p1a: Burning Pile|Dragon Claw|p2a: The Shining\n|-damage|p2a: The Shining|73\/100\n|-damage|p1a: Burning Pile|0 fnt|[from] item: Rocky Helmet|[of] p2a: The Shining\n|faint|p1a: Burning Pile\n|\n|-weather|SunnyDay|[upkeep]\n|upkeep\n|c| Jack0lantern89|a butch of losers\n|\n|t:|1698877539\n|switch|p1a: I Start To Smile|Scovillain, F|100\/100\n|turn|12\n|\n|t:|1698877545\n|move|p2a: The Shining|Protect|p2a: The Shining\n|-singleturn|p2a: The Shining|Protect\n|move|p1a: I Start To Smile|Giga Drain|p2a: The Shining\n|-activate|p2a: The Shining|move: Protect\n|\n|-weather|SunnyDay|[upkeep]\n|upkeep\n|turn|13\n|\n|t:|1698877550\n|switch|p2a: Beetlejuice|Skeledirge, M|100\/100\n|move|p1a: I Start To Smile|Giga Drain|p2a: Beetlejuice\n|-resisted|p2a: Beetlejuice\n|-damage|p2a: Beetlejuice|85\/100\n|-damage|p1a: I Start To Smile|91\/100|[from] item: Life Orb\n|\n|-weather|SunnyDay|[upkeep]\n|upkeep\n|turn|14\n|\n|t:|1698877562\n|move|p1a: I Start To Smile|Fire Blast|p2a: Beetlejuice\n|-resisted|p2a: Beetlejuice\n|-damage|p2a: Beetlejuice|52\/100\n|-damage|p1a: I Start To Smile|81\/100|[from] item: Life Orb\n|move|p2a: Beetlejuice|Torch Song|p1a: I Start To Smile\n|-damage|p1a: I Start To Smile|0 fnt\n|-boost|p2a: Beetlejuice|spa|1\n|faint|p1a: I Start To Smile\n|\n|-weather|none\n|upkeep\n|\n|t:|1698877565\n|switch|p1a: I\u2019ll Take My Turn|Ceruledge, M|100\/100\n|turn|15\n|\n|t:|1698877572\n|move|p1a: I\u2019ll Take My Turn|Poltergeist|p2a: Beetlejuice|[miss]\n|-miss|p1a: I\u2019ll Take My Turn|p2a: Beetlejuice\n|move|p2a: Beetlejuice|Hex|p1a: I\u2019ll Take My Turn\n|-supereffective|p1a: I\u2019ll Take My Turn\n|-damage|p1a: I\u2019ll Take My Turn|15\/100\n|\n|upkeep\n|turn|16\n|c|\u2606EeveeGirlStar|yeah gg\n|j| Moonz_e\n|c|\u2606EeveeGirlStar|misclicks fucked me over\n|c|\u2606EeveeGirlStar|g1\n|l| Moonz_e\n|\n|t:|1698877602\n|-terastallize|p2a: Beetlejuice|Water\n|move|p1a: I\u2019ll Take My Turn|Poltergeist|p2a: Beetlejuice\n|-activate|p2a: Beetlejuice|move: Poltergeist|Heavy-Duty Boots\n|-damage|p2a: Beetlejuice|5\/100\n|move|p2a: Beetlejuice|Slack Off|p2a: Beetlejuice\n|-heal|p2a: Beetlejuice|55\/100\n|\n|upkeep\n|turn|17\n|j| Moonz_e\n|\n|t:|1698877625\n|move|p1a: I\u2019ll Take My Turn|Poltergeist|p2a: Beetlejuice\n|-activate|p2a: Beetlejuice|move: Poltergeist|Heavy-Duty Boots\n|-damage|p2a: Beetlejuice|10\/100\n|move|p2a: Beetlejuice|Slack Off|p2a: Beetlejuice\n|-heal|p2a: Beetlejuice|60\/100\n|\n|upkeep\n|turn|18\n|\n|t:|1698877632\n|move|p1a: I\u2019ll Take My Turn|Poltergeist|p2a: Beetlejuice\n|-activate|p2a: Beetlejuice|move: Poltergeist|Heavy-Duty Boots\n|-damage|p2a: Beetlejuice|17\/100\n|move|p2a: Beetlejuice|Slack Off|p2a: Beetlejuice\n|-heal|p2a: Beetlejuice|67\/100\n|\n|upkeep\n|turn|19\n|\n|t:|1698877638\n|move|p1a: I\u2019ll Take My Turn|Poltergeist|p2a: Beetlejuice\n|-activate|p2a: Beetlejuice|move: Poltergeist|Heavy-Duty Boots\n|-crit|p2a: Beetlejuice\n|-damage|p2a: Beetlejuice|0 fnt\n|faint|p2a: Beetlejuice\n|\n|upkeep\n|c|\u2606EeveeGirlStar|finally wow\n|\n|t:|1698877643\n|switch|p2a: Scooby Doo|Ting-Lu|100\/100\n|-ability|p2a: Scooby Doo|Vessel of Ruin\n|turn|20\n|c|\u2606Viviexists|I wanted a miss :(\n|\n|t:|1698877653\n|move|p1a: I\u2019ll Take My Turn|Bitter Blade|p2a: Scooby Doo\n|-damage|p2a: Scooby Doo|82\/100\n|-heal|p1a: I\u2019ll Take My Turn|31\/100|[from] drain|[of] p2a: Scooby Doo\n|move|p2a: Scooby Doo|Earthquake|p1a: I\u2019ll Take My Turn\n|-supereffective|p1a: I\u2019ll Take My Turn\n|-damage|p1a: I\u2019ll Take My Turn|0 fnt\n|faint|p1a: I\u2019ll Take My Turn\n|\n|-heal|p2a: Scooby Doo|88\/100|[from] item: Leftovers\n|upkeep\n|\n|t:|1698877656\n|switch|p1a: All My Troubles|Torkoal, M|65\/100\n|-weather|SunnyDay|[from] ability: Drought|[of] p1a: All My Troubles\n|turn|21\n|\n|t:|1698877663\n|move|p2a: Scooby Doo|Stealth Rock|p1a: All My Troubles\n|-sidestart|p1: EeveeGirlStar|move: Stealth Rock\n|move|p1a: All My Troubles|Body Press|p2a: Scooby Doo\n|-supereffective|p2a: Scooby Doo\n|-damage|p2a: Scooby Doo|64\/100\n|\n|-weather|SunnyDay|[upkeep]\n|-heal|p2a: Scooby Doo|70\/100|[from] item: Leftovers\n|upkeep\n|turn|22\n|\n|t:|1698877668\n|move|p2a: Scooby Doo|Earthquake|p1a: All My Troubles\n|-supereffective|p1a: All My Troubles\n|-damage|p1a: All My Troubles|20\/100\n|move|p1a: All My Troubles|Body Press|p2a: Scooby Doo\n|-supereffective|p2a: Scooby Doo\n|-damage|p2a: Scooby Doo|42\/100\n|\n|-weather|SunnyDay|[upkeep]\n|-heal|p2a: Scooby Doo|48\/100|[from] item: Leftovers\n|upkeep\n|turn|23\n|\n|t:|1698877675\n|move|p2a: Scooby Doo|Earthquake|p1a: All My Troubles\n|-supereffective|p1a: All My Troubles\n|-damage|p1a: All My Troubles|0 fnt\n|faint|p1a: All My Troubles\n|\n|-weather|SunnyDay|[upkeep]\n|-heal|p2a: Scooby Doo|55\/100|[from] item: Leftovers\n|upkeep\n|\n|t:|1698877676\n|switch|p1a: All Lit Up|Iron Moth|100\/100\n|-damage|p1a: All Lit Up|76\/100|[from] Stealth Rock\n|turn|24\n|c|\u2606EeveeGirlStar|gg\n|\n|t:|1698877681\n|move|p1a: All Lit Up|Fiery Dance|p2a: Scooby Doo\n|-damage|p2a: Scooby Doo|15\/100\n|-boost|p1a: All Lit Up|spa|1\n|move|p2a: Scooby Doo|Earthquake|p1a: All Lit Up\n|-supereffective|p1a: All Lit Up\n|-damage|p1a: All Lit Up|0 fnt\n|faint|p1a: All Lit Up\n|-end|p1a: All Lit Up|Quark Drive|[silent]\n|\n|win|Viviexists\n|c|\u2606Viviexists|Gg\n|l|\u2606EeveeGirlStar\n|l| Bug Maniac Swaggy\n|l|\u2606Viviexists\n|j|\u2606Viviexists\n|player|p2|Viviexists|mela\n","uploadtime":1698877708,"views":17,"p1id":"eeveegirlstar","p2id":"viviexists","formatid":"gen9nationaldexubers","rating":0,"private":0,"password":""}