{"id":"gen9nationaldexubers-1979109292","p1":"FrostFir","p2":"Roku789","format":"[Gen 9] National Dex Ubers","log":"|j|\u2606FrostFir\n|j|\u2606Roku789\n|t:|1698633406\n|gametype|singles\n|player|p1|FrostFir|266|\n|player|p2|Roku789|wattson|\n|teamsize|p1|6\n|teamsize|p2|6\n|gen|9\n|tier|[Gen 9] National Dex Ubers\n|rule|HP Percentage Mod: HP is shown in percentages\n|rule|Endless Battle Clause: Forcing endless battles is banned\n|rule|OHKO Clause: OHKO moves are banned\n|rule|Evasion Moves Clause: Evasion moves are banned\n|rule|Evasion Items Clause: Evasion items are banned\n|rule|Species Clause: Limit one of each Pok\u00e9mon\n|rule|Sleep Clause Mod: Limit one foe put to sleep\n|rule|Mega Rayquaza Clause: You cannot mega evolve Rayquaza\n|clearpoke\n|poke|p1|Marshadow|\n|poke|p1|Regieleki|\n|poke|p1|Swampert, F|\n|poke|p1|Togekiss, F|\n|poke|p1|Goodra-Hisui, F|\n|poke|p1|Ditto|\n|poke|p2|Mamoswine, F|\n|poke|p2|Shaymin-Sky|\n|poke|p2|Kleavor, F|\n|poke|p2|Sableye, F|\n|poke|p2|Gardevoir, M|\n|poke|p2|Murkrow, F|\n|teampreview\n|j| Downtown8265\n|c|\u2606FrostFir|Glhf\n|j| TheWinterborn\n|\n|t:|1698633517\n|start\n|switch|p1a: Kemuri|Ditto|100\/100\n|switch|p2a: Sableye|Sableye, F|100\/100\n|-transform|p1a: Kemuri|p2a: Sableye|[from] ability: Imposter\n|turn|1\n|j| kidtorro\n|\n|t:|1698633590\n|detailschange|p2a: Sableye|Sableye-Mega, F\n|-mega|p2a: Sableye|Sableye|Sablenite\n|move|p1a: Kemuri|Night Shade|p2a: Sableye\n|-damage|p2a: Sableye|67\/100\n|move|p2a: Sableye|Knock Off|p1a: Kemuri\n|-damage|p1a: Kemuri|70\/100\n|-enditem|p1a: Kemuri|Choice Scarf|[from] move: Knock Off|[of] p2a: Sableye\n|\n|upkeep\n|turn|2\n|\n|t:|1698633602\n|move|p1a: Kemuri|Night Shade|p2a: Sableye\n|-damage|p2a: Sableye|34\/100\n|move|p2a: Sableye|Thunder Wave|p1a: Kemuri\n|-status|p1a: Kemuri|par\n|\n|upkeep\n|turn|3\n|\n|t:|1698633608\n|move|p2a: Sableye|Recover|p2a: Sableye\n|-heal|p2a: Sableye|85\/100\n|move|p1a: Kemuri|Night Shade|p2a: Sableye\n|-damage|p2a: Sableye|52\/100\n|\n|upkeep\n|turn|4\n|\n|t:|1698633614\n|move|p2a: Sableye|Recover|p2a: Sableye\n|-heal|p2a: Sableye|100\/100\n|cant|p1a: Kemuri|par\n|\n|upkeep\n|turn|5\n|\n|t:|1698633639\n|move|p2a: Sableye|Knock Off|p1a: Kemuri\n|-damage|p1a: Kemuri|51\/100 par\n|cant|p1a: Kemuri|par\n|\n|upkeep\n|turn|6\n|\n|t:|1698633645\n|move|p2a: Sableye|Night Shade|p1a: Kemuri\n|-damage|p1a: Kemuri|18\/100 par\n|move|p1a: Kemuri|Recover|p1a: Kemuri\n|-heal|p1a: Kemuri|68\/100 par\n|\n|upkeep\n|turn|7\n|\n|t:|1698633653\n|move|p2a: Sableye|Night Shade|p1a: Kemuri\n|-damage|p1a: Kemuri|34\/100 par\n|move|p1a: Kemuri|Recover|p1a: Kemuri\n|-heal|p1a: Kemuri|84\/100 par\n|\n|upkeep\n|turn|8\n|\n|t:|1698633659\n|move|p2a: Sableye|Night Shade|p1a: Kemuri\n|-damage|p1a: Kemuri|51\/100 par\n|move|p1a: Kemuri|Night Shade|p2a: Sableye\n|-damage|p2a: Sableye|67\/100\n|\n|upkeep\n|turn|9\n|\n|t:|1698633671\n|move|p2a: Sableye|Night Shade|p1a: Kemuri\n|-damage|p1a: Kemuri|18\/100 par\n|cant|p1a: Kemuri|par\n|\n|upkeep\n|turn|10\n|\n|t:|1698633678\n|move|p2a: Sableye|Recover|p2a: Sableye\n|-heal|p2a: Sableye|100\/100\n|move|p1a: Kemuri|Night Shade|p2a: Sableye\n|-damage|p2a: Sableye|67\/100\n|\n|upkeep\n|turn|11\n|\n|t:|1698633685\n|move|p2a: Sableye|Recover|p2a: Sableye\n|-heal|p2a: Sableye|100\/100\n|cant|p1a: Kemuri|par\n|\n|upkeep\n|turn|12\n|\n|t:|1698633699\n|move|p2a: Sableye|Night Shade|p1a: Kemuri\n|-damage|p1a: Kemuri|0 fnt\n|faint|p1a: Kemuri\n|\n|upkeep\n|\n|t:|1698633705\n|switch|p1a: Windsprite|Togekiss, F|100\/100\n|turn|13\n|\n|t:|1698633721\n|switch|p2a: Kleavor|Kleavor, F|100\/100\n|move|p1a: Windsprite|Dazzling Gleam|p2a: Kleavor\n|-damage|p2a: Kleavor|42\/100\n|\n|upkeep\n|turn|14\n|\n|t:|1698633735\n|move|p1a: Windsprite|Dazzling Gleam|p2a: Kleavor\n|-damage|p2a: Kleavor|0 fnt\n|faint|p2a: Kleavor\n|\n|upkeep\n|\n|t:|1698633745\n|switch|p2a: Mamoswine|Mamoswine, F|100\/100\n|turn|15\n|\n|t:|1698633753\n|move|p2a: Mamoswine|Icicle Crash|p1a: Windsprite\n|-supereffective|p1a: Windsprite\n|-damage|p1a: Windsprite|0 fnt\n|faint|p1a: Windsprite\n|\n|upkeep\n|\n|t:|1698633769\n|switch|p1a: Ion|Marshadow|100\/100\n|turn|16\n|\n|t:|1698633802\n|move|p2a: Mamoswine|Icicle Crash|p1a: Ion\n|-damage|p1a: Ion|43\/100\n|move|p1a: Ion|Ice Punch|p2a: Mamoswine\n|-damage|p2a: Mamoswine|83\/100\n|-damage|p1a: Ion|33\/100|[from] item: Life Orb\n|\n|upkeep\n|turn|17\n|\n|t:|1698633810\n|move|p1a: Ion|Shadow Sneak|p2a: Mamoswine\n|-damage|p2a: Mamoswine|41\/100\n|-damage|p1a: Ion|23\/100|[from] item: Life Orb\n|move|p2a: Mamoswine|Icicle Crash|p1a: Ion\n|-damage|p1a: Ion|0 fnt\n|faint|p1a: Ion\n|\n|upkeep\n|\n|t:|1698633821\n|switch|p1a: Willow|Goodra-Hisui, F|100\/100\n|turn|18\n|\n|t:|1698633831\n|switch|p2a: Sableye|Sableye-Mega, F|100\/100\n|move|p1a: Willow|Body Press|p2a: Sableye\n|-immune|p2a: Sableye\n|\n|upkeep\n|turn|19\n|\n|t:|1698633839\n|move|p1a: Willow|Acid Armor|p1a: Willow\n|-boost|p1a: Willow|def|2\n|move|p2a: Sableye|Thunder Wave|p1a: Willow\n|-status|p1a: Willow|par\n|\n|upkeep\n|turn|20\n|\n|t:|1698633853\n|cant|p1a: Willow|par\n|move|p2a: Sableye|Knock Off|p1a: Willow\n|-damage|p1a: Willow|87\/100 par\n|-enditem|p1a: Willow|Leftovers|[from] move: Knock Off|[of] p2a: Sableye\n|\n|upkeep\n|turn|21\n|\n|t:|1698633859\n|move|p1a: Willow|Flash Cannon|p2a: Sableye\n|-damage|p2a: Sableye|63\/100\n|move|p2a: Sableye|Night Shade|p1a: Willow\n|-damage|p1a: Willow|60\/100 par\n|\n|upkeep\n|turn|22\n|\n|t:|1698633875\n|move|p1a: Willow|Flash Cannon|p2a: Sableye\n|-damage|p2a: Sableye|22\/100\n|move|p2a: Sableye|Recover|p2a: Sableye\n|-heal|p2a: Sableye|72\/100\n|\n|upkeep\n|turn|23\n|\n|t:|1698633881\n|move|p1a: Willow|Flash Cannon|p2a: Sableye\n|-damage|p2a: Sableye|34\/100\n|move|p2a: Sableye|Recover|p2a: Sableye\n|-heal|p2a: Sableye|84\/100\n|\n|upkeep\n|turn|24\n|\n|t:|1698633889\n|cant|p1a: Willow|par\n|move|p2a: Sableye|Night Shade|p1a: Willow\n|-damage|p1a: Willow|32\/100 par\n|\n|upkeep\n|turn|25\n|\n|t:|1698633894\n|cant|p1a: Willow|par\n|move|p2a: Sableye|Night Shade|p1a: Willow\n|-damage|p1a: Willow|5\/100 par\n|\n|upkeep\n|turn|26\n|\n|t:|1698633898\n|cant|p1a: Willow|par\n|move|p2a: Sableye|Night Shade|p1a: Willow\n|-damage|p1a: Willow|0 fnt\n|faint|p1a: Willow\n|\n|upkeep\n|\n|t:|1698633908\n|switch|p1a: Remi|Regieleki|100\/100\n|turn|27\n|\n|t:|1698633922\n|-terastallize|p1a: Remi|Ice\n|move|p1a: Remi|Tera Blast|p2a: Sableye|[anim] Tera Blast Ice\n|-damage|p2a: Sableye|48\/100\n|move|p2a: Sableye|Knock Off|p1a: Remi\n|-damage|p1a: Remi|40\/100\n|-enditem|p1a: Remi|Heavy-Duty Boots|[from] move: Knock Off|[of] p2a: Sableye\n|\n|upkeep\n|turn|28\n|j| bobrumba\n|\n|t:|1698633952\n|move|p1a: Remi|Thunderbolt|p2a: Sableye\n|-damage|p2a: Sableye|0 fnt\n|faint|p2a: Sableye\n|\n|upkeep\n|\n|t:|1698633965\n|switch|p2a: Mamoswine|Mamoswine, F|41\/100\n|turn|29\n|\n|t:|1698633981\n|switch|p2a: Gardevoir|Gardevoir, M|100\/100\n|-ability|p2a: Gardevoir|Transistor|[from] ability: Trace|[of] p1a: Remi\n|move|p1a: Remi|Tera Blast|p2a: Gardevoir|[anim] Tera Blast Ice\n|-damage|p2a: Gardevoir|65\/100\n|\n|upkeep\n|turn|30\n|\n|t:|1698633989\n|move|p1a: Remi|Tera Blast|p2a: Gardevoir|[anim] Tera Blast Ice\n|-damage|p2a: Gardevoir|30\/100\n|move|p2a: Gardevoir|Destiny Bond|p2a: Gardevoir\n|-singlemove|p2a: Gardevoir|Destiny Bond\n|\n|upkeep\n|turn|31\n|\n|t:|1698633999\n|switch|p2a: Shaymin|Shaymin-Sky|100\/100\n|move|p1a: Remi|Volt Switch|p2a: Shaymin\n|-damage|p2a: Shaymin|51\/100\n|\n|t:|1698634004\n|switch|p1a: Ofelia|Swampert, F|100\/100|[from] Volt Switch\n|\n|-heal|p2a: Shaymin|57\/100|[from] item: Leftovers\n|upkeep\n|turn|32\n|\n|t:|1698634020\n|move|p2a: Shaymin|Seed Flare|p1a: Ofelia|[miss]\n|-miss|p2a: Shaymin|p1a: Ofelia\n|move|p1a: Ofelia|Ice Punch|p2a: Shaymin\n|-supereffective|p2a: Shaymin\n|-damage|p2a: Shaymin|0 fnt\n|faint|p2a: Shaymin\n|\n|upkeep\n|c|\u2606Roku789|WHY GOD WHY\n|c| TheWinterborn|insane play\n|c| TheWinterborn|then a miss\n|j| Valboberton\n|c| TheWinterborn|thats so rough\n|\n|t:|1698634042\n|switch|p2a: Gardevoir|Gardevoir, M|30\/100\n|-ability|p2a: Gardevoir|Torrent|[from] ability: Trace|[of] p1a: Ofelia\n|turn|33\n|\n|t:|1698634052\n|move|p2a: Gardevoir|Energy Ball|p1a: Ofelia\n|-supereffective|p1a: Ofelia\n|-damage|p1a: Ofelia|0 fnt\n|faint|p1a: Ofelia\n|\n|upkeep\n|\n|t:|1698634057\n|switch|p1a: Remi|Regieleki, tera:Ice|40\/100\n|turn|34\n|\n|t:|1698634069\n|move|p1a: Remi|Tera Blast|p2a: Gardevoir|[anim] Tera Blast Ice\n|-damage|p2a: Gardevoir|0 fnt\n|faint|p2a: Gardevoir\n|\n|upkeep\n|\n|t:|1698634071\n|switch|p2a: Murkrow|Murkrow, F|100\/100\n|turn|35\n|\n|t:|1698634077\n|move|p2a: Murkrow|Thunder Wave|p1a: Remi|[miss]\n|-miss|p2a: Murkrow|p1a: Remi\n|move|p1a: Remi|Thunderbolt|p2a: Murkrow\n|-supereffective|p2a: Murkrow\n|-enditem|p2a: Murkrow|Focus Sash\n|-damage|p2a: Murkrow|1\/100\n|\n|upkeep\n|turn|36\n|\n|t:|1698634085\n|move|p2a: Murkrow|Thunder Wave|p1a: Remi\n|-status|p1a: Remi|par\n|move|p1a: Remi|Rapid Spin|p2a: Murkrow\n|-damage|p2a: Murkrow|0 fnt\n|-boost|p1a: Remi|spe|1\n|faint|p2a: Murkrow\n|\n|upkeep\n|\n|t:|1698634087\n|switch|p2a: Mamoswine|Mamoswine, F|41\/100\n|turn|37\n|\n|t:|1698634094\n|move|p2a: Mamoswine|Earthquake|p1a: Remi\n|-damage|p1a: Remi|0 fnt\n|faint|p1a: Remi\n|\n|win|Roku789\n|c|\u2606Roku789|gg\n|c|\u2606FrostFir|Gg\n|l| Downtown8265\n","uploadtime":1698634167,"views":15,"p1id":"frostfir","p2id":"roku789","formatid":"gen9nationaldexubers","rating":0,"private":0,"password":""}