{"id":"gen9nationaldexubers-1985015898","p1":"PKMN Trainer Acorn","p2":"sachothegreat","format":"[Gen 9] National Dex Ubers","log":"|j|\u2606PKMN Trainer Acorn\n|j|\u2606sachothegreat\n|t:|1699320974\n|gametype|singles\n|player|p1|PKMN Trainer Acorn|hilbert|1350\n|player|p2|sachothegreat|101|1411\n|teamsize|p1|6\n|teamsize|p2|6\n|gen|9\n|tier|[Gen 9] National Dex Ubers\n|rated|\n|rule|HP Percentage Mod: HP is shown in percentages\n|rule|Endless Battle Clause: Forcing endless battles is banned\n|rule|OHKO Clause: OHKO moves are banned\n|rule|Evasion Moves Clause: Evasion moves are banned\n|rule|Evasion Items Clause: Evasion items are banned\n|rule|Species Clause: Limit one of each Pok\u00e9mon\n|rule|Sleep Clause Mod: Limit one foe put to sleep\n|rule|Mega Rayquaza Clause: You cannot mega evolve Rayquaza\n|clearpoke\n|poke|p1|Necrozma-Dusk-Mane|\n|poke|p1|Yveltal|\n|poke|p1|Groudon|\n|poke|p1|Marshadow|\n|poke|p1|Kyogre|\n|poke|p1|Zacian-*|\n|poke|p2|Arceus|\n|poke|p2|Groudon|\n|poke|p2|Kyogre|\n|poke|p2|Darkrai|\n|poke|p2|Blastoise, M|\n|poke|p2|Regieleki|\n|teampreview\n|inactive|Battle timer is ON: inactive players will automatically lose when time's up. (requested by PKMN Trainer Acorn)\n|\n|t:|1699320983\n|start\n|switch|p1a: Necrozma|Necrozma-Dusk-Mane|100\/100\n|switch|p2a: Blastoise|Blastoise, M|100\/100\n|turn|1\n|\n|t:|1699320998\n|detailschange|p2a: Blastoise|Blastoise-Mega, M\n|-mega|p2a: Blastoise|Blastoise|Blastoisinite\n|detailschange|p1a: Necrozma|Necrozma-Ultra\n|-burst|p1a: Necrozma|Necrozma|Ultranecrozium Z\n|move|p1a: Necrozma|Photon Geyser|p2a: Blastoise\n|-damage|p2a: Blastoise|48\/100\n|move|p2a: Blastoise|Yawn|p1a: Necrozma\n|-start|p1a: Necrozma|move: Yawn|[of] p2a: Blastoise\n|\n|upkeep\n|turn|2\n|\n|t:|1699321026\n|move|p1a: Necrozma|Photon Geyser|p2a: Blastoise\n|-damage|p2a: Blastoise|0 fnt\n|faint|p2a: Blastoise\n|\n|-end|p1a: Necrozma|move: Yawn|[silent]\n|-status|p1a: Necrozma|slp\n|upkeep\n|inactive|sachothegreat has 120 seconds left.\n|\n|t:|1699321048\n|switch|p2a: Arceus|Arceus|100\/100\n|turn|3\n|\n|t:|1699321063\n|move|p2a: Arceus|Cosmic Power|p2a: Arceus\n|-boost|p2a: Arceus|def|1\n|-boost|p2a: Arceus|spd|1\n|cant|p1a: Necrozma|slp\n|\n|upkeep\n|turn|4\n|\n|t:|1699321069\n|move|p2a: Arceus|Cosmic Power|p2a: Arceus\n|-boost|p2a: Arceus|def|1\n|-boost|p2a: Arceus|spd|1\n|cant|p1a: Necrozma|slp\n|\n|upkeep\n|turn|5\n|\n|t:|1699321074\n|move|p2a: Arceus|Cosmic Power|p2a: Arceus\n|-boost|p2a: Arceus|def|1\n|-boost|p2a: Arceus|spd|1\n|-curestatus|p1a: Necrozma|slp|[msg]\n|-zpower|p1a: Necrozma\n|move|p1a: Necrozma|Light That Burns the Sky|p2a: Arceus|[zeffect]\n|-damage|p2a: Arceus|63\/100\n|\n|upkeep\n|turn|6\n|\n|t:|1699321084\n|move|p2a: Arceus|Cosmic Power|p2a: Arceus\n|-boost|p2a: Arceus|def|1\n|-boost|p2a: Arceus|spd|1\n|move|p1a: Necrozma|Sunsteel Strike|p2a: Arceus\n|-damage|p2a: Arceus|53\/100\n|\n|upkeep\n|turn|7\n|\n|t:|1699321097\n|switch|p1a: Marshadow|Marshadow|100\/100\n|move|p2a: Arceus|Cosmic Power|p2a: Arceus\n|-boost|p2a: Arceus|def|1\n|-boost|p2a: Arceus|spd|1\n|-enditem|p1a: Marshadow|Mirror Herb\n|-boost|p1a: Marshadow|def|1|[from] item: Mirror Herb\n|-boost|p1a: Marshadow|spd|1|[from] item: Mirror Herb\n|\n|upkeep\n|turn|8\n|\n|t:|1699321110\n|switch|p2a: Darkrai|Darkrai|100\/100\n|move|p1a: Marshadow|Shadow Sneak|p2a: Darkrai\n|-resisted|p2a: Darkrai\n|-damage|p2a: Darkrai|81\/100\n|\n|upkeep\n|turn|9\n|\n|t:|1699321117\n|move|p1a: Marshadow|Drain Punch|p2a: Darkrai\n|-supereffective|p2a: Darkrai\n|-damage|p2a: Darkrai|0 fnt\n|faint|p2a: Darkrai\n|\n|upkeep\n|\n|t:|1699321126\n|switch|p2a: Groudon|Groudon|100\/100\n|detailschange|p2a: Groudon|Groudon-Primal\n|-primal|p2a: Groudon|Red Orb\n|-weather|DesolateLand|[from] ability: Desolate Land|[of] p2a: Groudon\n|turn|10\n|\n|t:|1699321133\n|move|p1a: Marshadow|Swagger|p2a: Groudon\n|-boost|p2a: Groudon|atk|2\n|-start|p2a: Groudon|confusion\n|-activate|p2a: Groudon|confusion\n|move|p2a: Groudon|Earthquake|p1a: Marshadow\n|-damage|p1a: Marshadow|0 fnt\n|faint|p1a: Marshadow\n|\n|-weather|DesolateLand|[upkeep]\n|upkeep\n|\n|t:|1699321153\n|switch|p1a: Kyogre|Kyogre|100\/100\n|detailschange|p1a: Kyogre|Kyogre-Primal\n|-primal|p1a: Kyogre|Blue Orb\n|-weather|PrimordialSea|[from] ability: Primordial Sea|[of] p1a: Kyogre\n|turn|11\n|\n|t:|1699321163\n|switch|p2a: Regieleki|Regieleki|100\/100\n|move|p1a: Kyogre|Water Spout|p2a: Regieleki\n|-enditem|p2a: Regieleki|Focus Sash\n|-damage|p2a: Regieleki|1\/100\n|\n|-weather|PrimordialSea|[upkeep]\n|upkeep\n|turn|12\n|\n|t:|1699321174\n|-terastallize|p2a: Regieleki|Electric\n|move|p2a: Regieleki|Thunder|p1a: Kyogre\n|-supereffective|p1a: Kyogre\n|-damage|p1a: Kyogre|0 fnt\n|faint|p1a: Kyogre\n|-weather|none\n|\n|upkeep\n|\n|t:|1699321189\n|switch|p1a: Groudon|Groudon|100\/100\n|detailschange|p1a: Groudon|Groudon-Primal\n|-primal|p1a: Groudon|Red Orb\n|-weather|DesolateLand|[from] ability: Desolate Land|[of] p1a: Groudon\n|turn|13\n|\n|t:|1699321198\n|switch|p2a: Kyogre|Kyogre|100\/100\n|detailschange|p2a: Kyogre|Kyogre-Primal\n|-primal|p2a: Kyogre|Blue Orb\n|-weather|PrimordialSea|[from] ability: Primordial Sea|[of] p2a: Kyogre\n|move|p1a: Groudon|Earthquake|p2a: Kyogre\n|-crit|p2a: Kyogre\n|-damage|p2a: Kyogre|21\/100\n|\n|-weather|PrimordialSea|[upkeep]\n|upkeep\n|turn|14\n|\n|t:|1699321207\n|switch|p1a: Necrozma|Necrozma-Ultra|100\/100\n|move|p2a: Kyogre|Surf|p1a: Necrozma\n|-resisted|p1a: Necrozma\n|-damage|p1a: Necrozma|62\/100\n|\n|-weather|PrimordialSea|[upkeep]\n|upkeep\n|turn|15\n|\n|t:|1699321220\n|move|p1a: Necrozma|Earthquake|p2a: Kyogre\n|-damage|p2a: Kyogre|0 fnt\n|faint|p2a: Kyogre\n|-weather|none\n|\n|upkeep\n|\n|t:|1699321228\n|switch|p2a: Arceus|Arceus|53\/100\n|turn|16\n|\n|t:|1699321241\n|move|p2a: Arceus|Rest|p2a: Arceus\n|-status|p2a: Arceus|slp|[from] move: Rest\n|-enditem|p2a: Arceus|Lum Berry|[eat]\n|-curestatus|p2a: Arceus|slp|[msg]\n|-heal|p2a: Arceus|100\/100|[silent]\n|move|p1a: Necrozma|Photon Geyser|p2a: Arceus\n|-damage|p2a: Arceus|54\/100\n|\n|upkeep\n|turn|17\n|\n|t:|1699321255\n|move|p2a: Arceus|Cosmic Power|p2a: Arceus\n|-boost|p2a: Arceus|def|1\n|-boost|p2a: Arceus|spd|1\n|move|p1a: Necrozma|Photon Geyser|p2a: Arceus\n|-damage|p2a: Arceus|22\/100\n|\n|upkeep\n|turn|18\n|\n|t:|1699321266\n|move|p2a: Arceus|Hyper Voice|p1a: Necrozma\n|-damage|p1a: Necrozma|18\/100\n|move|p1a: Necrozma|Photon Geyser|p2a: Arceus\n|-damage|p2a: Arceus|0 fnt\n|faint|p2a: Arceus\n|\n|upkeep\n|\n|t:|1699321274\n|switch|p2a: Groudon|Groudon-Primal|100\/100\n|-weather|DesolateLand|[from] ability: Desolate Land|[of] p2a: Groudon\n|turn|19\n|\n|t:|1699321283\n|move|p1a: Necrozma|Earthquake|p2a: Groudon\n|-supereffective|p2a: Groudon\n|-damage|p2a: Groudon|30\/100\n|move|p2a: Groudon|Earthquake|p1a: Necrozma\n|-damage|p1a: Necrozma|0 fnt\n|faint|p1a: Necrozma\n|\n|-weather|DesolateLand|[upkeep]\n|upkeep\n|-message|sachothegreat forfeited.\n|\n|win|PKMN Trainer Acorn\n|raw|PKMN Trainer Acorn's rating: 1350 &rarr; <strong>1373<\/strong><br \/>(+23 for winning)\n|raw|sachothegreat's rating: 1411 &rarr; <strong>1388<\/strong><br \/>(-23 for losing)\n|l|\u2606sachothegreat\n","uploadtime":1699321295,"views":5,"p1id":"pkmntraineracorn","p2id":"sachothegreat","formatid":"gen9nationaldexubers","rating":1373,"private":0,"password":""}