{"id":"gen9nationaldexubers-1980506222","p1":"Malice Incarnate","p2":"IncandescentCandle","format":"[Gen 9] National Dex Ubers","log":"|j|\u2606Malice Incarnate\n|j|\u2606IncandescentCandle\n|t:|1698791553\n|gametype|singles\n|player|p1|Malice Incarnate|palmer|\n|player|p2|IncandescentCandle|waitress-gen4|\n|teamsize|p1|6\n|teamsize|p2|6\n|gen|9\n|tier|[Gen 9] National Dex Ubers\n|rule|HP Percentage Mod: HP is shown in percentages\n|rule|Endless Battle Clause: Forcing endless battles is banned\n|rule|OHKO Clause: OHKO moves are banned\n|rule|Evasion Moves Clause: Evasion moves are banned\n|rule|Evasion Items Clause: Evasion items are banned\n|rule|Species Clause: Limit one of each Pok\u00e9mon\n|rule|Sleep Clause Mod: Limit one foe put to sleep\n|rule|Mega Rayquaza Clause: You cannot mega evolve Rayquaza\n|clearpoke\n|poke|p1|Ogerpon-Hearthflame, F|\n|poke|p1|Volcanion|\n|poke|p1|Arcanine-Hisui, M|\n|poke|p1|Cinderace, M|\n|poke|p1|Heatran, F|\n|poke|p1|Charizard, F|\n|poke|p2|Ursaluna-Bloodmoon, M|\n|poke|p2|Tapu Koko|\n|poke|p2|Sneasler, M|\n|poke|p2|Raichu-Alola, M|\n|poke|p2|Aerodactyl, F|\n|poke|p2|Baxcalibur, M|\n|teampreview\n|inactive|Battle timer is ON: inactive players will automatically lose when time's up. (requested by Malice Incarnate)\n|j| Moonz_e\n|c|\u2606IncandescentCandle|hf\n|c|\u2606Malice Incarnate|u2\n|j| Destinum\n|c|\u2606IncandescentCandle|poison bm\n|j| A_Gamer8414\n|c| Moonz_e|You can do it Athy\n|\n|t:|1698791568\n|start\n|switch|p1a: Arcanine|Arcanine-Hisui, M|100\/100\n|switch|p2a: Stay|Tapu Koko|100\/100\n|-fieldstart|move: Electric Terrain|[from] ability: Electric Surge|[of] p2a: Stay\n|turn|1\n|c| Moonz_e|I believe\n|\n|t:|1698791576\n|switch|p2a: Under|Ursaluna-Bloodmoon, M|100\/100\n|move|p1a: Arcanine|Flare Blitz|p2a: Under\n|-damage|p2a: Under|73\/100\n|\n|-heal|p2a: Under|79\/100|[from] item: Leftovers\n|upkeep\n|turn|2\n|c|\u2606Malice Incarnate|tera and captain\n|c|\u2606IncandescentCandle|i said it already\n|c|\u2606IncandescentCandle|but poison bm\n|c| Destinum|Send the watch link.\n|c|\u2606IncandescentCandle|mb\n|c|\u2606Malice Incarnate|oh i thought that was you saying you were bming me\n|\n|t:|1698791603\n|switch|p1a: Heatran|Heatran, F|100\/100\n|-item|p1a: Heatran|Air Balloon\n|move|p2a: Under|Blood Moon|p1a: Heatran\n|-resisted|p1a: Heatran\n|-damage|p1a: Heatran|71\/100\n|-enditem|p1a: Heatran|Air Balloon\n|\n|-heal|p2a: Under|85\/100|[from] item: Leftovers\n|upkeep\n|turn|3\n|c|\u2606IncandescentCandle|lmfaoo\n|\n|t:|1698791608\n|switch|p1a: Charizard|Charizard, F|100\/100\n|switch|p2a: Stay|Tapu Koko|100\/100\n|\n|upkeep\n|turn|4\n|\n|t:|1698791613\n|switch|p1a: Heatran|Heatran, F|71\/100\n|move|p2a: Stay|Light Screen|p2a: Stay\n|-sidestart|p2: IncandescentCandle|move: Light Screen\n|\n|upkeep\n|turn|5\n|j| Viviexists\n|j| ArcticIzagi\n|\n|t:|1698791616\n|move|p2a: Stay|Taunt|p1a: Heatran\n|-start|p1a: Heatran|move: Taunt\n|cant|p1a: Heatran|move: Taunt|Taunt\n|\n|-fieldend|move: Electric Terrain\n|upkeep\n|turn|6\n|\n|t:|1698791619\n|move|p2a: Stay|Reflect|p2a: Stay\n|-sidestart|p2: IncandescentCandle|Reflect\n|move|p1a: Heatran|Magma Storm|p2a: Stay\n|-damage|p2a: Stay|75\/100\n|-activate|p2a: Stay|move: Magma Storm|[of] p1a: Heatran\n|\n|-damage|p2a: Stay|63\/100|[from] move: Magma Storm|[partiallytrapped]\n|upkeep\n|turn|7\n|\n|t:|1698791623\n|move|p2a: Stay|U-turn|p1a: Heatran\n|-resisted|p1a: Heatran\n|-damage|p1a: Heatran|67\/100\n|j| Astro Rifk\n|j| Jack0lantern89\n|\n|t:|1698791625\n|switch|p2a: New Sky|Aerodactyl, F|100\/100|[from] U-turn\n|move|p1a: Heatran|Earth Power|p2a: New Sky\n|-immune|p2a: New Sky\n|\n|-end|p1a: Heatran|move: Taunt\n|upkeep\n|turn|8\n|j| Frosty707\n|\n|t:|1698791631\n|detailschange|p2a: New Sky|Aerodactyl-Mega, F\n|-mega|p2a: New Sky|Aerodactyl|Aerodactylite\n|move|p2a: New Sky|Dragon Dance|p2a: New Sky\n|-boost|p2a: New Sky|atk|1\n|-boost|p2a: New Sky|spe|1\n|move|p1a: Heatran|Magma Storm|p2a: New Sky\n|-resisted|p2a: New Sky\n|-damage|p2a: New Sky|87\/100\n|-activate|p2a: New Sky|move: Magma Storm|[of] p1a: Heatran\n|\n|-damage|p2a: New Sky|75\/100|[from] move: Magma Storm|[partiallytrapped]\n|upkeep\n|turn|9\n|j| Bug Maniac Swaggy\n|l| Bug Maniac Swaggy\n|c| Destinum|These names seem familiar Athy.\n|\n|t:|1698791636\n|move|p2a: New Sky|Stone Edge|p1a: Heatran|[miss]\n|-miss|p2a: New Sky|p1a: Heatran\n|move|p1a: Heatran|Taunt|p2a: New Sky\n|-start|p2a: New Sky|move: Taunt\n|\n|-damage|p2a: New Sky|62\/100|[from] move: Magma Storm|[partiallytrapped]\n|upkeep\n|turn|10\n|\n|t:|1698791638\n|move|p2a: New Sky|Stone Edge|p1a: Heatran\n|-crit|p1a: Heatran\n|-damage|p1a: Heatran|0 fnt\n|faint|p1a: Heatran\n|\n|-end|p2a: New Sky|Magma Storm|[partiallytrapped]|[silent]\n|upkeep\n|c|\u2606IncandescentCandle|mb\n|j| Standardbandard23\n|c| Astro Rifk|:3\n|c| ArcticIzagi|Sneasler-koko ... so based\n|\n|t:|1698791657\n|switch|p1a: Arcanine|Arcanine-Hisui, M|100\/100\n|turn|11\n|c| Jack0lantern89|:3\n|c|\u2606IncandescentCandle|:3\n|j| Bug Maniac Swaggy\n|\n|t:|1698791661\n|move|p2a: New Sky|Stone Edge|p1a: Arcanine|[miss]\n|-miss|p2a: New Sky|p1a: Arcanine\n|move|p1a: Arcanine|Head Smash|p2a: New Sky\n|-supereffective|p2a: New Sky\n|-damage|p2a: New Sky|0 fnt\n|faint|p2a: New Sky\n|\n|-sideend|p2: IncandescentCandle|move: Light Screen\n|upkeep\n|\n|t:|1698791665\n|switch|p2a: Stay|Tapu Koko|63\/100\n|-fieldstart|move: Electric Terrain|[from] ability: Electric Surge|[of] p2a: Stay\n|turn|12\n|c|\u2606Malice Incarnate|im so sorry\n|j| ZakDoe\n|c|\u2606IncandescentCandle|nah\n|c| Jack0lantern89|LMao\n|c|\u2606IncandescentCandle|i got p lucky last game\n|c|\u2606IncandescentCandle|i think its fine if you get a little lucky now\n|\n|t:|1698791680\n|switch|p2a: Under|Ursaluna-Bloodmoon, M|85\/100\n|move|p1a: Arcanine|Head Smash|p2a: Under\n|-resisted|p2a: Under\n|-damage|p2a: Under|77\/100\n|\n|-heal|p2a: Under|83\/100|[from] item: Leftovers\n|upkeep\n|turn|13\n|c| Destinum|And this kids, is why you run Earthquake on Aerodactyl.\n|\n|t:|1698791690\n|switch|p1a: Volcanion|Volcanion|100\/100\n|move|p2a: Under|Blood Moon|p1a: Volcanion\n|-damage|p1a: Volcanion|36\/100\n|\n|-heal|p1a: Volcanion|42\/100|[from] item: Leftovers\n|-heal|p2a: Under|89\/100|[from] item: Leftovers\n|-sideend|p2: IncandescentCandle|Reflect\n|upkeep\n|turn|14\n|c| Jack0lantern89|^^\n|\n|t:|1698791694\n|switch|p2a: Stay|Tapu Koko|63\/100\n|move|p1a: Volcanion|Steam Eruption|p2a: Stay\n|-damage|p2a: Stay|0 fnt\n|faint|p2a: Stay\n|\n|-heal|p1a: Volcanion|49\/100|[from] item: Leftovers\n|upkeep\n|c| Jack0lantern89|what dest said\n|\n|t:|1698791696\n|switch|p2a: Something To Feel|Raichu-Alola, M|100\/100\n|turn|15\n|\n|t:|1698791699\n|move|p2a: Something To Feel|Rising Voltage|p1a: Volcanion\n|-hint|Rising Voltage's BP doubled on grounded target.\n|-supereffective|p1a: Volcanion\n|-damage|p1a: Volcanion|0 fnt\n|faint|p1a: Volcanion\n|\n|upkeep\n|c|\u2606IncandescentCandle|oh shit i might have lost this\n|c|\u2606IncandescentCandle|fuck\n|\n|t:|1698791717\n|switch|p1a: Ogerpon|Ogerpon-Hearthflame, F|100\/100\n|-ability|p1a: Ogerpon|Mold Breaker\n|turn|16\n|\n|t:|1698791719\n|move|p2a: Something To Feel|Psychic|p1a: Ogerpon\n|-damage|p1a: Ogerpon|53\/100\n|move|p1a: Ogerpon|Horn Leech|p2a: Something To Feel\n|-damage|p2a: Something To Feel|0 fnt\n|-heal|p1a: Ogerpon|97\/100|[from] drain|[of] p2a: Something To Feel\n|faint|p2a: Something To Feel\n|\n|-fieldend|move: Electric Terrain\n|upkeep\n|\n|t:|1698791723\n|switch|p2a: Pickled Ginger|Sneasler, M|100\/100\n|turn|17\n|\n|t:|1698791727\n|switch|p1a: Arcanine|Arcanine-Hisui, M|100\/100\n|move|p2a: Pickled Ginger|Dire Claw|p1a: Arcanine\n|-resisted|p1a: Arcanine\n|-damage|p1a: Arcanine|71\/100\n|-status|p1a: Arcanine|par\n|\n|upkeep\n|turn|18\n|c| ZakDoe|that is fucking filthy\n|c|\u2606IncandescentCandle|mb\n|\n|t:|1698791730\n|move|p2a: Pickled Ginger|Close Combat|p1a: Arcanine\n|-supereffective|p1a: Arcanine\n|-damage|p1a: Arcanine|0 fnt\n|-unboost|p2a: Pickled Ginger|def|1\n|-unboost|p2a: Pickled Ginger|spd|1\n|faint|p1a: Arcanine\n|\n|upkeep\n|\n|t:|1698791737\n|switch|p1a: Cinderace|Cinderace, M|100\/100\n|turn|19\n|\n|t:|1698791739\n|switch|p2a: Almost Home|Baxcalibur, M|100\/100\n|move|p1a: Cinderace|Pyro Ball|p2a: Almost Home|[miss]\n|-miss|p1a: Cinderace|p2a: Almost Home\n|\n|upkeep\n|turn|20\n|c| ZakDoe|1 shot with a 75 bp move?\n|c|\u2606IncandescentCandle|arai is ridic frail\n|c|\u2606IncandescentCandle|also goltres omg im so sorry\n|c| Jack0lantern89|why is their so much hax\n|c|\u2606IncandescentCandle|you're getting so unluckly\n|\n|t:|1698791757\n|move|p1a: Cinderace|High Jump Kick|p2a: Almost Home\n|-supereffective|p2a: Almost Home\n|-damage|p2a: Almost Home|24\/100\n|move|p2a: Almost Home|Scale Shot|p1a: Cinderace\n|-damage|p1a: Cinderace|81\/100\n|-damage|p1a: Cinderace|62\/100\n|-damage|p1a: Cinderace|40\/100\n|-damage|p1a: Cinderace|20\/100\n|-hitcount|p1a: Cinderace|4\n|-unboost|p2a: Almost Home|def|1\n|-boost|p2a: Almost Home|spe|1\n|\n|upkeep\n|turn|21\n|c| Astro Rifk|somethinngnggggg feels wronggggf\n|\n|t:|1698791763\n|move|p2a: Almost Home|Ice Shard|p1a: Cinderace\n|-resisted|p1a: Cinderace\n|-damage|p1a: Cinderace|5\/100\n|move|p1a: Cinderace|High Jump Kick|p2a: Almost Home\n|-supereffective|p2a: Almost Home\n|-damage|p2a: Almost Home|0 fnt\n|faint|p2a: Almost Home\n|\n|upkeep\n|c|\u2606Malice Incarnate|omfg\n|\n|t:|1698791769\n|switch|p2a: Pickled Ginger|Sneasler, M|100\/100\n|turn|22\n|c| Astro Rifk|but im almost homeeee\n|\n|t:|1698791779\n|switch|p1a: Charizard|Charizard, F|100\/100\n|move|p2a: Pickled Ginger|Dire Claw|p1a: Charizard\n|-damage|p1a: Charizard|37\/100\n|-status|p1a: Charizard|par\n|\n|upkeep\n|turn|23\n|c|\u2606IncandescentCandle|omfg\n|c|\u2606IncandescentCandle|srry again\n|c| Jack0lantern89|LOL\n|c|\u2606IncandescentCandle|this feels beyond dishonest\n|c|\u2606Malice Incarnate|its 50\/50\n|c| Jack0lantern89|didnt matter but\n|\n|t:|1698791789\n|detailschange|p1a: Charizard|Charizard-Mega-Y, F\n|-mega|p1a: Charizard|Charizard|Charizardite Y\n|-weather|SunnyDay|[from] ability: Drought|[of] p1a: Charizard\n|move|p2a: Pickled Ginger|Dire Claw|p1a: Charizard\n|-damage|p1a: Charizard|0 fnt\n|faint|p1a: Charizard\n|\n|-weather|SunnyDay|[upkeep]\n|upkeep\n|\n|t:|1698791797\n|switch|p1a: Ogerpon|Ogerpon-Hearthflame, F|97\/100\n|-ability|p1a: Ogerpon|Mold Breaker\n|turn|24\n|j| GrundleGrimace\n|\n|t:|1698791802\n|-terastallize|p1a: Ogerpon|Fire\n|detailschange|p1a: Ogerpon|Ogerpon-Hearthflame-Tera, F, tera:Fire\n|-ability|p1a: Ogerpon|Embody Aspect (Hearthflame)|boost\n|-boost|p1a: Ogerpon|atk|1\n|move|p1a: Ogerpon|Ivy Cudgel|p2a: Pickled Ginger\n|-damage|p2a: Pickled Ginger|0 fnt\n|faint|p2a: Pickled Ginger\n|\n|-weather|SunnyDay|[upkeep]\n|upkeep\n|\n|t:|1698791806\n|switch|p2a: Under|Ursaluna-Bloodmoon, M|89\/100\n|turn|25\n|c|\u2606IncandescentCandle|i lose from here\n|\n|t:|1698791813\n|move|p1a: Ogerpon|Ivy Cudgel|p2a: Under\n|-damage|p2a: Under|1\/100\n|move|p2a: Under|Earth Power|p1a: Ogerpon\n|-supereffective|p1a: Ogerpon\n|-damage|p1a: Ogerpon|5\/100\n|\n|-weather|SunnyDay|[upkeep]\n|-heal|p2a: Under|7\/100|[from] item: Leftovers\n|upkeep\n|turn|26\n|c| Jack0lantern89|ogerpon does ogerpon thigns\n|c|\u2606Malice Incarnate|gg\n|\n|t:|1698791817\n|-terastallize|p2a: Under|Poison\n|move|p1a: Ogerpon|Ivy Cudgel|p2a: Under\n|-damage|p2a: Under|0 fnt\n|faint|p2a: Under\n|\n|win|Malice Incarnate\n|c| Bug Maniac Swaggy|why did ogerpon outspeed huh\n|c|\u2606IncandescentCandle|gg\n|l| Standardbandard23\n|c|\u2606Malice Incarnate|idk\n|c| Jack0lantern89|prob adament sneasler\n|c|\u2606IncandescentCandle|i threw by saccing koko lol\n|c|\u2606IncandescentCandle|and by sharding w bax\n|l|\u2606Malice Incarnate\n|l| ZakDoe\n|l| ArcticIzagi\n|c| Jack0lantern89|also how tf did ogerpon tank that\n|l| Bug Maniac Swaggy\n|l| Jack0lantern89\n|l| Moonz_e\n|j| Bug Maniac Swaggy\n","uploadtime":1698791824,"views":22,"p1id":"maliceincarnate","p2id":"incandescentcandle","formatid":"gen9nationaldexubers","rating":0,"private":0,"password":""}