{"id":"gen9nationaldexubers-1984237942","p1":"GrahamGengar","p2":"XYZ15","format":"[Gen 9] National Dex Ubers","log":"|j|\u2606GrahamGengar\n|j|\u2606XYZ15\n|t:|1699233630\n|gametype|singles\n|player|p1|GrahamGengar|silver|1308\n|player|p2|XYZ15|rei|1341\n|teamsize|p1|6\n|teamsize|p2|6\n|gen|9\n|tier|[Gen 9] National Dex Ubers\n|rated|\n|rule|HP Percentage Mod: HP is shown in percentages\n|rule|Endless Battle Clause: Forcing endless battles is banned\n|rule|OHKO Clause: OHKO moves are banned\n|rule|Evasion Moves Clause: Evasion moves are banned\n|rule|Evasion Items Clause: Evasion items are banned\n|rule|Species Clause: Limit one of each Pok\u00e9mon\n|rule|Sleep Clause Mod: Limit one foe put to sleep\n|rule|Mega Rayquaza Clause: You cannot mega evolve Rayquaza\n|clearpoke\n|poke|p1|Necrozma-Dusk-Mane|\n|poke|p1|Aegislash, M|\n|poke|p1|Regieleki|\n|poke|p1|Palkia-Origin|\n|poke|p1|Kingambit, M|\n|poke|p1|Charizard, F|\n|poke|p2|Darmanitan-Galar, M|\n|poke|p2|Kyogre|\n|poke|p2|Marshadow|\n|poke|p2|Magearna|\n|poke|p2|Salamence, F|\n|poke|p2|Ho-Oh|\n|teampreview\n|inactive|Battle timer is ON: inactive players will automatically lose when time's up. (requested by GrahamGengar)\n|\n|t:|1699233638\n|start\n|switch|p1a: Regieleki|Regieleki|100\/100\n|switch|p2a: Darmanitan|Darmanitan-Galar, M|100\/100\n|turn|1\n|\n|t:|1699233648\n|switch|p2a: Magearna|Magearna|100\/100\n|move|p1a: Regieleki|Volt Switch|p2a: Magearna\n|-damage|p2a: Magearna|78\/100\n|\n|t:|1699233654\n|switch|p1a: Charizard|Charizard, F|100\/100|[from] Volt Switch\n|\n|upkeep\n|turn|2\n|\n|t:|1699233661\n|switch|p2a: Salamence|Salamence, F|100\/100\n|-ability|p2a: Salamence|Intimidate|boost\n|-unboost|p1a: Charizard|atk|1\n|detailschange|p1a: Charizard|Charizard-Mega-Y, F\n|-mega|p1a: Charizard|Charizard|Charizardite Y\n|-weather|SunnyDay|[from] ability: Drought|[of] p1a: Charizard\n|move|p1a: Charizard|Flamethrower|p2a: Salamence\n|-resisted|p2a: Salamence\n|-damage|p2a: Salamence|46\/100\n|\n|-weather|SunnyDay|[upkeep]\n|upkeep\n|turn|3\n|\n|t:|1699233676\n|switch|p2a: Ho-Oh|Ho-Oh|100\/100\n|move|p1a: Charizard|Air Slash|p2a: Ho-Oh\n|-damage|p2a: Ho-Oh|80\/100\n|\n|-weather|SunnyDay|[upkeep]\n|upkeep\n|turn|4\n|\n|t:|1699233694\n|switch|p1a: Regieleki|Regieleki|100\/100\n|move|p2a: Ho-Oh|Toxic|p1a: Regieleki\n|-status|p1a: Regieleki|tox\n|\n|-weather|SunnyDay|[upkeep]\n|-damage|p1a: Regieleki|95\/100 tox|[from] psn\n|upkeep\n|turn|5\n|\n|t:|1699233706\n|move|p1a: Regieleki|Thunderbolt|p2a: Ho-Oh\n|-supereffective|p2a: Ho-Oh\n|-damage|p2a: Ho-Oh|35\/100\n|move|p2a: Ho-Oh|Roost|p2a: Ho-Oh\n|-heal|p2a: Ho-Oh|85\/100\n|-singleturn|p2a: Ho-Oh|move: Roost\n|\n|-weather|SunnyDay|[upkeep]\n|-damage|p1a: Regieleki|83\/100 tox|[from] psn\n|upkeep\n|turn|6\n|\n|t:|1699233716\n|move|p1a: Regieleki|Volt Switch|p2a: Ho-Oh\n|-supereffective|p2a: Ho-Oh\n|-damage|p2a: Ho-Oh|49\/100\n|\n|t:|1699233720\n|switch|p1a: Necrozma|Necrozma-Dusk-Mane|100\/100|[from] Volt Switch\n|move|p2a: Ho-Oh|Sacred Fire|p1a: Necrozma\n|-supereffective|p1a: Necrozma\n|-damage|p1a: Necrozma|24\/100\n|\n|-weather|none\n|upkeep\n|turn|7\n|\n|t:|1699233727\n|detailschange|p1a: Necrozma|Necrozma-Ultra\n|-burst|p1a: Necrozma|Necrozma|Ultranecrozium Z\n|move|p1a: Necrozma|Photon Geyser|p2a: Ho-Oh\n|-crit|p2a: Ho-Oh\n|-damage|p2a: Ho-Oh|0 fnt\n|faint|p2a: Ho-Oh\n|\n|upkeep\n|\n|t:|1699233734\n|switch|p2a: Darmanitan|Darmanitan-Galar, M|100\/100\n|turn|8\n|\n|t:|1699233738\n|switch|p1a: Aegislash|Aegislash, M|100\/100\n|move|p2a: Darmanitan|U-turn|p1a: Aegislash\n|-resisted|p1a: Aegislash\n|-damage|p1a: Aegislash|92\/100\n|\n|t:|1699233758\n|switch|p2a: Marshadow|Marshadow|100\/100|[from] U-turn\n|\n|-heal|p1a: Aegislash|99\/100|[from] item: Leftovers\n|upkeep\n|turn|9\n|\n|t:|1699233768\n|move|p1a: Aegislash|King's Shield|p1a: Aegislash\n|-singleturn|p1a: Aegislash|Protect\n|move|p2a: Marshadow|Bulk Up|p2a: Marshadow\n|-boost|p2a: Marshadow|atk|1\n|-boost|p2a: Marshadow|def|1\n|\n|-heal|p1a: Aegislash|100\/100|[from] item: Leftovers\n|upkeep\n|turn|10\n|\n|t:|1699233776\n|-formechange|p1a: Aegislash|Aegislash-Blade||[from] ability: Stance Change\n|move|p1a: Aegislash|Shadow Sneak|p2a: Marshadow\n|-supereffective|p2a: Marshadow\n|-crit|p2a: Marshadow\n|-damage|p2a: Marshadow|5\/100\n|move|p2a: Marshadow|Spectral Thief|p1a: Aegislash\n|-supereffective|p1a: Aegislash\n|-damage|p1a: Aegislash|0 fnt\n|faint|p1a: Aegislash\n|\n|upkeep\n|\n|t:|1699233785\n|switch|p1a: Kingambit|Kingambit, M|100\/100\n|-activate|p1a: Kingambit|ability: Supreme Overlord\n|-start|p1a: Kingambit|fallen1|[silent]\n|turn|11\n|\n|t:|1699233791\n|switch|p2a: Magearna|Magearna|78\/100\n|move|p1a: Kingambit|Sucker Punch||[still]\n|-fail|p1a: Kingambit\n|\n|upkeep\n|turn|12\n|\n|t:|1699233798\n|-end|p1a: Kingambit|fallen1|[silent]\n|switch|p1a: Necrozma|Necrozma-Ultra|24\/100\n|move|p2a: Magearna|Volt Switch|p1a: Necrozma\n|-resisted|p1a: Necrozma\n|-damage|p1a: Necrozma|10\/100\n|\n|t:|1699233801\n|switch|p2a: Darmanitan|Darmanitan-Galar, M|100\/100|[from] Volt Switch\n|\n|upkeep\n|turn|13\n|\n|t:|1699233813\n|move|p2a: Darmanitan|U-turn|p1a: Necrozma\n|-supereffective|p1a: Necrozma\n|-damage|p1a: Necrozma|0 fnt\n|faint|p1a: Necrozma\n|\n|t:|1699233834\n|switch|p2a: Marshadow|Marshadow|5\/100|[from] U-turn\n|\n|upkeep\n|\n|t:|1699233838\n|switch|p1a: Palkia|Palkia-Origin|100\/100\n|-ability|p1a: Palkia|Pressure\n|turn|14\n|\n|t:|1699233857\n|-zpower|p2a: Marshadow\n|move|p2a: Marshadow|All-Out Pummeling|p1a: Palkia|[zeffect]\n|-damage|p1a: Palkia|22\/100\n|move|p1a: Palkia|Thunderbolt|p2a: Marshadow\n|-damage|p2a: Marshadow|0 fnt\n|faint|p2a: Marshadow\n|\n|upkeep\n|\n|t:|1699233861\n|switch|p2a: Darmanitan|Darmanitan-Galar, M|100\/100\n|turn|15\n|\n|t:|1699233870\n|switch|p1a: Kingambit|Kingambit, M|100\/100\n|-activate|p1a: Kingambit|ability: Supreme Overlord\n|-start|p1a: Kingambit|fallen2|[silent]\n|move|p2a: Darmanitan|U-turn|p1a: Kingambit\n|-damage|p1a: Kingambit|68\/100\n|\n|t:|1699233891\n|switch|p2a: Salamence|Salamence, F|46\/100|[from] U-turn\n|-ability|p2a: Salamence|Intimidate|boost\n|-unboost|p1a: Kingambit|atk|1\n|\n|upkeep\n|turn|16\n|\n|t:|1699233899\n|detailschange|p2a: Salamence|Salamence-Mega, F\n|-mega|p2a: Salamence|Salamence|Salamencite\n|move|p2a: Salamence|Dragon Dance|p2a: Salamence\n|-boost|p2a: Salamence|atk|1\n|-boost|p2a: Salamence|spe|1\n|move|p1a: Kingambit|Swords Dance|p1a: Kingambit\n|-boost|p1a: Kingambit|atk|2\n|\n|upkeep\n|turn|17\n|\n|t:|1699233907\n|move|p1a: Kingambit|Sucker Punch|p2a: Salamence\n|-damage|p2a: Salamence|0 fnt\n|faint|p2a: Salamence\n|\n|upkeep\n|\n|t:|1699233910\n|switch|p2a: Magearna|Magearna|78\/100\n|turn|18\n|\n|t:|1699233915\n|-terastallize|p1a: Kingambit|Ghost\n|move|p2a: Magearna|Fleur Cannon|p1a: Kingambit|[miss]\n|-miss|p2a: Magearna|p1a: Kingambit\n|move|p1a: Kingambit|Iron Head|p2a: Magearna\n|-damage|p2a: Magearna|10\/100\n|\n|upkeep\n|turn|19\n|\n|t:|1699233935\n|move|p2a: Magearna|Fleur Cannon|p1a: Kingambit\n|-damage|p1a: Kingambit|2\/100\n|-unboost|p2a: Magearna|spa|2\n|-enditem|p1a: Kingambit|Sitrus Berry|[eat]\n|-heal|p1a: Kingambit|27\/100|[from] item: Sitrus Berry\n|move|p1a: Kingambit|Iron Head|p2a: Magearna\n|-damage|p2a: Magearna|0 fnt\n|faint|p2a: Magearna\n|\n|upkeep\n|\n|t:|1699233946\n|switch|p2a: Kyogre|Kyogre|100\/100\n|detailschange|p2a: Kyogre|Kyogre-Primal\n|-primal|p2a: Kyogre|Blue Orb\n|-weather|PrimordialSea|[from] ability: Primordial Sea|[of] p2a: Kyogre\n|turn|20\n|\n|t:|1699233957\n|move|p1a: Kingambit|Sucker Punch|p2a: Kyogre\n|-damage|p2a: Kyogre|28\/100\n|move|p2a: Kyogre|Thunder|p1a: Kingambit\n|-damage|p1a: Kingambit|0 fnt\n|faint|p1a: Kingambit\n|-end|p1a: Kingambit|fallen2|[silent]\n|\n|-weather|PrimordialSea|[upkeep]\n|upkeep\n|\n|t:|1699233963\n|switch|p1a: Palkia|Palkia-Origin|22\/100\n|-ability|p1a: Palkia|Pressure\n|turn|21\n|\n|t:|1699233972\n|move|p1a: Palkia|Thunderbolt|p2a: Kyogre\n|-supereffective|p2a: Kyogre\n|-damage|p2a: Kyogre|0 fnt\n|faint|p2a: Kyogre\n|-weather|none\n|\n|upkeep\n|\n|t:|1699233974\n|switch|p2a: Darmanitan|Darmanitan-Galar, M|100\/100\n|turn|22\n|\n|t:|1699233983\n|move|p2a: Darmanitan|Icicle Crash|p1a: Palkia\n|-damage|p1a: Palkia|0 fnt\n|faint|p1a: Palkia\n|\n|upkeep\n|\n|t:|1699233987\n|switch|p1a: Regieleki|Regieleki|83\/100 tox\n|turn|23\n|\n|t:|1699233991\n|-terastallize|p2a: Darmanitan|Ground\n|move|p1a: Regieleki|Thunderbolt|p2a: Darmanitan\n|-immune|p2a: Darmanitan\n|move|p2a: Darmanitan|Icicle Crash|p1a: Regieleki\n|-damage|p1a: Regieleki|0 fnt\n|faint|p1a: Regieleki\n|\n|upkeep\n|\n|t:|1699233994\n|switch|p1a: Charizard|Charizard-Mega-Y, F|100\/100\n|-weather|SunnyDay|[from] ability: Drought|[of] p1a: Charizard\n|turn|24\n|\n|t:|1699234000\n|move|p2a: Darmanitan|Icicle Crash|p1a: Charizard\n|-damage|p1a: Charizard|0 fnt\n|faint|p1a: Charizard\n|\n|win|XYZ15\n|raw|GrahamGengar's rating: 1308 &rarr; <strong>1290<\/strong><br \/>(-18 for losing)\n|raw|XYZ15's rating: 1341 &rarr; <strong>1359<\/strong><br \/>(+18 for winning)\n|l|\u2606GrahamGengar\n","uploadtime":1699234011,"views":3,"p1id":"grahamgengar","p2id":"xyz15","formatid":"gen9nationaldexubers","rating":1290,"private":0,"password":""}