{"id":"gen9nationaldexubers-1979789719","p1":"k7eenex","p2":"angrythechameleon","format":"[Gen 9] National Dex Ubers","log":"|j|\u2606k7eenex\n|j|\u2606angrythechameleon\n|t:|1698713469\n|gametype|singles\n|player|p1|k7eenex|hiker-gen4|\n|player|p2|angrythechameleon|ninjaboy|\n|teamsize|p1|6\n|teamsize|p2|6\n|gen|9\n|tier|[Gen 9] National Dex Ubers\n|rule|HP Percentage Mod: HP is shown in percentages\n|rule|Endless Battle Clause: Forcing endless battles is banned\n|rule|OHKO Clause: OHKO moves are banned\n|rule|Evasion Moves Clause: Evasion moves are banned\n|rule|Evasion Items Clause: Evasion items are banned\n|rule|Species Clause: Limit one of each Pok\u00e9mon\n|rule|Sleep Clause Mod: Limit one foe put to sleep\n|rule|Mega Rayquaza Clause: You cannot mega evolve Rayquaza\n|clearpoke\n|poke|p1|Coalossal, F|\n|poke|p1|Ogerpon-Cornerstone, F|\n|poke|p1|Arcanine-Hisui, M|\n|poke|p1|Conkeldurr, F|\n|poke|p1|Shuckle, F|\n|poke|p1|Diancie|\n|poke|p2|Garganacl, F|\n|poke|p2|Clodsire, M|\n|poke|p2|Weavile, F|\n|poke|p2|Scizor, M|\n|poke|p2|Gholdengo|\n|poke|p2|Rotom-Wash|\n|teampreview\n|c|\u2606k7eenex|no urshifu is wild\n|\n|t:|1698713510\n|start\n|switch|p1a: For the GODS!|Shuckle, F|100\/100\n|switch|p2a: Venom|Clodsire, M|100\/100\n|turn|1\n|j| Astro Cage\n|\n|t:|1698713520\n|move|p2a: Venom|Toxic|p1a: For the GODS!\n|-status|p1a: For the GODS!|tox\n|move|p1a: For the GODS!|Sticky Web|p2a: Venom\n|-sidestart|p2: angrythechameleon|move: Sticky Web\n|\n|-damage|p1a: For the GODS!|94\/100 tox|[from] psn\n|upkeep\n|turn|2\n|\n|t:|1698713527\n|move|p2a: Venom|Spikes|p1a: For the GODS!\n|-sidestart|p1: k7eenex|Spikes\n|move|p1a: For the GODS!|Stealth Rock|p2a: Venom\n|-sidestart|p2: angrythechameleon|move: Stealth Rock\n|\n|-damage|p1a: For the GODS!|82\/100 tox|[from] psn\n|upkeep\n|turn|3\n|\n|t:|1698713544\n|move|p2a: Venom|Spikes|p1a: For the GODS!\n|-sidestart|p1: k7eenex|Spikes\n|move|p1a: For the GODS!|Encore|p2a: Venom\n|-start|p2a: Venom|Encore\n|\n|-damage|p1a: For the GODS!|64\/100 tox|[from] psn\n|upkeep\n|turn|4\n|\n|t:|1698713551\n|move|p2a: Venom|Spikes|p1a: For the GODS!\n|-sidestart|p1: k7eenex|Spikes\n|move|p1a: For the GODS!|Final Gambit|p2a: Venom\n|-damage|p2a: Venom|67\/100\n|faint|p1a: For the GODS!\n|\n|upkeep\n|\n|t:|1698713555\n|switch|p1a: BUFFALO WINGS|Coalossal, F|100\/100\n|-damage|p1a: BUFFALO WINGS|75\/100|[from] Spikes\n|turn|5\n|\n|t:|1698713568\n|switch|p2a: Wamu|Garganacl, F|100\/100\n|-activate|p2a: Wamu|move: Sticky Web\n|-unboost|p2a: Wamu|spe|1\n|-damage|p2a: Wamu|88\/100|[from] Stealth Rock\n|move|p1a: BUFFALO WINGS|Rapid Spin|p2a: Wamu\n|-resisted|p2a: Wamu\n|-damage|p2a: Wamu|85\/100\n|-boost|p1a: BUFFALO WINGS|spe|1\n|-sideend|p1: k7eenex|Spikes|[from] move: Rapid Spin|[of] p1a: BUFFALO WINGS\n|\n|-heal|p2a: Wamu|91\/100|[from] item: Leftovers\n|upkeep\n|turn|6\n|\n|t:|1698713586\n|switch|p1a: Die Hard|Conkeldurr, F|100\/100\n|move|p2a: Wamu|Iron Defense|p2a: Wamu\n|-boost|p2a: Wamu|def|2\n|\n|-heal|p2a: Wamu|98\/100|[from] item: Leftovers\n|-status|p1a: Die Hard|brn|[from] item: Flame Orb\n|upkeep\n|turn|7\n|\n|t:|1698713603\n|move|p1a: Die Hard|Drain Punch|p2a: Wamu\n|-supereffective|p2a: Wamu\n|-damage|p2a: Wamu|52\/100\n|move|p2a: Wamu|Body Press|p1a: Die Hard\n|-damage|p1a: Die Hard|61\/100 brn\n|\n|-heal|p2a: Wamu|59\/100|[from] item: Leftovers\n|-damage|p1a: Die Hard|55\/100 brn|[from] brn\n|upkeep\n|turn|8\n|\n|t:|1698713613\n|move|p1a: Die Hard|Drain Punch|p2a: Wamu\n|-supereffective|p2a: Wamu\n|-damage|p2a: Wamu|16\/100\n|-heal|p1a: Die Hard|76\/100 brn|[from] drain|[of] p2a: Wamu\n|move|p2a: Wamu|Recover|p2a: Wamu\n|-heal|p2a: Wamu|66\/100\n|\n|-heal|p2a: Wamu|72\/100|[from] item: Leftovers\n|-damage|p1a: Die Hard|70\/100 brn|[from] brn\n|upkeep\n|turn|9\n|j| Pex hater\n|\n|t:|1698713623\n|move|p1a: Die Hard|Drain Punch|p2a: Wamu\n|-supereffective|p2a: Wamu\n|-damage|p2a: Wamu|23\/100\n|-heal|p1a: Die Hard|94\/100 brn|[from] drain|[of] p2a: Wamu\n|move|p2a: Wamu|Body Press|p1a: Die Hard\n|-damage|p1a: Die Hard|57\/100 brn\n|\n|-heal|p2a: Wamu|29\/100|[from] item: Leftovers\n|-damage|p1a: Die Hard|51\/100 brn|[from] brn\n|upkeep\n|turn|10\n|\n|t:|1698713635\n|switch|p2a: Cheese Stringz|Gholdengo|100\/100\n|-activate|p2a: Cheese Stringz|move: Sticky Web\n|-unboost|p2a: Cheese Stringz|spe|1\n|-damage|p2a: Cheese Stringz|94\/100|[from] Stealth Rock\n|move|p1a: Die Hard|Drain Punch|p2a: Cheese Stringz\n|-immune|p2a: Cheese Stringz\n|\n|-heal|p2a: Cheese Stringz|100\/100|[from] item: Leftovers\n|-damage|p1a: Die Hard|45\/100 brn|[from] brn\n|upkeep\n|turn|11\n|\n|t:|1698713678\n|move|p2a: Cheese Stringz|Nasty Plot|p2a: Cheese Stringz\n|-boost|p2a: Cheese Stringz|spa|2\n|move|p1a: Die Hard|Knock Off|p2a: Cheese Stringz\n|-supereffective|p2a: Cheese Stringz\n|-damage|p2a: Cheese Stringz|0 fnt\n|-enditem|p2a: Cheese Stringz|Leftovers|[from] move: Knock Off|[of] p1a: Die Hard\n|faint|p2a: Cheese Stringz\n|\n|-damage|p1a: Die Hard|39\/100 brn|[from] brn\n|upkeep\n|c|\u2606angrythechameleon|ok that was on me for not scrolling all the way down lmao\n|j| AstroSammy\n|c|\u2606k7eenex|rip\n|\n|t:|1698713731\n|switch|p2a: Venom|Clodsire, M|67\/100\n|turn|12\n|\n|t:|1698713738\n|move|p1a: Die Hard|Facade|p2a: Venom\n|-damage|p2a: Venom|0 fnt\n|faint|p2a: Venom\n|\n|-damage|p1a: Die Hard|33\/100 brn|[from] brn\n|upkeep\n|l| Astro Cage\n|l| AstroSammy\n|\n|t:|1698713751\n|switch|p2a: Armstrong|Scizor, M|100\/100\n|-activate|p2a: Armstrong|move: Sticky Web\n|-unboost|p2a: Armstrong|spe|1\n|-damage|p2a: Armstrong|88\/100|[from] Stealth Rock\n|turn|13\n|j| AstroSammy\n|\n|t:|1698713792\n|detailschange|p2a: Armstrong|Scizor-Mega, M\n|-mega|p2a: Armstrong|Scizor|Scizorite\n|move|p2a: Armstrong|Bullet Punch|p1a: Die Hard\n|-damage|p1a: Die Hard|8\/100 brn\n|move|p1a: Die Hard|Drain Punch|p2a: Armstrong\n|-damage|p2a: Armstrong|43\/100\n|-heal|p1a: Die Hard|27\/100 brn|[from] drain|[of] p2a: Armstrong\n|\n|-damage|p1a: Die Hard|21\/100 brn|[from] brn\n|upkeep\n|turn|14\n|\n|t:|1698713804\n|switch|p1a: BUFFALO WINGS|Coalossal, F|75\/100\n|move|p2a: Armstrong|U-turn|p1a: BUFFALO WINGS\n|-resisted|p1a: BUFFALO WINGS\n|-damage|p1a: BUFFALO WINGS|67\/100\n|-damage|p2a: Armstrong|26\/100|[from] item: Rocky Helmet|[of] p1a: BUFFALO WINGS\n|\n|t:|1698713815\n|switch|p2a: Kunoichi|Weavile, F|100\/100|[from] U-turn\n|-activate|p2a: Kunoichi|move: Sticky Web\n|-unboost|p2a: Kunoichi|spe|1\n|-damage|p2a: Kunoichi|76\/100|[from] Stealth Rock\n|-ability|p2a: Kunoichi|Pressure\n|\n|upkeep\n|turn|15\n|\n|t:|1698713860\n|switch|p2a: Brash|Rotom-Wash|100\/100\n|-damage|p2a: Brash|88\/100|[from] Stealth Rock\n|switch|p1a: Revolution|Diancie|100\/100\n|\n|-heal|p2a: Brash|94\/100|[from] item: Leftovers\n|upkeep\n|turn|16\n|\n|t:|1698713941\n|move|p1a: Revolution|Moonblast|p2a: Brash\n|-damage|p2a: Brash|54\/100\n|move|p2a: Brash|Hydro Pump|p1a: Revolution\n|-supereffective|p1a: Revolution\n|-damage|p1a: Revolution|27\/100\n|\n|-heal|p2a: Brash|60\/100|[from] item: Leftovers\n|upkeep\n|turn|17\n|\n|t:|1698713953\n|detailschange|p1a: Revolution|Diancie-Mega\n|-mega|p1a: Revolution|Diancie|Diancite\n|move|p1a: Revolution|Moonblast|p2a: Brash\n|-damage|p2a: Brash|0 fnt\n|faint|p2a: Brash\n|\n|upkeep\n|\n|t:|1698713964\n|switch|p2a: Armstrong|Scizor-Mega, M|26\/100\n|-activate|p2a: Armstrong|move: Sticky Web\n|-unboost|p2a: Armstrong|spe|1\n|-damage|p2a: Armstrong|14\/100|[from] Stealth Rock\n|turn|18\n|\n|t:|1698713971\n|switch|p1a: BUFFALO WINGS|Coalossal, F|67\/100\n|move|p2a: Armstrong|Bullet Punch|p1a: BUFFALO WINGS\n|-damage|p1a: BUFFALO WINGS|51\/100\n|-damage|p2a: Armstrong|0 fnt|[from] item: Rocky Helmet|[of] p1a: BUFFALO WINGS\n|faint|p2a: Armstrong\n|\n|upkeep\n|\n|t:|1698713979\n|switch|p2a: Kunoichi|Weavile, F|76\/100\n|-activate|p2a: Kunoichi|move: Sticky Web\n|-unboost|p2a: Kunoichi|spe|1\n|-damage|p2a: Kunoichi|51\/100|[from] Stealth Rock\n|-ability|p2a: Kunoichi|Pressure\n|turn|19\n|\n|t:|1698713990\n|move|p2a: Kunoichi|Triple Axel|p1a: BUFFALO WINGS\n|-resisted|p1a: BUFFALO WINGS\n|-damage|p1a: BUFFALO WINGS|48\/100\n|-damage|p2a: Kunoichi|34\/100|[from] item: Rocky Helmet|[of] p1a: BUFFALO WINGS\n|-resisted|p1a: BUFFALO WINGS\n|-damage|p1a: BUFFALO WINGS|41\/100\n|-damage|p2a: Kunoichi|18\/100|[from] item: Rocky Helmet|[of] p1a: BUFFALO WINGS\n|-resisted|p1a: BUFFALO WINGS\n|-damage|p1a: BUFFALO WINGS|29\/100\n|-damage|p2a: Kunoichi|2\/100|[from] item: Rocky Helmet|[of] p1a: BUFFALO WINGS\n|-status|p2a: Kunoichi|brn|[from] ability: Flame Body|[of] p1a: BUFFALO WINGS\n|-hitcount|p1a: BUFFALO WINGS|3\n|move|p1a: BUFFALO WINGS|Flamethrower|p2a: Kunoichi\n|-supereffective|p2a: Kunoichi\n|-damage|p2a: Kunoichi|0 fnt\n|faint|p2a: Kunoichi\n|\n|upkeep\n|\n|t:|1698714006\n|switch|p2a: Wamu|Garganacl, F|29\/100\n|-activate|p2a: Wamu|move: Sticky Web\n|-unboost|p2a: Wamu|spe|1\n|-damage|p2a: Wamu|17\/100|[from] Stealth Rock\n|turn|20\n|c|\u2606angrythechameleon|welp I lost\n|\n|t:|1698714024\n|switch|p1a: Dopamine|Ogerpon-Cornerstone, F|100\/100\n|move|p2a: Wamu|Body Press|p1a: Dopamine\n|-supereffective|p1a: Dopamine\n|-damage|p1a: Dopamine|43\/100\n|\n|-heal|p2a: Wamu|23\/100|[from] item: Leftovers\n|upkeep\n|turn|21\n|\n|t:|1698714033\n|move|p1a: Dopamine|Ivy Cudgel|p2a: Wamu\n|-damage|p2a: Wamu|0 fnt\n|faint|p2a: Wamu\n|\n|win|k7eenex\n|c|\u2606k7eenex|dw\n|l| AstroSammy\n|c|\u2606k7eenex|youll get better\n","uploadtime":1698714046,"views":20,"p1id":"k7eenex","p2id":"angrythechameleon","formatid":"gen9nationaldexubers","rating":0,"private":0,"password":""}