{"id":"gen9nationaldexubers-1988725955","p1":"killgaldo","p2":"kaikalos","format":"[Gen 9] National Dex Ubers","log":"|j|\u2606killgaldo\n|j|\u2606kaikalos\n|t:|1699755340\n|gametype|singles\n|player|p1|killgaldo|lance|1210\n|player|p2|kaikalos|schoolkid|1193\n|teamsize|p1|6\n|teamsize|p2|6\n|gen|9\n|tier|[Gen 9] National Dex Ubers\n|rated|\n|rule|HP Percentage Mod: HP is shown in percentages\n|rule|Endless Battle Clause: Forcing endless battles is banned\n|rule|OHKO Clause: OHKO moves are banned\n|rule|Evasion Moves Clause: Evasion moves are banned\n|rule|Evasion Items Clause: Evasion items are banned\n|rule|Species Clause: Limit one of each Pok\u00e9mon\n|rule|Sleep Clause Mod: Limit one foe put to sleep\n|rule|Mega Rayquaza Clause: You cannot mega evolve Rayquaza\n|clearpoke\n|poke|p1|Porygon-Z|\n|poke|p1|Darmanitan-Galar, M|\n|poke|p1|Zacian-*|\n|poke|p1|Sceptile, M|\n|poke|p1|Zamazenta-*|\n|poke|p1|Flutter Mane|\n|poke|p2|Ogerpon, F|\n|poke|p2|Ceruledge, F|\n|poke|p2|Azumarill, F|\n|poke|p2|Lopunny, F|\n|poke|p2|Necrozma-Dawn-Wings|\n|poke|p2|Togedemaru, L1, M|\n|teampreview\n|\n|t:|1699755350\n|start\n|switch|p1a: Sceptile|Sceptile, M|100\/100\n|switch|p2a: Ratoelho|Azumarill, F, shiny|100\/100\n|turn|1\n|\n|t:|1699755357\n|detailschange|p1a: Sceptile|Sceptile-Mega, M\n|-mega|p1a: Sceptile|Sceptile|Sceptilite\n|move|p1a: Sceptile|Energy Ball|p2a: Ratoelho\n|-supereffective|p2a: Ratoelho\n|-crit|p2a: Ratoelho\n|-damage|p2a: Ratoelho|0 fnt\n|faint|p2a: Ratoelho\n|\n|upkeep\n|\n|t:|1699755366\n|switch|p2a: Cueia|Lopunny, F|100\/100\n|turn|2\n|\n|t:|1699755369\n|detailschange|p2a: Cueia|Lopunny-Mega, F\n|-mega|p2a: Cueia|Lopunny|Lopunnite\n|move|p1a: Sceptile|Energy Ball|p2a: Cueia\n|-damage|p2a: Cueia|30\/100\n|move|p2a: Cueia|Triple Axel|p1a: Sceptile\n|-supereffective|p1a: Sceptile\n|-damage|p1a: Sceptile|48\/100\n|-supereffective|p1a: Sceptile\n|-damage|p1a: Sceptile|0 fnt\n|faint|p1a: Sceptile\n|-hitcount|p1: Sceptile|2\n|\n|upkeep\n|\n|t:|1699755395\n|switch|p1a: Flutter Mane|Flutter Mane|100\/100\n|-enditem|p1a: Flutter Mane|Booster Energy\n|-activate|p1a: Flutter Mane|ability: Protosynthesis|[fromitem]\n|-start|p1a: Flutter Mane|protosynthesisspe\n|turn|3\n|\n|t:|1699755407\n|switch|p2a: G\u00f3tica|Ceruledge, F|100\/100\n|move|p1a: Flutter Mane|Moonblast|p2a: G\u00f3tica\n|-resisted|p2a: G\u00f3tica\n|-damage|p2a: G\u00f3tica|69\/100\n|\n|upkeep\n|turn|4\n|\n|t:|1699755414\n|move|p2a: G\u00f3tica|Endure|p2a: G\u00f3tica\n|-singleturn|p2a: G\u00f3tica|move: Endure\n|move|p1a: Flutter Mane|Shadow Ball|p2a: G\u00f3tica\n|-supereffective|p2a: G\u00f3tica\n|-activate|p2a: G\u00f3tica|move: Endure\n|-damage|p2a: G\u00f3tica|1\/100\n|-enditem|p2a: G\u00f3tica|Weakness Policy\n|-boost|p2a: G\u00f3tica|atk|2|[from] item: Weakness Policy\n|-boost|p2a: G\u00f3tica|spa|2|[from] item: Weakness Policy\n|\n|upkeep\n|turn|5\n|\n|t:|1699755432\n|move|p2a: G\u00f3tica|Shadow Sneak|p1a: Flutter Mane\n|-supereffective|p1a: Flutter Mane\n|-damage|p1a: Flutter Mane|0 fnt\n|faint|p1a: Flutter Mane\n|-end|p1a: Flutter Mane|Protosynthesis|[silent]\n|\n|upkeep\n|\n|t:|1699755434\n|switch|p1a: Porygon-Z|Porygon-Z|100\/100\n|turn|6\n|\n|t:|1699755440\n|move|p2a: G\u00f3tica|Endure|p2a: G\u00f3tica\n|-singleturn|p2a: G\u00f3tica|move: Endure\n|move|p1a: Porygon-Z|Dark Pulse|p2a: G\u00f3tica\n|-supereffective|p2a: G\u00f3tica\n|-activate|p2a: G\u00f3tica|move: Endure\n|-damage|p2a: G\u00f3tica|1\/100\n|\n|upkeep\n|turn|7\n|\n|t:|1699755452\n|move|p1a: Porygon-Z|Dark Pulse|p2a: G\u00f3tica\n|-supereffective|p2a: G\u00f3tica\n|-damage|p2a: G\u00f3tica|0 fnt\n|faint|p2a: G\u00f3tica\n|\n|upkeep\n|\n|t:|1699755458\n|switch|p2a: Cueia|Lopunny-Mega, F|30\/100\n|turn|8\n|\n|t:|1699755469\n|switch|p1a: Darmanitan|Darmanitan-Galar, M|100\/100\n|move|p2a: Cueia|Drain Punch|p1a: Darmanitan\n|-supereffective|p1a: Darmanitan\n|-damage|p1a: Darmanitan|0 fnt\n|-heal|p2a: Cueia|95\/100|[from] drain|[of] p1a: Darmanitan\n|faint|p1a: Darmanitan\n|\n|upkeep\n|\n|t:|1699755480\n|switch|p1a: Zacian|Zacian-Crowned|100\/100\n|-ability|p1a: Zacian|Intrepid Sword|boost\n|-boost|p1a: Zacian|atk|1\n|turn|9\n|\n|t:|1699755487\n|switch|p2a: Necrozma|Necrozma-Dawn-Wings|100\/100\n|-terastallize|p1a: Zacian|Fairy\n|move|p1a: Zacian|Play Rough|p2a: Necrozma\n|-damage|p2a: Necrozma|9\/100\n|\n|upkeep\n|turn|10\n|\n|t:|1699755499\n|move|p1a: Zacian|Psychic Fangs|p2a: Necrozma\n|-resisted|p2a: Necrozma\n|-damage|p2a: Necrozma|0 fnt\n|faint|p2a: Necrozma\n|\n|upkeep\n|\n|t:|1699755504\n|switch|p2a: Fiona|Ogerpon, F|100\/100\n|turn|11\n|\n|t:|1699755510\n|-terastallize|p2a: Fiona|Grass\n|detailschange|p2a: Fiona|Ogerpon-Teal-Tera, F, tera:Grass\n|-ability|p2a: Fiona|Embody Aspect (Teal)|boost\n|-boost|p2a: Fiona|spe|1\n|move|p2a: Fiona|Ivy Cudgel|p1a: Zacian\n|-damage|p1a: Zacian|22\/100\n|-damage|p2a: Fiona|91\/100|[from] item: Life Orb\n|move|p1a: Zacian|Play Rough|p2a: Fiona\n|-damage|p2a: Fiona|0 fnt\n|faint|p2a: Fiona\n|\n|upkeep\n|\n|t:|1699755521\n|switch|p2a: Togedemaru|Togedemaru, L1, M|100\/100\n|turn|12\n|\n|t:|1699755527\n|move|p1a: Zacian|Sacred Sword|p2a: Togedemaru\n|-supereffective|p2a: Togedemaru\n|-ability|p2a: Togedemaru|Sturdy\n|-damage|p2a: Togedemaru|9\/100\n|move|p2a: Togedemaru|Endeavor|p1a: Zacian\n|-damage|p1a: Zacian|1\/100\n|-heal|p2a: Togedemaru|75\/100|[from] item: Shell Bell|[of] p1a: Zacian\n|\n|upkeep\n|turn|13\n|\n|t:|1699755537\n|move|p2a: Togedemaru|Spiky Shield|p2a: Togedemaru\n|-singleturn|p2a: Togedemaru|move: Protect\n|move|p1a: Zacian|Sacred Sword|p2a: Togedemaru\n|-activate|p2a: Togedemaru|move: Protect\n|-damage|p1a: Zacian|0 fnt|[from] Spiky Shield|[of] p2a: Togedemaru\n|faint|p1a: Zacian\n|\n|upkeep\n|\n|t:|1699755544\n|switch|p1a: Zamazenta|Zamazenta-Crowned|100\/100\n|-ability|p1a: Zamazenta|Dauntless Shield|boost\n|-boost|p1a: Zamazenta|def|1\n|turn|14\n|\n|t:|1699755548\n|move|p1a: Zamazenta|Iron Defense|p1a: Zamazenta\n|-boost|p1a: Zamazenta|def|2\n|move|p2a: Togedemaru|Endeavor|p1a: Zamazenta\n|-damage|p1a: Zamazenta|3\/100\n|-heal|p2a: Togedemaru|100\/100|[from] item: Shell Bell|[of] p1a: Zamazenta\n|\n|upkeep\n|turn|15\n|\n|t:|1699755558\n|move|p2a: Togedemaru|Spiky Shield|p2a: Togedemaru\n|-singleturn|p2a: Togedemaru|move: Protect\n|move|p1a: Zamazenta|Body Press|p2a: Togedemaru\n|-activate|p2a: Togedemaru|move: Protect\n|-damage|p1a: Zamazenta|0 fnt|[from] Spiky Shield|[of] p2a: Togedemaru\n|faint|p1a: Zamazenta\n|\n|upkeep\n|\n|t:|1699755561\n|switch|p1a: Porygon-Z|Porygon-Z|100\/100\n|turn|16\n|\n|t:|1699755568\n|move|p1a: Porygon-Z|Dark Pulse|p2a: Togedemaru\n|-ability|p2a: Togedemaru|Sturdy\n|-damage|p2a: Togedemaru|9\/100\n|move|p2a: Togedemaru|Endeavor|p1a: Porygon-Z\n|-damage|p1a: Porygon-Z|1\/100\n|-heal|p2a: Togedemaru|100\/100|[from] item: Shell Bell|[of] p1a: Porygon-Z\n|\n|upkeep\n|turn|17\n|\n|t:|1699755577\n|move|p1a: Porygon-Z|Dark Pulse|p2a: Togedemaru\n|-ability|p2a: Togedemaru|Sturdy\n|-damage|p2a: Togedemaru|9\/100\n|move|p2a: Togedemaru|Endeavor|p1a: Porygon-Z\n|-immune|p1a: Porygon-Z\n|\n|upkeep\n|turn|18\n|\n|t:|1699755584\n|move|p1a: Porygon-Z|Dark Pulse|p2a: Togedemaru\n|-damage|p2a: Togedemaru|0 fnt\n|faint|p2a: Togedemaru\n|\n|upkeep\n|\n|t:|1699755589\n|switch|p2a: Cueia|Lopunny-Mega, F|95\/100\n|turn|19\n|\n|t:|1699755593\n|move|p1a: Porygon-Z|Dark Pulse|p2a: Cueia\n|-resisted|p2a: Cueia\n|-damage|p2a: Cueia|74\/100\n|move|p2a: Cueia|Power-Up Punch|p1a: Porygon-Z\n|-supereffective|p1a: Porygon-Z\n|-damage|p1a: Porygon-Z|0 fnt\n|-boost|p2a: Cueia|atk|1\n|faint|p1a: Porygon-Z\n|\n|win|kaikalos\n|raw|killgaldo's rating: 1210 &rarr; <strong>1184<\/strong><br \/>(-26 for losing)\n|raw|kaikalos's rating: 1193 &rarr; <strong>1219<\/strong><br \/>(+26 for winning)\n|l|\u2606killgaldo\n","uploadtime":1699755601,"views":12,"p1id":"killgaldo","p2id":"kaikalos","formatid":"gen9nationaldexubers","rating":1184,"private":0,"password":""}