{"id":"gen9nationaldexubers-1991420024","p1":"Cibbstr","p2":"DrasticGray","format":"[Gen 9] National Dex Ubers","log":"|j|\u2606Cibbstr\n|j|\u2606DrasticGray\n|t:|1700075595\n|gametype|singles\n|player|p1|Cibbstr|giovanni|1202\n|player|p2|DrasticGray|swimmer|1262\n|teamsize|p1|6\n|teamsize|p2|6\n|gen|9\n|tier|[Gen 9] National Dex Ubers\n|rated|\n|rule|HP Percentage Mod: HP is shown in percentages\n|rule|Endless Battle Clause: Forcing endless battles is banned\n|rule|OHKO Clause: OHKO moves are banned\n|rule|Evasion Moves Clause: Evasion moves are banned\n|rule|Evasion Items Clause: Evasion items are banned\n|rule|Species Clause: Limit one of each Pok\u00e9mon\n|rule|Sleep Clause Mod: Limit one foe put to sleep\n|rule|Mega Rayquaza Clause: You cannot mega evolve Rayquaza\n|clearpoke\n|poke|p1|Zacian-*|\n|poke|p1|Gliscor, F|\n|poke|p1|Marshadow|\n|poke|p1|Kyogre|\n|poke|p1|Kingambit, M|\n|poke|p1|Ho-Oh|\n|poke|p2|Sableye, F|\n|poke|p2|Shuckle, F|\n|poke|p2|Ferrothorn, M|\n|poke|p2|Toxapex, F|\n|poke|p2|Ho-Oh|\n|poke|p2|Lugia|\n|teampreview\n|\n|t:|1700075600\n|start\n|switch|p1a: Gliscor|Gliscor, F|100\/100\n|switch|p2a: Sableye|Sableye, F|100\/100\n|turn|1\n|\n|t:|1700075606\n|detailschange|p2a: Sableye|Sableye-Mega, F\n|-mega|p2a: Sableye|Sableye|Sablenite\n|move|p1a: Gliscor|Protect|p1a: Gliscor\n|-singleturn|p1a: Gliscor|Protect\n|move|p2a: Sableye|Will-O-Wisp|p1a: Gliscor\n|-activate|p1a: Gliscor|move: Protect\n|\n|-status|p1a: Gliscor|tox|[from] item: Toxic Orb\n|upkeep\n|turn|2\n|\n|t:|1700075616\n|move|p1a: Gliscor|Swords Dance|p1a: Gliscor\n|-boost|p1a: Gliscor|atk|2\n|move|p2a: Sableye|Foul Play|p1a: Gliscor\n|-damage|p1a: Gliscor|37\/100 tox\n|\n|-heal|p1a: Gliscor|49\/100 tox|[from] ability: Poison Heal\n|upkeep\n|turn|3\n|\n|t:|1700075624\n|move|p1a: Gliscor|Earthquake|p2a: Sableye\n|-damage|p2a: Sableye|27\/100\n|move|p2a: Sableye|Foul Play|p1a: Gliscor\n|-damage|p1a: Gliscor|0 fnt\n|faint|p1a: Gliscor\n|\n|upkeep\n|\n|t:|1700075632\n|switch|p1a: Zacian|Zacian-Crowned|100\/100\n|-ability|p1a: Zacian|Intrepid Sword|boost\n|-boost|p1a: Zacian|atk|1\n|turn|4\n|\n|t:|1700075637\n|switch|p2a: Ferrothorn|Ferrothorn, M|100\/100\n|move|p1a: Zacian|Play Rough|p2a: Ferrothorn\n|-resisted|p2a: Ferrothorn\n|-damage|p2a: Ferrothorn|79\/100\n|-damage|p1a: Zacian|88\/100|[from] ability: Iron Barbs|[of] p2a: Ferrothorn\n|-damage|p1a: Zacian|72\/100|[from] item: Rocky Helmet|[of] p2a: Ferrothorn\n|\n|upkeep\n|turn|5\n|\n|t:|1700075647\n|switch|p1a: Ho-Oh|Ho-Oh, shiny|100\/100\n|move|p2a: Ferrothorn|Leech Seed|p1a: Ho-Oh\n|-start|p1a: Ho-Oh|move: Leech Seed\n|\n|-damage|p1a: Ho-Oh|88\/100|[from] Leech Seed|[of] p2a: Ferrothorn\n|-heal|p2a: Ferrothorn|92\/100|[silent]\n|upkeep\n|turn|6\n|\n|t:|1700075654\n|move|p2a: Ferrothorn|Protect|p2a: Ferrothorn\n|-singleturn|p2a: Ferrothorn|Protect\n|move|p1a: Ho-Oh|Sacred Fire|p2a: Ferrothorn\n|-activate|p2a: Ferrothorn|move: Protect\n|\n|-damage|p1a: Ho-Oh|76\/100|[from] Leech Seed|[of] p2a: Ferrothorn\n|-heal|p2a: Ferrothorn|100\/100|[silent]\n|upkeep\n|turn|7\n|\n|t:|1700075664\n|switch|p2a: Ho-Oh|Ho-Oh|100\/100\n|move|p1a: Ho-Oh|Sacred Fire|p2a: Ho-Oh\n|-resisted|p2a: Ho-Oh\n|-damage|p2a: Ho-Oh|83\/100\n|\n|-damage|p1a: Ho-Oh|63\/100|[from] Leech Seed|[of] p2a: Ho-Oh\n|-heal|p2a: Ho-Oh|95\/100|[silent]\n|upkeep\n|turn|8\n|\n|t:|1700075674\n|switch|p1a: Kyogre|Kyogre, shiny|100\/100\n|detailschange|p1a: Kyogre|Kyogre-Primal, shiny\n|-primal|p1a: Kyogre|Blue Orb\n|-weather|PrimordialSea|[from] ability: Primordial Sea|[of] p1a: Kyogre\n|move|p2a: Ho-Oh|Sacred Fire||[still]\n|-fail|p2a: Ho-Oh|Sacred Fire|[from] Primordial Sea\n|\n|-weather|PrimordialSea|[upkeep]\n|upkeep\n|turn|9\n|\n|t:|1700075687\n|switch|p2a: Ferrothorn|Ferrothorn, M|100\/100\n|move|p1a: Kyogre|Thunder|p2a: Ferrothorn\n|-resisted|p2a: Ferrothorn\n|-damage|p2a: Ferrothorn|81\/100\n|\n|-weather|PrimordialSea|[upkeep]\n|upkeep\n|turn|10\n|\n|t:|1700075694\n|move|p1a: Kyogre|Ice Beam|p2a: Ferrothorn\n|-damage|p2a: Ferrothorn|46\/100\n|move|p2a: Ferrothorn|Leech Seed|p1a: Kyogre\n|-start|p1a: Kyogre|move: Leech Seed\n|\n|-weather|PrimordialSea|[upkeep]\n|-damage|p1a: Kyogre|88\/100|[from] Leech Seed|[of] p2a: Ferrothorn\n|-heal|p2a: Ferrothorn|58\/100|[silent]\n|upkeep\n|turn|11\n|\n|t:|1700075701\n|-weather|none\n|switch|p1a: Ho-Oh|Ho-Oh, shiny|97\/100\n|move|p2a: Ferrothorn|Protect||[still]\n|-fail|p2a: Ferrothorn\n|\n|upkeep\n|turn|12\n|\n|t:|1700075706\n|move|p2a: Ferrothorn|Protect|p2a: Ferrothorn\n|-singleturn|p2a: Ferrothorn|Protect\n|move|p1a: Ho-Oh|Sacred Fire|p2a: Ferrothorn\n|-activate|p2a: Ferrothorn|move: Protect\n|\n|upkeep\n|turn|13\n|\n|t:|1700075715\n|switch|p2a: Lugia|Lugia|100\/100\n|move|p1a: Ho-Oh|Sacred Fire|p2a: Lugia\n|-damage|p2a: Lugia|90\/100\n|-status|p2a: Lugia|brn\n|\n|-heal|p2a: Lugia|96\/100 brn|[from] item: Leftovers\n|-damage|p2a: Lugia|90\/100 brn|[from] brn\n|upkeep\n|turn|14\n|\n|t:|1700075724\n|move|p1a: Ho-Oh|Brave Bird|p2a: Lugia\n|-damage|p2a: Lugia|63\/100 brn\n|-damage|p1a: Ho-Oh|86\/100|[from] Recoil\n|move|p2a: Lugia|Toxic|p1a: Ho-Oh\n|-status|p1a: Ho-Oh|tox\n|\n|-heal|p2a: Lugia|70\/100 brn|[from] item: Leftovers\n|-damage|p1a: Ho-Oh|80\/100 tox|[from] psn\n|-damage|p2a: Lugia|63\/100 brn|[from] brn\n|upkeep\n|turn|15\n|\n|t:|1700075733\n|move|p1a: Ho-Oh|Brave Bird|p2a: Lugia\n|-damage|p2a: Lugia|37\/100 brn\n|-damage|p1a: Ho-Oh|70\/100 tox|[from] Recoil\n|move|p2a: Lugia|Substitute|p2a: Lugia\n|-start|p2a: Lugia|Substitute\n|-damage|p2a: Lugia|12\/100 brn\n|\n|-heal|p2a: Lugia|19\/100 brn|[from] item: Leftovers\n|-damage|p1a: Ho-Oh|58\/100 tox|[from] psn\n|-damage|p2a: Lugia|12\/100 brn|[from] brn\n|upkeep\n|turn|16\n|\n|t:|1700075744\n|move|p1a: Ho-Oh|Brave Bird|p2a: Lugia\n|-end|p2a: Lugia|Substitute\n|-damage|p1a: Ho-Oh|48\/100 tox|[from] Recoil|[of] p2a: Lugia\n|move|p2a: Lugia|Roost|p2a: Lugia\n|-heal|p2a: Lugia|62\/100 brn\n|-singleturn|p2a: Lugia|move: Roost\n|\n|-heal|p2a: Lugia|69\/100 brn|[from] item: Leftovers\n|-damage|p1a: Ho-Oh|29\/100 tox|[from] psn\n|-damage|p2a: Lugia|62\/100 brn|[from] brn\n|upkeep\n|turn|17\n|\n|t:|1700075757\n|move|p1a: Ho-Oh|Roost|p1a: Ho-Oh\n|-heal|p1a: Ho-Oh|79\/100 tox\n|-singleturn|p1a: Ho-Oh|move: Roost\n|move|p2a: Lugia|Roost|p2a: Lugia\n|-heal|p2a: Lugia|100\/100 brn\n|-singleturn|p2a: Lugia|move: Roost\n|\n|-damage|p1a: Ho-Oh|54\/100 tox|[from] psn\n|-damage|p2a: Lugia|94\/100 brn|[from] brn\n|upkeep\n|turn|18\n|\n|t:|1700075767\n|move|p1a: Ho-Oh|Roost|p1a: Ho-Oh\n|-heal|p1a: Ho-Oh|100\/100 tox\n|-singleturn|p1a: Ho-Oh|move: Roost\n|move|p2a: Lugia|Substitute|p2a: Lugia\n|-start|p2a: Lugia|Substitute\n|-damage|p2a: Lugia|69\/100 brn\n|\n|-heal|p2a: Lugia|75\/100 brn|[from] item: Leftovers\n|-damage|p1a: Ho-Oh|69\/100 tox|[from] psn\n|-damage|p2a: Lugia|69\/100 brn|[from] brn\n|upkeep\n|turn|19\n|\n|t:|1700075782\n|switch|p1a: Zacian|Zacian-Crowned|72\/100\n|move|p2a: Lugia|Toxic|p1a: Zacian\n|-immune|p1a: Zacian\n|\n|-heal|p2a: Lugia|75\/100 brn|[from] item: Leftovers\n|-damage|p2a: Lugia|69\/100 brn|[from] brn\n|upkeep\n|turn|20\n|\n|t:|1700075793\n|move|p1a: Zacian|Swords Dance|p1a: Zacian\n|-boost|p1a: Zacian|atk|2\n|move|p2a: Lugia|Whirlwind|p1a: Zacian\n|drag|p1a: Kingambit|Kingambit, M|100\/100\n|-activate|p1a: Kingambit|ability: Supreme Overlord\n|-start|p1a: Kingambit|fallen1|[silent]\n|\n|-heal|p2a: Lugia|75\/100 brn|[from] item: Leftovers\n|-damage|p2a: Lugia|69\/100 brn|[from] brn\n|upkeep\n|turn|21\n|\n|t:|1700075804\n|move|p1a: Kingambit|Kowtow Cleave|p2a: Lugia\n|-supereffective|p2a: Lugia\n|-end|p2a: Lugia|Substitute\n|move|p2a: Lugia|Whirlwind|p1a: Kingambit\n|-end|p1a: Kingambit|fallen1|[silent]\n|drag|p1a: Kyogre|Kyogre-Primal, shiny|88\/100\n|-weather|PrimordialSea|[from] ability: Primordial Sea|[of] p1a: Kyogre\n|\n|-weather|PrimordialSea|[upkeep]\n|-heal|p2a: Lugia|75\/100 brn|[from] item: Leftovers\n|-damage|p2a: Lugia|69\/100 brn|[from] brn\n|upkeep\n|turn|22\n|\n|t:|1700075815\n|move|p2a: Lugia|Toxic|p1a: Kyogre\n|-status|p1a: Kyogre|tox\n|move|p1a: Kyogre|Thunder|p2a: Lugia\n|-supereffective|p2a: Lugia\n|-damage|p2a: Lugia|18\/100 brn\n|\n|-weather|PrimordialSea|[upkeep]\n|-heal|p2a: Lugia|24\/100 brn|[from] item: Leftovers\n|-damage|p1a: Kyogre|82\/100 tox|[from] psn\n|-damage|p2a: Lugia|18\/100 brn|[from] brn\n|upkeep\n|turn|23\n|\n|t:|1700075828\n|move|p2a: Lugia|Roost|p2a: Lugia\n|-heal|p2a: Lugia|68\/100 brn\n|-singleturn|p2a: Lugia|move: Roost\n|move|p1a: Kyogre|Thunder|p2a: Lugia\n|-damage|p2a: Lugia|42\/100 brn\n|\n|-weather|PrimordialSea|[upkeep]\n|-heal|p2a: Lugia|48\/100 brn|[from] item: Leftovers\n|-damage|p1a: Kyogre|70\/100 tox|[from] psn\n|-damage|p2a: Lugia|42\/100 brn|[from] brn\n|upkeep\n|turn|24\n|\n|t:|1700075842\n|-weather|none\n|switch|p1a: Kingambit|Kingambit, M|100\/100\n|-activate|p1a: Kingambit|ability: Supreme Overlord\n|-start|p1a: Kingambit|fallen1|[silent]\n|move|p2a: Lugia|Roost|p2a: Lugia\n|-heal|p2a: Lugia|92\/100 brn\n|-singleturn|p2a: Lugia|move: Roost\n|\n|-heal|p2a: Lugia|98\/100 brn|[from] item: Leftovers\n|-damage|p2a: Lugia|92\/100 brn|[from] brn\n|upkeep\n|turn|25\n|\n|t:|1700075865\n|switch|p2a: Sableye|Sableye-Mega, F|27\/100\n|-terastallize|p1a: Kingambit|Dark\n|move|p1a: Kingambit|Kowtow Cleave|p2a: Sableye\n|-damage|p2a: Sableye|0 fnt\n|faint|p2a: Sableye\n|\n|upkeep\n|\n|t:|1700075874\n|switch|p2a: Ferrothorn|Ferrothorn, M|58\/100\n|turn|26\n|\n|t:|1700075878\n|-end|p1a: Kingambit|fallen1|[silent]\n|switch|p1a: Marshadow|Marshadow|100\/100\n|move|p2a: Ferrothorn|Leech Seed|p1a: Marshadow\n|-start|p1a: Marshadow|move: Leech Seed\n|\n|-damage|p1a: Marshadow|88\/100|[from] Leech Seed|[of] p2a: Ferrothorn\n|-heal|p2a: Ferrothorn|70\/100|[silent]\n|upkeep\n|turn|27\n|\n|t:|1700075886\n|switch|p1a: Ho-Oh|Ho-Oh, shiny|100\/100 tox\n|move|p2a: Ferrothorn|Gyro Ball|p1a: Ho-Oh\n|-resisted|p1a: Ho-Oh\n|-damage|p1a: Ho-Oh|80\/100 tox\n|\n|-damage|p1a: Ho-Oh|74\/100 tox|[from] psn\n|upkeep\n|turn|28\n|\n|t:|1700075896\n|move|p2a: Ferrothorn|Protect|p2a: Ferrothorn\n|-singleturn|p2a: Ferrothorn|Protect\n|move|p1a: Ho-Oh|Sacred Fire|p2a: Ferrothorn\n|-activate|p2a: Ferrothorn|move: Protect\n|\n|-damage|p1a: Ho-Oh|62\/100 tox|[from] psn\n|upkeep\n|turn|29\n|\n|t:|1700075903\n|switch|p2a: Ho-Oh|Ho-Oh|100\/100\n|move|p1a: Ho-Oh|Sacred Fire|p2a: Ho-Oh\n|-resisted|p2a: Ho-Oh\n|-damage|p2a: Ho-Oh|82\/100\n|\n|-damage|p1a: Ho-Oh|43\/100 tox|[from] psn\n|upkeep\n|turn|30\n|\n|t:|1700075911\n|move|p1a: Ho-Oh|Brave Bird|p2a: Ho-Oh\n|-damage|p2a: Ho-Oh|34\/100\n|-damage|p1a: Ho-Oh|27\/100 tox|[from] Recoil\n|move|p2a: Ho-Oh|Sacred Fire|p1a: Ho-Oh\n|-resisted|p1a: Ho-Oh\n|-damage|p1a: Ho-Oh|6\/100 tox\n|\n|-damage|p1a: Ho-Oh|0 fnt|[from] psn\n|faint|p1a: Ho-Oh\n|upkeep\n|\n|t:|1700075920\n|switch|p1a: Kyogre|Kyogre-Primal, shiny|70\/100 tox\n|-weather|PrimordialSea|[from] ability: Primordial Sea|[of] p1a: Kyogre\n|turn|31\n|\n|t:|1700075930\n|switch|p2a: Ferrothorn|Ferrothorn, M|70\/100\n|move|p1a: Kyogre|Calm Mind|p1a: Kyogre\n|-boost|p1a: Kyogre|spa|1\n|-boost|p1a: Kyogre|spd|1\n|\n|-weather|PrimordialSea|[upkeep]\n|-damage|p1a: Kyogre|64\/100 tox|[from] psn\n|upkeep\n|turn|32\n|\n|t:|1700075937\n|move|p1a: Kyogre|Ice Beam|p2a: Ferrothorn\n|-damage|p2a: Ferrothorn|15\/100\n|move|p2a: Ferrothorn|Leech Seed|p1a: Kyogre\n|-start|p1a: Kyogre|move: Leech Seed\n|\n|-weather|PrimordialSea|[upkeep]\n|-damage|p1a: Kyogre|51\/100 tox|[from] Leech Seed|[of] p2a: Ferrothorn\n|-heal|p2a: Ferrothorn|27\/100|[silent]\n|-damage|p1a: Kyogre|39\/100 tox|[from] psn\n|upkeep\n|turn|33\n|\n|t:|1700075947\n|-weather|none\n|switch|p1a: Marshadow|Marshadow|88\/100\n|move|p2a: Ferrothorn|Protect||[still]\n|-fail|p2a: Ferrothorn\n|\n|upkeep\n|turn|34\n|\n|t:|1700075954\n|switch|p1a: Zacian|Zacian-Crowned|72\/100\n|move|p2a: Ferrothorn|Protect||[still]\n|-fail|p2a: Ferrothorn\n|\n|upkeep\n|turn|35\n|\n|t:|1700075961\n|move|p2a: Ferrothorn|Protect|p2a: Ferrothorn\n|-singleturn|p2a: Ferrothorn|Protect\n|move|p1a: Zacian|Behemoth Blade|p2a: Ferrothorn\n|-activate|p2a: Ferrothorn|move: Protect\n|\n|upkeep\n|turn|36\n|\n|t:|1700075970\n|switch|p2a: Toxapex|Toxapex, F|100\/100\n|move|p1a: Zacian|Behemoth Blade|p2a: Toxapex\n|-resisted|p2a: Toxapex\n|-damage|p2a: Toxapex|83\/100\n|-damage|p1a: Zacian|55\/100|[from] item: Rocky Helmet|[of] p2a: Toxapex\n|\n|upkeep\n|turn|37\n|\n|t:|1700075981\n|switch|p1a: Kyogre|Kyogre-Primal, shiny|39\/100 tox\n|-weather|PrimordialSea|[from] ability: Primordial Sea|[of] p1a: Kyogre\n|switch|p2a: Ferrothorn|Ferrothorn, M|27\/100\n|\n|-weather|PrimordialSea|[upkeep]\n|-damage|p1a: Kyogre|33\/100 tox|[from] psn\n|upkeep\n|turn|38\n|\n|t:|1700075990\n|move|p2a: Ferrothorn|Protect|p2a: Ferrothorn\n|-singleturn|p2a: Ferrothorn|Protect\n|move|p1a: Kyogre|Ice Beam|p2a: Ferrothorn\n|-activate|p2a: Ferrothorn|move: Protect\n|\n|-weather|PrimordialSea|[upkeep]\n|-damage|p1a: Kyogre|20\/100 tox|[from] psn\n|upkeep\n|turn|39\n|\n|t:|1700076000\n|switch|p2a: Toxapex|Toxapex, F|100\/100\n|move|p1a: Kyogre|Ice Beam|p2a: Toxapex\n|-resisted|p2a: Toxapex\n|-damage|p2a: Toxapex|85\/100\n|\n|-weather|PrimordialSea|[upkeep]\n|-damage|p1a: Kyogre|2\/100 tox|[from] psn\n|upkeep\n|turn|40\n|\n|t:|1700076010\n|switch|p2a: Ferrothorn|Ferrothorn, M|27\/100\n|move|p1a: Kyogre|Thunder|p2a: Ferrothorn\n|-resisted|p2a: Ferrothorn\n|-damage|p2a: Ferrothorn|6\/100\n|\n|-weather|PrimordialSea|[upkeep]\n|-damage|p1a: Kyogre|0 fnt|[from] psn\n|faint|p1a: Kyogre\n|-weather|none\n|upkeep\n|\n|t:|1700076021\n|switch|p1a: Marshadow|Marshadow|88\/100\n|turn|41\n|\n|t:|1700076024\n|move|p2a: Ferrothorn|Protect|p2a: Ferrothorn\n|-singleturn|p2a: Ferrothorn|Protect\n|move|p1a: Marshadow|Swagger|p2a: Ferrothorn\n|-activate|p2a: Ferrothorn|move: Protect\n|\n|upkeep\n|turn|42\n|\n|t:|1700076029\n|move|p1a: Marshadow|Shadow Sneak|p2a: Ferrothorn\n|-damage|p2a: Ferrothorn|0 fnt\n|-damage|p1a: Marshadow|76\/100|[from] ability: Iron Barbs|[of] p2a: Ferrothorn\n|-damage|p1a: Marshadow|59\/100|[from] item: Rocky Helmet|[of] p2a: Ferrothorn\n|faint|p2a: Ferrothorn\n|\n|upkeep\n|\n|t:|1700076040\n|switch|p2a: Toxapex|Toxapex, F|100\/100\n|turn|43\n|\n|t:|1700076044\n|move|p1a: Marshadow|Swagger|p2a: Toxapex\n|-boost|p2a: Toxapex|atk|2\n|-start|p2a: Toxapex|confusion\n|-activate|p2a: Toxapex|confusion\n|move|p2a: Toxapex|Infestation|p1a: Marshadow\n|-resisted|p1a: Marshadow\n|-damage|p1a: Marshadow|58\/100\n|-activate|p1a: Marshadow|move: Infestation|[of] p2a: Toxapex\n|\n|-damage|p1a: Marshadow|46\/100|[from] move: Infestation|[partiallytrapped]\n|upkeep\n|turn|44\n|\n|t:|1700076055\n|move|p1a: Marshadow|Spectral Thief||[still]\n|-clearpositiveboost|p2a: Toxapex|p1a: Marshadow|move: Spectral Thief\n|-boost|p1a: Marshadow|atk|2\n|-anim|p1a: Marshadow|Spectral Thief|p2a: Toxapex\n|-damage|p2a: Toxapex|47\/100\n|-damage|p1a: Marshadow|29\/100|[from] item: Rocky Helmet|[of] p2a: Toxapex\n|-activate|p2a: Toxapex|confusion\n|move|p2a: Toxapex|Haze|p2a: Toxapex\n|-clearallboost\n|\n|-damage|p1a: Marshadow|17\/100|[from] move: Infestation|[partiallytrapped]\n|upkeep\n|turn|45\n|\n|t:|1700076068\n|move|p1a: Marshadow|Drain Punch|p2a: Toxapex\n|-resisted|p2a: Toxapex\n|-damage|p2a: Toxapex|36\/100\n|-heal|p1a: Marshadow|22\/100|[from] drain|[of] p2a: Toxapex\n|-damage|p1a: Marshadow|6\/100|[from] item: Rocky Helmet|[of] p2a: Toxapex\n|-activate|p2a: Toxapex|confusion\n|move|p2a: Toxapex|Recover|p2a: Toxapex\n|-heal|p2a: Toxapex|86\/100\n|\n|-damage|p1a: Marshadow|0 fnt|[from] move: Infestation|[partiallytrapped]\n|faint|p1a: Marshadow\n|upkeep\n|\n|t:|1700076079\n|switch|p1a: Zacian|Zacian-Crowned|55\/100\n|turn|46\n|\n|t:|1700076090\n|move|p1a: Zacian|Swords Dance|p1a: Zacian\n|-boost|p1a: Zacian|atk|2\n|-activate|p2a: Toxapex|confusion\n|-damage|p2a: Toxapex|83\/100|[from] confusion\n|\n|upkeep\n|turn|47\n|\n|t:|1700076096\n|move|p1a: Zacian|Swords Dance|p1a: Zacian\n|-boost|p1a: Zacian|atk|2\n|-end|p2a: Toxapex|confusion\n|move|p2a: Toxapex|Haze|p2a: Toxapex\n|-clearallboost\n|\n|upkeep\n|turn|48\n|\n|t:|1700076106\n|move|p1a: Zacian|Swords Dance|p1a: Zacian\n|-boost|p1a: Zacian|atk|2\n|move|p2a: Toxapex|Infestation|p1a: Zacian\n|-resisted|p1a: Zacian\n|-damage|p1a: Zacian|54\/100\n|-activate|p1a: Zacian|move: Infestation|[of] p2a: Toxapex\n|\n|-damage|p1a: Zacian|42\/100|[from] move: Infestation|[partiallytrapped]\n|upkeep\n|turn|49\n|inactive|Battle timer is ON: inactive players will automatically lose when time's up. (requested by Cibbstr)\n|\n|t:|1700076113\n|move|p1a: Zacian|Swords Dance|p1a: Zacian\n|-boost|p1a: Zacian|atk|2\n|move|p2a: Toxapex|Haze|p2a: Toxapex\n|-clearallboost\n|\n|-damage|p1a: Zacian|30\/100|[from] move: Infestation|[partiallytrapped]\n|upkeep\n|turn|50\n|\n|t:|1700076121\n|move|p1a: Zacian|Swords Dance|p1a: Zacian\n|-boost|p1a: Zacian|atk|2\n|move|p2a: Toxapex|Recover|p2a: Toxapex\n|-heal|p2a: Toxapex|100\/100\n|\n|-damage|p1a: Zacian|18\/100|[from] move: Infestation|[partiallytrapped]\n|upkeep\n|turn|51\n|\n|t:|1700076127\n|move|p1a: Zacian|Swords Dance|p1a: Zacian\n|-boost|p1a: Zacian|atk|2\n|move|p2a: Toxapex|Haze|p2a: Toxapex\n|-clearallboost\n|\n|-damage|p1a: Zacian|5\/100|[from] move: Infestation|[partiallytrapped]\n|upkeep\n|turn|52\n|\n|t:|1700076141\n|move|p1a: Zacian|Behemoth Blade|p2a: Toxapex\n|-resisted|p2a: Toxapex\n|-damage|p2a: Toxapex|82\/100\n|-damage|p1a: Zacian|0 fnt|[from] item: Rocky Helmet|[of] p2a: Toxapex\n|faint|p1a: Zacian\n|move|p2a: Toxapex|Recover|p2a: Toxapex\n|-heal|p2a: Toxapex|100\/100\n|\n|upkeep\n|\n|t:|1700076143\n|switch|p1a: Kingambit|Kingambit, M, tera:Dark|100\/100\n|-activate|p1a: Kingambit|ability: Supreme Overlord\n|-start|p1a: Kingambit|fallen5|[silent]\n|turn|53\n|\n|t:|1700076161\n|move|p1a: Kingambit|Kowtow Cleave|p2a: Toxapex\n|-damage|p2a: Toxapex|44\/100\n|-damage|p1a: Kingambit|84\/100|[from] item: Rocky Helmet|[of] p2a: Toxapex\n|move|p2a: Toxapex|Infestation|p1a: Kingambit\n|-supereffective|p1a: Kingambit\n|-damage|p1a: Kingambit|77\/100\n|-activate|p1a: Kingambit|move: Infestation|[of] p2a: Toxapex\n|\n|-damage|p1a: Kingambit|65\/100|[from] move: Infestation|[partiallytrapped]\n|upkeep\n|turn|54\n|\n|t:|1700076170\n|move|p1a: Kingambit|Kowtow Cleave|p2a: Toxapex\n|-damage|p2a: Toxapex|0 fnt\n|-damage|p1a: Kingambit|48\/100|[from] item: Rocky Helmet|[of] p2a: Toxapex\n|faint|p2a: Toxapex\n|\n|-end|p1a: Kingambit|Infestation|[partiallytrapped]|[silent]\n|upkeep\n|\n|t:|1700076176\n|switch|p2a: Ho-Oh|Ho-Oh|67\/100\n|turn|55\n|\n|t:|1700076179\n|move|p1a: Kingambit|Kowtow Cleave|p2a: Ho-Oh\n|-damage|p2a: Ho-Oh|0 fnt\n|faint|p2a: Ho-Oh\n|\n|upkeep\n|\n|t:|1700076190\n|switch|p2a: Shuckle|Shuckle, F|100\/100\n|turn|56\n|\n|t:|1700076202\n|-terastallize|p2a: Shuckle|Bug\n|move|p1a: Kingambit|Kowtow Cleave|p2a: Shuckle\n|-damage|p2a: Shuckle|46\/100\n|move|p2a: Shuckle|Shell Smash|p2a: Shuckle\n|-boost|p2a: Shuckle|def|1\n|-boost|p2a: Shuckle|spd|1\n|-unboost|p2a: Shuckle|atk|2\n|-unboost|p2a: Shuckle|spa|2\n|-unboost|p2a: Shuckle|spe|2\n|\n|-heal|p2a: Shuckle|53\/100|[from] item: Leftovers\n|upkeep\n|turn|57\n|\n|t:|1700076223\n|move|p1a: Kingambit|Kowtow Cleave|p2a: Shuckle\n|-damage|p2a: Shuckle|19\/100\n|move|p2a: Shuckle|Shell Smash|p2a: Shuckle\n|-boost|p2a: Shuckle|def|1\n|-boost|p2a: Shuckle|spd|1\n|-unboost|p2a: Shuckle|atk|2\n|-unboost|p2a: Shuckle|spa|2\n|-unboost|p2a: Shuckle|spe|2\n|\n|-heal|p2a: Shuckle|25\/100|[from] item: Leftovers\n|upkeep\n|turn|58\n|\n|t:|1700076233\n|move|p1a: Kingambit|Kowtow Cleave|p2a: Shuckle\n|-damage|p2a: Shuckle|0 fnt\n|faint|p2a: Shuckle\n|\n|upkeep\n|\n|t:|1700076237\n|switch|p2a: Lugia|Lugia|92\/100 brn\n|turn|59\n|\n|t:|1700076246\n|move|p1a: Kingambit|Kowtow Cleave|p2a: Lugia\n|-supereffective|p2a: Lugia\n|-damage|p2a: Lugia|0 fnt\n|faint|p2a: Lugia\n|\n|win|Cibbstr\n|raw|Cibbstr's rating: 1202 &rarr; <strong>1231<\/strong><br \/>(+29 for winning)\n|raw|DrasticGray's rating: 1262 &rarr; <strong>1233<\/strong><br \/>(-29 for losing)\n|c|\u2606Cibbstr|GG F U\n|l|\u2606Cibbstr\n","uploadtime":1700076294,"views":8,"p1id":"cibbstr","p2id":"drasticgray","formatid":"gen9nationaldexubers","rating":1231,"private":0,"password":""}