{"id":"gen9nationaldexubers-1978410027","p1":"incrediblebraps","p2":"grass knot zygarde","format":"[Gen 9] National Dex Ubers","log":"|j|\u2606incrediblebraps\n|j|\u2606grass knot zygarde\n|t:|1698535337\n|gametype|singles\n|player|p1|incrediblebraps|teacher-gen2|\n|player|p2|grass knot zygarde|dawn|\n|teamsize|p1|6\n|teamsize|p2|6\n|gen|9\n|tier|[Gen 9] National Dex Ubers\n|rule|HP Percentage Mod: HP is shown in percentages\n|rule|Endless Battle Clause: Forcing endless battles is banned\n|rule|OHKO Clause: OHKO moves are banned\n|rule|Evasion Moves Clause: Evasion moves are banned\n|rule|Evasion Items Clause: Evasion items are banned\n|rule|Species Clause: Limit one of each Pok\u00e9mon\n|rule|Sleep Clause Mod: Limit one foe put to sleep\n|rule|Mega Rayquaza Clause: You cannot mega evolve Rayquaza\n|clearpoke\n|poke|p1|Groudon|\n|poke|p1|Zygarde|\n|poke|p1|Mewtwo|\n|poke|p1|Ho-Oh|\n|poke|p1|Arceus|\n|poke|p1|Eternatus|\n|poke|p2|Groudon|\n|poke|p2|Salamence, F|\n|poke|p2|Tapu Lele|\n|poke|p2|Necrozma-Dusk-Mane|\n|poke|p2|Magearna|\n|poke|p2|Deoxys-Attack|\n|teampreview\n|inactive|Battle timer is ON: inactive players will automatically lose when time's up. (requested by incrediblebraps)\n|c|\u2606incrediblebraps|yk u know we deeed\n|c|\u2606grass knot zygarde|HE WANTS SOME MOAR\n|\n|t:|1698535360\n|start\n|switch|p1a: Arceus|Arceus|100\/100\n|switch|p2a: ONTHETABLE|Deoxys-Attack, shiny|100\/100\n|-ability|p2a: ONTHETABLE|Pressure\n|turn|1\n|c|\u2606incrediblebraps|didn't u lose last round :(\n|\n|t:|1698535368\n|switch|p2a: ONTHEFLOOR|Tapu Lele|100\/100\n|-fieldstart|move: Psychic Terrain|[from] ability: Psychic Surge|[of] p2a: ONTHEFLOOR\n|move|p1a: Arceus|Extreme Speed|p2a: ONTHEFLOOR\n|-activate|p2a: ONTHEFLOOR|move: Psychic Terrain\n|\n|upkeep\n|turn|2\n|\n|t:|1698535381\n|switch|p2a: BIG BANDS|Salamence, F|100\/100\n|-ability|p2a: BIG BANDS|Intimidate|boost\n|-unboost|p1a: Arceus|atk|1\n|move|p1a: Arceus|Shadow Force||[still]\n|-prepare|p1a: Arceus|Shadow Force\n|\n|upkeep\n|turn|3\n|\n|t:|1698535389\n|detailschange|p2a: BIG BANDS|Salamence-Mega, F\n|-mega|p2a: BIG BANDS|Salamence|Salamencite\n|move|p2a: BIG BANDS|Body Slam|p1a: Arceus|[miss]\n|-miss|p2a: BIG BANDS|p1a: Arceus\n|move|p1a: Arceus|Shadow Force|p2a: BIG BANDS|[from]lockedmove\n|-damage|p2a: BIG BANDS|84\/100\n|\n|upkeep\n|turn|4\n|c|\u2606incrediblebraps|does he know the method?\n|c|\u2606grass knot zygarde|UR\n|\n|t:|1698535398\n|switch|p1a: Groudon|Groudon, shiny|100\/100\n|detailschange|p1a: Groudon|Groudon-Primal, shiny\n|-primal|p1a: Groudon|Red Orb\n|-weather|DesolateLand|[from] ability: Desolate Land|[of] p1a: Groudon\n|move|p2a: BIG BANDS|Body Slam|p1a: Groudon\n|-damage|p1a: Groudon|67\/100\n|\n|-weather|DesolateLand|[upkeep]\n|upkeep\n|turn|5\n|c|\u2606grass knot zygarde|SO SLOW\n|\n|t:|1698535410\n|move|p2a: BIG BANDS|Body Slam|p1a: Groudon\n|-damage|p1a: Groudon|35\/100\n|move|p1a: Groudon|Stealth Rock|p2a: BIG BANDS\n|-sidestart|p2: grass knot zygarde|move: Stealth Rock\n|\n|-weather|DesolateLand|[upkeep]\n|upkeep\n|turn|6\n|\n|t:|1698535416\n|move|p2a: BIG BANDS|Body Slam|p1a: Groudon\n|-damage|p1a: Groudon|1\/100\n|move|p1a: Groudon|Rock Tomb|p2a: BIG BANDS\n|-supereffective|p2a: BIG BANDS\n|-damage|p2a: BIG BANDS|53\/100\n|-unboost|p2a: BIG BANDS|spe|1\n|\n|-weather|DesolateLand|[upkeep]\n|upkeep\n|turn|7\n|\n|t:|1698535425\n|move|p1a: Groudon|Rock Tomb|p2a: BIG BANDS\n|-supereffective|p2a: BIG BANDS\n|-damage|p2a: BIG BANDS|25\/100\n|-unboost|p2a: BIG BANDS|spe|1\n|move|p2a: BIG BANDS|Roost|p2a: BIG BANDS\n|-heal|p2a: BIG BANDS|75\/100\n|-singleturn|p2a: BIG BANDS|move: Roost\n|\n|-weather|DesolateLand|[upkeep]\n|upkeep\n|turn|8\n|\n|t:|1698535432\n|move|p1a: Groudon|Rock Tomb|p2a: BIG BANDS\n|-supereffective|p2a: BIG BANDS\n|-damage|p2a: BIG BANDS|43\/100\n|-unboost|p2a: BIG BANDS|spe|1\n|move|p2a: BIG BANDS|Defog|p1a: Groudon\n|-unboost|p1a: Groudon|evasion|1\n|-sideend|p2: grass knot zygarde|Stealth Rock|[from] move: Defog|[of] p2a: BIG BANDS\n|-fieldend|move: Psychic Terrain\n|\n|-weather|DesolateLand|[upkeep]\n|upkeep\n|turn|9\n|\n|t:|1698535437\n|move|p1a: Groudon|Swords Dance|p1a: Groudon\n|-boost|p1a: Groudon|atk|2\n|move|p2a: BIG BANDS|Roost|p2a: BIG BANDS\n|-heal|p2a: BIG BANDS|93\/100\n|-singleturn|p2a: BIG BANDS|move: Roost\n|\n|-weather|DesolateLand|[upkeep]\n|upkeep\n|turn|10\n|\n|t:|1698535440\n|move|p1a: Groudon|Stealth Rock|p2a: BIG BANDS\n|-sidestart|p2: grass knot zygarde|move: Stealth Rock\n|move|p2a: BIG BANDS|Body Slam|p1a: Groudon\n|-damage|p1a: Groudon|0 fnt\n|faint|p1a: Groudon\n|-weather|none\n|\n|upkeep\n|\n|t:|1698535442\n|switch|p1a: Mewtwo|Mewtwo|100\/100\n|-ability|p1a: Mewtwo|Pressure\n|turn|11\n|\n|t:|1698535454\n|switch|p2a: ONE WAY!|Magearna|100\/100\n|-damage|p2a: ONE WAY!|94\/100|[from] Stealth Rock\n|detailschange|p1a: Mewtwo|Mewtwo-Mega-Y\n|-mega|p1a: Mewtwo|Mewtwo|Mewtwonite Y\n|move|p1a: Mewtwo|Ice Beam|p2a: ONE WAY!\n|-resisted|p2a: ONE WAY!\n|-damage|p2a: ONE WAY!|82\/100\n|\n|-heal|p2a: ONE WAY!|88\/100|[from] item: Leftovers\n|upkeep\n|turn|12\n|\n|t:|1698535467\n|move|p1a: Mewtwo|Fire Blast|p2a: ONE WAY!\n|-supereffective|p2a: ONE WAY!\n|-damage|p2a: ONE WAY!|23\/100\n|move|p2a: ONE WAY!|Pain Split|p1a: Mewtwo\n|-sethp|p1a: Mewtwo|62\/100|[from] move: Pain Split|[silent]\n|-sethp|p2a: ONE WAY!|62\/100|[from] move: Pain Split\n|\n|-heal|p2a: ONE WAY!|68\/100|[from] item: Leftovers\n|upkeep\n|turn|13\n|\n|t:|1698535479\n|move|p1a: Mewtwo|Fire Blast|p2a: ONE WAY!\n|-supereffective|p2a: ONE WAY!\n|-damage|p2a: ONE WAY!|2\/100\n|move|p2a: ONE WAY!|Volt Switch|p1a: Mewtwo\n|-crit|p1a: Mewtwo\n|-damage|p1a: Mewtwo|39\/100\n|c|\u2606incrediblebraps|idc cuh\n|\n|t:|1698535489\n|switch|p2a: ONTHETABLE|Deoxys-Attack, shiny|100\/100|[from] Volt Switch\n|-damage|p2a: ONTHETABLE|88\/100|[from] Stealth Rock\n|-ability|p2a: ONTHETABLE|Pressure\n|\n|upkeep\n|turn|14\n|\n|t:|1698535494\n|switch|p1a: Ho-Oh|Ho-Oh|100\/100\n|move|p2a: ONTHETABLE|Shadow Ball|p1a: Ho-Oh\n|-damage|p1a: Ho-Oh|81\/100\n|-damage|p2a: ONTHETABLE|79\/100|[from] item: Life Orb\n|\n|upkeep\n|turn|15\n|\n|t:|1698535503\n|switch|p2a: BIG BANDS|Salamence-Mega, F|93\/100\n|-damage|p2a: BIG BANDS|68\/100|[from] Stealth Rock\n|switch|p1a: Arceus|Arceus|100\/100\n|\n|upkeep\n|turn|16\n|\n|t:|1698535509\n|move|p2a: BIG BANDS|Body Slam|p1a: Arceus\n|-damage|p1a: Arceus|71\/100\n|move|p1a: Arceus|Dragon Dance|p1a: Arceus\n|-boost|p1a: Arceus|atk|1\n|-boost|p1a: Arceus|spe|1\n|\n|-heal|p1a: Arceus|77\/100|[from] item: Leftovers\n|upkeep\n|turn|17\n|\n|t:|1698535516\n|move|p1a: Arceus|Extreme Speed|p2a: BIG BANDS\n|-damage|p2a: BIG BANDS|32\/100\n|move|p2a: BIG BANDS|Body Slam|p1a: Arceus\n|-damage|p1a: Arceus|43\/100\n|-status|p1a: Arceus|par\n|\n|-heal|p1a: Arceus|49\/100 par|[from] item: Leftovers\n|upkeep\n|turn|18\n|\n|t:|1698535525\n|switch|p2a: ONTHEFLOOR|Tapu Lele|100\/100\n|-damage|p2a: ONTHEFLOOR|88\/100|[from] Stealth Rock\n|-fieldstart|move: Psychic Terrain|[from] ability: Psychic Surge|[of] p2a: ONTHEFLOOR\n|move|p1a: Arceus|Shadow Force||[still]\n|-prepare|p1a: Arceus|Shadow Force\n|\n|-heal|p1a: Arceus|56\/100 par|[from] item: Leftovers\n|upkeep\n|turn|19\n|c|\u2606incrediblebraps|:EYE:\n|\n|t:|1698535534\n|move|p2a: ONTHEFLOOR|Psychic|p1a: Arceus|[miss]\n|-miss|p2a: ONTHEFLOOR|p1a: Arceus\n|move|p1a: Arceus|Shadow Force|p2a: ONTHEFLOOR|[from]lockedmove\n|-supereffective|p2a: ONTHEFLOOR\n|-damage|p2a: ONTHEFLOOR|0 fnt\n|faint|p2a: ONTHEFLOOR\n|\n|-heal|p1a: Arceus|62\/100 par|[from] item: Leftovers\n|upkeep\n|c|\u2606incrediblebraps|go mence btw\n|\n|t:|1698535548\n|switch|p2a: WHERE SLIME @|Necrozma-Dusk-Mane|100\/100\n|-damage|p2a: WHERE SLIME @|94\/100|[from] Stealth Rock\n|turn|20\n|\n|t:|1698535552\n|detailschange|p2a: WHERE SLIME @|Necrozma-Ultra\n|-burst|p2a: WHERE SLIME @|Necrozma|Ultranecrozium Z\n|move|p2a: WHERE SLIME @|Photon Geyser|p1a: Arceus\n|-damage|p1a: Arceus|7\/100 par\n|move|p1a: Arceus|Shadow Force||[still]\n|-prepare|p1a: Arceus|Shadow Force\n|\n|-heal|p1a: Arceus|13\/100 par|[from] item: Leftovers\n|upkeep\n|turn|21\n|c|\u2606grass knot zygarde|ok that didnt fucking kill\n|\n|t:|1698535571\n|switch|p2a: ONE WAY!|Magearna|2\/100\n|-damage|p2a: ONE WAY!|0 fnt|[from] Stealth Rock\n|faint|p2a: ONE WAY!\n|move|p1a: Arceus|Shadow Force|p2: ONE WAY!|[from]lockedmove|[notarget]\n|-fail|p1a: Arceus\n|\n|-heal|p1a: Arceus|20\/100 par|[from] item: Leftovers\n|upkeep\n|\n|t:|1698535582\n|switch|p2a: WHERE SLIME @|Necrozma-Ultra|94\/100\n|-damage|p2a: WHERE SLIME @|82\/100|[from] Stealth Rock\n|turn|22\n|\n|t:|1698535587\n|move|p2a: WHERE SLIME @|Photon Geyser|p1a: Arceus\n|-damage|p1a: Arceus|0 fnt\n|faint|p1a: Arceus\n|\n|upkeep\n|\n|t:|1698535591\n|switch|p1a: Mewtwo|Mewtwo-Mega-Y|39\/100\n|turn|23\n|\n|t:|1698535596\n|move|p1a: Mewtwo|Ice Beam|p2a: WHERE SLIME @\n|-supereffective|p2a: WHERE SLIME @\n|-damage|p2a: WHERE SLIME @|0 fnt\n|faint|p2a: WHERE SLIME @\n|\n|upkeep\n|\n|t:|1698535599\n|switch|p2a: ONTHETABLE|Deoxys-Attack, shiny|79\/100\n|-damage|p2a: ONTHETABLE|67\/100|[from] Stealth Rock\n|-ability|p2a: ONTHETABLE|Pressure\n|turn|24\n|\n|t:|1698535604\n|switch|p1a: Ho-Oh|Ho-Oh|100\/100\n|move|p2a: ONTHETABLE|Shadow Ball|p1a: Ho-Oh\n|-damage|p1a: Ho-Oh|80\/100\n|-damage|p2a: ONTHETABLE|57\/100|[from] item: Life Orb\n|\n|upkeep\n|turn|25\n|\n|t:|1698535614\n|switch|p1a: Eternatus|Eternatus|100\/100\n|-ability|p1a: Eternatus|Pressure\n|-terastallize|p2a: ONTHETABLE|Psychic\n|move|p2a: ONTHETABLE|Psycho Boost|p1a: Eternatus\n|-supereffective|p1a: Eternatus\n|-damage|p1a: Eternatus|0 fnt\n|-unboost|p2a: ONTHETABLE|spa|2\n|faint|p1a: Eternatus\n|-damage|p2a: ONTHETABLE|47\/100|[from] item: Life Orb\n|\n|-fieldend|move: Psychic Terrain\n|upkeep\n|\n|t:|1698535619\n|switch|p1a: Zygarde|Zygarde, shiny|100\/100\n|turn|26\n|\n|t:|1698535629\n|-terastallize|p1a: Zygarde|Fairy\n|move|p2a: ONTHETABLE|Ice Beam|p1a: Zygarde\n|-damage|p1a: Zygarde|81\/100\n|-status|p1a: Zygarde|frz\n|-damage|p2a: ONTHETABLE|38\/100|[from] item: Life Orb\n|cant|p1a: Zygarde|frz\n|\n|upkeep\n|turn|27\n|c|\u2606grass knot zygarde|PFFFFFFFFFT\n|c|\u2606incrediblebraps|i mean\n|\n|t:|1698535644\n|switch|p2a: BIG BANDS|Salamence-Mega, F|32\/100\n|-damage|p2a: BIG BANDS|7\/100|[from] Stealth Rock\n|cant|p1a: Zygarde|frz\n|\n|upkeep\n|turn|28\n|c|\u2606incrediblebraps|i know i won\n|\n|t:|1698535652\n|move|p2a: BIG BANDS|Roost|p2a: BIG BANDS\n|-heal|p2a: BIG BANDS|57\/100\n|-singleturn|p2a: BIG BANDS|move: Roost\n|cant|p1a: Zygarde|frz\n|\n|upkeep\n|turn|29\n|\n|t:|1698535655\n|move|p2a: BIG BANDS|Roost|p2a: BIG BANDS\n|-heal|p2a: BIG BANDS|100\/100\n|-singleturn|p2a: BIG BANDS|move: Roost\n|cant|p1a: Zygarde|frz\n|\n|upkeep\n|turn|30\n|\n|t:|1698535659\n|move|p2a: BIG BANDS|Defog|p1a: Zygarde\n|-unboost|p1a: Zygarde|evasion|1\n|-sideend|p2: grass knot zygarde|Stealth Rock|[from] move: Defog|[of] p2a: BIG BANDS\n|-curestatus|p1a: Zygarde|frz|[msg]\n|move|p1a: Zygarde|Scale Shot|p2a: BIG BANDS|[miss]\n|-miss|p1a: Zygarde|p2a: BIG BANDS\n|\n|upkeep\n|turn|31\n|c|\u2606grass knot zygarde|...?\n|\n|t:|1698535669\n|move|p2a: BIG BANDS|Body Slam|p1a: Zygarde\n|-damage|p1a: Zygarde|39\/100\n|move|p1a: Zygarde|Scale Shot|p2a: BIG BANDS\n|-supereffective|p2a: BIG BANDS\n|-damage|p2a: BIG BANDS|87\/100\n|-supereffective|p2a: BIG BANDS\n|-damage|p2a: BIG BANDS|74\/100\n|-supereffective|p2a: BIG BANDS\n|-damage|p2a: BIG BANDS|61\/100\n|-supereffective|p2a: BIG BANDS\n|-damage|p2a: BIG BANDS|47\/100\n|-hitcount|p2a: BIG BANDS|4\n|-unboost|p1a: Zygarde|def|1\n|-boost|p1a: Zygarde|spe|1\n|\n|-activate|p1a: Zygarde|ability: Power Construct\n|detailschange|p1a: Zygarde|Zygarde-Complete, shiny, tera:Fairy\n|-heal|p1a: Zygarde|62\/100|[silent]\n|upkeep\n|turn|32\n|\n|t:|1698535681\n|move|p1a: Zygarde|Scale Shot|p2a: BIG BANDS\n|-supereffective|p2a: BIG BANDS\n|-damage|p2a: BIG BANDS|34\/100\n|-supereffective|p2a: BIG BANDS\n|-damage|p2a: BIG BANDS|21\/100\n|-supereffective|p2a: BIG BANDS\n|-damage|p2a: BIG BANDS|6\/100\n|-supereffective|p2a: BIG BANDS\n|-damage|p2a: BIG BANDS|0 fnt\n|faint|p2a: BIG BANDS\n|-hitcount|p2: BIG BANDS|4\n|-unboost|p1a: Zygarde|def|1\n|-boost|p1a: Zygarde|spe|1\n|\n|upkeep\n|\n|t:|1698535688\n|switch|p2a: PSYKEMAN|Groudon|100\/100\n|detailschange|p2a: PSYKEMAN|Groudon-Primal\n|-primal|p2a: PSYKEMAN|Red Orb\n|-weather|DesolateLand|[from] ability: Desolate Land|[of] p2a: PSYKEMAN\n|turn|33\n|c|\u2606incrediblebraps|notice how\n|c|\u2606incrediblebraps|i would've won\n|\n|t:|1698535702\n|move|p1a: Zygarde|Thousand Waves|p2a: PSYKEMAN\n|-supereffective|p2a: PSYKEMAN\n|-damage|p2a: PSYKEMAN|58\/100\n|-activate|p2a: PSYKEMAN|trapped\n|move|p2a: PSYKEMAN|Precipice Blades|p1a: Zygarde\n|-damage|p1a: Zygarde|0 fnt\n|faint|p1a: Zygarde\n|\n|-weather|DesolateLand|[upkeep]\n|upkeep\n|\n|t:|1698535707\n|switch|p1a: Mewtwo|Mewtwo-Mega-Y|39\/100\n|turn|34\n|\n|t:|1698535714\n|move|p1a: Mewtwo|Psystrike|p2a: PSYKEMAN\n|-damage|p2a: PSYKEMAN|23\/100\n|move|p2a: PSYKEMAN|Overheat|p1a: Mewtwo\n|-damage|p1a: Mewtwo|0 fnt\n|-unboost|p2a: PSYKEMAN|spa|2\n|faint|p1a: Mewtwo\n|\n|-weather|DesolateLand|[upkeep]\n|upkeep\n|\n|t:|1698535717\n|switch|p1a: Ho-Oh|Ho-Oh|100\/100\n|turn|35\n|\n|t:|1698535725\n|move|p1a: Ho-Oh|Sacred Fire|p2a: PSYKEMAN\n|-resisted|p2a: PSYKEMAN\n|-damage|p2a: PSYKEMAN|6\/100\n|move|p2a: PSYKEMAN|Toxic|p1a: Ho-Oh\n|-status|p1a: Ho-Oh|tox\n|\n|-weather|DesolateLand|[upkeep]\n|-damage|p1a: Ho-Oh|94\/100 tox|[from] psn\n|upkeep\n|turn|36\n|\n|t:|1698535733\n|move|p1a: Ho-Oh|Sacred Fire|p2a: PSYKEMAN\n|-resisted|p2a: PSYKEMAN\n|-damage|p2a: PSYKEMAN|0 fnt\n|faint|p2a: PSYKEMAN\n|-weather|none\n|\n|-damage|p1a: Ho-Oh|82\/100 tox|[from] psn\n|upkeep\n|\n|t:|1698535736\n|switch|p2a: ONTHETABLE|Deoxys-Attack, shiny, tera:Psychic|38\/100\n|-ability|p2a: ONTHETABLE|Pressure\n|turn|37\n|\n|t:|1698535744\n|move|p2a: ONTHETABLE|Psycho Boost|p1a: Ho-Oh\n|-damage|p1a: Ho-Oh|8\/100 tox\n|-unboost|p2a: ONTHETABLE|spa|2\n|-damage|p2a: ONTHETABLE|28\/100|[from] item: Life Orb\n|move|p1a: Ho-Oh|Sacred Fire|p2a: ONTHETABLE\n|-damage|p2a: ONTHETABLE|0 fnt\n|faint|p2a: ONTHETABLE\n|\n|win|incrediblebraps\n|c|\u2606incrediblebraps|IM\n|c|\u2606incrediblebraps|HIM\n|c|\u2606incrediblebraps|IM\n|c|\u2606grass knot zygarde|THAT WAS\n|c|\u2606incrediblebraps|HIM\n|c|\u2606incrediblebraps|IM\n|c|\u2606incrediblebraps|HIM\n|c|\u2606grass knot zygarde|A FUCKING ROLL\n|c|\u2606incrediblebraps|I WAS HIM\n|c|\u2606incrediblebraps|I WILL CONTINUE TO BE HIM\n|c|\u2606incrediblebraps|U MUST HAVE AMNESIA\n|c|\u2606incrediblebraps|CUS U CLEARLY DON'T REMEMBER\n|c|\u2606incrediblebraps|THAT\n|c|\u2606incrediblebraps|IM\n|c|\u2606incrediblebraps|HIM\n|c|\u2606incrediblebraps|SHIT!\n","uploadtime":1698535762,"views":15,"p1id":"incrediblebraps","p2id":"grassknotzygarde","formatid":"gen9nationaldexubers","rating":0,"private":0,"password":""}