{"id":"gen9nationaldexubers-1981245712","p1":"EeveeGirlStar","p2":"BloodPlum","format":"[Gen 9] National Dex Ubers","log":"|j|\u2606EeveeGirlStar\n|j|\u2606BloodPlum\n|t:|1698875945\n|gametype|singles\n|player|p1|EeveeGirlStar|266|\n|player|p2|BloodPlum|parasollady|\n|teamsize|p1|6\n|teamsize|p2|6\n|gen|9\n|tier|[Gen 9] National Dex Ubers\n|rule|HP Percentage Mod: HP is shown in percentages\n|rule|Endless Battle Clause: Forcing endless battles is banned\n|rule|OHKO Clause: OHKO moves are banned\n|rule|Evasion Moves Clause: Evasion moves are banned\n|rule|Evasion Items Clause: Evasion items are banned\n|rule|Species Clause: Limit one of each Pok\u00e9mon\n|rule|Sleep Clause Mod: Limit one foe put to sleep\n|rule|Mega Rayquaza Clause: You cannot mega evolve Rayquaza\n|clearpoke\n|poke|p1|Torkoal, M|\n|poke|p1|Charizard, F|\n|poke|p1|Iron Moth|\n|poke|p1|Scovillain, F|\n|poke|p1|Volcanion|\n|poke|p1|Ceruledge, F|\n|poke|p2|Lopunny, M|\n|poke|p2|Glimmora, M|\n|poke|p2|Grimmsnarl, M|\n|poke|p2|Ninetales, M|\n|poke|p2|Great Tusk|\n|poke|p2|Sandy Shocks|\n|teampreview\n|c|\u2606EeveeGirlStar|Glhf\n|c|\u2606BloodPlum|Gl hf!\n|\n|t:|1698875966\n|start\n|switch|p1a: Burning Pile|Charizard, F|100\/100\n|switch|p2a: Sandy Shocks|Sandy Shocks|100\/100\n|turn|1\n|\n|t:|1698875971\n|move|p2a: Sandy Shocks|Discharge|p1a: Burning Pile\n|-supereffective|p1a: Burning Pile\n|-damage|p1a: Burning Pile|0 fnt\n|faint|p1a: Burning Pile\n|\n|upkeep\n|\n|t:|1698875978\n|switch|p1a: All My Troubles|Torkoal, M|100\/100\n|-weather|SunnyDay|[from] ability: Drought|[of] p1a: All My Troubles\n|-activate|p2a: Sandy Shocks|ability: Protosynthesis\n|-start|p2a: Sandy Shocks|protosynthesisspa\n|turn|2\n|\n|t:|1698875984\n|-end|p2a: Sandy Shocks|Protosynthesis|[silent]\n|switch|p2a: Great Tusk|Great Tusk|100\/100\n|-activate|p2a: Great Tusk|ability: Protosynthesis\n|-start|p2a: Great Tusk|protosynthesisatk\n|switch|p1a: I Start To Smile|Scovillain, F|100\/100\n|\n|-weather|SunnyDay|[upkeep]\n|upkeep\n|turn|3\n|\n|t:|1698875991\n|move|p1a: I Start To Smile|Giga Drain|p2a: Great Tusk\n|-supereffective|p2a: Great Tusk\n|-damage|p2a: Great Tusk|0 fnt\n|faint|p2a: Great Tusk\n|-end|p2a: Great Tusk|Protosynthesis|[silent]\n|-damage|p1a: I Start To Smile|91\/100|[from] item: Life Orb\n|\n|-weather|SunnyDay|[upkeep]\n|upkeep\n|\n|t:|1698875997\n|switch|p2a: Grimmsnarl|Grimmsnarl, M|100\/100\n|turn|4\n|\n|t:|1698876001\n|move|p2a: Grimmsnarl|Light Screen|p2a: Grimmsnarl\n|-sidestart|p2: BloodPlum|move: Light Screen\n|move|p1a: I Start To Smile|Fire Blast|p2a: Grimmsnarl\n|-damage|p2a: Grimmsnarl|62\/100\n|-damage|p1a: I Start To Smile|81\/100|[from] item: Life Orb\n|\n|-weather|SunnyDay|[upkeep]\n|upkeep\n|turn|5\n|\n|t:|1698876006\n|switch|p1a: I\u2019ll Take My Turn|Ceruledge, F|100\/100\n|move|p2a: Grimmsnarl|Reflect|p2a: Grimmsnarl\n|-sidestart|p2: BloodPlum|Reflect\n|\n|-weather|SunnyDay|[upkeep]\n|upkeep\n|turn|6\n|\n|t:|1698876011\n|move|p2a: Grimmsnarl|Parting Shot|p1a: I\u2019ll Take My Turn\n|-unboost|p1a: I\u2019ll Take My Turn|atk|1\n|-unboost|p1a: I\u2019ll Take My Turn|spa|1\n|\n|t:|1698876014\n|switch|p2a: Glimmora|Glimmora, M|100\/100|[from] Parting Shot\n|move|p1a: I\u2019ll Take My Turn|Swords Dance|p1a: I\u2019ll Take My Turn\n|-boost|p1a: I\u2019ll Take My Turn|atk|2\n|\n|-weather|SunnyDay|[upkeep]\n|upkeep\n|turn|7\n|\n|t:|1698876022\n|move|p2a: Glimmora|Rock Blast|p1a: I\u2019ll Take My Turn\n|-supereffective|p1a: I\u2019ll Take My Turn\n|-damage|p1a: I\u2019ll Take My Turn|77\/100\n|-ability|p1a: I\u2019ll Take My Turn|Weak Armor|boost\n|-unboost|p1a: I\u2019ll Take My Turn|def|1\n|-boost|p1a: I\u2019ll Take My Turn|spe|2\n|-supereffective|p1a: I\u2019ll Take My Turn\n|-damage|p1a: I\u2019ll Take My Turn|42\/100\n|-ability|p1a: I\u2019ll Take My Turn|Weak Armor|boost\n|-unboost|p1a: I\u2019ll Take My Turn|def|1\n|-boost|p1a: I\u2019ll Take My Turn|spe|2\n|-hitcount|p1a: I\u2019ll Take My Turn|2\n|move|p1a: I\u2019ll Take My Turn|Poltergeist|p2a: Glimmora\n|-activate|p2a: Glimmora|move: Poltergeist|Focus Sash\n|-damage|p2a: Glimmora|46\/100\n|-activate|p2a: Glimmora|ability: Toxic Debris\n|-sidestart|p1: EeveeGirlStar|move: Toxic Spikes\n|\n|-weather|SunnyDay|[upkeep]\n|upkeep\n|turn|8\n|j| IncandescentCandle\n|c| IncandescentCandle|yall\n|c| IncandescentCandle|howd u both forget to send watchlink\n|\n|t:|1698876044\n|move|p1a: I\u2019ll Take My Turn|Poltergeist|p2a: Glimmora\n|-activate|p2a: Glimmora|move: Poltergeist|Focus Sash\n|-damage|p2a: Glimmora|0 fnt\n|-activate|p2a: Glimmora|ability: Toxic Debris\n|-sidestart|p1: EeveeGirlStar|move: Toxic Spikes\n|faint|p2a: Glimmora\n|\n|-weather|SunnyDay|[upkeep]\n|upkeep\n|j| Bug Maniac Swaggy\n|c|\u2606BloodPlum|We got a bit distracted.\n|\n|t:|1698876053\n|switch|p2a: Lopunny|Lopunny, M|100\/100\n|turn|9\n|\n|t:|1698876057\n|detailschange|p2a: Lopunny|Lopunny-Mega, M\n|-mega|p2a: Lopunny|Lopunny|Lopunnite\n|move|p2a: Lopunny|Fake Out|p1a: I\u2019ll Take My Turn\n|-damage|p1a: I\u2019ll Take My Turn|0 fnt\n|faint|p1a: I\u2019ll Take My Turn\n|\n|-weather|none\n|upkeep\n|\n|t:|1698876060\n|switch|p1a: All My Troubles|Torkoal, M|100\/100\n|-status|p1a: All My Troubles|tox\n|-weather|SunnyDay|[from] ability: Drought|[of] p1a: All My Troubles\n|turn|10\n|j| Moonz_e\n|\n|t:|1698876070\n|move|p2a: Lopunny|Drain Punch|p1a: All My Troubles\n|-damage|p1a: All My Troubles|78\/100 tox\n|move|p1a: All My Troubles|Body Press|p2a: Lopunny\n|-supereffective|p2a: Lopunny\n|-damage|p2a: Lopunny|57\/100\n|\n|-weather|SunnyDay|[upkeep]\n|-damage|p1a: All My Troubles|72\/100 tox|[from] psn\n|upkeep\n|turn|11\n|\n|t:|1698876079\n|switch|p2a: Sandy Shocks|Sandy Shocks|100\/100\n|-activate|p2a: Sandy Shocks|ability: Protosynthesis\n|-start|p2a: Sandy Shocks|protosynthesisspa\n|move|p1a: All My Troubles|Lava Plume|p2a: Sandy Shocks\n|-damage|p2a: Sandy Shocks|77\/100\n|-status|p2a: Sandy Shocks|brn\n|\n|-weather|SunnyDay|[upkeep]\n|-damage|p1a: All My Troubles|60\/100 tox|[from] psn\n|-damage|p2a: Sandy Shocks|71\/100 brn|[from] brn\n|-sideend|p2: BloodPlum|move: Light Screen\n|upkeep\n|turn|12\n|\n|t:|1698876093\n|switch|p1a: If I Catch Fire|Volcanion|100\/100\n|move|p2a: Sandy Shocks|Earth Power|p1a: If I Catch Fire\n|-supereffective|p1a: If I Catch Fire\n|-crit|p1a: If I Catch Fire\n|-damage|p1a: If I Catch Fire|0 fnt\n|faint|p1a: If I Catch Fire\n|\n|-weather|SunnyDay|[upkeep]\n|-damage|p2a: Sandy Shocks|65\/100 brn|[from] brn\n|-sideend|p2: BloodPlum|Reflect\n|upkeep\n|\n|t:|1698876096\n|switch|p1a: I Start To Smile|Scovillain, F|81\/100\n|-status|p1a: I Start To Smile|tox\n|turn|13\n|\n|t:|1698876101\n|move|p1a: I Start To Smile|Giga Drain|p2a: Sandy Shocks\n|-supereffective|p2a: Sandy Shocks\n|-damage|p2a: Sandy Shocks|0 fnt\n|-heal|p1a: I Start To Smile|100\/100 tox|[from] drain|[of] p2a: Sandy Shocks\n|faint|p2a: Sandy Shocks\n|-end|p2a: Sandy Shocks|Protosynthesis|[silent]\n|-damage|p1a: I Start To Smile|91\/100 tox|[from] item: Life Orb\n|\n|-weather|SunnyDay|[upkeep]\n|-damage|p1a: I Start To Smile|85\/100 tox|[from] psn\n|upkeep\n|\n|t:|1698876107\n|switch|p2a: Grimmsnarl|Grimmsnarl, M|62\/100\n|turn|14\n|\n|t:|1698876109\n|move|p2a: Grimmsnarl|Light Screen|p2a: Grimmsnarl\n|-sidestart|p2: BloodPlum|move: Light Screen\n|move|p1a: I Start To Smile|Fire Blast|p2a: Grimmsnarl\n|-damage|p2a: Grimmsnarl|22\/100\n|-damage|p1a: I Start To Smile|75\/100 tox|[from] item: Life Orb\n|\n|-weather|SunnyDay|[upkeep]\n|-damage|p1a: I Start To Smile|63\/100 tox|[from] psn\n|upkeep\n|turn|15\n|c| IncandescentCandle|scov on my screen, initating long angry rant mode\n|j| SkechiArt\n|\n|t:|1698876113\n|move|p1a: I Start To Smile|Giga Drain|p2a: Grimmsnarl\n|-damage|p2a: Grimmsnarl|5\/100\n|-heal|p1a: I Start To Smile|75\/100 tox|[from] drain|[of] p2a: Grimmsnarl\n|-damage|p1a: I Start To Smile|65\/100 tox|[from] item: Life Orb\n|move|p2a: Grimmsnarl|Spirit Break|p1a: I Start To Smile\n|-resisted|p1a: I Start To Smile\n|-damage|p1a: I Start To Smile|39\/100 tox\n|-unboost|p1a: I Start To Smile|spa|1\n|\n|-weather|SunnyDay|[upkeep]\n|-damage|p1a: I Start To Smile|21\/100 tox|[from] psn\n|upkeep\n|turn|16\n|j| SkillzBP\n|\n|t:|1698876118\n|move|p2a: Grimmsnarl|Parting Shot|p1a: I Start To Smile\n|-unboost|p1a: I Start To Smile|atk|1\n|-unboost|p1a: I Start To Smile|spa|1\n|\n|t:|1698876122\n|switch|p2a: Ninetales|Ninetales, M|100\/100|[from] Parting Shot\n|move|p1a: I Start To Smile|Giga Drain|p2a: Ninetales\n|-resisted|p2a: Ninetales\n|-damage|p2a: Ninetales|94\/100\n|-heal|p1a: I Start To Smile|24\/100 tox|[from] drain|[of] p2a: Ninetales\n|-damage|p1a: I Start To Smile|15\/100 tox|[from] item: Life Orb\n|\n|-weather|SunnyDay|[upkeep]\n|-damage|p1a: I Start To Smile|0 fnt|[from] psn\n|faint|p1a: I Start To Smile\n|upkeep\n|j| Astro Rifk\n|c| SkillzBP|hiij\n|\n|t:|1698876128\n|switch|p1a: All Lit Up|Iron Moth|100\/100\n|-sideend|p1: EeveeGirlStar|move: Toxic Spikes|[of] p1a: All Lit Up\n|turn|17\n|\n|t:|1698876134\n|move|p1a: All Lit Up|U-turn|p2a: Ninetales\n|-resisted|p2a: Ninetales\n|-damage|p2a: Ninetales|85\/100\n|c| Astro Rifk|tfw im late\n|\n|t:|1698876135\n|-end|p1a: All Lit Up|Quark Drive|[silent]\n|switch|p1a: All My Troubles|Torkoal, M|60\/100 tox|[from] U-turn\n|move|p2a: Ninetales|Scorching Sands|p1a: All My Troubles\n|-supereffective|p1a: All My Troubles\n|-damage|p1a: All My Troubles|16\/100 tox\n|\n|-weather|none\n|-damage|p1a: All My Troubles|10\/100 tox|[from] psn\n|upkeep\n|turn|18\n|\n|t:|1698876140\n|move|p2a: Ninetales|Scorching Sands|p1a: All My Troubles\n|-supereffective|p1a: All My Troubles\n|-damage|p1a: All My Troubles|0 fnt\n|faint|p1a: All My Troubles\n|\n|upkeep\n|\n|t:|1698876141\n|switch|p1a: All Lit Up|Iron Moth|100\/100\n|turn|19\n|\n|t:|1698876144\n|move|p1a: All Lit Up|Sludge Wave|p2a: Ninetales\n|-damage|p2a: Ninetales|52\/100\n|-status|p2a: Ninetales|psn\n|move|p2a: Ninetales|Scorching Sands|p1a: All Lit Up\n|-supereffective|p1a: All Lit Up\n|-damage|p1a: All Lit Up|25\/100\n|\n|-damage|p2a: Ninetales|40\/100 psn|[from] psn\n|upkeep\n|turn|20\n|\n|t:|1698876150\n|move|p1a: All Lit Up|Sludge Wave|p2a: Ninetales\n|-damage|p2a: Ninetales|9\/100 psn\n|move|p2a: Ninetales|Scorching Sands|p1a: All Lit Up\n|-supereffective|p1a: All Lit Up\n|-damage|p1a: All Lit Up|0 fnt\n|faint|p1a: All Lit Up\n|-end|p1a: All Lit Up|Quark Drive|[silent]\n|\n|win|BloodPlum\n|c| Moonz_e|Because they didn't send a link ;-;\n|c|\u2606EeveeGirlStar|gg\n|l| Astro Rifk\n|l|\u2606BloodPlum\n|j| standardbandard23\n|l| Moonz_e\n|l| standardbandard23\n|l| SkillzBP\n|l| Bug Maniac Swaggy\n|l| SkechiArt\n|l|\u2606EeveeGirlStar\n","uploadtime":1698876621,"views":9,"p1id":"eeveegirlstar","p2id":"bloodplum","formatid":"gen9nationaldexubers","rating":0,"private":0,"password":""}