{"id":"gen9nationaldexubers-1993486637","p1":"Jincn27","p2":"zomboks134","format":"[Gen 9] National Dex Ubers","log":"|j|\u2606Jincn27\n|j|\u2606zomboks134\n|t:|1700323715\n|gametype|singles\n|player|p1|Jincn27|265|1327\n|player|p2|zomboks134|pokemaniac|1578\n|teamsize|p1|6\n|teamsize|p2|6\n|gen|9\n|tier|[Gen 9] National Dex Ubers\n|rated|\n|rule|HP Percentage Mod: HP is shown in percentages\n|rule|Endless Battle Clause: Forcing endless battles is banned\n|rule|OHKO Clause: OHKO moves are banned\n|rule|Evasion Moves Clause: Evasion moves are banned\n|rule|Evasion Items Clause: Evasion items are banned\n|rule|Species Clause: Limit one of each Pok\u00e9mon\n|rule|Sleep Clause Mod: Limit one foe put to sleep\n|rule|Mega Rayquaza Clause: You cannot mega evolve Rayquaza\n|clearpoke\n|poke|p1|Dragapult, F|\n|poke|p1|Groudon|\n|poke|p1|Zacian-*|\n|poke|p1|Yveltal|\n|poke|p1|Smeargle, M|\n|poke|p1|Kangaskhan, F|\n|poke|p2|Garganacl, M|\n|poke|p2|Kingambit, M|\n|poke|p2|Ditto|\n|poke|p2|Mewtwo|\n|poke|p2|Arceus-Fairy|\n|poke|p2|Ho-Oh|\n|teampreview\n|inactive|Battle timer is ON: inactive players will automatically lose when time's up. (requested by zomboks134)\n|\n|t:|1700323726\n|start\n|switch|p1a: Kangaskhan|Kangaskhan, F|100\/100\n|switch|p2a: Arceus|Arceus-Fairy|100\/100\n|turn|1\n|\n|t:|1700323735\n|detailschange|p1a: Kangaskhan|Kangaskhan-Mega, F\n|-mega|p1a: Kangaskhan|Kangaskhan|Kangaskhanite\n|move|p1a: Kangaskhan|Fake Out|p2a: Arceus\n|-damage|p2a: Arceus|89\/100\n|-damage|p2a: Arceus|87\/100\n|-hitcount|p2a: Arceus|2\n|cant|p2a: Arceus|flinch\n|\n|upkeep\n|turn|2\n|\n|t:|1700323744\n|move|p1a: Kangaskhan|Power-Up Punch|p2a: Arceus\n|-resisted|p2a: Arceus\n|-damage|p2a: Arceus|83\/100\n|-boost|p1a: Kangaskhan|atk|1\n|-resisted|p2a: Arceus\n|-damage|p2a: Arceus|82\/100\n|-boost|p1a: Kangaskhan|atk|1\n|-hitcount|p2a: Arceus|2\n|move|p2a: Arceus|Judgment|p1a: Kangaskhan\n|-damage|p1a: Kangaskhan|54\/100\n|\n|upkeep\n|turn|3\n|\n|t:|1700323755\n|move|p1a: Kangaskhan|Earthquake|p2a: Arceus\n|-damage|p2a: Arceus|46\/100\n|-damage|p2a: Arceus|37\/100\n|-hitcount|p2a: Arceus|2\n|move|p2a: Arceus|Toxic|p1a: Kangaskhan\n|-status|p1a: Kangaskhan|tox\n|\n|-damage|p1a: Kangaskhan|48\/100 tox|[from] psn\n|upkeep\n|turn|4\n|\n|t:|1700323768\n|switch|p2a: Ho-Oh|Ho-Oh|100\/100\n|move|p1a: Kangaskhan|Power-Up Punch|p2a: Ho-Oh\n|-resisted|p2a: Ho-Oh\n|-damage|p2a: Ho-Oh|88\/100\n|-boost|p1a: Kangaskhan|atk|1\n|-resisted|p2a: Ho-Oh\n|-damage|p2a: Ho-Oh|85\/100\n|-boost|p1a: Kangaskhan|atk|1\n|-hitcount|p2a: Ho-Oh|2\n|\n|-damage|p1a: Kangaskhan|36\/100 tox|[from] psn\n|upkeep\n|turn|5\n|\n|t:|1700323771\n|move|p1a: Kangaskhan|Sucker Punch||[still]\n|-fail|p1a: Kangaskhan\n|move|p2a: Ho-Oh|Whirlwind|p1a: Kangaskhan\n|drag|p1a: Dragapult|Dragapult, F|100\/100\n|\n|upkeep\n|turn|6\n|\n|t:|1700323779\n|move|p1a: Dragapult|Thunder Wave|p2a: Ho-Oh\n|-status|p2a: Ho-Oh|par\n|move|p2a: Ho-Oh|Toxic|p1a: Dragapult\n|-status|p1a: Dragapult|tox\n|\n|-damage|p1a: Dragapult|94\/100 tox|[from] psn\n|upkeep\n|turn|7\n|\n|t:|1700323798\n|move|p1a: Dragapult|Confuse Ray|p2a: Ho-Oh\n|-start|p2a: Ho-Oh|confusion\n|-activate|p2a: Ho-Oh|confusion\n|-damage|p2a: Ho-Oh|74\/100 par|[from] confusion\n|\n|-heal|p1a: Dragapult|100\/100 tox|[from] item: Leftovers\n|-damage|p1a: Dragapult|88\/100 tox|[from] psn\n|upkeep\n|turn|8\n|\n|t:|1700323804\n|switch|p2a: Mewtwo|Mewtwo|100\/100\n|-ability|p2a: Mewtwo|Pressure\n|move|p1a: Dragapult|Phantom Force||[still]\n|-prepare|p1a: Dragapult|Phantom Force\n|\n|-heal|p1a: Dragapult|94\/100 tox|[from] item: Leftovers\n|-damage|p1a: Dragapult|76\/100 tox|[from] psn\n|upkeep\n|turn|9\n|\n|t:|1700323812\n|detailschange|p2a: Mewtwo|Mewtwo-Mega-Y\n|-mega|p2a: Mewtwo|Mewtwo|Mewtwonite Y\n|move|p1a: Dragapult|Phantom Force|p2a: Mewtwo|[from]lockedmove\n|-supereffective|p2a: Mewtwo\n|-damage|p2a: Mewtwo|10\/100\n|move|p2a: Mewtwo|Ice Beam|p1a: Dragapult\n|-supereffective|p1a: Dragapult\n|-damage|p1a: Dragapult|0 fnt\n|faint|p1a: Dragapult\n|\n|upkeep\n|\n|t:|1700323820\n|switch|p1a: Kangaskhan|Kangaskhan-Mega, F|36\/100 tox\n|turn|10\n|\n|t:|1700323826\n|switch|p2a: Ho-Oh|Ho-Oh|100\/100 par\n|move|p1a: Kangaskhan|Fake Out|p2a: Ho-Oh\n|-damage|p2a: Ho-Oh|82\/100 par\n|-damage|p2a: Ho-Oh|77\/100 par\n|-hitcount|p2a: Ho-Oh|2\n|\n|-damage|p1a: Kangaskhan|30\/100 tox|[from] psn\n|upkeep\n|turn|11\n|\n|t:|1700323833\n|move|p1a: Kangaskhan|Power-Up Punch|p2a: Ho-Oh\n|-resisted|p2a: Ho-Oh\n|-damage|p2a: Ho-Oh|71\/100 par\n|-boost|p1a: Kangaskhan|atk|1\n|-resisted|p2a: Ho-Oh\n|-damage|p2a: Ho-Oh|68\/100 par\n|-boost|p1a: Kangaskhan|atk|1\n|-hitcount|p2a: Ho-Oh|2\n|cant|p2a: Ho-Oh|par\n|\n|-damage|p1a: Kangaskhan|18\/100 tox|[from] psn\n|upkeep\n|turn|12\n|\n|t:|1700323843\n|move|p1a: Kangaskhan|Sucker Punch|p2a: Ho-Oh\n|-damage|p2a: Ho-Oh|26\/100 par\n|-damage|p2a: Ho-Oh|15\/100 par\n|-hitcount|p2a: Ho-Oh|2\n|move|p2a: Ho-Oh|Sacred Fire|p1a: Kangaskhan|[miss]\n|-miss|p2a: Ho-Oh|p1a: Kangaskhan\n|\n|-damage|p1a: Kangaskhan|0 fnt|[from] psn\n|faint|p1a: Kangaskhan\n|upkeep\n|\n|t:|1700323859\n|switch|p1a: Yveltal|Yveltal|100\/100\n|-ability|p1a: Yveltal|Dark Aura\n|turn|13\n|\n|t:|1700323872\n|switch|p2a: Garganacl|Garganacl, M|100\/100\n|move|p1a: Yveltal|Foul Play|p2a: Garganacl\n|-damage|p2a: Garganacl|79\/100\n|\n|-heal|p2a: Garganacl|85\/100|[from] item: Leftovers\n|upkeep\n|turn|14\n|\n|t:|1700323878\n|-zpower|p1a: Yveltal\n|move|p1a: Yveltal|Black Hole Eclipse|p2a: Garganacl|[zeffect]\n|-damage|p2a: Garganacl|0 fnt\n|faint|p2a: Garganacl\n|\n|upkeep\n|c|\u2606zomboks134|Fcking gqy\n|c|\u2606zomboks134|Gqy\n|c|\u2606zomboks134|Gay\n|c|\u2606Jincn27|XD\n|\n|t:|1700323901\n|switch|p2a: Arceus|Arceus-Fairy|37\/100\n|turn|15\n|\n|t:|1700323905\n|move|p1a: Yveltal|Oblivion Wing|p2a: Arceus\n|-damage|p2a: Arceus|10\/100\n|move|p2a: Arceus|Judgment|p1a: Yveltal\n|-supereffective|p1a: Yveltal\n|-damage|p1a: Yveltal|8\/100\n|\n|upkeep\n|turn|16\n|\n|t:|1700323915\n|switch|p2a: Kingambit|Kingambit, M|100\/100\n|-activate|p2a: Kingambit|ability: Supreme Overlord\n|-start|p2a: Kingambit|fallen1|[silent]\n|move|p1a: Yveltal|Oblivion Wing|p2a: Kingambit\n|-resisted|p2a: Kingambit\n|-damage|p2a: Kingambit|80\/100\n|-heal|p1a: Yveltal|24\/100|[from] drain|[of] p2a: Kingambit\n|\n|upkeep\n|turn|17\n|\n|t:|1700323921\n|move|p1a: Yveltal|Defog|p2a: Kingambit\n|-unboost|p2a: Kingambit|evasion|1\n|move|p2a: Kingambit|Iron Head|p1a: Yveltal\n|-damage|p1a: Yveltal|0 fnt\n|faint|p1a: Yveltal\n|\n|upkeep\n|\n|t:|1700323926\n|switch|p1a: Groudon|Groudon|100\/100\n|detailschange|p1a: Groudon|Groudon-Primal\n|-primal|p1a: Groudon|Red Orb\n|-weather|DesolateLand|[from] ability: Desolate Land|[of] p1a: Groudon\n|turn|18\n|c|\u2606Jincn27|This is why I use stradegy\n|\n|t:|1700323939\n|-terastallize|p2a: Kingambit|Dark\n|move|p1a: Groudon|Rock Polish|p1a: Groudon\n|-boost|p1a: Groudon|spe|2\n|move|p2a: Kingambit|Knock Off|p1a: Groudon\n|-damage|p1a: Groudon|59\/100\n|\n|-weather|DesolateLand|[upkeep]\n|upkeep\n|turn|19\n|\n|t:|1700323946\n|move|p2a: Kingambit|Sucker Punch|p1a: Groudon\n|-damage|p1a: Groudon|7\/100\n|move|p1a: Groudon|Heat Crash|p2a: Kingambit\n|-damage|p2a: Kingambit|0 fnt\n|faint|p2a: Kingambit\n|-end|p2a: Kingambit|fallen1|[silent]\n|\n|-weather|DesolateLand|[upkeep]\n|upkeep\n|c|\u2606Jincn27|Groudon is gay\n|\n|t:|1700323949\n|switch|p2a: Ditto|Ditto|100\/100\n|-transform|p2a: Ditto|p1a: Groudon|[from] ability: Imposter\n|turn|20\n|\n|t:|1700323957\n|move|p2a: Ditto|Precipice Blades|p1a: Groudon\n|-supereffective|p1a: Groudon\n|-damage|p1a: Groudon|0 fnt\n|faint|p1a: Groudon\n|\n|-weather|DesolateLand|[upkeep]\n|upkeep\n|\n|t:|1700323963\n|switch|p1a: Smeargle|Smeargle, M|100\/100\n|turn|21\n|\n|t:|1700323966\n|-weather|none\n|switch|p2a: Arceus|Arceus-Fairy|10\/100\n|move|p1a: Smeargle|Spore|p2a: Arceus\n|-status|p2a: Arceus|slp|[from] move: Spore\n|\n|-ability|p1a: Smeargle|Moody|boost\n|-boost|p1a: Smeargle|spd|2\n|-unboost|p1a: Smeargle|spa|1\n|upkeep\n|turn|22\n|\n|t:|1700323971\n|cant|p2a: Arceus|slp\n|move|p1a: Smeargle|Revival Blessing|p1a: Smeargle\n|\n|t:|1700323998\n|-heal|p1: Yveltal|50\/100|[from] move: Revival Blessing\n|\n|-ability|p1a: Smeargle|Moody|boost\n|-boost|p1a: Smeargle|def|2\n|-unboost|p1a: Smeargle|spd|1\n|upkeep\n|turn|23\n|c|\u2606zomboks134|You play groudon\n|\n|t:|1700324005\n|move|p1a: Smeargle|Accelerock|p2a: Arceus\n|-damage|p2a: Arceus|8\/100 slp\n|cant|p2a: Arceus|slp\n|\n|-ability|p1a: Smeargle|Moody|boost\n|-boost|p1a: Smeargle|atk|2\n|-unboost|p1a: Smeargle|spd|1\n|upkeep\n|turn|24\n|c|\u2606Jincn27|Yeah\n|\n|t:|1700324012\n|move|p1a: Smeargle|Accelerock|p2a: Arceus\n|-damage|p2a: Arceus|5\/100 slp\n|-curestatus|p2a: Arceus|slp|[msg]\n|move|p2a: Arceus|Toxic|p1a: Smeargle\n|-status|p1a: Smeargle|tox\n|\n|-damage|p1a: Smeargle|94\/100 tox|[from] psn\n|-ability|p1a: Smeargle|Moody|boost\n|-boost|p1a: Smeargle|spe|2\n|-unboost|p1a: Smeargle|atk|1\n|upkeep\n|turn|25\n|\n|t:|1700324020\n|move|p1a: Smeargle|Accelerock|p2a: Arceus\n|-damage|p2a: Arceus|2\/100\n|move|p2a: Arceus|Recover|p2a: Arceus\n|-heal|p2a: Arceus|52\/100\n|\n|-damage|p1a: Smeargle|82\/100 tox|[from] psn\n|-ability|p1a: Smeargle|Moody|boost\n|-boost|p1a: Smeargle|atk|2\n|-unboost|p1a: Smeargle|def|1\n|upkeep\n|turn|26\n|\n|t:|1700324027\n|switch|p1a: Zacian|Zacian-Crowned|100\/100\n|-ability|p1a: Zacian|Intrepid Sword|boost\n|-boost|p1a: Zacian|atk|1\n|move|p2a: Arceus|Taunt|p1a: Zacian\n|-start|p1a: Zacian|move: Taunt\n|\n|upkeep\n|turn|27\n|c|\u2606Jincn27|Tera water?\n|\n|t:|1700324038\n|move|p1a: Zacian|Behemoth Blade|p2a: Arceus\n|-supereffective|p2a: Arceus\n|-damage|p2a: Arceus|0 fnt\n|faint|p2a: Arceus\n|\n|upkeep\n|\n|t:|1700324041\n|switch|p2a: Ditto|Ditto|100\/100\n|-transform|p2a: Ditto|p1a: Zacian|[from] ability: Imposter\n|-ability|p2a: Ditto|Intrepid Sword|boost\n|-boost|p2a: Ditto|atk|1\n|turn|28\n|\n|t:|1700324061\n|move|p2a: Ditto|Close Combat|p1a: Zacian\n|-damage|p1a: Zacian|7\/100\n|-unboost|p2a: Ditto|def|1\n|-unboost|p2a: Ditto|spd|1\n|move|p1a: Zacian|Behemoth Blade|p2a: Ditto\n|-damage|p2a: Ditto|0 fnt\n|faint|p2a: Ditto\n|\n|-end|p1a: Zacian|move: Taunt\n|upkeep\n|\n|t:|1700324067\n|switch|p2a: Ho-Oh|Ho-Oh|49\/100 par\n|turn|29\n|\n|t:|1700324084\n|switch|p1a: Smeargle|Smeargle, M|82\/100 tox\n|move|p2a: Ho-Oh|Sacred Fire|p1a: Smeargle\n|-damage|p1a: Smeargle|0 fnt\n|faint|p1a: Smeargle\n|\n|upkeep\n|j| Weirdmenace\n|l| Weirdmenace\n|\n|t:|1700324101\n|switch|p1a: Yveltal|Yveltal|50\/100\n|-ability|p1a: Yveltal|Dark Aura\n|turn|30\n|\n|t:|1700324111\n|move|p1a: Yveltal|Oblivion Wing|p2a: Ho-Oh\n|-damage|p2a: Ho-Oh|32\/100 par\n|-heal|p1a: Yveltal|64\/100|[from] drain|[of] p2a: Ho-Oh\n|move|p2a: Ho-Oh|Sacred Fire|p1a: Yveltal\n|-damage|p1a: Yveltal|23\/100\n|\n|upkeep\n|turn|31\n|\n|t:|1700324117\n|move|p1a: Yveltal|Dark Pulse|p2a: Ho-Oh\n|-damage|p2a: Ho-Oh|6\/100 par\n|cant|p2a: Ho-Oh|flinch\n|\n|upkeep\n|turn|32\n|\n|t:|1700324124\n|move|p1a: Yveltal|Oblivion Wing|p2a: Ho-Oh\n|-damage|p2a: Ho-Oh|0 fnt\n|-heal|p1a: Yveltal|28\/100|[from] drain|[of] p2a: Ho-Oh\n|faint|p2a: Ho-Oh\n|\n|upkeep\n|\n|t:|1700324126\n|switch|p2a: Mewtwo|Mewtwo-Mega-Y|10\/100\n|turn|33\n|\n|t:|1700324133\n|move|p2a: Mewtwo|Ice Beam|p1a: Yveltal\n|-supereffective|p1a: Yveltal\n|-damage|p1a: Yveltal|0 fnt\n|faint|p1a: Yveltal\n|\n|upkeep\n|\n|t:|1700324136\n|switch|p1a: Zacian|Zacian-Crowned|7\/100\n|turn|34\n|\n|t:|1700324142\n|move|p1a: Zacian|Behemoth Blade|p2a: Mewtwo\n|-damage|p2a: Mewtwo|0 fnt\n|faint|p2a: Mewtwo\n|\n|win|Jincn27\n|raw|Jincn27's rating: 1327 &rarr; <strong>1359<\/strong><br \/>(+32 for winning)\n|raw|zomboks134's rating: 1578 &rarr; <strong>1546<\/strong><br \/>(-32 for losing)\n|c|\u2606Jincn27|Gg\n|c|\u2606Jincn27|wp\n","uploadtime":1700324154,"views":6,"p1id":"jincn27","p2id":"zomboks134","formatid":"gen9nationaldexubers","rating":1359,"private":0,"password":""}