{"id":"gen9nationaldexubers-1997766663","p1":"HeatInferno","p2":"JustMonika_CARR","format":"[Gen 9] National Dex Ubers","log":"|j|\u2606HeatInferno\n|j|\u2606JustMonika_CARR\n|t:|1700850418\n|gametype|singles\n|player|p1|HeatInferno|steven|1435\n|player|p2|JustMonika_CARR|rosa|1408\n|teamsize|p1|6\n|teamsize|p2|6\n|gen|9\n|tier|[Gen 9] National Dex Ubers\n|rated|\n|rule|HP Percentage Mod: HP is shown in percentages\n|rule|Endless Battle Clause: Forcing endless battles is banned\n|rule|OHKO Clause: OHKO moves are banned\n|rule|Evasion Moves Clause: Evasion moves are banned\n|rule|Evasion Items Clause: Evasion items are banned\n|rule|Species Clause: Limit one of each Pok\u00e9mon\n|rule|Sleep Clause Mod: Limit one foe put to sleep\n|rule|Mega Rayquaza Clause: You cannot mega evolve Rayquaza\n|clearpoke\n|poke|p1|Ferrothorn, M|\n|poke|p1|Ho-Oh|\n|poke|p1|Lopunny, F|\n|poke|p1|Groudon|\n|poke|p1|Arceus|\n|poke|p1|Chi-Yu|\n|poke|p2|Marshadow|\n|poke|p2|Pheromosa|\n|poke|p2|Gothitelle, F|\n|poke|p2|Deoxys-Speed|\n|poke|p2|Arceus|\n|poke|p2|Durant, F|\n|teampreview\n|c|\u2606JustMonika_CARR|Glhf\n|\n|t:|1700850435\n|start\n|switch|p1a: Chi-Yu|Chi-Yu|100\/100\n|switch|p2a: Deoxys|Deoxys-Speed, shiny|100\/100\n|-ability|p2a: Deoxys|Pressure\n|-ability|p1a: Chi-Yu|Beads of Ruin\n|turn|1\n|\n|t:|1700850441\n|move|p2a: Deoxys|Light Screen|p2a: Deoxys\n|-sidestart|p2: JustMonika_CARR|move: Light Screen\n|move|p1a: Chi-Yu|Nasty Plot|p1a: Chi-Yu\n|-boost|p1a: Chi-Yu|spa|2\n|\n|upkeep\n|turn|2\n|\n|t:|1700850445\n|move|p2a: Deoxys|Stealth Rock|p1a: Chi-Yu\n|-sidestart|p1: HeatInferno|move: Stealth Rock\n|move|p1a: Chi-Yu|Dark Pulse|p2a: Deoxys\n|-supereffective|p2a: Deoxys\n|-damage|p2a: Deoxys|0 fnt\n|faint|p2a: Deoxys\n|\n|upkeep\n|\n|t:|1700850449\n|switch|p2a: Durant|Durant, F, shiny|100\/100\n|turn|3\n|\n|t:|1700850454\n|move|p2a: Durant|Entrainment|p1a: Chi-Yu\n|-endability|p1a: Chi-Yu|Beads of Ruin|[from] move: Entrainment\n|-ability|p1a: Chi-Yu|Truant|[from] move: Entrainment\n|move|p1a: Chi-Yu|Dark Pulse|p2a: Durant\n|-damage|p2a: Durant|0 fnt\n|faint|p2a: Durant\n|\n|upkeep\n|\n|t:|1700850456\n|switch|p2a: Gothitelle|Gothitelle, F, shiny|100\/100\n|turn|4\n|\n|t:|1700850459\n|cant|p1a: Chi-Yu|ability: Truant\n|move|p2a: Gothitelle|Substitute|p2a: Gothitelle\n|-start|p2a: Gothitelle|Substitute\n|-damage|p2a: Gothitelle|75\/100\n|\n|upkeep\n|turn|5\n|\n|t:|1700850464\n|-zpower|p1a: Chi-Yu\n|move|p1a: Chi-Yu|Inferno Overdrive|p2a: Gothitelle|[zeffect]\n|-end|p2a: Gothitelle|Substitute\n|move|p2a: Gothitelle|Substitute|p2a: Gothitelle\n|-start|p2a: Gothitelle|Substitute\n|-damage|p2a: Gothitelle|50\/100\n|\n|upkeep\n|turn|6\n|\n|t:|1700850472\n|cant|p1a: Chi-Yu|ability: Truant\n|move|p2a: Gothitelle|Dark Pulse|p1a: Chi-Yu\n|-resisted|p1a: Chi-Yu\n|-damage|p1a: Chi-Yu|87\/100\n|\n|upkeep\n|turn|7\n|\n|t:|1700850474\n|move|p1a: Chi-Yu|Dark Pulse|p2a: Gothitelle\n|-supereffective|p2a: Gothitelle\n|-end|p2a: Gothitelle|Substitute\n|move|p2a: Gothitelle|Substitute|p2a: Gothitelle\n|-start|p2a: Gothitelle|Substitute\n|-damage|p2a: Gothitelle|25\/100\n|-enditem|p2a: Gothitelle|Starf Berry|[eat]\n|-boost|p2a: Gothitelle|spd|2|[from] item: Starf Berry\n|\n|upkeep\n|turn|8\n|\n|t:|1700850479\n|cant|p1a: Chi-Yu|ability: Truant\n|move|p2a: Gothitelle|Recycle|p2a: Gothitelle\n|-item|p2a: Gothitelle|Starf Berry|[from] move: Recycle\n|-enditem|p2a: Gothitelle|Starf Berry|[eat]\n|-boost|p2a: Gothitelle|atk|2|[from] item: Starf Berry\n|\n|-sideend|p2: JustMonika_CARR|move: Light Screen\n|upkeep\n|turn|9\n|c|\u2606HeatInferno|This amount of times someone has used this strat on me\n|c|\u2606HeatInferno|its crazy\n|c|\u2606JustMonika_CARR|Really?\n|c|\u2606HeatInferno|like 20 times minimum\n|c|\u2606JustMonika_CARR|With Starf?\n|\n|t:|1700850508\n|move|p2a: Gothitelle|Protect|p2a: Gothitelle\n|-singleturn|p2a: Gothitelle|Protect\n|move|p1a: Chi-Yu|Dark Pulse|p2a: Gothitelle\n|-activate|p2a: Gothitelle|move: Protect\n|\n|upkeep\n|turn|10\n|c|\u2606JustMonika_CARR|Or normal Calm mind one?\n|c|\u2606HeatInferno|Yup\n|c|\u2606JustMonika_CARR|Never seen anyone besides me use the starf one\n|c|\u2606HeatInferno|and than stored power or wmth\n|inactive|Battle timer is ON: inactive players will automatically lose when time's up. (requested by HeatInferno)\n|c|\u2606JustMonika_CARR|And I use it for almost a decade\n|c|\u2606JustMonika_CARR|Oh, i dont use Stored power because of dark-types\n|\n|t:|1700850557\n|cant|p1a: Chi-Yu|ability: Truant\n|move|p2a: Gothitelle|Recycle|p2a: Gothitelle\n|-item|p2a: Gothitelle|Starf Berry|[from] move: Recycle\n|-enditem|p2a: Gothitelle|Starf Berry|[eat]\n|-boost|p2a: Gothitelle|spa|2|[from] item: Starf Berry\n|\n|upkeep\n|turn|11\n|c|\u2606HeatInferno|Yeah some used dark pulse\n|\n|t:|1700850575\n|move|p2a: Gothitelle|Protect|p2a: Gothitelle\n|-singleturn|p2a: Gothitelle|Protect\n|move|p1a: Chi-Yu|Nasty Plot|p1a: Chi-Yu\n|-boost|p1a: Chi-Yu|spa|2\n|\n|upkeep\n|turn|12\n|c|\u2606JustMonika_CARR|Well, it might be a good idea to skip a few turns\n|\n|t:|1700850580\n|cant|p1a: Chi-Yu|ability: Truant\n|move|p2a: Gothitelle|Recycle|p2a: Gothitelle\n|-item|p2a: Gothitelle|Starf Berry|[from] move: Recycle\n|-enditem|p2a: Gothitelle|Starf Berry|[eat]\n|-boost|p2a: Gothitelle|spe|2|[from] item: Starf Berry\n|\n|upkeep\n|turn|13\n|\n|t:|1700850585\n|move|p2a: Gothitelle|Protect|p2a: Gothitelle\n|-singleturn|p2a: Gothitelle|Protect\n|move|p1a: Chi-Yu|Nasty Plot|p1a: Chi-Yu\n|-boost|p1a: Chi-Yu|spa|2\n|\n|upkeep\n|turn|14\n|\n|t:|1700850588\n|move|p2a: Gothitelle|Recycle|p2a: Gothitelle\n|-item|p2a: Gothitelle|Starf Berry|[from] move: Recycle\n|-enditem|p2a: Gothitelle|Starf Berry|[eat]\n|-boost|p2a: Gothitelle|def|2|[from] item: Starf Berry\n|cant|p1a: Chi-Yu|ability: Truant\n|\n|upkeep\n|turn|15\n|c|\u2606HeatInferno|Let\u2019s just speed run this\n|c|\u2606JustMonika_CARR|Yep\n|\n|t:|1700850603\n|move|p2a: Gothitelle|Protect|p2a: Gothitelle\n|-singleturn|p2a: Gothitelle|Protect\n|move|p1a: Chi-Yu|Nasty Plot|p1a: Chi-Yu\n|-boost|p1a: Chi-Yu|spa|0\n|\n|upkeep\n|turn|16\n|\n|t:|1700850604\n|move|p2a: Gothitelle|Recycle|p2a: Gothitelle\n|-item|p2a: Gothitelle|Starf Berry|[from] move: Recycle\n|-enditem|p2a: Gothitelle|Starf Berry|[eat]\n|-boost|p2a: Gothitelle|spe|2|[from] item: Starf Berry\n|cant|p1a: Chi-Yu|ability: Truant\n|\n|upkeep\n|turn|17\n|\n|t:|1700850606\n|move|p2a: Gothitelle|Protect|p2a: Gothitelle\n|-singleturn|p2a: Gothitelle|Protect\n|move|p1a: Chi-Yu|Nasty Plot|p1a: Chi-Yu\n|-boost|p1a: Chi-Yu|spa|0\n|\n|upkeep\n|turn|18\n|\n|t:|1700850607\n|move|p2a: Gothitelle|Recycle|p2a: Gothitelle\n|-item|p2a: Gothitelle|Starf Berry|[from] move: Recycle\n|-enditem|p2a: Gothitelle|Starf Berry|[eat]\n|-boost|p2a: Gothitelle|atk|2|[from] item: Starf Berry\n|cant|p1a: Chi-Yu|ability: Truant\n|\n|upkeep\n|turn|19\n|\n|t:|1700850609\n|move|p2a: Gothitelle|Protect|p2a: Gothitelle\n|-singleturn|p2a: Gothitelle|Protect\n|move|p1a: Chi-Yu|Nasty Plot|p1a: Chi-Yu\n|-boost|p1a: Chi-Yu|spa|0\n|\n|upkeep\n|turn|20\n|\n|t:|1700850610\n|move|p2a: Gothitelle|Recycle|p2a: Gothitelle\n|-item|p2a: Gothitelle|Starf Berry|[from] move: Recycle\n|-enditem|p2a: Gothitelle|Starf Berry|[eat]\n|-boost|p2a: Gothitelle|def|2|[from] item: Starf Berry\n|cant|p1a: Chi-Yu|ability: Truant\n|\n|upkeep\n|turn|21\n|\n|t:|1700850612\n|move|p2a: Gothitelle|Protect|p2a: Gothitelle\n|-singleturn|p2a: Gothitelle|Protect\n|move|p1a: Chi-Yu|Nasty Plot|p1a: Chi-Yu\n|-boost|p1a: Chi-Yu|spa|0\n|\n|upkeep\n|turn|22\n|\n|t:|1700850613\n|move|p2a: Gothitelle|Recycle|p2a: Gothitelle\n|-item|p2a: Gothitelle|Starf Berry|[from] move: Recycle\n|-enditem|p2a: Gothitelle|Starf Berry|[eat]\n|-boost|p2a: Gothitelle|def|2|[from] item: Starf Berry\n|cant|p1a: Chi-Yu|ability: Truant\n|\n|upkeep\n|turn|23\n|\n|t:|1700850614\n|move|p2a: Gothitelle|Protect|p2a: Gothitelle\n|-singleturn|p2a: Gothitelle|Protect\n|move|p1a: Chi-Yu|Nasty Plot|p1a: Chi-Yu\n|-boost|p1a: Chi-Yu|spa|0\n|\n|upkeep\n|turn|24\n|\n|t:|1700850616\n|move|p2a: Gothitelle|Recycle|p2a: Gothitelle\n|-item|p2a: Gothitelle|Starf Berry|[from] move: Recycle\n|-enditem|p2a: Gothitelle|Starf Berry|[eat]\n|-boost|p2a: Gothitelle|spa|2|[from] item: Starf Berry\n|cant|p1a: Chi-Yu|ability: Truant\n|\n|upkeep\n|turn|25\n|\n|t:|1700850617\n|move|p2a: Gothitelle|Protect|p2a: Gothitelle\n|-singleturn|p2a: Gothitelle|Protect\n|move|p1a: Chi-Yu|Nasty Plot|p1a: Chi-Yu\n|-boost|p1a: Chi-Yu|spa|0\n|\n|upkeep\n|turn|26\n|\n|t:|1700850619\n|move|p2a: Gothitelle|Recycle|p2a: Gothitelle\n|-item|p2a: Gothitelle|Starf Berry|[from] move: Recycle\n|-enditem|p2a: Gothitelle|Starf Berry|[eat]\n|-boost|p2a: Gothitelle|spe|2|[from] item: Starf Berry\n|cant|p1a: Chi-Yu|ability: Truant\n|\n|upkeep\n|turn|27\n|\n|t:|1700850621\n|move|p2a: Gothitelle|Protect|p2a: Gothitelle\n|-singleturn|p2a: Gothitelle|Protect\n|move|p1a: Chi-Yu|Nasty Plot|p1a: Chi-Yu\n|-boost|p1a: Chi-Yu|spa|0\n|\n|upkeep\n|turn|28\n|\n|t:|1700850623\n|move|p2a: Gothitelle|Recycle|p2a: Gothitelle\n|-item|p2a: Gothitelle|Starf Berry|[from] move: Recycle\n|-enditem|p2a: Gothitelle|Starf Berry|[eat]\n|-boost|p2a: Gothitelle|spa|2|[from] item: Starf Berry\n|cant|p1a: Chi-Yu|ability: Truant\n|\n|upkeep\n|turn|29\n|\n|t:|1700850625\n|move|p2a: Gothitelle|Protect|p2a: Gothitelle\n|-singleturn|p2a: Gothitelle|Protect\n|move|p1a: Chi-Yu|Nasty Plot|p1a: Chi-Yu\n|-boost|p1a: Chi-Yu|spa|0\n|\n|upkeep\n|turn|30\n|\n|t:|1700850626\n|move|p2a: Gothitelle|Recycle|p2a: Gothitelle\n|-item|p2a: Gothitelle|Starf Berry|[from] move: Recycle\n|-enditem|p2a: Gothitelle|Starf Berry|[eat]\n|-boost|p2a: Gothitelle|atk|2|[from] item: Starf Berry\n|cant|p1a: Chi-Yu|ability: Truant\n|\n|upkeep\n|turn|31\n|\n|t:|1700850628\n|move|p2a: Gothitelle|Protect|p2a: Gothitelle\n|-singleturn|p2a: Gothitelle|Protect\n|move|p1a: Chi-Yu|Nasty Plot|p1a: Chi-Yu\n|-boost|p1a: Chi-Yu|spa|0\n|\n|upkeep\n|turn|32\n|\n|t:|1700850631\n|move|p2a: Gothitelle|Protect|p2a: Gothitelle\n|-singleturn|p2a: Gothitelle|Protect\n|cant|p1a: Chi-Yu|ability: Truant\n|\n|upkeep\n|turn|33\n|c|\u2606JustMonika_CARR|???????\n|c|\u2606JustMonika_CARR|It clicked on its own lmao\n|c|\u2606JustMonika_CARR|Well, guess this costs me the game\n|inactive|JustMonika_CARR has 120 seconds left.\n|\n|t:|1700850671\n|-terastallize|p2a: Gothitelle|Dark\n|move|p2a: Gothitelle|Dark Pulse|p1a: Chi-Yu\n|-resisted|p1a: Chi-Yu\n|-damage|p1a: Chi-Yu|4\/100\n|move|p1a: Chi-Yu|Dark Pulse|p2a: Gothitelle\n|-resisted|p2a: Gothitelle\n|-end|p2a: Gothitelle|Substitute\n|\n|upkeep\n|turn|34\n|\n|t:|1700850680\n|move|p2a: Gothitelle|Recycle|p2a: Gothitelle\n|-item|p2a: Gothitelle|Starf Berry|[from] move: Recycle\n|-enditem|p2a: Gothitelle|Starf Berry|[eat]\n|-boost|p2a: Gothitelle|spd|2|[from] item: Starf Berry\n|cant|p1a: Chi-Yu|ability: Truant\n|\n|upkeep\n|turn|35\n|\n|t:|1700850685\n|move|p2a: Gothitelle|Protect|p2a: Gothitelle\n|-singleturn|p2a: Gothitelle|Protect\n|move|p1a: Chi-Yu|Overheat|p2a: Gothitelle\n|-activate|p2a: Gothitelle|move: Protect\n|\n|upkeep\n|turn|36\n|\n|t:|1700850697\n|move|p2a: Gothitelle|Recycle|p2a: Gothitelle\n|-item|p2a: Gothitelle|Starf Berry|[from] move: Recycle\n|-enditem|p2a: Gothitelle|Starf Berry|[eat]\n|-boost|p2a: Gothitelle|spd|2|[from] item: Starf Berry\n|cant|p1a: Chi-Yu|ability: Truant\n|\n|upkeep\n|turn|37\n|\n|t:|1700850703\n|move|p2a: Gothitelle|Dark Pulse|p1a: Chi-Yu\n|-resisted|p1a: Chi-Yu\n|-damage|p1a: Chi-Yu|0 fnt\n|faint|p1a: Chi-Yu\n|\n|upkeep\n|\n|t:|1700850709\n|switch|p1a: Ho-Oh|Ho-Oh|100\/100\n|turn|38\n|c|\u2606JustMonika_CARR|Oh, whirlwind, i assume\n|\n|t:|1700850719\n|move|p2a: Gothitelle|Dark Pulse|p1a: Ho-Oh\n|-damage|p1a: Ho-Oh|23\/100\n|move|p1a: Ho-Oh|Roar|p2a: Gothitelle\n|drag|p2a: Pheromosa|Pheromosa, shiny|100\/100\n|\n|upkeep\n|turn|39\n|c|\u2606JustMonika_CARR|Yeah same thing\n|\n|t:|1700850733\n|switch|p1a: Groudon|Groudon|100\/100\n|-damage|p1a: Groudon|94\/100|[from] Stealth Rock\n|detailschange|p1a: Groudon|Groudon-Primal\n|-primal|p1a: Groudon|Red Orb\n|-weather|DesolateLand|[from] ability: Desolate Land|[of] p1a: Groudon\n|move|p2a: Pheromosa|Ice Beam|p1a: Groudon\n|-damage|p1a: Groudon|60\/100\n|\n|-weather|DesolateLand|[upkeep]\n|upkeep\n|turn|40\n|\n|t:|1700850751\n|move|p2a: Pheromosa|Ice Beam|p1a: Groudon\n|-damage|p1a: Groudon|26\/100\n|move|p1a: Groudon|Heat Crash|p2a: Pheromosa\n|-supereffective|p2a: Pheromosa\n|-enditem|p2a: Pheromosa|Focus Sash\n|-damage|p2a: Pheromosa|1\/100\n|\n|-weather|DesolateLand|[upkeep]\n|upkeep\n|turn|41\n|\n|t:|1700850764\n|move|p2a: Pheromosa|Ice Beam|p1a: Groudon\n|-damage|p1a: Groudon|0 fnt\n|faint|p1a: Groudon\n|-weather|none\n|-ability|p2a: Pheromosa|Beast Boost|boost\n|-boost|p2a: Pheromosa|spa|1\n|\n|upkeep\n|\n|t:|1700850767\n|switch|p1a: Lopunny|Lopunny, F|100\/100\n|-damage|p1a: Lopunny|88\/100|[from] Stealth Rock\n|turn|42\n|\n|t:|1700850772\n|switch|p2a: Gothitelle|Gothitelle, F, shiny, tera:Dark|25\/100\n|detailschange|p1a: Lopunny|Lopunny-Mega, F\n|-mega|p1a: Lopunny|Lopunny|Lopunnite\n|move|p1a: Lopunny|Fake Out|p2a: Gothitelle\n|-damage|p2a: Gothitelle|5\/100\n|\n|upkeep\n|turn|43\n|\n|t:|1700850783\n|move|p2a: Gothitelle|Protect|p2a: Gothitelle\n|-singleturn|p2a: Gothitelle|Protect\n|move|p1a: Lopunny|Frustration|p2a: Gothitelle\n|-activate|p2a: Gothitelle|move: Protect\n|\n|upkeep\n|turn|44\n|\n|t:|1700850791\n|move|p1a: Lopunny|Frustration|p2a: Gothitelle\n|-damage|p2a: Gothitelle|0 fnt\n|faint|p2a: Gothitelle\n|\n|upkeep\n|\n|t:|1700850794\n|switch|p2a: Marshadow|Marshadow|100\/100\n|turn|45\n|c|\u2606JustMonika_CARR|??????\n|c|\u2606JustMonika_CARR|It clicked by itself again wtf\n|\n|t:|1700850813\n|switch|p1a: Ho-Oh|Ho-Oh|56\/100\n|move|p2a: Marshadow|Close Combat|p1a: Ho-Oh\n|-resisted|p1a: Ho-Oh\n|-damage|p1a: Ho-Oh|35\/100\n|-unboost|p2a: Marshadow|def|1\n|-unboost|p2a: Marshadow|spd|1\n|\n|upkeep\n|turn|46\n|\n|t:|1700850820\n|switch|p1a: Ferrothorn|Ferrothorn, M|100\/100\n|-damage|p1a: Ferrothorn|95\/100|[from] Stealth Rock\n|move|p2a: Marshadow|Rock Tomb|p1a: Ferrothorn\n|-resisted|p1a: Ferrothorn\n|-damage|p1a: Ferrothorn|85\/100\n|-unboost|p1a: Ferrothorn|spe|1\n|\n|-heal|p1a: Ferrothorn|91\/100|[from] item: Leftovers\n|upkeep\n|turn|47\n|\n|t:|1700850826\n|move|p1a: Ferrothorn|Protect|p1a: Ferrothorn\n|-singleturn|p1a: Ferrothorn|Protect\n|move|p2a: Marshadow|Close Combat|p1a: Ferrothorn\n|-activate|p1a: Ferrothorn|move: Protect\n|\n|-heal|p1a: Ferrothorn|97\/100|[from] item: Leftovers\n|upkeep\n|turn|48\n|\n|t:|1700850833\n|move|p2a: Marshadow|Close Combat|p1a: Ferrothorn\n|-supereffective|p1a: Ferrothorn\n|-damage|p1a: Ferrothorn|23\/100\n|-unboost|p2a: Marshadow|def|1\n|-unboost|p2a: Marshadow|spd|1\n|-damage|p2a: Marshadow|88\/100|[from] ability: Iron Barbs|[of] p1a: Ferrothorn\n|move|p1a: Ferrothorn|Gyro Ball|p2a: Marshadow\n|-damage|p2a: Marshadow|0 fnt\n|faint|p2a: Marshadow\n|\n|-heal|p1a: Ferrothorn|29\/100|[from] item: Leftovers\n|upkeep\n|\n|t:|1700850839\n|switch|p2a: Pheromosa|Pheromosa, shiny|1\/100\n|turn|49\n|\n|t:|1700850844\n|move|p1a: Ferrothorn|Protect|p1a: Ferrothorn\n|-singleturn|p1a: Ferrothorn|Protect\n|move|p2a: Pheromosa|Rapid Spin|p1a: Ferrothorn\n|-activate|p1a: Ferrothorn|move: Protect\n|\n|-heal|p1a: Ferrothorn|35\/100|[from] item: Leftovers\n|upkeep\n|turn|50\n|\n|t:|1700850859\n|switch|p1a: Lopunny|Lopunny-Mega, F|88\/100\n|-damage|p1a: Lopunny|82\/100|[from] Stealth Rock\n|move|p2a: Pheromosa|Rapid Spin|p1a: Lopunny\n|-damage|p1a: Lopunny|60\/100\n|-boost|p2a: Pheromosa|spe|1\n|\n|upkeep\n|turn|51\n|\n|t:|1700850864\n|move|p1a: Lopunny|Fake Out|p2a: Pheromosa\n|-damage|p2a: Pheromosa|0 fnt\n|faint|p2a: Pheromosa\n|\n|upkeep\n|\n|t:|1700850866\n|switch|p2a: Arceus|Arceus|100\/100\n|turn|52\n|\n|t:|1700850871\n|switch|p1a: Ho-Oh|Ho-Oh|68\/100\n|move|p2a: Arceus|Cosmic Power|p2a: Arceus\n|-boost|p2a: Arceus|def|1\n|-boost|p2a: Arceus|spd|1\n|\n|upkeep\n|turn|53\n|c|\u2606JustMonika_CARR|Welp, gg\n|c|\u2606JustMonika_CARR|Fun game\n|\n|t:|1700850879\n|move|p2a: Arceus|Cosmic Power|p2a: Arceus\n|-boost|p2a: Arceus|def|1\n|-boost|p2a: Arceus|spd|1\n|move|p1a: Ho-Oh|Sacred Fire|p2a: Arceus\n|-damage|p2a: Arceus|89\/100\n|\n|upkeep\n|turn|54\n|\n|t:|1700850883\n|move|p2a: Arceus|Cosmic Power|p2a: Arceus\n|-boost|p2a: Arceus|def|1\n|-boost|p2a: Arceus|spd|1\n|move|p1a: Ho-Oh|Roar||[still]\n|-fail|p1a: Ho-Oh\n|\n|upkeep\n|turn|55\n|\n|t:|1700850887\n|move|p2a: Arceus|Cosmic Power|p2a: Arceus\n|-boost|p2a: Arceus|def|1\n|-boost|p2a: Arceus|spd|1\n|move|p1a: Ho-Oh|Roar||[still]\n|-fail|p1a: Ho-Oh\n|\n|upkeep\n|turn|56\n|c|\u2606JustMonika_CARR|?\n|c|\u2606HeatInferno|Why not work?\n|inactive|HeatInferno has 120 seconds left.\n|\n|t:|1700850918\n|switch|p1a: Ferrothorn|Ferrothorn, M|35\/100\n|-damage|p1a: Ferrothorn|29\/100|[from] Stealth Rock\n|move|p2a: Arceus|Cosmic Power|p2a: Arceus\n|-boost|p2a: Arceus|def|1\n|-boost|p2a: Arceus|spd|1\n|\n|-heal|p1a: Ferrothorn|35\/100|[from] item: Leftovers\n|upkeep\n|turn|57\n|c|\u2606JustMonika_CARR|Because there's only one pokemon l\n|\n|t:|1700850933\n|move|p2a: Arceus|Stored Power|p1a: Ferrothorn\n|-resisted|p1a: Ferrothorn\n|-damage|p1a: Ferrothorn|10\/100\n|move|p1a: Ferrothorn|Leech Seed|p2a: Arceus|[miss]\n|-miss|p1a: Ferrothorn|p2a: Arceus\n|\n|-heal|p1a: Ferrothorn|16\/100|[from] item: Leftovers\n|upkeep\n|turn|58\n|inactive|HeatInferno has 120 seconds left.\n|\n|t:|1700850962\n|move|p1a: Ferrothorn|Protect|p1a: Ferrothorn\n|-singleturn|p1a: Ferrothorn|Protect\n|move|p2a: Arceus|Stored Power|p1a: Ferrothorn\n|-activate|p1a: Ferrothorn|move: Protect\n|\n|-heal|p1a: Ferrothorn|22\/100|[from] item: Leftovers\n|upkeep\n|turn|59\n|inactive|HeatInferno has 120 seconds left.\n|\n|t:|1700850968\n|switch|p1a: Ho-Oh|Ho-Oh|100\/100\n|move|p2a: Arceus|Stored Power|p1a: Ho-Oh\n|-damage|p1a: Ho-Oh|69\/100\n|\n|upkeep\n|turn|60\n|\n|t:|1700850978\n|move|p2a: Arceus|Cosmic Power|p2a: Arceus\n|-boost|p2a: Arceus|def|1\n|-boost|p2a: Arceus|spd|1\n|move|p1a: Ho-Oh|Defog|p2a: Arceus\n|-unboost|p2a: Arceus|evasion|1\n|-sideend|p1: HeatInferno|Stealth Rock|[from] move: Defog|[of] p1a: Ho-Oh\n|\n|upkeep\n|turn|61\n|\n|t:|1700850987\n|move|p2a: Arceus|Charge Beam|p1a: Ho-Oh\n|-supereffective|p1a: Ho-Oh\n|-damage|p1a: Ho-Oh|54\/100\n|move|p1a: Ho-Oh|Sacred Fire|p2a: Arceus\n|-damage|p2a: Arceus|82\/100\n|-status|p2a: Arceus|brn\n|\n|-damage|p2a: Arceus|76\/100 brn|[from] brn\n|upkeep\n|turn|62\n|\n|t:|1700850994\n|move|p2a: Arceus|Charge Beam|p1a: Ho-Oh\n|-supereffective|p1a: Ho-Oh\n|-damage|p1a: Ho-Oh|38\/100\n|-boost|p2a: Arceus|spa|1\n|move|p1a: Ho-Oh|Roost|p1a: Ho-Oh\n|-heal|p1a: Ho-Oh|88\/100\n|-singleturn|p1a: Ho-Oh|move: Roost\n|\n|-damage|p2a: Arceus|70\/100 brn|[from] brn\n|upkeep\n|turn|63\n|\n|t:|1700851012\n|switch|p1a: Arceus|Arceus|100\/100\n|move|p2a: Arceus|Charge Beam|p1a: Arceus\n|-damage|p1a: Arceus|87\/100\n|-boost|p2a: Arceus|spa|1\n|\n|-damage|p2a: Arceus|64\/100 brn|[from] brn\n|upkeep\n|turn|64\n|\n|t:|1700851028\n|move|p1a: Arceus|Extreme Speed|p2a: Arceus\n|-damage|p2a: Arceus|57\/100 brn\n|move|p2a: Arceus|Stored Power|p1a: Arceus\n|-damage|p1a: Arceus|0 fnt\n|faint|p1a: Arceus\n|\n|-damage|p2a: Arceus|51\/100 brn|[from] brn\n|upkeep\n|\n|t:|1700851034\n|switch|p1a: Ferrothorn|Ferrothorn, M|22\/100\n|turn|65\n|\n|t:|1700851038\n|move|p1a: Ferrothorn|Protect|p1a: Ferrothorn\n|-singleturn|p1a: Ferrothorn|Protect\n|move|p2a: Arceus|Stored Power|p1a: Ferrothorn\n|-activate|p1a: Ferrothorn|move: Protect\n|\n|-heal|p1a: Ferrothorn|28\/100|[from] item: Leftovers\n|-damage|p2a: Arceus|45\/100 brn|[from] brn\n|upkeep\n|turn|66\n|\n|t:|1700851043\n|switch|p1a: Ho-Oh|Ho-Oh|100\/100\n|move|p2a: Arceus|Stored Power|p1a: Ho-Oh\n|-damage|p1a: Ho-Oh|13\/100\n|\n|-damage|p2a: Arceus|39\/100 brn|[from] brn\n|upkeep\n|turn|67\n|\n|t:|1700851048\n|switch|p1a: Lopunny|Lopunny-Mega, F|60\/100\n|move|p2a: Arceus|Charge Beam|p1a: Lopunny\n|-damage|p1a: Lopunny|25\/100\n|\n|-damage|p2a: Arceus|32\/100 brn|[from] brn\n|upkeep\n|turn|68\n|\n|t:|1700851052\n|move|p1a: Lopunny|Fake Out|p2a: Arceus\n|-damage|p2a: Arceus|29\/100 brn\n|cant|p2a: Arceus|flinch\n|\n|-damage|p2a: Arceus|23\/100 brn|[from] brn\n|upkeep\n|turn|69\n|\n|t:|1700851056\n|move|p1a: Lopunny|High Jump Kick|p2a: Arceus\n|-supereffective|p2a: Arceus\n|-damage|p2a: Arceus|3\/100 brn\n|move|p2a: Arceus|Rest|p2a: Arceus\n|-status|p2a: Arceus|slp|[from] move: Rest\n|-heal|p2a: Arceus|100\/100 slp|[silent]\n|-enditem|p2a: Arceus|Chesto Berry|[eat]\n|-curestatus|p2a: Arceus|slp|[msg]\n|\n|upkeep\n|turn|70\n|c|\u2606HeatInferno|Broooo so close\n|c|\u2606HeatInferno|Yeah ggs\n|-message|HeatInferno forfeited.\n|\n|win|JustMonika_CARR\n|raw|HeatInferno's rating: 1435 &rarr; <strong>1413<\/strong><br \/>(-22 for losing)\n|raw|JustMonika_CARR's rating: 1408 &rarr; <strong>1430<\/strong><br \/>(+22 for winning)\n|l|\u2606HeatInferno\n|c|\u2606JustMonika_CARR|I built it very bulky exactly for this\n|c|\u2606JustMonika_CARR|Gg\n","uploadtime":1700851088,"views":1,"p1id":"heatinferno","p2id":"justmonikacarr","formatid":"gen9nationaldexubers","rating":1413,"private":0,"password":""}