{"id":"gen9nationaldexubers-1988180372","p1":"AlolanSandslashOU","p2":"ANinjaDude","format":"[Gen 9] National Dex Ubers","log":"|j|\u2606AlolanSandslashOU\n|j|\u2606ANinjaDude\n|t:|1699680516\n|gametype|singles\n|player|p1|AlolanSandslashOU|volkner|\n|player|p2|ANinjaDude|volkner|\n|teamsize|p1|6\n|teamsize|p2|6\n|gen|9\n|tier|[Gen 9] National Dex Ubers\n|rule|HP Percentage Mod: HP is shown in percentages\n|rule|Endless Battle Clause: Forcing endless battles is banned\n|rule|OHKO Clause: OHKO moves are banned\n|rule|Evasion Moves Clause: Evasion moves are banned\n|rule|Evasion Items Clause: Evasion items are banned\n|rule|Species Clause: Limit one of each Pok\u00e9mon\n|rule|Sleep Clause Mod: Limit one foe put to sleep\n|rule|Mega Rayquaza Clause: You cannot mega evolve Rayquaza\n|clearpoke\n|poke|p1|Kartana|\n|poke|p1|Greninja-*, M|\n|poke|p1|Great Tusk|\n|poke|p1|Zapdos|\n|poke|p1|Sneasler, F|\n|poke|p1|Iron Moth|\n|poke|p2|Landorus-Therian, M|\n|poke|p2|Celesteela|\n|poke|p2|Thundurus-Therian, M|\n|poke|p2|Dragonite, M|\n|poke|p2|Shaymin-Sky|\n|poke|p2|Lopunny, F|\n|teampreview\n|inactive|Battle timer is ON: inactive players will automatically lose when time's up. (requested by ANinjaDude)\n|c|\u2606ANinjaDude|why hello there\n|c|\u2606AlolanSandslashOU|hello\n|inactive|AlolanSandslashOU has 270 seconds left.\n|\n|t:|1699680548\n|start\n|switch|p1a: Zapdos|Zapdos|100\/100\n|switch|p2a: Landorus|Landorus-Therian, M|100\/100\n|-ability|p2a: Landorus|Intimidate|boost\n|-unboost|p1a: Zapdos|atk|1\n|turn|1\n|\n|t:|1699680559\n|move|p2a: Landorus|Stealth Rock|p1a: Zapdos\n|-sidestart|p1: AlolanSandslashOU|move: Stealth Rock\n|move|p1a: Zapdos|Hurricane|p2a: Landorus\n|-damage|p2a: Landorus|22\/100\n|-start|p2a: Landorus|confusion\n|\n|upkeep\n|turn|2\n|\n|t:|1699680565\n|switch|p1a: Great Tusk|Great Tusk|100\/100\n|-activate|p2a: Landorus|confusion\n|move|p2a: Landorus|Explosion|p1a: Great Tusk\n|-damage|p1a: Great Tusk|40\/100\n|faint|p2a: Landorus\n|\n|upkeep\n|c|\u2606ANinjaDude|get boomed on\n|c|\u2606AlolanSandslashOU|I've seen that already\n|c|\u2606AlolanSandslashOU|Against regular guy\n|c|\u2606ANinjaDude|lol\n|\n|t:|1699680593\n|switch|p2a: Lopunny|Lopunny, F|100\/100\n|turn|3\n|c|\u2606AlolanSandslashOU|Who do you think you are\n|\n|t:|1699680598\n|detailschange|p2a: Lopunny|Lopunny-Mega, F\n|-mega|p2a: Lopunny|Lopunny|Lopunnite\n|move|p2a: Lopunny|Fake Out|p1a: Great Tusk\n|-damage|p1a: Great Tusk|28\/100\n|cant|p1a: Great Tusk|flinch\n|\n|upkeep\n|turn|4\n|c|\u2606ANinjaDude|a man with 3 brain cells\n|\n|t:|1699680612\n|move|p2a: Lopunny|Return|p1a: Great Tusk\n|-crit|p1a: Great Tusk\n|-damage|p1a: Great Tusk|0 fnt\n|faint|p1a: Great Tusk\n|-end|p1a: Great Tusk|Protosynthesis|[silent]\n|\n|upkeep\n|\n|t:|1699680615\n|switch|p1a: Zapdos|Zapdos|100\/100\n|-damage|p1a: Zapdos|75\/100|[from] Stealth Rock\n|turn|5\n|\n|t:|1699680620\n|move|p2a: Lopunny|Return|p1a: Zapdos\n|-damage|p1a: Zapdos|18\/100\n|move|p1a: Zapdos|Hurricane|p2a: Lopunny\n|-supereffective|p2a: Lopunny\n|-damage|p2a: Lopunny|0 fnt\n|faint|p2a: Lopunny\n|\n|-heal|p1a: Zapdos|25\/100|[from] item: Leftovers\n|upkeep\n|\n|t:|1699680624\n|switch|p2a: Shaymin|Shaymin-Sky|100\/100\n|turn|6\n|\n|t:|1699680628\n|move|p2a: Shaymin|Air Slash|p1a: Zapdos\n|-resisted|p1a: Zapdos\n|-damage|p1a: Zapdos|8\/100\n|cant|p1a: Zapdos|flinch\n|\n|-heal|p1a: Zapdos|14\/100|[from] item: Leftovers\n|upkeep\n|turn|7\n|\n|t:|1699680633\n|move|p2a: Shaymin|Air Slash|p1a: Zapdos\n|-resisted|p1a: Zapdos\n|-damage|p1a: Zapdos|0 fnt\n|faint|p1a: Zapdos\n|\n|upkeep\n|\n|t:|1699680638\n|switch|p1a: Iron Moth|Iron Moth|100\/100\n|-damage|p1a: Iron Moth|76\/100|[from] Stealth Rock\n|-enditem|p1a: Iron Moth|Booster Energy\n|-activate|p1a: Iron Moth|ability: Quark Drive|[fromitem]\n|-start|p1a: Iron Moth|quarkdrivespe\n|turn|8\n|\n|t:|1699680647\n|move|p2a: Shaymin|Air Slash|p1a: Iron Moth\n|-damage|p1a: Iron Moth|39\/100\n|cant|p1a: Iron Moth|flinch\n|\n|upkeep\n|turn|9\n|\n|t:|1699680654\n|-terastallize|p2a: Shaymin|Flying\n|move|p2a: Shaymin|Air Slash|p1a: Iron Moth|[miss]\n|-miss|p2a: Shaymin|p1a: Iron Moth\n|move|p1a: Iron Moth|Fiery Dance|p2a: Shaymin\n|-damage|p2a: Shaymin|49\/100\n|-boost|p1a: Iron Moth|spa|1\n|\n|upkeep\n|turn|10\n|\n|t:|1699680666\n|-end|p1a: Iron Moth|Quark Drive|[silent]\n|switch|p1a: Greninja|Greninja, M|100\/100\n|-damage|p1a: Greninja|88\/100|[from] Stealth Rock\n|move|p2a: Shaymin|Air Slash|p1a: Greninja\n|-damage|p1a: Greninja|5\/100\n|\n|upkeep\n|turn|11\n|c|\u2606ANinjaDude|glad i terad lol\n|\n|t:|1699680671\n|move|p1a: Greninja|Water Shuriken|p2a: Shaymin\n|-damage|p2a: Shaymin|38\/100\n|-damage|p2a: Shaymin|27\/100\n|-damage|p2a: Shaymin|17\/100\n|-damage|p2a: Shaymin|5\/100\n|-damage|p2a: Shaymin|0 fnt\n|faint|p2a: Shaymin\n|-ability|p1a: Greninja|Battle Bond|boost\n|-boost|p1a: Greninja|atk|1\n|-boost|p1a: Greninja|spa|1\n|-boost|p1a: Greninja|spe|1\n|-activate|p1a: Greninja|ability: Battle Bond\n|-hitcount|p2: Shaymin|5\n|-damage|p1a: Greninja|0 fnt|[from] item: Life Orb\n|faint|p1a: Greninja\n|\n|upkeep\n|\n|t:|1699680685\n|switch|p2a: Dragonite|Dragonite, M|100\/100\n|switch|p1a: Iron Moth|Iron Moth|39\/100\n|-damage|p1a: Iron Moth|14\/100|[from] Stealth Rock\n|turn|12\n|\n|t:|1699680689\n|move|p2a: Dragonite|Extreme Speed|p1a: Iron Moth\n|-damage|p1a: Iron Moth|0 fnt\n|faint|p1a: Iron Moth\n|-end|p1a: Iron Moth|Quark Drive|[silent]\n|\n|upkeep\n|\n|t:|1699680693\n|switch|p1a: Sneasler|Sneasler, F|100\/100\n|-damage|p1a: Sneasler|95\/100|[from] Stealth Rock\n|turn|13\n|\n|t:|1699680702\n|switch|p2a: Celesteela|Celesteela|100\/100\n|move|p1a: Sneasler|U-turn|p2a: Celesteela\n|-resisted|p2a: Celesteela\n|-damage|p2a: Celesteela|92\/100\n|\n|t:|1699680704\n|switch|p1a: Kartana|Kartana|100\/100|[from] U-turn\n|-damage|p1a: Kartana|94\/100|[from] Stealth Rock\n|\n|upkeep\n|turn|14\n|\n|t:|1699680708\n|move|p1a: Kartana|Knock Off|p2a: Celesteela\n|-damage|p2a: Celesteela|49\/100\n|-enditem|p2a: Celesteela|Power Herb|[from] move: Knock Off|[of] p1a: Kartana\n|move|p2a: Celesteela|Fire Blast|p1a: Kartana\n|-supereffective|p1a: Kartana\n|-damage|p1a: Kartana|0 fnt\n|faint|p1a: Kartana\n|-ability|p2a: Celesteela|Beast Boost|boost\n|-boost|p2a: Celesteela|spa|1\n|\n|upkeep\n|\n|t:|1699680711\n|switch|p1a: Sneasler|Sneasler, F|95\/100\n|-damage|p1a: Sneasler|89\/100|[from] Stealth Rock\n|turn|15\n|\n|t:|1699680719\n|-terastallize|p1a: Sneasler|Dark\n|move|p1a: Sneasler|Night Slash|p2a: Celesteela\n|-damage|p2a: Celesteela|0 fnt\n|faint|p2a: Celesteela\n|\n|upkeep\n|\n|t:|1699680725\n|switch|p2a: Thundurus|Thundurus-Therian, M|100\/100\n|turn|16\n|\n|t:|1699680727\n|move|p1a: Sneasler|Night Slash|p2a: Thundurus\n|-damage|p2a: Thundurus|24\/100\n|-status|p2a: Thundurus|psn|[from] ability: Poison Touch|[of] p1a: Sneasler\n|move|p2a: Thundurus|Thunderbolt|p1a: Sneasler\n|-damage|p1a: Sneasler|20\/100\n|\n|-damage|p2a: Thundurus|12\/100 psn|[from] psn\n|upkeep\n|turn|17\n|\n|t:|1699680730\n|move|p1a: Sneasler|Night Slash|p2a: Thundurus\n|-damage|p2a: Thundurus|0 fnt\n|faint|p2a: Thundurus\n|\n|upkeep\n|c|\u2606ANinjaDude|unfort poison\n|\n|t:|1699680735\n|switch|p2a: Dragonite|Dragonite, M|100\/100\n|turn|18\n|\n|t:|1699680738\n|move|p2a: Dragonite|Extreme Speed|p1a: Sneasler\n|-crit|p1a: Sneasler\n|-damage|p1a: Sneasler|0 fnt\n|faint|p1a: Sneasler\n|\n|win|ANinjaDude\n|c|\u2606ANinjaDude|ggs\n|c|\u2606AlolanSandslashOU|Ggs\n","uploadtime":1699680745,"views":6,"p1id":"alolansandslashou","p2id":"aninjadude","formatid":"gen9nationaldexubers","rating":0,"private":0,"password":""}