{"id":"gen9nationaldexubers-1982932048","p1":"duds06","p2":"raamaro","format":"[Gen 9] National Dex Ubers","log":"|j|\u2606duds06\n|j|\u2606raamaro\n|t:|1699060119\n|gametype|singles\n|player|p1|duds06|harlequin|1076\n|player|p2|raamaro|acetrainer-gen4dp|1000\n|teamsize|p1|6\n|teamsize|p2|6\n|gen|9\n|tier|[Gen 9] National Dex Ubers\n|rated|\n|rule|HP Percentage Mod: HP is shown in percentages\n|rule|Endless Battle Clause: Forcing endless battles is banned\n|rule|OHKO Clause: OHKO moves are banned\n|rule|Evasion Moves Clause: Evasion moves are banned\n|rule|Evasion Items Clause: Evasion items are banned\n|rule|Species Clause: Limit one of each Pok\u00e9mon\n|rule|Sleep Clause Mod: Limit one foe put to sleep\n|rule|Mega Rayquaza Clause: You cannot mega evolve Rayquaza\n|clearpoke\n|poke|p1|Glimmora, F|\n|poke|p1|Chi-Yu|\n|poke|p1|Groudon|\n|poke|p1|Urshifu-*, F|\n|poke|p1|Zekrom|\n|poke|p1|Diancie|\n|poke|p2|Shiftry, M|\n|poke|p2|Palafin, M|\n|poke|p2|Lokix, F|\n|poke|p2|Abomasnow, F|\n|poke|p2|Archeops, F|\n|poke|p2|Masquerain, M|\n|teampreview\n|\n|t:|1699060124\n|start\n|switch|p1a: Diancie|Diancie|100\/100\n|switch|p2a: Palafin|Palafin, M|100\/100\n|turn|1\n|inactive|Battle timer is ON: inactive players will automatically lose when time's up. (requested by duds06)\n|\n|t:|1699060134\n|detailschange|p2a: Palafin|Palafin-Hero, M\n|switch|p2a: Shiftry|Shiftry, M|100\/100\n|detailschange|p1a: Diancie|Diancie-Mega\n|-mega|p1a: Diancie|Diancie|Diancite\n|move|p1a: Diancie|Moonblast|p2a: Shiftry\n|-supereffective|p2a: Shiftry\n|-enditem|p2a: Shiftry|Focus Sash\n|-damage|p2a: Shiftry|1\/100\n|\n|upkeep\n|turn|2\n|\n|t:|1699060144\n|move|p1a: Diancie|Moonblast|p2a: Shiftry\n|-supereffective|p2a: Shiftry\n|-crit|p2a: Shiftry\n|-damage|p2a: Shiftry|0 fnt\n|faint|p2a: Shiftry\n|\n|upkeep\n|\n|t:|1699060150\n|switch|p2a: Palafin|Palafin-Hero, M|100\/100\n|-activate|p2a: Palafin|ability: Zero to Hero\n|turn|3\n|\n|t:|1699060157\n|move|p2a: Palafin|Jet Punch|p1a: Diancie\n|-supereffective|p1a: Diancie\n|-damage|p1a: Diancie|17\/100\n|move|p1a: Diancie|Moonblast|p2a: Palafin\n|-damage|p2a: Palafin|55\/100\n|\n|upkeep\n|turn|4\n|\n|t:|1699060162\n|switch|p1a: Groudon|Groudon|100\/100\n|detailschange|p1a: Groudon|Groudon-Primal\n|-primal|p1a: Groudon|Red Orb\n|-weather|DesolateLand|[from] ability: Desolate Land|[of] p1a: Groudon\n|move|p2a: Palafin|Jet Punch||[still]\n|-fail|p2a: Palafin|Jet Punch|[from] Desolate Land\n|\n|-weather|DesolateLand|[upkeep]\n|upkeep\n|turn|5\n|\n|t:|1699060171\n|move|p2a: Palafin|Iron Head|p1a: Groudon\n|-resisted|p1a: Groudon\n|-damage|p1a: Groudon|89\/100\n|cant|p1a: Groudon|flinch\n|\n|-weather|DesolateLand|[upkeep]\n|upkeep\n|turn|6\n|\n|t:|1699060181\n|move|p2a: Palafin|Drain Punch|p1a: Groudon\n|-damage|p1a: Groudon|67\/100\n|-heal|p2a: Palafin|67\/100|[from] drain|[of] p1a: Groudon\n|move|p1a: Groudon|Swords Dance|p1a: Groudon\n|-boost|p1a: Groudon|atk|2\n|\n|-weather|DesolateLand|[upkeep]\n|upkeep\n|turn|7\n|\n|t:|1699060190\n|move|p2a: Palafin|Acrobatics|p1a: Groudon\n|-damage|p1a: Groudon|37\/100\n|move|p1a: Groudon|Swords Dance|p1a: Groudon\n|-boost|p1a: Groudon|atk|2\n|\n|-weather|DesolateLand|[upkeep]\n|upkeep\n|turn|8\n|\n|t:|1699060197\n|move|p2a: Palafin|Jet Punch||[still]\n|-fail|p2a: Palafin|Jet Punch|[from] Desolate Land\n|move|p1a: Groudon|Precipice Blades|p2a: Palafin\n|-damage|p2a: Palafin|0 fnt\n|faint|p2a: Palafin\n|\n|-weather|DesolateLand|[upkeep]\n|upkeep\n|\n|t:|1699060204\n|switch|p2a: Abomasnow|Abomasnow, F|100\/100\n|-ability|p2a: Abomasnow|Snow Warning|[from] desolateland|[fail]\n|turn|9\n|\n|t:|1699060211\n|move|p1a: Groudon|Fire Blast|p2a: Abomasnow\n|-supereffective|p2a: Abomasnow\n|-damage|p2a: Abomasnow|0 fnt\n|faint|p2a: Abomasnow\n|\n|-weather|DesolateLand|[upkeep]\n|upkeep\n|\n|t:|1699060230\n|switch|p2a: Archeops|Archeops, F|100\/100\n|turn|10\n|\n|t:|1699060242\n|move|p2a: Archeops|Fly||[still]\n|-prepare|p2a: Archeops|Fly\n|move|p1a: Groudon|Fire Blast|p2a: Archeops|[miss]\n|-miss|p1a: Groudon|p2a: Archeops\n|\n|-weather|DesolateLand|[upkeep]\n|upkeep\n|turn|11\n|\n|t:|1699060247\n|move|p2a: Archeops|Fly|p1a: Groudon|[from]lockedmove\n|-damage|p1a: Groudon|6\/100\n|move|p1a: Groudon|Fire Blast|p2a: Archeops\n|-resisted|p2a: Archeops\n|-damage|p2a: Archeops|41\/100\n|\n|-weather|DesolateLand|[upkeep]\n|-heal|p2a: Archeops|47\/100|[from] item: Leftovers\n|upkeep\n|turn|12\n|\n|t:|1699060257\n|move|p2a: Archeops|Dragon Claw|p1a: Groudon\n|-damage|p1a: Groudon|0 fnt\n|faint|p1a: Groudon\n|-weather|none\n|\n|-heal|p2a: Archeops|53\/100|[from] item: Leftovers\n|upkeep\n|\n|t:|1699060269\n|switch|p1a: Zekrom|Zekrom|100\/100\n|-ability|p1a: Zekrom|Teravolt\n|turn|13\n|\n|t:|1699060275\n|move|p2a: Archeops|Dragon Claw|p1a: Zekrom\n|-supereffective|p1a: Zekrom\n|-damage|p1a: Zekrom|45\/100\n|move|p1a: Zekrom|Bolt Strike|p2a: Archeops\n|-supereffective|p2a: Archeops\n|-damage|p2a: Archeops|0 fnt\n|faint|p2a: Archeops\n|-damage|p1a: Zekrom|35\/100|[from] item: Life Orb\n|\n|upkeep\n|\n|t:|1699060285\n|switch|p2a: Lokix|Lokix, F|100\/100\n|turn|14\n|\n|t:|1699060293\n|switch|p1a: Chi-Yu|Chi-Yu|100\/100\n|-ability|p1a: Chi-Yu|Beads of Ruin\n|move|p2a: Lokix|Assurance|p1a: Chi-Yu\n|-resisted|p1a: Chi-Yu\n|-damage|p1a: Chi-Yu|55\/100\n|\n|upkeep\n|turn|15\n|\n|t:|1699060306\n|-terastallize|p1a: Chi-Yu|Fire\n|move|p1a: Chi-Yu|Overheat|p2a: Lokix\n|-supereffective|p2a: Lokix\n|-crit|p2a: Lokix\n|-damage|p2a: Lokix|0 fnt\n|-unboost|p1a: Chi-Yu|spa|2\n|faint|p2a: Lokix\n|\n|upkeep\n|\n|t:|1699060314\n|switch|p2a: Masquerain|Masquerain, M|100\/100\n|-ability|p2a: Masquerain|Unnerve\n|turn|16\n|\n|t:|1699060336\n|move|p1a: Chi-Yu|Overheat|p2a: Masquerain\n|-supereffective|p2a: Masquerain\n|-damage|p2a: Masquerain|0 fnt\n|-unboost|p1a: Chi-Yu|spa|2\n|faint|p2a: Masquerain\n|\n|win|duds06\n|raw|duds06's rating: 1076 &rarr; <strong>1098<\/strong><br \/>(+22 for winning)\n|raw|raamaro's rating: 1000 &rarr; <strong>1000<\/strong><br \/>(+0 for losing)\n","uploadtime":1699060349,"views":11,"p1id":"duds06","p2id":"raamaro","formatid":"gen9nationaldexubers","rating":1000,"private":0,"password":""}