{"id":"gen9nationaldexubers-1986075749","p1":"Bblacksniper","p2":"Soyeon is a cutie","format":"[Gen 9] National Dex Ubers","log":"|j|\u2606Bblacksniper\n|j|\u2606Soyeon is a cutie\n|t:|1699447288\n|gametype|singles\n|player|p1|Bblacksniper|101|1669\n|player|p2|Soyeon is a cutie|idol|1815\n|teamsize|p1|6\n|teamsize|p2|6\n|gen|9\n|tier|[Gen 9] National Dex Ubers\n|rated|\n|rule|HP Percentage Mod: HP is shown in percentages\n|rule|Endless Battle Clause: Forcing endless battles is banned\n|rule|OHKO Clause: OHKO moves are banned\n|rule|Evasion Moves Clause: Evasion moves are banned\n|rule|Evasion Items Clause: Evasion items are banned\n|rule|Species Clause: Limit one of each Pok\u00e9mon\n|rule|Sleep Clause Mod: Limit one foe put to sleep\n|rule|Mega Rayquaza Clause: You cannot mega evolve Rayquaza\n|clearpoke\n|poke|p1|Yveltal|\n|poke|p1|Necrozma-Dusk-Mane|\n|poke|p1|Ho-Oh|\n|poke|p1|Zygarde|\n|poke|p1|Eternatus|\n|poke|p1|Zacian-*|\n|poke|p2|Arceus-Fairy|\n|poke|p2|Kingambit, F|\n|poke|p2|Ditto|\n|poke|p2|Urshifu-*, M|\n|poke|p2|Lunala|\n|poke|p2|Necrozma-Dusk-Mane|\n|teampreview\n|inactive|Battle timer is ON: inactive players will automatically lose when time's up. (requested by Soyeon is a cutie)\n|j| GamerHew3333\n|\n|t:|1699447313\n|start\n|switch|p1a: Bros over Ho's|Ho-Oh|100\/100\n|switch|p2a: Necrozma|Necrozma-Dusk-Mane, shiny|100\/100\n|-ability|p1a: Bros over Ho's|Pressure\n|turn|1\n|\n|t:|1699447320\n|switch|p2a: Ditto|Ditto, shiny|100\/100\n|-transform|p2a: Ditto|p1a: Bros over Ho's|[from] ability: Imposter\n|-ability|p2a: Ditto|Pressure\n|move|p1a: Bros over Ho's|Thunder Wave|p2a: Ditto\n|-status|p2a: Ditto|par\n|\n|upkeep\n|turn|2\n|\n|t:|1699447329\n|switch|p1a: Perfect Cell|Zygarde|100\/100\n|switch|p2a: Necrozma|Necrozma-Dusk-Mane, shiny|100\/100\n|\n|upkeep\n|turn|3\n|l| GamerHew3333\n|\n|t:|1699447333\n|detailschange|p2a: Necrozma|Necrozma-Ultra, shiny\n|-burst|p2a: Necrozma|Necrozma|Ultranecrozium Z\n|move|p2a: Necrozma|Dragon Pulse|p1a: Perfect Cell\n|-supereffective|p1a: Perfect Cell\n|-damage|p1a: Perfect Cell|0 fnt\n|faint|p1a: Perfect Cell\n|\n|upkeep\n|\n|t:|1699447341\n|switch|p1a: I'm defensive trus|Necrozma-Dusk-Mane|100\/100\n|turn|4\n|\n|t:|1699447345\n|move|p2a: Necrozma|Stealth Rock|p1a: I'm defensive trus\n|-sidestart|p1: Bblacksniper|move: Stealth Rock\n|move|p1a: I'm defensive trus|Dragon Dance|p1a: I'm defensive trus\n|-boost|p1a: I'm defensive trus|atk|1\n|-boost|p1a: I'm defensive trus|spe|1\n|\n|upkeep\n|turn|5\n|\n|t:|1699447349\n|move|p2a: Necrozma|Earth Power|p1a: I'm defensive trus\n|-supereffective|p1a: I'm defensive trus\n|-damage|p1a: I'm defensive trus|50\/100\n|move|p1a: I'm defensive trus|Dragon Dance|p1a: I'm defensive trus\n|-boost|p1a: I'm defensive trus|atk|1\n|-boost|p1a: I'm defensive trus|spe|1\n|\n|upkeep\n|turn|6\n|\n|t:|1699447356\n|move|p2a: Necrozma|Dragon Pulse|p1a: I'm defensive trus\n|-resisted|p1a: I'm defensive trus\n|-damage|p1a: I'm defensive trus|32\/100\n|move|p1a: I'm defensive trus|Morning Sun|p1a: I'm defensive trus\n|-heal|p1a: I'm defensive trus|82\/100\n|\n|upkeep\n|turn|7\n|\n|t:|1699447361\n|move|p2a: Necrozma|Earth Power|p1a: I'm defensive trus\n|-supereffective|p1a: I'm defensive trus\n|-damage|p1a: I'm defensive trus|31\/100\n|move|p1a: I'm defensive trus|Dragon Dance|p1a: I'm defensive trus\n|-boost|p1a: I'm defensive trus|atk|1\n|-boost|p1a: I'm defensive trus|spe|1\n|\n|upkeep\n|turn|8\n|\n|t:|1699447366\n|detailschange|p1a: I'm defensive trus|Necrozma-Ultra\n|-burst|p1a: I'm defensive trus|Necrozma|Ultranecrozium Z\n|move|p1a: I'm defensive trus|Iron Head|p2a: Necrozma\n|-damage|p2a: Necrozma|20\/100\n|move|p2a: Necrozma|Earth Power|p1a: I'm defensive trus\n|-damage|p1a: I'm defensive trus|3\/100\n|\n|upkeep\n|turn|9\n|\n|t:|1699447377\n|move|p1a: I'm defensive trus|Iron Head|p2a: Necrozma\n|-damage|p2a: Necrozma|0 fnt\n|faint|p2a: Necrozma\n|\n|upkeep\n|\n|t:|1699447383\n|switch|p2a: Kingambit|Kingambit, F|100\/100\n|-activate|p2a: Kingambit|ability: Supreme Overlord\n|-start|p2a: Kingambit|fallen1|[silent]\n|turn|10\n|\n|t:|1699447386\n|move|p1a: I'm defensive trus|Morning Sun|p1a: I'm defensive trus\n|-heal|p1a: I'm defensive trus|53\/100\n|move|p2a: Kingambit|Knock Off|p1a: I'm defensive trus\n|-supereffective|p1a: I'm defensive trus\n|-damage|p1a: I'm defensive trus|0 fnt\n|faint|p1a: I'm defensive trus\n|\n|upkeep\n|\n|t:|1699447390\n|switch|p1a: Bros over Ho's|Ho-Oh|100\/100\n|-ability|p1a: Bros over Ho's|Pressure\n|turn|11\n|\n|t:|1699447396\n|-end|p2a: Kingambit|fallen1|[silent]\n|switch|p2a: Ditto|Ditto, shiny|100\/100 par\n|-transform|p2a: Ditto|p1a: Bros over Ho's|[from] ability: Imposter\n|-ability|p2a: Ditto|Pressure\n|move|p1a: Bros over Ho's|Sacred Fire|p2a: Ditto\n|-resisted|p2a: Ditto\n|-damage|p2a: Ditto|75\/100 par\n|\n|upkeep\n|turn|12\n|\n|t:|1699447405\n|move|p1a: Bros over Ho's|Defog|p2a: Ditto\n|-unboost|p2a: Ditto|evasion|1\n|-sideend|p1: Bblacksniper|Stealth Rock|[from] move: Defog|[of] p1a: Bros over Ho's\n|move|p2a: Ditto|Thunder Wave|p1a: Bros over Ho's\n|-status|p1a: Bros over Ho's|par\n|\n|upkeep\n|turn|13\n|\n|t:|1699447415\n|switch|p1a: IJUSTLOSTMYDAWG|Yveltal|100\/100\n|-ability|p1a: IJUSTLOSTMYDAWG|Dark Aura\n|move|p2a: Ditto|Thunder Wave|p1a: IJUSTLOSTMYDAWG\n|-status|p1a: IJUSTLOSTMYDAWG|par\n|\n|upkeep\n|turn|14\n|\n|t:|1699447419\n|switch|p2a: Arceus|Arceus-Fairy|100\/100\n|move|p1a: IJUSTLOSTMYDAWG|Knock Off|p2a: Arceus\n|-resisted|p2a: Arceus\n|-damage|p2a: Arceus|88\/100\n|\n|upkeep\n|turn|15\n|\n|t:|1699447424\n|switch|p2a: Ditto|Ditto, shiny|75\/100 par\n|-transform|p2a: Ditto|p1a: IJUSTLOSTMYDAWG|[from] ability: Imposter\n|-ability|p2a: Ditto|Dark Aura\n|switch|p1a: E tour na dus|Eternatus|100\/100\n|-ability|p1a: E tour na dus|Pressure\n|\n|upkeep\n|turn|16\n|\n|t:|1699447431\n|move|p1a: E tour na dus|Dynamax Cannon|p2a: Ditto\n|-damage|p2a: Ditto|15\/100 par\n|move|p2a: Ditto|Knock Off|p1a: E tour na dus\n|-damage|p1a: E tour na dus|52\/100\n|-enditem|p1a: E tour na dus|Heavy-Duty Boots|[from] move: Knock Off|[of] p2a: Ditto\n|\n|upkeep\n|turn|17\n|\n|t:|1699447435\n|move|p1a: E tour na dus|Recover|p1a: E tour na dus\n|-heal|p1a: E tour na dus|100\/100\n|move|p2a: Ditto|Knock Off|p1a: E tour na dus\n|-damage|p1a: E tour na dus|72\/100\n|\n|upkeep\n|turn|18\n|\n|t:|1699447439\n|move|p1a: E tour na dus|Recover|p1a: E tour na dus\n|-heal|p1a: E tour na dus|100\/100\n|move|p2a: Ditto|Knock Off|p1a: E tour na dus\n|-damage|p1a: E tour na dus|72\/100\n|\n|upkeep\n|turn|19\n|\n|t:|1699447443\n|move|p1a: E tour na dus|Dynamax Cannon|p2a: Ditto\n|-damage|p2a: Ditto|0 fnt\n|faint|p2a: Ditto\n|\n|upkeep\n|\n|t:|1699447446\n|switch|p2a: Lunala|Lunala, shiny|100\/100\n|turn|20\n|\n|t:|1699447448\n|move|p1a: E tour na dus|Toxic|p2a: Lunala\n|-status|p2a: Lunala|tox\n|move|p2a: Lunala|Psyshock|p1a: E tour na dus\n|-supereffective|p1a: E tour na dus\n|-damage|p1a: E tour na dus|5\/100\n|\n|-damage|p2a: Lunala|94\/100 tox|[from] psn\n|upkeep\n|turn|21\n|\n|t:|1699447451\n|-terastallize|p1a: E tour na dus|Fairy\n|move|p1a: E tour na dus|Recover|p1a: E tour na dus\n|-heal|p1a: E tour na dus|55\/100\n|move|p2a: Lunala|Psyshock|p1a: E tour na dus\n|-damage|p1a: E tour na dus|18\/100\n|\n|-damage|p2a: Lunala|82\/100 tox|[from] psn\n|upkeep\n|turn|22\n|\n|t:|1699447454\n|switch|p2a: Kingambit|Kingambit, F|100\/100\n|-activate|p2a: Kingambit|ability: Supreme Overlord\n|-start|p2a: Kingambit|fallen2|[silent]\n|move|p1a: E tour na dus|Recover|p1a: E tour na dus\n|-heal|p1a: E tour na dus|68\/100\n|\n|upkeep\n|turn|23\n|\n|t:|1699447456\n|move|p1a: E tour na dus|Flamethrower|p2a: Kingambit\n|-supereffective|p2a: Kingambit\n|-damage|p2a: Kingambit|46\/100\n|move|p2a: Kingambit|Iron Head|p1a: E tour na dus\n|-supereffective|p1a: E tour na dus\n|-damage|p1a: E tour na dus|0 fnt\n|faint|p1a: E tour na dus\n|\n|upkeep\n|\n|t:|1699447461\n|switch|p1a: Zacian|Zacian-Crowned|100\/100\n|-ability|p1a: Zacian|Intrepid Sword|boost\n|-boost|p1a: Zacian|atk|1\n|turn|24\n|\n|t:|1699447467\n|-end|p2a: Kingambit|fallen2|[silent]\n|switch|p2a: Lunala|Lunala, shiny|82\/100 tox\n|move|p1a: Zacian|Behemoth Blade|p2a: Lunala\n|-damage|p2a: Lunala|4\/100 tox\n|\n|-damage|p2a: Lunala|0 fnt|[from] psn\n|faint|p2a: Lunala\n|upkeep\n|\n|t:|1699447480\n|switch|p2a: Urshifu|Urshifu, M|100\/100\n|turn|25\n|\n|t:|1699447484\n|move|p2a: Urshifu|Sucker Punch|p1a: Zacian\n|-resisted|p1a: Zacian\n|-crit|p1a: Zacian\n|-damage|p1a: Zacian|63\/100\n|-damage|p2a: Urshifu|91\/100|[from] item: Life Orb\n|move|p1a: Zacian|Play Rough|p2a: Urshifu\n|-supereffective|p2a: Urshifu\n|-damage|p2a: Urshifu|0 fnt\n|faint|p2a: Urshifu\n|\n|upkeep\n|\n|t:|1699447487\n|switch|p2a: Kingambit|Kingambit, F|46\/100\n|-activate|p2a: Kingambit|ability: Supreme Overlord\n|-start|p2a: Kingambit|fallen4|[silent]\n|turn|26\n|\n|t:|1699447490\n|move|p1a: Zacian|Behemoth Blade|p2a: Kingambit\n|-resisted|p2a: Kingambit\n|-damage|p2a: Kingambit|14\/100\n|move|p2a: Kingambit|Iron Head|p1a: Zacian\n|-damage|p1a: Zacian|0 fnt\n|faint|p1a: Zacian\n|\n|upkeep\n|\n|t:|1699447496\n|switch|p1a: IJUSTLOSTMYDAWG|Yveltal|100\/100 par\n|-ability|p1a: IJUSTLOSTMYDAWG|Dark Aura\n|turn|27\n|\n|t:|1699447500\n|-end|p2a: Kingambit|fallen4|[silent]\n|switch|p2a: Arceus|Arceus-Fairy|88\/100\n|switch|p1a: Bros over Ho's|Ho-Oh|100\/100 par\n|-ability|p1a: Bros over Ho's|Pressure\n|\n|upkeep\n|turn|28\n|\n|t:|1699447504\n|move|p2a: Arceus|Taunt|p1a: Bros over Ho's\n|-start|p1a: Bros over Ho's|move: Taunt\n|cant|p1a: Bros over Ho's|move: Taunt|Thunder Wave\n|\n|upkeep\n|turn|29\n|\n|t:|1699447507\n|move|p2a: Arceus|Judgment|p1a: Bros over Ho's\n|-resisted|p1a: Bros over Ho's\n|-damage|p1a: Bros over Ho's|90\/100 par\n|cant|p1a: Bros over Ho's|par\n|\n|upkeep\n|turn|30\n|\n|t:|1699447510\n|move|p2a: Arceus|Judgment|p1a: Bros over Ho's\n|-resisted|p1a: Bros over Ho's\n|-damage|p1a: Bros over Ho's|80\/100 par\n|move|p1a: Bros over Ho's|Sacred Fire|p2a: Arceus|[miss]\n|-miss|p1a: Bros over Ho's|p2a: Arceus\n|\n|-end|p1a: Bros over Ho's|move: Taunt\n|upkeep\n|turn|31\n|\n|t:|1699447512\n|move|p2a: Arceus|Taunt|p1a: Bros over Ho's\n|-start|p1a: Bros over Ho's|move: Taunt\n|cant|p1a: Bros over Ho's|par\n|\n|upkeep\n|turn|32\n|\n|t:|1699447519\n|move|p2a: Arceus|Judgment|p1a: Bros over Ho's\n|-resisted|p1a: Bros over Ho's\n|-damage|p1a: Bros over Ho's|70\/100 par\n|move|p1a: Bros over Ho's|Sacred Fire|p2a: Arceus\n|-damage|p2a: Arceus|58\/100\n|-status|p2a: Arceus|brn\n|\n|-damage|p2a: Arceus|52\/100 brn|[from] brn\n|upkeep\n|turn|33\n|\n|t:|1699447521\n|move|p2a: Arceus|Recover|p2a: Arceus\n|-heal|p2a: Arceus|100\/100 brn\n|cant|p1a: Bros over Ho's|par\n|\n|-damage|p2a: Arceus|94\/100 brn|[from] brn\n|-end|p1a: Bros over Ho's|move: Taunt\n|upkeep\n|turn|34\n|\n|t:|1699447525\n|switch|p1a: IJUSTLOSTMYDAWG|Yveltal|100\/100 par\n|-ability|p1a: IJUSTLOSTMYDAWG|Dark Aura\n|move|p2a: Arceus|Taunt|p1a: IJUSTLOSTMYDAWG\n|-start|p1a: IJUSTLOSTMYDAWG|move: Taunt\n|\n|-damage|p2a: Arceus|88\/100 brn|[from] brn\n|upkeep\n|turn|35\n|\n|t:|1699447527\n|switch|p1a: Bros over Ho's|Ho-Oh|70\/100 par\n|-ability|p1a: Bros over Ho's|Pressure\n|move|p2a: Arceus|Judgment|p1a: Bros over Ho's\n|-resisted|p1a: Bros over Ho's\n|-damage|p1a: Bros over Ho's|61\/100 par\n|\n|-damage|p2a: Arceus|82\/100 brn|[from] brn\n|upkeep\n|turn|36\n|-message|Bblacksniper forfeited.\n|\n|win|Soyeon is a cutie\n|raw|Bblacksniper's rating: 1669 &rarr; <strong>1657<\/strong><br \/>(-12 for losing)\n|raw|Soyeon is a cutie's rating: 1815 &rarr; <strong>1827<\/strong><br \/>(+12 for winning)\n|l|\u2606Bblacksniper\n|l|\u2606Soyeon is a cutie\n","uploadtime":1699447551,"views":7,"p1id":"bblacksniper","p2id":"soyeonisacutie","formatid":"gen9nationaldexubers","rating":1657,"private":0,"password":""}