{"id":"gen9nationaldexubers-2000553352","p1":"Mike LEsgo","p2":"waquiner","format":"[Gen 9] National Dex Ubers","log":"|j|\u2606Mike LEsgo\n|j|\u2606waquiner\n|t:|1701204747\n|gametype|singles\n|player|p1|Mike LEsgo|volkner|\n|player|p2|waquiner|lucas|\n|teamsize|p1|6\n|teamsize|p2|6\n|gen|9\n|tier|[Gen 9] National Dex Ubers\n|rule|HP Percentage Mod: HP is shown in percentages\n|rule|Endless Battle Clause: Forcing endless battles is banned\n|rule|OHKO Clause: OHKO moves are banned\n|rule|Evasion Moves Clause: Evasion moves are banned\n|rule|Evasion Items Clause: Evasion items are banned\n|rule|Species Clause: Limit one of each Pok\u00e9mon\n|rule|Sleep Clause Mod: Limit one foe put to sleep\n|rule|Mega Rayquaza Clause: You cannot mega evolve Rayquaza\n|clearpoke\n|poke|p1|Venusaur, M|\n|poke|p1|Raichu, F|\n|poke|p1|Nidoking, M|\n|poke|p1|Arcanine, F|\n|poke|p1|Raticate, F|\n|poke|p1|Gyarados, M|\n|poke|p2|Charizard, M|\n|poke|p2|Pikachu-Original, M|\n|poke|p2|Gengar, F|\n|poke|p2|Mewtwo|\n|poke|p2|Mew|\n|poke|p2|Blastoise, M|\n|teampreview\n|\n|t:|1701204763\n|start\n|switch|p1a: Raichu|Raichu, F|100\/100\n|switch|p2a: Mewtwo|Mewtwo|100\/100\n|-ability|p2a: Mewtwo|Unnerve\n|-item|p1a: Raichu|Air Balloon\n|turn|1\n|\n|t:|1701204778\n|switch|p2a: Gengar|Gengar, F|100\/100\n|move|p1a: Raichu|Fake Out|p2a: Gengar\n|-immune|p2a: Gengar\n|\n|upkeep\n|turn|2\n|\n|t:|1701204785\n|move|p2a: Gengar|Sludge Bomb|p1a: Raichu\n|-crit|p1a: Raichu\n|-damage|p1a: Raichu|0 fnt\n|-enditem|p1a: Raichu|Air Balloon\n|faint|p1a: Raichu\n|-damage|p2a: Gengar|91\/100|[from] item: Life Orb\n|\n|upkeep\n|\n|t:|1701204805\n|switch|p1a: Raticate|Raticate, F|100\/100\n|turn|3\n|\n|t:|1701204848\n|switch|p2a: Blastoise|Blastoise, M|100\/100\n|move|p1a: Raticate|Sucker Punch||[still]\n|-fail|p1a: Raticate\n|\n|upkeep\n|turn|4\n|\n|t:|1701204862\n|move|p1a: Raticate|Endeavor|p2a: Blastoise\n|-damage|p2a: Blastoise|84\/100\n|move|p2a: Blastoise|Surf|p1a: Raticate\n|-damage|p1a: Raticate|30\/100\n|\n|upkeep\n|turn|5\n|\n|t:|1701204881\n|move|p1a: Raticate|Endeavor|p2a: Blastoise|[miss]\n|-miss|p1a: Raticate|p2a: Blastoise\n|move|p2a: Blastoise|Shell Smash|p2a: Blastoise\n|-unboost|p2a: Blastoise|def|1\n|-unboost|p2a: Blastoise|spd|1\n|-boost|p2a: Blastoise|atk|2\n|-boost|p2a: Blastoise|spa|2\n|-boost|p2a: Blastoise|spe|2\n|-enditem|p2a: Blastoise|White Herb\n|-clearnegativeboost|p2a: Blastoise|[silent]\n|\n|upkeep\n|turn|6\n|\n|t:|1701204897\n|move|p1a: Raticate|Sucker Punch|p2a: Blastoise|[miss]\n|-miss|p1a: Raticate|p2a: Blastoise\n|move|p2a: Blastoise|Surf|p1a: Raticate\n|-damage|p1a: Raticate|0 fnt\n|faint|p1a: Raticate\n|\n|upkeep\n|\n|t:|1701204908\n|switch|p1a: Gyarados|Gyarados, M|100\/100\n|turn|7\n|\n|t:|1701204920\n|move|p2a: Blastoise|Ice Beam|p1a: Gyarados\n|-damage|p1a: Gyarados|51\/100\n|move|p1a: Gyarados|Outrage|p2a: Blastoise\n|-damage|p2a: Blastoise|33\/100\n|\n|upkeep\n|turn|8\n|\n|t:|1701204929\n|move|p2a: Blastoise|Ice Beam|p1a: Gyarados\n|-damage|p1a: Gyarados|0 fnt\n|faint|p1a: Gyarados\n|\n|upkeep\n|\n|t:|1701204941\n|switch|p1a: Arcanine|Arcanine, F|100\/100\n|turn|9\n|\n|t:|1701204950\n|switch|p2a: Gengar|Gengar, F|91\/100\n|move|p1a: Arcanine|Extreme Speed|p2a: Gengar\n|-immune|p2a: Gengar\n|\n|upkeep\n|turn|10\n|\n|t:|1701204974\n|switch|p1a: Nidoking|Nidoking, M|100\/100\n|move|p2a: Gengar|Sludge Bomb|p1a: Nidoking\n|-resisted|p1a: Nidoking\n|-damage|p1a: Nidoking|79\/100\n|-damage|p2a: Gengar|81\/100|[from] item: Life Orb\n|\n|upkeep\n|turn|11\n|\n|t:|1701205002\n|move|p2a: Gengar|Energy Ball|p1a: Nidoking\n|-damage|p1a: Nidoking|20\/100\n|-damage|p2a: Gengar|71\/100|[from] item: Life Orb\n|move|p1a: Nidoking|Earth Power|p2a: Gengar\n|-supereffective|p2a: Gengar\n|-damage|p2a: Gengar|0 fnt\n|faint|p2a: Gengar\n|\n|upkeep\n|\n|t:|1701205017\n|switch|p2a: Charizard|Charizard, M|100\/100\n|turn|12\n|\n|t:|1701205029\n|switch|p1a: Arcanine|Arcanine, F|100\/100\n|move|p2a: Charizard|Flamethrower|p1a: Arcanine\n|-start|p1a: Arcanine|ability: Flash Fire\n|\n|upkeep\n|turn|13\n|\n|t:|1701205057\n|move|p1a: Arcanine|Extreme Speed|p2a: Charizard\n|-damage|p2a: Charizard|49\/100\n|move|p2a: Charizard|Focus Blast|p1a: Arcanine|[miss]\n|-miss|p2a: Charizard|p1a: Arcanine\n|\n|upkeep\n|turn|14\n|\n|t:|1701205069\n|switch|p2a: Mew|Mew|100\/100\n|move|p1a: Arcanine|Extreme Speed|p2a: Mew\n|-damage|p2a: Mew|69\/100\n|\n|-heal|p2a: Mew|75\/100|[from] item: Leftovers\n|upkeep\n|turn|15\n|\n|t:|1701205095\n|-end|p1a: Arcanine|ability: Flash Fire|[silent]\n|switch|p1a: Nidoking|Nidoking, M|20\/100\n|move|p2a: Mew|Psychic|p1a: Nidoking\n|-supereffective|p1a: Nidoking\n|-damage|p1a: Nidoking|0 fnt\n|faint|p1a: Nidoking\n|\n|-heal|p2a: Mew|81\/100|[from] item: Leftovers\n|upkeep\n|\n|t:|1701205106\n|switch|p1a: Venusaur|Venusaur, M|100\/100\n|turn|16\n|\n|t:|1701205121\n|move|p1a: Venusaur|Protect|p1a: Venusaur\n|-singleturn|p1a: Venusaur|Protect\n|move|p2a: Mew|Taunt|p1a: Venusaur\n|-activate|p1a: Venusaur|move: Protect\n|\n|-heal|p2a: Mew|87\/100|[from] item: Leftovers\n|upkeep\n|turn|17\n|\n|t:|1701205158\n|switch|p1a: Arcanine|Arcanine, F|100\/100\n|move|p2a: Mew|Taunt|p1a: Arcanine\n|-start|p1a: Arcanine|move: Taunt\n|\n|-heal|p2a: Mew|94\/100|[from] item: Leftovers\n|upkeep\n|turn|18\n|\n|t:|1701205169\n|move|p1a: Arcanine|Flare Blitz|p2a: Mew\n|-damage|p2a: Mew|21\/100\n|-damage|p1a: Arcanine|71\/100|[from] Recoil\n|move|p2a: Mew|Psychic|p1a: Arcanine\n|-damage|p1a: Arcanine|34\/100\n|\n|-heal|p2a: Mew|27\/100|[from] item: Leftovers\n|upkeep\n|turn|19\n|\n|t:|1701205189\n|move|p1a: Arcanine|Flare Blitz|p2a: Mew\n|-damage|p2a: Mew|0 fnt\n|faint|p2a: Mew\n|-damage|p1a: Arcanine|23\/100|[from] Recoil\n|\n|-end|p1a: Arcanine|move: Taunt\n|upkeep\n|\n|t:|1701205207\n|switch|p2a: Mewtwo|Mewtwo|100\/100\n|-ability|p2a: Mewtwo|Unnerve\n|turn|20\n|\n|t:|1701205215\n|switch|p1a: Venusaur|Venusaur, M|100\/100\n|move|p2a: Mewtwo|Power Gem|p1a: Venusaur\n|-damage|p1a: Venusaur|65\/100\n|-damage|p2a: Mewtwo|91\/100|[from] item: Life Orb\n|\n|-heal|p1a: Venusaur|71\/100|[from] item: Black Sludge\n|upkeep\n|turn|21\n|\n|t:|1701205226\n|move|p1a: Venusaur|Protect|p1a: Venusaur\n|-singleturn|p1a: Venusaur|Protect\n|move|p2a: Mewtwo|Psystrike|p1a: Venusaur\n|-activate|p1a: Venusaur|move: Protect\n|\n|-heal|p1a: Venusaur|77\/100|[from] item: Black Sludge\n|upkeep\n|turn|22\n|\n|t:|1701205235\n|move|p2a: Mewtwo|Psystrike|p1a: Venusaur\n|-supereffective|p1a: Venusaur\n|-damage|p1a: Venusaur|0 fnt\n|faint|p1a: Venusaur\n|-damage|p2a: Mewtwo|81\/100|[from] item: Life Orb\n|\n|upkeep\n|\n|t:|1701205241\n|switch|p1a: Arcanine|Arcanine, F|23\/100\n|turn|23\n|\n|t:|1701205249\n|move|p1a: Arcanine|Extreme Speed|p2a: Mewtwo\n|-damage|p2a: Mewtwo|41\/100\n|move|p2a: Mewtwo|Power Gem|p1a: Arcanine\n|-supereffective|p1a: Arcanine\n|-damage|p1a: Arcanine|0 fnt\n|faint|p1a: Arcanine\n|-damage|p2a: Mewtwo|31\/100|[from] item: Life Orb\n|\n|win|waquiner\n","uploadtime":1701205266,"views":0,"p1id":"mikelesgo","p2id":"waquiner","formatid":"gen9nationaldexubers","rating":0,"private":0,"password":""}