{"id":"gen9nationaldexubers-1982957645","p1":"Joiboi02","p2":"MeroMerozan","format":"[Gen 9] National Dex Ubers","log":"|j|\u2606Joiboi02\n|j|\u2606MeroMerozan\n|t:|1699063120\n|gametype|singles\n|player|p1|Joiboi02|266|1076\n|player|p2|MeroMerozan|102|1000\n|teamsize|p1|6\n|teamsize|p2|6\n|gen|9\n|tier|[Gen 9] National Dex Ubers\n|rated|\n|rule|HP Percentage Mod: HP is shown in percentages\n|rule|Endless Battle Clause: Forcing endless battles is banned\n|rule|OHKO Clause: OHKO moves are banned\n|rule|Evasion Moves Clause: Evasion moves are banned\n|rule|Evasion Items Clause: Evasion items are banned\n|rule|Species Clause: Limit one of each Pok\u00e9mon\n|rule|Sleep Clause Mod: Limit one foe put to sleep\n|rule|Mega Rayquaza Clause: You cannot mega evolve Rayquaza\n|clearpoke\n|poke|p1|Iron Bundle|\n|poke|p1|Porygon-Z|\n|poke|p1|Blaziken, F|\n|poke|p1|Decidueye, F|\n|poke|p1|Empoleon, F|\n|poke|p1|Altaria, M|\n|poke|p2|Sableye, F|\n|poke|p2|Heliolisk, M|\n|poke|p2|Wooper, M|\n|poke|p2|Pyukumuku, F|\n|poke|p2|Skeledirge, F|\n|poke|p2|Krookodile, M|\n|teampreview\n|\n|t:|1699063129\n|start\n|switch|p1a: Decidueye|Decidueye, F, shiny|100\/100\n|switch|p2a: Goober|Sableye, F|100\/100\n|turn|1\n|\n|t:|1699063133\n|detailschange|p2a: Goober|Sableye-Mega, F\n|-mega|p2a: Goober|Sableye|Sablenite\n|move|p2a: Goober|Fake Out|p1a: Decidueye\n|-immune|p1a: Decidueye\n|-zpower|p1a: Decidueye\n|move|p1a: Decidueye|Sinister Arrow Raid|p2a: Goober|[zeffect]\n|-damage|p2a: Goober|34\/100\n|\n|upkeep\n|turn|2\n|c|\u2606MeroMerozan|aw man\n|\n|t:|1699063145\n|move|p1a: Decidueye|Spirit Shackle|p2a: Goober\n|-damage|p2a: Goober|7\/100\n|move|p2a: Goober|Foul Play|p1a: Decidueye\n|-supereffective|p1a: Decidueye\n|-damage|p1a: Decidueye|0 fnt\n|faint|p1a: Decidueye\n|\n|upkeep\n|c|\u2606MeroMerozan|phew\n|\n|t:|1699063157\n|switch|p1a: Iron Bundle|Iron Bundle, shiny|100\/100\n|-enditem|p1a: Iron Bundle|Booster Energy\n|-activate|p1a: Iron Bundle|ability: Quark Drive|[fromitem]\n|-start|p1a: Iron Bundle|quarkdrivespa\n|turn|3\n|\n|t:|1699063159\n|move|p1a: Iron Bundle|Freeze-Dry|p2a: Goober\n|-damage|p2a: Goober|0 fnt\n|faint|p2a: Goober\n|\n|upkeep\n|\n|t:|1699063166\n|switch|p2a: deeby|Pyukumuku, F|100\/100\n|turn|4\n|\n|t:|1699063170\n|move|p1a: Iron Bundle|Freeze-Dry|p2a: deeby\n|-supereffective|p2a: deeby\n|-damage|p2a: deeby|37\/100\n|move|p2a: deeby|Mirror Coat|p1a: Iron Bundle\n|-damage|p1a: Iron Bundle|0 fnt\n|faint|p1a: Iron Bundle\n|-end|p1a: Iron Bundle|Quark Drive|[silent]\n|\n|-heal|p2a: deeby|43\/100|[from] item: Leftovers\n|upkeep\n|\n|t:|1699063172\n|switch|p1a: Porygon-Z|Porygon-Z, shiny|100\/100\n|-ability|p1a: Porygon-Z|Download|boost\n|-boost|p1a: Porygon-Z|atk|1\n|turn|5\n|\n|t:|1699063179\n|move|p2a: deeby|Protect|p2a: deeby\n|-singleturn|p2a: deeby|Protect\n|move|p1a: Porygon-Z|Discharge|p2a: deeby\n|-activate|p2a: deeby|move: Protect\n|\n|-heal|p2a: deeby|50\/100|[from] item: Leftovers\n|upkeep\n|turn|6\n|\n|t:|1699063184\n|move|p1a: Porygon-Z|Discharge|p2a: deeby\n|-supereffective|p2a: deeby\n|-damage|p2a: deeby|10\/100\n|move|p2a: deeby|Mirror Coat|p1a: Porygon-Z\n|-damage|p1a: Porygon-Z|21\/100\n|\n|-heal|p2a: deeby|16\/100|[from] item: Leftovers\n|upkeep\n|turn|7\n|\n|t:|1699063189\n|move|p2a: deeby|Protect|p2a: deeby\n|-singleturn|p2a: deeby|Protect\n|move|p1a: Porygon-Z|Discharge|p2a: deeby\n|-activate|p2a: deeby|move: Protect\n|\n|-heal|p2a: deeby|22\/100|[from] item: Leftovers\n|upkeep\n|turn|8\n|\n|t:|1699063195\n|move|p1a: Porygon-Z|Discharge|p2a: deeby\n|-supereffective|p2a: deeby\n|-damage|p2a: deeby|0 fnt\n|-damage|p1a: Porygon-Z|0 fnt|[from] ability: Innards Out|[of] p2a: deeby\n|faint|p2a: deeby\n|faint|p1a: Porygon-Z\n|\n|upkeep\n|inactive|Battle timer is ON: inactive players will automatically lose when time's up. (requested by Joiboi02)\n|\n|t:|1699063220\n|switch|p1a: Blaziken|Blaziken, F, shiny|100\/100\n|switch|p2a: eeby|Wooper, M|100\/100\n|turn|9\n|\n|t:|1699063226\n|move|p1a: Blaziken|Protect|p1a: Blaziken\n|-singleturn|p1a: Blaziken|Protect\n|move|p2a: eeby|Counter||[still]\n|-fail|p2a: eeby\n|\n|-ability|p1a: Blaziken|Speed Boost|boost\n|-boost|p1a: Blaziken|spe|1\n|upkeep\n|turn|10\n|\n|t:|1699063231\n|move|p1a: Blaziken|Swords Dance|p1a: Blaziken\n|-boost|p1a: Blaziken|atk|2\n|move|p2a: eeby|Counter||[still]\n|-fail|p2a: eeby\n|\n|-ability|p1a: Blaziken|Speed Boost|boost\n|-boost|p1a: Blaziken|spe|1\n|upkeep\n|turn|11\n|\n|t:|1699063240\n|move|p1a: Blaziken|Protect|p1a: Blaziken\n|-singleturn|p1a: Blaziken|Protect\n|move|p2a: eeby|Encore|p1a: Blaziken\n|-activate|p1a: Blaziken|move: Protect\n|\n|-ability|p1a: Blaziken|Speed Boost|boost\n|-boost|p1a: Blaziken|spe|1\n|upkeep\n|turn|12\n|l|\u2606Joiboi02\n|inactive|Joiboi02 disconnected and has a minute to reconnect!\n|player|p1|\n|inactive|Joiboi02 has 30 seconds to reconnect!\n|inactive|Joiboi02 has 20 seconds to reconnect!\n|inactive|Joiboi02 has 15 seconds to reconnect!\n|inactive|Joiboi02 has 10 seconds to reconnect!\n|inactive|Joiboi02 has 5 seconds to reconnect!\n|-message|Joiboi02 lost due to inactivity.\n|\n|win|MeroMerozan\n|raw|Joiboi02's rating: 1076 &rarr; <strong>1050<\/strong><br \/>(-26 for losing)\n|raw|MeroMerozan's rating: 1000 &rarr; <strong>1049<\/strong><br \/>(+49 for winning)\n|l|\u2606MeroMerozan\n|j|\u2606MeroMerozan\n|player|p2|MeroMerozan|102\n","uploadtime":1699063561,"views":19,"p1id":"joiboi02","p2id":"meromerozan","formatid":"gen9nationaldexubers","rating":1049,"private":0,"password":""}