{"id":"gen9nationaldexubers-1997525041","p1":"FlamingThunderG0d","p2":"dreepy airlines","format":"[Gen 9] National Dex Ubers","log":"|j|\u2606FlamingThunderG0d\n|j|\u2606dreepy airlines\n|t:|1700820119\n|gametype|singles\n|player|p1|FlamingThunderG0d|volkner|1449\n|player|p2|dreepy airlines|waitress-gen6|1591\n|teamsize|p1|6\n|teamsize|p2|6\n|gen|9\n|tier|[Gen 9] National Dex Ubers\n|rated|\n|rule|HP Percentage Mod: HP is shown in percentages\n|rule|Endless Battle Clause: Forcing endless battles is banned\n|rule|OHKO Clause: OHKO moves are banned\n|rule|Evasion Moves Clause: Evasion moves are banned\n|rule|Evasion Items Clause: Evasion items are banned\n|rule|Species Clause: Limit one of each Pok\u00e9mon\n|rule|Sleep Clause Mod: Limit one foe put to sleep\n|rule|Mega Rayquaza Clause: You cannot mega evolve Rayquaza\n|clearpoke\n|poke|p1|Basculegion, M|\n|poke|p1|Ninetales, F|\n|poke|p1|Skarmory, M|\n|poke|p1|Great Tusk|\n|poke|p1|Latios, M|\n|poke|p1|Salamence, F|\n|poke|p2|Deoxys-Speed|\n|poke|p2|Groudon|\n|poke|p2|Yveltal|\n|poke|p2|Arceus|\n|poke|p2|Zacian-*|\n|poke|p2|Salamence, F|\n|teampreview\n|inactive|Battle timer is ON: inactive players will automatically lose when time's up. (requested by dreepy airlines)\n|\n|t:|1700820134\n|start\n|switch|p1a: Great Tusk|Great Tusk|100\/100\n|switch|p2a: Deoxys|Deoxys-Speed|100\/100\n|-ability|p2a: Deoxys|Pressure\n|turn|1\n|\n|t:|1700820144\n|move|p2a: Deoxys|Taunt|p1a: Great Tusk\n|-start|p1a: Great Tusk|move: Taunt\n|move|p1a: Great Tusk|Rapid Spin|p2a: Deoxys\n|-damage|p2a: Deoxys|82\/100\n|-boost|p1a: Great Tusk|spe|1\n|\n|upkeep\n|turn|2\n|\n|t:|1700820152\n|switch|p2a: Salamence|Salamence, F|100\/100\n|-ability|p2a: Salamence|Intimidate|boost\n|-unboost|p1a: Great Tusk|atk|1\n|move|p1a: Great Tusk|Rapid Spin|p2a: Salamence\n|-damage|p2a: Salamence|88\/100\n|-boost|p1a: Great Tusk|spe|1\n|\n|upkeep\n|turn|3\n|\n|t:|1700820157\n|-end|p1a: Great Tusk|Protosynthesis|[silent]\n|switch|p1a: Skarmory|Skarmory, M|100\/100\n|detailschange|p2a: Salamence|Salamence-Mega, F\n|-mega|p2a: Salamence|Salamence|Salamencite\n|move|p2a: Salamence|Dragon Dance|p2a: Salamence\n|-boost|p2a: Salamence|atk|1\n|-boost|p2a: Salamence|spe|1\n|\n|upkeep\n|turn|4\n|\n|t:|1700820167\n|move|p2a: Salamence|Dragon Dance|p2a: Salamence\n|-boost|p2a: Salamence|atk|1\n|-boost|p2a: Salamence|spe|1\n|move|p1a: Skarmory|Spikes|p2a: Salamence\n|-sidestart|p2: dreepy airlines|Spikes\n|\n|upkeep\n|turn|5\n|\n|t:|1700820170\n|move|p2a: Salamence|Double-Edge|p1a: Skarmory\n|-resisted|p1a: Skarmory\n|-damage|p1a: Skarmory|55\/100\n|-damage|p2a: Salamence|71\/100|[from] item: Rocky Helmet|[of] p1a: Skarmory\n|-damage|p2a: Salamence|56\/100|[from] Recoil\n|move|p1a: Skarmory|Whirlwind|p2a: Salamence\n|drag|p2a: Deoxys|Deoxys-Speed|82\/100\n|-damage|p2a: Deoxys|70\/100|[from] Spikes\n|-ability|p2a: Deoxys|Pressure\n|\n|upkeep\n|turn|6\n|\n|t:|1700820175\n|switch|p1a: Great Tusk|Great Tusk|100\/100\n|move|p2a: Deoxys|Taunt|p1a: Great Tusk\n|-start|p1a: Great Tusk|move: Taunt\n|\n|upkeep\n|turn|7\n|\n|t:|1700820187\n|switch|p2a: Salamence|Salamence-Mega, F|56\/100\n|move|p1a: Great Tusk|Rapid Spin|p2a: Salamence\n|-damage|p2a: Salamence|44\/100\n|-boost|p1a: Great Tusk|spe|1\n|\n|upkeep\n|turn|8\n|\n|t:|1700820196\n|-end|p1a: Great Tusk|Protosynthesis|[silent]\n|switch|p1a: Skarmory|Skarmory, M|55\/100\n|move|p2a: Salamence|Double-Edge|p1a: Skarmory\n|-resisted|p1a: Skarmory\n|-damage|p1a: Skarmory|30\/100\n|-damage|p2a: Salamence|27\/100|[from] item: Rocky Helmet|[of] p1a: Skarmory\n|-damage|p2a: Salamence|19\/100|[from] Recoil\n|\n|upkeep\n|turn|9\n|\n|t:|1700820200\n|move|p2a: Salamence|Dragon Dance|p2a: Salamence\n|-boost|p2a: Salamence|atk|1\n|-boost|p2a: Salamence|spe|1\n|move|p1a: Skarmory|Roost|p1a: Skarmory\n|-heal|p1a: Skarmory|80\/100\n|-singleturn|p1a: Skarmory|move: Roost\n|\n|upkeep\n|turn|10\n|\n|t:|1700820205\n|move|p2a: Salamence|Double-Edge|p1a: Skarmory\n|-resisted|p1a: Skarmory\n|-damage|p1a: Skarmory|44\/100\n|-damage|p2a: Salamence|2\/100|[from] item: Rocky Helmet|[of] p1a: Skarmory\n|-damage|p2a: Salamence|0 fnt|[from] Recoil\n|faint|p2a: Salamence\n|move|p1a: Skarmory|Whirlwind|p2: Salamence|[notarget]\n|-fail|p1a: Skarmory\n|\n|upkeep\n|\n|t:|1700820219\n|switch|p2a: Yveltal|Yveltal|100\/100\n|-ability|p2a: Yveltal|Dark Aura\n|turn|11\n|\n|t:|1700820232\n|switch|p1a: Ninetales|Ninetales, F|100\/100\n|-weather|SunnyDay|[from] ability: Drought|[of] p1a: Ninetales\n|move|p2a: Yveltal|Dark Pulse|p1a: Ninetales\n|-damage|p1a: Ninetales|11\/100\n|-damage|p2a: Yveltal|91\/100|[from] item: Life Orb\n|\n|-weather|SunnyDay|[upkeep]\n|upkeep\n|turn|12\n|\n|t:|1700820239\n|switch|p1a: Salamence|Salamence, F|100\/100\n|-ability|p1a: Salamence|Intimidate|boost\n|-unboost|p2a: Yveltal|atk|1\n|move|p2a: Yveltal|Sucker Punch||[still]\n|-fail|p2a: Yveltal\n|\n|-weather|SunnyDay|[upkeep]\n|upkeep\n|turn|13\n|\n|t:|1700820245\n|detailschange|p1a: Salamence|Salamence-Mega, F\n|-mega|p1a: Salamence|Salamence|Salamencite\n|move|p1a: Salamence|Double-Edge|p2a: Yveltal\n|-damage|p2a: Yveltal|0 fnt\n|faint|p2a: Yveltal\n|-damage|p1a: Salamence|65\/100|[from] Recoil\n|\n|-weather|SunnyDay|[upkeep]\n|upkeep\n|\n|t:|1700820256\n|switch|p2a: Groudon|Groudon|100\/100\n|-damage|p2a: Groudon|88\/100|[from] Spikes\n|detailschange|p2a: Groudon|Groudon-Primal\n|-primal|p2a: Groudon|Red Orb\n|-weather|DesolateLand|[from] ability: Desolate Land|[of] p2a: Groudon\n|turn|14\n|\n|t:|1700820259\n|move|p1a: Salamence|Earthquake|p2a: Groudon\n|-supereffective|p2a: Groudon\n|-damage|p2a: Groudon|33\/100\n|move|p2a: Groudon|Rock Polish|p2a: Groudon\n|-boost|p2a: Groudon|spe|2\n|\n|-weather|DesolateLand|[upkeep]\n|upkeep\n|turn|15\n|\n|t:|1700820264\n|move|p2a: Groudon|Stone Edge|p1a: Salamence\n|-supereffective|p1a: Salamence\n|-damage|p1a: Salamence|0 fnt\n|faint|p1a: Salamence\n|\n|-weather|DesolateLand|[upkeep]\n|upkeep\n|\n|t:|1700820271\n|switch|p1a: Latios|Latios, M|100\/100\n|turn|16\n|\n|t:|1700820275\n|move|p2a: Groudon|Stone Edge|p1a: Latios\n|-crit|p1a: Latios\n|-damage|p1a: Latios|6\/100\n|move|p1a: Latios|Draco Meteor|p2a: Groudon\n|-crit|p2a: Groudon\n|-damage|p2a: Groudon|0 fnt\n|-unboost|p1a: Latios|spa|2\n|faint|p2a: Groudon\n|-weather|none\n|\n|upkeep\n|\n|t:|1700820290\n|switch|p2a: Zacian|Zacian-Crowned|100\/100\n|-damage|p2a: Zacian|88\/100|[from] Spikes\n|-ability|p2a: Zacian|Intrepid Sword|boost\n|-boost|p2a: Zacian|atk|1\n|turn|17\n|j| Regimidas\n|\n|t:|1700820300\n|switch|p1a: Ninetales|Ninetales, F|11\/100\n|-weather|SunnyDay|[from] ability: Drought|[of] p1a: Ninetales\n|move|p2a: Zacian|Swords Dance|p2a: Zacian\n|-boost|p2a: Zacian|atk|2\n|\n|-weather|SunnyDay|[upkeep]\n|upkeep\n|turn|18\n|\n|t:|1700820308\n|move|p2a: Zacian|Behemoth Blade|p1a: Ninetales\n|-resisted|p1a: Ninetales\n|-damage|p1a: Ninetales|0 fnt\n|faint|p1a: Ninetales\n|\n|-weather|SunnyDay|[upkeep]\n|upkeep\n|\n|t:|1700820313\n|switch|p1a: Skarmory|Skarmory, M|44\/100\n|turn|19\n|\n|t:|1700820316\n|move|p2a: Zacian|Wild Charge|p1a: Skarmory\n|-supereffective|p1a: Skarmory\n|-damage|p1a: Skarmory|0 fnt\n|-damage|p2a: Zacian|72\/100|[from] item: Rocky Helmet|[of] p1a: Skarmory\n|faint|p1a: Skarmory\n|-damage|p2a: Zacian|60\/100|[from] Recoil\n|\n|-weather|SunnyDay|[upkeep]\n|upkeep\n|\n|t:|1700820319\n|switch|p1a: Great Tusk|Great Tusk|100\/100\n|-activate|p1a: Great Tusk|ability: Protosynthesis\n|-start|p1a: Great Tusk|protosynthesisdef\n|turn|20\n|\n|t:|1700820326\n|-terastallize|p2a: Zacian|Fighting\n|-terastallize|p1a: Great Tusk|Ground\n|move|p2a: Zacian|Close Combat|p1a: Great Tusk\n|-damage|p1a: Great Tusk|43\/100\n|-unboost|p2a: Zacian|def|1\n|-unboost|p2a: Zacian|spd|1\n|-damage|p2a: Zacian|44\/100|[from] item: Rocky Helmet|[of] p1a: Great Tusk\n|move|p1a: Great Tusk|Earthquake|p2a: Zacian\n|-damage|p2a: Zacian|0 fnt\n|faint|p2a: Zacian\n|\n|-weather|SunnyDay|[upkeep]\n|upkeep\n|\n|t:|1700820341\n|switch|p2a: Arceus|Arceus|100\/100\n|-damage|p2a: Arceus|88\/100|[from] Spikes\n|turn|21\n|\n|t:|1700820349\n|move|p2a: Arceus|Swords Dance|p2a: Arceus\n|-boost|p2a: Arceus|atk|2\n|move|p1a: Great Tusk|Body Press|p2a: Arceus\n|-supereffective|p2a: Arceus\n|-damage|p2a: Arceus|24\/100\n|\n|-weather|SunnyDay|[upkeep]\n|upkeep\n|turn|22\n|\n|t:|1700820356\n|move|p2a: Arceus|Recover|p2a: Arceus\n|-heal|p2a: Arceus|74\/100\n|move|p1a: Great Tusk|Body Press|p2a: Arceus\n|-supereffective|p2a: Arceus\n|-damage|p2a: Arceus|5\/100\n|\n|-weather|SunnyDay|[upkeep]\n|upkeep\n|turn|23\n|\n|t:|1700820362\n|move|p2a: Arceus|Extreme Speed|p1a: Great Tusk\n|-damage|p1a: Great Tusk|9\/100\n|-damage|p2a: Arceus|0 fnt|[from] item: Rocky Helmet|[of] p1a: Great Tusk\n|faint|p2a: Arceus\n|move|p1a: Great Tusk|Body Press|p2: Arceus|[notarget]\n|-fail|p1a: Great Tusk\n|\n|-weather|SunnyDay|[upkeep]\n|upkeep\n|-message|dreepy airlines forfeited.\n|\n|win|FlamingThunderG0d\n|raw|FlamingThunderG0d's rating: 1449 &rarr; <strong>1477<\/strong><br \/>(+28 for winning)\n|raw|dreepy airlines's rating: 1591 &rarr; <strong>1563<\/strong><br \/>(-28 for losing)\n","uploadtime":1700820370,"views":3,"p1id":"flamingthunderg0d","p2id":"dreepyairlines","formatid":"gen9nationaldexubers","rating":1477,"private":0,"password":""}