{"id":"gen9nationaldexubers-1984751344","p1":"ProjectAster","p2":"Gym of Spooky","format":"[Gen 9] National Dex Ubers","log":"|j|\u2606ProjectAster\n|j|\u2606Gym of Spooky\n|t:|1699296049\n|gametype|singles\n|player|p1|ProjectAster|lusamine-masters|\n|player|p2|Gym of Spooky|gambler|\n|teamsize|p1|6\n|teamsize|p2|6\n|gen|9\n|tier|[Gen 9] National Dex Ubers\n|rule|HP Percentage Mod: HP is shown in percentages\n|rule|Endless Battle Clause: Forcing endless battles is banned\n|rule|OHKO Clause: OHKO moves are banned\n|rule|Evasion Moves Clause: Evasion moves are banned\n|rule|Evasion Items Clause: Evasion items are banned\n|rule|Species Clause: Limit one of each Pok\u00e9mon\n|rule|Sleep Clause Mod: Limit one foe put to sleep\n|rule|Mega Rayquaza Clause: You cannot mega evolve Rayquaza\n|clearpoke\n|poke|p1|Gallade, M|\n|poke|p1|Sableye, F|\n|poke|p1|Avalugg, F|\n|poke|p1|Lopunny, M|\n|poke|p1|Espathra, F|\n|poke|p1|Iron Valiant|\n|poke|p2|Zapdos|\n|poke|p2|Lopunny, F|\n|poke|p2|Azumarill, M|\n|poke|p2|Hydreigon, M|\n|poke|p2|Ferrothorn, F|\n|poke|p2|Chandelure, M|\n|teampreview\n|\n|t:|1699296071\n|start\n|switch|p1a: Sniper|Lopunny, M, shiny|100\/100\n|switch|p2a: Judy|Lopunny, F|100\/100\n|turn|1\n|\n|t:|1699296095\n|switch|p2a: Ibis|Zapdos|100\/100\n|detailschange|p1a: Sniper|Lopunny-Mega, M, shiny\n|-mega|p1a: Sniper|Lopunny|Lopunnite\n|move|p1a: Sniper|Fake Out|p2a: Ibis\n|-damage|p2a: Ibis|77\/100\n|\n|upkeep\n|turn|2\n|\n|t:|1699296104\n|switch|p1a: Avalugg|Avalugg, F|100\/100\n|move|p2a: Ibis|Hurricane|p1a: Avalugg\n|-damage|p1a: Avalugg|25\/100\n|\n|upkeep\n|turn|3\n|\n|t:|1699296111\n|move|p2a: Ibis|Volt Switch|p1a: Avalugg\n|-damage|p1a: Avalugg|0 fnt\n|faint|p1a: Avalugg\n|\n|t:|1699296114\n|switch|p2a: Judy|Lopunny, F|100\/100|[from] Volt Switch\n|\n|upkeep\n|\n|t:|1699296129\n|switch|p1a: Sniper|Lopunny-Mega, M, shiny|100\/100\n|turn|4\n|j| TheEmoOni\n|\n|t:|1699296133\n|detailschange|p2a: Judy|Lopunny-Mega, F\n|-mega|p2a: Judy|Lopunny|Lopunnite\n|move|p1a: Sniper|Fake Out|p2a: Judy\n|-damage|p2a: Judy|74\/100\n|cant|p2a: Judy|flinch\n|\n|upkeep\n|turn|5\n|\n|t:|1699296138\n|switch|p2a: Ibis|Zapdos|77\/100\n|move|p1a: Sniper|Close Combat|p2a: Ibis\n|-resisted|p2a: Ibis\n|-damage|p2a: Ibis|44\/100\n|-unboost|p1a: Sniper|def|1\n|-unboost|p1a: Sniper|spd|1\n|\n|upkeep\n|turn|6\n|\n|t:|1699296148\n|switch|p1a: Sableye|Sableye, F|100\/100\n|move|p2a: Ibis|Roost|p2a: Ibis\n|-heal|p2a: Ibis|94\/100\n|-singleturn|p2a: Ibis|move: Roost\n|\n|upkeep\n|turn|7\n|\n|t:|1699296152\n|move|p1a: Sableye|Encore|p2a: Ibis\n|-start|p2a: Ibis|Encore\n|move|p2a: Ibis|Roost|p2a: Ibis\n|-heal|p2a: Ibis|100\/100\n|-singleturn|p2a: Ibis|move: Roost\n|\n|upkeep\n|turn|8\n|\n|t:|1699296156\n|switch|p2a: Escanor|Chandelure, M, shiny|100\/100\n|move|p1a: Sableye|Will-O-Wisp|p2a: Escanor\n|-start|p2a: Escanor|ability: Flash Fire\n|\n|upkeep\n|turn|9\n|\n|t:|1699296163\n|move|p2a: Escanor|Flamethrower|p1a: Sableye\n|-damage|p1a: Sableye|23\/100\n|move|p1a: Sableye|Knock Off|p2a: Escanor\n|-supereffective|p2a: Escanor\n|-damage|p2a: Escanor|18\/100\n|-enditem|p2a: Escanor|Choice Scarf|[from] move: Knock Off|[of] p1a: Sableye\n|\n|upkeep\n|turn|10\n|\n|t:|1699296168\n|move|p1a: Sableye|Recover|p1a: Sableye\n|-heal|p1a: Sableye|73\/100\n|move|p2a: Escanor|Flamethrower|p1a: Sableye\n|-damage|p1a: Sableye|0 fnt\n|faint|p1a: Sableye\n|\n|upkeep\n|\n|t:|1699296179\n|switch|p1a: Espathra|Espathra, F|100\/100\n|turn|11\n|\n|t:|1699296188\n|move|p2a: Escanor|Trick|p1a: Espathra\n|-activate|p2a: Escanor|move: Trick|[of] p1a: Espathra\n|-enditem|p1a: Espathra|Leftovers|[silent]|[from] move: Trick\n|-item|p2a: Escanor|Leftovers|[from] move: Trick\n|move|p1a: Espathra|Calm Mind|p1a: Espathra\n|-boost|p1a: Espathra|spa|1\n|-boost|p1a: Espathra|spd|1\n|\n|-heal|p2a: Escanor|24\/100|[from] item: Leftovers\n|-ability|p1a: Espathra|Speed Boost|boost\n|-boost|p1a: Espathra|spe|1\n|upkeep\n|turn|12\n|\n|t:|1699296199\n|-end|p2a: Escanor|ability: Flash Fire|[silent]\n|switch|p2a: Durandoo|Ferrothorn, F|100\/100\n|move|p1a: Espathra|Calm Mind|p1a: Espathra\n|-boost|p1a: Espathra|spa|1\n|-boost|p1a: Espathra|spd|1\n|\n|-ability|p1a: Espathra|Speed Boost|boost\n|-boost|p1a: Espathra|spe|1\n|upkeep\n|turn|13\n|\n|t:|1699296207\n|-terastallize|p1a: Espathra|Fighting\n|move|p1a: Espathra|Tera Blast|p2a: Durandoo|[anim] Tera Blast Fighting\n|-supereffective|p2a: Durandoo\n|-damage|p2a: Durandoo|11\/100\n|move|p2a: Durandoo|Leech Seed|p1a: Espathra\n|-start|p1a: Espathra|move: Leech Seed\n|\n|-heal|p2a: Durandoo|18\/100|[from] item: Leftovers\n|-damage|p1a: Espathra|88\/100|[from] Leech Seed|[of] p2a: Durandoo\n|-heal|p2a: Durandoo|31\/100|[silent]\n|-ability|p1a: Espathra|Speed Boost|boost\n|-boost|p1a: Espathra|spe|1\n|upkeep\n|turn|14\n|\n|t:|1699296219\n|move|p1a: Espathra|Stored Power|p2a: Durandoo\n|-resisted|p2a: Durandoo\n|-damage|p2a: Durandoo|0 fnt\n|faint|p2a: Durandoo\n|\n|-ability|p1a: Espathra|Speed Boost|boost\n|-boost|p1a: Espathra|spe|1\n|upkeep\n|\n|t:|1699296222\n|switch|p2a: Judy|Lopunny-Mega, F|74\/100\n|turn|15\n|\n|t:|1699296225\n|move|p2a: Judy|Fake Out|p1a: Espathra\n|-damage|p1a: Espathra|71\/100\n|cant|p1a: Espathra|flinch\n|\n|-damage|p1a: Espathra|59\/100|[from] Leech Seed|[of] p2a: Judy\n|-heal|p2a: Judy|92\/100|[silent]\n|-ability|p1a: Espathra|Speed Boost|boost\n|-boost|p1a: Espathra|spe|1\n|upkeep\n|turn|16\n|\n|t:|1699296231\n|switch|p2a: Ibis|Zapdos|100\/100\n|move|p1a: Espathra|Roost|p1a: Espathra\n|-heal|p1a: Espathra|100\/100\n|\n|-damage|p1a: Espathra|88\/100|[from] Leech Seed|[of] p2a: Ibis\n|-ability|p1a: Espathra|Speed Boost|boost\n|-boost|p1a: Espathra|spe|1\n|upkeep\n|turn|17\n|\n|t:|1699296240\n|move|p1a: Espathra|Stored Power|p2a: Ibis\n|-damage|p2a: Ibis|0 fnt\n|faint|p2a: Ibis\n|\n|upkeep\n|\n|t:|1699296249\n|switch|p2a: Yoshi|Hydreigon, M|100\/100\n|turn|18\n|\n|t:|1699296252\n|-terastallize|p2a: Yoshi|Poison\n|move|p1a: Espathra|Tera Blast|p2a: Yoshi|[anim] Tera Blast Fighting\n|-resisted|p2a: Yoshi\n|-damage|p2a: Yoshi|70\/100\n|move|p2a: Yoshi|Draco Meteor|p1a: Espathra\n|-damage|p1a: Espathra|25\/100\n|-unboost|p2a: Yoshi|spa|2\n|\n|-damage|p1a: Espathra|12\/100|[from] Leech Seed|[of] p2a: Yoshi\n|-heal|p2a: Yoshi|85\/100|[silent]\n|upkeep\n|turn|19\n|\n|t:|1699296259\n|move|p1a: Espathra|Roost|p1a: Espathra\n|-heal|p1a: Espathra|62\/100\n|move|p2a: Yoshi|Draco Meteor|p1a: Espathra\n|-damage|p1a: Espathra|27\/100\n|-unboost|p2a: Yoshi|spa|2\n|\n|-damage|p1a: Espathra|15\/100|[from] Leech Seed|[of] p2a: Yoshi\n|-heal|p2a: Yoshi|99\/100|[silent]\n|upkeep\n|turn|20\n|\n|t:|1699296262\n|move|p1a: Espathra|Roost|p1a: Espathra\n|-heal|p1a: Espathra|65\/100\n|move|p2a: Yoshi|Draco Meteor|p1a: Espathra\n|-damage|p1a: Espathra|45\/100\n|-unboost|p2a: Yoshi|spa|2\n|\n|-damage|p1a: Espathra|33\/100|[from] Leech Seed|[of] p2a: Yoshi\n|-heal|p2a: Yoshi|100\/100|[silent]\n|upkeep\n|turn|21\n|\n|t:|1699296267\n|switch|p2a: Judy|Lopunny-Mega, F|92\/100\n|move|p1a: Espathra|Roost|p1a: Espathra\n|-heal|p1a: Espathra|83\/100\n|\n|-damage|p1a: Espathra|70\/100|[from] Leech Seed|[of] p2a: Judy\n|-heal|p2a: Judy|100\/100|[silent]\n|upkeep\n|turn|22\n|\n|t:|1699296271\n|move|p2a: Judy|Fake Out|p1a: Espathra\n|-damage|p1a: Espathra|50\/100\n|cant|p1a: Espathra|flinch\n|\n|-damage|p1a: Espathra|38\/100|[from] Leech Seed|[of] p2a: Judy\n|upkeep\n|turn|23\n|\n|t:|1699296274\n|move|p1a: Espathra|Roost|p1a: Espathra\n|-heal|p1a: Espathra|88\/100\n|move|p2a: Judy|Frustration|p1a: Espathra\n|-damage|p1a: Espathra|45\/100\n|\n|-damage|p1a: Espathra|33\/100|[from] Leech Seed|[of] p2a: Judy\n|upkeep\n|turn|24\n|\n|t:|1699296277\n|move|p1a: Espathra|Stored Power|p2a: Judy\n|-supereffective|p2a: Judy\n|-damage|p2a: Judy|0 fnt\n|faint|p2a: Judy\n|\n|upkeep\n|\n|t:|1699296297\n|switch|p2a: Demi|Azumarill, M|100\/100\n|turn|25\n|\n|t:|1699296300\n|move|p2a: Demi|Aqua Jet|p1a: Espathra\n|-damage|p1a: Espathra|11\/100\n|move|p1a: Espathra|Stored Power|p2a: Demi\n|-damage|p2a: Demi|0 fnt\n|faint|p2a: Demi\n|\n|upkeep\n|\n|t:|1699296304\n|switch|p2a: Escanor|Chandelure, M, shiny|24\/100\n|turn|26\n|\n|t:|1699296308\n|move|p1a: Espathra|Roost|p1a: Espathra\n|-heal|p1a: Espathra|61\/100\n|move|p2a: Escanor|Shadow Ball|p1a: Espathra\n|-damage|p1a: Espathra|31\/100\n|\n|-heal|p2a: Escanor|30\/100|[from] item: Leftovers\n|-damage|p1a: Espathra|19\/100|[from] Leech Seed|[of] p2a: Escanor\n|-heal|p2a: Escanor|49\/100|[silent]\n|upkeep\n|turn|27\n|\n|t:|1699296312\n|move|p1a: Espathra|Stored Power|p2a: Escanor\n|-damage|p2a: Escanor|0 fnt\n|faint|p2a: Escanor\n|\n|upkeep\n|\n|t:|1699296313\n|switch|p2a: Yoshi|Hydreigon, M, tera:Poison|100\/100\n|turn|28\n|\n|t:|1699296315\n|move|p1a: Espathra|Stored Power|p2a: Yoshi\n|-supereffective|p2a: Yoshi\n|-damage|p2a: Yoshi|0 fnt\n|faint|p2a: Yoshi\n|\n|win|ProjectAster\n|c|\u2606ProjectAster|Gg\n|c|\u2606Gym of Spooky|Gg\n|c| TheEmoOni|gg\n|l|\u2606ProjectAster\n|l|\u2606Gym of Spooky\n","uploadtime":1699296336,"views":5,"p1id":"projectaster","p2id":"gymofspooky","formatid":"gen9nationaldexubers","rating":0,"private":0,"password":""}