{"id":"gen9nationaldexubers-1985856341","p1":"izuku msm bb","p2":"Ceryphil","format":"[Gen 9] National Dex Ubers","log":"|j|\u2606izuku msm bb\n|j|\u203dCeryphil\n|t:|1699413800\n|gametype|singles\n|player|p1|izuku msm bb|red|1364\n|player|p2|Ceryphil|alec-anime|1383\n|teamsize|p1|6\n|teamsize|p2|6\n|gen|9\n|tier|[Gen 9] National Dex Ubers\n|rated|\n|rule|HP Percentage Mod: HP is shown in percentages\n|rule|Endless Battle Clause: Forcing endless battles is banned\n|rule|OHKO Clause: OHKO moves are banned\n|rule|Evasion Moves Clause: Evasion moves are banned\n|rule|Evasion Items Clause: Evasion items are banned\n|rule|Species Clause: Limit one of each Pok\u00e9mon\n|rule|Sleep Clause Mod: Limit one foe put to sleep\n|rule|Mega Rayquaza Clause: You cannot mega evolve Rayquaza\n|clearpoke\n|poke|p1|Kyogre|\n|poke|p1|Galvantula, M|\n|poke|p1|Groudon|\n|poke|p1|Rayquaza|\n|poke|p1|Zacian-*|\n|poke|p1|Metagross|\n|poke|p2|Zacian-*|\n|poke|p2|Necrozma-Dusk-Mane|\n|poke|p2|Chien-Pao|\n|poke|p2|Marshadow|\n|poke|p2|Ogerpon-Hearthflame, F|\n|poke|p2|Donphan, L1, M|\n|teampreview\n|\n|t:|1699413810\n|start\n|switch|p1a: Galvantula|Galvantula, M|100\/100\n|switch|p2a: Donphan|Donphan, L1, M|100\/100\n|turn|1\n|\n|t:|1699413815\n|move|p1a: Galvantula|Sticky Web|p2a: Donphan\n|-sidestart|p2: Ceryphil|move: Sticky Web\n|move|p2a: Donphan|Roar|p1a: Galvantula\n|drag|p1a: Kyogre|Kyogre|100\/100\n|detailschange|p1a: Kyogre|Kyogre-Primal\n|-primal|p1a: Kyogre|Blue Orb\n|-weather|PrimordialSea|[from] ability: Primordial Sea|[of] p1a: Kyogre\n|\n|-weather|PrimordialSea|[upkeep]\n|upkeep\n|turn|2\n|\n|t:|1699413826\n|move|p1a: Kyogre|Water Spout|p2a: Donphan\n|-supereffective|p2a: Donphan\n|-ability|p2a: Donphan|Sturdy\n|-damage|p2a: Donphan|8\/100\n|move|p2a: Donphan|Endeavor|p1a: Kyogre\n|-damage|p1a: Kyogre|1\/100\n|-heal|p2a: Donphan|100\/100|[from] item: Shell Bell|[of] p1a: Kyogre\n|\n|-weather|PrimordialSea|[upkeep]\n|upkeep\n|turn|3\n|\n|t:|1699413836\n|move|p2a: Donphan|Ice Shard|p1a: Kyogre\n|-resisted|p1a: Kyogre\n|-crit|p1a: Kyogre\n|-damage|p1a: Kyogre|0 fnt\n|faint|p1a: Kyogre\n|-weather|none\n|\n|upkeep\n|\n|t:|1699413846\n|switch|p1a: Groudon|Groudon|100\/100\n|detailschange|p1a: Groudon|Groudon-Primal\n|-primal|p1a: Groudon|Red Orb\n|-weather|DesolateLand|[from] ability: Desolate Land|[of] p1a: Groudon\n|turn|4\n|\n|t:|1699413861\n|move|p1a: Groudon|Precipice Blades|p2a: Donphan\n|-ability|p2a: Donphan|Sturdy\n|-damage|p2a: Donphan|8\/100\n|move|p2a: Donphan|Endeavor|p1a: Groudon\n|-damage|p1a: Groudon|1\/100\n|-heal|p2a: Donphan|100\/100|[from] item: Shell Bell|[of] p1a: Groudon\n|\n|-weather|DesolateLand|[upkeep]\n|upkeep\n|turn|5\n|\n|t:|1699413874\n|move|p2a: Donphan|Ice Shard|p1a: Groudon\n|-damage|p1a: Groudon|0 fnt\n|faint|p1a: Groudon\n|-weather|none\n|\n|upkeep\n|\n|t:|1699413886\n|switch|p1a: Metagross|Metagross|100\/100\n|turn|6\n|\n|t:|1699413890\n|detailschange|p1a: Metagross|Metagross-Mega\n|-mega|p1a: Metagross|Metagross|Metagrossite\n|move|p1a: Metagross|Cosmic Power|p1a: Metagross\n|-boost|p1a: Metagross|def|1\n|-boost|p1a: Metagross|spd|1\n|move|p2a: Donphan|Endeavor|p1a: Metagross\n|-damage|p1a: Metagross|4\/100\n|\n|upkeep\n|turn|7\n|\n|t:|1699413906\n|move|p2a: Donphan|Ice Shard|p1a: Metagross\n|-resisted|p1a: Metagross\n|-crit|p1a: Metagross\n|-damage|p1a: Metagross|4\/100\n|move|p1a: Metagross|Rest|p1a: Metagross\n|-status|p1a: Metagross|slp|[from] move: Rest\n|-heal|p1a: Metagross|100\/100 slp|[silent]\n|\n|upkeep\n|turn|8\n|\n|t:|1699413916\n|cant|p1a: Metagross|slp\n|move|p2a: Donphan|Roar|p1a: Metagross\n|drag|p1a: Zacian|Zacian-Crowned|100\/100\n|-ability|p1a: Zacian|Intrepid Sword|boost\n|-boost|p1a: Zacian|atk|1\n|\n|upkeep\n|turn|9\n|\n|t:|1699413925\n|move|p1a: Zacian|Behemoth Blade|p2a: Donphan\n|-ability|p2a: Donphan|Sturdy\n|-damage|p2a: Donphan|8\/100\n|move|p2a: Donphan|Endeavor|p1a: Zacian\n|-damage|p1a: Zacian|1\/100\n|-heal|p2a: Donphan|100\/100|[from] item: Shell Bell|[of] p1a: Zacian\n|\n|upkeep\n|turn|10\n|\n|t:|1699413946\n|move|p2a: Donphan|Ice Shard|p1a: Zacian\n|-resisted|p1a: Zacian\n|-damage|p1a: Zacian|0 fnt\n|faint|p1a: Zacian\n|\n|upkeep\n|\n|t:|1699413952\n|switch|p1a: Galvantula|Galvantula, M|100\/100\n|turn|11\n|\n|t:|1699413954\n|move|p1a: Galvantula|Hidden Power|p2a: Donphan\n|-ability|p2a: Donphan|Sturdy\n|-damage|p2a: Donphan|8\/100\n|move|p2a: Donphan|Endeavor|p1a: Galvantula\n|-damage|p1a: Galvantula|1\/100\n|-heal|p2a: Donphan|100\/100|[from] item: Shell Bell|[of] p1a: Galvantula\n|\n|upkeep\n|turn|12\n|\n|t:|1699413966\n|move|p2a: Donphan|Ice Shard|p1a: Galvantula\n|-damage|p1a: Galvantula|0 fnt\n|faint|p1a: Galvantula\n|\n|upkeep\n|\n|t:|1699413968\n|switch|p1a: Metagross|Metagross-Mega|100\/100 slp\n|turn|13\n|\n|t:|1699413998\n|cant|p1a: Metagross|slp\n|move|p2a: Donphan|Roar|p1a: Metagross\n|drag|p1a: Rayquaza|Rayquaza|100\/100\n|-ability|p1a: Rayquaza|Air Lock\n|\n|upkeep\n|turn|14\n|\n|t:|1699414009\n|move|p1a: Rayquaza|Dragon Dance|p1a: Rayquaza\n|-boost|p1a: Rayquaza|atk|1\n|-boost|p1a: Rayquaza|spe|1\n|move|p2a: Donphan|Endeavor|p1a: Rayquaza\n|-damage|p1a: Rayquaza|4\/100\n|\n|upkeep\n|turn|15\n|\n|t:|1699414017\n|move|p1a: Rayquaza|Dragon Ascent|p2a: Donphan\n|-ability|p2a: Donphan|Sturdy\n|-damage|p2a: Donphan|8\/100\n|-unboost|p1a: Rayquaza|def|1\n|-unboost|p1a: Rayquaza|spd|1\n|move|p2a: Donphan|Endeavor|p1a: Rayquaza\n|-damage|p1a: Rayquaza|1\/100\n|-heal|p2a: Donphan|16\/100|[from] item: Shell Bell|[of] p1a: Rayquaza\n|\n|upkeep\n|turn|16\n|\n|t:|1699414032\n|move|p2a: Donphan|Ice Shard|p1a: Rayquaza\n|-supereffective|p1a: Rayquaza\n|-damage|p1a: Rayquaza|0 fnt\n|faint|p1a: Rayquaza\n|-heal|p2a: Donphan|24\/100|[from] item: Shell Bell|[of] p1: Rayquaza\n|\n|upkeep\n|\n|t:|1699414034\n|switch|p1a: Metagross|Metagross-Mega|100\/100 slp\n|turn|17\n|\n|t:|1699414037\n|-curestatus|p1a: Metagross|slp|[msg]\n|move|p1a: Metagross|Cosmic Power|p1a: Metagross\n|-boost|p1a: Metagross|def|1\n|-boost|p1a: Metagross|spd|1\n|move|p2a: Donphan|Endeavor|p1a: Metagross\n|-damage|p1a: Metagross|1\/100\n|-heal|p2a: Donphan|100\/100|[from] item: Shell Bell|[of] p1a: Metagross\n|\n|upkeep\n|turn|18\n|\n|t:|1699414050\n|move|p2a: Donphan|Ice Shard|p1a: Metagross\n|-resisted|p1a: Metagross\n|-damage|p1a: Metagross|1\/100\n|move|p1a: Metagross|Rest|p1a: Metagross\n|-status|p1a: Metagross|slp|[from] move: Rest\n|-heal|p1a: Metagross|100\/100 slp|[silent]\n|\n|upkeep\n|turn|19\n|\n|t:|1699414059\n|cant|p1a: Metagross|slp\n|move|p2a: Donphan|Roar||[still]\n|-fail|p2a: Donphan\n|\n|upkeep\n|turn|20\n|\n|t:|1699414066\n|move|p2a: Donphan|Ice Shard|p1a: Metagross\n|-resisted|p1a: Metagross\n|-damage|p1a: Metagross|99\/100 slp\n|cant|p1a: Metagross|slp\n|\n|upkeep\n|turn|21\n|\n|t:|1699414068\n|move|p2a: Donphan|Ice Shard|p1a: Metagross\n|-resisted|p1a: Metagross\n|-damage|p1a: Metagross|99\/100 slp\n|-curestatus|p1a: Metagross|slp|[msg]\n|move|p1a: Metagross|Cosmic Power|p1a: Metagross\n|-boost|p1a: Metagross|def|1\n|-boost|p1a: Metagross|spd|1\n|\n|upkeep\n|turn|22\n|\n|t:|1699414076\n|move|p2a: Donphan|Ice Shard|p1a: Metagross\n|-resisted|p1a: Metagross\n|-damage|p1a: Metagross|99\/100\n|move|p1a: Metagross|Cosmic Power|p1a: Metagross\n|-boost|p1a: Metagross|def|1\n|-boost|p1a: Metagross|spd|1\n|\n|upkeep\n|turn|23\n|\n|t:|1699414082\n|move|p2a: Donphan|Ice Shard|p1a: Metagross\n|-resisted|p1a: Metagross\n|-damage|p1a: Metagross|99\/100\n|move|p1a: Metagross|Cosmic Power|p1a: Metagross\n|-boost|p1a: Metagross|def|1\n|-boost|p1a: Metagross|spd|1\n|\n|upkeep\n|turn|24\n|\n|t:|1699414085\n|move|p2a: Donphan|Ice Shard|p1a: Metagross\n|-resisted|p1a: Metagross\n|-damage|p1a: Metagross|99\/100\n|move|p1a: Metagross|Cosmic Power|p1a: Metagross\n|-boost|p1a: Metagross|def|1\n|-boost|p1a: Metagross|spd|1\n|\n|upkeep\n|turn|25\n|\n|t:|1699414088\n|move|p2a: Donphan|Ice Shard|p1a: Metagross\n|-resisted|p1a: Metagross\n|-damage|p1a: Metagross|99\/100\n|move|p1a: Metagross|Cosmic Power|p1a: Metagross\n|-boost|p1a: Metagross|def|1\n|-boost|p1a: Metagross|spd|1\n|\n|upkeep\n|turn|26\n|\n|t:|1699414094\n|move|p2a: Donphan|Ice Shard|p1a: Metagross\n|-resisted|p1a: Metagross\n|-crit|p1a: Metagross\n|-damage|p1a: Metagross|99\/100\n|move|p1a: Metagross|Body Press|p2a: Donphan\n|-ability|p2a: Donphan|Sturdy\n|-damage|p2a: Donphan|8\/100\n|\n|upkeep\n|turn|27\n|\n|t:|1699414103\n|move|p2a: Donphan|Ice Shard|p1a: Metagross\n|-resisted|p1a: Metagross\n|-damage|p1a: Metagross|98\/100\n|-heal|p2a: Donphan|16\/100|[from] item: Shell Bell|[of] p1a: Metagross\n|move|p1a: Metagross|Meteor Mash|p2a: Donphan\n|-damage|p2a: Donphan|0 fnt\n|faint|p2a: Donphan\n|\n|upkeep\n|\n|t:|1699414109\n|switch|p2a: Marshadow|Marshadow|100\/100\n|-activate|p2a: Marshadow|move: Sticky Web\n|-unboost|p2a: Marshadow|spe|1\n|turn|28\n|\n|t:|1699414115\n|move|p1a: Metagross|Meteor Mash|p2a: Marshadow\n|-damage|p2a: Marshadow|28\/100\n|-boost|p1a: Metagross|atk|1\n|move|p2a: Marshadow|Spectral Thief||[still]\n|-clearpositiveboost|p1a: Metagross|p2a: Marshadow|move: Spectral Thief\n|-boost|p2a: Marshadow|atk|1\n|-boost|p2a: Marshadow|def|6\n|-boost|p2a: Marshadow|spd|6\n|-anim|p2a: Marshadow|Spectral Thief|p1a: Metagross\n|-supereffective|p1a: Metagross\n|-damage|p1a: Metagross|13\/100\n|\n|upkeep\n|turn|29\n|-message|izuku msm bb forfeited.\n|\n|win|Ceryphil\n|raw|izuku msm bb's rating: 1364 &rarr; <strong>1345<\/strong><br \/>(-19 for losing)\n|raw|Ceryphil's rating: 1383 &rarr; <strong>1402<\/strong><br \/>(+19 for winning)\n|l|\u2606izuku msm bb\n","uploadtime":1699414133,"views":6,"p1id":"izukumsmbb","p2id":"ceryphil","formatid":"gen9nationaldexubers","rating":1345,"private":0,"password":""}