{"id":"gen9nationaldexubers-1990908452","p1":"Djujao","p2":"ANinjaDude","format":"[Gen 9] National Dex Ubers","log":"|j|\u2606Djujao\n|j|\u2606ANinjaDude\n|t:|1700013900\n|gametype|singles\n|player|p1|Djujao|pilot|\n|player|p2|ANinjaDude|volkner|\n|teamsize|p1|6\n|teamsize|p2|6\n|gen|9\n|tier|[Gen 9] National Dex Ubers\n|rule|HP Percentage Mod: HP is shown in percentages\n|rule|Endless Battle Clause: Forcing endless battles is banned\n|rule|OHKO Clause: OHKO moves are banned\n|rule|Evasion Moves Clause: Evasion moves are banned\n|rule|Evasion Items Clause: Evasion items are banned\n|rule|Species Clause: Limit one of each Pok\u00e9mon\n|rule|Sleep Clause Mod: Limit one foe put to sleep\n|rule|Mega Rayquaza Clause: You cannot mega evolve Rayquaza\n|clearpoke\n|poke|p1|Great Tusk|\n|poke|p1|Gholdengo|\n|poke|p1|Ribombee, F|\n|poke|p1|Rotom-Heat|\n|poke|p1|Ogerpon-Cornerstone, F|\n|poke|p1|Manaphy|\n|poke|p2|Landorus-Therian, M|\n|poke|p2|Celesteela|\n|poke|p2|Thundurus-Therian, M|\n|poke|p2|Dragonite, M|\n|poke|p2|Shaymin-Sky|\n|poke|p2|Lopunny, M|\n|teampreview\n|inactive|Battle timer is ON: inactive players will automatically lose when time's up. (requested by ANinjaDude)\n|c|\u2606ANinjaDude|glhf\n|c|\u2606Djujao|glhf!\n|\n|t:|1700013910\n|start\n|switch|p1a: Ribombee|Ribombee, F|100\/100\n|switch|p2a: Landorus|Landorus-Therian, M|100\/100\n|-ability|p2a: Landorus|Intimidate|boost\n|-unboost|p1a: Ribombee|atk|1\n|turn|1\n|\n|t:|1700013920\n|move|p1a: Ribombee|Reflect|p1a: Ribombee\n|-sidestart|p1: Djujao|Reflect\n|move|p2a: Landorus|Stealth Rock|p1a: Ribombee\n|-sidestart|p1: Djujao|move: Stealth Rock\n|\n|upkeep\n|turn|2\n|c|\u2606ANinjaDude|oh, a screens bee\n|c|\u2606ANinjaDude|intriguing\n|\n|t:|1700013928\n|move|p1a: Ribombee|Light Screen|p1a: Ribombee\n|-sidestart|p1: Djujao|move: Light Screen\n|move|p2a: Landorus|Knock Off|p1a: Ribombee\n|-resisted|p1a: Ribombee\n|-damage|p1a: Ribombee|87\/100\n|-enditem|p1a: Ribombee|Light Clay|[from] move: Knock Off|[of] p2a: Landorus\n|\n|upkeep\n|turn|3\n|c|\u2606Djujao|i mean\n|c|\u2606Djujao|what would webs do here?\n|c|\u2606ANinjaDude|true\n|\n|t:|1700013943\n|move|p1a: Ribombee|U-turn|p2a: Landorus\n|-resisted|p2a: Landorus\n|-damage|p2a: Landorus|95\/100\n|\n|t:|1700013948\n|switch|p1a: Great Tusk|Great Tusk|100\/100|[from] U-turn\n|-damage|p1a: Great Tusk|98\/100|[from] Stealth Rock\n|-enditem|p1a: Great Tusk|Booster Energy\n|-activate|p1a: Great Tusk|ability: Protosynthesis|[fromitem]\n|-start|p1a: Great Tusk|protosynthesisspe\n|move|p2a: Landorus|Earthquake|p1a: Great Tusk\n|-damage|p1a: Great Tusk|76\/100\n|\n|upkeep\n|turn|4\n|c|\u2606ANinjaDude|ive seen people bring webs\n|c|\u2606ANinjaDude|namely drei\n|c|\u2606ANinjaDude|but ive seen it\n|\n|t:|1700013971\n|move|p1a: Great Tusk|Ice Spinner|p2a: Landorus\n|-supereffective|p2a: Landorus\n|-damage|p2a: Landorus|0 fnt\n|faint|p2a: Landorus\n|\n|upkeep\n|c|\u2606Djujao|lol\n|\n|t:|1700013977\n|switch|p2a: Lopunny|Lopunny, M|100\/100\n|turn|5\n|c|\u2606ANinjaDude|and ive seen people bring t-spikes\n|c|\u2606ANinjaDude|or ceaseless edge\n|\n|t:|1700013997\n|detailschange|p2a: Lopunny|Lopunny-Mega, M\n|-mega|p2a: Lopunny|Lopunny|Lopunnite\n|move|p2a: Lopunny|Fake Out|p1a: Great Tusk\n|-damage|p1a: Great Tusk|68\/100\n|cant|p1a: Great Tusk|flinch\n|\n|upkeep\n|turn|6\n|\n|t:|1700014008\n|switch|p2a: Thundurus|Thundurus-Therian, M|100\/100\n|move|p1a: Great Tusk|Bulk Up|p1a: Great Tusk\n|-boost|p1a: Great Tusk|atk|1\n|-boost|p1a: Great Tusk|def|1\n|\n|upkeep\n|turn|7\n|c|\u2606Djujao|theyre trying their best\n|c|\u2606ANinjaDude|lol\n|c|\u2606Djujao|flying types are hard\n|\n|t:|1700014025\n|-terastallize|p2a: Thundurus|Ice\n|move|p1a: Great Tusk|Ice Spinner|p2a: Thundurus\n|-resisted|p2a: Thundurus\n|-damage|p2a: Thundurus|75\/100\n|move|p2a: Thundurus|Tera Blast|p1a: Great Tusk|[anim] Tera Blast Ice\n|-supereffective|p1a: Great Tusk\n|-damage|p1a: Great Tusk|24\/100\n|\n|upkeep\n|turn|8\n|\n|t:|1700014041\n|switch|p2a: Shaymin|Shaymin-Sky|100\/100\n|move|p1a: Great Tusk|Iron Head|p2a: Shaymin\n|-damage|p2a: Shaymin|59\/100\n|\n|-sideend|p1: Djujao|Reflect\n|upkeep\n|turn|9\n|\n|t:|1700014055\n|move|p2a: Shaymin|Air Slash|p1a: Great Tusk\n|-supereffective|p1a: Great Tusk\n|-damage|p1a: Great Tusk|0 fnt\n|faint|p1a: Great Tusk\n|-end|p1a: Great Tusk|Protosynthesis|[silent]\n|\n|-sideend|p1: Djujao|move: Light Screen\n|upkeep\n|\n|t:|1700014064\n|switch|p1a: Gholdengo|Gholdengo|100\/100\n|-damage|p1a: Gholdengo|94\/100|[from] Stealth Rock\n|turn|10\n|\n|t:|1700014075\n|switch|p2a: Celesteela|Celesteela|100\/100\n|move|p1a: Gholdengo|Make It Rain|p2a: Celesteela\n|-resisted|p2a: Celesteela\n|-damage|p2a: Celesteela|68\/100\n|-unboost|p1a: Gholdengo|spa|1\n|\n|upkeep\n|turn|11\n|\n|t:|1700014084\n|switch|p1a: Ribombee|Ribombee, F|87\/100\n|-damage|p1a: Ribombee|62\/100|[from] Stealth Rock\n|move|p2a: Celesteela|Autotomize|p2a: Celesteela\n|-boost|p2a: Celesteela|spe|2\n|-start|p2a: Celesteela|Autotomize\n|\n|upkeep\n|turn|12\n|\n|t:|1700014093\n|move|p2a: Celesteela|Air Slash|p1a: Ribombee|[miss]\n|-miss|p2a: Celesteela|p1a: Ribombee\n|move|p1a: Ribombee|Light Screen|p1a: Ribombee\n|-sidestart|p1: Djujao|move: Light Screen\n|\n|upkeep\n|turn|13\n|c|\u2606Djujao|sorry\n|c|\u2606ANinjaDude|of course i miss\n|\n|t:|1700014100\n|move|p2a: Celesteela|Air Slash|p1a: Ribombee\n|-supereffective|p1a: Ribombee\n|-damage|p1a: Ribombee|15\/100\n|move|p1a: Ribombee|Reflect|p1a: Ribombee\n|-sidestart|p1: Djujao|Reflect\n|\n|upkeep\n|turn|14\n|\n|t:|1700014107\n|move|p2a: Celesteela|Meteor Beam||[still]\n|-prepare|p2a: Celesteela|Meteor Beam\n|-boost|p2a: Celesteela|spa|1\n|-enditem|p2a: Celesteela|Power Herb\n|-anim|p2a: Celesteela|Meteor Beam|p1a: Ribombee\n|-supereffective|p1a: Ribombee\n|-damage|p1a: Ribombee|0 fnt\n|faint|p1a: Ribombee\n|-ability|p2a: Celesteela|Beast Boost|boost\n|-boost|p2a: Celesteela|spa|1\n|\n|upkeep\n|c|\u2606ANinjaDude|misclick\n|\n|t:|1700014124\n|switch|p1a: Rotom|Rotom-Heat|100\/100\n|-damage|p1a: Rotom|76\/100|[from] Stealth Rock\n|turn|15\n|\n|t:|1700014130\n|move|p2a: Celesteela|Air Slash|p1a: Rotom\n|-resisted|p1a: Rotom\n|-crit|p1a: Rotom\n|-damage|p1a: Rotom|2\/100\n|cant|p1a: Rotom|flinch\n|\n|upkeep\n|turn|16\n|c|\u2606ANinjaDude|well then\n|\n|t:|1700014138\n|move|p2a: Celesteela|Air Slash|p1a: Rotom\n|-resisted|p1a: Rotom\n|-damage|p1a: Rotom|0 fnt\n|faint|p1a: Rotom\n|-ability|p2a: Celesteela|Beast Boost|boost\n|-boost|p2a: Celesteela|spa|1\n|\n|-sideend|p1: Djujao|move: Light Screen\n|upkeep\n|c|\u2606ANinjaDude|thats who i wanted to keep meteor beam for\n|\n|t:|1700014147\n|switch|p1a: Gholdengo|Gholdengo|94\/100\n|-damage|p1a: Gholdengo|88\/100|[from] Stealth Rock\n|turn|17\n|\n|t:|1700014153\n|move|p2a: Celesteela|Fire Blast|p1a: Gholdengo\n|-supereffective|p1a: Gholdengo\n|-damage|p1a: Gholdengo|0 fnt\n|faint|p1a: Gholdengo\n|-ability|p2a: Celesteela|Beast Boost|boost\n|-boost|p2a: Celesteela|spa|1\n|\n|-sideend|p1: Djujao|Reflect\n|upkeep\n|c|\u2606Djujao|welp\n|c|\u2606Djujao|gg\n|\n|t:|1700014162\n|switch|p1a: Ogerpon|Ogerpon-Cornerstone, F|100\/100\n|-damage|p1a: Ogerpon|88\/100|[from] Stealth Rock\n|turn|18\n|c|\u2606ANinjaDude|steela is so broken lol\n|c|\u2606ANinjaDude|ggs\n|\n|t:|1700014166\n|move|p2a: Celesteela|Air Slash|p1a: Ogerpon\n|-damage|p1a: Ogerpon|0 fnt\n|faint|p1a: Ogerpon\n|-ability|p2a: Celesteela|Beast Boost|boost\n|-boost|p2a: Celesteela|spa|1\n|\n|upkeep\n|\n|t:|1700014171\n|switch|p1a: Manaphy|Manaphy|100\/100\n|-damage|p1a: Manaphy|88\/100|[from] Stealth Rock\n|turn|19\n|c|\u2606ANinjaDude|well, not really broken, but it can snowball really fast\n|\n|t:|1700014178\n|move|p2a: Celesteela|Air Slash|p1a: Manaphy\n|-damage|p1a: Manaphy|0 fnt\n|faint|p1a: Manaphy\n|\n|win|ANinjaDude\n|c|\u2606ANinjaDude|ggs\n|c|\u2606Djujao|yeah\n","uploadtime":1700014184,"views":10,"p1id":"djujao","p2id":"aninjadude","formatid":"gen9nationaldexubers","rating":0,"private":0,"password":""}