{"id":"gen9nationaldexubers-1999974556","p1":"ninomae shiki","p2":"Shivsome","format":"[Gen 9] National Dex Ubers","log":"|j|\u2606ninomae shiki\n|j|\u2606Shivsome\n|t:|1701136499\n|gametype|singles\n|player|p1|ninomae shiki|dawn|1044\n|player|p2|Shivsome|102|1000\n|teamsize|p1|6\n|teamsize|p2|6\n|gen|9\n|tier|[Gen 9] National Dex Ubers\n|rated|\n|rule|HP Percentage Mod: HP is shown in percentages\n|rule|Endless Battle Clause: Forcing endless battles is banned\n|rule|OHKO Clause: OHKO moves are banned\n|rule|Evasion Moves Clause: Evasion moves are banned\n|rule|Evasion Items Clause: Evasion items are banned\n|rule|Species Clause: Limit one of each Pok\u00e9mon\n|rule|Sleep Clause Mod: Limit one foe put to sleep\n|rule|Mega Rayquaza Clause: You cannot mega evolve Rayquaza\n|clearpoke\n|poke|p1|Dragapult, M|\n|poke|p1|Kangaskhan, F|\n|poke|p1|Necrozma-Dusk-Mane|\n|poke|p1|Gholdengo|\n|poke|p1|Zacian-*|\n|poke|p1|Flutter Mane|\n|poke|p2|Zygarde-10%|\n|poke|p2|Xerneas-*|\n|poke|p2|Yveltal|\n|poke|p2|Marshadow|\n|poke|p2|Groudon|\n|poke|p2|Magearna|\n|teampreview\n|inactive|Battle timer is ON: inactive players will automatically lose when time's up. (requested by ninomae shiki)\n|j| seisantube\n|\n|t:|1701136512\n|start\n|switch|p1a: Necrozma|Necrozma-Dusk-Mane|100\/100\n|switch|p2a: Zygarde|Zygarde-10%|100\/100\n|turn|1\n|\n|t:|1701136526\n|move|p2a: Zygarde|Dragon Dance|p2a: Zygarde\n|-boost|p2a: Zygarde|atk|1\n|-boost|p2a: Zygarde|spe|1\n|move|p1a: Necrozma|Knock Off|p2a: Zygarde\n|-damage|p2a: Zygarde|45\/100\n|-enditem|p2a: Zygarde|Focus Sash|[from] move: Knock Off|[of] p1a: Necrozma\n|\n|-activate|p2a: Zygarde|ability: Power Construct\n|detailschange|p2a: Zygarde|Zygarde-Complete\n|-heal|p2a: Zygarde|76\/100|[silent]\n|upkeep\n|turn|2\n|\n|t:|1701136543\n|move|p2a: Zygarde|Thousand Arrows|p1a: Necrozma\n|-supereffective|p1a: Necrozma\n|-damage|p1a: Necrozma|48\/100\n|move|p1a: Necrozma|Stealth Rock|p2a: Zygarde\n|-sidestart|p2: Shivsome|move: Stealth Rock\n|\n|upkeep\n|turn|3\n|\n|t:|1701136572\n|move|p2a: Zygarde|Thousand Arrows|p1a: Necrozma\n|-supereffective|p1a: Necrozma\n|-damage|p1a: Necrozma|0 fnt\n|faint|p1a: Necrozma\n|\n|upkeep\n|\n|t:|1701136581\n|switch|p1a: Kangaskhan|Kangaskhan, F|100\/100\n|turn|4\n|\n|t:|1701136608\n|detailschange|p1a: Kangaskhan|Kangaskhan-Mega, F\n|-mega|p1a: Kangaskhan|Kangaskhan|Kangaskhanite\n|move|p1a: Kangaskhan|Fake Out|p2a: Zygarde\n|-damage|p2a: Zygarde|65\/100\n|-damage|p2a: Zygarde|63\/100\n|-hitcount|p2a: Zygarde|2\n|cant|p2a: Zygarde|flinch\n|\n|upkeep\n|turn|5\n|\n|t:|1701136616\n|move|p2a: Zygarde|Dragon Dance|p2a: Zygarde\n|-boost|p2a: Zygarde|atk|1\n|-boost|p2a: Zygarde|spe|1\n|move|p1a: Kangaskhan|Power-Up Punch|p2a: Zygarde\n|-damage|p2a: Zygarde|55\/100\n|-boost|p1a: Kangaskhan|atk|1\n|-damage|p2a: Zygarde|53\/100\n|-boost|p1a: Kangaskhan|atk|1\n|-hitcount|p2a: Zygarde|2\n|\n|upkeep\n|turn|6\n|\n|t:|1701136629\n|move|p2a: Zygarde|Thousand Arrows|p1a: Kangaskhan\n|-damage|p1a: Kangaskhan|21\/100\n|move|p1a: Kangaskhan|Return|p2a: Zygarde\n|-damage|p2a: Zygarde|2\/100\n|-damage|p2a: Zygarde|0 fnt\n|faint|p2a: Zygarde\n|-hitcount|p2: Zygarde|2\n|\n|upkeep\n|\n|t:|1701136645\n|switch|p2a: Marshadow|Marshadow|100\/100\n|-damage|p2a: Marshadow|94\/100|[from] Stealth Rock\n|turn|7\n|\n|t:|1701136657\n|move|p2a: Marshadow|Ice Punch|p1a: Kangaskhan\n|-damage|p1a: Kangaskhan|0 fnt\n|faint|p1a: Kangaskhan\n|\n|upkeep\n|\n|t:|1701136660\n|switch|p1a: Dragapult|Dragapult, M|100\/100\n|turn|8\n|\n|t:|1701136671\n|-zpower|p1a: Dragapult\n|move|p1a: Dragapult|Never-Ending Nightmare|p2a: Marshadow|[zeffect]\n|-supereffective|p2a: Marshadow\n|-damage|p2a: Marshadow|0 fnt\n|faint|p2a: Marshadow\n|\n|upkeep\n|\n|t:|1701136688\n|switch|p2a: Xerneas|Xerneas|100\/100\n|-damage|p2a: Xerneas|88\/100|[from] Stealth Rock\n|-ability|p2a: Xerneas|Fairy Aura\n|turn|9\n|l| seisantube\n|inactive|Shivsome has 120 seconds left.\n|\n|t:|1701136714\n|switch|p1a: Zacian|Zacian-Crowned|100\/100\n|-ability|p1a: Zacian|Intrepid Sword|boost\n|-boost|p1a: Zacian|atk|1\n|move|p2a: Xerneas|Geomancy||[still]\n|-prepare|p2a: Xerneas|Geomancy\n|-enditem|p2a: Xerneas|Power Herb\n|-anim|p2a: Xerneas|Geomancy|p2a: Xerneas\n|-boost|p2a: Xerneas|spa|2\n|-boost|p2a: Xerneas|spd|2\n|-boost|p2a: Xerneas|spe|2\n|\n|upkeep\n|turn|10\n|inactive|Shivsome has 120 seconds left.\n|\n|t:|1701136727\n|move|p2a: Xerneas|Hidden Power|p1a: Zacian\n|-supereffective|p1a: Zacian\n|-damage|p1a: Zacian|10\/100\n|move|p1a: Zacian|Behemoth Blade|p2a: Xerneas\n|-supereffective|p2a: Xerneas\n|-damage|p2a: Xerneas|0 fnt\n|faint|p2a: Xerneas\n|\n|upkeep\n|\n|t:|1701136741\n|switch|p2a: Groudon|Groudon|100\/100\n|-damage|p2a: Groudon|94\/100|[from] Stealth Rock\n|detailschange|p2a: Groudon|Groudon-Primal\n|-primal|p2a: Groudon|Red Orb\n|-weather|DesolateLand|[from] ability: Desolate Land|[of] p2a: Groudon\n|turn|11\n|\n|t:|1701136759\n|move|p1a: Zacian|Play Rough|p2a: Groudon\n|-resisted|p2a: Groudon\n|-damage|p2a: Groudon|67\/100\n|move|p2a: Groudon|Fire Punch|p1a: Zacian\n|-supereffective|p1a: Zacian\n|-damage|p1a: Zacian|0 fnt\n|faint|p1a: Zacian\n|\n|-weather|DesolateLand|[upkeep]\n|upkeep\n|\n|t:|1701136764\n|switch|p1a: Flutter Mane|Flutter Mane|100\/100\n|turn|12\n|\n|t:|1701136787\n|-terastallize|p1a: Flutter Mane|Ghost\n|move|p1a: Flutter Mane|Shadow Ball|p2a: Groudon\n|-damage|p2a: Groudon|0 fnt\n|faint|p2a: Groudon\n|-weather|none\n|\n|upkeep\n|\n|t:|1701136800\n|switch|p2a: Yveltal|Yveltal|100\/100\n|-damage|p2a: Yveltal|76\/100|[from] Stealth Rock\n|-ability|p2a: Yveltal|Dark Aura\n|turn|13\n|\n|t:|1701136814\n|move|p2a: Yveltal|Sucker Punch|p1a: Flutter Mane\n|-supereffective|p1a: Flutter Mane\n|-damage|p1a: Flutter Mane|0 fnt\n|faint|p1a: Flutter Mane\n|-end|p1a: Flutter Mane|Protosynthesis|[silent]\n|\n|upkeep\n|inactive|ninomae shiki has 120 seconds left.\n|inactive|ninomae shiki has 90 seconds left.\n|inactive|ninomae shiki has 60 seconds left.\n|inactive|ninomae shiki has 30 seconds left.\n|inactive|ninomae shiki has 20 seconds left.\n|inactive|ninomae shiki has 15 seconds left.\n|inactive|ninomae shiki has 10 seconds left.\n|inactive|ninomae shiki has 5 seconds left.\n|-message|ninomae shiki lost due to inactivity.\n|\n|win|Shivsome\n|raw|ninomae shiki's rating: 1044 &rarr; <strong>1025<\/strong><br \/>(-19 for losing)\n|raw|Shivsome's rating: 1000 &rarr; <strong>1045<\/strong><br \/>(+45 for winning)\n|l|\u2606Shivsome\n","uploadtime":1701137278,"views":1,"p1id":"ninomaeshiki","p2id":"shivsome","formatid":"gen9nationaldexubers","rating":1025,"private":0,"password":""}