{"id":"gen9nationaldexubers-2000268316","p1":"ib71","p2":"thb idk","format":"[Gen 9] National Dex Ubers","log":"|j|\u2606ib71\n|j|\u2606thb idk\n|t:|1701179571\n|gametype|singles\n|player|p1|ib71|steven|1061\n|player|p2|thb idk|2|1044\n|teamsize|p1|6\n|teamsize|p2|6\n|gen|9\n|tier|[Gen 9] National Dex Ubers\n|rated|\n|rule|HP Percentage Mod: HP is shown in percentages\n|rule|Endless Battle Clause: Forcing endless battles is banned\n|rule|OHKO Clause: OHKO moves are banned\n|rule|Evasion Moves Clause: Evasion moves are banned\n|rule|Evasion Items Clause: Evasion items are banned\n|rule|Species Clause: Limit one of each Pok\u00e9mon\n|rule|Sleep Clause Mod: Limit one foe put to sleep\n|rule|Mega Rayquaza Clause: You cannot mega evolve Rayquaza\n|clearpoke\n|poke|p1|Zygarde|\n|poke|p1|Kyurem-White|\n|poke|p1|Groudon|\n|poke|p1|Necrozma-Dusk-Mane|\n|poke|p1|Diancie|\n|poke|p1|Aegislash, M|\n|poke|p2|Sceptile, F|\n|poke|p2|Arceus-Poison|\n|poke|p2|Groudon|\n|poke|p2|Lugia|\n|poke|p2|Marshadow|\n|poke|p2|Ariados, F|\n|teampreview\n|\n|t:|1701179586\n|start\n|switch|p1a: Aegislash|Aegislash, M|100\/100\n|switch|p2a: Ariados|Ariados, F|100\/100\n|turn|1\n|\n|t:|1701179615\n|move|p1a: Aegislash|King's Shield|p1a: Aegislash\n|-singleturn|p1a: Aegislash|Protect\n|move|p2a: Ariados|Toxic Spikes|p1a: Aegislash\n|-sidestart|p1: ib71|move: Toxic Spikes\n|\n|upkeep\n|turn|2\n|inactive|Battle timer is ON: inactive players will automatically lose when time's up. (requested by ib71)\n|\n|t:|1701179625\n|switch|p1a: Necrozma|Necrozma-Dusk-Mane|100\/100\n|move|p2a: Ariados|Toxic Spikes|p1a: Necrozma\n|-sidestart|p1: ib71|move: Toxic Spikes\n|\n|upkeep\n|turn|3\n|\n|t:|1701179632\n|detailschange|p1a: Necrozma|Necrozma-Ultra\n|-burst|p1a: Necrozma|Necrozma|Ultranecrozium Z\n|move|p1a: Necrozma|Photon Geyser|p2a: Ariados\n|-supereffective|p2a: Ariados\n|-damage|p2a: Ariados|0 fnt\n|faint|p2a: Ariados\n|\n|upkeep\n|\n|t:|1701179641\n|switch|p2a: Marshadow|Marshadow|100\/100\n|turn|4\n|\n|t:|1701179648\n|move|p2a: Marshadow|Spectral Thief|p1a: Necrozma\n|-supereffective|p1a: Necrozma\n|-damage|p1a: Necrozma|13\/100\n|-zpower|p1a: Necrozma\n|move|p1a: Necrozma|Light That Burns the Sky|p2a: Marshadow|[zeffect]\n|-supereffective|p2a: Marshadow\n|-damage|p2a: Marshadow|0 fnt\n|faint|p2a: Marshadow\n|\n|upkeep\n|inactive|thb idk has 120 seconds left.\n|\n|t:|1701179680\n|switch|p2a: Lugia|Lugia|100\/100\n|turn|5\n|\n|t:|1701179701\n|move|p1a: Necrozma|Sunsteel Strike|p2a: Lugia\n|-damage|p2a: Lugia|78\/100\n|move|p2a: Lugia|Toxic|p1a: Necrozma\n|-status|p1a: Necrozma|tox\n|\n|-heal|p2a: Lugia|84\/100|[from] item: Leftovers\n|-damage|p1a: Necrozma|7\/100 tox|[from] psn\n|upkeep\n|turn|6\n|\n|t:|1701179714\n|move|p1a: Necrozma|Photon Geyser|p2a: Lugia\n|-resisted|p2a: Lugia\n|-damage|p2a: Lugia|69\/100\n|move|p2a: Lugia|Calm Mind|p2a: Lugia\n|-boost|p2a: Lugia|spa|1\n|-boost|p2a: Lugia|spd|1\n|\n|-heal|p2a: Lugia|75\/100|[from] item: Leftovers\n|-damage|p1a: Necrozma|0 fnt|[from] psn\n|faint|p1a: Necrozma\n|upkeep\n|j| xxxdeadbeach\n|inactive|ib71 has 120 seconds left.\n|\n|t:|1701179739\n|switch|p1a: Diancie|Diancie|100\/100\n|-status|p1a: Diancie|tox\n|turn|7\n|j| hell20\n|\n|t:|1701179758\n|detailschange|p1a: Diancie|Diancie-Mega\n|-mega|p1a: Diancie|Diancie|Diancite\n|move|p1a: Diancie|Diamond Storm|p2a: Lugia\n|-supereffective|p2a: Lugia\n|-damage|p2a: Lugia|17\/100\n|move|p2a: Lugia|Psychic|p1a: Diancie\n|-damage|p1a: Diancie|47\/100 tox\n|\n|-heal|p2a: Lugia|23\/100|[from] item: Leftovers\n|-damage|p1a: Diancie|41\/100 tox|[from] psn\n|upkeep\n|turn|8\n|inactive|thb idk has 120 seconds left.\n|\n|t:|1701179782\n|-terastallize|p2a: Lugia|Steel\n|move|p1a: Diancie|Diamond Storm|p2a: Lugia\n|-resisted|p2a: Lugia\n|-damage|p2a: Lugia|9\/100\n|move|p2a: Lugia|Recover|p2a: Lugia\n|-heal|p2a: Lugia|59\/100\n|\n|-heal|p2a: Lugia|65\/100|[from] item: Leftovers\n|-damage|p1a: Diancie|28\/100 tox|[from] psn\n|upkeep\n|turn|9\n|j| wetkisser\n|inactive|thb idk has 120 seconds left.\n|\n|t:|1701179792\n|move|p1a: Diancie|Moonblast|p2a: Lugia\n|-resisted|p2a: Lugia\n|-damage|p2a: Lugia|56\/100\n|move|p2a: Lugia|Psychic|p1a: Diancie\n|-crit|p1a: Diancie\n|-damage|p1a: Diancie|0 fnt\n|faint|p1a: Diancie\n|\n|-heal|p2a: Lugia|62\/100|[from] item: Leftovers\n|upkeep\n|\n|t:|1701179797\n|switch|p1a: Kyurem|Kyurem-White, shiny|100\/100\n|-status|p1a: Kyurem|tox\n|-ability|p1a: Kyurem|Turboblaze\n|turn|10\n|inactive|thb idk has 120 seconds left.\n|c|\u2606ib71|ff\n|\n|t:|1701179813\n|move|p1a: Kyurem|Fusion Flare|p2a: Lugia\n|-supereffective|p2a: Lugia\n|-damage|p2a: Lugia|37\/100\n|move|p2a: Lugia|Calm Mind|p2a: Lugia\n|-boost|p2a: Lugia|spa|1\n|-boost|p2a: Lugia|spd|1\n|\n|-heal|p2a: Lugia|43\/100|[from] item: Leftovers\n|-damage|p1a: Kyurem|94\/100 tox|[from] psn\n|upkeep\n|turn|11\n|\n|t:|1701179822\n|move|p1a: Kyurem|Fusion Flare|p2a: Lugia\n|-supereffective|p2a: Lugia\n|-damage|p2a: Lugia|23\/100\n|move|p2a: Lugia|Psychic|p1a: Kyurem\n|-damage|p1a: Kyurem|50\/100 tox\n|\n|-heal|p2a: Lugia|29\/100|[from] item: Leftovers\n|-damage|p1a: Kyurem|37\/100 tox|[from] psn\n|upkeep\n|turn|12\n|\n|t:|1701179835\n|move|p1a: Kyurem|Fusion Flare|p2a: Lugia\n|-supereffective|p2a: Lugia\n|-damage|p2a: Lugia|10\/100\n|move|p2a: Lugia|Psychic|p1a: Kyurem\n|-damage|p1a: Kyurem|0 fnt\n|faint|p1a: Kyurem\n|\n|-heal|p2a: Lugia|16\/100|[from] item: Leftovers\n|upkeep\n|\n|t:|1701179841\n|switch|p1a: Zygarde|Zygarde, shiny|100\/100\n|-status|p1a: Zygarde|tox\n|turn|13\n|\n|t:|1701179852\n|move|p1a: Zygarde|Extreme Speed|p2a: Lugia\n|-resisted|p2a: Lugia\n|-damage|p2a: Lugia|10\/100\n|move|p2a: Lugia|Psychic|p1a: Zygarde\n|-damage|p1a: Zygarde|47\/100 tox\n|\n|-heal|p2a: Lugia|17\/100|[from] item: Leftovers\n|-damage|p1a: Zygarde|41\/100 tox|[from] psn\n|-activate|p1a: Zygarde|ability: Power Construct\n|detailschange|p1a: Zygarde|Zygarde-Complete, shiny\n|-heal|p1a: Zygarde|62\/100 tox|[silent]\n|upkeep\n|turn|14\n|c|\u2606ib71|es\n|\n|t:|1701179864\n|switch|p1a: Aegislash|Aegislash, M|100\/100\n|move|p2a: Lugia|Recover|p2a: Lugia\n|-heal|p2a: Lugia|67\/100\n|\n|-heal|p2a: Lugia|73\/100|[from] item: Leftovers\n|upkeep\n|turn|15\n|\n|t:|1701179874\n|-terastallize|p1a: Aegislash|Steel\n|-formechange|p1a: Aegislash|Aegislash-Blade||[from] ability: Stance Change\n|move|p1a: Aegislash|Close Combat|p2a: Lugia\n|-supereffective|p2a: Lugia\n|-damage|p2a: Lugia|31\/100\n|-unboost|p1a: Aegislash|def|1\n|-unboost|p1a: Aegislash|spd|1\n|move|p2a: Lugia|Psychic|p1a: Aegislash\n|-resisted|p1a: Aegislash\n|-damage|p1a: Aegislash|15\/100\n|\n|-heal|p2a: Lugia|37\/100|[from] item: Leftovers\n|upkeep\n|turn|16\n|\n|t:|1701179887\n|move|p1a: Aegislash|Close Combat|p2a: Lugia\n|-supereffective|p2a: Lugia\n|-damage|p2a: Lugia|0 fnt\n|-unboost|p1a: Aegislash|def|1\n|-unboost|p1a: Aegislash|spd|1\n|faint|p2a: Lugia\n|\n|upkeep\n|inactive|thb idk has 120 seconds left.\n|\n|t:|1701179921\n|switch|p2a: Arceus|Arceus-Poison|100\/100\n|turn|17\n|c|\u2606ib71|play\n|\n|t:|1701179928\n|move|p1a: Aegislash|Close Combat|p2a: Arceus\n|-resisted|p2a: Arceus\n|-damage|p2a: Arceus|88\/100\n|-unboost|p1a: Aegislash|def|1\n|-unboost|p1a: Aegislash|spd|1\n|move|p2a: Arceus|Aura Sphere|p1a: Aegislash\n|-supereffective|p1a: Aegislash\n|-damage|p1a: Aegislash|0 fnt\n|faint|p1a: Aegislash\n|\n|upkeep\n|\n|t:|1701179933\n|switch|p1a: Groudon|Groudon, shiny|100\/100\n|-status|p1a: Groudon|tox\n|detailschange|p1a: Groudon|Groudon-Primal, shiny\n|-primal|p1a: Groudon|Red Orb\n|-weather|DesolateLand|[from] ability: Desolate Land|[of] p1a: Groudon\n|turn|18\n|inactive|thb idk has 120 seconds left.\n|\n|t:|1701179964\n|move|p2a: Arceus|Sludge Bomb|p1a: Groudon\n|-resisted|p1a: Groudon\n|-damage|p1a: Groudon|79\/100 tox\n|move|p1a: Groudon|Precipice Blades|p2a: Arceus\n|-supereffective|p2a: Arceus\n|-damage|p2a: Arceus|0 fnt\n|faint|p2a: Arceus\n|\n|-weather|DesolateLand|[upkeep]\n|-damage|p1a: Groudon|73\/100 tox|[from] psn\n|upkeep\n|\n|t:|1701179977\n|switch|p2a: Groudon|Groudon|100\/100\n|detailschange|p2a: Groudon|Groudon-Primal\n|-primal|p2a: Groudon|Red Orb\n|turn|19\n|\n|t:|1701179982\n|move|p1a: Groudon|Precipice Blades|p2a: Groudon\n|-supereffective|p2a: Groudon\n|-damage|p2a: Groudon|12\/100\n|move|p2a: Groudon|Dragon Tail|p1a: Groudon\n|-damage|p1a: Groudon|59\/100 tox\n|drag|p1a: Zygarde|Zygarde-Complete, shiny|62\/100 tox\n|\n|-weather|DesolateLand|[upkeep]\n|-damage|p1a: Zygarde|56\/100 tox|[from] psn\n|upkeep\n|turn|20\n|\n|t:|1701179993\n|move|p1a: Zygarde|Draco Meteor|p2a: Groudon\n|-damage|p2a: Groudon|0 fnt\n|-unboost|p1a: Zygarde|spa|2\n|faint|p2a: Groudon\n|-weather|none\n|\n|-damage|p1a: Zygarde|44\/100 tox|[from] psn\n|upkeep\n|\n|t:|1701180000\n|switch|p2a: Sceptile|Sceptile, F|100\/100\n|turn|21\n|c|\u2606ib71|mega\n|\n|t:|1701180011\n|move|p1a: Zygarde|Draco Meteor|p2a: Sceptile\n|-damage|p2a: Sceptile|71\/100\n|-unboost|p1a: Zygarde|spa|2\n|move|p2a: Sceptile|Dragon Dance|p2a: Sceptile\n|-boost|p2a: Sceptile|atk|1\n|-boost|p2a: Sceptile|spe|1\n|\n|-damage|p1a: Zygarde|25\/100 tox|[from] psn\n|upkeep\n|turn|22\n|c|\u2606ib71|dragon\n|\n|t:|1701180024\n|switch|p1a: Groudon|Groudon-Primal, shiny|59\/100 tox\n|-weather|DesolateLand|[from] ability: Desolate Land|[of] p1a: Groudon\n|detailschange|p2a: Sceptile|Sceptile-Mega, F\n|-mega|p2a: Sceptile|Sceptile|Sceptilite\n|move|p2a: Sceptile|Giga Drain|p1a: Groudon\n|-damage|p1a: Groudon|24\/100 tox\n|-heal|p2a: Sceptile|96\/100|[from] drain|[of] p1a: Groudon\n|\n|-weather|DesolateLand|[upkeep]\n|-damage|p1a: Groudon|18\/100 tox|[from] psn\n|upkeep\n|turn|23\n|c|\u2606ib71|gd\n|\n|t:|1701180035\n|move|p2a: Sceptile|Drain Punch|p1a: Groudon\n|-damage|p1a: Groudon|0 fnt\n|-heal|p2a: Sceptile|100\/100|[from] drain|[of] p1a: Groudon\n|faint|p1a: Groudon\n|-weather|none\n|\n|upkeep\n|\n|t:|1701180039\n|switch|p1a: Zygarde|Zygarde-Complete, shiny|25\/100 tox\n|turn|24\n|\n|t:|1701180055\n|move|p2a: Sceptile|Giga Drain|p1a: Zygarde\n|-damage|p1a: Zygarde|1\/100 tox\n|move|p1a: Zygarde|Draco Meteor|p2a: Sceptile\n|-supereffective|p2a: Sceptile\n|-damage|p2a: Sceptile|0 fnt\n|-unboost|p1a: Zygarde|spa|2\n|faint|p2a: Sceptile\n|\n|win|ib71\n|raw|ib71's rating: 1061 &rarr; <strong>1090<\/strong><br \/>(+29 for winning)\n|raw|thb idk's rating: 1044 &rarr; <strong>1028<\/strong><br \/>(-16 for losing)\n|c| hell20|AIN NO WAY\n|c| hell20|BRUH\n|c|\u2606thb idk|gg lmao\n|c|\u2606ib71|gg\n|c|\u2606thb idk|lm to the mao\n|l|\u2606thb idk\n","uploadtime":1701180080,"views":1,"p1id":"ib71","p2id":"thbidk","formatid":"gen9nationaldexubers","rating":1028,"private":0,"password":""}