{"id":"gen9nationaldexubers-1983733150","p1":"Azzzulli","p2":"BigFishyCheese","format":"[Gen 9] National Dex Ubers","log":"|j|\u2606Azzzulli\n|j|\u2606BigFishyCheese\n|t:|1699169616\n|gametype|singles\n|player|p1|Azzzulli|fisherman-gen4|1138\n|player|p2|BigFishyCheese|cynthia-gen4|1000\n|teamsize|p1|6\n|teamsize|p2|6\n|gen|9\n|tier|[Gen 9] National Dex Ubers\n|rated|\n|rule|HP Percentage Mod: HP is shown in percentages\n|rule|Endless Battle Clause: Forcing endless battles is banned\n|rule|OHKO Clause: OHKO moves are banned\n|rule|Evasion Moves Clause: Evasion moves are banned\n|rule|Evasion Items Clause: Evasion items are banned\n|rule|Species Clause: Limit one of each Pok\u00e9mon\n|rule|Sleep Clause Mod: Limit one foe put to sleep\n|rule|Mega Rayquaza Clause: You cannot mega evolve Rayquaza\n|clearpoke\n|poke|p1|Rillaboom, M|\n|poke|p1|Obstagoon, M|\n|poke|p1|Toxtricity, M|\n|poke|p1|Excadrill, M|\n|poke|p1|Aegislash, M|\n|poke|p1|Kommo-o, M|\n|poke|p2|Charizard, M|\n|poke|p2|Tsareena, F|\n|poke|p2|Zacian-*|\n|poke|p2|Garchomp, M|\n|poke|p2|Gardevoir, M|\n|poke|p2|Talonflame, F|\n|teampreview\n|inactive|Battle timer is ON: inactive players will automatically lose when time's up. (requested by BigFishyCheese)\n|\n|t:|1699169626\n|start\n|switch|p1a: Toxtricity|Toxtricity, M, shiny|100\/100\n|switch|p2a: Garchomp|Garchomp, M|100\/100\n|turn|1\n|c|\u2606BigFishyCheese|This team is by Pokemon Unite btw\n|\n|t:|1699169640\n|switch|p1a: Obstagoon|Obstagoon, M, shiny|100\/100\n|move|p2a: Garchomp|Earthquake|p1a: Obstagoon\n|-damage|p1a: Obstagoon|39\/100\n|\n|-status|p1a: Obstagoon|brn|[from] item: Flame Orb\n|upkeep\n|turn|2\n|\n|t:|1699169649\n|move|p2a: Garchomp|Earthquake|p1a: Obstagoon\n|-damage|p1a: Obstagoon|0 fnt\n|faint|p1a: Obstagoon\n|\n|upkeep\n|\n|t:|1699169660\n|switch|p1a: Rillaboom|Rillaboom, M, shiny|100\/100\n|-fieldstart|move: Grassy Terrain|[from] ability: Grassy Surge|[of] p1a: Rillaboom\n|turn|3\n|\n|t:|1699169676\n|move|p2a: Garchomp|Dragon Claw|p1a: Rillaboom\n|-damage|p1a: Rillaboom|52\/100\n|move|p1a: Rillaboom|Swords Dance|p1a: Rillaboom\n|-boost|p1a: Rillaboom|atk|2\n|\n|-heal|p1a: Rillaboom|58\/100|[from] Grassy Terrain\n|upkeep\n|turn|4\n|\n|t:|1699169684\n|move|p1a: Rillaboom|Grassy Glide|p2a: Garchomp\n|-enditem|p2a: Garchomp|Focus Sash\n|-damage|p2a: Garchomp|1\/100\n|-damage|p1a: Rillaboom|46\/100|[from] ability: Rough Skin|[of] p2a: Garchomp\n|-damage|p1a: Rillaboom|36\/100|[from] item: Life Orb\n|move|p2a: Garchomp|Dragon Claw|p1a: Rillaboom\n|-damage|p1a: Rillaboom|0 fnt\n|faint|p1a: Rillaboom\n|\n|-heal|p2a: Garchomp|7\/100|[from] Grassy Terrain\n|upkeep\n|\n|t:|1699169705\n|switch|p1a: Aegislash|Aegislash, M|100\/100\n|turn|5\n|\n|t:|1699169712\n|-formechange|p1a: Aegislash|Aegislash-Blade||[from] ability: Stance Change\n|move|p1a: Aegislash|Shadow Sneak|p2a: Garchomp\n|-damage|p2a: Garchomp|0 fnt\n|-damage|p1a: Aegislash|88\/100|[from] ability: Rough Skin|[of] p2a: Garchomp\n|faint|p2a: Garchomp\n|\n|-heal|p1a: Aegislash|94\/100|[from] Grassy Terrain\n|upkeep\n|\n|t:|1699169724\n|switch|p2a: Charizard|Charizard, M|100\/100\n|turn|6\n|\n|t:|1699169734\n|-formechange|p1a: Aegislash|Aegislash||[from] ability: Stance Change\n|move|p1a: Aegislash|King's Shield|p1a: Aegislash\n|-singleturn|p1a: Aegislash|Protect\n|move|p2a: Charizard|Flamethrower|p1a: Aegislash\n|-activate|p1a: Aegislash|move: Protect\n|\n|-heal|p1a: Aegislash|100\/100|[from] Grassy Terrain\n|upkeep\n|turn|7\n|\n|t:|1699169750\n|-formechange|p1a: Aegislash|Aegislash-Blade||[from] ability: Stance Change\n|move|p1a: Aegislash|Shadow Sneak|p2a: Charizard\n|-crit|p2a: Charizard\n|-damage|p2a: Charizard|52\/100\n|move|p2a: Charizard|Flamethrower|p1a: Aegislash\n|-supereffective|p1a: Aegislash\n|-damage|p1a: Aegislash|0 fnt\n|faint|p1a: Aegislash\n|\n|-fieldend|move: Grassy Terrain\n|upkeep\n|\n|t:|1699169768\n|switch|p1a: Toxtricity|Toxtricity, M, shiny|100\/100\n|turn|8\n|\n|t:|1699169779\n|move|p1a: Toxtricity|Shift Gear|p1a: Toxtricity\n|-boost|p1a: Toxtricity|spe|2\n|-boost|p1a: Toxtricity|atk|1\n|move|p2a: Charizard|Flamethrower|p1a: Toxtricity\n|-damage|p1a: Toxtricity|29\/100\n|\n|upkeep\n|turn|9\n|\n|t:|1699169786\n|move|p1a: Toxtricity|Overdrive|p2a: Charizard\n|-supereffective|p2a: Charizard\n|-damage|p2a: Charizard|0 fnt\n|faint|p2a: Charizard\n|-enditem|p1a: Toxtricity|Throat Spray\n|-boost|p1a: Toxtricity|spa|1|[from] item: Throat Spray\n|\n|upkeep\n|\n|t:|1699169797\n|switch|p2a: Talonflame|Talonflame, F|100\/100\n|turn|10\n|\n|t:|1699169805\n|move|p1a: Toxtricity|Overdrive|p2a: Talonflame\n|-supereffective|p2a: Talonflame\n|-damage|p2a: Talonflame|0 fnt\n|faint|p2a: Talonflame\n|\n|upkeep\n|\n|t:|1699169810\n|switch|p2a: Gardevoir|Gardevoir, M|100\/100\n|turn|11\n|\n|t:|1699169828\n|move|p1a: Toxtricity|Sludge Wave|p2a: Gardevoir\n|-supereffective|p2a: Gardevoir\n|-damage|p2a: Gardevoir|0 fnt\n|faint|p2a: Gardevoir\n|\n|upkeep\n|\n|t:|1699169837\n|switch|p2a: Zacian|Zacian-Crowned, shiny|100\/100\n|-ability|p2a: Zacian|Intrepid Sword|boost\n|-boost|p2a: Zacian|atk|1\n|turn|12\n|\n|t:|1699169846\n|move|p1a: Toxtricity|Overdrive|p2a: Zacian\n|-damage|p2a: Zacian|41\/100\n|move|p2a: Zacian|Metal Claw|p1a: Toxtricity\n|-resisted|p1a: Toxtricity\n|-damage|p1a: Toxtricity|0 fnt\n|faint|p1a: Toxtricity\n|\n|upkeep\n|\n|t:|1699169857\n|switch|p1a: Kommo-o|Kommo-o, M|100\/100\n|turn|13\n|\n|t:|1699169866\n|-terastallize|p2a: Zacian|Fairy\n|-terastallize|p1a: Kommo-o|Normal\n|move|p2a: Zacian|Play Rough|p1a: Kommo-o\n|-damage|p1a: Kommo-o|6\/100\n|move|p1a: Kommo-o|Clangorous Soul||[still]\n|-fail|p1a: Kommo-o\n|\n|upkeep\n|turn|14\n|\n|t:|1699169876\n|move|p2a: Zacian|Sacred Sword|p1a: Kommo-o\n|-supereffective|p1a: Kommo-o\n|-damage|p1a: Kommo-o|0 fnt\n|faint|p1a: Kommo-o\n|\n|upkeep\n|\n|t:|1699169879\n|switch|p1a: Excadrill|Excadrill, M, shiny|100\/100\n|turn|15\n|\n|t:|1699169885\n|move|p2a: Zacian|Sacred Sword|p1a: Excadrill\n|-supereffective|p1a: Excadrill\n|-enditem|p1a: Excadrill|Focus Sash\n|-damage|p1a: Excadrill|1\/100\n|move|p1a: Excadrill|Iron Head|p2a: Zacian\n|-supereffective|p2a: Zacian\n|-damage|p2a: Zacian|0 fnt\n|faint|p2a: Zacian\n|\n|upkeep\n|\n|t:|1699169893\n|switch|p2a: Tsareena|Tsareena, F|100\/100\n|turn|16\n|\n|t:|1699169899\n|move|p1a: Excadrill|Iron Head|p2a: Tsareena\n|-damage|p2a: Tsareena|53\/100\n|move|p2a: Tsareena|Trop Kick|p1a: Excadrill\n|-damage|p1a: Excadrill|0 fnt\n|faint|p1a: Excadrill\n|\n|win|BigFishyCheese\n|raw|Azzzulli's rating: 1138 &rarr; <strong>1104<\/strong><br \/>(-34 for losing)\n|raw|BigFishyCheese's rating: 1000 &rarr; <strong>1055<\/strong><br \/>(+55 for winning)\n|l|\u2606Azzzulli\n","uploadtime":1699170046,"views":7,"p1id":"azzzulli","p2id":"bigfishycheese","formatid":"gen9nationaldexubers","rating":1055,"private":0,"password":""}