{"id":"gen9nationaldexubers-1993015857","p1":"xsazaz","p2":"AlecIan","format":"[Gen 9] National Dex Ubers","log":"|j|\u2606xsazaz\n|j|\u2606AlecIan\n|t:|1700255732\n|gametype|singles\n|player|p1|xsazaz|hugh|1184\n|player|p2|AlecIan|266|1201\n|teamsize|p1|6\n|teamsize|p2|6\n|gen|9\n|tier|[Gen 9] National Dex Ubers\n|rated|\n|rule|HP Percentage Mod: HP is shown in percentages\n|rule|Endless Battle Clause: Forcing endless battles is banned\n|rule|OHKO Clause: OHKO moves are banned\n|rule|Evasion Moves Clause: Evasion moves are banned\n|rule|Evasion Items Clause: Evasion items are banned\n|rule|Species Clause: Limit one of each Pok\u00e9mon\n|rule|Sleep Clause Mod: Limit one foe put to sleep\n|rule|Mega Rayquaza Clause: You cannot mega evolve Rayquaza\n|clearpoke\n|poke|p1|Gholdengo|\n|poke|p1|Torterra, M|\n|poke|p1|Garganacl, M|\n|poke|p1|Ampharos, M|\n|poke|p1|Lokix, F|\n|poke|p1|Milotic, M|\n|poke|p2|Sylveon, M|\n|poke|p2|Lapras, F|\n|poke|p2|Cofagrigus, M|\n|poke|p2|Mawile, F|\n|poke|p2|Gothitelle, M|\n|poke|p2|Froslass, F|\n|teampreview\n|\n|t:|1700255749\n|start\n|switch|p1a: GuauGuaGuaGuau|Lokix, F|100\/100\n|switch|p2a: Froslass|Froslass, F|100\/100\n|turn|1\n|\n|t:|1700255761\n|switch|p2a: Cofagrigus|Cofagrigus, M|100\/100\n|move|p1a: GuauGuaGuaGuau|U-turn|p2a: Cofagrigus\n|-resisted|p2a: Cofagrigus\n|-damage|p2a: Cofagrigus|75\/100\n|-activate|p2a: Cofagrigus|ability: Mummy|Tinted Lens|[of] p1a: GuauGuaGuaGuau\n|-damage|p1a: GuauGuaGuaGuau|91\/100|[from] item: Life Orb\n|\n|t:|1700255776\n|switch|p1a: Cancichepa|Torterra, M|100\/100|[from] U-turn\n|\n|upkeep\n|turn|2\n|\n|t:|1700255782\n|move|p1a: Cancichepa|Shell Smash|p1a: Cancichepa\n|-unboost|p1a: Cancichepa|def|1\n|-unboost|p1a: Cancichepa|spd|1\n|-boost|p1a: Cancichepa|atk|2\n|-boost|p1a: Cancichepa|spa|2\n|-boost|p1a: Cancichepa|spe|2\n|move|p2a: Cofagrigus|Iron Defense|p2a: Cofagrigus\n|-boost|p2a: Cofagrigus|def|2\n|\n|upkeep\n|turn|3\n|\n|t:|1700255794\n|move|p1a: Cancichepa|Bullet Seed|p2a: Cofagrigus\n|-damage|p2a: Cofagrigus|67\/100\n|-damage|p2a: Cofagrigus|58\/100\n|-crit|p2a: Cofagrigus\n|-damage|p2a: Cofagrigus|34\/100\n|-damage|p2a: Cofagrigus|25\/100\n|-hitcount|p2a: Cofagrigus|4\n|move|p2a: Cofagrigus|Rest|p2a: Cofagrigus\n|-status|p2a: Cofagrigus|slp|[from] move: Rest\n|-heal|p2a: Cofagrigus|100\/100 slp|[silent]\n|-enditem|p2a: Cofagrigus|Chesto Berry|[eat]\n|-curestatus|p2a: Cofagrigus|slp|[msg]\n|\n|upkeep\n|turn|4\n|\n|t:|1700255806\n|move|p1a: Cancichepa|Headlong Rush|p2a: Cofagrigus\n|-damage|p2a: Cofagrigus|60\/100\n|-unboost|p1a: Cancichepa|def|1\n|-unboost|p1a: Cancichepa|spd|1\n|-activate|p2a: Cofagrigus|ability: Mummy|Shell Armor|[of] p1a: Cancichepa\n|move|p2a: Cofagrigus|Iron Defense|p2a: Cofagrigus\n|-boost|p2a: Cofagrigus|def|2\n|\n|upkeep\n|turn|5\n|\n|t:|1700255827\n|move|p1a: Cancichepa|Bullet Seed|p2a: Cofagrigus\n|-damage|p2a: Cofagrigus|53\/100\n|-damage|p2a: Cofagrigus|48\/100\n|-damage|p2a: Cofagrigus|43\/100\n|-damage|p2a: Cofagrigus|37\/100\n|-hitcount|p2a: Cofagrigus|4\n|move|p2a: Cofagrigus|Iron Defense|p2a: Cofagrigus\n|-boost|p2a: Cofagrigus|def|2\n|\n|upkeep\n|turn|6\n|\n|t:|1700255845\n|switch|p1a: Santome|Milotic, M|100\/100\n|move|p2a: Cofagrigus|Rest|p2a: Cofagrigus\n|-status|p2a: Cofagrigus|slp|[from] move: Rest\n|-heal|p2a: Cofagrigus|100\/100 slp|[silent]\n|\n|upkeep\n|turn|7\n|\n|t:|1700255858\n|move|p1a: Santome|Haze|p1a: Santome\n|-clearallboost\n|cant|p2a: Cofagrigus|slp\n|\n|upkeep\n|turn|8\n|\n|t:|1700255865\n|switch|p2a: Gothitelle|Gothitelle, M|100\/100\n|move|p1a: Santome|Scald|p2a: Gothitelle\n|-damage|p2a: Gothitelle|75\/100\n|-status|p2a: Gothitelle|brn\n|\n|-damage|p2a: Gothitelle|69\/100 brn|[from] brn\n|upkeep\n|turn|9\n|\n|t:|1700255878\n|move|p2a: Gothitelle|Trick|p1a: Santome\n|-activate|p2a: Gothitelle|move: Trick|[of] p1a: Santome\n|-item|p1a: Santome|Choice Scarf|[from] move: Trick\n|-item|p2a: Gothitelle|Leftovers|[from] move: Trick\n|move|p1a: Santome|Toxic||[still]\n|-fail|p1a: Santome\n|\n|-heal|p2a: Gothitelle|75\/100 brn|[from] item: Leftovers\n|-damage|p2a: Gothitelle|69\/100 brn|[from] brn\n|upkeep\n|turn|10\n|\n|t:|1700255884\n|move|p1a: Santome|Toxic||[still]\n|-fail|p1a: Santome\n|move|p2a: Gothitelle|Calm Mind|p2a: Gothitelle\n|-boost|p2a: Gothitelle|spa|1\n|-boost|p2a: Gothitelle|spd|1\n|\n|-heal|p2a: Gothitelle|75\/100 brn|[from] item: Leftovers\n|-damage|p2a: Gothitelle|69\/100 brn|[from] brn\n|upkeep\n|turn|11\n|\n|t:|1700255892\n|move|p1a: Santome|Toxic||[still]\n|-fail|p1a: Santome\n|move|p2a: Gothitelle|Calm Mind|p2a: Gothitelle\n|-boost|p2a: Gothitelle|spa|1\n|-boost|p2a: Gothitelle|spd|1\n|\n|-heal|p2a: Gothitelle|75\/100 brn|[from] item: Leftovers\n|-damage|p2a: Gothitelle|69\/100 brn|[from] brn\n|upkeep\n|turn|12\n|\n|t:|1700255900\n|move|p1a: Santome|Toxic||[still]\n|-fail|p1a: Santome\n|move|p2a: Gothitelle|Calm Mind|p2a: Gothitelle\n|-boost|p2a: Gothitelle|spa|1\n|-boost|p2a: Gothitelle|spd|1\n|\n|-heal|p2a: Gothitelle|75\/100 brn|[from] item: Leftovers\n|-damage|p2a: Gothitelle|69\/100 brn|[from] brn\n|upkeep\n|turn|13\n|\n|t:|1700255911\n|move|p1a: Santome|Toxic||[still]\n|-fail|p1a: Santome\n|move|p2a: Gothitelle|Calm Mind|p2a: Gothitelle\n|-boost|p2a: Gothitelle|spa|1\n|-boost|p2a: Gothitelle|spd|1\n|\n|-heal|p2a: Gothitelle|75\/100 brn|[from] item: Leftovers\n|-damage|p2a: Gothitelle|69\/100 brn|[from] brn\n|upkeep\n|turn|14\n|\n|t:|1700255920\n|move|p1a: Santome|Toxic||[still]\n|-fail|p1a: Santome\n|move|p2a: Gothitelle|Calm Mind|p2a: Gothitelle\n|-boost|p2a: Gothitelle|spa|1\n|-boost|p2a: Gothitelle|spd|1\n|\n|-heal|p2a: Gothitelle|75\/100 brn|[from] item: Leftovers\n|-damage|p2a: Gothitelle|69\/100 brn|[from] brn\n|upkeep\n|turn|15\n|\n|t:|1700255934\n|move|p1a: Santome|Toxic||[still]\n|-fail|p1a: Santome\n|move|p2a: Gothitelle|Calm Mind|p2a: Gothitelle\n|-boost|p2a: Gothitelle|spa|1\n|-boost|p2a: Gothitelle|spd|1\n|\n|-heal|p2a: Gothitelle|75\/100 brn|[from] item: Leftovers\n|-damage|p2a: Gothitelle|69\/100 brn|[from] brn\n|upkeep\n|turn|16\n|\n|t:|1700255941\n|move|p1a: Santome|Toxic||[still]\n|-fail|p1a: Santome\n|move|p2a: Gothitelle|Thunderbolt|p1a: Santome\n|-supereffective|p1a: Santome\n|-damage|p1a: Santome|9\/100\n|\n|-heal|p2a: Gothitelle|75\/100 brn|[from] item: Leftovers\n|-damage|p2a: Gothitelle|69\/100 brn|[from] brn\n|upkeep\n|turn|17\n|\n|t:|1700255950\n|move|p1a: Santome|Toxic|p2a: Gothitelle|[miss]\n|-miss|p1a: Santome|p2a: Gothitelle\n|move|p2a: Gothitelle|Thunderbolt|p1a: Santome\n|-supereffective|p1a: Santome\n|-damage|p1a: Santome|0 fnt\n|faint|p1a: Santome\n|\n|-heal|p2a: Gothitelle|75\/100 brn|[from] item: Leftovers\n|-damage|p2a: Gothitelle|69\/100 brn|[from] brn\n|upkeep\n|\n|t:|1700255960\n|switch|p1a: GuauGuaGuaGuau|Lokix, F|91\/100\n|turn|18\n|\n|t:|1700255964\n|-terastallize|p2a: Gothitelle|Electric\n|move|p1a: GuauGuaGuaGuau|First Impression|p2a: Gothitelle\n|-damage|p2a: Gothitelle|30\/100 brn\n|-damage|p1a: GuauGuaGuaGuau|81\/100|[from] item: Life Orb\n|move|p2a: Gothitelle|Thunderbolt|p1a: GuauGuaGuaGuau\n|-damage|p1a: GuauGuaGuaGuau|0 fnt\n|faint|p1a: GuauGuaGuaGuau\n|\n|-heal|p2a: Gothitelle|37\/100 brn|[from] item: Leftovers\n|-damage|p2a: Gothitelle|30\/100 brn|[from] brn\n|upkeep\n|\n|t:|1700255974\n|switch|p1a: K\u00e9zito|Gholdengo|100\/100\n|turn|19\n|\n|t:|1700255981\n|move|p1a: K\u00e9zito|Psychic|p2a: Gothitelle\n|-damage|p2a: Gothitelle|22\/100 brn\n|-unboost|p2a: Gothitelle|spd|1\n|move|p2a: Gothitelle|Thunderbolt|p1a: K\u00e9zito\n|-damage|p1a: K\u00e9zito|0 fnt\n|faint|p1a: K\u00e9zito\n|\n|-heal|p2a: Gothitelle|28\/100 brn|[from] item: Leftovers\n|-damage|p2a: Gothitelle|22\/100 brn|[from] brn\n|upkeep\n|-message|xsazaz forfeited.\n|\n|win|AlecIan\n|raw|xsazaz's rating: 1184 &rarr; <strong>1160<\/strong><br \/>(-24 for losing)\n|raw|AlecIan's rating: 1201 &rarr; <strong>1225<\/strong><br \/>(+24 for winning)\n|l|\u2606xsazaz\n","uploadtime":1700255997,"views":9,"p1id":"xsazaz","p2id":"alecian","formatid":"gen9nationaldexubers","rating":1160,"private":0,"password":""}