{"id":"gen9nationaldexubers-1980072894","p1":"AnimeZZZZ5","p2":"09-10a","format":"[Gen 9] National Dex Ubers","log":"|j|\u2606AnimeZZZZ5\n|j|\u260609-10a\n|t:|1698754372\n|gametype|singles\n|player|p1|AnimeZZZZ5|2|1578\n|player|p2|09-10a|schoolkid-gen4dp|1777\n|teamsize|p1|6\n|teamsize|p2|6\n|gen|9\n|tier|[Gen 9] National Dex Ubers\n|rated|\n|rule|HP Percentage Mod: HP is shown in percentages\n|rule|Endless Battle Clause: Forcing endless battles is banned\n|rule|OHKO Clause: OHKO moves are banned\n|rule|Evasion Moves Clause: Evasion moves are banned\n|rule|Evasion Items Clause: Evasion items are banned\n|rule|Species Clause: Limit one of each Pok\u00e9mon\n|rule|Sleep Clause Mod: Limit one foe put to sleep\n|rule|Mega Rayquaza Clause: You cannot mega evolve Rayquaza\n|clearpoke\n|poke|p1|Arceus-Fairy|\n|poke|p1|Hatterene, F|\n|poke|p1|Melmetal|\n|poke|p1|Calyrex-Ice|\n|poke|p1|Ursaluna-Bloodmoon, M|\n|poke|p1|Yveltal|\n|poke|p2|Eternatus|\n|poke|p2|Arceus-Fairy|\n|poke|p2|Necrozma-Dusk-Mane|\n|poke|p2|Groudon, L99|\n|poke|p2|Marshadow|\n|poke|p2|Zygarde|\n|teampreview\n|inactive|Battle timer is ON: inactive players will automatically lose when time's up. (requested by 09-10a)\n|inactive|AnimeZZZZ5 has 120 seconds left.\n|inactive|09-10a has 120 seconds left.\n|\n|t:|1698754432\n|start\n|switch|p1a: Ursaluna|Ursaluna-Bloodmoon, M|100\/100\n|switch|p2a: Zygarde|Zygarde, shiny|100\/100\n|turn|1\n|inactive|09-10a has 120 seconds left.\n|inactive|09-10a has 90 seconds left.\n|\n|t:|1698754493\n|move|p1a: Ursaluna|Calm Mind|p1a: Ursaluna\n|-boost|p1a: Ursaluna|spa|1\n|-boost|p1a: Ursaluna|spd|1\n|move|p2a: Zygarde|Dragon Tail|p1a: Ursaluna\n|-damage|p1a: Ursaluna|84\/100\n|drag|p1a: Arceus|Arceus-Fairy|100\/100\n|\n|upkeep\n|turn|2\n|inactive|09-10a has 90 seconds left.\n|\n|t:|1698754519\n|switch|p2a: Eternatus|Eternatus|100\/100\n|-ability|p2a: Eternatus|Pressure\n|-item|p2a: Eternatus|Air Balloon\n|move|p1a: Arceus|Trick Room|p1a: Arceus\n|-fieldstart|move: Trick Room|[of] p1a: Arceus\n|\n|upkeep\n|turn|3\n|inactive|09-10a has 90 seconds left.\n|\n|t:|1698754530\n|switch|p1a: Melmetal|Melmetal|100\/100\n|move|p2a: Eternatus|Toxic Spikes|p1a: Melmetal\n|-sidestart|p1: AnimeZZZZ5|move: Toxic Spikes\n|\n|upkeep\n|turn|4\n|inactive|09-10a has 90 seconds left.\n|\n|t:|1698754545\n|switch|p2a: Groudon|Groudon, L99, shiny|100\/100\n|detailschange|p2a: Groudon|Groudon-Primal, L99, shiny\n|-primal|p2a: Groudon|Red Orb\n|-weather|DesolateLand|[from] ability: Desolate Land|[of] p2a: Groudon\n|-terastallize|p1a: Melmetal|Steel\n|move|p1a: Melmetal|Double Iron Bash|p2a: Groudon\n|-resisted|p2a: Groudon\n|-damage|p2a: Groudon|79\/100\n|-resisted|p2a: Groudon\n|-damage|p2a: Groudon|58\/100\n|-hitcount|p2a: Groudon|2\n|\n|-weather|DesolateLand|[upkeep]\n|upkeep\n|turn|5\n|inactive|09-10a has 90 seconds left.\n|\n|t:|1698754551\n|move|p1a: Melmetal|Double Iron Bash|p2a: Groudon\n|-resisted|p2a: Groudon\n|-damage|p2a: Groudon|36\/100\n|-resisted|p2a: Groudon\n|-damage|p2a: Groudon|16\/100\n|-hitcount|p2a: Groudon|2\n|cant|p2a: Groudon|flinch\n|\n|-weather|DesolateLand|[upkeep]\n|upkeep\n|turn|6\n|inactive|09-10a has 90 seconds left.\n|\n|t:|1698754562\n|move|p1a: Melmetal|Double Iron Bash|p2a: Groudon\n|-resisted|p2a: Groudon\n|-damage|p2a: Groudon|0 fnt\n|faint|p2a: Groudon\n|-weather|none\n|-hitcount|p2: Groudon|1\n|\n|-fieldend|move: Trick Room\n|upkeep\n|inactive|09-10a has 90 seconds left.\n|\n|t:|1698754571\n|switch|p2a: Necrozma|Necrozma-Dusk-Mane, shiny|100\/100\n|turn|7\n|\n|t:|1698754582\n|switch|p1a: Yveltal|Yveltal|100\/100\n|-ability|p1a: Yveltal|Dark Aura\n|move|p2a: Necrozma|Dragon Dance|p2a: Necrozma\n|-boost|p2a: Necrozma|atk|1\n|-boost|p2a: Necrozma|spe|1\n|\n|upkeep\n|turn|8\n|\n|t:|1698754592\n|-zpower|p2a: Necrozma\n|move|p2a: Necrozma|Searing Sunraze Smash|p1a: Yveltal|[zeffect]\n|-damage|p1a: Yveltal|0 fnt\n|faint|p1a: Yveltal\n|\n|upkeep\n|\n|t:|1698754602\n|switch|p1a: Hatterene|Hatterene, F|100\/100\n|-status|p1a: Hatterene|psn\n|turn|9\n|\n|t:|1698754610\n|move|p2a: Necrozma|Dragon Dance|p2a: Necrozma\n|-boost|p2a: Necrozma|atk|1\n|-boost|p2a: Necrozma|spe|1\n|move|p1a: Hatterene|Trick Room|p1a: Hatterene\n|-fieldstart|move: Trick Room|[of] p1a: Hatterene\n|\n|-damage|p1a: Hatterene|88\/100 psn|[from] psn\n|upkeep\n|turn|10\n|\n|t:|1698754616\n|move|p1a: Hatterene|Mystical Fire|p2a: Necrozma\n|-supereffective|p2a: Necrozma\n|-damage|p2a: Necrozma|74\/100\n|-unboost|p2a: Necrozma|spa|1\n|move|p2a: Necrozma|Moonlight|p2a: Necrozma\n|-heal|p2a: Necrozma|100\/100\n|\n|-damage|p1a: Hatterene|76\/100 psn|[from] psn\n|upkeep\n|turn|11\n|\n|t:|1698754621\n|switch|p1a: Ursaluna|Ursaluna-Bloodmoon, M|84\/100\n|-status|p1a: Ursaluna|psn\n|move|p2a: Necrozma|Moonlight|p2a: Necrozma\n|-fail|p2a: Necrozma|heal\n|\n|-damage|p1a: Ursaluna|72\/100 psn|[from] psn\n|upkeep\n|turn|12\n|\n|t:|1698754625\n|move|p1a: Ursaluna|Earth Power|p2a: Necrozma\n|-supereffective|p2a: Necrozma\n|-damage|p2a: Necrozma|32\/100\n|-damage|p1a: Ursaluna|62\/100 psn|[from] item: Life Orb\n|move|p2a: Necrozma|Sunsteel Strike|p1a: Ursaluna\n|-damage|p1a: Ursaluna|0 fnt\n|faint|p1a: Ursaluna\n|\n|upkeep\n|\n|t:|1698754641\n|switch|p1a: Melmetal|Melmetal, tera:Steel|100\/100\n|turn|13\n|inactive|09-10a has 120 seconds left.\n|inactive|09-10a has 90 seconds left.\n|inactive|09-10a has 60 seconds left.\n|\n|t:|1698754749\n|move|p1a: Melmetal|Double Iron Bash|p2a: Necrozma\n|-resisted|p2a: Necrozma\n|-damage|p2a: Necrozma|4\/100\n|-resisted|p2a: Necrozma\n|-damage|p2a: Necrozma|0 fnt\n|faint|p2a: Necrozma\n|-hitcount|p2: Necrozma|2\n|\n|-fieldend|move: Trick Room\n|upkeep\n|\n|t:|1698754762\n|switch|p2a: Marshadow|Marshadow|100\/100\n|turn|14\n|inactive|AnimeZZZZ5 has 120 seconds left.\n|\n|t:|1698754798\n|move|p2a: Marshadow|Close Combat|p1a: Melmetal\n|-supereffective|p1a: Melmetal\n|-damage|p1a: Melmetal|0 fnt\n|-unboost|p2a: Marshadow|def|1\n|-unboost|p2a: Marshadow|spd|1\n|faint|p1a: Melmetal\n|\n|upkeep\n|\n|t:|1698754803\n|switch|p1a: Arceus|Arceus-Fairy|100\/100\n|-status|p1a: Arceus|psn\n|turn|15\n|\n|t:|1698754807\n|switch|p2a: Eternatus|Eternatus|100\/100\n|-ability|p2a: Eternatus|Pressure\n|-item|p2a: Eternatus|Air Balloon\n|move|p1a: Arceus|Trick Room|p1a: Arceus\n|-fieldstart|move: Trick Room|[of] p1a: Arceus\n|\n|-damage|p1a: Arceus|88\/100 psn|[from] psn\n|upkeep\n|turn|16\n|inactive|AnimeZZZZ5 has 120 seconds left.\n|\n|t:|1698754824\n|switch|p2a: Arceus|Arceus-Fairy|100\/100\n|move|p1a: Arceus|Healing Wish|p1a: Arceus\n|faint|p1a: Arceus\n|\n|upkeep\n|\n|t:|1698754826\n|switch|p1a: Calyrex|Calyrex-Ice|100\/100\n|-ability|p1a: Calyrex|As One\n|-ability|p1a: Calyrex|Unnerve\n|-status|p1a: Calyrex|psn\n|turn|17\n|inactive|09-10a has 60 seconds left.\n|\n|t:|1698754836\n|-terastallize|p2a: Arceus|Water\n|move|p1a: Calyrex|Glacial Lance|p2a: Arceus\n|-resisted|p2a: Arceus\n|-damage|p2a: Arceus|79\/100\n|move|p2a: Arceus|Judgment|p1a: Calyrex\n|-damage|p1a: Calyrex|67\/100 psn\n|\n|-damage|p1a: Calyrex|54\/100 psn|[from] psn\n|upkeep\n|turn|18\n|\n|t:|1698754844\n|move|p1a: Calyrex|Close Combat|p2a: Arceus\n|-damage|p2a: Arceus|49\/100\n|-unboost|p1a: Calyrex|def|1\n|-unboost|p1a: Calyrex|spd|1\n|move|p2a: Arceus|Recover|p2a: Arceus\n|-heal|p2a: Arceus|99\/100\n|\n|-damage|p1a: Calyrex|42\/100 psn|[from] psn\n|upkeep\n|turn|19\n|-message|AnimeZZZZ5 forfeited.\n|\n|win|09-10a\n|raw|AnimeZZZZ5's rating: 1578 &rarr; <strong>1569<\/strong><br \/>(-9 for losing)\n|raw|09-10a's rating: 1791 &rarr; <strong>1800<\/strong><br \/>(+9 for winning)\n|l|\u2606AnimeZZZZ5\n|l|\u260609-10a\n","uploadtime":1698755228,"views":9,"p1id":"animezzzz5","p2id":"0910a","formatid":"gen9nationaldexubers","rating":1569,"private":0,"password":""}