{"id":"gen9nationaldexubers-1987584638","p1":"NotGlitchXD","p2":"anil kottu god","format":"[Gen 9] National Dex Ubers","log":"|j|\u2606NotGlitchXD\n|j|\u2606anil kottu god\n|t:|1699615735\n|gametype|singles\n|player|p1|NotGlitchXD|richboy-gen4|\n|player|p2|anil kottu god|red|\n|teamsize|p1|6\n|teamsize|p2|6\n|gen|9\n|tier|[Gen 9] National Dex Ubers\n|rule|HP Percentage Mod: HP is shown in percentages\n|rule|Endless Battle Clause: Forcing endless battles is banned\n|rule|OHKO Clause: OHKO moves are banned\n|rule|Evasion Moves Clause: Evasion moves are banned\n|rule|Evasion Items Clause: Evasion items are banned\n|rule|Species Clause: Limit one of each Pok\u00e9mon\n|rule|Sleep Clause Mod: Limit one foe put to sleep\n|rule|Mega Rayquaza Clause: You cannot mega evolve Rayquaza\n|clearpoke\n|poke|p1|Kommo-o, M|\n|poke|p1|Azumarill, F|\n|poke|p1|Decidueye, M|\n|poke|p1|Scizor, M|\n|poke|p1|Toxapex, F|\n|poke|p1|Klefki, F|\n|poke|p2|Garchomp, F|\n|poke|p2|Blaziken, M|\n|poke|p2|Clefable, M|\n|poke|p2|Ferrothorn, F|\n|poke|p2|Cloyster, M|\n|poke|p2|Noivern, M|\n|teampreview\n|l|\u2606NotGlitchXD\n|player|p1|\n|j|\u2606NotGlitchXD\n|player|p1|NotGlitchXD|richboy-gen4\n|\n|t:|1699615827\n|start\n|switch|p1a: Pearl|Azumarill, F|100\/100\n|switch|p2a: Blaziken|Blaziken, M|100\/100\n|turn|1\n|\n|t:|1699615838\n|detailschange|p2a: Blaziken|Blaziken-Mega, M\n|-mega|p2a: Blaziken|Blaziken|Blazikenite\n|move|p2a: Blaziken|Swords Dance|p2a: Blaziken\n|-boost|p2a: Blaziken|atk|2\n|-zpower|p1a: Pearl\n|move|p1a: Pearl|Z-Belly Drum|p1a: Pearl|[anim]Belly Drum\n|-damage|p1a: Pearl|50\/100\n|-setboost|p1a: Pearl|atk|6|[from] move: Belly Drum\n|\n|-ability|p2a: Blaziken|Speed Boost|boost\n|-boost|p2a: Blaziken|spe|1\n|upkeep\n|turn|2\n|c|\u2606anil kottu god|bruhg\n|\n|t:|1699615854\n|move|p1a: Pearl|Aqua Jet|p2a: Blaziken\n|-supereffective|p2a: Blaziken\n|-damage|p2a: Blaziken|0 fnt\n|faint|p2a: Blaziken\n|\n|upkeep\n|c|\u2606anil kottu god|i hate yjis\n|c|\u2606anil kottu god|no z move da\n|c|\u2606NotGlitchXD|Gg\n|\n|t:|1699615868\n|switch|p2a: Ferrothorn|Ferrothorn, F|100\/100\n|turn|3\n|\n|t:|1699615873\n|-terastallize|p2a: Ferrothorn|Grass\n|move|p1a: Pearl|Knock Off|p2a: Ferrothorn\n|-damage|p2a: Ferrothorn|10\/100\n|-enditem|p2a: Ferrothorn|Leftovers|[from] move: Knock Off|[of] p1a: Pearl\n|move|p2a: Ferrothorn|Power Whip|p1a: Pearl\n|-supereffective|p1a: Pearl\n|-damage|p1a: Pearl|0 fnt\n|faint|p1a: Pearl\n|\n|upkeep\n|c|\u2606anil kottu god|gg\n|\n|t:|1699615887\n|switch|p1a: Death|Scizor, M|100\/100\n|turn|4\n|\n|t:|1699615893\n|detailschange|p1a: Death|Scizor-Mega, M\n|-mega|p1a: Death|Scizor|Scizorite\n|move|p1a: Death|Swords Dance|p1a: Death\n|-boost|p1a: Death|atk|2\n|move|p2a: Ferrothorn|Leech Seed|p1a: Death|[miss]\n|-miss|p2a: Ferrothorn|p1a: Death\n|\n|upkeep\n|turn|5\n|\n|t:|1699615905\n|move|p1a: Death|Bullet Punch|p2a: Ferrothorn\n|-damage|p2a: Ferrothorn|0 fnt\n|faint|p2a: Ferrothorn\n|\n|upkeep\n|\n|t:|1699615911\n|switch|p2a: Cloyster|Cloyster, M|100\/100\n|turn|6\n|\n|t:|1699615919\n|move|p1a: Death|Bullet Punch|p2a: Cloyster\n|-damage|p2a: Cloyster|46\/100\n|move|p2a: Cloyster|Shell Smash|p2a: Cloyster\n|-unboost|p2a: Cloyster|def|1\n|-unboost|p2a: Cloyster|spd|1\n|-boost|p2a: Cloyster|atk|2\n|-boost|p2a: Cloyster|spa|2\n|-boost|p2a: Cloyster|spe|2\n|\n|upkeep\n|turn|7\n|\n|t:|1699615929\n|move|p1a: Death|Bullet Punch|p2a: Cloyster\n|-damage|p2a: Cloyster|0 fnt\n|faint|p2a: Cloyster\n|\n|upkeep\n|\n|t:|1699615934\n|switch|p2a: Garchomp|Garchomp, F|100\/100\n|turn|8\n|\n|t:|1699615945\n|move|p2a: Garchomp|Swords Dance|p2a: Garchomp\n|-boost|p2a: Garchomp|atk|2\n|move|p1a: Death|U-turn|p2a: Garchomp\n|-crit|p2a: Garchomp\n|-damage|p2a: Garchomp|0 fnt\n|-damage|p1a: Death|88\/100|[from] ability: Rough Skin|[of] p2a: Garchomp\n|faint|p2a: Garchomp\n|c|\u2606anil kottu god|how always first mve u\n|\n|t:|1699615954\n|switch|p1a: XD|Toxapex, F, shiny|100\/100|[from] U-turn\n|\n|upkeep\n|c|\u2606NotGlitchXD|I'm way faster than u\n|\n|t:|1699615975\n|switch|p2a: Clefable|Clefable, M, shiny|100\/100\n|turn|9\n|\n|t:|1699615981\n|move|p2a: Clefable|Calm Mind|p2a: Clefable\n|-boost|p2a: Clefable|spa|1\n|-boost|p2a: Clefable|spd|1\n|move|p1a: XD|Toxic|p2a: Clefable\n|-status|p2a: Clefable|tox\n|\n|-damage|p2a: Clefable|94\/100 tox|[from] psn\n|upkeep\n|turn|10\n|c|\u2606anil kottu god|i deeleted\n|c|\u2606anil kottu god|it\n|c|\u2606NotGlitchXD|IDC\n|c|\u2606anil kottu god|i thought\n|c|\u2606NotGlitchXD|Tanmay saw\n|c|\u2606anil kottu god|it is\n|c|\u2606NotGlitchXD|Gg\n|\n|t:|1699616013\n|move|p2a: Clefable|Moonblast|p1a: XD\n|-resisted|p1a: XD\n|-damage|p1a: XD|71\/100\n|-unboost|p1a: XD|spa|1\n|-damage|p2a: Clefable|84\/100 tox|[from] item: Life Orb\n|move|p1a: XD|Substitute|p1a: XD\n|-start|p1a: XD|Substitute\n|-damage|p1a: XD|46\/100\n|\n|-heal|p1a: XD|52\/100|[from] item: Black Sludge\n|-damage|p2a: Clefable|72\/100 tox|[from] psn\n|upkeep\n|turn|11\n|c|\u2606NotGlitchXD|And loose\n|c|\u2606NotGlitchXD|Just because I wasn't serious\n|c|\u2606NotGlitchXD|Doesn't mean ure better than me\n|c|\u2606anil kottu god|okok\n|\n|t:|1699616046\n|move|p1a: XD|Baneful Bunker|p1a: XD\n|-singleturn|p1a: XD|move: Protect\n|move|p2a: Clefable|Disarming Voice|p1a: XD\n|-activate|p1a: XD|move: Protect\n|\n|-heal|p1a: XD|58\/100|[from] item: Black Sludge\n|-damage|p2a: Clefable|53\/100 tox|[from] psn\n|upkeep\n|turn|12\n|c|\u2606anil kottu god|dont give excuse\n|c|\u2606NotGlitchXD|Ok\n|\n|t:|1699616061\n|move|p2a: Clefable|Disarming Voice|p1a: XD\n|-resisted|p1a: XD\n|-damage|p1a: XD|47\/100\n|-damage|p2a: Clefable|44\/100 tox|[from] item: Life Orb\n|move|p1a: XD|Recover|p1a: XD\n|-heal|p1a: XD|98\/100\n|\n|-heal|p1a: XD|100\/100|[from] item: Black Sludge\n|-damage|p2a: Clefable|19\/100 tox|[from] psn\n|upkeep\n|turn|13\n|c|\u2606NotGlitchXD|My brother clicked it\n|c|\u2606NotGlitchXD|Remember\n|c|\u2606NotGlitchXD|Hariyama death\n|\n|t:|1699616082\n|move|p1a: XD|Baneful Bunker|p1a: XD\n|-singleturn|p1a: XD|move: Protect\n|move|p2a: Clefable|Disarming Voice|p1a: XD\n|-activate|p1a: XD|move: Protect\n|\n|-damage|p2a: Clefable|0 fnt|[from] psn\n|faint|p2a: Clefable\n|upkeep\n|c|\u2606anil kottu god|tht was lie\n|\n|t:|1699616088\n|switch|p2a: Noivern|Noivern, M|100\/100\n|turn|14\n|\n|t:|1699616096\n|move|p2a: Noivern|Draco Meteor|p1a: XD\n|-damage|p1a: XD|65\/100\n|-unboost|p2a: Noivern|spa|2\n|move|p1a: XD|Toxic|p2a: Noivern\n|-status|p2a: Noivern|tox\n|\n|-heal|p1a: XD|71\/100|[from] item: Black Sludge\n|-damage|p2a: Noivern|94\/100 tox|[from] psn\n|upkeep\n|turn|15\n|c|\u2606NotGlitchXD|Gg\n|c|\u2606NotGlitchXD|Lol\n|c|\u2606anil kottu god|after this one more\n|c|\u2606NotGlitchXD|Ok\n|c|\u2606anil kottu god|but i will go out and cme in 10 mins\n|\n|t:|1699616123\n|move|p2a: Noivern|Draco Meteor|p1a: XD\n|-damage|p1a: XD|54\/100\n|-unboost|p2a: Noivern|spa|2\n|move|p1a: XD|Recover|p1a: XD\n|-heal|p1a: XD|100\/100\n|\n|-damage|p2a: Noivern|82\/100 tox|[from] psn\n|upkeep\n|turn|16\n|c|\u2606anil kottu god|??\n|\n|t:|1699616135\n|move|p1a: XD|Baneful Bunker|p1a: XD\n|-singleturn|p1a: XD|move: Protect\n|move|p2a: Noivern|Draco Meteor|p1a: XD\n|-activate|p1a: XD|move: Protect\n|\n|-damage|p2a: Noivern|64\/100 tox|[from] psn\n|upkeep\n|turn|17\n|\n|t:|1699616153\n|move|p1a: XD|Baneful Bunker||[still]\n|-fail|p1a: XD\n|move|p2a: Noivern|Draco Meteor|p1a: XD\n|-damage|p1a: XD|88\/100\n|-unboost|p2a: Noivern|spa|2\n|\n|-heal|p1a: XD|94\/100|[from] item: Black Sludge\n|-damage|p2a: Noivern|39\/100 tox|[from] psn\n|upkeep\n|turn|18\n|\n|t:|1699616168\n|move|p2a: Noivern|Draco Meteor|p1a: XD\n|-damage|p1a: XD|85\/100\n|move|p1a: XD|Substitute|p1a: XD\n|-fail|p1a: XD|move: Substitute\n|\n|-heal|p1a: XD|91\/100|[from] item: Black Sludge\n|-damage|p2a: Noivern|8\/100 tox|[from] psn\n|upkeep\n|turn|19\n|c|\u2606anil kottu god|i will cme after 10 mins\n|c|\u2606anil kottu god|i will call u bye\n|c|\u2606anil kottu god|then i will defeat u\n|c|\u2606NotGlitchXD|Play\n|c|\u2606anil kottu god|bye\n|\n|t:|1699616188\n|move|p2a: Noivern|Draco Meteor|p1a: XD\n|-crit|p1a: XD\n|-damage|p1a: XD|39\/100\n|move|p1a: XD|Substitute|p1a: XD\n|-fail|p1a: XD|move: Substitute\n|\n|-heal|p1a: XD|45\/100|[from] item: Black Sludge\n|-damage|p2a: Noivern|0 fnt|[from] psn\n|faint|p2a: Noivern\n|\n|win|NotGlitchXD\n|upkeep\n|c|\u2606NotGlitchXD|And then go\n|c|\u2606anil kottu god|ok\n|c|\u2606anil kottu god|cme after 10 mins\n|c|\u2606anil kottu god|i will call\n|c|\u2606anil kottu god|??\n|c|\u2606anil kottu god|?\/\n|c|\u2606anil kottu god|??\n|l|\u2606anil kottu god\n","uploadtime":1699616201,"views":15,"p1id":"notglitchxd","p2id":"anilkottugod","formatid":"gen9nationaldexubers","rating":0,"private":0,"password":""}