{"id":"gen9nationaldexubers-1989670721","p1":"wsgjah","p2":"Dred king","format":"[Gen 9] National Dex Ubers","log":"|j|\u2606wsgjah\n|j|\u2606Dred king\n|t:|1699885313\n|gametype|singles\n|player|p1|wsgjah|roxie|1232\n|player|p2|Dred king|170|1198\n|teamsize|p1|6\n|teamsize|p2|6\n|gen|9\n|tier|[Gen 9] National Dex Ubers\n|rated|\n|rule|HP Percentage Mod: HP is shown in percentages\n|rule|Endless Battle Clause: Forcing endless battles is banned\n|rule|OHKO Clause: OHKO moves are banned\n|rule|Evasion Moves Clause: Evasion moves are banned\n|rule|Evasion Items Clause: Evasion items are banned\n|rule|Species Clause: Limit one of each Pok\u00e9mon\n|rule|Sleep Clause Mod: Limit one foe put to sleep\n|rule|Mega Rayquaza Clause: You cannot mega evolve Rayquaza\n|clearpoke\n|poke|p1|Melmetal|\n|poke|p1|Kyogre|\n|poke|p1|Pyukumuku, F|\n|poke|p1|Regieleki|\n|poke|p1|Victini|\n|poke|p1|Tapu Koko|\n|poke|p2|Kommo-o, M|\n|poke|p2|Skarmory, F|\n|poke|p2|Arceus-Bug|\n|poke|p2|Kartana|\n|poke|p2|Kingambit, M|\n|poke|p2|Sableye, M|\n|teampreview\n|\n|t:|1699885319\n|start\n|switch|p1a: Tapu Koko|Tapu Koko|100\/100\n|switch|p2a: Kommo-o|Kommo-o, M|100\/100\n|-fieldstart|move: Electric Terrain|[from] ability: Electric Surge|[of] p1a: Tapu Koko\n|turn|1\n|\n|t:|1699885327\n|move|p1a: Tapu Koko|Reflect|p1a: Tapu Koko\n|-sidestart|p1: wsgjah|Reflect\n|move|p2a: Kommo-o|Clangorous Soul|p2a: Kommo-o\n|-boost|p2a: Kommo-o|atk|1\n|-boost|p2a: Kommo-o|def|1\n|-boost|p2a: Kommo-o|spa|1\n|-boost|p2a: Kommo-o|spd|1\n|-boost|p2a: Kommo-o|spe|1\n|-damage|p2a: Kommo-o|68\/100\n|\n|upkeep\n|turn|2\n|\n|t:|1699885348\n|-terastallize|p2a: Kommo-o|Dragon\n|move|p2a: Kommo-o|Dragon Dance|p2a: Kommo-o\n|-boost|p2a: Kommo-o|atk|1\n|-boost|p2a: Kommo-o|spe|1\n|move|p1a: Tapu Koko|Light Screen|p1a: Tapu Koko\n|-sidestart|p1: wsgjah|move: Light Screen\n|\n|upkeep\n|turn|3\n|\n|t:|1699885357\n|move|p2a: Kommo-o|Dragon Dance|p2a: Kommo-o\n|-boost|p2a: Kommo-o|atk|1\n|-boost|p2a: Kommo-o|spe|1\n|-zpower|p1a: Tapu Koko\n|move|p1a: Tapu Koko|Guardian of Alola|p2a: Kommo-o|[zeffect]\n|-damage|p2a: Kommo-o|17\/100\n|\n|upkeep\n|turn|4\n|\n|t:|1699885370\n|move|p2a: Kommo-o|Close Combat|p1a: Tapu Koko\n|-resisted|p1a: Tapu Koko\n|-damage|p1a: Tapu Koko|40\/100\n|-unboost|p2a: Kommo-o|def|1\n|-unboost|p2a: Kommo-o|spd|1\n|-damage|p2a: Kommo-o|7\/100|[from] item: Life Orb\n|move|p1a: Tapu Koko|Taunt|p2a: Kommo-o\n|-start|p2a: Kommo-o|move: Taunt\n|\n|upkeep\n|turn|5\n|\n|t:|1699885386\n|switch|p1a: Victini|Victini|100\/100\n|move|p2a: Kommo-o|Close Combat|p1a: Victini\n|-resisted|p1a: Victini\n|-damage|p1a: Victini|48\/100\n|-unboost|p2a: Kommo-o|def|1\n|-unboost|p2a: Kommo-o|spd|1\n|-damage|p2a: Kommo-o|0 fnt|[from] item: Life Orb\n|faint|p2a: Kommo-o\n|\n|-sideend|p1: wsgjah|Reflect\n|-fieldend|move: Electric Terrain\n|upkeep\n|\n|t:|1699885399\n|switch|p2a: Kingambit|Kingambit, M|100\/100\n|-activate|p2a: Kingambit|ability: Supreme Overlord\n|-start|p2a: Kingambit|fallen1|[silent]\n|turn|6\n|\n|t:|1699885408\n|move|p2a: Kingambit|Sucker Punch|p1a: Victini\n|-supereffective|p1a: Victini\n|-damage|p1a: Victini|0 fnt\n|faint|p1a: Victini\n|\n|-sideend|p1: wsgjah|move: Light Screen\n|upkeep\n|\n|t:|1699885417\n|switch|p1a: Tapu Koko|Tapu Koko|40\/100\n|-fieldstart|move: Electric Terrain|[from] ability: Electric Surge|[of] p1a: Tapu Koko\n|turn|7\n|\n|t:|1699885426\n|-end|p2a: Kingambit|fallen1|[silent]\n|switch|p2a: Arceus|Arceus-Bug|100\/100\n|move|p1a: Tapu Koko|Reflect|p1a: Tapu Koko\n|-sidestart|p1: wsgjah|Reflect\n|\n|upkeep\n|turn|8\n|\n|t:|1699885431\n|move|p1a: Tapu Koko|Light Screen|p1a: Tapu Koko\n|-sidestart|p1: wsgjah|move: Light Screen\n|move|p2a: Arceus|Earthquake|p1a: Tapu Koko\n|-supereffective|p1a: Tapu Koko\n|-damage|p1a: Tapu Koko|1\/100\n|\n|upkeep\n|turn|9\n|\n|t:|1699885435\n|move|p1a: Tapu Koko|Nature's Madness|p2a: Arceus\n|-damage|p2a: Arceus|51\/100\n|move|p2a: Arceus|Earthquake|p1a: Tapu Koko\n|-supereffective|p1a: Tapu Koko\n|-damage|p1a: Tapu Koko|0 fnt\n|faint|p1a: Tapu Koko\n|\n|upkeep\n|\n|t:|1699885441\n|switch|p1a: Regieleki|Regieleki|100\/100\n|turn|10\n|\n|t:|1699885449\n|-terastallize|p1a: Regieleki|Electric\n|move|p1a: Regieleki|Thunder|p2a: Arceus|[miss]\n|-miss|p1a: Regieleki|p2a: Arceus\n|move|p2a: Arceus|Earthquake|p1a: Regieleki\n|-supereffective|p1a: Regieleki\n|-damage|p1a: Regieleki|26\/100\n|\n|upkeep\n|turn|11\n|\n|t:|1699885457\n|move|p1a: Regieleki|Thunder|p2a: Arceus\n|-crit|p2a: Arceus\n|-damage|p2a: Arceus|0 fnt\n|faint|p2a: Arceus\n|\n|-sideend|p1: wsgjah|Reflect\n|-fieldend|move: Electric Terrain\n|upkeep\n|\n|t:|1699885462\n|switch|p2a: Sableye|Sableye, M|100\/100\n|turn|12\n|\n|t:|1699885466\n|switch|p1a: Pyukumuku|Pyukumuku, F|100\/100\n|move|p2a: Sableye|Shadow Sneak|p1a: Pyukumuku\n|-damage|p1a: Pyukumuku|87\/100\n|\n|-heal|p1a: Pyukumuku|93\/100|[from] item: Leftovers\n|-sideend|p1: wsgjah|move: Light Screen\n|upkeep\n|turn|13\n|\n|t:|1699885475\n|detailschange|p2a: Sableye|Sableye-Mega, M\n|-mega|p2a: Sableye|Sableye|Sablenite\n|move|p2a: Sableye|Knock Off|p1a: Pyukumuku\n|-crit|p1a: Pyukumuku\n|-damage|p1a: Pyukumuku|36\/100\n|-enditem|p1a: Pyukumuku|Leftovers|[from] move: Knock Off|[of] p2a: Sableye\n|move|p1a: Pyukumuku|Toxic|p2a: Sableye\n|move|p2a: Sableye|Toxic|p1a: Pyukumuku|[from]ability: Magic Bounce\n|-status|p1a: Pyukumuku|tox\n|\n|-damage|p1a: Pyukumuku|30\/100 tox|[from] psn\n|upkeep\n|turn|14\n|c|\u2606wsgjah|ngl fair play\n|\n|t:|1699885492\n|move|p2a: Sableye|Knock Off|p1a: Pyukumuku\n|-damage|p1a: Pyukumuku|4\/100 tox\n|move|p1a: Pyukumuku|Recover|p1a: Pyukumuku\n|-heal|p1a: Pyukumuku|54\/100 tox\n|\n|-damage|p1a: Pyukumuku|42\/100 tox|[from] psn\n|upkeep\n|turn|15\n|c|\u2606Dred king|shit good for now reason\n|\n|t:|1699885507\n|move|p2a: Sableye|Bulk Up|p2a: Sableye\n|-boost|p2a: Sableye|atk|1\n|-boost|p2a: Sableye|def|1\n|move|p1a: Pyukumuku|Recover|p1a: Pyukumuku\n|-heal|p1a: Pyukumuku|92\/100 tox\n|\n|-damage|p1a: Pyukumuku|74\/100 tox|[from] psn\n|upkeep\n|turn|16\n|\n|t:|1699885515\n|move|p2a: Sableye|Bulk Up|p2a: Sableye\n|-boost|p2a: Sableye|atk|1\n|-boost|p2a: Sableye|def|1\n|move|p1a: Pyukumuku|Reflect|p1a: Pyukumuku\n|-sidestart|p1: wsgjah|Reflect\n|\n|-damage|p1a: Pyukumuku|50\/100 tox|[from] psn\n|upkeep\n|turn|17\n|\n|t:|1699885522\n|move|p2a: Sableye|Knock Off|p1a: Pyukumuku\n|-damage|p1a: Pyukumuku|37\/100 tox\n|move|p1a: Pyukumuku|Light Screen|p1a: Pyukumuku\n|-sidestart|p1: wsgjah|move: Light Screen\n|\n|-damage|p1a: Pyukumuku|7\/100 tox|[from] psn\n|upkeep\n|turn|18\n|\n|t:|1699885542\n|switch|p1a: Melmetal|Melmetal|100\/100\n|move|p2a: Sableye|Bulk Up|p2a: Sableye\n|-boost|p2a: Sableye|atk|1\n|-boost|p2a: Sableye|def|1\n|\n|upkeep\n|turn|19\n|\n|t:|1699885553\n|move|p1a: Melmetal|Double Iron Bash|p2a: Sableye\n|-damage|p2a: Sableye|83\/100\n|-damage|p2a: Sableye|66\/100\n|-hitcount|p2a: Sableye|2\n|cant|p2a: Sableye|flinch\n|\n|upkeep\n|turn|20\n|\n|t:|1699885561\n|move|p1a: Melmetal|Double Iron Bash|p2a: Sableye\n|-damage|p2a: Sableye|48\/100\n|-damage|p2a: Sableye|31\/100\n|-hitcount|p2a: Sableye|2\n|cant|p2a: Sableye|flinch\n|\n|-sideend|p1: wsgjah|Reflect\n|upkeep\n|turn|21\n|\n|t:|1699885570\n|move|p1a: Melmetal|Double Iron Bash|p2a: Sableye\n|-damage|p2a: Sableye|13\/100\n|-damage|p2a: Sableye|0 fnt\n|faint|p2a: Sableye\n|-hitcount|p2: Sableye|2\n|\n|-sideend|p1: wsgjah|move: Light Screen\n|upkeep\n|\n|t:|1699885578\n|switch|p2a: Kartana|Kartana|100\/100\n|turn|22\n|\n|t:|1699885589\n|switch|p1a: Pyukumuku|Pyukumuku, F|7\/100 tox\n|move|p2a: Kartana|Swords Dance|p2a: Kartana\n|-boost|p2a: Kartana|atk|2\n|\n|-damage|p1a: Pyukumuku|1\/100 tox|[from] psn\n|upkeep\n|turn|23\n|\n|t:|1699885596\n|move|p2a: Kartana|Leaf Blade|p1a: Pyukumuku\n|-supereffective|p1a: Pyukumuku\n|-damage|p1a: Pyukumuku|0 fnt\n|faint|p1a: Pyukumuku\n|-ability|p2a: Kartana|Beast Boost|boost\n|-boost|p2a: Kartana|atk|1\n|\n|upkeep\n|\n|t:|1699885609\n|switch|p1a: Regieleki|Regieleki, tera:Electric|26\/100\n|turn|24\n|\n|t:|1699885615\n|move|p1a: Regieleki|Thunderbolt|p2a: Kartana\n|-resisted|p2a: Kartana\n|-enditem|p2a: Kartana|Focus Sash\n|-damage|p2a: Kartana|1\/100\n|move|p2a: Kartana|Sacred Sword|p1a: Regieleki\n|-damage|p1a: Regieleki|0 fnt\n|faint|p1a: Regieleki\n|-ability|p2a: Kartana|Beast Boost|boost\n|-boost|p2a: Kartana|atk|1\n|\n|upkeep\n|\n|t:|1699885623\n|switch|p1a: Kyogre|Kyogre|100\/100\n|-weather|RainDance|[from] ability: Drizzle|[of] p1a: Kyogre\n|turn|25\n|\n|t:|1699885628\n|move|p1a: Kyogre|Water Spout|p2a: Kartana\n|-resisted|p2a: Kartana\n|-damage|p2a: Kartana|0 fnt\n|faint|p2a: Kartana\n|\n|-weather|RainDance|[upkeep]\n|upkeep\n|\n|t:|1699885633\n|switch|p2a: Skarmory|Skarmory, F|100\/100\n|turn|26\n|\n|t:|1699885638\n|move|p1a: Kyogre|Water Spout|p2a: Skarmory\n|-ability|p2a: Skarmory|Sturdy\n|-damage|p2a: Skarmory|1\/100\n|move|p2a: Skarmory|Body Press|p1a: Kyogre\n|-damage|p1a: Kyogre|63\/100\n|\n|-weather|RainDance|[upkeep]\n|-heal|p2a: Skarmory|7\/100|[from] item: Leftovers\n|upkeep\n|turn|27\n|c|\u2606Dred king|scarf?\n|\n|t:|1699885649\n|move|p1a: Kyogre|Water Spout|p2a: Skarmory\n|-crit|p2a: Skarmory\n|-damage|p2a: Skarmory|0 fnt\n|faint|p2a: Skarmory\n|\n|-weather|RainDance|[upkeep]\n|upkeep\n|\n|t:|1699885652\n|switch|p2a: Kingambit|Kingambit, M|100\/100\n|-activate|p2a: Kingambit|ability: Supreme Overlord\n|-start|p2a: Kingambit|fallen5|[silent]\n|turn|28\n|\n|t:|1699885656\n|move|p2a: Kingambit|Sucker Punch|p1a: Kyogre\n|-damage|p1a: Kyogre|0 fnt\n|faint|p1a: Kyogre\n|\n|-weather|RainDance|[upkeep]\n|upkeep\n|\n|t:|1699885658\n|switch|p1a: Melmetal|Melmetal|100\/100\n|turn|29\n|\n|t:|1699885668\n|move|p2a: Kingambit|Brick Break|p1a: Melmetal\n|-supereffective|p1a: Melmetal\n|-damage|p1a: Melmetal|52\/100\n|move|p1a: Melmetal|High Horsepower|p2a: Kingambit\n|-supereffective|p2a: Kingambit\n|-damage|p2a: Kingambit|48\/100\n|\n|-weather|none\n|upkeep\n|turn|30\n|\n|t:|1699885675\n|move|p2a: Kingambit|Brick Break|p1a: Melmetal\n|-supereffective|p1a: Melmetal\n|-damage|p1a: Melmetal|3\/100\n|move|p1a: Melmetal|High Horsepower|p2a: Kingambit\n|-supereffective|p2a: Kingambit\n|-damage|p2a: Kingambit|0 fnt\n|faint|p2a: Kingambit\n|-end|p2a: Kingambit|fallen5|[silent]\n|\n|win|wsgjah\n|raw|wsgjah's rating: 1232 &rarr; <strong>1255<\/strong><br \/>(+23 for winning)\n|raw|Dred king's rating: 1198 &rarr; <strong>1175<\/strong><br \/>(-23 for losing)\n|c|\u2606wsgjah|ggs\n|c|\u2606Dred king|gg\n|c|\u2606wsgjah|wp\n|l|\u2606Dred king\n","uploadtime":1699885697,"views":29,"p1id":"wsgjah","p2id":"dredking","formatid":"gen9nationaldexubers","rating":1175,"private":0,"password":""}