{"id":"gen9nationaldexubers-1992395456","p1":"MozartJr2k6","p2":"JoeyArms0617","format":"[Gen 9] National Dex Ubers","log":"|j|\u2606MozartJr2k6\n|j|\u2606JoeyArms0617\n|t:|1700182613\n|gametype|singles\n|player|p1|MozartJr2k6|2|1027\n|player|p2|JoeyArms0617|rosa|1039\n|teamsize|p1|6\n|teamsize|p2|6\n|gen|9\n|tier|[Gen 9] National Dex Ubers\n|rated|\n|rule|HP Percentage Mod: HP is shown in percentages\n|rule|Endless Battle Clause: Forcing endless battles is banned\n|rule|OHKO Clause: OHKO moves are banned\n|rule|Evasion Moves Clause: Evasion moves are banned\n|rule|Evasion Items Clause: Evasion items are banned\n|rule|Species Clause: Limit one of each Pok\u00e9mon\n|rule|Sleep Clause Mod: Limit one foe put to sleep\n|rule|Mega Rayquaza Clause: You cannot mega evolve Rayquaza\n|clearpoke\n|poke|p1|Azumarill, M|\n|poke|p1|Cyclizar, M|\n|poke|p1|Zoroark, F|\n|poke|p1|Moltres-Galar|\n|poke|p1|Weavile, M|\n|poke|p1|Rattata, L1, M|\n|poke|p2|Palafin, F|\n|poke|p2|Overqwil, F|\n|poke|p2|Claydol|\n|poke|p2|Krookodile, M|\n|poke|p2|Typhlosion-Hisui, F|\n|poke|p2|Oranguru, M|\n|teampreview\n|\n|t:|1700182634\n|start\n|switch|p1a: Cyclizar|Cyclizar, M|100\/100\n|switch|p2a: Phoenix Joe|Palafin, F|100\/100\n|turn|1\n|c|\u2606JoeyArms0617|oh no lvl 1 rattata\n|\n|t:|1700182641\n|move|p1a: Cyclizar|Shed Tail|p1a: Cyclizar\n|-start|p1a: Cyclizar|Substitute|[from] move: Shed Tail\n|-damage|p1a: Cyclizar|50\/100\n|\n|t:|1700182644\n|switch|p1a: Azumarill|Azumarill, M|100\/100|[from] Shed Tail\n|move|p2a: Phoenix Joe|Icy Wind|p1a: Azumarill\n|-resisted|p1a: Azumarill\n|-activate|p1a: Azumarill|move: Substitute|[damage]\n|\n|upkeep\n|turn|2\n|\n|t:|1700182656\n|move|p2a: Phoenix Joe|Body Slam|p1a: Azumarill\n|-activate|p1a: Azumarill|move: Substitute|[damage]\n|move|p1a: Azumarill|Perish Song|p1a: Azumarill\n|-start|p1a: Azumarill|perish3|[silent]\n|-start|p2a: Phoenix Joe|perish3|[silent]\n|-fieldactivate|move: Perish Song\n|\n|-start|p2a: Phoenix Joe|perish3\n|-start|p1a: Azumarill|perish3\n|upkeep\n|turn|3\n|\n|t:|1700182666\n|detailschange|p2a: Phoenix Joe|Palafin-Hero, F\n|switch|p2a: Vinnie & Spike|Overqwil, F|100\/100\n|move|p1a: Azumarill|Whirlpool|p2a: Vinnie & Spike\n|-damage|p2a: Vinnie & Spike|87\/100\n|-activate|p2a: Vinnie & Spike|move: Whirlpool|[of] p1a: Azumarill\n|-enditem|p2a: Vinnie & Spike|Absorb Bulb\n|-boost|p2a: Vinnie & Spike|spa|1|[from] item: Absorb Bulb\n|\n|-damage|p2a: Vinnie & Spike|74\/100|[from] move: Whirlpool|[partiallytrapped]\n|-start|p1a: Azumarill|perish2\n|upkeep\n|turn|4\n|\n|t:|1700182687\n|move|p2a: Vinnie & Spike|Barb Barrage|p1a: Azumarill\n|-supereffective|p1a: Azumarill\n|-end|p1a: Azumarill|Substitute\n|move|p1a: Azumarill|Substitute|p1a: Azumarill\n|-start|p1a: Azumarill|Substitute\n|-damage|p1a: Azumarill|75\/100\n|\n|-heal|p1a: Azumarill|82\/100|[from] item: Leftovers\n|-damage|p2a: Vinnie & Spike|62\/100|[from] move: Whirlpool|[partiallytrapped]\n|-start|p1a: Azumarill|perish1\n|upkeep\n|turn|5\n|\n|t:|1700182699\n|move|p2a: Vinnie & Spike|Venoshock|p1a: Azumarill\n|-supereffective|p1a: Azumarill\n|-end|p1a: Azumarill|Substitute\n|move|p1a: Azumarill|Belly Drum|p1a: Azumarill\n|-damage|p1a: Azumarill|32\/100\n|-setboost|p1a: Azumarill|atk|6|[from] move: Belly Drum\n|\n|-heal|p1a: Azumarill|38\/100|[from] item: Leftovers\n|-damage|p2a: Vinnie & Spike|50\/100|[from] move: Whirlpool|[partiallytrapped]\n|-start|p1a: Azumarill|perish0\n|upkeep\n|faint|p1a: Azumarill\n|\n|t:|1700182711\n|switch|p1a: Rattata|Rattata, M|100\/100\n|turn|6\n|\n|t:|1700182720\n|move|p1a: Rattata|Copycat|p1a: Rattata\n|move|p1a: Rattata|Belly Drum|p1a: Rattata|[from]move: Copycat\n|-damage|p1a: Rattata|51\/100\n|-setboost|p1a: Rattata|atk|6|[from] move: Belly Drum\n|move|p2a: Vinnie & Spike|Barb Barrage|p1a: Rattata\n|-damage|p1a: Rattata|4\/100\n|replace|p1a: Zoroark|Zoroark, F\n|-end|p1a: Zoroark|Illusion\n|-enditem|p1a: Zoroark|Sitrus Berry|[eat]\n|-heal|p1a: Zoroark|28\/100|[from] item: Sitrus Berry\n|\n|-end|p2a: Vinnie & Spike|Whirlpool|[partiallytrapped]|[silent]\n|upkeep\n|turn|7\n|\n|t:|1700182743\n|move|p1a: Zoroark|Knock Off|p2a: Vinnie & Spike\n|-resisted|p2a: Vinnie & Spike\n|-damage|p2a: Vinnie & Spike|0 fnt\n|faint|p2a: Vinnie & Spike\n|\n|upkeep\n|\n|t:|1700182749\n|switch|p2a: Phoenix Joe|Palafin-Hero, F|100\/100\n|-activate|p2a: Phoenix Joe|ability: Zero to Hero\n|turn|8\n|\n|t:|1700182761\n|move|p1a: Zoroark|Knock Off|p2a: Phoenix Joe\n|-damage|p2a: Phoenix Joe|0 fnt\n|-enditem|p2a: Phoenix Joe|Eject Pack|[from] move: Knock Off|[of] p1a: Zoroark\n|faint|p2a: Phoenix Joe\n|\n|upkeep\n|\n|t:|1700182767\n|switch|p2a: Wesker|Krookodile, M|100\/100\n|-ability|p2a: Wesker|Intimidate|boost\n|-unboost|p1a: Zoroark|atk|1\n|turn|9\n|\n|t:|1700182774\n|move|p1a: Zoroark|Knock Off|p2a: Wesker\n|-resisted|p2a: Wesker\n|-damage|p2a: Wesker|6\/100\n|-enditem|p2a: Wesker|Adrenaline Orb|[from] move: Knock Off|[of] p1a: Zoroark\n|move|p2a: Wesker|Take Down|p1a: Zoroark|[miss]\n|-miss|p2a: Wesker|p1a: Zoroark\n|\n|upkeep\n|turn|10\n|\n|t:|1700182784\n|move|p1a: Zoroark|Knock Off|p2a: Wesker\n|-resisted|p2a: Wesker\n|-damage|p2a: Wesker|0 fnt\n|faint|p2a: Wesker\n|\n|upkeep\n|\n|t:|1700182792\n|switch|p2a: Winston|Oranguru, M|100\/100\n|turn|11\n|\n|t:|1700182798\n|-terastallize|p2a: Winston|Fighting\n|move|p1a: Zoroark|Knock Off|p2a: Winston\n|-resisted|p2a: Winston\n|-damage|p2a: Winston|17\/100\n|-enditem|p2a: Winston|Insect Plate|[from] move: Knock Off|[of] p1a: Zoroark\n|move|p2a: Winston|Payback|p1a: Zoroark\n|-resisted|p1a: Zoroark\n|-damage|p1a: Zoroark|12\/100\n|\n|upkeep\n|turn|12\n|\n|t:|1700182808\n|move|p1a: Zoroark|Knock Off|p2a: Winston\n|-resisted|p2a: Winston\n|-damage|p2a: Winston|0 fnt\n|faint|p2a: Winston\n|\n|upkeep\n|\n|t:|1700182821\n|switch|p2a: Voltar|Claydol|100\/100\n|turn|13\n|\n|t:|1700182830\n|move|p1a: Zoroark|Knock Off|p2a: Voltar\n|-supereffective|p2a: Voltar\n|-damage|p2a: Voltar|0 fnt\n|-enditem|p2a: Voltar|Lagging Tail|[from] move: Knock Off|[of] p1a: Zoroark\n|faint|p2a: Voltar\n|\n|upkeep\n|\n|t:|1700182836\n|switch|p2a: Widowmaker|Typhlosion-Hisui, F|100\/100\n|turn|14\n|\n|t:|1700182840\n|move|p1a: Zoroark|Knock Off|p2a: Widowmaker\n|-supereffective|p2a: Widowmaker\n|-damage|p2a: Widowmaker|0 fnt\n|-enditem|p2a: Widowmaker|Full Incense|[from] move: Knock Off|[of] p1a: Zoroark\n|faint|p2a: Widowmaker\n|\n|win|MozartJr2k6\n|raw|MozartJr2k6's rating: 1027 &rarr; <strong>1064<\/strong><br \/>(+37 for winning)\n|raw|JoeyArms0617's rating: 1039 &rarr; <strong>1023<\/strong><br \/>(-16 for losing)\n","uploadtime":1700182890,"views":15,"p1id":"mozartjr2k6","p2id":"joeyarms0617","formatid":"gen9nationaldexubers","rating":1023,"private":0,"password":""}