{"id":"gen9nationaldexubers-1997164320","p1":"EmperorDave_420xx","p2":"James_rrr","format":"[Gen 9] National Dex Ubers","log":"|j|\u2606EmperorDave_420xx\n|j|\u2606James_rrr\n|t:|1700771079\n|gametype|singles\n|player|p1|EmperorDave_420xx|red-masters|1007\n|player|p2|James_rrr|1|1003\n|teamsize|p1|6\n|teamsize|p2|6\n|gen|9\n|tier|[Gen 9] National Dex Ubers\n|rated|\n|rule|HP Percentage Mod: HP is shown in percentages\n|rule|Endless Battle Clause: Forcing endless battles is banned\n|rule|OHKO Clause: OHKO moves are banned\n|rule|Evasion Moves Clause: Evasion moves are banned\n|rule|Evasion Items Clause: Evasion items are banned\n|rule|Species Clause: Limit one of each Pok\u00e9mon\n|rule|Sleep Clause Mod: Limit one foe put to sleep\n|rule|Mega Rayquaza Clause: You cannot mega evolve Rayquaza\n|clearpoke\n|poke|p1|Pikachu, M|\n|poke|p1|Braviary-Hisui, M|\n|poke|p1|Annihilape, M|\n|poke|p1|Toedscruel, F|\n|poke|p1|Skeledirge, M|\n|poke|p1|Palafin, M|\n|poke|p2|Emboar, F|\n|poke|p2|Cinccino, M|\n|poke|p2|Escavalier, M|\n|poke|p2|Simipour, M|\n|poke|p2|Roserade, F|\n|poke|p2|Galvantula, M|\n|teampreview\n|\n|t:|1700771085\n|start\n|switch|p1a: Palafin|Palafin, M|100\/100\n|switch|p2a: Galvantula|Galvantula, M|100\/100\n|turn|1\n|\n|t:|1700771093\n|detailschange|p1a: Palafin|Palafin-Hero, M\n|switch|p1a: Toedscruel|Toedscruel, F|100\/100\n|move|p2a: Galvantula|Sticky Web|p1a: Toedscruel\n|-sidestart|p1: EmperorDave_420xx|move: Sticky Web\n|\n|upkeep\n|turn|2\n|\n|t:|1700771103\n|move|p2a: Galvantula|Bug Buzz|p1a: Toedscruel\n|-supereffective|p1a: Toedscruel\n|-crit|p1a: Toedscruel\n|-enditem|p1a: Toedscruel|Focus Sash\n|-damage|p1a: Toedscruel|1\/100\n|move|p1a: Toedscruel|Sludge Bomb|p2a: Galvantula\n|-damage|p2a: Galvantula|60\/100\n|\n|upkeep\n|turn|3\n|\n|t:|1700771124\n|switch|p1a: Pikachu|Pikachu, M|100\/100\n|-activate|p1a: Pikachu|move: Sticky Web\n|-unboost|p1a: Pikachu|spe|1\n|move|p2a: Galvantula|Bug Buzz|p1a: Pikachu\n|-damage|p1a: Pikachu|0 fnt\n|faint|p1a: Pikachu\n|\n|upkeep\n|\n|t:|1700771137\n|switch|p1a: Palafin|Palafin-Hero, M|100\/100\n|-activate|p1a: Palafin|move: Sticky Web\n|-unboost|p1a: Palafin|spe|1\n|-activate|p1a: Palafin|ability: Zero to Hero\n|turn|4\n|\n|t:|1700771148\n|-terastallize|p1a: Palafin|Fairy\n|move|p1a: Palafin|Jet Punch|p2a: Galvantula\n|-damage|p2a: Galvantula|0 fnt\n|faint|p2a: Galvantula\n|\n|upkeep\n|\n|t:|1700771168\n|switch|p2a: Roserade|Roserade, F|100\/100\n|turn|5\n|\n|t:|1700771172\n|switch|p1a: Braviary|Braviary-Hisui, M|100\/100\n|move|p2a: Roserade|Energy Ball|p1a: Braviary\n|-resisted|p1a: Braviary\n|-damage|p1a: Braviary|72\/100\n|\n|-heal|p1a: Braviary|78\/100|[from] item: Leftovers\n|upkeep\n|turn|6\n|\n|t:|1700771177\n|move|p2a: Roserade|Shadow Ball|p1a: Braviary\n|-supereffective|p1a: Braviary\n|-damage|p1a: Braviary|16\/100\n|move|p1a: Braviary|Defog|p2a: Roserade\n|-unboost|p2a: Roserade|evasion|1\n|-sideend|p1: EmperorDave_420xx|Sticky Web|[from] move: Defog|[of] p1a: Braviary\n|\n|-heal|p1a: Braviary|23\/100|[from] item: Leftovers\n|upkeep\n|turn|7\n|\n|t:|1700771184\n|move|p2a: Roserade|Shadow Ball|p1a: Braviary\n|-supereffective|p1a: Braviary\n|-damage|p1a: Braviary|0 fnt\n|faint|p1a: Braviary\n|\n|upkeep\n|\n|t:|1700771188\n|switch|p1a: Skeledirge|Skeledirge, M|100\/100\n|turn|8\n|\n|t:|1700771197\n|move|p2a: Roserade|Shadow Ball|p1a: Skeledirge\n|-supereffective|p1a: Skeledirge\n|-damage|p1a: Skeledirge|41\/100\n|move|p1a: Skeledirge|Torch Song|p2a: Roserade\n|-supereffective|p2a: Roserade\n|-damage|p2a: Roserade|2\/100\n|-boost|p1a: Skeledirge|spa|1\n|\n|-heal|p2a: Roserade|8\/100|[from] item: Leftovers\n|upkeep\n|turn|9\n|\n|t:|1700771204\n|move|p2a: Roserade|Shadow Ball|p1a: Skeledirge\n|-supereffective|p1a: Skeledirge\n|-damage|p1a: Skeledirge|0 fnt\n|faint|p1a: Skeledirge\n|\n|-heal|p2a: Roserade|14\/100|[from] item: Leftovers\n|upkeep\n|\n|t:|1700771206\n|switch|p1a: Palafin|Palafin-Hero, M, tera:Fairy|100\/100\n|turn|10\n|\n|t:|1700771215\n|move|p1a: Palafin|Jet Punch|p2a: Roserade\n|-resisted|p2a: Roserade\n|-damage|p2a: Roserade|0 fnt\n|faint|p2a: Roserade\n|\n|upkeep\n|\n|t:|1700771219\n|switch|p2a: Escavalier|Escavalier, M|100\/100\n|turn|11\n|\n|t:|1700771223\n|move|p1a: Palafin|Bulk Up|p1a: Palafin\n|-boost|p1a: Palafin|atk|1\n|-boost|p1a: Palafin|def|1\n|move|p2a: Escavalier|Smart Strike|p1a: Palafin\n|-supereffective|p1a: Palafin\n|-damage|p1a: Palafin|25\/100\n|-damage|p2a: Escavalier|91\/100|[from] item: Life Orb\n|\n|-heal|p1a: Palafin|31\/100|[from] item: Leftovers\n|upkeep\n|turn|12\n|\n|t:|1700771232\n|move|p1a: Palafin|Jet Punch|p2a: Escavalier\n|-damage|p2a: Escavalier|37\/100\n|move|p2a: Escavalier|Smart Strike|p1a: Palafin\n|-supereffective|p1a: Palafin\n|-damage|p1a: Palafin|0 fnt\n|faint|p1a: Palafin\n|-damage|p2a: Escavalier|27\/100|[from] item: Life Orb\n|\n|upkeep\n|\n|t:|1700771235\n|switch|p1a: Annihilape|Annihilape, M|100\/100\n|turn|13\n|\n|t:|1700771245\n|move|p1a: Annihilape|Drain Punch|p2a: Escavalier\n|-damage|p2a: Escavalier|0 fnt\n|faint|p2a: Escavalier\n|\n|upkeep\n|\n|t:|1700771257\n|switch|p2a: Cinccino|Cinccino, M|100\/100\n|turn|14\n|\n|t:|1700771271\n|move|p2a: Cinccino|Dazzling Gleam|p1a: Annihilape\n|-supereffective|p1a: Annihilape\n|-damage|p1a: Annihilape|64\/100\n|move|p1a: Annihilape|Drain Punch|p2a: Cinccino\n|-supereffective|p2a: Cinccino\n|-damage|p2a: Cinccino|0 fnt\n|-heal|p1a: Annihilape|100\/100|[from] drain|[of] p2a: Cinccino\n|faint|p2a: Cinccino\n|\n|upkeep\n|\n|t:|1700771279\n|switch|p2a: Simipour|Simipour, M|100\/100\n|turn|15\n|\n|t:|1700771283\n|move|p2a: Simipour|Knock Off|p1a: Annihilape\n|-damage|p1a: Annihilape|70\/100\n|-enditem|p1a: Annihilape|Leftovers|[from] move: Knock Off|[of] p2a: Simipour\n|move|p1a: Annihilape|Bulk Up|p1a: Annihilape\n|-boost|p1a: Annihilape|atk|1\n|-boost|p1a: Annihilape|def|1\n|\n|upkeep\n|turn|16\n|\n|t:|1700771289\n|move|p2a: Simipour|Aqua Tail|p1a: Annihilape\n|-damage|p1a: Annihilape|40\/100\n|move|p1a: Annihilape|Rage Fist|p2a: Simipour\n|-damage|p2a: Simipour|0 fnt\n|faint|p2a: Simipour\n|\n|upkeep\n|\n|t:|1700771295\n|switch|p2a: Emboar|Emboar, F|100\/100\n|turn|17\n|\n|t:|1700771301\n|-terastallize|p2a: Emboar|Fire\n|move|p1a: Annihilape|Drain Punch|p2a: Emboar\n|-damage|p2a: Emboar|36\/100\n|-heal|p1a: Annihilape|78\/100|[from] drain|[of] p2a: Emboar\n|move|p2a: Emboar|Heat Crash|p1a: Annihilape\n|-damage|p1a: Annihilape|44\/100\n|\n|upkeep\n|turn|18\n|\n|t:|1700771310\n|move|p1a: Annihilape|Drain Punch|p2a: Emboar\n|-damage|p2a: Emboar|0 fnt\n|-heal|p1a: Annihilape|65\/100|[from] drain|[of] p2a: Emboar\n|faint|p2a: Emboar\n|\n|win|EmperorDave_420xx\n|raw|EmperorDave_420xx's rating: 1007 &rarr; <strong>1046<\/strong><br \/>(+39 for winning)\n|raw|James_rrr's rating: 1003 &rarr; <strong>1000<\/strong><br \/>(-3 for losing)\n","uploadtime":1700771313,"views":6,"p1id":"emperordave420xx","p2id":"jamesrrr","formatid":"gen9nationaldexubers","rating":1000,"private":0,"password":""}