{"id":"gen9nationaldexubers-1983650854","p1":"spidernoculus","p2":"Berad773","format":"[Gen 9] National Dex Ubers","log":"|j|\u2606spidernoculus\n|j|\u2606Berad773\n|t:|1699154035\n|gametype|singles\n|player|p1|spidernoculus|rosa|\n|player|p2|Berad773|101|\n|teamsize|p1|6\n|teamsize|p2|6\n|gen|9\n|tier|[Gen 9] National Dex Ubers\n|rule|HP Percentage Mod: HP is shown in percentages\n|rule|Endless Battle Clause: Forcing endless battles is banned\n|rule|OHKO Clause: OHKO moves are banned\n|rule|Evasion Moves Clause: Evasion moves are banned\n|rule|Evasion Items Clause: Evasion items are banned\n|rule|Species Clause: Limit one of each Pok\u00e9mon\n|rule|Sleep Clause Mod: Limit one foe put to sleep\n|rule|Mega Rayquaza Clause: You cannot mega evolve Rayquaza\n|clearpoke\n|poke|p1|Groudon|\n|poke|p1|Blaziken, F|\n|poke|p1|Walking Wake|\n|poke|p1|Arceus-Grass|\n|poke|p1|Ting-Lu|\n|poke|p1|Clodsire, M|\n|poke|p2|Kyogre|\n|poke|p2|Lugia|\n|poke|p2|Iron Bundle|\n|poke|p2|Arceus-Grass|\n|poke|p2|Regieleki|\n|poke|p2|Deoxys|\n|teampreview\n|\n|t:|1699154050\n|start\n|switch|p1a: Arceus|Arceus-Grass|100\/100\n|switch|p2a: Kyogre|Kyogre|100\/100\n|-weather|RainDance|[from] ability: Drizzle|[of] p2a: Kyogre\n|turn|1\n|\n|t:|1699154066\n|move|p1a: Arceus|Judgment|p2a: Kyogre\n|-supereffective|p2a: Kyogre\n|-damage|p2a: Kyogre|14\/100\n|move|p2a: Kyogre|Ice Beam|p1a: Arceus\n|-supereffective|p1a: Arceus\n|-damage|p1a: Arceus|44\/100\n|\n|-weather|RainDance|[upkeep]\n|-heal|p2a: Kyogre|20\/100|[from] item: Leftovers\n|upkeep\n|turn|2\n|\n|t:|1699154077\n|switch|p2a: Arceus|Arceus-Grass|100\/100\n|move|p1a: Arceus|Judgment|p2a: Arceus\n|-resisted|p2a: Arceus\n|-damage|p2a: Arceus|74\/100\n|\n|-weather|RainDance|[upkeep]\n|upkeep\n|turn|3\n|\n|t:|1699154089\n|move|p2a: Arceus|Dazzling Gleam|p1a: Arceus\n|-damage|p1a: Arceus|22\/100\n|move|p1a: Arceus|Ice Beam|p2a: Arceus\n|-supereffective|p2a: Arceus\n|-damage|p2a: Arceus|26\/100\n|\n|-weather|RainDance|[upkeep]\n|upkeep\n|turn|4\n|\n|t:|1699154099\n|move|p2a: Arceus|Dazzling Gleam|p1a: Arceus\n|-damage|p1a: Arceus|0 fnt\n|faint|p1a: Arceus\n|\n|-weather|RainDance|[upkeep]\n|upkeep\n|\n|t:|1699154110\n|switch|p1a: Groudon|Groudon|100\/100\n|-weather|SunnyDay|[from] ability: Drought|[of] p1a: Groudon\n|turn|5\n|\n|t:|1699154121\n|switch|p2a: Kyogre|Kyogre|20\/100\n|-weather|RainDance|[from] ability: Drizzle|[of] p2a: Kyogre\n|move|p1a: Groudon|Stealth Rock|p2a: Kyogre\n|-sidestart|p2: Berad773|move: Stealth Rock\n|\n|-weather|RainDance|[upkeep]\n|-heal|p2a: Kyogre|26\/100|[from] item: Leftovers\n|upkeep\n|turn|6\n|\n|t:|1699154136\n|switch|p1a: Walking Wake|Walking Wake|100\/100\n|move|p2a: Kyogre|Rest|p2a: Kyogre\n|-status|p2a: Kyogre|slp|[from] move: Rest\n|-heal|p2a: Kyogre|100\/100 slp|[silent]\n|\n|-weather|RainDance|[upkeep]\n|upkeep\n|turn|7\n|\n|t:|1699154156\n|-end|p1a: Walking Wake|Protosynthesis|[silent]\n|switch|p1a: Clodsire|Clodsire, M|100\/100\n|cant|p2a: Kyogre|slp\n|\n|-weather|RainDance|[upkeep]\n|upkeep\n|turn|8\n|\n|t:|1699154166\n|cant|p2a: Kyogre|slp\n|move|p1a: Clodsire|Toxic Spikes|p2a: Kyogre\n|-sidestart|p2: Berad773|move: Toxic Spikes\n|\n|-weather|RainDance|[upkeep]\n|upkeep\n|turn|9\n|\n|t:|1699154177\n|-curestatus|p2a: Kyogre|slp|[msg]\n|move|p2a: Kyogre|Ice Beam|p1a: Clodsire\n|-supereffective|p1a: Clodsire\n|-damage|p1a: Clodsire|60\/100\n|move|p1a: Clodsire|Toxic Spikes|p2a: Kyogre\n|-sidestart|p2: Berad773|move: Toxic Spikes\n|\n|-weather|none\n|-heal|p1a: Clodsire|66\/100|[from] item: Black Sludge\n|upkeep\n|turn|10\n|\n|t:|1699154188\n|move|p2a: Kyogre|Ice Beam|p1a: Clodsire\n|-supereffective|p1a: Clodsire\n|-damage|p1a: Clodsire|27\/100\n|move|p1a: Clodsire|Yawn|p2a: Kyogre\n|-start|p2a: Kyogre|move: Yawn|[of] p1a: Clodsire\n|\n|-heal|p1a: Clodsire|34\/100|[from] item: Black Sludge\n|upkeep\n|turn|11\n|\n|t:|1699154203\n|switch|p1a: Groudon|Groudon|100\/100\n|-weather|SunnyDay|[from] ability: Drought|[of] p1a: Groudon\n|move|p2a: Kyogre|Origin Pulse|p1a: Groudon\n|-supereffective|p1a: Groudon\n|-damage|p1a: Groudon|30\/100\n|\n|-weather|SunnyDay|[upkeep]\n|-end|p2a: Kyogre|move: Yawn|[silent]\n|-status|p2a: Kyogre|slp\n|upkeep\n|turn|12\n|\n|t:|1699154221\n|switch|p2a: Lugia|Lugia|100\/100\n|-damage|p2a: Lugia|75\/100|[from] Stealth Rock\n|-ability|p2a: Lugia|Pressure\n|move|p1a: Groudon|Swords Dance|p1a: Groudon\n|-boost|p1a: Groudon|atk|2\n|\n|-weather|SunnyDay|[upkeep]\n|-heal|p2a: Lugia|82\/100|[from] item: Leftovers\n|upkeep\n|turn|13\n|\n|t:|1699154236\n|move|p2a: Lugia|Defog|p1a: Groudon\n|-unboost|p1a: Groudon|evasion|1\n|-sideend|p2: Berad773|Toxic Spikes|[from] move: Defog|[of] p2a: Lugia\n|-sideend|p2: Berad773|Stealth Rock|[from] move: Defog|[of] p2a: Lugia\n|move|p1a: Groudon|Fire Punch|p2a: Lugia\n|-damage|p2a: Lugia|27\/100\n|\n|-weather|SunnyDay|[upkeep]\n|-heal|p2a: Lugia|33\/100|[from] item: Leftovers\n|upkeep\n|turn|14\n|\n|t:|1699154246\n|move|p2a: Lugia|Recover|p2a: Lugia\n|-heal|p2a: Lugia|83\/100\n|move|p1a: Groudon|Fire Punch|p2a: Lugia\n|-damage|p2a: Lugia|29\/100\n|\n|-weather|SunnyDay|[upkeep]\n|-heal|p2a: Lugia|35\/100|[from] item: Leftovers\n|upkeep\n|turn|15\n|\n|t:|1699154256\n|move|p2a: Lugia|Recover|p2a: Lugia\n|-heal|p2a: Lugia|85\/100\n|move|p1a: Groudon|Swords Dance|p1a: Groudon\n|-boost|p1a: Groudon|atk|2\n|\n|-weather|none\n|-heal|p2a: Lugia|91\/100|[from] item: Leftovers\n|upkeep\n|turn|16\n|\n|t:|1699154265\n|move|p2a: Lugia|Aeroblast|p1a: Groudon\n|-damage|p1a: Groudon|0 fnt\n|faint|p1a: Groudon\n|\n|-heal|p2a: Lugia|98\/100|[from] item: Leftovers\n|upkeep\n|\n|t:|1699154277\n|switch|p1a: Walking Wake|Walking Wake|100\/100\n|turn|17\n|\n|t:|1699154288\n|move|p2a: Lugia|Light Screen|p2a: Lugia\n|-sidestart|p2: Berad773|move: Light Screen\n|move|p1a: Walking Wake|Draco Meteor|p2a: Lugia\n|-damage|p2a: Lugia|73\/100\n|-unboost|p1a: Walking Wake|spa|2\n|-damage|p1a: Walking Wake|91\/100|[from] item: Life Orb\n|\n|-heal|p2a: Lugia|79\/100|[from] item: Leftovers\n|upkeep\n|turn|18\n|\n|t:|1699154302\n|-end|p1a: Walking Wake|Protosynthesis|[silent]\n|switch|p1a: Clodsire|Clodsire, M|34\/100\n|move|p2a: Lugia|Aeroblast|p1a: Clodsire\n|-damage|p1a: Clodsire|17\/100\n|\n|-heal|p2a: Lugia|86\/100|[from] item: Leftovers\n|-heal|p1a: Clodsire|23\/100|[from] item: Black Sludge\n|upkeep\n|turn|19\n|\n|t:|1699154316\n|move|p2a: Lugia|Aeroblast|p1a: Clodsire\n|-damage|p1a: Clodsire|5\/100\n|move|p1a: Clodsire|Yawn|p2a: Lugia\n|-start|p2a: Lugia|move: Yawn|[of] p1a: Clodsire\n|\n|-heal|p2a: Lugia|92\/100|[from] item: Leftovers\n|-heal|p1a: Clodsire|11\/100|[from] item: Black Sludge\n|upkeep\n|turn|20\n|\n|t:|1699154330\n|switch|p2a: Kyogre|Kyogre|100\/100 slp\n|-weather|RainDance|[from] ability: Drizzle|[of] p2a: Kyogre\n|move|p1a: Clodsire|Toxic Spikes|p2a: Kyogre\n|-sidestart|p2: Berad773|move: Toxic Spikes\n|\n|-weather|RainDance|[upkeep]\n|-heal|p1a: Clodsire|17\/100|[from] item: Black Sludge\n|upkeep\n|turn|21\n|\n|t:|1699154339\n|cant|p2a: Kyogre|slp\n|move|p1a: Clodsire|Toxic Spikes|p2a: Kyogre\n|-sidestart|p2: Berad773|move: Toxic Spikes\n|\n|-weather|RainDance|[upkeep]\n|-heal|p1a: Clodsire|24\/100|[from] item: Black Sludge\n|-sideend|p2: Berad773|move: Light Screen\n|upkeep\n|turn|22\n|\n|t:|1699154354\n|-curestatus|p2a: Kyogre|slp|[msg]\n|move|p2a: Kyogre|Origin Pulse|p1a: Clodsire\n|-supereffective|p1a: Clodsire\n|-damage|p1a: Clodsire|0 fnt\n|faint|p1a: Clodsire\n|\n|-weather|RainDance|[upkeep]\n|upkeep\n|\n|t:|1699154365\n|switch|p1a: Walking Wake|Walking Wake|91\/100\n|turn|23\n|\n|t:|1699154372\n|move|p1a: Walking Wake|Draco Meteor|p2a: Kyogre\n|-damage|p2a: Kyogre|48\/100\n|-unboost|p1a: Walking Wake|spa|2\n|-damage|p1a: Walking Wake|81\/100|[from] item: Life Orb\n|move|p2a: Kyogre|Ice Beam|p1a: Walking Wake\n|-damage|p1a: Walking Wake|34\/100\n|-status|p1a: Walking Wake|frz\n|\n|-weather|RainDance|[upkeep]\n|-heal|p2a: Kyogre|54\/100|[from] item: Leftovers\n|upkeep\n|turn|24\n|\n|t:|1699154385\n|-curestatus|p1a: Walking Wake|frz|[msg]\n|move|p1a: Walking Wake|Draco Meteor|p2a: Kyogre\n|-damage|p2a: Kyogre|29\/100\n|-unboost|p1a: Walking Wake|spa|2\n|-damage|p1a: Walking Wake|25\/100|[from] item: Life Orb\n|move|p2a: Kyogre|Origin Pulse|p1a: Walking Wake\n|-resisted|p1a: Walking Wake\n|-damage|p1a: Walking Wake|0 fnt\n|faint|p1a: Walking Wake\n|-end|p1a: Walking Wake|Protosynthesis|[silent]\n|\n|-weather|none\n|-heal|p2a: Kyogre|35\/100|[from] item: Leftovers\n|upkeep\n|\n|t:|1699154398\n|switch|p1a: Blaziken|Blaziken, F|100\/100\n|turn|25\n|\n|t:|1699154405\n|detailschange|p1a: Blaziken|Blaziken-Mega, F\n|-mega|p1a: Blaziken|Blaziken|Blazikenite\n|move|p1a: Blaziken|Swords Dance|p1a: Blaziken\n|-boost|p1a: Blaziken|atk|2\n|move|p2a: Kyogre|Rest|p2a: Kyogre\n|-status|p2a: Kyogre|slp|[from] move: Rest\n|-heal|p2a: Kyogre|100\/100 slp|[silent]\n|\n|-ability|p1a: Blaziken|Speed Boost|boost\n|-boost|p1a: Blaziken|spe|1\n|upkeep\n|turn|26\n|\n|t:|1699154418\n|switch|p2a: Iron Bundle|Iron Bundle|100\/100\n|-status|p2a: Iron Bundle|tox\n|-enditem|p2a: Iron Bundle|Booster Energy\n|-activate|p2a: Iron Bundle|ability: Quark Drive|[fromitem]\n|-start|p2a: Iron Bundle|quarkdrivespa\n|move|p1a: Blaziken|Swords Dance|p1a: Blaziken\n|-boost|p1a: Blaziken|atk|2\n|\n|-damage|p2a: Iron Bundle|95\/100 tox|[from] psn\n|-ability|p1a: Blaziken|Speed Boost|boost\n|-boost|p1a: Blaziken|spe|1\n|upkeep\n|turn|27\n|\n|t:|1699154431\n|move|p1a: Blaziken|High Jump Kick|p2a: Iron Bundle\n|-supereffective|p2a: Iron Bundle\n|-damage|p2a: Iron Bundle|0 fnt\n|faint|p2a: Iron Bundle\n|-end|p2a: Iron Bundle|Quark Drive|[silent]\n|\n|-ability|p1a: Blaziken|Speed Boost|boost\n|-boost|p1a: Blaziken|spe|1\n|upkeep\n|\n|t:|1699154443\n|switch|p2a: Regieleki|Regieleki|100\/100\n|-status|p2a: Regieleki|tox\n|turn|28\n|\n|t:|1699154450\n|move|p1a: Blaziken|Blaze Kick|p2a: Regieleki\n|-enditem|p2a: Regieleki|Focus Sash\n|-damage|p2a: Regieleki|1\/100 tox\n|move|p2a: Regieleki|Thunderbolt|p1a: Blaziken\n|-damage|p1a: Blaziken|35\/100\n|\n|-damage|p2a: Regieleki|0 fnt|[from] psn\n|faint|p2a: Regieleki\n|-ability|p1a: Blaziken|Speed Boost|boost\n|-boost|p1a: Blaziken|spe|1\n|upkeep\n|\n|t:|1699154460\n|switch|p2a: Deoxys|Deoxys|100\/100\n|-status|p2a: Deoxys|tox\n|-ability|p2a: Deoxys|Pressure\n|turn|29\n|\n|t:|1699154471\n|-terastallize|p2a: Deoxys|Normal\n|move|p2a: Deoxys|Extreme Speed|p1a: Blaziken\n|-damage|p1a: Blaziken|0 fnt\n|faint|p1a: Blaziken\n|-damage|p2a: Deoxys|91\/100 tox|[from] item: Life Orb\n|\n|-damage|p2a: Deoxys|84\/100 tox|[from] psn\n|upkeep\n|\n|t:|1699154479\n|switch|p1a: Ting-Lu|Ting-Lu|100\/100\n|-ability|p1a: Ting-Lu|Vessel of Ruin\n|turn|30\n|\n|t:|1699154485\n|move|p2a: Deoxys|Knock Off|p1a: Ting-Lu\n|-resisted|p1a: Ting-Lu\n|-damage|p1a: Ting-Lu|90\/100\n|-enditem|p1a: Ting-Lu|Leftovers|[from] move: Knock Off|[of] p2a: Deoxys\n|-damage|p2a: Deoxys|74\/100 tox|[from] item: Life Orb\n|move|p1a: Ting-Lu|Spikes|p2a: Deoxys\n|-sidestart|p2: Berad773|Spikes\n|\n|-damage|p2a: Deoxys|62\/100 tox|[from] psn\n|upkeep\n|turn|31\n|\n|t:|1699154497\n|switch|p2a: Arceus|Arceus-Grass|26\/100\n|-status|p2a: Arceus|tox\n|-damage|p2a: Arceus|14\/100 tox|[from] Spikes\n|move|p1a: Ting-Lu|Spikes|p2a: Arceus\n|-sidestart|p2: Berad773|Spikes\n|\n|-damage|p2a: Arceus|8\/100 tox|[from] psn\n|upkeep\n|turn|32\n|\n|t:|1699154507\n|move|p2a: Arceus|Judgment|p1a: Ting-Lu\n|-supereffective|p1a: Ting-Lu\n|-damage|p1a: Ting-Lu|12\/100\n|move|p1a: Ting-Lu|Spikes|p2a: Arceus\n|-sidestart|p2: Berad773|Spikes\n|\n|-damage|p2a: Arceus|0 fnt|[from] psn\n|faint|p2a: Arceus\n|upkeep\n|\n|t:|1699154515\n|switch|p2a: Kyogre|Kyogre|100\/100 slp\n|-damage|p2a: Kyogre|75\/100 slp|[from] Spikes\n|-weather|RainDance|[from] ability: Drizzle|[of] p2a: Kyogre\n|turn|33\n|\n|t:|1699154523\n|cant|p2a: Kyogre|slp\n|move|p1a: Ting-Lu|Whirlwind|p2a: Kyogre\n|drag|p2a: Lugia|Lugia|92\/100\n|-ability|p2a: Lugia|Pressure\n|\n|-weather|RainDance|[upkeep]\n|-heal|p2a: Lugia|98\/100|[from] item: Leftovers\n|upkeep\n|turn|34\n|\n|t:|1699154532\n|move|p2a: Lugia|Aeroblast|p1a: Ting-Lu\n|-damage|p1a: Ting-Lu|0 fnt\n|faint|p1a: Ting-Lu\n|\n|win|Berad773\n","uploadtime":1699154541,"views":9,"p1id":"spidernoculus","p2id":"berad773","formatid":"gen9nationaldexubers","rating":0,"private":0,"password":""}