{"id":"gen9nationaldexubers-1990596553","p1":"skittle_0001","p2":"BigPengSus","format":"[Gen 9] National Dex Ubers","log":"|j|\u2606skittle_0001\n|j|\u2606BigPengSus\n|t:|1699984414\n|gametype|singles\n|player|p1|skittle_0001|chuck|1201\n|player|p2|BigPengSus|linebacker|1221\n|teamsize|p1|6\n|teamsize|p2|6\n|gen|9\n|tier|[Gen 9] National Dex Ubers\n|rated|\n|rule|HP Percentage Mod: HP is shown in percentages\n|rule|Endless Battle Clause: Forcing endless battles is banned\n|rule|OHKO Clause: OHKO moves are banned\n|rule|Evasion Moves Clause: Evasion moves are banned\n|rule|Evasion Items Clause: Evasion items are banned\n|rule|Species Clause: Limit one of each Pok\u00e9mon\n|rule|Sleep Clause Mod: Limit one foe put to sleep\n|rule|Mega Rayquaza Clause: You cannot mega evolve Rayquaza\n|clearpoke\n|poke|p1|Banette, F|\n|poke|p1|Goodra-Hisui, F|\n|poke|p1|Ogerpon-Hearthflame, F|\n|poke|p1|Seismitoad, F|\n|poke|p1|Ninetales-Alola, F|\n|poke|p1|Tornadus-Therian, M|\n|poke|p2|Melmetal|\n|poke|p2|Iron Hands|\n|poke|p2|Audino, F|\n|poke|p2|Diglett, F|\n|poke|p2|Iron Valiant|\n|poke|p2|Toedscruel, F|\n|teampreview\n|\n|t:|1699984426\n|start\n|switch|p1a: Ninetales|Ninetales-Alola, F|100\/100\n|switch|p2a: Toedscruel|Toedscruel, F|100\/100\n|-weather|Snow|[from] ability: Snow Warning|[of] p1a: Ninetales\n|turn|1\n|inactive|Battle timer is ON: inactive players will automatically lose when time's up. (requested by BigPengSus)\n|\n|t:|1699984434\n|move|p1a: Ninetales|Blizzard|p2a: Toedscruel\n|-supereffective|p2a: Toedscruel\n|-enditem|p2a: Toedscruel|Focus Sash\n|-damage|p2a: Toedscruel|1\/100\n|move|p2a: Toedscruel|Spore|p1a: Ninetales\n|-status|p1a: Ninetales|slp|[from] move: Spore\n|\n|-weather|Snow|[upkeep]\n|upkeep\n|turn|2\n|\n|t:|1699984455\n|cant|p1a: Ninetales|slp\n|move|p2a: Toedscruel|Trick Room|p2a: Toedscruel\n|-fieldstart|move: Trick Room|[of] p2a: Toedscruel\n|\n|-weather|Snow|[upkeep]\n|upkeep\n|turn|3\n|\n|t:|1699984462\n|switch|p2a: Besi|Melmetal|100\/100\n|cant|p1a: Ninetales|slp\n|\n|-weather|Snow|[upkeep]\n|upkeep\n|turn|4\n|\n|t:|1699984471\n|switch|p1a: Seismitoad|Seismitoad, F, shiny|100\/100\n|move|p2a: Besi|Double Iron Bash|p1a: Seismitoad\n|-resisted|p1a: Seismitoad\n|-damage|p1a: Seismitoad|86\/100\n|-resisted|p1a: Seismitoad\n|-damage|p1a: Seismitoad|70\/100\n|-hitcount|p1a: Seismitoad|2\n|\n|-weather|Snow|[upkeep]\n|-heal|p1a: Seismitoad|76\/100|[from] item: Leftovers\n|upkeep\n|turn|5\n|\n|t:|1699984486\n|-terastallize|p2a: Besi|Flying\n|move|p2a: Besi|Earthquake|p1a: Seismitoad\n|-damage|p1a: Seismitoad|49\/100\n|move|p1a: Seismitoad|Earthquake|p2a: Besi\n|-immune|p2a: Besi\n|\n|-weather|none\n|-heal|p1a: Seismitoad|55\/100|[from] item: Leftovers\n|upkeep\n|turn|6\n|\n|t:|1699984497\n|move|p2a: Besi|Earthquake|p1a: Seismitoad\n|-damage|p1a: Seismitoad|27\/100\n|move|p1a: Seismitoad|Liquidation|p2a: Besi\n|-damage|p2a: Besi|85\/100\n|\n|-heal|p1a: Seismitoad|33\/100|[from] item: Leftovers\n|-fieldend|move: Trick Room\n|upkeep\n|turn|7\n|\n|t:|1699984504\n|move|p1a: Seismitoad|Liquidation|p2a: Besi\n|-damage|p2a: Besi|69\/100\n|move|p2a: Besi|Earthquake|p1a: Seismitoad\n|-damage|p1a: Seismitoad|2\/100\n|\n|-heal|p1a: Seismitoad|8\/100|[from] item: Leftovers\n|upkeep\n|turn|8\n|\n|t:|1699984513\n|move|p1a: Seismitoad|Stealth Rock|p2a: Besi\n|-sidestart|p2: BigPengSus|move: Stealth Rock\n|move|p2a: Besi|Earthquake|p1a: Seismitoad\n|-damage|p1a: Seismitoad|0 fnt\n|faint|p1a: Seismitoad\n|\n|upkeep\n|\n|t:|1699984525\n|switch|p1a: Ninetales|Ninetales-Alola, F|100\/100 slp\n|-weather|Snow|[from] ability: Snow Warning|[of] p1a: Ninetales\n|turn|9\n|\n|t:|1699984533\n|switch|p1a: Goodra|Goodra-Hisui, F|100\/100\n|move|p2a: Besi|Double Iron Bash|p1a: Goodra\n|-resisted|p1a: Goodra\n|-damage|p1a: Goodra|81\/100\n|-resisted|p1a: Goodra\n|-damage|p1a: Goodra|60\/100\n|-hitcount|p1a: Goodra|2\n|\n|-weather|Snow|[upkeep]\n|upkeep\n|turn|10\n|\n|t:|1699984542\n|move|p1a: Goodra|Thunderbolt|p2a: Besi\n|-supereffective|p2a: Besi\n|-damage|p2a: Besi|38\/100\n|move|p2a: Besi|Earthquake|p1a: Goodra\n|-supereffective|p1a: Goodra\n|-damage|p1a: Goodra|0 fnt\n|faint|p1a: Goodra\n|\n|-weather|Snow|[upkeep]\n|upkeep\n|\n|t:|1699984556\n|switch|p1a: Ogerpon|Ogerpon-Hearthflame, F|100\/100\n|-ability|p1a: Ogerpon|Mold Breaker\n|turn|11\n|\n|t:|1699984566\n|move|p1a: Ogerpon|Ivy Cudgel|p2a: Besi|[anim] Ivy Cudgel Fire\n|-damage|p2a: Besi|6\/100\n|move|p2a: Besi|Earthquake|p1a: Ogerpon\n|-damage|p1a: Ogerpon|43\/100\n|\n|-weather|Snow|[upkeep]\n|upkeep\n|turn|12\n|\n|t:|1699984575\n|switch|p2a: Toedscruel|Toedscruel, F|1\/100\n|-damage|p2a: Toedscruel|0 fnt|[from] Stealth Rock\n|faint|p2a: Toedscruel\n|move|p1a: Ogerpon|Ivy Cudgel|p2: Toedscruel|[notarget]\n|-fail|p1a: Ogerpon\n|\n|-weather|Snow|[upkeep]\n|upkeep\n|\n|t:|1699984578\n|switch|p2a: fodder|Audino, F|100\/100\n|-damage|p2a: fodder|88\/100|[from] Stealth Rock\n|turn|13\n|\n|t:|1699984590\n|move|p1a: Ogerpon|Swords Dance|p1a: Ogerpon\n|-boost|p1a: Ogerpon|atk|2\n|move|p2a: fodder|Trick Room|p2a: fodder\n|-fieldstart|move: Trick Room|[of] p2a: fodder\n|\n|-weather|none\n|-heal|p2a: fodder|94\/100|[from] item: Leftovers\n|upkeep\n|turn|14\n|\n|t:|1699984608\n|-terastallize|p1a: Ogerpon|Fire\n|detailschange|p1a: Ogerpon|Ogerpon-Hearthflame-Tera, F, tera:Fire\n|-ability|p1a: Ogerpon|Embody Aspect (Hearthflame)|boost\n|-boost|p1a: Ogerpon|atk|1\n|move|p2a: fodder|Healing Wish|p2a: fodder\n|faint|p2a: fodder\n|move|p1a: Ogerpon|Ivy Cudgel|p2: fodder|[notarget]\n|-fail|p1a: Ogerpon\n|\n|upkeep\n|\n|t:|1699984611\n|switch|p2a: Besi|Melmetal, tera:Flying|6\/100\n|-heal|p2a: Besi|100\/100|[from] move: Healing Wish\n|-damage|p2a: Besi|76\/100|[from] Stealth Rock\n|turn|15\n|\n|t:|1699984623\n|move|p2a: Besi|Earthquake|p1a: Ogerpon\n|-supereffective|p1a: Ogerpon\n|-damage|p1a: Ogerpon|0 fnt\n|faint|p1a: Ogerpon\n|\n|upkeep\n|\n|t:|1699984629\n|switch|p1a: Banette|Banette, F|100\/100\n|turn|16\n|\n|t:|1699984634\n|detailschange|p1a: Banette|Banette-Mega, F\n|-mega|p1a: Banette|Banette|Banettite\n|move|p1a: Banette|Thunder Wave|p2a: Besi\n|-status|p2a: Besi|par\n|move|p2a: Besi|Double Iron Bash|p1a: Banette\n|-damage|p1a: Banette|30\/100\n|-damage|p1a: Banette|0 fnt\n|faint|p1a: Banette\n|-hitcount|p1: Banette|2\n|\n|upkeep\n|-message|skittle_0001 forfeited.\n|\n|win|BigPengSus\n|raw|skittle_0001's rating: 1201 &rarr; <strong>1177<\/strong><br \/>(-24 for losing)\n|raw|BigPengSus's rating: 1221 &rarr; <strong>1245<\/strong><br \/>(+24 for winning)\n|l|\u2606skittle_0001\n","uploadtime":1699984647,"views":6,"p1id":"skittle0001","p2id":"bigpengsus","formatid":"gen9nationaldexubers","rating":1177,"private":0,"password":""}