{"id":"gen9nationaldexubers-1995959265","p1":"johnkharkiv","p2":"It is I Freddy","format":"[Gen 9] National Dex Ubers","log":"|j|\u2606johnkharkiv\n|j|\u2606It is I Freddy\n|t:|1700622156\n|gametype|singles\n|player|p1|johnkharkiv|swimmerf-gen4|\n|player|p2|It is I Freddy|morty|\n|teamsize|p1|6\n|teamsize|p2|6\n|gen|9\n|tier|[Gen 9] National Dex Ubers\n|rule|HP Percentage Mod: HP is shown in percentages\n|rule|Endless Battle Clause: Forcing endless battles is banned\n|rule|OHKO Clause: OHKO moves are banned\n|rule|Evasion Moves Clause: Evasion moves are banned\n|rule|Evasion Items Clause: Evasion items are banned\n|rule|Species Clause: Limit one of each Pok\u00e9mon\n|rule|Sleep Clause Mod: Limit one foe put to sleep\n|rule|Mega Rayquaza Clause: You cannot mega evolve Rayquaza\n|clearpoke\n|poke|p1|Kleavor, M|\n|poke|p1|Ninetales, M|\n|poke|p1|Gyarados, F|\n|poke|p1|Ogerpon, F|\n|poke|p1|Baxcalibur, F|\n|poke|p1|Typhlosion-Hisui, M|\n|poke|p2|Ceruledge, M|\n|poke|p2|Mandibuzz, F|\n|poke|p2|Dipplin, M|\n|poke|p2|Espeon, F|\n|poke|p2|Banette, M|\n|poke|p2|Spidops, M|\n|teampreview\n|c|\u2606It is I Freddy|I wish you the best, though I also hope to win this\n|c|\u2606johnkharkiv|The finale!\n|\n|t:|1700622193\n|start\n|switch|p1a: Ax Murderer|Kleavor, M|100\/100\n|switch|p2a: Candy Apple|Dipplin, M|100\/100\n|turn|1\n|\n|t:|1700622204\n|move|p1a: Ax Murderer|Stone Axe|p2a: Candy Apple\n|-damage|p2a: Candy Apple|75\/100\n|-sidestart|p2: It is I Freddy|move: Stealth Rock\n|move|p2a: Candy Apple|Infestation|p1a: Ax Murderer\n|-damage|p1a: Ax Murderer|94\/100\n|-activate|p1a: Ax Murderer|move: Infestation|[of] p2a: Candy Apple\n|\n|-damage|p1a: Ax Murderer|82\/100|[from] move: Infestation|[partiallytrapped]\n|upkeep\n|turn|2\n|\n|t:|1700622236\n|move|p1a: Ax Murderer|Night Slash|p2a: Candy Apple\n|-damage|p2a: Candy Apple|56\/100\n|move|p2a: Candy Apple|Giga Drain|p1a: Ax Murderer\n|-damage|p1a: Ax Murderer|44\/100\n|-heal|p2a: Candy Apple|73\/100|[from] drain|[of] p1a: Ax Murderer\n|\n|-damage|p1a: Ax Murderer|31\/100|[from] move: Infestation|[partiallytrapped]\n|upkeep\n|turn|3\n|\n|t:|1700622252\n|move|p1a: Ax Murderer|Stone Axe|p2a: Candy Apple\n|-damage|p2a: Candy Apple|44\/100\n|move|p2a: Candy Apple|Recover|p2a: Candy Apple\n|-heal|p2a: Candy Apple|94\/100\n|\n|-damage|p1a: Ax Murderer|19\/100|[from] move: Infestation|[partiallytrapped]\n|upkeep\n|turn|4\n|\n|t:|1700622263\n|move|p1a: Ax Murderer|Stone Axe|p2a: Candy Apple\n|-crit|p2a: Candy Apple\n|-damage|p2a: Candy Apple|52\/100\n|move|p2a: Candy Apple|Giga Drain|p1a: Ax Murderer\n|-damage|p1a: Ax Murderer|0 fnt\n|-heal|p2a: Candy Apple|61\/100|[from] drain|[of] p1a: Ax Murderer\n|faint|p1a: Ax Murderer\n|\n|upkeep\n|\n|t:|1700622276\n|switch|p1a: Don\u2019t Ban Me|Baxcalibur, F|100\/100\n|turn|5\n|\n|t:|1700622290\n|move|p1a: Don\u2019t Ban Me|Scale Shot|p2a: Candy Apple\n|-supereffective|p2a: Candy Apple\n|-damage|p2a: Candy Apple|42\/100\n|-supereffective|p2a: Candy Apple\n|-damage|p2a: Candy Apple|24\/100\n|-supereffective|p2a: Candy Apple\n|-crit|p2a: Candy Apple\n|-damage|p2a: Candy Apple|0 fnt\n|faint|p2a: Candy Apple\n|-hitcount|p2: Candy Apple|3\n|-unboost|p1a: Don\u2019t Ban Me|def|1\n|-boost|p1a: Don\u2019t Ban Me|spe|1\n|\n|upkeep\n|\n|t:|1700622315\n|switch|p2a: Undead Vulture|Mandibuzz, F, shiny|100\/100\n|-damage|p2a: Undead Vulture|76\/100|[from] Stealth Rock\n|turn|6\n|c|\u2606It is I Freddy|I'm nervous, bax is a killer for me\n|inactive|Battle timer is ON: inactive players will automatically lose when time's up. (requested by It is I Freddy)\n|inactive|johnkharkiv has 270 seconds left.\n|\n|t:|1700622429\n|-terastallize|p1a: Don\u2019t Ban Me|Ice\n|-terastallize|p2a: Undead Vulture|Steel\n|move|p1a: Don\u2019t Ban Me|Icicle Spear|p2a: Undead Vulture\n|-resisted|p2a: Undead Vulture\n|-damage|p2a: Undead Vulture|69\/100\n|-resisted|p2a: Undead Vulture\n|-damage|p2a: Undead Vulture|63\/100\n|-resisted|p2a: Undead Vulture\n|-damage|p2a: Undead Vulture|57\/100\n|-resisted|p2a: Undead Vulture\n|-damage|p2a: Undead Vulture|52\/100\n|-resisted|p2a: Undead Vulture\n|-damage|p2a: Undead Vulture|45\/100\n|-hitcount|p2a: Undead Vulture|5\n|move|p2a: Undead Vulture|Foul Play|p1a: Don\u2019t Ban Me\n|-damage|p1a: Don\u2019t Ban Me|26\/100\n|\n|upkeep\n|turn|7\n|\n|t:|1700622449\n|move|p1a: Don\u2019t Ban Me|Earthquake|p2a: Undead Vulture\n|-supereffective|p2a: Undead Vulture\n|-damage|p2a: Undead Vulture|0 fnt\n|faint|p2a: Undead Vulture\n|\n|upkeep\n|\n|t:|1700622457\n|switch|p2a: Flame Knight|Ceruledge, M|100\/100\n|-damage|p2a: Flame Knight|76\/100|[from] Stealth Rock\n|turn|8\n|\n|t:|1700622483\n|move|p1a: Don\u2019t Ban Me|Ice Shard|p2a: Flame Knight\n|-resisted|p2a: Flame Knight\n|-damage|p2a: Flame Knight|51\/100\n|-ability|p2a: Flame Knight|Weak Armor|boost\n|-unboost|p2a: Flame Knight|def|1\n|-boost|p2a: Flame Knight|spe|2\n|move|p2a: Flame Knight|Shadow Sneak|p1a: Don\u2019t Ban Me\n|-damage|p1a: Don\u2019t Ban Me|0 fnt\n|faint|p1a: Don\u2019t Ban Me\n|\n|upkeep\n|inactive|johnkharkiv has 270 seconds left.\n|\n|t:|1700622505\n|switch|p1a: Red Terror|Gyarados, F, shiny|100\/100\n|-ability|p1a: Red Terror|Intimidate|boost\n|-unboost|p2a: Flame Knight|atk|1\n|turn|9\n|inactive|johnkharkiv has 240 seconds left.\n|\n|t:|1700622537\n|detailschange|p1a: Red Terror|Gyarados-Mega, F, shiny\n|-mega|p1a: Red Terror|Gyarados|Gyaradosite\n|-ability|p1a: Red Terror|Mold Breaker\n|move|p2a: Flame Knight|Close Combat|p1a: Red Terror\n|-supereffective|p1a: Red Terror\n|-damage|p1a: Red Terror|54\/100\n|-unboost|p2a: Flame Knight|def|1\n|-unboost|p2a: Flame Knight|spd|1\n|move|p1a: Red Terror|Lash Out|p2a: Flame Knight\n|-supereffective|p2a: Flame Knight\n|-damage|p2a: Flame Knight|0 fnt\n|faint|p2a: Flame Knight\n|\n|upkeep\n|inactive|It is I Freddy has 270 seconds left.\n|\n|t:|1700622558\n|switch|p2a: Special Ops|Spidops, M|100\/100\n|-damage|p2a: Special Ops|76\/100|[from] Stealth Rock\n|turn|10\n|\n|t:|1700622568\n|move|p1a: Red Terror|Waterfall|p2a: Special Ops\n|-damage|p2a: Special Ops|36\/100\n|move|p2a: Special Ops|Sticky Web|p1a: Red Terror\n|-sidestart|p1: johnkharkiv|move: Sticky Web\n|\n|-heal|p2a: Special Ops|43\/100|[from] item: Leftovers\n|upkeep\n|turn|11\n|inactive|It is I Freddy has 270 seconds left.\n|\n|t:|1700622579\n|move|p1a: Red Terror|Waterfall|p2a: Special Ops\n|-damage|p2a: Special Ops|0 fnt\n|faint|p2a: Special Ops\n|\n|upkeep\n|inactive|It is I Freddy has 270 seconds left.\n|\n|t:|1700622591\n|switch|p2a: Magician's Cat|Espeon, F|100\/100\n|-damage|p2a: Magician's Cat|88\/100|[from] Stealth Rock\n|turn|12\n|\n|t:|1700622596\n|move|p2a: Magician's Cat|Dazzling Gleam|p1a: Red Terror\n|-supereffective|p1a: Red Terror\n|-damage|p1a: Red Terror|0 fnt\n|faint|p1a: Red Terror\n|\n|upkeep\n|\n|t:|1700622609\n|switch|p1a: Cerberus|Typhlosion-Hisui, M|100\/100\n|-activate|p1a: Cerberus|move: Sticky Web\n|-unboost|p1a: Cerberus|spe|1\n|turn|13\n|\n|t:|1700622624\n|switch|p2a: Smiley|Banette, M, shiny|100\/100\n|-damage|p2a: Smiley|88\/100|[from] Stealth Rock\n|move|p1a: Cerberus|Shadow Ball|p2a: Smiley\n|-supereffective|p2a: Smiley\n|-crit|p2a: Smiley\n|-damage|p2a: Smiley|0 fnt\n|faint|p2a: Smiley\n|\n|upkeep\n|\n|t:|1700622632\n|switch|p2a: Magician's Cat|Espeon, F|88\/100\n|-damage|p2a: Magician's Cat|76\/100|[from] Stealth Rock\n|turn|14\n|\n|t:|1700622640\n|move|p2a: Magician's Cat|Psychic|p1a: Cerberus\n|-damage|p1a: Cerberus|24\/100\n|-unboost|p1a: Cerberus|spd|1\n|move|p1a: Cerberus|Shadow Ball|p2a: Magician's Cat\n|-supereffective|p2a: Magician's Cat\n|-damage|p2a: Magician's Cat|0 fnt\n|faint|p2a: Magician's Cat\n|\n|win|johnkharkiv\n|c|\u2606It is I Freddy|gg\n|l|\u2606johnkharkiv\n|j|\u2606johnkharkiv\n|player|p1|johnkharkiv|swimmerf-gen4\n|l|\u2606It is I Freddy\n","uploadtime":1700622656,"views":1,"p1id":"johnkharkiv","p2id":"itisifreddy","formatid":"gen9nationaldexubers","rating":0,"private":0,"password":""}