{"id":"gen9nationaldexubers-1980241082","p1":"Rainer367","p2":"Rainer565","format":"[Gen 9] National Dex Ubers","log":"|j|\u2606Rainer367\n|j|\u2606Rainer565\n|t:|1698768919\n|gametype|singles\n|player|p1|Rainer367|will|\n|player|p2|Rainer565|lucas|\n|teamsize|p1|6\n|teamsize|p2|4\n|gen|9\n|tier|[Gen 9] National Dex Ubers\n|rule|HP Percentage Mod: HP is shown in percentages\n|rule|Endless Battle Clause: Forcing endless battles is banned\n|rule|OHKO Clause: OHKO moves are banned\n|rule|Evasion Moves Clause: Evasion moves are banned\n|rule|Evasion Items Clause: Evasion items are banned\n|rule|Species Clause: Limit one of each Pok\u00e9mon\n|rule|Sleep Clause Mod: Limit one foe put to sleep\n|rule|Mega Rayquaza Clause: You cannot mega evolve Rayquaza\n|clearpoke\n|poke|p1|Polteageist|\n|poke|p1|Dragapult, F|\n|poke|p1|Mimikyu, F|\n|poke|p1|Houndstone, F|\n|poke|p1|Tyranitar, F|\n|poke|p1|Annihilape, M|\n|poke|p2|Bellibolt, F|\n|poke|p2|Tyranitar, M|\n|poke|p2|Rotom-Wash|\n|poke|p2|Dracozolt|\n|teampreview\n|\n|t:|1698768934\n|start\n|switch|p1a: Hawk T1|Mimikyu, F, shiny|100\/100\n|switch|p2a: Bellibolt|Bellibolt, F|100\/100\n|turn|1\n|c|\u2606Rainer565|!weakness mimikyu\n|c| Rainer565|\/raw <div class=\"infobox\">Mimikyu (ignoring abilities):<br \/><span class=\"message-effect-weak\">Weaknesses<\/span>: Ghost, Steel<br \/><span class=\"message-effect-resist\">Resistances<\/span>: <b>Bug<\/b><br \/><span class=\"message-effect-immune\">Immunities<\/span>: Dragon, Fighting, Normal, Trapping<\/div>\n|\n|t:|1698768967\n|move|p1a: Hawk T1|Swords Dance|p1a: Hawk T1\n|-boost|p1a: Hawk T1|atk|2\n|move|p2a: Bellibolt|Thunderbolt|p1a: Hawk T1\n|-activate|p1a: Hawk T1|ability: Disguise\n|-damage|p1a: Hawk T1|100\/100\n|detailschange|p1a: Hawk T1|Mimikyu-Busted, F, shiny\n|-damage|p1a: Hawk T1|88\/100|[from] pokemon: Mimikyu-Busted\n|\n|upkeep\n|turn|2\n|\n|t:|1698768978\n|move|p1a: Hawk T1|Play Rough|p2a: Bellibolt\n|-damage|p2a: Bellibolt|59\/100\n|-start|p2a: Bellibolt|Charge|Play Rough|[from] ability: Electromorphosis\n|move|p2a: Bellibolt|Chilling Water|p1a: Hawk T1\n|-damage|p1a: Hawk T1|73\/100\n|-unboost|p1a: Hawk T1|atk|1\n|\n|-heal|p2a: Bellibolt|65\/100|[from] item: Leftovers\n|upkeep\n|turn|3\n|\n|t:|1698768991\n|move|p1a: Hawk T1|Swords Dance|p1a: Hawk T1\n|-boost|p1a: Hawk T1|atk|2\n|move|p2a: Bellibolt|Thunderbolt|p1a: Hawk T1\n|-damage|p1a: Hawk T1|0 fnt\n|faint|p1a: Hawk T1\n|-end|p2a: Bellibolt|Charge|[silent]\n|\n|-heal|p2a: Bellibolt|71\/100|[from] item: Leftovers\n|upkeep\n|\n|t:|1698769004\n|switch|p1a: C-5 Galaxy|Polteageist, shiny|100\/100\n|turn|4\n|\n|t:|1698769007\n|move|p1a: C-5 Galaxy|Shell Smash|p1a: C-5 Galaxy\n|-unboost|p1a: C-5 Galaxy|def|1\n|-unboost|p1a: C-5 Galaxy|spd|1\n|-boost|p1a: C-5 Galaxy|atk|2\n|-boost|p1a: C-5 Galaxy|spa|2\n|-boost|p1a: C-5 Galaxy|spe|2\n|move|p2a: Bellibolt|Slack Off|p2a: Bellibolt\n|-heal|p2a: Bellibolt|100\/100\n|\n|upkeep\n|turn|5\n|\n|t:|1698769018\n|move|p1a: C-5 Galaxy|Stored Power|p2a: Bellibolt\n|-damage|p2a: Bellibolt|3\/100\n|-start|p2a: Bellibolt|Charge|Stored Power|[from] ability: Electromorphosis\n|move|p2a: Bellibolt|Thunderbolt|p1a: C-5 Galaxy\n|-enditem|p1a: C-5 Galaxy|Focus Sash\n|-damage|p1a: C-5 Galaxy|1\/100\n|-end|p2a: Bellibolt|Charge|[silent]\n|\n|-heal|p2a: Bellibolt|9\/100|[from] item: Leftovers\n|upkeep\n|turn|6\n|c|\u2606Rainer565|!weakness rotom-wash\n|c| Rainer565|\/raw <div class=\"infobox\">Rotom-Wash (ignoring abilities):<br \/><span class=\"message-effect-weak\">Weaknesses<\/span>: Grass, Ground<br \/><span class=\"message-effect-resist\">Resistances<\/span>: Fire, Flying, Ice, <b>Steel<\/b>, Water<br \/><span class=\"message-effect-immune\">Immunities<\/span>: Paralysis<\/div>\n|\n|t:|1698769053\n|switch|p2a: Rotom|Rotom-Wash|100\/100\n|move|p1a: C-5 Galaxy|Stored Power|p2a: Rotom\n|-damage|p2a: Rotom|0 fnt\n|faint|p2a: Rotom\n|\n|upkeep\n|\n|t:|1698769061\n|switch|p2a: Bellibolt|Bellibolt, F|9\/100\n|turn|7\n|\n|t:|1698769066\n|switch|p2a: Tyranitar|Tyranitar, M|100\/100\n|-weather|Sandstorm|[from] ability: Sand Stream|[of] p2a: Tyranitar\n|move|p1a: C-5 Galaxy|Stored Power|p2a: Tyranitar\n|-immune|p2a: Tyranitar\n|\n|-weather|Sandstorm|[upkeep]\n|-damage|p1a: C-5 Galaxy|0 fnt|[from] Sandstorm\n|faint|p1a: C-5 Galaxy\n|upkeep\n|\n|t:|1698769073\n|switch|p1a: F-15 Eagle|Annihilape, M, shiny|100\/100\n|turn|8\n|c|\u2606Rainer565|!weakness annihilape\n|c| Rainer565|\/raw <div class=\"infobox\">Annihilape (ignoring abilities):<br \/><span class=\"message-effect-weak\">Weaknesses<\/span>: Fairy, Flying, Ghost, Psychic<br \/><span class=\"message-effect-resist\">Resistances<\/span>: <b>Bug<\/b>, Poison, Rock<br \/><span class=\"message-effect-immune\">Immunities<\/span>: Fighting, Normal, Trapping<\/div>\n|\n|t:|1698769099\n|-terastallize|p2a: Tyranitar|Electric\n|move|p1a: F-15 Eagle|Bulk Up|p1a: F-15 Eagle\n|-boost|p1a: F-15 Eagle|atk|1\n|-boost|p1a: F-15 Eagle|def|1\n|move|p2a: Tyranitar|Earthquake|p1a: F-15 Eagle\n|-damage|p1a: F-15 Eagle|73\/100\n|\n|-weather|Sandstorm|[upkeep]\n|-damage|p1a: F-15 Eagle|67\/100|[from] Sandstorm\n|-damage|p2a: Tyranitar|94\/100|[from] Sandstorm\n|-heal|p1a: F-15 Eagle|73\/100|[from] item: Leftovers\n|upkeep\n|turn|9\n|\n|t:|1698769112\n|switch|p2a: Dracozolt|Dracozolt|100\/100\n|move|p1a: F-15 Eagle|Bulk Up|p1a: F-15 Eagle\n|-boost|p1a: F-15 Eagle|atk|1\n|-boost|p1a: F-15 Eagle|def|1\n|\n|-weather|Sandstorm|[upkeep]\n|-damage|p1a: F-15 Eagle|67\/100|[from] Sandstorm\n|-heal|p1a: F-15 Eagle|73\/100|[from] item: Leftovers\n|upkeep\n|turn|10\n|\n|t:|1698769124\n|move|p2a: Dracozolt|Bolt Beak|p1a: F-15 Eagle\n|-damage|p1a: F-15 Eagle|12\/100\n|move|p1a: F-15 Eagle|Drain Punch|p2a: Dracozolt\n|-damage|p2a: Dracozolt|31\/100\n|-heal|p1a: F-15 Eagle|39\/100|[from] drain|[of] p2a: Dracozolt\n|\n|-weather|Sandstorm|[upkeep]\n|-damage|p1a: F-15 Eagle|32\/100|[from] Sandstorm\n|-heal|p1a: F-15 Eagle|39\/100|[from] item: Leftovers\n|upkeep\n|turn|11\n|\n|t:|1698769136\n|move|p2a: Dracozolt|Bolt Beak|p1a: F-15 Eagle\n|-crit|p1a: F-15 Eagle\n|-damage|p1a: F-15 Eagle|0 fnt\n|faint|p1a: F-15 Eagle\n|\n|-weather|none\n|upkeep\n|\n|t:|1698769139\n|switch|p1a: B-2 Spirit|Dragapult, F, shiny|100\/100\n|turn|12\n|\n|t:|1698769147\n|switch|p2a: Bellibolt|Bellibolt, F|9\/100\n|move|p1a: B-2 Spirit|Dragon Dance|p1a: B-2 Spirit\n|-boost|p1a: B-2 Spirit|atk|1\n|-boost|p1a: B-2 Spirit|spe|1\n|\n|-heal|p2a: Bellibolt|15\/100|[from] item: Leftovers\n|upkeep\n|turn|13\n|\n|t:|1698769155\n|move|p1a: B-2 Spirit|Dragon Dance|p1a: B-2 Spirit\n|-boost|p1a: B-2 Spirit|atk|1\n|-boost|p1a: B-2 Spirit|spe|1\n|move|p2a: Bellibolt|Slack Off|p2a: Bellibolt\n|-heal|p2a: Bellibolt|65\/100\n|\n|-heal|p2a: Bellibolt|72\/100|[from] item: Leftovers\n|upkeep\n|turn|14\n|\n|t:|1698769163\n|move|p1a: B-2 Spirit|Dragon Darts|p2a: Bellibolt\n|-damage|p2a: Bellibolt|31\/100\n|-start|p2a: Bellibolt|Charge|Dragon Darts|[from] ability: Electromorphosis\n|-anim|p1a: B-2 Spirit|Dragon Darts|p2a: Bellibolt\n|-damage|p2a: Bellibolt|0 fnt\n|faint|p2a: Bellibolt\n|-damage|p1a: B-2 Spirit|91\/100|[from] item: Life Orb\n|\n|upkeep\n|\n|t:|1698769173\n|switch|p2a: Tyranitar|Tyranitar, M, tera:Electric|94\/100\n|-weather|Sandstorm|[from] ability: Sand Stream|[of] p2a: Tyranitar\n|turn|15\n|c|\u2606Rainer565|!weakness dragapult\n|c| Rainer565|\/raw <div class=\"infobox\">Dragapult (ignoring abilities):<br \/><span class=\"message-effect-weak\">Weaknesses<\/span>: Dark, Dragon, Fairy, Ghost, Ice<br \/><span class=\"message-effect-resist\">Resistances<\/span>: Bug, Electric, Fire, Grass, Poison, Water<br \/><span class=\"message-effect-immune\">Immunities<\/span>: Fighting, Normal, Trapping<\/div>\n|c|\u2606Rainer367|!weakness B-2 Spirit\n|c| Rainer367|\/raw <div class=\"infobox\">B-2 Spirit isn't a recognized type or Pokemon.<\/div>\n|\n|t:|1698769206\n|move|p1a: B-2 Spirit|Dragon Darts|p2a: Tyranitar\n|-damage|p2a: Tyranitar|35\/100\n|-anim|p1a: B-2 Spirit|Dragon Darts|p2a: Tyranitar\n|-damage|p2a: Tyranitar|0 fnt\n|faint|p2a: Tyranitar\n|-damage|p1a: B-2 Spirit|81\/100|[from] item: Life Orb\n|\n|-weather|Sandstorm|[upkeep]\n|-damage|p1a: B-2 Spirit|75\/100|[from] Sandstorm\n|upkeep\n|\n|t:|1698769214\n|switch|p2a: Dracozolt|Dracozolt|31\/100\n|turn|16\n|\n|t:|1698769221\n|move|p1a: B-2 Spirit|Dragon Darts|p2a: Dracozolt\n|-supereffective|p2a: Dracozolt\n|-damage|p2a: Dracozolt|0 fnt\n|faint|p2a: Dracozolt\n|-damage|p1a: B-2 Spirit|65\/100|[from] item: Life Orb\n|\n|win|Rainer367\n","uploadtime":1698769225,"views":9,"p1id":"rainer367","p2id":"rainer565","formatid":"gen9nationaldexubers","rating":0,"private":0,"password":""}