{"id":"gen9nationaldexubers-1990908833","p1":"nfyhsueryfgius","p2":"85792195wwww","format":"[Gen 9] National Dex Ubers","log":"|j|\u2606nfyhsueryfgius\n|j|\u260685792195wwww\n|t:|1700013945\n|gametype|singles\n|player|p1|nfyhsueryfgius|ghetsis|1669\n|player|p2|85792195wwww|mira|1702\n|teamsize|p1|6\n|teamsize|p2|6\n|gen|9\n|tier|[Gen 9] National Dex Ubers\n|rated|\n|rule|HP Percentage Mod: HP is shown in percentages\n|rule|Endless Battle Clause: Forcing endless battles is banned\n|rule|OHKO Clause: OHKO moves are banned\n|rule|Evasion Moves Clause: Evasion moves are banned\n|rule|Evasion Items Clause: Evasion items are banned\n|rule|Species Clause: Limit one of each Pok\u00e9mon\n|rule|Sleep Clause Mod: Limit one foe put to sleep\n|rule|Mega Rayquaza Clause: You cannot mega evolve Rayquaza\n|clearpoke\n|poke|p1|Ho-Oh|\n|poke|p1|Arceus-Dark|\n|poke|p1|Groudon|\n|poke|p1|Zygarde|\n|poke|p1|Necrozma-Dusk-Mane|\n|poke|p1|Mewtwo|\n|poke|p2|Xerneas-*|\n|poke|p2|Deoxys-Speed|\n|poke|p2|Zacian-*|\n|poke|p2|Arceus|\n|poke|p2|Groudon|\n|poke|p2|Zekrom|\n|teampreview\n|\n|t:|1700013957\n|start\n|switch|p1a: Zygarde|Zygarde|100\/100\n|switch|p2a: Deoxys|Deoxys-Speed|100\/100\n|-ability|p2a: Deoxys|Pressure\n|turn|1\n|\n|t:|1700013965\n|move|p2a: Deoxys|Stealth Rock|p1a: Zygarde\n|-sidestart|p1: nfyhsueryfgius|move: Stealth Rock\n|move|p1a: Zygarde|Thousand Arrows|p2a: Deoxys\n|-damage|p2a: Deoxys|65\/100\n|\n|upkeep\n|turn|2\n|\n|t:|1700013972\n|move|p2a: Deoxys|Taunt|p1a: Zygarde\n|-start|p1a: Zygarde|move: Taunt\n|move|p1a: Zygarde|Dragon Tail|p2a: Deoxys|[miss]\n|-miss|p1a: Zygarde|p2a: Deoxys\n|\n|upkeep\n|turn|3\n|\n|t:|1700013980\n|move|p2a: Deoxys|Psycho Boost|p1a: Zygarde\n|-damage|p1a: Zygarde|58\/100\n|-unboost|p2a: Deoxys|spa|2\n|move|p1a: Zygarde|Dragon Tail|p2a: Deoxys\n|-damage|p2a: Deoxys|39\/100\n|-damage|p1a: Zygarde|41\/100|[from] item: Rocky Helmet|[of] p2a: Deoxys\n|drag|p2a: Xerneas|Xerneas|100\/100\n|-ability|p2a: Xerneas|Fairy Aura\n|\n|-heal|p1a: Zygarde|47\/100|[from] item: Leftovers\n|-activate|p1a: Zygarde|ability: Power Construct\n|detailschange|p1a: Zygarde|Zygarde-Complete\n|-heal|p1a: Zygarde|67\/100|[silent]\n|upkeep\n|turn|4\n|\n|t:|1700013998\n|switch|p1a: Necrozma|Necrozma-Dusk-Mane|100\/100\n|-damage|p1a: Necrozma|94\/100|[from] Stealth Rock\n|switch|p2a: Deoxys|Deoxys-Speed|39\/100\n|-ability|p2a: Deoxys|Pressure\n|\n|upkeep\n|turn|5\n|\n|t:|1700014007\n|move|p2a: Deoxys|Thunder Wave|p1a: Necrozma\n|-status|p1a: Necrozma|par\n|move|p1a: Necrozma|Sunsteel Strike|p2a: Deoxys\n|-damage|p2a: Deoxys|0 fnt\n|-damage|p1a: Necrozma|78\/100 par|[from] item: Rocky Helmet|[of] p2a: Deoxys\n|faint|p2a: Deoxys\n|\n|upkeep\n|\n|t:|1700014017\n|switch|p2a: Zekrom|Zekrom|100\/100\n|-ability|p2a: Zekrom|Teravolt\n|turn|6\n|\n|t:|1700014022\n|switch|p1a: Groudon|Groudon|100\/100\n|-damage|p1a: Groudon|94\/100|[from] Stealth Rock\n|detailschange|p1a: Groudon|Groudon-Primal\n|-primal|p1a: Groudon|Red Orb\n|-weather|DesolateLand|[from] ability: Desolate Land|[of] p1a: Groudon\n|move|p2a: Zekrom|Substitute|p2a: Zekrom\n|-start|p2a: Zekrom|Substitute\n|-damage|p2a: Zekrom|76\/100\n|\n|-weather|DesolateLand|[upkeep]\n|upkeep\n|turn|7\n|\n|t:|1700014033\n|move|p2a: Zekrom|Dragon Dance|p2a: Zekrom\n|-boost|p2a: Zekrom|atk|1\n|-boost|p2a: Zekrom|spe|1\n|move|p1a: Groudon|Overheat|p2a: Zekrom\n|-resisted|p2a: Zekrom\n|-end|p2a: Zekrom|Substitute\n|-unboost|p1a: Groudon|spa|2\n|\n|-weather|DesolateLand|[upkeep]\n|upkeep\n|turn|8\n|\n|t:|1700014042\n|move|p2a: Zekrom|Substitute|p2a: Zekrom\n|-start|p2a: Zekrom|Substitute\n|-damage|p2a: Zekrom|51\/100\n|move|p1a: Groudon|Precipice Blades|p2a: Zekrom\n|-supereffective|p2a: Zekrom\n|-end|p2a: Zekrom|Substitute\n|\n|-weather|DesolateLand|[upkeep]\n|upkeep\n|turn|9\n|\n|t:|1700014050\n|move|p2a: Zekrom|Substitute|p2a: Zekrom\n|-start|p2a: Zekrom|Substitute\n|-damage|p2a: Zekrom|26\/100\n|move|p1a: Groudon|Precipice Blades|p2a: Zekrom|[miss]\n|-miss|p1a: Groudon|p2a: Zekrom\n|\n|-weather|DesolateLand|[upkeep]\n|upkeep\n|turn|10\n|\n|t:|1700014057\n|move|p2a: Zekrom|Dragon Dance|p2a: Zekrom\n|-boost|p2a: Zekrom|atk|1\n|-boost|p2a: Zekrom|spe|1\n|move|p1a: Groudon|Precipice Blades|p2a: Zekrom\n|-supereffective|p2a: Zekrom\n|-end|p2a: Zekrom|Substitute\n|\n|-weather|DesolateLand|[upkeep]\n|upkeep\n|turn|11\n|\n|t:|1700014066\n|-zpower|p2a: Zekrom\n|move|p2a: Zekrom|Devastating Drake|p1a: Groudon|[zeffect]\n|-damage|p1a: Groudon|0 fnt\n|faint|p1a: Groudon\n|-weather|none\n|\n|upkeep\n|\n|t:|1700014068\n|switch|p1a: Arceus|Arceus-Dark|100\/100\n|-damage|p1a: Arceus|88\/100|[from] Stealth Rock\n|turn|12\n|\n|t:|1700014077\n|move|p2a: Zekrom|Outrage|p1a: Arceus\n|-damage|p1a: Arceus|13\/100\n|move|p1a: Arceus|Foul Play|p2a: Zekrom\n|-damage|p2a: Zekrom|0 fnt\n|faint|p2a: Zekrom\n|\n|upkeep\n|\n|t:|1700014096\n|switch|p2a: Zacian|Zacian-Crowned|100\/100\n|-ability|p2a: Zacian|Intrepid Sword|boost\n|-boost|p2a: Zacian|atk|1\n|turn|13\n|\n|t:|1700014101\n|switch|p1a: Ho-Oh|Ho-Oh|100\/100\n|move|p2a: Zacian|Behemoth Blade|p1a: Ho-Oh\n|-resisted|p1a: Ho-Oh\n|-damage|p1a: Ho-Oh|71\/100\n|\n|upkeep\n|turn|14\n|\n|t:|1700014108\n|move|p2a: Zacian|Wild Charge|p1a: Ho-Oh\n|-supereffective|p1a: Ho-Oh\n|-damage|p1a: Ho-Oh|5\/100\n|-damage|p2a: Zacian|79\/100|[from] Recoil\n|move|p1a: Ho-Oh|Sacred Fire|p2a: Zacian\n|-supereffective|p2a: Zacian\n|-damage|p2a: Zacian|0 fnt\n|faint|p2a: Zacian\n|\n|upkeep\n|\n|t:|1700014119\n|switch|p2a: Arceus|Arceus|100\/100\n|turn|15\n|\n|t:|1700014124\n|switch|p1a: Zygarde|Zygarde-Complete|67\/100\n|-damage|p1a: Zygarde|61\/100|[from] Stealth Rock\n|move|p2a: Arceus|Extreme Speed|p1a: Zygarde\n|-damage|p1a: Zygarde|37\/100\n|-damage|p2a: Arceus|91\/100|[from] item: Life Orb\n|\n|-heal|p1a: Zygarde|43\/100|[from] item: Leftovers\n|upkeep\n|turn|16\n|\n|t:|1700014135\n|move|p2a: Arceus|Will-O-Wisp|p1a: Zygarde|[miss]\n|-miss|p2a: Arceus|p1a: Zygarde\n|move|p1a: Zygarde|Dragon Tail|p2a: Arceus\n|-damage|p2a: Arceus|72\/100\n|drag|p2a: Xerneas|Xerneas|100\/100\n|-ability|p2a: Xerneas|Fairy Aura\n|\n|-heal|p1a: Zygarde|49\/100|[from] item: Leftovers\n|upkeep\n|turn|17\n|\n|t:|1700014147\n|switch|p1a: Necrozma|Necrozma-Dusk-Mane|78\/100 par\n|-damage|p1a: Necrozma|72\/100 par|[from] Stealth Rock\n|move|p2a: Xerneas|Geomancy||[still]\n|-prepare|p2a: Xerneas|Geomancy\n|-enditem|p2a: Xerneas|Power Herb\n|-anim|p2a: Xerneas|Geomancy|p2a: Xerneas\n|-boost|p2a: Xerneas|spa|2\n|-boost|p2a: Xerneas|spd|2\n|-boost|p2a: Xerneas|spe|2\n|\n|upkeep\n|turn|18\n|\n|t:|1700014157\n|-terastallize|p2a: Xerneas|Fighting\n|move|p2a: Xerneas|Focus Blast|p1a: Necrozma\n|-damage|p1a: Necrozma|0 fnt\n|faint|p1a: Necrozma\n|\n|upkeep\n|\n|t:|1700014163\n|switch|p1a: Mewtwo|Mewtwo|100\/100\n|-damage|p1a: Mewtwo|88\/100|[from] Stealth Rock\n|-ability|p1a: Mewtwo|Pressure\n|turn|19\n|\n|t:|1700014169\n|detailschange|p1a: Mewtwo|Mewtwo-Mega-Y\n|-mega|p1a: Mewtwo|Mewtwo|Mewtwonite Y\n|move|p2a: Xerneas|Moonblast|p1a: Mewtwo\n|-damage|p1a: Mewtwo|0 fnt\n|faint|p1a: Mewtwo\n|\n|upkeep\n|-message|nfyhsueryfgius forfeited.\n|\n|win|85792195wwww\n|raw|nfyhsueryfgius's rating: 1669 &rarr; <strong>1651<\/strong><br \/>(-18 for losing)\n|raw|85792195wwww's rating: 1702 &rarr; <strong>1720<\/strong><br \/>(+18 for winning)\n|l|\u2606nfyhsueryfgius\n","uploadtime":1700014178,"views":6,"p1id":"nfyhsueryfgius","p2id":"85792195wwww","formatid":"gen9nationaldexubers","rating":1651,"private":0,"password":""}