{"id":"gen9nationaldexubers-1981822924","p1":"InDaHouseSun","p2":"Chaitanya15","format":"[Gen 9] National Dex Ubers","log":"|j|\u2606InDaHouseSun\n|j|\u2606Chaitanya15\n|t:|1698944264\n|gametype|singles\n|player|p1|InDaHouseSun|biker-gen4|1297\n|player|p2|Chaitanya15|101|1420\n|teamsize|p1|6\n|teamsize|p2|6\n|gen|9\n|tier|[Gen 9] National Dex Ubers\n|rated|\n|rule|HP Percentage Mod: HP is shown in percentages\n|rule|Endless Battle Clause: Forcing endless battles is banned\n|rule|OHKO Clause: OHKO moves are banned\n|rule|Evasion Moves Clause: Evasion moves are banned\n|rule|Evasion Items Clause: Evasion items are banned\n|rule|Species Clause: Limit one of each Pok\u00e9mon\n|rule|Sleep Clause Mod: Limit one foe put to sleep\n|rule|Mega Rayquaza Clause: You cannot mega evolve Rayquaza\n|clearpoke\n|poke|p1|Rayquaza|\n|poke|p1|Arboliva, M|\n|poke|p1|Moltres-Galar|\n|poke|p1|Lapras, F|\n|poke|p1|Kleavor, M|\n|poke|p1|Entei|\n|poke|p2|Kingambit, M|\n|poke|p2|Basculegion, M|\n|poke|p2|Pikachu, F|\n|poke|p2|Kyogre|\n|poke|p2|Flutter Mane|\n|poke|p2|Deoxys-Speed|\n|teampreview\n|\n|t:|1698944274\n|start\n|switch|p1a: Kleavor|Kleavor, M|100\/100\n|switch|p2a: Deoxys|Deoxys-Speed|100\/100\n|-ability|p2a: Deoxys|Pressure\n|turn|1\n|inactive|Battle timer is ON: inactive players will automatically lose when time's up. (requested by Chaitanya15)\n|\n|t:|1698944284\n|move|p2a: Deoxys|Stealth Rock|p1a: Kleavor\n|-sidestart|p1: InDaHouseSun|move: Stealth Rock\n|move|p1a: Kleavor|Knock Off|p2a: Deoxys\n|-supereffective|p2a: Deoxys\n|-damage|p2a: Deoxys|12\/100\n|-enditem|p2a: Deoxys|Focus Sash|[from] move: Knock Off|[of] p1a: Kleavor\n|\n|upkeep\n|turn|2\n|\n|t:|1698944294\n|move|p2a: Deoxys|Spikes|p1a: Kleavor\n|-sidestart|p1: InDaHouseSun|Spikes\n|move|p1a: Kleavor|Stone Axe|p2a: Deoxys\n|-damage|p2a: Deoxys|0 fnt\n|-sidestart|p2: Chaitanya15|move: Stealth Rock\n|faint|p2a: Deoxys\n|\n|upkeep\n|\n|t:|1698944307\n|switch|p2a: Pikachu|Pikachu, F|100\/100\n|-damage|p2a: Pikachu|88\/100|[from] Stealth Rock\n|turn|3\n|\n|t:|1698944312\n|move|p2a: Pikachu|Fake Out|p1a: Kleavor\n|-resisted|p1a: Kleavor\n|-damage|p1a: Kleavor|90\/100\n|cant|p1a: Kleavor|flinch\n|\n|upkeep\n|turn|4\n|\n|t:|1698944319\n|move|p2a: Pikachu|Volt Tackle|p1a: Kleavor\n|-damage|p1a: Kleavor|0 fnt\n|faint|p1a: Kleavor\n|-damage|p2a: Pikachu|49\/100|[from] Recoil\n|\n|upkeep\n|\n|t:|1698944338\n|switch|p1a: Arboliva|Arboliva, M|100\/100\n|-damage|p1a: Arboliva|88\/100|[from] Stealth Rock\n|-damage|p1a: Arboliva|75\/100|[from] Spikes\n|turn|5\n|\n|t:|1698944345\n|move|p2a: Pikachu|Brick Break|p1a: Arboliva\n|-supereffective|p1a: Arboliva\n|-damage|p1a: Arboliva|8\/100\n|-fieldstart|move: Grassy Terrain|[from] ability: Seed Sower|[of] p1a: Arboliva\n|move|p1a: Arboliva|Earth Power|p2a: Pikachu\n|-supereffective|p2a: Pikachu\n|-damage|p2a: Pikachu|0 fnt\n|faint|p2a: Pikachu\n|\n|-heal|p1a: Arboliva|14\/100|[from] Grassy Terrain\n|-heal|p1a: Arboliva|20\/100|[from] item: Leftovers\n|upkeep\n|inactive|Chaitanya15 has 120 seconds left.\n|\n|t:|1698944376\n|switch|p2a: Flutter Mane|Flutter Mane|100\/100\n|-damage|p2a: Flutter Mane|88\/100|[from] Stealth Rock\n|-enditem|p2a: Flutter Mane|Booster Energy\n|-activate|p2a: Flutter Mane|ability: Protosynthesis|[fromitem]\n|-start|p2a: Flutter Mane|protosynthesisspe\n|turn|6\n|\n|t:|1698944387\n|move|p2a: Flutter Mane|Moonblast|p1a: Arboliva\n|-crit|p1a: Arboliva\n|-damage|p1a: Arboliva|0 fnt\n|faint|p1a: Arboliva\n|\n|-heal|p2a: Flutter Mane|94\/100|[from] Grassy Terrain\n|upkeep\n|\n|t:|1698944411\n|switch|p1a: Entei|Entei|100\/100\n|-damage|p1a: Entei|76\/100|[from] Stealth Rock\n|-damage|p1a: Entei|63\/100|[from] Spikes\n|turn|7\n|\n|t:|1698944419\n|-terastallize|p2a: Flutter Mane|Ghost\n|move|p2a: Flutter Mane|Shadow Ball|p1a: Entei\n|-damage|p1a: Entei|0 fnt\n|faint|p1a: Entei\n|\n|-heal|p2a: Flutter Mane|99\/100|[from] Grassy Terrain\n|upkeep\n|\n|t:|1698944431\n|switch|p1a: Moltres|Moltres-Galar|100\/100\n|-damage|p1a: Moltres|76\/100|[from] Stealth Rock\n|turn|8\n|\n|t:|1698944435\n|move|p2a: Flutter Mane|Moonblast|p1a: Moltres\n|-supereffective|p1a: Moltres\n|-damage|p1a: Moltres|0 fnt\n|faint|p1a: Moltres\n|\n|-heal|p2a: Flutter Mane|100\/100|[from] Grassy Terrain\n|upkeep\n|\n|t:|1698944442\n|switch|p1a: Rayquaza|Rayquaza, shiny|100\/100\n|-ability|p1a: Rayquaza|Air Lock\n|turn|9\n|\n|t:|1698944449\n|move|p2a: Flutter Mane|Moonblast|p1a: Rayquaza\n|-supereffective|p1a: Rayquaza\n|-damage|p1a: Rayquaza|0 fnt\n|faint|p1a: Rayquaza\n|\n|-fieldend|move: Grassy Terrain\n|upkeep\n|\n|t:|1698944454\n|switch|p1a: Lapras|Lapras, F|100\/100\n|turn|10\n|\n|t:|1698944460\n|move|p2a: Flutter Mane|Shadow Ball|p1a: Lapras\n|-crit|p1a: Lapras\n|-damage|p1a: Lapras|51\/100\n|-unboost|p1a: Lapras|spd|1\n|move|p1a: Lapras|Sparkling Aria|p2a: Flutter Mane\n|-damage|p2a: Flutter Mane|71\/100\n|\n|upkeep\n|turn|11\n|\n|t:|1698944482\n|move|p2a: Flutter Mane|Shadow Ball|p1a: Lapras\n|-damage|p1a: Lapras|2\/100\n|move|p1a: Lapras|Sparkling Aria|p2a: Flutter Mane\n|-damage|p2a: Flutter Mane|44\/100\n|\n|upkeep\n|turn|12\n|\n|t:|1698944490\n|move|p2a: Flutter Mane|Shadow Ball|p1a: Lapras\n|-damage|p1a: Lapras|0 fnt\n|faint|p1a: Lapras\n|\n|win|Chaitanya15\n|raw|InDaHouseSun's rating: 1297 &rarr; <strong>1280<\/strong><br \/>(-17 for losing)\n|raw|Chaitanya15's rating: 1420 &rarr; <strong>1433<\/strong><br \/>(+13 for winning)\n|l|\u2606InDaHouseSun\n|c|\u2606Chaitanya15|Gg\n","uploadtime":1698944499,"views":11,"p1id":"indahousesun","p2id":"chaitanya15","formatid":"gen9nationaldexubers","rating":1280,"private":0,"password":""}