{"id":"gen9nationaldexubers-1979899946","p1":"Vario 64\u2606\u5f61","p2":"Flames98765","format":"[Gen 9] National Dex Ubers","log":"|j|\u2606Vario 64\u2606\u5f61\n|j|\u2606Flames98765\n|t:|1698726311\n|gametype|singles\n|player|p1|Vario 64\u2606\u5f61|ghetsis|\n|player|p2|Flames98765|jasmine|\n|teamsize|p1|6\n|teamsize|p2|6\n|gen|9\n|tier|[Gen 9] National Dex Ubers\n|rule|HP Percentage Mod: HP is shown in percentages\n|rule|Endless Battle Clause: Forcing endless battles is banned\n|rule|OHKO Clause: OHKO moves are banned\n|rule|Evasion Moves Clause: Evasion moves are banned\n|rule|Evasion Items Clause: Evasion items are banned\n|rule|Species Clause: Limit one of each Pok\u00e9mon\n|rule|Sleep Clause Mod: Limit one foe put to sleep\n|rule|Mega Rayquaza Clause: You cannot mega evolve Rayquaza\n|clearpoke\n|poke|p1|Araquanid, F|\n|poke|p1|Darmanitan, F|\n|poke|p1|Nidoking, M|\n|poke|p1|Gholdengo|\n|poke|p1|Mamoswine, M|\n|poke|p1|Charizard, F|\n|poke|p2|Tapu Koko|\n|poke|p2|Leavanny, M|\n|poke|p2|Xurkitree|\n|poke|p2|Serperior, M|\n|poke|p2|Kartana|\n|poke|p2|Zekrom|\n|teampreview\n|c|\u2606Vario 64\u2606\u5f61|gl hf!\n|c|\u2606Flames98765|you too\n|\n|t:|1698726348\n|start\n|switch|p1a: CORE|Araquanid, F|100\/100\n|switch|p2a: Tapu Koko|Tapu Koko|100\/100\n|-fieldstart|move: Electric Terrain|[from] ability: Electric Surge|[of] p2a: Tapu Koko\n|turn|1\n|\n|t:|1698726375\n|move|p2a: Tapu Koko|Volt Switch|p1a: CORE\n|-supereffective|p1a: CORE\n|-damage|p1a: CORE|39\/100\n|\n|t:|1698726401\n|switch|p2a: Kartana|Kartana|100\/100|[from] Volt Switch\n|-enditem|p2a: Kartana|Electric Seed\n|-boost|p2a: Kartana|def|1|[from] item: Electric Seed\n|move|p1a: CORE|Mirror Coat|p2a: Kartana\n|-damage|p2a: Kartana|0 fnt\n|faint|p2a: Kartana\n|\n|upkeep\n|\n|t:|1698726411\n|switch|p2a: Xurkitree|Xurkitree|100\/100\n|turn|2\n|\n|t:|1698726427\n|move|p1a: CORE|Magic Coat|p1a: CORE\n|-singleturn|p1a: CORE|move: Magic Coat\n|move|p2a: Xurkitree|Tail Glow|p2a: Xurkitree\n|-boost|p2a: Xurkitree|spa|3\n|\n|upkeep\n|turn|3\n|\n|t:|1698726454\n|move|p1a: CORE|Magic Coat|p1a: CORE\n|-singleturn|p1a: CORE|move: Magic Coat\n|move|p2a: Xurkitree|Dazzling Gleam|p1a: CORE\n|-damage|p1a: CORE|0 fnt\n|faint|p1a: CORE\n|-ability|p2a: Xurkitree|Beast Boost|boost\n|-boost|p2a: Xurkitree|spa|1\n|\n|upkeep\n|\n|t:|1698726463\n|switch|p1a: KING|Nidoking, M|100\/100\n|turn|4\n|\n|t:|1698726478\n|switch|p2a: Leavanny|Leavanny, M|100\/100\n|move|p1a: KING|Earth Power|p2a: Leavanny\n|-resisted|p2a: Leavanny\n|-damage|p2a: Leavanny|81\/100\n|\n|upkeep\n|turn|5\n|\n|t:|1698726495\n|switch|p1a: GOJIRA!!!!|Charizard, F|100\/100\n|move|p2a: Leavanny|Sticky Web|p1a: GOJIRA!!!!\n|-sidestart|p1: Vario 64\u2606\u5f61|move: Sticky Web\n|\n|-fieldend|move: Electric Terrain\n|upkeep\n|turn|6\n|\n|t:|1698726516\n|switch|p2a: Zekrom|Zekrom|100\/100\n|-ability|p2a: Zekrom|Teravolt\n|move|p1a: GOJIRA!!!!|Dragon Dance|p1a: GOJIRA!!!!\n|-boost|p1a: GOJIRA!!!!|atk|1\n|-boost|p1a: GOJIRA!!!!|spe|1\n|\n|upkeep\n|turn|7\n|\n|t:|1698726531\n|detailschange|p1a: GOJIRA!!!!|Charizard-Mega-X, F\n|-mega|p1a: GOJIRA!!!!|Charizard|Charizardite X\n|move|p1a: GOJIRA!!!!|Dragon Claw|p2a: Zekrom\n|-supereffective|p2a: Zekrom\n|-damage|p2a: Zekrom|0 fnt\n|faint|p2a: Zekrom\n|\n|upkeep\n|\n|t:|1698726567\n|switch|p2a: Serperior|Serperior, M|100\/100\n|turn|8\n|\n|t:|1698726573\n|move|p1a: GOJIRA!!!!|Fire Punch|p2a: Serperior\n|-supereffective|p2a: Serperior\n|-damage|p2a: Serperior|0 fnt\n|faint|p2a: Serperior\n|\n|upkeep\n|\n|t:|1698726581\n|switch|p2a: Tapu Koko|Tapu Koko|100\/100\n|-fieldstart|move: Electric Terrain|[from] ability: Electric Surge|[of] p2a: Tapu Koko\n|turn|9\n|\n|t:|1698726598\n|-terastallize|p2a: Tapu Koko|Water\n|move|p1a: GOJIRA!!!!|Dragon Dance|p1a: GOJIRA!!!!\n|-boost|p1a: GOJIRA!!!!|atk|1\n|-boost|p1a: GOJIRA!!!!|spe|1\n|move|p2a: Tapu Koko|Nature's Madness|p1a: GOJIRA!!!!\n|-damage|p1a: GOJIRA!!!!|51\/100\n|\n|upkeep\n|turn|10\n|\n|t:|1698726607\n|move|p1a: GOJIRA!!!!|Dragon Claw|p2a: Tapu Koko\n|-damage|p2a: Tapu Koko|0 fnt\n|faint|p2a: Tapu Koko\n|\n|upkeep\n|\n|t:|1698726614\n|switch|p2a: Leavanny|Leavanny, M|81\/100\n|turn|11\n|\n|t:|1698726619\n|move|p1a: GOJIRA!!!!|Fire Punch|p2a: Leavanny\n|-supereffective|p2a: Leavanny\n|-damage|p2a: Leavanny|0 fnt\n|faint|p2a: Leavanny\n|\n|upkeep\n|\n|t:|1698726624\n|switch|p2a: Xurkitree|Xurkitree|100\/100\n|turn|12\n|\n|t:|1698726629\n|move|p1a: GOJIRA!!!!|Dragon Claw|p2a: Xurkitree\n|-damage|p2a: Xurkitree|0 fnt\n|faint|p2a: Xurkitree\n|\n|win|Vario 64\u2606\u5f61\n|c|\u2606Flames98765|gg\n|c|\u2606Vario 64\u2606\u5f61|gg\n","uploadtime":1698726639,"views":28,"p1id":"vario64","p2id":"flames98765","formatid":"gen9nationaldexubers","rating":0,"private":0,"password":""}