{"id":"gen9nationaldexubers-1995279832","p1":"Rhyfinn1.1.1","p2":"Luabel","format":"[Gen 9] National Dex Ubers","log":"|j|\u2606Rhyfinn1.1.1\n|j|\u2606Luabel\n|t:|1700545942\n|gametype|singles\n|player|p1|Rhyfinn1.1.1|ninjaboy|1151\n|player|p2|Luabel|roxie|1219\n|teamsize|p1|6\n|teamsize|p2|6\n|gen|9\n|tier|[Gen 9] National Dex Ubers\n|rated|\n|rule|HP Percentage Mod: HP is shown in percentages\n|rule|Endless Battle Clause: Forcing endless battles is banned\n|rule|OHKO Clause: OHKO moves are banned\n|rule|Evasion Moves Clause: Evasion moves are banned\n|rule|Evasion Items Clause: Evasion items are banned\n|rule|Species Clause: Limit one of each Pok\u00e9mon\n|rule|Sleep Clause Mod: Limit one foe put to sleep\n|rule|Mega Rayquaza Clause: You cannot mega evolve Rayquaza\n|clearpoke\n|poke|p1|Xerneas-*|\n|poke|p1|Marshadow|\n|poke|p1|Groudon|\n|poke|p1|Deoxys-Speed|\n|poke|p1|Necrozma-Dusk-Mane|\n|poke|p1|Pheromosa|\n|poke|p2|Yveltal|\n|poke|p2|Necrozma-Dusk-Mane|\n|poke|p2|Zacian-*|\n|poke|p2|Xerneas-*|\n|poke|p2|Eternatus|\n|poke|p2|Groudon|\n|teampreview\n|inactive|Battle timer is ON: inactive players will automatically lose when time's up. (requested by Rhyfinn1.1.1)\n|\n|t:|1700545973\n|start\n|switch|p1a: Deoxys|Deoxys-Speed, shiny|100\/100\n|switch|p2a: Groudon|Groudon, shiny|100\/100\n|-ability|p1a: Deoxys|Pressure\n|detailschange|p2a: Groudon|Groudon-Primal, shiny\n|-primal|p2a: Groudon|Red Orb\n|-weather|DesolateLand|[from] ability: Desolate Land|[of] p2a: Groudon\n|turn|1\n|\n|t:|1700545984\n|move|p1a: Deoxys|Taunt|p2a: Groudon\n|-start|p2a: Groudon|move: Taunt\n|move|p2a: Groudon|Precipice Blades|p1a: Deoxys\n|-damage|p1a: Deoxys|17\/100\n|\n|-weather|DesolateLand|[upkeep]\n|upkeep\n|turn|2\n|\n|t:|1700545991\n|move|p1a: Deoxys|Stealth Rock|p2a: Groudon\n|-sidestart|p2: Luabel|move: Stealth Rock\n|move|p2a: Groudon|Overheat|p1a: Deoxys\n|-damage|p1a: Deoxys|0 fnt\n|-unboost|p2a: Groudon|spa|2\n|faint|p1a: Deoxys\n|\n|-weather|DesolateLand|[upkeep]\n|upkeep\n|\n|t:|1700545996\n|switch|p1a: Groudon|Groudon, shiny|100\/100\n|detailschange|p1a: Groudon|Groudon-Primal, shiny\n|-primal|p1a: Groudon|Red Orb\n|turn|3\n|\n|t:|1700546002\n|move|p1a: Groudon|Earth Power|p2a: Groudon\n|-supereffective|p2a: Groudon\n|-damage|p2a: Groudon|11\/100\n|move|p2a: Groudon|Precipice Blades|p1a: Groudon\n|-supereffective|p1a: Groudon\n|-damage|p1a: Groudon|5\/100\n|\n|-weather|DesolateLand|[upkeep]\n|-end|p2a: Groudon|move: Taunt\n|upkeep\n|turn|4\n|\n|t:|1700546015\n|switch|p2a: Yveltal|Yveltal, shiny|100\/100\n|-ability|p2a: Yveltal|Dark Aura\n|move|p1a: Groudon|Flamethrower|p2a: Yveltal\n|-damage|p2a: Yveltal|37\/100\n|\n|-weather|DesolateLand|[upkeep]\n|upkeep\n|turn|5\n|\n|t:|1700546026\n|move|p2a: Yveltal|Defog|p1a: Groudon\n|-unboost|p1a: Groudon|evasion|1\n|-sideend|p2: Luabel|Stealth Rock|[from] move: Defog|[of] p2a: Yveltal\n|move|p1a: Groudon|Flamethrower|p2a: Yveltal\n|-damage|p2a: Yveltal|0 fnt\n|faint|p2a: Yveltal\n|\n|-weather|DesolateLand|[upkeep]\n|upkeep\n|\n|t:|1700546038\n|switch|p2a: Groudon|Groudon-Primal, shiny|11\/100\n|turn|6\n|\n|t:|1700546042\n|move|p1a: Groudon|Earth Power|p2a: Groudon\n|-supereffective|p2a: Groudon\n|-damage|p2a: Groudon|0 fnt\n|faint|p2a: Groudon\n|\n|-weather|DesolateLand|[upkeep]\n|upkeep\n|\n|t:|1700546046\n|switch|p2a: Eternatus|Eternatus|100\/100\n|-ability|p2a: Eternatus|Pressure\n|turn|7\n|\n|t:|1700546054\n|-weather|none\n|switch|p1a: Necrozma|Necrozma-Dusk-Mane, shiny|100\/100\n|move|p2a: Eternatus|Dynamax Cannon|p1a: Necrozma\n|-resisted|p1a: Necrozma\n|-damage|p1a: Necrozma|78\/100\n|\n|upkeep\n|turn|8\n|\n|t:|1700546062\n|detailschange|p1a: Necrozma|Necrozma-Ultra, shiny\n|-burst|p1a: Necrozma|Necrozma|Ultranecrozium Z\n|move|p1a: Necrozma|Dragon Dance|p1a: Necrozma\n|-boost|p1a: Necrozma|atk|1\n|-boost|p1a: Necrozma|spe|1\n|move|p2a: Eternatus|Flamethrower|p1a: Necrozma\n|-resisted|p1a: Necrozma\n|-damage|p1a: Necrozma|65\/100\n|\n|upkeep\n|turn|9\n|\n|t:|1700546074\n|-terastallize|p2a: Eternatus|Poison\n|move|p1a: Necrozma|Photon Geyser|p2a: Eternatus\n|-supereffective|p2a: Eternatus\n|-damage|p2a: Eternatus|0 fnt\n|faint|p2a: Eternatus\n|\n|upkeep\n|\n|t:|1700546085\n|switch|p2a: Zacian|Zacian-Crowned, shiny|100\/100\n|-ability|p2a: Zacian|Intrepid Sword|boost\n|-boost|p2a: Zacian|atk|1\n|turn|10\n|\n|t:|1700546089\n|move|p1a: Necrozma|Earthquake|p2a: Zacian\n|-supereffective|p2a: Zacian\n|-damage|p2a: Zacian|0 fnt\n|faint|p2a: Zacian\n|\n|upkeep\n|\n|t:|1700546096\n|switch|p2a: Necrozma|Necrozma-Dusk-Mane, shiny|100\/100\n|turn|11\n|\n|t:|1700546100\n|move|p1a: Necrozma|Earthquake|p2a: Necrozma\n|-supereffective|p2a: Necrozma\n|-crit|p2a: Necrozma\n|-damage|p2a: Necrozma|15\/100\n|move|p2a: Necrozma|Sunsteel Strike|p1a: Necrozma\n|-damage|p1a: Necrozma|9\/100\n|\n|upkeep\n|turn|12\n|\n|t:|1700546109\n|-zpower|p1a: Necrozma\n|move|p1a: Necrozma|Light That Burns the Sky|p2a: Necrozma|[zeffect]\n|-resisted|p2a: Necrozma\n|-damage|p2a: Necrozma|0 fnt\n|faint|p2a: Necrozma\n|\n|upkeep\n|\n|t:|1700546117\n|switch|p2a: Xerneas|Xerneas, shiny|100\/100\n|-ability|p2a: Xerneas|Fairy Aura\n|turn|13\n|c|\u2606Rhyfinn1.1.1|gg ez\n|\n|t:|1700546125\n|move|p1a: Necrozma|Sunsteel Strike|p2a: Xerneas\n|-supereffective|p2a: Xerneas\n|-damage|p2a: Xerneas|3\/100\n|move|p2a: Xerneas|Moonblast|p1a: Necrozma\n|-supereffective|p1a: Necrozma\n|-damage|p1a: Necrozma|0 fnt\n|faint|p1a: Necrozma\n|\n|upkeep\n|\n|t:|1700546129\n|switch|p1a: Pheromosa|Pheromosa, shiny|100\/100\n|turn|14\n|-message|Luabel forfeited.\n|\n|win|Rhyfinn1.1.1\n|raw|Rhyfinn1.1.1's rating: 1151 &rarr; <strong>1181<\/strong><br \/>(+30 for winning)\n|raw|Luabel's rating: 1219 &rarr; <strong>1189<\/strong><br \/>(-30 for losing)\n|l|\u2606Luabel\n","uploadtime":1700546140,"views":3,"p1id":"rhyfinn111","p2id":"luabel","formatid":"gen9nationaldexubers","rating":1181,"private":0,"password":""}