{"id":"gen9nationaldexubers-1992727451","p1":"golim","p2":"JustMonika_CARR","format":"[Gen 9] National Dex Ubers","log":"|j|\u2606golim\n|j|\u2606JustMonika_CARR\n|t:|1700229705\n|gametype|singles\n|player|p1|golim|bellelba|1317\n|player|p2|JustMonika_CARR|rosa|1431\n|teamsize|p1|6\n|teamsize|p2|6\n|gen|9\n|tier|[Gen 9] National Dex Ubers\n|rated|\n|rule|HP Percentage Mod: HP is shown in percentages\n|rule|Endless Battle Clause: Forcing endless battles is banned\n|rule|OHKO Clause: OHKO moves are banned\n|rule|Evasion Moves Clause: Evasion moves are banned\n|rule|Evasion Items Clause: Evasion items are banned\n|rule|Species Clause: Limit one of each Pok\u00e9mon\n|rule|Sleep Clause Mod: Limit one foe put to sleep\n|rule|Mega Rayquaza Clause: You cannot mega evolve Rayquaza\n|clearpoke\n|poke|p1|Calyrex-Ice|\n|poke|p1|Eternatus|\n|poke|p1|Yveltal|\n|poke|p1|Necrozma-Dusk-Mane|\n|poke|p1|Xerneas-*|\n|poke|p1|Banette, F|\n|poke|p2|Beedrill, M|\n|poke|p2|Pheromosa|\n|poke|p2|Gothitelle, F|\n|poke|p2|Deoxys-Speed|\n|poke|p2|Shuckle, M|\n|poke|p2|Durant, F|\n|teampreview\n|inactive|Battle timer is ON: inactive players will automatically lose when time's up. (requested by golim)\n|\n|t:|1700229716\n|start\n|switch|p1a: Yveltal|Yveltal, shiny|100\/100\n|switch|p2a: Deoxys|Deoxys-Speed, shiny|100\/100\n|-ability|p2a: Deoxys|Pressure\n|-ability|p1a: Yveltal|Dark Aura\n|turn|1\n|\n|t:|1700229727\n|move|p2a: Deoxys|Stealth Rock|p1a: Yveltal\n|-sidestart|p1: golim|move: Stealth Rock\n|move|p1a: Yveltal|Taunt|p2a: Deoxys\n|-start|p2a: Deoxys|move: Taunt\n|\n|upkeep\n|turn|2\n|\n|t:|1700229740\n|switch|p2a: Beedrill|Beedrill, M, shiny|100\/100\n|move|p1a: Yveltal|Taunt|p2a: Beedrill\n|-start|p2a: Beedrill|move: Taunt\n|\n|upkeep\n|turn|3\n|\n|t:|1700229747\n|detailschange|p2a: Beedrill|Beedrill-Mega, M, shiny\n|-mega|p2a: Beedrill|Beedrill|Beedrillite\n|move|p2a: Beedrill|U-turn|p1a: Yveltal\n|-damage|p1a: Yveltal|59\/100\n|\n|t:|1700229752\n|switch|p2a: Deoxys|Deoxys-Speed, shiny|100\/100|[from] U-turn\n|-ability|p2a: Deoxys|Pressure\n|move|p1a: Yveltal|Oblivion Wing|p2a: Deoxys\n|-damage|p2a: Deoxys|56\/100\n|-heal|p1a: Yveltal|82\/100|[from] drain|[of] p2a: Deoxys\n|\n|upkeep\n|turn|4\n|\n|t:|1700229773\n|move|p2a: Deoxys|Taunt|p1a: Yveltal\n|-start|p1a: Yveltal|move: Taunt\n|cant|p1a: Yveltal|move: Taunt|Taunt\n|\n|upkeep\n|turn|5\n|\n|t:|1700229778\n|move|p2a: Deoxys|Light Screen|p2a: Deoxys\n|-sidestart|p2: JustMonika_CARR|move: Light Screen\n|move|p1a: Yveltal|Oblivion Wing|p2a: Deoxys\n|-damage|p2a: Deoxys|36\/100\n|-heal|p1a: Yveltal|92\/100|[from] drain|[of] p2a: Deoxys\n|\n|upkeep\n|turn|6\n|\n|t:|1700229786\n|move|p2a: Deoxys|Reflect|p2a: Deoxys\n|-sidestart|p2: JustMonika_CARR|Reflect\n|move|p1a: Yveltal|Oblivion Wing|p2a: Deoxys\n|-damage|p2a: Deoxys|13\/100\n|-heal|p1a: Yveltal|100\/100|[from] drain|[of] p2a: Deoxys\n|\n|-end|p1a: Yveltal|move: Taunt\n|upkeep\n|turn|7\n|\n|t:|1700229796\n|move|p2a: Deoxys|Taunt|p1a: Yveltal\n|-start|p1a: Yveltal|move: Taunt\n|move|p1a: Yveltal|Oblivion Wing|p2a: Deoxys\n|-damage|p2a: Deoxys|0 fnt\n|faint|p2a: Deoxys\n|\n|upkeep\n|\n|t:|1700229805\n|switch|p2a: Shuckle|Shuckle, M, shiny|100\/100\n|turn|8\n|\n|t:|1700229817\n|switch|p1a: Necrozma|Necrozma-Dusk-Mane, shiny|100\/100\n|-damage|p1a: Necrozma|94\/100|[from] Stealth Rock\n|move|p2a: Shuckle|Toxic|p1a: Necrozma\n|-immune|p1a: Necrozma\n|\n|upkeep\n|turn|9\n|\n|t:|1700229827\n|-terastallize|p2a: Shuckle|Steel\n|move|p1a: Necrozma|Knock Off|p2a: Shuckle\n|-crit|p2a: Shuckle\n|-damage|p2a: Shuckle|58\/100\n|-enditem|p2a: Shuckle|Chesto Berry|[from] move: Knock Off|[of] p1a: Necrozma\n|move|p2a: Shuckle|Infestation|p1a: Necrozma\n|-damage|p1a: Necrozma|92\/100\n|-activate|p1a: Necrozma|move: Infestation|[of] p2a: Shuckle\n|-damage|p2a: Shuckle|41\/100|[from] item: Rocky Helmet|[of] p1a: Necrozma\n|\n|-damage|p1a: Necrozma|80\/100|[from] move: Infestation|[partiallytrapped]\n|upkeep\n|turn|10\n|\n|t:|1700229840\n|move|p1a: Necrozma|Photon Geyser|p2a: Shuckle\n|-resisted|p2a: Shuckle\n|-damage|p2a: Shuckle|31\/100\n|move|p2a: Shuckle|Shell Smash|p2a: Shuckle\n|-boost|p2a: Shuckle|def|1\n|-boost|p2a: Shuckle|spd|1\n|-unboost|p2a: Shuckle|atk|2\n|-unboost|p2a: Shuckle|spa|2\n|-unboost|p2a: Shuckle|spe|2\n|\n|-damage|p1a: Necrozma|67\/100|[from] move: Infestation|[partiallytrapped]\n|upkeep\n|turn|11\n|\n|t:|1700229853\n|move|p1a: Necrozma|Knock Off|p2a: Shuckle\n|-damage|p2a: Shuckle|25\/100\n|move|p2a: Shuckle|Shell Smash|p2a: Shuckle\n|-boost|p2a: Shuckle|def|1\n|-boost|p2a: Shuckle|spd|1\n|-unboost|p2a: Shuckle|atk|2\n|-unboost|p2a: Shuckle|spa|2\n|-unboost|p2a: Shuckle|spe|2\n|\n|-damage|p1a: Necrozma|55\/100|[from] move: Infestation|[partiallytrapped]\n|upkeep\n|turn|12\n|\n|t:|1700229873\n|move|p1a: Necrozma|Photon Geyser|p2a: Shuckle\n|-resisted|p2a: Shuckle\n|-damage|p2a: Shuckle|19\/100\n|move|p2a: Shuckle|Rest|p2a: Shuckle\n|-status|p2a: Shuckle|slp|[from] move: Rest\n|-heal|p2a: Shuckle|100\/100 slp|[silent]\n|\n|-damage|p1a: Necrozma|42\/100|[from] move: Infestation|[partiallytrapped]\n|-sideend|p2: JustMonika_CARR|move: Light Screen\n|upkeep\n|turn|13\n|\n|t:|1700229886\n|move|p1a: Necrozma|Knock Off|p2a: Shuckle\n|-damage|p2a: Shuckle|96\/100 slp\n|cant|p2a: Shuckle|slp\n|\n|-end|p1a: Necrozma|Infestation|[partiallytrapped]\n|-sideend|p2: JustMonika_CARR|Reflect\n|upkeep\n|turn|14\n|inactive|golim has 120 seconds left.\n|\n|t:|1700229932\n|switch|p1a: Yveltal|Yveltal, shiny|100\/100\n|-ability|p1a: Yveltal|Dark Aura\n|cant|p2a: Shuckle|slp\n|\n|upkeep\n|turn|15\n|\n|t:|1700229939\n|move|p1a: Yveltal|Defog|p2a: Shuckle\n|-boost|p2a: Shuckle|evasion|1\n|-sideend|p1: golim|Stealth Rock|[from] move: Defog|[of] p1a: Yveltal\n|-curestatus|p2a: Shuckle|slp|[msg]\n|move|p2a: Shuckle|Toxic|p1a: Yveltal\n|-status|p1a: Yveltal|tox\n|\n|-damage|p1a: Yveltal|94\/100 tox|[from] psn\n|upkeep\n|turn|16\n|\n|t:|1700229949\n|switch|p1a: Eternatus|Eternatus|100\/100\n|-ability|p1a: Eternatus|Pressure\n|move|p2a: Shuckle|Infestation|p1a: Eternatus\n|-resisted|p1a: Eternatus\n|-damage|p1a: Eternatus|99\/100\n|-activate|p1a: Eternatus|move: Infestation|[of] p2a: Shuckle\n|\n|-heal|p1a: Eternatus|100\/100|[from] item: Leftovers\n|-damage|p1a: Eternatus|88\/100|[from] move: Infestation|[partiallytrapped]\n|upkeep\n|turn|17\n|\n|t:|1700229960\n|move|p1a: Eternatus|Flamethrower|p2a: Shuckle\n|-supereffective|p2a: Shuckle\n|-damage|p2a: Shuckle|77\/100\n|move|p2a: Shuckle|Shell Smash|p2a: Shuckle\n|-boost|p2a: Shuckle|def|1\n|-boost|p2a: Shuckle|spd|1\n|-unboost|p2a: Shuckle|atk|2\n|-unboost|p2a: Shuckle|spa|2\n|-unboost|p2a: Shuckle|spe|2\n|\n|-heal|p1a: Eternatus|94\/100|[from] item: Leftovers\n|-damage|p1a: Eternatus|82\/100|[from] move: Infestation|[partiallytrapped]\n|upkeep\n|turn|18\n|\n|t:|1700229972\n|move|p1a: Eternatus|Flamethrower|p2a: Shuckle\n|-supereffective|p2a: Shuckle\n|-damage|p2a: Shuckle|61\/100\n|move|p2a: Shuckle|Shell Smash|p2a: Shuckle\n|-boost|p2a: Shuckle|def|1\n|-boost|p2a: Shuckle|spd|1\n|-unboost|p2a: Shuckle|atk|0\n|-unboost|p2a: Shuckle|spa|0\n|-unboost|p2a: Shuckle|spe|0\n|\n|-heal|p1a: Eternatus|88\/100|[from] item: Leftovers\n|-damage|p1a: Eternatus|76\/100|[from] move: Infestation|[partiallytrapped]\n|upkeep\n|turn|19\n|\n|t:|1700229984\n|move|p1a: Eternatus|Flamethrower|p2a: Shuckle|[miss]\n|-miss|p1a: Eternatus|p2a: Shuckle\n|move|p2a: Shuckle|Shell Smash|p2a: Shuckle\n|-boost|p2a: Shuckle|def|1\n|-boost|p2a: Shuckle|spd|1\n|-unboost|p2a: Shuckle|atk|0\n|-unboost|p2a: Shuckle|spa|0\n|-unboost|p2a: Shuckle|spe|0\n|\n|-heal|p1a: Eternatus|82\/100|[from] item: Leftovers\n|-damage|p1a: Eternatus|70\/100|[from] move: Infestation|[partiallytrapped]\n|upkeep\n|turn|20\n|c|\u2606golim|I HATE THIS SO MUCH\n|\n|t:|1700229996\n|move|p1a: Eternatus|Flamethrower|p2a: Shuckle|[miss]\n|-miss|p1a: Eternatus|p2a: Shuckle\n|move|p2a: Shuckle|Shell Smash|p2a: Shuckle\n|-boost|p2a: Shuckle|def|1\n|-boost|p2a: Shuckle|spd|1\n|-unboost|p2a: Shuckle|atk|0\n|-unboost|p2a: Shuckle|spa|0\n|-unboost|p2a: Shuckle|spe|0\n|\n|-heal|p1a: Eternatus|76\/100|[from] item: Leftovers\n|-damage|p1a: Eternatus|63\/100|[from] move: Infestation|[partiallytrapped]\n|upkeep\n|turn|21\n|\n|t:|1700230008\n|move|p1a: Eternatus|Flamethrower|p2a: Shuckle\n|-supereffective|p2a: Shuckle\n|-damage|p2a: Shuckle|51\/100\n|move|p2a: Shuckle|Shell Smash|p2a: Shuckle\n|-boost|p2a: Shuckle|def|0\n|-boost|p2a: Shuckle|spd|0\n|-unboost|p2a: Shuckle|atk|0\n|-unboost|p2a: Shuckle|spa|0\n|-unboost|p2a: Shuckle|spe|0\n|\n|-heal|p1a: Eternatus|70\/100|[from] item: Leftovers\n|-end|p1a: Eternatus|Infestation|[partiallytrapped]\n|upkeep\n|turn|22\n|\n|t:|1700230019\n|switch|p1a: Xerneas|Xerneas|100\/100\n|-ability|p1a: Xerneas|Fairy Aura\n|move|p2a: Shuckle|Infestation|p1a: Xerneas\n|-resisted|p1a: Xerneas\n|-damage|p1a: Xerneas|99\/100\n|-activate|p1a: Xerneas|move: Infestation|[of] p2a: Shuckle\n|\n|-damage|p1a: Xerneas|88\/100|[from] move: Infestation|[partiallytrapped]\n|upkeep\n|turn|23\n|\n|t:|1700230029\n|move|p1a: Xerneas|Geomancy||[still]\n|-prepare|p1a: Xerneas|Geomancy\n|-enditem|p1a: Xerneas|Power Herb\n|-anim|p1a: Xerneas|Geomancy|p1a: Xerneas\n|-boost|p1a: Xerneas|spa|2\n|-boost|p1a: Xerneas|spd|2\n|-boost|p1a: Xerneas|spe|2\n|move|p2a: Shuckle|Toxic|p1a: Xerneas\n|-status|p1a: Xerneas|tox\n|\n|-damage|p1a: Xerneas|82\/100 tox|[from] psn\n|-damage|p1a: Xerneas|69\/100 tox|[from] move: Infestation|[partiallytrapped]\n|upkeep\n|turn|24\n|\n|t:|1700230041\n|move|p1a: Xerneas|Hidden Power|p2a: Shuckle\n|-supereffective|p2a: Shuckle\n|-damage|p2a: Shuckle|39\/100\n|move|p2a: Shuckle|Rest|p2a: Shuckle\n|-status|p2a: Shuckle|slp|[from] move: Rest\n|-heal|p2a: Shuckle|100\/100 slp|[silent]\n|\n|-damage|p1a: Xerneas|57\/100 tox|[from] psn\n|-damage|p1a: Xerneas|45\/100 tox|[from] move: Infestation|[partiallytrapped]\n|upkeep\n|turn|25\n|\n|t:|1700230051\n|move|p1a: Xerneas|Hidden Power|p2a: Shuckle\n|-supereffective|p2a: Shuckle\n|-damage|p2a: Shuckle|88\/100 slp\n|cant|p2a: Shuckle|slp\n|\n|-damage|p1a: Xerneas|26\/100 tox|[from] psn\n|-damage|p1a: Xerneas|14\/100 tox|[from] move: Infestation|[partiallytrapped]\n|upkeep\n|turn|26\n|-message|golim forfeited.\n|\n|win|JustMonika_CARR\n|raw|golim's rating: 1317 &rarr; <strong>1303<\/strong><br \/>(-14 for losing)\n|raw|JustMonika_CARR's rating: 1431 &rarr; <strong>1445<\/strong><br \/>(+14 for winning)\n|l|\u2606golim\n","uploadtime":1700230067,"views":8,"p1id":"golim","p2id":"justmonikacarr","formatid":"gen9nationaldexubers","rating":1303,"private":0,"password":""}