{"id":"gen9nationaldexubers-1999094175","p1":"Lightbulb0711","p2":"85792195wwww","format":"[Gen 9] National Dex Ubers","log":"|j|\u2606Lightbulb0711\n|j|\u260685792195wwww\n|t:|1701032504\n|gametype|singles\n|player|p1|Lightbulb0711|drayden|1510\n|player|p2|85792195wwww|mira|1762\n|teamsize|p1|6\n|teamsize|p2|6\n|gen|9\n|tier|[Gen 9] National Dex Ubers\n|rated|\n|rule|HP Percentage Mod: HP is shown in percentages\n|rule|Endless Battle Clause: Forcing endless battles is banned\n|rule|OHKO Clause: OHKO moves are banned\n|rule|Evasion Moves Clause: Evasion moves are banned\n|rule|Evasion Items Clause: Evasion items are banned\n|rule|Species Clause: Limit one of each Pok\u00e9mon\n|rule|Sleep Clause Mod: Limit one foe put to sleep\n|rule|Mega Rayquaza Clause: You cannot mega evolve Rayquaza\n|clearpoke\n|poke|p1|Ho-Oh|\n|poke|p1|Groudon|\n|poke|p1|Darmanitan-Galar, M|\n|poke|p1|Salamence, M|\n|poke|p1|Giratina-Origin|\n|poke|p1|Necrozma-Dusk-Mane|\n|poke|p2|Arceus|\n|poke|p2|Zacian-*|\n|poke|p2|Xerneas-*|\n|poke|p2|Kyogre|\n|poke|p2|Groudon|\n|poke|p2|Deoxys-Speed|\n|teampreview\n|\n|t:|1701032521\n|start\n|switch|p1a: Darmanitan|Darmanitan-Galar, M|100\/100\n|switch|p2a: Deoxys|Deoxys-Speed|100\/100\n|-ability|p2a: Deoxys|Pressure\n|turn|1\n|inactive|Battle timer is ON: inactive players will automatically lose when time's up. (requested by Lightbulb0711)\n|\n|t:|1701032529\n|switch|p1a: King|Ho-Oh|100\/100\n|move|p2a: Deoxys|Thunder Wave|p1a: King\n|-status|p1a: King|par\n|\n|upkeep\n|turn|2\n|\n|t:|1701032539\n|switch|p2a: Zacian|Zacian-Crowned|100\/100\n|-ability|p2a: Zacian|Intrepid Sword|boost\n|-boost|p2a: Zacian|atk|1\n|cant|p1a: King|par\n|\n|upkeep\n|turn|3\n|\n|t:|1701032546\n|move|p2a: Zacian|Wild Charge|p1a: King\n|-supereffective|p1a: King\n|-damage|p1a: King|30\/100 par\n|-damage|p2a: Zacian|78\/100|[from] Recoil\n|move|p1a: King|Sacred Fire|p2a: Zacian\n|-supereffective|p2a: Zacian\n|-damage|p2a: Zacian|0 fnt\n|faint|p2a: Zacian\n|\n|upkeep\n|\n|t:|1701032557\n|switch|p2a: Deoxys|Deoxys-Speed|100\/100\n|-ability|p2a: Deoxys|Pressure\n|turn|4\n|\n|t:|1701032564\n|move|p2a: Deoxys|Stealth Rock|p1a: King\n|-sidestart|p1: Lightbulb0711|move: Stealth Rock\n|move|p1a: King|Sacred Fire|p2a: Deoxys\n|-damage|p2a: Deoxys|49\/100\n|-status|p2a: Deoxys|brn\n|\n|-damage|p2a: Deoxys|43\/100 brn|[from] brn\n|upkeep\n|turn|5\n|\n|t:|1701032574\n|switch|p2a: Kyogre|Kyogre|100\/100\n|detailschange|p2a: Kyogre|Kyogre-Primal\n|-primal|p2a: Kyogre|Blue Orb\n|-weather|PrimordialSea|[from] ability: Primordial Sea|[of] p2a: Kyogre\n|switch|p1a: Necrozma|Necrozma-Dusk-Mane, shiny|100\/100\n|-damage|p1a: Necrozma|94\/100|[from] Stealth Rock\n|\n|-weather|PrimordialSea|[upkeep]\n|upkeep\n|turn|6\n|\n|t:|1701032585\n|-weather|none\n|switch|p2a: Deoxys|Deoxys-Speed|43\/100 brn\n|-ability|p2a: Deoxys|Pressure\n|detailschange|p1a: Necrozma|Necrozma-Ultra, shiny\n|-burst|p1a: Necrozma|Necrozma|Ultranecrozium Z\n|move|p1a: Necrozma|Dragon Dance|p1a: Necrozma\n|-boost|p1a: Necrozma|atk|1\n|-boost|p1a: Necrozma|spe|1\n|\n|-damage|p2a: Deoxys|37\/100 brn|[from] brn\n|upkeep\n|turn|7\n|\n|t:|1701032598\n|move|p2a: Deoxys|Thunder Wave|p1a: Necrozma\n|-status|p1a: Necrozma|par\n|move|p1a: Necrozma|Sunsteel Strike|p2a: Deoxys\n|-damage|p2a: Deoxys|0 fnt\n|faint|p2a: Deoxys\n|\n|upkeep\n|\n|t:|1701032607\n|switch|p2a: Xerneas|Xerneas|100\/100\n|-ability|p2a: Xerneas|Fairy Aura\n|turn|8\n|\n|t:|1701032614\n|move|p2a: Xerneas|Geomancy||[still]\n|-prepare|p2a: Xerneas|Geomancy\n|-enditem|p2a: Xerneas|Power Herb\n|-anim|p2a: Xerneas|Geomancy|p2a: Xerneas\n|-boost|p2a: Xerneas|spa|2\n|-boost|p2a: Xerneas|spd|2\n|-boost|p2a: Xerneas|spe|2\n|move|p1a: Necrozma|Sunsteel Strike|p2a: Xerneas\n|-supereffective|p2a: Xerneas\n|-damage|p2a: Xerneas|6\/100\n|\n|upkeep\n|turn|9\n|\n|t:|1701032624\n|move|p2a: Xerneas|Moonblast|p1a: Necrozma\n|-supereffective|p1a: Necrozma\n|-damage|p1a: Necrozma|0 fnt\n|faint|p1a: Necrozma\n|\n|upkeep\n|\n|t:|1701032632\n|switch|p1a: not AG?????|Groudon, shiny|100\/100\n|-damage|p1a: not AG?????|94\/100|[from] Stealth Rock\n|detailschange|p1a: not AG?????|Groudon-Primal, shiny\n|-primal|p1a: not AG?????|Red Orb\n|-weather|DesolateLand|[from] ability: Desolate Land|[of] p1a: not AG?????\n|turn|10\n|\n|t:|1701032641\n|-terastallize|p2a: Xerneas|Fairy\n|move|p2a: Xerneas|Moonblast|p1a: not AG?????\n|-resisted|p1a: not AG?????\n|-damage|p1a: not AG?????|0 fnt\n|faint|p1a: not AG?????\n|-weather|none\n|\n|upkeep\n|\n|t:|1701032648\n|switch|p1a: Giratina|Giratina-Origin, shiny|100\/100\n|-damage|p1a: Giratina|88\/100|[from] Stealth Rock\n|turn|11\n|\n|t:|1701032655\n|-terastallize|p1a: Giratina|Fairy\n|move|p2a: Xerneas|Moonblast|p1a: Giratina\n|-damage|p1a: Giratina|0 fnt\n|faint|p1a: Giratina\n|\n|upkeep\n|-message|Lightbulb0711 forfeited.\n|\n|win|85792195wwww\n|raw|Lightbulb0711's rating: 1510 &rarr; <strong>1502<\/strong><br \/>(-8 for losing)\n|raw|85792195wwww's rating: 1762 &rarr; <strong>1770<\/strong><br \/>(+8 for winning)\n|l|\u2606Lightbulb0711\n","uploadtime":1701032667,"views":1,"p1id":"lightbulb0711","p2id":"85792195wwww","formatid":"gen9nationaldexubers","rating":1502,"private":0,"password":""}