{"id":"gen9nationaldexubers-1996472219","p1":"4toxxiee","p2":"John-Halsey","format":"[Gen 9] National Dex Ubers","log":"|j|\u26064toxxiee\n|j|\u2606John-Halsey\n|t:|1700685324\n|gametype|singles\n|player|p1|4toxxiee|101|1117\n|player|p2|John-Halsey|veteran|1197\n|teamsize|p1|6\n|teamsize|p2|6\n|gen|9\n|tier|[Gen 9] National Dex Ubers\n|rated|\n|rule|HP Percentage Mod: HP is shown in percentages\n|rule|Endless Battle Clause: Forcing endless battles is banned\n|rule|OHKO Clause: OHKO moves are banned\n|rule|Evasion Moves Clause: Evasion moves are banned\n|rule|Evasion Items Clause: Evasion items are banned\n|rule|Species Clause: Limit one of each Pok\u00e9mon\n|rule|Sleep Clause Mod: Limit one foe put to sleep\n|rule|Mega Rayquaza Clause: You cannot mega evolve Rayquaza\n|clearpoke\n|poke|p1|Chi-Yu|\n|poke|p1|Gholdengo|\n|poke|p1|Annihilape, M|\n|poke|p1|Kyogre|\n|poke|p1|Mewtwo|\n|poke|p1|Zacian-*|\n|poke|p2|Bronzong|\n|poke|p2|Camerupt, M|\n|poke|p2|Crawdaunt, M|\n|poke|p2|Porygon2|\n|poke|p2|Cresselia, F|\n|poke|p2|Melmetal|\n|teampreview\n|c|\u26064toxxiee|YOU AGAIn??????????\n|c|\u2606John-Halsey|i think\n|\n|t:|1700685353\n|start\n|switch|p1a: Annihilape|Annihilape, M, shiny|100\/100\n|switch|p2a: Bronzong|Bronzong|100\/100\n|turn|1\n|\n|t:|1700685367\n|move|p1a: Annihilape|Drain Punch|p2a: Bronzong\n|-damage|p2a: Bronzong|63\/100\n|move|p2a: Bronzong|Stealth Rock|p1a: Annihilape\n|-sidestart|p1: 4toxxiee|move: Stealth Rock\n|\n|upkeep\n|turn|2\n|\n|t:|1700685373\n|move|p1a: Annihilape|Bulk Up|p1a: Annihilape\n|-boost|p1a: Annihilape|atk|1\n|-boost|p1a: Annihilape|def|1\n|move|p2a: Bronzong|Trick Room|p2a: Bronzong\n|-fieldstart|move: Trick Room|[of] p2a: Bronzong\n|\n|upkeep\n|turn|3\n|\n|t:|1700685382\n|move|p2a: Bronzong|Explosion|p1a: Annihilape\n|-immune|p1a: Annihilape\n|faint|p2a: Bronzong\n|move|p1a: Annihilape|Drain Punch|p2: Bronzong|[notarget]\n|-fail|p1a: Annihilape\n|\n|upkeep\n|c|\u26064toxxiee|Yea its u again\n|\n|t:|1700685388\n|switch|p2a: Camerupt|Camerupt, M, shiny|100\/100\n|turn|4\n|\n|t:|1700685404\n|detailschange|p2a: Camerupt|Camerupt-Mega, M, shiny\n|-mega|p2a: Camerupt|Camerupt|Cameruptite\n|move|p2a: Camerupt|Flamethrower|p1a: Annihilape\n|-damage|p1a: Annihilape|40\/100\n|move|p1a: Annihilape|Ice Punch|p2a: Camerupt\n|-damage|p2a: Camerupt|59\/100\n|\n|upkeep\n|turn|5\n|\n|t:|1700685412\n|move|p2a: Camerupt|Flamethrower|p1a: Annihilape\n|-damage|p1a: Annihilape|0 fnt\n|faint|p1a: Annihilape\n|\n|upkeep\n|\n|t:|1700685421\n|switch|p1a: Mewtwo|Mewtwo|100\/100\n|-ability|p1a: Mewtwo|Unnerve\n|-damage|p1a: Mewtwo|88\/100|[from] Stealth Rock\n|turn|6\n|c|\u2606John-Halsey|i try to build a good disto team\n|\n|t:|1700685434\n|detailschange|p1a: Mewtwo|Mewtwo-Mega-Y\n|-mega|p1a: Mewtwo|Mewtwo|Mewtwonite Y\n|move|p2a: Camerupt|Earth Power|p1a: Mewtwo\n|-damage|p1a: Mewtwo|24\/100\n|move|p1a: Mewtwo|Expanding Force|p2a: Camerupt\n|-damage|p2a: Camerupt|8\/100\n|\n|-fieldend|move: Trick Room\n|upkeep\n|turn|7\n|\n|t:|1700685441\n|move|p1a: Mewtwo|Psystrike|p2a: Camerupt\n|-damage|p2a: Camerupt|0 fnt\n|faint|p2a: Camerupt\n|\n|upkeep\n|\n|t:|1700685445\n|switch|p2a: OH MY DUCK|Porygon2|100\/100\n|-ability|p2a: OH MY DUCK|Download|boost\n|-boost|p2a: OH MY DUCK|atk|1\n|turn|8\n|\n|t:|1700685449\n|move|p1a: Mewtwo|Psystrike|p2a: OH MY DUCK\n|-damage|p2a: OH MY DUCK|64\/100\n|move|p2a: OH MY DUCK|Trick Room|p2a: OH MY DUCK\n|-fieldstart|move: Trick Room|[of] p2a: OH MY DUCK\n|\n|upkeep\n|turn|9\n|\n|t:|1700685457\n|move|p2a: OH MY DUCK|Shadow Ball|p1a: Mewtwo\n|-supereffective|p1a: Mewtwo\n|-damage|p1a: Mewtwo|0 fnt\n|faint|p1a: Mewtwo\n|\n|upkeep\n|\n|t:|1700685461\n|switch|p1a: Gholdengo|Gholdengo|100\/100\n|-damage|p1a: Gholdengo|94\/100|[from] Stealth Rock\n|turn|10\n|\n|t:|1700685466\n|move|p1a: Gholdengo|Make It Rain|p2a: OH MY DUCK\n|-crit|p2a: OH MY DUCK\n|-damage|p2a: OH MY DUCK|0 fnt\n|-unboost|p1a: Gholdengo|spa|1\n|faint|p2a: OH MY DUCK\n|\n|upkeep\n|\n|t:|1700685472\n|switch|p2a: Melmetal|Melmetal|100\/100\n|turn|11\n|\n|t:|1700685476\n|-terastallize|p2a: Melmetal|Steel\n|move|p2a: Melmetal|Earthquake|p1a: Gholdengo\n|-supereffective|p1a: Gholdengo\n|-damage|p1a: Gholdengo|0 fnt\n|faint|p1a: Gholdengo\n|-damage|p2a: Melmetal|91\/100|[from] item: Life Orb\n|\n|upkeep\n|\n|t:|1700685478\n|switch|p1a: Zacian|Zacian-Crowned, shiny|100\/100\n|-damage|p1a: Zacian|94\/100|[from] Stealth Rock\n|-ability|p1a: Zacian|Intrepid Sword|boost\n|-boost|p1a: Zacian|atk|1\n|turn|12\n|\n|t:|1700685486\n|move|p2a: Melmetal|Double Iron Bash|p1a: Zacian\n|-damage|p1a: Zacian|16\/100\n|-damage|p1a: Zacian|0 fnt\n|faint|p1a: Zacian\n|-hitcount|p1: Zacian|2\n|-damage|p2a: Melmetal|81\/100|[from] item: Life Orb\n|\n|-fieldend|move: Trick Room\n|upkeep\n|\n|t:|1700685490\n|switch|p1a: Chi-Yu|Chi-Yu|100\/100\n|-damage|p1a: Chi-Yu|75\/100|[from] Stealth Rock\n|-ability|p1a: Chi-Yu|Beads of Ruin\n|turn|13\n|\n|t:|1700685497\n|switch|p2a: Crawdaunt|Crawdaunt, M, shiny|100\/100\n|move|p1a: Chi-Yu|Heat Wave|p2a: Crawdaunt\n|-resisted|p2a: Crawdaunt\n|-damage|p2a: Crawdaunt|21\/100\n|\n|upkeep\n|turn|14\n|\n|t:|1700685503\n|move|p2a: Crawdaunt|Aqua Jet|p1a: Chi-Yu\n|-supereffective|p1a: Chi-Yu\n|-damage|p1a: Chi-Yu|0 fnt\n|faint|p1a: Chi-Yu\n|-damage|p2a: Crawdaunt|11\/100|[from] item: Life Orb\n|\n|upkeep\n|\n|t:|1700685507\n|switch|p1a: Kyogre|Kyogre|100\/100\n|-damage|p1a: Kyogre|88\/100|[from] Stealth Rock\n|-weather|RainDance|[from] ability: Drizzle|[of] p1a: Kyogre\n|turn|15\n|\n|t:|1700685512\n|-terastallize|p1a: Kyogre|Water\n|move|p2a: Crawdaunt|Aqua Jet|p1a: Kyogre\n|-resisted|p1a: Kyogre\n|-crit|p1a: Kyogre\n|-damage|p1a: Kyogre|40\/100\n|-damage|p2a: Crawdaunt|1\/100|[from] item: Life Orb\n|move|p1a: Kyogre|Water Spout|p2a: Crawdaunt\n|-resisted|p2a: Crawdaunt\n|-damage|p2a: Crawdaunt|0 fnt\n|faint|p2a: Crawdaunt\n|\n|-weather|RainDance|[upkeep]\n|upkeep\n|\n|t:|1700685523\n|switch|p2a: Cresselia|Cresselia, F|100\/100\n|turn|16\n|\n|t:|1700685528\n|move|p1a: Kyogre|Water Spout|p2a: Cresselia\n|-damage|p2a: Cresselia|29\/100\n|move|p2a: Cresselia|Trick Room|p2a: Cresselia\n|-fieldstart|move: Trick Room|[of] p2a: Cresselia\n|\n|-weather|RainDance|[upkeep]\n|upkeep\n|turn|17\n|\n|t:|1700685534\n|move|p2a: Cresselia|Lunar Dance|p2a: Cresselia\n|faint|p2a: Cresselia\n|move|p1a: Kyogre|Water Spout|p2: Cresselia|[notarget]\n|-fail|p1a: Kyogre\n|\n|-weather|RainDance|[upkeep]\n|upkeep\n|\n|t:|1700685539\n|switch|p2a: Melmetal|Melmetal, tera:Steel|81\/100\n|-heal|p2a: Melmetal|100\/100|[from] move: Lunar Dance\n|turn|18\n|c|\u2606John-Halsey|gg\n|\n|t:|1700685544\n|move|p2a: Melmetal|Thunder Punch|p1a: Kyogre\n|-supereffective|p1a: Kyogre\n|-damage|p1a: Kyogre|0 fnt\n|faint|p1a: Kyogre\n|-damage|p2a: Melmetal|91\/100|[from] item: Life Orb\n|\n|win|John-Halsey\n|raw|4toxxiee's rating: 1117 &rarr; <strong>1098<\/strong><br \/>(-19 for losing)\n|raw|John-Halsey's rating: 1197 &rarr; <strong>1216<\/strong><br \/>(+19 for winning)\n|c|\u26064toxxiee|ggs\n|l|\u26064toxxiee\n","uploadtime":1700685564,"views":2,"p1id":"4toxxiee","p2id":"johnhalsey","formatid":"gen9nationaldexubers","rating":1098,"private":0,"password":""}