{"id":"gen9nationaldexubers-1993687113","p1":"jgga7","p2":"KJ.nyc","format":"[Gen 9] National Dex Ubers","log":"|j|\u2606jgga7\n|j|\u2606KJ.nyc\n|t:|1700345593\n|gametype|singles\n|player|p1|jgga7|102|1195\n|player|p2|KJ.nyc|hilbert|1277\n|teamsize|p1|6\n|teamsize|p2|6\n|gen|9\n|tier|[Gen 9] National Dex Ubers\n|rated|\n|rule|HP Percentage Mod: HP is shown in percentages\n|rule|Endless Battle Clause: Forcing endless battles is banned\n|rule|OHKO Clause: OHKO moves are banned\n|rule|Evasion Moves Clause: Evasion moves are banned\n|rule|Evasion Items Clause: Evasion items are banned\n|rule|Species Clause: Limit one of each Pok\u00e9mon\n|rule|Sleep Clause Mod: Limit one foe put to sleep\n|rule|Mega Rayquaza Clause: You cannot mega evolve Rayquaza\n|clearpoke\n|poke|p1|Charizard, M|\n|poke|p1|Pikachu, F|\n|poke|p1|Dracovish|\n|poke|p1|Krookodile, F|\n|poke|p1|Annihilape, M|\n|poke|p1|Solgaleo|\n|poke|p2|Pikachu, M|\n|poke|p2|Dragonite, F|\n|poke|p2|Gengar, M|\n|poke|p2|Lucario, M|\n|poke|p2|Sirfetch\u2019d, M|\n|poke|p2|Dracovish|\n|teampreview\n|c|\u2606KJ.nyc|glhf\n|inactive|Battle timer is ON: inactive players will automatically lose when time's up. (requested by KJ.nyc)\n|c|\u2606jgga7|thnks\n|\n|t:|1700345605\n|start\n|switch|p1a: Annihilape|Annihilape, M|100\/100\n|switch|p2a: Dracovish|Dracovish|100\/100\n|turn|1\n|\n|t:|1700345613\n|move|p2a: Dracovish|Fishious Rend|p1a: Annihilape\n|-damage|p1a: Annihilape|0 fnt\n|faint|p1a: Annihilape\n|\n|upkeep\n|\n|t:|1700345621\n|switch|p1a: Krookodile|Krookodile, F|100\/100\n|-ability|p1a: Krookodile|Intimidate|boost\n|-unboost|p2a: Dracovish|atk|1\n|turn|2\n|\n|t:|1700345629\n|-terastallize|p1a: Krookodile|Poison\n|move|p1a: Krookodile|Knock Off|p2a: Dracovish\n|-damage|p2a: Dracovish|41\/100\n|-enditem|p2a: Dracovish|Choice Band|[from] move: Knock Off|[of] p1a: Krookodile\n|-damage|p1a: Krookodile|91\/100|[from] item: Life Orb\n|move|p2a: Dracovish|Fishious Rend|p1a: Krookodile\n|-damage|p1a: Krookodile|39\/100\n|\n|upkeep\n|turn|3\n|\n|t:|1700345639\n|move|p1a: Krookodile|Gunk Shot|p2a: Dracovish\n|-damage|p2a: Dracovish|0 fnt\n|faint|p2a: Dracovish\n|-damage|p1a: Krookodile|30\/100|[from] item: Life Orb\n|\n|upkeep\n|\n|t:|1700345658\n|switch|p2a: Gengar|Gengar, M|100\/100\n|turn|4\n|\n|t:|1700345669\n|move|p2a: Gengar|Shadow Ball|p1a: Krookodile\n|-damage|p1a: Krookodile|0 fnt\n|faint|p1a: Krookodile\n|\n|upkeep\n|\n|t:|1700345679\n|switch|p1a: Dracovish|Dracovish|100\/100\n|turn|5\n|inactive|KJ.nyc has 120 seconds left.\n|\n|t:|1700345726\n|switch|p2a: Pikachu|Pikachu, M|100\/100\n|move|p1a: Dracovish|Fishious Rend|p2a: Pikachu\n|-damage|p2a: Pikachu|0 fnt\n|faint|p2a: Pikachu\n|\n|upkeep\n|\n|t:|1700345731\n|switch|p2a: Dragonite|Dragonite, F|100\/100\n|turn|6\n|\n|t:|1700345735\n|move|p2a: Dragonite|Dragon Claw|p1a: Dracovish\n|-supereffective|p1a: Dracovish\n|-damage|p1a: Dracovish|23\/100\n|move|p1a: Dracovish|Fishious Rend|p2a: Dragonite\n|-resisted|p2a: Dragonite\n|-damage|p2a: Dragonite|79\/100\n|\n|-heal|p2a: Dragonite|85\/100|[from] item: Leftovers\n|upkeep\n|turn|7\n|inactive|KJ.nyc has 120 seconds left.\n|\n|t:|1700345759\n|move|p2a: Dragonite|Dragon Claw|p1a: Dracovish\n|-supereffective|p1a: Dracovish\n|-damage|p1a: Dracovish|0 fnt\n|faint|p1a: Dracovish\n|\n|-heal|p2a: Dragonite|91\/100|[from] item: Leftovers\n|upkeep\n|\n|t:|1700345766\n|switch|p1a: Solgaleo|Solgaleo|100\/100\n|turn|8\n|inactive|KJ.nyc has 120 seconds left.\n|\n|t:|1700345778\n|move|p1a: Solgaleo|Sunsteel Strike|p2a: Dragonite\n|-damage|p2a: Dragonite|35\/100\n|move|p2a: Dragonite|Dragon Dance|p2a: Dragonite\n|-boost|p2a: Dragonite|atk|1\n|-boost|p2a: Dragonite|spe|1\n|\n|-heal|p2a: Dragonite|41\/100|[from] item: Leftovers\n|upkeep\n|turn|9\n|inactive|KJ.nyc has 120 seconds left.\n|\n|t:|1700345791\n|-terastallize|p2a: Dragonite|Steel\n|move|p2a: Dragonite|Fire Punch|p1a: Solgaleo\n|-supereffective|p1a: Solgaleo\n|-damage|p1a: Solgaleo|47\/100\n|move|p1a: Solgaleo|Sunsteel Strike|p2a: Dragonite\n|-resisted|p2a: Dragonite\n|-damage|p2a: Dragonite|9\/100\n|\n|-heal|p2a: Dragonite|15\/100|[from] item: Leftovers\n|-heal|p1a: Solgaleo|53\/100|[from] item: Leftovers\n|upkeep\n|turn|10\n|inactive|KJ.nyc has 120 seconds left.\n|\n|t:|1700345809\n|move|p2a: Dragonite|Fire Punch|p1a: Solgaleo\n|-supereffective|p1a: Solgaleo\n|-damage|p1a: Solgaleo|0 fnt\n|faint|p1a: Solgaleo\n|\n|-heal|p2a: Dragonite|21\/100|[from] item: Leftovers\n|upkeep\n|\n|t:|1700345816\n|switch|p1a: Charizard|Charizard, M|100\/100\n|turn|11\n|\n|t:|1700345824\n|detailschange|p1a: Charizard|Charizard-Mega-Y, M\n|-mega|p1a: Charizard|Charizard|Charizardite Y\n|-weather|SunnyDay|[from] ability: Drought|[of] p1a: Charizard\n|move|p2a: Dragonite|Dragon Claw|p1a: Charizard\n|-damage|p1a: Charizard|16\/100\n|move|p1a: Charizard|Flamethrower|p2a: Dragonite\n|-supereffective|p2a: Dragonite\n|-crit|p2a: Dragonite\n|-damage|p2a: Dragonite|0 fnt\n|faint|p2a: Dragonite\n|\n|-weather|SunnyDay|[upkeep]\n|upkeep\n|\n|t:|1700345833\n|switch|p2a: Gengar|Gengar, M|100\/100\n|turn|12\n|\n|t:|1700345836\n|move|p2a: Gengar|Shadow Ball|p1a: Charizard\n|-crit|p1a: Charizard\n|-damage|p1a: Charizard|0 fnt\n|faint|p1a: Charizard\n|\n|-weather|SunnyDay|[upkeep]\n|upkeep\n|\n|t:|1700345842\n|switch|p1a: Pikachu|Pikachu, F|100\/100\n|turn|13\n|\n|t:|1700345847\n|move|p2a: Gengar|Sludge Bomb|p1a: Pikachu\n|-damage|p1a: Pikachu|0 fnt\n|faint|p1a: Pikachu\n|\n|win|KJ.nyc\n|raw|jgga7's rating: 1195 &rarr; <strong>1174<\/strong><br \/>(-21 for losing)\n|raw|KJ.nyc's rating: 1258 &rarr; <strong>1279<\/strong><br \/>(+21 for winning)\n|c|\u2606KJ.nyc|gg\n|l|\u2606jgga7\n","uploadtime":1700345866,"views":6,"p1id":"jgga7","p2id":"kjnyc","formatid":"gen9nationaldexubers","rating":1174,"private":0,"password":""}