{"id":"gen9nationaldexubers-1977880865","p1":"roberTomy1110","p2":"aguinaldo124","format":"[Gen 9] National Dex Ubers","log":"|j|\u2606roberTomy1110\n|j|\u2606aguinaldo124\n|t:|1698461142\n|gametype|singles\n|player|p1|roberTomy1110|steven|1031\n|player|p2|aguinaldo124|red|1091\n|teamsize|p1|6\n|teamsize|p2|6\n|gen|9\n|tier|[Gen 9] National Dex Ubers\n|rated|\n|rule|HP Percentage Mod: HP is shown in percentages\n|rule|Endless Battle Clause: Forcing endless battles is banned\n|rule|OHKO Clause: OHKO moves are banned\n|rule|Evasion Moves Clause: Evasion moves are banned\n|rule|Evasion Items Clause: Evasion items are banned\n|rule|Species Clause: Limit one of each Pok\u00e9mon\n|rule|Sleep Clause Mod: Limit one foe put to sleep\n|rule|Mega Rayquaza Clause: You cannot mega evolve Rayquaza\n|clearpoke\n|poke|p1|Blaziken, M|\n|poke|p1|Serperior, F|\n|poke|p1|Feraligatr, M|\n|poke|p1|Crobat, M|\n|poke|p1|Dusknoir, M|\n|poke|p1|Heracross, M|\n|poke|p2|Smeargle, F|\n|poke|p2|Great Tusk|\n|poke|p2|Chansey, F|\n|poke|p2|Salamence, M|\n|poke|p2|Iron Bundle|\n|poke|p2|Kingambit, M|\n|teampreview\n|inactive|Battle timer is ON: inactive players will automatically lose when time's up. (requested by aguinaldo124)\n|\n|t:|1698461150\n|start\n|switch|p1a: Blaziken|Blaziken, M|100\/100\n|switch|p2a: Hazards\ud83d\ude31|Smeargle, F|100\/100\n|turn|1\n|\n|t:|1698461158\n|detailschange|p1a: Blaziken|Blaziken-Mega, M\n|-mega|p1a: Blaziken|Blaziken|Blazikenite\n|move|p1a: Blaziken|High Jump Kick|p2a: Hazards\ud83d\ude31\n|-supereffective|p2a: Hazards\ud83d\ude31\n|-enditem|p2a: Hazards\ud83d\ude31|Focus Sash\n|-damage|p2a: Hazards\ud83d\ude31|1\/100\n|move|p2a: Hazards\ud83d\ude31|Nuzzle|p1a: Blaziken\n|-damage|p1a: Blaziken|98\/100\n|-status|p1a: Blaziken|par\n|\n|-ability|p2a: Hazards\ud83d\ude31|Moody|boost\n|-boost|p2a: Hazards\ud83d\ude31|atk|2\n|-unboost|p2a: Hazards\ud83d\ude31|spa|1\n|-ability|p1a: Blaziken|Speed Boost|boost\n|-boost|p1a: Blaziken|spe|1\n|upkeep\n|turn|2\n|\n|t:|1698461173\n|move|p2a: Hazards\ud83d\ude31|Sticky Web|p1a: Blaziken\n|-sidestart|p1: roberTomy1110|move: Sticky Web\n|move|p1a: Blaziken|Earthquake|p2a: Hazards\ud83d\ude31\n|-damage|p2a: Hazards\ud83d\ude31|0 fnt\n|faint|p2a: Hazards\ud83d\ude31\n|\n|-ability|p1a: Blaziken|Speed Boost|boost\n|-boost|p1a: Blaziken|spe|1\n|upkeep\n|\n|t:|1698461185\n|switch|p2a: AAAAAAAUUUGH|Salamence, M|100\/100\n|turn|3\n|\n|t:|1698461192\n|move|p1a: Blaziken|Brave Bird|p2a: AAAAAAAUUUGH\n|-damage|p2a: AAAAAAAUUUGH|32\/100\n|-damage|p1a: Blaziken|73\/100 par|[from] Recoil\n|move|p2a: AAAAAAAUUUGH|Substitute|p2a: AAAAAAAUUUGH\n|-start|p2a: AAAAAAAUUUGH|Substitute\n|-damage|p2a: AAAAAAAUUUGH|7\/100\n|\n|-heal|p2a: AAAAAAAUUUGH|13\/100|[from] item: Leftovers\n|-ability|p1a: Blaziken|Speed Boost|boost\n|-boost|p1a: Blaziken|spe|1\n|upkeep\n|turn|4\n|\n|t:|1698461204\n|switch|p1a: Crobat|Crobat, M|100\/100\n|move|p2a: AAAAAAAUUUGH|Dragon Dance|p2a: AAAAAAAUUUGH\n|-boost|p2a: AAAAAAAUUUGH|atk|1\n|-boost|p2a: AAAAAAAUUUGH|spe|1\n|\n|-heal|p2a: AAAAAAAUUUGH|19\/100|[from] item: Leftovers\n|upkeep\n|turn|5\n|\n|t:|1698461214\n|move|p2a: AAAAAAAUUUGH|Dragon Dance|p2a: AAAAAAAUUUGH\n|-boost|p2a: AAAAAAAUUUGH|atk|1\n|-boost|p2a: AAAAAAAUUUGH|spe|1\n|move|p1a: Crobat|Acrobatics|p2a: AAAAAAAUUUGH\n|-damage|p2a: AAAAAAAUUUGH|0 fnt\n|faint|p2a: AAAAAAAUUUGH\n|\n|upkeep\n|\n|t:|1698461231\n|switch|p2a: Delibird-kanto|Iron Bundle|100\/100\n|-enditem|p2a: Delibird-kanto|Booster Energy\n|-activate|p2a: Delibird-kanto|ability: Quark Drive|[fromitem]\n|-start|p2a: Delibird-kanto|quarkdrivespe\n|turn|6\n|\n|t:|1698461240\n|switch|p1a: Heracross|Heracross, M|100\/100\n|-activate|p1a: Heracross|move: Sticky Web\n|-unboost|p1a: Heracross|spe|1\n|move|p2a: Delibird-kanto|Freeze-Dry|p1a: Heracross\n|-damage|p1a: Heracross|73\/100\n|\n|-heal|p1a: Heracross|79\/100|[from] item: Leftovers\n|upkeep\n|turn|7\n|\n|t:|1698461254\n|move|p2a: Delibird-kanto|Flip Turn|p1a: Heracross\n|-damage|p1a: Heracross|62\/100\n|\n|t:|1698461258\n|-end|p2a: Delibird-kanto|Quark Drive|[silent]\n|switch|p2a: Bulky ass|Great Tusk|100\/100|[from] Flip Turn\n|-enditem|p2a: Bulky ass|Booster Energy\n|-activate|p2a: Bulky ass|ability: Protosynthesis|[fromitem]\n|-start|p2a: Bulky ass|protosynthesisdef\n|move|p1a: Heracross|Swords Dance|p1a: Heracross\n|-boost|p1a: Heracross|atk|2\n|\n|-heal|p1a: Heracross|68\/100|[from] item: Leftovers\n|upkeep\n|turn|8\n|\n|t:|1698461272\n|switch|p1a: Feraligatr|Feraligatr, M|100\/100\n|-activate|p1a: Feraligatr|move: Sticky Web\n|-unboost|p1a: Feraligatr|spe|1\n|move|p2a: Bulky ass|Knock Off|p1a: Feraligatr\n|-damage|p1a: Feraligatr|72\/100\n|-enditem|p1a: Feraligatr|Leftovers|[from] move: Knock Off|[of] p2a: Bulky ass\n|\n|upkeep\n|turn|9\n|\n|t:|1698461286\n|-end|p2a: Bulky ass|Protosynthesis|[silent]\n|switch|p2a: Delibird-kanto|Iron Bundle|100\/100\n|move|p1a: Feraligatr|Hydro Pump|p2a: Delibird-kanto\n|-resisted|p2a: Delibird-kanto\n|-damage|p2a: Delibird-kanto|63\/100\n|\n|upkeep\n|turn|10\n|\n|t:|1698461293\n|move|p2a: Delibird-kanto|Freeze-Dry|p1a: Feraligatr\n|-supereffective|p1a: Feraligatr\n|-damage|p1a: Feraligatr|20\/100\n|move|p1a: Feraligatr|Hydro Pump|p2a: Delibird-kanto\n|-resisted|p2a: Delibird-kanto\n|-damage|p2a: Delibird-kanto|7\/100\n|\n|upkeep\n|turn|11\n|\n|t:|1698461303\n|move|p2a: Delibird-kanto|Freeze-Dry|p1a: Feraligatr\n|-supereffective|p1a: Feraligatr\n|-damage|p1a: Feraligatr|0 fnt\n|faint|p1a: Feraligatr\n|\n|upkeep\n|\n|t:|1698461312\n|switch|p1a: Heracross|Heracross, M|68\/100\n|-activate|p1a: Heracross|move: Sticky Web\n|-unboost|p1a: Heracross|spe|1\n|turn|12\n|\n|t:|1698461318\n|move|p2a: Delibird-kanto|Ice Beam|p1a: Heracross\n|-damage|p1a: Heracross|31\/100\n|move|p1a: Heracross|Brick Break|p2a: Delibird-kanto\n|-supereffective|p2a: Delibird-kanto\n|-damage|p2a: Delibird-kanto|0 fnt\n|faint|p2a: Delibird-kanto\n|-end|p2a: Delibird-kanto|Quark Drive|[silent]\n|\n|-heal|p1a: Heracross|37\/100|[from] item: Leftovers\n|upkeep\n|\n|t:|1698461329\n|switch|p2a: Bulky ass|Great Tusk|100\/100\n|turn|13\n|\n|t:|1698461334\n|move|p2a: Bulky ass|Knock Off|p1a: Heracross\n|-resisted|p1a: Heracross\n|-damage|p1a: Heracross|24\/100\n|-enditem|p1a: Heracross|Leftovers|[from] move: Knock Off|[of] p2a: Bulky ass\n|move|p1a: Heracross|Megahorn|p2a: Bulky ass\n|-resisted|p2a: Bulky ass\n|-damage|p2a: Bulky ass|89\/100\n|\n|upkeep\n|turn|14\n|\n|t:|1698461348\n|switch|p1a: Crobat|Crobat, M|100\/100\n|move|p2a: Bulky ass|Rapid Spin|p1a: Crobat\n|-damage|p1a: Crobat|80\/100\n|-boost|p2a: Bulky ass|spe|1\n|\n|upkeep\n|turn|15\n|\n|t:|1698461357\n|-terastallize|p2a: Bulky ass|Flying\n|move|p1a: Crobat|Acrobatics|p2a: Bulky ass\n|-damage|p2a: Bulky ass|78\/100\n|move|p2a: Bulky ass|Ice Spinner|p1a: Crobat\n|-supereffective|p1a: Crobat\n|-damage|p1a: Crobat|17\/100\n|-enditem|p1a: Crobat|Salac Berry|[eat]\n|-boost|p1a: Crobat|spe|1|[from] item: Salac Berry\n|\n|upkeep\n|turn|16\n|\n|t:|1698461368\n|move|p1a: Crobat|Acrobatics|p2a: Bulky ass\n|-damage|p2a: Bulky ass|56\/100\n|move|p2a: Bulky ass|Ice Spinner|p1a: Crobat\n|-supereffective|p1a: Crobat\n|-damage|p1a: Crobat|0 fnt\n|faint|p1a: Crobat\n|\n|upkeep\n|\n|t:|1698461376\n|switch|p1a: Dusknoir|Dusknoir, M|100\/100\n|-activate|p1a: Dusknoir|move: Sticky Web\n|-unboost|p1a: Dusknoir|spe|1\n|-ability|p1a: Dusknoir|Pressure\n|turn|17\n|\n|t:|1698461384\n|move|p2a: Bulky ass|Knock Off|p1a: Dusknoir\n|-supereffective|p1a: Dusknoir\n|-damage|p1a: Dusknoir|35\/100\n|-enditem|p1a: Dusknoir|Leftovers|[from] move: Knock Off|[of] p2a: Bulky ass\n|move|p1a: Dusknoir|Rock Slide|p2a: Bulky ass\n|-supereffective|p2a: Bulky ass\n|-damage|p2a: Bulky ass|42\/100\n|\n|upkeep\n|turn|18\n|\n|t:|1698461392\n|move|p2a: Bulky ass|Knock Off|p1a: Dusknoir\n|-supereffective|p1a: Dusknoir\n|-damage|p1a: Dusknoir|0 fnt\n|faint|p1a: Dusknoir\n|\n|upkeep\n|\n|t:|1698461396\n|switch|p1a: Heracross|Heracross, M|24\/100\n|-activate|p1a: Heracross|move: Sticky Web\n|-unboost|p1a: Heracross|spe|1\n|turn|19\n|\n|t:|1698461404\n|move|p2a: Bulky ass|Ice Spinner|p1a: Heracross\n|-damage|p1a: Heracross|1\/100\n|move|p1a: Heracross|Stone Edge|p2a: Bulky ass\n|-supereffective|p2a: Bulky ass\n|-damage|p2a: Bulky ass|16\/100\n|\n|upkeep\n|turn|20\n|\n|t:|1698461411\n|move|p2a: Bulky ass|Rapid Spin|p1a: Heracross\n|-damage|p1a: Heracross|0 fnt\n|-boost|p2a: Bulky ass|spe|1\n|faint|p1a: Heracross\n|\n|upkeep\n|\n|t:|1698461418\n|switch|p1a: Blaziken|Blaziken-Mega, M|73\/100 par\n|-activate|p1a: Blaziken|move: Sticky Web\n|-unboost|p1a: Blaziken|spe|1\n|turn|21\n|\n|t:|1698461428\n|move|p2a: Bulky ass|Headlong Rush|p1a: Blaziken\n|-supereffective|p1a: Blaziken\n|-damage|p1a: Blaziken|0 fnt\n|-unboost|p2a: Bulky ass|def|1\n|-unboost|p2a: Bulky ass|spd|1\n|faint|p1a: Blaziken\n|\n|upkeep\n|\n|t:|1698461434\n|switch|p1a: Serperior|Serperior, F|100\/100\n|-activate|p1a: Serperior|move: Sticky Web\n|-unboost|p1a: Serperior|spe|1\n|turn|22\n|c|\u2606aguinaldo124|Gg\n|\n|t:|1698461441\n|move|p2a: Bulky ass|Ice Spinner|p1a: Serperior\n|-supereffective|p1a: Serperior\n|-damage|p1a: Serperior|56\/100\n|move|p1a: Serperior|Calm Mind|p1a: Serperior\n|-boost|p1a: Serperior|spa|1\n|-boost|p1a: Serperior|spd|1\n|\n|upkeep\n|turn|23\n|\n|t:|1698461449\n|move|p2a: Bulky ass|Ice Spinner|p1a: Serperior\n|-supereffective|p1a: Serperior\n|-damage|p1a: Serperior|8\/100\n|move|p1a: Serperior|Dragon Pulse|p2a: Bulky ass\n|-damage|p2a: Bulky ass|0 fnt\n|faint|p2a: Bulky ass\n|-end|p2a: Bulky ass|Protosynthesis|[silent]\n|\n|upkeep\n|c|\u2606aguinaldo124|Serperior has CONTRARY+ leaf storm you get a free nasty plot while doing famage\n|inactive|aguinaldo124 has 120 seconds left.\n|c|\u2606roberTomy1110|?\n|c|\u2606aguinaldo124|There is no point in using calm mind\n|\n|t:|1698461502\n|switch|p2a: FINISH HIM!|Kingambit, M|100\/100\n|-activate|p2a: FINISH HIM!|ability: Supreme Overlord\n|-start|p2a: FINISH HIM!|fallen4|[silent]\n|turn|24\n|inactive|roberTomy1110 has 120 seconds left.\n|c|\u2606roberTomy1110|i have no idea about competitive, so don't talk to me with that bc i don't understand it\n|\n|t:|1698461540\n|move|p2a: FINISH HIM!|Sucker Punch|p1a: Serperior\n|-damage|p1a: Serperior|0 fnt\n|faint|p1a: Serperior\n|-damage|p2a: FINISH HIM!|91\/100|[from] item: Life Orb\n|\n|win|aguinaldo124\n|raw|roberTomy1110's rating: 1031 &rarr; <strong>1019<\/strong><br \/>(-12 for losing)\n|raw|aguinaldo124's rating: 1091 &rarr; <strong>1113<\/strong><br \/>(+22 for winning)\n|l|\u2606roberTomy1110\n","uploadtime":1698461557,"views":11,"p1id":"robertomy1110","p2id":"aguinaldo124","formatid":"gen9nationaldexubers","rating":1019,"private":0,"password":""}