{"id":"gen9nationaldexubers-1981571427","p1":"C0ld as Ice","p2":"Walter black 0000","format":"[Gen 9] National Dex Ubers","log":"|j|\u2606C0ld as Ice\n|j|\u2606Walter black 0000\n|t:|1698920207\n|gametype|singles\n|player|p1|C0ld as Ice|schoolkid-gen4dp|1564\n|player|p2|Walter black 0000|lance-gen2|1912\n|teamsize|p1|6\n|teamsize|p2|6\n|gen|9\n|tier|[Gen 9] National Dex Ubers\n|rated|\n|rule|HP Percentage Mod: HP is shown in percentages\n|rule|Endless Battle Clause: Forcing endless battles is banned\n|rule|OHKO Clause: OHKO moves are banned\n|rule|Evasion Moves Clause: Evasion moves are banned\n|rule|Evasion Items Clause: Evasion items are banned\n|rule|Species Clause: Limit one of each Pok\u00e9mon\n|rule|Sleep Clause Mod: Limit one foe put to sleep\n|rule|Mega Rayquaza Clause: You cannot mega evolve Rayquaza\n|clearpoke\n|poke|p1|Hatterene, F|\n|poke|p1|Melmetal|\n|poke|p1|Magearna|\n|poke|p1|Arceus-Water|\n|poke|p1|Rayquaza|\n|poke|p1|Calyrex-Ice|\n|poke|p2|Eternatus|\n|poke|p2|Arceus-Fairy|\n|poke|p2|Ditto|\n|poke|p2|Necrozma-Dusk-Mane|\n|poke|p2|Zekrom|\n|poke|p2|Kingambit, F|\n|teampreview\n|inactive|Battle timer is ON: inactive players will automatically lose when time's up. (requested by Walter black 0000)\n|inactive|C0ld as Ice also wants the timer to be on.\n|\n|t:|1698920230\n|start\n|switch|p1a: Hatterene|Hatterene, F|100\/100\n|switch|p2a: Kingambit|Kingambit, F|100\/100\n|turn|1\n|\n|t:|1698920237\n|switch|p1a: Arceus|Arceus-Water|100\/100\n|move|p2a: Kingambit|Iron Head|p1a: Arceus\n|-resisted|p1a: Arceus\n|-damage|p1a: Arceus|86\/100\n|\n|upkeep\n|turn|2\n|\n|t:|1698920257\n|-end|p2a: Kingambit|fallenundefined|[silent]\n|switch|p2a: Eternatus|Eternatus|100\/100\n|-ability|p2a: Eternatus|Pressure\n|move|p1a: Arceus|Judgment|p2a: Eternatus\n|-resisted|p2a: Eternatus\n|-damage|p2a: Eternatus|83\/100\n|\n|-heal|p2a: Eternatus|89\/100|[from] item: Leftovers\n|upkeep\n|turn|3\n|inactive|C0ld as Ice has 120 seconds left.\n|\n|t:|1698920295\n|switch|p1a: Magearna|Magearna|100\/100\n|move|p2a: Eternatus|Cosmic Power|p2a: Eternatus\n|-boost|p2a: Eternatus|def|1\n|-boost|p2a: Eternatus|spd|1\n|\n|-heal|p2a: Eternatus|95\/100|[from] item: Leftovers\n|upkeep\n|turn|4\n|inactive|C0ld as Ice has 120 seconds left.\n|inactive|Walter black 0000 has 120 seconds left.\n|\n|t:|1698920326\n|move|p2a: Eternatus|Cosmic Power|p2a: Eternatus\n|-boost|p2a: Eternatus|def|1\n|-boost|p2a: Eternatus|spd|1\n|move|p1a: Magearna|Trick Room|p1a: Magearna\n|-fieldstart|move: Trick Room|[of] p1a: Magearna\n|\n|-heal|p2a: Eternatus|100\/100|[from] item: Leftovers\n|upkeep\n|turn|5\n|\n|t:|1698920329\n|move|p1a: Magearna|Heart Swap|p2a: Eternatus\n|-swapboost|p1a: Magearna|p2a: Eternatus|[from] move: Heart Swap\n|move|p2a: Eternatus|Cosmic Power|p2a: Eternatus\n|-boost|p2a: Eternatus|def|1\n|-boost|p2a: Eternatus|spd|1\n|\n|upkeep\n|turn|6\n|inactive|C0ld as Ice has 120 seconds left.\n|\n|t:|1698920335\n|switch|p1a: Calyrex|Calyrex-Ice|100\/100\n|-ability|p1a: Calyrex|As One\n|-ability|p1a: Calyrex|Unnerve\n|move|p2a: Eternatus|Cosmic Power|p2a: Eternatus\n|-boost|p2a: Eternatus|def|1\n|-boost|p2a: Eternatus|spd|1\n|\n|upkeep\n|turn|7\n|\n|t:|1698920354\n|move|p1a: Calyrex|Glacial Lance|p2a: Eternatus\n|-supereffective|p2a: Eternatus\n|-damage|p2a: Eternatus|10\/100\n|move|p2a: Eternatus|Recover|p2a: Eternatus\n|-heal|p2a: Eternatus|60\/100\n|\n|-heal|p2a: Eternatus|66\/100|[from] item: Leftovers\n|upkeep\n|turn|8\n|\n|t:|1698920361\n|switch|p1a: Arceus|Arceus-Water|86\/100\n|switch|p2a: Necrozma|Necrozma-Dusk-Mane|100\/100\n|\n|-fieldend|move: Trick Room\n|upkeep\n|turn|9\n|\n|t:|1698920365\n|switch|p2a: Eternatus|Eternatus|66\/100\n|-ability|p2a: Eternatus|Pressure\n|move|p1a: Arceus|Taunt|p2a: Eternatus\n|-start|p2a: Eternatus|move: Taunt\n|\n|-heal|p2a: Eternatus|72\/100|[from] item: Leftovers\n|upkeep\n|turn|10\n|\n|t:|1698920369\n|switch|p2a: Necrozma|Necrozma-Dusk-Mane|100\/100\n|move|p1a: Arceus|Trick Room|p1a: Arceus\n|-fieldstart|move: Trick Room|[of] p1a: Arceus\n|\n|upkeep\n|turn|11\n|\n|t:|1698920376\n|switch|p2a: Eternatus|Eternatus|72\/100\n|-ability|p2a: Eternatus|Pressure\n|switch|p1a: Rayquaza|Rayquaza|100\/100\n|-ability|p1a: Rayquaza|Air Lock\n|\n|-heal|p2a: Eternatus|79\/100|[from] item: Leftovers\n|upkeep\n|turn|12\n|\n|t:|1698920385\n|switch|p2a: Arceus|Arceus-Fairy|100\/100\n|move|p1a: Rayquaza|V-create|p2a: Arceus\n|-damage|p2a: Arceus|31\/100\n|-unboost|p1a: Rayquaza|spe|1\n|-unboost|p1a: Rayquaza|def|1\n|-unboost|p1a: Rayquaza|spd|1\n|\n|upkeep\n|turn|13\n|\n|t:|1698920390\n|move|p1a: Rayquaza|V-create|p2a: Arceus\n|-damage|p2a: Arceus|0 fnt\n|-unboost|p1a: Rayquaza|spe|1\n|-unboost|p1a: Rayquaza|def|1\n|-unboost|p1a: Rayquaza|spd|1\n|faint|p2a: Arceus\n|\n|upkeep\n|\n|t:|1698920395\n|switch|p2a: Necrozma|Necrozma-Dusk-Mane|100\/100\n|turn|14\n|\n|t:|1698920397\n|detailschange|p2a: Necrozma|Necrozma-Ultra\n|-burst|p2a: Necrozma|Necrozma|Ultranecrozium Z\n|move|p1a: Rayquaza|V-create|p2a: Necrozma\n|-resisted|p2a: Necrozma\n|-damage|p2a: Necrozma|41\/100\n|-unboost|p1a: Rayquaza|spe|1\n|-unboost|p1a: Rayquaza|def|1\n|-unboost|p1a: Rayquaza|spd|1\n|move|p2a: Necrozma|Stealth Rock|p1a: Rayquaza\n|-sidestart|p1: C0ld as Ice|move: Stealth Rock\n|\n|-fieldend|move: Trick Room\n|upkeep\n|turn|15\n|\n|t:|1698920416\n|switch|p1a: Magearna|Magearna|100\/100\n|-damage|p1a: Magearna|94\/100|[from] Stealth Rock\n|move|p2a: Necrozma|Photon Geyser|p1a: Magearna\n|-resisted|p1a: Magearna\n|-damage|p1a: Magearna|73\/100\n|\n|upkeep\n|turn|16\n|\n|t:|1698920419\n|move|p2a: Necrozma|Earth Power|p1a: Magearna\n|-supereffective|p1a: Magearna\n|-damage|p1a: Magearna|2\/100\n|move|p1a: Magearna|Trick Room|p1a: Magearna\n|-fieldstart|move: Trick Room|[of] p1a: Magearna\n|\n|upkeep\n|turn|17\n|\n|t:|1698920427\n|move|p1a: Magearna|Misty Explosion|p2a: Necrozma\n|-supereffective|p2a: Necrozma\n|-damage|p2a: Necrozma|0 fnt\n|faint|p1a: Magearna\n|faint|p2a: Necrozma\n|\n|upkeep\n|j| mid ladder memes\n|\n|t:|1698920438\n|switch|p1a: Calyrex|Calyrex-Ice|100\/100\n|switch|p2a: Ditto|Ditto, shiny|100\/100\n|-ability|p1a: Calyrex|As One\n|-ability|p1a: Calyrex|Unnerve\n|-damage|p1a: Calyrex|76\/100|[from] Stealth Rock\n|-transform|p2a: Ditto|p1a: Calyrex|[from] ability: Imposter\n|turn|18\n|\n|t:|1698920445\n|move|p1a: Calyrex|Glacial Lance|p2a: Ditto\n|-resisted|p2a: Ditto\n|-damage|p2a: Ditto|61\/100\n|move|p2a: Ditto|Glacial Lance|p1a: Calyrex\n|-resisted|p1a: Calyrex\n|-damage|p1a: Calyrex|52\/100\n|\n|upkeep\n|turn|19\n|\n|t:|1698920450\n|move|p1a: Calyrex|Glacial Lance|p2a: Ditto\n|-resisted|p2a: Ditto\n|-damage|p2a: Ditto|20\/100\n|move|p2a: Ditto|Glacial Lance|p1a: Calyrex\n|-resisted|p1a: Calyrex\n|-damage|p1a: Calyrex|29\/100\n|\n|upkeep\n|turn|20\n|\n|t:|1698920453\n|move|p1a: Calyrex|Glacial Lance|p2a: Ditto\n|-resisted|p2a: Ditto\n|-damage|p2a: Ditto|0 fnt\n|faint|p2a: Ditto\n|-ability|p1a: Calyrex|Chilling Neigh|boost\n|-boost|p1a: Calyrex|atk|1\n|\n|-fieldend|move: Trick Room\n|upkeep\n|\n|t:|1698920460\n|switch|p2a: Zekrom|Zekrom|100\/100\n|-ability|p2a: Zekrom|Teravolt\n|turn|21\n|\n|t:|1698920476\n|move|p2a: Zekrom|Bolt Strike|p1a: Calyrex\n|-damage|p1a: Calyrex|0 fnt\n|faint|p1a: Calyrex\n|\n|upkeep\n|\n|t:|1698920480\n|switch|p1a: Hatterene|Hatterene, F|100\/100\n|-damage|p1a: Hatterene|88\/100|[from] Stealth Rock\n|turn|22\n|\n|t:|1698920497\n|move|p2a: Zekrom|Substitute|p2a: Zekrom\n|-start|p2a: Zekrom|Substitute\n|-damage|p2a: Zekrom|76\/100\n|move|p1a: Hatterene|Trick Room|p1a: Hatterene\n|-fieldstart|move: Trick Room|[of] p1a: Hatterene\n|\n|upkeep\n|turn|23\n|\n|t:|1698920501\n|move|p1a: Hatterene|Misty Explosion|p2a: Zekrom\n|-supereffective|p2a: Zekrom\n|-end|p2a: Zekrom|Substitute\n|faint|p1a: Hatterene\n|move|p2a: Zekrom|Substitute|p2a: Zekrom\n|-start|p2a: Zekrom|Substitute\n|-damage|p2a: Zekrom|51\/100\n|\n|upkeep\n|\n|t:|1698920504\n|switch|p1a: Melmetal|Melmetal|100\/100\n|-damage|p1a: Melmetal|94\/100|[from] Stealth Rock\n|turn|24\n|\n|t:|1698920509\n|-terastallize|p1a: Melmetal|Steel\n|move|p1a: Melmetal|Double Iron Bash|p2a: Zekrom\n|-resisted|p2a: Zekrom\n|-end|p2a: Zekrom|Substitute\n|-resisted|p2a: Zekrom\n|-crit|p2a: Zekrom\n|-damage|p2a: Zekrom|0 fnt\n|faint|p2a: Zekrom\n|-hitcount|p2: Zekrom|2\n|\n|upkeep\n|\n|t:|1698920527\n|switch|p2a: Eternatus|Eternatus|79\/100\n|-ability|p2a: Eternatus|Pressure\n|turn|25\n|\n|t:|1698920532\n|-terastallize|p2a: Eternatus|Steel\n|move|p1a: Melmetal|Double Iron Bash|p2a: Eternatus\n|-resisted|p2a: Eternatus\n|-damage|p2a: Eternatus|49\/100\n|-resisted|p2a: Eternatus\n|-crit|p2a: Eternatus\n|-damage|p2a: Eternatus|0 fnt\n|faint|p2a: Eternatus\n|-hitcount|p2: Eternatus|2\n|\n|upkeep\n|c|\u2606Walter black 0000|Razor claw? Or just random crits\n|inactive|Walter black 0000 has 120 seconds left.\n|\n|t:|1698920558\n|switch|p2a: Kingambit|Kingambit, F|100\/100\n|-activate|p2a: Kingambit|ability: Supreme Overlord\n|-start|p2a: Kingambit|fallen5|[silent]\n|turn|26\n|\n|t:|1698920565\n|move|p1a: Melmetal|Double Iron Bash|p2a: Kingambit\n|-resisted|p2a: Kingambit\n|-damage|p2a: Kingambit|66\/100\n|-resisted|p2a: Kingambit\n|-damage|p2a: Kingambit|37\/100\n|-hitcount|p2a: Kingambit|2\n|cant|p2a: Kingambit|flinch\n|\n|-fieldend|move: Trick Room\n|upkeep\n|turn|27\n|\n|t:|1698920570\n|move|p2a: Kingambit|Knock Off|p1a: Melmetal\n|-damage|p1a: Melmetal|38\/100\n|-enditem|p1a: Melmetal|Choice Band|[from] move: Knock Off|[of] p2a: Kingambit\n|move|p1a: Melmetal|Double Iron Bash|p2a: Kingambit\n|-resisted|p2a: Kingambit\n|-damage|p2a: Kingambit|14\/100\n|-resisted|p2a: Kingambit\n|-damage|p2a: Kingambit|0 fnt\n|faint|p2a: Kingambit\n|-end|p2a: Kingambit|fallen5|[silent]\n|-hitcount|p2: Kingambit|2\n|\n|win|C0ld as Ice\n|raw|C0ld as Ice's rating: 1564 &rarr; <strong>1599<\/strong><br \/>(+35 for winning)\n|raw|Walter black 0000's rating: 1912 &rarr; <strong>1877<\/strong><br \/>(-35 for losing)\n|c|\u2606C0ld as Ice|Didn't matter I think\n|c|\u2606Walter black 0000|Etern lives lol\n|l|\u2606Walter black 0000\n|l| mid ladder memes\n|j| mid ladder memes\n|l| mid ladder memes\n|l|\u2606C0ld as Ice\n|j|\u2606C0ld as Ice\n|player|p1|C0ld as Ice|schoolkid-gen4dp\n|j| Koraidon08\n|j| mid ladder memes\n|l| mid ladder memes\n|l| Koraidon08\n","uploadtime":1698921118,"views":18,"p1id":"c0ldasice","p2id":"walterblack0000","formatid":"gen9nationaldexubers","rating":1599,"private":0,"password":""}