{"id":"gen9nationaldexubers-1998641695","p1":"Player5545","p2":"xikeso","format":"[Gen 9] National Dex Ubers","log":"|j|\u2606Player5545\n|j|\u2606xikeso\n|t:|1700966533\n|gametype|singles\n|player|p1|Player5545|2|1243\n|player|p2|xikeso|iono|1383\n|teamsize|p1|6\n|teamsize|p2|6\n|gen|9\n|tier|[Gen 9] National Dex Ubers\n|rated|\n|rule|HP Percentage Mod: HP is shown in percentages\n|rule|Endless Battle Clause: Forcing endless battles is banned\n|rule|OHKO Clause: OHKO moves are banned\n|rule|Evasion Moves Clause: Evasion moves are banned\n|rule|Evasion Items Clause: Evasion items are banned\n|rule|Species Clause: Limit one of each Pok\u00e9mon\n|rule|Sleep Clause Mod: Limit one foe put to sleep\n|rule|Mega Rayquaza Clause: You cannot mega evolve Rayquaza\n|clearpoke\n|poke|p1|Venusaur, F|\n|poke|p1|Giratina|\n|poke|p1|Eiscue, F|\n|poke|p1|Ho-Oh|\n|poke|p1|Blissey, F|\n|poke|p1|Necrozma-Dusk-Mane|\n|poke|p2|Rayquaza|\n|poke|p2|Arceus-Dark|\n|poke|p2|Kyogre|\n|poke|p2|Zacian-*|\n|poke|p2|Ribombee, M|\n|poke|p2|Ho-Oh|\n|teampreview\n|inactive|Battle timer is ON: inactive players will automatically lose when time's up. (requested by xikeso)\n|\n|t:|1700966543\n|start\n|switch|p1a: Venusaur|Venusaur, F|100\/100\n|switch|p2a: Rayquaza|Rayquaza|100\/100\n|-ability|p2a: Rayquaza|Air Lock\n|turn|1\n|\n|t:|1700966553\n|detailschange|p1a: Venusaur|Venusaur-Mega, F\n|-mega|p1a: Venusaur|Venusaur|Venusaurite\n|-terastallize|p2a: Rayquaza|Fire\n|move|p2a: Rayquaza|V-create|p1a: Venusaur\n|-supereffective|p1a: Venusaur\n|-damage|p1a: Venusaur|0 fnt\n|-unboost|p2a: Rayquaza|spe|1\n|-unboost|p2a: Rayquaza|def|1\n|-unboost|p2a: Rayquaza|spd|1\n|faint|p1a: Venusaur\n|\n|upkeep\n|\n|t:|1700966571\n|switch|p1a: Eiscue|Eiscue, F|100\/100\n|turn|2\n|\n|t:|1700966581\n|switch|p2a: Zacian|Zacian-Crowned|100\/100\n|-ability|p2a: Zacian|Intrepid Sword|boost\n|-boost|p2a: Zacian|atk|1\n|move|p1a: Eiscue|Whirlpool|p2a: Zacian\n|-damage|p2a: Zacian|94\/100\n|-activate|p2a: Zacian|move: Whirlpool|[of] p1a: Eiscue\n|\n|-damage|p2a: Zacian|82\/100|[from] move: Whirlpool|[partiallytrapped]\n|upkeep\n|turn|3\n|\n|t:|1700966593\n|move|p2a: Zacian|Behemoth Blade|p1a: Eiscue\n|-activate|p1a: Eiscue|ability: Ice Face\n|-damage|p1a: Eiscue|100\/100\n|-damage|p2a: Zacian|66\/100|[from] item: Rocky Helmet|[of] p1a: Eiscue\n|detailschange|p1a: Eiscue|Eiscue-Noice, F\n|move|p1a: Eiscue|Hail|p1a: Eiscue\n|-weather|Hail\n|-activate|p1a: Eiscue|ability: Ice Face\n|detailschange|p1a: Eiscue|Eiscue, F\n|\n|-weather|Hail|[upkeep]\n|-damage|p2a: Zacian|59\/100|[from] Hail\n|-damage|p2a: Zacian|47\/100|[from] move: Whirlpool|[partiallytrapped]\n|upkeep\n|turn|4\n|\n|t:|1700966608\n|move|p2a: Zacian|Behemoth Blade|p1a: Eiscue\n|-activate|p1a: Eiscue|ability: Ice Face\n|-damage|p1a: Eiscue|100\/100\n|-damage|p2a: Zacian|31\/100|[from] item: Rocky Helmet|[of] p1a: Eiscue\n|detailschange|p1a: Eiscue|Eiscue-Noice, F\n|move|p1a: Eiscue|Snowscape|p1a: Eiscue\n|-weather|Snow\n|-activate|p1a: Eiscue|ability: Ice Face\n|detailschange|p1a: Eiscue|Eiscue, F\n|\n|-weather|Snow|[upkeep]\n|-damage|p2a: Zacian|18\/100|[from] move: Whirlpool|[partiallytrapped]\n|upkeep\n|turn|5\n|\n|t:|1700966623\n|move|p2a: Zacian|Behemoth Blade|p1a: Eiscue\n|-activate|p1a: Eiscue|ability: Ice Face\n|-damage|p1a: Eiscue|100\/100\n|-damage|p2a: Zacian|2\/100|[from] item: Rocky Helmet|[of] p1a: Eiscue\n|detailschange|p1a: Eiscue|Eiscue-Noice, F\n|move|p1a: Eiscue|Freeze-Dry|p2a: Zacian\n|-resisted|p2a: Zacian\n|-damage|p2a: Zacian|0 fnt\n|faint|p2a: Zacian\n|\n|-weather|Snow|[upkeep]\n|upkeep\n|\n|t:|1700966638\n|switch|p2a: Rayquaza|Rayquaza, tera:Fire|100\/100\n|-ability|p2a: Rayquaza|Air Lock\n|turn|6\n|\n|t:|1700966644\n|move|p1a: Eiscue|Hail|p1a: Eiscue\n|-weather|Hail\n|move|p2a: Rayquaza|V-create|p1a: Eiscue\n|-supereffective|p1a: Eiscue\n|-damage|p1a: Eiscue|0 fnt\n|-unboost|p2a: Rayquaza|spe|1\n|-unboost|p2a: Rayquaza|def|1\n|-unboost|p2a: Rayquaza|spd|1\n|-damage|p2a: Rayquaza|84\/100|[from] item: Rocky Helmet|[of] p1a: Eiscue\n|faint|p1a: Eiscue\n|\n|-weather|Hail|[upkeep]\n|upkeep\n|\n|t:|1700966658\n|switch|p1a: Necrozma|Necrozma-Dusk-Mane|100\/100\n|turn|7\n|\n|t:|1700966667\n|switch|p2a: Arceus|Arceus-Dark|100\/100\n|move|p1a: Necrozma|Stealth Rock|p2a: Arceus\n|-sidestart|p2: xikeso|move: Stealth Rock\n|\n|-weather|Hail|[upkeep]\n|-damage|p2a: Arceus|94\/100|[from] Hail\n|-damage|p1a: Necrozma|94\/100|[from] Hail\n|-heal|p1a: Necrozma|100\/100|[from] item: Leftovers\n|upkeep\n|turn|8\n|\n|t:|1700966678\n|switch|p1a: Ho-Oh|Ho-Oh|100\/100\n|move|p2a: Arceus|Judgment|p1a: Ho-Oh\n|-damage|p1a: Ho-Oh|71\/100\n|\n|-weather|Hail|[upkeep]\n|-damage|p2a: Arceus|88\/100|[from] Hail\n|-damage|p1a: Ho-Oh|65\/100|[from] Hail\n|upkeep\n|turn|9\n|\n|t:|1700966688\n|move|p2a: Arceus|Calm Mind|p2a: Arceus\n|-boost|p2a: Arceus|spa|1\n|-boost|p2a: Arceus|spd|1\n|move|p1a: Ho-Oh|Will-O-Wisp|p2a: Arceus\n|-status|p2a: Arceus|brn\n|\n|-weather|Hail|[upkeep]\n|-damage|p2a: Arceus|82\/100 brn|[from] Hail\n|-damage|p1a: Ho-Oh|59\/100|[from] Hail\n|-damage|p2a: Arceus|76\/100 brn|[from] brn\n|upkeep\n|turn|10\n|\n|t:|1700966702\n|switch|p1a: Blissey|Blissey, F|100\/100\n|move|p2a: Arceus|Judgment|p1a: Blissey\n|-damage|p1a: Blissey|71\/100\n|\n|-weather|none\n|-heal|p1a: Blissey|77\/100|[from] item: Leftovers\n|-damage|p2a: Arceus|70\/100 brn|[from] brn\n|upkeep\n|turn|11\n|\n|t:|1700966719\n|switch|p2a: Ribombee|Ribombee, M|100\/100\n|-damage|p2a: Ribombee|76\/100|[from] Stealth Rock\n|move|p1a: Blissey|Soft-Boiled|p1a: Blissey\n|-heal|p1a: Blissey|100\/100\n|\n|upkeep\n|turn|12\n|\n|t:|1700966728\n|move|p2a: Ribombee|Sticky Web|p1a: Blissey\n|-sidestart|p1: Player5545|move: Sticky Web\n|move|p1a: Blissey|Teleport|p1a: Blissey\n|\n|t:|1700966731\n|switch|p1a: Ho-Oh|Ho-Oh|92\/100|[from] Teleport\n|\n|upkeep\n|turn|13\n|\n|t:|1700966737\n|move|p2a: Ribombee|Stun Spore|p1a: Ho-Oh\n|-status|p1a: Ho-Oh|par\n|move|p1a: Ho-Oh|Will-O-Wisp|p2a: Ribombee\n|-status|p2a: Ribombee|brn\n|\n|-damage|p2a: Ribombee|69\/100 brn|[from] brn\n|upkeep\n|turn|14\n|\n|t:|1700966747\n|switch|p1a: Blissey|Blissey, F|100\/100\n|-activate|p1a: Blissey|move: Sticky Web\n|-unboost|p1a: Blissey|spe|1\n|move|p2a: Ribombee|Psychic|p1a: Blissey\n|-damage|p1a: Blissey|94\/100\n|-unboost|p1a: Blissey|spd|1\n|\n|-heal|p1a: Blissey|99\/100|[from] item: Leftovers\n|-damage|p2a: Ribombee|63\/100 brn|[from] brn\n|upkeep\n|turn|15\n|\n|t:|1700966767\n|switch|p2a: Ho-Oh|Ho-Oh, shiny|100\/100\n|move|p1a: Blissey|Teleport|p1a: Blissey\n|\n|t:|1700966772\n|switch|p1a: Giratina|Giratina|100\/100|[from] Teleport\n|-activate|p1a: Giratina|move: Sticky Web\n|-unboost|p1a: Giratina|spe|1\n|-ability|p1a: Giratina|Pressure\n|\n|upkeep\n|turn|16\n|\n|t:|1700966781\n|move|p2a: Ho-Oh|Whirlwind|p1a: Giratina\n|drag|p1a: Blissey|Blissey, F|99\/100\n|-activate|p1a: Blissey|move: Sticky Web\n|-unboost|p1a: Blissey|spe|1\n|\n|-heal|p1a: Blissey|100\/100|[from] item: Leftovers\n|upkeep\n|turn|17\n|\n|t:|1700966789\n|move|p2a: Ho-Oh|Sacred Fire|p1a: Blissey\n|-damage|p1a: Blissey|22\/100\n|move|p1a: Blissey|Toxic|p2a: Ho-Oh\n|-status|p2a: Ho-Oh|tox\n|\n|-heal|p1a: Blissey|28\/100|[from] item: Leftovers\n|-damage|p2a: Ho-Oh|94\/100 tox|[from] psn\n|upkeep\n|turn|18\n|\n|t:|1700966802\n|switch|p2a: Ribombee|Ribombee, M|63\/100 brn\n|-damage|p2a: Ribombee|38\/100 brn|[from] Stealth Rock\n|move|p1a: Blissey|Soft-Boiled|p1a: Blissey\n|-heal|p1a: Blissey|78\/100\n|\n|-heal|p1a: Blissey|84\/100|[from] item: Leftovers\n|-damage|p2a: Ribombee|32\/100 brn|[from] brn\n|upkeep\n|turn|19\n|\n|t:|1700966816\n|move|p2a: Ribombee|Psychic|p1a: Blissey\n|-damage|p1a: Blissey|77\/100\n|move|p1a: Blissey|Teleport|p1a: Blissey\n|\n|t:|1700966822\n|switch|p1a: Necrozma|Necrozma-Dusk-Mane|100\/100|[from] Teleport\n|-activate|p1a: Necrozma|move: Sticky Web\n|-unboost|p1a: Necrozma|spe|1\n|\n|-damage|p2a: Ribombee|26\/100 brn|[from] brn\n|upkeep\n|turn|20\n|\n|t:|1700966833\n|switch|p1a: Blissey|Blissey, F|77\/100\n|-activate|p1a: Blissey|move: Sticky Web\n|-unboost|p1a: Blissey|spe|1\n|move|p2a: Ribombee|Stun Spore|p1a: Blissey\n|-status|p1a: Blissey|par\n|\n|-heal|p1a: Blissey|83\/100 par|[from] item: Leftovers\n|-damage|p2a: Ribombee|20\/100 brn|[from] brn\n|upkeep\n|turn|21\n|\n|t:|1700966845\n|move|p2a: Ribombee|Psychic|p1a: Blissey\n|-damage|p1a: Blissey|76\/100 par\n|move|p1a: Blissey|Aromatherapy|p1a: Blissey\n|-activate|p1a: Blissey|move: Aromatherapy\n|-curestatus|p1a: Blissey|par|[msg]\n|-curestatus|p1: Ho-Oh|par|[msg]\n|\n|-heal|p1a: Blissey|82\/100|[from] item: Leftovers\n|-damage|p2a: Ribombee|14\/100 brn|[from] brn\n|upkeep\n|turn|22\n|\n|t:|1700966864\n|move|p2a: Ribombee|Stun Spore|p1a: Blissey\n|-status|p1a: Blissey|par\n|move|p1a: Blissey|Teleport|p1a: Blissey\n|\n|t:|1700966879\n|-curestatus|p1a: Blissey|par|[from] ability: Natural Cure\n|switch|p1a: Necrozma|Necrozma-Dusk-Mane|100\/100|[from] Teleport\n|-activate|p1a: Necrozma|move: Sticky Web\n|-unboost|p1a: Necrozma|spe|1\n|\n|-damage|p2a: Ribombee|8\/100 brn|[from] brn\n|upkeep\n|turn|23\n|\n|t:|1700966890\n|move|p2a: Ribombee|Stun Spore|p1a: Necrozma\n|-status|p1a: Necrozma|par\n|move|p1a: Necrozma|Earthquake|p2a: Ribombee\n|-resisted|p2a: Ribombee\n|-damage|p2a: Ribombee|0 fnt\n|faint|p2a: Ribombee\n|\n|upkeep\n|\n|t:|1700966896\n|switch|p2a: Ho-Oh|Ho-Oh, shiny|100\/100 tox\n|turn|24\n|\n|t:|1700966901\n|switch|p1a: Giratina|Giratina|100\/100\n|-activate|p1a: Giratina|move: Sticky Web\n|-unboost|p1a: Giratina|spe|1\n|-ability|p1a: Giratina|Pressure\n|move|p2a: Ho-Oh|Defog|p1a: Giratina\n|-unboost|p1a: Giratina|evasion|1\n|-sideend|p1: Player5545|Sticky Web|[from] move: Defog|[of] p2a: Ho-Oh\n|-sideend|p2: xikeso|Stealth Rock|[from] move: Defog|[of] p2a: Ho-Oh\n|\n|-damage|p2a: Ho-Oh|94\/100 tox|[from] psn\n|upkeep\n|turn|25\n|\n|t:|1700966918\n|switch|p1a: Necrozma|Necrozma-Dusk-Mane|100\/100 par\n|move|p2a: Ho-Oh|Whirlwind|p1a: Necrozma\n|drag|p1a: Ho-Oh|Ho-Oh|100\/100\n|\n|-damage|p2a: Ho-Oh|82\/100 tox|[from] psn\n|upkeep\n|turn|26\n|\n|t:|1700966929\n|switch|p2a: Kyogre|Kyogre, shiny|100\/100\n|detailschange|p2a: Kyogre|Kyogre-Primal, shiny\n|-primal|p2a: Kyogre|Blue Orb\n|-weather|PrimordialSea|[from] ability: Primordial Sea|[of] p2a: Kyogre\n|move|p1a: Ho-Oh|Air Slash|p2a: Kyogre\n|-damage|p2a: Kyogre|81\/100\n|\n|-weather|PrimordialSea|[upkeep]\n|upkeep\n|turn|27\n|\n|t:|1700966941\n|switch|p1a: Blissey|Blissey, F|82\/100\n|move|p2a: Kyogre|Water Spout|p1a: Blissey\n|-damage|p1a: Blissey|43\/100\n|\n|-weather|PrimordialSea|[upkeep]\n|-heal|p1a: Blissey|49\/100|[from] item: Leftovers\n|upkeep\n|turn|28\n|\n|t:|1700966957\n|-weather|none\n|switch|p2a: Rayquaza|Rayquaza, tera:Fire|84\/100\n|-ability|p2a: Rayquaza|Air Lock\n|move|p1a: Blissey|Soft-Boiled|p1a: Blissey\n|-heal|p1a: Blissey|99\/100\n|\n|-heal|p1a: Blissey|100\/100|[from] item: Leftovers\n|upkeep\n|turn|29\n|\n|t:|1700966971\n|switch|p1a: Giratina|Giratina|100\/100\n|-ability|p1a: Giratina|Pressure\n|move|p2a: Rayquaza|Dragon Ascent|p1a: Giratina\n|-damage|p1a: Giratina|43\/100\n|-unboost|p2a: Rayquaza|def|1\n|-unboost|p2a: Rayquaza|spd|1\n|\n|-heal|p1a: Giratina|49\/100|[from] item: Leftovers\n|upkeep\n|turn|30\n|\n|t:|1700966982\n|switch|p1a: Necrozma|Necrozma-Dusk-Mane|100\/100 par\n|move|p2a: Rayquaza|Dragon Ascent|p1a: Necrozma\n|-resisted|p1a: Necrozma\n|-damage|p1a: Necrozma|67\/100 par\n|-unboost|p2a: Rayquaza|def|1\n|-unboost|p2a: Rayquaza|spd|1\n|\n|-heal|p1a: Necrozma|73\/100 par|[from] item: Leftovers\n|upkeep\n|turn|31\n|\n|t:|1700966999\n|switch|p2a: Arceus|Arceus-Dark|70\/100 brn\n|move|p1a: Necrozma|Earthquake|p2a: Arceus\n|-damage|p2a: Arceus|46\/100 brn\n|\n|-heal|p1a: Necrozma|79\/100 par|[from] item: Leftovers\n|-damage|p2a: Arceus|40\/100 brn|[from] brn\n|upkeep\n|turn|32\n|\n|t:|1700967011\n|switch|p2a: Rayquaza|Rayquaza, tera:Fire|84\/100\n|-ability|p2a: Rayquaza|Air Lock\n|switch|p1a: Blissey|Blissey, F|100\/100\n|\n|upkeep\n|turn|33\n|\n|t:|1700967026\n|switch|p1a: Necrozma|Necrozma-Dusk-Mane|79\/100 par\n|move|p2a: Rayquaza|Dragon Ascent|p1a: Necrozma\n|-resisted|p1a: Necrozma\n|-damage|p1a: Necrozma|47\/100 par\n|-unboost|p2a: Rayquaza|def|1\n|-unboost|p2a: Rayquaza|spd|1\n|\n|-heal|p1a: Necrozma|53\/100 par|[from] item: Leftovers\n|upkeep\n|turn|34\n|\n|t:|1700967041\n|switch|p2a: Arceus|Arceus-Dark|40\/100 brn\n|switch|p1a: Ho-Oh|Ho-Oh|100\/100\n|\n|-damage|p2a: Arceus|34\/100 brn|[from] brn\n|upkeep\n|turn|35\n|\n|t:|1700967050\n|move|p2a: Arceus|Recover|p2a: Arceus\n|-heal|p2a: Arceus|84\/100 brn\n|move|p1a: Ho-Oh|Air Slash|p2a: Arceus\n|-damage|p2a: Arceus|63\/100 brn\n|\n|-damage|p2a: Arceus|57\/100 brn|[from] brn\n|upkeep\n|turn|36\n|\n|t:|1700967064\n|switch|p1a: Blissey|Blissey, F|100\/100\n|move|p2a: Arceus|Calm Mind|p2a: Arceus\n|-boost|p2a: Arceus|spa|1\n|-boost|p2a: Arceus|spd|1\n|\n|-damage|p2a: Arceus|51\/100 brn|[from] brn\n|upkeep\n|turn|37\n|\n|t:|1700967074\n|move|p2a: Arceus|Calm Mind|p2a: Arceus\n|-boost|p2a: Arceus|spa|1\n|-boost|p2a: Arceus|spd|1\n|move|p1a: Blissey|Teleport|p1a: Blissey\n|\n|t:|1700967082\n|switch|p1a: Giratina|Giratina|49\/100|[from] Teleport\n|-ability|p1a: Giratina|Pressure\n|\n|-heal|p1a: Giratina|55\/100|[from] item: Leftovers\n|-damage|p2a: Arceus|45\/100 brn|[from] brn\n|upkeep\n|turn|38\n|\n|t:|1700967095\n|switch|p1a: Blissey|Blissey, F|100\/100\n|move|p2a: Arceus|Judgment|p1a: Blissey\n|-damage|p1a: Blissey|66\/100\n|\n|-heal|p1a: Blissey|72\/100|[from] item: Leftovers\n|-damage|p2a: Arceus|39\/100 brn|[from] brn\n|upkeep\n|turn|39\n|\n|t:|1700967105\n|move|p2a: Arceus|Recover|p2a: Arceus\n|-heal|p2a: Arceus|89\/100 brn\n|move|p1a: Blissey|Soft-Boiled|p1a: Blissey\n|-heal|p1a: Blissey|100\/100\n|\n|-damage|p2a: Arceus|83\/100 brn|[from] brn\n|upkeep\n|turn|40\n|\n|t:|1700967115\n|move|p2a: Arceus|Calm Mind|p2a: Arceus\n|-boost|p2a: Arceus|spa|1\n|-boost|p2a: Arceus|spd|1\n|move|p1a: Blissey|Aromatherapy|p1a: Blissey\n|-activate|p1a: Blissey|move: Aromatherapy\n|-curestatus|p1: Necrozma|par|[msg]\n|\n|-damage|p2a: Arceus|77\/100 brn|[from] brn\n|upkeep\n|turn|41\n|\n|t:|1700967124\n|move|p2a: Arceus|Calm Mind|p2a: Arceus\n|-boost|p2a: Arceus|spa|1\n|-boost|p2a: Arceus|spd|1\n|move|p1a: Blissey|Teleport|p1a: Blissey\n|\n|t:|1700967135\n|switch|p1a: Necrozma|Necrozma-Dusk-Mane|53\/100|[from] Teleport\n|\n|-heal|p1a: Necrozma|59\/100|[from] item: Leftovers\n|-damage|p2a: Arceus|71\/100 brn|[from] brn\n|upkeep\n|turn|42\n|\n|t:|1700967146\n|-terastallize|p1a: Necrozma|Fairy\n|move|p2a: Arceus|Judgment|p1a: Necrozma\n|-resisted|p1a: Necrozma\n|-damage|p1a: Necrozma|0 fnt\n|faint|p1a: Necrozma\n|\n|-damage|p2a: Arceus|65\/100 brn|[from] brn\n|upkeep\n|-message|Player5545 forfeited.\n|\n|win|xikeso\n|raw|Player5545's rating: 1243 &rarr; <strong>1228<\/strong><br \/>(-15 for losing)\n|raw|xikeso's rating: 1383 &rarr; <strong>1395<\/strong><br \/>(+12 for winning)\n|l|\u2606Player5545\n","uploadtime":1700967158,"views":4,"p1id":"player5545","p2id":"xikeso","formatid":"gen9nationaldexubers","rating":1228,"private":0,"password":""}