{"id":"gen9nationaldexubers-1981316672","p1":"maushauser","p2":"TheOncelerKinnie","format":"[Gen 9] National Dex Ubers","log":"|j|\u2606maushauser\n|j|\u2606TheOncelerKinnie\n|t:|1698882927\n|gametype|singles\n|player|p1|maushauser|1|\n|player|p2|TheOncelerKinnie|colress|\n|teamsize|p1|6\n|teamsize|p2|6\n|gen|9\n|tier|[Gen 9] National Dex Ubers\n|rule|HP Percentage Mod: HP is shown in percentages\n|rule|Endless Battle Clause: Forcing endless battles is banned\n|rule|OHKO Clause: OHKO moves are banned\n|rule|Evasion Moves Clause: Evasion moves are banned\n|rule|Evasion Items Clause: Evasion items are banned\n|rule|Species Clause: Limit one of each Pok\u00e9mon\n|rule|Sleep Clause Mod: Limit one foe put to sleep\n|rule|Mega Rayquaza Clause: You cannot mega evolve Rayquaza\n|clearpoke\n|poke|p1|Blaziken, F|\n|poke|p1|Polteageist-Antique|\n|poke|p1|Sinistcha-Masterpiece|\n|poke|p1|Maushold-Four|\n|poke|p1|Dragapult, F|\n|poke|p1|Gholdengo|\n|poke|p2|Venomoth, F|\n|poke|p2|Gliscor, M|\n|poke|p2|Sandy Shocks|\n|poke|p2|Trevenant, M|\n|poke|p2|Beheeyem, F|\n|poke|p2|Hitmontop, M|\n|teampreview\n|\n|t:|1698882936\n|start\n|switch|p1a: Maus|Maushold-Four|100\/100\n|switch|p2a: Kashy|Trevenant, M|100\/100\n|turn|1\n|\n|t:|1698882944\n|move|p1a: Maus|Tidy Up|p1a: Maus\n|-boost|p1a: Maus|atk|1\n|-boost|p1a: Maus|spe|1\n|move|p2a: Kashy|Substitute|p2a: Kashy\n|-start|p2a: Kashy|Substitute\n|-damage|p2a: Kashy|76\/100\n|\n|upkeep\n|turn|2\n|\n|t:|1698882949\n|move|p1a: Maus|Bite|p2a: Kashy\n|-supereffective|p2a: Kashy\n|-end|p2a: Kashy|Substitute\n|move|p2a: Kashy|Horn Leech|p1a: Maus\n|-damage|p1a: Maus|29\/100\n|-heal|p2a: Kashy|100\/100|[from] drain|[of] p1a: Maus\n|\n|upkeep\n|turn|3\n|\n|t:|1698882956\n|move|p1a: Maus|Bite|p2a: Kashy\n|-supereffective|p2a: Kashy\n|-damage|p2a: Kashy|22\/100\n|-enditem|p2a: Kashy|Starf Berry|[eat]\n|-boost|p2a: Kashy|spa|2|[from] item: Starf Berry\n|move|p2a: Kashy|Horn Leech|p1a: Maus\n|-damage|p1a: Maus|0 fnt\n|-heal|p2a: Kashy|33\/100|[from] drain|[of] p1a: Maus\n|faint|p1a: Maus\n|\n|-item|p2a: Kashy|Starf Berry|[from] ability: Harvest\n|upkeep\n|\n|t:|1698882965\n|switch|p1a: bozo S|Sinistcha-Masterpiece|100\/100\n|turn|4\n|\n|t:|1698882972\n|move|p1a: bozo S|Shadow Ball|p2a: Kashy\n|-supereffective|p2a: Kashy\n|-damage|p2a: Kashy|0 fnt\n|faint|p2a: Kashy\n|\n|upkeep\n|\n|t:|1698882980\n|switch|p2a: Josue|Gliscor, M|100\/100\n|turn|5\n|\n|t:|1698882985\n|move|p2a: Josue|Stealth Rock|p1a: bozo S\n|-sidestart|p1: maushauser|move: Stealth Rock\n|move|p1a: bozo S|Matcha Gotcha|p2a: Josue\n|-damage|p2a: Josue|46\/100\n|\n|-status|p2a: Josue|tox|[from] item: Toxic Orb\n|upkeep\n|turn|6\n|\n|t:|1698882990\n|move|p2a: Josue|Knock Off|p1a: bozo S\n|-supereffective|p1a: bozo S\n|-damage|p1a: bozo S|52\/100\n|-enditem|p1a: bozo S|Assault Vest|[from] move: Knock Off|[of] p2a: Josue\n|move|p1a: bozo S|Matcha Gotcha|p2a: Josue\n|-damage|p2a: Josue|0 fnt\n|-heal|p1a: bozo S|73\/100|[from] drain|[of] p2a: Josue\n|faint|p2a: Josue\n|\n|upkeep\n|\n|t:|1698883002\n|switch|p2a: Tea|Beheeyem, F|100\/100\n|turn|7\n|\n|t:|1698883008\n|move|p1a: bozo S|Shadow Ball|p2a: Tea\n|-supereffective|p2a: Tea\n|-damage|p2a: Tea|23\/100\n|move|p2a: Tea|Dark Pulse|p1a: bozo S\n|-supereffective|p1a: bozo S\n|-damage|p1a: bozo S|0 fnt\n|faint|p1a: bozo S\n|\n|-heal|p2a: Tea|29\/100|[from] item: Leftovers\n|upkeep\n|\n|t:|1698883022\n|switch|p1a: bozo D|Dragapult, F|100\/100\n|-damage|p1a: bozo D|88\/100|[from] Stealth Rock\n|turn|8\n|\n|t:|1698883027\n|move|p1a: bozo D|Sucker Punch||[still]\n|-fail|p1a: bozo D\n|move|p2a: Tea|Teleport|p2a: Tea\n|\n|t:|1698883033\n|switch|p2a: Lonk|Hitmontop, M|100\/100|[from] Teleport\n|-ability|p2a: Lonk|Intimidate|boost\n|-fail|p1a: bozo D|unboost|[from] ability: Clear Body|[of] p1a: bozo D\n|\n|upkeep\n|turn|9\n|\n|t:|1698883040\n|move|p1a: bozo D|Dragon Dance|p1a: bozo D\n|-boost|p1a: bozo D|atk|1\n|-boost|p1a: bozo D|spe|1\n|move|p2a: Lonk|Triple Axel|p1a: bozo D\n|-supereffective|p1a: bozo D\n|-damage|p1a: bozo D|71\/100\n|-hitcount|p1a: bozo D|1\n|\n|upkeep\n|turn|10\n|\n|t:|1698883047\n|move|p1a: bozo D|Dragon Darts|p2a: Lonk\n|-damage|p2a: Lonk|42\/100\n|-anim|p1a: bozo D|Dragon Darts|p2a: Lonk\n|-damage|p2a: Lonk|0 fnt\n|faint|p2a: Lonk\n|-damage|p1a: bozo D|62\/100|[from] item: Life Orb\n|\n|upkeep\n|\n|t:|1698883055\n|switch|p2a: Laffy|Sandy Shocks|100\/100\n|turn|11\n|\n|t:|1698883068\n|move|p1a: bozo D|Dragon Darts|p2a: Laffy\n|-damage|p2a: Laffy|53\/100\n|-anim|p1a: bozo D|Dragon Darts|p2a: Laffy\n|-crit|p2a: Laffy\n|-damage|p2a: Laffy|0 fnt\n|faint|p2a: Laffy\n|-end|p2a: Laffy|Protosynthesis|[silent]\n|-damage|p1a: bozo D|52\/100|[from] item: Life Orb\n|\n|upkeep\n|c|\u2606TheOncelerKinnie|that is very unfortunate\n|\n|t:|1698883083\n|switch|p2a: Erin|Venomoth, F|100\/100\n|turn|12\n|\n|t:|1698883088\n|move|p1a: bozo D|Dragon Darts|p2a: Erin\n|-damage|p2a: Erin|17\/100\n|-anim|p1a: bozo D|Dragon Darts|p2a: Erin\n|-damage|p2a: Erin|0 fnt\n|faint|p2a: Erin\n|-damage|p1a: bozo D|42\/100|[from] item: Life Orb\n|\n|upkeep\n|\n|t:|1698883091\n|switch|p2a: Tea|Beheeyem, F|29\/100\n|turn|13\n|\n|t:|1698883097\n|move|p1a: bozo D|Dragon Darts|p2a: Tea\n|-damage|p2a: Tea|0 fnt\n|faint|p2a: Tea\n|-damage|p1a: bozo D|32\/100|[from] item: Life Orb\n|\n|win|maushauser\n|c|\u2606TheOncelerKinnie|gg\n|c|\u2606maushauser|gg\n|l|\u2606TheOncelerKinnie\n|l|\u2606maushauser\n|j|\u2606maushauser\n|player|p1|maushauser|1\n","uploadtime":1698883432,"views":7,"p1id":"maushauser","p2id":"theoncelerkinnie","formatid":"gen9nationaldexubers","rating":0,"private":0,"password":""}