{"id":"gen9nationaldexubers-1984283170","p1":"Spix on YT","p2":"EVIL-M0DE\ufe0f\ufe0f\ufe0f\ufe0f\ufe0f\u25aa\ufe0f","format":"[Gen 9] National Dex Ubers","log":"|j|\u2606Spix on YT\n|j|\u2606EVIL-M0DE\ufe0f\ufe0f\ufe0f\ufe0f\ufe0f\u25aa\ufe0f\n|t:|1699238743\n|gametype|singles\n|player|p1|Spix on YT|ghetsis|1118\n|player|p2|EVIL-M0DE\ufe0f\ufe0f\ufe0f\ufe0f\ufe0f\u25aa\ufe0f|guitarist|1152\n|teamsize|p1|6\n|teamsize|p2|6\n|gen|9\n|tier|[Gen 9] National Dex Ubers\n|rated|\n|rule|HP Percentage Mod: HP is shown in percentages\n|rule|Endless Battle Clause: Forcing endless battles is banned\n|rule|OHKO Clause: OHKO moves are banned\n|rule|Evasion Moves Clause: Evasion moves are banned\n|rule|Evasion Items Clause: Evasion items are banned\n|rule|Species Clause: Limit one of each Pok\u00e9mon\n|rule|Sleep Clause Mod: Limit one foe put to sleep\n|rule|Mega Rayquaza Clause: You cannot mega evolve Rayquaza\n|clearpoke\n|poke|p1|Xatu, M|\n|poke|p1|Aerodactyl, F|\n|poke|p1|Aromatisse, M|\n|poke|p1|Cofagrigus, F|\n|poke|p1|Corviknight, M|\n|poke|p1|Vaporeon, F|\n|poke|p2|Zarude-Dada|\n|poke|p2|Samurott-Hisui, M|\n|poke|p2|Sableye, M|\n|poke|p2|Malamar, F|\n|poke|p2|Honchkrow, F|\n|poke|p2|Mightyena, M|\n|teampreview\n|\n|t:|1699238754\n|start\n|switch|p1a: Aromatisse|Aromatisse, M, shiny|100\/100\n|switch|p2a: \u26ab\ufe0f\u26ab\ufe0fSAMOURITT\u26ab\ufe0f\u26ab\ufe0f|Samurott-Hisui, M|100\/100\n|turn|1\n|\n|t:|1699238761\n|move|p2a: \u26ab\ufe0f\u26ab\ufe0fSAMOURITT\u26ab\ufe0f\u26ab\ufe0f|Swords Dance|p2a: \u26ab\ufe0f\u26ab\ufe0fSAMOURITT\u26ab\ufe0f\u26ab\ufe0f\n|-boost|p2a: \u26ab\ufe0f\u26ab\ufe0fSAMOURITT\u26ab\ufe0f\u26ab\ufe0f|atk|2\n|move|p1a: Aromatisse|Moonblast|p2a: \u26ab\ufe0f\u26ab\ufe0fSAMOURITT\u26ab\ufe0f\u26ab\ufe0f\n|-supereffective|p2a: \u26ab\ufe0f\u26ab\ufe0fSAMOURITT\u26ab\ufe0f\u26ab\ufe0f\n|-damage|p2a: \u26ab\ufe0f\u26ab\ufe0fSAMOURITT\u26ab\ufe0f\u26ab\ufe0f|0 fnt\n|faint|p2a: \u26ab\ufe0f\u26ab\ufe0fSAMOURITT\u26ab\ufe0f\u26ab\ufe0f\n|\n|upkeep\n|\n|t:|1699238774\n|switch|p2a: \u26ab\ufe0fSABLEEYE\u26ab\ufe0f|Sableye, M|100\/100\n|turn|2\n|\n|t:|1699238781\n|move|p2a: \u26ab\ufe0fSABLEEYE\u26ab\ufe0f|Knock Off|p1a: Aromatisse\n|-resisted|p1a: Aromatisse\n|-damage|p1a: Aromatisse|87\/100\n|-enditem|p1a: Aromatisse|Focus Sash|[from] move: Knock Off|[of] p2a: \u26ab\ufe0fSABLEEYE\u26ab\ufe0f\n|move|p1a: Aromatisse|Moonblast|p2a: \u26ab\ufe0fSABLEEYE\u26ab\ufe0f\n|-supereffective|p2a: \u26ab\ufe0fSABLEEYE\u26ab\ufe0f\n|-damage|p2a: \u26ab\ufe0fSABLEEYE\u26ab\ufe0f|13\/100\n|\n|upkeep\n|turn|3\n|\n|t:|1699238792\n|move|p2a: \u26ab\ufe0fSABLEEYE\u26ab\ufe0f|Foul Play|p1a: Aromatisse\n|-resisted|p1a: Aromatisse\n|-damage|p1a: Aromatisse|76\/100\n|move|p1a: Aromatisse|Moonblast|p2a: \u26ab\ufe0fSABLEEYE\u26ab\ufe0f\n|-supereffective|p2a: \u26ab\ufe0fSABLEEYE\u26ab\ufe0f\n|-damage|p2a: \u26ab\ufe0fSABLEEYE\u26ab\ufe0f|0 fnt\n|faint|p2a: \u26ab\ufe0fSABLEEYE\u26ab\ufe0f\n|\n|upkeep\n|\n|t:|1699238801\n|switch|p2a: \u26ab\ufe0fMALAMAR\u26ab\ufe0f|Malamar, F|100\/100\n|turn|4\n|\n|t:|1699238808\n|move|p2a: \u26ab\ufe0fMALAMAR\u26ab\ufe0f|Superpower|p1a: Aromatisse\n|-resisted|p1a: Aromatisse\n|-damage|p1a: Aromatisse|58\/100\n|-boost|p2a: \u26ab\ufe0fMALAMAR\u26ab\ufe0f|atk|1\n|-boost|p2a: \u26ab\ufe0fMALAMAR\u26ab\ufe0f|def|1\n|move|p1a: Aromatisse|Moonblast|p2a: \u26ab\ufe0fMALAMAR\u26ab\ufe0f\n|-supereffective|p2a: \u26ab\ufe0fMALAMAR\u26ab\ufe0f\n|-damage|p2a: \u26ab\ufe0fMALAMAR\u26ab\ufe0f|18\/100\n|\n|upkeep\n|turn|5\n|\n|t:|1699238818\n|move|p2a: \u26ab\ufe0fMALAMAR\u26ab\ufe0f|Psycho Cut|p1a: Aromatisse\n|-damage|p1a: Aromatisse|3\/100\n|move|p1a: Aromatisse|Moonblast|p2a: \u26ab\ufe0fMALAMAR\u26ab\ufe0f\n|-supereffective|p2a: \u26ab\ufe0fMALAMAR\u26ab\ufe0f\n|-damage|p2a: \u26ab\ufe0fMALAMAR\u26ab\ufe0f|0 fnt\n|faint|p2a: \u26ab\ufe0fMALAMAR\u26ab\ufe0f\n|\n|upkeep\n|\n|t:|1699238826\n|switch|p2a: \u26ab\ufe0f\u26ab\ufe0fHONCHKROW\u26ab\ufe0f\u26ab\ufe0f|Honchkrow, F|100\/100\n|turn|6\n|\n|t:|1699238833\n|move|p2a: \u26ab\ufe0f\u26ab\ufe0fHONCHKROW\u26ab\ufe0f\u26ab\ufe0f|Dark Pulse|p1a: Aromatisse\n|-resisted|p1a: Aromatisse\n|-damage|p1a: Aromatisse|0 fnt\n|faint|p1a: Aromatisse\n|-ability|p2a: \u26ab\ufe0f\u26ab\ufe0fHONCHKROW\u26ab\ufe0f\u26ab\ufe0f|Moxie|boost\n|-boost|p2a: \u26ab\ufe0f\u26ab\ufe0fHONCHKROW\u26ab\ufe0f\u26ab\ufe0f|atk|1\n|\n|upkeep\n|\n|t:|1699238845\n|switch|p1a: Aerodactyl|Aerodactyl, F|100\/100\n|turn|7\n|\n|t:|1699238850\n|detailschange|p1a: Aerodactyl|Aerodactyl-Mega, F\n|-mega|p1a: Aerodactyl|Aerodactyl|Aerodactylite\n|-terastallize|p2a: \u26ab\ufe0f\u26ab\ufe0fHONCHKROW\u26ab\ufe0f\u26ab\ufe0f|Dark\n|move|p2a: \u26ab\ufe0f\u26ab\ufe0fHONCHKROW\u26ab\ufe0f\u26ab\ufe0f|Sucker Punch|p1a: Aerodactyl\n|-damage|p1a: Aerodactyl|0 fnt\n|faint|p1a: Aerodactyl\n|-ability|p2a: \u26ab\ufe0f\u26ab\ufe0fHONCHKROW\u26ab\ufe0f\u26ab\ufe0f|Moxie|boost\n|-boost|p2a: \u26ab\ufe0f\u26ab\ufe0fHONCHKROW\u26ab\ufe0f\u26ab\ufe0f|atk|1\n|\n|upkeep\n|\n|t:|1699238861\n|switch|p1a: Cofagrigus|Cofagrigus, F|100\/100\n|turn|8\n|\n|t:|1699238869\n|move|p2a: \u26ab\ufe0f\u26ab\ufe0fHONCHKROW\u26ab\ufe0f\u26ab\ufe0f|Dark Pulse|p1a: Cofagrigus\n|-supereffective|p1a: Cofagrigus\n|-damage|p1a: Cofagrigus|0 fnt\n|faint|p1a: Cofagrigus\n|-ability|p2a: \u26ab\ufe0f\u26ab\ufe0fHONCHKROW\u26ab\ufe0f\u26ab\ufe0f|Moxie|boost\n|-boost|p2a: \u26ab\ufe0f\u26ab\ufe0fHONCHKROW\u26ab\ufe0f\u26ab\ufe0f|atk|1\n|\n|upkeep\n|\n|t:|1699238879\n|switch|p1a: Corviknight|Corviknight, M|100\/100\n|turn|9\n|\n|t:|1699238883\n|move|p2a: \u26ab\ufe0f\u26ab\ufe0fHONCHKROW\u26ab\ufe0f\u26ab\ufe0f|Sucker Punch|p1a: Corviknight\n|-crit|p1a: Corviknight\n|-damage|p1a: Corviknight|0 fnt\n|faint|p1a: Corviknight\n|-ability|p2a: \u26ab\ufe0f\u26ab\ufe0fHONCHKROW\u26ab\ufe0f\u26ab\ufe0f|Moxie|boost\n|-boost|p2a: \u26ab\ufe0f\u26ab\ufe0fHONCHKROW\u26ab\ufe0f\u26ab\ufe0f|atk|1\n|\n|upkeep\n|\n|t:|1699238890\n|switch|p1a: Xatu|Xatu, M|100\/100\n|turn|10\n|\n|t:|1699238893\n|move|p1a: Xatu|Haze|p1a: Xatu\n|-clearallboost\n|move|p2a: \u26ab\ufe0f\u26ab\ufe0fHONCHKROW\u26ab\ufe0f\u26ab\ufe0f|Dark Pulse|p1a: Xatu\n|-supereffective|p1a: Xatu\n|-enditem|p1a: Xatu|Focus Sash\n|-damage|p1a: Xatu|1\/100\n|\n|upkeep\n|turn|11\n|\n|t:|1699238905\n|move|p1a: Xatu|Toxic|p2a: \u26ab\ufe0f\u26ab\ufe0fHONCHKROW\u26ab\ufe0f\u26ab\ufe0f\n|-status|p2a: \u26ab\ufe0f\u26ab\ufe0fHONCHKROW\u26ab\ufe0f\u26ab\ufe0f|tox\n|move|p2a: \u26ab\ufe0f\u26ab\ufe0fHONCHKROW\u26ab\ufe0f\u26ab\ufe0f|Brave Bird|p1a: Xatu\n|-damage|p1a: Xatu|0 fnt\n|faint|p1a: Xatu\n|-ability|p2a: \u26ab\ufe0f\u26ab\ufe0fHONCHKROW\u26ab\ufe0f\u26ab\ufe0f|Moxie|boost\n|-boost|p2a: \u26ab\ufe0f\u26ab\ufe0fHONCHKROW\u26ab\ufe0f\u26ab\ufe0f|atk|1\n|-damage|p2a: \u26ab\ufe0f\u26ab\ufe0fHONCHKROW\u26ab\ufe0f\u26ab\ufe0f|99\/100 tox|[from] Recoil\n|\n|-damage|p2a: \u26ab\ufe0f\u26ab\ufe0fHONCHKROW\u26ab\ufe0f\u26ab\ufe0f|94\/100 tox|[from] psn\n|upkeep\n|\n|t:|1699238912\n|switch|p1a: Vaporeon|Vaporeon, F|100\/100\n|turn|12\n|\n|t:|1699238920\n|move|p1a: Vaporeon|Protect|p1a: Vaporeon\n|-singleturn|p1a: Vaporeon|Protect\n|move|p2a: \u26ab\ufe0f\u26ab\ufe0fHONCHKROW\u26ab\ufe0f\u26ab\ufe0f|Sucker Punch||[still]\n|-fail|p2a: \u26ab\ufe0f\u26ab\ufe0fHONCHKROW\u26ab\ufe0f\u26ab\ufe0f\n|\n|-damage|p2a: \u26ab\ufe0f\u26ab\ufe0fHONCHKROW\u26ab\ufe0f\u26ab\ufe0f|82\/100 tox|[from] psn\n|upkeep\n|turn|13\n|\n|t:|1699238929\n|move|p1a: Vaporeon|Wish|p1a: Vaporeon\n|move|p2a: \u26ab\ufe0f\u26ab\ufe0fHONCHKROW\u26ab\ufe0f\u26ab\ufe0f|Brave Bird|p1a: Vaporeon\n|-crit|p1a: Vaporeon\n|-damage|p1a: Vaporeon|0 fnt\n|faint|p1a: Vaporeon\n|-damage|p2a: \u26ab\ufe0f\u26ab\ufe0fHONCHKROW\u26ab\ufe0f\u26ab\ufe0f|37\/100 tox|[from] Recoil\n|\n|win|EVIL-M0DE\ufe0f\ufe0f\ufe0f\ufe0f\ufe0f\u25aa\ufe0f\n|raw|Spix on YT's rating: 1118 &rarr; <strong>1095<\/strong><br \/>(-23 for losing)\n|raw|EVIL-M0DE\ufe0f\ufe0f\ufe0f\ufe0f\ufe0f\u25aa\ufe0f's rating: 1152 &rarr; <strong>1175<\/strong><br \/>(+23 for winning)\n|l|\u2606Spix on YT\n","uploadtime":1699239131,"views":3,"p1id":"spixonyt","p2id":"evilm0de","formatid":"gen9nationaldexubers","rating":1095,"private":0,"password":""}