{"id":"gen9nationaldexubers-1985031023","p1":"Lukitinhu","p2":"Pebinha","format":"[Gen 9] National Dex Ubers","log":"|j|\u2606Lukitinhu\n|j|\u2606Pebinha\n|t:|1699322619\n|gametype|singles\n|player|p1|Lukitinhu|preschooler|\n|player|p2|Pebinha|pokekid|\n|teamsize|p1|6\n|teamsize|p2|6\n|gen|9\n|tier|[Gen 9] National Dex Ubers\n|rule|HP Percentage Mod: HP is shown in percentages\n|rule|Endless Battle Clause: Forcing endless battles is banned\n|rule|OHKO Clause: OHKO moves are banned\n|rule|Evasion Moves Clause: Evasion moves are banned\n|rule|Evasion Items Clause: Evasion items are banned\n|rule|Species Clause: Limit one of each Pok\u00e9mon\n|rule|Sleep Clause Mod: Limit one foe put to sleep\n|rule|Mega Rayquaza Clause: You cannot mega evolve Rayquaza\n|clearpoke\n|poke|p1|Serperior, M|\n|poke|p1|Archeops, F|\n|poke|p1|Zoroark, M|\n|poke|p1|Chandelure, F|\n|poke|p1|Galvantula, M|\n|poke|p1|Haxorus, M|\n|poke|p2|Samurott-Hisui, M|\n|poke|p2|Lumineon, M|\n|poke|p2|Ludicolo, M|\n|poke|p2|Pelipper, F|\n|poke|p2|Gyarados, M|\n|poke|p2|Dondozo, M|\n|teampreview\n|\n|t:|1699322638\n|start\n|switch|p1a: Galvantula|Galvantula, M|100\/100\n|switch|p2a: Dondozo|Dondozo, M|100\/100\n|turn|1\n|\n|t:|1699322648\n|move|p1a: Galvantula|Sticky Web|p2a: Dondozo\n|-sidestart|p2: Pebinha|move: Sticky Web\n|move|p2a: Dondozo|Wave Crash|p1a: Galvantula\n|-damage|p1a: Galvantula|23\/100\n|-damage|p2a: Dondozo|86\/100|[from] Recoil\n|\n|upkeep\n|turn|2\n|\n|t:|1699322661\n|move|p1a: Galvantula|Electro Ball|p2a: Dondozo\n|-supereffective|p2a: Dondozo\n|-damage|p2a: Dondozo|0 fnt\n|faint|p2a: Dondozo\n|\n|upkeep\n|\n|t:|1699322672\n|switch|p2a: Samurott|Samurott-Hisui, M, shiny|100\/100\n|-activate|p2a: Samurott|move: Sticky Web\n|-unboost|p2a: Samurott|spe|1\n|turn|3\n|\n|t:|1699322678\n|move|p2a: Samurott|Aqua Jet|p1a: Galvantula\n|-damage|p1a: Galvantula|0 fnt\n|faint|p1a: Galvantula\n|\n|upkeep\n|\n|t:|1699322686\n|switch|p1a: Chandelure|Chandelure, F|100\/100\n|turn|4\n|\n|t:|1699322693\n|move|p2a: Samurott|Aqua Jet|p1a: Chandelure\n|-damage|p1a: Chandelure|58\/100\n|replace|p1a: Zoroark|Zoroark, M\n|-end|p1a: Zoroark|Illusion\n|move|p1a: Zoroark|Focus Blast|p2a: Samurott|[miss]\n|-miss|p1a: Zoroark|p2a: Samurott\n|\n|upkeep\n|turn|5\n|\n|t:|1699322703\n|move|p1a: Zoroark|Focus Blast|p2a: Samurott\n|-supereffective|p2a: Samurott\n|-damage|p2a: Samurott|0 fnt\n|faint|p2a: Samurott\n|\n|upkeep\n|\n|t:|1699322727\n|switch|p2a: Pelipper|Pelipper, F|100\/100\n|-weather|RainDance|[from] ability: Drizzle|[of] p2a: Pelipper\n|turn|6\n|\n|t:|1699322736\n|move|p1a: Zoroark|Nasty Plot|p1a: Zoroark\n|-boost|p1a: Zoroark|spa|2\n|move|p2a: Pelipper|Hurricane|p1a: Zoroark\n|-damage|p1a: Zoroark|0 fnt\n|faint|p1a: Zoroark\n|\n|-weather|RainDance|[upkeep]\n|upkeep\n|\n|t:|1699322745\n|switch|p1a: Serperior|Serperior, M|100\/100\n|turn|7\n|\n|t:|1699322757\n|move|p1a: Serperior|Leaf Storm|p2a: Pelipper\n|-damage|p2a: Pelipper|1\/100\n|-boost|p1a: Serperior|spa|2\n|-enditem|p2a: Pelipper|Aguav Berry|[eat]\n|-heal|p2a: Pelipper|34\/100|[from] item: Aguav Berry\n|-start|p2a: Pelipper|confusion\n|-activate|p2a: Pelipper|confusion\n|move|p2a: Pelipper|Hurricane|p1a: Serperior\n|-supereffective|p1a: Serperior\n|-damage|p1a: Serperior|0 fnt\n|faint|p1a: Serperior\n|\n|-weather|RainDance|[upkeep]\n|upkeep\n|\n|t:|1699322770\n|switch|p1a: Haxorus|Haxorus, M|100\/100\n|-ability|p1a: Haxorus|Mold Breaker\n|turn|8\n|\n|t:|1699322780\n|move|p1a: Haxorus|Outrage|p2a: Pelipper\n|-damage|p2a: Pelipper|0 fnt\n|faint|p2a: Pelipper\n|\n|-weather|RainDance|[upkeep]\n|upkeep\n|\n|t:|1699322787\n|switch|p2a: Lumineon|Lumineon, M|100\/100\n|-activate|p2a: Lumineon|move: Sticky Web\n|-unboost|p2a: Lumineon|spe|1\n|turn|9\n|\n|t:|1699322801\n|move|p2a: Lumineon|Icy Wind|p1a: Haxorus\n|-supereffective|p1a: Haxorus\n|-damage|p1a: Haxorus|62\/100\n|-unboost|p1a: Haxorus|spe|1\n|move|p1a: Haxorus|Outrage|p2a: Lumineon|[from]lockedmove\n|-damage|p2a: Lumineon|2\/100\n|-start|p1a: Haxorus|confusion|[fatigue]\n|\n|-weather|RainDance|[upkeep]\n|upkeep\n|turn|10\n|\n|t:|1699322815\n|move|p2a: Lumineon|Icy Wind|p1a: Haxorus\n|-supereffective|p1a: Haxorus\n|-damage|p1a: Haxorus|22\/100\n|-unboost|p1a: Haxorus|spe|1\n|-enditem|p1a: Haxorus|Sitrus Berry|[eat]\n|-heal|p1a: Haxorus|47\/100|[from] item: Sitrus Berry\n|-activate|p1a: Haxorus|confusion\n|move|p1a: Haxorus|Poison Jab|p2a: Lumineon\n|-damage|p2a: Lumineon|0 fnt\n|faint|p2a: Lumineon\n|\n|-weather|none\n|upkeep\n|\n|t:|1699322833\n|switch|p2a: Gyarados|Gyarados, M|100\/100\n|-ability|p2a: Gyarados|Intimidate|boost\n|-unboost|p1a: Haxorus|atk|1\n|turn|11\n|\n|t:|1699322845\n|detailschange|p2a: Gyarados|Gyarados-Mega, M\n|-mega|p2a: Gyarados|Gyarados|Gyaradosite\n|-ability|p2a: Gyarados|Mold Breaker\n|move|p2a: Gyarados|Outrage|p1a: Haxorus\n|-supereffective|p1a: Haxorus\n|-damage|p1a: Haxorus|0 fnt\n|faint|p1a: Haxorus\n|\n|upkeep\n|\n|t:|1699322866\n|switch|p1a: Archeops|Archeops, F, shiny|100\/100\n|turn|12\n|\n|t:|1699322880\n|move|p1a: Archeops|Earthquake|p2a: Gyarados\n|-damage|p2a: Gyarados|68\/100\n|move|p2a: Gyarados|Outrage|p1a: Archeops|[from]lockedmove\n|-damage|p1a: Archeops|18\/100\n|-start|p2a: Gyarados|confusion|[fatigue]\n|\n|-heal|p1a: Archeops|24\/100|[from] item: Leftovers\n|upkeep\n|turn|13\n|\n|t:|1699322904\n|switch|p2a: Ludicolo|Ludicolo, M|100\/100\n|-activate|p2a: Ludicolo|move: Sticky Web\n|-unboost|p2a: Ludicolo|spe|1\n|move|p1a: Archeops|Earthquake|p2a: Ludicolo\n|-resisted|p2a: Ludicolo\n|-damage|p2a: Ludicolo|88\/100\n|\n|-heal|p1a: Archeops|30\/100|[from] item: Leftovers\n|-heal|p2a: Ludicolo|94\/100|[from] item: Leftovers\n|upkeep\n|turn|14\n|\n|t:|1699322919\n|move|p1a: Archeops|Acrobatics|p2a: Ludicolo\n|-supereffective|p2a: Ludicolo\n|-damage|p2a: Ludicolo|59\/100\n|move|p2a: Ludicolo|Knock Off|p1a: Archeops\n|-damage|p1a: Archeops|0 fnt\n|-enditem|p1a: Archeops|Leftovers|[from] move: Knock Off|[of] p2a: Ludicolo\n|faint|p1a: Archeops\n|\n|-heal|p2a: Ludicolo|65\/100|[from] item: Leftovers\n|upkeep\n|\n|t:|1699322927\n|switch|p1a: Chandelure|Chandelure, F|100\/100\n|turn|15\n|\n|t:|1699322937\n|-terastallize|p1a: Chandelure|Steel\n|move|p2a: Ludicolo|Protect|p2a: Ludicolo\n|-singleturn|p2a: Ludicolo|Protect\n|move|p1a: Chandelure|Flamethrower|p2a: Ludicolo\n|-activate|p2a: Ludicolo|move: Protect\n|\n|-heal|p2a: Ludicolo|71\/100|[from] item: Leftovers\n|upkeep\n|turn|16\n|\n|t:|1699322947\n|move|p1a: Chandelure|Flamethrower|p2a: Ludicolo\n|-damage|p2a: Ludicolo|27\/100\n|-status|p2a: Ludicolo|brn\n|move|p2a: Ludicolo|Knock Off|p1a: Chandelure\n|-damage|p1a: Chandelure|89\/100\n|-enditem|p1a: Chandelure|Charcoal|[from] move: Knock Off|[of] p2a: Ludicolo\n|\n|-heal|p2a: Ludicolo|33\/100 brn|[from] item: Leftovers\n|-damage|p2a: Ludicolo|27\/100 brn|[from] brn\n|upkeep\n|turn|17\n|\n|t:|1699322959\n|move|p2a: Ludicolo|Protect|p2a: Ludicolo\n|-singleturn|p2a: Ludicolo|Protect\n|move|p1a: Chandelure|Flamethrower|p2a: Ludicolo\n|-activate|p2a: Ludicolo|move: Protect\n|\n|-heal|p2a: Ludicolo|33\/100 brn|[from] item: Leftovers\n|-damage|p2a: Ludicolo|27\/100 brn|[from] brn\n|upkeep\n|turn|18\n|\n|t:|1699322971\n|move|p1a: Chandelure|Flamethrower|p2a: Ludicolo\n|-damage|p2a: Ludicolo|0 fnt\n|faint|p2a: Ludicolo\n|\n|upkeep\n|\n|t:|1699322975\n|switch|p2a: Gyarados|Gyarados-Mega, M|68\/100\n|-activate|p2a: Gyarados|move: Sticky Web\n|-unboost|p2a: Gyarados|spe|1\n|-ability|p2a: Gyarados|Mold Breaker\n|turn|19\n|\n|t:|1699322994\n|move|p1a: Chandelure|Energy Ball|p2a: Gyarados\n|-supereffective|p2a: Gyarados\n|-damage|p2a: Gyarados|20\/100\n|move|p2a: Gyarados|Stone Edge|p1a: Chandelure\n|-resisted|p1a: Chandelure\n|-damage|p1a: Chandelure|58\/100\n|\n|upkeep\n|turn|20\n|\n|t:|1699323003\n|move|p1a: Chandelure|Energy Ball|p2a: Gyarados\n|-supereffective|p2a: Gyarados\n|-damage|p2a: Gyarados|0 fnt\n|faint|p2a: Gyarados\n|\n|win|Lukitinhu\n","uploadtime":1699323006,"views":4,"p1id":"lukitinhu","p2id":"pebinha","formatid":"gen9nationaldexubers","rating":0,"private":0,"password":""}