{"id":"gen9nationaldexubers-1991252162","p1":"braincellless","p2":"hattorivt","format":"[Gen 9] National Dex Ubers","log":"|j|\u2606braincellless\n|j|\u2606hattorivt\n|t:|1700061429\n|gametype|singles\n|player|p1|braincellless|101|\n|player|p2|hattorivt|marnie-masters|\n|teamsize|p1|6\n|teamsize|p2|6\n|gen|9\n|tier|[Gen 9] National Dex Ubers\n|rule|HP Percentage Mod: HP is shown in percentages\n|rule|Endless Battle Clause: Forcing endless battles is banned\n|rule|OHKO Clause: OHKO moves are banned\n|rule|Evasion Moves Clause: Evasion moves are banned\n|rule|Evasion Items Clause: Evasion items are banned\n|rule|Species Clause: Limit one of each Pok\u00e9mon\n|rule|Sleep Clause Mod: Limit one foe put to sleep\n|rule|Mega Rayquaza Clause: You cannot mega evolve Rayquaza\n|clearpoke\n|poke|p1|Thundurus-Therian, M|\n|poke|p1|Charizard, F|\n|poke|p1|Masquerain, F|\n|poke|p1|Tyranitar, M|\n|poke|p1|Breloom, M|\n|poke|p1|Mew|\n|poke|p2|Iron Moth|\n|poke|p2|Mawile, M|\n|poke|p2|Regidrago|\n|poke|p2|Forretress, M|\n|poke|p2|Baxcalibur, F|\n|poke|p2|Hawlucha, F|\n|teampreview\n|inactive|Battle timer is ON: inactive players will automatically lose when time's up. (requested by braincellless)\n|inactive|hattorivt also wants the timer to be on.\n|\n|t:|1700061450\n|start\n|switch|p1a: Thundurus|Thundurus-Therian, M|100\/100\n|switch|p2a: Forretress|Forretress, M|100\/100\n|turn|1\n|\n|t:|1700061466\n|switch|p2a: Baxcalibur|Baxcalibur, F|100\/100\n|move|p1a: Thundurus|Volt Switch|p2a: Baxcalibur\n|-resisted|p2a: Baxcalibur\n|-damage|p2a: Baxcalibur|70\/100\n|\n|t:|1700061481\n|switch|p1a: Mew|Mew|100\/100|[from] Volt Switch\n|\n|upkeep\n|turn|2\n|\n|t:|1700061491\n|move|p1a: Mew|Dragon Dance|p1a: Mew\n|-boost|p1a: Mew|atk|1\n|-boost|p1a: Mew|spe|1\n|move|p2a: Baxcalibur|Icicle Spear|p1a: Mew\n|-damage|p1a: Mew|87\/100\n|-damage|p1a: Mew|73\/100\n|-damage|p1a: Mew|59\/100\n|-damage|p1a: Mew|45\/100\n|-damage|p1a: Mew|30\/100\n|-hitcount|p1a: Mew|5\n|\n|upkeep\n|turn|3\n|\n|t:|1700061520\n|move|p1a: Mew|Drain Punch|p2a: Baxcalibur\n|-supereffective|p2a: Baxcalibur\n|-damage|p2a: Baxcalibur|0 fnt\n|-heal|p1a: Mew|68\/100|[from] drain|[of] p2a: Baxcalibur\n|faint|p2a: Baxcalibur\n|-damage|p1a: Mew|58\/100|[from] item: Life Orb\n|\n|upkeep\n|\n|t:|1700061527\n|switch|p2a: Mawile|Mawile, M|100\/100\n|-ability|p2a: Mawile|Intimidate|boost\n|-unboost|p1a: Mew|atk|1\n|turn|4\n|\n|t:|1700061542\n|switch|p1a: Masquerain|Masquerain, F|100\/100\n|-ability|p1a: Masquerain|Intimidate|boost\n|-unboost|p2a: Mawile|atk|1\n|detailschange|p2a: Mawile|Mawile-Mega, M\n|-mega|p2a: Mawile|Mawile|Mawilite\n|move|p2a: Mawile|Knock Off|p1a: Masquerain\n|-damage|p1a: Masquerain|25\/100\n|-enditem|p1a: Masquerain|Heavy-Duty Boots|[from] move: Knock Off|[of] p2a: Mawile\n|\n|upkeep\n|turn|5\n|\n|t:|1700061553\n|switch|p2a: Forretress|Forretress, M|100\/100\n|move|p1a: Masquerain|Sticky Web|p2a: Forretress\n|-sidestart|p2: hattorivt|move: Sticky Web\n|\n|upkeep\n|turn|6\n|\n|t:|1700061574\n|move|p1a: Masquerain|Scald|p2a: Forretress\n|-damage|p2a: Forretress|69\/100\n|move|p2a: Forretress|Rapid Spin|p1a: Masquerain\n|-damage|p1a: Masquerain|7\/100\n|-boost|p2a: Forretress|spe|1\n|-sideend|p2: hattorivt|Sticky Web|[from] move: Rapid Spin|[of] p2a: Forretress\n|\n|-heal|p2a: Forretress|76\/100|[from] item: Leftovers\n|upkeep\n|turn|7\n|\n|t:|1700061583\n|switch|p1a: Thundurus|Thundurus-Therian, M|100\/100\n|move|p2a: Forretress|Stealth Rock|p1a: Thundurus\n|-sidestart|p1: braincellless|move: Stealth Rock\n|\n|-heal|p2a: Forretress|82\/100|[from] item: Leftovers\n|upkeep\n|turn|8\n|\n|t:|1700061597\n|move|p1a: Thundurus|Volt Switch|p2a: Forretress\n|-crit|p2a: Forretress\n|-damage|p2a: Forretress|0 fnt\n|faint|p2a: Forretress\n|\n|t:|1700061606\n|switch|p1a: Masquerain|Masquerain, F|7\/100|[from] Volt Switch\n|-damage|p1a: Masquerain|0 fnt|[from] Stealth Rock\n|faint|p1a: Masquerain\n|\n|upkeep\n|\n|t:|1700061624\n|switch|p1a: Mew|Mew|58\/100\n|switch|p2a: Regidrago|Regidrago|100\/100\n|-damage|p1a: Mew|46\/100|[from] Stealth Rock\n|turn|9\n|\n|t:|1700061629\n|move|p2a: Regidrago|Dragon Energy|p1a: Mew\n|-damage|p1a: Mew|0 fnt\n|faint|p1a: Mew\n|\n|upkeep\n|\n|t:|1700061654\n|switch|p1a: Thundurus|Thundurus-Therian, M|100\/100\n|-damage|p1a: Thundurus|76\/100|[from] Stealth Rock\n|turn|10\n|inactive|braincellless has 270 seconds left.\n|\n|t:|1700061670\n|-terastallize|p1a: Thundurus|Fairy\n|move|p2a: Regidrago|Dragon Energy|p1a: Thundurus\n|-immune|p1a: Thundurus\n|move|p1a: Thundurus|Tera Blast|p2a: Regidrago|[anim] Tera Blast Fairy\n|-supereffective|p2a: Regidrago\n|-damage|p2a: Regidrago|0 fnt\n|faint|p2a: Regidrago\n|\n|upkeep\n|\n|t:|1700061675\n|switch|p2a: Iron Moth|Iron Moth|100\/100\n|turn|11\n|\n|t:|1700061686\n|switch|p1a: Tyranitar|Tyranitar, M|100\/100\n|-damage|p1a: Tyranitar|88\/100|[from] Stealth Rock\n|-weather|Sandstorm|[from] ability: Sand Stream|[of] p1a: Tyranitar\n|move|p2a: Iron Moth|U-turn|p1a: Tyranitar\n|-supereffective|p1a: Tyranitar\n|-damage|p1a: Tyranitar|69\/100\n|\n|t:|1700061688\n|-end|p2a: Iron Moth|Quark Drive|[silent]\n|switch|p2a: Hawlucha|Hawlucha, F|100\/100|[from] U-turn\n|\n|-weather|Sandstorm|[upkeep]\n|-damage|p2a: Hawlucha|94\/100|[from] Sandstorm\n|upkeep\n|turn|12\n|\n|t:|1700061700\n|move|p2a: Hawlucha|Swords Dance|p2a: Hawlucha\n|-boost|p2a: Hawlucha|atk|2\n|move|p1a: Tyranitar|Stone Edge|p2a: Hawlucha\n|-damage|p2a: Hawlucha|26\/100\n|\n|-weather|Sandstorm|[upkeep]\n|-damage|p2a: Hawlucha|20\/100|[from] Sandstorm\n|upkeep\n|turn|13\n|inactive|braincellless has 270 seconds left.\n|\n|t:|1700061730\n|switch|p1a: Thundurus|Thundurus-Therian, M, tera:Fairy|76\/100\n|-damage|p1a: Thundurus|63\/100|[from] Stealth Rock\n|move|p2a: Hawlucha|Close Combat|p1a: Thundurus\n|-resisted|p1a: Thundurus\n|-damage|p1a: Thundurus|0 fnt\n|-unboost|p2a: Hawlucha|def|1\n|-unboost|p2a: Hawlucha|spd|1\n|faint|p1a: Thundurus\n|\n|-weather|Sandstorm|[upkeep]\n|-damage|p2a: Hawlucha|14\/100|[from] Sandstorm\n|upkeep\n|\n|t:|1700061732\n|switch|p1a: Breloom|Breloom, M|100\/100\n|-damage|p1a: Breloom|94\/100|[from] Stealth Rock\n|turn|14\n|\n|t:|1700061745\n|move|p1a: Breloom|Mach Punch|p2a: Hawlucha\n|-resisted|p2a: Hawlucha\n|-damage|p2a: Hawlucha|0 fnt\n|faint|p2a: Hawlucha\n|\n|-weather|Sandstorm|[upkeep]\n|-damage|p1a: Breloom|88\/100|[from] Sandstorm\n|upkeep\n|\n|t:|1700061754\n|switch|p2a: Iron Moth|Iron Moth|100\/100\n|turn|15\n|\n|t:|1700061765\n|move|p1a: Breloom|Mach Punch|p2a: Iron Moth\n|-resisted|p2a: Iron Moth\n|-damage|p2a: Iron Moth|82\/100\n|move|p2a: Iron Moth|Dazzling Gleam|p1a: Breloom\n|-supereffective|p1a: Breloom\n|-damage|p1a: Breloom|0 fnt\n|faint|p1a: Breloom\n|\n|-weather|none\n|upkeep\n|\n|t:|1700061778\n|switch|p1a: Charizard|Charizard, F|100\/100\n|-damage|p1a: Charizard|51\/100|[from] Stealth Rock\n|turn|16\n|\n|t:|1700061795\n|-terastallize|p2a: Iron Moth|Fairy\n|move|p2a: Iron Moth|Dazzling Gleam|p1a: Charizard\n|-resisted|p1a: Charizard\n|-damage|p1a: Charizard|22\/100\n|move|p1a: Charizard|Dragon Dance|p1a: Charizard\n|-boost|p1a: Charizard|atk|1\n|-boost|p1a: Charizard|spe|1\n|\n|upkeep\n|turn|17\n|inactive|braincellless has 270 seconds left.\n|\n|t:|1700061819\n|detailschange|p1a: Charizard|Charizard-Mega-X, F\n|-mega|p1a: Charizard|Charizard|Charizardite X\n|move|p2a: Iron Moth|Dazzling Gleam|p1a: Charizard\n|-crit|p1a: Charizard\n|-damage|p1a: Charizard|0 fnt\n|faint|p1a: Charizard\n|\n|upkeep\n|\n|t:|1700061823\n|switch|p1a: Tyranitar|Tyranitar, M|69\/100\n|-damage|p1a: Tyranitar|57\/100|[from] Stealth Rock\n|-weather|Sandstorm|[from] ability: Sand Stream|[of] p1a: Tyranitar\n|turn|18\n|\n|t:|1700061831\n|move|p2a: Iron Moth|Dazzling Gleam|p1a: Tyranitar\n|-supereffective|p1a: Tyranitar\n|-damage|p1a: Tyranitar|26\/100\n|move|p1a: Tyranitar|Stone Edge|p2a: Iron Moth\n|-crit|p2a: Iron Moth\n|-damage|p2a: Iron Moth|0 fnt\n|faint|p2a: Iron Moth\n|-end|p2a: Iron Moth|Quark Drive|[silent]\n|\n|-weather|Sandstorm|[upkeep]\n|upkeep\n|\n|t:|1700061838\n|switch|p2a: Mawile|Mawile-Mega, M|100\/100\n|turn|19\n|\n|t:|1700061846\n|move|p1a: Tyranitar|Earthquake|p2a: Mawile\n|-supereffective|p2a: Mawile\n|-damage|p2a: Mawile|6\/100\n|move|p2a: Mawile|Knock Off|p1a: Tyranitar\n|-resisted|p1a: Tyranitar\n|-damage|p1a: Tyranitar|0 fnt\n|-enditem|p1a: Tyranitar|Assault Vest|[from] move: Knock Off|[of] p2a: Mawile\n|faint|p1a: Tyranitar\n|\n|win|hattorivt\n|c|\u2606hattorivt|gg\n|c|\u2606braincellless|gg\n|c|\u2606braincellless|round 1\n","uploadtime":1700061855,"views":16,"p1id":"braincellless","p2id":"hattorivt","formatid":"gen9nationaldexubers","rating":0,"private":0,"password":""}