{"id":"gen9nationaldexubers-1992841575","p1":"27frd","p2":"Angel Karma","format":"[Gen 9] National Dex Ubers","log":"|j|\u260627frd\n|j|\u2606Angel Karma\n|t:|1700240091\n|gametype|singles\n|player|p1|27frd|hilbert|1357\n|player|p2|Angel Karma|unknown|1371\n|teamsize|p1|6\n|teamsize|p2|6\n|gen|9\n|tier|[Gen 9] National Dex Ubers\n|rated|\n|rule|HP Percentage Mod: HP is shown in percentages\n|rule|Endless Battle Clause: Forcing endless battles is banned\n|rule|OHKO Clause: OHKO moves are banned\n|rule|Evasion Moves Clause: Evasion moves are banned\n|rule|Evasion Items Clause: Evasion items are banned\n|rule|Species Clause: Limit one of each Pok\u00e9mon\n|rule|Sleep Clause Mod: Limit one foe put to sleep\n|rule|Mega Rayquaza Clause: You cannot mega evolve Rayquaza\n|clearpoke\n|poke|p1|Arceus|\n|poke|p1|Mew|\n|poke|p1|Darkrai|\n|poke|p1|Dialga|\n|poke|p1|Palkia|\n|poke|p1|Giratina|\n|poke|p2|Haxorus, F|\n|poke|p2|Groudon|\n|poke|p2|Basculegion, M|\n|poke|p2|Yveltal|\n|poke|p2|Flutter Mane|\n|poke|p2|Lucario, F|\n|teampreview\n|\n|t:|1700240100\n|start\n|switch|p1a: Darkrai|Darkrai|100\/100\n|switch|p2a: Yveltal|Yveltal|100\/100\n|-ability|p2a: Yveltal|Dark Aura\n|turn|1\n|\n|t:|1700240109\n|move|p2a: Yveltal|Dark Pulse|p1a: Darkrai\n|-resisted|p1a: Darkrai\n|-damage|p1a: Darkrai|62\/100\n|cant|p1a: Darkrai|flinch\n|\n|upkeep\n|turn|2\n|\n|t:|1700240116\n|move|p2a: Yveltal|Dark Pulse|p1a: Darkrai\n|-resisted|p1a: Darkrai\n|-damage|p1a: Darkrai|20\/100\n|-zpower|p1a: Darkrai\n|move|p1a: Darkrai|Z-Hypnosis|p2a: Yveltal|[anim]Hypnosis|[miss]\n|-boost|p1a: Darkrai|spe|1|[zeffect]\n|-miss|p1a: Darkrai|p2a: Yveltal\n|\n|upkeep\n|turn|3\n|\n|t:|1700240130\n|move|p1a: Darkrai|Hypnosis|p2a: Yveltal|[miss]\n|-miss|p1a: Darkrai|p2a: Yveltal\n|move|p2a: Yveltal|Dark Pulse|p1a: Darkrai\n|-resisted|p1a: Darkrai\n|-damage|p1a: Darkrai|0 fnt\n|faint|p1a: Darkrai\n|\n|upkeep\n|\n|t:|1700240136\n|switch|p1a: Dialga|Dialga|100\/100\n|-ability|p1a: Dialga|Pressure\n|turn|4\n|inactive|Battle timer is ON: inactive players will automatically lose when time's up. (requested by 27frd)\n|\n|t:|1700240161\n|move|p2a: Yveltal|Dark Pulse|p1a: Dialga\n|-damage|p1a: Dialga|40\/100\n|move|p1a: Dialga|Flash Cannon|p2a: Yveltal\n|-damage|p2a: Yveltal|56\/100\n|\n|upkeep\n|turn|5\n|\n|t:|1700240173\n|move|p2a: Yveltal|Dark Pulse|p1a: Dialga\n|-crit|p1a: Dialga\n|-damage|p1a: Dialga|0 fnt\n|faint|p1a: Dialga\n|\n|upkeep\n|\n|t:|1700240175\n|switch|p1a: Mew|Mew|100\/100\n|turn|6\n|\n|t:|1700240183\n|-terastallize|p1a: Mew|Fairy\n|move|p2a: Yveltal|Dark Pulse|p1a: Mew\n|-resisted|p1a: Mew\n|-damage|p1a: Mew|75\/100\n|move|p1a: Mew|Calm Mind|p1a: Mew\n|-boost|p1a: Mew|spa|1\n|-boost|p1a: Mew|spd|1\n|\n|upkeep\n|turn|7\n|\n|t:|1700240193\n|switch|p2a: Flutter Mane|Flutter Mane|100\/100\n|move|p1a: Mew|Agility|p1a: Mew\n|-boost|p1a: Mew|spe|2\n|\n|upkeep\n|turn|8\n|\n|t:|1700240201\n|move|p1a: Mew|Agility|p1a: Mew\n|-boost|p1a: Mew|spe|2\n|move|p2a: Flutter Mane|Thunder Wave|p1a: Mew\n|-status|p1a: Mew|par\n|-activate|p1a: Mew|ability: Synchronize\n|-status|p2a: Flutter Mane|par\n|\n|upkeep\n|turn|9\n|\n|t:|1700240215\n|-end|p2a: Flutter Mane|Protosynthesis|[silent]\n|switch|p2a: Haxorus|Haxorus, F|100\/100\n|-ability|p2a: Haxorus|Mold Breaker\n|move|p1a: Mew|Calm Mind|p1a: Mew\n|-boost|p1a: Mew|spa|1\n|-boost|p1a: Mew|spd|1\n|-enditem|p2a: Haxorus|Mirror Herb\n|-boost|p2a: Haxorus|spa|1|[from] item: Mirror Herb\n|-boost|p2a: Haxorus|spd|1|[from] item: Mirror Herb\n|\n|upkeep\n|turn|10\n|\n|t:|1700240225\n|-terastallize|p2a: Haxorus|Steel\n|move|p1a: Mew|Draining Kiss|p2a: Haxorus\n|-resisted|p2a: Haxorus\n|-damage|p2a: Haxorus|78\/100\n|-heal|p1a: Mew|88\/100 par|[from] drain|[of] p2a: Haxorus\n|move|p2a: Haxorus|Dragon Dance|p2a: Haxorus\n|-boost|p2a: Haxorus|atk|1\n|-boost|p2a: Haxorus|spe|1\n|\n|upkeep\n|turn|11\n|\n|t:|1700240236\n|move|p2a: Haxorus|Iron Head|p1a: Mew\n|-supereffective|p1a: Mew\n|-damage|p1a: Mew|3\/100 par\n|cant|p1a: Mew|par\n|\n|upkeep\n|turn|12\n|\n|t:|1700240242\n|move|p2a: Haxorus|Iron Head|p1a: Mew\n|-supereffective|p1a: Mew\n|-damage|p1a: Mew|0 fnt\n|faint|p1a: Mew\n|\n|upkeep\n|\n|t:|1700240244\n|switch|p1a: Palkia|Palkia|100\/100\n|-ability|p1a: Palkia|Pressure\n|turn|13\n|\n|t:|1700240251\n|move|p2a: Haxorus|Outrage|p1a: Palkia\n|-supereffective|p1a: Palkia\n|-damage|p1a: Palkia|0 fnt\n|-damage|p2a: Haxorus|61\/100|[from] item: Rocky Helmet|[of] p1a: Palkia\n|faint|p1a: Palkia\n|\n|upkeep\n|\n|t:|1700240254\n|switch|p1a: Giratina|Giratina|100\/100\n|-ability|p1a: Giratina|Pressure\n|turn|14\n|\n|t:|1700240262\n|move|p2a: Haxorus|Outrage|p1a: Giratina|[from]lockedmove\n|-supereffective|p1a: Giratina\n|-damage|p1a: Giratina|0 fnt\n|faint|p1a: Giratina\n|\n|upkeep\n|\n|t:|1700240265\n|switch|p1a: Arceus|Arceus|100\/100\n|turn|15\n|\n|t:|1700240271\n|move|p2a: Haxorus|Outrage|p1a: Arceus|[from]lockedmove\n|-damage|p1a: Arceus|16\/100\n|-start|p2a: Haxorus|confusion|[fatigue]\n|move|p1a: Arceus|Bulk Up|p1a: Arceus\n|-boost|p1a: Arceus|atk|1\n|-boost|p1a: Arceus|def|1\n|\n|-heal|p1a: Arceus|22\/100|[from] item: Leftovers\n|upkeep\n|turn|16\n|\n|t:|1700240285\n|-activate|p2a: Haxorus|confusion\n|move|p2a: Haxorus|Iron Head|p1a: Arceus\n|-damage|p1a: Arceus|0 fnt\n|faint|p1a: Arceus\n|\n|win|Angel Karma\n|raw|27frd's rating: 1357 &rarr; <strong>1338<\/strong><br \/>(-19 for losing)\n|raw|Angel Karma's rating: 1371 &rarr; <strong>1390<\/strong><br \/>(+19 for winning)\n|l|\u260627frd\n","uploadtime":1700240299,"views":8,"p1id":"27frd","p2id":"angelkarma","formatid":"gen9nationaldexubers","rating":1338,"private":0,"password":""}