{"id":"gen9nationaldexubers-1983211015","p1":"japue","p2":"lese256","format":"[Gen 9] National Dex Ubers","log":"|j|\u2606japue\n|j|\u2606lese256\n|t:|1699105676\n|gametype|singles\n|player|p1|japue|cynthia|\n|player|p2|lese256|266|\n|teamsize|p1|6\n|teamsize|p2|6\n|gen|9\n|tier|[Gen 9] National Dex Ubers\n|rule|HP Percentage Mod: HP is shown in percentages\n|rule|Endless Battle Clause: Forcing endless battles is banned\n|rule|OHKO Clause: OHKO moves are banned\n|rule|Evasion Moves Clause: Evasion moves are banned\n|rule|Evasion Items Clause: Evasion items are banned\n|rule|Species Clause: Limit one of each Pok\u00e9mon\n|rule|Sleep Clause Mod: Limit one foe put to sleep\n|rule|Mega Rayquaza Clause: You cannot mega evolve Rayquaza\n|clearpoke\n|poke|p1|Pheromosa|\n|poke|p1|Ting-Lu|\n|poke|p1|Gholdengo|\n|poke|p1|Diancie|\n|poke|p1|Zapdos|\n|poke|p1|Tapu Lele|\n|poke|p2|Shuckle, F|\n|poke|p2|Chien-Pao|\n|poke|p2|Lucario, F|\n|poke|p2|Shaymin-Sky|\n|poke|p2|Landorus, M|\n|poke|p2|Gholdengo|\n|teampreview\n|inactive|Battle timer is ON: inactive players will automatically lose when time's up. (requested by japue)\n|\n|t:|1699105685\n|start\n|switch|p1a: Gholdengo|Gholdengo|100\/100\n|switch|p2a: Shuckle|Shuckle, F|100\/100\n|-item|p1a: Gholdengo|Air Balloon\n|turn|1\n|\n|t:|1699105691\n|move|p1a: Gholdengo|Nasty Plot|p1a: Gholdengo\n|-boost|p1a: Gholdengo|spa|2\n|move|p2a: Shuckle|Sticky Web|p1a: Gholdengo\n|-sidestart|p1: japue|move: Sticky Web\n|\n|upkeep\n|turn|2\n|\n|t:|1699105695\n|move|p1a: Gholdengo|Shadow Ball|p2a: Shuckle\n|-damage|p2a: Shuckle|44\/100\n|move|p2a: Shuckle|Stealth Rock|p1a: Gholdengo\n|-sidestart|p1: japue|move: Stealth Rock\n|\n|upkeep\n|turn|3\n|\n|t:|1699105701\n|move|p1a: Gholdengo|Shadow Ball|p2a: Shuckle\n|-damage|p2a: Shuckle|0 fnt\n|faint|p2a: Shuckle\n|\n|upkeep\n|\n|t:|1699105709\n|switch|p2a: Chien-Pao|Chien-Pao|100\/100\n|-ability|p2a: Chien-Pao|Sword of Ruin\n|turn|4\n|\n|t:|1699105713\n|-terastallize|p1a: Gholdengo|Flying\n|move|p2a: Chien-Pao|Crunch|p1a: Gholdengo\n|-damage|p1a: Gholdengo|23\/100\n|-enditem|p1a: Gholdengo|Air Balloon\n|-damage|p2a: Chien-Pao|91\/100|[from] item: Life Orb\n|move|p1a: Gholdengo|Make It Rain|p2a: Chien-Pao\n|-supereffective|p2a: Chien-Pao\n|-damage|p2a: Chien-Pao|0 fnt\n|-unboost|p1a: Gholdengo|spa|1\n|faint|p2a: Chien-Pao\n|\n|upkeep\n|\n|t:|1699105718\n|switch|p2a: Lucario|Lucario, F|100\/100\n|turn|5\n|\n|t:|1699105725\n|detailschange|p2a: Lucario|Lucario-Mega, F\n|-mega|p2a: Lucario|Lucario|Lucarionite\n|move|p2a: Lucario|Stone Edge|p1a: Gholdengo|[miss]\n|-miss|p2a: Lucario|p1a: Gholdengo\n|move|p1a: Gholdengo|Shadow Ball|p2a: Lucario\n|-damage|p2a: Lucario|0 fnt\n|faint|p2a: Lucario\n|\n|upkeep\n|\n|t:|1699105732\n|switch|p2a: Shaymin|Shaymin-Sky|100\/100\n|turn|6\n|\n|t:|1699105738\n|move|p2a: Shaymin|Air Slash|p1a: Gholdengo\n|-damage|p1a: Gholdengo|0 fnt\n|faint|p1a: Gholdengo\n|\n|upkeep\n|\n|t:|1699105744\n|switch|p1a: Zapdos|Zapdos, shiny|100\/100\n|turn|7\n|\n|t:|1699105748\n|switch|p2a: Gholdengo|Gholdengo|100\/100\n|-item|p2a: Gholdengo|Air Balloon\n|move|p1a: Zapdos|Volt Switch|p2a: Gholdengo\n|-damage|p2a: Gholdengo|72\/100\n|-enditem|p2a: Gholdengo|Air Balloon\n|\n|t:|1699105754\n|switch|p1a: Ting-Lu|Ting-Lu|100\/100|[from] Volt Switch\n|-activate|p1a: Ting-Lu|move: Sticky Web\n|-unboost|p1a: Ting-Lu|spe|1\n|-damage|p1a: Ting-Lu|94\/100|[from] Stealth Rock\n|-ability|p1a: Ting-Lu|Vessel of Ruin\n|\n|-heal|p1a: Ting-Lu|100\/100|[from] item: Leftovers\n|upkeep\n|turn|8\n|\n|t:|1699105759\n|switch|p2a: Shaymin|Shaymin-Sky|100\/100\n|switch|p1a: Zapdos|Zapdos, shiny|100\/100\n|\n|upkeep\n|turn|9\n|\n|t:|1699105765\n|move|p2a: Shaymin|Substitute|p2a: Shaymin\n|-start|p2a: Shaymin|Substitute\n|-damage|p2a: Shaymin|75\/100\n|move|p1a: Zapdos|Defog|p2a: Shaymin\n|-sideend|p1: japue|Stealth Rock|[from] move: Defog|[of] p1a: Zapdos\n|-sideend|p1: japue|Sticky Web|[from] move: Defog|[of] p1a: Zapdos\n|\n|-heal|p2a: Shaymin|82\/100|[from] item: Leftovers\n|upkeep\n|turn|10\n|\n|t:|1699105771\n|move|p2a: Shaymin|Leech Seed|p1a: Zapdos\n|-start|p1a: Zapdos|move: Leech Seed\n|move|p1a: Zapdos|Volt Switch|p2a: Shaymin\n|-end|p2a: Shaymin|Substitute\n|\n|t:|1699105778\n|switch|p1a: Pheromosa|Pheromosa|100\/100|[from] Volt Switch\n|\n|-heal|p2a: Shaymin|88\/100|[from] item: Leftovers\n|upkeep\n|turn|11\n|\n|t:|1699105784\n|-terastallize|p2a: Shaymin|Normal\n|move|p1a: Pheromosa|Ice Beam|p2a: Shaymin\n|-damage|p2a: Shaymin|59\/100\n|move|p2a: Shaymin|Air Slash|p1a: Pheromosa\n|-supereffective|p1a: Pheromosa\n|-damage|p1a: Pheromosa|0 fnt\n|faint|p1a: Pheromosa\n|\n|-heal|p2a: Shaymin|65\/100|[from] item: Leftovers\n|upkeep\n|\n|t:|1699105794\n|switch|p1a: \u6551\u4e16\u4e3b|Tapu Lele|100\/100\n|-fieldstart|move: Psychic Terrain|[from] ability: Psychic Surge|[of] p1a: \u6551\u4e16\u4e3b\n|turn|12\n|\n|t:|1699105799\n|switch|p2a: Gholdengo|Gholdengo|72\/100\n|move|p1a: \u6551\u4e16\u4e3b|Psychic|p2a: Gholdengo\n|-resisted|p2a: Gholdengo\n|-damage|p2a: Gholdengo|42\/100\n|-unboost|p2a: Gholdengo|spd|1\n|\n|upkeep\n|turn|13\n|l|\u2606japue\n|inactive|japue disconnected and has 300 seconds to reconnect!\n|player|p1|\n|j|\u2606japue\n|inactive|japue reconnected and has 290 seconds left.\n|player|p1|japue|cynthia\n|\n|t:|1699105842\n|switch|p2a: Landorus|Landorus, M|100\/100\n|move|p1a: \u6551\u4e16\u4e3b|Psychic|p2a: Landorus\n|-damage|p2a: Landorus|21\/100\n|-unboost|p2a: Landorus|spd|1\n|\n|upkeep\n|turn|14\n|\n|t:|1699105851\n|move|p1a: \u6551\u4e16\u4e3b|Psychic|p2a: Landorus\n|-damage|p2a: Landorus|0 fnt\n|faint|p2a: Landorus\n|\n|upkeep\n|\n|t:|1699105854\n|switch|p2a: Gholdengo|Gholdengo|42\/100\n|turn|15\n|\n|t:|1699105859\n|switch|p1a: Ting-Lu|Ting-Lu|100\/100\n|-ability|p1a: Ting-Lu|Vessel of Ruin\n|move|p2a: Gholdengo|Recover|p2a: Gholdengo\n|-heal|p2a: Gholdengo|92\/100\n|\n|upkeep\n|turn|16\n|\n|t:|1699105864\n|switch|p2a: Shaymin|Shaymin-Sky, tera:Normal|65\/100\n|move|p1a: Ting-Lu|Earthquake|p2a: Shaymin\n|-damage|p2a: Shaymin|17\/100\n|\n|-heal|p2a: Shaymin|24\/100|[from] item: Leftovers\n|-fieldend|move: Psychic Terrain\n|upkeep\n|turn|17\n|\n|t:|1699105874\n|move|p2a: Shaymin|Seed Flare|p1a: Ting-Lu\n|-supereffective|p1a: Ting-Lu\n|-damage|p1a: Ting-Lu|42\/100\n|-unboost|p1a: Ting-Lu|spd|2\n|move|p1a: Ting-Lu|Earthquake|p2a: Shaymin\n|-damage|p2a: Shaymin|0 fnt\n|faint|p2a: Shaymin\n|\n|-heal|p1a: Ting-Lu|48\/100|[from] item: Leftovers\n|upkeep\n|\n|t:|1699105877\n|switch|p2a: Gholdengo|Gholdengo|92\/100\n|turn|18\n|\n|t:|1699105881\n|move|p2a: Gholdengo|Nasty Plot|p2a: Gholdengo\n|-boost|p2a: Gholdengo|spa|2\n|move|p1a: Ting-Lu|Earthquake|p2a: Gholdengo\n|-supereffective|p2a: Gholdengo\n|-damage|p2a: Gholdengo|23\/100\n|\n|-heal|p1a: Ting-Lu|54\/100|[from] item: Leftovers\n|upkeep\n|turn|19\n|\n|t:|1699105886\n|move|p2a: Gholdengo|Make It Rain|p1a: Ting-Lu\n|-damage|p1a: Ting-Lu|0 fnt\n|-unboost|p2a: Gholdengo|spa|1\n|faint|p1a: Ting-Lu\n|\n|upkeep\n|\n|t:|1699105890\n|switch|p1a: Diancie|Diancie|100\/100\n|turn|20\n|\n|t:|1699105894\n|detailschange|p1a: Diancie|Diancie-Mega\n|-mega|p1a: Diancie|Diancie|Diancite\n|move|p1a: Diancie|Earth Power|p2a: Gholdengo\n|-supereffective|p2a: Gholdengo\n|-damage|p2a: Gholdengo|0 fnt\n|faint|p2a: Gholdengo\n|\n|win|japue\n|l|\u2606lese256\n","uploadtime":1699105902,"views":9,"p1id":"japue","p2id":"lese256","formatid":"gen9nationaldexubers","rating":0,"private":0,"password":""}