{"id":"gen9nationaldexubers-1999850895","p1":"getrektunub","p2":"TheGalaxyRay","format":"[Gen 9] National Dex Ubers","log":"|j|\u2606getrektunub\n|j|\u2606TheGalaxyRay\n|t:|1701122704\n|gametype|singles\n|player|p1|getrektunub|may-masters|1086\n|player|p2|TheGalaxyRay|102|1066\n|teamsize|p1|6\n|teamsize|p2|3\n|gen|9\n|tier|[Gen 9] National Dex Ubers\n|rated|\n|rule|HP Percentage Mod: HP is shown in percentages\n|rule|Endless Battle Clause: Forcing endless battles is banned\n|rule|OHKO Clause: OHKO moves are banned\n|rule|Evasion Moves Clause: Evasion moves are banned\n|rule|Evasion Items Clause: Evasion items are banned\n|rule|Species Clause: Limit one of each Pok\u00e9mon\n|rule|Sleep Clause Mod: Limit one foe put to sleep\n|rule|Mega Rayquaza Clause: You cannot mega evolve Rayquaza\n|clearpoke\n|poke|p1|Meowscarada, M|\n|poke|p1|Tinkaton, F|\n|poke|p1|Azelf|\n|poke|p1|Giratina|\n|poke|p1|Sneasler, F|\n|poke|p1|Dragonite, F|\n|poke|p2|Dwebble, M|\n|poke|p2|Durant, M|\n|poke|p2|Diglett, M|\n|teampreview\n|inactive|Battle timer is ON: inactive players will automatically lose when time's up. (requested by getrektunub)\n|\n|t:|1701122714\n|start\n|switch|p1a: -6IQ|Azelf, shiny|100\/100\n|switch|p2a: Durant|Durant, M, shiny|100\/100\n|turn|1\n|\n|t:|1701122721\n|move|p1a: -6IQ|Trick|p2a: Durant\n|-activate|p1a: -6IQ|move: Trick|[of] p2a: Durant\n|-item|p2a: Durant|Choice Scarf|[from] move: Trick\n|-item|p1a: -6IQ|Leftovers|[from] move: Trick\n|move|p2a: Durant|Entrainment|p1a: -6IQ\n|-endability|p1a: -6IQ|Levitate|[from] move: Entrainment\n|-ability|p1a: -6IQ|Truant|[from] move: Entrainment\n|\n|upkeep\n|turn|2\n|\n|t:|1701122751\n|switch|p2a: Diglett|Diglett, M|100\/100\n|switch|p1a: Imagine Dragon :)|Dragonite, F, shiny|100\/100\n|\n|upkeep\n|turn|3\n|\n|t:|1701122761\n|switch|p2a: Durant|Durant, M, shiny|100\/100\n|move|p1a: Imagine Dragon :)|Dragon Dance|p1a: Imagine Dragon :)\n|-boost|p1a: Imagine Dragon :)|atk|1\n|-boost|p1a: Imagine Dragon :)|spe|1\n|\n|upkeep\n|turn|4\n|inactive|getrektunub has 120 seconds left.\n|\n|t:|1701122788\n|move|p2a: Durant|Entrainment|p1a: Imagine Dragon :)\n|-endability|p1a: Imagine Dragon :)|Multiscale|[from] move: Entrainment\n|-ability|p1a: Imagine Dragon :)|Truant|[from] move: Entrainment\n|move|p1a: Imagine Dragon :)|Dragon Claw|p2a: Durant\n|-resisted|p2a: Durant\n|-damage|p2a: Durant|71\/100\n|\n|upkeep\n|turn|5\n|inactive|getrektunub has 120 seconds left.\n|\n|t:|1701122797\n|switch|p2a: Dwebble|Dwebble, M|100\/100\n|cant|p1a: Imagine Dragon :)|ability: Truant\n|\n|upkeep\n|turn|6\n|\n|t:|1701122807\n|move|p1a: Imagine Dragon :)|Dragon Claw|p2a: Dwebble\n|-ability|p2a: Dwebble|Sturdy\n|-damage|p2a: Dwebble|1\/100\n|move|p2a: Dwebble|Shell Smash|p2a: Dwebble\n|-unboost|p2a: Dwebble|def|1\n|-unboost|p2a: Dwebble|spd|1\n|-boost|p2a: Dwebble|atk|2\n|-boost|p2a: Dwebble|spa|2\n|-boost|p2a: Dwebble|spe|2\n|\n|upkeep\n|turn|7\n|\n|t:|1701122814\n|cant|p1a: Imagine Dragon :)|ability: Truant\n|move|p2a: Dwebble|Stone Edge|p1a: Imagine Dragon :)\n|-supereffective|p1a: Imagine Dragon :)\n|-damage|p1a: Imagine Dragon :)|0 fnt\n|faint|p1a: Imagine Dragon :)\n|\n|upkeep\n|\n|t:|1701122824\n|switch|p1a: -6IQ|Azelf, shiny|100\/100\n|turn|8\n|\n|t:|1701122833\n|move|p2a: Dwebble|X-Scissor|p1a: -6IQ\n|-supereffective|p1a: -6IQ\n|-damage|p1a: -6IQ|0 fnt\n|faint|p1a: -6IQ\n|\n|upkeep\n|\n|t:|1701122837\n|switch|p1a: Lengthy Asf|Sneasler, F, shiny|100\/100\n|turn|9\n|\n|t:|1701122842\n|move|p1a: Lengthy Asf|Fake Out|p2a: Dwebble\n|-resisted|p2a: Dwebble\n|-damage|p2a: Dwebble|0 fnt\n|faint|p2a: Dwebble\n|\n|upkeep\n|\n|t:|1701122846\n|switch|p2a: Durant|Durant, M, shiny|71\/100\n|turn|10\n|\n|t:|1701122859\n|-terastallize|p1a: Lengthy Asf|Fighting\n|move|p2a: Durant|Entrainment|p1a: Lengthy Asf\n|-endability|p1a: Lengthy Asf|Unburden|[from] move: Entrainment\n|-ability|p1a: Lengthy Asf|Truant|[from] move: Entrainment\n|move|p1a: Lengthy Asf|Close Combat|p2a: Durant\n|-damage|p2a: Durant|0 fnt\n|-unboost|p1a: Lengthy Asf|def|1\n|-unboost|p1a: Lengthy Asf|spd|1\n|faint|p2a: Durant\n|\n|upkeep\n|\n|t:|1701122866\n|switch|p2a: Diglett|Diglett, M|100\/100\n|turn|11\n|\n|t:|1701122874\n|cant|p1a: Lengthy Asf|ability: Truant\n|move|p2a: Diglett|Hone Claws|p2a: Diglett\n|-boost|p2a: Diglett|atk|1\n|-boost|p2a: Diglett|accuracy|1\n|\n|upkeep\n|turn|12\n|\n|t:|1701122879\n|move|p2a: Diglett|Protect|p2a: Diglett\n|-singleturn|p2a: Diglett|Protect\n|move|p1a: Lengthy Asf|Dire Claw|p2a: Diglett\n|-activate|p2a: Diglett|move: Protect\n|\n|upkeep\n|turn|13\n|\n|t:|1701122885\n|cant|p1a: Lengthy Asf|ability: Truant\n|move|p2a: Diglett|Hone Claws|p2a: Diglett\n|-boost|p2a: Diglett|atk|1\n|-boost|p2a: Diglett|accuracy|1\n|\n|upkeep\n|turn|14\n|\n|t:|1701122891\n|move|p2a: Diglett|Protect|p2a: Diglett\n|-singleturn|p2a: Diglett|Protect\n|move|p1a: Lengthy Asf|Close Combat|p2a: Diglett\n|-activate|p2a: Diglett|move: Protect\n|\n|upkeep\n|turn|15\n|\n|t:|1701122897\n|cant|p1a: Lengthy Asf|ability: Truant\n|move|p2a: Diglett|Hone Claws|p2a: Diglett\n|-boost|p2a: Diglett|atk|1\n|-boost|p2a: Diglett|accuracy|1\n|\n|upkeep\n|turn|16\n|\n|t:|1701122903\n|move|p2a: Diglett|Protect|p2a: Diglett\n|-singleturn|p2a: Diglett|Protect\n|move|p1a: Lengthy Asf|Dire Claw|p2a: Diglett\n|-activate|p2a: Diglett|move: Protect\n|\n|upkeep\n|turn|17\n|\n|t:|1701122918\n|cant|p1a: Lengthy Asf|ability: Truant\n|move|p2a: Diglett|Hone Claws|p2a: Diglett\n|-boost|p2a: Diglett|atk|1\n|-boost|p2a: Diglett|accuracy|1\n|\n|upkeep\n|turn|18\n|\n|t:|1701122928\n|move|p2a: Diglett|Protect|p2a: Diglett\n|-singleturn|p2a: Diglett|Protect\n|move|p1a: Lengthy Asf|Dire Claw|p2a: Diglett\n|-activate|p2a: Diglett|move: Protect\n|\n|upkeep\n|turn|19\n|\n|t:|1701122934\n|cant|p1a: Lengthy Asf|ability: Truant\n|move|p2a: Diglett|Hone Claws|p2a: Diglett\n|-boost|p2a: Diglett|atk|1\n|-boost|p2a: Diglett|accuracy|1\n|\n|upkeep\n|turn|20\n|\n|t:|1701122942\n|move|p2a: Diglett|Protect|p2a: Diglett\n|-singleturn|p2a: Diglett|Protect\n|move|p1a: Lengthy Asf|Dire Claw|p2a: Diglett\n|-activate|p2a: Diglett|move: Protect\n|\n|upkeep\n|turn|21\n|\n|t:|1701122948\n|cant|p1a: Lengthy Asf|ability: Truant\n|move|p2a: Diglett|Hone Claws|p2a: Diglett\n|-boost|p2a: Diglett|atk|1\n|-boost|p2a: Diglett|accuracy|1\n|\n|upkeep\n|turn|22\n|\n|t:|1701122956\n|move|p2a: Diglett|Protect|p2a: Diglett\n|-singleturn|p2a: Diglett|Protect\n|move|p1a: Lengthy Asf|Dire Claw|p2a: Diglett\n|-activate|p2a: Diglett|move: Protect\n|\n|upkeep\n|turn|23\n|\n|t:|1701122964\n|cant|p1a: Lengthy Asf|ability: Truant\n|move|p2a: Diglett|Earthquake|p1a: Lengthy Asf\n|-enditem|p1a: Lengthy Asf|Focus Sash\n|-damage|p1a: Lengthy Asf|1\/100\n|\n|upkeep\n|turn|24\n|\n|t:|1701122972\n|move|p2a: Diglett|Protect|p2a: Diglett\n|-singleturn|p2a: Diglett|Protect\n|move|p1a: Lengthy Asf|Dire Claw|p2a: Diglett\n|-activate|p2a: Diglett|move: Protect\n|\n|upkeep\n|turn|25\n|\n|t:|1701122979\n|cant|p1a: Lengthy Asf|ability: Truant\n|move|p2a: Diglett|Earthquake|p1a: Lengthy Asf\n|-damage|p1a: Lengthy Asf|0 fnt\n|faint|p1a: Lengthy Asf\n|\n|upkeep\n|\n|t:|1701122990\n|switch|p1a: Other Wordly God|Giratina, shiny|100\/100\n|-ability|p1a: Other Wordly God|Pressure\n|turn|26\n|\n|t:|1701123006\n|-terastallize|p2a: Diglett|Ground\n|move|p2a: Diglett|Earthquake|p1a: Other Wordly God\n|-damage|p1a: Other Wordly God|13\/100\n|move|p1a: Other Wordly God|Will-O-Wisp|p2a: Diglett\n|-status|p2a: Diglett|brn\n|\n|-heal|p1a: Other Wordly God|19\/100|[from] item: Leftovers\n|-damage|p2a: Diglett|94\/100 brn|[from] brn\n|upkeep\n|turn|27\n|\n|t:|1701123014\n|move|p2a: Diglett|Earthquake|p1a: Other Wordly God\n|-damage|p1a: Other Wordly God|0 fnt\n|faint|p1a: Other Wordly God\n|\n|-damage|p2a: Diglett|88\/100 brn|[from] brn\n|upkeep\n|\n|t:|1701123018\n|switch|p1a: P0rn Influencer|Meowscarada, M, shiny|100\/100\n|turn|28\n|\n|t:|1701123021\n|move|p1a: P0rn Influencer|Flower Trick|p2a: Diglett\n|-start|p1a: P0rn Influencer|typechange|Grass|[from] ability: Protean\n|-supereffective|p2a: Diglett\n|-crit|p2a: Diglett\n|-damage|p2a: Diglett|0 fnt\n|faint|p2a: Diglett\n|-damage|p1a: P0rn Influencer|91\/100|[from] item: Life Orb\n|\n|win|getrektunub\n|raw|getrektunub's rating: 1086 &rarr; <strong>1112<\/strong><br \/>(+26 for winning)\n|raw|TheGalaxyRay's rating: 1066 &rarr; <strong>1047<\/strong><br \/>(-19 for losing)\n|c|\u2606getrektunub|gg\n|c|\u2606TheGalaxyRay|gg\n|c|\u2606TheGalaxyRay|so close\n|c|\u2606getrektunub|ikr\n|c|\u2606getrektunub|you got a good strat\n|c|\u2606TheGalaxyRay|im just testin for a tourney\n|c|\u2606getrektunub|well i believe in you!\n|c|\u2606TheGalaxyRay|thank you :D\n|c|\u2606getrektunub|Npp!\n|c|\u2606TheGalaxyRay|gl with ur battles!\n","uploadtime":1701123069,"views":27,"p1id":"getrektunub","p2id":"thegalaxyray","formatid":"gen9nationaldexubers","rating":1047,"private":0,"password":""}