{"id":"gen9nationaldexubers-1984470235","p1":"C0ld as Ice","p2":"85792195wwww","format":"[Gen 9] National Dex Ubers","log":"|j|\u2606C0ld as Ice\n|j|\u203d85792195wwww\n|t:|1699268865\n|gametype|singles\n|player|p1|C0ld as Ice|schoolkid-gen4dp|1799\n|player|p2|85792195wwww|mira|1873\n|teamsize|p1|6\n|teamsize|p2|6\n|gen|9\n|tier|[Gen 9] National Dex Ubers\n|rated|\n|rule|HP Percentage Mod: HP is shown in percentages\n|rule|Endless Battle Clause: Forcing endless battles is banned\n|rule|OHKO Clause: OHKO moves are banned\n|rule|Evasion Moves Clause: Evasion moves are banned\n|rule|Evasion Items Clause: Evasion items are banned\n|rule|Species Clause: Limit one of each Pok\u00e9mon\n|rule|Sleep Clause Mod: Limit one foe put to sleep\n|rule|Mega Rayquaza Clause: You cannot mega evolve Rayquaza\n|clearpoke\n|poke|p1|Arceus-Water|\n|poke|p1|Necrozma-Dusk-Mane|\n|poke|p1|Zygarde|\n|poke|p1|Groudon, L99|\n|poke|p1|Marshadow|\n|poke|p1|Yveltal|\n|poke|p2|Arceus|\n|poke|p2|Xerneas-*|\n|poke|p2|Groudon|\n|poke|p2|Zacian-*|\n|poke|p2|Samurott-Hisui, F|\n|poke|p2|Rayquaza|\n|teampreview\n|inactive|Battle timer is ON: inactive players will automatically lose when time's up. (requested by C0ld as Ice)\n|\n|t:|1699268884\n|start\n|switch|p1a: Yveltal|Yveltal, shiny|100\/100\n|switch|p2a: Samurott|Samurott-Hisui, F|100\/100\n|-ability|p1a: Yveltal|Dark Aura\n|turn|1\n|\n|t:|1699268892\n|move|p2a: Samurott|Ceaseless Edge|p1a: Yveltal\n|-resisted|p1a: Yveltal\n|-damage|p1a: Yveltal|79\/100\n|-sidestart|p1: C0ld as Ice|Spikes\n|move|p1a: Yveltal|U-turn|p2a: Samurott\n|-supereffective|p2a: Samurott\n|-damage|p2a: Samurott|48\/100\n|\n|t:|1699268900\n|switch|p1a: Marshadow|Marshadow|100\/100|[from] U-turn\n|-damage|p1a: Marshadow|88\/100|[from] Spikes\n|\n|upkeep\n|turn|2\n|\n|t:|1699268906\n|switch|p2a: Rayquaza|Rayquaza|100\/100\n|-ability|p2a: Rayquaza|Air Lock\n|move|p1a: Marshadow|Poltergeist|p2a: Rayquaza\n|-activate|p2a: Rayquaza|move: Poltergeist|Choice Band\n|-damage|p2a: Rayquaza|20\/100\n|\n|upkeep\n|turn|3\n|\n|t:|1699268915\n|switch|p2a: Samurott|Samurott-Hisui, F|48\/100\n|move|p1a: Marshadow|Poltergeist|p2a: Samurott\n|-activate|p2a: Samurott|move: Poltergeist|Focus Sash\n|-resisted|p2a: Samurott\n|-damage|p2a: Samurott|0 fnt\n|faint|p2a: Samurott\n|\n|upkeep\n|\n|t:|1699268927\n|switch|p2a: Zacian|Zacian-Crowned|100\/100\n|-ability|p2a: Zacian|Intrepid Sword|boost\n|-boost|p2a: Zacian|atk|1\n|turn|4\n|inactive|C0ld as Ice has 120 seconds left.\n|\n|t:|1699268958\n|switch|p1a: Zygarde|Zygarde|100\/100\n|-damage|p1a: Zygarde|88\/100|[from] Spikes\n|move|p2a: Zacian|Swords Dance|p2a: Zacian\n|-boost|p2a: Zacian|atk|2\n|\n|-heal|p1a: Zygarde|94\/100|[from] item: Leftovers\n|upkeep\n|turn|5\n|\n|t:|1699268967\n|-terastallize|p1a: Zygarde|Bug\n|move|p2a: Zacian|Behemoth Blade|p1a: Zygarde\n|-damage|p1a: Zygarde|14\/100\n|move|p1a: Zygarde|Glare|p2a: Zacian\n|-status|p2a: Zacian|par\n|\n|-heal|p1a: Zygarde|21\/100|[from] item: Leftovers\n|-activate|p1a: Zygarde|ability: Power Construct\n|detailschange|p1a: Zygarde|Zygarde-Complete, tera:Bug\n|-heal|p1a: Zygarde|48\/100|[silent]\n|upkeep\n|turn|6\n|\n|t:|1699268981\n|move|p1a: Zygarde|Haze|p1a: Zygarde\n|-clearallboost\n|move|p2a: Zacian|Behemoth Blade|p1a: Zygarde\n|-damage|p1a: Zygarde|26\/100\n|\n|-heal|p1a: Zygarde|33\/100|[from] item: Leftovers\n|upkeep\n|turn|7\n|\n|t:|1699268992\n|move|p1a: Zygarde|Thousand Arrows|p2a: Zacian\n|-supereffective|p2a: Zacian\n|-damage|p2a: Zacian|38\/100 par\n|move|p2a: Zacian|Behemoth Blade|p1a: Zygarde\n|-damage|p1a: Zygarde|10\/100\n|\n|-heal|p1a: Zygarde|16\/100|[from] item: Leftovers\n|upkeep\n|turn|8\n|\n|t:|1699269002\n|move|p1a: Zygarde|Rest|p1a: Zygarde\n|-status|p1a: Zygarde|slp|[from] move: Rest\n|-heal|p1a: Zygarde|100\/100 slp|[silent]\n|move|p2a: Zacian|Behemoth Blade|p1a: Zygarde\n|-damage|p1a: Zygarde|78\/100 slp\n|\n|-heal|p1a: Zygarde|84\/100 slp|[from] item: Leftovers\n|upkeep\n|turn|9\n|\n|t:|1699269012\n|switch|p2a: Rayquaza|Rayquaza|20\/100\n|-ability|p2a: Rayquaza|Air Lock\n|cant|p1a: Zygarde|slp\n|\n|-heal|p1a: Zygarde|90\/100 slp|[from] item: Leftovers\n|upkeep\n|turn|10\n|\n|t:|1699269027\n|switch|p1a: Arceus|Arceus-Water, shiny|100\/100\n|-damage|p1a: Arceus|88\/100|[from] Spikes\n|move|p2a: Rayquaza|Dragon Ascent|p1a: Arceus\n|-damage|p1a: Arceus|19\/100\n|-unboost|p2a: Rayquaza|def|1\n|-unboost|p2a: Rayquaza|spd|1\n|\n|upkeep\n|turn|11\n|\n|t:|1699269036\n|move|p1a: Arceus|Judgment|p2a: Rayquaza\n|-resisted|p2a: Rayquaza\n|-damage|p2a: Rayquaza|0 fnt\n|faint|p2a: Rayquaza\n|\n|upkeep\n|\n|t:|1699269049\n|switch|p2a: Arceus|Arceus|100\/100\n|turn|12\n|\n|t:|1699269055\n|move|p2a: Arceus|Extreme Speed|p1a: Arceus\n|-damage|p1a: Arceus|0 fnt\n|faint|p1a: Arceus\n|-damage|p2a: Arceus|91\/100|[from] item: Life Orb\n|\n|upkeep\n|\n|t:|1699269058\n|switch|p1a: Yveltal|Yveltal, shiny|79\/100\n|-ability|p1a: Yveltal|Dark Aura\n|turn|13\n|\n|t:|1699269067\n|move|p2a: Arceus|Extreme Speed|p1a: Yveltal\n|-damage|p1a: Yveltal|45\/100\n|-damage|p2a: Arceus|81\/100|[from] item: Life Orb\n|move|p1a: Yveltal|Defog|p2a: Arceus\n|-unboost|p2a: Arceus|evasion|1\n|-sideend|p1: C0ld as Ice|Spikes|[from] move: Defog|[of] p1a: Yveltal\n|\n|upkeep\n|turn|14\n|\n|t:|1699269079\n|move|p2a: Arceus|Swords Dance|p2a: Arceus\n|-boost|p2a: Arceus|atk|2\n|move|p1a: Yveltal|Roost|p1a: Yveltal\n|-heal|p1a: Yveltal|95\/100\n|-singleturn|p1a: Yveltal|move: Roost\n|\n|upkeep\n|turn|15\n|\n|t:|1699269088\n|move|p2a: Arceus|Extreme Speed|p1a: Yveltal\n|-damage|p1a: Yveltal|24\/100\n|-damage|p2a: Arceus|71\/100|[from] item: Life Orb\n|move|p1a: Yveltal|Foul Play|p2a: Arceus\n|-damage|p2a: Arceus|0 fnt\n|faint|p2a: Arceus\n|\n|upkeep\n|\n|t:|1699269107\n|switch|p2a: Groudon|Groudon|100\/100\n|detailschange|p2a: Groudon|Groudon-Primal\n|-primal|p2a: Groudon|Red Orb\n|-weather|DesolateLand|[from] ability: Desolate Land|[of] p2a: Groudon\n|turn|16\n|\n|t:|1699269114\n|switch|p1a: Zygarde|Zygarde-Complete, tera:Bug|90\/100 slp\n|move|p2a: Groudon|Heat Crash|p1a: Zygarde\n|-supereffective|p1a: Zygarde\n|-damage|p1a: Zygarde|61\/100 slp\n|\n|-weather|DesolateLand|[upkeep]\n|-heal|p1a: Zygarde|68\/100 slp|[from] item: Leftovers\n|upkeep\n|turn|17\n|\n|t:|1699269125\n|-weather|none\n|switch|p2a: Xerneas|Xerneas|100\/100\n|-ability|p2a: Xerneas|Fairy Aura\n|cant|p1a: Zygarde|slp\n|\n|-heal|p1a: Zygarde|74\/100 slp|[from] item: Leftovers\n|upkeep\n|turn|18\n|\n|t:|1699269138\n|switch|p1a: Necrozma|Necrozma-Dusk-Mane, shiny|100\/100\n|move|p2a: Xerneas|Moonblast|p1a: Necrozma\n|-resisted|p1a: Necrozma\n|-damage|p1a: Necrozma|79\/100\n|-unboost|p1a: Necrozma|spa|1\n|\n|upkeep\n|turn|19\n|\n|t:|1699269147\n|switch|p2a: Zacian|Zacian-Crowned|38\/100 par\n|move|p1a: Necrozma|Moonlight|p1a: Necrozma\n|-heal|p1a: Necrozma|100\/100\n|\n|upkeep\n|turn|20\n|\n|t:|1699269168\n|move|p1a: Necrozma|Dragon Dance|p1a: Necrozma\n|-boost|p1a: Necrozma|atk|1\n|-boost|p1a: Necrozma|spe|1\n|move|p2a: Zacian|Close Combat|p1a: Necrozma\n|-damage|p1a: Necrozma|66\/100\n|-unboost|p2a: Zacian|def|1\n|-unboost|p2a: Zacian|spd|1\n|\n|upkeep\n|turn|21\n|\n|t:|1699269177\n|switch|p2a: Groudon|Groudon-Primal|100\/100\n|-weather|DesolateLand|[from] ability: Desolate Land|[of] p2a: Groudon\n|move|p1a: Necrozma|Dragon Dance|p1a: Necrozma\n|-boost|p1a: Necrozma|atk|1\n|-boost|p1a: Necrozma|spe|1\n|\n|-weather|DesolateLand|[upkeep]\n|upkeep\n|turn|22\n|\n|t:|1699269203\n|switch|p1a: Zygarde|Zygarde-Complete, tera:Bug|74\/100 slp\n|move|p2a: Groudon|Precipice Blades|p1a: Zygarde\n|-resisted|p1a: Zygarde\n|-damage|p1a: Zygarde|59\/100 slp\n|\n|-weather|DesolateLand|[upkeep]\n|-heal|p1a: Zygarde|65\/100 slp|[from] item: Leftovers\n|upkeep\n|turn|23\n|\n|t:|1699269212\n|move|p2a: Groudon|Heat Crash|p1a: Zygarde\n|-supereffective|p1a: Zygarde\n|-damage|p1a: Zygarde|34\/100 slp\n|-curestatus|p1a: Zygarde|slp|[msg]\n|move|p1a: Zygarde|Glare|p2a: Groudon\n|-status|p2a: Groudon|par\n|\n|-weather|DesolateLand|[upkeep]\n|-heal|p1a: Zygarde|40\/100|[from] item: Leftovers\n|upkeep\n|turn|24\n|\n|t:|1699269232\n|move|p1a: Zygarde|Thousand Arrows|p2a: Groudon\n|-supereffective|p2a: Groudon\n|-damage|p2a: Groudon|60\/100 par\n|cant|p2a: Groudon|par\n|\n|-weather|DesolateLand|[upkeep]\n|-heal|p1a: Zygarde|47\/100|[from] item: Leftovers\n|upkeep\n|turn|25\n|\n|t:|1699269241\n|move|p1a: Zygarde|Thousand Arrows|p2a: Groudon\n|-supereffective|p2a: Groudon\n|-damage|p2a: Groudon|24\/100 par\n|move|p2a: Groudon|Heat Crash|p1a: Zygarde\n|-supereffective|p1a: Zygarde\n|-damage|p1a: Zygarde|16\/100\n|\n|-weather|DesolateLand|[upkeep]\n|-heal|p1a: Zygarde|22\/100|[from] item: Leftovers\n|upkeep\n|turn|26\n|\n|t:|1699269255\n|move|p1a: Zygarde|Thousand Arrows|p2a: Groudon\n|-supereffective|p2a: Groudon\n|-damage|p2a: Groudon|0 fnt\n|faint|p2a: Groudon\n|-weather|none\n|\n|-heal|p1a: Zygarde|28\/100|[from] item: Leftovers\n|upkeep\n|\n|t:|1699269265\n|switch|p2a: Xerneas|Xerneas|100\/100\n|-ability|p2a: Xerneas|Fairy Aura\n|turn|27\n|\n|t:|1699269276\n|move|p2a: Xerneas|Moonblast|p1a: Zygarde\n|-damage|p1a: Zygarde|0 fnt\n|faint|p1a: Zygarde\n|\n|upkeep\n|\n|t:|1699269285\n|switch|p1a: Necrozma|Necrozma-Dusk-Mane, shiny|66\/100\n|turn|28\n|\n|t:|1699269289\n|-terastallize|p2a: Xerneas|Ground\n|move|p2a: Xerneas|Geomancy||[still]\n|-prepare|p2a: Xerneas|Geomancy\n|-enditem|p2a: Xerneas|Power Herb\n|-anim|p2a: Xerneas|Geomancy|p2a: Xerneas\n|-boost|p2a: Xerneas|spa|2\n|-boost|p2a: Xerneas|spd|2\n|-boost|p2a: Xerneas|spe|2\n|move|p1a: Necrozma|Moonlight|p1a: Necrozma\n|-heal|p1a: Necrozma|100\/100\n|\n|upkeep\n|turn|29\n|\n|t:|1699269300\n|move|p2a: Xerneas|Hidden Power|p1a: Necrozma\n|-supereffective|p1a: Necrozma\n|-damage|p1a: Necrozma|35\/100\n|-zpower|p1a: Necrozma\n|move|p1a: Necrozma|Searing Sunraze Smash|p2a: Xerneas|[zeffect]\n|-damage|p2a: Xerneas|27\/100\n|\n|upkeep\n|turn|30\n|\n|t:|1699269312\n|move|p2a: Xerneas|Moonblast|p1a: Necrozma\n|-resisted|p1a: Necrozma\n|-damage|p1a: Necrozma|0 fnt\n|faint|p1a: Necrozma\n|\n|upkeep\n|\n|t:|1699269315\n|switch|p1a: Marshadow|Marshadow|88\/100\n|turn|31\n|\n|t:|1699269320\n|move|p1a: Marshadow|Shadow Sneak|p2a: Xerneas\n|-damage|p2a: Xerneas|0 fnt\n|faint|p2a: Xerneas\n|\n|upkeep\n|-message|85792195wwww forfeited.\n|\n|win|C0ld as Ice\n|raw|C0ld as Ice's rating: 1810 &rarr; <strong>1834<\/strong><br \/>(+24 for winning)\n|raw|85792195wwww's rating: 1873 &rarr; <strong>1849<\/strong><br \/>(-24 for losing)\n|l|\u203d85792195wwww\n|l|\u2606C0ld as Ice\n","uploadtime":1699269345,"views":6,"p1id":"c0ldasice","p2id":"85792195wwww","formatid":"gen9nationaldexubers","rating":1834,"private":0,"password":""}