{"id":"gen9nationaldexubers-1996630838","p1":"pikakip379","p2":"flatziswashed \u269d\u5f61","format":"[Gen 9] National Dex Ubers","log":"|j|\u2606pikakip379\n|j|\u2606flatziswashed \u269d\u5f61\n|t:|1700702787\n|gametype|singles\n|player|p1|pikakip379|ninjaboy-gen3|\n|player|p2|flatziswashed \u269d\u5f61|psychic-gen2|\n|teamsize|p1|6\n|teamsize|p2|6\n|gen|9\n|tier|[Gen 9] National Dex Ubers\n|rule|HP Percentage Mod: HP is shown in percentages\n|rule|Endless Battle Clause: Forcing endless battles is banned\n|rule|OHKO Clause: OHKO moves are banned\n|rule|Evasion Moves Clause: Evasion moves are banned\n|rule|Evasion Items Clause: Evasion items are banned\n|rule|Species Clause: Limit one of each Pok\u00e9mon\n|rule|Sleep Clause Mod: Limit one foe put to sleep\n|rule|Mega Rayquaza Clause: You cannot mega evolve Rayquaza\n|clearpoke\n|poke|p1|Blaziken, M|\n|poke|p1|Giratina-Origin|\n|poke|p1|Chansey, F|\n|poke|p1|Groudon|\n|poke|p1|Eternatus|\n|poke|p1|Necrozma-Dusk-Mane|\n|poke|p2|Yveltal|\n|poke|p2|Lucario, M|\n|poke|p2|Dragapult, F|\n|poke|p2|Ho-Oh|\n|poke|p2|Groudon|\n|poke|p2|Arceus-Ground|\n|teampreview\n|inactive|Battle timer is ON: inactive players will automatically lose when time's up. (requested by flatziswashed \u269d\u5f61)\n|\n|t:|1700702803\n|start\n|switch|p1a: Why you lion|Necrozma-Dusk-Mane|100\/100\n|switch|p2a: Dartstorm|Dragapult, F|100\/100\n|turn|1\n|\n|t:|1700702821\n|move|p2a: Dartstorm|Reflect|p2a: Dartstorm\n|-sidestart|p2: flatziswashed \u269d\u5f61|Reflect\n|move|p1a: Why you lion|Stealth Rock|p2a: Dartstorm\n|-sidestart|p2: flatziswashed \u269d\u5f61|move: Stealth Rock\n|\n|upkeep\n|turn|2\n|\n|t:|1700702835\n|move|p2a: Dartstorm|Curse|p1a: Why you lion\n|-start|p1a: Why you lion|Curse|[of] p2a: Dartstorm\n|-damage|p2a: Dartstorm|50\/100\n|move|p1a: Why you lion|Toxic|p2a: Dartstorm\n|-status|p2a: Dartstorm|tox\n|\n|-damage|p2a: Dartstorm|44\/100 tox|[from] psn\n|-damage|p1a: Why you lion|76\/100|[from] Curse\n|upkeep\n|turn|3\n|\n|t:|1700702840\n|switch|p2a: Koraidon at home|Lucario, M, shiny|100\/100\n|-damage|p2a: Koraidon at home|98\/100|[from] Stealth Rock\n|switch|p1a: Joy|Chansey, F|100\/100\n|\n|upkeep\n|turn|4\n|\n|t:|1700702852\n|switch|p1a: Rend the Earth|Groudon, shiny|100\/100\n|detailschange|p1a: Rend the Earth|Groudon-Primal, shiny\n|-primal|p1a: Rend the Earth|Red Orb\n|-weather|DesolateLand|[from] ability: Desolate Land|[of] p1a: Rend the Earth\n|detailschange|p2a: Koraidon at home|Lucario-Mega, M, shiny\n|-mega|p2a: Koraidon at home|Lucario|Lucarionite\n|move|p2a: Koraidon at home|Swords Dance|p2a: Koraidon at home\n|-boost|p2a: Koraidon at home|atk|2\n|\n|-weather|DesolateLand|[upkeep]\n|upkeep\n|turn|5\n|\n|t:|1700702859\n|move|p2a: Koraidon at home|Close Combat|p1a: Rend the Earth\n|-damage|p1a: Rend the Earth|16\/100\n|-unboost|p2a: Koraidon at home|def|1\n|-unboost|p2a: Koraidon at home|spd|1\n|move|p1a: Rend the Earth|Lava Plume|p2a: Koraidon at home\n|-supereffective|p2a: Koraidon at home\n|-damage|p2a: Koraidon at home|0 fnt\n|faint|p2a: Koraidon at home\n|\n|-weather|DesolateLand|[upkeep]\n|upkeep\n|\n|t:|1700702867\n|switch|p2a: Rend my ween lul|Arceus-Ground, shiny|100\/100\n|-damage|p2a: Rend my ween lul|94\/100|[from] Stealth Rock\n|turn|6\n|inactive|pikakip379 has 270 seconds left.\n|inactive|pikakip379 has 240 seconds left.\n|\n|t:|1700702945\n|-weather|none\n|switch|p1a: It's me The Devil|Giratina-Origin|100\/100\n|move|p2a: Rend my ween lul|Calm Mind|p2a: Rend my ween lul\n|-boost|p2a: Rend my ween lul|spa|1\n|-boost|p2a: Rend my ween lul|spd|1\n|\n|upkeep\n|turn|7\n|inactive|pikakip379 has 210 seconds left.\n|inactive|pikakip379 has 180 seconds left.\n|\n|t:|1700703003\n|move|p2a: Rend my ween lul|Calm Mind|p2a: Rend my ween lul\n|-boost|p2a: Rend my ween lul|spa|1\n|-boost|p2a: Rend my ween lul|spd|1\n|move|p1a: It's me The Devil|Draco Meteor|p2a: Rend my ween lul\n|-damage|p2a: Rend my ween lul|68\/100\n|-unboost|p1a: It's me The Devil|spa|2\n|\n|upkeep\n|turn|8\n|\n|t:|1700703009\n|switch|p1a: Joy|Chansey, F|100\/100\n|move|p2a: Rend my ween lul|Calm Mind|p2a: Rend my ween lul\n|-boost|p2a: Rend my ween lul|spa|1\n|-boost|p2a: Rend my ween lul|spd|1\n|\n|-sideend|p2: flatziswashed \u269d\u5f61|Reflect\n|upkeep\n|turn|9\n|\n|t:|1700703011\n|move|p2a: Rend my ween lul|Judgment|p1a: Joy\n|-damage|p1a: Joy|69\/100\n|move|p1a: Joy|Confide|p2a: Rend my ween lul\n|-unboost|p2a: Rend my ween lul|spa|1\n|\n|upkeep\n|turn|10\n|\n|t:|1700703016\n|switch|p2a: Prince of Darkness|Yveltal|100\/100\n|-ability|p2a: Prince of Darkness|Dark Aura\n|move|p1a: Joy|Toxic|p2a: Prince of Darkness|[miss]\n|-miss|p1a: Joy|p2a: Prince of Darkness\n|\n|upkeep\n|turn|11\n|\n|t:|1700703026\n|switch|p1a: El Perro|Eternatus|100\/100\n|-ability|p1a: El Perro|Pressure\n|-item|p1a: El Perro|Air Balloon\n|-terastallize|p2a: Prince of Darkness|Dark\n|move|p2a: Prince of Darkness|Knock Off|p1a: El Perro\n|-damage|p1a: El Perro|33\/100\n|-enditem|p1a: El Perro|Air Balloon\n|\n|upkeep\n|turn|12\n|\n|t:|1700703036\n|-terastallize|p1a: El Perro|Fairy\n|move|p1a: El Perro|Recover|p1a: El Perro\n|-heal|p1a: El Perro|83\/100\n|move|p2a: Prince of Darkness|Knock Off|p1a: El Perro\n|-resisted|p1a: El Perro\n|-damage|p1a: El Perro|60\/100\n|\n|upkeep\n|turn|13\n|\n|t:|1700703044\n|switch|p2a: The Biggest Bird|Ho-Oh|100\/100\n|-ability|p2a: The Biggest Bird|Pressure\n|move|p1a: El Perro|Sludge Bomb|p2a: The Biggest Bird\n|-damage|p2a: The Biggest Bird|80\/100\n|-status|p2a: The Biggest Bird|psn\n|\n|-damage|p2a: The Biggest Bird|68\/100 psn|[from] psn\n|upkeep\n|turn|14\n|\n|t:|1700703050\n|move|p1a: El Perro|Sludge Bomb|p2a: The Biggest Bird\n|-damage|p2a: The Biggest Bird|48\/100 psn\n|move|p2a: The Biggest Bird|Toxic|p1a: El Perro\n|-status|p1a: El Perro|tox\n|\n|-damage|p1a: El Perro|54\/100 tox|[from] psn\n|-damage|p2a: The Biggest Bird|36\/100 psn|[from] psn\n|upkeep\n|turn|15\n|\n|t:|1700703054\n|move|p1a: El Perro|Recover|p1a: El Perro\n|-heal|p1a: El Perro|100\/100 tox\n|move|p2a: The Biggest Bird|Roost|p2a: The Biggest Bird\n|-heal|p2a: The Biggest Bird|86\/100 psn\n|-singleturn|p2a: The Biggest Bird|move: Roost\n|\n|-damage|p1a: El Perro|88\/100 tox|[from] psn\n|-damage|p2a: The Biggest Bird|74\/100 psn|[from] psn\n|upkeep\n|turn|16\n|inactive|pikakip379 has 240 seconds left.\n|\n|t:|1700703084\n|move|p1a: El Perro|Sludge Bomb|p2a: The Biggest Bird\n|-damage|p2a: The Biggest Bird|56\/100 psn\n|move|p2a: The Biggest Bird|Toxic|p1a: El Perro\n|-fail|p1a: El Perro|tox\n|\n|-damage|p1a: El Perro|69\/100 tox|[from] psn\n|-damage|p2a: The Biggest Bird|44\/100 psn|[from] psn\n|upkeep\n|turn|17\n|inactive|pikakip379 has 210 seconds left.\n|\n|t:|1700703100\n|move|p1a: El Perro|Toxic Spikes|p2a: The Biggest Bird\n|-sidestart|p2: flatziswashed \u269d\u5f61|move: Toxic Spikes\n|move|p2a: The Biggest Bird|Toxic|p1a: El Perro\n|-fail|p1a: El Perro|tox\n|\n|-damage|p1a: El Perro|45\/100 tox|[from] psn\n|-damage|p2a: The Biggest Bird|32\/100 psn|[from] psn\n|upkeep\n|turn|18\n|\n|t:|1700703105\n|switch|p1a: Torchy|Blaziken, M|100\/100\n|move|p2a: The Biggest Bird|Roost|p2a: The Biggest Bird\n|-heal|p2a: The Biggest Bird|82\/100 psn\n|-singleturn|p2a: The Biggest Bird|move: Roost\n|\n|-damage|p2a: The Biggest Bird|69\/100 psn|[from] psn\n|upkeep\n|turn|19\n|\n|t:|1700703110\n|detailschange|p1a: Torchy|Blaziken-Mega, M\n|-mega|p1a: Torchy|Blaziken|Blazikenite\n|move|p1a: Torchy|Rock Slide|p2a: The Biggest Bird|[miss]\n|-miss|p1a: Torchy|p2a: The Biggest Bird\n|move|p2a: The Biggest Bird|Defog|p1a: Torchy\n|-unboost|p1a: Torchy|evasion|1\n|-sideend|p2: flatziswashed \u269d\u5f61|Toxic Spikes|[from] move: Defog|[of] p2a: The Biggest Bird\n|-sideend|p2: flatziswashed \u269d\u5f61|Stealth Rock|[from] move: Defog|[of] p2a: The Biggest Bird\n|\n|-damage|p2a: The Biggest Bird|57\/100 psn|[from] psn\n|-ability|p1a: Torchy|Speed Boost|boost\n|-boost|p1a: Torchy|spe|1\n|upkeep\n|turn|20\n|\n|t:|1700703119\n|switch|p2a: ME CRUN|Groudon, shiny|100\/100\n|detailschange|p2a: ME CRUN|Groudon-Primal, shiny\n|-primal|p2a: ME CRUN|Red Orb\n|-weather|DesolateLand|[from] ability: Desolate Land|[of] p2a: ME CRUN\n|move|p1a: Torchy|Rock Slide|p2a: ME CRUN\n|-damage|p2a: ME CRUN|86\/100\n|\n|-weather|DesolateLand|[upkeep]\n|-ability|p1a: Torchy|Speed Boost|boost\n|-boost|p1a: Torchy|spe|1\n|upkeep\n|turn|21\n|\n|t:|1700703127\n|switch|p1a: It's me The Devil|Giratina-Origin|100\/100\n|move|p2a: ME CRUN|Stealth Rock|p1a: It's me The Devil\n|-sidestart|p1: pikakip379|move: Stealth Rock\n|\n|-weather|DesolateLand|[upkeep]\n|upkeep\n|turn|22\n|\n|t:|1700703137\n|-weather|none\n|switch|p2a: Prince of Darkness|Yveltal, tera:Dark|100\/100\n|-ability|p2a: Prince of Darkness|Dark Aura\n|move|p1a: It's me The Devil|Defog|p2a: Prince of Darkness\n|-unboost|p2a: Prince of Darkness|evasion|1\n|-sideend|p1: pikakip379|Stealth Rock|[from] move: Defog|[of] p1a: It's me The Devil\n|\n|upkeep\n|turn|23\n|\n|t:|1700703144\n|switch|p1a: El Perro|Eternatus, tera:Fairy|45\/100 tox\n|-ability|p1a: El Perro|Pressure\n|move|p2a: Prince of Darkness|Taunt|p1a: El Perro\n|-start|p1a: El Perro|move: Taunt\n|\n|-damage|p1a: El Perro|38\/100 tox|[from] psn\n|upkeep\n|turn|24\n|\n|t:|1700703152\n|switch|p2a: Dartstorm|Dragapult, F|44\/100 tox\n|move|p1a: El Perro|Sludge Bomb|p2a: Dartstorm\n|-resisted|p2a: Dartstorm\n|-damage|p2a: Dartstorm|19\/100 tox\n|\n|-damage|p2a: Dartstorm|13\/100 tox|[from] psn\n|-damage|p1a: El Perro|26\/100 tox|[from] psn\n|upkeep\n|turn|25\n|\n|t:|1700703160\n|switch|p1a: Joy|Chansey, F|69\/100\n|move|p2a: Dartstorm|Reflect|p2a: Dartstorm\n|-sidestart|p2: flatziswashed \u269d\u5f61|Reflect\n|\n|-damage|p2a: Dartstorm|0 fnt|[from] psn\n|faint|p2a: Dartstorm\n|upkeep\n|\n|t:|1700703165\n|switch|p2a: Prince of Darkness|Yveltal, tera:Dark|100\/100\n|-ability|p2a: Prince of Darkness|Dark Aura\n|turn|26\n|inactive|pikakip379 has 270 seconds left.\n|\n|t:|1700703173\n|switch|p1a: Rend the Earth|Groudon-Primal, shiny|16\/100\n|-weather|DesolateLand|[from] ability: Desolate Land|[of] p1a: Rend the Earth\n|move|p2a: Prince of Darkness|Taunt|p1a: Rend the Earth\n|-start|p1a: Rend the Earth|move: Taunt\n|\n|-weather|DesolateLand|[upkeep]\n|upkeep\n|turn|27\n|\n|t:|1700703177\n|move|p2a: Prince of Darkness|Knock Off|p1a: Rend the Earth\n|-damage|p1a: Rend the Earth|0 fnt\n|faint|p1a: Rend the Earth\n|-weather|none\n|\n|upkeep\n|\n|t:|1700703180\n|switch|p1a: El Perro|Eternatus, tera:Fairy|26\/100 tox\n|-ability|p1a: El Perro|Pressure\n|turn|28\n|\n|t:|1700703183\n|move|p1a: El Perro|Recover|p1a: El Perro\n|-heal|p1a: El Perro|76\/100 tox\n|move|p2a: Prince of Darkness|Taunt|p1a: El Perro\n|-start|p1a: El Perro|move: Taunt\n|\n|-damage|p1a: El Perro|70\/100 tox|[from] psn\n|upkeep\n|turn|29\n|\n|t:|1700703186\n|move|p1a: El Perro|Sludge Bomb|p2a: Prince of Darkness\n|-damage|p2a: Prince of Darkness|67\/100\n|move|p2a: Prince of Darkness|Knock Off|p1a: El Perro\n|-resisted|p1a: El Perro\n|-damage|p1a: El Perro|45\/100 tox\n|\n|-damage|p1a: El Perro|32\/100 tox|[from] psn\n|upkeep\n|turn|30\n|\n|t:|1700703191\n|move|p1a: El Perro|Sludge Bomb|p2a: Prince of Darkness\n|-damage|p2a: Prince of Darkness|33\/100\n|move|p2a: Prince of Darkness|Knock Off|p1a: El Perro\n|-resisted|p1a: El Perro\n|-damage|p1a: El Perro|6\/100 tox\n|\n|-damage|p1a: El Perro|0 fnt|[from] psn\n|faint|p1a: El Perro\n|upkeep\n|\n|t:|1700703199\n|switch|p1a: Torchy|Blaziken-Mega, M|100\/100\n|turn|31\n|\n|t:|1700703203\n|switch|p2a: ME CRUN|Groudon-Primal, shiny|86\/100\n|-weather|DesolateLand|[from] ability: Desolate Land|[of] p2a: ME CRUN\n|move|p1a: Torchy|Low Kick|p2a: ME CRUN\n|-damage|p2a: ME CRUN|70\/100\n|\n|-weather|DesolateLand|[upkeep]\n|-ability|p1a: Torchy|Speed Boost|boost\n|-boost|p1a: Torchy|spe|1\n|upkeep\n|turn|32\n|\n|t:|1700703216\n|switch|p1a: It's me The Devil|Giratina-Origin|100\/100\n|-weather|none\n|switch|p2a: The Biggest Bird|Ho-Oh|57\/100 psn\n|-ability|p2a: The Biggest Bird|Pressure\n|\n|-damage|p2a: The Biggest Bird|45\/100 psn|[from] psn\n|-sideend|p2: flatziswashed \u269d\u5f61|Reflect\n|upkeep\n|turn|33\n|\n|t:|1700703220\n|move|p2a: The Biggest Bird|Roost|p2a: The Biggest Bird\n|-heal|p2a: The Biggest Bird|95\/100 psn\n|-singleturn|p2a: The Biggest Bird|move: Roost\n|move|p1a: It's me The Devil|Hex|p2a: The Biggest Bird\n|-damage|p2a: The Biggest Bird|62\/100 psn\n|\n|-damage|p2a: The Biggest Bird|49\/100 psn|[from] psn\n|upkeep\n|turn|34\n|\n|t:|1700703228\n|move|p1a: It's me The Devil|Hex|p2a: The Biggest Bird\n|-damage|p2a: The Biggest Bird|14\/100 psn\n|move|p2a: The Biggest Bird|Toxic|p1a: It's me The Devil|[miss]\n|-miss|p2a: The Biggest Bird|p1a: It's me The Devil\n|\n|-damage|p2a: The Biggest Bird|1\/100 psn|[from] psn\n|upkeep\n|turn|35\n|\n|t:|1700703234\n|switch|p1a: Why you lion|Necrozma-Dusk-Mane|76\/100\n|move|p2a: The Biggest Bird|Toxic|p1a: Why you lion\n|-immune|p1a: Why you lion\n|\n|-damage|p2a: The Biggest Bird|0 fnt|[from] psn\n|faint|p2a: The Biggest Bird\n|upkeep\n|\n|t:|1700703237\n|switch|p2a: Prince of Darkness|Yveltal, tera:Dark|33\/100\n|-ability|p2a: Prince of Darkness|Dark Aura\n|turn|36\n|\n|t:|1700703248\n|move|p2a: Prince of Darkness|Knock Off|p1a: Why you lion\n|-supereffective|p1a: Why you lion\n|-damage|p1a: Why you lion|11\/100\n|move|p1a: Why you lion|Sunsteel Strike|p2a: Prince of Darkness\n|-crit|p2a: Prince of Darkness\n|-damage|p2a: Prince of Darkness|0 fnt\n|faint|p2a: Prince of Darkness\n|\n|upkeep\n|\n|t:|1700703254\n|switch|p2a: Rend my ween lul|Arceus-Ground, shiny|68\/100\n|turn|37\n|\n|t:|1700703259\n|switch|p2a: ME CRUN|Groudon-Primal, shiny|70\/100\n|-weather|DesolateLand|[from] ability: Desolate Land|[of] p2a: ME CRUN\n|-zpower|p1a: Why you lion\n|move|p1a: Why you lion|Searing Sunraze Smash|p2a: ME CRUN|[zeffect]\n|-resisted|p2a: ME CRUN\n|-damage|p2a: ME CRUN|46\/100\n|\n|-weather|DesolateLand|[upkeep]\n|upkeep\n|turn|38\n|\n|t:|1700703263\n|move|p2a: ME CRUN|Lava Plume|p1a: Why you lion\n|-supereffective|p1a: Why you lion\n|-damage|p1a: Why you lion|0 fnt\n|faint|p1a: Why you lion\n|\n|-weather|DesolateLand|[upkeep]\n|upkeep\n|\n|t:|1700703266\n|switch|p1a: It's me The Devil|Giratina-Origin|100\/100\n|turn|39\n|\n|t:|1700703271\n|-weather|none\n|switch|p2a: Rend my ween lul|Arceus-Ground, shiny|68\/100\n|move|p1a: It's me The Devil|Draco Meteor|p2a: Rend my ween lul\n|-damage|p2a: Rend my ween lul|12\/100\n|-unboost|p1a: It's me The Devil|spa|2\n|\n|upkeep\n|turn|40\n|\n|t:|1700703281\n|switch|p1a: Torchy|Blaziken-Mega, M|100\/100\n|move|p2a: Rend my ween lul|Recover|p2a: Rend my ween lul\n|-heal|p2a: Rend my ween lul|62\/100\n|\n|upkeep\n|turn|41\n|\n|t:|1700703300\n|switch|p1a: Joy|Chansey, F|69\/100\n|move|p2a: Rend my ween lul|Judgment|p1a: Joy\n|-damage|p1a: Joy|55\/100\n|\n|upkeep\n|turn|42\n|\n|t:|1700703309\n|move|p2a: Rend my ween lul|Judgment|p1a: Joy\n|-damage|p1a: Joy|42\/100\n|move|p1a: Joy|Toxic|p2a: Rend my ween lul|[miss]\n|-miss|p1a: Joy|p2a: Rend my ween lul\n|\n|upkeep\n|turn|43\n|\n|t:|1700703312\n|move|p2a: Rend my ween lul|Judgment|p1a: Joy\n|-damage|p1a: Joy|30\/100\n|move|p1a: Joy|Soft-Boiled|p1a: Joy\n|-heal|p1a: Joy|80\/100\n|\n|upkeep\n|turn|44\n|\n|t:|1700703316\n|switch|p2a: ME CRUN|Groudon-Primal, shiny|46\/100\n|-weather|DesolateLand|[from] ability: Desolate Land|[of] p2a: ME CRUN\n|move|p1a: Joy|Toxic|p2a: ME CRUN\n|-status|p2a: ME CRUN|tox\n|\n|-weather|DesolateLand|[upkeep]\n|-damage|p2a: ME CRUN|40\/100 tox|[from] psn\n|upkeep\n|turn|45\n|\n|t:|1700703320\n|switch|p1a: It's me The Devil|Giratina-Origin|100\/100\n|move|p2a: ME CRUN|Lava Plume|p1a: It's me The Devil\n|-resisted|p1a: It's me The Devil\n|-damage|p1a: It's me The Devil|80\/100\n|\n|-weather|DesolateLand|[upkeep]\n|-damage|p2a: ME CRUN|28\/100 tox|[from] psn\n|upkeep\n|turn|46\n|\n|t:|1700703324\n|-weather|none\n|switch|p2a: Rend my ween lul|Arceus-Ground, shiny|62\/100\n|move|p1a: It's me The Devil|Hex|p2a: Rend my ween lul\n|-damage|p2a: Rend my ween lul|33\/100\n|\n|upkeep\n|turn|47\n|\n|t:|1700703328\n|move|p2a: Rend my ween lul|Recover|p2a: Rend my ween lul\n|-heal|p2a: Rend my ween lul|83\/100\n|move|p1a: It's me The Devil|Draco Meteor|p2a: Rend my ween lul\n|-damage|p2a: Rend my ween lul|28\/100\n|-unboost|p1a: It's me The Devil|spa|2\n|\n|upkeep\n|turn|48\n|\n|t:|1700703331\n|switch|p2a: ME CRUN|Groudon-Primal, shiny|28\/100 tox\n|-weather|DesolateLand|[from] ability: Desolate Land|[of] p2a: ME CRUN\n|switch|p1a: Joy|Chansey, F|80\/100\n|\n|-weather|DesolateLand|[upkeep]\n|-damage|p2a: ME CRUN|22\/100 tox|[from] psn\n|upkeep\n|turn|49\n|\n|t:|1700703338\n|-weather|none\n|switch|p2a: Rend my ween lul|Arceus-Ground, shiny|28\/100\n|switch|p1a: It's me The Devil|Giratina-Origin|80\/100\n|\n|upkeep\n|turn|50\n|\n|t:|1700703345\n|switch|p1a: Joy|Chansey, F|80\/100\n|move|p2a: Rend my ween lul|Recover|p2a: Rend my ween lul\n|-heal|p2a: Rend my ween lul|78\/100\n|\n|upkeep\n|turn|51\n|\n|t:|1700703350\n|switch|p2a: ME CRUN|Groudon-Primal, shiny|22\/100 tox\n|-weather|DesolateLand|[from] ability: Desolate Land|[of] p2a: ME CRUN\n|switch|p1a: It's me The Devil|Giratina-Origin|80\/100\n|\n|-weather|DesolateLand|[upkeep]\n|-damage|p2a: ME CRUN|15\/100 tox|[from] psn\n|upkeep\n|turn|52\n|\n|t:|1700703355\n|-weather|none\n|switch|p2a: Rend my ween lul|Arceus-Ground, shiny|78\/100\n|move|p1a: It's me The Devil|Draco Meteor|p2a: Rend my ween lul\n|-damage|p2a: Rend my ween lul|20\/100\n|-unboost|p1a: It's me The Devil|spa|2\n|\n|upkeep\n|turn|53\n|\n|t:|1700703361\n|switch|p1a: Joy|Chansey, F|80\/100\n|move|p2a: Rend my ween lul|Recover|p2a: Rend my ween lul\n|-heal|p2a: Rend my ween lul|70\/100\n|\n|upkeep\n|turn|54\n|\n|t:|1700703366\n|move|p2a: Rend my ween lul|Power Gem|p1a: Joy\n|-damage|p1a: Joy|73\/100\n|move|p1a: Joy|Toxic|p2a: Rend my ween lul\n|-status|p2a: Rend my ween lul|tox\n|\n|-damage|p2a: Rend my ween lul|64\/100 tox|[from] psn\n|upkeep\n|turn|55\n|-message|flatziswashed \u269d\u5f61 forfeited.\n|\n|win|pikakip379\n|l|\u2606flatziswashed \u269d\u5f61\n","uploadtime":1700703375,"views":8,"p1id":"pikakip379","p2id":"flatziswashed","formatid":"gen9nationaldexubers","rating":0,"private":0,"password":""}