{"id":"gen9nationaldexubers-1985380241","p1":"Dashu16","p2":"Mateus targaryen","format":"[Gen 9] National Dex Ubers","log":"|j|\u2606Dashu16\n|j|\u2606Mateus targaryen\n|t:|1699369821\n|gametype|singles\n|player|p1|Dashu16|red|1377\n|player|p2|Mateus targaryen|winona|1506\n|teamsize|p1|6\n|teamsize|p2|6\n|gen|9\n|tier|[Gen 9] National Dex Ubers\n|rated|\n|rule|HP Percentage Mod: HP is shown in percentages\n|rule|Endless Battle Clause: Forcing endless battles is banned\n|rule|OHKO Clause: OHKO moves are banned\n|rule|Evasion Moves Clause: Evasion moves are banned\n|rule|Evasion Items Clause: Evasion items are banned\n|rule|Species Clause: Limit one of each Pok\u00e9mon\n|rule|Sleep Clause Mod: Limit one foe put to sleep\n|rule|Mega Rayquaza Clause: You cannot mega evolve Rayquaza\n|clearpoke\n|poke|p1|Darkrai|\n|poke|p1|Xerneas-*|\n|poke|p1|Zygarde|\n|poke|p1|Aron, L1, F|\n|poke|p1|Ditto|\n|poke|p1|Marshadow|\n|poke|p2|Kyogre|\n|poke|p2|Necrozma-Dusk-Mane|\n|poke|p2|Yveltal|\n|poke|p2|Diancie|\n|poke|p2|Darmanitan-Galar, F|\n|poke|p2|Zacian-*|\n|teampreview\n|inactive|Battle timer is ON: inactive players will automatically lose when time's up. (requested by Mateus targaryen)\n|\n|t:|1699369847\n|start\n|switch|p1a: Ser\u00e9 sincero Baki|Ditto, shiny|100\/100\n|switch|p2a: Fadinha da foda|Diancie, shiny|100\/100\n|-transform|p1a: Ser\u00e9 sincero Baki|p2a: Fadinha da foda|[from] ability: Imposter\n|turn|1\n|inactive|Mateus targaryen has 120 seconds left.\n|\n|t:|1699369882\n|detailschange|p2a: Fadinha da foda|Diancie-Mega, shiny\n|-mega|p2a: Fadinha da foda|Diancie|Diancite\n|move|p2a: Fadinha da foda|Diamond Storm|p1a: Ser\u00e9 sincero Baki\n|-damage|p1a: Ser\u00e9 sincero Baki|55\/100\n|move|p1a: Ser\u00e9 sincero Baki|Diamond Storm|p2a: Fadinha da foda\n|-damage|p2a: Fadinha da foda|49\/100\n|-boost|p1a: Ser\u00e9 sincero Baki|def|2\n|\n|upkeep\n|turn|2\n|c|\u2606Dashu16|vamos\n|inactive|Mateus targaryen has 120 seconds left.\n|c|\u2606Mateus targaryen|br?\n|c|\u2606Dashu16|no\n|c|\u2606Dashu16|sp\n|c|\u2606Mateus targaryen|se foder kkk\n|inactive|Dashu16 has 120 seconds left.\n|\n|t:|1699369913\n|move|p2a: Fadinha da foda|Earth Power|p1a: Ser\u00e9 sincero Baki\n|-supereffective|p1a: Ser\u00e9 sincero Baki\n|-damage|p1a: Ser\u00e9 sincero Baki|0 fnt\n|faint|p1a: Ser\u00e9 sincero Baki\n|\n|upkeep\n|c|\u2606Mateus targaryen|cuida as bala perdida\n|\n|t:|1699369930\n|switch|p1a: Aron|Aron, L1, F|100\/100\n|turn|3\n|c|\u2606Dashu16|no se que bala perdida dices\n|\n|t:|1699369949\n|move|p2a: Fadinha da foda|Stealth Rock|p1a: Aron\n|-sidestart|p1: Dashu16|move: Stealth Rock\n|move|p1a: Aron|Swagger|p2a: Fadinha da foda\n|move|p2a: Fadinha da foda|Swagger|p1a: Aron|[from]ability: Magic Bounce\n|-boost|p1a: Aron|atk|2\n|-start|p1a: Aron|confusion\n|\n|upkeep\n|turn|4\n|inactive|Mateus targaryen has 120 seconds left.\n|\n|t:|1699369959\n|move|p2a: Fadinha da foda|Earth Power|p1a: Aron\n|-supereffective|p1a: Aron\n|-ability|p1a: Aron|Sturdy\n|-damage|p1a: Aron|9\/100\n|-activate|p1a: Aron|confusion\n|move|p1a: Aron|Endeavor|p2a: Fadinha da foda\n|-damage|p2a: Fadinha da foda|1\/100\n|-heal|p1a: Aron|100\/100|[from] item: Shell Bell|[of] p2a: Fadinha da foda\n|\n|upkeep\n|turn|5\n|\n|t:|1699369975\n|move|p2a: Fadinha da foda|Earth Power|p1a: Aron\n|-supereffective|p1a: Aron\n|-ability|p1a: Aron|Sturdy\n|-damage|p1a: Aron|9\/100\n|-end|p1a: Aron|confusion\n|move|p1a: Aron|Sandstorm|p1a: Aron\n|-weather|Sandstorm\n|\n|-weather|Sandstorm|[upkeep]\n|upkeep\n|turn|6\n|\n|t:|1699369985\n|move|p2a: Fadinha da foda|Earth Power|p1a: Aron\n|-supereffective|p1a: Aron\n|-damage|p1a: Aron|0 fnt\n|faint|p1a: Aron\n|\n|-weather|Sandstorm|[upkeep]\n|upkeep\n|\n|t:|1699369994\n|switch|p1a: Bryant Myers|Marshadow|100\/100\n|-damage|p1a: Bryant Myers|94\/100|[from] Stealth Rock\n|turn|7\n|\n|t:|1699370005\n|move|p1a: Bryant Myers|Shadow Sneak|p2a: Fadinha da foda\n|-damage|p2a: Fadinha da foda|0 fnt\n|faint|p2a: Fadinha da foda\n|\n|-weather|Sandstorm|[upkeep]\n|-damage|p1a: Bryant Myers|88\/100|[from] Sandstorm\n|upkeep\n|\n|t:|1699370011\n|switch|p2a: Espanca xota|Kyogre, shiny|100\/100\n|detailschange|p2a: Espanca xota|Kyogre-Primal, shiny\n|-primal|p2a: Espanca xota|Blue Orb\n|-weather|PrimordialSea|[from] ability: Primordial Sea|[of] p2a: Espanca xota\n|turn|8\n|inactive|Dashu16 has 120 seconds left.\n|\n|t:|1699370021\n|switch|p1a: Mandem|Xerneas, shiny|100\/100\n|-damage|p1a: Mandem|88\/100|[from] Stealth Rock\n|-ability|p1a: Mandem|Fairy Aura\n|move|p2a: Espanca xota|Liquidation|p1a: Mandem\n|-damage|p1a: Mandem|19\/100\n|-unboost|p1a: Mandem|def|1\n|\n|-weather|PrimordialSea|[upkeep]\n|upkeep\n|turn|9\n|inactive|Dashu16 has 120 seconds left.\n|\n|t:|1699370031\n|move|p1a: Mandem|Defog|p2a: Espanca xota\n|-unboost|p2a: Espanca xota|evasion|1\n|-sideend|p1: Dashu16|Stealth Rock|[from] move: Defog|[of] p1a: Mandem\n|move|p2a: Espanca xota|Liquidation|p1a: Mandem\n|-damage|p1a: Mandem|0 fnt\n|faint|p1a: Mandem\n|\n|-weather|PrimordialSea|[upkeep]\n|upkeep\n|inactive|Dashu16 has 120 seconds left.\n|\n|t:|1699370041\n|switch|p1a: Darkrai|Darkrai, shiny|100\/100\n|turn|10\n|\n|t:|1699370048\n|-weather|none\n|switch|p2a: Basilisco|Yveltal, shiny|100\/100\n|-ability|p2a: Basilisco|Dark Aura\n|move|p1a: Darkrai|Dark Void|p2a: Basilisco|[miss]\n|-miss|p1a: Darkrai|p2a: Basilisco\n|\n|upkeep\n|turn|11\n|\n|t:|1699370057\n|move|p1a: Darkrai|Dark Void|p2a: Basilisco|[miss]\n|-miss|p1a: Darkrai|p2a: Basilisco\n|move|p2a: Basilisco|Taunt|p1a: Darkrai\n|-start|p1a: Darkrai|move: Taunt\n|\n|upkeep\n|turn|12\n|\n|t:|1699370064\n|switch|p1a: Zygarde|Zygarde, shiny|100\/100\n|move|p2a: Basilisco|Oblivion Wing|p1a: Zygarde\n|-damage|p1a: Zygarde|49\/100\n|-damage|p2a: Basilisco|91\/100|[from] item: Life Orb\n|\n|-heal|p1a: Zygarde|55\/100|[from] item: Leftovers\n|upkeep\n|turn|13\n|\n|t:|1699370078\n|-terastallize|p1a: Zygarde|Fairy\n|move|p2a: Basilisco|Dark Pulse|p1a: Zygarde\n|-resisted|p1a: Zygarde\n|-damage|p1a: Zygarde|24\/100\n|-damage|p2a: Basilisco|81\/100|[from] item: Life Orb\n|cant|p1a: Zygarde|flinch\n|\n|-heal|p1a: Zygarde|30\/100|[from] item: Leftovers\n|-activate|p1a: Zygarde|ability: Power Construct\n|detailschange|p1a: Zygarde|Zygarde-Complete, shiny, tera:Fairy\n|-heal|p1a: Zygarde|54\/100|[silent]\n|upkeep\n|turn|14\n|\n|t:|1699370092\n|move|p2a: Basilisco|Taunt|p1a: Zygarde\n|-start|p1a: Zygarde|move: Taunt\n|cant|p1a: Zygarde|move: Taunt|Coil\n|\n|-heal|p1a: Zygarde|60\/100|[from] item: Leftovers\n|upkeep\n|turn|15\n|\n|t:|1699370099\n|move|p2a: Basilisco|Oblivion Wing|p1a: Zygarde\n|-damage|p1a: Zygarde|29\/100\n|-heal|p2a: Basilisco|100\/100|[from] drain|[of] p1a: Zygarde\n|-damage|p2a: Basilisco|91\/100|[from] item: Life Orb\n|move|p1a: Zygarde|Thousand Arrows|p2a: Basilisco\n|-damage|p2a: Basilisco|59\/100\n|-start|p2a: Basilisco|Smack Down\n|\n|-heal|p1a: Zygarde|35\/100|[from] item: Leftovers\n|upkeep\n|turn|16\n|\n|t:|1699370111\n|move|p2a: Basilisco|Oblivion Wing|p1a: Zygarde\n|-crit|p1a: Zygarde\n|-damage|p1a: Zygarde|0 fnt\n|-heal|p2a: Basilisco|100\/100|[from] drain|[of] p1a: Zygarde\n|faint|p1a: Zygarde\n|-damage|p2a: Basilisco|91\/100|[from] item: Life Orb\n|\n|upkeep\n|\n|t:|1699370120\n|switch|p1a: Darkrai|Darkrai, shiny|100\/100\n|turn|17\n|\n|t:|1699370123\n|move|p1a: Darkrai|Dark Void|p2a: Basilisco\n|-status|p2a: Basilisco|slp|[from] move: Dark Void\n|cant|p2a: Basilisco|slp\n|\n|-damage|p2a: Basilisco|78\/100 slp|[from] ability: Bad Dreams|[of] p1a: Darkrai\n|upkeep\n|turn|18\n|\n|t:|1699370131\n|move|p1a: Darkrai|Nasty Plot|p1a: Darkrai\n|-boost|p1a: Darkrai|spa|2\n|-curestatus|p2a: Basilisco|slp|[msg]\n|move|p2a: Basilisco|Taunt|p1a: Darkrai\n|-start|p1a: Darkrai|move: Taunt\n|\n|upkeep\n|turn|19\n|\n|t:|1699370140\n|move|p1a: Darkrai|Dark Pulse|p2a: Basilisco\n|-resisted|p2a: Basilisco\n|-damage|p2a: Basilisco|31\/100\n|move|p2a: Basilisco|Oblivion Wing|p1a: Darkrai\n|-damage|p1a: Darkrai|27\/100\n|-heal|p2a: Basilisco|70\/100|[from] drain|[of] p1a: Darkrai\n|-damage|p2a: Basilisco|60\/100|[from] item: Life Orb\n|\n|upkeep\n|turn|20\n|\n|t:|1699370150\n|move|p1a: Darkrai|Dark Pulse|p2a: Basilisco\n|-resisted|p2a: Basilisco\n|-damage|p2a: Basilisco|14\/100\n|move|p2a: Basilisco|Oblivion Wing|p1a: Darkrai\n|-damage|p1a: Darkrai|0 fnt\n|-heal|p2a: Basilisco|28\/100|[from] drain|[of] p1a: Darkrai\n|faint|p1a: Darkrai\n|-damage|p2a: Basilisco|18\/100|[from] item: Life Orb\n|\n|upkeep\n|\n|t:|1699370161\n|switch|p1a: Bryant Myers|Marshadow|88\/100\n|turn|21\n|\n|t:|1699370167\n|move|p1a: Bryant Myers|Shadow Sneak|p2a: Basilisco\n|-resisted|p2a: Basilisco\n|-damage|p2a: Basilisco|2\/100\n|move|p2a: Basilisco|Sucker Punch||[still]\n|-fail|p2a: Basilisco\n|\n|upkeep\n|turn|22\n|\n|t:|1699370173\n|move|p1a: Bryant Myers|Shadow Sneak|p2a: Basilisco\n|-resisted|p2a: Basilisco\n|-damage|p2a: Basilisco|0 fnt\n|faint|p2a: Basilisco\n|\n|upkeep\n|\n|t:|1699370177\n|switch|p2a: Zacian|Zacian-Crowned, shiny|100\/100\n|-ability|p2a: Zacian|Intrepid Sword|boost\n|-boost|p2a: Zacian|atk|1\n|turn|23\n|\n|t:|1699370182\n|move|p1a: Bryant Myers|Spectral Thief||[still]\n|-clearpositiveboost|p2a: Zacian|p1a: Bryant Myers|move: Spectral Thief\n|-boost|p1a: Bryant Myers|atk|1\n|-anim|p1a: Bryant Myers|Spectral Thief|p2a: Zacian\n|-damage|p2a: Zacian|46\/100\n|move|p2a: Zacian|Play Rough|p1a: Bryant Myers\n|-supereffective|p1a: Bryant Myers\n|-damage|p1a: Bryant Myers|0 fnt\n|faint|p1a: Bryant Myers\n|\n|win|Mateus targaryen\n|raw|Dashu16's rating: 1377 &rarr; <strong>1364<\/strong><br \/>(-13 for losing)\n|raw|Mateus targaryen's rating: 1506 &rarr; <strong>1519<\/strong><br \/>(+13 for winning)\n","uploadtime":1699369906,"views":4,"p1id":"dashu16","p2id":"mateustargaryen","formatid":"gen9nationaldexubers","rating":1364,"private":0,"password":""}