{"id":"gen9nationaldexubers-1991403983","p1":"El Gogettos","p2":"alcatel999","format":"[Gen 9] National Dex Ubers","log":"|j|\u2606El Gogettos\n|j|\u2606alcatel999\n|t:|1700074233\n|gametype|singles\n|player|p1|El Gogettos|giovanni|\n|player|p2|alcatel999|rocketgrunt|\n|teamsize|p1|6\n|teamsize|p2|6\n|gen|9\n|tier|[Gen 9] National Dex Ubers\n|rule|HP Percentage Mod: HP is shown in percentages\n|rule|Endless Battle Clause: Forcing endless battles is banned\n|rule|OHKO Clause: OHKO moves are banned\n|rule|Evasion Moves Clause: Evasion moves are banned\n|rule|Evasion Items Clause: Evasion items are banned\n|rule|Species Clause: Limit one of each Pok\u00e9mon\n|rule|Sleep Clause Mod: Limit one foe put to sleep\n|rule|Mega Rayquaza Clause: You cannot mega evolve Rayquaza\n|clearpoke\n|poke|p1|Gliscor, M|\n|poke|p1|Gallade, M|\n|poke|p1|Toxapex, F|\n|poke|p1|Dragonite, F|\n|poke|p1|Weavile, M|\n|poke|p1|Volcarona, F|\n|poke|p2|Diancie|\n|poke|p2|Klefki, M|\n|poke|p2|Mimikyu, F|\n|poke|p2|Tapu Fini|\n|poke|p2|Tapu Bulu|\n|poke|p2|Tapu Lele|\n|teampreview\n|c|\u2606alcatel999|GL HF\n|c|\u2606alcatel999|oof tengo miedo\n|c|\u2606El Gogettos|X2\n|\n|t:|1700074260\n|start\n|switch|p1a: Volcarona|Volcarona, F, shiny|100\/100\n|switch|p2a: Di-Vi-Na|Diancie|100\/100\n|turn|1\n|\n|t:|1700074269\n|switch|p1a: Gliscor|Gliscor, M, shiny|100\/100\n|detailschange|p2a: Di-Vi-Na|Diancie-Mega\n|-mega|p2a: Di-Vi-Na|Diancie|Diancite\n|move|p2a: Di-Vi-Na|Diamond Storm|p1a: Gliscor\n|-damage|p1a: Gliscor|51\/100\n|-boost|p2a: Di-Vi-Na|def|2\n|\n|-status|p1a: Gliscor|tox|[from] item: Toxic Orb\n|upkeep\n|turn|2\n|\n|t:|1700074283\n|move|p2a: Di-Vi-Na|Moonblast|p1a: Gliscor\n|-damage|p1a: Gliscor|0 fnt\n|faint|p1a: Gliscor\n|\n|upkeep\n|\n|t:|1700074302\n|switch|p1a: Toxapex|Toxapex, F, shiny|100\/100\n|turn|3\n|\n|t:|1700074309\n|move|p2a: Di-Vi-Na|Earth Power|p1a: Toxapex\n|-supereffective|p1a: Toxapex\n|-damage|p1a: Toxapex|40\/100\n|move|p1a: Toxapex|Knock Off|p2a: Di-Vi-Na\n|-resisted|p2a: Di-Vi-Na\n|-damage|p2a: Di-Vi-Na|98\/100\n|\n|-heal|p1a: Toxapex|46\/100|[from] item: Black Sludge\n|upkeep\n|turn|4\n|c|\u2606El Gogettos|No salio predict xD\n|\n|t:|1700074320\n|switch|p1a: Dragonite|Dragonite, F, shiny|100\/100\n|move|p2a: Di-Vi-Na|Earth Power|p1a: Dragonite\n|-immune|p1a: Dragonite\n|\n|upkeep\n|turn|5\n|c|\u2606alcatel999|Xd\n|\n|t:|1700074327\n|switch|p1a: Volcarona|Volcarona, F, shiny|100\/100\n|move|p2a: Di-Vi-Na|Moonblast|p1a: Volcarona\n|-resisted|p1a: Volcarona\n|-damage|p1a: Volcarona|68\/100\n|-unboost|p1a: Volcarona|spa|1\n|\n|-heal|p1a: Volcarona|74\/100|[from] item: Leftovers\n|upkeep\n|turn|6\n|\n|t:|1700074340\n|-terastallize|p1a: Volcarona|Water\n|move|p2a: Di-Vi-Na|Diamond Storm|p1a: Volcarona\n|-crit|p1a: Volcarona\n|-damage|p1a: Volcarona|0 fnt\n|faint|p1a: Volcarona\n|\n|upkeep\n|c|\u2606El Gogettos|Critico de mierda\n|\n|t:|1700074351\n|switch|p1a: Gallade|Gallade, M, shiny|100\/100\n|turn|7\n|\n|t:|1700074356\n|detailschange|p1a: Gallade|Gallade-Mega, M, shiny\n|-mega|p1a: Gallade|Gallade|Galladite\n|move|p2a: Di-Vi-Na|Moonblast|p1a: Gallade\n|-supereffective|p1a: Gallade\n|-damage|p1a: Gallade|0 fnt\n|faint|p1a: Gallade\n|\n|upkeep\n|\n|t:|1700074362\n|switch|p1a: Dragonite|Dragonite, F, shiny|100\/100\n|turn|8\n|\n|t:|1700074366\n|move|p2a: Di-Vi-Na|Moonblast|p1a: Dragonite\n|-supereffective|p1a: Dragonite\n|-damage|p1a: Dragonite|0 fnt\n|faint|p1a: Dragonite\n|\n|upkeep\n|\n|t:|1700074370\n|switch|p1a: Toxapex|Toxapex, F, shiny|79\/100\n|turn|9\n|\n|t:|1700074373\n|move|p2a: Di-Vi-Na|Earth Power|p1a: Toxapex\n|-supereffective|p1a: Toxapex\n|-damage|p1a: Toxapex|22\/100\n|move|p1a: Toxapex|Toxic|p2a: Di-Vi-Na\n|move|p2a: Di-Vi-Na|Toxic|p1a: Toxapex|[from]ability: Magic Bounce\n|-immune|p1a: Toxapex\n|\n|-heal|p1a: Toxapex|28\/100|[from] item: Black Sludge\n|upkeep\n|turn|10\n|\n|t:|1700074380\n|move|p2a: Di-Vi-Na|Earth Power|p1a: Toxapex\n|-supereffective|p1a: Toxapex\n|-damage|p1a: Toxapex|0 fnt\n|faint|p1a: Toxapex\n|\n|upkeep\n|\n|t:|1700074382\n|switch|p1a: Weavile|Weavile, M|100\/100\n|-ability|p1a: Weavile|Pressure\n|turn|11\n|\n|t:|1700074387\n|move|p1a: Weavile|Knock Off|p2a: Di-Vi-Na\n|-resisted|p2a: Di-Vi-Na\n|-damage|p2a: Di-Vi-Na|87\/100\n|move|p2a: Di-Vi-Na|Moonblast|p1a: Weavile\n|-supereffective|p1a: Weavile\n|-damage|p1a: Weavile|0 fnt\n|faint|p1a: Weavile\n|\n|win|alcatel999\n|c|\u2606alcatel999|Gg\n|c|\u2606El Gogettos|Jugue muy mal\n","uploadtime":1700074405,"views":9,"p1id":"elgogettos","p2id":"alcatel999","formatid":"gen9nationaldexubers","rating":0,"private":0,"password":""}