{"id":"gen9nationaldexubers-1989806472","p1":"TreeTheTreeko","p2":"enma 6","format":"[Gen 9] National Dex Ubers","log":"|j|\u2606TreeTheTreeko\n|j|\u2606enma 6\n|t:|1699897310\n|gametype|singles\n|player|p1|TreeTheTreeko|ghetsis|1000\n|player|p2|enma 6|266|1040\n|teamsize|p1|2\n|teamsize|p2|6\n|gen|9\n|tier|[Gen 9] National Dex Ubers\n|rated|\n|rule|HP Percentage Mod: HP is shown in percentages\n|rule|Endless Battle Clause: Forcing endless battles is banned\n|rule|OHKO Clause: OHKO moves are banned\n|rule|Evasion Moves Clause: Evasion moves are banned\n|rule|Evasion Items Clause: Evasion items are banned\n|rule|Species Clause: Limit one of each Pok\u00e9mon\n|rule|Sleep Clause Mod: Limit one foe put to sleep\n|rule|Mega Rayquaza Clause: You cannot mega evolve Rayquaza\n|clearpoke\n|poke|p1|Dracovish|\n|poke|p1|Blaziken, F|\n|poke|p2|Toxapex, M|\n|poke|p2|Greninja-*, F|\n|poke|p2|Hatterene, F|\n|poke|p2|Cinderace, M|\n|poke|p2|Weezing-Galar, M|\n|poke|p2|Ho-Oh|\n|teampreview\n|inactive|Battle timer is ON: inactive players will automatically lose when time's up. (requested by TreeTheTreeko)\n|\n|t:|1699897324\n|start\n|switch|p1a: Dracovish|Dracovish|100\/100\n|switch|p2a: Greninja|Greninja, F|100\/100\n|turn|1\n|\n|t:|1699897342\n|-terastallize|p1a: Dracovish|Water\n|move|p1a: Dracovish|Fishious Rend|p2a: Greninja\n|-resisted|p2a: Greninja\n|-enditem|p2a: Greninja|Focus Sash\n|-damage|p2a: Greninja|1\/100\n|move|p2a: Greninja|Giga Impact|p1a: Dracovish\n|-start|p2a: Greninja|typechange|Normal|[from] ability: Protean\n|-damage|p1a: Dracovish|28\/100\n|-mustrecharge|p2a: Greninja\n|\n|upkeep\n|turn|2\n|\n|t:|1699897359\n|move|p1a: Dracovish|Fishious Rend|p2a: Greninja\n|-damage|p2a: Greninja|0 fnt\n|faint|p2a: Greninja\n|\n|upkeep\n|\n|t:|1699897364\n|switch|p2a: Ho-Oh|Ho-Oh|100\/100\n|-ability|p2a: Ho-Oh|Pressure\n|turn|3\n|\n|t:|1699897369\n|move|p1a: Dracovish|Fishious Rend|p2a: Ho-Oh\n|-supereffective|p2a: Ho-Oh\n|-enditem|p2a: Ho-Oh|Focus Sash\n|-damage|p2a: Ho-Oh|1\/100\n|move|p2a: Ho-Oh|Thunder|p1a: Dracovish\n|-supereffective|p1a: Dracovish\n|-damage|p1a: Dracovish|0 fnt\n|faint|p1a: Dracovish\n|\n|upkeep\n|\n|t:|1699897373\n|switch|p1a: Blaziken|Blaziken, F|100\/100\n|turn|4\n|\n|t:|1699897388\n|switch|p2a: Weezing|Weezing-Galar, M|100\/100\n|detailschange|p1a: Blaziken|Blaziken-Mega, F\n|-mega|p1a: Blaziken|Blaziken|Blazikenite\n|move|p1a: Blaziken|Knock Off|p2a: Weezing\n|-resisted|p2a: Weezing\n|-crit|p2a: Weezing\n|-damage|p2a: Weezing|77\/100\n|\n|-ability|p1a: Blaziken|Speed Boost|boost\n|-boost|p1a: Blaziken|spe|1\n|upkeep\n|turn|5\n|\n|t:|1699897401\n|move|p1a: Blaziken|Close Combat|p2a: Weezing\n|-resisted|p2a: Weezing\n|-damage|p2a: Weezing|54\/100\n|-unboost|p1a: Blaziken|def|1\n|-unboost|p1a: Blaziken|spd|1\n|move|p2a: Weezing|Misty Explosion|p1a: Blaziken\n|-damage|p1a: Blaziken|30\/100\n|faint|p2a: Weezing\n|\n|-ability|p1a: Blaziken|Speed Boost|boost\n|-boost|p1a: Blaziken|spe|1\n|upkeep\n|\n|t:|1699897415\n|switch|p2a: Hatterene|Hatterene, F|100\/100\n|turn|6\n|\n|t:|1699897420\n|move|p1a: Blaziken|Knock Off|p2a: Hatterene\n|-damage|p2a: Hatterene|53\/100\n|-enditem|p2a: Hatterene|Focus Sash|[from] move: Knock Off|[of] p1a: Blaziken\n|move|p2a: Hatterene|Misty Explosion|p1a: Blaziken\n|-damage|p1a: Blaziken|0 fnt\n|faint|p2a: Hatterene\n|faint|p1a: Blaziken\n|\n|win|enma 6\n|raw|TreeTheTreeko's rating: 1000 &rarr; <strong>1000<\/strong><br \/>(+0 for losing)\n|raw|enma 6's rating: 1040 &rarr; <strong>1070<\/strong><br \/>(+30 for winning)\n|l|\u2606TreeTheTreeko\n","uploadtime":1699897439,"views":5,"p1id":"treethetreeko","p2id":"enma6","formatid":"gen9nationaldexubers","rating":1000,"private":0,"password":""}