{"id":"gen9nationaldexubers-1984491667","p1":"ANGRY BALL","p2":"PokeMerlin","format":"[Gen 9] National Dex Ubers","log":"|j|\u2606ANGRY BALL\n|j|\u2606PokeMerlin\n|t:|1699271922\n|gametype|singles\n|player|p1|ANGRY BALL|caitlin|1412\n|player|p2|PokeMerlin|266|1364\n|teamsize|p1|6\n|teamsize|p2|6\n|gen|9\n|tier|[Gen 9] National Dex Ubers\n|rated|\n|rule|HP Percentage Mod: HP is shown in percentages\n|rule|Endless Battle Clause: Forcing endless battles is banned\n|rule|OHKO Clause: OHKO moves are banned\n|rule|Evasion Moves Clause: Evasion moves are banned\n|rule|Evasion Items Clause: Evasion items are banned\n|rule|Species Clause: Limit one of each Pok\u00e9mon\n|rule|Sleep Clause Mod: Limit one foe put to sleep\n|rule|Mega Rayquaza Clause: You cannot mega evolve Rayquaza\n|clearpoke\n|poke|p1|Flutter Mane|\n|poke|p1|Clodsire, M|\n|poke|p1|Arceus-Dark|\n|poke|p1|Palkia-Origin|\n|poke|p1|Groudon|\n|poke|p1|Kyurem-Black|\n|poke|p2|Kyurem-Black|\n|poke|p2|Deoxys-Speed|\n|poke|p2|Blastoise, M|\n|poke|p2|Kyogre|\n|poke|p2|Arceus-Poison|\n|poke|p2|Groudon|\n|teampreview\n|inactive|Battle timer is ON: inactive players will automatically lose when time's up. (requested by ANGRY BALL)\n|\n|t:|1699271937\n|start\n|switch|p1a: Kyurem|Kyurem-Black|100\/100\n|switch|p2a: Deoxys|Deoxys-Speed|100\/100\n|-ability|p2a: Deoxys|Pressure\n|-ability|p1a: Kyurem|Teravolt\n|turn|1\n|\n|t:|1699271943\n|move|p2a: Deoxys|Taunt|p1a: Kyurem\n|-start|p1a: Kyurem|move: Taunt\n|cant|p1a: Kyurem|move: Taunt|Dragon Dance\n|\n|upkeep\n|turn|2\n|\n|t:|1699271947\n|move|p2a: Deoxys|Knock Off|p1a: Kyurem\n|-damage|p1a: Kyurem|82\/100\n|-enditem|p1a: Kyurem|Loaded Dice|[from] move: Knock Off|[of] p2a: Deoxys\n|move|p1a: Kyurem|Scale Shot|p2a: Deoxys\n|-damage|p2a: Deoxys|77\/100\n|-damage|p2a: Deoxys|57\/100\n|-damage|p2a: Deoxys|34\/100\n|-damage|p2a: Deoxys|12\/100\n|-damage|p2a: Deoxys|0 fnt\n|faint|p2a: Deoxys\n|-hitcount|p2: Deoxys|5\n|-unboost|p1a: Kyurem|def|1\n|-boost|p1a: Kyurem|spe|1\n|\n|upkeep\n|\n|t:|1699271953\n|switch|p2a: Kyurem|Kyurem-Black|100\/100\n|-ability|p2a: Kyurem|Teravolt\n|turn|3\n|\n|t:|1699271956\n|-terastallize|p2a: Kyurem|Ice\n|move|p1a: Kyurem|Scale Shot|p2a: Kyurem\n|-damage|p2a: Kyurem|86\/100\n|-damage|p2a: Kyurem|71\/100\n|-damage|p2a: Kyurem|56\/100\n|-damage|p2a: Kyurem|40\/100\n|-damage|p2a: Kyurem|24\/100\n|-hitcount|p2a: Kyurem|5\n|-unboost|p1a: Kyurem|def|1\n|-boost|p1a: Kyurem|spe|1\n|move|p2a: Kyurem|Substitute|p2a: Kyurem\n|-fail|p2a: Kyurem|move: Substitute|[weak]\n|\n|-end|p1a: Kyurem|move: Taunt\n|upkeep\n|turn|4\n|\n|t:|1699271972\n|move|p1a: Kyurem|Shadow Claw|p2a: Kyurem\n|-damage|p2a: Kyurem|0 fnt\n|faint|p2a: Kyurem\n|\n|upkeep\n|\n|t:|1699271978\n|switch|p2a: Groudon|Groudon|100\/100\n|detailschange|p2a: Groudon|Groudon-Primal\n|-primal|p2a: Groudon|Red Orb\n|-weather|DesolateLand|[from] ability: Desolate Land|[of] p2a: Groudon\n|turn|5\n|\n|t:|1699271981\n|move|p1a: Kyurem|Scale Shot|p2a: Groudon\n|-damage|p2a: Groudon|89\/100\n|-damage|p2a: Groudon|77\/100\n|-damage|p2a: Groudon|65\/100\n|-hitcount|p2a: Groudon|3\n|-unboost|p1a: Kyurem|def|1\n|-boost|p1a: Kyurem|spe|1\n|move|p2a: Groudon|Dragon Claw|p1a: Kyurem\n|-supereffective|p1a: Kyurem\n|-crit|p1a: Kyurem\n|-damage|p1a: Kyurem|0 fnt\n|faint|p1a: Kyurem\n|\n|-weather|DesolateLand|[upkeep]\n|upkeep\n|\n|t:|1699271988\n|switch|p1a: Palkia|Palkia-Origin|100\/100\n|-ability|p1a: Palkia|Pressure\n|turn|6\n|\n|t:|1699271993\n|move|p1a: Palkia|Spacial Rend|p2a: Groudon\n|-damage|p2a: Groudon|0 fnt\n|faint|p2a: Groudon\n|-weather|none\n|\n|upkeep\n|\n|t:|1699271998\n|switch|p2a: Blastoise|Blastoise, M, shiny|100\/100\n|turn|7\n|\n|t:|1699272000\n|detailschange|p2a: Blastoise|Blastoise-Mega, M, shiny\n|-mega|p2a: Blastoise|Blastoise|Blastoisinite\n|move|p1a: Palkia|Thunder Wave|p2a: Blastoise\n|-status|p2a: Blastoise|par\n|move|p2a: Blastoise|Dragon Pulse|p1a: Palkia\n|-supereffective|p1a: Palkia\n|-damage|p1a: Palkia|6\/100\n|\n|upkeep\n|turn|8\n|\n|t:|1699272007\n|move|p1a: Palkia|Spacial Rend|p2a: Blastoise\n|-damage|p2a: Blastoise|28\/100 par\n|move|p2a: Blastoise|Aura Sphere|p1a: Palkia\n|-damage|p1a: Palkia|0 fnt\n|faint|p1a: Palkia\n|\n|upkeep\n|\n|t:|1699272011\n|switch|p1a: Flutter Mane|Flutter Mane|100\/100\n|turn|9\n|\n|t:|1699272013\n|move|p1a: Flutter Mane|Moonblast|p2a: Blastoise\n|-damage|p2a: Blastoise|0 fnt\n|faint|p2a: Blastoise\n|\n|upkeep\n|\n|t:|1699272015\n|switch|p2a: Arceus|Arceus-Poison|100\/100\n|turn|10\n|\n|t:|1699272020\n|-end|p1a: Flutter Mane|Protosynthesis|[silent]\n|switch|p1a: Clodsire|Clodsire, M|100\/100\n|switch|p2a: Kyogre|Kyogre|100\/100\n|-weather|RainDance|[from] ability: Drizzle|[of] p2a: Kyogre\n|\n|-weather|RainDance|[upkeep]\n|upkeep\n|turn|11\n|\n|t:|1699272022\n|switch|p1a: Groudon|Groudon, shiny|100\/100\n|detailschange|p1a: Groudon|Groudon-Primal, shiny\n|-primal|p1a: Groudon|Red Orb\n|-weather|DesolateLand|[from] ability: Desolate Land|[of] p1a: Groudon\n|move|p2a: Kyogre|Water Spout||[still]\n|-fail|p2a: Kyogre|Water Spout|[from] Desolate Land\n|\n|-weather|DesolateLand|[upkeep]\n|upkeep\n|turn|12\n|\n|t:|1699272026\n|switch|p2a: Arceus|Arceus-Poison|100\/100\n|move|p1a: Groudon|Precipice Blades|p2a: Arceus\n|-supereffective|p2a: Arceus\n|-damage|p2a: Arceus|9\/100\n|\n|-weather|DesolateLand|[upkeep]\n|upkeep\n|turn|13\n|-message|PokeMerlin forfeited.\n|\n|win|ANGRY BALL\n|raw|ANGRY BALL's rating: 1412 &rarr; <strong>1429<\/strong><br \/>(+17 for winning)\n|raw|PokeMerlin's rating: 1364 &rarr; <strong>1347<\/strong><br \/>(-17 for losing)\n|l|\u2606PokeMerlin\n","uploadtime":1699272031,"views":5,"p1id":"angryball","p2id":"pokemerlin","formatid":"gen9nationaldexubers","rating":1347,"private":0,"password":""}