{"id":"gen9nationaldexubers-1994371145","p1":"Ripped27","p2":"hamforman","format":"[Gen 9] National Dex Ubers","log":"|j|\u2606Ripped27\n|j|\u2606hamforman\n|t:|1700436271\n|gametype|singles\n|player|p1|Ripped27|266|\n|player|p2|hamforman|preschooler|\n|teamsize|p1|6\n|teamsize|p2|6\n|gen|9\n|tier|[Gen 9] National Dex Ubers\n|rule|HP Percentage Mod: HP is shown in percentages\n|rule|Endless Battle Clause: Forcing endless battles is banned\n|rule|OHKO Clause: OHKO moves are banned\n|rule|Evasion Moves Clause: Evasion moves are banned\n|rule|Evasion Items Clause: Evasion items are banned\n|rule|Species Clause: Limit one of each Pok\u00e9mon\n|rule|Sleep Clause Mod: Limit one foe put to sleep\n|rule|Mega Rayquaza Clause: You cannot mega evolve Rayquaza\n|clearpoke\n|poke|p1|Leavanny, M|\n|poke|p1|Tauros-Paldea-Aqua, M|\n|poke|p1|Crobat, F|\n|poke|p1|Weavile, F|\n|poke|p1|Regieleki|\n|poke|p1|Garchomp, M|\n|poke|p2|Walking Wake|\n|poke|p2|Gastrodon, M|\n|poke|p2|Cresselia, F|\n|poke|p2|Torkoal, M|\n|poke|p2|Lopunny, F|\n|poke|p2|Venusaur, F|\n|teampreview\n|j| PCGReno\n|c|\u2606Ripped27|*reno*\n|c| PCGReno|*reno*\n|c|\u2606Ripped27|are you here to watch me die\n|c| PCGReno|i am here to watch pokermans\n|c| PCGReno|while i build lego\n|c|\u2606Ripped27|im sorry to disappoint we will not be playing poker\n|c| PCGReno|why am i even here\n|c|\u2606hamforman|do we gotta do a think for porygon bot?\n|c|\u2606Ripped27|i think so but tbh im not sure how\n|c| PCGReno|.\/join and the url\n|j| PorygonTheBot\n|c| PorygonTheBot|Porygon has digitized into the match... booting up... successfully calibrating stats!\n|c| PCGReno|without the period\n|c|\u2606Ripped27|i did it\n|c|\u2606hamforman|kk\n|c| PCGReno|go ripped go\n|c| PCGReno|this is why ily\n|j| Hawk1775\n|\n|t:|1700436457\n|start\n|switch|p1a: Switchblade|Garchomp, M|100\/100\n|switch|p2a: Gastrodon|Gastrodon, M|100\/100\n|turn|1\n|c| Hawk1775|go gamers go\n|\n|t:|1700436512\n|detailschange|p1a: Switchblade|Garchomp-Mega, M\n|-mega|p1a: Switchblade|Garchomp|Garchompite\n|move|p1a: Switchblade|Earthquake|p2a: Gastrodon\n|-damage|p2a: Gastrodon|36\/100\n|move|p2a: Gastrodon|Yawn|p1a: Switchblade\n|-start|p1a: Switchblade|move: Yawn|[of] p2a: Gastrodon\n|\n|-heal|p2a: Gastrodon|42\/100|[from] item: Leftovers\n|upkeep\n|turn|2\n|\n|t:|1700436540\n|switch|p1a: Little GUY|Leavanny, M|100\/100\n|switch|p2a: Cresselia|Cresselia, F|100\/100\n|\n|upkeep\n|turn|3\n|\n|t:|1700436556\n|move|p1a: Little GUY|X-Scissor|p2a: Cresselia\n|-supereffective|p2a: Cresselia\n|-damage|p2a: Cresselia|65\/100\n|move|p2a: Cresselia|Light Screen|p2a: Cresselia\n|-sidestart|p2: hamforman|move: Light Screen\n|\n|upkeep\n|turn|4\n|\n|t:|1700436562\n|move|p1a: Little GUY|Sticky Web|p2a: Cresselia\n|-sidestart|p2: hamforman|move: Sticky Web\n|move|p2a: Cresselia|Reflect|p2a: Cresselia\n|-sidestart|p2: hamforman|Reflect\n|\n|upkeep\n|turn|5\n|\n|t:|1700436610\n|switch|p1a: Ferdy|Tauros-Paldea-Aqua, M|100\/100\n|move|p2a: Cresselia|Moonlight|p2a: Cresselia\n|-heal|p2a: Cresselia|100\/100\n|\n|upkeep\n|turn|6\n|c|\u2606hamforman|ripped your internet good?\n|c|\u2606Ripped27|mhm!\n|c|\u2606Ripped27|brain slow\n|c|\u2606hamforman|lmao\n|c|\u2606hamforman|I just wanna make sure I don't lose ya\n|c|\u2606Ripped27|if i dont smoke before i match i get really anxious and take 20 years to pick moves dsjhfbdskf\n|\n|t:|1700436645\n|move|p1a: Ferdy|Raging Bull|p2a: Cresselia\n|-sideend|p2: hamforman|Reflect\n|-sideend|p2: hamforman|move: Light Screen\n|-damage|p2a: Cresselia|79\/100\n|move|p2a: Cresselia|Moonblast|p1a: Ferdy\n|-supereffective|p1a: Ferdy\n|-damage|p1a: Ferdy|45\/100\n|-unboost|p1a: Ferdy|spa|1\n|\n|-heal|p1a: Ferdy|51\/100|[from] item: Leftovers\n|upkeep\n|turn|7\n|c|\u2606hamforman|i just kinda click fast\n|c| PCGReno|division 2 pokemon is so wholesome\n|j| Captain_118\n|c|\u2606Ripped27|we're just hanging out having a good time\n|\n|t:|1700436684\n|switch|p1a: Katana|Weavile, F|100\/100\n|-ability|p1a: Katana|Pressure\n|move|p2a: Cresselia|Moonblast|p1a: Katana\n|-supereffective|p1a: Katana\n|-damage|p1a: Katana|67\/100\n|\n|upkeep\n|turn|8\n|c| PCGReno|division 1 pokemon is my competitor talking me off a ledge after the fight\n|\n|t:|1700436711\n|move|p1a: Katana|Knock Off|p2a: Cresselia\n|-supereffective|p2a: Cresselia\n|-damage|p2a: Cresselia|23\/100\n|-enditem|p2a: Cresselia|Light Clay|[from] move: Knock Off|[of] p1a: Katana\n|move|p2a: Cresselia|Reflect|p2a: Cresselia\n|-sidestart|p2: hamforman|Reflect\n|\n|upkeep\n|turn|9\n|\n|t:|1700436718\n|move|p1a: Katana|Knock Off|p2a: Cresselia\n|-supereffective|p2a: Cresselia\n|-damage|p2a: Cresselia|7\/100\n|move|p2a: Cresselia|Moonlight|p2a: Cresselia\n|-heal|p2a: Cresselia|57\/100\n|\n|upkeep\n|turn|10\n|\n|t:|1700436726\n|move|p1a: Katana|Knock Off|p2a: Cresselia\n|-supereffective|p2a: Cresselia\n|-damage|p2a: Cresselia|39\/100\n|move|p2a: Cresselia|Moonlight|p2a: Cresselia\n|-heal|p2a: Cresselia|89\/100\n|\n|upkeep\n|turn|11\n|c| Captain_118|I would never do that to you reno\n|\n|t:|1700436772\n|switch|p1a: Ferdy|Tauros-Paldea-Aqua, M|51\/100\n|move|p2a: Cresselia|Moonblast|p1a: Ferdy\n|-supereffective|p1a: Ferdy\n|-damage|p1a: Ferdy|0 fnt\n|faint|p1a: Ferdy\n|\n|upkeep\n|c|\u2606Ripped27|nO\n|c|\u2606Ripped27|i thought he could take it he was just a little guy\n|c| PCGReno|captain is at the ledge going \"do a flip\"\n|\n|t:|1700436803\n|switch|p1a: Transistor|Regieleki|100\/100\n|turn|12\n|\n|t:|1700436808\n|move|p1a: Transistor|Thunder Cage|p2a: Cresselia\n|-damage|p2a: Cresselia|59\/100\n|-activate|p2a: Cresselia|move: Thunder Cage|[of] p1a: Transistor\n|move|p2a: Cresselia|Light Screen|p2a: Cresselia\n|-sidestart|p2: hamforman|move: Light Screen\n|\n|-damage|p2a: Cresselia|47\/100|[from] move: Thunder Cage|[partiallytrapped]\n|-sideend|p2: hamforman|Reflect\n|upkeep\n|turn|13\n|\n|t:|1700436825\n|move|p1a: Transistor|Thunder Cage|p2a: Cresselia|[miss]\n|-miss|p1a: Transistor|p2a: Cresselia\n|move|p2a: Cresselia|Moonlight|p2a: Cresselia\n|-heal|p2a: Cresselia|97\/100\n|\n|-damage|p2a: Cresselia|84\/100|[from] move: Thunder Cage|[partiallytrapped]\n|upkeep\n|turn|14\n|\n|t:|1700436833\n|move|p1a: Transistor|Thunder Cage|p2a: Cresselia\n|-damage|p2a: Cresselia|69\/100\n|move|p2a: Cresselia|Moonblast|p1a: Transistor\n|-damage|p1a: Transistor|66\/100\n|\n|-damage|p2a: Cresselia|56\/100|[from] move: Thunder Cage|[partiallytrapped]\n|upkeep\n|turn|15\n|\n|t:|1700436853\n|move|p1a: Transistor|Volt Switch|p2a: Cresselia\n|-damage|p2a: Cresselia|44\/100\n|\n|t:|1700436874\n|switch|p1a: Cama Zotz|Crobat, F|100\/100|[from] Volt Switch\n|move|p2a: Cresselia|Moonblast|p1a: Cama Zotz\n|-resisted|p1a: Cama Zotz\n|-damage|p1a: Cama Zotz|92\/100\n|-unboost|p1a: Cama Zotz|spa|1\n|\n|-heal|p1a: Cama Zotz|98\/100|[from] item: Black Sludge\n|-end|p2a: Cresselia|Thunder Cage|[partiallytrapped]|[silent]\n|upkeep\n|turn|16\n|c|\u2606Ripped27|i love crobats little feets\n|\n|t:|1700436896\n|switch|p2a: Gastrodon|Gastrodon, M|42\/100\n|-activate|p2a: Gastrodon|move: Sticky Web\n|-unboost|p2a: Gastrodon|spe|1\n|move|p1a: Cama Zotz|Poison Fang|p2a: Gastrodon\n|-resisted|p2a: Gastrodon\n|-damage|p2a: Gastrodon|30\/100\n|\n|-heal|p1a: Cama Zotz|100\/100|[from] item: Black Sludge\n|-heal|p2a: Gastrodon|36\/100|[from] item: Leftovers\n|-sideend|p2: hamforman|move: Light Screen\n|upkeep\n|turn|17\n|c|\u2606hamforman|i just noticed it had feet lmao\n|\n|t:|1700436931\n|switch|p1a: Katana|Weavile, F|67\/100\n|-ability|p1a: Katana|Pressure\n|move|p2a: Gastrodon|Recover|p2a: Gastrodon\n|-heal|p2a: Gastrodon|86\/100\n|\n|-heal|p2a: Gastrodon|92\/100|[from] item: Leftovers\n|upkeep\n|turn|18\n|c| PCGReno|ripped big foot kinda guy\n|\n|t:|1700436944\n|move|p1a: Katana|Knock Off|p2a: Gastrodon\n|-damage|p2a: Gastrodon|39\/100\n|-enditem|p2a: Gastrodon|Leftovers|[from] move: Knock Off|[of] p1a: Katana\n|move|p2a: Gastrodon|Yawn|p1a: Katana\n|-start|p1a: Katana|move: Yawn|[of] p2a: Gastrodon\n|\n|upkeep\n|turn|19\n|\n|t:|1700436953\n|switch|p2a: Torkoal|Torkoal, M|100\/100\n|-activate|p2a: Torkoal|move: Sticky Web\n|-unboost|p2a: Torkoal|spe|1\n|-weather|SunnyDay|[from] ability: Drought|[of] p2a: Torkoal\n|move|p1a: Katana|Knock Off|p2a: Torkoal\n|-damage|p2a: Torkoal|71\/100\n|-enditem|p2a: Torkoal|Heat Rock|[from] move: Knock Off|[of] p1a: Katana\n|\n|-weather|SunnyDay|[upkeep]\n|-end|p1a: Katana|move: Yawn|[silent]\n|-status|p1a: Katana|slp\n|upkeep\n|turn|20\n|\n|t:|1700436980\n|switch|p1a: Switchblade|Garchomp-Mega, M|100\/100\n|move|p2a: Torkoal|Rapid Spin|p1a: Switchblade\n|-damage|p1a: Switchblade|92\/100\n|-boost|p2a: Torkoal|spe|1\n|-sideend|p2: hamforman|Sticky Web|[from] move: Rapid Spin|[of] p2a: Torkoal\n|\n|-weather|SunnyDay|[upkeep]\n|upkeep\n|turn|21\n|\n|t:|1700437002\n|switch|p2a: Cresselia|Cresselia, F|44\/100\n|move|p1a: Switchblade|Sandstorm|p1a: Switchblade\n|-weather|Sandstorm\n|\n|-weather|Sandstorm|[upkeep]\n|-damage|p2a: Cresselia|38\/100|[from] Sandstorm\n|upkeep\n|turn|22\n|\n|t:|1700437017\n|move|p2a: Cresselia|Moonblast|p1a: Switchblade\n|-supereffective|p1a: Switchblade\n|-damage|p1a: Switchblade|58\/100\n|move|p1a: Switchblade|Dragon Tail|p2a: Cresselia\n|-damage|p2a: Cresselia|19\/100\n|drag|p2a: Torkoal|Torkoal, M|71\/100\n|-weather|SunnyDay|[from] ability: Drought|[of] p2a: Torkoal\n|\n|-weather|SunnyDay|[upkeep]\n|upkeep\n|turn|23\n|\n|t:|1700437031\n|move|p1a: Switchblade|Sandstorm|p1a: Switchblade\n|-weather|Sandstorm\n|move|p2a: Torkoal|Lava Plume|p1a: Switchblade\n|-resisted|p1a: Switchblade\n|-damage|p1a: Switchblade|46\/100\n|-status|p1a: Switchblade|brn\n|\n|-weather|Sandstorm|[upkeep]\n|-damage|p2a: Torkoal|65\/100|[from] Sandstorm\n|-damage|p1a: Switchblade|40\/100 brn|[from] brn\n|upkeep\n|turn|24\n|\n|t:|1700437050\n|move|p1a: Switchblade|Earthquake|p2a: Torkoal\n|-supereffective|p2a: Torkoal\n|-damage|p2a: Torkoal|19\/100\n|move|p2a: Torkoal|Body Press|p1a: Switchblade\n|-damage|p1a: Switchblade|12\/100 brn\n|\n|-weather|Sandstorm|[upkeep]\n|-damage|p2a: Torkoal|13\/100|[from] Sandstorm\n|-damage|p1a: Switchblade|6\/100 brn|[from] brn\n|upkeep\n|turn|25\n|\n|t:|1700437065\n|switch|p2a: Cresselia|Cresselia, F|19\/100\n|move|p1a: Switchblade|Dragon Tail|p2a: Cresselia\n|-damage|p2a: Cresselia|8\/100\n|drag|p2a: Torkoal|Torkoal, M|13\/100\n|-weather|SunnyDay|[from] ability: Drought|[of] p2a: Torkoal\n|\n|-weather|SunnyDay|[upkeep]\n|-damage|p1a: Switchblade|0 fnt|[from] brn\n|faint|p1a: Switchblade\n|upkeep\n|\n|t:|1700437079\n|switch|p1a: Katana|Weavile, F|67\/100 slp\n|-ability|p1a: Katana|Pressure\n|turn|26\n|l| Captain_118\n|c| PCGReno|game really wants torkoal out there fr\n|c|\u2606Ripped27|i didnt want him and the game heard it\n|c|\u2606Ripped27|also forgot weavile was asleep what a silly movre\n|\n|t:|1700437128\n|switch|p2a: Venusaur|Venusaur, F|100\/100\n|cant|p1a: Katana|slp\n|\n|-weather|SunnyDay|[upkeep]\n|upkeep\n|turn|27\n|\n|t:|1700437136\n|switch|p1a: Cama Zotz|Crobat, F|100\/100\n|move|p2a: Venusaur|Weather Ball|p1a: Cama Zotz\n|-damage|p1a: Cama Zotz|49\/100\n|\n|-weather|SunnyDay|[upkeep]\n|-heal|p1a: Cama Zotz|55\/100|[from] item: Black Sludge\n|upkeep\n|turn|28\n|\n|t:|1700437152\n|move|p2a: Venusaur|Weather Ball|p1a: Cama Zotz\n|-damage|p1a: Cama Zotz|10\/100\n|move|p1a: Cama Zotz|Poison Fang|p2a: Venusaur\n|-damage|p2a: Venusaur|72\/100\n|\n|-weather|SunnyDay|[upkeep]\n|-heal|p2a: Venusaur|78\/100|[from] item: Black Sludge\n|-heal|p1a: Cama Zotz|16\/100|[from] item: Black Sludge\n|upkeep\n|turn|29\n|\n|t:|1700437168\n|move|p2a: Venusaur|Weather Ball|p1a: Cama Zotz\n|-damage|p1a: Cama Zotz|0 fnt\n|faint|p1a: Cama Zotz\n|\n|-weather|none\n|-heal|p2a: Venusaur|84\/100|[from] item: Black Sludge\n|upkeep\n|c|\u2606Ripped27|WHY\n|c|\u2606Ripped27|DID\n|c|\u2606Ripped27|I THINK VENUSAUR WAS JUST GRASS\n|c|\u2606hamforman|?\n|c|\u2606hamforman|ahh\n|c|\u2606hamforman|bc its green?\n|\n|t:|1700437203\n|switch|p1a: Katana|Weavile, F|67\/100 slp\n|-ability|p1a: Katana|Pressure\n|turn|30\n|c| PCGReno|happens\n|c|\u2606Ripped27|true\n|c| PCGReno|we all do fucky wuckys\n|c|\u2606Ripped27|green + grass\n|\n|t:|1700437216\n|cant|p1a: Katana|slp\n|move|p2a: Venusaur|Sludge Bomb|p1a: Katana\n|-damage|p1a: Katana|30\/100 slp\n|\n|-heal|p2a: Venusaur|90\/100|[from] item: Black Sludge\n|upkeep\n|turn|31\n|c| PCGReno|celesteela is part grass then\n|\n|t:|1700437222\n|-curestatus|p1a: Katana|slp|[msg]\n|move|p1a: Katana|Triple Axel|p2a: Venusaur\n|-supereffective|p2a: Venusaur\n|-damage|p2a: Venusaur|65\/100\n|-supereffective|p2a: Venusaur\n|-damage|p2a: Venusaur|21\/100\n|-supereffective|p2a: Venusaur\n|-damage|p2a: Venusaur|0 fnt\n|faint|p2a: Venusaur\n|-hitcount|p2: Venusaur|3\n|\n|upkeep\n|j| birdnie\n|\n|t:|1700437239\n|switch|p2a: Lopunny|Lopunny, F|100\/100\n|turn|32\n|\n|t:|1700437269\n|switch|p1a: Transistor|Regieleki|66\/100\n|detailschange|p2a: Lopunny|Lopunny-Mega, F\n|-mega|p2a: Lopunny|Lopunny|Lopunnite\n|move|p2a: Lopunny|Fake Out|p1a: Transistor\n|-damage|p1a: Transistor|26\/100\n|\n|upkeep\n|turn|33\n|\n|t:|1700437282\n|switch|p2a: Cresselia|Cresselia, F|8\/100\n|move|p1a: Transistor|Thunder Cage|p2a: Cresselia\n|-crit|p2a: Cresselia\n|-damage|p2a: Cresselia|0 fnt\n|faint|p2a: Cresselia\n|\n|upkeep\n|\n|t:|1700437290\n|switch|p2a: Lopunny|Lopunny-Mega, F|100\/100\n|turn|34\n|\n|t:|1700437323\n|move|p2a: Lopunny|Fake Out|p1a: Transistor\n|-damage|p1a: Transistor|0 fnt\n|faint|p1a: Transistor\n|\n|upkeep\n|\n|t:|1700437328\n|switch|p1a: Little GUY|Leavanny, M|100\/100\n|turn|35\n|\n|t:|1700437363\n|move|p2a: Lopunny|U-turn|p1a: Little GUY\n|-supereffective|p1a: Little GUY\n|-damage|p1a: Little GUY|32\/100\n|\n|t:|1700437369\n|switch|p2a: Gastrodon|Gastrodon, M|39\/100|[from] U-turn\n|move|p1a: Little GUY|Leaf Blade|p2a: Gastrodon\n|-supereffective|p2a: Gastrodon\n|-damage|p2a: Gastrodon|0 fnt\n|faint|p2a: Gastrodon\n|\n|upkeep\n|\n|t:|1700437377\n|switch|p2a: Lopunny|Lopunny-Mega, F|100\/100\n|turn|36\n|\n|t:|1700437391\n|move|p2a: Lopunny|Fake Out|p1a: Little GUY\n|-damage|p1a: Little GUY|2\/100\n|cant|p1a: Little GUY|flinch\n|\n|upkeep\n|turn|37\n|\n|t:|1700437412\n|move|p2a: Lopunny|Frustration|p1a: Little GUY\n|-damage|p1a: Little GUY|0 fnt\n|faint|p1a: Little GUY\n|\n|upkeep\n|\n|t:|1700437417\n|switch|p1a: Katana|Weavile, F|30\/100\n|-ability|p1a: Katana|Pressure\n|turn|38\n|\n|t:|1700437425\n|move|p2a: Lopunny|Close Combat|p1a: Katana\n|-supereffective|p1a: Katana\n|-damage|p1a: Katana|0 fnt\n|-unboost|p2a: Lopunny|def|1\n|-unboost|p2a: Lopunny|spd|1\n|faint|p1a: Katana\n|\n|win|hamforman\n|l| PorygonTheBot\n|c|\u2606Ripped27|gg!\\\n|c|\u2606hamforman|gg\n|l|\u2606Ripped27\n","uploadtime":1700437426,"views":9,"p1id":"ripped27","p2id":"hamforman","formatid":"gen9nationaldexubers","rating":0,"private":0,"password":""}