{"id":"gen9nationaldexubers-1990627102","p1":"John the pig","p2":"Btaker22","format":"[Gen 9] National Dex Ubers","log":"|j|\u2606John the pig\n|j|\u2606Btaker22\n|t:|1699986873\n|gametype|singles\n|player|p1|John the pig|steven|1343\n|player|p2|Btaker22|blackbelt-gen4dp|1355\n|teamsize|p1|6\n|teamsize|p2|6\n|gen|9\n|tier|[Gen 9] National Dex Ubers\n|rated|\n|rule|HP Percentage Mod: HP is shown in percentages\n|rule|Endless Battle Clause: Forcing endless battles is banned\n|rule|OHKO Clause: OHKO moves are banned\n|rule|Evasion Moves Clause: Evasion moves are banned\n|rule|Evasion Items Clause: Evasion items are banned\n|rule|Species Clause: Limit one of each Pok\u00e9mon\n|rule|Sleep Clause Mod: Limit one foe put to sleep\n|rule|Mega Rayquaza Clause: You cannot mega evolve Rayquaza\n|clearpoke\n|poke|p1|Zacian-*|\n|poke|p1|Groudon|\n|poke|p1|Necrozma-Dawn-Wings|\n|poke|p1|Serperior, M|\n|poke|p1|Shuckle, F|\n|poke|p1|Kangaskhan, F|\n|poke|p2|Ditto|\n|poke|p2|Lugia|\n|poke|p2|Groudon|\n|poke|p2|Arceus-Fairy|\n|poke|p2|Marshadow|\n|poke|p2|Zacian-*|\n|teampreview\n|inactive|Battle timer is ON: inactive players will automatically lose when time's up. (requested by John the pig)\n|c|\u2606John the pig|Hello\n|\n|t:|1699986888\n|start\n|switch|p1a: Tuwtle|Shuckle, F|100\/100\n|switch|p2a: Lugia|Lugia|100\/100\n|turn|1\n|\n|t:|1699986899\n|move|p2a: Lugia|Toxic|p1a: Tuwtle|[miss]\n|-miss|p2a: Lugia|p1a: Tuwtle\n|move|p1a: Tuwtle|Sticky Web|p2a: Lugia\n|-sidestart|p2: Btaker22|move: Sticky Web\n|\n|upkeep\n|turn|2\n|\n|t:|1699986905\n|move|p2a: Lugia|Toxic|p1a: Tuwtle\n|-status|p1a: Tuwtle|tox\n|move|p1a: Tuwtle|Toxic|p2a: Lugia\n|-status|p2a: Lugia|tox\n|\n|-damage|p2a: Lugia|94\/100 tox|[from] psn\n|-damage|p1a: Tuwtle|94\/100 tox|[from] psn\n|upkeep\n|turn|3\n|c|\u2606John the pig|Let\u2019s die together :)\n|\n|t:|1699986927\n|switch|p2a: Zacian|Zacian-Crowned|100\/100\n|-activate|p2a: Zacian|move: Sticky Web\n|-unboost|p2a: Zacian|spe|1\n|-ability|p2a: Zacian|Intrepid Sword|boost\n|-boost|p2a: Zacian|atk|1\n|move|p1a: Tuwtle|Protect||[still]\n|-fail|p1a: Tuwtle\n|\n|-heal|p1a: Tuwtle|100\/100 tox|[from] item: Leftovers\n|-damage|p1a: Tuwtle|88\/100 tox|[from] psn\n|upkeep\n|turn|4\n|c|\u2606John the pig|Ahh\n|\n|t:|1699986938\n|switch|p1a: Tank|Groudon, shiny|100\/100\n|detailschange|p1a: Tank|Groudon-Primal, shiny\n|-primal|p1a: Tank|Red Orb\n|-weather|DesolateLand|[from] ability: Desolate Land|[of] p1a: Tank\n|move|p2a: Zacian|Behemoth Blade|p1a: Tank\n|-resisted|p1a: Tank\n|-damage|p1a: Tank|71\/100\n|\n|-weather|DesolateLand|[upkeep]\n|upkeep\n|turn|5\n|\n|t:|1699986948\n|switch|p2a: Lugia|Lugia|94\/100 tox\n|move|p1a: Tank|Precipice Blades|p2a: Lugia\n|-immune|p2a: Lugia\n|\n|-weather|DesolateLand|[upkeep]\n|-damage|p2a: Lugia|88\/100 tox|[from] psn\n|upkeep\n|turn|6\n|\n|t:|1699986956\n|move|p1a: Tank|Thunder Punch|p2a: Lugia\n|-supereffective|p2a: Lugia\n|-damage|p2a: Lugia|55\/100 tox\n|move|p2a: Lugia|Toxic|p1a: Tank\n|-status|p1a: Tank|tox\n|\n|-weather|DesolateLand|[upkeep]\n|-damage|p1a: Tank|65\/100 tox|[from] psn\n|-damage|p2a: Lugia|43\/100 tox|[from] psn\n|upkeep\n|turn|7\n|\n|t:|1699986963\n|move|p1a: Tank|Heat Crash|p2a: Lugia\n|-damage|p2a: Lugia|0 fnt\n|faint|p2a: Lugia\n|\n|-weather|DesolateLand|[upkeep]\n|-damage|p1a: Tank|53\/100 tox|[from] psn\n|upkeep\n|\n|t:|1699986985\n|switch|p2a: Groudon|Groudon|100\/100\n|-activate|p2a: Groudon|move: Sticky Web\n|-unboost|p2a: Groudon|spe|1\n|detailschange|p2a: Groudon|Groudon-Primal\n|-primal|p2a: Groudon|Red Orb\n|turn|8\n|inactive|Btaker22 has 120 seconds left.\n|\n|t:|1699987002\n|move|p1a: Tank|Precipice Blades|p2a: Groudon\n|-supereffective|p2a: Groudon\n|-damage|p2a: Groudon|0 fnt\n|faint|p2a: Groudon\n|\n|-weather|DesolateLand|[upkeep]\n|-damage|p1a: Tank|35\/100 tox|[from] psn\n|upkeep\n|inactive|Btaker22 has 120 seconds left.\n|\n|t:|1699987009\n|switch|p2a: Marshadow|Marshadow|100\/100\n|-activate|p2a: Marshadow|move: Sticky Web\n|-unboost|p2a: Marshadow|spe|1\n|turn|9\n|\n|t:|1699987015\n|move|p1a: Tank|Heat Crash|p2a: Marshadow\n|-damage|p2a: Marshadow|0 fnt\n|faint|p2a: Marshadow\n|\n|-weather|DesolateLand|[upkeep]\n|-damage|p1a: Tank|10\/100 tox|[from] psn\n|upkeep\n|\n|t:|1699987026\n|switch|p2a: Arceus|Arceus-Fairy|100\/100\n|-activate|p2a: Arceus|move: Sticky Web\n|-unboost|p2a: Arceus|spe|1\n|turn|10\n|\n|t:|1699987032\n|move|p1a: Tank|Precipice Blades|p2a: Arceus\n|-damage|p2a: Arceus|58\/100\n|move|p2a: Arceus|Stealth Rock|p1a: Tank\n|-sidestart|p1: John the pig|move: Stealth Rock\n|\n|-weather|DesolateLand|[upkeep]\n|-damage|p1a: Tank|0 fnt|[from] psn\n|faint|p1a: Tank\n|-weather|none\n|upkeep\n|\n|t:|1699987040\n|switch|p1a: Tuwtle|Shuckle, F|88\/100 tox\n|-damage|p1a: Tuwtle|63\/100 tox|[from] Stealth Rock\n|turn|11\n|\n|t:|1699987044\n|move|p2a: Arceus|Taunt|p1a: Tuwtle\n|-start|p1a: Tuwtle|move: Taunt\n|cant|p1a: Tuwtle|move: Taunt|Toxic\n|\n|-heal|p1a: Tuwtle|69\/100 tox|[from] item: Leftovers\n|-damage|p1a: Tuwtle|63\/100 tox|[from] psn\n|upkeep\n|turn|12\n|\n|t:|1699987052\n|switch|p1a: Mamma|Kangaskhan, F|100\/100\n|-damage|p1a: Mamma|88\/100|[from] Stealth Rock\n|move|p2a: Arceus|Recover|p2a: Arceus\n|-heal|p2a: Arceus|100\/100\n|\n|upkeep\n|turn|13\n|\n|t:|1699987066\n|detailschange|p1a: Mamma|Kangaskhan-Mega, F\n|-mega|p1a: Mamma|Kangaskhan|Kangaskhanite\n|move|p1a: Mamma|Fake Out|p2a: Arceus\n|-damage|p2a: Arceus|90\/100\n|-damage|p2a: Arceus|87\/100\n|-hitcount|p2a: Arceus|2\n|cant|p2a: Arceus|flinch\n|\n|upkeep\n|turn|14\n|\n|t:|1699987075\n|move|p1a: Mamma|Earthquake|p2a: Arceus\n|-damage|p2a: Arceus|68\/100\n|-damage|p2a: Arceus|63\/100\n|-hitcount|p2a: Arceus|2\n|move|p2a: Arceus|Judgment|p1a: Mamma\n|-damage|p1a: Mamma|45\/100\n|\n|upkeep\n|turn|15\n|\n|t:|1699987083\n|move|p1a: Mamma|Return|p2a: Arceus\n|-damage|p2a: Arceus|33\/100\n|-damage|p2a: Arceus|26\/100\n|-hitcount|p2a: Arceus|2\n|move|p2a: Arceus|Judgment|p1a: Mamma\n|-damage|p1a: Mamma|0 fnt\n|faint|p1a: Mamma\n|\n|upkeep\n|\n|t:|1699987097\n|switch|p1a: sUperior|Serperior, M|100\/100\n|-damage|p1a: sUperior|88\/100|[from] Stealth Rock\n|turn|16\n|\n|t:|1699987104\n|move|p1a: sUperior|Leaf Storm|p2a: Arceus\n|-damage|p2a: Arceus|0 fnt\n|-boost|p1a: sUperior|spa|2\n|faint|p2a: Arceus\n|\n|upkeep\n|\n|t:|1699987110\n|switch|p2a: Zacian|Zacian-Crowned|100\/100\n|-activate|p2a: Zacian|move: Sticky Web\n|-unboost|p2a: Zacian|spe|1\n|turn|17\n|\n|t:|1699987124\n|move|p1a: sUperior|Leaf Storm|p2a: Zacian\n|-resisted|p2a: Zacian\n|-damage|p2a: Zacian|57\/100\n|-boost|p1a: sUperior|spa|2\n|move|p2a: Zacian|Behemoth Blade|p1a: sUperior\n|-damage|p1a: sUperior|17\/100\n|\n|upkeep\n|turn|18\n|\n|t:|1699987131\n|move|p1a: sUperior|Leaf Storm|p2a: Zacian\n|-resisted|p2a: Zacian\n|-damage|p2a: Zacian|0 fnt\n|-boost|p1a: sUperior|spa|2\n|faint|p2a: Zacian\n|\n|upkeep\n|\n|t:|1699987137\n|switch|p2a: Ditto|Ditto, shiny|100\/100\n|-activate|p2a: Ditto|move: Sticky Web\n|-unboost|p2a: Ditto|spe|1\n|-transform|p2a: Ditto|p1a: sUperior|[from] ability: Imposter\n|turn|19\n|inactive|Btaker22 has 120 seconds left.\n|\n|t:|1699987186\n|move|p2a: Ditto|Leaf Storm|p1a: sUperior\n|-resisted|p1a: sUperior\n|-damage|p1a: sUperior|0 fnt\n|faint|p1a: sUperior\n|\n|upkeep\n|\n|t:|1699987192\n|switch|p1a: Tuwtle|Shuckle, F|63\/100 tox\n|-damage|p1a: Tuwtle|38\/100 tox|[from] Stealth Rock\n|turn|20\n|\n|t:|1699987196\n|move|p2a: Ditto|Leaf Storm|p1a: Tuwtle\n|-damage|p1a: Tuwtle|0 fnt\n|faint|p1a: Tuwtle\n|\n|upkeep\n|\n|t:|1699987205\n|switch|p1a: Katana|Zacian-Crowned|100\/100\n|-damage|p1a: Katana|94\/100|[from] Stealth Rock\n|-ability|p1a: Katana|Intrepid Sword|boost\n|-boost|p1a: Katana|atk|1\n|turn|21\n|\n|t:|1699987211\n|move|p2a: Ditto|Leaf Storm|p1a: Katana\n|-resisted|p1a: Katana\n|-damage|p1a: Katana|2\/100\n|move|p1a: Katana|Behemoth Blade|p2a: Ditto\n|-damage|p2a: Ditto|1\/100\n|\n|upkeep\n|turn|22\n|c|\u2606John the pig|No way lol\n|\n|t:|1699987231\n|move|p2a: Ditto|Leaf Storm|p1a: Katana\n|-resisted|p1a: Katana\n|-damage|p1a: Katana|0 fnt\n|faint|p1a: Katana\n|\n|upkeep\n|\n|t:|1699987236\n|switch|p1a: Demon|Necrozma-Dawn-Wings|100\/100\n|-damage|p1a: Demon|88\/100|[from] Stealth Rock\n|turn|23\n|c|\u2606John the pig|Is it sash?\n|c|\u2606Btaker22|it is not!\n|c|\u2606Btaker22|thats the most wonderful thing!\n|inactive|Btaker22 has 120 seconds left.\n|c|\u2606Btaker22|also another thing\n|c|\u2606John the pig|gg\n|c|\u2606Btaker22|this is my last leaf storm\n|c|\u2606John the pig|Lol\n|\n|t:|1699987276\n|detailschange|p1a: Demon|Necrozma-Ultra\n|-burst|p1a: Demon|Necrozma|Ultranecrozium Z\n|move|p2a: Ditto|Leaf Storm|p1a: Demon\n|-resisted|p1a: Demon\n|-damage|p1a: Demon|0 fnt\n|faint|p1a: Demon\n|\n|win|Btaker22\n|raw|John the pig's rating: 1343 &rarr; <strong>1324<\/strong><br \/>(-19 for losing)\n|raw|Btaker22's rating: 1355 &rarr; <strong>1374<\/strong><br \/>(+19 for winning)\n|c|\u2606John the pig|im faster\n|c|\u2606Btaker22|:O\n|c|\u2606John the pig|What?\n|c|\u2606Btaker22|oh my god\n|c|\u2606John the pig|392 speed\n|c|\u2606Btaker22|i cant believe this\n|c|\u2606Btaker22|it has choice scarf man\n|c|\u2606John the pig|Oh\n|c|\u2606John the pig|dammit\n|c|\u2606Btaker22|but man\n|c|\u2606Btaker22|this was kinda epic\n|c|\u2606John the pig|too close lol\n|c|\u2606Btaker22|last leaf storm on 1 HP\n|c|\u2606John the pig|scrrenshotting this\n|c|\u2606Btaker22|me too xD\n|c|\u2606John the pig|gg\n|c|\u2606Btaker22|gg\n","uploadtime":1699987343,"views":6,"p1id":"johnthepig","p2id":"btaker22","formatid":"gen9nationaldexubers","rating":1324,"private":0,"password":""}