{"id":"gen9nationaldexubers-1999801391","p1":"pacmaster000","p2":"smeat packer","format":"[Gen 9] National Dex Ubers","log":"|j|\u2606pacmaster000\n|j|\u2606smeat packer\n|t:|1701117960\n|gametype|singles\n|player|p1|pacmaster000|acetrainer-gen4dp|1259\n|player|p2|smeat packer|lucas|1406\n|teamsize|p1|6\n|teamsize|p2|6\n|gen|9\n|tier|[Gen 9] National Dex Ubers\n|rated|\n|rule|HP Percentage Mod: HP is shown in percentages\n|rule|Endless Battle Clause: Forcing endless battles is banned\n|rule|OHKO Clause: OHKO moves are banned\n|rule|Evasion Moves Clause: Evasion moves are banned\n|rule|Evasion Items Clause: Evasion items are banned\n|rule|Species Clause: Limit one of each Pok\u00e9mon\n|rule|Sleep Clause Mod: Limit one foe put to sleep\n|rule|Mega Rayquaza Clause: You cannot mega evolve Rayquaza\n|clearpoke\n|poke|p1|Dragapult, M|\n|poke|p1|Heatran, M|\n|poke|p1|Tyranitar, M|\n|poke|p1|Marshadow|\n|poke|p1|Toxapex, M|\n|poke|p1|Landorus, M|\n|poke|p2|Arceus|\n|poke|p2|Groudon|\n|poke|p2|Kyogre|\n|poke|p2|Marshadow|\n|poke|p2|Kyurem-Black|\n|poke|p2|Magearna|\n|teampreview\n|\n|t:|1701117970\n|start\n|switch|p1a: Dragapult|Dragapult, M|100\/100\n|switch|p2a: Marshadow|Marshadow|100\/100\n|turn|1\n|\n|t:|1701117975\n|move|p2a: Marshadow|Shadow Sneak|p1a: Dragapult\n|-supereffective|p1a: Dragapult\n|-damage|p1a: Dragapult|21\/100\n|move|p1a: Dragapult|Acrobatics|p2a: Marshadow\n|-supereffective|p2a: Marshadow\n|-damage|p2a: Marshadow|46\/100\n|\n|upkeep\n|turn|2\n|\n|t:|1701117985\n|switch|p1a: Toxapex|Toxapex, M|100\/100\n|move|p2a: Marshadow|Shadow Sneak|p1a: Toxapex\n|-damage|p1a: Toxapex|81\/100\n|\n|-heal|p1a: Toxapex|88\/100|[from] item: Black Sludge\n|upkeep\n|turn|3\n|\n|t:|1701117988\n|move|p2a: Marshadow|Knock Off|p1a: Toxapex\n|-damage|p1a: Toxapex|69\/100\n|-enditem|p1a: Toxapex|Black Sludge|[from] move: Knock Off|[of] p2a: Marshadow\n|move|p1a: Toxapex|Toxic|p2a: Marshadow\n|-status|p2a: Marshadow|tox\n|\n|-damage|p2a: Marshadow|39\/100 tox|[from] psn\n|upkeep\n|turn|4\n|\n|t:|1701117993\n|move|p2a: Marshadow|Spectral Thief|p1a: Toxapex\n|-damage|p1a: Toxapex|43\/100\n|move|p1a: Toxapex|Knock Off|p2a: Marshadow\n|-damage|p2a: Marshadow|19\/100 tox\n|-enditem|p2a: Marshadow|Focus Sash|[from] move: Knock Off|[of] p1a: Toxapex\n|\n|-damage|p2a: Marshadow|6\/100 tox|[from] psn\n|upkeep\n|turn|5\n|\n|t:|1701117997\n|move|p2a: Marshadow|Spectral Thief|p1a: Toxapex\n|-damage|p1a: Toxapex|13\/100\n|move|p1a: Toxapex|Recover|p1a: Toxapex\n|-heal|p1a: Toxapex|63\/100\n|\n|-damage|p2a: Marshadow|0 fnt|[from] psn\n|faint|p2a: Marshadow\n|upkeep\n|\n|t:|1701118008\n|switch|p2a: Kyogre|Kyogre|100\/100\n|detailschange|p2a: Kyogre|Kyogre-Primal\n|-primal|p2a: Kyogre|Blue Orb\n|-weather|PrimordialSea|[from] ability: Primordial Sea|[of] p2a: Kyogre\n|turn|6\n|\n|t:|1701118014\n|move|p2a: Kyogre|Thunder|p1a: Toxapex\n|-supereffective|p1a: Toxapex\n|-damage|p1a: Toxapex|0 fnt\n|faint|p1a: Toxapex\n|\n|-weather|PrimordialSea|[upkeep]\n|upkeep\n|inactive|Battle timer is ON: inactive players will automatically lose when time's up. (requested by smeat packer)\n|\n|t:|1701118025\n|switch|p1a: Tyranitar|Tyranitar, M|100\/100\n|-ability|p1a: Tyranitar|Unnerve\n|turn|7\n|\n|t:|1701118030\n|detailschange|p1a: Tyranitar|Tyranitar-Mega, M\n|-mega|p1a: Tyranitar|Tyranitar|Tyranitarite\n|-ability|p1a: Tyranitar|Sand Stream|[from] primordialsea|[fail]\n|move|p1a: Tyranitar|Earthquake|p2a: Kyogre\n|-damage|p2a: Kyogre|69\/100\n|move|p2a: Kyogre|Scald|p1a: Tyranitar\n|-supereffective|p1a: Tyranitar\n|-damage|p1a: Tyranitar|0 fnt\n|faint|p1a: Tyranitar\n|\n|-weather|PrimordialSea|[upkeep]\n|upkeep\n|\n|t:|1701118038\n|switch|p1a: Dragapult|Dragapult, M|21\/100\n|turn|8\n|\n|t:|1701118040\n|move|p1a: Dragapult|Phantom Force||[still]\n|-prepare|p1a: Dragapult|Phantom Force\n|move|p2a: Kyogre|Ice Beam|p1a: Dragapult|[miss]\n|-miss|p2a: Kyogre|p1a: Dragapult\n|\n|-weather|PrimordialSea|[upkeep]\n|upkeep\n|turn|9\n|\n|t:|1701118042\n|move|p1a: Dragapult|Phantom Force|p2a: Kyogre|[from]lockedmove\n|-damage|p2a: Kyogre|33\/100\n|move|p2a: Kyogre|Ice Beam|p1a: Dragapult\n|-supereffective|p1a: Dragapult\n|-damage|p1a: Dragapult|0 fnt\n|faint|p1a: Dragapult\n|\n|-weather|PrimordialSea|[upkeep]\n|upkeep\n|\n|t:|1701118046\n|switch|p1a: Landorus|Landorus, M|100\/100\n|turn|10\n|\n|t:|1701118050\n|move|p1a: Landorus|Earthquake|p2a: Kyogre\n|-damage|p2a: Kyogre|0 fnt\n|faint|p2a: Kyogre\n|-weather|none\n|-damage|p1a: Landorus|91\/100|[from] item: Life Orb\n|\n|upkeep\n|\n|t:|1701118057\n|switch|p2a: Kyurem|Kyurem-Black|100\/100\n|-ability|p2a: Kyurem|Teravolt\n|turn|11\n|\n|t:|1701118061\n|switch|p1a: Heatran|Heatran, M|100\/100\n|-item|p1a: Heatran|Air Balloon\n|move|p2a: Kyurem|Icicle Spear|p1a: Heatran\n|-resisted|p1a: Heatran\n|-damage|p1a: Heatran|97\/100\n|-enditem|p1a: Heatran|Air Balloon\n|-resisted|p1a: Heatran\n|-damage|p1a: Heatran|94\/100\n|-resisted|p1a: Heatran\n|-damage|p1a: Heatran|90\/100\n|-resisted|p1a: Heatran\n|-damage|p1a: Heatran|87\/100\n|-hitcount|p1a: Heatran|4\n|\n|upkeep\n|turn|12\n|\n|t:|1701118067\n|switch|p2a: Groudon|Groudon|100\/100\n|detailschange|p2a: Groudon|Groudon-Primal\n|-primal|p2a: Groudon|Red Orb\n|-weather|DesolateLand|[from] ability: Desolate Land|[of] p2a: Groudon\n|move|p1a: Heatran|Stealth Rock|p2a: Groudon\n|-sidestart|p2: smeat packer|move: Stealth Rock\n|\n|-weather|DesolateLand|[upkeep]\n|upkeep\n|turn|13\n|\n|t:|1701118071\n|switch|p1a: Landorus|Landorus, M|91\/100\n|move|p2a: Groudon|Bulk Up|p2a: Groudon\n|-boost|p2a: Groudon|atk|1\n|-boost|p2a: Groudon|def|1\n|\n|-weather|DesolateLand|[upkeep]\n|upkeep\n|turn|14\n|\n|t:|1701118074\n|move|p1a: Landorus|Earthquake|p2a: Groudon\n|-supereffective|p2a: Groudon\n|-damage|p2a: Groudon|59\/100\n|-damage|p1a: Landorus|81\/100|[from] item: Life Orb\n|move|p2a: Groudon|Dragon Claw|p1a: Landorus\n|-damage|p1a: Landorus|31\/100\n|\n|-weather|DesolateLand|[upkeep]\n|upkeep\n|turn|15\n|\n|t:|1701118078\n|move|p1a: Landorus|Earthquake|p2a: Groudon\n|-supereffective|p2a: Groudon\n|-damage|p2a: Groudon|18\/100\n|-damage|p1a: Landorus|21\/100|[from] item: Life Orb\n|move|p2a: Groudon|Dragon Claw|p1a: Landorus\n|-damage|p1a: Landorus|0 fnt\n|faint|p1a: Landorus\n|\n|-weather|DesolateLand|[upkeep]\n|upkeep\n|\n|t:|1701118082\n|switch|p1a: Marshadow|Marshadow|100\/100\n|turn|16\n|\n|t:|1701118086\n|-weather|none\n|switch|p2a: Arceus|Arceus, shiny|100\/100\n|-damage|p2a: Arceus|88\/100|[from] Stealth Rock\n|move|p1a: Marshadow|Ice Punch|p2a: Arceus\n|-damage|p2a: Arceus|73\/100\n|\n|-heal|p2a: Arceus|79\/100|[from] item: Leftovers\n|upkeep\n|turn|17\n|\n|t:|1701118093\n|switch|p2a: Groudon|Groudon-Primal|18\/100\n|-damage|p2a: Groudon|6\/100|[from] Stealth Rock\n|-weather|DesolateLand|[from] ability: Desolate Land|[of] p2a: Groudon\n|move|p1a: Marshadow|Close Combat|p2a: Groudon\n|-damage|p2a: Groudon|0 fnt\n|-unboost|p1a: Marshadow|def|1\n|-unboost|p1a: Marshadow|spd|1\n|faint|p2a: Groudon\n|-weather|none\n|\n|upkeep\n|\n|t:|1701118108\n|switch|p2a: Magearna|Magearna|100\/100\n|-damage|p2a: Magearna|94\/100|[from] Stealth Rock\n|turn|18\n|\n|t:|1701118114\n|switch|p1a: Heatran|Heatran, M|87\/100\n|move|p2a: Magearna|Draining Kiss|p1a: Heatran\n|-resisted|p1a: Heatran\n|-damage|p1a: Heatran|82\/100\n|-heal|p2a: Magearna|98\/100|[from] drain|[of] p1a: Heatran\n|\n|-heal|p2a: Magearna|100\/100|[from] item: Leftovers\n|upkeep\n|turn|19\n|\n|t:|1701118117\n|switch|p2a: Kyurem|Kyurem-Black|100\/100\n|-damage|p2a: Kyurem|76\/100|[from] Stealth Rock\n|-ability|p2a: Kyurem|Teravolt\n|move|p1a: Heatran|Magma Storm|p2a: Kyurem\n|-damage|p2a: Kyurem|38\/100\n|-activate|p2a: Kyurem|move: Magma Storm|[of] p1a: Heatran\n|\n|-damage|p2a: Kyurem|26\/100|[from] move: Magma Storm|[partiallytrapped]\n|upkeep\n|turn|20\n|\n|t:|1701118121\n|move|p2a: Kyurem|Fusion Bolt|p1a: Heatran\n|-damage|p1a: Heatran|46\/100\n|move|p1a: Heatran|Earth Power|p2a: Kyurem\n|-damage|p2a: Kyurem|0 fnt\n|faint|p2a: Kyurem\n|\n|upkeep\n|\n|t:|1701118124\n|switch|p2a: Arceus|Arceus, shiny|79\/100\n|-damage|p2a: Arceus|66\/100|[from] Stealth Rock\n|turn|21\n|\n|t:|1701118128\n|move|p2a: Arceus|Bulk Up|p2a: Arceus\n|-boost|p2a: Arceus|atk|1\n|-boost|p2a: Arceus|def|1\n|move|p1a: Heatran|Magma Storm|p2a: Arceus\n|-damage|p2a: Arceus|40\/100\n|-activate|p2a: Arceus|move: Magma Storm|[of] p1a: Heatran\n|\n|-heal|p2a: Arceus|46\/100|[from] item: Leftovers\n|-damage|p2a: Arceus|33\/100|[from] move: Magma Storm|[partiallytrapped]\n|upkeep\n|turn|22\n|\n|t:|1701118130\n|move|p2a: Arceus|Recover|p2a: Arceus\n|-heal|p2a: Arceus|83\/100\n|move|p1a: Heatran|Magma Storm|p2a: Arceus\n|-damage|p2a: Arceus|60\/100\n|\n|-heal|p2a: Arceus|66\/100|[from] item: Leftovers\n|-damage|p2a: Arceus|53\/100|[from] move: Magma Storm|[partiallytrapped]\n|upkeep\n|turn|23\n|\n|t:|1701118135\n|move|p2a: Arceus|Bulk Up|p2a: Arceus\n|-boost|p2a: Arceus|atk|1\n|-boost|p2a: Arceus|def|1\n|move|p1a: Heatran|Toxic|p2a: Arceus\n|-status|p2a: Arceus|tox\n|\n|-heal|p2a: Arceus|60\/100 tox|[from] item: Leftovers\n|-damage|p2a: Arceus|53\/100 tox|[from] psn\n|-damage|p2a: Arceus|41\/100 tox|[from] move: Magma Storm|[partiallytrapped]\n|upkeep\n|turn|24\n|\n|t:|1701118138\n|move|p2a: Arceus|Recover|p2a: Arceus\n|-heal|p2a: Arceus|91\/100 tox\n|move|p1a: Heatran|Magma Storm|p2a: Arceus|[miss]\n|-miss|p1a: Heatran|p2a: Arceus\n|\n|-heal|p2a: Arceus|97\/100 tox|[from] item: Leftovers\n|-damage|p2a: Arceus|85\/100 tox|[from] psn\n|-damage|p2a: Arceus|73\/100 tox|[from] move: Magma Storm|[partiallytrapped]\n|upkeep\n|turn|25\n|\n|t:|1701118141\n|move|p2a: Arceus|Earthquake|p1a: Heatran\n|-supereffective|p1a: Heatran\n|-damage|p1a: Heatran|0 fnt\n|faint|p1a: Heatran\n|\n|-heal|p2a: Arceus|79\/100 tox|[from] item: Leftovers\n|-damage|p2a: Arceus|60\/100 tox|[from] psn\n|-end|p2a: Arceus|Magma Storm|[partiallytrapped]\n|upkeep\n|\n|t:|1701118146\n|switch|p1a: Marshadow|Marshadow|100\/100\n|turn|26\n|\n|t:|1701118152\n|move|p1a: Marshadow|Close Combat|p2a: Arceus\n|-supereffective|p2a: Arceus\n|-damage|p2a: Arceus|21\/100 tox\n|-unboost|p1a: Marshadow|def|1\n|-unboost|p1a: Marshadow|spd|1\n|move|p2a: Arceus|Earthquake|p1a: Marshadow\n|-damage|p1a: Marshadow|2\/100\n|\n|-heal|p2a: Arceus|27\/100 tox|[from] item: Leftovers\n|-damage|p2a: Arceus|3\/100 tox|[from] psn\n|upkeep\n|turn|27\n|\n|t:|1701118159\n|-terastallize|p2a: Arceus|Ghost\n|move|p1a: Marshadow|Ice Punch|p2a: Arceus\n|-damage|p2a: Arceus|0 fnt\n|faint|p2a: Arceus\n|\n|upkeep\n|\n|t:|1701118163\n|switch|p2a: Magearna|Magearna|100\/100\n|-damage|p2a: Magearna|94\/100|[from] Stealth Rock\n|turn|28\n|\n|t:|1701118166\n|-zpower|p1a: Marshadow\n|move|p1a: Marshadow|Soul-Stealing 7-Star Strike|p2a: Magearna|[zeffect]\n|-damage|p2a: Magearna|20\/100\n|move|p2a: Magearna|Draining Kiss|p1a: Marshadow\n|-supereffective|p1a: Marshadow\n|-damage|p1a: Marshadow|0 fnt\n|-heal|p2a: Magearna|21\/100|[from] drain|[of] p1a: Marshadow\n|faint|p1a: Marshadow\n|\n|win|smeat packer\n|raw|pacmaster000's rating: 1259 &rarr; <strong>1244<\/strong><br \/>(-15 for losing)\n|raw|smeat packer's rating: 1406 &rarr; <strong>1418<\/strong><br \/>(+12 for winning)\n|c|\u2606smeat packer|gg\n","uploadtime":1701118182,"views":1,"p1id":"pacmaster000","p2id":"smeatpacker","formatid":"gen9nationaldexubers","rating":1244,"private":0,"password":""}