{"id":"gen9nationaldexubers-1986957659","p1":"kirblaster","p2":"plasma13","format":"[Gen 9] National Dex Ubers","log":"|j|\u2606kirblaster\n|j|\u2606plasma13\n|t:|1699544386\n|gametype|singles\n|player|p1|kirblaster|yellow|\n|player|p2|plasma13|170|\n|teamsize|p1|6\n|teamsize|p2|6\n|gen|9\n|tier|[Gen 9] National Dex Ubers\n|rule|HP Percentage Mod: HP is shown in percentages\n|rule|Endless Battle Clause: Forcing endless battles is banned\n|rule|OHKO Clause: OHKO moves are banned\n|rule|Evasion Moves Clause: Evasion moves are banned\n|rule|Evasion Items Clause: Evasion items are banned\n|rule|Species Clause: Limit one of each Pok\u00e9mon\n|rule|Sleep Clause Mod: Limit one foe put to sleep\n|rule|Mega Rayquaza Clause: You cannot mega evolve Rayquaza\n|clearpoke\n|poke|p1|Palafin, M|\n|poke|p1|Charjabug, F|\n|poke|p1|Politoed, F|\n|poke|p1|Mew|\n|poke|p1|Goodra-Hisui, F|\n|poke|p1|Swampert, F|\n|poke|p2|Cutiefly, M|\n|poke|p2|Maushold-Four|\n|poke|p2|Serperior, M|\n|poke|p2|Dracovish|\n|poke|p2|Pelipper, F|\n|poke|p2|Weavile, F|\n|teampreview\n|inactive|Battle timer is ON: inactive players will automatically lose when time's up. (requested by kirblaster)\n|\n|t:|1699544396\n|start\n|switch|p1a: \u03bc2|Mew|100\/100\n|switch|p2a: Weavile|Weavile, F|100\/100\n|turn|1\n|\n|t:|1699544410\n|switch|p1a: green album|Charjabug, F|100\/100\n|move|p2a: Weavile|Knock Off|p1a: green album\n|-damage|p1a: green album|66\/100\n|-enditem|p1a: green album|Eviolite|[from] move: Knock Off|[of] p2a: Weavile\n|-damage|p2a: Weavile|91\/100|[from] item: Life Orb\n|\n|upkeep\n|turn|2\n|inactive|plasma13 has 270 seconds left.\n|\n|t:|1699544442\n|switch|p2a: Pelipper|Pelipper, F|100\/100\n|-weather|RainDance|[from] ability: Drizzle|[of] p2a: Pelipper\n|move|p1a: green album|Lunge|p2a: Pelipper\n|-resisted|p2a: Pelipper\n|-damage|p2a: Pelipper|92\/100\n|-unboost|p2a: Pelipper|atk|1\n|\n|-weather|RainDance|[upkeep]\n|upkeep\n|turn|3\n|inactive|plasma13 has 270 seconds left.\n|\n|t:|1699544453\n|move|p2a: Pelipper|Hurricane|p1a: green album\n|-damage|p1a: green album|19\/100\n|move|p1a: green album|Sticky Web|p2a: Pelipper\n|-sidestart|p2: plasma13|move: Sticky Web\n|\n|-weather|RainDance|[upkeep]\n|upkeep\n|turn|4\n|\n|t:|1699544458\n|switch|p1a: lmao|Goodra-Hisui, F|100\/100\n|move|p2a: Pelipper|Hurricane|p1a: lmao\n|-resisted|p1a: lmao\n|-crit|p1a: lmao\n|-damage|p1a: lmao|84\/100\n|\n|-weather|RainDance|[upkeep]\n|upkeep\n|turn|5\n|\n|t:|1699544467\n|move|p1a: lmao|Thunder|p2a: Pelipper\n|-supereffective|p2a: Pelipper\n|-crit|p2a: Pelipper\n|-damage|p2a: Pelipper|0 fnt\n|faint|p2a: Pelipper\n|\n|-weather|RainDance|[upkeep]\n|upkeep\n|inactive|plasma13 has 270 seconds left.\n|\n|t:|1699544497\n|switch|p2a: Cutiefly|Cutiefly, M|100\/100\n|-activate|p2a: Cutiefly|move: Sticky Web\n|-unboost|p2a: Cutiefly|spe|1\n|turn|6\n|\n|t:|1699544508\n|switch|p1a: Dayhun~|Palafin, M|100\/100\n|move|p2a: Cutiefly|Sticky Web|p1a: Dayhun~\n|-sidestart|p1: kirblaster|move: Sticky Web\n|\n|-weather|RainDance|[upkeep]\n|upkeep\n|turn|7\n|inactive|plasma13 has 270 seconds left.\n|inactive|plasma13 has 240 seconds left.\n|\n|t:|1699544552\n|detailschange|p1a: Dayhun~|Palafin-Hero, M\n|switch|p1a: green album|Charjabug, F|19\/100\n|-activate|p1a: green album|move: Sticky Web\n|-unboost|p1a: green album|spe|1\n|switch|p2a: Dracovish|Dracovish|100\/100\n|-activate|p2a: Dracovish|move: Sticky Web\n|-unboost|p2a: Dracovish|spe|1\n|\n|-weather|RainDance|[upkeep]\n|upkeep\n|turn|8\n|inactive|plasma13 has 240 seconds left.\n|\n|t:|1699544561\n|move|p2a: Dracovish|Fishious Rend|p1a: green album\n|-damage|p1a: green album|0 fnt\n|faint|p1a: green album\n|\n|-weather|RainDance|[upkeep]\n|upkeep\n|\n|t:|1699544564\n|switch|p1a: Swampert|Swampert, F|100\/100\n|-activate|p1a: Swampert|move: Sticky Web\n|-unboost|p1a: Swampert|spe|1\n|turn|9\n|\n|t:|1699544569\n|detailschange|p1a: Swampert|Swampert-Mega, F\n|-mega|p1a: Swampert|Swampert|Swampertite\n|move|p1a: Swampert|Outrage|p2a: Dracovish\n|-supereffective|p2a: Dracovish\n|-damage|p2a: Dracovish|11\/100\n|move|p2a: Dracovish|Fishious Rend|p1a: Swampert\n|-damage|p1a: Swampert|0 fnt\n|faint|p1a: Swampert\n|\n|-weather|none\n|upkeep\n|\n|t:|1699544576\n|switch|p1a: Dayhun~|Palafin-Hero, M|100\/100\n|-activate|p1a: Dayhun~|ability: Zero to Hero\n|turn|10\n|inactive|plasma13 has 240 seconds left.\n|inactive|plasma13 has 210 seconds left.\n|\n|t:|1699544632\n|switch|p2a: Maushold|Maushold-Four|100\/100\n|-activate|p2a: Maushold|move: Sticky Web\n|-unboost|p2a: Maushold|spe|1\n|move|p1a: Dayhun~|Substitute|p1a: Dayhun~\n|-start|p1a: Dayhun~|Substitute\n|-damage|p1a: Dayhun~|75\/100\n|\n|upkeep\n|turn|11\n|inactive|plasma13 has 210 seconds left.\n|inactive|kirblaster has 270 seconds left.\n|\n|t:|1699544665\n|switch|p1a: lmao|Goodra-Hisui, F|84\/100\n|-activate|p1a: lmao|move: Sticky Web\n|-unboost|p1a: lmao|spe|1\n|move|p2a: Maushold|Population Bomb|p1a: lmao\n|-resisted|p1a: lmao\n|-damage|p1a: lmao|80\/100\n|-damage|p2a: Maushold|84\/100|[from] item: Rocky Helmet|[of] p1a: lmao\n|-resisted|p1a: lmao\n|-damage|p1a: lmao|76\/100\n|-damage|p2a: Maushold|67\/100|[from] item: Rocky Helmet|[of] p1a: lmao\n|-resisted|p1a: lmao\n|-damage|p1a: lmao|72\/100\n|-damage|p2a: Maushold|51\/100|[from] item: Rocky Helmet|[of] p1a: lmao\n|-resisted|p1a: lmao\n|-damage|p1a: lmao|68\/100\n|-damage|p2a: Maushold|34\/100|[from] item: Rocky Helmet|[of] p1a: lmao\n|-resisted|p1a: lmao\n|-damage|p1a: lmao|64\/100\n|-damage|p2a: Maushold|17\/100|[from] item: Rocky Helmet|[of] p1a: lmao\n|-resisted|p1a: lmao\n|-damage|p1a: lmao|60\/100\n|-damage|p2a: Maushold|1\/100|[from] item: Rocky Helmet|[of] p1a: lmao\n|-resisted|p1a: lmao\n|-damage|p1a: lmao|56\/100\n|-damage|p2a: Maushold|0 fnt|[from] item: Rocky Helmet|[of] p1a: lmao\n|faint|p2a: Maushold\n|-hitcount|p1a: lmao|7\n|\n|upkeep\n|inactive|plasma13 has 210 seconds left.\n|\n|t:|1699544687\n|switch|p2a: Weavile|Weavile, F|91\/100\n|-activate|p2a: Weavile|move: Sticky Web\n|-unboost|p2a: Weavile|spe|1\n|turn|12\n|inactive|kirblaster has 270 seconds left.\n|inactive|plasma13 has 180 seconds left.\n|\n|t:|1699544735\n|switch|p1a: why bother|Politoed, F|100\/100\n|-activate|p1a: why bother|move: Sticky Web\n|-unboost|p1a: why bother|spe|1\n|move|p2a: Weavile|Knock Off|p1a: why bother\n|-damage|p1a: why bother|51\/100\n|-enditem|p1a: why bother|Leftovers|[from] move: Knock Off|[of] p2a: Weavile\n|-damage|p2a: Weavile|81\/100|[from] item: Life Orb\n|\n|upkeep\n|turn|13\n|\n|t:|1699544747\n|move|p2a: Weavile|Trailblaze|p1a: why bother\n|-supereffective|p1a: why bother\n|-damage|p1a: why bother|17\/100\n|-boost|p2a: Weavile|spe|1\n|-damage|p2a: Weavile|71\/100|[from] item: Life Orb\n|move|p1a: why bother|Toxic|p2a: Weavile\n|-status|p2a: Weavile|tox\n|\n|-damage|p2a: Weavile|65\/100 tox|[from] psn\n|upkeep\n|turn|14\n|inactive|kirblaster has 270 seconds left.\n|\n|t:|1699544763\n|switch|p1a: lmao|Goodra-Hisui, F|56\/100\n|-activate|p1a: lmao|move: Sticky Web\n|-unboost|p1a: lmao|spe|1\n|move|p2a: Weavile|Trailblaze|p1a: lmao\n|-ability|p1a: lmao|Sap Sipper|boost\n|-boost|p1a: lmao|atk|1\n|\n|-damage|p2a: Weavile|52\/100 tox|[from] psn\n|upkeep\n|turn|15\n|inactive|kirblaster has 270 seconds left.\n|inactive|plasma13 has 150 seconds left.\n|\n|t:|1699544789\n|switch|p1a: why bother|Politoed, F|17\/100\n|-activate|p1a: why bother|move: Sticky Web\n|-unboost|p1a: why bother|spe|1\n|move|p2a: Weavile|Low Kick|p1a: why bother\n|-damage|p1a: why bother|0 fnt\n|faint|p1a: why bother\n|-damage|p2a: Weavile|42\/100 tox|[from] item: Life Orb\n|\n|-damage|p2a: Weavile|24\/100 tox|[from] psn\n|upkeep\n|inactive|kirblaster has 270 seconds left.\n|\n|t:|1699544818\n|switch|p1a: Dayhun~|Palafin-Hero, M|75\/100\n|turn|16\n|inactive|plasma13 has 150 seconds left.\n|inactive|plasma13 has 120 seconds left.\n|inactive|plasma13 has 90 seconds left.\n|\n|t:|1699544889\n|move|p1a: Dayhun~|Jet Punch|p2a: Weavile\n|-damage|p2a: Weavile|0 fnt\n|faint|p2a: Weavile\n|\n|upkeep\n|\n|t:|1699544894\n|switch|p2a: Cutiefly|Cutiefly, M|100\/100\n|-activate|p2a: Cutiefly|move: Sticky Web\n|-unboost|p2a: Cutiefly|spe|1\n|turn|17\n|\n|t:|1699544900\n|move|p1a: Dayhun~|Substitute|p1a: Dayhun~\n|-start|p1a: Dayhun~|Substitute\n|-damage|p1a: Dayhun~|50\/100\n|move|p2a: Cutiefly|Toxic||[still]\n|-fail|p2a: Cutiefly\n|\n|upkeep\n|turn|18\n|inactive|plasma13 has 90 seconds left.\n|\n|t:|1699544930\n|switch|p2a: Serperior|Serperior, M|100\/100\n|-activate|p2a: Serperior|move: Sticky Web\n|-boost|p2a: Serperior|spe|1\n|move|p1a: Dayhun~|Bulk Up|p1a: Dayhun~\n|-boost|p1a: Dayhun~|atk|1\n|-boost|p1a: Dayhun~|def|1\n|\n|upkeep\n|turn|19\n|\n|t:|1699544940\n|move|p2a: Serperior|Leaf Storm|p1a: Dayhun~\n|-supereffective|p1a: Dayhun~\n|-end|p1a: Dayhun~|Substitute\n|-boost|p2a: Serperior|spa|2\n|move|p1a: Dayhun~|Drain Punch|p2a: Serperior\n|-damage|p2a: Serperior|52\/100\n|-heal|p1a: Dayhun~|68\/100|[from] drain|[of] p2a: Serperior\n|\n|upkeep\n|turn|20\n|inactive|plasma13 has 90 seconds left.\n|\n|t:|1699544952\n|switch|p1a: lmao|Goodra-Hisui, F|56\/100\n|-activate|p1a: lmao|move: Sticky Web\n|-unboost|p1a: lmao|spe|1\n|move|p2a: Serperior|Leaf Storm|p1a: lmao\n|-ability|p1a: lmao|Sap Sipper|boost\n|-boost|p1a: lmao|atk|1\n|\n|upkeep\n|turn|21\n|inactive|plasma13 has 90 seconds left.\n|\n|t:|1699544970\n|switch|p2a: Cutiefly|Cutiefly, M|100\/100\n|-activate|p2a: Cutiefly|move: Sticky Web\n|-unboost|p2a: Cutiefly|spe|1\n|move|p1a: lmao|Ice Beam|p2a: Cutiefly\n|-damage|p2a: Cutiefly|42\/100\n|\n|upkeep\n|turn|22\n|\n|t:|1699544983\n|switch|p1a: \u03bc2|Mew|100\/100\n|-activate|p1a: \u03bc2|move: Sticky Web\n|-unboost|p1a: \u03bc2|spe|1\n|move|p2a: Cutiefly|Tailwind|p2a: Cutiefly\n|-sidestart|p2: plasma13|move: Tailwind\n|\n|upkeep\n|turn|23\n|\n|t:|1699544995\n|move|p2a: Cutiefly|Toxic|p1a: \u03bc2|[miss]\n|-miss|p2a: Cutiefly|p1a: \u03bc2\n|move|p1a: \u03bc2|Taunt|p2a: Cutiefly\n|-start|p2a: Cutiefly|move: Taunt\n|\n|upkeep\n|turn|24\n|inactive|plasma13 has 90 seconds left.\n|\n|t:|1699545005\n|-activate|p2a: Cutiefly|move: Struggle\n|move|p2a: Cutiefly|Struggle|p1a: \u03bc2\n|-damage|p1a: \u03bc2|96\/100\n|-damage|p2a: Cutiefly|17\/100|[from] recoil\n|move|p1a: \u03bc2|Dragon Dance|p1a: \u03bc2\n|-boost|p1a: \u03bc2|atk|1\n|-boost|p1a: \u03bc2|spe|1\n|\n|upkeep\n|turn|25\n|inactive|plasma13 has 90 seconds left.\n|\n|t:|1699545018\n|-activate|p2a: Cutiefly|move: Struggle\n|move|p2a: Cutiefly|Struggle|p1a: \u03bc2\n|-damage|p1a: \u03bc2|91\/100\n|-damage|p2a: Cutiefly|0 fnt|[from] recoil\n|faint|p2a: Cutiefly\n|move|p1a: \u03bc2|Dragon Dance|p1a: \u03bc2\n|-boost|p1a: \u03bc2|atk|1\n|-boost|p1a: \u03bc2|spe|1\n|\n|-sideend|p2: plasma13|move: Tailwind\n|upkeep\n|inactive|plasma13 has 90 seconds left.\n|\n|t:|1699545028\n|switch|p2a: Serperior|Serperior, M|52\/100\n|-activate|p2a: Serperior|move: Sticky Web\n|-boost|p2a: Serperior|spe|1\n|turn|26\n|inactive|plasma13 has 90 seconds left.\n|inactive|kirblaster has 270 seconds left.\n|inactive|plasma13 has 60 seconds left.\n|\n|t:|1699545081\n|switch|p1a: lmao|Goodra-Hisui, F|56\/100\n|-activate|p1a: lmao|move: Sticky Web\n|-unboost|p1a: lmao|spe|1\n|move|p2a: Serperior|Dragon Pulse|p1a: lmao\n|-damage|p1a: lmao|43\/100\n|\n|upkeep\n|turn|27\n|\n|t:|1699545089\n|move|p2a: Serperior|Dragon Pulse|p1a: lmao\n|-damage|p1a: lmao|30\/100\n|move|p1a: lmao|Life Dew|p1a: lmao\n|-heal|p1a: lmao|55\/100\n|\n|upkeep\n|turn|28\n|\n|t:|1699545099\n|switch|p2a: Dracovish|Dracovish|11\/100\n|-activate|p2a: Dracovish|move: Sticky Web\n|-unboost|p2a: Dracovish|spe|1\n|move|p1a: lmao|Life Dew|p1a: lmao\n|-heal|p1a: lmao|80\/100\n|\n|upkeep\n|turn|29\n|inactive|kirblaster has 270 seconds left.\n|\n|t:|1699545116\n|switch|p1a: \u03bc2|Mew|91\/100\n|-activate|p1a: \u03bc2|move: Sticky Web\n|-unboost|p1a: \u03bc2|spe|1\n|move|p2a: Dracovish|Fishious Rend|p1a: \u03bc2\n|-damage|p1a: \u03bc2|0 fnt\n|faint|p1a: \u03bc2\n|\n|upkeep\n|\n|t:|1699545119\n|switch|p1a: Dayhun~|Palafin-Hero, M|68\/100\n|turn|30\n|inactive|kirblaster has 270 seconds left.\n|\n|t:|1699545144\n|move|p1a: Dayhun~|Drain Punch|p2a: Dracovish\n|-damage|p2a: Dracovish|0 fnt\n|-heal|p1a: Dayhun~|73\/100|[from] drain|[of] p2a: Dracovish\n|faint|p2a: Dracovish\n|\n|upkeep\n|\n|t:|1699545150\n|switch|p2a: Serperior|Serperior, M|52\/100\n|-activate|p2a: Serperior|move: Sticky Web\n|-boost|p2a: Serperior|spe|1\n|turn|31\n|\n|t:|1699545166\n|switch|p1a: lmao|Goodra-Hisui, F|80\/100\n|-activate|p1a: lmao|move: Sticky Web\n|-unboost|p1a: lmao|spe|1\n|move|p2a: Serperior|Dragon Pulse|p1a: lmao\n|-damage|p1a: lmao|66\/100\n|\n|upkeep\n|turn|32\n|\n|t:|1699545179\n|-terastallize|p1a: lmao|Steel\n|move|p2a: Serperior|Dragon Pulse|p1a: lmao\n|-resisted|p1a: lmao\n|-damage|p1a: lmao|60\/100\n|move|p1a: lmao|Ice Beam|p2a: Serperior\n|-supereffective|p2a: Serperior\n|-damage|p2a: Serperior|0 fnt\n|faint|p2a: Serperior\n|\n|win|kirblaster\n|c|\u2606plasma13|gg\n|l|\u2606plasma13\n","uploadtime":1699545272,"views":13,"p1id":"kirblaster","p2id":"plasma13","formatid":"gen9nationaldexubers","rating":0,"private":0,"password":""}