{"id":"gen9nationaldexubers-1983961469","p1":"BillyBobJr.The3rd","p2":"EndlessC4lamity","format":"[Gen 9] National Dex Ubers","log":"|j|\u2606BillyBobJr.The3rd\n|j|\u2606EndlessC4lamity\n|t:|1699204471\n|gametype|singles\n|player|p1|BillyBobJr.The3rd|265|\n|player|p2|EndlessC4lamity|saguaro|\n|teamsize|p1|6\n|teamsize|p2|6\n|gen|9\n|tier|[Gen 9] National Dex Ubers\n|rule|HP Percentage Mod: HP is shown in percentages\n|rule|Endless Battle Clause: Forcing endless battles is banned\n|rule|OHKO Clause: OHKO moves are banned\n|rule|Evasion Moves Clause: Evasion moves are banned\n|rule|Evasion Items Clause: Evasion items are banned\n|rule|Species Clause: Limit one of each Pok\u00e9mon\n|rule|Sleep Clause Mod: Limit one foe put to sleep\n|rule|Mega Rayquaza Clause: You cannot mega evolve Rayquaza\n|clearpoke\n|poke|p1|Pelipper, F|\n|poke|p1|Walking Wake|\n|poke|p1|Kilowattrel, M|\n|poke|p1|Tauros-Paldea-Aqua, M|\n|poke|p1|Swampert, F|\n|poke|p1|Aerodactyl, F|\n|poke|p2|Ninetales-Alola, F|\n|poke|p2|Gardevoir, F|\n|poke|p2|Snorlax, F|\n|poke|p2|Alcremie-Ruby-Swirl, F|\n|poke|p2|Jirachi|\n|poke|p2|Mismagius, F|\n|teampreview\n|c|\u2606EndlessC4lamity|glhf\n|c|\u2606BillyBobJr.The3rd|glhf\n|\n|t:|1699204487\n|start\n|switch|p1a: Swampert|Swampert, F|100\/100\n|switch|p2a: Alcremie|Alcremie-Ruby-Swirl, F|100\/100\n|turn|1\n|\n|t:|1699204498\n|move|p2a: Alcremie|Acid Armor|p2a: Alcremie\n|-boost|p2a: Alcremie|def|2\n|move|p1a: Swampert|Iron Tail|p2a: Alcremie\n|-supereffective|p2a: Alcremie\n|-crit|p2a: Alcremie\n|-damage|p2a: Alcremie|0 fnt\n|faint|p2a: Alcremie\n|\n|upkeep\n|c|\u2606BillyBobJr.The3rd|...\n|\n|t:|1699204510\n|switch|p2a: Snorlax|Snorlax, F|100\/100\n|turn|2\n|\n|t:|1699204514\n|move|p1a: Swampert|Flip Turn|p2a: Snorlax\n|-damage|p2a: Snorlax|71\/100\n|\n|t:|1699204517\n|switch|p1a: Pelipper|Pelipper, F|100\/100|[from] Flip Turn\n|-weather|RainDance|[from] ability: Drizzle|[of] p1a: Pelipper\n|move|p2a: Snorlax|Double-Edge|p1a: Pelipper\n|-damage|p1a: Pelipper|35\/100\n|-damage|p2a: Snorlax|58\/100|[from] Recoil\n|-damage|p2a: Snorlax|48\/100|[from] item: Life Orb\n|\n|-weather|RainDance|[upkeep]\n|upkeep\n|turn|3\n|\n|t:|1699204521\n|move|p1a: Pelipper|U-turn|p2a: Snorlax\n|-damage|p2a: Snorlax|40\/100\n|\n|t:|1699204532\n|switch|p1a: Aerodactyl|Aerodactyl, F|100\/100|[from] U-turn\n|-ability|p1a: Aerodactyl|Unnerve\n|move|p2a: Snorlax|Double-Edge|p1a: Aerodactyl\n|-resisted|p1a: Aerodactyl\n|-damage|p1a: Aerodactyl|42\/100\n|-damage|p2a: Snorlax|29\/100|[from] Recoil\n|-damage|p2a: Snorlax|19\/100|[from] item: Life Orb\n|\n|-weather|RainDance|[upkeep]\n|upkeep\n|turn|4\n|\n|t:|1699204537\n|detailschange|p1a: Aerodactyl|Aerodactyl-Mega, F\n|-mega|p1a: Aerodactyl|Aerodactyl|Aerodactylite\n|move|p1a: Aerodactyl|Earthquake|p2a: Snorlax\n|-damage|p2a: Snorlax|0 fnt\n|faint|p2a: Snorlax\n|\n|-weather|RainDance|[upkeep]\n|upkeep\n|\n|t:|1699204541\n|switch|p2a: Mismagius|Mismagius, F|100\/100\n|turn|5\n|\n|t:|1699204555\n|switch|p1a: Kilowattrel|Kilowattrel, M|100\/100\n|move|p2a: Mismagius|Thunderbolt|p1a: Kilowattrel\n|-immune|p1a: Kilowattrel|[from] ability: Volt Absorb\n|\n|-weather|RainDance|[upkeep]\n|upkeep\n|turn|6\n|\n|t:|1699204561\n|switch|p2a: Ninetales|Ninetales-Alola, F|100\/100\n|-weather|Snow|[from] ability: Snow Warning|[of] p2a: Ninetales\n|move|p1a: Kilowattrel|Thunder|p2a: Ninetales\n|-damage|p2a: Ninetales|46\/100\n|\n|-weather|Snow|[upkeep]\n|upkeep\n|turn|7\n|\n|t:|1699204569\n|move|p1a: Kilowattrel|Hurricane|p2a: Ninetales\n|-damage|p2a: Ninetales|0 fnt\n|faint|p2a: Ninetales\n|\n|-weather|Snow|[upkeep]\n|upkeep\n|\n|t:|1699204576\n|switch|p2a: Gardevoir|Gardevoir, F|100\/100\n|turn|8\n|\n|t:|1699204581\n|detailschange|p2a: Gardevoir|Gardevoir-Mega, F\n|-mega|p2a: Gardevoir|Gardevoir|Gardevoirite\n|move|p1a: Kilowattrel|Weather Ball|p2a: Gardevoir\n|-damage|p2a: Gardevoir|71\/100\n|move|p2a: Gardevoir|Hyper Voice|p1a: Kilowattrel\n|-damage|p1a: Kilowattrel|0 fnt\n|faint|p1a: Kilowattrel\n|\n|-weather|Snow|[upkeep]\n|upkeep\n|\n|t:|1699204586\n|switch|p1a: Pelipper|Pelipper, F|35\/100\n|-weather|RainDance|[from] ability: Drizzle|[of] p1a: Pelipper\n|turn|9\n|\n|t:|1699204590\n|move|p2a: Gardevoir|Psychic|p1a: Pelipper\n|-damage|p1a: Pelipper|0 fnt\n|faint|p1a: Pelipper\n|\n|-weather|RainDance|[upkeep]\n|upkeep\n|\n|t:|1699204601\n|switch|p1a: Tauros|Tauros-Paldea-Aqua, M|100\/100\n|-ability|p1a: Tauros|Intimidate|boost\n|-unboost|p2a: Gardevoir|atk|1\n|turn|10\n|\n|t:|1699204606\n|switch|p2a: Jirachi|Jirachi|100\/100\n|-item|p2a: Jirachi|Air Balloon\n|move|p1a: Tauros|Wave Crash|p2a: Jirachi\n|-damage|p2a: Jirachi|5\/100\n|-enditem|p2a: Jirachi|Air Balloon\n|-damage|p1a: Tauros|63\/100|[from] Recoil\n|\n|-weather|RainDance|[upkeep]\n|upkeep\n|turn|11\n|\n|t:|1699204614\n|move|p1a: Tauros|Wave Crash|p2a: Jirachi\n|-damage|p2a: Jirachi|0 fnt\n|faint|p2a: Jirachi\n|-damage|p1a: Tauros|62\/100|[from] Recoil\n|\n|-weather|RainDance|[upkeep]\n|upkeep\n|\n|t:|1699204616\n|switch|p2a: Mismagius|Mismagius, F|100\/100\n|turn|12\n|\n|t:|1699204623\n|move|p1a: Tauros|Wave Crash|p2a: Mismagius\n|-damage|p2a: Mismagius|0 fnt\n|faint|p2a: Mismagius\n|-damage|p1a: Tauros|30\/100|[from] Recoil\n|\n|-weather|RainDance|[upkeep]\n|upkeep\n|\n|t:|1699204626\n|switch|p2a: Gardevoir|Gardevoir-Mega, F|71\/100\n|turn|13\n|\n|t:|1699204628\n|move|p1a: Tauros|Wave Crash|p2a: Gardevoir\n|-damage|p2a: Gardevoir|0 fnt\n|faint|p2a: Gardevoir\n|-damage|p1a: Tauros|8\/100|[from] Recoil\n|\n|win|BillyBobJr.The3rd\n|c|\u2606EndlessC4lamity|gg\n|c|\u2606BillyBobJr.The3rd|gg\n|c|\u2606BillyBobJr.The3rd|god i'm sorry that was so rng\n|c|\u2606EndlessC4lamity|pokeman gaming\n","uploadtime":1699204637,"views":14,"p1id":"billybobjrthe3rd","p2id":"endlessc4lamity","formatid":"gen9nationaldexubers","rating":0,"private":0,"password":""}