{"id":"gen9nationaldexubers-1992038897","p1":"aa2919678364","p2":"DrasticGray","format":"[Gen 9] National Dex Ubers","log":"|j|\u2606aa2919678364\n|j|\u2606DrasticGray\n|t:|1700149921\n|gametype|singles\n|player|p1|aa2919678364|rosa|1206\n|player|p2|DrasticGray|swimmer|1226\n|teamsize|p1|6\n|teamsize|p2|6\n|gen|9\n|tier|[Gen 9] National Dex Ubers\n|rated|\n|rule|HP Percentage Mod: HP is shown in percentages\n|rule|Endless Battle Clause: Forcing endless battles is banned\n|rule|OHKO Clause: OHKO moves are banned\n|rule|Evasion Moves Clause: Evasion moves are banned\n|rule|Evasion Items Clause: Evasion items are banned\n|rule|Species Clause: Limit one of each Pok\u00e9mon\n|rule|Sleep Clause Mod: Limit one foe put to sleep\n|rule|Mega Rayquaza Clause: You cannot mega evolve Rayquaza\n|clearpoke\n|poke|p1|Ambipom, M|\n|poke|p1|Vigoroth, M|\n|poke|p1|Infernape, M|\n|poke|p1|Munkidori, M|\n|poke|p1|Annihilape, F|\n|poke|p1|Urshifu-*, M|\n|poke|p2|Sableye, M|\n|poke|p2|Shuckle, M|\n|poke|p2|Ferrothorn, M|\n|poke|p2|Toxapex, F|\n|poke|p2|Ho-Oh|\n|poke|p2|Lugia|\n|teampreview\n|\n|t:|1700149933\n|start\n|switch|p1a: Ambipom|Ambipom, M, shiny|100\/100\n|switch|p2a: Sableye|Sableye, M|100\/100\n|turn|1\n|\n|t:|1700149960\n|switch|p1a: \u5f90\u7329t|Munkidori, M|100\/100\n|detailschange|p2a: Sableye|Sableye-Mega, M\n|-mega|p2a: Sableye|Sableye|Sablenite\n|move|p2a: Sableye|Fake Out|p1a: \u5f90\u7329t\n|-damage|p1a: \u5f90\u7329t|88\/100\n|\n|upkeep\n|turn|2\n|\n|t:|1700149996\n|move|p1a: \u5f90\u7329t|Hex|p2a: Sableye\n|-damage|p2a: Sableye|83\/100\n|move|p2a: Sableye|Will-O-Wisp|p1a: \u5f90\u7329t|[miss]\n|-miss|p2a: Sableye|p1a: \u5f90\u7329t\n|\n|upkeep\n|turn|3\n|\n|t:|1700150015\n|switch|p1a: Annihilape|Annihilape, F|100\/100\n|move|p2a: Sableye|Will-O-Wisp|p1a: Annihilape\n|-status|p1a: Annihilape|brn\n|\n|-damage|p1a: Annihilape|94\/100 brn|[from] brn\n|upkeep\n|turn|4\n|\n|t:|1700150023\n|move|p1a: Annihilape|Taunt|p2a: Sableye\n|move|p2a: Sableye|Taunt|p1a: Annihilape|[from]ability: Magic Bounce\n|-start|p1a: Annihilape|move: Taunt\n|move|p2a: Sableye|Foul Play|p1a: Annihilape\n|-damage|p1a: Annihilape|65\/100 brn\n|\n|-heal|p1a: Annihilape|71\/100 brn|[from] item: Leftovers\n|-damage|p1a: Annihilape|65\/100 brn|[from] brn\n|upkeep\n|turn|5\n|\n|t:|1700150038\n|switch|p2a: Toxapex|Toxapex, F|100\/100\n|move|p1a: Annihilape|Drain Punch|p2a: Toxapex\n|-resisted|p2a: Toxapex\n|-damage|p2a: Toxapex|97\/100\n|-heal|p1a: Annihilape|66\/100 brn|[from] drain|[of] p2a: Toxapex\n|-damage|p1a: Annihilape|50\/100 brn|[from] item: Rocky Helmet|[of] p2a: Toxapex\n|\n|-heal|p1a: Annihilape|56\/100 brn|[from] item: Leftovers\n|-damage|p1a: Annihilape|50\/100 brn|[from] brn\n|upkeep\n|turn|6\n|\n|t:|1700150060\n|switch|p1a: Vigoroth|Vigoroth, M, shiny|100\/100\n|move|p2a: Toxapex|Infestation|p1a: Vigoroth\n|-damage|p1a: Vigoroth|97\/100\n|-activate|p1a: Vigoroth|move: Infestation|[of] p2a: Toxapex\n|\n|-damage|p1a: Vigoroth|85\/100|[from] move: Infestation|[partiallytrapped]\n|upkeep\n|turn|7\n|c|\u2606aa2919678364|\u733f\u795e\n|c|\u2606aa2919678364|\u542f\u52a8\n|c|\u2606DrasticGray|sorry i only speak english.\n|\n|t:|1700150136\n|switch|p2a: Sableye|Sableye-Mega, M|83\/100\n|move|p1a: Vigoroth|Bulk Up|p1a: Vigoroth\n|-boost|p1a: Vigoroth|atk|1\n|-boost|p1a: Vigoroth|def|1\n|\n|-end|p1a: Vigoroth|Infestation|[partiallytrapped]|[silent]\n|upkeep\n|turn|8\n|\n|t:|1700150149\n|move|p1a: Vigoroth|Bulk Up|p1a: Vigoroth\n|-boost|p1a: Vigoroth|atk|1\n|-boost|p1a: Vigoroth|def|1\n|move|p2a: Sableye|Foul Play|p1a: Vigoroth\n|-crit|p1a: Vigoroth\n|-damage|p1a: Vigoroth|0 fnt\n|faint|p1a: Vigoroth\n|\n|upkeep\n|\n|t:|1700150172\n|switch|p1a: \u5f90\u7329t|Munkidori, M|88\/100\n|turn|9\n|\n|t:|1700150183\n|move|p1a: \u5f90\u7329t|Hex|p2a: Sableye\n|-damage|p2a: Sableye|65\/100\n|-status|p2a: Sableye|tox|[from] ability: Toxic Chain|[of] p1a: \u5f90\u7329t\n|move|p2a: Sableye|Will-O-Wisp|p1a: \u5f90\u7329t\n|-status|p1a: \u5f90\u7329t|brn\n|\n|-damage|p2a: Sableye|59\/100 tox|[from] psn\n|-damage|p1a: \u5f90\u7329t|82\/100 brn|[from] brn\n|upkeep\n|turn|10\n|\n|t:|1700150193\n|move|p1a: \u5f90\u7329t|Hex|p2a: Sableye\n|-damage|p2a: Sableye|20\/100 tox\n|move|p2a: Sableye|Recover|p2a: Sableye\n|-heal|p2a: Sableye|70\/100 tox\n|\n|-damage|p2a: Sableye|59\/100 tox|[from] psn\n|-damage|p1a: \u5f90\u7329t|76\/100 brn|[from] brn\n|upkeep\n|turn|11\n|c|\u2606aa2919678364|you\n|c|\u2606aa2919678364|are\n|c|\u2606aa2919678364|chinese\n|\n|t:|1700150267\n|switch|p2a: Ferrothorn|Ferrothorn, M|100\/100\n|move|p1a: \u5f90\u7329t|Hex|p2a: Ferrothorn\n|-damage|p2a: Ferrothorn|78\/100\n|\n|-damage|p1a: \u5f90\u7329t|70\/100 brn|[from] brn\n|upkeep\n|turn|12\n|\n|t:|1700150282\n|switch|p1a: \u7269\u653b\u7334|Infernape, M, shiny|100\/100\n|move|p2a: Ferrothorn|Leech Seed|p1a: \u7269\u653b\u7334\n|-start|p1a: \u7269\u653b\u7334|move: Leech Seed\n|\n|-damage|p1a: \u7269\u653b\u7334|88\/100|[from] Leech Seed|[of] p2a: Ferrothorn\n|-heal|p2a: Ferrothorn|88\/100|[silent]\n|upkeep\n|turn|13\n|\n|t:|1700150295\n|move|p2a: Ferrothorn|Protect|p2a: Ferrothorn\n|-singleturn|p2a: Ferrothorn|Protect\n|move|p1a: \u7269\u653b\u7334|Switcheroo|p2a: Ferrothorn\n|-activate|p2a: Ferrothorn|move: Protect\n|\n|-damage|p1a: \u7269\u653b\u7334|76\/100|[from] Leech Seed|[of] p2a: Ferrothorn\n|-heal|p2a: Ferrothorn|99\/100|[silent]\n|upkeep\n|turn|14\n|c|\u2606DrasticGray|i am american\n|c|\u2606aa2919678364|ahhahaah\n|\n|t:|1700150333\n|switch|p2a: Toxapex|Toxapex, F|100\/100\n|move|p1a: \u7269\u653b\u7334|Switcheroo|p2a: Toxapex\n|-activate|p1a: \u7269\u653b\u7334|move: Trick|[of] p2a: Toxapex\n|-item|p2a: Toxapex|Choice Band|[from] move: Switcheroo\n|-item|p1a: \u7269\u653b\u7334|Rocky Helmet|[from] move: Switcheroo\n|\n|-damage|p1a: \u7269\u653b\u7334|64\/100|[from] Leech Seed|[of] p2a: Toxapex\n|upkeep\n|turn|15\n|c|\u2606aa2919678364|don't\n|c|\u2606aa2919678364|trick me\n|\n|t:|1700150382\n|switch|p1a: Urshifu|Urshifu-Rapid-Strike, M|100\/100\n|move|p2a: Toxapex|Recover||[still]\n|-fail|p2a: Toxapex|heal\n|\n|upkeep\n|turn|16\n|\n|t:|1700150389\n|switch|p2a: Sableye|Sableye-Mega, M|59\/100 tox\n|move|p1a: Urshifu|Swords Dance|p1a: Urshifu\n|-boost|p1a: Urshifu|atk|2\n|\n|-damage|p2a: Sableye|53\/100 tox|[from] psn\n|upkeep\n|turn|17\n|\n|t:|1700150406\n|move|p1a: Urshifu|Aqua Jet|p2a: Sableye\n|-damage|p2a: Sableye|3\/100 tox\n|move|p2a: Sableye|Foul Play|p1a: Urshifu\n|-resisted|p1a: Urshifu\n|-crit|p1a: Urshifu\n|-damage|p1a: Urshifu|32\/100\n|\n|-damage|p2a: Sableye|0 fnt|[from] psn\n|faint|p2a: Sableye\n|upkeep\n|\n|t:|1700150431\n|switch|p2a: Lugia|Lugia|100\/100\n|turn|18\n|\n|t:|1700150440\n|move|p1a: Urshifu|Surging Strikes|p2a: Lugia\n|-crit|p2a: Lugia\n|-damage|p2a: Lugia|88\/100\n|-crit|p2a: Lugia\n|-damage|p2a: Lugia|65\/100\n|-crit|p2a: Lugia\n|-damage|p2a: Lugia|42\/100\n|-hitcount|p2a: Lugia|3\n|move|p2a: Lugia|Whirlwind|p1a: Urshifu\n|drag|p1a: Annihilape|Annihilape, F|50\/100 brn\n|\n|-heal|p2a: Lugia|49\/100|[from] item: Leftovers\n|-heal|p1a: Annihilape|56\/100 brn|[from] item: Leftovers\n|-damage|p1a: Annihilape|50\/100 brn|[from] brn\n|upkeep\n|turn|19\n|j| mia73734\n|\n|t:|1700150463\n|move|p2a: Lugia|Roost|p2a: Lugia\n|-heal|p2a: Lugia|99\/100\n|-singleturn|p2a: Lugia|move: Roost\n|move|p1a: Annihilape|Bulk Up|p1a: Annihilape\n|-boost|p1a: Annihilape|atk|1\n|-boost|p1a: Annihilape|def|1\n|\n|-heal|p2a: Lugia|100\/100|[from] item: Leftovers\n|-heal|p1a: Annihilape|56\/100 brn|[from] item: Leftovers\n|-damage|p1a: Annihilape|50\/100 brn|[from] brn\n|upkeep\n|turn|20\n|c| mia73734|wth\n|c| mia73734|it's true\n|\n|t:|1700150475\n|move|p1a: Annihilape|Taunt|p2a: Lugia\n|-start|p2a: Lugia|move: Taunt\n|cant|p2a: Lugia|move: Taunt|Whirlwind\n|\n|-heal|p1a: Annihilape|56\/100 brn|[from] item: Leftovers\n|-damage|p1a: Annihilape|50\/100 brn|[from] brn\n|upkeep\n|turn|21\n|\n|t:|1700150485\n|switch|p2a: Ho-Oh|Ho-Oh|100\/100\n|move|p1a: Annihilape|Bulk Up|p1a: Annihilape\n|-boost|p1a: Annihilape|atk|1\n|-boost|p1a: Annihilape|def|1\n|\n|-heal|p1a: Annihilape|56\/100 brn|[from] item: Leftovers\n|-damage|p1a: Annihilape|50\/100 brn|[from] brn\n|upkeep\n|turn|22\n|\n|t:|1700150497\n|move|p2a: Ho-Oh|Sacred Fire|p1a: Annihilape\n|-damage|p1a: Annihilape|27\/100 brn\n|move|p1a: Annihilape|Drain Punch|p2a: Ho-Oh\n|-resisted|p2a: Ho-Oh\n|-crit|p2a: Ho-Oh\n|-damage|p2a: Ho-Oh|86\/100\n|-heal|p1a: Annihilape|33\/100 brn|[from] drain|[of] p2a: Ho-Oh\n|\n|-heal|p1a: Annihilape|39\/100 brn|[from] item: Leftovers\n|-damage|p1a: Annihilape|33\/100 brn|[from] brn\n|upkeep\n|turn|23\n|\n|t:|1700150511\n|move|p1a: Annihilape|Rage Fist|p2a: Ho-Oh\n|-damage|p2a: Ho-Oh|44\/100\n|move|p2a: Ho-Oh|Whirlwind|p1a: Annihilape\n|drag|p1a: \u5f90\u7329t|Munkidori, M|70\/100 brn\n|\n|-damage|p1a: \u5f90\u7329t|64\/100 brn|[from] brn\n|upkeep\n|turn|24\n|\n|t:|1700150524\n|move|p1a: \u5f90\u7329t|Fake Out|p2a: Ho-Oh\n|-damage|p2a: Ho-Oh|41\/100\n|cant|p2a: Ho-Oh|flinch\n|\n|-damage|p1a: \u5f90\u7329t|58\/100 brn|[from] brn\n|upkeep\n|turn|25\n|c| mia73734|\u563f\n|\n|t:|1700150542\n|move|p1a: \u5f90\u7329t|U-turn|p2a: Ho-Oh\n|-resisted|p2a: Ho-Oh\n|-damage|p2a: Ho-Oh|40\/100\n|\n|t:|1700150548\n|switch|p1a: Urshifu|Urshifu-Rapid-Strike, M|32\/100|[from] U-turn\n|move|p2a: Ho-Oh|Sacred Fire|p1a: Urshifu\n|-resisted|p1a: Urshifu\n|-damage|p1a: Urshifu|4\/100\n|\n|upkeep\n|turn|26\n|\n|t:|1700150562\n|switch|p2a: Toxapex|Toxapex, F|100\/100\n|move|p1a: Urshifu|Swords Dance|p1a: Urshifu\n|-boost|p1a: Urshifu|atk|2\n|\n|upkeep\n|turn|27\n|\n|t:|1700150591\n|switch|p1a: \u5f90\u7329t|Munkidori, M|58\/100 brn\n|move|p2a: Toxapex|Infestation|p1a: \u5f90\u7329t\n|-damage|p1a: \u5f90\u7329t|56\/100 brn\n|-activate|p1a: \u5f90\u7329t|move: Infestation|[of] p2a: Toxapex\n|\n|-damage|p1a: \u5f90\u7329t|50\/100 brn|[from] brn\n|-damage|p1a: \u5f90\u7329t|37\/100 brn|[from] move: Infestation|[partiallytrapped]\n|upkeep\n|turn|28\n|\n|t:|1700150603\n|move|p1a: \u5f90\u7329t|Psychic|p2a: Toxapex\n|-supereffective|p2a: Toxapex\n|-damage|p2a: Toxapex|13\/100\n|move|p2a: Toxapex|Infestation|p1a: \u5f90\u7329t\n|-damage|p1a: \u5f90\u7329t|35\/100 brn\n|\n|-damage|p1a: \u5f90\u7329t|29\/100 brn|[from] brn\n|-damage|p1a: \u5f90\u7329t|17\/100 brn|[from] move: Infestation|[partiallytrapped]\n|upkeep\n|turn|29\n|\n|t:|1700150612\n|switch|p2a: Ferrothorn|Ferrothorn, M|99\/100\n|move|p1a: \u5f90\u7329t|Psychic|p2a: Ferrothorn\n|-resisted|p2a: Ferrothorn\n|-damage|p2a: Ferrothorn|75\/100\n|\n|-damage|p1a: \u5f90\u7329t|11\/100 brn|[from] brn\n|-end|p1a: \u5f90\u7329t|Infestation|[partiallytrapped]|[silent]\n|upkeep\n|turn|30\n|\n|t:|1700150626\n|move|p2a: Ferrothorn|Protect|p2a: Ferrothorn\n|-singleturn|p2a: Ferrothorn|Protect\n|move|p1a: \u5f90\u7329t|U-turn|p2a: Ferrothorn\n|-activate|p2a: Ferrothorn|move: Protect\n|\n|-damage|p1a: \u5f90\u7329t|5\/100 brn|[from] brn\n|upkeep\n|turn|31\n|l|\u2606aa2919678364\n|player|p1|\n|inactive|Battle timer is ON: inactive players will automatically lose when time's up. (requested by DrasticGray)\n|j|\u2606aa2919678364\n|inactive|aa2919678364 reconnected and has 150 seconds left.\n|player|p1|aa2919678364|rosa\n|inactiveoff|Battle timer is now OFF.\n|\n|t:|1700150680\n|switch|p1a: Annihilape|Annihilape, F|33\/100 brn\n|move|p2a: Ferrothorn|Leech Seed|p1a: Annihilape\n|-start|p1a: Annihilape|move: Leech Seed\n|\n|-heal|p1a: Annihilape|39\/100 brn|[from] item: Leftovers\n|-damage|p1a: Annihilape|26\/100 brn|[from] Leech Seed|[of] p2a: Ferrothorn\n|-heal|p2a: Ferrothorn|90\/100|[silent]\n|-damage|p1a: Annihilape|20\/100 brn|[from] brn\n|upkeep\n|turn|32\n|\n|t:|1700150694\n|move|p1a: Annihilape|Drain Punch|p2a: Ferrothorn\n|-supereffective|p2a: Ferrothorn\n|-damage|p2a: Ferrothorn|75\/100\n|-heal|p1a: Annihilape|26\/100 brn|[from] drain|[of] p2a: Ferrothorn\n|-damage|p1a: Annihilape|14\/100 brn|[from] ability: Iron Barbs|[of] p2a: Ferrothorn\n|-damage|p1a: Annihilape|0 fnt|[from] item: Rocky Helmet|[of] p2a: Ferrothorn\n|faint|p1a: Annihilape\n|move|p2a: Ferrothorn|Spikes|p1: Annihilape\n|-sidestart|p1: aa2919678364|Spikes\n|\n|upkeep\n|\n|t:|1700150706\n|switch|p1a: \u7269\u653b\u7334|Infernape, M, shiny|64\/100\n|-damage|p1a: \u7269\u653b\u7334|51\/100|[from] Spikes\n|turn|33\n|\n|t:|1700150713\n|move|p2a: Ferrothorn|Protect|p2a: Ferrothorn\n|-singleturn|p2a: Ferrothorn|Protect\n|move|p1a: \u7269\u653b\u7334|Flare Blitz|p2a: Ferrothorn\n|-activate|p2a: Ferrothorn|move: Protect\n|\n|upkeep\n|turn|34\n|\n|t:|1700150728\n|switch|p2a: Toxapex|Toxapex, F|46\/100\n|move|p1a: \u7269\u653b\u7334|Switcheroo|p2a: Toxapex\n|-activate|p1a: \u7269\u653b\u7334|move: Trick|[of] p2a: Toxapex\n|-item|p2a: Toxapex|Rocky Helmet|[from] move: Switcheroo\n|-item|p1a: \u7269\u653b\u7334|Choice Band|[from] move: Switcheroo\n|\n|upkeep\n|turn|35\n|c|\u2606DrasticGray|i get it now\n|c|\u2606DrasticGray|MONKEY TEAM\n|c|\u2606DrasticGray|\ud83d\udc12\n|c|\u2606DrasticGray|\ud83d\udc4d\ud83d\udc4d\ud83d\udc4d\ud83d\udc4d\ud83d\udc4d\n|\n|t:|1700150779\n|-terastallize|p1a: \u7269\u653b\u7334|Fire\n|move|p1a: \u7269\u653b\u7334|Flare Blitz|p2a: Toxapex\n|-resisted|p2a: Toxapex\n|-damage|p2a: Toxapex|13\/100\n|-status|p2a: Toxapex|brn\n|-damage|p1a: \u7269\u653b\u7334|35\/100|[from] item: Rocky Helmet|[of] p2a: Toxapex\n|-damage|p1a: \u7269\u653b\u7334|24\/100|[from] Recoil\n|move|p2a: Toxapex|Recover|p2a: Toxapex\n|-heal|p2a: Toxapex|64\/100 brn\n|\n|-damage|p2a: Toxapex|58\/100 brn|[from] brn\n|upkeep\n|turn|36\n|\n|t:|1700150793\n|move|p1a: \u7269\u653b\u7334|Flare Blitz|p2a: Toxapex\n|-resisted|p2a: Toxapex\n|-damage|p2a: Toxapex|27\/100 brn\n|-damage|p1a: \u7269\u653b\u7334|7\/100|[from] item: Rocky Helmet|[of] p2a: Toxapex\n|-damage|p1a: \u7269\u653b\u7334|0 fnt|[from] Recoil\n|faint|p1a: \u7269\u653b\u7334\n|move|p2a: Toxapex|Recover|p2a: Toxapex\n|-heal|p2a: Toxapex|77\/100 brn\n|\n|-damage|p2a: Toxapex|71\/100 brn|[from] brn\n|upkeep\n|\n|t:|1700150807\n|switch|p1a: \u5f90\u7329t|Munkidori, M|5\/100 brn\n|-damage|p1a: \u5f90\u7329t|0 fnt|[from] Spikes\n|faint|p1a: \u5f90\u7329t\n|\n|t:|1700150814\n|switch|p1a: Ambipom|Ambipom, M, shiny|100\/100\n|-damage|p1a: Ambipom|88\/100|[from] Spikes\n|turn|37\n|c| mia73734|whatttt\n|\n|t:|1700150837\n|move|p1a: Ambipom|Fake Out|p2a: Toxapex\n|-damage|p2a: Toxapex|49\/100 brn\n|-damage|p1a: Ambipom|72\/100|[from] item: Rocky Helmet|[of] p2a: Toxapex\n|-damage|p1a: Ambipom|62\/100|[from] item: Life Orb\n|cant|p2a: Toxapex|flinch\n|\n|-damage|p2a: Toxapex|43\/100 brn|[from] brn\n|upkeep\n|turn|38\n|c| mia73734|he thought that urshifu was a monkey???!!!!!!\n|\n|t:|1700150848\n|move|p1a: Ambipom|Return|p2a: Toxapex\n|-damage|p2a: Toxapex|9\/100 brn\n|-damage|p1a: Ambipom|45\/100|[from] item: Rocky Helmet|[of] p2a: Toxapex\n|-damage|p1a: Ambipom|35\/100|[from] item: Life Orb\n|move|p2a: Toxapex|Toxic Spikes|p1a: Ambipom\n|-sidestart|p1: aa2919678364|move: Toxic Spikes\n|\n|-damage|p2a: Toxapex|3\/100 brn|[from] brn\n|upkeep\n|turn|39\n|\n|t:|1700150860\n|switch|p2a: Ho-Oh|Ho-Oh|73\/100\n|move|p1a: Ambipom|Return|p2a: Ho-Oh\n|-damage|p2a: Ho-Oh|30\/100\n|-damage|p1a: Ambipom|25\/100|[from] item: Life Orb\n|\n|upkeep\n|turn|40\n|\n|t:|1700150878\n|switch|p2a: Ferrothorn|Ferrothorn, M|75\/100\n|move|p1a: Ambipom|Return|p2a: Ferrothorn\n|-resisted|p2a: Ferrothorn\n|-damage|p2a: Ferrothorn|58\/100\n|-damage|p1a: Ambipom|13\/100|[from] ability: Iron Barbs|[of] p2a: Ferrothorn\n|-damage|p1a: Ambipom|0 fnt|[from] item: Rocky Helmet|[of] p2a: Ferrothorn\n|faint|p1a: Ambipom\n|\n|upkeep\n|c|\u2606DrasticGray|gg\n|-message|aa2919678364 forfeited.\n|\n|win|DrasticGray\n|raw|aa2919678364's rating: 1206 &rarr; <strong>1182<\/strong><br \/>(-24 for losing)\n|raw|DrasticGray's rating: 1226 &rarr; <strong>1250<\/strong><br \/>(+24 for winning)\n|l|\u2606aa2919678364\n","uploadtime":1700150519,"views":7,"p1id":"aa2919678364","p2id":"drasticgray","formatid":"gen9nationaldexubers","rating":1182,"private":0,"password":""}