{"id":"gen9nationaldexubers-1983530716","p1":"pjaymz","p2":"Vuridia","format":"[Gen 9] National Dex Ubers","log":"|j|\u2606pjaymz\n|j|\u2606Vuridia\n|t:|1699140188\n|gametype|singles\n|player|p1|pjaymz|firebreather|\n|player|p2|Vuridia|cheryl|\n|teamsize|p1|6\n|teamsize|p2|6\n|gen|9\n|tier|[Gen 9] National Dex Ubers\n|rule|HP Percentage Mod: HP is shown in percentages\n|rule|Endless Battle Clause: Forcing endless battles is banned\n|rule|OHKO Clause: OHKO moves are banned\n|rule|Evasion Moves Clause: Evasion moves are banned\n|rule|Evasion Items Clause: Evasion items are banned\n|rule|Species Clause: Limit one of each Pok\u00e9mon\n|rule|Sleep Clause Mod: Limit one foe put to sleep\n|rule|Mega Rayquaza Clause: You cannot mega evolve Rayquaza\n|clearpoke\n|poke|p1|Ferrothorn, M|\n|poke|p1|Gholdengo|\n|poke|p1|Flygon, F|\n|poke|p1|Maushold-Four|\n|poke|p1|Okidogi, M|\n|poke|p1|Arcanine, M|\n|poke|p2|Gardevoir, M|\n|poke|p2|Milotic, F|\n|poke|p2|Clodsire, M|\n|poke|p2|Skeledirge, F|\n|poke|p2|Celebi|\n|poke|p2|Absol, M|\n|teampreview\n|c|\u2606pjaymz|gl\n|c|\u2606Vuridia|you too\n|\n|t:|1699140211\n|start\n|switch|p1a: Ferrothorn|Ferrothorn, M|100\/100\n|switch|p2a: Fae|Celebi, shiny|100\/100\n|turn|1\n|\n|t:|1699140217\n|move|p2a: Fae|Magic Coat|p2a: Fae\n|-singleturn|p2a: Fae|move: Magic Coat\n|move|p1a: Ferrothorn|Stealth Rock|p2a: Fae\n|move|p2a: Fae|Stealth Rock|p1a: Ferrothorn|[from]Magic Coat\n|-sidestart|p1: pjaymz|move: Stealth Rock\n|\n|upkeep\n|turn|2\n|\n|t:|1699140226\n|move|p2a: Fae|Light Screen|p2a: Fae\n|-sidestart|p2: Vuridia|move: Light Screen\n|move|p1a: Ferrothorn|Knock Off|p2a: Fae\n|-supereffective|p2a: Fae\n|-damage|p2a: Fae|58\/100\n|-enditem|p2a: Fae|Light Clay|[from] move: Knock Off|[of] p1a: Ferrothorn\n|\n|upkeep\n|turn|3\n|\n|t:|1699140251\n|switch|p1a: Flygon|Flygon, F|100\/100\n|-damage|p1a: Flygon|94\/100|[from] Stealth Rock\n|move|p2a: Fae|Recover|p2a: Fae\n|-heal|p2a: Fae|100\/100\n|\n|upkeep\n|turn|4\n|\n|t:|1699140276\n|switch|p1a: Arcanine|Arcanine, M|100\/100\n|-damage|p1a: Arcanine|75\/100|[from] Stealth Rock\n|-ability|p1a: Arcanine|Intimidate|boost\n|-unboost|p2a: Fae|atk|1\n|switch|p2a: Abyss|Milotic, F|100\/100\n|\n|upkeep\n|turn|5\n|\n|t:|1699140287\n|switch|p1a: Ferrothorn|Ferrothorn, M|100\/100\n|-damage|p1a: Ferrothorn|94\/100|[from] Stealth Rock\n|move|p2a: Abyss|Dragon Breath|p1a: Ferrothorn\n|-resisted|p1a: Ferrothorn\n|-damage|p1a: Ferrothorn|86\/100\n|-status|p1a: Ferrothorn|par\n|\n|upkeep\n|turn|6\n|\n|t:|1699140299\n|switch|p2a: Ted|Skeledirge, F|100\/100\n|move|p1a: Ferrothorn|Power Whip|p2a: Ted|[miss]\n|-miss|p1a: Ferrothorn|p2a: Ted\n|\n|upkeep\n|turn|7\n|\n|t:|1699140313\n|switch|p1a: Flygon|Flygon, F|94\/100\n|-damage|p1a: Flygon|88\/100|[from] Stealth Rock\n|move|p2a: Ted|Torch Song|p1a: Flygon\n|-resisted|p1a: Flygon\n|-damage|p1a: Flygon|67\/100\n|-boost|p2a: Ted|spa|1\n|\n|upkeep\n|turn|8\n|\n|t:|1699140325\n|switch|p2a: Abyss|Milotic, F|100\/100\n|move|p1a: Flygon|Outrage|p2a: Abyss\n|-damage|p2a: Abyss|32\/100\n|-damage|p1a: Flygon|57\/100|[from] item: Life Orb\n|\n|-heal|p2a: Abyss|38\/100|[from] item: Leftovers\n|upkeep\n|turn|9\n|\n|t:|1699140337\n|move|p1a: Flygon|Outrage|p2a: Abyss|[from]lockedmove\n|-damage|p2a: Abyss|0 fnt\n|faint|p2a: Abyss\n|-damage|p1a: Flygon|47\/100|[from] item: Life Orb\n|\n|-sideend|p2: Vuridia|move: Light Screen\n|upkeep\n|\n|t:|1699140350\n|switch|p2a: Grace|Gardevoir, M, shiny|100\/100\n|turn|10\n|\n|t:|1699140367\n|detailschange|p2a: Grace|Gardevoir-Mega, M, shiny\n|-mega|p2a: Grace|Gardevoir|Gardevoirite\n|move|p2a: Grace|Psychic|p1a: Flygon\n|-damage|p1a: Flygon|0 fnt\n|faint|p1a: Flygon\n|\n|upkeep\n|\n|t:|1699140375\n|switch|p1a: Okidogi|Okidogi, M|100\/100\n|-damage|p1a: Okidogi|95\/100|[from] Stealth Rock\n|turn|11\n|\n|t:|1699140379\n|move|p2a: Grace|Psychic|p1a: Okidogi\n|-supereffective|p1a: Okidogi\n|-damage|p1a: Okidogi|0 fnt\n|faint|p1a: Okidogi\n|\n|upkeep\n|\n|t:|1699140402\n|switch|p1a: Gholdengo|Gholdengo, shiny|100\/100\n|-damage|p1a: Gholdengo|94\/100|[from] Stealth Rock\n|turn|12\n|\n|t:|1699140408\n|move|p2a: Grace|Shadow Ball|p1a: Gholdengo\n|-supereffective|p1a: Gholdengo\n|-damage|p1a: Gholdengo|27\/100\n|move|p1a: Gholdengo|Make It Rain|p2a: Grace\n|-supereffective|p2a: Grace\n|-damage|p2a: Grace|0 fnt\n|-unboost|p1a: Gholdengo|spa|1\n|faint|p2a: Grace\n|\n|upkeep\n|\n|t:|1699140421\n|switch|p2a: Ted|Skeledirge, F|100\/100\n|turn|13\n|\n|t:|1699140431\n|move|p2a: Ted|Shadow Ball|p1a: Gholdengo\n|-supereffective|p1a: Gholdengo\n|-damage|p1a: Gholdengo|0 fnt\n|faint|p1a: Gholdengo\n|\n|upkeep\n|\n|t:|1699140435\n|switch|p1a: Arcanine|Arcanine, M|75\/100\n|-damage|p1a: Arcanine|50\/100|[from] Stealth Rock\n|-ability|p1a: Arcanine|Intimidate|boost\n|-unboost|p2a: Ted|atk|1\n|turn|14\n|\n|t:|1699140473\n|move|p1a: Arcanine|Extreme Speed|p2a: Ted\n|-immune|p2a: Ted\n|move|p2a: Ted|Shadow Ball|p1a: Arcanine\n|-crit|p1a: Arcanine\n|-damage|p1a: Arcanine|5\/100\n|\n|upkeep\n|turn|15\n|\n|t:|1699140484\n|switch|p2a: Clodsire|Clodsire, M|100\/100\n|move|p1a: Arcanine|Close Combat|p2a: Clodsire\n|-resisted|p2a: Clodsire\n|-damage|p2a: Clodsire|85\/100\n|-unboost|p1a: Arcanine|def|1\n|-unboost|p1a: Arcanine|spd|1\n|\n|-heal|p2a: Clodsire|91\/100|[from] item: Black Sludge\n|upkeep\n|turn|16\n|\n|t:|1699140495\n|move|p1a: Arcanine|Extreme Speed|p2a: Clodsire\n|-damage|p2a: Clodsire|69\/100\n|move|p2a: Clodsire|Earthquake|p1a: Arcanine\n|-supereffective|p1a: Arcanine\n|-damage|p1a: Arcanine|0 fnt\n|faint|p1a: Arcanine\n|\n|-heal|p2a: Clodsire|75\/100|[from] item: Black Sludge\n|upkeep\n|\n|t:|1699140511\n|switch|p1a: Ferrothorn|Ferrothorn, M|86\/100 par\n|-damage|p1a: Ferrothorn|80\/100 par|[from] Stealth Rock\n|turn|17\n|\n|t:|1699140542\n|move|p2a: Clodsire|Body Press|p1a: Ferrothorn\n|-supereffective|p1a: Ferrothorn\n|-damage|p1a: Ferrothorn|57\/100 par\n|-damage|p2a: Clodsire|62\/100|[from] ability: Iron Barbs|[of] p1a: Ferrothorn\n|-damage|p2a: Clodsire|46\/100|[from] item: Rocky Helmet|[of] p1a: Ferrothorn\n|move|p1a: Ferrothorn|Power Whip|p2a: Clodsire\n|-damage|p2a: Clodsire|15\/100\n|\n|-heal|p2a: Clodsire|21\/100|[from] item: Black Sludge\n|upkeep\n|turn|18\n|\n|t:|1699140555\n|switch|p2a: Ted|Skeledirge, F|100\/100\n|move|p1a: Ferrothorn|Knock Off|p2a: Ted\n|-supereffective|p2a: Ted\n|-damage|p2a: Ted|62\/100\n|-enditem|p2a: Ted|Choice Scarf|[from] move: Knock Off|[of] p1a: Ferrothorn\n|\n|upkeep\n|turn|19\n|\n|t:|1699140567\n|move|p2a: Ted|Torch Song|p1a: Ferrothorn\n|-supereffective|p1a: Ferrothorn\n|-damage|p1a: Ferrothorn|0 fnt\n|-boost|p2a: Ted|spa|1\n|faint|p1a: Ferrothorn\n|\n|upkeep\n|\n|t:|1699140569\n|switch|p1a: Maushold|Maushold-Four, shiny|100\/100\n|-damage|p1a: Maushold|88\/100|[from] Stealth Rock\n|turn|20\n|\n|t:|1699140582\n|switch|p2a: Fae|Celebi, shiny|100\/100\n|move|p1a: Maushold|Population Bomb|p2a: Fae\n|-damage|p2a: Fae|89\/100\n|-damage|p2a: Fae|78\/100\n|-damage|p2a: Fae|66\/100\n|-damage|p2a: Fae|55\/100\n|-damage|p2a: Fae|44\/100\n|-damage|p2a: Fae|32\/100\n|-damage|p2a: Fae|21\/100\n|-damage|p2a: Fae|9\/100\n|-damage|p2a: Fae|0 fnt\n|faint|p2a: Fae\n|-hitcount|p2: Fae|9\n|\n|upkeep\n|\n|t:|1699140598\n|switch|p2a: Omen|Absol, M|100\/100\n|turn|21\n|\n|t:|1699140611\n|move|p2a: Omen|Sucker Punch|p1a: Maushold\n|-damage|p1a: Maushold|31\/100\n|move|p1a: Maushold|Population Bomb|p2a: Omen\n|-damage|p2a: Omen|80\/100\n|-damage|p2a: Omen|58\/100\n|-damage|p2a: Omen|35\/100\n|-damage|p2a: Omen|16\/100\n|-damage|p2a: Omen|0 fnt\n|faint|p2a: Omen\n|-hitcount|p2: Omen|5\n|\n|upkeep\n|\n|t:|1699140622\n|switch|p2a: Ted|Skeledirge, F|62\/100\n|turn|22\n|\n|t:|1699140629\n|move|p1a: Maushold|Population Bomb|p2a: Ted\n|-immune|p2a: Ted\n|move|p2a: Ted|Torch Song|p1a: Maushold\n|-damage|p1a: Maushold|0 fnt\n|-boost|p2a: Ted|spa|1\n|faint|p1a: Maushold\n|\n|win|Vuridia\n|c|\u2606Vuridia|gg\n|c|\u2606pjaymz|forgot abnout that\n|c|\u2606pjaymz|lmaO\n|c|\u2606pjaymz|gg\n|c|\u2606Vuridia|tbf\n","uploadtime":1699140651,"views":28,"p1id":"pjaymz","p2id":"vuridia","formatid":"gen9nationaldexubers","rating":0,"private":0,"password":""}