{"id":"gen9nationaldexubers-1987138818","p1":"Lorde Th_euss","p2":"Yoswuert88088","format":"[Gen 9] National Dex Ubers","log":"|j|\u2606Lorde Th_euss\n|j|\u2606Yoswuert88088\n|t:|1699559276\n|gametype|singles\n|player|p1|Lorde Th_euss|101|1050\n|player|p2|Yoswuert88088|102|1000\n|teamsize|p1|6\n|teamsize|p2|6\n|gen|9\n|tier|[Gen 9] National Dex Ubers\n|rated|\n|rule|HP Percentage Mod: HP is shown in percentages\n|rule|Endless Battle Clause: Forcing endless battles is banned\n|rule|OHKO Clause: OHKO moves are banned\n|rule|Evasion Moves Clause: Evasion moves are banned\n|rule|Evasion Items Clause: Evasion items are banned\n|rule|Species Clause: Limit one of each Pok\u00e9mon\n|rule|Sleep Clause Mod: Limit one foe put to sleep\n|rule|Mega Rayquaza Clause: You cannot mega evolve Rayquaza\n|clearpoke\n|poke|p1|Greninja-*, M|\n|poke|p1|Gardevoir, M|\n|poke|p1|Gengar, F|\n|poke|p1|Lucario, F|\n|poke|p1|Charizard, M|\n|poke|p1|Dragapult, M|\n|poke|p2|Armarouge, M|\n|poke|p2|Cyclizar, M|\n|poke|p2|Tinkaton, F|\n|poke|p2|Maushold-Four|\n|poke|p2|Palafin, M|\n|poke|p2|Silvally-*|\n|teampreview\n|\n|t:|1699559329\n|start\n|switch|p1a: Charizard|Charizard, M, shiny|100\/100\n|switch|p2a: Palafin|Palafin, M|100\/100\n|turn|1\n|\n|t:|1699559354\n|detailschange|p2a: Palafin|Palafin-Hero, M\n|switch|p2a: Maushold|Maushold-Four, shiny|100\/100\n|switch|p1a: Gardevoir|Gardevoir, M|100\/100\n|-ability|p1a: Gardevoir|Technician|[from] ability: Trace|[of] p2a: Maushold\n|\n|upkeep\n|turn|2\n|\n|t:|1699559375\n|move|p2a: Maushold|Population Bomb|p1a: Gardevoir\n|-damage|p1a: Gardevoir|87\/100\n|-damage|p1a: Gardevoir|72\/100\n|-damage|p1a: Gardevoir|57\/100\n|-hitcount|p1a: Gardevoir|3\n|move|p1a: Gardevoir|Hypnosis|p2a: Maushold|[miss]\n|-miss|p1a: Gardevoir|p2a: Maushold\n|\n|upkeep\n|turn|3\n|\n|t:|1699559387\n|move|p2a: Maushold|Population Bomb|p1a: Gardevoir\n|-damage|p1a: Gardevoir|43\/100\n|-damage|p1a: Gardevoir|28\/100\n|-damage|p1a: Gardevoir|13\/100\n|-damage|p1a: Gardevoir|0 fnt\n|faint|p1a: Gardevoir\n|-hitcount|p1: Gardevoir|4\n|\n|upkeep\n|\n|t:|1699559399\n|switch|p1a: Lucario|Lucario, F|100\/100\n|turn|4\n|\n|t:|1699559413\n|switch|p2a: Armarouge|Armarouge, M, shiny|100\/100\n|detailschange|p1a: Lucario|Lucario-Mega, F\n|-mega|p1a: Lucario|Lucario|Lucarionite\n|move|p1a: Lucario|Close Combat|p2a: Armarouge\n|-resisted|p2a: Armarouge\n|-damage|p2a: Armarouge|49\/100\n|-unboost|p1a: Lucario|def|1\n|-unboost|p1a: Lucario|spd|1\n|\n|upkeep\n|turn|5\n|\n|t:|1699559429\n|move|p1a: Lucario|Shadow Ball|p2a: Armarouge\n|-supereffective|p2a: Armarouge\n|-damage|p2a: Armarouge|0 fnt\n|faint|p2a: Armarouge\n|\n|upkeep\n|\n|t:|1699559439\n|switch|p2a: Palafin|Palafin-Hero, M|100\/100\n|-activate|p2a: Palafin|ability: Zero to Hero\n|turn|6\n|\n|t:|1699559458\n|move|p1a: Lucario|Shadow Ball|p2a: Palafin\n|-damage|p2a: Palafin|67\/100\n|move|p2a: Palafin|Bulk Up|p2a: Palafin\n|-boost|p2a: Palafin|atk|1\n|-boost|p2a: Palafin|def|1\n|\n|upkeep\n|turn|7\n|\n|t:|1699559469\n|move|p1a: Lucario|Swords Dance|p1a: Lucario\n|-boost|p1a: Lucario|atk|2\n|move|p2a: Palafin|Liquidation|p1a: Lucario\n|-damage|p1a: Lucario|0 fnt\n|faint|p1a: Lucario\n|\n|upkeep\n|\n|t:|1699559481\n|switch|p1a: Gengar|Gengar, F|100\/100\n|turn|8\n|\n|t:|1699559488\n|move|p1a: Gengar|Thunderbolt|p2a: Palafin\n|-supereffective|p2a: Palafin\n|-damage|p2a: Palafin|0 fnt\n|faint|p2a: Palafin\n|\n|upkeep\n|\n|t:|1699559495\n|switch|p2a: Tinkaton|Tinkaton, F|100\/100\n|-ability|p2a: Tinkaton|Mold Breaker\n|turn|9\n|\n|t:|1699559504\n|move|p2a: Tinkaton|Swords Dance|p2a: Tinkaton\n|-boost|p2a: Tinkaton|atk|2\n|move|p1a: Gengar|Destiny Bond|p1a: Gengar\n|-singlemove|p1a: Gengar|Destiny Bond\n|\n|upkeep\n|turn|10\n|\n|t:|1699559516\n|move|p2a: Tinkaton|Swords Dance|p2a: Tinkaton\n|-boost|p2a: Tinkaton|atk|2\n|move|p1a: Gengar|Foul Play|p2a: Tinkaton\n|-resisted|p2a: Tinkaton\n|-damage|p2a: Tinkaton|56\/100\n|\n|upkeep\n|turn|11\n|\n|t:|1699559525\n|move|p2a: Tinkaton|Knock Off|p1a: Gengar\n|-supereffective|p1a: Gengar\n|-damage|p1a: Gengar|0 fnt\n|-start|p2a: Tinkaton|Disable|Knock Off|[from] ability: Cursed Body|[of] p1a: Gengar\n|-enditem|p1a: Gengar|Leftovers|[from] move: Knock Off|[of] p2a: Tinkaton\n|faint|p1a: Gengar\n|\n|upkeep\n|\n|t:|1699559542\n|switch|p1a: Charizard|Charizard, M, shiny|100\/100\n|turn|12\n|\n|t:|1699559555\n|-terastallize|p2a: Tinkaton|Dragon\n|move|p2a: Tinkaton|Play Rough|p1a: Charizard\n|-resisted|p1a: Charizard\n|-damage|p1a: Charizard|46\/100\n|move|p1a: Charizard|Earthquake|p2a: Tinkaton\n|-damage|p2a: Tinkaton|26\/100\n|\n|upkeep\n|turn|13\n|\n|t:|1699559568\n|move|p2a: Tinkaton|Play Rough|p1a: Charizard\n|-resisted|p1a: Charizard\n|-damage|p1a: Charizard|0 fnt\n|faint|p1a: Charizard\n|\n|upkeep\n|\n|t:|1699559574\n|switch|p1a: Greninja|Greninja, M|100\/100\n|turn|14\n|\n|t:|1699559582\n|move|p1a: Greninja|Surf|p2a: Tinkaton\n|-resisted|p2a: Tinkaton\n|-damage|p2a: Tinkaton|5\/100\n|move|p2a: Tinkaton|Play Rough|p1a: Greninja\n|-supereffective|p1a: Greninja\n|-damage|p1a: Greninja|0 fnt\n|faint|p1a: Greninja\n|\n|-end|p2a: Tinkaton|Disable\n|upkeep\n|\n|t:|1699559593\n|switch|p1a: Dragapult|Dragapult, M|100\/100\n|turn|15\n|\n|t:|1699559600\n|move|p1a: Dragapult|Phantom Force||[still]\n|-prepare|p1a: Dragapult|Phantom Force\n|move|p2a: Tinkaton|Play Rough|p1a: Dragapult|[miss]\n|-miss|p2a: Tinkaton|p1a: Dragapult\n|\n|upkeep\n|turn|16\n|\n|t:|1699559607\n|move|p1a: Dragapult|Phantom Force|p2a: Tinkaton|[from]lockedmove\n|-damage|p2a: Tinkaton|0 fnt\n|faint|p2a: Tinkaton\n|\n|upkeep\n|\n|t:|1699559611\n|switch|p2a: Maushold|Maushold-Four, shiny|100\/100\n|turn|17\n|\n|t:|1699559622\n|-terastallize|p1a: Dragapult|Dragon\n|move|p1a: Dragapult|Phantom Force||[still]\n|-prepare|p1a: Dragapult|Phantom Force\n|move|p2a: Maushold|Shadow Claw|p1a: Dragapult|[miss]\n|-miss|p2a: Maushold|p1a: Dragapult\n|\n|upkeep\n|turn|18\n|\n|t:|1699559631\n|move|p1a: Dragapult|Phantom Force|p2a: Maushold|[from]lockedmove\n|-immune|p2a: Maushold\n|move|p2a: Maushold|Shadow Claw|p1a: Dragapult\n|-damage|p1a: Dragapult|83\/100\n|\n|upkeep\n|turn|19\n|\n|t:|1699559640\n|move|p1a: Dragapult|Surf|p2a: Maushold\n|-damage|p2a: Maushold|68\/100\n|move|p2a: Maushold|Population Bomb|p1a: Dragapult\n|-damage|p1a: Dragapult|71\/100\n|-damage|p1a: Dragapult|58\/100\n|-damage|p1a: Dragapult|47\/100\n|-damage|p1a: Dragapult|35\/100\n|-damage|p1a: Dragapult|24\/100\n|-damage|p1a: Dragapult|11\/100\n|-damage|p1a: Dragapult|0 fnt\n|faint|p1a: Dragapult\n|-hitcount|p1: Dragapult|7\n|\n|win|Yoswuert88088\n|raw|Lorde Th_euss's rating: 1050 &rarr; <strong>1030<\/strong><br \/>(-20 for losing)\n|raw|Yoswuert88088's rating: 1000 &rarr; <strong>1046<\/strong><br \/>(+46 for winning)\n|l|\u2606Lorde Th_euss\n","uploadtime":1699559659,"views":15,"p1id":"lordetheuss","p2id":"yoswuert88088","formatid":"gen9nationaldexubers","rating":1030,"private":0,"password":""}