{"id":"gen9nationaldexubers-1983441309","p1":"jupax123","p2":"gus77g","format":"[Gen 9] National Dex Ubers","log":"|j|\u2606jupax123\n|j|\u2606gus77g\n|t:|1699130494\n|gametype|singles\n|player|p1|jupax123|dawn|\n|player|p2|gus77g|roughneck-gen4|\n|teamsize|p1|6\n|teamsize|p2|6\n|gen|9\n|tier|[Gen 9] National Dex Ubers\n|rule|HP Percentage Mod: HP is shown in percentages\n|rule|Endless Battle Clause: Forcing endless battles is banned\n|rule|OHKO Clause: OHKO moves are banned\n|rule|Evasion Moves Clause: Evasion moves are banned\n|rule|Evasion Items Clause: Evasion items are banned\n|rule|Species Clause: Limit one of each Pok\u00e9mon\n|rule|Sleep Clause Mod: Limit one foe put to sleep\n|rule|Mega Rayquaza Clause: You cannot mega evolve Rayquaza\n|clearpoke\n|poke|p1|Sableye, F|\n|poke|p1|Gengar, M|\n|poke|p1|Gliscor, F|\n|poke|p1|Dragapult, M|\n|poke|p1|Urshifu-*, M|\n|poke|p1|Clefable, F|\n|poke|p2|Sableye, F|\n|poke|p2|Weezing-Galar, M|\n|poke|p2|Gastrodon, M|\n|poke|p2|Haxorus, M|\n|poke|p2|Corviknight, M|\n|poke|p2|Skeledirge, M|\n|teampreview\n|\n|t:|1699130513\n|start\n|switch|p1a: Sableye|Sableye, F|100\/100\n|switch|p2a: Sableye|Sableye, F|100\/100\n|turn|1\n|\n|t:|1699130521\n|detailschange|p1a: Sableye|Sableye-Mega, F\n|-mega|p1a: Sableye|Sableye|Sablenite\n|move|p2a: Sableye|Knock Off|p1a: Sableye\n|-damage|p1a: Sableye|84\/100\n|move|p1a: Sableye|Knock Off|p2a: Sableye\n|-damage|p2a: Sableye|58\/100\n|-enditem|p2a: Sableye|Leftovers|[from] move: Knock Off|[of] p1a: Sableye\n|\n|upkeep\n|turn|2\n|\n|t:|1699130536\n|move|p2a: Sableye|Recover|p2a: Sableye\n|-heal|p2a: Sableye|100\/100\n|move|p1a: Sableye|Knock Off|p2a: Sableye\n|-damage|p2a: Sableye|71\/100\n|\n|upkeep\n|turn|3\n|\n|t:|1699130566\n|move|p2a: Sableye|Knock Off|p1a: Sableye\n|-damage|p1a: Sableye|67\/100\n|move|p1a: Sableye|Will-O-Wisp|p2a: Sableye\n|-status|p2a: Sableye|brn\n|\n|-damage|p2a: Sableye|65\/100 brn|[from] brn\n|upkeep\n|turn|4\n|\n|t:|1699130592\n|move|p2a: Sableye|Recover|p2a: Sableye\n|-heal|p2a: Sableye|100\/100 brn\n|move|p1a: Sableye|Knock Off|p2a: Sableye\n|-damage|p2a: Sableye|71\/100 brn\n|\n|-damage|p2a: Sableye|65\/100 brn|[from] brn\n|upkeep\n|turn|5\n|\n|t:|1699130606\n|move|p2a: Sableye|Knock Off|p1a: Sableye\n|-damage|p1a: Sableye|58\/100\n|move|p1a: Sableye|Knock Off|p2a: Sableye\n|-damage|p2a: Sableye|39\/100 brn\n|\n|-damage|p2a: Sableye|33\/100 brn|[from] brn\n|upkeep\n|turn|6\n|\n|t:|1699130617\n|move|p2a: Sableye|Recover|p2a: Sableye\n|-heal|p2a: Sableye|83\/100 brn\n|move|p1a: Sableye|Knock Off|p2a: Sableye\n|-damage|p2a: Sableye|53\/100 brn\n|\n|-damage|p2a: Sableye|47\/100 brn|[from] brn\n|upkeep\n|turn|7\n|\n|t:|1699130639\n|switch|p2a: Weezing|Weezing-Galar, M|100\/100\n|move|p1a: Sableye|Knock Off|p2a: Weezing\n|-resisted|p2a: Weezing\n|-damage|p2a: Weezing|92\/100\n|-enditem|p2a: Weezing|Black Sludge|[from] move: Knock Off|[of] p1a: Sableye\n|\n|upkeep\n|turn|8\n|\n|t:|1699130672\n|move|p2a: Weezing|Strange Steam|p1a: Sableye\n|-supereffective|p1a: Sableye\n|-damage|p1a: Sableye|20\/100\n|-start|p1a: Sableye|confusion\n|-activate|p1a: Sableye|confusion\n|move|p1a: Sableye|Will-O-Wisp|p2a: Weezing\n|-status|p2a: Weezing|brn\n|\n|-damage|p2a: Weezing|86\/100 brn|[from] brn\n|upkeep\n|turn|9\n|\n|t:|1699130718\n|-activate|p1a: Sableye|confusion\n|move|p1a: Sableye|Protect|p1a: Sableye\n|-singleturn|p1a: Sableye|Protect\n|move|p2a: Weezing|Strange Steam|p1a: Sableye\n|-activate|p1a: Sableye|move: Protect\n|\n|-damage|p2a: Weezing|80\/100 brn|[from] brn\n|upkeep\n|turn|10\n|\n|t:|1699130733\n|switch|p1a: Clefable|Clefable, F|100\/100\n|move|p2a: Weezing|Strange Steam|p1a: Clefable\n|-damage|p1a: Clefable|73\/100\n|\n|-heal|p1a: Clefable|79\/100|[from] item: Leftovers\n|-damage|p2a: Weezing|74\/100 brn|[from] brn\n|upkeep\n|turn|11\n|\n|t:|1699130748\n|switch|p2a: Skeledirge|Skeledirge, M|100\/100\n|switch|p1a: Gliscor|Gliscor, F|100\/100\n|\n|-status|p1a: Gliscor|tox|[from] item: Toxic Orb\n|upkeep\n|turn|12\n|\n|t:|1699130761\n|move|p1a: Gliscor|Swords Dance|p1a: Gliscor\n|-boost|p1a: Gliscor|atk|2\n|move|p2a: Skeledirge|Torch Song|p1a: Gliscor\n|-crit|p1a: Gliscor\n|-damage|p1a: Gliscor|27\/100 tox\n|-boost|p2a: Skeledirge|spa|1\n|\n|-heal|p1a: Gliscor|40\/100 tox|[from] ability: Poison Heal\n|upkeep\n|turn|13\n|\n|t:|1699130782\n|move|p1a: Gliscor|Earthquake|p2a: Skeledirge\n|-supereffective|p2a: Skeledirge\n|-damage|p2a: Skeledirge|29\/100\n|move|p2a: Skeledirge|Torch Song|p1a: Gliscor\n|-damage|p1a: Gliscor|0 fnt\n|-boost|p2a: Skeledirge|spa|1\n|faint|p1a: Gliscor\n|\n|upkeep\n|\n|t:|1699130790\n|switch|p1a: Gengar|Gengar, M|100\/100\n|turn|14\n|\n|t:|1699130800\n|switch|p2a: Corviknight|Corviknight, M|100\/100\n|move|p1a: Gengar|Shadow Ball|p2a: Corviknight\n|-damage|p2a: Corviknight|73\/100\n|\n|upkeep\n|turn|15\n|\n|t:|1699130859\n|switch|p1a: Clefable|Clefable, F|79\/100\n|move|p2a: Corviknight|Bulk Up|p2a: Corviknight\n|-boost|p2a: Corviknight|atk|1\n|-boost|p2a: Corviknight|def|1\n|\n|-heal|p1a: Clefable|85\/100|[from] item: Leftovers\n|upkeep\n|turn|16\n|\n|t:|1699130879\n|move|p2a: Corviknight|Brave Bird|p1a: Clefable\n|-damage|p1a: Clefable|59\/100\n|-damage|p2a: Corviknight|65\/100|[from] Recoil\n|move|p1a: Clefable|Calm Mind|p1a: Clefable\n|-boost|p1a: Clefable|spa|1\n|-boost|p1a: Clefable|spd|1\n|\n|-heal|p1a: Clefable|65\/100|[from] item: Leftovers\n|upkeep\n|turn|17\n|\n|t:|1699130900\n|move|p2a: Corviknight|Roost|p2a: Corviknight\n|-heal|p2a: Corviknight|100\/100\n|-singleturn|p2a: Corviknight|move: Roost\n|move|p1a: Clefable|Calm Mind|p1a: Clefable\n|-boost|p1a: Clefable|spa|1\n|-boost|p1a: Clefable|spd|1\n|\n|-heal|p1a: Clefable|71\/100|[from] item: Leftovers\n|upkeep\n|turn|18\n|\n|t:|1699130917\n|move|p2a: Corviknight|Body Press|p1a: Clefable\n|-resisted|p1a: Clefable\n|-damage|p1a: Clefable|64\/100\n|move|p1a: Clefable|Calm Mind|p1a: Clefable\n|-boost|p1a: Clefable|spa|1\n|-boost|p1a: Clefable|spd|1\n|\n|-heal|p1a: Clefable|70\/100|[from] item: Leftovers\n|upkeep\n|turn|19\n|\n|t:|1699130939\n|move|p2a: Corviknight|Bulk Up|p2a: Corviknight\n|-boost|p2a: Corviknight|atk|1\n|-boost|p2a: Corviknight|def|1\n|move|p1a: Clefable|Calm Mind|p1a: Clefable\n|-boost|p1a: Clefable|spa|1\n|-boost|p1a: Clefable|spd|1\n|\n|-heal|p1a: Clefable|76\/100|[from] item: Leftovers\n|upkeep\n|turn|20\n|\n|t:|1699130952\n|move|p2a: Corviknight|Brave Bird|p1a: Clefable\n|-damage|p1a: Clefable|50\/100\n|-damage|p2a: Corviknight|92\/100|[from] Recoil\n|move|p1a: Clefable|Calm Mind|p1a: Clefable\n|-boost|p1a: Clefable|spa|1\n|-boost|p1a: Clefable|spd|1\n|\n|-heal|p1a: Clefable|56\/100|[from] item: Leftovers\n|upkeep\n|turn|21\n|\n|t:|1699130963\n|move|p2a: Corviknight|Bulk Up|p2a: Corviknight\n|-boost|p2a: Corviknight|atk|1\n|-boost|p2a: Corviknight|def|1\n|move|p1a: Clefable|Soft-Boiled|p1a: Clefable\n|-heal|p1a: Clefable|100\/100\n|\n|upkeep\n|turn|22\n|\n|t:|1699130973\n|move|p2a: Corviknight|Brave Bird|p1a: Clefable\n|-damage|p1a: Clefable|71\/100\n|-damage|p2a: Corviknight|82\/100|[from] Recoil\n|move|p1a: Clefable|Calm Mind|p1a: Clefable\n|-boost|p1a: Clefable|spa|1\n|-boost|p1a: Clefable|spd|1\n|\n|-heal|p1a: Clefable|77\/100|[from] item: Leftovers\n|upkeep\n|turn|23\n|\n|t:|1699130984\n|switch|p2a: Skeledirge|Skeledirge, M|29\/100\n|move|p1a: Clefable|Flamethrower|p2a: Skeledirge\n|-resisted|p2a: Skeledirge\n|-damage|p2a: Skeledirge|19\/100\n|\n|-heal|p1a: Clefable|83\/100|[from] item: Leftovers\n|upkeep\n|turn|24\n|\n|t:|1699130994\n|move|p2a: Skeledirge|Slack Off|p2a: Skeledirge\n|-heal|p2a: Skeledirge|69\/100\n|move|p1a: Clefable|Moonblast|p2a: Skeledirge\n|-resisted|p2a: Skeledirge\n|-damage|p2a: Skeledirge|53\/100\n|\n|-heal|p1a: Clefable|89\/100|[from] item: Leftovers\n|upkeep\n|turn|25\n|\n|t:|1699131006\n|move|p2a: Skeledirge|Slack Off|p2a: Skeledirge\n|-heal|p2a: Skeledirge|100\/100\n|move|p1a: Clefable|Moonblast|p2a: Skeledirge\n|-resisted|p2a: Skeledirge\n|-damage|p2a: Skeledirge|83\/100\n|-unboost|p2a: Skeledirge|spa|1\n|\n|-heal|p1a: Clefable|95\/100|[from] item: Leftovers\n|upkeep\n|turn|26\n|\n|t:|1699131017\n|move|p2a: Skeledirge|Torch Song|p1a: Clefable\n|-damage|p1a: Clefable|55\/100\n|-boost|p2a: Skeledirge|spa|1\n|move|p1a: Clefable|Moonblast|p2a: Skeledirge\n|-resisted|p2a: Skeledirge\n|-damage|p2a: Skeledirge|67\/100\n|-unboost|p2a: Skeledirge|spa|1\n|\n|-heal|p1a: Clefable|61\/100|[from] item: Leftovers\n|upkeep\n|turn|27\n|\n|t:|1699131051\n|move|p2a: Skeledirge|Slack Off|p2a: Skeledirge\n|-heal|p2a: Skeledirge|100\/100\n|move|p1a: Clefable|Moonblast|p2a: Skeledirge\n|-resisted|p2a: Skeledirge\n|-damage|p2a: Skeledirge|84\/100\n|\n|-heal|p1a: Clefable|68\/100|[from] item: Leftovers\n|upkeep\n|turn|28\n|\n|t:|1699131061\n|move|p2a: Skeledirge|Torch Song|p1a: Clefable\n|-damage|p1a: Clefable|32\/100\n|-boost|p2a: Skeledirge|spa|1\n|move|p1a: Clefable|Moonblast|p2a: Skeledirge\n|-resisted|p2a: Skeledirge\n|-damage|p2a: Skeledirge|68\/100\n|\n|-heal|p1a: Clefable|38\/100|[from] item: Leftovers\n|upkeep\n|turn|29\n|\n|t:|1699131072\n|move|p2a: Skeledirge|Torch Song|p1a: Clefable\n|-damage|p1a: Clefable|0 fnt\n|-boost|p2a: Skeledirge|spa|1\n|faint|p1a: Clefable\n|\n|upkeep\n|\n|t:|1699131082\n|switch|p1a: Gengar|Gengar, M|100\/100\n|turn|30\n|\n|t:|1699131118\n|-zpower|p1a: Gengar\n|move|p1a: Gengar|Z-Hypnosis|p2a: Skeledirge|[anim]Hypnosis|[miss]\n|-boost|p1a: Gengar|spe|1|[zeffect]\n|-miss|p1a: Gengar|p2a: Skeledirge\n|move|p2a: Skeledirge|Shadow Ball|p1a: Gengar\n|-supereffective|p1a: Gengar\n|-damage|p1a: Gengar|0 fnt\n|faint|p1a: Gengar\n|\n|upkeep\n|\n|t:|1699131135\n|switch|p1a: Urshifu|Urshifu-Rapid-Strike, M|100\/100\n|turn|31\n|\n|t:|1699131140\n|switch|p2a: Corviknight|Corviknight, M|82\/100\n|move|p1a: Urshifu|Surging Strikes|p2a: Corviknight\n|-crit|p2a: Corviknight\n|-damage|p2a: Corviknight|65\/100\n|-damage|p1a: Urshifu|84\/100|[from] item: Rocky Helmet|[of] p2a: Corviknight\n|-crit|p2a: Corviknight\n|-damage|p2a: Corviknight|48\/100\n|-damage|p1a: Urshifu|68\/100|[from] item: Rocky Helmet|[of] p2a: Corviknight\n|-crit|p2a: Corviknight\n|-damage|p2a: Corviknight|33\/100\n|-damage|p1a: Urshifu|51\/100|[from] item: Rocky Helmet|[of] p2a: Corviknight\n|-hitcount|p2a: Corviknight|3\n|\n|upkeep\n|turn|32\n|\n|t:|1699131155\n|switch|p1a: Sableye|Sableye-Mega, F|20\/100\n|move|p2a: Corviknight|Roost|p2a: Corviknight\n|-heal|p2a: Corviknight|83\/100\n|-singleturn|p2a: Corviknight|move: Roost\n|\n|upkeep\n|turn|33\n|\n|t:|1699131165\n|move|p2a: Corviknight|Brave Bird|p1a: Sableye\n|-damage|p1a: Sableye|0 fnt\n|faint|p1a: Sableye\n|-damage|p2a: Corviknight|78\/100|[from] Recoil\n|\n|upkeep\n|\n|t:|1699131168\n|switch|p1a: Urshifu|Urshifu-Rapid-Strike, M|51\/100\n|turn|34\n|\n|t:|1699131225\n|move|p1a: Urshifu|Thunder Punch|p2a: Corviknight\n|-supereffective|p2a: Corviknight\n|-damage|p2a: Corviknight|35\/100\n|-damage|p1a: Urshifu|35\/100|[from] item: Rocky Helmet|[of] p2a: Corviknight\n|move|p2a: Corviknight|Roost|p2a: Corviknight\n|-heal|p2a: Corviknight|85\/100\n|-singleturn|p2a: Corviknight|move: Roost\n|\n|upkeep\n|turn|35\n|\n|t:|1699131236\n|switch|p2a: Gastrodon|Gastrodon, M|100\/100\n|move|p1a: Urshifu|Thunder Punch|p2a: Gastrodon\n|-immune|p2a: Gastrodon\n|\n|upkeep\n|turn|36\n|\n|t:|1699131262\n|switch|p1a: Dragapult|Dragapult, M|100\/100\n|move|p2a: Gastrodon|Earth Power|p1a: Dragapult\n|-damage|p1a: Dragapult|54\/100\n|\n|upkeep\n|turn|37\n|\n|t:|1699131303\n|move|p1a: Dragapult|Substitute|p1a: Dragapult\n|-start|p1a: Dragapult|Substitute\n|-damage|p1a: Dragapult|29\/100\n|move|p2a: Gastrodon|Scald|p1a: Dragapult\n|-resisted|p1a: Dragapult\n|-activate|p1a: Dragapult|move: Substitute|[damage]\n|\n|upkeep\n|turn|38\n|\n|t:|1699131314\n|move|p1a: Dragapult|Dragon Dance|p1a: Dragapult\n|-boost|p1a: Dragapult|atk|1\n|-boost|p1a: Dragapult|spe|1\n|move|p2a: Gastrodon|Scald|p1a: Dragapult\n|-resisted|p1a: Dragapult\n|-end|p1a: Dragapult|Substitute\n|\n|upkeep\n|turn|39\n|\n|t:|1699131323\n|move|p1a: Dragapult|Phantom Force||[still]\n|-prepare|p1a: Dragapult|Phantom Force\n|move|p2a: Gastrodon|Scald|p1a: Dragapult|[miss]\n|-miss|p2a: Gastrodon|p1a: Dragapult\n|\n|upkeep\n|turn|40\n|\n|t:|1699131332\n|move|p1a: Dragapult|Phantom Force|p2a: Gastrodon|[from]lockedmove\n|-damage|p2a: Gastrodon|46\/100\n|-enditem|p2a: Gastrodon|Sitrus Berry|[eat]\n|-heal|p2a: Gastrodon|71\/100|[from] item: Sitrus Berry\n|move|p2a: Gastrodon|Scald|p1a: Dragapult\n|-resisted|p1a: Dragapult\n|-damage|p1a: Dragapult|12\/100\n|\n|upkeep\n|turn|41\n|\n|t:|1699131344\n|move|p1a: Dragapult|Phantom Force||[still]\n|-prepare|p1a: Dragapult|Phantom Force\n|move|p2a: Gastrodon|Scald|p1a: Dragapult|[miss]\n|-miss|p2a: Gastrodon|p1a: Dragapult\n|\n|upkeep\n|turn|42\n|\n|t:|1699131353\n|move|p1a: Dragapult|Phantom Force|p2a: Gastrodon|[from]lockedmove\n|-damage|p2a: Gastrodon|11\/100\n|move|p2a: Gastrodon|Earth Power|p1a: Dragapult\n|-damage|p1a: Dragapult|0 fnt\n|faint|p1a: Dragapult\n|\n|upkeep\n|\n|t:|1699131356\n|switch|p1a: Urshifu|Urshifu-Rapid-Strike, M|35\/100\n|turn|43\n|\n|t:|1699131366\n|switch|p2a: Corviknight|Corviknight, M|85\/100\n|move|p1a: Urshifu|Close Combat|p2a: Corviknight\n|-damage|p2a: Corviknight|33\/100\n|-unboost|p1a: Urshifu|def|1\n|-unboost|p1a: Urshifu|spd|1\n|-damage|p1a: Urshifu|18\/100|[from] item: Rocky Helmet|[of] p2a: Corviknight\n|\n|upkeep\n|turn|44\n|\n|t:|1699131376\n|switch|p2a: Weezing|Weezing-Galar, M|74\/100 brn\n|move|p1a: Urshifu|Close Combat|p2a: Weezing\n|-resisted|p2a: Weezing\n|-damage|p2a: Weezing|63\/100 brn\n|-unboost|p1a: Urshifu|def|1\n|-unboost|p1a: Urshifu|spd|1\n|\n|-damage|p2a: Weezing|57\/100 brn|[from] brn\n|upkeep\n|turn|45\n|\n|t:|1699131388\n|move|p1a: Urshifu|Close Combat|p2a: Weezing\n|-resisted|p2a: Weezing\n|-damage|p2a: Weezing|47\/100 brn\n|-unboost|p1a: Urshifu|def|1\n|-unboost|p1a: Urshifu|spd|1\n|move|p2a: Weezing|Strange Steam|p1a: Urshifu\n|-supereffective|p1a: Urshifu\n|-damage|p1a: Urshifu|0 fnt\n|faint|p1a: Urshifu\n|\n|win|gus77g\n|l|\u2606jupax123\n","uploadtime":1699131414,"views":14,"p1id":"jupax123","p2id":"gus77g","formatid":"gen9nationaldexubers","rating":0,"private":0,"password":""}