{"id":"gen9nationaldexubers-1982345538","p1":"kikofp","p2":"Obito 2001","format":"[Gen 9] National Dex Ubers","log":"|j|\u2606kikofp\n|j|\u2606Obito 2001\n|t:|1699001387\n|gametype|singles\n|player|p1|kikofp|265|1602\n|player|p2|Obito 2001|blue-gen3two|1879\n|teamsize|p1|6\n|teamsize|p2|6\n|gen|9\n|tier|[Gen 9] National Dex Ubers\n|rated|\n|rule|HP Percentage Mod: HP is shown in percentages\n|rule|Endless Battle Clause: Forcing endless battles is banned\n|rule|OHKO Clause: OHKO moves are banned\n|rule|Evasion Moves Clause: Evasion moves are banned\n|rule|Evasion Items Clause: Evasion items are banned\n|rule|Species Clause: Limit one of each Pok\u00e9mon\n|rule|Sleep Clause Mod: Limit one foe put to sleep\n|rule|Mega Rayquaza Clause: You cannot mega evolve Rayquaza\n|clearpoke\n|poke|p1|Groudon|\n|poke|p1|Arceus|\n|poke|p1|Zacian-*|\n|poke|p1|Ho-Oh|\n|poke|p1|Necrozma-Dusk-Mane|\n|poke|p1|Yveltal|\n|poke|p2|Ditto|\n|poke|p2|Mewtwo|\n|poke|p2|Arceus-Ground|\n|poke|p2|Magearna|\n|poke|p2|Yveltal|\n|poke|p2|Necrozma-Dusk-Mane|\n|teampreview\n|inactive|Battle timer is ON: inactive players will automatically lose when time's up. (requested by Obito 2001)\n|\n|t:|1699001398\n|start\n|switch|p1a: Groudon|Groudon|100\/100\n|switch|p2a: Arceus|Arceus-Ground|100\/100\n|detailschange|p1a: Groudon|Groudon-Primal\n|-primal|p1a: Groudon|Red Orb\n|-weather|DesolateLand|[from] ability: Desolate Land|[of] p1a: Groudon\n|turn|1\n|inactive|kikofp has 120 seconds left.\n|inactive|kikofp has 90 seconds left.\n|\n|t:|1699001459\n|-weather|none\n|switch|p1a: Ho-Oh|Ho-Oh, shiny|100\/100\n|move|p2a: Arceus|Judgment|p1a: Ho-Oh\n|-immune|p1a: Ho-Oh\n|\n|upkeep\n|turn|2\n|\n|t:|1699001465\n|move|p2a: Arceus|Taunt|p1a: Ho-Oh\n|-start|p1a: Ho-Oh|move: Taunt\n|cant|p1a: Ho-Oh|move: Taunt|Toxic\n|\n|upkeep\n|turn|3\n|\n|t:|1699001467\n|move|p2a: Arceus|Toxic|p1a: Ho-Oh\n|-status|p1a: Ho-Oh|tox\n|move|p1a: Ho-Oh|Sacred Fire|p2a: Arceus\n|-damage|p2a: Arceus|71\/100\n|\n|-damage|p1a: Ho-Oh|94\/100 tox|[from] psn\n|upkeep\n|turn|4\n|\n|t:|1699001471\n|switch|p2a: Ditto|Ditto, shiny|100\/100\n|-transform|p2a: Ditto|p1a: Ho-Oh|[from] ability: Imposter\n|switch|p1a: Necrozma|Necrozma-Dusk-Mane|100\/100\n|\n|upkeep\n|turn|5\n|\n|t:|1699001477\n|switch|p1a: Ho-Oh|Ho-Oh, shiny|100\/100 tox\n|move|p2a: Ditto|Sacred Fire|p1a: Ho-Oh\n|-resisted|p1a: Ho-Oh\n|-damage|p1a: Ho-Oh|86\/100 tox\n|\n|-damage|p1a: Ho-Oh|80\/100 tox|[from] psn\n|upkeep\n|turn|6\n|\n|t:|1699001482\n|switch|p2a: Necrozma|Necrozma-Dusk-Mane|100\/100\n|move|p1a: Ho-Oh|Sacred Fire|p2a: Necrozma\n|-supereffective|p2a: Necrozma\n|-damage|p2a: Necrozma|48\/100\n|-status|p2a: Necrozma|brn\n|\n|-damage|p1a: Ho-Oh|68\/100 tox|[from] psn\n|-damage|p2a: Necrozma|42\/100 brn|[from] brn\n|upkeep\n|turn|7\n|\n|t:|1699001486\n|move|p2a: Necrozma|Stealth Rock|p1a: Ho-Oh\n|-sidestart|p1: kikofp|move: Stealth Rock\n|move|p1a: Ho-Oh|Roost|p1a: Ho-Oh\n|-heal|p1a: Ho-Oh|100\/100 tox\n|-singleturn|p1a: Ho-Oh|move: Roost\n|\n|-damage|p1a: Ho-Oh|82\/100 tox|[from] psn\n|-damage|p2a: Necrozma|36\/100 brn|[from] brn\n|upkeep\n|turn|8\n|\n|t:|1699001492\n|switch|p1a: Groudon|Groudon-Primal|100\/100\n|-damage|p1a: Groudon|88\/100|[from] Stealth Rock\n|-weather|DesolateLand|[from] ability: Desolate Land|[of] p1a: Groudon\n|detailschange|p2a: Necrozma|Necrozma-Ultra\n|-burst|p2a: Necrozma|Necrozma|Ultranecrozium Z\n|move|p2a: Necrozma|Photon Geyser|p1a: Groudon\n|-damage|p1a: Groudon|26\/100\n|\n|-weather|DesolateLand|[upkeep]\n|-damage|p2a: Necrozma|30\/100 brn|[from] brn\n|upkeep\n|turn|9\n|\n|t:|1699001496\n|move|p2a: Necrozma|Dragon Pulse|p1a: Groudon\n|-damage|p1a: Groudon|0 fnt\n|faint|p1a: Groudon\n|-weather|none\n|\n|-damage|p2a: Necrozma|23\/100 brn|[from] brn\n|upkeep\n|\n|t:|1699001503\n|switch|p1a: Zacian|Zacian-Crowned, shiny|100\/100\n|-damage|p1a: Zacian|94\/100|[from] Stealth Rock\n|-ability|p1a: Zacian|Intrepid Sword|boost\n|-boost|p1a: Zacian|atk|1\n|turn|10\n|\n|t:|1699001508\n|move|p1a: Zacian|Behemoth Blade|p2a: Necrozma\n|-damage|p2a: Necrozma|0 fnt\n|faint|p2a: Necrozma\n|\n|upkeep\n|\n|t:|1699001510\n|switch|p2a: Ditto|Ditto, shiny|100\/100\n|-transform|p2a: Ditto|p1a: Zacian|[from] ability: Imposter\n|-ability|p2a: Ditto|Intrepid Sword|boost\n|-boost|p2a: Ditto|atk|1\n|turn|11\n|\n|t:|1699001522\n|switch|p1a: Ho-Oh|Ho-Oh, shiny|100\/100 tox\n|move|p2a: Ditto|Behemoth Blade|p1a: Ho-Oh\n|-resisted|p1a: Ho-Oh\n|-damage|p1a: Ho-Oh|64\/100 tox\n|\n|-damage|p1a: Ho-Oh|58\/100 tox|[from] psn\n|upkeep\n|turn|12\n|\n|t:|1699001532\n|move|p2a: Ditto|Behemoth Blade|p1a: Ho-Oh\n|-resisted|p1a: Ho-Oh\n|-damage|p1a: Ho-Oh|20\/100 tox\n|move|p1a: Ho-Oh|Sacred Fire|p2a: Ditto\n|-supereffective|p2a: Ditto\n|-damage|p2a: Ditto|12\/100\n|-status|p2a: Ditto|brn\n|\n|-damage|p1a: Ho-Oh|8\/100 tox|[from] psn\n|-damage|p2a: Ditto|6\/100 brn|[from] brn\n|upkeep\n|turn|13\n|\n|t:|1699001544\n|switch|p2a: Magearna|Magearna|100\/100\n|move|p1a: Ho-Oh|Roost|p1a: Ho-Oh\n|-heal|p1a: Ho-Oh|59\/100 tox\n|-singleturn|p1a: Ho-Oh|move: Roost\n|\n|-damage|p1a: Ho-Oh|40\/100 tox|[from] psn\n|upkeep\n|turn|14\n|\n|t:|1699001553\n|switch|p1a: Zacian|Zacian-Crowned, shiny|94\/100\n|-damage|p1a: Zacian|88\/100|[from] Stealth Rock\n|switch|p2a: Ditto|Ditto, shiny|6\/100 brn\n|-transform|p2a: Ditto|p1a: Zacian|[from] ability: Imposter\n|\n|-damage|p2a: Ditto|0 fnt|[from] brn\n|faint|p2a: Ditto\n|upkeep\n|\n|t:|1699001558\n|switch|p2a: Arceus|Arceus-Ground|71\/100\n|turn|15\n|\n|t:|1699001562\n|move|p1a: Zacian|Behemoth Blade|p2a: Arceus\n|-crit|p2a: Arceus\n|-damage|p2a: Arceus|10\/100\n|move|p2a: Arceus|Judgment|p1a: Zacian\n|-supereffective|p1a: Zacian\n|-damage|p1a: Zacian|0 fnt\n|faint|p1a: Zacian\n|\n|upkeep\n|\n|t:|1699001573\n|switch|p1a: Arceus|Arceus|100\/100\n|-damage|p1a: Arceus|88\/100|[from] Stealth Rock\n|turn|16\n|\n|t:|1699001578\n|switch|p2a: Yveltal|Yveltal, shiny|100\/100\n|-ability|p2a: Yveltal|Dark Aura\n|move|p1a: Arceus|Extreme Speed|p2a: Yveltal\n|-damage|p2a: Yveltal|77\/100\n|\n|upkeep\n|turn|17\n|\n|t:|1699001582\n|-zpower|p1a: Arceus\n|move|p1a: Arceus|Breakneck Blitz|p2a: Yveltal|[zeffect]\n|-damage|p2a: Yveltal|32\/100\n|move|p2a: Yveltal|Foul Play|p1a: Arceus\n|-damage|p1a: Arceus|44\/100\n|\n|upkeep\n|turn|18\n|\n|t:|1699001597\n|move|p1a: Arceus|Extreme Speed|p2a: Yveltal\n|-damage|p2a: Yveltal|9\/100\n|move|p2a: Yveltal|Roost|p2a: Yveltal\n|-heal|p2a: Yveltal|59\/100\n|-singleturn|p2a: Yveltal|move: Roost\n|\n|upkeep\n|turn|19\n|\n|t:|1699001606\n|move|p1a: Arceus|Swords Dance|p1a: Arceus\n|-boost|p1a: Arceus|atk|2\n|move|p2a: Yveltal|Foul Play|p1a: Arceus\n|-damage|p1a: Arceus|0 fnt\n|faint|p1a: Arceus\n|\n|upkeep\n|\n|t:|1699001610\n|switch|p1a: Yveltal|Yveltal, shiny|100\/100\n|-ability|p1a: Yveltal|Dark Aura\n|turn|20\n|\n|t:|1699001615\n|switch|p2a: Magearna|Magearna|100\/100\n|move|p1a: Yveltal|Taunt|p2a: Magearna\n|-start|p2a: Magearna|move: Taunt\n|\n|upkeep\n|turn|21\n|\n|t:|1699001619\n|switch|p1a: Necrozma|Necrozma-Dusk-Mane|100\/100\n|-damage|p1a: Necrozma|94\/100|[from] Stealth Rock\n|switch|p2a: Yveltal|Yveltal, shiny|59\/100\n|-ability|p2a: Yveltal|Dark Aura\n|\n|upkeep\n|turn|22\n|\n|t:|1699001627\n|-terastallize|p2a: Yveltal|Dark\n|move|p2a: Yveltal|Foul Play|p1a: Necrozma\n|-supereffective|p1a: Necrozma\n|-damage|p1a: Necrozma|0 fnt\n|faint|p1a: Necrozma\n|\n|upkeep\n|\n|t:|1699001634\n|switch|p1a: Ho-Oh|Ho-Oh, shiny|74\/100 tox\n|turn|23\n|\n|t:|1699001638\n|switch|p2a: Arceus|Arceus-Ground|10\/100\n|move|p1a: Ho-Oh|Sacred Fire|p2a: Arceus\n|-damage|p2a: Arceus|0 fnt\n|faint|p2a: Arceus\n|\n|-damage|p1a: Ho-Oh|68\/100 tox|[from] psn\n|upkeep\n|\n|t:|1699001643\n|switch|p2a: Mewtwo|Mewtwo|100\/100\n|-ability|p2a: Mewtwo|Pressure\n|turn|24\n|\n|t:|1699001649\n|-terastallize|p1a: Ho-Oh|Grass\n|move|p2a: Mewtwo|Psystrike|p1a: Ho-Oh\n|-damage|p1a: Ho-Oh|32\/100 tox\n|move|p1a: Ho-Oh|Sacred Fire|p2a: Mewtwo\n|-damage|p2a: Mewtwo|58\/100\n|-status|p2a: Mewtwo|brn\n|\n|-damage|p1a: Ho-Oh|20\/100 tox|[from] psn\n|-damage|p2a: Mewtwo|52\/100 brn|[from] brn\n|upkeep\n|turn|25\n|\n|t:|1699001658\n|switch|p1a: Yveltal|Yveltal, shiny|100\/100\n|-ability|p1a: Yveltal|Dark Aura\n|move|p2a: Mewtwo|Recover|p2a: Mewtwo\n|-heal|p2a: Mewtwo|100\/100 brn\n|\n|-damage|p2a: Mewtwo|94\/100 brn|[from] brn\n|upkeep\n|turn|26\n|\n|t:|1699001665\n|switch|p2a: Magearna|Magearna|100\/100\n|move|p1a: Yveltal|Taunt|p2a: Magearna\n|-start|p2a: Magearna|move: Taunt\n|\n|upkeep\n|turn|27\n|\n|t:|1699001670\n|switch|p1a: Ho-Oh|Ho-Oh, shiny, tera:Grass|54\/100 tox\n|move|p2a: Magearna|Fleur Cannon|p1a: Ho-Oh\n|-damage|p1a: Ho-Oh|25\/100 tox\n|-unboost|p2a: Magearna|spa|2\n|\n|-damage|p1a: Ho-Oh|19\/100 tox|[from] psn\n|upkeep\n|turn|28\n|\n|t:|1699001674\n|switch|p2a: Mewtwo|Mewtwo|94\/100 brn\n|-ability|p2a: Mewtwo|Pressure\n|move|p1a: Ho-Oh|Roost|p1a: Ho-Oh\n|-heal|p1a: Ho-Oh|69\/100 tox\n|\n|-damage|p1a: Ho-Oh|57\/100 tox|[from] psn\n|-damage|p2a: Mewtwo|88\/100 brn|[from] brn\n|upkeep\n|turn|29\n|\n|t:|1699001677\n|switch|p1a: Yveltal|Yveltal, shiny|100\/100\n|-ability|p1a: Yveltal|Dark Aura\n|move|p2a: Mewtwo|Psystrike|p1a: Yveltal\n|-immune|p1a: Yveltal\n|\n|-damage|p2a: Mewtwo|82\/100 brn|[from] brn\n|upkeep\n|turn|30\n|\n|t:|1699001679\n|switch|p2a: Magearna|Magearna|100\/100\n|move|p1a: Yveltal|Foul Play|p2a: Magearna\n|-resisted|p2a: Magearna\n|-damage|p2a: Magearna|87\/100\n|\n|upkeep\n|turn|31\n|\n|t:|1699001682\n|move|p1a: Yveltal|Taunt|p2a: Magearna\n|-start|p2a: Magearna|move: Taunt\n|move|p2a: Magearna|Fleur Cannon|p1a: Yveltal\n|-supereffective|p1a: Yveltal\n|-damage|p1a: Yveltal|16\/100\n|-unboost|p2a: Magearna|spa|2\n|\n|upkeep\n|turn|32\n|\n|t:|1699001687\n|move|p1a: Yveltal|Foul Play|p2a: Magearna\n|-resisted|p2a: Magearna\n|-damage|p2a: Magearna|73\/100\n|move|p2a: Magearna|Fleur Cannon|p1a: Yveltal\n|-supereffective|p1a: Yveltal\n|-damage|p1a: Yveltal|0 fnt\n|-unboost|p2a: Magearna|spa|2\n|faint|p1a: Yveltal\n|-ability|p2a: Magearna|Soul-Heart|boost\n|-boost|p2a: Magearna|spa|1\n|\n|upkeep\n|\n|t:|1699001690\n|switch|p1a: Ho-Oh|Ho-Oh, shiny, tera:Grass|90\/100 tox\n|turn|33\n|\n|t:|1699001695\n|switch|p2a: Mewtwo|Mewtwo|82\/100 brn\n|-ability|p2a: Mewtwo|Pressure\n|move|p1a: Ho-Oh|Sacred Fire|p2a: Mewtwo\n|-damage|p2a: Mewtwo|47\/100 brn\n|\n|-damage|p1a: Ho-Oh|84\/100 tox|[from] psn\n|-damage|p2a: Mewtwo|41\/100 brn|[from] brn\n|upkeep\n|turn|34\n|-message|kikofp forfeited.\n|\n|win|Obito 2001\n|raw|kikofp's rating: 1612 &rarr; <strong>1605<\/strong><br \/>(-7 for losing)\n|raw|Obito 2001's rating: 1879 &rarr; <strong>1886<\/strong><br \/>(+7 for winning)\n|l|\u2606kikofp\n|l|\u2606Obito 2001\n","uploadtime":1699001715,"views":15,"p1id":"kikofp","p2id":"obito2001","formatid":"gen9nationaldexubers","rating":1605,"private":0,"password":""}