{"id":"gen9nationaldexubers-1987888781","p1":"Neosouls","p2":"Dielement","format":"[Gen 9] National Dex Ubers","log":"|j|\u2606Neosouls\n|j|\u2606Dielement\n|t:|1699646179\n|gametype|singles\n|player|p1|Neosouls|marlon|\n|player|p2|Dielement|iris-gen5bw2|\n|teamsize|p1|5\n|teamsize|p2|3\n|gen|9\n|tier|[Gen 9] National Dex Ubers\n|rule|HP Percentage Mod: HP is shown in percentages\n|rule|Endless Battle Clause: Forcing endless battles is banned\n|rule|OHKO Clause: OHKO moves are banned\n|rule|Evasion Moves Clause: Evasion moves are banned\n|rule|Evasion Items Clause: Evasion items are banned\n|rule|Species Clause: Limit one of each Pok\u00e9mon\n|rule|Sleep Clause Mod: Limit one foe put to sleep\n|rule|Mega Rayquaza Clause: You cannot mega evolve Rayquaza\n|clearpoke\n|poke|p1|Delphox, L40, M|\n|poke|p1|Sharpedo, L36, F|\n|poke|p1|Haxorus, L48, F|\n|poke|p1|Aegislash, L38, M|\n|poke|p1|Porygon-Z, L35|\n|poke|p2|Tinkaton, L50, F|\n|poke|p2|Aggron, L50, M|\n|poke|p2|Zoroark-Hisui, L50, F|\n|teampreview\n|\n|t:|1699646203\n|start\n|switch|p1a: Delphox|Delphox, L40, M|100\/100\n|switch|p2a: Behemot|Aggron, L50, M|100\/100\n|turn|1\n|\n|t:|1699646213\n|move|p1a: Delphox|Fire Spin|p2a: Behemot\n|-damage|p2a: Behemot|90\/100\n|-activate|p2a: Behemot|move: Fire Spin|[of] p1a: Delphox\n|move|p2a: Behemot|Stealth Rock|p1a: Delphox\n|-sidestart|p1: Neosouls|move: Stealth Rock\n|\n|-damage|p2a: Behemot|78\/100|[from] move: Fire Spin|[partiallytrapped]\n|upkeep\n|turn|2\n|\n|t:|1699646223\n|move|p1a: Delphox|Shadow Ball|p2a: Behemot\n|-damage|p2a: Behemot|61\/100\n|move|p2a: Behemot|Earthquake|p1a: Delphox\n|-supereffective|p1a: Delphox\n|-damage|p1a: Delphox|0 fnt\n|faint|p1a: Delphox\n|\n|-end|p2a: Behemot|Fire Spin|[partiallytrapped]|[silent]\n|upkeep\n|\n|t:|1699646237\n|switch|p1a: Haxorus|Haxorus, L48, F, shiny|100\/100\n|-damage|p1a: Haxorus|88\/100|[from] Stealth Rock\n|turn|3\n|\n|t:|1699646243\n|move|p1a: Haxorus|Dragon Claw|p2a: Behemot\n|-resisted|p2a: Behemot\n|-damage|p2a: Behemot|51\/100\n|-damage|p1a: Haxorus|72\/100|[from] item: Rocky Helmet|[of] p2a: Behemot\n|move|p2a: Behemot|Heavy Slam|p1a: Haxorus\n|-damage|p1a: Haxorus|25\/100\n|\n|upkeep\n|turn|4\n|\n|t:|1699646253\n|move|p1a: Haxorus|Outrage|p2a: Behemot\n|-resisted|p2a: Behemot\n|-damage|p2a: Behemot|38\/100\n|-damage|p1a: Haxorus|9\/100|[from] item: Rocky Helmet|[of] p2a: Behemot\n|move|p2a: Behemot|Heavy Slam|p1a: Haxorus\n|-crit|p1a: Haxorus\n|-damage|p1a: Haxorus|0 fnt\n|faint|p1a: Haxorus\n|\n|upkeep\n|\n|t:|1699646263\n|switch|p1a: Sharpedo|Sharpedo, L36, F|100\/100\n|-damage|p1a: Sharpedo|88\/100|[from] Stealth Rock\n|turn|5\n|\n|t:|1699646276\n|detailschange|p1a: Sharpedo|Sharpedo-Mega, L36, F\n|-mega|p1a: Sharpedo|Sharpedo|Sharpedonite\n|move|p1a: Sharpedo|Dive||[still]\n|-prepare|p1a: Sharpedo|Dive\n|move|p2a: Behemot|Ice Punch|p1a: Sharpedo|[miss]\n|-miss|p2a: Behemot|p1a: Sharpedo\n|\n|upkeep\n|turn|6\n|\n|t:|1699646285\n|move|p1a: Sharpedo|Dive|p2a: Behemot|[from]lockedmove\n|-supereffective|p2a: Behemot\n|-damage|p2a: Behemot|11\/100\n|-damage|p1a: Sharpedo|72\/100|[from] item: Rocky Helmet|[of] p2a: Behemot\n|move|p2a: Behemot|Ice Punch|p1a: Sharpedo\n|-resisted|p1a: Sharpedo\n|-damage|p1a: Sharpedo|43\/100\n|\n|upkeep\n|turn|7\n|\n|t:|1699646295\n|move|p1a: Sharpedo|Crunch|p2a: Behemot\n|-damage|p2a: Behemot|0 fnt\n|-damage|p1a: Sharpedo|27\/100|[from] item: Rocky Helmet|[of] p2a: Behemot\n|faint|p2a: Behemot\n|\n|upkeep\n|\n|t:|1699646312\n|switch|p2a: Fatalis|Tinkaton, L50, F|100\/100\n|turn|8\n|\n|t:|1699646335\n|move|p2a: Fatalis|Shadow Ball|p1a: Sharpedo\n|-resisted|p1a: Sharpedo\n|-damage|p1a: Sharpedo|0 fnt\n|faint|p1a: Sharpedo\n|\n|upkeep\n|\n|t:|1699646340\n|switch|p1a: Aegislash|Aegislash, L38, M, shiny|100\/100\n|-damage|p1a: Aegislash|94\/100|[from] Stealth Rock\n|turn|9\n|\n|t:|1699646354\n|-terastallize|p1a: Aegislash|Steel\n|move|p2a: Fatalis|Shadow Ball|p1a: Aegislash\n|-damage|p1a: Aegislash|38\/100\n|-formechange|p1a: Aegislash|Aegislash-Blade||[from] ability: Stance Change\n|move|p1a: Aegislash|Shadow Claw|p2a: Fatalis\n|-immune|p2a: Fatalis\n|\n|upkeep\n|turn|10\n|\n|t:|1699646369\n|-formechange|p1a: Aegislash|Aegislash||[from] ability: Stance Change\n|move|p1a: Aegislash|King's Shield|p1a: Aegislash\n|-singleturn|p1a: Aegislash|Protect\n|move|p2a: Fatalis|Shadow Ball|p1a: Aegislash\n|-activate|p1a: Aegislash|move: Protect\n|\n|upkeep\n|turn|11\n|\n|t:|1699646378\n|switch|p1a: Porygon-Z|Porygon-Z, L35, shiny|100\/100\n|-damage|p1a: Porygon-Z|88\/100|[from] Stealth Rock\n|move|p2a: Fatalis|Shadow Ball|p1a: Porygon-Z\n|-immune|p1a: Porygon-Z\n|\n|upkeep\n|turn|12\n|\n|t:|1699646394\n|move|p2a: Fatalis|Nasty Plot|p2a: Fatalis\n|-boost|p2a: Fatalis|spa|2\n|move|p1a: Porygon-Z|Psybeam|p2a: Fatalis\n|-damage|p2a: Fatalis|75\/100\n|replace|p2a: Lunastra|Zoroark-Hisui, L50, F, shiny\n|-end|p2a: Lunastra|Illusion\n|\n|upkeep\n|turn|13\n|\n|t:|1699646409\n|move|p2a: Lunastra|Flamethrower|p1a: Porygon-Z\n|-damage|p1a: Porygon-Z|0 fnt\n|faint|p1a: Porygon-Z\n|\n|upkeep\n|\n|t:|1699646414\n|switch|p1a: Aegislash|Aegislash, L38, M, shiny, tera:Steel|38\/100\n|-damage|p1a: Aegislash|32\/100|[from] Stealth Rock\n|turn|14\n|\n|t:|1699646423\n|move|p2a: Lunastra|Shadow Ball|p1a: Aegislash\n|-damage|p1a: Aegislash|0 fnt\n|faint|p1a: Aegislash\n|\n|win|Dielement\n|l|\u2606Neosouls\n","uploadtime":1699646532,"views":29,"p1id":"neosouls","p2id":"dielement","formatid":"gen9nationaldexubers","rating":0,"private":0,"password":""}