{"id":"gen9nationaldexubers-1986539191","p1":"Ascendant_Sun","p2":"NightKing642","format":"[Gen 9] National Dex Ubers","log":"|j|\u2606Ascendant_Sun\n|j|\u2606NightKing642\n|t:|1699489672\n|gametype|singles\n|player|p1|Ascendant_Sun|lance|\n|player|p2|NightKing642|dragontamer|\n|teamsize|p1|6\n|teamsize|p2|6\n|gen|9\n|tier|[Gen 9] National Dex Ubers\n|rule|HP Percentage Mod: HP is shown in percentages\n|rule|Endless Battle Clause: Forcing endless battles is banned\n|rule|OHKO Clause: OHKO moves are banned\n|rule|Evasion Moves Clause: Evasion moves are banned\n|rule|Evasion Items Clause: Evasion items are banned\n|rule|Species Clause: Limit one of each Pok\u00e9mon\n|rule|Sleep Clause Mod: Limit one foe put to sleep\n|rule|Mega Rayquaza Clause: You cannot mega evolve Rayquaza\n|clearpoke\n|poke|p1|Golisopod, F|\n|poke|p1|Incineroar, M|\n|poke|p1|Vikavolt, F|\n|poke|p1|Ninetales-Alola, F|\n|poke|p1|Lycanroc-Dusk, F|\n|poke|p1|Kommo-o, F|\n|poke|p2|Hatterene, F|\n|poke|p2|Rillaboom, M|\n|poke|p2|Corviknight, M|\n|poke|p2|Samurott-Hisui, M|\n|poke|p2|Dragapult, M|\n|poke|p2|Toxtricity, M|\n|teampreview\n|j| Unclaspednine\n|\n|t:|1699489707\n|start\n|switch|p1a: Ninetales|Ninetales-Alola, F, shiny|100\/100\n|switch|p2a: Samurott|Samurott-Hisui, M|100\/100\n|-weather|Snow|[from] ability: Snow Warning|[of] p1a: Ninetales\n|turn|1\n|\n|t:|1699489717\n|move|p2a: Samurott|Smart Strike|p1a: Ninetales\n|-supereffective|p1a: Ninetales\n|-damage|p1a: Ninetales|54\/100\n|move|p1a: Ninetales|Aurora Veil|p1a: Ninetales\n|-sidestart|p1: Ascendant_Sun|move: Aurora Veil\n|\n|-weather|Snow|[upkeep]\n|upkeep\n|turn|2\n|\n|t:|1699489738\n|switch|p1a: Kommo-o|Kommo-o, F|100\/100\n|move|p2a: Samurott|Aerial Ace|p1a: Kommo-o\n|-supereffective|p1a: Kommo-o\n|-damage|p1a: Kommo-o|78\/100\n|\n|-weather|Snow|[upkeep]\n|upkeep\n|turn|3\n|\n|t:|1699489751\n|move|p2a: Samurott|Aerial Ace|p1a: Kommo-o\n|-supereffective|p1a: Kommo-o\n|-damage|p1a: Kommo-o|56\/100\n|move|p1a: Kommo-o|Clangorous Soul|p1a: Kommo-o\n|-boost|p1a: Kommo-o|atk|1\n|-boost|p1a: Kommo-o|def|1\n|-boost|p1a: Kommo-o|spa|1\n|-boost|p1a: Kommo-o|spd|1\n|-boost|p1a: Kommo-o|spe|1\n|-damage|p1a: Kommo-o|24\/100\n|-enditem|p1a: Kommo-o|Sitrus Berry|[eat]\n|-heal|p1a: Kommo-o|49\/100|[from] item: Sitrus Berry\n|\n|-weather|Snow|[upkeep]\n|upkeep\n|turn|4\n|\n|t:|1699489764\n|move|p1a: Kommo-o|Drain Punch|p2a: Samurott\n|-supereffective|p2a: Samurott\n|-damage|p2a: Samurott|3\/100\n|-heal|p1a: Kommo-o|93\/100|[from] drain|[of] p2a: Samurott\n|move|p2a: Samurott|Aerial Ace|p1a: Kommo-o\n|-supereffective|p1a: Kommo-o\n|-damage|p1a: Kommo-o|78\/100\n|\n|-weather|Snow|[upkeep]\n|upkeep\n|turn|5\n|\n|t:|1699489773\n|move|p1a: Kommo-o|Clangorous Soul|p1a: Kommo-o\n|-boost|p1a: Kommo-o|atk|1\n|-boost|p1a: Kommo-o|def|1\n|-boost|p1a: Kommo-o|spa|1\n|-boost|p1a: Kommo-o|spd|1\n|-boost|p1a: Kommo-o|spe|1\n|-damage|p1a: Kommo-o|45\/100\n|move|p2a: Samurott|Aerial Ace|p1a: Kommo-o\n|-supereffective|p1a: Kommo-o\n|-damage|p1a: Kommo-o|33\/100\n|\n|-weather|none\n|upkeep\n|turn|6\n|\n|t:|1699489800\n|switch|p2a: Rillaboom|Rillaboom, M|100\/100\n|-fieldstart|move: Grassy Terrain|[from] ability: Grassy Surge|[of] p2a: Rillaboom\n|move|p1a: Kommo-o|Drain Punch|p2a: Rillaboom\n|-damage|p2a: Rillaboom|53\/100\n|-heal|p1a: Kommo-o|61\/100|[from] drain|[of] p2a: Rillaboom\n|\n|-heal|p1a: Kommo-o|67\/100|[from] Grassy Terrain\n|-heal|p2a: Rillaboom|59\/100|[from] Grassy Terrain\n|-heal|p2a: Rillaboom|65\/100|[from] item: Leftovers\n|upkeep\n|turn|7\n|\n|t:|1699489815\n|move|p1a: Kommo-o|Flamethrower|p2a: Rillaboom\n|-supereffective|p2a: Rillaboom\n|-damage|p2a: Rillaboom|0 fnt\n|faint|p2a: Rillaboom\n|\n|-heal|p1a: Kommo-o|73\/100|[from] Grassy Terrain\n|upkeep\n|\n|t:|1699489822\n|switch|p2a: Hatterene|Hatterene, F|100\/100\n|turn|8\n|\n|t:|1699489827\n|move|p1a: Kommo-o|Boomburst|p2a: Hatterene\n|-damage|p2a: Hatterene|3\/100\n|move|p2a: Hatterene|Trick Room|p2a: Hatterene\n|-fieldstart|move: Trick Room|[of] p2a: Hatterene\n|\n|-heal|p2a: Hatterene|9\/100|[from] Grassy Terrain\n|-heal|p2a: Hatterene|15\/100|[from] item: Leftovers\n|-heal|p1a: Kommo-o|79\/100|[from] Grassy Terrain\n|-sideend|p1: Ascendant_Sun|move: Aurora Veil\n|upkeep\n|turn|9\n|\n|t:|1699489843\n|move|p2a: Hatterene|Draining Kiss|p1a: Kommo-o\n|-supereffective|p1a: Kommo-o\n|-damage|p1a: Kommo-o|38\/100\n|-heal|p2a: Hatterene|50\/100|[from] drain|[of] p1a: Kommo-o\n|move|p1a: Kommo-o|Boomburst|p2a: Hatterene\n|-damage|p2a: Hatterene|0 fnt\n|faint|p2a: Hatterene\n|\n|-heal|p1a: Kommo-o|44\/100|[from] Grassy Terrain\n|upkeep\n|\n|t:|1699489853\n|switch|p2a: Dragapult|Dragapult, M|100\/100\n|turn|10\n|\n|t:|1699489858\n|move|p1a: Kommo-o|Flamethrower|p2a: Dragapult\n|-resisted|p2a: Dragapult\n|-damage|p2a: Dragapult|59\/100\n|move|p2a: Dragapult|Draco Meteor|p1a: Kommo-o\n|-supereffective|p1a: Kommo-o\n|-damage|p1a: Kommo-o|0 fnt\n|-unboost|p2a: Dragapult|spa|2\n|faint|p1a: Kommo-o\n|-damage|p2a: Dragapult|50\/100|[from] item: Life Orb\n|\n|-heal|p2a: Dragapult|56\/100|[from] Grassy Terrain\n|-fieldend|move: Grassy Terrain\n|upkeep\n|\n|t:|1699489870\n|switch|p1a: Ninetales|Ninetales-Alola, F, shiny|54\/100\n|-weather|Snow|[from] ability: Snow Warning|[of] p1a: Ninetales\n|turn|11\n|\n|t:|1699489877\n|switch|p2a: Corviknight|Corviknight, M|100\/100\n|move|p1a: Ninetales|Blizzard|p2a: Corviknight\n|-damage|p2a: Corviknight|72\/100\n|\n|-weather|Snow|[upkeep]\n|-heal|p2a: Corviknight|78\/100|[from] item: Leftovers\n|upkeep\n|turn|12\n|\n|t:|1699489884\n|move|p2a: Corviknight|Agility|p2a: Corviknight\n|-boost|p2a: Corviknight|spe|2\n|move|p1a: Ninetales|Aurora Veil|p1a: Ninetales\n|-sidestart|p1: Ascendant_Sun|move: Aurora Veil\n|\n|-weather|Snow|[upkeep]\n|-heal|p2a: Corviknight|84\/100|[from] item: Leftovers\n|-fieldend|move: Trick Room\n|upkeep\n|turn|13\n|\n|t:|1699489893\n|move|p2a: Corviknight|Bulk Up|p2a: Corviknight\n|-boost|p2a: Corviknight|atk|1\n|-boost|p2a: Corviknight|def|1\n|move|p1a: Ninetales|Hypnosis|p2a: Corviknight|[miss]\n|-miss|p1a: Ninetales|p2a: Corviknight\n|\n|-weather|Snow|[upkeep]\n|-heal|p2a: Corviknight|91\/100|[from] item: Leftovers\n|upkeep\n|turn|14\n|\n|t:|1699489904\n|move|p2a: Corviknight|Agility|p2a: Corviknight\n|-boost|p2a: Corviknight|spe|2\n|move|p1a: Ninetales|Hypnosis|p2a: Corviknight|[miss]\n|-miss|p1a: Ninetales|p2a: Corviknight\n|\n|-weather|Snow|[upkeep]\n|-heal|p2a: Corviknight|97\/100|[from] item: Leftovers\n|upkeep\n|turn|15\n|\n|t:|1699489913\n|move|p2a: Corviknight|Bulk Up|p2a: Corviknight\n|-boost|p2a: Corviknight|atk|1\n|-boost|p2a: Corviknight|def|1\n|move|p1a: Ninetales|Hypnosis|p2a: Corviknight\n|-status|p2a: Corviknight|slp|[from] move: Hypnosis\n|\n|-weather|none\n|-heal|p2a: Corviknight|100\/100 slp|[from] item: Leftovers\n|upkeep\n|turn|16\n|\n|t:|1699489937\n|switch|p1a: Lycanroc|Lycanroc-Dusk, F|100\/100\n|cant|p2a: Corviknight|slp\n|\n|upkeep\n|turn|17\n|\n|t:|1699489942\n|cant|p2a: Corviknight|slp\n|move|p1a: Lycanroc|Fire Fang|p2a: Corviknight\n|-supereffective|p2a: Corviknight\n|-damage|p2a: Corviknight|77\/100 slp\n|-damage|p1a: Lycanroc|90\/100|[from] item: Life Orb\n|\n|-heal|p2a: Corviknight|83\/100 slp|[from] item: Leftovers\n|upkeep\n|turn|18\n|\n|t:|1699489950\n|-curestatus|p2a: Corviknight|slp|[msg]\n|move|p2a: Corviknight|Bulk Up|p2a: Corviknight\n|-boost|p2a: Corviknight|atk|1\n|-boost|p2a: Corviknight|def|1\n|move|p1a: Lycanroc|Fire Fang|p2a: Corviknight|[miss]\n|-miss|p1a: Lycanroc|p2a: Corviknight\n|\n|-heal|p2a: Corviknight|89\/100|[from] item: Leftovers\n|upkeep\n|turn|19\n|\n|t:|1699489961\n|switch|p1a: Incineroar|Incineroar, M|100\/100\n|move|p2a: Corviknight|Bulk Up|p2a: Corviknight\n|-boost|p2a: Corviknight|atk|1\n|-boost|p2a: Corviknight|def|1\n|\n|-heal|p2a: Corviknight|96\/100|[from] item: Leftovers\n|-sideend|p1: Ascendant_Sun|move: Aurora Veil\n|upkeep\n|turn|20\n|\n|t:|1699489969\n|move|p2a: Corviknight|Power Trip|p1a: Incineroar\n|-resisted|p1a: Incineroar\n|-damage|p1a: Incineroar|39\/100\n|-enditem|p1a: Incineroar|Sitrus Berry|[eat]\n|-heal|p1a: Incineroar|64\/100|[from] item: Sitrus Berry\n|move|p1a: Incineroar|Will-O-Wisp|p2a: Corviknight\n|-status|p2a: Corviknight|brn\n|\n|-heal|p2a: Corviknight|100\/100 brn|[from] item: Leftovers\n|-damage|p2a: Corviknight|94\/100 brn|[from] brn\n|upkeep\n|turn|21\n|\n|t:|1699489981\n|move|p2a: Corviknight|Power Trip|p1a: Incineroar\n|-resisted|p1a: Incineroar\n|-damage|p1a: Incineroar|34\/100\n|move|p1a: Incineroar|Flare Blitz|p2a: Corviknight\n|-supereffective|p2a: Corviknight\n|-damage|p2a: Corviknight|76\/100 brn\n|-damage|p1a: Incineroar|28\/100|[from] Recoil\n|\n|-heal|p2a: Corviknight|82\/100 brn|[from] item: Leftovers\n|-damage|p2a: Corviknight|76\/100 brn|[from] brn\n|upkeep\n|turn|22\n|\n|t:|1699489999\n|move|p2a: Corviknight|Power Trip|p1a: Incineroar\n|-resisted|p1a: Incineroar\n|-damage|p1a: Incineroar|0 fnt\n|faint|p1a: Incineroar\n|\n|-heal|p2a: Corviknight|82\/100 brn|[from] item: Leftovers\n|-damage|p2a: Corviknight|76\/100 brn|[from] brn\n|upkeep\n|\n|t:|1699490010\n|switch|p1a: Vikavolt|Vikavolt, F, shiny|100\/100\n|turn|23\n|\n|t:|1699490013\n|move|p2a: Corviknight|Power Trip|p1a: Vikavolt\n|-damage|p1a: Vikavolt|13\/100\n|move|p1a: Vikavolt|Thunderbolt|p2a: Corviknight\n|-supereffective|p2a: Corviknight\n|-damage|p2a: Corviknight|0 fnt\n|faint|p2a: Corviknight\n|\n|upkeep\n|\n|t:|1699490021\n|switch|p2a: Dragapult|Dragapult, M|56\/100\n|turn|24\n|\n|t:|1699490033\n|move|p2a: Dragapult|Flamethrower|p1a: Vikavolt\n|-supereffective|p1a: Vikavolt\n|-damage|p1a: Vikavolt|0 fnt\n|faint|p1a: Vikavolt\n|-damage|p2a: Dragapult|46\/100|[from] item: Life Orb\n|\n|upkeep\n|\n|t:|1699490050\n|switch|p1a: Golisopod|Golisopod, F, shiny|100\/100\n|turn|25\n|\n|t:|1699490054\n|move|p1a: Golisopod|First Impression|p2a: Dragapult\n|-resisted|p2a: Dragapult\n|-damage|p2a: Dragapult|9\/100\n|move|p2a: Dragapult|Thunderbolt|p1a: Golisopod\n|-supereffective|p1a: Golisopod\n|-damage|p1a: Golisopod|51\/100\n|-damage|p2a: Dragapult|0 fnt|[from] item: Life Orb\n|faint|p2a: Dragapult\n|\n|upkeep\n|\n|t:|1699490062\n|switch|p2a: Toxtricity|Toxtricity, M|100\/100\n|turn|26\n|\n|t:|1699490073\n|move|p2a: Toxtricity|Shift Gear|p2a: Toxtricity\n|-boost|p2a: Toxtricity|spe|2\n|-boost|p2a: Toxtricity|atk|1\n|move|p1a: Golisopod|Drill Run|p2a: Toxtricity\n|-supereffective|p2a: Toxtricity\n|-crit|p2a: Toxtricity\n|-damage|p2a: Toxtricity|0 fnt\n|faint|p2a: Toxtricity\n|\n|upkeep\n|\n|t:|1699490080\n|switch|p2a: Samurott|Samurott-Hisui, M|3\/100\n|turn|27\n|\n|t:|1699490086\n|move|p1a: Golisopod|Aqua Jet|p2a: Samurott\n|-resisted|p2a: Samurott\n|-damage|p2a: Samurott|0 fnt\n|faint|p2a: Samurott\n|\n|win|Ascendant_Sun\n","uploadtime":1699490094,"views":45,"p1id":"ascendantsun","p2id":"nightking642","formatid":"gen9nationaldexubers","rating":0,"private":0,"password":""}