{"id":"gen9nationaldexubers-1994921361","p1":"JustMonika_CARR","p2":"jimbo123456789","format":"[Gen 9] National Dex Ubers","log":"|j|\u2606JustMonika_CARR\n|j|\u2606jimbo123456789\n|t:|1700504865\n|gametype|singles\n|player|p1|JustMonika_CARR|dawn|1415\n|player|p2|jimbo123456789|169|1372\n|teamsize|p1|6\n|teamsize|p2|6\n|gen|9\n|tier|[Gen 9] National Dex Ubers\n|rated|\n|rule|HP Percentage Mod: HP is shown in percentages\n|rule|Endless Battle Clause: Forcing endless battles is banned\n|rule|OHKO Clause: OHKO moves are banned\n|rule|Evasion Moves Clause: Evasion moves are banned\n|rule|Evasion Items Clause: Evasion items are banned\n|rule|Species Clause: Limit one of each Pok\u00e9mon\n|rule|Sleep Clause Mod: Limit one foe put to sleep\n|rule|Mega Rayquaza Clause: You cannot mega evolve Rayquaza\n|clearpoke\n|poke|p1|Marshadow|\n|poke|p1|Lopunny, F|\n|poke|p1|Dialga|\n|poke|p1|Forretress, F|\n|poke|p1|Pheromosa|\n|poke|p1|Grimmsnarl, M|\n|poke|p2|Groudon|\n|poke|p2|Regieleki|\n|poke|p2|Zacian-*|\n|poke|p2|Necrozma-Dawn-Wings|\n|poke|p2|Kyurem-Black|\n|poke|p2|Yveltal|\n|teampreview\n|inactive|Battle timer is ON: inactive players will automatically lose when time's up. (requested by jimbo123456789)\n|\n|t:|1700504873\n|start\n|switch|p1a: Forretress|Forretress, F, shiny|100\/100\n|switch|p2a: Zacian|Zacian-Crowned, shiny|100\/100\n|-ability|p2a: Zacian|Intrepid Sword|boost\n|-boost|p2a: Zacian|atk|1\n|turn|1\n|\n|t:|1700504881\n|move|p2a: Zacian|Swords Dance|p2a: Zacian\n|-boost|p2a: Zacian|atk|2\n|move|p1a: Forretress|Toxic Spikes|p2a: Zacian\n|-sidestart|p2: jimbo123456789|move: Toxic Spikes\n|\n|upkeep\n|turn|2\n|\n|t:|1700504886\n|move|p2a: Zacian|Play Rough|p1a: Forretress\n|-resisted|p1a: Forretress\n|-damage|p1a: Forretress|62\/100\n|-enditem|p1a: Forretress|Red Card|[of] p2a: Zacian\n|drag|p2a: Necrozma|Necrozma-Dawn-Wings, shiny|100\/100\n|-status|p2a: Necrozma|psn\n|move|p1a: Forretress|Stealth Rock|p2a: Necrozma\n|-sidestart|p2: jimbo123456789|move: Stealth Rock\n|\n|-damage|p2a: Necrozma|88\/100 psn|[from] psn\n|upkeep\n|turn|3\n|\n|t:|1700504909\n|move|p2a: Necrozma|Dragon Dance|p2a: Necrozma\n|-boost|p2a: Necrozma|atk|1\n|-boost|p2a: Necrozma|spe|1\n|move|p1a: Forretress|Toxic Spikes|p2a: Necrozma\n|-sidestart|p2: jimbo123456789|move: Toxic Spikes\n|\n|-damage|p2a: Necrozma|76\/100 psn|[from] psn\n|upkeep\n|turn|4\n|\n|t:|1700504918\n|move|p2a: Necrozma|Calm Mind|p2a: Necrozma\n|-boost|p2a: Necrozma|spa|1\n|-boost|p2a: Necrozma|spd|1\n|move|p1a: Forretress|Rapid Spin|p2a: Necrozma\n|-immune|p2a: Necrozma\n|\n|-damage|p2a: Necrozma|64\/100 psn|[from] psn\n|upkeep\n|turn|5\n|\n|t:|1700504929\n|move|p2a: Necrozma|Moongeist Beam|p1a: Forretress\n|-damage|p1a: Forretress|0 fnt\n|faint|p1a: Forretress\n|\n|-damage|p2a: Necrozma|51\/100 psn|[from] psn\n|upkeep\n|\n|t:|1700504937\n|switch|p1a: Marshadow|Marshadow|100\/100\n|turn|6\n|\n|t:|1700504943\n|move|p1a: Marshadow|Spectral Thief||[still]\n|-clearpositiveboost|p2a: Necrozma|p1a: Marshadow|move: Spectral Thief\n|-boost|p1a: Marshadow|atk|1\n|-boost|p1a: Marshadow|spa|1\n|-boost|p1a: Marshadow|spd|1\n|-boost|p1a: Marshadow|spe|1\n|-anim|p1a: Marshadow|Spectral Thief|p2a: Necrozma\n|-supereffective|p2a: Necrozma\n|-damage|p2a: Necrozma|0 fnt\n|faint|p2a: Necrozma\n|\n|upkeep\n|\n|t:|1700504964\n|switch|p2a: Yveltal|Yveltal, shiny|100\/100\n|-damage|p2a: Yveltal|76\/100|[from] Stealth Rock\n|-ability|p2a: Yveltal|Dark Aura\n|turn|7\n|\n|t:|1700504971\n|move|p1a: Marshadow|Rock Tomb|p2a: Yveltal\n|-supereffective|p2a: Yveltal\n|-damage|p2a: Yveltal|1\/100\n|-unboost|p2a: Yveltal|spe|1\n|move|p2a: Yveltal|Shadow Ball|p1a: Marshadow\n|-supereffective|p1a: Marshadow\n|-damage|p1a: Marshadow|63\/100\n|\n|-heal|p2a: Yveltal|7\/100|[from] item: Leftovers\n|upkeep\n|turn|8\n|\n|t:|1700504982\n|move|p2a: Yveltal|Sucker Punch|p1a: Marshadow\n|-damage|p1a: Marshadow|1\/100\n|move|p1a: Marshadow|Drain Punch|p2a: Yveltal\n|-damage|p2a: Yveltal|0 fnt\n|-heal|p1a: Marshadow|6\/100|[from] drain|[of] p2a: Yveltal\n|faint|p2a: Yveltal\n|\n|upkeep\n|\n|t:|1700504993\n|switch|p2a: Regieleki|Regieleki, shiny|100\/100\n|-status|p2a: Regieleki|tox\n|-damage|p2a: Regieleki|88\/100 tox|[from] Stealth Rock\n|turn|9\n|\n|t:|1700505001\n|move|p1a: Marshadow|Drain Punch|p2a: Regieleki\n|-damage|p2a: Regieleki|0 fnt\n|-heal|p1a: Marshadow|47\/100|[from] drain|[of] p2a: Regieleki\n|faint|p2a: Regieleki\n|\n|upkeep\n|\n|t:|1700505006\n|switch|p2a: Zacian|Zacian-Crowned, shiny|100\/100\n|-damage|p2a: Zacian|94\/100|[from] Stealth Rock\n|turn|10\n|\n|t:|1700505011\n|move|p1a: Marshadow|Drain Punch|p2a: Zacian\n|-damage|p2a: Zacian|46\/100\n|-heal|p1a: Marshadow|71\/100|[from] drain|[of] p2a: Zacian\n|move|p2a: Zacian|Play Rough|p1a: Marshadow\n|-supereffective|p1a: Marshadow\n|-damage|p1a: Marshadow|0 fnt\n|faint|p1a: Marshadow\n|\n|upkeep\n|\n|t:|1700505023\n|switch|p1a: Dialga|Dialga, shiny|100\/100\n|-ability|p1a: Dialga|Pressure\n|turn|11\n|\n|t:|1700505029\n|move|p1a: Dialga|Earth Power|p2a: Zacian\n|-supereffective|p2a: Zacian\n|-damage|p2a: Zacian|0 fnt\n|faint|p2a: Zacian\n|\n|upkeep\n|\n|t:|1700505034\n|switch|p2a: Groudon|Groudon, shiny|100\/100\n|-status|p2a: Groudon|tox\n|-damage|p2a: Groudon|94\/100 tox|[from] Stealth Rock\n|detailschange|p2a: Groudon|Groudon-Primal, shiny\n|-primal|p2a: Groudon|Red Orb\n|-weather|DesolateLand|[from] ability: Desolate Land|[of] p2a: Groudon\n|turn|12\n|\n|t:|1700505042\n|-terastallize|p1a: Dialga|Ground\n|move|p1a: Dialga|Earth Power|p2a: Groudon\n|-supereffective|p2a: Groudon\n|-damage|p2a: Groudon|0 fnt\n|faint|p2a: Groudon\n|-weather|none\n|\n|upkeep\n|\n|t:|1700505046\n|switch|p2a: Kyurem|Kyurem-Black, shiny|100\/100\n|-status|p2a: Kyurem|tox\n|-damage|p2a: Kyurem|76\/100 tox|[from] Stealth Rock\n|-ability|p2a: Kyurem|Teravolt\n|turn|13\n|\n|t:|1700505054\n|-terastallize|p2a: Kyurem|Ice\n|move|p1a: Dialga|Earth Power|p2a: Kyurem\n|-damage|p2a: Kyurem|32\/100 tox\n|move|p2a: Kyurem|Icicle Spear|p1a: Dialga\n|-supereffective|p1a: Dialga\n|-damage|p1a: Dialga|58\/100\n|-supereffective|p1a: Dialga\n|-damage|p1a: Dialga|22\/100\n|-supereffective|p1a: Dialga\n|-damage|p1a: Dialga|0 fnt\n|faint|p1a: Dialga\n|-hitcount|p1: Dialga|3\n|\n|-damage|p2a: Kyurem|26\/100 tox|[from] psn\n|upkeep\n|\n|t:|1700505069\n|switch|p1a: Lopunny|Lopunny, F, shiny|100\/100\n|turn|14\n|\n|t:|1700505074\n|detailschange|p1a: Lopunny|Lopunny-Mega, F, shiny\n|-mega|p1a: Lopunny|Lopunny|Lopunnite\n|move|p1a: Lopunny|Fake Out|p2a: Kyurem\n|-damage|p2a: Kyurem|9\/100 tox\n|cant|p2a: Kyurem|flinch\n|\n|-damage|p2a: Kyurem|0 fnt|[from] psn\n|faint|p2a: Kyurem\n|\n|win|JustMonika_CARR\n|upkeep\n|raw|JustMonika_CARR's rating: 1415 &rarr; <strong>1433<\/strong><br \/>(+18 for winning)\n|raw|jimbo123456789's rating: 1372 &rarr; <strong>1354<\/strong><br \/>(-18 for losing)\n|l|\u2606jimbo123456789\n","uploadtime":1700505086,"views":2,"p1id":"justmonikacarr","p2id":"jimbo123456789","formatid":"gen9nationaldexubers","rating":1354,"private":0,"password":""}