{"id":"gen9nationaldexubers-1997803912","p1":"Autometalogolex11","p2":"Omey","format":"[Gen 9] National Dex Ubers","log":"|j|\u2606Autometalogolex11\n|j|\u2606Omey\n|t:|1700854453\n|gametype|singles\n|player|p1|Autometalogolex11|n|\n|player|p2|Omey|galacticgrunt|\n|teamsize|p1|4\n|teamsize|p2|4\n|gen|9\n|tier|[Gen 9] National Dex Ubers\n|rule|HP Percentage Mod: HP is shown in percentages\n|rule|Endless Battle Clause: Forcing endless battles is banned\n|rule|OHKO Clause: OHKO moves are banned\n|rule|Evasion Moves Clause: Evasion moves are banned\n|rule|Evasion Items Clause: Evasion items are banned\n|rule|Species Clause: Limit one of each Pok\u00e9mon\n|rule|Sleep Clause Mod: Limit one foe put to sleep\n|rule|Mega Rayquaza Clause: You cannot mega evolve Rayquaza\n|clearpoke\n|poke|p1|Beartic, M|\n|poke|p1|Togedemaru, F|\n|poke|p1|Garchomp, F|\n|poke|p1|Shiinotic, M|\n|poke|p2|Snorlax, F|\n|poke|p2|Zygarde|\n|poke|p2|Okidogi, M|\n|poke|p2|Klefki, F|\n|teampreview\n|c|\u2606Omey|gl hf!\n|\n|t:|1700854498\n|start\n|switch|p1a: Don't Miss|Garchomp, F|100\/100\n|switch|p2a: Table|Klefki, F|100\/100\n|turn|1\n|c|\u2606Autometalogolex11|gl\n|\n|t:|1700854508\n|move|p2a: Table|Reflect|p2a: Table\n|-sidestart|p2: Omey|Reflect\n|move|p1a: Don't Miss|Earth Power|p2a: Table\n|-supereffective|p2a: Table\n|-damage|p2a: Table|0 fnt\n|faint|p2a: Table\n|\n|upkeep\n|\n|t:|1700854530\n|switch|p2a: Roulette|Snorlax, F, shiny|100\/100\n|turn|2\n|\n|t:|1700854542\n|switch|p1a: PortaBelaLugosi|Shiinotic, M, shiny|100\/100\n|-zpower|p2a: Roulette\n|move|p2a: Roulette|Pulverizing Pancake|p1a: PortaBelaLugosi|[zeffect]\n|-damage|p1a: PortaBelaLugosi|9\/100\n|-status|p2a: Roulette|psn|[from] ability: Effect Spore|[of] p1a: PortaBelaLugosi\n|\n|-damage|p2a: Roulette|88\/100 psn|[from] psn\n|upkeep\n|turn|3\n|c|\u2606Omey|PULVERISED\n|c|\u2606Omey|damn\n|c|\u2606Autometalogolex11|actually outplayed\n|c|\u2606Omey|snorlax fuggen sucks\n|\n|t:|1700854575\n|move|p1a: PortaBelaLugosi|Draining Kiss|p2a: Roulette\n|-damage|p2a: Roulette|76\/100 psn\n|-heal|p1a: PortaBelaLugosi|29\/100|[from] drain|[of] p2a: Roulette\n|move|p2a: Roulette|Shadow Ball|p1a: PortaBelaLugosi\n|-damage|p1a: PortaBelaLugosi|11\/100\n|\n|-damage|p2a: Roulette|63\/100 psn|[from] psn\n|upkeep\n|turn|4\n|\n|t:|1700854587\n|switch|p2a: Keeth|Okidogi, M|100\/100\n|move|p1a: PortaBelaLugosi|Draining Kiss|p2a: Keeth\n|-damage|p2a: Keeth|75\/100\n|-heal|p1a: PortaBelaLugosi|38\/100|[from] drain|[of] p2a: Keeth\n|\n|upkeep\n|turn|5\n|\n|t:|1700854601\n|switch|p1a: Don't Miss|Garchomp, F|100\/100\n|move|p2a: Keeth|Bulk Up|p2a: Keeth\n|-boost|p2a: Keeth|atk|1\n|-boost|p2a: Keeth|def|1\n|\n|upkeep\n|turn|6\n|\n|t:|1700854610\n|move|p1a: Don't Miss|Earth Power|p2a: Keeth\n|-supereffective|p2a: Keeth\n|-damage|p2a: Keeth|0 fnt\n|faint|p2a: Keeth\n|\n|upkeep\n|\n|t:|1700854620\n|switch|p2a: Roulette|Snorlax, F, shiny|63\/100 psn\n|turn|7\n|c|\u2606Autometalogolex11|bc of effect spore you couldnt be spored\n|\n|t:|1700854631\n|switch|p1a: Lemon Jello|Togedemaru, F|100\/100\n|move|p2a: Roulette|Giga Impact|p1a: Lemon Jello\n|-resisted|p1a: Lemon Jello\n|-damage|p1a: Lemon Jello|45\/100\n|-mustrecharge|p2a: Roulette\n|\n|-damage|p2a: Roulette|51\/100 psn|[from] psn\n|upkeep\n|turn|8\n|\n|t:|1700854638\n|move|p1a: Lemon Jello|Fell Stinger|p2a: Roulette\n|-damage|p2a: Roulette|45\/100 psn\n|cant|p2a: Roulette|recharge\n|\n|-damage|p2a: Roulette|32\/100 psn|[from] psn\n|-sideend|p2: Omey|Reflect\n|upkeep\n|turn|9\n|\n|t:|1700854643\n|move|p1a: Lemon Jello|Last Resort|p2a: Roulette\n|-damage|p2a: Roulette|0 fnt\n|faint|p2a: Roulette\n|\n|upkeep\n|c|\u2606Omey|lmao\n|\n|t:|1700854652\n|switch|p2a: Salazar Slytherin|Zygarde|100\/100\n|turn|10\n|\n|t:|1700854667\n|move|p1a: Lemon Jello|Last Resort|p2a: Salazar Slytherin\n|-damage|p2a: Salazar Slytherin|72\/100\n|move|p2a: Salazar Slytherin|Dragon Dance|p2a: Salazar Slytherin\n|-boost|p2a: Salazar Slytherin|atk|1\n|-boost|p2a: Salazar Slytherin|spe|1\n|\n|-heal|p2a: Salazar Slytherin|79\/100|[from] item: Leftovers\n|upkeep\n|turn|11\n|\n|t:|1700854692\n|move|p2a: Salazar Slytherin|Dig||[still]\n|-prepare|p2a: Salazar Slytherin|Dig\n|move|p1a: Lemon Jello|Last Resort|p2a: Salazar Slytherin|[miss]\n|-miss|p1a: Lemon Jello|p2a: Salazar Slytherin\n|\n|-heal|p2a: Salazar Slytherin|85\/100|[from] item: Leftovers\n|upkeep\n|turn|12\n|\n|t:|1700854702\n|move|p2a: Salazar Slytherin|Dig|p1a: Lemon Jello|[from]lockedmove\n|-supereffective|p1a: Lemon Jello\n|-damage|p1a: Lemon Jello|0 fnt\n|faint|p1a: Lemon Jello\n|\n|-heal|p2a: Salazar Slytherin|91\/100|[from] item: Leftovers\n|upkeep\n|\n|t:|1700854704\n|switch|p1a: PortaBelaLugosi|Shiinotic, M, shiny|38\/100\n|turn|13\n|\n|t:|1700854713\n|move|p2a: Salazar Slytherin|Substitute|p2a: Salazar Slytherin\n|-start|p2a: Salazar Slytherin|Substitute\n|-damage|p2a: Salazar Slytherin|66\/100\n|move|p1a: PortaBelaLugosi|Draining Kiss|p2a: Salazar Slytherin\n|-supereffective|p2a: Salazar Slytherin\n|-end|p2a: Salazar Slytherin|Substitute\n|-heal|p1a: PortaBelaLugosi|70\/100|[from] drain|[of] p2a: Salazar Slytherin\n|\n|-heal|p2a: Salazar Slytherin|72\/100|[from] item: Leftovers\n|upkeep\n|turn|14\n|\n|t:|1700854718\n|move|p2a: Salazar Slytherin|Glare|p1a: PortaBelaLugosi\n|-status|p1a: PortaBelaLugosi|par\n|move|p1a: PortaBelaLugosi|Draining Kiss|p2a: Salazar Slytherin\n|-supereffective|p2a: Salazar Slytherin\n|-damage|p2a: Salazar Slytherin|35\/100\n|-heal|p1a: PortaBelaLugosi|100\/100 par|[from] drain|[of] p2a: Salazar Slytherin\n|\n|-heal|p2a: Salazar Slytherin|41\/100|[from] item: Leftovers\n|-activate|p2a: Salazar Slytherin|ability: Power Construct\n|detailschange|p2a: Salazar Slytherin|Zygarde-Complete\n|-heal|p2a: Salazar Slytherin|61\/100|[silent]\n|upkeep\n|turn|15\n|\n|t:|1700854725\n|move|p2a: Salazar Slytherin|Substitute|p2a: Salazar Slytherin\n|-start|p2a: Salazar Slytherin|Substitute\n|-damage|p2a: Salazar Slytherin|36\/100\n|cant|p1a: PortaBelaLugosi|par\n|\n|-heal|p2a: Salazar Slytherin|42\/100|[from] item: Leftovers\n|upkeep\n|turn|16\n|\n|t:|1700854731\n|move|p2a: Salazar Slytherin|Dragon Dance|p2a: Salazar Slytherin\n|-boost|p2a: Salazar Slytherin|atk|1\n|-boost|p2a: Salazar Slytherin|spe|1\n|move|p1a: PortaBelaLugosi|Draining Kiss|p2a: Salazar Slytherin\n|-supereffective|p2a: Salazar Slytherin\n|-end|p2a: Salazar Slytherin|Substitute\n|\n|-heal|p2a: Salazar Slytherin|48\/100|[from] item: Leftovers\n|upkeep\n|turn|17\n|\n|t:|1700854737\n|move|p2a: Salazar Slytherin|Substitute|p2a: Salazar Slytherin\n|-start|p2a: Salazar Slytherin|Substitute\n|-damage|p2a: Salazar Slytherin|23\/100\n|move|p1a: PortaBelaLugosi|Draining Kiss|p2a: Salazar Slytherin\n|-supereffective|p2a: Salazar Slytherin\n|-end|p2a: Salazar Slytherin|Substitute\n|\n|-heal|p2a: Salazar Slytherin|29\/100|[from] item: Leftovers\n|upkeep\n|turn|18\n|\n|t:|1700854742\n|move|p2a: Salazar Slytherin|Substitute|p2a: Salazar Slytherin\n|-start|p2a: Salazar Slytherin|Substitute\n|-damage|p2a: Salazar Slytherin|4\/100\n|move|p1a: PortaBelaLugosi|Draining Kiss|p2a: Salazar Slytherin\n|-supereffective|p2a: Salazar Slytherin\n|-activate|p2a: Salazar Slytherin|move: Substitute|[damage]\n|\n|-heal|p2a: Salazar Slytherin|11\/100|[from] item: Leftovers\n|upkeep\n|turn|19\n|\n|t:|1700854749\n|move|p2a: Salazar Slytherin|Dig||[still]\n|-prepare|p2a: Salazar Slytherin|Dig\n|cant|p1a: PortaBelaLugosi|par\n|\n|-heal|p2a: Salazar Slytherin|17\/100|[from] item: Leftovers\n|upkeep\n|turn|20\n|\n|t:|1700854752\n|move|p2a: Salazar Slytherin|Dig|p1a: PortaBelaLugosi|[from]lockedmove\n|-resisted|p1a: PortaBelaLugosi\n|-damage|p1a: PortaBelaLugosi|50\/100 par\n|move|p1a: PortaBelaLugosi|Draining Kiss|p2a: Salazar Slytherin\n|-supereffective|p2a: Salazar Slytherin\n|-end|p2a: Salazar Slytherin|Substitute\n|-heal|p1a: PortaBelaLugosi|52\/100 par|[from] drain|[of] p2a: Salazar Slytherin\n|\n|-heal|p2a: Salazar Slytherin|23\/100|[from] item: Leftovers\n|upkeep\n|turn|21\n|\n|t:|1700854766\n|move|p2a: Salazar Slytherin|Dig||[still]\n|-prepare|p2a: Salazar Slytherin|Dig\n|move|p1a: PortaBelaLugosi|Draining Kiss|p2a: Salazar Slytherin|[miss]\n|-miss|p1a: PortaBelaLugosi|p2a: Salazar Slytherin\n|\n|-heal|p2a: Salazar Slytherin|29\/100|[from] item: Leftovers\n|upkeep\n|turn|22\n|\n|t:|1700854770\n|move|p2a: Salazar Slytherin|Dig|p1a: PortaBelaLugosi|[from]lockedmove\n|-resisted|p1a: PortaBelaLugosi\n|-crit|p1a: PortaBelaLugosi\n|-damage|p1a: PortaBelaLugosi|0 fnt\n|faint|p1a: PortaBelaLugosi\n|\n|-heal|p2a: Salazar Slytherin|35\/100|[from] item: Leftovers\n|upkeep\n|c|\u2606Omey|BIG\n|\n|t:|1700854783\n|switch|p1a: Herbert|Beartic, M|100\/100\n|turn|23\n|\n|t:|1700854794\n|move|p2a: Salazar Slytherin|Substitute|p2a: Salazar Slytherin\n|-start|p2a: Salazar Slytherin|Substitute\n|-damage|p2a: Salazar Slytherin|10\/100\n|move|p1a: Herbert|Icicle Spear|p2a: Salazar Slytherin\n|-supereffective|p2a: Salazar Slytherin\n|-activate|p2a: Salazar Slytherin|move: Substitute|[damage]\n|-supereffective|p2a: Salazar Slytherin\n|-end|p2a: Salazar Slytherin|Substitute\n|-supereffective|p2a: Salazar Slytherin\n|-damage|p2a: Salazar Slytherin|0 fnt\n|faint|p2a: Salazar Slytherin\n|-hitcount|p2: Salazar Slytherin|3\n|\n|win|Autometalogolex11\n|c|\u2606Omey|AWW\n|c|\u2606Omey|gg\n|c|\u2606Autometalogolex11|gg\n|l|\u2606Omey\n","uploadtime":1700855768,"views":10,"p1id":"autometalogolex11","p2id":"omey","formatid":"gen9nationaldexubers","rating":0,"private":0,"password":""}