{"id":"gen9nationaldexubers-1978912209","p1":"The23rdPower","p2":"NotMHP","format":"[Gen 9] National Dex Ubers","log":"|j|\u2606The23rdPower\n|j|\u2606NotMHP\n|t:|1698609424\n|gametype|singles\n|player|p1|The23rdPower|brendan-gen3|\n|player|p2|NotMHP|red|\n|teamsize|p1|6\n|teamsize|p2|6\n|gen|9\n|tier|[Gen 9] National Dex Ubers\n|rule|HP Percentage Mod: HP is shown in percentages\n|rule|Endless Battle Clause: Forcing endless battles is banned\n|rule|OHKO Clause: OHKO moves are banned\n|rule|Evasion Moves Clause: Evasion moves are banned\n|rule|Evasion Items Clause: Evasion items are banned\n|rule|Species Clause: Limit one of each Pok\u00e9mon\n|rule|Sleep Clause Mod: Limit one foe put to sleep\n|rule|Mega Rayquaza Clause: You cannot mega evolve Rayquaza\n|clearpoke\n|poke|p1|Excadrill, M|\n|poke|p1|Tangela, M|\n|poke|p1|Charizard, M|\n|poke|p1|Latias, F|\n|poke|p1|Iron Hands|\n|poke|p1|Barbaracle, M|\n|poke|p2|Scizor, M|\n|poke|p2|Samurott-Hisui, M|\n|poke|p2|Talonflame, M|\n|poke|p2|Lycanroc-Dusk, M|\n|poke|p2|Electrode-Hisui|\n|poke|p2|Cresselia, F|\n|teampreview\n|j| Vukes\n|j| SuperOinge22\n|c| Vukes|Let\u2019s go?\n|c| SuperOinge22|IRON HANDS\n|c| SuperOinge22|RAHHH\n|j| danbultheman\n|j| xdd-Rayleigh\n|c| Vukes|Lycanroc and H-Electrode gonna have this match in a chokehold trust\n|l| Vukes\n|j| Vukes\n|l| Vukes\n|c| SuperOinge22|ummm you guys can start\n|\n|t:|1698609582\n|start\n|switch|p1a: Tangela|Tangela, M|100\/100\n|switch|p2a: My bals|Electrode-Hisui, shiny|100\/100\n|turn|1\n|\n|t:|1698609591\n|move|p2a: My bals|Taunt|p1a: Tangela\n|-start|p1a: Tangela|move: Taunt\n|move|p1a: Tangela|Knock Off|p2a: My bals\n|-damage|p2a: My bals|78\/100\n|-enditem|p2a: My bals|Leftovers|[from] move: Knock Off|[of] p1a: Tangela\n|\n|upkeep\n|turn|2\n|c| danbultheman|his balls\n|c| SuperOinge22|his balls\n|c| xdd-Rayleigh|Lefties Electrode\n|c| danbultheman|huge play by 23rd honestly mhp forfeit at this point\n|c| xdd-Rayleigh|I cried\n|\n|t:|1698609614\n|switch|p1a: Latias|Latias, F|100\/100\n|move|p2a: My bals|Discharge|p1a: Latias\n|-resisted|p1a: Latias\n|-damage|p1a: Latias|87\/100\n|\n|upkeep\n|turn|3\n|c| SuperOinge22|taunt is pretty smart honestly into 23rd as a player\n|\n|t:|1698609623\n|detailschange|p1a: Latias|Latias-Mega, F\n|-mega|p1a: Latias|Latias|Latiasite\n|move|p2a: My bals|Volt Switch|p1a: Latias\n|-resisted|p1a: Latias\n|-damage|p1a: Latias|77\/100\n|\n|t:|1698609646\n|switch|p2a: Luna|Cresselia, F, shiny|100\/100|[from] Volt Switch\n|move|p1a: Latias|Calm Mind|p1a: Latias\n|-boost|p1a: Latias|spa|1\n|-boost|p1a: Latias|spd|1\n|\n|upkeep\n|turn|4\n|j| Vukes\n|\n|t:|1698609654\n|move|p1a: Latias|Shadow Ball|p2a: Luna\n|-supereffective|p2a: Luna\n|-damage|p2a: Luna|50\/100\n|move|p2a: Luna|Calm Mind|p2a: Luna\n|-boost|p2a: Luna|spa|1\n|-boost|p2a: Luna|spd|1\n|\n|-heal|p2a: Luna|57\/100|[from] item: Leftovers\n|upkeep\n|turn|5\n|\n|t:|1698609657\n|move|p1a: Latias|Shadow Ball|p2a: Luna\n|-supereffective|p2a: Luna\n|-damage|p2a: Luna|21\/100\n|move|p2a: Luna|Moonlight|p2a: Luna\n|-heal|p2a: Luna|71\/100\n|\n|-heal|p2a: Luna|77\/100|[from] item: Leftovers\n|upkeep\n|turn|6\n|c| SuperOinge22|oh lord\n|\n|t:|1698609695\n|switch|p2a: Sasaki Kojiro|Samurott-Hisui, M|100\/100\n|move|p1a: Latias|Calm Mind|p1a: Latias\n|-boost|p1a: Latias|spa|1\n|-boost|p1a: Latias|spd|1\n|\n|upkeep\n|turn|7\n|\n|t:|1698609729\n|switch|p1a: Tangela|Tangela, M|100\/100\n|move|p2a: Sasaki Kojiro|Ceaseless Edge|p1a: Tangela\n|-damage|p1a: Tangela|80\/100\n|-sidestart|p1: The23rdPower|Spikes\n|\n|upkeep\n|turn|8\n|\n|t:|1698609738\n|switch|p2a: My bals|Electrode-Hisui, shiny|78\/100\n|move|p1a: Tangela|Giga Drain|p2a: My bals\n|-resisted|p2a: My bals\n|-damage|p2a: My bals|59\/100\n|-heal|p1a: Tangela|88\/100|[from] drain|[of] p2a: My bals\n|\n|upkeep\n|turn|9\n|\n|t:|1698609749\n|move|p2a: My bals|Discharge|p1a: Tangela\n|-resisted|p1a: Tangela\n|-damage|p1a: Tangela|75\/100\n|move|p1a: Tangela|Giga Drain|p2a: My bals\n|-resisted|p2a: My bals\n|-damage|p2a: My bals|38\/100\n|-heal|p1a: Tangela|83\/100|[from] drain|[of] p2a: My bals\n|\n|upkeep\n|turn|10\n|\n|t:|1698609758\n|move|p2a: My bals|Taunt|p1a: Tangela\n|-start|p1a: Tangela|move: Taunt\n|move|p1a: Tangela|Giga Drain|p2a: My bals\n|-resisted|p2a: My bals\n|-damage|p2a: My bals|19\/100\n|-heal|p1a: Tangela|91\/100|[from] drain|[of] p2a: My bals\n|\n|upkeep\n|turn|11\n|\n|t:|1698609761\n|switch|p2a: Moltres Lite|Talonflame, M, shiny|100\/100\n|move|p1a: Tangela|Giga Drain|p2a: Moltres Lite\n|-resisted|p2a: Moltres Lite\n|-damage|p2a: Moltres Lite|92\/100\n|-heal|p1a: Tangela|96\/100|[from] drain|[of] p2a: Moltres Lite\n|\n|upkeep\n|turn|12\n|\n|t:|1698609774\n|switch|p2a: Schizor Supreme|Scizor, M|100\/100\n|switch|p1a: Charizard|Charizard, M|100\/100\n|\n|upkeep\n|turn|13\n|c| SuperOinge22|grawr\n|\n|t:|1698609809\n|switch|p2a: Sasaki Kojiro|Samurott-Hisui, M|100\/100\n|move|p1a: Charizard|Will-O-Wisp|p2a: Sasaki Kojiro\n|-status|p2a: Sasaki Kojiro|brn\n|\n|-damage|p2a: Sasaki Kojiro|94\/100 brn|[from] brn\n|upkeep\n|turn|14\n|\n|t:|1698609817\n|switch|p1a: Tangela|Tangela, M|100\/100\n|-damage|p1a: Tangela|88\/100|[from] Spikes\n|move|p2a: Sasaki Kojiro|Knock Off|p1a: Tangela\n|-damage|p1a: Tangela|77\/100\n|-enditem|p1a: Tangela|Eviolite|[from] move: Knock Off|[of] p2a: Sasaki Kojiro\n|\n|-damage|p2a: Sasaki Kojiro|88\/100 brn|[from] brn\n|upkeep\n|turn|15\n|l| Vukes\n|\n|t:|1698609830\n|switch|p2a: Schizor Supreme|Scizor, M|100\/100\n|move|p1a: Tangela|Giga Drain|p2a: Schizor Supreme\n|-resisted|p2a: Schizor Supreme\n|-damage|p2a: Schizor Supreme|94\/100\n|-heal|p1a: Tangela|81\/100|[from] drain|[of] p2a: Schizor Supreme\n|\n|upkeep\n|turn|16\n|\n|t:|1698609837\n|detailschange|p2a: Schizor Supreme|Scizor-Mega, M\n|-mega|p2a: Schizor Supreme|Scizor|Scizorite\n|move|p2a: Schizor Supreme|Swords Dance|p2a: Schizor Supreme\n|-boost|p2a: Schizor Supreme|atk|2\n|move|p1a: Tangela|Sleep Powder|p2a: Schizor Supreme\n|-status|p2a: Schizor Supreme|slp|[from] move: Sleep Powder\n|\n|upkeep\n|turn|17\n|l| SuperOinge22\n|\n|t:|1698609845\n|switch|p1a: Charizard|Charizard, M|100\/100\n|cant|p2a: Schizor Supreme|slp\n|\n|upkeep\n|turn|18\n|\n|t:|1698609873\n|switch|p2a: Sasaki Kojiro|Samurott-Hisui, M|88\/100 brn\n|move|p1a: Charizard|Flamethrower|p2a: Sasaki Kojiro\n|-resisted|p2a: Sasaki Kojiro\n|-damage|p2a: Sasaki Kojiro|75\/100 brn\n|\n|-damage|p2a: Sasaki Kojiro|69\/100 brn|[from] brn\n|upkeep\n|turn|19\n|\n|t:|1698609883\n|move|p2a: Sasaki Kojiro|Ceaseless Edge|p1a: Charizard\n|-damage|p1a: Charizard|86\/100\n|-sidestart|p1: The23rdPower|Spikes\n|move|p1a: Charizard|Roar|p2a: Sasaki Kojiro\n|drag|p2a: My bals|Electrode-Hisui, shiny|19\/100\n|\n|upkeep\n|turn|20\n|\n|t:|1698609890\n|switch|p1a: Excadrill|Excadrill, M|100\/100\n|-damage|p1a: Excadrill|84\/100|[from] Spikes\n|-ability|p1a: Excadrill|Mold Breaker\n|move|p2a: My bals|Volt Switch|p1a: Excadrill\n|-immune|p1a: Excadrill\n|\n|-heal|p1a: Excadrill|90\/100|[from] item: Leftovers\n|upkeep\n|turn|21\n|\n|t:|1698609902\n|move|p2a: My bals|Chloroblast|p1a: Excadrill\n|-damage|p1a: Excadrill|38\/100\n|-damage|p2a: My bals|0 fnt|[from] Recoil\n|faint|p2a: My bals\n|move|p1a: Excadrill|Rapid Spin|p2: My bals|[notarget]\n|-fail|p1a: Excadrill\n|\n|-heal|p1a: Excadrill|44\/100|[from] item: Leftovers\n|upkeep\n|\n|t:|1698609913\n|switch|p2a: Moltres Lite|Talonflame, M, shiny|92\/100\n|turn|22\n|j| Vukes\n|\n|t:|1698609929\n|switch|p1a: Charizard|Charizard, M|86\/100\n|move|p2a: Moltres Lite|Flamethrower|p1a: Charizard\n|-resisted|p1a: Charizard\n|-damage|p1a: Charizard|75\/100\n|\n|upkeep\n|turn|23\n|\n|t:|1698609981\n|switch|p2a: Sasaki Kojiro|Samurott-Hisui, M|69\/100 brn\n|move|p1a: Charizard|Roost|p1a: Charizard\n|-heal|p1a: Charizard|100\/100\n|-singleturn|p1a: Charizard|move: Roost\n|\n|-damage|p2a: Sasaki Kojiro|63\/100 brn|[from] brn\n|upkeep\n|turn|24\n|l| Vukes\n|\n|t:|1698609988\n|switch|p1a: Tangela|Tangela, M|100\/100\n|-damage|p1a: Tangela|84\/100|[from] Spikes\n|move|p2a: Sasaki Kojiro|Scald|p1a: Tangela\n|-resisted|p1a: Tangela\n|-damage|p1a: Tangela|68\/100\n|\n|-damage|p2a: Sasaki Kojiro|57\/100 brn|[from] brn\n|upkeep\n|turn|25\n|\n|t:|1698609996\n|switch|p2a: Moltres Lite|Talonflame, M, shiny|92\/100\n|switch|p1a: Excadrill|Excadrill, M|44\/100\n|-damage|p1a: Excadrill|28\/100|[from] Spikes\n|-ability|p1a: Excadrill|Mold Breaker\n|\n|-heal|p1a: Excadrill|34\/100|[from] item: Leftovers\n|upkeep\n|turn|26\n|\n|t:|1698610009\n|switch|p1a: Charizard|Charizard, M|100\/100\n|move|p2a: Moltres Lite|Flamethrower|p1a: Charizard\n|-resisted|p1a: Charizard\n|-damage|p1a: Charizard|89\/100\n|\n|upkeep\n|turn|27\n|\n|t:|1698610013\n|move|p2a: Moltres Lite|Taunt|p1a: Charizard\n|-start|p1a: Charizard|move: Taunt\n|move|p1a: Charizard|Flamethrower|p2a: Moltres Lite\n|-resisted|p2a: Moltres Lite\n|-damage|p2a: Moltres Lite|70\/100\n|\n|upkeep\n|turn|28\n|\n|t:|1698610016\n|move|p2a: Moltres Lite|Roost|p2a: Moltres Lite\n|-heal|p2a: Moltres Lite|100\/100\n|-singleturn|p2a: Moltres Lite|move: Roost\n|move|p1a: Charizard|Flamethrower|p2a: Moltres Lite\n|-resisted|p2a: Moltres Lite\n|-damage|p2a: Moltres Lite|80\/100\n|\n|upkeep\n|turn|29\n|\n|t:|1698610045\n|switch|p1a: Barbaracle|Barbaracle, M|100\/100\n|-damage|p1a: Barbaracle|84\/100|[from] Spikes\n|move|p2a: Moltres Lite|Flamethrower|p1a: Barbaracle\n|-resisted|p1a: Barbaracle\n|-damage|p1a: Barbaracle|77\/100\n|\n|upkeep\n|turn|30\n|j| SuperOinge22\n|c| danbultheman|lowkey one of  the longest games\n|c| danbultheman|turn wise\n|\n|t:|1698610106\n|move|p2a: Moltres Lite|Will-O-Wisp|p1a: Barbaracle\n|-status|p1a: Barbaracle|brn\n|move|p1a: Barbaracle|Shell Smash|p1a: Barbaracle\n|-unboost|p1a: Barbaracle|def|1\n|-unboost|p1a: Barbaracle|spd|1\n|-boost|p1a: Barbaracle|atk|2\n|-boost|p1a: Barbaracle|spa|2\n|-boost|p1a: Barbaracle|spe|2\n|\n|-damage|p1a: Barbaracle|71\/100 brn|[from] brn\n|upkeep\n|turn|31\n|c| SuperOinge22|yea cause they're not letting each other get the upper hand\n|c| xdd-Rayleigh|mfer what\n|\n|t:|1698610141\n|switch|p2a: Luna|Cresselia, F, shiny|77\/100\n|move|p1a: Barbaracle|Liquidation|p2a: Luna\n|-damage|p2a: Luna|48\/100\n|\n|-heal|p2a: Luna|54\/100|[from] item: Leftovers\n|-damage|p1a: Barbaracle|65\/100 brn|[from] brn\n|upkeep\n|turn|32\n|c| SuperOinge22|23rd blocked scizor and mhp burned barbaracle\n|\n|t:|1698610150\n|switch|p1a: Latias|Latias-Mega, F|77\/100\n|move|p2a: Luna|Moonlight|p2a: Luna\n|-heal|p2a: Luna|100\/100\n|\n|upkeep\n|turn|33\n|\n|t:|1698610155\n|move|p1a: Latias|Calm Mind|p1a: Latias\n|-boost|p1a: Latias|spa|1\n|-boost|p1a: Latias|spd|1\n|move|p2a: Luna|Calm Mind|p2a: Luna\n|-boost|p2a: Luna|spa|1\n|-boost|p2a: Luna|spd|1\n|\n|upkeep\n|turn|34\n|\n|t:|1698610159\n|move|p1a: Latias|Calm Mind|p1a: Latias\n|-boost|p1a: Latias|spa|1\n|-boost|p1a: Latias|spd|1\n|move|p2a: Luna|Calm Mind|p2a: Luna\n|-boost|p2a: Luna|spa|1\n|-boost|p2a: Luna|spd|1\n|\n|upkeep\n|turn|35\n|c| SuperOinge22|this might be the turning point\n|\n|t:|1698610172\n|move|p1a: Latias|Calm Mind|p1a: Latias\n|-boost|p1a: Latias|spa|1\n|-boost|p1a: Latias|spd|1\n|move|p2a: Luna|Calm Mind|p2a: Luna\n|-boost|p2a: Luna|spa|1\n|-boost|p2a: Luna|spd|1\n|\n|upkeep\n|turn|36\n|j| Vukes\n|\n|t:|1698610178\n|move|p1a: Latias|Calm Mind|p1a: Latias\n|-boost|p1a: Latias|spa|1\n|-boost|p1a: Latias|spd|1\n|move|p2a: Luna|Calm Mind|p2a: Luna\n|-boost|p2a: Luna|spa|1\n|-boost|p2a: Luna|spd|1\n|\n|upkeep\n|turn|37\n|c| danbultheman|ok theyre going until crit\n|c| xdd-Rayleigh|the turning point is crit\n|\n|t:|1698610183\n|move|p1a: Latias|Calm Mind|p1a: Latias\n|-boost|p1a: Latias|spa|1\n|-boost|p1a: Latias|spd|1\n|move|p2a: Luna|Calm Mind|p2a: Luna\n|-boost|p2a: Luna|spa|1\n|-boost|p2a: Luna|spd|1\n|\n|upkeep\n|turn|38\n|\n|t:|1698610187\n|move|p1a: Latias|Calm Mind|p1a: Latias\n|-boost|p1a: Latias|spa|1\n|-boost|p1a: Latias|spd|1\n|move|p2a: Luna|Calm Mind|p2a: Luna\n|-boost|p2a: Luna|spa|1\n|-boost|p2a: Luna|spd|1\n|\n|upkeep\n|turn|39\n|c| SuperOinge22|wow\n|c| SuperOinge22|this is so dumb\n|c| xdd-Rayleigh|MHP loses though\n|c| SuperOinge22|mhp loses if no crit ye\n|\n|t:|1698610210\n|-terastallize|p2a: Luna|Fighting\n|move|p1a: Latias|Shadow Ball|p2a: Luna\n|-damage|p2a: Luna|84\/100\n|move|p2a: Luna|Moonblast|p1a: Latias\n|-supereffective|p1a: Latias\n|-damage|p1a: Latias|52\/100\n|\n|-heal|p2a: Luna|90\/100|[from] item: Leftovers\n|upkeep\n|turn|40\n|c|\u2606The23rdPower|Thanks\n|c| xdd-Rayleigh|psyshock?\n|c| SuperOinge22|oh lol\n|c| SuperOinge22|he has it\n|\n|t:|1698610233\n|switch|p2a: Sasaki Kojiro|Samurott-Hisui, M|57\/100 brn\n|move|p1a: Latias|Roost|p1a: Latias\n|-heal|p1a: Latias|100\/100\n|-singleturn|p1a: Latias|move: Roost\n|\n|-damage|p2a: Sasaki Kojiro|51\/100 brn|[from] brn\n|upkeep\n|turn|41\n|c| xdd-Rayleigh|mfer\n|c| xdd-Rayleigh|u\n|\n|t:|1698610244\n|move|p1a: Latias|Shadow Ball|p2a: Sasaki Kojiro\n|-resisted|p2a: Sasaki Kojiro\n|-damage|p2a: Sasaki Kojiro|14\/100 brn\n|-unboost|p2a: Sasaki Kojiro|spd|1\n|move|p2a: Sasaki Kojiro|Ceaseless Edge|p1a: Latias\n|-supereffective|p1a: Latias\n|-damage|p1a: Latias|69\/100\n|-sidestart|p1: The23rdPower|Spikes\n|\n|-damage|p2a: Sasaki Kojiro|8\/100 brn|[from] brn\n|upkeep\n|turn|42\n|c| SuperOinge22|BAITED THROUGH CHAT\n|c| SuperOinge22|LOL\n|\n|t:|1698610255\n|move|p1a: Latias|Roost|p1a: Latias\n|-heal|p1a: Latias|100\/100\n|-singleturn|p1a: Latias|move: Roost\n|move|p2a: Sasaki Kojiro|Ceaseless Edge|p1a: Latias\n|-supereffective|p1a: Latias\n|-damage|p1a: Latias|68\/100\n|\n|-damage|p2a: Sasaki Kojiro|2\/100 brn|[from] brn\n|upkeep\n|turn|43\n|\n|t:|1698610257\n|move|p1a: Latias|Roost|p1a: Latias\n|-heal|p1a: Latias|100\/100\n|-singleturn|p1a: Latias|move: Roost\n|move|p2a: Sasaki Kojiro|Ceaseless Edge|p1a: Latias\n|-supereffective|p1a: Latias\n|-damage|p1a: Latias|67\/100\n|\n|-damage|p2a: Sasaki Kojiro|0 fnt|[from] brn\n|faint|p2a: Sasaki Kojiro\n|upkeep\n|\n|t:|1698610260\n|switch|p2a: Frieza|Lycanroc-Dusk, M|100\/100\n|turn|44\n|\n|t:|1698610263\n|move|p2a: Frieza|Crunch|p1a: Latias\n|-supereffective|p1a: Latias\n|-damage|p1a: Latias|0 fnt\n|faint|p1a: Latias\n|-damage|p2a: Frieza|91\/100|[from] item: Life Orb\n|\n|upkeep\n|c| xdd-Rayleigh|oh nvm\n|c| xdd-Rayleigh|lol\n|\n|t:|1698610270\n|switch|p1a: Iron Hands|Iron Hands|100\/100\n|-damage|p1a: Iron Hands|76\/100|[from] Spikes\n|turn|45\n|\n|t:|1698610276\n|switch|p2a: Luna|Cresselia, F, shiny, tera:Fighting|90\/100\n|move|p1a: Iron Hands|Iron Defense|p1a: Iron Hands\n|-boost|p1a: Iron Hands|def|2\n|\n|-heal|p2a: Luna|96\/100|[from] item: Leftovers\n|upkeep\n|turn|46\n|c| SuperOinge22|damn\n|c| SuperOinge22|IRON HANDS\n|\n|t:|1698610291\n|move|p2a: Luna|Psychic|p1a: Iron Hands\n|-supereffective|p1a: Iron Hands\n|-damage|p1a: Iron Hands|37\/100\n|move|p1a: Iron Hands|Swords Dance|p1a: Iron Hands\n|-boost|p1a: Iron Hands|atk|2\n|\n|-heal|p2a: Luna|100\/100|[from] item: Leftovers\n|upkeep\n|turn|47\n|c| xdd-Rayleigh|Iron Defense Iron Hands\n|c| xdd-Rayleigh|Get this nikka off my screen\n|\n|t:|1698610304\n|move|p2a: Luna|Psychic|p1a: Iron Hands\n|-supereffective|p1a: Iron Hands\n|-damage|p1a: Iron Hands|2\/100\n|move|p1a: Iron Hands|Drain Punch|p2a: Luna\n|-damage|p2a: Luna|53\/100\n|-heal|p1a: Iron Hands|25\/100|[from] drain|[of] p2a: Luna\n|\n|-heal|p2a: Luna|59\/100|[from] item: Leftovers\n|upkeep\n|turn|48\n|\n|t:|1698610312\n|move|p2a: Luna|Psychic|p1a: Iron Hands\n|-supereffective|p1a: Iron Hands\n|-damage|p1a: Iron Hands|0 fnt\n|faint|p1a: Iron Hands\n|-end|p1a: Iron Hands|Quark Drive|[silent]\n|\n|-heal|p2a: Luna|65\/100|[from] item: Leftovers\n|upkeep\n|c| SuperOinge22|NOOOOO\n|\n|t:|1698610329\n|switch|p1a: Excadrill|Excadrill, M|34\/100\n|-damage|p1a: Excadrill|9\/100|[from] Spikes\n|-ability|p1a: Excadrill|Mold Breaker\n|turn|49\n|\n|t:|1698610340\n|move|p1a: Excadrill|Toxic|p2a: Luna\n|-status|p2a: Luna|tox\n|move|p2a: Luna|Psychic|p1a: Excadrill\n|-resisted|p1a: Excadrill\n|-damage|p1a: Excadrill|0 fnt\n|faint|p1a: Excadrill\n|\n|-heal|p2a: Luna|71\/100 tox|[from] item: Leftovers\n|-damage|p2a: Luna|65\/100 tox|[from] psn\n|upkeep\n|c| Vukes|It\u2019s joever\n|c| SuperOinge22|probably ye\n|c| Vukes|Lycanroc or Cress win from here\n|c| xdd-Rayleigh|23rd lost\n|\n|t:|1698610413\n|switch|p1a: Barbaracle|Barbaracle, M|65\/100 brn\n|-damage|p1a: Barbaracle|40\/100 brn|[from] Spikes\n|turn|50\n|\n|t:|1698610422\n|-terastallize|p1a: Barbaracle|Steel\n|move|p1a: Barbaracle|Liquidation|p2a: Luna\n|-damage|p2a: Luna|52\/100 tox\n|move|p2a: Luna|Psychic|p1a: Barbaracle\n|-resisted|p1a: Barbaracle\n|-damage|p1a: Barbaracle|25\/100 brn\n|\n|-heal|p2a: Luna|58\/100 tox|[from] item: Leftovers\n|-damage|p2a: Luna|46\/100 tox|[from] psn\n|-damage|p1a: Barbaracle|19\/100 brn|[from] brn\n|upkeep\n|turn|51\n|\n|t:|1698610431\n|move|p1a: Barbaracle|Liquidation|p2a: Luna\n|-damage|p2a: Luna|30\/100 tox\n|move|p2a: Luna|Psychic|p1a: Barbaracle\n|-resisted|p1a: Barbaracle\n|-damage|p1a: Barbaracle|4\/100 brn\n|\n|-heal|p2a: Luna|36\/100 tox|[from] item: Leftovers\n|-damage|p2a: Luna|18\/100 tox|[from] psn\n|-damage|p1a: Barbaracle|0 fnt|[from] brn\n|faint|p1a: Barbaracle\n|upkeep\n|\n|t:|1698610435\n|switch|p1a: Charizard|Charizard, M|89\/100\n|turn|52\n|\n|t:|1698610438\n|move|p1a: Charizard|Roost|p1a: Charizard\n|-heal|p1a: Charizard|100\/100\n|-singleturn|p1a: Charizard|move: Roost\n|move|p2a: Luna|Psychic|p1a: Charizard\n|-damage|p1a: Charizard|76\/100\n|\n|-heal|p2a: Luna|24\/100 tox|[from] item: Leftovers\n|-damage|p2a: Luna|0 fnt|[from] psn\n|faint|p2a: Luna\n|upkeep\n|\n|t:|1698610440\n|switch|p2a: Frieza|Lycanroc-Dusk, M|91\/100\n|turn|53\n|\n|t:|1698610442\n|switch|p1a: Tangela|Tangela, M|100\/100\n|-damage|p1a: Tangela|76\/100|[from] Spikes\n|move|p2a: Frieza|Accelerock|p1a: Tangela\n|-damage|p1a: Tangela|45\/100\n|-damage|p2a: Frieza|81\/100|[from] item: Life Orb\n|\n|upkeep\n|turn|54\n|\n|t:|1698610448\n|switch|p2a: Moltres Lite|Talonflame, M, shiny|80\/100\n|move|p1a: Tangela|Giga Drain|p2a: Moltres Lite\n|-resisted|p2a: Moltres Lite\n|-damage|p2a: Moltres Lite|72\/100\n|-heal|p1a: Tangela|50\/100|[from] drain|[of] p2a: Moltres Lite\n|\n|upkeep\n|turn|55\n|\n|t:|1698610456\n|switch|p1a: Charizard|Charizard, M|76\/100\n|move|p2a: Moltres Lite|Flamethrower|p1a: Charizard\n|-resisted|p1a: Charizard\n|-damage|p1a: Charizard|65\/100\n|\n|upkeep\n|turn|56\n|\n|t:|1698610459\n|move|p2a: Moltres Lite|Taunt|p1a: Charizard\n|-start|p1a: Charizard|move: Taunt\n|cant|p1a: Charizard|move: Taunt|Will-O-Wisp\n|\n|upkeep\n|turn|57\n|\n|t:|1698610467\n|move|p2a: Moltres Lite|Flamethrower|p1a: Charizard\n|-resisted|p1a: Charizard\n|-damage|p1a: Charizard|53\/100\n|move|p1a: Charizard|Flamethrower|p2a: Moltres Lite\n|-resisted|p2a: Moltres Lite\n|-damage|p2a: Moltres Lite|51\/100\n|\n|upkeep\n|turn|58\n|\n|t:|1698610470\n|move|p2a: Moltres Lite|Roost|p2a: Moltres Lite\n|-heal|p2a: Moltres Lite|100\/100\n|-singleturn|p2a: Moltres Lite|move: Roost\n|move|p1a: Charizard|Flamethrower|p2a: Moltres Lite\n|-resisted|p2a: Moltres Lite\n|-damage|p2a: Moltres Lite|77\/100\n|\n|-end|p1a: Charizard|move: Taunt\n|upkeep\n|turn|59\n|c| Vukes|Doesn\u2019t crunch nuke that anyway\n|c| xdd-Rayleigh|probably\n|c| xdd-Rayleigh|play it safe tho\n|\n|t:|1698610479\n|move|p2a: Moltres Lite|Taunt|p1a: Charizard\n|-start|p1a: Charizard|move: Taunt\n|move|p1a: Charizard|Flamethrower|p2a: Moltres Lite\n|-resisted|p2a: Moltres Lite\n|-damage|p2a: Moltres Lite|57\/100\n|\n|upkeep\n|turn|60\n|\n|t:|1698610484\n|move|p2a: Moltres Lite|Roost|p2a: Moltres Lite\n|-heal|p2a: Moltres Lite|100\/100\n|-singleturn|p2a: Moltres Lite|move: Roost\n|move|p1a: Charizard|Flamethrower|p2a: Moltres Lite\n|-resisted|p2a: Moltres Lite\n|-damage|p2a: Moltres Lite|77\/100\n|\n|upkeep\n|turn|61\n|\n|t:|1698610486\n|move|p2a: Moltres Lite|Flamethrower|p1a: Charizard\n|-resisted|p1a: Charizard\n|-crit|p1a: Charizard\n|-damage|p1a: Charizard|37\/100\n|move|p1a: Charizard|Flamethrower|p2a: Moltres Lite\n|-resisted|p2a: Moltres Lite\n|-damage|p2a: Moltres Lite|55\/100\n|\n|-end|p1a: Charizard|move: Taunt\n|upkeep\n|turn|62\n|c| danbultheman|did 23rd try to will-o talonflame\n|c| xdd-Rayleigh|taunt \/ roost \/ flamethrower spam just auto wins\n|c| danbultheman|lol\n|c| SuperOinge22|lycanroc switch\n|c| SuperOinge22|thats what he wanted\n|\n|t:|1698610501\n|move|p2a: Moltres Lite|Taunt|p1a: Charizard\n|-start|p1a: Charizard|move: Taunt\n|move|p1a: Charizard|Flamethrower|p2a: Moltres Lite\n|-resisted|p2a: Moltres Lite\n|-damage|p2a: Moltres Lite|34\/100\n|\n|upkeep\n|turn|63\n|\n|t:|1698610504\n|move|p2a: Moltres Lite|Flamethrower|p1a: Charizard\n|-resisted|p1a: Charizard\n|-damage|p1a: Charizard|24\/100\n|move|p1a: Charizard|Flamethrower|p2a: Moltres Lite\n|-resisted|p2a: Moltres Lite\n|-damage|p2a: Moltres Lite|4\/100\n|\n|upkeep\n|turn|64\n|\n|t:|1698610506\n|move|p2a: Moltres Lite|Flamethrower|p1a: Charizard\n|-resisted|p1a: Charizard\n|-damage|p1a: Charizard|13\/100\n|move|p1a: Charizard|Flamethrower|p2a: Moltres Lite\n|-resisted|p2a: Moltres Lite\n|-damage|p2a: Moltres Lite|0 fnt\n|faint|p2a: Moltres Lite\n|\n|-end|p1a: Charizard|move: Taunt\n|upkeep\n|\n|t:|1698610508\n|switch|p2a: Frieza|Lycanroc-Dusk, M|81\/100\n|turn|65\n|c| Vukes|I meant as in attack again\n|c| danbultheman|BLAZE\n|\n|t:|1698610519\n|switch|p1a: Tangela|Tangela, M|83\/100\n|-damage|p1a: Tangela|58\/100|[from] Spikes\n|move|p2a: Frieza|Accelerock|p1a: Tangela\n|-damage|p1a: Tangela|27\/100\n|-damage|p2a: Frieza|71\/100|[from] item: Life Orb\n|\n|upkeep\n|turn|66\n|c| Vukes|crunch would\u2019ve done like 40% I think right\n|\n|t:|1698610535\n|move|p2a: Frieza|Close Combat|p1a: Tangela\n|-damage|p1a: Tangela|0 fnt\n|-unboost|p2a: Frieza|def|1\n|-unboost|p2a: Frieza|spd|1\n|faint|p1a: Tangela\n|-damage|p2a: Frieza|61\/100|[from] item: Life Orb\n|\n|upkeep\n|\n|t:|1698610540\n|switch|p1a: Charizard|Charizard, M|13\/100\n|turn|67\n|c| Vukes|Or cc\n|c|\u2606NotMHP|gg\n|c|\u2606The23rdPower|Gg\n|c|\u2606The23rdPower|I'm washed\n|\n|t:|1698610549\n|move|p2a: Frieza|Accelerock|p1a: Charizard\n|-supereffective|p1a: Charizard\n|-damage|p1a: Charizard|0 fnt\n|faint|p1a: Charizard\n|-damage|p2a: Frieza|51\/100|[from] item: Life Orb\n|\n|win|NotMHP\n","uploadtime":1698610558,"views":36,"p1id":"the23rdpower","p2id":"notmhp","formatid":"gen9nationaldexubers","rating":0,"private":0,"password":""}