{"id":"gen9nationaldexubers-2000298385","p1":"Gtg g u2","p2":"Magnus69x","format":"[Gen 9] National Dex Ubers","log":"|j|\u2606Gtg g u2\n|j|\u2606Magnus69x\n|t:|1701182609\n|gametype|singles\n|player|p1|Gtg g u2|chase|1204\n|player|p2|Magnus69x|hilda-wonderlauncher|1094\n|teamsize|p1|6\n|teamsize|p2|6\n|gen|9\n|tier|[Gen 9] National Dex Ubers\n|rated|\n|rule|HP Percentage Mod: HP is shown in percentages\n|rule|Endless Battle Clause: Forcing endless battles is banned\n|rule|OHKO Clause: OHKO moves are banned\n|rule|Evasion Moves Clause: Evasion moves are banned\n|rule|Evasion Items Clause: Evasion items are banned\n|rule|Species Clause: Limit one of each Pok\u00e9mon\n|rule|Sleep Clause Mod: Limit one foe put to sleep\n|rule|Mega Rayquaza Clause: You cannot mega evolve Rayquaza\n|clearpoke\n|poke|p1|Pikachu, M|\n|poke|p1|Kleavor, M|\n|poke|p1|Gengar, M|\n|poke|p1|Lucario, M|\n|poke|p1|Flygon, F|\n|poke|p1|Melmetal|\n|poke|p2|Charizard, M|\n|poke|p2|Typhlosion, M|\n|poke|p2|Blaziken, M|\n|poke|p2|Infernape, M|\n|poke|p2|Emboar, M|\n|poke|p2|Incineroar, F|\n|teampreview\n|\n|t:|1701182614\n|start\n|switch|p1a: Gengar|Gengar, M|100\/100\n|switch|p2a: Blaziken|Blaziken, M|100\/100\n|turn|1\n|inactive|Battle timer is ON: inactive players will automatically lose when time's up. (requested by Gtg g u2)\n|\n|t:|1701182622\n|move|p2a: Blaziken|Protect|p2a: Blaziken\n|-singleturn|p2a: Blaziken|Protect\n|move|p1a: Gengar|Shadow Ball|p2a: Blaziken\n|-activate|p2a: Blaziken|move: Protect\n|\n|-ability|p2a: Blaziken|Speed Boost|boost\n|-boost|p2a: Blaziken|spe|1\n|upkeep\n|turn|2\n|\n|t:|1701182634\n|move|p2a: Blaziken|Earthquake|p1a: Gengar\n|-supereffective|p1a: Gengar\n|-enditem|p1a: Gengar|Focus Sash\n|-damage|p1a: Gengar|1\/100\n|-damage|p2a: Blaziken|91\/100|[from] item: Life Orb\n|move|p1a: Gengar|Shadow Ball|p2a: Blaziken\n|-damage|p2a: Blaziken|32\/100\n|\n|-ability|p2a: Blaziken|Speed Boost|boost\n|-boost|p2a: Blaziken|spe|1\n|upkeep\n|turn|3\n|\n|t:|1701182647\n|move|p2a: Blaziken|Protect|p2a: Blaziken\n|-singleturn|p2a: Blaziken|Protect\n|move|p1a: Gengar|Shadow Ball|p2a: Blaziken\n|-activate|p2a: Blaziken|move: Protect\n|\n|-ability|p2a: Blaziken|Speed Boost|boost\n|-boost|p2a: Blaziken|spe|1\n|upkeep\n|turn|4\n|\n|t:|1701182657\n|move|p2a: Blaziken|Earthquake|p1a: Gengar\n|-supereffective|p1a: Gengar\n|-damage|p1a: Gengar|0 fnt\n|faint|p1a: Gengar\n|-damage|p2a: Blaziken|22\/100|[from] item: Life Orb\n|\n|-ability|p2a: Blaziken|Speed Boost|boost\n|-boost|p2a: Blaziken|spe|1\n|upkeep\n|\n|t:|1701182659\n|switch|p1a: Flygon|Flygon, F|100\/100\n|turn|5\n|\n|t:|1701182670\n|move|p2a: Blaziken|Flare Blitz|p1a: Flygon\n|-resisted|p1a: Flygon\n|-damage|p1a: Flygon|47\/100\n|-status|p1a: Flygon|brn\n|-damage|p2a: Blaziken|4\/100|[from] Recoil\n|-damage|p2a: Blaziken|0 fnt|[from] item: Life Orb\n|faint|p2a: Blaziken\n|move|p1a: Flygon|Stone Edge|p2: Blaziken|[notarget]\n|-fail|p1a: Flygon\n|\n|-damage|p1a: Flygon|41\/100 brn|[from] brn\n|upkeep\n|\n|t:|1701182683\n|switch|p2a: Emboar|Emboar, M|100\/100\n|turn|6\n|\n|t:|1701182690\n|move|p2a: Emboar|Flare Blitz|p1a: Flygon\n|-resisted|p1a: Flygon\n|-damage|p1a: Flygon|0 fnt\n|faint|p1a: Flygon\n|-damage|p2a: Emboar|89\/100|[from] Recoil\n|\n|upkeep\n|\n|t:|1701182696\n|switch|p1a: Kleavor|Kleavor, M|100\/100\n|turn|7\n|\n|t:|1701182700\n|move|p2a: Emboar|Flare Blitz|p1a: Kleavor\n|-damage|p1a: Kleavor|28\/100\n|-damage|p2a: Emboar|71\/100|[from] Recoil\n|move|p1a: Kleavor|Pounce|p2a: Emboar\n|-resisted|p2a: Emboar\n|-damage|p2a: Emboar|62\/100\n|-unboost|p2a: Emboar|spe|1\n|\n|upkeep\n|turn|8\n|\n|t:|1701182713\n|switch|p2a: Incineroar|Incineroar, F|100\/100\n|-ability|p2a: Incineroar|Intimidate|boost\n|-unboost|p1a: Kleavor|atk|1\n|move|p1a: Kleavor|Stone Axe|p2a: Incineroar\n|-supereffective|p2a: Incineroar\n|-damage|p2a: Incineroar|46\/100\n|-sidestart|p2: Magnus69x|move: Stealth Rock\n|\n|upkeep\n|turn|9\n|\n|t:|1701182723\n|switch|p1a: Pikachu|Pikachu, M|100\/100\n|move|p2a: Incineroar|Will-O-Wisp|p1a: Pikachu\n|-status|p1a: Pikachu|brn\n|\n|-damage|p1a: Pikachu|94\/100 brn|[from] brn\n|upkeep\n|turn|10\n|\n|t:|1701182734\n|move|p1a: Pikachu|Surf|p2a: Incineroar\n|-supereffective|p2a: Incineroar\n|-damage|p2a: Incineroar|3\/100\n|move|p2a: Incineroar|Snarl|p1a: Pikachu\n|-damage|p1a: Pikachu|55\/100 brn\n|-unboost|p1a: Pikachu|spa|1\n|\n|-damage|p1a: Pikachu|48\/100 brn|[from] brn\n|upkeep\n|turn|11\n|\n|t:|1701182745\n|move|p1a: Pikachu|Thunderbolt|p2a: Incineroar\n|-damage|p2a: Incineroar|0 fnt\n|faint|p2a: Incineroar\n|\n|-damage|p1a: Pikachu|42\/100 brn|[from] brn\n|upkeep\n|\n|t:|1701182753\n|switch|p2a: Emboar|Emboar, M|62\/100\n|-damage|p2a: Emboar|49\/100|[from] Stealth Rock\n|turn|12\n|\n|t:|1701182759\n|move|p2a: Emboar|Flare Blitz|p1a: Pikachu\n|-damage|p1a: Pikachu|0 fnt\n|faint|p1a: Pikachu\n|-damage|p2a: Emboar|41\/100|[from] Recoil\n|\n|upkeep\n|\n|t:|1701182762\n|switch|p1a: Melmetal|Melmetal|100\/100\n|turn|13\n|\n|t:|1701182769\n|-terastallize|p1a: Melmetal|Ground\n|move|p2a: Emboar|Flare Blitz|p1a: Melmetal\n|-damage|p1a: Melmetal|71\/100\n|-damage|p2a: Emboar|28\/100|[from] Recoil\n|move|p1a: Melmetal|Earthquake|p2a: Emboar\n|-supereffective|p2a: Emboar\n|-crit|p2a: Emboar\n|-damage|p2a: Emboar|0 fnt\n|faint|p2a: Emboar\n|\n|upkeep\n|\n|t:|1701182781\n|switch|p2a: Typhlosion|Typhlosion, M|100\/100\n|-damage|p2a: Typhlosion|76\/100|[from] Stealth Rock\n|turn|14\n|\n|t:|1701182792\n|switch|p1a: Kleavor|Kleavor, M|28\/100\n|-terastallize|p2a: Typhlosion|Fire\n|move|p2a: Typhlosion|Burn Up|p1a: Kleavor\n|-damage|p1a: Kleavor|0 fnt\n|-start|p2a: Typhlosion|typechange|Fire|[from] move: Burn Up\n|faint|p1a: Kleavor\n|\n|upkeep\n|\n|t:|1701182795\n|switch|p1a: Melmetal|Melmetal, tera:Ground|71\/100\n|turn|15\n|\n|t:|1701182806\n|move|p2a: Typhlosion|Burn Up|p1a: Melmetal\n|-damage|p1a: Melmetal|11\/100\n|-start|p2a: Typhlosion|typechange|Fire|[from] move: Burn Up\n|move|p1a: Melmetal|Earthquake|p2a: Typhlosion\n|-supereffective|p2a: Typhlosion\n|-damage|p2a: Typhlosion|0 fnt\n|faint|p2a: Typhlosion\n|\n|upkeep\n|\n|t:|1701182816\n|switch|p2a: Infernape|Infernape, M|100\/100\n|-damage|p2a: Infernape|88\/100|[from] Stealth Rock\n|turn|16\n|\n|t:|1701182821\n|move|p2a: Infernape|U-turn|p1a: Melmetal\n|-damage|p1a: Melmetal|0 fnt\n|faint|p1a: Melmetal\n|\n|t:|1701182826\n|switch|p2a: Charizard|Charizard, M|100\/100|[from] U-turn\n|-damage|p2a: Charizard|51\/100|[from] Stealth Rock\n|\n|upkeep\n|\n|t:|1701182828\n|switch|p1a: Lucario|Lucario, M|100\/100\n|turn|17\n|\n|t:|1701182835\n|detailschange|p1a: Lucario|Lucario-Mega, M\n|-mega|p1a: Lucario|Lucario|Lucarionite\n|detailschange|p2a: Charizard|Charizard-Mega-X, M\n|-mega|p2a: Charizard|Charizard|Charizardite X\n|move|p1a: Lucario|Dark Pulse|p2a: Charizard\n|-damage|p2a: Charizard|20\/100\n|move|p2a: Charizard|Flare Blitz|p1a: Lucario\n|-supereffective|p1a: Lucario\n|-damage|p1a: Lucario|0 fnt\n|faint|p1a: Lucario\n|-damage|p2a: Charizard|0 fnt|[from] Recoil\n|faint|p2a: Charizard\n|\n|win|Magnus69x\n|raw|Gtg g u2's rating: 1204 &rarr; <strong>1168<\/strong><br \/>(-36 for losing)\n|raw|Magnus69x's rating: 1048 &rarr; <strong>1095<\/strong><br \/>(+47 for winning)\n","uploadtime":1701182843,"views":2,"p1id":"gtggu2","p2id":"magnus69x","formatid":"gen9nationaldexubers","rating":1095,"private":0,"password":""}