{"id":"gen9nationaldexubers-1984045940","p1":"fabricro","p2":"Xebas230","format":"[Gen 9] National Dex Ubers","log":"|j|\u2606fabricro\n|j|\u2606Xebas230\n|t:|1699213112\n|gametype|singles\n|player|p1|fabricro|n|\n|player|p2|Xebas230|265|\n|teamsize|p1|6\n|teamsize|p2|6\n|gen|9\n|tier|[Gen 9] National Dex Ubers\n|rule|HP Percentage Mod: HP is shown in percentages\n|rule|Endless Battle Clause: Forcing endless battles is banned\n|rule|OHKO Clause: OHKO moves are banned\n|rule|Evasion Moves Clause: Evasion moves are banned\n|rule|Evasion Items Clause: Evasion items are banned\n|rule|Species Clause: Limit one of each Pok\u00e9mon\n|rule|Sleep Clause Mod: Limit one foe put to sleep\n|rule|Mega Rayquaza Clause: You cannot mega evolve Rayquaza\n|clearpoke\n|poke|p1|Fezandipiti, M|\n|poke|p1|Kleavor, M|\n|poke|p1|Gholdengo|\n|poke|p1|Mamoswine, M|\n|poke|p1|Porygon-Z|\n|poke|p1|Lopunny, F|\n|poke|p2|Forretress, M|\n|poke|p2|Lopunny, M|\n|poke|p2|Greninja-*, M|\n|poke|p2|Serperior, M|\n|poke|p2|Victini|\n|poke|p2|Azumarill, M|\n|teampreview\n|inactive|Battle timer is ON: inactive players will automatically lose when time's up. (requested by fabricro)\n|\n|t:|1699213119\n|start\n|switch|p1a: Kleavor|Kleavor, M|100\/100\n|switch|p2a: Dindirindirin|Forretress, M|100\/100\n|turn|1\n|inactiveoff|Battle timer is now OFF.\n|\n|t:|1699213127\n|move|p1a: Kleavor|Stone Axe|p2a: Dindirindirin\n|-damage|p2a: Dindirindirin|51\/100\n|-sidestart|p2: Xebas230|move: Stealth Rock\n|move|p2a: Dindirindirin|Stealth Rock|p1a: Kleavor\n|-sidestart|p1: fabricro|move: Stealth Rock\n|\n|upkeep\n|turn|2\n|\n|t:|1699213134\n|move|p1a: Kleavor|Stone Axe|p2a: Dindirindirin\n|-damage|p2a: Dindirindirin|4\/100\n|move|p2a: Dindirindirin|Rapid Spin|p1a: Kleavor\n|-resisted|p1a: Kleavor\n|-damage|p1a: Kleavor|92\/100\n|-boost|p2a: Dindirindirin|spe|1\n|-sideend|p2: Xebas230|Stealth Rock|[from] move: Rapid Spin|[of] p2a: Dindirindirin\n|\n|upkeep\n|turn|3\n|-enditem|p2a: Dindirindirin|Custap Berry|[eat]\n|-activate|p2a: Dindirindirin|item: Custap Berry|[consumed]\n|\n|t:|1699213190\n|move|p2a: Dindirindirin|Explosion|p1a: Kleavor\n|-resisted|p1a: Kleavor\n|-damage|p1a: Kleavor|52\/100\n|faint|p2a: Dindirindirin\n|move|p1a: Kleavor|Stone Axe|p2: Dindirindirin|[notarget]\n|-fail|p1a: Kleavor\n|\n|upkeep\n|\n|t:|1699213204\n|switch|p2a: Fire in the Hole|Victini|100\/100\n|turn|4\n|\n|t:|1699213210\n|move|p2a: Fire in the Hole|V-create|p1a: Kleavor\n|-damage|p1a: Kleavor|0 fnt\n|-unboost|p2a: Fire in the Hole|spe|1\n|-unboost|p2a: Fire in the Hole|def|1\n|-unboost|p2a: Fire in the Hole|spd|1\n|faint|p1a: Kleavor\n|\n|upkeep\n|\n|t:|1699213264\n|switch|p1a: Lopunny|Lopunny, F|100\/100\n|-damage|p1a: Lopunny|88\/100|[from] Stealth Rock\n|turn|5\n|\n|t:|1699213285\n|switch|p2a: Prepare to Die|Azumarill, M|100\/100\n|detailschange|p1a: Lopunny|Lopunny-Mega, F\n|-mega|p1a: Lopunny|Lopunny|Lopunnite\n|move|p1a: Lopunny|Fake Out|p2a: Prepare to Die\n|-damage|p2a: Prepare to Die|80\/100\n|\n|upkeep\n|turn|6\n|\n|t:|1699213305\n|move|p1a: Lopunny|U-turn|p2a: Prepare to Die\n|-resisted|p2a: Prepare to Die\n|-damage|p2a: Prepare to Die|68\/100\n|\n|t:|1699213318\n|switch|p1a: Mamoswine|Mamoswine, M|100\/100|[from] U-turn\n|-damage|p1a: Mamoswine|88\/100|[from] Stealth Rock\n|move|p2a: Prepare to Die|Play Rough|p1a: Mamoswine|[miss]\n|-miss|p2a: Prepare to Die|p1a: Mamoswine\n|\n|upkeep\n|turn|7\n|\n|t:|1699213333\n|move|p1a: Mamoswine|Earthquake|p2a: Prepare to Die\n|-damage|p2a: Prepare to Die|13\/100\n|-enditem|p2a: Prepare to Die|Sitrus Berry|[eat]\n|-heal|p2a: Prepare to Die|38\/100|[from] item: Sitrus Berry\n|move|p2a: Prepare to Die|Superpower|p1a: Mamoswine\n|-supereffective|p1a: Mamoswine\n|-damage|p1a: Mamoswine|0 fnt\n|-unboost|p2a: Prepare to Die|atk|1\n|-unboost|p2a: Prepare to Die|def|1\n|faint|p1a: Mamoswine\n|\n|upkeep\n|\n|t:|1699213341\n|switch|p1a: Porygon-Z|Porygon-Z|100\/100\n|-damage|p1a: Porygon-Z|88\/100|[from] Stealth Rock\n|-ability|p1a: Porygon-Z|Download|boost\n|-boost|p1a: Porygon-Z|atk|1\n|turn|8\n|\n|t:|1699213346\n|-zpower|p1a: Porygon-Z\n|move|p1a: Porygon-Z|Z-Conversion|p1a: Porygon-Z|[anim]Conversion\n|-boost|p1a: Porygon-Z|atk|1|[zeffect]\n|-boost|p1a: Porygon-Z|def|1|[zeffect]\n|-boost|p1a: Porygon-Z|spa|1|[zeffect]\n|-boost|p1a: Porygon-Z|spd|1|[zeffect]\n|-boost|p1a: Porygon-Z|spe|1|[zeffect]\n|-start|p1a: Porygon-Z|typechange|Electric\n|move|p2a: Prepare to Die|Superpower|p1a: Porygon-Z\n|-damage|p1a: Porygon-Z|57\/100\n|-unboost|p2a: Prepare to Die|atk|1\n|-unboost|p2a: Prepare to Die|def|1\n|\n|upkeep\n|turn|9\n|\n|t:|1699213365\n|move|p1a: Porygon-Z|Discharge|p2a: Prepare to Die\n|-supereffective|p2a: Prepare to Die\n|-damage|p2a: Prepare to Die|0 fnt\n|faint|p2a: Prepare to Die\n|\n|upkeep\n|\n|t:|1699213391\n|switch|p2a: Fire in the Hole|Victini|100\/100\n|turn|10\n|\n|t:|1699213402\n|move|p2a: Fire in the Hole|V-create|p1a: Porygon-Z\n|-damage|p1a: Porygon-Z|0 fnt\n|-unboost|p2a: Fire in the Hole|spe|1\n|-unboost|p2a: Fire in the Hole|def|1\n|-unboost|p2a: Fire in the Hole|spd|1\n|faint|p1a: Porygon-Z\n|\n|upkeep\n|\n|t:|1699213418\n|switch|p1a: Lopunny|Lopunny-Mega, F|88\/100\n|-damage|p1a: Lopunny|82\/100|[from] Stealth Rock\n|turn|11\n|\n|t:|1699213468\n|switch|p2a: Baez|Serperior, M|100\/100\n|move|p1a: Lopunny|Fake Out|p2a: Baez\n|-damage|p2a: Baez|72\/100\n|-damage|p1a: Lopunny|66\/100|[from] item: Rocky Helmet|[of] p2a: Baez\n|\n|upkeep\n|turn|12\n|\n|t:|1699213487\n|switch|p1a: Fezandipiti|Fezandipiti, M|100\/100\n|-damage|p1a: Fezandipiti|88\/100|[from] Stealth Rock\n|move|p2a: Baez|Glare|p1a: Fezandipiti\n|-status|p1a: Fezandipiti|par\n|-enditem|p1a: Fezandipiti|Lum Berry|[eat]\n|-curestatus|p1a: Fezandipiti|par|[msg]\n|\n|upkeep\n|turn|13\n|\n|t:|1699213503\n|move|p2a: Baez|Taunt|p1a: Fezandipiti\n|-start|p1a: Fezandipiti|move: Taunt\n|move|p1a: Fezandipiti|Sludge Bomb|p2a: Baez\n|-supereffective|p2a: Baez\n|-damage|p2a: Baez|0 fnt\n|faint|p2a: Baez\n|\n|upkeep\n|\n|t:|1699213514\n|switch|p2a: Fire in the Hole|Victini|100\/100\n|turn|14\n|\n|t:|1699213517\n|move|p2a: Fire in the Hole|Zen Headbutt|p1a: Fezandipiti\n|-supereffective|p1a: Fezandipiti\n|-damage|p1a: Fezandipiti|8\/100\n|move|p1a: Fezandipiti|Sludge Bomb|p2a: Fire in the Hole\n|-damage|p2a: Fire in the Hole|67\/100\n|\n|upkeep\n|turn|15\n|\n|t:|1699213525\n|move|p2a: Fire in the Hole|Zen Headbutt|p1a: Fezandipiti\n|-supereffective|p1a: Fezandipiti\n|-damage|p1a: Fezandipiti|0 fnt\n|faint|p1a: Fezandipiti\n|\n|upkeep\n|\n|t:|1699213530\n|switch|p1a: Gholdengo|Gholdengo|100\/100\n|-damage|p1a: Gholdengo|94\/100|[from] Stealth Rock\n|turn|16\n|\n|t:|1699213549\n|switch|p2a: Bloby|Greninja, M|100\/100\n|move|p1a: Gholdengo|Nasty Plot|p1a: Gholdengo\n|-boost|p1a: Gholdengo|spa|2\n|\n|-heal|p1a: Gholdengo|100\/100|[from] item: Leftovers\n|upkeep\n|turn|17\n|\n|t:|1699213569\n|-terastallize|p1a: Gholdengo|Steel\n|-zpower|p2a: Bloby\n|move|p2a: Bloby|Hydro Vortex|p1a: Gholdengo|[zeffect]\n|-crit|p1a: Gholdengo\n|-damage|p1a: Gholdengo|0 fnt\n|faint|p1a: Gholdengo\n|-ability|p2a: Bloby|Battle Bond|boost\n|-boost|p2a: Bloby|atk|1\n|-boost|p2a: Bloby|spa|1\n|-boost|p2a: Bloby|spe|1\n|-activate|p2a: Bloby|ability: Battle Bond\n|\n|upkeep\n|\n|t:|1699213575\n|switch|p1a: Lopunny|Lopunny-Mega, F|66\/100\n|-damage|p1a: Lopunny|60\/100|[from] Stealth Rock\n|turn|18\n|\n|t:|1699213588\n|move|p1a: Lopunny|Fake Out|p2a: Bloby\n|-damage|p2a: Bloby|68\/100\n|cant|p2a: Bloby|flinch\n|\n|upkeep\n|turn|19\n|\n|t:|1699213592\n|move|p2a: Bloby|Dark Pulse|p1a: Lopunny\n|-resisted|p1a: Lopunny\n|-damage|p1a: Lopunny|24\/100\n|move|p1a: Lopunny|Drain Punch|p2a: Bloby\n|-supereffective|p2a: Bloby\n|-damage|p2a: Bloby|0 fnt\n|-heal|p1a: Lopunny|60\/100|[from] drain|[of] p2a: Bloby\n|faint|p2a: Bloby\n|\n|upkeep\n|\n|t:|1699213596\n|switch|p2a: Fire in the Hole|Victini|67\/100\n|turn|20\n|\n|t:|1699213601\n|move|p2a: Fire in the Hole|Zen Headbutt|p1a: Lopunny\n|-supereffective|p1a: Lopunny\n|-damage|p1a: Lopunny|0 fnt\n|faint|p1a: Lopunny\n|\n|win|Xebas230\n|l|\u2606fabricro\n","uploadtime":1699213615,"views":4,"p1id":"fabricro","p2id":"xebas230","formatid":"gen9nationaldexubers","rating":0,"private":0,"password":""}