{"id":"gen9nationaldexubers-1984204010","p1":"Ufid","p2":"treeshhhh","format":"[Gen 9] National Dex Ubers","log":"|j|\u2606Ufid\n|j|\u2606treeshhhh\n|t:|1699229829\n|gametype|singles\n|player|p1|Ufid|170|1557\n|player|p2|treeshhhh|lucas|1498\n|teamsize|p1|6\n|teamsize|p2|6\n|gen|9\n|tier|[Gen 9] National Dex Ubers\n|rated|\n|rule|HP Percentage Mod: HP is shown in percentages\n|rule|Endless Battle Clause: Forcing endless battles is banned\n|rule|OHKO Clause: OHKO moves are banned\n|rule|Evasion Moves Clause: Evasion moves are banned\n|rule|Evasion Items Clause: Evasion items are banned\n|rule|Species Clause: Limit one of each Pok\u00e9mon\n|rule|Sleep Clause Mod: Limit one foe put to sleep\n|rule|Mega Rayquaza Clause: You cannot mega evolve Rayquaza\n|clearpoke\n|poke|p1|Murkrow, F|\n|poke|p1|Darmanitan-Galar, M|\n|poke|p1|Zacian-*|\n|poke|p1|Kangaskhan, F|\n|poke|p1|Groudon|\n|poke|p1|Marshadow|\n|poke|p2|Groudon|\n|poke|p2|Necrozma-Dusk-Mane|\n|poke|p2|Ho-Oh|\n|poke|p2|Zygarde|\n|poke|p2|Yveltal|\n|poke|p2|Arceus-Water|\n|teampreview\n|\n|t:|1699229852\n|start\n|switch|p1a: Darmanitan|Darmanitan-Galar, M|100\/100\n|switch|p2a: Yveltal|Yveltal|100\/100\n|-ability|p2a: Yveltal|Dark Aura\n|turn|1\n|\n|t:|1699229865\n|switch|p2a: Necrozma|Necrozma-Dusk-Mane|100\/100\n|move|p1a: Darmanitan|Icicle Crash|p2a: Necrozma\n|-resisted|p2a: Necrozma\n|-damage|p2a: Necrozma|78\/100\n|\n|-heal|p2a: Necrozma|84\/100|[from] item: Leftovers\n|upkeep\n|turn|2\n|\n|t:|1699229877\n|switch|p1a: Groudon|Groudon|100\/100\n|detailschange|p1a: Groudon|Groudon-Primal\n|-primal|p1a: Groudon|Red Orb\n|-weather|DesolateLand|[from] ability: Desolate Land|[of] p1a: Groudon\n|move|p2a: Necrozma|Toxic|p1a: Groudon\n|-status|p1a: Groudon|tox\n|\n|-weather|DesolateLand|[upkeep]\n|-heal|p2a: Necrozma|90\/100|[from] item: Leftovers\n|-damage|p1a: Groudon|94\/100 tox|[from] psn\n|upkeep\n|turn|3\n|\n|t:|1699229889\n|switch|p2a: Ho-Oh|Ho-Oh, shiny|100\/100\n|move|p1a: Groudon|Stealth Rock|p2a: Ho-Oh\n|-sidestart|p2: treeshhhh|move: Stealth Rock\n|\n|-weather|DesolateLand|[upkeep]\n|-damage|p1a: Groudon|82\/100 tox|[from] psn\n|upkeep\n|turn|4\n|\n|t:|1699229898\n|-weather|none\n|switch|p1a: Murkrow|Murkrow, F|100\/100\n|switch|p2a: Necrozma|Necrozma-Dusk-Mane|90\/100\n|-damage|p2a: Necrozma|84\/100|[from] Stealth Rock\n|\n|-heal|p2a: Necrozma|90\/100|[from] item: Leftovers\n|upkeep\n|turn|5\n|\n|t:|1699229912\n|switch|p1a: Groudon|Groudon-Primal|82\/100 tox\n|-weather|DesolateLand|[from] ability: Desolate Land|[of] p1a: Groudon\n|move|p2a: Necrozma|Sunsteel Strike|p1a: Groudon\n|-resisted|p1a: Groudon\n|-damage|p1a: Groudon|69\/100 tox\n|\n|-weather|DesolateLand|[upkeep]\n|-heal|p2a: Necrozma|96\/100|[from] item: Leftovers\n|-damage|p1a: Groudon|63\/100 tox|[from] psn\n|upkeep\n|turn|6\n|\n|t:|1699229924\n|switch|p2a: Ho-Oh|Ho-Oh, shiny|100\/100\n|move|p1a: Groudon|Flamethrower|p2a: Ho-Oh\n|-resisted|p2a: Ho-Oh\n|-damage|p2a: Ho-Oh|77\/100\n|\n|-weather|DesolateLand|[upkeep]\n|-damage|p1a: Groudon|50\/100 tox|[from] psn\n|upkeep\n|turn|7\n|\n|t:|1699229934\n|-weather|none\n|switch|p1a: Zacian|Zacian-Crowned|100\/100\n|-ability|p1a: Zacian|Intrepid Sword|boost\n|-boost|p1a: Zacian|atk|1\n|move|p2a: Ho-Oh|Defog|p1a: Zacian\n|-unboost|p1a: Zacian|evasion|1\n|-sideend|p2: treeshhhh|Stealth Rock|[from] move: Defog|[of] p2a: Ho-Oh\n|\n|upkeep\n|turn|8\n|\n|t:|1699229946\n|switch|p2a: Groudon|Groudon|100\/100\n|detailschange|p2a: Groudon|Groudon-Primal\n|-primal|p2a: Groudon|Red Orb\n|-weather|DesolateLand|[from] ability: Desolate Land|[of] p2a: Groudon\n|-terastallize|p1a: Zacian|Water\n|move|p1a: Zacian|Wild Charge|p2a: Groudon\n|-immune|p2a: Groudon\n|\n|-weather|DesolateLand|[upkeep]\n|upkeep\n|turn|9\n|\n|t:|1699229959\n|switch|p1a: Murkrow|Murkrow, F|100\/100\n|move|p2a: Groudon|Toxic|p1a: Murkrow\n|-status|p1a: Murkrow|tox\n|\n|-weather|DesolateLand|[upkeep]\n|-damage|p1a: Murkrow|94\/100 tox|[from] psn\n|upkeep\n|turn|10\n|\n|t:|1699229968\n|-weather|none\n|switch|p2a: Yveltal|Yveltal|100\/100\n|-ability|p2a: Yveltal|Dark Aura\n|move|p1a: Murkrow|Toxic|p2a: Yveltal\n|-hint|Since gen 7, Dark is immune to Prankster moves.\n|-immune|p2a: Yveltal\n|\n|-damage|p1a: Murkrow|82\/100 tox|[from] psn\n|upkeep\n|turn|11\n|\n|t:|1699229984\n|switch|p1a: Zacian|Zacian-Crowned, tera:Water|100\/100\n|move|p2a: Yveltal|Knock Off|p1a: Zacian\n|-damage|p1a: Zacian|58\/100\n|-damage|p2a: Yveltal|91\/100|[from] item: Life Orb\n|\n|upkeep\n|turn|12\n|\n|t:|1699229994\n|switch|p2a: Groudon|Groudon-Primal|100\/100\n|-weather|DesolateLand|[from] ability: Desolate Land|[of] p2a: Groudon\n|move|p1a: Zacian|Behemoth Blade|p2a: Groudon\n|-resisted|p2a: Groudon\n|-damage|p2a: Groudon|87\/100\n|\n|-weather|DesolateLand|[upkeep]\n|upkeep\n|turn|13\n|\n|t:|1699230010\n|switch|p1a: Groudon|Groudon-Primal|50\/100 tox\n|move|p2a: Groudon|Spikes|p1a: Groudon\n|-sidestart|p1: Ufid|Spikes\n|\n|-weather|DesolateLand|[upkeep]\n|-damage|p1a: Groudon|44\/100 tox|[from] psn\n|upkeep\n|turn|14\n|\n|t:|1699230020\n|switch|p2a: Ho-Oh|Ho-Oh, shiny|100\/100\n|move|p1a: Groudon|Earth Power|p2a: Ho-Oh\n|-immune|p2a: Ho-Oh\n|\n|-weather|DesolateLand|[upkeep]\n|-damage|p1a: Groudon|32\/100 tox|[from] psn\n|upkeep\n|turn|15\n|\n|t:|1699230036\n|move|p1a: Groudon|Stealth Rock|p2a: Ho-Oh\n|-sidestart|p2: treeshhhh|move: Stealth Rock\n|move|p2a: Ho-Oh|Toxic|p1a: Groudon\n|-fail|p1a: Groudon|tox\n|\n|-weather|DesolateLand|[upkeep]\n|-damage|p1a: Groudon|13\/100 tox|[from] psn\n|upkeep\n|turn|16\n|\n|t:|1699230045\n|-weather|none\n|switch|p1a: Murkrow|Murkrow, F|82\/100 tox\n|move|p2a: Ho-Oh|Defog|p1a: Murkrow\n|-unboost|p1a: Murkrow|evasion|1\n|-sideend|p1: Ufid|Spikes|[from] move: Defog|[of] p2a: Ho-Oh\n|-sideend|p2: treeshhhh|Stealth Rock|[from] move: Defog|[of] p2a: Ho-Oh\n|\n|-damage|p1a: Murkrow|76\/100 tox|[from] psn\n|upkeep\n|turn|17\n|j| 1 em trach thu\n|\n|t:|1699230062\n|switch|p1a: Darmanitan|Darmanitan-Galar, M|100\/100\n|move|p2a: Ho-Oh|Sacred Fire|p1a: Darmanitan\n|-supereffective|p1a: Darmanitan\n|-damage|p1a: Darmanitan|0 fnt\n|faint|p1a: Darmanitan\n|\n|upkeep\n|\n|t:|1699230084\n|switch|p1a: Kangaskhan|Kangaskhan, F|100\/100\n|turn|18\n|\n|t:|1699230095\n|detailschange|p1a: Kangaskhan|Kangaskhan-Mega, F\n|-mega|p1a: Kangaskhan|Kangaskhan|Kangaskhanite\n|move|p1a: Kangaskhan|Fake Out|p2a: Ho-Oh\n|-damage|p2a: Ho-Oh|86\/100\n|-damage|p2a: Ho-Oh|82\/100\n|-hitcount|p2a: Ho-Oh|2\n|cant|p2a: Ho-Oh|flinch\n|\n|upkeep\n|turn|19\n|\n|t:|1699230109\n|switch|p1a: Murkrow|Murkrow, F|76\/100 tox\n|move|p2a: Ho-Oh|Sacred Fire|p1a: Murkrow\n|-crit|p1a: Murkrow\n|-damage|p1a: Murkrow|9\/100 tox\n|\n|-damage|p1a: Murkrow|3\/100 tox|[from] psn\n|upkeep\n|turn|20\n|\n|t:|1699230121\n|switch|p2a: Yveltal|Yveltal|91\/100\n|-ability|p2a: Yveltal|Dark Aura\n|move|p1a: Murkrow|Tailwind|p1a: Murkrow\n|-sidestart|p1: Ufid|move: Tailwind\n|\n|-damage|p1a: Murkrow|0 fnt|[from] psn\n|faint|p1a: Murkrow\n|upkeep\n|\n|t:|1699230140\n|switch|p1a: Groudon|Groudon-Primal|13\/100 tox\n|-weather|DesolateLand|[from] ability: Desolate Land|[of] p1a: Groudon\n|turn|21\n|\n|t:|1699230160\n|switch|p2a: Ho-Oh|Ho-Oh, shiny|100\/100\n|move|p1a: Groudon|Flamethrower|p2a: Ho-Oh\n|-resisted|p2a: Ho-Oh\n|-damage|p2a: Ho-Oh|77\/100\n|\n|-weather|DesolateLand|[upkeep]\n|-damage|p1a: Groudon|7\/100 tox|[from] psn\n|upkeep\n|turn|22\n|\n|t:|1699230175\n|-weather|none\n|switch|p1a: Marshadow|Marshadow|100\/100\n|move|p2a: Ho-Oh|Sacred Fire|p1a: Marshadow\n|-damage|p1a: Marshadow|45\/100\n|-status|p1a: Marshadow|brn\n|\n|-damage|p1a: Marshadow|38\/100 brn|[from] brn\n|upkeep\n|turn|23\n|-message|Ufid forfeited.\n|\n|win|treeshhhh\n|raw|Ufid's rating: 1557 &rarr; <strong>1534<\/strong><br \/>(-23 for losing)\n|raw|treeshhhh's rating: 1498 &rarr; <strong>1521<\/strong><br \/>(+23 for winning)\n|l|\u2606Ufid\n","uploadtime":1699230190,"views":4,"p1id":"ufid","p2id":"treeshhhh","formatid":"gen9nationaldexubers","rating":1521,"private":0,"password":""}