{"id":"gen9nationaldexubers-1980493934","p1":"Bug Maniac Swaggy","p2":"GrundleGrimace","format":"[Gen 9] National Dex Ubers","log":"|j|\u2606Bug Maniac Swaggy\n|j|\u2606GrundleGrimace\n|t:|1698790295\n|gametype|singles\n|player|p1|Bug Maniac Swaggy|whitney|\n|player|p2|GrundleGrimace|265|\n|teamsize|p1|6\n|teamsize|p2|6\n|gen|9\n|tier|[Gen 9] National Dex Ubers\n|rule|HP Percentage Mod: HP is shown in percentages\n|rule|Endless Battle Clause: Forcing endless battles is banned\n|rule|OHKO Clause: OHKO moves are banned\n|rule|Evasion Moves Clause: Evasion moves are banned\n|rule|Evasion Items Clause: Evasion items are banned\n|rule|Species Clause: Limit one of each Pok\u00e9mon\n|rule|Sleep Clause Mod: Limit one foe put to sleep\n|rule|Mega Rayquaza Clause: You cannot mega evolve Rayquaza\n|clearpoke\n|poke|p1|Garganacl, F|\n|poke|p1|Aegislash, M|\n|poke|p1|Skeledirge, F|\n|poke|p1|Greninja-*, M|\n|poke|p1|Venusaur, F|\n|poke|p1|Great Tusk|\n|poke|p2|Hippowdon, M|\n|poke|p2|Excadrill, F|\n|poke|p2|Landorus, M|\n|poke|p2|Clodsire, M|\n|poke|p2|Mamoswine, F|\n|poke|p2|Garchomp, M|\n|teampreview\n|c|\u2606GrundleGrimace|glhf friend\n|c|\u2606Bug Maniac Swaggy|glhf\n|c|\u2606Bug Maniac Swaggy|tera is fairy garg\n|\n|t:|1698790336\n|start\n|switch|p1a: The Dauntless|Venusaur, F|100\/100\n|switch|p2a: Pacific Love|Clodsire, M|100\/100\n|turn|1\n|\n|t:|1698790348\n|detailschange|p1a: The Dauntless|Venusaur-Mega, F\n|-mega|p1a: The Dauntless|Venusaur|Venusaurite\n|move|p1a: The Dauntless|Leech Seed|p2a: Pacific Love\n|-start|p2a: Pacific Love|move: Leech Seed\n|move|p2a: Pacific Love|Earthquake|p1a: The Dauntless\n|-damage|p1a: The Dauntless|85\/100\n|\n|-damage|p2a: Pacific Love|88\/100|[from] Leech Seed|[of] p1a: The Dauntless\n|-heal|p1a: The Dauntless|100\/100|[silent]\n|upkeep\n|turn|2\n|\n|t:|1698790364\n|switch|p2a: Cocaine Jesus|Landorus, M|100\/100\n|move|p1a: The Dauntless|Giga Drain|p2a: Cocaine Jesus\n|-damage|p2a: Cocaine Jesus|61\/100\n|\n|upkeep\n|turn|3\n|\n|t:|1698790378\n|move|p2a: Cocaine Jesus|Earth Power|p1a: The Dauntless\n|-damage|p1a: The Dauntless|47\/100\n|move|p1a: The Dauntless|Giga Drain|p2a: Cocaine Jesus\n|-damage|p2a: Cocaine Jesus|18\/100\n|-heal|p1a: The Dauntless|66\/100|[from] drain|[of] p2a: Cocaine Jesus\n|\n|upkeep\n|turn|4\n|\n|t:|1698790405\n|switch|p1a: The Benighted|Skeledirge, F|100\/100\n|-item|p1a: The Benighted|Air Balloon\n|-terastallize|p2a: Cocaine Jesus|Ground\n|move|p2a: Cocaine Jesus|Earth Power|p1a: The Benighted\n|-immune|p1a: The Benighted\n|\n|upkeep\n|turn|5\n|\n|t:|1698790419\n|switch|p2a: Pacific Love|Clodsire, M|88\/100\n|move|p1a: The Benighted|Torch Song|p2a: Pacific Love\n|-damage|p2a: Pacific Love|68\/100\n|-boost|p1a: The Benighted|spa|1\n|\n|-heal|p2a: Pacific Love|75\/100|[from] item: Black Sludge\n|upkeep\n|turn|6\n|\n|t:|1698790443\n|switch|p1a: The Dauntless|Venusaur-Mega, F|66\/100\n|move|p2a: Pacific Love|Toxic|p1a: The Dauntless\n|-immune|p1a: The Dauntless\n|\n|-heal|p2a: Pacific Love|81\/100|[from] item: Black Sludge\n|upkeep\n|turn|7\n|\n|t:|1698790476\n|switch|p2a: Cold Love|Mamoswine, F|100\/100\n|move|p1a: The Dauntless|Leech Seed|p2a: Cold Love\n|-start|p2a: Cold Love|move: Leech Seed\n|\n|-damage|p2a: Cold Love|88\/100|[from] Leech Seed|[of] p1a: The Dauntless\n|-heal|p1a: The Dauntless|78\/100|[silent]\n|upkeep\n|turn|8\n|\n|t:|1698790483\n|move|p2a: Cold Love|Icicle Crash|p1a: The Dauntless\n|-supereffective|p1a: The Dauntless\n|-damage|p1a: The Dauntless|31\/100\n|cant|p1a: The Dauntless|flinch\n|\n|-damage|p2a: Cold Love|76\/100|[from] Leech Seed|[of] p1a: The Dauntless\n|-heal|p1a: The Dauntless|44\/100|[silent]\n|upkeep\n|turn|9\n|\n|t:|1698790544\n|switch|p1a: The Deceiver|Aegislash, M|100\/100\n|move|p2a: Cold Love|Icicle Crash|p1a: The Deceiver\n|-resisted|p1a: The Deceiver\n|-damage|p1a: The Deceiver|70\/100\n|\n|-damage|p2a: Cold Love|63\/100|[from] Leech Seed|[of] p1a: The Deceiver\n|-heal|p1a: The Deceiver|84\/100|[silent]\n|upkeep\n|turn|10\n|\n|t:|1698790563\n|switch|p2a: Mr. Redundant|Hippowdon, M|100\/100\n|-weather|Sandstorm|[from] ability: Sand Stream|[of] p2a: Mr. Redundant\n|-formechange|p1a: The Deceiver|Aegislash-Blade||[from] ability: Stance Change\n|move|p1a: The Deceiver|Sacred Sword|p2a: Mr. Redundant\n|-damage|p2a: Mr. Redundant|76\/100\n|-damage|p1a: The Deceiver|74\/100|[from] item: Life Orb\n|\n|-weather|Sandstorm|[upkeep]\n|-heal|p2a: Mr. Redundant|82\/100|[from] item: Leftovers\n|upkeep\n|turn|11\n|\n|t:|1698790589\n|switch|p1a: The Savage|Great Tusk|100\/100\n|move|p2a: Mr. Redundant|Stealth Rock|p1a: The Savage\n|-sidestart|p1: Bug Maniac Swaggy|move: Stealth Rock\n|\n|-weather|Sandstorm|[upkeep]\n|-heal|p2a: Mr. Redundant|88\/100|[from] item: Leftovers\n|upkeep\n|turn|12\n|\n|t:|1698790610\n|switch|p2a: Polite Company|Garchomp, M|100\/100\n|move|p1a: The Savage|Stealth Rock|p2a: Polite Company\n|-sidestart|p2: GrundleGrimace|move: Stealth Rock\n|\n|-weather|Sandstorm|[upkeep]\n|upkeep\n|turn|13\n|\n|t:|1698790623\n|detailschange|p2a: Polite Company|Garchomp-Mega, M\n|-mega|p2a: Polite Company|Garchomp|Garchompite\n|move|p2a: Polite Company|Earthquake|p1a: The Savage\n|-damage|p1a: The Savage|64\/100\n|move|p1a: The Savage|Knock Off|p2a: Polite Company\n|-damage|p2a: Polite Company|84\/100\n|\n|-weather|Sandstorm|[upkeep]\n|-heal|p1a: The Savage|70\/100|[from] item: Leftovers\n|upkeep\n|turn|14\n|\n|t:|1698790666\n|-end|p1a: The Savage|Protosynthesis|[silent]\n|switch|p1a: The Benighted|Skeledirge, F|100\/100\n|-damage|p1a: The Benighted|75\/100|[from] Stealth Rock\n|-item|p1a: The Benighted|Air Balloon\n|move|p2a: Polite Company|Earthquake|p1a: The Benighted\n|-immune|p1a: The Benighted\n|\n|-weather|none\n|upkeep\n|turn|15\n|\n|t:|1698790692\n|switch|p2a: Pacific Love|Clodsire, M|81\/100\n|-damage|p2a: Pacific Love|75\/100|[from] Stealth Rock\n|move|p1a: The Benighted|Will-O-Wisp|p2a: Pacific Love\n|-status|p2a: Pacific Love|brn\n|\n|-heal|p2a: Pacific Love|81\/100 brn|[from] item: Black Sludge\n|-damage|p2a: Pacific Love|75\/100 brn|[from] brn\n|upkeep\n|turn|16\n|\n|t:|1698790704\n|switch|p1a: The Dauntless|Venusaur-Mega, F|44\/100\n|-damage|p1a: The Dauntless|31\/100|[from] Stealth Rock\n|switch|p2a: Cold Love|Mamoswine, F|63\/100\n|-damage|p2a: Cold Love|51\/100|[from] Stealth Rock\n|\n|upkeep\n|turn|17\n|\n|t:|1698790740\n|switch|p1a: The Benighted|Skeledirge, F|75\/100\n|-damage|p1a: The Benighted|50\/100|[from] Stealth Rock\n|-item|p1a: The Benighted|Air Balloon\n|move|p2a: Cold Love|Icicle Crash|p1a: The Benighted\n|-resisted|p1a: The Benighted\n|-damage|p1a: The Benighted|20\/100\n|-enditem|p1a: The Benighted|Air Balloon\n|\n|upkeep\n|turn|18\n|\n|t:|1698790784\n|move|p2a: Cold Love|Icicle Crash|p1a: The Benighted|[miss]\n|-miss|p2a: Cold Love|p1a: The Benighted\n|move|p1a: The Benighted|Slack Off|p1a: The Benighted\n|-heal|p1a: The Benighted|70\/100\n|\n|upkeep\n|turn|19\n|\n|t:|1698790795\n|switch|p2a: Mr. Redundant|Hippowdon, M|88\/100\n|-damage|p2a: Mr. Redundant|82\/100|[from] Stealth Rock\n|-weather|Sandstorm|[from] ability: Sand Stream|[of] p2a: Mr. Redundant\n|move|p1a: The Benighted|Will-O-Wisp|p2a: Mr. Redundant\n|-status|p2a: Mr. Redundant|brn\n|\n|-weather|Sandstorm|[upkeep]\n|-damage|p1a: The Benighted|64\/100|[from] Sandstorm\n|-heal|p2a: Mr. Redundant|88\/100 brn|[from] item: Leftovers\n|-damage|p2a: Mr. Redundant|82\/100 brn|[from] brn\n|upkeep\n|turn|20\n|\n|t:|1698790811\n|move|p1a: The Benighted|Slack Off|p1a: The Benighted\n|-heal|p1a: The Benighted|100\/100\n|move|p2a: Mr. Redundant|Whirlwind|p1a: The Benighted\n|drag|p1a: The Curdled|Garganacl, F|100\/100\n|-damage|p1a: The Curdled|88\/100|[from] Stealth Rock\n|\n|-weather|Sandstorm|[upkeep]\n|-heal|p2a: Mr. Redundant|88\/100 brn|[from] item: Leftovers\n|-heal|p1a: The Curdled|94\/100|[from] item: Leftovers\n|-damage|p2a: Mr. Redundant|82\/100 brn|[from] brn\n|upkeep\n|turn|21\n|\n|t:|1698790820\n|switch|p2a: Lady Lie|Excadrill, F|100\/100\n|-damage|p2a: Lady Lie|97\/100|[from] Stealth Rock\n|-terastallize|p1a: The Curdled|Fairy\n|move|p1a: The Curdled|Salt Cure|p2a: Lady Lie\n|-resisted|p2a: Lady Lie\n|-damage|p2a: Lady Lie|93\/100\n|-start|p2a: Lady Lie|Salt Cure\n|\n|-weather|Sandstorm|[upkeep]\n|-damage|p1a: The Curdled|88\/100|[from] Sandstorm\n|-heal|p1a: The Curdled|94\/100|[from] item: Leftovers\n|-damage|p2a: Lady Lie|68\/100|[from] Salt Cure\n|upkeep\n|turn|22\n|\n|t:|1698790844\n|-zpower|p2a: Lady Lie\n|move|p2a: Lady Lie|Corkscrew Crash|p1a: The Curdled|[zeffect]\n|-supereffective|p1a: The Curdled\n|-damage|p1a: The Curdled|0 fnt\n|faint|p1a: The Curdled\n|\n|-weather|Sandstorm|[upkeep]\n|-damage|p2a: Lady Lie|43\/100|[from] Salt Cure\n|upkeep\n|\n|t:|1698790861\n|switch|p1a: The Capricious|Greninja, M|100\/100\n|-damage|p1a: The Capricious|88\/100|[from] Stealth Rock\n|turn|23\n|\n|t:|1698790893\n|switch|p2a: Pacific Love|Clodsire, M|75\/100 brn\n|-damage|p2a: Pacific Love|68\/100 brn|[from] Stealth Rock\n|move|p1a: The Capricious|Water Shuriken|p2a: Pacific Love\n|-heal|p2a: Pacific Love|93\/100 brn|[from] ability: Water Absorb|[of] p1a: The Capricious\n|\n|-weather|none\n|-heal|p2a: Pacific Love|99\/100 brn|[from] item: Black Sludge\n|-damage|p2a: Pacific Love|93\/100 brn|[from] brn\n|upkeep\n|turn|24\n|\n|t:|1698790909\n|switch|p2a: Polite Company|Garchomp-Mega, M|84\/100\n|-damage|p2a: Polite Company|78\/100|[from] Stealth Rock\n|move|p1a: The Capricious|U-turn|p2a: Polite Company\n|-damage|p2a: Polite Company|64\/100\n|-damage|p1a: The Capricious|78\/100|[from] item: Life Orb\n|\n|t:|1698791045\n|switch|p1a: The Savage|Great Tusk|70\/100|[from] U-turn\n|-damage|p1a: The Savage|67\/100|[from] Stealth Rock\n|\n|-heal|p1a: The Savage|73\/100|[from] item: Leftovers\n|upkeep\n|turn|25\n|\n|t:|1698791070\n|move|p2a: Polite Company|Swords Dance|p2a: Polite Company\n|-boost|p2a: Polite Company|atk|2\n|move|p1a: The Savage|Body Press|p2a: Polite Company\n|-damage|p2a: Polite Company|24\/100\n|\n|-heal|p1a: The Savage|80\/100|[from] item: Leftovers\n|upkeep\n|turn|26\n|\n|t:|1698791079\n|move|p2a: Polite Company|Earthquake|p1a: The Savage\n|-damage|p1a: The Savage|21\/100\n|move|p1a: The Savage|Body Press|p2a: Polite Company\n|-damage|p2a: Polite Company|0 fnt\n|faint|p2a: Polite Company\n|\n|-heal|p1a: The Savage|27\/100|[from] item: Leftovers\n|upkeep\n|\n|t:|1698791098\n|switch|p2a: Cold Love|Mamoswine, F|51\/100\n|-damage|p2a: Cold Love|38\/100|[from] Stealth Rock\n|turn|27\n|\n|t:|1698791131\n|move|p2a: Cold Love|Ice Shard|p1a: The Savage\n|-supereffective|p1a: The Savage\n|-damage|p1a: The Savage|0 fnt\n|faint|p1a: The Savage\n|-end|p1a: The Savage|Protosynthesis|[silent]\n|\n|upkeep\n|\n|t:|1698791204\n|switch|p1a: The Benighted|Skeledirge, F|100\/100\n|-damage|p1a: The Benighted|75\/100|[from] Stealth Rock\n|turn|28\n|\n|t:|1698791223\n|switch|p2a: Mr. Redundant|Hippowdon, M|82\/100 brn\n|-damage|p2a: Mr. Redundant|76\/100 brn|[from] Stealth Rock\n|-weather|Sandstorm|[from] ability: Sand Stream|[of] p2a: Mr. Redundant\n|move|p1a: The Benighted|Hex|p2a: Mr. Redundant\n|-damage|p2a: Mr. Redundant|22\/100 brn\n|\n|-weather|Sandstorm|[upkeep]\n|-damage|p1a: The Benighted|69\/100|[from] Sandstorm\n|-heal|p2a: Mr. Redundant|28\/100 brn|[from] item: Leftovers\n|-damage|p2a: Mr. Redundant|22\/100 brn|[from] brn\n|upkeep\n|turn|29\n|\n|t:|1698791244\n|switch|p2a: Cocaine Jesus|Landorus, M, tera:Ground|18\/100\n|-damage|p2a: Cocaine Jesus|12\/100|[from] Stealth Rock\n|move|p1a: The Benighted|Torch Song|p2a: Cocaine Jesus\n|-crit|p2a: Cocaine Jesus\n|-damage|p2a: Cocaine Jesus|0 fnt\n|-boost|p1a: The Benighted|spa|1\n|faint|p2a: Cocaine Jesus\n|\n|-weather|Sandstorm|[upkeep]\n|-damage|p1a: The Benighted|63\/100|[from] Sandstorm\n|upkeep\n|\n|t:|1698791250\n|switch|p2a: Lady Lie|Excadrill, F|43\/100\n|-damage|p2a: Lady Lie|40\/100|[from] Stealth Rock\n|turn|30\n|\n|t:|1698791290\n|move|p2a: Lady Lie|Earthquake|p1a: The Benighted\n|-supereffective|p1a: The Benighted\n|-damage|p1a: The Benighted|0 fnt\n|faint|p1a: The Benighted\n|\n|-weather|Sandstorm|[upkeep]\n|upkeep\n|\n|t:|1698791312\n|switch|p1a: The Deceiver|Aegislash, M|74\/100\n|-damage|p1a: The Deceiver|68\/100|[from] Stealth Rock\n|turn|31\n|\n|t:|1698791320\n|move|p1a: The Deceiver|King's Shield|p1a: The Deceiver\n|-singleturn|p1a: The Deceiver|Protect\n|move|p2a: Lady Lie|Earthquake|p1a: The Deceiver\n|-activate|p1a: The Deceiver|move: Protect\n|\n|-weather|Sandstorm|[upkeep]\n|upkeep\n|turn|32\n|\n|t:|1698791333\n|-formechange|p1a: The Deceiver|Aegislash-Blade||[from] ability: Stance Change\n|move|p1a: The Deceiver|Shadow Sneak|p2a: Lady Lie\n|-damage|p2a: Lady Lie|0 fnt\n|faint|p2a: Lady Lie\n|-damage|p1a: The Deceiver|58\/100|[from] item: Life Orb\n|\n|-weather|none\n|upkeep\n|\n|t:|1698791346\n|switch|p2a: Cold Love|Mamoswine, F|38\/100\n|-damage|p2a: Cold Love|26\/100|[from] Stealth Rock\n|turn|33\n|\n|t:|1698791356\n|switch|p2a: Pacific Love|Clodsire, M|93\/100 brn\n|-damage|p2a: Pacific Love|87\/100 brn|[from] Stealth Rock\n|move|p1a: The Deceiver|Shadow Sneak|p2a: Pacific Love\n|-damage|p2a: Pacific Love|59\/100 brn\n|-damage|p1a: The Deceiver|48\/100|[from] item: Life Orb\n|\n|-heal|p2a: Pacific Love|65\/100 brn|[from] item: Black Sludge\n|-damage|p2a: Pacific Love|59\/100 brn|[from] brn\n|upkeep\n|turn|34\n|\n|t:|1698791374\n|move|p1a: The Deceiver|Iron Head|p2a: Pacific Love\n|-damage|p2a: Pacific Love|10\/100 brn\n|-damage|p1a: The Deceiver|38\/100|[from] item: Life Orb\n|move|p2a: Pacific Love|Earthquake|p1a: The Deceiver\n|-supereffective|p1a: The Deceiver\n|-damage|p1a: The Deceiver|0 fnt\n|faint|p1a: The Deceiver\n|\n|-heal|p2a: Pacific Love|16\/100 brn|[from] item: Black Sludge\n|-damage|p2a: Pacific Love|10\/100 brn|[from] brn\n|upkeep\n|\n|t:|1698791382\n|switch|p1a: The Capricious|Greninja, M|78\/100\n|-damage|p1a: The Capricious|66\/100|[from] Stealth Rock\n|turn|35\n|\n|t:|1698791388\n|move|p1a: The Capricious|Dark Pulse|p2a: Pacific Love\n|-damage|p2a: Pacific Love|0 fnt\n|faint|p2a: Pacific Love\n|-ability|p1a: The Capricious|Battle Bond|boost\n|-boost|p1a: The Capricious|atk|1\n|-boost|p1a: The Capricious|spa|1\n|-boost|p1a: The Capricious|spe|1\n|-activate|p1a: The Capricious|ability: Battle Bond\n|-damage|p1a: The Capricious|56\/100|[from] item: Life Orb\n|\n|upkeep\n|c|\u2606GrundleGrimace|gg\n|\n|t:|1698791393\n|switch|p2a: Mr. Redundant|Hippowdon, M|22\/100 brn\n|-damage|p2a: Mr. Redundant|15\/100 brn|[from] Stealth Rock\n|-weather|Sandstorm|[from] ability: Sand Stream|[of] p2a: Mr. Redundant\n|turn|36\n|c|\u2606Bug Maniac Swaggy|gg\n|\n|t:|1698791399\n|move|p1a: The Capricious|Water Shuriken|p2a: Mr. Redundant\n|-supereffective|p2a: Mr. Redundant\n|-damage|p2a: Mr. Redundant|0 fnt\n|faint|p2a: Mr. Redundant\n|-hitcount|p2: Mr. Redundant|1\n|-damage|p1a: The Capricious|46\/100|[from] item: Life Orb\n|\n|-weather|Sandstorm|[upkeep]\n|-damage|p1a: The Capricious|40\/100|[from] Sandstorm\n|upkeep\n|\n|t:|1698791401\n|switch|p2a: Cold Love|Mamoswine, F|26\/100\n|-damage|p2a: Cold Love|13\/100|[from] Stealth Rock\n|turn|37\n|\n|t:|1698791404\n|move|p1a: The Capricious|Water Shuriken|p2a: Cold Love\n|-supereffective|p2a: Cold Love\n|-damage|p2a: Cold Love|0 fnt\n|faint|p2a: Cold Love\n|-hitcount|p2: Cold Love|1\n|-damage|p1a: The Capricious|31\/100|[from] item: Life Orb\n|\n|win|Bug Maniac Swaggy\n","uploadtime":1698791409,"views":9,"p1id":"bugmaniacswaggy","p2id":"grundlegrimace","formatid":"gen9nationaldexubers","rating":0,"private":0,"password":""}