{"id":"gen9nationaldexubers-1997951482","p1":"Ash Ketchum344","p2":"Mshuten123","format":"[Gen 9] National Dex Ubers","log":"|j|\u2606Ash Ketchum344\n|j|\u2606Mshuten123\n|t:|1700871331\n|gametype|singles\n|player|p1|Ash Ketchum344|ash|1074\n|player|p2|Mshuten123|102|1179\n|teamsize|p1|6\n|teamsize|p2|6\n|gen|9\n|tier|[Gen 9] National Dex Ubers\n|rated|\n|rule|HP Percentage Mod: HP is shown in percentages\n|rule|Endless Battle Clause: Forcing endless battles is banned\n|rule|OHKO Clause: OHKO moves are banned\n|rule|Evasion Moves Clause: Evasion moves are banned\n|rule|Evasion Items Clause: Evasion items are banned\n|rule|Species Clause: Limit one of each Pok\u00e9mon\n|rule|Sleep Clause Mod: Limit one foe put to sleep\n|rule|Mega Rayquaza Clause: You cannot mega evolve Rayquaza\n|clearpoke\n|poke|p1|Lucario, M|\n|poke|p1|Dragonite, F|\n|poke|p1|Dracovish|\n|poke|p1|Gengar, M|\n|poke|p1|Sirfetch\u2019d, M|\n|poke|p1|Pikachu, F|\n|poke|p2|Venusaur, F|\n|poke|p2|Beautifly, F|\n|poke|p2|Gengar, M|\n|poke|p2|Espeon, F|\n|poke|p2|Rayquaza|\n|poke|p2|Gardevoir, F|\n|teampreview\n|inactive|Battle timer is ON: inactive players will automatically lose when time's up. (requested by Ash Ketchum344)\n|\n|t:|1700871352\n|start\n|switch|p1a: Pikachu|Pikachu, F|100\/100\n|switch|p2a: Gengar|Gengar, M|100\/100\n|turn|1\n|\n|t:|1700871362\n|move|p2a: Gengar|Shadow Ball|p1a: Pikachu\n|-damage|p1a: Pikachu|0 fnt\n|faint|p1a: Pikachu\n|\n|upkeep\n|\n|t:|1700871378\n|switch|p1a: Dracovish|Dracovish|100\/100\n|turn|2\n|\n|t:|1700871382\n|move|p1a: Dracovish|Fishious Rend|p2a: Gengar\n|-damage|p2a: Gengar|0 fnt\n|-start|p1a: Dracovish|Disable|Fishious Rend|[from] ability: Cursed Body|[of] p2a: Gengar\n|faint|p2a: Gengar\n|\n|upkeep\n|\n|t:|1700871389\n|switch|p2a: Rayquaza|Rayquaza|100\/100\n|-ability|p2a: Rayquaza|Air Lock\n|turn|3\n|\n|t:|1700871395\n|switch|p1a: Sirfetch\u2019d|Sirfetch\u2019d, M|100\/100\n|move|p2a: Rayquaza|Dragon Dance|p2a: Rayquaza\n|-boost|p2a: Rayquaza|atk|1\n|-boost|p2a: Rayquaza|spe|1\n|\n|upkeep\n|turn|4\n|\n|t:|1700871403\n|move|p2a: Rayquaza|Dragon Claw|p1a: Sirfetch\u2019d\n|-damage|p1a: Sirfetch\u2019d|14\/100\n|move|p1a: Sirfetch\u2019d|Brave Bird|p2a: Rayquaza\n|-damage|p2a: Rayquaza|28\/100\n|-damage|p1a: Sirfetch\u2019d|0 fnt|[from] Recoil\n|faint|p1a: Sirfetch\u2019d\n|\n|upkeep\n|\n|t:|1700871407\n|switch|p1a: Dragonite|Dragonite, F|100\/100\n|turn|5\n|\n|t:|1700871415\n|-terastallize|p1a: Dragonite|Normal\n|move|p1a: Dragonite|Extreme Speed|p2a: Rayquaza\n|-damage|p2a: Rayquaza|0 fnt\n|faint|p2a: Rayquaza\n|\n|upkeep\n|\n|t:|1700871426\n|switch|p2a: Venusaur|Venusaur, F|100\/100\n|turn|6\n|\n|t:|1700871436\n|detailschange|p2a: Venusaur|Venusaur-Mega, F\n|-mega|p2a: Venusaur|Venusaur|Venusaurite\n|move|p2a: Venusaur|Earthquake|p1a: Dragonite\n|-damage|p1a: Dragonite|87\/100\n|move|p1a: Dragonite|Fire Punch|p2a: Venusaur\n|-supereffective|p2a: Venusaur\n|-damage|p2a: Venusaur|76\/100\n|\n|upkeep\n|turn|7\n|\n|t:|1700871446\n|move|p2a: Venusaur|Earthquake|p1a: Dragonite\n|-damage|p1a: Dragonite|61\/100\n|move|p1a: Dragonite|Dragon Dance|p1a: Dragonite\n|-boost|p1a: Dragonite|atk|1\n|-boost|p1a: Dragonite|spe|1\n|\n|upkeep\n|turn|8\n|\n|t:|1700871454\n|move|p1a: Dragonite|Dragon Dance|p1a: Dragonite\n|-boost|p1a: Dragonite|atk|1\n|-boost|p1a: Dragonite|spe|1\n|move|p2a: Venusaur|Earthquake|p1a: Dragonite\n|-damage|p1a: Dragonite|33\/100\n|\n|upkeep\n|turn|9\n|\n|t:|1700871462\n|move|p1a: Dragonite|Extreme Speed|p2a: Venusaur\n|-damage|p2a: Venusaur|0 fnt\n|faint|p2a: Venusaur\n|\n|upkeep\n|\n|t:|1700871467\n|switch|p2a: Gardevoir|Gardevoir, F|100\/100\n|-ability|p2a: Gardevoir|Multiscale|[from] ability: Trace|[of] p1a: Dragonite\n|turn|10\n|\n|t:|1700871473\n|move|p1a: Dragonite|Extreme Speed|p2a: Gardevoir\n|-damage|p2a: Gardevoir|25\/100\n|move|p2a: Gardevoir|Moonblast|p1a: Dragonite\n|-damage|p1a: Dragonite|0 fnt\n|faint|p1a: Dragonite\n|\n|upkeep\n|\n|t:|1700871482\n|switch|p1a: Dracovish|Dracovish|100\/100\n|turn|11\n|\n|t:|1700871486\n|move|p2a: Gardevoir|Moonblast|p1a: Dracovish\n|-supereffective|p1a: Dracovish\n|-crit|p1a: Dracovish\n|-damage|p1a: Dracovish|0 fnt\n|faint|p1a: Dracovish\n|\n|upkeep\n|\n|t:|1700871492\n|switch|p1a: Lucario|Lucario, M|100\/100\n|turn|12\n|\n|t:|1700871496\n|detailschange|p1a: Lucario|Lucario-Mega, M\n|-mega|p1a: Lucario|Lucario|Lucarionite\n|move|p1a: Lucario|Bullet Punch|p2a: Gardevoir\n|-supereffective|p2a: Gardevoir\n|-damage|p2a: Gardevoir|0 fnt\n|faint|p2a: Gardevoir\n|\n|upkeep\n|\n|t:|1700871507\n|switch|p2a: Beautifly|Beautifly, F|100\/100\n|turn|13\n|\n|t:|1700871514\n|move|p1a: Lucario|Bulk Up|p1a: Lucario\n|-boost|p1a: Lucario|atk|1\n|-boost|p1a: Lucario|def|1\n|move|p2a: Beautifly|Air Cutter|p1a: Lucario\n|-damage|p1a: Lucario|52\/100\n|\n|upkeep\n|turn|14\n|\n|t:|1700871521\n|move|p1a: Lucario|Ice Punch|p2a: Beautifly\n|-supereffective|p2a: Beautifly\n|-damage|p2a: Beautifly|0 fnt\n|faint|p2a: Beautifly\n|\n|upkeep\n|\n|t:|1700871527\n|switch|p2a: Espeon|Espeon, F|100\/100\n|turn|15\n|\n|t:|1700871533\n|move|p1a: Lucario|Close Combat|p2a: Espeon\n|-resisted|p2a: Espeon\n|-damage|p2a: Espeon|0 fnt\n|-unboost|p1a: Lucario|def|1\n|-unboost|p1a: Lucario|spd|1\n|faint|p2a: Espeon\n|\n|win|Ash Ketchum344\n|raw|Ash Ketchum344's rating: 1074 &rarr; <strong>1111<\/strong><br \/>(+37 for winning)\n|raw|Mshuten123's rating: 1179 &rarr; <strong>1147<\/strong><br \/>(-32 for losing)\n","uploadtime":1700871542,"views":1,"p1id":"ashketchum344","p2id":"mshuten123","formatid":"gen9nationaldexubers","rating":1111,"private":0,"password":""}