{"id":"gen9nationaldexubers-1993310027","p1":"Jothis","p2":"KavinKM7","format":"[Gen 9] National Dex Ubers","log":"|j|\u2606Jothis\n|j|\u2606KavinKM7\n|t:|1700295438\n|gametype|singles\n|player|p1|Jothis|palmer|\n|player|p2|KavinKM7|2|\n|teamsize|p1|6\n|teamsize|p2|6\n|gen|9\n|tier|[Gen 9] National Dex Ubers\n|rule|HP Percentage Mod: HP is shown in percentages\n|rule|Endless Battle Clause: Forcing endless battles is banned\n|rule|OHKO Clause: OHKO moves are banned\n|rule|Evasion Moves Clause: Evasion moves are banned\n|rule|Evasion Items Clause: Evasion items are banned\n|rule|Species Clause: Limit one of each Pok\u00e9mon\n|rule|Sleep Clause Mod: Limit one foe put to sleep\n|rule|Mega Rayquaza Clause: You cannot mega evolve Rayquaza\n|clearpoke\n|poke|p1|Palkia-Origin|\n|poke|p1|Glimmora, M|\n|poke|p1|Arceus-Ghost|\n|poke|p1|Darmanitan-Galar, F|\n|poke|p1|Ogerpon-Hearthflame, F|\n|poke|p1|Zacian-*|\n|poke|p2|Kartana|\n|poke|p2|Blaziken, F|\n|poke|p2|Lunala|\n|poke|p2|Landorus-Therian, M|\n|poke|p2|Togekiss, F|\n|poke|p2|Deoxys-Attack|\n|teampreview\n|inactive|Battle timer is ON: inactive players will automatically lose when time's up. (requested by Jothis)\n|\n|t:|1700295449\n|start\n|switch|p1a: Darmanitan|Darmanitan-Galar, F, shiny|100\/100\n|switch|p2a: Lunala|Lunala, shiny|100\/100\n|turn|1\n|\n|t:|1700295456\n|move|p1a: Darmanitan|Icicle Crash|p2a: Lunala\n|-damage|p2a: Lunala|67\/100\n|cant|p2a: Lunala|flinch\n|\n|upkeep\n|turn|2\n|\n|t:|1700295461\n|move|p1a: Darmanitan|Icicle Crash|p2a: Lunala\n|-damage|p2a: Lunala|8\/100\n|move|p2a: Lunala|Moongeist Beam|p1a: Darmanitan\n|-damage|p1a: Darmanitan|0 fnt\n|faint|p1a: Darmanitan\n|-damage|p2a: Lunala|0 fnt|[from] item: Life Orb\n|faint|p2a: Lunala\n|\n|upkeep\n|\n|t:|1700295482\n|switch|p2a: Blaziken|Blaziken, F|100\/100\n|switch|p1a: Glimmora|Glimmora, M|100\/100\n|turn|3\n|\n|t:|1700295505\n|detailschange|p2a: Blaziken|Blaziken-Mega, F\n|-mega|p2a: Blaziken|Blaziken|Blazikenite\n|move|p2a: Blaziken|Earthquake|p1a: Glimmora\n|-supereffective|p1a: Glimmora\n|-enditem|p1a: Glimmora|Focus Sash\n|-damage|p1a: Glimmora|1\/100\n|-activate|p1a: Glimmora|ability: Toxic Debris\n|-sidestart|p2: KavinKM7|move: Toxic Spikes\n|move|p1a: Glimmora|Stealth Rock|p2a: Blaziken\n|-sidestart|p2: KavinKM7|move: Stealth Rock\n|\n|-ability|p2a: Blaziken|Speed Boost|boost\n|-boost|p2a: Blaziken|spe|1\n|upkeep\n|turn|4\n|\n|t:|1700295513\n|-terastallize|p1a: Glimmora|Flying\n|move|p2a: Blaziken|Earthquake|p1a: Glimmora\n|-immune|p1a: Glimmora\n|move|p1a: Glimmora|Power Gem|p2a: Blaziken\n|-damage|p2a: Blaziken|51\/100\n|\n|-ability|p2a: Blaziken|Speed Boost|boost\n|-boost|p2a: Blaziken|spe|1\n|upkeep\n|turn|5\n|\n|t:|1700295521\n|move|p2a: Blaziken|Blaze Kick|p1a: Glimmora\n|-damage|p1a: Glimmora|0 fnt\n|-activate|p1a: Glimmora|ability: Toxic Debris\n|-sidestart|p2: KavinKM7|move: Toxic Spikes\n|faint|p1a: Glimmora\n|\n|-ability|p2a: Blaziken|Speed Boost|boost\n|-boost|p2a: Blaziken|spe|1\n|upkeep\n|\n|t:|1700295526\n|switch|p1a: Arceus|Arceus-Ghost|100\/100\n|turn|6\n|\n|t:|1700295533\n|move|p2a: Blaziken|Protect|p2a: Blaziken\n|-singleturn|p2a: Blaziken|Protect\n|move|p1a: Arceus|Judgment|p2a: Blaziken\n|-activate|p2a: Blaziken|move: Protect\n|\n|-ability|p2a: Blaziken|Speed Boost|boost\n|-boost|p2a: Blaziken|spe|1\n|upkeep\n|turn|7\n|\n|t:|1700295536\n|move|p2a: Blaziken|Blaze Kick|p1a: Arceus\n|-damage|p1a: Arceus|61\/100\n|move|p1a: Arceus|Judgment|p2a: Blaziken\n|-damage|p2a: Blaziken|0 fnt\n|faint|p2a: Blaziken\n|\n|upkeep\n|\n|t:|1700295543\n|switch|p2a: Togekiss|Togekiss, F|100\/100\n|-damage|p2a: Togekiss|76\/100|[from] Stealth Rock\n|turn|8\n|\n|t:|1700295551\n|move|p2a: Togekiss|Defog|p1a: Arceus\n|-unboost|p1a: Arceus|evasion|1\n|-sideend|p2: KavinKM7|Toxic Spikes|[from] move: Defog|[of] p2a: Togekiss\n|-sideend|p2: KavinKM7|Stealth Rock|[from] move: Defog|[of] p2a: Togekiss\n|move|p1a: Arceus|Judgment|p2a: Togekiss\n|-damage|p2a: Togekiss|7\/100\n|\n|upkeep\n|turn|9\n|\n|t:|1700295559\n|move|p2a: Togekiss|Draining Kiss|p1a: Arceus\n|-damage|p1a: Arceus|39\/100\n|-heal|p2a: Togekiss|30\/100|[from] drain|[of] p1a: Arceus\n|-damage|p2a: Togekiss|20\/100|[from] item: Life Orb\n|move|p1a: Arceus|Judgment|p2a: Togekiss\n|-damage|p2a: Togekiss|0 fnt\n|faint|p2a: Togekiss\n|\n|upkeep\n|\n|t:|1700295564\n|switch|p2a: Kartana|Kartana, shiny|100\/100\n|turn|10\n|\n|t:|1700295570\n|-terastallize|p2a: Kartana|Grass\n|move|p2a: Kartana|Leaf Blade|p1a: Arceus\n|-crit|p1a: Arceus\n|-damage|p1a: Arceus|0 fnt\n|faint|p1a: Arceus\n|-ability|p2a: Kartana|Beast Boost|boost\n|-boost|p2a: Kartana|atk|1\n|\n|upkeep\n|\n|t:|1700295575\n|switch|p1a: Ogerpon|Ogerpon-Hearthflame, F|100\/100\n|-ability|p1a: Ogerpon|Mold Breaker\n|turn|11\n|\n|t:|1700295589\n|move|p1a: Ogerpon|Ivy Cudgel|p2a: Kartana|[anim] Ivy Cudgel Fire\n|-supereffective|p2a: Kartana\n|-enditem|p2a: Kartana|Focus Sash\n|-damage|p2a: Kartana|1\/100\n|move|p2a: Kartana|Sacred Sword|p1a: Ogerpon\n|-damage|p1a: Ogerpon|27\/100\n|\n|upkeep\n|turn|12\n|\n|t:|1700295599\n|move|p1a: Ogerpon|Trailblaze|p2a: Kartana\n|-resisted|p2a: Kartana\n|-damage|p2a: Kartana|0 fnt\n|-boost|p1a: Ogerpon|spe|1\n|faint|p2a: Kartana\n|\n|upkeep\n|\n|t:|1700295603\n|switch|p2a: Deoxys|Deoxys-Attack|100\/100\n|-ability|p2a: Deoxys|Pressure\n|turn|13\n|\n|t:|1700295610\n|move|p1a: Ogerpon|Ivy Cudgel|p2a: Deoxys|[anim] Ivy Cudgel Fire\n|-enditem|p2a: Deoxys|Focus Sash\n|-damage|p2a: Deoxys|1\/100\n|move|p2a: Deoxys|Stomping Tantrum|p1a: Ogerpon\n|-damage|p1a: Ogerpon|0 fnt\n|faint|p1a: Ogerpon\n|\n|upkeep\n|\n|t:|1700295617\n|switch|p1a: Palkia|Palkia-Origin|100\/100\n|-ability|p1a: Palkia|Pressure\n|turn|14\n|\n|t:|1700295624\n|move|p2a: Deoxys|Ice Punch|p1a: Palkia\n|-damage|p1a: Palkia|68\/100\n|-status|p1a: Palkia|frz\n|cant|p1a: Palkia|frz\n|\n|upkeep\n|turn|15\n|\n|t:|1700295640\n|move|p2a: Deoxys|Ice Punch|p1a: Palkia\n|-damage|p1a: Palkia|30\/100 frz\n|cant|p1a: Palkia|frz\n|\n|upkeep\n|turn|16\n|\n|t:|1700295659\n|switch|p1a: Zacian|Zacian-Crowned, shiny|100\/100\n|-ability|p1a: Zacian|Intrepid Sword|boost\n|-boost|p1a: Zacian|atk|1\n|move|p2a: Deoxys|Ice Punch|p1a: Zacian\n|-resisted|p1a: Zacian\n|-damage|p1a: Zacian|85\/100\n|\n|upkeep\n|turn|17\n|\n|t:|1700295667\n|move|p2a: Deoxys|Stomping Tantrum|p1a: Zacian\n|-supereffective|p1a: Zacian\n|-damage|p1a: Zacian|20\/100\n|move|p1a: Zacian|Behemoth Blade|p2a: Deoxys\n|-damage|p2a: Deoxys|0 fnt\n|faint|p2a: Deoxys\n|\n|upkeep\n|\n|t:|1700295670\n|switch|p2a: Landorus|Landorus-Therian, M|100\/100\n|-ability|p2a: Landorus|Intimidate|boost\n|-unboost|p1a: Zacian|atk|1\n|turn|18\n|\n|t:|1700295681\n|move|p1a: Zacian|Play Rough|p2a: Landorus\n|-damage|p2a: Landorus|42\/100\n|move|p2a: Landorus|Earthquake|p1a: Zacian\n|-supereffective|p1a: Zacian\n|-damage|p1a: Zacian|0 fnt\n|faint|p1a: Zacian\n|-damage|p2a: Landorus|32\/100|[from] item: Life Orb\n|\n|upkeep\n|\n|t:|1700295684\n|switch|p1a: Palkia|Palkia-Origin|30\/100 frz\n|-ability|p1a: Palkia|Pressure\n|turn|19\n|\n|t:|1700295688\n|-curestatus|p1a: Palkia|frz|[msg]\n|move|p1a: Palkia|Hydro Pump|p2a: Landorus\n|-supereffective|p2a: Landorus\n|-damage|p2a: Landorus|0 fnt\n|faint|p2a: Landorus\n|\n|win|Jothis\n|l|\u2606Jothis\n|l|\u2606KavinKM7\n|j|\u2606Jothis\n|player|p1|Jothis|palmer\n","uploadtime":1700295701,"views":7,"p1id":"jothis","p2id":"kavinkm7","formatid":"gen9nationaldexubers","rating":0,"private":0,"password":""}