{"id":"gen9nationaldexubers-1986821814","p1":"Walter black 0000","p2":"Szymszym134","format":"[Gen 9] National Dex Ubers","log":"|j|\u2606Walter black 0000\n|j|\u2606Szymszym134\n|t:|1699530246\n|gametype|singles\n|player|p1|Walter black 0000|lance-gen2|1748\n|player|p2|Szymszym134|elesa|1637\n|teamsize|p1|6\n|teamsize|p2|6\n|gen|9\n|tier|[Gen 9] National Dex Ubers\n|rated|\n|rule|HP Percentage Mod: HP is shown in percentages\n|rule|Endless Battle Clause: Forcing endless battles is banned\n|rule|OHKO Clause: OHKO moves are banned\n|rule|Evasion Moves Clause: Evasion moves are banned\n|rule|Evasion Items Clause: Evasion items are banned\n|rule|Species Clause: Limit one of each Pok\u00e9mon\n|rule|Sleep Clause Mod: Limit one foe put to sleep\n|rule|Mega Rayquaza Clause: You cannot mega evolve Rayquaza\n|clearpoke\n|poke|p1|Ditto|\n|poke|p1|Kyogre|\n|poke|p1|Giratina-Origin|\n|poke|p1|Arceus-Dark|\n|poke|p1|Necrozma-Dusk-Mane|\n|poke|p1|Kyurem-Black|\n|poke|p2|Mewtwo|\n|poke|p2|Kingambit, F|\n|poke|p2|Garganacl, F|\n|poke|p2|Arceus-Ground|\n|poke|p2|Ditto|\n|poke|p2|Kyurem-Black|\n|teampreview\n|inactive|Battle timer is ON: inactive players will automatically lose when time's up. (requested by Szymszym134)\n|inactive|Walter black 0000 also wants the timer to be on.\n|\n|t:|1699530256\n|start\n|switch|p1a: Kyogre|Kyogre|100\/100\n|switch|p2a: Arceus|Arceus-Ground|100\/100\n|-weather|RainDance|[from] ability: Drizzle|[of] p1a: Kyogre\n|turn|1\n|\n|t:|1699530262\n|-terastallize|p2a: Arceus|Water\n|move|p1a: Kyogre|Water Spout|p2a: Arceus\n|-resisted|p2a: Arceus\n|-damage|p2a: Arceus|55\/100\n|move|p2a: Arceus|Toxic|p1a: Kyogre\n|-status|p1a: Kyogre|tox\n|\n|-weather|RainDance|[upkeep]\n|-damage|p1a: Kyogre|94\/100 tox|[from] psn\n|upkeep\n|turn|2\n|\n|t:|1699530269\n|switch|p1a: Arceus|Arceus-Dark|100\/100\n|move|p2a: Arceus|Recover|p2a: Arceus\n|-heal|p2a: Arceus|100\/100\n|\n|-weather|RainDance|[upkeep]\n|upkeep\n|turn|3\n|\n|t:|1699530272\n|move|p1a: Arceus|Taunt|p2a: Arceus\n|-start|p2a: Arceus|move: Taunt\n|move|p2a: Arceus|Judgment|p1a: Arceus\n|-damage|p1a: Arceus|71\/100\n|\n|-weather|RainDance|[upkeep]\n|upkeep\n|turn|4\n|\n|t:|1699530280\n|switch|p1a: Necrozma|Necrozma-Dusk-Mane|100\/100\n|switch|p2a: Garganacl|Garganacl, F|100\/100\n|\n|-weather|RainDance|[upkeep]\n|upkeep\n|turn|5\n|\n|t:|1699530284\n|move|p1a: Necrozma|Stealth Rock|p2a: Garganacl\n|-sidestart|p2: Szymszym134|move: Stealth Rock\n|move|p2a: Garganacl|Salt Cure|p1a: Necrozma\n|-resisted|p1a: Necrozma\n|-damage|p1a: Necrozma|95\/100\n|-start|p1a: Necrozma|Salt Cure\n|\n|-weather|none\n|-damage|p1a: Necrozma|70\/100|[from] Salt Cure\n|upkeep\n|turn|6\n|\n|t:|1699530287\n|detailschange|p1a: Necrozma|Necrozma-Ultra\n|-burst|p1a: Necrozma|Necrozma|Ultranecrozium Z\n|move|p1a: Necrozma|Earth Power|p2a: Garganacl\n|-supereffective|p2a: Garganacl\n|-damage|p2a: Garganacl|19\/100\n|move|p2a: Garganacl|Salt Cure|p1a: Necrozma\n|-damage|p1a: Necrozma|55\/100\n|\n|-heal|p2a: Garganacl|25\/100|[from] item: Leftovers\n|-damage|p1a: Necrozma|42\/100|[from] Salt Cure\n|upkeep\n|turn|7\n|\n|t:|1699530298\n|move|p1a: Necrozma|Dragon Pulse|p2a: Garganacl\n|-damage|p2a: Garganacl|0 fnt\n|faint|p2a: Garganacl\n|\n|-damage|p1a: Necrozma|30\/100|[from] Salt Cure\n|upkeep\n|\n|t:|1699530316\n|switch|p2a: Mewtwo|Mewtwo|100\/100\n|-ability|p2a: Mewtwo|Unnerve\n|-damage|p2a: Mewtwo|88\/100|[from] Stealth Rock\n|turn|8\n|\n|t:|1699530324\n|switch|p1a: Arceus|Arceus-Dark|71\/100\n|detailschange|p2a: Mewtwo|Mewtwo-Mega-Y\n|-mega|p2a: Mewtwo|Mewtwo|Mewtwonite Y\n|move|p2a: Mewtwo|Ice Beam|p1a: Arceus\n|-damage|p1a: Arceus|44\/100\n|\n|upkeep\n|turn|9\n|\n|t:|1699530338\n|switch|p2a: Arceus|Arceus-Ground, tera:Water|100\/100\n|-damage|p2a: Arceus|88\/100|[from] Stealth Rock\n|move|p1a: Arceus|Recover|p1a: Arceus\n|-heal|p1a: Arceus|94\/100\n|\n|upkeep\n|turn|10\n|\n|t:|1699530341\n|move|p1a: Arceus|Taunt|p2a: Arceus\n|-start|p2a: Arceus|move: Taunt\n|cant|p2a: Arceus|move: Taunt|Defog\n|\n|upkeep\n|turn|11\n|\n|t:|1699530342\n|move|p1a: Arceus|Toxic|p2a: Arceus\n|-status|p2a: Arceus|tox\n|move|p2a: Arceus|Judgment|p1a: Arceus\n|-damage|p1a: Arceus|61\/100\n|\n|-damage|p2a: Arceus|82\/100 tox|[from] psn\n|upkeep\n|turn|12\n|\n|t:|1699530347\n|move|p1a: Arceus|Recover|p1a: Arceus\n|-heal|p1a: Arceus|100\/100\n|move|p2a: Arceus|Judgment|p1a: Arceus\n|-damage|p1a: Arceus|66\/100\n|\n|-damage|p2a: Arceus|70\/100 tox|[from] psn\n|-end|p2a: Arceus|move: Taunt\n|upkeep\n|turn|13\n|\n|t:|1699530364\n|switch|p2a: Ditto|Ditto|100\/100\n|-damage|p2a: Ditto|88\/100|[from] Stealth Rock\n|-transform|p2a: Ditto|p1a: Arceus|[from] ability: Imposter\n|move|p1a: Arceus|Taunt|p2a: Ditto\n|-start|p2a: Ditto|move: Taunt\n|\n|upkeep\n|turn|14\n|\n|t:|1699530366\n|move|p2a: Ditto|Foul Play|p1a: Arceus\n|-resisted|p1a: Arceus\n|-damage|p1a: Arceus|57\/100\n|move|p1a: Arceus|Toxic|p2a: Ditto\n|-status|p2a: Ditto|tox\n|\n|-damage|p2a: Ditto|82\/100 tox|[from] psn\n|upkeep\n|turn|15\n|\n|t:|1699530371\n|switch|p2a: Kingambit|Kingambit, F|100\/100\n|-damage|p2a: Kingambit|94\/100|[from] Stealth Rock\n|-activate|p2a: Kingambit|ability: Supreme Overlord\n|-start|p2a: Kingambit|fallen1|[silent]\n|move|p1a: Arceus|Recover|p1a: Arceus\n|-heal|p1a: Arceus|100\/100\n|\n|upkeep\n|turn|16\n|\n|t:|1699530377\n|move|p1a: Arceus|Foul Play|p2a: Kingambit\n|-resisted|p2a: Kingambit\n|-damage|p2a: Kingambit|72\/100\n|move|p2a: Kingambit|Iron Head|p1a: Arceus\n|-damage|p1a: Arceus|69\/100\n|\n|upkeep\n|turn|17\n|\n|t:|1699530382\n|move|p1a: Arceus|Foul Play|p2a: Kingambit\n|-resisted|p2a: Kingambit\n|-damage|p2a: Kingambit|47\/100\n|move|p2a: Kingambit|Iron Head|p1a: Arceus\n|-crit|p1a: Arceus\n|-damage|p1a: Arceus|15\/100\n|\n|upkeep\n|turn|18\n|\n|t:|1699530388\n|move|p1a: Arceus|Recover|p1a: Arceus\n|-heal|p1a: Arceus|65\/100\n|move|p2a: Kingambit|Iron Head|p1a: Arceus\n|-damage|p1a: Arceus|31\/100\n|\n|upkeep\n|turn|19\n|\n|t:|1699530391\n|move|p1a: Arceus|Recover|p1a: Arceus\n|-heal|p1a: Arceus|81\/100\n|move|p2a: Kingambit|Iron Head|p1a: Arceus\n|-damage|p1a: Arceus|44\/100\n|\n|upkeep\n|turn|20\n|\n|t:|1699530400\n|move|p1a: Arceus|Recover|p1a: Arceus\n|-heal|p1a: Arceus|94\/100\n|move|p2a: Kingambit|Iron Head|p1a: Arceus\n|-damage|p1a: Arceus|59\/100\n|\n|upkeep\n|turn|21\n|\n|t:|1699530405\n|move|p1a: Arceus|Foul Play|p2a: Kingambit\n|-resisted|p2a: Kingambit\n|-damage|p2a: Kingambit|21\/100\n|move|p2a: Kingambit|Iron Head|p1a: Arceus\n|-damage|p1a: Arceus|23\/100\n|\n|upkeep\n|turn|22\n|\n|t:|1699530410\n|move|p1a: Arceus|Recover|p1a: Arceus\n|-heal|p1a: Arceus|73\/100\n|move|p2a: Kingambit|Iron Head|p1a: Arceus\n|-damage|p1a: Arceus|39\/100\n|\n|upkeep\n|turn|23\n|\n|t:|1699530415\n|move|p1a: Arceus|Foul Play|p2a: Kingambit\n|-resisted|p2a: Kingambit\n|-damage|p2a: Kingambit|0 fnt\n|faint|p2a: Kingambit\n|-end|p2a: Kingambit|fallen1|[silent]\n|\n|upkeep\n|\n|t:|1699530419\n|switch|p2a: Kyurem|Kyurem-Black|100\/100\n|-damage|p2a: Kyurem|76\/100|[from] Stealth Rock\n|-ability|p2a: Kyurem|Teravolt\n|turn|24\n|\n|t:|1699530426\n|move|p1a: Arceus|Foul Play|p2a: Kyurem\n|-damage|p2a: Kyurem|7\/100\n|move|p2a: Kyurem|Substitute|p2a: Kyurem\n|-fail|p2a: Kyurem|move: Substitute|[weak]\n|\n|upkeep\n|turn|25\n|-message|Szymszym134 forfeited.\n|\n|win|Walter black 0000\n|raw|Walter black 0000's rating: 1748 &rarr; <strong>1762<\/strong><br \/>(+14 for winning)\n|raw|Szymszym134's rating: 1637 &rarr; <strong>1623<\/strong><br \/>(-14 for losing)\n|l|\u2606Szymszym134\n|l|\u2606Walter black 0000\n","uploadtime":1699530436,"views":17,"p1id":"walterblack0000","p2id":"szymszym134","formatid":"gen9nationaldexubers","rating":1623,"private":0,"password":""}