{"id":"gen9nationaldexubers-1996205685","p1":"olivia rodrig","p2":"TheReal00pyu","format":"[Gen 9] National Dex Ubers","log":"|j|\u2606olivia rodrig\n|j|\u2606TheReal00pyu\n|t:|1700658982\n|gametype|singles\n|player|p1|olivia rodrig|lady|1039\n|player|p2|TheReal00pyu|iris|1022\n|teamsize|p1|6\n|teamsize|p2|2\n|gen|9\n|tier|[Gen 9] National Dex Ubers\n|rated|\n|rule|HP Percentage Mod: HP is shown in percentages\n|rule|Endless Battle Clause: Forcing endless battles is banned\n|rule|OHKO Clause: OHKO moves are banned\n|rule|Evasion Moves Clause: Evasion moves are banned\n|rule|Evasion Items Clause: Evasion items are banned\n|rule|Species Clause: Limit one of each Pok\u00e9mon\n|rule|Sleep Clause Mod: Limit one foe put to sleep\n|rule|Mega Rayquaza Clause: You cannot mega evolve Rayquaza\n|clearpoke\n|poke|p1|Murkrow, F|\n|poke|p1|Gothorita, F|\n|poke|p1|Zamazenta-*|\n|poke|p1|Alcremie-Ruby-Swirl, F|\n|poke|p1|Palkia-Origin|\n|poke|p1|Giratina-Origin|\n|poke|p2|Ribombee, F|\n|poke|p2|Smeargle, M|\n|teampreview\n|inactive|Battle timer is ON: inactive players will automatically lose when time's up. (requested by TheReal00pyu)\n|\n|t:|1700659005\n|start\n|switch|p1a: Murkrow|Murkrow, F|100\/100\n|switch|p2a: Ribombee|Ribombee, F|100\/100\n|turn|1\n|\n|t:|1700659023\n|move|p1a: Murkrow|Toxic|p2a: Ribombee\n|-status|p2a: Ribombee|tox\n|move|p2a: Ribombee|Sticky Web|p1a: Murkrow\n|-sidestart|p1: olivia rodrig|move: Sticky Web\n|\n|-damage|p2a: Ribombee|94\/100 tox|[from] psn\n|upkeep\n|turn|2\n|\n|t:|1700659031\n|move|p1a: Murkrow|Perish Song|p1a: Murkrow\n|-start|p1a: Murkrow|perish3|[silent]\n|-start|p2a: Ribombee|perish3|[silent]\n|-fieldactivate|move: Perish Song\n|move|p2a: Ribombee|Stun Spore|p1a: Murkrow\n|-status|p1a: Murkrow|par\n|\n|-damage|p2a: Ribombee|82\/100 tox|[from] psn\n|-start|p2a: Ribombee|perish3\n|-start|p1a: Murkrow|perish3\n|upkeep\n|turn|3\n|\n|t:|1700659040\n|switch|p1a: Gothorita|Gothorita, F|100\/100\n|-activate|p1a: Gothorita|move: Sticky Web\n|-unboost|p1a: Gothorita|spe|1\n|move|p2a: Ribombee|Infestation|p1a: Gothorita\n|-supereffective|p1a: Gothorita\n|-damage|p1a: Gothorita|86\/100\n|-activate|p1a: Gothorita|move: Infestation|[of] p2a: Ribombee\n|\n|-damage|p2a: Ribombee|64\/100 tox|[from] psn\n|-damage|p1a: Gothorita|74\/100|[from] move: Infestation|[partiallytrapped]\n|-start|p2a: Ribombee|perish2\n|upkeep\n|turn|4\n|c|\u2606olivia rodrig|!dt shadow tag\n|raw|<ul class=\"utilichart\"><li class=\"result\"><span class=\"col namecol\"><a href=\"https:\/\/dex.pokemonshowdown.com\/abilities\/shadowtag\">Shadow Tag<\/a><\/span> <span class=\"col abilitydesccol\">Prevents foes from choosing to switch unless they also have this Ability.<\/span> <\/li><li style=\"clear:both\"><\/li><\/ul>\n|raw|<font size=\"1\"><font color=\"#686868\">Gen:<\/font> 3<\/font>\n\n|\n|t:|1700659062\n|move|p1a: Gothorita|Protect|p1a: Gothorita\n|-singleturn|p1a: Gothorita|Protect\n|move|p2a: Ribombee|Stun Spore|p1a: Gothorita\n|-activate|p1a: Gothorita|move: Protect\n|\n|-damage|p2a: Ribombee|39\/100 tox|[from] psn\n|-damage|p1a: Gothorita|61\/100|[from] move: Infestation|[partiallytrapped]\n|-start|p2a: Ribombee|perish1\n|upkeep\n|turn|5\n|\n|t:|1700659076\n|move|p1a: Gothorita|Protect|p1a: Gothorita\n|-singleturn|p1a: Gothorita|Protect\n|move|p2a: Ribombee|Stun Spore|p1a: Gothorita\n|-activate|p1a: Gothorita|move: Protect\n|\n|-damage|p2a: Ribombee|9\/100 tox|[from] psn\n|-damage|p1a: Gothorita|49\/100|[from] move: Infestation|[partiallytrapped]\n|-start|p2a: Ribombee|perish0\n|faint|p2a: Ribombee\n|upkeep\n|\n|t:|1700659084\n|switch|p2a: Smeargle|Smeargle, M, shiny|100\/100\n|turn|6\n|\n|t:|1700659093\n|switch|p1a: Murkrow|Murkrow, F|100\/100 par\n|-terastallize|p2a: Smeargle|Steel\n|move|p2a: Smeargle|Substitute|p2a: Smeargle\n|-start|p2a: Smeargle|Substitute\n|-damage|p2a: Smeargle|76\/100\n|\n|-heal|p2a: Smeargle|82\/100|[from] item: Leftovers\n|-ability|p2a: Smeargle|Moody|boost\n|-boost|p2a: Smeargle|spa|2\n|-unboost|p2a: Smeargle|def|1\n|upkeep\n|turn|7\n|\n|t:|1700659106\n|cant|p1a: Murkrow|par\n|move|p2a: Smeargle|Oblivion Wing|p1a: Murkrow\n|-crit|p1a: Murkrow\n|-damage|p1a: Murkrow|73\/100 par\n|-heal|p2a: Smeargle|100\/100|[from] drain|[of] p1a: Murkrow\n|\n|-ability|p2a: Smeargle|Moody|boost\n|-boost|p2a: Smeargle|atk|2\n|-unboost|p2a: Smeargle|spe|1\n|upkeep\n|turn|8\n|c|\u2606olivia rodrig|gg ez\n|\n|t:|1700659121\n|move|p1a: Murkrow|Perish Song|p1a: Murkrow\n|-start|p1a: Murkrow|perish3|[silent]\n|-start|p2a: Smeargle|perish3|[silent]\n|-fieldactivate|move: Perish Song\n|move|p2a: Smeargle|Oblivion Wing|p1a: Murkrow\n|-damage|p1a: Murkrow|53\/100 par\n|\n|-start|p2a: Smeargle|perish3\n|-start|p1a: Murkrow|perish3\n|-ability|p2a: Smeargle|Moody|boost\n|-boost|p2a: Smeargle|def|2\n|-unboost|p2a: Smeargle|spa|1\n|upkeep\n|turn|9\n|-message|TheReal00pyu forfeited.\n|\n|win|olivia rodrig\n|raw|olivia rodrig's rating: 1039 &rarr; <strong>1071<\/strong><br \/>(+32 for winning)\n|raw|TheReal00pyu's rating: 1022 &rarr; <strong>1009<\/strong><br \/>(-13 for losing)\n|l|\u2606TheReal00pyu\n","uploadtime":1700659170,"views":0,"p1id":"oliviarodrig","p2id":"thereal00pyu","formatid":"gen9nationaldexubers","rating":1009,"private":0,"password":""}