{"id":"gen9nationaldexubers-1979170919","p1":"StanchYeti","p2":"applesaucem13","format":"[Gen 9] National Dex Ubers","log":"|j|\u2606StanchYeti\n|j|\u2606applesaucem13\n|t:|1698643356\n|gametype|singles\n|player|p1|StanchYeti|wallace|\n|player|p2|applesaucem13|nate|\n|teamsize|p1|6\n|teamsize|p2|6\n|gen|9\n|tier|[Gen 9] National Dex Ubers\n|rule|HP Percentage Mod: HP is shown in percentages\n|rule|Endless Battle Clause: Forcing endless battles is banned\n|rule|OHKO Clause: OHKO moves are banned\n|rule|Evasion Moves Clause: Evasion moves are banned\n|rule|Evasion Items Clause: Evasion items are banned\n|rule|Species Clause: Limit one of each Pok\u00e9mon\n|rule|Sleep Clause Mod: Limit one foe put to sleep\n|rule|Mega Rayquaza Clause: You cannot mega evolve Rayquaza\n|clearpoke\n|poke|p1|Torkoal, M|\n|poke|p1|Heatran, M|\n|poke|p1|Samurott-Hisui, F|\n|poke|p1|Ogerpon, F|\n|poke|p1|Cacturne, M|\n|poke|p1|Pidgeot, M|\n|poke|p2|Slither Wing|\n|poke|p2|Arcanine, F|\n|poke|p2|Toxtricity, M|\n|poke|p2|Ursaluna-Bloodmoon, M|\n|poke|p2|Palafin, F|\n|poke|p2|Roserade, F|\n|teampreview\n|j| Big Old Wang\n|j| SaintZoroark\n|\n|t:|1698643392\n|start\n|switch|p1a: Korra|Samurott-Hisui, F, shiny|100\/100\n|switch|p2a: Palafin|Palafin, F|100\/100\n|turn|1\n|\n|t:|1698643402\n|switch|p1a: Sokka|Cacturne, M|100\/100\n|move|p2a: Palafin|Flip Turn|p1a: Sokka\n|-immune|p1a: Sokka|[from] ability: Water Absorb\n|\n|upkeep\n|turn|2\n|c| Big Old Wang|The way I see it, kyogre is surrounded. What's under the ocean? That's right, more earth.\n|\n|t:|1698643421\n|detailschange|p2a: Palafin|Palafin-Hero, F\n|switch|p2a: Arcanine|Arcanine, F|100\/100\n|-ability|p2a: Arcanine|Intimidate|boost\n|-unboost|p1a: Sokka|atk|1\n|move|p1a: Sokka|Energy Ball|p2a: Arcanine\n|-resisted|p2a: Arcanine\n|-damage|p2a: Arcanine|86\/100\n|\n|upkeep\n|turn|3\n|\n|t:|1698643450\n|switch|p1a: Ozai|Heatran, M|100\/100\n|-terastallize|p2a: Arcanine|Ground\n|move|p2a: Arcanine|Tera Blast|p1a: Ozai|[anim] Tera Blast Ground\n|-supereffective|p1a: Ozai\n|-damage|p1a: Ozai|0 fnt\n|faint|p1a: Ozai\n|\n|upkeep\n|\n|t:|1698643458\n|switch|p1a: Korra|Samurott-Hisui, F, shiny|100\/100\n|turn|4\n|c| Big Old Wang|The way I see it, Heatran is surrounded. What's under the ocean? That's right, more earth.\n|\n|t:|1698643472\n|switch|p2a: Roserade|Roserade, F|100\/100\n|move|p1a: Korra|Swords Dance|p1a: Korra\n|-boost|p1a: Korra|atk|2\n|\n|upkeep\n|turn|5\n|\n|t:|1698643498\n|move|p2a: Roserade|Leaf Storm|p1a: Korra\n|-supereffective|p1a: Korra\n|-enditem|p1a: Korra|Focus Sash\n|-damage|p1a: Korra|1\/100\n|-unboost|p2a: Roserade|spa|2\n|move|p1a: Korra|Ceaseless Edge|p2a: Roserade\n|-damage|p2a: Roserade|0 fnt\n|-sidestart|p2: applesaucem13|Spikes\n|faint|p2a: Roserade\n|\n|upkeep\n|\n|t:|1698643526\n|switch|p2a: Palafin|Palafin-Hero, F|100\/100\n|-damage|p2a: Palafin|88\/100|[from] Spikes\n|-activate|p2a: Palafin|ability: Zero to Hero\n|turn|6\n|\n|t:|1698643538\n|move|p1a: Korra|Aqua Jet|p2a: Palafin\n|-resisted|p2a: Palafin\n|-damage|p2a: Palafin|71\/100\n|move|p2a: Palafin|Flip Turn|p1a: Korra\n|-resisted|p1a: Korra\n|-damage|p1a: Korra|0 fnt\n|faint|p1a: Korra\n|-damage|p2a: Palafin|61\/100|[from] item: Life Orb\n|\n|t:|1698643546\n|switch|p2a: Toxtricity|Toxtricity, M|100\/100|[from] Flip Turn\n|-damage|p2a: Toxtricity|88\/100|[from] Spikes\n|\n|upkeep\n|\n|t:|1698643552\n|switch|p1a: Toph|Ogerpon, F|100\/100\n|turn|7\n|\n|t:|1698643562\n|move|p1a: Toph|U-turn|p2a: Toxtricity\n|-resisted|p2a: Toxtricity\n|-damage|p2a: Toxtricity|62\/100\n|\n|t:|1698643569\n|switch|p1a: Sokka|Cacturne, M|100\/100|[from] U-turn\n|move|p2a: Toxtricity|Shift Gear|p2a: Toxtricity\n|-boost|p2a: Toxtricity|spe|2\n|-boost|p2a: Toxtricity|atk|1\n|\n|upkeep\n|turn|8\n|\n|t:|1698643580\n|move|p2a: Toxtricity|Sludge Wave|p1a: Sokka\n|-supereffective|p1a: Sokka\n|-enditem|p1a: Sokka|Kebia Berry|[eat]\n|-enditem|p1a: Sokka|Kebia Berry|[weaken]\n|-damage|p1a: Sokka|47\/100\n|move|p1a: Sokka|Toxic Spikes|p2a: Toxtricity\n|-sidestart|p2: applesaucem13|move: Toxic Spikes\n|\n|upkeep\n|turn|9\n|\n|t:|1698643595\n|move|p2a: Toxtricity|Sludge Wave|p1a: Sokka\n|-supereffective|p1a: Sokka\n|-damage|p1a: Sokka|0 fnt\n|faint|p1a: Sokka\n|\n|upkeep\n|\n|t:|1698643601\n|switch|p1a: Zuko|Torkoal, M|100\/100\n|-weather|SunnyDay|[from] ability: Drought|[of] p1a: Zuko\n|turn|10\n|\n|t:|1698643614\n|move|p2a: Toxtricity|Boomburst|p1a: Zuko\n|-damage|p1a: Zuko|17\/100\n|-enditem|p2a: Toxtricity|Throat Spray\n|-boost|p2a: Toxtricity|spa|1|[from] item: Throat Spray\n|move|p1a: Zuko|Stealth Rock|p2a: Toxtricity\n|-sidestart|p2: applesaucem13|move: Stealth Rock\n|\n|-weather|SunnyDay|[upkeep]\n|upkeep\n|turn|11\n|\n|t:|1698643631\n|move|p2a: Toxtricity|Boomburst|p1a: Zuko\n|-damage|p1a: Zuko|0 fnt\n|faint|p1a: Zuko\n|\n|-weather|SunnyDay|[upkeep]\n|upkeep\n|\n|t:|1698643640\n|switch|p1a: Tenzin|Pidgeot, M|100\/100\n|turn|12\n|\n|t:|1698643668\n|detailschange|p1a: Tenzin|Pidgeot-Mega, M\n|-mega|p1a: Tenzin|Pidgeot|Pidgeotite\n|move|p2a: Toxtricity|Overdrive|p1a: Tenzin\n|-supereffective|p1a: Tenzin\n|-damage|p1a: Tenzin|0 fnt\n|faint|p1a: Tenzin\n|\n|-weather|SunnyDay|[upkeep]\n|upkeep\n|\n|t:|1698643675\n|switch|p1a: Toph|Ogerpon, F|100\/100\n|turn|13\n|\n|t:|1698643691\n|move|p2a: Toxtricity|Sludge Wave|p1a: Toph\n|-supereffective|p1a: Toph\n|-damage|p1a: Toph|0 fnt\n|faint|p1a: Toph\n|\n|win|applesaucem13\n|l| SaintZoroark\n","uploadtime":1698643751,"views":14,"p1id":"stanchyeti","p2id":"applesaucem13","formatid":"gen9nationaldexubers","rating":0,"private":0,"password":""}