{"id":"gen9nationaldexubers-1986345592","p1":"GEO-M0DE\ufe0f\ufe0f\ufe0f\ufe0f\ufe0f\u2734\ufe0f","p2":"Goh from JN","format":"[Gen 9] National Dex Ubers","log":"|j|\u2606GEO-M0DE\ufe0f\ufe0f\ufe0f\ufe0f\ufe0f\u2734\ufe0f\n|j|\u2606Goh from JN\n|t:|1699471082\n|gametype|singles\n|player|p1|GEO-M0DE\ufe0f\ufe0f\ufe0f\ufe0f\ufe0f\u2734\ufe0f|backpackerf|1106\n|player|p2|Goh from JN|aaron|1224\n|teamsize|p1|6\n|teamsize|p2|6\n|gen|9\n|tier|[Gen 9] National Dex Ubers\n|rated|\n|rule|HP Percentage Mod: HP is shown in percentages\n|rule|Endless Battle Clause: Forcing endless battles is banned\n|rule|OHKO Clause: OHKO moves are banned\n|rule|Evasion Moves Clause: Evasion moves are banned\n|rule|Evasion Items Clause: Evasion items are banned\n|rule|Species Clause: Limit one of each Pok\u00e9mon\n|rule|Sleep Clause Mod: Limit one foe put to sleep\n|rule|Mega Rayquaza Clause: You cannot mega evolve Rayquaza\n|clearpoke\n|poke|p1|Regirock|\n|poke|p1|Tyrantrum, M|\n|poke|p1|Hippowdon, M|\n|poke|p1|Lycanroc-Midnight, M|\n|poke|p1|Landorus, M|\n|poke|p1|Ursaluna, M|\n|poke|p2|Cinderace, F|\n|poke|p2|Inteleon, F|\n|poke|p2|Flygon, M|\n|poke|p2|Scizor, F|\n|poke|p2|Ferrothorn, F|\n|poke|p2|Regieleki|\n|teampreview\n|\n|t:|1699471091\n|start\n|switch|p1a: \u26f0\ufe0fHIPPOWDON\u26f0\ufe0f|Hippowdon, M|100\/100\n|switch|p2a: Scizor|Scizor, F|100\/100\n|-weather|Sandstorm|[from] ability: Sand Stream|[of] p1a: \u26f0\ufe0fHIPPOWDON\u26f0\ufe0f\n|turn|1\n|\n|t:|1699471101\n|detailschange|p2a: Scizor|Scizor-Mega, F\n|-mega|p2a: Scizor|Scizor|Scizorite\n|move|p2a: Scizor|Swords Dance|p2a: Scizor\n|-boost|p2a: Scizor|atk|2\n|move|p1a: \u26f0\ufe0fHIPPOWDON\u26f0\ufe0f|Earthquake|p2a: Scizor\n|-damage|p2a: Scizor|64\/100\n|\n|-weather|Sandstorm|[upkeep]\n|upkeep\n|turn|2\n|\n|t:|1699471113\n|move|p2a: Scizor|Swords Dance|p2a: Scizor\n|-boost|p2a: Scizor|atk|2\n|move|p1a: \u26f0\ufe0fHIPPOWDON\u26f0\ufe0f|Mud-Slap|p2a: Scizor\n|-damage|p2a: Scizor|59\/100\n|-unboost|p2a: Scizor|accuracy|1\n|\n|-weather|Sandstorm|[upkeep]\n|upkeep\n|turn|3\n|\n|t:|1699471122\n|move|p2a: Scizor|Trailblaze|p1a: \u26f0\ufe0fHIPPOWDON\u26f0\ufe0f\n|-supereffective|p1a: \u26f0\ufe0fHIPPOWDON\u26f0\ufe0f\n|-damage|p1a: \u26f0\ufe0fHIPPOWDON\u26f0\ufe0f|0 fnt\n|-boost|p2a: Scizor|spe|1\n|faint|p1a: \u26f0\ufe0fHIPPOWDON\u26f0\ufe0f\n|\n|-weather|Sandstorm|[upkeep]\n|upkeep\n|\n|t:|1699471131\n|switch|p1a: \ud83d\uddfb\ud83d\uddfbLANDORUS\ud83d\uddfb\ud83d\uddfb|Landorus, M|100\/100\n|turn|4\n|\n|t:|1699471136\n|-terastallize|p1a: \ud83d\uddfb\ud83d\uddfbLANDORUS\ud83d\uddfb\ud83d\uddfb|Ground\n|move|p2a: Scizor|Bullet Punch|p1a: \ud83d\uddfb\ud83d\uddfbLANDORUS\ud83d\uddfb\ud83d\uddfb|[miss]\n|-miss|p2a: Scizor|p1a: \ud83d\uddfb\ud83d\uddfbLANDORUS\ud83d\uddfb\ud83d\uddfb\n|move|p1a: \ud83d\uddfb\ud83d\uddfbLANDORUS\ud83d\uddfb\ud83d\uddfb|Earthquake|p2a: Scizor\n|-damage|p2a: Scizor|0 fnt\n|faint|p2a: Scizor\n|\n|-weather|Sandstorm|[upkeep]\n|upkeep\n|\n|t:|1699471145\n|switch|p2a: Ferrothorn|Ferrothorn, F|100\/100\n|turn|5\n|\n|t:|1699471149\n|move|p1a: \ud83d\uddfb\ud83d\uddfbLANDORUS\ud83d\uddfb\ud83d\uddfb|Earthquake|p2a: Ferrothorn\n|-damage|p2a: Ferrothorn|36\/100\n|move|p2a: Ferrothorn|Leech Seed|p1a: \ud83d\uddfb\ud83d\uddfbLANDORUS\ud83d\uddfb\ud83d\uddfb|[miss]\n|-miss|p2a: Ferrothorn|p1a: \ud83d\uddfb\ud83d\uddfbLANDORUS\ud83d\uddfb\ud83d\uddfb\n|\n|-weather|Sandstorm|[upkeep]\n|upkeep\n|turn|6\n|\n|t:|1699471157\n|move|p1a: \ud83d\uddfb\ud83d\uddfbLANDORUS\ud83d\uddfb\ud83d\uddfb|Earthquake|p2a: Ferrothorn\n|-damage|p2a: Ferrothorn|0 fnt\n|faint|p2a: Ferrothorn\n|\n|-weather|Sandstorm|[upkeep]\n|upkeep\n|\n|t:|1699471162\n|switch|p2a: Flygon|Flygon, M|100\/100\n|turn|7\n|\n|t:|1699471166\n|move|p1a: \ud83d\uddfb\ud83d\uddfbLANDORUS\ud83d\uddfb\ud83d\uddfb|Smack Down|p2a: Flygon\n|-resisted|p2a: Flygon\n|-damage|p2a: Flygon|86\/100\n|-start|p2a: Flygon|Smack Down\n|move|p2a: Flygon|Dragon Dance|p2a: Flygon\n|-boost|p2a: Flygon|atk|1\n|-boost|p2a: Flygon|spe|1\n|\n|-weather|Sandstorm|[upkeep]\n|upkeep\n|turn|8\n|\n|t:|1699471176\n|move|p2a: Flygon|Earthquake|p1a: \ud83d\uddfb\ud83d\uddfbLANDORUS\ud83d\uddfb\ud83d\uddfb\n|-damage|p1a: \ud83d\uddfb\ud83d\uddfbLANDORUS\ud83d\uddfb\ud83d\uddfb|16\/100\n|move|p1a: \ud83d\uddfb\ud83d\uddfbLANDORUS\ud83d\uddfb\ud83d\uddfb|Earthquake|p2a: Flygon\n|-damage|p2a: Flygon|0 fnt\n|faint|p2a: Flygon\n|\n|-weather|none\n|upkeep\n|\n|t:|1699471183\n|switch|p2a: Inteleon|Inteleon, F|100\/100\n|turn|9\n|\n|t:|1699471188\n|move|p2a: Inteleon|Snipe Shot|p1a: \ud83d\uddfb\ud83d\uddfbLANDORUS\ud83d\uddfb\ud83d\uddfb\n|-supereffective|p1a: \ud83d\uddfb\ud83d\uddfbLANDORUS\ud83d\uddfb\ud83d\uddfb\n|-crit|p1a: \ud83d\uddfb\ud83d\uddfbLANDORUS\ud83d\uddfb\ud83d\uddfb\n|-damage|p1a: \ud83d\uddfb\ud83d\uddfbLANDORUS\ud83d\uddfb\ud83d\uddfb|0 fnt\n|faint|p1a: \ud83d\uddfb\ud83d\uddfbLANDORUS\ud83d\uddfb\ud83d\uddfb\n|\n|upkeep\n|\n|t:|1699471194\n|switch|p1a: \ud83d\uddfb\ud83d\uddfbURSALUNA\ud83d\uddfb\ud83d\uddfb|Ursaluna, M|100\/100\n|turn|10\n|\n|t:|1699471198\n|move|p2a: Inteleon|Snipe Shot|p1a: \ud83d\uddfb\ud83d\uddfbURSALUNA\ud83d\uddfb\ud83d\uddfb\n|-supereffective|p1a: \ud83d\uddfb\ud83d\uddfbURSALUNA\ud83d\uddfb\ud83d\uddfb\n|-damage|p1a: \ud83d\uddfb\ud83d\uddfbURSALUNA\ud83d\uddfb\ud83d\uddfb|36\/100\n|move|p1a: \ud83d\uddfb\ud83d\uddfbURSALUNA\ud83d\uddfb\ud83d\uddfb|Headlong Rush|p2a: Inteleon\n|-damage|p2a: Inteleon|0 fnt\n|-unboost|p1a: \ud83d\uddfb\ud83d\uddfbURSALUNA\ud83d\uddfb\ud83d\uddfb|def|1\n|-unboost|p1a: \ud83d\uddfb\ud83d\uddfbURSALUNA\ud83d\uddfb\ud83d\uddfb|spd|1\n|faint|p2a: Inteleon\n|\n|upkeep\n|\n|t:|1699471211\n|switch|p2a: Cinderace|Cinderace, F|100\/100\n|turn|11\n|\n|t:|1699471214\n|move|p2a: Cinderace|Pyro Ball|p1a: \ud83d\uddfb\ud83d\uddfbURSALUNA\ud83d\uddfb\ud83d\uddfb\n|-immune|p1a: \ud83d\uddfb\ud83d\uddfbURSALUNA\ud83d\uddfb\ud83d\uddfb|[from] ability: Bulletproof\n|move|p1a: \ud83d\uddfb\ud83d\uddfbURSALUNA\ud83d\uddfb\ud83d\uddfb|Headlong Rush|p2a: Cinderace\n|-supereffective|p2a: Cinderace\n|-damage|p2a: Cinderace|0 fnt\n|-unboost|p1a: \ud83d\uddfb\ud83d\uddfbURSALUNA\ud83d\uddfb\ud83d\uddfb|def|1\n|-unboost|p1a: \ud83d\uddfb\ud83d\uddfbURSALUNA\ud83d\uddfb\ud83d\uddfb|spd|1\n|faint|p2a: Cinderace\n|\n|upkeep\n|-message|Goh from JN forfeited.\n|\n|win|GEO-M0DE\ufe0f\ufe0f\ufe0f\ufe0f\ufe0f\u2734\ufe0f\n|raw|GEO-M0DE\ufe0f\ufe0f\ufe0f\ufe0f\ufe0f\u2734\ufe0f's rating: 1106 &rarr; <strong>1139<\/strong><br \/>(+33 for winning)\n|raw|Goh from JN's rating: 1224 &rarr; <strong>1191<\/strong><br \/>(-33 for losing)\n|l|\u2606Goh from JN\n","uploadtime":1699471229,"views":5,"p1id":"geom0de","p2id":"gohfromjn","formatid":"gen9nationaldexubers","rating":1139,"private":0,"password":""}