{"id":"gen9nationaldexubers-1979320001","p1":"Tarizzler","p2":"KirbyWithAKnife_1","format":"[Gen 9] National Dex Ubers","log":"|j|\u2606Tarizzler\n|j|\u203dKirbyWithAKnife_1\n|t:|1698670837\n|gametype|singles\n|player|p1|Tarizzler|cheren|1238\n|player|p2|KirbyWithAKnife_1|biker-gen1|1205\n|teamsize|p1|6\n|teamsize|p2|6\n|gen|9\n|tier|[Gen 9] National Dex Ubers\n|rated|\n|rule|HP Percentage Mod: HP is shown in percentages\n|rule|Endless Battle Clause: Forcing endless battles is banned\n|rule|OHKO Clause: OHKO moves are banned\n|rule|Evasion Moves Clause: Evasion moves are banned\n|rule|Evasion Items Clause: Evasion items are banned\n|rule|Species Clause: Limit one of each Pok\u00e9mon\n|rule|Sleep Clause Mod: Limit one foe put to sleep\n|rule|Mega Rayquaza Clause: You cannot mega evolve Rayquaza\n|clearpoke\n|poke|p1|Tyrantrum, F|\n|poke|p1|Armarouge, F|\n|poke|p1|Weavile, M|\n|poke|p1|Salamence, F|\n|poke|p1|Kartana|\n|poke|p1|Klefki, M|\n|poke|p2|Kyogre|\n|poke|p2|Groudon|\n|poke|p2|Necrozma-Dusk-Mane|\n|poke|p2|Arceus|\n|poke|p2|Ho-Oh|\n|poke|p2|Lucario, M|\n|teampreview\n|inactive|Battle timer is ON: inactive players will automatically lose when time's up. (requested by Tarizzler)\n|\n|t:|1698670843\n|start\n|switch|p1a: Klefki|Klefki, M|100\/100\n|switch|p2a: Necrozma|Necrozma-Dusk-Mane|100\/100\n|turn|1\n|\n|t:|1698670849\n|switch|p2a: Groudon|Groudon|100\/100\n|detailschange|p2a: Groudon|Groudon-Primal\n|-primal|p2a: Groudon|Red Orb\n|-weather|DesolateLand|[from] ability: Desolate Land|[of] p2a: Groudon\n|move|p1a: Klefki|Light Screen|p1a: Klefki\n|-sidestart|p1: Tarizzler|move: Light Screen\n|\n|-weather|DesolateLand|[upkeep]\n|upkeep\n|turn|2\n|\n|t:|1698670858\n|move|p1a: Klefki|Reflect|p1a: Klefki\n|-sidestart|p1: Tarizzler|Reflect\n|move|p2a: Groudon|Stealth Rock|p1a: Klefki\n|-sidestart|p1: Tarizzler|move: Stealth Rock\n|\n|-weather|DesolateLand|[upkeep]\n|upkeep\n|turn|3\n|\n|t:|1698670870\n|switch|p1a: Armarouge|Armarouge, F|100\/100\n|-damage|p1a: Armarouge|76\/100|[from] Stealth Rock\n|move|p2a: Groudon|Precipice Blades|p1a: Armarouge\n|-supereffective|p1a: Armarouge\n|-damage|p1a: Armarouge|8\/100\n|-ability|p1a: Armarouge|Weak Armor|boost\n|-unboost|p1a: Armarouge|def|1\n|-boost|p1a: Armarouge|spe|2\n|\n|-weather|DesolateLand|[upkeep]\n|upkeep\n|turn|4\n|\n|t:|1698670885\n|move|p1a: Armarouge|Armor Cannon|p2a: Groudon\n|-resisted|p2a: Groudon\n|-damage|p2a: Groudon|68\/100\n|-unboost|p1a: Armarouge|def|1\n|-unboost|p1a: Armarouge|spd|1\n|move|p2a: Groudon|Toxic|p1a: Armarouge\n|-status|p1a: Armarouge|tox\n|\n|-weather|DesolateLand|[upkeep]\n|-damage|p1a: Armarouge|2\/100 tox|[from] psn\n|upkeep\n|turn|5\n|\n|t:|1698670911\n|-weather|none\n|switch|p2a: Kyogre|Kyogre|100\/100\n|detailschange|p2a: Kyogre|Kyogre-Primal\n|-primal|p2a: Kyogre|Blue Orb\n|-weather|PrimordialSea|[from] ability: Primordial Sea|[of] p2a: Kyogre\n|move|p1a: Armarouge|Armor Cannon||[still]\n|-fail|p1a: Armarouge|Armor Cannon|[from] Primordial Sea\n|\n|-weather|PrimordialSea|[upkeep]\n|-damage|p1a: Armarouge|0 fnt|[from] psn\n|faint|p1a: Armarouge\n|upkeep\n|\n|t:|1698670919\n|switch|p1a: Kartana|Kartana|100\/100\n|-damage|p1a: Kartana|94\/100|[from] Stealth Rock\n|turn|6\n|\n|t:|1698670929\n|-weather|none\n|switch|p2a: Ho-Oh|Ho-Oh|100\/100\n|move|p1a: Kartana|Swords Dance|p1a: Kartana\n|-boost|p1a: Kartana|atk|2\n|\n|upkeep\n|turn|7\n|\n|t:|1698670939\n|move|p1a: Kartana|Swords Dance|p1a: Kartana\n|-boost|p1a: Kartana|atk|2\n|move|p2a: Ho-Oh|Whirlwind|p1a: Kartana\n|drag|p1a: Weavile|Weavile, M|100\/100\n|-ability|p1a: Weavile|Pressure\n|\n|upkeep\n|turn|8\n|\n|t:|1698670948\n|move|p1a: Weavile|Fake Out|p2a: Ho-Oh\n|-crit|p2a: Ho-Oh\n|-damage|p2a: Ho-Oh|87\/100\n|cant|p2a: Ho-Oh|flinch\n|\n|-sideend|p1: Tarizzler|move: Light Screen\n|upkeep\n|turn|9\n|\n|t:|1698670955\n|move|p1a: Weavile|Swords Dance|p1a: Weavile\n|-boost|p1a: Weavile|atk|2\n|move|p2a: Ho-Oh|Toxic|p1a: Weavile\n|-status|p1a: Weavile|tox\n|\n|-damage|p1a: Weavile|94\/100 tox|[from] psn\n|-sideend|p1: Tarizzler|Reflect\n|upkeep\n|turn|10\n|\n|t:|1698670965\n|move|p1a: Weavile|Triple Axel|p2a: Ho-Oh\n|-damage|p2a: Ho-Oh|74\/100\n|-damage|p2a: Ho-Oh|48\/100\n|-damage|p2a: Ho-Oh|9\/100\n|-hitcount|p2a: Ho-Oh|3\n|move|p2a: Ho-Oh|Sacred Fire|p1a: Weavile\n|-supereffective|p1a: Weavile\n|-damage|p1a: Weavile|0 fnt\n|faint|p1a: Weavile\n|\n|upkeep\n|\n|t:|1698670977\n|switch|p1a: Klefki|Klefki, M|100\/100\n|-damage|p1a: Klefki|95\/100|[from] Stealth Rock\n|turn|11\n|\n|t:|1698670983\n|move|p1a: Klefki|Light Screen|p1a: Klefki\n|-sidestart|p1: Tarizzler|move: Light Screen\n|move|p2a: Ho-Oh|Sacred Fire|p1a: Klefki\n|-supereffective|p1a: Klefki\n|-damage|p1a: Klefki|22\/100\n|-status|p1a: Klefki|brn\n|\n|-damage|p1a: Klefki|16\/100 brn|[from] brn\n|upkeep\n|turn|12\n|\n|t:|1698670991\n|move|p1a: Klefki|Reflect|p1a: Klefki\n|-sidestart|p1: Tarizzler|Reflect\n|move|p2a: Ho-Oh|Defog|p1a: Klefki\n|-unboost|p1a: Klefki|evasion|1\n|-sideend|p1: Tarizzler|Reflect\n|-sideend|p1: Tarizzler|move: Light Screen\n|-sideend|p1: Tarizzler|Stealth Rock|[from] move: Defog|[of] p2a: Ho-Oh\n|\n|-damage|p1a: Klefki|10\/100 brn|[from] brn\n|upkeep\n|turn|13\n|\n|t:|1698671000\n|move|p1a: Klefki|Light Screen|p1a: Klefki\n|-sidestart|p1: Tarizzler|move: Light Screen\n|move|p2a: Ho-Oh|Whirlwind|p1a: Klefki\n|drag|p1a: Salamence|Salamence, F|100\/100\n|-ability|p1a: Salamence|Intimidate|boost\n|-unboost|p2a: Ho-Oh|atk|1\n|\n|upkeep\n|turn|14\n|\n|t:|1698671009\n|detailschange|p1a: Salamence|Salamence-Mega, F\n|-mega|p1a: Salamence|Salamence|Salamencite\n|move|p1a: Salamence|Tailwind|p1a: Salamence\n|-sidestart|p1: Tarizzler|move: Tailwind\n|move|p2a: Ho-Oh|Toxic|p1a: Salamence\n|-status|p1a: Salamence|tox\n|\n|-damage|p1a: Salamence|94\/100 tox|[from] psn\n|upkeep\n|turn|15\n|\n|t:|1698671020\n|switch|p2a: Kyogre|Kyogre-Primal|100\/100\n|-weather|PrimordialSea|[from] ability: Primordial Sea|[of] p2a: Kyogre\n|move|p1a: Salamence|Return|p2a: Kyogre\n|-crit|p2a: Kyogre\n|-damage|p2a: Kyogre|0 fnt\n|faint|p2a: Kyogre\n|-weather|none\n|\n|-damage|p1a: Salamence|82\/100 tox|[from] psn\n|upkeep\n|inactive|KirbyWithAKnife_1 has 120 seconds left.\n|\n|t:|1698671054\n|switch|p2a: Necrozma|Necrozma-Dusk-Mane|100\/100\n|turn|16\n|inactive|KirbyWithAKnife_1 has 120 seconds left.\n|\n|t:|1698671074\n|move|p1a: Salamence|Dragon Claw|p2a: Necrozma\n|-resisted|p2a: Necrozma\n|-damage|p2a: Necrozma|80\/100\n|move|p2a: Necrozma|Dragon Dance|p2a: Necrozma\n|-boost|p2a: Necrozma|atk|1\n|-boost|p2a: Necrozma|spe|1\n|\n|-damage|p1a: Salamence|64\/100 tox|[from] psn\n|upkeep\n|turn|17\n|inactive|KirbyWithAKnife_1 has 120 seconds left.\n|\n|t:|1698671092\n|move|p1a: Salamence|Return|p2a: Necrozma\n|-resisted|p2a: Necrozma\n|-damage|p2a: Necrozma|51\/100\n|move|p2a: Necrozma|Photon Geyser|p1a: Salamence\n|-damage|p1a: Salamence|2\/100 tox\n|\n|-damage|p1a: Salamence|0 fnt|[from] psn\n|faint|p1a: Salamence\n|-sideend|p1: Tarizzler|move: Tailwind\n|upkeep\n|\n|t:|1698671101\n|switch|p1a: Klefki|Klefki, M|10\/100 brn\n|turn|18\n|\n|t:|1698671106\n|detailschange|p2a: Necrozma|Necrozma-Ultra\n|-burst|p2a: Necrozma|Necrozma|Ultranecrozium Z\n|move|p1a: Klefki|Thunder Wave|p2a: Necrozma\n|-status|p2a: Necrozma|par\n|move|p2a: Necrozma|Photon Geyser|p1a: Klefki\n|-resisted|p1a: Klefki\n|-crit|p1a: Klefki\n|-damage|p1a: Klefki|0 fnt\n|faint|p1a: Klefki\n|\n|upkeep\n|\n|t:|1698671119\n|switch|p1a: Tyrantrum|Tyrantrum, F|100\/100\n|turn|19\n|\n|t:|1698671126\n|move|p2a: Necrozma|Earthquake|p1a: Tyrantrum\n|-supereffective|p1a: Tyrantrum\n|-damage|p1a: Tyrantrum|0 fnt\n|faint|p1a: Tyrantrum\n|\n|upkeep\n|\n|t:|1698671129\n|switch|p1a: Kartana|Kartana|94\/100\n|turn|20\n|\n|t:|1698671136\n|-terastallize|p1a: Kartana|Grass\n|move|p1a: Kartana|Leaf Blade|p2a: Necrozma\n|-resisted|p2a: Necrozma\n|-damage|p2a: Necrozma|10\/100 par\n|cant|p2a: Necrozma|par\n|\n|-sideend|p1: Tarizzler|move: Light Screen\n|upkeep\n|turn|21\n|\n|t:|1698671146\n|switch|p2a: Ho-Oh|Ho-Oh|43\/100\n|move|p1a: Kartana|Leaf Blade|p2a: Ho-Oh\n|-resisted|p2a: Ho-Oh\n|-damage|p2a: Ho-Oh|29\/100\n|\n|upkeep\n|turn|22\n|\n|t:|1698671157\n|move|p1a: Kartana|Protect|p1a: Kartana\n|-singleturn|p1a: Kartana|Protect\n|move|p2a: Ho-Oh|Sacred Fire|p1a: Kartana\n|-activate|p1a: Kartana|move: Protect\n|\n|upkeep\n|turn|23\n|\n|t:|1698671163\n|move|p1a: Kartana|Smart Strike|p2a: Ho-Oh\n|-resisted|p2a: Ho-Oh\n|-damage|p2a: Ho-Oh|13\/100\n|move|p2a: Ho-Oh|Sacred Fire|p1a: Kartana\n|-supereffective|p1a: Kartana\n|-damage|p1a: Kartana|10\/100\n|\n|upkeep\n|turn|24\n|\n|t:|1698671175\n|move|p1a: Kartana|Smart Strike|p2a: Ho-Oh\n|-resisted|p2a: Ho-Oh\n|-damage|p2a: Ho-Oh|0 fnt\n|faint|p2a: Ho-Oh\n|-ability|p1a: Kartana|Beast Boost|boost\n|-boost|p1a: Kartana|atk|1\n|\n|upkeep\n|\n|t:|1698671185\n|switch|p2a: Arceus|Arceus|100\/100\n|turn|25\n|\n|t:|1698671190\n|move|p2a: Arceus|Extreme Speed|p1a: Kartana\n|-damage|p1a: Kartana|0 fnt\n|faint|p1a: Kartana\n|\n|win|KirbyWithAKnife_1\n|raw|Tarizzler's rating: 1238 &rarr; <strong>1211<\/strong><br \/>(-27 for losing)\n|raw|KirbyWithAKnife_1's rating: 1205 &rarr; <strong>1232<\/strong><br \/>(+27 for winning)\n|l|\u2606Tarizzler\n","uploadtime":1698671198,"views":12,"p1id":"tarizzler","p2id":"kirbywithaknife1","formatid":"gen9nationaldexubers","rating":1211,"private":0,"password":""}