{"id":"gen9nationaldexubers-1983943334","p1":"nfyhsueryfgius","p2":"xinnobu","format":"[Gen 9] National Dex Ubers","log":"|j|\u2606nfyhsueryfgius\n|j|\u2606xinnobu\n|t:|1699202564\n|gametype|singles\n|player|p1|nfyhsueryfgius|ghetsis|1764\n|player|p2|xinnobu|elesa-gen5bw2|1747\n|teamsize|p1|6\n|teamsize|p2|6\n|gen|9\n|tier|[Gen 9] National Dex Ubers\n|rated|\n|rule|HP Percentage Mod: HP is shown in percentages\n|rule|Endless Battle Clause: Forcing endless battles is banned\n|rule|OHKO Clause: OHKO moves are banned\n|rule|Evasion Moves Clause: Evasion moves are banned\n|rule|Evasion Items Clause: Evasion items are banned\n|rule|Species Clause: Limit one of each Pok\u00e9mon\n|rule|Sleep Clause Mod: Limit one foe put to sleep\n|rule|Mega Rayquaza Clause: You cannot mega evolve Rayquaza\n|clearpoke\n|poke|p1|Eternatus|\n|poke|p1|Arceus-Ground|\n|poke|p1|Ho-Oh|\n|poke|p1|Groudon|\n|poke|p1|Yveltal|\n|poke|p1|Xerneas-*|\n|poke|p2|Arceus-Ground|\n|poke|p2|Xerneas-*|\n|poke|p2|Groudon|\n|poke|p2|Yveltal|\n|poke|p2|Kyogre|\n|poke|p2|Zacian-*|\n|teampreview\n|inactive|Battle timer is ON: inactive players will automatically lose when time's up. (requested by xinnobu)\n|\n|t:|1699202575\n|start\n|switch|p1a: Arceus|Arceus-Ground|100\/100\n|switch|p2a: Kyogre|Kyogre|100\/100\n|detailschange|p2a: Kyogre|Kyogre-Primal\n|-primal|p2a: Kyogre|Blue Orb\n|-weather|PrimordialSea|[from] ability: Primordial Sea|[of] p2a: Kyogre\n|turn|1\n|\n|t:|1699202582\n|switch|p1a: Groudon|Groudon|100\/100\n|detailschange|p1a: Groudon|Groudon-Primal\n|-primal|p1a: Groudon|Red Orb\n|-weather|DesolateLand|[from] ability: Desolate Land|[of] p1a: Groudon\n|move|p2a: Kyogre|Ice Beam|p1a: Groudon\n|-damage|p1a: Groudon|69\/100\n|\n|-weather|DesolateLand|[upkeep]\n|upkeep\n|turn|2\n|\n|t:|1699202590\n|switch|p2a: Yveltal|Yveltal|100\/100\n|-ability|p2a: Yveltal|Dark Aura\n|move|p1a: Groudon|Stealth Rock|p2a: Yveltal\n|-sidestart|p2: xinnobu|move: Stealth Rock\n|\n|-weather|DesolateLand|[upkeep]\n|upkeep\n|turn|3\n|j| APphi.\u70bd\n|\n|t:|1699202597\n|-weather|none\n|switch|p1a: Ho-Oh|Ho-Oh|100\/100\n|move|p2a: Yveltal|Oblivion Wing|p1a: Ho-Oh\n|-crit|p1a: Ho-Oh\n|-damage|p1a: Ho-Oh|58\/100\n|-damage|p2a: Yveltal|91\/100|[from] item: Life Orb\n|\n|upkeep\n|turn|4\n|\n|t:|1699202607\n|switch|p1a: Eternatus|Eternatus|100\/100\n|-ability|p1a: Eternatus|Pressure\n|move|p2a: Yveltal|Knock Off|p1a: Eternatus\n|-damage|p1a: Eternatus|49\/100\n|-damage|p2a: Yveltal|81\/100|[from] item: Life Orb\n|\n|upkeep\n|turn|5\n|\n|t:|1699202617\n|move|p2a: Yveltal|Sucker Punch|p1a: Eternatus\n|-damage|p1a: Eternatus|0 fnt\n|faint|p1a: Eternatus\n|-damage|p2a: Yveltal|71\/100|[from] item: Life Orb\n|\n|upkeep\n|\n|t:|1699202621\n|switch|p1a: Arceus|Arceus-Ground|100\/100\n|turn|6\n|\n|t:|1699202624\n|move|p1a: Arceus|Stone Edge|p2a: Yveltal\n|-supereffective|p2a: Yveltal\n|-damage|p2a: Yveltal|15\/100\n|move|p2a: Yveltal|Oblivion Wing|p1a: Arceus\n|-damage|p1a: Arceus|60\/100\n|-heal|p2a: Yveltal|45\/100|[from] drain|[of] p1a: Arceus\n|-damage|p2a: Yveltal|35\/100|[from] item: Life Orb\n|\n|upkeep\n|turn|7\n|\n|t:|1699202633\n|move|p1a: Arceus|Stone Edge|p2a: Yveltal\n|-supereffective|p2a: Yveltal\n|-damage|p2a: Yveltal|0 fnt\n|faint|p2a: Yveltal\n|\n|upkeep\n|\n|t:|1699202641\n|switch|p2a: Kyogre|Kyogre-Primal|100\/100\n|-damage|p2a: Kyogre|88\/100|[from] Stealth Rock\n|-weather|PrimordialSea|[from] ability: Primordial Sea|[of] p2a: Kyogre\n|turn|8\n|\n|t:|1699202647\n|move|p1a: Arceus|Earthquake|p2a: Kyogre\n|-damage|p2a: Kyogre|27\/100\n|move|p2a: Kyogre|Ice Beam|p1a: Arceus\n|-supereffective|p1a: Arceus\n|-damage|p1a: Arceus|0 fnt\n|faint|p1a: Arceus\n|\n|-weather|PrimordialSea|[upkeep]\n|upkeep\n|\n|t:|1699202650\n|switch|p1a: Yveltal|Yveltal|100\/100\n|-ability|p1a: Yveltal|Dark Aura\n|turn|9\n|\n|t:|1699202656\n|move|p1a: Yveltal|Foul Play|p2a: Kyogre\n|-damage|p2a: Kyogre|0 fnt\n|faint|p2a: Kyogre\n|-weather|none\n|\n|upkeep\n|\n|t:|1699202661\n|switch|p2a: Xerneas|Xerneas|100\/100\n|-damage|p2a: Xerneas|88\/100|[from] Stealth Rock\n|-ability|p2a: Xerneas|Fairy Aura\n|turn|10\n|\n|t:|1699202668\n|switch|p1a: Ho-Oh|Ho-Oh|92\/100\n|move|p2a: Xerneas|Moonblast|p1a: Ho-Oh\n|-resisted|p1a: Ho-Oh\n|-damage|p1a: Ho-Oh|75\/100\n|\n|upkeep\n|turn|11\n|\n|t:|1699202676\n|switch|p2a: Arceus|Arceus-Ground|100\/100\n|-damage|p2a: Arceus|94\/100|[from] Stealth Rock\n|move|p1a: Ho-Oh|Toxic|p2a: Arceus|[miss]\n|-miss|p1a: Ho-Oh|p2a: Arceus\n|\n|upkeep\n|turn|12\n|\n|t:|1699202683\n|move|p2a: Arceus|Taunt|p1a: Ho-Oh\n|-start|p1a: Ho-Oh|move: Taunt\n|cant|p1a: Ho-Oh|move: Taunt|Toxic\n|\n|upkeep\n|turn|13\n|\n|t:|1699202688\n|switch|p1a: Yveltal|Yveltal|100\/100\n|-ability|p1a: Yveltal|Dark Aura\n|move|p2a: Arceus|Stealth Rock|p1a: Yveltal\n|-sidestart|p1: nfyhsueryfgius|move: Stealth Rock\n|\n|upkeep\n|turn|14\n|\n|t:|1699202694\n|move|p2a: Arceus|Ice Beam|p1a: Yveltal\n|-supereffective|p1a: Yveltal\n|-damage|p1a: Yveltal|57\/100\n|move|p1a: Yveltal|Toxic|p2a: Arceus\n|-status|p2a: Arceus|tox\n|\n|-damage|p2a: Arceus|88\/100 tox|[from] psn\n|upkeep\n|turn|15\n|\n|t:|1699202702\n|move|p2a: Arceus|Taunt|p1a: Yveltal\n|-start|p1a: Yveltal|move: Taunt\n|cant|p1a: Yveltal|move: Taunt|Roost\n|\n|-damage|p2a: Arceus|76\/100 tox|[from] psn\n|upkeep\n|turn|16\n|\n|t:|1699202707\n|switch|p1a: Ho-Oh|Ho-Oh|100\/100\n|move|p2a: Arceus|Ice Beam|p1a: Ho-Oh\n|-crit|p1a: Ho-Oh\n|-damage|p1a: Ho-Oh|75\/100\n|\n|-damage|p2a: Arceus|58\/100 tox|[from] psn\n|upkeep\n|turn|17\n|\n|t:|1699202714\n|move|p2a: Arceus|Taunt|p1a: Ho-Oh\n|-start|p1a: Ho-Oh|move: Taunt\n|cant|p1a: Ho-Oh|move: Taunt|Whirlwind\n|\n|-damage|p2a: Arceus|34\/100 tox|[from] psn\n|upkeep\n|turn|18\n|\n|t:|1699202722\n|switch|p2a: Groudon|Groudon|100\/100\n|-damage|p2a: Groudon|94\/100|[from] Stealth Rock\n|detailschange|p2a: Groudon|Groudon-Primal\n|-primal|p2a: Groudon|Red Orb\n|-weather|DesolateLand|[from] ability: Desolate Land|[of] p2a: Groudon\n|move|p1a: Ho-Oh|Sacred Fire|p2a: Groudon\n|-resisted|p2a: Groudon\n|-damage|p2a: Groudon|77\/100\n|\n|-weather|DesolateLand|[upkeep]\n|upkeep\n|turn|19\n|j| 1 em trach thu\n|\n|t:|1699202731\n|switch|p1a: Yveltal|Yveltal|57\/100\n|-ability|p1a: Yveltal|Dark Aura\n|move|p2a: Groudon|Rock Polish|p2a: Groudon\n|-boost|p2a: Groudon|spe|2\n|\n|-weather|DesolateLand|[upkeep]\n|upkeep\n|turn|20\n|\n|t:|1699202738\n|move|p2a: Groudon|Heat Crash|p1a: Yveltal\n|-damage|p1a: Yveltal|0 fnt\n|faint|p1a: Yveltal\n|\n|-weather|DesolateLand|[upkeep]\n|upkeep\n|\n|t:|1699202743\n|switch|p1a: Ho-Oh|Ho-Oh|100\/100\n|turn|21\n|\n|t:|1699202752\n|switch|p1a: Groudon|Groudon-Primal|69\/100\n|-damage|p1a: Groudon|57\/100|[from] Stealth Rock\n|move|p2a: Groudon|Heat Crash|p1a: Groudon\n|-resisted|p1a: Groudon\n|-damage|p1a: Groudon|46\/100\n|\n|-weather|DesolateLand|[upkeep]\n|upkeep\n|turn|22\n|\n|t:|1699202758\n|switch|p1a: Ho-Oh|Ho-Oh|100\/100\n|move|p2a: Groudon|Precipice Blades|p1a: Ho-Oh\n|-immune|p1a: Ho-Oh\n|\n|-weather|DesolateLand|[upkeep]\n|upkeep\n|turn|23\n|\n|t:|1699202765\n|move|p2a: Groudon|Heat Crash|p1a: Ho-Oh\n|-resisted|p1a: Ho-Oh\n|-damage|p1a: Ho-Oh|57\/100\n|move|p1a: Ho-Oh|Whirlwind|p2a: Groudon\n|-weather|none\n|drag|p2a: Arceus|Arceus-Ground|34\/100 tox\n|-damage|p2a: Arceus|28\/100 tox|[from] Stealth Rock\n|\n|-damage|p2a: Arceus|22\/100 tox|[from] psn\n|upkeep\n|turn|24\n|\n|t:|1699202773\n|switch|p1a: Groudon|Groudon-Primal|46\/100\n|-damage|p1a: Groudon|34\/100|[from] Stealth Rock\n|-weather|DesolateLand|[from] ability: Desolate Land|[of] p1a: Groudon\n|move|p2a: Arceus|Taunt|p1a: Groudon\n|-start|p1a: Groudon|move: Taunt\n|\n|-weather|DesolateLand|[upkeep]\n|-damage|p2a: Arceus|10\/100 tox|[from] psn\n|upkeep\n|turn|25\n|\n|t:|1699202782\n|-weather|none\n|switch|p1a: Ho-Oh|Ho-Oh|90\/100\n|move|p2a: Arceus|Taunt|p1a: Ho-Oh\n|-start|p1a: Ho-Oh|move: Taunt\n|\n|-damage|p2a: Arceus|0 fnt|[from] psn\n|faint|p2a: Arceus\n|upkeep\n|\n|t:|1699202790\n|switch|p2a: Zacian|Zacian-Crowned|100\/100\n|-damage|p2a: Zacian|94\/100|[from] Stealth Rock\n|-ability|p2a: Zacian|Intrepid Sword|boost\n|-boost|p2a: Zacian|atk|1\n|turn|26\n|\n|t:|1699202800\n|-terastallize|p2a: Zacian|Fighting\n|move|p2a: Zacian|Swords Dance|p2a: Zacian\n|-boost|p2a: Zacian|atk|2\n|move|p1a: Ho-Oh|Sacred Fire|p2a: Zacian\n|-damage|p2a: Zacian|52\/100\n|\n|upkeep\n|turn|27\n|\n|t:|1699202808\n|move|p2a: Zacian|Wild Charge|p1a: Ho-Oh\n|-supereffective|p1a: Ho-Oh\n|-damage|p1a: Ho-Oh|0 fnt\n|faint|p1a: Ho-Oh\n|-damage|p2a: Zacian|24\/100|[from] Recoil\n|\n|upkeep\n|-message|nfyhsueryfgius forfeited.\n|\n|win|xinnobu\n|raw|nfyhsueryfgius's rating: 1764 &rarr; <strong>1743<\/strong><br \/>(-21 for losing)\n|raw|xinnobu's rating: 1747 &rarr; <strong>1768<\/strong><br \/>(+21 for winning)\n|l|\u2606nfyhsueryfgius\n|l| APphi.\u70bd\n|l|\u2606xinnobu\n","uploadtime":1699202817,"views":5,"p1id":"nfyhsueryfgius","p2id":"xinnobu","formatid":"gen9nationaldexubers","rating":1743,"private":0,"password":""}